{"id":"gen9ubers-1988327296","p1":"h2dk212","p2":"try12345","format":"[Gen 9] Ubers","log":"|j|\u2606h2dk212\n|j|\u2606try12345\n|t:|1699709114\n|gametype|singles\n|player|p1|h2dk212|punkgirl|1000\n|player|p2|try12345|1|1000\n|teamsize|p1|6\n|teamsize|p2|6\n|gen|9\n|tier|[Gen 9] Ubers\n|rated|\n|rule|Sleep Clause Mod: Limit one foe put to sleep\n|rule|Species Clause: Limit one of each Pok\u00e9mon\n|rule|OHKO Clause: OHKO moves are banned\n|rule|Evasion Items Clause: Evasion items are banned\n|rule|Evasion Moves Clause: Evasion moves are banned\n|rule|Endless Battle Clause: Forcing endless battles is banned\n|rule|HP Percentage Mod: HP is shown in percentages\n|clearpoke\n|poke|p1|Gengar, F|\n|poke|p1|Toxtricity, M|\n|poke|p1|Oricorio-Pom-Pom, F|\n|poke|p1|Raichu-Alola, F|\n|poke|p1|Skuntank, F|\n|poke|p1|Ambipom, F|\n|poke|p2|Ogerpon, F|\n|poke|p2|Volcarona, M|\n|poke|p2|Kingambit, M|\n|poke|p2|Urshifu-*, M|\n|poke|p2|Roaring Moon|\n|poke|p2|Koraidon|\n|teampreview\n|\n|t:|1699709132\n|start\n|switch|p1a: Raichu|Raichu-Alola, F|100\/100\n|switch|p2a: Urshifu|Urshifu, M|100\/100\n|turn|1\n|\n|t:|1699709152\n|move|p2a: Urshifu|Wicked Blow|p1a: Raichu\n|-supereffective|p1a: Raichu\n|-crit|p1a: Raichu\n|-damage|p1a: Raichu|0 fnt\n|faint|p1a: Raichu\n|\n|upkeep\n|\n|t:|1699709159\n|switch|p1a: Toxtricity|Toxtricity, M|100\/100\n|turn|2\n|\n|t:|1699709173\n|move|p2a: Urshifu|Substitute|p2a: Urshifu\n|-start|p2a: Urshifu|Substitute\n|-damage|p2a: Urshifu|76\/100\n|move|p1a: Toxtricity|Boomburst|p2a: Urshifu\n|-damage|p2a: Urshifu|6\/100\n|\n|upkeep\n|turn|3\n|\n|t:|1699709191\n|move|p2a: Urshifu|Wicked Blow|p1a: Toxtricity\n|-crit|p1a: Toxtricity\n|-damage|p1a: Toxtricity|7\/100\n|move|p1a: Toxtricity|Boomburst|p2a: Urshifu\n|-damage|p2a: Urshifu|0 fnt\n|faint|p2a: Urshifu\n|\n|upkeep\n|\n|t:|1699709208\n|switch|p2a: Volcarona|Volcarona, M|100\/100\n|turn|4\n|\n|t:|1699709216\n|move|p2a: Volcarona|Quiver Dance|p2a: Volcarona\n|-boost|p2a: Volcarona|spa|1\n|-boost|p2a: Volcarona|spd|1\n|-boost|p2a: Volcarona|spe|1\n|move|p1a: Toxtricity|Boomburst|p2a: Volcarona\n|-damage|p2a: Volcarona|71\/100\n|\n|upkeep\n|turn|5\n|\n|t:|1699709227\n|move|p2a: Volcarona|Psychic|p1a: Toxtricity\n|-supereffective|p1a: Toxtricity\n|-damage|p1a: Toxtricity|0 fnt\n|faint|p1a: Toxtricity\n|\n|upkeep\n|\n|t:|1699709236\n|switch|p1a: Oricorio|Oricorio-Pom-Pom, F|100\/100\n|turn|6\n|\n|t:|1699709243\n|move|p2a: Volcarona|Psychic|p1a: Oricorio\n|-damage|p1a: Oricorio|26\/100\n|move|p1a: Oricorio|Revelation Dance|p2a: Volcarona\n|-crit|p2a: Volcarona\n|-damage|p2a: Volcarona|31\/100\n|\n|upkeep\n|turn|7\n|\n|t:|1699709251\n|move|p2a: Volcarona|Psychic|p1a: Oricorio\n|-damage|p1a: Oricorio|0 fnt\n|faint|p1a: Oricorio\n|\n|upkeep\n|\n|t:|1699709254\n|switch|p1a: Gengar|Gengar, F|100\/100\n|turn|8\n|\n|t:|1699709262\n|move|p2a: Volcarona|Hurricane|p1a: Gengar\n|-damage|p1a: Gengar|11\/100\n|-start|p1a: Gengar|confusion\n|-activate|p1a: Gengar|confusion\n|move|p1a: Gengar|Dark Pulse|p2a: Volcarona\n|-damage|p2a: Volcarona|15\/100\n|-enditem|p2a: Volcarona|Salac Berry|[eat]\n|-boost|p2a: Volcarona|spe|1|[from] item: Salac Berry\n|\n|upkeep\n|turn|9\n|\n|t:|1699709272\n|move|p2a: Volcarona|Psychic|p1a: Gengar\n|-supereffective|p1a: Gengar\n|-damage|p1a: Gengar|0 fnt\n|-start|p2a: Volcarona|Disable|Psychic|[from] ability: Cursed Body|[of] p1a: Gengar\n|faint|p1a: Gengar\n|\n|upkeep\n|\n|t:|1699709279\n|switch|p1a: Skuntank|Skuntank, F|100\/100\n|turn|10\n|\n|t:|1699709284\n|move|p2a: Volcarona|Heat Wave|p1a: Skuntank\n|-damage|p1a: Skuntank|0 fnt\n|faint|p1a: Skuntank\n|\n|upkeep\n|\n|t:|1699709287\n|switch|p1a: Ambipom|Ambipom, F|100\/100\n|turn|11\n|\n|t:|1699709294\n|move|p2a: Volcarona|Heat Wave|p1a: Ambipom\n|-damage|p1a: Ambipom|0 fnt\n|faint|p1a: Ambipom\n|\n|win|try12345\n|raw|h2dk212's rating: 1000 &rarr; <strong>1000<\/strong><br \/>(+0 for losing)\n|raw|try12345's rating: 1000 &rarr; <strong>1040<\/strong><br \/>(+40 for winning)\n","uploadtime":1699709298,"views":5,"p1id":"h2dk212","p2id":"try12345","formatid":"gen9ubers","rating":1000,"private":0,"password":""}