{"id":"gen9ubers-1968202724","p1":"MrGregger2000","p2":"Aeirion","format":"[Gen 9] Ubers","log":"|j|\u2606MrGregger2000\n|j|\u2606Aeirion\n|t:|1697394436\n|gametype|singles\n|player|p1|MrGregger2000|ballguy|\n|player|p2|Aeirion|psychicf|\n|teamsize|p1|6\n|teamsize|p2|6\n|gen|9\n|tier|[Gen 9] Ubers\n|rule|Sleep Clause Mod: Limit one foe put to sleep\n|rule|Species Clause: Limit one of each Pok\u00e9mon\n|rule|OHKO Clause: OHKO moves are banned\n|rule|Evasion Items Clause: Evasion items are banned\n|rule|Evasion Moves Clause: Evasion moves are banned\n|rule|Endless Battle Clause: Forcing endless battles is banned\n|rule|HP Percentage Mod: HP is shown in percentages\n|clearpoke\n|poke|p1|Samurott-Hisui, F|\n|poke|p1|Gholdengo|\n|poke|p1|Ursaluna-Bloodmoon, M|\n|poke|p1|Zacian-*|\n|poke|p1|Landorus, M|\n|poke|p1|Cinderace, F|\n|poke|p2|Cyclizar, M|\n|poke|p2|Espathra, F|\n|poke|p2|Palkia-Origin|\n|poke|p2|Gliscor, F|\n|poke|p2|Gholdengo|\n|poke|p2|Dragapult, F|\n|teampreview\n|\n|t:|1697394456\n|start\n|switch|p1a: Samurott|Samurott-Hisui, F|100\/100\n|switch|p2a: Gliscor|Gliscor, F|100\/100\n|turn|1\n|\n|t:|1697394470\n|move|p1a: Samurott|Knock Off|p2a: Gliscor\n|-damage|p2a: Gliscor|73\/100\n|-enditem|p2a: Gliscor|Toxic Orb|[from] move: Knock Off|[of] p1a: Samurott\n|move|p2a: Gliscor|Toxic Spikes|p1a: Samurott\n|-sidestart|p1: MrGregger2000|move: Toxic Spikes\n|\n|upkeep\n|turn|2\n|\n|t:|1697394480\n|move|p1a: Samurott|Ceaseless Edge|p2a: Gliscor\n|-damage|p2a: Gliscor|48\/100\n|-sidestart|p2: Aeirion|Spikes\n|move|p2a: Gliscor|Toxic|p1a: Samurott\n|-status|p1a: Samurott|tox\n|\n|-damage|p1a: Samurott|94\/100 tox|[from] psn\n|upkeep\n|turn|3\n|\n|t:|1697394492\n|move|p2a: Gliscor|Protect|p2a: Gliscor\n|-singleturn|p2a: Gliscor|Protect\n|move|p1a: Samurott|Ceaseless Edge|p2a: Gliscor\n|-activate|p2a: Gliscor|move: Protect\n|\n|-damage|p1a: Samurott|82\/100 tox|[from] psn\n|upkeep\n|turn|4\n|\n|t:|1697394505\n|move|p1a: Samurott|Aqua Cutter|p2a: Gliscor\n|-supereffective|p2a: Gliscor\n|-damage|p2a: Gliscor|0 fnt\n|faint|p2a: Gliscor\n|\n|-damage|p1a: Samurott|63\/100 tox|[from] psn\n|upkeep\n|\n|t:|1697394509\n|switch|p2a: Espathra|Espathra, F|100\/100\n|-damage|p2a: Espathra|88\/100|[from] Spikes\n|turn|5\n|\n|t:|1697394515\n|-terastallize|p2a: Espathra|Fairy\n|move|p2a: Espathra|Calm Mind|p2a: Espathra\n|-boost|p2a: Espathra|spa|1\n|-boost|p2a: Espathra|spd|1\n|move|p1a: Samurott|Ceaseless Edge|p2a: Espathra|[miss]\n|-miss|p1a: Samurott|p2a: Espathra\n|\n|-heal|p2a: Espathra|94\/100|[from] item: Leftovers\n|-damage|p1a: Samurott|38\/100 tox|[from] psn\n|-ability|p2a: Espathra|Speed Boost|boost\n|-boost|p2a: Espathra|spe|1\n|upkeep\n|turn|6\n|\n|t:|1697394528\n|move|p2a: Espathra|Dazzling Gleam|p1a: Samurott\n|-supereffective|p1a: Samurott\n|-damage|p1a: Samurott|0 fnt\n|faint|p1a: Samurott\n|\n|-heal|p2a: Espathra|99\/100|[from] item: Leftovers\n|-ability|p2a: Espathra|Speed Boost|boost\n|-boost|p2a: Espathra|spe|1\n|upkeep\n|\n|t:|1697394542\n|switch|p1a: Gholdengo|Gholdengo|100\/100\n|-item|p1a: Gholdengo|Air Balloon\n|turn|7\n|\n|t:|1697394563\n|move|p2a: Espathra|Protect|p2a: Espathra\n|-singleturn|p2a: Espathra|Protect\n|move|p1a: Gholdengo|Make It Rain|p2a: Espathra\n|-activate|p2a: Espathra|move: Protect\n|\n|-heal|p2a: Espathra|100\/100|[from] item: Leftovers\n|-ability|p2a: Espathra|Speed Boost|boost\n|-boost|p2a: Espathra|spe|1\n|upkeep\n|turn|8\n|\n|t:|1697394576\n|move|p2a: Espathra|Calm Mind|p2a: Espathra\n|-boost|p2a: Espathra|spa|1\n|-boost|p2a: Espathra|spd|1\n|move|p1a: Gholdengo|Make It Rain|p2a: Espathra\n|-supereffective|p2a: Espathra\n|-damage|p2a: Espathra|13\/100\n|-unboost|p1a: Gholdengo|spa|1\n|\n|-heal|p2a: Espathra|20\/100|[from] item: Leftovers\n|-ability|p2a: Espathra|Speed Boost|boost\n|-boost|p2a: Espathra|spe|1\n|upkeep\n|turn|9\n|\n|t:|1697394582\n|move|p2a: Espathra|Protect|p2a: Espathra\n|-singleturn|p2a: Espathra|Protect\n|move|p1a: Gholdengo|Shadow Ball|p2a: Espathra\n|-activate|p2a: Espathra|move: Protect\n|\n|-heal|p2a: Espathra|26\/100|[from] item: Leftovers\n|-ability|p2a: Espathra|Speed Boost|boost\n|-boost|p2a: Espathra|spe|1\n|upkeep\n|turn|10\n|\n|t:|1697394587\n|move|p2a: Espathra|Stored Power|p1a: Gholdengo\n|-resisted|p1a: Gholdengo\n|-damage|p1a: Gholdengo|30\/100\n|-enditem|p1a: Gholdengo|Air Balloon\n|move|p1a: Gholdengo|Make It Rain|p2a: Espathra\n|-supereffective|p2a: Espathra\n|-damage|p2a: Espathra|0 fnt\n|-unboost|p1a: Gholdengo|spa|1\n|faint|p2a: Espathra\n|\n|upkeep\n|\n|t:|1697394603\n|switch|p2a: Cyclizar|Cyclizar, M|100\/100\n|turn|11\n|\n|t:|1697394612\n|move|p2a: Cyclizar|Knock Off|p1a: Gholdengo\n|-supereffective|p1a: Gholdengo\n|-damage|p1a: Gholdengo|0 fnt\n|faint|p1a: Gholdengo\n|\n|upkeep\n|\n|t:|1697394623\n|switch|p1a: Zacian|Zacian|100\/100\n|-ability|p1a: Zacian|Intrepid Sword|boost\n|-boost|p1a: Zacian|atk|1\n|turn|12\n|\n|t:|1697394645\n|move|p1a: Zacian|Play Rough|p2a: Cyclizar\n|-supereffective|p2a: Cyclizar\n|-damage|p2a: Cyclizar|0 fnt\n|faint|p2a: Cyclizar\n|\n|upkeep\n|\n|t:|1697394659\n|switch|p2a: Gholdengo|Gholdengo|100\/100\n|-damage|p2a: Gholdengo|88\/100|[from] Spikes\n|turn|13\n|\n|t:|1697394667\n|-terastallize|p1a: Zacian|Fire\n|move|p2a: Gholdengo|Make It Rain|p1a: Zacian\n|-resisted|p1a: Zacian\n|-damage|p1a: Zacian|69\/100\n|-unboost|p2a: Gholdengo|spa|1\n|move|p1a: Zacian|Tera Blast|p2a: Gholdengo|[anim] Tera Blast Fire\n|-supereffective|p2a: Gholdengo\n|-damage|p2a: Gholdengo|0 fnt\n|faint|p2a: Gholdengo\n|\n|upkeep\n|\n|t:|1697394670\n|switch|p2a: Palkia|Palkia-Origin|100\/100\n|-damage|p2a: Palkia|88\/100|[from] Spikes\n|-ability|p2a: Palkia|Pressure\n|turn|14\n|\n|t:|1697394676\n|move|p1a: Zacian|Play Rough|p2a: Palkia|[miss]\n|-miss|p1a: Zacian|p2a: Palkia\n|move|p2a: Palkia|Hydro Pump|p1a: Zacian\n|-supereffective|p1a: Zacian\n|-damage|p1a: Zacian|0 fnt\n|faint|p1a: Zacian\n|\n|upkeep\n|\n|t:|1697394695\n|switch|p1a: Landorus|Landorus, M|100\/100\n|turn|15\n|c|\u2606MrGregger2000|gg\n|\n|t:|1697394731\n|move|p2a: Palkia|Hydro Pump|p1a: Landorus\n|-supereffective|p1a: Landorus\n|-damage|p1a: Landorus|0 fnt\n|faint|p1a: Landorus\n|\n|upkeep\n|\n|t:|1697394734\n|switch|p1a: Cinderace|Cinderace, F|100\/100\n|turn|16\n|\n|t:|1697394738\n|move|p1a: Cinderace|Sucker Punch|p2a: Palkia\n|-start|p1a: Cinderace|typechange|Dark|[from] ability: Libero\n|-damage|p2a: Palkia|53\/100\n|move|p2a: Palkia|Hydro Pump|p1a: Cinderace\n|-damage|p1a: Cinderace|0 fnt\n|faint|p1a: Cinderace\n|\n|upkeep\n|\n|t:|1697394742\n|switch|p1a: Ursaluna|Ursaluna-Bloodmoon, M|100\/100\n|-status|p1a: Ursaluna|psn\n|turn|17\n|\n|t:|1697394745\n|move|p2a: Palkia|Hydro Pump|p1a: Ursaluna|[miss]\n|-miss|p2a: Palkia|p1a: Ursaluna\n|move|p1a: Ursaluna|Blood Moon|p2a: Palkia\n|-damage|p2a: Palkia|0 fnt\n|faint|p2a: Palkia\n|\n|-damage|p1a: Ursaluna|88\/100 psn|[from] psn\n|upkeep\n|\n|t:|1697394748\n|switch|p2a: Dragapult|Dragapult, F|100\/100\n|-damage|p2a: Dragapult|88\/100|[from] Spikes\n|turn|18\n|\n|t:|1697394752\n|move|p2a: Dragapult|Dragon Darts|p1a: Ursaluna\n|-damage|p1a: Ursaluna|71\/100 psn\n|-anim|p2a: Dragapult|Dragon Darts|p1a: Ursaluna\n|-damage|p1a: Ursaluna|54\/100 psn\n|-activate|p1a: Ursaluna|move: Struggle\n|move|p1a: Ursaluna|Struggle|p2a: Dragapult\n|-damage|p2a: Dragapult|79\/100\n|-damage|p1a: Ursaluna|28\/100 psn|[from] recoil\n|\n|-damage|p1a: Ursaluna|16\/100 psn|[from] psn\n|upkeep\n|turn|19\n|c|\u2606MrGregger2000|im so dumb holy shit\n|\n|t:|1697394760\n|move|p2a: Dragapult|Dragon Darts|p1a: Ursaluna\n|-damage|p1a: Ursaluna|0 fnt\n|faint|p1a: Ursaluna\n|\n|win|Aeirion\n|c|\u2606MrGregger2000|gg\n|c|\u2606Aeirion|Rippppp gg\n","uploadtime":1697394783,"views":29,"p1id":"mrgregger2000","p2id":"aeirion","formatid":"gen9ubers","rating":0,"private":0,"password":""}