{"id":"gen9ubers-1988915190","p1":"I like bug alots","p2":"Tyrax05","format":"[Gen 9] Ubers","log":"|j|\u2606I like bug alots\n|j|\u2606Tyrax05\n|t:|1699786971\n|gametype|singles\n|player|p1|I like bug alots|bugcatcher-gen4dp|1157\n|player|p2|Tyrax05|pokemonbreeder-gen4|1177\n|teamsize|p1|6\n|teamsize|p2|6\n|gen|9\n|tier|[Gen 9] Ubers\n|rated|\n|rule|Sleep Clause Mod: Limit one foe put to sleep\n|rule|Species Clause: Limit one of each Pok\u00e9mon\n|rule|OHKO Clause: OHKO moves are banned\n|rule|Evasion Items Clause: Evasion items are banned\n|rule|Evasion Moves Clause: Evasion moves are banned\n|rule|Endless Battle Clause: Forcing endless battles is banned\n|rule|HP Percentage Mod: HP is shown in percentages\n|clearpoke\n|poke|p1|Kingambit, M|\n|poke|p1|Miraidon|\n|poke|p1|Iron Moth|\n|poke|p1|Iron Bundle|\n|poke|p1|Regieleki|\n|poke|p1|Corviknight, F|\n|poke|p2|Palafin, M|\n|poke|p2|Kyogre|\n|poke|p2|Regieleki|\n|poke|p2|Miraidon|\n|poke|p2|Zacian-*|\n|poke|p2|Basculegion, M|\n|teampreview\n|c|\u2606Tyrax05|Good Fight\n|\n|t:|1699787001\n|start\n|switch|p1a: Miraidon|Miraidon|100\/100\n|switch|p2a: Palafin|Palafin, M|100\/100\n|-fieldstart|move: Electric Terrain|[from] ability: Hadron Engine|[of] p1a: Miraidon\n|turn|1\n|\n|t:|1699787015\n|detailschange|p2a: Palafin|Palafin-Hero, M\n|switch|p2a: Miraidon|Miraidon|100\/100\n|-activate|p2a: Miraidon|ability: Hadron Engine\n|move|p1a: Miraidon|U-turn|p2a: Miraidon\n|-damage|p2a: Miraidon|88\/100\n|\n|t:|1699787019\n|switch|p1a: Iron Bundle|Iron Bundle|100\/100|[from] U-turn\n|-activate|p1a: Iron Bundle|ability: Quark Drive\n|-start|p1a: Iron Bundle|quarkdrivespe\n|\n|upkeep\n|turn|2\n|\n|t:|1699787033\n|switch|p2a: Zacian|Zacian-Crowned|100\/100\n|-ability|p2a: Zacian|Intrepid Sword|boost\n|-boost|p2a: Zacian|atk|1\n|move|p1a: Iron Bundle|Freeze-Dry|p2a: Zacian\n|-resisted|p2a: Zacian\n|-damage|p2a: Zacian|84\/100\n|\n|upkeep\n|turn|3\n|\n|t:|1699787044\n|move|p1a: Iron Bundle|Hydro Pump|p2a: Zacian\n|-damage|p2a: Zacian|31\/100\n|move|p2a: Zacian|Play Rough|p1a: Iron Bundle\n|-damage|p1a: Iron Bundle|14\/100\n|\n|upkeep\n|turn|4\n|\n|t:|1699787067\n|move|p1a: Iron Bundle|Hydro Pump|p2a: Zacian\n|-damage|p2a: Zacian|0 fnt\n|faint|p2a: Zacian\n|\n|upkeep\n|\n|t:|1699787070\n|switch|p2a: Palafin|Palafin-Hero, M|100\/100\n|-activate|p2a: Palafin|ability: Zero to Hero\n|turn|5\n|\n|t:|1699787079\n|-end|p1a: Iron Bundle|Quark Drive|[silent]\n|switch|p1a: Corviknight|Corviknight, F|100\/100\n|-ability|p1a: Corviknight|Pressure\n|move|p2a: Palafin|Jet Punch|p1a: Corviknight\n|-damage|p1a: Corviknight|60\/100\n|\n|-heal|p1a: Corviknight|66\/100|[from] item: Leftovers\n|-fieldend|move: Electric Terrain\n|upkeep\n|turn|6\n|\n|t:|1699787083\n|switch|p2a: Kyogre|Kyogre|100\/100\n|-weather|RainDance|[from] ability: Drizzle|[of] p2a: Kyogre\n|move|p1a: Corviknight|U-turn|p2a: Kyogre\n|-damage|p2a: Kyogre|87\/100\n|-enditem|p2a: Kyogre|Eject Button\n|\n|t:|1699787101\n|switch|p2a: Palafin|Palafin-Hero, M|100\/100\n|\n|-weather|RainDance|[upkeep]\n|-heal|p1a: Corviknight|72\/100|[from] item: Leftovers\n|upkeep\n|turn|7\n|\n|t:|1699787110\n|-terastallize|p2a: Palafin|Water\n|move|p2a: Palafin|Jet Punch|p1a: Corviknight\n|-damage|p1a: Corviknight|0 fnt\n|faint|p1a: Corviknight\n|\n|-weather|RainDance|[upkeep]\n|upkeep\n|\n|t:|1699787120\n|switch|p1a: Miraidon|Miraidon|100\/100\n|-fieldstart|move: Electric Terrain|[from] ability: Hadron Engine|[of] p1a: Miraidon\n|turn|8\n|\n|t:|1699787138\n|switch|p2a: Regieleki|Regieleki|100\/100\n|move|p1a: Miraidon|Parabolic Charge|p2a: Regieleki\n|-resisted|p2a: Regieleki\n|-damage|p2a: Regieleki|52\/100\n|\n|-weather|RainDance|[upkeep]\n|upkeep\n|turn|9\n|\n|t:|1699787147\n|switch|p1a: Iron Moth|Iron Moth|100\/100\n|-activate|p1a: Iron Moth|ability: Quark Drive\n|-start|p1a: Iron Moth|quarkdrivespe\n|move|p2a: Regieleki|Explosion|p1a: Iron Moth\n|-damage|p1a: Iron Moth|15\/100\n|faint|p2a: Regieleki\n|\n|-weather|RainDance|[upkeep]\n|upkeep\n|\n|t:|1699787151\n|switch|p2a: Palafin|Palafin-Hero, M, tera:Water|100\/100\n|turn|10\n|\n|t:|1699787160\n|move|p2a: Palafin|Jet Punch|p1a: Iron Moth\n|-supereffective|p1a: Iron Moth\n|-damage|p1a: Iron Moth|0 fnt\n|faint|p1a: Iron Moth\n|-end|p1a: Iron Moth|Quark Drive|[silent]\n|\n|-weather|none\n|upkeep\n|\n|t:|1699787162\n|switch|p1a: Miraidon|Miraidon|100\/100\n|-activate|p1a: Miraidon|ability: Hadron Engine\n|turn|11\n|\n|t:|1699787171\n|switch|p2a: Miraidon|Miraidon|88\/100\n|-activate|p2a: Miraidon|ability: Hadron Engine\n|move|p1a: Miraidon|Draco Meteor|p2a: Miraidon\n|-supereffective|p2a: Miraidon\n|-damage|p2a: Miraidon|0 fnt\n|-unboost|p1a: Miraidon|spa|2\n|faint|p2a: Miraidon\n|\n|upkeep\n|\n|t:|1699787175\n|switch|p2a: Kyogre|Kyogre|87\/100\n|-weather|RainDance|[from] ability: Drizzle|[of] p2a: Kyogre\n|turn|12\n|\n|t:|1699787190\n|move|p1a: Miraidon|U-turn|p2a: Kyogre\n|-damage|p2a: Kyogre|76\/100\n|\n|t:|1699787193\n|switch|p1a: Iron Bundle|Iron Bundle|14\/100|[from] U-turn\n|-activate|p1a: Iron Bundle|ability: Quark Drive\n|-start|p1a: Iron Bundle|quarkdrivespe\n|move|p2a: Kyogre|Thunder|p1a: Iron Bundle\n|-supereffective|p1a: Iron Bundle\n|-damage|p1a: Iron Bundle|0 fnt\n|faint|p1a: Iron Bundle\n|-end|p1a: Iron Bundle|Quark Drive|[silent]\n|\n|-weather|RainDance|[upkeep]\n|-fieldend|move: Electric Terrain\n|upkeep\n|\n|t:|1699787197\n|switch|p1a: Miraidon|Miraidon|100\/100\n|-fieldstart|move: Electric Terrain|[from] ability: Hadron Engine|[of] p1a: Miraidon\n|turn|13\n|\n|t:|1699787212\n|move|p1a: Miraidon|Parabolic Charge|p2a: Kyogre\n|-supereffective|p2a: Kyogre\n|-damage|p2a: Kyogre|2\/100\n|move|p2a: Kyogre|Ice Beam|p1a: Miraidon\n|-supereffective|p1a: Miraidon\n|-damage|p1a: Miraidon|33\/100\n|\n|-weather|RainDance|[upkeep]\n|upkeep\n|turn|14\n|\n|t:|1699787218\n|move|p1a: Miraidon|Parabolic Charge|p2a: Kyogre\n|-supereffective|p2a: Kyogre\n|-damage|p2a: Kyogre|0 fnt\n|-heal|p1a: Miraidon|34\/100|[from] drain|[of] p2a: Kyogre\n|faint|p2a: Kyogre\n|\n|-weather|RainDance|[upkeep]\n|upkeep\n|\n|t:|1699787220\n|switch|p2a: Basculegion|Basculegion, M|100\/100\n|turn|15\n|\n|t:|1699787225\n|switch|p1a: Kingambit|Kingambit, M|100\/100\n|-activate|p1a: Kingambit|ability: Supreme Overlord\n|-start|p1a: Kingambit|fallen3|[silent]\n|move|p2a: Basculegion|Last Respects|p1a: Kingambit\n|-resisted|p1a: Kingambit\n|-damage|p1a: Kingambit|47\/100\n|-damage|p2a: Basculegion|91\/100|[from] item: Life Orb\n|\n|-weather|RainDance|[upkeep]\n|upkeep\n|turn|16\n|\n|t:|1699787231\n|move|p1a: Kingambit|Sucker Punch|p2a: Basculegion\n|-supereffective|p2a: Basculegion\n|-damage|p2a: Basculegion|0 fnt\n|faint|p2a: Basculegion\n|\n|-weather|none\n|upkeep\n|\n|t:|1699787232\n|switch|p2a: Palafin|Palafin-Hero, M, tera:Water|100\/100\n|turn|17\n|\n|t:|1699787236\n|move|p2a: Palafin|Jet Punch|p1a: Kingambit\n|-damage|p1a: Kingambit|0 fnt\n|faint|p1a: Kingambit\n|-end|p1a: Kingambit|fallen3|[silent]\n|\n|-fieldend|move: Electric Terrain\n|upkeep\n|\n|t:|1699787240\n|switch|p1a: Regieleki|Regieleki|100\/100\n|turn|18\n|\n|t:|1699787243\n|move|p2a: Palafin|Jet Punch|p1a: Regieleki\n|-damage|p1a: Regieleki|0 fnt\n|faint|p1a: Regieleki\n|\n|upkeep\n|\n|t:|1699787247\n|switch|p1a: Miraidon|Miraidon|34\/100\n|-fieldstart|move: Electric Terrain|[from] ability: Hadron Engine|[of] p1a: Miraidon\n|turn|19\n|\n|t:|1699787249\n|move|p2a: Palafin|Jet Punch|p1a: Miraidon\n|-resisted|p1a: Miraidon\n|-crit|p1a: Miraidon\n|-damage|p1a: Miraidon|0 fnt\n|faint|p1a: Miraidon\n|\n|win|Tyrax05\n|raw|I like bug alots's rating: 1157 &rarr; <strong>1133<\/strong><br \/>(-24 for losing)\n|raw|Tyrax05's rating: 1177 &rarr; <strong>1201<\/strong><br \/>(+24 for winning)\n|c|\u2606Tyrax05|gg\n|l|\u2606I like bug alots\n","uploadtime":1699787259,"views":27,"p1id":"ilikebugalots","p2id":"tyrax05","formatid":"gen9ubers","rating":1133,"private":0,"password":""}