{"id":"gen9ubers-1992320112","p1":"Undead_Redhead","p2":"MessiMeli","format":"[Gen 9] Ubers","log":"|j|\u2606Undead_Redhead\n|j|\u2606MessiMeli\n|t:|1700174340\n|gametype|singles\n|player|p1|Undead_Redhead|flannery|\n|player|p2|MessiMeli|rocketgrunt|\n|teamsize|p1|6\n|teamsize|p2|6\n|gen|9\n|tier|[Gen 9] Ubers\n|rule|Sleep Clause Mod: Limit one foe put to sleep\n|rule|Species Clause: Limit one of each Pok\u00e9mon\n|rule|OHKO Clause: OHKO moves are banned\n|rule|Evasion Items Clause: Evasion items are banned\n|rule|Evasion Moves Clause: Evasion moves are banned\n|rule|Endless Battle Clause: Forcing endless battles is banned\n|rule|HP Percentage Mod: HP is shown in percentages\n|clearpoke\n|poke|p1|Landorus-Therian, M|\n|poke|p1|Volcanion|\n|poke|p1|Zapdos|\n|poke|p1|Meowscarada, M|\n|poke|p1|Trevenant, M|\n|poke|p1|Clefable, F|\n|poke|p2|Okidogi, M|\n|poke|p2|Jolteon, M|\n|poke|p2|Goodra-Hisui, M|\n|poke|p2|Cresselia, F|\n|poke|p2|Persian-Alola, F|\n|poke|p2|Ribombee, M|\n|teampreview\n|j| KaoVT\n|j| Superison\n|c|\u2606Undead_Redhead|Good luck <3\n|c|\u2606MessiMeli|glgl <3\n|j| hatev2\n|\n|t:|1700174422\n|start\n|switch|p1a: Landorus|Landorus-Therian, M|100\/100\n|switch|p2a: Persian-Noice|Persian-Alola, F|100\/100\n|-ability|p1a: Landorus|Intimidate|boost\n|-unboost|p2a: Persian-Noice|atk|1\n|turn|1\n|\n|t:|1700174439\n|move|p2a: Persian-Noice|Switcheroo|p1a: Landorus\n|-activate|p2a: Persian-Noice|move: Trick|[of] p1a: Landorus\n|-item|p1a: Landorus|Black Sludge|[from] move: Switcheroo\n|-item|p2a: Persian-Noice|Rocky Helmet|[from] move: Switcheroo\n|move|p1a: Landorus|Stealth Rock|p2a: Persian-Noice\n|-sidestart|p2: MessiMeli|move: Stealth Rock\n|\n|-damage|p1a: Landorus|88\/100|[from] item: Black Sludge\n|upkeep\n|turn|2\n|j| DivogoJota\n|j| iceberg149\n|\n|t:|1700174460\n|move|p2a: Persian-Noice|U-turn|p1a: Landorus\n|-resisted|p1a: Landorus\n|-damage|p1a: Landorus|85\/100\n|l| hatev2\n|\n|t:|1700174521\n|switch|p2a: Goodra|Goodra-Hisui, M|100\/100|[from] U-turn\n|-damage|p2a: Goodra|94\/100|[from] Stealth Rock\n|move|p1a: Landorus|U-turn|p2a: Goodra\n|-resisted|p2a: Goodra\n|-damage|p2a: Goodra|83\/100\n|\n|t:|1700174528\n|switch|p1a: Volcanion|Volcanion|100\/100|[from] U-turn\n|\n|upkeep\n|turn|3\n|l| iceberg149\n|j| iceberg149\n|\n|t:|1700174556\n|move|p1a: Volcanion|Steam Eruption|p2a: Goodra\n|-resisted|p2a: Goodra\n|-damage|p2a: Goodra|71\/100\n|-status|p2a: Goodra|brn\n|move|p2a: Goodra|Knock Off|p1a: Volcanion\n|-damage|p1a: Volcanion|88\/100\n|-enditem|p1a: Volcanion|Assault Vest|[from] move: Knock Off|[of] p2a: Goodra\n|\n|-damage|p2a: Goodra|65\/100 brn|[from] brn\n|upkeep\n|turn|4\n|\n|t:|1700174613\n|move|p1a: Volcanion|Earth Power|p2a: Goodra\n|-supereffective|p2a: Goodra\n|-damage|p2a: Goodra|39\/100 brn\n|move|p2a: Goodra|Earthquake|p1a: Volcanion\n|-supereffective|p1a: Volcanion\n|-damage|p1a: Volcanion|66\/100\n|\n|-damage|p2a: Goodra|33\/100 brn|[from] brn\n|upkeep\n|turn|5\n|\n|t:|1700174641\n|move|p1a: Volcanion|Flamethrower|p2a: Goodra\n|-crit|p2a: Goodra\n|-damage|p2a: Goodra|3\/100 brn\n|move|p2a: Goodra|Earthquake|p1a: Volcanion\n|-supereffective|p1a: Volcanion\n|-damage|p1a: Volcanion|43\/100\n|\n|-damage|p2a: Goodra|0 fnt|[from] brn\n|faint|p2a: Goodra\n|upkeep\n|\n|t:|1700174667\n|switch|p2a: Jolteon|Jolteon, M|100\/100\n|-damage|p2a: Jolteon|88\/100|[from] Stealth Rock\n|turn|6\n|\n|t:|1700174677\n|switch|p1a: Landorus|Landorus-Therian, M|85\/100\n|-ability|p1a: Landorus|Intimidate|boost\n|-unboost|p2a: Jolteon|atk|1\n|move|p2a: Jolteon|Volt Switch|p1a: Landorus\n|-immune|p1a: Landorus\n|\n|-damage|p1a: Landorus|72\/100|[from] item: Black Sludge\n|upkeep\n|turn|7\n|\n|t:|1700174688\n|-terastallize|p2a: Jolteon|Ice\n|move|p2a: Jolteon|Tera Blast|p1a: Landorus|[anim] Tera Blast Ice\n|-supereffective|p1a: Landorus\n|-damage|p1a: Landorus|0 fnt\n|faint|p1a: Landorus\n|-damage|p2a: Jolteon|78\/100|[from] item: Life Orb\n|\n|upkeep\n|\n|t:|1700174698\n|switch|p1a: Clefable|Clefable, F|100\/100\n|turn|8\n|\n|t:|1700174704\n|move|p2a: Jolteon|Volt Switch|p1a: Clefable\n|-damage|p1a: Clefable|73\/100\n|-damage|p2a: Jolteon|68\/100|[from] item: Life Orb\n|\n|t:|1700174717\n|switch|p2a: Persian-Noice|Persian-Alola, F|100\/100|[from] Volt Switch\n|-damage|p2a: Persian-Noice|88\/100|[from] Stealth Rock\n|move|p1a: Clefable|Knock Off|p2a: Persian-Noice\n|-resisted|p2a: Persian-Noice\n|-damage|p2a: Persian-Noice|80\/100\n|-enditem|p2a: Persian-Noice|Rocky Helmet|[from] move: Knock Off|[of] p1a: Clefable\n|\n|upkeep\n|turn|9\n|\n|t:|1700174753\n|move|p2a: Persian-Noice|Taunt|p1a: Clefable\n|-start|p1a: Clefable|move: Taunt\n|move|p1a: Clefable|Moonblast|p2a: Persian-Noice\n|-supereffective|p2a: Persian-Noice\n|-damage|p2a: Persian-Noice|0 fnt\n|faint|p2a: Persian-Noice\n|\n|upkeep\n|\n|t:|1700174764\n|switch|p2a: Okidogi|Okidogi, M|100\/100\n|-damage|p2a: Okidogi|94\/100|[from] Stealth Rock\n|turn|10\n|\n|t:|1700174780\n|move|p2a: Okidogi|Substitute|p2a: Okidogi\n|-start|p2a: Okidogi|Substitute\n|-damage|p2a: Okidogi|69\/100\n|move|p1a: Clefable|Moonblast|p2a: Okidogi\n|-end|p2a: Okidogi|Substitute\n|\n|-heal|p2a: Okidogi|75\/100|[from] item: Black Sludge\n|upkeep\n|turn|11\n|\n|t:|1700174792\n|move|p2a: Okidogi|Poison Fang|p1a: Clefable\n|-supereffective|p1a: Clefable\n|-damage|p1a: Clefable|7\/100\n|move|p1a: Clefable|Moonblast|p2a: Okidogi\n|-damage|p2a: Okidogi|35\/100\n|\n|-heal|p2a: Okidogi|41\/100|[from] item: Black Sludge\n|-end|p1a: Clefable|move: Taunt\n|upkeep\n|turn|12\n|j| hatev2\n|\n|t:|1700174803\n|move|p2a: Okidogi|Drain Punch|p1a: Clefable\n|-resisted|p1a: Clefable\n|-damage|p1a: Clefable|0 fnt\n|-heal|p2a: Okidogi|44\/100|[from] drain|[of] p1a: Clefable\n|faint|p1a: Clefable\n|\n|-heal|p2a: Okidogi|50\/100|[from] item: Black Sludge\n|upkeep\n|\n|t:|1700174852\n|switch|p1a: Zapdos|Zapdos|100\/100\n|turn|13\n|\n|t:|1700174871\n|switch|p2a: Cresselia|Cresselia, F|100\/100\n|-damage|p2a: Cresselia|88\/100|[from] Stealth Rock\n|move|p1a: Zapdos|Hurricane|p2a: Cresselia|[miss]\n|-miss|p1a: Zapdos|p2a: Cresselia\n|\n|upkeep\n|turn|14\n|\n|t:|1700174883\n|move|p1a: Zapdos|Thunder Wave|p2a: Cresselia\n|-status|p2a: Cresselia|par\n|move|p2a: Cresselia|Calm Mind|p2a: Cresselia\n|-boost|p2a: Cresselia|spa|1\n|-boost|p2a: Cresselia|spd|1\n|\n|upkeep\n|turn|15\n|\n|t:|1700174897\n|move|p1a: Zapdos|Volt Switch|p2a: Cresselia\n|-damage|p2a: Cresselia|74\/100 par\n|\n|t:|1700174902\n|switch|p1a: Volcanion|Volcanion|43\/100|[from] Volt Switch\n|cant|p2a: Cresselia|par\n|\n|upkeep\n|turn|16\n|\n|t:|1700174912\n|move|p1a: Volcanion|Steam Eruption|p2a: Cresselia\n|-damage|p2a: Cresselia|49\/100 par\n|move|p2a: Cresselia|Moonlight|p2a: Cresselia\n|-heal|p2a: Cresselia|98\/100 par\n|\n|upkeep\n|turn|17\n|\n|t:|1700174927\n|move|p1a: Volcanion|Steam Eruption|p2a: Cresselia\n|-damage|p2a: Cresselia|69\/100 par\n|move|p2a: Cresselia|Psyshock|p1a: Volcanion\n|-damage|p1a: Volcanion|11\/100\n|\n|upkeep\n|turn|18\n|\n|t:|1700174934\n|move|p1a: Volcanion|Steam Eruption|p2a: Cresselia\n|-damage|p2a: Cresselia|39\/100 par\n|move|p2a: Cresselia|Moonlight|p2a: Cresselia\n|-heal|p2a: Cresselia|89\/100 par\n|\n|upkeep\n|turn|19\n|\n|t:|1700174941\n|move|p1a: Volcanion|Steam Eruption|p2a: Cresselia|[miss]\n|-miss|p1a: Volcanion|p2a: Cresselia\n|cant|p2a: Cresselia|par\n|\n|upkeep\n|turn|20\n|\n|t:|1700174947\n|move|p1a: Volcanion|Steam Eruption|p2a: Cresselia\n|-crit|p2a: Cresselia\n|-damage|p2a: Cresselia|31\/100 par\n|move|p2a: Cresselia|Moonlight|p2a: Cresselia\n|-heal|p2a: Cresselia|81\/100 par\n|\n|upkeep\n|turn|21\n|c| KaoVT|good turn\n|\n|t:|1700174955\n|move|p1a: Volcanion|Steam Eruption|p2a: Cresselia\n|-damage|p2a: Cresselia|53\/100 par\n|move|p2a: Cresselia|Psyshock|p1a: Volcanion\n|-damage|p1a: Volcanion|0 fnt\n|faint|p1a: Volcanion\n|\n|upkeep\n|\n|t:|1700174967\n|switch|p1a: Meowscarada|Meowscarada, M|100\/100\n|turn|22\n|\n|t:|1700174978\n|move|p1a: Meowscarada|Knock Off|p2a: Cresselia\n|-start|p1a: Meowscarada|typechange|Dark|[from] ability: Protean\n|-supereffective|p2a: Cresselia\n|-enditem|p2a: Cresselia|Colbur Berry|[eat]\n|-enditem|p2a: Cresselia|Colbur Berry|[weaken]\n|-damage|p2a: Cresselia|28\/100 par\n|move|p2a: Cresselia|Moonlight|p2a: Cresselia\n|-heal|p2a: Cresselia|78\/100 par\n|\n|upkeep\n|turn|23\n|\n|t:|1700174995\n|move|p1a: Meowscarada|Knock Off|p2a: Cresselia\n|-supereffective|p2a: Cresselia\n|-crit|p2a: Cresselia\n|-damage|p2a: Cresselia|18\/100 par\n|move|p2a: Cresselia|Ice Beam|p1a: Meowscarada\n|-damage|p1a: Meowscarada|53\/100\n|\n|upkeep\n|turn|24\n|\n|t:|1700175019\n|move|p1a: Meowscarada|Knock Off|p2a: Cresselia\n|-supereffective|p2a: Cresselia\n|-damage|p2a: Cresselia|0 fnt\n|faint|p2a: Cresselia\n|\n|upkeep\n|\n|t:|1700175025\n|switch|p2a: Ribombee|Ribombee, M|100\/100\n|-damage|p2a: Ribombee|76\/100|[from] Stealth Rock\n|turn|25\n|\n|t:|1700175034\n|switch|p1a: Zapdos|Zapdos|100\/100\n|move|p2a: Ribombee|Draining Kiss|p1a: Zapdos\n|-damage|p1a: Zapdos|80\/100\n|-heal|p2a: Ribombee|98\/100|[from] drain|[of] p1a: Zapdos\n|\n|upkeep\n|turn|26\n|\n|t:|1700175043\n|move|p2a: Ribombee|Sticky Web|p1a: Zapdos\n|-sidestart|p1: Undead_Redhead|move: Sticky Web\n|move|p1a: Zapdos|Thunder Wave|p2a: Ribombee\n|-status|p2a: Ribombee|par\n|\n|upkeep\n|turn|27\n|\n|t:|1700175051\n|move|p1a: Zapdos|Hurricane|p2a: Ribombee\n|-supereffective|p2a: Ribombee\n|-damage|p2a: Ribombee|0 fnt\n|faint|p2a: Ribombee\n|\n|upkeep\n|\n|t:|1700175057\n|switch|p2a: Jolteon|Jolteon, M, tera:Ice|68\/100\n|-damage|p2a: Jolteon|44\/100|[from] Stealth Rock\n|turn|28\n|\n|t:|1700175072\n|switch|p1a: Meowscarada|Meowscarada, M|53\/100\n|-activate|p1a: Meowscarada|move: Sticky Web\n|-unboost|p1a: Meowscarada|spe|1\n|move|p2a: Jolteon|Tera Blast|p1a: Meowscarada|[anim] Tera Blast Ice\n|-supereffective|p1a: Meowscarada\n|-crit|p1a: Meowscarada\n|-damage|p1a: Meowscarada|0 fnt\n|faint|p1a: Meowscarada\n|-damage|p2a: Jolteon|34\/100|[from] item: Life Orb\n|\n|upkeep\n|\n|t:|1700175086\n|switch|p1a: Trevenant|Trevenant, M|100\/100\n|-activate|p1a: Trevenant|move: Sticky Web\n|-unboost|p1a: Trevenant|spe|1\n|turn|29\n|\n|t:|1700175133\n|move|p1a: Trevenant|Protect|p1a: Trevenant\n|-singleturn|p1a: Trevenant|Protect\n|move|p2a: Jolteon|Tera Blast|p1a: Trevenant|[anim] Tera Blast Ice\n|-activate|p1a: Trevenant|move: Protect\n|\n|upkeep\n|turn|30\n|\n|t:|1700175152\n|-terastallize|p1a: Trevenant|Water\n|move|p2a: Jolteon|Tera Blast|p1a: Trevenant|[anim] Tera Blast Ice\n|-resisted|p1a: Trevenant\n|-damage|p1a: Trevenant|82\/100\n|-damage|p2a: Jolteon|24\/100|[from] item: Life Orb\n|move|p1a: Trevenant|Leech Seed|p2a: Jolteon\n|-start|p2a: Jolteon|move: Leech Seed\n|\n|-damage|p2a: Jolteon|12\/100|[from] Leech Seed|[of] p1a: Trevenant\n|-heal|p1a: Trevenant|91\/100|[silent]\n|upkeep\n|turn|31\n|\n|t:|1700175163\n|move|p1a: Trevenant|Protect|p1a: Trevenant\n|-singleturn|p1a: Trevenant|Protect\n|move|p2a: Jolteon|Thunderbolt|p1a: Trevenant\n|-activate|p1a: Trevenant|move: Protect\n|\n|-damage|p2a: Jolteon|0 fnt|[from] Leech Seed|[of] p1a: Trevenant\n|-heal|p1a: Trevenant|99\/100|[silent]\n|faint|p2a: Jolteon\n|upkeep\n|\n|t:|1700175166\n|switch|p2a: Okidogi|Okidogi, M|50\/100\n|-damage|p2a: Okidogi|44\/100|[from] Stealth Rock\n|turn|32\n|\n|t:|1700175180\n|move|p2a: Okidogi|Drain Punch|p1a: Trevenant\n|-damage|p1a: Trevenant|47\/100\n|-heal|p2a: Okidogi|70\/100|[from] drain|[of] p1a: Trevenant\n|-enditem|p1a: Trevenant|Sitrus Berry|[eat]\n|-heal|p1a: Trevenant|72\/100|[from] item: Sitrus Berry\n|move|p1a: Trevenant|Leech Seed|p2a: Okidogi\n|-start|p2a: Okidogi|move: Leech Seed\n|\n|-heal|p2a: Okidogi|76\/100|[from] item: Black Sludge\n|-damage|p2a: Okidogi|64\/100|[from] Leech Seed|[of] p1a: Trevenant\n|-heal|p1a: Trevenant|85\/100|[silent]\n|-item|p1a: Trevenant|Sitrus Berry|[from] ability: Harvest\n|upkeep\n|turn|33\n|\n|t:|1700175194\n|move|p2a: Okidogi|Bulk Up|p2a: Okidogi\n|-boost|p2a: Okidogi|atk|1\n|-boost|p2a: Okidogi|def|1\n|move|p1a: Trevenant|Substitute|p1a: Trevenant\n|-start|p1a: Trevenant|Substitute\n|-damage|p1a: Trevenant|60\/100\n|\n|-heal|p2a: Okidogi|70\/100|[from] item: Black Sludge\n|-damage|p2a: Okidogi|57\/100|[from] Leech Seed|[of] p1a: Trevenant\n|-heal|p1a: Trevenant|72\/100|[silent]\n|upkeep\n|turn|34\n|\n|t:|1700175205\n|move|p1a: Trevenant|Protect|p1a: Trevenant\n|-singleturn|p1a: Trevenant|Protect\n|move|p2a: Okidogi|Substitute|p2a: Okidogi\n|-start|p2a: Okidogi|Substitute\n|-damage|p2a: Okidogi|32\/100\n|\n|-heal|p2a: Okidogi|38\/100|[from] item: Black Sludge\n|-damage|p2a: Okidogi|26\/100|[from] Leech Seed|[of] p1a: Trevenant\n|-heal|p1a: Trevenant|85\/100|[silent]\n|upkeep\n|turn|35\n|\n|t:|1700175215\n|move|p2a: Okidogi|Drain Punch|p1a: Trevenant\n|-end|p1a: Trevenant|Substitute\n|-heal|p2a: Okidogi|38\/100|[from] drain|[of] p1a: Trevenant\n|move|p1a: Trevenant|Horn Leech|p2a: Okidogi\n|-resisted|p2a: Okidogi\n|-activate|p2a: Okidogi|move: Substitute|[damage]\n|-heal|p1a: Trevenant|89\/100|[from] drain|[of] p2a: Okidogi\n|\n|-heal|p2a: Okidogi|44\/100|[from] item: Black Sludge\n|-damage|p2a: Okidogi|32\/100|[from] Leech Seed|[of] p1a: Trevenant\n|-heal|p1a: Trevenant|100\/100|[silent]\n|upkeep\n|turn|36\n|\n|t:|1700175229\n|move|p1a: Trevenant|Protect|p1a: Trevenant\n|-singleturn|p1a: Trevenant|Protect\n|move|p2a: Okidogi|Drain Punch|p1a: Trevenant\n|-activate|p1a: Trevenant|move: Protect\n|\n|-heal|p2a: Okidogi|38\/100|[from] item: Black Sludge\n|-damage|p2a: Okidogi|26\/100|[from] Leech Seed|[of] p1a: Trevenant\n|upkeep\n|turn|37\n|\n|t:|1700175240\n|move|p2a: Okidogi|Drain Punch|p1a: Trevenant\n|-damage|p1a: Trevenant|25\/100\n|-heal|p2a: Okidogi|63\/100|[from] drain|[of] p1a: Trevenant\n|-enditem|p1a: Trevenant|Sitrus Berry|[eat]\n|-heal|p1a: Trevenant|50\/100|[from] item: Sitrus Berry\n|move|p1a: Trevenant|Horn Leech|p2a: Okidogi\n|-resisted|p2a: Okidogi\n|-activate|p2a: Okidogi|move: Substitute|[damage]\n|-heal|p1a: Trevenant|54\/100|[from] drain|[of] p2a: Okidogi\n|\n|-heal|p2a: Okidogi|69\/100|[from] item: Black Sludge\n|-damage|p2a: Okidogi|56\/100|[from] Leech Seed|[of] p1a: Trevenant\n|-heal|p1a: Trevenant|67\/100|[silent]\n|-item|p1a: Trevenant|Sitrus Berry|[from] ability: Harvest\n|upkeep\n|turn|38\n|\n|t:|1700175257\n|move|p1a: Trevenant|Protect|p1a: Trevenant\n|-singleturn|p1a: Trevenant|Protect\n|move|p2a: Okidogi|Drain Punch|p1a: Trevenant\n|-activate|p1a: Trevenant|move: Protect\n|\n|-heal|p2a: Okidogi|62\/100|[from] item: Black Sludge\n|-damage|p2a: Okidogi|50\/100|[from] Leech Seed|[of] p1a: Trevenant\n|-heal|p1a: Trevenant|80\/100|[silent]\n|upkeep\n|turn|39\n|\n|t:|1700175272\n|move|p2a: Okidogi|Drain Punch|p1a: Trevenant\n|-damage|p1a: Trevenant|10\/100\n|-heal|p2a: Okidogi|84\/100|[from] drain|[of] p1a: Trevenant\n|-status|p1a: Trevenant|tox|[from] ability: Toxic Chain|[of] p2a: Okidogi\n|-enditem|p1a: Trevenant|Sitrus Berry|[eat]\n|-heal|p1a: Trevenant|35\/100 tox|[from] item: Sitrus Berry\n|move|p1a: Trevenant|Horn Leech|p2a: Okidogi\n|-resisted|p2a: Okidogi\n|-activate|p2a: Okidogi|move: Substitute|[damage]\n|-heal|p1a: Trevenant|39\/100 tox|[from] drain|[of] p2a: Okidogi\n|\n|-heal|p2a: Okidogi|90\/100|[from] item: Black Sludge\n|-damage|p2a: Okidogi|78\/100|[from] Leech Seed|[of] p1a: Trevenant\n|-heal|p1a: Trevenant|51\/100 tox|[silent]\n|-damage|p1a: Trevenant|45\/100 tox|[from] psn\n|upkeep\n|turn|40\n|\n|t:|1700175302\n|move|p1a: Trevenant|Protect|p1a: Trevenant\n|-singleturn|p1a: Trevenant|Protect\n|move|p2a: Okidogi|Drain Punch|p1a: Trevenant\n|-activate|p1a: Trevenant|move: Protect\n|\n|-heal|p2a: Okidogi|84\/100|[from] item: Black Sludge\n|-damage|p2a: Okidogi|71\/100|[from] Leech Seed|[of] p1a: Trevenant\n|-heal|p1a: Trevenant|58\/100 tox|[silent]\n|-damage|p1a: Trevenant|45\/100 tox|[from] psn\n|-item|p1a: Trevenant|Sitrus Berry|[from] ability: Harvest\n|upkeep\n|-enditem|p1a: Trevenant|Sitrus Berry|[eat]\n|-heal|p1a: Trevenant|70\/100 tox|[from] item: Sitrus Berry\n|turn|41\n|\n|t:|1700175317\n|move|p2a: Okidogi|Drain Punch|p1a: Trevenant\n|-damage|p1a: Trevenant|0 fnt\n|-heal|p2a: Okidogi|100\/100|[from] drain|[of] p1a: Trevenant\n|faint|p1a: Trevenant\n|\n|upkeep\n|\n|t:|1700175323\n|switch|p1a: Zapdos|Zapdos|80\/100\n|turn|42\n|\n|t:|1700175330\n|move|p1a: Zapdos|Volt Switch|p2a: Okidogi\n|-end|p2a: Okidogi|Substitute\n|move|p2a: Okidogi|Poison Fang|p1a: Zapdos\n|-damage|p1a: Zapdos|38\/100\n|\n|-damage|p2a: Okidogi|88\/100|[from] Leech Seed|[of] p1a: Zapdos\n|-heal|p1a: Zapdos|50\/100|[silent]\n|upkeep\n|turn|43\n|\n|t:|1700175360\n|move|p1a: Zapdos|Thunder Wave|p2a: Okidogi\n|-status|p2a: Okidogi|par\n|move|p2a: Okidogi|Poison Fang|p1a: Zapdos\n|-damage|p1a: Zapdos|15\/100\n|-status|p1a: Zapdos|tox\n|\n|-heal|p2a: Okidogi|94\/100 par|[from] item: Black Sludge\n|-damage|p2a: Okidogi|82\/100 par|[from] Leech Seed|[of] p1a: Zapdos\n|-heal|p1a: Zapdos|27\/100 tox|[silent]\n|-damage|p1a: Zapdos|21\/100 tox|[from] psn\n|upkeep\n|turn|44\n|\n|t:|1700175378\n|move|p1a: Zapdos|Roost|p1a: Zapdos\n|-heal|p1a: Zapdos|71\/100 tox\n|-singleturn|p1a: Zapdos|move: Roost\n|cant|p2a: Okidogi|par\n|\n|-heal|p2a: Okidogi|88\/100 par|[from] item: Black Sludge\n|-damage|p2a: Okidogi|75\/100 par|[from] Leech Seed|[of] p1a: Zapdos\n|-heal|p1a: Zapdos|83\/100 tox|[silent]\n|-damage|p1a: Zapdos|70\/100 tox|[from] psn\n|upkeep\n|turn|45\n|\n|t:|1700175392\n|move|p1a: Zapdos|Hurricane|p2a: Okidogi\n|-supereffective|p2a: Okidogi\n|-damage|p2a: Okidogi|0 fnt\n|faint|p2a: Okidogi\n|\n|win|Undead_Redhead\n|c|\u2606MessiMeli|ggs\n|c| DivogoJota|gg\n|l| hatev2\n|l| Superison\n|c|\u2606Undead_Redhead|GG :3\n|c| DivogoJota|exciting\n","uploadtime":1700175402,"views":47,"p1id":"undeadredhead","p2id":"messimeli","formatid":"gen9ubers","rating":0,"private":0,"password":""}