{"id":"gen9ubers-1981065191","p1":"uubers account","p2":"Leo Justice","format":"[Gen 9] Ubers","log":"|j|\u2606uubers account\n|j|\u2606Leo Justice\n|t:|1698860794\n|gametype|singles\n|player|p1|uubers account|2|\n|player|p2|Leo Justice|carmine|\n|teamsize|p1|6\n|teamsize|p2|6\n|gen|9\n|tier|[Gen 9] Ubers\n|rule|Sleep Clause Mod: Limit one foe put to sleep\n|rule|Species Clause: Limit one of each Pok\u00e9mon\n|rule|OHKO Clause: OHKO moves are banned\n|rule|Evasion Items Clause: Evasion items are banned\n|rule|Evasion Moves Clause: Evasion moves are banned\n|rule|Endless Battle Clause: Forcing endless battles is banned\n|rule|HP Percentage Mod: HP is shown in percentages\n|clearpoke\n|poke|p1|Dialga|\n|poke|p1|Magearna|\n|poke|p1|Arceus-Ghost|\n|poke|p1|Garganacl, F|\n|poke|p1|Shaymin-Sky|\n|poke|p1|Palafin, F|\n|poke|p2|Blissey, F|\n|poke|p2|Moltres|\n|poke|p2|Arceus-Poison|\n|poke|p2|Garganacl, M|\n|poke|p2|Magearna|\n|poke|p2|Cyclizar, M|\n|teampreview\n|c|\u2606uubers account|I'm scared\n|c|\u2606Leo Justice|gl\n|c|\u2606uubers account|u2\n|c|\u2606Leo Justice|you should be\n|\n|t:|1698860829\n|start\n|switch|p1a: Palafin|Palafin, F|100\/100\n|switch|p2a: Cyclizar|Cyclizar, M|100\/100\n|turn|1\n|\n|t:|1698860834\n|move|p2a: Cyclizar|Knock Off|p1a: Palafin\n|-damage|p1a: Palafin|76\/100\n|-enditem|p1a: Palafin|Choice Band|[from] move: Knock Off|[of] p2a: Cyclizar\n|move|p1a: Palafin|Flip Turn|p2a: Cyclizar\n|-resisted|p2a: Cyclizar\n|-damage|p2a: Cyclizar|83\/100\n|\n|t:|1698860839\n|detailschange|p1a: Palafin|Palafin-Hero, F\n|switch|p1a: Magearna|Magearna|100\/100|[from] Flip Turn\n|\n|upkeep\n|turn|2\n|\n|t:|1698860845\n|move|p2a: Cyclizar|Shed Tail|p2a: Cyclizar\n|-start|p2a: Cyclizar|Substitute|[from] move: Shed Tail\n|-damage|p2a: Cyclizar|33\/100\n|\n|t:|1698860849\n|switch|p2a: Magearna|Magearna|100\/100|[from] Shed Tail\n|move|p1a: Magearna|Spikes|p2a: Magearna\n|-sidestart|p2: Leo Justice|Spikes\n|\n|upkeep\n|turn|3\n|\n|t:|1698860855\n|move|p1a: Magearna|Spikes|p2a: Magearna\n|-sidestart|p2: Leo Justice|Spikes\n|move|p2a: Magearna|Spikes|p1a: Magearna\n|-sidestart|p1: uubers account|Spikes\n|\n|upkeep\n|turn|4\n|\n|t:|1698860861\n|move|p1a: Magearna|Spikes|p2a: Magearna\n|-sidestart|p2: Leo Justice|Spikes\n|move|p2a: Magearna|Spikes|p1a: Magearna\n|-sidestart|p1: uubers account|Spikes\n|\n|upkeep\n|turn|5\n|\n|t:|1698860866\n|move|p1a: Magearna|Encore|p2a: Magearna\n|-start|p2a: Magearna|Encore\n|move|p2a: Magearna|Spikes|p1a: Magearna\n|-sidestart|p1: uubers account|Spikes\n|\n|upkeep\n|turn|6\n|\n|t:|1698860871\n|switch|p2a: Cyclizar|Cyclizar, M|66\/100\n|switch|p1a: Garganacl|Garganacl, F|100\/100\n|-damage|p1a: Garganacl|75\/100|[from] Spikes\n|\n|-heal|p1a: Garganacl|82\/100|[from] item: Leftovers\n|upkeep\n|turn|7\n|\n|t:|1698860880\n|move|p2a: Cyclizar|Taunt|p1a: Garganacl\n|-start|p1a: Garganacl|move: Taunt\n|cant|p1a: Garganacl|move: Taunt|Stealth Rock\n|\n|-heal|p1a: Garganacl|88\/100|[from] item: Leftovers\n|upkeep\n|turn|8\n|\n|t:|1698860893\n|switch|p1a: Dialga|Dialga|100\/100\n|-damage|p1a: Dialga|75\/100|[from] Spikes\n|-ability|p1a: Dialga|Pressure\n|move|p2a: Cyclizar|Rapid Spin|p1a: Dialga\n|-resisted|p1a: Dialga\n|-damage|p1a: Dialga|69\/100\n|-boost|p2a: Cyclizar|spe|1\n|-sideend|p2: Leo Justice|Spikes|[from] move: Rapid Spin|[of] p2a: Cyclizar\n|\n|-heal|p1a: Dialga|75\/100|[from] item: Leftovers\n|upkeep\n|turn|9\n|c|\u2606uubers account|i forgor\n|c|\u2606uubers account|that that exists\n|\n|t:|1698860911\n|move|p2a: Cyclizar|Shed Tail|p2a: Cyclizar\n|-start|p2a: Cyclizar|Substitute|[from] move: Shed Tail\n|-damage|p2a: Cyclizar|16\/100\n|\n|t:|1698860914\n|switch|p2a: Magearna|Magearna|100\/100|[from] Shed Tail\n|move|p1a: Dialga|Draco Meteor|p2a: Magearna\n|-immune|p2a: Magearna\n|\n|-heal|p1a: Dialga|82\/100|[from] item: Leftovers\n|upkeep\n|turn|10\n|\n|t:|1698860919\n|move|p2a: Magearna|Encore|p1a: Dialga\n|-start|p1a: Dialga|Encore\n|move|p1a: Dialga|Draco Meteor|p2a: Magearna\n|-immune|p2a: Magearna\n|\n|-heal|p1a: Dialga|88\/100|[from] item: Leftovers\n|upkeep\n|turn|11\n|\n|t:|1698860927\n|switch|p1a: Garganacl|Garganacl, F|88\/100\n|-damage|p1a: Garganacl|63\/100|[from] Spikes\n|move|p2a: Magearna|Ice Beam|p1a: Garganacl\n|-damage|p1a: Garganacl|44\/100\n|\n|-heal|p1a: Garganacl|50\/100|[from] item: Leftovers\n|upkeep\n|turn|12\n|c|\u2606Leo Justice|swap to shaymin I dare you\n|\n|t:|1698860938\n|move|p2a: Magearna|Draining Kiss|p1a: Garganacl\n|-damage|p1a: Garganacl|36\/100\n|move|p1a: Garganacl|Salt Cure|p2a: Magearna\n|-resisted|p2a: Magearna\n|-activate|p2a: Magearna|move: Substitute|[damage]\n|\n|-heal|p1a: Garganacl|42\/100|[from] item: Leftovers\n|upkeep\n|turn|13\n|c|\u2606uubers account|I'm not dumb\n|\n|t:|1698860947\n|move|p2a: Magearna|Ice Beam|p1a: Garganacl\n|-damage|p1a: Garganacl|25\/100\n|move|p1a: Garganacl|Salt Cure|p2a: Magearna\n|-resisted|p2a: Magearna\n|-crit|p2a: Magearna\n|-activate|p2a: Magearna|move: Substitute|[damage]\n|\n|-heal|p1a: Garganacl|31\/100|[from] item: Leftovers\n|upkeep\n|turn|14\n|\n|t:|1698860954\n|move|p2a: Magearna|Ice Beam|p1a: Garganacl\n|-damage|p1a: Garganacl|14\/100\n|move|p1a: Garganacl|Salt Cure|p2a: Magearna\n|-resisted|p2a: Magearna\n|-activate|p2a: Magearna|move: Substitute|[damage]\n|\n|-heal|p1a: Garganacl|21\/100|[from] item: Leftovers\n|upkeep\n|turn|15\n|c|\u2606uubers account|how much helth does that sub have?\n|\n|t:|1698860968\n|move|p2a: Magearna|Ice Beam|p1a: Garganacl\n|-damage|p1a: Garganacl|5\/100\n|move|p1a: Garganacl|Recover|p1a: Garganacl\n|-heal|p1a: Garganacl|55\/100\n|\n|-heal|p1a: Garganacl|61\/100|[from] item: Leftovers\n|upkeep\n|turn|16\n|c|\u2606Leo Justice|Salt cure is a 40 base power move\n|\n|t:|1698860977\n|move|p2a: Magearna|Encore|p1a: Garganacl\n|-start|p1a: Garganacl|Encore\n|move|p1a: Garganacl|Recover|p1a: Garganacl\n|-heal|p1a: Garganacl|100\/100\n|\n|upkeep\n|turn|17\n|c|\u2606uubers account|I thought 3 with a crit could do it\n|c|\u2606Leo Justice|it deals 5.2-6.3%\n|c|\u2606Leo Justice|Accoding to calcdex\n|c|\u2606uubers account|oh shit it takes 5\n|c|\u2606Leo Justice|9.3% max in a crit\n|c|\u2606uubers account|dont mind me making a minor miscalculation\n|\n|t:|1698861035\n|switch|p1a: Dialga|Dialga|88\/100\n|-damage|p1a: Dialga|63\/100|[from] Spikes\n|-ability|p1a: Dialga|Pressure\n|move|p2a: Magearna|Spikes||[still]\n|-fail|p2a: Magearna\n|\n|-heal|p1a: Dialga|69\/100|[from] item: Leftovers\n|upkeep\n|turn|18\n|\n|t:|1698861048\n|move|p1a: Dialga|Stealth Rock|p2a: Magearna\n|-sidestart|p2: Leo Justice|move: Stealth Rock\n|move|p2a: Magearna|Draining Kiss|p1a: Dialga\n|-damage|p1a: Dialga|55\/100\n|\n|-heal|p1a: Dialga|61\/100|[from] item: Leftovers\n|upkeep\n|turn|19\n|c|\u2606Leo Justice|Wait 2 stealth rockers?\n|\n|t:|1698861057\n|move|p2a: Magearna|Encore|p1a: Dialga\n|-start|p1a: Dialga|Encore\n|move|p1a: Dialga|Stealth Rock||[still]\n|-fail|p1a: Dialga\n|\n|-heal|p1a: Dialga|67\/100|[from] item: Leftovers\n|upkeep\n|turn|20\n|c|\u2606uubers account|possibly\n|c|\u2606uubers account|(no)\n|c|\u2606Leo Justice|Garg has SR\n|c|\u2606uubers account|I just used an advanced tactic called lying\n|\n|t:|1698861086\n|switch|p1a: Garganacl|Garganacl, F|100\/100\n|-damage|p1a: Garganacl|75\/100|[from] Spikes\n|switch|p2a: Cyclizar|Cyclizar, M|49\/100\n|\n|-heal|p1a: Garganacl|82\/100|[from] item: Leftovers\n|upkeep\n|turn|21\n|\n|t:|1698861099\n|move|p1a: Garganacl|Protect|p1a: Garganacl\n|-singleturn|p1a: Garganacl|Protect\n|move|p2a: Cyclizar|Knock Off|p1a: Garganacl\n|-activate|p1a: Garganacl|move: Protect\n|\n|-heal|p1a: Garganacl|88\/100|[from] item: Leftovers\n|upkeep\n|turn|22\n|\n|t:|1698861109\n|switch|p1a: Arceus|Arceus-Ghost|100\/100\n|-damage|p1a: Arceus|75\/100|[from] Spikes\n|move|p2a: Cyclizar|Knock Off|p1a: Arceus\n|-supereffective|p1a: Arceus\n|-damage|p1a: Arceus|54\/100\n|\n|upkeep\n|turn|23\n|\n|t:|1698861118\n|switch|p2a: Garganacl|Garganacl, M|100\/100\n|-damage|p2a: Garganacl|88\/100|[from] Stealth Rock\n|move|p1a: Arceus|Swords Dance|p1a: Arceus\n|-boost|p1a: Arceus|atk|2\n|\n|-heal|p2a: Garganacl|94\/100|[from] item: Leftovers\n|upkeep\n|turn|24\n|\n|t:|1698861123\n|move|p1a: Arceus|Recover|p1a: Arceus\n|-heal|p1a: Arceus|100\/100\n|move|p2a: Garganacl|Iron Defense|p2a: Garganacl\n|-boost|p2a: Garganacl|def|2\n|\n|-heal|p2a: Garganacl|100\/100|[from] item: Leftovers\n|upkeep\n|turn|25\n|\n|t:|1698861139\n|switch|p1a: Magearna|Magearna|100\/100\n|-damage|p1a: Magearna|75\/100|[from] Spikes\n|move|p2a: Garganacl|Salt Cure|p1a: Magearna\n|-resisted|p1a: Magearna\n|-damage|p1a: Magearna|71\/100\n|-start|p1a: Magearna|Salt Cure\n|\n|-heal|p1a: Magearna|77\/100|[from] item: Leftovers\n|-damage|p1a: Magearna|52\/100|[from] Salt Cure\n|upkeep\n|turn|26\n|\n|t:|1698861164\n|move|p1a: Magearna|Spikes|p2a: Garganacl\n|-sidestart|p2: Leo Justice|Spikes\n|move|p2a: Garganacl|Body Press|p1a: Magearna\n|-damage|p1a: Magearna|15\/100\n|\n|-heal|p1a: Magearna|21\/100|[from] item: Leftovers\n|-damage|p1a: Magearna|0 fnt|[from] Salt Cure\n|faint|p1a: Magearna\n|upkeep\n|\n|t:|1698861165\n|switch|p1a: Garganacl|Garganacl, F|88\/100\n|-damage|p1a: Garganacl|63\/100|[from] Spikes\n|turn|27\n|c|\u2606uubers account|wtf\n|c|\u2606uubers account|I didnt press anything\n|\n|t:|1698861205\n|-terastallize|p1a: Garganacl|Fairy\n|move|p2a: Garganacl|Body Press|p1a: Garganacl\n|-resisted|p1a: Garganacl\n|-damage|p1a: Garganacl|41\/100\n|move|p1a: Garganacl|Salt Cure|p2a: Garganacl\n|-crit|p2a: Garganacl\n|-damage|p2a: Garganacl|89\/100\n|-start|p2a: Garganacl|Salt Cure\n|\n|-heal|p1a: Garganacl|48\/100|[from] item: Leftovers\n|-heal|p2a: Garganacl|96\/100|[from] item: Leftovers\n|-damage|p2a: Garganacl|83\/100|[from] Salt Cure\n|upkeep\n|turn|28\n|\n|t:|1698861212\n|switch|p2a: Cyclizar|Cyclizar, M|82\/100\n|move|p1a: Garganacl|Recover|p1a: Garganacl\n|-heal|p1a: Garganacl|98\/100\n|\n|-heal|p1a: Garganacl|100\/100|[from] item: Leftovers\n|upkeep\n|turn|29\n|\n|t:|1698861221\n|move|p2a: Cyclizar|Rapid Spin|p1a: Garganacl\n|-damage|p1a: Garganacl|88\/100\n|-boost|p2a: Cyclizar|spe|1\n|-sideend|p2: Leo Justice|Spikes|[from] move: Rapid Spin|[of] p2a: Cyclizar\n|-sideend|p2: Leo Justice|Stealth Rock|[from] move: Rapid Spin|[of] p2a: Cyclizar\n|move|p1a: Garganacl|Salt Cure|p2a: Cyclizar\n|-damage|p2a: Cyclizar|61\/100\n|-start|p2a: Cyclizar|Salt Cure\n|\n|-heal|p1a: Garganacl|94\/100|[from] item: Leftovers\n|-damage|p2a: Cyclizar|49\/100|[from] Salt Cure\n|upkeep\n|turn|30\n|\n|t:|1698861234\n|switch|p2a: Arceus|Arceus-Poison|100\/100\n|move|p1a: Garganacl|Salt Cure|p2a: Arceus\n|-damage|p2a: Arceus|94\/100\n|-start|p2a: Arceus|Salt Cure\n|\n|-heal|p1a: Garganacl|99\/100|[from] item: Leftovers\n|-damage|p2a: Arceus|81\/100|[from] Salt Cure\n|upkeep\n|turn|31\n|c|\u2606Leo Justice|Quick question\n|c|\u2606uubers account|hit me\n|c|\u2606Leo Justice|nvm\n|c|\u2606uubers account|nah what was it\n|c|\u2606Leo Justice|I was thinking\n|c|\u2606uubers account|I put thi steam together in 2 minutes\n|c|\u2606Leo Justice|does purifying salt\n|c|\u2606Leo Justice|block like\n|c|\u2606Leo Justice|Perish song?\n|c|\u2606uubers account|no\n|c|\u2606Leo Justice|im running this Arceus to defeat Zacian\n|c|\u2606uubers account|only status\n|c|\u2606Leo Justice|so I have both Roar and Perish song\n|c|\u2606Leo Justice|for last mon scenarios\n|c|\u2606uubers account|perish song?\n|\n|t:|1698861308\n|switch|p2a: Cyclizar|Cyclizar, M|82\/100\n|move|p1a: Garganacl|Protect||[still]\n|-fail|p1a: Garganacl\n|\n|-heal|p1a: Garganacl|100\/100|[from] item: Leftovers\n|upkeep\n|turn|32\n|c|\u2606Leo Justice|yeah\n|c|\u2606uubers account|when is zac ever last mon?\n|\n|t:|1698861352\n|switch|p1a: Dialga|Dialga|67\/100\n|-damage|p1a: Dialga|42\/100|[from] Spikes\n|-ability|p1a: Dialga|Pressure\n|move|p2a: Cyclizar|Knock Off|p1a: Dialga\n|-crit|p1a: Dialga\n|-damage|p1a: Dialga|18\/100\n|-enditem|p1a: Dialga|Leftovers|[from] move: Knock Off|[of] p2a: Cyclizar\n|\n|upkeep\n|turn|33\n|c|\u2606Leo Justice|It could be\n|c|\u2606Leo Justice|Idk\n|c|\u2606Leo Justice|If someone saves it\n|c|\u2606Leo Justice|It also just\n|c|\u2606Leo Justice|helps against set up swepers in general\n|c|\u2606uubers account|I don't think that's the best way to beat zac with arceus\n|c|\u2606Leo Justice|Its mostly for set up sweepers\n|c|\u2606Leo Justice|like to beat them easily\n|c|\u2606Leo Justice|So I dont choke\n|c|\u2606Leo Justice|again\n|c|\u2606uubers account|I guess\n|\n|t:|1698861427\n|move|p2a: Cyclizar|Shed Tail|p2a: Cyclizar\n|-start|p2a: Cyclizar|Substitute|[from] move: Shed Tail\n|-damage|p2a: Cyclizar|32\/100\n|c|\u2606uubers account|again?\n|\n|t:|1698861430\n|switch|p2a: Magearna|Magearna|100\/100|[from] Shed Tail\n|move|p1a: Dialga|Roar|p2a: Magearna\n|drag|p2a: Blissey|Blissey, F|100\/100\n|\n|upkeep\n|turn|34\n|\n|t:|1698861439\n|move|p1a: Dialga|Stealth Rock|p2a: Blissey\n|-sidestart|p2: Leo Justice|move: Stealth Rock\n|move|p2a: Blissey|Stealth Rock|p1a: Dialga\n|-sidestart|p1: uubers account|move: Stealth Rock\n|\n|upkeep\n|turn|35\n|\n|t:|1698861445\n|move|p1a: Dialga|Stealth Rock||[still]\n|-fail|p1a: Dialga\n|move|p2a: Blissey|Thunder Wave|p1a: Dialga\n|-status|p1a: Dialga|par\n|\n|upkeep\n|turn|36\n|c|\u2606uubers account|misclick\n|\n|t:|1698861452\n|move|p2a: Blissey|Seismic Toss|p1a: Dialga\n|-damage|p1a: Dialga|0 fnt\n|faint|p1a: Dialga\n|\n|upkeep\n|c|\u2606uubers account|shit\n|\n|t:|1698861463\n|switch|p1a: Palafin|Palafin-Hero, F|76\/100\n|-damage|p1a: Palafin|51\/100|[from] Spikes\n|-damage|p1a: Palafin|38\/100|[from] Stealth Rock\n|-activate|p1a: Palafin|ability: Zero to Hero\n|turn|37\n|\n|t:|1698861473\n|switch|p2a: Arceus|Arceus-Poison|81\/100\n|-damage|p2a: Arceus|69\/100|[from] Stealth Rock\n|move|p1a: Palafin|Close Combat|p2a: Arceus\n|-resisted|p2a: Arceus\n|-damage|p2a: Arceus|56\/100\n|-unboost|p1a: Palafin|def|1\n|-unboost|p1a: Palafin|spd|1\n|\n|upkeep\n|turn|38\n|\n|t:|1698861482\n|switch|p1a: Arceus|Arceus-Ghost|100\/100\n|-damage|p1a: Arceus|75\/100|[from] Spikes\n|-damage|p1a: Arceus|63\/100|[from] Stealth Rock\n|move|p2a: Arceus|Recover|p2a: Arceus\n|-heal|p2a: Arceus|100\/100\n|\n|upkeep\n|turn|39\n|\n|t:|1698861488\n|move|p1a: Arceus|Swords Dance|p1a: Arceus\n|-boost|p1a: Arceus|atk|2\n|move|p2a: Arceus|Roar|p1a: Arceus\n|drag|p1a: Palafin|Palafin-Hero, F|38\/100\n|-damage|p1a: Palafin|13\/100|[from] Spikes\n|-damage|p1a: Palafin|1\/100|[from] Stealth Rock\n|\n|upkeep\n|turn|40\n|c|\u2606uubers account|you litterally told me and I forgot\n|\n|t:|1698861512\n|move|p1a: Palafin|Jet Punch|p2a: Arceus\n|-damage|p2a: Arceus|82\/100\n|move|p2a: Arceus|Recover|p2a: Arceus\n|-heal|p2a: Arceus|100\/100\n|\n|upkeep\n|turn|41\n|\n|t:|1698861522\n|move|p2a: Arceus|Judgment|p1a: Palafin\n|-damage|p1a: Palafin|0 fnt\n|faint|p1a: Palafin\n|\n|upkeep\n|\n|t:|1698861527\n|switch|p1a: Shaymin|Shaymin-Sky|100\/100\n|-damage|p1a: Shaymin|76\/100|[from] Stealth Rock\n|turn|42\n|\n|t:|1698861542\n|switch|p2a: Magearna|Magearna|100\/100\n|-damage|p2a: Magearna|94\/100|[from] Stealth Rock\n|move|p1a: Shaymin|Air Slash|p2a: Magearna\n|-resisted|p2a: Magearna\n|-damage|p2a: Magearna|82\/100\n|\n|-heal|p1a: Shaymin|82\/100|[from] item: Leftovers\n|-heal|p2a: Magearna|88\/100|[from] item: Leftovers\n|upkeep\n|turn|43\n|\n|t:|1698861552\n|switch|p1a: Garganacl|Garganacl, F, tera:Fairy|100\/100\n|-damage|p1a: Garganacl|75\/100|[from] Spikes\n|-damage|p1a: Garganacl|63\/100|[from] Stealth Rock\n|move|p2a: Magearna|Ice Beam|p1a: Garganacl\n|-damage|p1a: Garganacl|47\/100\n|\n|-heal|p2a: Magearna|94\/100|[from] item: Leftovers\n|-heal|p1a: Garganacl|53\/100|[from] item: Leftovers\n|upkeep\n|turn|44\n|\n|t:|1698861576\n|switch|p2a: Cyclizar|Cyclizar, M|66\/100\n|move|p1a: Garganacl|Salt Cure|p2a: Cyclizar\n|-damage|p2a: Cyclizar|45\/100\n|-start|p2a: Cyclizar|Salt Cure\n|\n|-heal|p1a: Garganacl|60\/100|[from] item: Leftovers\n|-damage|p2a: Cyclizar|33\/100|[from] Salt Cure\n|upkeep\n|turn|45\n|\n|t:|1698861581\n|switch|p2a: Arceus|Arceus-Poison|100\/100\n|-damage|p2a: Arceus|88\/100|[from] Stealth Rock\n|move|p1a: Garganacl|Protect||[still]\n|-fail|p1a: Garganacl\n|\n|-heal|p1a: Garganacl|66\/100|[from] item: Leftovers\n|upkeep\n|turn|46\n|\n|t:|1698861588\n|move|p2a: Arceus|Judgment|p1a: Garganacl\n|-supereffective|p1a: Garganacl\n|-damage|p1a: Garganacl|4\/100\n|move|p1a: Garganacl|Recover|p1a: Garganacl\n|-heal|p1a: Garganacl|54\/100\n|\n|-heal|p1a: Garganacl|61\/100|[from] item: Leftovers\n|upkeep\n|turn|47\n|\n|t:|1698861602\n|move|p1a: Garganacl|Protect|p1a: Garganacl\n|-singleturn|p1a: Garganacl|Protect\n|move|p2a: Arceus|Judgment|p1a: Garganacl\n|-activate|p1a: Garganacl|move: Protect\n|\n|-heal|p1a: Garganacl|67\/100|[from] item: Leftovers\n|upkeep\n|turn|48\n|\n|t:|1698861625\n|move|p2a: Arceus|Judgment|p1a: Garganacl\n|-supereffective|p1a: Garganacl\n|-damage|p1a: Garganacl|4\/100\n|move|p1a: Garganacl|Recover|p1a: Garganacl\n|-heal|p1a: Garganacl|54\/100\n|\n|-heal|p1a: Garganacl|61\/100|[from] item: Leftovers\n|upkeep\n|turn|49\n|\n|t:|1698861636\n|move|p2a: Arceus|Judgment|p1a: Garganacl\n|-supereffective|p1a: Garganacl\n|-damage|p1a: Garganacl|1\/100\n|move|p1a: Garganacl|Recover|p1a: Garganacl\n|-heal|p1a: Garganacl|51\/100\n|\n|-heal|p1a: Garganacl|57\/100|[from] item: Leftovers\n|upkeep\n|turn|50\n|c|\u2606Leo Justice|that had a 60% chance to OHKO\n|\n|t:|1698861652\n|move|p1a: Garganacl|Protect|p1a: Garganacl\n|-singleturn|p1a: Garganacl|Protect\n|move|p2a: Arceus|Judgment|p1a: Garganacl\n|-activate|p1a: Garganacl|move: Protect\n|\n|-heal|p1a: Garganacl|64\/100|[from] item: Leftovers\n|upkeep\n|turn|51\n|c|\u2606uubers account|i know\n|c|\u2606uubers account|my only chance to save the game was to read a roar\n|\n|t:|1698861674\n|move|p1a: Garganacl|Salt Cure|p2a: Arceus\n|-damage|p2a: Arceus|81\/100\n|-start|p2a: Arceus|Salt Cure\n|move|p2a: Arceus|Roar|p1a: Garganacl\n|drag|p1a: Arceus|Arceus-Ghost|63\/100\n|-damage|p1a: Arceus|38\/100|[from] Spikes\n|-damage|p1a: Arceus|26\/100|[from] Stealth Rock\n|\n|-damage|p2a: Arceus|68\/100|[from] Salt Cure\n|upkeep\n|turn|52\n|\n|t:|1698861683\n|switch|p2a: Garganacl|Garganacl, M|83\/100\n|-damage|p2a: Garganacl|71\/100|[from] Stealth Rock\n|move|p1a: Arceus|Recover|p1a: Arceus\n|-heal|p1a: Arceus|76\/100\n|\n|-heal|p2a: Garganacl|77\/100|[from] item: Leftovers\n|upkeep\n|turn|53\n|\n|t:|1698861691\n|move|p1a: Arceus|Swords Dance|p1a: Arceus\n|-boost|p1a: Arceus|atk|2\n|move|p2a: Garganacl|Iron Defense|p2a: Garganacl\n|-boost|p2a: Garganacl|def|2\n|\n|-heal|p2a: Garganacl|83\/100|[from] item: Leftovers\n|upkeep\n|turn|54\n|\n|t:|1698861697\n|move|p1a: Arceus|Swords Dance|p1a: Arceus\n|-boost|p1a: Arceus|atk|2\n|move|p2a: Garganacl|Iron Defense|p2a: Garganacl\n|-boost|p2a: Garganacl|def|2\n|\n|-heal|p2a: Garganacl|89\/100|[from] item: Leftovers\n|upkeep\n|turn|55\n|\n|t:|1698861704\n|move|p1a: Arceus|Swords Dance|p1a: Arceus\n|-boost|p1a: Arceus|atk|2\n|move|p2a: Garganacl|Iron Defense|p2a: Garganacl\n|-boost|p2a: Garganacl|def|2\n|\n|-heal|p2a: Garganacl|96\/100|[from] item: Leftovers\n|upkeep\n|turn|56\n|\n|t:|1698861710\n|move|p1a: Arceus|Shadow Claw|p2a: Garganacl\n|-damage|p2a: Garganacl|84\/100\n|move|p2a: Garganacl|Salt Cure|p1a: Arceus\n|-damage|p1a: Arceus|66\/100\n|-start|p1a: Arceus|Salt Cure\n|\n|-heal|p2a: Garganacl|90\/100|[from] item: Leftovers\n|-damage|p1a: Arceus|54\/100|[from] Salt Cure\n|upkeep\n|turn|57\n|\n|t:|1698861717\n|move|p1a: Arceus|Recover|p1a: Arceus\n|-heal|p1a: Arceus|100\/100\n|move|p2a: Garganacl|Salt Cure|p1a: Arceus\n|-damage|p1a: Arceus|91\/100\n|\n|-heal|p2a: Garganacl|96\/100|[from] item: Leftovers\n|-damage|p1a: Arceus|79\/100|[from] Salt Cure\n|upkeep\n|turn|58\n|c|\u2606uubers account|all i want for christmas is a critical hit\n|\n|t:|1698861728\n|move|p1a: Arceus|Shadow Claw|p2a: Garganacl\n|-damage|p2a: Garganacl|83\/100\n|move|p2a: Garganacl|Salt Cure|p1a: Arceus\n|-damage|p1a: Arceus|69\/100\n|\n|-heal|p2a: Garganacl|89\/100|[from] item: Leftovers\n|-damage|p1a: Arceus|57\/100|[from] Salt Cure\n|upkeep\n|turn|59\n|\n|t:|1698861736\n|move|p1a: Arceus|Shadow Claw|p2a: Garganacl\n|-crit|p2a: Garganacl\n|-damage|p2a: Garganacl|23\/100\n|move|p2a: Garganacl|Salt Cure|p1a: Arceus\n|-crit|p1a: Arceus\n|-damage|p1a: Arceus|43\/100\n|\n|-heal|p2a: Garganacl|29\/100|[from] item: Leftovers\n|-damage|p1a: Arceus|31\/100|[from] Salt Cure\n|upkeep\n|turn|60\n|c|\u2606Leo Justice|There is ur crit\n|c|\u2606uubers account|holy shit that did nothing\n|c|\u2606Leo Justice|u happy?\n|\n|t:|1698861753\n|move|p1a: Arceus|Shadow Claw|p2a: Garganacl\n|-damage|p2a: Garganacl|18\/100\n|move|p2a: Garganacl|Recover|p2a: Garganacl\n|-heal|p2a: Garganacl|68\/100\n|\n|-heal|p2a: Garganacl|74\/100|[from] item: Leftovers\n|-damage|p1a: Arceus|19\/100|[from] Salt Cure\n|upkeep\n|turn|61\n|\n|t:|1698861762\n|move|p1a: Arceus|Recover|p1a: Arceus\n|-heal|p1a: Arceus|69\/100\n|move|p2a: Garganacl|Recover|p2a: Garganacl\n|-heal|p2a: Garganacl|100\/100\n|\n|-damage|p1a: Arceus|56\/100|[from] Salt Cure\n|upkeep\n|turn|62\n|\n|t:|1698861774\n|move|p1a: Arceus|Recover|p1a: Arceus\n|-heal|p1a: Arceus|100\/100\n|move|p2a: Garganacl|Salt Cure|p1a: Arceus\n|-damage|p1a: Arceus|92\/100\n|\n|-damage|p1a: Arceus|80\/100|[from] Salt Cure\n|upkeep\n|turn|63\n|\n|t:|1698861782\n|move|p1a: Arceus|Shadow Claw|p2a: Garganacl\n|-damage|p2a: Garganacl|88\/100\n|move|p2a: Garganacl|Iron Defense|p2a: Garganacl\n|-boost|p2a: Garganacl|def|0\n|\n|-heal|p2a: Garganacl|94\/100|[from] item: Leftovers\n|-damage|p1a: Arceus|67\/100|[from] Salt Cure\n|upkeep\n|turn|64\n|\n|t:|1698861793\n|move|p1a: Arceus|Shadow Claw|p2a: Garganacl\n|-crit|p2a: Garganacl\n|-damage|p2a: Garganacl|23\/100\n|move|p2a: Garganacl|Iron Defense|p2a: Garganacl\n|-boost|p2a: Garganacl|def|0\n|\n|-heal|p2a: Garganacl|29\/100|[from] item: Leftovers\n|-damage|p1a: Arceus|55\/100|[from] Salt Cure\n|upkeep\n|turn|65\n|\n|t:|1698861798\n|move|p1a: Arceus|Shadow Claw|p2a: Garganacl\n|-damage|p2a: Garganacl|17\/100\n|move|p2a: Garganacl|Recover|p2a: Garganacl\n|-heal|p2a: Garganacl|67\/100\n|\n|-heal|p2a: Garganacl|74\/100|[from] item: Leftovers\n|-damage|p1a: Arceus|43\/100|[from] Salt Cure\n|upkeep\n|turn|66\n|c|\u2606uubers account|i believe\n|\n|t:|1698861804\n|move|p1a: Arceus|Shadow Claw|p2a: Garganacl\n|-damage|p2a: Garganacl|61\/100\n|move|p2a: Garganacl|Recover|p2a: Garganacl\n|-heal|p2a: Garganacl|100\/100\n|\n|-damage|p1a: Arceus|30\/100|[from] Salt Cure\n|upkeep\n|turn|67\n|c|\u2606uubers account|okay gg\n|\n|t:|1698861812\n|move|p1a: Arceus|Recover|p1a: Arceus\n|-heal|p1a: Arceus|80\/100\n|move|p2a: Garganacl|Salt Cure|p1a: Arceus\n|-damage|p1a: Arceus|71\/100\n|\n|-damage|p1a: Arceus|58\/100|[from] Salt Cure\n|upkeep\n|turn|68\n|\n|t:|1698861820\n|move|p1a: Arceus|Shadow Claw|p2a: Garganacl\n|-damage|p2a: Garganacl|89\/100\n|move|p2a: Garganacl|Recover|p2a: Garganacl\n|-heal|p2a: Garganacl|100\/100\n|\n|-damage|p1a: Arceus|46\/100|[from] Salt Cure\n|upkeep\n|turn|69\n|\n|t:|1698861825\n|move|p1a: Arceus|Shadow Claw|p2a: Garganacl\n|-damage|p2a: Garganacl|88\/100\n|move|p2a: Garganacl|Salt Cure|p1a: Arceus\n|-damage|p1a: Arceus|37\/100\n|\n|-heal|p2a: Garganacl|94\/100|[from] item: Leftovers\n|-damage|p1a: Arceus|24\/100|[from] Salt Cure\n|upkeep\n|turn|70\n|\n|t:|1698861832\n|move|p1a: Arceus|Recover|p1a: Arceus\n|-heal|p1a: Arceus|74\/100\n|move|p2a: Garganacl|Salt Cure|p1a: Arceus\n|-damage|p1a: Arceus|65\/100\n|\n|-heal|p2a: Garganacl|99\/100|[from] item: Leftovers\n|-damage|p1a: Arceus|53\/100|[from] Salt Cure\n|upkeep\n|turn|71\n|\n|t:|1698861837\n|move|p1a: Arceus|Shadow Claw|p2a: Garganacl\n|-damage|p2a: Garganacl|89\/100\n|move|p2a: Garganacl|Salt Cure|p1a: Arceus\n|-damage|p1a: Arceus|44\/100\n|\n|-heal|p2a: Garganacl|95\/100|[from] item: Leftovers\n|-damage|p1a: Arceus|32\/100|[from] Salt Cure\n|upkeep\n|turn|72\n|\n|t:|1698861842\n|move|p1a: Arceus|Recover|p1a: Arceus\n|-heal|p1a: Arceus|82\/100\n|move|p2a: Garganacl|Salt Cure|p1a: Arceus\n|-damage|p1a: Arceus|73\/100\n|\n|-heal|p2a: Garganacl|100\/100|[from] item: Leftovers\n|-damage|p1a: Arceus|61\/100|[from] Salt Cure\n|upkeep\n|turn|73\n|\n|t:|1698861846\n|move|p1a: Arceus|Shadow Claw|p2a: Garganacl\n|-damage|p2a: Garganacl|89\/100\n|move|p2a: Garganacl|Salt Cure|p1a: Arceus\n|-damage|p1a: Arceus|52\/100\n|\n|-heal|p2a: Garganacl|96\/100|[from] item: Leftovers\n|-damage|p1a: Arceus|39\/100|[from] Salt Cure\n|upkeep\n|turn|74\n|\n|t:|1698861851\n|move|p1a: Arceus|Shadow Claw|p2a: Garganacl\n|-crit|p2a: Garganacl\n|-damage|p2a: Garganacl|21\/100\n|move|p2a: Garganacl|Recover|p2a: Garganacl\n|-heal|p2a: Garganacl|71\/100\n|\n|-heal|p2a: Garganacl|77\/100|[from] item: Leftovers\n|-damage|p1a: Arceus|27\/100|[from] Salt Cure\n|upkeep\n|turn|75\n|\n|t:|1698861854\n|move|p1a: Arceus|Shadow Claw|p2a: Garganacl\n|-damage|p2a: Garganacl|65\/100\n|move|p2a: Garganacl|Recover|p2a: Garganacl\n|-heal|p2a: Garganacl|100\/100\n|\n|-damage|p1a: Arceus|14\/100|[from] Salt Cure\n|upkeep\n|turn|76\n|\n|t:|1698861858\n|move|p1a: Arceus|Shadow Claw|p2a: Garganacl\n|-damage|p2a: Garganacl|89\/100\n|move|p2a: Garganacl|Salt Cure|p1a: Arceus\n|-damage|p1a: Arceus|5\/100\n|\n|-heal|p2a: Garganacl|95\/100|[from] item: Leftovers\n|-damage|p1a: Arceus|0 fnt|[from] Salt Cure\n|faint|p1a: Arceus\n|upkeep\n|\n|t:|1698861864\n|switch|p1a: Shaymin|Shaymin-Sky|82\/100\n|-damage|p1a: Shaymin|57\/100|[from] Stealth Rock\n|turn|77\n|\n|t:|1698861874\n|switch|p2a: Blissey|Blissey, F|100\/100\n|move|p1a: Shaymin|Air Slash|p2a: Blissey\n|-damage|p2a: Blissey|88\/100\n|\n|-heal|p1a: Shaymin|63\/100|[from] item: Leftovers\n|upkeep\n|turn|78\n|\n|t:|1698861880\n|move|p1a: Shaymin|Seed Flare|p2a: Blissey\n|-damage|p2a: Blissey|69\/100\n|-unboost|p2a: Blissey|spd|2\n|move|p2a: Blissey|Thunder Wave|p1a: Shaymin\n|-status|p1a: Shaymin|par\n|\n|-heal|p1a: Shaymin|69\/100 par|[from] item: Leftovers\n|upkeep\n|turn|79\n|\n|t:|1698861887\n|switch|p2a: Magearna|Magearna|94\/100\n|-damage|p2a: Magearna|88\/100|[from] Stealth Rock\n|move|p1a: Shaymin|Seed Flare|p2a: Magearna\n|-resisted|p2a: Magearna\n|-damage|p2a: Magearna|70\/100\n|-unboost|p2a: Magearna|spd|2\n|\n|-heal|p1a: Shaymin|75\/100 par|[from] item: Leftovers\n|-heal|p2a: Magearna|76\/100|[from] item: Leftovers\n|upkeep\n|turn|80\n|\n|t:|1698861899\n|-terastallize|p2a: Magearna|Flying\n|move|p1a: Shaymin|Seed Flare|p2a: Magearna\n|-resisted|p2a: Magearna\n|-damage|p2a: Magearna|37\/100\n|-unboost|p2a: Magearna|spd|2\n|move|p2a: Magearna|Ice Beam|p1a: Shaymin\n|-supereffective|p1a: Shaymin\n|-damage|p1a: Shaymin|0 fnt\n|faint|p1a: Shaymin\n|-ability|p2a: Magearna|Soul-Heart|boost\n|-boost|p2a: Magearna|spa|1\n|\n|-heal|p2a: Magearna|43\/100|[from] item: Leftovers\n|upkeep\n|\n|t:|1698861907\n|switch|p1a: Garganacl|Garganacl, F, tera:Fairy|64\/100\n|-damage|p1a: Garganacl|39\/100|[from] Spikes\n|-damage|p1a: Garganacl|26\/100|[from] Stealth Rock\n|turn|81\n|\n|t:|1698861910\n|move|p2a: Magearna|Ice Beam|p1a: Garganacl\n|-damage|p1a: Garganacl|2\/100\n|move|p1a: Garganacl|Salt Cure|p2a: Magearna\n|-supereffective|p2a: Magearna\n|-damage|p2a: Magearna|18\/100\n|-start|p2a: Magearna|Salt Cure\n|\n|-heal|p2a: Magearna|24\/100|[from] item: Leftovers\n|-heal|p1a: Garganacl|9\/100|[from] item: Leftovers\n|-damage|p2a: Magearna|12\/100|[from] Salt Cure\n|upkeep\n|turn|82\n|\n|t:|1698861916\n|move|p1a: Garganacl|Protect|p1a: Garganacl\n|-singleturn|p1a: Garganacl|Protect\n|move|p2a: Magearna|Ice Beam|p1a: Garganacl\n|-activate|p1a: Garganacl|move: Protect\n|\n|-heal|p2a: Magearna|18\/100|[from] item: Leftovers\n|-heal|p1a: Garganacl|15\/100|[from] item: Leftovers\n|-damage|p2a: Magearna|5\/100|[from] Salt Cure\n|upkeep\n|turn|83\n|\n|t:|1698861920\n|move|p1a: Garganacl|Protect|p1a: Garganacl\n|-singleturn|p1a: Garganacl|Protect\n|move|p2a: Magearna|Ice Beam|p1a: Garganacl\n|-activate|p1a: Garganacl|move: Protect\n|\n|-heal|p2a: Magearna|11\/100|[from] item: Leftovers\n|-heal|p1a: Garganacl|21\/100|[from] item: Leftovers\n|-damage|p2a: Magearna|0 fnt|[from] Salt Cure\n|faint|p2a: Magearna\n|upkeep\n|\n|t:|1698861925\n|switch|p2a: Arceus|Arceus-Poison|68\/100\n|-damage|p2a: Arceus|56\/100|[from] Stealth Rock\n|turn|84\n|c|\u2606uubers account|its not a 60\n|\n|t:|1698861933\n|move|p2a: Arceus|Perish Song|p2a: Arceus\n|-start|p1a: Garganacl|perish3|[silent]\n|-start|p2a: Arceus|perish3|[silent]\n|-fieldactivate|move: Perish Song\n|move|p1a: Garganacl|Recover|p1a: Garganacl\n|-heal|p1a: Garganacl|71\/100\n|\n|-heal|p1a: Garganacl|77\/100|[from] item: Leftovers\n|-start|p2a: Arceus|perish3\n|-start|p1a: Garganacl|perish3\n|upkeep\n|turn|85\n|\n|t:|1698861945\n|move|p2a: Arceus|Recover|p2a: Arceus\n|-heal|p2a: Arceus|100\/100\n|move|p1a: Garganacl|Salt Cure|p2a: Arceus\n|-damage|p2a: Arceus|94\/100\n|-start|p2a: Arceus|Salt Cure\n|\n|-heal|p1a: Garganacl|83\/100|[from] item: Leftovers\n|-damage|p2a: Arceus|81\/100|[from] Salt Cure\n|-start|p2a: Arceus|perish2\n|-start|p1a: Garganacl|perish2\n|upkeep\n|turn|86\n|\n|t:|1698861951\n|switch|p2a: Garganacl|Garganacl, M|95\/100\n|-damage|p2a: Garganacl|83\/100|[from] Stealth Rock\n|move|p1a: Garganacl|Salt Cure|p2a: Garganacl\n|-damage|p2a: Garganacl|76\/100\n|-start|p2a: Garganacl|Salt Cure\n|\n|-heal|p2a: Garganacl|82\/100|[from] item: Leftovers\n|-heal|p1a: Garganacl|90\/100|[from] item: Leftovers\n|-damage|p2a: Garganacl|70\/100|[from] Salt Cure\n|-start|p1a: Garganacl|perish1\n|upkeep\n|turn|87\n|\n|t:|1698861958\n|switch|p2a: Cyclizar|Cyclizar, M|66\/100\n|move|p1a: Garganacl|Salt Cure|p2a: Cyclizar\n|-damage|p2a: Cyclizar|48\/100\n|-start|p2a: Cyclizar|Salt Cure\n|\n|-heal|p1a: Garganacl|96\/100|[from] item: Leftovers\n|-damage|p2a: Cyclizar|36\/100|[from] Salt Cure\n|-start|p1a: Garganacl|perish0\n|upkeep\n|faint|p1a: Garganacl\n|\n|win|Leo Justice\n|c|\u2606Leo Justice|gg\n|c|\u2606uubers account|gg\n","uploadtime":1698862272,"views":21,"p1id":"uubersaccount","p2id":"leojustice","formatid":"gen9ubers","rating":0,"private":0,"password":""}