{"id":"gen9ubers-1994993079","p1":"RiloBR","p2":"Veinelso","format":"[Gen 9] Ubers","log":"|j|\u2606RiloBR\n|j|\u2606Veinelso\n|inactive|Battle timer is ON: inactive players will automatically lose when time's up.\n|t:|1700511375\n|gametype|singles\n|player|p1|RiloBR|korrina|\n|player|p2|Veinelso|allister-masters|\n|teamsize|p1|6\n|teamsize|p2|6\n|gen|9\n|tier|[Gen 9] Ubers\n|rated|Tournament battle\n|rule|Sleep Clause Mod: Limit one foe put to sleep\n|rule|Species Clause: Limit one of each Pok\u00e9mon\n|rule|OHKO Clause: OHKO moves are banned\n|rule|Evasion Items Clause: Evasion items are banned\n|rule|Evasion Moves Clause: Evasion moves are banned\n|rule|Endless Battle Clause: Forcing endless battles is banned\n|rule|HP Percentage Mod: HP is shown in percentages\n|clearpoke\n|poke|p1|Skeledirge, M|\n|poke|p1|Clodsire, M|\n|poke|p1|Giratina-Origin|\n|poke|p1|Miraidon|\n|poke|p1|Zacian-*|\n|poke|p1|Arceus-Ground|\n|poke|p2|Koraidon|\n|poke|p2|Zacian-*|\n|poke|p2|Arceus|\n|poke|p2|Miraidon|\n|poke|p2|Landorus-Therian, M|\n|poke|p2|Eternatus|\n|teampreview\n|inactive|RiloBR also wants the timer to be on.\n|inactive|RiloBR has 120 seconds left.\n|\n|t:|1700511416\n|start\n|switch|p1a: Clodsire|Clodsire, M|100\/100\n|switch|p2a: Landorus|Landorus-Therian, M|100\/100\n|-ability|p2a: Landorus|Intimidate|boost\n|-unboost|p1a: Clodsire|atk|1\n|turn|1\n|j| e63593@!\n|\n|t:|1700511431\n|switch|p1a: Giratina|Giratina-Origin, shiny|100\/100\n|move|p2a: Landorus|Stealth Rock|p1a: Giratina\n|-sidestart|p1: RiloBR|move: Stealth Rock\n|\n|upkeep\n|turn|2\n|\n|t:|1700511440\n|switch|p2a: Eternatus|Eternatus|100\/100\n|-ability|p2a: Eternatus|Pressure\n|move|p1a: Giratina|Defog|p2a: Eternatus\n|-unboost|p2a: Eternatus|evasion|1\n|-sideend|p1: RiloBR|Stealth Rock|[from] move: Defog|[of] p1a: Giratina\n|\n|upkeep\n|turn|3\n|\n|t:|1700511451\n|switch|p1a: Clodsire|Clodsire, M|100\/100\n|move|p2a: Eternatus|Fire Blast|p1a: Clodsire\n|-damage|p1a: Clodsire|76\/100\n|\n|-heal|p1a: Clodsire|82\/100|[from] item: Leftovers\n|upkeep\n|turn|4\n|\n|t:|1700511466\n|switch|p2a: Landorus|Landorus-Therian, M|100\/100\n|-ability|p2a: Landorus|Intimidate|boost\n|-unboost|p1a: Clodsire|atk|1\n|move|p1a: Clodsire|Toxic|p2a: Landorus\n|-status|p2a: Landorus|tox\n|\n|-heal|p1a: Clodsire|89\/100|[from] item: Leftovers\n|-damage|p2a: Landorus|95\/100 tox|[from] psn\n|upkeep\n|turn|5\n|\n|t:|1700511475\n|move|p2a: Landorus|Stealth Rock|p1a: Clodsire\n|-sidestart|p1: RiloBR|move: Stealth Rock\n|move|p1a: Clodsire|Stealth Rock|p2a: Landorus\n|-sidestart|p2: Veinelso|move: Stealth Rock\n|\n|-heal|p1a: Clodsire|95\/100|[from] item: Leftovers\n|-damage|p2a: Landorus|83\/100 tox|[from] psn\n|upkeep\n|turn|6\n|\n|t:|1700511493\n|switch|p2a: Koraidon|Koraidon|100\/100\n|-damage|p2a: Koraidon|94\/100|[from] Stealth Rock\n|-weather|SunnyDay|[from] ability: Orichalcum Pulse|[of] p2a: Koraidon\n|-activate|p2a: Koraidon|Orichalcum Pulse|[source]\n|switch|p1a: Giratina|Giratina-Origin, shiny|100\/100\n|-damage|p1a: Giratina|88\/100|[from] Stealth Rock\n|\n|-weather|SunnyDay|[upkeep]\n|-heal|p2a: Koraidon|100\/100|[from] item: Leftovers\n|upkeep\n|turn|7\n|\n|t:|1700511499\n|switch|p1a: Skeledirge|Skeledirge, M|100\/100\n|move|p2a: Koraidon|Dragon Claw|p1a: Skeledirge\n|-damage|p1a: Skeledirge|65\/100\n|\n|-weather|SunnyDay|[upkeep]\n|upkeep\n|turn|8\n|inactive|Veinelso has 120 seconds left.\n|\n|t:|1700511539\n|switch|p2a: Eternatus|Eternatus|100\/100\n|-damage|p2a: Eternatus|88\/100|[from] Stealth Rock\n|-ability|p2a: Eternatus|Pressure\n|move|p1a: Skeledirge|Slack Off|p1a: Skeledirge\n|-heal|p1a: Skeledirge|100\/100\n|\n|-weather|SunnyDay|[upkeep]\n|upkeep\n|turn|9\n|inactive|Veinelso has 120 seconds left.\n|\n|t:|1700511563\n|switch|p1a: Clodsire|Clodsire, M|95\/100\n|-damage|p1a: Clodsire|89\/100|[from] Stealth Rock\n|move|p2a: Eternatus|Dynamax Cannon|p1a: Clodsire\n|-damage|p1a: Clodsire|50\/100\n|\n|-weather|SunnyDay|[upkeep]\n|-heal|p1a: Clodsire|56\/100|[from] item: Leftovers\n|upkeep\n|turn|10\n|\n|t:|1700511571\n|-terastallize|p2a: Eternatus|Dragon\n|move|p2a: Eternatus|Dynamax Cannon|p1a: Clodsire\n|-crit|p1a: Clodsire\n|-damage|p1a: Clodsire|0 fnt\n|faint|p1a: Clodsire\n|\n|-weather|none\n|upkeep\n|\n|t:|1700511579\n|switch|p1a: Zacian|Zacian-Crowned, shiny|100\/100\n|-damage|p1a: Zacian|94\/100|[from] Stealth Rock\n|-ability|p1a: Zacian|Intrepid Sword|boost\n|-boost|p1a: Zacian|atk|1\n|turn|11\n|\n|t:|1700511583\n|switch|p2a: Landorus|Landorus-Therian, M|83\/100 tox\n|-damage|p2a: Landorus|70\/100 tox|[from] Stealth Rock\n|-ability|p2a: Landorus|Intimidate|boost\n|-unboost|p1a: Zacian|atk|1\n|move|p1a: Zacian|Play Rough|p2a: Landorus|[miss]\n|-miss|p1a: Zacian|p2a: Landorus\n|\n|-damage|p2a: Landorus|64\/100 tox|[from] psn\n|upkeep\n|turn|12\n|c|\u2606Veinelso|mb\n|\n|t:|1700511597\n|move|p2a: Landorus|Earthquake|p1a: Zacian\n|-supereffective|p1a: Zacian\n|-damage|p1a: Zacian|0 fnt\n|faint|p1a: Zacian\n|\n|-damage|p2a: Landorus|53\/100 tox|[from] psn\n|upkeep\n|\n|t:|1700511602\n|switch|p1a: Giratina|Giratina-Origin, shiny|88\/100\n|-damage|p1a: Giratina|76\/100|[from] Stealth Rock\n|turn|13\n|\n|t:|1700511619\n|switch|p2a: Miraidon|Miraidon|100\/100\n|-fieldstart|move: Electric Terrain|[from] ability: Hadron Engine|[of] p2a: Miraidon\n|move|p1a: Giratina|Dragon Tail|p2a: Miraidon\n|-supereffective|p2a: Miraidon\n|-damage|p2a: Miraidon|35\/100\n|drag|p2a: Zacian|Zacian-Crowned|100\/100\n|-damage|p2a: Zacian|94\/100|[from] Stealth Rock\n|-ability|p2a: Zacian|Intrepid Sword|boost\n|-boost|p2a: Zacian|atk|1\n|\n|upkeep\n|turn|14\n|\n|t:|1700511629\n|move|p2a: Zacian|Substitute|p2a: Zacian\n|-start|p2a: Zacian|Substitute\n|-damage|p2a: Zacian|69\/100\n|move|p1a: Giratina|Will-O-Wisp||[still]\n|-fail|p1a: Giratina\n|\n|upkeep\n|turn|15\n|inactive|Veinelso has 120 seconds left.\n|\n|t:|1700511652\n|switch|p2a: Eternatus|Eternatus, tera:Dragon|88\/100\n|-damage|p2a: Eternatus|75\/100|[from] Stealth Rock\n|-ability|p2a: Eternatus|Pressure\n|switch|p1a: Skeledirge|Skeledirge, M|100\/100\n|\n|upkeep\n|turn|16\n|inactive|RiloBR has 120 seconds left.\n|inactive|RiloBR has 90 seconds left.\n|\n|t:|1700511718\n|-terastallize|p1a: Skeledirge|Fairy\n|move|p2a: Eternatus|Sludge Bomb|p1a: Skeledirge\n|-supereffective|p1a: Skeledirge\n|-damage|p1a: Skeledirge|0 fnt\n|faint|p1a: Skeledirge\n|\n|upkeep\n|j| sayyonara\n|-message|RiloBR forfeited.\n|\n|win|Veinelso\n|n|\u2606RiloBR|rilobr\n|n|\u2606Veinelso|veinelso\n|n| e63593@!|e63593\n|n| sayyonara|sayyonara\n","uploadtime":1700511725,"views":1,"p1id":"rilobr","p2id":"veinelso","formatid":"gen9ubers","rating":0,"private":0,"password":""}