{"id":"gen9ubers-1998982979","p1":"SanjaDreams","p2":"Tuiy","format":"[Gen 9] Ubers","log":"|j|\u2606SanjaDreams\n|j|\u2606Tuiy\n|t:|1701020586\n|gametype|singles\n|player|p1|SanjaDreams|marnie|1049\n|player|p2|Tuiy|169|1127\n|teamsize|p1|6\n|teamsize|p2|6\n|gen|9\n|tier|[Gen 9] Ubers\n|rated|\n|rule|Sleep Clause Mod: Limit one foe put to sleep\n|rule|Species Clause: Limit one of each Pok\u00e9mon\n|rule|OHKO Clause: OHKO moves are banned\n|rule|Evasion Items Clause: Evasion items are banned\n|rule|Evasion Moves Clause: Evasion moves are banned\n|rule|Endless Battle Clause: Forcing endless battles is banned\n|rule|HP Percentage Mod: HP is shown in percentages\n|clearpoke\n|poke|p1|Cyclizar, F|\n|poke|p1|Grimmsnarl, M|\n|poke|p1|Miraidon|\n|poke|p1|Koraidon|\n|poke|p1|Espathra, F|\n|poke|p1|Flutter Mane|\n|poke|p2|Gholdengo|\n|poke|p2|Cyclizar, M|\n|poke|p2|Bellibolt, M|\n|poke|p2|Iron Valiant|\n|poke|p2|Walking Wake|\n|poke|p2|Ribombee, F|\n|teampreview\n|\n|t:|1701020622\n|start\n|switch|p1a: Cyclizar|Cyclizar, F|100\/100\n|switch|p2a: Ribombee|Ribombee, F|100\/100\n|turn|1\n|\n|t:|1701020626\n|move|p1a: Cyclizar|Shed Tail|p1a: Cyclizar\n|-start|p1a: Cyclizar|Substitute|[from] move: Shed Tail\n|-damage|p1a: Cyclizar|50\/100\n|\n|t:|1701020629\n|switch|p1a: Espathra|Espathra, F|100\/100|[from] Shed Tail\n|move|p2a: Ribombee|Sticky Web|p1a: Espathra\n|-sidestart|p1: SanjaDreams|move: Sticky Web\n|\n|upkeep\n|turn|2\n|\n|t:|1701020636\n|move|p2a: Ribombee|Dazzling Gleam|p1a: Espathra\n|-end|p1a: Espathra|Substitute\n|move|p1a: Espathra|Calm Mind|p1a: Espathra\n|-boost|p1a: Espathra|spa|1\n|-boost|p1a: Espathra|spd|1\n|\n|-ability|p1a: Espathra|Speed Boost|boost\n|-boost|p1a: Espathra|spe|1\n|upkeep\n|turn|3\n|\n|t:|1701020642\n|move|p1a: Espathra|Calm Mind|p1a: Espathra\n|-boost|p1a: Espathra|spa|1\n|-boost|p1a: Espathra|spd|1\n|move|p2a: Ribombee|Dazzling Gleam|p1a: Espathra\n|-damage|p1a: Espathra|76\/100\n|\n|-heal|p1a: Espathra|82\/100|[from] item: Leftovers\n|-ability|p1a: Espathra|Speed Boost|boost\n|-boost|p1a: Espathra|spe|1\n|upkeep\n|turn|4\n|\n|t:|1701020648\n|move|p1a: Espathra|Calm Mind|p1a: Espathra\n|-boost|p1a: Espathra|spa|1\n|-boost|p1a: Espathra|spd|1\n|move|p2a: Ribombee|Dazzling Gleam|p1a: Espathra\n|-damage|p1a: Espathra|65\/100\n|\n|-heal|p1a: Espathra|72\/100|[from] item: Leftovers\n|-ability|p1a: Espathra|Speed Boost|boost\n|-boost|p1a: Espathra|spe|1\n|upkeep\n|turn|5\n|\n|t:|1701020650\n|switch|p2a: Bellibolt|Bellibolt, M|100\/100\n|move|p1a: Espathra|Calm Mind|p1a: Espathra\n|-boost|p1a: Espathra|spa|1\n|-boost|p1a: Espathra|spd|1\n|\n|-heal|p1a: Espathra|78\/100|[from] item: Leftovers\n|-ability|p1a: Espathra|Speed Boost|boost\n|-boost|p1a: Espathra|spe|1\n|upkeep\n|turn|6\n|\n|t:|1701020653\n|move|p1a: Espathra|Stored Power|p2a: Bellibolt\n|-damage|p2a: Bellibolt|0 fnt\n|faint|p2a: Bellibolt\n|\n|-heal|p1a: Espathra|84\/100|[from] item: Leftovers\n|-ability|p1a: Espathra|Speed Boost|boost\n|-boost|p1a: Espathra|spe|1\n|upkeep\n|\n|t:|1701020656\n|switch|p2a: Gholdengo|Gholdengo|100\/100\n|-item|p2a: Gholdengo|Air Balloon\n|turn|7\n|\n|t:|1701020659\n|move|p1a: Espathra|Protect|p1a: Espathra\n|-singleturn|p1a: Espathra|Protect\n|move|p2a: Gholdengo|Shadow Ball|p1a: Espathra\n|-activate|p1a: Espathra|move: Protect\n|\n|-heal|p1a: Espathra|90\/100|[from] item: Leftovers\n|-ability|p1a: Espathra|Speed Boost|boost\n|-boost|p1a: Espathra|spe|1\n|upkeep\n|turn|8\n|\n|t:|1701020664\n|move|p1a: Espathra|Stored Power|p2a: Gholdengo\n|-resisted|p2a: Gholdengo\n|-damage|p2a: Gholdengo|0 fnt\n|-enditem|p2a: Gholdengo|Air Balloon\n|faint|p2a: Gholdengo\n|\n|-heal|p1a: Espathra|96\/100|[from] item: Leftovers\n|upkeep\n|\n|t:|1701020667\n|switch|p2a: Walking Wake|Walking Wake|100\/100\n|-enditem|p2a: Walking Wake|Booster Energy\n|-activate|p2a: Walking Wake|ability: Protosynthesis|[fromitem]\n|-start|p2a: Walking Wake|protosynthesisspe\n|turn|9\n|\n|t:|1701020676\n|move|p1a: Espathra|Dazzling Gleam|p2a: Walking Wake\n|-supereffective|p2a: Walking Wake\n|-damage|p2a: Walking Wake|0 fnt\n|faint|p2a: Walking Wake\n|-end|p2a: Walking Wake|Protosynthesis|[silent]\n|\n|-heal|p1a: Espathra|100\/100|[from] item: Leftovers\n|upkeep\n|\n|t:|1701020679\n|switch|p2a: Cyclizar|Cyclizar, M|100\/100\n|turn|10\n|\n|t:|1701020682\n|move|p1a: Espathra|Stored Power|p2a: Cyclizar\n|-damage|p2a: Cyclizar|0 fnt\n|faint|p2a: Cyclizar\n|\n|upkeep\n|-message|Tuiy forfeited.\n|\n|win|SanjaDreams\n|raw|SanjaDreams's rating: 1049 &rarr; <strong>1089<\/strong><br \/>(+40 for winning)\n|raw|Tuiy's rating: 1127 &rarr; <strong>1096<\/strong><br \/>(-31 for losing)\n|l|\u2606Tuiy\n","uploadtime":1701020688,"views":9,"p1id":"sanjadreams","p2id":"tuiy","formatid":"gen9ubers","rating":1089,"private":0,"password":""}