{"id":"gen9ubers-1973262274","p1":"Star Man65","p2":"123457la","format":"[Gen 9] Ubers","log":"|j|\u2606Star Man65\n|j|\u2606123457la\n|t:|1697945806\n|gametype|singles\n|player|p1|Star Man65|brycenman|1088\n|player|p2|123457la|266|1278\n|teamsize|p1|6\n|teamsize|p2|6\n|gen|9\n|tier|[Gen 9] Ubers\n|rated|\n|rule|Sleep Clause Mod: Limit one foe put to sleep\n|rule|Species Clause: Limit one of each Pok\u00e9mon\n|rule|OHKO Clause: OHKO moves are banned\n|rule|Evasion Items Clause: Evasion items are banned\n|rule|Evasion Moves Clause: Evasion moves are banned\n|rule|Endless Battle Clause: Forcing endless battles is banned\n|rule|HP Percentage Mod: HP is shown in percentages\n|clearpoke\n|poke|p1|Annihilape, M|\n|poke|p1|Arceus|\n|poke|p1|Eternatus|\n|poke|p1|Kyogre|\n|poke|p1|Landorus, M|\n|poke|p1|Magearna-Original|\n|poke|p2|Miraidon|\n|poke|p2|Arceus|\n|poke|p2|Dialga-Origin|\n|poke|p2|Koraidon|\n|poke|p2|Clefable, F|\n|poke|p2|Zacian-*|\n|teampreview\n|\n|t:|1697945835\n|start\n|switch|p1a: O M E G A|Eternatus, shiny|100\/100\n|switch|p2a: Arceus|Arceus|100\/100\n|-ability|p1a: O M E G A|Pressure\n|turn|1\n|\n|t:|1697945845\n|move|p1a: O M E G A|Dynamax Cannon|p2a: Arceus\n|-damage|p2a: Arceus|40\/100\n|-damage|p1a: O M E G A|91\/100|[from] item: Life Orb\n|move|p2a: Arceus|Calm Mind|p2a: Arceus\n|-boost|p2a: Arceus|spa|1\n|-boost|p2a: Arceus|spd|1\n|\n|-heal|p2a: Arceus|46\/100|[from] item: Leftovers\n|upkeep\n|turn|2\n|\n|t:|1697945866\n|move|p1a: O M E G A|Dynamax Cannon|p2a: Arceus\n|-damage|p2a: Arceus|8\/100\n|-damage|p1a: O M E G A|81\/100|[from] item: Life Orb\n|move|p2a: Arceus|Ice Beam|p1a: O M E G A\n|-supereffective|p1a: O M E G A\n|-damage|p1a: O M E G A|0 fnt\n|faint|p1a: O M E G A\n|\n|-heal|p2a: Arceus|14\/100|[from] item: Leftovers\n|upkeep\n|\n|t:|1697945875\n|switch|p1a: Twinkle Toes|Annihilape, M, shiny|100\/100\n|turn|3\n|\n|t:|1697945884\n|switch|p2a: Zacian|Zacian-Crowned|100\/100\n|-ability|p2a: Zacian|Intrepid Sword|boost\n|-boost|p2a: Zacian|atk|1\n|move|p1a: Twinkle Toes|Drain Punch|p2a: Zacian\n|-damage|p2a: Zacian|75\/100\n|\n|upkeep\n|turn|4\n|\n|t:|1697945895\n|move|p2a: Zacian|Swords Dance|p2a: Zacian\n|-boost|p2a: Zacian|atk|2\n|move|p1a: Twinkle Toes|Bulk Up|p1a: Twinkle Toes\n|-boost|p1a: Twinkle Toes|atk|1\n|-boost|p1a: Twinkle Toes|def|1\n|\n|upkeep\n|turn|5\n|\n|t:|1697945901\n|move|p2a: Zacian|Play Rough|p1a: Twinkle Toes\n|-supereffective|p1a: Twinkle Toes\n|-damage|p1a: Twinkle Toes|0 fnt\n|faint|p1a: Twinkle Toes\n|\n|upkeep\n|\n|t:|1697945909\n|switch|p1a: Cheeto|Landorus, M, shiny|100\/100\n|turn|6\n|\n|t:|1697945926\n|move|p2a: Zacian|Play Rough|p1a: Cheeto\n|-damage|p1a: Cheeto|0 fnt\n|faint|p1a: Cheeto\n|\n|upkeep\n|\n|t:|1697945931\n|switch|p1a: L+ratio|Arceus, shiny|100\/100\n|turn|7\n|\n|t:|1697945970\n|move|p2a: Zacian|Behemoth Blade|p1a: L+ratio\n|-damage|p1a: L+ratio|2\/100\n|move|p1a: L+ratio|Earthquake|p2a: Zacian\n|-supereffective|p2a: Zacian\n|-damage|p2a: Zacian|9\/100\n|\n|upkeep\n|turn|8\n|\n|t:|1697945978\n|move|p1a: L+ratio|Extreme Speed|p2a: Zacian\n|-resisted|p2a: Zacian\n|-damage|p2a: Zacian|0 fnt\n|faint|p2a: Zacian\n|\n|upkeep\n|\n|t:|1697945983\n|switch|p2a: Koraidon|Koraidon|100\/100\n|-weather|SunnyDay|[from] ability: Orichalcum Pulse|[of] p2a: Koraidon\n|-activate|p2a: Koraidon|Orichalcum Pulse|[source]\n|turn|9\n|\n|t:|1697945988\n|move|p1a: L+ratio|Extreme Speed|p2a: Koraidon\n|-damage|p2a: Koraidon|52\/100\n|move|p2a: Koraidon|Flame Charge|p1a: L+ratio\n|-damage|p1a: L+ratio|0 fnt\n|-boost|p2a: Koraidon|spe|1\n|faint|p1a: L+ratio\n|\n|-weather|SunnyDay|[upkeep]\n|-heal|p2a: Koraidon|58\/100|[from] item: Leftovers\n|upkeep\n|\n|t:|1697945997\n|switch|p1a: Gear Mommy|Magearna-Original|100\/100\n|turn|10\n|\n|t:|1697946013\n|move|p2a: Koraidon|Flare Blitz|p1a: Gear Mommy\n|-supereffective|p1a: Gear Mommy\n|-damage|p1a: Gear Mommy|2\/100\n|-enditem|p1a: Gear Mommy|Weakness Policy\n|-boost|p1a: Gear Mommy|atk|2|[from] item: Weakness Policy\n|-boost|p1a: Gear Mommy|spa|2|[from] item: Weakness Policy\n|-damage|p2a: Koraidon|24\/100|[from] Recoil\n|move|p1a: Gear Mommy|Draining Kiss|p2a: Koraidon\n|-supereffective|p2a: Koraidon\n|-damage|p2a: Koraidon|0 fnt\n|-heal|p1a: Gear Mommy|19\/100|[from] drain|[of] p2a: Koraidon\n|faint|p2a: Koraidon\n|-ability|p1a: Gear Mommy|Soul-Heart|boost\n|-boost|p1a: Gear Mommy|spa|1\n|\n|-weather|SunnyDay|[upkeep]\n|upkeep\n|\n|t:|1697946029\n|switch|p2a: Miraidon|Miraidon|100\/100\n|-fieldstart|move: Electric Terrain|[from] ability: Hadron Engine|[of] p2a: Miraidon\n|turn|11\n|\n|t:|1697946034\n|move|p2a: Miraidon|Electro Drift|p1a: Gear Mommy\n|-damage|p1a: Gear Mommy|0 fnt\n|faint|p1a: Gear Mommy\n|\n|-weather|SunnyDay|[upkeep]\n|upkeep\n|\n|t:|1697946040\n|switch|p1a: Love Train|Kyogre, shiny|100\/100\n|-weather|RainDance|[from] ability: Drizzle|[of] p1a: Love Train\n|turn|12\n|\n|t:|1697946045\n|-terastallize|p1a: Love Train|Ground\n|move|p2a: Miraidon|Electro Drift|p1a: Love Train\n|-immune|p1a: Love Train\n|move|p1a: Love Train|Tera Blast|p2a: Miraidon|[anim] Tera Blast Ground\n|-supereffective|p2a: Miraidon\n|-damage|p2a: Miraidon|31\/100\n|\n|-weather|RainDance|[upkeep]\n|upkeep\n|turn|13\n|\n|t:|1697946058\n|move|p2a: Miraidon|Electro Drift|p1a: Love Train\n|-immune|p1a: Love Train\n|move|p1a: Love Train|Tera Blast|p2a: Miraidon|[anim] Tera Blast Ground\n|-supereffective|p2a: Miraidon\n|-damage|p2a: Miraidon|0 fnt\n|faint|p2a: Miraidon\n|\n|-weather|RainDance|[upkeep]\n|upkeep\n|\n|t:|1697946060\n|switch|p2a: Arceus|Arceus|14\/100\n|turn|14\n|\n|t:|1697946067\n|move|p2a: Arceus|Ice Beam|p1a: Love Train\n|-supereffective|p1a: Love Train\n|-damage|p1a: Love Train|59\/100\n|move|p1a: Love Train|Surf|p2a: Arceus\n|-damage|p2a: Arceus|0 fnt\n|faint|p2a: Arceus\n|\n|-weather|RainDance|[upkeep]\n|-heal|p1a: Love Train|65\/100|[from] item: Leftovers\n|upkeep\n|\n|t:|1697946080\n|switch|p2a: Clefable|Clefable, F|100\/100\n|turn|15\n|\n|t:|1697946083\n|move|p1a: Love Train|Tera Blast|p2a: Clefable|[anim] Tera Blast Ground\n|-damage|p2a: Clefable|75\/100\n|move|p2a: Clefable|Moonblast|p1a: Love Train\n|-damage|p1a: Love Train|46\/100\n|\n|-weather|RainDance|[upkeep]\n|-heal|p1a: Love Train|52\/100|[from] item: Leftovers\n|-heal|p2a: Clefable|81\/100|[from] item: Leftovers\n|-fieldend|move: Electric Terrain\n|upkeep\n|turn|16\n|\n|t:|1697946092\n|move|p1a: Love Train|Surf|p2a: Clefable\n|-damage|p2a: Clefable|33\/100\n|move|p2a: Clefable|Wish|p2a: Clefable\n|\n|-weather|none\n|-heal|p1a: Love Train|59\/100|[from] item: Leftovers\n|-heal|p2a: Clefable|40\/100|[from] item: Leftovers\n|upkeep\n|turn|17\n|\n|t:|1697946101\n|move|p2a: Clefable|Protect|p2a: Clefable\n|-singleturn|p2a: Clefable|Protect\n|move|p1a: Love Train|Surf|p2a: Clefable\n|-activate|p2a: Clefable|move: Protect\n|\n|-heal|p2a: Clefable|90\/100|[from] move: Wish|[wisher] Clefable\n|-heal|p1a: Love Train|65\/100|[from] item: Leftovers\n|-heal|p2a: Clefable|96\/100|[from] item: Leftovers\n|upkeep\n|turn|18\n|\n|t:|1697946110\n|move|p1a: Love Train|Surf|p2a: Clefable\n|-damage|p2a: Clefable|67\/100\n|move|p2a: Clefable|Moonblast|p1a: Love Train\n|-damage|p1a: Love Train|46\/100\n|-unboost|p1a: Love Train|spa|1\n|\n|-heal|p1a: Love Train|52\/100|[from] item: Leftovers\n|-heal|p2a: Clefable|73\/100|[from] item: Leftovers\n|upkeep\n|turn|19\n|\n|t:|1697946119\n|move|p1a: Love Train|Calm Mind|p1a: Love Train\n|-boost|p1a: Love Train|spa|1\n|-boost|p1a: Love Train|spd|1\n|move|p2a: Clefable|Wish|p2a: Clefable\n|\n|-heal|p1a: Love Train|58\/100|[from] item: Leftovers\n|-heal|p2a: Clefable|79\/100|[from] item: Leftovers\n|upkeep\n|turn|20\n|\n|t:|1697946126\n|move|p1a: Love Train|Calm Mind|p1a: Love Train\n|-boost|p1a: Love Train|spa|1\n|-boost|p1a: Love Train|spd|1\n|move|p2a: Clefable|Moonblast|p1a: Love Train\n|-damage|p1a: Love Train|38\/100\n|\n|-heal|p2a: Clefable|100\/100|[from] move: Wish|[wisher] Clefable\n|-heal|p1a: Love Train|44\/100|[from] item: Leftovers\n|upkeep\n|turn|21\n|\n|t:|1697946135\n|move|p1a: Love Train|Surf|p2a: Clefable\n|-damage|p2a: Clefable|69\/100\n|move|p2a: Clefable|Moonblast|p1a: Love Train\n|-damage|p1a: Love Train|24\/100\n|\n|-heal|p1a: Love Train|31\/100|[from] item: Leftovers\n|-heal|p2a: Clefable|75\/100|[from] item: Leftovers\n|upkeep\n|turn|22\n|\n|t:|1697946143\n|move|p1a: Love Train|Tera Blast|p2a: Clefable|[anim] Tera Blast Ground\n|-damage|p2a: Clefable|50\/100\n|move|p2a: Clefable|Moonblast|p1a: Love Train\n|-damage|p1a: Love Train|12\/100\n|\n|-heal|p1a: Love Train|18\/100|[from] item: Leftovers\n|-heal|p2a: Clefable|56\/100|[from] item: Leftovers\n|upkeep\n|turn|23\n|\n|t:|1697946152\n|move|p1a: Love Train|Tera Blast|p2a: Clefable|[anim] Tera Blast Ground\n|-damage|p2a: Clefable|31\/100\n|move|p2a: Clefable|Moonblast|p1a: Love Train\n|-crit|p1a: Love Train\n|-damage|p1a: Love Train|0 fnt\n|faint|p1a: Love Train\n|\n|win|123457la\n|raw|Star Man65's rating: 1088 &rarr; <strong>1076<\/strong><br \/>(-12 for losing)\n|raw|123457la's rating: 1278 &rarr; <strong>1291<\/strong><br \/>(+13 for winning)\n","uploadtime":1697946157,"views":30,"p1id":"starman65","p2id":"123457la","formatid":"gen9ubers","rating":1076,"private":0,"password":""}