{"id":"gen9ubers-2000307718","p1":"TrafalgarLaw773","p2":"XAKERSolo","format":"[Gen 9] Ubers","log":"|j|\u2606TrafalgarLaw773\n|j|\u2606XAKERSolo\n|t:|1701183503\n|gametype|singles\n|player|p1|TrafalgarLaw773|turo|\n|player|p2|XAKERSolo|dawn|\n|teamsize|p1|6\n|teamsize|p2|6\n|gen|9\n|tier|[Gen 9] Ubers\n|rule|Sleep Clause Mod: Limit one foe put to sleep\n|rule|Species Clause: Limit one of each Pok\u00e9mon\n|rule|OHKO Clause: OHKO moves are banned\n|rule|Evasion Items Clause: Evasion items are banned\n|rule|Evasion Moves Clause: Evasion moves are banned\n|rule|Endless Battle Clause: Forcing endless battles is banned\n|rule|HP Percentage Mod: HP is shown in percentages\n|clearpoke\n|poke|p1|Chi-Yu|\n|poke|p1|Regieleki|\n|poke|p1|Flutter Mane|\n|poke|p1|Koraidon|\n|poke|p1|Ursaluna-Bloodmoon, M|\n|poke|p1|Landorus-Therian, M|\n|poke|p2|Volcarona, F|\n|poke|p2|Annihilape, F|\n|poke|p2|Gliscor, F|\n|poke|p2|Kingambit, M|\n|poke|p2|Flutter Mane|\n|poke|p2|Ogerpon-Hearthflame, F|\n|teampreview\n|\n|t:|1701183531\n|start\n|switch|p1a: Landorus|Landorus-Therian, M|100\/100\n|switch|p2a: Flutter Mane|Flutter Mane|100\/100\n|-ability|p1a: Landorus|Intimidate|boost\n|-unboost|p2a: Flutter Mane|atk|1\n|-enditem|p2a: Flutter Mane|Booster Energy\n|-activate|p2a: Flutter Mane|ability: Protosynthesis|[fromitem]\n|-start|p2a: Flutter Mane|protosynthesisspe\n|turn|1\n|\n|t:|1701183552\n|switch|p1a: Ursaluna|Ursaluna-Bloodmoon, M|100\/100\n|move|p2a: Flutter Mane|Moonblast|p1a: Ursaluna\n|-damage|p1a: Ursaluna|61\/100\n|-unboost|p1a: Ursaluna|spa|1\n|\n|upkeep\n|turn|2\n|\n|t:|1701183561\n|move|p2a: Flutter Mane|Shadow Ball|p1a: Ursaluna\n|-immune|p1a: Ursaluna\n|move|p1a: Ursaluna|Hyper Voice|p2a: Flutter Mane\n|-damage|p2a: Flutter Mane|64\/100\n|\n|upkeep\n|turn|3\n|c|\u2606XAKERSolo|\u0410\u0410\u0417\u0410\u0425\u0410\u0425\u0410\u0425\u0410\u0425\u0425\u0410\n|c|\u2606XAKERSolo|\u042f \u0417\u0430\u0431\u044b\u043b \u0442\u0438\u043f\u044b \u0443\u0440\u0441\u0430\u043b\u0443\u043d\u044b\n|\n|t:|1701183586\n|move|p2a: Flutter Mane|Moonblast|p1a: Ursaluna\n|-damage|p1a: Ursaluna|20\/100\n|move|p1a: Ursaluna|Hyper Voice|p2a: Flutter Mane\n|-damage|p2a: Flutter Mane|27\/100\n|\n|upkeep\n|turn|4\n|\n|t:|1701183603\n|move|p2a: Flutter Mane|Draining Kiss|p1a: Ursaluna\n|-damage|p1a: Ursaluna|1\/100\n|-heal|p2a: Flutter Mane|52\/100|[from] drain|[of] p1a: Ursaluna\n|move|p1a: Ursaluna|Hyper Voice|p2a: Flutter Mane\n|-damage|p2a: Flutter Mane|18\/100\n|\n|upkeep\n|turn|5\n|\n|t:|1701183609\n|move|p2a: Flutter Mane|Moonblast|p1a: Ursaluna\n|-damage|p1a: Ursaluna|0 fnt\n|faint|p1a: Ursaluna\n|\n|upkeep\n|\n|t:|1701183615\n|switch|p1a: Regieleki|Regieleki|100\/100\n|turn|6\n|\n|t:|1701183618\n|move|p2a: Flutter Mane|Moonblast|p1a: Regieleki\n|-crit|p1a: Regieleki\n|-damage|p1a: Regieleki|0 fnt\n|faint|p1a: Regieleki\n|\n|upkeep\n|\n|t:|1701183629\n|switch|p1a: Koraidon|Koraidon|100\/100\n|-weather|SunnyDay|[from] ability: Orichalcum Pulse|[of] p1a: Koraidon\n|-activate|p1a: Koraidon|Orichalcum Pulse|[source]\n|turn|7\n|\n|t:|1701183636\n|-terastallize|p1a: Koraidon|Steel\n|move|p2a: Flutter Mane|Moonblast|p1a: Koraidon\n|-resisted|p1a: Koraidon\n|-damage|p1a: Koraidon|75\/100\n|move|p1a: Koraidon|Flame Charge|p2a: Flutter Mane\n|-damage|p2a: Flutter Mane|0 fnt\n|-boost|p1a: Koraidon|spe|1\n|faint|p2a: Flutter Mane\n|-end|p2a: Flutter Mane|Protosynthesis|[silent]\n|\n|-weather|SunnyDay|[upkeep]\n|-heal|p1a: Koraidon|81\/100|[from] item: Leftovers\n|upkeep\n|\n|t:|1701183646\n|switch|p2a: Gliscor|Gliscor, F|100\/100\n|turn|8\n|\n|t:|1701183657\n|switch|p1a: Landorus|Landorus-Therian, M|100\/100\n|-ability|p1a: Landorus|Intimidate|boost\n|-unboost|p2a: Gliscor|atk|1\n|-terastallize|p2a: Gliscor|Water\n|move|p2a: Gliscor|Earthquake|p1a: Landorus\n|-immune|p1a: Landorus\n|\n|-weather|SunnyDay|[upkeep]\n|-status|p2a: Gliscor|tox|[from] item: Toxic Orb\n|upkeep\n|turn|9\n|\n|t:|1701183672\n|move|p1a: Landorus|Stealth Rock|p2a: Gliscor\n|-sidestart|p2: XAKERSolo|move: Stealth Rock\n|move|p2a: Gliscor|Dual Wingbeat|p1a: Landorus\n|-damage|p1a: Landorus|89\/100\n|-damage|p2a: Gliscor|84\/100 tox|[from] item: Rocky Helmet|[of] p1a: Landorus\n|-damage|p1a: Landorus|79\/100\n|-damage|p2a: Gliscor|68\/100 tox|[from] item: Rocky Helmet|[of] p1a: Landorus\n|-hitcount|p1a: Landorus|2\n|\n|-weather|SunnyDay|[upkeep]\n|-heal|p2a: Gliscor|80\/100 tox|[from] ability: Poison Heal\n|upkeep\n|turn|10\n|\n|t:|1701183681\n|move|p2a: Gliscor|Protect|p2a: Gliscor\n|-singleturn|p2a: Gliscor|Protect\n|move|p1a: Landorus|Rock Slide|p2a: Gliscor\n|-activate|p2a: Gliscor|move: Protect\n|\n|-weather|SunnyDay|[upkeep]\n|-heal|p2a: Gliscor|93\/100 tox|[from] ability: Poison Heal\n|upkeep\n|turn|11\n|\n|t:|1701183691\n|switch|p2a: Annihilape|Annihilape, F|100\/100\n|-damage|p2a: Annihilape|94\/100|[from] Stealth Rock\n|move|p1a: Landorus|Rock Slide|p2a: Annihilape\n|-resisted|p2a: Annihilape\n|-damage|p2a: Annihilape|81\/100\n|\n|-weather|none\n|-heal|p2a: Annihilape|87\/100|[from] item: Leftovers\n|upkeep\n|turn|12\n|\n|t:|1701183699\n|move|p1a: Landorus|U-turn|p2a: Annihilape\n|-resisted|p2a: Annihilape\n|-damage|p2a: Annihilape|81\/100\n|\n|t:|1701183707\n|switch|p1a: Chi-Yu|Chi-Yu|100\/100|[from] U-turn\n|-ability|p1a: Chi-Yu|Beads of Ruin\n|move|p2a: Annihilape|Bulk Up|p2a: Annihilape\n|-boost|p2a: Annihilape|atk|1\n|-boost|p2a: Annihilape|def|1\n|\n|-heal|p2a: Annihilape|87\/100|[from] item: Leftovers\n|upkeep\n|turn|13\n|\n|t:|1701183751\n|move|p1a: Chi-Yu|Overheat|p2a: Annihilape\n|-damage|p2a: Annihilape|26\/100\n|-unboost|p1a: Chi-Yu|spa|2\n|move|p2a: Annihilape|Drain Punch|p1a: Chi-Yu\n|-supereffective|p1a: Chi-Yu\n|-damage|p1a: Chi-Yu|0 fnt\n|-heal|p2a: Annihilape|56\/100|[from] drain|[of] p1a: Chi-Yu\n|faint|p1a: Chi-Yu\n|\n|-heal|p2a: Annihilape|62\/100|[from] item: Leftovers\n|upkeep\n|\n|t:|1701183758\n|switch|p1a: Landorus|Landorus-Therian, M|79\/100\n|-ability|p1a: Landorus|Intimidate|boost\n|-unboost|p2a: Annihilape|atk|1\n|-ability|p2a: Annihilape|Defiant|boost\n|-boost|p2a: Annihilape|atk|2\n|turn|14\n|\n|t:|1701183772\n|move|p1a: Landorus|Rock Slide|p2a: Annihilape\n|-resisted|p2a: Annihilape\n|-damage|p2a: Annihilape|53\/100\n|cant|p2a: Annihilape|flinch\n|\n|-heal|p2a: Annihilape|59\/100|[from] item: Leftovers\n|upkeep\n|turn|15\n|\n|t:|1701183782\n|move|p1a: Landorus|Rock Slide|p2a: Annihilape\n|-resisted|p2a: Annihilape\n|-damage|p2a: Annihilape|51\/100\n|cant|p2a: Annihilape|flinch\n|\n|-heal|p2a: Annihilape|57\/100|[from] item: Leftovers\n|upkeep\n|turn|16\n|\n|t:|1701183789\n|move|p1a: Landorus|Rock Slide|p2a: Annihilape\n|-resisted|p2a: Annihilape\n|-damage|p2a: Annihilape|48\/100\n|move|p2a: Annihilape|Drain Punch|p1a: Landorus\n|-resisted|p1a: Landorus\n|-damage|p1a: Landorus|46\/100\n|-heal|p2a: Annihilape|61\/100|[from] drain|[of] p1a: Landorus\n|-damage|p2a: Annihilape|44\/100|[from] item: Rocky Helmet|[of] p1a: Landorus\n|\n|-heal|p2a: Annihilape|50\/100|[from] item: Leftovers\n|upkeep\n|turn|17\n|\n|t:|1701183797\n|move|p1a: Landorus|Rock Slide|p2a: Annihilape\n|-resisted|p2a: Annihilape\n|-damage|p2a: Annihilape|42\/100\n|cant|p2a: Annihilape|flinch\n|\n|-heal|p2a: Annihilape|48\/100|[from] item: Leftovers\n|upkeep\n|turn|18\n|\n|t:|1701183806\n|move|p1a: Landorus|Rock Slide|p2a: Annihilape\n|-resisted|p2a: Annihilape\n|-damage|p2a: Annihilape|38\/100\n|move|p2a: Annihilape|Bulk Up|p2a: Annihilape\n|-boost|p2a: Annihilape|atk|1\n|-boost|p2a: Annihilape|def|1\n|\n|-heal|p2a: Annihilape|44\/100|[from] item: Leftovers\n|upkeep\n|turn|19\n|\n|t:|1701183813\n|move|p1a: Landorus|Rock Slide|p2a: Annihilape\n|-resisted|p2a: Annihilape\n|-damage|p2a: Annihilape|37\/100\n|move|p2a: Annihilape|Bulk Up|p2a: Annihilape\n|-boost|p2a: Annihilape|atk|1\n|-boost|p2a: Annihilape|def|1\n|\n|-heal|p2a: Annihilape|43\/100|[from] item: Leftovers\n|upkeep\n|turn|20\n|\n|t:|1701183822\n|move|p1a: Landorus|Rock Slide|p2a: Annihilape\n|-resisted|p2a: Annihilape\n|-damage|p2a: Annihilape|38\/100\n|move|p2a: Annihilape|Bulk Up|p2a: Annihilape\n|-boost|p2a: Annihilape|atk|1\n|-boost|p2a: Annihilape|def|1\n|\n|-heal|p2a: Annihilape|44\/100|[from] item: Leftovers\n|upkeep\n|turn|21\n|\n|t:|1701183853\n|move|p1a: Landorus|Rock Slide|p2a: Annihilape\n|-resisted|p2a: Annihilape\n|-damage|p2a: Annihilape|40\/100\n|cant|p2a: Annihilape|flinch\n|\n|-heal|p2a: Annihilape|46\/100|[from] item: Leftovers\n|upkeep\n|turn|22\n|\n|t:|1701183861\n|move|p1a: Landorus|Rock Slide|p2a: Annihilape\n|-resisted|p2a: Annihilape\n|-damage|p2a: Annihilape|42\/100\n|move|p2a: Annihilape|Bulk Up|p2a: Annihilape\n|-boost|p2a: Annihilape|atk|1\n|-boost|p2a: Annihilape|def|1\n|\n|-heal|p2a: Annihilape|48\/100|[from] item: Leftovers\n|upkeep\n|turn|23\n|\n|t:|1701183869\n|move|p1a: Landorus|Rock Slide|p2a: Annihilape\n|-resisted|p2a: Annihilape\n|-damage|p2a: Annihilape|44\/100\n|move|p2a: Annihilape|Bulk Up|p2a: Annihilape\n|-boost|p2a: Annihilape|atk|0\n|-boost|p2a: Annihilape|def|1\n|\n|-heal|p2a: Annihilape|50\/100|[from] item: Leftovers\n|upkeep\n|turn|24\n|\n|t:|1701183891\n|move|p1a: Landorus|Rock Slide|p2a: Annihilape\n|-resisted|p2a: Annihilape\n|-damage|p2a: Annihilape|47\/100\n|move|p2a: Annihilape|Drain Punch|p1a: Landorus\n|-resisted|p1a: Landorus\n|-damage|p1a: Landorus|0 fnt\n|-heal|p2a: Annihilape|64\/100|[from] drain|[of] p1a: Landorus\n|-damage|p2a: Annihilape|47\/100|[from] item: Rocky Helmet|[of] p1a: Landorus\n|faint|p1a: Landorus\n|\n|-heal|p2a: Annihilape|53\/100|[from] item: Leftovers\n|upkeep\n|\n|t:|1701183898\n|switch|p1a: Flutter Mane|Flutter Mane|100\/100\n|turn|25\n|\n|t:|1701183907\n|move|p1a: Flutter Mane|Dazzling Gleam|p2a: Annihilape\n|-supereffective|p2a: Annihilape\n|-damage|p2a: Annihilape|0 fnt\n|faint|p2a: Annihilape\n|\n|upkeep\n|\n|t:|1701183930\n|switch|p2a: Volcarona|Volcarona, F|100\/100\n|turn|26\n|\n|t:|1701183934\n|move|p1a: Flutter Mane|Dazzling Gleam|p2a: Volcarona\n|-resisted|p2a: Volcarona\n|-crit|p2a: Volcarona\n|-damage|p2a: Volcarona|54\/100\n|move|p2a: Volcarona|Quiver Dance|p2a: Volcarona\n|-boost|p2a: Volcarona|spa|1\n|-boost|p2a: Volcarona|spd|1\n|-boost|p2a: Volcarona|spe|1\n|\n|upkeep\n|turn|27\n|\n|t:|1701183941\n|-end|p1a: Flutter Mane|Protosynthesis|[silent]\n|switch|p1a: Koraidon|Koraidon, tera:Steel|81\/100\n|-weather|SunnyDay|[from] ability: Orichalcum Pulse|[of] p1a: Koraidon\n|-activate|p1a: Koraidon|Orichalcum Pulse|[source]\n|move|p2a: Volcarona|Quiver Dance|p2a: Volcarona\n|-boost|p2a: Volcarona|spa|1\n|-boost|p2a: Volcarona|spd|1\n|-boost|p2a: Volcarona|spe|1\n|\n|-weather|SunnyDay|[upkeep]\n|-heal|p1a: Koraidon|87\/100|[from] item: Leftovers\n|upkeep\n|turn|28\n|\n|t:|1701183961\n|move|p2a: Volcarona|Flamethrower|p1a: Koraidon\n|-supereffective|p1a: Koraidon\n|-damage|p1a: Koraidon|0 fnt\n|faint|p1a: Koraidon\n|\n|-weather|SunnyDay|[upkeep]\n|upkeep\n|\n|t:|1701183964\n|switch|p1a: Flutter Mane|Flutter Mane|100\/100\n|-activate|p1a: Flutter Mane|ability: Protosynthesis\n|-start|p1a: Flutter Mane|protosynthesisspe\n|turn|29\n|\n|t:|1701183983\n|move|p2a: Volcarona|Morning Sun|p2a: Volcarona\n|-heal|p2a: Volcarona|100\/100\n|move|p1a: Flutter Mane|Shadow Ball|p2a: Volcarona\n|-damage|p2a: Volcarona|71\/100\n|\n|-weather|SunnyDay|[upkeep]\n|upkeep\n|turn|30\n|\n|t:|1701183993\n|move|p2a: Volcarona|Flamethrower|p1a: Flutter Mane\n|-damage|p1a: Flutter Mane|0 fnt\n|faint|p1a: Flutter Mane\n|-end|p1a: Flutter Mane|Protosynthesis|[silent]\n|\n|win|XAKERSolo\n","uploadtime":1701184001,"views":4,"p1id":"trafalgarlaw773","p2id":"xakersolo","formatid":"gen9ubers","rating":0,"private":0,"password":""}