{"id":"gen9ubers-1997271309","p1":"justinrockin","p2":"xegrizzy","format":"[Gen 9] Ubers","log":"|j|\u2606justinrockin\n|j|\u2606xegrizzy\n|t:|1700782935\n|gametype|singles\n|player|p1|justinrockin|2|\n|player|p2|xegrizzy|2|\n|teamsize|p1|6\n|teamsize|p2|6\n|gen|9\n|tier|[Gen 9] Ubers\n|rule|Sleep Clause Mod: Limit one foe put to sleep\n|rule|Species Clause: Limit one of each Pok\u00e9mon\n|rule|OHKO Clause: OHKO moves are banned\n|rule|Evasion Items Clause: Evasion items are banned\n|rule|Evasion Moves Clause: Evasion moves are banned\n|rule|Endless Battle Clause: Forcing endless battles is banned\n|rule|HP Percentage Mod: HP is shown in percentages\n|clearpoke\n|poke|p1|Volcarona, F|\n|poke|p1|Greninja-*, F|\n|poke|p1|Landorus-Therian, M|\n|poke|p1|Lycanroc-Dusk, F|\n|poke|p1|Regieleki|\n|poke|p1|Zapdos-Galar|\n|poke|p2|Goodra-Hisui, F|\n|poke|p2|Torkoal, M|\n|poke|p2|Great Tusk|\n|poke|p2|Iron Moth|\n|poke|p2|Clefable, F|\n|poke|p2|Rotom-Wash|\n|teampreview\n|c|\u2606xegrizzy|glhf\n|j| DivogoJota\n|j| Ghantist\n|j| Scottowo\n|\n|t:|1700783012\n|start\n|switch|p1a: Landorus|Landorus-Therian, M|100\/100\n|switch|p2a: Rotom|Rotom-Wash|100\/100\n|-ability|p1a: Landorus|Intimidate|boost\n|-unboost|p2a: Rotom|atk|1\n|turn|1\n|\n|t:|1700783027\n|move|p2a: Rotom|Volt Switch|p1a: Landorus\n|-immune|p1a: Landorus\n|move|p1a: Landorus|Stealth Rock|p2a: Rotom\n|-sidestart|p2: xegrizzy|move: Stealth Rock\n|\n|upkeep\n|turn|2\n|j| curtisthecacnea\n|\n|t:|1700783063\n|switch|p1a: Regieleki|Regieleki|100\/100\n|move|p2a: Rotom|Volt Switch|p1a: Regieleki\n|-resisted|p1a: Regieleki\n|-damage|p1a: Regieleki|75\/100\n|\n|t:|1700783092\n|switch|p2a: Great Tusk|Great Tusk|100\/100|[from] Volt Switch\n|-damage|p2a: Great Tusk|98\/100|[from] Stealth Rock\n|\n|upkeep\n|turn|3\n|\n|t:|1700783100\n|switch|p1a: Landorus|Landorus-Therian, M|100\/100\n|-ability|p1a: Landorus|Intimidate|boost\n|-unboost|p2a: Great Tusk|atk|1\n|move|p2a: Great Tusk|Rapid Spin|p1a: Landorus\n|-damage|p1a: Landorus|93\/100\n|-boost|p2a: Great Tusk|spe|1\n|-sideend|p2: xegrizzy|Stealth Rock|[from] move: Rapid Spin|[of] p2a: Great Tusk\n|\n|-heal|p1a: Landorus|99\/100|[from] item: Leftovers\n|upkeep\n|turn|4\n|\n|t:|1700783130\n|move|p2a: Great Tusk|Knock Off|p1a: Landorus\n|-damage|p1a: Landorus|83\/100\n|-enditem|p1a: Landorus|Leftovers|[from] move: Knock Off|[of] p2a: Great Tusk\n|move|p1a: Landorus|Stealth Rock|p2a: Great Tusk\n|-sidestart|p2: xegrizzy|move: Stealth Rock\n|\n|upkeep\n|turn|5\n|\n|t:|1700783138\n|move|p2a: Great Tusk|Rapid Spin|p1a: Landorus\n|-damage|p1a: Landorus|76\/100\n|-boost|p2a: Great Tusk|spe|1\n|-sideend|p2: xegrizzy|Stealth Rock|[from] move: Rapid Spin|[of] p2a: Great Tusk\n|move|p1a: Landorus|Grass Knot|p2a: Great Tusk\n|-supereffective|p2a: Great Tusk\n|-crit|p2a: Great Tusk\n|-damage|p2a: Great Tusk|50\/100\n|\n|upkeep\n|turn|6\n|c| Scottowo|GRASS KNOT?\n|\n|t:|1700783171\n|-end|p2a: Great Tusk|Protosynthesis|[silent]\n|switch|p2a: Rotom|Rotom-Wash|100\/100\n|move|p1a: Landorus|Stealth Rock|p2a: Rotom\n|-sidestart|p2: xegrizzy|move: Stealth Rock\n|\n|upkeep\n|turn|7\n|\n|t:|1700783181\n|move|p2a: Rotom|Hydro Pump|p1a: Landorus\n|-supereffective|p1a: Landorus\n|-damage|p1a: Landorus|0 fnt\n|faint|p1a: Landorus\n|\n|upkeep\n|c| Scottowo|Stealth Rocks.\n|\n|t:|1700783192\n|switch|p1a: Regieleki|Regieleki|75\/100\n|turn|8\n|\n|t:|1700783206\n|switch|p1a: Zapdos|Zapdos-Galar|100\/100\n|switch|p2a: Great Tusk|Great Tusk|50\/100\n|-damage|p2a: Great Tusk|48\/100|[from] Stealth Rock\n|\n|upkeep\n|turn|9\n|c|\u2606xegrizzy|i just realized we got some dawn on dawn action\n|\n|t:|1700783233\n|move|p1a: Zapdos|U-turn|p2a: Great Tusk\n|-resisted|p2a: Great Tusk\n|-damage|p2a: Great Tusk|36\/100\n|\n|t:|1700783239\n|switch|p1a: Greninja|Greninja, F|100\/100|[from] U-turn\n|move|p2a: Great Tusk|Rapid Spin|p1a: Greninja\n|-damage|p1a: Greninja|69\/100\n|-boost|p2a: Great Tusk|spe|1\n|-sideend|p2: xegrizzy|Stealth Rock|[from] move: Rapid Spin|[of] p2a: Great Tusk\n|\n|upkeep\n|turn|10\n|c| DivogoJota|Usually I have to go to certain sites for that\n|c| Scottowo|O_O\n|c| DivogoJota|nvm nvm\n|\n|t:|1700783262\n|-end|p2a: Great Tusk|Protosynthesis|[silent]\n|switch|p2a: Rotom|Rotom-Wash|100\/100\n|move|p1a: Greninja|Surf|p2a: Rotom\n|-start|p1a: Greninja|typechange|Water|[from] ability: Protean\n|-resisted|p2a: Rotom\n|-damage|p2a: Rotom|80\/100\n|\n|upkeep\n|turn|11\n|\n|t:|1700783313\n|switch|p1a: Volcarona|Volcarona, F|100\/100\n|move|p2a: Rotom|Volt Switch|p1a: Volcarona\n|-damage|p1a: Volcarona|72\/100\n|\n|t:|1700783319\n|switch|p2a: Goodra|Goodra-Hisui, F|100\/100|[from] Volt Switch\n|\n|upkeep\n|turn|12\n|\n|t:|1700783332\n|switch|p1a: Zapdos|Zapdos-Galar|100\/100\n|move|p2a: Goodra|Rock Slide|p1a: Zapdos\n|-damage|p1a: Zapdos|78\/100\n|\n|upkeep\n|turn|13\n|\n|t:|1700783343\n|switch|p2a: Clefable|Clefable, F|100\/100\n|move|p1a: Zapdos|Close Combat|p2a: Clefable\n|-resisted|p2a: Clefable\n|-damage|p2a: Clefable|67\/100\n|-unboost|p1a: Zapdos|def|1\n|-unboost|p1a: Zapdos|spd|1\n|\n|-heal|p2a: Clefable|73\/100|[from] item: Leftovers\n|upkeep\n|turn|14\n|\n|t:|1700783391\n|switch|p1a: Volcarona|Volcarona, F|72\/100\n|move|p2a: Clefable|Wish|p2a: Clefable\n|\n|-heal|p2a: Clefable|79\/100|[from] item: Leftovers\n|upkeep\n|turn|15\n|\n|t:|1700783406\n|switch|p2a: Great Tusk|Great Tusk|36\/100\n|move|p1a: Volcarona|Quiver Dance|p1a: Volcarona\n|-boost|p1a: Volcarona|spa|1\n|-boost|p1a: Volcarona|spd|1\n|-boost|p1a: Volcarona|spe|1\n|\n|-heal|p2a: Great Tusk|82\/100|[from] move: Wish|[wisher] Clefable\n|upkeep\n|turn|16\n|\n|t:|1700783416\n|move|p1a: Volcarona|Psychic|p2a: Great Tusk\n|-supereffective|p2a: Great Tusk\n|-damage|p2a: Great Tusk|27\/100\n|move|p2a: Great Tusk|Rock Slide|p1a: Volcarona\n|-supereffective|p1a: Volcarona\n|-damage|p1a: Volcarona|0 fnt\n|faint|p1a: Volcarona\n|\n|upkeep\n|\n|t:|1700783468\n|switch|p1a: Lycanroc|Lycanroc-Dusk, F|100\/100\n|turn|17\n|\n|t:|1700783475\n|move|p1a: Lycanroc|Psychic Fangs|p2a: Great Tusk\n|-supereffective|p2a: Great Tusk\n|-damage|p2a: Great Tusk|0 fnt\n|faint|p2a: Great Tusk\n|-end|p2a: Great Tusk|Protosynthesis|[silent]\n|-damage|p1a: Lycanroc|91\/100|[from] item: Life Orb\n|\n|upkeep\n|\n|t:|1700783502\n|switch|p2a: Rotom|Rotom-Wash|80\/100\n|turn|18\n|c| Scottowo|cant wait for the justin pov\n|\n|t:|1700783513\n|switch|p1a: Regieleki|Regieleki|75\/100\n|move|p2a: Rotom|Thunder Wave|p1a: Regieleki\n|-immune|p1a: Regieleki\n|\n|upkeep\n|turn|19\n|\n|t:|1700783526\n|switch|p2a: Goodra|Goodra-Hisui, F|100\/100\n|move|p1a: Regieleki|Volt Switch|p2a: Goodra\n|-resisted|p2a: Goodra\n|-damage|p2a: Goodra|91\/100\n|\n|t:|1700783544\n|switch|p1a: Lycanroc|Lycanroc-Dusk, F|91\/100|[from] Volt Switch\n|\n|upkeep\n|turn|20\n|\n|t:|1700783595\n|move|p1a: Lycanroc|Close Combat|p2a: Goodra\n|-supereffective|p2a: Goodra\n|-damage|p2a: Goodra|3\/100\n|-unboost|p1a: Lycanroc|def|1\n|-unboost|p1a: Lycanroc|spd|1\n|-damage|p1a: Lycanroc|81\/100|[from] item: Life Orb\n|move|p2a: Goodra|Heavy Slam|p1a: Lycanroc\n|-supereffective|p1a: Lycanroc\n|-damage|p1a: Lycanroc|0 fnt\n|faint|p1a: Lycanroc\n|\n|upkeep\n|\n|t:|1700783611\n|switch|p1a: Regieleki|Regieleki|75\/100\n|turn|21\n|c| Scottowo|cc a roll there?\n|\n|t:|1700783622\n|move|p1a: Regieleki|Rapid Spin|p2a: Goodra\n|-resisted|p2a: Goodra\n|-damage|p2a: Goodra|0 fnt\n|-boost|p1a: Regieleki|spe|1\n|faint|p2a: Goodra\n|\n|upkeep\n|c| DivogoJota|Assume so\n|\n|t:|1700783644\n|switch|p2a: Iron Moth|Iron Moth|100\/100\n|-enditem|p2a: Iron Moth|Booster Energy\n|-activate|p2a: Iron Moth|ability: Quark Drive|[fromitem]\n|-start|p2a: Iron Moth|quarkdrivespe\n|turn|22\n|c|\u2606xegrizzy|i was fully def\n|c| DivogoJota|post game we will learn the percentage\n|c|\u2606xegrizzy|idk if it was\n|\n|t:|1700783664\n|move|p1a: Regieleki|Explosion|p2a: Iron Moth\n|-damage|p2a: Iron Moth|3\/100\n|faint|p1a: Regieleki\n|move|p2a: Iron Moth|Fiery Dance|p1: Regieleki|[notarget]\n|-fail|p2a: Iron Moth\n|\n|upkeep\n|c| Scottowo|what\n|\n|t:|1700783671\n|switch|p1a: Greninja|Greninja, F|69\/100\n|turn|23\n|c| Scottowo|how\n|\n|t:|1700783681\n|move|p1a: Greninja|U-turn|p2a: Iron Moth\n|-start|p1a: Greninja|typechange|Bug|[from] ability: Protean\n|-resisted|p2a: Iron Moth\n|-damage|p2a: Iron Moth|0 fnt\n|faint|p2a: Iron Moth\n|-end|p2a: Iron Moth|Quark Drive|[silent]\n|\n|t:|1700783693\n|switch|p1a: Zapdos|Zapdos-Galar|78\/100|[from] U-turn\n|\n|upkeep\n|\n|t:|1700783699\n|switch|p2a: Clefable|Clefable, F|79\/100\n|turn|24\n|\n|t:|1700783720\n|move|p2a: Clefable|Protect|p2a: Clefable\n|-singleturn|p2a: Clefable|Protect\n|move|p1a: Zapdos|Brave Bird|p2a: Clefable\n|-activate|p2a: Clefable|move: Protect\n|\n|-heal|p2a: Clefable|85\/100|[from] item: Leftovers\n|upkeep\n|turn|25\n|\n|t:|1700783729\n|move|p1a: Zapdos|Brave Bird|p2a: Clefable\n|-damage|p2a: Clefable|20\/100\n|-damage|p1a: Zapdos|51\/100|[from] Recoil\n|move|p2a: Clefable|Moonblast|p1a: Zapdos\n|-supereffective|p1a: Zapdos\n|-damage|p1a: Zapdos|0 fnt\n|faint|p1a: Zapdos\n|\n|-heal|p2a: Clefable|26\/100|[from] item: Leftovers\n|upkeep\n|\n|t:|1700783740\n|switch|p1a: Greninja|Greninja, F|69\/100\n|turn|26\n|\n|t:|1700783748\n|move|p2a: Clefable|Protect|p2a: Clefable\n|-singleturn|p2a: Clefable|Protect\n|move|p1a: Greninja|Dark Pulse|p2a: Clefable\n|-start|p1a: Greninja|typechange|Dark|[from] ability: Protean\n|-activate|p2a: Clefable|move: Protect\n|\n|-heal|p2a: Clefable|32\/100|[from] item: Leftovers\n|upkeep\n|turn|27\n|\n|t:|1700783759\n|move|p1a: Greninja|Dark Pulse|p2a: Clefable\n|-resisted|p2a: Clefable\n|-damage|p2a: Clefable|16\/100\n|move|p2a: Clefable|Moonblast|p1a: Greninja\n|-supereffective|p1a: Greninja\n|-damage|p1a: Greninja|0 fnt\n|faint|p1a: Greninja\n|\n|win|xegrizzy\n|c| DivogoJota|gg\n|c|\u2606xegrizzy|gg\n|c| Scottowo|wow\n|c| Scottowo|spectacular battle guys\n|c|\u2606justinrockin|Ggs\n|c|\u2606xegrizzy|undefeated no more had to do it respecc\n|l| curtisthecacnea\n|c| DivogoJota|Super remains the only undefeated regular season- though Justin\u2019s streak last longer\n","uploadtime":1700783796,"views":39,"p1id":"justinrockin","p2id":"xegrizzy","formatid":"gen9ubers","rating":0,"private":0,"password":""}