{"id":"gen9ubers-1999875766","p1":"ShadowB2W2","p2":"Wrooder","format":"[Gen 9] Ubers","log":"|j|\u2606ShadowB2W2\n|j|\u2606Wrooder\n|t:|1701125264\n|gametype|singles\n|player|p1|ShadowB2W2|nate|1079\n|player|p2|Wrooder|169|1040\n|teamsize|p1|6\n|teamsize|p2|6\n|gen|9\n|tier|[Gen 9] Ubers\n|rated|\n|rule|Sleep Clause Mod: Limit one foe put to sleep\n|rule|Species Clause: Limit one of each Pok\u00e9mon\n|rule|OHKO Clause: OHKO moves are banned\n|rule|Evasion Items Clause: Evasion items are banned\n|rule|Evasion Moves Clause: Evasion moves are banned\n|rule|Endless Battle Clause: Forcing endless battles is banned\n|rule|HP Percentage Mod: HP is shown in percentages\n|clearpoke\n|poke|p1|Annihilape, M|\n|poke|p1|Baxcalibur, M|\n|poke|p1|Miraidon|\n|poke|p1|Raichu-Alola, F|\n|poke|p1|Kyogre|\n|poke|p1|Zacian-*|\n|poke|p2|Darkrai|\n|poke|p2|Arceus|\n|poke|p2|Dialga-Origin|\n|poke|p2|Zacian-*|\n|poke|p2|Koraidon|\n|poke|p2|Espathra, F|\n|teampreview\n|\n|t:|1701125274\n|start\n|switch|p1a: Kyogre|Kyogre|100\/100\n|switch|p2a: Darkrai|Darkrai|100\/100\n|-weather|RainDance|[from] ability: Drizzle|[of] p1a: Kyogre\n|turn|1\n|\n|t:|1701125284\n|move|p2a: Darkrai|Hypnosis|p1a: Kyogre\n|-status|p1a: Kyogre|slp|[from] move: Hypnosis\n|cant|p1a: Kyogre|slp\n|\n|-weather|RainDance|[upkeep]\n|-damage|p1a: Kyogre|88\/100 slp|[from] ability: Bad Dreams|[of] p2a: Darkrai\n|upkeep\n|turn|2\n|\n|t:|1701125294\n|switch|p1a: Zacian|Zacian-Crowned|100\/100\n|-ability|p1a: Zacian|Intrepid Sword|boost\n|-boost|p1a: Zacian|atk|1\n|move|p2a: Darkrai|Dark Pulse|p1a: Zacian\n|-resisted|p1a: Zacian\n|-damage|p1a: Zacian|83\/100\n|\n|-weather|RainDance|[upkeep]\n|upkeep\n|turn|3\n|\n|t:|1701125304\n|move|p1a: Zacian|Play Rough|p2a: Darkrai\n|-supereffective|p2a: Darkrai\n|-damage|p2a: Darkrai|0 fnt\n|faint|p2a: Darkrai\n|\n|-weather|RainDance|[upkeep]\n|upkeep\n|\n|t:|1701125321\n|switch|p2a: Zacian|Zacian-Crowned|100\/100\n|-ability|p2a: Zacian|Intrepid Sword|boost\n|-boost|p2a: Zacian|atk|1\n|turn|4\n|\n|t:|1701125329\n|move|p1a: Zacian|Sacred Sword|p2a: Zacian\n|-damage|p2a: Zacian|60\/100\n|move|p2a: Zacian|Behemoth Blade|p1a: Zacian\n|-damage|p1a: Zacian|5\/100\n|\n|-weather|RainDance|[upkeep]\n|upkeep\n|turn|5\n|\n|t:|1701125337\n|move|p1a: Zacian|Behemoth Blade|p2a: Zacian\n|-damage|p2a: Zacian|0 fnt\n|faint|p2a: Zacian\n|\n|-weather|none\n|upkeep\n|\n|t:|1701125347\n|switch|p2a: Espathra|Espathra, F|100\/100\n|turn|6\n|\n|t:|1701125352\n|move|p2a: Espathra|Protect|p2a: Espathra\n|-singleturn|p2a: Espathra|Protect\n|move|p1a: Zacian|Behemoth Blade|p2a: Espathra\n|-activate|p2a: Espathra|move: Protect\n|\n|-ability|p2a: Espathra|Speed Boost|boost\n|-boost|p2a: Espathra|spe|1\n|upkeep\n|turn|7\n|\n|t:|1701125360\n|move|p1a: Zacian|Behemoth Blade|p2a: Espathra\n|-damage|p2a: Espathra|0 fnt\n|faint|p2a: Espathra\n|\n|upkeep\n|\n|t:|1701125369\n|switch|p2a: Arceus|Arceus|100\/100\n|turn|8\n|\n|t:|1701125377\n|move|p1a: Zacian|Sacred Sword|p2a: Arceus\n|-supereffective|p2a: Arceus\n|-damage|p2a: Arceus|23\/100\n|move|p2a: Arceus|Stored Power|p1a: Zacian\n|-resisted|p1a: Zacian\n|-damage|p1a: Zacian|2\/100\n|\n|upkeep\n|turn|9\n|\n|t:|1701125388\n|move|p1a: Zacian|Trailblaze|p2a: Arceus\n|-damage|p2a: Arceus|2\/100\n|-boost|p1a: Zacian|spe|1\n|move|p2a: Arceus|Cosmic Power|p2a: Arceus\n|-boost|p2a: Arceus|def|1\n|-boost|p2a: Arceus|spd|1\n|\n|upkeep\n|turn|10\n|\n|t:|1701125398\n|move|p1a: Zacian|Behemoth Blade|p2a: Arceus\n|-damage|p2a: Arceus|0 fnt\n|faint|p2a: Arceus\n|\n|upkeep\n|\n|t:|1701125402\n|switch|p2a: Dialga|Dialga-Origin|100\/100\n|-ability|p2a: Dialga|Pressure\n|turn|11\n|\n|t:|1701125415\n|move|p1a: Zacian|Sacred Sword|p2a: Dialga\n|-supereffective|p2a: Dialga\n|-damage|p2a: Dialga|27\/100\n|move|p2a: Dialga|Dragon Tail|p1a: Zacian\n|-immune|p1a: Zacian\n|\n|upkeep\n|turn|12\n|-message|Wrooder forfeited.\n|\n|win|ShadowB2W2\n|raw|ShadowB2W2's rating: 1079 &rarr; <strong>1104<\/strong><br \/>(+25 for winning)\n|raw|Wrooder's rating: 1040 &rarr; <strong>1026<\/strong><br \/>(-14 for losing)\n|l|\u2606Wrooder\n","uploadtime":1701125429,"views":1,"p1id":"shadowb2w2","p2id":"wrooder","formatid":"gen9ubers","rating":1026,"private":0,"password":""}