{"id":"gen9ubers-1971786244","p1":"JereyQ123456789","p2":"bbcmvp","format":"[Gen 9] Ubers","log":"|j|\u2606JereyQ123456789\n|j|\u2606bbcmvp\n|t:|1697772129\n|gametype|singles\n|player|p1|JereyQ123456789|lucas|1150\n|player|p2|bbcmvp|lucas|1043\n|teamsize|p1|6\n|teamsize|p2|6\n|gen|9\n|tier|[Gen 9] Ubers\n|rated|\n|rule|Sleep Clause Mod: Limit one foe put to sleep\n|rule|Species Clause: Limit one of each Pok\u00e9mon\n|rule|OHKO Clause: OHKO moves are banned\n|rule|Evasion Items Clause: Evasion items are banned\n|rule|Evasion Moves Clause: Evasion moves are banned\n|rule|Endless Battle Clause: Forcing endless battles is banned\n|rule|HP Percentage Mod: HP is shown in percentages\n|clearpoke\n|poke|p1|Koraidon|\n|poke|p1|Arceus-Fire|\n|poke|p1|Ribombee, F|\n|poke|p1|Groudon|\n|poke|p1|Flutter Mane|\n|poke|p1|Great Tusk|\n|poke|p2|Haxorus, F|\n|poke|p2|Zapdos-Galar|\n|poke|p2|Kingambit, M|\n|poke|p2|Chi-Yu|\n|poke|p2|Regieleki|\n|poke|p2|Greninja-*, M|\n|teampreview\n|inactive|Battle timer is ON: inactive players will automatically lose when time's up. (requested by bbcmvp)\n|\n|t:|1697772226\n|start\n|switch|p1a: That Guy|Ribombee, F, shiny|100\/100\n|switch|p2a: Haxorus|Haxorus, F, shiny|100\/100\n|-ability|p2a: Haxorus|Mold Breaker\n|turn|1\n|\n|t:|1697772248\n|move|p1a: That Guy|Sticky Web|p2a: Haxorus\n|-sidestart|p2: bbcmvp|move: Sticky Web\n|move|p2a: Haxorus|Iron Head|p1a: That Guy\n|-supereffective|p1a: That Guy\n|-enditem|p1a: That Guy|Focus Sash\n|-damage|p1a: That Guy|1\/100\n|\n|upkeep\n|turn|2\n|inactive|bbcmvp has 120 seconds left.\n|\n|t:|1697772274\n|move|p1a: That Guy|Moonblast|p2a: Haxorus\n|-supereffective|p2a: Haxorus\n|-damage|p2a: Haxorus|0 fnt\n|faint|p2a: Haxorus\n|\n|upkeep\n|inactive|bbcmvp has 120 seconds left.\n|\n|t:|1697772279\n|switch|p2a: Greninja|Greninja, M|100\/100\n|-activate|p2a: Greninja|move: Sticky Web\n|-unboost|p2a: Greninja|spe|1\n|turn|3\n|\n|t:|1697772284\n|move|p2a: Greninja|Water Shuriken|p1a: That Guy\n|-damage|p1a: That Guy|0 fnt\n|faint|p1a: That Guy\n|-ability|p2a: Greninja|Battle Bond|boost\n|-boost|p2a: Greninja|atk|1\n|-boost|p2a: Greninja|spa|1\n|-boost|p2a: Greninja|spe|1\n|-activate|p2a: Greninja|ability: Battle Bond\n|-hitcount|p1: That Guy|1\n|\n|upkeep\n|\n|t:|1697772292\n|switch|p1a: Mr. Assault|Koraidon|100\/100\n|-weather|SunnyDay|[from] ability: Orichalcum Pulse|[of] p1a: Mr. Assault\n|-activate|p1a: Mr. Assault|Orichalcum Pulse|[source]\n|turn|4\n|\n|t:|1697772302\n|move|p1a: Mr. Assault|Collision Course|p2a: Greninja\n|-supereffective|p2a: Greninja\n|-damage|p2a: Greninja|0 fnt\n|faint|p2a: Greninja\n|\n|-weather|SunnyDay|[upkeep]\n|upkeep\n|\n|t:|1697772319\n|switch|p2a: Regieleki|Regieleki|100\/100\n|-activate|p2a: Regieleki|move: Sticky Web\n|-unboost|p2a: Regieleki|spe|1\n|turn|5\n|\n|t:|1697772328\n|move|p1a: Mr. Assault|Flame Charge|p2a: Regieleki\n|-damage|p2a: Regieleki|24\/100\n|-boost|p1a: Mr. Assault|spe|1\n|move|p2a: Regieleki|Thunderbolt|p1a: Mr. Assault\n|-resisted|p1a: Mr. Assault\n|-damage|p1a: Mr. Assault|74\/100\n|\n|-weather|SunnyDay|[upkeep]\n|upkeep\n|turn|6\n|\n|t:|1697772342\n|move|p1a: Mr. Assault|Flame Charge|p2a: Regieleki\n|-damage|p2a: Regieleki|0 fnt\n|-boost|p1a: Mr. Assault|spe|1\n|faint|p2a: Regieleki\n|\n|-weather|SunnyDay|[upkeep]\n|upkeep\n|\n|t:|1697772352\n|switch|p2a: Zapdos|Zapdos-Galar|100\/100\n|turn|7\n|\n|t:|1697772356\n|move|p1a: Mr. Assault|Dragon Claw|p2a: Zapdos\n|-damage|p2a: Zapdos|32\/100\n|move|p2a: Zapdos|Brave Bird|p1a: Mr. Assault\n|-supereffective|p1a: Mr. Assault\n|-damage|p1a: Mr. Assault|0 fnt\n|faint|p1a: Mr. Assault\n|-damage|p2a: Zapdos|6\/100|[from] Recoil\n|\n|-weather|SunnyDay|[upkeep]\n|upkeep\n|\n|t:|1697772368\n|switch|p1a: Baller Tusk|Great Tusk|100\/100\n|-activate|p1a: Baller Tusk|ability: Protosynthesis\n|-start|p1a: Baller Tusk|protosynthesisdef\n|turn|8\n|\n|t:|1697772392\n|move|p2a: Zapdos|Brave Bird|p1a: Baller Tusk\n|-supereffective|p1a: Baller Tusk\n|-damage|p1a: Baller Tusk|38\/100\n|-damage|p2a: Zapdos|0 fnt|[from] Recoil\n|faint|p2a: Zapdos\n|move|p1a: Baller Tusk|Rapid Spin|p2: Zapdos|[notarget]\n|-fail|p1a: Baller Tusk\n|\n|-weather|none\n|-end|p1a: Baller Tusk|Protosynthesis\n|upkeep\n|\n|t:|1697772402\n|switch|p2a: Chi-Yu|Chi-Yu|100\/100\n|-activate|p2a: Chi-Yu|move: Sticky Web\n|-unboost|p2a: Chi-Yu|spe|1\n|-ability|p2a: Chi-Yu|Beads of Ruin\n|turn|9\n|\n|t:|1697772411\n|move|p1a: Baller Tusk|Earthquake|p2a: Chi-Yu\n|-supereffective|p2a: Chi-Yu\n|-damage|p2a: Chi-Yu|0 fnt\n|faint|p2a: Chi-Yu\n|\n|upkeep\n|\n|t:|1697772415\n|switch|p2a: Kingambit|Kingambit, M|100\/100\n|-activate|p2a: Kingambit|move: Sticky Web\n|-unboost|p2a: Kingambit|spe|1\n|-activate|p2a: Kingambit|ability: Supreme Overlord\n|-start|p2a: Kingambit|fallen5|[silent]\n|turn|10\n|\n|t:|1697772423\n|-terastallize|p2a: Kingambit|Dark\n|move|p2a: Kingambit|Sucker Punch|p1a: Baller Tusk\n|-resisted|p1a: Baller Tusk\n|-crit|p1a: Baller Tusk\n|-damage|p1a: Baller Tusk|5\/100\n|move|p1a: Baller Tusk|Body Press|p2a: Kingambit\n|-supereffective|p2a: Kingambit\n|-damage|p2a: Kingambit|22\/100\n|\n|upkeep\n|turn|11\n|\n|t:|1697772432\n|move|p2a: Kingambit|Sucker Punch|p1a: Baller Tusk\n|-resisted|p1a: Baller Tusk\n|-damage|p1a: Baller Tusk|0 fnt\n|faint|p1a: Baller Tusk\n|-end|p1a: Baller Tusk|Protosynthesis|[silent]\n|\n|upkeep\n|\n|t:|1697772438\n|switch|p1a: GOD|Arceus-Fire|100\/100\n|turn|12\n|c|\u2606bbcmvp|KING GAMBIT\n|\n|t:|1697772444\n|move|p2a: Kingambit|Sucker Punch||[still]\n|-fail|p2a: Kingambit\n|move|p1a: GOD|Calm Mind|p1a: GOD\n|-boost|p1a: GOD|spa|1\n|-boost|p1a: GOD|spd|1\n|\n|upkeep\n|turn|13\n|\n|t:|1697772451\n|move|p1a: GOD|Calm Mind|p1a: GOD\n|-boost|p1a: GOD|spa|1\n|-boost|p1a: GOD|spd|1\n|move|p2a: Kingambit|Swords Dance|p2a: Kingambit\n|-boost|p2a: Kingambit|atk|2\n|\n|upkeep\n|turn|14\n|\n|t:|1697772458\n|move|p2a: Kingambit|Sucker Punch|p1a: GOD\n|-damage|p1a: GOD|0 fnt\n|faint|p1a: GOD\n|\n|upkeep\n|\n|t:|1697772463\n|switch|p1a: Volcano|Groudon|100\/100\n|-weather|SunnyDay|[from] ability: Drought|[of] p1a: Volcano\n|turn|15\n|c|\u2606bbcmvp|KING GAMBIT GAINS ENERGY FROM THE FALLEN\n|\n|t:|1697772474\n|move|p2a: Kingambit|Sucker Punch|p1a: Volcano\n|-damage|p1a: Volcano|0 fnt\n|faint|p1a: Volcano\n|\n|-weather|SunnyDay|[upkeep]\n|upkeep\n|\n|t:|1697772480\n|switch|p1a: I am speed|Flutter Mane|100\/100\n|-activate|p1a: I am speed|ability: Protosynthesis\n|-start|p1a: I am speed|protosynthesisspe\n|turn|16\n|c|\u2606bbcmvp|CMON\n|\n|t:|1697772488\n|-terastallize|p1a: I am speed|Fairy\n|move|p2a: Kingambit|Sucker Punch|p1a: I am speed\n|-resisted|p1a: I am speed\n|-damage|p1a: I am speed|0 fnt\n|faint|p1a: I am speed\n|-end|p1a: I am speed|Protosynthesis|[silent]\n|\n|win|bbcmvp\n|raw|JereyQ123456789's rating: 1150 &rarr; <strong>1118<\/strong><br \/>(-32 for losing)\n|raw|bbcmvp's rating: 1043 &rarr; <strong>1087<\/strong><br \/>(+44 for winning)\n|l|\u2606JereyQ123456789\n|c|\u2606bbcmvp|OMG\n","uploadtime":1697772518,"views":7,"p1id":"jereyq123456789","p2id":"bbcmvp","formatid":"gen9ubers","rating":1087,"private":0,"password":""}