{"id":"gen9ubers-1987006176","p1":"1P1o1s1h1e1","p2":"AlicieLizzie","format":"[Gen 9] Ubers","log":"|j|\u26061P1o1s1h1e1\n|j|\u2606AlicieLizzie\n|t:|1699548416\n|gametype|singles\n|player|p1|1P1o1s1h1e1|169|\n|player|p2|AlicieLizzie|marnie-masters3|\n|teamsize|p1|6\n|teamsize|p2|6\n|gen|9\n|tier|[Gen 9] Ubers\n|rule|Sleep Clause Mod: Limit one foe put to sleep\n|rule|Species Clause: Limit one of each Pok\u00e9mon\n|rule|OHKO Clause: OHKO moves are banned\n|rule|Evasion Items Clause: Evasion items are banned\n|rule|Evasion Moves Clause: Evasion moves are banned\n|rule|Endless Battle Clause: Forcing endless battles is banned\n|rule|HP Percentage Mod: HP is shown in percentages\n|clearpoke\n|poke|p1|Ursaluna-Bloodmoon, M|\n|poke|p1|Rillaboom, F|\n|poke|p1|Arceus-Ghost|\n|poke|p1|Dialga-Origin|\n|poke|p1|Iron Moth|\n|poke|p1|Cyclizar, M|\n|poke|p2|Pelipper, M|\n|poke|p2|Overqwil, M|\n|poke|p2|Zapdos|\n|poke|p2|Palkia-Origin|\n|poke|p2|Landorus, M|\n|poke|p2|Arceus-Grass|\n|teampreview\n|inactive|Battle timer is ON: inactive players will automatically lose when time's up. (requested by AlicieLizzie)\n|c|\u26061P1o1s1h1e1|glhf\n|\n|t:|1699548438\n|start\n|switch|p1a: Cyclizar|Cyclizar, M|100\/100\n|switch|p2a: der nebel kommt|Pelipper, M|100\/100\n|-weather|RainDance|[from] ability: Drizzle|[of] p2a: der nebel kommt\n|turn|1\n|\n|t:|1699548443\n|move|p1a: Cyclizar|Shed Tail|p1a: Cyclizar\n|-start|p1a: Cyclizar|Substitute|[from] move: Shed Tail\n|-damage|p1a: Cyclizar|50\/100\n|\n|t:|1699548446\n|switch|p1a: GodsStrongestDraco|Dialga-Origin|100\/100|[from] Shed Tail\n|-ability|p1a: GodsStrongestDraco|Pressure\n|move|p2a: der nebel kommt|U-turn|p1a: GodsStrongestDraco\n|-resisted|p1a: GodsStrongestDraco\n|-activate|p1a: GodsStrongestDraco|move: Substitute|[damage]\n|\n|t:|1699548454\n|switch|p2a: dad (with belt)|Landorus, M|100\/100|[from] U-turn\n|\n|-weather|RainDance|[upkeep]\n|upkeep\n|turn|2\n|\n|t:|1699548459\n|move|p2a: dad (with belt)|Sandsear Storm|p1a: GodsStrongestDraco\n|-supereffective|p1a: GodsStrongestDraco\n|-end|p1a: GodsStrongestDraco|Substitute\n|move|p1a: GodsStrongestDraco|Draco Meteor|p2a: dad (with belt)\n|-damage|p2a: dad (with belt)|0 fnt\n|-unboost|p1a: GodsStrongestDraco|spa|2\n|faint|p2a: dad (with belt)\n|\n|-weather|RainDance|[upkeep]\n|upkeep\n|\n|t:|1699548473\n|switch|p2a: fuckin honse|Palkia-Origin|100\/100\n|-ability|p2a: fuckin honse|Pressure\n|turn|3\n|\n|t:|1699548476\n|move|p2a: fuckin honse|Earth Power|p1a: GodsStrongestDraco\n|-supereffective|p1a: GodsStrongestDraco\n|-damage|p1a: GodsStrongestDraco|52\/100\n|move|p1a: GodsStrongestDraco|Thunder Wave|p2a: fuckin honse\n|-status|p2a: fuckin honse|par\n|\n|-weather|RainDance|[upkeep]\n|upkeep\n|turn|4\n|j| the tr4sh man\n|\n|t:|1699548485\n|switch|p1a: Rillaboom|Rillaboom, F|100\/100\n|-fieldstart|move: Grassy Terrain|[from] ability: Grassy Surge|[of] p1a: Rillaboom\n|cant|p2a: fuckin honse|par\n|\n|-weather|RainDance|[upkeep]\n|upkeep\n|turn|5\n|\n|t:|1699548494\n|move|p1a: Rillaboom|U-turn|p2a: fuckin honse\n|-damage|p2a: fuckin honse|72\/100 par\n|\n|t:|1699548500\n|switch|p1a: GodsStrongestDraco|Dialga-Origin|52\/100|[from] U-turn\n|-ability|p1a: GodsStrongestDraco|Pressure\n|move|p2a: fuckin honse|Substitute|p2a: fuckin honse\n|-start|p2a: fuckin honse|Substitute\n|-damage|p2a: fuckin honse|47\/100 par\n|\n|-weather|RainDance|[upkeep]\n|-heal|p1a: GodsStrongestDraco|59\/100|[from] Grassy Terrain\n|-heal|p2a: fuckin honse|53\/100 par|[from] Grassy Terrain\n|upkeep\n|turn|6\n|\n|t:|1699548513\n|move|p1a: GodsStrongestDraco|Earth Power|p2a: fuckin honse\n|-end|p2a: fuckin honse|Substitute\n|move|p2a: fuckin honse|Spacial Rend|p1a: GodsStrongestDraco\n|-damage|p1a: GodsStrongestDraco|13\/100\n|\n|-weather|RainDance|[upkeep]\n|-heal|p1a: GodsStrongestDraco|19\/100|[from] Grassy Terrain\n|-heal|p2a: fuckin honse|59\/100 par|[from] Grassy Terrain\n|upkeep\n|turn|7\n|\n|t:|1699548528\n|-terastallize|p2a: fuckin honse|Steel\n|move|p1a: GodsStrongestDraco|Draco Meteor|p2a: fuckin honse|[miss]\n|-miss|p1a: GodsStrongestDraco|p2a: fuckin honse\n|move|p2a: fuckin honse|Spacial Rend|p1a: GodsStrongestDraco\n|-damage|p1a: GodsStrongestDraco|0 fnt\n|faint|p1a: GodsStrongestDraco\n|\n|-weather|RainDance|[upkeep]\n|-heal|p2a: fuckin honse|66\/100 par|[from] Grassy Terrain\n|upkeep\n|c|\u26061P1o1s1h1e1|rip\n|l|\u2606AlicieLizzie\n|inactive|AlicieLizzie disconnected and has 300 seconds to reconnect!\n|player|p2|\n|inactive|1P1o1s1h1e1 has 270 seconds left.\n|j|\u2606AlicieLizzie\n|inactive|AlicieLizzie reconnected.\n|player|p2|AlicieLizzie|marnie-masters3\n|\n|t:|1699548562\n|switch|p1a: Iron Moth|Iron Moth|100\/100\n|-enditem|p1a: Iron Moth|Booster Energy\n|-activate|p1a: Iron Moth|ability: Quark Drive|[fromitem]\n|-start|p1a: Iron Moth|quarkdrivespe\n|turn|8\n|\n|t:|1699548564\n|move|p1a: Iron Moth|Substitute|p1a: Iron Moth\n|-start|p1a: Iron Moth|Substitute\n|-damage|p1a: Iron Moth|75\/100\n|cant|p2a: fuckin honse|par\n|\n|-weather|none\n|-heal|p1a: Iron Moth|82\/100|[from] Grassy Terrain\n|-heal|p2a: fuckin honse|72\/100 par|[from] Grassy Terrain\n|upkeep\n|turn|9\n|\n|t:|1699548574\n|move|p1a: Iron Moth|Sludge Wave|p2a: fuckin honse\n|-immune|p2a: fuckin honse\n|move|p2a: fuckin honse|Hydro Pump|p1a: Iron Moth\n|-supereffective|p1a: Iron Moth\n|-end|p1a: Iron Moth|Substitute\n|\n|-heal|p1a: Iron Moth|88\/100|[from] Grassy Terrain\n|-heal|p2a: fuckin honse|78\/100 par|[from] Grassy Terrain\n|upkeep\n|turn|10\n|\n|t:|1699548582\n|move|p1a: Iron Moth|Fiery Dance|p2a: fuckin honse\n|-supereffective|p2a: fuckin honse\n|-damage|p2a: fuckin honse|5\/100 par\n|-boost|p1a: Iron Moth|spa|1\n|move|p2a: fuckin honse|Hydro Pump|p1a: Iron Moth\n|-supereffective|p1a: Iron Moth\n|-damage|p1a: Iron Moth|0 fnt\n|faint|p1a: Iron Moth\n|-end|p1a: Iron Moth|Quark Drive|[silent]\n|\n|-heal|p2a: fuckin honse|11\/100 par|[from] Grassy Terrain\n|upkeep\n|c|\u26061P1o1s1h1e1|Ah doesn't kill sad\n|c|\u26061P1o1s1h1e1|Don't have calcdex on mobile rn lol\n|\n|t:|1699548603\n|switch|p1a: Arceus|Arceus-Ghost|100\/100\n|turn|11\n|\n|t:|1699548607\n|move|p1a: Arceus|Swords Dance|p1a: Arceus\n|-boost|p1a: Arceus|atk|2\n|cant|p2a: fuckin honse|par\n|\n|-heal|p2a: fuckin honse|18\/100 par|[from] Grassy Terrain\n|-fieldend|move: Grassy Terrain\n|upkeep\n|turn|12\n|\n|t:|1699548610\n|move|p1a: Arceus|Shadow Claw|p2a: fuckin honse\n|-damage|p2a: fuckin honse|0 fnt\n|faint|p2a: fuckin honse\n|\n|upkeep\n|\n|t:|1699548613\n|switch|p2a: sea mine|Overqwil, M|100\/100\n|turn|13\n|\n|t:|1699548617\n|-terastallize|p1a: Arceus|Normal\n|move|p1a: Arceus|Extreme Speed|p2a: sea mine\n|-damage|p2a: sea mine|6\/100\n|move|p2a: sea mine|Crunch|p1a: Arceus\n|-damage|p1a: Arceus|60\/100\n|-unboost|p1a: Arceus|def|1\n|\n|upkeep\n|turn|14\n|\n|t:|1699548625\n|move|p1a: Arceus|Extreme Speed|p2a: sea mine\n|-damage|p2a: sea mine|0 fnt\n|faint|p2a: sea mine\n|\n|upkeep\n|\n|t:|1699548633\n|switch|p2a: der nebel kommt|Pelipper, M|100\/100\n|-weather|RainDance|[from] ability: Drizzle|[of] p2a: der nebel kommt\n|turn|15\n|\n|t:|1699548639\n|move|p1a: Arceus|Swords Dance|p1a: Arceus\n|-boost|p1a: Arceus|atk|2\n|move|p2a: der nebel kommt|Weather Ball|p1a: Arceus\n|-damage|p1a: Arceus|29\/100\n|\n|-weather|RainDance|[upkeep]\n|upkeep\n|turn|16\n|\n|t:|1699548646\n|move|p1a: Arceus|Extreme Speed|p2a: der nebel kommt\n|-damage|p2a: der nebel kommt|0 fnt\n|faint|p2a: der nebel kommt\n|\n|-weather|RainDance|[upkeep]\n|upkeep\n|\n|t:|1699548651\n|switch|p2a: touch grass?|Arceus-Grass|100\/100\n|turn|17\n|\n|t:|1699548655\n|move|p1a: Arceus|Extreme Speed|p2a: touch grass?\n|-damage|p2a: touch grass?|16\/100\n|move|p2a: touch grass?|Judgment|p1a: Arceus\n|-damage|p1a: Arceus|0 fnt\n|faint|p1a: Arceus\n|\n|-weather|RainDance|[upkeep]\n|upkeep\n|\n|t:|1699548659\n|switch|p1a: Rillaboom|Rillaboom, F|100\/100\n|-fieldstart|move: Grassy Terrain|[from] ability: Grassy Surge|[of] p1a: Rillaboom\n|turn|18\n|\n|t:|1699548662\n|move|p2a: touch grass?|Recover|p2a: touch grass?\n|-heal|p2a: touch grass?|66\/100\n|move|p1a: Rillaboom|U-turn|p2a: touch grass?\n|-supereffective|p2a: touch grass?\n|-damage|p2a: touch grass?|34\/100\n|\n|t:|1699548670\n|switch|p1a: Cyclizar|Cyclizar, M|84\/100|[from] U-turn\n|\n|-weather|RainDance|[upkeep]\n|-heal|p1a: Cyclizar|90\/100|[from] Grassy Terrain\n|-heal|p2a: touch grass?|40\/100|[from] Grassy Terrain\n|upkeep\n|turn|19\n|\n|t:|1699548673\n|move|p1a: Cyclizar|Taunt|p2a: touch grass?\n|-start|p2a: touch grass?|move: Taunt\n|cant|p2a: touch grass?|move: Taunt|Recover\n|\n|-weather|RainDance|[upkeep]\n|-heal|p1a: Cyclizar|96\/100|[from] Grassy Terrain\n|-heal|p2a: touch grass?|46\/100|[from] Grassy Terrain\n|upkeep\n|turn|20\n|\n|t:|1699548677\n|move|p1a: Cyclizar|Shed Tail|p1a: Cyclizar\n|-start|p1a: Cyclizar|Substitute|[from] move: Shed Tail\n|-damage|p1a: Cyclizar|46\/100\n|\n|t:|1699548679\n|switch|p1a: Rillaboom|Rillaboom, F|100\/100|[from] Shed Tail\n|move|p2a: touch grass?|Judgment|p1a: Rillaboom\n|-resisted|p1a: Rillaboom\n|-end|p1a: Rillaboom|Substitute\n|\n|-weather|RainDance|[upkeep]\n|-heal|p2a: touch grass?|52\/100|[from] Grassy Terrain\n|upkeep\n|turn|21\n|\n|t:|1699548695\n|switch|p2a: shockzwei|Zapdos|100\/100\n|move|p1a: Rillaboom|U-turn|p2a: shockzwei\n|-resisted|p2a: shockzwei\n|-damage|p2a: shockzwei|87\/100\n|\n|t:|1699548696\n|switch|p1a: Ursaluna|Ursaluna-Bloodmoon, M|100\/100|[from] U-turn\n|-enditem|p1a: Ursaluna|Grassy Seed\n|-boost|p1a: Ursaluna|def|1|[from] item: Grassy Seed\n|\n|-weather|RainDance|[upkeep]\n|upkeep\n|turn|22\n|\n|t:|1699548700\n|move|p2a: shockzwei|Weather Ball|p1a: Ursaluna\n|-supereffective|p1a: Ursaluna\n|-damage|p1a: Ursaluna|0 fnt\n|faint|p1a: Ursaluna\n|\n|-weather|none\n|upkeep\n|\n|t:|1699548707\n|switch|p1a: Cyclizar|Cyclizar, M|79\/100\n|turn|23\n|c|\u26061P1o1s1h1e1|Damn gg\n|c|\u26061P1o1s1h1e1|unforr\n|-message|1P1o1s1h1e1 forfeited.\n|\n|win|AlicieLizzie\n|l|\u26061P1o1s1h1e1\n","uploadtime":1699548727,"views":15,"p1id":"1p1o1s1h1e1","p2id":"alicielizzie","formatid":"gen9ubers","rating":0,"private":0,"password":""}