{"id":"gen9ubers-1980774725","p1":"NewHoovybeast05","p2":"Bka Onon","format":"[Gen 9] Ubers","log":"|j|\u2606NewHoovybeast05\n|j|\u2606Bka Onon\n|t:|1698830707\n|gametype|singles\n|player|p1|NewHoovybeast05|palmer|\n|player|p2|Bka Onon|amelia-shuffle|\n|teamsize|p1|6\n|teamsize|p2|6\n|gen|9\n|tier|[Gen 9] Ubers\n|rule|Sleep Clause Mod: Limit one foe put to sleep\n|rule|Species Clause: Limit one of each Pok\u00e9mon\n|rule|OHKO Clause: OHKO moves are banned\n|rule|Evasion Items Clause: Evasion items are banned\n|rule|Evasion Moves Clause: Evasion moves are banned\n|rule|Endless Battle Clause: Forcing endless battles is banned\n|rule|HP Percentage Mod: HP is shown in percentages\n|clearpoke\n|poke|p1|Volcarona, M|\n|poke|p1|Roaring Moon|\n|poke|p1|Urshifu-*, M|\n|poke|p1|Ninetales-Alola, M|\n|poke|p1|Masquerain, F|\n|poke|p1|Gholdengo|\n|poke|p2|Espathra, M|\n|poke|p2|Arceus-Dragon|\n|poke|p2|Palkia-Origin|\n|poke|p2|Gliscor, M|\n|poke|p2|Cyclizar, F|\n|poke|p2|Grimmsnarl, M|\n|teampreview\n|c|\u2606Bka Onon|hf\n|c|\u2606NewHoovybeast05|glhf\n|\n|t:|1698830741\n|start\n|switch|p1a: Masquerain|Masquerain, F|100\/100\n|switch|p2a: Cyclizar|Cyclizar, F|100\/100\n|-ability|p1a: Masquerain|Intimidate|boost\n|-unboost|p2a: Cyclizar|atk|1\n|turn|1\n|\n|t:|1698830749\n|switch|p1a: Gholdengo|Gholdengo|100\/100\n|move|p2a: Cyclizar|Shed Tail|p2a: Cyclizar\n|-start|p2a: Cyclizar|Substitute|[from] move: Shed Tail\n|-damage|p2a: Cyclizar|50\/100\n|\n|t:|1698830760\n|switch|p2a: Palkia|Palkia-Origin, shiny|100\/100|[from] Shed Tail\n|-ability|p2a: Palkia|Pressure\n|\n|upkeep\n|turn|2\n|\n|t:|1698830780\n|switch|p1a: Ninetales|Ninetales-Alola, M|100\/100\n|-weather|Snow|[from] ability: Snow Warning|[of] p1a: Ninetales\n|move|p2a: Palkia|Hydro Pump|p1a: Ninetales\n|-damage|p1a: Ninetales|27\/100\n|\n|-weather|Snow|[upkeep]\n|upkeep\n|turn|3\n|\n|t:|1698830796\n|move|p2a: Palkia|Hydro Pump|p1a: Ninetales|[miss]\n|-miss|p2a: Palkia|p1a: Ninetales\n|move|p1a: Ninetales|Aurora Veil|p1a: Ninetales\n|-sidestart|p1: NewHoovybeast05|move: Aurora Veil\n|\n|-weather|Snow|[upkeep]\n|upkeep\n|turn|4\n|\n|t:|1698830799\n|move|p2a: Palkia|Hydro Pump|p1a: Ninetales|[miss]\n|-miss|p2a: Palkia|p1a: Ninetales\n|move|p1a: Ninetales|Freeze-Dry|p2a: Palkia\n|-supereffective|p2a: Palkia\n|-end|p2a: Palkia|Substitute\n|\n|-weather|Snow|[upkeep]\n|upkeep\n|turn|5\n|\n|t:|1698830809\n|move|p2a: Palkia|Hydro Pump|p1a: Ninetales|[miss]\n|-miss|p2a: Palkia|p1a: Ninetales\n|move|p1a: Ninetales|Freeze-Dry|p2a: Palkia\n|-supereffective|p2a: Palkia\n|-crit|p2a: Palkia\n|-damage|p2a: Palkia|0 fnt\n|faint|p2a: Palkia\n|\n|-weather|Snow|[upkeep]\n|upkeep\n|c|\u2606Bka Onon|none of that should have happened\n|\n|t:|1698830819\n|switch|p2a: Grimmsnarl|Grimmsnarl, M|100\/100\n|turn|6\n|\n|t:|1698830825\n|switch|p1a: Masquerain|Masquerain, F|100\/100\n|-ability|p1a: Masquerain|Intimidate|boost\n|-unboost|p2a: Grimmsnarl|atk|1\n|move|p2a: Grimmsnarl|Light Screen|p2a: Grimmsnarl\n|-sidestart|p2: Bka Onon|move: Light Screen\n|\n|-weather|none\n|upkeep\n|turn|7\n|c|\u2606NewHoovybeast05|i agree\n|\n|t:|1698830837\n|move|p2a: Grimmsnarl|Reflect|p2a: Grimmsnarl\n|-sidestart|p2: Bka Onon|Reflect\n|move|p1a: Masquerain|Sticky Web|p2a: Grimmsnarl\n|-sidestart|p2: Bka Onon|move: Sticky Web\n|\n|upkeep\n|turn|8\n|\n|t:|1698830843\n|move|p2a: Grimmsnarl|Parting Shot|p1a: Masquerain\n|-unboost|p1a: Masquerain|atk|1\n|-unboost|p1a: Masquerain|spa|1\n|\n|t:|1698830846\n|switch|p2a: Cyclizar|Cyclizar, F|84\/100|[from] Parting Shot\n|-activate|p2a: Cyclizar|move: Sticky Web\n|-unboost|p2a: Cyclizar|spe|1\n|move|p1a: Masquerain|U-turn|p2a: Cyclizar\n|-damage|p2a: Cyclizar|78\/100\n|\n|t:|1698830862\n|switch|p1a: Urshifu|Urshifu-Rapid-Strike, M|100\/100|[from] U-turn\n|\n|upkeep\n|turn|9\n|\n|t:|1698830870\n|move|p2a: Cyclizar|Shed Tail|p2a: Cyclizar\n|-start|p2a: Cyclizar|Substitute|[from] move: Shed Tail\n|-damage|p2a: Cyclizar|28\/100\n|\n|t:|1698830875\n|switch|p2a: Arceus|Arceus-Dragon|100\/100|[from] Shed Tail\n|-activate|p2a: Arceus|move: Sticky Web\n|-unboost|p2a: Arceus|spe|1\n|move|p1a: Urshifu|Close Combat|p2a: Arceus\n|-end|p2a: Arceus|Substitute\n|-unboost|p1a: Urshifu|def|1\n|-unboost|p1a: Urshifu|spd|1\n|\n|upkeep\n|turn|10\n|\n|t:|1698830888\n|switch|p1a: Ninetales|Ninetales-Alola, M|27\/100\n|-weather|Snow|[from] ability: Snow Warning|[of] p1a: Ninetales\n|move|p2a: Arceus|Bulk Up|p2a: Arceus\n|-boost|p2a: Arceus|atk|1\n|-boost|p2a: Arceus|def|1\n|\n|-weather|Snow|[upkeep]\n|-sideend|p1: NewHoovybeast05|move: Aurora Veil\n|upkeep\n|turn|11\n|\n|t:|1698830895\n|move|p1a: Ninetales|Encore|p2a: Arceus\n|-start|p2a: Arceus|Encore\n|move|p2a: Arceus|Bulk Up|p2a: Arceus\n|-boost|p2a: Arceus|atk|1\n|-boost|p2a: Arceus|def|1\n|\n|-weather|Snow|[upkeep]\n|upkeep\n|turn|12\n|\n|t:|1698830909\n|switch|p2a: Grimmsnarl|Grimmsnarl, M|100\/100\n|-activate|p2a: Grimmsnarl|move: Sticky Web\n|-unboost|p2a: Grimmsnarl|spe|1\n|move|p1a: Ninetales|Aurora Veil|p1a: Ninetales\n|-sidestart|p1: NewHoovybeast05|move: Aurora Veil\n|\n|-weather|Snow|[upkeep]\n|upkeep\n|turn|13\n|\n|t:|1698830914\n|move|p2a: Grimmsnarl|Thunder Wave|p1a: Ninetales\n|-status|p1a: Ninetales|par\n|cant|p1a: Ninetales|par\n|\n|-weather|Snow|[upkeep]\n|-sideend|p2: Bka Onon|move: Light Screen\n|upkeep\n|turn|14\n|\n|t:|1698830918\n|switch|p1a: Gholdengo|Gholdengo|100\/100\n|move|p2a: Grimmsnarl|Light Screen|p2a: Grimmsnarl\n|-sidestart|p2: Bka Onon|move: Light Screen\n|\n|-weather|none\n|-sideend|p2: Bka Onon|Reflect\n|upkeep\n|turn|15\n|\n|t:|1698830926\n|move|p2a: Grimmsnarl|Reflect|p2a: Grimmsnarl\n|-sidestart|p2: Bka Onon|Reflect\n|move|p1a: Gholdengo|Make It Rain|p2a: Grimmsnarl\n|-supereffective|p2a: Grimmsnarl\n|-crit|p2a: Grimmsnarl\n|-damage|p2a: Grimmsnarl|0 fnt\n|-unboost|p1a: Gholdengo|spa|1\n|faint|p2a: Grimmsnarl\n|\n|upkeep\n|\n|t:|1698830930\n|switch|p2a: Cyclizar|Cyclizar, F|61\/100\n|-activate|p2a: Cyclizar|move: Sticky Web\n|-unboost|p2a: Cyclizar|spe|1\n|turn|16\n|\n|t:|1698830940\n|switch|p1a: Volcarona|Volcarona, M|100\/100\n|move|p2a: Cyclizar|Shed Tail|p2a: Cyclizar\n|-start|p2a: Cyclizar|Substitute|[from] move: Shed Tail\n|-damage|p2a: Cyclizar|11\/100\n|\n|t:|1698830944\n|switch|p2a: Espathra|Espathra, M|100\/100|[from] Shed Tail\n|\n|upkeep\n|turn|17\n|j| sunnyboi0\n|\n|t:|1698830967\n|switch|p1a: Roaring Moon|Roaring Moon|100\/100\n|-enditem|p1a: Roaring Moon|Booster Energy\n|-activate|p1a: Roaring Moon|ability: Protosynthesis|[fromitem]\n|-start|p1a: Roaring Moon|protosynthesisatk\n|move|p2a: Espathra|Calm Mind|p2a: Espathra\n|-boost|p2a: Espathra|spa|1\n|-boost|p2a: Espathra|spd|1\n|\n|-ability|p2a: Espathra|Speed Boost|boost\n|-boost|p2a: Espathra|spe|1\n|upkeep\n|turn|18\n|\n|t:|1698830990\n|-terastallize|p2a: Espathra|Fighting\n|move|p2a: Espathra|Calm Mind|p2a: Espathra\n|-boost|p2a: Espathra|spa|1\n|-boost|p2a: Espathra|spd|1\n|move|p1a: Roaring Moon|Knock Off|p2a: Espathra\n|-resisted|p2a: Espathra\n|-activate|p2a: Espathra|move: Substitute|[damage]\n|\n|-ability|p2a: Espathra|Speed Boost|boost\n|-boost|p2a: Espathra|spe|1\n|upkeep\n|turn|19\n|\n|t:|1698831002\n|move|p2a: Espathra|Tera Blast|p1a: Roaring Moon|[anim] Tera Blast Fighting\n|-supereffective|p1a: Roaring Moon\n|-damage|p1a: Roaring Moon|44\/100\n|move|p1a: Roaring Moon|Acrobatics|p2a: Espathra\n|-supereffective|p2a: Espathra\n|-end|p2a: Espathra|Substitute\n|\n|-sideend|p1: NewHoovybeast05|move: Aurora Veil\n|-ability|p2a: Espathra|Speed Boost|boost\n|-boost|p2a: Espathra|spe|1\n|upkeep\n|turn|20\n|\n|t:|1698831010\n|-terastallize|p1a: Roaring Moon|Flying\n|move|p2a: Espathra|Tera Blast|p1a: Roaring Moon|[anim] Tera Blast Fighting\n|-resisted|p1a: Roaring Moon\n|-damage|p1a: Roaring Moon|19\/100\n|move|p1a: Roaring Moon|Acrobatics|p2a: Espathra\n|-supereffective|p2a: Espathra\n|-damage|p2a: Espathra|24\/100\n|\n|-ability|p2a: Espathra|Speed Boost|boost\n|-boost|p2a: Espathra|spe|1\n|upkeep\n|turn|21\n|\n|t:|1698831019\n|move|p2a: Espathra|Stored Power|p1a: Roaring Moon\n|-damage|p1a: Roaring Moon|0 fnt\n|faint|p1a: Roaring Moon\n|-end|p1a: Roaring Moon|Protosynthesis|[silent]\n|\n|-sideend|p2: Bka Onon|move: Light Screen\n|-ability|p2a: Espathra|Speed Boost|boost\n|-boost|p2a: Espathra|spe|1\n|upkeep\n|\n|t:|1698831026\n|switch|p1a: Masquerain|Masquerain, F|100\/100\n|-ability|p1a: Masquerain|Intimidate|boost\n|-unboost|p2a: Espathra|atk|1\n|turn|22\n|\n|t:|1698831030\n|move|p2a: Espathra|Roost|p2a: Espathra\n|-heal|p2a: Espathra|74\/100\n|move|p1a: Masquerain|Whirlwind|p2a: Espathra\n|drag|p2a: Gliscor|Gliscor, M|100\/100\n|\n|-sideend|p2: Bka Onon|Reflect\n|-status|p2a: Gliscor|tox|[from] item: Toxic Orb\n|upkeep\n|turn|23\n|\n|t:|1698831038\n|move|p1a: Masquerain|U-turn|p2a: Gliscor\n|-resisted|p2a: Gliscor\n|-damage|p2a: Gliscor|95\/100 tox\n|\n|t:|1698831044\n|switch|p1a: Urshifu|Urshifu-Rapid-Strike, M|100\/100|[from] U-turn\n|move|p2a: Gliscor|Toxic Spikes|p1a: Urshifu\n|-sidestart|p1: NewHoovybeast05|move: Toxic Spikes\n|\n|-heal|p2a: Gliscor|100\/100 tox|[from] ability: Poison Heal\n|upkeep\n|turn|24\n|\n|t:|1698831051\n|switch|p2a: Cyclizar|Cyclizar, F|44\/100\n|-activate|p2a: Cyclizar|move: Sticky Web\n|-unboost|p2a: Cyclizar|spe|1\n|move|p1a: Urshifu|Surging Strikes|p2a: Cyclizar\n|-resisted|p2a: Cyclizar\n|-crit|p2a: Cyclizar\n|-damage|p2a: Cyclizar|25\/100\n|-resisted|p2a: Cyclizar\n|-crit|p2a: Cyclizar\n|-damage|p2a: Cyclizar|5\/100\n|-resisted|p2a: Cyclizar\n|-crit|p2a: Cyclizar\n|-damage|p2a: Cyclizar|0 fnt\n|faint|p2a: Cyclizar\n|-hitcount|p2: Cyclizar|3\n|\n|upkeep\n|\n|t:|1698831055\n|switch|p2a: Arceus|Arceus-Dragon|100\/100\n|-activate|p2a: Arceus|move: Sticky Web\n|-unboost|p2a: Arceus|spe|1\n|turn|25\n|\n|t:|1698831059\n|switch|p1a: Ninetales|Ninetales-Alola, M|27\/100 par\n|-weather|Snow|[from] ability: Snow Warning|[of] p1a: Ninetales\n|move|p2a: Arceus|Bulk Up|p2a: Arceus\n|-boost|p2a: Arceus|atk|1\n|-boost|p2a: Arceus|def|1\n|\n|-weather|Snow|[upkeep]\n|upkeep\n|turn|26\n|\n|t:|1698831062\n|move|p2a: Arceus|Earthquake|p1a: Ninetales\n|-damage|p1a: Ninetales|0 fnt\n|faint|p1a: Ninetales\n|\n|-weather|Snow|[upkeep]\n|upkeep\n|\n|t:|1698831069\n|switch|p1a: Masquerain|Masquerain, F|100\/100\n|-ability|p1a: Masquerain|Intimidate|boost\n|-unboost|p2a: Arceus|atk|1\n|turn|27\n|\n|t:|1698831072\n|move|p2a: Arceus|Bulk Up|p2a: Arceus\n|-boost|p2a: Arceus|atk|1\n|-boost|p2a: Arceus|def|1\n|move|p1a: Masquerain|Whirlwind|p2a: Arceus\n|drag|p2a: Gliscor|Gliscor, M|100\/100 tox\n|\n|-weather|Snow|[upkeep]\n|upkeep\n|turn|28\n|\n|t:|1698831077\n|switch|p2a: Arceus|Arceus-Dragon|100\/100\n|-activate|p2a: Arceus|move: Sticky Web\n|-unboost|p2a: Arceus|spe|1\n|move|p1a: Masquerain|U-turn|p2a: Arceus\n|-damage|p2a: Arceus|91\/100\n|\n|t:|1698831090\n|switch|p1a: Urshifu|Urshifu-Rapid-Strike, M|100\/100|[from] U-turn\n|-status|p1a: Urshifu|psn\n|\n|-weather|Snow|[upkeep]\n|-damage|p1a: Urshifu|88\/100 psn|[from] psn\n|upkeep\n|turn|29\n|\n|t:|1698831095\n|move|p1a: Urshifu|Ice Spinner|p2a: Arceus\n|-supereffective|p2a: Arceus\n|-damage|p2a: Arceus|35\/100\n|move|p2a: Arceus|Recover|p2a: Arceus\n|-heal|p2a: Arceus|85\/100\n|\n|-weather|none\n|-damage|p1a: Urshifu|76\/100 psn|[from] psn\n|upkeep\n|turn|30\n|\n|t:|1698831140\n|switch|p1a: Volcarona|Volcarona, M|100\/100\n|switch|p2a: Gliscor|Gliscor, M|100\/100 tox\n|\n|upkeep\n|turn|31\n|\n|t:|1698831147\n|move|p1a: Volcarona|Quiver Dance|p1a: Volcarona\n|-boost|p1a: Volcarona|spa|1\n|-boost|p1a: Volcarona|spd|1\n|-boost|p1a: Volcarona|spe|1\n|move|p2a: Gliscor|Earthquake|p1a: Volcarona\n|-damage|p1a: Volcarona|53\/100\n|\n|upkeep\n|turn|32\n|\n|t:|1698831158\n|move|p1a: Volcarona|Giga Drain|p2a: Gliscor\n|-damage|p2a: Gliscor|64\/100 tox\n|-heal|p1a: Volcarona|74\/100|[from] drain|[of] p2a: Gliscor\n|move|p2a: Gliscor|Knock Off|p1a: Volcarona\n|-damage|p1a: Volcarona|42\/100\n|-enditem|p1a: Volcarona|Heavy-Duty Boots|[from] move: Knock Off|[of] p2a: Gliscor\n|\n|-heal|p2a: Gliscor|76\/100 tox|[from] ability: Poison Heal\n|upkeep\n|turn|33\n|\n|t:|1698831164\n|move|p2a: Gliscor|Protect|p2a: Gliscor\n|-singleturn|p2a: Gliscor|Protect\n|move|p1a: Volcarona|Fiery Dance|p2a: Gliscor\n|-activate|p2a: Gliscor|move: Protect\n|\n|-heal|p2a: Gliscor|89\/100 tox|[from] ability: Poison Heal\n|upkeep\n|turn|34\n|\n|t:|1698831169\n|move|p1a: Volcarona|Fiery Dance|p2a: Gliscor\n|-damage|p2a: Gliscor|33\/100 tox\n|-boost|p1a: Volcarona|spa|1\n|move|p2a: Gliscor|Earthquake|p1a: Volcarona\n|-damage|p1a: Volcarona|0 fnt\n|faint|p1a: Volcarona\n|\n|-heal|p2a: Gliscor|46\/100 tox|[from] ability: Poison Heal\n|upkeep\n|\n|t:|1698831178\n|switch|p1a: Urshifu|Urshifu-Rapid-Strike, M|76\/100 psn\n|turn|35\n|\n|t:|1698831184\n|switch|p2a: Espathra|Espathra, M, tera:Fighting|74\/100\n|move|p1a: Urshifu|Ice Spinner|p2a: Espathra\n|-damage|p2a: Espathra|37\/100\n|\n|-damage|p1a: Urshifu|64\/100 psn|[from] psn\n|upkeep\n|turn|36\n|\n|t:|1698831191\n|move|p1a: Urshifu|Ice Spinner|p2a: Espathra\n|-damage|p2a: Espathra|0 fnt\n|faint|p2a: Espathra\n|\n|-damage|p1a: Urshifu|51\/100 psn|[from] psn\n|upkeep\n|\n|t:|1698831195\n|switch|p2a: Arceus|Arceus-Dragon|85\/100\n|-activate|p2a: Arceus|move: Sticky Web\n|-unboost|p2a: Arceus|spe|1\n|turn|37\n|\n|t:|1698831201\n|switch|p1a: Masquerain|Masquerain, F|100\/100\n|-ability|p1a: Masquerain|Intimidate|boost\n|-unboost|p2a: Arceus|atk|1\n|move|p2a: Arceus|Recover|p2a: Arceus\n|-heal|p2a: Arceus|100\/100\n|\n|upkeep\n|turn|38\n|\n|t:|1698831206\n|move|p2a: Arceus|Bulk Up|p2a: Arceus\n|-boost|p2a: Arceus|atk|1\n|-boost|p2a: Arceus|def|1\n|move|p1a: Masquerain|Whirlwind|p2a: Arceus\n|drag|p2a: Gliscor|Gliscor, M|46\/100 tox\n|\n|-heal|p2a: Gliscor|58\/100 tox|[from] ability: Poison Heal\n|upkeep\n|turn|39\n|\n|t:|1698831211\n|move|p1a: Masquerain|Air Slash|p2a: Gliscor\n|-damage|p2a: Gliscor|30\/100 tox\n|move|p2a: Gliscor|Knock Off|p1a: Masquerain\n|-damage|p1a: Masquerain|59\/100\n|-enditem|p1a: Masquerain|Focus Sash|[from] move: Knock Off|[of] p2a: Gliscor\n|\n|-heal|p2a: Gliscor|43\/100 tox|[from] ability: Poison Heal\n|upkeep\n|turn|40\n|\n|t:|1698831216\n|move|p2a: Gliscor|Protect|p2a: Gliscor\n|-singleturn|p2a: Gliscor|Protect\n|move|p1a: Masquerain|Air Slash|p2a: Gliscor\n|-activate|p2a: Gliscor|move: Protect\n|\n|-heal|p2a: Gliscor|55\/100 tox|[from] ability: Poison Heal\n|upkeep\n|turn|41\n|\n|t:|1698831219\n|switch|p2a: Arceus|Arceus-Dragon|100\/100\n|-activate|p2a: Arceus|move: Sticky Web\n|-unboost|p2a: Arceus|spe|1\n|move|p1a: Masquerain|Air Slash|p2a: Arceus\n|-damage|p2a: Arceus|81\/100\n|\n|upkeep\n|turn|42\n|\n|t:|1698831227\n|move|p1a: Masquerain|Air Slash|p2a: Arceus\n|-damage|p2a: Arceus|60\/100\n|move|p2a: Arceus|Dragon Claw|p1a: Masquerain\n|-damage|p1a: Masquerain|0 fnt\n|faint|p1a: Masquerain\n|\n|upkeep\n|\n|t:|1698831232\n|switch|p1a: Gholdengo|Gholdengo|100\/100\n|turn|43\n|\n|t:|1698831235\n|move|p2a: Arceus|Recover|p2a: Arceus\n|-heal|p2a: Arceus|100\/100\n|move|p1a: Gholdengo|Thunder Wave|p2a: Arceus\n|-status|p2a: Arceus|par\n|\n|upkeep\n|turn|44\n|\n|t:|1698831243\n|move|p1a: Gholdengo|Hex|p2a: Arceus\n|-damage|p2a: Arceus|54\/100 par\n|cant|p2a: Arceus|par\n|\n|upkeep\n|turn|45\n|\n|t:|1698831247\n|move|p1a: Gholdengo|Hex|p2a: Arceus\n|-damage|p2a: Arceus|10\/100 par\n|move|p2a: Arceus|Recover|p2a: Arceus\n|-heal|p2a: Arceus|60\/100 par\n|\n|upkeep\n|turn|46\n|\n|t:|1698831252\n|move|p1a: Gholdengo|Hex|p2a: Arceus\n|-damage|p2a: Arceus|16\/100 par\n|cant|p2a: Arceus|par\n|\n|upkeep\n|turn|47\n|\n|t:|1698831256\n|move|p1a: Gholdengo|Make It Rain|p2a: Arceus\n|-damage|p2a: Arceus|0 fnt\n|-unboost|p1a: Gholdengo|spa|1\n|faint|p2a: Arceus\n|\n|upkeep\n|c|\u2606Bka Onon|ye this game just went bad sinc ethe beginning i had no luck\n|\n|t:|1698831267\n|switch|p2a: Gliscor|Gliscor, M|55\/100 tox\n|turn|48\n|\n|t:|1698831271\n|move|p2a: Gliscor|Protect|p2a: Gliscor\n|-singleturn|p2a: Gliscor|Protect\n|move|p1a: Gholdengo|Hex|p2a: Gliscor\n|-activate|p2a: Gliscor|move: Protect\n|\n|-heal|p2a: Gliscor|68\/100 tox|[from] ability: Poison Heal\n|upkeep\n|turn|49\n|\n|t:|1698831274\n|move|p2a: Gliscor|Earthquake|p1a: Gholdengo\n|-supereffective|p1a: Gholdengo\n|-damage|p1a: Gholdengo|42\/100\n|move|p1a: Gholdengo|Hex|p2a: Gliscor\n|-damage|p2a: Gliscor|25\/100 tox\n|\n|-heal|p1a: Gholdengo|48\/100|[from] item: Leftovers\n|-heal|p2a: Gliscor|38\/100 tox|[from] ability: Poison Heal\n|upkeep\n|turn|50\n|\n|t:|1698831278\n|switch|p1a: Urshifu|Urshifu-Rapid-Strike, M|51\/100 psn\n|move|p2a: Gliscor|Earthquake|p1a: Urshifu\n|-damage|p1a: Urshifu|16\/100 psn\n|\n|-damage|p1a: Urshifu|4\/100 psn|[from] psn\n|-heal|p2a: Gliscor|50\/100 tox|[from] ability: Poison Heal\n|upkeep\n|turn|51\n|\n|t:|1698831284\n|move|p2a: Gliscor|Protect|p2a: Gliscor\n|-singleturn|p2a: Gliscor|Protect\n|move|p1a: Urshifu|Aqua Jet|p2a: Gliscor\n|-supereffective|p2a: Gliscor\n|-damage|p2a: Gliscor|0 fnt\n|faint|p2a: Gliscor\n|\n|win|NewHoovybeast05\n|c|\u2606NewHoovybeast05|oh yeahh\n|c|\u2606NewHoovybeast05|that exists\n|c|\u2606Bka Onon|not really a good game\n|l|\u2606Bka Onon\n|c|\u2606NewHoovybeast05|yeah i agree\n|l| sunnyboi0\n|j|\u2606Bka Onon\n|player|p2|Bka Onon|amelia-shuffle\n","uploadtime":1698831308,"views":47,"p1id":"newhoovybeast05","p2id":"bkaonon","formatid":"gen9ubers","rating":0,"private":0,"password":""}