{"id":"gen9ubers-1973754166","p1":"GratedsShtickface","p2":"1P1o1s1h1e1","format":"[Gen 9] Ubers","log":"|j|\u2606GratedsShtickface\n|j|\u26061P1o1s1h1e1\n|t:|1698010028\n|gametype|singles\n|player|p1|GratedsShtickface|hiker-gen4|\n|player|p2|1P1o1s1h1e1|102|\n|teamsize|p1|6\n|teamsize|p2|6\n|gen|9\n|tier|[Gen 9] Ubers\n|rule|Sleep Clause Mod: Limit one foe put to sleep\n|rule|Species Clause: Limit one of each Pok\u00e9mon\n|rule|OHKO Clause: OHKO moves are banned\n|rule|Evasion Items Clause: Evasion items are banned\n|rule|Evasion Moves Clause: Evasion moves are banned\n|rule|Endless Battle Clause: Forcing endless battles is banned\n|rule|HP Percentage Mod: HP is shown in percentages\n|clearpoke\n|poke|p1|Shaymin-Sky|\n|poke|p1|Masquerain, M|\n|poke|p1|Chi-Yu|\n|poke|p1|Magearna|\n|poke|p1|Urshifu-*, M|\n|poke|p1|Arceus-Poison|\n|poke|p2|Dialga-Origin|\n|poke|p2|Rillaboom, F|\n|poke|p2|Arceus-Fire|\n|poke|p2|Espathra, M|\n|poke|p2|Donphan, F|\n|poke|p2|Sneasler, M|\n|teampreview\n|inactive|Battle timer is ON: inactive players will automatically lose when time's up. (requested by GratedsShtickface)\n|\n|t:|1698010037\n|start\n|switch|p1a: Smokey|Urshifu-Rapid-Strike, M|100\/100\n|switch|p2a: Rock 5ever|Donphan, F|100\/100\n|turn|1\n|\n|t:|1698010050\n|move|p1a: Smokey|Surging Strikes|p2a: Rock 5ever\n|-supereffective|p2a: Rock 5ever\n|-crit|p2a: Rock 5ever\n|-damage|p2a: Rock 5ever|61\/100\n|-supereffective|p2a: Rock 5ever\n|-crit|p2a: Rock 5ever\n|-damage|p2a: Rock 5ever|23\/100\n|-supereffective|p2a: Rock 5ever\n|-crit|p2a: Rock 5ever\n|-damage|p2a: Rock 5ever|0 fnt\n|faint|p2a: Rock 5ever\n|-hitcount|p2: Rock 5ever|3\n|\n|upkeep\n|\n|t:|1698010057\n|switch|p2a: Rillaboom|Rillaboom, F|100\/100\n|-fieldstart|move: Grassy Terrain|[from] ability: Grassy Surge|[of] p2a: Rillaboom\n|turn|2\n|\n|t:|1698010064\n|switch|p1a: Web Designer|Masquerain, M, shiny|100\/100\n|-ability|p1a: Web Designer|Intimidate|boost\n|-unboost|p2a: Rillaboom|atk|1\n|move|p2a: Rillaboom|U-turn|p1a: Web Designer\n|-resisted|p1a: Web Designer\n|-damage|p1a: Web Designer|84\/100\n|\n|t:|1698010067\n|switch|p2a: Sneasler|Sneasler, M, shiny|100\/100|[from] U-turn\n|-enditem|p2a: Sneasler|Grassy Seed\n|-boost|p2a: Sneasler|def|1|[from] item: Grassy Seed\n|\n|upkeep\n|turn|3\n|\n|t:|1698010079\n|switch|p1a: Music Box Doll|Magearna|100\/100\n|-terastallize|p2a: Sneasler|Flying\n|move|p2a: Sneasler|Acrobatics|p1a: Music Box Doll\n|-resisted|p1a: Music Box Doll\n|-damage|p1a: Music Box Doll|78\/100\n|\n|-heal|p1a: Music Box Doll|84\/100|[from] Grassy Terrain\n|upkeep\n|turn|4\n|\n|t:|1698010089\n|move|p2a: Sneasler|Swords Dance|p2a: Sneasler\n|-boost|p2a: Sneasler|atk|2\n|move|p1a: Music Box Doll|Thunder Wave|p2a: Sneasler\n|-status|p2a: Sneasler|par\n|\n|-heal|p1a: Music Box Doll|90\/100|[from] Grassy Terrain\n|upkeep\n|turn|5\n|\n|t:|1698010097\n|move|p2a: Sneasler|Close Combat|p1a: Music Box Doll\n|-damage|p1a: Music Box Doll|0 fnt\n|-unboost|p2a: Sneasler|def|1\n|-unboost|p2a: Sneasler|spd|1\n|faint|p1a: Music Box Doll\n|\n|upkeep\n|\n|t:|1698010110\n|switch|p1a: Funny Fish|Chi-Yu|100\/100\n|-ability|p1a: Funny Fish|Beads of Ruin\n|turn|6\n|\n|t:|1698010137\n|switch|p2a: Arceus|Arceus-Fire|100\/100\n|move|p1a: Funny Fish|Dark Pulse|p2a: Arceus\n|-damage|p2a: Arceus|48\/100\n|\n|-heal|p2a: Arceus|54\/100|[from] Grassy Terrain\n|-fieldend|move: Grassy Terrain\n|upkeep\n|turn|7\n|inactive|1P1o1s1h1e1 has 270 seconds left.\n|\n|t:|1698010158\n|switch|p1a: Smokey|Urshifu-Rapid-Strike, M|100\/100\n|move|p2a: Arceus|Dragon Dance|p2a: Arceus\n|-boost|p2a: Arceus|atk|1\n|-boost|p2a: Arceus|spe|1\n|\n|upkeep\n|turn|8\n|inactive|1P1o1s1h1e1 has 270 seconds left.\n|\n|t:|1698010171\n|switch|p2a: Rillaboom|Rillaboom, F|100\/100\n|-fieldstart|move: Grassy Terrain|[from] ability: Grassy Surge|[of] p2a: Rillaboom\n|move|p1a: Smokey|Close Combat|p2a: Rillaboom\n|-damage|p2a: Rillaboom|38\/100\n|-unboost|p1a: Smokey|def|1\n|-unboost|p1a: Smokey|spd|1\n|\n|-heal|p2a: Rillaboom|44\/100|[from] Grassy Terrain\n|upkeep\n|turn|9\n|\n|t:|1698010183\n|switch|p1a: Web Designer|Masquerain, M, shiny|84\/100\n|-ability|p1a: Web Designer|Intimidate|boost\n|-unboost|p2a: Rillaboom|atk|1\n|move|p2a: Rillaboom|Grassy Glide|p1a: Web Designer\n|-resisted|p1a: Web Designer\n|-damage|p1a: Web Designer|71\/100\n|\n|-heal|p2a: Rillaboom|50\/100|[from] Grassy Terrain\n|upkeep\n|turn|10\n|\n|t:|1698010188\n|switch|p2a: Espathra|Espathra, M|100\/100\n|-enditem|p2a: Espathra|Grassy Seed\n|-boost|p2a: Espathra|def|1|[from] item: Grassy Seed\n|move|p1a: Web Designer|Sticky Web|p2a: Espathra\n|-sidestart|p2: 1P1o1s1h1e1|move: Sticky Web\n|\n|upkeep\n|turn|11\n|\n|t:|1698010197\n|move|p2a: Espathra|Calm Mind|p2a: Espathra\n|-boost|p2a: Espathra|spa|1\n|-boost|p2a: Espathra|spd|1\n|move|p1a: Web Designer|Whirlwind|p2a: Espathra\n|drag|p2a: Rillaboom|Rillaboom, F|50\/100\n|-activate|p2a: Rillaboom|move: Sticky Web\n|-unboost|p2a: Rillaboom|spe|1\n|\n|-heal|p2a: Rillaboom|56\/100|[from] Grassy Terrain\n|upkeep\n|turn|12\n|\n|t:|1698010202\n|move|p1a: Web Designer|Bug Buzz|p2a: Rillaboom\n|-supereffective|p2a: Rillaboom\n|-damage|p2a: Rillaboom|0 fnt\n|faint|p2a: Rillaboom\n|\n|-fieldend|move: Grassy Terrain\n|upkeep\n|\n|t:|1698010211\n|switch|p2a: Arceus|Arceus-Fire|54\/100\n|-activate|p2a: Arceus|move: Sticky Web\n|-unboost|p2a: Arceus|spe|1\n|turn|13\n|-message|1P1o1s1h1e1 forfeited.\n|\n|win|GratedsShtickface\n","uploadtime":1698010243,"views":13,"p1id":"gratedsshtickface","p2id":"1p1o1s1h1e1","formatid":"gen9ubers","rating":0,"private":0,"password":""}