{"id":"gen9ubers-1982961891","p1":"Plain Again","p2":"Sterc","format":"[Gen 9] Ubers","log":"|j|\u2606Plain Again\n|j|\u2606Sterc\n|t:|1699063619\n|gametype|singles\n|player|p1|Plain Again|n|1091\n|player|p2|Sterc|veteran|1000\n|teamsize|p1|6\n|teamsize|p2|3\n|gen|9\n|tier|[Gen 9] Ubers\n|rated|\n|rule|Sleep Clause Mod: Limit one foe put to sleep\n|rule|Species Clause: Limit one of each Pok\u00e9mon\n|rule|OHKO Clause: OHKO moves are banned\n|rule|Evasion Items Clause: Evasion items are banned\n|rule|Evasion Moves Clause: Evasion moves are banned\n|rule|Endless Battle Clause: Forcing endless battles is banned\n|rule|HP Percentage Mod: HP is shown in percentages\n|clearpoke\n|poke|p1|Ribombee, M|\n|poke|p1|Shaymin-Sky|\n|poke|p1|Ogerpon-Hearthflame, F|\n|poke|p1|Skeledirge, F|\n|poke|p1|Volcarona, M|\n|poke|p1|Maushold|\n|poke|p2|Shaymin-Sky|\n|poke|p2|Darkrai|\n|poke|p2|Dipplin, M|\n|teampreview\n|inactive|Battle timer is ON: inactive players will automatically lose when time's up. (requested by Plain Again)\n|c|\u2606Plain Again|oh no\n|inactive|Sterc has 120 seconds left.\n|c|\u2606Sterc|I wish I had some cool hidden strategy\n|\n|t:|1699063661\n|start\n|switch|p1a: Ribombee|Ribombee, M|100\/100\n|switch|p2a: Darkrai|Darkrai, shiny|100\/100\n|turn|1\n|c|\u2606Sterc|But honestly I just got a really unfortunate turn of events in my challenge lmao\n|\n|t:|1699063680\n|move|p2a: Darkrai|Hypnosis|p1a: Ribombee\n|-status|p1a: Ribombee|slp|[from] move: Hypnosis\n|cant|p1a: Ribombee|slp\n|\n|-damage|p1a: Ribombee|88\/100 slp|[from] ability: Bad Dreams|[of] p2a: Darkrai\n|upkeep\n|turn|2\n|c|\u2606Plain Again|fair enough\n|\n|t:|1699063688\n|switch|p2a: Shaymin|Shaymin-Sky, shiny|100\/100\n|cant|p1a: Ribombee|slp\n|\n|upkeep\n|turn|3\n|\n|t:|1699063695\n|move|p2a: Shaymin|Seed Flare|p1a: Ribombee\n|-resisted|p1a: Ribombee\n|-damage|p1a: Ribombee|36\/100 slp\n|-curestatus|p1a: Ribombee|slp|[msg]\n|move|p1a: Ribombee|Sticky Web|p2a: Shaymin\n|-sidestart|p2: Sterc|move: Sticky Web\n|\n|upkeep\n|turn|4\n|\n|t:|1699063703\n|move|p2a: Shaymin|Air Slash|p1a: Ribombee\n|-supereffective|p1a: Ribombee\n|-damage|p1a: Ribombee|0 fnt\n|faint|p1a: Ribombee\n|\n|upkeep\n|\n|t:|1699063708\n|switch|p1a: Volcarona|Volcarona, M|100\/100\n|turn|5\n|inactive|Sterc has 120 seconds left.\n|\n|t:|1699063745\n|-terastallize|p2a: Shaymin|Flying\n|move|p2a: Shaymin|Air Slash|p1a: Volcarona\n|-supereffective|p1a: Volcarona\n|-enditem|p1a: Volcarona|Focus Sash\n|-damage|p1a: Volcarona|1\/100\n|cant|p1a: Volcarona|flinch\n|\n|upkeep\n|turn|6\n|inactive|Sterc has 120 seconds left.\n|c|\u2606Plain Again|ah damn there goes my cool strat\n|\n|t:|1699063756\n|move|p2a: Shaymin|Earth Power|p1a: Volcarona\n|-damage|p1a: Volcarona|0 fnt\n|faint|p1a: Volcarona\n|\n|upkeep\n|\n|t:|1699063762\n|switch|p1a: Ogerpon|Ogerpon-Hearthflame, F|100\/100\n|-ability|p1a: Ogerpon|Mold Breaker\n|turn|7\n|\n|t:|1699063767\n|-terastallize|p1a: Ogerpon|Fire\n|detailschange|p1a: Ogerpon|Ogerpon-Hearthflame-Tera, F, tera:Fire\n|-ability|p1a: Ogerpon|Embody Aspect (Hearthflame)|boost\n|-boost|p1a: Ogerpon|atk|1\n|move|p2a: Shaymin|Air Slash|p1a: Ogerpon\n|-damage|p1a: Ogerpon|41\/100\n|cant|p1a: Ogerpon|flinch\n|\n|upkeep\n|turn|8\n|\n|t:|1699063775\n|move|p1a: Ogerpon|Spiky Shield|p1a: Ogerpon\n|-singleturn|p1a: Ogerpon|move: Protect\n|move|p2a: Shaymin|Air Slash|p1a: Ogerpon\n|-activate|p1a: Ogerpon|move: Protect\n|\n|upkeep\n|turn|9\n|c|\u2606Plain Again|you're getting a lot more flinches than my shaymin does for sure\n|\n|t:|1699063784\n|move|p2a: Shaymin|Earth Power|p1a: Ogerpon\n|-supereffective|p1a: Ogerpon\n|-damage|p1a: Ogerpon|0 fnt\n|faint|p1a: Ogerpon\n|\n|upkeep\n|\n|t:|1699063790\n|switch|p1a: Maushold|Maushold|100\/100\n|turn|10\n|c|\u2606Sterc|Sorry about it :\/ I wish your Shaymin luck in future battles lol\n|\n|t:|1699063814\n|move|p2a: Shaymin|Seed Flare|p1a: Maushold\n|-damage|p1a: Maushold|13\/100\n|-unboost|p1a: Maushold|spd|2\n|move|p1a: Maushold|Tidy Up|p1a: Maushold\n|-sideend|p2: Sterc|Sticky Web\n|-activate|p1a: Maushold|move: Tidy Up\n|-boost|p1a: Maushold|atk|1\n|-boost|p1a: Maushold|spe|1\n|\n|upkeep\n|turn|11\n|\n|t:|1699063823\n|move|p2a: Shaymin|Endure|p2a: Shaymin\n|-singleturn|p2a: Shaymin|move: Endure\n|move|p1a: Maushold|Population Bomb|p2a: Shaymin\n|-damage|p2a: Shaymin|81\/100\n|-damage|p2a: Shaymin|61\/100\n|-crit|p2a: Shaymin\n|-damage|p2a: Shaymin|31\/100\n|-damage|p2a: Shaymin|10\/100\n|-enditem|p2a: Shaymin|Salac Berry|[eat]\n|-boost|p2a: Shaymin|spe|1|[from] item: Salac Berry\n|-activate|p2a: Shaymin|move: Endure\n|-damage|p2a: Shaymin|1\/100\n|-activate|p2a: Shaymin|move: Endure\n|-damage|p2a: Shaymin|1\/100\n|-activate|p2a: Shaymin|move: Endure\n|-damage|p2a: Shaymin|1\/100\n|-activate|p2a: Shaymin|move: Endure\n|-damage|p2a: Shaymin|1\/100\n|-activate|p2a: Shaymin|move: Endure\n|-damage|p2a: Shaymin|1\/100\n|-hitcount|p2a: Shaymin|9\n|\n|upkeep\n|turn|12\n|\n|t:|1699063842\n|move|p2a: Shaymin|Earth Power|p1a: Maushold\n|-crit|p1a: Maushold\n|-damage|p1a: Maushold|0 fnt\n|faint|p1a: Maushold\n|\n|upkeep\n|\n|t:|1699063847\n|switch|p1a: Skeledirge|Skeledirge, F|100\/100\n|turn|13\n|\n|t:|1699063853\n|move|p2a: Shaymin|Air Slash|p1a: Skeledirge\n|-damage|p1a: Skeledirge|52\/100\n|cant|p1a: Skeledirge|flinch\n|\n|-heal|p1a: Skeledirge|59\/100|[from] item: Leftovers\n|upkeep\n|turn|14\n|\n|t:|1699063859\n|move|p2a: Shaymin|Earth Power|p1a: Skeledirge\n|-supereffective|p1a: Skeledirge\n|-damage|p1a: Skeledirge|1\/100\n|move|p1a: Skeledirge|Slack Off|p1a: Skeledirge\n|-heal|p1a: Skeledirge|51\/100\n|\n|-heal|p1a: Skeledirge|57\/100|[from] item: Leftovers\n|upkeep\n|turn|15\n|\n|t:|1699063866\n|move|p2a: Shaymin|Earth Power|p1a: Skeledirge\n|-supereffective|p1a: Skeledirge\n|-damage|p1a: Skeledirge|0 fnt\n|faint|p1a: Skeledirge\n|\n|upkeep\n|\n|t:|1699063870\n|switch|p1a: Shaymin|Shaymin-Sky|100\/100\n|turn|16\n|\n|t:|1699063874\n|move|p2a: Shaymin|Air Slash|p1a: Shaymin\n|-supereffective|p1a: Shaymin\n|-damage|p1a: Shaymin|0 fnt\n|faint|p1a: Shaymin\n|\n|win|Sterc\n|raw|Plain Again's rating: 1091 &rarr; <strong>1061<\/strong><br \/>(-30 for losing)\n|raw|Sterc's rating: 1000 &rarr; <strong>1050<\/strong><br \/>(+50 for winning)\n|c|\u2606Plain Again|damn gg\n|c|\u2606Sterc|gg\n|l|\u2606Plain Again\n","uploadtime":1699063882,"views":19,"p1id":"plainagain","p2id":"sterc","formatid":"gen9ubers","rating":1050,"private":0,"password":""}