{"id":"gen9ubers-1984129635","p1":"mann_treads","p2":"Kinesquared","format":"[Gen 9] Ubers","log":"|j|\u2606mann_treads\n|j|\u2606Kinesquared\n|t:|1699221758\n|gametype|singles\n|player|p1|mann_treads|ariana|\n|player|p2|Kinesquared|scientist-gen4dp|\n|teamsize|p1|6\n|teamsize|p2|6\n|gen|9\n|tier|[Gen 9] Ubers\n|rule|Sleep Clause Mod: Limit one foe put to sleep\n|rule|Species Clause: Limit one of each Pok\u00e9mon\n|rule|OHKO Clause: OHKO moves are banned\n|rule|Evasion Items Clause: Evasion items are banned\n|rule|Evasion Moves Clause: Evasion moves are banned\n|rule|Endless Battle Clause: Forcing endless battles is banned\n|rule|HP Percentage Mod: HP is shown in percentages\n|clearpoke\n|poke|p1|Pelipper, M|\n|poke|p1|Overqwil, F|\n|poke|p1|Walking Wake|\n|poke|p1|Zapdos|\n|poke|p1|Arceus-Grass|\n|poke|p1|Zacian-*|\n|poke|p2|Iron Moth|\n|poke|p2|Arceus-Ghost|\n|poke|p2|Garchomp, F|\n|poke|p2|Dialga|\n|poke|p2|Cyclizar, M|\n|poke|p2|Urshifu-*, M|\n|teampreview\n|c|\u2606Kinesquared|sup\n|c|\u2606mann_treads|yo\n|c|\u2606mann_treads|glhf\n|c|\u2606Kinesquared|you too\n|\n|t:|1699221808\n|start\n|switch|p1a: Pelipper|Pelipper, M|100\/100\n|switch|p2a: Urshifu|Urshifu, M|100\/100\n|-weather|RainDance|[from] ability: Drizzle|[of] p1a: Pelipper\n|turn|1\n|inactive|Battle timer is ON: inactive players will automatically lose when time's up. (requested by mann_treads)\n|\n|t:|1699221815\n|move|p2a: Urshifu|Wicked Blow|p1a: Pelipper\n|-crit|p1a: Pelipper\n|-damage|p1a: Pelipper|1\/100\n|move|p1a: Pelipper|Hurricane|p2a: Urshifu\n|-supereffective|p2a: Urshifu\n|-crit|p2a: Urshifu\n|-damage|p2a: Urshifu|0 fnt\n|faint|p2a: Urshifu\n|\n|-weather|RainDance|[upkeep]\n|upkeep\n|c|\u2606Kinesquared|that felt insulting\n|c|\u2606Kinesquared|lol\n|c|\u2606mann_treads|crit for crit\n|c|\u2606mann_treads|all is equal\n|\n|t:|1699221842\n|switch|p2a: Iron Moth|Iron Moth|100\/100\n|-enditem|p2a: Iron Moth|Booster Energy\n|-activate|p2a: Iron Moth|ability: Quark Drive|[fromitem]\n|-start|p2a: Iron Moth|quarkdrivespe\n|turn|2\n|\n|t:|1699221860\n|switch|p1a: Walking Wake|Walking Wake|100\/100\n|-enditem|p1a: Walking Wake|Booster Energy\n|-activate|p1a: Walking Wake|ability: Protosynthesis|[fromitem]\n|-start|p1a: Walking Wake|protosynthesisspe\n|move|p2a: Iron Moth|Whirlwind|p1a: Walking Wake\n|-end|p1a: Walking Wake|Protosynthesis|[silent]\n|drag|p1a: Zapdos|Zapdos|100\/100\n|\n|-weather|RainDance|[upkeep]\n|upkeep\n|turn|3\n|\n|t:|1699221872\n|move|p2a: Iron Moth|U-turn|p1a: Zapdos\n|-resisted|p1a: Zapdos\n|-damage|p1a: Zapdos|94\/100\n|\n|t:|1699221878\n|-end|p2a: Iron Moth|Quark Drive|[silent]\n|switch|p2a: Dialga|Dialga|100\/100|[from] U-turn\n|-ability|p2a: Dialga|Pressure\n|move|p1a: Zapdos|Thunder Wave|p2a: Dialga\n|-status|p2a: Dialga|par\n|\n|-weather|RainDance|[upkeep]\n|upkeep\n|turn|4\n|\n|t:|1699221888\n|move|p1a: Zapdos|Volt Switch|p2a: Dialga\n|-resisted|p2a: Dialga\n|-damage|p2a: Dialga|90\/100 par\n|\n|t:|1699221891\n|switch|p1a: Walking Wake|Walking Wake|100\/100|[from] Volt Switch\n|cant|p2a: Dialga|par\n|\n|-weather|RainDance|[upkeep]\n|-heal|p2a: Dialga|97\/100 par|[from] item: Leftovers\n|upkeep\n|turn|5\n|\n|t:|1699221900\n|move|p1a: Walking Wake|Draco Meteor|p2a: Dialga|[miss]\n|-miss|p1a: Walking Wake|p2a: Dialga\n|move|p2a: Dialga|Stealth Rock|p1a: Walking Wake\n|-sidestart|p1: mann_treads|move: Stealth Rock\n|\n|-weather|RainDance|[upkeep]\n|-heal|p2a: Dialga|100\/100 par|[from] item: Leftovers\n|upkeep\n|turn|6\n|\n|t:|1699221913\n|move|p1a: Walking Wake|Draco Meteor|p2a: Dialga\n|-damage|p2a: Dialga|59\/100 par\n|-unboost|p1a: Walking Wake|spa|2\n|move|p2a: Dialga|Draco Meteor|p1a: Walking Wake\n|-supereffective|p1a: Walking Wake\n|-damage|p1a: Walking Wake|0 fnt\n|-unboost|p2a: Dialga|spa|2\n|faint|p1a: Walking Wake\n|-end|p1a: Walking Wake|Protosynthesis|[silent]\n|\n|-weather|RainDance|[upkeep]\n|-heal|p2a: Dialga|65\/100 par|[from] item: Leftovers\n|upkeep\n|\n|t:|1699221926\n|switch|p1a: Zacian|Zacian|100\/100\n|-damage|p1a: Zacian|88\/100|[from] Stealth Rock\n|-ability|p1a: Zacian|Intrepid Sword|boost\n|-boost|p1a: Zacian|atk|1\n|turn|7\n|\n|t:|1699221936\n|-terastallize|p2a: Dialga|Flying\n|move|p1a: Zacian|Swords Dance|p1a: Zacian\n|-boost|p1a: Zacian|atk|2\n|cant|p2a: Dialga|par\n|\n|-weather|RainDance|[upkeep]\n|-heal|p2a: Dialga|71\/100 par|[from] item: Leftovers\n|upkeep\n|turn|8\n|\n|t:|1699221955\n|move|p1a: Zacian|Play Rough|p2a: Dialga\n|-damage|p2a: Dialga|0 fnt\n|faint|p2a: Dialga\n|\n|-weather|none\n|upkeep\n|\n|t:|1699221975\n|switch|p2a: Arceus|Arceus-Ghost|100\/100\n|turn|9\n|\n|t:|1699221982\n|-terastallize|p1a: Zacian|Fairy\n|move|p1a: Zacian|Play Rough|p2a: Arceus\n|-damage|p2a: Arceus|26\/100\n|move|p2a: Arceus|Will-O-Wisp|p1a: Zacian|[miss]\n|-miss|p2a: Arceus|p1a: Zacian\n|\n|upkeep\n|turn|10\n|c|\u2606Kinesquared|noooo\n|c|\u2606mann_treads|LOL\n|c|\u2606Kinesquared|that might be ggs\n|c|\u2606mann_treads|maybe\n|inactive|Kinesquared has 270 seconds left.\n|c|\u2606mann_treads|unless i miss this play rough\n|c|\u2606mann_treads|LOL\n|\n|t:|1699222012\n|move|p1a: Zacian|Play Rough|p2a: Arceus\n|-damage|p2a: Arceus|0 fnt\n|faint|p2a: Arceus\n|\n|upkeep\n|\n|t:|1699222017\n|switch|p2a: Iron Moth|Iron Moth|100\/100\n|turn|11\n|\n|t:|1699222020\n|move|p1a: Zacian|Psychic Fangs|p2a: Iron Moth\n|-supereffective|p2a: Iron Moth\n|-damage|p2a: Iron Moth|0 fnt\n|faint|p2a: Iron Moth\n|-end|p2a: Iron Moth|Quark Drive|[silent]\n|\n|upkeep\n|\n|t:|1699222025\n|switch|p2a: Cyclizar|Cyclizar, M|100\/100\n|turn|12\n|\n|t:|1699222032\n|move|p1a: Zacian|Play Rough|p2a: Cyclizar\n|-supereffective|p2a: Cyclizar\n|-damage|p2a: Cyclizar|0 fnt\n|faint|p2a: Cyclizar\n|\n|upkeep\n|\n|t:|1699222036\n|switch|p2a: Garchomp|Garchomp, F|100\/100\n|turn|13\n|\n|t:|1699222039\n|move|p1a: Zacian|Play Rough|p2a: Garchomp\n|-supereffective|p2a: Garchomp\n|-damage|p2a: Garchomp|0 fnt\n|-damage|p1a: Zacian|76\/100|[from] ability: Rough Skin|[of] p2a: Garchomp\n|faint|p2a: Garchomp\n|\n|win|mann_treads\n|c|\u2606mann_treads|gg\n|c|\u2606mann_treads|wp\n|c|\u2606Kinesquared|gg re?\n|c|\u2606mann_treads|yea we go agane\n","uploadtime":1699222050,"views":7,"p1id":"manntreads","p2id":"kinesquared","formatid":"gen9ubers","rating":0,"private":0,"password":""}