{"id":"gen9ubers-1997918515","p1":"curtisthecacnea","p2":"Timirk","format":"[Gen 9] Ubers","log":"|j|\u2606curtisthecacnea\n|j|\u2606Timirk\n|t:|1700867363\n|gametype|singles\n|player|p1|curtisthecacnea|veteran|\n|player|p2|Timirk|rye|\n|teamsize|p1|6\n|teamsize|p2|6\n|gen|9\n|tier|[Gen 9] Ubers\n|rule|Sleep Clause Mod: Limit one foe put to sleep\n|rule|Species Clause: Limit one of each Pok\u00e9mon\n|rule|OHKO Clause: OHKO moves are banned\n|rule|Evasion Items Clause: Evasion items are banned\n|rule|Evasion Moves Clause: Evasion moves are banned\n|rule|Endless Battle Clause: Forcing endless battles is banned\n|rule|HP Percentage Mod: HP is shown in percentages\n|clearpoke\n|poke|p1|Corviknight, M|\n|poke|p1|Ursaluna-Bloodmoon, M|\n|poke|p1|Greninja-*, M|\n|poke|p1|Ogerpon-Hearthflame, F|\n|poke|p1|Electrode-Hisui|\n|poke|p1|Glimmora, F|\n|poke|p2|Baxcalibur, M|\n|poke|p2|Ninetales-Alola, F|\n|poke|p2|Rotom-Wash|\n|poke|p2|Gliscor, M|\n|poke|p2|Overqwil, M|\n|poke|p2|Tauros-Paldea-Aqua, M|\n|teampreview\n|\n|t:|1700867393\n|start\n|switch|p1a: Glimmora|Glimmora, F|100\/100\n|switch|p2a: Gliscor|Gliscor, M|100\/100\n|turn|1\n|\n|t:|1700867409\n|switch|p1a: Corviknight|Corviknight, M|100\/100\n|-ability|p1a: Corviknight|Pressure\n|move|p2a: Gliscor|Spikes|p1a: Corviknight\n|-sidestart|p1: curtisthecacnea|Spikes\n|\n|-status|p2a: Gliscor|tox|[from] item: Toxic Orb\n|upkeep\n|turn|2\n|\n|t:|1700867436\n|switch|p2a: Overqwil|Overqwil, M|100\/100\n|-ability|p2a: Overqwil|Intimidate|boost\n|-unboost|p1a: Corviknight|atk|1\n|move|p1a: Corviknight|Iron Defense|p1a: Corviknight\n|-boost|p1a: Corviknight|def|2\n|\n|upkeep\n|turn|3\n|\n|t:|1700867442\n|move|p2a: Overqwil|Taunt|p1a: Corviknight\n|-start|p1a: Corviknight|move: Taunt\n|move|p1a: Corviknight|Body Press|p2a: Overqwil\n|-damage|p2a: Overqwil|67\/100\n|\n|-heal|p2a: Overqwil|73\/100|[from] item: Leftovers\n|upkeep\n|turn|4\n|\n|t:|1700867477\n|switch|p2a: Rotom|Rotom-Wash|100\/100\n|move|p1a: Corviknight|Body Press|p2a: Rotom\n|-damage|p2a: Rotom|47\/100\n|\n|-heal|p2a: Rotom|53\/100|[from] item: Leftovers\n|upkeep\n|turn|5\n|\n|t:|1700867494\n|switch|p1a: Electrode|Electrode-Hisui|100\/100\n|-damage|p1a: Electrode|88\/100|[from] Spikes\n|move|p2a: Rotom|Protect||[still]\n|-fail|p2a: Rotom\n|\n|-heal|p2a: Rotom|59\/100|[from] item: Leftovers\n|upkeep\n|turn|6\n|\n|t:|1700867504\n|move|p1a: Electrode|Leaf Storm|p2a: Rotom|[miss]\n|-miss|p1a: Electrode|p2a: Rotom\n|move|p2a: Rotom|Volt Switch|p1a: Electrode\n|-resisted|p1a: Electrode\n|-damage|p1a: Electrode|79\/100\n|\n|t:|1700867547\n|switch|p2a: Tauros|Tauros-Paldea-Aqua, M|100\/100|[from] Volt Switch\n|-ability|p2a: Tauros|Intimidate|boost\n|-unboost|p1a: Electrode|atk|1\n|\n|upkeep\n|turn|7\n|\n|t:|1700867559\n|move|p2a: Tauros|Close Combat|p1a: Electrode\n|-crit|p1a: Electrode\n|-damage|p1a: Electrode|0 fnt\n|-unboost|p2a: Tauros|def|1\n|-unboost|p2a: Tauros|spd|1\n|faint|p1a: Electrode\n|\n|upkeep\n|\n|t:|1700867564\n|switch|p1a: Corviknight|Corviknight, M|100\/100\n|-ability|p1a: Corviknight|Pressure\n|turn|8\n|\n|t:|1700867575\n|switch|p2a: Ninetales|Ninetales-Alola, F|100\/100\n|-weather|Snow|[from] ability: Snow Warning|[of] p2a: Ninetales\n|move|p1a: Corviknight|Iron Defense|p1a: Corviknight\n|-boost|p1a: Corviknight|def|2\n|\n|-weather|Snow|[upkeep]\n|upkeep\n|turn|9\n|\n|t:|1700867595\n|move|p2a: Ninetales|Encore|p1a: Corviknight\n|-start|p1a: Corviknight|Encore\n|move|p1a: Corviknight|Iron Defense|p1a: Corviknight\n|-boost|p1a: Corviknight|def|2\n|\n|-weather|Snow|[upkeep]\n|upkeep\n|turn|10\n|\n|t:|1700867601\n|switch|p1a: Glimmora|Glimmora, F|100\/100\n|-damage|p1a: Glimmora|88\/100|[from] Spikes\n|move|p2a: Ninetales|Aurora Veil|p2a: Ninetales\n|-sidestart|p2: Timirk|move: Aurora Veil\n|\n|-weather|Snow|[upkeep]\n|upkeep\n|turn|11\n|\n|t:|1700867607\n|move|p2a: Ninetales|Blizzard|p1a: Glimmora\n|-damage|p1a: Glimmora|28\/100\n|move|p1a: Glimmora|Sludge Wave|p2a: Ninetales\n|-supereffective|p2a: Ninetales\n|-damage|p2a: Ninetales|44\/100\n|\n|-weather|Snow|[upkeep]\n|upkeep\n|turn|12\n|\n|t:|1700867612\n|move|p2a: Ninetales|Blizzard|p1a: Glimmora\n|-damage|p1a: Glimmora|0 fnt\n|faint|p1a: Glimmora\n|\n|-weather|none\n|upkeep\n|\n|t:|1700867617\n|switch|p1a: Corviknight|Corviknight, M|100\/100\n|-ability|p1a: Corviknight|Pressure\n|turn|13\n|\n|t:|1700867627\n|switch|p2a: Tauros|Tauros-Paldea-Aqua, M|100\/100\n|-ability|p2a: Tauros|Intimidate|boost\n|-unboost|p1a: Corviknight|atk|1\n|move|p1a: Corviknight|Iron Head|p2a: Tauros\n|-resisted|p2a: Tauros\n|-damage|p2a: Tauros|96\/100\n|\n|upkeep\n|turn|14\n|\n|t:|1700867632\n|move|p2a: Tauros|Wild Charge|p1a: Corviknight\n|-supereffective|p1a: Corviknight\n|-damage|p1a: Corviknight|66\/100\n|-damage|p2a: Tauros|79\/100|[from] item: Rocky Helmet|[of] p1a: Corviknight\n|-damage|p2a: Tauros|68\/100|[from] Recoil\n|move|p1a: Corviknight|Iron Defense|p1a: Corviknight\n|-boost|p1a: Corviknight|def|2\n|\n|upkeep\n|turn|15\n|\n|t:|1700867635\n|move|p2a: Tauros|Wild Charge|p1a: Corviknight\n|-supereffective|p1a: Corviknight\n|-damage|p1a: Corviknight|48\/100\n|-damage|p2a: Tauros|51\/100|[from] item: Rocky Helmet|[of] p1a: Corviknight\n|-damage|p2a: Tauros|45\/100|[from] Recoil\n|move|p1a: Corviknight|Roost|p1a: Corviknight\n|-heal|p1a: Corviknight|98\/100\n|-singleturn|p1a: Corviknight|move: Roost\n|\n|upkeep\n|turn|16\n|\n|t:|1700867653\n|switch|p2a: Overqwil|Overqwil, M|73\/100\n|-ability|p2a: Overqwil|Intimidate|boost\n|-unboost|p1a: Corviknight|atk|1\n|move|p1a: Corviknight|Body Press|p2a: Overqwil\n|-damage|p2a: Overqwil|54\/100\n|\n|-heal|p2a: Overqwil|60\/100|[from] item: Leftovers\n|upkeep\n|turn|17\n|\n|t:|1700867659\n|move|p2a: Overqwil|Toxic Spikes|p1a: Corviknight\n|-sidestart|p1: curtisthecacnea|move: Toxic Spikes\n|move|p1a: Corviknight|Body Press|p2a: Overqwil\n|-damage|p2a: Overqwil|41\/100\n|\n|-heal|p2a: Overqwil|48\/100|[from] item: Leftovers\n|-sideend|p2: Timirk|move: Aurora Veil\n|upkeep\n|turn|18\n|\n|t:|1700867665\n|move|p2a: Overqwil|Taunt|p1a: Corviknight\n|-start|p1a: Corviknight|move: Taunt\n|cant|p1a: Corviknight|move: Taunt|Iron Defense\n|\n|-heal|p2a: Overqwil|54\/100|[from] item: Leftovers\n|upkeep\n|turn|19\n|\n|t:|1700867667\n|move|p2a: Overqwil|Toxic Spikes|p1a: Corviknight\n|-sidestart|p1: curtisthecacnea|move: Toxic Spikes\n|move|p1a: Corviknight|Body Press|p2a: Overqwil\n|-damage|p2a: Overqwil|15\/100\n|\n|-heal|p2a: Overqwil|22\/100|[from] item: Leftovers\n|upkeep\n|turn|20\n|\n|t:|1700867671\n|move|p2a: Overqwil|Crunch|p1a: Corviknight\n|-damage|p1a: Corviknight|89\/100\n|-damage|p2a: Overqwil|5\/100|[from] item: Rocky Helmet|[of] p1a: Corviknight\n|move|p1a: Corviknight|Body Press|p2a: Overqwil\n|-damage|p2a: Overqwil|0 fnt\n|faint|p2a: Overqwil\n|\n|-end|p1a: Corviknight|move: Taunt\n|upkeep\n|\n|t:|1700867690\n|switch|p2a: Ninetales|Ninetales-Alola, F|44\/100\n|-weather|Snow|[from] ability: Snow Warning|[of] p2a: Ninetales\n|turn|21\n|\n|t:|1700867692\n|move|p2a: Ninetales|Aurora Veil|p2a: Ninetales\n|-sidestart|p2: Timirk|move: Aurora Veil\n|move|p1a: Corviknight|Iron Head|p2a: Ninetales\n|-supereffective|p2a: Ninetales\n|-damage|p2a: Ninetales|18\/100\n|\n|-weather|Snow|[upkeep]\n|upkeep\n|turn|22\n|\n|t:|1700867695\n|move|p2a: Ninetales|Blizzard|p1a: Corviknight\n|-crit|p1a: Corviknight\n|-damage|p1a: Corviknight|24\/100\n|move|p1a: Corviknight|Iron Head|p2a: Ninetales\n|-supereffective|p2a: Ninetales\n|-crit|p2a: Ninetales\n|-damage|p2a: Ninetales|0 fnt\n|faint|p2a: Ninetales\n|\n|-weather|Snow|[upkeep]\n|upkeep\n|\n|t:|1700867703\n|switch|p2a: Rotom|Rotom-Wash|59\/100\n|turn|23\n|\n|t:|1700867711\n|switch|p1a: Ogerpon|Ogerpon-Hearthflame, F|100\/100\n|-damage|p1a: Ogerpon|88\/100|[from] Spikes\n|-status|p1a: Ogerpon|tox\n|-ability|p1a: Ogerpon|Mold Breaker\n|move|p2a: Rotom|Hydro Pump|p1a: Ogerpon\n|-damage|p1a: Ogerpon|42\/100 tox\n|\n|-weather|Snow|[upkeep]\n|-heal|p2a: Rotom|65\/100|[from] item: Leftovers\n|-damage|p1a: Ogerpon|36\/100 tox|[from] psn\n|upkeep\n|turn|24\n|\n|t:|1700867723\n|move|p1a: Ogerpon|Horn Leech|p2a: Rotom\n|-supereffective|p2a: Rotom\n|-damage|p2a: Rotom|21\/100\n|-heal|p1a: Ogerpon|58\/100 tox|[from] drain|[of] p2a: Rotom\n|move|p2a: Rotom|Hydro Pump|p1a: Ogerpon|[miss]\n|-miss|p2a: Rotom|p1a: Ogerpon\n|\n|-weather|Snow|[upkeep]\n|-heal|p2a: Rotom|27\/100|[from] item: Leftovers\n|-damage|p1a: Ogerpon|46\/100 tox|[from] psn\n|upkeep\n|turn|25\n|\n|t:|1700867731\n|move|p2a: Rotom|Protect|p2a: Rotom\n|-singleturn|p2a: Rotom|Protect\n|move|p1a: Ogerpon|Horn Leech|p2a: Rotom\n|-activate|p2a: Rotom|move: Protect\n|\n|-weather|none\n|-heal|p2a: Rotom|33\/100|[from] item: Leftovers\n|-damage|p1a: Ogerpon|28\/100 tox|[from] psn\n|upkeep\n|turn|26\n|\n|t:|1700867735\n|switch|p2a: Gliscor|Gliscor, M|100\/100 tox\n|move|p1a: Ogerpon|Horn Leech|p2a: Gliscor\n|-damage|p2a: Gliscor|87\/100 tox\n|-heal|p1a: Ogerpon|36\/100 tox|[from] drain|[of] p2a: Gliscor\n|\n|-damage|p1a: Ogerpon|12\/100 tox|[from] psn\n|-heal|p2a: Gliscor|99\/100 tox|[from] ability: Poison Heal\n|upkeep\n|turn|27\n|\n|t:|1700867744\n|switch|p1a: Corviknight|Corviknight, M|24\/100\n|-ability|p1a: Corviknight|Pressure\n|move|p2a: Gliscor|Spikes|p1a: Corviknight\n|-sidestart|p1: curtisthecacnea|Spikes\n|\n|-heal|p2a: Gliscor|100\/100 tox|[from] ability: Poison Heal\n|upkeep\n|turn|28\n|\n|t:|1700867754\n|switch|p2a: Rotom|Rotom-Wash|33\/100\n|move|p1a: Corviknight|Roost|p1a: Corviknight\n|-heal|p1a: Corviknight|74\/100\n|-singleturn|p1a: Corviknight|move: Roost\n|\n|-heal|p2a: Rotom|39\/100|[from] item: Leftovers\n|-sideend|p2: Timirk|move: Aurora Veil\n|upkeep\n|turn|29\n|\n|t:|1700867759\n|switch|p1a: Ogerpon|Ogerpon-Hearthflame, F|12\/100 tox\n|-damage|p1a: Ogerpon|0 fnt|[from] Spikes\n|faint|p1a: Ogerpon\n|move|p2a: Rotom|Thunder Wave|p1: Ogerpon|[notarget]\n|-fail|p2a: Rotom\n|\n|-heal|p2a: Rotom|45\/100|[from] item: Leftovers\n|upkeep\n|\n|t:|1700867765\n|switch|p1a: Greninja|Greninja, M|100\/100\n|-damage|p1a: Greninja|84\/100|[from] Spikes\n|-status|p1a: Greninja|tox\n|turn|30\n|\n|t:|1700867771\n|move|p2a: Rotom|Protect|p2a: Rotom\n|-singleturn|p2a: Rotom|Protect\n|move|p1a: Greninja|Dark Pulse|p2a: Rotom\n|-start|p1a: Greninja|typechange|Dark|[from] ability: Protean\n|-activate|p2a: Rotom|move: Protect\n|\n|-heal|p2a: Rotom|51\/100|[from] item: Leftovers\n|-damage|p1a: Greninja|78\/100 tox|[from] psn\n|upkeep\n|turn|31\n|\n|t:|1700867792\n|switch|p2a: Tauros|Tauros-Paldea-Aqua, M|45\/100\n|-ability|p2a: Tauros|Intimidate|boost\n|-unboost|p1a: Greninja|atk|1\n|move|p1a: Greninja|Dark Pulse|p2a: Tauros\n|-resisted|p2a: Tauros\n|-damage|p2a: Tauros|1\/100\n|\n|-damage|p1a: Greninja|66\/100 tox|[from] psn\n|upkeep\n|turn|32\n|\n|t:|1700867801\n|switch|p1a: Corviknight|Corviknight, M|74\/100\n|-ability|p1a: Corviknight|Pressure\n|move|p2a: Tauros|Close Combat|p1a: Corviknight\n|-damage|p1a: Corviknight|39\/100\n|-unboost|p2a: Tauros|def|1\n|-unboost|p2a: Tauros|spd|1\n|-damage|p2a: Tauros|0 fnt|[from] item: Rocky Helmet|[of] p1a: Corviknight\n|faint|p2a: Tauros\n|\n|upkeep\n|\n|t:|1700867811\n|switch|p2a: Baxcalibur|Baxcalibur, M|100\/100\n|turn|33\n|\n|t:|1700867818\n|move|p2a: Baxcalibur|Swords Dance|p2a: Baxcalibur\n|-boost|p2a: Baxcalibur|atk|2\n|move|p1a: Corviknight|Roost|p1a: Corviknight\n|-heal|p1a: Corviknight|89\/100\n|-singleturn|p1a: Corviknight|move: Roost\n|\n|upkeep\n|turn|34\n|\n|t:|1700867827\n|move|p2a: Baxcalibur|Icicle Spear|p1a: Corviknight\n|-damage|p1a: Corviknight|73\/100\n|-damage|p1a: Corviknight|57\/100\n|-damage|p1a: Corviknight|41\/100\n|-damage|p1a: Corviknight|23\/100\n|-damage|p1a: Corviknight|5\/100\n|-hitcount|p1a: Corviknight|5\n|move|p1a: Corviknight|Iron Defense|p1a: Corviknight\n|-boost|p1a: Corviknight|def|2\n|\n|upkeep\n|turn|35\n|\n|t:|1700867835\n|move|p2a: Baxcalibur|Scale Shot|p1a: Corviknight\n|-resisted|p1a: Corviknight\n|-damage|p1a: Corviknight|0 fnt\n|faint|p1a: Corviknight\n|-hitcount|p1: Corviknight|1\n|-unboost|p2a: Baxcalibur|def|1\n|-boost|p2a: Baxcalibur|spe|1\n|\n|upkeep\n|\n|t:|1700867837\n|switch|p1a: Ursaluna|Ursaluna-Bloodmoon, M|100\/100\n|-damage|p1a: Ursaluna|84\/100|[from] Spikes\n|-status|p1a: Ursaluna|tox\n|turn|36\n|\n|t:|1700867842\n|move|p2a: Baxcalibur|Icicle Spear|p1a: Ursaluna\n|-supereffective|p1a: Ursaluna\n|-damage|p1a: Ursaluna|47\/100 tox\n|-supereffective|p1a: Ursaluna\n|-damage|p1a: Ursaluna|10\/100 tox\n|-supereffective|p1a: Ursaluna\n|-damage|p1a: Ursaluna|0 fnt\n|faint|p1a: Ursaluna\n|-hitcount|p1: Ursaluna|3\n|\n|upkeep\n|\n|t:|1700867844\n|switch|p1a: Greninja|Greninja, M|66\/100 tox\n|-damage|p1a: Greninja|50\/100 tox|[from] Spikes\n|turn|37\n|\n|t:|1700867848\n|move|p2a: Baxcalibur|Scale Shot|p1a: Greninja\n|-damage|p1a: Greninja|0 fnt\n|faint|p1a: Greninja\n|-hitcount|p1: Greninja|1\n|\n|win|Timirk\n|c|\u2606Timirk|ggs\n|c|\u2606curtisthecacnea|gg\n|l|\u2606curtisthecacnea\n","uploadtime":1700867896,"views":24,"p1id":"curtisthecacnea","p2id":"timirk","formatid":"gen9ubers","rating":0,"private":0,"password":""}