{"id":"gen9ubers-1988042207","p1":"gamergamercrazy","p2":"omegasony","format":"[Gen 9] Ubers","log":"|j|\u2606gamergamercrazy\n|j|\u2606omegasony\n|t:|1699662485\n|gametype|singles\n|player|p1|gamergamercrazy|roxie|\n|player|p2|omegasony|cynthia|\n|teamsize|p1|6\n|teamsize|p2|6\n|gen|9\n|tier|[Gen 9] Ubers\n|rule|Sleep Clause Mod: Limit one foe put to sleep\n|rule|Species Clause: Limit one of each Pok\u00e9mon\n|rule|OHKO Clause: OHKO moves are banned\n|rule|Evasion Items Clause: Evasion items are banned\n|rule|Evasion Moves Clause: Evasion moves are banned\n|rule|Endless Battle Clause: Forcing endless battles is banned\n|rule|HP Percentage Mod: HP is shown in percentages\n|clearpoke\n|poke|p1|Gliscor, F|\n|poke|p1|Great Tusk|\n|poke|p1|Ninetales, F|\n|poke|p1|Mimikyu, F|\n|poke|p1|Eelektross, F|\n|poke|p1|Magnezone|\n|poke|p2|Ursaluna-Bloodmoon, M|\n|poke|p2|Ludicolo, M|\n|poke|p2|Meowscarada, F|\n|poke|p2|Kommo-o, M|\n|poke|p2|Chandelure, F|\n|poke|p2|Coalossal, F|\n|teampreview\n|j| SleepyTheGhost\n|j| Luminary of Ass\n|\n|t:|1699662515\n|start\n|switch|p1a: Fucking Miracles|Ninetales, F, shiny|100\/100\n|switch|p2a: Awesome Man|Ludicolo, M, shiny|100\/100\n|-weather|SunnyDay|[from] ability: Drought|[of] p1a: Fucking Miracles\n|turn|1\n|\n|t:|1699662539\n|switch|p1a: Pecha Berry Denier|Gliscor, F|100\/100\n|move|p2a: Awesome Man|Leech Seed|p1a: Pecha Berry Denier\n|-start|p1a: Pecha Berry Denier|move: Leech Seed\n|\n|-weather|SunnyDay|[upkeep]\n|-damage|p1a: Pecha Berry Denier|88\/100|[from] Leech Seed|[of] p2a: Awesome Man\n|-status|p1a: Pecha Berry Denier|tox|[from] item: Toxic Orb\n|upkeep\n|turn|2\n|\n|t:|1699662550\n|move|p1a: Pecha Berry Denier|Toxic|p2a: Awesome Man\n|-status|p2a: Awesome Man|tox\n|move|p2a: Awesome Man|Ice Beam|p1a: Pecha Berry Denier\n|-supereffective|p1a: Pecha Berry Denier\n|-damage|p1a: Pecha Berry Denier|0 fnt\n|faint|p1a: Pecha Berry Denier\n|\n|-weather|SunnyDay|[upkeep]\n|-damage|p2a: Awesome Man|94\/100 tox|[from] psn\n|upkeep\n|\n|t:|1699662588\n|switch|p1a: whatdamouthdo|Eelektross, F, shiny|100\/100\n|turn|3\n|inactive|Battle timer is ON: inactive players will automatically lose when time's up. (requested by omegasony)\n|\n|t:|1699662597\n|move|p2a: Awesome Man|Leech Seed|p1a: whatdamouthdo\n|-start|p1a: whatdamouthdo|move: Leech Seed\n|move|p1a: whatdamouthdo|Thunder Punch|p2a: Awesome Man\n|-damage|p2a: Awesome Man|46\/100 tox\n|\n|-weather|SunnyDay|[upkeep]\n|-heal|p2a: Awesome Man|52\/100 tox|[from] item: Leftovers\n|-damage|p1a: whatdamouthdo|88\/100|[from] Leech Seed|[of] p2a: Awesome Man\n|-heal|p2a: Awesome Man|65\/100 tox|[silent]\n|-damage|p2a: Awesome Man|53\/100 tox|[from] psn\n|upkeep\n|turn|4\n|\n|t:|1699662607\n|move|p2a: Awesome Man|Giga Drain|p1a: whatdamouthdo\n|-damage|p1a: whatdamouthdo|53\/100\n|-heal|p2a: Awesome Man|71\/100 tox|[from] drain|[of] p1a: whatdamouthdo\n|move|p1a: whatdamouthdo|Thunder Punch|p2a: Awesome Man\n|-damage|p2a: Awesome Man|20\/100 tox\n|\n|-weather|SunnyDay|[upkeep]\n|-heal|p2a: Awesome Man|26\/100 tox|[from] item: Leftovers\n|-damage|p1a: whatdamouthdo|41\/100|[from] Leech Seed|[of] p2a: Awesome Man\n|-heal|p2a: Awesome Man|39\/100 tox|[silent]\n|-damage|p2a: Awesome Man|21\/100 tox|[from] psn\n|upkeep\n|turn|5\n|\n|t:|1699662625\n|move|p2a: Awesome Man|Giga Drain|p1a: whatdamouthdo\n|-damage|p1a: whatdamouthdo|4\/100\n|-heal|p2a: Awesome Man|40\/100 tox|[from] drain|[of] p1a: whatdamouthdo\n|-enditem|p1a: whatdamouthdo|Aguav Berry|[eat]\n|-heal|p1a: whatdamouthdo|37\/100|[from] item: Aguav Berry\n|move|p1a: whatdamouthdo|Drain Punch|p2a: Awesome Man\n|-damage|p2a: Awesome Man|9\/100 tox\n|-heal|p1a: whatdamouthdo|52\/100|[from] drain|[of] p2a: Awesome Man\n|\n|-weather|none\n|-heal|p2a: Awesome Man|15\/100 tox|[from] item: Leftovers\n|-damage|p1a: whatdamouthdo|40\/100|[from] Leech Seed|[of] p2a: Awesome Man\n|-heal|p2a: Awesome Man|28\/100 tox|[silent]\n|-damage|p2a: Awesome Man|4\/100 tox|[from] psn\n|upkeep\n|turn|6\n|\n|t:|1699662644\n|switch|p1a: Beep-Boop|Magnezone|100\/100\n|move|p2a: Awesome Man|Giga Drain|p1a: Beep-Boop\n|-resisted|p1a: Beep-Boop\n|-damage|p1a: Beep-Boop|81\/100\n|-heal|p2a: Awesome Man|13\/100 tox|[from] drain|[of] p1a: Beep-Boop\n|\n|-heal|p2a: Awesome Man|19\/100 tox|[from] item: Leftovers\n|-heal|p1a: Beep-Boop|87\/100|[from] item: Leftovers\n|-damage|p2a: Awesome Man|0 fnt|[from] psn\n|faint|p2a: Awesome Man\n|upkeep\n|\n|t:|1699662659\n|switch|p2a: Juga Hr.|Kommo-o, M|100\/100\n|turn|7\n|\n|t:|1699662679\n|move|p2a: Juga Hr.|Drain Punch|p1a: Beep-Boop\n|-supereffective|p1a: Beep-Boop\n|-damage|p1a: Beep-Boop|12\/100\n|-damage|p2a: Juga Hr.|91\/100|[from] item: Life Orb\n|move|p1a: Beep-Boop|Tri Attack|p2a: Juga Hr.\n|-damage|p2a: Juga Hr.|55\/100\n|\n|-heal|p1a: Beep-Boop|19\/100|[from] item: Leftovers\n|upkeep\n|turn|8\n|inactive|gamergamercrazy has 270 seconds left.\n|\n|t:|1699662700\n|switch|p1a: JoshthekingXD|Mimikyu, F, shiny|100\/100\n|move|p2a: Juga Hr.|Iron Head|p1a: JoshthekingXD\n|-activate|p1a: JoshthekingXD|ability: Disguise\n|-damage|p1a: JoshthekingXD|100\/100\n|detailschange|p1a: JoshthekingXD|Mimikyu-Busted, F, shiny\n|-damage|p1a: JoshthekingXD|88\/100|[from] pokemon: Mimikyu-Busted\n|-damage|p2a: Juga Hr.|45\/100|[from] item: Life Orb\n|\n|upkeep\n|turn|9\n|inactive|gamergamercrazy has 270 seconds left.\n|\n|t:|1699662713\n|move|p1a: JoshthekingXD|Play Rough|p2a: Juga Hr.\n|-supereffective|p2a: Juga Hr.\n|-crit|p2a: Juga Hr.\n|-damage|p2a: Juga Hr.|0 fnt\n|faint|p2a: Juga Hr.\n|-damage|p1a: JoshthekingXD|78\/100|[from] item: Life Orb\n|\n|upkeep\n|inactive|omegasony has 270 seconds left.\n|\n|t:|1699662749\n|switch|p2a: Luna|Ursaluna-Bloodmoon, M|100\/100\n|turn|10\n|inactive|gamergamercrazy has 270 seconds left.\n|\n|t:|1699662766\n|move|p1a: JoshthekingXD|Wood Hammer|p2a: Luna\n|-supereffective|p2a: Luna\n|-damage|p2a: Luna|43\/100\n|-damage|p1a: JoshthekingXD|46\/100|[from] Recoil\n|-damage|p1a: JoshthekingXD|36\/100|[from] item: Life Orb\n|move|p2a: Luna|Earth Power|p1a: JoshthekingXD\n|-damage|p1a: JoshthekingXD|0 fnt\n|faint|p1a: JoshthekingXD\n|\n|upkeep\n|inactive|gamergamercrazy has 270 seconds left.\n|\n|t:|1699662778\n|switch|p1a: whatdamouthdo|Eelektross, F, shiny|40\/100\n|turn|11\n|\n|t:|1699662789\n|switch|p2a: Gorbo Walming|Coalossal, F|100\/100\n|move|p1a: whatdamouthdo|Drain Punch|p2a: Gorbo Walming\n|-supereffective|p2a: Gorbo Walming\n|-damage|p2a: Gorbo Walming|66\/100\n|-heal|p1a: whatdamouthdo|59\/100|[from] drain|[of] p2a: Gorbo Walming\n|\n|upkeep\n|turn|12\n|\n|t:|1699662804\n|move|p1a: whatdamouthdo|Super Fang|p2a: Gorbo Walming\n|-damage|p2a: Gorbo Walming|34\/100\n|move|p2a: Gorbo Walming|Stealth Rock|p1a: whatdamouthdo\n|-sidestart|p1: gamergamercrazy|move: Stealth Rock\n|\n|upkeep\n|turn|13\n|\n|t:|1699662810\n|move|p1a: whatdamouthdo|Drain Punch|p2a: Gorbo Walming\n|-supereffective|p2a: Gorbo Walming\n|-damage|p2a: Gorbo Walming|0 fnt\n|-heal|p1a: whatdamouthdo|78\/100|[from] drain|[of] p2a: Gorbo Walming\n|faint|p2a: Gorbo Walming\n|\n|upkeep\n|inactive|omegasony has 270 seconds left.\n|\n|t:|1699662836\n|switch|p2a: She lit on my wic|Chandelure, F, shiny|100\/100\n|turn|14\n|inactive|gamergamercrazy has 270 seconds left.\n|\n|t:|1699662872\n|switch|p1a: Beep-Boop|Magnezone|19\/100\n|-damage|p1a: Beep-Boop|12\/100|[from] Stealth Rock\n|move|p2a: She lit on my wic|Energy Ball|p1a: Beep-Boop\n|-resisted|p1a: Beep-Boop\n|-crit|p1a: Beep-Boop\n|-damage|p1a: Beep-Boop|0 fnt\n|faint|p1a: Beep-Boop\n|\n|upkeep\n|\n|t:|1699662893\n|switch|p1a: Fucking Miracles|Ninetales, F, shiny|100\/100\n|-damage|p1a: Fucking Miracles|76\/100|[from] Stealth Rock\n|-weather|SunnyDay|[from] ability: Drought|[of] p1a: Fucking Miracles\n|turn|15\n|\n|t:|1699662902\n|move|p1a: Fucking Miracles|Shadow Ball|p2a: She lit on my wic\n|-supereffective|p2a: She lit on my wic\n|-damage|p2a: She lit on my wic|56\/100\n|move|p2a: She lit on my wic|Night Shade|p1a: Fucking Miracles\n|-damage|p1a: Fucking Miracles|41\/100\n|\n|-weather|SunnyDay|[upkeep]\n|-heal|p2a: She lit on my wic|62\/100|[from] item: Leftovers\n|upkeep\n|turn|16\n|inactive|omegasony has 270 seconds left.\n|inactive|gamergamercrazy has 240 seconds left.\n|\n|t:|1699662937\n|move|p1a: Fucking Miracles|Shadow Ball|p2a: She lit on my wic\n|-supereffective|p2a: She lit on my wic\n|-damage|p2a: She lit on my wic|12\/100\n|move|p2a: She lit on my wic|Night Shade|p1a: Fucking Miracles\n|-damage|p1a: Fucking Miracles|6\/100\n|\n|-weather|SunnyDay|[upkeep]\n|-heal|p2a: She lit on my wic|18\/100|[from] item: Leftovers\n|upkeep\n|turn|17\n|inactive|omegasony has 270 seconds left.\n|\n|t:|1699662957\n|switch|p2a: Luna|Ursaluna-Bloodmoon, M|43\/100\n|move|p1a: Fucking Miracles|Shadow Ball|p2a: Luna\n|-immune|p2a: Luna\n|\n|-weather|SunnyDay|[upkeep]\n|upkeep\n|turn|18\n|inactive|gamergamercrazy has 240 seconds left.\n|\n|t:|1699662976\n|switch|p1a: Awsum|Great Tusk|100\/100\n|-damage|p1a: Awsum|98\/100|[from] Stealth Rock\n|-activate|p1a: Awsum|ability: Protosynthesis\n|-start|p1a: Awsum|protosynthesisatk\n|move|p2a: Luna|Moonblast|p1a: Awsum\n|-supereffective|p1a: Awsum\n|-damage|p1a: Awsum|0 fnt\n|faint|p1a: Awsum\n|-end|p1a: Awsum|Protosynthesis|[silent]\n|\n|-weather|SunnyDay|[upkeep]\n|upkeep\n|\n|t:|1699663005\n|switch|p1a: whatdamouthdo|Eelektross, F, shiny|78\/100\n|-damage|p1a: whatdamouthdo|65\/100|[from] Stealth Rock\n|turn|19\n|inactive|gamergamercrazy has 210 seconds left.\n|\n|t:|1699663027\n|switch|p2a: She lit on my wic|Chandelure, F, shiny|18\/100\n|move|p1a: whatdamouthdo|Drain Punch|p2a: She lit on my wic\n|-immune|p2a: She lit on my wic\n|\n|-weather|none\n|-heal|p2a: She lit on my wic|25\/100|[from] item: Leftovers\n|upkeep\n|turn|20\n|inactive|gamergamercrazy has 210 seconds left.\n|\n|t:|1699663037\n|move|p2a: She lit on my wic|Pain Split|p1a: whatdamouthdo\n|-sethp|p1a: whatdamouthdo|43\/100|[from] move: Pain Split|[silent]\n|-sethp|p2a: She lit on my wic|50\/100|[from] move: Pain Split\n|move|p1a: whatdamouthdo|Thunder Punch|p2a: She lit on my wic\n|-damage|p2a: She lit on my wic|5\/100\n|\n|-heal|p2a: She lit on my wic|11\/100|[from] item: Leftovers\n|upkeep\n|turn|21\n|inactive|omegasony has 270 seconds left.\n|inactive|gamergamercrazy has 210 seconds left.\n|\n|t:|1699663048\n|move|p2a: She lit on my wic|Pain Split|p1a: whatdamouthdo\n|-sethp|p1a: whatdamouthdo|26\/100|[from] move: Pain Split|[silent]\n|-sethp|p2a: She lit on my wic|30\/100|[from] move: Pain Split\n|move|p1a: whatdamouthdo|Thunder Punch|p2a: She lit on my wic\n|-damage|p2a: She lit on my wic|0 fnt\n|-status|p1a: whatdamouthdo|brn|[from] ability: Flame Body|[of] p2a: She lit on my wic\n|faint|p2a: She lit on my wic\n|\n|-damage|p1a: whatdamouthdo|20\/100 brn|[from] brn\n|upkeep\n|inactive|omegasony has 270 seconds left.\n|\n|t:|1699663066\n|switch|p2a: Worst Blunt|Meowscarada, F|100\/100\n|turn|22\n|\n|t:|1699663074\n|move|p2a: Worst Blunt|U-turn|p1a: whatdamouthdo\n|-start|p2a: Worst Blunt|typechange|Bug|[from] ability: Protean\n|-damage|p1a: whatdamouthdo|0 fnt\n|faint|p1a: whatdamouthdo\n|\n|t:|1699663079\n|switch|p2a: Luna|Ursaluna-Bloodmoon, M|43\/100|[from] U-turn\n|\n|upkeep\n|\n|t:|1699663083\n|switch|p1a: Fucking Miracles|Ninetales, F, shiny|6\/100\n|-damage|p1a: Fucking Miracles|0 fnt|[from] Stealth Rock\n|faint|p1a: Fucking Miracles\n|\n|win|omegasony\n","uploadtime":1699663091,"views":29,"p1id":"gamergamercrazy","p2id":"omegasony","formatid":"gen9ubers","rating":0,"private":0,"password":""}