{"id":"gen9ubers-1990894430","p1":"JuneBug17","p2":"guzmfran","format":"[Gen 9] Ubers","log":"|j|\u2606JuneBug17\n|j|\u2606guzmfran\n|t:|1700012333\n|gametype|singles\n|player|p1|JuneBug17|steven|\n|player|p2|guzmfran|102|\n|teamsize|p1|5\n|teamsize|p2|4\n|gen|9\n|tier|[Gen 9] Ubers\n|rule|Sleep Clause Mod: Limit one foe put to sleep\n|rule|Species Clause: Limit one of each Pok\u00e9mon\n|rule|OHKO Clause: OHKO moves are banned\n|rule|Evasion Items Clause: Evasion items are banned\n|rule|Evasion Moves Clause: Evasion moves are banned\n|rule|Endless Battle Clause: Forcing endless battles is banned\n|rule|HP Percentage Mod: HP is shown in percentages\n|clearpoke\n|poke|p1|Weavile, M|\n|poke|p1|Iron Hands|\n|poke|p1|Meowscarada, M|\n|poke|p1|Gholdengo|\n|poke|p1|Rotom-Wash|\n|poke|p2|Azumarill, F|\n|poke|p2|Ninetales-Alola, F|\n|poke|p2|Dragonite, F|\n|poke|p2|Gliscor, F|\n|teampreview\n|c|\u2606JuneBug17|hf\n|\n|t:|1700012364\n|start\n|switch|p1a: Gholdengo|Gholdengo|100\/100\n|switch|p2a: Gliscor|Gliscor, F|100\/100\n|turn|1\n|j| Ryan&Ditto\n|j| Notgeeta101\n|\n|t:|1700012405\n|switch|p1a: Rotom|Rotom-Wash, shiny|100\/100\n|move|p2a: Gliscor|Knock Off|p1a: Rotom\n|-damage|p1a: Rotom|84\/100\n|-enditem|p1a: Rotom|Choice Specs|[from] move: Knock Off|[of] p2a: Gliscor\n|\n|-status|p2a: Gliscor|tox|[from] item: Toxic Orb\n|upkeep\n|turn|2\n|j| Nala Wonderbred\n|\n|t:|1700012438\n|-terastallize|p2a: Gliscor|Water\n|move|p2a: Gliscor|Toxic|p1a: Rotom|[miss]\n|-miss|p2a: Gliscor|p1a: Rotom\n|move|p1a: Rotom|Volt Switch|p2a: Gliscor\n|-supereffective|p2a: Gliscor\n|-damage|p2a: Gliscor|43\/100 tox\n|c| Ryan&Ditto|uh\n|\n|t:|1700012503\n|switch|p1a: Meowscarada|Meowscarada, M, shiny|100\/100|[from] Volt Switch\n|\n|-heal|p2a: Gliscor|55\/100 tox|[from] ability: Poison Heal\n|upkeep\n|turn|3\n|l| Notgeeta101\n|\n|t:|1700012513\n|move|p2a: Gliscor|Protect|p2a: Gliscor\n|-singleturn|p2a: Gliscor|Protect\n|move|p1a: Meowscarada|Flower Trick|p2a: Gliscor\n|-start|p1a: Meowscarada|typechange|Grass|[from] ability: Protean\n|-activate|p2a: Gliscor|move: Protect\n|\n|-heal|p2a: Gliscor|68\/100 tox|[from] ability: Poison Heal\n|upkeep\n|turn|4\n|\n|t:|1700012525\n|switch|p2a: Dragonite|Dragonite, F|100\/100\n|move|p1a: Meowscarada|Flower Trick|p2a: Dragonite\n|-resisted|p2a: Dragonite\n|-crit|p2a: Dragonite\n|-damage|p2a: Dragonite|94\/100\n|-enditem|p2a: Dragonite|Kee Berry|[eat]\n|-boost|p2a: Dragonite|def|1|[from] item: Kee Berry\n|\n|upkeep\n|turn|5\n|j| Notgeeta101\n|c| Ryan&Ditto|oh my god\n|\n|t:|1700012542\n|switch|p1a: Rotom|Rotom-Wash, shiny|84\/100\n|move|p2a: Dragonite|Dragon Dance|p2a: Dragonite\n|-boost|p2a: Dragonite|atk|1\n|-boost|p2a: Dragonite|spe|1\n|\n|upkeep\n|turn|6\n|\n|t:|1700012550\n|-terastallize|p1a: Rotom|Ghost\n|move|p2a: Dragonite|Body Press|p1a: Rotom\n|-immune|p1a: Rotom\n|move|p1a: Rotom|Will-O-Wisp|p2a: Dragonite\n|-status|p2a: Dragonite|brn\n|\n|-damage|p2a: Dragonite|88\/100 brn|[from] brn\n|upkeep\n|turn|7\n|\n|t:|1700012584\n|switch|p2a: Ninetales|Ninetales-Alola, F|100\/100\n|-weather|Snow|[from] ability: Snow Warning|[of] p2a: Ninetales\n|move|p1a: Rotom|Volt Switch|p2a: Ninetales\n|-damage|p2a: Ninetales|68\/100\n|-enditem|p2a: Ninetales|Eject Button\n|\n|t:|1700012593\n|switch|p2a: Azumarill|Azumarill, F|100\/100\n|\n|-weather|Snow|[upkeep]\n|upkeep\n|turn|8\n|\n|t:|1700012642\n|switch|p2a: Gliscor|Gliscor, F, tera:Water|68\/100 tox\n|move|p1a: Rotom|Will-O-Wisp|p2a: Gliscor|[miss]\n|-miss|p1a: Rotom|p2a: Gliscor\n|\n|-weather|Snow|[upkeep]\n|-heal|p2a: Gliscor|80\/100 tox|[from] ability: Poison Heal\n|upkeep\n|turn|9\n|\n|t:|1700012655\n|move|p2a: Gliscor|Knock Off|p1a: Rotom\n|-supereffective|p1a: Rotom\n|-damage|p1a: Rotom|63\/100\n|move|p1a: Rotom|Volt Switch|p2a: Gliscor\n|-supereffective|p2a: Gliscor\n|-damage|p2a: Gliscor|13\/100 tox\n|l| Nala Wonderbred\n|j| LogIce\n|c| Ryan&Ditto|jesus\n|c| Ryan&Ditto|min into max roll lmao\n|\n|t:|1700012683\n|switch|p1a: Gholdengo|Gholdengo|100\/100|[from] Volt Switch\n|\n|-weather|Snow|[upkeep]\n|-heal|p2a: Gliscor|26\/100 tox|[from] ability: Poison Heal\n|upkeep\n|turn|10\n|\n|t:|1700012696\n|move|p2a: Gliscor|Protect|p2a: Gliscor\n|-singleturn|p2a: Gliscor|Protect\n|move|p1a: Gholdengo|Shadow Ball|p2a: Gliscor\n|-activate|p2a: Gliscor|move: Protect\n|\n|-weather|Snow|[upkeep]\n|-heal|p2a: Gliscor|38\/100 tox|[from] ability: Poison Heal\n|upkeep\n|turn|11\n|\n|t:|1700012709\n|switch|p2a: Dragonite|Dragonite, F|88\/100 brn\n|move|p1a: Gholdengo|Shadow Ball|p2a: Dragonite\n|-damage|p2a: Dragonite|45\/100 brn\n|\n|-weather|none\n|-damage|p2a: Dragonite|39\/100 brn|[from] brn\n|upkeep\n|turn|12\n|\n|t:|1700012718\n|move|p1a: Gholdengo|Shadow Ball|p2a: Dragonite\n|-damage|p2a: Dragonite|0 fnt\n|faint|p2a: Dragonite\n|\n|upkeep\n|\n|t:|1700012726\n|switch|p2a: Ninetales|Ninetales-Alola, F|68\/100\n|-weather|Snow|[from] ability: Snow Warning|[of] p2a: Ninetales\n|turn|13\n|\n|t:|1700012750\n|move|p1a: Gholdengo|Shadow Ball|p2a: Ninetales\n|-damage|p2a: Ninetales|13\/100\n|move|p2a: Ninetales|Aurora Veil|p2a: Ninetales\n|-sidestart|p2: guzmfran|move: Aurora Veil\n|\n|-weather|Snow|[upkeep]\n|upkeep\n|turn|14\n|\n|t:|1700012758\n|move|p1a: Gholdengo|Shadow Ball|p2a: Ninetales\n|-damage|p2a: Ninetales|0 fnt\n|faint|p2a: Ninetales\n|\n|-weather|Snow|[upkeep]\n|upkeep\n|\n|t:|1700012764\n|switch|p2a: Azumarill|Azumarill, F|100\/100\n|turn|15\n|\n|t:|1700012816\n|move|p1a: Gholdengo|Shadow Ball|p2a: Azumarill\n|-damage|p2a: Azumarill|77\/100\n|move|p2a: Azumarill|Belly Drum|p2a: Azumarill\n|-damage|p2a: Azumarill|27\/100\n|-setboost|p2a: Azumarill|atk|6|[from] move: Belly Drum\n|-enditem|p2a: Azumarill|Sitrus Berry|[eat]\n|-heal|p2a: Azumarill|52\/100|[from] item: Sitrus Berry\n|\n|-weather|Snow|[upkeep]\n|upkeep\n|turn|16\n|\n|t:|1700012832\n|switch|p1a: Iron Hands|Iron Hands|100\/100\n|move|p2a: Azumarill|Aqua Jet|p1a: Iron Hands\n|-damage|p1a: Iron Hands|59\/100\n|-damage|p2a: Azumarill|35\/100|[from] item: Rocky Helmet|[of] p1a: Iron Hands\n|\n|-weather|Snow|[upkeep]\n|upkeep\n|turn|17\n|\n|t:|1700012850\n|move|p1a: Iron Hands|Fake Out|p2a: Azumarill\n|-damage|p2a: Azumarill|29\/100\n|cant|p2a: Azumarill|flinch\n|\n|-weather|none\n|-sideend|p2: guzmfran|move: Aurora Veil\n|upkeep\n|turn|18\n|\n|t:|1700012877\n|move|p2a: Azumarill|Aqua Jet|p1a: Iron Hands\n|-damage|p1a: Iron Hands|13\/100\n|-damage|p2a: Azumarill|12\/100|[from] item: Rocky Helmet|[of] p1a: Iron Hands\n|move|p1a: Iron Hands|Thunder Punch|p2a: Azumarill\n|-supereffective|p2a: Azumarill\n|-damage|p2a: Azumarill|0 fnt\n|faint|p2a: Azumarill\n|\n|upkeep\n|\n|t:|1700012886\n|switch|p2a: Gliscor|Gliscor, F, tera:Water|38\/100 tox\n|turn|19\n|\n|t:|1700012895\n|-end|p1a: Iron Hands|Quark Drive|[silent]\n|switch|p1a: Rotom|Rotom-Wash, shiny, tera:Ghost|63\/100\n|move|p2a: Gliscor|Knock Off|p1a: Rotom\n|-supereffective|p1a: Rotom\n|-damage|p1a: Rotom|42\/100\n|\n|-heal|p2a: Gliscor|51\/100 tox|[from] ability: Poison Heal\n|upkeep\n|turn|20\n|\n|t:|1700012904\n|move|p2a: Gliscor|Protect|p2a: Gliscor\n|-singleturn|p2a: Gliscor|Protect\n|move|p1a: Rotom|Volt Switch|p2a: Gliscor\n|-activate|p2a: Gliscor|move: Protect\n|\n|-heal|p2a: Gliscor|63\/100 tox|[from] ability: Poison Heal\n|upkeep\n|turn|21\n|\n|t:|1700012913\n|move|p2a: Gliscor|Knock Off|p1a: Rotom\n|-supereffective|p1a: Rotom\n|-damage|p1a: Rotom|18\/100\n|move|p1a: Rotom|Volt Switch|p2a: Gliscor\n|-supereffective|p2a: Gliscor\n|-damage|p2a: Gliscor|0 fnt\n|faint|p2a: Gliscor\n|\n|win|JuneBug17\n|c|\u2606JuneBug17|gg\n|l| Ryan&Ditto\n|l| Notgeeta101\n","uploadtime":1700012924,"views":56,"p1id":"junebug17","p2id":"guzmfran","formatid":"gen9ubers","rating":0,"private":0,"password":""}