{"id":"gen9ubers-1993515825","p1":"FatalOblivion","p2":"ZachPlay","format":"[Gen 9] Ubers","log":"|j|\u2606FatalOblivion\n|j|\u2606ZachPlay\n|t:|1700326974\n|gametype|singles\n|player|p1|FatalOblivion|marley|\n|player|p2|ZachPlay|ginchiyo-conquest|\n|teamsize|p1|6\n|teamsize|p2|6\n|gen|9\n|tier|[Gen 9] Ubers\n|rule|Sleep Clause Mod: Limit one foe put to sleep\n|rule|Species Clause: Limit one of each Pok\u00e9mon\n|rule|OHKO Clause: OHKO moves are banned\n|rule|Evasion Items Clause: Evasion items are banned\n|rule|Evasion Moves Clause: Evasion moves are banned\n|rule|Endless Battle Clause: Forcing endless battles is banned\n|rule|HP Percentage Mod: HP is shown in percentages\n|clearpoke\n|poke|p1|Ninetales, F|\n|poke|p1|Chi-Yu|\n|poke|p1|Magearna|\n|poke|p1|Arceus-Fire|\n|poke|p1|Roaring Moon|\n|poke|p1|Walking Wake|\n|poke|p2|Orthworm, F|\n|poke|p2|Espathra, M|\n|poke|p2|Zacian-*|\n|poke|p2|Volcarona, F|\n|poke|p2|Roaring Moon|\n|poke|p2|Arceus-Poison|\n|teampreview\n|inactive|Battle timer is ON: inactive players will automatically lose when time's up. (requested by FatalOblivion)\n|c|\u2606FatalOblivion|Hello\n|\n|t:|1700326991\n|start\n|switch|p1a: Ninetales|Ninetales, F|100\/100\n|switch|p2a: Volcarona|Volcarona, F|100\/100\n|-weather|SunnyDay|[from] ability: Drought|[of] p1a: Ninetales\n|turn|1\n|\n|t:|1700326996\n|move|p1a: Ninetales|Weather Ball|p2a: Volcarona\n|-damage|p2a: Volcarona|29\/100\n|move|p2a: Volcarona|Quiver Dance|p2a: Volcarona\n|-boost|p2a: Volcarona|spa|1\n|-boost|p2a: Volcarona|spd|1\n|-boost|p2a: Volcarona|spe|1\n|\n|-weather|SunnyDay|[upkeep]\n|upkeep\n|turn|2\n|\n|t:|1700327006\n|move|p2a: Volcarona|Morning Sun|p2a: Volcarona\n|-heal|p2a: Volcarona|95\/100\n|move|p1a: Ninetales|Weather Ball|p2a: Volcarona\n|-damage|p2a: Volcarona|47\/100\n|\n|-weather|SunnyDay|[upkeep]\n|upkeep\n|turn|3\n|\n|t:|1700327019\n|move|p2a: Volcarona|Morning Sun|p2a: Volcarona\n|-heal|p2a: Volcarona|100\/100\n|move|p1a: Ninetales|Weather Ball|p2a: Volcarona\n|-damage|p2a: Volcarona|47\/100\n|\n|-weather|SunnyDay|[upkeep]\n|upkeep\n|turn|4\n|\n|t:|1700327033\n|switch|p1a: Walking Wake|Walking Wake|100\/100\n|-activate|p1a: Walking Wake|ability: Protosynthesis\n|-start|p1a: Walking Wake|protosynthesisspe\n|move|p2a: Volcarona|Quiver Dance|p2a: Volcarona\n|-boost|p2a: Volcarona|spa|1\n|-boost|p2a: Volcarona|spd|1\n|-boost|p2a: Volcarona|spe|1\n|\n|-weather|SunnyDay|[upkeep]\n|upkeep\n|turn|5\n|\n|t:|1700327046\n|move|p2a: Volcarona|Bug Buzz|p1a: Walking Wake\n|-damage|p1a: Walking Wake|4\/100\n|move|p1a: Walking Wake|Hydro Steam|p2a: Volcarona\n|-supereffective|p2a: Volcarona\n|-damage|p2a: Volcarona|0 fnt\n|faint|p2a: Volcarona\n|\n|-weather|none\n|-end|p1a: Walking Wake|Protosynthesis\n|upkeep\n|c|\u2606FatalOblivion|Wake say no\n|\n|t:|1700327060\n|switch|p2a: Arceus|Arceus-Poison|100\/100\n|turn|6\n|\n|t:|1700327067\n|-end|p1a: Walking Wake|Protosynthesis|[silent]\n|switch|p1a: Ninetales|Ninetales, F|100\/100\n|-weather|SunnyDay|[from] ability: Drought|[of] p1a: Ninetales\n|move|p2a: Arceus|Calm Mind|p2a: Arceus\n|-boost|p2a: Arceus|spa|1\n|-boost|p2a: Arceus|spd|1\n|\n|-weather|SunnyDay|[upkeep]\n|upkeep\n|turn|7\n|\n|t:|1700327071\n|move|p2a: Arceus|Calm Mind|p2a: Arceus\n|-boost|p2a: Arceus|spa|1\n|-boost|p2a: Arceus|spd|1\n|move|p1a: Ninetales|Will-O-Wisp|p2a: Arceus\n|-status|p2a: Arceus|brn\n|\n|-weather|SunnyDay|[upkeep]\n|-damage|p2a: Arceus|94\/100 brn|[from] brn\n|upkeep\n|turn|8\n|\n|t:|1700327077\n|switch|p1a: Magearna|Magearna|100\/100\n|move|p2a: Arceus|Calm Mind|p2a: Arceus\n|-boost|p2a: Arceus|spa|1\n|-boost|p2a: Arceus|spd|1\n|\n|-weather|SunnyDay|[upkeep]\n|-damage|p2a: Arceus|88\/100 brn|[from] brn\n|upkeep\n|turn|9\n|\n|t:|1700327082\n|move|p2a: Arceus|Earth Power|p1a: Magearna\n|-supereffective|p1a: Magearna\n|-damage|p1a: Magearna|0 fnt\n|faint|p1a: Magearna\n|\n|-weather|SunnyDay|[upkeep]\n|-damage|p2a: Arceus|82\/100 brn|[from] brn\n|upkeep\n|\n|t:|1700327092\n|switch|p1a: Roaring Moon|Roaring Moon|100\/100\n|-activate|p1a: Roaring Moon|ability: Protosynthesis\n|-start|p1a: Roaring Moon|protosynthesisatk\n|turn|10\n|\n|t:|1700327098\n|switch|p2a: Zacian|Zacian|100\/100\n|-ability|p2a: Zacian|Intrepid Sword|boost\n|-boost|p2a: Zacian|atk|1\n|move|p1a: Roaring Moon|Scale Shot|p2a: Zacian\n|-immune|p2a: Zacian\n|\n|-weather|none\n|-end|p1a: Roaring Moon|Protosynthesis\n|upkeep\n|turn|11\n|\n|t:|1700327107\n|-end|p1a: Roaring Moon|Protosynthesis|[silent]\n|switch|p1a: Ninetales|Ninetales, F|100\/100\n|-weather|SunnyDay|[from] ability: Drought|[of] p1a: Ninetales\n|move|p2a: Zacian|Play Rough|p1a: Ninetales\n|-resisted|p1a: Ninetales\n|-damage|p1a: Ninetales|51\/100\n|\n|-weather|SunnyDay|[upkeep]\n|upkeep\n|turn|12\n|\n|t:|1700327115\n|move|p2a: Zacian|Close Combat|p1a: Ninetales\n|-damage|p1a: Ninetales|0 fnt\n|-unboost|p2a: Zacian|def|1\n|-unboost|p2a: Zacian|spd|1\n|faint|p1a: Ninetales\n|\n|-weather|SunnyDay|[upkeep]\n|upkeep\n|\n|t:|1700327119\n|switch|p1a: Walking Wake|Walking Wake|4\/100\n|-activate|p1a: Walking Wake|ability: Protosynthesis\n|-start|p1a: Walking Wake|protosynthesisspe\n|turn|13\n|\n|t:|1700327129\n|switch|p2a: Roaring Moon|Roaring Moon|100\/100\n|-activate|p2a: Roaring Moon|ability: Protosynthesis\n|-start|p2a: Roaring Moon|protosynthesisspe\n|move|p1a: Walking Wake|Flip Turn|p2a: Roaring Moon\n|-resisted|p2a: Roaring Moon\n|-damage|p2a: Roaring Moon|96\/100\n|\n|t:|1700327135\n|-end|p1a: Walking Wake|Protosynthesis|[silent]\n|switch|p1a: Arceus|Arceus-Fire|100\/100|[from] Flip Turn\n|\n|-weather|SunnyDay|[upkeep]\n|upkeep\n|turn|14\n|\n|t:|1700327142\n|move|p2a: Roaring Moon|Earthquake|p1a: Arceus\n|-supereffective|p1a: Arceus\n|-damage|p1a: Arceus|51\/100\n|move|p1a: Arceus|Iron Defense|p1a: Arceus\n|-boost|p1a: Arceus|def|2\n|\n|-weather|SunnyDay|[upkeep]\n|upkeep\n|turn|15\n|\n|t:|1700327150\n|-end|p2a: Roaring Moon|Protosynthesis|[silent]\n|switch|p2a: Orthworm|Orthworm, F|100\/100\n|move|p1a: Arceus|Recover|p1a: Arceus\n|-heal|p1a: Arceus|100\/100\n|\n|-weather|none\n|upkeep\n|turn|16\n|\n|t:|1700327154\n|move|p1a: Arceus|Judgment|p2a: Orthworm\n|-supereffective|p2a: Orthworm\n|-damage|p2a: Orthworm|0 fnt\n|faint|p2a: Orthworm\n|\n|upkeep\n|c|\u2606FatalOblivion|Gone\n|\n|t:|1700327161\n|switch|p2a: Arceus|Arceus-Poison|82\/100 brn\n|turn|17\n|\n|t:|1700327164\n|move|p2a: Arceus|Earth Power|p1a: Arceus\n|-supereffective|p1a: Arceus\n|-damage|p1a: Arceus|67\/100\n|move|p1a: Arceus|Calm Mind|p1a: Arceus\n|-boost|p1a: Arceus|spa|1\n|-boost|p1a: Arceus|spd|1\n|\n|-damage|p2a: Arceus|76\/100 brn|[from] brn\n|upkeep\n|turn|18\n|\n|t:|1700327172\n|move|p2a: Arceus|Earth Power|p1a: Arceus\n|-supereffective|p1a: Arceus\n|-damage|p1a: Arceus|47\/100\n|move|p1a: Arceus|Calm Mind|p1a: Arceus\n|-boost|p1a: Arceus|spa|1\n|-boost|p1a: Arceus|spd|1\n|\n|-damage|p2a: Arceus|70\/100 brn|[from] brn\n|upkeep\n|turn|19\n|\n|t:|1700327178\n|move|p2a: Arceus|Sludge Bomb|p1a: Arceus\n|-damage|p1a: Arceus|31\/100\n|move|p1a: Arceus|Recover|p1a: Arceus\n|-heal|p1a: Arceus|81\/100\n|\n|-damage|p2a: Arceus|64\/100 brn|[from] brn\n|upkeep\n|turn|20\n|\n|t:|1700327182\n|move|p2a: Arceus|Sludge Bomb|p1a: Arceus\n|-damage|p1a: Arceus|66\/100\n|-status|p1a: Arceus|psn\n|move|p1a: Arceus|Judgment|p2a: Arceus\n|-damage|p2a: Arceus|0 fnt\n|faint|p2a: Arceus\n|\n|-damage|p1a: Arceus|54\/100 psn|[from] psn\n|upkeep\n|\n|t:|1700327190\n|switch|p2a: Roaring Moon|Roaring Moon|96\/100\n|-enditem|p2a: Roaring Moon|Booster Energy\n|-activate|p2a: Roaring Moon|ability: Protosynthesis|[fromitem]\n|-start|p2a: Roaring Moon|protosynthesisspe\n|turn|21\n|\n|t:|1700327196\n|move|p2a: Roaring Moon|Earthquake|p1a: Arceus\n|-supereffective|p1a: Arceus\n|-damage|p1a: Arceus|31\/100 psn\n|move|p1a: Arceus|Recover|p1a: Arceus\n|-heal|p1a: Arceus|81\/100 psn\n|\n|-damage|p1a: Arceus|69\/100 psn|[from] psn\n|upkeep\n|turn|22\n|\n|t:|1700327203\n|move|p2a: Roaring Moon|Earthquake|p1a: Arceus\n|-supereffective|p1a: Arceus\n|-damage|p1a: Arceus|45\/100 psn\n|move|p1a: Arceus|Iron Defense|p1a: Arceus\n|-boost|p1a: Arceus|def|2\n|\n|-damage|p1a: Arceus|33\/100 psn|[from] psn\n|upkeep\n|turn|23\n|\n|t:|1700327209\n|move|p2a: Roaring Moon|Dragon Dance|p2a: Roaring Moon\n|-boost|p2a: Roaring Moon|atk|1\n|-boost|p2a: Roaring Moon|spe|1\n|move|p1a: Arceus|Recover|p1a: Arceus\n|-heal|p1a: Arceus|83\/100 psn\n|\n|-damage|p1a: Arceus|71\/100 psn|[from] psn\n|upkeep\n|turn|24\n|\n|t:|1700327214\n|move|p2a: Roaring Moon|Earthquake|p1a: Arceus\n|-supereffective|p1a: Arceus\n|-damage|p1a: Arceus|47\/100 psn\n|move|p1a: Arceus|Judgment|p2a: Roaring Moon\n|-resisted|p2a: Roaring Moon\n|-damage|p2a: Roaring Moon|46\/100\n|\n|-damage|p1a: Arceus|34\/100 psn|[from] psn\n|upkeep\n|turn|25\n|\n|t:|1700327217\n|move|p2a: Roaring Moon|Earthquake|p1a: Arceus\n|-supereffective|p1a: Arceus\n|-damage|p1a: Arceus|10\/100 psn\n|move|p1a: Arceus|Recover|p1a: Arceus\n|-heal|p1a: Arceus|60\/100 psn\n|\n|-damage|p1a: Arceus|48\/100 psn|[from] psn\n|upkeep\n|turn|26\n|\n|t:|1700327223\n|move|p2a: Roaring Moon|Earthquake|p1a: Arceus\n|-supereffective|p1a: Arceus\n|-damage|p1a: Arceus|21\/100 psn\n|move|p1a: Arceus|Recover|p1a: Arceus\n|-heal|p1a: Arceus|71\/100 psn\n|\n|-damage|p1a: Arceus|59\/100 psn|[from] psn\n|upkeep\n|turn|27\n|\n|t:|1700327227\n|move|p2a: Roaring Moon|Earthquake|p1a: Arceus\n|-supereffective|p1a: Arceus\n|-damage|p1a: Arceus|36\/100 psn\n|move|p1a: Arceus|Recover|p1a: Arceus\n|-heal|p1a: Arceus|86\/100 psn\n|\n|-damage|p1a: Arceus|74\/100 psn|[from] psn\n|upkeep\n|turn|28\n|\n|t:|1700327230\n|move|p2a: Roaring Moon|Earthquake|p1a: Arceus\n|-supereffective|p1a: Arceus\n|-damage|p1a: Arceus|49\/100 psn\n|move|p1a: Arceus|Recover|p1a: Arceus\n|-heal|p1a: Arceus|99\/100 psn\n|\n|-damage|p1a: Arceus|87\/100 psn|[from] psn\n|upkeep\n|turn|29\n|\n|t:|1700327237\n|move|p2a: Roaring Moon|Earthquake|p1a: Arceus\n|-supereffective|p1a: Arceus\n|-damage|p1a: Arceus|63\/100 psn\n|move|p1a: Arceus|Judgment|p2a: Roaring Moon\n|-resisted|p2a: Roaring Moon\n|-damage|p2a: Roaring Moon|0 fnt\n|faint|p2a: Roaring Moon\n|-end|p2a: Roaring Moon|Protosynthesis|[silent]\n|\n|-damage|p1a: Arceus|50\/100 psn|[from] psn\n|upkeep\n|\n|t:|1700327242\n|switch|p2a: Zacian|Zacian|100\/100\n|turn|30\n|\n|t:|1700327247\n|move|p2a: Zacian|Close Combat|p1a: Arceus\n|-damage|p1a: Arceus|41\/100 psn\n|-unboost|p2a: Zacian|def|1\n|-unboost|p2a: Zacian|spd|1\n|move|p1a: Arceus|Judgment|p2a: Zacian\n|-damage|p2a: Zacian|0 fnt\n|faint|p2a: Zacian\n|\n|-damage|p1a: Arceus|29\/100 psn|[from] psn\n|upkeep\n|\n|t:|1700327250\n|switch|p2a: Espathra|Espathra, M|100\/100\n|turn|31\n|\n|t:|1700327255\n|move|p1a: Arceus|Judgment|p2a: Espathra\n|-damage|p2a: Espathra|0 fnt\n|faint|p2a: Espathra\n|\n|win|FatalOblivion\n|c|\u2606FatalOblivion|GG\n|c|\u2606ZachPlay|Gg\n|c|\u2606FatalOblivion|Arc goob\n|l|\u2606ZachPlay\n|l|\u2606FatalOblivion\n|j|\u2606ZachPlay\n|player|p2|ZachPlay|ginchiyo-conquest\n","uploadtime":1700327279,"views":13,"p1id":"fataloblivion","p2id":"zachplay","formatid":"gen9ubers","rating":0,"private":0,"password":""}