{"id":"gen9ubers-1973444083","p1":"RubenPaCe","p2":"XpokVEVO","format":"[Gen 9] Ubers","log":"|j|\u2606RubenPaCe\n|j|\u2606XpokVEVO\n|t:|1697976560\n|gametype|singles\n|player|p1|RubenPaCe|camper|\n|player|p2|XpokVEVO|rika|\n|teamsize|p1|6\n|teamsize|p2|6\n|gen|9\n|tier|[Gen 9] Ubers\n|rule|Sleep Clause Mod: Limit one foe put to sleep\n|rule|Species Clause: Limit one of each Pok\u00e9mon\n|rule|OHKO Clause: OHKO moves are banned\n|rule|Evasion Items Clause: Evasion items are banned\n|rule|Evasion Moves Clause: Evasion moves are banned\n|rule|Endless Battle Clause: Forcing endless battles is banned\n|rule|HP Percentage Mod: HP is shown in percentages\n|clearpoke\n|poke|p1|Spectrier|\n|poke|p1|Zacian-*|\n|poke|p1|Ursaluna-Bloodmoon, M|\n|poke|p1|Magearna|\n|poke|p1|Arceus-Poison|\n|poke|p1|Giratina|\n|poke|p2|Arceus-Fire|\n|poke|p2|Shaymin-Sky|\n|poke|p2|Cyclizar, F|\n|poke|p2|Espathra, F|\n|poke|p2|Magearna|\n|poke|p2|Rillaboom, M|\n|teampreview\n|c|\u2606RubenPaCe|give me a min\n|c|\u2606RubenPaCe|I'm finishing a game\n|inactive|Battle timer is ON: inactive players will automatically lose when time's up. (requested by XpokVEVO)\n|inactive|RubenPaCe has 270 seconds left.\n|\n|t:|1697976653\n|start\n|switch|p1a: Zacian|Zacian|100\/100\n|switch|p2a: Akira|Cyclizar, F|100\/100\n|-ability|p1a: Zacian|Intrepid Sword|boost\n|-boost|p1a: Zacian|atk|1\n|turn|1\n|\n|t:|1697976671\n|switch|p2a: Aunt Fanny|Magearna|100\/100\n|move|p1a: Zacian|Play Rough|p2a: Aunt Fanny\n|-resisted|p2a: Aunt Fanny\n|-damage|p2a: Aunt Fanny|71\/100\n|\n|upkeep\n|turn|2\n|\n|t:|1697976692\n|switch|p1a: Magearna|Magearna|100\/100\n|move|p2a: Aunt Fanny|Volt Switch|p1a: Magearna\n|-damage|p1a: Magearna|80\/100\n|\n|t:|1697976696\n|switch|p2a: Arceus-Fight\u0131ng|Arceus-Fire, shiny|100\/100|[from] Volt Switch\n|\n|-heal|p1a: Magearna|86\/100|[from] item: Leftovers\n|upkeep\n|turn|3\n|\n|t:|1697976699\n|move|p2a: Arceus-Fight\u0131ng|Dragon Dance|p2a: Arceus-Fight\u0131ng\n|-boost|p2a: Arceus-Fight\u0131ng|atk|1\n|-boost|p2a: Arceus-Fight\u0131ng|spe|1\n|move|p1a: Magearna|Thunder Wave|p2a: Arceus-Fight\u0131ng\n|-status|p2a: Arceus-Fight\u0131ng|par\n|\n|-heal|p1a: Magearna|92\/100|[from] item: Leftovers\n|upkeep\n|turn|4\n|\n|t:|1697976702\n|cant|p2a: Arceus-Fight\u0131ng|par\n|move|p1a: Magearna|Volt Switch|p2a: Arceus-Fight\u0131ng\n|-damage|p2a: Arceus-Fight\u0131ng|86\/100 par\n|\n|t:|1697976705\n|switch|p1a: Giratina|Giratina|100\/100|[from] Volt Switch\n|-ability|p1a: Giratina|Pressure\n|\n|upkeep\n|turn|5\n|\n|t:|1697976714\n|move|p2a: Arceus-Fight\u0131ng|Roar|p1a: Giratina\n|drag|p1a: Spectrier|Spectrier|100\/100\n|\n|upkeep\n|turn|6\n|\n|t:|1697976720\n|switch|p1a: Giratina|Giratina|100\/100\n|-ability|p1a: Giratina|Pressure\n|move|p2a: Arceus-Fight\u0131ng|Flare Blitz|p1a: Giratina\n|-resisted|p1a: Giratina\n|-damage|p1a: Giratina|72\/100\n|-damage|p2a: Arceus-Fight\u0131ng|73\/100 par|[from] Recoil\n|\n|upkeep\n|turn|7\n|\n|t:|1697976724\n|move|p1a: Giratina|Hex|p2a: Arceus-Fight\u0131ng\n|-damage|p2a: Arceus-Fight\u0131ng|39\/100 par\n|move|p2a: Arceus-Fight\u0131ng|Roar|p1a: Giratina\n|drag|p1a: Arceus|Arceus-Poison|100\/100\n|\n|upkeep\n|turn|8\n|\n|t:|1697976729\n|move|p1a: Arceus|Earth Power|p2a: Arceus-Fight\u0131ng\n|-supereffective|p2a: Arceus-Fight\u0131ng\n|-damage|p2a: Arceus-Fight\u0131ng|0 fnt\n|faint|p2a: Arceus-Fight\u0131ng\n|\n|upkeep\n|inactive|XpokVEVO has 270 seconds left.\n|\n|t:|1697976759\n|switch|p2a: Akira|Cyclizar, F|100\/100\n|turn|9\n|\n|t:|1697976769\n|move|p2a: Akira|Shed Tail|p2a: Akira\n|-start|p2a: Akira|Substitute|[from] move: Shed Tail\n|-damage|p2a: Akira|50\/100\n|\n|t:|1697976772\n|switch|p2a: Sonic|Shaymin-Sky, shiny|100\/100|[from] Shed Tail\n|move|p1a: Arceus|Judgment|p2a: Sonic\n|-supereffective|p2a: Sonic\n|-end|p2a: Sonic|Substitute\n|\n|upkeep\n|turn|10\n|\n|t:|1697976781\n|-terastallize|p2a: Sonic|Steel\n|move|p2a: Sonic|Earth Power|p1a: Arceus\n|-supereffective|p1a: Arceus\n|-damage|p1a: Arceus|54\/100\n|-damage|p2a: Sonic|91\/100|[from] item: Life Orb\n|move|p1a: Arceus|Judgment|p2a: Sonic\n|-immune|p2a: Sonic\n|\n|upkeep\n|turn|11\n|\n|t:|1697976789\n|switch|p1a: Giratina|Giratina|72\/100\n|-ability|p1a: Giratina|Pressure\n|move|p2a: Sonic|Seed Flare|p1a: Giratina\n|-resisted|p1a: Giratina\n|-damage|p1a: Giratina|55\/100\n|-damage|p2a: Sonic|81\/100|[from] item: Life Orb\n|\n|upkeep\n|turn|12\n|\n|t:|1697976798\n|switch|p2a: Aunt Fanny|Magearna|71\/100\n|switch|p1a: Magearna|Magearna|92\/100\n|\n|-heal|p1a: Magearna|98\/100|[from] item: Leftovers\n|upkeep\n|turn|13\n|\n|t:|1697976805\n|move|p2a: Aunt Fanny|Flash Cannon|p1a: Magearna\n|-damage|p1a: Magearna|62\/100\n|move|p1a: Magearna|Thunder Wave|p2a: Aunt Fanny\n|-status|p2a: Aunt Fanny|par\n|\n|-heal|p1a: Magearna|68\/100|[from] item: Leftovers\n|upkeep\n|turn|14\n|\n|t:|1697976809\n|move|p1a: Magearna|Volt Switch|p2a: Aunt Fanny\n|-damage|p2a: Aunt Fanny|52\/100 par\n|\n|t:|1697976812\n|switch|p1a: Ursaluna|Ursaluna-Bloodmoon, M|100\/100|[from] Volt Switch\n|move|p2a: Aunt Fanny|Flash Cannon|p1a: Ursaluna\n|-damage|p1a: Ursaluna|43\/100\n|\n|-heal|p1a: Ursaluna|49\/100|[from] item: Leftovers\n|upkeep\n|turn|15\n|\n|t:|1697976821\n|switch|p2a: Sonic|Shaymin-Sky, shiny, tera:Steel|81\/100\n|move|p1a: Ursaluna|Calm Mind|p1a: Ursaluna\n|-boost|p1a: Ursaluna|spa|1\n|-boost|p1a: Ursaluna|spd|1\n|\n|-heal|p1a: Ursaluna|55\/100|[from] item: Leftovers\n|upkeep\n|turn|16\n|\n|t:|1697976831\n|move|p2a: Sonic|Seed Flare|p1a: Ursaluna\n|-supereffective|p1a: Ursaluna\n|-crit|p1a: Ursaluna\n|-damage|p1a: Ursaluna|0 fnt\n|faint|p1a: Ursaluna\n|-damage|p2a: Sonic|71\/100|[from] item: Life Orb\n|\n|upkeep\n|\n|t:|1697976833\n|switch|p1a: Spectrier|Spectrier|100\/100\n|turn|17\n|\n|t:|1697976855\n|move|p1a: Spectrier|Substitute|p1a: Spectrier\n|-start|p1a: Spectrier|Substitute\n|-damage|p1a: Spectrier|76\/100\n|move|p2a: Sonic|Seed Flare|p1a: Spectrier\n|-end|p1a: Spectrier|Substitute\n|-damage|p2a: Sonic|61\/100|[from] item: Life Orb\n|\n|upkeep\n|turn|18\n|\n|t:|1697976859\n|-terastallize|p1a: Spectrier|Fire\n|move|p1a: Spectrier|Tera Blast|p2a: Sonic|[anim] Tera Blast Fire\n|-supereffective|p2a: Sonic\n|-damage|p2a: Sonic|0 fnt\n|faint|p2a: Sonic\n|-ability|p1a: Spectrier|Grim Neigh|boost\n|-boost|p1a: Spectrier|spa|1\n|\n|upkeep\n|\n|t:|1697976868\n|switch|p2a: Emu War|Espathra, F|100\/100\n|turn|19\n|\n|t:|1697976873\n|move|p1a: Spectrier|Substitute|p1a: Spectrier\n|-start|p1a: Spectrier|Substitute\n|-damage|p1a: Spectrier|51\/100\n|move|p2a: Emu War|Calm Mind|p2a: Emu War\n|-boost|p2a: Emu War|spa|1\n|-boost|p2a: Emu War|spd|1\n|\n|-ability|p2a: Emu War|Speed Boost|boost\n|-boost|p2a: Emu War|spe|1\n|upkeep\n|turn|20\n|\n|t:|1697976878\n|move|p2a: Emu War|Protect|p2a: Emu War\n|-singleturn|p2a: Emu War|Protect\n|move|p1a: Spectrier|Shadow Ball|p2a: Emu War\n|-activate|p2a: Emu War|move: Protect\n|\n|-ability|p2a: Emu War|Speed Boost|boost\n|-boost|p2a: Emu War|spe|1\n|upkeep\n|turn|21\n|\n|t:|1697976882\n|move|p2a: Emu War|Stored Power|p1a: Spectrier\n|-end|p1a: Spectrier|Substitute\n|move|p1a: Spectrier|Shadow Ball|p2a: Emu War\n|-supereffective|p2a: Emu War\n|-enditem|p2a: Emu War|Focus Sash\n|-damage|p2a: Emu War|1\/100\n|\n|-ability|p2a: Emu War|Speed Boost|boost\n|-boost|p2a: Emu War|spe|1\n|upkeep\n|turn|22\n|\n|t:|1697976893\n|move|p2a: Emu War|Stored Power|p1a: Spectrier\n|-damage|p1a: Spectrier|0 fnt\n|faint|p1a: Spectrier\n|\n|-ability|p2a: Emu War|Speed Boost|boost\n|-boost|p2a: Emu War|spe|1\n|upkeep\n|\n|t:|1697976896\n|switch|p1a: Magearna|Magearna|68\/100\n|turn|23\n|\n|t:|1697976900\n|move|p2a: Emu War|Protect|p2a: Emu War\n|-singleturn|p2a: Emu War|Protect\n|move|p1a: Magearna|Volt Switch|p2a: Emu War\n|-activate|p2a: Emu War|move: Protect\n|\n|-heal|p1a: Magearna|74\/100|[from] item: Leftovers\n|-ability|p2a: Emu War|Speed Boost|boost\n|-boost|p2a: Emu War|spe|1\n|upkeep\n|turn|24\n|\n|t:|1697976902\n|move|p2a: Emu War|Stored Power|p1a: Magearna\n|-resisted|p1a: Magearna\n|-damage|p1a: Magearna|30\/100\n|move|p1a: Magearna|Volt Switch|p2a: Emu War\n|-damage|p2a: Emu War|0 fnt\n|faint|p2a: Emu War\n|-ability|p1a: Magearna|Soul-Heart|boost\n|-boost|p1a: Magearna|spa|1\n|\n|t:|1697976908\n|switch|p1a: Zacian|Zacian|100\/100|[from] Volt Switch\n|\n|upkeep\n|\n|t:|1697976910\n|switch|p2a: Aunt Fanny|Magearna|52\/100 par\n|turn|25\n|\n|t:|1697976914\n|switch|p1a: Magearna|Magearna|30\/100\n|cant|p2a: Aunt Fanny|par\n|\n|-heal|p1a: Magearna|36\/100|[from] item: Leftovers\n|upkeep\n|turn|26\n|\n|t:|1697976924\n|move|p1a: Magearna|Spikes|p2a: Aunt Fanny\n|-sidestart|p2: XpokVEVO|Spikes\n|cant|p2a: Aunt Fanny|par\n|\n|-heal|p1a: Magearna|42\/100|[from] item: Leftovers\n|upkeep\n|turn|27\n|\n|t:|1697976928\n|move|p1a: Magearna|Volt Switch|p2a: Aunt Fanny\n|-damage|p2a: Aunt Fanny|32\/100 par\n|\n|t:|1697976930\n|switch|p1a: Arceus|Arceus-Poison|54\/100|[from] Volt Switch\n|move|p2a: Aunt Fanny|Flash Cannon|p1a: Arceus\n|-damage|p1a: Arceus|22\/100\n|\n|upkeep\n|turn|28\n|\n|t:|1697976931\n|move|p1a: Arceus|Recover|p1a: Arceus\n|-heal|p1a: Arceus|72\/100\n|cant|p2a: Aunt Fanny|par\n|\n|upkeep\n|turn|29\n|\n|t:|1697976935\n|move|p1a: Arceus|Calm Mind|p1a: Arceus\n|-boost|p1a: Arceus|spa|1\n|-boost|p1a: Arceus|spd|1\n|move|p2a: Aunt Fanny|Flash Cannon|p1a: Arceus\n|-damage|p1a: Arceus|51\/100\n|\n|upkeep\n|turn|30\n|\n|t:|1697976939\n|move|p1a: Arceus|Calm Mind|p1a: Arceus\n|-boost|p1a: Arceus|spa|1\n|-boost|p1a: Arceus|spd|1\n|cant|p2a: Aunt Fanny|par\n|\n|upkeep\n|turn|31\n|\n|t:|1697976941\n|switch|p2a: Akira|Cyclizar, F|84\/100\n|-damage|p2a: Akira|71\/100|[from] Spikes\n|move|p1a: Arceus|Recover|p1a: Arceus\n|-heal|p1a: Arceus|100\/100\n|\n|upkeep\n|turn|32\n|\n|t:|1697976945\n|move|p2a: Akira|Shed Tail|p2a: Akira\n|-start|p2a: Akira|Substitute|[from] move: Shed Tail\n|-damage|p2a: Akira|21\/100\n|\n|t:|1697976947\n|switch|p2a: Oog|Rillaboom, M|100\/100|[from] Shed Tail\n|-damage|p2a: Oog|88\/100|[from] Spikes\n|-fieldstart|move: Grassy Terrain|[from] ability: Grassy Surge|[of] p2a: Oog\n|move|p1a: Arceus|Judgment|p2a: Oog\n|-supereffective|p2a: Oog\n|-end|p2a: Oog|Substitute\n|\n|-heal|p2a: Oog|94\/100|[from] Grassy Terrain\n|upkeep\n|turn|33\n|\n|t:|1697976949\n|move|p1a: Arceus|Judgment|p2a: Oog\n|-supereffective|p2a: Oog\n|-damage|p2a: Oog|0 fnt\n|faint|p2a: Oog\n|\n|upkeep\n|c|\u2606XpokVEVO|Brutal paralysis\n|c|\u2606XpokVEVO|Gg\n|\n|t:|1697976962\n|switch|p2a: Aunt Fanny|Magearna|32\/100 par\n|-damage|p2a: Aunt Fanny|20\/100 par|[from] Spikes\n|turn|34\n|\n|t:|1697976965\n|move|p1a: Arceus|Earth Power|p2a: Aunt Fanny\n|-supereffective|p2a: Aunt Fanny\n|-damage|p2a: Aunt Fanny|0 fnt\n|faint|p2a: Aunt Fanny\n|\n|upkeep\n|\n|t:|1697976966\n|switch|p2a: Akira|Cyclizar, F|54\/100\n|-damage|p2a: Akira|42\/100|[from] Spikes\n|turn|35\n|c|\u2606RubenPaCe|originally it had pain split over t-wave\n|c|\u2606RubenPaCe|glad I changed it\n|\n|t:|1697976984\n|move|p2a: Akira|Knock Off|p1a: Arceus\n|-damage|p1a: Arceus|91\/100\n|move|p1a: Arceus|Judgment|p2a: Akira\n|-damage|p2a: Akira|0 fnt\n|faint|p2a: Akira\n|\n|win|RubenPaCe\n|c|\u2606RubenPaCe|gg\n","uploadtime":1697976998,"views":23,"p1id":"rubenpace","p2id":"xpokvevo","formatid":"gen9ubers","rating":0,"private":0,"password":""}