{"id":"gen9ubers-1999473794","p1":"2ez4me u kno","p2":"Joshi Akshar","format":"[Gen 9] Ubers","log":"|j|\u26062ez4me u kno\n|j|\u2606Joshi Akshar\n|t:|1701085977\n|gametype|singles\n|player|p1|2ez4me u kno|266|1063\n|player|p2|Joshi Akshar|170|1000\n|teamsize|p1|6\n|teamsize|p2|6\n|gen|9\n|tier|[Gen 9] Ubers\n|rated|\n|rule|Sleep Clause Mod: Limit one foe put to sleep\n|rule|Species Clause: Limit one of each Pok\u00e9mon\n|rule|OHKO Clause: OHKO moves are banned\n|rule|Evasion Items Clause: Evasion items are banned\n|rule|Evasion Moves Clause: Evasion moves are banned\n|rule|Endless Battle Clause: Forcing endless battles is banned\n|rule|HP Percentage Mod: HP is shown in percentages\n|clearpoke\n|poke|p1|Ogerpon-Hearthflame, F|\n|poke|p1|Flutter Mane|\n|poke|p1|Chien-Pao|\n|poke|p1|Landorus-Therian, M|\n|poke|p1|Kyogre|\n|poke|p1|Palafin, M|\n|poke|p2|Arceus|\n|poke|p2|Annihilape, F|\n|poke|p2|Regieleki|\n|poke|p2|Urshifu-*, F|\n|poke|p2|Zacian-*|\n|poke|p2|Darkrai|\n|teampreview\n|inactive|Battle timer is ON: inactive players will automatically lose when time's up. (requested by 2ez4me u kno)\n|inactive|Joshi Akshar also wants the timer to be on.\n|\n|t:|1701085981\n|start\n|switch|p1a: Palafin|Palafin, M|100\/100\n|switch|p2a: Annihilape|Annihilape, F|100\/100\n|-item|p2a: Annihilape|Air Balloon\n|turn|1\n|\n|t:|1701085998\n|detailschange|p1a: Palafin|Palafin-Hero, M\n|switch|p1a: Flutter Mane|Flutter Mane|100\/100\n|-enditem|p1a: Flutter Mane|Booster Energy\n|-activate|p1a: Flutter Mane|ability: Protosynthesis|[fromitem]\n|-start|p1a: Flutter Mane|protosynthesisspe\n|move|p2a: Annihilape|Close Combat|p1a: Flutter Mane\n|-immune|p1a: Flutter Mane\n|\n|upkeep\n|turn|2\n|\n|t:|1701086012\n|move|p1a: Flutter Mane|Dazzling Gleam|p2a: Annihilape\n|-supereffective|p2a: Annihilape\n|-damage|p2a: Annihilape|25\/100\n|-enditem|p2a: Annihilape|Air Balloon\n|move|p2a: Annihilape|Earthquake|p1a: Flutter Mane\n|-damage|p1a: Flutter Mane|44\/100\n|\n|upkeep\n|turn|3\n|\n|t:|1701086018\n|move|p2a: Annihilape|Protect|p2a: Annihilape\n|-singleturn|p2a: Annihilape|Protect\n|move|p1a: Flutter Mane|Draining Kiss|p2a: Annihilape\n|-activate|p2a: Annihilape|move: Protect\n|\n|upkeep\n|turn|4\n|\n|t:|1701086024\n|move|p2a: Annihilape|Protect||[still]\n|-fail|p2a: Annihilape\n|move|p1a: Flutter Mane|Draining Kiss|p2a: Annihilape\n|-supereffective|p2a: Annihilape\n|-damage|p2a: Annihilape|0 fnt\n|-heal|p1a: Flutter Mane|72\/100|[from] drain|[of] p2a: Annihilape\n|faint|p2a: Annihilape\n|\n|upkeep\n|\n|t:|1701086030\n|switch|p2a: Regieleki|Regieleki|100\/100\n|turn|5\n|\n|t:|1701086041\n|move|p1a: Flutter Mane|Draining Kiss|p2a: Regieleki\n|-damage|p2a: Regieleki|61\/100\n|-heal|p1a: Flutter Mane|100\/100|[from] drain|[of] p2a: Regieleki\n|move|p2a: Regieleki|Zap Cannon|p1a: Flutter Mane|[miss]\n|-miss|p2a: Regieleki|p1a: Flutter Mane\n|\n|upkeep\n|turn|6\n|\n|t:|1701086048\n|move|p1a: Flutter Mane|Dazzling Gleam|p2a: Regieleki\n|-damage|p2a: Regieleki|0 fnt\n|faint|p2a: Regieleki\n|\n|upkeep\n|\n|t:|1701086050\n|switch|p2a: Urshifu|Urshifu-Rapid-Strike, F|100\/100\n|turn|7\n|\n|t:|1701086054\n|move|p1a: Flutter Mane|Dazzling Gleam|p2a: Urshifu\n|-supereffective|p2a: Urshifu\n|-damage|p2a: Urshifu|2\/100\n|move|p2a: Urshifu|Swords Dance|p2a: Urshifu\n|-boost|p2a: Urshifu|atk|2\n|\n|upkeep\n|turn|8\n|c|\u26062ez4me u kno|fast asf boyyy\n|\n|t:|1701086060\n|move|p1a: Flutter Mane|Dazzling Gleam|p2a: Urshifu\n|-supereffective|p2a: Urshifu\n|-damage|p2a: Urshifu|0 fnt\n|faint|p2a: Urshifu\n|\n|upkeep\n|\n|t:|1701086063\n|switch|p2a: Arceus|Arceus|100\/100\n|turn|9\n|c|\u2606Joshi Akshar|fucking shit\n|c|\u2606Joshi Akshar|damn bro\n|\n|t:|1701086080\n|-end|p1a: Flutter Mane|Protosynthesis|[silent]\n|switch|p1a: Chien-Pao|Chien-Pao|100\/100\n|-ability|p1a: Chien-Pao|Sword of Ruin\n|-terastallize|p2a: Arceus|Normal\n|move|p2a: Arceus|Extreme Speed|p1a: Chien-Pao\n|-damage|p1a: Chien-Pao|34\/100\n|\n|upkeep\n|turn|10\n|\n|t:|1701086090\n|move|p1a: Chien-Pao|Sacred Sword|p2a: Arceus\n|-supereffective|p2a: Arceus\n|-damage|p2a: Arceus|28\/100\n|-damage|p1a: Chien-Pao|24\/100|[from] item: Life Orb\n|move|p2a: Arceus|Judgment|p1a: Chien-Pao\n|-damage|p1a: Chien-Pao|0 fnt\n|faint|p1a: Chien-Pao\n|\n|upkeep\n|\n|t:|1701086097\n|switch|p1a: Flutter Mane|Flutter Mane|100\/100\n|turn|11\n|\n|t:|1701086103\n|move|p1a: Flutter Mane|Dazzling Gleam|p2a: Arceus\n|-damage|p2a: Arceus|0 fnt\n|faint|p2a: Arceus\n|\n|upkeep\n|\n|t:|1701086106\n|switch|p2a: Zacian|Zacian-Crowned|100\/100\n|-ability|p2a: Zacian|Intrepid Sword|boost\n|-boost|p2a: Zacian|atk|1\n|turn|12\n|c|\u2606Joshi Akshar|BRO DAMN\n|c|\u26062ez4me u kno|hehe\n|c|\u2606Joshi Akshar|THAT BOI FAST\n|\n|t:|1701086118\n|-end|p1a: Flutter Mane|Protosynthesis|[silent]\n|switch|p1a: Kyogre|Kyogre|100\/100\n|-weather|RainDance|[from] ability: Drizzle|[of] p1a: Kyogre\n|move|p2a: Zacian|Behemoth Blade|p1a: Kyogre\n|-resisted|p1a: Kyogre\n|-damage|p1a: Kyogre|60\/100\n|\n|-weather|RainDance|[upkeep]\n|-heal|p1a: Kyogre|66\/100|[from] item: Leftovers\n|upkeep\n|turn|13\n|\n|t:|1701086129\n|move|p2a: Zacian|Moonblast|p1a: Kyogre\n|-damage|p1a: Kyogre|43\/100\n|move|p1a: Kyogre|Origin Pulse|p2a: Zacian|[miss]\n|-miss|p1a: Kyogre|p2a: Zacian\n|\n|-weather|RainDance|[upkeep]\n|-heal|p1a: Kyogre|49\/100|[from] item: Leftovers\n|upkeep\n|turn|14\n|\n|t:|1701086137\n|move|p2a: Zacian|Dazzling Gleam|p1a: Kyogre\n|-damage|p1a: Kyogre|31\/100\n|move|p1a: Kyogre|Origin Pulse|p2a: Zacian\n|-damage|p2a: Zacian|22\/100\n|\n|-weather|RainDance|[upkeep]\n|-heal|p1a: Kyogre|37\/100|[from] item: Leftovers\n|upkeep\n|turn|15\n|\n|t:|1701086141\n|move|p2a: Zacian|Behemoth Blade|p1a: Kyogre\n|-resisted|p1a: Kyogre\n|-damage|p1a: Kyogre|0 fnt\n|faint|p1a: Kyogre\n|\n|-weather|RainDance|[upkeep]\n|upkeep\n|\n|t:|1701086145\n|switch|p1a: Palafin|Palafin-Hero, M|100\/100\n|-activate|p1a: Palafin|ability: Zero to Hero\n|turn|16\n|c|\u2606Joshi Akshar|FUCK\\]\n|c|\u26062ez4me u kno|hehe\n|\n|t:|1701086154\n|move|p1a: Palafin|Jet Punch|p2a: Zacian\n|-damage|p2a: Zacian|0 fnt\n|faint|p2a: Zacian\n|-damage|p1a: Palafin|91\/100|[from] item: Life Orb\n|\n|-weather|none\n|upkeep\n|c|\u2606Joshi Akshar|BRO ADD ME DAM\n|c|\u2606Joshi Akshar|HELP ME BUILD  A GOOD TEAM\n|\n|t:|1701086171\n|switch|p2a: Darkrai|Darkrai|100\/100\n|turn|17\n|c|\u26062ez4me u kno|bro this team i have sucks ass lol i made it in 2 min to do some battles\n|\n|t:|1701086189\n|move|p1a: Palafin|Wave Crash|p2a: Darkrai\n|-enditem|p2a: Darkrai|Focus Sash\n|-damage|p2a: Darkrai|1\/100\n|-damage|p1a: Palafin|62\/100|[from] Recoil\n|-damage|p1a: Palafin|52\/100|[from] item: Life Orb\n|move|p2a: Darkrai|Dark Pulse|p1a: Palafin\n|-damage|p1a: Palafin|7\/100\n|\n|upkeep\n|turn|18\n|c|\u2606Joshi Akshar|me too\n|inactive|Joshi Akshar has 120 seconds left.\n|c|\u2606Joshi Akshar|ion know how to build a team dam\n|c|\u26062ez4me u kno|i'll help\n|\n|t:|1701086229\n|move|p1a: Palafin|Jet Punch|p2a: Darkrai\n|-damage|p2a: Darkrai|0 fnt\n|faint|p2a: Darkrai\n|-damage|p1a: Palafin|0 fnt|[from] item: Life Orb\n|faint|p1a: Palafin\n|\n|win|2ez4me u kno\n|raw|2ez4me u kno's rating: 1063 &rarr; <strong>1088<\/strong><br \/>(+25 for winning)\n|raw|Joshi Akshar's rating: 1000 &rarr; <strong>1000<\/strong><br \/>(+0 for losing)\n","uploadtime":1701086067,"views":1,"p1id":"2ez4meukno","p2id":"joshiakshar","formatid":"gen9ubers","rating":1000,"private":0,"password":""}