{"id":"gen9ubers-1981838730","p1":"Dread Hades 0","p2":"ULT4CP Staller","format":"[Gen 9] Ubers","log":"|j|\u203dDread Hades 0\n|j|\u2606ULT4CP Staller\n|t:|1698945464\n|gametype|singles\n|player|p1|Dread Hades 0|guzma|\n|player|p2|ULT4CP Staller|red|\n|teamsize|p1|6\n|teamsize|p2|6\n|gen|9\n|tier|[Gen 9] Ubers\n|rated|Tournament battle\n|rule|Sleep Clause Mod: Limit one foe put to sleep\n|rule|Species Clause: Limit one of each Pok\u00e9mon\n|rule|OHKO Clause: OHKO moves are banned\n|rule|Evasion Items Clause: Evasion items are banned\n|rule|Evasion Moves Clause: Evasion moves are banned\n|rule|Endless Battle Clause: Forcing endless battles is banned\n|rule|HP Percentage Mod: HP is shown in percentages\n|clearpoke\n|poke|p1|Miraidon|\n|poke|p1|Iron Bundle|\n|poke|p1|Arceus|\n|poke|p1|Calyrex-Ice|\n|poke|p1|Polteageist-Antique|\n|poke|p1|Zacian-*|\n|poke|p2|Ribombee, M|\n|poke|p2|Koraidon|\n|poke|p2|Arceus|\n|poke|p2|Chien-Pao|\n|poke|p2|Miraidon|\n|poke|p2|Zacian-*|\n|teampreview\n|inactive|Battle timer is ON: inactive players will automatically lose when time's up. (requested by Dread Hades 0)\n|c|\u2606ULT4CP Staller|glgl\n|\n|t:|1698945470\n|start\n|switch|p1a: Polteageist|Polteageist-Antique|100\/100\n|switch|p2a: Ribombee|Ribombee, M|100\/100\n|turn|1\n|\n|t:|1698945483\n|move|p2a: Ribombee|Stun Spore|p1a: Polteageist\n|-status|p1a: Polteageist|par\n|move|p1a: Polteageist|Shell Smash|p1a: Polteageist\n|-unboost|p1a: Polteageist|def|1\n|-unboost|p1a: Polteageist|spd|1\n|-boost|p1a: Polteageist|atk|2\n|-boost|p1a: Polteageist|spa|2\n|-boost|p1a: Polteageist|spe|2\n|\n|upkeep\n|turn|2\n|inactive|Dread Hades 0 has 120 seconds left.\n|inactive|Dread Hades 0 has 90 seconds left.\n|\n|t:|1698945557\n|move|p2a: Ribombee|Pounce|p1a: Polteageist\n|-resisted|p1a: Polteageist\n|-damage|p1a: Polteageist|79\/100 par\n|-unboost|p1a: Polteageist|spe|1\n|-ability|p1a: Polteageist|Weak Armor|boost\n|-unboost|p1a: Polteageist|def|1\n|-boost|p1a: Polteageist|spe|2\n|move|p1a: Polteageist|Shadow Ball|p2a: Ribombee\n|-enditem|p2a: Ribombee|Focus Sash\n|-damage|p2a: Ribombee|1\/100\n|\n|upkeep\n|turn|3\n|j| Nicometeor\n|l| Nicometeor\n|inactive|ULT4CP Staller has 120 seconds left.\n|\n|t:|1698945589\n|move|p2a: Ribombee|Sticky Web|p1a: Polteageist\n|-sidestart|p1: Dread Hades 0|move: Sticky Web\n|move|p1a: Polteageist|Giga Drain|p2a: Ribombee\n|-resisted|p2a: Ribombee\n|-damage|p2a: Ribombee|0 fnt\n|-heal|p1a: Polteageist|79\/100 par|[from] drain|[of] p2a: Ribombee\n|faint|p2a: Ribombee\n|\n|upkeep\n|inactive|ULT4CP Staller has 120 seconds left.\n|j| Ryriss\n|\n|t:|1698945597\n|switch|p2a: Chien-Pao|Chien-Pao|100\/100\n|-ability|p2a: Chien-Pao|Sword of Ruin\n|turn|4\n|inactive|Dread Hades 0 has 90 seconds left.\n|\n|t:|1698945622\n|move|p2a: Chien-Pao|Crunch|p1a: Polteageist\n|-supereffective|p1a: Polteageist\n|-damage|p1a: Polteageist|0 fnt\n|faint|p1a: Polteageist\n|\n|upkeep\n|\n|t:|1698945636\n|switch|p1a: Arceus|Arceus|100\/100\n|-activate|p1a: Arceus|move: Sticky Web\n|-unboost|p1a: Arceus|spe|1\n|turn|5\n|inactive|ULT4CP Staller has 120 seconds left.\n|\n|t:|1698945681\n|-terastallize|p1a: Arceus|Fighting\n|move|p2a: Chien-Pao|Taunt|p1a: Arceus\n|-start|p1a: Arceus|move: Taunt\n|cant|p1a: Arceus|move: Taunt|Dragon Dance\n|\n|upkeep\n|turn|6\n|\n|t:|1698945693\n|move|p1a: Arceus|Extreme Speed|p2a: Chien-Pao\n|-damage|p2a: Chien-Pao|29\/100\n|move|p2a: Chien-Pao|Icicle Crash|p1a: Arceus\n|-damage|p1a: Arceus|58\/100\n|\n|upkeep\n|turn|7\n|\n|t:|1698945700\n|move|p1a: Arceus|Extreme Speed|p2a: Chien-Pao\n|-damage|p2a: Chien-Pao|0 fnt\n|faint|p2a: Chien-Pao\n|\n|-end|p1a: Arceus|move: Taunt\n|upkeep\n|\n|t:|1698945704\n|switch|p2a: Arceus|Arceus|100\/100\n|turn|8\n|inactive|Dread Hades 0 has 90 seconds left.\n|\n|t:|1698945723\n|move|p2a: Arceus|Swords Dance|p2a: Arceus\n|-boost|p2a: Arceus|atk|2\n|move|p1a: Arceus|Dragon Dance|p1a: Arceus\n|-boost|p1a: Arceus|atk|1\n|-boost|p1a: Arceus|spe|1\n|\n|upkeep\n|turn|9\n|inactive|Dread Hades 0 has 90 seconds left.\n|inactive|ULT4CP Staller has 120 seconds left.\n|\n|t:|1698945754\n|move|p2a: Arceus|Extreme Speed|p1a: Arceus\n|-crit|p1a: Arceus\n|-damage|p1a: Arceus|0 fnt\n|faint|p1a: Arceus\n|\n|upkeep\n|inactive|Dread Hades 0 has 90 seconds left.\n|\n|t:|1698945760\n|switch|p1a: Calyrex|Calyrex-Ice|100\/100\n|-ability|p1a: Calyrex|As One\n|-ability|p1a: Calyrex|Unnerve\n|-activate|p1a: Calyrex|move: Sticky Web\n|-unboost|p1a: Calyrex|spe|1\n|turn|10\n|\n|t:|1698945788\n|move|p2a: Arceus|Extreme Speed|p1a: Calyrex\n|-crit|p1a: Calyrex\n|-damage|p1a: Calyrex|0 fnt\n|faint|p1a: Calyrex\n|\n|upkeep\n|\n|t:|1698945794\n|switch|p1a: Zacian|Zacian-Crowned|100\/100\n|-activate|p1a: Zacian|move: Sticky Web\n|-unboost|p1a: Zacian|spe|1\n|-ability|p1a: Zacian|Intrepid Sword|boost\n|-boost|p1a: Zacian|atk|1\n|turn|11\n|j| Nicometeor\n|l| Ryriss\n|\n|t:|1698945811\n|move|p2a: Arceus|Earthquake|p1a: Zacian\n|-supereffective|p1a: Zacian\n|-damage|p1a: Zacian|0 fnt\n|faint|p1a: Zacian\n|\n|upkeep\n|j|+OreoSpeedruns\n|c|\u2606ULT4CP Staller|gg\n|-message|Dread Hades 0 forfeited.\n|\n|win|ULT4CP Staller\n|n|\u203dDread Hades 0|dreadhades0\n|n|\u2606ULT4CP Staller|ult4cpstaller\n|n| Nicometeor|nicometeor\n|n| OreoSpeedruns|oreospeedruns\n|l|\u203dDread Hades 0\n|l|\u2606ULT4CP Staller\n|l| OreoSpeedruns\n|l| Nicometeor\n","uploadtime":1698945839,"views":11,"p1id":"dreadhades0","p2id":"ult4cpstaller","formatid":"gen9ubers","rating":0,"private":0,"password":""}