{"id":"gen9ubers-1969589355","p1":"Hertzuwu","p2":"Compton Crobats","format":"[Gen 9] Ubers","log":"|j|\u2606Hertzuwu\n|j|\u2606Compton Crobats\n|t:|1697549928\n|gametype|singles\n|player|p1|Hertzuwu|palmer|1083\n|player|p2|Compton Crobats|2|1148\n|teamsize|p1|6\n|teamsize|p2|6\n|gen|9\n|tier|[Gen 9] Ubers\n|rated|\n|rule|Sleep Clause Mod: Limit one foe put to sleep\n|rule|Species Clause: Limit one of each Pok\u00e9mon\n|rule|OHKO Clause: OHKO moves are banned\n|rule|Evasion Items Clause: Evasion items are banned\n|rule|Evasion Moves Clause: Evasion moves are banned\n|rule|Endless Battle Clause: Forcing endless battles is banned\n|rule|HP Percentage Mod: HP is shown in percentages\n|clearpoke\n|poke|p1|Gliscor, M|\n|poke|p1|Eelektross, F|\n|poke|p1|Heracross, M|\n|poke|p1|Gardevoir, F|\n|poke|p1|Gastrodon, F|\n|poke|p1|Dusclops, M|\n|poke|p2|Dragapult, M|\n|poke|p2|Heatran, M|\n|poke|p2|Palafin, F|\n|poke|p2|Scream Tail|\n|poke|p2|Slowking-Galar, M|\n|poke|p2|Iron Treads|\n|teampreview\n|inactive|Battle timer is ON: inactive players will automatically lose when time's up. (requested by Hertzuwu)\n|\n|t:|1697549942\n|start\n|switch|p1a: Dusclops|Dusclops, M|100\/100\n|switch|p2a: Iron Treads|Iron Treads|100\/100\n|-ability|p1a: Dusclops|Pressure\n|turn|1\n|\n|t:|1697549957\n|move|p2a: Iron Treads|Ice Spinner|p1a: Dusclops\n|-damage|p1a: Dusclops|86\/100\n|move|p1a: Dusclops|Confuse Ray|p2a: Iron Treads\n|-start|p2a: Iron Treads|confusion\n|\n|upkeep\n|turn|2\n|\n|t:|1697549966\n|-activate|p2a: Iron Treads|confusion\n|-damage|p2a: Iron Treads|92\/100|[from] confusion\n|move|p1a: Dusclops|Will-O-Wisp|p2a: Iron Treads\n|-status|p2a: Iron Treads|brn\n|\n|-damage|p2a: Iron Treads|86\/100 brn|[from] brn\n|upkeep\n|turn|3\n|\n|t:|1697549978\n|-activate|p2a: Iron Treads|confusion\n|move|p2a: Iron Treads|Volt Switch|p1a: Dusclops\n|-damage|p1a: Dusclops|80\/100\n|\n|t:|1697549983\n|-end|p2a: Iron Treads|Quark Drive|[silent]\n|switch|p2a: Heatran|Heatran, M|100\/100|[from] Volt Switch\n|move|p1a: Dusclops|Shadow Ball|p2a: Heatran\n|-damage|p2a: Heatran|86\/100\n|\n|upkeep\n|turn|4\n|\n|t:|1697549991\n|move|p2a: Heatran|Lava Plume|p1a: Dusclops\n|-damage|p1a: Dusclops|64\/100\n|move|p1a: Dusclops|Confuse Ray|p2a: Heatran\n|-start|p2a: Heatran|confusion\n|\n|upkeep\n|turn|5\n|\n|t:|1697549999\n|-activate|p2a: Heatran|confusion\n|-damage|p2a: Heatran|82\/100|[from] confusion\n|move|p1a: Dusclops|Pain Split|p2a: Heatran\n|-sethp|p2a: Heatran|65\/100|[from] move: Pain Split|[silent]\n|-sethp|p1a: Dusclops|85\/100|[from] move: Pain Split\n|\n|upkeep\n|turn|6\n|\n|t:|1697550007\n|-activate|p2a: Heatran|confusion\n|move|p2a: Heatran|Stealth Rock|p1a: Dusclops\n|-sidestart|p1: Hertzuwu|move: Stealth Rock\n|move|p1a: Dusclops|Shadow Ball|p2a: Heatran\n|-damage|p2a: Heatran|48\/100\n|-unboost|p2a: Heatran|spd|1\n|\n|upkeep\n|turn|7\n|\n|t:|1697550015\n|switch|p2a: Scream Tail|Scream Tail|100\/100\n|move|p1a: Dusclops|Shadow Ball|p2a: Scream Tail\n|-supereffective|p2a: Scream Tail\n|-damage|p2a: Scream Tail|78\/100\n|\n|upkeep\n|turn|8\n|\n|t:|1697550022\n|move|p2a: Scream Tail|Wish|p2a: Scream Tail\n|move|p1a: Dusclops|Confuse Ray|p2a: Scream Tail\n|-start|p2a: Scream Tail|confusion\n|\n|upkeep\n|turn|9\n|\n|t:|1697550028\n|-end|p2a: Scream Tail|Protosynthesis|[silent]\n|switch|p2a: Heatran|Heatran, M|48\/100\n|move|p1a: Dusclops|Shadow Ball|p2a: Heatran\n|-damage|p2a: Heatran|31\/100\n|\n|-heal|p2a: Heatran|89\/100|[from] move: Wish|[wisher] Scream Tail\n|upkeep\n|turn|10\n|\n|t:|1697550036\n|move|p2a: Heatran|Lava Plume|p1a: Dusclops\n|-damage|p1a: Dusclops|68\/100\n|-status|p1a: Dusclops|brn\n|move|p1a: Dusclops|Confuse Ray|p2a: Heatran\n|-start|p2a: Heatran|confusion\n|\n|-damage|p1a: Dusclops|62\/100 brn|[from] brn\n|upkeep\n|turn|11\n|\n|t:|1697550049\n|switch|p2a: Dragapult|Dragapult, M|100\/100\n|move|p1a: Dusclops|Pain Split|p2a: Dragapult\n|-sethp|p2a: Dragapult|78\/100|[from] move: Pain Split|[silent]\n|-sethp|p1a: Dusclops|87\/100 brn|[from] move: Pain Split\n|\n|-damage|p1a: Dusclops|81\/100 brn|[from] brn\n|upkeep\n|turn|12\n|\n|t:|1697550064\n|move|p2a: Dragapult|Dragon Darts|p1a: Dusclops\n|-damage|p1a: Dusclops|65\/100 brn\n|-anim|p2a: Dragapult|Dragon Darts|p1a: Dusclops\n|-damage|p1a: Dusclops|47\/100 brn\n|move|p1a: Dusclops|Confuse Ray|p2a: Dragapult\n|-start|p2a: Dragapult|confusion\n|\n|-damage|p1a: Dusclops|41\/100 brn|[from] brn\n|upkeep\n|turn|13\n|\n|t:|1697550082\n|switch|p2a: Slowking|Slowking-Galar, M|100\/100\n|move|p1a: Dusclops|Pain Split|p2a: Slowking\n|-sethp|p2a: Slowking|65\/100|[from] move: Pain Split|[silent]\n|-sethp|p1a: Dusclops|90\/100 brn|[from] move: Pain Split\n|\n|-damage|p1a: Dusclops|84\/100 brn|[from] brn\n|upkeep\n|turn|14\n|\n|t:|1697550093\n|move|p2a: Slowking|Future Sight|p1a: Dusclops\n|-start|p2a: Slowking|move: Future Sight\n|move|p1a: Dusclops|Confuse Ray|p2a: Slowking\n|-start|p2a: Slowking|confusion\n|\n|-damage|p1a: Dusclops|78\/100 brn|[from] brn\n|upkeep\n|turn|15\n|\n|t:|1697550102\n|-activate|p2a: Slowking|confusion\n|move|p2a: Slowking|Sludge Bomb|p1a: Dusclops\n|-resisted|p1a: Dusclops\n|-damage|p1a: Dusclops|70\/100 brn\n|move|p1a: Dusclops|Will-O-Wisp|p2a: Slowking|[miss]\n|-miss|p1a: Dusclops|p2a: Slowking\n|\n|-damage|p1a: Dusclops|64\/100 brn|[from] brn\n|upkeep\n|turn|16\n|\n|t:|1697550110\n|switch|p2a: Heatran|Heatran, M|89\/100\n|move|p1a: Dusclops|Shadow Ball|p2a: Heatran\n|-damage|p2a: Heatran|71\/100\n|\n|-end|p1a: Dusclops|move: Future Sight\n|-damage|p1a: Dusclops|40\/100 brn\n|-damage|p1a: Dusclops|34\/100 brn|[from] brn\n|upkeep\n|turn|17\n|\n|t:|1697550130\n|move|p2a: Heatran|Flash Cannon|p1a: Dusclops\n|-damage|p1a: Dusclops|16\/100 brn\n|move|p1a: Dusclops|Pain Split|p2a: Heatran\n|-sethp|p2a: Heatran|42\/100|[from] move: Pain Split|[silent]\n|-sethp|p1a: Dusclops|55\/100 brn|[from] move: Pain Split\n|\n|-damage|p1a: Dusclops|49\/100 brn|[from] brn\n|upkeep\n|turn|18\n|\n|t:|1697550137\n|move|p2a: Heatran|Flash Cannon|p1a: Dusclops\n|-damage|p1a: Dusclops|32\/100 brn\n|move|p1a: Dusclops|Confuse Ray|p2a: Heatran\n|-start|p2a: Heatran|confusion\n|\n|-damage|p1a: Dusclops|26\/100 brn|[from] brn\n|upkeep\n|turn|19\n|\n|t:|1697550145\n|-activate|p2a: Heatran|confusion\n|-damage|p2a: Heatran|37\/100|[from] confusion\n|move|p1a: Dusclops|Pain Split|p2a: Heatran\n|-sethp|p2a: Heatran|28\/100|[from] move: Pain Split|[silent]\n|-sethp|p1a: Dusclops|37\/100 brn|[from] move: Pain Split\n|\n|-damage|p1a: Dusclops|31\/100 brn|[from] brn\n|upkeep\n|turn|20\n|\n|t:|1697550153\n|-activate|p2a: Heatran|confusion\n|move|p2a: Heatran|Flash Cannon|p1a: Dusclops\n|-damage|p1a: Dusclops|14\/100 brn\n|move|p1a: Dusclops|Shadow Ball|p2a: Heatran\n|-damage|p2a: Heatran|11\/100\n|\n|-damage|p1a: Dusclops|8\/100 brn|[from] brn\n|upkeep\n|turn|21\n|\n|t:|1697550162\n|-end|p2a: Heatran|confusion\n|move|p2a: Heatran|Flash Cannon|p1a: Dusclops\n|-damage|p1a: Dusclops|0 fnt\n|faint|p1a: Dusclops\n|\n|upkeep\n|\n|t:|1697550171\n|switch|p1a: Eelektross|Eelektross, F|100\/100\n|-damage|p1a: Eelektross|88\/100|[from] Stealth Rock\n|turn|22\n|\n|t:|1697550180\n|move|p2a: Heatran|Lava Plume|p1a: Eelektross\n|-damage|p1a: Eelektross|63\/100\n|-status|p1a: Eelektross|brn\n|move|p1a: Eelektross|Volt Switch|p2a: Heatran\n|-damage|p2a: Heatran|0 fnt\n|faint|p2a: Heatran\n|\n|t:|1697550187\n|switch|p1a: Gastrodon|Gastrodon, F, shiny|100\/100|[from] Volt Switch\n|-damage|p1a: Gastrodon|94\/100|[from] Stealth Rock\n|\n|upkeep\n|\n|t:|1697550198\n|switch|p2a: Slowking|Slowking-Galar, M|98\/100\n|turn|23\n|\n|t:|1697550204\n|move|p1a: Gastrodon|Spikes|p2a: Slowking\n|-sidestart|p2: Compton Crobats|Spikes\n|move|p2a: Slowking|Future Sight|p1a: Gastrodon\n|-start|p2a: Slowking|move: Future Sight\n|\n|upkeep\n|turn|24\n|\n|t:|1697550208\n|move|p1a: Gastrodon|Ice Beam|p2a: Slowking\n|-damage|p2a: Slowking|90\/100\n|move|p2a: Slowking|Sludge Bomb|p1a: Gastrodon\n|-resisted|p1a: Gastrodon\n|-damage|p1a: Gastrodon|83\/100\n|\n|upkeep\n|turn|25\n|\n|t:|1697550214\n|move|p1a: Gastrodon|Spikes|p2a: Slowking\n|-sidestart|p2: Compton Crobats|Spikes\n|move|p2a: Slowking|Sludge Bomb|p1a: Gastrodon\n|-resisted|p1a: Gastrodon\n|-damage|p1a: Gastrodon|70\/100\n|-status|p1a: Gastrodon|psn\n|\n|-end|p1a: Gastrodon|move: Future Sight\n|-damage|p1a: Gastrodon|39\/100 psn\n|-damage|p1a: Gastrodon|26\/100 psn|[from] psn\n|upkeep\n|turn|26\n|\n|t:|1697550224\n|move|p1a: Gastrodon|Spikes|p2a: Slowking\n|-sidestart|p2: Compton Crobats|Spikes\n|move|p2a: Slowking|Sludge Bomb|p1a: Gastrodon\n|-resisted|p1a: Gastrodon\n|-damage|p1a: Gastrodon|15\/100 psn\n|\n|-damage|p1a: Gastrodon|2\/100 psn|[from] psn\n|upkeep\n|turn|27\n|\n|t:|1697550231\n|move|p1a: Gastrodon|Recover|p1a: Gastrodon\n|-heal|p1a: Gastrodon|52\/100 psn\n|move|p2a: Slowking|Future Sight|p1a: Gastrodon\n|-start|p2a: Slowking|move: Future Sight\n|\n|-damage|p1a: Gastrodon|40\/100 psn|[from] psn\n|upkeep\n|turn|28\n|\n|t:|1697550246\n|move|p1a: Gastrodon|Recover|p1a: Gastrodon\n|-heal|p1a: Gastrodon|90\/100 psn\n|move|p2a: Slowking|Sludge Bomb|p1a: Gastrodon\n|-resisted|p1a: Gastrodon\n|-damage|p1a: Gastrodon|78\/100 psn\n|\n|-damage|p1a: Gastrodon|66\/100 psn|[from] psn\n|upkeep\n|turn|29\n|\n|t:|1697550254\n|move|p1a: Gastrodon|Ice Beam|p2a: Slowking\n|-damage|p2a: Slowking|81\/100\n|move|p2a: Slowking|Sludge Bomb|p1a: Gastrodon\n|-resisted|p1a: Gastrodon\n|-damage|p1a: Gastrodon|54\/100 psn\n|\n|-end|p1a: Gastrodon|move: Future Sight\n|-damage|p1a: Gastrodon|23\/100 psn\n|-damage|p1a: Gastrodon|11\/100 psn|[from] psn\n|upkeep\n|turn|30\n|\n|t:|1697550264\n|move|p1a: Gastrodon|Recover|p1a: Gastrodon\n|-heal|p1a: Gastrodon|61\/100 psn\n|move|p2a: Slowking|Future Sight|p1a: Gastrodon\n|-start|p2a: Slowking|move: Future Sight\n|\n|-damage|p1a: Gastrodon|48\/100 psn|[from] psn\n|upkeep\n|turn|31\n|\n|t:|1697550270\n|move|p1a: Gastrodon|Ice Beam|p2a: Slowking\n|-damage|p2a: Slowking|73\/100\n|move|p2a: Slowking|Sludge Bomb|p1a: Gastrodon\n|-resisted|p1a: Gastrodon\n|-damage|p1a: Gastrodon|36\/100 psn\n|\n|-damage|p1a: Gastrodon|23\/100 psn|[from] psn\n|upkeep\n|turn|32\n|\n|t:|1697550277\n|move|p1a: Gastrodon|Recover|p1a: Gastrodon\n|-heal|p1a: Gastrodon|73\/100 psn\n|move|p2a: Slowking|Sludge Bomb|p1a: Gastrodon\n|-resisted|p1a: Gastrodon\n|-damage|p1a: Gastrodon|61\/100 psn\n|\n|-end|p1a: Gastrodon|move: Future Sight\n|-damage|p1a: Gastrodon|30\/100 psn\n|-damage|p1a: Gastrodon|18\/100 psn|[from] psn\n|upkeep\n|turn|33\n|\n|t:|1697550290\n|move|p1a: Gastrodon|Ice Beam|p2a: Slowking\n|-damage|p2a: Slowking|64\/100\n|move|p2a: Slowking|Future Sight|p1a: Gastrodon\n|-start|p2a: Slowking|move: Future Sight\n|\n|-damage|p1a: Gastrodon|5\/100 psn|[from] psn\n|upkeep\n|turn|34\n|\n|t:|1697550297\n|move|p1a: Gastrodon|Ice Beam|p2a: Slowking\n|-damage|p2a: Slowking|56\/100\n|move|p2a: Slowking|Sludge Bomb|p1a: Gastrodon\n|-resisted|p1a: Gastrodon\n|-damage|p1a: Gastrodon|0 fnt\n|faint|p1a: Gastrodon\n|\n|upkeep\n|\n|t:|1697550305\n|switch|p1a: Eelektross|Eelektross, F|63\/100 brn\n|-damage|p1a: Eelektross|50\/100 brn|[from] Stealth Rock\n|turn|35\n|\n|t:|1697550316\n|switch|p2a: Scream Tail|Scream Tail|78\/100\n|-damage|p2a: Scream Tail|53\/100|[from] Spikes\n|move|p1a: Eelektross|Giga Drain|p2a: Scream Tail\n|-damage|p2a: Scream Tail|41\/100\n|-heal|p1a: Eelektross|58\/100 brn|[from] drain|[of] p2a: Scream Tail\n|\n|-end|p1a: Eelektross|move: Future Sight\n|-damage|p1a: Eelektross|27\/100 brn\n|-damage|p1a: Eelektross|21\/100 brn|[from] brn\n|upkeep\n|turn|36\n|\n|t:|1697550328\n|move|p2a: Scream Tail|Reflect|p2a: Scream Tail\n|-sidestart|p2: Compton Crobats|Reflect\n|move|p1a: Eelektross|Volt Switch|p2a: Scream Tail\n|-damage|p2a: Scream Tail|27\/100\n|\n|t:|1697550337\n|switch|p1a: Heracross|Heracross, M|100\/100|[from] Volt Switch\n|-damage|p1a: Heracross|88\/100|[from] Stealth Rock\n|\n|-status|p1a: Heracross|brn|[from] item: Flame Orb\n|upkeep\n|turn|37\n|\n|t:|1697550356\n|move|p1a: Heracross|Knock Off|p2a: Scream Tail\n|-damage|p2a: Scream Tail|9\/100\n|-enditem|p2a: Scream Tail|Light Clay|[from] move: Knock Off|[of] p1a: Heracross\n|move|p2a: Scream Tail|Wish|p2a: Scream Tail\n|\n|-damage|p1a: Heracross|82\/100 brn|[from] brn\n|upkeep\n|turn|38\n|\n|t:|1697550369\n|move|p2a: Scream Tail|Protect|p2a: Scream Tail\n|-singleturn|p2a: Scream Tail|Protect\n|move|p1a: Heracross|Knock Off|p2a: Scream Tail\n|-activate|p2a: Scream Tail|move: Protect\n|\n|-heal|p2a: Scream Tail|59\/100|[from] move: Wish|[wisher] Scream Tail\n|-damage|p1a: Heracross|76\/100 brn|[from] brn\n|upkeep\n|turn|39\n|\n|t:|1697550379\n|move|p1a: Heracross|Swords Dance|p1a: Heracross\n|-boost|p1a: Heracross|atk|2\n|move|p2a: Scream Tail|Wish|p2a: Scream Tail\n|\n|-damage|p1a: Heracross|70\/100 brn|[from] brn\n|upkeep\n|turn|40\n|\n|t:|1697550385\n|move|p1a: Heracross|Swords Dance|p1a: Heracross\n|-boost|p1a: Heracross|atk|2\n|move|p2a: Scream Tail|Ice Beam|p1a: Heracross\n|-damage|p1a: Heracross|51\/100 brn\n|\n|-heal|p2a: Scream Tail|100\/100|[from] move: Wish|[wisher] Scream Tail\n|-damage|p1a: Heracross|45\/100 brn|[from] brn\n|upkeep\n|turn|41\n|\n|t:|1697550394\n|move|p2a: Scream Tail|Protect|p2a: Scream Tail\n|-singleturn|p2a: Scream Tail|Protect\n|move|p1a: Heracross|Swords Dance|p1a: Heracross\n|-boost|p1a: Heracross|atk|2\n|\n|-damage|p1a: Heracross|39\/100 brn|[from] brn\n|upkeep\n|turn|42\n|\n|t:|1697550402\n|move|p1a: Heracross|Knock Off|p2a: Scream Tail\n|-damage|p2a: Scream Tail|48\/100\n|move|p2a: Scream Tail|Ice Beam|p1a: Heracross\n|-damage|p1a: Heracross|21\/100 brn\n|\n|-damage|p1a: Heracross|15\/100 brn|[from] brn\n|upkeep\n|turn|43\n|\n|t:|1697550411\n|move|p1a: Heracross|Knock Off|p2a: Scream Tail\n|-crit|p2a: Scream Tail\n|-damage|p2a: Scream Tail|0 fnt\n|faint|p2a: Scream Tail\n|-end|p2a: Scream Tail|Protosynthesis|[silent]\n|\n|-damage|p1a: Heracross|9\/100 brn|[from] brn\n|-sideend|p2: Compton Crobats|Reflect\n|upkeep\n|\n|t:|1697550419\n|switch|p2a: Palafin|Palafin, F|100\/100\n|-damage|p2a: Palafin|75\/100|[from] Spikes\n|turn|44\n|\n|t:|1697550429\n|move|p2a: Palafin|Jet Punch|p1a: Heracross\n|-damage|p1a: Heracross|0 fnt\n|faint|p1a: Heracross\n|\n|upkeep\n|\n|t:|1697550434\n|switch|p1a: Eelektross|Eelektross, F|21\/100 brn\n|-damage|p1a: Eelektross|8\/100 brn|[from] Stealth Rock\n|turn|45\n|\n|t:|1697550441\n|move|p2a: Palafin|Jet Punch|p1a: Eelektross\n|-damage|p1a: Eelektross|0 fnt\n|faint|p1a: Eelektross\n|\n|upkeep\n|\n|t:|1697550446\n|switch|p1a: Gardevoir|Gardevoir, F|100\/100\n|-damage|p1a: Gardevoir|88\/100|[from] Stealth Rock\n|turn|46\n|\n|t:|1697550453\n|detailschange|p2a: Palafin|Palafin-Hero, F\n|switch|p2a: Slowking|Slowking-Galar, M|89\/100\n|-damage|p2a: Slowking|64\/100|[from] Spikes\n|move|p1a: Gardevoir|Psychic|p2a: Slowking\n|-damage|p2a: Slowking|44\/100\n|\n|upkeep\n|turn|47\n|\n|t:|1697550463\n|-terastallize|p1a: Gardevoir|Steel\n|move|p1a: Gardevoir|Calm Mind|p1a: Gardevoir\n|-boost|p1a: Gardevoir|spa|1\n|-boost|p1a: Gardevoir|spd|1\n|move|p2a: Slowking|Sludge Bomb|p1a: Gardevoir\n|-immune|p1a: Gardevoir\n|\n|upkeep\n|turn|48\n|\n|t:|1697550474\n|move|p1a: Gardevoir|Aura Sphere|p2a: Slowking\n|-resisted|p2a: Slowking\n|-damage|p2a: Slowking|39\/100\n|move|p2a: Slowking|Flamethrower|p1a: Gardevoir\n|-supereffective|p1a: Gardevoir\n|-damage|p1a: Gardevoir|54\/100\n|\n|upkeep\n|turn|49\n|\n|t:|1697550481\n|move|p1a: Gardevoir|Psychic|p2a: Slowking\n|-damage|p2a: Slowking|9\/100\n|move|p2a: Slowking|Flamethrower|p1a: Gardevoir\n|-supereffective|p1a: Gardevoir\n|-damage|p1a: Gardevoir|20\/100\n|\n|upkeep\n|turn|50\n|\n|t:|1697550490\n|move|p1a: Gardevoir|Draining Kiss|p2a: Slowking\n|-resisted|p2a: Slowking\n|-damage|p2a: Slowking|0 fnt\n|-heal|p1a: Gardevoir|30\/100|[from] drain|[of] p2a: Slowking\n|faint|p2a: Slowking\n|\n|upkeep\n|\n|t:|1697550498\n|switch|p2a: Iron Treads|Iron Treads|86\/100 brn\n|-damage|p2a: Iron Treads|61\/100 brn|[from] Spikes\n|turn|51\n|\n|t:|1697550506\n|move|p2a: Iron Treads|Earthquake|p1a: Gardevoir\n|-supereffective|p1a: Gardevoir\n|-damage|p1a: Gardevoir|0 fnt\n|faint|p1a: Gardevoir\n|\n|-damage|p2a: Iron Treads|54\/100 brn|[from] brn\n|upkeep\n|\n|t:|1697550512\n|switch|p1a: Gliscor|Gliscor, M, shiny|100\/100\n|-damage|p1a: Gliscor|88\/100|[from] Stealth Rock\n|turn|52\n|\n|t:|1697550524\n|move|p2a: Iron Treads|Ice Spinner|p1a: Gliscor\n|-supereffective|p1a: Gliscor\n|-damage|p1a: Gliscor|56\/100\n|move|p1a: Gliscor|Swords Dance|p1a: Gliscor\n|-boost|p1a: Gliscor|atk|2\n|\n|-damage|p2a: Iron Treads|48\/100 brn|[from] brn\n|-status|p1a: Gliscor|tox|[from] item: Toxic Orb\n|upkeep\n|turn|53\n|\n|t:|1697550534\n|move|p2a: Iron Treads|Ice Spinner|p1a: Gliscor\n|-supereffective|p1a: Gliscor\n|-damage|p1a: Gliscor|21\/100 tox\n|move|p1a: Gliscor|Earthquake|p2a: Iron Treads\n|-supereffective|p2a: Iron Treads\n|-enditem|p2a: Iron Treads|Shuca Berry|[eat]\n|-enditem|p2a: Iron Treads|Shuca Berry|[weaken]\n|-damage|p2a: Iron Treads|0 fnt\n|faint|p2a: Iron Treads\n|-end|p2a: Iron Treads|Quark Drive|[silent]\n|\n|-heal|p1a: Gliscor|34\/100 tox|[from] ability: Poison Heal\n|upkeep\n|\n|t:|1697550544\n|switch|p2a: Palafin|Palafin-Hero, F|75\/100\n|-damage|p2a: Palafin|50\/100|[from] Spikes\n|-activate|p2a: Palafin|ability: Zero to Hero\n|turn|54\n|\n|t:|1697550553\n|move|p2a: Palafin|Jet Punch|p1a: Gliscor\n|-supereffective|p1a: Gliscor\n|-damage|p1a: Gliscor|0 fnt\n|faint|p1a: Gliscor\n|\n|win|Compton Crobats\n|raw|Hertzuwu's rating: 1083 &rarr; <strong>1065<\/strong><br \/>(-18 for losing)\n|raw|Compton Crobats's rating: 1148 &rarr; <strong>1168<\/strong><br \/>(+20 for winning)\n|c|\u2606Compton Crobats|gg\n|c|\u2606Hertzuwu|good game!\n","uploadtime":1697550568,"views":7,"p1id":"hertzuwu","p2id":"comptoncrobats","formatid":"gen9ubers","rating":1065,"private":0,"password":""}