{"id":"gen9ubers-1993909031","p1":"mysticalcheese","p2":"Rival Gary Oak","format":"[Gen 9] Ubers","log":"|j|\u2606mysticalcheese\n|j|\u2606Rival Gary Oak\n|t:|1700373697\n|gametype|singles\n|player|p1|mysticalcheese|1|\n|player|p2|Rival Gary Oak|blue|\n|teamsize|p1|6\n|teamsize|p2|6\n|gen|9\n|tier|[Gen 9] Ubers\n|rule|Sleep Clause Mod: Limit one foe put to sleep\n|rule|Species Clause: Limit one of each Pok\u00e9mon\n|rule|OHKO Clause: OHKO moves are banned\n|rule|Evasion Items Clause: Evasion items are banned\n|rule|Evasion Moves Clause: Evasion moves are banned\n|rule|Endless Battle Clause: Forcing endless battles is banned\n|rule|HP Percentage Mod: HP is shown in percentages\n|clearpoke\n|poke|p1|Torterra, F|\n|poke|p1|Dusclops, M|\n|poke|p1|Chansey, F|\n|poke|p1|Amoonguss, F|\n|poke|p1|Iron Valiant|\n|poke|p1|Dedenne, M|\n|poke|p2|Dragapult, M|\n|poke|p2|Regieleki|\n|poke|p2|Ursaluna-Bloodmoon, M|\n|poke|p2|Ogerpon, F|\n|poke|p2|Articuno-Galar|\n|poke|p2|Goodra-Hisui, F|\n|teampreview\n|\n|t:|1700373737\n|start\n|switch|p1a: Torterra|Torterra, F|100\/100\n|switch|p2a: Goodra|Goodra-Hisui, F, shiny|100\/100\n|turn|1\n|\n|t:|1700373762\n|switch|p2a: Ogerpon|Ogerpon, F|100\/100\n|-terastallize|p1a: Torterra|Water\n|move|p1a: Torterra|Crunch|p2a: Ogerpon\n|-damage|p2a: Ogerpon|72\/100\n|\n|upkeep\n|turn|2\n|\n|t:|1700373794\n|switch|p1a: Amoonguss|Amoonguss, F|100\/100\n|move|p2a: Ogerpon|Knock Off|p1a: Amoonguss\n|-damage|p1a: Amoonguss|82\/100\n|-enditem|p1a: Amoonguss|Assault Vest|[from] move: Knock Off|[of] p2a: Ogerpon\n|\n|upkeep\n|turn|3\n|\n|t:|1700373811\n|move|p2a: Ogerpon|Stomping Tantrum|p1a: Amoonguss\n|-damage|p1a: Amoonguss|68\/100\n|move|p1a: Amoonguss|Sludge Bomb|p2a: Ogerpon\n|-supereffective|p2a: Ogerpon\n|-damage|p2a: Ogerpon|49\/100\n|-status|p2a: Ogerpon|psn\n|\n|-damage|p2a: Ogerpon|36\/100 psn|[from] psn\n|upkeep\n|turn|4\n|\n|t:|1700373840\n|move|p2a: Ogerpon|U-turn|p1a: Amoonguss\n|-damage|p1a: Amoonguss|54\/100\n|\n|t:|1700373859\n|switch|p2a: Goodra|Goodra-Hisui, F, shiny|100\/100|[from] U-turn\n|move|p1a: Amoonguss|Sludge Bomb|p2a: Goodra\n|-immune|p2a: Goodra\n|\n|upkeep\n|turn|5\n|\n|t:|1700373873\n|switch|p1a: Torterra|Torterra, F, tera:Water|100\/100\n|move|p2a: Goodra|Ice Beam|p1a: Torterra\n|-resisted|p1a: Torterra\n|-damage|p1a: Torterra|91\/100\n|\n|upkeep\n|turn|6\n|\n|t:|1700373898\n|switch|p2a: Ogerpon|Ogerpon, F|36\/100 psn\n|move|p1a: Torterra|Crunch|p2a: Ogerpon\n|-damage|p2a: Ogerpon|5\/100 psn\n|\n|-damage|p2a: Ogerpon|0 fnt|[from] psn\n|faint|p2a: Ogerpon\n|upkeep\n|\n|t:|1700373911\n|switch|p2a: Regieleki|Regieleki|100\/100\n|turn|7\n|\n|t:|1700373931\n|switch|p1a: Chansey|Chansey, F|100\/100\n|move|p2a: Regieleki|Thunderbolt|p1a: Chansey\n|-damage|p1a: Chansey|82\/100\n|-status|p1a: Chansey|par\n|\n|upkeep\n|turn|8\n|\n|t:|1700373985\n|move|p2a: Regieleki|Volt Switch|p1a: Chansey\n|-crit|p1a: Chansey\n|-damage|p1a: Chansey|61\/100 par\n|\n|t:|1700374022\n|switch|p2a: Articuno|Articuno-Galar, shiny|100\/100|[from] Volt Switch\n|move|p1a: Chansey|Stealth Rock|p2a: Articuno\n|-sidestart|p2: Rival Gary Oak|move: Stealth Rock\n|\n|upkeep\n|turn|9\n|\n|t:|1700374036\n|-curestatus|p1a: Chansey|par|[from] ability: Natural Cure\n|switch|p1a: Torterra|Torterra, F, tera:Water|91\/100\n|move|p2a: Articuno|Calm Mind|p2a: Articuno\n|-boost|p2a: Articuno|spa|1\n|-boost|p2a: Articuno|spd|1\n|\n|upkeep\n|turn|10\n|\n|t:|1700374051\n|move|p2a: Articuno|Calm Mind|p2a: Articuno\n|-boost|p2a: Articuno|spa|1\n|-boost|p2a: Articuno|spd|1\n|move|p1a: Torterra|Crunch|p2a: Articuno\n|-supereffective|p2a: Articuno\n|-damage|p2a: Articuno|31\/100\n|\n|-heal|p2a: Articuno|38\/100|[from] item: Leftovers\n|upkeep\n|turn|11\n|\n|t:|1700374083\n|move|p2a: Articuno|Psyshock|p1a: Torterra\n|-damage|p1a: Torterra|25\/100\n|move|p1a: Torterra|Crunch|p2a: Articuno\n|-supereffective|p2a: Articuno\n|-damage|p2a: Articuno|0 fnt\n|faint|p2a: Articuno\n|\n|upkeep\n|\n|t:|1700374106\n|switch|p2a: Regieleki|Regieleki|100\/100\n|-damage|p2a: Regieleki|88\/100|[from] Stealth Rock\n|turn|12\n|\n|t:|1700374118\n|switch|p1a: Dusclops|Dusclops, M|100\/100\n|-item|p2a: Regieleki|Magnet|[from] ability: Frisk|[of] p1a: Dusclops|[identify]\n|move|p2a: Regieleki|Thunderbolt|p1a: Dusclops\n|-damage|p1a: Dusclops|71\/100\n|\n|upkeep\n|turn|13\n|\n|t:|1700374126\n|move|p2a: Regieleki|Thunderbolt|p1a: Dusclops\n|-damage|p1a: Dusclops|44\/100\n|-status|p1a: Dusclops|par\n|cant|p1a: Dusclops|par\n|\n|upkeep\n|turn|14\n|\n|t:|1700374132\n|move|p2a: Regieleki|Thunderbolt|p1a: Dusclops\n|-damage|p1a: Dusclops|17\/100 par\n|cant|p1a: Dusclops|par\n|\n|upkeep\n|turn|15\n|\n|t:|1700374161\n|switch|p1a: Chansey|Chansey, F|61\/100\n|move|p2a: Regieleki|Thunderbolt|p1a: Chansey\n|-damage|p1a: Chansey|43\/100\n|\n|upkeep\n|turn|16\n|\n|t:|1700374174\n|move|p2a: Regieleki|Rapid Spin|p1a: Chansey\n|-damage|p1a: Chansey|36\/100\n|-boost|p2a: Regieleki|spe|1\n|-sideend|p2: Rival Gary Oak|Stealth Rock|[from] move: Rapid Spin|[of] p2a: Regieleki\n|move|p1a: Chansey|Soft-Boiled|p1a: Chansey\n|-heal|p1a: Chansey|86\/100\n|\n|upkeep\n|turn|17\n|\n|t:|1700374195\n|move|p2a: Regieleki|Volt Switch|p1a: Chansey\n|-crit|p1a: Chansey\n|-damage|p1a: Chansey|66\/100\n|\n|t:|1700374207\n|switch|p2a: Goodra|Goodra-Hisui, F, shiny|100\/100|[from] Volt Switch\n|move|p1a: Chansey|Stealth Rock|p2a: Goodra\n|-sidestart|p2: Rival Gary Oak|move: Stealth Rock\n|\n|upkeep\n|turn|18\n|\n|t:|1700374217\n|move|p2a: Goodra|Ice Beam|p1a: Chansey\n|-damage|p1a: Chansey|58\/100\n|move|p1a: Chansey|Light Screen|p1a: Chansey\n|-sidestart|p1: mysticalcheese|move: Light Screen\n|\n|upkeep\n|turn|19\n|\n|t:|1700374231\n|move|p2a: Goodra|Knock Off|p1a: Chansey\n|-damage|p1a: Chansey|45\/100\n|-enditem|p1a: Chansey|Eviolite|[from] move: Knock Off|[of] p2a: Goodra\n|move|p1a: Chansey|Seismic Toss|p2a: Goodra\n|-damage|p2a: Goodra|68\/100\n|\n|upkeep\n|turn|20\n|\n|t:|1700374241\n|move|p2a: Goodra|Earthquake|p1a: Chansey\n|-damage|p1a: Chansey|26\/100\n|move|p1a: Chansey|Soft-Boiled|p1a: Chansey\n|-heal|p1a: Chansey|76\/100\n|\n|upkeep\n|turn|21\n|\n|t:|1700374258\n|move|p2a: Goodra|Earthquake|p1a: Chansey\n|-damage|p1a: Chansey|56\/100\n|move|p1a: Chansey|Seismic Toss|p2a: Goodra\n|-damage|p2a: Goodra|36\/100\n|\n|upkeep\n|turn|22\n|\n|t:|1700374267\n|move|p2a: Goodra|Earthquake|p1a: Chansey\n|-damage|p1a: Chansey|37\/100\n|move|p1a: Chansey|Soft-Boiled|p1a: Chansey\n|-heal|p1a: Chansey|88\/100\n|\n|-sideend|p1: mysticalcheese|move: Light Screen\n|upkeep\n|turn|23\n|\n|t:|1700374288\n|move|p2a: Goodra|Earthquake|p1a: Chansey\n|-damage|p1a: Chansey|67\/100\n|move|p1a: Chansey|Seismic Toss|p2a: Goodra\n|-damage|p2a: Goodra|3\/100\n|\n|upkeep\n|turn|24\n|\n|t:|1700374296\n|move|p2a: Goodra|Earthquake|p1a: Chansey\n|-damage|p1a: Chansey|46\/100\n|move|p1a: Chansey|Soft-Boiled|p1a: Chansey\n|-heal|p1a: Chansey|96\/100\n|\n|upkeep\n|turn|25\n|\n|t:|1700374301\n|move|p2a: Goodra|Earthquake|p1a: Chansey\n|-damage|p1a: Chansey|78\/100\n|move|p1a: Chansey|Light Screen|p1a: Chansey\n|-sidestart|p1: mysticalcheese|move: Light Screen\n|\n|upkeep\n|turn|26\n|\n|t:|1700374315\n|move|p2a: Goodra|Earthquake|p1a: Chansey\n|-damage|p1a: Chansey|60\/100\n|move|p1a: Chansey|Seismic Toss|p2a: Goodra\n|-damage|p2a: Goodra|0 fnt\n|faint|p2a: Goodra\n|\n|upkeep\n|\n|t:|1700374351\n|switch|p2a: Dragapult|Dragapult, M, shiny|100\/100\n|-damage|p2a: Dragapult|88\/100|[from] Stealth Rock\n|turn|27\n|\n|t:|1700374391\n|move|p2a: Dragapult|Psychic Fangs|p1a: Chansey\n|-sideend|p1: mysticalcheese|move: Light Screen\n|-damage|p1a: Chansey|30\/100\n|move|p1a: Chansey|Soft-Boiled|p1a: Chansey\n|-heal|p1a: Chansey|80\/100\n|\n|upkeep\n|turn|28\n|\n|t:|1700374407\n|switch|p2a: Regieleki|Regieleki|88\/100\n|-damage|p2a: Regieleki|76\/100|[from] Stealth Rock\n|switch|p1a: Dusclops|Dusclops, M|17\/100 par\n|-item|p2a: Regieleki|Magnet|[from] ability: Frisk|[of] p1a: Dusclops|[identify]\n|\n|upkeep\n|turn|29\n|\n|t:|1700374425\n|switch|p1a: Amoonguss|Amoonguss, F|87\/100\n|move|p2a: Regieleki|Thunderbolt|p1a: Amoonguss\n|-resisted|p1a: Amoonguss\n|-damage|p1a: Amoonguss|57\/100\n|\n|upkeep\n|turn|30\n|\n|t:|1700374437\n|switch|p1a: Dusclops|Dusclops, M|17\/100 par\n|-item|p2a: Regieleki|Magnet|[from] ability: Frisk|[of] p1a: Dusclops|[identify]\n|move|p2a: Regieleki|Rapid Spin|p1a: Dusclops\n|-immune|p1a: Dusclops\n|\n|upkeep\n|turn|31\n|\n|t:|1700374466\n|move|p2a: Regieleki|Thunderbolt|p1a: Dusclops\n|-damage|p1a: Dusclops|0 fnt\n|faint|p1a: Dusclops\n|\n|upkeep\n|\n|t:|1700374482\n|switch|p1a: Chansey|Chansey, F|80\/100\n|turn|32\n|\n|t:|1700374500\n|move|p2a: Regieleki|Thunderbolt|p1a: Chansey\n|-damage|p1a: Chansey|53\/100\n|move|p1a: Chansey|Seismic Toss|p2a: Regieleki\n|-damage|p2a: Regieleki|43\/100\n|\n|upkeep\n|turn|33\n|\n|t:|1700374513\n|move|p2a: Regieleki|Volt Switch|p1a: Chansey\n|-damage|p1a: Chansey|31\/100\n|\n|t:|1700374516\n|switch|p2a: Dragapult|Dragapult, M, shiny|88\/100|[from] Volt Switch\n|-damage|p2a: Dragapult|76\/100|[from] Stealth Rock\n|move|p1a: Chansey|Light Screen|p1a: Chansey\n|-sidestart|p1: mysticalcheese|move: Light Screen\n|\n|upkeep\n|turn|34\n|\n|t:|1700374527\n|switch|p1a: Torterra|Torterra, F, tera:Water|25\/100\n|move|p2a: Dragapult|Dragon Darts|p1a: Torterra\n|-damage|p1a: Torterra|4\/100\n|-anim|p2a: Dragapult|Dragon Darts|p1a: Torterra\n|-damage|p1a: Torterra|0 fnt\n|faint|p1a: Torterra\n|\n|upkeep\n|\n|t:|1700374570\n|switch|p1a: Iron Valiant|Iron Valiant|100\/100\n|turn|35\n|\n|t:|1700374584\n|switch|p2a: Regieleki|Regieleki|43\/100\n|-damage|p2a: Regieleki|30\/100|[from] Stealth Rock\n|move|p1a: Iron Valiant|Moonblast|p2a: Regieleki\n|-damage|p2a: Regieleki|0 fnt\n|faint|p2a: Regieleki\n|\n|upkeep\n|\n|t:|1700374598\n|switch|p2a: Dragapult|Dragapult, M, shiny|76\/100\n|-damage|p2a: Dragapult|64\/100|[from] Stealth Rock\n|turn|36\n|\n|t:|1700374625\n|-end|p1a: Iron Valiant|Quark Drive|[silent]\n|switch|p1a: Amoonguss|Amoonguss, F|90\/100\n|move|p2a: Dragapult|Psychic Fangs|p1a: Amoonguss\n|-sideend|p1: mysticalcheese|move: Light Screen\n|-supereffective|p1a: Amoonguss\n|-damage|p1a: Amoonguss|48\/100\n|\n|upkeep\n|turn|37\n|\n|t:|1700374657\n|switch|p2a: Ursaluna|Ursaluna-Bloodmoon, M|100\/100\n|-damage|p2a: Ursaluna|94\/100|[from] Stealth Rock\n|move|p1a: Amoonguss|Foul Play|p2a: Ursaluna\n|-damage|p2a: Ursaluna|86\/100\n|\n|upkeep\n|turn|38\n|\n|t:|1700374669\n|move|p2a: Ursaluna|Blood Moon|p1a: Amoonguss\n|-damage|p1a: Amoonguss|0 fnt\n|faint|p1a: Amoonguss\n|\n|upkeep\n|\n|t:|1700374686\n|switch|p1a: Chansey|Chansey, F|31\/100\n|turn|39\n|\n|t:|1700374695\n|move|p2a: Ursaluna|Earth Power|p1a: Chansey\n|-damage|p1a: Chansey|5\/100\n|move|p1a: Chansey|Soft-Boiled|p1a: Chansey\n|-heal|p1a: Chansey|55\/100\n|\n|upkeep\n|turn|40\n|\n|t:|1700374707\n|move|p2a: Ursaluna|Blood Moon|p1a: Chansey\n|-damage|p1a: Chansey|18\/100\n|move|p1a: Chansey|Seismic Toss|p2a: Ursaluna\n|-damage|p2a: Ursaluna|62\/100\n|\n|upkeep\n|turn|41\n|\n|t:|1700374730\n|move|p2a: Ursaluna|Earth Power|p1a: Chansey\n|-damage|p1a: Chansey|0 fnt\n|faint|p1a: Chansey\n|\n|upkeep\n|\n|t:|1700374813\n|switch|p1a: Iron Valiant|Iron Valiant|100\/100\n|turn|42\n|\n|t:|1700374847\n|move|p1a: Iron Valiant|Calm Mind|p1a: Iron Valiant\n|-boost|p1a: Iron Valiant|spa|1\n|-boost|p1a: Iron Valiant|spd|1\n|move|p2a: Ursaluna|Blood Moon|p1a: Iron Valiant\n|-damage|p1a: Iron Valiant|12\/100\n|\n|upkeep\n|turn|43\n|\n|t:|1700374929\n|move|p2a: Ursaluna|Vacuum Wave|p1a: Iron Valiant\n|-resisted|p1a: Iron Valiant\n|-damage|p1a: Iron Valiant|3\/100\n|move|p1a: Iron Valiant|Aura Sphere|p2a: Ursaluna\n|-supereffective|p2a: Ursaluna\n|-damage|p2a: Ursaluna|0 fnt\n|faint|p2a: Ursaluna\n|\n|upkeep\n|\n|t:|1700374937\n|switch|p2a: Dragapult|Dragapult, M, shiny|64\/100\n|-damage|p2a: Dragapult|52\/100|[from] Stealth Rock\n|turn|44\n|\n|t:|1700374948\n|move|p2a: Dragapult|Double-Edge|p1a: Iron Valiant\n|-damage|p1a: Iron Valiant|0 fnt\n|faint|p1a: Iron Valiant\n|-end|p1a: Iron Valiant|Quark Drive|[silent]\n|-damage|p2a: Dragapult|51\/100|[from] Recoil\n|\n|upkeep\n|\n|t:|1700374954\n|switch|p1a: Dedenne|Dedenne, M|100\/100\n|turn|45\n|\n|t:|1700374968\n|move|p2a: Dragapult|Double-Edge|p1a: Dedenne\n|-damage|p1a: Dedenne|30\/100\n|-damage|p2a: Dragapult|27\/100|[from] Recoil\n|move|p1a: Dedenne|Nuzzle|p2a: Dragapult\n|-resisted|p2a: Dragapult\n|-damage|p2a: Dragapult|24\/100\n|-status|p2a: Dragapult|par\n|\n|upkeep\n|turn|46\n|\n|t:|1700374988\n|move|p1a: Dedenne|U-turn|p2a: Dragapult\n|-resisted|p2a: Dragapult\n|-damage|p2a: Dragapult|18\/100 par\n|cant|p2a: Dragapult|par\n|\n|upkeep\n|turn|47\n|\n|t:|1700375001\n|move|p1a: Dedenne|U-turn|p2a: Dragapult\n|-resisted|p2a: Dragapult\n|-damage|p2a: Dragapult|11\/100 par\n|move|p2a: Dragapult|Double-Edge|p1a: Dedenne\n|-damage|p1a: Dedenne|0 fnt\n|faint|p1a: Dedenne\n|-damage|p2a: Dragapult|1\/100 par|[from] Recoil\n|\n|win|Rival Gary Oak\n|l|\u2606mysticalcheese\n","uploadtime":1700375075,"views":13,"p1id":"mysticalcheese","p2id":"rivalgaryoak","formatid":"gen9ubers","rating":0,"private":0,"password":""}