{"id":"gen9ubers-1998551785","p1":"AtomBomb69","p2":"harrimarron 2","format":"[Gen 9] Ubers","log":"|j|\u2606AtomBomb69\n|j|\u2606harrimarron 2\n|t:|1700955377\n|gametype|singles\n|player|p1|AtomBomb69|swimmerf-gen4|1325\n|player|p2|harrimarron 2|twins-gen4dp|1282\n|teamsize|p1|6\n|teamsize|p2|6\n|gen|9\n|tier|[Gen 9] Ubers\n|rated|\n|rule|Sleep Clause Mod: Limit one foe put to sleep\n|rule|Species Clause: Limit one of each Pok\u00e9mon\n|rule|OHKO Clause: OHKO moves are banned\n|rule|Evasion Items Clause: Evasion items are banned\n|rule|Evasion Moves Clause: Evasion moves are banned\n|rule|Endless Battle Clause: Forcing endless battles is banned\n|rule|HP Percentage Mod: HP is shown in percentages\n|clearpoke\n|poke|p1|Regieleki|\n|poke|p1|Regidrago|\n|poke|p1|Giratina-Origin|\n|poke|p1|Miraidon|\n|poke|p1|Zamazenta-*|\n|poke|p1|Kingambit, F|\n|poke|p2|Gliscor, M|\n|poke|p2|Clodsire, M|\n|poke|p2|Groudon|\n|poke|p2|Arceus-Water|\n|poke|p2|Zacian-*|\n|poke|p2|Giratina-Origin|\n|teampreview\n|inactive|Battle timer is ON: inactive players will automatically lose when time's up. (requested by AtomBomb69)\n|inactive|harrimarron 2 has 120 seconds left.\n|\n|t:|1700955431\n|start\n|switch|p1a: Giratina|Giratina-Origin|100\/100\n|switch|p2a: Gliscor|Gliscor, M|100\/100\n|turn|1\n|inactive|AtomBomb69 has 120 seconds left.\n|\n|t:|1700955463\n|move|p2a: Gliscor|Toxic|p1a: Giratina\n|-status|p1a: Giratina|tox\n|move|p1a: Giratina|Will-O-Wisp|p2a: Gliscor\n|-status|p2a: Gliscor|brn\n|\n|-damage|p1a: Giratina|94\/100 tox|[from] psn\n|-damage|p2a: Gliscor|94\/100 brn|[from] brn\n|upkeep\n|turn|2\n|\n|t:|1700955481\n|switch|p2a: Clodsire|Clodsire, M|100\/100\n|move|p1a: Giratina|Hex|p2a: Clodsire\n|-damage|p2a: Clodsire|78\/100\n|\n|-damage|p1a: Giratina|82\/100 tox|[from] psn\n|upkeep\n|turn|3\n|inactive|AtomBomb69 has 120 seconds left.\n|\n|t:|1700955504\n|move|p1a: Giratina|Will-O-Wisp|p2a: Clodsire|[miss]\n|-miss|p1a: Giratina|p2a: Clodsire\n|move|p2a: Clodsire|Spikes|p1a: Giratina\n|-sidestart|p1: AtomBomb69|Spikes\n|\n|-damage|p1a: Giratina|64\/100 tox|[from] psn\n|upkeep\n|turn|4\n|inactive|AtomBomb69 has 120 seconds left.\n|\n|t:|1700955515\n|switch|p2a: Gliscor|Gliscor, M|94\/100 brn\n|move|p1a: Giratina|Will-O-Wisp|p2a: Gliscor\n|-fail|p2a: Gliscor|brn\n|\n|-damage|p1a: Giratina|39\/100 tox|[from] psn\n|-damage|p2a: Gliscor|88\/100 brn|[from] brn\n|upkeep\n|turn|5\n|\n|t:|1700955524\n|move|p2a: Gliscor|Protect|p2a: Gliscor\n|-singleturn|p2a: Gliscor|Protect\n|move|p1a: Giratina|Defog|p2a: Gliscor\n|-activate|p2a: Gliscor|move: Protect\n|\n|-damage|p1a: Giratina|8\/100 tox|[from] psn\n|-damage|p2a: Gliscor|82\/100 brn|[from] brn\n|upkeep\n|turn|6\n|\n|t:|1700955534\n|move|p2a: Gliscor|Taunt|p1a: Giratina\n|-start|p1a: Giratina|move: Taunt\n|cant|p1a: Giratina|move: Taunt|Defog\n|\n|-damage|p1a: Giratina|0 fnt|[from] psn\n|faint|p1a: Giratina\n|-damage|p2a: Gliscor|76\/100 brn|[from] brn\n|upkeep\n|inactive|AtomBomb69 has 120 seconds left.\n|\n|t:|1700955568\n|switch|p1a: Regieleki|Regieleki, shiny|100\/100\n|-damage|p1a: Regieleki|88\/100|[from] Spikes\n|turn|7\n|\n|t:|1700955576\n|switch|p2a: Clodsire|Clodsire, M|78\/100\n|-terastallize|p1a: Regieleki|Ice\n|move|p1a: Regieleki|Rapid Spin|p2a: Clodsire\n|-damage|p2a: Clodsire|67\/100\n|-boost|p1a: Regieleki|spe|1\n|-sideend|p1: AtomBomb69|Spikes|[from] move: Rapid Spin|[of] p1a: Regieleki\n|\n|upkeep\n|turn|8\n|\n|t:|1700955586\n|move|p1a: Regieleki|Tera Blast|p2a: Clodsire|[anim] Tera Blast Ice\n|-supereffective|p2a: Clodsire\n|-damage|p2a: Clodsire|36\/100\n|move|p2a: Clodsire|Recover|p2a: Clodsire\n|-heal|p2a: Clodsire|86\/100\n|\n|upkeep\n|turn|9\n|inactive|AtomBomb69 has 120 seconds left.\n|\n|t:|1700955599\n|move|p1a: Regieleki|Reflect|p1a: Regieleki\n|-sidestart|p1: AtomBomb69|Reflect\n|move|p2a: Clodsire|Spikes|p1a: Regieleki\n|-sidestart|p1: AtomBomb69|Spikes\n|\n|upkeep\n|turn|10\n|\n|t:|1700955604\n|switch|p2a: Giratina|Giratina-Origin|100\/100\n|move|p1a: Regieleki|Light Screen|p1a: Regieleki\n|-sidestart|p1: AtomBomb69|move: Light Screen\n|\n|upkeep\n|turn|11\n|\n|t:|1700955616\n|move|p1a: Regieleki|Tera Blast|p2a: Giratina|[anim] Tera Blast Ice\n|-supereffective|p2a: Giratina\n|-damage|p2a: Giratina|61\/100\n|move|p2a: Giratina|Will-O-Wisp|p1a: Regieleki\n|-status|p1a: Regieleki|brn\n|\n|-damage|p1a: Regieleki|82\/100 brn|[from] brn\n|upkeep\n|turn|12\n|\n|t:|1700955631\n|switch|p2a: Clodsire|Clodsire, M|86\/100\n|move|p1a: Regieleki|Tera Blast|p2a: Clodsire|[anim] Tera Blast Ice\n|-supereffective|p2a: Clodsire\n|-damage|p2a: Clodsire|57\/100\n|\n|-damage|p1a: Regieleki|76\/100 brn|[from] brn\n|upkeep\n|turn|13\n|inactive|AtomBomb69 has 120 seconds left.\n|\n|t:|1700955651\n|move|p1a: Regieleki|Rapid Spin|p2a: Clodsire\n|-damage|p2a: Clodsire|52\/100\n|-boost|p1a: Regieleki|spe|1\n|-sideend|p1: AtomBomb69|Spikes|[from] move: Rapid Spin|[of] p1a: Regieleki\n|move|p2a: Clodsire|Recover|p2a: Clodsire\n|-heal|p2a: Clodsire|100\/100\n|\n|-damage|p1a: Regieleki|70\/100 brn|[from] brn\n|upkeep\n|turn|14\n|inactive|AtomBomb69 has 120 seconds left.\n|\n|t:|1700955661\n|switch|p1a: Regidrago|Regidrago, shiny|100\/100\n|move|p2a: Clodsire|Spikes|p1a: Regidrago\n|-sidestart|p1: AtomBomb69|Spikes\n|\n|upkeep\n|turn|15\n|\n|t:|1700955670\n|move|p1a: Regidrago|Dragon Energy|p2a: Clodsire\n|-damage|p2a: Clodsire|51\/100\n|move|p2a: Clodsire|Toxic|p1a: Regidrago\n|-status|p1a: Regidrago|tox\n|\n|-damage|p1a: Regidrago|94\/100 tox|[from] psn\n|upkeep\n|turn|16\n|\n|t:|1700955680\n|switch|p1a: Zamazenta|Zamazenta-Crowned|100\/100\n|-damage|p1a: Zamazenta|88\/100|[from] Spikes\n|-ability|p1a: Zamazenta|Dauntless Shield|boost\n|-boost|p1a: Zamazenta|def|1\n|switch|p2a: Zacian|Zacian-Crowned|100\/100\n|-ability|p2a: Zacian|Intrepid Sword|boost\n|-boost|p2a: Zacian|atk|1\n|\n|-sideend|p1: AtomBomb69|Reflect\n|upkeep\n|turn|17\n|\n|t:|1700955693\n|move|p2a: Zacian|Swords Dance|p2a: Zacian\n|-boost|p2a: Zacian|atk|2\n|move|p1a: Zamazenta|Iron Defense|p1a: Zamazenta\n|-boost|p1a: Zamazenta|def|2\n|\n|-sideend|p1: AtomBomb69|move: Light Screen\n|upkeep\n|turn|18\n|\n|t:|1700955703\n|switch|p2a: Giratina|Giratina-Origin|61\/100\n|move|p1a: Zamazenta|Body Press|p2a: Giratina\n|-immune|p2a: Giratina\n|\n|upkeep\n|turn|19\n|\n|t:|1700955709\n|move|p1a: Zamazenta|Crunch|p2a: Giratina\n|-supereffective|p2a: Giratina\n|-damage|p2a: Giratina|17\/100\n|move|p2a: Giratina|Will-O-Wisp|p1a: Zamazenta\n|-status|p1a: Zamazenta|brn\n|\n|-damage|p1a: Zamazenta|82\/100 brn|[from] brn\n|upkeep\n|turn|20\n|\n|t:|1700955732\n|switch|p2a: Gliscor|Gliscor, M|76\/100 brn\n|move|p1a: Zamazenta|Crunch|p2a: Gliscor\n|-damage|p2a: Gliscor|67\/100 brn\n|\n|-damage|p1a: Zamazenta|76\/100 brn|[from] brn\n|-damage|p2a: Gliscor|61\/100 brn|[from] brn\n|upkeep\n|turn|21\n|\n|t:|1700955741\n|move|p1a: Zamazenta|Body Press|p2a: Gliscor\n|-resisted|p2a: Gliscor\n|-damage|p2a: Gliscor|47\/100 brn\n|move|p2a: Gliscor|Taunt|p1a: Zamazenta\n|-start|p1a: Zamazenta|move: Taunt\n|\n|-damage|p1a: Zamazenta|70\/100 brn|[from] brn\n|-damage|p2a: Gliscor|40\/100 brn|[from] brn\n|upkeep\n|turn|22\n|\n|t:|1700955751\n|move|p2a: Gliscor|Protect|p2a: Gliscor\n|-singleturn|p2a: Gliscor|Protect\n|move|p1a: Zamazenta|Behemoth Bash|p2a: Gliscor\n|-activate|p2a: Gliscor|move: Protect\n|\n|-damage|p1a: Zamazenta|63\/100 brn|[from] brn\n|-damage|p2a: Gliscor|34\/100 brn|[from] brn\n|upkeep\n|turn|23\n|\n|t:|1700955763\n|switch|p2a: Arceus|Arceus-Water|100\/100\n|move|p1a: Zamazenta|Behemoth Bash|p2a: Arceus\n|-resisted|p2a: Arceus\n|-damage|p2a: Arceus|94\/100\n|\n|-damage|p1a: Zamazenta|57\/100 brn|[from] brn\n|upkeep\n|turn|24\n|\n|t:|1700955773\n|-terastallize|p2a: Arceus|Poison\n|move|p2a: Arceus|Calm Mind|p2a: Arceus\n|-boost|p2a: Arceus|spa|1\n|-boost|p2a: Arceus|spd|1\n|move|p1a: Zamazenta|Body Press|p2a: Arceus\n|-resisted|p2a: Arceus\n|-damage|p2a: Arceus|81\/100\n|\n|-damage|p1a: Zamazenta|51\/100 brn|[from] brn\n|-end|p1a: Zamazenta|move: Taunt\n|upkeep\n|turn|25\n|\n|t:|1700955785\n|move|p2a: Arceus|Calm Mind|p2a: Arceus\n|-boost|p2a: Arceus|spa|1\n|-boost|p2a: Arceus|spd|1\n|move|p1a: Zamazenta|Body Press|p2a: Arceus\n|-resisted|p2a: Arceus\n|-damage|p2a: Arceus|71\/100\n|\n|-damage|p1a: Zamazenta|45\/100 brn|[from] brn\n|upkeep\n|turn|26\n|\n|t:|1700955799\n|move|p2a: Arceus|Calm Mind|p2a: Arceus\n|-boost|p2a: Arceus|spa|1\n|-boost|p2a: Arceus|spd|1\n|move|p1a: Zamazenta|Body Press|p2a: Arceus\n|-resisted|p2a: Arceus\n|-damage|p2a: Arceus|59\/100\n|\n|-damage|p1a: Zamazenta|39\/100 brn|[from] brn\n|upkeep\n|turn|27\n|\n|t:|1700955809\n|move|p2a: Arceus|Calm Mind|p2a: Arceus\n|-boost|p2a: Arceus|spa|1\n|-boost|p2a: Arceus|spd|1\n|move|p1a: Zamazenta|Body Press|p2a: Arceus\n|-resisted|p2a: Arceus\n|-damage|p2a: Arceus|47\/100\n|\n|-damage|p1a: Zamazenta|32\/100 brn|[from] brn\n|upkeep\n|turn|28\n|\n|t:|1700955818\n|move|p2a: Arceus|Recover|p2a: Arceus\n|-heal|p2a: Arceus|97\/100\n|move|p1a: Zamazenta|Behemoth Bash|p2a: Arceus\n|-damage|p2a: Arceus|83\/100\n|\n|-damage|p1a: Zamazenta|26\/100 brn|[from] brn\n|upkeep\n|turn|29\n|\n|t:|1700955830\n|switch|p1a: Regieleki|Regieleki, shiny, tera:Ice|70\/100 brn\n|-damage|p1a: Regieleki|57\/100 brn|[from] Spikes\n|move|p2a: Arceus|Calm Mind|p2a: Arceus\n|-boost|p2a: Arceus|spa|1\n|-boost|p2a: Arceus|spd|1\n|\n|-damage|p1a: Regieleki|51\/100 brn|[from] brn\n|upkeep\n|turn|30\n|\n|t:|1700955839\n|move|p1a: Regieleki|Light Screen|p1a: Regieleki\n|-sidestart|p1: AtomBomb69|move: Light Screen\n|move|p2a: Arceus|Calm Mind|p2a: Arceus\n|-boost|p2a: Arceus|spa|1\n|-boost|p2a: Arceus|spd|1\n|\n|-damage|p1a: Regieleki|45\/100 brn|[from] brn\n|upkeep\n|turn|31\n|\n|t:|1700955847\n|move|p1a: Regieleki|Rapid Spin|p2a: Arceus\n|-damage|p2a: Arceus|80\/100\n|-boost|p1a: Regieleki|spe|1\n|-sideend|p1: AtomBomb69|Spikes|[from] move: Rapid Spin|[of] p1a: Regieleki\n|move|p2a: Arceus|Judgment|p1a: Regieleki\n|-damage|p1a: Regieleki|0 fnt\n|faint|p1a: Regieleki\n|\n|upkeep\n|\n|t:|1700955860\n|switch|p1a: Regidrago|Regidrago, shiny|94\/100 tox\n|turn|32\n|\n|t:|1700955865\n|move|p1a: Regidrago|Dragon Energy|p2a: Arceus\n|-damage|p2a: Arceus|65\/100\n|move|p2a: Arceus|Ice Beam|p1a: Regidrago\n|-supereffective|p1a: Regidrago\n|-damage|p1a: Regidrago|0 fnt\n|faint|p1a: Regidrago\n|\n|upkeep\n|\n|t:|1700955874\n|switch|p1a: Raiden|Miraidon|100\/100\n|-fieldstart|move: Electric Terrain|[from] ability: Hadron Engine|[of] p1a: Raiden\n|turn|33\n|\n|t:|1700955880\n|move|p1a: Raiden|Electro Drift|p2a: Arceus\n|-damage|p2a: Arceus|46\/100\n|move|p2a: Arceus|Recover|p2a: Arceus\n|-heal|p2a: Arceus|96\/100\n|\n|upkeep\n|turn|34\n|\n|t:|1700955888\n|move|p1a: Raiden|Electro Drift|p2a: Arceus\n|-damage|p2a: Arceus|79\/100\n|move|p2a: Arceus|Ice Beam|p1a: Raiden\n|-supereffective|p1a: Raiden\n|-damage|p1a: Raiden|20\/100\n|-status|p1a: Raiden|frz\n|\n|upkeep\n|turn|35\n|\n|t:|1700955900\n|cant|p1a: Raiden|frz\n|move|p2a: Arceus|Ice Beam|p1a: Raiden\n|-supereffective|p1a: Raiden\n|-damage|p1a: Raiden|0 fnt\n|faint|p1a: Raiden\n|\n|upkeep\n|\n|t:|1700955908\n|switch|p1a: Zamazenta|Zamazenta-Crowned|26\/100 brn\n|turn|36\n|\n|t:|1700955914\n|move|p2a: Arceus|Recover|p2a: Arceus\n|-heal|p2a: Arceus|100\/100\n|move|p1a: Zamazenta|Body Press|p2a: Arceus\n|-resisted|p2a: Arceus\n|-damage|p2a: Arceus|96\/100\n|\n|-damage|p1a: Zamazenta|20\/100 brn|[from] brn\n|upkeep\n|turn|37\n|\n|t:|1700955923\n|move|p2a: Arceus|Judgment|p1a: Zamazenta\n|-damage|p1a: Zamazenta|0 fnt\n|faint|p1a: Zamazenta\n|\n|-sideend|p1: AtomBomb69|move: Light Screen\n|-fieldend|move: Electric Terrain\n|upkeep\n|\n|t:|1700955930\n|switch|p1a: Kingambit|Kingambit, F, shiny|100\/100\n|-activate|p1a: Kingambit|ability: Supreme Overlord\n|-start|p1a: Kingambit|fallen5|[silent]\n|turn|38\n|\n|t:|1700955934\n|move|p2a: Arceus|Judgment|p1a: Kingambit\n|-enditem|p1a: Kingambit|Focus Sash\n|-damage|p1a: Kingambit|1\/100\n|move|p1a: Kingambit|Swords Dance|p1a: Kingambit\n|-boost|p1a: Kingambit|atk|2\n|\n|upkeep\n|turn|39\n|\n|t:|1700955955\n|move|p1a: Kingambit|Sucker Punch||[still]\n|-fail|p1a: Kingambit\n|move|p2a: Arceus|Calm Mind|p2a: Arceus\n|-boost|p2a: Arceus|spa|0\n|-boost|p2a: Arceus|spd|0\n|\n|upkeep\n|turn|40\n|\n|t:|1700955962\n|move|p2a: Arceus|Judgment|p1a: Kingambit\n|-damage|p1a: Kingambit|0 fnt\n|faint|p1a: Kingambit\n|-end|p1a: Kingambit|fallen5|[silent]\n|\n|win|harrimarron 2\n|raw|AtomBomb69's rating: 1325 &rarr; <strong>1303<\/strong><br \/>(-22 for losing)\n|raw|harrimarron 2's rating: 1282 &rarr; <strong>1310<\/strong><br \/>(+28 for winning)\n|l|\u2606AtomBomb69\n","uploadtime":1700956032,"views":1,"p1id":"atombomb69","p2id":"harrimarron2","formatid":"gen9ubers","rating":1303,"private":0,"password":""}