{"id":"gen9ubers-1987126250","p1":"deskeedee(alt)","p2":"TheCareBearManiac","format":"[Gen 9] Ubers","log":"|j|\u2606deskeedee(alt)\n|j|\u2606TheCareBearManiac\n|inactive|Battle timer is ON: inactive players will automatically lose when time's up.\n|t:|1699558217\n|gametype|singles\n|player|p1|deskeedee(alt)|cynthia-masters|\n|player|p2|TheCareBearManiac|iono|\n|teamsize|p1|6\n|teamsize|p2|6\n|gen|9\n|tier|[Gen 9] Ubers\n|rated|Tournament battle\n|rule|Sleep Clause Mod: Limit one foe put to sleep\n|rule|Species Clause: Limit one of each Pok\u00e9mon\n|rule|OHKO Clause: OHKO moves are banned\n|rule|Evasion Items Clause: Evasion items are banned\n|rule|Evasion Moves Clause: Evasion moves are banned\n|rule|Endless Battle Clause: Forcing endless battles is banned\n|rule|HP Percentage Mod: HP is shown in percentages\n|clearpoke\n|poke|p1|Corviknight, F|\n|poke|p1|Ting-Lu|\n|poke|p1|Skeledirge, M|\n|poke|p1|Blissey, F|\n|poke|p1|Miraidon|\n|poke|p1|Gothitelle, F|\n|poke|p2|Palafin, M|\n|poke|p2|Espathra, F|\n|poke|p2|Zacian-*|\n|poke|p2|Arceus-Steel|\n|poke|p2|Ting-Lu|\n|poke|p2|Skeledirge, F|\n|teampreview\n|j|*Lady Monita \u263d\n|inactive|deskeedee(alt) also wants the timer to be on.\n|\n|t:|1699558230\n|start\n|switch|p1a: Ting-Lu|Ting-Lu|100\/100\n|switch|p2a: Ting-Lu|Ting-Lu|100\/100\n|-ability|p2a: Ting-Lu|Vessel of Ruin\n|-ability|p1a: Ting-Lu|Vessel of Ruin\n|turn|1\n|\n|t:|1699558238\n|move|p2a: Ting-Lu|Stealth Rock|p1a: Ting-Lu\n|-sidestart|p1: deskeedee(alt)|move: Stealth Rock\n|move|p1a: Ting-Lu|Spikes|p2a: Ting-Lu\n|-sidestart|p2: TheCareBearManiac|Spikes\n|\n|upkeep\n|turn|2\n|\n|t:|1699558243\n|move|p2a: Ting-Lu|Spikes|p1a: Ting-Lu\n|-sidestart|p1: deskeedee(alt)|Spikes\n|move|p1a: Ting-Lu|Spikes|p2a: Ting-Lu\n|-sidestart|p2: TheCareBearManiac|Spikes\n|\n|upkeep\n|turn|3\n|\n|t:|1699558250\n|move|p1a: Ting-Lu|Spikes|p2a: Ting-Lu\n|-sidestart|p2: TheCareBearManiac|Spikes\n|move|p2a: Ting-Lu|Whirlwind|p1a: Ting-Lu\n|drag|p1a: Corviknight|Corviknight, F|100\/100\n|-damage|p1a: Corviknight|88\/100|[from] Stealth Rock\n|-ability|p1a: Corviknight|Pressure\n|\n|upkeep\n|turn|4\n|\n|t:|1699558257\n|move|p1a: Corviknight|Body Press|p2a: Ting-Lu\n|-supereffective|p2a: Ting-Lu\n|-damage|p2a: Ting-Lu|74\/100\n|move|p2a: Ting-Lu|Whirlwind|p1a: Corviknight\n|drag|p1a: Gothitelle|Gothitelle, F|100\/100\n|-damage|p1a: Gothitelle|88\/100|[from] Stealth Rock\n|-damage|p1a: Gothitelle|76\/100|[from] Spikes\n|\n|-heal|p2a: Ting-Lu|81\/100|[from] item: Leftovers\n|upkeep\n|turn|5\n|\n|t:|1699558270\n|move|p1a: Gothitelle|Trick|p2a: Ting-Lu\n|-activate|p1a: Gothitelle|move: Trick|[of] p2a: Ting-Lu\n|-item|p2a: Ting-Lu|Choice Specs|[from] move: Trick\n|-item|p1a: Gothitelle|Leftovers|[from] move: Trick\n|move|p2a: Ting-Lu|Whirlwind|p1a: Gothitelle\n|drag|p1a: Skeledirge|Skeledirge, M|100\/100\n|\n|upkeep\n|turn|6\n|\n|t:|1699558287\n|move|p1a: Skeledirge|Will-O-Wisp|p2a: Ting-Lu\n|-status|p2a: Ting-Lu|brn\n|move|p2a: Ting-Lu|Whirlwind|p1a: Skeledirge\n|drag|p1a: Corviknight|Corviknight, F|88\/100\n|-damage|p1a: Corviknight|75\/100|[from] Stealth Rock\n|-ability|p1a: Corviknight|Pressure\n|\n|-damage|p2a: Ting-Lu|74\/100 brn|[from] brn\n|upkeep\n|turn|7\n|\n|t:|1699558299\n|move|p1a: Corviknight|Body Press|p2a: Ting-Lu\n|-supereffective|p2a: Ting-Lu\n|-damage|p2a: Ting-Lu|50\/100 brn\n|move|p2a: Ting-Lu|Whirlwind|p1a: Corviknight\n|drag|p1a: Ting-Lu|Ting-Lu|100\/100\n|-damage|p1a: Ting-Lu|94\/100|[from] Stealth Rock\n|-damage|p1a: Ting-Lu|82\/100|[from] Spikes\n|-ability|p1a: Ting-Lu|Vessel of Ruin\n|\n|-heal|p1a: Ting-Lu|88\/100|[from] item: Leftovers\n|-damage|p2a: Ting-Lu|44\/100 brn|[from] brn\n|upkeep\n|turn|8\n|\n|t:|1699558307\n|move|p1a: Ting-Lu|Earthquake|p2a: Ting-Lu\n|-damage|p2a: Ting-Lu|26\/100 brn\n|move|p2a: Ting-Lu|Whirlwind|p1a: Ting-Lu\n|drag|p1a: Miraidon|Miraidon|100\/100\n|-damage|p1a: Miraidon|88\/100|[from] Stealth Rock\n|-damage|p1a: Miraidon|76\/100|[from] Spikes\n|-fieldstart|move: Electric Terrain|[from] ability: Hadron Engine|[of] p1a: Miraidon\n|\n|-damage|p2a: Ting-Lu|19\/100 brn|[from] brn\n|upkeep\n|turn|9\n|\n|t:|1699558335\n|move|p1a: Miraidon|U-turn|p2a: Ting-Lu\n|-supereffective|p2a: Ting-Lu\n|-damage|p2a: Ting-Lu|8\/100 brn\n|\n|t:|1699558342\n|switch|p1a: Corviknight|Corviknight, F|75\/100|[from] U-turn\n|-damage|p1a: Corviknight|63\/100|[from] Stealth Rock\n|-ability|p1a: Corviknight|Pressure\n|move|p2a: Ting-Lu|Whirlwind|p1a: Corviknight\n|drag|p1a: Skeledirge|Skeledirge, M|100\/100\n|\n|-damage|p2a: Ting-Lu|1\/100 brn|[from] brn\n|upkeep\n|turn|10\n|\n|t:|1699558353\n|move|p1a: Skeledirge|Torch Song|p2a: Ting-Lu\n|-damage|p2a: Ting-Lu|0 fnt\n|-boost|p1a: Skeledirge|spa|1\n|faint|p2a: Ting-Lu\n|\n|upkeep\n|\n|t:|1699558357\n|switch|p2a: Palafin|Palafin, M|100\/100\n|-damage|p2a: Palafin|76\/100|[from] Spikes\n|turn|11\n|\n|t:|1699558363\n|-terastallize|p1a: Skeledirge|Water\n|move|p2a: Palafin|Wave Crash|p1a: Skeledirge\n|-resisted|p1a: Skeledirge\n|-damage|p1a: Skeledirge|83\/100\n|-damage|p2a: Palafin|69\/100|[from] Recoil\n|move|p1a: Skeledirge|Will-O-Wisp|p2a: Palafin\n|-status|p2a: Palafin|brn\n|\n|-damage|p2a: Palafin|62\/100 brn|[from] brn\n|upkeep\n|turn|12\n|\n|t:|1699558384\n|detailschange|p2a: Palafin|Palafin-Hero, M\n|switch|p2a: Skeledirge|Skeledirge, F|100\/100\n|move|p1a: Skeledirge|Earth Power|p2a: Skeledirge\n|-supereffective|p2a: Skeledirge\n|-damage|p2a: Skeledirge|64\/100\n|\n|-fieldend|move: Electric Terrain\n|upkeep\n|turn|13\n|\n|t:|1699558397\n|move|p1a: Skeledirge|Earth Power|p2a: Skeledirge\n|-supereffective|p2a: Skeledirge\n|-damage|p2a: Skeledirge|26\/100\n|move|p2a: Skeledirge|Torch Song|p1a: Skeledirge\n|-resisted|p1a: Skeledirge\n|-damage|p1a: Skeledirge|67\/100\n|-boost|p2a: Skeledirge|spa|1\n|\n|upkeep\n|turn|14\n|\n|t:|1699558405\n|-terastallize|p2a: Skeledirge|Fairy\n|move|p1a: Skeledirge|Earth Power|p2a: Skeledirge\n|-damage|p2a: Skeledirge|8\/100\n|-unboost|p2a: Skeledirge|spd|1\n|move|p2a: Skeledirge|Slack Off|p2a: Skeledirge\n|-heal|p2a: Skeledirge|58\/100\n|\n|upkeep\n|turn|15\n|\n|t:|1699558418\n|move|p2a: Skeledirge|Will-O-Wisp|p1a: Skeledirge\n|-status|p1a: Skeledirge|brn\n|move|p1a: Skeledirge|Earth Power|p2a: Skeledirge\n|-damage|p2a: Skeledirge|41\/100\n|-unboost|p2a: Skeledirge|spd|1\n|\n|-damage|p1a: Skeledirge|61\/100 brn|[from] brn\n|upkeep\n|turn|16\n|\n|t:|1699558437\n|move|p2a: Skeledirge|Slack Off|p2a: Skeledirge\n|-heal|p2a: Skeledirge|91\/100\n|move|p1a: Skeledirge|Earth Power|p2a: Skeledirge\n|-damage|p2a: Skeledirge|73\/100\n|-unboost|p2a: Skeledirge|spd|1\n|\n|-damage|p1a: Skeledirge|55\/100 brn|[from] brn\n|upkeep\n|turn|17\n|\n|t:|1699558450\n|move|p2a: Skeledirge|Hex|p1a: Skeledirge\n|-damage|p1a: Skeledirge|5\/100 brn\n|move|p1a: Skeledirge|Earth Power|p2a: Skeledirge\n|-damage|p2a: Skeledirge|55\/100\n|\n|-damage|p1a: Skeledirge|0 fnt|[from] brn\n|faint|p1a: Skeledirge\n|upkeep\n|j| Bakonlikescufant\n|\n|t:|1699558470\n|switch|p1a: Blissey|Blissey, F|100\/100\n|turn|18\n|\n|t:|1699558479\n|switch|p2a: Palafin|Palafin-Hero, M|62\/100 brn\n|-damage|p2a: Palafin|38\/100 brn|[from] Spikes\n|-activate|p2a: Palafin|ability: Zero to Hero\n|move|p1a: Blissey|Thunder Wave||[still]\n|-fail|p1a: Blissey\n|\n|-damage|p2a: Palafin|31\/100 brn|[from] brn\n|upkeep\n|turn|19\n|\n|t:|1699558490\n|switch|p1a: Ting-Lu|Ting-Lu|88\/100\n|-damage|p1a: Ting-Lu|82\/100|[from] Stealth Rock\n|-damage|p1a: Ting-Lu|69\/100|[from] Spikes\n|-ability|p1a: Ting-Lu|Vessel of Ruin\n|move|p2a: Palafin|Close Combat|p1a: Ting-Lu\n|-supereffective|p1a: Ting-Lu\n|-damage|p1a: Ting-Lu|31\/100\n|-unboost|p2a: Palafin|def|1\n|-unboost|p2a: Palafin|spd|1\n|\n|-heal|p1a: Ting-Lu|37\/100|[from] item: Leftovers\n|-damage|p2a: Palafin|25\/100 brn|[from] brn\n|upkeep\n|turn|20\n|\n|t:|1699558503\n|move|p1a: Ting-Lu|Protect|p1a: Ting-Lu\n|-singleturn|p1a: Ting-Lu|Protect\n|move|p2a: Palafin|Close Combat|p1a: Ting-Lu\n|-activate|p1a: Ting-Lu|move: Protect\n|\n|-heal|p1a: Ting-Lu|44\/100|[from] item: Leftovers\n|-damage|p2a: Palafin|19\/100 brn|[from] brn\n|upkeep\n|turn|21\n|j| the pokemon dad\n|\n|t:|1699558517\n|move|p1a: Ting-Lu|Protect|p1a: Ting-Lu\n|-singleturn|p1a: Ting-Lu|Protect\n|move|p2a: Palafin|Close Combat|p1a: Ting-Lu\n|-activate|p1a: Ting-Lu|move: Protect\n|\n|-heal|p1a: Ting-Lu|50\/100|[from] item: Leftovers\n|-damage|p2a: Palafin|13\/100 brn|[from] brn\n|upkeep\n|turn|22\n|\n|t:|1699558528\n|switch|p1a: Corviknight|Corviknight, F|63\/100\n|-damage|p1a: Corviknight|50\/100|[from] Stealth Rock\n|-ability|p1a: Corviknight|Pressure\n|move|p2a: Palafin|Close Combat|p1a: Corviknight\n|-damage|p1a: Corviknight|27\/100\n|-unboost|p2a: Palafin|def|1\n|-unboost|p2a: Palafin|spd|1\n|-damage|p2a: Palafin|0 fnt|[from] item: Rocky Helmet|[of] p1a: Corviknight\n|faint|p2a: Palafin\n|\n|upkeep\n|\n|t:|1699558537\n|switch|p2a: Skeledirge|Skeledirge, F, tera:Fairy|55\/100\n|turn|23\n|\n|t:|1699558558\n|move|p1a: Corviknight|U-turn|p2a: Skeledirge\n|-resisted|p2a: Skeledirge\n|-damage|p2a: Skeledirge|50\/100\n|\n|t:|1699558563\n|switch|p1a: Miraidon|Miraidon|76\/100|[from] U-turn\n|-damage|p1a: Miraidon|64\/100|[from] Stealth Rock\n|-damage|p1a: Miraidon|51\/100|[from] Spikes\n|-fieldstart|move: Electric Terrain|[from] ability: Hadron Engine|[of] p1a: Miraidon\n|move|p2a: Skeledirge|Torch Song|p1a: Miraidon\n|-resisted|p1a: Miraidon\n|-damage|p1a: Miraidon|39\/100\n|-boost|p2a: Skeledirge|spa|1\n|\n|upkeep\n|turn|24\n|\n|t:|1699558577\n|move|p1a: Miraidon|Electro Drift|p2a: Skeledirge\n|-damage|p2a: Skeledirge|0 fnt\n|faint|p2a: Skeledirge\n|\n|upkeep\n|\n|t:|1699558588\n|switch|p2a: Zacian|Zacian-Crowned|100\/100\n|-damage|p2a: Zacian|76\/100|[from] Spikes\n|-ability|p2a: Zacian|Intrepid Sword|boost\n|-boost|p2a: Zacian|atk|1\n|turn|25\n|\n|t:|1699558596\n|move|p1a: Miraidon|Electro Drift|p2a: Zacian\n|-damage|p2a: Zacian|0 fnt\n|faint|p2a: Zacian\n|\n|upkeep\n|\n|t:|1699558600\n|switch|p2a: Espathra|Espathra, F|100\/100\n|-damage|p2a: Espathra|76\/100|[from] Spikes\n|turn|26\n|\n|t:|1699558606\n|move|p2a: Espathra|Protect|p2a: Espathra\n|-singleturn|p2a: Espathra|Protect\n|move|p1a: Miraidon|Electro Drift|p2a: Espathra\n|-activate|p2a: Espathra|move: Protect\n|\n|-heal|p2a: Espathra|82\/100|[from] item: Leftovers\n|-ability|p2a: Espathra|Speed Boost|boost\n|-boost|p2a: Espathra|spe|1\n|upkeep\n|turn|27\n|\n|t:|1699558613\n|move|p2a: Espathra|Protect||[still]\n|-fail|p2a: Espathra\n|move|p1a: Miraidon|Electro Drift|p2a: Espathra\n|-damage|p2a: Espathra|0 fnt\n|faint|p2a: Espathra\n|\n|-fieldend|move: Electric Terrain\n|upkeep\n|\n|t:|1699558616\n|switch|p2a: Arceus|Arceus-Steel|100\/100\n|-damage|p2a: Arceus|76\/100|[from] Spikes\n|turn|28\n|\n|t:|1699558629\n|move|p1a: Miraidon|Electro Drift|p2a: Arceus\n|-damage|p2a: Arceus|35\/100\n|move|p2a: Arceus|Calm Mind|p2a: Arceus\n|-boost|p2a: Arceus|spa|1\n|-boost|p2a: Arceus|spd|1\n|\n|upkeep\n|turn|29\n|\n|t:|1699558635\n|move|p1a: Miraidon|Electro Drift|p2a: Arceus\n|-damage|p2a: Arceus|10\/100\n|move|p2a: Arceus|Rest|p2a: Arceus\n|-status|p2a: Arceus|slp|[from] move: Rest\n|-heal|p2a: Arceus|100\/100 slp|[silent]\n|\n|upkeep\n|turn|30\n|\n|t:|1699558649\n|switch|p1a: Blissey|Blissey, F|100\/100\n|cant|p2a: Arceus|slp\n|\n|upkeep\n|turn|31\n|c| Bakonlikescufant|Resteus wth\n|\n|t:|1699558657\n|cant|p2a: Arceus|slp\n|move|p1a: Blissey|Seismic Toss|p2a: Arceus\n|-damage|p2a: Arceus|74\/100 slp\n|\n|upkeep\n|turn|32\n|\n|t:|1699558663\n|-curestatus|p2a: Arceus|slp|[msg]\n|move|p2a: Arceus|Iron Defense|p2a: Arceus\n|-boost|p2a: Arceus|def|2\n|move|p1a: Blissey|Seismic Toss|p2a: Arceus\n|-damage|p2a: Arceus|48\/100\n|\n|upkeep\n|turn|33\n|\n|t:|1699558672\n|move|p2a: Arceus|Calm Mind|p2a: Arceus\n|-boost|p2a: Arceus|spa|1\n|-boost|p2a: Arceus|spd|1\n|move|p1a: Blissey|Seismic Toss|p2a: Arceus\n|-damage|p2a: Arceus|22\/100\n|\n|upkeep\n|turn|34\n|\n|t:|1699558683\n|move|p2a: Arceus|Rest|p2a: Arceus\n|-status|p2a: Arceus|slp|[from] move: Rest\n|-heal|p2a: Arceus|100\/100 slp|[silent]\n|move|p1a: Blissey|Seismic Toss|p2a: Arceus\n|-damage|p2a: Arceus|74\/100 slp\n|\n|upkeep\n|turn|35\n|\n|t:|1699558699\n|cant|p2a: Arceus|slp\n|move|p1a: Blissey|Seismic Toss|p2a: Arceus\n|-damage|p2a: Arceus|48\/100 slp\n|\n|upkeep\n|turn|36\n|\n|t:|1699558706\n|cant|p2a: Arceus|slp\n|move|p1a: Blissey|Seismic Toss|p2a: Arceus\n|-damage|p2a: Arceus|22\/100 slp\n|\n|upkeep\n|turn|37\n|\n|t:|1699558717\n|-curestatus|p2a: Arceus|slp|[msg]\n|move|p2a: Arceus|Rest|p2a: Arceus\n|-status|p2a: Arceus|slp|[from] move: Rest\n|-heal|p2a: Arceus|100\/100 slp|[silent]\n|move|p1a: Blissey|Seismic Toss|p2a: Arceus\n|-damage|p2a: Arceus|74\/100 slp\n|\n|upkeep\n|turn|38\n|c|\u2606deskeedee(alt)|Sisyphus moment\n|\n|t:|1699558736\n|cant|p2a: Arceus|slp\n|move|p1a: Blissey|Seismic Toss|p2a: Arceus\n|-damage|p2a: Arceus|48\/100 slp\n|\n|upkeep\n|turn|39\n|\n|t:|1699558743\n|cant|p2a: Arceus|slp\n|move|p1a: Blissey|Seismic Toss|p2a: Arceus\n|-damage|p2a: Arceus|22\/100 slp\n|\n|upkeep\n|turn|40\n|\n|t:|1699558760\n|-curestatus|p2a: Arceus|slp|[msg]\n|move|p2a: Arceus|Rest|p2a: Arceus\n|-status|p2a: Arceus|slp|[from] move: Rest\n|-heal|p2a: Arceus|100\/100 slp|[silent]\n|move|p1a: Blissey|Seismic Toss|p2a: Arceus\n|-damage|p2a: Arceus|74\/100 slp\n|\n|upkeep\n|turn|41\n|\n|t:|1699558775\n|cant|p2a: Arceus|slp\n|move|p1a: Blissey|Shadow Ball|p2a: Arceus\n|-damage|p2a: Arceus|68\/100 slp\n|\n|upkeep\n|turn|42\n|\n|t:|1699558782\n|cant|p2a: Arceus|slp\n|move|p1a: Blissey|Shadow Ball|p2a: Arceus\n|-damage|p2a: Arceus|64\/100 slp\n|\n|upkeep\n|turn|43\n|\n|t:|1699558790\n|-curestatus|p2a: Arceus|slp|[msg]\n|move|p2a: Arceus|Calm Mind|p2a: Arceus\n|-boost|p2a: Arceus|spa|1\n|-boost|p2a: Arceus|spd|1\n|move|p1a: Blissey|Seismic Toss|p2a: Arceus\n|-damage|p2a: Arceus|38\/100\n|\n|upkeep\n|turn|44\n|\n|t:|1699558800\n|move|p2a: Arceus|Calm Mind|p2a: Arceus\n|-boost|p2a: Arceus|spa|1\n|-boost|p2a: Arceus|spd|1\n|move|p1a: Blissey|Seismic Toss|p2a: Arceus\n|-damage|p2a: Arceus|11\/100\n|\n|upkeep\n|turn|45\n|\n|t:|1699558818\n|switch|p1a: Miraidon|Miraidon|39\/100\n|-damage|p1a: Miraidon|26\/100|[from] Stealth Rock\n|-damage|p1a: Miraidon|14\/100|[from] Spikes\n|-fieldstart|move: Electric Terrain|[from] ability: Hadron Engine|[of] p1a: Miraidon\n|move|p2a: Arceus|Rest||[still]\n|-activate|p2a: Arceus|move: Electric Terrain\n|-fail|p2a: Arceus\n|\n|upkeep\n|turn|46\n|\n|t:|1699558829\n|move|p1a: Miraidon|Overheat|p2a: Arceus\n|-supereffective|p2a: Arceus\n|-damage|p2a: Arceus|0 fnt\n|-unboost|p1a: Miraidon|spa|2\n|faint|p2a: Arceus\n|\n|win|deskeedee(alt)\n|n|\u2606deskeedee(alt)|deskeedeealt\n|n|\u2606TheCareBearManiac|thecarebearmaniac\n|n|*Lady Monita \u263d|ladymonita\n|n| Bakonlikescufant|bakonlikescufant\n|n| the pokemon dad|thepokemondad\n|l|*Lady Monita \u263d\n|c|\u2606deskeedee(alt)|ggs\n|l|\u2606TheCareBearManiac\n","uploadtime":1699558839,"views":6,"p1id":"deskeedeealt","p2id":"thecarebearmaniac","formatid":"gen9ubers","rating":0,"private":0,"password":""}