{"id":"gen9ubers-1976298153","p1":"bsball8806","p2":"Seior","format":"[Gen 9] Ubers","log":"|j|\u2606bsball8806\n|j|\u2606Seior\n|t:|1698283704\n|gametype|singles\n|player|p1|bsball8806|marlon|\n|player|p2|Seior|carmine|\n|teamsize|p1|6\n|teamsize|p2|6\n|gen|9\n|tier|[Gen 9] Ubers\n|rule|Sleep Clause Mod: Limit one foe put to sleep\n|rule|Species Clause: Limit one of each Pok\u00e9mon\n|rule|OHKO Clause: OHKO moves are banned\n|rule|Evasion Items Clause: Evasion items are banned\n|rule|Evasion Moves Clause: Evasion moves are banned\n|rule|Endless Battle Clause: Forcing endless battles is banned\n|rule|HP Percentage Mod: HP is shown in percentages\n|clearpoke\n|poke|p1|Dragapult, F|\n|poke|p1|Cinderace, F|\n|poke|p1|Zarude|\n|poke|p1|Fezandipiti, M|\n|poke|p1|Corviknight, M|\n|poke|p1|Quagsire, M|\n|poke|p2|Ninetales-Alola, F|\n|poke|p2|Annihilape, M|\n|poke|p2|Braviary-Hisui, M|\n|poke|p2|Dedenne, M|\n|poke|p2|Weezing, M|\n|poke|p2|Sandslash-Alola, M|\n|teampreview\n|j| NEdgyman\n|j| Mr. Cip\n|c| NEdgyman|oh hell no he brought the mouse\n|c| Mr. Cip|based\n|j| TheJuicyJake\n|\n|t:|1698283791\n|start\n|switch|p1a: Cinderace|Cinderace, F|100\/100\n|switch|p2a: Gastrodon-Mid Form|Dedenne, M, shiny|100\/100\n|turn|1\n|l| TheJuicyJake\n|c| NEdgyman|what da mouse doin\n|\n|t:|1698283839\n|switch|p2a: Weezing|Weezing, M, shiny|100\/100\n|move|p1a: Cinderace|Pyro Ball|p2a: Weezing\n|-crit|p2a: Weezing\n|-damage|p2a: Weezing|45\/100\n|\n|-heal|p2a: Weezing|50\/100|[from] item: Black Sludge\n|upkeep\n|turn|2\n|j| TheJuicyJake\n|c|\u2606Seior|okay crit killed me\n|\n|t:|1698283859\n|move|p2a: Weezing|Protect|p2a: Weezing\n|-singleturn|p2a: Weezing|Protect\n|move|p1a: Cinderace|Will-O-Wisp|p2a: Weezing\n|-activate|p2a: Weezing|move: Protect\n|\n|-heal|p2a: Weezing|56\/100|[from] item: Black Sludge\n|upkeep\n|turn|3\n|\n|t:|1698283922\n|move|p1a: Cinderace|Pyro Ball|p2a: Weezing\n|-damage|p2a: Weezing|16\/100\n|move|p2a: Weezing|Clear Smog|p1a: Cinderace\n|-damage|p1a: Cinderace|80\/100\n|-clearboost|p1a: Cinderace\n|\n|-heal|p2a: Weezing|22\/100|[from] item: Black Sludge\n|upkeep\n|turn|4\n|\n|t:|1698283933\n|move|p2a: Weezing|Protect|p2a: Weezing\n|-singleturn|p2a: Weezing|Protect\n|move|p1a: Cinderace|Pyro Ball|p2a: Weezing\n|-activate|p2a: Weezing|move: Protect\n|\n|-heal|p2a: Weezing|28\/100|[from] item: Black Sludge\n|upkeep\n|turn|5\n|\n|t:|1698283941\n|move|p1a: Cinderace|Pyro Ball|p2a: Weezing\n|-damage|p2a: Weezing|0 fnt\n|faint|p2a: Weezing\n|\n|upkeep\n|\n|t:|1698283971\n|switch|p2a: Braviary|Braviary-Hisui, M, shiny|100\/100\n|turn|6\n|\n|t:|1698283998\n|move|p1a: Cinderace|Pyro Ball|p2a: Braviary\n|-damage|p2a: Braviary|35\/100\n|move|p2a: Braviary|Agility|p2a: Braviary\n|-boost|p2a: Braviary|spe|2\n|\n|upkeep\n|turn|7\n|\n|t:|1698284007\n|move|p2a: Braviary|Hurricane|p1a: Cinderace|[miss]\n|-miss|p2a: Braviary|p1a: Cinderace\n|move|p1a: Cinderace|Pyro Ball|p2a: Braviary\n|-damage|p2a: Braviary|0 fnt\n|faint|p2a: Braviary\n|\n|upkeep\n|c|\u2606Seior|we get crit and miss yeah it be that way\n|-message|Seior forfeited.\n|\n|win|bsball8806\n","uploadtime":1698284031,"views":27,"p1id":"bsball8806","p2id":"seior","formatid":"gen9ubers","rating":0,"private":0,"password":""}