{"id":"gen9ubers-1969096549","p1":"RiddleDog","p2":"Charbotron","format":"[Gen 9] Ubers","log":"|j|\u2606RiddleDog\n|j|\u2606Charbotron\n|t:|1697489683\n|gametype|singles\n|player|p1|RiddleDog|dawn-gen4pt|\n|player|p2|Charbotron|1|\n|teamsize|p1|6\n|teamsize|p2|6\n|gen|9\n|tier|[Gen 9] Ubers\n|rule|Sleep Clause Mod: Limit one foe put to sleep\n|rule|Species Clause: Limit one of each Pok\u00e9mon\n|rule|OHKO Clause: OHKO moves are banned\n|rule|Evasion Items Clause: Evasion items are banned\n|rule|Evasion Moves Clause: Evasion moves are banned\n|rule|Endless Battle Clause: Forcing endless battles is banned\n|rule|HP Percentage Mod: HP is shown in percentages\n|clearpoke\n|poke|p1|Chi-Yu|\n|poke|p1|Iron Treads|\n|poke|p1|Zoroark-Hisui, M|\n|poke|p1|Kleavor, F|\n|poke|p1|Vaporeon, F|\n|poke|p1|Dachsbun, M|\n|poke|p2|Volcanion|\n|poke|p2|Iron Moth|\n|poke|p2|Walking Wake|\n|poke|p2|Torkoal, M|\n|poke|p2|Great Tusk|\n|poke|p2|Corviknight, M|\n|teampreview\n|j| rustygoomba\n|\n|t:|1697489730\n|start\n|switch|p1a: Ralph|Iron Treads|100\/100\n|switch|p2a: Great Tusk|Great Tusk|100\/100\n|-enditem|p1a: Ralph|Booster Energy\n|-activate|p1a: Ralph|ability: Quark Drive|[fromitem]\n|-start|p1a: Ralph|quarkdrivespe\n|turn|1\n|\n|t:|1697489773\n|-end|p1a: Ralph|Quark Drive|[silent]\n|switch|p1a: cat|Vaporeon, F|100\/100\n|move|p2a: Great Tusk|Close Combat|p1a: cat\n|-damage|p1a: cat|38\/100\n|-unboost|p2a: Great Tusk|def|1\n|-unboost|p2a: Great Tusk|spd|1\n|-enditem|p2a: Great Tusk|White Herb\n|-clearnegativeboost|p2a: Great Tusk|[silent]\n|\n|-heal|p1a: cat|45\/100|[from] item: Leftovers\n|upkeep\n|turn|2\n|\n|t:|1697489814\n|-end|p2a: Great Tusk|Protosynthesis|[silent]\n|switch|p2a: Volcanion|Volcanion|100\/100\n|move|p1a: cat|Wish|p1a: cat\n|\n|-heal|p1a: cat|51\/100|[from] item: Leftovers\n|upkeep\n|turn|3\n|\n|t:|1697489831\n|move|p1a: cat|Protect|p1a: cat\n|-singleturn|p1a: cat|Protect\n|move|p2a: Volcanion|Earth Power|p1a: cat\n|-activate|p1a: cat|move: Protect\n|\n|-heal|p1a: cat|100\/100|[from] move: Wish|[wisher] cat\n|upkeep\n|turn|4\n|\n|t:|1697489887\n|switch|p2a: Torkoal|Torkoal, M|100\/100\n|-weather|SunnyDay|[from] ability: Drought|[of] p2a: Torkoal\n|move|p1a: cat|Blizzard|p2a: Torkoal\n|-resisted|p2a: Torkoal\n|-damage|p2a: Torkoal|82\/100\n|\n|-weather|SunnyDay|[upkeep]\n|upkeep\n|turn|5\n|j| RektCactus\n|l| RektCactus\n|j| RektCactus\n|\n|t:|1697489958\n|switch|p1a: DA CLEAVAH|Kleavor, F|100\/100\n|switch|p2a: Walking Wake|Walking Wake|100\/100\n|-activate|p2a: Walking Wake|ability: Protosynthesis\n|-start|p2a: Walking Wake|protosynthesisspe\n|\n|-weather|SunnyDay|[upkeep]\n|upkeep\n|turn|6\n|\n|t:|1697489993\n|switch|p1a: cat|Vaporeon, F|100\/100\n|move|p2a: Walking Wake|Hydro Steam|p1a: cat\n|-immune|p1a: cat|[from] ability: Water Absorb\n|\n|-weather|SunnyDay|[upkeep]\n|upkeep\n|turn|7\n|\n|t:|1697490009\n|switch|p1a: Ribble|Dachsbun, M|100\/100\n|move|p2a: Walking Wake|Dragon Pulse|p1a: Ribble\n|-immune|p1a: Ribble\n|\n|-weather|SunnyDay|[upkeep]\n|upkeep\n|turn|8\n|j| Wha1efish\n|\n|t:|1697490073\n|move|p2a: Walking Wake|Dragon Pulse|p1a: Ribble\n|-immune|p1a: Ribble\n|move|p1a: Ribble|Play Rough|p2a: Walking Wake\n|-supereffective|p2a: Walking Wake\n|-damage|p2a: Walking Wake|31\/100\n|-damage|p1a: Ribble|91\/100|[from] item: Life Orb\n|\n|-weather|SunnyDay|[upkeep]\n|upkeep\n|turn|9\n|\n|t:|1697490124\n|-end|p2a: Walking Wake|Protosynthesis|[silent]\n|switch|p2a: Volcanion|Volcanion|100\/100\n|move|p1a: Ribble|Play Rough|p2a: Volcanion\n|-resisted|p2a: Volcanion\n|-damage|p2a: Volcanion|86\/100\n|-damage|p1a: Ribble|81\/100|[from] item: Life Orb\n|\n|-weather|SunnyDay|[upkeep]\n|upkeep\n|turn|10\n|l| RektCactus\n|\n|t:|1697490155\n|switch|p1a: cat|Vaporeon, F|100\/100\n|move|p2a: Volcanion|Sludge Bomb|p1a: cat\n|-damage|p1a: cat|85\/100\n|\n|-weather|SunnyDay|[upkeep]\n|-heal|p1a: cat|91\/100|[from] item: Leftovers\n|upkeep\n|turn|11\n|j| RektCactus\n|\n|t:|1697490186\n|switch|p1a: DA CLEAVAH|Kleavor, F|100\/100\n|move|p2a: Volcanion|Earth Power|p1a: DA CLEAVAH\n|-damage|p1a: DA CLEAVAH|62\/100\n|\n|-weather|none\n|upkeep\n|turn|12\n|\n|t:|1697490202\n|switch|p2a: Great Tusk|Great Tusk|100\/100\n|move|p1a: DA CLEAVAH|Stone Axe|p2a: Great Tusk\n|-resisted|p2a: Great Tusk\n|-damage|p2a: Great Tusk|93\/100\n|-sidestart|p2: Charbotron|move: Stealth Rock\n|\n|upkeep\n|turn|13\n|\n|t:|1697490219\n|switch|p1a: Ribble|Dachsbun, M|100\/100\n|move|p2a: Great Tusk|Headlong Rush|p1a: Ribble\n|-enditem|p1a: Ribble|Focus Sash\n|-damage|p1a: Ribble|1\/100\n|-unboost|p2a: Great Tusk|def|1\n|-unboost|p2a: Great Tusk|spd|1\n|replace|p1a: Henri|Zoroark-Hisui, M\n|-end|p1a: Henri|Illusion\n|\n|upkeep\n|turn|14\n|\n|t:|1697490248\n|move|p1a: Henri|Psychic|p2a: Great Tusk\n|-supereffective|p2a: Great Tusk\n|-damage|p2a: Great Tusk|0 fnt\n|faint|p2a: Great Tusk\n|-end|p2a: Great Tusk|Protosynthesis|[silent]\n|\n|upkeep\n|\n|t:|1697490286\n|switch|p2a: Iron Moth|Iron Moth|100\/100\n|-damage|p2a: Iron Moth|76\/100|[from] Stealth Rock\n|turn|15\n|\n|t:|1697490344\n|switch|p1a: Ralph|Iron Treads|100\/100\n|move|p2a: Iron Moth|Fiery Dance|p1a: Ralph\n|-supereffective|p1a: Ralph\n|-damage|p1a: Ralph|0 fnt\n|-boost|p2a: Iron Moth|spa|1\n|faint|p1a: Ralph\n|-end|p1a: Ralph|Quark Drive|[silent]\n|\n|upkeep\n|\n|t:|1697490406\n|switch|p1a: cat|Vaporeon, F|91\/100\n|turn|16\n|\n|t:|1697490420\n|-end|p2a: Iron Moth|Quark Drive|[silent]\n|switch|p2a: Torkoal|Torkoal, M|82\/100\n|-damage|p2a: Torkoal|57\/100|[from] Stealth Rock\n|-weather|SunnyDay|[from] ability: Drought|[of] p2a: Torkoal\n|move|p1a: cat|Wish|p1a: cat\n|\n|-weather|SunnyDay|[upkeep]\n|-heal|p1a: cat|97\/100|[from] item: Leftovers\n|upkeep\n|turn|17\n|\n|t:|1697490546\n|switch|p1a: Matthew|Chi-Yu|100\/100\n|-ability|p1a: Matthew|Beads of Ruin\n|move|p2a: Torkoal|Rapid Spin|p1a: Matthew\n|-damage|p1a: Matthew|87\/100\n|-boost|p2a: Torkoal|spe|1\n|-sideend|p2: Charbotron|Stealth Rock|[from] move: Rapid Spin|[of] p2a: Torkoal\n|\n|-weather|SunnyDay|[upkeep]\n|-heal|p1a: Matthew|100\/100|[from] move: Wish|[wisher] cat\n|upkeep\n|turn|18\n|\n|t:|1697490656\n|switch|p2a: Walking Wake|Walking Wake|31\/100\n|-activate|p2a: Walking Wake|ability: Protosynthesis\n|-start|p2a: Walking Wake|protosynthesisspe\n|-terastallize|p1a: Matthew|Fire\n|move|p1a: Matthew|Fire Blast|p2a: Walking Wake\n|-resisted|p2a: Walking Wake\n|-damage|p2a: Walking Wake|1\/100\n|\n|-weather|SunnyDay|[upkeep]\n|upkeep\n|turn|19\n|\n|t:|1697490688\n|move|p2a: Walking Wake|Dragon Pulse|p1a: Matthew\n|-damage|p1a: Matthew|55\/100\n|move|p1a: Matthew|Fire Blast|p2a: Walking Wake\n|-resisted|p2a: Walking Wake\n|-damage|p2a: Walking Wake|0 fnt\n|faint|p2a: Walking Wake\n|-end|p2a: Walking Wake|Protosynthesis|[silent]\n|\n|-weather|SunnyDay|[upkeep]\n|upkeep\n|\n|t:|1697490700\n|switch|p2a: Volcanion|Volcanion|86\/100\n|turn|20\n|\n|t:|1697490710\n|switch|p1a: cat|Vaporeon, F|97\/100\n|move|p2a: Volcanion|Steam Eruption|p1a: cat\n|-heal|p1a: cat|100\/100|[from] ability: Water Absorb|[of] p2a: Volcanion\n|\n|-weather|SunnyDay|[upkeep]\n|upkeep\n|turn|21\n|\n|t:|1697490743\n|move|p2a: Volcanion|Earth Power|p1a: cat\n|-damage|p1a: cat|84\/100\n|move|p1a: cat|Wish|p1a: cat\n|\n|-weather|SunnyDay|[upkeep]\n|-heal|p1a: cat|90\/100|[from] item: Leftovers\n|upkeep\n|turn|22\n|\n|t:|1697490781\n|switch|p2a: Iron Moth|Iron Moth|76\/100\n|switch|p1a: Ribble|Dachsbun, M|81\/100\n|\n|-weather|SunnyDay|[upkeep]\n|-heal|p1a: Ribble|100\/100|[from] move: Wish|[wisher] cat\n|upkeep\n|turn|23\n|\n|t:|1697490908\n|move|p2a: Iron Moth|Toxic Spikes|p1a: Ribble\n|-sidestart|p1: RiddleDog|move: Toxic Spikes\n|move|p1a: Ribble|Psychic Fangs|p2a: Iron Moth\n|-supereffective|p2a: Iron Moth\n|-damage|p2a: Iron Moth|6\/100\n|-damage|p1a: Ribble|91\/100|[from] item: Life Orb\n|\n|-weather|none\n|upkeep\n|turn|24\n|\n|t:|1697490937\n|-end|p2a: Iron Moth|Quark Drive|[silent]\n|switch|p2a: Torkoal|Torkoal, M|57\/100\n|-weather|SunnyDay|[from] ability: Drought|[of] p2a: Torkoal\n|move|p1a: Ribble|Psychic Fangs|p2a: Torkoal\n|-damage|p2a: Torkoal|42\/100\n|-damage|p1a: Ribble|81\/100|[from] item: Life Orb\n|\n|-weather|SunnyDay|[upkeep]\n|upkeep\n|turn|25\n|\n|t:|1697490971\n|move|p1a: Ribble|Wish|p1a: Ribble\n|move|p2a: Torkoal|Solar Beam||[still]\n|-prepare|p2a: Torkoal|Solar Beam\n|-anim|p2a: Torkoal|Solar Beam|p1a: Ribble\n|-damage|p1a: Ribble|49\/100\n|\n|-weather|SunnyDay|[upkeep]\n|upkeep\n|turn|26\n|\n|t:|1697491005\n|switch|p1a: DA CLEAVAH|Kleavor, F|62\/100\n|move|p2a: Torkoal|Solar Beam||[still]\n|-prepare|p2a: Torkoal|Solar Beam\n|-anim|p2a: Torkoal|Solar Beam|p1a: DA CLEAVAH\n|-damage|p1a: DA CLEAVAH|2\/100\n|\n|-weather|SunnyDay|[upkeep]\n|-heal|p1a: DA CLEAVAH|58\/100|[from] move: Wish|[wisher] Ribble\n|upkeep\n|turn|27\n|\n|t:|1697491071\n|move|p1a: DA CLEAVAH|Defog|p2a: Torkoal\n|-unboost|p2a: Torkoal|evasion|1\n|-sideend|p1: RiddleDog|Toxic Spikes|[from] move: Defog|[of] p1a: DA CLEAVAH\n|move|p2a: Torkoal|Solar Beam||[still]\n|-prepare|p2a: Torkoal|Solar Beam\n|-anim|p2a: Torkoal|Solar Beam|p1a: DA CLEAVAH\n|-damage|p1a: DA CLEAVAH|5\/100\n|\n|-weather|SunnyDay|[upkeep]\n|upkeep\n|turn|28\n|\n|t:|1697491163\n|move|p1a: DA CLEAVAH|Stone Axe|p2a: Torkoal\n|-supereffective|p2a: Torkoal\n|-damage|p2a: Torkoal|0 fnt\n|-sidestart|p2: Charbotron|move: Stealth Rock\n|faint|p2a: Torkoal\n|\n|-weather|SunnyDay|[upkeep]\n|upkeep\n|l| RektCactus\n|\n|t:|1697491196\n|switch|p2a: Volcanion|Volcanion|86\/100\n|turn|29\n|\n|t:|1697491216\n|move|p1a: DA CLEAVAH|Stone Axe|p2a: Volcanion\n|-supereffective|p2a: Volcanion\n|-damage|p2a: Volcanion|0 fnt\n|faint|p2a: Volcanion\n|\n|-weather|SunnyDay|[upkeep]\n|upkeep\n|j| RektCactus\n|\n|t:|1697491235\n|switch|p2a: Corviknight|Corviknight, M|100\/100\n|-damage|p2a: Corviknight|88\/100|[from] Stealth Rock\n|turn|30\n|\n|t:|1697491252\n|move|p1a: DA CLEAVAH|Stone Axe|p2a: Corviknight\n|-damage|p2a: Corviknight|58\/100\n|move|p2a: Corviknight|Defog|p1a: DA CLEAVAH\n|-unboost|p1a: DA CLEAVAH|evasion|1\n|-sideend|p2: Charbotron|Stealth Rock|[from] move: Defog|[of] p2a: Corviknight\n|\n|-weather|SunnyDay|[upkeep]\n|-heal|p2a: Corviknight|64\/100|[from] item: Leftovers\n|upkeep\n|turn|31\n|\n|t:|1697491276\n|move|p1a: DA CLEAVAH|Stone Axe|p2a: Corviknight\n|-damage|p2a: Corviknight|31\/100\n|-sidestart|p2: Charbotron|move: Stealth Rock\n|move|p2a: Corviknight|Body Press|p1a: DA CLEAVAH\n|-damage|p1a: DA CLEAVAH|0 fnt\n|faint|p1a: DA CLEAVAH\n|\n|-weather|none\n|-heal|p2a: Corviknight|37\/100|[from] item: Leftovers\n|upkeep\n|\n|t:|1697491298\n|switch|p1a: Matthew|Chi-Yu, tera:Fire|55\/100\n|-ability|p1a: Matthew|Beads of Ruin\n|turn|32\n|\n|t:|1697491318\n|move|p1a: Matthew|Dark Pulse|p2a: Corviknight\n|-damage|p2a: Corviknight|0 fnt\n|faint|p2a: Corviknight\n|\n|upkeep\n|\n|t:|1697491323\n|switch|p2a: Iron Moth|Iron Moth|6\/100\n|-damage|p2a: Iron Moth|0 fnt|[from] Stealth Rock\n|faint|p2a: Iron Moth\n|-end|p2a: Iron Moth|Quark Drive|[silent]\n|\n|win|RiddleDog\n|l| RektCactus\n","uploadtime":1697491332,"views":9,"p1id":"riddledog","p2id":"charbotron","formatid":"gen9ubers","rating":0,"private":0,"password":""}