{"id":"gen9ubers-1998791543","p1":"Aurorecristal","p2":"RPPLF_Qilin","format":"[Gen 9] Ubers","log":"|j|\u2606Aurorecristal\n|j|\u2606RPPLF_Qilin\n|t:|1700991723\n|gametype|singles\n|player|p1|Aurorecristal|lady|\n|player|p2|RPPLF_Qilin|266|\n|teamsize|p1|6\n|teamsize|p2|6\n|gen|9\n|tier|[Gen 9] Ubers\n|rule|Sleep Clause Mod: Limit one foe put to sleep\n|rule|Species Clause: Limit one of each Pok\u00e9mon\n|rule|OHKO Clause: OHKO moves are banned\n|rule|Evasion Items Clause: Evasion items are banned\n|rule|Evasion Moves Clause: Evasion moves are banned\n|rule|Endless Battle Clause: Forcing endless battles is banned\n|rule|HP Percentage Mod: HP is shown in percentages\n|clearpoke\n|poke|p1|Kingambit, M|\n|poke|p1|Ditto|\n|poke|p1|Scream Tail|\n|poke|p1|Alomomola, F|\n|poke|p1|Okidogi, M|\n|poke|p1|Annihilape, F|\n|poke|p2|Arceus|\n|poke|p2|Okidogi, M|\n|poke|p2|Grimmsnarl, M|\n|poke|p2|Corviknight, F|\n|poke|p2|Regidrago|\n|poke|p2|Greninja-*, M|\n|teampreview\n|c|\u2606RPPLF_Qilin|Gl Hf :)\n|\n|t:|1700991735\n|start\n|switch|p1a: Angry bird|Annihilape, F|100\/100\n|switch|p2a: Okidogi|Okidogi, M|100\/100\n|turn|1\n|\n|t:|1700991741\n|move|p1a: Angry bird|U-turn|p2a: Okidogi\n|-resisted|p2a: Okidogi\n|-damage|p2a: Okidogi|96\/100\n|\n|t:|1700991754\n|switch|p1a: Lovdisc|Alomomola, F|100\/100|[from] U-turn\n|move|p2a: Okidogi|Knock Off|p1a: Lovdisc\n|-crit|p1a: Lovdisc\n|-damage|p1a: Lovdisc|57\/100\n|-damage|p2a: Okidogi|80\/100|[from] item: Rocky Helmet|[of] p1a: Lovdisc\n|-enditem|p1a: Lovdisc|Rocky Helmet|[from] move: Knock Off|[of] p2a: Okidogi\n|\n|upkeep\n|turn|2\n|\n|t:|1700991764\n|move|p2a: Okidogi|Poison Jab|p1a: Lovdisc\n|-damage|p1a: Lovdisc|24\/100\n|move|p1a: Lovdisc|Wish|p1a: Lovdisc\n|\n|upkeep\n|turn|3\n|\n|t:|1700991769\n|move|p1a: Lovdisc|Protect|p1a: Lovdisc\n|-singleturn|p1a: Lovdisc|Protect\n|move|p2a: Okidogi|Drain Punch|p1a: Lovdisc\n|-activate|p1a: Lovdisc|move: Protect\n|\n|-heal|p1a: Lovdisc|74\/100|[from] move: Wish|[wisher] Lovdisc\n|upkeep\n|turn|4\n|\n|t:|1700991775\n|move|p2a: Okidogi|Poison Jab|p1a: Lovdisc\n|-damage|p1a: Lovdisc|41\/100\n|-status|p1a: Lovdisc|psn\n|move|p1a: Lovdisc|Wish|p1a: Lovdisc\n|\n|-damage|p1a: Lovdisc|29\/100 psn|[from] psn\n|upkeep\n|turn|5\n|\n|t:|1700991780\n|switch|p1a: Angry bird|Annihilape, F|100\/100\n|move|p2a: Okidogi|Drain Punch|p1a: Angry bird\n|-immune|p1a: Angry bird\n|\n|upkeep\n|turn|6\n|\n|t:|1700991790\n|switch|p2a: Corviknight|Corviknight, F|100\/100\n|-ability|p2a: Corviknight|Pressure\n|move|p1a: Angry bird|Rage Fist|p2a: Corviknight\n|-damage|p2a: Corviknight|86\/100\n|-damage|p1a: Angry bird|84\/100|[from] item: Rocky Helmet|[of] p2a: Corviknight\n|\n|upkeep\n|turn|7\n|\n|t:|1700991800\n|move|p1a: Angry bird|U-turn|p2a: Corviknight\n|-resisted|p2a: Corviknight\n|-damage|p2a: Corviknight|83\/100\n|-damage|p1a: Angry bird|67\/100|[from] item: Rocky Helmet|[of] p2a: Corviknight\n|\n|t:|1700991803\n|switch|p1a: Lovdisc|Alomomola, F|62\/100 psn|[from] U-turn\n|move|p2a: Corviknight|U-turn|p1a: Lovdisc\n|-damage|p1a: Lovdisc|51\/100 psn\n|\n|t:|1700991819\n|switch|p2a: Greninja|Greninja, M|100\/100|[from] U-turn\n|\n|-damage|p1a: Lovdisc|38\/100 psn|[from] psn\n|upkeep\n|turn|8\n|\n|t:|1700991830\n|switch|p1a: Slimy slime|Ditto|100\/100\n|-transform|p1a: Slimy slime|p2a: Greninja|[from] ability: Imposter\n|move|p2a: Greninja|Dark Pulse|p1a: Slimy slime\n|-resisted|p1a: Slimy slime\n|-damage|p1a: Slimy slime|63\/100\n|-damage|p2a: Greninja|91\/100|[from] item: Life Orb\n|\n|upkeep\n|turn|9\n|\n|t:|1700991842\n|switch|p1a: Angry bird|Annihilape, F|67\/100\n|switch|p2a: Grimmsnarl|Grimmsnarl, M|100\/100\n|\n|upkeep\n|turn|10\n|\n|t:|1700991848\n|move|p2a: Grimmsnarl|Taunt|p1a: Angry bird\n|-start|p1a: Angry bird|move: Taunt\n|move|p1a: Angry bird|U-turn|p2a: Grimmsnarl\n|-damage|p2a: Grimmsnarl|73\/100\n|\n|t:|1700991857\n|switch|p1a: My Lord|Kingambit, M|100\/100|[from] U-turn\n|\n|upkeep\n|turn|11\n|\n|t:|1700991860\n|switch|p2a: Okidogi|Okidogi, M|80\/100\n|move|p1a: My Lord|Stealth Rock|p2a: Okidogi\n|-sidestart|p2: RPPLF_Qilin|move: Stealth Rock\n|\n|upkeep\n|turn|12\n|\n|t:|1700991872\n|move|p2a: Okidogi|Psychic Fangs|p1a: My Lord\n|-immune|p1a: My Lord\n|move|p1a: My Lord|Iron Head|p2a: Okidogi\n|-damage|p2a: Okidogi|28\/100\n|-damage|p1a: My Lord|91\/100|[from] item: Life Orb\n|\n|upkeep\n|turn|13\n|\n|t:|1700991883\n|-end|p1a: My Lord|fallenundefined|[silent]\n|switch|p1a: Lovdisc|Alomomola, F|72\/100 psn\n|move|p2a: Okidogi|Drain Punch|p1a: Lovdisc\n|-damage|p1a: Lovdisc|37\/100 psn\n|-heal|p2a: Okidogi|52\/100|[from] drain|[of] p1a: Lovdisc\n|\n|-damage|p1a: Lovdisc|25\/100 psn|[from] psn\n|upkeep\n|turn|14\n|\n|t:|1700991892\n|move|p2a: Okidogi|Psychic Fangs|p1a: Lovdisc\n|-damage|p1a: Lovdisc|0 fnt\n|faint|p1a: Lovdisc\n|\n|upkeep\n|\n|t:|1700991898\n|switch|p1a: Slimy slime|Ditto|63\/100\n|-transform|p1a: Slimy slime|p2a: Okidogi|[from] ability: Imposter\n|turn|15\n|\n|t:|1700991903\n|switch|p2a: Corviknight|Corviknight, F|83\/100\n|-damage|p2a: Corviknight|70\/100|[from] Stealth Rock\n|-ability|p2a: Corviknight|Pressure\n|move|p1a: Slimy slime|Knock Off|p2a: Corviknight\n|-damage|p2a: Corviknight|50\/100\n|-damage|p1a: Slimy slime|46\/100|[from] item: Rocky Helmet|[of] p2a: Corviknight\n|-enditem|p2a: Corviknight|Rocky Helmet|[from] move: Knock Off|[of] p1a: Slimy slime\n|\n|upkeep\n|turn|16\n|\n|t:|1700991917\n|switch|p1a: Tail'low|Scream Tail|100\/100\n|move|p2a: Corviknight|U-turn|p1a: Tail'low\n|-damage|p1a: Tail'low|89\/100\n|\n|t:|1700991920\n|switch|p2a: Okidogi|Okidogi, M|52\/100|[from] U-turn\n|-damage|p2a: Okidogi|46\/100|[from] Stealth Rock\n|\n|-heal|p1a: Tail'low|95\/100|[from] item: Leftovers\n|upkeep\n|turn|17\n|\n|t:|1700991927\n|move|p1a: Tail'low|Thunderbolt|p2a: Okidogi\n|-damage|p2a: Okidogi|34\/100\n|move|p2a: Okidogi|Poison Jab|p1a: Tail'low\n|-supereffective|p1a: Tail'low\n|-damage|p1a: Tail'low|22\/100\n|\n|-heal|p1a: Tail'low|28\/100|[from] item: Leftovers\n|upkeep\n|turn|18\n|\n|t:|1700991947\n|move|p1a: Tail'low|Protect|p1a: Tail'low\n|-singleturn|p1a: Tail'low|Protect\n|move|p2a: Okidogi|Knock Off|p1a: Tail'low\n|-activate|p1a: Tail'low|move: Protect\n|\n|-heal|p1a: Tail'low|34\/100|[from] item: Leftovers\n|upkeep\n|turn|19\n|\n|t:|1700991953\n|move|p1a: Tail'low|Wish|p1a: Tail'low\n|move|p2a: Okidogi|Knock Off|p1a: Tail'low\n|-damage|p1a: Tail'low|4\/100\n|-enditem|p1a: Tail'low|Leftovers|[from] move: Knock Off|[of] p2a: Okidogi\n|\n|upkeep\n|turn|20\n|\n|t:|1700991959\n|move|p1a: Tail'low|Protect|p1a: Tail'low\n|-singleturn|p1a: Tail'low|Protect\n|move|p2a: Okidogi|Drain Punch|p1a: Tail'low\n|-activate|p1a: Tail'low|move: Protect\n|\n|-heal|p1a: Tail'low|54\/100|[from] move: Wish|[wisher] Tail'low\n|upkeep\n|turn|21\n|\n|t:|1700991967\n|-end|p1a: Tail'low|Protosynthesis|[silent]\n|switch|p1a: Angry bird|Annihilape, F|67\/100\n|move|p2a: Okidogi|Psychic Fangs|p1a: Angry bird\n|-supereffective|p1a: Angry bird\n|-damage|p1a: Angry bird|0 fnt\n|faint|p1a: Angry bird\n|\n|upkeep\n|\n|t:|1700991974\n|switch|p1a: Slimy slime|Ditto|46\/100\n|-transform|p1a: Slimy slime|p2a: Okidogi|[from] ability: Imposter\n|turn|22\n|\n|t:|1700991978\n|switch|p2a: Corviknight|Corviknight, F|50\/100\n|-damage|p2a: Corviknight|38\/100|[from] Stealth Rock\n|-ability|p2a: Corviknight|Pressure\n|move|p1a: Slimy slime|Drain Punch|p2a: Corviknight\n|-damage|p2a: Corviknight|13\/100\n|-heal|p1a: Slimy slime|63\/100|[from] drain|[of] p2a: Corviknight\n|\n|upkeep\n|turn|23\n|\n|t:|1700991984\n|move|p1a: Slimy slime|Drain Punch|p2a: Corviknight\n|-damage|p2a: Corviknight|0 fnt\n|-heal|p1a: Slimy slime|72\/100|[from] drain|[of] p2a: Corviknight\n|faint|p2a: Corviknight\n|\n|upkeep\n|\n|t:|1700991994\n|switch|p2a: Okidogi|Okidogi, M|34\/100\n|-damage|p2a: Okidogi|28\/100|[from] Stealth Rock\n|turn|24\n|\n|t:|1700992005\n|switch|p1a: Okikitty|Okidogi, M|100\/100\n|move|p2a: Okidogi|Drain Punch|p1a: Okikitty\n|-resisted|p1a: Okikitty\n|-damage|p1a: Okikitty|79\/100\n|-heal|p2a: Okidogi|37\/100|[from] drain|[of] p1a: Okikitty\n|\n|-heal|p1a: Okikitty|85\/100|[from] item: Black Sludge\n|upkeep\n|turn|25\n|\n|t:|1700992015\n|move|p1a: Okikitty|Protect|p1a: Okikitty\n|-singleturn|p1a: Okikitty|Protect\n|move|p2a: Okidogi|Psychic Fangs|p1a: Okikitty\n|-activate|p1a: Okikitty|move: Protect\n|\n|-heal|p1a: Okikitty|91\/100|[from] item: Black Sludge\n|upkeep\n|turn|26\n|\n|t:|1700992022\n|move|p2a: Okidogi|Psychic Fangs|p1a: Okikitty\n|-supereffective|p1a: Okikitty\n|-damage|p1a: Okikitty|0 fnt\n|faint|p1a: Okikitty\n|\n|upkeep\n|\n|t:|1700992027\n|switch|p1a: Slimy slime|Ditto|72\/100\n|-transform|p1a: Slimy slime|p2a: Okidogi|[from] ability: Imposter\n|turn|27\n|\n|t:|1700992034\n|move|p1a: Slimy slime|Psychic Fangs|p2a: Okidogi\n|-supereffective|p2a: Okidogi\n|-crit|p2a: Okidogi\n|-damage|p2a: Okidogi|0 fnt\n|faint|p2a: Okidogi\n|\n|upkeep\n|\n|t:|1700992037\n|switch|p2a: Greninja|Greninja, M|91\/100\n|-damage|p2a: Greninja|78\/100|[from] Stealth Rock\n|turn|28\n|\n|t:|1700992042\n|switch|p1a: Tail'low|Scream Tail|54\/100\n|move|p2a: Greninja|Surf|p1a: Tail'low\n|-damage|p1a: Tail'low|16\/100\n|-damage|p2a: Greninja|69\/100|[from] item: Life Orb\n|\n|upkeep\n|turn|29\n|\n|t:|1700992055\n|move|p2a: Greninja|Surf|p1a: Tail'low\n|-damage|p1a: Tail'low|0 fnt\n|faint|p1a: Tail'low\n|-end|p1a: Tail'low|Protosynthesis|[silent]\n|-ability|p2a: Greninja|Battle Bond|boost\n|-boost|p2a: Greninja|atk|1\n|-boost|p2a: Greninja|spa|1\n|-boost|p2a: Greninja|spe|1\n|-activate|p2a: Greninja|ability: Battle Bond\n|-damage|p2a: Greninja|59\/100|[from] item: Life Orb\n|\n|upkeep\n|\n|t:|1700992057\n|switch|p1a: Slimy slime|Ditto|72\/100\n|-transform|p1a: Slimy slime|p2a: Greninja|[from] ability: Imposter\n|turn|30\n|\n|t:|1700992074\n|switch|p2a: Grimmsnarl|Grimmsnarl, M|73\/100\n|-damage|p2a: Grimmsnarl|61\/100|[from] Stealth Rock\n|-terastallize|p1a: Slimy slime|Normal\n|move|p1a: Slimy slime|Grass Knot|p2a: Grimmsnarl\n|-damage|p2a: Grimmsnarl|33\/100\n|\n|upkeep\n|turn|31\n|\n|t:|1700992085\n|switch|p1a: My Lord|Kingambit, M|91\/100\n|-activate|p1a: My Lord|ability: Supreme Overlord\n|-start|p1a: My Lord|fallen4|[silent]\n|move|p2a: Grimmsnarl|Reflect|p2a: Grimmsnarl\n|-sidestart|p2: RPPLF_Qilin|Reflect\n|\n|upkeep\n|turn|32\n|\n|t:|1700992103\n|switch|p2a: Greninja|Greninja, M|59\/100\n|-damage|p2a: Greninja|46\/100|[from] Stealth Rock\n|move|p1a: My Lord|Iron Head|p2a: Greninja\n|-resisted|p2a: Greninja\n|-damage|p2a: Greninja|12\/100\n|-damage|p1a: My Lord|81\/100|[from] item: Life Orb\n|\n|upkeep\n|turn|33\n|\n|t:|1700992111\n|move|p2a: Greninja|Surf|p1a: My Lord\n|-damage|p1a: My Lord|36\/100\n|-damage|p2a: Greninja|3\/100|[from] item: Life Orb\n|move|p1a: My Lord|Iron Head|p2a: Greninja\n|-resisted|p2a: Greninja\n|-damage|p2a: Greninja|0 fnt\n|faint|p2a: Greninja\n|-damage|p1a: My Lord|26\/100|[from] item: Life Orb\n|\n|upkeep\n|\n|t:|1700992115\n|switch|p2a: Regidrago|Regidrago|100\/100\n|-damage|p2a: Regidrago|88\/100|[from] Stealth Rock\n|turn|34\n|\n|t:|1700992125\n|-end|p1a: My Lord|fallen4|[silent]\n|switch|p1a: Slimy slime|Ditto, tera:Normal|72\/100\n|-transform|p1a: Slimy slime|p2a: Regidrago|[from] ability: Imposter\n|-terastallize|p2a: Regidrago|Fire\n|move|p2a: Regidrago|Tera Blast|p1a: Slimy slime|[anim] Tera Blast Fire\n|-crit|p1a: Slimy slime\n|-damage|p1a: Slimy slime|0 fnt\n|faint|p1a: Slimy slime\n|\n|upkeep\n|c|\u2606Aurorecristal|Ouch\n|\n|t:|1700992139\n|switch|p1a: My Lord|Kingambit, M|26\/100\n|-activate|p1a: My Lord|ability: Supreme Overlord\n|-start|p1a: My Lord|fallen5|[silent]\n|turn|35\n|c|\u2606RPPLF_Qilin|aie en effet\n|c|\u2606Aurorecristal|Gg\n|c|\u2606RPPLF_Qilin|Gg\n|\n|t:|1700992150\n|move|p1a: My Lord|Sucker Punch|p2a: Regidrago\n|-crit|p2a: Regidrago\n|-damage|p2a: Regidrago|0 fnt\n|faint|p2a: Regidrago\n|-damage|p1a: My Lord|16\/100|[from] item: Life Orb\n|\n|upkeep\n|c|\u2606RPPLF_Qilin|Oh\n|c|\u2606Aurorecristal|Ah\n|c|\u2606Aurorecristal|Euh\n|c|\u2606RPPLF_Qilin|Alors peut etre mdrr\n|\n|t:|1700992160\n|switch|p2a: Grimmsnarl|Grimmsnarl, M|33\/100\n|-damage|p2a: Grimmsnarl|21\/100|[from] Stealth Rock\n|turn|36\n|c|\u2606Aurorecristal|Bah \u00e7a change rien mdr\n|\n|t:|1700992165\n|move|p2a: Grimmsnarl|Parting Shot|p1a: My Lord\n|-hint|Since gen 7, Dark is immune to Prankster moves.\n|-immune|p1a: My Lord\n|move|p1a: My Lord|Iron Head|p2a: Grimmsnarl\n|-supereffective|p2a: Grimmsnarl\n|-damage|p2a: Grimmsnarl|0 fnt\n|faint|p2a: Grimmsnarl\n|-damage|p1a: My Lord|6\/100|[from] item: Life Orb\n|\n|upkeep\n|\n|t:|1700992168\n|switch|p2a: Arceus|Arceus|100\/100\n|-damage|p2a: Arceus|88\/100|[from] Stealth Rock\n|turn|37\n|\n|t:|1700992171\n|move|p2a: Arceus|Extreme Speed|p1a: My Lord\n|-resisted|p1a: My Lord\n|-damage|p1a: My Lord|0 fnt\n|faint|p1a: My Lord\n|-end|p1a: My Lord|fallen5|[silent]\n|\n|win|RPPLF_Qilin\n|c|\u2606RPPLF_Qilin|non\n|c|\u2606Aurorecristal|Gg\n|c|\u2606RPPLF_Qilin|mais l'espoir y est mdrr\n|c|\u2606RPPLF_Qilin|Gg l'ami\n","uploadtime":1700992183,"views":2,"p1id":"aurorecristal","p2id":"rpplfqilin","formatid":"gen9ubers","rating":0,"private":0,"password":""}