{"id":"gen9ubers-1972683188","p1":"QuigWasHere","p2":"Blake-Mamba","format":"[Gen 9] Ubers","log":"|j|\u2606QuigWasHere\n|j|\u2606Blake-Mamba\n|t:|1697876981\n|gametype|singles\n|player|p1|QuigWasHere|wattson|1064\n|player|p2|Blake-Mamba|juan|1278\n|teamsize|p1|6\n|teamsize|p2|6\n|gen|9\n|tier|[Gen 9] Ubers\n|rated|\n|rule|Sleep Clause Mod: Limit one foe put to sleep\n|rule|Species Clause: Limit one of each Pok\u00e9mon\n|rule|OHKO Clause: OHKO moves are banned\n|rule|Evasion Items Clause: Evasion items are banned\n|rule|Evasion Moves Clause: Evasion moves are banned\n|rule|Endless Battle Clause: Forcing endless battles is banned\n|rule|HP Percentage Mod: HP is shown in percentages\n|clearpoke\n|poke|p1|Palafin, M|\n|poke|p1|Regieleki|\n|poke|p1|Arceus-Water|\n|poke|p1|Magearna-Original|\n|poke|p1|Ogerpon-Hearthflame, F|\n|poke|p1|Ribombee, M|\n|poke|p2|Ogerpon-Hearthflame, F|\n|poke|p2|Vikavolt, F|\n|poke|p2|Yanmega, F|\n|poke|p2|Okidogi, M|\n|poke|p2|Kommo-o, M|\n|poke|p2|Ursaluna-Bloodmoon, M|\n|teampreview\n|inactive|Battle timer is ON: inactive players will automatically lose when time's up. (requested by QuigWasHere)\n|\n|t:|1697876987\n|start\n|switch|p1a: Ribombee|Ribombee, M|100\/100\n|switch|p2a: Vikavolt|Vikavolt, F|100\/100\n|turn|1\n|c|\u2606Blake-Mamba|Glhf\n|\n|t:|1697876995\n|move|p1a: Ribombee|Sticky Web|p2a: Vikavolt\n|-sidestart|p2: Blake-Mamba|move: Sticky Web\n|move|p2a: Vikavolt|Sticky Web|p1a: Ribombee\n|-sidestart|p1: QuigWasHere|move: Sticky Web\n|\n|upkeep\n|turn|2\n|\n|t:|1697877004\n|move|p1a: Ribombee|Quiver Dance|p1a: Ribombee\n|-boost|p1a: Ribombee|spa|1\n|-boost|p1a: Ribombee|spd|1\n|-boost|p1a: Ribombee|spe|1\n|move|p2a: Vikavolt|Thunder|p1a: Ribombee\n|-damage|p1a: Ribombee|18\/100\n|\n|upkeep\n|turn|3\n|-activate|p2a: Vikavolt|item: Quick Claw\n|\n|t:|1697877013\n|move|p2a: Vikavolt|Thunder|p1a: Ribombee|[miss]\n|-miss|p2a: Vikavolt|p1a: Ribombee\n|move|p1a: Ribombee|Moonblast|p2a: Vikavolt\n|-crit|p2a: Vikavolt\n|-damage|p2a: Vikavolt|0 fnt\n|faint|p2a: Vikavolt\n|\n|upkeep\n|c|\u2606QuigWasHere|Good luck\n|\n|t:|1697877023\n|switch|p2a: Yanmega|Yanmega, F, shiny|100\/100\n|turn|4\n|\n|t:|1697877027\n|move|p1a: Ribombee|Moonblast|p2a: Yanmega\n|-damage|p2a: Yanmega|43\/100\n|move|p2a: Yanmega|Ancient Power|p1a: Ribombee\n|-supereffective|p1a: Ribombee\n|-damage|p1a: Ribombee|0 fnt\n|faint|p1a: Ribombee\n|\n|-ability|p2a: Yanmega|Speed Boost|boost\n|-boost|p2a: Yanmega|spe|1\n|upkeep\n|\n|t:|1697877038\n|switch|p1a: Regieleki|Regieleki, shiny|100\/100\n|-activate|p1a: Regieleki|move: Sticky Web\n|-unboost|p1a: Regieleki|spe|1\n|turn|5\n|\n|t:|1697877044\n|switch|p2a: Ursaluna|Ursaluna-Bloodmoon, M|100\/100\n|-activate|p2a: Ursaluna|move: Sticky Web\n|-unboost|p2a: Ursaluna|spe|1\n|move|p1a: Regieleki|Volt Switch|p2a: Ursaluna\n|-immune|p2a: Ursaluna\n|\n|upkeep\n|turn|6\n|\n|t:|1697877053\n|-terastallize|p1a: Regieleki|Ice\n|move|p1a: Regieleki|Tera Blast|p2a: Ursaluna|[anim] Tera Blast Ice\n|-supereffective|p2a: Ursaluna\n|-damage|p2a: Ursaluna|0 fnt\n|faint|p2a: Ursaluna\n|-damage|p1a: Regieleki|91\/100|[from] item: Life Orb\n|\n|upkeep\n|\n|t:|1697877066\n|switch|p2a: Ogerpon|Ogerpon-Hearthflame, F|100\/100\n|-activate|p2a: Ogerpon|move: Sticky Web\n|-unboost|p2a: Ogerpon|spe|1\n|-ability|p2a: Ogerpon|Mold Breaker\n|turn|7\n|inactive|QuigWasHere has 120 seconds left.\n|inactive|QuigWasHere has 90 seconds left.\n|\n|t:|1697877145\n|move|p1a: Regieleki|Volt Switch|p2a: Ogerpon\n|-resisted|p2a: Ogerpon\n|-damage|p2a: Ogerpon|68\/100\n|-damage|p1a: Regieleki|81\/100|[from] item: Life Orb\n|\n|t:|1697877153\n|switch|p1a: Arceus|Arceus-Water, shiny|100\/100|[from] Volt Switch\n|-activate|p1a: Arceus|move: Sticky Web\n|-unboost|p1a: Arceus|spe|1\n|move|p2a: Ogerpon|Trailblaze|p1a: Arceus\n|-supereffective|p1a: Arceus\n|-crit|p1a: Arceus\n|-damage|p1a: Arceus|32\/100\n|-boost|p2a: Ogerpon|spe|1\n|\n|upkeep\n|turn|8\n|\n|t:|1697877166\n|move|p2a: Ogerpon|Trailblaze|p1a: Arceus\n|-supereffective|p1a: Arceus\n|-damage|p1a: Arceus|0 fnt\n|-boost|p2a: Ogerpon|spe|1\n|faint|p1a: Arceus\n|\n|upkeep\n|\n|t:|1697877178\n|switch|p1a: Palafin|Palafin, M|100\/100\n|-activate|p1a: Palafin|move: Sticky Web\n|-unboost|p1a: Palafin|spe|1\n|turn|9\n|\n|t:|1697877184\n|detailschange|p1a: Palafin|Palafin-Hero, M\n|switch|p1a: Regieleki|Regieleki, shiny, tera:Ice|81\/100\n|-activate|p1a: Regieleki|move: Sticky Web\n|-unboost|p1a: Regieleki|spe|1\n|move|p2a: Ogerpon|Horn Leech|p1a: Regieleki\n|-damage|p1a: Regieleki|0 fnt\n|-heal|p2a: Ogerpon|100\/100|[from] drain|[of] p1a: Regieleki\n|faint|p1a: Regieleki\n|\n|upkeep\n|inactive|QuigWasHere has 60 seconds left.\n|\n|t:|1697877217\n|switch|p1a: Ogerpon|Ogerpon-Hearthflame, F|100\/100\n|-activate|p1a: Ogerpon|move: Sticky Web\n|-unboost|p1a: Ogerpon|spe|1\n|-ability|p1a: Ogerpon|Mold Breaker\n|turn|10\n|-message|QuigWasHere forfeited.\n|\n|win|Blake-Mamba\n|raw|QuigWasHere's rating: 1064 &rarr; <strong>1055<\/strong><br \/>(-9 for losing)\n|raw|Blake-Mamba's rating: 1278 &rarr; <strong>1289<\/strong><br \/>(+11 for winning)\n|l|\u2606QuigWasHere\n","uploadtime":1697877235,"views":17,"p1id":"quigwashere","p2id":"blakemamba","formatid":"gen9ubers","rating":1055,"private":0,"password":""}