{"id":"gen9ubers-1971666072","p1":"Mathl3te","p2":"GoldenTorterra","format":"[Gen 9] Ubers","log":"|j|\u2606Mathl3te\n|j|\u2606GoldenTorterra\n|t:|1697758901\n|gametype|singles\n|player|p1|Mathl3te|li|\n|player|p2|GoldenTorterra|pokemonbreeder-gen4|\n|teamsize|p1|6\n|teamsize|p2|6\n|gen|9\n|tier|[Gen 9] Ubers\n|rule|Sleep Clause Mod: Limit one foe put to sleep\n|rule|Species Clause: Limit one of each Pok\u00e9mon\n|rule|OHKO Clause: OHKO moves are banned\n|rule|Evasion Items Clause: Evasion items are banned\n|rule|Evasion Moves Clause: Evasion moves are banned\n|rule|Endless Battle Clause: Forcing endless battles is banned\n|rule|HP Percentage Mod: HP is shown in percentages\n|clearpoke\n|poke|p1|Crocalor, F|\n|poke|p1|Blissey, F|\n|poke|p1|Greninja-*, M|\n|poke|p1|Dragapult, F|\n|poke|p1|Sneasler, F|\n|poke|p1|Hatterene, F|\n|poke|p2|Espeon, F|\n|poke|p2|Iron Moth|\n|poke|p2|Corviknight, M|\n|poke|p2|Clefable, F|\n|poke|p2|Baxcalibur, M|\n|poke|p2|Kilowattrel, M|\n|teampreview\n|c|\u2606GoldenTorterra|glhf!\n|j| HiHowAria?\n|c|\u2606Mathl3te|My bad forgot they banned bax lol\n|c|\u2606GoldenTorterra|np\n|c|\u2606Mathl3te|Glhf\n|l|\u2606Mathl3te\n|player|p1|\n|j| CTC Pokemon\n|j|\u2606Mathl3te\n|player|p1|Mathl3te|li\n|\n|t:|1697758952\n|start\n|switch|p1a: Sneasler|Sneasler, F|100\/100\n|switch|p2a: Riding on the Wind|Kilowattrel, M|100\/100\n|turn|1\n|c| CTC Pokemon|Evil joeag stall\n|c| CTC Pokemon|crocalor and blissey\n|\n|t:|1697758994\n|switch|p1a: Blissey|Blissey, F|100\/100\n|move|p2a: Riding on the Wind|Tailwind|p2a: Riding on the Wind\n|-sidestart|p2: GoldenTorterra|move: Tailwind\n|\n|upkeep\n|turn|2\n|c|\u2606Mathl3te|We love the publicity\n|\n|t:|1697759006\n|move|p2a: Riding on the Wind|Volt Switch|p1a: Blissey\n|-damage|p1a: Blissey|89\/100\n|\n|t:|1697759018\n|switch|p2a: Althea|Clefable, F|100\/100|[from] Volt Switch\n|move|p1a: Blissey|Stealth Rock|p2a: Althea\n|-sidestart|p2: GoldenTorterra|move: Stealth Rock\n|\n|-heal|p1a: Blissey|95\/100|[from] item: Leftovers\n|upkeep\n|turn|3\n|\n|t:|1697759025\n|move|p2a: Althea|Trick|p1a: Blissey\n|-activate|p2a: Althea|move: Trick|[of] p1a: Blissey\n|-item|p1a: Blissey|Choice Scarf|[from] move: Trick\n|-item|p2a: Althea|Leftovers|[from] move: Trick\n|move|p1a: Blissey|Thunder Wave|p2a: Althea\n|-status|p2a: Althea|par\n|\n|upkeep\n|turn|4\n|c| HiHowAria?|i miss u clef <<3\n|\n|t:|1697759043\n|switch|p1a: Hatterene|Hatterene, F|100\/100\n|move|p2a: Althea|Stealth Rock|p1a: Hatterene\n|move|p1a: Hatterene|Stealth Rock||[from]ability: Magic Bounce|[still]\n|-fail|p1a: Hatterene\n|\n|-sideend|p2: GoldenTorterra|move: Tailwind\n|upkeep\n|turn|5\n|\n|t:|1697759065\n|switch|p2a: Justice|Corviknight, M|100\/100\n|-damage|p2a: Justice|88\/100|[from] Stealth Rock\n|-ability|p2a: Justice|Pressure\n|move|p1a: Hatterene|Calm Mind|p1a: Hatterene\n|-boost|p1a: Hatterene|spa|1\n|-boost|p1a: Hatterene|spd|1\n|\n|-heal|p2a: Justice|94\/100|[from] item: Leftovers\n|upkeep\n|turn|6\n|l| CTC Pokemon\n|\n|t:|1697759113\n|move|p2a: Justice|U-turn|p1a: Hatterene\n|-damage|p1a: Hatterene|83\/100\n|j| CTC Pokemon\n|\n|t:|1697759128\n|switch|p2a: Godzilla|Baxcalibur, M|100\/100|[from] U-turn\n|-damage|p2a: Godzilla|76\/100|[from] Stealth Rock\n|move|p1a: Hatterene|Mystical Fire|p2a: Godzilla\n|-crit|p2a: Godzilla\n|-damage|p2a: Godzilla|21\/100\n|-unboost|p2a: Godzilla|spa|1\n|-ability|p2a: Godzilla|Thermal Exchange|boost\n|-boost|p2a: Godzilla|atk|1\n|\n|-heal|p1a: Hatterene|89\/100|[from] item: Leftovers\n|upkeep\n|turn|7\n|\n|t:|1697759175\n|move|p2a: Godzilla|Iron Head|p1a: Hatterene\n|-supereffective|p1a: Hatterene\n|-damage|p1a: Hatterene|12\/100\n|move|p1a: Hatterene|Draining Kiss|p2a: Godzilla\n|-supereffective|p2a: Godzilla\n|-damage|p2a: Godzilla|0 fnt\n|-heal|p1a: Hatterene|30\/100|[from] drain|[of] p2a: Godzilla\n|faint|p2a: Godzilla\n|\n|-heal|p1a: Hatterene|36\/100|[from] item: Leftovers\n|upkeep\n|\n|t:|1697759214\n|switch|p2a: Justice|Corviknight, M|94\/100\n|-damage|p2a: Justice|82\/100|[from] Stealth Rock\n|-ability|p2a: Justice|Pressure\n|turn|8\n|\n|t:|1697759238\n|switch|p1a: Crocalor|Crocalor, F|100\/100\n|move|p2a: Justice|Iron Head|p1a: Crocalor\n|-resisted|p1a: Crocalor\n|-damage|p1a: Crocalor|91\/100\n|\n|-heal|p2a: Justice|88\/100|[from] item: Leftovers\n|upkeep\n|turn|9\n|\n|t:|1697759260\n|move|p2a: Justice|Defog|p1a: Crocalor\n|-unboost|p1a: Crocalor|evasion|1\n|-sideend|p2: GoldenTorterra|Stealth Rock|[from] move: Defog|[of] p2a: Justice\n|move|p1a: Crocalor|Flamethrower|p2a: Justice\n|-supereffective|p2a: Justice\n|-damage|p2a: Justice|35\/100\n|\n|-heal|p2a: Justice|42\/100|[from] item: Leftovers\n|upkeep\n|turn|10\n|\n|t:|1697759274\n|move|p2a: Justice|U-turn|p1a: Crocalor\n|-resisted|p1a: Crocalor\n|-damage|p1a: Crocalor|85\/100\n|\n|t:|1697759277\n|switch|p2a: Cygnus X-1|Iron Moth|100\/100|[from] U-turn\n|-enditem|p2a: Cygnus X-1|Booster Energy\n|-activate|p2a: Cygnus X-1|ability: Quark Drive|[fromitem]\n|-start|p2a: Cygnus X-1|quarkdrivespe\n|move|p1a: Crocalor|Flamethrower|p2a: Cygnus X-1\n|-resisted|p2a: Cygnus X-1\n|-damage|p2a: Cygnus X-1|85\/100\n|\n|upkeep\n|turn|11\n|\n|t:|1697759290\n|switch|p1a: Blissey|Blissey, F|95\/100\n|move|p2a: Cygnus X-1|Fiery Dance|p1a: Blissey\n|-damage|p1a: Blissey|80\/100\n|\n|upkeep\n|turn|12\n|\n|t:|1697759301\n|move|p2a: Cygnus X-1|Fiery Dance|p1a: Blissey\n|-damage|p1a: Blissey|65\/100\n|-boost|p2a: Cygnus X-1|spa|1\n|move|p1a: Blissey|Seismic Toss|p2a: Cygnus X-1\n|-damage|p2a: Cygnus X-1|51\/100\n|\n|upkeep\n|turn|13\n|\n|t:|1697759311\n|move|p2a: Cygnus X-1|Fiery Dance|p1a: Blissey\n|-damage|p1a: Blissey|44\/100\n|move|p1a: Blissey|Seismic Toss|p2a: Cygnus X-1\n|-damage|p2a: Cygnus X-1|18\/100\n|\n|upkeep\n|turn|14\n|\n|t:|1697759358\n|-end|p2a: Cygnus X-1|Quark Drive|[silent]\n|switch|p2a: Justice|Corviknight, M|42\/100\n|-ability|p2a: Justice|Pressure\n|move|p1a: Blissey|Seismic Toss|p2a: Justice\n|-damage|p2a: Justice|17\/100\n|\n|-heal|p2a: Justice|23\/100|[from] item: Leftovers\n|upkeep\n|turn|15\n|\n|t:|1697759372\n|move|p1a: Blissey|Seismic Toss|p2a: Justice\n|-damage|p2a: Justice|0 fnt\n|faint|p2a: Justice\n|\n|upkeep\n|\n|t:|1697759380\n|switch|p2a: Althea|Clefable, F|100\/100 par\n|turn|16\n|\n|t:|1697759405\n|switch|p1a: Hatterene|Hatterene, F|36\/100\n|move|p2a: Althea|Stealth Rock|p1a: Hatterene\n|move|p1a: Hatterene|Stealth Rock|p2a: Althea|[from]ability: Magic Bounce\n|-sidestart|p2: GoldenTorterra|move: Stealth Rock\n|\n|-heal|p1a: Hatterene|42\/100|[from] item: Leftovers\n|upkeep\n|turn|17\n|\n|t:|1697759417\n|switch|p2a: Eleanor Rigby|Espeon, F|100\/100\n|-damage|p2a: Eleanor Rigby|88\/100|[from] Stealth Rock\n|move|p1a: Hatterene|Calm Mind|p1a: Hatterene\n|-boost|p1a: Hatterene|spa|1\n|-boost|p1a: Hatterene|spd|1\n|\n|-heal|p1a: Hatterene|48\/100|[from] item: Leftovers\n|upkeep\n|turn|18\n|\n|t:|1697759422\n|move|p2a: Eleanor Rigby|Trick|p1a: Hatterene\n|-activate|p2a: Eleanor Rigby|move: Trick|[of] p1a: Hatterene\n|-item|p1a: Hatterene|Choice Scarf|[from] move: Trick\n|-item|p2a: Eleanor Rigby|Leftovers|[from] move: Trick\n|move|p1a: Hatterene|Draining Kiss|p2a: Eleanor Rigby\n|-damage|p2a: Eleanor Rigby|45\/100\n|-heal|p1a: Hatterene|76\/100|[from] drain|[of] p2a: Eleanor Rigby\n|\n|-heal|p2a: Eleanor Rigby|51\/100|[from] item: Leftovers\n|upkeep\n|turn|19\n|\n|t:|1697759433\n|switch|p2a: Althea|Clefable, F|100\/100 par\n|-damage|p2a: Althea|88\/100 par|[from] Stealth Rock\n|move|p1a: Hatterene|Draining Kiss|p2a: Althea\n|-damage|p2a: Althea|64\/100 par\n|-heal|p1a: Hatterene|95\/100|[from] drain|[of] p2a: Althea\n|\n|-heal|p2a: Althea|70\/100 par|[from] item: Leftovers\n|upkeep\n|turn|20\n|l| CTC Pokemon\n|\n|t:|1697759443\n|move|p1a: Hatterene|Draining Kiss|p2a: Althea\n|-damage|p2a: Althea|43\/100 par\n|-heal|p1a: Hatterene|100\/100|[from] drain|[of] p2a: Althea\n|move|p2a: Althea|Moonblast|p1a: Hatterene\n|-damage|p1a: Hatterene|62\/100\n|\n|-heal|p2a: Althea|49\/100 par|[from] item: Leftovers\n|upkeep\n|turn|21\n|\n|t:|1697759449\n|move|p1a: Hatterene|Draining Kiss|p2a: Althea\n|-damage|p2a: Althea|23\/100 par\n|-heal|p1a: Hatterene|83\/100|[from] drain|[of] p2a: Althea\n|move|p2a: Althea|Moonblast|p1a: Hatterene\n|-damage|p1a: Hatterene|44\/100\n|-unboost|p1a: Hatterene|spa|1\n|\n|-heal|p2a: Althea|29\/100 par|[from] item: Leftovers\n|upkeep\n|turn|22\n|j| CTC Pokemon\n|\n|t:|1697759467\n|switch|p2a: Riding on the Wind|Kilowattrel, M|100\/100\n|move|p1a: Hatterene|Draining Kiss|p2a: Riding on the Wind\n|-damage|p2a: Riding on the Wind|59\/100\n|-heal|p1a: Hatterene|72\/100|[from] drain|[of] p2a: Riding on the Wind\n|\n|upkeep\n|turn|23\n|\n|t:|1697759486\n|move|p2a: Riding on the Wind|Hurricane|p1a: Hatterene\n|-damage|p1a: Hatterene|34\/100\n|-start|p1a: Hatterene|confusion\n|-activate|p1a: Hatterene|confusion\n|move|p1a: Hatterene|Draining Kiss|p2a: Riding on the Wind\n|-damage|p2a: Riding on the Wind|18\/100\n|-heal|p1a: Hatterene|61\/100|[from] drain|[of] p2a: Riding on the Wind\n|\n|upkeep\n|turn|24\n|\n|t:|1697759504\n|switch|p1a: Blissey|Blissey, F|44\/100\n|move|p2a: Riding on the Wind|U-turn|p1a: Blissey\n|-damage|p1a: Blissey|35\/100\n|\n|t:|1697759511\n|switch|p2a: Cygnus X-1|Iron Moth|18\/100|[from] U-turn\n|-damage|p2a: Cygnus X-1|0 fnt|[from] Stealth Rock\n|faint|p2a: Cygnus X-1\n|-end|p2a: Cygnus X-1|Quark Drive|[silent]\n|\n|upkeep\n|\n|t:|1697759527\n|switch|p2a: Eleanor Rigby|Espeon, F|51\/100\n|-damage|p2a: Eleanor Rigby|38\/100|[from] Stealth Rock\n|turn|25\n|\n|t:|1697759536\n|-terastallize|p1a: Blissey|Steel\n|move|p2a: Eleanor Rigby|Psychic|p1a: Blissey\n|-resisted|p1a: Blissey\n|-damage|p1a: Blissey|27\/100\n|move|p1a: Blissey|Seismic Toss|p2a: Eleanor Rigby\n|-damage|p2a: Eleanor Rigby|2\/100\n|\n|-heal|p2a: Eleanor Rigby|8\/100|[from] item: Leftovers\n|upkeep\n|turn|26\n|\n|t:|1697759546\n|move|p2a: Eleanor Rigby|Psychic|p1a: Blissey\n|-resisted|p1a: Blissey\n|-damage|p1a: Blissey|19\/100\n|move|p1a: Blissey|Seismic Toss|p2a: Eleanor Rigby\n|-damage|p2a: Eleanor Rigby|0 fnt\n|faint|p2a: Eleanor Rigby\n|\n|upkeep\n|\n|t:|1697759553\n|switch|p2a: Riding on the Wind|Kilowattrel, M|18\/100\n|turn|27\n|l| CTC Pokemon\n|\n|t:|1697759568\n|switch|p1a: Hatterene|Hatterene, F|61\/100\n|move|p2a: Riding on the Wind|Volt Switch|p1a: Hatterene\n|-damage|p1a: Hatterene|28\/100\n|\n|t:|1697759571\n|switch|p2a: Althea|Clefable, F|29\/100 par|[from] Volt Switch\n|-damage|p2a: Althea|16\/100 par|[from] Stealth Rock\n|\n|-heal|p2a: Althea|22\/100 par|[from] item: Leftovers\n|upkeep\n|turn|28\n|\n|t:|1697759580\n|move|p1a: Hatterene|Mystical Fire|p2a: Althea\n|-damage|p2a: Althea|0 fnt\n|faint|p2a: Althea\n|\n|upkeep\n|\n|t:|1697759582\n|switch|p2a: Riding on the Wind|Kilowattrel, M|18\/100\n|turn|29\n|\n|t:|1697759608\n|switch|p1a: Dragapult|Dragapult, F|100\/100\n|move|p2a: Riding on the Wind|Hurricane|p1a: Dragapult|[miss]\n|-miss|p2a: Riding on the Wind|p1a: Dragapult\n|\n|upkeep\n|turn|30\n|\n|t:|1697759613\n|move|p2a: Riding on the Wind|Hurricane|p1a: Dragapult\n|-damage|p1a: Dragapult|34\/100\n|move|p1a: Dragapult|Shadow Ball|p2a: Riding on the Wind\n|-damage|p2a: Riding on the Wind|0 fnt\n|faint|p2a: Riding on the Wind\n|\n|win|Mathl3te\n|c|\u2606GoldenTorterra|gg\n|c|\u2606GoldenTorterra|i played horrendously lmao\n|j| CTC Pokemon\n|c|\u2606Mathl3te|Gg bro it happens lol\n|c|\u2606Mathl3te|Always to me in playoffs\n|l| CTC Pokemon\n","uploadtime":1697759627,"views":32,"p1id":"mathl3te","p2id":"goldentorterra","formatid":"gen9ubers","rating":0,"private":0,"password":""}