{"id":"gen9ubers-1973316521","p1":"podar123a1","p2":"skeledirge9","format":"[Gen 9] Ubers","log":"|j|\u2606podar123a1\n|j|\u2606skeledirge9\n|t:|1697953516\n|gametype|singles\n|player|p1|podar123a1|irida|\n|player|p2|skeledirge9|cynthia-masters3|\n|teamsize|p1|6\n|teamsize|p2|6\n|gen|9\n|tier|[Gen 9] Ubers\n|rated|Tournament battle\n|rule|Sleep Clause Mod: Limit one foe put to sleep\n|rule|Species Clause: Limit one of each Pok\u00e9mon\n|rule|OHKO Clause: OHKO moves are banned\n|rule|Evasion Items Clause: Evasion items are banned\n|rule|Evasion Moves Clause: Evasion moves are banned\n|rule|Endless Battle Clause: Forcing endless battles is banned\n|rule|HP Percentage Mod: HP is shown in percentages\n|clearpoke\n|poke|p1|Miraidon|\n|poke|p1|Flutter Mane|\n|poke|p1|Koraidon|\n|poke|p1|Zacian-*|\n|poke|p1|Eternatus|\n|poke|p1|Regieleki|\n|poke|p2|Miraidon|\n|poke|p2|Kyogre|\n|poke|p2|Clodsire, F|\n|poke|p2|Koraidon|\n|poke|p2|Arceus-Fairy|\n|poke|p2|Iron Bundle|\n|teampreview\n|j| Starfire Scarlet\n|inactive|Battle timer is ON: inactive players will automatically lose when time's up. (requested by podar123a1)\n|inactive|skeledirge9 has 120 seconds left.\n|c|\u2606podar123a1|glhf\n|inactive|skeledirge9 has 90 seconds left.\n|\n|t:|1697953593\n|start\n|switch|p1a: Koraidon|Koraidon|100\/100\n|switch|p2a: Clodsire|Clodsire, F|100\/100\n|-weather|SunnyDay|[from] ability: Orichalcum Pulse|[of] p1a: Koraidon\n|-activate|p1a: Koraidon|Orichalcum Pulse|[source]\n|turn|1\n|c|\u2606skeledirge9|hf\n|\n|t:|1697953612\n|switch|p2a: Kyogre|Kyogre|100\/100\n|-weather|RainDance|[from] ability: Drizzle|[of] p2a: Kyogre\n|move|p1a: Koraidon|Scale Shot|p2a: Kyogre|[miss]\n|-miss|p1a: Koraidon|p2a: Kyogre\n|\n|-weather|RainDance|[upkeep]\n|upkeep\n|turn|2\n|c|\u2606podar123a1|And we already have a bad start\n|\n|t:|1697953635\n|move|p1a: Koraidon|Scale Shot|p2a: Kyogre\n|-damage|p2a: Kyogre|87\/100\n|-damage|p2a: Kyogre|75\/100\n|-damage|p2a: Kyogre|62\/100\n|-damage|p2a: Kyogre|50\/100\n|-hitcount|p2a: Kyogre|4\n|-unboost|p1a: Koraidon|def|1\n|-boost|p1a: Koraidon|spe|1\n|move|p2a: Kyogre|Ice Beam|p1a: Koraidon\n|-supereffective|p1a: Koraidon\n|-damage|p1a: Koraidon|27\/100\n|\n|-weather|RainDance|[upkeep]\n|upkeep\n|turn|3\n|\n|t:|1697953646\n|switch|p2a: Arceus|Arceus-Fairy|100\/100\n|move|p1a: Koraidon|Collision Course|p2a: Arceus\n|-resisted|p2a: Arceus\n|-damage|p2a: Arceus|86\/100\n|\n|-weather|RainDance|[upkeep]\n|upkeep\n|turn|4\n|\n|t:|1697953652\n|move|p1a: Koraidon|Flare Blitz|p2a: Arceus\n|-damage|p2a: Arceus|74\/100\n|-damage|p1a: Koraidon|22\/100|[from] Recoil\n|move|p2a: Arceus|Stealth Rock|p1a: Koraidon\n|-sidestart|p1: podar123a1|move: Stealth Rock\n|\n|-weather|RainDance|[upkeep]\n|upkeep\n|turn|5\n|\n|t:|1697953659\n|move|p1a: Koraidon|Flare Blitz|p2a: Arceus\n|-damage|p2a: Arceus|61\/100\n|-damage|p1a: Koraidon|17\/100|[from] Recoil\n|move|p2a: Arceus|Judgment|p1a: Koraidon\n|-supereffective|p1a: Koraidon\n|-damage|p1a: Koraidon|0 fnt\n|faint|p1a: Koraidon\n|\n|-weather|none\n|upkeep\n|\n|t:|1697953671\n|switch|p1a: Miraidon|Miraidon|100\/100\n|-damage|p1a: Miraidon|88\/100|[from] Stealth Rock\n|-fieldstart|move: Electric Terrain|[from] ability: Hadron Engine|[of] p1a: Miraidon\n|turn|6\n|\n|t:|1697953688\n|switch|p2a: Clodsire|Clodsire, F|100\/100\n|move|p1a: Miraidon|Electro Drift|p2a: Clodsire\n|-immune|p2a: Clodsire\n|\n|upkeep\n|turn|7\n|\n|t:|1697953698\n|move|p1a: Miraidon|Draco Meteor|p2a: Clodsire\n|-damage|p2a: Clodsire|55\/100\n|-unboost|p1a: Miraidon|spa|2\n|-enditem|p1a: Miraidon|White Herb\n|-clearnegativeboost|p1a: Miraidon|[silent]\n|move|p2a: Clodsire|Recover|p2a: Clodsire\n|-heal|p2a: Clodsire|100\/100\n|\n|upkeep\n|turn|8\n|\n|t:|1697953704\n|move|p1a: Miraidon|Draco Meteor|p2a: Clodsire\n|-damage|p2a: Clodsire|51\/100\n|-unboost|p1a: Miraidon|spa|2\n|move|p2a: Clodsire|Spikes|p1a: Miraidon\n|-sidestart|p1: podar123a1|Spikes\n|\n|upkeep\n|turn|9\n|\n|t:|1697953717\n|switch|p1a: Eternatus|Eternatus|100\/100\n|-damage|p1a: Eternatus|88\/100|[from] Stealth Rock\n|-damage|p1a: Eternatus|76\/100|[from] Spikes\n|-ability|p1a: Eternatus|Pressure\n|move|p2a: Clodsire|Recover|p2a: Clodsire\n|-heal|p2a: Clodsire|100\/100\n|\n|upkeep\n|turn|10\n|\n|t:|1697953726\n|switch|p2a: Koraidon|Koraidon|100\/100\n|-weather|SunnyDay|[from] ability: Orichalcum Pulse|[of] p2a: Koraidon\n|-activate|p2a: Koraidon|Orichalcum Pulse|[source]\n|move|p1a: Eternatus|Cosmic Power|p1a: Eternatus\n|-boost|p1a: Eternatus|def|1\n|-boost|p1a: Eternatus|spd|1\n|\n|-weather|SunnyDay|[upkeep]\n|-fieldend|move: Electric Terrain\n|upkeep\n|turn|11\n|\n|t:|1697953735\n|move|p2a: Koraidon|Scale Shot|p1a: Eternatus\n|-supereffective|p1a: Eternatus\n|-damage|p1a: Eternatus|58\/100\n|-supereffective|p1a: Eternatus\n|-damage|p1a: Eternatus|41\/100\n|-supereffective|p1a: Eternatus\n|-damage|p1a: Eternatus|21\/100\n|-supereffective|p1a: Eternatus\n|-damage|p1a: Eternatus|2\/100\n|-supereffective|p1a: Eternatus\n|-damage|p1a: Eternatus|0 fnt\n|faint|p1a: Eternatus\n|-hitcount|p1: Eternatus|5\n|-unboost|p2a: Koraidon|def|1\n|-boost|p2a: Koraidon|spe|1\n|\n|-weather|SunnyDay|[upkeep]\n|upkeep\n|\n|t:|1697953741\n|switch|p1a: Flutter Mane|Flutter Mane, shiny|100\/100\n|-damage|p1a: Flutter Mane|88\/100|[from] Stealth Rock\n|-damage|p1a: Flutter Mane|76\/100|[from] Spikes\n|-activate|p1a: Flutter Mane|ability: Protosynthesis\n|-start|p1a: Flutter Mane|protosynthesisspe\n|turn|12\n|\n|t:|1697953757\n|-terastallize|p2a: Koraidon|Ghost\n|move|p2a: Koraidon|Tera Blast|p1a: Flutter Mane|[anim] Tera Blast Ghost\n|-supereffective|p1a: Flutter Mane\n|-damage|p1a: Flutter Mane|0 fnt\n|faint|p1a: Flutter Mane\n|-end|p1a: Flutter Mane|Protosynthesis|[silent]\n|\n|-weather|SunnyDay|[upkeep]\n|upkeep\n|\n|t:|1697953768\n|switch|p1a: Miraidon|Miraidon|88\/100\n|-damage|p1a: Miraidon|76\/100|[from] Stealth Rock\n|-damage|p1a: Miraidon|64\/100|[from] Spikes\n|-fieldstart|move: Electric Terrain|[from] ability: Hadron Engine|[of] p1a: Miraidon\n|turn|13\n|\n|t:|1697953782\n|move|p2a: Koraidon|Tera Blast|p1a: Miraidon|[anim] Tera Blast Ghost\n|-damage|p1a: Miraidon|9\/100\n|move|p1a: Miraidon|Electro Drift|p2a: Koraidon\n|-damage|p2a: Koraidon|0 fnt\n|faint|p2a: Koraidon\n|\n|-weather|SunnyDay|[upkeep]\n|upkeep\n|\n|t:|1697953789\n|switch|p2a: Iron Bundle|Iron Bundle|100\/100\n|-activate|p2a: Iron Bundle|ability: Quark Drive\n|-start|p2a: Iron Bundle|quarkdrivespe\n|turn|14\n|\n|t:|1697953808\n|move|p2a: Iron Bundle|Ice Beam|p1a: Miraidon\n|-supereffective|p1a: Miraidon\n|-damage|p1a: Miraidon|0 fnt\n|faint|p1a: Miraidon\n|\n|-weather|none\n|upkeep\n|\n|t:|1697953814\n|switch|p1a: Zacian|Zacian-Crowned, shiny|100\/100\n|-damage|p1a: Zacian|94\/100|[from] Stealth Rock\n|-damage|p1a: Zacian|82\/100|[from] Spikes\n|-ability|p1a: Zacian|Intrepid Sword|boost\n|-boost|p1a: Zacian|atk|1\n|turn|15\n|\n|t:|1697953825\n|move|p2a: Iron Bundle|Hydro Pump|p1a: Zacian|[miss]\n|-miss|p2a: Iron Bundle|p1a: Zacian\n|move|p1a: Zacian|Close Combat|p2a: Iron Bundle\n|-supereffective|p2a: Iron Bundle\n|-damage|p2a: Iron Bundle|0 fnt\n|-unboost|p1a: Zacian|def|1\n|-unboost|p1a: Zacian|spd|1\n|faint|p2a: Iron Bundle\n|-end|p2a: Iron Bundle|Quark Drive|[silent]\n|\n|upkeep\n|\n|t:|1697953847\n|switch|p2a: Clodsire|Clodsire, F|100\/100\n|turn|16\n|\n|t:|1697953852\n|-terastallize|p1a: Zacian|Steel\n|move|p1a: Zacian|Behemoth Blade|p2a: Clodsire\n|-damage|p2a: Clodsire|0 fnt\n|faint|p2a: Clodsire\n|\n|upkeep\n|\n|t:|1697953867\n|switch|p2a: Miraidon|Miraidon|100\/100\n|-activate|p2a: Miraidon|ability: Hadron Engine\n|turn|17\n|\n|t:|1697953871\n|move|p1a: Zacian|Play Rough|p2a: Miraidon\n|-supereffective|p2a: Miraidon\n|-damage|p2a: Miraidon|0 fnt\n|faint|p2a: Miraidon\n|\n|-fieldend|move: Electric Terrain\n|upkeep\n|\n|t:|1697953875\n|switch|p2a: Kyogre|Kyogre|50\/100\n|-weather|RainDance|[from] ability: Drizzle|[of] p2a: Kyogre\n|turn|18\n|\n|t:|1697953878\n|move|p1a: Zacian|Wild Charge|p2a: Kyogre\n|-supereffective|p2a: Kyogre\n|-damage|p2a: Kyogre|0 fnt\n|faint|p2a: Kyogre\n|-damage|p1a: Zacian|67\/100|[from] Recoil\n|\n|-weather|RainDance|[upkeep]\n|upkeep\n|-message|skeledirge9 forfeited.\n|\n|win|podar123a1\n|n|\u2606podar123a1|podar123a1\n|n|\u2606skeledirge9|skeledirge9\n|n| Starfire Scarlet|starfirescarlet\n","uploadtime":1697953881,"views":9,"p1id":"podar123a1","p2id":"skeledirge9","formatid":"gen9ubers","rating":0,"private":0,"password":""}