{"id":"gen9ubers-1969218403","p1":"GodKmi","p2":"nxheartc","format":"[Gen 9] Ubers","log":"|j|\u2606GodKmi\n|j|\u2606nxheartc\n|t:|1697501573\n|gametype|singles\n|player|p1|GodKmi|saguaro|1160\n|player|p2|nxheartc|265|1071\n|teamsize|p1|6\n|teamsize|p2|6\n|gen|9\n|tier|[Gen 9] Ubers\n|rated|\n|rule|Sleep Clause Mod: Limit one foe put to sleep\n|rule|Species Clause: Limit one of each Pok\u00e9mon\n|rule|OHKO Clause: OHKO moves are banned\n|rule|Evasion Items Clause: Evasion items are banned\n|rule|Evasion Moves Clause: Evasion moves are banned\n|rule|Endless Battle Clause: Forcing endless battles is banned\n|rule|HP Percentage Mod: HP is shown in percentages\n|clearpoke\n|poke|p1|Ogerpon, F|\n|poke|p1|Rillaboom, M|\n|poke|p1|Alomomola, M|\n|poke|p1|Toxapex, F|\n|poke|p1|Clodsire, M|\n|poke|p1|Ditto|\n|poke|p2|Landorus-Therian, M|\n|poke|p2|Regieleki|\n|poke|p2|Toxapex, M|\n|poke|p2|Ting-Lu|\n|poke|p2|Iron Bundle|\n|poke|p2|Corviknight, F|\n|teampreview\n|\n|t:|1697501582\n|start\n|switch|p1a: Rillaboom|Rillaboom, M|100\/100\n|switch|p2a: Ting-Lu|Ting-Lu|100\/100\n|-fieldstart|move: Grassy Terrain|[from] ability: Grassy Surge|[of] p1a: Rillaboom\n|-ability|p2a: Ting-Lu|Vessel of Ruin\n|turn|1\n|\n|t:|1697501588\n|move|p1a: Rillaboom|U-turn|p2a: Ting-Lu\n|-supereffective|p2a: Ting-Lu\n|-damage|p2a: Ting-Lu|78\/100\n|\n|t:|1697501590\n|switch|p1a: Ogerpon|Ogerpon, F|100\/100|[from] U-turn\n|move|p2a: Ting-Lu|Stealth Rock|p1a: Ogerpon\n|-sidestart|p1: GodKmi|move: Stealth Rock\n|\n|-heal|p2a: Ting-Lu|84\/100|[from] Grassy Terrain\n|-heal|p2a: Ting-Lu|90\/100|[from] item: Leftovers\n|upkeep\n|turn|2\n|\n|t:|1697501602\n|switch|p2a: Corviknight|Corviknight, F|100\/100\n|-terastallize|p1a: Ogerpon|Grass\n|detailschange|p1a: Ogerpon|Ogerpon-Teal-Tera, F, tera:Grass\n|-ability|p1a: Ogerpon|Embody Aspect (Teal)|boost\n|-boost|p1a: Ogerpon|spe|1\n|move|p1a: Ogerpon|Ivy Cudgel|p2a: Corviknight\n|-resisted|p2a: Corviknight\n|-damage|p2a: Corviknight|74\/100\n|\n|upkeep\n|turn|3\n|\n|t:|1697501613\n|switch|p1a: Ditto|Ditto|100\/100\n|-damage|p1a: Ditto|88\/100|[from] Stealth Rock\n|-transform|p1a: Ditto|p2a: Corviknight|[from] ability: Imposter\n|move|p2a: Corviknight|Iron Defense|p2a: Corviknight\n|-boost|p2a: Corviknight|def|2\n|\n|upkeep\n|turn|4\n|\n|t:|1697501620\n|move|p1a: Ditto|Defog|p2a: Corviknight\n|-ability|p2a: Corviknight|Mirror Armor\n|-unboost|p1a: Ditto|evasion|1\n|-sideend|p1: GodKmi|Stealth Rock|[from] move: Defog|[of] p1a: Ditto\n|-fieldend|move: Grassy Terrain\n|move|p2a: Corviknight|Iron Defense|p2a: Corviknight\n|-boost|p2a: Corviknight|def|2\n|\n|upkeep\n|turn|5\n|\n|t:|1697501628\n|switch|p1a: Clodsire|Clodsire, M|100\/100\n|move|p2a: Corviknight|Iron Defense|p2a: Corviknight\n|-boost|p2a: Corviknight|def|2\n|\n|upkeep\n|turn|6\n|\n|t:|1697501632\n|move|p2a: Corviknight|Body Press|p1a: Clodsire\n|-resisted|p1a: Clodsire\n|-damage|p1a: Clodsire|89\/100\n|move|p1a: Clodsire|Stealth Rock|p2a: Corviknight\n|-sidestart|p2: nxheartc|move: Stealth Rock\n|\n|-heal|p1a: Clodsire|96\/100|[from] item: Leftovers\n|upkeep\n|turn|7\n|\n|t:|1697501638\n|move|p2a: Corviknight|Body Press|p1a: Clodsire\n|-resisted|p1a: Clodsire\n|-damage|p1a: Clodsire|82\/100\n|move|p1a: Clodsire|Stealth Rock||[still]\n|-fail|p1a: Clodsire\n|\n|-heal|p1a: Clodsire|89\/100|[from] item: Leftovers\n|upkeep\n|turn|8\n|\n|t:|1697501644\n|move|p2a: Corviknight|Body Press|p1a: Clodsire\n|-resisted|p1a: Clodsire\n|-damage|p1a: Clodsire|77\/100\n|move|p1a: Clodsire|Stealth Rock||[still]\n|-fail|p1a: Clodsire\n|\n|-heal|p1a: Clodsire|83\/100|[from] item: Leftovers\n|upkeep\n|turn|9\n|\n|t:|1697501653\n|move|p2a: Corviknight|Body Press|p1a: Clodsire\n|-resisted|p1a: Clodsire\n|-damage|p1a: Clodsire|72\/100\n|move|p1a: Clodsire|Poison Jab|p2a: Corviknight\n|-immune|p2a: Corviknight\n|\n|-heal|p1a: Clodsire|78\/100|[from] item: Leftovers\n|upkeep\n|turn|10\n|\n|t:|1697501659\n|move|p2a: Corviknight|Body Press|p1a: Clodsire\n|-resisted|p1a: Clodsire\n|-damage|p1a: Clodsire|66\/100\n|move|p1a: Clodsire|Poison Jab|p2a: Corviknight\n|-immune|p2a: Corviknight\n|\n|-heal|p1a: Clodsire|72\/100|[from] item: Leftovers\n|upkeep\n|turn|11\n|\n|t:|1697501666\n|move|p2a: Corviknight|Body Press|p1a: Clodsire\n|-resisted|p1a: Clodsire\n|-damage|p1a: Clodsire|60\/100\n|move|p1a: Clodsire|Poison Jab|p2a: Corviknight\n|-immune|p2a: Corviknight\n|\n|-heal|p1a: Clodsire|66\/100|[from] item: Leftovers\n|upkeep\n|turn|12\n|\n|t:|1697501690\n|move|p2a: Corviknight|Body Press|p1a: Clodsire\n|-resisted|p1a: Clodsire\n|-damage|p1a: Clodsire|54\/100\n|move|p1a: Clodsire|Poison Jab|p2a: Corviknight\n|-immune|p2a: Corviknight\n|\n|-heal|p1a: Clodsire|60\/100|[from] item: Leftovers\n|upkeep\n|turn|13\n|\n|t:|1697501706\n|switch|p2a: Landorus|Landorus-Therian, M|100\/100\n|-damage|p2a: Landorus|88\/100|[from] Stealth Rock\n|-ability|p2a: Landorus|Intimidate|boost\n|-unboost|p1a: Clodsire|atk|1\n|move|p1a: Clodsire|Recover|p1a: Clodsire\n|-heal|p1a: Clodsire|100\/100\n|\n|upkeep\n|turn|14\n|\n|t:|1697501710\n|switch|p1a: Alomomola|Alomomola, M|100\/100\n|move|p2a: Landorus|Earthquake|p1a: Alomomola\n|-damage|p1a: Alomomola|70\/100\n|-enditem|p1a: Alomomola|Eject Button\n|\n|t:|1697501713\n|switch|p1a: Rillaboom|Rillaboom, M|100\/100\n|-fieldstart|move: Grassy Terrain|[from] ability: Grassy Surge|[of] p1a: Rillaboom\n|\n|upkeep\n|turn|15\n|\n|t:|1697501737\n|switch|p2a: Toxapex|Toxapex, M|100\/100\n|-damage|p2a: Toxapex|88\/100|[from] Stealth Rock\n|move|p1a: Rillaboom|U-turn|p2a: Toxapex\n|-resisted|p2a: Toxapex\n|-damage|p2a: Toxapex|82\/100\n|\n|t:|1697501741\n|switch|p1a: Ogerpon|Ogerpon-Teal-Tera, F, tera:Grass|100\/100|[from] U-turn\n|-ability|p1a: Ogerpon|Embody Aspect (Teal)|boost\n|-boost|p1a: Ogerpon|spe|1\n|\n|-heal|p2a: Toxapex|88\/100|[from] Grassy Terrain\n|-heal|p2a: Toxapex|94\/100|[from] item: Leftovers\n|upkeep\n|turn|16\n|\n|t:|1697501753\n|move|p2a: Toxapex|Baneful Bunker|p2a: Toxapex\n|-singleturn|p2a: Toxapex|move: Protect\n|move|p1a: Ogerpon|Ivy Cudgel|p2a: Toxapex\n|-activate|p2a: Toxapex|move: Protect\n|\n|-heal|p2a: Toxapex|100\/100|[from] Grassy Terrain\n|upkeep\n|turn|17\n|\n|t:|1697501763\n|move|p1a: Ogerpon|Ivy Cudgel|p2a: Toxapex\n|-damage|p2a: Toxapex|2\/100\n|move|p2a: Toxapex|Toxic|p1a: Ogerpon\n|-status|p1a: Ogerpon|tox\n|\n|-heal|p2a: Toxapex|9\/100|[from] Grassy Terrain\n|-heal|p2a: Toxapex|15\/100|[from] item: Leftovers\n|-damage|p1a: Ogerpon|95\/100 tox|[from] psn\n|upkeep\n|turn|18\n|\n|t:|1697501774\n|switch|p2a: Corviknight|Corviknight, F|74\/100\n|-damage|p2a: Corviknight|61\/100|[from] Stealth Rock\n|move|p1a: Ogerpon|Ivy Cudgel|p2a: Corviknight\n|-resisted|p2a: Corviknight\n|-damage|p2a: Corviknight|36\/100\n|\n|-heal|p1a: Ogerpon|100\/100 tox|[from] Grassy Terrain\n|-damage|p1a: Ogerpon|89\/100 tox|[from] psn\n|upkeep\n|turn|19\n|\n|t:|1697501781\n|switch|p1a: Rillaboom|Rillaboom, M|100\/100\n|switch|p2a: Toxapex|Toxapex, M|48\/100\n|-damage|p2a: Toxapex|36\/100|[from] Stealth Rock\n|\n|-heal|p2a: Toxapex|42\/100|[from] Grassy Terrain\n|-heal|p2a: Toxapex|48\/100|[from] item: Leftovers\n|upkeep\n|turn|20\n|\n|t:|1697501789\n|switch|p1a: Ogerpon|Ogerpon-Teal-Tera, F, tera:Grass|89\/100 tox\n|-ability|p1a: Ogerpon|Embody Aspect (Teal)|boost\n|-boost|p1a: Ogerpon|spe|1\n|-terastallize|p2a: Toxapex|Poison\n|move|p2a: Toxapex|Recover|p2a: Toxapex\n|-heal|p2a: Toxapex|98\/100\n|\n|-heal|p1a: Ogerpon|95\/100 tox|[from] Grassy Terrain\n|-heal|p2a: Toxapex|100\/100|[from] Grassy Terrain\n|-damage|p1a: Ogerpon|89\/100 tox|[from] psn\n|upkeep\n|turn|21\n|\n|t:|1697501799\n|move|p2a: Toxapex|Baneful Bunker|p2a: Toxapex\n|-singleturn|p2a: Toxapex|move: Protect\n|move|p1a: Ogerpon|U-turn|p2a: Toxapex\n|-activate|p2a: Toxapex|move: Protect\n|\n|-heal|p1a: Ogerpon|95\/100 tox|[from] Grassy Terrain\n|-damage|p1a: Ogerpon|83\/100 tox|[from] psn\n|-fieldend|move: Grassy Terrain\n|upkeep\n|turn|22\n|\n|t:|1697501818\n|switch|p2a: Corviknight|Corviknight, F|36\/100\n|-damage|p2a: Corviknight|24\/100|[from] Stealth Rock\n|move|p1a: Ogerpon|U-turn|p2a: Corviknight\n|-resisted|p2a: Corviknight\n|-damage|p2a: Corviknight|17\/100\n|\n|t:|1697501828\n|switch|p1a: Ditto|Ditto|88\/100|[from] U-turn\n|-transform|p1a: Ditto|p2a: Corviknight|[from] ability: Imposter\n|\n|upkeep\n|turn|23\n|\n|t:|1697501832\n|move|p1a: Ditto|Body Press|p2a: Corviknight\n|-damage|p2a: Corviknight|0 fnt\n|faint|p2a: Corviknight\n|\n|upkeep\n|\n|t:|1697501839\n|switch|p2a: Regieleki|Regieleki|100\/100\n|-damage|p2a: Regieleki|88\/100|[from] Stealth Rock\n|turn|24\n|\n|t:|1697501848\n|switch|p1a: Clodsire|Clodsire, M|100\/100\n|move|p2a: Regieleki|Volt Switch|p1a: Clodsire\n|-immune|p1a: Clodsire\n|\n|upkeep\n|turn|25\n|\n|t:|1697501851\n|switch|p2a: Landorus|Landorus-Therian, M|88\/100\n|-damage|p2a: Landorus|76\/100|[from] Stealth Rock\n|-ability|p2a: Landorus|Intimidate|boost\n|-unboost|p1a: Clodsire|atk|1\n|move|p1a: Clodsire|Earthquake|p2a: Landorus\n|-immune|p2a: Landorus\n|\n|upkeep\n|turn|26\n|\n|t:|1697501858\n|switch|p1a: Alomomola|Alomomola, M|100\/100\n|move|p2a: Landorus|U-turn|p1a: Alomomola\n|-damage|p1a: Alomomola|85\/100\n|\n|t:|1697501866\n|switch|p2a: Toxapex|Toxapex, M, tera:Poison|100\/100|[from] U-turn\n|-damage|p2a: Toxapex|88\/100|[from] Stealth Rock\n|\n|-heal|p2a: Toxapex|94\/100|[from] item: Leftovers\n|upkeep\n|turn|27\n|\n|t:|1697501874\n|switch|p1a: Toxapex|Toxapex, F|100\/100\n|move|p2a: Toxapex|Toxic|p1a: Toxapex\n|-immune|p1a: Toxapex\n|\n|-heal|p2a: Toxapex|100\/100|[from] item: Leftovers\n|upkeep\n|turn|28\n|\n|t:|1697501884\n|move|p2a: Toxapex|Baneful Bunker|p2a: Toxapex\n|-singleturn|p2a: Toxapex|move: Protect\n|move|p1a: Toxapex|Infestation|p2a: Toxapex\n|-activate|p2a: Toxapex|move: Protect\n|\n|upkeep\n|turn|29\n|\n|t:|1697501894\n|switch|p2a: Regieleki|Regieleki|88\/100\n|-damage|p2a: Regieleki|76\/100|[from] Stealth Rock\n|move|p1a: Toxapex|Infestation|p2a: Regieleki\n|-damage|p2a: Regieleki|71\/100\n|-activate|p2a: Regieleki|move: Infestation|[of] p1a: Toxapex\n|\n|-damage|p2a: Regieleki|59\/100|[from] move: Infestation|[partiallytrapped]\n|upkeep\n|turn|30\n|\n|t:|1697501915\n|move|p2a: Regieleki|Volt Switch|p1a: Toxapex\n|-supereffective|p1a: Toxapex\n|-damage|p1a: Toxapex|43\/100\n|\n|t:|1697501938\n|switch|p2a: Toxapex|Toxapex, M, tera:Poison|100\/100|[from] Volt Switch\n|-damage|p2a: Toxapex|88\/100|[from] Stealth Rock\n|move|p1a: Toxapex|Acid Spray|p2a: Toxapex\n|-resisted|p2a: Toxapex\n|-damage|p2a: Toxapex|85\/100\n|-unboost|p2a: Toxapex|spd|2\n|\n|-heal|p2a: Toxapex|91\/100|[from] item: Leftovers\n|upkeep\n|turn|31\n|-message|nxheartc forfeited.\n|\n|win|GodKmi\n|raw|GodKmi's rating: 1160 &rarr; <strong>1179<\/strong><br \/>(+19 for winning)\n|raw|nxheartc's rating: 1071 &rarr; <strong>1056<\/strong><br \/>(-15 for losing)\n|l|\u2606nxheartc\n","uploadtime":1697501957,"views":9,"p1id":"godkmi","p2id":"nxheartc","formatid":"gen9ubers","rating":1056,"private":0,"password":""}