{"id":"gen9ubers-1978134297","p1":"SHONE","p2":"TGA","format":"[Gen 9] Ubers","log":"|j|\u2606SHONE\n|j|\u2606TGA\n|inactive|Battle timer is ON: inactive players will automatically lose when time's up.\n|t:|1698503594\n|gametype|singles\n|player|p1|SHONE|riley|\n|player|p2|TGA|#capplixvenomicons|\n|teamsize|p1|6\n|teamsize|p2|6\n|gen|9\n|tier|[Gen 9] Ubers\n|rated|Tournament battle\n|rule|Sleep Clause Mod: Limit one foe put to sleep\n|rule|Species Clause: Limit one of each Pok\u00e9mon\n|rule|OHKO Clause: OHKO moves are banned\n|rule|Evasion Items Clause: Evasion items are banned\n|rule|Evasion Moves Clause: Evasion moves are banned\n|rule|Endless Battle Clause: Forcing endless battles is banned\n|rule|HP Percentage Mod: HP is shown in percentages\n|clearpoke\n|poke|p1|Ribombee, F|\n|poke|p1|Koraidon|\n|poke|p1|Miraidon|\n|poke|p1|Arceus|\n|poke|p1|Zacian-*|\n|poke|p1|Eternatus|\n|poke|p2|Koraidon|\n|poke|p2|Zacian-*|\n|poke|p2|Miraidon|\n|poke|p2|Ribombee, F|\n|poke|p2|Glimmora, M|\n|poke|p2|Arceus|\n|teampreview\n|j|*Lady Monita \u263d\n|inactive|TGA also wants the timer to be on.\n|c|\u2606SHONE|glhf\n|c|\u2606TGA|Hf\n|inactive|SHONE has 120 seconds left.\n|j| Ionic Equilibrium\n|\n|t:|1698503639\n|start\n|switch|p1a: Eternatus|Eternatus|100\/100\n|switch|p2a: Glimmora|Glimmora, M|100\/100\n|-ability|p1a: Eternatus|Pressure\n|turn|1\n|j| Realblazing2\n|inactive|TGA has 120 seconds left.\n|\n|t:|1698503675\n|move|p1a: Eternatus|Dynamax Cannon|p2a: Glimmora\n|-enditem|p2a: Glimmora|Focus Sash\n|-damage|p2a: Glimmora|1\/100\n|-damage|p1a: Eternatus|91\/100|[from] item: Life Orb\n|move|p2a: Glimmora|Mud Shot|p1a: Eternatus\n|-supereffective|p1a: Eternatus\n|-damage|p1a: Eternatus|59\/100\n|-unboost|p1a: Eternatus|spe|1\n|\n|upkeep\n|turn|2\n|c| Realblazing2|Webs is everywhere in ubers it seems\n|inactive|SHONE has 120 seconds left.\n|\n|t:|1698503701\n|switch|p1a: Ribombee|Ribombee, F|100\/100\n|move|p2a: Glimmora|Stealth Rock|p1a: Ribombee\n|-sidestart|p1: SHONE|move: Stealth Rock\n|\n|upkeep\n|turn|3\n|\n|t:|1698503717\n|move|p1a: Ribombee|Moonblast|p2a: Glimmora\n|-resisted|p2a: Glimmora\n|-damage|p2a: Glimmora|0 fnt\n|faint|p2a: Glimmora\n|\n|upkeep\n|\n|t:|1698503730\n|switch|p2a: Koraidon|Koraidon|100\/100\n|-weather|SunnyDay|[from] ability: Orichalcum Pulse|[of] p2a: Koraidon\n|-activate|p2a: Koraidon|Orichalcum Pulse|[source]\n|turn|4\n|inactive|SHONE has 120 seconds left.\n|\n|t:|1698503738\n|move|p2a: Koraidon|Flame Charge|p1a: Ribombee\n|-supereffective|p1a: Ribombee\n|-enditem|p1a: Ribombee|Focus Sash\n|-damage|p1a: Ribombee|1\/100\n|-boost|p2a: Koraidon|spe|1\n|-damage|p2a: Koraidon|91\/100|[from] item: Life Orb\n|move|p1a: Ribombee|Stun Spore|p2a: Koraidon\n|-status|p2a: Koraidon|par\n|\n|-weather|SunnyDay|[upkeep]\n|upkeep\n|turn|5\n|inactive|SHONE has 120 seconds left.\n|\n|t:|1698503748\n|move|p1a: Ribombee|Moonblast|p2a: Koraidon\n|-supereffective|p2a: Koraidon\n|-damage|p2a: Koraidon|0 fnt\n|faint|p2a: Koraidon\n|\n|-weather|SunnyDay|[upkeep]\n|upkeep\n|\n|t:|1698503761\n|switch|p2a: Zacian|Zacian-Crowned|100\/100\n|-ability|p2a: Zacian|Intrepid Sword|boost\n|-boost|p2a: Zacian|atk|1\n|turn|6\n|\n|t:|1698503767\n|move|p2a: Zacian|Behemoth Blade|p1a: Ribombee\n|-supereffective|p1a: Ribombee\n|-damage|p1a: Ribombee|0 fnt\n|faint|p1a: Ribombee\n|\n|-weather|SunnyDay|[upkeep]\n|upkeep\n|inactive|SHONE has 120 seconds left.\n|\n|t:|1698503809\n|switch|p1a: Koraidon|Koraidon|100\/100\n|-damage|p1a: Koraidon|94\/100|[from] Stealth Rock\n|-activate|p1a: Koraidon|ability: Orichalcum Pulse\n|turn|7\n|inactive|SHONE has 90 seconds left.\n|\n|t:|1698503830\n|-terastallize|p1a: Koraidon|Fire\n|move|p2a: Zacian|Behemoth Blade|p1a: Koraidon\n|-resisted|p1a: Koraidon\n|-damage|p1a: Koraidon|59\/100\n|move|p1a: Koraidon|Flare Blitz|p2a: Zacian\n|-supereffective|p2a: Zacian\n|-damage|p2a: Zacian|0 fnt\n|faint|p2a: Zacian\n|-damage|p1a: Koraidon|27\/100|[from] Recoil\n|\n|-weather|SunnyDay|[upkeep]\n|upkeep\n|j| J.P.G1337\n|\n|t:|1698503833\n|switch|p2a: Ribombee|Ribombee, F|100\/100\n|turn|8\n|\n|t:|1698503843\n|move|p1a: Koraidon|Flare Blitz|p2a: Ribombee\n|-supereffective|p2a: Ribombee\n|-enditem|p2a: Ribombee|Focus Sash\n|-damage|p2a: Ribombee|1\/100\n|-damage|p1a: Koraidon|2\/100|[from] Recoil\n|move|p2a: Ribombee|Sticky Web|p1a: Koraidon\n|-sidestart|p1: SHONE|move: Sticky Web\n|\n|-weather|none\n|upkeep\n|turn|9\n|\n|t:|1698503849\n|move|p1a: Koraidon|Flare Blitz|p2a: Ribombee\n|-supereffective|p2a: Ribombee\n|-damage|p2a: Ribombee|0 fnt\n|faint|p2a: Ribombee\n|-damage|p1a: Koraidon|2\/100|[from] Recoil\n|\n|upkeep\n|\n|t:|1698503852\n|switch|p2a: Miraidon|Miraidon|100\/100\n|-fieldstart|move: Electric Terrain|[from] ability: Hadron Engine|[of] p2a: Miraidon\n|turn|10\n|\n|t:|1698503862\n|move|p1a: Koraidon|Scale Shot|p2a: Miraidon\n|-supereffective|p2a: Miraidon\n|-damage|p2a: Miraidon|75\/100\n|-supereffective|p2a: Miraidon\n|-damage|p2a: Miraidon|50\/100\n|-supereffective|p2a: Miraidon\n|-damage|p2a: Miraidon|24\/100\n|-supereffective|p2a: Miraidon\n|-damage|p2a: Miraidon|0 fnt\n|faint|p2a: Miraidon\n|-hitcount|p2: Miraidon|4\n|-unboost|p1a: Koraidon|def|1\n|-boost|p1a: Koraidon|spe|1\n|\n|upkeep\n|c| Ionic Equilibrium|bhai\n|\n|t:|1698503868\n|switch|p2a: Arceus|Arceus|100\/100\n|turn|11\n|\n|t:|1698503876\n|-terastallize|p2a: Arceus|Fairy\n|move|p1a: Koraidon|Low Kick|p2a: Arceus\n|-resisted|p2a: Arceus\n|-damage|p2a: Arceus|79\/100\n|move|p2a: Arceus|Swords Dance|p2a: Arceus\n|-boost|p2a: Arceus|atk|2\n|\n|upkeep\n|turn|12\n|\n|t:|1698503881\n|move|p2a: Arceus|Extreme Speed|p1a: Koraidon\n|-damage|p1a: Koraidon|0 fnt\n|faint|p1a: Koraidon\n|\n|upkeep\n|\n|t:|1698503886\n|switch|p1a: Zacian|Zacian-Crowned|100\/100\n|-damage|p1a: Zacian|94\/100|[from] Stealth Rock\n|-activate|p1a: Zacian|move: Sticky Web\n|-unboost|p1a: Zacian|spe|1\n|-ability|p1a: Zacian|Intrepid Sword|boost\n|-boost|p1a: Zacian|atk|1\n|turn|13\n|\n|t:|1698503896\n|move|p2a: Arceus|Earthquake|p1a: Zacian\n|-supereffective|p1a: Zacian\n|-damage|p1a: Zacian|0 fnt\n|faint|p1a: Zacian\n|\n|upkeep\n|j| Goomy Guy12345\n|\n|t:|1698503913\n|switch|p1a: Miraidon|Miraidon|100\/100\n|-damage|p1a: Miraidon|88\/100|[from] Stealth Rock\n|-activate|p1a: Miraidon|move: Sticky Web\n|-unboost|p1a: Miraidon|spe|1\n|-activate|p1a: Miraidon|ability: Hadron Engine\n|turn|14\n|\n|t:|1698503921\n|move|p2a: Arceus|Extreme Speed|p1a: Miraidon\n|-crit|p1a: Miraidon\n|-damage|p1a: Miraidon|0 fnt\n|faint|p1a: Miraidon\n|\n|-fieldend|move: Electric Terrain\n|upkeep\n|\n|t:|1698503925\n|switch|p1a: Arceus|Arceus|100\/100\n|-damage|p1a: Arceus|88\/100|[from] Stealth Rock\n|-activate|p1a: Arceus|move: Sticky Web\n|-unboost|p1a: Arceus|spe|1\n|turn|15\n|\n|t:|1698503933\n|move|p2a: Arceus|Extreme Speed|p1a: Arceus\n|-damage|p1a: Arceus|34\/100\n|move|p1a: Arceus|Extreme Speed|p2a: Arceus\n|-damage|p2a: Arceus|42\/100\n|\n|upkeep\n|turn|16\n|\n|t:|1698503945\n|move|p2a: Arceus|Extreme Speed|p1a: Arceus\n|-damage|p1a: Arceus|0 fnt\n|faint|p1a: Arceus\n|\n|upkeep\n|c|\u2606SHONE|gg\n|\n|t:|1698503949\n|switch|p1a: Eternatus|Eternatus|59\/100\n|-damage|p1a: Eternatus|47\/100|[from] Stealth Rock\n|-activate|p1a: Eternatus|move: Sticky Web\n|-unboost|p1a: Eternatus|spe|1\n|-ability|p1a: Eternatus|Pressure\n|turn|17\n|l| Ionic Equilibrium\n|\n|t:|1698503957\n|move|p2a: Arceus|Extreme Speed|p1a: Eternatus\n|-damage|p1a: Eternatus|0 fnt\n|faint|p1a: Eternatus\n|\n|win|TGA\n|n|\u2606SHONE|shone\n|n|\u2606TGA|tga\n|n|*Lady Monita \u263d|ladymonita\n|n| Realblazing2|realblazing2\n|n| J.P.G1337|jpg1337\n|n| Goomy Guy12345|goomyguy12345\n|l|*Lady Monita \u263d\n|c|\u2606TGA|gg\n|l|\u2606SHONE\n|l|\u2606TGA\n|l| J.P.G1337\n|l| Realblazing2\n|j| Mcthelegit\n|l| Mcthelegit\n|j| Mcthelegit\n","uploadtime":1698504990,"views":16,"p1id":"shone","p2id":"tga","formatid":"gen9ubers","rating":0,"private":0,"password":""}