{"id":"gen9ubers-1992853409","p1":"Username2344","p2":"Anne Frankkkk","format":"[Gen 9] Ubers","log":"|j|\u2606Username2344\n|j|\u2606Anne Frankkkk\n|t:|1700241123\n|gametype|singles\n|player|p1|Username2344|pokemonranger-gen4|1317\n|player|p2|Anne Frankkkk|hilbert|1227\n|teamsize|p1|6\n|teamsize|p2|6\n|gen|9\n|tier|[Gen 9] Ubers\n|rated|\n|rule|Sleep Clause Mod: Limit one foe put to sleep\n|rule|Species Clause: Limit one of each Pok\u00e9mon\n|rule|OHKO Clause: OHKO moves are banned\n|rule|Evasion Items Clause: Evasion items are banned\n|rule|Evasion Moves Clause: Evasion moves are banned\n|rule|Endless Battle Clause: Forcing endless battles is banned\n|rule|HP Percentage Mod: HP is shown in percentages\n|clearpoke\n|poke|p1|Arceus-Fairy|\n|poke|p1|Kyogre|\n|poke|p1|Rayquaza|\n|poke|p1|Alomomola, F|\n|poke|p1|Zacian-*|\n|poke|p1|Groudon|\n|poke|p2|Regieleki|\n|poke|p2|Kyogre|\n|poke|p2|Chien-Pao|\n|poke|p2|Ribombee, F|\n|poke|p2|Miraidon|\n|poke|p2|Flutter Mane|\n|teampreview\n|inactive|Battle timer is ON: inactive players will automatically lose when time's up. (requested by Anne Frankkkk)\n|\n|t:|1700241148\n|start\n|switch|p1a: Groudon|Groudon|100\/100\n|switch|p2a: Moonblast|Ribombee, F, shiny|100\/100\n|-weather|SunnyDay|[from] ability: Drought|[of] p1a: Groudon\n|turn|1\n|\n|t:|1700241155\n|move|p2a: Moonblast|Sticky Web|p1a: Groudon\n|-sidestart|p1: Username2344|move: Sticky Web\n|move|p1a: Groudon|Stealth Rock|p2a: Moonblast\n|-sidestart|p2: Anne Frankkkk|move: Stealth Rock\n|\n|-weather|SunnyDay|[upkeep]\n|upkeep\n|turn|2\n|\n|t:|1700241160\n|move|p2a: Moonblast|Moonblast|p1a: Groudon\n|-crit|p1a: Groudon\n|-damage|p1a: Groudon|47\/100\n|move|p1a: Groudon|Will-O-Wisp|p2a: Moonblast\n|-status|p2a: Moonblast|brn\n|\n|-weather|SunnyDay|[upkeep]\n|-heal|p1a: Groudon|53\/100|[from] item: Leftovers\n|-damage|p2a: Moonblast|94\/100 brn|[from] brn\n|upkeep\n|turn|3\n|\n|t:|1700241168\n|move|p1a: Groudon|Protect|p1a: Groudon\n|-singleturn|p1a: Groudon|Protect\n|move|p2a: Moonblast|Moonblast|p1a: Groudon\n|-activate|p1a: Groudon|move: Protect\n|\n|-weather|SunnyDay|[upkeep]\n|-heal|p1a: Groudon|59\/100|[from] item: Leftovers\n|-damage|p2a: Moonblast|88\/100 brn|[from] brn\n|upkeep\n|turn|4\n|\n|t:|1700241184\n|move|p2a: Moonblast|Moonblast|p1a: Groudon\n|-damage|p1a: Groudon|19\/100\n|move|p1a: Groudon|Precipice Blades|p2a: Moonblast\n|-resisted|p2a: Moonblast\n|-damage|p2a: Moonblast|28\/100 brn\n|\n|-weather|SunnyDay|[upkeep]\n|-heal|p1a: Groudon|25\/100|[from] item: Leftovers\n|-damage|p2a: Moonblast|22\/100 brn|[from] brn\n|upkeep\n|turn|5\n|\n|t:|1700241195\n|move|p2a: Moonblast|Moonblast|p1a: Groudon\n|-damage|p1a: Groudon|0 fnt\n|faint|p1a: Groudon\n|\n|-weather|none\n|-damage|p2a: Moonblast|16\/100 brn|[from] brn\n|upkeep\n|\n|t:|1700241199\n|switch|p1a: Alomomola|Alomomola, F|100\/100\n|-activate|p1a: Alomomola|move: Sticky Web\n|-unboost|p1a: Alomomola|spe|1\n|turn|6\n|\n|t:|1700241202\n|move|p2a: Moonblast|Moonblast|p1a: Alomomola\n|-damage|p1a: Alomomola|51\/100\n|move|p1a: Alomomola|Flip Turn|p2a: Moonblast\n|-damage|p2a: Moonblast|0 fnt\n|faint|p2a: Moonblast\n|\n|t:|1700241220\n|switch|p1a: Arceus|Arceus-Fairy|100\/100|[from] Flip Turn\n|-activate|p1a: Arceus|move: Sticky Web\n|-unboost|p1a: Arceus|spe|1\n|\n|upkeep\n|\n|t:|1700241231\n|switch|p2a: Bzzzzt|Regieleki, shiny|100\/100\n|-damage|p2a: Bzzzzt|88\/100|[from] Stealth Rock\n|turn|7\n|\n|t:|1700241235\n|move|p2a: Bzzzzt|Rapid Spin|p1a: Arceus\n|-damage|p1a: Arceus|94\/100\n|-boost|p2a: Bzzzzt|spe|1\n|-sideend|p2: Anne Frankkkk|Stealth Rock|[from] move: Rapid Spin|[of] p2a: Bzzzzt\n|move|p1a: Arceus|Judgment|p2a: Bzzzzt\n|-damage|p2a: Bzzzzt|0 fnt\n|faint|p2a: Bzzzzt\n|\n|upkeep\n|\n|t:|1700241245\n|switch|p2a: Misdreavius|Flutter Mane, shiny|100\/100\n|-enditem|p2a: Misdreavius|Booster Energy\n|-activate|p2a: Misdreavius|ability: Protosynthesis|[fromitem]\n|-start|p2a: Misdreavius|protosynthesisspe\n|turn|8\n|\n|t:|1700241249\n|move|p2a: Misdreavius|Moonblast|p1a: Arceus\n|-damage|p1a: Arceus|62\/100\n|-unboost|p1a: Arceus|spa|1\n|move|p1a: Arceus|Judgment|p2a: Misdreavius\n|-damage|p2a: Misdreavius|69\/100\n|\n|upkeep\n|turn|9\n|\n|t:|1700241255\n|move|p2a: Misdreavius|Calm Mind|p2a: Misdreavius\n|-boost|p2a: Misdreavius|spa|1\n|-boost|p2a: Misdreavius|spd|1\n|move|p1a: Arceus|Recover|p1a: Arceus\n|-heal|p1a: Arceus|100\/100\n|\n|upkeep\n|turn|10\n|\n|t:|1700241263\n|switch|p1a: Zacian|Zacian-Crowned|100\/100\n|-activate|p1a: Zacian|move: Sticky Web\n|-unboost|p1a: Zacian|spe|1\n|-ability|p1a: Zacian|Intrepid Sword|boost\n|-boost|p1a: Zacian|atk|1\n|move|p2a: Misdreavius|Calm Mind|p2a: Misdreavius\n|-boost|p2a: Misdreavius|spa|1\n|-boost|p2a: Misdreavius|spd|1\n|\n|upkeep\n|turn|11\n|\n|t:|1700241270\n|-terastallize|p2a: Misdreavius|Ghost\n|-terastallize|p1a: Zacian|Fairy\n|move|p2a: Misdreavius|Shadow Ball|p1a: Zacian\n|-damage|p1a: Zacian|0 fnt\n|faint|p1a: Zacian\n|\n|upkeep\n|\n|t:|1700241276\n|switch|p1a: Kyogre|Kyogre|100\/100\n|-activate|p1a: Kyogre|move: Sticky Web\n|-unboost|p1a: Kyogre|spe|1\n|-weather|RainDance|[from] ability: Drizzle|[of] p1a: Kyogre\n|turn|12\n|\n|t:|1700241281\n|move|p2a: Misdreavius|Shadow Ball|p1a: Kyogre\n|-damage|p1a: Kyogre|20\/100\n|move|p1a: Kyogre|Surf|p2a: Misdreavius\n|-damage|p2a: Misdreavius|28\/100\n|\n|-weather|RainDance|[upkeep]\n|upkeep\n|turn|13\n|\n|t:|1700241289\n|move|p2a: Misdreavius|Shadow Ball|p1a: Kyogre\n|-damage|p1a: Kyogre|0 fnt\n|faint|p1a: Kyogre\n|\n|-weather|RainDance|[upkeep]\n|upkeep\n|-message|Username2344 forfeited.\n|\n|win|Anne Frankkkk\n|raw|Username2344's rating: 1317 &rarr; <strong>1292<\/strong><br \/>(-25 for losing)\n|raw|Anne Frankkkk's rating: 1227 &rarr; <strong>1258<\/strong><br \/>(+31 for winning)\n|l|\u2606Username2344\n","uploadtime":1700241301,"views":7,"p1id":"username2344","p2id":"annefrankkkk","formatid":"gen9ubers","rating":1258,"private":0,"password":""}