{"id":"gen9ubers-1989644006","p1":"DarkThive","p2":"WormStepper","format":"[Gen 9] Ubers","log":"|j|\u2606DarkThive\n|j|\u2606WormStepper\n|t:|1699882526\n|gametype|singles\n|player|p1|DarkThive|juggler-gen1|\n|player|p2|WormStepper|drayden|\n|teamsize|p1|6\n|teamsize|p2|6\n|gen|9\n|tier|[Gen 9] Ubers\n|rule|Sleep Clause Mod: Limit one foe put to sleep\n|rule|Species Clause: Limit one of each Pok\u00e9mon\n|rule|OHKO Clause: OHKO moves are banned\n|rule|Evasion Items Clause: Evasion items are banned\n|rule|Evasion Moves Clause: Evasion moves are banned\n|rule|Endless Battle Clause: Forcing endless battles is banned\n|rule|HP Percentage Mod: HP is shown in percentages\n|clearpoke\n|poke|p1|Koraidon|\n|poke|p1|Zacian-*|\n|poke|p1|Giratina-Origin|\n|poke|p1|Calyrex-Ice|\n|poke|p1|Urshifu-*, M|\n|poke|p1|Arceus-Fairy|\n|poke|p2|Urshifu-*, M|\n|poke|p2|Kyogre|\n|poke|p2|Giratina-Origin|\n|poke|p2|Zacian-*|\n|poke|p2|Koraidon|\n|poke|p2|Flutter Mane|\n|teampreview\n|inactive|Battle timer is ON: inactive players will automatically lose when time's up. (requested by WormStepper)\n|\n|t:|1699882552\n|start\n|switch|p1a: stinker|Giratina-Origin|100\/100\n|switch|p2a: Flutter Mane|Flutter Mane|100\/100\n|-enditem|p2a: Flutter Mane|Booster Energy\n|-activate|p2a: Flutter Mane|ability: Protosynthesis|[fromitem]\n|-start|p2a: Flutter Mane|protosynthesisspe\n|turn|1\n|\n|t:|1699882558\n|move|p1a: stinker|Shadow Sneak|p2a: Flutter Mane\n|-supereffective|p2a: Flutter Mane\n|-damage|p2a: Flutter Mane|8\/100\n|move|p2a: Flutter Mane|Moonblast|p1a: stinker\n|-supereffective|p1a: stinker\n|-damage|p1a: stinker|48\/100\n|-unboost|p1a: stinker|spa|1\n|\n|upkeep\n|turn|2\n|\n|t:|1699882564\n|move|p1a: stinker|Shadow Sneak|p2a: Flutter Mane\n|-supereffective|p2a: Flutter Mane\n|-damage|p2a: Flutter Mane|0 fnt\n|faint|p2a: Flutter Mane\n|-end|p2a: Flutter Mane|Protosynthesis|[silent]\n|\n|upkeep\n|\n|t:|1699882572\n|switch|p2a: Urshifu|Urshifu, M|100\/100\n|turn|3\n|j| uplburning\n|\n|t:|1699882581\n|switch|p1a: bike|Koraidon|100\/100\n|-weather|SunnyDay|[from] ability: Orichalcum Pulse|[of] p1a: bike\n|-activate|p1a: bike|Orichalcum Pulse|[source]\n|move|p2a: Urshifu|Wicked Blow|p1a: bike\n|-resisted|p1a: bike\n|-crit|p1a: bike\n|-damage|p1a: bike|72\/100\n|\n|-weather|SunnyDay|[upkeep]\n|upkeep\n|turn|4\n|\n|t:|1699882592\n|switch|p2a: Kyogre|Kyogre|100\/100\n|-weather|RainDance|[from] ability: Drizzle|[of] p2a: Kyogre\n|move|p1a: bike|Collision Course|p2a: Kyogre\n|-damage|p2a: Kyogre|40\/100\n|\n|-weather|RainDance|[upkeep]\n|upkeep\n|turn|5\n|c|\u2606WormStepper|here comes the big man\n|c|\u2606DarkThive|predictable\n|\n|t:|1699882607\n|move|p2a: Kyogre|Ice Beam|p1a: bike\n|-supereffective|p1a: bike\n|-damage|p1a: bike|0 fnt\n|faint|p1a: bike\n|\n|-weather|RainDance|[upkeep]\n|upkeep\n|\n|t:|1699882612\n|switch|p1a: chill brah|Calyrex-Ice|100\/100\n|-ability|p1a: chill brah|As One\n|-ability|p1a: chill brah|Unnerve\n|turn|6\n|\n|t:|1699882615\n|switch|p2a: Urshifu|Urshifu, M|100\/100\n|move|p1a: chill brah|Trick Room|p1a: chill brah\n|-fieldstart|move: Trick Room|[of] p1a: chill brah\n|\n|-weather|RainDance|[upkeep]\n|upkeep\n|turn|7\n|\n|t:|1699882619\n|move|p1a: chill brah|Swords Dance|p1a: chill brah\n|-boost|p1a: chill brah|atk|2\n|move|p2a: Urshifu|Wicked Blow|p1a: chill brah\n|-supereffective|p1a: chill brah\n|-crit|p1a: chill brah\n|-damage|p1a: chill brah|23\/100\n|\n|-weather|RainDance|[upkeep]\n|upkeep\n|turn|8\n|c|\u2606DarkThive|he edidnt sucker punch\n|\n|t:|1699882636\n|switch|p1a: Aegislash-attack|Zacian-Crowned|100\/100\n|-ability|p1a: Aegislash-attack|Intrepid Sword|boost\n|-boost|p1a: Aegislash-attack|atk|1\n|move|p2a: Urshifu|U-turn|p1a: Aegislash-attack\n|-resisted|p1a: Aegislash-attack\n|-damage|p1a: Aegislash-attack|95\/100\n|c|\u2606WormStepper|i have focus sash on this urshifu\n|\n|t:|1699882646\n|switch|p2a: Giratina|Giratina-Origin|100\/100|[from] U-turn\n|\n|-weather|none\n|upkeep\n|turn|9\n|c|\u2606WormStepper|focus sash urshifu is a breaker\n|\n|t:|1699882660\n|switch|p1a: Sparklez|Arceus-Fairy|100\/100\n|move|p2a: Giratina|Will-O-Wisp|p1a: Sparklez\n|-status|p1a: Sparklez|brn\n|\n|-damage|p1a: Sparklez|94\/100 brn|[from] brn\n|upkeep\n|turn|10\n|\n|t:|1699882669\n|switch|p2a: Kyogre|Kyogre|40\/100\n|-weather|RainDance|[from] ability: Drizzle|[of] p2a: Kyogre\n|move|p1a: Sparklez|Judgment|p2a: Kyogre\n|-damage|p2a: Kyogre|0 fnt\n|faint|p2a: Kyogre\n|\n|-weather|RainDance|[upkeep]\n|-damage|p1a: Sparklez|88\/100 brn|[from] brn\n|-fieldend|move: Trick Room\n|upkeep\n|\n|t:|1699882677\n|switch|p2a: Zacian|Zacian-Crowned|100\/100\n|-ability|p2a: Zacian|Intrepid Sword|boost\n|-boost|p2a: Zacian|atk|1\n|turn|11\n|\n|t:|1699882691\n|switch|p1a: chill brah|Calyrex-Ice|23\/100\n|-ability|p1a: chill brah|As One\n|-ability|p1a: chill brah|Unnerve\n|move|p2a: Zacian|Substitute|p2a: Zacian\n|-start|p2a: Zacian|Substitute\n|-damage|p2a: Zacian|76\/100\n|\n|-weather|RainDance|[upkeep]\n|upkeep\n|turn|12\n|\n|t:|1699882698\n|move|p2a: Zacian|Behemoth Blade|p1a: chill brah\n|-supereffective|p1a: chill brah\n|-damage|p1a: chill brah|0 fnt\n|faint|p1a: chill brah\n|\n|-weather|RainDance|[upkeep]\n|upkeep\n|\n|t:|1699882710\n|switch|p1a: boh'o'o'wo'a|Urshifu-Rapid-Strike, M|100\/100\n|turn|13\n|\n|t:|1699882716\n|-terastallize|p1a: boh'o'o'wo'a|Steel\n|move|p2a: Zacian|Play Rough|p1a: boh'o'o'wo'a|[miss]\n|-miss|p2a: Zacian|p1a: boh'o'o'wo'a\n|move|p1a: boh'o'o'wo'a|Surging Strikes|p2a: Zacian\n|-crit|p2a: Zacian\n|-end|p2a: Zacian|Substitute\n|-crit|p2a: Zacian\n|-damage|p2a: Zacian|36\/100\n|-crit|p2a: Zacian\n|-damage|p2a: Zacian|0 fnt\n|faint|p2a: Zacian\n|-hitcount|p2: Zacian|3\n|\n|-weather|RainDance|[upkeep]\n|upkeep\n|c|\u2606DarkThive|gay ass\n|\n|t:|1699882727\n|switch|p2a: Koraidon|Koraidon|100\/100\n|-weather|SunnyDay|[from] ability: Orichalcum Pulse|[of] p2a: Koraidon\n|-activate|p2a: Koraidon|Orichalcum Pulse|[source]\n|turn|14\n|\n|t:|1699882737\n|switch|p1a: stinker|Giratina-Origin|48\/100\n|move|p2a: Koraidon|Flare Blitz|p1a: stinker\n|-resisted|p1a: stinker\n|-damage|p1a: stinker|14\/100\n|-damage|p2a: Koraidon|84\/100|[from] Recoil\n|\n|-weather|SunnyDay|[upkeep]\n|upkeep\n|turn|15\n|\n|t:|1699882742\n|move|p2a: Koraidon|Flare Blitz|p1a: stinker\n|-resisted|p1a: stinker\n|-damage|p1a: stinker|0 fnt\n|faint|p1a: stinker\n|-damage|p2a: Koraidon|77\/100|[from] Recoil\n|\n|-weather|SunnyDay|[upkeep]\n|upkeep\n|\n|t:|1699882750\n|switch|p1a: Sparklez|Arceus-Fairy|88\/100 brn\n|turn|16\n|\n|t:|1699882756\n|switch|p2a: Urshifu|Urshifu, M|100\/100\n|move|p1a: Sparklez|Judgment|p2a: Urshifu\n|-supereffective|p2a: Urshifu\n|-enditem|p2a: Urshifu|Focus Sash\n|-damage|p2a: Urshifu|1\/100\n|\n|-weather|SunnyDay|[upkeep]\n|-damage|p1a: Sparklez|82\/100 brn|[from] brn\n|upkeep\n|turn|17\n|\n|t:|1699882764\n|move|p2a: Urshifu|Close Combat|p1a: Sparklez\n|-resisted|p1a: Sparklez\n|-damage|p1a: Sparklez|62\/100 brn\n|-unboost|p2a: Urshifu|def|1\n|-unboost|p2a: Urshifu|spd|1\n|move|p1a: Sparklez|Judgment|p2a: Urshifu\n|-supereffective|p2a: Urshifu\n|-damage|p2a: Urshifu|0 fnt\n|faint|p2a: Urshifu\n|\n|-weather|SunnyDay|[upkeep]\n|-damage|p1a: Sparklez|55\/100 brn|[from] brn\n|upkeep\n|\n|t:|1699882775\n|switch|p2a: Giratina|Giratina-Origin|100\/100\n|turn|18\n|\n|t:|1699882788\n|-terastallize|p2a: Giratina|Steel\n|move|p1a: Sparklez|Judgment|p2a: Giratina\n|-resisted|p2a: Giratina\n|-damage|p2a: Giratina|79\/100\n|move|p2a: Giratina|Hex|p1a: Sparklez\n|-damage|p1a: Sparklez|7\/100 brn\n|\n|-weather|none\n|-damage|p1a: Sparklez|0 fnt|[from] brn\n|faint|p1a: Sparklez\n|upkeep\n|\n|t:|1699882792\n|switch|p1a: boh'o'o'wo'a|Urshifu-Rapid-Strike, M, tera:Steel|100\/100\n|turn|19\n|\n|t:|1699882797\n|move|p1a: boh'o'o'wo'a|Close Combat|p2a: Giratina\n|-supereffective|p2a: Giratina\n|-damage|p2a: Giratina|0 fnt\n|-unboost|p1a: boh'o'o'wo'a|def|1\n|-unboost|p1a: boh'o'o'wo'a|spd|1\n|faint|p2a: Giratina\n|\n|upkeep\n|c|\u2606DarkThive|steeklfight\\\n|\n|t:|1699882801\n|switch|p2a: Koraidon|Koraidon|77\/100\n|-weather|SunnyDay|[from] ability: Orichalcum Pulse|[of] p2a: Koraidon\n|-activate|p2a: Koraidon|Orichalcum Pulse|[source]\n|turn|20\n|\n|t:|1699882806\n|move|p2a: Koraidon|Flare Blitz|p1a: boh'o'o'wo'a\n|-supereffective|p1a: boh'o'o'wo'a\n|-damage|p1a: boh'o'o'wo'a|0 fnt\n|faint|p1a: boh'o'o'wo'a\n|-damage|p2a: Koraidon|44\/100|[from] Recoil\n|\n|-weather|SunnyDay|[upkeep]\n|upkeep\n|\n|t:|1699882808\n|switch|p1a: Aegislash-attack|Zacian-Crowned|95\/100\n|turn|21\n|c|\u2606DarkThive|shit\n|\n|t:|1699882815\n|move|p2a: Koraidon|Flare Blitz|p1a: Aegislash-attack\n|-supereffective|p1a: Aegislash-attack\n|-damage|p1a: Aegislash-attack|0 fnt\n|faint|p1a: Aegislash-attack\n|-damage|p2a: Koraidon|15\/100|[from] Recoil\n|\n|win|WormStepper\n","uploadtime":1699882818,"views":9,"p1id":"darkthive","p2id":"wormstepper","formatid":"gen9ubers","rating":0,"private":0,"password":""}