{"id":"gen9ubers-1981497152","p1":"Leroy_Gmax","p2":"Yigahcris","format":"[Gen 9] Ubers","log":"|j|\u2606Leroy_Gmax\n|j|\u2606Yigahcris\n|t:|1698906847\n|gametype|singles\n|player|p1|Leroy_Gmax|102|1000\n|player|p2|Yigahcris|bugsy|1123\n|teamsize|p1|6\n|teamsize|p2|6\n|gen|9\n|tier|[Gen 9] Ubers\n|rated|\n|rule|Sleep Clause Mod: Limit one foe put to sleep\n|rule|Species Clause: Limit one of each Pok\u00e9mon\n|rule|OHKO Clause: OHKO moves are banned\n|rule|Evasion Items Clause: Evasion items are banned\n|rule|Evasion Moves Clause: Evasion moves are banned\n|rule|Endless Battle Clause: Forcing endless battles is banned\n|rule|HP Percentage Mod: HP is shown in percentages\n|clearpoke\n|poke|p1|Volcarona, M|\n|poke|p1|Koraidon|\n|poke|p1|Groudon|\n|poke|p1|Landorus-Therian, M|\n|poke|p1|Arceus-Fairy|\n|poke|p1|Eternatus|\n|poke|p2|Volcarona, F|\n|poke|p2|Scizor, F|\n|poke|p2|Vivillon-Fancy, F|\n|poke|p2|Lokix, F|\n|poke|p2|Slither Wing|\n|poke|p2|Masquerain, M|\n|teampreview\n|j| Luigi_Shiny\n|\n|t:|1698906881\n|start\n|switch|p1a: Arceus|Arceus-Fairy|100\/100\n|switch|p2a: Masquerain|Masquerain, M|100\/100\n|-ability|p2a: Masquerain|Intimidate|boost\n|-unboost|p1a: Arceus|atk|1\n|turn|1\n|inactive|Battle timer is ON: inactive players will automatically lose when time's up. (requested by Leroy_Gmax)\n|\n|t:|1698906890\n|move|p1a: Arceus|Taunt|p2a: Masquerain\n|-start|p2a: Masquerain|move: Taunt\n|cant|p2a: Masquerain|move: Taunt|Sticky Web\n|\n|upkeep\n|turn|2\n|\n|t:|1698906899\n|switch|p2a: Scizor|Scizor, F|100\/100\n|move|p1a: Arceus|Calm Mind|p1a: Arceus\n|-boost|p1a: Arceus|spa|1\n|-boost|p1a: Arceus|spd|1\n|\n|upkeep\n|turn|3\n|\n|t:|1698906918\n|-terastallize|p1a: Arceus|Poison\n|move|p1a: Arceus|Judgment|p2a: Scizor\n|-resisted|p2a: Scizor\n|-damage|p2a: Scizor|45\/100\n|move|p2a: Scizor|Swords Dance|p2a: Scizor\n|-boost|p2a: Scizor|atk|2\n|\n|upkeep\n|turn|4\n|\n|t:|1698906928\n|move|p2a: Scizor|Bullet Punch|p1a: Arceus\n|-damage|p1a: Arceus|39\/100\n|-damage|p2a: Scizor|35\/100|[from] item: Life Orb\n|move|p1a: Arceus|Judgment|p2a: Scizor\n|-resisted|p2a: Scizor\n|-damage|p2a: Scizor|0 fnt\n|faint|p2a: Scizor\n|\n|upkeep\n|\n|t:|1698906940\n|switch|p2a: Lokix|Lokix, F|100\/100\n|turn|5\n|\n|t:|1698906952\n|switch|p1a: Landorus|Landorus-Therian, M|100\/100\n|-ability|p1a: Landorus|Intimidate|boost\n|-unboost|p2a: Lokix|atk|1\n|move|p2a: Lokix|First Impression|p1a: Landorus\n|-resisted|p1a: Landorus\n|-damage|p1a: Landorus|77\/100\n|-damage|p2a: Lokix|84\/100|[from] item: Rocky Helmet|[of] p1a: Landorus\n|-damage|p2a: Lokix|74\/100|[from] item: Life Orb\n|\n|upkeep\n|turn|6\n|\n|t:|1698906967\n|switch|p2a: Slither Wing|Slither Wing|100\/100\n|-enditem|p2a: Slither Wing|Booster Energy\n|-activate|p2a: Slither Wing|ability: Protosynthesis|[fromitem]\n|-start|p2a: Slither Wing|protosynthesisatk\n|move|p1a: Landorus|Stealth Rock|p2a: Slither Wing\n|-sidestart|p2: Yigahcris|move: Stealth Rock\n|\n|upkeep\n|turn|7\n|\n|t:|1698906978\n|move|p2a: Slither Wing|Bulk Up|p2a: Slither Wing\n|-boost|p2a: Slither Wing|atk|1\n|-boost|p2a: Slither Wing|def|1\n|move|p1a: Landorus|Earth Power|p2a: Slither Wing\n|-resisted|p2a: Slither Wing\n|-damage|p2a: Slither Wing|85\/100\n|\n|upkeep\n|turn|8\n|\n|t:|1698906986\n|move|p2a: Slither Wing|Leech Life|p1a: Landorus\n|-resisted|p1a: Landorus\n|-damage|p1a: Landorus|49\/100\n|-heal|p2a: Slither Wing|100\/100|[from] drain|[of] p1a: Landorus\n|-damage|p2a: Slither Wing|84\/100|[from] item: Rocky Helmet|[of] p1a: Landorus\n|move|p1a: Landorus|Taunt|p2a: Slither Wing\n|-start|p2a: Slither Wing|move: Taunt\n|\n|upkeep\n|turn|9\n|inactive|Leroy_Gmax has 120 seconds left.\n|\n|t:|1698907018\n|switch|p1a: Koraidon|Koraidon|100\/100\n|-weather|SunnyDay|[from] ability: Orichalcum Pulse|[of] p1a: Koraidon\n|-activate|p1a: Koraidon|Orichalcum Pulse|[source]\n|move|p2a: Slither Wing|Leech Life|p1a: Koraidon\n|-resisted|p1a: Koraidon\n|-damage|p1a: Koraidon|65\/100\n|-heal|p2a: Slither Wing|100\/100|[from] drain|[of] p1a: Koraidon\n|\n|-weather|SunnyDay|[upkeep]\n|upkeep\n|turn|10\n|inactive|Leroy_Gmax has 120 seconds left.\n|\n|t:|1698907041\n|move|p1a: Koraidon|Flare Blitz|p2a: Slither Wing\n|-supereffective|p2a: Slither Wing\n|-damage|p2a: Slither Wing|0 fnt\n|faint|p2a: Slither Wing\n|-end|p2a: Slither Wing|Protosynthesis|[silent]\n|-damage|p1a: Koraidon|35\/100|[from] Recoil\n|\n|-weather|SunnyDay|[upkeep]\n|upkeep\n|\n|t:|1698907046\n|switch|p2a: Masquerain|Masquerain, M|100\/100\n|-damage|p2a: Masquerain|51\/100|[from] Stealth Rock\n|-ability|p2a: Masquerain|Intimidate|boost\n|-unboost|p1a: Koraidon|atk|1\n|turn|11\n|inactive|Leroy_Gmax has 120 seconds left.\n|\n|t:|1698907053\n|move|p1a: Koraidon|Flare Blitz|p2a: Masquerain\n|-supereffective|p2a: Masquerain\n|-damage|p2a: Masquerain|0 fnt\n|faint|p2a: Masquerain\n|-damage|p1a: Koraidon|21\/100|[from] Recoil\n|\n|-weather|SunnyDay|[upkeep]\n|upkeep\n|\n|t:|1698907078\n|switch|p2a: Lokix|Lokix, F|74\/100\n|-damage|p2a: Lokix|49\/100|[from] Stealth Rock\n|turn|12\n|\n|t:|1698907083\n|switch|p1a: Landorus|Landorus-Therian, M|49\/100\n|-ability|p1a: Landorus|Intimidate|boost\n|-unboost|p2a: Lokix|atk|1\n|move|p2a: Lokix|First Impression|p1a: Landorus\n|-resisted|p1a: Landorus\n|-damage|p1a: Landorus|26\/100\n|-damage|p2a: Lokix|33\/100|[from] item: Rocky Helmet|[of] p1a: Landorus\n|-damage|p2a: Lokix|23\/100|[from] item: Life Orb\n|\n|-weather|SunnyDay|[upkeep]\n|upkeep\n|turn|13\n|\n|t:|1698907099\n|move|p2a: Lokix|Sucker Punch|p1a: Landorus\n|-damage|p1a: Landorus|8\/100\n|-damage|p2a: Lokix|6\/100|[from] item: Rocky Helmet|[of] p1a: Landorus\n|-damage|p2a: Lokix|0 fnt|[from] item: Life Orb\n|faint|p2a: Lokix\n|move|p1a: Landorus|Earth Power|p2: Lokix|[notarget]\n|-fail|p1a: Landorus\n|\n|-weather|none\n|upkeep\n|\n|t:|1698907105\n|switch|p2a: Vivillon|Vivillon-Fancy, F|100\/100\n|turn|14\n|\n|t:|1698907114\n|move|p2a: Vivillon|Sleep Powder|p1a: Landorus\n|-status|p1a: Landorus|slp|[from] move: Sleep Powder\n|cant|p1a: Landorus|slp\n|\n|upkeep\n|turn|15\n|\n|t:|1698907129\n|switch|p1a: Koraidon|Koraidon|21\/100\n|-weather|SunnyDay|[from] ability: Orichalcum Pulse|[of] p1a: Koraidon\n|-activate|p1a: Koraidon|Orichalcum Pulse|[source]\n|move|p2a: Vivillon|Quiver Dance|p2a: Vivillon\n|-boost|p2a: Vivillon|spa|1\n|-boost|p2a: Vivillon|spd|1\n|-boost|p2a: Vivillon|spe|1\n|\n|-weather|SunnyDay|[upkeep]\n|upkeep\n|turn|16\n|\n|t:|1698907138\n|move|p1a: Koraidon|Flare Blitz|p2a: Vivillon\n|-supereffective|p2a: Vivillon\n|-damage|p2a: Vivillon|0 fnt\n|faint|p2a: Vivillon\n|-damage|p1a: Koraidon|0 fnt|[from] Recoil\n|faint|p1a: Koraidon\n|\n|-weather|SunnyDay|[upkeep]\n|upkeep\n|\n|t:|1698907153\n|switch|p1a: Eternatus|Eternatus|100\/100\n|switch|p2a: Bzz|Volcarona, F|100\/100\n|-ability|p1a: Eternatus|Pressure\n|turn|17\n|\n|t:|1698907177\n|-terastallize|p2a: Bzz|Ground\n|move|p1a: Eternatus|Toxic|p2a: Bzz\n|-status|p2a: Bzz|tox\n|move|p2a: Bzz|Quiver Dance|p2a: Bzz\n|-boost|p2a: Bzz|spa|1\n|-boost|p2a: Bzz|spd|1\n|-boost|p2a: Bzz|spe|1\n|\n|-weather|SunnyDay|[upkeep]\n|-damage|p2a: Bzz|94\/100 tox|[from] psn\n|upkeep\n|turn|18\n|\n|t:|1698907189\n|move|p2a: Bzz|Quiver Dance|p2a: Bzz\n|-boost|p2a: Bzz|spa|1\n|-boost|p2a: Bzz|spd|1\n|-boost|p2a: Bzz|spe|1\n|move|p1a: Eternatus|Recover||[still]\n|-fail|p1a: Eternatus|heal\n|\n|-weather|SunnyDay|[upkeep]\n|-damage|p2a: Bzz|82\/100 tox|[from] psn\n|upkeep\n|turn|19\n|\n|t:|1698907201\n|move|p2a: Bzz|Fiery Dance|p1a: Eternatus\n|-resisted|p1a: Eternatus\n|-damage|p1a: Eternatus|62\/100\n|-boost|p2a: Bzz|spa|1\n|move|p1a: Eternatus|Dynamax Cannon|p2a: Bzz\n|-damage|p2a: Bzz|59\/100 tox\n|\n|-weather|none\n|-damage|p2a: Bzz|40\/100 tox|[from] psn\n|upkeep\n|turn|20\n|\n|t:|1698907211\n|move|p2a: Bzz|Fiery Dance|p1a: Eternatus\n|-resisted|p1a: Eternatus\n|-damage|p1a: Eternatus|26\/100\n|move|p1a: Eternatus|Recover|p1a: Eternatus\n|-heal|p1a: Eternatus|76\/100\n|\n|-damage|p2a: Bzz|15\/100 tox|[from] psn\n|upkeep\n|turn|21\n|\n|t:|1698907220\n|move|p2a: Bzz|Fiery Dance|p1a: Eternatus\n|-resisted|p1a: Eternatus\n|-damage|p1a: Eternatus|45\/100\n|move|p1a: Eternatus|Recover|p1a: Eternatus\n|-heal|p1a: Eternatus|95\/100\n|\n|-damage|p2a: Bzz|0 fnt|[from] psn\n|faint|p2a: Bzz\n|\n|win|Leroy_Gmax\n|upkeep\n|raw|Leroy_Gmax's rating: 1000 &rarr; <strong>1054<\/strong><br \/>(+54 for winning)\n|raw|Yigahcris's rating: 1123 &rarr; <strong>1090<\/strong><br \/>(-33 for losing)\n|l|\u2606Yigahcris\n","uploadtime":1698907235,"views":7,"p1id":"leroygmax","p2id":"yigahcris","formatid":"gen9ubers","rating":1054,"private":0,"password":""}