{"id":"gen9ubers-1986347243","p1":"torttin","p2":"andrewbey","format":"[Gen 9] Ubers","log":"|j|\u2606torttin\n|j|\u203dandrewbey\n|t:|1699471216\n|gametype|singles\n|player|p1|torttin|waiter-gen4|1032\n|player|p2|andrewbey|iris-gen5bw2|1041\n|teamsize|p1|6\n|teamsize|p2|6\n|gen|9\n|tier|[Gen 9] Ubers\n|rated|\n|rule|Sleep Clause Mod: Limit one foe put to sleep\n|rule|Species Clause: Limit one of each Pok\u00e9mon\n|rule|OHKO Clause: OHKO moves are banned\n|rule|Evasion Items Clause: Evasion items are banned\n|rule|Evasion Moves Clause: Evasion moves are banned\n|rule|Endless Battle Clause: Forcing endless battles is banned\n|rule|HP Percentage Mod: HP is shown in percentages\n|clearpoke\n|poke|p1|Landorus, M|\n|poke|p1|Heatran, F|\n|poke|p1|Breloom, M|\n|poke|p1|Torkoal, M|\n|poke|p1|Flutter Mane|\n|poke|p1|Garganacl, F|\n|poke|p2|Infernape, M|\n|poke|p2|Pikachu, M|\n|poke|p2|Staraptor, F|\n|poke|p2|Garchomp, F|\n|poke|p2|Torterra, F|\n|poke|p2|Gliscor, M|\n|teampreview\n|\n|t:|1699471225\n|start\n|switch|p1a: Swanson|Torkoal, M|100\/100\n|switch|p2a: Pikachu|Pikachu, M|100\/100\n|-weather|SunnyDay|[from] ability: Drought|[of] p1a: Swanson\n|turn|1\n|\n|t:|1699471234\n|move|p2a: Pikachu|Fake Out|p1a: Swanson\n|-damage|p1a: Swanson|88\/100\n|cant|p1a: Swanson|flinch\n|\n|-weather|SunnyDay|[upkeep]\n|upkeep\n|turn|2\n|\n|t:|1699471240\n|switch|p2a: Infernape|Infernape, M|100\/100\n|move|p1a: Swanson|Stealth Rock|p2a: Infernape\n|-sidestart|p2: andrewbey|move: Stealth Rock\n|\n|-weather|SunnyDay|[upkeep]\n|upkeep\n|turn|3\n|\n|t:|1699471247\n|move|p2a: Infernape|Fake Out|p1a: Swanson\n|-damage|p1a: Swanson|79\/100\n|cant|p1a: Swanson|flinch\n|\n|-weather|SunnyDay|[upkeep]\n|upkeep\n|turn|4\n|\n|t:|1699471253\n|move|p2a: Infernape|Swords Dance|p2a: Infernape\n|-boost|p2a: Infernape|atk|2\n|move|p1a: Swanson|Earthquake|p2a: Infernape\n|-supereffective|p2a: Infernape\n|-damage|p2a: Infernape|34\/100\n|\n|-weather|SunnyDay|[upkeep]\n|upkeep\n|turn|5\n|\n|t:|1699471313\n|move|p2a: Infernape|Fire Punch|p1a: Swanson\n|-resisted|p1a: Swanson\n|-damage|p1a: Swanson|36\/100\n|move|p1a: Swanson|Earthquake|p2a: Infernape\n|-supereffective|p2a: Infernape\n|-damage|p2a: Infernape|0 fnt\n|faint|p2a: Infernape\n|\n|-weather|none\n|upkeep\n|\n|t:|1699471322\n|switch|p2a: Pikachu|Pikachu, M|100\/100\n|-damage|p2a: Pikachu|88\/100|[from] Stealth Rock\n|turn|6\n|\n|t:|1699471343\n|move|p2a: Pikachu|Fake Out|p1a: Swanson\n|-damage|p1a: Swanson|22\/100\n|cant|p1a: Swanson|flinch\n|\n|upkeep\n|turn|7\n|\n|t:|1699471349\n|move|p2a: Pikachu|Thunder Punch|p1a: Swanson\n|-damage|p1a: Swanson|0 fnt\n|faint|p1a: Swanson\n|\n|upkeep\n|\n|t:|1699471357\n|switch|p1a: Lando|Landorus, M|100\/100\n|turn|8\n|\n|t:|1699471365\n|switch|p2a: Staraptor|Staraptor, F|100\/100\n|-damage|p2a: Staraptor|76\/100|[from] Stealth Rock\n|move|p1a: Lando|Earthquake|p2a: Staraptor\n|-immune|p2a: Staraptor\n|\n|upkeep\n|turn|9\n|\n|t:|1699471379\n|switch|p1a: Salt|Garganacl, F|100\/100\n|move|p2a: Staraptor|Double-Edge|p1a: Salt\n|-resisted|p1a: Salt\n|-damage|p1a: Salt|82\/100\n|-damage|p2a: Staraptor|68\/100|[from] Recoil\n|\n|upkeep\n|turn|10\n|\n|t:|1699471392\n|move|p2a: Staraptor|Close Combat|p1a: Salt\n|-supereffective|p1a: Salt\n|-damage|p1a: Salt|42\/100\n|-unboost|p2a: Staraptor|def|1\n|-unboost|p2a: Staraptor|spd|1\n|move|p1a: Salt|Salt Cure|p2a: Staraptor\n|-supereffective|p2a: Staraptor\n|-damage|p2a: Staraptor|2\/100\n|-start|p2a: Staraptor|Salt Cure\n|\n|-damage|p2a: Staraptor|0 fnt|[from] Salt Cure\n|faint|p2a: Staraptor\n|upkeep\n|\n|t:|1699471417\n|switch|p2a: Pikachu|Pikachu, M|88\/100\n|-damage|p2a: Pikachu|76\/100|[from] Stealth Rock\n|turn|11\n|\n|t:|1699471429\n|move|p2a: Pikachu|Iron Tail|p1a: Salt|[miss]\n|-miss|p2a: Pikachu|p1a: Salt\n|move|p1a: Salt|Stone Edge|p2a: Pikachu\n|-damage|p2a: Pikachu|0 fnt\n|faint|p2a: Pikachu\n|\n|upkeep\n|\n|t:|1699471437\n|switch|p2a: Garchomp|Garchomp, F|100\/100\n|-damage|p2a: Garchomp|94\/100|[from] Stealth Rock\n|turn|12\n|\n|t:|1699471453\n|switch|p1a: Breloom|Breloom, M, shiny|100\/100\n|-terastallize|p2a: Garchomp|Dark\n|move|p2a: Garchomp|Earthquake|p1a: Breloom\n|-resisted|p1a: Breloom\n|-damage|p1a: Breloom|61\/100\n|\n|upkeep\n|turn|13\n|\n|t:|1699471465\n|move|p1a: Breloom|Mach Punch|p2a: Garchomp\n|-supereffective|p2a: Garchomp\n|-damage|p2a: Garchomp|33\/100\n|-damage|p1a: Breloom|48\/100|[from] ability: Rough Skin|[of] p2a: Garchomp\n|-damage|p1a: Breloom|32\/100|[from] item: Rocky Helmet|[of] p2a: Garchomp\n|move|p2a: Garchomp|Poison Jab|p1a: Breloom\n|-supereffective|p1a: Breloom\n|-crit|p1a: Breloom\n|-damage|p1a: Breloom|0 fnt\n|faint|p1a: Breloom\n|\n|upkeep\n|\n|t:|1699471482\n|switch|p1a: Spooks|Flutter Mane, shiny|100\/100\n|turn|14\n|\n|t:|1699471486\n|move|p1a: Spooks|Moonblast|p2a: Garchomp\n|-supereffective|p2a: Garchomp\n|-damage|p2a: Garchomp|0 fnt\n|faint|p2a: Garchomp\n|\n|upkeep\n|\n|t:|1699471492\n|switch|p2a: Torterra|Torterra, F|100\/100\n|-damage|p2a: Torterra|94\/100|[from] Stealth Rock\n|turn|15\n|\n|t:|1699471505\n|-end|p1a: Spooks|Protosynthesis|[silent]\n|switch|p1a: Todd|Heatran, F, shiny|100\/100\n|move|p2a: Torterra|Iron Head|p1a: Todd\n|-resisted|p1a: Todd\n|-damage|p1a: Todd|95\/100\n|\n|-heal|p2a: Torterra|100\/100|[from] item: Leftovers\n|upkeep\n|turn|16\n|\n|t:|1699471520\n|move|p1a: Todd|Magma Storm|p2a: Torterra\n|-supereffective|p2a: Torterra\n|-damage|p2a: Torterra|0 fnt\n|faint|p2a: Torterra\n|\n|upkeep\n|\n|t:|1699471525\n|switch|p2a: Gliscor|Gliscor, M, shiny|100\/100\n|-damage|p2a: Gliscor|88\/100|[from] Stealth Rock\n|turn|17\n|\n|t:|1699471552\n|move|p2a: Gliscor|Ice Fang|p1a: Todd\n|-resisted|p1a: Todd\n|-damage|p1a: Todd|91\/100\n|-status|p1a: Todd|frz\n|cant|p1a: Todd|frz\n|\n|-status|p2a: Gliscor|tox|[from] item: Toxic Orb\n|upkeep\n|turn|18\n|\n|t:|1699471564\n|switch|p1a: Salt|Garganacl, F|42\/100\n|move|p2a: Gliscor|Crabhammer|p1a: Salt\n|-supereffective|p1a: Salt\n|-damage|p1a: Salt|12\/100\n|\n|-heal|p2a: Gliscor|100\/100 tox|[from] ability: Poison Heal\n|upkeep\n|turn|19\n|\n|t:|1699471607\n|move|p2a: Gliscor|Ice Fang|p1a: Salt\n|-damage|p1a: Salt|2\/100\n|move|p1a: Salt|Stone Edge|p2a: Gliscor\n|-crit|p2a: Gliscor\n|-damage|p2a: Gliscor|48\/100 tox\n|\n|-heal|p2a: Gliscor|60\/100 tox|[from] ability: Poison Heal\n|upkeep\n|turn|20\n|\n|t:|1699471631\n|move|p2a: Gliscor|Earthquake|p1a: Salt\n|-supereffective|p1a: Salt\n|-damage|p1a: Salt|0 fnt\n|faint|p1a: Salt\n|\n|-heal|p2a: Gliscor|72\/100 tox|[from] ability: Poison Heal\n|upkeep\n|\n|t:|1699471639\n|switch|p1a: Lando|Landorus, M|100\/100\n|turn|21\n|\n|t:|1699471651\n|move|p1a: Lando|Crunch|p2a: Gliscor\n|-damage|p2a: Gliscor|44\/100 tox\n|move|p2a: Gliscor|Ice Fang|p1a: Lando\n|-supereffective|p1a: Lando\n|-crit|p1a: Lando\n|-damage|p1a: Lando|0 fnt\n|faint|p1a: Lando\n|\n|-heal|p2a: Gliscor|56\/100 tox|[from] ability: Poison Heal\n|upkeep\n|l|\u2606torttin\n|player|p1|\n|inactive|Battle timer is ON: inactive players will automatically lose when time's up. (requested by andrewbey)\n|j|\u2606torttin\n|inactive|torttin reconnected and has 135 seconds left.\n|player|p1|torttin|waiter-gen4\n|\n|t:|1699471780\n|switch|p1a: Todd|Heatran, F, shiny|91\/100 frz\n|turn|22\n|\n|t:|1699471787\n|move|p2a: Gliscor|Earthquake|p1a: Todd\n|-supereffective|p1a: Todd\n|-damage|p1a: Todd|0 fnt\n|faint|p1a: Todd\n|\n|-heal|p2a: Gliscor|69\/100 tox|[from] ability: Poison Heal\n|upkeep\n|\n|t:|1699471794\n|switch|p1a: Spooks|Flutter Mane, shiny|100\/100\n|turn|23\n|\n|t:|1699471805\n|move|p1a: Spooks|Moonblast|p2a: Gliscor\n|-damage|p2a: Gliscor|0 fnt\n|faint|p2a: Gliscor\n|\n|win|torttin\n|raw|torttin's rating: 1032 &rarr; <strong>1068<\/strong><br \/>(+36 for winning)\n|raw|andrewbey's rating: 1041 &rarr; <strong>1024<\/strong><br \/>(-17 for losing)\n","uploadtime":1699471814,"views":11,"p1id":"torttin","p2id":"andrewbey","formatid":"gen9ubers","rating":1024,"private":0,"password":""}