{"id":"gen9ubers-1970671238","p1":"ShirosakiAoi","p2":"MeteorAsh15","format":"[Gen 9] Ubers","log":"|j|\u2606ShirosakiAoi\n|j|\u2606MeteorAsh15\n|t:|1697656978\n|gametype|singles\n|player|p1|ShirosakiAoi|265|1097\n|player|p2|MeteorAsh15|nate|1178\n|teamsize|p1|6\n|teamsize|p2|6\n|gen|9\n|tier|[Gen 9] Ubers\n|rated|\n|rule|Sleep Clause Mod: Limit one foe put to sleep\n|rule|Species Clause: Limit one of each Pok\u00e9mon\n|rule|OHKO Clause: OHKO moves are banned\n|rule|Evasion Items Clause: Evasion items are banned\n|rule|Evasion Moves Clause: Evasion moves are banned\n|rule|Endless Battle Clause: Forcing endless battles is banned\n|rule|HP Percentage Mod: HP is shown in percentages\n|clearpoke\n|poke|p1|Urshifu-*, M|\n|poke|p1|Ogerpon-Hearthflame, F|\n|poke|p1|Ursaluna-Bloodmoon, M|\n|poke|p1|Espathra, M|\n|poke|p1|Landorus, M|\n|poke|p1|Ceruledge, M|\n|poke|p2|Mew|\n|poke|p2|Zacian-*|\n|poke|p2|Espathra, F|\n|poke|p2|Eternatus|\n|poke|p2|Ninetales-Alola, F|\n|poke|p2|Baxcalibur, F|\n|teampreview\n|inactive|Battle timer is ON: inactive players will automatically lose when time's up. (requested by MeteorAsh15)\n|\n|t:|1697656983\n|start\n|switch|p1a: Vina Sky|Ceruledge, M|100\/100\n|switch|p2a: Mew|Mew, shiny|100\/100\n|turn|1\n|\n|t:|1697656990\n|move|p2a: Mew|Toxic Spikes|p1a: Vina Sky\n|-sidestart|p1: ShirosakiAoi|move: Toxic Spikes\n|move|p1a: Vina Sky|Swords Dance|p1a: Vina Sky\n|-boost|p1a: Vina Sky|atk|2\n|\n|upkeep\n|turn|2\n|\n|t:|1697656999\n|move|p2a: Mew|Taunt|p1a: Vina Sky\n|-start|p1a: Vina Sky|move: Taunt\n|cant|p1a: Vina Sky|move: Taunt|Swords Dance\n|\n|upkeep\n|turn|3\n|\n|t:|1697657004\n|move|p2a: Mew|Stealth Rock|p1a: Vina Sky\n|-sidestart|p1: ShirosakiAoi|move: Stealth Rock\n|move|p1a: Vina Sky|Poltergeist|p2a: Mew\n|-activate|p2a: Mew|move: Poltergeist|Red Card\n|-supereffective|p2a: Mew\n|-damage|p2a: Mew|0 fnt\n|faint|p2a: Mew\n|\n|upkeep\n|\n|t:|1697657016\n|switch|p2a: Eternatus|Eternatus|100\/100\n|-ability|p2a: Eternatus|Pressure\n|turn|4\n|\n|t:|1697657026\n|move|p2a: Eternatus|Dynamax Cannon|p1a: Vina Sky\n|-crit|p1a: Vina Sky\n|-enditem|p1a: Vina Sky|Focus Sash\n|-damage|p1a: Vina Sky|1\/100\n|move|p1a: Vina Sky|Poltergeist|p2a: Eternatus\n|-activate|p2a: Eternatus|move: Poltergeist|Expert Belt\n|-damage|p2a: Eternatus|0 fnt\n|faint|p2a: Eternatus\n|\n|-end|p1a: Vina Sky|move: Taunt\n|upkeep\n|\n|t:|1697657039\n|switch|p2a: Espathra|Espathra, F, shiny|100\/100\n|turn|5\n|\n|t:|1697657049\n|move|p2a: Espathra|Protect|p2a: Espathra\n|-singleturn|p2a: Espathra|Protect\n|move|p1a: Vina Sky|Poltergeist|p2a: Espathra\n|-activate|p2a: Espathra|move: Protect\n|\n|-ability|p2a: Espathra|Speed Boost|boost\n|-boost|p2a: Espathra|spe|1\n|upkeep\n|turn|6\n|\n|t:|1697657061\n|move|p2a: Espathra|Stored Power|p1a: Vina Sky\n|-damage|p1a: Vina Sky|0 fnt\n|faint|p1a: Vina Sky\n|\n|-ability|p2a: Espathra|Speed Boost|boost\n|-boost|p2a: Espathra|spe|1\n|upkeep\n|\n|t:|1697657080\n|switch|p1a: Zombear|Ursaluna-Bloodmoon, M|100\/100\n|-status|p1a: Zombear|psn\n|-damage|p1a: Zombear|94\/100 psn|[from] Stealth Rock\n|turn|7\n|\n|t:|1697657086\n|move|p2a: Espathra|Calm Mind|p2a: Espathra\n|-boost|p2a: Espathra|spa|1\n|-boost|p2a: Espathra|spd|1\n|move|p1a: Zombear|Blood Moon|p2a: Espathra\n|-damage|p2a: Espathra|16\/100\n|\n|-heal|p2a: Espathra|22\/100|[from] item: Leftovers\n|-heal|p1a: Zombear|100\/100 psn|[from] item: Leftovers\n|-damage|p1a: Zombear|88\/100 psn|[from] psn\n|-ability|p2a: Espathra|Speed Boost|boost\n|-boost|p2a: Espathra|spe|1\n|upkeep\n|turn|8\n|\n|t:|1697657098\n|move|p2a: Espathra|Protect|p2a: Espathra\n|-singleturn|p2a: Espathra|Protect\n|move|p1a: Zombear|Earth Power|p2a: Espathra\n|-activate|p2a: Espathra|move: Protect\n|\n|-heal|p2a: Espathra|29\/100|[from] item: Leftovers\n|-heal|p1a: Zombear|94\/100 psn|[from] item: Leftovers\n|-damage|p1a: Zombear|82\/100 psn|[from] psn\n|-ability|p2a: Espathra|Speed Boost|boost\n|-boost|p2a: Espathra|spe|1\n|upkeep\n|turn|9\n|\n|t:|1697657111\n|move|p2a: Espathra|Stored Power|p1a: Zombear\n|-damage|p1a: Zombear|0 fnt\n|faint|p1a: Zombear\n|\n|-heal|p2a: Espathra|35\/100|[from] item: Leftovers\n|-ability|p2a: Espathra|Speed Boost|boost\n|-boost|p2a: Espathra|spe|1\n|upkeep\n|inactive|ShirosakiAoi has 120 seconds left.\n|inactive|ShirosakiAoi has 90 seconds left.\n|\n|t:|1697657174\n|switch|p1a: Urshifuuuya|Urshifu, M|100\/100\n|-status|p1a: Urshifuuuya|psn\n|-damage|p1a: Urshifuuuya|94\/100 psn|[from] Stealth Rock\n|turn|10\n|\n|t:|1697657180\n|move|p2a: Espathra|Protect|p2a: Espathra\n|-singleturn|p2a: Espathra|Protect\n|move|p1a: Urshifuuuya|Wicked Blow|p2a: Espathra\n|-supereffective|p2a: Espathra\n|-crit|p2a: Espathra\n|-damage|p2a: Espathra|0 fnt\n|faint|p2a: Espathra\n|\n|-damage|p1a: Urshifuuuya|82\/100 psn|[from] psn\n|upkeep\n|\n|t:|1697657190\n|switch|p2a: Zacian|Zacian-Crowned|100\/100\n|-ability|p2a: Zacian|Intrepid Sword|boost\n|-boost|p2a: Zacian|atk|1\n|turn|11\n|inactive|ShirosakiAoi has 90 seconds left.\n|inactive|ShirosakiAoi has 60 seconds left.\n|\n|t:|1697657251\n|move|p2a: Zacian|Play Rough|p1a: Urshifuuuya\n|-supereffective|p1a: Urshifuuuya\n|-damage|p1a: Urshifuuuya|0 fnt\n|faint|p1a: Urshifuuuya\n|\n|upkeep\n|\n|t:|1697657255\n|switch|p1a: Skylar Vox|Espathra, M|100\/100\n|-status|p1a: Skylar Vox|psn\n|-damage|p1a: Skylar Vox|88\/100 psn|[from] Stealth Rock\n|turn|12\n|inactive|ShirosakiAoi has 60 seconds left.\n|\n|t:|1697657280\n|move|p2a: Zacian|Behemoth Blade|p1a: Skylar Vox\n|-damage|p1a: Skylar Vox|0 fnt\n|faint|p1a: Skylar Vox\n|\n|upkeep\n|\n|t:|1697657284\n|switch|p1a: Judge|Landorus, M|100\/100\n|-damage|p1a: Judge|88\/100|[from] Stealth Rock\n|turn|13\n|\n|t:|1697657293\n|move|p2a: Zacian|Behemoth Blade|p1a: Judge\n|-damage|p1a: Judge|0 fnt\n|faint|p1a: Judge\n|\n|upkeep\n|\n|t:|1697657296\n|switch|p1a: The MASK|Ogerpon-Hearthflame, F|100\/100\n|-status|p1a: The MASK|psn\n|-damage|p1a: The MASK|76\/100 psn|[from] Stealth Rock\n|-ability|p1a: The MASK|Mold Breaker\n|turn|14\n|inactive|ShirosakiAoi has 60 seconds left.\n|\n|t:|1697657314\n|move|p2a: Zacian|Behemoth Blade|p1a: The MASK\n|-resisted|p1a: The MASK\n|-damage|p1a: The MASK|15\/100 psn\n|move|p1a: The MASK|Ivy Cudgel|p2a: Zacian\n|-supereffective|p2a: Zacian\n|-damage|p2a: Zacian|0 fnt\n|faint|p2a: Zacian\n|\n|-damage|p1a: The MASK|3\/100 psn|[from] psn\n|upkeep\n|\n|t:|1697657324\n|switch|p2a: Baxcalibur|Baxcalibur, F, shiny|100\/100\n|turn|15\n|inactive|ShirosakiAoi has 60 seconds left.\n|\n|t:|1697657337\n|-terastallize|p2a: Baxcalibur|Dragon\n|move|p1a: The MASK|Ivy Cudgel|p2a: Baxcalibur\n|-resisted|p2a: Baxcalibur\n|-damage|p2a: Baxcalibur|73\/100\n|-ability|p2a: Baxcalibur|Thermal Exchange|boost\n|-boost|p2a: Baxcalibur|atk|1\n|move|p2a: Baxcalibur|Earthquake|p1a: The MASK\n|-damage|p1a: The MASK|0 fnt\n|faint|p1a: The MASK\n|\n|win|MeteorAsh15\n|raw|ShirosakiAoi's rating: 1097 &rarr; <strong>1078<\/strong><br \/>(-19 for losing)\n|raw|MeteorAsh15's rating: 1178 &rarr; <strong>1197<\/strong><br \/>(+19 for winning)\n|c|\u2606MeteorAsh15|Gg\n","uploadtime":1697657358,"views":8,"p1id":"shirosakiaoi","p2id":"meteorash15","formatid":"gen9ubers","rating":1078,"private":0,"password":""}