{"id":"gen9ubers-1995677487","p1":"Heliogar","p2":"MeteorAsh15","format":"[Gen 9] Ubers","log":"|j|\u2606Heliogar\n|j|\u2606MeteorAsh15\n|t:|1700593132\n|gametype|singles\n|player|p1|Heliogar|galacticgrunt|1050\n|player|p2|MeteorAsh15|1|1096\n|teamsize|p1|6\n|teamsize|p2|6\n|gen|9\n|tier|[Gen 9] Ubers\n|rated|\n|rule|Sleep Clause Mod: Limit one foe put to sleep\n|rule|Species Clause: Limit one of each Pok\u00e9mon\n|rule|OHKO Clause: OHKO moves are banned\n|rule|Evasion Items Clause: Evasion items are banned\n|rule|Evasion Moves Clause: Evasion moves are banned\n|rule|Endless Battle Clause: Forcing endless battles is banned\n|rule|HP Percentage Mod: HP is shown in percentages\n|clearpoke\n|poke|p1|Mesprit|\n|poke|p1|Trevenant, F|\n|poke|p1|Tauros-Paldea-Blaze, M|\n|poke|p1|Snorlax, F|\n|poke|p1|Perrserker, F|\n|poke|p1|Tyranitar, F|\n|poke|p2|Baxcalibur, F|\n|poke|p2|Ninetales-Alola, F|\n|poke|p2|Koraidon|\n|poke|p2|Zacian-*|\n|poke|p2|Tornadus, M|\n|poke|p2|Ribombee, F|\n|teampreview\n|inactive|Battle timer is ON: inactive players will automatically lose when time's up. (requested by MeteorAsh15)\n|\n|t:|1700593137\n|start\n|switch|p1a: Tauros|Tauros-Paldea-Blaze, M|100\/100\n|switch|p2a: Ribombee|Ribombee, F, shiny|100\/100\n|turn|1\n|\n|t:|1700593147\n|move|p2a: Ribombee|Sticky Web|p1a: Tauros\n|-sidestart|p1: Heliogar|move: Sticky Web\n|move|p1a: Tauros|Raging Bull|p2a: Ribombee\n|-supereffective|p2a: Ribombee\n|-enditem|p2a: Ribombee|Focus Sash\n|-damage|p2a: Ribombee|1\/100\n|\n|upkeep\n|turn|2\n|\n|t:|1700593156\n|move|p2a: Ribombee|Tailwind|p2a: Ribombee\n|-sidestart|p2: MeteorAsh15|move: Tailwind\n|move|p1a: Tauros|Bulk Up|p1a: Tauros\n|-boost|p1a: Tauros|atk|1\n|-boost|p1a: Tauros|def|1\n|\n|upkeep\n|turn|3\n|\n|t:|1700593164\n|move|p2a: Ribombee|Stun Spore|p1a: Tauros\n|-status|p1a: Tauros|par\n|move|p1a: Tauros|Will-O-Wisp|p2a: Ribombee\n|-status|p2a: Ribombee|brn\n|\n|-damage|p2a: Ribombee|0 fnt|[from] brn\n|faint|p2a: Ribombee\n|upkeep\n|\n|t:|1700593176\n|switch|p2a: Tornadus|Tornadus, M, shiny|100\/100\n|turn|4\n|\n|t:|1700593183\n|move|p2a: Tornadus|Bleakwind Storm|p1a: Tauros\n|-supereffective|p1a: Tauros\n|-damage|p1a: Tauros|2\/100 par\n|-enditem|p1a: Tauros|Salac Berry|[eat]\n|-boost|p1a: Tauros|spe|1|[from] item: Salac Berry\n|move|p1a: Tauros|Raging Bull|p2a: Tornadus\n|-damage|p2a: Tornadus|31\/100\n|\n|upkeep\n|turn|5\n|\n|t:|1700593195\n|move|p2a: Tornadus|Heat Wave|p1a: Tauros\n|-resisted|p1a: Tauros\n|-damage|p1a: Tauros|0 fnt\n|faint|p1a: Tauros\n|\n|-sideend|p2: MeteorAsh15|move: Tailwind\n|upkeep\n|\n|t:|1700593219\n|switch|p1a: Snorlax|Snorlax, F|100\/100\n|-activate|p1a: Snorlax|move: Sticky Web\n|-unboost|p1a: Snorlax|spe|1\n|turn|6\n|\n|t:|1700593226\n|move|p2a: Tornadus|Tailwind|p2a: Tornadus\n|-sidestart|p2: MeteorAsh15|move: Tailwind\n|move|p1a: Snorlax|Ice Punch|p2a: Tornadus\n|-supereffective|p2a: Tornadus\n|-damage|p2a: Tornadus|0 fnt\n|faint|p2a: Tornadus\n|\n|upkeep\n|\n|t:|1700593234\n|switch|p2a: Zacian|Zacian-Crowned, shiny|100\/100\n|-ability|p2a: Zacian|Intrepid Sword|boost\n|-boost|p2a: Zacian|atk|1\n|turn|7\n|\n|t:|1700593241\n|-terastallize|p1a: Snorlax|Ghost\n|move|p2a: Zacian|Sacred Sword|p1a: Snorlax\n|-immune|p1a: Snorlax\n|move|p1a: Snorlax|Curse|p2a: Zacian\n|-start|p2a: Zacian|Curse|[of] p1a: Snorlax\n|-damage|p1a: Snorlax|50\/100\n|\n|-heal|p1a: Snorlax|57\/100|[from] item: Leftovers\n|-damage|p2a: Zacian|76\/100|[from] Curse\n|upkeep\n|turn|8\n|\n|t:|1700593253\n|move|p2a: Zacian|Behemoth Blade|p1a: Snorlax\n|-damage|p1a: Snorlax|0 fnt\n|faint|p1a: Snorlax\n|\n|-damage|p2a: Zacian|51\/100|[from] Curse\n|upkeep\n|\n|t:|1700593262\n|switch|p1a: Perrserker|Perrserker, F|100\/100\n|-activate|p1a: Perrserker|move: Sticky Web\n|-unboost|p1a: Perrserker|spe|1\n|turn|9\n|\n|t:|1700593267\n|switch|p1a: Trevenant|Trevenant, F|100\/100\n|-activate|p1a: Trevenant|move: Sticky Web\n|-unboost|p1a: Trevenant|spe|1\n|move|p2a: Zacian|Sacred Sword|p1a: Trevenant\n|-immune|p1a: Trevenant\n|\n|-damage|p2a: Zacian|26\/100|[from] Curse\n|-sideend|p2: MeteorAsh15|move: Tailwind\n|upkeep\n|turn|10\n|\n|t:|1700593280\n|switch|p1a: Perrserker|Perrserker, F|100\/100\n|-activate|p1a: Perrserker|move: Sticky Web\n|-unboost|p1a: Perrserker|spe|1\n|move|p2a: Zacian|Play Rough|p1a: Perrserker\n|-resisted|p1a: Perrserker\n|-damage|p1a: Perrserker|60\/100\n|\n|-heal|p1a: Perrserker|66\/100|[from] item: Leftovers\n|-damage|p2a: Zacian|1\/100|[from] Curse\n|upkeep\n|turn|11\n|\n|t:|1700593292\n|move|p2a: Zacian|Crunch|p1a: Perrserker\n|-damage|p1a: Perrserker|17\/100\n|-unboost|p1a: Perrserker|def|1\n|move|p1a: Perrserker|Shadow Claw|p2a: Zacian\n|-crit|p2a: Zacian\n|-damage|p2a: Zacian|0 fnt\n|faint|p2a: Zacian\n|\n|-heal|p1a: Perrserker|23\/100|[from] item: Leftovers\n|upkeep\n|\n|t:|1700593304\n|switch|p2a: Ninetales|Ninetales-Alola, F|100\/100\n|-weather|Snow|[from] ability: Snow Warning|[of] p2a: Ninetales\n|turn|12\n|\n|t:|1700593311\n|move|p2a: Ninetales|Freeze-Dry|p1a: Perrserker\n|-resisted|p1a: Perrserker\n|-damage|p1a: Perrserker|11\/100\n|move|p1a: Perrserker|Gyro Ball|p2a: Ninetales\n|-supereffective|p2a: Ninetales\n|-damage|p2a: Ninetales|0 fnt\n|faint|p2a: Ninetales\n|\n|-weather|Snow|[upkeep]\n|-heal|p1a: Perrserker|17\/100|[from] item: Leftovers\n|upkeep\n|\n|t:|1700593324\n|switch|p2a: Baxcalibur|Baxcalibur, F|100\/100\n|turn|13\n|\n|t:|1700593335\n|-terastallize|p2a: Baxcalibur|Ground\n|move|p2a: Baxcalibur|Swords Dance|p2a: Baxcalibur\n|-boost|p2a: Baxcalibur|atk|2\n|move|p1a: Perrserker|Gyro Ball|p2a: Baxcalibur\n|-damage|p2a: Baxcalibur|46\/100\n|\n|-weather|Snow|[upkeep]\n|-heal|p1a: Perrserker|23\/100|[from] item: Leftovers\n|upkeep\n|turn|14\n|\n|t:|1700593349\n|move|p2a: Baxcalibur|Earthquake|p1a: Perrserker\n|-supereffective|p1a: Perrserker\n|-damage|p1a: Perrserker|0 fnt\n|faint|p1a: Perrserker\n|\n|-weather|Snow|[upkeep]\n|upkeep\n|\n|t:|1700593355\n|switch|p1a: Mesprit|Mesprit|100\/100\n|turn|15\n|\n|t:|1700593361\n|move|p2a: Baxcalibur|Scale Shot|p1a: Mesprit\n|-damage|p1a: Mesprit|74\/100\n|-damage|p1a: Mesprit|48\/100\n|-damage|p1a: Mesprit|22\/100\n|-damage|p1a: Mesprit|0 fnt\n|faint|p1a: Mesprit\n|-hitcount|p1: Mesprit|4\n|-unboost|p2a: Baxcalibur|def|1\n|-boost|p2a: Baxcalibur|spe|1\n|\n|-weather|Snow|[upkeep]\n|upkeep\n|\n|t:|1700593374\n|switch|p1a: Trevenant|Trevenant, F|100\/100\n|-activate|p1a: Trevenant|move: Sticky Web\n|-unboost|p1a: Trevenant|spe|1\n|turn|16\n|\n|t:|1700593380\n|move|p2a: Baxcalibur|Icicle Spear|p1a: Trevenant\n|-supereffective|p1a: Trevenant\n|-damage|p1a: Trevenant|31\/100\n|-supereffective|p1a: Trevenant\n|-damage|p1a: Trevenant|0 fnt\n|faint|p1a: Trevenant\n|-hitcount|p1: Trevenant|2\n|\n|-weather|none\n|upkeep\n|\n|t:|1700593388\n|switch|p1a: Tyranitar|Tyranitar, F|100\/100\n|-activate|p1a: Tyranitar|move: Sticky Web\n|-unboost|p1a: Tyranitar|spe|1\n|-weather|Sandstorm|[from] ability: Sand Stream|[of] p1a: Tyranitar\n|turn|17\n|\n|t:|1700593396\n|move|p2a: Baxcalibur|Earthquake|p1a: Tyranitar\n|-supereffective|p1a: Tyranitar\n|-damage|p1a: Tyranitar|0 fnt\n|faint|p1a: Tyranitar\n|\n|win|MeteorAsh15\n|raw|Heliogar's rating: 1050 &rarr; <strong>1035<\/strong><br \/>(-15 for losing)\n|raw|MeteorAsh15's rating: 1096 &rarr; <strong>1118<\/strong><br \/>(+22 for winning)\n|l|\u2606Heliogar\n","uploadtime":1700593407,"views":1,"p1id":"heliogar","p2id":"meteorash15","formatid":"gen9ubers","rating":1035,"private":0,"password":""}