{"id":"gen9ubers-1997384053","p1":"CoolMoney2000","p2":"Anne Frankkkk","format":"[Gen 9] Ubers","log":"|j|\u2606CoolMoney2000\n|j|\u2606Anne Frankkkk\n|t:|1700797106\n|gametype|singles\n|player|p1|CoolMoney2000|2|1097\n|player|p2|Anne Frankkkk|hilbert|1230\n|teamsize|p1|6\n|teamsize|p2|6\n|gen|9\n|tier|[Gen 9] Ubers\n|rated|\n|rule|Sleep Clause Mod: Limit one foe put to sleep\n|rule|Species Clause: Limit one of each Pok\u00e9mon\n|rule|OHKO Clause: OHKO moves are banned\n|rule|Evasion Items Clause: Evasion items are banned\n|rule|Evasion Moves Clause: Evasion moves are banned\n|rule|Endless Battle Clause: Forcing endless battles is banned\n|rule|HP Percentage Mod: HP is shown in percentages\n|clearpoke\n|poke|p1|Garchomp, F|\n|poke|p1|Greninja-*, F|\n|poke|p1|Heatran, F|\n|poke|p1|Flutter Mane|\n|poke|p1|Rillaboom, M|\n|poke|p1|Pawmot, F|\n|poke|p2|Regieleki|\n|poke|p2|Kyogre|\n|poke|p2|Chien-Pao|\n|poke|p2|Ribombee, F|\n|poke|p2|Miraidon|\n|poke|p2|Flutter Mane|\n|teampreview\n|inactive|Battle timer is ON: inactive players will automatically lose when time's up. (requested by Anne Frankkkk)\n|\n|t:|1700797111\n|start\n|switch|p1a: Garchomp|Garchomp, F|100\/100\n|switch|p2a: Moonblast|Ribombee, F, shiny|100\/100\n|turn|1\n|\n|t:|1700797130\n|move|p2a: Moonblast|Sticky Web|p1a: Garchomp\n|-sidestart|p1: CoolMoney2000|move: Sticky Web\n|move|p1a: Garchomp|Stealth Rock|p2a: Moonblast\n|-sidestart|p2: Anne Frankkkk|move: Stealth Rock\n|\n|upkeep\n|turn|2\n|\n|t:|1700797145\n|move|p2a: Moonblast|Moonblast|p1a: Garchomp\n|-supereffective|p1a: Garchomp\n|-damage|p1a: Garchomp|27\/100\n|move|p1a: Garchomp|Earthquake|p2a: Moonblast\n|-resisted|p2a: Moonblast\n|-crit|p2a: Moonblast\n|-damage|p2a: Moonblast|27\/100\n|\n|upkeep\n|turn|3\n|\n|t:|1700797158\n|switch|p1a: Heatran|Heatran, F|100\/100\n|-activate|p1a: Heatran|move: Sticky Web\n|-unboost|p1a: Heatran|spe|1\n|move|p2a: Moonblast|Moonblast|p1a: Heatran\n|-resisted|p1a: Heatran\n|-damage|p1a: Heatran|93\/100\n|\n|-heal|p1a: Heatran|99\/100|[from] item: Leftovers\n|upkeep\n|turn|4\n|\n|t:|1700797177\n|move|p2a: Moonblast|Stun Spore|p1a: Heatran\n|-status|p1a: Heatran|par\n|move|p1a: Heatran|Flash Cannon|p2a: Moonblast\n|-supereffective|p2a: Moonblast\n|-damage|p2a: Moonblast|0 fnt\n|faint|p2a: Moonblast\n|\n|-heal|p1a: Heatran|100\/100 par|[from] item: Leftovers\n|upkeep\n|\n|t:|1700797181\n|switch|p2a: Bzzzzt|Regieleki, shiny|100\/100\n|-damage|p2a: Bzzzzt|88\/100|[from] Stealth Rock\n|turn|5\n|inactive|CoolMoney2000 has 120 seconds left.\n|\n|t:|1700797222\n|move|p2a: Bzzzzt|Rapid Spin|p1a: Heatran\n|-resisted|p1a: Heatran\n|-damage|p1a: Heatran|96\/100 par\n|-boost|p2a: Bzzzzt|spe|1\n|-sideend|p2: Anne Frankkkk|Stealth Rock|[from] move: Rapid Spin|[of] p2a: Bzzzzt\n|move|p1a: Heatran|Earth Power|p2a: Bzzzzt\n|-supereffective|p2a: Bzzzzt\n|-damage|p2a: Bzzzzt|0 fnt\n|faint|p2a: Bzzzzt\n|\n|-heal|p1a: Heatran|100\/100 par|[from] item: Leftovers\n|upkeep\n|\n|t:|1700797229\n|switch|p2a: OHKO|Kyogre|100\/100\n|-weather|RainDance|[from] ability: Drizzle|[of] p2a: OHKO\n|turn|6\n|\n|t:|1700797244\n|switch|p1a: Rillaboom|Rillaboom, M|100\/100\n|-activate|p1a: Rillaboom|move: Sticky Web\n|-unboost|p1a: Rillaboom|spe|1\n|-fieldstart|move: Grassy Terrain|[from] ability: Grassy Surge|[of] p1a: Rillaboom\n|move|p2a: OHKO|Water Spout|p1a: Rillaboom\n|-resisted|p1a: Rillaboom\n|-damage|p1a: Rillaboom|21\/100\n|\n|-weather|RainDance|[upkeep]\n|-heal|p1a: Rillaboom|27\/100|[from] Grassy Terrain\n|upkeep\n|turn|7\n|\n|t:|1700797270\n|switch|p2a: Cyber Lizard|Miraidon|100\/100\n|-fieldstart|move: Electric Terrain|[from] ability: Hadron Engine|[of] p2a: Cyber Lizard\n|-item|p2a: Cyber Lizard|Air Balloon\n|move|p1a: Rillaboom|Grassy Glide|p2a: Cyber Lizard\n|-resisted|p2a: Cyber Lizard\n|-crit|p2a: Cyber Lizard\n|-damage|p2a: Cyber Lizard|77\/100\n|-enditem|p2a: Cyber Lizard|Air Balloon\n|\n|-weather|RainDance|[upkeep]\n|upkeep\n|turn|8\n|inactive|CoolMoney2000 has 90 seconds left.\n|\n|t:|1700797293\n|switch|p1a: Pawmot|Pawmot, F|100\/100\n|-item|p1a: Pawmot|Air Balloon\n|move|p2a: Cyber Lizard|Dragon Pulse|p1a: Pawmot\n|-damage|p1a: Pawmot|0 fnt\n|-enditem|p1a: Pawmot|Air Balloon\n|faint|p1a: Pawmot\n|\n|-weather|RainDance|[upkeep]\n|upkeep\n|\n|t:|1700797312\n|switch|p1a: Flutter Mane|Flutter Mane|100\/100\n|-activate|p1a: Flutter Mane|move: Sticky Web\n|-unboost|p1a: Flutter Mane|spe|1\n|-enditem|p1a: Flutter Mane|Booster Energy\n|-activate|p1a: Flutter Mane|ability: Protosynthesis|[fromitem]\n|-start|p1a: Flutter Mane|protosynthesisspa\n|turn|9\n|\n|t:|1700797328\n|-terastallize|p1a: Flutter Mane|Fairy\n|move|p2a: Cyber Lizard|Electro Drift|p1a: Flutter Mane\n|-damage|p1a: Flutter Mane|0 fnt\n|faint|p1a: Flutter Mane\n|-end|p1a: Flutter Mane|Protosynthesis|[silent]\n|\n|-weather|RainDance|[upkeep]\n|upkeep\n|\n|t:|1700797340\n|switch|p1a: Greninja|Greninja, F|100\/100\n|-activate|p1a: Greninja|move: Sticky Web\n|-unboost|p1a: Greninja|spe|1\n|turn|10\n|\n|t:|1700797348\n|move|p2a: Cyber Lizard|Electro Drift|p1a: Greninja\n|-supereffective|p1a: Greninja\n|-enditem|p1a: Greninja|Focus Sash\n|-damage|p1a: Greninja|1\/100\n|move|p1a: Greninja|Ice Beam|p2a: Cyber Lizard\n|-start|p1a: Greninja|typechange|Ice|[from] ability: Protean\n|-supereffective|p2a: Cyber Lizard\n|-damage|p2a: Cyber Lizard|3\/100\n|\n|-weather|none\n|upkeep\n|turn|11\n|inactive|CoolMoney2000 has 90 seconds left.\n|\n|t:|1700797368\n|switch|p1a: Rillaboom|Rillaboom, M|27\/100\n|-activate|p1a: Rillaboom|move: Sticky Web\n|-unboost|p1a: Rillaboom|spe|1\n|-fieldstart|move: Grassy Terrain|[from] ability: Grassy Surge|[of] p1a: Rillaboom\n|move|p2a: Cyber Lizard|Electro Drift|p1a: Rillaboom\n|-resisted|p1a: Rillaboom\n|-damage|p1a: Rillaboom|3\/100\n|\n|-heal|p2a: Cyber Lizard|10\/100|[from] Grassy Terrain\n|-heal|p1a: Rillaboom|9\/100|[from] Grassy Terrain\n|upkeep\n|turn|12\n|\n|t:|1700797384\n|move|p1a: Rillaboom|Fake Out|p2a: Cyber Lizard\n|-damage|p2a: Cyber Lizard|0 fnt\n|faint|p2a: Cyber Lizard\n|\n|-heal|p1a: Rillaboom|15\/100|[from] Grassy Terrain\n|upkeep\n|\n|t:|1700797388\n|switch|p2a: Misdreavius|Flutter Mane, shiny|100\/100\n|-enditem|p2a: Misdreavius|Booster Energy\n|-activate|p2a: Misdreavius|ability: Protosynthesis|[fromitem]\n|-start|p2a: Misdreavius|protosynthesisspe\n|turn|13\n|inactive|CoolMoney2000 has 60 seconds left.\n|\n|t:|1700797420\n|move|p1a: Rillaboom|Grassy Glide|p2a: Misdreavius\n|-damage|p2a: Misdreavius|14\/100\n|move|p2a: Misdreavius|Moonblast|p1a: Rillaboom\n|-damage|p1a: Rillaboom|0 fnt\n|faint|p1a: Rillaboom\n|\n|-heal|p2a: Misdreavius|20\/100|[from] Grassy Terrain\n|upkeep\n|inactive|CoolMoney2000 has 60 seconds left.\n|\n|t:|1700797434\n|switch|p1a: Heatran|Heatran, F|100\/100 par\n|-activate|p1a: Heatran|move: Sticky Web\n|-unboost|p1a: Heatran|spe|1\n|turn|14\n|inactive|CoolMoney2000 has 60 seconds left.\n|\n|t:|1700797439\n|move|p2a: Misdreavius|Shadow Ball|p1a: Heatran\n|-damage|p1a: Heatran|66\/100 par\n|move|p1a: Heatran|Flash Cannon|p2a: Misdreavius\n|-supereffective|p2a: Misdreavius\n|-damage|p2a: Misdreavius|0 fnt\n|faint|p2a: Misdreavius\n|-end|p2a: Misdreavius|Protosynthesis|[silent]\n|\n|-heal|p1a: Heatran|72\/100 par|[from] Grassy Terrain\n|-heal|p1a: Heatran|78\/100 par|[from] item: Leftovers\n|upkeep\n|\n|t:|1700797443\n|switch|p2a: OHKO|Kyogre|100\/100\n|-weather|RainDance|[from] ability: Drizzle|[of] p2a: OHKO\n|turn|15\n|inactive|CoolMoney2000 has 60 seconds left.\n|\n|t:|1700797463\n|move|p1a: Heatran|Protect|p1a: Heatran\n|-singleturn|p1a: Heatran|Protect\n|move|p2a: OHKO|Water Spout|p1a: Heatran\n|-activate|p1a: Heatran|move: Protect\n|\n|-weather|RainDance|[upkeep]\n|-heal|p1a: Heatran|85\/100 par|[from] Grassy Terrain\n|-heal|p1a: Heatran|91\/100 par|[from] item: Leftovers\n|-fieldend|move: Grassy Terrain\n|upkeep\n|turn|16\n|inactive|CoolMoney2000 has 60 seconds left.\n|\n|t:|1700797487\n|switch|p1a: Garchomp|Garchomp, F|27\/100\n|-activate|p1a: Garchomp|move: Sticky Web\n|-unboost|p1a: Garchomp|spe|1\n|move|p2a: OHKO|Water Spout|p1a: Garchomp\n|-damage|p1a: Garchomp|0 fnt\n|faint|p1a: Garchomp\n|\n|-weather|RainDance|[upkeep]\n|upkeep\n|\n|t:|1700797501\n|switch|p1a: Greninja|Greninja, F|1\/100\n|-activate|p1a: Greninja|move: Sticky Web\n|-unboost|p1a: Greninja|spe|1\n|turn|17\n|inactive|CoolMoney2000 has 30 seconds left.\n|\n|t:|1700797522\n|move|p2a: OHKO|Water Spout|p1a: Greninja\n|-resisted|p1a: Greninja\n|-damage|p1a: Greninja|0 fnt\n|faint|p1a: Greninja\n|\n|-weather|RainDance|[upkeep]\n|upkeep\n|inactive|CoolMoney2000 has 30 seconds left.\n|\n|t:|1700797530\n|switch|p1a: Heatran|Heatran, F|91\/100 par\n|-activate|p1a: Heatran|move: Sticky Web\n|-unboost|p1a: Heatran|spe|1\n|turn|18\n|\n|t:|1700797537\n|-terastallize|p2a: OHKO|Water\n|move|p1a: Heatran|Protect|p1a: Heatran\n|-singleturn|p1a: Heatran|Protect\n|move|p2a: OHKO|Water Spout|p1a: Heatran\n|-activate|p1a: Heatran|move: Protect\n|\n|-weather|RainDance|[upkeep]\n|-heal|p1a: Heatran|97\/100 par|[from] item: Leftovers\n|upkeep\n|turn|19\n|inactive|CoolMoney2000 has 30 seconds left.\n|\n|t:|1700797558\n|move|p2a: OHKO|Water Spout|p1a: Heatran\n|-supereffective|p1a: Heatran\n|-damage|p1a: Heatran|0 fnt\n|faint|p1a: Heatran\n|\n|win|Anne Frankkkk\n|inactive|CoolMoney2000 has 30 seconds left this turn.\n|raw|CoolMoney2000's rating: 1097 &rarr; <strong>1081<\/strong><br \/>(-16 for losing)\n|raw|Anne Frankkkk's rating: 1230 &rarr; <strong>1246<\/strong><br \/>(+16 for winning)\n","uploadtime":1700797584,"views":4,"p1id":"coolmoney2000","p2id":"annefrankkkk","formatid":"gen9ubers","rating":1081,"private":0,"password":""}