{"id":"gen9ubers-1982886099","p1":"Buy my book azul","p2":"1P1o1s1h1e1","format":"[Gen 9] Ubers","log":"|j|\u2606Buy my book azul\n|j|\u26061P1o1s1h1e1\n|t:|1699054927\n|gametype|singles\n|player|p1|Buy my book azul|diantha-masters|\n|player|p2|1P1o1s1h1e1|1|\n|teamsize|p1|6\n|teamsize|p2|6\n|gen|9\n|tier|[Gen 9] Ubers\n|rule|Sleep Clause Mod: Limit one foe put to sleep\n|rule|Species Clause: Limit one of each Pok\u00e9mon\n|rule|OHKO Clause: OHKO moves are banned\n|rule|Evasion Items Clause: Evasion items are banned\n|rule|Evasion Moves Clause: Evasion moves are banned\n|rule|Endless Battle Clause: Forcing endless battles is banned\n|rule|HP Percentage Mod: HP is shown in percentages\n|clearpoke\n|poke|p1|Magearna|\n|poke|p1|Zacian-*|\n|poke|p1|Palafin, M|\n|poke|p1|Gliscor, M|\n|poke|p1|Chi-Yu|\n|poke|p1|Giratina|\n|poke|p2|Arceus-Rock|\n|poke|p2|Hippowdon, M|\n|poke|p2|Garchomp, F|\n|poke|p2|Magearna|\n|poke|p2|Houndstone, F|\n|poke|p2|Cyclizar, M|\n|teampreview\n|\n|t:|1699054946\n|start\n|switch|p1a: Giratina|Giratina|100\/100\n|switch|p2a: Garchomp|Garchomp, F|100\/100\n|-ability|p1a: Giratina|Pressure\n|turn|1\n|\n|t:|1699054976\n|move|p2a: Garchomp|Scale Shot|p1a: Giratina\n|-supereffective|p1a: Giratina\n|-damage|p1a: Giratina|84\/100\n|-supereffective|p1a: Giratina\n|-damage|p1a: Giratina|69\/100\n|-supereffective|p1a: Giratina\n|-damage|p1a: Giratina|54\/100\n|-supereffective|p1a: Giratina\n|-damage|p1a: Giratina|38\/100\n|-supereffective|p1a: Giratina\n|-damage|p1a: Giratina|24\/100\n|-hitcount|p1a: Giratina|5\n|-unboost|p2a: Garchomp|def|1\n|-boost|p2a: Garchomp|spe|1\n|move|p1a: Giratina|Will-O-Wisp|p2a: Garchomp\n|-status|p2a: Garchomp|brn\n|\n|-heal|p1a: Giratina|30\/100|[from] item: Leftovers\n|-damage|p2a: Garchomp|94\/100 brn|[from] brn\n|upkeep\n|turn|2\n|\n|t:|1699055002\n|switch|p1a: Palafin|Palafin, M|100\/100\n|move|p2a: Garchomp|Swords Dance|p2a: Garchomp\n|-boost|p2a: Garchomp|atk|2\n|\n|-damage|p2a: Garchomp|88\/100 brn|[from] brn\n|upkeep\n|turn|3\n|\n|t:|1699055009\n|detailschange|p1a: Palafin|Palafin-Hero, M\n|switch|p1a: Giratina|Giratina|30\/100\n|-ability|p1a: Giratina|Pressure\n|move|p2a: Garchomp|Scale Shot|p1a: Giratina\n|-supereffective|p1a: Giratina\n|-damage|p1a: Giratina|15\/100\n|-supereffective|p1a: Giratina\n|-damage|p1a: Giratina|0 fnt\n|faint|p1a: Giratina\n|-hitcount|p1: Giratina|2\n|-unboost|p2a: Garchomp|def|1\n|-boost|p2a: Garchomp|spe|1\n|\n|-damage|p2a: Garchomp|82\/100 brn|[from] brn\n|upkeep\n|\n|t:|1699055023\n|switch|p1a: Gliscor|Gliscor, M|100\/100\n|turn|4\n|\n|t:|1699055029\n|move|p1a: Gliscor|Protect|p1a: Gliscor\n|-singleturn|p1a: Gliscor|Protect\n|move|p2a: Garchomp|Swords Dance|p2a: Garchomp\n|-boost|p2a: Garchomp|atk|2\n|\n|-damage|p2a: Garchomp|76\/100 brn|[from] brn\n|-status|p1a: Gliscor|tox|[from] item: Toxic Orb\n|upkeep\n|turn|5\n|\n|t:|1699055038\n|move|p2a: Garchomp|Scale Shot|p1a: Gliscor\n|-damage|p1a: Gliscor|88\/100 tox\n|-damage|p1a: Gliscor|76\/100 tox\n|-damage|p1a: Gliscor|65\/100 tox\n|-damage|p1a: Gliscor|52\/100 tox\n|-hitcount|p1a: Gliscor|4\n|-unboost|p2a: Garchomp|def|1\n|-boost|p2a: Garchomp|spe|1\n|move|p1a: Gliscor|Earthquake|p2a: Garchomp\n|-damage|p2a: Garchomp|0 fnt\n|faint|p2a: Garchomp\n|\n|-heal|p1a: Gliscor|64\/100 tox|[from] ability: Poison Heal\n|upkeep\n|\n|t:|1699055050\n|switch|p2a: Cyclizar|Cyclizar, M|100\/100\n|turn|6\n|\n|t:|1699055055\n|move|p2a: Cyclizar|Shed Tail|p2a: Cyclizar\n|-start|p2a: Cyclizar|Substitute|[from] move: Shed Tail\n|-damage|p2a: Cyclizar|50\/100\n|\n|t:|1699055058\n|switch|p2a: Hippowdon|Hippowdon, M|100\/100|[from] Shed Tail\n|-weather|Sandstorm|[from] ability: Sand Stream|[of] p2a: Hippowdon\n|move|p1a: Gliscor|Stealth Rock|p2a: Hippowdon\n|-sidestart|p2: 1P1o1s1h1e1|move: Stealth Rock\n|\n|-weather|Sandstorm|[upkeep]\n|-heal|p1a: Gliscor|77\/100 tox|[from] ability: Poison Heal\n|upkeep\n|turn|7\n|\n|t:|1699055067\n|move|p1a: Gliscor|Earthquake|p2a: Hippowdon\n|-activate|p2a: Hippowdon|move: Substitute|[damage]\n|move|p2a: Hippowdon|Stealth Rock|p1a: Gliscor\n|-sidestart|p1: Buy my book azul|move: Stealth Rock\n|\n|-weather|Sandstorm|[upkeep]\n|-heal|p1a: Gliscor|89\/100 tox|[from] ability: Poison Heal\n|upkeep\n|turn|8\n|\n|t:|1699055074\n|move|p1a: Gliscor|Earthquake|p2a: Hippowdon\n|-end|p2a: Hippowdon|Substitute\n|move|p2a: Hippowdon|Whirlwind|p1a: Gliscor\n|drag|p1a: Chi-Yu|Chi-Yu|100\/100\n|-damage|p1a: Chi-Yu|76\/100|[from] Stealth Rock\n|-ability|p1a: Chi-Yu|Beads of Ruin\n|\n|-weather|Sandstorm|[upkeep]\n|-damage|p1a: Chi-Yu|70\/100|[from] Sandstorm\n|upkeep\n|turn|9\n|\n|t:|1699055089\n|switch|p2a: Arceus|Arceus-Rock|100\/100\n|-damage|p2a: Arceus|88\/100|[from] Stealth Rock\n|move|p1a: Chi-Yu|Fire Blast|p2a: Arceus\n|-resisted|p2a: Arceus\n|-damage|p2a: Arceus|68\/100\n|\n|-weather|Sandstorm|[upkeep]\n|-damage|p1a: Chi-Yu|64\/100|[from] Sandstorm\n|upkeep\n|turn|10\n|\n|t:|1699055099\n|switch|p1a: Gliscor|Gliscor, M|89\/100 tox\n|-damage|p1a: Gliscor|77\/100 tox|[from] Stealth Rock\n|move|p2a: Arceus|Judgment|p1a: Gliscor\n|-damage|p1a: Gliscor|12\/100 tox\n|\n|-weather|Sandstorm|[upkeep]\n|-heal|p1a: Gliscor|25\/100 tox|[from] ability: Poison Heal\n|upkeep\n|turn|11\n|\n|t:|1699055108\n|move|p1a: Gliscor|Protect|p1a: Gliscor\n|-singleturn|p1a: Gliscor|Protect\n|move|p2a: Arceus|Judgment|p1a: Gliscor\n|-activate|p1a: Gliscor|move: Protect\n|\n|-weather|Sandstorm|[upkeep]\n|-heal|p1a: Gliscor|37\/100 tox|[from] ability: Poison Heal\n|upkeep\n|turn|12\n|\n|t:|1699055117\n|switch|p1a: Chi-Yu|Chi-Yu|64\/100\n|-damage|p1a: Chi-Yu|39\/100|[from] Stealth Rock\n|-ability|p1a: Chi-Yu|Beads of Ruin\n|move|p2a: Arceus|Calm Mind|p2a: Arceus\n|-boost|p2a: Arceus|spa|1\n|-boost|p2a: Arceus|spd|1\n|\n|-weather|Sandstorm|[upkeep]\n|-damage|p1a: Chi-Yu|33\/100|[from] Sandstorm\n|upkeep\n|turn|13\n|\n|t:|1699055125\n|move|p1a: Chi-Yu|Dark Pulse|p2a: Arceus\n|-damage|p2a: Arceus|50\/100\n|move|p2a: Arceus|Recover|p2a: Arceus\n|-heal|p2a: Arceus|99\/100\n|\n|-weather|none\n|upkeep\n|turn|14\n|\n|t:|1699055133\n|move|p1a: Chi-Yu|Dark Pulse|p2a: Arceus\n|-damage|p2a: Arceus|74\/100\n|move|p2a: Arceus|Judgment|p1a: Chi-Yu\n|-supereffective|p1a: Chi-Yu\n|-damage|p1a: Chi-Yu|0 fnt\n|faint|p1a: Chi-Yu\n|\n|upkeep\n|\n|t:|1699055144\n|switch|p1a: Magearna|Magearna|100\/100\n|-damage|p1a: Magearna|94\/100|[from] Stealth Rock\n|turn|15\n|\n|t:|1699055152\n|switch|p2a: Hippowdon|Hippowdon, M|100\/100\n|-damage|p2a: Hippowdon|94\/100|[from] Stealth Rock\n|-weather|Sandstorm|[from] ability: Sand Stream|[of] p2a: Hippowdon\n|move|p1a: Magearna|Calm Mind|p1a: Magearna\n|-boost|p1a: Magearna|spa|1\n|-boost|p1a: Magearna|spd|1\n|\n|-weather|Sandstorm|[upkeep]\n|-heal|p1a: Magearna|100\/100|[from] item: Leftovers\n|upkeep\n|turn|16\n|\n|t:|1699055158\n|move|p1a: Magearna|Draining Kiss|p2a: Hippowdon\n|-damage|p2a: Hippowdon|60\/100\n|move|p2a: Hippowdon|Whirlwind|p1a: Magearna\n|drag|p1a: Gliscor|Gliscor, M|37\/100 tox\n|-damage|p1a: Gliscor|25\/100 tox|[from] Stealth Rock\n|\n|-weather|Sandstorm|[upkeep]\n|-heal|p1a: Gliscor|37\/100 tox|[from] ability: Poison Heal\n|upkeep\n|turn|17\n|\n|t:|1699055173\n|switch|p2a: Arceus|Arceus-Rock|74\/100\n|-damage|p2a: Arceus|62\/100|[from] Stealth Rock\n|move|p1a: Gliscor|Toxic|p2a: Arceus\n|-status|p2a: Arceus|tox\n|\n|-weather|Sandstorm|[upkeep]\n|-damage|p2a: Arceus|56\/100 tox|[from] psn\n|-heal|p1a: Gliscor|50\/100 tox|[from] ability: Poison Heal\n|upkeep\n|turn|18\n|\n|t:|1699055181\n|switch|p2a: Cyclizar|Cyclizar, M|84\/100\n|move|p1a: Gliscor|Protect||[still]\n|-fail|p1a: Gliscor\n|\n|-weather|Sandstorm|[upkeep]\n|-damage|p2a: Cyclizar|77\/100|[from] Sandstorm\n|-heal|p1a: Gliscor|62\/100 tox|[from] ability: Poison Heal\n|upkeep\n|turn|19\n|\n|t:|1699055200\n|move|p2a: Cyclizar|Rapid Spin|p1a: Gliscor\n|-damage|p1a: Gliscor|52\/100 tox\n|-boost|p2a: Cyclizar|spe|1\n|-sideend|p2: 1P1o1s1h1e1|Stealth Rock|[from] move: Rapid Spin|[of] p2a: Cyclizar\n|move|p1a: Gliscor|Earthquake|p2a: Cyclizar\n|-damage|p2a: Cyclizar|29\/100\n|\n|-weather|Sandstorm|[upkeep]\n|-damage|p2a: Cyclizar|23\/100|[from] Sandstorm\n|-heal|p1a: Gliscor|64\/100 tox|[from] ability: Poison Heal\n|upkeep\n|turn|20\n|\n|t:|1699055210\n|switch|p2a: Magearna|Magearna|100\/100\n|move|p1a: Gliscor|Stealth Rock|p2a: Magearna\n|-sidestart|p2: 1P1o1s1h1e1|move: Stealth Rock\n|\n|-weather|Sandstorm|[upkeep]\n|-heal|p1a: Gliscor|77\/100 tox|[from] ability: Poison Heal\n|upkeep\n|turn|21\n|\n|t:|1699055236\n|move|p1a: Gliscor|Protect|p1a: Gliscor\n|-singleturn|p1a: Gliscor|Protect\n|move|p2a: Magearna|Spikes|p1a: Gliscor\n|-sidestart|p1: Buy my book azul|Spikes\n|\n|-weather|Sandstorm|[upkeep]\n|-heal|p1a: Gliscor|89\/100 tox|[from] ability: Poison Heal\n|upkeep\n|turn|22\n|\n|t:|1699055244\n|move|p1a: Gliscor|Earthquake|p2a: Magearna\n|-supereffective|p2a: Magearna\n|-damage|p2a: Magearna|47\/100\n|move|p2a: Magearna|Spikes|p1a: Gliscor\n|-sidestart|p1: Buy my book azul|Spikes\n|\n|-weather|none\n|-heal|p2a: Magearna|53\/100|[from] item: Leftovers\n|-heal|p1a: Gliscor|100\/100 tox|[from] ability: Poison Heal\n|upkeep\n|turn|23\n|\n|t:|1699055261\n|switch|p2a: Hippowdon|Hippowdon, M|60\/100\n|-damage|p2a: Hippowdon|54\/100|[from] Stealth Rock\n|-weather|Sandstorm|[from] ability: Sand Stream|[of] p2a: Hippowdon\n|move|p1a: Gliscor|Earthquake|p2a: Hippowdon\n|-damage|p2a: Hippowdon|36\/100\n|\n|-weather|Sandstorm|[upkeep]\n|upkeep\n|turn|24\n|\n|t:|1699055272\n|-terastallize|p2a: Hippowdon|Poison\n|move|p1a: Gliscor|Toxic|p2a: Hippowdon|[miss]\n|-miss|p1a: Gliscor|p2a: Hippowdon\n|move|p2a: Hippowdon|Slack Off|p2a: Hippowdon\n|-heal|p2a: Hippowdon|86\/100\n|\n|-weather|Sandstorm|[upkeep]\n|-damage|p2a: Hippowdon|80\/100|[from] Sandstorm\n|upkeep\n|turn|25\n|\n|t:|1699055296\n|move|p1a: Gliscor|Earthquake|p2a: Hippowdon\n|-supereffective|p2a: Hippowdon\n|-damage|p2a: Hippowdon|47\/100\n|move|p2a: Hippowdon|Whirlwind|p1a: Gliscor\n|drag|p1a: Palafin|Palafin-Hero, M|100\/100\n|-activate|p1a: Palafin|ability: Zero to Hero\n|\n|-weather|Sandstorm|[upkeep]\n|-damage|p1a: Palafin|94\/100|[from] Sandstorm\n|-damage|p2a: Hippowdon|40\/100|[from] Sandstorm\n|upkeep\n|turn|26\n|\n|t:|1699055309\n|move|p1a: Palafin|Jet Punch|p2a: Hippowdon\n|-damage|p2a: Hippowdon|20\/100\n|move|p2a: Hippowdon|Slack Off|p2a: Hippowdon\n|-heal|p2a: Hippowdon|70\/100\n|\n|-weather|Sandstorm|[upkeep]\n|-damage|p1a: Palafin|88\/100|[from] Sandstorm\n|-damage|p2a: Hippowdon|64\/100|[from] Sandstorm\n|upkeep\n|turn|27\n|\n|t:|1699055313\n|move|p1a: Palafin|Bulk Up|p1a: Palafin\n|-boost|p1a: Palafin|atk|1\n|-boost|p1a: Palafin|def|1\n|move|p2a: Hippowdon|Whirlwind|p1a: Palafin\n|drag|p1a: Zacian|Zacian|100\/100\n|-damage|p1a: Zacian|88\/100|[from] Stealth Rock\n|-damage|p1a: Zacian|72\/100|[from] Spikes\n|-ability|p1a: Zacian|Intrepid Sword|boost\n|-boost|p1a: Zacian|atk|1\n|\n|-weather|Sandstorm|[upkeep]\n|-damage|p1a: Zacian|65\/100|[from] Sandstorm\n|-damage|p2a: Hippowdon|58\/100|[from] Sandstorm\n|upkeep\n|turn|28\n|\n|t:|1699055328\n|move|p1a: Zacian|Crunch|p2a: Hippowdon\n|-damage|p2a: Hippowdon|27\/100\n|move|p2a: Hippowdon|Slack Off|p2a: Hippowdon\n|-heal|p2a: Hippowdon|77\/100\n|\n|-weather|Sandstorm|[upkeep]\n|-damage|p1a: Zacian|59\/100|[from] Sandstorm\n|-damage|p2a: Hippowdon|70\/100|[from] Sandstorm\n|upkeep\n|turn|29\n|\n|t:|1699055336\n|move|p1a: Zacian|Crunch|p2a: Hippowdon\n|-damage|p2a: Hippowdon|40\/100\n|-unboost|p2a: Hippowdon|def|1\n|move|p2a: Hippowdon|Whirlwind|p1a: Zacian\n|drag|p1a: Gliscor|Gliscor, M|100\/100 tox\n|-damage|p1a: Gliscor|88\/100 tox|[from] Stealth Rock\n|\n|-weather|Sandstorm|[upkeep]\n|-damage|p2a: Hippowdon|34\/100|[from] Sandstorm\n|-heal|p1a: Gliscor|100\/100 tox|[from] ability: Poison Heal\n|upkeep\n|turn|30\n|\n|t:|1699055348\n|switch|p2a: Magearna|Magearna|53\/100\n|-damage|p2a: Magearna|47\/100|[from] Stealth Rock\n|move|p1a: Gliscor|Earthquake|p2a: Magearna\n|-supereffective|p2a: Magearna\n|-damage|p2a: Magearna|0 fnt\n|faint|p2a: Magearna\n|\n|-weather|none\n|upkeep\n|\n|t:|1699055353\n|switch|p2a: Arceus|Arceus-Rock|56\/100 tox\n|-damage|p2a: Arceus|44\/100 tox|[from] Stealth Rock\n|turn|31\n|\n|t:|1699055362\n|move|p2a: Arceus|Recover|p2a: Arceus\n|-heal|p2a: Arceus|94\/100 tox\n|move|p1a: Gliscor|Earthquake|p2a: Arceus\n|-supereffective|p2a: Arceus\n|-damage|p2a: Arceus|52\/100 tox\n|\n|-damage|p2a: Arceus|46\/100 tox|[from] psn\n|upkeep\n|turn|32\n|\n|t:|1699055365\n|move|p1a: Gliscor|Protect|p1a: Gliscor\n|-singleturn|p1a: Gliscor|Protect\n|move|p2a: Arceus|Judgment|p1a: Gliscor\n|-activate|p1a: Gliscor|move: Protect\n|\n|-damage|p2a: Arceus|33\/100 tox|[from] psn\n|upkeep\n|turn|33\n|\n|t:|1699055378\n|move|p2a: Arceus|Judgment|p1a: Gliscor\n|-damage|p1a: Gliscor|40\/100 tox\n|move|p1a: Gliscor|Earthquake|p2a: Arceus\n|-supereffective|p2a: Arceus\n|-damage|p2a: Arceus|0 fnt\n|faint|p2a: Arceus\n|\n|-heal|p1a: Gliscor|53\/100 tox|[from] ability: Poison Heal\n|upkeep\n|\n|t:|1699055382\n|switch|p2a: Hippowdon|Hippowdon, M, tera:Poison|34\/100\n|-damage|p2a: Hippowdon|21\/100|[from] Stealth Rock\n|-weather|Sandstorm|[from] ability: Sand Stream|[of] p2a: Hippowdon\n|turn|34\n|\n|t:|1699055387\n|move|p1a: Gliscor|Earthquake|p2a: Hippowdon\n|-supereffective|p2a: Hippowdon\n|-damage|p2a: Hippowdon|0 fnt\n|faint|p2a: Hippowdon\n|\n|-weather|Sandstorm|[upkeep]\n|-heal|p1a: Gliscor|65\/100 tox|[from] ability: Poison Heal\n|upkeep\n|\n|t:|1699055389\n|switch|p2a: Cyclizar|Cyclizar, M|56\/100\n|turn|35\n|\n|t:|1699055402\n|move|p2a: Cyclizar|Shed Tail|p2a: Cyclizar\n|-start|p2a: Cyclizar|Substitute|[from] move: Shed Tail\n|-damage|p2a: Cyclizar|6\/100\n|\n|t:|1699055403\n|switch|p2a: Houndstone|Houndstone, F|100\/100|[from] Shed Tail\n|-damage|p2a: Houndstone|88\/100|[from] Stealth Rock\n|move|p1a: Gliscor|Earthquake|p2a: Houndstone\n|-end|p2a: Houndstone|Substitute\n|\n|-weather|Sandstorm|[upkeep]\n|-heal|p1a: Gliscor|78\/100 tox|[from] ability: Poison Heal\n|upkeep\n|turn|36\n|\n|t:|1699055409\n|move|p1a: Gliscor|Protect|p1a: Gliscor\n|-singleturn|p1a: Gliscor|Protect\n|move|p2a: Houndstone|Last Respects|p1a: Gliscor\n|-activate|p1a: Gliscor|move: Protect\n|\n|-weather|Sandstorm|[upkeep]\n|-heal|p1a: Gliscor|90\/100 tox|[from] ability: Poison Heal\n|upkeep\n|turn|37\n|\n|t:|1699055417\n|move|p2a: Houndstone|Last Respects|p1a: Gliscor\n|-damage|p1a: Gliscor|0 fnt\n|faint|p1a: Gliscor\n|\n|-weather|Sandstorm|[upkeep]\n|upkeep\n|\n|t:|1699055425\n|switch|p1a: Palafin|Palafin-Hero, M|88\/100\n|turn|38\n|\n|t:|1699055428\n|move|p1a: Palafin|Jet Punch|p2a: Houndstone\n|-damage|p2a: Houndstone|48\/100\n|move|p2a: Houndstone|Last Respects|p1a: Palafin\n|-damage|p1a: Palafin|0 fnt\n|faint|p1a: Palafin\n|\n|-weather|Sandstorm|[upkeep]\n|upkeep\n|\n|t:|1699055435\n|switch|p1a: Magearna|Magearna|100\/100\n|-damage|p1a: Magearna|94\/100|[from] Stealth Rock\n|-damage|p1a: Magearna|78\/100|[from] Spikes\n|turn|39\n|\n|t:|1699055441\n|move|p2a: Houndstone|Last Respects|p1a: Magearna\n|-damage|p1a: Magearna|0 fnt\n|faint|p1a: Magearna\n|\n|-weather|Sandstorm|[upkeep]\n|upkeep\n|\n|t:|1699055444\n|switch|p1a: Zacian|Zacian|59\/100\n|-damage|p1a: Zacian|47\/100|[from] Stealth Rock\n|-damage|p1a: Zacian|30\/100|[from] Spikes\n|turn|40\n|\n|t:|1699055446\n|-terastallize|p1a: Zacian|Dark\n|move|p2a: Houndstone|Last Respects|p1a: Zacian\n|-resisted|p1a: Zacian\n|-damage|p1a: Zacian|0 fnt\n|faint|p1a: Zacian\n|\n|win|1P1o1s1h1e1\n|c|\u2606Buy my book azul|gg\n|c|\u26061P1o1s1h1e1|gg\n|l|\u2606Buy my book azul\n","uploadtime":1699055455,"views":54,"p1id":"buymybookazul","p2id":"1p1o1s1h1e1","formatid":"gen9ubers","rating":0,"private":0,"password":""}