{"id":"gen9ubers-1988630006","p1":"Raph369","p2":"jb291","format":"[Gen 9] Ubers","log":"|j|\u2606Raph369\n|j|\u2606jb291\n|t:|1699743915\n|gametype|singles\n|player|p1|Raph369|#uplximelmetal|\n|player|p2|jb291|cyrus-masters|\n|teamsize|p1|6\n|teamsize|p2|6\n|gen|9\n|tier|[Gen 9] Ubers\n|rated|Tournament battle\n|rule|Sleep Clause Mod: Limit one foe put to sleep\n|rule|Species Clause: Limit one of each Pok\u00e9mon\n|rule|OHKO Clause: OHKO moves are banned\n|rule|Evasion Items Clause: Evasion items are banned\n|rule|Evasion Moves Clause: Evasion moves are banned\n|rule|Endless Battle Clause: Forcing endless battles is banned\n|rule|HP Percentage Mod: HP is shown in percentages\n|clearpoke\n|poke|p1|Ribombee, M|\n|poke|p1|Basculegion, M|\n|poke|p1|Koraidon|\n|poke|p1|Zacian-*|\n|poke|p1|Miraidon|\n|poke|p1|Arceus-Ground|\n|poke|p2|Ribombee, M|\n|poke|p2|Koraidon|\n|poke|p2|Rayquaza|\n|poke|p2|Zacian-*|\n|poke|p2|Eternatus|\n|poke|p2|Miraidon|\n|teampreview\n|inactive|Battle timer is ON: inactive players will automatically lose when time's up. (requested by jb291)\n|c|\u2606Raph369|hf*\n|\n|t:|1699743919\n|start\n|switch|p1a: Ribombee|Ribombee, M|100\/100\n|switch|p2a: Ribombee|Ribombee, M|100\/100\n|turn|1\n|j| billette\n|\n|t:|1699743924\n|move|p1a: Ribombee|Sticky Web|p2a: Ribombee\n|-sidestart|p2: jb291|move: Sticky Web\n|move|p2a: Ribombee|Sticky Web|p1a: Ribombee\n|-sidestart|p1: Raph369|move: Sticky Web\n|\n|upkeep\n|turn|2\n|\n|t:|1699743934\n|move|p2a: Ribombee|Moonblast|p1a: Ribombee\n|-damage|p1a: Ribombee|33\/100\n|move|p1a: Ribombee|Quiver Dance|p1a: Ribombee\n|-boost|p1a: Ribombee|spa|1\n|-boost|p1a: Ribombee|spd|1\n|-boost|p1a: Ribombee|spe|1\n|\n|upkeep\n|turn|3\n|j| Keaeth\n|\n|t:|1699743938\n|move|p1a: Ribombee|Moonblast|p2a: Ribombee\n|-enditem|p2a: Ribombee|Focus Sash\n|-damage|p2a: Ribombee|1\/100\n|move|p2a: Ribombee|Moonblast|p1a: Ribombee\n|-damage|p1a: Ribombee|0 fnt\n|faint|p1a: Ribombee\n|\n|upkeep\n|j|+corvere\u2665\n|\n|t:|1699743949\n|switch|p1a: Miraidon|Miraidon|100\/100\n|-fieldstart|move: Electric Terrain|[from] ability: Hadron Engine|[of] p1a: Miraidon\n|turn|4\n|\n|t:|1699743969\n|move|p1a: Miraidon|Electro Drift|p2a: Ribombee\n|-damage|p2a: Ribombee|0 fnt\n|faint|p2a: Ribombee\n|\n|upkeep\n|\n|t:|1699743973\n|switch|p2a: Zacian|Zacian-Crowned|100\/100\n|-activate|p2a: Zacian|move: Sticky Web\n|-unboost|p2a: Zacian|spe|1\n|-ability|p2a: Zacian|Intrepid Sword|boost\n|-boost|p2a: Zacian|atk|1\n|turn|5\n|\n|t:|1699743977\n|move|p1a: Miraidon|Electro Drift|p2a: Zacian\n|-damage|p2a: Zacian|7\/100\n|move|p2a: Zacian|Play Rough|p1a: Miraidon\n|-supereffective|p1a: Miraidon\n|-damage|p1a: Miraidon|0 fnt\n|faint|p1a: Miraidon\n|\n|upkeep\n|\n|t:|1699743994\n|switch|p1a: Arceus|Arceus-Ground|100\/100\n|-activate|p1a: Arceus|move: Sticky Web\n|-unboost|p1a: Arceus|spe|1\n|turn|6\n|\n|t:|1699743999\n|move|p2a: Zacian|Behemoth Blade|p1a: Arceus\n|-damage|p1a: Arceus|29\/100\n|move|p1a: Arceus|Dragon Dance|p1a: Arceus\n|-boost|p1a: Arceus|atk|1\n|-boost|p1a: Arceus|spe|1\n|\n|upkeep\n|turn|7\n|\n|t:|1699744006\n|move|p1a: Arceus|Earthquake|p2a: Zacian\n|-supereffective|p2a: Zacian\n|-crit|p2a: Zacian\n|-damage|p2a: Zacian|0 fnt\n|faint|p2a: Zacian\n|\n|upkeep\n|j| s3rp3rior\n|\n|t:|1699744013\n|switch|p2a: Koraidon|Koraidon|100\/100\n|-activate|p2a: Koraidon|move: Sticky Web\n|-unboost|p2a: Koraidon|spe|1\n|-weather|SunnyDay|[from] ability: Orichalcum Pulse|[of] p2a: Koraidon\n|-activate|p2a: Koraidon|Orichalcum Pulse|[source]\n|turn|8\n|\n|t:|1699744015\n|move|p1a: Arceus|Earthquake|p2a: Koraidon\n|-damage|p2a: Koraidon|30\/100\n|move|p2a: Koraidon|Scale Shot|p1a: Arceus\n|-damage|p1a: Arceus|12\/100\n|-damage|p1a: Arceus|0 fnt\n|faint|p1a: Arceus\n|-hitcount|p1: Arceus|2\n|-unboost|p2a: Koraidon|def|1\n|-boost|p2a: Koraidon|spe|1\n|\n|-weather|SunnyDay|[upkeep]\n|-fieldend|move: Electric Terrain\n|upkeep\n|\n|t:|1699744025\n|switch|p1a: Zacian|Zacian-Crowned|100\/100\n|-activate|p1a: Zacian|move: Sticky Web\n|-unboost|p1a: Zacian|spe|1\n|-ability|p1a: Zacian|Intrepid Sword|boost\n|-boost|p1a: Zacian|atk|1\n|turn|9\n|\n|t:|1699744028\n|-terastallize|p1a: Zacian|Flying\n|move|p2a: Koraidon|Flare Blitz|p1a: Zacian\n|-damage|p1a: Zacian|5\/100\n|-status|p1a: Zacian|brn\n|-damage|p2a: Koraidon|4\/100|[from] Recoil\n|move|p1a: Zacian|Behemoth Blade|p2a: Koraidon\n|-damage|p2a: Koraidon|0 fnt\n|faint|p2a: Koraidon\n|\n|-weather|SunnyDay|[upkeep]\n|-damage|p1a: Zacian|0 fnt|[from] brn\n|faint|p1a: Zacian\n|upkeep\n|j| Cheesecake9764\n|c| billette|bro this is just tragic\n|\n|t:|1699744039\n|switch|p1a: Koraidon|Koraidon|100\/100\n|switch|p2a: Miraidon|Miraidon|100\/100\n|-activate|p1a: Koraidon|move: Sticky Web\n|-unboost|p1a: Koraidon|spe|1\n|-activate|p1a: Koraidon|ability: Orichalcum Pulse\n|-activate|p2a: Miraidon|move: Sticky Web\n|-unboost|p2a: Miraidon|spe|1\n|-fieldstart|move: Electric Terrain|[from] ability: Hadron Engine|[of] p2a: Miraidon\n|-enditem|p2a: Miraidon|Electric Seed\n|-boost|p2a: Miraidon|def|1|[from] item: Electric Seed\n|turn|10\n|\n|t:|1699744051\n|move|p1a: Koraidon|Scale Shot|p2a: Miraidon|[miss]\n|-miss|p1a: Koraidon|p2a: Miraidon\n|move|p2a: Miraidon|Dragon Pulse|p1a: Koraidon\n|-supereffective|p1a: Koraidon\n|-damage|p1a: Koraidon|0 fnt\n|faint|p1a: Koraidon\n|\n|-weather|SunnyDay|[upkeep]\n|upkeep\n|\n|t:|1699744054\n|switch|p1a: Basculegion|Basculegion, M|100\/100\n|turn|11\n|c|\u2606Raph369|gg\n|\n|t:|1699744060\n|move|p1a: Basculegion|Agility|p1a: Basculegion\n|-boost|p1a: Basculegion|spe|2\n|move|p2a: Miraidon|Electro Drift|p1a: Basculegion\n|-supereffective|p1a: Basculegion\n|-damage|p1a: Basculegion|0 fnt\n|faint|p1a: Basculegion\n|\n|win|jb291\n|n|\u2606Raph369|raph369\n|n|\u2606jb291|jb291\n|n| billette|billette\n|n| Keaeth|keaeth\n|n| corvere\u2665|corvere\n|n| s3rp3rior|s3rp3rior\n|n| Cheesecake9764|cheesecake9764\n","uploadtime":1699744062,"views":12,"p1id":"raph369","p2id":"jb291","formatid":"gen9ubers","rating":0,"private":0,"password":""}