{"id":"gen9ubers-1976315688","p1":"rasb","p2":"Harlem Foxtrotter","format":"[Gen 9] Ubers","log":"|j|\u2606rasb\n|j|\u2606Harlem Foxtrotter\n|t:|1698285700\n|gametype|singles\n|player|p1|rasb|benga|1334\n|player|p2|Harlem Foxtrotter|ghetsis|1379\n|teamsize|p1|6\n|teamsize|p2|6\n|gen|9\n|tier|[Gen 9] Ubers\n|rated|\n|rule|Sleep Clause Mod: Limit one foe put to sleep\n|rule|Species Clause: Limit one of each Pok\u00e9mon\n|rule|OHKO Clause: OHKO moves are banned\n|rule|Evasion Items Clause: Evasion items are banned\n|rule|Evasion Moves Clause: Evasion moves are banned\n|rule|Endless Battle Clause: Forcing endless battles is banned\n|rule|HP Percentage Mod: HP is shown in percentages\n|clearpoke\n|poke|p1|Clodsire, F|\n|poke|p1|Kyogre|\n|poke|p1|Ribombee, F|\n|poke|p1|Urshifu-*, M|\n|poke|p1|Iron Bundle|\n|poke|p1|Miraidon|\n|poke|p2|Koraidon|\n|poke|p2|Roaring Moon|\n|poke|p2|Flutter Mane|\n|poke|p2|Walking Wake|\n|poke|p2|Great Tusk|\n|poke|p2|Slither Wing|\n|teampreview\n|inactive|Battle timer is ON: inactive players will automatically lose when time's up. (requested by Harlem Foxtrotter)\n|\n|t:|1698285709\n|start\n|switch|p1a: Ribombee|Ribombee, F|100\/100\n|switch|p2a: MR HARLEY DAVIDSON|Koraidon|100\/100\n|-weather|SunnyDay|[from] ability: Orichalcum Pulse|[of] p2a: MR HARLEY DAVIDSON\n|-activate|p2a: MR HARLEY DAVIDSON|Orichalcum Pulse|[source]\n|turn|1\n|\n|t:|1698285714\n|move|p2a: MR HARLEY DAVIDSON|U-turn|p1a: Ribombee\n|-resisted|p1a: Ribombee\n|-damage|p1a: Ribombee|73\/100\n|\n|t:|1698285717\n|switch|p2a: IRRELEPHANT|Great Tusk, shiny|100\/100|[from] U-turn\n|-activate|p2a: IRRELEPHANT|ability: Protosynthesis\n|-start|p2a: IRRELEPHANT|protosynthesisatk\n|move|p1a: Ribombee|Stun Spore|p2a: IRRELEPHANT\n|-status|p2a: IRRELEPHANT|par\n|\n|-weather|SunnyDay|[upkeep]\n|upkeep\n|turn|2\n|\n|t:|1698285733\n|switch|p1a: Kyogre|Kyogre|100\/100\n|-weather|RainDance|[from] ability: Drizzle|[of] p1a: Kyogre\n|-end|p2a: IRRELEPHANT|Protosynthesis\n|move|p2a: IRRELEPHANT|Rapid Spin|p1a: Kyogre\n|-damage|p1a: Kyogre|84\/100\n|-boost|p2a: IRRELEPHANT|spe|1\n|\n|-weather|RainDance|[upkeep]\n|upkeep\n|turn|3\n|\n|t:|1698285739\n|-end|p2a: IRRELEPHANT|Protosynthesis|[silent]\n|switch|p2a: MR HARLEY DAVIDSON|Koraidon|100\/100\n|-weather|SunnyDay|[from] ability: Orichalcum Pulse|[of] p2a: MR HARLEY DAVIDSON\n|-activate|p2a: MR HARLEY DAVIDSON|Orichalcum Pulse|[source]\n|move|p1a: Kyogre|Surf|p2a: MR HARLEY DAVIDSON\n|-resisted|p2a: MR HARLEY DAVIDSON\n|-damage|p2a: MR HARLEY DAVIDSON|78\/100\n|\n|-weather|SunnyDay|[upkeep]\n|upkeep\n|turn|4\n|\n|t:|1698285746\n|switch|p1a: Ribombee|Ribombee, F|73\/100\n|move|p2a: MR HARLEY DAVIDSON|Close Combat|p1a: Ribombee\n|-resisted|p1a: Ribombee\n|-damage|p1a: Ribombee|36\/100\n|-unboost|p2a: MR HARLEY DAVIDSON|def|1\n|-unboost|p2a: MR HARLEY DAVIDSON|spd|1\n|\n|-weather|SunnyDay|[upkeep]\n|upkeep\n|turn|5\n|\n|t:|1698285756\n|switch|p1a: Clodsire|Clodsire, F|100\/100\n|move|p2a: MR HARLEY DAVIDSON|Close Combat|p1a: Clodsire\n|-resisted|p1a: Clodsire\n|-damage|p1a: Clodsire|52\/100\n|-unboost|p2a: MR HARLEY DAVIDSON|def|1\n|-unboost|p2a: MR HARLEY DAVIDSON|spd|1\n|\n|-weather|SunnyDay|[upkeep]\n|-heal|p1a: Clodsire|58\/100|[from] item: Black Sludge\n|upkeep\n|turn|6\n|\n|t:|1698285762\n|move|p2a: MR HARLEY DAVIDSON|Flare Blitz|p1a: Clodsire\n|-damage|p1a: Clodsire|0 fnt\n|faint|p1a: Clodsire\n|-damage|p2a: MR HARLEY DAVIDSON|52\/100|[from] Recoil\n|\n|-weather|SunnyDay|[upkeep]\n|upkeep\n|\n|t:|1698285774\n|switch|p1a: Urshifu|Urshifu, M|100\/100\n|turn|7\n|\n|t:|1698285784\n|switch|p2a: IRRELEPHANT|Great Tusk, shiny|100\/100 par\n|-activate|p2a: IRRELEPHANT|ability: Protosynthesis\n|-start|p2a: IRRELEPHANT|protosynthesisatk\n|move|p1a: Urshifu|Sucker Punch||[still]\n|-fail|p1a: Urshifu\n|\n|-weather|SunnyDay|[upkeep]\n|upkeep\n|turn|8\n|\n|t:|1698285789\n|switch|p1a: Ribombee|Ribombee, F|36\/100\n|cant|p2a: IRRELEPHANT|par\n|\n|-weather|SunnyDay|[upkeep]\n|upkeep\n|turn|9\n|\n|t:|1698285793\n|move|p1a: Ribombee|Sticky Web|p2a: IRRELEPHANT\n|-sidestart|p2: Harlem Foxtrotter|move: Sticky Web\n|move|p2a: IRRELEPHANT|Rapid Spin|p1a: Ribombee\n|-damage|p1a: Ribombee|7\/100\n|-boost|p2a: IRRELEPHANT|spe|1\n|-sideend|p2: Harlem Foxtrotter|Sticky Web|[from] move: Rapid Spin|[of] p2a: IRRELEPHANT\n|\n|-weather|SunnyDay|[upkeep]\n|upkeep\n|turn|10\n|\n|t:|1698285797\n|move|p1a: Ribombee|Moonblast|p2a: IRRELEPHANT\n|-supereffective|p2a: IRRELEPHANT\n|-damage|p2a: IRRELEPHANT|66\/100 par\n|move|p2a: IRRELEPHANT|Rapid Spin|p1a: Ribombee\n|-damage|p1a: Ribombee|0 fnt\n|-boost|p2a: IRRELEPHANT|spe|1\n|faint|p1a: Ribombee\n|\n|-weather|none\n|-end|p2a: IRRELEPHANT|Protosynthesis\n|upkeep\n|\n|t:|1698285801\n|switch|p1a: Iron Bundle|Iron Bundle|100\/100\n|-enditem|p1a: Iron Bundle|Booster Energy\n|-activate|p1a: Iron Bundle|ability: Quark Drive|[fromitem]\n|-start|p1a: Iron Bundle|quarkdrivespa\n|turn|11\n|\n|t:|1698285816\n|-end|p2a: IRRELEPHANT|Protosynthesis|[silent]\n|switch|p2a: TOP G SLITHMA MALE|Slither Wing, shiny|100\/100\n|move|p1a: Iron Bundle|Freeze-Dry|p2a: TOP G SLITHMA MALE\n|-damage|p2a: TOP G SLITHMA MALE|57\/100\n|\n|upkeep\n|turn|12\n|c|\u2606rasb|you have no switch ins to a strong freeze dry\n|c|\u2606Harlem Foxtrotter|yeah ik\n|inactive|rasb has 120 seconds left.\n|c|\u2606rasb|not to much things can switch in to it now that i think of\n|c|\u2606Harlem Foxtrotter|yeah bundle is pretty strong\n|inactive|rasb has 90 seconds left.\n|\n|t:|1698285879\n|-terastallize|p2a: TOP G SLITHMA MALE|Bug\n|move|p2a: TOP G SLITHMA MALE|First Impression|p1a: Iron Bundle\n|-damage|p1a: Iron Bundle|0 fnt\n|faint|p1a: Iron Bundle\n|-end|p1a: Iron Bundle|Quark Drive|[silent]\n|\n|upkeep\n|\n|t:|1698285883\n|switch|p1a: Miraidon|Miraidon|100\/100\n|-fieldstart|move: Electric Terrain|[from] ability: Hadron Engine|[of] p1a: Miraidon\n|turn|13\n|\n|t:|1698285890\n|-end|p2a: TOP G SLITHMA MALE|Protosynthesis|[silent]\n|switch|p2a: IRRELEPHANT|Great Tusk, shiny|66\/100 par\n|move|p1a: Miraidon|Dazzling Gleam|p2a: IRRELEPHANT\n|-supereffective|p2a: IRRELEPHANT\n|-damage|p2a: IRRELEPHANT|1\/100 par\n|\n|upkeep\n|turn|14\n|\n|t:|1698285895\n|move|p1a: Miraidon|Dazzling Gleam|p2a: IRRELEPHANT\n|-supereffective|p2a: IRRELEPHANT\n|-damage|p2a: IRRELEPHANT|0 fnt\n|faint|p2a: IRRELEPHANT\n|-end|p2a: IRRELEPHANT|Protosynthesis|[silent]\n|\n|upkeep\n|\n|t:|1698285902\n|switch|p2a: TOP G SLITHMA MALE|Slither Wing, shiny, tera:Bug|57\/100\n|turn|15\n|inactive|rasb has 120 seconds left.\n|\n|t:|1698285917\n|-terastallize|p1a: Miraidon|Fairy\n|move|p2a: TOP G SLITHMA MALE|First Impression|p1a: Miraidon\n|-resisted|p1a: Miraidon\n|-damage|p1a: Miraidon|51\/100\n|move|p1a: Miraidon|Dazzling Gleam|p2a: TOP G SLITHMA MALE\n|-damage|p2a: TOP G SLITHMA MALE|0 fnt\n|faint|p2a: TOP G SLITHMA MALE\n|-end|p2a: TOP G SLITHMA MALE|Protosynthesis|[silent]\n|\n|upkeep\n|\n|t:|1698285932\n|switch|p2a: MR HARLEY DAVIDSON|Koraidon|52\/100\n|-weather|SunnyDay|[from] ability: Orichalcum Pulse|[of] p2a: MR HARLEY DAVIDSON\n|-activate|p2a: MR HARLEY DAVIDSON|Orichalcum Pulse|[source]\n|turn|16\n|\n|t:|1698285940\n|switch|p2a: #1 fairy weak team|Flutter Mane, shiny|100\/100\n|-activate|p2a: #1 fairy weak team|ability: Protosynthesis\n|-start|p2a: #1 fairy weak team|protosynthesisspe\n|switch|p1a: Kyogre|Kyogre|84\/100\n|-weather|RainDance|[from] ability: Drizzle|[of] p1a: Kyogre\n|-end|p2a: #1 fairy weak team|Protosynthesis\n|\n|-weather|RainDance|[upkeep]\n|upkeep\n|turn|17\n|\n|t:|1698285952\n|-end|p2a: #1 fairy weak team|Protosynthesis|[silent]\n|switch|p2a: Voring Moon \ud83d\ude0b|Roaring Moon, shiny|100\/100\n|move|p1a: Kyogre|Ice Beam|p2a: Voring Moon \ud83d\ude0b\n|-supereffective|p2a: Voring Moon \ud83d\ude0b\n|-damage|p2a: Voring Moon \ud83d\ude0b|0 fnt\n|faint|p2a: Voring Moon \ud83d\ude0b\n|-end|p2a: Voring Moon \ud83d\ude0b|Protosynthesis|[silent]\n|\n|-weather|RainDance|[upkeep]\n|-fieldend|move: Electric Terrain\n|upkeep\n|\n|t:|1698285962\n|switch|p2a: JESUSAURUS REX|Walking Wake|100\/100\n|turn|18\n|\n|t:|1698285967\n|move|p2a: JESUSAURUS REX|Draco Meteor|p1a: Kyogre\n|-damage|p1a: Kyogre|37\/100\n|-unboost|p2a: JESUSAURUS REX|spa|2\n|move|p1a: Kyogre|Ice Beam|p2a: JESUSAURUS REX\n|-damage|p2a: JESUSAURUS REX|32\/100\n|\n|-weather|RainDance|[upkeep]\n|upkeep\n|turn|19\n|\n|t:|1698285974\n|move|p2a: JESUSAURUS REX|Draco Meteor|p1a: Kyogre\n|-damage|p1a: Kyogre|12\/100\n|-unboost|p2a: JESUSAURUS REX|spa|2\n|move|p1a: Kyogre|Ice Beam|p2a: JESUSAURUS REX\n|-damage|p2a: JESUSAURUS REX|0 fnt\n|faint|p2a: JESUSAURUS REX\n|-end|p2a: JESUSAURUS REX|Protosynthesis|[silent]\n|\n|-weather|RainDance|[upkeep]\n|upkeep\n|\n|t:|1698285995\n|switch|p2a: MR HARLEY DAVIDSON|Koraidon|52\/100\n|-weather|SunnyDay|[from] ability: Orichalcum Pulse|[of] p2a: MR HARLEY DAVIDSON\n|-activate|p2a: MR HARLEY DAVIDSON|Orichalcum Pulse|[source]\n|turn|20\n|j| Stall King 777\n|\n|t:|1698286003\n|move|p2a: MR HARLEY DAVIDSON|Scale Shot|p1a: Kyogre\n|-damage|p1a: Kyogre|0 fnt\n|faint|p1a: Kyogre\n|-hitcount|p1: Kyogre|1\n|-unboost|p2a: MR HARLEY DAVIDSON|def|1\n|-boost|p2a: MR HARLEY DAVIDSON|spe|1\n|\n|-weather|SunnyDay|[upkeep]\n|upkeep\n|inactive|rasb has 120 seconds left.\n|l| Stall King 777\n|\n|t:|1698286046\n|switch|p1a: Miraidon|Miraidon, tera:Fairy|51\/100\n|-fieldstart|move: Electric Terrain|[from] ability: Hadron Engine|[of] p1a: Miraidon\n|turn|21\n|\n|t:|1698286052\n|move|p2a: MR HARLEY DAVIDSON|Flare Blitz|p1a: Miraidon\n|-damage|p1a: Miraidon|0 fnt\n|faint|p1a: Miraidon\n|-damage|p2a: MR HARLEY DAVIDSON|36\/100|[from] Recoil\n|\n|-weather|SunnyDay|[upkeep]\n|upkeep\n|j| Stall King 777\n|\n|t:|1698286056\n|switch|p1a: Urshifu|Urshifu, M|100\/100\n|turn|22\n|\n|t:|1698286059\n|move|p1a: Urshifu|Sucker Punch|p2a: MR HARLEY DAVIDSON\n|-resisted|p2a: MR HARLEY DAVIDSON\n|-damage|p2a: MR HARLEY DAVIDSON|0 fnt\n|faint|p2a: MR HARLEY DAVIDSON\n|\n|-weather|SunnyDay|[upkeep]\n|upkeep\n|\n|t:|1698286061\n|switch|p2a: #1 fairy weak team|Flutter Mane, shiny|100\/100\n|-activate|p2a: #1 fairy weak team|ability: Protosynthesis\n|-start|p2a: #1 fairy weak team|protosynthesisspe\n|turn|23\n|\n|t:|1698286065\n|move|p1a: Urshifu|Sucker Punch|p2a: #1 fairy weak team\n|-enditem|p2a: #1 fairy weak team|Focus Sash\n|-damage|p2a: #1 fairy weak team|1\/100\n|move|p2a: #1 fairy weak team|Moonblast|p1a: Urshifu\n|-supereffective|p1a: Urshifu\n|-damage|p1a: Urshifu|0 fnt\n|faint|p1a: Urshifu\n|\n|win|Harlem Foxtrotter\n|raw|rasb's rating: 1334 &rarr; <strong>1317<\/strong><br \/>(-17 for losing)\n|raw|Harlem Foxtrotter's rating: 1379 &rarr; <strong>1396<\/strong><br \/>(+17 for winning)\n|c|\u2606Harlem Foxtrotter|ggwp\n|c|\u2606rasb|naaa\n|c|\u2606rasb|that fucker has that\n|c|\u2606Harlem Foxtrotter|u did good tho\n|c|\u2606rasb|gg\n|l|\u2606rasb\n","uploadtime":1698286084,"views":11,"p1id":"rasb","p2id":"harlemfoxtrotter","formatid":"gen9ubers","rating":1317,"private":0,"password":""}