{"id":"gen9ubers-1978316719","p1":"abieloto","p2":"NewHoovybeast05","format":"[Gen 9] Ubers","log":"|j|\u2606abieloto\n|j|\u2606NewHoovybeast05\n|t:|1698524355\n|gametype|singles\n|player|p1|abieloto|169|\n|player|p2|NewHoovybeast05|palmer|\n|teamsize|p1|6\n|teamsize|p2|6\n|gen|9\n|tier|[Gen 9] Ubers\n|rule|Sleep Clause Mod: Limit one foe put to sleep\n|rule|Species Clause: Limit one of each Pok\u00e9mon\n|rule|OHKO Clause: OHKO moves are banned\n|rule|Evasion Items Clause: Evasion items are banned\n|rule|Evasion Moves Clause: Evasion moves are banned\n|rule|Endless Battle Clause: Forcing endless battles is banned\n|rule|HP Percentage Mod: HP is shown in percentages\n|clearpoke\n|poke|p1|Basculegion-F, F|\n|poke|p1|Urshifu-*, M|\n|poke|p1|Giratina|\n|poke|p1|Volcarona, M|\n|poke|p1|Magearna|\n|poke|p1|Pelipper, F|\n|poke|p2|Volcarona, M|\n|poke|p2|Roaring Moon|\n|poke|p2|Urshifu-*, M|\n|poke|p2|Ninetales-Alola, M|\n|poke|p2|Masquerain, M|\n|poke|p2|Gholdengo|\n|teampreview\n|c|\u2606NewHoovybeast05|glhf\n|c|\u2606abieloto|u2\n|\n|t:|1698524376\n|start\n|switch|p1a: Magearna|Magearna|100\/100\n|switch|p2a: Masquerain|Masquerain, M|100\/100\n|-ability|p2a: Masquerain|Intimidate|boost\n|-unboost|p1a: Magearna|atk|1\n|turn|1\n|\n|t:|1698524387\n|move|p2a: Masquerain|Sticky Web|p1a: Magearna\n|-sidestart|p1: abieloto|move: Sticky Web\n|move|p1a: Magearna|Calm Mind|p1a: Magearna\n|-boost|p1a: Magearna|spa|1\n|-boost|p1a: Magearna|spd|1\n|\n|upkeep\n|turn|2\n|\n|t:|1698524395\n|move|p1a: Magearna|Calm Mind|p1a: Magearna\n|-boost|p1a: Magearna|spa|1\n|-boost|p1a: Magearna|spd|1\n|move|p2a: Masquerain|Whirlwind|p1a: Magearna\n|drag|p1a: Giratina|Giratina|100\/100\n|-ability|p1a: Giratina|Pressure\n|\n|upkeep\n|turn|3\n|\n|t:|1698524409\n|move|p1a: Giratina|Defog|p2a: Masquerain\n|-unboost|p2a: Masquerain|evasion|1\n|-sideend|p1: abieloto|Sticky Web|[from] move: Defog|[of] p1a: Giratina\n|move|p2a: Masquerain|Whirlwind|p1a: Giratina\n|drag|p1a: Basculegion|Basculegion-F, F|100\/100\n|\n|upkeep\n|turn|4\n|\n|t:|1698524417\n|move|p2a: Masquerain|Sticky Web|p1a: Basculegion\n|-sidestart|p1: abieloto|move: Sticky Web\n|move|p1a: Basculegion|Flip Turn|p2a: Masquerain\n|-damage|p2a: Masquerain|33\/100\n|\n|t:|1698524423\n|switch|p1a: Giratina|Giratina|100\/100|[from] Flip Turn\n|-ability|p1a: Giratina|Pressure\n|\n|upkeep\n|turn|5\n|\n|t:|1698524428\n|move|p2a: Masquerain|U-turn|p1a: Giratina\n|-resisted|p1a: Giratina\n|-damage|p1a: Giratina|97\/100\n|\n|t:|1698524436\n|switch|p2a: Gholdengo|Gholdengo|100\/100|[from] U-turn\n|move|p1a: Giratina|Dragon Tail|p2a: Gholdengo\n|-resisted|p2a: Gholdengo\n|-damage|p2a: Gholdengo|90\/100\n|drag|p2a: Roaring Moon|Roaring Moon|100\/100\n|-enditem|p2a: Roaring Moon|Booster Energy\n|-activate|p2a: Roaring Moon|ability: Protosynthesis|[fromitem]\n|-start|p2a: Roaring Moon|protosynthesisatk\n|\n|upkeep\n|turn|6\n|c|\u2606abieloto|didnt mean to bring that one out lmfao\n|\n|t:|1698524463\n|move|p2a: Roaring Moon|Knock Off|p1a: Giratina\n|-supereffective|p1a: Giratina\n|-damage|p1a: Giratina|18\/100\n|-enditem|p1a: Giratina|Heavy-Duty Boots|[from] move: Knock Off|[of] p2a: Roaring Moon\n|move|p1a: Giratina|Will-O-Wisp|p2a: Roaring Moon|[miss]\n|-miss|p1a: Giratina|p2a: Roaring Moon\n|\n|upkeep\n|turn|7\n|c|\u2606NewHoovybeast05|YOO\n|c|\u2606NewHoovybeast05|THE LUCK\n|\n|t:|1698524484\n|switch|p1a: Volcarona|Volcarona, M|100\/100\n|move|p2a: Roaring Moon|Knock Off|p1a: Volcarona\n|-damage|p1a: Volcarona|18\/100\n|-enditem|p1a: Volcarona|Heavy-Duty Boots|[from] move: Knock Off|[of] p2a: Roaring Moon\n|\n|upkeep\n|turn|8\n|\n|t:|1698524493\n|move|p2a: Roaring Moon|Earthquake|p1a: Volcarona\n|-damage|p1a: Volcarona|0 fnt\n|faint|p1a: Volcarona\n|\n|upkeep\n|\n|t:|1698524500\n|switch|p1a: Magearna|Magearna|100\/100\n|-activate|p1a: Magearna|move: Sticky Web\n|-unboost|p1a: Magearna|spe|1\n|turn|9\n|\n|t:|1698524515\n|-end|p2a: Roaring Moon|Protosynthesis|[silent]\n|switch|p2a: Volcarona|Volcarona, M|100\/100\n|move|p1a: Magearna|Iron Defense|p1a: Magearna\n|-boost|p1a: Magearna|def|2\n|\n|upkeep\n|turn|10\n|\n|t:|1698524525\n|-terastallize|p1a: Magearna|Water\n|move|p2a: Volcarona|Fiery Dance|p1a: Magearna\n|-resisted|p1a: Magearna\n|-damage|p1a: Magearna|82\/100\n|-boost|p2a: Volcarona|spa|1\n|move|p1a: Magearna|Calm Mind|p1a: Magearna\n|-boost|p1a: Magearna|spa|1\n|-boost|p1a: Magearna|spd|1\n|\n|-heal|p1a: Magearna|88\/100|[from] item: Leftovers\n|upkeep\n|turn|11\n|\n|t:|1698524534\n|switch|p2a: Ninetales|Ninetales-Alola, M|100\/100\n|-weather|Snow|[from] ability: Snow Warning|[of] p2a: Ninetales\n|move|p1a: Magearna|Calm Mind|p1a: Magearna\n|-boost|p1a: Magearna|spa|1\n|-boost|p1a: Magearna|spd|1\n|\n|-weather|Snow|[upkeep]\n|-heal|p1a: Magearna|94\/100|[from] item: Leftovers\n|upkeep\n|turn|12\n|\n|t:|1698524555\n|move|p2a: Ninetales|Encore|p1a: Magearna\n|-start|p1a: Magearna|Encore\n|move|p1a: Magearna|Calm Mind|p1a: Magearna\n|-boost|p1a: Magearna|spa|1\n|-boost|p1a: Magearna|spd|1\n|\n|-weather|Snow|[upkeep]\n|-heal|p1a: Magearna|99\/100|[from] item: Leftovers\n|upkeep\n|turn|13\n|c|\u2606abieloto|never seen encore ninetales before\n|c|\u2606abieloto|cool tech\n|\n|t:|1698524576\n|switch|p2a: Masquerain|Masquerain, M|33\/100\n|-ability|p2a: Masquerain|Intimidate|boost\n|-unboost|p1a: Magearna|atk|1\n|move|p1a: Magearna|Calm Mind|p1a: Magearna\n|-boost|p1a: Magearna|spa|1\n|-boost|p1a: Magearna|spd|1\n|\n|-weather|Snow|[upkeep]\n|-heal|p1a: Magearna|100\/100|[from] item: Leftovers\n|upkeep\n|turn|14\n|c|\u2606NewHoovybeast05|kinda common tbh\n|c|\u2606abieloto|damn i have never stepped foot in this tier lmfao\n|c|\u2606NewHoovybeast05|nah it's common in OU lol\n|\n|t:|1698524616\n|switch|p1a: Pelipper|Pelipper, F|100\/100\n|-weather|RainDance|[from] ability: Drizzle|[of] p1a: Pelipper\n|move|p2a: Masquerain|Whirlwind|p1a: Pelipper\n|drag|p1a: Magearna|Magearna, tera:Water|100\/100\n|-activate|p1a: Magearna|move: Sticky Web\n|-unboost|p1a: Magearna|spe|1\n|\n|-weather|RainDance|[upkeep]\n|upkeep\n|turn|15\n|c|\u2606NewHoovybeast05|this gurl again smh\n|\n|t:|1698524635\n|move|p1a: Magearna|Draining Kiss|p2a: Masquerain\n|-damage|p2a: Masquerain|1\/100\n|move|p2a: Masquerain|Whirlwind|p1a: Magearna\n|drag|p1a: Pelipper|Pelipper, F|100\/100\n|\n|-weather|RainDance|[upkeep]\n|upkeep\n|turn|16\n|\n|t:|1698524643\n|switch|p2a: Ninetales|Ninetales-Alola, M|100\/100\n|-weather|Snow|[from] ability: Snow Warning|[of] p2a: Ninetales\n|move|p1a: Pelipper|U-turn|p2a: Ninetales\n|-resisted|p2a: Ninetales\n|-damage|p2a: Ninetales|97\/100\n|\n|t:|1698524652\n|switch|p1a: Giratina|Giratina|18\/100|[from] U-turn\n|-activate|p1a: Giratina|move: Sticky Web\n|-unboost|p1a: Giratina|spe|1\n|-ability|p1a: Giratina|Pressure\n|\n|-weather|Snow|[upkeep]\n|upkeep\n|turn|17\n|\n|t:|1698524668\n|switch|p1a: Pelipper|Pelipper, F|100\/100\n|-weather|RainDance|[from] ability: Drizzle|[of] p1a: Pelipper\n|move|p2a: Ninetales|Moonblast|p1a: Pelipper\n|-damage|p1a: Pelipper|63\/100\n|\n|-weather|RainDance|[upkeep]\n|upkeep\n|turn|18\n|c|\u2606NewHoovybeast05|man im so dumb\n|c|\u2606abieloto|why lmao\n|\n|t:|1698524700\n|switch|p1a: Magearna|Magearna, tera:Water|100\/100\n|-activate|p1a: Magearna|move: Sticky Web\n|-unboost|p1a: Magearna|spe|1\n|move|p2a: Ninetales|Freeze-Dry|p1a: Magearna\n|-supereffective|p1a: Magearna\n|-damage|p1a: Magearna|67\/100\n|\n|-weather|RainDance|[upkeep]\n|-heal|p1a: Magearna|73\/100|[from] item: Leftovers\n|upkeep\n|turn|19\n|\n|t:|1698524712\n|move|p2a: Ninetales|Freeze-Dry|p1a: Magearna\n|-supereffective|p1a: Magearna\n|-damage|p1a: Magearna|41\/100\n|move|p1a: Magearna|Calm Mind|p1a: Magearna\n|-boost|p1a: Magearna|spa|1\n|-boost|p1a: Magearna|spd|1\n|\n|-weather|RainDance|[upkeep]\n|-heal|p1a: Magearna|47\/100|[from] item: Leftovers\n|upkeep\n|turn|20\n|\n|t:|1698524716\n|move|p2a: Ninetales|Encore|p1a: Magearna\n|-start|p1a: Magearna|Encore\n|move|p1a: Magearna|Calm Mind|p1a: Magearna\n|-boost|p1a: Magearna|spa|1\n|-boost|p1a: Magearna|spd|1\n|\n|-weather|RainDance|[upkeep]\n|-heal|p1a: Magearna|53\/100|[from] item: Leftovers\n|upkeep\n|turn|21\n|\n|t:|1698524720\n|switch|p2a: Masquerain|Masquerain, M|1\/100\n|-ability|p2a: Masquerain|Intimidate|boost\n|-unboost|p1a: Magearna|atk|1\n|move|p1a: Magearna|Calm Mind|p1a: Magearna\n|-boost|p1a: Magearna|spa|1\n|-boost|p1a: Magearna|spd|1\n|\n|-weather|RainDance|[upkeep]\n|-heal|p1a: Magearna|59\/100|[from] item: Leftovers\n|upkeep\n|turn|22\n|\n|t:|1698524730\n|move|p1a: Magearna|Calm Mind|p1a: Magearna\n|-boost|p1a: Magearna|spa|1\n|-boost|p1a: Magearna|spd|1\n|move|p2a: Masquerain|Whirlwind|p1a: Magearna\n|drag|p1a: Giratina|Giratina|18\/100\n|-activate|p1a: Giratina|move: Sticky Web\n|-unboost|p1a: Giratina|spe|1\n|-ability|p1a: Giratina|Pressure\n|\n|-weather|RainDance|[upkeep]\n|upkeep\n|turn|23\n|c|\u2606NewHoovybeast05|you had no switch ins to freeze dry\n|\n|t:|1698524751\n|move|p2a: Masquerain|Air Slash|p1a: Giratina\n|-damage|p1a: Giratina|5\/100\n|cant|p1a: Giratina|flinch\n|\n|-weather|RainDance|[upkeep]\n|upkeep\n|turn|24\n|c|\u2606abieloto|zero\n|c|\u2606abieloto|ik lmfao\n|c|\u2606abieloto|aye but this 5% chance to miss boutta save my life right here\n|\n|t:|1698524774\n|move|p2a: Masquerain|Air Slash|p1a: Giratina\n|-damage|p1a: Giratina|0 fnt\n|faint|p1a: Giratina\n|\n|-weather|none\n|upkeep\n|c|\u2606abieloto|sadge\n|c|\u2606NewHoovybeast05|sadge indeed\n|\n|t:|1698524792\n|switch|p1a: Basculegion|Basculegion-F, F|100\/100\n|-activate|p1a: Basculegion|move: Sticky Web\n|-unboost|p1a: Basculegion|spe|1\n|turn|25\n|\n|t:|1698524802\n|switch|p2a: Urshifu|Urshifu-Rapid-Strike, M|100\/100\n|move|p1a: Basculegion|Aqua Jet|p2a: Urshifu\n|-resisted|p2a: Urshifu\n|-damage|p2a: Urshifu|88\/100\n|\n|upkeep\n|turn|26\n|\n|t:|1698524813\n|switch|p1a: Pelipper|Pelipper, F|63\/100\n|-weather|RainDance|[from] ability: Drizzle|[of] p1a: Pelipper\n|move|p2a: Urshifu|Surging Strikes|p1a: Pelipper\n|-resisted|p1a: Pelipper\n|-crit|p1a: Pelipper\n|-damage|p1a: Pelipper|45\/100\n|-resisted|p1a: Pelipper\n|-crit|p1a: Pelipper\n|-damage|p1a: Pelipper|29\/100\n|-resisted|p1a: Pelipper\n|-crit|p1a: Pelipper\n|-damage|p1a: Pelipper|12\/100\n|-hitcount|p1a: Pelipper|3\n|\n|-weather|RainDance|[upkeep]\n|upkeep\n|turn|27\n|\n|t:|1698524825\n|switch|p1a: Magearna|Magearna, tera:Water|59\/100\n|-activate|p1a: Magearna|move: Sticky Web\n|-unboost|p1a: Magearna|spe|1\n|move|p2a: Urshifu|Surging Strikes|p1a: Magearna\n|-resisted|p1a: Magearna\n|-crit|p1a: Magearna\n|-damage|p1a: Magearna|46\/100\n|-resisted|p1a: Magearna\n|-crit|p1a: Magearna\n|-damage|p1a: Magearna|32\/100\n|-resisted|p1a: Magearna\n|-crit|p1a: Magearna\n|-damage|p1a: Magearna|18\/100\n|-hitcount|p1a: Magearna|3\n|\n|-weather|RainDance|[upkeep]\n|-heal|p1a: Magearna|24\/100|[from] item: Leftovers\n|upkeep\n|turn|28\n|c|\u2606abieloto|this mf always gets critical hits so lucky ong\n|\n|t:|1698524842\n|move|p2a: Urshifu|Surging Strikes|p1a: Magearna\n|-resisted|p1a: Magearna\n|-crit|p1a: Magearna\n|-damage|p1a: Magearna|11\/100\n|-resisted|p1a: Magearna\n|-crit|p1a: Magearna\n|-damage|p1a: Magearna|0 fnt\n|faint|p1a: Magearna\n|-hitcount|p1: Magearna|2\n|\n|-weather|RainDance|[upkeep]\n|upkeep\n|\n|t:|1698524851\n|switch|p1a: Urshifu|Urshifu, M|100\/100\n|-activate|p1a: Urshifu|move: Sticky Web\n|-unboost|p1a: Urshifu|spe|1\n|turn|29\n|\n|t:|1698524864\n|-terastallize|p2a: Urshifu|Water\n|move|p2a: Urshifu|Surging Strikes|p1a: Urshifu\n|-crit|p1a: Urshifu\n|-damage|p1a: Urshifu|39\/100\n|-crit|p1a: Urshifu\n|-damage|p1a: Urshifu|0 fnt\n|faint|p1a: Urshifu\n|-hitcount|p1: Urshifu|2\n|\n|-weather|RainDance|[upkeep]\n|upkeep\n|c|\u2606NewHoovybeast05|urshifu only works on sticky teams\n|\n|t:|1698524873\n|switch|p1a: Basculegion|Basculegion-F, F|100\/100\n|-activate|p1a: Basculegion|move: Sticky Web\n|-unboost|p1a: Basculegion|spe|1\n|turn|30\n|\n|t:|1698524881\n|move|p1a: Basculegion|Last Respects|p2a: Urshifu\n|-crit|p2a: Urshifu\n|-damage|p2a: Urshifu|0 fnt\n|faint|p2a: Urshifu\n|\n|-weather|RainDance|[upkeep]\n|upkeep\n|\n|t:|1698524910\n|switch|p2a: Roaring Moon|Roaring Moon|100\/100\n|turn|31\n|\n|t:|1698524918\n|move|p1a: Basculegion|Last Respects|p2a: Roaring Moon\n|-resisted|p2a: Roaring Moon\n|-damage|p2a: Roaring Moon|2\/100\n|move|p2a: Roaring Moon|Knock Off|p1a: Basculegion\n|-supereffective|p1a: Basculegion\n|-damage|p1a: Basculegion|0 fnt\n|-enditem|p1a: Basculegion|Choice Band|[from] move: Knock Off|[of] p2a: Roaring Moon\n|faint|p1a: Basculegion\n|\n|-weather|RainDance|[upkeep]\n|upkeep\n|\n|t:|1698524922\n|switch|p1a: Pelipper|Pelipper, F|12\/100\n|turn|32\n|c|\u2606abieloto|damn\n|c|\u2606abieloto|gg\n|c|\u2606NewHoovybeast05|gg\n|\n|t:|1698524930\n|move|p2a: Roaring Moon|Knock Off|p1a: Pelipper\n|-damage|p1a: Pelipper|0 fnt\n|-enditem|p1a: Pelipper|Damp Rock|[from] move: Knock Off|[of] p2a: Roaring Moon\n|faint|p1a: Pelipper\n|\n|win|NewHoovybeast05\n|c|\u2606NewHoovybeast05|now the second\n|c|\u2606abieloto|yea\n|c|\u2606NewHoovybeast05|wait do we have to save these games?\n|l|\u2606NewHoovybeast05\n","uploadtime":1698524994,"views":22,"p1id":"abieloto","p2id":"newhoovybeast05","formatid":"gen9ubers","rating":0,"private":0,"password":""}