{"id":"gen9ubers-1971456635","p1":"1P1o1s1h1e1","p2":"GratedsShtickface","format":"[Gen 9] Ubers","log":"|j|\u26061P1o1s1h1e1\n|j|\u2606GratedsShtickface\n|t:|1697739945\n|gametype|singles\n|player|p1|1P1o1s1h1e1|hooligans|\n|player|p2|GratedsShtickface|hiker-gen4|\n|teamsize|p1|6\n|teamsize|p2|6\n|gen|9\n|tier|[Gen 9] Ubers\n|rule|Sleep Clause Mod: Limit one foe put to sleep\n|rule|Species Clause: Limit one of each Pok\u00e9mon\n|rule|OHKO Clause: OHKO moves are banned\n|rule|Evasion Items Clause: Evasion items are banned\n|rule|Evasion Moves Clause: Evasion moves are banned\n|rule|Endless Battle Clause: Forcing endless battles is banned\n|rule|HP Percentage Mod: HP is shown in percentages\n|clearpoke\n|poke|p1|Wo-Chien|\n|poke|p1|Arceus-Poison|\n|poke|p1|Magearna|\n|poke|p1|Ursaluna-Bloodmoon, M|\n|poke|p1|Sneasler, M|\n|poke|p1|Scream Tail|\n|poke|p2|Garganacl, M|\n|poke|p2|Moltres|\n|poke|p2|Blissey, F|\n|poke|p2|Dondozo, F|\n|poke|p2|Giratina|\n|poke|p2|Shaymin-Sky|\n|teampreview\n|inactive|Battle timer is ON: inactive players will automatically lose when time's up. (requested by GratedsShtickface)\n|c|\u2606GratedsShtickface|glhf\n|c|\u26061P1o1s1h1e1|u2\n|\n|t:|1697739964\n|start\n|switch|p1a: Sneasler|Sneasler, M|100\/100\n|switch|p2a: Haxmin|Shaymin-Sky|100\/100\n|turn|1\n|\n|t:|1697739970\n|move|p1a: Sneasler|Dire Claw|p2a: Haxmin\n|-supereffective|p2a: Haxmin\n|-crit|p2a: Haxmin\n|-damage|p2a: Haxmin|0 fnt\n|faint|p2a: Haxmin\n|\n|upkeep\n|\n|t:|1697739976\n|switch|p2a: Donbozo|Dondozo, F|100\/100\n|turn|2\n|\n|t:|1697739980\n|move|p1a: Sneasler|Dire Claw|p2a: Donbozo\n|-damage|p2a: Donbozo|83\/100\n|-status|p2a: Donbozo|slp\n|cant|p2a: Donbozo|slp\n|\n|-heal|p2a: Donbozo|89\/100 slp|[from] item: Leftovers\n|upkeep\n|turn|3\n|\n|t:|1697739988\n|switch|p1a: Wo-Chien|Wo-Chien|100\/100\n|-ability|p1a: Wo-Chien|Tablets of Ruin\n|cant|p2a: Donbozo|slp\n|move|p2a: Donbozo|Sleep Talk|p2a: Donbozo\n|move|p2a: Donbozo|Liquidation|p1a: Wo-Chien|[from]move: Sleep Talk\n|-resisted|p1a: Wo-Chien\n|-damage|p1a: Wo-Chien|90\/100\n|\n|-heal|p1a: Wo-Chien|96\/100|[from] item: Leftovers\n|-heal|p2a: Donbozo|95\/100 slp|[from] item: Leftovers\n|upkeep\n|turn|4\n|\n|t:|1697739998\n|switch|p2a: Chicken for KFC|Moltres|100\/100\n|move|p1a: Wo-Chien|Knock Off|p2a: Chicken for KFC\n|-damage|p2a: Chicken for KFC|80\/100\n|-enditem|p2a: Chicken for KFC|Heavy-Duty Boots|[from] move: Knock Off|[of] p1a: Wo-Chien\n|\n|-heal|p1a: Wo-Chien|100\/100|[from] item: Leftovers\n|upkeep\n|turn|5\n|c|\u26061P1o1s1h1e1|good play\n|c|\u26061P1o1s1h1e1|unfort no proc\n|\n|t:|1697740016\n|switch|p1a: Scream Tail|Scream Tail|100\/100\n|move|p2a: Chicken for KFC|U-turn|p1a: Scream Tail\n|-damage|p1a: Scream Tail|91\/100\n|\n|t:|1697740021\n|switch|p2a: Gargasalt|Garganacl, M|100\/100|[from] U-turn\n|\n|-heal|p1a: Scream Tail|98\/100|[from] item: Leftovers\n|upkeep\n|turn|6\n|\n|t:|1697740029\n|-end|p1a: Scream Tail|Protosynthesis|[silent]\n|switch|p1a: Ursaluna|Ursaluna-Bloodmoon, M|100\/100\n|move|p2a: Gargasalt|Block|p1a: Ursaluna\n|-activate|p1a: Ursaluna|trapped\n|\n|upkeep\n|turn|7\n|\n|t:|1697740037\n|move|p2a: Gargasalt|Salt Cure|p1a: Ursaluna\n|-resisted|p1a: Ursaluna\n|-damage|p1a: Ursaluna|96\/100\n|-start|p1a: Ursaluna|Salt Cure\n|move|p1a: Ursaluna|Roar|p2a: Gargasalt\n|drag|p2a: Donbozo|Dondozo, F|95\/100 slp\n|\n|-heal|p1a: Ursaluna|100\/100|[from] item: Leftovers\n|-heal|p2a: Donbozo|100\/100 slp|[from] item: Leftovers\n|-damage|p1a: Ursaluna|88\/100|[from] Salt Cure\n|upkeep\n|turn|8\n|\n|t:|1697740049\n|switch|p1a: Wo-Chien|Wo-Chien|100\/100\n|-ability|p1a: Wo-Chien|Tablets of Ruin\n|cant|p2a: Donbozo|slp\n|move|p2a: Donbozo|Sleep Talk|p2a: Donbozo\n|move|p2a: Donbozo|Rest||[from]move: Sleep Talk|[still]\n|-fail|p2a: Donbozo\n|\n|upkeep\n|turn|9\n|\n|t:|1697740061\n|switch|p2a: Chicken for KFC|Moltres|80\/100\n|move|p1a: Wo-Chien|Leech Seed|p2a: Chicken for KFC\n|-start|p2a: Chicken for KFC|move: Leech Seed\n|\n|-damage|p2a: Chicken for KFC|68\/100|[from] Leech Seed|[of] p1a: Wo-Chien\n|upkeep\n|turn|10\n|\n|t:|1697740069\n|move|p1a: Wo-Chien|Protect|p1a: Wo-Chien\n|-singleturn|p1a: Wo-Chien|Protect\n|move|p2a: Chicken for KFC|U-turn|p1a: Wo-Chien\n|-activate|p1a: Wo-Chien|move: Protect\n|\n|-damage|p2a: Chicken for KFC|56\/100|[from] Leech Seed|[of] p1a: Wo-Chien\n|upkeep\n|turn|11\n|\n|t:|1697740078\n|move|p2a: Chicken for KFC|U-turn|p1a: Wo-Chien\n|-supereffective|p1a: Wo-Chien\n|-damage|p1a: Wo-Chien|59\/100\n|\n|t:|1697740086\n|switch|p2a: Hecker|Giratina, shiny|100\/100|[from] U-turn\n|-ability|p2a: Hecker|Pressure\n|move|p1a: Wo-Chien|Substitute|p1a: Wo-Chien\n|-start|p1a: Wo-Chien|Substitute\n|-damage|p1a: Wo-Chien|34\/100\n|\n|-heal|p1a: Wo-Chien|40\/100|[from] item: Leftovers\n|upkeep\n|turn|12\n|\n|t:|1697740091\n|move|p1a: Wo-Chien|Knock Off|p2a: Hecker\n|-supereffective|p2a: Hecker\n|-damage|p2a: Hecker|69\/100\n|-enditem|p2a: Hecker|Heavy-Duty Boots|[from] move: Knock Off|[of] p1a: Wo-Chien\n|move|p2a: Hecker|Roar|p1a: Wo-Chien\n|drag|p1a: Ursaluna|Ursaluna-Bloodmoon, M|88\/100\n|\n|-heal|p1a: Ursaluna|94\/100|[from] item: Leftovers\n|upkeep\n|turn|13\n|\n|t:|1697740104\n|move|p2a: Hecker|Will-O-Wisp|p1a: Ursaluna\n|-status|p1a: Ursaluna|brn\n|move|p1a: Ursaluna|Roar|p2a: Hecker\n|drag|p2a: Ivanovna Robotnik|Blissey, F|100\/100\n|\n|-heal|p1a: Ursaluna|99\/100 brn|[from] item: Leftovers\n|-damage|p1a: Ursaluna|94\/100 brn|[from] brn\n|upkeep\n|turn|14\n|\n|t:|1697740111\n|move|p2a: Ivanovna Robotnik|Seismic Toss|p1a: Ursaluna\n|-damage|p1a: Ursaluna|71\/100 brn\n|move|p1a: Ursaluna|Calm Mind|p1a: Ursaluna\n|-boost|p1a: Ursaluna|spa|1\n|-boost|p1a: Ursaluna|spd|1\n|\n|-heal|p1a: Ursaluna|77\/100 brn|[from] item: Leftovers\n|-damage|p1a: Ursaluna|71\/100 brn|[from] brn\n|upkeep\n|turn|15\n|\n|t:|1697740123\n|switch|p2a: Hecker|Giratina, shiny|69\/100\n|-ability|p2a: Hecker|Pressure\n|move|p1a: Ursaluna|Calm Mind|p1a: Ursaluna\n|-boost|p1a: Ursaluna|spa|1\n|-boost|p1a: Ursaluna|spd|1\n|\n|-heal|p1a: Ursaluna|77\/100 brn|[from] item: Leftovers\n|-damage|p1a: Ursaluna|71\/100 brn|[from] brn\n|upkeep\n|turn|16\n|\n|t:|1697740126\n|move|p2a: Hecker|Roar|p1a: Ursaluna\n|drag|p1a: Magearna|Magearna|100\/100\n|\n|upkeep\n|turn|17\n|\n|t:|1697740131\n|move|p2a: Hecker|Will-O-Wisp|p1a: Magearna\n|-status|p1a: Magearna|brn\n|move|p1a: Magearna|Thunder Wave|p2a: Hecker\n|-status|p2a: Hecker|par\n|\n|-damage|p1a: Magearna|94\/100 brn|[from] brn\n|upkeep\n|turn|18\n|c|\u26061P1o1s1h1e1|okay so\n|c|\u2606GratedsShtickface|?\n|c|\u26061P1o1s1h1e1|letting that get twaved I think is a mistake\n|inactive|1P1o1s1h1e1 has 270 seconds left.\n|c|\u26061P1o1s1h1e1|because now you need to be very careful with the luna\n|c|\u26061P1o1s1h1e1|my moons roar is now faster than your tina\n|\n|t:|1697740178\n|move|p1a: Magearna|Spikes|p2a: Hecker\n|-sidestart|p2: GratedsShtickface|Spikes\n|move|p2a: Hecker|Shadow Ball|p1a: Magearna\n|-damage|p1a: Magearna|78\/100 brn\n|\n|-heal|p1a: Magearna|84\/100 brn|[from] item: Leftovers\n|-damage|p1a: Magearna|78\/100 brn|[from] brn\n|upkeep\n|turn|19\n|\n|t:|1697740188\n|move|p1a: Magearna|Draining Kiss|p2a: Hecker\n|-supereffective|p2a: Hecker\n|-crit|p2a: Hecker\n|-damage|p2a: Hecker|40\/100 par\n|-heal|p1a: Magearna|100\/100 brn|[from] drain|[of] p2a: Hecker\n|move|p2a: Hecker|Shadow Ball|p1a: Magearna\n|-damage|p1a: Magearna|83\/100 brn\n|-unboost|p1a: Magearna|spd|1\n|\n|-heal|p1a: Magearna|89\/100 brn|[from] item: Leftovers\n|-damage|p1a: Magearna|83\/100 brn|[from] brn\n|upkeep\n|turn|20\n|inactive|1P1o1s1h1e1 has 270 seconds left.\n|\n|t:|1697740195\n|move|p1a: Magearna|Draining Kiss|p2a: Hecker\n|-supereffective|p2a: Hecker\n|-damage|p2a: Hecker|23\/100 par\n|-heal|p1a: Magearna|100\/100 brn|[from] drain|[of] p2a: Hecker\n|cant|p2a: Hecker|par\n|\n|-damage|p1a: Magearna|94\/100 brn|[from] brn\n|upkeep\n|turn|21\n|c|\u26061P1o1s1h1e1|and now this\n|\n|t:|1697740205\n|switch|p2a: Chicken for KFC|Moltres|56\/100\n|move|p1a: Magearna|Draining Kiss|p2a: Chicken for KFC\n|-resisted|p2a: Chicken for KFC\n|-damage|p2a: Chicken for KFC|44\/100\n|-heal|p1a: Magearna|100\/100 brn|[from] drain|[of] p2a: Chicken for KFC\n|\n|-damage|p1a: Magearna|94\/100 brn|[from] brn\n|upkeep\n|turn|22\n|\n|t:|1697740213\n|move|p2a: Chicken for KFC|Roost|p2a: Chicken for KFC\n|-heal|p2a: Chicken for KFC|94\/100\n|-singleturn|p2a: Chicken for KFC|move: Roost\n|move|p1a: Magearna|Thunder Wave|p2a: Chicken for KFC\n|-status|p2a: Chicken for KFC|par\n|\n|-heal|p1a: Magearna|100\/100 brn|[from] item: Leftovers\n|-damage|p1a: Magearna|94\/100 brn|[from] brn\n|upkeep\n|turn|23\n|\n|t:|1697740220\n|move|p1a: Magearna|Volt Switch|p2a: Chicken for KFC\n|-supereffective|p2a: Chicken for KFC\n|-damage|p2a: Chicken for KFC|51\/100 par\n|\n|t:|1697740229\n|switch|p1a: Scream Tail|Scream Tail|98\/100|[from] Volt Switch\n|move|p2a: Chicken for KFC|Flamethrower|p1a: Scream Tail\n|-damage|p1a: Scream Tail|71\/100\n|\n|-heal|p1a: Scream Tail|77\/100|[from] item: Leftovers\n|upkeep\n|turn|24\n|\n|t:|1697740235\n|move|p1a: Scream Tail|Stealth Rock|p2a: Chicken for KFC\n|-sidestart|p2: GratedsShtickface|move: Stealth Rock\n|move|p2a: Chicken for KFC|Will-O-Wisp|p1a: Scream Tail\n|-status|p1a: Scream Tail|brn\n|\n|-heal|p1a: Scream Tail|84\/100 brn|[from] item: Leftovers\n|-damage|p1a: Scream Tail|77\/100 brn|[from] brn\n|upkeep\n|turn|25\n|\n|t:|1697740247\n|move|p1a: Scream Tail|Wish|p1a: Scream Tail\n|move|p2a: Chicken for KFC|Flamethrower|p1a: Scream Tail\n|-damage|p1a: Scream Tail|52\/100 brn\n|\n|-heal|p1a: Scream Tail|59\/100 brn|[from] item: Leftovers\n|-damage|p1a: Scream Tail|52\/100 brn|[from] brn\n|upkeep\n|turn|26\n|\n|t:|1697740255\n|-end|p1a: Scream Tail|Protosynthesis|[silent]\n|switch|p1a: Ursaluna|Ursaluna-Bloodmoon, M|71\/100 brn\n|switch|p2a: Hecker|Giratina, shiny|23\/100 par\n|-damage|p2a: Hecker|10\/100 par|[from] Spikes\n|-damage|p2a: Hecker|0 fnt|[from] Stealth Rock\n|faint|p2a: Hecker\n|\n|-heal|p1a: Ursaluna|100\/100 brn|[from] move: Wish|[wisher] Scream Tail\n|-damage|p1a: Ursaluna|94\/100 brn|[from] brn\n|upkeep\n|\n|t:|1697740264\n|switch|p2a: Donbozo|Dondozo, F|100\/100 slp\n|-damage|p2a: Donbozo|88\/100 slp|[from] Spikes\n|-damage|p2a: Donbozo|75\/100 slp|[from] Stealth Rock\n|turn|27\n|\n|t:|1697740274\n|switch|p1a: Arceus|Arceus-Poison|100\/100\n|-curestatus|p2a: Donbozo|slp|[msg]\n|move|p2a: Donbozo|Sleep Talk||[still]\n|-fail|p2a: Donbozo\n|\n|-heal|p2a: Donbozo|82\/100|[from] item: Leftovers\n|upkeep\n|turn|28\n|\n|t:|1697740281\n|move|p1a: Arceus|Taunt|p2a: Donbozo\n|-start|p2a: Donbozo|move: Taunt\n|move|p2a: Donbozo|Liquidation|p1a: Arceus\n|-damage|p1a: Arceus|85\/100\n|-unboost|p1a: Arceus|def|1\n|\n|-heal|p2a: Donbozo|88\/100|[from] item: Leftovers\n|upkeep\n|turn|29\n|\n|t:|1697740285\n|move|p1a: Arceus|Will-O-Wisp|p2a: Donbozo\n|-status|p2a: Donbozo|brn\n|move|p2a: Donbozo|Liquidation|p1a: Arceus\n|-damage|p1a: Arceus|77\/100\n|-unboost|p1a: Arceus|def|1\n|\n|-heal|p2a: Donbozo|94\/100 brn|[from] item: Leftovers\n|-damage|p2a: Donbozo|88\/100 brn|[from] brn\n|upkeep\n|turn|30\n|c|\u26061P1o1s1h1e1|yo this team is actually sick into this kind of stall comp tho\n|c|\u26061P1o1s1h1e1|like I really fail to see how I lose this MU\n|inactive|1P1o1s1h1e1 has 270 seconds left.\n|c|\u2606GratedsShtickface|likewise, I'm not sure how I win\n|\n|t:|1697740320\n|switch|p1a: Magearna|Magearna|94\/100 brn\n|move|p2a: Donbozo|Liquidation|p1a: Magearna\n|-damage|p1a: Magearna|82\/100 brn\n|-unboost|p1a: Magearna|def|1\n|\n|-heal|p1a: Magearna|88\/100 brn|[from] item: Leftovers\n|-heal|p2a: Donbozo|94\/100 brn|[from] item: Leftovers\n|-damage|p1a: Magearna|82\/100 brn|[from] brn\n|-damage|p2a: Donbozo|88\/100 brn|[from] brn\n|-end|p2a: Donbozo|move: Taunt\n|upkeep\n|turn|31\n|\n|t:|1697740332\n|move|p1a: Magearna|Spikes|p2a: Donbozo\n|-sidestart|p2: GratedsShtickface|Spikes\n|move|p2a: Donbozo|Liquidation|p1a: Magearna\n|-crit|p1a: Magearna\n|-damage|p1a: Magearna|62\/100 brn\n|-unboost|p1a: Magearna|def|1\n|\n|-heal|p1a: Magearna|68\/100 brn|[from] item: Leftovers\n|-heal|p2a: Donbozo|94\/100 brn|[from] item: Leftovers\n|-damage|p1a: Magearna|62\/100 brn|[from] brn\n|-damage|p2a: Donbozo|88\/100 brn|[from] brn\n|upkeep\n|turn|32\n|c|\u26061P1o1s1h1e1|lol\n|c|\u26061P1o1s1h1e1|this dozo got serene grace\n|\n|t:|1697740345\n|switch|p1a: Arceus|Arceus-Poison|77\/100\n|move|p2a: Donbozo|Rest|p2a: Donbozo\n|-status|p2a: Donbozo|slp|[from] move: Rest\n|-heal|p2a: Donbozo|100\/100 slp|[silent]\n|\n|upkeep\n|turn|33\n|\n|t:|1697740350\n|move|p1a: Arceus|Taunt|p2a: Donbozo\n|-start|p2a: Donbozo|move: Taunt\n|cant|p2a: Donbozo|slp\n|cant|p2a: Donbozo|move: Taunt|Sleep Talk\n|\n|upkeep\n|turn|34\n|\n|t:|1697740356\n|move|p1a: Arceus|Gunk Shot|p2a: Donbozo\n|-damage|p2a: Donbozo|74\/100 slp\n|cant|p2a: Donbozo|slp\n|\n|-heal|p2a: Donbozo|80\/100 slp|[from] item: Leftovers\n|upkeep\n|turn|35\n|\n|t:|1697740362\n|move|p1a: Arceus|Will-O-Wisp||[still]\n|-fail|p1a: Arceus\n|-curestatus|p2a: Donbozo|slp|[msg]\n|move|p2a: Donbozo|Liquidation|p1a: Arceus\n|-damage|p1a: Arceus|62\/100\n|\n|-heal|p2a: Donbozo|86\/100|[from] item: Leftovers\n|-end|p2a: Donbozo|move: Taunt\n|upkeep\n|turn|36\n|\n|t:|1697740372\n|move|p1a: Arceus|Taunt|p2a: Donbozo\n|-start|p2a: Donbozo|move: Taunt\n|move|p2a: Donbozo|Liquidation|p1a: Arceus\n|-damage|p1a: Arceus|46\/100\n|\n|-heal|p2a: Donbozo|92\/100|[from] item: Leftovers\n|upkeep\n|turn|37\n|\n|t:|1697740376\n|move|p1a: Arceus|Recover|p1a: Arceus\n|-heal|p1a: Arceus|96\/100\n|move|p2a: Donbozo|Liquidation|p1a: Arceus\n|-damage|p1a: Arceus|79\/100\n|\n|-heal|p2a: Donbozo|98\/100|[from] item: Leftovers\n|upkeep\n|turn|38\n|\n|t:|1697740380\n|move|p1a: Arceus|Will-O-Wisp|p2a: Donbozo\n|-status|p2a: Donbozo|brn\n|move|p2a: Donbozo|Liquidation|p1a: Arceus\n|-damage|p1a: Arceus|71\/100\n|\n|-heal|p2a: Donbozo|100\/100 brn|[from] item: Leftovers\n|-damage|p2a: Donbozo|94\/100 brn|[from] brn\n|-end|p2a: Donbozo|move: Taunt\n|upkeep\n|turn|39\n|\n|t:|1697740386\n|switch|p2a: Gargasalt|Garganacl, M|100\/100\n|-damage|p2a: Gargasalt|84\/100|[from] Spikes\n|-damage|p2a: Gargasalt|71\/100|[from] Stealth Rock\n|move|p1a: Arceus|Taunt|p2a: Gargasalt\n|-start|p2a: Gargasalt|move: Taunt\n|\n|-heal|p2a: Gargasalt|78\/100|[from] item: Leftovers\n|upkeep\n|turn|40\n|\n|t:|1697740395\n|switch|p1a: Scream Tail|Scream Tail|52\/100 brn\n|move|p2a: Gargasalt|Salt Cure|p1a: Scream Tail\n|-damage|p1a: Scream Tail|43\/100 brn\n|-start|p1a: Scream Tail|Salt Cure\n|\n|-heal|p1a: Scream Tail|49\/100 brn|[from] item: Leftovers\n|-heal|p2a: Gargasalt|84\/100|[from] item: Leftovers\n|-damage|p1a: Scream Tail|43\/100 brn|[from] brn\n|-damage|p1a: Scream Tail|31\/100 brn|[from] Salt Cure\n|upkeep\n|turn|41\n|\n|t:|1697740401\n|move|p1a: Scream Tail|Wish|p1a: Scream Tail\n|move|p2a: Gargasalt|Salt Cure|p1a: Scream Tail\n|-damage|p1a: Scream Tail|22\/100 brn\n|\n|-heal|p1a: Scream Tail|28\/100 brn|[from] item: Leftovers\n|-heal|p2a: Gargasalt|90\/100|[from] item: Leftovers\n|-damage|p1a: Scream Tail|22\/100 brn|[from] brn\n|-damage|p1a: Scream Tail|10\/100 brn|[from] Salt Cure\n|-end|p2a: Gargasalt|move: Taunt\n|upkeep\n|turn|42\n|\n|t:|1697740412\n|move|p1a: Scream Tail|Protect|p1a: Scream Tail\n|-singleturn|p1a: Scream Tail|Protect\n|move|p2a: Gargasalt|Block|p1a: Scream Tail\n|-activate|p1a: Scream Tail|trapped\n|\n|-heal|p1a: Scream Tail|60\/100 brn|[from] move: Wish|[wisher] Scream Tail\n|-heal|p1a: Scream Tail|66\/100 brn|[from] item: Leftovers\n|-heal|p2a: Gargasalt|96\/100|[from] item: Leftovers\n|-damage|p1a: Scream Tail|60\/100 brn|[from] brn\n|-damage|p1a: Scream Tail|47\/100 brn|[from] Salt Cure\n|upkeep\n|turn|43\n|\n|t:|1697740421\n|move|p1a: Scream Tail|Wish|p1a: Scream Tail\n|move|p2a: Gargasalt|Stealth Rock|p1a: Scream Tail\n|-sidestart|p1: 1P1o1s1h1e1|move: Stealth Rock\n|\n|-heal|p1a: Scream Tail|53\/100 brn|[from] item: Leftovers\n|-heal|p2a: Gargasalt|100\/100|[from] item: Leftovers\n|-damage|p1a: Scream Tail|47\/100 brn|[from] brn\n|-damage|p1a: Scream Tail|35\/100 brn|[from] Salt Cure\n|upkeep\n|turn|44\n|\n|t:|1697740438\n|move|p1a: Scream Tail|Dazzling Gleam|p2a: Gargasalt\n|-damage|p2a: Gargasalt|87\/100\n|move|p2a: Gargasalt|Block||[still]\n|-fail|p2a: Gargasalt\n|\n|-heal|p1a: Scream Tail|85\/100 brn|[from] move: Wish|[wisher] Scream Tail\n|-heal|p1a: Scream Tail|91\/100 brn|[from] item: Leftovers\n|-heal|p2a: Gargasalt|93\/100|[from] item: Leftovers\n|-damage|p1a: Scream Tail|85\/100 brn|[from] brn\n|-damage|p1a: Scream Tail|72\/100 brn|[from] Salt Cure\n|upkeep\n|turn|45\n|c|\u26061P1o1s1h1e1|a good trap but at this point I can safely let this die\n|c|\u26061P1o1s1h1e1|sneasler is coming in to switcheroo no matter what\n|inactive|1P1o1s1h1e1 has 270 seconds left.\n|c|\u26061P1o1s1h1e1|none of your guys want a scarf\n|c|\u26061P1o1s1h1e1|and any of them getting one is going to blow the team open\n|\n|t:|1697740483\n|move|p1a: Scream Tail|Dazzling Gleam|p2a: Gargasalt\n|-damage|p2a: Gargasalt|78\/100\n|move|p2a: Gargasalt|Salt Cure|p1a: Scream Tail\n|-damage|p1a: Scream Tail|64\/100 brn\n|\n|-heal|p1a: Scream Tail|70\/100 brn|[from] item: Leftovers\n|-heal|p2a: Gargasalt|84\/100|[from] item: Leftovers\n|-damage|p1a: Scream Tail|64\/100 brn|[from] brn\n|-damage|p1a: Scream Tail|52\/100 brn|[from] Salt Cure\n|upkeep\n|turn|46\n|\n|t:|1697740488\n|move|p1a: Scream Tail|Wish|p1a: Scream Tail\n|move|p2a: Gargasalt|Salt Cure|p1a: Scream Tail\n|-damage|p1a: Scream Tail|43\/100 brn\n|\n|-heal|p1a: Scream Tail|49\/100 brn|[from] item: Leftovers\n|-heal|p2a: Gargasalt|91\/100|[from] item: Leftovers\n|-damage|p1a: Scream Tail|43\/100 brn|[from] brn\n|-damage|p1a: Scream Tail|31\/100 brn|[from] Salt Cure\n|upkeep\n|turn|47\n|\n|t:|1697740494\n|move|p1a: Scream Tail|Dazzling Gleam|p2a: Gargasalt\n|-damage|p2a: Gargasalt|78\/100\n|move|p2a: Gargasalt|Stealth Rock||[still]\n|-fail|p2a: Gargasalt\n|\n|-heal|p1a: Scream Tail|81\/100 brn|[from] move: Wish|[wisher] Scream Tail\n|-heal|p1a: Scream Tail|87\/100 brn|[from] item: Leftovers\n|-heal|p2a: Gargasalt|84\/100|[from] item: Leftovers\n|-damage|p1a: Scream Tail|81\/100 brn|[from] brn\n|-damage|p1a: Scream Tail|68\/100 brn|[from] Salt Cure\n|upkeep\n|turn|48\n|\n|t:|1697740498\n|move|p1a: Scream Tail|Wish|p1a: Scream Tail\n|move|p2a: Gargasalt|Salt Cure|p1a: Scream Tail\n|-damage|p1a: Scream Tail|59\/100 brn\n|\n|-heal|p1a: Scream Tail|65\/100 brn|[from] item: Leftovers\n|-heal|p2a: Gargasalt|90\/100|[from] item: Leftovers\n|-damage|p1a: Scream Tail|59\/100 brn|[from] brn\n|-damage|p1a: Scream Tail|47\/100 brn|[from] Salt Cure\n|upkeep\n|turn|49\n|\n|t:|1697740502\n|move|p1a: Scream Tail|Dazzling Gleam|p2a: Gargasalt\n|-damage|p2a: Gargasalt|76\/100\n|move|p2a: Gargasalt|Salt Cure|p1a: Scream Tail\n|-damage|p1a: Scream Tail|39\/100 brn\n|\n|-heal|p1a: Scream Tail|89\/100 brn|[from] move: Wish|[wisher] Scream Tail\n|-heal|p1a: Scream Tail|95\/100 brn|[from] item: Leftovers\n|-heal|p2a: Gargasalt|82\/100|[from] item: Leftovers\n|-damage|p1a: Scream Tail|89\/100 brn|[from] brn\n|-damage|p1a: Scream Tail|76\/100 brn|[from] Salt Cure\n|upkeep\n|turn|50\n|\n|t:|1697740505\n|move|p1a: Scream Tail|Wish|p1a: Scream Tail\n|move|p2a: Gargasalt|Salt Cure|p1a: Scream Tail\n|-damage|p1a: Scream Tail|67\/100 brn\n|\n|-heal|p1a: Scream Tail|73\/100 brn|[from] item: Leftovers\n|-heal|p2a: Gargasalt|88\/100|[from] item: Leftovers\n|-damage|p1a: Scream Tail|67\/100 brn|[from] brn\n|-damage|p1a: Scream Tail|55\/100 brn|[from] Salt Cure\n|upkeep\n|turn|51\n|\n|t:|1697740508\n|move|p1a: Scream Tail|Dazzling Gleam|p2a: Gargasalt\n|-damage|p2a: Gargasalt|75\/100\n|move|p2a: Gargasalt|Stealth Rock||[still]\n|-fail|p2a: Gargasalt\n|\n|-heal|p1a: Scream Tail|100\/100 brn|[from] move: Wish|[wisher] Scream Tail\n|-heal|p2a: Gargasalt|82\/100|[from] item: Leftovers\n|-damage|p1a: Scream Tail|94\/100 brn|[from] brn\n|-damage|p1a: Scream Tail|82\/100 brn|[from] Salt Cure\n|upkeep\n|turn|52\n|\n|t:|1697740521\n|move|p1a: Scream Tail|Protect|p1a: Scream Tail\n|-singleturn|p1a: Scream Tail|Protect\n|move|p2a: Gargasalt|Salt Cure|p1a: Scream Tail\n|-activate|p1a: Scream Tail|move: Protect\n|\n|-heal|p1a: Scream Tail|88\/100 brn|[from] item: Leftovers\n|-heal|p2a: Gargasalt|88\/100|[from] item: Leftovers\n|-damage|p1a: Scream Tail|82\/100 brn|[from] brn\n|-damage|p1a: Scream Tail|69\/100 brn|[from] Salt Cure\n|upkeep\n|turn|53\n|\n|t:|1697740525\n|move|p1a: Scream Tail|Dazzling Gleam|p2a: Gargasalt\n|-damage|p2a: Gargasalt|74\/100\n|move|p2a: Gargasalt|Salt Cure|p1a: Scream Tail\n|-damage|p1a: Scream Tail|61\/100 brn\n|\n|-heal|p1a: Scream Tail|67\/100 brn|[from] item: Leftovers\n|-heal|p2a: Gargasalt|81\/100|[from] item: Leftovers\n|-damage|p1a: Scream Tail|61\/100 brn|[from] brn\n|-damage|p1a: Scream Tail|48\/100 brn|[from] Salt Cure\n|upkeep\n|turn|54\n|\n|t:|1697740529\n|move|p1a: Scream Tail|Wish|p1a: Scream Tail\n|move|p2a: Gargasalt|Salt Cure|p1a: Scream Tail\n|-damage|p1a: Scream Tail|40\/100 brn\n|\n|-heal|p1a: Scream Tail|46\/100 brn|[from] item: Leftovers\n|-heal|p2a: Gargasalt|87\/100|[from] item: Leftovers\n|-damage|p1a: Scream Tail|40\/100 brn|[from] brn\n|-damage|p1a: Scream Tail|27\/100 brn|[from] Salt Cure\n|upkeep\n|turn|55\n|\n|t:|1697740535\n|move|p1a: Scream Tail|Dazzling Gleam|p2a: Gargasalt\n|-damage|p2a: Gargasalt|73\/100\n|move|p2a: Gargasalt|Salt Cure|p1a: Scream Tail\n|-damage|p1a: Scream Tail|19\/100 brn\n|\n|-heal|p1a: Scream Tail|69\/100 brn|[from] move: Wish|[wisher] Scream Tail\n|-heal|p1a: Scream Tail|75\/100 brn|[from] item: Leftovers\n|-heal|p2a: Gargasalt|79\/100|[from] item: Leftovers\n|-damage|p1a: Scream Tail|69\/100 brn|[from] brn\n|-damage|p1a: Scream Tail|57\/100 brn|[from] Salt Cure\n|upkeep\n|turn|56\n|\n|t:|1697740540\n|move|p1a: Scream Tail|Wish|p1a: Scream Tail\n|move|p2a: Gargasalt|Salt Cure|p1a: Scream Tail\n|-damage|p1a: Scream Tail|48\/100 brn\n|\n|-heal|p1a: Scream Tail|55\/100 brn|[from] item: Leftovers\n|-heal|p2a: Gargasalt|86\/100|[from] item: Leftovers\n|-damage|p1a: Scream Tail|48\/100 brn|[from] brn\n|-damage|p1a: Scream Tail|36\/100 brn|[from] Salt Cure\n|upkeep\n|turn|57\n|\n|t:|1697740545\n|move|p1a: Scream Tail|Protect|p1a: Scream Tail\n|-singleturn|p1a: Scream Tail|Protect\n|move|p2a: Gargasalt|Stealth Rock||[still]\n|-fail|p2a: Gargasalt\n|\n|-heal|p1a: Scream Tail|86\/100 brn|[from] move: Wish|[wisher] Scream Tail\n|-heal|p1a: Scream Tail|92\/100 brn|[from] item: Leftovers\n|-heal|p2a: Gargasalt|92\/100|[from] item: Leftovers\n|-damage|p1a: Scream Tail|86\/100 brn|[from] brn\n|-damage|p1a: Scream Tail|74\/100 brn|[from] Salt Cure\n|upkeep\n|turn|58\n|c|\u26061P1o1s1h1e1|I would stop curing if I were you\n|c|\u26061P1o1s1h1e1|and let me run out of wish PP\n|\n|t:|1697740562\n|move|p1a: Scream Tail|Dazzling Gleam|p2a: Gargasalt\n|-damage|p2a: Gargasalt|77\/100\n|move|p2a: Gargasalt|Stealth Rock||[still]\n|-fail|p2a: Gargasalt\n|\n|-heal|p1a: Scream Tail|80\/100 brn|[from] item: Leftovers\n|-heal|p2a: Gargasalt|83\/100|[from] item: Leftovers\n|-damage|p1a: Scream Tail|74\/100 brn|[from] brn\n|-damage|p1a: Scream Tail|61\/100 brn|[from] Salt Cure\n|upkeep\n|turn|59\n|\n|t:|1697740567\n|move|p1a: Scream Tail|Dazzling Gleam|p2a: Gargasalt\n|-damage|p2a: Gargasalt|68\/100\n|move|p2a: Gargasalt|Stealth Rock||[still]\n|-fail|p2a: Gargasalt\n|\n|-heal|p1a: Scream Tail|67\/100 brn|[from] item: Leftovers\n|-heal|p2a: Gargasalt|74\/100|[from] item: Leftovers\n|-damage|p1a: Scream Tail|61\/100 brn|[from] brn\n|-damage|p1a: Scream Tail|49\/100 brn|[from] Salt Cure\n|upkeep\n|turn|60\n|\n|t:|1697740569\n|move|p1a: Scream Tail|Wish|p1a: Scream Tail\n|move|p2a: Gargasalt|Stealth Rock||[still]\n|-fail|p2a: Gargasalt\n|\n|-heal|p1a: Scream Tail|55\/100 brn|[from] item: Leftovers\n|-heal|p2a: Gargasalt|80\/100|[from] item: Leftovers\n|-damage|p1a: Scream Tail|49\/100 brn|[from] brn\n|-damage|p1a: Scream Tail|36\/100 brn|[from] Salt Cure\n|upkeep\n|turn|61\n|\n|t:|1697740572\n|move|p1a: Scream Tail|Dazzling Gleam|p2a: Gargasalt\n|-damage|p2a: Gargasalt|67\/100\n|move|p2a: Gargasalt|Stealth Rock||[still]\n|-fail|p2a: Gargasalt\n|\n|-heal|p1a: Scream Tail|86\/100 brn|[from] move: Wish|[wisher] Scream Tail\n|-heal|p1a: Scream Tail|92\/100 brn|[from] item: Leftovers\n|-heal|p2a: Gargasalt|73\/100|[from] item: Leftovers\n|-damage|p1a: Scream Tail|86\/100 brn|[from] brn\n|-damage|p1a: Scream Tail|74\/100 brn|[from] Salt Cure\n|upkeep\n|turn|62\n|\n|t:|1697740575\n|move|p1a: Scream Tail|Dazzling Gleam|p2a: Gargasalt\n|-damage|p2a: Gargasalt|58\/100\n|move|p2a: Gargasalt|Stealth Rock||[still]\n|-fail|p2a: Gargasalt\n|\n|-heal|p1a: Scream Tail|80\/100 brn|[from] item: Leftovers\n|-heal|p2a: Gargasalt|65\/100|[from] item: Leftovers\n|-damage|p1a: Scream Tail|74\/100 brn|[from] brn\n|-damage|p1a: Scream Tail|61\/100 brn|[from] Salt Cure\n|upkeep\n|turn|63\n|\n|t:|1697740577\n|move|p1a: Scream Tail|Dazzling Gleam|p2a: Gargasalt\n|-damage|p2a: Gargasalt|51\/100\n|move|p2a: Gargasalt|Stealth Rock||[still]\n|-fail|p2a: Gargasalt\n|\n|-heal|p1a: Scream Tail|68\/100 brn|[from] item: Leftovers\n|-heal|p2a: Gargasalt|57\/100|[from] item: Leftovers\n|-damage|p1a: Scream Tail|61\/100 brn|[from] brn\n|-damage|p1a: Scream Tail|49\/100 brn|[from] Salt Cure\n|upkeep\n|turn|64\n|\n|t:|1697740579\n|move|p1a: Scream Tail|Wish|p1a: Scream Tail\n|move|p2a: Gargasalt|Stealth Rock||[still]\n|-fail|p2a: Gargasalt\n|\n|-heal|p1a: Scream Tail|55\/100 brn|[from] item: Leftovers\n|-heal|p2a: Gargasalt|64\/100|[from] item: Leftovers\n|-damage|p1a: Scream Tail|49\/100 brn|[from] brn\n|-damage|p1a: Scream Tail|36\/100 brn|[from] Salt Cure\n|upkeep\n|turn|65\n|\n|t:|1697740581\n|move|p1a: Scream Tail|Dazzling Gleam|p2a: Gargasalt\n|-damage|p2a: Gargasalt|51\/100\n|move|p2a: Gargasalt|Stealth Rock||[still]\n|-fail|p2a: Gargasalt\n|\n|-heal|p1a: Scream Tail|86\/100 brn|[from] move: Wish|[wisher] Scream Tail\n|-heal|p1a: Scream Tail|93\/100 brn|[from] item: Leftovers\n|-heal|p2a: Gargasalt|57\/100|[from] item: Leftovers\n|-damage|p1a: Scream Tail|86\/100 brn|[from] brn\n|-damage|p1a: Scream Tail|74\/100 brn|[from] Salt Cure\n|upkeep\n|turn|66\n|\n|t:|1697740583\n|move|p1a: Scream Tail|Dazzling Gleam|p2a: Gargasalt\n|-damage|p2a: Gargasalt|43\/100\n|move|p2a: Gargasalt|Stealth Rock||[still]\n|-fail|p2a: Gargasalt\n|\n|-heal|p1a: Scream Tail|80\/100 brn|[from] item: Leftovers\n|-heal|p2a: Gargasalt|49\/100|[from] item: Leftovers\n|-damage|p1a: Scream Tail|74\/100 brn|[from] brn\n|-damage|p1a: Scream Tail|62\/100 brn|[from] Salt Cure\n|upkeep\n|turn|67\n|\n|t:|1697740585\n|move|p1a: Scream Tail|Dazzling Gleam|p2a: Gargasalt\n|-crit|p2a: Gargasalt\n|-damage|p2a: Gargasalt|29\/100\n|move|p2a: Gargasalt|Stealth Rock||[still]\n|-fail|p2a: Gargasalt\n|\n|-heal|p1a: Scream Tail|68\/100 brn|[from] item: Leftovers\n|-heal|p2a: Gargasalt|35\/100|[from] item: Leftovers\n|-damage|p1a: Scream Tail|62\/100 brn|[from] brn\n|-damage|p1a: Scream Tail|49\/100 brn|[from] Salt Cure\n|upkeep\n|turn|68\n|\n|t:|1697740587\n|move|p1a: Scream Tail|Wish|p1a: Scream Tail\n|move|p2a: Gargasalt|Recover|p2a: Gargasalt\n|-heal|p2a: Gargasalt|85\/100\n|\n|-heal|p1a: Scream Tail|55\/100 brn|[from] item: Leftovers\n|-heal|p2a: Gargasalt|91\/100|[from] item: Leftovers\n|-damage|p1a: Scream Tail|49\/100 brn|[from] brn\n|-damage|p1a: Scream Tail|37\/100 brn|[from] Salt Cure\n|upkeep\n|turn|69\n|\n|t:|1697740590\n|move|p1a: Scream Tail|Dazzling Gleam|p2a: Gargasalt\n|-damage|p2a: Gargasalt|79\/100\n|move|p2a: Gargasalt|Stealth Rock||[still]\n|-fail|p2a: Gargasalt\n|\n|-heal|p1a: Scream Tail|87\/100 brn|[from] move: Wish|[wisher] Scream Tail\n|-heal|p1a: Scream Tail|93\/100 brn|[from] item: Leftovers\n|-heal|p2a: Gargasalt|85\/100|[from] item: Leftovers\n|-damage|p1a: Scream Tail|87\/100 brn|[from] brn\n|-damage|p1a: Scream Tail|74\/100 brn|[from] Salt Cure\n|upkeep\n|turn|70\n|\n|t:|1697740593\n|move|p1a: Scream Tail|Stealth Rock||[still]\n|-fail|p1a: Scream Tail\n|move|p2a: Gargasalt|Stealth Rock||[still]\n|-fail|p2a: Gargasalt\n|\n|-heal|p1a: Scream Tail|80\/100 brn|[from] item: Leftovers\n|-heal|p2a: Gargasalt|91\/100|[from] item: Leftovers\n|-damage|p1a: Scream Tail|74\/100 brn|[from] brn\n|-damage|p1a: Scream Tail|62\/100 brn|[from] Salt Cure\n|upkeep\n|turn|71\n|\n|t:|1697740598\n|move|p1a: Scream Tail|Wish|p1a: Scream Tail\n|move|p2a: Gargasalt|Stealth Rock||[still]\n|-fail|p2a: Gargasalt\n|\n|-heal|p1a: Scream Tail|68\/100 brn|[from] item: Leftovers\n|-heal|p2a: Gargasalt|97\/100|[from] item: Leftovers\n|-damage|p1a: Scream Tail|62\/100 brn|[from] brn\n|-damage|p1a: Scream Tail|49\/100 brn|[from] Salt Cure\n|upkeep\n|turn|72\n|\n|t:|1697740601\n|move|p1a: Scream Tail|Protect|p1a: Scream Tail\n|-singleturn|p1a: Scream Tail|Protect\n|move|p2a: Gargasalt|Block||[still]\n|-fail|p2a: Gargasalt\n|\n|-heal|p1a: Scream Tail|99\/100 brn|[from] move: Wish|[wisher] Scream Tail\n|-heal|p1a: Scream Tail|100\/100 brn|[from] item: Leftovers\n|-heal|p2a: Gargasalt|100\/100|[from] item: Leftovers\n|-damage|p1a: Scream Tail|94\/100 brn|[from] brn\n|-damage|p1a: Scream Tail|82\/100 brn|[from] Salt Cure\n|upkeep\n|turn|73\n|\n|t:|1697740604\n|move|p1a: Scream Tail|Stealth Rock||[still]\n|-fail|p1a: Scream Tail\n|move|p2a: Gargasalt|Stealth Rock||[still]\n|-fail|p2a: Gargasalt\n|\n|-heal|p1a: Scream Tail|88\/100 brn|[from] item: Leftovers\n|-damage|p1a: Scream Tail|82\/100 brn|[from] brn\n|-damage|p1a: Scream Tail|69\/100 brn|[from] Salt Cure\n|upkeep\n|turn|74\n|\n|t:|1697740608\n|move|p1a: Scream Tail|Wish|p1a: Scream Tail\n|move|p2a: Gargasalt|Stealth Rock||[still]\n|-fail|p2a: Gargasalt\n|\n|-heal|p1a: Scream Tail|76\/100 brn|[from] item: Leftovers\n|-damage|p1a: Scream Tail|69\/100 brn|[from] brn\n|-damage|p1a: Scream Tail|57\/100 brn|[from] Salt Cure\n|upkeep\n|turn|75\n|\n|t:|1697740612\n|move|p1a: Scream Tail|Protect|p1a: Scream Tail\n|-singleturn|p1a: Scream Tail|Protect\n|move|p2a: Gargasalt|Stealth Rock||[still]\n|-fail|p2a: Gargasalt\n|\n|-heal|p1a: Scream Tail|100\/100 brn|[from] move: Wish|[wisher] Scream Tail\n|-damage|p1a: Scream Tail|94\/100 brn|[from] brn\n|-damage|p1a: Scream Tail|82\/100 brn|[from] Salt Cure\n|upkeep\n|turn|76\n|c|\u26061P1o1s1h1e1|pp stalling a garg is actually hilarious though\n|\n|t:|1697740626\n|move|p1a: Scream Tail|Wish|p1a: Scream Tail\n|move|p2a: Gargasalt|Stealth Rock||[still]\n|-fail|p2a: Gargasalt\n|\n|-heal|p1a: Scream Tail|88\/100 brn|[from] item: Leftovers\n|-damage|p1a: Scream Tail|82\/100 brn|[from] brn\n|-damage|p1a: Scream Tail|69\/100 brn|[from] Salt Cure\n|upkeep\n|turn|77\n|\n|t:|1697740631\n|move|p1a: Scream Tail|Protect|p1a: Scream Tail\n|-singleturn|p1a: Scream Tail|Protect\n|move|p2a: Gargasalt|Stealth Rock||[still]\n|-fail|p2a: Gargasalt\n|\n|-heal|p1a: Scream Tail|100\/100 brn|[from] move: Wish|[wisher] Scream Tail\n|-damage|p1a: Scream Tail|94\/100 brn|[from] brn\n|-damage|p1a: Scream Tail|82\/100 brn|[from] Salt Cure\n|upkeep\n|turn|78\n|c|\u26061P1o1s1h1e1|I think this shouldn't be your rocker actually\n|c|\u26061P1o1s1h1e1|maybe this should be curse\n|inactive|1P1o1s1h1e1 has 270 seconds left.\n|c|\u26061P1o1s1h1e1|block curse cure recover\n|c|\u2606GratedsShtickface|then who or what should I use as a rocker\n|c|\u26061P1o1s1h1e1|i don't know if I support shaymin on stall\n|\n|t:|1697740680\n|move|p1a: Scream Tail|Protect|p1a: Scream Tail\n|-singleturn|p1a: Scream Tail|Protect\n|move|p2a: Gargasalt|Stealth Rock||[still]\n|-fail|p2a: Gargasalt\n|\n|-heal|p1a: Scream Tail|88\/100 brn|[from] item: Leftovers\n|-damage|p1a: Scream Tail|82\/100 brn|[from] brn\n|-damage|p1a: Scream Tail|69\/100 brn|[from] Salt Cure\n|upkeep\n|turn|79\n|\n|t:|1697740685\n|move|p1a: Scream Tail|Stealth Rock||[still]\n|-fail|p1a: Scream Tail\n|move|p2a: Gargasalt|Stealth Rock||[still]\n|-fail|p2a: Gargasalt\n|\n|-heal|p1a: Scream Tail|76\/100 brn|[from] item: Leftovers\n|-damage|p1a: Scream Tail|69\/100 brn|[from] brn\n|-damage|p1a: Scream Tail|57\/100 brn|[from] Salt Cure\n|upkeep\n|turn|80\n|\n|t:|1697740692\n|move|p1a: Scream Tail|Stealth Rock||[still]\n|-fail|p1a: Scream Tail\n|move|p2a: Gargasalt|Block||[still]\n|-fail|p2a: Gargasalt\n|\n|-heal|p1a: Scream Tail|63\/100 brn|[from] item: Leftovers\n|-damage|p1a: Scream Tail|57\/100 brn|[from] brn\n|-damage|p1a: Scream Tail|45\/100 brn|[from] Salt Cure\n|upkeep\n|turn|81\n|\n|t:|1697740698\n|move|p1a: Scream Tail|Stealth Rock||[still]\n|-fail|p1a: Scream Tail\n|move|p2a: Gargasalt|Stealth Rock||[still]\n|-fail|p2a: Gargasalt\n|\n|-heal|p1a: Scream Tail|51\/100 brn|[from] item: Leftovers\n|-damage|p1a: Scream Tail|45\/100 brn|[from] brn\n|-damage|p1a: Scream Tail|32\/100 brn|[from] Salt Cure\n|upkeep\n|turn|82\n|\n|t:|1697740702\n|move|p1a: Scream Tail|Wish|p1a: Scream Tail\n|move|p2a: Gargasalt|Salt Cure|p1a: Scream Tail\n|-damage|p1a: Scream Tail|24\/100 brn\n|\n|-heal|p1a: Scream Tail|30\/100 brn|[from] item: Leftovers\n|-damage|p1a: Scream Tail|24\/100 brn|[from] brn\n|-damage|p1a: Scream Tail|12\/100 brn|[from] Salt Cure\n|upkeep\n|turn|83\n|\n|t:|1697740711\n|move|p1a: Scream Tail|Protect|p1a: Scream Tail\n|-singleturn|p1a: Scream Tail|Protect\n|move|p2a: Gargasalt|Block||[still]\n|-fail|p2a: Gargasalt\n|\n|-heal|p1a: Scream Tail|62\/100 brn|[from] move: Wish|[wisher] Scream Tail\n|-heal|p1a: Scream Tail|68\/100 brn|[from] item: Leftovers\n|-damage|p1a: Scream Tail|62\/100 brn|[from] brn\n|-damage|p1a: Scream Tail|49\/100 brn|[from] Salt Cure\n|upkeep\n|turn|84\n|\n|t:|1697740721\n|move|p1a: Scream Tail|Stealth Rock||[still]\n|-fail|p1a: Scream Tail\n|move|p2a: Gargasalt|Stealth Rock||[still]\n|-fail|p2a: Gargasalt\n|\n|-heal|p1a: Scream Tail|56\/100 brn|[from] item: Leftovers\n|-damage|p1a: Scream Tail|49\/100 brn|[from] brn\n|-damage|p1a: Scream Tail|37\/100 brn|[from] Salt Cure\n|upkeep\n|turn|85\n|\n|t:|1697740729\n|move|p1a: Scream Tail|Stealth Rock||[still]\n|-fail|p1a: Scream Tail\n|move|p2a: Gargasalt|Salt Cure|p1a: Scream Tail\n|-damage|p1a: Scream Tail|29\/100 brn\n|\n|-heal|p1a: Scream Tail|35\/100 brn|[from] item: Leftovers\n|-damage|p1a: Scream Tail|29\/100 brn|[from] brn\n|-damage|p1a: Scream Tail|17\/100 brn|[from] Salt Cure\n|upkeep\n|turn|86\n|\n|t:|1697740735\n|move|p1a: Scream Tail|Protect|p1a: Scream Tail\n|-singleturn|p1a: Scream Tail|Protect\n|move|p2a: Gargasalt|Salt Cure|p1a: Scream Tail\n|-activate|p1a: Scream Tail|move: Protect\n|\n|-heal|p1a: Scream Tail|23\/100 brn|[from] item: Leftovers\n|-damage|p1a: Scream Tail|17\/100 brn|[from] brn\n|-damage|p1a: Scream Tail|4\/100 brn|[from] Salt Cure\n|upkeep\n|turn|87\n|c|\u26061P1o1s1h1e1|this is important sequencing by me here\n|c|\u26061P1o1s1h1e1|getting myself just low enough to die while getting the wish off\n|\n|t:|1697740757\n|move|p1a: Scream Tail|Wish|p1a: Scream Tail\n|move|p2a: Gargasalt|Stealth Rock||[still]\n|-fail|p2a: Gargasalt\n|\n|-heal|p1a: Scream Tail|10\/100 brn|[from] item: Leftovers\n|-damage|p1a: Scream Tail|4\/100 brn|[from] brn\n|-damage|p1a: Scream Tail|0 fnt|[from] Salt Cure\n|faint|p1a: Scream Tail\n|-end|p1a: Scream Tail|Protosynthesis|[silent]\n|upkeep\n|\n|t:|1697740762\n|switch|p1a: Wo-Chien|Wo-Chien|40\/100\n|-damage|p1a: Wo-Chien|28\/100|[from] Stealth Rock\n|-ability|p1a: Wo-Chien|Tablets of Ruin\n|turn|88\n|\n|t:|1697740767\n|move|p1a: Wo-Chien|Protect|p1a: Wo-Chien\n|-singleturn|p1a: Wo-Chien|Protect\n|move|p2a: Gargasalt|Salt Cure|p1a: Wo-Chien\n|-activate|p1a: Wo-Chien|move: Protect\n|\n|-heal|p1a: Wo-Chien|86\/100|[from] move: Wish|[wisher] Scream Tail\n|-heal|p1a: Wo-Chien|92\/100|[from] item: Leftovers\n|upkeep\n|turn|89\n|\n|t:|1697740773\n|switch|p1a: Sneasler|Sneasler, M|100\/100\n|-damage|p1a: Sneasler|95\/100|[from] Stealth Rock\n|move|p2a: Gargasalt|Salt Cure|p1a: Sneasler\n|-resisted|p1a: Sneasler\n|-damage|p1a: Sneasler|83\/100\n|-start|p1a: Sneasler|Salt Cure\n|\n|-damage|p1a: Sneasler|71\/100|[from] Salt Cure\n|upkeep\n|turn|90\n|\n|t:|1697740780\n|move|p1a: Sneasler|Switcheroo|p2a: Gargasalt\n|-activate|p1a: Sneasler|move: Trick|[of] p2a: Gargasalt\n|-item|p2a: Gargasalt|Choice Scarf|[from] move: Switcheroo\n|-item|p1a: Sneasler|Leftovers|[from] move: Switcheroo\n|move|p2a: Gargasalt|Salt Cure|p1a: Sneasler\n|-resisted|p1a: Sneasler\n|-damage|p1a: Sneasler|58\/100\n|\n|-heal|p1a: Sneasler|64\/100|[from] item: Leftovers\n|-damage|p1a: Sneasler|51\/100|[from] Salt Cure\n|upkeep\n|turn|91\n|\n|t:|1697740787\n|move|p1a: Sneasler|U-turn|p2a: Gargasalt\n|-damage|p2a: Gargasalt|85\/100\n|\n|t:|1697740794\n|switch|p1a: Ursaluna|Ursaluna-Bloodmoon, M|94\/100 brn|[from] U-turn\n|-damage|p1a: Ursaluna|88\/100 brn|[from] Stealth Rock\n|move|p2a: Gargasalt|Salt Cure|p1a: Ursaluna\n|-resisted|p1a: Ursaluna\n|-damage|p1a: Ursaluna|84\/100 brn\n|-start|p1a: Ursaluna|Salt Cure\n|\n|-heal|p1a: Ursaluna|90\/100 brn|[from] item: Leftovers\n|-damage|p1a: Ursaluna|84\/100 brn|[from] brn\n|-damage|p1a: Ursaluna|71\/100 brn|[from] Salt Cure\n|upkeep\n|turn|92\n|\n|t:|1697740799\n|move|p2a: Gargasalt|Salt Cure|p1a: Ursaluna\n|-resisted|p1a: Ursaluna\n|-damage|p1a: Ursaluna|66\/100 brn\n|move|p1a: Ursaluna|Calm Mind|p1a: Ursaluna\n|-boost|p1a: Ursaluna|spa|1\n|-boost|p1a: Ursaluna|spd|1\n|\n|-heal|p1a: Ursaluna|72\/100 brn|[from] item: Leftovers\n|-damage|p1a: Ursaluna|66\/100 brn|[from] brn\n|-damage|p1a: Ursaluna|54\/100 brn|[from] Salt Cure\n|upkeep\n|turn|93\n|\n|t:|1697740806\n|move|p2a: Gargasalt|Salt Cure|p1a: Ursaluna\n|-resisted|p1a: Ursaluna\n|-damage|p1a: Ursaluna|49\/100 brn\n|move|p1a: Ursaluna|Calm Mind|p1a: Ursaluna\n|-boost|p1a: Ursaluna|spa|1\n|-boost|p1a: Ursaluna|spd|1\n|\n|-heal|p1a: Ursaluna|55\/100 brn|[from] item: Leftovers\n|-damage|p1a: Ursaluna|49\/100 brn|[from] brn\n|-damage|p1a: Ursaluna|37\/100 brn|[from] Salt Cure\n|upkeep\n|turn|94\n|\n|t:|1697740810\n|move|p2a: Gargasalt|Salt Cure|p1a: Ursaluna\n|-resisted|p1a: Ursaluna\n|-crit|p1a: Ursaluna\n|-damage|p1a: Ursaluna|28\/100 brn\n|move|p1a: Ursaluna|Moonlight|p1a: Ursaluna\n|-heal|p1a: Ursaluna|78\/100 brn\n|\n|-heal|p1a: Ursaluna|84\/100 brn|[from] item: Leftovers\n|-damage|p1a: Ursaluna|78\/100 brn|[from] brn\n|-damage|p1a: Ursaluna|66\/100 brn|[from] Salt Cure\n|upkeep\n|turn|95\n|\n|t:|1697740817\n|move|p2a: Gargasalt|Salt Cure|p1a: Ursaluna\n|-resisted|p1a: Ursaluna\n|-damage|p1a: Ursaluna|61\/100 brn\n|move|p1a: Ursaluna|Calm Mind|p1a: Ursaluna\n|-boost|p1a: Ursaluna|spa|1\n|-boost|p1a: Ursaluna|spd|1\n|\n|-heal|p1a: Ursaluna|67\/100 brn|[from] item: Leftovers\n|-damage|p1a: Ursaluna|61\/100 brn|[from] brn\n|-damage|p1a: Ursaluna|49\/100 brn|[from] Salt Cure\n|upkeep\n|turn|96\n|\n|t:|1697740819\n|-activate|p2a: Gargasalt|move: Struggle\n|move|p2a: Gargasalt|Struggle|p1a: Ursaluna\n|-damage|p1a: Ursaluna|41\/100 brn\n|-damage|p2a: Gargasalt|60\/100|[from] recoil\n|move|p1a: Ursaluna|Moonlight|p1a: Ursaluna\n|-heal|p1a: Ursaluna|91\/100 brn\n|\n|-heal|p1a: Ursaluna|97\/100 brn|[from] item: Leftovers\n|-damage|p1a: Ursaluna|91\/100 brn|[from] brn\n|-damage|p1a: Ursaluna|79\/100 brn|[from] Salt Cure\n|upkeep\n|turn|97\n|\n|t:|1697740823\n|-activate|p2a: Gargasalt|move: Struggle\n|move|p2a: Gargasalt|Struggle|p1a: Ursaluna\n|-damage|p1a: Ursaluna|71\/100 brn\n|-damage|p2a: Gargasalt|34\/100|[from] recoil\n|move|p1a: Ursaluna|Calm Mind|p1a: Ursaluna\n|-boost|p1a: Ursaluna|spa|1\n|-boost|p1a: Ursaluna|spd|1\n|\n|-heal|p1a: Ursaluna|77\/100 brn|[from] item: Leftovers\n|-damage|p1a: Ursaluna|71\/100 brn|[from] brn\n|-damage|p1a: Ursaluna|59\/100 brn|[from] Salt Cure\n|upkeep\n|turn|98\n|\n|t:|1697740829\n|-activate|p2a: Gargasalt|move: Struggle\n|move|p2a: Gargasalt|Struggle|p1a: Ursaluna\n|-damage|p1a: Ursaluna|51\/100 brn\n|-damage|p2a: Gargasalt|9\/100|[from] recoil\n|move|p1a: Ursaluna|Calm Mind|p1a: Ursaluna\n|-boost|p1a: Ursaluna|spa|1\n|-boost|p1a: Ursaluna|spd|1\n|\n|-heal|p1a: Ursaluna|57\/100 brn|[from] item: Leftovers\n|-damage|p1a: Ursaluna|51\/100 brn|[from] brn\n|-damage|p1a: Ursaluna|38\/100 brn|[from] Salt Cure\n|upkeep\n|turn|99\n|\n|t:|1697740832\n|-activate|p2a: Gargasalt|move: Struggle\n|move|p2a: Gargasalt|Struggle|p1a: Ursaluna\n|-damage|p1a: Ursaluna|31\/100 brn\n|-damage|p2a: Gargasalt|0 fnt|[from] recoil\n|faint|p2a: Gargasalt\n|move|p1a: Ursaluna|Moonlight|p1a: Ursaluna\n|-heal|p1a: Ursaluna|81\/100 brn\n|\n|-heal|p1a: Ursaluna|87\/100 brn|[from] item: Leftovers\n|-damage|p1a: Ursaluna|81\/100 brn|[from] brn\n|-damage|p1a: Ursaluna|68\/100 brn|[from] Salt Cure\n|upkeep\n|\n|t:|1697740839\n|switch|p2a: Donbozo|Dondozo, F|94\/100 brn\n|-damage|p2a: Donbozo|78\/100 brn|[from] Spikes\n|-damage|p2a: Donbozo|65\/100 brn|[from] Stealth Rock\n|turn|100\n|\n|t:|1697740846\n|-terastallize|p1a: Ursaluna|Water\n|move|p1a: Ursaluna|Hyper Voice|p2a: Donbozo\n|-crit|p2a: Donbozo\n|-damage|p2a: Donbozo|5\/100 brn\n|move|p2a: Donbozo|Rest|p2a: Donbozo\n|-status|p2a: Donbozo|slp|[from] move: Rest\n|-heal|p2a: Donbozo|100\/100 slp|[silent]\n|\n|-heal|p1a: Ursaluna|74\/100 brn|[from] item: Leftovers\n|-damage|p1a: Ursaluna|68\/100 brn|[from] brn\n|-damage|p1a: Ursaluna|44\/100 brn|[from] Salt Cure\n|upkeep\n|turn|101\n|\n|t:|1697740853\n|cant|p2a: Donbozo|slp\n|move|p2a: Donbozo|Sleep Talk|p2a: Donbozo\n|move|p2a: Donbozo|Liquidation|p1a: Ursaluna|[from]move: Sleep Talk\n|-resisted|p1a: Ursaluna\n|-damage|p1a: Ursaluna|34\/100 brn\n|move|p1a: Ursaluna|Roar|p2a: Donbozo\n|drag|p2a: Chicken for KFC|Moltres|51\/100 par\n|-damage|p2a: Chicken for KFC|1\/100 par|[from] Stealth Rock\n|\n|-heal|p1a: Ursaluna|40\/100 brn|[from] item: Leftovers\n|-damage|p1a: Ursaluna|34\/100 brn|[from] brn\n|-damage|p1a: Ursaluna|10\/100 brn|[from] Salt Cure\n|upkeep\n|turn|102\n|\n|t:|1697740867\n|move|p1a: Ursaluna|Moonlight|p1a: Ursaluna\n|-heal|p1a: Ursaluna|60\/100 brn\n|cant|p2a: Chicken for KFC|par\n|\n|-heal|p1a: Ursaluna|66\/100 brn|[from] item: Leftovers\n|-damage|p1a: Ursaluna|60\/100 brn|[from] brn\n|-damage|p1a: Ursaluna|35\/100 brn|[from] Salt Cure\n|upkeep\n|turn|103\n|\n|t:|1697740875\n|move|p1a: Ursaluna|Hyper Voice|p2a: Chicken for KFC\n|-damage|p2a: Chicken for KFC|0 fnt\n|faint|p2a: Chicken for KFC\n|\n|-heal|p1a: Ursaluna|41\/100 brn|[from] item: Leftovers\n|-damage|p1a: Ursaluna|35\/100 brn|[from] brn\n|-damage|p1a: Ursaluna|10\/100 brn|[from] Salt Cure\n|upkeep\n|\n|t:|1697740884\n|switch|p2a: Ivanovna Robotnik|Blissey, F|100\/100\n|turn|104\n|\n|t:|1697740889\n|move|p2a: Ivanovna Robotnik|Seismic Toss|p1a: Ursaluna\n|-damage|p1a: Ursaluna|0 fnt\n|faint|p1a: Ursaluna\n|\n|upkeep\n|\n|t:|1697740892\n|switch|p1a: Sneasler|Sneasler, M|51\/100\n|-damage|p1a: Sneasler|45\/100|[from] Stealth Rock\n|turn|105\n|\n|t:|1697740900\n|move|p1a: Sneasler|U-turn|p2a: Ivanovna Robotnik\n|-damage|p2a: Ivanovna Robotnik|79\/100\n|\n|t:|1697740903\n|switch|p1a: Arceus|Arceus-Poison|71\/100|[from] U-turn\n|-damage|p1a: Arceus|59\/100|[from] Stealth Rock\n|move|p2a: Ivanovna Robotnik|Charm|p1a: Arceus\n|-unboost|p1a: Arceus|atk|2\n|\n|upkeep\n|turn|106\n|\n|t:|1697740910\n|move|p1a: Arceus|Taunt|p2a: Ivanovna Robotnik\n|-start|p2a: Ivanovna Robotnik|move: Taunt\n|cant|p2a: Ivanovna Robotnik|move: Taunt|Thunder Wave\n|\n|upkeep\n|turn|107\n|\n|t:|1697740914\n|move|p1a: Arceus|Gunk Shot|p2a: Ivanovna Robotnik\n|-damage|p2a: Ivanovna Robotnik|50\/100\n|move|p2a: Ivanovna Robotnik|Seismic Toss|p1a: Arceus\n|-damage|p1a: Arceus|36\/100\n|\n|upkeep\n|turn|108\n|\n|t:|1697740921\n|move|p1a: Arceus|Recover|p1a: Arceus\n|-heal|p1a: Arceus|86\/100\n|move|p2a: Ivanovna Robotnik|Seismic Toss|p1a: Arceus\n|-damage|p1a: Arceus|64\/100\n|\n|-end|p2a: Ivanovna Robotnik|move: Taunt\n|upkeep\n|turn|109\n|\n|t:|1697740928\n|move|p1a: Arceus|Taunt|p2a: Ivanovna Robotnik\n|-start|p2a: Ivanovna Robotnik|move: Taunt\n|move|p2a: Ivanovna Robotnik|Seismic Toss|p1a: Arceus\n|-damage|p1a: Arceus|41\/100\n|\n|upkeep\n|turn|110\n|\n|t:|1697740931\n|switch|p1a: Wo-Chien|Wo-Chien|92\/100\n|-damage|p1a: Wo-Chien|80\/100|[from] Stealth Rock\n|-ability|p1a: Wo-Chien|Tablets of Ruin\n|move|p2a: Ivanovna Robotnik|Seismic Toss|p1a: Wo-Chien\n|-damage|p1a: Wo-Chien|53\/100\n|\n|-heal|p1a: Wo-Chien|59\/100|[from] item: Leftovers\n|upkeep\n|turn|111\n|\n|t:|1697740936\n|move|p1a: Wo-Chien|Leech Seed|p2a: Ivanovna Robotnik\n|-start|p2a: Ivanovna Robotnik|move: Leech Seed\n|move|p2a: Ivanovna Robotnik|Seismic Toss|p1a: Wo-Chien\n|-damage|p1a: Wo-Chien|32\/100\n|\n|-heal|p1a: Wo-Chien|38\/100|[from] item: Leftovers\n|-damage|p2a: Ivanovna Robotnik|37\/100|[from] Leech Seed|[of] p1a: Wo-Chien\n|-heal|p1a: Wo-Chien|60\/100|[silent]\n|-end|p2a: Ivanovna Robotnik|move: Taunt\n|upkeep\n|turn|112\n|\n|t:|1697740943\n|move|p1a: Wo-Chien|Substitute|p1a: Wo-Chien\n|-start|p1a: Wo-Chien|Substitute\n|-damage|p1a: Wo-Chien|35\/100\n|move|p2a: Ivanovna Robotnik|Seismic Toss|p1a: Wo-Chien\n|-end|p1a: Wo-Chien|Substitute\n|\n|-heal|p1a: Wo-Chien|41\/100|[from] item: Leftovers\n|-damage|p2a: Ivanovna Robotnik|25\/100|[from] Leech Seed|[of] p1a: Wo-Chien\n|-heal|p1a: Wo-Chien|63\/100|[silent]\n|upkeep\n|turn|113\n|\n|t:|1697740948\n|switch|p2a: Donbozo|Dondozo, F|100\/100 slp\n|-damage|p2a: Donbozo|84\/100 slp|[from] Spikes\n|-damage|p2a: Donbozo|71\/100 slp|[from] Stealth Rock\n|move|p1a: Wo-Chien|Knock Off|p2a: Donbozo\n|-damage|p2a: Donbozo|59\/100 slp\n|-enditem|p2a: Donbozo|Leftovers|[from] move: Knock Off|[of] p1a: Wo-Chien\n|\n|-heal|p1a: Wo-Chien|69\/100|[from] item: Leftovers\n|upkeep\n|turn|114\n|\n|t:|1697740952\n|move|p1a: Wo-Chien|Leech Seed|p2a: Donbozo\n|-start|p2a: Donbozo|move: Leech Seed\n|cant|p2a: Donbozo|slp\n|\n|-heal|p1a: Wo-Chien|75\/100|[from] item: Leftovers\n|-damage|p2a: Donbozo|46\/100 slp|[from] Leech Seed|[of] p1a: Wo-Chien\n|-heal|p1a: Wo-Chien|92\/100|[silent]\n|upkeep\n|turn|115\n|\n|t:|1697740958\n|move|p1a: Wo-Chien|Substitute|p1a: Wo-Chien\n|-start|p1a: Wo-Chien|Substitute\n|-damage|p1a: Wo-Chien|67\/100\n|-curestatus|p2a: Donbozo|slp|[msg]\n|move|p2a: Donbozo|Sleep Talk||[still]\n|-fail|p2a: Donbozo\n|\n|-heal|p1a: Wo-Chien|73\/100|[from] item: Leftovers\n|-damage|p2a: Donbozo|34\/100|[from] Leech Seed|[of] p1a: Wo-Chien\n|-heal|p1a: Wo-Chien|90\/100|[silent]\n|upkeep\n|turn|116\n|c|\u2606GratedsShtickface|I think it's joever for my team\n|c|\u26061P1o1s1h1e1|yeah\n|c|\u2606GratedsShtickface|glad I got a few KOs here\n|-message|GratedsShtickface forfeited.\n|\n|win|1P1o1s1h1e1\n|c|\u26061P1o1s1h1e1|now I know this squad is super anti stall\n|l|\u2606GratedsShtickface\n|c|\u26061P1o1s1h1e1|without a single boots user or removal lmao\n","uploadtime":1697740982,"views":13,"p1id":"1p1o1s1h1e1","p2id":"gratedsshtickface","formatid":"gen9ubers","rating":0,"private":0,"password":""}