{"id":"gen9ubers-1983035322","p1":"Dydiar","p2":"sanner889","format":"[Gen 9] Ubers","log":"|j|\u2606Dydiar\n|j|\u2606sanner889\n|t:|1699073191\n|gametype|singles\n|player|p1|Dydiar|pokekid|1000\n|player|p2|sanner889|101|1000\n|teamsize|p1|6\n|teamsize|p2|6\n|gen|9\n|tier|[Gen 9] Ubers\n|rated|\n|rule|Sleep Clause Mod: Limit one foe put to sleep\n|rule|Species Clause: Limit one of each Pok\u00e9mon\n|rule|OHKO Clause: OHKO moves are banned\n|rule|Evasion Items Clause: Evasion items are banned\n|rule|Evasion Moves Clause: Evasion moves are banned\n|rule|Endless Battle Clause: Forcing endless battles is banned\n|rule|HP Percentage Mod: HP is shown in percentages\n|clearpoke\n|poke|p1|Articuno|\n|poke|p1|Corviknight, M|\n|poke|p1|Noivern, M|\n|poke|p1|Sandslash, M|\n|poke|p1|Dialga|\n|poke|p1|Zoroark-Hisui, F|\n|poke|p2|Tyranitar, M|\n|poke|p2|Toxapex, F|\n|poke|p2|Lucario, F|\n|poke|p2|Charizard, M|\n|poke|p2|Amoonguss, F|\n|poke|p2|Baxcalibur, F|\n|teampreview\n|\n|t:|1699073205\n|start\n|switch|p1a: Noivern|Noivern, M|100\/100\n|switch|p2a: Tyranitar|Tyranitar, M|100\/100\n|-weather|Sandstorm|[from] ability: Sand Stream|[of] p2a: Tyranitar\n|turn|1\n|\n|t:|1699073234\n|switch|p1a: Dialga|Dialga|100\/100\n|-ability|p1a: Dialga|Pressure\n|move|p2a: Tyranitar|Stone Edge|p1a: Dialga\n|-resisted|p1a: Dialga\n|-damage|p1a: Dialga|83\/100\n|\n|-weather|Sandstorm|[upkeep]\n|-heal|p1a: Dialga|89\/100|[from] item: Leftovers\n|upkeep\n|turn|2\n|\n|t:|1699073252\n|switch|p2a: Baxcalibur|Baxcalibur, F|100\/100\n|move|p1a: Dialga|Focus Blast|p2a: Baxcalibur\n|-supereffective|p2a: Baxcalibur\n|-damage|p2a: Baxcalibur|0 fnt\n|faint|p2a: Baxcalibur\n|\n|-weather|Sandstorm|[upkeep]\n|-heal|p1a: Dialga|95\/100|[from] item: Leftovers\n|upkeep\n|\n|t:|1699073265\n|switch|p2a: Charizard|Charizard, M|100\/100\n|turn|3\n|\n|t:|1699073273\n|move|p2a: Charizard|Flamethrower|p1a: Dialga\n|-damage|p1a: Dialga|42\/100\n|move|p1a: Dialga|Thunder|p2a: Charizard|[miss]\n|-miss|p1a: Dialga|p2a: Charizard\n|\n|-weather|Sandstorm|[upkeep]\n|-damage|p2a: Charizard|94\/100|[from] Sandstorm\n|-heal|p1a: Dialga|49\/100|[from] item: Leftovers\n|upkeep\n|turn|4\n|\n|t:|1699073314\n|switch|p1a: Sandslash|Sandslash, M|100\/100\n|move|p2a: Charizard|Flamethrower|p1a: Sandslash\n|-damage|p1a: Sandslash|40\/100\n|\n|-weather|Sandstorm|[upkeep]\n|-damage|p2a: Charizard|88\/100|[from] Sandstorm\n|upkeep\n|turn|5\n|\n|t:|1699073350\n|switch|p2a: Amoonguss|Amoonguss, F|100\/100\n|move|p1a: Sandslash|Stone Edge|p2a: Amoonguss|[miss]\n|-miss|p1a: Sandslash|p2a: Amoonguss\n|\n|-weather|none\n|upkeep\n|turn|6\n|\n|t:|1699073361\n|move|p1a: Sandslash|Leech Life|p2a: Amoonguss\n|-damage|p2a: Amoonguss|85\/100\n|-heal|p1a: Sandslash|49\/100|[from] drain|[of] p2a: Amoonguss\n|move|p2a: Amoonguss|Giga Drain|p1a: Sandslash\n|-supereffective|p1a: Sandslash\n|-damage|p1a: Sandslash|6\/100\n|-heal|p2a: Amoonguss|100\/100|[from] drain|[of] p1a: Sandslash\n|\n|upkeep\n|turn|7\n|\n|t:|1699073382\n|-terastallize|p1a: Sandslash|Ground\n|move|p1a: Sandslash|Earthquake|p2a: Amoonguss\n|-damage|p2a: Amoonguss|56\/100\n|move|p2a: Amoonguss|Giga Drain|p1a: Sandslash\n|-supereffective|p1a: Sandslash\n|-damage|p1a: Sandslash|0 fnt\n|-heal|p2a: Amoonguss|58\/100|[from] drain|[of] p1a: Sandslash\n|faint|p1a: Sandslash\n|\n|upkeep\n|\n|t:|1699073392\n|switch|p1a: Corviknight|Corviknight, M|100\/100\n|-ability|p1a: Corviknight|Unnerve\n|turn|8\n|\n|t:|1699073408\n|switch|p2a: Charizard|Charizard, M|88\/100\n|move|p1a: Corviknight|Drill Peck|p2a: Charizard\n|-damage|p2a: Charizard|52\/100\n|\n|upkeep\n|turn|9\n|\n|t:|1699073439\n|move|p2a: Charizard|Flamethrower|p1a: Corviknight\n|-supereffective|p1a: Corviknight\n|-damage|p1a: Corviknight|40\/100\n|move|p1a: Corviknight|Body Slam|p2a: Charizard\n|-damage|p2a: Charizard|28\/100\n|\n|upkeep\n|turn|10\n|\n|t:|1699073452\n|move|p2a: Charizard|Flamethrower|p1a: Corviknight\n|-supereffective|p1a: Corviknight\n|-damage|p1a: Corviknight|0 fnt\n|faint|p1a: Corviknight\n|\n|upkeep\n|\n|t:|1699073458\n|switch|p1a: Articuno|Articuno|100\/100\n|turn|11\n|\n|t:|1699073489\n|-terastallize|p2a: Charizard|Fire\n|move|p1a: Articuno|Sludge Bomb|p2a: Charizard\n|-damage|p2a: Charizard|0 fnt\n|faint|p2a: Charizard\n|\n|upkeep\n|\n|t:|1699073505\n|switch|p2a: Tyranitar|Tyranitar, M|100\/100\n|-weather|Sandstorm|[from] ability: Sand Stream|[of] p2a: Tyranitar\n|turn|12\n|\n|t:|1699073519\n|move|p1a: Articuno|Focus Blast|p2a: Tyranitar|[miss]\n|-miss|p1a: Articuno|p2a: Tyranitar\n|move|p2a: Tyranitar|Fire Punch|p1a: Articuno\n|-damage|p1a: Articuno|52\/100\n|replace|p1a: Zoroark|Zoroark-Hisui, F, shiny\n|-end|p1a: Zoroark|Illusion\n|\n|-weather|Sandstorm|[upkeep]\n|-damage|p1a: Zoroark|46\/100|[from] Sandstorm\n|upkeep\n|turn|13\n|\n|t:|1699073535\n|move|p1a: Zoroark|Focus Blast|p2a: Tyranitar\n|-supereffective|p2a: Tyranitar\n|-crit|p2a: Tyranitar\n|-damage|p2a: Tyranitar|0 fnt\n|faint|p2a: Tyranitar\n|\n|-weather|Sandstorm|[upkeep]\n|-damage|p1a: Zoroark|40\/100|[from] Sandstorm\n|upkeep\n|\n|t:|1699073545\n|switch|p2a: Toxapex|Toxapex, F|100\/100\n|turn|14\n|\n|t:|1699073561\n|move|p1a: Zoroark|Dark Pulse|p2a: Toxapex\n|-damage|p2a: Toxapex|83\/100\n|move|p2a: Toxapex|Toxic|p1a: Zoroark\n|-status|p1a: Zoroark|tox\n|\n|-weather|Sandstorm|[upkeep]\n|-damage|p1a: Zoroark|34\/100 tox|[from] Sandstorm\n|-damage|p2a: Toxapex|77\/100|[from] Sandstorm\n|-damage|p1a: Zoroark|28\/100 tox|[from] psn\n|upkeep\n|turn|15\n|\n|t:|1699073590\n|move|p1a: Zoroark|Focus Blast|p2a: Toxapex\n|-resisted|p2a: Toxapex\n|-crit|p2a: Toxapex\n|-damage|p2a: Toxapex|56\/100\n|move|p2a: Toxapex|Hydro Pump|p1a: Zoroark\n|-damage|p1a: Zoroark|0 fnt\n|faint|p1a: Zoroark\n|\n|-weather|Sandstorm|[upkeep]\n|-damage|p2a: Toxapex|50\/100|[from] Sandstorm\n|upkeep\n|\n|t:|1699073604\n|switch|p1a: Articuno|Articuno|100\/100\n|-ability|p1a: Articuno|Pressure\n|turn|16\n|\n|t:|1699073618\n|move|p1a: Articuno|Endure|p1a: Articuno\n|-singleturn|p1a: Articuno|move: Endure\n|move|p2a: Toxapex|Recover|p2a: Toxapex\n|-heal|p2a: Toxapex|99\/100\n|\n|-weather|none\n|upkeep\n|turn|17\n|\n|t:|1699073627\n|move|p1a: Articuno|Blizzard|p2a: Toxapex|[miss]\n|-miss|p1a: Articuno|p2a: Toxapex\n|move|p2a: Toxapex|Toxic|p1a: Articuno\n|-status|p1a: Articuno|tox\n|\n|-damage|p1a: Articuno|94\/100 tox|[from] psn\n|upkeep\n|turn|18\n|\n|t:|1699073637\n|move|p1a: Articuno|Blizzard|p2a: Toxapex\n|-resisted|p2a: Toxapex\n|-damage|p2a: Toxapex|85\/100\n|move|p2a: Toxapex|Hydro Pump|p1a: Articuno\n|-damage|p1a: Articuno|76\/100 tox\n|\n|-damage|p1a: Articuno|63\/100 tox|[from] psn\n|upkeep\n|turn|19\n|\n|t:|1699073645\n|move|p1a: Articuno|Blizzard|p2a: Toxapex\n|-resisted|p2a: Toxapex\n|-damage|p2a: Toxapex|72\/100\n|move|p2a: Toxapex|Hydro Pump|p1a: Articuno\n|-crit|p1a: Articuno\n|-damage|p1a: Articuno|33\/100 tox\n|\n|-damage|p1a: Articuno|15\/100 tox|[from] psn\n|upkeep\n|turn|20\n|\n|t:|1699073655\n|move|p1a: Articuno|Blizzard|p2a: Toxapex\n|-resisted|p2a: Toxapex\n|-damage|p2a: Toxapex|58\/100\n|move|p2a: Toxapex|Recover|p2a: Toxapex\n|-heal|p2a: Toxapex|100\/100\n|\n|-damage|p1a: Articuno|0 fnt|[from] psn\n|faint|p1a: Articuno\n|upkeep\n|\n|t:|1699073663\n|switch|p1a: Dialga|Dialga|49\/100\n|-ability|p1a: Dialga|Pressure\n|turn|21\n|\n|t:|1699073672\n|move|p1a: Dialga|Thunder|p2a: Toxapex\n|-supereffective|p2a: Toxapex\n|-damage|p2a: Toxapex|49\/100\n|move|p2a: Toxapex|Toxic|p1a: Dialga\n|-immune|p1a: Dialga\n|\n|-heal|p1a: Dialga|55\/100|[from] item: Leftovers\n|upkeep\n|turn|22\n|\n|t:|1699073680\n|switch|p2a: Lucario|Lucario, F|100\/100\n|move|p1a: Dialga|Thunder|p2a: Lucario\n|-damage|p2a: Lucario|31\/100\n|\n|-heal|p1a: Dialga|61\/100|[from] item: Leftovers\n|upkeep\n|turn|23\n|inactive|Battle timer is ON: inactive players will automatically lose when time's up. (requested by Dydiar)\n|\n|t:|1699073698\n|move|p2a: Lucario|Close Combat|p1a: Dialga\n|-supereffective|p1a: Dialga\n|-damage|p1a: Dialga|0 fnt\n|-unboost|p2a: Lucario|def|1\n|-unboost|p2a: Lucario|spd|1\n|faint|p1a: Dialga\n|\n|upkeep\n|\n|t:|1699073705\n|switch|p1a: Noivern|Noivern, M|100\/100\n|turn|24\n|inactive|sanner889 has 120 seconds left.\n|\n|t:|1699073735\n|move|p2a: Lucario|Extreme Speed|p1a: Noivern\n|-damage|p1a: Noivern|72\/100\n|move|p1a: Noivern|Hurricane|p2a: Lucario\n|-damage|p2a: Lucario|0 fnt\n|faint|p2a: Lucario\n|\n|upkeep\n|inactive|sanner889 has 120 seconds left.\n|\n|t:|1699073743\n|switch|p2a: Toxapex|Toxapex, F|82\/100\n|turn|25\n|\n|t:|1699073760\n|move|p1a: Noivern|Boomburst|p2a: Toxapex\n|-damage|p2a: Toxapex|62\/100\n|move|p2a: Toxapex|Toxic|p1a: Noivern\n|-status|p1a: Noivern|tox\n|\n|-damage|p1a: Noivern|66\/100 tox|[from] psn\n|upkeep\n|turn|26\n|\n|t:|1699073777\n|move|p1a: Noivern|Dragon Pulse|p2a: Toxapex\n|-damage|p2a: Toxapex|44\/100\n|move|p2a: Toxapex|Recover|p2a: Toxapex\n|-heal|p2a: Toxapex|94\/100\n|\n|-damage|p1a: Noivern|53\/100 tox|[from] psn\n|upkeep\n|turn|27\n|\n|t:|1699073790\n|move|p1a: Noivern|Boomburst|p2a: Toxapex\n|-damage|p2a: Toxapex|75\/100\n|move|p2a: Toxapex|Hydro Pump|p1a: Noivern\n|-resisted|p1a: Noivern\n|-damage|p1a: Noivern|48\/100 tox\n|\n|-damage|p1a: Noivern|29\/100 tox|[from] psn\n|upkeep\n|turn|28\n|\n|t:|1699073801\n|move|p1a: Noivern|Heat Wave|p2a: Toxapex\n|-resisted|p2a: Toxapex\n|-damage|p2a: Toxapex|68\/100\n|move|p2a: Toxapex|Hydro Pump|p1a: Noivern|[miss]\n|-miss|p2a: Toxapex|p1a: Noivern\n|\n|-damage|p1a: Noivern|5\/100 tox|[from] psn\n|upkeep\n|turn|29\n|-message|Dydiar forfeited.\n|\n|win|sanner889\n|raw|Dydiar's rating: 1000 &rarr; <strong>1000<\/strong><br \/>(+0 for losing)\n|raw|sanner889's rating: 1000 &rarr; <strong>1040<\/strong><br \/>(+40 for winning)\n|l|\u2606Dydiar\n","uploadtime":1699073829,"views":10,"p1id":"dydiar","p2id":"sanner889","formatid":"gen9ubers","rating":1000,"private":0,"password":""}