{"id":"gen9ubers-1998183832","p1":"squi101","p2":"f45L&ggs","format":"[Gen 9] Ubers","log":"|j|\u2606squi101\n|j|\u2606f45L&ggs\n|t:|1700908240\n|gametype|singles\n|player|p1|squi101|shauntal|1202\n|player|p2|f45L&ggs|170|1107\n|teamsize|p1|6\n|teamsize|p2|6\n|gen|9\n|tier|[Gen 9] Ubers\n|rated|\n|rule|Sleep Clause Mod: Limit one foe put to sleep\n|rule|Species Clause: Limit one of each Pok\u00e9mon\n|rule|OHKO Clause: OHKO moves are banned\n|rule|Evasion Items Clause: Evasion items are banned\n|rule|Evasion Moves Clause: Evasion moves are banned\n|rule|Endless Battle Clause: Forcing endless battles is banned\n|rule|HP Percentage Mod: HP is shown in percentages\n|clearpoke\n|poke|p1|Ribombee, M|\n|poke|p1|Koraidon|\n|poke|p1|Rayquaza|\n|poke|p1|Arceus|\n|poke|p1|Gholdengo|\n|poke|p1|Miraidon|\n|poke|p2|Arceus|\n|poke|p2|Groudon|\n|poke|p2|Miraidon|\n|poke|p2|Iron Bundle|\n|poke|p2|Iron Valiant|\n|poke|p2|Flutter Mane|\n|teampreview\n|inactive|Battle timer is ON: inactive players will automatically lose when time's up. (requested by squi101)\n|\n|t:|1700908265\n|start\n|switch|p1a: Ribombee|Ribombee, M|100\/100\n|switch|p2a: Miraidon|Miraidon|100\/100\n|-fieldstart|move: Electric Terrain|[from] ability: Hadron Engine|[of] p2a: Miraidon\n|-item|p2a: Miraidon|Air Balloon\n|turn|1\n|c|\u2606f45L&ggs|bro whyyyy\n|c|\u2606f45L&ggs|sticky webs\n|\n|t:|1700908285\n|-terastallize|p2a: Miraidon|Electric\n|move|p2a: Miraidon|Electro Drift|p1a: Ribombee\n|-enditem|p1a: Ribombee|Focus Sash\n|-damage|p1a: Ribombee|1\/100\n|move|p1a: Ribombee|Sticky Web|p2a: Miraidon\n|-sidestart|p2: f45L&ggs|move: Sticky Web\n|\n|upkeep\n|turn|2\n|c|\u2606squi101|because its a good strat\n|c|\u2606squi101|you can use them to\n|c|\u2606squi101|im laddering\n|c|\u2606f45L&ggs|yea but tha pain bro\n|inactive|f45L&ggs has 120 seconds left.\n|\n|t:|1700908311\n|move|p2a: Miraidon|Parabolic Charge|p1a: Ribombee\n|-damage|p1a: Ribombee|0 fnt\n|faint|p1a: Ribombee\n|\n|upkeep\n|c|\u2606squi101|then use a defog mon or rapid spin mon\n|n|!squi101|squi101\n|\n|t:|1700908329\n|switch|p1a: Arceus|Arceus|100\/100\n|turn|3\n|c|\u2606f45L&ggs|true\n|c|\u2606f45L&ggs|wait\n|j| Evil T-tar\n|inactive|f45L&ggs has 120 seconds left.\n|inactive|squi101 has 120 seconds left.\n|c|\u2606f45L&ggs|is it cosmic setter or sword dance\n|\n|t:|1700908355\n|move|p2a: Miraidon|Electro Drift|p1a: Arceus\n|-damage|p1a: Arceus|35\/100\n|move|p1a: Arceus|Swords Dance|p1a: Arceus\n|-boost|p1a: Arceus|atk|2\n|\n|upkeep\n|turn|4\n|inactive|squi101 has 120 seconds left.\n|c|\u2606f45L&ggs|i knew it\n|\n|t:|1700908365\n|move|p1a: Arceus|Extreme Speed|p2a: Miraidon\n|-damage|p2a: Miraidon|0 fnt\n|-enditem|p2a: Miraidon|Air Balloon\n|faint|p2a: Miraidon\n|\n|upkeep\n|\n|t:|1700908370\n|switch|p2a: Flutter Mane|Flutter Mane, shiny|100\/100\n|-activate|p2a: Flutter Mane|move: Sticky Web\n|-unboost|p2a: Flutter Mane|spe|1\n|turn|5\n|c|\u2606f45L&ggs|wat will you do\n|inactive|f45L&ggs has 120 seconds left.\n|\n|t:|1700908381\n|move|p1a: Arceus|Shadow Claw|p2a: Flutter Mane\n|-supereffective|p2a: Flutter Mane\n|-crit|p2a: Flutter Mane\n|-damage|p2a: Flutter Mane|0 fnt\n|faint|p2a: Flutter Mane\n|-end|p2a: Flutter Mane|Protosynthesis|[silent]\n|\n|-fieldend|move: Electric Terrain\n|upkeep\n|inactive|f45L&ggs has 120 seconds left.\n|\n|t:|1700908391\n|switch|p2a: Iron Bundle|Iron Bundle|100\/100\n|turn|6\n|inactive|f45L&ggs has 120 seconds left.\n|\n|t:|1700908402\n|move|p1a: Arceus|Extreme Speed|p2a: Iron Bundle\n|-damage|p2a: Iron Bundle|0 fnt\n|faint|p2a: Iron Bundle\n|-end|p2a: Iron Bundle|Quark Drive|[silent]\n|\n|upkeep\n|\n|t:|1700908407\n|switch|p2a: Arceus|Arceus, shiny|100\/100\n|-activate|p2a: Arceus|move: Sticky Web\n|-unboost|p2a: Arceus|spe|1\n|turn|7\n|c|\u2606f45L&ggs|me gonna try this\n|c|\u2606f45L&ggs|ty\n|inactive|f45L&ggs has 120 seconds left.\n|\n|t:|1700908422\n|move|p1a: Arceus|Extreme Speed|p2a: Arceus\n|-damage|p2a: Arceus|26\/100\n|move|p2a: Arceus|Thunderbolt|p1a: Arceus\n|-crit|p1a: Arceus\n|-damage|p1a: Arceus|8\/100\n|\n|-heal|p2a: Arceus|32\/100|[from] item: Leftovers\n|upkeep\n|turn|8\n|l| Evil T-tar\n|inactive|f45L&ggs has 120 seconds left.\n|\n|t:|1700908433\n|move|p1a: Arceus|Extreme Speed|p2a: Arceus\n|-damage|p2a: Arceus|0 fnt\n|faint|p2a: Arceus\n|\n|upkeep\n|inactive|f45L&ggs has 120 seconds left.\n|\n|t:|1700908451\n|switch|p2a: Groudon|Groudon, shiny|100\/100\n|-activate|p2a: Groudon|move: Sticky Web\n|-unboost|p2a: Groudon|spe|1\n|-weather|SunnyDay|[from] ability: Drought|[of] p2a: Groudon\n|turn|9\n|\n|t:|1700908465\n|move|p1a: Arceus|Extreme Speed|p2a: Groudon\n|-damage|p2a: Groudon|25\/100\n|-damage|p1a: Arceus|0 fnt|[from] item: Rocky Helmet|[of] p2a: Groudon\n|faint|p1a: Arceus\n|move|p2a: Groudon|Heat Crash|p1: Arceus|[notarget]\n|-fail|p2a: Groudon\n|\n|-weather|SunnyDay|[upkeep]\n|upkeep\n|\n|t:|1700908470\n|switch|p1a: Rayquaza|Rayquaza|100\/100\n|-ability|p1a: Rayquaza|Air Lock\n|turn|10\n|inactive|f45L&ggs has 120 seconds left.\n|\n|t:|1700908479\n|move|p1a: Rayquaza|Swords Dance|p1a: Rayquaza\n|-boost|p1a: Rayquaza|atk|2\n|move|p2a: Groudon|Thunder Punch|p1a: Rayquaza\n|-damage|p1a: Rayquaza|67\/100\n|\n|-weather|SunnyDay|[upkeep]\n|upkeep\n|turn|11\n|\n|t:|1700908486\n|move|p1a: Rayquaza|Extreme Speed|p2a: Groudon\n|-damage|p2a: Groudon|0 fnt\n|-damage|p1a: Rayquaza|51\/100|[from] item: Rocky Helmet|[of] p2a: Groudon\n|faint|p2a: Groudon\n|-damage|p1a: Rayquaza|41\/100|[from] item: Life Orb\n|\n|-weather|SunnyDay|[upkeep]\n|upkeep\n|inactive|f45L&ggs has 120 seconds left.\n|\n|t:|1700908498\n|switch|p2a: Iron Valiant|Iron Valiant|100\/100\n|-activate|p2a: Iron Valiant|move: Sticky Web\n|-unboost|p2a: Iron Valiant|spe|1\n|turn|12\n|\n|t:|1700908503\n|move|p1a: Rayquaza|Extreme Speed|p2a: Iron Valiant\n|-damage|p2a: Iron Valiant|0 fnt\n|faint|p2a: Iron Valiant\n|-end|p2a: Iron Valiant|Quark Drive|[silent]\n|-damage|p1a: Rayquaza|31\/100|[from] item: Life Orb\n|\n|win|squi101\n|raw|squi101's rating: 1202 &rarr; <strong>1220<\/strong><br \/>(+18 for winning)\n|raw|f45L&amp;ggs's rating: 1107 &rarr; <strong>1089<\/strong><br \/>(-18 for losing)\n","uploadtime":1700908325,"views":0,"p1id":"squi101","p2id":"f45lggs","formatid":"gen9ubers","rating":1089,"private":0,"password":""}