{"id":"gen9ubers-1983621203","p1":"Frezzxr","p2":"Bakeno731","format":"[Gen 9] Ubers","log":"|j|\u2606Frezzxr\n|j|\u2606Bakeno731\n|t:|1699150425\n|gametype|singles\n|player|p1|Frezzxr|biker-gen4|1147\n|player|p2|Bakeno731|pokemonranger-gen4|1189\n|teamsize|p1|6\n|teamsize|p2|6\n|gen|9\n|tier|[Gen 9] Ubers\n|rated|\n|rule|Sleep Clause Mod: Limit one foe put to sleep\n|rule|Species Clause: Limit one of each Pok\u00e9mon\n|rule|OHKO Clause: OHKO moves are banned\n|rule|Evasion Items Clause: Evasion items are banned\n|rule|Evasion Moves Clause: Evasion moves are banned\n|rule|Endless Battle Clause: Forcing endless battles is banned\n|rule|HP Percentage Mod: HP is shown in percentages\n|clearpoke\n|poke|p1|Houndstone, M|\n|poke|p1|Tyranitar, M|\n|poke|p1|Glimmora, M|\n|poke|p1|Darkrai|\n|poke|p1|Gliscor, M|\n|poke|p1|Miraidon|\n|poke|p2|Annihilape, M|\n|poke|p2|Darkrai|\n|poke|p2|Regieleki|\n|poke|p2|Iron Bundle|\n|poke|p2|Ribombee, F|\n|poke|p2|Great Tusk|\n|teampreview\n|\n|t:|1699150432\n|start\n|switch|p1a: He likes spikes|Glimmora, M, shiny|100\/100\n|switch|p2a: Ribombee|Ribombee, F|100\/100\n|turn|1\n|l|\u2606Frezzxr\n|player|p1|\n|inactive|Battle timer is ON: inactive players will automatically lose when time's up. (requested by Bakeno731)\n|j|\u2606Frezzxr\n|inactive|Frezzxr reconnected and has 145 seconds left.\n|player|p1|Frezzxr|biker-gen4\n|\n|t:|1699150464\n|switch|p2a: Iron Bundle|Iron Bundle|100\/100\n|move|p1a: He likes spikes|Toxic Spikes|p2a: Iron Bundle\n|-sidestart|p2: Bakeno731|move: Toxic Spikes\n|\n|upkeep\n|turn|2\n|\n|t:|1699150477\n|move|p2a: Iron Bundle|Hydro Pump|p1a: He likes spikes\n|-supereffective|p1a: He likes spikes\n|-damage|p1a: He likes spikes|0 fnt\n|faint|p1a: He likes spikes\n|\n|upkeep\n|\n|t:|1699150494\n|switch|p1a: Sleepy|Darkrai, shiny|100\/100\n|turn|3\n|\n|t:|1699150502\n|-end|p2a: Iron Bundle|Quark Drive|[silent]\n|switch|p2a: Ribombee|Ribombee, F|100\/100\n|-status|p2a: Ribombee|psn\n|move|p1a: Sleepy|Hypnosis|p2a: Ribombee|[miss]\n|-miss|p1a: Sleepy|p2a: Ribombee\n|\n|-damage|p2a: Ribombee|88\/100 psn|[from] psn\n|upkeep\n|turn|4\n|\n|t:|1699150515\n|move|p1a: Sleepy|Nasty Plot|p1a: Sleepy\n|-boost|p1a: Sleepy|spa|2\n|move|p2a: Ribombee|Sticky Web|p1a: Sleepy\n|-sidestart|p1: Frezzxr|move: Sticky Web\n|\n|-damage|p2a: Ribombee|76\/100 psn|[from] psn\n|upkeep\n|turn|5\n|\n|t:|1699150523\n|move|p1a: Sleepy|Dark Pulse|p2a: Ribombee\n|-resisted|p2a: Ribombee\n|-damage|p2a: Ribombee|0 fnt\n|faint|p2a: Ribombee\n|\n|upkeep\n|\n|t:|1699150532\n|switch|p2a: Great Tusk|Great Tusk|100\/100\n|turn|6\n|l|\u2606Frezzxr\n|inactive|Frezzxr disconnected and has a minute to reconnect!\n|player|p1|\n|j|\u2606Frezzxr\n|inactive|Frezzxr reconnected and has 135 seconds left.\n|player|p1|Frezzxr|biker-gen4\n|\n|t:|1699150555\n|move|p1a: Sleepy|Dark Pulse|p2a: Great Tusk\n|-resisted|p2a: Great Tusk\n|-damage|p2a: Great Tusk|45\/100\n|move|p2a: Great Tusk|Rapid Spin|p1a: Sleepy\n|-damage|p1a: Sleepy|81\/100\n|-boost|p2a: Great Tusk|spe|1\n|-sideend|p2: Bakeno731|Toxic Spikes|[from] move: Rapid Spin|[of] p2a: Great Tusk\n|\n|upkeep\n|turn|7\n|\n|t:|1699150565\n|move|p2a: Great Tusk|Close Combat|p1a: Sleepy\n|-supereffective|p1a: Sleepy\n|-damage|p1a: Sleepy|0 fnt\n|-unboost|p2a: Great Tusk|def|1\n|-unboost|p2a: Great Tusk|spd|1\n|faint|p1a: Sleepy\n|\n|upkeep\n|\n|t:|1699150572\n|switch|p1a: Bulky|Gliscor, M, shiny|100\/100\n|turn|8\n|\n|t:|1699150584\n|move|p2a: Great Tusk|Ice Spinner|p1a: Bulky\n|-supereffective|p1a: Bulky\n|-damage|p1a: Bulky|34\/100\n|move|p1a: Bulky|Toxic|p2a: Great Tusk\n|-status|p2a: Great Tusk|tox\n|\n|-damage|p2a: Great Tusk|39\/100 tox|[from] psn\n|-status|p1a: Bulky|tox|[from] item: Toxic Orb\n|upkeep\n|turn|9\n|\n|t:|1699150596\n|move|p1a: Bulky|Protect|p1a: Bulky\n|-singleturn|p1a: Bulky|Protect\n|move|p2a: Great Tusk|Stealth Rock|p1a: Bulky\n|-sidestart|p1: Frezzxr|move: Stealth Rock\n|\n|-damage|p2a: Great Tusk|27\/100 tox|[from] psn\n|-heal|p1a: Bulky|46\/100 tox|[from] ability: Poison Heal\n|upkeep\n|turn|10\n|\n|t:|1699150613\n|move|p1a: Bulky|Protect||[still]\n|-fail|p1a: Bulky\n|move|p2a: Great Tusk|Ice Spinner|p1a: Bulky\n|-supereffective|p1a: Bulky\n|-damage|p1a: Bulky|0 fnt\n|faint|p1a: Bulky\n|\n|-damage|p2a: Great Tusk|8\/100 tox|[from] psn\n|upkeep\n|l|\u2606Frezzxr\n|inactive|Frezzxr disconnected and has a minute to reconnect!\n|player|p1|\n|j|\u2606Frezzxr\n|inactive|Frezzxr reconnected and has 125 seconds left.\n|player|p1|Frezzxr|biker-gen4\n|inactive|Frezzxr has 120 seconds left.\n|\n|t:|1699150652\n|switch|p1a: \ud83e\udd54|Miraidon|100\/100\n|-activate|p1a: \ud83e\udd54|move: Sticky Web\n|-unboost|p1a: \ud83e\udd54|spe|1\n|-damage|p1a: \ud83e\udd54|88\/100|[from] Stealth Rock\n|-fieldstart|move: Electric Terrain|[from] ability: Hadron Engine|[of] p1a: \ud83e\udd54\n|turn|11\n|inactive|Frezzxr has 120 seconds left.\n|inactive|Bakeno731 has 120 seconds left.\n|\n|t:|1699150684\n|move|p2a: Great Tusk|Ice Spinner|p1a: \ud83e\udd54\n|-supereffective|p1a: \ud83e\udd54\n|-damage|p1a: \ud83e\udd54|38\/100\n|-fieldend|move: Electric Terrain\n|move|p1a: \ud83e\udd54|Calm Mind|p1a: \ud83e\udd54\n|-boost|p1a: \ud83e\udd54|spa|1\n|-boost|p1a: \ud83e\udd54|spd|1\n|\n|-heal|p1a: \ud83e\udd54|44\/100|[from] item: Leftovers\n|-damage|p2a: Great Tusk|0 fnt|[from] psn\n|faint|p2a: Great Tusk\n|-end|p2a: Great Tusk|Protosynthesis|[silent]\n|upkeep\n|inactive|Bakeno731 has 120 seconds left.\n|\n|t:|1699150691\n|switch|p2a: Iron Bundle|Iron Bundle|100\/100\n|turn|12\n|\n|t:|1699150705\n|move|p2a: Iron Bundle|Ice Beam|p1a: \ud83e\udd54\n|-supereffective|p1a: \ud83e\udd54\n|-damage|p1a: \ud83e\udd54|0 fnt\n|faint|p1a: \ud83e\udd54\n|\n|upkeep\n|\n|t:|1699150714\n|switch|p1a: Chunky boy|Tyranitar, M, shiny|100\/100\n|-activate|p1a: Chunky boy|move: Sticky Web\n|-unboost|p1a: Chunky boy|spe|1\n|-damage|p1a: Chunky boy|88\/100|[from] Stealth Rock\n|-weather|Sandstorm|[from] ability: Sand Stream|[of] p1a: Chunky boy\n|turn|13\n|inactive|Bakeno731 has 120 seconds left.\n|c|\u2606Frezzxr|Hurry yp\n|c|\u2606Frezzxr|up\n|\n|t:|1699150769\n|-end|p2a: Iron Bundle|Quark Drive|[silent]\n|switch|p2a: Annihilape|Annihilape, M|100\/100\n|move|p1a: Chunky boy|Earthquake|p2a: Annihilape\n|-damage|p2a: Annihilape|72\/100\n|\n|-weather|Sandstorm|[upkeep]\n|-damage|p2a: Annihilape|66\/100|[from] Sandstorm\n|-heal|p2a: Annihilape|72\/100|[from] item: Leftovers\n|upkeep\n|turn|14\n|\n|t:|1699150784\n|move|p2a: Annihilape|Rage Fist|p1a: Chunky boy\n|-resisted|p1a: Chunky boy\n|-damage|p1a: Chunky boy|76\/100\n|move|p1a: Chunky boy|Blizzard|p2a: Annihilape\n|-damage|p2a: Annihilape|53\/100\n|-status|p2a: Annihilape|frz\n|\n|-weather|Sandstorm|[upkeep]\n|-damage|p2a: Annihilape|47\/100 frz|[from] Sandstorm\n|-heal|p2a: Annihilape|53\/100 frz|[from] item: Leftovers\n|upkeep\n|turn|15\n|inactive|Frezzxr has 120 seconds left.\n|\n|t:|1699150801\n|switch|p1a: Jitmolie|Houndstone, M, shiny|100\/100\n|-activate|p1a: Jitmolie|move: Sticky Web\n|-unboost|p1a: Jitmolie|spe|1\n|-damage|p1a: Jitmolie|88\/100|[from] Stealth Rock\n|cant|p2a: Annihilape|frz\n|\n|-weather|Sandstorm|[upkeep]\n|-damage|p2a: Annihilape|47\/100 frz|[from] Sandstorm\n|-heal|p2a: Annihilape|53\/100 frz|[from] item: Leftovers\n|upkeep\n|turn|16\n|inactive|Frezzxr has 120 seconds left.\n|\n|t:|1699150812\n|move|p1a: Jitmolie|Last Respects|p2a: Annihilape\n|-supereffective|p2a: Annihilape\n|-damage|p2a: Annihilape|0 fnt\n|faint|p2a: Annihilape\n|\n|-weather|Sandstorm|[upkeep]\n|upkeep\n|\n|t:|1699150815\n|switch|p2a: Darkrai|Darkrai|100\/100\n|turn|17\n|\n|t:|1699150820\n|move|p1a: Jitmolie|Last Respects|p2a: Darkrai\n|-resisted|p2a: Darkrai\n|-damage|p2a: Darkrai|34\/100\n|move|p2a: Darkrai|Dark Pulse|p1a: Jitmolie\n|-supereffective|p1a: Jitmolie\n|-damage|p1a: Jitmolie|0 fnt\n|faint|p1a: Jitmolie\n|-damage|p2a: Darkrai|24\/100|[from] item: Life Orb\n|\n|-weather|none\n|upkeep\n|\n|t:|1699150831\n|switch|p1a: Chunky boy|Tyranitar, M, shiny|76\/100\n|-activate|p1a: Chunky boy|move: Sticky Web\n|-unboost|p1a: Chunky boy|spe|1\n|-damage|p1a: Chunky boy|64\/100|[from] Stealth Rock\n|-weather|Sandstorm|[from] ability: Sand Stream|[of] p1a: Chunky boy\n|turn|18\n|\n|t:|1699150839\n|move|p2a: Darkrai|Focus Blast|p1a: Chunky boy|[miss]\n|-miss|p2a: Darkrai|p1a: Chunky boy\n|move|p1a: Chunky boy|Earthquake|p2a: Darkrai\n|-damage|p2a: Darkrai|0 fnt\n|faint|p2a: Darkrai\n|\n|-weather|Sandstorm|[upkeep]\n|upkeep\n|\n|t:|1699150844\n|switch|p2a: Iron Bundle|Iron Bundle|100\/100\n|turn|19\n|\n|t:|1699150850\n|move|p2a: Iron Bundle|Hydro Pump|p1a: Chunky boy|[miss]\n|-miss|p2a: Iron Bundle|p1a: Chunky boy\n|move|p1a: Chunky boy|Earthquake|p2a: Iron Bundle\n|-damage|p2a: Iron Bundle|65\/100\n|\n|-weather|Sandstorm|[upkeep]\n|-damage|p2a: Iron Bundle|59\/100|[from] Sandstorm\n|upkeep\n|turn|20\n|\n|t:|1699150859\n|move|p2a: Iron Bundle|Hydro Pump|p1a: Chunky boy|[miss]\n|-miss|p2a: Iron Bundle|p1a: Chunky boy\n|move|p1a: Chunky boy|Earthquake|p2a: Iron Bundle\n|-damage|p2a: Iron Bundle|21\/100\n|\n|-weather|Sandstorm|[upkeep]\n|-damage|p2a: Iron Bundle|16\/100|[from] Sandstorm\n|upkeep\n|turn|21\n|\n|t:|1699150868\n|move|p2a: Iron Bundle|Hydro Pump|p1a: Chunky boy\n|-supereffective|p1a: Chunky boy\n|-damage|p1a: Chunky boy|0 fnt\n|faint|p1a: Chunky boy\n|\n|win|Bakeno731\n|raw|Frezzxr's rating: 1147 &rarr; <strong>1125<\/strong><br \/>(-22 for losing)\n|raw|Bakeno731's rating: 1189 &rarr; <strong>1211<\/strong><br \/>(+22 for winning)\n","uploadtime":1699150872,"views":9,"p1id":"frezzxr","p2id":"bakeno731","formatid":"gen9ubers","rating":1125,"private":0,"password":""}