{"id":"gen9ubers-1982021440","p1":"Aikriel","p2":"AcdcGold2","format":"[Gen 9] Ubers","log":"|j|\u2606Aikriel\n|j|\u2606AcdcGold2\n|t:|1698960339\n|gametype|singles\n|player|p1|Aikriel|steven|1000\n|player|p2|AcdcGold2|juan|1097\n|teamsize|p1|6\n|teamsize|p2|6\n|gen|9\n|tier|[Gen 9] Ubers\n|rated|\n|rule|Sleep Clause Mod: Limit one foe put to sleep\n|rule|Species Clause: Limit one of each Pok\u00e9mon\n|rule|OHKO Clause: OHKO moves are banned\n|rule|Evasion Items Clause: Evasion items are banned\n|rule|Evasion Moves Clause: Evasion moves are banned\n|rule|Endless Battle Clause: Forcing endless battles is banned\n|rule|HP Percentage Mod: HP is shown in percentages\n|clearpoke\n|poke|p1|Dragonite, F|\n|poke|p1|Flutter Mane|\n|poke|p1|Chien-Pao|\n|poke|p1|Gholdengo|\n|poke|p1|Urshifu-*, M|\n|poke|p1|Ting-Lu|\n|poke|p2|Dialga|\n|poke|p2|Floatzel, M|\n|poke|p2|Pelipper, F|\n|poke|p2|Regieleki|\n|poke|p2|Arceus-Fire|\n|poke|p2|Decidueye, M|\n|teampreview\n|inactive|Battle timer is ON: inactive players will automatically lose when time's up. (requested by AcdcGold2)\n|\n|t:|1698960352\n|start\n|switch|p1a: Dragonite|Dragonite, F, shiny|100\/100\n|switch|p2a: Pelipper|Pelipper, F|100\/100\n|-weather|RainDance|[from] ability: Drizzle|[of] p2a: Pelipper\n|turn|1\n|\n|t:|1698960361\n|move|p1a: Dragonite|Dragon Dance|p1a: Dragonite\n|-boost|p1a: Dragonite|atk|1\n|-boost|p1a: Dragonite|spe|1\n|move|p2a: Pelipper|Ice Beam|p1a: Dragonite\n|-supereffective|p1a: Dragonite\n|-damage|p1a: Dragonite|51\/100\n|\n|-weather|RainDance|[upkeep]\n|-heal|p1a: Dragonite|57\/100|[from] item: Leftovers\n|upkeep\n|turn|2\n|\n|t:|1698960370\n|-terastallize|p1a: Dragonite|Normal\n|move|p1a: Dragonite|Roost|p1a: Dragonite\n|-heal|p1a: Dragonite|100\/100\n|move|p2a: Pelipper|Ice Beam|p1a: Dragonite\n|-damage|p1a: Dragonite|88\/100\n|\n|-weather|RainDance|[upkeep]\n|-heal|p1a: Dragonite|95\/100|[from] item: Leftovers\n|upkeep\n|turn|3\n|\n|t:|1698960387\n|move|p1a: Dragonite|Dragon Dance|p1a: Dragonite\n|-boost|p1a: Dragonite|atk|1\n|-boost|p1a: Dragonite|spe|1\n|move|p2a: Pelipper|Hurricane|p1a: Dragonite\n|-damage|p1a: Dragonite|48\/100\n|\n|-weather|RainDance|[upkeep]\n|-heal|p1a: Dragonite|55\/100|[from] item: Leftovers\n|upkeep\n|turn|4\n|\n|t:|1698960396\n|move|p1a: Dragonite|Roost|p1a: Dragonite\n|-heal|p1a: Dragonite|100\/100\n|move|p2a: Pelipper|Hurricane|p1a: Dragonite\n|-damage|p1a: Dragonite|78\/100\n|\n|-weather|RainDance|[upkeep]\n|-heal|p1a: Dragonite|84\/100|[from] item: Leftovers\n|upkeep\n|turn|5\n|\n|t:|1698960412\n|switch|p2a: Decidueye|Decidueye, M|100\/100\n|move|p1a: Dragonite|Dragon Dance|p1a: Dragonite\n|-boost|p1a: Dragonite|atk|1\n|-boost|p1a: Dragonite|spe|1\n|\n|-weather|none\n|-heal|p1a: Dragonite|91\/100|[from] item: Leftovers\n|upkeep\n|turn|6\n|\n|t:|1698960424\n|move|p1a: Dragonite|Earthquake|p2a: Decidueye\n|-resisted|p2a: Decidueye\n|-damage|p2a: Decidueye|52\/100\n|move|p2a: Decidueye|Knock Off|p1a: Dragonite\n|-damage|p1a: Dragonite|48\/100\n|-enditem|p1a: Dragonite|Leftovers|[from] move: Knock Off|[of] p2a: Decidueye\n|\n|upkeep\n|turn|7\n|\n|t:|1698960439\n|move|p1a: Dragonite|Roost|p1a: Dragonite\n|-heal|p1a: Dragonite|98\/100\n|move|p2a: Decidueye|Knock Off|p1a: Dragonite\n|-damage|p1a: Dragonite|69\/100\n|\n|upkeep\n|turn|8\n|\n|t:|1698960446\n|move|p1a: Dragonite|Extreme Speed|p2a: Decidueye\n|-immune|p2a: Decidueye\n|move|p2a: Decidueye|Knock Off|p1a: Dragonite\n|-damage|p1a: Dragonite|41\/100\n|\n|upkeep\n|turn|9\n|\n|t:|1698960453\n|switch|p2a: Dialga|Dialga|100\/100\n|-ability|p2a: Dialga|Pressure\n|move|p1a: Dragonite|Roost|p1a: Dragonite\n|-heal|p1a: Dragonite|91\/100\n|\n|upkeep\n|turn|10\n|\n|t:|1698960466\n|switch|p2a: Pelipper|Pelipper, F|100\/100\n|-weather|RainDance|[from] ability: Drizzle|[of] p2a: Pelipper\n|move|p1a: Dragonite|Earthquake|p2a: Pelipper\n|-immune|p2a: Pelipper\n|\n|-weather|RainDance|[upkeep]\n|upkeep\n|turn|11\n|\n|t:|1698960481\n|move|p1a: Dragonite|Extreme Speed|p2a: Pelipper\n|-damage|p2a: Pelipper|0 fnt\n|faint|p2a: Pelipper\n|\n|-weather|RainDance|[upkeep]\n|upkeep\n|\n|t:|1698960491\n|switch|p2a: Decidueye|Decidueye, M|52\/100\n|turn|12\n|\n|t:|1698960495\n|move|p1a: Dragonite|Earthquake|p2a: Decidueye\n|-resisted|p2a: Decidueye\n|-damage|p2a: Decidueye|5\/100\n|move|p2a: Decidueye|Leaf Blade|p1a: Dragonite\n|-damage|p1a: Dragonite|24\/100\n|\n|-weather|RainDance|[upkeep]\n|upkeep\n|turn|13\n|\n|t:|1698960504\n|move|p1a: Dragonite|Roost|p1a: Dragonite\n|-heal|p1a: Dragonite|74\/100\n|move|p2a: Decidueye|Leaf Blade|p1a: Dragonite\n|-crit|p1a: Dragonite\n|-damage|p1a: Dragonite|0 fnt\n|faint|p1a: Dragonite\n|\n|-weather|RainDance|[upkeep]\n|upkeep\n|\n|t:|1698960515\n|switch|p1a: Flutter Mane|Flutter Mane, shiny|100\/100\n|-enditem|p1a: Flutter Mane|Booster Energy\n|-activate|p1a: Flutter Mane|ability: Protosynthesis|[fromitem]\n|-start|p1a: Flutter Mane|protosynthesisspe\n|turn|14\n|\n|t:|1698960522\n|move|p1a: Flutter Mane|Mystical Fire|p2a: Decidueye\n|-supereffective|p2a: Decidueye\n|-damage|p2a: Decidueye|0 fnt\n|faint|p2a: Decidueye\n|\n|-weather|none\n|upkeep\n|\n|t:|1698960525\n|switch|p2a: Arceus|Arceus-Fire|100\/100\n|turn|15\n|\n|t:|1698960533\n|move|p1a: Flutter Mane|Calm Mind|p1a: Flutter Mane\n|-boost|p1a: Flutter Mane|spa|1\n|-boost|p1a: Flutter Mane|spd|1\n|move|p2a: Arceus|Flare Blitz|p1a: Flutter Mane\n|-damage|p1a: Flutter Mane|0 fnt\n|faint|p1a: Flutter Mane\n|-end|p1a: Flutter Mane|Protosynthesis|[silent]\n|-damage|p2a: Arceus|82\/100|[from] Recoil\n|\n|upkeep\n|l|\u2606Aikriel\n|inactive|Aikriel disconnected and has a minute to reconnect!\n|player|p1|\n|j|\u2606Aikriel\n|inactive|Aikriel reconnected and has 135 seconds left.\n|player|p1|Aikriel|steven\n|\n|t:|1698960551\n|switch|p1a: Gholdengo|Gholdengo, shiny|100\/100\n|turn|16\n|\n|t:|1698960555\n|move|p2a: Arceus|Flare Blitz|p1a: Gholdengo\n|-supereffective|p1a: Gholdengo\n|-damage|p1a: Gholdengo|0 fnt\n|faint|p1a: Gholdengo\n|-damage|p2a: Arceus|54\/100|[from] Recoil\n|\n|upkeep\n|\n|t:|1698960562\n|switch|p1a: Urshifu|Urshifu-Rapid-Strike, M|100\/100\n|turn|17\n|\n|t:|1698960566\n|move|p2a: Arceus|Extreme Speed|p1a: Urshifu\n|-damage|p1a: Urshifu|74\/100\n|move|p1a: Urshifu|Swords Dance|p1a: Urshifu\n|-boost|p1a: Urshifu|atk|2\n|\n|upkeep\n|turn|18\n|\n|t:|1698960580\n|move|p1a: Urshifu|Surging Strikes|p2a: Arceus\n|-supereffective|p2a: Arceus\n|-crit|p2a: Arceus\n|-damage|p2a: Arceus|0 fnt\n|faint|p2a: Arceus\n|-hitcount|p2: Arceus|1\n|\n|upkeep\n|\n|t:|1698960583\n|switch|p2a: Regieleki|Regieleki|100\/100\n|turn|19\n|\n|t:|1698960592\n|move|p1a: Urshifu|Aqua Jet|p2a: Regieleki\n|-damage|p2a: Regieleki|14\/100\n|move|p2a: Regieleki|Volt Switch|p1a: Urshifu\n|-supereffective|p1a: Urshifu\n|-damage|p1a: Urshifu|0 fnt\n|faint|p1a: Urshifu\n|\n|t:|1698960601\n|switch|p2a: Floatzel|Floatzel, M|100\/100|[from] Volt Switch\n|\n|upkeep\n|\n|t:|1698960606\n|switch|p1a: Chien-Pao|Chien-Pao|100\/100\n|-ability|p1a: Chien-Pao|Sword of Ruin\n|turn|20\n|\n|t:|1698960628\n|move|p1a: Chien-Pao|Sacred Sword|p2a: Floatzel\n|-damage|p2a: Floatzel|32\/100\n|move|p2a: Floatzel|Wave Crash|p1a: Chien-Pao\n|-enditem|p1a: Chien-Pao|Focus Sash\n|-damage|p1a: Chien-Pao|1\/100\n|-damage|p2a: Floatzel|0 fnt|[from] Recoil\n|faint|p2a: Floatzel\n|\n|upkeep\n|\n|t:|1698960631\n|switch|p2a: Regieleki|Regieleki|14\/100\n|turn|21\n|\n|t:|1698960642\n|move|p1a: Chien-Pao|Sucker Punch|p2a: Regieleki\n|-damage|p2a: Regieleki|0 fnt\n|faint|p2a: Regieleki\n|\n|upkeep\n|\n|t:|1698960644\n|switch|p2a: Dialga|Dialga|100\/100\n|-ability|p2a: Dialga|Pressure\n|turn|22\n|\n|t:|1698960652\n|-terastallize|p2a: Dialga|Fire\n|move|p1a: Chien-Pao|Icicle Crash|p2a: Dialga\n|-resisted|p2a: Dialga\n|-damage|p2a: Dialga|75\/100\n|move|p2a: Dialga|Flamethrower|p1a: Chien-Pao\n|-supereffective|p1a: Chien-Pao\n|-damage|p1a: Chien-Pao|0 fnt\n|faint|p1a: Chien-Pao\n|\n|-heal|p2a: Dialga|81\/100|[from] item: Leftovers\n|upkeep\n|\n|t:|1698960664\n|switch|p1a: Ting-Lu|Ting-Lu|100\/100\n|-ability|p1a: Ting-Lu|Vessel of Ruin\n|turn|23\n|\n|t:|1698960675\n|move|p2a: Dialga|Aura Sphere|p1a: Ting-Lu\n|-supereffective|p1a: Ting-Lu\n|-damage|p1a: Ting-Lu|65\/100\n|move|p1a: Ting-Lu|Earthquake|p2a: Dialga\n|-supereffective|p2a: Dialga\n|-crit|p2a: Dialga\n|-damage|p2a: Dialga|1\/100\n|\n|-heal|p2a: Dialga|8\/100|[from] item: Leftovers\n|upkeep\n|turn|24\n|\n|t:|1698960684\n|move|p2a: Dialga|Roar of Time|p1a: Ting-Lu\n|-damage|p1a: Ting-Lu|11\/100\n|-mustrecharge|p2a: Dialga\n|-enditem|p1a: Ting-Lu|Sitrus Berry|[eat]\n|-heal|p1a: Ting-Lu|36\/100|[from] item: Sitrus Berry\n|move|p1a: Ting-Lu|Earthquake|p2a: Dialga\n|-supereffective|p2a: Dialga\n|-damage|p2a: Dialga|0 fnt\n|faint|p2a: Dialga\n|\n|win|Aikriel\n|raw|Aikriel's rating: 1000 &rarr; <strong>1051<\/strong><br \/>(+51 for winning)\n|raw|AcdcGold2's rating: 1097 &rarr; <strong>1066<\/strong><br \/>(-31 for losing)\n|l|\u2606AcdcGold2\n","uploadtime":1698960708,"views":4,"p1id":"aikriel","p2id":"acdcgold2","formatid":"gen9ubers","rating":1051,"private":0,"password":""}