{"id":"gen9ubers-1978915176","p1":"Yuri_Is_Sweet","p2":"llamakin15","format":"[Gen 9] Ubers","log":"|j|\u2606Yuri_Is_Sweet\n|j|\u2606llamakin15\n|t:|1698609771\n|gametype|singles\n|player|p1|Yuri_Is_Sweet|elesa|\n|player|p2|llamakin15|169|\n|teamsize|p1|6\n|teamsize|p2|6\n|gen|9\n|tier|[Gen 9] Ubers\n|rule|Sleep Clause Mod: Limit one foe put to sleep\n|rule|Species Clause: Limit one of each Pok\u00e9mon\n|rule|OHKO Clause: OHKO moves are banned\n|rule|Evasion Items Clause: Evasion items are banned\n|rule|Evasion Moves Clause: Evasion moves are banned\n|rule|Endless Battle Clause: Forcing endless battles is banned\n|rule|HP Percentage Mod: HP is shown in percentages\n|clearpoke\n|poke|p1|Ninetales-Alola, F|\n|poke|p1|Baxcalibur, F|\n|poke|p1|Chien-Pao|\n|poke|p1|Annihilape, F|\n|poke|p1|Flutter Mane|\n|poke|p1|Basculegion, M|\n|poke|p2|Lokix, F|\n|poke|p2|Ribombee, F|\n|poke|p2|Ninetales-Alola, F|\n|poke|p2|Glaceon, M|\n|poke|p2|Volcarona, M|\n|poke|p2|Chien-Pao|\n|teampreview\n|inactive|Battle timer is ON: inactive players will automatically lose when time's up. (requested by Yuri_Is_Sweet)\n|\n|t:|1698609787\n|start\n|switch|p1a: Flutter Mane|Flutter Mane, shiny|100\/100\n|switch|p2a: Lokix|Lokix, F|100\/100\n|-enditem|p1a: Flutter Mane|Booster Energy\n|-activate|p1a: Flutter Mane|ability: Protosynthesis|[fromitem]\n|-start|p1a: Flutter Mane|protosynthesisspe\n|turn|1\n|\n|t:|1698609796\n|move|p2a: Lokix|Sucker Punch|p1a: Flutter Mane\n|-damage|p1a: Flutter Mane|7\/100\n|-damage|p2a: Lokix|91\/100|[from] item: Life Orb\n|move|p1a: Flutter Mane|Mystical Fire|p2a: Lokix\n|-supereffective|p2a: Lokix\n|-damage|p2a: Lokix|0 fnt\n|faint|p2a: Lokix\n|\n|upkeep\n|\n|t:|1698609806\n|switch|p2a: Glaceon|Glaceon, M|100\/100\n|turn|2\n|\n|t:|1698609815\n|-end|p1a: Flutter Mane|Protosynthesis|[silent]\n|switch|p1a: Basculegion|Basculegion, M, shiny|100\/100\n|move|p2a: Glaceon|Ice Shard|p1a: Basculegion\n|-resisted|p1a: Basculegion\n|-damage|p1a: Basculegion|94\/100\n|\n|upkeep\n|turn|3\n|\n|t:|1698609824\n|move|p1a: Basculegion|Wave Crash|p2a: Glaceon\n|-damage|p2a: Glaceon|33\/100\n|-damage|p1a: Basculegion|75\/100|[from] Recoil\n|move|p2a: Glaceon|Shadow Ball|p1a: Basculegion\n|-supereffective|p1a: Basculegion\n|-damage|p1a: Basculegion|6\/100\n|\n|upkeep\n|turn|4\n|\n|t:|1698609833\n|move|p2a: Glaceon|Ice Shard|p1a: Basculegion\n|-resisted|p1a: Basculegion\n|-damage|p1a: Basculegion|1\/100\n|move|p1a: Basculegion|Wave Crash|p2a: Glaceon\n|-damage|p2a: Glaceon|0 fnt\n|faint|p2a: Glaceon\n|-damage|p1a: Basculegion|0 fnt|[from] Recoil\n|faint|p1a: Basculegion\n|\n|upkeep\n|\n|t:|1698609844\n|switch|p1a: Annihilape|Annihilape, F, shiny|100\/100\n|switch|p2a: Ninetales|Ninetales-Alola, F|100\/100\n|-weather|Snow|[from] ability: Snow Warning|[of] p2a: Ninetales\n|turn|5\n|\n|t:|1698609858\n|move|p2a: Ninetales|Psyshock|p1a: Annihilape\n|-supereffective|p1a: Annihilape\n|-damage|p1a: Annihilape|51\/100\n|move|p1a: Annihilape|Rage Fist|p2a: Ninetales\n|-damage|p2a: Ninetales|51\/100\n|\n|-weather|Snow|[upkeep]\n|-heal|p1a: Annihilape|57\/100|[from] item: Leftovers\n|upkeep\n|turn|6\n|\n|t:|1698609882\n|switch|p2a: Volcarona|Volcarona, M|100\/100\n|move|p1a: Annihilape|Rage Fist|p2a: Volcarona\n|-damage|p2a: Volcarona|26\/100\n|\n|-weather|Snow|[upkeep]\n|-heal|p1a: Annihilape|63\/100|[from] item: Leftovers\n|upkeep\n|turn|7\n|\n|t:|1698609892\n|move|p2a: Volcarona|Psychic|p1a: Annihilape\n|-supereffective|p1a: Annihilape\n|-damage|p1a: Annihilape|0 fnt\n|faint|p1a: Annihilape\n|\n|-weather|Snow|[upkeep]\n|upkeep\n|\n|t:|1698609899\n|switch|p1a: Flutter Mane|Flutter Mane, shiny|7\/100\n|turn|8\n|\n|t:|1698609924\n|move|p1a: Flutter Mane|Mystical Fire|p2a: Volcarona\n|-damage|p2a: Volcarona|0 fnt\n|faint|p2a: Volcarona\n|\n|-weather|Snow|[upkeep]\n|upkeep\n|inactive|llamakin15 has 270 seconds left.\n|\n|t:|1698609948\n|switch|p2a: Ribombee|Ribombee, F|100\/100\n|turn|9\n|\n|t:|1698609960\n|move|p1a: Flutter Mane|Mystical Fire|p2a: Ribombee\n|-supereffective|p2a: Ribombee\n|-damage|p2a: Ribombee|6\/100\n|-unboost|p2a: Ribombee|spa|1\n|move|p2a: Ribombee|Bug Buzz|p1a: Flutter Mane\n|-resisted|p1a: Flutter Mane\n|-damage|p1a: Flutter Mane|1\/100\n|\n|-weather|none\n|upkeep\n|turn|10\n|\n|t:|1698609972\n|move|p1a: Flutter Mane|Mystical Fire|p2a: Ribombee\n|-supereffective|p2a: Ribombee\n|-damage|p2a: Ribombee|0 fnt\n|faint|p2a: Ribombee\n|\n|upkeep\n|\n|t:|1698609978\n|switch|p2a: Ninetales|Ninetales-Alola, F|51\/100\n|-weather|Snow|[from] ability: Snow Warning|[of] p2a: Ninetales\n|turn|11\n|\n|t:|1698609993\n|move|p2a: Ninetales|Moonblast|p1a: Flutter Mane\n|-damage|p1a: Flutter Mane|0 fnt\n|faint|p1a: Flutter Mane\n|-end|p1a: Flutter Mane|Protosynthesis|[silent]\n|\n|-weather|Snow|[upkeep]\n|upkeep\n|\n|t:|1698609998\n|switch|p1a: Ninetales|Ninetales-Alola, F, shiny|100\/100\n|turn|12\n|\n|t:|1698610015\n|switch|p2a: Chien-Pao|Chien-Pao|100\/100\n|-ability|p2a: Chien-Pao|Sword of Ruin\n|move|p1a: Ninetales|Aurora Veil|p1a: Ninetales\n|-sidestart|p1: Yuri_Is_Sweet|move: Aurora Veil\n|\n|-weather|Snow|[upkeep]\n|upkeep\n|turn|13\n|\n|t:|1698610025\n|move|p2a: Chien-Pao|Sacred Sword|p1a: Ninetales\n|-damage|p1a: Ninetales|76\/100\n|-damage|p2a: Chien-Pao|91\/100|[from] item: Life Orb\n|move|p1a: Ninetales|Moonblast|p2a: Chien-Pao\n|-supereffective|p2a: Chien-Pao\n|-crit|p2a: Chien-Pao\n|-damage|p2a: Chien-Pao|0 fnt\n|faint|p2a: Chien-Pao\n|\n|-weather|Snow|[upkeep]\n|upkeep\n|\n|t:|1698610036\n|switch|p2a: Ninetales|Ninetales-Alola, F|51\/100\n|turn|14\n|\n|t:|1698610049\n|move|p2a: Ninetales|Moonblast|p1a: Ninetales\n|-damage|p1a: Ninetales|56\/100\n|move|p1a: Ninetales|Moonblast|p2a: Ninetales\n|-damage|p2a: Ninetales|10\/100\n|-unboost|p2a: Ninetales|spa|1\n|\n|-weather|Snow|[upkeep]\n|upkeep\n|turn|15\n|\n|t:|1698610058\n|move|p2a: Ninetales|Moonblast|p1a: Ninetales\n|-damage|p1a: Ninetales|43\/100\n|move|p1a: Ninetales|Blizzard|p2a: Ninetales\n|-resisted|p2a: Ninetales\n|-damage|p2a: Ninetales|0 fnt\n|faint|p2a: Ninetales\n|\n|win|Yuri_Is_Sweet\n","uploadtime":1698610063,"views":31,"p1id":"yuriissweet","p2id":"llamakin15","formatid":"gen9ubers","rating":0,"private":0,"password":""}