{"id":"gen9ubers-1976314062","p1":"Puffy423","p2":"corvere\u2665","format":"[Gen 9] Ubers","log":"|j|\u2606Puffy423\n|j|\u2606corvere\u2665\n|t:|1698285509\n|gametype|singles\n|player|p1|Puffy423|n|\n|player|p2|corvere\u2665|anthea|\n|teamsize|p1|6\n|teamsize|p2|6\n|gen|9\n|tier|[Gen 9] Ubers\n|rated|Tournament battle\n|rule|Sleep Clause Mod: Limit one foe put to sleep\n|rule|Species Clause: Limit one of each Pok\u00e9mon\n|rule|OHKO Clause: OHKO moves are banned\n|rule|Evasion Items Clause: Evasion items are banned\n|rule|Evasion Moves Clause: Evasion moves are banned\n|rule|Endless Battle Clause: Forcing endless battles is banned\n|rule|HP Percentage Mod: HP is shown in percentages\n|clearpoke\n|poke|p1|Miraidon|\n|poke|p1|Ting-Lu|\n|poke|p1|Skeledirge, F|\n|poke|p1|Arceus-Water|\n|poke|p1|Zacian-*|\n|poke|p1|Groudon|\n|poke|p2|Grimmsnarl, M|\n|poke|p2|Maushold-Four|\n|poke|p2|Koraidon|\n|poke|p2|Arceus-Ground|\n|poke|p2|Zacian-*|\n|poke|p2|Miraidon|\n|teampreview\n|inactive|Battle timer is ON: inactive players will automatically lose when time's up. (requested by corvere\u2665)\n|inactive|Puffy423 also wants the timer to be on.\n|inactive|Puffy423 has 120 seconds left.\n|\n|t:|1698285540\n|start\n|switch|p1a: Miraidon|Miraidon|100\/100\n|switch|p2a: Grimmsnarl|Grimmsnarl, M, shiny|100\/100\n|-fieldstart|move: Electric Terrain|[from] ability: Hadron Engine|[of] p1a: Miraidon\n|turn|1\n|\n|t:|1698285545\n|move|p2a: Grimmsnarl|Light Screen|p2a: Grimmsnarl\n|-sidestart|p2: corvere\u2665|move: Light Screen\n|move|p1a: Miraidon|U-turn|p2a: Grimmsnarl\n|-damage|p2a: Grimmsnarl|85\/100\n|\n|t:|1698285549\n|switch|p1a: Groudon|Groudon|100\/100|[from] U-turn\n|-weather|SunnyDay|[from] ability: Drought|[of] p1a: Groudon\n|\n|-weather|SunnyDay|[upkeep]\n|upkeep\n|turn|2\n|\n|t:|1698285557\n|move|p2a: Grimmsnarl|Taunt|p1a: Groudon\n|-start|p1a: Groudon|move: Taunt\n|cant|p1a: Groudon|move: Taunt|Stealth Rock\n|\n|-weather|SunnyDay|[upkeep]\n|upkeep\n|turn|3\n|\n|t:|1698285563\n|move|p2a: Grimmsnarl|Reflect|p2a: Grimmsnarl\n|-sidestart|p2: corvere\u2665|Reflect\n|move|p1a: Groudon|Precipice Blades|p2a: Grimmsnarl\n|-damage|p2a: Grimmsnarl|49\/100\n|\n|-weather|SunnyDay|[upkeep]\n|upkeep\n|turn|4\n|j| ult4cp staller\n|\n|t:|1698285574\n|switch|p1a: Skeledirge|Skeledirge, F|100\/100\n|move|p2a: Grimmsnarl|Parting Shot|p1a: Skeledirge\n|-unboost|p1a: Skeledirge|atk|1\n|-unboost|p1a: Skeledirge|spa|1\n|c| ult4cp staller|screens maus\n|\n|t:|1698285590\n|switch|p2a: Maushold|Maushold-Four|100\/100|[from] Parting Shot\n|\n|-weather|SunnyDay|[upkeep]\n|upkeep\n|turn|5\n|\n|t:|1698285595\n|move|p2a: Maushold|Taunt|p1a: Skeledirge\n|-start|p1a: Skeledirge|move: Taunt\n|cant|p1a: Skeledirge|move: Taunt|Will-O-Wisp\n|\n|-weather|none\n|-fieldend|move: Electric Terrain\n|upkeep\n|turn|6\n|\n|t:|1698285599\n|switch|p1a: Groudon|Groudon|100\/100\n|-weather|SunnyDay|[from] ability: Drought|[of] p1a: Groudon\n|move|p2a: Maushold|Beat Up|p1a: Groudon\n|-crit|p1a: Groudon\n|-damage|p1a: Groudon|97\/100\n|-damage|p1a: Groudon|94\/100\n|-damage|p1a: Groudon|90\/100\n|-damage|p1a: Groudon|86\/100\n|-damage|p1a: Groudon|82\/100\n|-damage|p1a: Groudon|79\/100\n|-hitcount|p1a: Groudon|6\n|\n|-weather|SunnyDay|[upkeep]\n|-heal|p1a: Groudon|85\/100|[from] item: Leftovers\n|upkeep\n|turn|7\n|\n|t:|1698285604\n|move|p2a: Maushold|Population Bomb|p1a: Groudon\n|-damage|p1a: Groudon|78\/100\n|-damage|p1a: Groudon|72\/100\n|-damage|p1a: Groudon|66\/100\n|-damage|p1a: Groudon|60\/100\n|-damage|p1a: Groudon|54\/100\n|-damage|p1a: Groudon|47\/100\n|-damage|p1a: Groudon|41\/100\n|-damage|p1a: Groudon|34\/100\n|-damage|p1a: Groudon|28\/100\n|-damage|p1a: Groudon|22\/100\n|-hitcount|p1a: Groudon|10\n|move|p1a: Groudon|Precipice Blades|p2a: Maushold\n|-damage|p2a: Maushold|58\/100\n|\n|-weather|SunnyDay|[upkeep]\n|-heal|p1a: Groudon|29\/100|[from] item: Leftovers\n|upkeep\n|turn|8\n|\n|t:|1698285616\n|switch|p1a: Skeledirge|Skeledirge, F|100\/100\n|move|p2a: Maushold|Population Bomb|p1a: Skeledirge\n|-immune|p1a: Skeledirge\n|\n|-weather|SunnyDay|[upkeep]\n|-sideend|p2: corvere\u2665|move: Light Screen\n|upkeep\n|turn|9\n|\n|t:|1698285627\n|move|p2a: Maushold|Beat Up|p1a: Skeledirge\n|-supereffective|p1a: Skeledirge\n|-damage|p1a: Skeledirge|94\/100\n|-supereffective|p1a: Skeledirge\n|-damage|p1a: Skeledirge|86\/100\n|-supereffective|p1a: Skeledirge\n|-damage|p1a: Skeledirge|78\/100\n|-supereffective|p1a: Skeledirge\n|-damage|p1a: Skeledirge|69\/100\n|-supereffective|p1a: Skeledirge\n|-damage|p1a: Skeledirge|61\/100\n|-supereffective|p1a: Skeledirge\n|-damage|p1a: Skeledirge|54\/100\n|-hitcount|p1a: Skeledirge|6\n|move|p1a: Skeledirge|Torch Song|p2a: Maushold\n|-damage|p2a: Maushold|0 fnt\n|-boost|p1a: Skeledirge|spa|1\n|faint|p2a: Maushold\n|\n|-weather|SunnyDay|[upkeep]\n|upkeep\n|j| ZowwyCafe\u2764\n|\n|t:|1698285634\n|switch|p2a: Arceus|Arceus-Ground|100\/100\n|turn|10\n|c|\u2606Puffy423|imagine scrappy maushold\n|\n|t:|1698285640\n|switch|p1a: Ting-Lu|Ting-Lu|100\/100\n|-ability|p1a: Ting-Lu|Vessel of Ruin\n|move|p2a: Arceus|Substitute|p2a: Arceus\n|-start|p2a: Arceus|Substitute\n|-damage|p2a: Arceus|76\/100\n|\n|-weather|none\n|-sideend|p2: corvere\u2665|Reflect\n|upkeep\n|turn|11\n|\n|t:|1698285652\n|move|p2a: Arceus|Dragon Dance|p2a: Arceus\n|-boost|p2a: Arceus|atk|1\n|-boost|p2a: Arceus|spe|1\n|move|p1a: Ting-Lu|Whirlwind|p2a: Arceus\n|drag|p2a: Grimmsnarl|Grimmsnarl, M, shiny|49\/100\n|\n|upkeep\n|turn|12\n|\n|t:|1698285671\n|switch|p2a: Koraidon|Koraidon|100\/100\n|-weather|SunnyDay|[from] ability: Orichalcum Pulse|[of] p2a: Koraidon\n|-activate|p2a: Koraidon|Orichalcum Pulse|[source]\n|move|p1a: Ting-Lu|Ruination|p2a: Koraidon\n|-damage|p2a: Koraidon|51\/100\n|\n|-weather|SunnyDay|[upkeep]\n|upkeep\n|turn|13\n|\n|t:|1698285687\n|switch|p1a: Skeledirge|Skeledirge, F|54\/100\n|move|p2a: Koraidon|Low Kick|p1a: Skeledirge\n|-immune|p1a: Skeledirge\n|\n|-weather|SunnyDay|[upkeep]\n|upkeep\n|turn|14\n|\n|t:|1698285716\n|move|p2a: Koraidon|Scale Shot|p1a: Skeledirge\n|-damage|p1a: Skeledirge|43\/100\n|-damage|p1a: Skeledirge|33\/100\n|-damage|p1a: Skeledirge|23\/100\n|-damage|p1a: Skeledirge|11\/100\n|-damage|p1a: Skeledirge|1\/100\n|-hitcount|p1a: Skeledirge|5\n|-unboost|p2a: Koraidon|def|1\n|-boost|p2a: Koraidon|spe|1\n|move|p1a: Skeledirge|Will-O-Wisp|p2a: Koraidon\n|-status|p2a: Koraidon|brn\n|\n|-weather|SunnyDay|[upkeep]\n|-damage|p2a: Koraidon|44\/100 brn|[from] brn\n|upkeep\n|turn|15\n|\n|t:|1698285726\n|move|p2a: Koraidon|Flare Blitz|p1a: Skeledirge\n|-resisted|p1a: Skeledirge\n|-damage|p1a: Skeledirge|0 fnt\n|faint|p1a: Skeledirge\n|-damage|p2a: Koraidon|44\/100 brn|[from] Recoil\n|\n|-weather|SunnyDay|[upkeep]\n|-damage|p2a: Koraidon|38\/100 brn|[from] brn\n|upkeep\n|inactive|Puffy423 has 120 seconds left.\n|\n|t:|1698285743\n|switch|p1a: Groudon|Groudon|29\/100\n|turn|16\n|\n|t:|1698285755\n|move|p2a: Koraidon|Swords Dance|p2a: Koraidon\n|-boost|p2a: Koraidon|atk|2\n|move|p1a: Groudon|Stealth Rock|p2a: Koraidon\n|-sidestart|p2: corvere\u2665|move: Stealth Rock\n|\n|-weather|none\n|-heal|p1a: Groudon|35\/100|[from] item: Leftovers\n|-damage|p2a: Koraidon|32\/100 brn|[from] brn\n|upkeep\n|turn|17\n|\n|t:|1698285768\n|move|p2a: Koraidon|Low Kick|p1a: Groudon\n|-damage|p1a: Groudon|4\/100\n|move|p1a: Groudon|Precipice Blades|p2a: Koraidon\n|-damage|p2a: Koraidon|0 fnt\n|faint|p2a: Koraidon\n|\n|-heal|p1a: Groudon|10\/100|[from] item: Leftovers\n|upkeep\n|j| Kate\n|\n|t:|1698285779\n|switch|p2a: Arceus|Arceus-Ground|76\/100\n|-damage|p2a: Arceus|70\/100|[from] Stealth Rock\n|turn|18\n|\n|t:|1698285790\n|move|p2a: Arceus|Earthquake|p1a: Groudon\n|-damage|p1a: Groudon|0 fnt\n|faint|p1a: Groudon\n|\n|upkeep\n|\n|t:|1698285794\n|switch|p1a: Arceus|Arceus-Water|100\/100\n|turn|19\n|\n|t:|1698285798\n|switch|p2a: Grimmsnarl|Grimmsnarl, M, shiny|49\/100\n|-damage|p2a: Grimmsnarl|36\/100|[from] Stealth Rock\n|move|p1a: Arceus|Judgment|p2a: Grimmsnarl\n|-damage|p2a: Grimmsnarl|3\/100\n|\n|upkeep\n|turn|20\n|\n|t:|1698285806\n|move|p2a: Grimmsnarl|Light Screen|p2a: Grimmsnarl\n|-sidestart|p2: corvere\u2665|move: Light Screen\n|move|p1a: Arceus|Judgment|p2a: Grimmsnarl\n|-damage|p2a: Grimmsnarl|0 fnt\n|faint|p2a: Grimmsnarl\n|\n|upkeep\n|\n|t:|1698285808\n|switch|p2a: Zacian|Zacian-Crowned, shiny|100\/100\n|-damage|p2a: Zacian|94\/100|[from] Stealth Rock\n|-ability|p2a: Zacian|Intrepid Sword|boost\n|-boost|p2a: Zacian|atk|1\n|turn|21\n|inactive|corvere\u2665 has 120 seconds left.\n|\n|t:|1698285853\n|move|p2a: Zacian|Substitute|p2a: Zacian\n|-start|p2a: Zacian|Substitute\n|-damage|p2a: Zacian|69\/100\n|move|p1a: Arceus|Earth Power|p2a: Zacian\n|-supereffective|p2a: Zacian\n|-activate|p2a: Zacian|move: Substitute|[damage]\n|\n|upkeep\n|turn|22\n|\n|t:|1698285867\n|move|p2a: Zacian|Swords Dance|p2a: Zacian\n|-boost|p2a: Zacian|atk|2\n|move|p1a: Arceus|Earth Power|p2a: Zacian\n|-supereffective|p2a: Zacian\n|-end|p2a: Zacian|Substitute\n|\n|upkeep\n|turn|23\n|\n|t:|1698285878\n|move|p2a: Zacian|Substitute|p2a: Zacian\n|-start|p2a: Zacian|Substitute\n|-damage|p2a: Zacian|44\/100\n|move|p1a: Arceus|Earth Power|p2a: Zacian\n|-supereffective|p2a: Zacian\n|-activate|p2a: Zacian|move: Substitute|[damage]\n|\n|upkeep\n|turn|24\n|\n|t:|1698285881\n|move|p2a: Zacian|Play Rough|p1a: Arceus\n|-damage|p1a: Arceus|28\/100\n|move|p1a: Arceus|Earth Power|p2a: Zacian\n|-supereffective|p2a: Zacian\n|-end|p2a: Zacian|Substitute\n|\n|upkeep\n|turn|25\n|\n|t:|1698285889\n|move|p2a: Zacian|Substitute|p2a: Zacian\n|-start|p2a: Zacian|Substitute\n|-damage|p2a: Zacian|20\/100\n|move|p1a: Arceus|Earth Power|p2a: Zacian\n|-supereffective|p2a: Zacian\n|-activate|p2a: Zacian|move: Substitute|[damage]\n|\n|upkeep\n|turn|26\n|\n|t:|1698285891\n|move|p2a: Zacian|Play Rough|p1a: Arceus\n|-damage|p1a: Arceus|0 fnt\n|faint|p1a: Arceus\n|\n|upkeep\n|\n|t:|1698285902\n|switch|p1a: Zacian|Zacian-Crowned|100\/100\n|-ability|p1a: Zacian|Intrepid Sword|boost\n|-boost|p1a: Zacian|atk|1\n|turn|27\n|j| LeBarBURR2\n|\n|t:|1698285914\n|move|p1a: Zacian|Behemoth Blade|p2a: Zacian\n|-end|p2a: Zacian|Substitute\n|move|p2a: Zacian|Behemoth Blade|p1a: Zacian\n|-damage|p1a: Zacian|0 fnt\n|faint|p1a: Zacian\n|\n|-sideend|p2: corvere\u2665|move: Light Screen\n|upkeep\n|\n|t:|1698285921\n|switch|p1a: Miraidon|Miraidon|100\/100\n|-fieldstart|move: Electric Terrain|[from] ability: Hadron Engine|[of] p1a: Miraidon\n|turn|28\n|\n|t:|1698285926\n|move|p1a: Miraidon|Electro Drift|p2a: Zacian\n|-damage|p2a: Zacian|0 fnt\n|faint|p2a: Zacian\n|\n|upkeep\n|\n|t:|1698285929\n|switch|p2a: Arceus|Arceus-Ground|70\/100\n|-damage|p2a: Arceus|64\/100|[from] Stealth Rock\n|turn|29\n|\n|t:|1698285932\n|switch|p1a: Ting-Lu|Ting-Lu|100\/100\n|-ability|p1a: Ting-Lu|Vessel of Ruin\n|move|p2a: Arceus|Dragon Dance|p2a: Arceus\n|-boost|p2a: Arceus|atk|1\n|-boost|p2a: Arceus|spe|1\n|\n|upkeep\n|turn|30\n|c| LeBarBURR2|Taunt maus...\n|\n|t:|1698285938\n|move|p2a: Arceus|Earthquake|p1a: Ting-Lu\n|-damage|p1a: Ting-Lu|43\/100\n|move|p1a: Ting-Lu|Whirlwind|p2a: Arceus\n|drag|p2a: Miraidon|Miraidon|100\/100\n|-damage|p2a: Miraidon|88\/100|[from] Stealth Rock\n|-activate|p2a: Miraidon|ability: Hadron Engine\n|\n|-heal|p2a: Miraidon|94\/100|[from] item: Leftovers\n|-heal|p1a: Ting-Lu|50\/100|[from] item: Leftovers\n|upkeep\n|turn|31\n|\n|t:|1698285945\n|move|p2a: Miraidon|Dragon Pulse|p1a: Ting-Lu\n|-damage|p1a: Ting-Lu|20\/100\n|move|p1a: Ting-Lu|Earthquake|p2a: Miraidon\n|-supereffective|p2a: Miraidon\n|-damage|p2a: Miraidon|26\/100\n|\n|-heal|p2a: Miraidon|32\/100|[from] item: Leftovers\n|-heal|p1a: Ting-Lu|27\/100|[from] item: Leftovers\n|upkeep\n|turn|32\n|\n|t:|1698285954\n|-terastallize|p1a: Ting-Lu|Steel\n|move|p2a: Miraidon|Dragon Pulse|p1a: Ting-Lu\n|-resisted|p1a: Ting-Lu\n|-damage|p1a: Ting-Lu|12\/100\n|move|p1a: Ting-Lu|Earthquake|p2a: Miraidon\n|-supereffective|p2a: Miraidon\n|-crit|p2a: Miraidon\n|-damage|p2a: Miraidon|0 fnt\n|faint|p2a: Miraidon\n|\n|-heal|p1a: Ting-Lu|18\/100|[from] item: Leftovers\n|-fieldend|move: Electric Terrain\n|upkeep\n|c| ult4cp staller|ur the ou team user\n|\n|t:|1698285957\n|switch|p2a: Arceus|Arceus-Ground|64\/100\n|-damage|p2a: Arceus|58\/100|[from] Stealth Rock\n|turn|33\n|\n|t:|1698285960\n|move|p2a: Arceus|Dragon Dance|p2a: Arceus\n|-boost|p2a: Arceus|atk|1\n|-boost|p2a: Arceus|spe|1\n|move|p1a: Ting-Lu|Earthquake|p2a: Arceus\n|-damage|p2a: Arceus|31\/100\n|\n|-heal|p1a: Ting-Lu|24\/100|[from] item: Leftovers\n|upkeep\n|turn|34\n|\n|t:|1698285968\n|move|p2a: Arceus|Dragon Dance|p2a: Arceus\n|-boost|p2a: Arceus|atk|1\n|-boost|p2a: Arceus|spe|1\n|move|p1a: Ting-Lu|Earthquake|p2a: Arceus\n|-damage|p2a: Arceus|3\/100\n|\n|-heal|p1a: Ting-Lu|31\/100|[from] item: Leftovers\n|upkeep\n|turn|35\n|\n|t:|1698285973\n|move|p2a: Arceus|Earthquake|p1a: Ting-Lu\n|-supereffective|p1a: Ting-Lu\n|-crit|p1a: Ting-Lu\n|-damage|p1a: Ting-Lu|0 fnt\n|faint|p1a: Ting-Lu\n|\n|upkeep\n|\n|t:|1698285974\n|switch|p1a: Miraidon|Miraidon|100\/100\n|-fieldstart|move: Electric Terrain|[from] ability: Hadron Engine|[of] p1a: Miraidon\n|turn|36\n|l| ZowwyCafe\u2764\n|\n|t:|1698285977\n|-terastallize|p2a: Arceus|Ground\n|move|p2a: Arceus|Earthquake|p1a: Miraidon\n|-supereffective|p1a: Miraidon\n|-damage|p1a: Miraidon|0 fnt\n|faint|p1a: Miraidon\n|\n|win|corvere\u2665\n|n|\u2606Puffy423|puffy423\n|n|\u2606corvere\u2665|corvere\n|n| ult4cp staller|ult4cpstaller\n|n| Kate|kate\n|n| LeBarBURR2|lebarburr2\n","uploadtime":1698285978,"views":15,"p1id":"puffy423","p2id":"corvere","formatid":"gen9ubers","rating":0,"private":0,"password":""}