{"id":"gen9ubers-1981160378","p1":"I\u2665GENERATION7ALOT","p2":"bonelesswings14","format":"[Gen 9] Ubers","log":"|j|\u2606I\u2665GENERATION7ALOT\n|j|\u2606bonelesswings14\n|t:|1698868480\n|gametype|singles\n|player|p1|I\u2665GENERATION7ALOT|lucas|1157\n|player|p2|bonelesswings14|170|1040\n|teamsize|p1|6\n|teamsize|p2|6\n|gen|9\n|tier|[Gen 9] Ubers\n|rated|\n|rule|Sleep Clause Mod: Limit one foe put to sleep\n|rule|Species Clause: Limit one of each Pok\u00e9mon\n|rule|OHKO Clause: OHKO moves are banned\n|rule|Evasion Items Clause: Evasion items are banned\n|rule|Evasion Moves Clause: Evasion moves are banned\n|rule|Endless Battle Clause: Forcing endless battles is banned\n|rule|HP Percentage Mod: HP is shown in percentages\n|clearpoke\n|poke|p1|Zacian-*|\n|poke|p1|Ribombee, F|\n|poke|p1|Koraidon|\n|poke|p1|Miraidon|\n|poke|p1|Skeledirge, F|\n|poke|p1|Great Tusk|\n|poke|p2|Annihilape, M|\n|poke|p2|Baxcalibur, M|\n|poke|p2|Ogerpon-Hearthflame, F|\n|poke|p2|Regieleki|\n|poke|p2|Palafin, F|\n|poke|p2|Koraidon|\n|teampreview\n|inactive|Battle timer is ON: inactive players will automatically lose when time's up. (requested by I\u2665GENERATION7ALOT)\n|\n|t:|1698868496\n|start\n|switch|p1a: Ribombee|Ribombee, F|100\/100\n|switch|p2a: Annihilape|Annihilape, M|100\/100\n|turn|1\n|\n|t:|1698868522\n|switch|p2a: Ogerpon|Ogerpon-Hearthflame, F|100\/100\n|-ability|p2a: Ogerpon|Mold Breaker\n|move|p1a: Ribombee|Sticky Web|p2a: Ogerpon\n|-sidestart|p2: bonelesswings14|move: Sticky Web\n|\n|upkeep\n|turn|2\n|\n|t:|1698868529\n|switch|p1a: Skeledirge|Skeledirge, F|100\/100\n|move|p2a: Ogerpon|Ivy Cudgel|p1a: Skeledirge\n|-resisted|p1a: Skeledirge\n|-crit|p1a: Skeledirge\n|-damage|p1a: Skeledirge|74\/100\n|\n|-heal|p1a: Skeledirge|80\/100|[from] item: Leftovers\n|upkeep\n|turn|3\n|\n|t:|1698868557\n|move|p2a: Ogerpon|Stomping Tantrum|p1a: Skeledirge\n|-supereffective|p1a: Skeledirge\n|-damage|p1a: Skeledirge|47\/100\n|move|p1a: Skeledirge|Torch Song|p2a: Ogerpon\n|-damage|p2a: Ogerpon|68\/100\n|-boost|p1a: Skeledirge|spa|1\n|\n|-heal|p1a: Skeledirge|53\/100|[from] item: Leftovers\n|upkeep\n|turn|4\n|\n|t:|1698868567\n|move|p2a: Ogerpon|Stomping Tantrum|p1a: Skeledirge\n|-supereffective|p1a: Skeledirge\n|-damage|p1a: Skeledirge|19\/100\n|move|p1a: Skeledirge|Slack Off|p1a: Skeledirge\n|-heal|p1a: Skeledirge|69\/100\n|\n|-heal|p1a: Skeledirge|75\/100|[from] item: Leftovers\n|upkeep\n|turn|5\n|\n|t:|1698868573\n|move|p2a: Ogerpon|Stomping Tantrum|p1a: Skeledirge\n|-supereffective|p1a: Skeledirge\n|-damage|p1a: Skeledirge|39\/100\n|move|p1a: Skeledirge|Slack Off|p1a: Skeledirge\n|-heal|p1a: Skeledirge|89\/100\n|\n|-heal|p1a: Skeledirge|95\/100|[from] item: Leftovers\n|upkeep\n|turn|6\n|\n|t:|1698868580\n|move|p2a: Ogerpon|Stomping Tantrum|p1a: Skeledirge\n|-supereffective|p1a: Skeledirge\n|-damage|p1a: Skeledirge|62\/100\n|move|p1a: Skeledirge|Torch Song|p2a: Ogerpon\n|-damage|p2a: Ogerpon|19\/100\n|-boost|p1a: Skeledirge|spa|1\n|\n|-heal|p1a: Skeledirge|68\/100|[from] item: Leftovers\n|upkeep\n|turn|7\n|\n|t:|1698868588\n|move|p2a: Ogerpon|Stomping Tantrum|p1a: Skeledirge\n|-supereffective|p1a: Skeledirge\n|-damage|p1a: Skeledirge|33\/100\n|move|p1a: Skeledirge|Slack Off|p1a: Skeledirge\n|-heal|p1a: Skeledirge|83\/100\n|\n|-heal|p1a: Skeledirge|89\/100|[from] item: Leftovers\n|upkeep\n|turn|8\n|\n|t:|1698868606\n|switch|p2a: Annihilape|Annihilape, M|100\/100\n|-activate|p2a: Annihilape|move: Sticky Web\n|-unboost|p2a: Annihilape|spe|1\n|move|p1a: Skeledirge|Torch Song|p2a: Annihilape\n|-damage|p2a: Annihilape|62\/100\n|-boost|p1a: Skeledirge|spa|1\n|\n|-heal|p1a: Skeledirge|95\/100|[from] item: Leftovers\n|upkeep\n|turn|9\n|\n|t:|1698868616\n|move|p1a: Skeledirge|Shadow Ball|p2a: Annihilape\n|-supereffective|p2a: Annihilape\n|-damage|p2a: Annihilape|0 fnt\n|faint|p2a: Annihilape\n|\n|-heal|p1a: Skeledirge|100\/100|[from] item: Leftovers\n|upkeep\n|c|\u2606bonelesswings14|coool\n|\n|t:|1698868629\n|switch|p2a: Palafin|Palafin, F|100\/100\n|-activate|p2a: Palafin|move: Sticky Web\n|-unboost|p2a: Palafin|spe|1\n|turn|10\n|\n|t:|1698868636\n|detailschange|p2a: Palafin|Palafin-Hero, F\n|switch|p2a: Ogerpon|Ogerpon-Hearthflame, F|19\/100\n|-activate|p2a: Ogerpon|move: Sticky Web\n|-unboost|p2a: Ogerpon|spe|1\n|-ability|p2a: Ogerpon|Mold Breaker\n|move|p1a: Skeledirge|Will-O-Wisp|p2a: Ogerpon\n|-immune|p2a: Ogerpon\n|\n|upkeep\n|turn|11\n|\n|t:|1698868656\n|move|p2a: Ogerpon|Giga Drain|p1a: Skeledirge\n|-resisted|p1a: Skeledirge\n|-damage|p1a: Skeledirge|90\/100\n|-heal|p2a: Ogerpon|26\/100|[from] drain|[of] p1a: Skeledirge\n|move|p1a: Skeledirge|Torch Song|p2a: Ogerpon\n|-damage|p2a: Ogerpon|0 fnt\n|-boost|p1a: Skeledirge|spa|1\n|faint|p2a: Ogerpon\n|\n|-heal|p1a: Skeledirge|96\/100|[from] item: Leftovers\n|upkeep\n|inactive|bonelesswings14 has 120 seconds left.\n|\n|t:|1698868671\n|switch|p2a: Palafin|Palafin-Hero, F|100\/100\n|-activate|p2a: Palafin|move: Sticky Web\n|-unboost|p2a: Palafin|spe|1\n|-activate|p2a: Palafin|ability: Zero to Hero\n|turn|12\n|\n|t:|1698868682\n|switch|p1a: Koraidon|Koraidon|100\/100\n|-weather|SunnyDay|[from] ability: Orichalcum Pulse|[of] p1a: Koraidon\n|-activate|p1a: Koraidon|Orichalcum Pulse|[source]\n|move|p2a: Palafin|Waterfall|p1a: Koraidon\n|-resisted|p1a: Koraidon\n|-damage|p1a: Koraidon|92\/100\n|\n|-weather|SunnyDay|[upkeep]\n|upkeep\n|turn|13\n|inactive|bonelesswings14 has 120 seconds left.\n|\n|t:|1698868702\n|move|p1a: Koraidon|U-turn|p2a: Palafin\n|-damage|p2a: Palafin|53\/100\n|\n|t:|1698868706\n|switch|p1a: Skeledirge|Skeledirge, F|96\/100|[from] U-turn\n|move|p2a: Palafin|Draining Kiss|p1a: Skeledirge\n|-resisted|p1a: Skeledirge\n|-damage|p1a: Skeledirge|89\/100\n|-heal|p2a: Palafin|60\/100|[from] drain|[of] p1a: Skeledirge\n|\n|-weather|SunnyDay|[upkeep]\n|-heal|p2a: Palafin|66\/100|[from] item: Leftovers\n|-heal|p1a: Skeledirge|95\/100|[from] item: Leftovers\n|upkeep\n|turn|14\n|-message|bonelesswings14 forfeited.\n|\n|win|I\u2665GENERATION7ALOT\n|raw|I\u2665GENERATION7ALOT's rating: 1157 &rarr; <strong>1174<\/strong><br \/>(+17 for winning)\n|raw|bonelesswings14's rating: 1040 &rarr; <strong>1029<\/strong><br \/>(-11 for losing)\n|l|\u2606bonelesswings14\n","uploadtime":1698868726,"views":17,"p1id":"igeneration7alot","p2id":"bonelesswings14","formatid":"gen9ubers","rating":1029,"private":0,"password":""}