{"id":"gen9ubers-1982504001","p1":"RIOT#0557","p2":"FiniWinny","format":"[Gen 9] Ubers","log":"|j|\u2606RIOT#0557\n|j|\u2606FiniWinny\n|t:|1699020979\n|gametype|singles\n|player|p1|RIOT#0557|shadowtriad|1077\n|player|p2|FiniWinny|2|1102\n|teamsize|p1|6\n|teamsize|p2|6\n|gen|9\n|tier|[Gen 9] Ubers\n|rated|\n|rule|Sleep Clause Mod: Limit one foe put to sleep\n|rule|Species Clause: Limit one of each Pok\u00e9mon\n|rule|OHKO Clause: OHKO moves are banned\n|rule|Evasion Items Clause: Evasion items are banned\n|rule|Evasion Moves Clause: Evasion moves are banned\n|rule|Endless Battle Clause: Forcing endless battles is banned\n|rule|HP Percentage Mod: HP is shown in percentages\n|clearpoke\n|poke|p1|Pincurchin, M|\n|poke|p1|Espathra, M|\n|poke|p1|Kleavor, M|\n|poke|p1|Iron Leaves|\n|poke|p1|Giratina-Origin|\n|poke|p1|Rayquaza|\n|poke|p2|Ribombee, M|\n|poke|p2|Kyogre|\n|poke|p2|Koraidon|\n|poke|p2|Skeledirge, M|\n|poke|p2|Arceus|\n|poke|p2|Great Tusk|\n|teampreview\n|\n|t:|1699020988\n|start\n|switch|p1a: Kleavor|Kleavor, M|100\/100\n|switch|p2a: Ribombee|Ribombee, M|100\/100\n|turn|1\n|\n|t:|1699021015\n|move|p2a: Ribombee|Sticky Web|p1a: Kleavor\n|-sidestart|p1: RIOT#0557|move: Sticky Web\n|move|p1a: Kleavor|Stone Axe|p2a: Ribombee\n|-supereffective|p2a: Ribombee\n|-enditem|p2a: Ribombee|Focus Sash\n|-damage|p2a: Ribombee|1\/100\n|-sidestart|p2: FiniWinny|move: Stealth Rock\n|-damage|p1a: Kleavor|91\/100|[from] item: Life Orb\n|\n|upkeep\n|turn|2\n|inactive|Battle timer is ON: inactive players will automatically lose when time's up. (requested by RIOT#0557)\n|\n|t:|1699021028\n|move|p2a: Ribombee|Tailwind|p2a: Ribombee\n|-sidestart|p2: FiniWinny|move: Tailwind\n|move|p1a: Kleavor|Stone Axe|p2a: Ribombee\n|-supereffective|p2a: Ribombee\n|-damage|p2a: Ribombee|0 fnt\n|faint|p2a: Ribombee\n|-damage|p1a: Kleavor|81\/100|[from] item: Life Orb\n|\n|upkeep\n|\n|t:|1699021036\n|switch|p2a: Great Tusk|Great Tusk|100\/100\n|turn|3\n|inactive|RIOT#0557 has 120 seconds left.\n|inactive|RIOT#0557 has 90 seconds left.\n|\n|t:|1699021121\n|move|p2a: Great Tusk|Bulk Up|p2a: Great Tusk\n|-boost|p2a: Great Tusk|atk|1\n|-boost|p2a: Great Tusk|def|1\n|move|p1a: Kleavor|Close Combat|p2a: Great Tusk\n|-damage|p2a: Great Tusk|78\/100\n|-unboost|p1a: Kleavor|def|1\n|-unboost|p1a: Kleavor|spd|1\n|-damage|p1a: Kleavor|71\/100|[from] item: Life Orb\n|\n|upkeep\n|turn|4\n|\n|t:|1699021133\n|switch|p1a: Giratina|Giratina-Origin|100\/100\n|move|p2a: Great Tusk|Rapid Spin|p1a: Giratina\n|-immune|p1a: Giratina\n|\n|upkeep\n|turn|5\n|\n|t:|1699021140\n|move|p2a: Great Tusk|Ice Spinner|p1a: Giratina\n|-supereffective|p1a: Giratina\n|-crit|p1a: Giratina\n|-damage|p1a: Giratina|0 fnt\n|faint|p1a: Giratina\n|\n|-sideend|p2: FiniWinny|move: Tailwind\n|upkeep\n|\n|t:|1699021145\n|switch|p1a: Rayquaza|Rayquaza|100\/100\n|-ability|p1a: Rayquaza|Air Lock\n|turn|6\n|\n|t:|1699021165\n|move|p1a: Rayquaza|Dragon Ascent|p2a: Great Tusk\n|-supereffective|p2a: Great Tusk\n|-damage|p2a: Great Tusk|17\/100\n|-unboost|p1a: Rayquaza|def|1\n|-unboost|p1a: Rayquaza|spd|1\n|move|p2a: Great Tusk|Rapid Spin|p1a: Rayquaza\n|-damage|p1a: Rayquaza|54\/100\n|-boost|p2a: Great Tusk|spe|1\n|-sideend|p2: FiniWinny|Stealth Rock|[from] move: Rapid Spin|[of] p2a: Great Tusk\n|\n|upkeep\n|turn|7\n|\n|t:|1699021177\n|move|p2a: Great Tusk|Ice Spinner|p1a: Rayquaza\n|-supereffective|p1a: Rayquaza\n|-damage|p1a: Rayquaza|0 fnt\n|faint|p1a: Rayquaza\n|\n|upkeep\n|\n|t:|1699021185\n|switch|p1a: Kleavor|Kleavor, M|71\/100\n|-activate|p1a: Kleavor|move: Sticky Web\n|-unboost|p1a: Kleavor|spe|1\n|turn|8\n|\n|t:|1699021192\n|move|p2a: Great Tusk|Headlong Rush|p1a: Kleavor\n|-damage|p1a: Kleavor|0 fnt\n|-unboost|p2a: Great Tusk|def|1\n|-unboost|p2a: Great Tusk|spd|1\n|faint|p1a: Kleavor\n|\n|upkeep\n|\n|t:|1699021199\n|switch|p1a: Espathra|Espathra, M|100\/100\n|-activate|p1a: Espathra|move: Sticky Web\n|-unboost|p1a: Espathra|spe|1\n|turn|9\n|\n|t:|1699021210\n|-end|p2a: Great Tusk|Protosynthesis|[silent]\n|switch|p2a: Arceus|Arceus|100\/100\n|move|p1a: Espathra|Protect||[still]\n|-fail|p1a: Espathra\n|\n|-ability|p1a: Espathra|Speed Boost|boost\n|-boost|p1a: Espathra|spe|1\n|upkeep\n|turn|10\n|\n|t:|1699021218\n|move|p1a: Espathra|Calm Mind|p1a: Espathra\n|-boost|p1a: Espathra|spa|1\n|-boost|p1a: Espathra|spd|1\n|move|p2a: Arceus|Swords Dance|p2a: Arceus\n|-boost|p2a: Arceus|atk|2\n|\n|-ability|p1a: Espathra|Speed Boost|boost\n|-boost|p1a: Espathra|spe|1\n|upkeep\n|turn|11\n|inactive|RIOT#0557 has 90 seconds left.\n|\n|t:|1699021246\n|move|p1a: Espathra|Protect|p1a: Espathra\n|-singleturn|p1a: Espathra|Protect\n|move|p2a: Arceus|Extreme Speed|p1a: Espathra\n|-activate|p1a: Espathra|move: Protect\n|\n|-ability|p1a: Espathra|Speed Boost|boost\n|-boost|p1a: Espathra|spe|1\n|upkeep\n|turn|12\n|\n|t:|1699021257\n|move|p2a: Arceus|Extreme Speed|p1a: Espathra\n|-damage|p1a: Espathra|0 fnt\n|faint|p1a: Espathra\n|\n|upkeep\n|-message|RIOT#0557 forfeited.\n|\n|win|FiniWinny\n|raw|RIOT#0557's rating: 1077 &rarr; <strong>1057<\/strong><br \/>(-20 for losing)\n|raw|FiniWinny's rating: 1102 &rarr; <strong>1125<\/strong><br \/>(+23 for winning)\n|l|\u2606RIOT#0557\n","uploadtime":1699021271,"views":11,"p1id":"riot0557","p2id":"finiwinny","formatid":"gen9ubers","rating":1057,"private":0,"password":""}