{"id":"gen9ubers-1970602747","p1":"Envymetta_TTV","p2":"Snorlaxchef","format":"[Gen 9] Ubers","log":"|j|\u2606Envymetta_TTV\n|j|\u2606Snorlaxchef\n|t:|1697651654\n|gametype|singles\n|player|p1|Envymetta_TTV|acetrainer-gen4|1419\n|player|p2|Snorlaxchef|sailor|1484\n|teamsize|p1|6\n|teamsize|p2|6\n|gen|9\n|tier|[Gen 9] Ubers\n|rated|\n|rule|Sleep Clause Mod: Limit one foe put to sleep\n|rule|Species Clause: Limit one of each Pok\u00e9mon\n|rule|OHKO Clause: OHKO moves are banned\n|rule|Evasion Items Clause: Evasion items are banned\n|rule|Evasion Moves Clause: Evasion moves are banned\n|rule|Endless Battle Clause: Forcing endless battles is banned\n|rule|HP Percentage Mod: HP is shown in percentages\n|clearpoke\n|poke|p1|Shaymin-Sky|\n|poke|p1|Darkrai|\n|poke|p1|Arceus|\n|poke|p1|Dialga-Origin|\n|poke|p1|Giratina-Origin|\n|poke|p1|Garchomp, F|\n|poke|p2|Corviknight, M|\n|poke|p2|Blissey, F|\n|poke|p2|Clodsire, M|\n|poke|p2|Toxapex, M|\n|poke|p2|Arceus-Fairy|\n|poke|p2|Dondozo, M|\n|teampreview\n|inactive|Battle timer is ON: inactive players will automatically lose when time's up. (requested by Snorlaxchef)\n|\n|t:|1697651675\n|start\n|switch|p1a: Darkrai|Darkrai, shiny|100\/100\n|switch|p2a: Arceus|Arceus-Fairy|100\/100\n|turn|1\n|\n|t:|1697651684\n|switch|p2a: Dondozo|Dondozo, M|100\/100\n|move|p1a: Darkrai|Hypnosis|p2a: Dondozo|[miss]\n|-miss|p1a: Darkrai|p2a: Dondozo\n|\n|upkeep\n|turn|2\n|\n|t:|1697651689\n|move|p1a: Darkrai|Hypnosis|p2a: Dondozo\n|-status|p2a: Dondozo|slp|[from] move: Hypnosis\n|cant|p2a: Dondozo|slp\n|\n|-damage|p2a: Dondozo|88\/100 slp|[from] ability: Bad Dreams|[of] p1a: Darkrai\n|upkeep\n|turn|3\n|j| Yawnmouse\n|\n|t:|1697651709\n|switch|p2a: Clodsire|Clodsire, M|100\/100\n|move|p1a: Darkrai|Dark Pulse|p2a: Clodsire\n|-crit|p2a: Clodsire\n|-damage|p2a: Clodsire|68\/100\n|\n|-heal|p2a: Clodsire|74\/100|[from] item: Leftovers\n|upkeep\n|turn|4\n|\n|t:|1697651715\n|move|p1a: Darkrai|Substitute|p1a: Darkrai\n|-start|p1a: Darkrai|Substitute\n|-damage|p1a: Darkrai|76\/100\n|move|p2a: Clodsire|Spikes|p1a: Darkrai\n|-sidestart|p1: Envymetta_TTV|Spikes\n|\n|-heal|p2a: Clodsire|81\/100|[from] item: Leftovers\n|upkeep\n|turn|5\n|\n|t:|1697651720\n|move|p1a: Darkrai|Ice Beam|p2a: Clodsire\n|-supereffective|p2a: Clodsire\n|-damage|p2a: Clodsire|44\/100\n|move|p2a: Clodsire|Earthquake|p1a: Darkrai\n|-end|p1a: Darkrai|Substitute\n|\n|-heal|p2a: Clodsire|50\/100|[from] item: Leftovers\n|upkeep\n|turn|6\n|\n|t:|1697651727\n|move|p1a: Darkrai|Ice Beam|p2a: Clodsire\n|-supereffective|p2a: Clodsire\n|-damage|p2a: Clodsire|12\/100\n|-status|p2a: Clodsire|frz\n|cant|p2a: Clodsire|frz\n|\n|-heal|p2a: Clodsire|19\/100 frz|[from] item: Leftovers\n|upkeep\n|turn|7\n|\n|t:|1697651733\n|move|p1a: Darkrai|Ice Beam|p2a: Clodsire\n|-supereffective|p2a: Clodsire\n|-damage|p2a: Clodsire|0 fnt\n|faint|p2a: Clodsire\n|\n|upkeep\n|c|\u2606Snorlaxchef|I cant like this jajajaja\n|\n|t:|1697651743\n|switch|p2a: Blissey|Blissey, F|100\/100\n|turn|8\n|\n|t:|1697651752\n|switch|p1a: Giratina|Giratina-Origin, shiny|100\/100\n|move|p2a: Blissey|Stealth Rock|p1a: Giratina\n|-sidestart|p1: Envymetta_TTV|move: Stealth Rock\n|\n|upkeep\n|turn|9\n|\n|t:|1697651757\n|switch|p2a: Toxapex|Toxapex, M|100\/100\n|move|p1a: Giratina|Defog|p2a: Toxapex\n|-unboost|p2a: Toxapex|evasion|1\n|-sideend|p1: Envymetta_TTV|Spikes|[from] move: Defog|[of] p1a: Giratina\n|-sideend|p1: Envymetta_TTV|Stealth Rock|[from] move: Defog|[of] p1a: Giratina\n|\n|upkeep\n|turn|10\n|\n|t:|1697651782\n|switch|p1a: Dialga|Dialga-Origin, shiny|100\/100\n|-ability|p1a: Dialga|Pressure\n|move|p2a: Toxapex|Infestation|p1a: Dialga\n|-resisted|p1a: Dialga\n|-damage|p1a: Dialga|99\/100\n|-activate|p1a: Dialga|move: Infestation|[of] p2a: Toxapex\n|\n|-damage|p1a: Dialga|87\/100|[from] move: Infestation|[partiallytrapped]\n|upkeep\n|turn|11\n|\n|t:|1697651786\n|move|p2a: Toxapex|Baneful Bunker|p2a: Toxapex\n|-singleturn|p2a: Toxapex|move: Protect\n|move|p1a: Dialga|Stealth Rock|p2a: Toxapex\n|-sidestart|p2: Snorlaxchef|move: Stealth Rock\n|\n|-damage|p1a: Dialga|75\/100|[from] move: Infestation|[partiallytrapped]\n|upkeep\n|turn|12\n|\n|t:|1697651790\n|move|p1a: Dialga|Dragon Pulse|p2a: Toxapex\n|-damage|p2a: Toxapex|51\/100\n|move|p2a: Toxapex|Recover|p2a: Toxapex\n|-heal|p2a: Toxapex|100\/100\n|\n|-damage|p1a: Dialga|62\/100|[from] move: Infestation|[partiallytrapped]\n|upkeep\n|turn|13\n|\n|t:|1697651797\n|move|p2a: Toxapex|Baneful Bunker|p2a: Toxapex\n|-singleturn|p2a: Toxapex|move: Protect\n|move|p1a: Dialga|Dragon Pulse|p2a: Toxapex\n|-activate|p2a: Toxapex|move: Protect\n|\n|-damage|p1a: Dialga|50\/100|[from] move: Infestation|[partiallytrapped]\n|upkeep\n|turn|14\n|\n|t:|1697651804\n|move|p1a: Dialga|Dragon Pulse|p2a: Toxapex\n|-damage|p2a: Toxapex|43\/100\n|move|p2a: Toxapex|Recover|p2a: Toxapex\n|-heal|p2a: Toxapex|93\/100\n|\n|-end|p1a: Dialga|Infestation|[partiallytrapped]\n|upkeep\n|turn|15\n|\n|t:|1697651816\n|switch|p2a: Blissey|Blissey, F|100\/100\n|move|p1a: Dialga|Dragon Pulse|p2a: Blissey\n|-damage|p2a: Blissey|83\/100\n|\n|upkeep\n|turn|16\n|inactive|Envymetta_TTV has 120 seconds left.\n|\n|t:|1697651850\n|move|p1a: Dialga|Steel Beam|p2a: Blissey\n|-damage|p2a: Blissey|51\/100\n|-damage|p1a: Dialga|0 fnt|[from] steelbeam\n|faint|p1a: Dialga\n|move|p2a: Blissey|Stealth Rock|p1: Dialga\n|-sidestart|p1: Envymetta_TTV|move: Stealth Rock\n|\n|upkeep\n|inactive|Envymetta_TTV has 120 seconds left.\n|\n|t:|1697651859\n|switch|p1a: Arceus|Arceus, shiny|100\/100\n|-damage|p1a: Arceus|88\/100|[from] Stealth Rock\n|turn|17\n|\n|t:|1697651868\n|switch|p2a: Corviknight|Corviknight, M|100\/100\n|-damage|p2a: Corviknight|88\/100|[from] Stealth Rock\n|-ability|p2a: Corviknight|Pressure\n|move|p1a: Arceus|Swords Dance|p1a: Arceus\n|-boost|p1a: Arceus|atk|2\n|\n|-heal|p1a: Arceus|94\/100|[from] item: Leftovers\n|-heal|p2a: Corviknight|94\/100|[from] item: Leftovers\n|upkeep\n|turn|18\n|\n|t:|1697651873\n|-terastallize|p1a: Arceus|Ghost\n|move|p1a: Arceus|Taunt|p2a: Corviknight\n|-start|p2a: Corviknight|move: Taunt\n|move|p2a: Corviknight|U-turn|p1a: Arceus\n|-resisted|p1a: Arceus\n|-damage|p1a: Arceus|89\/100\n|\n|t:|1697651894\n|switch|p2a: Dondozo|Dondozo, M|88\/100 slp|[from] U-turn\n|\n|-heal|p1a: Arceus|96\/100|[from] item: Leftovers\n|upkeep\n|turn|19\n|\n|t:|1697651900\n|move|p1a: Arceus|Shadow Claw|p2a: Dondozo\n|-damage|p2a: Dondozo|70\/100 slp\n|cant|p2a: Dondozo|slp\n|move|p2a: Dondozo|Sleep Talk|p2a: Dondozo\n|move|p2a: Dondozo|Rest||[from]move: Sleep Talk|[still]\n|-fail|p2a: Dondozo\n|\n|-heal|p1a: Arceus|100\/100|[from] item: Leftovers\n|upkeep\n|turn|20\n|\n|t:|1697651906\n|move|p1a: Arceus|Shadow Claw|p2a: Dondozo\n|-crit|p2a: Dondozo\n|-damage|p2a: Dondozo|44\/100 slp\n|cant|p2a: Dondozo|slp\n|\n|upkeep\n|turn|21\n|\n|t:|1697651911\n|move|p1a: Arceus|Taunt|p2a: Dondozo\n|-start|p2a: Dondozo|move: Taunt\n|-curestatus|p2a: Dondozo|slp|[msg]\n|cant|p2a: Dondozo|move: Taunt|Rest\n|\n|upkeep\n|turn|22\n|\n|t:|1697651918\n|move|p1a: Arceus|Shadow Claw|p2a: Dondozo\n|-damage|p2a: Dondozo|27\/100\n|move|p2a: Dondozo|Liquidation|p1a: Arceus\n|-damage|p1a: Arceus|82\/100\n|\n|-heal|p1a: Arceus|88\/100|[from] item: Leftovers\n|upkeep\n|turn|23\n|\n|t:|1697651923\n|move|p1a: Arceus|Shadow Claw|p2a: Dondozo\n|-damage|p2a: Dondozo|10\/100\n|move|p2a: Dondozo|Liquidation|p1a: Arceus\n|-damage|p1a: Arceus|69\/100\n|\n|-heal|p1a: Arceus|75\/100|[from] item: Leftovers\n|-end|p2a: Dondozo|move: Taunt\n|upkeep\n|turn|24\n|\n|t:|1697651927\n|move|p1a: Arceus|Shadow Claw|p2a: Dondozo\n|-damage|p2a: Dondozo|0 fnt\n|faint|p2a: Dondozo\n|\n|-heal|p1a: Arceus|82\/100|[from] item: Leftovers\n|upkeep\n|\n|t:|1697651929\n|switch|p2a: Toxapex|Toxapex, M|100\/100\n|-damage|p2a: Toxapex|88\/100|[from] Stealth Rock\n|turn|25\n|\n|t:|1697651932\n|move|p1a: Arceus|Taunt|p2a: Toxapex\n|-start|p2a: Toxapex|move: Taunt\n|move|p2a: Toxapex|Infestation|p1a: Arceus\n|-resisted|p1a: Arceus\n|-damage|p1a: Arceus|81\/100\n|-activate|p1a: Arceus|move: Infestation|[of] p2a: Toxapex\n|\n|-heal|p1a: Arceus|87\/100|[from] item: Leftovers\n|-damage|p1a: Arceus|75\/100|[from] move: Infestation|[partiallytrapped]\n|upkeep\n|turn|26\n|\n|t:|1697651938\n|move|p1a: Arceus|Shadow Claw|p2a: Toxapex\n|-damage|p2a: Toxapex|43\/100\n|-damage|p1a: Arceus|58\/100|[from] item: Rocky Helmet|[of] p2a: Toxapex\n|move|p2a: Toxapex|Infestation|p1a: Arceus\n|-resisted|p1a: Arceus\n|-damage|p1a: Arceus|57\/100\n|\n|-heal|p1a: Arceus|63\/100|[from] item: Leftovers\n|-damage|p1a: Arceus|51\/100|[from] move: Infestation|[partiallytrapped]\n|upkeep\n|turn|27\n|\n|t:|1697651942\n|switch|p2a: Corviknight|Corviknight, M|94\/100\n|-damage|p2a: Corviknight|82\/100|[from] Stealth Rock\n|-ability|p2a: Corviknight|Pressure\n|move|p1a: Arceus|Shadow Claw|p2a: Corviknight\n|-damage|p2a: Corviknight|39\/100\n|\n|-heal|p1a: Arceus|57\/100|[from] item: Leftovers\n|-heal|p2a: Corviknight|46\/100|[from] item: Leftovers\n|-end|p1a: Arceus|Infestation|[partiallytrapped]|[silent]\n|upkeep\n|turn|28\n|\n|t:|1697651952\n|move|p1a: Arceus|Shadow Claw|p2a: Corviknight\n|-crit|p2a: Corviknight\n|-damage|p2a: Corviknight|0 fnt\n|faint|p2a: Corviknight\n|\n|-heal|p1a: Arceus|63\/100|[from] item: Leftovers\n|upkeep\n|-message|Snorlaxchef forfeited.\n|\n|win|Envymetta_TTV\n|raw|Envymetta_TTV's rating: 1419 &rarr; <strong>1443<\/strong><br \/>(+24 for winning)\n|raw|Snorlaxchef's rating: 1484 &rarr; <strong>1460<\/strong><br \/>(-24 for losing)\n|l|\u2606Snorlaxchef\n","uploadtime":1697651963,"views":13,"p1id":"envymettattv","p2id":"snorlaxchef","formatid":"gen9ubers","rating":1443,"private":0,"password":""}