{"id":"gen9ubers-1993494092","p1":"Soul-Shards","p2":"Gatita golosa 123","format":"[Gen 9] Ubers","log":"|j|\u2606Soul-Shards\n|j|\u2606Gatita golosa 123\n|t:|1700324558\n|gametype|singles\n|player|p1|Soul-Shards|flannery|\n|player|p2|Gatita golosa 123|pokekid|\n|teamsize|p1|6\n|teamsize|p2|6\n|gen|9\n|tier|[Gen 9] Ubers\n|rule|Sleep Clause Mod: Limit one foe put to sleep\n|rule|Species Clause: Limit one of each Pok\u00e9mon\n|rule|OHKO Clause: OHKO moves are banned\n|rule|Evasion Items Clause: Evasion items are banned\n|rule|Evasion Moves Clause: Evasion moves are banned\n|rule|Endless Battle Clause: Forcing endless battles is banned\n|rule|HP Percentage Mod: HP is shown in percentages\n|clearpoke\n|poke|p1|Gliscor, F|\n|poke|p1|Ogerpon-Hearthflame, F|\n|poke|p1|Snorlax, M|\n|poke|p1|Sinistcha|\n|poke|p1|Mandibuzz, F|\n|poke|p1|Empoleon, M|\n|poke|p2|Ursaluna-Bloodmoon, M|\n|poke|p2|Ogerpon-Hearthflame, F|\n|poke|p2|Politoed, M|\n|poke|p2|Ludicolo, F|\n|poke|p2|Basculegion, M|\n|poke|p2|Mandibuzz, F|\n|teampreview\n|inactive|Battle timer is ON: inactive players will automatically lose when time's up. (requested by Soul-Shards)\n|\n|t:|1700324568\n|start\n|switch|p1a: Gliscor|Gliscor, F|100\/100\n|switch|p2a: Ogerpon|Ogerpon-Hearthflame, F|100\/100\n|-ability|p2a: Ogerpon|Mold Breaker\n|turn|1\n|\n|t:|1700324576\n|move|p2a: Ogerpon|Swords Dance|p2a: Ogerpon\n|-boost|p2a: Ogerpon|atk|2\n|move|p1a: Gliscor|Stealth Rock|p2a: Ogerpon\n|-sidestart|p2: Gatita golosa 123|move: Stealth Rock\n|\n|-status|p1a: Gliscor|tox|[from] item: Toxic Orb\n|upkeep\n|turn|2\n|\n|t:|1700324588\n|move|p2a: Ogerpon|Ivy Cudgel|p1a: Gliscor|[anim] Ivy Cudgel Fire\n|-damage|p1a: Gliscor|33\/100 tox\n|move|p1a: Gliscor|Earthquake|p2a: Ogerpon\n|-damage|p2a: Ogerpon|53\/100\n|\n|-heal|p1a: Gliscor|45\/100 tox|[from] ability: Poison Heal\n|upkeep\n|turn|3\n|\n|t:|1700324597\n|move|p1a: Gliscor|Protect|p1a: Gliscor\n|-singleturn|p1a: Gliscor|Protect\n|move|p2a: Ogerpon|Swords Dance|p2a: Ogerpon\n|-boost|p2a: Ogerpon|atk|2\n|\n|-heal|p1a: Gliscor|57\/100 tox|[from] ability: Poison Heal\n|upkeep\n|turn|4\n|\n|t:|1700324619\n|-terastallize|p1a: Gliscor|Water\n|move|p2a: Ogerpon|Trailblaze|p1a: Gliscor\n|-supereffective|p1a: Gliscor\n|-damage|p1a: Gliscor|0 fnt\n|-boost|p2a: Ogerpon|spe|1\n|faint|p1a: Gliscor\n|\n|upkeep\n|\n|t:|1700324627\n|switch|p1a: Mandibuzz|Mandibuzz, F|100\/100\n|turn|5\n|\n|t:|1700324633\n|-terastallize|p2a: Ogerpon|Fire\n|detailschange|p2a: Ogerpon|Ogerpon-Hearthflame-Tera, F, tera:Fire\n|-ability|p2a: Ogerpon|Embody Aspect (Hearthflame)|boost\n|-boost|p2a: Ogerpon|atk|1\n|move|p2a: Ogerpon|Ivy Cudgel|p1a: Mandibuzz|[anim] Ivy Cudgel Fire\n|-damage|p1a: Mandibuzz|0 fnt\n|faint|p1a: Mandibuzz\n|\n|upkeep\n|\n|t:|1700324650\n|switch|p1a: Empoleon|Empoleon, M|100\/100\n|turn|6\n|\n|t:|1700324654\n|move|p2a: Ogerpon|Ivy Cudgel|p1a: Empoleon|[anim] Ivy Cudgel Fire\n|-damage|p1a: Empoleon|0 fnt\n|faint|p1a: Empoleon\n|\n|upkeep\n|\n|t:|1700324659\n|switch|p1a: Sinistcha|Sinistcha|100\/100\n|turn|7\n|c|\u2606Soul-Shards|gg\n|\n|t:|1700324668\n|move|p2a: Ogerpon|Ivy Cudgel|p1a: Sinistcha|[anim] Ivy Cudgel Fire\n|-supereffective|p1a: Sinistcha\n|-damage|p1a: Sinistcha|0 fnt\n|faint|p1a: Sinistcha\n|\n|upkeep\n|c|\u2606Soul-Shards|si sere imbecil yo\n|\n|t:|1700324674\n|switch|p1a: Ogerpon|Ogerpon-Hearthflame, F|100\/100\n|-ability|p1a: Ogerpon|Mold Breaker\n|turn|8\n|-message|Soul-Shards forfeited.\n|\n|win|Gatita golosa 123\n|c|\u2606Gatita golosa 123|Sorry\n|c|\u2606Soul-Shards|nah no te preocupes\n|l|\u2606Soul-Shards\n","uploadtime":1700324742,"views":6,"p1id":"soulshards","p2id":"gatitagolosa123","formatid":"gen9ubers","rating":0,"private":0,"password":""}