{"id":"gen9ubers-1997325929","p1":"WARIOROFLIBERATION","p2":"thunderbug","format":"[Gen 9] Ubers","log":"|j|\u2606WARIOROFLIBERATION\n|j|\u2606thunderbug\n|t:|1700789706\n|gametype|singles\n|player|p1|WARIOROFLIBERATION|red-gen2|1559\n|player|p2|thunderbug|bugsy-gen2|1532\n|teamsize|p1|6\n|teamsize|p2|6\n|gen|9\n|tier|[Gen 9] Ubers\n|rated|\n|rule|Sleep Clause Mod: Limit one foe put to sleep\n|rule|Species Clause: Limit one of each Pok\u00e9mon\n|rule|OHKO Clause: OHKO moves are banned\n|rule|Evasion Items Clause: Evasion items are banned\n|rule|Evasion Moves Clause: Evasion moves are banned\n|rule|Endless Battle Clause: Forcing endless battles is banned\n|rule|HP Percentage Mod: HP is shown in percentages\n|clearpoke\n|poke|p1|Ursaluna, M|\n|poke|p1|Calyrex-Ice|\n|poke|p1|Hatterene, F|\n|poke|p1|Magearna|\n|poke|p1|Basculegion, M|\n|poke|p1|Dialga-Origin|\n|poke|p2|Calyrex-Ice|\n|poke|p2|Miraidon|\n|poke|p2|Koraidon|\n|poke|p2|Ting-Lu|\n|poke|p2|Zacian-*|\n|poke|p2|Kyogre|\n|teampreview\n|\n|t:|1700789736\n|start\n|switch|p1a: Hatterene|Hatterene, F|100\/100\n|switch|p2a: Kyogre|Kyogre|100\/100\n|-weather|RainDance|[from] ability: Drizzle|[of] p2a: Kyogre\n|turn|1\n|inactive|Battle timer is ON: inactive players will automatically lose when time's up. (requested by WARIOROFLIBERATION)\n|\n|t:|1700789747\n|move|p2a: Kyogre|Substitute|p2a: Kyogre\n|-start|p2a: Kyogre|Substitute\n|-damage|p2a: Kyogre|75\/100\n|move|p1a: Hatterene|Trick Room|p1a: Hatterene\n|-fieldstart|move: Trick Room|[of] p1a: Hatterene\n|\n|-weather|RainDance|[upkeep]\n|-heal|p2a: Kyogre|82\/100|[from] item: Leftovers\n|upkeep\n|turn|2\n|\n|t:|1700789761\n|switch|p1a: Magearna|Magearna|100\/100\n|move|p2a: Kyogre|Calm Mind|p2a: Kyogre\n|-boost|p2a: Kyogre|spa|1\n|-boost|p2a: Kyogre|spd|1\n|\n|-weather|RainDance|[upkeep]\n|-heal|p2a: Kyogre|88\/100|[from] item: Leftovers\n|upkeep\n|turn|3\n|\n|t:|1700789772\n|move|p1a: Magearna|Volt Switch|p2a: Kyogre\n|-supereffective|p2a: Kyogre\n|-activate|p2a: Kyogre|move: Substitute|[damage]\n|\n|t:|1700789784\n|switch|p1a: Basculegion|Basculegion, M, shiny|100\/100|[from] Volt Switch\n|move|p2a: Kyogre|Substitute|p2a: Kyogre\n|-fail|p2a: Kyogre|move: Substitute\n|\n|-weather|RainDance|[upkeep]\n|-heal|p2a: Kyogre|94\/100|[from] item: Leftovers\n|upkeep\n|turn|4\n|\n|t:|1700789794\n|move|p1a: Basculegion|Wave Crash|p2a: Kyogre\n|-resisted|p2a: Kyogre\n|-end|p2a: Kyogre|Substitute\n|-damage|p1a: Basculegion|98\/100|[from] Recoil|[of] p2a: Kyogre\n|move|p2a: Kyogre|Substitute|p2a: Kyogre\n|-start|p2a: Kyogre|Substitute\n|-damage|p2a: Kyogre|69\/100\n|\n|-weather|RainDance|[upkeep]\n|-heal|p2a: Kyogre|75\/100|[from] item: Leftovers\n|upkeep\n|turn|5\n|\n|t:|1700789801\n|move|p1a: Basculegion|Wave Crash|p2a: Kyogre\n|-resisted|p2a: Kyogre\n|-end|p2a: Kyogre|Substitute\n|-damage|p1a: Basculegion|91\/100|[from] Recoil|[of] p2a: Kyogre\n|move|p2a: Kyogre|Origin Pulse|p1a: Basculegion\n|-resisted|p1a: Basculegion\n|-damage|p1a: Basculegion|31\/100\n|\n|-weather|none\n|-heal|p2a: Kyogre|81\/100|[from] item: Leftovers\n|-fieldend|move: Trick Room\n|upkeep\n|turn|6\n|\n|t:|1700789815\n|switch|p1a: Dialga|Dialga-Origin, shiny|100\/100\n|-ability|p1a: Dialga|Pressure\n|move|p2a: Kyogre|Origin Pulse|p1a: Dialga\n|-resisted|p1a: Dialga\n|-damage|p1a: Dialga|71\/100\n|\n|-heal|p2a: Kyogre|88\/100|[from] item: Leftovers\n|upkeep\n|turn|7\n|j| A-Pec 110\n|inactive|WARIOROFLIBERATION has 120 seconds left.\n|\n|t:|1700789849\n|move|p2a: Kyogre|Substitute|p2a: Kyogre\n|-start|p2a: Kyogre|Substitute\n|-damage|p2a: Kyogre|63\/100\n|move|p1a: Dialga|Stealth Rock|p2a: Kyogre\n|-sidestart|p2: thunderbug|move: Stealth Rock\n|\n|-heal|p2a: Kyogre|69\/100|[from] item: Leftovers\n|upkeep\n|turn|8\n|\n|t:|1700789857\n|move|p2a: Kyogre|Calm Mind|p2a: Kyogre\n|-boost|p2a: Kyogre|spa|1\n|-boost|p2a: Kyogre|spd|1\n|move|p1a: Dialga|Trick Room|p1a: Dialga\n|-fieldstart|move: Trick Room|[of] p1a: Dialga\n|\n|-heal|p2a: Kyogre|75\/100|[from] item: Leftovers\n|upkeep\n|turn|9\n|\n|t:|1700789864\n|move|p1a: Dialga|Draco Meteor|p2a: Kyogre\n|-end|p2a: Kyogre|Substitute\n|-unboost|p1a: Dialga|spa|2\n|move|p2a: Kyogre|Calm Mind|p2a: Kyogre\n|-boost|p2a: Kyogre|spa|1\n|-boost|p2a: Kyogre|spd|1\n|\n|-heal|p2a: Kyogre|81\/100|[from] item: Leftovers\n|upkeep\n|turn|10\n|\n|t:|1700789888\n|switch|p1a: Basculegion|Basculegion, M, shiny|31\/100\n|move|p2a: Kyogre|Substitute|p2a: Kyogre\n|-start|p2a: Kyogre|Substitute\n|-damage|p2a: Kyogre|56\/100\n|\n|-heal|p2a: Kyogre|62\/100|[from] item: Leftovers\n|upkeep\n|turn|11\n|inactive|thunderbug has 120 seconds left.\n|\n|t:|1700789932\n|move|p1a: Basculegion|Last Respects|p2a: Kyogre\n|-end|p2a: Kyogre|Substitute\n|move|p2a: Kyogre|Substitute|p2a: Kyogre\n|-start|p2a: Kyogre|Substitute\n|-damage|p2a: Kyogre|37\/100\n|\n|-heal|p2a: Kyogre|44\/100|[from] item: Leftovers\n|upkeep\n|turn|12\n|inactive|WARIOROFLIBERATION has 120 seconds left.\n|\n|t:|1700789954\n|move|p1a: Basculegion|Last Respects|p2a: Kyogre\n|-end|p2a: Kyogre|Substitute\n|move|p2a: Kyogre|Ice Beam|p1a: Basculegion\n|-resisted|p1a: Basculegion\n|-damage|p1a: Basculegion|0 fnt\n|faint|p1a: Basculegion\n|\n|-heal|p2a: Kyogre|50\/100|[from] item: Leftovers\n|-fieldend|move: Trick Room\n|upkeep\n|inactive|WARIOROFLIBERATION has 120 seconds left.\n|\n|t:|1700789965\n|switch|p1a: Hatterene|Hatterene, F|100\/100\n|turn|13\n|inactive|thunderbug has 120 seconds left.\n|\n|t:|1700789995\n|move|p2a: Kyogre|Origin Pulse|p1a: Hatterene|[miss]\n|-miss|p2a: Kyogre|p1a: Hatterene\n|move|p1a: Hatterene|Trick Room|p1a: Hatterene\n|-fieldstart|move: Trick Room|[of] p1a: Hatterene\n|\n|-heal|p2a: Kyogre|56\/100|[from] item: Leftovers\n|upkeep\n|turn|14\n|inactive|WARIOROFLIBERATION has 120 seconds left.\n|\n|t:|1700790014\n|move|p1a: Hatterene|Healing Wish|p1a: Hatterene\n|faint|p1a: Hatterene\n|move|p2a: Kyogre|Substitute|p2a: Kyogre\n|-start|p2a: Kyogre|Substitute\n|-damage|p2a: Kyogre|31\/100\n|\n|-heal|p2a: Kyogre|37\/100|[from] item: Leftovers\n|upkeep\n|inactive|WARIOROFLIBERATION has 120 seconds left.\n|\n|t:|1700790028\n|switch|p1a: Calyrex|Calyrex-Ice|100\/100\n|-ability|p1a: Calyrex|As One\n|-ability|p1a: Calyrex|Unnerve\n|turn|15\n|inactive|WARIOROFLIBERATION has 120 seconds left.\n|inactive|thunderbug has 120 seconds left.\n|\n|t:|1700790056\n|move|p1a: Calyrex|Glacial Lance|p2a: Kyogre\n|-resisted|p2a: Kyogre\n|-end|p2a: Kyogre|Substitute\n|move|p2a: Kyogre|Substitute|p2a: Kyogre\n|-start|p2a: Kyogre|Substitute\n|-damage|p2a: Kyogre|12\/100\n|\n|-heal|p2a: Kyogre|18\/100|[from] item: Leftovers\n|upkeep\n|turn|16\n|inactive|WARIOROFLIBERATION has 120 seconds left.\n|\n|t:|1700790081\n|move|p1a: Calyrex|Glacial Lance|p2a: Kyogre\n|-resisted|p2a: Kyogre\n|-end|p2a: Kyogre|Substitute\n|move|p2a: Kyogre|Origin Pulse|p1a: Calyrex\n|-damage|p1a: Calyrex|18\/100\n|\n|-heal|p2a: Kyogre|25\/100|[from] item: Leftovers\n|upkeep\n|turn|17\n|\n|t:|1700790091\n|move|p1a: Calyrex|Glacial Lance|p2a: Kyogre\n|-resisted|p2a: Kyogre\n|-damage|p2a: Kyogre|0 fnt\n|faint|p2a: Kyogre\n|-ability|p1a: Calyrex|Chilling Neigh|boost\n|-boost|p1a: Calyrex|atk|1\n|\n|-fieldend|move: Trick Room\n|upkeep\n|\n|t:|1700790111\n|switch|p2a: Koraidon|Koraidon|100\/100\n|-damage|p2a: Koraidon|94\/100|[from] Stealth Rock\n|-weather|SunnyDay|[from] ability: Orichalcum Pulse|[of] p2a: Koraidon\n|-activate|p2a: Koraidon|Orichalcum Pulse|[source]\n|turn|18\n|inactive|WARIOROFLIBERATION has 120 seconds left.\n|inactive|WARIOROFLIBERATION has 90 seconds left.\n|\n|t:|1700790162\n|switch|p1a: Magearna|Magearna|100\/100\n|move|p2a: Koraidon|Low Kick|p1a: Magearna\n|-damage|p1a: Magearna|64\/100\n|\n|-weather|SunnyDay|[upkeep]\n|upkeep\n|turn|19\n|\n|t:|1700790177\n|-terastallize|p2a: Koraidon|Fire\n|-terastallize|p1a: Magearna|Water\n|move|p2a: Koraidon|Flare Blitz|p1a: Magearna\n|-resisted|p1a: Magearna\n|-damage|p1a: Magearna|24\/100\n|-damage|p2a: Koraidon|80\/100|[from] Recoil\n|move|p1a: Magearna|Trick Room|p1a: Magearna\n|-fieldstart|move: Trick Room|[of] p1a: Magearna\n|\n|-weather|SunnyDay|[upkeep]\n|upkeep\n|turn|20\n|\n|t:|1700790188\n|move|p1a: Magearna|Steel Beam|p2a: Koraidon\n|-resisted|p2a: Koraidon\n|-damage|p2a: Koraidon|50\/100\n|-damage|p1a: Magearna|0 fnt|[from] steelbeam\n|faint|p1a: Magearna\n|move|p2a: Koraidon|Low Kick|p1: Magearna|[notarget]\n|-fail|p2a: Koraidon\n|\n|-weather|SunnyDay|[upkeep]\n|upkeep\n|\n|t:|1700790197\n|switch|p1a: Calyrex|Calyrex-Ice|18\/100\n|-ability|p1a: Calyrex|As One\n|-ability|p1a: Calyrex|Unnerve\n|-heal|p1a: Calyrex|100\/100|[from] move: Healing Wish\n|turn|21\n|inactive|thunderbug has 90 seconds left.\n|\n|t:|1700790225\n|switch|p2a: Zacian|Zacian-Crowned|100\/100\n|-damage|p2a: Zacian|94\/100|[from] Stealth Rock\n|-ability|p2a: Zacian|Intrepid Sword|boost\n|-boost|p2a: Zacian|atk|1\n|move|p1a: Calyrex|Stomping Tantrum|p2a: Zacian\n|-supereffective|p2a: Zacian\n|-damage|p2a: Zacian|27\/100\n|\n|-weather|SunnyDay|[upkeep]\n|upkeep\n|turn|22\n|inactive|thunderbug has 90 seconds left.\n|\n|t:|1700790244\n|move|p1a: Calyrex|Glacial Lance|p2a: Zacian\n|-resisted|p2a: Zacian\n|-damage|p2a: Zacian|0 fnt\n|faint|p2a: Zacian\n|-ability|p1a: Calyrex|Chilling Neigh|boost\n|-boost|p1a: Calyrex|atk|1\n|\n|-weather|none\n|upkeep\n|\n|t:|1700790248\n|switch|p2a: Miraidon|Miraidon|100\/100\n|-damage|p2a: Miraidon|88\/100|[from] Stealth Rock\n|-fieldstart|move: Electric Terrain|[from] ability: Hadron Engine|[of] p2a: Miraidon\n|turn|23\n|\n|t:|1700790265\n|move|p1a: Calyrex|Stomping Tantrum|p2a: Miraidon\n|-supereffective|p2a: Miraidon\n|-damage|p2a: Miraidon|0 fnt\n|faint|p2a: Miraidon\n|-ability|p1a: Calyrex|Chilling Neigh|boost\n|-boost|p1a: Calyrex|atk|1\n|\n|-fieldend|move: Trick Room\n|upkeep\n|j| mattreltien\n|\n|t:|1700790278\n|switch|p2a: Koraidon|Koraidon, tera:Fire|50\/100\n|-damage|p2a: Koraidon|25\/100|[from] Stealth Rock\n|-weather|SunnyDay|[from] ability: Orichalcum Pulse|[of] p2a: Koraidon\n|-activate|p2a: Koraidon|Orichalcum Pulse|[source]\n|turn|24\n|\n|t:|1700790291\n|switch|p1a: Dialga|Dialga-Origin, shiny|71\/100\n|-ability|p1a: Dialga|Pressure\n|move|p2a: Koraidon|Flare Blitz|p1a: Dialga\n|-damage|p1a: Dialga|0 fnt\n|faint|p1a: Dialga\n|-damage|p2a: Koraidon|0 fnt|[from] Recoil\n|faint|p2a: Koraidon\n|\n|-weather|SunnyDay|[upkeep]\n|upkeep\n|\n|t:|1700790307\n|switch|p2a: Calyrex|Calyrex-Ice|100\/100\n|switch|p1a: Calyrex|Calyrex-Ice|100\/100\n|-ability|p2a: Calyrex|As One\n|-ability|p2a: Calyrex|Unnerve\n|-ability|p1a: Calyrex|As One\n|-ability|p1a: Calyrex|Unnerve\n|turn|25\n|\n|t:|1700790320\n|move|p2a: Calyrex|High Horsepower|p1a: Calyrex\n|-damage|p1a: Calyrex|76\/100\n|move|p1a: Calyrex|Swords Dance|p1a: Calyrex\n|-boost|p1a: Calyrex|atk|2\n|\n|-weather|SunnyDay|[upkeep]\n|upkeep\n|turn|26\n|\n|t:|1700790337\n|move|p2a: Calyrex|Taunt|p1a: Calyrex\n|-start|p1a: Calyrex|move: Taunt\n|move|p1a: Calyrex|Glacial Lance|p2a: Calyrex\n|-resisted|p2a: Calyrex\n|-damage|p2a: Calyrex|48\/100\n|\n|-weather|SunnyDay|[upkeep]\n|upkeep\n|turn|27\n|inactive|thunderbug has 120 seconds left.\n|\n|t:|1700790345\n|move|p2a: Calyrex|Glacial Lance|p1a: Calyrex\n|-resisted|p1a: Calyrex\n|-damage|p1a: Calyrex|50\/100\n|move|p1a: Calyrex|Glacial Lance|p2a: Calyrex\n|-resisted|p2a: Calyrex\n|-damage|p2a: Calyrex|1\/100\n|\n|-weather|SunnyDay|[upkeep]\n|-fieldend|move: Electric Terrain\n|upkeep\n|turn|28\n|\n|t:|1700790353\n|move|p1a: Calyrex|Glacial Lance|p2a: Calyrex\n|-resisted|p2a: Calyrex\n|-damage|p2a: Calyrex|0 fnt\n|faint|p2a: Calyrex\n|-ability|p1a: Calyrex|Chilling Neigh|boost\n|-boost|p1a: Calyrex|atk|1\n|\n|-weather|none\n|-end|p1a: Calyrex|move: Taunt\n|upkeep\n|-message|thunderbug forfeited.\n|\n|win|WARIOROFLIBERATION\n|raw|WARIOROFLIBERATION's rating: 1559 &rarr; <strong>1577<\/strong><br \/>(+18 for winning)\n|raw|thunderbug's rating: 1532 &rarr; <strong>1514<\/strong><br \/>(-18 for losing)\n|l|\u2606thunderbug\n|c|\u2606WARIOROFLIBERATION|gg\n","uploadtime":1700790366,"views":4,"p1id":"wariorofliberation","p2id":"thunderbug","formatid":"gen9ubers","rating":1514,"private":0,"password":""}