{"id":"gen9ubers-1984931532","p1":"silastf","p2":"IshaNn","format":"[Gen 9] Ubers","log":"|j|\u2606silastf\n|j|\u2606IshaNn\n|t:|1699312040\n|gametype|singles\n|player|p1|silastf|2|\n|player|p2|IshaNn|koga|\n|teamsize|p1|6\n|teamsize|p2|6\n|gen|9\n|tier|[Gen 9] Ubers\n|rule|Sleep Clause Mod: Limit one foe put to sleep\n|rule|Species Clause: Limit one of each Pok\u00e9mon\n|rule|OHKO Clause: OHKO moves are banned\n|rule|Evasion Items Clause: Evasion items are banned\n|rule|Evasion Moves Clause: Evasion moves are banned\n|rule|Endless Battle Clause: Forcing endless battles is banned\n|rule|HP Percentage Mod: HP is shown in percentages\n|clearpoke\n|poke|p1|Greninja-*, M|\n|poke|p1|Infernape, M|\n|poke|p1|Tinkaton, F|\n|poke|p1|Spiritomb, F|\n|poke|p1|Weezing-Galar, M|\n|poke|p1|Garchomp, F|\n|poke|p2|Baxcalibur, M|\n|poke|p2|Thundurus, M|\n|poke|p2|Ninetales-Alola, M|\n|poke|p2|Volcarona, M|\n|poke|p2|Empoleon, M|\n|poke|p2|Lycanroc, M|\n|teampreview\n|j| KaoVT\n|\n|t:|1699312246\n|start\n|switch|p1a: Greninja|Greninja, M|100\/100\n|switch|p2a: Kyukon|Ninetales-Alola, M|100\/100\n|-weather|Snow|[from] ability: Snow Warning|[of] p2a: Kyukon\n|turn|1\n|\n|t:|1699312315\n|move|p1a: Greninja|Brick Break|p2a: Kyukon\n|-start|p1a: Greninja|typechange|Fighting|[from] ability: Protean\n|-damage|p2a: Kyukon|67\/100\n|-damage|p1a: Greninja|91\/100|[from] item: Life Orb\n|move|p2a: Kyukon|Aurora Veil|p2a: Kyukon\n|-sidestart|p2: IshaNn|move: Aurora Veil\n|\n|-weather|Snow|[upkeep]\n|upkeep\n|turn|2\n|\n|t:|1699312396\n|switch|p2a: Voltolos|Thundurus, M|100\/100\n|move|p1a: Greninja|Brick Break|p2a: Voltolos\n|-sideend|p2: IshaNn|move: Aurora Veil\n|-resisted|p2a: Voltolos\n|-damage|p2a: Voltolos|67\/100\n|-damage|p1a: Greninja|81\/100|[from] item: Life Orb\n|\n|-weather|Snow|[upkeep]\n|upkeep\n|turn|3\n|\n|t:|1699312443\n|move|p2a: Voltolos|Psychic|p1a: Greninja\n|-supereffective|p1a: Greninja\n|-damage|p1a: Greninja|0 fnt\n|faint|p1a: Greninja\n|\n|-weather|Snow|[upkeep]\n|upkeep\n|\n|t:|1699312459\n|switch|p1a: Garchomp|Garchomp, F|100\/100\n|turn|4\n|j| xegrizzy\n|\n|t:|1699312535\n|move|p2a: Voltolos|Psychic|p1a: Garchomp\n|-damage|p1a: Garchomp|77\/100\n|move|p1a: Garchomp|Iron Head|p2a: Voltolos\n|-resisted|p2a: Voltolos\n|-damage|p2a: Voltolos|49\/100\n|\n|-weather|Snow|[upkeep]\n|-heal|p1a: Garchomp|83\/100|[from] item: Leftovers\n|upkeep\n|turn|5\n|\n|t:|1699312542\n|move|p2a: Voltolos|Psychic|p1a: Garchomp\n|-damage|p1a: Garchomp|62\/100\n|move|p1a: Garchomp|Stone Edge|p2a: Voltolos|[miss]\n|-miss|p1a: Garchomp|p2a: Voltolos\n|\n|-weather|none\n|-heal|p1a: Garchomp|69\/100|[from] item: Leftovers\n|upkeep\n|turn|6\n|\n|t:|1699312550\n|move|p2a: Voltolos|Psychic|p1a: Garchomp\n|-damage|p1a: Garchomp|47\/100\n|move|p1a: Garchomp|Stone Edge|p2a: Voltolos\n|-supereffective|p2a: Voltolos\n|-damage|p2a: Voltolos|0 fnt\n|faint|p2a: Voltolos\n|\n|-heal|p1a: Garchomp|54\/100|[from] item: Leftovers\n|upkeep\n|\n|t:|1699312567\n|switch|p2a: Lugarugan|Lycanroc, M|100\/100\n|turn|7\n|\n|t:|1699312581\n|move|p2a: Lugarugan|Play Rough|p1a: Garchomp\n|-supereffective|p1a: Garchomp\n|-damage|p1a: Garchomp|0 fnt\n|-damage|p2a: Lugarugan|88\/100|[from] ability: Rough Skin|[of] p1a: Garchomp\n|faint|p1a: Garchomp\n|-damage|p2a: Lugarugan|78\/100|[from] item: Life Orb\n|\n|upkeep\n|\n|t:|1699312590\n|switch|p1a: Infernape|Infernape, M|100\/100\n|turn|8\n|\n|t:|1699312629\n|-singleturn|p1a: Infernape|move: Focus Punch\n|move|p2a: Lugarugan|Drill Run|p1a: Infernape\n|-supereffective|p1a: Infernape\n|-damage|p1a: Infernape|0 fnt\n|faint|p1a: Infernape\n|-damage|p2a: Lugarugan|68\/100|[from] item: Life Orb\n|\n|upkeep\n|\n|t:|1699312641\n|switch|p1a: Tinkaton|Tinkaton, F|100\/100\n|-ability|p1a: Tinkaton|Mold Breaker\n|turn|9\n|\n|t:|1699312645\n|move|p1a: Tinkaton|Fake Out|p2a: Lugarugan\n|-resisted|p2a: Lugarugan\n|-damage|p2a: Lugarugan|61\/100\n|cant|p2a: Lugarugan|flinch\n|-ability|p2a: Lugarugan|Steadfast|boost\n|-boost|p2a: Lugarugan|spe|1\n|\n|upkeep\n|turn|10\n|c|\u2606silastf|I did not read the move right lol\n|\n|t:|1699312661\n|switch|p1a: Weezing|Weezing-Galar, M|100\/100\n|move|p2a: Lugarugan|Drill Run|p1a: Weezing\n|-immune|p1a: Weezing|[from] ability: Levitate\n|\n|upkeep\n|turn|11\n|\n|t:|1699312672\n|move|p2a: Lugarugan|Iron Head|p1a: Weezing\n|-supereffective|p1a: Weezing\n|-damage|p1a: Weezing|40\/100\n|-damage|p2a: Lugarugan|51\/100|[from] item: Life Orb\n|cant|p1a: Weezing|flinch\n|\n|-heal|p1a: Weezing|46\/100|[from] item: Leftovers\n|upkeep\n|turn|12\n|\n|t:|1699312677\n|move|p2a: Lugarugan|Iron Head|p1a: Weezing\n|-supereffective|p1a: Weezing\n|-damage|p1a: Weezing|0 fnt\n|faint|p1a: Weezing\n|-damage|p2a: Lugarugan|41\/100|[from] item: Life Orb\n|\n|upkeep\n|l| xegrizzy\n|\n|t:|1699312682\n|switch|p1a: Spiritomb|Spiritomb, F|100\/100\n|turn|13\n|\n|t:|1699312689\n|move|p2a: Lugarugan|Play Rough|p1a: Spiritomb\n|-supereffective|p1a: Spiritomb\n|-damage|p1a: Spiritomb|27\/100\n|-damage|p2a: Lugarugan|31\/100|[from] item: Life Orb\n|move|p1a: Spiritomb|Dark Pulse|p2a: Lugarugan\n|-damage|p2a: Lugarugan|0 fnt\n|faint|p2a: Lugarugan\n|\n|-heal|p1a: Spiritomb|33\/100|[from] item: Leftovers\n|upkeep\n|\n|t:|1699312723\n|switch|p2a: Ulgamoth|Volcarona, M|100\/100\n|turn|14\n|\n|t:|1699312754\n|-terastallize|p1a: Spiritomb|Dark\n|move|p2a: Ulgamoth|Quiver Dance|p2a: Ulgamoth\n|-boost|p2a: Ulgamoth|spa|1\n|-boost|p2a: Ulgamoth|spd|1\n|-boost|p2a: Ulgamoth|spe|1\n|move|p1a: Spiritomb|Hypnosis|p2a: Ulgamoth|[miss]\n|-miss|p1a: Spiritomb|p2a: Ulgamoth\n|\n|-heal|p1a: Spiritomb|39\/100|[from] item: Leftovers\n|upkeep\n|turn|15\n|\n|t:|1699312764\n|move|p2a: Ulgamoth|Fiery Dance|p1a: Spiritomb\n|-damage|p1a: Spiritomb|0 fnt\n|-boost|p2a: Ulgamoth|spa|1\n|faint|p1a: Spiritomb\n|\n|upkeep\n|\n|t:|1699312778\n|switch|p1a: Tinkaton|Tinkaton, F|100\/100\n|-ability|p1a: Tinkaton|Mold Breaker\n|turn|16\n|\n|t:|1699312783\n|move|p1a: Tinkaton|Fake Out|p2a: Ulgamoth\n|-damage|p2a: Ulgamoth|84\/100\n|cant|p2a: Ulgamoth|flinch\n|\n|upkeep\n|turn|17\n|\n|t:|1699312785\n|move|p2a: Ulgamoth|Fiery Dance|p1a: Tinkaton\n|-supereffective|p1a: Tinkaton\n|-damage|p1a: Tinkaton|0 fnt\n|-boost|p2a: Ulgamoth|spa|1\n|faint|p1a: Tinkaton\n|\n|win|IshaNn\n|c|\u2606silastf|gg!\n|c|\u2606IshaNn|gg\n|l|\u2606silastf\n","uploadtime":1699312889,"views":60,"p1id":"silastf","p2id":"ishann","formatid":"gen9ubers","rating":0,"private":0,"password":""}