{"id":"gen9ubers-1973214472","p1":"ferguma","p2":"PKMNSGaming!","format":"[Gen 9] Ubers","log":"|j|\u2606ferguma\n|j|\u2606PKMNSGaming!\n|t:|1697940280\n|gametype|singles\n|player|p1|ferguma|n|\n|player|p2|PKMNSGaming!|170|\n|teamsize|p1|6\n|teamsize|p2|6\n|gen|9\n|tier|[Gen 9] Ubers\n|rule|Sleep Clause Mod: Limit one foe put to sleep\n|rule|Species Clause: Limit one of each Pok\u00e9mon\n|rule|OHKO Clause: OHKO moves are banned\n|rule|Evasion Items Clause: Evasion items are banned\n|rule|Evasion Moves Clause: Evasion moves are banned\n|rule|Endless Battle Clause: Forcing endless battles is banned\n|rule|HP Percentage Mod: HP is shown in percentages\n|clearpoke\n|poke|p1|Pelipper, F|\n|poke|p1|Basculegion, M|\n|poke|p1|Scizor, F|\n|poke|p1|Zapdos|\n|poke|p1|Gastrodon, M|\n|poke|p1|Braviary-Hisui, M|\n|poke|p2|Electrode|\n|poke|p2|Cyclizar, M|\n|poke|p2|Iron Jugulis|\n|poke|p2|Volcanion|\n|poke|p2|Amoonguss, F|\n|poke|p2|Appletun, M|\n|teampreview\n|j| Pakuiui\n|\n|t:|1697940298\n|start\n|switch|p1a: Scizor|Scizor, F|100\/100\n|switch|p2a: John Ammerman|Cyclizar, M|100\/100\n|turn|1\n|c|\u2606PKMNSGaming!|hello joseph\n|\n|t:|1697940309\n|switch|p1a: Pelipper|Pelipper, F|100\/100\n|-weather|RainDance|[from] ability: Drizzle|[of] p1a: Pelipper\n|move|p2a: John Ammerman|Knock Off|p1a: Pelipper\n|-damage|p1a: Pelipper|78\/100\n|-enditem|p1a: Pelipper|Damp Rock|[from] move: Knock Off|[of] p2a: John Ammerman\n|\n|-weather|RainDance|[upkeep]\n|upkeep\n|turn|2\n|\n|t:|1697940313\n|move|p2a: John Ammerman|Wild Charge|p1a: Pelipper\n|-supereffective|p1a: Pelipper\n|-damage|p1a: Pelipper|0 fnt\n|faint|p1a: Pelipper\n|-damage|p2a: John Ammerman|79\/100|[from] Recoil\n|\n|-weather|RainDance|[upkeep]\n|upkeep\n|\n|t:|1697940341\n|switch|p1a: Basculegion|Basculegion, M|100\/100\n|turn|3\n|\n|t:|1697940348\n|switch|p2a: PICKLE RICK!!!!|Amoonguss, F, shiny|100\/100\n|move|p1a: Basculegion|Flip Turn|p2a: PICKLE RICK!!!!\n|-resisted|p2a: PICKLE RICK!!!!\n|-damage|p2a: PICKLE RICK!!!!|73\/100\n|-damage|p1a: Basculegion|84\/100|[from] item: Rocky Helmet|[of] p2a: PICKLE RICK!!!!\n|\n|t:|1697940354\n|switch|p1a: Braviary|Braviary-Hisui, M, shiny|100\/100|[from] Flip Turn\n|\n|-weather|RainDance|[upkeep]\n|upkeep\n|turn|4\n|\n|t:|1697940405\n|switch|p2a: The Benchwarmer|Iron Jugulis|100\/100\n|move|p1a: Braviary|Calm Mind|p1a: Braviary\n|-boost|p1a: Braviary|spa|1\n|-boost|p1a: Braviary|spd|1\n|\n|-weather|RainDance|[upkeep]\n|upkeep\n|turn|5\n|\n|t:|1697940421\n|-terastallize|p1a: Braviary|Dark\n|move|p2a: The Benchwarmer|Hurricane|p1a: Braviary\n|-damage|p1a: Braviary|59\/100\n|move|p1a: Braviary|Hurricane|p2a: The Benchwarmer\n|-damage|p2a: The Benchwarmer|20\/100\n|\n|-weather|RainDance|[upkeep]\n|upkeep\n|turn|6\n|\n|t:|1697940427\n|move|p2a: The Benchwarmer|Hurricane|p1a: Braviary\n|-damage|p1a: Braviary|21\/100\n|move|p1a: Braviary|Roost|p1a: Braviary\n|-heal|p1a: Braviary|71\/100\n|\n|-weather|RainDance|[upkeep]\n|upkeep\n|turn|7\n|\n|t:|1697940431\n|move|p2a: The Benchwarmer|Hurricane|p1a: Braviary\n|-damage|p1a: Braviary|32\/100\n|move|p1a: Braviary|Roost|p1a: Braviary\n|-heal|p1a: Braviary|82\/100\n|\n|-weather|RainDance|[upkeep]\n|upkeep\n|turn|8\n|\n|t:|1697940435\n|move|p2a: The Benchwarmer|Hurricane|p1a: Braviary\n|-damage|p1a: Braviary|40\/100\n|move|p1a: Braviary|Roost|p1a: Braviary\n|-heal|p1a: Braviary|90\/100\n|\n|-weather|none\n|upkeep\n|turn|9\n|\n|t:|1697940441\n|move|p2a: The Benchwarmer|Hurricane|p1a: Braviary\n|-damage|p1a: Braviary|48\/100\n|-start|p1a: Braviary|confusion\n|-enditem|p1a: Braviary|Lum Berry|[eat]\n|-end|p1a: Braviary|confusion\n|move|p1a: Braviary|Calm Mind|p1a: Braviary\n|-boost|p1a: Braviary|spa|1\n|-boost|p1a: Braviary|spd|1\n|\n|upkeep\n|turn|10\n|\n|t:|1697940523\n|-end|p2a: The Benchwarmer|Quark Drive|[silent]\n|switch|p2a: John Ammerman|Cyclizar, M|100\/100\n|move|p1a: Braviary|Roost|p1a: Braviary\n|-heal|p1a: Braviary|98\/100\n|\n|upkeep\n|turn|11\n|\n|t:|1697940536\n|move|p2a: John Ammerman|U-turn|p1a: Braviary\n|-supereffective|p1a: Braviary\n|-damage|p1a: Braviary|54\/100\n|\n|t:|1697940543\n|switch|p2a: The Benchwarmer|Iron Jugulis|20\/100|[from] U-turn\n|move|p1a: Braviary|Esper Wing|p2a: The Benchwarmer\n|-immune|p2a: The Benchwarmer\n|\n|upkeep\n|turn|12\n|\n|t:|1697940547\n|move|p2a: The Benchwarmer|U-turn|p1a: Braviary\n|-supereffective|p1a: Braviary\n|-damage|p1a: Braviary|25\/100\n|j| the_loogie\n|\n|t:|1697940573\n|-end|p2a: The Benchwarmer|Quark Drive|[silent]\n|switch|p2a: John Ammerman|Cyclizar, M|100\/100|[from] U-turn\n|move|p1a: Braviary|Roost|p1a: Braviary\n|-heal|p1a: Braviary|75\/100\n|\n|upkeep\n|turn|13\n|\n|t:|1697940578\n|move|p2a: John Ammerman|U-turn|p1a: Braviary\n|-supereffective|p1a: Braviary\n|-damage|p1a: Braviary|25\/100\n|\n|t:|1697940584\n|switch|p2a: pie flavored pie|Appletun, M|100\/100|[from] U-turn\n|move|p1a: Braviary|Roost|p1a: Braviary\n|-heal|p1a: Braviary|75\/100\n|\n|upkeep\n|turn|14\n|\n|t:|1697940590\n|-terastallize|p2a: pie flavored pie|Steel\n|move|p1a: Braviary|Esper Wing|p2a: pie flavored pie\n|-resisted|p2a: pie flavored pie\n|-damage|p2a: pie flavored pie|59\/100\n|-boost|p1a: Braviary|spe|1\n|move|p2a: pie flavored pie|Leech Seed|p1a: Braviary\n|-start|p1a: Braviary|move: Leech Seed\n|\n|-heal|p2a: pie flavored pie|66\/100|[from] item: Leftovers\n|-damage|p1a: Braviary|62\/100|[from] Leech Seed|[of] p2a: pie flavored pie\n|-heal|p2a: pie flavored pie|78\/100|[silent]\n|upkeep\n|turn|15\n|\n|t:|1697940597\n|move|p1a: Braviary|Hurricane|p2a: pie flavored pie|[miss]\n|-miss|p1a: Braviary|p2a: pie flavored pie\n|move|p2a: pie flavored pie|Recover|p2a: pie flavored pie\n|-heal|p2a: pie flavored pie|100\/100\n|\n|-damage|p1a: Braviary|50\/100|[from] Leech Seed|[of] p2a: pie flavored pie\n|upkeep\n|turn|16\n|\n|t:|1697940605\n|move|p1a: Braviary|Hurricane|p2a: pie flavored pie|[miss]\n|-miss|p1a: Braviary|p2a: pie flavored pie\n|move|p2a: pie flavored pie|Apple Acid|p1a: Braviary\n|-damage|p1a: Braviary|35\/100\n|-unboost|p1a: Braviary|spd|1\n|\n|-damage|p1a: Braviary|22\/100|[from] Leech Seed|[of] p2a: pie flavored pie\n|upkeep\n|turn|17\n|\n|t:|1697940608\n|move|p1a: Braviary|Roost|p1a: Braviary\n|-heal|p1a: Braviary|72\/100\n|move|p2a: pie flavored pie|Recover||[still]\n|-fail|p2a: pie flavored pie|heal\n|\n|-damage|p1a: Braviary|60\/100|[from] Leech Seed|[of] p2a: pie flavored pie\n|upkeep\n|turn|18\n|\n|t:|1697940611\n|move|p1a: Braviary|Hurricane|p2a: pie flavored pie\n|-resisted|p2a: pie flavored pie\n|-damage|p2a: pie flavored pie|42\/100\n|-start|p2a: pie flavored pie|confusion\n|-activate|p2a: pie flavored pie|confusion\n|move|p2a: pie flavored pie|Apple Acid|p1a: Braviary\n|-damage|p1a: Braviary|38\/100\n|-unboost|p1a: Braviary|spd|1\n|\n|-heal|p2a: pie flavored pie|48\/100|[from] item: Leftovers\n|-damage|p1a: Braviary|25\/100|[from] Leech Seed|[of] p2a: pie flavored pie\n|-heal|p2a: pie flavored pie|60\/100|[silent]\n|upkeep\n|turn|19\n|c| Pakuiui|oh i didn't see the hello til now lol\n|\n|t:|1697940624\n|switch|p2a: The Benchwarmer|Iron Jugulis|20\/100\n|move|p1a: Braviary|Roost|p1a: Braviary\n|-heal|p1a: Braviary|75\/100\n|\n|-damage|p1a: Braviary|63\/100|[from] Leech Seed|[of] p2a: The Benchwarmer\n|-heal|p2a: The Benchwarmer|36\/100|[silent]\n|upkeep\n|turn|20\n|c| Pakuiui|sup ethan\n|\n|t:|1697940629\n|switch|p1a: Scizor|Scizor, F|100\/100\n|move|p2a: The Benchwarmer|U-turn|p1a: Scizor\n|-resisted|p1a: Scizor\n|-damage|p1a: Scizor|93\/100\n|\n|t:|1697940635\n|-end|p2a: The Benchwarmer|Quark Drive|[silent]\n|switch|p2a: Jeffrey hates him|Volcanion|100\/100|[from] U-turn\n|\n|-heal|p1a: Scizor|99\/100|[from] item: Leftovers\n|upkeep\n|turn|21\n|\n|t:|1697940644\n|switch|p1a: Gastrodon|Gastrodon, M|100\/100\n|move|p2a: Jeffrey hates him|Steam Eruption|p1a: Gastrodon\n|-ability|p1a: Gastrodon|Storm Drain|boost\n|-boost|p1a: Gastrodon|spa|1\n|\n|upkeep\n|turn|22\n|\n|t:|1697940659\n|switch|p2a: PICKLE RICK!!!!|Amoonguss, F, shiny|100\/100\n|move|p1a: Gastrodon|Spikes|p2a: PICKLE RICK!!!!\n|-sidestart|p2: PKMNSGaming!|Spikes\n|\n|upkeep\n|turn|23\n|\n|t:|1697940667\n|switch|p1a: Basculegion|Basculegion, M|84\/100\n|move|p2a: PICKLE RICK!!!!|Toxic|p1a: Basculegion\n|-status|p1a: Basculegion|tox\n|\n|-damage|p1a: Basculegion|78\/100 tox|[from] psn\n|upkeep\n|turn|24\n|\n|t:|1697940677\n|switch|p1a: Braviary|Braviary-Hisui, M, shiny, tera:Dark|63\/100\n|switch|p2a: The Benchwarmer|Iron Jugulis|36\/100\n|\n|upkeep\n|turn|25\n|\n|t:|1697940683\n|switch|p1a: Zapdos|Zapdos|100\/100\n|move|p2a: The Benchwarmer|U-turn|p1a: Zapdos\n|-resisted|p1a: Zapdos\n|-damage|p1a: Zapdos|93\/100\n|-status|p2a: The Benchwarmer|par|[from] ability: Static|[of] p1a: Zapdos\n|\n|t:|1697940695\n|-end|p2a: The Benchwarmer|Quark Drive|[silent]\n|switch|p2a: pie flavored pie|Appletun, M, tera:Steel|60\/100|[from] U-turn\n|-damage|p2a: pie flavored pie|48\/100|[from] Spikes\n|\n|-heal|p2a: pie flavored pie|54\/100|[from] item: Leftovers\n|upkeep\n|turn|26\n|\n|t:|1697940701\n|move|p1a: Zapdos|Volt Switch|p2a: pie flavored pie\n|-damage|p2a: pie flavored pie|28\/100\n|\n|t:|1697940709\n|switch|p1a: Scizor|Scizor, F|99\/100|[from] Volt Switch\n|move|p2a: pie flavored pie|Recover|p2a: pie flavored pie\n|-heal|p2a: pie flavored pie|78\/100\n|\n|-heal|p1a: Scizor|100\/100|[from] item: Leftovers\n|-heal|p2a: pie flavored pie|84\/100|[from] item: Leftovers\n|upkeep\n|turn|27\n|\n|t:|1697940714\n|move|p1a: Scizor|Knock Off|p2a: pie flavored pie\n|-damage|p2a: pie flavored pie|54\/100\n|-enditem|p2a: pie flavored pie|Leftovers|[from] move: Knock Off|[of] p1a: Scizor\n|move|p2a: pie flavored pie|Leech Seed|p1a: Scizor|[miss]\n|-miss|p2a: pie flavored pie|p1a: Scizor\n|\n|upkeep\n|turn|28\n|\n|t:|1697940720\n|move|p1a: Scizor|U-turn|p2a: pie flavored pie\n|-resisted|p2a: pie flavored pie\n|-damage|p2a: pie flavored pie|39\/100\n|\n|t:|1697940722\n|switch|p1a: Basculegion|Basculegion, M|78\/100 tox|[from] U-turn\n|move|p2a: pie flavored pie|Recover|p2a: pie flavored pie\n|-heal|p2a: pie flavored pie|89\/100\n|\n|-damage|p1a: Basculegion|72\/100 tox|[from] psn\n|upkeep\n|turn|29\n|\n|t:|1697940731\n|move|p1a: Basculegion|Wave Crash|p2a: pie flavored pie\n|-damage|p2a: pie flavored pie|0 fnt\n|faint|p2a: pie flavored pie\n|-damage|p1a: Basculegion|39\/100 tox|[from] Recoil\n|\n|-damage|p1a: Basculegion|27\/100 tox|[from] psn\n|upkeep\n|\n|t:|1697940762\n|switch|p2a: John Ammerman|Cyclizar, M|100\/100\n|-damage|p2a: John Ammerman|88\/100|[from] Spikes\n|turn|30\n|\n|t:|1697940767\n|switch|p1a: Zapdos|Zapdos|93\/100\n|move|p2a: John Ammerman|Knock Off|p1a: Zapdos\n|-damage|p1a: Zapdos|56\/100\n|-enditem|p1a: Zapdos|Heavy-Duty Boots|[from] move: Knock Off|[of] p2a: John Ammerman\n|\n|upkeep\n|turn|31\n|\n|t:|1697940824\n|switch|p2a: PICKLE RICK!!!!|Amoonguss, F, shiny|100\/100\n|-damage|p2a: PICKLE RICK!!!!|88\/100|[from] Spikes\n|move|p1a: Zapdos|Roost|p1a: Zapdos\n|-heal|p1a: Zapdos|100\/100\n|-singleturn|p1a: Zapdos|move: Roost\n|\n|upkeep\n|turn|32\n|\n|t:|1697940845\n|switch|p2a: John Ammerman|Cyclizar, M|100\/100\n|-damage|p2a: John Ammerman|88\/100|[from] Spikes\n|move|p1a: Zapdos|Volt Switch|p2a: John Ammerman\n|-resisted|p2a: John Ammerman\n|-damage|p2a: John Ammerman|70\/100\n|\n|t:|1697940849\n|switch|p1a: Scizor|Scizor, F|100\/100|[from] Volt Switch\n|\n|upkeep\n|turn|33\n|\n|t:|1697940855\n|move|p2a: John Ammerman|Breaking Swipe|p1a: Scizor\n|-resisted|p1a: Scizor\n|-damage|p1a: Scizor|87\/100\n|-unboost|p1a: Scizor|atk|1\n|move|p1a: Scizor|Knock Off|p2a: John Ammerman\n|-damage|p2a: John Ammerman|35\/100\n|-enditem|p2a: John Ammerman|Assault Vest|[from] move: Knock Off|[of] p1a: Scizor\n|\n|-heal|p1a: Scizor|93\/100|[from] item: Leftovers\n|upkeep\n|turn|34\n|\n|t:|1697940861\n|move|p2a: John Ammerman|Knock Off|p1a: Scizor\n|-damage|p1a: Scizor|66\/100\n|-enditem|p1a: Scizor|Leftovers|[from] move: Knock Off|[of] p2a: John Ammerman\n|move|p1a: Scizor|U-turn|p2a: John Ammerman\n|-damage|p2a: John Ammerman|1\/100\n|\n|t:|1697940870\n|switch|p1a: Zapdos|Zapdos|100\/100|[from] U-turn\n|\n|upkeep\n|turn|35\n|\n|t:|1697940881\n|switch|p2a: The Benchwarmer|Iron Jugulis|36\/100 par\n|move|p1a: Zapdos|Volt Switch|p2a: The Benchwarmer\n|-supereffective|p2a: The Benchwarmer\n|-damage|p2a: The Benchwarmer|0 fnt\n|faint|p2a: The Benchwarmer\n|-end|p2a: The Benchwarmer|Quark Drive|[silent]\n|\n|t:|1697940888\n|switch|p1a: Scizor|Scizor, F|66\/100|[from] Volt Switch\n|\n|upkeep\n|\n|t:|1697940892\n|switch|p2a: Jeffrey hates him|Volcanion|100\/100\n|-damage|p2a: Jeffrey hates him|88\/100|[from] Spikes\n|turn|36\n|\n|t:|1697940910\n|switch|p1a: Gastrodon|Gastrodon, M|100\/100\n|move|p2a: Jeffrey hates him|Flamethrower|p1a: Gastrodon\n|-resisted|p1a: Gastrodon\n|-damage|p1a: Gastrodon|84\/100\n|\n|-heal|p1a: Gastrodon|90\/100|[from] item: Leftovers\n|upkeep\n|turn|37\n|\n|t:|1697940915\n|switch|p2a: PICKLE RICK!!!!|Amoonguss, F, shiny|100\/100\n|-damage|p2a: PICKLE RICK!!!!|88\/100|[from] Spikes\n|move|p1a: Gastrodon|Spikes|p2a: PICKLE RICK!!!!\n|-sidestart|p2: PKMNSGaming!|Spikes\n|\n|-heal|p1a: Gastrodon|96\/100|[from] item: Leftovers\n|upkeep\n|turn|38\n|\n|t:|1697940921\n|switch|p1a: Scizor|Scizor, F|66\/100\n|move|p2a: PICKLE RICK!!!!|Giga Drain|p1a: Scizor\n|-resisted|p1a: Scizor\n|-crit|p1a: Scizor\n|-damage|p1a: Scizor|59\/100\n|-heal|p2a: PICKLE RICK!!!!|91\/100|[from] drain|[of] p1a: Scizor\n|\n|upkeep\n|turn|39\n|\n|t:|1697940928\n|switch|p1a: Zapdos|Zapdos|100\/100\n|move|p2a: PICKLE RICK!!!!|Spore|p1a: Zapdos\n|-status|p1a: Zapdos|slp|[from] move: Spore\n|\n|upkeep\n|turn|40\n|\n|t:|1697940954\n|switch|p1a: Basculegion|Basculegion, M|27\/100 tox\n|switch|p2a: John Ammerman|Cyclizar, M|34\/100\n|-damage|p2a: John Ammerman|18\/100|[from] Spikes\n|\n|-damage|p1a: Basculegion|21\/100 tox|[from] psn\n|upkeep\n|turn|41\n|\n|t:|1697940959\n|move|p1a: Basculegion|Aqua Jet|p2a: John Ammerman\n|-resisted|p2a: John Ammerman\n|-damage|p2a: John Ammerman|0 fnt\n|faint|p2a: John Ammerman\n|\n|-damage|p1a: Basculegion|9\/100 tox|[from] psn\n|upkeep\n|\n|t:|1697940962\n|switch|p2a: PICKLE RICK!!!!|Amoonguss, F, shiny|100\/100\n|-damage|p2a: PICKLE RICK!!!!|84\/100|[from] Spikes\n|turn|42\n|\n|t:|1697940966\n|move|p1a: Basculegion|Aqua Jet|p2a: PICKLE RICK!!!!\n|-resisted|p2a: PICKLE RICK!!!!\n|-damage|p2a: PICKLE RICK!!!!|73\/100\n|-damage|p1a: Basculegion|0 fnt|[from] item: Rocky Helmet|[of] p2a: PICKLE RICK!!!!\n|faint|p1a: Basculegion\n|move|p2a: PICKLE RICK!!!!|Toxic|p1: Basculegion|[notarget]\n|-fail|p2a: PICKLE RICK!!!!\n|\n|upkeep\n|\n|t:|1697940969\n|switch|p1a: Braviary|Braviary-Hisui, M, shiny, tera:Dark|63\/100\n|turn|43\n|\n|t:|1697940976\n|move|p1a: Braviary|Calm Mind|p1a: Braviary\n|-boost|p1a: Braviary|spa|1\n|-boost|p1a: Braviary|spd|1\n|move|p2a: PICKLE RICK!!!!|Toxic|p1a: Braviary\n|-status|p1a: Braviary|tox\n|\n|-damage|p1a: Braviary|57\/100 tox|[from] psn\n|upkeep\n|turn|44\n|\n|t:|1697940979\n|switch|p2a: Jeffrey hates him|Volcanion|88\/100\n|-damage|p2a: Jeffrey hates him|72\/100|[from] Spikes\n|move|p1a: Braviary|Esper Wing|p2a: Jeffrey hates him\n|-damage|p2a: Jeffrey hates him|41\/100\n|-boost|p1a: Braviary|spe|1\n|\n|-damage|p1a: Braviary|44\/100 tox|[from] psn\n|upkeep\n|turn|45\n|\n|t:|1697940985\n|move|p1a: Braviary|Esper Wing|p2a: Jeffrey hates him\n|-damage|p2a: Jeffrey hates him|11\/100\n|-boost|p1a: Braviary|spe|1\n|move|p2a: Jeffrey hates him|Earth Power|p1a: Braviary\n|-damage|p1a: Braviary|17\/100 tox\n|\n|-damage|p1a: Braviary|0 fnt|[from] psn\n|faint|p1a: Braviary\n|upkeep\n|\n|t:|1697940994\n|switch|p1a: Gastrodon|Gastrodon, M|96\/100\n|turn|46\n|\n|t:|1697941002\n|switch|p2a: PICKLE RICK!!!!|Amoonguss, F, shiny|100\/100\n|-damage|p2a: PICKLE RICK!!!!|84\/100|[from] Spikes\n|move|p1a: Gastrodon|Spikes|p2a: PICKLE RICK!!!!\n|-sidestart|p2: PKMNSGaming!|Spikes\n|\n|-heal|p1a: Gastrodon|100\/100|[from] item: Leftovers\n|upkeep\n|turn|47\n|\n|t:|1697941008\n|switch|p1a: Scizor|Scizor, F|59\/100\n|switch|p2a: Balloon Boy|Electrode, shiny|100\/100\n|-damage|p2a: Balloon Boy|76\/100|[from] Spikes\n|\n|upkeep\n|turn|48\n|\n|t:|1697941012\n|switch|p1a: Gastrodon|Gastrodon, M|100\/100\n|move|p2a: Balloon Boy|Thunder|p1a: Gastrodon\n|-immune|p1a: Gastrodon\n|\n|upkeep\n|turn|49\n|\n|t:|1697941016\n|move|p2a: Balloon Boy|Thunder|p1a: Gastrodon\n|-immune|p1a: Gastrodon\n|move|p1a: Gastrodon|Earth Power|p2a: Balloon Boy\n|-supereffective|p2a: Balloon Boy\n|-damage|p2a: Balloon Boy|0 fnt\n|faint|p2a: Balloon Boy\n|\n|upkeep\n|\n|t:|1697941020\n|switch|p2a: PICKLE RICK!!!!|Amoonguss, F, shiny|100\/100\n|-damage|p2a: PICKLE RICK!!!!|75\/100|[from] Spikes\n|turn|50\n|\n|t:|1697941026\n|switch|p1a: Scizor|Scizor, F|59\/100\n|move|p2a: PICKLE RICK!!!!|Giga Drain|p1a: Scizor\n|-resisted|p1a: Scizor\n|-crit|p1a: Scizor\n|-damage|p1a: Scizor|52\/100\n|-heal|p2a: PICKLE RICK!!!!|79\/100|[from] drain|[of] p1a: Scizor\n|\n|upkeep\n|turn|51\n|\n|t:|1697941029\n|move|p1a: Scizor|Knock Off|p2a: PICKLE RICK!!!!\n|-damage|p2a: PICKLE RICK!!!!|53\/100\n|-damage|p1a: Scizor|35\/100|[from] item: Rocky Helmet|[of] p2a: PICKLE RICK!!!!\n|-enditem|p2a: PICKLE RICK!!!!|Rocky Helmet|[from] move: Knock Off|[of] p1a: Scizor\n|move|p2a: PICKLE RICK!!!!|Giga Drain|p1a: Scizor\n|-resisted|p1a: Scizor\n|-crit|p1a: Scizor\n|-damage|p1a: Scizor|27\/100\n|-heal|p2a: PICKLE RICK!!!!|56\/100|[from] drain|[of] p1a: Scizor\n|\n|upkeep\n|turn|52\n|\n|t:|1697941034\n|move|p1a: Scizor|Bullet Punch|p2a: PICKLE RICK!!!!\n|-damage|p2a: PICKLE RICK!!!!|32\/100\n|move|p2a: PICKLE RICK!!!!|Giga Drain|p1a: Scizor\n|-resisted|p1a: Scizor\n|-damage|p1a: Scizor|22\/100\n|-heal|p2a: PICKLE RICK!!!!|34\/100|[from] drain|[of] p1a: Scizor\n|\n|upkeep\n|turn|53\n|\n|t:|1697941037\n|switch|p2a: Jeffrey hates him|Volcanion|11\/100\n|-damage|p2a: Jeffrey hates him|0 fnt|[from] Spikes\n|faint|p2a: Jeffrey hates him\n|move|p1a: Scizor|Bullet Punch|p2: Jeffrey hates him|[notarget]\n|-fail|p1a: Scizor\n|\n|upkeep\n|\n|t:|1697941038\n|switch|p2a: PICKLE RICK!!!!|Amoonguss, F, shiny|67\/100\n|-damage|p2a: PICKLE RICK!!!!|42\/100|[from] Spikes\n|turn|54\n|\n|t:|1697941046\n|move|p1a: Scizor|U-turn|p2a: PICKLE RICK!!!!\n|-damage|p2a: PICKLE RICK!!!!|16\/100\n|\n|t:|1697941048\n|switch|p1a: Zapdos|Zapdos|100\/100 slp|[from] U-turn\n|move|p2a: PICKLE RICK!!!!|Giga Drain|p1a: Zapdos\n|-resisted|p1a: Zapdos\n|-damage|p1a: Zapdos|88\/100 slp\n|-heal|p2a: PICKLE RICK!!!!|21\/100|[from] drain|[of] p1a: Zapdos\n|\n|upkeep\n|turn|55\n|\n|t:|1697941051\n|cant|p1a: Zapdos|slp\n|move|p2a: PICKLE RICK!!!!|Giga Drain|p1a: Zapdos\n|-resisted|p1a: Zapdos\n|-damage|p1a: Zapdos|76\/100 slp\n|-heal|p2a: PICKLE RICK!!!!|25\/100|[from] drain|[of] p1a: Zapdos\n|\n|upkeep\n|turn|56\n|\n|t:|1697941053\n|cant|p1a: Zapdos|slp\n|move|p2a: PICKLE RICK!!!!|Giga Drain|p1a: Zapdos\n|-resisted|p1a: Zapdos\n|-damage|p1a: Zapdos|63\/100 slp\n|-heal|p2a: PICKLE RICK!!!!|30\/100|[from] drain|[of] p1a: Zapdos\n|\n|upkeep\n|turn|57\n|\n|t:|1697941055\n|-curestatus|p1a: Zapdos|slp|[msg]\n|move|p1a: Zapdos|Hurricane|p2a: PICKLE RICK!!!!\n|-supereffective|p2a: PICKLE RICK!!!!\n|-damage|p2a: PICKLE RICK!!!!|0 fnt\n|faint|p2a: PICKLE RICK!!!!\n|\n|win|ferguma\n|c|\u2606ferguma|gg\n|c|\u2606PKMNSGaming!|gg\n|c|\u2606PKMNSGaming!|u wanna upload?\n|c|\u2606ferguma|sure\n","uploadtime":1697941070,"views":31,"p1id":"ferguma","p2id":"pkmnsgaming","formatid":"gen9ubers","rating":0,"private":0,"password":""}