{"id":"gen9ubers-1969023208","p1":"Windstorm72","p2":"No Magearna","format":"[Gen 9] Ubers","log":"|j|\u2606Windstorm72\n|j|\u2606No Magearna\n|t:|1697483588\n|gametype|singles\n|player|p1|Windstorm72|102|\n|player|p2|No Magearna|flint|\n|teamsize|p1|6\n|teamsize|p2|6\n|gen|9\n|tier|[Gen 9] Ubers\n|rule|Sleep Clause Mod: Limit one foe put to sleep\n|rule|Species Clause: Limit one of each Pok\u00e9mon\n|rule|OHKO Clause: OHKO moves are banned\n|rule|Evasion Items Clause: Evasion items are banned\n|rule|Evasion Moves Clause: Evasion moves are banned\n|rule|Endless Battle Clause: Forcing endless battles is banned\n|rule|HP Percentage Mod: HP is shown in percentages\n|clearpoke\n|poke|p1|Iron Bundle|\n|poke|p1|Garchomp, M|\n|poke|p1|Goodra, M|\n|poke|p1|Ninetales-Alola, F|\n|poke|p1|Hoopa-Unbound|\n|poke|p1|Glastrier|\n|poke|p2|Azumarill, M|\n|poke|p2|Zoroark, F|\n|poke|p2|Chi-Yu|\n|poke|p2|Kleavor, M|\n|poke|p2|Slither Wing|\n|poke|p2|Conkeldurr, F|\n|teampreview\n|j| SilveryMP\n|c| SilveryMP|Chi-Yu and Iron Grundle\n|\n|t:|1697483675\n|start\n|switch|p1a: Not Bax :(|Garchomp, M|100\/100\n|switch|p2a: Azumarill|Azumarill, M|100\/100\n|turn|1\n|c| SilveryMP|Together again\n|\n|t:|1697483699\n|move|p1a: Not Bax :(|Spikes|p2a: Azumarill\n|-sidestart|p2: No Magearna|Spikes\n|move|p2a: Azumarill|Play Rough|p1a: Not Bax :(\n|-supereffective|p1a: Not Bax :(\n|-damage|p1a: Not Bax :(|10\/100\n|-damage|p2a: Azumarill|88\/100|[from] ability: Rough Skin|[of] p1a: Not Bax :(\n|-damage|p2a: Azumarill|72\/100|[from] item: Rocky Helmet|[of] p1a: Not Bax :(\n|\n|upkeep\n|turn|2\n|c|\u2606Windstorm72|What a game to not have ditto\n|j| mrs moran\n|\n|t:|1697483729\n|switch|p2a: Conkeldurr|Conkeldurr, F|100\/100\n|move|p1a: Not Bax :(|Spikes|p2a: Conkeldurr\n|-sidestart|p2: No Magearna|Spikes\n|\n|upkeep\n|turn|3\n|\n|t:|1697483741\n|move|p2a: Conkeldurr|Defog|p1a: Not Bax :(\n|-unboost|p1a: Not Bax :(|evasion|1\n|-sideend|p2: No Magearna|Spikes|[from] move: Defog|[of] p2a: Conkeldurr\n|move|p1a: Not Bax :(|Dragon Tail|p2a: Conkeldurr\n|-damage|p2a: Conkeldurr|70\/100\n|drag|p2a: Slither Wing|Slither Wing|100\/100\n|\n|upkeep\n|turn|4\n|\n|t:|1697483801\n|move|p1a: Not Bax :(|Earthquake|p2a: Slither Wing\n|-resisted|p2a: Slither Wing\n|-damage|p2a: Slither Wing|71\/100\n|move|p2a: Slither Wing|Earthquake|p1a: Not Bax :(\n|-damage|p1a: Not Bax :(|0 fnt\n|faint|p1a: Not Bax :(\n|\n|upkeep\n|j| Jullo27\n|\n|t:|1697483810\n|switch|p1a: Ninetails|Ninetales-Alola, F|100\/100\n|-weather|Snow|[from] ability: Snow Warning|[of] p1a: Ninetails\n|turn|5\n|c| SilveryMP|That\u2019s a good nickname\n|c| SilveryMP|That nickname might get you dq\u2019d at VGC\n|\n|t:|1697483908\n|-end|p2a: Slither Wing|Protosynthesis|[silent]\n|switch|p2a: Conkeldurr|Conkeldurr, F|70\/100\n|move|p1a: Ninetails|Aurora Veil|p1a: Ninetails\n|-sidestart|p1: Windstorm72|move: Aurora Veil\n|\n|-weather|Snow|[upkeep]\n|upkeep\n|turn|6\n|\n|t:|1697483918\n|move|p1a: Ninetails|Moonblast|p2a: Conkeldurr\n|-supereffective|p2a: Conkeldurr\n|-damage|p2a: Conkeldurr|17\/100\n|-unboost|p2a: Conkeldurr|spa|1\n|move|p2a: Conkeldurr|Defog|p1a: Ninetails\n|-unboost|p1a: Ninetails|evasion|1\n|-sideend|p1: Windstorm72|move: Aurora Veil\n|\n|-weather|Snow|[upkeep]\n|upkeep\n|turn|7\n|\n|t:|1697483945\n|move|p1a: Ninetails|Moonblast|p2a: Conkeldurr\n|-supereffective|p2a: Conkeldurr\n|-damage|p2a: Conkeldurr|0 fnt\n|faint|p2a: Conkeldurr\n|\n|-weather|Snow|[upkeep]\n|upkeep\n|\n|t:|1697483958\n|switch|p2a: Kleavor|Kleavor, M|100\/100\n|turn|8\n|\n|t:|1697483962\n|move|p2a: Kleavor|Stone Axe|p1a: Ninetails\n|-supereffective|p1a: Ninetails\n|-damage|p1a: Ninetails|0 fnt\n|-sidestart|p1: Windstorm72|move: Stealth Rock\n|faint|p1a: Ninetails\n|\n|-weather|Snow|[upkeep]\n|upkeep\n|l| SilveryMP\n|\n|t:|1697483971\n|switch|p1a: Neigh idk|Glastrier|100\/100\n|-damage|p1a: Neigh idk|76\/100|[from] Stealth Rock\n|turn|9\n|j| SilveryMP\n|\n|t:|1697484036\n|move|p2a: Kleavor|Stone Axe|p1a: Neigh idk|[miss]\n|-miss|p2a: Kleavor|p1a: Neigh idk\n|move|p1a: Neigh idk|Substitute|p1a: Neigh idk\n|-start|p1a: Neigh idk|Substitute\n|-damage|p1a: Neigh idk|51\/100\n|\n|-weather|none\n|-heal|p1a: Neigh idk|57\/100|[from] item: Leftovers\n|upkeep\n|turn|10\n|\n|t:|1697484047\n|move|p2a: Kleavor|Stone Axe|p1a: Neigh idk\n|-supereffective|p1a: Neigh idk\n|-end|p1a: Neigh idk|Substitute\n|move|p1a: Neigh idk|Swords Dance|p1a: Neigh idk\n|-boost|p1a: Neigh idk|atk|2\n|\n|-heal|p1a: Neigh idk|63\/100|[from] item: Leftovers\n|upkeep\n|turn|11\n|c| SilveryMP|holy shit huge horse moves\n|\n|t:|1697484059\n|-terastallize|p1a: Neigh idk|Fighting\n|move|p2a: Kleavor|Stone Axe|p1a: Neigh idk\n|-resisted|p1a: Neigh idk\n|-damage|p1a: Neigh idk|47\/100\n|move|p1a: Neigh idk|Close Combat|p2a: Kleavor\n|-damage|p2a: Kleavor|0 fnt\n|-unboost|p1a: Neigh idk|def|1\n|-unboost|p1a: Neigh idk|spd|1\n|faint|p2a: Kleavor\n|-ability|p1a: Neigh idk|Chilling Neigh|boost\n|-boost|p1a: Neigh idk|atk|1\n|\n|-heal|p1a: Neigh idk|53\/100|[from] item: Leftovers\n|upkeep\n|c| SilveryMP|HUGE HORSE MOVES\n|l| Jullo27\n|j| Jullo27\n|c|\u2606Windstorm72|NEIGH\n|\n|t:|1697484171\n|switch|p2a: Chi-Yu|Chi-Yu|100\/100\n|-ability|p2a: Chi-Yu|Beads of Ruin\n|turn|12\n|\n|t:|1697484188\n|move|p2a: Chi-Yu|Flamethrower|p1a: Neigh idk\n|-damage|p1a: Neigh idk|0 fnt\n|faint|p1a: Neigh idk\n|\n|upkeep\n|\n|t:|1697484198\n|switch|p1a: Mecha-Claus|Iron Bundle|100\/100\n|-damage|p1a: Mecha-Claus|76\/100|[from] Stealth Rock\n|turn|13\n|c| SilveryMP|now this is an iconic rivalry\n|\n|t:|1697484227\n|switch|p2a: Slither Wing|Slither Wing|100\/100\n|move|p1a: Mecha-Claus|Hydro Pump|p2a: Slither Wing\n|-damage|p2a: Slither Wing|0 fnt\n|replace|p2a: Zoroark|Zoroark, F\n|-end|p2a: Zoroark|Illusion\n|faint|p2a: Zoroark\n|-damage|p1a: Mecha-Claus|66\/100|[from] item: Life Orb\n|\n|upkeep\n|\n|t:|1697484250\n|switch|p2a: Azumarill|Azumarill, M|72\/100\n|turn|14\n|\n|t:|1697484266\n|move|p1a: Mecha-Claus|Freeze-Dry|p2a: Azumarill\n|-supereffective|p2a: Azumarill\n|-damage|p2a: Azumarill|11\/100\n|-damage|p1a: Mecha-Claus|56\/100|[from] item: Life Orb\n|move|p2a: Azumarill|Superpower|p1a: Mecha-Claus\n|-supereffective|p1a: Mecha-Claus\n|-damage|p1a: Mecha-Claus|0 fnt\n|-unboost|p2a: Azumarill|atk|1\n|-unboost|p2a: Azumarill|def|1\n|faint|p1a: Mecha-Claus\n|-end|p1a: Mecha-Claus|Quark Drive|[silent]\n|\n|upkeep\n|\n|t:|1697484279\n|switch|p1a: All\u00e9hooparing|Hoopa-Unbound|100\/100\n|-damage|p1a: All\u00e9hooparing|88\/100|[from] Stealth Rock\n|turn|15\n|l| Jullo27\n|\n|t:|1697484329\n|move|p1a: All\u00e9hooparing|Drain Punch|p2a: Azumarill\n|-resisted|p2a: Azumarill\n|-damage|p2a: Azumarill|0 fnt\n|-heal|p1a: All\u00e9hooparing|96\/100|[from] drain|[of] p2a: Azumarill\n|faint|p2a: Azumarill\n|\n|upkeep\n|\n|t:|1697484346\n|switch|p2a: Slither Wing|Slither Wing|71\/100\n|turn|16\n|j| Jullo27\n|\n|t:|1697484356\n|move|p2a: Slither Wing|First Impression|p1a: All\u00e9hooparing\n|-supereffective|p1a: All\u00e9hooparing\n|-damage|p1a: All\u00e9hooparing|0 fnt\n|faint|p1a: All\u00e9hooparing\n|\n|upkeep\n|\n|t:|1697484362\n|switch|p1a: Goodra the Goat|Goodra, M|100\/100\n|-damage|p1a: Goodra the Goat|88\/100|[from] Stealth Rock\n|turn|17\n|l| Jullo27\n|\n|t:|1697484371\n|move|p2a: Slither Wing|U-turn|p1a: Goodra the Goat\n|-damage|p1a: Goodra the Goat|34\/100\n|\n|t:|1697484373\n|-end|p2a: Slither Wing|Protosynthesis|[silent]\n|switch|p2a: Chi-Yu|Chi-Yu|100\/100|[from] U-turn\n|-ability|p2a: Chi-Yu|Beads of Ruin\n|move|p1a: Goodra the Goat|Fire Blast|p2a: Chi-Yu\n|-resisted|p2a: Chi-Yu\n|-damage|p2a: Chi-Yu|80\/100\n|\n|upkeep\n|turn|18\n|c|\u2606Windstorm72|Oh this is bad\n|\n|t:|1697484387\n|move|p2a: Chi-Yu|Dark Pulse|p1a: Goodra the Goat\n|-damage|p1a: Goodra the Goat|13\/100\n|cant|p1a: Goodra the Goat|flinch\n|\n|upkeep\n|turn|19\n|c|\u2606Windstorm72|VERY BAD\n|\n|t:|1697484398\n|move|p2a: Chi-Yu|Dark Pulse|p1a: Goodra the Goat\n|-damage|p1a: Goodra the Goat|0 fnt\n|faint|p1a: Goodra the Goat\n|\n|win|No Magearna\n|c|\u2606No Magearna|*gulp*\n|c|\u2606No Magearna|good game\n|c|\u2606Windstorm72|Gg\n|l| SilveryMP\n","uploadtime":1697484413,"views":21,"p1id":"windstorm72","p2id":"nomagearna","formatid":"gen9ubers","rating":0,"private":0,"password":""}