{"id":"gen9ubers-1973272560","p1":"zsg","p2":"PinkScourge","format":"[Gen 9] Ubers","log":"|j|\u2606zsg\n|j|\u2606PinkScourge\n|t:|1697947097\n|gametype|singles\n|player|p1|zsg|byron|\n|player|p2|PinkScourge|bede-leader|\n|teamsize|p1|6\n|teamsize|p2|6\n|gen|9\n|tier|[Gen 9] Ubers\n|rule|Sleep Clause Mod: Limit one foe put to sleep\n|rule|Species Clause: Limit one of each Pok\u00e9mon\n|rule|OHKO Clause: OHKO moves are banned\n|rule|Evasion Items Clause: Evasion items are banned\n|rule|Evasion Moves Clause: Evasion moves are banned\n|rule|Endless Battle Clause: Forcing endless battles is banned\n|rule|HP Percentage Mod: HP is shown in percentages\n|clearpoke\n|poke|p1|Dondozo, F|\n|poke|p1|Giratina|\n|poke|p1|Urshifu-*, M|\n|poke|p1|Sneasler, M|\n|poke|p1|Thundurus-Therian, M|\n|poke|p1|Palafin, M|\n|poke|p2|Scream Tail|\n|poke|p2|Alomomola, F|\n|poke|p2|Arceus-Fire|\n|poke|p2|Zacian-*|\n|poke|p2|Gothitelle, M|\n|poke|p2|Weezing-Galar, F|\n|teampreview\n|inactive|Battle timer is ON: inactive players will automatically lose when time's up. (requested by PinkScourge)\n|\n|t:|1697947118\n|start\n|switch|p1a: Sneasler|Sneasler, M|100\/100\n|switch|p2a: Gothitelle|Gothitelle, M|100\/100\n|turn|1\n|\n|t:|1697947130\n|move|p2a: Gothitelle|Protect|p2a: Gothitelle\n|-singleturn|p2a: Gothitelle|Protect\n|move|p1a: Sneasler|U-turn|p2a: Gothitelle\n|-activate|p2a: Gothitelle|move: Protect\n|\n|upkeep\n|turn|2\n|\n|t:|1697947135\n|switch|p2a: Alomomola|Alomomola, F|100\/100\n|move|p1a: Sneasler|U-turn|p2a: Alomomola\n|-damage|p2a: Alomomola|85\/100\n|-damage|p1a: Sneasler|84\/100|[from] item: Rocky Helmet|[of] p2a: Alomomola\n|\n|t:|1697947140\n|switch|p1a: Thundurus|Thundurus-Therian, M|100\/100|[from] U-turn\n|\n|upkeep\n|turn|3\n|\n|t:|1697947147\n|switch|p2a: Arceus|Arceus-Fire|100\/100\n|move|p1a: Thundurus|Volt Switch|p2a: Arceus\n|-damage|p2a: Arceus|70\/100\n|\n|t:|1697947151\n|switch|p1a: Palafin|Palafin, M|100\/100|[from] Volt Switch\n|\n|upkeep\n|turn|4\n|\n|t:|1697947158\n|switch|p2a: Alomomola|Alomomola, F|100\/100\n|move|p1a: Palafin|Flip Turn|p2a: Alomomola\n|-resisted|p2a: Alomomola\n|-damage|p2a: Alomomola|90\/100\n|-damage|p1a: Palafin|84\/100|[from] item: Rocky Helmet|[of] p2a: Alomomola\n|\n|t:|1697947161\n|detailschange|p1a: Palafin|Palafin-Hero, M\n|switch|p1a: Thundurus|Thundurus-Therian, M|100\/100|[from] Flip Turn\n|\n|upkeep\n|turn|5\n|\n|t:|1697947167\n|move|p2a: Alomomola|Protect|p2a: Alomomola\n|-singleturn|p2a: Alomomola|Protect\n|move|p1a: Thundurus|Volt Switch|p2a: Alomomola\n|-activate|p2a: Alomomola|move: Protect\n|\n|upkeep\n|turn|6\n|\n|t:|1697947176\n|switch|p2a: Scream Tail|Scream Tail|100\/100\n|move|p1a: Thundurus|Volt Switch|p2a: Scream Tail\n|-damage|p2a: Scream Tail|67\/100\n|\n|t:|1697947183\n|switch|p1a: Sneasler|Sneasler, M|84\/100|[from] Volt Switch\n|\n|-heal|p2a: Scream Tail|73\/100|[from] item: Leftovers\n|upkeep\n|turn|7\n|\n|t:|1697947189\n|move|p2a: Scream Tail|Protect|p2a: Scream Tail\n|-singleturn|p2a: Scream Tail|Protect\n|move|p1a: Sneasler|Close Combat|p2a: Scream Tail\n|-activate|p2a: Scream Tail|move: Protect\n|\n|-heal|p2a: Scream Tail|80\/100|[from] item: Leftovers\n|upkeep\n|turn|8\n|\n|t:|1697947196\n|-end|p2a: Scream Tail|Protosynthesis|[silent]\n|switch|p2a: Weezing|Weezing-Galar, F|100\/100\n|-fieldstart|move: Misty Terrain|[from] ability: Misty Surge|[of] p2a: Weezing\n|move|p1a: Sneasler|Dire Claw|p2a: Weezing\n|-damage|p2a: Weezing|71\/100\n|\n|-heal|p2a: Weezing|77\/100|[from] item: Leftovers\n|upkeep\n|turn|9\n|\n|t:|1697947205\n|move|p1a: Sneasler|U-turn|p2a: Weezing\n|-resisted|p2a: Weezing\n|-damage|p2a: Weezing|72\/100\n|\n|t:|1697947214\n|switch|p1a: Palafin|Palafin-Hero, M|84\/100|[from] U-turn\n|-activate|p1a: Palafin|ability: Zero to Hero\n|move|p2a: Weezing|Strange Steam|p1a: Palafin\n|-damage|p1a: Palafin|54\/100\n|\n|-heal|p2a: Weezing|78\/100|[from] item: Leftovers\n|upkeep\n|turn|10\n|\n|t:|1697947221\n|switch|p2a: Alomomola|Alomomola, F|100\/100\n|move|p1a: Palafin|Wave Crash|p2a: Alomomola\n|-resisted|p2a: Alomomola\n|-damage|p2a: Alomomola|67\/100\n|-damage|p1a: Palafin|38\/100|[from] item: Rocky Helmet|[of] p2a: Alomomola\n|-damage|p1a: Palafin|22\/100|[from] Recoil\n|\n|upkeep\n|turn|11\n|\n|t:|1697947227\n|switch|p1a: Thundurus|Thundurus-Therian, M|100\/100\n|move|p2a: Alomomola|Wish|p2a: Alomomola\n|\n|upkeep\n|turn|12\n|\n|t:|1697947237\n|switch|p2a: Arceus|Arceus-Fire|70\/100\n|move|p1a: Thundurus|Volt Switch|p2a: Arceus\n|-damage|p2a: Arceus|41\/100\n|\n|t:|1697947241\n|switch|p1a: Dondozo|Dondozo, F|100\/100|[from] Volt Switch\n|\n|-heal|p2a: Arceus|95\/100|[from] move: Wish|[wisher] Alomomola\n|-fieldend|Misty Terrain\n|upkeep\n|turn|13\n|\n|t:|1697947248\n|switch|p2a: Gothitelle|Gothitelle, M|100\/100\n|move|p1a: Dondozo|Curse|p1a: Dondozo\n|-unboost|p1a: Dondozo|spe|1\n|-boost|p1a: Dondozo|atk|1\n|-boost|p1a: Dondozo|def|1\n|\n|upkeep\n|turn|14\n|\n|t:|1697947253\n|move|p2a: Gothitelle|Trick|p1a: Dondozo\n|-activate|p2a: Gothitelle|move: Trick|[of] p1a: Dondozo\n|-item|p1a: Dondozo|Choice Specs|[from] move: Trick\n|-item|p2a: Gothitelle|Leftovers|[from] move: Trick\n|move|p1a: Dondozo|Yawn|p2a: Gothitelle\n|-start|p2a: Gothitelle|move: Yawn|[of] p1a: Dondozo\n|\n|upkeep\n|turn|15\n|\n|t:|1697947269\n|move|p2a: Gothitelle|Torment|p1a: Dondozo\n|-start|p1a: Dondozo|Torment\n|move|p1a: Dondozo|Yawn||[still]\n|-fail|p1a: Dondozo\n|\n|-end|p2a: Gothitelle|move: Yawn|[silent]\n|-status|p2a: Gothitelle|slp\n|upkeep\n|turn|16\n|\n|t:|1697947275\n|cant|p2a: Gothitelle|slp\n|-activate|p1a: Dondozo|move: Struggle\n|move|p1a: Dondozo|Struggle|p2a: Gothitelle\n|-damage|p2a: Gothitelle|83\/100 slp\n|-damage|p1a: Dondozo|75\/100|[from] recoil\n|\n|-heal|p2a: Gothitelle|89\/100 slp|[from] item: Leftovers\n|upkeep\n|turn|17\n|\n|t:|1697947282\n|-terastallize|p1a: Dondozo|Ghost\n|cant|p2a: Gothitelle|slp\n|move|p1a: Dondozo|Yawn||[still]\n|-fail|p1a: Dondozo\n|\n|-heal|p2a: Gothitelle|96\/100 slp|[from] item: Leftovers\n|upkeep\n|turn|18\n|\n|t:|1697947288\n|switch|p1a: Sneasler|Sneasler, M|84\/100\n|-curestatus|p2a: Gothitelle|slp|[msg]\n|move|p2a: Gothitelle|Psychic|p1a: Sneasler\n|-supereffective|p1a: Sneasler\n|-damage|p1a: Sneasler|0 fnt\n|faint|p1a: Sneasler\n|\n|-heal|p2a: Gothitelle|100\/100|[from] item: Leftovers\n|upkeep\n|\n|t:|1697947300\n|switch|p1a: Urshifu|Urshifu, M|100\/100\n|turn|19\n|\n|t:|1697947305\n|switch|p2a: Weezing|Weezing-Galar, F|78\/100\n|-fieldstart|move: Misty Terrain|[from] ability: Misty Surge|[of] p2a: Weezing\n|move|p1a: Urshifu|Wicked Blow|p2a: Weezing\n|-resisted|p2a: Weezing\n|-crit|p2a: Weezing\n|-damage|p2a: Weezing|59\/100\n|\n|-heal|p2a: Weezing|65\/100|[from] item: Leftovers\n|upkeep\n|turn|20\n|\n|t:|1697947312\n|switch|p1a: Giratina|Giratina|100\/100\n|-ability|p1a: Giratina|Pressure\n|move|p2a: Weezing|Strange Steam|p1a: Giratina\n|-supereffective|p1a: Giratina\n|-damage|p1a: Giratina|76\/100\n|\n|-heal|p1a: Giratina|82\/100|[from] item: Leftovers\n|-heal|p2a: Weezing|71\/100|[from] item: Leftovers\n|upkeep\n|turn|21\n|\n|t:|1697947321\n|move|p1a: Giratina|Will-O-Wisp|p2a: Weezing\n|-activate|p2a: Weezing|move: Misty Terrain\n|move|p2a: Weezing|Strange Steam|p1a: Giratina\n|-supereffective|p1a: Giratina\n|-damage|p1a: Giratina|59\/100\n|\n|-heal|p1a: Giratina|66\/100|[from] item: Leftovers\n|-heal|p2a: Weezing|77\/100|[from] item: Leftovers\n|upkeep\n|turn|22\n|\n|t:|1697947332\n|move|p1a: Giratina|Pain Split|p2a: Weezing\n|-sethp|p2a: Weezing|88\/100|[from] move: Pain Split|[silent]\n|-sethp|p1a: Giratina|58\/100|[from] move: Pain Split\n|move|p2a: Weezing|Acid Spray|p1a: Giratina\n|-resisted|p1a: Giratina\n|-damage|p1a: Giratina|56\/100\n|-unboost|p1a: Giratina|spd|2\n|\n|-heal|p1a: Giratina|62\/100|[from] item: Leftovers\n|-heal|p2a: Weezing|94\/100|[from] item: Leftovers\n|upkeep\n|turn|23\n|\n|t:|1697947340\n|switch|p1a: Thundurus|Thundurus-Therian, M|100\/100\n|move|p2a: Weezing|Strange Steam|p1a: Thundurus\n|-damage|p1a: Thundurus|62\/100\n|\n|-heal|p2a: Weezing|99\/100|[from] item: Leftovers\n|-fieldend|Misty Terrain\n|upkeep\n|turn|24\n|\n|t:|1697947355\n|switch|p2a: Scream Tail|Scream Tail|80\/100\n|move|p1a: Thundurus|Volt Switch|p2a: Scream Tail\n|-damage|p2a: Scream Tail|44\/100\n|\n|t:|1697947362\n|switch|p1a: Urshifu|Urshifu, M|100\/100|[from] Volt Switch\n|\n|-heal|p2a: Scream Tail|50\/100|[from] item: Leftovers\n|upkeep\n|turn|25\n|\n|t:|1697947366\n|-end|p2a: Scream Tail|Protosynthesis|[silent]\n|switch|p2a: Weezing|Weezing-Galar, F|99\/100\n|-fieldstart|move: Misty Terrain|[from] ability: Misty Surge|[of] p2a: Weezing\n|move|p1a: Urshifu|U-turn|p2a: Weezing\n|-resisted|p2a: Weezing\n|-damage|p2a: Weezing|96\/100\n|\n|t:|1697947382\n|switch|p1a: Thundurus|Thundurus-Therian, M|62\/100|[from] U-turn\n|\n|-heal|p2a: Weezing|100\/100|[from] item: Leftovers\n|upkeep\n|turn|26\n|inactive|PinkScourge has 270 seconds left.\n|\n|t:|1697947421\n|switch|p2a: Gothitelle|Gothitelle, M|100\/100\n|move|p1a: Thundurus|Thunderbolt|p2a: Gothitelle\n|-damage|p2a: Gothitelle|50\/100\n|\n|-heal|p2a: Gothitelle|57\/100|[from] item: Leftovers\n|upkeep\n|turn|27\n|inactive|PinkScourge has 270 seconds left.\n|\n|t:|1697947433\n|move|p2a: Gothitelle|Protect|p2a: Gothitelle\n|-singleturn|p2a: Gothitelle|Protect\n|move|p1a: Thundurus|Thunderbolt|p2a: Gothitelle\n|-activate|p2a: Gothitelle|move: Protect\n|\n|-heal|p2a: Gothitelle|63\/100|[from] item: Leftovers\n|upkeep\n|turn|28\n|inactive|PinkScourge has 270 seconds left.\n|\n|t:|1697947441\n|move|p1a: Thundurus|Thunderbolt|p2a: Gothitelle\n|-damage|p2a: Gothitelle|11\/100\n|move|p2a: Gothitelle|Psychic|p1a: Thundurus\n|-damage|p1a: Thundurus|24\/100\n|\n|-heal|p2a: Gothitelle|17\/100|[from] item: Leftovers\n|upkeep\n|turn|29\n|\n|t:|1697947446\n|move|p2a: Gothitelle|Protect|p2a: Gothitelle\n|-singleturn|p2a: Gothitelle|Protect\n|move|p1a: Thundurus|Thunderbolt|p2a: Gothitelle\n|-activate|p2a: Gothitelle|move: Protect\n|\n|-heal|p2a: Gothitelle|23\/100|[from] item: Leftovers\n|-fieldend|Misty Terrain\n|upkeep\n|turn|30\n|inactive|PinkScourge has 270 seconds left.\n|\n|t:|1697947467\n|switch|p2a: Zacian|Zacian|100\/100\n|-ability|p2a: Zacian|Intrepid Sword|boost\n|-boost|p2a: Zacian|atk|1\n|move|p1a: Thundurus|Thunderbolt|p2a: Zacian\n|-crit|p2a: Zacian\n|-damage|p2a: Zacian|0 fnt\n|faint|p2a: Zacian\n|\n|upkeep\n|\n|t:|1697947476\n|switch|p2a: Arceus|Arceus-Fire|95\/100\n|turn|31\n|\n|t:|1697947480\n|switch|p1a: Dondozo|Dondozo, F, tera:Ghost|75\/100\n|move|p2a: Arceus|Judgment|p1a: Dondozo\n|-damage|p1a: Dondozo|28\/100\n|\n|upkeep\n|turn|32\n|\n|t:|1697947490\n|move|p2a: Arceus|Judgment|p1a: Dondozo\n|-damage|p1a: Dondozo|0 fnt\n|faint|p1a: Dondozo\n|\n|upkeep\n|\n|t:|1697947496\n|switch|p1a: Palafin|Palafin-Hero, M|22\/100\n|turn|33\n|\n|t:|1697947501\n|switch|p2a: Alomomola|Alomomola, F|99\/100\n|move|p1a: Palafin|Jet Punch|p2a: Alomomola\n|-resisted|p2a: Alomomola\n|-damage|p2a: Alomomola|83\/100\n|-damage|p1a: Palafin|6\/100|[from] item: Rocky Helmet|[of] p2a: Alomomola\n|\n|upkeep\n|turn|34\n|\n|t:|1697947507\n|switch|p1a: Thundurus|Thundurus-Therian, M|24\/100\n|move|p2a: Alomomola|Wish|p2a: Alomomola\n|\n|upkeep\n|turn|35\n|\n|t:|1697947521\n|switch|p2a: Scream Tail|Scream Tail|50\/100\n|move|p1a: Thundurus|Thunderbolt|p2a: Scream Tail\n|-damage|p2a: Scream Tail|5\/100\n|\n|-heal|p2a: Scream Tail|61\/100|[from] move: Wish|[wisher] Alomomola\n|-heal|p2a: Scream Tail|67\/100|[from] item: Leftovers\n|upkeep\n|turn|36\n|\n|t:|1697947528\n|move|p2a: Scream Tail|Protect|p2a: Scream Tail\n|-singleturn|p2a: Scream Tail|Protect\n|move|p1a: Thundurus|Thunderbolt|p2a: Scream Tail\n|-activate|p2a: Scream Tail|move: Protect\n|\n|-heal|p2a: Scream Tail|73\/100|[from] item: Leftovers\n|upkeep\n|turn|37\n|\n|t:|1697947534\n|move|p1a: Thundurus|Thunderbolt|p2a: Scream Tail\n|-crit|p2a: Scream Tail\n|-damage|p2a: Scream Tail|4\/100\n|move|p2a: Scream Tail|Wish|p2a: Scream Tail\n|\n|-heal|p2a: Scream Tail|11\/100|[from] item: Leftovers\n|upkeep\n|turn|38\n|\n|t:|1697947540\n|switch|p1a: Urshifu|Urshifu, M|100\/100\n|move|p2a: Scream Tail|Protect||[still]\n|-fail|p2a: Scream Tail\n|\n|-heal|p2a: Scream Tail|61\/100|[from] move: Wish|[wisher] Scream Tail\n|-heal|p2a: Scream Tail|67\/100|[from] item: Leftovers\n|upkeep\n|turn|39\n|\n|t:|1697947545\n|-end|p2a: Scream Tail|Protosynthesis|[silent]\n|switch|p2a: Weezing|Weezing-Galar, F|100\/100\n|-fieldstart|move: Misty Terrain|[from] ability: Misty Surge|[of] p2a: Weezing\n|move|p1a: Urshifu|Iron Head|p2a: Weezing\n|-supereffective|p2a: Weezing\n|-damage|p2a: Weezing|60\/100\n|\n|-heal|p2a: Weezing|66\/100|[from] item: Leftovers\n|upkeep\n|turn|40\n|\n|t:|1697947553\n|move|p1a: Urshifu|Iron Head|p2a: Weezing\n|-supereffective|p2a: Weezing\n|-damage|p2a: Weezing|24\/100\n|move|p2a: Weezing|Strange Steam|p1a: Urshifu\n|-supereffective|p1a: Urshifu\n|-damage|p1a: Urshifu|0 fnt\n|faint|p1a: Urshifu\n|\n|-heal|p2a: Weezing|30\/100|[from] item: Leftovers\n|upkeep\n|\n|t:|1697947560\n|switch|p1a: Palafin|Palafin-Hero, M|6\/100\n|turn|41\n|\n|t:|1697947563\n|switch|p1a: Thundurus|Thundurus-Therian, M|24\/100\n|switch|p2a: Alomomola|Alomomola, F|100\/100\n|\n|upkeep\n|turn|42\n|\n|t:|1697947568\n|move|p2a: Alomomola|Protect|p2a: Alomomola\n|-singleturn|p2a: Alomomola|Protect\n|move|p1a: Thundurus|Volt Switch|p2a: Alomomola\n|-activate|p2a: Alomomola|move: Protect\n|\n|upkeep\n|turn|43\n|\n|t:|1697947580\n|-terastallize|p2a: Alomomola|Dragon\n|move|p1a: Thundurus|Volt Switch|p2a: Alomomola\n|-resisted|p2a: Alomomola\n|-damage|p2a: Alomomola|72\/100\n|\n|t:|1697947585\n|switch|p1a: Giratina|Giratina|62\/100|[from] Volt Switch\n|-ability|p1a: Giratina|Pressure\n|move|p2a: Alomomola|Wish|p2a: Alomomola\n|\n|-heal|p1a: Giratina|68\/100|[from] item: Leftovers\n|-fieldend|Misty Terrain\n|upkeep\n|turn|44\n|\n|t:|1697947597\n|switch|p2a: Weezing|Weezing-Galar, F|30\/100\n|-fieldstart|move: Misty Terrain|[from] ability: Misty Surge|[of] p2a: Weezing\n|move|p1a: Giratina|Roar|p2a: Weezing\n|drag|p2a: Gothitelle|Gothitelle, M|23\/100\n|\n|-heal|p2a: Gothitelle|93\/100|[from] move: Wish|[wisher] Alomomola\n|-heal|p1a: Giratina|74\/100|[from] item: Leftovers\n|-heal|p2a: Gothitelle|99\/100|[from] item: Leftovers\n|upkeep\n|turn|45\n|\n|t:|1697947608\n|switch|p2a: Alomomola|Alomomola, F, tera:Dragon|100\/100\n|move|p1a: Giratina|Will-O-Wisp|p2a: Alomomola\n|-activate|p2a: Alomomola|move: Misty Terrain\n|\n|-heal|p1a: Giratina|80\/100|[from] item: Leftovers\n|upkeep\n|turn|46\n|\n|t:|1697947614\n|move|p1a: Giratina|Draco Meteor|p2a: Alomomola|[miss]\n|-miss|p1a: Giratina|p2a: Alomomola\n|move|p2a: Alomomola|Wish|p2a: Alomomola\n|\n|-heal|p1a: Giratina|86\/100|[from] item: Leftovers\n|upkeep\n|turn|47\n|\n|t:|1697947620\n|switch|p2a: Weezing|Weezing-Galar, F|30\/100\n|move|p1a: Giratina|Draco Meteor|p2a: Weezing\n|-immune|p2a: Weezing\n|\n|-heal|p2a: Weezing|100\/100|[from] move: Wish|[wisher] Alomomola\n|-heal|p1a: Giratina|93\/100|[from] item: Leftovers\n|upkeep\n|turn|48\n|\n|t:|1697947628\n|move|p2a: Weezing|Strange Steam|p1a: Giratina\n|-supereffective|p1a: Giratina\n|-crit|p1a: Giratina\n|-damage|p1a: Giratina|57\/100\n|move|p1a: Giratina|Roar|p2a: Weezing\n|drag|p2a: Arceus|Arceus-Fire|95\/100\n|\n|-heal|p1a: Giratina|63\/100|[from] item: Leftovers\n|-fieldend|Misty Terrain\n|upkeep\n|turn|49\n|\n|t:|1697947635\n|switch|p2a: Weezing|Weezing-Galar, F|100\/100\n|-fieldstart|move: Misty Terrain|[from] ability: Misty Surge|[of] p2a: Weezing\n|move|p1a: Giratina|Draco Meteor|p2a: Weezing\n|-immune|p2a: Weezing\n|\n|-heal|p1a: Giratina|69\/100|[from] item: Leftovers\n|upkeep\n|turn|50\n|\n|t:|1697947640\n|move|p2a: Weezing|Acid Spray|p1a: Giratina\n|-resisted|p1a: Giratina\n|-damage|p1a: Giratina|66\/100\n|-unboost|p1a: Giratina|spd|2\n|move|p1a: Giratina|Roar|p2a: Weezing\n|drag|p2a: Alomomola|Alomomola, F, tera:Dragon|100\/100\n|\n|-heal|p1a: Giratina|72\/100|[from] item: Leftovers\n|upkeep\n|turn|51\n|\n|t:|1697947650\n|switch|p1a: Thundurus|Thundurus-Therian, M|24\/100\n|move|p2a: Alomomola|Flip Turn|p1a: Thundurus\n|-damage|p1a: Thundurus|0 fnt\n|faint|p1a: Thundurus\n|\n|t:|1697947657\n|switch|p2a: Weezing|Weezing-Galar, F|100\/100|[from] Flip Turn\n|\n|upkeep\n|c|\u2606PinkScourge|GG!\n|\n|t:|1697947666\n|switch|p1a: Palafin|Palafin-Hero, M|6\/100\n|turn|52\n|c|\u2606zsg|Gg!\n|-message|zsg forfeited.\n|\n|win|PinkScourge\n|l|\u2606zsg\n|l|\u2606PinkScourge\n|j|\u2606PinkScourge\n|player|p2|PinkScourge|bede-leader\n","uploadtime":1697947882,"views":17,"p1id":"zsg","p2id":"pinkscourge","formatid":"gen9ubers","rating":0,"private":0,"password":""}