{"id":"gen9ubers-1996619736","p1":"kiritoswordfighte","p2":"CelesteMtn","format":"[Gen 9] Ubers","log":"|j|\u2606kiritoswordfighte\n|j|\u2606CelesteMtn\n|t:|1700701428\n|gametype|singles\n|player|p1|kiritoswordfighte|266|1069\n|player|p2|CelesteMtn|lady|1127\n|teamsize|p1|6\n|teamsize|p2|6\n|gen|9\n|tier|[Gen 9] Ubers\n|rated|\n|rule|Sleep Clause Mod: Limit one foe put to sleep\n|rule|Species Clause: Limit one of each Pok\u00e9mon\n|rule|OHKO Clause: OHKO moves are banned\n|rule|Evasion Items Clause: Evasion items are banned\n|rule|Evasion Moves Clause: Evasion moves are banned\n|rule|Endless Battle Clause: Forcing endless battles is banned\n|rule|HP Percentage Mod: HP is shown in percentages\n|clearpoke\n|poke|p1|Raichu, F|\n|poke|p1|Iron Moth|\n|poke|p1|Iron Leaves|\n|poke|p1|Iron Bundle|\n|poke|p1|Iron Jugulis|\n|poke|p1|Iron Valiant|\n|poke|p2|Miraidon|\n|poke|p2|Sneasler, F|\n|poke|p2|Iron Bundle|\n|poke|p2|Koraidon|\n|poke|p2|Iron Treads|\n|poke|p2|Arceus-Ground|\n|teampreview\n|inactive|Battle timer is ON: inactive players will automatically lose when time's up. (requested by CelesteMtn)\n|\n|t:|1700701450\n|start\n|switch|p1a: Raichu|Raichu, F, shiny|100\/100\n|switch|p2a: Koraidon|Koraidon|100\/100\n|-weather|SunnyDay|[from] ability: Orichalcum Pulse|[of] p2a: Koraidon\n|-activate|p2a: Koraidon|Orichalcum Pulse|[source]\n|turn|1\n|\n|t:|1700701458\n|move|p2a: Koraidon|Swords Dance|p2a: Koraidon\n|-boost|p2a: Koraidon|atk|2\n|move|p1a: Raichu|Electric Terrain|p1a: Raichu\n|-fieldstart|move: Electric Terrain\n|\n|-weather|SunnyDay|[upkeep]\n|upkeep\n|turn|2\n|\n|t:|1700701465\n|move|p2a: Koraidon|Scale Shot|p1a: Raichu\n|-damage|p1a: Raichu|46\/100\n|-damage|p1a: Raichu|0 fnt\n|faint|p1a: Raichu\n|-hitcount|p1: Raichu|2\n|-unboost|p2a: Koraidon|def|1\n|-boost|p2a: Koraidon|spe|1\n|\n|-weather|SunnyDay|[upkeep]\n|upkeep\n|\n|t:|1700701485\n|switch|p1a: Iron Valiant|Iron Valiant|100\/100\n|-activate|p1a: Iron Valiant|ability: Quark Drive\n|-start|p1a: Iron Valiant|quarkdrivespe\n|turn|3\n|\n|t:|1700701490\n|move|p2a: Koraidon|Flare Blitz|p1a: Iron Valiant\n|-damage|p1a: Iron Valiant|0 fnt\n|faint|p1a: Iron Valiant\n|-end|p1a: Iron Valiant|Quark Drive|[silent]\n|-damage|p2a: Koraidon|73\/100|[from] Recoil\n|\n|-weather|SunnyDay|[upkeep]\n|upkeep\n|\n|t:|1700701493\n|switch|p1a: Iron Leaves|Iron Leaves|100\/100\n|-activate|p1a: Iron Leaves|ability: Quark Drive\n|-start|p1a: Iron Leaves|quarkdriveatk\n|turn|4\n|\n|t:|1700701500\n|move|p2a: Koraidon|Scale Shot|p1a: Iron Leaves\n|-damage|p1a: Iron Leaves|57\/100\n|-damage|p1a: Iron Leaves|17\/100\n|-damage|p1a: Iron Leaves|0 fnt\n|faint|p1a: Iron Leaves\n|-end|p1a: Iron Leaves|Quark Drive|[silent]\n|-hitcount|p1: Iron Leaves|3\n|-unboost|p2a: Koraidon|def|1\n|-boost|p2a: Koraidon|spe|1\n|\n|-weather|SunnyDay|[upkeep]\n|upkeep\n|\n|t:|1700701509\n|switch|p1a: Iron Bundle|Iron Bundle|100\/100\n|-activate|p1a: Iron Bundle|ability: Quark Drive\n|-start|p1a: Iron Bundle|quarkdrivespe\n|turn|5\n|\n|t:|1700701516\n|move|p2a: Koraidon|Scale Shot|p1a: Iron Bundle\n|-damage|p1a: Iron Bundle|55\/100\n|-damage|p1a: Iron Bundle|15\/100\n|-damage|p1a: Iron Bundle|0 fnt\n|faint|p1a: Iron Bundle\n|-end|p1a: Iron Bundle|Quark Drive|[silent]\n|-hitcount|p1: Iron Bundle|3\n|-unboost|p2a: Koraidon|def|1\n|-boost|p2a: Koraidon|spe|1\n|\n|-weather|none\n|upkeep\n|\n|t:|1700701523\n|switch|p1a: Iron Jugulis|Iron Jugulis|100\/100\n|-activate|p1a: Iron Jugulis|ability: Quark Drive\n|-start|p1a: Iron Jugulis|quarkdrivespe\n|turn|6\n|\n|t:|1700701527\n|move|p2a: Koraidon|Scale Shot|p1a: Iron Jugulis|[miss]\n|-miss|p2a: Koraidon|p1a: Iron Jugulis\n|move|p1a: Iron Jugulis|Dragon Pulse|p2a: Koraidon\n|-supereffective|p2a: Koraidon\n|-damage|p2a: Koraidon|8\/100\n|\n|upkeep\n|turn|7\n|\n|t:|1700701535\n|move|p2a: Koraidon|Scale Shot|p1a: Iron Jugulis\n|-damage|p1a: Iron Jugulis|70\/100\n|-damage|p1a: Iron Jugulis|40\/100\n|-damage|p1a: Iron Jugulis|7\/100\n|-damage|p1a: Iron Jugulis|0 fnt\n|faint|p1a: Iron Jugulis\n|-end|p1a: Iron Jugulis|Quark Drive|[silent]\n|-hitcount|p1: Iron Jugulis|4\n|-unboost|p2a: Koraidon|def|1\n|-boost|p2a: Koraidon|spe|1\n|\n|upkeep\n|\n|t:|1700701543\n|switch|p1a: Iron Moth|Iron Moth, shiny|100\/100\n|-activate|p1a: Iron Moth|ability: Quark Drive\n|-start|p1a: Iron Moth|quarkdrivespa\n|turn|8\n|\n|t:|1700701551\n|move|p2a: Koraidon|Scale Shot|p1a: Iron Moth\n|-damage|p1a: Iron Moth|58\/100\n|-damage|p1a: Iron Moth|9\/100\n|-damage|p1a: Iron Moth|0 fnt\n|faint|p1a: Iron Moth\n|-end|p1a: Iron Moth|Quark Drive|[silent]\n|-hitcount|p1: Iron Moth|3\n|\n|win|CelesteMtn\n|raw|kiritoswordfighte's rating: 1069 &rarr; <strong>1052<\/strong><br \/>(-17 for losing)\n|raw|CelesteMtn's rating: 1127 &rarr; <strong>1148<\/strong><br \/>(+21 for winning)\n|l|\u2606kiritoswordfighte\n","uploadtime":1700701560,"views":12,"p1id":"kiritoswordfighte","p2id":"celestemtn","formatid":"gen9ubers","rating":1052,"private":0,"password":""}