{"id":"gen9ubers-1979069228","p1":"Vazquez 2.0","p2":"Oomaester1234","format":"[Gen 9] Ubers","log":"|j|\u2606Vazquez 2.0\n|j|\u2606Oomaester1234\n|t:|1698628220\n|gametype|singles\n|player|p1|Vazquez 2.0|gardenia|\n|player|p2|Oomaester1234|teamrocket|\n|teamsize|p1|6\n|teamsize|p2|6\n|gen|9\n|tier|[Gen 9] Ubers\n|rule|Sleep Clause Mod: Limit one foe put to sleep\n|rule|Species Clause: Limit one of each Pok\u00e9mon\n|rule|OHKO Clause: OHKO moves are banned\n|rule|Evasion Items Clause: Evasion items are banned\n|rule|Evasion Moves Clause: Evasion moves are banned\n|rule|Endless Battle Clause: Forcing endless battles is banned\n|rule|HP Percentage Mod: HP is shown in percentages\n|clearpoke\n|poke|p1|Zacian-*|\n|poke|p1|Gliscor, M|\n|poke|p1|Magearna|\n|poke|p1|Volcanion|\n|poke|p1|Cyclizar, M|\n|poke|p1|Arceus-Grass|\n|poke|p2|Spectrier|\n|poke|p2|Dialga|\n|poke|p2|Iron Valiant|\n|poke|p2|Moltres|\n|poke|p2|Palafin, M|\n|poke|p2|Cyclizar, M|\n|teampreview\n|\n|t:|1698628237\n|start\n|switch|p1a: Cyclizar|Cyclizar, M|100\/100\n|switch|p2a: Palafin|Palafin, M|100\/100\n|turn|1\n|c|\u2606Vazquez 2.0|glhf\n|\n|t:|1698628243\n|move|p1a: Cyclizar|Knock Off|p2a: Palafin\n|-damage|p2a: Palafin|77\/100\n|-enditem|p2a: Palafin|Mystic Water|[from] move: Knock Off|[of] p1a: Cyclizar\n|move|p2a: Palafin|Flip Turn|p1a: Cyclizar\n|-resisted|p1a: Cyclizar\n|-damage|p1a: Cyclizar|86\/100\n|c|\u2606Oomaester1234|same to u\n|\n|t:|1698628263\n|detailschange|p2a: Palafin|Palafin-Hero, M\n|switch|p2a: Spectrier|Spectrier|100\/100|[from] Flip Turn\n|\n|upkeep\n|turn|2\n|\n|t:|1698628275\n|move|p2a: Spectrier|Substitute|p2a: Spectrier\n|-start|p2a: Spectrier|Substitute\n|-damage|p2a: Spectrier|76\/100\n|move|p1a: Cyclizar|Knock Off|p2a: Spectrier\n|-supereffective|p2a: Spectrier\n|-end|p2a: Spectrier|Substitute\n|\n|-heal|p2a: Spectrier|82\/100|[from] item: Leftovers\n|upkeep\n|turn|3\n|\n|t:|1698628280\n|-terastallize|p2a: Spectrier|Fairy\n|move|p2a: Spectrier|Draining Kiss|p1a: Cyclizar\n|-supereffective|p1a: Cyclizar\n|-damage|p1a: Cyclizar|0 fnt\n|-heal|p2a: Spectrier|100\/100|[from] drain|[of] p1a: Cyclizar\n|faint|p1a: Cyclizar\n|-ability|p2a: Spectrier|Grim Neigh|boost\n|-boost|p2a: Spectrier|spa|1\n|\n|upkeep\n|\n|t:|1698628285\n|switch|p1a: Zacian|Zacian|100\/100\n|-ability|p1a: Zacian|Intrepid Sword|boost\n|-boost|p1a: Zacian|atk|1\n|turn|4\n|\n|t:|1698628292\n|switch|p2a: ho oh|Moltres, shiny|100\/100\n|move|p1a: Zacian|Iron Head|p2a: ho oh\n|-resisted|p2a: ho oh\n|-damage|p2a: ho oh|85\/100\n|\n|upkeep\n|turn|5\n|\n|t:|1698628297\n|switch|p1a: Volcanion|Volcanion|100\/100\n|move|p2a: ho oh|Hurricane|p1a: Volcanion\n|-crit|p1a: Volcanion\n|-damage|p1a: Volcanion|51\/100\n|-start|p1a: Volcanion|confusion\n|\n|upkeep\n|turn|6\n|\n|t:|1698628304\n|switch|p2a: Dialga|Dialga|100\/100\n|-ability|p2a: Dialga|Pressure\n|-activate|p1a: Volcanion|confusion\n|move|p1a: Volcanion|Steam Eruption|p2a: Dialga\n|-resisted|p2a: Dialga\n|-damage|p2a: Dialga|84\/100\n|-status|p2a: Dialga|brn\n|\n|-heal|p2a: Dialga|91\/100 brn|[from] item: Leftovers\n|-damage|p2a: Dialga|84\/100 brn|[from] brn\n|upkeep\n|turn|7\n|\n|t:|1698628308\n|switch|p1a: Magearna|Magearna|100\/100\n|move|p2a: Dialga|Stealth Rock|p1a: Magearna\n|-sidestart|p1: Vazquez 2.0|move: Stealth Rock\n|\n|-heal|p2a: Dialga|91\/100 brn|[from] item: Leftovers\n|-damage|p2a: Dialga|84\/100 brn|[from] brn\n|upkeep\n|turn|8\n|\n|t:|1698628311\n|move|p1a: Magearna|Spikes|p2a: Dialga\n|-sidestart|p2: Oomaester1234|Spikes\n|move|p2a: Dialga|Roar|p1a: Magearna\n|drag|p1a: Arceus|Arceus-Grass|100\/100\n|-damage|p1a: Arceus|88\/100|[from] Stealth Rock\n|\n|-heal|p2a: Dialga|91\/100 brn|[from] item: Leftovers\n|-damage|p2a: Dialga|84\/100 brn|[from] brn\n|upkeep\n|turn|9\n|\n|t:|1698628314\n|move|p1a: Arceus|Earth Power|p2a: Dialga\n|-supereffective|p2a: Dialga\n|-damage|p2a: Dialga|49\/100 brn\n|move|p2a: Dialga|Fire Blast|p1a: Arceus\n|-supereffective|p1a: Arceus\n|-damage|p1a: Arceus|36\/100\n|\n|-heal|p2a: Dialga|55\/100 brn|[from] item: Leftovers\n|-damage|p2a: Dialga|49\/100 brn|[from] brn\n|upkeep\n|turn|10\n|\n|t:|1698628321\n|switch|p2a: ho oh|Moltres, shiny|85\/100\n|move|p1a: Arceus|Recover|p1a: Arceus\n|-heal|p1a: Arceus|86\/100\n|\n|upkeep\n|turn|11\n|\n|t:|1698628329\n|switch|p1a: Gliscor|Gliscor, M|100\/100\n|-damage|p1a: Gliscor|88\/100|[from] Stealth Rock\n|move|p2a: ho oh|U-turn|p1a: Gliscor\n|-resisted|p1a: Gliscor\n|-damage|p1a: Gliscor|84\/100\n|\n|t:|1698628335\n|switch|p2a: Cyclizar|Cyclizar, M|100\/100|[from] U-turn\n|\n|-status|p1a: Gliscor|tox|[from] item: Toxic Orb\n|upkeep\n|turn|12\n|\n|t:|1698628340\n|move|p2a: Cyclizar|Shed Tail|p2a: Cyclizar\n|-start|p2a: Cyclizar|Substitute|[from] move: Shed Tail\n|-damage|p2a: Cyclizar|50\/100\n|\n|t:|1698628353\n|switch|p2a: Spectrier|Spectrier, tera:Fairy|100\/100|[from] Shed Tail\n|-damage|p2a: Spectrier|88\/100|[from] Spikes\n|move|p1a: Gliscor|Earthquake|p2a: Spectrier\n|-end|p2a: Spectrier|Substitute\n|\n|-heal|p2a: Spectrier|94\/100|[from] item: Leftovers\n|-heal|p1a: Gliscor|96\/100 tox|[from] ability: Poison Heal\n|upkeep\n|turn|13\n|\n|t:|1698628356\n|move|p2a: Spectrier|Shadow Ball|p1a: Gliscor\n|-damage|p1a: Gliscor|39\/100 tox\n|move|p1a: Gliscor|Toxic|p2a: Spectrier\n|-status|p2a: Spectrier|tox\n|\n|-heal|p2a: Spectrier|100\/100 tox|[from] item: Leftovers\n|-damage|p2a: Spectrier|94\/100 tox|[from] psn\n|-heal|p1a: Gliscor|51\/100 tox|[from] ability: Poison Heal\n|upkeep\n|turn|14\n|\n|t:|1698628359\n|move|p1a: Gliscor|Protect|p1a: Gliscor\n|-singleturn|p1a: Gliscor|Protect\n|move|p2a: Spectrier|Calm Mind|p2a: Spectrier\n|-boost|p2a: Spectrier|spa|1\n|-boost|p2a: Spectrier|spd|1\n|\n|-heal|p2a: Spectrier|100\/100 tox|[from] item: Leftovers\n|-damage|p2a: Spectrier|88\/100 tox|[from] psn\n|-heal|p1a: Gliscor|64\/100 tox|[from] ability: Poison Heal\n|upkeep\n|turn|15\n|\n|t:|1698628364\n|switch|p1a: Magearna|Magearna|100\/100\n|-damage|p1a: Magearna|94\/100|[from] Stealth Rock\n|move|p2a: Spectrier|Shadow Ball|p1a: Magearna\n|-damage|p1a: Magearna|42\/100\n|\n|-heal|p2a: Spectrier|94\/100 tox|[from] item: Leftovers\n|-heal|p1a: Magearna|48\/100|[from] item: Leftovers\n|-damage|p2a: Spectrier|76\/100 tox|[from] psn\n|upkeep\n|turn|16\n|\n|t:|1698628374\n|move|p2a: Spectrier|Shadow Ball|p1a: Magearna\n|-damage|p1a: Magearna|0 fnt\n|faint|p1a: Magearna\n|-ability|p2a: Spectrier|Grim Neigh|boost\n|-boost|p2a: Spectrier|spa|1\n|\n|-heal|p2a: Spectrier|82\/100 tox|[from] item: Leftovers\n|-damage|p2a: Spectrier|57\/100 tox|[from] psn\n|upkeep\n|\n|t:|1698628376\n|switch|p1a: Zacian|Zacian|100\/100\n|turn|17\n|\n|t:|1698628379\n|switch|p2a: ho oh|Moltres, shiny|85\/100\n|move|p1a: Zacian|Swords Dance|p1a: Zacian\n|-boost|p1a: Zacian|atk|2\n|\n|upkeep\n|turn|18\n|\n|t:|1698628383\n|move|p1a: Zacian|Play Rough|p2a: ho oh\n|-resisted|p2a: ho oh\n|-damage|p2a: ho oh|48\/100\n|move|p2a: ho oh|Flamethrower|p1a: Zacian\n|-damage|p1a: Zacian|64\/100\n|\n|upkeep\n|turn|19\n|\n|t:|1698628390\n|move|p1a: Zacian|Swords Dance|p1a: Zacian\n|-boost|p1a: Zacian|atk|2\n|move|p2a: ho oh|Roost|p2a: ho oh\n|-heal|p2a: ho oh|98\/100\n|-singleturn|p2a: ho oh|move: Roost\n|\n|upkeep\n|turn|20\n|\n|t:|1698628395\n|move|p1a: Zacian|Play Rough|p2a: ho oh|[miss]\n|-miss|p1a: Zacian|p2a: ho oh\n|move|p2a: ho oh|Roost|p2a: ho oh\n|-heal|p2a: ho oh|100\/100\n|-singleturn|p2a: ho oh|move: Roost\n|\n|upkeep\n|turn|21\n|\n|t:|1698628398\n|move|p1a: Zacian|Swords Dance|p1a: Zacian\n|-boost|p1a: Zacian|atk|2\n|move|p2a: ho oh|Flamethrower|p1a: Zacian\n|-damage|p1a: Zacian|31\/100\n|\n|upkeep\n|turn|22\n|\n|t:|1698628401\n|move|p1a: Zacian|Play Rough|p2a: ho oh\n|-resisted|p2a: ho oh\n|-damage|p2a: ho oh|36\/100\n|-unboost|p2a: ho oh|atk|1\n|-status|p1a: Zacian|brn|[from] ability: Flame Body|[of] p2a: ho oh\n|move|p2a: ho oh|Flamethrower|p1a: Zacian\n|-damage|p1a: Zacian|0 fnt\n|faint|p1a: Zacian\n|\n|upkeep\n|\n|t:|1698628410\n|switch|p1a: Volcanion|Volcanion|51\/100\n|turn|23\n|\n|t:|1698628412\n|move|p2a: ho oh|U-turn|p1a: Volcanion\n|-resisted|p1a: Volcanion\n|-damage|p1a: Volcanion|46\/100\n|\n|t:|1698628420\n|switch|p2a: Dialga|Dialga|49\/100 brn|[from] U-turn\n|-damage|p2a: Dialga|36\/100 brn|[from] Spikes\n|-ability|p2a: Dialga|Pressure\n|move|p1a: Volcanion|Steam Eruption|p2a: Dialga\n|-resisted|p2a: Dialga\n|-damage|p2a: Dialga|19\/100 brn\n|\n|-heal|p2a: Dialga|25\/100 brn|[from] item: Leftovers\n|-damage|p2a: Dialga|19\/100 brn|[from] brn\n|upkeep\n|turn|24\n|\n|t:|1698628439\n|move|p2a: Dialga|Draco Meteor|p1a: Volcanion\n|-crit|p1a: Volcanion\n|-damage|p1a: Volcanion|0 fnt\n|-unboost|p2a: Dialga|spa|2\n|faint|p1a: Volcanion\n|\n|-heal|p2a: Dialga|25\/100 brn|[from] item: Leftovers\n|-damage|p2a: Dialga|19\/100 brn|[from] brn\n|upkeep\n|\n|t:|1698628442\n|switch|p1a: Arceus|Arceus-Grass|86\/100\n|-damage|p1a: Arceus|74\/100|[from] Stealth Rock\n|turn|25\n|\n|t:|1698628446\n|move|p1a: Arceus|Calm Mind|p1a: Arceus\n|-boost|p1a: Arceus|spa|1\n|-boost|p1a: Arceus|spd|1\n|move|p2a: Dialga|Fire Blast|p1a: Arceus\n|-supereffective|p1a: Arceus\n|-damage|p1a: Arceus|57\/100\n|\n|-heal|p2a: Dialga|25\/100 brn|[from] item: Leftovers\n|-damage|p2a: Dialga|19\/100 brn|[from] brn\n|upkeep\n|turn|26\n|\n|t:|1698628452\n|move|p1a: Arceus|Earth Power|p2a: Dialga\n|-supereffective|p2a: Dialga\n|-damage|p2a: Dialga|0 fnt\n|faint|p2a: Dialga\n|\n|upkeep\n|\n|t:|1698628460\n|switch|p2a: Cyclizar|Cyclizar, M|84\/100\n|turn|27\n|\n|t:|1698628465\n|move|p2a: Cyclizar|Shed Tail|p2a: Cyclizar\n|-start|p2a: Cyclizar|Substitute|[from] move: Shed Tail\n|-damage|p2a: Cyclizar|34\/100\n|\n|t:|1698628469\n|switch|p2a: ho oh|Moltres, shiny|36\/100|[from] Shed Tail\n|move|p1a: Arceus|Calm Mind|p1a: Arceus\n|-boost|p1a: Arceus|spa|1\n|-boost|p1a: Arceus|spd|1\n|\n|upkeep\n|turn|28\n|\n|t:|1698628472\n|-terastallize|p1a: Arceus|Ground\n|move|p1a: Arceus|Recover|p1a: Arceus\n|-heal|p1a: Arceus|100\/100\n|move|p2a: ho oh|Flamethrower|p1a: Arceus\n|-damage|p1a: Arceus|87\/100\n|\n|upkeep\n|turn|29\n|\n|t:|1698628476\n|move|p1a: Arceus|Calm Mind|p1a: Arceus\n|-boost|p1a: Arceus|spa|1\n|-boost|p1a: Arceus|spd|1\n|move|p2a: ho oh|Hurricane|p1a: Arceus\n|-damage|p1a: Arceus|74\/100\n|\n|upkeep\n|turn|30\n|\n|t:|1698628482\n|move|p1a: Arceus|Recover|p1a: Arceus\n|-heal|p1a: Arceus|100\/100\n|move|p2a: ho oh|U-turn|p1a: Arceus\n|-damage|p1a: Arceus|90\/100\n|\n|t:|1698628484\n|switch|p2a: Iron Valiant|Iron Valiant|100\/100|[from] U-turn\n|-damage|p2a: Iron Valiant|88\/100|[from] Spikes\n|-enditem|p2a: Iron Valiant|Booster Energy\n|-activate|p2a: Iron Valiant|ability: Quark Drive|[fromitem]\n|-start|p2a: Iron Valiant|quarkdrivespe\n|\n|upkeep\n|turn|31\n|\n|t:|1698628487\n|move|p2a: Iron Valiant|Encore|p1a: Arceus\n|-start|p1a: Arceus|Encore\n|move|p1a: Arceus|Recover|p1a: Arceus\n|-heal|p1a: Arceus|100\/100\n|\n|upkeep\n|turn|32\n|\n|t:|1698628492\n|move|p2a: Iron Valiant|Close Combat|p1a: Arceus\n|-damage|p1a: Arceus|60\/100\n|-unboost|p2a: Iron Valiant|def|1\n|-unboost|p2a: Iron Valiant|spd|1\n|move|p1a: Arceus|Recover|p1a: Arceus\n|-heal|p1a: Arceus|100\/100\n|\n|upkeep\n|turn|33\n|\n|t:|1698628497\n|switch|p1a: Gliscor|Gliscor, M|64\/100 tox\n|-damage|p1a: Gliscor|51\/100 tox|[from] Stealth Rock\n|move|p2a: Iron Valiant|Close Combat|p1a: Gliscor\n|-resisted|p1a: Gliscor\n|-damage|p1a: Gliscor|33\/100 tox\n|-unboost|p2a: Iron Valiant|def|1\n|-unboost|p2a: Iron Valiant|spd|1\n|\n|-heal|p1a: Gliscor|45\/100 tox|[from] ability: Poison Heal\n|upkeep\n|turn|34\n|\n|t:|1698628502\n|move|p2a: Iron Valiant|Moonblast|p1a: Gliscor\n|-damage|p1a: Gliscor|1\/100 tox\n|-unboost|p1a: Gliscor|spa|1\n|move|p1a: Gliscor|Earthquake|p2a: Iron Valiant\n|-damage|p2a: Iron Valiant|0 fnt\n|faint|p2a: Iron Valiant\n|-end|p2a: Iron Valiant|Quark Drive|[silent]\n|\n|-heal|p1a: Gliscor|14\/100 tox|[from] ability: Poison Heal\n|upkeep\n|\n|t:|1698628513\n|switch|p2a: Palafin|Palafin-Hero, M|77\/100\n|-damage|p2a: Palafin|65\/100|[from] Spikes\n|-activate|p2a: Palafin|ability: Zero to Hero\n|turn|35\n|\n|t:|1698628518\n|move|p2a: Palafin|Jet Punch|p1a: Gliscor\n|-supereffective|p1a: Gliscor\n|-damage|p1a: Gliscor|0 fnt\n|faint|p1a: Gliscor\n|\n|upkeep\n|\n|t:|1698628520\n|switch|p1a: Arceus|Arceus-Grass, tera:Ground|100\/100\n|-damage|p1a: Arceus|94\/100|[from] Stealth Rock\n|turn|36\n|\n|t:|1698628522\n|move|p2a: Palafin|Jet Punch|p1a: Arceus\n|-supereffective|p1a: Arceus\n|-damage|p1a: Arceus|50\/100\n|move|p1a: Arceus|Calm Mind|p1a: Arceus\n|-boost|p1a: Arceus|spa|1\n|-boost|p1a: Arceus|spd|1\n|\n|upkeep\n|turn|37\n|\n|t:|1698628525\n|move|p2a: Palafin|Jet Punch|p1a: Arceus\n|-supereffective|p1a: Arceus\n|-damage|p1a: Arceus|3\/100\n|move|p1a: Arceus|Judgment|p2a: Palafin\n|-supereffective|p2a: Palafin\n|-damage|p2a: Palafin|0 fnt\n|faint|p2a: Palafin\n|\n|upkeep\n|\n|t:|1698628530\n|switch|p2a: Spectrier|Spectrier, tera:Fairy|57\/100 tox\n|-damage|p2a: Spectrier|45\/100 tox|[from] Spikes\n|turn|38\n|\n|t:|1698628533\n|move|p2a: Spectrier|Shadow Ball|p1a: Arceus\n|-damage|p1a: Arceus|0 fnt\n|faint|p1a: Arceus\n|\n|win|Oomaester1234\n|c|\u2606Oomaester1234|ggs\n|c|\u2606Vazquez 2.0|gg\n","uploadtime":1698628540,"views":9,"p1id":"vazquez20","p2id":"oomaester1234","formatid":"gen9ubers","rating":0,"private":0,"password":""}