{"id":"gen9ubers-1984222549","p1":"Wittytwiggy","p2":"jordanbutt12","format":"[Gen 9] Ubers","log":"|j|\u2606Wittytwiggy\n|j|\u2606jordanbutt12\n|t:|1699231928\n|gametype|singles\n|player|p1|Wittytwiggy|169|\n|player|p2|jordanbutt12|infielder|\n|teamsize|p1|6\n|teamsize|p2|6\n|gen|9\n|tier|[Gen 9] Ubers\n|rule|Sleep Clause Mod: Limit one foe put to sleep\n|rule|Species Clause: Limit one of each Pok\u00e9mon\n|rule|OHKO Clause: OHKO moves are banned\n|rule|Evasion Items Clause: Evasion items are banned\n|rule|Evasion Moves Clause: Evasion moves are banned\n|rule|Endless Battle Clause: Forcing endless battles is banned\n|rule|HP Percentage Mod: HP is shown in percentages\n|clearpoke\n|poke|p1|Ursaluna-Bloodmoon, M|\n|poke|p1|Dondozo, F|\n|poke|p1|Basculegion, M|\n|poke|p1|Hydreigon, M|\n|poke|p1|Copperajah, F|\n|poke|p1|Mimikyu, M|\n|poke|p2|Snorlax, F|\n|poke|p2|Sableye, F|\n|poke|p2|Dragonite, M|\n|poke|p2|Landorus-Therian, M|\n|poke|p2|Cinderace, F|\n|poke|p2|Barraskewda, M|\n|teampreview\n|c|\u2606jordanbutt12|glhf\n|c|\u2606Wittytwiggy|glhf\n|\n|t:|1699231967\n|start\n|switch|p1a: Betta|Basculegion, M, shiny|100\/100\n|switch|p2a: Sableye|Sableye, F|100\/100\n|turn|1\n|\n|t:|1699231999\n|move|p2a: Sableye|Will-O-Wisp|p1a: Betta\n|-status|p1a: Betta|brn\n|move|p1a: Betta|Liquidation|p2a: Sableye\n|-damage|p2a: Sableye|66\/100\n|-damage|p1a: Betta|91\/100 brn|[from] item: Life Orb\n|\n|-heal|p2a: Sableye|73\/100|[from] item: Leftovers\n|-damage|p1a: Betta|84\/100 brn|[from] brn\n|upkeep\n|turn|2\n|\n|t:|1699232014\n|move|p1a: Betta|Flip Turn|p2a: Sableye\n|-damage|p2a: Sableye|48\/100\n|-damage|p1a: Betta|75\/100 brn|[from] item: Life Orb\n|\n|t:|1699232020\n|switch|p1a: Umbra|Ursaluna-Bloodmoon, M|100\/100|[from] Flip Turn\n|move|p2a: Sableye|Foul Play|p1a: Umbra\n|-damage|p1a: Umbra|90\/100\n|\n|-heal|p2a: Sableye|54\/100|[from] item: Leftovers\n|upkeep\n|turn|3\n|\n|t:|1699232032\n|switch|p2a: Snorlax|Snorlax, F|100\/100\n|move|p1a: Umbra|Moonblast|p2a: Snorlax\n|-damage|p2a: Snorlax|84\/100\n|-unboost|p2a: Snorlax|spa|1\n|\n|-heal|p2a: Snorlax|90\/100|[from] item: Leftovers\n|upkeep\n|turn|4\n|\n|t:|1699232042\n|move|p1a: Umbra|Body Press|p2a: Snorlax\n|-supereffective|p2a: Snorlax\n|-damage|p2a: Snorlax|42\/100\n|move|p2a: Snorlax|Curse|p2a: Snorlax\n|-unboost|p2a: Snorlax|spe|1\n|-boost|p2a: Snorlax|atk|1\n|-boost|p2a: Snorlax|def|1\n|\n|-heal|p2a: Snorlax|48\/100|[from] item: Leftovers\n|upkeep\n|turn|5\n|\n|t:|1699232067\n|move|p1a: Umbra|Blood Moon|p2a: Snorlax\n|-damage|p2a: Snorlax|10\/100\n|move|p2a: Snorlax|Body Slam|p1a: Umbra\n|-damage|p1a: Umbra|60\/100\n|\n|-heal|p2a: Snorlax|16\/100|[from] item: Leftovers\n|upkeep\n|turn|6\n|j| Jullo27\n|\n|t:|1699232082\n|switch|p2a: Landorus|Landorus-Therian, M|100\/100\n|-ability|p2a: Landorus|Intimidate|boost\n|-unboost|p1a: Umbra|atk|1\n|move|p1a: Umbra|Moonblast|p2a: Landorus\n|-damage|p2a: Landorus|47\/100\n|\n|-heal|p2a: Landorus|53\/100|[from] item: Leftovers\n|upkeep\n|turn|7\n|j| SilveryMP\n|j| Mathl3te\n|l| Mathl3te\n|\n|t:|1699232112\n|switch|p1a: Petey|Hydreigon, M, shiny|100\/100\n|move|p2a: Landorus|Grass Knot|p1a: Petey\n|-resisted|p1a: Petey\n|-damage|p1a: Petey|88\/100\n|\n|-heal|p2a: Landorus|58\/100|[from] item: Leftovers\n|upkeep\n|turn|8\n|\n|t:|1699232125\n|switch|p2a: Sableye|Sableye, F|54\/100\n|move|p1a: Petey|Draco Meteor|p2a: Sableye|[miss]\n|-miss|p1a: Petey|p2a: Sableye\n|\n|-heal|p2a: Sableye|60\/100|[from] item: Leftovers\n|upkeep\n|turn|9\n|j| Mathl3te\n|l| SilveryMP\n|\n|t:|1699232149\n|move|p2a: Sableye|Recover|p2a: Sableye\n|-heal|p2a: Sableye|100\/100\n|move|p1a: Petey|U-turn|p2a: Sableye\n|-damage|p2a: Sableye|85\/100\n|\n|t:|1699232164\n|switch|p1a: fren shaped|Mimikyu, M|100\/100|[from] U-turn\n|\n|-heal|p2a: Sableye|91\/100|[from] item: Leftovers\n|upkeep\n|turn|10\n|\n|t:|1699232180\n|move|p2a: Sableye|Will-O-Wisp|p1a: fren shaped\n|-status|p1a: fren shaped|brn\n|move|p1a: fren shaped|Swords Dance|p1a: fren shaped\n|-boost|p1a: fren shaped|atk|2\n|\n|-heal|p2a: Sableye|98\/100|[from] item: Leftovers\n|-damage|p1a: fren shaped|94\/100 brn|[from] brn\n|upkeep\n|turn|11\n|l| Mathl3te\n|\n|t:|1699232205\n|move|p2a: Sableye|Encore|p1a: fren shaped\n|-start|p1a: fren shaped|Encore\n|-enditem|p1a: fren shaped|Mental Herb\n|-end|p1a: fren shaped|Encore\n|move|p1a: fren shaped|Swords Dance|p1a: fren shaped\n|-boost|p1a: fren shaped|atk|2\n|\n|-heal|p2a: Sableye|100\/100|[from] item: Leftovers\n|-damage|p1a: fren shaped|88\/100 brn|[from] brn\n|upkeep\n|turn|12\n|\n|t:|1699232214\n|move|p1a: fren shaped|Play Rough|p2a: Sableye\n|-supereffective|p2a: Sableye\n|-damage|p2a: Sableye|0 fnt\n|faint|p2a: Sableye\n|\n|-damage|p1a: fren shaped|82\/100 brn|[from] brn\n|upkeep\n|j| SilveryMP\n|j| Mathl3te\n|\n|t:|1699232247\n|switch|p2a: Barraskewda|Barraskewda, M|100\/100\n|turn|13\n|l| SilveryMP\n|l| Mathl3te\n|j| Mathl3te\n|\n|t:|1699232278\n|move|p2a: Barraskewda|Flip Turn|p1a: fren shaped\n|-activate|p1a: fren shaped|ability: Disguise\n|-damage|p1a: fren shaped|82\/100 brn\n|detailschange|p1a: fren shaped|Mimikyu-Busted, M\n|-damage|p1a: fren shaped|70\/100 brn|[from] pokemon: Mimikyu-Busted\n|l| Mathl3te\n|\n|t:|1699232295\n|switch|p2a: Snorlax|Snorlax, F|16\/100|[from] Flip Turn\n|move|p1a: fren shaped|Trick Room|p1a: fren shaped\n|-fieldstart|move: Trick Room|[of] p1a: fren shaped\n|\n|-heal|p2a: Snorlax|22\/100|[from] item: Leftovers\n|-damage|p1a: fren shaped|64\/100 brn|[from] brn\n|upkeep\n|turn|14\n|\n|t:|1699232305\n|move|p2a: Snorlax|Earthquake|p1a: fren shaped\n|-damage|p1a: fren shaped|31\/100 brn\n|move|p1a: fren shaped|Play Rough|p2a: Snorlax\n|-damage|p2a: Snorlax|0 fnt\n|faint|p2a: Snorlax\n|\n|-damage|p1a: fren shaped|25\/100 brn|[from] brn\n|upkeep\n|j| Mathl3te\n|\n|t:|1699232314\n|switch|p2a: Barraskewda|Barraskewda, M|100\/100\n|turn|15\n|\n|t:|1699232317\n|move|p2a: Barraskewda|Aqua Jet|p1a: fren shaped\n|-damage|p1a: fren shaped|0 fnt\n|faint|p1a: fren shaped\n|\n|upkeep\n|\n|t:|1699232331\n|switch|p1a: Duchess|Copperajah, F|100\/100\n|-item|p1a: Duchess|Air Balloon\n|turn|16\n|\n|t:|1699232346\n|switch|p2a: Cinderace|Cinderace, F|100\/100\n|-terastallize|p1a: Duchess|Fairy\n|move|p1a: Duchess|Play Rough|p2a: Cinderace\n|-resisted|p2a: Cinderace\n|-damage|p2a: Cinderace|50\/100\n|\n|upkeep\n|turn|17\n|\n|t:|1699232363\n|switch|p2a: Landorus|Landorus-Therian, M|58\/100\n|-ability|p2a: Landorus|Intimidate|boost\n|-unboost|p1a: Duchess|atk|1\n|move|p1a: Duchess|Play Rough|p2a: Landorus\n|-damage|p2a: Landorus|9\/100\n|\n|-heal|p2a: Landorus|15\/100|[from] item: Leftovers\n|-fieldend|move: Trick Room\n|upkeep\n|turn|18\n|\n|t:|1699232374\n|move|p2a: Landorus|Smack Down|p1a: Duchess\n|-damage|p1a: Duchess|80\/100\n|-enditem|p1a: Duchess|Air Balloon\n|move|p1a: Duchess|Iron Head|p2a: Landorus\n|-damage|p2a: Landorus|0 fnt\n|faint|p2a: Landorus\n|\n|upkeep\n|\n|t:|1699232386\n|switch|p2a: Cinderace|Cinderace, F|50\/100\n|turn|19\n|\n|t:|1699232396\n|move|p2a: Cinderace|Pyro Ball|p1a: Duchess|[miss]\n|-miss|p2a: Cinderace|p1a: Duchess\n|move|p1a: Duchess|Earthquake|p2a: Cinderace\n|-supereffective|p2a: Cinderace\n|-damage|p2a: Cinderace|0 fnt\n|faint|p2a: Cinderace\n|\n|upkeep\n|l| Mathl3te\n|\n|t:|1699232410\n|switch|p2a: Barraskewda|Barraskewda, M|100\/100\n|turn|20\n|j| Mathl3te\n|\n|t:|1699232426\n|move|p2a: Barraskewda|Flip Turn|p1a: Duchess\n|-damage|p1a: Duchess|28\/100\n|\n|t:|1699232430\n|switch|p2a: Dragonite|Dragonite, M|100\/100|[from] Flip Turn\n|move|p1a: Duchess|Play Rough|p2a: Dragonite|[miss]\n|-miss|p1a: Duchess|p2a: Dragonite\n|\n|upkeep\n|turn|21\n|\n|t:|1699232453\n|move|p2a: Dragonite|Air Slash|p1a: Duchess\n|-damage|p1a: Duchess|3\/100\n|move|p1a: Duchess|Play Rough|p2a: Dragonite\n|-supereffective|p2a: Dragonite\n|-damage|p2a: Dragonite|69\/100\n|\n|upkeep\n|turn|22\n|l| Mathl3te\n|\n|t:|1699232461\n|move|p2a: Dragonite|Air Slash|p1a: Duchess\n|-damage|p1a: Duchess|0 fnt\n|faint|p1a: Duchess\n|\n|upkeep\n|\n|t:|1699232465\n|switch|p1a: Guy Fieri|Dondozo, F|100\/100\n|turn|23\n|\n|t:|1699232474\n|move|p2a: Dragonite|Fire Spin|p1a: Guy Fieri\n|-resisted|p1a: Guy Fieri\n|-damage|p1a: Guy Fieri|97\/100\n|-activate|p1a: Guy Fieri|move: Fire Spin|[of] p2a: Dragonite\n|move|p1a: Guy Fieri|Avalanche|p2a: Dragonite\n|-supereffective|p2a: Dragonite\n|-damage|p2a: Dragonite|0 fnt\n|faint|p2a: Dragonite\n|\n|-end|p1a: Guy Fieri|Fire Spin|[partiallytrapped]|[silent]\n|upkeep\n|\n|t:|1699232480\n|switch|p2a: Barraskewda|Barraskewda, M|100\/100\n|turn|24\n|\n|t:|1699232490\n|move|p2a: Barraskewda|Liquidation|p1a: Guy Fieri\n|-resisted|p1a: Guy Fieri\n|-damage|p1a: Guy Fieri|82\/100\n|move|p1a: Guy Fieri|Avalanche|p2a: Barraskewda\n|-resisted|p2a: Barraskewda\n|-damage|p2a: Barraskewda|74\/100\n|\n|upkeep\n|turn|25\n|\n|t:|1699232497\n|move|p2a: Barraskewda|Liquidation|p1a: Guy Fieri\n|-resisted|p1a: Guy Fieri\n|-damage|p1a: Guy Fieri|66\/100\n|move|p1a: Guy Fieri|Earthquake|p2a: Barraskewda\n|-damage|p2a: Barraskewda|29\/100\n|\n|upkeep\n|turn|26\n|c|\u2606jordanbutt12|gg\n|\n|t:|1699232504\n|move|p2a: Barraskewda|Liquidation|p1a: Guy Fieri\n|-resisted|p1a: Guy Fieri\n|-damage|p1a: Guy Fieri|52\/100\n|move|p1a: Guy Fieri|Earthquake|p2a: Barraskewda\n|-damage|p2a: Barraskewda|0 fnt\n|faint|p2a: Barraskewda\n|\n|win|Wittytwiggy\n|c|\u2606Wittytwiggy|gg\n|j| Mathl3te\n|l|\u2606jordanbutt12\n|l| Mathl3te\n","uploadtime":1699232661,"views":18,"p1id":"wittytwiggy","p2id":"jordanbutt12","formatid":"gen9ubers","rating":0,"private":0,"password":""}