{"id":"gen9ubers-1982844556","p1":"chriscanway","p2":"harmony6","format":"[Gen 9] Ubers","log":"|j|\u2606chriscanway\n|j|\u2606harmony6\n|t:|1699050550\n|gametype|singles\n|player|p1|chriscanway|ethan|\n|player|p2|harmony6|lass-gen4dp|\n|teamsize|p1|6\n|teamsize|p2|6\n|gen|9\n|tier|[Gen 9] Ubers\n|rule|Sleep Clause Mod: Limit one foe put to sleep\n|rule|Species Clause: Limit one of each Pok\u00e9mon\n|rule|OHKO Clause: OHKO moves are banned\n|rule|Evasion Items Clause: Evasion items are banned\n|rule|Evasion Moves Clause: Evasion moves are banned\n|rule|Endless Battle Clause: Forcing endless battles is banned\n|rule|HP Percentage Mod: HP is shown in percentages\n|clearpoke\n|poke|p1|Gliscor, M|\n|poke|p1|Cyclizar, M|\n|poke|p1|Chi-Yu|\n|poke|p1|Espathra, F|\n|poke|p1|Ogerpon-Wellspring, F|\n|poke|p1|Zacian-*|\n|poke|p2|Chi-Yu|\n|poke|p2|Magearna|\n|poke|p2|Torkoal, F|\n|poke|p2|Roaring Moon|\n|poke|p2|Arceus-Fire|\n|poke|p2|Zacian-*|\n|teampreview\n|\n|t:|1699050576\n|start\n|switch|p1a: Gliscor|Gliscor, M|100\/100\n|switch|p2a: Roaring Moon|Roaring Moon|100\/100\n|turn|1\n|\n|t:|1699050596\n|move|p2a: Roaring Moon|Knock Off|p1a: Gliscor\n|-damage|p1a: Gliscor|68\/100\n|-enditem|p1a: Gliscor|Toxic Orb|[from] move: Knock Off|[of] p2a: Roaring Moon\n|move|p1a: Gliscor|Toxic|p2a: Roaring Moon\n|-status|p2a: Roaring Moon|tox\n|\n|-damage|p2a: Roaring Moon|95\/100 tox|[from] psn\n|upkeep\n|turn|2\n|\n|t:|1699050612\n|-end|p2a: Roaring Moon|Protosynthesis|[silent]\n|switch|p2a: Zacian|Zacian|100\/100\n|-ability|p2a: Zacian|Intrepid Sword|boost\n|-boost|p2a: Zacian|atk|1\n|move|p1a: Gliscor|Earthquake|p2a: Zacian\n|-damage|p2a: Zacian|70\/100\n|\n|upkeep\n|turn|3\n|\n|t:|1699050621\n|move|p2a: Zacian|Play Rough|p1a: Gliscor|[miss]\n|-miss|p2a: Zacian|p1a: Gliscor\n|move|p1a: Gliscor|Earthquake|p2a: Zacian\n|-damage|p2a: Zacian|41\/100\n|\n|upkeep\n|turn|4\n|\n|t:|1699050626\n|move|p2a: Zacian|Play Rough|p1a: Gliscor\n|-damage|p1a: Gliscor|30\/100\n|move|p1a: Gliscor|Toxic|p2a: Zacian\n|-status|p2a: Zacian|tox\n|\n|-damage|p2a: Zacian|35\/100 tox|[from] psn\n|upkeep\n|turn|5\n|\n|t:|1699050637\n|move|p1a: Gliscor|Protect|p1a: Gliscor\n|-singleturn|p1a: Gliscor|Protect\n|move|p2a: Zacian|Play Rough|p1a: Gliscor\n|-activate|p1a: Gliscor|move: Protect\n|\n|-damage|p2a: Zacian|23\/100 tox|[from] psn\n|upkeep\n|turn|6\n|\n|t:|1699050639\n|move|p2a: Zacian|Play Rough|p1a: Gliscor\n|-damage|p1a: Gliscor|0 fnt\n|faint|p1a: Gliscor\n|\n|-damage|p2a: Zacian|5\/100 tox|[from] psn\n|upkeep\n|\n|t:|1699050654\n|switch|p1a: Zacian|Zacian|100\/100\n|-ability|p1a: Zacian|Intrepid Sword|boost\n|-boost|p1a: Zacian|atk|1\n|turn|7\n|\n|t:|1699050670\n|-terastallize|p1a: Zacian|Fire\n|move|p1a: Zacian|Swords Dance|p1a: Zacian\n|-boost|p1a: Zacian|atk|2\n|move|p2a: Zacian|Play Rough|p1a: Zacian\n|-resisted|p1a: Zacian\n|-damage|p1a: Zacian|70\/100\n|\n|-damage|p2a: Zacian|0 fnt|[from] psn\n|faint|p2a: Zacian\n|upkeep\n|\n|t:|1699050696\n|switch|p2a: Torkoal|Torkoal, F|100\/100\n|-weather|SunnyDay|[from] ability: Drought|[of] p2a: Torkoal\n|turn|8\n|\n|t:|1699050705\n|move|p1a: Zacian|Swords Dance|p1a: Zacian\n|-boost|p1a: Zacian|atk|2\n|move|p2a: Torkoal|Overheat|p1a: Zacian\n|-resisted|p1a: Zacian\n|-damage|p1a: Zacian|44\/100\n|-unboost|p2a: Torkoal|spa|2\n|-enditem|p2a: Torkoal|Eject Pack\n|\n|t:|1699050712\n|switch|p2a: Roaring Moon|Roaring Moon|95\/100 tox\n|-activate|p2a: Roaring Moon|ability: Protosynthesis\n|-start|p2a: Roaring Moon|protosynthesisatk\n|\n|-weather|SunnyDay|[upkeep]\n|-damage|p2a: Roaring Moon|89\/100 tox|[from] psn\n|upkeep\n|turn|9\n|\n|t:|1699050718\n|move|p2a: Roaring Moon|Outrage|p1a: Zacian\n|-damage|p1a: Zacian|0 fnt\n|faint|p1a: Zacian\n|\n|-weather|SunnyDay|[upkeep]\n|-damage|p2a: Roaring Moon|77\/100 tox|[from] psn\n|upkeep\n|\n|t:|1699050728\n|switch|p1a: Cyclizar|Cyclizar, M|100\/100\n|turn|10\n|\n|t:|1699050735\n|move|p2a: Roaring Moon|Outrage|p1a: Cyclizar|[from]lockedmove\n|-supereffective|p1a: Cyclizar\n|-damage|p1a: Cyclizar|0 fnt\n|faint|p1a: Cyclizar\n|-start|p2a: Roaring Moon|confusion|[fatigue]\n|\n|-weather|SunnyDay|[upkeep]\n|-damage|p2a: Roaring Moon|59\/100 tox|[from] psn\n|upkeep\n|\n|t:|1699050739\n|switch|p1a: Espathra|Espathra, F|100\/100\n|turn|11\n|\n|t:|1699050745\n|-end|p2a: Roaring Moon|Protosynthesis|[silent]\n|switch|p2a: Torkoal|Torkoal, F|100\/100\n|move|p1a: Espathra|Calm Mind|p1a: Espathra\n|-boost|p1a: Espathra|spa|1\n|-boost|p1a: Espathra|spd|1\n|\n|-weather|SunnyDay|[upkeep]\n|-ability|p1a: Espathra|Speed Boost|boost\n|-boost|p1a: Espathra|spe|1\n|upkeep\n|turn|12\n|\n|t:|1699050749\n|-terastallize|p2a: Torkoal|Dark\n|move|p1a: Espathra|Protect|p1a: Espathra\n|-singleturn|p1a: Espathra|Protect\n|move|p2a: Torkoal|Yawn|p1a: Espathra\n|-activate|p1a: Espathra|move: Protect\n|\n|-weather|none\n|-ability|p1a: Espathra|Speed Boost|boost\n|-boost|p1a: Espathra|spe|1\n|upkeep\n|turn|13\n|\n|t:|1699050760\n|move|p1a: Espathra|Dazzling Gleam|p2a: Torkoal\n|-supereffective|p2a: Torkoal\n|-damage|p2a: Torkoal|24\/100\n|move|p2a: Torkoal|Yawn|p1a: Espathra\n|-start|p1a: Espathra|move: Yawn|[of] p2a: Torkoal\n|\n|-ability|p1a: Espathra|Speed Boost|boost\n|-boost|p1a: Espathra|spe|1\n|upkeep\n|turn|14\n|\n|t:|1699050770\n|switch|p1a: Chi-Yu|Chi-Yu|100\/100\n|-ability|p1a: Chi-Yu|Beads of Ruin\n|switch|p2a: Arceus|Arceus-Fire|100\/100\n|\n|upkeep\n|turn|15\n|\n|t:|1699050774\n|move|p1a: Chi-Yu|Dark Pulse|p2a: Arceus\n|-damage|p2a: Arceus|61\/100\n|move|p2a: Arceus|Calm Mind|p2a: Arceus\n|-boost|p2a: Arceus|spa|1\n|-boost|p2a: Arceus|spd|1\n|\n|upkeep\n|turn|16\n|\n|t:|1699050779\n|move|p1a: Chi-Yu|Dark Pulse|p2a: Arceus\n|-damage|p2a: Arceus|32\/100\n|move|p2a: Arceus|Recover|p2a: Arceus\n|-heal|p2a: Arceus|82\/100\n|\n|upkeep\n|turn|17\n|\n|t:|1699050790\n|switch|p1a: Ogerpon|Ogerpon-Wellspring, F|100\/100\n|switch|p2a: Magearna|Magearna|100\/100\n|\n|upkeep\n|turn|18\n|\n|t:|1699050795\n|move|p1a: Ogerpon|Swords Dance|p1a: Ogerpon\n|-boost|p1a: Ogerpon|atk|2\n|move|p2a: Magearna|Thunder Wave|p1a: Ogerpon\n|-status|p1a: Ogerpon|par\n|\n|upkeep\n|turn|19\n|\n|t:|1699050799\n|switch|p2a: Torkoal|Torkoal, F, tera:Dark|24\/100\n|-weather|SunnyDay|[from] ability: Drought|[of] p2a: Torkoal\n|move|p1a: Ogerpon|Ivy Cudgel|p2a: Torkoal\n|-damage|p2a: Torkoal|0 fnt\n|faint|p2a: Torkoal\n|\n|-weather|SunnyDay|[upkeep]\n|upkeep\n|\n|t:|1699050804\n|switch|p2a: Chi-Yu|Chi-Yu|100\/100\n|-ability|p2a: Chi-Yu|Beads of Ruin\n|turn|20\n|\n|t:|1699050807\n|move|p2a: Chi-Yu|Flamethrower|p1a: Ogerpon\n|-damage|p1a: Ogerpon|0 fnt\n|faint|p1a: Ogerpon\n|\n|-weather|SunnyDay|[upkeep]\n|upkeep\n|\n|t:|1699050827\n|switch|p1a: Espathra|Espathra, F|100\/100\n|turn|21\n|\n|t:|1699050832\n|move|p1a: Espathra|Protect|p1a: Espathra\n|-singleturn|p1a: Espathra|Protect\n|move|p2a: Chi-Yu|Substitute|p2a: Chi-Yu\n|-start|p2a: Chi-Yu|Substitute\n|-damage|p2a: Chi-Yu|76\/100\n|\n|-weather|SunnyDay|[upkeep]\n|-ability|p1a: Espathra|Speed Boost|boost\n|-boost|p1a: Espathra|spe|1\n|upkeep\n|turn|22\n|\n|t:|1699050834\n|move|p1a: Espathra|Calm Mind|p1a: Espathra\n|-boost|p1a: Espathra|spa|1\n|-boost|p1a: Espathra|spd|1\n|move|p2a: Chi-Yu|Dark Pulse|p1a: Espathra\n|-supereffective|p1a: Espathra\n|-damage|p1a: Espathra|4\/100\n|\n|-weather|SunnyDay|[upkeep]\n|-ability|p1a: Espathra|Speed Boost|boost\n|-boost|p1a: Espathra|spe|1\n|upkeep\n|turn|23\n|-message|chriscanway forfeited.\n|\n|win|harmony6\n","uploadtime":1699050842,"views":14,"p1id":"chriscanway","p2id":"harmony6","formatid":"gen9ubers","rating":0,"private":0,"password":""}