{"id":"gen9ubers-1978575684","p1":"skully36745","p2":"trialteam98","format":"[Gen 9] Ubers","log":"|j|\u2606skully36745\n|j|\u2606trialteam98\n|t:|1698558907\n|gametype|singles\n|player|p1|skully36745|dragontamer|1056\n|player|p2|trialteam98|lady-gen4|1109\n|teamsize|p1|6\n|teamsize|p2|6\n|gen|9\n|tier|[Gen 9] Ubers\n|rated|\n|rule|Sleep Clause Mod: Limit one foe put to sleep\n|rule|Species Clause: Limit one of each Pok\u00e9mon\n|rule|OHKO Clause: OHKO moves are banned\n|rule|Evasion Items Clause: Evasion items are banned\n|rule|Evasion Moves Clause: Evasion moves are banned\n|rule|Endless Battle Clause: Forcing endless battles is banned\n|rule|HP Percentage Mod: HP is shown in percentages\n|clearpoke\n|poke|p1|Annihilape, F|\n|poke|p1|Giratina-Origin|\n|poke|p1|Regieleki|\n|poke|p1|Ogerpon-Hearthflame, F|\n|poke|p1|Chien-Pao|\n|poke|p1|Palafin, M|\n|poke|p2|Flutter Mane|\n|poke|p2|Misdreavus, M|\n|poke|p2|Mismagius, M|\n|poke|p2|Gardevoir, M|\n|poke|p2|Gallade, M|\n|poke|p2|Iron Valiant|\n|teampreview\n|\n|t:|1698558914\n|start\n|switch|p1a: Regieleki|Regieleki|100\/100\n|switch|p2a: Mismagius|Mismagius, M|100\/100\n|turn|1\n|\n|t:|1698558925\n|move|p1a: Regieleki|Electro Ball|p2a: Mismagius\n|-damage|p2a: Mismagius|43\/100\n|-damage|p1a: Regieleki|91\/100|[from] item: Life Orb\n|move|p2a: Mismagius|Will-O-Wisp|p1a: Regieleki\n|-status|p1a: Regieleki|brn\n|\n|-damage|p1a: Regieleki|85\/100 brn|[from] brn\n|upkeep\n|turn|2\n|\n|t:|1698558939\n|move|p1a: Regieleki|Volt Switch|p2a: Mismagius\n|-damage|p2a: Mismagius|0 fnt\n|faint|p2a: Mismagius\n|-damage|p1a: Regieleki|75\/100 brn|[from] item: Life Orb\n|\n|t:|1698558946\n|switch|p1a: Chien-Pao|Chien-Pao|100\/100|[from] Volt Switch\n|-ability|p1a: Chien-Pao|Sword of Ruin\n|\n|upkeep\n|\n|t:|1698558958\n|switch|p2a: Iron Valiant|Iron Valiant|100\/100\n|-enditem|p2a: Iron Valiant|Booster Energy\n|-activate|p2a: Iron Valiant|ability: Quark Drive|[fromitem]\n|-start|p2a: Iron Valiant|quarkdrivespe\n|turn|3\n|inactive|Battle timer is ON: inactive players will automatically lose when time's up. (requested by trialteam98)\n|inactive|skully36745 has 120 seconds left.\n|\n|t:|1698559036\n|move|p1a: Chien-Pao|Ice Shard|p2a: Iron Valiant\n|-damage|p2a: Iron Valiant|64\/100\n|move|p2a: Iron Valiant|Swords Dance|p2a: Iron Valiant\n|-boost|p2a: Iron Valiant|atk|2\n|\n|upkeep\n|turn|4\n|\n|t:|1698559047\n|move|p1a: Chien-Pao|Ice Shard|p2a: Iron Valiant\n|-damage|p2a: Iron Valiant|31\/100\n|move|p2a: Iron Valiant|Drain Punch|p1a: Chien-Pao\n|-supereffective|p1a: Chien-Pao\n|-damage|p1a: Chien-Pao|0 fnt\n|-heal|p2a: Iron Valiant|87\/100|[from] drain|[of] p1a: Chien-Pao\n|faint|p1a: Chien-Pao\n|\n|upkeep\n|\n|t:|1698559057\n|switch|p1a: Palafin|Palafin, M|100\/100\n|turn|5\n|\n|t:|1698559062\n|move|p2a: Iron Valiant|Drain Punch|p1a: Palafin\n|-damage|p1a: Palafin|0 fnt\n|-heal|p2a: Iron Valiant|100\/100|[from] drain|[of] p1a: Palafin\n|faint|p1a: Palafin\n|\n|upkeep\n|\n|t:|1698559070\n|switch|p1a: Ogerpon|Ogerpon-Hearthflame, F|100\/100\n|-ability|p1a: Ogerpon|Mold Breaker\n|turn|6\n|\n|t:|1698559078\n|-terastallize|p1a: Ogerpon|Fire\n|detailschange|p1a: Ogerpon|Ogerpon-Hearthflame-Tera, F, tera:Fire\n|-ability|p1a: Ogerpon|Embody Aspect (Hearthflame)|boost\n|-boost|p1a: Ogerpon|atk|1\n|move|p2a: Iron Valiant|Drain Punch|p1a: Ogerpon\n|-damage|p1a: Ogerpon|0 fnt\n|faint|p1a: Ogerpon\n|\n|upkeep\n|\n|t:|1698559088\n|switch|p1a: Regieleki|Regieleki|75\/100 brn\n|turn|7\n|\n|t:|1698559095\n|move|p2a: Iron Valiant|Drain Punch|p1a: Regieleki\n|-damage|p1a: Regieleki|0 fnt\n|faint|p1a: Regieleki\n|\n|upkeep\n|\n|t:|1698559104\n|switch|p1a: Annihilape|Annihilape, F|100\/100\n|turn|8\n|\n|t:|1698559111\n|move|p2a: Iron Valiant|Ice Punch|p1a: Annihilape\n|-damage|p1a: Annihilape|44\/100\n|move|p1a: Annihilape|Poison Jab|p2a: Iron Valiant\n|-supereffective|p2a: Iron Valiant\n|-damage|p2a: Iron Valiant|39\/100\n|-status|p2a: Iron Valiant|psn\n|\n|-damage|p2a: Iron Valiant|26\/100 psn|[from] psn\n|upkeep\n|turn|9\n|\n|t:|1698559128\n|move|p2a: Iron Valiant|Ice Punch|p1a: Annihilape\n|-damage|p1a: Annihilape|0 fnt\n|faint|p1a: Annihilape\n|\n|-damage|p2a: Iron Valiant|14\/100 psn|[from] psn\n|upkeep\n|\n|t:|1698559135\n|switch|p1a: Giratina|Giratina-Origin|100\/100\n|turn|10\n|\n|t:|1698559141\n|move|p1a: Giratina|Shadow Sneak|p2a: Iron Valiant\n|-damage|p2a: Iron Valiant|0 fnt\n|faint|p2a: Iron Valiant\n|-end|p2a: Iron Valiant|Quark Drive|[silent]\n|\n|upkeep\n|\n|t:|1698559152\n|switch|p2a: Flutter Mane|Flutter Mane|100\/100\n|-enditem|p2a: Flutter Mane|Booster Energy\n|-activate|p2a: Flutter Mane|ability: Protosynthesis|[fromitem]\n|-start|p2a: Flutter Mane|protosynthesisspe\n|turn|11\n|\n|t:|1698559164\n|move|p2a: Flutter Mane|Moonblast|p1a: Giratina\n|-supereffective|p1a: Giratina\n|-damage|p1a: Giratina|26\/100\n|move|p1a: Giratina|Phantom Force||[still]\n|-prepare|p1a: Giratina|Phantom Force\n|\n|upkeep\n|turn|12\n|\n|t:|1698559178\n|-terastallize|p2a: Flutter Mane|Fairy\n|move|p2a: Flutter Mane|Moonblast|p1a: Giratina|[miss]\n|-miss|p2a: Flutter Mane|p1a: Giratina\n|move|p1a: Giratina|Phantom Force|p2a: Flutter Mane|[from]lockedmove\n|-damage|p2a: Flutter Mane|0 fnt\n|faint|p2a: Flutter Mane\n|-end|p2a: Flutter Mane|Protosynthesis|[silent]\n|\n|upkeep\n|\n|t:|1698559185\n|switch|p2a: Gardevoir|Gardevoir, M|100\/100\n|turn|13\n|c|\u2606trialteam98|checkmate:)\n|\n|t:|1698559193\n|move|p1a: Giratina|Shadow Sneak|p2a: Gardevoir\n|-supereffective|p2a: Gardevoir\n|-damage|p2a: Gardevoir|5\/100\n|move|p2a: Gardevoir|Moonblast|p1a: Giratina\n|-supereffective|p1a: Giratina\n|-damage|p1a: Giratina|0 fnt\n|faint|p1a: Giratina\n|\n|win|trialteam98\n|raw|skully36745's rating: 1056 &rarr; <strong>1040<\/strong><br \/>(-16 for losing)\n|raw|trialteam98's rating: 1109 &rarr; <strong>1130<\/strong><br \/>(+21 for winning)\n","uploadtime":1698559200,"views":11,"p1id":"skully36745","p2id":"trialteam98","formatid":"gen9ubers","rating":1040,"private":0,"password":""}