{"id":"gen9ubers-1997646152","p1":"stockernst","p2":"mango127","format":"[Gen 9] Ubers","log":"|j|\u2606stockernst\n|j|\u2606mango127\n|t:|1700837069\n|gametype|singles\n|player|p1|stockernst|clair|\n|player|p2|mango127|preschooler|\n|teamsize|p1|6\n|teamsize|p2|6\n|gen|9\n|tier|[Gen 9] Ubers\n|rule|Sleep Clause Mod: Limit one foe put to sleep\n|rule|Species Clause: Limit one of each Pok\u00e9mon\n|rule|OHKO Clause: OHKO moves are banned\n|rule|Evasion Items Clause: Evasion items are banned\n|rule|Evasion Moves Clause: Evasion moves are banned\n|rule|Endless Battle Clause: Forcing endless battles is banned\n|rule|HP Percentage Mod: HP is shown in percentages\n|clearpoke\n|poke|p1|Arceus|\n|poke|p1|Miraidon|\n|poke|p1|Flutter Mane|\n|poke|p1|Gliscor, M|\n|poke|p1|Koraidon|\n|poke|p1|Kyogre|\n|poke|p2|Groudon|\n|poke|p2|Quagsire, F|\n|poke|p2|Giratina|\n|poke|p2|Sylveon, M|\n|poke|p2|Gengar, M|\n|poke|p2|Magearna|\n|teampreview\n|\n|t:|1700837088\n|start\n|switch|p1a: Gliscor|Gliscor, M|100\/100\n|switch|p2a: Magearna|Magearna|100\/100\n|turn|1\n|\n|t:|1700837102\n|move|p1a: Gliscor|Earthquake|p2a: Magearna\n|-supereffective|p2a: Magearna\n|-damage|p2a: Magearna|34\/100\n|move|p2a: Magearna|Flash Cannon|p1a: Gliscor\n|-damage|p1a: Gliscor|57\/100\n|\n|-status|p1a: Gliscor|tox|[from] item: Toxic Orb\n|upkeep\n|turn|2\n|\n|t:|1700837109\n|move|p1a: Gliscor|Earthquake|p2a: Magearna\n|-supereffective|p2a: Magearna\n|-damage|p2a: Magearna|0 fnt\n|faint|p2a: Magearna\n|\n|-heal|p1a: Gliscor|70\/100 tox|[from] ability: Poison Heal\n|upkeep\n|\n|t:|1700837117\n|switch|p2a: Quagsire|Quagsire, F|100\/100\n|turn|3\n|\n|t:|1700837122\n|move|p1a: Gliscor|Toxic|p2a: Quagsire\n|-status|p2a: Quagsire|tox\n|move|p2a: Quagsire|Yawn||[still]\n|-fail|p2a: Quagsire\n|\n|-heal|p1a: Gliscor|82\/100 tox|[from] ability: Poison Heal\n|-damage|p2a: Quagsire|94\/100 tox|[from] psn\n|upkeep\n|turn|4\n|\n|t:|1700837130\n|move|p1a: Gliscor|Knock Off|p2a: Quagsire\n|-damage|p2a: Quagsire|74\/100 tox\n|-enditem|p2a: Quagsire|Aguav Berry|[from] move: Knock Off|[of] p1a: Gliscor\n|move|p2a: Quagsire|Substitute|p2a: Quagsire\n|-start|p2a: Quagsire|Substitute\n|-damage|p2a: Quagsire|49\/100 tox\n|\n|-heal|p1a: Gliscor|95\/100 tox|[from] ability: Poison Heal\n|-damage|p2a: Quagsire|37\/100 tox|[from] psn\n|upkeep\n|turn|5\n|\n|t:|1700837141\n|move|p1a: Gliscor|Earthquake|p2a: Quagsire\n|-end|p2a: Quagsire|Substitute\n|move|p2a: Quagsire|Yawn||[still]\n|-fail|p2a: Quagsire\n|\n|-heal|p1a: Gliscor|100\/100 tox|[from] ability: Poison Heal\n|-damage|p2a: Quagsire|19\/100 tox|[from] psn\n|upkeep\n|turn|6\n|\n|t:|1700837147\n|move|p1a: Gliscor|Earthquake|p2a: Quagsire\n|-damage|p2a: Quagsire|0 fnt\n|faint|p2a: Quagsire\n|\n|upkeep\n|\n|t:|1700837153\n|switch|p2a: Sylveon|Sylveon, M|100\/100\n|turn|7\n|\n|t:|1700837157\n|move|p1a: Gliscor|Toxic|p2a: Sylveon\n|-status|p2a: Sylveon|tox\n|move|p2a: Sylveon|Calm Mind|p2a: Sylveon\n|-boost|p2a: Sylveon|spa|1\n|-boost|p2a: Sylveon|spd|1\n|\n|-damage|p2a: Sylveon|94\/100 tox|[from] psn\n|upkeep\n|turn|8\n|\n|t:|1700837170\n|move|p1a: Gliscor|Earthquake|p2a: Sylveon\n|-crit|p2a: Sylveon\n|-damage|p2a: Sylveon|22\/100 tox\n|move|p2a: Sylveon|Hyper Voice|p1a: Gliscor\n|-damage|p1a: Gliscor|0 fnt\n|faint|p1a: Gliscor\n|\n|-damage|p2a: Sylveon|10\/100 tox|[from] psn\n|upkeep\n|\n|t:|1700837174\n|switch|p1a: Arceus|Arceus|100\/100\n|turn|9\n|\n|t:|1700837187\n|-terastallize|p1a: Arceus|Normal\n|move|p1a: Arceus|Extreme Speed|p2a: Sylveon\n|-damage|p2a: Sylveon|0 fnt\n|faint|p2a: Sylveon\n|\n|upkeep\n|\n|t:|1700837192\n|switch|p2a: Groudon|Groudon|100\/100\n|-weather|SunnyDay|[from] ability: Drought|[of] p2a: Groudon\n|turn|10\n|\n|t:|1700837219\n|move|p1a: Arceus|Swords Dance|p1a: Arceus\n|-boost|p1a: Arceus|atk|2\n|move|p2a: Groudon|Bulk Up|p2a: Groudon\n|-boost|p2a: Groudon|atk|1\n|-boost|p2a: Groudon|def|1\n|\n|-weather|SunnyDay|[upkeep]\n|upkeep\n|turn|11\n|\n|t:|1700837225\n|move|p1a: Arceus|Taunt|p2a: Groudon\n|-start|p2a: Groudon|move: Taunt\n|cant|p2a: Groudon|move: Taunt|Bulk Up\n|\n|-weather|SunnyDay|[upkeep]\n|upkeep\n|turn|12\n|\n|t:|1700837235\n|move|p1a: Arceus|Swords Dance|p1a: Arceus\n|-boost|p1a: Arceus|atk|2\n|move|p2a: Groudon|Earthquake|p1a: Arceus\n|-damage|p1a: Arceus|28\/100\n|-damage|p2a: Groudon|91\/100|[from] item: Life Orb\n|\n|-weather|SunnyDay|[upkeep]\n|upkeep\n|turn|13\n|\n|t:|1700837242\n|move|p1a: Arceus|Extreme Speed|p2a: Groudon\n|-damage|p2a: Groudon|2\/100\n|move|p2a: Groudon|Earthquake|p1a: Arceus\n|-damage|p1a: Arceus|0 fnt\n|faint|p1a: Arceus\n|-damage|p2a: Groudon|0 fnt|[from] item: Life Orb\n|faint|p2a: Groudon\n|\n|-weather|SunnyDay|[upkeep]\n|upkeep\n|\n|t:|1700837252\n|switch|p1a: Miraidon|Miraidon|100\/100\n|switch|p2a: Gengar|Gengar, M|100\/100\n|-fieldstart|move: Electric Terrain|[from] ability: Hadron Engine|[of] p1a: Miraidon\n|turn|14\n|\n|t:|1700837257\n|move|p1a: Miraidon|Electro Drift|p2a: Gengar\n|-damage|p2a: Gengar|0 fnt\n|-start|p1a: Miraidon|Disable|Electro Drift|[from] ability: Cursed Body|[of] p2a: Gengar\n|faint|p2a: Gengar\n|-damage|p1a: Miraidon|91\/100|[from] item: Life Orb\n|\n|-weather|none\n|upkeep\n|\n|t:|1700837261\n|switch|p2a: Giratina|Giratina|100\/100\n|-ability|p2a: Giratina|Pressure\n|turn|15\n|\n|t:|1700837265\n|move|p1a: Miraidon|Draco Meteor|p2a: Giratina\n|-supereffective|p2a: Giratina\n|-damage|p2a: Giratina|0 fnt\n|-unboost|p1a: Miraidon|spa|2\n|faint|p2a: Giratina\n|-damage|p1a: Miraidon|81\/100|[from] item: Life Orb\n|\n|win|stockernst\n|l|\u2606stockernst\n|l|\u2606mango127\n|j|\u2606stockernst\n|player|p1|stockernst|clair\n","uploadtime":1700837379,"views":9,"p1id":"stockernst","p2id":"mango127","formatid":"gen9ubers","rating":0,"private":0,"password":""}