{"id":"gen9ubers-1977808606","p1":"ItsmeBlankKnight","p2":"TubeKnight","format":"[Gen 9] Ubers","log":"|j|\u2606ItsmeBlankKnight\n|j|\u2606TubeKnight\n|t:|1698452170\n|gametype|singles\n|player|p1|ItsmeBlankKnight|larry|\n|player|p2|TubeKnight|265|\n|teamsize|p1|6\n|teamsize|p2|6\n|gen|9\n|tier|[Gen 9] Ubers\n|rule|Sleep Clause Mod: Limit one foe put to sleep\n|rule|Species Clause: Limit one of each Pok\u00e9mon\n|rule|OHKO Clause: OHKO moves are banned\n|rule|Evasion Items Clause: Evasion items are banned\n|rule|Evasion Moves Clause: Evasion moves are banned\n|rule|Endless Battle Clause: Forcing endless battles is banned\n|rule|HP Percentage Mod: HP is shown in percentages\n|clearpoke\n|poke|p1|Chi-Yu|\n|poke|p1|Palafin, M|\n|poke|p1|Spectrier|\n|poke|p1|Zacian-*|\n|poke|p1|Arceus-Poison|\n|poke|p1|Masquerain, F|\n|poke|p2|Torkoal, F|\n|poke|p2|Chi-Yu|\n|poke|p2|Walking Wake|\n|poke|p2|Lilligant-Hisui, F|\n|poke|p2|Giratina|\n|poke|p2|Zacian-*|\n|teampreview\n|inactive|Battle timer is ON: inactive players will automatically lose when time's up. (requested by ItsmeBlankKnight)\n|c|\u2606TubeKnight|glhf\n|c|\u2606ItsmeBlankKnight|u2\n|\n|t:|1698452182\n|start\n|switch|p1a: Palafin|Palafin, M|100\/100\n|switch|p2a: Ze Turtle|Torkoal, F, shiny|100\/100\n|-weather|SunnyDay|[from] ability: Drought|[of] p2a: Ze Turtle\n|turn|1\n|\n|t:|1698452192\n|detailschange|p1a: Palafin|Palafin-Hero, M\n|switch|p1a: Chi-Yu|Chi-Yu|100\/100\n|-ability|p1a: Chi-Yu|Beads of Ruin\n|move|p2a: Ze Turtle|Yawn|p1a: Chi-Yu\n|-start|p1a: Chi-Yu|move: Yawn|[of] p2a: Ze Turtle\n|\n|-weather|SunnyDay|[upkeep]\n|upkeep\n|turn|2\n|\n|t:|1698452199\n|switch|p1a: Masquerain|Masquerain, F|100\/100\n|-ability|p1a: Masquerain|Intimidate|boost\n|-unboost|p2a: Ze Turtle|atk|1\n|switch|p2a: Ze Extinct One|Walking Wake|100\/100\n|-activate|p2a: Ze Extinct One|ability: Protosynthesis\n|-start|p2a: Ze Extinct One|protosynthesisspe\n|\n|-weather|SunnyDay|[upkeep]\n|upkeep\n|turn|3\n|\n|t:|1698452202\n|move|p2a: Ze Extinct One|Flamethrower|p1a: Masquerain\n|-supereffective|p1a: Masquerain\n|-enditem|p1a: Masquerain|Focus Sash\n|-damage|p1a: Masquerain|1\/100\n|move|p1a: Masquerain|Sticky Web|p2a: Ze Extinct One\n|-sidestart|p2: TubeKnight|move: Sticky Web\n|\n|-weather|SunnyDay|[upkeep]\n|upkeep\n|turn|4\n|\n|t:|1698452205\n|move|p2a: Ze Extinct One|Flamethrower|p1a: Masquerain\n|-supereffective|p1a: Masquerain\n|-damage|p1a: Masquerain|0 fnt\n|faint|p1a: Masquerain\n|\n|-weather|SunnyDay|[upkeep]\n|upkeep\n|\n|t:|1698452218\n|switch|p1a: Arceus|Arceus-Poison|100\/100\n|turn|5\n|\n|t:|1698452229\n|-end|p2a: Ze Extinct One|Protosynthesis|[silent]\n|switch|p2a: Ze Turtle|Torkoal, F, shiny|100\/100\n|-activate|p2a: Ze Turtle|move: Sticky Web\n|-unboost|p2a: Ze Turtle|spe|1\n|move|p1a: Arceus|Gunk Shot|p2a: Ze Turtle|[miss]\n|-miss|p1a: Arceus|p2a: Ze Turtle\n|\n|-weather|SunnyDay|[upkeep]\n|upkeep\n|turn|6\n|\n|t:|1698452234\n|move|p1a: Arceus|Earthquake|p2a: Ze Turtle\n|-supereffective|p2a: Ze Turtle\n|-damage|p2a: Ze Turtle|60\/100\n|move|p2a: Ze Turtle|Rapid Spin|p1a: Arceus\n|-damage|p1a: Arceus|95\/100\n|-boost|p2a: Ze Turtle|spe|1\n|-sideend|p2: TubeKnight|Sticky Web|[from] move: Rapid Spin|[of] p2a: Ze Turtle\n|\n|-weather|SunnyDay|[upkeep]\n|upkeep\n|turn|7\n|\n|t:|1698452247\n|switch|p2a: Ze Dark Destroyer|Giratina, shiny|100\/100\n|-ability|p2a: Ze Dark Destroyer|Pressure\n|move|p1a: Arceus|Swords Dance|p1a: Arceus\n|-boost|p1a: Arceus|atk|2\n|\n|-weather|SunnyDay|[upkeep]\n|upkeep\n|turn|8\n|\n|t:|1698452249\n|move|p1a: Arceus|Gunk Shot|p2a: Ze Dark Destroyer\n|-resisted|p2a: Ze Dark Destroyer\n|-damage|p2a: Ze Dark Destroyer|54\/100\n|move|p2a: Ze Dark Destroyer|Will-O-Wisp|p1a: Arceus\n|-status|p1a: Arceus|brn\n|\n|-weather|none\n|-damage|p1a: Arceus|89\/100 brn|[from] brn\n|upkeep\n|turn|9\n|\n|t:|1698452254\n|move|p1a: Arceus|Swords Dance|p1a: Arceus\n|-boost|p1a: Arceus|atk|2\n|move|p2a: Ze Dark Destroyer|Roar|p1a: Arceus\n|drag|p1a: Palafin|Palafin-Hero, M|100\/100\n|-activate|p1a: Palafin|ability: Zero to Hero\n|\n|upkeep\n|turn|10\n|\n|t:|1698452259\n|switch|p1a: Chi-Yu|Chi-Yu|100\/100\n|-ability|p1a: Chi-Yu|Beads of Ruin\n|move|p2a: Ze Dark Destroyer|Will-O-Wisp|p1a: Chi-Yu\n|-immune|p1a: Chi-Yu\n|\n|upkeep\n|turn|11\n|inactive|TubeKnight has 270 seconds left.\n|\n|t:|1698452302\n|switch|p2a: Ze Dog|Zacian, shiny|100\/100\n|-ability|p2a: Ze Dog|Intrepid Sword|boost\n|-boost|p2a: Ze Dog|atk|1\n|move|p1a: Chi-Yu|Dark Pulse|p2a: Ze Dog\n|-resisted|p2a: Ze Dog\n|-crit|p2a: Ze Dog\n|-damage|p2a: Ze Dog|37\/100\n|\n|upkeep\n|turn|12\n|c|\u2606TubeKnight|bruh\n|\n|t:|1698452310\n|switch|p1a: Arceus|Arceus-Poison|89\/100 brn\n|move|p2a: Ze Dog|Close Combat|p1a: Arceus\n|-resisted|p1a: Arceus\n|-damage|p1a: Arceus|69\/100 brn\n|-unboost|p2a: Ze Dog|def|1\n|-unboost|p2a: Ze Dog|spd|1\n|\n|-damage|p1a: Arceus|62\/100 brn|[from] brn\n|upkeep\n|turn|13\n|\n|t:|1698452313\n|move|p1a: Arceus|Extreme Speed|p2a: Ze Dog\n|-damage|p2a: Ze Dog|16\/100\n|move|p2a: Ze Dog|Psychic Fangs|p1a: Arceus\n|-supereffective|p1a: Arceus\n|-crit|p1a: Arceus\n|-damage|p1a: Arceus|0 fnt\n|faint|p1a: Arceus\n|\n|upkeep\n|\n|t:|1698452319\n|switch|p1a: Palafin|Palafin-Hero, M|100\/100\n|turn|14\n|c|\u2606TubeKnight|zacian op\n|c|\u2606ItsmeBlankKnight|fr\n|inactive|TubeKnight has 270 seconds left.\n|\n|t:|1698452341\n|switch|p2a: Ze Turtle|Torkoal, F, shiny|60\/100\n|-weather|SunnyDay|[from] ability: Drought|[of] p2a: Ze Turtle\n|move|p1a: Palafin|Jet Punch|p2a: Ze Turtle\n|-supereffective|p2a: Ze Turtle\n|-damage|p2a: Ze Turtle|28\/100\n|-damage|p1a: Palafin|91\/100|[from] item: Life Orb\n|\n|-weather|SunnyDay|[upkeep]\n|upkeep\n|turn|15\n|\n|t:|1698452346\n|switch|p2a: Ze Extinct One|Walking Wake|100\/100\n|-activate|p2a: Ze Extinct One|ability: Protosynthesis\n|-start|p2a: Ze Extinct One|protosynthesisspe\n|move|p1a: Palafin|Jet Punch|p2a: Ze Extinct One\n|-resisted|p2a: Ze Extinct One\n|-damage|p2a: Ze Extinct One|93\/100\n|-damage|p1a: Palafin|81\/100|[from] item: Life Orb\n|\n|-weather|SunnyDay|[upkeep]\n|upkeep\n|turn|16\n|\n|t:|1698452357\n|switch|p1a: Spectrier|Spectrier|100\/100\n|move|p2a: Ze Extinct One|Dragon Pulse|p1a: Spectrier\n|-damage|p1a: Spectrier|25\/100\n|\n|-weather|SunnyDay|[upkeep]\n|upkeep\n|turn|17\n|\n|t:|1698452360\n|move|p2a: Ze Extinct One|Dragon Pulse|p1a: Spectrier\n|-damage|p1a: Spectrier|0 fnt\n|faint|p1a: Spectrier\n|\n|-weather|SunnyDay|[upkeep]\n|upkeep\n|\n|t:|1698452362\n|switch|p1a: Zacian|Zacian|100\/100\n|-ability|p1a: Zacian|Intrepid Sword|boost\n|-boost|p1a: Zacian|atk|1\n|turn|18\n|\n|t:|1698452367\n|-end|p2a: Ze Extinct One|Protosynthesis|[silent]\n|switch|p2a: Ze Feesh|Chi-Yu|100\/100\n|-ability|p2a: Ze Feesh|Beads of Ruin\n|move|p1a: Zacian|Play Rough|p2a: Ze Feesh\n|-damage|p2a: Ze Feesh|0 fnt\n|faint|p2a: Ze Feesh\n|\n|-weather|SunnyDay|[upkeep]\n|upkeep\n|\n|t:|1698452376\n|switch|p2a: Ze Fleur|Lilligant-Hisui, F, shiny|100\/100\n|turn|19\n|\n|t:|1698452378\n|move|p2a: Ze Fleur|Sleep Powder|p1a: Zacian\n|-status|p1a: Zacian|slp|[from] move: Sleep Powder\n|cant|p1a: Zacian|slp\n|\n|-weather|SunnyDay|[upkeep]\n|upkeep\n|turn|20\n|\n|t:|1698452381\n|move|p2a: Ze Fleur|Swords Dance|p2a: Ze Fleur\n|-boost|p2a: Ze Fleur|atk|2\n|cant|p1a: Zacian|slp\n|\n|-weather|SunnyDay|[upkeep]\n|upkeep\n|turn|21\n|\n|t:|1698452383\n|move|p2a: Ze Fleur|Solar Blade||[still]\n|-prepare|p2a: Ze Fleur|Solar Blade\n|-anim|p2a: Ze Fleur|Solar Blade|p1a: Zacian\n|-crit|p1a: Zacian\n|-damage|p1a: Zacian|0 fnt\n|faint|p1a: Zacian\n|\n|-weather|none\n|upkeep\n|c|\u2606ItsmeBlankKnight|victory dance?\n|\n|t:|1698452390\n|switch|p1a: Chi-Yu|Chi-Yu|100\/100\n|-ability|p1a: Chi-Yu|Beads of Ruin\n|turn|22\n|\n|t:|1698452392\n|move|p2a: Ze Fleur|Axe Kick|p1a: Chi-Yu\n|-supereffective|p1a: Chi-Yu\n|-crit|p1a: Chi-Yu\n|-damage|p1a: Chi-Yu|0 fnt\n|faint|p1a: Chi-Yu\n|\n|upkeep\n|\n|t:|1698452394\n|switch|p1a: Palafin|Palafin-Hero, M|81\/100\n|turn|23\n|\n|t:|1698452398\n|move|p2a: Ze Fleur|Solar Blade||[still]\n|-prepare|p2a: Ze Fleur|Solar Blade\n|move|p1a: Palafin|Ice Punch|p2a: Ze Fleur\n|-supereffective|p2a: Ze Fleur\n|-enditem|p2a: Ze Fleur|Focus Sash\n|-damage|p2a: Ze Fleur|1\/100\n|-damage|p1a: Palafin|71\/100|[from] item: Life Orb\n|\n|upkeep\n|turn|24\n|\n|t:|1698452402\n|move|p1a: Palafin|Jet Punch|p2a: Ze Fleur\n|-resisted|p2a: Ze Fleur\n|-damage|p2a: Ze Fleur|0 fnt\n|faint|p2a: Ze Fleur\n|-damage|p1a: Palafin|61\/100|[from] item: Life Orb\n|\n|upkeep\n|\n|t:|1698452409\n|switch|p2a: Ze Extinct One|Walking Wake|93\/100\n|turn|25\n|\n|t:|1698452411\n|move|p2a: Ze Extinct One|Dragon Pulse|p1a: Palafin\n|-damage|p1a: Palafin|0 fnt\n|faint|p1a: Palafin\n|\n|win|TubeKnight\n|l|\u2606ItsmeBlankKnight\n|c|\u2606TubeKnight|gg\n|j|\u2606ItsmeBlankKnight\n|player|p1|ItsmeBlankKnight|larry\n","uploadtime":1698452419,"views":8,"p1id":"itsmeblankknight","p2id":"tubeknight","formatid":"gen9ubers","rating":0,"private":0,"password":""}