{"id":"gen9ubers-1985126520","p1":"uubers account","p2":"Finchely","format":"[Gen 9] Ubers","log":"|j|\u2606uubers account\n|j|\u2606Finchely\n|t:|1699334695\n|gametype|singles\n|player|p1|uubers account|170|\n|player|p2|Finchely|acetrainerf|\n|teamsize|p1|6\n|teamsize|p2|6\n|gen|9\n|tier|[Gen 9] Ubers\n|rule|Sleep Clause Mod: Limit one foe put to sleep\n|rule|Species Clause: Limit one of each Pok\u00e9mon\n|rule|OHKO Clause: OHKO moves are banned\n|rule|Evasion Items Clause: Evasion items are banned\n|rule|Evasion Moves Clause: Evasion moves are banned\n|rule|Endless Battle Clause: Forcing endless battles is banned\n|rule|HP Percentage Mod: HP is shown in percentages\n|clearpoke\n|poke|p1|Palafin, M|\n|poke|p1|Magearna|\n|poke|p1|Arceus-Grass|\n|poke|p1|Chi-Yu|\n|poke|p1|Cyclizar, M|\n|poke|p1|Roaring Moon|\n|poke|p2|Slowking-Galar, F|\n|poke|p2|Sneasler, M|\n|poke|p2|Clefable, F|\n|poke|p2|Zamazenta-*|\n|poke|p2|Arceus-Ghost|\n|poke|p2|Cyclizar, F|\n|teampreview\n|c|\u2606Finchely|okay\n|c|\u2606Finchely|this time i dont' die to spikes lmao\n|c|\u2606uubers account|no blissey?\n|c|\u2606Finchely|nah\n|c|\u2606Finchely|should be fine\n|c|\u2606Finchely|probably\n|\n|t:|1699334746\n|start\n|switch|p1a: I|Palafin, M|100\/100\n|switch|p2a: Sneasler|Sneasler, M, shiny|100\/100\n|turn|1\n|\n|t:|1699334779\n|detailschange|p1a: I|Palafin-Hero, M\n|switch|p1a: Love|Magearna|100\/100\n|move|p2a: Sneasler|Close Combat|p1a: Love\n|-damage|p1a: Love|59\/100\n|-unboost|p2a: Sneasler|def|1\n|-unboost|p2a: Sneasler|spd|1\n|\n|-heal|p1a: Love|65\/100|[from] item: Leftovers\n|upkeep\n|turn|2\n|\n|t:|1699334805\n|switch|p2a: Slowking|Slowking-Galar, F|100\/100\n|move|p1a: Love|Thunder Wave|p2a: Slowking\n|-status|p2a: Slowking|par\n|\n|-heal|p1a: Love|71\/100|[from] item: Leftovers\n|upkeep\n|turn|3\n|\n|t:|1699334814\n|move|p1a: Love|Spikes|p2a: Slowking\n|-sidestart|p2: Finchely|Spikes\n|move|p2a: Slowking|Chilly Reception|p2a: Slowking\n|-weather|Snow\n|\n|t:|1699334849\n|switch|p2a: Cyclizar|Cyclizar, F|100\/100|[from] Chilly Reception\n|\n|-weather|Snow|[upkeep]\n|-heal|p1a: Love|77\/100|[from] item: Leftovers\n|upkeep\n|turn|4\n|\n|t:|1699334854\n|move|p2a: Cyclizar|Shed Tail|p2a: Cyclizar\n|-start|p2a: Cyclizar|Substitute|[from] move: Shed Tail\n|-damage|p2a: Cyclizar|50\/100\n|\n|t:|1699334859\n|switch|p2a: Zamazenta|Zamazenta-Crowned|100\/100|[from] Shed Tail\n|-damage|p2a: Zamazenta|88\/100|[from] Spikes\n|-ability|p2a: Zamazenta|Dauntless Shield|boost\n|-boost|p2a: Zamazenta|def|1\n|move|p1a: Love|Fleur Cannon|p2a: Zamazenta\n|-end|p2a: Zamazenta|Substitute\n|-unboost|p1a: Love|spa|2\n|\n|-weather|Snow|[upkeep]\n|-heal|p1a: Love|83\/100|[from] item: Leftovers\n|upkeep\n|turn|5\n|\n|t:|1699334897\n|switch|p2a: Slowking|Slowking-Galar, F|100\/100 par\n|-damage|p2a: Slowking|88\/100 par|[from] Spikes\n|move|p1a: Love|Thunder Wave|p2a: Slowking\n|-fail|p2a: Slowking|par\n|\n|-weather|Snow|[upkeep]\n|-heal|p1a: Love|89\/100|[from] item: Leftovers\n|-heal|p2a: Slowking|94\/100 par|[from] item: Leftovers\n|upkeep\n|turn|6\n|\n|t:|1699334902\n|move|p1a: Love|Volt Switch|p2a: Slowking\n|-damage|p2a: Slowking|86\/100 par\n|\n|t:|1699334910\n|switch|p1a: Finchley|Arceus-Grass|100\/100|[from] Volt Switch\n|cant|p2a: Slowking|par\n|\n|-weather|Snow|[upkeep]\n|-heal|p2a: Slowking|92\/100 par|[from] item: Leftovers\n|upkeep\n|turn|7\n|c|\u2606Finchely|noo\n|c|\u2606Finchely|that was a twave\n|\n|t:|1699334921\n|move|p1a: Finchley|Taunt|p2a: Slowking\n|-start|p2a: Slowking|move: Taunt\n|cant|p2a: Slowking|par\n|\n|-weather|none\n|-heal|p2a: Slowking|98\/100 par|[from] item: Leftovers\n|upkeep\n|turn|8\n|c|\u2606uubers account|f\n|c|\u2606Finchely|f\n|\n|t:|1699334928\n|move|p1a: Finchley|Calm Mind|p1a: Finchley\n|-boost|p1a: Finchley|spa|1\n|-boost|p1a: Finchley|spd|1\n|move|p2a: Slowking|Sludge Bomb|p1a: Finchley\n|-supereffective|p1a: Finchley\n|-damage|p1a: Finchley|69\/100\n|\n|-heal|p2a: Slowking|100\/100 par|[from] item: Leftovers\n|upkeep\n|turn|9\n|c|\u2606uubers account|luck is a skill\n|c|\u2606Finchely|very true\n|\n|t:|1699334952\n|switch|p2a: Sneasler|Sneasler, M, shiny|100\/100\n|-damage|p2a: Sneasler|88\/100|[from] Spikes\n|move|p1a: Finchley|Recover|p1a: Finchley\n|-heal|p1a: Finchley|100\/100\n|\n|upkeep\n|turn|10\n|\n|t:|1699335002\n|switch|p1a: Roaring Moon|Roaring Moon|100\/100\n|-enditem|p1a: Roaring Moon|Booster Energy\n|-activate|p1a: Roaring Moon|ability: Protosynthesis|[fromitem]\n|-start|p1a: Roaring Moon|protosynthesisspe\n|move|p2a: Sneasler|U-turn|p1a: Roaring Moon\n|-supereffective|p1a: Roaring Moon\n|-damage|p1a: Roaring Moon|38\/100\n|c|\u2606uubers account|nice play\n|\n|t:|1699335056\n|switch|p2a: Clefable|Clefable, F|100\/100|[from] U-turn\n|-damage|p2a: Clefable|88\/100|[from] Spikes\n|\n|-heal|p2a: Clefable|94\/100|[from] item: Leftovers\n|upkeep\n|turn|11\n|\n|t:|1699335069\n|move|p1a: Roaring Moon|Iron Head|p2a: Clefable\n|-supereffective|p2a: Clefable\n|-damage|p2a: Clefable|24\/100\n|cant|p2a: Clefable|flinch\n|\n|-heal|p2a: Clefable|30\/100|[from] item: Leftovers\n|upkeep\n|turn|12\n|c|\u2606Finchely|ooof\n|c|\u2606uubers account|skill moment\n|c|\u2606Finchely|ong\n|c|\u2606uubers account|that sucks\n|c|\u2606Finchely|so real for that\n|\n|t:|1699335087\n|move|p2a: Clefable|Protect|p2a: Clefable\n|-singleturn|p2a: Clefable|Protect\n|move|p1a: Roaring Moon|Iron Head|p2a: Clefable\n|-activate|p2a: Clefable|move: Protect\n|\n|-heal|p2a: Clefable|36\/100|[from] item: Leftovers\n|upkeep\n|turn|13\n|\n|t:|1699335116\n|move|p1a: Roaring Moon|Earthquake|p2a: Clefable\n|-damage|p2a: Clefable|0 fnt\n|faint|p2a: Clefable\n|\n|upkeep\n|\n|t:|1699335138\n|switch|p2a: Zamazenta|Zamazenta-Crowned|88\/100\n|-damage|p2a: Zamazenta|76\/100|[from] Spikes\n|turn|14\n|\n|t:|1699335147\n|move|p1a: Roaring Moon|Earthquake|p2a: Zamazenta\n|-supereffective|p2a: Zamazenta\n|-damage|p2a: Zamazenta|31\/100\n|move|p2a: Zamazenta|Iron Defense|p2a: Zamazenta\n|-boost|p2a: Zamazenta|def|2\n|\n|upkeep\n|turn|15\n|c|\u2606uubers account|just curious, what tier do you have the highest elo in?\n|\n|t:|1699335180\n|move|p1a: Roaring Moon|Earthquake|p2a: Zamazenta\n|-supereffective|p2a: Zamazenta\n|-damage|p2a: Zamazenta|7\/100\n|move|p2a: Zamazenta|Body Press|p1a: Roaring Moon\n|-supereffective|p1a: Roaring Moon\n|-damage|p1a: Roaring Moon|0 fnt\n|faint|p1a: Roaring Moon\n|-end|p1a: Roaring Moon|Protosynthesis|[silent]\n|\n|upkeep\n|c|\u2606Finchely|lmao\n|c|\u2606Finchely|uu\n|\n|t:|1699335198\n|switch|p1a: I|Palafin-Hero, M|100\/100\n|-activate|p1a: I|ability: Zero to Hero\n|turn|16\n|c|\u2606Finchely|perpetual 1300s\n|c|\u2606Finchely|peak like 1400\n|c|\u2606Finchely|i'm an ass player\n|c|\u2606uubers account|...\n|c|\u2606Finchely|it all makes sense now\n|c|\u2606uubers account|you make teams that are hard to read\n|c|\u2606Finchely|darling\n|c|\u2606uubers account|I have no clue what you are ever gonna do\n|c|\u2606uubers account|what makes sense\n|c|\u2606Finchely|I am the low ladder player\n|c|\u2606uubers account|and\n|c|\u2606Finchely|and even tho i bring the weirdest shit\n|c|\u2606Finchely|i lose anyways\n|\n|t:|1699335275\n|move|p1a: I|Jet Punch|p2a: Zamazenta\n|-damage|p2a: Zamazenta|0 fnt\n|faint|p2a: Zamazenta\n|\n|upkeep\n|c|\u2606Finchely|like this\n|\n|t:|1699335291\n|switch|p2a: Cyclizar|Cyclizar, F|84\/100\n|turn|17\n|c|\u2606uubers account|tbf, I am 1908 at the end of gen 8 ubers\n|c|\u2606Finchely|i don't have anything for palafin\n|c|\u2606Finchely|well yeah\n|\n|t:|1699335312\n|-terastallize|p1a: I|Water\n|move|p1a: I|Jet Punch|p2a: Cyclizar\n|-resisted|p2a: Cyclizar\n|-damage|p2a: Cyclizar|26\/100\n|move|p2a: Cyclizar|Knock Off|p1a: I\n|-damage|p1a: I|80\/100\n|-enditem|p1a: I|Choice Band|[from] move: Knock Off|[of] p2a: Cyclizar\n|\n|upkeep\n|turn|18\n|c|\u2606Finchely|you're a good player\n|\n|t:|1699335323\n|move|p1a: I|Jet Punch|p2a: Cyclizar\n|-resisted|p2a: Cyclizar\n|-damage|p2a: Cyclizar|0 fnt\n|faint|p2a: Cyclizar\n|\n|upkeep\n|\n|t:|1699335333\n|switch|p2a: Sneasler|Sneasler, M, shiny|88\/100\n|-damage|p2a: Sneasler|76\/100|[from] Spikes\n|turn|19\n|c|\u2606uubers account|I've bee playing competitive for a while\n|c|\u2606Finchely|lmao i started playing maybe almost exactly a year ago\n|\n|t:|1699335355\n|-terastallize|p2a: Sneasler|Fighting\n|move|p1a: I|Jet Punch|p2a: Sneasler\n|-damage|p2a: Sneasler|0 fnt\n|faint|p2a: Sneasler\n|\n|upkeep\n|\n|t:|1699335357\n|switch|p2a: Slowking|Slowking-Galar, F|100\/100 par\n|-damage|p2a: Slowking|88\/100 par|[from] Spikes\n|turn|20\n|c|\u2606uubers account|i have about 6x the experience lol\n|\n|t:|1699335366\n|move|p1a: I|Flip Turn|p2a: Slowking\n|-damage|p2a: Slowking|46\/100 par\n|c|\u2606Finchely|hah\n|\n|t:|1699335371\n|switch|p1a: Love|Magearna|89\/100|[from] Flip Turn\n|move|p2a: Slowking|Sludge Bomb|p1a: Love\n|-immune|p1a: Love\n|\n|-heal|p1a: Love|95\/100|[from] item: Leftovers\n|-heal|p2a: Slowking|52\/100 par|[from] item: Leftovers\n|upkeep\n|turn|21\n|\n|t:|1699335378\n|move|p1a: Love|Volt Switch|p2a: Slowking\n|-damage|p2a: Slowking|35\/100 par\n|\n|t:|1699335382\n|switch|p1a: Very|Cyclizar, M|100\/100|[from] Volt Switch\n|move|p2a: Slowking|Chilly Reception|p2a: Slowking\n|-weather|Snow\n|\n|t:|1699335384\n|switch|p2a: Arceus|Arceus-Ghost|100\/100|[from] Chilly Reception\n|-damage|p2a: Arceus|88\/100|[from] Spikes\n|\n|-weather|Snow|[upkeep]\n|upkeep\n|turn|22\n|\n|t:|1699335395\n|move|p1a: Very|Taunt|p2a: Arceus\n|-start|p2a: Arceus|move: Taunt\n|cant|p2a: Arceus|move: Taunt|Swords Dance\n|\n|-weather|Snow|[upkeep]\n|upkeep\n|turn|23\n|\n|t:|1699335402\n|move|p2a: Arceus|Extreme Speed|p1a: Very\n|-damage|p1a: Very|60\/100\n|move|p1a: Very|Shed Tail|p1a: Very\n|-start|p1a: Very|Substitute|[from] move: Shed Tail\n|-damage|p1a: Very|10\/100\n|c|\u2606Finchely|ggs love\n|\n|t:|1699335405\n|switch|p1a: So|Chi-Yu|100\/100|[from] Shed Tail\n|-ability|p1a: So|Beads of Ruin\n|\n|-weather|Snow|[upkeep]\n|upkeep\n|turn|24\n|c|\u2606uubers account|gg\n|\n|t:|1699335412\n|move|p2a: Arceus|Extreme Speed|p1a: So\n|-end|p1a: So|Substitute\n|move|p1a: So|Dark Pulse|p2a: Arceus\n|-supereffective|p2a: Arceus\n|-damage|p2a: Arceus|5\/100\n|\n|-weather|Snow|[upkeep]\n|-end|p2a: Arceus|move: Taunt\n|upkeep\n|turn|25\n|c|\u2606Finchely|lmao what\n|c|\u2606uubers account|did u notice anything about my team?\n|c|\u2606Finchely|arceus is so bulky\n|c|\u2606uubers account|its 120\/120\/120\n|c|\u2606uubers account|its a monster\n|c|\u2606Finchely|I love Finchely So Very Roaring Moon\n|c|\u2606uubers account|XD\n|c|\u2606uubers account|roaring moon is named much\n|c|\u2606Finchely|aww ty love \u2764\ufe0f\n|\n|t:|1699335469\n|move|p2a: Arceus|Extreme Speed|p1a: So\n|-damage|p1a: So|59\/100\n|move|p1a: So|Dark Pulse|p2a: Arceus\n|-supereffective|p2a: Arceus\n|-damage|p2a: Arceus|0 fnt\n|faint|p2a: Arceus\n|\n|-weather|none\n|upkeep\n|\n|t:|1699335472\n|switch|p2a: Slowking|Slowking-Galar, F|68\/100 par\n|-damage|p2a: Slowking|56\/100 par|[from] Spikes\n|turn|26\n|c|\u2606uubers account|\u2764\ufe0f\n|\n|t:|1699335478\n|move|p1a: So|Dark Pulse|p2a: Slowking\n|-supereffective|p2a: Slowking\n|-damage|p2a: Slowking|0 fnt\n|faint|p2a: Slowking\n|\n|win|uubers account\n|l|\u2606Finchely\n|j|\u2606Finchely\n|player|p2|Finchely|acetrainerf\n","uploadtime":1699335490,"views":6,"p1id":"uubersaccount","p2id":"finchely","formatid":"gen9ubers","rating":0,"private":0,"password":""}