{"id":"gen9ubers-1990878128","p1":"ThePlumber7","p2":"LITLE0","format":"[Gen 9] Ubers","log":"|j|\u2606ThePlumber7\n|j|\u2606LITLE0\n|t:|1700010520\n|gametype|singles\n|player|p1|ThePlumber7|pokemonranger-gen4|1349\n|player|p2|LITLE0|brock|1091\n|teamsize|p1|6\n|teamsize|p2|5\n|gen|9\n|tier|[Gen 9] Ubers\n|rated|\n|rule|Sleep Clause Mod: Limit one foe put to sleep\n|rule|Species Clause: Limit one of each Pok\u00e9mon\n|rule|OHKO Clause: OHKO moves are banned\n|rule|Evasion Items Clause: Evasion items are banned\n|rule|Evasion Moves Clause: Evasion moves are banned\n|rule|Endless Battle Clause: Forcing endless battles is banned\n|rule|HP Percentage Mod: HP is shown in percentages\n|clearpoke\n|poke|p1|Skeledirge, F|\n|poke|p1|Zacian-*|\n|poke|p1|Arceus-Fairy|\n|poke|p1|Ursaluna-Bloodmoon, M|\n|poke|p1|Iron Valiant|\n|poke|p1|Grafaiai, M|\n|poke|p2|Amoonguss, M|\n|poke|p2|Ceruledge, F|\n|poke|p2|Cyclizar, M|\n|poke|p2|Dondozo, M|\n|poke|p2|Zacian-*|\n|teampreview\n|c|\u2606ThePlumber7|gl hf\n|c|\u2606LITLE0|u2\n|c|\u2606ThePlumber7|by the way, you're missing a pokemon\n|c|\u2606LITLE0|ik\n|\n|t:|1700010547\n|start\n|switch|p1a: Skeledirge|Skeledirge, F|100\/100\n|switch|p2a: Cyclizar|Cyclizar, M|100\/100\n|turn|1\n|\n|t:|1700010556\n|move|p2a: Cyclizar|Shed Tail|p2a: Cyclizar\n|-start|p2a: Cyclizar|Substitute|[from] move: Shed Tail\n|-damage|p2a: Cyclizar|50\/100\n|\n|t:|1700010559\n|switch|p2a: Ceruledge|Ceruledge, F|100\/100|[from] Shed Tail\n|move|p1a: Skeledirge|Torch Song|p2a: Ceruledge\n|-resisted|p2a: Ceruledge\n|-damage|p2a: Ceruledge|80\/100\n|-boost|p1a: Skeledirge|spa|1\n|\n|upkeep\n|turn|2\n|\n|t:|1700010570\n|switch|p1a: Grafaiai|Grafaiai, M|100\/100\n|move|p2a: Ceruledge|Poltergeist|p1a: Grafaiai\n|-immune|p1a: Grafaiai\n|\n|upkeep\n|turn|3\n|\n|t:|1700010574\n|move|p1a: Grafaiai|Protect|p1a: Grafaiai\n|-singleturn|p1a: Grafaiai|Protect\n|move|p2a: Ceruledge|Bitter Blade|p1a: Grafaiai\n|-activate|p1a: Grafaiai|move: Protect\n|\n|upkeep\n|turn|4\n|\n|t:|1700010578\n|move|p1a: Grafaiai|Substitute|p1a: Grafaiai\n|-start|p1a: Grafaiai|Substitute\n|-damage|p1a: Grafaiai|76\/100\n|move|p2a: Ceruledge|Bitter Blade|p1a: Grafaiai\n|-end|p1a: Grafaiai|Substitute\n|-heal|p2a: Ceruledge|94\/100|[from] drain|[of] p1a: Grafaiai\n|\n|-heal|p1a: Grafaiai|82\/100|[from] item: Leftovers\n|upkeep\n|turn|5\n|\n|t:|1700010581\n|move|p1a: Grafaiai|Protect|p1a: Grafaiai\n|-singleturn|p1a: Grafaiai|Protect\n|move|p2a: Ceruledge|Bitter Blade|p1a: Grafaiai\n|-activate|p1a: Grafaiai|move: Protect\n|\n|-heal|p1a: Grafaiai|88\/100|[from] item: Leftovers\n|upkeep\n|turn|6\n|\n|t:|1700010586\n|switch|p1a: Ursaluna|Ursaluna-Bloodmoon, M|100\/100\n|move|p2a: Ceruledge|Bitter Blade|p1a: Ursaluna\n|-damage|p1a: Ursaluna|69\/100\n|-heal|p2a: Ceruledge|100\/100|[from] drain|[of] p1a: Ursaluna\n|\n|-heal|p1a: Ursaluna|75\/100|[from] item: Leftovers\n|upkeep\n|turn|7\n|\n|t:|1700010590\n|move|p2a: Ceruledge|Bitter Blade|p1a: Ursaluna\n|-damage|p1a: Ursaluna|41\/100\n|move|p1a: Ursaluna|Earth Power|p2a: Ceruledge\n|-supereffective|p2a: Ceruledge\n|-end|p2a: Ceruledge|Substitute\n|\n|-heal|p1a: Ursaluna|47\/100|[from] item: Leftovers\n|upkeep\n|turn|8\n|\n|t:|1700010599\n|move|p2a: Ceruledge|Endure|p2a: Ceruledge\n|-singleturn|p2a: Ceruledge|move: Endure\n|move|p1a: Ursaluna|Protect||[still]\n|-fail|p1a: Ursaluna\n|\n|-heal|p1a: Ursaluna|53\/100|[from] item: Leftovers\n|upkeep\n|turn|9\n|\n|t:|1700010604\n|switch|p2a: Amoonguss|Amoonguss, M|100\/100\n|move|p1a: Ursaluna|Earth Power|p2a: Amoonguss\n|-damage|p2a: Amoonguss|68\/100\n|\n|-heal|p1a: Ursaluna|59\/100|[from] item: Leftovers\n|-heal|p2a: Amoonguss|75\/100|[from] item: Leftovers\n|upkeep\n|turn|10\n|\n|t:|1700010609\n|move|p1a: Ursaluna|Blood Moon|p2a: Amoonguss\n|-damage|p2a: Amoonguss|21\/100\n|move|p2a: Amoonguss|Spore|p1a: Ursaluna\n|-status|p1a: Ursaluna|slp|[from] move: Spore\n|\n|-heal|p1a: Ursaluna|65\/100 slp|[from] item: Leftovers\n|-heal|p2a: Amoonguss|27\/100|[from] item: Leftovers\n|upkeep\n|turn|11\n|\n|t:|1700010615\n|switch|p1a: Zacian|Zacian-Crowned|100\/100\n|-ability|p1a: Zacian|Intrepid Sword|boost\n|-boost|p1a: Zacian|atk|1\n|switch|p2a: Cyclizar|Cyclizar, M|84\/100\n|\n|upkeep\n|turn|12\n|\n|t:|1700010620\n|switch|p2a: Dondozo|Dondozo, M|100\/100\n|move|p1a: Zacian|Play Rough|p2a: Dondozo\n|-damage|p2a: Dondozo|77\/100\n|\n|-heal|p2a: Dondozo|83\/100|[from] item: Leftovers\n|upkeep\n|turn|13\n|\n|t:|1700010636\n|switch|p1a: Ursaluna|Ursaluna-Bloodmoon, M|65\/100 slp\n|move|p2a: Dondozo|Liquidation|p1a: Ursaluna\n|-supereffective|p1a: Ursaluna\n|-damage|p1a: Ursaluna|27\/100 slp\n|-unboost|p1a: Ursaluna|def|1\n|\n|-heal|p1a: Ursaluna|33\/100 slp|[from] item: Leftovers\n|-heal|p2a: Dondozo|89\/100|[from] item: Leftovers\n|upkeep\n|turn|14\n|\n|t:|1700010641\n|cant|p1a: Ursaluna|slp\n|move|p2a: Dondozo|Liquidation|p1a: Ursaluna\n|-supereffective|p1a: Ursaluna\n|-damage|p1a: Ursaluna|0 fnt\n|faint|p1a: Ursaluna\n|\n|-heal|p2a: Dondozo|95\/100|[from] item: Leftovers\n|upkeep\n|\n|t:|1700010644\n|switch|p1a: Grafaiai|Grafaiai, M|88\/100\n|turn|15\n|\n|t:|1700010652\n|move|p1a: Grafaiai|Protect|p1a: Grafaiai\n|-singleturn|p1a: Grafaiai|Protect\n|move|p2a: Dondozo|Liquidation|p1a: Grafaiai\n|-activate|p1a: Grafaiai|move: Protect\n|\n|-heal|p1a: Grafaiai|94\/100|[from] item: Leftovers\n|-heal|p2a: Dondozo|100\/100|[from] item: Leftovers\n|upkeep\n|turn|16\n|\n|t:|1700010655\n|move|p1a: Grafaiai|Substitute|p1a: Grafaiai\n|-start|p1a: Grafaiai|Substitute\n|-damage|p1a: Grafaiai|69\/100\n|move|p2a: Dondozo|Liquidation|p1a: Grafaiai\n|-end|p1a: Grafaiai|Substitute\n|\n|-heal|p1a: Grafaiai|75\/100|[from] item: Leftovers\n|upkeep\n|turn|17\n|\n|t:|1700010657\n|move|p1a: Grafaiai|Protect|p1a: Grafaiai\n|-singleturn|p1a: Grafaiai|Protect\n|move|p2a: Dondozo|Liquidation|p1a: Grafaiai\n|-activate|p1a: Grafaiai|move: Protect\n|\n|-heal|p1a: Grafaiai|81\/100|[from] item: Leftovers\n|upkeep\n|turn|18\n|\n|t:|1700010659\n|move|p1a: Grafaiai|Substitute|p1a: Grafaiai\n|-start|p1a: Grafaiai|Substitute\n|-damage|p1a: Grafaiai|56\/100\n|move|p2a: Dondozo|Liquidation|p1a: Grafaiai\n|-end|p1a: Grafaiai|Substitute\n|\n|-heal|p1a: Grafaiai|62\/100|[from] item: Leftovers\n|upkeep\n|turn|19\n|\n|t:|1700010662\n|switch|p2a: Cyclizar|Cyclizar, M|100\/100\n|move|p1a: Grafaiai|Protect||[still]\n|-fail|p1a: Grafaiai\n|\n|-heal|p1a: Grafaiai|68\/100|[from] item: Leftovers\n|upkeep\n|turn|20\n|\n|t:|1700010665\n|move|p1a: Grafaiai|Toxic|p2a: Cyclizar\n|-status|p2a: Cyclizar|tox\n|move|p2a: Cyclizar|Taunt|p1a: Grafaiai\n|-start|p1a: Grafaiai|move: Taunt\n|\n|-heal|p1a: Grafaiai|74\/100|[from] item: Leftovers\n|-damage|p2a: Cyclizar|94\/100 tox|[from] psn\n|upkeep\n|turn|21\n|\n|t:|1700010670\n|switch|p1a: Arceus|Arceus-Fairy|100\/100\n|move|p2a: Cyclizar|Shed Tail|p2a: Cyclizar\n|-start|p2a: Cyclizar|Substitute|[from] move: Shed Tail\n|-damage|p2a: Cyclizar|44\/100 tox\n|\n|t:|1700010681\n|switch|p2a: Zacian|Zacian-Crowned|100\/100|[from] Shed Tail\n|-ability|p2a: Zacian|Intrepid Sword|boost\n|-boost|p2a: Zacian|atk|1\n|\n|upkeep\n|turn|22\n|\n|t:|1700010688\n|-terastallize|p1a: Arceus|Steel\n|move|p2a: Zacian|Swords Dance|p2a: Zacian\n|-boost|p2a: Zacian|atk|2\n|move|p1a: Arceus|Cosmic Power|p1a: Arceus\n|-boost|p1a: Arceus|def|1\n|-boost|p1a: Arceus|spd|1\n|\n|upkeep\n|turn|23\n|\n|t:|1700010695\n|switch|p1a: Skeledirge|Skeledirge, F|100\/100\n|-terastallize|p2a: Zacian|Ground\n|move|p2a: Zacian|Tera Blast|p1a: Skeledirge|[anim] Tera Blast Ground\n|-supereffective|p1a: Skeledirge\n|-damage|p1a: Skeledirge|19\/100\n|\n|upkeep\n|turn|24\n|\n|t:|1700010702\n|move|p2a: Zacian|Tera Blast|p1a: Skeledirge|[anim] Tera Blast Ground\n|-supereffective|p1a: Skeledirge\n|-damage|p1a: Skeledirge|0 fnt\n|faint|p1a: Skeledirge\n|\n|upkeep\n|\n|t:|1700010709\n|switch|p1a: Iron Valiant|Iron Valiant|100\/100\n|-enditem|p1a: Iron Valiant|Booster Energy\n|-activate|p1a: Iron Valiant|ability: Quark Drive|[fromitem]\n|-start|p1a: Iron Valiant|quarkdrivespe\n|turn|25\n|\n|t:|1700010715\n|move|p1a: Iron Valiant|Close Combat|p2a: Zacian\n|-end|p2a: Zacian|Substitute\n|-unboost|p1a: Iron Valiant|def|1\n|-unboost|p1a: Iron Valiant|spd|1\n|move|p2a: Zacian|Tera Blast|p1a: Iron Valiant|[anim] Tera Blast Ground\n|-damage|p1a: Iron Valiant|0 fnt\n|faint|p1a: Iron Valiant\n|-end|p1a: Iron Valiant|Quark Drive|[silent]\n|\n|upkeep\n|\n|t:|1700010728\n|switch|p1a: Grafaiai|Grafaiai, M|74\/100\n|turn|26\n|\n|t:|1700010732\n|move|p1a: Grafaiai|Protect|p1a: Grafaiai\n|-singleturn|p1a: Grafaiai|Protect\n|move|p2a: Zacian|Tera Blast|p1a: Grafaiai|[anim] Tera Blast Ground\n|-activate|p1a: Grafaiai|move: Protect\n|\n|-heal|p1a: Grafaiai|80\/100|[from] item: Leftovers\n|upkeep\n|turn|27\n|\n|t:|1700010735\n|move|p1a: Grafaiai|Substitute|p1a: Grafaiai\n|-start|p1a: Grafaiai|Substitute\n|-damage|p1a: Grafaiai|56\/100\n|move|p2a: Zacian|Tera Blast|p1a: Grafaiai|[anim] Tera Blast Ground\n|-supereffective|p1a: Grafaiai\n|-end|p1a: Grafaiai|Substitute\n|\n|-heal|p1a: Grafaiai|62\/100|[from] item: Leftovers\n|upkeep\n|turn|28\n|\n|t:|1700010738\n|move|p1a: Grafaiai|Protect|p1a: Grafaiai\n|-singleturn|p1a: Grafaiai|Protect\n|move|p2a: Zacian|Swords Dance|p2a: Zacian\n|-boost|p2a: Zacian|atk|2\n|\n|-heal|p1a: Grafaiai|68\/100|[from] item: Leftovers\n|upkeep\n|turn|29\n|\n|t:|1700010744\n|move|p1a: Grafaiai|Substitute|p1a: Grafaiai\n|-start|p1a: Grafaiai|Substitute\n|-damage|p1a: Grafaiai|43\/100\n|move|p2a: Zacian|Tera Blast|p1a: Grafaiai|[anim] Tera Blast Ground\n|-supereffective|p1a: Grafaiai\n|-end|p1a: Grafaiai|Substitute\n|\n|-heal|p1a: Grafaiai|49\/100|[from] item: Leftovers\n|upkeep\n|turn|30\n|\n|t:|1700010747\n|move|p1a: Grafaiai|Protect|p1a: Grafaiai\n|-singleturn|p1a: Grafaiai|Protect\n|move|p2a: Zacian|Tera Blast|p1a: Grafaiai|[anim] Tera Blast Ground\n|-activate|p1a: Grafaiai|move: Protect\n|\n|-heal|p1a: Grafaiai|55\/100|[from] item: Leftovers\n|upkeep\n|turn|31\n|\n|t:|1700010753\n|move|p1a: Grafaiai|Substitute|p1a: Grafaiai\n|-start|p1a: Grafaiai|Substitute\n|-damage|p1a: Grafaiai|30\/100\n|move|p2a: Zacian|Tera Blast|p1a: Grafaiai|[anim] Tera Blast Ground\n|-supereffective|p1a: Grafaiai\n|-end|p1a: Grafaiai|Substitute\n|\n|-heal|p1a: Grafaiai|36\/100|[from] item: Leftovers\n|upkeep\n|turn|32\n|\n|t:|1700010756\n|move|p1a: Grafaiai|Protect|p1a: Grafaiai\n|-singleturn|p1a: Grafaiai|Protect\n|move|p2a: Zacian|Swords Dance|p2a: Zacian\n|-boost|p2a: Zacian|atk|1\n|\n|-heal|p1a: Grafaiai|42\/100|[from] item: Leftovers\n|upkeep\n|turn|33\n|\n|t:|1700010761\n|move|p1a: Grafaiai|Encore|p2a: Zacian\n|-start|p2a: Zacian|Encore\n|move|p2a: Zacian|Swords Dance|p2a: Zacian\n|-boost|p2a: Zacian|atk|0\n|\n|-heal|p1a: Grafaiai|48\/100|[from] item: Leftovers\n|upkeep\n|turn|34\n|\n|t:|1700010768\n|switch|p2a: Cyclizar|Cyclizar, M|78\/100 tox\n|move|p1a: Grafaiai|Toxic|p2a: Cyclizar\n|-fail|p2a: Cyclizar|tox\n|\n|-heal|p1a: Grafaiai|54\/100|[from] item: Leftovers\n|-damage|p2a: Cyclizar|71\/100 tox|[from] psn\n|upkeep\n|turn|35\n|\n|t:|1700010776\n|switch|p1a: Zacian|Zacian-Crowned|100\/100\n|move|p2a: Cyclizar|Shed Tail|p2a: Cyclizar\n|-start|p2a: Cyclizar|Substitute|[from] move: Shed Tail\n|-damage|p2a: Cyclizar|21\/100 tox\n|\n|t:|1700010780\n|switch|p2a: Ceruledge|Ceruledge, F|100\/100|[from] Shed Tail\n|\n|upkeep\n|turn|36\n|\n|t:|1700010786\n|move|p1a: Zacian|Crunch|p2a: Ceruledge\n|-supereffective|p2a: Ceruledge\n|-end|p2a: Ceruledge|Substitute\n|move|p2a: Ceruledge|Bitter Blade|p1a: Zacian\n|-supereffective|p1a: Zacian\n|-damage|p1a: Zacian|15\/100\n|\n|upkeep\n|turn|37\n|\n|t:|1700010792\n|move|p2a: Ceruledge|Endure|p2a: Ceruledge\n|-singleturn|p2a: Ceruledge|move: Endure\n|move|p1a: Zacian|Crunch|p2a: Ceruledge\n|-supereffective|p2a: Ceruledge\n|-damage|p2a: Ceruledge|20\/100\n|-unboost|p2a: Ceruledge|def|1\n|-ability|p2a: Ceruledge|Weak Armor|boost\n|-unboost|p2a: Ceruledge|def|1\n|-boost|p2a: Ceruledge|spe|2\n|-enditem|p2a: Ceruledge|Weakness Policy\n|-boost|p2a: Ceruledge|atk|2|[from] item: Weakness Policy\n|-boost|p2a: Ceruledge|spa|2|[from] item: Weakness Policy\n|\n|upkeep\n|turn|38\n|\n|t:|1700010806\n|move|p2a: Ceruledge|Bitter Blade|p1a: Zacian\n|-supereffective|p1a: Zacian\n|-damage|p1a: Zacian|0 fnt\n|-heal|p2a: Ceruledge|28\/100|[from] drain|[of] p1a: Zacian\n|faint|p1a: Zacian\n|\n|upkeep\n|\n|t:|1700010810\n|switch|p1a: Arceus|Arceus-Fairy, tera:Steel|100\/100\n|turn|39\n|\n|t:|1700010813\n|move|p2a: Ceruledge|Bitter Blade|p1a: Arceus\n|-supereffective|p1a: Arceus\n|-damage|p1a: Arceus|0 fnt\n|-heal|p2a: Ceruledge|100\/100|[from] drain|[of] p1a: Arceus\n|faint|p1a: Arceus\n|\n|upkeep\n|\n|t:|1700010818\n|switch|p1a: Grafaiai|Grafaiai, M|54\/100\n|turn|40\n|\n|t:|1700010821\n|move|p1a: Grafaiai|Protect|p1a: Grafaiai\n|-singleturn|p1a: Grafaiai|Protect\n|move|p2a: Ceruledge|Bitter Blade|p1a: Grafaiai\n|-activate|p1a: Grafaiai|move: Protect\n|\n|-heal|p1a: Grafaiai|60\/100|[from] item: Leftovers\n|upkeep\n|turn|41\n|\n|t:|1700010825\n|move|p1a: Grafaiai|Substitute|p1a: Grafaiai\n|-start|p1a: Grafaiai|Substitute\n|-damage|p1a: Grafaiai|36\/100\n|move|p2a: Ceruledge|Bitter Blade|p1a: Grafaiai\n|-end|p1a: Grafaiai|Substitute\n|\n|-heal|p1a: Grafaiai|42\/100|[from] item: Leftovers\n|upkeep\n|turn|42\n|\n|t:|1700010828\n|move|p1a: Grafaiai|Protect|p1a: Grafaiai\n|-singleturn|p1a: Grafaiai|Protect\n|move|p2a: Ceruledge|Bitter Blade|p1a: Grafaiai\n|-activate|p1a: Grafaiai|move: Protect\n|\n|-heal|p1a: Grafaiai|48\/100|[from] item: Leftovers\n|upkeep\n|turn|43\n|\n|t:|1700010833\n|move|p1a: Grafaiai|Substitute|p1a: Grafaiai\n|-start|p1a: Grafaiai|Substitute\n|-damage|p1a: Grafaiai|23\/100\n|move|p2a: Ceruledge|Bitter Blade|p1a: Grafaiai\n|-crit|p1a: Grafaiai\n|-end|p1a: Grafaiai|Substitute\n|\n|-heal|p1a: Grafaiai|29\/100|[from] item: Leftovers\n|upkeep\n|turn|44\n|\n|t:|1700010838\n|move|p1a: Grafaiai|Protect|p1a: Grafaiai\n|-singleturn|p1a: Grafaiai|Protect\n|move|p2a: Ceruledge|Bitter Blade|p1a: Grafaiai\n|-activate|p1a: Grafaiai|move: Protect\n|\n|-heal|p1a: Grafaiai|35\/100|[from] item: Leftovers\n|upkeep\n|turn|45\n|\n|t:|1700010842\n|move|p1a: Grafaiai|Substitute|p1a: Grafaiai\n|-start|p1a: Grafaiai|Substitute\n|-damage|p1a: Grafaiai|10\/100\n|move|p2a: Ceruledge|Bitter Blade|p1a: Grafaiai\n|-end|p1a: Grafaiai|Substitute\n|\n|-heal|p1a: Grafaiai|16\/100|[from] item: Leftovers\n|upkeep\n|turn|46\n|\n|t:|1700010846\n|move|p1a: Grafaiai|Protect|p1a: Grafaiai\n|-singleturn|p1a: Grafaiai|Protect\n|move|p2a: Ceruledge|Bitter Blade|p1a: Grafaiai\n|-activate|p1a: Grafaiai|move: Protect\n|\n|-heal|p1a: Grafaiai|22\/100|[from] item: Leftovers\n|upkeep\n|turn|47\n|-message|ThePlumber7 forfeited.\n|\n|win|LITLE0\n|raw|ThePlumber7's rating: 1349 &rarr; <strong>1316<\/strong><br \/>(-33 for losing)\n|raw|LITLE0's rating: 1091 &rarr; <strong>1134<\/strong><br \/>(+43 for winning)\n","uploadtime":1700010856,"views":6,"p1id":"theplumber7","p2id":"litle0","formatid":"gen9ubers","rating":1134,"private":0,"password":""}