{"id":"gen9ubers-1988293704","p1":"XxFeopardoxX","p2":"Talvi71","format":"[Gen 9] Ubers","log":"|j|\u2606XxFeopardoxX\n|j|\u2606Talvi71\n|t:|1699703299\n|gametype|singles\n|player|p1|XxFeopardoxX|red-gen3|\n|player|p2|Talvi71|n|\n|teamsize|p1|6\n|teamsize|p2|6\n|gen|9\n|tier|[Gen 9] Ubers\n|rule|Sleep Clause Mod: Limit one foe put to sleep\n|rule|Species Clause: Limit one of each Pok\u00e9mon\n|rule|OHKO Clause: OHKO moves are banned\n|rule|Evasion Items Clause: Evasion items are banned\n|rule|Evasion Moves Clause: Evasion moves are banned\n|rule|Endless Battle Clause: Forcing endless battles is banned\n|rule|HP Percentage Mod: HP is shown in percentages\n|clearpoke\n|poke|p1|Corviknight, F|\n|poke|p1|Spectrier|\n|poke|p1|Empoleon, F|\n|poke|p1|Landorus-Therian, M|\n|poke|p1|Chi-Yu|\n|poke|p1|Kommo-o, M|\n|poke|p2|Magearna|\n|poke|p2|Dragapult, M|\n|poke|p2|Great Tusk|\n|poke|p2|Iron Valiant|\n|poke|p2|Chien-Pao|\n|poke|p2|Snorlax, M|\n|teampreview\n|c|\u2606Talvi71|gl hf\n|c|\u2606XxFeopardoxX|gl hf\n|\n|t:|1699703394\n|start\n|switch|p1a: Chi-Yu|Chi-Yu|100\/100\n|switch|p2a: Young|Dragapult, M|100\/100\n|-ability|p1a: Chi-Yu|Beads of Ruin\n|turn|1\n|\n|t:|1699703441\n|switch|p2a: Zoro|Snorlax, M|100\/100\n|move|p1a: Chi-Yu|Dark Pulse|p2a: Zoro\n|-damage|p2a: Zoro|71\/100\n|\n|-heal|p2a: Zoro|77\/100|[from] item: Leftovers\n|upkeep\n|turn|2\n|\n|t:|1699703483\n|switch|p1a: Kommo-o|Kommo-o, M|100\/100\n|move|p2a: Zoro|Yawn|p1a: Kommo-o\n|-start|p1a: Kommo-o|move: Yawn|[of] p2a: Zoro\n|\n|-heal|p2a: Zoro|83\/100|[from] item: Leftovers\n|upkeep\n|turn|3\n|\n|t:|1699703547\n|switch|p1a: Landorus|Landorus-Therian, M|100\/100\n|-ability|p1a: Landorus|Intimidate|boost\n|-unboost|p2a: Zoro|atk|1\n|move|p2a: Zoro|Protect||[still]\n|-fail|p2a: Zoro\n|\n|-heal|p2a: Zoro|90\/100|[from] item: Leftovers\n|upkeep\n|turn|4\n|\n|t:|1699703607\n|move|p2a: Zoro|Protect|p2a: Zoro\n|-singleturn|p2a: Zoro|Protect\n|move|p1a: Landorus|Earthquake|p2a: Zoro\n|-activate|p2a: Zoro|move: Protect\n|\n|-heal|p2a: Zoro|96\/100|[from] item: Leftovers\n|upkeep\n|turn|5\n|\n|t:|1699703633\n|move|p1a: Landorus|Earthquake|p2a: Zoro\n|-damage|p2a: Zoro|43\/100\n|move|p2a: Zoro|Yawn|p1a: Landorus\n|-start|p1a: Landorus|move: Yawn|[of] p2a: Zoro\n|\n|-heal|p2a: Zoro|49\/100|[from] item: Leftovers\n|upkeep\n|turn|6\n|\n|t:|1699703674\n|switch|p2a: Young|Dragapult, M|100\/100\n|move|p1a: Landorus|U-turn|p2a: Young\n|-resisted|p2a: Young\n|-damage|p2a: Young|84\/100\n|\n|t:|1699703692\n|switch|p1a: Chi-Yu|Chi-Yu|100\/100|[from] U-turn\n|-ability|p1a: Chi-Yu|Beads of Ruin\n|\n|upkeep\n|turn|7\n|\n|t:|1699703718\n|-terastallize|p2a: Young|Fighting\n|move|p1a: Chi-Yu|Dark Pulse|p2a: Young\n|-resisted|p2a: Young\n|-damage|p2a: Young|45\/100\n|move|p2a: Young|Tera Blast|p1a: Chi-Yu|[anim] Tera Blast Fighting\n|-supereffective|p1a: Chi-Yu\n|-damage|p1a: Chi-Yu|0 fnt\n|faint|p1a: Chi-Yu\n|-damage|p2a: Young|35\/100|[from] item: Life Orb\n|\n|upkeep\n|\n|t:|1699703766\n|switch|p1a: Landorus|Landorus-Therian, M|100\/100\n|-ability|p1a: Landorus|Intimidate|boost\n|-unboost|p2a: Young|atk|1\n|turn|8\n|\n|t:|1699703813\n|switch|p2a: Jirschii|Great Tusk|100\/100\n|move|p1a: Landorus|Earthquake|p2a: Jirschii\n|-damage|p2a: Jirschii|70\/100\n|\n|upkeep\n|turn|9\n|\n|t:|1699703865\n|switch|p1a: Corviknight|Corviknight, F, shiny|100\/100\n|-ability|p1a: Corviknight|Pressure\n|move|p2a: Jirschii|Knock Off|p1a: Corviknight\n|-damage|p1a: Corviknight|83\/100\n|-enditem|p1a: Corviknight|Heavy-Duty Boots|[from] move: Knock Off|[of] p2a: Jirschii\n|\n|upkeep\n|turn|10\n|\n|t:|1699703903\n|-end|p2a: Jirschii|Protosynthesis|[silent]\n|switch|p2a: Swoggy|Magearna|100\/100\n|move|p1a: Corviknight|Brave Bird|p2a: Swoggy\n|-resisted|p2a: Swoggy\n|-damage|p2a: Swoggy|80\/100\n|-damage|p1a: Corviknight|78\/100|[from] Recoil\n|\n|upkeep\n|turn|11\n|\n|t:|1699703954\n|move|p2a: Swoggy|Shift Gear|p2a: Swoggy\n|-boost|p2a: Swoggy|spe|2\n|-boost|p2a: Swoggy|atk|1\n|move|p1a: Corviknight|U-turn|p2a: Swoggy\n|-resisted|p2a: Swoggy\n|-damage|p2a: Swoggy|77\/100\n|\n|t:|1699703970\n|switch|p1a: Empoleon|Empoleon, F|100\/100|[from] U-turn\n|\n|upkeep\n|turn|12\n|\n|t:|1699703987\n|move|p2a: Swoggy|Thunderbolt|p1a: Empoleon\n|-supereffective|p1a: Empoleon\n|-damage|p1a: Empoleon|66\/100\n|move|p1a: Empoleon|Surf|p2a: Swoggy\n|-damage|p2a: Swoggy|42\/100\n|\n|-heal|p1a: Empoleon|72\/100|[from] item: Leftovers\n|upkeep\n|turn|13\n|\n|t:|1699704013\n|switch|p2a: Zoro|Snorlax, M|49\/100\n|move|p1a: Empoleon|Surf|p2a: Zoro\n|-damage|p2a: Zoro|35\/100\n|\n|-heal|p1a: Empoleon|79\/100|[from] item: Leftovers\n|-heal|p2a: Zoro|41\/100|[from] item: Leftovers\n|upkeep\n|turn|14\n|\n|t:|1699704044\n|move|p1a: Empoleon|Flip Turn|p2a: Zoro\n|-damage|p2a: Zoro|26\/100\n|\n|t:|1699704068\n|switch|p1a: Kommo-o|Kommo-o, M|100\/100|[from] Flip Turn\n|move|p2a: Zoro|Yawn|p1a: Kommo-o\n|-start|p1a: Kommo-o|move: Yawn|[of] p2a: Zoro\n|\n|-heal|p2a: Zoro|32\/100|[from] item: Leftovers\n|upkeep\n|turn|15\n|\n|t:|1699704077\n|switch|p1a: Landorus|Landorus-Therian, M|100\/100\n|-ability|p1a: Landorus|Intimidate|boost\n|-unboost|p2a: Zoro|atk|1\n|move|p2a: Zoro|Protect||[still]\n|-fail|p2a: Zoro\n|\n|-heal|p2a: Zoro|38\/100|[from] item: Leftovers\n|upkeep\n|turn|16\n|\n|t:|1699704107\n|switch|p2a: Jirschii|Great Tusk|70\/100\n|move|p1a: Landorus|Earthquake|p2a: Jirschii\n|-damage|p2a: Jirschii|43\/100\n|-enditem|p2a: Jirschii|Sitrus Berry|[eat]\n|-heal|p2a: Jirschii|68\/100|[from] item: Sitrus Berry\n|\n|upkeep\n|turn|17\n|\n|t:|1699704146\n|move|p2a: Jirschii|Stealth Rock|p1a: Landorus\n|-sidestart|p1: XxFeopardoxX|move: Stealth Rock\n|move|p1a: Landorus|U-turn|p2a: Jirschii\n|-resisted|p2a: Jirschii\n|-damage|p2a: Jirschii|62\/100\n|\n|t:|1699704190\n|switch|p1a: Corviknight|Corviknight, F, shiny|78\/100|[from] U-turn\n|-damage|p1a: Corviknight|66\/100|[from] Stealth Rock\n|-ability|p1a: Corviknight|Pressure\n|\n|upkeep\n|turn|18\n|\n|t:|1699704293\n|-end|p2a: Jirschii|Protosynthesis|[silent]\n|switch|p2a: Swoggy|Magearna|42\/100\n|move|p1a: Corviknight|Roost|p1a: Corviknight\n|-heal|p1a: Corviknight|100\/100\n|-singleturn|p1a: Corviknight|move: Roost\n|\n|upkeep\n|turn|19\n|\n|t:|1699704339\n|switch|p1a: Landorus|Landorus-Therian, M|100\/100\n|-damage|p1a: Landorus|88\/100|[from] Stealth Rock\n|-ability|p1a: Landorus|Intimidate|boost\n|-fail|p2a: Swoggy|unboost|[from] item: Clear Amulet|[of] p2a: Swoggy\n|move|p2a: Swoggy|Shift Gear|p2a: Swoggy\n|-boost|p2a: Swoggy|spe|2\n|-boost|p2a: Swoggy|atk|1\n|\n|upkeep\n|turn|20\n|\n|t:|1699704383\n|move|p2a: Swoggy|Play Rough|p1a: Landorus\n|-damage|p1a: Landorus|32\/100\n|move|p1a: Landorus|Earthquake|p2a: Swoggy\n|-supereffective|p2a: Swoggy\n|-damage|p2a: Swoggy|0 fnt\n|faint|p2a: Swoggy\n|\n|upkeep\n|\n|t:|1699704404\n|switch|p2a: Leo|Chien-Pao|100\/100\n|-ability|p2a: Leo|Sword of Ruin\n|turn|21\n|\n|t:|1699704454\n|switch|p1a: Corviknight|Corviknight, F, shiny|100\/100\n|-damage|p1a: Corviknight|88\/100|[from] Stealth Rock\n|-ability|p1a: Corviknight|Pressure\n|move|p2a: Leo|Throat Chop|p1a: Corviknight\n|-damage|p1a: Corviknight|45\/100\n|-start|p1a: Corviknight|Throat Chop|[silent]\n|\n|upkeep\n|turn|22\n|\n|t:|1699704468\n|move|p2a: Leo|Throat Chop|p1a: Corviknight\n|-damage|p1a: Corviknight|0 fnt\n|faint|p1a: Corviknight\n|\n|upkeep\n|\n|t:|1699704525\n|switch|p1a: Landorus|Landorus-Therian, M|32\/100\n|-damage|p1a: Landorus|20\/100|[from] Stealth Rock\n|-ability|p1a: Landorus|Intimidate|boost\n|-unboost|p2a: Leo|atk|1\n|turn|23\n|\n|t:|1699704545\n|-terastallize|p1a: Landorus|Water\n|move|p2a: Leo|Throat Chop|p1a: Landorus\n|-damage|p1a: Landorus|0 fnt\n|faint|p1a: Landorus\n|\n|upkeep\n|\n|t:|1699704598\n|switch|p1a: Empoleon|Empoleon, F|79\/100\n|-damage|p1a: Empoleon|72\/100|[from] Stealth Rock\n|turn|24\n|\n|t:|1699704629\n|switch|p2a: Jirschii|Great Tusk|62\/100\n|move|p1a: Empoleon|Surf|p2a: Jirschii\n|-supereffective|p2a: Jirschii\n|-damage|p2a: Jirschii|0 fnt\n|faint|p2a: Jirschii\n|-end|p2a: Jirschii|Protosynthesis|[silent]\n|\n|-heal|p1a: Empoleon|79\/100|[from] item: Leftovers\n|upkeep\n|\n|t:|1699704721\n|switch|p2a: Leo|Chien-Pao|100\/100\n|-ability|p2a: Leo|Sword of Ruin\n|turn|25\n|\n|t:|1699704761\n|move|p2a: Leo|Sacred Sword|p1a: Empoleon\n|-supereffective|p1a: Empoleon\n|-damage|p1a: Empoleon|0 fnt\n|faint|p1a: Empoleon\n|\n|upkeep\n|\n|t:|1699704776\n|switch|p1a: Kommo-o|Kommo-o, M|100\/100\n|-damage|p1a: Kommo-o|95\/100|[from] Stealth Rock\n|turn|26\n|\n|t:|1699704801\n|switch|p2a: Poke|Iron Valiant, shiny|100\/100\n|move|p1a: Kommo-o|Clangorous Soul|p1a: Kommo-o\n|-boost|p1a: Kommo-o|atk|1\n|-boost|p1a: Kommo-o|def|1\n|-boost|p1a: Kommo-o|spa|1\n|-boost|p1a: Kommo-o|spd|1\n|-boost|p1a: Kommo-o|spe|1\n|-damage|p1a: Kommo-o|62\/100\n|-enditem|p1a: Kommo-o|Throat Spray\n|-boost|p1a: Kommo-o|spa|1|[from] item: Throat Spray\n|\n|upkeep\n|turn|27\n|c|\u2606Talvi71|ehm Chef\n|c|\u2606XxFeopardoxX|ja?\n|c|\u2606Talvi71|Seelentanz ist laut Regeln verboten xD\n|c|\u2606XxFeopardoxX|warum ist der dann S?\n|c|\u2606Talvi71|frag mich nicht xD\n|c|\u2606XxFeopardoxX|dachte omni boosts sind erlaubt\n|c|\u2606XxFeopardoxX|dass ist doch legit die einziege logische berechtigung dass der im S ist :\/\n|c|\u2606Talvi71|lass aber zuende spielen\n|c|\u2606XxFeopardoxX|jo\n|\n|t:|1699704936\n|move|p1a: Kommo-o|Flamethrower|p2a: Poke\n|-damage|p2a: Poke|14\/100\n|move|p2a: Poke|Moonblast|p1a: Kommo-o\n|-supereffective|p1a: Kommo-o\n|-damage|p1a: Kommo-o|0 fnt\n|faint|p1a: Kommo-o\n|\n|upkeep\n|c|\u2606XxFeopardoxX|ver\u00e4ndert aber glaub ich eh nichts\n|\n|t:|1699704955\n|switch|p1a: Spectrier|Spectrier|100\/100\n|-damage|p1a: Spectrier|88\/100|[from] Stealth Rock\n|turn|28\n|\n|t:|1699704983\n|-end|p2a: Poke|Quark Drive|[silent]\n|switch|p2a: Zoro|Snorlax, M|38\/100\n|move|p1a: Spectrier|Substitute|p1a: Spectrier\n|-start|p1a: Spectrier|Substitute\n|-damage|p1a: Spectrier|63\/100\n|\n|-heal|p2a: Zoro|44\/100|[from] item: Leftovers\n|upkeep\n|turn|29\n|\n|t:|1699705027\n|move|p1a: Spectrier|Nasty Plot|p1a: Spectrier\n|-boost|p1a: Spectrier|spa|2\n|move|p2a: Zoro|Yawn||[still]\n|-fail|p2a: Zoro\n|\n|-heal|p2a: Zoro|50\/100|[from] item: Leftovers\n|upkeep\n|turn|30\n|\n|t:|1699705068\n|move|p1a: Spectrier|Nasty Plot|p1a: Spectrier\n|-boost|p1a: Spectrier|spa|2\n|move|p2a: Zoro|Earthquake|p1a: Spectrier\n|-end|p1a: Spectrier|Substitute\n|\n|-heal|p2a: Zoro|56\/100|[from] item: Leftovers\n|upkeep\n|turn|31\n|\n|t:|1699705083\n|move|p1a: Spectrier|Draining Kiss|p2a: Zoro\n|-damage|p2a: Zoro|30\/100\n|-heal|p1a: Spectrier|92\/100|[from] drain|[of] p2a: Zoro\n|move|p2a: Zoro|Earthquake|p1a: Spectrier\n|-damage|p1a: Spectrier|56\/100\n|\n|-heal|p2a: Zoro|36\/100|[from] item: Leftovers\n|upkeep\n|turn|32\n|\n|t:|1699705101\n|move|p1a: Spectrier|Substitute|p1a: Spectrier\n|-start|p1a: Spectrier|Substitute\n|-damage|p1a: Spectrier|31\/100\n|move|p2a: Zoro|Earthquake|p1a: Spectrier\n|-end|p1a: Spectrier|Substitute\n|\n|-heal|p2a: Zoro|42\/100|[from] item: Leftovers\n|upkeep\n|turn|33\n|\n|t:|1699705124\n|move|p1a: Spectrier|Substitute|p1a: Spectrier\n|-start|p1a: Spectrier|Substitute\n|-damage|p1a: Spectrier|6\/100\n|-enditem|p1a: Spectrier|Salac Berry|[eat]\n|-boost|p1a: Spectrier|spe|1|[from] item: Salac Berry\n|move|p2a: Zoro|Earthquake|p1a: Spectrier\n|-end|p1a: Spectrier|Substitute\n|\n|-heal|p2a: Zoro|48\/100|[from] item: Leftovers\n|upkeep\n|turn|34\n|\n|t:|1699705132\n|move|p1a: Spectrier|Draining Kiss|p2a: Zoro\n|-damage|p2a: Zoro|21\/100\n|-heal|p1a: Spectrier|35\/100|[from] drain|[of] p2a: Zoro\n|move|p2a: Zoro|Earthquake|p1a: Spectrier\n|-damage|p1a: Spectrier|0 fnt\n|faint|p1a: Spectrier\n|\n|win|Talvi71\n|c|\u2606Talvi71|gg\n|c|\u2606XxFeopardoxX|gg\n","uploadtime":1699705144,"views":22,"p1id":"xxfeopardoxx","p2id":"talvi71","formatid":"gen9ubers","rating":0,"private":0,"password":""}