{"id":"gen9ubers-1988365703","p1":"ayaan0908","p2":"boi in the back","format":"[Gen 9] Ubers","log":"|j|\u2606ayaan0908\n|j|\u2606boi in the back\n|t:|1699714500\n|gametype|singles\n|player|p1|ayaan0908|lucas-gen4pt|1107\n|player|p2|boi in the back|arven-v|1112\n|teamsize|p1|6\n|teamsize|p2|6\n|gen|9\n|tier|[Gen 9] Ubers\n|rated|\n|rule|Sleep Clause Mod: Limit one foe put to sleep\n|rule|Species Clause: Limit one of each Pok\u00e9mon\n|rule|OHKO Clause: OHKO moves are banned\n|rule|Evasion Items Clause: Evasion items are banned\n|rule|Evasion Moves Clause: Evasion moves are banned\n|rule|Endless Battle Clause: Forcing endless battles is banned\n|rule|HP Percentage Mod: HP is shown in percentages\n|clearpoke\n|poke|p1|Zacian-*|\n|poke|p1|Koraidon|\n|poke|p1|Roaring Moon|\n|poke|p1|Flutter Mane|\n|poke|p1|Palafin, F|\n|poke|p1|Iron Moth|\n|poke|p2|Ursaluna-Bloodmoon, M|\n|poke|p2|Brute Bonnet|\n|poke|p2|Calyrex-Ice|\n|poke|p2|Great Tusk|\n|poke|p2|Magearna|\n|poke|p2|Ting-Lu|\n|teampreview\n|inactive|Battle timer is ON: inactive players will automatically lose when time's up. (requested by boi in the back)\n|inactive|ayaan0908 also wants the timer to be on.\n|\n|t:|1699714520\n|start\n|switch|p1a: Palafin|Palafin, F, shiny|100\/100\n|switch|p2a: Magearna|Magearna|100\/100\n|turn|1\n|\n|t:|1699714529\n|move|p1a: Palafin|Flip Turn|p2a: Magearna\n|-damage|p2a: Magearna|84\/100\n|j| kubo x shiraichi\n|\n|t:|1699714545\n|detailschange|p1a: Palafin|Palafin-Hero, F, shiny\n|switch|p1a: Iron Moth|Iron Moth|100\/100|[from] Flip Turn\n|move|p2a: Magearna|Trick Room|p2a: Magearna\n|-fieldstart|move: Trick Room|[of] p2a: Magearna\n|\n|-heal|p2a: Magearna|90\/100|[from] item: Leftovers\n|upkeep\n|turn|2\n|\n|t:|1699714557\n|move|p2a: Magearna|Volt Switch|p1a: Iron Moth\n|-damage|p1a: Iron Moth|83\/100\n|\n|t:|1699714567\n|switch|p2a: Ursaluna|Ursaluna-Bloodmoon, M|100\/100|[from] Volt Switch\n|move|p1a: Iron Moth|Fire Blast|p2a: Ursaluna\n|-damage|p2a: Ursaluna|37\/100\n|\n|-heal|p2a: Ursaluna|44\/100|[from] item: Leftovers\n|upkeep\n|turn|3\n|\n|t:|1699714581\n|move|p2a: Ursaluna|Calm Mind|p2a: Ursaluna\n|-boost|p2a: Ursaluna|spa|1\n|-boost|p2a: Ursaluna|spd|1\n|move|p1a: Iron Moth|Fire Blast|p2a: Ursaluna\n|-damage|p2a: Ursaluna|0 fnt\n|faint|p2a: Ursaluna\n|\n|upkeep\n|\n|t:|1699714606\n|switch|p2a: Great Tusk|Great Tusk|100\/100\n|turn|4\n|c| kubo x shiraichi|Hi\n|\n|t:|1699714620\n|-end|p1a: Iron Moth|Quark Drive|[silent]\n|switch|p1a: Palafin|Palafin-Hero, F, shiny|100\/100\n|-activate|p1a: Palafin|ability: Zero to Hero\n|move|p2a: Great Tusk|Headlong Rush|p1a: Palafin\n|-damage|p1a: Palafin|41\/100\n|-unboost|p2a: Great Tusk|def|1\n|-unboost|p2a: Great Tusk|spd|1\n|\n|upkeep\n|turn|5\n|\n|t:|1699714629\n|move|p2a: Great Tusk|Headlong Rush|p1a: Palafin\n|-damage|p1a: Palafin|0 fnt\n|-unboost|p2a: Great Tusk|def|1\n|-unboost|p2a: Great Tusk|spd|1\n|faint|p1a: Palafin\n|\n|-fieldend|move: Trick Room\n|upkeep\n|\n|t:|1699714637\n|switch|p1a: Flutter Mane|Flutter Mane, shiny|100\/100\n|turn|6\n|\n|t:|1699714641\n|-end|p2a: Great Tusk|Protosynthesis|[silent]\n|switch|p2a: Ting-Lu|Ting-Lu|100\/100\n|-ability|p2a: Ting-Lu|Vessel of Ruin\n|move|p1a: Flutter Mane|Moonblast|p2a: Ting-Lu\n|-supereffective|p2a: Ting-Lu\n|-damage|p2a: Ting-Lu|51\/100\n|\n|-heal|p2a: Ting-Lu|57\/100|[from] item: Leftovers\n|upkeep\n|turn|7\n|\n|t:|1699714652\n|move|p1a: Flutter Mane|Moonblast|p2a: Ting-Lu\n|-supereffective|p2a: Ting-Lu\n|-damage|p2a: Ting-Lu|6\/100\n|move|p2a: Ting-Lu|Stealth Rock|p1a: Flutter Mane\n|-sidestart|p1: ayaan0908|move: Stealth Rock\n|\n|-heal|p2a: Ting-Lu|13\/100|[from] item: Leftovers\n|upkeep\n|turn|8\n|\n|t:|1699714662\n|move|p1a: Flutter Mane|Moonblast|p2a: Ting-Lu\n|-supereffective|p2a: Ting-Lu\n|-damage|p2a: Ting-Lu|0 fnt\n|faint|p2a: Ting-Lu\n|\n|upkeep\n|\n|t:|1699714665\n|switch|p2a: Magearna|Magearna|90\/100\n|turn|9\n|\n|t:|1699714672\n|-end|p1a: Flutter Mane|Protosynthesis|[silent]\n|switch|p1a: Iron Moth|Iron Moth|83\/100\n|move|p2a: Magearna|Trick Room|p2a: Magearna\n|-fieldstart|move: Trick Room|[of] p2a: Magearna\n|\n|-heal|p2a: Magearna|96\/100|[from] item: Leftovers\n|upkeep\n|turn|10\n|inactive|boi in the back has 120 seconds left.\n|\n|t:|1699714727\n|move|p2a: Magearna|Volt Switch|p1a: Iron Moth\n|-crit|p1a: Iron Moth\n|-damage|p1a: Iron Moth|54\/100\n|\n|t:|1699714731\n|switch|p2a: Great Tusk|Great Tusk|100\/100|[from] Volt Switch\n|move|p1a: Iron Moth|Fire Blast|p2a: Great Tusk\n|-damage|p2a: Great Tusk|47\/100\n|\n|-heal|p2a: Great Tusk|53\/100|[from] item: Leftovers\n|upkeep\n|turn|11\n|l|\u2606ayaan0908\n|inactive|ayaan0908 disconnected and has a minute to reconnect!\n|player|p1|\n|j|\u2606ayaan0908\n|inactive|ayaan0908 reconnected and has 125 seconds left.\n|player|p1|ayaan0908|lucas-gen4pt\n|inactive|ayaan0908 has 120 seconds left.\n|\n|t:|1699714766\n|-terastallize|p1a: Iron Moth|Water\n|move|p2a: Great Tusk|Headlong Rush|p1a: Iron Moth\n|-damage|p1a: Iron Moth|0 fnt\n|-unboost|p2a: Great Tusk|def|1\n|-unboost|p2a: Great Tusk|spd|1\n|faint|p1a: Iron Moth\n|-end|p1a: Iron Moth|Quark Drive|[silent]\n|\n|-heal|p2a: Great Tusk|60\/100|[from] item: Leftovers\n|upkeep\n|inactive|ayaan0908 has 120 seconds left.\n|\n|t:|1699714773\n|switch|p1a: Flutter Mane|Flutter Mane, shiny|100\/100\n|-damage|p1a: Flutter Mane|88\/100|[from] Stealth Rock\n|turn|12\n|inactive|boi in the back has 120 seconds left.\n|\n|t:|1699714805\n|move|p2a: Great Tusk|Headlong Rush|p1a: Flutter Mane\n|-damage|p1a: Flutter Mane|0 fnt\n|-unboost|p2a: Great Tusk|def|1\n|-unboost|p2a: Great Tusk|spd|1\n|faint|p1a: Flutter Mane\n|-end|p1a: Flutter Mane|Protosynthesis|[silent]\n|\n|-heal|p2a: Great Tusk|66\/100|[from] item: Leftovers\n|upkeep\n|\n|t:|1699714812\n|switch|p1a: Zacian|Zacian-Crowned, shiny|100\/100\n|-damage|p1a: Zacian|94\/100|[from] Stealth Rock\n|-ability|p1a: Zacian|Intrepid Sword|boost\n|-boost|p1a: Zacian|atk|1\n|turn|13\n|\n|t:|1699714817\n|move|p2a: Great Tusk|Headlong Rush|p1a: Zacian\n|-supereffective|p1a: Zacian\n|-damage|p1a: Zacian|0 fnt\n|-unboost|p2a: Great Tusk|def|1\n|-unboost|p2a: Great Tusk|spd|1\n|faint|p1a: Zacian\n|\n|-heal|p2a: Great Tusk|72\/100|[from] item: Leftovers\n|-fieldend|move: Trick Room\n|upkeep\n|\n|t:|1699714822\n|switch|p1a: Koraidon|Koraidon|100\/100\n|-damage|p1a: Koraidon|94\/100|[from] Stealth Rock\n|-weather|SunnyDay|[from] ability: Orichalcum Pulse|[of] p1a: Koraidon\n|-activate|p2a: Great Tusk|ability: Protosynthesis\n|-start|p2a: Great Tusk|protosynthesisatk\n|-activate|p1a: Koraidon|Orichalcum Pulse|[source]\n|turn|14\n|inactive|boi in the back has 120 seconds left.\n|\n|t:|1699714828\n|-end|p2a: Great Tusk|Protosynthesis|[silent]\n|switch|p2a: Brute Bonnet|Brute Bonnet|100\/100\n|-activate|p2a: Brute Bonnet|ability: Protosynthesis\n|-start|p2a: Brute Bonnet|protosynthesisatk\n|move|p1a: Koraidon|Collision Course|p2a: Brute Bonnet\n|-supereffective|p2a: Brute Bonnet\n|-damage|p2a: Brute Bonnet|0 fnt\n|faint|p2a: Brute Bonnet\n|-end|p2a: Brute Bonnet|Protosynthesis|[silent]\n|\n|-weather|SunnyDay|[upkeep]\n|upkeep\n|inactive|boi in the back has 120 seconds left.\n|\n|t:|1699714834\n|switch|p2a: Magearna|Magearna|96\/100\n|turn|15\n|inactive|boi in the back has 120 seconds left.\n|\n|t:|1699714845\n|move|p1a: Koraidon|Collision Course|p2a: Magearna\n|-crit|p2a: Magearna\n|-damage|p2a: Magearna|0 fnt\n|faint|p2a: Magearna\n|\n|-weather|SunnyDay|[upkeep]\n|upkeep\n|inactive|boi in the back has 120 seconds left.\n|\n|t:|1699714850\n|switch|p2a: Calyrex|Calyrex-Ice|100\/100\n|-ability|p2a: Calyrex|As One\n|-ability|p2a: Calyrex|Unnerve\n|turn|16\n|\n|t:|1699714863\n|-terastallize|p2a: Calyrex|Fire\n|move|p1a: Koraidon|Collision Course|p2a: Calyrex\n|-damage|p2a: Calyrex|57\/100\n|move|p2a: Calyrex|Trick Room|p2a: Calyrex\n|-fieldstart|move: Trick Room|[of] p2a: Calyrex\n|\n|-weather|SunnyDay|[upkeep]\n|upkeep\n|turn|17\n|\n|t:|1699714879\n|move|p2a: Calyrex|Glacial Lance|p1a: Koraidon\n|-supereffective|p1a: Koraidon\n|-damage|p1a: Koraidon|0 fnt\n|faint|p1a: Koraidon\n|-ability|p2a: Calyrex|Chilling Neigh|boost\n|-boost|p2a: Calyrex|atk|1\n|\n|-weather|SunnyDay|[upkeep]\n|upkeep\n|\n|t:|1699714882\n|switch|p1a: Roaring Moon|Roaring Moon, shiny|100\/100\n|-damage|p1a: Roaring Moon|88\/100|[from] Stealth Rock\n|-activate|p1a: Roaring Moon|ability: Protosynthesis\n|-start|p1a: Roaring Moon|protosynthesisspe\n|turn|18\n|\n|t:|1699714893\n|move|p2a: Calyrex|Glacial Lance|p1a: Roaring Moon\n|-supereffective|p1a: Roaring Moon\n|-damage|p1a: Roaring Moon|0 fnt\n|faint|p1a: Roaring Moon\n|-end|p1a: Roaring Moon|Protosynthesis|[silent]\n|\n|win|boi in the back\n|raw|ayaan0908's rating: 1107 &rarr; <strong>1082<\/strong><br \/>(-25 for losing)\n|raw|boi in the back's rating: 1112 &rarr; <strong>1137<\/strong><br \/>(+25 for winning)\n|l|\u2606ayaan0908\n","uploadtime":1699714901,"views":5,"p1id":"ayaan0908","p2id":"boiintheback","formatid":"gen9ubers","rating":1082,"private":0,"password":""}