{"id":"gen9ubers-1976288029","p1":"Dixian","p2":"TBalpha22","format":"[Gen 9] Ubers","log":"|j|\u2606Dixian\n|j|\u2606TBalpha22\n|t:|1698282596\n|gametype|singles\n|player|p1|Dixian|2|1114\n|player|p2|TBalpha22|juggler|1000\n|teamsize|p1|6\n|teamsize|p2|6\n|gen|9\n|tier|[Gen 9] Ubers\n|rated|\n|rule|Sleep Clause Mod: Limit one foe put to sleep\n|rule|Species Clause: Limit one of each Pok\u00e9mon\n|rule|OHKO Clause: OHKO moves are banned\n|rule|Evasion Items Clause: Evasion items are banned\n|rule|Evasion Moves Clause: Evasion moves are banned\n|rule|Endless Battle Clause: Forcing endless battles is banned\n|rule|HP Percentage Mod: HP is shown in percentages\n|clearpoke\n|poke|p1|Ursaring, F|\n|poke|p1|Greninja-*, M|\n|poke|p1|Gliscor, M|\n|poke|p1|Mimikyu, M|\n|poke|p1|Talonflame, M|\n|poke|p1|Toxapex, F|\n|poke|p2|Chi-Yu|\n|poke|p2|Torkoal, M|\n|poke|p2|Walking Wake|\n|poke|p2|Masquerain, M|\n|poke|p2|Lilligant-Hisui, F|\n|poke|p2|Samurott-Hisui, F|\n|teampreview\n|c|\u2606TBalpha22|tryin something zany\n|\n|t:|1698282610\n|start\n|switch|p1a: Talonflame|Talonflame, M|100\/100\n|switch|p2a: Masquerain|Masquerain, M|100\/100\n|-ability|p2a: Masquerain|Intimidate|boost\n|-unboost|p1a: Talonflame|atk|1\n|turn|1\n|\n|t:|1698282627\n|move|p1a: Talonflame|Flame Charge|p2a: Masquerain\n|-supereffective|p2a: Masquerain\n|-damage|p2a: Masquerain|62\/100\n|-boost|p1a: Talonflame|spe|1\n|move|p2a: Masquerain|Sticky Web|p1a: Talonflame\n|-sidestart|p1: Dixian|move: Sticky Web\n|\n|upkeep\n|turn|2\n|\n|t:|1698282640\n|move|p1a: Talonflame|Brave Bird|p2a: Masquerain\n|-supereffective|p2a: Masquerain\n|-damage|p2a: Masquerain|0 fnt\n|faint|p2a: Masquerain\n|-damage|p1a: Talonflame|85\/100|[from] Recoil\n|\n|upkeep\n|\n|t:|1698282645\n|switch|p2a: Samurott|Samurott-Hisui, F|100\/100\n|turn|3\n|\n|t:|1698282650\n|move|p1a: Talonflame|U-turn|p2a: Samurott\n|-supereffective|p2a: Samurott\n|-damage|p2a: Samurott|78\/100\n|\n|t:|1698282661\n|switch|p1a: Toxapex|Toxapex, F|100\/100|[from] U-turn\n|-activate|p1a: Toxapex|move: Sticky Web\n|-unboost|p1a: Toxapex|spe|1\n|move|p2a: Samurott|Ceaseless Edge|p1a: Toxapex\n|-damage|p1a: Toxapex|50\/100\n|-sidestart|p1: Dixian|Spikes\n|-damage|p2a: Samurott|68\/100|[from] item: Life Orb\n|\n|-heal|p1a: Toxapex|56\/100|[from] item: Leftovers\n|upkeep\n|turn|4\n|\n|t:|1698282680\n|move|p1a: Toxapex|Baneful Bunker|p1a: Toxapex\n|-singleturn|p1a: Toxapex|move: Protect\n|move|p2a: Samurott|Knock Off|p1a: Toxapex\n|-activate|p1a: Toxapex|move: Protect\n|-status|p2a: Samurott|psn\n|\n|-heal|p1a: Toxapex|62\/100|[from] item: Leftovers\n|-damage|p2a: Samurott|56\/100 psn|[from] psn\n|upkeep\n|turn|5\n|\n|t:|1698282704\n|move|p2a: Samurott|Knock Off|p1a: Toxapex\n|-damage|p1a: Toxapex|18\/100\n|-enditem|p1a: Toxapex|Leftovers|[from] move: Knock Off|[of] p2a: Samurott\n|-damage|p2a: Samurott|46\/100 psn|[from] item: Life Orb\n|move|p1a: Toxapex|Recover|p1a: Toxapex\n|-heal|p1a: Toxapex|68\/100\n|\n|-damage|p2a: Samurott|33\/100 psn|[from] psn\n|upkeep\n|turn|6\n|\n|t:|1698282716\n|switch|p2a: Lilligant|Lilligant-Hisui, F|100\/100\n|move|p1a: Toxapex|Recover|p1a: Toxapex\n|-heal|p1a: Toxapex|100\/100\n|\n|upkeep\n|turn|7\n|\n|t:|1698282728\n|move|p2a: Lilligant|Victory Dance|p2a: Lilligant\n|-boost|p2a: Lilligant|atk|1\n|-boost|p2a: Lilligant|def|1\n|-boost|p2a: Lilligant|spe|1\n|move|p1a: Toxapex|Toxic Spikes|p2a: Lilligant\n|-sidestart|p2: TBalpha22|move: Toxic Spikes\n|\n|upkeep\n|turn|8\n|\n|t:|1698282740\n|move|p1a: Toxapex|Baneful Bunker|p1a: Toxapex\n|-singleturn|p1a: Toxapex|move: Protect\n|move|p2a: Lilligant|Victory Dance|p2a: Lilligant\n|-boost|p2a: Lilligant|atk|1\n|-boost|p2a: Lilligant|def|1\n|-boost|p2a: Lilligant|spe|1\n|\n|upkeep\n|turn|9\n|\n|t:|1698282748\n|move|p2a: Lilligant|Solar Blade||[still]\n|-prepare|p2a: Lilligant|Solar Blade\n|move|p1a: Toxapex|Liquidation|p2a: Lilligant\n|-resisted|p2a: Lilligant\n|-damage|p2a: Lilligant|92\/100\n|\n|upkeep\n|turn|10\n|\n|t:|1698282755\n|move|p1a: Toxapex|Baneful Bunker|p1a: Toxapex\n|-singleturn|p1a: Toxapex|move: Protect\n|move|p2a: Lilligant|Solar Blade|p1a: Toxapex|[from]lockedmove\n|-activate|p1a: Toxapex|move: Protect\n|-status|p2a: Lilligant|psn\n|\n|-damage|p2a: Lilligant|80\/100 psn|[from] psn\n|upkeep\n|turn|11\n|c|\u2606TBalpha22|i forgot to set up sun lol\n|\n|t:|1698282773\n|move|p2a: Lilligant|Trailblaze|p1a: Toxapex\n|-crit|p1a: Toxapex\n|-damage|p1a: Toxapex|45\/100\n|-boost|p2a: Lilligant|spe|1\n|move|p1a: Toxapex|Liquidation|p2a: Lilligant\n|-resisted|p2a: Lilligant\n|-crit|p2a: Lilligant\n|-damage|p2a: Lilligant|57\/100 psn\n|-unboost|p2a: Lilligant|def|1\n|\n|-damage|p2a: Lilligant|45\/100 psn|[from] psn\n|upkeep\n|turn|12\n|\n|t:|1698282790\n|move|p2a: Lilligant|Victory Dance|p2a: Lilligant\n|-boost|p2a: Lilligant|atk|1\n|-boost|p2a: Lilligant|def|1\n|-boost|p2a: Lilligant|spe|1\n|move|p1a: Toxapex|Liquidation|p2a: Lilligant\n|-resisted|p2a: Lilligant\n|-crit|p2a: Lilligant\n|-damage|p2a: Lilligant|24\/100 psn\n|\n|-damage|p2a: Lilligant|11\/100 psn|[from] psn\n|upkeep\n|turn|13\n|\n|t:|1698282803\n|move|p2a: Lilligant|Trailblaze|p1a: Toxapex\n|-damage|p1a: Toxapex|0 fnt\n|-boost|p2a: Lilligant|spe|1\n|faint|p1a: Toxapex\n|\n|-damage|p2a: Lilligant|0 fnt|[from] psn\n|faint|p2a: Lilligant\n|upkeep\n|\n|t:|1698282826\n|switch|p2a: Torkoal|Torkoal, M|100\/100\n|switch|p1a: Talonflame|Talonflame, M|85\/100\n|-weather|SunnyDay|[from] ability: Drought|[of] p2a: Torkoal\n|turn|14\n|\n|t:|1698282835\n|move|p1a: Talonflame|U-turn|p2a: Torkoal\n|-resisted|p2a: Torkoal\n|-damage|p2a: Torkoal|96\/100\n|\n|t:|1698282838\n|switch|p1a: Gliscor|Gliscor, M|100\/100|[from] U-turn\n|move|p2a: Torkoal|Rapid Spin|p1a: Gliscor\n|-damage|p1a: Gliscor|95\/100\n|-boost|p2a: Torkoal|spe|1\n|-sideend|p2: TBalpha22|Toxic Spikes|[from] move: Rapid Spin|[of] p2a: Torkoal\n|\n|-weather|SunnyDay|[upkeep]\n|-status|p1a: Gliscor|tox|[from] item: Toxic Orb\n|upkeep\n|turn|15\n|\n|t:|1698282854\n|move|p1a: Gliscor|Substitute|p1a: Gliscor\n|-start|p1a: Gliscor|Substitute\n|-damage|p1a: Gliscor|70\/100 tox\n|move|p2a: Torkoal|Solar Beam||[still]\n|-prepare|p2a: Torkoal|Solar Beam\n|-anim|p2a: Torkoal|Solar Beam|p1a: Gliscor\n|-end|p1a: Gliscor|Substitute\n|\n|-weather|SunnyDay|[upkeep]\n|-heal|p1a: Gliscor|82\/100 tox|[from] ability: Poison Heal\n|upkeep\n|turn|16\n|\n|t:|1698282865\n|move|p1a: Gliscor|Toxic|p2a: Torkoal\n|-status|p2a: Torkoal|tox\n|move|p2a: Torkoal|Solar Beam||[still]\n|-prepare|p2a: Torkoal|Solar Beam\n|-anim|p2a: Torkoal|Solar Beam|p1a: Gliscor\n|-damage|p1a: Gliscor|42\/100 tox\n|\n|-weather|SunnyDay|[upkeep]\n|-heal|p1a: Gliscor|54\/100 tox|[from] ability: Poison Heal\n|-damage|p2a: Torkoal|90\/100 tox|[from] psn\n|upkeep\n|turn|17\n|\n|t:|1698282882\n|switch|p2a: Walking Wake|Walking Wake|100\/100\n|-activate|p2a: Walking Wake|ability: Protosynthesis\n|-start|p2a: Walking Wake|protosynthesisspa\n|move|p1a: Gliscor|Protect||[still]\n|-fail|p1a: Gliscor\n|\n|-weather|SunnyDay|[upkeep]\n|-heal|p1a: Gliscor|67\/100 tox|[from] ability: Poison Heal\n|upkeep\n|turn|18\n|\n|t:|1698282899\n|move|p1a: Gliscor|Protect|p1a: Gliscor\n|-singleturn|p1a: Gliscor|Protect\n|move|p2a: Walking Wake|Hydro Steam|p1a: Gliscor\n|-activate|p1a: Gliscor|move: Protect\n|\n|-weather|none\n|-end|p2a: Walking Wake|Protosynthesis\n|-heal|p1a: Gliscor|79\/100 tox|[from] ability: Poison Heal\n|upkeep\n|turn|19\n|\n|t:|1698282915\n|move|p2a: Walking Wake|Scald|p1a: Gliscor\n|-supereffective|p1a: Gliscor\n|-crit|p1a: Gliscor\n|-damage|p1a: Gliscor|0 fnt\n|faint|p1a: Gliscor\n|-damage|p2a: Walking Wake|91\/100|[from] item: Life Orb\n|\n|upkeep\n|\n|t:|1698282935\n|switch|p1a: Ursaring|Ursaring, F|100\/100\n|-activate|p1a: Ursaring|move: Sticky Web\n|-unboost|p1a: Ursaring|spe|1\n|-damage|p1a: Ursaring|88\/100|[from] Spikes\n|turn|20\n|\n|t:|1698282944\n|move|p2a: Walking Wake|Scald|p1a: Ursaring\n|-damage|p1a: Ursaring|26\/100\n|-damage|p2a: Walking Wake|81\/100|[from] item: Life Orb\n|move|p1a: Ursaring|Trailblaze|p2a: Walking Wake\n|-damage|p2a: Walking Wake|60\/100\n|-boost|p1a: Ursaring|spe|1\n|\n|-status|p1a: Ursaring|tox|[from] item: Toxic Orb\n|upkeep\n|turn|21\n|\n|t:|1698282961\n|move|p2a: Walking Wake|Scald|p1a: Ursaring\n|-damage|p1a: Ursaring|0 fnt\n|faint|p1a: Ursaring\n|-damage|p2a: Walking Wake|50\/100|[from] item: Life Orb\n|\n|upkeep\n|\n|t:|1698282971\n|switch|p1a: Greninja|Greninja, M|100\/100\n|-activate|p1a: Greninja|move: Sticky Web\n|-unboost|p1a: Greninja|spe|1\n|-damage|p1a: Greninja|88\/100|[from] Spikes\n|turn|22\n|\n|t:|1698282978\n|move|p2a: Walking Wake|Scald|p1a: Greninja\n|-resisted|p1a: Greninja\n|-damage|p1a: Greninja|47\/100\n|-damage|p2a: Walking Wake|41\/100|[from] item: Life Orb\n|move|p1a: Greninja|Grass Knot|p2a: Walking Wake\n|-start|p1a: Greninja|typechange|Grass|[from] ability: Protean\n|-damage|p2a: Walking Wake|0 fnt\n|faint|p2a: Walking Wake\n|-end|p2a: Walking Wake|Protosynthesis|[silent]\n|\n|upkeep\n|\n|t:|1698282989\n|switch|p2a: Samurott|Samurott-Hisui, F|33\/100 psn\n|turn|23\n|\n|t:|1698283004\n|-terastallize|p1a: Greninja|Water\n|move|p1a: Greninja|Water Shuriken|p2a: Samurott\n|-resisted|p2a: Samurott\n|-damage|p2a: Samurott|28\/100 psn\n|-resisted|p2a: Samurott\n|-damage|p2a: Samurott|23\/100 psn\n|-resisted|p2a: Samurott\n|-damage|p2a: Samurott|17\/100 psn\n|-hitcount|p2a: Samurott|3\n|move|p2a: Samurott|Ceaseless Edge|p1a: Greninja\n|-damage|p1a: Greninja|0 fnt\n|-sidestart|p1: Dixian|Spikes\n|faint|p1a: Greninja\n|-damage|p2a: Samurott|7\/100 psn|[from] item: Life Orb\n|\n|-damage|p2a: Samurott|0 fnt|[from] psn\n|faint|p2a: Samurott\n|upkeep\n|\n|t:|1698283029\n|switch|p1a: Mimikyu|Mimikyu, M|100\/100\n|switch|p2a: Torkoal|Torkoal, M|90\/100 tox\n|-activate|p1a: Mimikyu|move: Sticky Web\n|-unboost|p1a: Mimikyu|spe|1\n|-damage|p1a: Mimikyu|84\/100|[from] Spikes\n|-weather|SunnyDay|[from] ability: Drought|[of] p2a: Torkoal\n|turn|24\n|\n|t:|1698283043\n|move|p1a: Mimikyu|Swords Dance|p1a: Mimikyu\n|-boost|p1a: Mimikyu|atk|2\n|move|p2a: Torkoal|Solar Beam||[still]\n|-prepare|p2a: Torkoal|Solar Beam\n|-anim|p2a: Torkoal|Solar Beam|p1a: Mimikyu\n|-activate|p1a: Mimikyu|ability: Disguise\n|-damage|p1a: Mimikyu|84\/100\n|detailschange|p1a: Mimikyu|Mimikyu-Busted, M\n|-damage|p1a: Mimikyu|72\/100|[from] pokemon: Mimikyu-Busted\n|\n|-weather|SunnyDay|[upkeep]\n|-damage|p2a: Torkoal|84\/100 tox|[from] psn\n|upkeep\n|turn|25\n|\n|t:|1698283057\n|move|p1a: Mimikyu|Drain Punch|p2a: Torkoal\n|-damage|p2a: Torkoal|47\/100 tox\n|-heal|p1a: Mimikyu|97\/100|[from] drain|[of] p2a: Torkoal\n|-damage|p1a: Mimikyu|87\/100|[from] item: Life Orb\n|move|p2a: Torkoal|Solar Beam||[still]\n|-prepare|p2a: Torkoal|Solar Beam\n|-anim|p2a: Torkoal|Solar Beam|p1a: Mimikyu\n|-damage|p1a: Mimikyu|44\/100\n|\n|-weather|SunnyDay|[upkeep]\n|-damage|p2a: Torkoal|34\/100 tox|[from] psn\n|upkeep\n|turn|26\n|\n|t:|1698283070\n|move|p1a: Mimikyu|Drain Punch|p2a: Torkoal\n|-damage|p2a: Torkoal|0 fnt\n|-heal|p1a: Mimikyu|67\/100|[from] drain|[of] p2a: Torkoal\n|faint|p2a: Torkoal\n|-damage|p1a: Mimikyu|57\/100|[from] item: Life Orb\n|\n|-weather|SunnyDay|[upkeep]\n|upkeep\n|\n|t:|1698283072\n|switch|p2a: Chi-Yu|Chi-Yu|100\/100\n|-ability|p2a: Chi-Yu|Beads of Ruin\n|turn|27\n|\n|t:|1698283095\n|-terastallize|p2a: Chi-Yu|Fire\n|move|p2a: Chi-Yu|Dark Pulse|p1a: Mimikyu\n|-damage|p1a: Mimikyu|0 fnt\n|faint|p1a: Mimikyu\n|\n|-weather|SunnyDay|[upkeep]\n|upkeep\n|\n|t:|1698283104\n|switch|p1a: Talonflame|Talonflame, M|85\/100\n|turn|28\n|\n|t:|1698283110\n|move|p2a: Chi-Yu|Dark Pulse|p1a: Talonflame\n|-damage|p1a: Talonflame|39\/100\n|move|p1a: Talonflame|Brave Bird|p2a: Chi-Yu\n|-damage|p2a: Chi-Yu|43\/100\n|-damage|p1a: Talonflame|25\/100|[from] Recoil\n|\n|-weather|none\n|upkeep\n|turn|29\n|\n|t:|1698283120\n|move|p2a: Chi-Yu|Dark Pulse|p1a: Talonflame\n|-damage|p1a: Talonflame|0 fnt\n|faint|p1a: Talonflame\n|\n|win|TBalpha22\n|raw|Dixian's rating: 1114 &rarr; <strong>1081<\/strong><br \/>(-33 for losing)\n|raw|TBalpha22's rating: 1000 &rarr; <strong>1053<\/strong><br \/>(+53 for winning)\n|c|\u2606TBalpha22|gg\n","uploadtime":1698283128,"views":12,"p1id":"dixian","p2id":"tbalpha22","formatid":"gen9ubers","rating":1053,"private":0,"password":""}