{"id":"gen9ubers-1975768258","p1":"kloken","p2":"Anne Frankkkk","format":"[Gen 9] Ubers","log":"|j|\u2606kloken\n|j|\u2606Anne Frankkkk\n|t:|1698235941\n|gametype|singles\n|player|p1|kloken|169|1211\n|player|p2|Anne Frankkkk|hilbert|1170\n|teamsize|p1|6\n|teamsize|p2|6\n|gen|9\n|tier|[Gen 9] Ubers\n|rated|\n|rule|Sleep Clause Mod: Limit one foe put to sleep\n|rule|Species Clause: Limit one of each Pok\u00e9mon\n|rule|OHKO Clause: OHKO moves are banned\n|rule|Evasion Items Clause: Evasion items are banned\n|rule|Evasion Moves Clause: Evasion moves are banned\n|rule|Endless Battle Clause: Forcing endless battles is banned\n|rule|HP Percentage Mod: HP is shown in percentages\n|clearpoke\n|poke|p1|Annihilape, M|\n|poke|p1|Espathra, M|\n|poke|p1|Palafin, F|\n|poke|p1|Chi-Yu|\n|poke|p1|Gholdengo|\n|poke|p1|Flutter Mane|\n|poke|p2|Iron Hands|\n|poke|p2|Kyogre|\n|poke|p2|Chien-Pao|\n|poke|p2|Ribombee, M|\n|poke|p2|Miraidon|\n|poke|p2|Flutter Mane|\n|teampreview\n|inactive|Battle timer is ON: inactive players will automatically lose when time's up. (requested by Anne Frankkkk)\n|\n|t:|1698235961\n|start\n|switch|p1a: Gholdengo|Gholdengo|100\/100\n|switch|p2a: Ribombee|Ribombee, M, shiny|100\/100\n|turn|1\n|\n|t:|1698235967\n|move|p1a: Gholdengo|Trick|p2a: Ribombee\n|-activate|p1a: Gholdengo|move: Trick|[of] p2a: Ribombee\n|-item|p2a: Ribombee|Choice Scarf|[from] move: Trick\n|-item|p1a: Gholdengo|Focus Sash|[from] move: Trick\n|move|p2a: Ribombee|Sticky Web|p1a: Gholdengo\n|-sidestart|p1: kloken|move: Sticky Web\n|\n|upkeep\n|turn|2\n|\n|t:|1698235980\n|switch|p2a: Flutter Mane|Flutter Mane, shiny|100\/100\n|-enditem|p2a: Flutter Mane|Booster Energy\n|-activate|p2a: Flutter Mane|ability: Protosynthesis|[fromitem]\n|-start|p2a: Flutter Mane|protosynthesisspe\n|switch|p1a: Espathra|Espathra, M|100\/100\n|-activate|p1a: Espathra|move: Sticky Web\n|-unboost|p1a: Espathra|spe|1\n|\n|upkeep\n|turn|3\n|\n|t:|1698235990\n|-terastallize|p1a: Espathra|Fairy\n|move|p1a: Espathra|Protect|p1a: Espathra\n|-singleturn|p1a: Espathra|Protect\n|move|p2a: Flutter Mane|Calm Mind|p2a: Flutter Mane\n|-boost|p2a: Flutter Mane|spa|1\n|-boost|p2a: Flutter Mane|spd|1\n|\n|-ability|p1a: Espathra|Speed Boost|boost\n|-boost|p1a: Espathra|spe|1\n|upkeep\n|turn|4\n|\n|t:|1698235999\n|move|p2a: Flutter Mane|Moonblast|p1a: Espathra\n|-damage|p1a: Espathra|0 fnt\n|faint|p1a: Espathra\n|\n|upkeep\n|\n|t:|1698236005\n|switch|p1a: Flutter Mane|Flutter Mane|100\/100\n|-activate|p1a: Flutter Mane|move: Sticky Web\n|-unboost|p1a: Flutter Mane|spe|1\n|-enditem|p1a: Flutter Mane|Booster Energy\n|-activate|p1a: Flutter Mane|ability: Protosynthesis|[fromitem]\n|-start|p1a: Flutter Mane|protosynthesisspa\n|turn|5\n|\n|t:|1698236008\n|move|p2a: Flutter Mane|Moonblast|p1a: Flutter Mane\n|-damage|p1a: Flutter Mane|25\/100\n|move|p1a: Flutter Mane|Shadow Ball|p2a: Flutter Mane\n|-supereffective|p2a: Flutter Mane\n|-damage|p2a: Flutter Mane|18\/100\n|\n|upkeep\n|turn|6\n|\n|t:|1698236016\n|move|p2a: Flutter Mane|Moonblast|p1a: Flutter Mane\n|-damage|p1a: Flutter Mane|0 fnt\n|faint|p1a: Flutter Mane\n|-end|p1a: Flutter Mane|Protosynthesis|[silent]\n|\n|upkeep\n|\n|t:|1698236020\n|switch|p1a: Palafin|Palafin, F|100\/100\n|-activate|p1a: Palafin|move: Sticky Web\n|-unboost|p1a: Palafin|spe|1\n|turn|7\n|\n|t:|1698236029\n|-end|p2a: Flutter Mane|Protosynthesis|[silent]\n|switch|p2a: Iron Hands|Iron Hands, shiny|100\/100\n|move|p1a: Palafin|Jet Punch|p2a: Iron Hands\n|-damage|p2a: Iron Hands|83\/100\n|-damage|p1a: Palafin|91\/100|[from] item: Life Orb\n|\n|upkeep\n|turn|8\n|\n|t:|1698236038\n|move|p1a: Palafin|Flip Turn|p2a: Iron Hands\n|-damage|p2a: Iron Hands|67\/100\n|-damage|p1a: Palafin|81\/100|[from] item: Life Orb\n|\n|t:|1698236043\n|detailschange|p1a: Palafin|Palafin-Hero, F\n|switch|p1a: Chi-Yu|Chi-Yu|100\/100|[from] Flip Turn\n|-activate|p1a: Chi-Yu|move: Sticky Web\n|-unboost|p1a: Chi-Yu|spe|1\n|-ability|p1a: Chi-Yu|Beads of Ruin\n|move|p2a: Iron Hands|Wild Charge|p1a: Chi-Yu\n|-damage|p1a: Chi-Yu|19\/100\n|-damage|p2a: Iron Hands|57\/100|[from] Recoil\n|\n|upkeep\n|turn|9\n|\n|t:|1698236049\n|move|p1a: Chi-Yu|Flamethrower|p2a: Iron Hands\n|-damage|p2a: Iron Hands|13\/100\n|move|p2a: Iron Hands|Drain Punch|p1a: Chi-Yu\n|-supereffective|p1a: Chi-Yu\n|-damage|p1a: Chi-Yu|0 fnt\n|-heal|p2a: Iron Hands|17\/100|[from] drain|[of] p1a: Chi-Yu\n|faint|p1a: Chi-Yu\n|\n|upkeep\n|\n|t:|1698236054\n|switch|p1a: Palafin|Palafin-Hero, F|81\/100\n|-activate|p1a: Palafin|move: Sticky Web\n|-unboost|p1a: Palafin|spe|1\n|-activate|p1a: Palafin|ability: Zero to Hero\n|turn|10\n|\n|t:|1698236059\n|move|p1a: Palafin|Bulk Up|p1a: Palafin\n|-boost|p1a: Palafin|atk|1\n|-boost|p1a: Palafin|def|1\n|move|p2a: Iron Hands|Drain Punch|p1a: Palafin\n|-damage|p1a: Palafin|51\/100\n|-heal|p2a: Iron Hands|27\/100|[from] drain|[of] p1a: Palafin\n|\n|upkeep\n|turn|11\n|\n|t:|1698236063\n|move|p1a: Palafin|Jet Punch|p2a: Iron Hands\n|-damage|p2a: Iron Hands|0 fnt\n|faint|p2a: Iron Hands\n|-end|p2a: Iron Hands|Quark Drive|[silent]\n|-damage|p1a: Palafin|41\/100|[from] item: Life Orb\n|\n|upkeep\n|\n|t:|1698236074\n|switch|p2a: Ribombee|Ribombee, M, shiny|100\/100\n|turn|12\n|\n|t:|1698236078\n|move|p1a: Palafin|Jet Punch|p2a: Ribombee\n|-damage|p2a: Ribombee|0 fnt\n|faint|p2a: Ribombee\n|-damage|p1a: Palafin|31\/100|[from] item: Life Orb\n|\n|upkeep\n|\n|t:|1698236084\n|switch|p2a: Chien-Pao|Chien-Pao|100\/100\n|-ability|p2a: Chien-Pao|Sword of Ruin\n|turn|13\n|\n|t:|1698236088\n|move|p2a: Chien-Pao|Sucker Punch|p1a: Palafin\n|-damage|p1a: Palafin|0 fnt\n|faint|p1a: Palafin\n|-damage|p2a: Chien-Pao|91\/100|[from] item: Life Orb\n|\n|upkeep\n|\n|t:|1698236092\n|switch|p1a: Gholdengo|Gholdengo|100\/100\n|-activate|p1a: Gholdengo|move: Sticky Web\n|-unboost|p1a: Gholdengo|spe|1\n|turn|14\n|\n|t:|1698236096\n|move|p2a: Chien-Pao|Ice Spinner|p1a: Gholdengo\n|-resisted|p1a: Gholdengo\n|-damage|p1a: Gholdengo|62\/100\n|-damage|p2a: Chien-Pao|81\/100|[from] item: Life Orb\n|move|p1a: Gholdengo|Make It Rain|p2a: Chien-Pao\n|-supereffective|p2a: Chien-Pao\n|-damage|p2a: Chien-Pao|0 fnt\n|-unboost|p1a: Gholdengo|spa|1\n|faint|p2a: Chien-Pao\n|\n|upkeep\n|\n|t:|1698236100\n|switch|p2a: Kyogre|Kyogre|100\/100\n|-weather|RainDance|[from] ability: Drizzle|[of] p2a: Kyogre\n|turn|15\n|\n|t:|1698236104\n|-terastallize|p2a: Kyogre|Water\n|move|p2a: Kyogre|Water Spout|p1a: Gholdengo\n|-damage|p1a: Gholdengo|0 fnt\n|faint|p1a: Gholdengo\n|\n|-weather|RainDance|[upkeep]\n|upkeep\n|\n|t:|1698236109\n|switch|p1a: Annihilape|Annihilape, M|100\/100\n|-activate|p1a: Annihilape|move: Sticky Web\n|-unboost|p1a: Annihilape|spe|1\n|-ability|p1a: Annihilape|Defiant|boost\n|-boost|p1a: Annihilape|atk|2\n|turn|16\n|\n|t:|1698236111\n|move|p2a: Kyogre|Water Spout|p1a: Annihilape\n|-damage|p1a: Annihilape|0 fnt\n|faint|p1a: Annihilape\n|\n|win|Anne Frankkkk\n|raw|kloken's rating: 1211 &rarr; <strong>1183<\/strong><br \/>(-28 for losing)\n|raw|Anne Frankkkk's rating: 1170 &rarr; <strong>1198<\/strong><br \/>(+28 for winning)\n|l|\u2606kloken\n","uploadtime":1698236118,"views":9,"p1id":"kloken","p2id":"annefrankkkk","formatid":"gen9ubers","rating":1183,"private":0,"password":""}