{"id":"gen9ubers-1971543389","p1":"TheuSun","p2":"quetzalxxx","format":"[Gen 9] Ubers","log":"|j|\u2606TheuSun\n|j|\u2606quetzalxxx\n|t:|1697746981\n|gametype|singles\n|player|p1|TheuSun|cynthia|\n|player|p2|quetzalxxx|giovanni|\n|teamsize|p1|6\n|teamsize|p2|6\n|gen|9\n|tier|[Gen 9] Ubers\n|rule|Sleep Clause Mod: Limit one foe put to sleep\n|rule|Species Clause: Limit one of each Pok\u00e9mon\n|rule|OHKO Clause: OHKO moves are banned\n|rule|Evasion Items Clause: Evasion items are banned\n|rule|Evasion Moves Clause: Evasion moves are banned\n|rule|Endless Battle Clause: Forcing endless battles is banned\n|rule|HP Percentage Mod: HP is shown in percentages\n|clearpoke\n|poke|p1|Flutter Mane|\n|poke|p1|Lilligant, F|\n|poke|p1|Eelektross, F|\n|poke|p1|Garchomp, M|\n|poke|p1|Volcanion|\n|poke|p1|Gastrodon, F|\n|poke|p2|Charizard, M|\n|poke|p2|Raichu-Alola, F|\n|poke|p2|Primeape, M|\n|poke|p2|Muk-Alola, F|\n|poke|p2|Groudon|\n|poke|p2|Chien-Pao|\n|teampreview\n|\n|t:|1697746992\n|start\n|switch|p1a: Eelektross|Eelektross, F|100\/100\n|switch|p2a: Groudon|Groudon|100\/100\n|-weather|SunnyDay|[from] ability: Drought|[of] p2a: Groudon\n|turn|1\n|\n|t:|1697747005\n|switch|p2a: Muk|Muk-Alola, F|100\/100\n|move|p1a: Eelektross|Coil|p1a: Eelektross\n|-boost|p1a: Eelektross|atk|1\n|-boost|p1a: Eelektross|def|1\n|-boost|p1a: Eelektross|accuracy|1\n|\n|-weather|SunnyDay|[upkeep]\n|upkeep\n|turn|2\n|\n|t:|1697747015\n|move|p1a: Eelektross|Coil|p1a: Eelektross\n|-boost|p1a: Eelektross|atk|1\n|-boost|p1a: Eelektross|def|1\n|-boost|p1a: Eelektross|accuracy|1\n|move|p2a: Muk|Gunk Shot|p1a: Eelektross|[miss]\n|-miss|p2a: Muk|p1a: Eelektross\n|\n|-weather|SunnyDay|[upkeep]\n|upkeep\n|turn|3\n|\n|t:|1697747029\n|move|p2a: Muk|Clear Smog|p1a: Eelektross\n|-damage|p1a: Eelektross|89\/100\n|-clearboost|p1a: Eelektross\n|move|p1a: Eelektross|Drain Punch|p2a: Muk\n|-damage|p2a: Muk|80\/100\n|-heal|p1a: Eelektross|99\/100|[from] drain|[of] p2a: Muk\n|\n|-weather|SunnyDay|[upkeep]\n|-heal|p2a: Muk|86\/100|[from] item: Black Sludge\n|-heal|p1a: Eelektross|100\/100|[from] item: Leftovers\n|upkeep\n|turn|4\n|\n|t:|1697747042\n|move|p2a: Muk|Gunk Shot|p1a: Eelektross\n|-damage|p1a: Eelektross|31\/100\n|-status|p1a: Eelektross|psn\n|move|p1a: Eelektross|Coil|p1a: Eelektross\n|-boost|p1a: Eelektross|atk|1\n|-boost|p1a: Eelektross|def|1\n|-boost|p1a: Eelektross|accuracy|1\n|\n|-weather|SunnyDay|[upkeep]\n|-heal|p2a: Muk|93\/100|[from] item: Black Sludge\n|-heal|p1a: Eelektross|37\/100 psn|[from] item: Leftovers\n|-damage|p1a: Eelektross|25\/100 psn|[from] psn\n|upkeep\n|turn|5\n|\n|t:|1697747078\n|switch|p1a: Kary|Gastrodon, F|100\/100\n|move|p2a: Muk|Clear Smog|p1a: Kary\n|-resisted|p1a: Kary\n|-damage|p1a: Kary|97\/100\n|-clearboost|p1a: Kary\n|\n|-weather|none\n|-heal|p2a: Muk|99\/100|[from] item: Black Sludge\n|upkeep\n|turn|6\n|\n|t:|1697747091\n|move|p2a: Muk|Gunk Shot|p1a: Kary|[miss]\n|-miss|p2a: Muk|p1a: Kary\n|move|p1a: Kary|Stealth Rock|p2a: Muk\n|-sidestart|p2: quetzalxxx|move: Stealth Rock\n|\n|-heal|p2a: Muk|100\/100|[from] item: Black Sludge\n|upkeep\n|turn|7\n|\n|t:|1697747106\n|move|p2a: Muk|Drain Punch|p1a: Kary\n|-damage|p1a: Kary|68\/100\n|move|p1a: Kary|Stealth Rock||[still]\n|-fail|p1a: Kary\n|\n|upkeep\n|turn|8\n|\n|t:|1697747118\n|move|p2a: Muk|Gunk Shot|p1a: Kary\n|-resisted|p1a: Kary\n|-damage|p1a: Kary|37\/100\n|-status|p1a: Kary|psn\n|move|p1a: Kary|Recover|p1a: Kary\n|-heal|p1a: Kary|87\/100 psn\n|\n|-damage|p1a: Kary|75\/100 psn|[from] psn\n|upkeep\n|turn|9\n|\n|t:|1697747129\n|move|p2a: Muk|Gunk Shot|p1a: Kary\n|-resisted|p1a: Kary\n|-damage|p1a: Kary|44\/100 psn\n|move|p1a: Kary|Earthquake|p2a: Muk\n|-supereffective|p2a: Muk\n|-damage|p2a: Muk|41\/100\n|\n|-heal|p2a: Muk|47\/100|[from] item: Black Sludge\n|-damage|p1a: Kary|31\/100 psn|[from] psn\n|upkeep\n|turn|10\n|\n|t:|1697747143\n|move|p2a: Muk|Drain Punch|p1a: Kary\n|-damage|p1a: Kary|4\/100 psn\n|-heal|p2a: Muk|61\/100|[from] drain|[of] p1a: Kary\n|move|p1a: Kary|Recover|p1a: Kary\n|-heal|p1a: Kary|54\/100 psn\n|\n|-heal|p2a: Muk|67\/100|[from] item: Black Sludge\n|-damage|p1a: Kary|41\/100 psn|[from] psn\n|upkeep\n|turn|11\n|\n|t:|1697747157\n|move|p2a: Muk|Gunk Shot|p1a: Kary\n|-resisted|p1a: Kary\n|-damage|p1a: Kary|9\/100 psn\n|move|p1a: Kary|Earthquake|p2a: Muk\n|-supereffective|p2a: Muk\n|-damage|p2a: Muk|12\/100\n|\n|-heal|p2a: Muk|18\/100|[from] item: Black Sludge\n|-damage|p1a: Kary|0 fnt|[from] psn\n|faint|p1a: Kary\n|upkeep\n|\n|t:|1697747173\n|switch|p1a: Garchomp|Garchomp, M|100\/100\n|turn|12\n|\n|t:|1697747182\n|move|p1a: Garchomp|Earthquake|p2a: Muk\n|-supereffective|p2a: Muk\n|-damage|p2a: Muk|0 fnt\n|faint|p2a: Muk\n|\n|upkeep\n|\n|t:|1697747194\n|switch|p2a: Chien-Pao|Chien-Pao|100\/100\n|-ability|p2a: Chien-Pao|Sword of Ruin\n|turn|13\n|\n|t:|1697747201\n|-terastallize|p1a: Garchomp|Steel\n|move|p2a: Chien-Pao|Icicle Crash|p1a: Garchomp\n|-resisted|p1a: Garchomp\n|-damage|p1a: Garchomp|70\/100\n|move|p1a: Garchomp|Iron Head|p2a: Chien-Pao\n|-supereffective|p2a: Chien-Pao\n|-damage|p2a: Chien-Pao|0 fnt\n|faint|p2a: Chien-Pao\n|\n|upkeep\n|\n|t:|1697747213\n|switch|p2a: Primeape|Primeape, M|100\/100\n|-damage|p2a: Primeape|95\/100|[from] Stealth Rock\n|turn|14\n|\n|t:|1697747221\n|switch|p1a: Flutter Mane|Flutter Mane, shiny|100\/100\n|move|p2a: Primeape|Ice Punch|p1a: Flutter Mane\n|-crit|p1a: Flutter Mane\n|-damage|p1a: Flutter Mane|40\/100\n|\n|upkeep\n|turn|15\n|\n|t:|1697747237\n|move|p1a: Flutter Mane|Moonblast|p2a: Primeape\n|-supereffective|p2a: Primeape\n|-damage|p2a: Primeape|0 fnt\n|faint|p2a: Primeape\n|\n|upkeep\n|\n|t:|1697747252\n|switch|p2a: Raichu|Raichu-Alola, F|100\/100\n|turn|16\n|\n|t:|1697747257\n|move|p1a: Flutter Mane|Phantom Force||[still]\n|-prepare|p1a: Flutter Mane|Phantom Force\n|move|p2a: Raichu|Draining Kiss|p1a: Flutter Mane|[miss]\n|-miss|p2a: Raichu|p1a: Flutter Mane\n|\n|upkeep\n|turn|17\n|\n|t:|1697747267\n|move|p1a: Flutter Mane|Phantom Force|p2a: Raichu|[from]lockedmove\n|-supereffective|p2a: Raichu\n|-damage|p2a: Raichu|18\/100\n|move|p2a: Raichu|Discharge|p1a: Flutter Mane\n|-damage|p1a: Flutter Mane|14\/100\n|\n|upkeep\n|turn|18\n|\n|t:|1697747276\n|move|p1a: Flutter Mane|Phantom Force||[still]\n|-prepare|p1a: Flutter Mane|Phantom Force\n|move|p2a: Raichu|Draining Kiss|p1a: Flutter Mane|[miss]\n|-miss|p2a: Raichu|p1a: Flutter Mane\n|\n|upkeep\n|turn|19\n|\n|t:|1697747287\n|switch|p2a: Groudon|Groudon|100\/100\n|-damage|p2a: Groudon|94\/100|[from] Stealth Rock\n|-weather|SunnyDay|[from] ability: Drought|[of] p2a: Groudon\n|-activate|p1a: Flutter Mane|ability: Protosynthesis\n|-start|p1a: Flutter Mane|protosynthesisspe\n|move|p1a: Flutter Mane|Phantom Force|p2a: Groudon|[from]lockedmove\n|-damage|p2a: Groudon|77\/100\n|\n|-weather|SunnyDay|[upkeep]\n|-status|p2a: Groudon|brn|[from] item: Flame Orb\n|upkeep\n|turn|20\n|\n|t:|1697747306\n|move|p1a: Flutter Mane|Moonblast|p2a: Groudon\n|-damage|p2a: Groudon|21\/100 brn\n|-unboost|p2a: Groudon|spa|1\n|move|p2a: Groudon|Solar Beam||[still]\n|-prepare|p2a: Groudon|Solar Beam\n|-anim|p2a: Groudon|Solar Beam|p1a: Flutter Mane\n|-damage|p1a: Flutter Mane|0 fnt\n|faint|p1a: Flutter Mane\n|-end|p1a: Flutter Mane|Protosynthesis|[silent]\n|\n|-weather|SunnyDay|[upkeep]\n|-damage|p2a: Groudon|15\/100 brn|[from] brn\n|upkeep\n|\n|t:|1697747325\n|switch|p1a: Volcanion|Volcanion|100\/100\n|turn|21\n|\n|t:|1697747331\n|move|p2a: Groudon|Earthquake|p1a: Volcanion\n|-supereffective|p1a: Volcanion\n|-damage|p1a: Volcanion|50\/100\n|move|p1a: Volcanion|Steam Eruption|p2a: Groudon\n|-supereffective|p2a: Groudon\n|-damage|p2a: Groudon|0 fnt\n|faint|p2a: Groudon\n|\n|-weather|SunnyDay|[upkeep]\n|upkeep\n|\n|t:|1697747343\n|switch|p2a: Raichu|Raichu-Alola, F|18\/100\n|turn|22\n|\n|t:|1697747352\n|move|p2a: Raichu|Discharge|p1a: Volcanion\n|-supereffective|p1a: Volcanion\n|-activate|p1a: Volcanion|item: Focus Band\n|-damage|p1a: Volcanion|1\/100\n|-status|p1a: Volcanion|par\n|move|p1a: Volcanion|Solar Beam||[still]\n|-prepare|p1a: Volcanion|Solar Beam\n|-anim|p1a: Volcanion|Solar Beam|p2a: Raichu\n|-damage|p2a: Raichu|0 fnt\n|faint|p2a: Raichu\n|\n|-weather|SunnyDay|[upkeep]\n|upkeep\n|\n|t:|1697747365\n|switch|p2a: Charizard|Charizard, M, shiny|100\/100\n|turn|23\n|\n|t:|1697747377\n|move|p2a: Charizard|Dragon Dance|p2a: Charizard\n|-boost|p2a: Charizard|atk|1\n|-boost|p2a: Charizard|spe|1\n|cant|p1a: Volcanion|par\n|\n|-weather|none\n|upkeep\n|turn|24\n|\n|t:|1697747385\n|move|p2a: Charizard|Outrage|p1a: Volcanion\n|-damage|p1a: Volcanion|0 fnt\n|faint|p1a: Volcanion\n|\n|upkeep\n|\n|t:|1697747391\n|switch|p1a: Lilligant|Lilligant, F|100\/100\n|turn|25\n|\n|t:|1697747396\n|move|p2a: Charizard|Outrage|p1a: Lilligant|[from]lockedmove\n|-damage|p1a: Lilligant|28\/100\n|-start|p2a: Charizard|confusion|[fatigue]\n|move|p1a: Lilligant|Sleep Powder|p2a: Charizard\n|-status|p2a: Charizard|slp|[from] move: Sleep Powder\n|\n|upkeep\n|turn|26\n|\n|t:|1697747407\n|cant|p2a: Charizard|slp\n|move|p1a: Lilligant|Quiver Dance|p1a: Lilligant\n|-boost|p1a: Lilligant|spa|1\n|-boost|p1a: Lilligant|spd|1\n|-boost|p1a: Lilligant|spe|1\n|\n|upkeep\n|turn|27\n|\n|t:|1697747414\n|cant|p2a: Charizard|slp\n|move|p1a: Lilligant|Quiver Dance|p1a: Lilligant\n|-boost|p1a: Lilligant|spa|1\n|-boost|p1a: Lilligant|spd|1\n|-boost|p1a: Lilligant|spe|1\n|\n|upkeep\n|turn|28\n|\n|t:|1697747422\n|move|p1a: Lilligant|Petal Dance|p2a: Charizard\n|-resisted|p2a: Charizard\n|-damage|p2a: Charizard|63\/100 slp\n|cant|p2a: Charizard|slp\n|\n|upkeep\n|turn|29\n|\n|t:|1697747435\n|move|p1a: Lilligant|Petal Dance|p2a: Charizard|[from]lockedmove\n|-resisted|p2a: Charizard\n|-damage|p2a: Charizard|19\/100 slp\n|-curestatus|p2a: Charizard|slp|[msg]\n|-activate|p2a: Charizard|confusion\n|move|p2a: Charizard|Fire Blast|p1a: Lilligant\n|-supereffective|p1a: Lilligant\n|-damage|p1a: Lilligant|0 fnt\n|faint|p1a: Lilligant\n|\n|upkeep\n|\n|t:|1697747448\n|switch|p1a: Eelektross|Eelektross, F|25\/100 psn\n|turn|30\n|\n|t:|1697747454\n|-end|p2a: Charizard|confusion\n|move|p2a: Charizard|Outrage|p1a: Eelektross\n|-damage|p1a: Eelektross|0 fnt\n|faint|p1a: Eelektross\n|\n|upkeep\n|\n|t:|1697747462\n|switch|p1a: Garchomp|Garchomp, M, tera:Steel|70\/100\n|turn|31\n|\n|t:|1697747468\n|move|p2a: Charizard|Outrage|p1a: Garchomp|[from]lockedmove\n|-resisted|p1a: Garchomp\n|-damage|p1a: Garchomp|49\/100\n|-damage|p2a: Charizard|7\/100|[from] ability: Rough Skin|[of] p1a: Garchomp\n|-damage|p2a: Charizard|0 fnt|[from] item: Rocky Helmet|[of] p1a: Garchomp\n|faint|p2a: Charizard\n|\n|win|TheuSun\n","uploadtime":1697747592,"views":14,"p1id":"theusun","p2id":"quetzalxxx","formatid":"gen9ubers","rating":0,"private":0,"password":""}