{"id":"gen9ubers-1995209243","p1":"Aeziolu","p2":"ShdwempV2","format":"[Gen 9] Ubers","log":"|j|\u2606Aeziolu\n|j|\u2606ShdwempV2\n|t:|1700534882\n|gametype|singles\n|player|p1|Aeziolu|wally|1148\n|player|p2|ShdwempV2|cynthia-masters|1235\n|teamsize|p1|6\n|teamsize|p2|6\n|gen|9\n|tier|[Gen 9] Ubers\n|rated|\n|rule|Sleep Clause Mod: Limit one foe put to sleep\n|rule|Species Clause: Limit one of each Pok\u00e9mon\n|rule|OHKO Clause: OHKO moves are banned\n|rule|Evasion Items Clause: Evasion items are banned\n|rule|Evasion Moves Clause: Evasion moves are banned\n|rule|Endless Battle Clause: Forcing endless battles is banned\n|rule|HP Percentage Mod: HP is shown in percentages\n|clearpoke\n|poke|p1|Miraidon|\n|poke|p1|Sneasler, M|\n|poke|p1|Espathra, M|\n|poke|p1|Zacian-*|\n|poke|p1|Giratina-Origin|\n|poke|p1|Arceus-Ground|\n|poke|p2|Koraidon|\n|poke|p2|Miraidon|\n|poke|p2|Arceus|\n|poke|p2|Urshifu-*, M|\n|poke|p2|Rayquaza|\n|poke|p2|Ribombee, F|\n|teampreview\n|\n|t:|1700534898\n|start\n|switch|p1a: Miraidon|Miraidon|100\/100\n|switch|p2a: Ribombee|Ribombee, F|100\/100\n|-fieldstart|move: Electric Terrain|[from] ability: Hadron Engine|[of] p1a: Miraidon\n|turn|1\n|\n|t:|1700534907\n|move|p1a: Miraidon|Electro Drift|p2a: Ribombee\n|-enditem|p2a: Ribombee|Focus Sash\n|-damage|p2a: Ribombee|1\/100\n|move|p2a: Ribombee|Sticky Web|p1a: Miraidon\n|-sidestart|p1: Aeziolu|move: Sticky Web\n|\n|upkeep\n|turn|2\n|\n|t:|1700534910\n|move|p1a: Miraidon|Electro Drift|p2a: Ribombee\n|-damage|p2a: Ribombee|0 fnt\n|faint|p2a: Ribombee\n|\n|upkeep\n|\n|t:|1700534917\n|switch|p2a: Koraidon|Koraidon|100\/100\n|-weather|SunnyDay|[from] ability: Orichalcum Pulse|[of] p2a: Koraidon\n|-activate|p2a: Koraidon|Orichalcum Pulse|[source]\n|turn|3\n|\n|t:|1700534928\n|move|p2a: Koraidon|U-turn|p1a: Miraidon\n|-damage|p1a: Miraidon|68\/100\n|\n|t:|1700534934\n|switch|p2a: Arceus|Arceus|100\/100|[from] U-turn\n|move|p1a: Miraidon|Electro Drift|p2a: Arceus\n|-damage|p2a: Arceus|44\/100\n|\n|-weather|SunnyDay|[upkeep]\n|upkeep\n|turn|4\n|\n|t:|1700534937\n|move|p2a: Arceus|Extreme Speed|p1a: Miraidon\n|-damage|p1a: Miraidon|13\/100\n|-damage|p2a: Arceus|35\/100|[from] item: Life Orb\n|move|p1a: Miraidon|Electro Drift|p2a: Arceus\n|-damage|p2a: Arceus|0 fnt\n|faint|p2a: Arceus\n|\n|-weather|SunnyDay|[upkeep]\n|upkeep\n|\n|t:|1700534940\n|switch|p2a: Rayquaza|Rayquaza, shiny|100\/100\n|-ability|p2a: Rayquaza|Air Lock\n|turn|5\n|\n|t:|1700534943\n|switch|p1a: Giratina|Giratina-Origin|100\/100\n|move|p2a: Rayquaza|Extreme Speed|p1a: Giratina\n|-immune|p1a: Giratina\n|\n|-weather|SunnyDay|[upkeep]\n|-fieldend|move: Electric Terrain\n|upkeep\n|turn|6\n|\n|t:|1700534948\n|switch|p2a: Urshifu|Urshifu, M|100\/100\n|move|p1a: Giratina|Will-O-Wisp|p2a: Urshifu\n|-status|p2a: Urshifu|brn\n|\n|-weather|SunnyDay|[upkeep]\n|-damage|p2a: Urshifu|94\/100 brn|[from] brn\n|upkeep\n|turn|7\n|\n|t:|1700534951\n|move|p2a: Urshifu|Wicked Blow|p1a: Giratina\n|-supereffective|p1a: Giratina\n|-crit|p1a: Giratina\n|-damage|p1a: Giratina|57\/100\n|move|p1a: Giratina|Hex|p2a: Urshifu\n|-resisted|p2a: Urshifu\n|-damage|p2a: Urshifu|39\/100 brn\n|\n|-weather|none\n|-damage|p2a: Urshifu|33\/100 brn|[from] brn\n|upkeep\n|turn|8\n|\n|t:|1700534959\n|switch|p1a: Miraidon|Miraidon|13\/100\n|-activate|p1a: Miraidon|move: Sticky Web\n|-unboost|p1a: Miraidon|spe|1\n|-fieldstart|move: Electric Terrain|[from] ability: Hadron Engine|[of] p1a: Miraidon\n|move|p2a: Urshifu|Wicked Blow|p1a: Miraidon\n|-crit|p1a: Miraidon\n|-damage|p1a: Miraidon|0 fnt\n|faint|p1a: Miraidon\n|\n|-damage|p2a: Urshifu|27\/100 brn|[from] brn\n|upkeep\n|\n|t:|1700534961\n|switch|p1a: Sneasler|Sneasler, M|100\/100\n|-activate|p1a: Sneasler|move: Sticky Web\n|-unboost|p1a: Sneasler|spe|1\n|-enditem|p1a: Sneasler|Electric Seed\n|-boost|p1a: Sneasler|def|1|[from] item: Electric Seed\n|turn|9\n|\n|t:|1700534965\n|move|p2a: Urshifu|Sucker Punch||[still]\n|-fail|p2a: Urshifu\n|move|p1a: Sneasler|Swords Dance|p1a: Sneasler\n|-boost|p1a: Sneasler|atk|2\n|\n|-damage|p2a: Urshifu|20\/100 brn|[from] brn\n|upkeep\n|turn|10\n|\n|t:|1700534972\n|move|p1a: Sneasler|Swords Dance|p1a: Sneasler\n|-boost|p1a: Sneasler|atk|2\n|move|p2a: Urshifu|Close Combat|p1a: Sneasler\n|-resisted|p1a: Sneasler\n|-damage|p1a: Sneasler|83\/100\n|-unboost|p2a: Urshifu|def|1\n|-unboost|p2a: Urshifu|spd|1\n|\n|-damage|p2a: Urshifu|14\/100 brn|[from] brn\n|upkeep\n|turn|11\n|\n|t:|1700534976\n|move|p1a: Sneasler|Dire Claw|p2a: Urshifu\n|-damage|p2a: Urshifu|0 fnt\n|faint|p2a: Urshifu\n|\n|upkeep\n|\n|t:|1700534979\n|switch|p2a: Rayquaza|Rayquaza, shiny|100\/100\n|-ability|p2a: Rayquaza|Air Lock\n|turn|12\n|\n|t:|1700534981\n|move|p2a: Rayquaza|Extreme Speed|p1a: Sneasler\n|-damage|p1a: Sneasler|26\/100\n|move|p1a: Sneasler|Dire Claw|p2a: Rayquaza\n|-damage|p2a: Rayquaza|0 fnt\n|faint|p2a: Rayquaza\n|\n|-fieldend|move: Electric Terrain\n|upkeep\n|\n|t:|1700534987\n|switch|p2a: Koraidon|Koraidon|100\/100\n|-weather|SunnyDay|[from] ability: Orichalcum Pulse|[of] p2a: Koraidon\n|-activate|p2a: Koraidon|Orichalcum Pulse|[source]\n|turn|13\n|\n|t:|1700534993\n|move|p2a: Koraidon|Flare Blitz|p1a: Sneasler\n|-damage|p1a: Sneasler|0 fnt\n|faint|p1a: Sneasler\n|-damage|p2a: Koraidon|93\/100|[from] Recoil\n|\n|-weather|SunnyDay|[upkeep]\n|upkeep\n|\n|t:|1700535000\n|switch|p1a: Giratina|Giratina-Origin|57\/100\n|turn|14\n|\n|t:|1700535003\n|-terastallize|p2a: Koraidon|Fire\n|move|p2a: Koraidon|Flare Blitz|p1a: Giratina\n|-resisted|p1a: Giratina\n|-damage|p1a: Giratina|16\/100\n|-damage|p2a: Koraidon|73\/100|[from] Recoil\n|move|p1a: Giratina|Draco Meteor|p2a: Koraidon\n|-damage|p2a: Koraidon|0 fnt\n|-unboost|p1a: Giratina|spa|2\n|faint|p2a: Koraidon\n|\n|-weather|SunnyDay|[upkeep]\n|upkeep\n|\n|t:|1700535005\n|switch|p2a: Miraidon|Miraidon|100\/100\n|-fieldstart|move: Electric Terrain|[from] ability: Hadron Engine|[of] p2a: Miraidon\n|turn|15\n|\n|t:|1700535011\n|move|p2a: Miraidon|Electro Drift|p1a: Giratina\n|-resisted|p1a: Giratina\n|-damage|p1a: Giratina|0 fnt\n|faint|p1a: Giratina\n|\n|-weather|SunnyDay|[upkeep]\n|upkeep\n|\n|t:|1700535015\n|switch|p1a: Arceus|Arceus-Ground|100\/100\n|-activate|p1a: Arceus|move: Sticky Web\n|-unboost|p1a: Arceus|spe|1\n|turn|16\n|-message|ShdwempV2 forfeited.\n|\n|win|Aeziolu\n|raw|Aeziolu's rating: 1148 &rarr; <strong>1179<\/strong><br \/>(+31 for winning)\n|raw|ShdwempV2's rating: 1235 &rarr; <strong>1204<\/strong><br \/>(-31 for losing)\n|l|\u2606ShdwempV2\n","uploadtime":1700535026,"views":7,"p1id":"aeziolu","p2id":"shdwempv2","formatid":"gen9ubers","rating":1179,"private":0,"password":""}