{"id":"gen9ubers-1990883196","p1":"Thebestgn9uberteam","p2":"FireboltGaming1234","format":"[Gen 9] Ubers","log":"|j|\u2606Thebestgn9uberteam\n|j|\u2606FireboltGaming1234\n|t:|1700011082\n|gametype|singles\n|player|p1|Thebestgn9uberteam|101|1000\n|player|p2|FireboltGaming1234|red|1114\n|teamsize|p1|6\n|teamsize|p2|6\n|gen|9\n|tier|[Gen 9] Ubers\n|rated|\n|rule|Sleep Clause Mod: Limit one foe put to sleep\n|rule|Species Clause: Limit one of each Pok\u00e9mon\n|rule|OHKO Clause: OHKO moves are banned\n|rule|Evasion Items Clause: Evasion items are banned\n|rule|Evasion Moves Clause: Evasion moves are banned\n|rule|Endless Battle Clause: Forcing endless battles is banned\n|rule|HP Percentage Mod: HP is shown in percentages\n|clearpoke\n|poke|p1|Samurott-Hisui, F|\n|poke|p1|Tinkaton, F|\n|poke|p1|Iron Hands|\n|poke|p1|Salamence, F|\n|poke|p1|Greninja-*, M|\n|poke|p1|Jirachi|\n|poke|p2|Roaring Moon|\n|poke|p2|Cetitan, M|\n|poke|p2|Lucario, F|\n|poke|p2|Palafin, M|\n|poke|p2|Flutter Mane|\n|poke|p2|Abomasnow, M|\n|teampreview\n|inactive|Battle timer is ON: inactive players will automatically lose when time's up. (requested by FireboltGaming1234)\n|\n|t:|1700011085\n|start\n|switch|p1a: Mad Murray|Samurott-Hisui, F|100\/100\n|switch|p2a: Palafin|Palafin, M, shiny|100\/100\n|turn|1\n|\n|t:|1700011093\n|move|p2a: Palafin|Close Combat|p1a: Mad Murray\n|-supereffective|p1a: Mad Murray\n|-damage|p1a: Mad Murray|25\/100\n|-unboost|p2a: Palafin|def|1\n|-unboost|p2a: Palafin|spd|1\n|move|p1a: Mad Murray|Ceaseless Edge|p2a: Palafin\n|-damage|p2a: Palafin|7\/100\n|-sidestart|p2: FireboltGaming1234|Spikes\n|\n|upkeep\n|turn|2\n|\n|t:|1700011102\n|move|p1a: Mad Murray|Aqua Jet|p2a: Palafin\n|-resisted|p2a: Palafin\n|-damage|p2a: Palafin|0 fnt\n|faint|p2a: Palafin\n|\n|upkeep\n|\n|t:|1700011116\n|switch|p2a: Cetitan|Cetitan, M|100\/100\n|-damage|p2a: Cetitan|88\/100|[from] Spikes\n|turn|3\n|\n|t:|1700011142\n|move|p1a: Mad Murray|Sacred Sword|p2a: Cetitan\n|-supereffective|p2a: Cetitan\n|-damage|p2a: Cetitan|12\/100\n|move|p2a: Cetitan|Belly Drum||[still]\n|-fail|p2a: Cetitan\n|\n|upkeep\n|turn|4\n|\n|t:|1700011157\n|switch|p2a: Abomasnow|Abomasnow, M|100\/100\n|-weather|Snow|[from] ability: Snow Warning|[of] p2a: Abomasnow\n|move|p1a: Mad Murray|Ceaseless Edge|p2a: Abomasnow\n|-damage|p2a: Abomasnow|65\/100\n|-sidestart|p2: FireboltGaming1234|Spikes\n|\n|-weather|Snow|[upkeep]\n|upkeep\n|turn|5\n|\n|t:|1700011168\n|switch|p1a: Jirachi|Jirachi|100\/100\n|move|p2a: Abomasnow|Wood Hammer|p1a: Jirachi\n|-resisted|p1a: Jirachi\n|-damage|p1a: Jirachi|82\/100\n|-damage|p2a: Abomasnow|58\/100|[from] Recoil\n|\n|-weather|Snow|[upkeep]\n|upkeep\n|turn|6\n|\n|t:|1700011182\n|move|p1a: Jirachi|Trick|p2a: Abomasnow\n|-activate|p1a: Jirachi|move: Trick|[of] p2a: Abomasnow\n|-item|p2a: Abomasnow|Choice Scarf|[from] move: Trick\n|-item|p1a: Jirachi|Heavy-Duty Boots|[from] move: Trick\n|move|p2a: Abomasnow|Earthquake|p1a: Jirachi\n|-supereffective|p1a: Jirachi\n|-damage|p1a: Jirachi|42\/100\n|\n|-weather|Snow|[upkeep]\n|upkeep\n|turn|7\n|\n|t:|1700011199\n|move|p1a: Jirachi|Wish|p1a: Jirachi\n|move|p2a: Abomasnow|Earthquake|p1a: Jirachi\n|-supereffective|p1a: Jirachi\n|-damage|p1a: Jirachi|3\/100\n|\n|-weather|Snow|[upkeep]\n|upkeep\n|turn|8\n|\n|t:|1700011220\n|switch|p1a: Scary Sally|Salamence, F|100\/100\n|-ability|p1a: Scary Sally|Intimidate|boost\n|-unboost|p2a: Abomasnow|atk|1\n|move|p2a: Abomasnow|Earthquake|p1a: Scary Sally\n|-immune|p1a: Scary Sally\n|\n|-weather|none\n|upkeep\n|turn|9\n|\n|t:|1700011228\n|switch|p2a: Cetitan|Cetitan, M|12\/100\n|-damage|p2a: Cetitan|0 fnt|[from] Spikes\n|faint|p2a: Cetitan\n|move|p1a: Scary Sally|Dragon Dance|p1a: Scary Sally\n|-boost|p1a: Scary Sally|atk|1\n|-boost|p1a: Scary Sally|spe|1\n|\n|upkeep\n|\n|t:|1700011236\n|switch|p2a: Flutter Mane|Flutter Mane|100\/100\n|-damage|p2a: Flutter Mane|84\/100|[from] Spikes\n|turn|10\n|\n|t:|1700011261\n|-terastallize|p1a: Scary Sally|Flying\n|move|p2a: Flutter Mane|Moonblast|p1a: Scary Sally\n|-damage|p1a: Scary Sally|46\/100\n|-unboost|p1a: Scary Sally|spa|1\n|-damage|p2a: Flutter Mane|74\/100|[from] item: Life Orb\n|move|p1a: Scary Sally|Dragon Dance|p1a: Scary Sally\n|-boost|p1a: Scary Sally|atk|1\n|-boost|p1a: Scary Sally|spe|1\n|\n|-heal|p1a: Scary Sally|52\/100|[from] item: Leftovers\n|upkeep\n|turn|11\n|\n|t:|1700011276\n|move|p1a: Scary Sally|Dual Wingbeat|p2a: Flutter Mane\n|-damage|p2a: Flutter Mane|0 fnt\n|faint|p2a: Flutter Mane\n|-end|p2a: Flutter Mane|Protosynthesis|[silent]\n|-hitcount|p2: Flutter Mane|1\n|\n|-heal|p1a: Scary Sally|58\/100|[from] item: Leftovers\n|upkeep\n|\n|t:|1700011282\n|switch|p2a: Roaring Moon|Roaring Moon|100\/100\n|-damage|p2a: Roaring Moon|84\/100|[from] Spikes\n|turn|12\n|\n|t:|1700011288\n|move|p1a: Scary Sally|Dual Wingbeat|p2a: Roaring Moon\n|-damage|p2a: Roaring Moon|20\/100\n|-damage|p2a: Roaring Moon|0 fnt\n|faint|p2a: Roaring Moon\n|-end|p2a: Roaring Moon|Protosynthesis|[silent]\n|-hitcount|p2: Roaring Moon|2\n|\n|-heal|p1a: Scary Sally|65\/100|[from] item: Leftovers\n|upkeep\n|\n|t:|1700011298\n|switch|p2a: Abomasnow|Abomasnow, M|58\/100\n|-damage|p2a: Abomasnow|42\/100|[from] Spikes\n|-weather|Snow|[from] ability: Snow Warning|[of] p2a: Abomasnow\n|turn|13\n|\n|t:|1700011313\n|move|p1a: Scary Sally|Dual Wingbeat|p2a: Abomasnow\n|-supereffective|p2a: Abomasnow\n|-damage|p2a: Abomasnow|0 fnt\n|faint|p2a: Abomasnow\n|-hitcount|p2: Abomasnow|1\n|\n|-weather|Snow|[upkeep]\n|-heal|p1a: Scary Sally|71\/100|[from] item: Leftovers\n|upkeep\n|\n|t:|1700011319\n|switch|p2a: Lucario|Lucario, F, shiny|100\/100\n|-damage|p2a: Lucario|84\/100|[from] Spikes\n|turn|14\n|\n|t:|1700011330\n|-terastallize|p2a: Lucario|Fighting\n|move|p2a: Lucario|Extreme Speed|p1a: Scary Sally\n|-damage|p1a: Scary Sally|33\/100\n|-damage|p2a: Lucario|74\/100|[from] item: Life Orb\n|move|p1a: Scary Sally|Dual Wingbeat|p2a: Lucario\n|-supereffective|p2a: Lucario\n|-damage|p2a: Lucario|0 fnt\n|faint|p2a: Lucario\n|-hitcount|p2: Lucario|1\n|\n|win|Thebestgn9uberteam\n|raw|Thebestgn9uberteam's rating: 1000 &rarr; <strong>1053<\/strong><br \/>(+53 for winning)\n|raw|FireboltGaming1234's rating: 1114 &rarr; <strong>1081<\/strong><br \/>(-33 for losing)\n|l|\u2606FireboltGaming1234\n","uploadtime":1700011350,"views":17,"p1id":"thebestgn9uberteam","p2id":"fireboltgaming1234","formatid":"gen9ubers","rating":1053,"private":0,"password":""}