{"id":"gen9ubers-1997719983","p1":"default0","p2":"Abubakrcl7","format":"[Gen 9] Ubers","log":"|j|\u2606default0\n|j|\u2606Abubakrcl7\n|inactive|Battle timer is ON: inactive players will automatically lose when time's up.\n|t:|1700845444\n|gametype|singles\n|player|p1|default0|skierf-gen4dp|\n|player|p2|Abubakrcl7|red|\n|teamsize|p1|6\n|teamsize|p2|6\n|gen|9\n|tier|[Gen 9] Ubers\n|rated|Tournament battle\n|rule|Sleep Clause Mod: Limit one foe put to sleep\n|rule|Species Clause: Limit one of each Pok\u00e9mon\n|rule|OHKO Clause: OHKO moves are banned\n|rule|Evasion Items Clause: Evasion items are banned\n|rule|Evasion Moves Clause: Evasion moves are banned\n|rule|Endless Battle Clause: Forcing endless battles is banned\n|rule|HP Percentage Mod: HP is shown in percentages\n|clearpoke\n|poke|p1|Kyogre|\n|poke|p1|Ting-Lu|\n|poke|p1|Arceus-Water|\n|poke|p1|Corviknight, F|\n|poke|p1|Koraidon|\n|poke|p1|Spectrier|\n|poke|p2|Giratina|\n|poke|p2|Koraidon|\n|poke|p2|Zacian-*|\n|poke|p2|Iron Bundle|\n|poke|p2|Miraidon|\n|poke|p2|Arceus-Fairy|\n|teampreview\n|j|*Lady Monita \u2746\n|c|\u2606Abubakrcl7|glhf\n|c|\u2606default0|hf\n|c|\u2606Abubakrcl7|took you too long\n|j| Farce Of The Death\n|\n|t:|1700845464\n|start\n|switch|p1a: Koraidon|Koraidon|100\/100\n|switch|p2a: Iron Bundle|Iron Bundle, shiny|100\/100\n|-weather|SunnyDay|[from] ability: Orichalcum Pulse|[of] p1a: Koraidon\n|-activate|p1a: Koraidon|Orichalcum Pulse|[source]\n|-enditem|p2a: Iron Bundle|Booster Energy\n|-activate|p2a: Iron Bundle|ability: Quark Drive|[fromitem]\n|-start|p2a: Iron Bundle|quarkdrivespe\n|turn|1\n|\n|t:|1700845473\n|-terastallize|p1a: Koraidon|Fire\n|move|p2a: Iron Bundle|Ice Beam|p1a: Koraidon\n|-resisted|p1a: Koraidon\n|-damage|p1a: Koraidon|77\/100\n|move|p1a: Koraidon|Flare Blitz|p2a: Iron Bundle\n|-damage|p2a: Iron Bundle|0 fnt\n|faint|p2a: Iron Bundle\n|-end|p2a: Iron Bundle|Quark Drive|[silent]\n|-damage|p1a: Koraidon|52\/100|[from] Recoil\n|\n|-weather|SunnyDay|[upkeep]\n|upkeep\n|\n|t:|1700845482\n|switch|p2a: Giratina|Giratina, shiny|100\/100\n|-ability|p2a: Giratina|Pressure\n|turn|2\n|\n|t:|1700845490\n|move|p1a: Koraidon|Flare Blitz|p2a: Giratina\n|-resisted|p2a: Giratina\n|-damage|p2a: Giratina|43\/100\n|-status|p2a: Giratina|brn\n|-damage|p1a: Koraidon|25\/100|[from] Recoil\n|move|p2a: Giratina|Shadow Ball|p1a: Koraidon\n|-damage|p1a: Koraidon|0 fnt\n|faint|p1a: Koraidon\n|\n|-weather|SunnyDay|[upkeep]\n|-heal|p2a: Giratina|50\/100 brn|[from] item: Leftovers\n|-damage|p2a: Giratina|43\/100 brn|[from] brn\n|upkeep\n|\n|t:|1700845496\n|switch|p1a: Kyogre|Kyogre|100\/100\n|-weather|RainDance|[from] ability: Drizzle|[of] p1a: Kyogre\n|turn|3\n|\n|t:|1700845503\n|move|p1a: Kyogre|Substitute|p1a: Kyogre\n|-start|p1a: Kyogre|Substitute\n|-damage|p1a: Kyogre|76\/100\n|move|p2a: Giratina|Shadow Ball|p1a: Kyogre\n|-activate|p1a: Kyogre|move: Substitute|[damage]\n|\n|-weather|RainDance|[upkeep]\n|-heal|p1a: Kyogre|82\/100|[from] item: Leftovers\n|-heal|p2a: Giratina|50\/100 brn|[from] item: Leftovers\n|-damage|p2a: Giratina|43\/100 brn|[from] brn\n|upkeep\n|turn|4\n|\n|t:|1700845505\n|move|p1a: Kyogre|Calm Mind|p1a: Kyogre\n|-boost|p1a: Kyogre|spa|1\n|-boost|p1a: Kyogre|spd|1\n|move|p2a: Giratina|Shadow Ball|p1a: Kyogre\n|-end|p1a: Kyogre|Substitute\n|\n|-weather|RainDance|[upkeep]\n|-heal|p1a: Kyogre|88\/100|[from] item: Leftovers\n|-heal|p2a: Giratina|50\/100 brn|[from] item: Leftovers\n|-damage|p2a: Giratina|43\/100 brn|[from] brn\n|upkeep\n|turn|5\n|\n|t:|1700845512\n|switch|p2a: Arceus|Arceus-Fairy, shiny|100\/100\n|move|p1a: Kyogre|Substitute|p1a: Kyogre\n|-start|p1a: Kyogre|Substitute\n|-damage|p1a: Kyogre|63\/100\n|\n|-weather|RainDance|[upkeep]\n|-heal|p1a: Kyogre|69\/100|[from] item: Leftovers\n|upkeep\n|turn|6\n|\n|t:|1700845515\n|move|p2a: Arceus|Thunderbolt|p1a: Kyogre\n|-supereffective|p1a: Kyogre\n|-end|p1a: Kyogre|Substitute\n|move|p1a: Kyogre|Origin Pulse|p2a: Arceus\n|-damage|p2a: Arceus|18\/100\n|\n|-weather|RainDance|[upkeep]\n|-heal|p1a: Kyogre|76\/100|[from] item: Leftovers\n|upkeep\n|turn|7\n|\n|t:|1700845520\n|move|p2a: Arceus|Thunderbolt|p1a: Kyogre\n|-supereffective|p1a: Kyogre\n|-damage|p1a: Kyogre|46\/100\n|move|p1a: Kyogre|Origin Pulse|p2a: Arceus\n|-damage|p2a: Arceus|0 fnt\n|faint|p2a: Arceus\n|\n|-weather|none\n|-heal|p1a: Kyogre|52\/100|[from] item: Leftovers\n|upkeep\n|\n|t:|1700845524\n|switch|p2a: Miraidon|Miraidon|100\/100\n|-fieldstart|move: Electric Terrain|[from] ability: Hadron Engine|[of] p2a: Miraidon\n|turn|8\n|\n|t:|1700845529\n|switch|p1a: Ting-Lu|Ting-Lu|100\/100\n|-ability|p1a: Ting-Lu|Vessel of Ruin\n|move|p2a: Miraidon|Draco Meteor|p1a: Ting-Lu\n|-damage|p1a: Ting-Lu|43\/100\n|-unboost|p2a: Miraidon|spa|2\n|\n|-heal|p1a: Ting-Lu|50\/100|[from] item: Leftovers\n|upkeep\n|turn|9\n|\n|t:|1700845534\n|switch|p2a: Giratina|Giratina, shiny|43\/100 brn\n|-ability|p2a: Giratina|Pressure\n|move|p1a: Ting-Lu|Spikes|p2a: Giratina\n|-sidestart|p2: Abubakrcl7|Spikes\n|\n|-heal|p2a: Giratina|50\/100 brn|[from] item: Leftovers\n|-heal|p1a: Ting-Lu|56\/100|[from] item: Leftovers\n|-damage|p2a: Giratina|43\/100 brn|[from] brn\n|upkeep\n|turn|10\n|\n|t:|1700845545\n|move|p2a: Giratina|Will-O-Wisp|p1a: Ting-Lu\n|-status|p1a: Ting-Lu|brn\n|move|p1a: Ting-Lu|Spikes|p2a: Giratina\n|-sidestart|p2: Abubakrcl7|Spikes\n|\n|-heal|p2a: Giratina|50\/100 brn|[from] item: Leftovers\n|-heal|p1a: Ting-Lu|62\/100 brn|[from] item: Leftovers\n|-damage|p2a: Giratina|43\/100 brn|[from] brn\n|-damage|p1a: Ting-Lu|56\/100 brn|[from] brn\n|upkeep\n|turn|11\n|\n|t:|1700845552\n|switch|p1a: Kyogre|Kyogre|52\/100\n|-weather|RainDance|[from] ability: Drizzle|[of] p1a: Kyogre\n|move|p2a: Giratina|Defog|p1a: Kyogre\n|-unboost|p1a: Kyogre|evasion|1\n|-sideend|p2: Abubakrcl7|Spikes|[from] move: Defog|[of] p2a: Giratina\n|-fieldend|move: Electric Terrain\n|\n|-weather|RainDance|[upkeep]\n|-heal|p1a: Kyogre|58\/100|[from] item: Leftovers\n|-heal|p2a: Giratina|50\/100 brn|[from] item: Leftovers\n|-damage|p2a: Giratina|43\/100 brn|[from] brn\n|upkeep\n|turn|12\n|\n|t:|1700845559\n|switch|p2a: Miraidon|Miraidon|100\/100\n|-fieldstart|move: Electric Terrain|[from] ability: Hadron Engine|[of] p2a: Miraidon\n|move|p1a: Kyogre|Substitute|p1a: Kyogre\n|-start|p1a: Kyogre|Substitute\n|-damage|p1a: Kyogre|33\/100\n|\n|-weather|RainDance|[upkeep]\n|-heal|p1a: Kyogre|39\/100|[from] item: Leftovers\n|upkeep\n|turn|13\n|\n|t:|1700845564\n|move|p2a: Miraidon|Electro Drift|p1a: Kyogre\n|-supereffective|p1a: Kyogre\n|-end|p1a: Kyogre|Substitute\n|move|p1a: Kyogre|Ice Beam|p2a: Miraidon\n|-supereffective|p2a: Miraidon\n|-damage|p2a: Miraidon|42\/100\n|\n|-weather|RainDance|[upkeep]\n|-heal|p1a: Kyogre|46\/100|[from] item: Leftovers\n|upkeep\n|turn|14\n|\n|t:|1700845569\n|switch|p1a: Ting-Lu|Ting-Lu|56\/100 brn\n|-ability|p1a: Ting-Lu|Vessel of Ruin\n|move|p2a: Miraidon|Electro Drift|p1a: Ting-Lu\n|-immune|p1a: Ting-Lu\n|\n|-weather|RainDance|[upkeep]\n|-heal|p1a: Ting-Lu|62\/100 brn|[from] item: Leftovers\n|-damage|p1a: Ting-Lu|56\/100 brn|[from] brn\n|upkeep\n|turn|15\n|\n|t:|1700845573\n|switch|p2a: Giratina|Giratina, shiny|43\/100 brn\n|-ability|p2a: Giratina|Pressure\n|move|p1a: Ting-Lu|Ruination|p2a: Giratina\n|-damage|p2a: Giratina|22\/100 brn\n|\n|-weather|none\n|-heal|p2a: Giratina|28\/100 brn|[from] item: Leftovers\n|-heal|p1a: Ting-Lu|62\/100 brn|[from] item: Leftovers\n|-damage|p2a: Giratina|22\/100 brn|[from] brn\n|-damage|p1a: Ting-Lu|56\/100 brn|[from] brn\n|upkeep\n|turn|16\n|\n|t:|1700845580\n|move|p2a: Giratina|Shadow Ball|p1a: Ting-Lu\n|-resisted|p1a: Ting-Lu\n|-damage|p1a: Ting-Lu|47\/100 brn\n|move|p1a: Ting-Lu|Spikes|p2a: Giratina\n|-sidestart|p2: Abubakrcl7|Spikes\n|\n|-heal|p2a: Giratina|28\/100 brn|[from] item: Leftovers\n|-heal|p1a: Ting-Lu|54\/100 brn|[from] item: Leftovers\n|-damage|p2a: Giratina|22\/100 brn|[from] brn\n|-damage|p1a: Ting-Lu|47\/100 brn|[from] brn\n|-fieldend|move: Electric Terrain\n|upkeep\n|turn|17\n|\n|t:|1700845587\n|switch|p1a: Spectrier|Spectrier|100\/100\n|move|p2a: Giratina|Defog|p1a: Spectrier\n|-unboost|p1a: Spectrier|evasion|1\n|-sideend|p2: Abubakrcl7|Spikes|[from] move: Defog|[of] p2a: Giratina\n|\n|-heal|p2a: Giratina|28\/100 brn|[from] item: Leftovers\n|-damage|p2a: Giratina|22\/100 brn|[from] brn\n|upkeep\n|turn|18\n|\n|t:|1700845589\n|move|p1a: Spectrier|Shadow Ball|p2a: Giratina\n|-supereffective|p2a: Giratina\n|-damage|p2a: Giratina|0 fnt\n|faint|p2a: Giratina\n|-ability|p1a: Spectrier|Grim Neigh|boost\n|-boost|p1a: Spectrier|spa|1\n|\n|upkeep\n|\n|t:|1700845594\n|switch|p2a: Miraidon|Miraidon|42\/100\n|-fieldstart|move: Electric Terrain|[from] ability: Hadron Engine|[of] p2a: Miraidon\n|turn|19\n|\n|t:|1700845622\n|switch|p1a: Ting-Lu|Ting-Lu|47\/100 brn\n|-ability|p1a: Ting-Lu|Vessel of Ruin\n|move|p2a: Miraidon|Electro Drift|p1a: Ting-Lu\n|-immune|p1a: Ting-Lu\n|\n|-heal|p1a: Ting-Lu|54\/100 brn|[from] item: Leftovers\n|-damage|p1a: Ting-Lu|47\/100 brn|[from] brn\n|upkeep\n|turn|20\n|\n|t:|1700845627\n|switch|p2a: Koraidon|Koraidon|100\/100\n|-weather|SunnyDay|[from] ability: Orichalcum Pulse|[of] p2a: Koraidon\n|-activate|p2a: Koraidon|Orichalcum Pulse|[source]\n|move|p1a: Ting-Lu|Ruination|p2a: Koraidon\n|-damage|p2a: Koraidon|50\/100\n|\n|-weather|SunnyDay|[upkeep]\n|-heal|p1a: Ting-Lu|54\/100 brn|[from] item: Leftovers\n|-damage|p1a: Ting-Lu|47\/100 brn|[from] brn\n|upkeep\n|turn|21\n|\n|t:|1700845634\n|switch|p1a: Arceus|Arceus-Water|100\/100\n|move|p2a: Koraidon|Collision Course|p1a: Arceus\n|-damage|p1a: Arceus|63\/100\n|\n|-weather|SunnyDay|[upkeep]\n|upkeep\n|turn|22\n|\n|t:|1700845638\n|move|p2a: Koraidon|Collision Course|p1a: Arceus\n|-damage|p1a: Arceus|28\/100\n|move|p1a: Arceus|Recover|p1a: Arceus\n|-heal|p1a: Arceus|78\/100\n|\n|-weather|SunnyDay|[upkeep]\n|upkeep\n|turn|23\n|\n|t:|1700845647\n|switch|p2a: Miraidon|Miraidon|42\/100\n|-activate|p2a: Miraidon|ability: Hadron Engine\n|move|p1a: Arceus|Will-O-Wisp|p2a: Miraidon\n|-status|p2a: Miraidon|brn\n|\n|-weather|SunnyDay|[upkeep]\n|-damage|p2a: Miraidon|36\/100 brn|[from] brn\n|-fieldend|move: Electric Terrain\n|upkeep\n|turn|24\n|\n|t:|1700845653\n|switch|p1a: Ting-Lu|Ting-Lu|47\/100 brn\n|-ability|p1a: Ting-Lu|Vessel of Ruin\n|move|p2a: Miraidon|Draco Meteor|p1a: Ting-Lu\n|-damage|p1a: Ting-Lu|3\/100 brn\n|-unboost|p2a: Miraidon|spa|2\n|\n|-weather|none\n|-heal|p1a: Ting-Lu|9\/100 brn|[from] item: Leftovers\n|-damage|p2a: Miraidon|30\/100 brn|[from] brn\n|-damage|p1a: Ting-Lu|3\/100 brn|[from] brn\n|upkeep\n|turn|25\n|\n|t:|1700845662\n|switch|p2a: Koraidon|Koraidon|50\/100\n|-weather|SunnyDay|[from] ability: Orichalcum Pulse|[of] p2a: Koraidon\n|-activate|p2a: Koraidon|Orichalcum Pulse|[source]\n|switch|p1a: Spectrier|Spectrier|100\/100\n|\n|-weather|SunnyDay|[upkeep]\n|upkeep\n|turn|26\n|\n|t:|1700845674\n|switch|p1a: Kyogre|Kyogre|46\/100\n|-weather|RainDance|[from] ability: Drizzle|[of] p1a: Kyogre\n|move|p2a: Koraidon|Outrage|p1a: Kyogre\n|-damage|p1a: Kyogre|2\/100\n|\n|-weather|RainDance|[upkeep]\n|-heal|p1a: Kyogre|8\/100|[from] item: Leftovers\n|upkeep\n|turn|27\n|\n|t:|1700845676\n|switch|p1a: Corviknight|Corviknight, F|100\/100\n|-ability|p1a: Corviknight|Pressure\n|move|p2a: Koraidon|Outrage|p1a: Corviknight|[from]lockedmove\n|-resisted|p1a: Corviknight\n|-damage|p1a: Corviknight|80\/100\n|-start|p2a: Koraidon|confusion|[fatigue]\n|\n|-weather|RainDance|[upkeep]\n|-heal|p1a: Corviknight|87\/100|[from] item: Leftovers\n|upkeep\n|turn|28\n|\n|t:|1700845681\n|switch|p2a: Miraidon|Miraidon|30\/100 brn\n|-fieldstart|move: Electric Terrain|[from] ability: Hadron Engine|[of] p2a: Miraidon\n|move|p1a: Corviknight|Body Press|p2a: Miraidon\n|-damage|p2a: Miraidon|1\/100 brn\n|\n|-weather|RainDance|[upkeep]\n|-heal|p1a: Corviknight|93\/100|[from] item: Leftovers\n|-damage|p2a: Miraidon|0 fnt|[from] brn\n|faint|p2a: Miraidon\n|upkeep\n|\n|t:|1700845684\n|switch|p2a: Koraidon|Koraidon|50\/100\n|-weather|SunnyDay|[from] ability: Orichalcum Pulse|[of] p2a: Koraidon\n|-activate|p2a: Koraidon|Orichalcum Pulse|[source]\n|turn|29\n|j| 0 Morien 0\n|\n|t:|1700845689\n|switch|p1a: Kyogre|Kyogre|8\/100\n|-weather|RainDance|[from] ability: Drizzle|[of] p1a: Kyogre\n|move|p2a: Koraidon|Flare Blitz|p1a: Kyogre\n|-resisted|p1a: Kyogre\n|-damage|p1a: Kyogre|0 fnt\n|faint|p1a: Kyogre\n|-damage|p2a: Koraidon|47\/100|[from] Recoil\n|\n|-weather|RainDance|[upkeep]\n|upkeep\n|l| 0 Morien 0\n|\n|t:|1700845701\n|switch|p1a: Arceus|Arceus-Water|78\/100\n|turn|30\n|\n|t:|1700845704\n|switch|p2a: Zacian|Zacian-Crowned, shiny|100\/100\n|-ability|p2a: Zacian|Intrepid Sword|boost\n|-boost|p2a: Zacian|atk|1\n|move|p1a: Arceus|Recover|p1a: Arceus\n|-heal|p1a: Arceus|100\/100\n|\n|-weather|RainDance|[upkeep]\n|upkeep\n|turn|31\n|\n|t:|1700845709\n|move|p2a: Zacian|Behemoth Blade|p1a: Arceus\n|-resisted|p1a: Arceus\n|-damage|p1a: Arceus|78\/100\n|move|p1a: Arceus|Will-O-Wisp|p2a: Zacian\n|-status|p2a: Zacian|brn\n|\n|-weather|RainDance|[upkeep]\n|-damage|p2a: Zacian|94\/100 brn|[from] brn\n|upkeep\n|turn|32\n|-message|Abubakrcl7 forfeited.\n|\n|win|default0\n|n|\u2606default0|default0\n|n|\u2606Abubakrcl7|abubakrcl7\n|n|*Lady Monita \u2746|ladymonita\n|n| Farce Of The Death|farceofthedeath\n|l|*Lady Monita \u2746\n|l|\u2606Abubakrcl7\n|l|\u2606default0\n","uploadtime":1700845742,"views":5,"p1id":"default0","p2id":"abubakrcl7","formatid":"gen9ubers","rating":0,"private":0,"password":""}