{"id":"gen9ubers-1973557621","p1":"RubenPaCe","p2":"Weredude08","format":"[Gen 9] Ubers","log":"|j|\u2606RubenPaCe\n|j|\u2606Weredude08\n|t:|1697990564\n|gametype|singles\n|player|p1|RubenPaCe|camper|\n|player|p2|Weredude08|steven|\n|teamsize|p1|6\n|teamsize|p2|6\n|gen|9\n|tier|[Gen 9] Ubers\n|rule|Sleep Clause Mod: Limit one foe put to sleep\n|rule|Species Clause: Limit one of each Pok\u00e9mon\n|rule|OHKO Clause: OHKO moves are banned\n|rule|Evasion Items Clause: Evasion items are banned\n|rule|Evasion Moves Clause: Evasion moves are banned\n|rule|Endless Battle Clause: Forcing endless battles is banned\n|rule|HP Percentage Mod: HP is shown in percentages\n|clearpoke\n|poke|p1|Meowscarada, F|\n|poke|p1|Tyranitar, M|\n|poke|p1|Chi-Yu|\n|poke|p1|Zacian-*|\n|poke|p1|Palkia-Origin|\n|poke|p1|Houndstone, F|\n|poke|p2|Ursaluna, F|\n|poke|p2|Hatterene, F|\n|poke|p2|Magearna|\n|poke|p2|Jirachi|\n|poke|p2|Palkia-Origin|\n|poke|p2|Chi-Yu|\n|teampreview\n|inactive|Battle timer is ON: inactive players will automatically lose when time's up. (requested by Weredude08)\n|j| Sheerluck Holmes\n|l| Sheerluck Holmes\n|c|\u2606RubenPaCe|oh this ought to be interesting\n|\n|t:|1697990586\n|start\n|switch|p1a: Meowscarada|Meowscarada, F|100\/100\n|switch|p2a: Hatterene|Hatterene, F|100\/100\n|turn|1\n|\n|t:|1697990609\n|move|p1a: Meowscarada|Knock Off|p2a: Hatterene\n|-start|p1a: Meowscarada|typechange|Dark|[from] ability: Protean\n|-damage|p2a: Hatterene|65\/100\n|-enditem|p2a: Hatterene|Leftovers|[from] move: Knock Off|[of] p1a: Meowscarada\n|move|p2a: Hatterene|Trick Room|p2a: Hatterene\n|-fieldstart|move: Trick Room|[of] p2a: Hatterene\n|\n|upkeep\n|turn|2\n|\n|t:|1697990629\n|switch|p1a: Tyranitar|Tyranitar, M|100\/100\n|-weather|Sandstorm|[from] ability: Sand Stream|[of] p1a: Tyranitar\n|move|p2a: Hatterene|Dazzling Gleam|p1a: Tyranitar\n|-supereffective|p1a: Tyranitar\n|-damage|p1a: Tyranitar|51\/100\n|\n|-weather|Sandstorm|[upkeep]\n|-damage|p2a: Hatterene|59\/100|[from] Sandstorm\n|upkeep\n|turn|3\n|inactive|Weredude08 has 270 seconds left.\n|inactive|RubenPaCe has 270 seconds left.\n|\n|t:|1697990672\n|move|p2a: Hatterene|Healing Wish|p2a: Hatterene\n|faint|p2a: Hatterene\n|move|p1a: Tyranitar|Rock Blast|p2: Hatterene|[notarget]\n|-fail|p1a: Tyranitar\n|\n|-weather|Sandstorm|[upkeep]\n|upkeep\n|\n|t:|1697990678\n|switch|p2a: Ursaluna|Ursaluna, F|100\/100\n|turn|4\n|inactive|RubenPaCe has 270 seconds left.\n|\n|t:|1697990686\n|move|p2a: Ursaluna|Headlong Rush|p1a: Tyranitar\n|-supereffective|p1a: Tyranitar\n|-damage|p1a: Tyranitar|0 fnt\n|-unboost|p2a: Ursaluna|def|1\n|-unboost|p2a: Ursaluna|spd|1\n|faint|p1a: Tyranitar\n|\n|-weather|Sandstorm|[upkeep]\n|-status|p2a: Ursaluna|brn|[from] item: Flame Orb\n|upkeep\n|inactive|RubenPaCe has 270 seconds left.\n|\n|t:|1697990694\n|switch|p1a: Palkia|Palkia-Origin|100\/100\n|-ability|p1a: Palkia|Pressure\n|turn|5\n|\n|t:|1697990702\n|-terastallize|p2a: Ursaluna|Normal\n|move|p2a: Ursaluna|Facade|p1a: Palkia\n|-damage|p1a: Palkia|0 fnt\n|faint|p1a: Palkia\n|\n|-weather|Sandstorm|[upkeep]\n|-damage|p2a: Ursaluna|94\/100 brn|[from] Sandstorm\n|-damage|p2a: Ursaluna|88\/100 brn|[from] brn\n|-fieldend|move: Trick Room\n|upkeep\n|inactive|RubenPaCe has 270 seconds left.\n|\n|t:|1697990724\n|switch|p1a: Meowscarada|Meowscarada, F|100\/100\n|turn|6\n|inactive|RubenPaCe has 270 seconds left.\n|inactive|Weredude08 has 270 seconds left.\n|\n|t:|1697990740\n|switch|p2a: Magearna|Magearna|100\/100\n|move|p1a: Meowscarada|Spikes|p2a: Magearna\n|-start|p1a: Meowscarada|typechange|Ground|[from] ability: Protean\n|-sidestart|p2: Weredude08|Spikes\n|\n|-weather|Sandstorm|[upkeep]\n|upkeep\n|turn|7\n|\n|t:|1697990743\n|move|p1a: Meowscarada|Taunt|p2a: Magearna\n|-start|p2a: Magearna|move: Taunt\n|cant|p2a: Magearna|move: Taunt|Trick Room\n|\n|-weather|Sandstorm|[upkeep]\n|upkeep\n|turn|8\n|\n|t:|1697990750\n|move|p1a: Meowscarada|Toxic Spikes|p2a: Magearna\n|-sidestart|p2: Weredude08|move: Toxic Spikes\n|move|p2a: Magearna|Fleur Cannon|p1a: Meowscarada\n|-enditem|p1a: Meowscarada|Focus Sash\n|-damage|p1a: Meowscarada|1\/100\n|-unboost|p2a: Magearna|spa|2\n|-damage|p2a: Magearna|91\/100|[from] item: Life Orb\n|\n|-weather|Sandstorm|[upkeep]\n|upkeep\n|turn|9\n|\n|t:|1697990760\n|move|p1a: Meowscarada|Knock Off|p2a: Magearna\n|-resisted|p2a: Magearna\n|-damage|p2a: Magearna|78\/100\n|-enditem|p2a: Magearna|Life Orb|[from] move: Knock Off|[of] p1a: Meowscarada\n|move|p2a: Magearna|Flash Cannon|p1a: Meowscarada\n|-crit|p1a: Meowscarada\n|-damage|p1a: Meowscarada|0 fnt\n|faint|p1a: Meowscarada\n|-ability|p2a: Magearna|Soul-Heart|boost\n|-boost|p2a: Magearna|spa|1\n|\n|-weather|none\n|-end|p2a: Magearna|move: Taunt\n|upkeep\n|\n|t:|1697990772\n|switch|p1a: Chi-Yu|Chi-Yu|100\/100\n|-ability|p1a: Chi-Yu|Beads of Ruin\n|turn|10\n|inactive|RubenPaCe has 270 seconds left.\n|inactive|Weredude08 has 270 seconds left.\n|inactive|RubenPaCe has 240 seconds left.\n|inactive|Weredude08 has 240 seconds left.\n|\n|t:|1697990838\n|switch|p2a: Palkia|Palkia-Origin|100\/100\n|-damage|p2a: Palkia|88\/100|[from] Spikes\n|-status|p2a: Palkia|psn\n|-ability|p2a: Palkia|Pressure\n|move|p1a: Chi-Yu|Dark Pulse|p2a: Palkia\n|-damage|p2a: Palkia|36\/100 psn\n|\n|-damage|p2a: Palkia|23\/100 psn|[from] psn\n|upkeep\n|turn|11\n|\n|t:|1697990847\n|move|p1a: Chi-Yu|Dark Pulse|p2a: Palkia\n|-damage|p2a: Palkia|0 fnt\n|faint|p2a: Palkia\n|\n|upkeep\n|\n|t:|1697990858\n|switch|p2a: Magearna|Magearna|78\/100\n|-heal|p2a: Magearna|100\/100|[from] move: Healing Wish\n|-damage|p2a: Magearna|88\/100|[from] Spikes\n|turn|12\n|\n|t:|1697990868\n|switch|p1a: Houndstone|Houndstone, F|100\/100\n|move|p2a: Magearna|Trick Room|p2a: Magearna\n|-fieldstart|move: Trick Room|[of] p2a: Magearna\n|\n|upkeep\n|turn|13\n|\n|t:|1697990883\n|switch|p1a: Chi-Yu|Chi-Yu|100\/100\n|-ability|p1a: Chi-Yu|Beads of Ruin\n|move|p2a: Magearna|Fleur Cannon|p1a: Chi-Yu\n|-damage|p1a: Chi-Yu|14\/100\n|-unboost|p2a: Magearna|spa|2\n|\n|upkeep\n|turn|14\n|\n|t:|1697990888\n|switch|p1a: Zacian|Zacian|100\/100\n|-ability|p1a: Zacian|Intrepid Sword|boost\n|-boost|p1a: Zacian|atk|1\n|move|p2a: Magearna|Flash Cannon|p1a: Zacian\n|-supereffective|p1a: Zacian\n|-damage|p1a: Zacian|56\/100\n|\n|upkeep\n|turn|15\n|inactive|Weredude08 has 270 seconds left.\n|\n|t:|1697990895\n|move|p2a: Magearna|Flash Cannon|p1a: Zacian\n|-supereffective|p1a: Zacian\n|-damage|p1a: Zacian|11\/100\n|move|p1a: Zacian|Close Combat|p2a: Magearna\n|-damage|p2a: Magearna|14\/100\n|-unboost|p1a: Zacian|def|1\n|-unboost|p1a: Zacian|spd|1\n|\n|upkeep\n|turn|16\n|\n|t:|1697990900\n|move|p2a: Magearna|Flash Cannon|p1a: Zacian\n|-supereffective|p1a: Zacian\n|-damage|p1a: Zacian|0 fnt\n|faint|p1a: Zacian\n|-ability|p2a: Magearna|Soul-Heart|boost\n|-boost|p2a: Magearna|spa|1\n|\n|-fieldend|move: Trick Room\n|upkeep\n|\n|t:|1697990902\n|switch|p1a: Houndstone|Houndstone, F|100\/100\n|turn|17\n|\n|t:|1697990906\n|move|p1a: Houndstone|Last Respects|p2a: Magearna\n|-damage|p2a: Magearna|0 fnt\n|faint|p2a: Magearna\n|\n|upkeep\n|\n|t:|1697990908\n|switch|p2a: Ursaluna|Ursaluna, F, tera:Normal|88\/100 brn\n|-damage|p2a: Ursaluna|76\/100 brn|[from] Spikes\n|turn|18\n|\n|t:|1697990912\n|-terastallize|p1a: Houndstone|Fighting\n|move|p1a: Houndstone|Tera Blast|p2a: Ursaluna|[anim] Tera Blast Fighting\n|-supereffective|p2a: Ursaluna\n|-damage|p2a: Ursaluna|30\/100 brn\n|move|p2a: Ursaluna|Headlong Rush|p1a: Houndstone\n|-damage|p1a: Houndstone|0 fnt\n|-unboost|p2a: Ursaluna|def|1\n|-unboost|p2a: Ursaluna|spd|1\n|faint|p1a: Houndstone\n|\n|-damage|p2a: Ursaluna|24\/100 brn|[from] brn\n|upkeep\n|\n|t:|1697990921\n|switch|p1a: Chi-Yu|Chi-Yu|14\/100\n|-ability|p1a: Chi-Yu|Beads of Ruin\n|turn|19\n|\n|t:|1697990926\n|move|p1a: Chi-Yu|Fire Blast|p2a: Ursaluna\n|-damage|p2a: Ursaluna|0 fnt\n|faint|p2a: Ursaluna\n|\n|upkeep\n|\n|t:|1697990928\n|switch|p2a: Chi-Yu|Chi-Yu|100\/100\n|-damage|p2a: Chi-Yu|88\/100|[from] Spikes\n|-status|p2a: Chi-Yu|psn\n|-ability|p2a: Chi-Yu|Beads of Ruin\n|turn|20\n|\n|t:|1697990932\n|move|p1a: Chi-Yu|Fire Blast|p2a: Chi-Yu\n|-resisted|p2a: Chi-Yu\n|-damage|p2a: Chi-Yu|52\/100 psn\n|move|p2a: Chi-Yu|Dark Pulse|p1a: Chi-Yu\n|-resisted|p1a: Chi-Yu\n|-damage|p1a: Chi-Yu|0 fnt\n|faint|p1a: Chi-Yu\n|\n|win|Weredude08\n|c|\u2606RubenPaCe|gg\n|c|\u2606Weredude08|GG\n|l|\u2606Weredude08\n","uploadtime":1697990941,"views":11,"p1id":"rubenpace","p2id":"weredude08","formatid":"gen9ubers","rating":0,"private":0,"password":""}