{"id":"gen9ubers-1983471455","p1":"tingojunda","p2":"Hgssxy","format":"[Gen 9] Ubers","log":"|j|\u2606tingojunda\n|j|\u2606Hgssxy\n|t:|1699133680\n|gametype|singles\n|player|p1|tingojunda|parasollady-gen4|1053\n|player|p2|Hgssxy|lance|1123\n|teamsize|p1|6\n|teamsize|p2|6\n|gen|9\n|tier|[Gen 9] Ubers\n|rated|\n|rule|Sleep Clause Mod: Limit one foe put to sleep\n|rule|Species Clause: Limit one of each Pok\u00e9mon\n|rule|OHKO Clause: OHKO moves are banned\n|rule|Evasion Items Clause: Evasion items are banned\n|rule|Evasion Moves Clause: Evasion moves are banned\n|rule|Endless Battle Clause: Forcing endless battles is banned\n|rule|HP Percentage Mod: HP is shown in percentages\n|clearpoke\n|poke|p1|Giratina-Origin|\n|poke|p1|Miraidon|\n|poke|p1|Koraidon|\n|poke|p1|Ribombee, M|\n|poke|p1|Zacian-*|\n|poke|p1|Great Tusk|\n|poke|p2|Koraidon|\n|poke|p2|Ursaluna-Bloodmoon, M|\n|poke|p2|Cyclizar, M|\n|poke|p2|Magearna|\n|poke|p2|Great Tusk|\n|poke|p2|Arceus-Water|\n|teampreview\n|\n|t:|1699133699\n|start\n|switch|p1a: Ribombee|Ribombee, M|100\/100\n|switch|p2a: Cyclizar|Cyclizar, M|100\/100\n|turn|1\n|inactive|Battle timer is ON: inactive players will automatically lose when time's up. (requested by Hgssxy)\n|\n|t:|1699133707\n|move|p2a: Cyclizar|Shed Tail|p2a: Cyclizar\n|-start|p2a: Cyclizar|Substitute|[from] move: Shed Tail\n|-damage|p2a: Cyclizar|50\/100\n|\n|t:|1699133720\n|switch|p2a: Ursaluna|Ursaluna-Bloodmoon, M|100\/100|[from] Shed Tail\n|move|p1a: Ribombee|Moonblast|p2a: Ursaluna\n|-end|p2a: Ursaluna|Substitute\n|\n|upkeep\n|turn|2\n|\n|t:|1699133731\n|move|p1a: Ribombee|Sticky Web|p2a: Ursaluna\n|-sidestart|p2: Hgssxy|move: Sticky Web\n|move|p2a: Ursaluna|Blood Moon|p1a: Ribombee\n|-enditem|p1a: Ribombee|Focus Sash\n|-damage|p1a: Ribombee|1\/100\n|\n|upkeep\n|turn|3\n|\n|t:|1699133739\n|move|p2a: Ursaluna|Vacuum Wave|p1a: Ribombee\n|-resisted|p1a: Ribombee\n|-damage|p1a: Ribombee|0 fnt\n|faint|p1a: Ribombee\n|\n|upkeep\n|\n|t:|1699133748\n|switch|p1a: Koraidon|Koraidon|100\/100\n|-weather|SunnyDay|[from] ability: Orichalcum Pulse|[of] p1a: Koraidon\n|-activate|p1a: Koraidon|Orichalcum Pulse|[source]\n|turn|4\n|\n|t:|1699133758\n|switch|p2a: Arceus|Arceus-Water|100\/100\n|-activate|p2a: Arceus|move: Sticky Web\n|-unboost|p2a: Arceus|spe|1\n|move|p1a: Koraidon|Close Combat|p2a: Arceus\n|-damage|p2a: Arceus|41\/100\n|-unboost|p1a: Koraidon|def|1\n|-unboost|p1a: Koraidon|spd|1\n|\n|-weather|SunnyDay|[upkeep]\n|upkeep\n|turn|5\n|\n|t:|1699133771\n|-terastallize|p2a: Arceus|Fairy\n|move|p1a: Koraidon|Close Combat|p2a: Arceus\n|-resisted|p2a: Arceus\n|-damage|p2a: Arceus|9\/100\n|-unboost|p1a: Koraidon|def|1\n|-unboost|p1a: Koraidon|spd|1\n|move|p2a: Arceus|Recover|p2a: Arceus\n|-heal|p2a: Arceus|59\/100\n|\n|-weather|SunnyDay|[upkeep]\n|upkeep\n|turn|6\n|\n|t:|1699133783\n|switch|p1a: Zacian|Zacian-Crowned|100\/100\n|-ability|p1a: Zacian|Intrepid Sword|boost\n|-boost|p1a: Zacian|atk|1\n|move|p2a: Arceus|Recover|p2a: Arceus\n|-heal|p2a: Arceus|100\/100\n|\n|-weather|SunnyDay|[upkeep]\n|upkeep\n|turn|7\n|\n|t:|1699133792\n|switch|p2a: Great Tusk|Great Tusk|100\/100\n|-activate|p2a: Great Tusk|move: Sticky Web\n|-unboost|p2a: Great Tusk|spe|1\n|-activate|p2a: Great Tusk|ability: Protosynthesis\n|-start|p2a: Great Tusk|protosynthesisdef\n|move|p1a: Zacian|Behemoth Blade|p2a: Great Tusk\n|-damage|p2a: Great Tusk|69\/100\n|\n|-weather|SunnyDay|[upkeep]\n|-heal|p2a: Great Tusk|75\/100|[from] item: Leftovers\n|upkeep\n|turn|8\n|\n|t:|1699133813\n|switch|p1a: Giratina|Giratina-Origin|100\/100\n|move|p2a: Great Tusk|Headlong Rush|p1a: Giratina\n|-immune|p1a: Giratina|[from] ability: Levitate\n|\n|-weather|none\n|-end|p2a: Great Tusk|Protosynthesis\n|-heal|p2a: Great Tusk|82\/100|[from] item: Leftovers\n|upkeep\n|turn|9\n|\n|t:|1699133824\n|move|p1a: Giratina|Shadow Ball|p2a: Great Tusk\n|-damage|p2a: Great Tusk|9\/100\n|move|p2a: Great Tusk|Stealth Rock|p1a: Giratina\n|-sidestart|p1: tingojunda|move: Stealth Rock\n|\n|-heal|p2a: Great Tusk|15\/100|[from] item: Leftovers\n|upkeep\n|turn|10\n|\n|t:|1699133833\n|-end|p2a: Great Tusk|Protosynthesis|[silent]\n|switch|p2a: Arceus|Arceus-Water, tera:Fairy|100\/100\n|-activate|p2a: Arceus|move: Sticky Web\n|-unboost|p2a: Arceus|spe|1\n|move|p1a: Giratina|Draco Meteor|p2a: Arceus\n|-immune|p2a: Arceus\n|\n|upkeep\n|turn|11\n|\n|t:|1699133847\n|switch|p1a: Zacian|Zacian-Crowned|100\/100\n|-damage|p1a: Zacian|94\/100|[from] Stealth Rock\n|move|p2a: Arceus|Will-O-Wisp|p1a: Zacian\n|-status|p1a: Zacian|brn\n|\n|-damage|p1a: Zacian|88\/100 brn|[from] brn\n|upkeep\n|turn|12\n|\n|t:|1699133861\n|move|p1a: Zacian|Swords Dance|p1a: Zacian\n|-boost|p1a: Zacian|atk|2\n|move|p2a: Arceus|Judgment|p1a: Zacian\n|-damage|p1a: Zacian|45\/100 brn\n|\n|-damage|p1a: Zacian|39\/100 brn|[from] brn\n|upkeep\n|turn|13\n|\n|t:|1699133871\n|move|p1a: Zacian|Behemoth Blade|p2a: Arceus\n|-supereffective|p2a: Arceus\n|-damage|p2a: Arceus|25\/100\n|move|p2a: Arceus|Judgment|p1a: Zacian\n|-crit|p1a: Zacian\n|-damage|p1a: Zacian|0 fnt\n|faint|p1a: Zacian\n|\n|upkeep\n|\n|t:|1699133885\n|switch|p1a: Giratina|Giratina-Origin|100\/100\n|-damage|p1a: Giratina|88\/100|[from] Stealth Rock\n|turn|14\n|\n|t:|1699133890\n|move|p1a: Giratina|Shadow Ball|p2a: Arceus\n|-damage|p2a: Arceus|1\/100\n|move|p2a: Arceus|Recover|p2a: Arceus\n|-heal|p2a: Arceus|51\/100\n|\n|upkeep\n|turn|15\n|\n|t:|1699133897\n|move|p1a: Giratina|Shadow Ball|p2a: Arceus\n|-damage|p2a: Arceus|28\/100\n|move|p2a: Arceus|Recover|p2a: Arceus\n|-heal|p2a: Arceus|78\/100\n|\n|upkeep\n|turn|16\n|\n|t:|1699133907\n|move|p1a: Giratina|Shadow Ball|p2a: Arceus\n|-damage|p2a: Arceus|52\/100\n|move|p2a: Arceus|Ice Beam|p1a: Giratina\n|-supereffective|p1a: Giratina\n|-crit|p1a: Giratina\n|-damage|p1a: Giratina|29\/100\n|\n|upkeep\n|turn|17\n|\n|t:|1699133915\n|switch|p1a: Great Tusk|Great Tusk|100\/100\n|move|p2a: Arceus|Recover|p2a: Arceus\n|-heal|p2a: Arceus|100\/100\n|\n|upkeep\n|turn|18\n|\n|t:|1699133921\n|move|p1a: Great Tusk|Stealth Rock|p2a: Arceus\n|-sidestart|p2: Hgssxy|move: Stealth Rock\n|move|p2a: Arceus|Ice Beam|p1a: Great Tusk\n|-supereffective|p1a: Great Tusk\n|-damage|p1a: Great Tusk|25\/100\n|\n|upkeep\n|turn|19\n|\n|t:|1699133929\n|move|p1a: Great Tusk|Earthquake|p2a: Arceus\n|-damage|p2a: Arceus|71\/100\n|move|p2a: Arceus|Ice Beam|p1a: Great Tusk\n|-supereffective|p1a: Great Tusk\n|-damage|p1a: Great Tusk|0 fnt\n|faint|p1a: Great Tusk\n|-end|p1a: Great Tusk|Protosynthesis|[silent]\n|\n|upkeep\n|\n|t:|1699133936\n|switch|p1a: Miraidon|Miraidon|100\/100\n|-damage|p1a: Miraidon|88\/100|[from] Stealth Rock\n|-fieldstart|move: Electric Terrain|[from] ability: Hadron Engine|[of] p1a: Miraidon\n|turn|20\n|\n|t:|1699133945\n|move|p1a: Miraidon|Electro Drift|p2a: Arceus\n|-damage|p2a: Arceus|2\/100\n|-damage|p1a: Miraidon|78\/100|[from] item: Life Orb\n|move|p2a: Arceus|Recover|p2a: Arceus\n|-heal|p2a: Arceus|52\/100\n|\n|upkeep\n|turn|21\n|\n|t:|1699133957\n|switch|p2a: Great Tusk|Great Tusk|15\/100\n|-activate|p2a: Great Tusk|move: Sticky Web\n|-unboost|p2a: Great Tusk|spe|1\n|-damage|p2a: Great Tusk|12\/100|[from] Stealth Rock\n|move|p1a: Miraidon|Electro Drift|p2a: Great Tusk\n|-immune|p2a: Great Tusk\n|\n|-heal|p2a: Great Tusk|18\/100|[from] item: Leftovers\n|upkeep\n|turn|22\n|\n|t:|1699133971\n|move|p1a: Miraidon|Dragon Pulse|p2a: Great Tusk\n|-damage|p2a: Great Tusk|0 fnt\n|faint|p2a: Great Tusk\n|-end|p2a: Great Tusk|Protosynthesis|[silent]\n|-damage|p1a: Miraidon|68\/100|[from] item: Life Orb\n|\n|upkeep\n|\n|t:|1699133990\n|switch|p2a: Cyclizar|Cyclizar, M|84\/100\n|-activate|p2a: Cyclizar|move: Sticky Web\n|-unboost|p2a: Cyclizar|spe|1\n|-damage|p2a: Cyclizar|71\/100|[from] Stealth Rock\n|turn|23\n|\n|t:|1699133996\n|switch|p1a: Giratina|Giratina-Origin|29\/100\n|-damage|p1a: Giratina|17\/100|[from] Stealth Rock\n|move|p2a: Cyclizar|Shed Tail|p2a: Cyclizar\n|-start|p2a: Cyclizar|Substitute|[from] move: Shed Tail\n|-damage|p2a: Cyclizar|21\/100\n|inactive|Hgssxy has 120 seconds left.\n|\n|t:|1699134017\n|switch|p2a: Arceus|Arceus-Water, tera:Fairy|52\/100|[from] Shed Tail\n|-activate|p2a: Arceus|move: Sticky Web\n|-unboost|p2a: Arceus|spe|1\n|-damage|p2a: Arceus|39\/100|[from] Stealth Rock\n|\n|upkeep\n|turn|24\n|\n|t:|1699134024\n|move|p1a: Giratina|Shadow Ball|p2a: Arceus\n|-end|p2a: Arceus|Substitute\n|move|p2a: Arceus|Recover|p2a: Arceus\n|-heal|p2a: Arceus|89\/100\n|\n|-fieldend|move: Electric Terrain\n|upkeep\n|turn|25\n|\n|t:|1699134035\n|move|p1a: Giratina|Shadow Ball|p2a: Arceus\n|-damage|p2a: Arceus|62\/100\n|move|p2a: Arceus|Ice Beam|p1a: Giratina\n|-supereffective|p1a: Giratina\n|-damage|p1a: Giratina|0 fnt\n|faint|p1a: Giratina\n|\n|upkeep\n|\n|t:|1699134039\n|switch|p1a: Miraidon|Miraidon|68\/100\n|-damage|p1a: Miraidon|56\/100|[from] Stealth Rock\n|-fieldstart|move: Electric Terrain|[from] ability: Hadron Engine|[of] p1a: Miraidon\n|turn|26\n|\n|t:|1699134049\n|move|p1a: Miraidon|Electro Drift|p2a: Arceus\n|-damage|p2a: Arceus|0 fnt\n|faint|p2a: Arceus\n|-damage|p1a: Miraidon|46\/100|[from] item: Life Orb\n|\n|upkeep\n|\n|t:|1699134062\n|switch|p2a: Ursaluna|Ursaluna-Bloodmoon, M|100\/100\n|-activate|p2a: Ursaluna|move: Sticky Web\n|-unboost|p2a: Ursaluna|spe|1\n|-damage|p2a: Ursaluna|94\/100|[from] Stealth Rock\n|turn|27\n|\n|t:|1699134069\n|move|p1a: Miraidon|Dragon Pulse|p2a: Ursaluna\n|-crit|p2a: Ursaluna\n|-damage|p2a: Ursaluna|0 fnt\n|faint|p2a: Ursaluna\n|-damage|p1a: Miraidon|36\/100|[from] item: Life Orb\n|\n|upkeep\n|\n|t:|1699134079\n|switch|p2a: Magearna|Magearna|100\/100\n|-activate|p2a: Magearna|move: Sticky Web\n|-unboost|p2a: Magearna|spe|1\n|-damage|p2a: Magearna|94\/100|[from] Stealth Rock\n|turn|28\n|\n|t:|1699134089\n|move|p1a: Miraidon|Electro Drift|p2a: Magearna\n|-damage|p2a: Magearna|0 fnt\n|faint|p2a: Magearna\n|-damage|p1a: Miraidon|26\/100|[from] item: Life Orb\n|\n|upkeep\n|\n|t:|1699134097\n|switch|p2a: Cyclizar|Cyclizar, M|54\/100\n|-activate|p2a: Cyclizar|move: Sticky Web\n|-unboost|p2a: Cyclizar|spe|1\n|-damage|p2a: Cyclizar|42\/100|[from] Stealth Rock\n|turn|29\n|\n|t:|1699134103\n|move|p2a: Cyclizar|Rapid Spin|p1a: Miraidon\n|-damage|p1a: Miraidon|12\/100\n|-boost|p2a: Cyclizar|spe|1\n|-sideend|p2: Hgssxy|Stealth Rock|[from] move: Rapid Spin|[of] p2a: Cyclizar\n|-sideend|p2: Hgssxy|Sticky Web|[from] move: Rapid Spin|[of] p2a: Cyclizar\n|move|p1a: Miraidon|Dragon Pulse|p2a: Cyclizar\n|-supereffective|p2a: Cyclizar\n|-damage|p2a: Cyclizar|0 fnt\n|faint|p2a: Cyclizar\n|-damage|p1a: Miraidon|2\/100|[from] item: Life Orb\n|\n|upkeep\n|\n|t:|1699134114\n|switch|p2a: Koraidon|Koraidon|100\/100\n|-weather|SunnyDay|[from] ability: Orichalcum Pulse|[of] p2a: Koraidon\n|-activate|p2a: Koraidon|Orichalcum Pulse|[source]\n|turn|30\n|\n|t:|1699134123\n|move|p2a: Koraidon|Dragon Claw|p1a: Miraidon\n|-supereffective|p1a: Miraidon\n|-damage|p1a: Miraidon|0 fnt\n|faint|p1a: Miraidon\n|-damage|p2a: Koraidon|91\/100|[from] item: Life Orb\n|\n|-weather|SunnyDay|[upkeep]\n|-fieldend|move: Electric Terrain\n|upkeep\n|\n|t:|1699134126\n|switch|p1a: Koraidon|Koraidon|100\/100\n|-damage|p1a: Koraidon|94\/100|[from] Stealth Rock\n|-activate|p1a: Koraidon|ability: Orichalcum Pulse\n|turn|31\n|\n|t:|1699134137\n|-terastallize|p1a: Koraidon|Fire\n|move|p2a: Koraidon|Dragon Claw|p1a: Koraidon\n|-damage|p1a: Koraidon|29\/100\n|-damage|p2a: Koraidon|81\/100|[from] item: Life Orb\n|move|p1a: Koraidon|Dragon Claw|p2a: Koraidon\n|-supereffective|p2a: Koraidon\n|-damage|p2a: Koraidon|0 fnt\n|faint|p2a: Koraidon\n|\n|win|tingojunda\n|raw|tingojunda's rating: 1053 &rarr; <strong>1091<\/strong><br \/>(+38 for winning)\n|raw|Hgssxy's rating: 1123 &rarr; <strong>1093<\/strong><br \/>(-30 for losing)\n|l|\u2606tingojunda\n","uploadtime":1699134618,"views":11,"p1id":"tingojunda","p2id":"hgssxy","formatid":"gen9ubers","rating":1091,"private":0,"password":""}