{"id":"gen9ubers-1972798882","p1":"pierreo42","p2":"babynogalXD","format":"[Gen 9] Ubers","log":"|j|\u2606pierreo42\n|j|\u2606babynogalXD\n|t:|1697896470\n|gametype|singles\n|player|p1|pierreo42|169|1348\n|player|p2|babynogalXD|hilbert|1529\n|teamsize|p1|6\n|teamsize|p2|6\n|gen|9\n|tier|[Gen 9] Ubers\n|rated|\n|rule|Sleep Clause Mod: Limit one foe put to sleep\n|rule|Species Clause: Limit one of each Pok\u00e9mon\n|rule|OHKO Clause: OHKO moves are banned\n|rule|Evasion Items Clause: Evasion items are banned\n|rule|Evasion Moves Clause: Evasion moves are banned\n|rule|Endless Battle Clause: Forcing endless battles is banned\n|rule|HP Percentage Mod: HP is shown in percentages\n|clearpoke\n|poke|p1|Arceus-Ground|\n|poke|p1|Giratina-Origin|\n|poke|p1|Zacian-*|\n|poke|p1|Miraidon|\n|poke|p1|Koraidon|\n|poke|p1|Skeledirge, F|\n|poke|p2|Hatterene, F|\n|poke|p2|Magearna|\n|poke|p2|Arceus-Ground|\n|poke|p2|Slowking, F|\n|poke|p2|Ursaluna, M|\n|poke|p2|Calyrex-Ice|\n|teampreview\n|inactive|Battle timer is ON: inactive players will automatically lose when time's up. (requested by pierreo42)\n|inactive|babynogalXD has 120 seconds left.\n|\n|t:|1697896528\n|start\n|switch|p1a: Arceus|Arceus-Ground|100\/100\n|switch|p2a: Hatterene|Hatterene, F|100\/100\n|turn|1\n|\n|t:|1697896534\n|move|p1a: Arceus|Earthquake|p2a: Hatterene\n|-damage|p2a: Hatterene|32\/100\n|move|p2a: Hatterene|Trick Room|p2a: Hatterene\n|-fieldstart|move: Trick Room|[of] p2a: Hatterene\n|\n|upkeep\n|turn|2\n|\n|t:|1697896540\n|move|p2a: Hatterene|Healing Wish|p2a: Hatterene\n|faint|p2a: Hatterene\n|move|p1a: Arceus|Substitute|p1a: Arceus\n|-start|p1a: Arceus|Substitute\n|-damage|p1a: Arceus|76\/100\n|\n|upkeep\n|\n|t:|1697896557\n|switch|p2a: Calyrex|Calyrex-Ice|100\/100\n|-ability|p2a: Calyrex|As One\n|-ability|p2a: Calyrex|Unnerve\n|turn|3\n|\n|t:|1697896562\n|move|p2a: Calyrex|Glacial Lance|p1a: Arceus\n|-supereffective|p1a: Arceus\n|-end|p1a: Arceus|Substitute\n|move|p1a: Arceus|Substitute|p1a: Arceus\n|-start|p1a: Arceus|Substitute\n|-damage|p1a: Arceus|51\/100\n|\n|upkeep\n|turn|4\n|\n|t:|1697896570\n|move|p2a: Calyrex|Glacial Lance|p1a: Arceus\n|-supereffective|p1a: Arceus\n|-end|p1a: Arceus|Substitute\n|move|p1a: Arceus|Earthquake|p2a: Calyrex\n|-damage|p2a: Calyrex|60\/100\n|\n|upkeep\n|turn|5\n|\n|t:|1697896579\n|switch|p1a: Skeledirge|Skeledirge, F|100\/100\n|move|p2a: Calyrex|Glacial Lance|p1a: Skeledirge\n|-resisted|p1a: Skeledirge\n|-damage|p1a: Skeledirge|53\/100\n|\n|-fieldend|move: Trick Room\n|upkeep\n|turn|6\n|\n|t:|1697896587\n|switch|p2a: Arceus|Arceus-Ground|100\/100\n|move|p1a: Skeledirge|Slack Off|p1a: Skeledirge\n|-heal|p1a: Skeledirge|100\/100\n|\n|upkeep\n|turn|7\n|\n|t:|1697896593\n|switch|p1a: Giratina|Giratina-Origin|100\/100\n|move|p2a: Arceus|Trick Room|p2a: Arceus\n|-fieldstart|move: Trick Room|[of] p2a: Arceus\n|\n|upkeep\n|turn|8\n|\n|t:|1697896600\n|switch|p2a: Ursaluna|Ursaluna, M|100\/100\n|move|p1a: Giratina|Will-O-Wisp|p2a: Ursaluna|[miss]\n|-miss|p1a: Giratina|p2a: Ursaluna\n|\n|-status|p2a: Ursaluna|brn|[from] item: Flame Orb\n|upkeep\n|turn|9\n|\n|t:|1697896606\n|move|p2a: Ursaluna|Shadow Claw|p1a: Giratina\n|-supereffective|p1a: Giratina\n|-damage|p1a: Giratina|46\/100\n|move|p1a: Giratina|Draco Meteor|p2a: Ursaluna\n|-damage|p2a: Ursaluna|46\/100 brn\n|-unboost|p1a: Giratina|spa|2\n|\n|-damage|p2a: Ursaluna|40\/100 brn|[from] brn\n|upkeep\n|turn|10\n|\n|t:|1697896618\n|move|p2a: Ursaluna|Shadow Claw|p1a: Giratina\n|-supereffective|p1a: Giratina\n|-damage|p1a: Giratina|0 fnt\n|faint|p1a: Giratina\n|\n|-damage|p2a: Ursaluna|34\/100 brn|[from] brn\n|upkeep\n|\n|t:|1697896631\n|switch|p1a: Arceus|Arceus-Ground|51\/100\n|turn|11\n|\n|t:|1697896652\n|move|p1a: Arceus|Extreme Speed|p2a: Ursaluna\n|-damage|p2a: Ursaluna|14\/100 brn\n|move|p2a: Ursaluna|Headlong Rush|p1a: Arceus\n|-damage|p1a: Arceus|0 fnt\n|-unboost|p2a: Ursaluna|def|1\n|-unboost|p2a: Ursaluna|spd|1\n|faint|p1a: Arceus\n|\n|-damage|p2a: Ursaluna|8\/100 brn|[from] brn\n|-fieldend|move: Trick Room\n|upkeep\n|\n|t:|1697896664\n|switch|p1a: Koraidon|Koraidon|100\/100\n|-weather|SunnyDay|[from] ability: Orichalcum Pulse|[of] p1a: Koraidon\n|-activate|p1a: Koraidon|Orichalcum Pulse|[source]\n|turn|12\n|\n|t:|1697896668\n|move|p1a: Koraidon|Flame Charge|p2a: Ursaluna\n|-damage|p2a: Ursaluna|0 fnt\n|-boost|p1a: Koraidon|spe|1\n|faint|p2a: Ursaluna\n|\n|-weather|SunnyDay|[upkeep]\n|upkeep\n|\n|t:|1697896674\n|switch|p2a: Arceus|Arceus-Ground|100\/100\n|turn|13\n|\n|t:|1697896679\n|move|p1a: Koraidon|Collision Course|p2a: Arceus\n|-damage|p2a: Arceus|57\/100\n|move|p2a: Arceus|Trick Room|p2a: Arceus\n|-fieldstart|move: Trick Room|[of] p2a: Arceus\n|\n|-weather|SunnyDay|[upkeep]\n|upkeep\n|turn|14\n|\n|t:|1697896685\n|move|p2a: Arceus|Ice Beam|p1a: Koraidon\n|-supereffective|p1a: Koraidon\n|-damage|p1a: Koraidon|39\/100\n|move|p1a: Koraidon|Collision Course|p2a: Arceus\n|-damage|p2a: Arceus|12\/100\n|\n|-weather|SunnyDay|[upkeep]\n|-heal|p1a: Koraidon|45\/100|[from] item: Leftovers\n|upkeep\n|turn|15\n|\n|t:|1697896695\n|-terastallize|p1a: Koraidon|Fire\n|move|p2a: Arceus|Judgment|p1a: Koraidon\n|-supereffective|p1a: Koraidon\n|-damage|p1a: Koraidon|0 fnt\n|faint|p1a: Koraidon\n|\n|-weather|SunnyDay|[upkeep]\n|upkeep\n|\n|t:|1697896705\n|switch|p1a: Skeledirge|Skeledirge, F|100\/100\n|turn|16\n|\n|t:|1697896709\n|switch|p2a: Slowking|Slowking, F|100\/100\n|move|p1a: Skeledirge|Torch Song|p2a: Slowking\n|-resisted|p2a: Slowking\n|-damage|p2a: Slowking|86\/100\n|-boost|p1a: Skeledirge|spa|1\n|\n|-weather|none\n|upkeep\n|turn|17\n|\n|t:|1697896721\n|move|p2a: Slowking|Scald|p1a: Skeledirge\n|-supereffective|p1a: Skeledirge\n|-damage|p1a: Skeledirge|61\/100\n|move|p1a: Skeledirge|Earth Power|p2a: Slowking\n|-damage|p2a: Slowking|63\/100\n|-unboost|p2a: Slowking|spd|1\n|\n|-fieldend|move: Trick Room\n|upkeep\n|turn|18\n|\n|t:|1697896732\n|switch|p2a: Arceus|Arceus-Ground|12\/100\n|-heal|p2a: Arceus|100\/100|[from] move: Healing Wish\n|move|p1a: Skeledirge|Slack Off|p1a: Skeledirge\n|-heal|p1a: Skeledirge|100\/100\n|\n|upkeep\n|turn|19\n|\n|t:|1697896741\n|move|p2a: Arceus|Judgment|p1a: Skeledirge\n|-supereffective|p1a: Skeledirge\n|-damage|p1a: Skeledirge|3\/100\n|move|p1a: Skeledirge|Will-O-Wisp|p2a: Arceus\n|-status|p2a: Arceus|brn\n|\n|-damage|p2a: Arceus|94\/100 brn|[from] brn\n|upkeep\n|turn|20\n|\n|t:|1697896749\n|move|p2a: Arceus|Judgment|p1a: Skeledirge\n|-supereffective|p1a: Skeledirge\n|-damage|p1a: Skeledirge|0 fnt\n|faint|p1a: Skeledirge\n|\n|-damage|p2a: Arceus|88\/100 brn|[from] brn\n|upkeep\n|\n|t:|1697896755\n|switch|p1a: Zacian|Zacian-Crowned|100\/100\n|-ability|p1a: Zacian|Intrepid Sword|boost\n|-boost|p1a: Zacian|atk|1\n|turn|21\n|\n|t:|1697896760\n|move|p1a: Zacian|Play Rough|p2a: Arceus\n|-damage|p2a: Arceus|41\/100 brn\n|move|p2a: Arceus|Trick Room|p2a: Arceus\n|-fieldstart|move: Trick Room|[of] p2a: Arceus\n|\n|-damage|p2a: Arceus|35\/100 brn|[from] brn\n|upkeep\n|turn|22\n|\n|t:|1697896765\n|move|p2a: Arceus|Judgment|p1a: Zacian\n|-supereffective|p1a: Zacian\n|-damage|p1a: Zacian|0 fnt\n|faint|p1a: Zacian\n|\n|-damage|p2a: Arceus|29\/100 brn|[from] brn\n|upkeep\n|-message|pierreo42 forfeited.\n|\n|win|babynogalXD\n|raw|pierreo42's rating: 1348 &rarr; <strong>1338<\/strong><br \/>(-10 for losing)\n|raw|babynogalXD's rating: 1529 &rarr; <strong>1539<\/strong><br \/>(+10 for winning)\n|l|\u2606pierreo42\n|l|\u2606babynogalXD\n","uploadtime":1697896834,"views":10,"p1id":"pierreo42","p2id":"babynogalxd","formatid":"gen9ubers","rating":1338,"private":0,"password":""}