{"id":"gen9ubers-1995687341","p1":"h4v0ckn1ght","p2":"Skyiewxz","format":"[Gen 9] Ubers","log":"|j|\u2606h4v0ckn1ght\n|j|\u2606Skyiewxz\n|t:|1700593992\n|gametype|singles\n|player|p1|h4v0ckn1ght|lyra|1511\n|player|p2|Skyiewxz|dawn|1639\n|teamsize|p1|6\n|teamsize|p2|6\n|gen|9\n|tier|[Gen 9] Ubers\n|rated|\n|rule|Sleep Clause Mod: Limit one foe put to sleep\n|rule|Species Clause: Limit one of each Pok\u00e9mon\n|rule|OHKO Clause: OHKO moves are banned\n|rule|Evasion Items Clause: Evasion items are banned\n|rule|Evasion Moves Clause: Evasion moves are banned\n|rule|Endless Battle Clause: Forcing endless battles is banned\n|rule|HP Percentage Mod: HP is shown in percentages\n|clearpoke\n|poke|p1|Arceus|\n|poke|p1|Gliscor, M|\n|poke|p1|Kyogre|\n|poke|p1|Iron Treads|\n|poke|p1|Zacian-*|\n|poke|p1|Skeledirge, F|\n|poke|p2|Koraidon|\n|poke|p2|Flutter Mane|\n|poke|p2|Arceus|\n|poke|p2|Miraidon|\n|poke|p2|Ditto|\n|poke|p2|Grimmsnarl, M|\n|teampreview\n|inactive|Battle timer is ON: inactive players will automatically lose when time's up. (requested by h4v0ckn1ght)\n|c|\u2606Skyiewxz|glhf\n|c|\u2606h4v0ckn1ght|hf\n|inactive|h4v0ckn1ght has 120 seconds left.\n|inactive|Skyiewxz has 120 seconds left.\n|\n|t:|1700594027\n|start\n|switch|p1a: Gliscor|Gliscor, M|100\/100\n|switch|p2a: Arceus|Arceus|100\/100\n|turn|1\n|\n|t:|1700594031\n|switch|p2a: Ditto|Ditto|100\/100\n|-transform|p2a: Ditto|p1a: Gliscor|[from] ability: Imposter\n|move|p1a: Gliscor|Toxic|p2a: Ditto\n|-status|p2a: Ditto|tox\n|\n|-status|p1a: Gliscor|tox|[from] item: Toxic Orb\n|upkeep\n|turn|2\n|\n|t:|1700594049\n|switch|p2a: Grimmsnarl|Grimmsnarl, M|100\/100\n|switch|p1a: Kyogre|Kyogre|100\/100\n|-weather|RainDance|[from] ability: Drizzle|[of] p1a: Kyogre\n|\n|-weather|RainDance|[upkeep]\n|upkeep\n|turn|3\n|\n|t:|1700594053\n|move|p2a: Grimmsnarl|Light Screen|p2a: Grimmsnarl\n|-sidestart|p2: Skyiewxz|move: Light Screen\n|move|p1a: Kyogre|Water Spout|p2a: Grimmsnarl\n|-damage|p2a: Grimmsnarl|53\/100\n|\n|-weather|RainDance|[upkeep]\n|upkeep\n|turn|4\n|\n|t:|1700594059\n|move|p1a: Kyogre|Water Spout|p2a: Grimmsnarl\n|-damage|p2a: Grimmsnarl|1\/100\n|move|p2a: Grimmsnarl|Spirit Break|p1a: Kyogre\n|-damage|p1a: Kyogre|68\/100\n|-unboost|p1a: Kyogre|spa|1\n|\n|-weather|RainDance|[upkeep]\n|upkeep\n|turn|5\n|\n|t:|1700594063\n|move|p2a: Grimmsnarl|Reflect|p2a: Grimmsnarl\n|-sidestart|p2: Skyiewxz|Reflect\n|move|p1a: Kyogre|Water Spout|p2a: Grimmsnarl\n|-crit|p2a: Grimmsnarl\n|-damage|p2a: Grimmsnarl|0 fnt\n|faint|p2a: Grimmsnarl\n|\n|-weather|RainDance|[upkeep]\n|upkeep\n|\n|t:|1700594066\n|switch|p2a: Miraidon|Miraidon|100\/100\n|-fieldstart|move: Electric Terrain|[from] ability: Hadron Engine|[of] p2a: Miraidon\n|turn|6\n|\n|t:|1700594089\n|switch|p1a: Iron Treads|Iron Treads|100\/100\n|-activate|p1a: Iron Treads|ability: Quark Drive\n|-start|p1a: Iron Treads|quarkdrivespe\n|move|p2a: Miraidon|Agility|p2a: Miraidon\n|-boost|p2a: Miraidon|spe|2\n|\n|-weather|none\n|upkeep\n|turn|7\n|\n|t:|1700594096\n|move|p2a: Miraidon|Dragon Pulse|p1a: Iron Treads\n|-resisted|p1a: Iron Treads\n|-damage|p1a: Iron Treads|53\/100\n|move|p1a: Iron Treads|Earthquake|p2a: Miraidon\n|-supereffective|p2a: Miraidon\n|-damage|p2a: Miraidon|61\/100\n|-enditem|p2a: Miraidon|Weakness Policy\n|-boost|p2a: Miraidon|atk|2|[from] item: Weakness Policy\n|-boost|p2a: Miraidon|spa|2|[from] item: Weakness Policy\n|\n|-heal|p1a: Iron Treads|59\/100|[from] item: Leftovers\n|upkeep\n|turn|8\n|\n|t:|1700594107\n|move|p2a: Miraidon|Dragon Pulse|p1a: Iron Treads\n|-resisted|p1a: Iron Treads\n|-damage|p1a: Iron Treads|0 fnt\n|faint|p1a: Iron Treads\n|-end|p1a: Iron Treads|Quark Drive|[silent]\n|\n|upkeep\n|\n|t:|1700594114\n|switch|p1a: Skeledirge|Skeledirge, F|100\/100\n|turn|9\n|\n|t:|1700594125\n|switch|p1a: Gliscor|Gliscor, M|100\/100 tox\n|-terastallize|p2a: Miraidon|Electric\n|move|p2a: Miraidon|Parabolic Charge|p1a: Gliscor\n|-immune|p1a: Gliscor\n|\n|upkeep\n|turn|10\n|\n|t:|1700594143\n|switch|p1a: Kyogre|Kyogre|68\/100\n|-weather|RainDance|[from] ability: Drizzle|[of] p1a: Kyogre\n|move|p2a: Miraidon|Dragon Pulse|p1a: Kyogre\n|-damage|p1a: Kyogre|0 fnt\n|faint|p1a: Kyogre\n|\n|-weather|RainDance|[upkeep]\n|-sideend|p2: Skyiewxz|move: Light Screen\n|-fieldend|move: Electric Terrain\n|upkeep\n|\n|t:|1700594153\n|switch|p1a: Skeledirge|Skeledirge, F|100\/100\n|turn|11\n|\n|t:|1700594157\n|move|p2a: Miraidon|Dragon Pulse|p1a: Skeledirge\n|-damage|p1a: Skeledirge|52\/100\n|move|p1a: Skeledirge|Earth Power|p2a: Miraidon\n|-supereffective|p2a: Miraidon\n|-damage|p2a: Miraidon|25\/100\n|\n|-weather|RainDance|[upkeep]\n|upkeep\n|turn|12\n|\n|t:|1700594163\n|move|p2a: Miraidon|Parabolic Charge|p1a: Skeledirge\n|-damage|p1a: Skeledirge|0 fnt\n|-heal|p2a: Miraidon|52\/100|[from] drain|[of] p1a: Skeledirge\n|faint|p1a: Skeledirge\n|\n|-weather|RainDance|[upkeep]\n|-sideend|p2: Skyiewxz|Reflect\n|upkeep\n|\n|t:|1700594167\n|switch|p1a: Arceus|Arceus|100\/100\n|turn|13\n|\n|t:|1700594171\n|-terastallize|p1a: Arceus|Normal\n|move|p1a: Arceus|Extreme Speed|p2a: Miraidon\n|-damage|p2a: Miraidon|0 fnt\n|faint|p2a: Miraidon\n|\n|-weather|RainDance|[upkeep]\n|upkeep\n|\n|t:|1700594178\n|switch|p2a: Koraidon|Koraidon|100\/100\n|-weather|SunnyDay|[from] ability: Orichalcum Pulse|[of] p2a: Koraidon\n|-activate|p2a: Koraidon|Orichalcum Pulse|[source]\n|turn|14\n|\n|t:|1700594186\n|move|p1a: Arceus|Extreme Speed|p2a: Koraidon\n|-damage|p2a: Koraidon|34\/100\n|move|p2a: Koraidon|Swords Dance|p2a: Koraidon\n|-boost|p2a: Koraidon|atk|2\n|\n|-weather|SunnyDay|[upkeep]\n|-heal|p2a: Koraidon|40\/100|[from] item: Leftovers\n|upkeep\n|turn|15\n|\n|t:|1700594190\n|switch|p2a: Flutter Mane|Flutter Mane|100\/100\n|-activate|p2a: Flutter Mane|ability: Protosynthesis\n|-start|p2a: Flutter Mane|protosynthesisspe\n|move|p1a: Arceus|Extreme Speed|p2a: Flutter Mane\n|-immune|p2a: Flutter Mane\n|\n|-weather|SunnyDay|[upkeep]\n|upkeep\n|turn|16\n|\n|t:|1700594202\n|switch|p1a: Zacian|Zacian-Crowned|100\/100\n|-ability|p1a: Zacian|Intrepid Sword|boost\n|-boost|p1a: Zacian|atk|1\n|move|p2a: Flutter Mane|Moonblast|p1a: Zacian\n|-resisted|p1a: Zacian\n|-damage|p1a: Zacian|68\/100\n|-damage|p2a: Flutter Mane|91\/100|[from] item: Life Orb\n|\n|-weather|SunnyDay|[upkeep]\n|upkeep\n|turn|17\n|\n|t:|1700594209\n|move|p2a: Flutter Mane|Mystical Fire|p1a: Zacian\n|-supereffective|p1a: Zacian\n|-damage|p1a: Zacian|0 fnt\n|faint|p1a: Zacian\n|-damage|p2a: Flutter Mane|81\/100|[from] item: Life Orb\n|\n|-weather|SunnyDay|[upkeep]\n|upkeep\n|\n|t:|1700594212\n|switch|p1a: Arceus|Arceus, tera:Normal|100\/100\n|turn|18\n|\n|t:|1700594216\n|move|p2a: Flutter Mane|Moonblast|p1a: Arceus\n|-damage|p1a: Arceus|56\/100\n|-unboost|p1a: Arceus|spa|1\n|-damage|p2a: Flutter Mane|71\/100|[from] item: Life Orb\n|move|p1a: Arceus|Swords Dance|p1a: Arceus\n|-boost|p1a: Arceus|atk|2\n|\n|-weather|none\n|-end|p2a: Flutter Mane|Protosynthesis\n|upkeep\n|turn|19\n|\n|t:|1700594225\n|move|p1a: Arceus|Extreme Speed|p2a: Flutter Mane\n|-immune|p2a: Flutter Mane\n|move|p2a: Flutter Mane|Moonblast|p1a: Arceus\n|-damage|p1a: Arceus|7\/100\n|-unboost|p1a: Arceus|spa|1\n|-damage|p2a: Flutter Mane|61\/100|[from] item: Life Orb\n|\n|upkeep\n|turn|20\n|\n|t:|1700594228\n|move|p1a: Arceus|Extreme Speed|p2a: Flutter Mane\n|-immune|p2a: Flutter Mane\n|move|p2a: Flutter Mane|Moonblast|p1a: Arceus\n|-damage|p1a: Arceus|0 fnt\n|faint|p1a: Arceus\n|-damage|p2a: Flutter Mane|51\/100|[from] item: Life Orb\n|\n|upkeep\n|\n|t:|1700594230\n|switch|p1a: Gliscor|Gliscor, M|100\/100 tox\n|turn|21\n|\n|t:|1700594233\n|move|p2a: Flutter Mane|Moonblast|p1a: Gliscor\n|-damage|p1a: Gliscor|43\/100 tox\n|-damage|p2a: Flutter Mane|41\/100|[from] item: Life Orb\n|move|p1a: Gliscor|Toxic|p2a: Flutter Mane\n|-status|p2a: Flutter Mane|tox\n|\n|-damage|p2a: Flutter Mane|35\/100 tox|[from] psn\n|-heal|p1a: Gliscor|56\/100 tox|[from] ability: Poison Heal\n|upkeep\n|turn|22\n|\n|t:|1700594235\n|move|p1a: Gliscor|Protect|p1a: Gliscor\n|-singleturn|p1a: Gliscor|Protect\n|move|p2a: Flutter Mane|Calm Mind|p2a: Flutter Mane\n|-boost|p2a: Flutter Mane|spa|1\n|-boost|p2a: Flutter Mane|spd|1\n|\n|-damage|p2a: Flutter Mane|23\/100 tox|[from] psn\n|-heal|p1a: Gliscor|68\/100 tox|[from] ability: Poison Heal\n|upkeep\n|turn|23\n|\n|t:|1700594238\n|move|p1a: Gliscor|Protect||[still]\n|-fail|p1a: Gliscor\n|move|p2a: Flutter Mane|Moonblast|p1a: Gliscor\n|-damage|p1a: Gliscor|0 fnt\n|faint|p1a: Gliscor\n|-damage|p2a: Flutter Mane|13\/100 tox|[from] item: Life Orb\n|\n|win|Skyiewxz\n|raw|h4v0ckn1ght's rating: 1511 &rarr; <strong>1498<\/strong><br \/>(-13 for losing)\n|raw|Skyiewxz's rating: 1639 &rarr; <strong>1652<\/strong><br \/>(+13 for winning)\n|c|\u2606Skyiewxz|gg\n|c|\u2606h4v0ckn1ght|ggs'\n|l|\u2606h4v0ckn1ght\n","uploadtime":1700594246,"views":0,"p1id":"h4v0ckn1ght","p2id":"skyiewxz","formatid":"gen9ubers","rating":1498,"private":0,"password":""}