{"id":"gen9ubers-1997097563","p1":"GrimThickems","p2":"eragon123","format":"[Gen 9] Ubers","log":"|j|\u2606GrimThickems\n|j|\u2606eragon123\n|t:|1700764245\n|gametype|singles\n|player|p1|GrimThickems|bellelba|1042\n|player|p2|eragon123|youngster-gen4dp|1055\n|teamsize|p1|6\n|teamsize|p2|6\n|gen|9\n|tier|[Gen 9] Ubers\n|rated|\n|rule|Sleep Clause Mod: Limit one foe put to sleep\n|rule|Species Clause: Limit one of each Pok\u00e9mon\n|rule|OHKO Clause: OHKO moves are banned\n|rule|Evasion Items Clause: Evasion items are banned\n|rule|Evasion Moves Clause: Evasion moves are banned\n|rule|Endless Battle Clause: Forcing endless battles is banned\n|rule|HP Percentage Mod: HP is shown in percentages\n|clearpoke\n|poke|p1|Great Tusk|\n|poke|p1|Dragonite, M|\n|poke|p1|Baxcalibur, F|\n|poke|p1|Regieleki|\n|poke|p1|Kingambit, F|\n|poke|p1|Mewtwo|\n|poke|p2|Darkrai|\n|poke|p2|Ceruledge, F|\n|poke|p2|Ninetales-Alola, F|\n|poke|p2|Lilligant-Hisui, F|\n|poke|p2|Dragapult, M|\n|poke|p2|Regieleki|\n|teampreview\n|inactive|Battle timer is ON: inactive players will automatically lose when time's up. (requested by eragon123)\n|\n|t:|1700764254\n|start\n|switch|p1a: Mewtwo|Mewtwo|100\/100\n|switch|p2a: Regieleki|Regieleki|100\/100\n|-ability|p1a: Mewtwo|Unnerve\n|-item|p2a: Regieleki|Air Balloon\n|turn|1\n|\n|t:|1700764262\n|move|p2a: Regieleki|Light Screen|p2a: Regieleki\n|-sidestart|p2: eragon123|move: Light Screen\n|move|p1a: Mewtwo|Nasty Plot|p1a: Mewtwo\n|-boost|p1a: Mewtwo|spa|2\n|\n|upkeep\n|turn|2\n|\n|t:|1700764268\n|move|p2a: Regieleki|Reflect|p2a: Regieleki\n|-sidestart|p2: eragon123|Reflect\n|move|p1a: Mewtwo|Agility|p1a: Mewtwo\n|-boost|p1a: Mewtwo|spe|2\n|\n|upkeep\n|turn|3\n|\n|t:|1700764273\n|move|p1a: Mewtwo|Taunt|p2a: Regieleki\n|-start|p2a: Regieleki|move: Taunt\n|move|p2a: Regieleki|Explosion|p1a: Mewtwo\n|-damage|p1a: Mewtwo|42\/100\n|faint|p2a: Regieleki\n|\n|upkeep\n|\n|t:|1700764281\n|switch|p2a: Ninetales|Ninetales-Alola, F|100\/100\n|-weather|Snow|[from] ability: Snow Warning|[of] p2a: Ninetales\n|turn|4\n|\n|t:|1700764285\n|move|p1a: Mewtwo|Psystrike|p2a: Ninetales\n|-damage|p2a: Ninetales|27\/100\n|-damage|p1a: Mewtwo|32\/100|[from] item: Life Orb\n|move|p2a: Ninetales|Aurora Veil|p2a: Ninetales\n|-sidestart|p2: eragon123|move: Aurora Veil\n|\n|-weather|Snow|[upkeep]\n|upkeep\n|turn|5\n|\n|t:|1700764294\n|move|p1a: Mewtwo|Psystrike|p2a: Ninetales\n|-damage|p2a: Ninetales|0 fnt\n|faint|p2a: Ninetales\n|-damage|p1a: Mewtwo|22\/100|[from] item: Life Orb\n|\n|-weather|Snow|[upkeep]\n|-sideend|p2: eragon123|move: Light Screen\n|upkeep\n|\n|t:|1700764304\n|switch|p2a: Dragapult|Dragapult, M|100\/100\n|turn|6\n|\n|t:|1700764307\n|move|p1a: Mewtwo|Psystrike|p2a: Dragapult\n|-damage|p2a: Dragapult|1\/100\n|-damage|p1a: Mewtwo|12\/100|[from] item: Life Orb\n|move|p2a: Dragapult|Dragon Darts|p1a: Mewtwo\n|-damage|p1a: Mewtwo|0 fnt\n|faint|p1a: Mewtwo\n|\n|-weather|Snow|[upkeep]\n|-heal|p2a: Dragapult|7\/100|[from] item: Leftovers\n|-sideend|p2: eragon123|Reflect\n|upkeep\n|\n|t:|1700764311\n|switch|p1a: Regieleki|Regieleki, shiny|100\/100\n|turn|7\n|\n|t:|1700764320\n|move|p1a: Regieleki|Wild Charge|p2a: Dragapult\n|-resisted|p2a: Dragapult\n|-damage|p2a: Dragapult|0 fnt\n|faint|p2a: Dragapult\n|-damage|p1a: Regieleki|99\/100|[from] Recoil\n|-damage|p1a: Regieleki|89\/100|[from] item: Life Orb\n|\n|-weather|Snow|[upkeep]\n|upkeep\n|\n|t:|1700764329\n|switch|p2a: Darkrai|Darkrai|100\/100\n|turn|8\n|\n|t:|1700764342\n|move|p1a: Regieleki|Wild Charge|p2a: Darkrai\n|-damage|p2a: Darkrai|54\/100\n|-damage|p1a: Regieleki|78\/100|[from] Recoil\n|-damage|p1a: Regieleki|68\/100|[from] item: Life Orb\n|move|p2a: Darkrai|Dark Void|p1a: Regieleki\n|-status|p1a: Regieleki|slp|[from] move: Dark Void\n|\n|-weather|none\n|-sideend|p2: eragon123|move: Aurora Veil\n|-damage|p1a: Regieleki|55\/100 slp|[from] ability: Bad Dreams|[of] p2a: Darkrai\n|upkeep\n|turn|9\n|\n|t:|1700764353\n|cant|p1a: Regieleki|slp\n|move|p2a: Darkrai|Nasty Plot|p2a: Darkrai\n|-boost|p2a: Darkrai|spa|2\n|\n|-damage|p1a: Regieleki|43\/100 slp|[from] ability: Bad Dreams|[of] p2a: Darkrai\n|upkeep\n|turn|10\n|\n|t:|1700764363\n|-curestatus|p1a: Regieleki|slp|[msg]\n|move|p1a: Regieleki|Explosion|p2a: Darkrai\n|-damage|p2a: Darkrai|0 fnt\n|faint|p1a: Regieleki\n|faint|p2a: Darkrai\n|\n|upkeep\n|\n|t:|1700764374\n|switch|p1a: Great Tusk|Great Tusk, shiny|100\/100\n|switch|p2a: Ceruledge|Ceruledge, F|100\/100\n|turn|11\n|\n|t:|1700764385\n|move|p2a: Ceruledge|Bitter Blade|p1a: Great Tusk\n|-damage|p1a: Great Tusk|79\/100\n|move|p1a: Great Tusk|Knock Off|p2a: Ceruledge\n|-supereffective|p2a: Ceruledge\n|-damage|p2a: Ceruledge|31\/100\n|-ability|p2a: Ceruledge|Weak Armor|boost\n|-unboost|p2a: Ceruledge|def|1\n|-boost|p2a: Ceruledge|spe|2\n|-enditem|p2a: Ceruledge|Weakness Policy\n|-boost|p2a: Ceruledge|atk|2|[from] item: Weakness Policy\n|-boost|p2a: Ceruledge|spa|2|[from] item: Weakness Policy\n|\n|-heal|p1a: Great Tusk|85\/100|[from] item: Leftovers\n|upkeep\n|turn|12\n|\n|t:|1700764398\n|-terastallize|p2a: Ceruledge|Fire\n|move|p2a: Ceruledge|Bitter Blade|p1a: Great Tusk\n|-damage|p1a: Great Tusk|22\/100\n|-heal|p2a: Ceruledge|79\/100|[from] drain|[of] p1a: Great Tusk\n|move|p1a: Great Tusk|Stealth Rock|p2a: Ceruledge\n|-sidestart|p2: eragon123|move: Stealth Rock\n|\n|-heal|p1a: Great Tusk|28\/100|[from] item: Leftovers\n|upkeep\n|turn|13\n|\n|t:|1700764409\n|move|p2a: Ceruledge|Bitter Blade|p1a: Great Tusk\n|-damage|p1a: Great Tusk|0 fnt\n|-heal|p2a: Ceruledge|99\/100|[from] drain|[of] p1a: Great Tusk\n|faint|p1a: Great Tusk\n|-end|p1a: Great Tusk|Protosynthesis|[silent]\n|\n|upkeep\n|\n|t:|1700764418\n|switch|p1a: Dragonite|Dragonite, M, shiny|100\/100\n|turn|14\n|\n|t:|1700764423\n|move|p2a: Ceruledge|Swords Dance|p2a: Ceruledge\n|-boost|p2a: Ceruledge|atk|2\n|move|p1a: Dragonite|Dragon Dance|p1a: Dragonite\n|-boost|p1a: Dragonite|atk|1\n|-boost|p1a: Dragonite|spe|1\n|\n|upkeep\n|turn|15\n|\n|t:|1700764435\n|move|p2a: Ceruledge|Bitter Blade|p1a: Dragonite\n|-resisted|p1a: Dragonite\n|-damage|p1a: Dragonite|48\/100\n|-heal|p2a: Ceruledge|100\/100|[from] drain|[of] p1a: Dragonite\n|move|p1a: Dragonite|Earthquake|p2a: Ceruledge\n|-supereffective|p2a: Ceruledge\n|-damage|p2a: Ceruledge|0 fnt\n|faint|p2a: Ceruledge\n|\n|upkeep\n|-message|eragon123 forfeited.\n|\n|win|GrimThickems\n|raw|GrimThickems's rating: 1042 &rarr; <strong>1077<\/strong><br \/>(+35 for winning)\n|raw|eragon123's rating: 1055 &rarr; <strong>1036<\/strong><br \/>(-19 for losing)\n|l|\u2606eragon123\n","uploadtime":1700764448,"views":5,"p1id":"grimthickems","p2id":"eragon123","formatid":"gen9ubers","rating":1036,"private":0,"password":""}