{"id":"gen9ubers-1970166079","p1":"efwin2763","p2":"leonissenbaum","format":"[Gen 9] Ubers","log":"|j|\u2606efwin2763\n|j|\u2606leonissenbaum\n|t:|1697603848\n|gametype|singles\n|player|p1|efwin2763|ghetsis-gen5bw|\n|player|p2|leonissenbaum|leon|\n|teamsize|p1|6\n|teamsize|p2|6\n|gen|9\n|tier|[Gen 9] Ubers\n|rule|Sleep Clause Mod: Limit one foe put to sleep\n|rule|Species Clause: Limit one of each Pok\u00e9mon\n|rule|OHKO Clause: OHKO moves are banned\n|rule|Evasion Items Clause: Evasion items are banned\n|rule|Evasion Moves Clause: Evasion moves are banned\n|rule|Endless Battle Clause: Forcing endless battles is banned\n|rule|HP Percentage Mod: HP is shown in percentages\n|clearpoke\n|poke|p1|Tyranitar, M|\n|poke|p1|Landorus, M|\n|poke|p1|Ogerpon-Wellspring, F|\n|poke|p1|Zamazenta-*|\n|poke|p1|Ursaluna-Bloodmoon, M|\n|poke|p1|Houndstone, M|\n|poke|p2|Giratina|\n|poke|p2|Gliscor, M|\n|poke|p2|Blissey, F|\n|poke|p2|Dondozo, F|\n|poke|p2|Clefable, F|\n|poke|p2|Magearna|\n|teampreview\n|inactive|Battle timer is ON: inactive players will automatically lose when time's up. (requested by efwin2763)\n|c|\u2606leonissenbaum|gl\n|c|\u2606efwin2763|glhf\n|inactive|efwin2763 has 270 seconds left.\n|\n|t:|1697603879\n|start\n|switch|p1a: Zamazenta|Zamazenta-Crowned|100\/100\n|switch|p2a: Gliscor|Gliscor, M|100\/100\n|-ability|p1a: Zamazenta|Dauntless Shield|boost\n|-boost|p1a: Zamazenta|def|1\n|turn|1\n|j| vespyyy\n|\n|t:|1697603887\n|switch|p1a: Landorus|Landorus, M|100\/100\n|move|p2a: Gliscor|Toxic Spikes|p1a: Landorus\n|-sidestart|p1: efwin2763|move: Toxic Spikes\n|\n|-status|p2a: Gliscor|tox|[from] item: Toxic Orb\n|upkeep\n|turn|2\n|\n|t:|1697603896\n|move|p1a: Landorus|Nasty Plot|p1a: Landorus\n|-boost|p1a: Landorus|spa|2\n|move|p2a: Gliscor|Toxic Spikes|p1a: Landorus\n|-sidestart|p1: efwin2763|move: Toxic Spikes\n|\n|upkeep\n|turn|3\n|\n|t:|1697603901\n|switch|p2a: Clefable|Clefable, F|100\/100\n|move|p1a: Landorus|Nasty Plot|p1a: Landorus\n|-boost|p1a: Landorus|spa|2\n|\n|upkeep\n|turn|4\n|\n|t:|1697603911\n|move|p1a: Landorus|Earth Power|p2a: Clefable\n|-damage|p2a: Clefable|52\/100\n|move|p2a: Clefable|Amnesia|p2a: Clefable\n|-boost|p2a: Clefable|spd|2\n|\n|-heal|p2a: Clefable|58\/100|[from] item: Leftovers\n|upkeep\n|turn|5\n|\n|t:|1697603923\n|switch|p1a: Ogerpon|Ogerpon-Wellspring, F|100\/100\n|-status|p1a: Ogerpon|tox\n|move|p2a: Clefable|Wish|p2a: Clefable\n|\n|-heal|p2a: Clefable|64\/100|[from] item: Leftovers\n|-damage|p1a: Ogerpon|95\/100 tox|[from] psn\n|upkeep\n|turn|6\n|\n|t:|1697603942\n|move|p2a: Clefable|Protect|p2a: Clefable\n|-singleturn|p2a: Clefable|Protect\n|move|p1a: Ogerpon|Ivy Cudgel|p2a: Clefable\n|-activate|p2a: Clefable|move: Protect\n|\n|-heal|p2a: Clefable|100\/100|[from] move: Wish|[wisher] Clefable\n|-damage|p1a: Ogerpon|83\/100 tox|[from] psn\n|upkeep\n|turn|7\n|\n|t:|1697603954\n|move|p1a: Ogerpon|Wood Hammer|p2a: Clefable\n|-damage|p2a: Clefable|14\/100\n|-damage|p1a: Ogerpon|46\/100 tox|[from] Recoil\n|move|p2a: Clefable|Wish|p2a: Clefable\n|\n|-heal|p2a: Clefable|21\/100|[from] item: Leftovers\n|-damage|p1a: Ogerpon|28\/100 tox|[from] psn\n|upkeep\n|turn|8\n|\n|t:|1697603962\n|move|p2a: Clefable|Protect|p2a: Clefable\n|-singleturn|p2a: Clefable|Protect\n|move|p1a: Ogerpon|Ivy Cudgel|p2a: Clefable\n|-activate|p2a: Clefable|move: Protect\n|\n|-heal|p2a: Clefable|71\/100|[from] move: Wish|[wisher] Clefable\n|-heal|p2a: Clefable|77\/100|[from] item: Leftovers\n|-damage|p1a: Ogerpon|4\/100 tox|[from] psn\n|upkeep\n|turn|9\n|\n|t:|1697603973\n|switch|p2a: Giratina|Giratina, shiny|100\/100\n|-ability|p2a: Giratina|Pressure\n|move|p1a: Ogerpon|Wood Hammer|p2a: Giratina\n|-resisted|p2a: Giratina\n|-damage|p2a: Giratina|80\/100\n|-damage|p1a: Ogerpon|0 fnt|[from] Recoil\n|faint|p1a: Ogerpon\n|\n|-heal|p2a: Giratina|86\/100|[from] item: Leftovers\n|upkeep\n|\n|t:|1697603987\n|switch|p1a: Landorus|Landorus, M|100\/100\n|turn|10\n|\n|t:|1697603996\n|move|p1a: Landorus|Nasty Plot|p1a: Landorus\n|-boost|p1a: Landorus|spa|2\n|move|p2a: Giratina|Poltergeist|p1a: Landorus\n|-activate|p1a: Landorus|move: Poltergeist|Life Orb\n|-damage|p1a: Landorus|54\/100\n|\n|-heal|p2a: Giratina|92\/100|[from] item: Leftovers\n|upkeep\n|turn|11\n|\n|t:|1697604012\n|switch|p2a: Gliscor|Gliscor, M|100\/100 tox\n|-terastallize|p1a: Landorus|Fairy\n|move|p1a: Landorus|Tera Blast|p2a: Gliscor|[anim] Tera Blast Fairy\n|-damage|p2a: Gliscor|23\/100 tox\n|-damage|p1a: Landorus|44\/100|[from] item: Life Orb\n|\n|-heal|p2a: Gliscor|36\/100 tox|[from] ability: Poison Heal\n|upkeep\n|turn|12\n|\n|t:|1697604022\n|move|p2a: Gliscor|Protect|p2a: Gliscor\n|-singleturn|p2a: Gliscor|Protect\n|move|p1a: Landorus|Tera Blast|p2a: Gliscor|[anim] Tera Blast Fairy\n|-activate|p2a: Gliscor|move: Protect\n|\n|-heal|p2a: Gliscor|48\/100 tox|[from] ability: Poison Heal\n|upkeep\n|turn|13\n|\n|t:|1697604025\n|switch|p2a: Clefable|Clefable, F|77\/100\n|move|p1a: Landorus|Tera Blast|p2a: Clefable|[anim] Tera Blast Fairy\n|-damage|p2a: Clefable|46\/100\n|-damage|p1a: Landorus|35\/100|[from] item: Life Orb\n|\n|-heal|p2a: Clefable|52\/100|[from] item: Leftovers\n|upkeep\n|turn|14\n|\n|t:|1697604039\n|switch|p1a: Zamazenta|Zamazenta-Crowned|100\/100\n|move|p2a: Clefable|Protect||[still]\n|-fail|p2a: Clefable\n|\n|-heal|p2a: Clefable|58\/100|[from] item: Leftovers\n|upkeep\n|turn|15\n|\n|t:|1697604046\n|move|p2a: Clefable|Protect|p2a: Clefable\n|-singleturn|p2a: Clefable|Protect\n|move|p1a: Zamazenta|Iron Defense|p1a: Zamazenta\n|-boost|p1a: Zamazenta|def|2\n|\n|-heal|p2a: Clefable|64\/100|[from] item: Leftovers\n|upkeep\n|turn|16\n|\n|t:|1697604051\n|switch|p2a: Dondozo|Dondozo, F|100\/100\n|move|p1a: Zamazenta|Iron Defense|p1a: Zamazenta\n|-boost|p1a: Zamazenta|def|2\n|\n|upkeep\n|turn|17\n|\n|t:|1697604055\n|move|p1a: Zamazenta|Iron Defense|p1a: Zamazenta\n|-boost|p1a: Zamazenta|def|2\n|move|p2a: Dondozo|Body Press|p1a: Zamazenta\n|-supereffective|p1a: Zamazenta\n|-damage|p1a: Zamazenta|65\/100\n|\n|upkeep\n|turn|18\n|\n|t:|1697604060\n|move|p1a: Zamazenta|Body Press|p2a: Dondozo\n|-damage|p2a: Dondozo|84\/100\n|-damage|p1a: Zamazenta|49\/100|[from] item: Rocky Helmet|[of] p2a: Dondozo\n|move|p2a: Dondozo|Body Press|p1a: Zamazenta\n|-supereffective|p1a: Zamazenta\n|-damage|p1a: Zamazenta|11\/100\n|\n|upkeep\n|turn|19\n|\n|t:|1697604064\n|move|p2a: Dondozo|Liquidation|p1a: Zamazenta\n|-damage|p1a: Zamazenta|0 fnt\n|faint|p1a: Zamazenta\n|\n|upkeep\n|\n|t:|1697604076\n|switch|p1a: Landorus|Landorus, M, tera:Fairy|35\/100\n|-status|p1a: Landorus|tox\n|turn|20\n|j| mimolette7\n|\n|t:|1697604086\n|move|p1a: Landorus|Earth Power|p2a: Dondozo\n|-damage|p2a: Dondozo|14\/100\n|move|p2a: Dondozo|Liquidation|p1a: Landorus\n|-damage|p1a: Landorus|0 fnt\n|faint|p1a: Landorus\n|\n|upkeep\n|\n|t:|1697604093\n|switch|p1a: Ursaluna|Ursaluna-Bloodmoon, M|100\/100\n|-status|p1a: Ursaluna|tox\n|turn|21\n|inactive|leonissenbaum has 270 seconds left.\n|\n|t:|1697604124\n|switch|p2a: Clefable|Clefable, F|64\/100\n|move|p1a: Ursaluna|Blood Moon|p2a: Clefable\n|-damage|p2a: Clefable|8\/100\n|\n|-heal|p2a: Clefable|14\/100|[from] item: Leftovers\n|-damage|p1a: Ursaluna|95\/100 tox|[from] psn\n|upkeep\n|turn|22\n|\n|t:|1697604131\n|move|p2a: Clefable|Protect|p2a: Clefable\n|-singleturn|p2a: Clefable|Protect\n|move|p1a: Ursaluna|Focus Blast|p2a: Clefable\n|-activate|p2a: Clefable|move: Protect\n|\n|-heal|p2a: Clefable|20\/100|[from] item: Leftovers\n|-heal|p1a: Ursaluna|100\/100 tox|[from] item: Leftovers\n|-damage|p1a: Ursaluna|89\/100 tox|[from] psn\n|upkeep\n|turn|23\n|\n|t:|1697604136\n|move|p2a: Clefable|Wish|p2a: Clefable\n|move|p1a: Ursaluna|Focus Blast|p2a: Clefable\n|-resisted|p2a: Clefable\n|-damage|p2a: Clefable|4\/100\n|\n|-heal|p2a: Clefable|10\/100|[from] item: Leftovers\n|-heal|p1a: Ursaluna|95\/100 tox|[from] item: Leftovers\n|-damage|p1a: Ursaluna|77\/100 tox|[from] psn\n|upkeep\n|turn|24\n|j| Pajoomas!\n|c|\u2606efwin2763|no way\n|c|\u2606leonissenbaum|lmao\n|c|\u2606efwin2763|bruh\n|\n|t:|1697604161\n|move|p2a: Clefable|Protect|p2a: Clefable\n|-singleturn|p2a: Clefable|Protect\n|move|p1a: Ursaluna|Calm Mind|p1a: Ursaluna\n|-boost|p1a: Ursaluna|spa|1\n|-boost|p1a: Ursaluna|spd|1\n|\n|-heal|p2a: Clefable|60\/100|[from] move: Wish|[wisher] Clefable\n|-heal|p2a: Clefable|66\/100|[from] item: Leftovers\n|-heal|p1a: Ursaluna|83\/100 tox|[from] item: Leftovers\n|-damage|p1a: Ursaluna|59\/100 tox|[from] psn\n|upkeep\n|turn|25\n|\n|t:|1697604168\n|move|p2a: Clefable|Wish|p2a: Clefable\n|move|p1a: Ursaluna|Moonlight|p1a: Ursaluna\n|-heal|p1a: Ursaluna|100\/100 tox\n|\n|-heal|p2a: Clefable|72\/100|[from] item: Leftovers\n|-damage|p1a: Ursaluna|71\/100 tox|[from] psn\n|upkeep\n|turn|26\n|\n|t:|1697604174\n|switch|p2a: Dondozo|Dondozo, F|14\/100\n|move|p1a: Ursaluna|Blood Moon|p2a: Dondozo\n|-damage|p2a: Dondozo|0 fnt\n|faint|p2a: Dondozo\n|\n|-heal|p1a: Ursaluna|77\/100 tox|[from] item: Leftovers\n|-damage|p1a: Ursaluna|41\/100 tox|[from] psn\n|upkeep\n|\n|t:|1697604177\n|switch|p2a: Clefable|Clefable, F|72\/100\n|turn|27\n|\n|t:|1697604183\n|move|p2a: Clefable|Amnesia|p2a: Clefable\n|-boost|p2a: Clefable|spd|2\n|move|p1a: Ursaluna|Moonlight|p1a: Ursaluna\n|-heal|p1a: Ursaluna|90\/100 tox\n|\n|-heal|p2a: Clefable|78\/100|[from] item: Leftovers\n|-heal|p1a: Ursaluna|96\/100 tox|[from] item: Leftovers\n|-damage|p1a: Ursaluna|54\/100 tox|[from] psn\n|upkeep\n|turn|28\n|\n|t:|1697604189\n|move|p2a: Clefable|Moonblast|p1a: Ursaluna\n|-damage|p1a: Ursaluna|15\/100 tox\n|move|p1a: Ursaluna|Blood Moon|p2a: Clefable\n|-damage|p2a: Clefable|50\/100\n|\n|-heal|p2a: Clefable|56\/100|[from] item: Leftovers\n|-heal|p1a: Ursaluna|21\/100 tox|[from] item: Leftovers\n|-damage|p1a: Ursaluna|0 fnt|[from] psn\n|faint|p1a: Ursaluna\n|upkeep\n|c|\u2606efwin2763|damn clef\n|\n|t:|1697604196\n|switch|p1a: Tyranitar|Tyranitar, M|100\/100\n|-status|p1a: Tyranitar|tox\n|-weather|Sandstorm|[from] ability: Sand Stream|[of] p1a: Tyranitar\n|turn|29\n|\n|t:|1697604202\n|move|p1a: Tyranitar|Rock Blast|p2a: Clefable\n|-damage|p2a: Clefable|43\/100\n|-damage|p2a: Clefable|32\/100\n|-damage|p2a: Clefable|19\/100\n|-hitcount|p2a: Clefable|3\n|move|p2a: Clefable|Wish|p2a: Clefable\n|\n|-weather|Sandstorm|[upkeep]\n|-damage|p2a: Clefable|13\/100|[from] Sandstorm\n|-heal|p2a: Clefable|19\/100|[from] item: Leftovers\n|-damage|p1a: Tyranitar|94\/100 tox|[from] psn\n|upkeep\n|turn|30\n|\n|t:|1697604212\n|move|p2a: Clefable|Protect|p2a: Clefable\n|-singleturn|p2a: Clefable|Protect\n|move|p1a: Tyranitar|Rock Blast|p2a: Clefable\n|-activate|p2a: Clefable|move: Protect\n|\n|-weather|Sandstorm|[upkeep]\n|-damage|p2a: Clefable|13\/100|[from] Sandstorm\n|-heal|p2a: Clefable|63\/100|[from] move: Wish|[wisher] Clefable\n|-heal|p2a: Clefable|69\/100|[from] item: Leftovers\n|-damage|p1a: Tyranitar|82\/100 tox|[from] psn\n|upkeep\n|turn|31\n|\n|t:|1697604218\n|switch|p1a: Houndstone|Houndstone, M|100\/100\n|move|p2a: Clefable|Wish|p2a: Clefable\n|\n|-weather|Sandstorm|[upkeep]\n|-damage|p2a: Clefable|63\/100|[from] Sandstorm\n|-heal|p2a: Clefable|69\/100|[from] item: Leftovers\n|upkeep\n|turn|32\n|\n|t:|1697604228\n|move|p2a: Clefable|Protect|p2a: Clefable\n|-singleturn|p2a: Clefable|Protect\n|move|p1a: Houndstone|Last Respects|p2a: Clefable\n|-activate|p2a: Clefable|move: Protect\n|\n|-weather|Sandstorm|[upkeep]\n|-damage|p2a: Clefable|63\/100|[from] Sandstorm\n|-heal|p2a: Clefable|100\/100|[from] move: Wish|[wisher] Clefable\n|upkeep\n|turn|33\n|\n|t:|1697604232\n|switch|p2a: Blissey|Blissey, F|100\/100\n|move|p1a: Houndstone|Last Respects|p2a: Blissey\n|-immune|p2a: Blissey\n|\n|-weather|Sandstorm|[upkeep]\n|-damage|p2a: Blissey|94\/100|[from] Sandstorm\n|-heal|p2a: Blissey|100\/100|[from] item: Leftovers\n|upkeep\n|turn|34\n|\n|t:|1697604237\n|move|p1a: Houndstone|Body Press|p2a: Blissey\n|-supereffective|p2a: Blissey\n|-damage|p2a: Blissey|64\/100\n|move|p2a: Blissey|Stealth Rock|p1a: Houndstone\n|-sidestart|p1: efwin2763|move: Stealth Rock\n|\n|-weather|Sandstorm|[upkeep]\n|-damage|p2a: Blissey|58\/100|[from] Sandstorm\n|-heal|p2a: Blissey|64\/100|[from] item: Leftovers\n|upkeep\n|turn|35\n|\n|t:|1697604249\n|move|p1a: Houndstone|Body Press|p2a: Blissey\n|-supereffective|p2a: Blissey\n|-damage|p2a: Blissey|29\/100\n|move|p2a: Blissey|Soft-Boiled|p2a: Blissey\n|-heal|p2a: Blissey|79\/100\n|\n|-weather|Sandstorm|[upkeep]\n|-damage|p2a: Blissey|73\/100|[from] Sandstorm\n|-heal|p2a: Blissey|79\/100|[from] item: Leftovers\n|upkeep\n|turn|36\n|\n|t:|1697604254\n|move|p1a: Houndstone|Body Press|p2a: Blissey\n|-supereffective|p2a: Blissey\n|-damage|p2a: Blissey|44\/100\n|move|p2a: Blissey|Soft-Boiled|p2a: Blissey\n|-heal|p2a: Blissey|94\/100\n|\n|-weather|none\n|-heal|p2a: Blissey|99\/100|[from] item: Leftovers\n|upkeep\n|turn|37\n|\n|t:|1697604260\n|switch|p1a: Tyranitar|Tyranitar, M|82\/100 tox\n|-damage|p1a: Tyranitar|70\/100 tox|[from] Stealth Rock\n|-weather|Sandstorm|[from] ability: Sand Stream|[of] p1a: Tyranitar\n|switch|p2a: Gliscor|Gliscor, M|48\/100 tox\n|\n|-weather|Sandstorm|[upkeep]\n|-heal|p2a: Gliscor|61\/100 tox|[from] ability: Poison Heal\n|-damage|p1a: Tyranitar|63\/100 tox|[from] psn\n|upkeep\n|turn|38\n|\n|t:|1697604278\n|move|p2a: Gliscor|Protect|p2a: Gliscor\n|-singleturn|p2a: Gliscor|Protect\n|move|p1a: Tyranitar|Rock Blast|p2a: Gliscor\n|-activate|p2a: Gliscor|move: Protect\n|\n|-weather|Sandstorm|[upkeep]\n|-heal|p2a: Gliscor|73\/100 tox|[from] ability: Poison Heal\n|-damage|p1a: Tyranitar|51\/100 tox|[from] psn\n|upkeep\n|turn|39\n|\n|t:|1697604299\n|move|p2a: Gliscor|Earthquake|p1a: Tyranitar\n|-supereffective|p1a: Tyranitar\n|-damage|p1a: Tyranitar|2\/100 tox\n|move|p1a: Tyranitar|Stealth Rock|p2a: Gliscor\n|-sidestart|p2: leonissenbaum|move: Stealth Rock\n|\n|-weather|Sandstorm|[upkeep]\n|-heal|p2a: Gliscor|86\/100 tox|[from] ability: Poison Heal\n|-damage|p1a: Tyranitar|0 fnt|[from] psn\n|faint|p1a: Tyranitar\n|upkeep\n|\n|t:|1697604301\n|switch|p1a: Houndstone|Houndstone, M|100\/100\n|turn|40\n|\n|t:|1697604311\n|move|p2a: Gliscor|Protect|p2a: Gliscor\n|-singleturn|p2a: Gliscor|Protect\n|move|p1a: Houndstone|Last Respects|p2a: Gliscor\n|-activate|p2a: Gliscor|move: Protect\n|\n|-weather|Sandstorm|[upkeep]\n|-heal|p2a: Gliscor|98\/100 tox|[from] ability: Poison Heal\n|upkeep\n|turn|41\n|\n|t:|1697604319\n|move|p1a: Houndstone|Body Press|p2a: Gliscor\n|-resisted|p2a: Gliscor\n|-damage|p2a: Gliscor|91\/100 tox\n|move|p2a: Gliscor|Toxic|p1a: Houndstone\n|-status|p1a: Houndstone|tox\n|\n|-weather|Sandstorm|[upkeep]\n|-damage|p1a: Houndstone|95\/100 tox|[from] psn\n|-heal|p2a: Gliscor|100\/100 tox|[from] ability: Poison Heal\n|upkeep\n|turn|42\n|c|\u2606leonissenbaum|gg\n|c|\u2606efwin2763|gg\n|\n|t:|1697604330\n|move|p2a: Gliscor|Protect|p2a: Gliscor\n|-singleturn|p2a: Gliscor|Protect\n|move|p1a: Houndstone|Last Respects|p2a: Gliscor\n|-activate|p2a: Gliscor|move: Protect\n|\n|-weather|Sandstorm|[upkeep]\n|-damage|p1a: Houndstone|83\/100 tox|[from] psn\n|upkeep\n|turn|43\n|\n|t:|1697604333\n|move|p1a: Houndstone|Last Respects|p2a: Gliscor\n|-damage|p2a: Gliscor|1\/100 tox\n|move|p2a: Gliscor|Earthquake|p1a: Houndstone\n|-crit|p1a: Houndstone\n|-damage|p1a: Houndstone|22\/100 tox\n|\n|-weather|Sandstorm|[upkeep]\n|-damage|p1a: Houndstone|4\/100 tox|[from] psn\n|-heal|p2a: Gliscor|14\/100 tox|[from] ability: Poison Heal\n|upkeep\n|turn|44\n|\n|t:|1697604342\n|move|p2a: Gliscor|Protect|p2a: Gliscor\n|-singleturn|p2a: Gliscor|Protect\n|move|p1a: Houndstone|Last Respects|p2a: Gliscor\n|-activate|p2a: Gliscor|move: Protect\n|\n|-weather|none\n|-damage|p1a: Houndstone|0 fnt|[from] psn\n|faint|p1a: Houndstone\n|\n|win|leonissenbaum\n|upkeep\n|c|\u2606efwin2763|gg\n|c|\u2606efwin2763|gotta go\n|l|\u2606efwin2763\n|c|\u2606leonissenbaum|alright, cya\n","uploadtime":1697604355,"views":40,"p1id":"efwin2763","p2id":"leonissenbaum","formatid":"gen9ubers","rating":0,"private":0,"password":""}