{"id":"gen9ubers-1978804434","p1":"Acetraineraegis","p2":"Bka Onon","format":"[Gen 9] Ubers","log":"|j|\u2606Acetraineraegis\n|j|\u2606Bka Onon\n|t:|1698597269\n|gametype|singles\n|player|p1|Acetraineraegis|skierf-gen4dp|\n|player|p2|Bka Onon|amelia-shuffle|\n|teamsize|p1|6\n|teamsize|p2|6\n|gen|9\n|tier|[Gen 9] Ubers\n|rule|Sleep Clause Mod: Limit one foe put to sleep\n|rule|Species Clause: Limit one of each Pok\u00e9mon\n|rule|OHKO Clause: OHKO moves are banned\n|rule|Evasion Items Clause: Evasion items are banned\n|rule|Evasion Moves Clause: Evasion moves are banned\n|rule|Endless Battle Clause: Forcing endless battles is banned\n|rule|HP Percentage Mod: HP is shown in percentages\n|clearpoke\n|poke|p1|Giratina|\n|poke|p1|Magearna|\n|poke|p1|Landorus, M|\n|poke|p1|Arceus-Poison|\n|poke|p1|Garganacl, F|\n|poke|p1|Shaymin-Sky|\n|poke|p2|Espathra, M|\n|poke|p2|Arceus-Dragon|\n|poke|p2|Palkia-Origin|\n|poke|p2|Gliscor, M|\n|poke|p2|Cyclizar, F|\n|poke|p2|Grimmsnarl, M|\n|teampreview\n|c|\u2606Bka Onon|hf\n|\n|t:|1698597282\n|start\n|switch|p1a: Arceus|Arceus-Poison|100\/100\n|switch|p2a: Gliscor|Gliscor, M|100\/100\n|turn|1\n|\n|t:|1698597297\n|switch|p1a: 60% chance|Shaymin-Sky|100\/100\n|move|p2a: Gliscor|Knock Off|p1a: 60% chance\n|-damage|p1a: 60% chance|75\/100\n|-enditem|p1a: 60% chance|Choice Scarf|[from] move: Knock Off|[of] p2a: Gliscor\n|\n|-status|p2a: Gliscor|tox|[from] item: Toxic Orb\n|upkeep\n|turn|2\n|\n|t:|1698597303\n|switch|p2a: Grimmsnarl|Grimmsnarl, M|100\/100\n|move|p1a: 60% chance|Air Slash|p2a: Grimmsnarl|[miss]\n|-miss|p1a: 60% chance|p2a: Grimmsnarl\n|\n|upkeep\n|turn|3\n|\n|t:|1698597308\n|switch|p1a: Arceus|Arceus-Poison|100\/100\n|move|p2a: Grimmsnarl|Spirit Break|p1a: Arceus\n|-resisted|p1a: Arceus\n|-damage|p1a: Arceus|89\/100\n|-unboost|p1a: Arceus|spa|1\n|\n|upkeep\n|turn|4\n|\n|t:|1698597313\n|move|p2a: Grimmsnarl|Reflect|p2a: Grimmsnarl\n|-sidestart|p2: Bka Onon|Reflect\n|move|p1a: Arceus|Dragon Dance|p1a: Arceus\n|-boost|p1a: Arceus|atk|1\n|-boost|p1a: Arceus|spe|1\n|\n|upkeep\n|turn|5\n|\n|t:|1698597316\n|move|p2a: Grimmsnarl|Parting Shot|p1a: Arceus\n|-unboost|p1a: Arceus|atk|1\n|-unboost|p1a: Arceus|spa|1\n|\n|t:|1698597319\n|switch|p2a: Gliscor|Gliscor, M|100\/100 tox|[from] Parting Shot\n|move|p1a: Arceus|Dragon Dance|p1a: Arceus\n|-boost|p1a: Arceus|atk|1\n|-boost|p1a: Arceus|spe|1\n|\n|upkeep\n|turn|6\n|\n|t:|1698597327\n|-terastallize|p1a: Arceus|Flying\n|move|p1a: Arceus|Dragon Dance|p1a: Arceus\n|-boost|p1a: Arceus|atk|1\n|-boost|p1a: Arceus|spe|1\n|move|p2a: Gliscor|Toxic Spikes|p1a: Arceus\n|-sidestart|p1: Acetraineraegis|move: Toxic Spikes\n|\n|upkeep\n|turn|7\n|\n|t:|1698597339\n|switch|p2a: Palkia|Palkia-Origin, shiny|100\/100\n|-ability|p2a: Palkia|Pressure\n|move|p1a: Arceus|Poison Jab|p2a: Palkia\n|-damage|p2a: Palkia|50\/100\n|-status|p2a: Palkia|psn\n|\n|-damage|p2a: Palkia|38\/100 psn|[from] psn\n|upkeep\n|turn|8\n|\n|t:|1698597347\n|switch|p2a: Gliscor|Gliscor, M|100\/100 tox\n|move|p1a: Arceus|Poison Jab|p2a: Gliscor\n|-resisted|p2a: Gliscor\n|-damage|p2a: Gliscor|79\/100 tox\n|\n|-heal|p2a: Gliscor|91\/100 tox|[from] ability: Poison Heal\n|upkeep\n|turn|9\n|\n|t:|1698597355\n|move|p1a: Arceus|Dragon Dance|p1a: Arceus\n|-boost|p1a: Arceus|atk|1\n|-boost|p1a: Arceus|spe|1\n|move|p2a: Gliscor|Toxic Spikes|p1a: Arceus\n|-sidestart|p1: Acetraineraegis|move: Toxic Spikes\n|\n|-heal|p2a: Gliscor|100\/100 tox|[from] ability: Poison Heal\n|upkeep\n|turn|10\n|\n|t:|1698597362\n|move|p1a: Arceus|Dragon Dance|p1a: Arceus\n|-boost|p1a: Arceus|atk|1\n|-boost|p1a: Arceus|spe|1\n|move|p2a: Gliscor|Knock Off|p1a: Arceus\n|-damage|p1a: Arceus|78\/100\n|\n|upkeep\n|turn|11\n|\n|t:|1698597365\n|move|p1a: Arceus|Dragon Dance|p1a: Arceus\n|-boost|p1a: Arceus|atk|1\n|-boost|p1a: Arceus|spe|1\n|move|p2a: Gliscor|Knock Off|p1a: Arceus\n|-damage|p1a: Arceus|67\/100\n|\n|-sideend|p2: Bka Onon|Reflect\n|upkeep\n|turn|12\n|\n|t:|1698597370\n|move|p1a: Arceus|Dragon Dance|p1a: Arceus\n|-boost|p1a: Arceus|atk|1\n|-boost|p1a: Arceus|spe|0\n|move|p2a: Gliscor|Knock Off|p1a: Arceus\n|-damage|p1a: Arceus|56\/100\n|\n|upkeep\n|turn|13\n|\n|t:|1698597373\n|move|p1a: Arceus|Poison Jab|p2a: Gliscor\n|-resisted|p2a: Gliscor\n|-damage|p2a: Gliscor|14\/100 tox\n|move|p2a: Gliscor|Knock Off|p1a: Arceus\n|-damage|p1a: Arceus|45\/100\n|\n|-heal|p2a: Gliscor|27\/100 tox|[from] ability: Poison Heal\n|upkeep\n|turn|14\n|\n|t:|1698597375\n|move|p2a: Gliscor|Protect|p2a: Gliscor\n|-singleturn|p2a: Gliscor|Protect\n|move|p1a: Arceus|Recover|p1a: Arceus\n|-heal|p1a: Arceus|95\/100\n|\n|-heal|p2a: Gliscor|39\/100 tox|[from] ability: Poison Heal\n|upkeep\n|turn|15\n|\n|t:|1698597385\n|switch|p2a: Palkia|Palkia-Origin, shiny|38\/100 psn\n|-ability|p2a: Palkia|Pressure\n|move|p1a: Arceus|Poison Jab|p2a: Palkia\n|-damage|p2a: Palkia|0 fnt\n|faint|p2a: Palkia\n|\n|upkeep\n|\n|t:|1698597390\n|switch|p2a: Grimmsnarl|Grimmsnarl, M|100\/100\n|turn|16\n|\n|t:|1698597394\n|move|p2a: Grimmsnarl|Reflect|p2a: Grimmsnarl\n|-sidestart|p2: Bka Onon|Reflect\n|move|p1a: Arceus|Poison Jab|p2a: Grimmsnarl\n|-supereffective|p2a: Grimmsnarl\n|-damage|p2a: Grimmsnarl|0 fnt\n|faint|p2a: Grimmsnarl\n|\n|upkeep\n|\n|t:|1698597400\n|switch|p2a: Arceus|Arceus-Dragon|100\/100\n|turn|17\n|\n|t:|1698597403\n|move|p1a: Arceus|Poison Jab|p2a: Arceus\n|-damage|p2a: Arceus|29\/100\n|move|p2a: Arceus|Bulk Up|p2a: Arceus\n|-boost|p2a: Arceus|atk|1\n|-boost|p2a: Arceus|def|1\n|\n|upkeep\n|turn|18\n|\n|t:|1698597407\n|move|p1a: Arceus|Poison Jab|p2a: Arceus\n|-damage|p2a: Arceus|0 fnt\n|faint|p2a: Arceus\n|\n|upkeep\n|c|\u2606Bka Onon|gg\n|-message|Bka Onon forfeited.\n|\n|win|Acetraineraegis\n|l|\u2606Bka Onon\n|c|\u2606Acetraineraegis|Gg\n|l|\u2606Acetraineraegis\n|j|\u2606Bka Onon\n|player|p2|Bka Onon|amelia-shuffle\n","uploadtime":1698597421,"views":24,"p1id":"acetraineraegis","p2id":"bkaonon","formatid":"gen9ubers","rating":0,"private":0,"password":""}