{"id":"gen9ubers-1992823260","p1":"IDaHAN","p2":"yuramas","format":"[Gen 9] Ubers","log":"|j|\u2606IDaHAN\n|j|\u2606yuramas\n|t:|1700238540\n|gametype|singles\n|player|p1|IDaHAN|ethan|\n|player|p2|yuramas|101|\n|teamsize|p1|6\n|teamsize|p2|6\n|gen|9\n|tier|[Gen 9] Ubers\n|rule|Sleep Clause Mod: Limit one foe put to sleep\n|rule|Species Clause: Limit one of each Pok\u00e9mon\n|rule|OHKO Clause: OHKO moves are banned\n|rule|Evasion Items Clause: Evasion items are banned\n|rule|Evasion Moves Clause: Evasion moves are banned\n|rule|Endless Battle Clause: Forcing endless battles is banned\n|rule|HP Percentage Mod: HP is shown in percentages\n|clearpoke\n|poke|p1|Arceus-Ice|\n|poke|p1|Magearna|\n|poke|p1|Zacian-*|\n|poke|p1|Houndstone, M|\n|poke|p1|Dialga|\n|poke|p1|Chi-Yu|\n|poke|p2|Dialga|\n|poke|p2|Ursaluna, F|\n|poke|p2|Magearna|\n|poke|p2|Landorus, M|\n|poke|p2|Zacian-*|\n|poke|p2|Arceus-Fire|\n|teampreview\n|inactive|Battle timer is ON: inactive players will automatically lose when time's up. (requested by IDaHAN)\n|c|\u2606IDaHAN|glhf again :)\n|\n|t:|1700238566\n|start\n|switch|p1a: Arceus|Arceus-Ice|100\/100\n|switch|p2a: Zacian|Zacian|100\/100\n|-ability|p2a: Zacian|Intrepid Sword|boost\n|-boost|p2a: Zacian|atk|1\n|turn|1\n|\n|t:|1700238575\n|switch|p1a: Houndstone|Houndstone, M|100\/100\n|move|p2a: Zacian|Play Rough|p1a: Houndstone|[miss]\n|-miss|p2a: Zacian|p1a: Houndstone\n|\n|upkeep\n|turn|2\n|\n|t:|1700238580\n|move|p2a: Zacian|Play Rough|p1a: Houndstone\n|-damage|p1a: Houndstone|64\/100\n|move|p1a: Houndstone|Will-O-Wisp|p2a: Zacian\n|-status|p2a: Zacian|brn\n|\n|-heal|p1a: Houndstone|70\/100|[from] item: Leftovers\n|-damage|p2a: Zacian|94\/100 brn|[from] brn\n|upkeep\n|turn|3\n|\n|t:|1700238592\n|switch|p2a: Magearna|Magearna|100\/100\n|switch|p1a: Magearna|Magearna|100\/100\n|\n|upkeep\n|turn|4\n|\n|t:|1700238596\n|move|p1a: Magearna|Volt Switch|p2a: Magearna\n|-damage|p2a: Magearna|85\/100\n|\n|t:|1700238600\n|switch|p1a: Chi-Yu|Chi-Yu|100\/100|[from] Volt Switch\n|-ability|p1a: Chi-Yu|Beads of Ruin\n|move|p2a: Magearna|Trick Room|p2a: Magearna\n|-fieldstart|move: Trick Room|[of] p2a: Magearna\n|\n|-heal|p2a: Magearna|91\/100|[from] item: Leftovers\n|upkeep\n|turn|5\n|inactive|yuramas has 270 seconds left.\n|\n|t:|1700238639\n|switch|p2a: Zacian|Zacian|94\/100 brn\n|move|p1a: Chi-Yu|Flamethrower|p2a: Zacian\n|-damage|p2a: Zacian|8\/100 brn\n|\n|-damage|p2a: Zacian|1\/100 brn|[from] brn\n|upkeep\n|turn|6\n|inactive|yuramas has 270 seconds left.\n|\n|t:|1700238645\n|move|p1a: Chi-Yu|Flamethrower|p2a: Zacian\n|-damage|p2a: Zacian|0 fnt\n|faint|p2a: Zacian\n|\n|upkeep\n|\n|t:|1700238648\n|switch|p2a: Ursaluna|Ursaluna, F|100\/100\n|turn|7\n|\n|t:|1700238662\n|switch|p1a: Houndstone|Houndstone, M|70\/100\n|move|p2a: Ursaluna|Earthquake|p1a: Houndstone\n|-damage|p1a: Houndstone|24\/100\n|\n|-heal|p1a: Houndstone|30\/100|[from] item: Leftovers\n|-status|p2a: Ursaluna|brn|[from] item: Flame Orb\n|upkeep\n|turn|8\n|\n|t:|1700238679\n|-terastallize|p1a: Houndstone|Flying\n|move|p2a: Ursaluna|Earthquake|p1a: Houndstone\n|-immune|p1a: Houndstone\n|move|p1a: Houndstone|Body Press|p2a: Ursaluna\n|-supereffective|p2a: Ursaluna\n|-damage|p2a: Ursaluna|64\/100 brn\n|\n|-heal|p1a: Houndstone|36\/100|[from] item: Leftovers\n|-damage|p2a: Ursaluna|58\/100 brn|[from] brn\n|-fieldend|move: Trick Room\n|upkeep\n|turn|9\n|\n|t:|1700238701\n|switch|p1a: Dialga|Dialga|100\/100\n|-ability|p1a: Dialga|Pressure\n|switch|p2a: Magearna|Magearna|91\/100\n|\n|-heal|p2a: Magearna|97\/100|[from] item: Leftovers\n|upkeep\n|turn|10\n|\n|t:|1700238706\n|move|p1a: Dialga|Stealth Rock|p2a: Magearna\n|-sidestart|p2: yuramas|move: Stealth Rock\n|move|p2a: Magearna|Trick Room|p2a: Magearna\n|-fieldstart|move: Trick Room|[of] p2a: Magearna\n|\n|-heal|p2a: Magearna|100\/100|[from] item: Leftovers\n|upkeep\n|turn|11\n|\n|t:|1700238713\n|move|p2a: Magearna|Volt Switch|p1a: Dialga\n|-resisted|p1a: Dialga\n|-crit|p1a: Dialga\n|-damage|p1a: Dialga|88\/100\n|inactive|yuramas has 270 seconds left.\n|\n|t:|1700238746\n|switch|p2a: Landorus|Landorus, M|100\/100|[from] Volt Switch\n|-damage|p2a: Landorus|88\/100|[from] Stealth Rock\n|move|p1a: Dialga|Roar|p2a: Landorus\n|drag|p2a: Magearna|Magearna|100\/100\n|-damage|p2a: Magearna|94\/100|[from] Stealth Rock\n|\n|-heal|p2a: Magearna|100\/100|[from] item: Leftovers\n|-heal|p1a: Dialga|95\/100|[from] item: Leftovers\n|upkeep\n|turn|12\n|inactive|yuramas has 270 seconds left.\n|\n|t:|1700238761\n|move|p2a: Magearna|Volt Switch|p1a: Dialga\n|-resisted|p1a: Dialga\n|-damage|p1a: Dialga|86\/100\n|inactive|yuramas has 270 seconds left.\n|\n|t:|1700238766\n|switch|p2a: Landorus|Landorus, M|88\/100|[from] Volt Switch\n|-damage|p2a: Landorus|76\/100|[from] Stealth Rock\n|move|p1a: Dialga|Draco Meteor|p2a: Landorus\n|-damage|p2a: Landorus|0 fnt\n|-unboost|p1a: Dialga|spa|2\n|faint|p2a: Landorus\n|\n|-heal|p1a: Dialga|92\/100|[from] item: Leftovers\n|upkeep\n|\n|t:|1700238770\n|switch|p2a: Ursaluna|Ursaluna, F|58\/100 brn\n|-damage|p2a: Ursaluna|52\/100 brn|[from] Stealth Rock\n|turn|13\n|inactive|IDaHAN has 270 seconds left.\n|inactive|IDaHAN has 240 seconds left.\n|\n|t:|1700238840\n|move|p2a: Ursaluna|Drain Punch|p1a: Dialga\n|-supereffective|p1a: Dialga\n|-damage|p1a: Dialga|24\/100\n|-heal|p2a: Ursaluna|82\/100 brn|[from] drain|[of] p1a: Dialga\n|move|p1a: Dialga|Draco Meteor|p2a: Ursaluna\n|-damage|p2a: Ursaluna|45\/100 brn\n|-unboost|p1a: Dialga|spa|2\n|\n|-heal|p1a: Dialga|30\/100|[from] item: Leftovers\n|-damage|p2a: Ursaluna|39\/100 brn|[from] brn\n|upkeep\n|turn|14\n|\n|t:|1700238852\n|switch|p1a: Houndstone|Houndstone, M, tera:Flying|36\/100\n|move|p2a: Ursaluna|Facade|p1a: Houndstone\n|-damage|p1a: Houndstone|0 fnt\n|faint|p1a: Houndstone\n|\n|-damage|p2a: Ursaluna|33\/100 brn|[from] brn\n|-fieldend|move: Trick Room\n|upkeep\n|inactive|IDaHAN has 240 seconds left.\n|\n|t:|1700238861\n|switch|p1a: Arceus|Arceus-Ice|100\/100\n|turn|15\n|\n|t:|1700238865\n|switch|p2a: Magearna|Magearna|100\/100\n|-damage|p2a: Magearna|94\/100|[from] Stealth Rock\n|move|p1a: Arceus|Judgment|p2a: Magearna\n|-resisted|p2a: Magearna\n|-damage|p2a: Magearna|72\/100\n|\n|-heal|p2a: Magearna|78\/100|[from] item: Leftovers\n|upkeep\n|turn|16\n|\n|t:|1700238874\n|move|p1a: Arceus|Taunt|p2a: Magearna\n|-start|p2a: Magearna|move: Taunt\n|cant|p2a: Magearna|move: Taunt|Trick Room\n|\n|-heal|p2a: Magearna|84\/100|[from] item: Leftovers\n|upkeep\n|turn|17\n|\n|t:|1700238879\n|move|p1a: Arceus|Calm Mind|p1a: Arceus\n|-boost|p1a: Arceus|spa|1\n|-boost|p1a: Arceus|spd|1\n|move|p2a: Magearna|Volt Switch|p1a: Arceus\n|-damage|p1a: Arceus|91\/100\n|\n|t:|1700238885\n|switch|p2a: Arceus|Arceus-Fire|100\/100|[from] Volt Switch\n|-damage|p2a: Arceus|76\/100|[from] Stealth Rock\n|\n|upkeep\n|turn|18\n|\n|t:|1700238896\n|move|p1a: Arceus|Thunderbolt|p2a: Arceus\n|-damage|p2a: Arceus|40\/100\n|move|p2a: Arceus|Dragon Dance|p2a: Arceus\n|-boost|p2a: Arceus|atk|1\n|-boost|p2a: Arceus|spe|1\n|\n|upkeep\n|turn|19\n|\n|t:|1700238901\n|move|p2a: Arceus|Flare Blitz|p1a: Arceus\n|-supereffective|p1a: Arceus\n|-damage|p1a: Arceus|0 fnt\n|faint|p1a: Arceus\n|-damage|p2a: Arceus|10\/100|[from] Recoil\n|\n|upkeep\n|\n|t:|1700238911\n|switch|p1a: Zacian|Zacian|100\/100\n|-ability|p1a: Zacian|Intrepid Sword|boost\n|-boost|p1a: Zacian|atk|1\n|turn|20\n|inactive|yuramas has 270 seconds left.\n|\n|t:|1700238969\n|move|p2a: Arceus|Earthquake|p1a: Zacian\n|-damage|p1a: Zacian|51\/100\n|move|p1a: Zacian|Crunch|p2a: Arceus\n|-damage|p2a: Arceus|0 fnt\n|faint|p2a: Arceus\n|\n|upkeep\n|\n|t:|1700238974\n|switch|p2a: Magearna|Magearna|84\/100\n|-damage|p2a: Magearna|78\/100|[from] Stealth Rock\n|turn|21\n|\n|t:|1700238978\n|switch|p1a: Chi-Yu|Chi-Yu|100\/100\n|-ability|p1a: Chi-Yu|Beads of Ruin\n|move|p2a: Magearna|Trick Room|p2a: Magearna\n|-fieldstart|move: Trick Room|[of] p2a: Magearna\n|\n|-heal|p2a: Magearna|84\/100|[from] item: Leftovers\n|upkeep\n|turn|22\n|\n|t:|1700238986\n|move|p2a: Magearna|Fleur Cannon|p1a: Chi-Yu\n|-damage|p1a: Chi-Yu|31\/100\n|-unboost|p2a: Magearna|spa|2\n|move|p1a: Chi-Yu|Flamethrower|p2a: Magearna\n|-supereffective|p2a: Magearna\n|-damage|p2a: Magearna|0 fnt\n|faint|p2a: Magearna\n|\n|upkeep\n|\n|t:|1700238990\n|switch|p2a: Ursaluna|Ursaluna, F|33\/100 brn\n|-damage|p2a: Ursaluna|27\/100 brn|[from] Stealth Rock\n|turn|23\n|inactive|IDaHAN has 270 seconds left.\n|\n|t:|1700239030\n|switch|p1a: Magearna|Magearna|100\/100\n|move|p2a: Ursaluna|Earthquake|p1a: Magearna\n|-supereffective|p1a: Magearna\n|-damage|p1a: Magearna|0 fnt\n|faint|p1a: Magearna\n|\n|-damage|p2a: Ursaluna|21\/100 brn|[from] brn\n|upkeep\n|inactive|IDaHAN has 240 seconds left.\n|inactive|IDaHAN has 210 seconds left.\n|\n|t:|1700239106\n|switch|p1a: Dialga|Dialga|30\/100\n|-ability|p1a: Dialga|Pressure\n|turn|24\n|\n|t:|1700239110\n|move|p2a: Ursaluna|Earthquake|p1a: Dialga\n|-supereffective|p1a: Dialga\n|-damage|p1a: Dialga|0 fnt\n|faint|p1a: Dialga\n|\n|-damage|p2a: Ursaluna|15\/100 brn|[from] brn\n|upkeep\n|inactive|IDaHAN has 180 seconds left.\n|\n|t:|1700239163\n|switch|p1a: Chi-Yu|Chi-Yu|31\/100\n|-ability|p1a: Chi-Yu|Beads of Ruin\n|turn|25\n|\n|t:|1700239188\n|move|p2a: Ursaluna|Earthquake|p1a: Chi-Yu\n|-supereffective|p1a: Chi-Yu\n|-damage|p1a: Chi-Yu|0 fnt\n|faint|p1a: Chi-Yu\n|\n|-damage|p2a: Ursaluna|8\/100 brn|[from] brn\n|-fieldend|move: Trick Room\n|upkeep\n|\n|t:|1700239192\n|switch|p1a: Zacian|Zacian|51\/100\n|turn|26\n|\n|t:|1700239208\n|move|p1a: Zacian|Close Combat|p2a: Ursaluna\n|-supereffective|p2a: Ursaluna\n|-damage|p2a: Ursaluna|0 fnt\n|-unboost|p1a: Zacian|def|1\n|-unboost|p1a: Zacian|spd|1\n|faint|p2a: Ursaluna\n|\n|upkeep\n|\n|t:|1700239216\n|switch|p2a: Dialga|Dialga|100\/100\n|-damage|p2a: Dialga|94\/100|[from] Stealth Rock\n|-ability|p2a: Dialga|Pressure\n|turn|27\n|\n|t:|1700239220\n|-terastallize|p2a: Dialga|Dragon\n|move|p1a: Zacian|Close Combat|p2a: Dialga\n|-damage|p2a: Dialga|49\/100\n|-unboost|p1a: Zacian|def|1\n|-unboost|p1a: Zacian|spd|1\n|move|p2a: Dialga|Flash Cannon|p1a: Zacian\n|-supereffective|p1a: Zacian\n|-damage|p1a: Zacian|0 fnt\n|faint|p1a: Zacian\n|\n|win|yuramas\n|c|\u2606IDaHAN|gg\n|c|\u2606yuramas|gg\n","uploadtime":1700239227,"views":14,"p1id":"idahan","p2id":"yuramas","formatid":"gen9ubers","rating":0,"private":0,"password":""}