{"id":"gen9ubers-1973853969","p1":"Pakuiui","p2":"Donjozo","format":"[Gen 9] Ubers","log":"|j|\u2606Pakuiui\n|j|\u2606Donjozo\n|t:|1698020791\n|gametype|singles\n|player|p1|Pakuiui|266|\n|player|p2|Donjozo|bruno|\n|teamsize|p1|6\n|teamsize|p2|6\n|gen|9\n|tier|[Gen 9] Ubers\n|rule|Sleep Clause Mod: Limit one foe put to sleep\n|rule|Species Clause: Limit one of each Pok\u00e9mon\n|rule|OHKO Clause: OHKO moves are banned\n|rule|Evasion Items Clause: Evasion items are banned\n|rule|Evasion Moves Clause: Evasion moves are banned\n|rule|Endless Battle Clause: Forcing endless battles is banned\n|rule|HP Percentage Mod: HP is shown in percentages\n|clearpoke\n|poke|p1|Meloetta|\n|poke|p1|Meowscarada, M|\n|poke|p1|Gyarados, F|\n|poke|p1|Espathra, M|\n|poke|p1|Talonflame, F|\n|poke|p1|Dachsbun, M|\n|poke|p2|Annihilape, M|\n|poke|p2|Passimian, F|\n|poke|p2|Landorus-Therian, M|\n|poke|p2|Tyranitar, M|\n|poke|p2|Sylveon, F|\n|poke|p2|Delibird, F|\n|teampreview\n|inactive|Battle timer is ON: inactive players will automatically lose when time's up. (requested by Pakuiui)\n|j| Catalyxx\n|inactive|Donjozo has 270 seconds left.\n|\n|t:|1698020827\n|start\n|switch|p1a: Meloetta|Meloetta|100\/100\n|switch|p2a: King Julian|Passimian, F|100\/100\n|turn|1\n|\n|t:|1698020843\n|switch|p1a: Gyarados|Gyarados, F|100\/100\n|-ability|p1a: Gyarados|Intimidate|boost\n|-unboost|p2a: King Julian|atk|1\n|-ability|p2a: King Julian|Defiant|boost\n|-boost|p2a: King Julian|atk|2\n|move|p2a: King Julian|U-turn|p1a: Gyarados\n|-resisted|p1a: Gyarados\n|-damage|p1a: Gyarados|88\/100\n|\n|t:|1698020858\n|switch|p2a: MF DOOM|Annihilape, M|100\/100|[from] U-turn\n|\n|upkeep\n|turn|2\n|\n|t:|1698020884\n|switch|p1a: Talonflame|Talonflame, F|100\/100\n|move|p2a: MF DOOM|Thunder Punch|p1a: Talonflame\n|-supereffective|p1a: Talonflame\n|-damage|p1a: Talonflame|6\/100\n|-status|p1a: Talonflame|par\n|\n|upkeep\n|turn|3\n|\n|t:|1698020904\n|move|p2a: MF DOOM|Thunder Punch|p1a: Talonflame\n|-supereffective|p1a: Talonflame\n|-damage|p1a: Talonflame|0 fnt\n|faint|p1a: Talonflame\n|\n|upkeep\n|inactive|Pakuiui has 270 seconds left.\n|\n|t:|1698020937\n|switch|p1a: Meloetta|Meloetta|100\/100\n|turn|4\n|\n|t:|1698020943\n|switch|p2a: Xebec|Tyranitar, M|100\/100\n|-weather|Sandstorm|[from] ability: Sand Stream|[of] p2a: Xebec\n|move|p1a: Meloetta|Sing|p2a: Xebec|[miss]\n|-miss|p1a: Meloetta|p2a: Xebec\n|\n|-weather|Sandstorm|[upkeep]\n|-damage|p1a: Meloetta|94\/100|[from] Sandstorm\n|-heal|p1a: Meloetta|100\/100|[from] item: Leftovers\n|upkeep\n|turn|5\n|\n|t:|1698020955\n|move|p1a: Meloetta|Sing|p2a: Xebec|[miss]\n|-miss|p1a: Meloetta|p2a: Xebec\n|move|p2a: Xebec|Knock Off|p1a: Meloetta\n|-supereffective|p1a: Meloetta\n|-damage|p1a: Meloetta|0 fnt\n|-enditem|p1a: Meloetta|Leftovers|[from] move: Knock Off|[of] p2a: Xebec\n|faint|p1a: Meloetta\n|\n|-weather|Sandstorm|[upkeep]\n|upkeep\n|\n|t:|1698020961\n|switch|p1a: Meowscarada|Meowscarada, M|100\/100\n|turn|6\n|\n|t:|1698020979\n|switch|p2a: $$YUNGTHUGGOKU$$|Landorus-Therian, M|100\/100\n|-ability|p2a: $$YUNGTHUGGOKU$$|Intimidate|boost\n|-unboost|p1a: Meowscarada|atk|1\n|move|p1a: Meowscarada|U-turn|p2a: $$YUNGTHUGGOKU$$\n|-start|p1a: Meowscarada|typechange|Bug|[from] ability: Protean\n|-resisted|p2a: $$YUNGTHUGGOKU$$\n|-damage|p2a: $$YUNGTHUGGOKU$$|83\/100\n|inactive|Pakuiui has 270 seconds left.\n|\n|t:|1698020989\n|switch|p1a: Gyarados|Gyarados, F|88\/100|[from] U-turn\n|-ability|p1a: Gyarados|Intimidate|boost\n|-unboost|p2a: $$YUNGTHUGGOKU$$|atk|1\n|\n|-weather|Sandstorm|[upkeep]\n|-damage|p1a: Gyarados|82\/100|[from] Sandstorm\n|upkeep\n|turn|7\n|inactive|Pakuiui has 270 seconds left.\n|\n|t:|1698021003\n|move|p2a: $$YUNGTHUGGOKU$$|Stealth Rock|p1a: Gyarados\n|-sidestart|p1: Pakuiui|move: Stealth Rock\n|move|p1a: Gyarados|Scald|p2a: $$YUNGTHUGGOKU$$\n|-supereffective|p2a: $$YUNGTHUGGOKU$$\n|-damage|p2a: $$YUNGTHUGGOKU$$|41\/100\n|\n|-weather|Sandstorm|[upkeep]\n|-damage|p1a: Gyarados|76\/100|[from] Sandstorm\n|upkeep\n|turn|8\n|inactive|Pakuiui has 270 seconds left.\n|\n|t:|1698021017\n|move|p2a: $$YUNGTHUGGOKU$$|Smack Down|p1a: Gyarados\n|-supereffective|p1a: Gyarados\n|-damage|p1a: Gyarados|57\/100\n|-start|p1a: Gyarados|Smack Down\n|move|p1a: Gyarados|Scald|p2a: $$YUNGTHUGGOKU$$\n|-supereffective|p2a: $$YUNGTHUGGOKU$$\n|-damage|p2a: $$YUNGTHUGGOKU$$|0 fnt\n|faint|p2a: $$YUNGTHUGGOKU$$\n|\n|-weather|none\n|upkeep\n|\n|t:|1698021030\n|switch|p2a: Xebec|Tyranitar, M|100\/100\n|-weather|Sandstorm|[from] ability: Sand Stream|[of] p2a: Xebec\n|turn|9\n|\n|t:|1698021041\n|move|p1a: Gyarados|Scald|p2a: Xebec\n|-supereffective|p2a: Xebec\n|-crit|p2a: Xebec\n|-damage|p2a: Xebec|83\/100\n|move|p2a: Xebec|Thunderbolt|p1a: Gyarados\n|-supereffective|p1a: Gyarados\n|-damage|p1a: Gyarados|0 fnt\n|faint|p1a: Gyarados\n|\n|-weather|Sandstorm|[upkeep]\n|upkeep\n|\n|t:|1698021048\n|switch|p1a: Meowscarada|Meowscarada, M|100\/100\n|-damage|p1a: Meowscarada|88\/100|[from] Stealth Rock\n|turn|10\n|inactive|Pakuiui has 270 seconds left.\n|\n|t:|1698021065\n|move|p1a: Meowscarada|Flower Trick|p2a: Xebec\n|-start|p1a: Meowscarada|typechange|Grass|[from] ability: Protean\n|-supereffective|p2a: Xebec\n|-crit|p2a: Xebec\n|-damage|p2a: Xebec|0 fnt\n|faint|p2a: Xebec\n|\n|-weather|Sandstorm|[upkeep]\n|-damage|p1a: Meowscarada|82\/100|[from] Sandstorm\n|upkeep\n|\n|t:|1698021079\n|switch|p2a: King Julian|Passimian, F|100\/100\n|turn|11\n|\n|t:|1698021091\n|switch|p1a: Dachsbun|Dachsbun, M|100\/100\n|-damage|p1a: Dachsbun|88\/100|[from] Stealth Rock\n|-terastallize|p2a: King Julian|Fighting\n|move|p2a: King Julian|Close Combat|p1a: Dachsbun\n|-resisted|p1a: Dachsbun\n|-damage|p1a: Dachsbun|59\/100\n|-unboost|p2a: King Julian|def|1\n|-unboost|p2a: King Julian|spd|1\n|\n|-weather|Sandstorm|[upkeep]\n|-damage|p2a: King Julian|94\/100|[from] Sandstorm\n|-damage|p1a: Dachsbun|53\/100|[from] Sandstorm\n|-heal|p1a: Dachsbun|59\/100|[from] item: Leftovers\n|upkeep\n|turn|12\n|\n|t:|1698021112\n|move|p2a: King Julian|Close Combat|p1a: Dachsbun\n|-resisted|p1a: Dachsbun\n|-damage|p1a: Dachsbun|33\/100\n|-unboost|p2a: King Julian|def|1\n|-unboost|p2a: King Julian|spd|1\n|move|p1a: Dachsbun|Yawn|p2a: King Julian\n|-start|p2a: King Julian|move: Yawn|[of] p1a: Dachsbun\n|\n|-weather|Sandstorm|[upkeep]\n|-damage|p2a: King Julian|88\/100|[from] Sandstorm\n|-damage|p1a: Dachsbun|27\/100|[from] Sandstorm\n|-heal|p1a: Dachsbun|33\/100|[from] item: Leftovers\n|upkeep\n|turn|13\n|inactive|Donjozo has 270 seconds left.\n|inactive|Pakuiui has 270 seconds left.\n|\n|t:|1698021143\n|move|p1a: Dachsbun|Protect|p1a: Dachsbun\n|-singleturn|p1a: Dachsbun|Protect\n|move|p2a: King Julian|Close Combat|p1a: Dachsbun\n|-activate|p1a: Dachsbun|move: Protect\n|\n|-weather|none\n|-heal|p1a: Dachsbun|39\/100|[from] item: Leftovers\n|-end|p2a: King Julian|move: Yawn|[silent]\n|-status|p2a: King Julian|slp\n|upkeep\n|turn|14\n|\n|t:|1698021147\n|switch|p2a: Wanda|Sylveon, F|100\/100\n|move|p1a: Dachsbun|Wish|p1a: Dachsbun\n|\n|-heal|p1a: Dachsbun|45\/100|[from] item: Leftovers\n|upkeep\n|turn|15\n|inactive|Pakuiui has 270 seconds left.\n|\n|t:|1698021173\n|switch|p1a: Espathra|Espathra, M|100\/100\n|-damage|p1a: Espathra|88\/100|[from] Stealth Rock\n|move|p2a: Wanda|Calm Mind|p2a: Wanda\n|-boost|p2a: Wanda|spa|1\n|-boost|p2a: Wanda|spd|1\n|\n|-heal|p1a: Espathra|100\/100|[from] move: Wish|[wisher] Dachsbun\n|upkeep\n|turn|16\n|inactive|Pakuiui has 270 seconds left.\n|\n|t:|1698021179\n|move|p1a: Espathra|Calm Mind|p1a: Espathra\n|-boost|p1a: Espathra|spa|1\n|-boost|p1a: Espathra|spd|1\n|move|p2a: Wanda|Calm Mind|p2a: Wanda\n|-boost|p2a: Wanda|spa|1\n|-boost|p2a: Wanda|spd|1\n|\n|-ability|p1a: Espathra|Speed Boost|boost\n|-boost|p1a: Espathra|spe|1\n|upkeep\n|turn|17\n|\n|t:|1698021185\n|move|p1a: Espathra|Calm Mind|p1a: Espathra\n|-boost|p1a: Espathra|spa|1\n|-boost|p1a: Espathra|spd|1\n|move|p2a: Wanda|Calm Mind|p2a: Wanda\n|-boost|p2a: Wanda|spa|1\n|-boost|p2a: Wanda|spd|1\n|\n|-ability|p1a: Espathra|Speed Boost|boost\n|-boost|p1a: Espathra|spe|1\n|upkeep\n|turn|18\n|\n|t:|1698021191\n|move|p1a: Espathra|Calm Mind|p1a: Espathra\n|-boost|p1a: Espathra|spa|1\n|-boost|p1a: Espathra|spd|1\n|move|p2a: Wanda|Calm Mind|p2a: Wanda\n|-boost|p2a: Wanda|spa|1\n|-boost|p2a: Wanda|spd|1\n|\n|-ability|p1a: Espathra|Speed Boost|boost\n|-boost|p1a: Espathra|spe|1\n|upkeep\n|turn|19\n|inactive|Pakuiui has 270 seconds left.\n|\n|t:|1698021226\n|move|p1a: Espathra|Stored Power|p2a: Wanda\n|-damage|p2a: Wanda|45\/100\n|move|p2a: Wanda|Calm Mind|p2a: Wanda\n|-boost|p2a: Wanda|spa|1\n|-boost|p2a: Wanda|spd|1\n|\n|-heal|p2a: Wanda|51\/100|[from] item: Leftovers\n|-ability|p1a: Espathra|Speed Boost|boost\n|-boost|p1a: Espathra|spe|1\n|upkeep\n|turn|20\n|\n|t:|1698021231\n|move|p1a: Espathra|Stored Power|p2a: Wanda\n|-damage|p2a: Wanda|0 fnt\n|faint|p2a: Wanda\n|\n|-ability|p1a: Espathra|Speed Boost|boost\n|-boost|p1a: Espathra|spe|1\n|upkeep\n|\n|t:|1698021233\n|switch|p2a: Sacktacular|Delibird, F|100\/100\n|turn|21\n|\n|t:|1698021240\n|move|p1a: Espathra|Stored Power|p2a: Sacktacular\n|-enditem|p2a: Sacktacular|Focus Sash\n|-damage|p2a: Sacktacular|1\/100\n|move|p2a: Sacktacular|Haze|p2a: Sacktacular\n|-clearallboost\n|\n|-ability|p1a: Espathra|Speed Boost|boost\n|-boost|p1a: Espathra|spe|1\n|upkeep\n|turn|22\n|\n|t:|1698021257\n|switch|p2a: MF DOOM|Annihilape, M|100\/100\n|move|p1a: Espathra|Stored Power|p2a: MF DOOM\n|-supereffective|p2a: MF DOOM\n|-damage|p2a: MF DOOM|58\/100\n|\n|-ability|p1a: Espathra|Speed Boost|boost\n|-boost|p1a: Espathra|spe|1\n|upkeep\n|turn|23\n|\n|t:|1698021266\n|move|p1a: Espathra|Protect|p1a: Espathra\n|-singleturn|p1a: Espathra|Protect\n|move|p2a: MF DOOM|Rage Fist|p1a: Espathra\n|-activate|p1a: Espathra|move: Protect\n|\n|-ability|p1a: Espathra|Speed Boost|boost\n|-boost|p1a: Espathra|spe|1\n|upkeep\n|turn|24\n|\n|t:|1698021282\n|move|p1a: Espathra|Stored Power|p2a: MF DOOM\n|-supereffective|p2a: MF DOOM\n|-damage|p2a: MF DOOM|0 fnt\n|faint|p2a: MF DOOM\n|\n|-ability|p1a: Espathra|Speed Boost|boost\n|-boost|p1a: Espathra|spe|1\n|upkeep\n|\n|t:|1698021285\n|switch|p2a: Sacktacular|Delibird, F|1\/100\n|turn|25\n|\n|t:|1698021289\n|move|p1a: Espathra|Stored Power|p2a: Sacktacular\n|-damage|p2a: Sacktacular|0 fnt\n|faint|p2a: Sacktacular\n|\n|-ability|p1a: Espathra|Speed Boost|boost\n|-boost|p1a: Espathra|spe|1\n|upkeep\n|\n|t:|1698021291\n|switch|p2a: King Julian|Passimian, F, tera:Fighting|88\/100 slp\n|turn|26\n|\n|t:|1698021293\n|move|p1a: Espathra|Stored Power|p2a: King Julian\n|-supereffective|p2a: King Julian\n|-damage|p2a: King Julian|0 fnt\n|faint|p2a: King Julian\n|\n|win|Pakuiui\n|l|\u2606Donjozo\n","uploadtime":1698021321,"views":28,"p1id":"pakuiui","p2id":"donjozo","formatid":"gen9ubers","rating":0,"private":0,"password":""}