{"id":"gen9ubers-1970706989","p1":"OceanicGamer3","p2":"IspamObjection","format":"[Gen 9] Ubers","log":"|j|\u2606OceanicGamer3\n|j|\u2606IspamObjection\n|t:|1697659894\n|gametype|singles\n|player|p1|OceanicGamer3|bugcatcher-gen4dp|\n|player|p2|IspamObjection|lance-gen2|\n|teamsize|p1|6\n|teamsize|p2|6\n|gen|9\n|tier|[Gen 9] Ubers\n|rule|Sleep Clause Mod: Limit one foe put to sleep\n|rule|Species Clause: Limit one of each Pok\u00e9mon\n|rule|OHKO Clause: OHKO moves are banned\n|rule|Evasion Items Clause: Evasion items are banned\n|rule|Evasion Moves Clause: Evasion moves are banned\n|rule|Endless Battle Clause: Forcing endless battles is banned\n|rule|HP Percentage Mod: HP is shown in percentages\n|clearpoke\n|poke|p1|Kommo-o, F|\n|poke|p1|Mimikyu, F|\n|poke|p1|Spectrier|\n|poke|p1|Arceus-Poison|\n|poke|p1|Volcarona, M|\n|poke|p1|Urshifu-*, M|\n|poke|p2|Masquerain, M|\n|poke|p2|Urshifu-*, M|\n|poke|p2|Gholdengo|\n|poke|p2|Zacian-*|\n|poke|p2|Dialga|\n|poke|p2|Shaymin-Sky|\n|teampreview\n|inactive|Battle timer is ON: inactive players will automatically lose when time's up. (requested by OceanicGamer3)\n|c|\u2606OceanicGamer3|Glhf\n|\n|t:|1697659907\n|start\n|switch|p1a: Mimikyu|Mimikyu, F, shiny|100\/100\n|switch|p2a: Masquerain|Masquerain, M|100\/100\n|-ability|p2a: Masquerain|Intimidate|boost\n|-unboost|p1a: Mimikyu|atk|1\n|turn|1\n|\n|t:|1697659916\n|move|p1a: Mimikyu|Thunder Wave|p2a: Masquerain\n|-status|p2a: Masquerain|par\n|cant|p2a: Masquerain|par\n|\n|upkeep\n|turn|2\n|\n|t:|1697659920\n|move|p1a: Mimikyu|Play Rough|p2a: Masquerain\n|-damage|p2a: Masquerain|57\/100 par\n|cant|p2a: Masquerain|par\n|\n|upkeep\n|turn|3\n|\n|t:|1697659925\n|move|p1a: Mimikyu|Play Rough|p2a: Masquerain\n|-damage|p2a: Masquerain|10\/100 par\n|-unboost|p2a: Masquerain|atk|1\n|cant|p2a: Masquerain|par\n|\n|upkeep\n|turn|4\n|\n|t:|1697659934\n|move|p1a: Mimikyu|Shadow Sneak|p2a: Masquerain\n|-damage|p2a: Masquerain|0 fnt\n|faint|p2a: Masquerain\n|\n|upkeep\n|\n|t:|1697659938\n|switch|p2a: Dialga|Dialga|100\/100\n|-ability|p2a: Dialga|Pressure\n|turn|5\n|\n|t:|1697659943\n|move|p1a: Mimikyu|Thunder Wave|p2a: Dialga\n|-status|p2a: Dialga|par\n|move|p2a: Dialga|Thunder Wave|p1a: Mimikyu|[miss]\n|-miss|p2a: Dialga|p1a: Mimikyu\n|\n|upkeep\n|turn|6\n|\n|t:|1697659953\n|move|p1a: Mimikyu|Play Rough|p2a: Dialga\n|-damage|p2a: Dialga|87\/100 par\n|cant|p2a: Dialga|par\n|\n|-heal|p2a: Dialga|93\/100 par|[from] item: Leftovers\n|upkeep\n|turn|7\n|\n|t:|1697659957\n|move|p1a: Mimikyu|Play Rough|p2a: Dialga\n|-damage|p2a: Dialga|80\/100 par\n|move|p2a: Dialga|Thunder Wave|p1a: Mimikyu\n|-status|p1a: Mimikyu|par\n|\n|-heal|p2a: Dialga|86\/100 par|[from] item: Leftovers\n|upkeep\n|turn|8\n|\n|t:|1697659963\n|move|p1a: Mimikyu|Play Rough|p2a: Dialga\n|-damage|p2a: Dialga|73\/100 par\n|-unboost|p2a: Dialga|atk|1\n|cant|p2a: Dialga|par\n|\n|-heal|p2a: Dialga|79\/100 par|[from] item: Leftovers\n|upkeep\n|turn|9\n|\n|t:|1697659969\n|move|p1a: Mimikyu|Play Rough|p2a: Dialga\n|-damage|p2a: Dialga|65\/100 par\n|move|p2a: Dialga|Roar|p1a: Mimikyu\n|drag|p1a: Arceus|Arceus-Poison, shiny|100\/100\n|\n|-heal|p2a: Dialga|71\/100 par|[from] item: Leftovers\n|upkeep\n|turn|10\n|\n|t:|1697659982\n|move|p1a: Arceus|Cosmic Power|p1a: Arceus\n|-boost|p1a: Arceus|def|1\n|-boost|p1a: Arceus|spd|1\n|move|p2a: Dialga|Thunder Wave|p1a: Arceus\n|-status|p1a: Arceus|par\n|\n|-heal|p2a: Dialga|77\/100 par|[from] item: Leftovers\n|upkeep\n|turn|11\n|\n|t:|1697659990\n|move|p1a: Arceus|Cosmic Power|p1a: Arceus\n|-boost|p1a: Arceus|def|1\n|-boost|p1a: Arceus|spd|1\n|cant|p2a: Dialga|par\n|\n|-heal|p2a: Dialga|83\/100 par|[from] item: Leftovers\n|upkeep\n|turn|12\n|\n|t:|1697659997\n|cant|p1a: Arceus|par\n|move|p2a: Dialga|Roar|p1a: Arceus\n|drag|p1a: Mimikyu|Mimikyu, F, shiny|100\/100 par\n|\n|-heal|p2a: Dialga|90\/100 par|[from] item: Leftovers\n|upkeep\n|turn|13\n|\n|t:|1697660005\n|move|p1a: Mimikyu|Copycat||[still]\n|-fail|p1a: Mimikyu\n|move|p2a: Dialga|Stealth Rock|p1a: Mimikyu\n|-sidestart|p1: OceanicGamer3|move: Stealth Rock\n|\n|-heal|p2a: Dialga|96\/100 par|[from] item: Leftovers\n|upkeep\n|turn|14\n|\n|t:|1697660009\n|move|p1a: Mimikyu|Copycat|p1a: Mimikyu\n|move|p1a: Mimikyu|Stealth Rock|p2a: Dialga|[from]move: Copycat\n|-sidestart|p2: IspamObjection|move: Stealth Rock\n|move|p2a: Dialga|Roar|p1a: Mimikyu\n|drag|p1a: Arceus|Arceus-Poison, shiny|100\/100 par\n|-damage|p1a: Arceus|88\/100 par|[from] Stealth Rock\n|\n|-heal|p2a: Dialga|100\/100 par|[from] item: Leftovers\n|upkeep\n|turn|15\n|\n|t:|1697660018\n|move|p1a: Arceus|Cosmic Power|p1a: Arceus\n|-boost|p1a: Arceus|def|1\n|-boost|p1a: Arceus|spd|1\n|move|p2a: Dialga|Roar|p1a: Arceus\n|drag|p1a: Volcarona|Volcarona, M, shiny|100\/100\n|\n|upkeep\n|turn|16\n|\n|t:|1697660028\n|switch|p1a: Mimikyu|Mimikyu, F, shiny|100\/100 par\n|-damage|p1a: Mimikyu|88\/100 par|[from] Stealth Rock\n|move|p2a: Dialga|Thunder Wave|p1a: Mimikyu\n|-fail|p1a: Mimikyu|par\n|\n|upkeep\n|turn|17\n|inactive|IspamObjection has 270 seconds left.\n|\n|t:|1697660062\n|move|p1a: Mimikyu|Play Rough|p2a: Dialga\n|-damage|p2a: Dialga|82\/100 par\n|move|p2a: Dialga|Roar|p1a: Mimikyu\n|drag|p1a: Urshifu|Urshifu, M|100\/100\n|-damage|p1a: Urshifu|94\/100|[from] Stealth Rock\n|\n|-heal|p2a: Dialga|88\/100 par|[from] item: Leftovers\n|upkeep\n|turn|18\n|\n|t:|1697660072\n|-terastallize|p2a: Dialga|Fairy\n|move|p1a: Urshifu|Close Combat|p2a: Dialga\n|-resisted|p2a: Dialga\n|-damage|p2a: Dialga|71\/100 par\n|-unboost|p1a: Urshifu|def|1\n|-unboost|p1a: Urshifu|spd|1\n|move|p2a: Dialga|Thunder Wave|p1a: Urshifu\n|-status|p1a: Urshifu|par\n|\n|-heal|p2a: Dialga|77\/100 par|[from] item: Leftovers\n|upkeep\n|turn|19\n|c|\u2606OceanicGamer3|Bro\n|c|\u2606OceanicGamer3|Why\n|inactive|IspamObjection has 270 seconds left.\n|\n|t:|1697660107\n|move|p1a: Urshifu|Poison Jab|p2a: Dialga\n|-supereffective|p2a: Dialga\n|-damage|p2a: Dialga|45\/100 par\n|move|p2a: Dialga|Draco Meteor|p1a: Urshifu\n|-damage|p1a: Urshifu|0 fnt\n|-unboost|p2a: Dialga|spa|2\n|faint|p1a: Urshifu\n|\n|-heal|p2a: Dialga|51\/100 par|[from] item: Leftovers\n|upkeep\n|l|\u2606OceanicGamer3\n|inactive|OceanicGamer3 disconnected and has 300 seconds to reconnect!\n|player|p1|\n|inactive|OceanicGamer3 has 270 seconds to reconnect!\n|j|\u2606OceanicGamer3\n|inactive|OceanicGamer3 reconnected and has 280 seconds left.\n|player|p1|OceanicGamer3|bugcatcher-gen4dp\n|\n|t:|1697660170\n|switch|p1a: Kommo-o|Kommo-o, F|100\/100\n|-damage|p1a: Kommo-o|94\/100|[from] Stealth Rock\n|turn|20\n|\n|t:|1697660185\n|move|p1a: Kommo-o|Substitute|p1a: Kommo-o\n|-start|p1a: Kommo-o|Substitute\n|-damage|p1a: Kommo-o|69\/100\n|cant|p2a: Dialga|par\n|\n|-heal|p2a: Dialga|58\/100 par|[from] item: Leftovers\n|upkeep\n|turn|21\n|\n|t:|1697660190\n|move|p1a: Kommo-o|Belly Drum|p1a: Kommo-o\n|-damage|p1a: Kommo-o|19\/100\n|-setboost|p1a: Kommo-o|atk|6|[from] move: Belly Drum\n|-enditem|p1a: Kommo-o|Salac Berry|[eat]\n|-boost|p1a: Kommo-o|spe|1|[from] item: Salac Berry\n|move|p2a: Dialga|Roar|p1a: Kommo-o\n|-immune|p1a: Kommo-o|[from] ability: Soundproof\n|\n|-heal|p2a: Dialga|64\/100 par|[from] item: Leftovers\n|upkeep\n|turn|22\n|inactive|IspamObjection has 270 seconds left.\n|\n|t:|1697660212\n|move|p1a: Kommo-o|Iron Head|p2a: Dialga\n|-supereffective|p2a: Dialga\n|-damage|p2a: Dialga|0 fnt\n|faint|p2a: Dialga\n|\n|upkeep\n|inactive|IspamObjection has 240 seconds left.\n|l|\u2606OceanicGamer3\n|inactive|OceanicGamer3 disconnected and has 255 seconds to reconnect!\n|player|p1|\n|\n|t:|1697660259\n|switch|p2a: Gholdengo|Gholdengo|100\/100\n|-damage|p2a: Gholdengo|94\/100|[from] Stealth Rock\n|turn|23\n|inactive|OceanicGamer3 has 240 seconds to reconnect!\n|inactive|OceanicGamer3 has 210 seconds to reconnect!\n|inactive|OceanicGamer3 has 180 seconds to reconnect!\n|inactive|OceanicGamer3 has 150 seconds to reconnect!\n|j|\u2606OceanicGamer3\n|inactive|OceanicGamer3 reconnected and has 300 seconds left.\n|player|p1|OceanicGamer3|bugcatcher-gen4dp\n|\n|t:|1697660373\n|move|p1a: Kommo-o|Iron Head|p2a: Gholdengo\n|-resisted|p2a: Gholdengo\n|-damage|p2a: Gholdengo|55\/100\n|move|p2a: Gholdengo|Shadow Ball|p1a: Kommo-o\n|-end|p1a: Kommo-o|Substitute\n|\n|-heal|p2a: Gholdengo|61\/100|[from] item: Leftovers\n|upkeep\n|turn|24\n|\n|t:|1697660390\n|-terastallize|p1a: Kommo-o|Normal\n|move|p1a: Kommo-o|Iron Head|p2a: Gholdengo\n|-resisted|p2a: Gholdengo\n|-damage|p2a: Gholdengo|22\/100\n|move|p2a: Gholdengo|Shadow Ball|p1a: Kommo-o\n|-immune|p1a: Kommo-o\n|\n|-heal|p2a: Gholdengo|28\/100|[from] item: Leftovers\n|upkeep\n|turn|25\n|c|\u2606OceanicGamer3|Sorry im in the subway\n|\n|t:|1697660399\n|move|p1a: Kommo-o|Iron Head|p2a: Gholdengo\n|-resisted|p2a: Gholdengo\n|-damage|p2a: Gholdengo|0 fnt\n|faint|p2a: Gholdengo\n|\n|upkeep\n|c|\u2606IspamObjection|ah was wondering what was going on\n|inactive|IspamObjection has 210 seconds left.\n|\n|t:|1697660420\n|switch|p2a: Urshifu|Urshifu, M|100\/100\n|-damage|p2a: Urshifu|94\/100|[from] Stealth Rock\n|turn|26\n|inactive|IspamObjection has 210 seconds left.\n|l|\u2606OceanicGamer3\n|inactive|OceanicGamer3 disconnected and has 145 seconds to reconnect!\n|player|p1|\n|j|\u2606OceanicGamer3\n|inactive|OceanicGamer3 reconnected and has 295 seconds left.\n|player|p1|OceanicGamer3|bugcatcher-gen4dp\n|\n|t:|1697660451\n|move|p2a: Urshifu|Sucker Punch|p1a: Kommo-o\n|-damage|p1a: Kommo-o|0 fnt\n|faint|p1a: Kommo-o\n|\n|upkeep\n|\n|t:|1697660457\n|switch|p1a: Mimikyu|Mimikyu, F, shiny|88\/100 par\n|-damage|p1a: Mimikyu|76\/100 par|[from] Stealth Rock\n|turn|27\n|\n|t:|1697660462\n|switch|p2a: Shaymin|Shaymin-Sky|100\/100\n|move|p1a: Mimikyu|Thunder Wave|p2a: Shaymin|[miss]\n|-miss|p1a: Mimikyu|p2a: Shaymin\n|\n|upkeep\n|turn|28\n|c|\u2606OceanicGamer3|Sorry lmao\n|\n|t:|1697660470\n|move|p2a: Shaymin|Air Slash|p1a: Mimikyu\n|-activate|p1a: Mimikyu|ability: Disguise\n|-damage|p1a: Mimikyu|76\/100 par\n|detailschange|p1a: Mimikyu|Mimikyu-Busted, F, shiny\n|-damage|p1a: Mimikyu|63\/100 par|[from] pokemon: Mimikyu-Busted\n|cant|p1a: Mimikyu|flinch\n|\n|upkeep\n|turn|29\n|\n|t:|1697660477\n|move|p2a: Shaymin|Air Slash|p1a: Mimikyu\n|-damage|p1a: Mimikyu|18\/100 par\n|move|p1a: Mimikyu|Thunder Wave|p2a: Shaymin\n|-status|p2a: Shaymin|par\n|\n|upkeep\n|turn|30\n|\n|t:|1697660485\n|move|p1a: Mimikyu|Shadow Sneak|p2a: Shaymin\n|-damage|p2a: Shaymin|80\/100 par\n|move|p2a: Shaymin|Air Slash|p1a: Mimikyu\n|-damage|p1a: Mimikyu|0 fnt\n|faint|p1a: Mimikyu\n|\n|upkeep\n|\n|t:|1697660494\n|switch|p1a: Spectrier|Spectrier|100\/100\n|-damage|p1a: Spectrier|88\/100|[from] Stealth Rock\n|turn|31\n|\n|t:|1697660499\n|move|p1a: Spectrier|Substitute|p1a: Spectrier\n|-start|p1a: Spectrier|Substitute\n|-damage|p1a: Spectrier|63\/100\n|move|p2a: Shaymin|Leech Seed|p1a: Spectrier|[miss]\n|-miss|p2a: Shaymin|p1a: Spectrier\n|\n|-heal|p1a: Spectrier|69\/100|[from] item: Leftovers\n|upkeep\n|turn|32\n|\n|t:|1697660522\n|move|p1a: Spectrier|Nasty Plot|p1a: Spectrier\n|-boost|p1a: Spectrier|spa|2\n|move|p2a: Shaymin|Air Slash|p1a: Spectrier\n|-end|p1a: Spectrier|Substitute\n|\n|-heal|p1a: Spectrier|76\/100|[from] item: Leftovers\n|upkeep\n|turn|33\n|\n|t:|1697660533\n|move|p1a: Spectrier|Shadow Ball|p2a: Shaymin\n|-damage|p2a: Shaymin|0 fnt\n|faint|p2a: Shaymin\n|-ability|p1a: Spectrier|Grim Neigh|boost\n|-boost|p1a: Spectrier|spa|1\n|\n|-heal|p1a: Spectrier|82\/100|[from] item: Leftovers\n|upkeep\n|\n|t:|1697660539\n|switch|p2a: Urshifu|Urshifu, M|94\/100\n|-damage|p2a: Urshifu|88\/100|[from] Stealth Rock\n|turn|34\n|\n|t:|1697660549\n|move|p2a: Urshifu|Sucker Punch||[still]\n|-fail|p2a: Urshifu\n|move|p1a: Spectrier|Substitute|p1a: Spectrier\n|-start|p1a: Spectrier|Substitute\n|-damage|p1a: Spectrier|57\/100\n|\n|-heal|p1a: Spectrier|63\/100|[from] item: Leftovers\n|upkeep\n|turn|35\n|j| Kodiak3b\n|\n|t:|1697660554\n|switch|p2a: Zacian|Zacian|100\/100\n|-damage|p2a: Zacian|88\/100|[from] Stealth Rock\n|-ability|p2a: Zacian|Intrepid Sword|boost\n|-boost|p2a: Zacian|atk|1\n|move|p1a: Spectrier|Draining Kiss|p2a: Zacian\n|-damage|p2a: Zacian|43\/100\n|-heal|p1a: Spectrier|95\/100|[from] drain|[of] p2a: Zacian\n|\n|-heal|p1a: Spectrier|100\/100|[from] item: Leftovers\n|upkeep\n|turn|36\n|\n|t:|1697660568\n|move|p1a: Spectrier|Shadow Ball|p2a: Zacian\n|-damage|p2a: Zacian|0 fnt\n|faint|p2a: Zacian\n|-ability|p1a: Spectrier|Grim Neigh|boost\n|-boost|p1a: Spectrier|spa|1\n|\n|upkeep\n|\n|t:|1697660571\n|switch|p2a: Urshifu|Urshifu, M|88\/100\n|-damage|p2a: Urshifu|82\/100|[from] Stealth Rock\n|turn|37\n|\n|t:|1697660572\n|move|p1a: Spectrier|Draining Kiss|p2a: Urshifu\n|-supereffective|p2a: Urshifu\n|-damage|p2a: Urshifu|0 fnt\n|faint|p2a: Urshifu\n|\n|win|OceanicGamer3\n|c|\u2606IspamObjection|gg\n|l|\u2606IspamObjection\n|l|\u2606OceanicGamer3\n|j|\u2606OceanicGamer3\n|player|p1|OceanicGamer3|bugcatcher-gen4dp\n","uploadtime":1697660647,"views":34,"p1id":"oceanicgamer3","p2id":"ispamobjection","formatid":"gen9ubers","rating":0,"private":0,"password":""}