{"id":"gen9ubers-1994287292","p1":"austinerzs","p2":"NewHoovybeast05","format":"[Gen 9] Ubers","log":"|j|\u2606austinerzs\n|j|\u2606NewHoovybeast05\n|t:|1700427265\n|gametype|singles\n|player|p1|austinerzs|galacticgrunt|\n|player|p2|NewHoovybeast05|palmer|\n|teamsize|p1|6\n|teamsize|p2|6\n|gen|9\n|tier|[Gen 9] Ubers\n|rule|Sleep Clause Mod: Limit one foe put to sleep\n|rule|Species Clause: Limit one of each Pok\u00e9mon\n|rule|OHKO Clause: OHKO moves are banned\n|rule|Evasion Items Clause: Evasion items are banned\n|rule|Evasion Moves Clause: Evasion moves are banned\n|rule|Endless Battle Clause: Forcing endless battles is banned\n|rule|HP Percentage Mod: HP is shown in percentages\n|clearpoke\n|poke|p1|Arceus-Fire|\n|poke|p1|Ursaluna, F|\n|poke|p1|Magearna|\n|poke|p1|Dialga|\n|poke|p1|Crawdaunt, M|\n|poke|p1|Conkeldurr, F|\n|poke|p2|Baxcalibur, M|\n|poke|p2|Ninetales-Alola, F|\n|poke|p2|Cyclizar, F|\n|poke|p2|Volcarona, F|\n|poke|p2|Urshifu-*, M|\n|poke|p2|Espathra, F|\n|teampreview\n|\n|t:|1700427273\n|start\n|switch|p1a: Dialga|Dialga|100\/100\n|switch|p2a: Ninetales|Ninetales-Alola, F|100\/100\n|-weather|Snow|[from] ability: Snow Warning|[of] p2a: Ninetales\n|-ability|p1a: Dialga|Pressure\n|turn|1\n|\n|t:|1700427283\n|move|p2a: Ninetales|Aurora Veil|p2a: Ninetales\n|-sidestart|p2: NewHoovybeast05|move: Aurora Veil\n|move|p1a: Dialga|Trick Room|p1a: Dialga\n|-fieldstart|move: Trick Room|[of] p1a: Dialga\n|\n|-weather|Snow|[upkeep]\n|upkeep\n|turn|2\n|\n|t:|1700427296\n|switch|p2a: Espathra|Espathra, F|100\/100\n|move|p1a: Dialga|Flash Cannon|p2a: Espathra\n|-damage|p2a: Espathra|66\/100\n|\n|-weather|Snow|[upkeep]\n|-heal|p2a: Espathra|72\/100|[from] item: Leftovers\n|upkeep\n|turn|3\n|\n|t:|1700427300\n|move|p1a: Dialga|Draco Meteor|p2a: Espathra\n|-damage|p2a: Espathra|13\/100\n|-unboost|p1a: Dialga|spa|2\n|move|p2a: Espathra|Calm Mind|p2a: Espathra\n|-boost|p2a: Espathra|spa|1\n|-boost|p2a: Espathra|spd|1\n|\n|-weather|Snow|[upkeep]\n|-heal|p2a: Espathra|19\/100|[from] item: Leftovers\n|-ability|p2a: Espathra|Speed Boost|boost\n|-boost|p2a: Espathra|spe|1\n|upkeep\n|turn|4\n|\n|t:|1700427304\n|move|p2a: Espathra|Protect|p2a: Espathra\n|-singleturn|p2a: Espathra|Protect\n|move|p1a: Dialga|Draco Meteor|p2a: Espathra\n|-activate|p2a: Espathra|move: Protect\n|\n|-weather|Snow|[upkeep]\n|-heal|p2a: Espathra|25\/100|[from] item: Leftovers\n|-ability|p2a: Espathra|Speed Boost|boost\n|-boost|p2a: Espathra|spe|1\n|upkeep\n|turn|5\n|\n|t:|1700427313\n|move|p1a: Dialga|Draco Meteor|p2a: Espathra\n|-damage|p2a: Espathra|6\/100\n|-unboost|p1a: Dialga|spa|2\n|move|p2a: Espathra|Calm Mind|p2a: Espathra\n|-boost|p2a: Espathra|spa|1\n|-boost|p2a: Espathra|spd|1\n|\n|-weather|none\n|-heal|p2a: Espathra|12\/100|[from] item: Leftovers\n|-fieldend|move: Trick Room\n|-ability|p2a: Espathra|Speed Boost|boost\n|-boost|p2a: Espathra|spe|1\n|upkeep\n|turn|6\n|\n|t:|1700427321\n|-terastallize|p2a: Espathra|Fighting\n|move|p2a: Espathra|Tera Blast|p1a: Dialga|[anim] Tera Blast Fighting\n|-supereffective|p1a: Dialga\n|-damage|p1a: Dialga|0 fnt\n|faint|p1a: Dialga\n|\n|-heal|p2a: Espathra|18\/100|[from] item: Leftovers\n|-ability|p2a: Espathra|Speed Boost|boost\n|-boost|p2a: Espathra|spe|1\n|upkeep\n|\n|t:|1700427327\n|switch|p1a: Magearna|Magearna|100\/100\n|turn|7\n|\n|t:|1700427334\n|move|p2a: Espathra|Tera Blast|p1a: Magearna|[anim] Tera Blast Fighting\n|-damage|p1a: Magearna|48\/100\n|move|p1a: Magearna|Trick Room|p1a: Magearna\n|-fieldstart|move: Trick Room|[of] p1a: Magearna\n|\n|-heal|p1a: Magearna|54\/100|[from] item: Leftovers\n|-heal|p2a: Espathra|24\/100|[from] item: Leftovers\n|-ability|p2a: Espathra|Speed Boost|boost\n|-boost|p2a: Espathra|spe|1\n|upkeep\n|turn|8\n|\n|t:|1700427342\n|move|p1a: Magearna|Fleur Cannon|p2a: Espathra\n|-supereffective|p2a: Espathra\n|-damage|p2a: Espathra|0 fnt\n|-unboost|p1a: Magearna|spa|2\n|faint|p2a: Espathra\n|-ability|p1a: Magearna|Soul-Heart|boost\n|-boost|p1a: Magearna|spa|1\n|\n|-heal|p1a: Magearna|60\/100|[from] item: Leftovers\n|-sideend|p2: NewHoovybeast05|move: Aurora Veil\n|upkeep\n|\n|t:|1700427346\n|switch|p2a: Volcarona|Volcarona, F|100\/100\n|turn|9\n|\n|t:|1700427349\n|move|p1a: Magearna|Volt Switch|p2a: Volcarona\n|-damage|p2a: Volcarona|85\/100\n|\n|t:|1700427354\n|switch|p1a: Crawdaunt|Crawdaunt, M|100\/100|[from] Volt Switch\n|move|p2a: Volcarona|Quiver Dance|p2a: Volcarona\n|-boost|p2a: Volcarona|spa|1\n|-boost|p2a: Volcarona|spd|1\n|-boost|p2a: Volcarona|spe|1\n|\n|upkeep\n|turn|10\n|\n|t:|1700427361\n|switch|p2a: Urshifu|Urshifu, M|100\/100\n|move|p1a: Crawdaunt|Crabhammer|p2a: Urshifu\n|-damage|p2a: Urshifu|4\/100\n|-damage|p1a: Crawdaunt|90\/100|[from] item: Life Orb\n|\n|upkeep\n|turn|11\n|\n|t:|1700427369\n|move|p1a: Crawdaunt|Knock Off|p2a: Urshifu\n|-resisted|p2a: Urshifu\n|-crit|p2a: Urshifu\n|-damage|p2a: Urshifu|0 fnt\n|-enditem|p2a: Urshifu|Heavy-Duty Boots|[from] move: Knock Off|[of] p1a: Crawdaunt\n|faint|p2a: Urshifu\n|-damage|p1a: Crawdaunt|80\/100|[from] item: Life Orb\n|\n|-fieldend|move: Trick Room\n|upkeep\n|\n|t:|1700427374\n|switch|p2a: Ninetales|Ninetales-Alola, F|100\/100\n|-weather|Snow|[from] ability: Snow Warning|[of] p2a: Ninetales\n|turn|12\n|\n|t:|1700427379\n|switch|p1a: Magearna|Magearna|60\/100\n|move|p2a: Ninetales|Freeze-Dry|p1a: Magearna\n|-resisted|p1a: Magearna\n|-crit|p1a: Magearna\n|-damage|p1a: Magearna|50\/100\n|\n|-weather|Snow|[upkeep]\n|-heal|p1a: Magearna|57\/100|[from] item: Leftovers\n|upkeep\n|turn|13\n|\n|t:|1700427381\n|move|p2a: Ninetales|Aurora Veil|p2a: Ninetales\n|-sidestart|p2: NewHoovybeast05|move: Aurora Veil\n|move|p1a: Magearna|Trick Room|p1a: Magearna\n|-fieldstart|move: Trick Room|[of] p1a: Magearna\n|\n|-weather|Snow|[upkeep]\n|-heal|p1a: Magearna|63\/100|[from] item: Leftovers\n|upkeep\n|turn|14\n|\n|t:|1700427385\n|move|p1a: Magearna|Encore|p2a: Ninetales\n|-start|p2a: Ninetales|Encore\n|move|p2a: Ninetales|Aurora Veil||[still]\n|-fail|p2a: Ninetales\n|\n|-weather|Snow|[upkeep]\n|-heal|p1a: Magearna|69\/100|[from] item: Leftovers\n|upkeep\n|turn|15\n|\n|t:|1700427395\n|switch|p2a: Baxcalibur|Baxcalibur, M|100\/100\n|move|p1a: Magearna|Volt Switch|p2a: Baxcalibur\n|-resisted|p2a: Baxcalibur\n|-damage|p2a: Baxcalibur|95\/100\n|\n|t:|1700427400\n|switch|p1a: Conkeldurr|Conkeldurr, F|100\/100|[from] Volt Switch\n|\n|-weather|Snow|[upkeep]\n|-status|p1a: Conkeldurr|brn|[from] item: Flame Orb\n|upkeep\n|turn|16\n|\n|t:|1700427410\n|switch|p2a: Volcarona|Volcarona, F|85\/100\n|move|p1a: Conkeldurr|Close Combat|p2a: Volcarona\n|-resisted|p2a: Volcarona\n|-damage|p2a: Volcarona|45\/100\n|-unboost|p1a: Conkeldurr|def|1\n|-unboost|p1a: Conkeldurr|spd|1\n|\n|-weather|none\n|-damage|p1a: Conkeldurr|94\/100 brn|[from] brn\n|upkeep\n|turn|17\n|\n|t:|1700427423\n|move|p1a: Conkeldurr|Knock Off|p2a: Volcarona\n|-damage|p2a: Volcarona|0 fnt\n|-enditem|p2a: Volcarona|Heavy-Duty Boots|[from] move: Knock Off|[of] p1a: Conkeldurr\n|faint|p2a: Volcarona\n|\n|-damage|p1a: Conkeldurr|88\/100 brn|[from] brn\n|-fieldend|move: Trick Room\n|upkeep\n|\n|t:|1700427433\n|switch|p2a: Ninetales|Ninetales-Alola, F|100\/100\n|-weather|Snow|[from] ability: Snow Warning|[of] p2a: Ninetales\n|turn|18\n|\n|t:|1700427441\n|move|p2a: Ninetales|Moonblast|p1a: Conkeldurr\n|-supereffective|p1a: Conkeldurr\n|-damage|p1a: Conkeldurr|0 fnt\n|faint|p1a: Conkeldurr\n|\n|-weather|Snow|[upkeep]\n|upkeep\n|\n|t:|1700427444\n|switch|p1a: Magearna|Magearna|69\/100\n|turn|19\n|\n|t:|1700427453\n|switch|p2a: Cyclizar|Cyclizar, F|100\/100\n|move|p1a: Magearna|Trick Room|p1a: Magearna\n|-fieldstart|move: Trick Room|[of] p1a: Magearna\n|\n|-weather|Snow|[upkeep]\n|-heal|p1a: Magearna|75\/100|[from] item: Leftovers\n|upkeep\n|turn|20\n|\n|t:|1700427458\n|switch|p2a: Ninetales|Ninetales-Alola, F|100\/100\n|move|p1a: Magearna|Fleur Cannon|p2a: Ninetales\n|-damage|p2a: Ninetales|70\/100\n|-unboost|p1a: Magearna|spa|2\n|\n|-weather|Snow|[upkeep]\n|-heal|p1a: Magearna|81\/100|[from] item: Leftovers\n|-sideend|p2: NewHoovybeast05|move: Aurora Veil\n|upkeep\n|turn|21\n|\n|t:|1700427464\n|move|p1a: Magearna|Volt Switch|p2a: Ninetales\n|-damage|p2a: Ninetales|60\/100\n|inactive|Battle timer is ON: inactive players will automatically lose when time's up. (requested by NewHoovybeast05)\n|\n|t:|1700427501\n|switch|p1a: Ursaluna|Ursaluna, F|100\/100|[from] Volt Switch\n|move|p2a: Ninetales|Aurora Veil|p2a: Ninetales\n|-sidestart|p2: NewHoovybeast05|move: Aurora Veil\n|\n|-weather|Snow|[upkeep]\n|-status|p1a: Ursaluna|brn|[from] item: Flame Orb\n|upkeep\n|turn|22\n|\n|t:|1700427508\n|-terastallize|p1a: Ursaluna|Normal\n|move|p1a: Ursaluna|Facade|p2a: Ninetales\n|-crit|p2a: Ninetales\n|-damage|p2a: Ninetales|0 fnt\n|faint|p2a: Ninetales\n|\n|-weather|none\n|-damage|p1a: Ursaluna|94\/100 brn|[from] brn\n|upkeep\n|\n|t:|1700427525\n|switch|p2a: Cyclizar|Cyclizar, F|100\/100\n|turn|23\n|\n|t:|1700427529\n|move|p1a: Ursaluna|Facade|p2a: Cyclizar\n|-damage|p2a: Cyclizar|0 fnt\n|faint|p2a: Cyclizar\n|\n|-damage|p1a: Ursaluna|88\/100 brn|[from] brn\n|-fieldend|move: Trick Room\n|upkeep\n|\n|t:|1700427532\n|switch|p2a: Baxcalibur|Baxcalibur, M|95\/100\n|turn|24\n|\n|t:|1700427540\n|move|p2a: Baxcalibur|Scale Shot|p1a: Ursaluna\n|-damage|p1a: Ursaluna|78\/100 brn\n|-damage|p1a: Ursaluna|68\/100 brn\n|-damage|p1a: Ursaluna|58\/100 brn\n|-damage|p1a: Ursaluna|48\/100 brn\n|-hitcount|p1a: Ursaluna|4\n|-unboost|p2a: Baxcalibur|def|1\n|-boost|p2a: Baxcalibur|spe|1\n|move|p1a: Ursaluna|Facade|p2a: Baxcalibur\n|-damage|p2a: Baxcalibur|0 fnt\n|faint|p2a: Baxcalibur\n|\n|win|austinerzs\n|c|\u2606NewHoovybeast05|gg\n","uploadtime":1700427548,"views":18,"p1id":"austinerzs","p2id":"newhoovybeast05","formatid":"gen9ubers","rating":0,"private":0,"password":""}