{"id":"gen9ubers-1986099608","p1":"SilverSlime","p2":"Natnat_24","format":"[Gen 9] Ubers","log":"|j|\u2606SilverSlime\n|j|\u2606Natnat_24\n|t:|1699450011\n|gametype|singles\n|player|p1|SilverSlime|larry|\n|player|p2|Natnat_24|emmet|\n|teamsize|p1|6\n|teamsize|p2|6\n|gen|9\n|tier|[Gen 9] Ubers\n|rule|Sleep Clause Mod: Limit one foe put to sleep\n|rule|Species Clause: Limit one of each Pok\u00e9mon\n|rule|OHKO Clause: OHKO moves are banned\n|rule|Evasion Items Clause: Evasion items are banned\n|rule|Evasion Moves Clause: Evasion moves are banned\n|rule|Endless Battle Clause: Forcing endless battles is banned\n|rule|HP Percentage Mod: HP is shown in percentages\n|clearpoke\n|poke|p1|Politoed, F|\n|poke|p1|Barraskewda, F|\n|poke|p1|Basculegion, M|\n|poke|p1|Kingambit, M|\n|poke|p1|Ludicolo, F|\n|poke|p1|Ursaluna-Bloodmoon, M|\n|poke|p2|Kommo-o, F|\n|poke|p2|Ogerpon-Hearthflame, F|\n|poke|p2|Kingambit, M|\n|poke|p2|Staraptor, F|\n|poke|p2|Gliscor, M|\n|poke|p2|Milotic, M|\n|teampreview\n|inactive|Battle timer is ON: inactive players will automatically lose when time's up. (requested by Natnat_24)\n|inactive|SilverSlime also wants the timer to be on.\n|\n|t:|1699450021\n|start\n|switch|p1a: Ursaluna|Ursaluna-Bloodmoon, M|100\/100\n|switch|p2a: Milotic|Milotic, M|100\/100\n|turn|1\n|\n|t:|1699450031\n|move|p2a: Milotic|Flip Turn|p1a: Ursaluna\n|-supereffective|p1a: Ursaluna\n|-damage|p1a: Ursaluna|72\/100\n|\n|t:|1699450037\n|switch|p2a: Kingambit|Kingambit, M|100\/100|[from] Flip Turn\n|move|p1a: Ursaluna|Blood Moon|p2a: Kingambit\n|-resisted|p2a: Kingambit\n|-damage|p2a: Kingambit|42\/100\n|\n|upkeep\n|turn|2\n|\n|t:|1699450048\n|-end|p2a: Kingambit|fallenundefined|[silent]\n|switch|p2a: Gliscor|Gliscor, M|100\/100\n|switch|p1a: Politoed|Politoed, F|100\/100\n|-weather|RainDance|[from] ability: Drizzle|[of] p1a: Politoed\n|\n|-weather|RainDance|[upkeep]\n|-status|p2a: Gliscor|tox|[from] item: Toxic Orb\n|upkeep\n|turn|3\n|\n|t:|1699450059\n|move|p2a: Gliscor|Protect|p2a: Gliscor\n|-singleturn|p2a: Gliscor|Protect\n|move|p1a: Politoed|Surf|p2a: Gliscor\n|-activate|p2a: Gliscor|move: Protect\n|\n|-weather|RainDance|[upkeep]\n|upkeep\n|turn|4\n|\n|t:|1699450066\n|switch|p1a: Kingambit|Kingambit, M|100\/100\n|move|p2a: Gliscor|U-turn|p1a: Kingambit\n|-damage|p1a: Kingambit|89\/100\n|\n|t:|1699450069\n|switch|p2a: Kingambit|Kingambit, M|42\/100|[from] U-turn\n|\n|-weather|RainDance|[upkeep]\n|upkeep\n|turn|5\n|\n|t:|1699450079\n|-end|p1a: Kingambit|fallenundefined|[silent]\n|switch|p1a: Ludicolo|Ludicolo, F|100\/100\n|move|p2a: Kingambit|Low Kick|p1a: Ludicolo\n|-damage|p1a: Ludicolo|57\/100\n|\n|-weather|RainDance|[upkeep]\n|upkeep\n|turn|6\n|\n|t:|1699450108\n|switch|p1a: Politoed|Politoed, F|100\/100\n|move|p2a: Kingambit|Sucker Punch||[still]\n|-fail|p2a: Kingambit\n|\n|-weather|RainDance|[upkeep]\n|upkeep\n|turn|7\n|\n|t:|1699450119\n|-end|p2a: Kingambit|fallenundefined|[silent]\n|switch|p2a: Milotic|Milotic, M|100\/100\n|move|p1a: Politoed|Surf|p2a: Milotic\n|-resisted|p2a: Milotic\n|-damage|p2a: Milotic|85\/100\n|\n|-weather|RainDance|[upkeep]\n|-status|p2a: Milotic|brn|[from] item: Flame Orb\n|upkeep\n|turn|8\n|\n|t:|1699450127\n|switch|p1a: Barraskewda|Barraskewda, F|100\/100\n|move|p2a: Milotic|Facade|p1a: Barraskewda\n|-damage|p1a: Barraskewda|37\/100\n|\n|-weather|RainDance|[upkeep]\n|-damage|p2a: Milotic|78\/100 brn|[from] brn\n|upkeep\n|turn|9\n|\n|t:|1699450140\n|move|p1a: Barraskewda|Flip Turn|p2a: Milotic\n|-resisted|p2a: Milotic\n|-damage|p2a: Milotic|49\/100 brn\n|\n|t:|1699450146\n|switch|p1a: Basculegion|Basculegion, M|100\/100|[from] Flip Turn\n|move|p2a: Milotic|Facade|p1a: Basculegion\n|-immune|p1a: Basculegion\n|\n|-weather|none\n|-damage|p2a: Milotic|43\/100 brn|[from] brn\n|upkeep\n|turn|10\n|\n|t:|1699450155\n|switch|p2a: Staraptor|Staraptor, F|100\/100\n|move|p1a: Basculegion|Flip Turn|p2a: Staraptor\n|-damage|p2a: Staraptor|40\/100\n|-damage|p1a: Basculegion|91\/100|[from] item: Life Orb\n|\n|t:|1699450165\n|switch|p1a: Barraskewda|Barraskewda, F|37\/100|[from] Flip Turn\n|\n|upkeep\n|turn|11\n|\n|t:|1699450171\n|move|p1a: Barraskewda|Aqua Jet|p2a: Staraptor\n|-damage|p2a: Staraptor|0 fnt\n|faint|p2a: Staraptor\n|\n|upkeep\n|\n|t:|1699450179\n|switch|p2a: Milotic|Milotic, M|43\/100 brn\n|turn|12\n|\n|t:|1699450182\n|switch|p1a: Politoed|Politoed, F|100\/100\n|-weather|RainDance|[from] ability: Drizzle|[of] p1a: Politoed\n|move|p2a: Milotic|Flip Turn|p1a: Politoed\n|-resisted|p1a: Politoed\n|-damage|p1a: Politoed|91\/100\n|\n|t:|1699450192\n|switch|p2a: Ogerpon|Ogerpon-Hearthflame, F|100\/100|[from] Flip Turn\n|-ability|p2a: Ogerpon|Mold Breaker\n|\n|-weather|RainDance|[upkeep]\n|upkeep\n|turn|13\n|\n|t:|1699450202\n|switch|p1a: Ludicolo|Ludicolo, F|57\/100\n|move|p2a: Ogerpon|Wood Hammer|p1a: Ludicolo\n|-damage|p1a: Ludicolo|0 fnt\n|faint|p1a: Ludicolo\n|-damage|p2a: Ogerpon|83\/100|[from] Recoil\n|\n|-weather|RainDance|[upkeep]\n|upkeep\n|\n|t:|1699450205\n|switch|p1a: Barraskewda|Barraskewda, F|37\/100\n|turn|14\n|\n|t:|1699450212\n|switch|p2a: Milotic|Milotic, M|43\/100 brn\n|move|p1a: Barraskewda|Liquidation|p2a: Milotic\n|-resisted|p2a: Milotic\n|-damage|p2a: Milotic|4\/100 brn\n|\n|-weather|RainDance|[upkeep]\n|-damage|p2a: Milotic|0 fnt|[from] brn\n|faint|p2a: Milotic\n|upkeep\n|\n|t:|1699450225\n|switch|p2a: Gliscor|Gliscor, M|100\/100 tox\n|turn|15\n|\n|t:|1699450228\n|switch|p1a: Basculegion|Basculegion, M|91\/100\n|move|p2a: Gliscor|Protect||[still]\n|-fail|p2a: Gliscor\n|\n|-weather|RainDance|[upkeep]\n|upkeep\n|turn|16\n|\n|t:|1699450237\n|move|p2a: Gliscor|Protect|p2a: Gliscor\n|-singleturn|p2a: Gliscor|Protect\n|move|p1a: Basculegion|Flip Turn|p2a: Gliscor\n|-activate|p2a: Gliscor|move: Protect\n|\n|-weather|RainDance|[upkeep]\n|upkeep\n|turn|17\n|\n|t:|1699450247\n|-terastallize|p2a: Gliscor|Water\n|move|p1a: Basculegion|Last Respects|p2a: Gliscor\n|-damage|p2a: Gliscor|58\/100 tox\n|-damage|p1a: Basculegion|81\/100|[from] item: Life Orb\n|move|p2a: Gliscor|Toxic|p1a: Basculegion\n|-status|p1a: Basculegion|tox\n|\n|-weather|RainDance|[upkeep]\n|-damage|p1a: Basculegion|75\/100 tox|[from] psn\n|-heal|p2a: Gliscor|70\/100 tox|[from] ability: Poison Heal\n|upkeep\n|turn|18\n|\n|t:|1699450254\n|move|p1a: Basculegion|Last Respects|p2a: Gliscor\n|-damage|p2a: Gliscor|30\/100 tox\n|-damage|p1a: Basculegion|65\/100 tox|[from] item: Life Orb\n|move|p2a: Gliscor|U-turn|p1a: Basculegion\n|-resisted|p1a: Basculegion\n|-crit|p1a: Basculegion\n|-damage|p1a: Basculegion|50\/100 tox\n|\n|t:|1699450262\n|switch|p2a: Kommo-o|Kommo-o, F|100\/100|[from] U-turn\n|\n|-weather|RainDance|[upkeep]\n|-damage|p1a: Basculegion|38\/100 tox|[from] psn\n|upkeep\n|turn|19\n|\n|t:|1699450267\n|move|p1a: Basculegion|Last Respects|p2a: Kommo-o\n|-damage|p2a: Kommo-o|36\/100\n|-damage|p1a: Basculegion|28\/100 tox|[from] item: Life Orb\n|move|p2a: Kommo-o|Clangorous Soul|p2a: Kommo-o\n|-boost|p2a: Kommo-o|atk|1\n|-boost|p2a: Kommo-o|def|1\n|-boost|p2a: Kommo-o|spa|1\n|-boost|p2a: Kommo-o|spd|1\n|-boost|p2a: Kommo-o|spe|1\n|-damage|p2a: Kommo-o|3\/100\n|-enditem|p2a: Kommo-o|Throat Spray\n|-boost|p2a: Kommo-o|spa|1|[from] item: Throat Spray\n|\n|-weather|none\n|-damage|p1a: Basculegion|10\/100 tox|[from] psn\n|upkeep\n|turn|20\n|\n|t:|1699450273\n|move|p1a: Basculegion|Aqua Jet|p2a: Kommo-o\n|-resisted|p2a: Kommo-o\n|-damage|p2a: Kommo-o|0 fnt\n|faint|p2a: Kommo-o\n|-damage|p1a: Basculegion|0 fnt|[from] item: Life Orb\n|faint|p1a: Basculegion\n|\n|upkeep\n|\n|t:|1699450282\n|switch|p2a: Ogerpon|Ogerpon-Hearthflame, F|83\/100\n|switch|p1a: Barraskewda|Barraskewda, F|37\/100\n|-ability|p2a: Ogerpon|Mold Breaker\n|turn|21\n|\n|t:|1699450286\n|switch|p2a: Gliscor|Gliscor, M, tera:Water|30\/100 tox\n|move|p1a: Barraskewda|Flip Turn|p2a: Gliscor\n|-resisted|p2a: Gliscor\n|-damage|p2a: Gliscor|15\/100 tox\n|\n|t:|1699450294\n|switch|p1a: Kingambit|Kingambit, M|89\/100|[from] Flip Turn\n|-activate|p1a: Kingambit|ability: Supreme Overlord\n|-start|p1a: Kingambit|fallen2|[silent]\n|\n|-heal|p2a: Gliscor|28\/100 tox|[from] ability: Poison Heal\n|upkeep\n|turn|22\n|\n|t:|1699450299\n|move|p2a: Gliscor|Protect|p2a: Gliscor\n|-singleturn|p2a: Gliscor|Protect\n|move|p1a: Kingambit|Swords Dance|p1a: Kingambit\n|-boost|p1a: Kingambit|atk|2\n|\n|-heal|p2a: Gliscor|40\/100 tox|[from] ability: Poison Heal\n|upkeep\n|turn|23\n|\n|t:|1699450307\n|move|p2a: Gliscor|Substitute|p2a: Gliscor\n|-start|p2a: Gliscor|Substitute\n|-damage|p2a: Gliscor|15\/100 tox\n|move|p1a: Kingambit|Kowtow Cleave|p2a: Gliscor\n|-end|p2a: Gliscor|Substitute\n|\n|-heal|p2a: Gliscor|28\/100 tox|[from] ability: Poison Heal\n|upkeep\n|turn|24\n|\n|t:|1699450315\n|move|p2a: Gliscor|Protect|p2a: Gliscor\n|-singleturn|p2a: Gliscor|Protect\n|move|p1a: Kingambit|Kowtow Cleave|p2a: Gliscor\n|-activate|p2a: Gliscor|move: Protect\n|\n|-heal|p2a: Gliscor|40\/100 tox|[from] ability: Poison Heal\n|upkeep\n|turn|25\n|\n|t:|1699450327\n|move|p2a: Gliscor|Substitute|p2a: Gliscor\n|-start|p2a: Gliscor|Substitute\n|-damage|p2a: Gliscor|15\/100 tox\n|move|p1a: Kingambit|Kowtow Cleave|p2a: Gliscor\n|-end|p2a: Gliscor|Substitute\n|\n|-heal|p2a: Gliscor|28\/100 tox|[from] ability: Poison Heal\n|upkeep\n|turn|26\n|\n|t:|1699450332\n|move|p2a: Gliscor|Substitute|p2a: Gliscor\n|-start|p2a: Gliscor|Substitute\n|-damage|p2a: Gliscor|3\/100 tox\n|move|p1a: Kingambit|Swords Dance|p1a: Kingambit\n|-boost|p1a: Kingambit|atk|2\n|\n|-heal|p2a: Gliscor|15\/100 tox|[from] ability: Poison Heal\n|upkeep\n|turn|27\n|\n|t:|1699450339\n|move|p2a: Gliscor|Protect|p2a: Gliscor\n|-singleturn|p2a: Gliscor|Protect\n|move|p1a: Kingambit|Kowtow Cleave|p2a: Gliscor\n|-activate|p2a: Gliscor|move: Protect\n|\n|-heal|p2a: Gliscor|28\/100 tox|[from] ability: Poison Heal\n|upkeep\n|turn|28\n|\n|t:|1699450351\n|move|p2a: Gliscor|Toxic|p1a: Kingambit\n|-immune|p1a: Kingambit\n|move|p1a: Kingambit|Kowtow Cleave|p2a: Gliscor\n|-end|p2a: Gliscor|Substitute\n|\n|-heal|p2a: Gliscor|40\/100 tox|[from] ability: Poison Heal\n|upkeep\n|turn|29\n|\n|t:|1699450355\n|move|p2a: Gliscor|U-turn|p1a: Kingambit\n|-crit|p1a: Kingambit\n|-damage|p1a: Kingambit|70\/100\n|\n|t:|1699450360\n|switch|p2a: Ogerpon|Ogerpon-Hearthflame, F|83\/100|[from] U-turn\n|-ability|p2a: Ogerpon|Mold Breaker\n|move|p1a: Kingambit|Kowtow Cleave|p2a: Ogerpon\n|-damage|p2a: Ogerpon|0 fnt\n|faint|p2a: Ogerpon\n|\n|upkeep\n|\n|t:|1699450362\n|switch|p2a: Kingambit|Kingambit, M|42\/100\n|-activate|p2a: Kingambit|ability: Supreme Overlord\n|-start|p2a: Kingambit|fallen4|[silent]\n|turn|30\n|\n|t:|1699450372\n|-terastallize|p1a: Kingambit|Flying\n|move|p1a: Kingambit|Sucker Punch|p2a: Kingambit\n|-resisted|p2a: Kingambit\n|-damage|p2a: Kingambit|0 fnt\n|faint|p2a: Kingambit\n|-end|p2a: Kingambit|fallen4|[silent]\n|\n|upkeep\n|\n|t:|1699450375\n|switch|p2a: Gliscor|Gliscor, M, tera:Water|40\/100 tox\n|turn|31\n|\n|t:|1699450378\n|move|p2a: Gliscor|Protect|p2a: Gliscor\n|-singleturn|p2a: Gliscor|Protect\n|move|p1a: Kingambit|Kowtow Cleave|p2a: Gliscor\n|-activate|p2a: Gliscor|move: Protect\n|\n|-heal|p2a: Gliscor|52\/100 tox|[from] ability: Poison Heal\n|upkeep\n|turn|32\n|\n|t:|1699450382\n|move|p2a: Gliscor|Substitute|p2a: Gliscor\n|-start|p2a: Gliscor|Substitute\n|-damage|p2a: Gliscor|28\/100 tox\n|move|p1a: Kingambit|Iron Head|p2a: Gliscor\n|-resisted|p2a: Gliscor\n|-end|p2a: Gliscor|Substitute\n|\n|-heal|p2a: Gliscor|40\/100 tox|[from] ability: Poison Heal\n|upkeep\n|turn|33\n|\n|t:|1699450385\n|move|p2a: Gliscor|Protect|p2a: Gliscor\n|-singleturn|p2a: Gliscor|Protect\n|move|p1a: Kingambit|Kowtow Cleave|p2a: Gliscor\n|-activate|p2a: Gliscor|move: Protect\n|\n|-heal|p2a: Gliscor|52\/100 tox|[from] ability: Poison Heal\n|upkeep\n|turn|34\n|\n|t:|1699450387\n|move|p2a: Gliscor|Substitute|p2a: Gliscor\n|-start|p2a: Gliscor|Substitute\n|-damage|p2a: Gliscor|28\/100 tox\n|move|p1a: Kingambit|Iron Head|p2a: Gliscor\n|-resisted|p2a: Gliscor\n|-end|p2a: Gliscor|Substitute\n|\n|-heal|p2a: Gliscor|40\/100 tox|[from] ability: Poison Heal\n|upkeep\n|turn|35\n|\n|t:|1699450389\n|move|p2a: Gliscor|Protect|p2a: Gliscor\n|-singleturn|p2a: Gliscor|Protect\n|move|p1a: Kingambit|Swords Dance|p1a: Kingambit\n|-boost|p1a: Kingambit|atk|2\n|\n|-heal|p2a: Gliscor|52\/100 tox|[from] ability: Poison Heal\n|upkeep\n|turn|36\n|\n|t:|1699450390\n|move|p2a: Gliscor|Substitute|p2a: Gliscor\n|-start|p2a: Gliscor|Substitute\n|-damage|p2a: Gliscor|28\/100 tox\n|move|p1a: Kingambit|Iron Head|p2a: Gliscor\n|-resisted|p2a: Gliscor\n|-end|p2a: Gliscor|Substitute\n|\n|-heal|p2a: Gliscor|40\/100 tox|[from] ability: Poison Heal\n|upkeep\n|turn|37\n|\n|t:|1699450392\n|move|p2a: Gliscor|Protect|p2a: Gliscor\n|-singleturn|p2a: Gliscor|Protect\n|move|p1a: Kingambit|Iron Head|p2a: Gliscor\n|-activate|p2a: Gliscor|move: Protect\n|\n|-heal|p2a: Gliscor|52\/100 tox|[from] ability: Poison Heal\n|upkeep\n|turn|38\n|\n|t:|1699450394\n|move|p2a: Gliscor|Substitute|p2a: Gliscor\n|-start|p2a: Gliscor|Substitute\n|-damage|p2a: Gliscor|28\/100 tox\n|move|p1a: Kingambit|Swords Dance|p1a: Kingambit\n|-boost|p1a: Kingambit|atk|0\n|\n|-heal|p2a: Gliscor|40\/100 tox|[from] ability: Poison Heal\n|upkeep\n|turn|39\n|\n|t:|1699450395\n|move|p2a: Gliscor|Protect|p2a: Gliscor\n|-singleturn|p2a: Gliscor|Protect\n|move|p1a: Kingambit|Iron Head|p2a: Gliscor\n|-activate|p2a: Gliscor|move: Protect\n|\n|-heal|p2a: Gliscor|52\/100 tox|[from] ability: Poison Heal\n|upkeep\n|turn|40\n|c|\u2606SilverSlime|GG\n|\n|t:|1699450402\n|move|p2a: Gliscor|Toxic|p1a: Kingambit|[miss]\n|-miss|p2a: Gliscor|p1a: Kingambit\n|move|p1a: Kingambit|Iron Head|p2a: Gliscor\n|-resisted|p2a: Gliscor\n|-end|p2a: Gliscor|Substitute\n|\n|-heal|p2a: Gliscor|65\/100 tox|[from] ability: Poison Heal\n|upkeep\n|turn|41\n|\n|t:|1699450409\n|move|p2a: Gliscor|Substitute|p2a: Gliscor\n|-start|p2a: Gliscor|Substitute\n|-damage|p2a: Gliscor|40\/100 tox\n|move|p1a: Kingambit|Iron Head|p2a: Gliscor\n|-resisted|p2a: Gliscor\n|-end|p2a: Gliscor|Substitute\n|\n|-heal|p2a: Gliscor|52\/100 tox|[from] ability: Poison Heal\n|upkeep\n|turn|42\n|\n|t:|1699450417\n|move|p2a: Gliscor|Substitute|p2a: Gliscor\n|-start|p2a: Gliscor|Substitute\n|-damage|p2a: Gliscor|28\/100 tox\n|move|p1a: Kingambit|Iron Head|p2a: Gliscor\n|-resisted|p2a: Gliscor\n|-end|p2a: Gliscor|Substitute\n|\n|-heal|p2a: Gliscor|40\/100 tox|[from] ability: Poison Heal\n|upkeep\n|turn|43\n|\n|t:|1699450421\n|-end|p1a: Kingambit|fallen2|[silent]\n|switch|p1a: Politoed|Politoed, F|91\/100\n|-weather|RainDance|[from] ability: Drizzle|[of] p1a: Politoed\n|move|p2a: Gliscor|Protect||[still]\n|-fail|p2a: Gliscor\n|\n|-weather|RainDance|[upkeep]\n|-heal|p2a: Gliscor|52\/100 tox|[from] ability: Poison Heal\n|upkeep\n|turn|44\n|\n|t:|1699450424\n|move|p2a: Gliscor|Substitute|p2a: Gliscor\n|-start|p2a: Gliscor|Substitute\n|-damage|p2a: Gliscor|28\/100 tox\n|move|p1a: Politoed|Perish Song|p1a: Politoed\n|-start|p1a: Politoed|perish3|[silent]\n|-start|p2a: Gliscor|perish3|[silent]\n|-fieldactivate|move: Perish Song\n|\n|-weather|RainDance|[upkeep]\n|-heal|p2a: Gliscor|40\/100 tox|[from] ability: Poison Heal\n|-start|p2a: Gliscor|perish3\n|-start|p1a: Politoed|perish3\n|upkeep\n|turn|45\n|c|\u2606SilverSlime|I'm tired of this\n|\n|t:|1699450431\n|switch|p1a: Ursaluna|Ursaluna-Bloodmoon, M|72\/100\n|move|p2a: Gliscor|Toxic|p1a: Ursaluna\n|-status|p1a: Ursaluna|tox\n|\n|-weather|RainDance|[upkeep]\n|-heal|p2a: Gliscor|52\/100 tox|[from] ability: Poison Heal\n|-damage|p1a: Ursaluna|66\/100 tox|[from] psn\n|-start|p2a: Gliscor|perish2\n|upkeep\n|turn|46\n|c|\u2606SilverSlime|GG\n|\n|t:|1699450436\n|move|p1a: Ursaluna|Vacuum Wave|p2a: Gliscor\n|-end|p2a: Gliscor|Substitute\n|move|p2a: Gliscor|U-turn|p1a: Ursaluna\n|-damage|p1a: Ursaluna|55\/100 tox\n|\n|-weather|RainDance|[upkeep]\n|-heal|p2a: Gliscor|65\/100 tox|[from] ability: Poison Heal\n|-damage|p1a: Ursaluna|43\/100 tox|[from] psn\n|-start|p2a: Gliscor|perish1\n|upkeep\n|turn|47\n|\n|t:|1699450439\n|switch|p1a: Kingambit|Kingambit, M, tera:Flying|70\/100\n|-activate|p1a: Kingambit|ability: Supreme Overlord\n|-start|p1a: Kingambit|fallen2|[silent]\n|move|p2a: Gliscor|Protect||[still]\n|-fail|p2a: Gliscor\n|\n|-weather|RainDance|[upkeep]\n|-heal|p2a: Gliscor|77\/100 tox|[from] ability: Poison Heal\n|-start|p2a: Gliscor|perish0\n|faint|p2a: Gliscor\n|\n|win|SilverSlime\n|upkeep\n","uploadtime":1699450445,"views":12,"p1id":"silverslime","p2id":"natnat24","formatid":"gen9ubers","rating":0,"private":0,"password":""}