{"id":"gen9ubers-1979500157","p1":"Jojen Read","p2":"OreoSpeedruns","format":"[Gen 9] Ubers","log":"|j|\u2606Jojen Read\n|j|\u2606OreoSpeedruns\n|t:|1698687560\n|gametype|singles\n|player|p1|Jojen Read|ethan-masters|\n|player|p2|OreoSpeedruns|hilbert-masters|\n|teamsize|p1|6\n|teamsize|p2|6\n|gen|9\n|tier|[Gen 9] Ubers\n|rated|Tournament battle\n|rule|Sleep Clause Mod: Limit one foe put to sleep\n|rule|Species Clause: Limit one of each Pok\u00e9mon\n|rule|OHKO Clause: OHKO moves are banned\n|rule|Evasion Items Clause: Evasion items are banned\n|rule|Evasion Moves Clause: Evasion moves are banned\n|rule|Endless Battle Clause: Forcing endless battles is banned\n|rule|HP Percentage Mod: HP is shown in percentages\n|clearpoke\n|poke|p1|Koraidon|\n|poke|p1|Arceus-Fairy|\n|poke|p1|Toxapex, M|\n|poke|p1|Ting-Lu|\n|poke|p1|Corviknight, M|\n|poke|p1|Landorus-Therian, M|\n|poke|p2|Ribombee, F|\n|poke|p2|Mewtwo|\n|poke|p2|Miraidon|\n|poke|p2|Eternatus|\n|poke|p2|Zacian-*|\n|poke|p2|Basculegion, M|\n|teampreview\n|j| JamboreeJourney\n|c|\u2606OreoSpeedruns|glhf\n|c|\u2606Jojen Read|hf\n|j| lopunny victim\n|\n|t:|1698687596\n|start\n|switch|p1a: Arceus|Arceus-Fairy|100\/100\n|switch|p2a: Ribombee|Ribombee, F, shiny|100\/100\n|turn|1\n|\n|t:|1698687600\n|move|p2a: Ribombee|Stun Spore|p1a: Arceus\n|-status|p1a: Arceus|par\n|cant|p1a: Arceus|par\n|\n|upkeep\n|turn|2\n|\n|t:|1698687605\n|move|p2a: Ribombee|Sticky Web|p1a: Arceus\n|-sidestart|p1: Jojen Read|move: Sticky Web\n|move|p1a: Arceus|Stealth Rock|p2a: Ribombee\n|-sidestart|p2: OreoSpeedruns|move: Stealth Rock\n|\n|upkeep\n|turn|3\n|\n|t:|1698687608\n|move|p2a: Ribombee|Moonblast|p1a: Arceus\n|-damage|p1a: Arceus|74\/100 par\n|move|p1a: Arceus|Judgment|p2a: Ribombee\n|-damage|p2a: Ribombee|14\/100\n|\n|upkeep\n|turn|4\n|\n|t:|1698687612\n|move|p2a: Ribombee|Moonblast|p1a: Arceus\n|-damage|p1a: Arceus|49\/100 par\n|cant|p1a: Arceus|par\n|\n|upkeep\n|turn|5\n|\n|t:|1698687614\n|move|p2a: Ribombee|Moonblast|p1a: Arceus\n|-damage|p1a: Arceus|22\/100 par\n|-unboost|p1a: Arceus|spa|1\n|cant|p1a: Arceus|par\n|\n|upkeep\n|turn|6\n|\n|t:|1698687618\n|switch|p1a: Corviknight|Corviknight, M|100\/100\n|move|p2a: Ribombee|Moonblast|p1a: Corviknight\n|-resisted|p1a: Corviknight\n|-damage|p1a: Corviknight|86\/100\n|-ability|p1a: Corviknight|Mirror Armor\n|-unboost|p2a: Ribombee|spa|1\n|\n|-heal|p1a: Corviknight|92\/100|[from] item: Leftovers\n|upkeep\n|turn|7\n|c|\u2606OreoSpeedruns|apologies\n|\n|t:|1698687622\n|move|p2a: Ribombee|Stun Spore|p1a: Corviknight\n|-status|p1a: Corviknight|par\n|move|p1a: Corviknight|U-turn|p2a: Ribombee\n|-resisted|p2a: Ribombee\n|-damage|p2a: Ribombee|1\/100\n|\n|t:|1698687629\n|switch|p1a: Landorus|Landorus-Therian, M|100\/100|[from] U-turn\n|-ability|p1a: Landorus|Intimidate|boost\n|-unboost|p2a: Ribombee|atk|1\n|\n|upkeep\n|turn|8\n|c|\u2606Jojen Read|np\n|\n|t:|1698687636\n|move|p1a: Landorus|U-turn|p2a: Ribombee\n|-resisted|p2a: Ribombee\n|-damage|p2a: Ribombee|0 fnt\n|faint|p2a: Ribombee\n|\n|t:|1698687642\n|switch|p1a: Ting-Lu|Ting-Lu|100\/100|[from] U-turn\n|-activate|p1a: Ting-Lu|move: Sticky Web\n|-unboost|p1a: Ting-Lu|spe|1\n|-ability|p1a: Ting-Lu|Vessel of Ruin\n|\n|upkeep\n|l|\u2606OreoSpeedruns\n|player|p2|\n|l| JamboreeJourney\n|j| JamboreeJourney\n|j|\u2606OreoSpeedruns\n|player|p2|OreoSpeedruns|hilbert-masters\n|\n|t:|1698687714\n|switch|p2a: Zacian|Zacian-Crowned, shiny|100\/100\n|-damage|p2a: Zacian|94\/100|[from] Stealth Rock\n|-ability|p2a: Zacian|Intrepid Sword|boost\n|-boost|p2a: Zacian|atk|1\n|turn|9\n|\n|t:|1698687720\n|switch|p1a: Toxapex|Toxapex, M|100\/100\n|-activate|p1a: Toxapex|move: Sticky Web\n|-unboost|p1a: Toxapex|spe|1\n|move|p2a: Zacian|Play Rough|p1a: Toxapex\n|-resisted|p1a: Toxapex\n|-damage|p1a: Toxapex|77\/100\n|-damage|p2a: Zacian|78\/100|[from] item: Rocky Helmet|[of] p1a: Toxapex\n|\n|upkeep\n|turn|10\n|l|\u2606OreoSpeedruns\n|player|p2|\n|j|\u2606OreoSpeedruns\n|player|p2|OreoSpeedruns|hilbert-masters\n|\n|t:|1698687745\n|switch|p2a: Mewtwo|Mewtwo, shiny|100\/100\n|-damage|p2a: Mewtwo|88\/100|[from] Stealth Rock\n|-ability|p2a: Mewtwo|Pressure\n|switch|p1a: Landorus|Landorus-Therian, M|100\/100\n|-ability|p1a: Landorus|Intimidate|boost\n|-unboost|p2a: Mewtwo|atk|1\n|\n|upkeep\n|turn|11\n|\n|t:|1698687755\n|move|p1a: Landorus|U-turn|p2a: Mewtwo\n|-supereffective|p2a: Mewtwo\n|-damage|p2a: Mewtwo|31\/100\n|\n|t:|1698687761\n|switch|p1a: Corviknight|Corviknight, M|92\/100 par|[from] U-turn\n|move|p2a: Mewtwo|Psystrike|p1a: Corviknight\n|-resisted|p1a: Corviknight\n|-damage|p1a: Corviknight|63\/100 par\n|-damage|p2a: Mewtwo|21\/100|[from] item: Life Orb\n|\n|-heal|p1a: Corviknight|69\/100 par|[from] item: Leftovers\n|upkeep\n|turn|12\n|\n|t:|1698687764\n|move|p2a: Mewtwo|Nasty Plot|p2a: Mewtwo\n|-boost|p2a: Mewtwo|spa|2\n|cant|p1a: Corviknight|par\n|\n|-heal|p1a: Corviknight|75\/100 par|[from] item: Leftovers\n|upkeep\n|turn|13\n|\n|t:|1698687769\n|move|p2a: Mewtwo|Shadow Ball|p1a: Corviknight\n|-damage|p1a: Corviknight|23\/100 par\n|-damage|p2a: Mewtwo|12\/100|[from] item: Life Orb\n|move|p1a: Corviknight|Roost|p1a: Corviknight\n|-heal|p1a: Corviknight|73\/100 par\n|-singleturn|p1a: Corviknight|move: Roost\n|\n|-heal|p1a: Corviknight|79\/100 par|[from] item: Leftovers\n|upkeep\n|turn|14\n|\n|t:|1698687775\n|move|p2a: Mewtwo|Shadow Ball|p1a: Corviknight\n|-damage|p1a: Corviknight|25\/100 par\n|-damage|p2a: Mewtwo|2\/100|[from] item: Life Orb\n|move|p1a: Corviknight|Roost|p1a: Corviknight\n|-heal|p1a: Corviknight|75\/100 par\n|-singleturn|p1a: Corviknight|move: Roost\n|\n|-heal|p1a: Corviknight|81\/100 par|[from] item: Leftovers\n|upkeep\n|turn|15\n|\n|t:|1698687781\n|move|p2a: Mewtwo|Shadow Ball|p1a: Corviknight\n|-damage|p1a: Corviknight|26\/100 par\n|-damage|p2a: Mewtwo|0 fnt|[from] item: Life Orb\n|faint|p2a: Mewtwo\n|move|p1a: Corviknight|Roost|p1a: Corviknight\n|-heal|p1a: Corviknight|76\/100 par\n|-singleturn|p1a: Corviknight|move: Roost\n|\n|-heal|p1a: Corviknight|82\/100 par|[from] item: Leftovers\n|upkeep\n|\n|t:|1698687789\n|switch|p2a: Miraidon|Miraidon|100\/100\n|-damage|p2a: Miraidon|88\/100|[from] Stealth Rock\n|-fieldstart|move: Electric Terrain|[from] ability: Hadron Engine|[of] p2a: Miraidon\n|-enditem|p2a: Miraidon|Electric Seed\n|-boost|p2a: Miraidon|def|1|[from] item: Electric Seed\n|turn|16\n|\n|t:|1698687793\n|switch|p1a: Ting-Lu|Ting-Lu|100\/100\n|-activate|p1a: Ting-Lu|move: Sticky Web\n|-unboost|p1a: Ting-Lu|spe|1\n|-ability|p1a: Ting-Lu|Vessel of Ruin\n|move|p2a: Miraidon|Calm Mind|p2a: Miraidon\n|-boost|p2a: Miraidon|spa|1\n|-boost|p2a: Miraidon|spd|1\n|\n|upkeep\n|turn|17\n|\n|t:|1698687796\n|move|p2a: Miraidon|Dazzling Gleam|p1a: Ting-Lu\n|-supereffective|p1a: Ting-Lu\n|-damage|p1a: Ting-Lu|46\/100\n|move|p1a: Ting-Lu|Whirlwind|p2a: Miraidon\n|drag|p2a: Basculegion|Basculegion, M, shiny|100\/100\n|-damage|p2a: Basculegion|88\/100|[from] Stealth Rock\n|\n|-heal|p1a: Ting-Lu|52\/100|[from] item: Leftovers\n|upkeep\n|turn|18\n|\n|t:|1698687806\n|switch|p1a: Arceus|Arceus-Fairy|22\/100 par\n|-activate|p1a: Arceus|move: Sticky Web\n|-unboost|p1a: Arceus|spe|1\n|move|p2a: Basculegion|Last Respects|p1a: Arceus\n|-damage|p1a: Arceus|0 fnt\n|faint|p1a: Arceus\n|\n|upkeep\n|\n|t:|1698687819\n|switch|p1a: Ting-Lu|Ting-Lu|52\/100\n|-activate|p1a: Ting-Lu|move: Sticky Web\n|-unboost|p1a: Ting-Lu|spe|1\n|-ability|p1a: Ting-Lu|Vessel of Ruin\n|turn|19\n|\n|t:|1698687825\n|move|p2a: Basculegion|Wave Crash|p1a: Ting-Lu\n|-supereffective|p1a: Ting-Lu\n|-damage|p1a: Ting-Lu|0 fnt\n|faint|p1a: Ting-Lu\n|-damage|p2a: Basculegion|65\/100|[from] Recoil\n|\n|upkeep\n|\n|t:|1698687831\n|switch|p1a: Landorus|Landorus-Therian, M|100\/100\n|-ability|p1a: Landorus|Intimidate|boost\n|-unboost|p2a: Basculegion|atk|1\n|turn|20\n|\n|t:|1698687837\n|switch|p2a: Zacian|Zacian-Crowned, shiny|78\/100\n|-damage|p2a: Zacian|72\/100|[from] Stealth Rock\n|move|p1a: Landorus|Earthquake|p2a: Zacian\n|-supereffective|p2a: Zacian\n|-damage|p2a: Zacian|0 fnt\n|faint|p2a: Zacian\n|\n|-fieldend|move: Electric Terrain\n|upkeep\n|\n|t:|1698687846\n|switch|p2a: Eternatus|Eternatus|100\/100\n|-damage|p2a: Eternatus|88\/100|[from] Stealth Rock\n|-ability|p2a: Eternatus|Pressure\n|turn|21\n|\n|t:|1698687852\n|-terastallize|p1a: Landorus|Ground\n|move|p1a: Landorus|Earthquake|p2a: Eternatus\n|-supereffective|p2a: Eternatus\n|-damage|p2a: Eternatus|0 fnt\n|faint|p2a: Eternatus\n|\n|upkeep\n|\n|t:|1698687859\n|switch|p2a: Basculegion|Basculegion, M, shiny|65\/100\n|-damage|p2a: Basculegion|53\/100|[from] Stealth Rock\n|turn|22\n|\n|t:|1698687864\n|switch|p1a: Toxapex|Toxapex, M|100\/100\n|-activate|p1a: Toxapex|move: Sticky Web\n|-unboost|p1a: Toxapex|spe|1\n|-terastallize|p2a: Basculegion|Water\n|move|p2a: Basculegion|Aqua Jet|p1a: Toxapex\n|-resisted|p1a: Toxapex\n|-damage|p1a: Toxapex|88\/100\n|-damage|p2a: Basculegion|36\/100|[from] item: Rocky Helmet|[of] p1a: Toxapex\n|\n|upkeep\n|turn|23\n|j| cracked crown\n|\n|t:|1698687881\n|switch|p1a: Koraidon|Koraidon|100\/100\n|-activate|p1a: Koraidon|move: Sticky Web\n|-unboost|p1a: Koraidon|spe|1\n|-weather|SunnyDay|[from] ability: Orichalcum Pulse|[of] p1a: Koraidon\n|-activate|p1a: Koraidon|Orichalcum Pulse|[source]\n|move|p2a: Basculegion|Agility|p2a: Basculegion\n|-boost|p2a: Basculegion|spe|2\n|\n|-weather|SunnyDay|[upkeep]\n|upkeep\n|turn|24\n|\n|t:|1698687888\n|move|p2a: Basculegion|Last Respects|p1a: Koraidon\n|-damage|p1a: Koraidon|0 fnt\n|faint|p1a: Koraidon\n|\n|-weather|SunnyDay|[upkeep]\n|upkeep\n|\n|t:|1698687892\n|switch|p1a: Landorus|Landorus-Therian, M, tera:Ground|100\/100\n|-activate|p1a: Landorus|move: Sticky Web\n|-unboost|p1a: Landorus|spe|1\n|-ability|p1a: Landorus|Intimidate|boost\n|-unboost|p2a: Basculegion|atk|1\n|turn|25\n|c|\u2606OreoSpeedruns|ggs broski\n|c|\u2606Jojen Read|gg\n|l|\u2606OreoSpeedruns\n|player|p2|\n|j|\u2606OreoSpeedruns\n|player|p2|OreoSpeedruns|hilbert-masters\n|\n|t:|1698687928\n|switch|p1a: Corviknight|Corviknight, M|82\/100 par\n|move|p2a: Basculegion|Last Respects|p1a: Corviknight\n|-crit|p1a: Corviknight\n|-damage|p1a: Corviknight|0 fnt\n|faint|p1a: Corviknight\n|\n|-weather|SunnyDay|[upkeep]\n|upkeep\n|\n|t:|1698687934\n|switch|p1a: Landorus|Landorus-Therian, M, tera:Ground|100\/100\n|-activate|p1a: Landorus|move: Sticky Web\n|-unboost|p1a: Landorus|spe|1\n|-ability|p1a: Landorus|Intimidate|boost\n|-unboost|p2a: Basculegion|atk|1\n|turn|26\n|\n|t:|1698687937\n|switch|p1a: Toxapex|Toxapex, M|100\/100\n|-activate|p1a: Toxapex|move: Sticky Web\n|-unboost|p1a: Toxapex|spe|1\n|move|p2a: Basculegion|Last Respects|p1a: Toxapex\n|-damage|p1a: Toxapex|60\/100\n|\n|-weather|SunnyDay|[upkeep]\n|upkeep\n|turn|27\n|\n|t:|1698687951\n|move|p2a: Basculegion|Last Respects|p1a: Toxapex\n|-damage|p1a: Toxapex|25\/100\n|move|p1a: Toxapex|Recover|p1a: Toxapex\n|-heal|p1a: Toxapex|75\/100\n|\n|-weather|none\n|upkeep\n|turn|28\n|\n|t:|1698687956\n|move|p2a: Basculegion|Last Respects|p1a: Toxapex\n|-damage|p1a: Toxapex|36\/100\n|move|p1a: Toxapex|Chilling Water|p2a: Basculegion\n|-resisted|p2a: Basculegion\n|-damage|p2a: Basculegion|30\/100\n|-unboost|p2a: Basculegion|atk|1\n|\n|upkeep\n|turn|29\n|\n|t:|1698687960\n|move|p2a: Basculegion|Last Respects|p1a: Toxapex\n|-damage|p1a: Toxapex|4\/100\n|move|p1a: Toxapex|Recover|p1a: Toxapex\n|-heal|p1a: Toxapex|54\/100\n|\n|upkeep\n|turn|30\n|\n|t:|1698687964\n|switch|p2a: Miraidon|Miraidon|88\/100\n|-damage|p2a: Miraidon|76\/100|[from] Stealth Rock\n|-fieldstart|move: Electric Terrain|[from] ability: Hadron Engine|[of] p2a: Miraidon\n|move|p1a: Toxapex|Recover|p1a: Toxapex\n|-heal|p1a: Toxapex|100\/100\n|\n|upkeep\n|turn|31\n|\n|t:|1698687984\n|move|p2a: Miraidon|Agility|p2a: Miraidon\n|-boost|p2a: Miraidon|spe|2\n|move|p1a: Toxapex|Toxic|p2a: Miraidon\n|-status|p2a: Miraidon|tox\n|\n|-damage|p2a: Miraidon|70\/100 tox|[from] psn\n|upkeep\n|turn|32\n|\n|t:|1698687987\n|move|p2a: Miraidon|Dazzling Gleam|p1a: Toxapex\n|-resisted|p1a: Toxapex\n|-damage|p1a: Toxapex|82\/100\n|move|p1a: Toxapex|Haze|p1a: Toxapex\n|-clearallboost\n|\n|-damage|p2a: Miraidon|57\/100 tox|[from] psn\n|upkeep\n|turn|33\n|l| cracked crown\n|\n|t:|1698687996\n|switch|p1a: Landorus|Landorus-Therian, M, tera:Ground|100\/100\n|-activate|p1a: Landorus|move: Sticky Web\n|-unboost|p1a: Landorus|spe|1\n|-ability|p1a: Landorus|Intimidate|boost\n|-unboost|p2a: Miraidon|atk|1\n|move|p2a: Miraidon|Parabolic Charge|p1a: Landorus\n|-immune|p1a: Landorus\n|\n|-damage|p2a: Miraidon|39\/100 tox|[from] psn\n|upkeep\n|turn|34\n|\n|t:|1698688000\n|move|p1a: Landorus|Earthquake|p2a: Miraidon\n|-supereffective|p2a: Miraidon\n|-damage|p2a: Miraidon|0 fnt\n|faint|p2a: Miraidon\n|\n|-fieldend|move: Electric Terrain\n|upkeep\n|\n|t:|1698688001\n|switch|p2a: Basculegion|Basculegion, M, shiny, tera:Water|30\/100\n|-damage|p2a: Basculegion|18\/100|[from] Stealth Rock\n|turn|35\n|\n|t:|1698688009\n|move|p2a: Basculegion|Aqua Jet|p1a: Landorus\n|-supereffective|p1a: Landorus\n|-damage|p1a: Landorus|9\/100\n|move|p1a: Landorus|Earthquake|p2a: Basculegion\n|-damage|p2a: Basculegion|0 fnt\n|faint|p2a: Basculegion\n|\n|win|Jojen Read\n|n|\u2606Jojen Read|jojenread\n|n| lopunny victim|lopunnyvictim\n|n| JamboreeJourney|jamboreejourney\n|n|\u2606OreoSpeedruns|oreospeedruns\n","uploadtime":1698688010,"views":10,"p1id":"jojenread","p2id":"oreospeedruns","formatid":"gen9ubers","rating":0,"private":0,"password":""}