{"id":"gen9ubers-1974660356","p1":"sdfwere","p2":"Kinesquared","format":"[Gen 9] Ubers","log":"|j|\u2606sdfwere\n|j|\u2606Kinesquared\n|t:|1698107689\n|gametype|singles\n|player|p1|sdfwere|2|\n|player|p2|Kinesquared|scientist-gen4dp|\n|teamsize|p1|6\n|teamsize|p2|6\n|gen|9\n|tier|[Gen 9] Ubers\n|rule|Sleep Clause Mod: Limit one foe put to sleep\n|rule|Species Clause: Limit one of each Pok\u00e9mon\n|rule|OHKO Clause: OHKO moves are banned\n|rule|Evasion Items Clause: Evasion items are banned\n|rule|Evasion Moves Clause: Evasion moves are banned\n|rule|Endless Battle Clause: Forcing endless battles is banned\n|rule|HP Percentage Mod: HP is shown in percentages\n|clearpoke\n|poke|p1|Rillaboom, F|\n|poke|p1|Shaymin-Sky|\n|poke|p1|Ursaluna-Bloodmoon, M|\n|poke|p1|Volcarona, F|\n|poke|p1|Goodra-Hisui, F|\n|poke|p1|Arceus-Grass|\n|poke|p2|Arceus-Dark|\n|poke|p2|Gliscor, F|\n|poke|p2|Blissey, F|\n|poke|p2|Dondozo, M|\n|poke|p2|Giratina|\n|poke|p2|Garganacl, M|\n|teampreview\n|c|\u2606Kinesquared|hi!\n|\n|t:|1698107711\n|start\n|switch|p1a: Rillaboom|Rillaboom, F|100\/100\n|switch|p2a: Gliscor|Gliscor, F|100\/100\n|-fieldstart|move: Grassy Terrain|[from] ability: Grassy Surge|[of] p1a: Rillaboom\n|turn|1\n|\n|t:|1698107720\n|move|p2a: Gliscor|Protect|p2a: Gliscor\n|-singleturn|p2a: Gliscor|Protect\n|move|p1a: Rillaboom|U-turn|p2a: Gliscor\n|-activate|p2a: Gliscor|move: Protect\n|\n|-status|p2a: Gliscor|tox|[from] item: Toxic Orb\n|upkeep\n|turn|2\n|\n|t:|1698107728\n|switch|p1a: Goodra|Goodra-Hisui, F|100\/100\n|move|p2a: Gliscor|Toxic Spikes|p1a: Goodra\n|-sidestart|p1: sdfwere|move: Toxic Spikes\n|\n|upkeep\n|turn|3\n|\n|t:|1698107733\n|move|p2a: Gliscor|Protect|p2a: Gliscor\n|-singleturn|p2a: Gliscor|Protect\n|move|p1a: Goodra|Draco Meteor|p2a: Gliscor\n|-activate|p2a: Gliscor|move: Protect\n|\n|upkeep\n|turn|4\n|\n|t:|1698107741\n|switch|p2a: Blissey|Blissey, F|100\/100\n|move|p1a: Goodra|Ice Beam|p2a: Blissey\n|-damage|p2a: Blissey|92\/100\n|\n|-heal|p2a: Blissey|98\/100|[from] Grassy Terrain\n|upkeep\n|turn|5\n|\n|t:|1698107748\n|move|p2a: Blissey|Stealth Rock|p1a: Goodra\n|-sidestart|p1: sdfwere|move: Stealth Rock\n|move|p1a: Goodra|Dragon Tail|p2a: Blissey\n|-damage|p2a: Blissey|81\/100\n|drag|p2a: Giratina|Giratina|100\/100\n|-ability|p2a: Giratina|Pressure\n|\n|upkeep\n|turn|6\n|\n|t:|1698107769\n|move|p2a: Giratina|Will-O-Wisp|p1a: Goodra|[miss]\n|-miss|p2a: Giratina|p1a: Goodra\n|move|p1a: Goodra|Dragon Tail|p2a: Giratina|[miss]\n|-miss|p1a: Goodra|p2a: Giratina\n|\n|upkeep\n|turn|7\n|\n|t:|1698107777\n|switch|p1a: Ursaluna|Ursaluna-Bloodmoon, M|100\/100\n|-status|p1a: Ursaluna|psn\n|-damage|p1a: Ursaluna|94\/100 psn|[from] Stealth Rock\n|-enditem|p1a: Ursaluna|Grassy Seed\n|-boost|p1a: Ursaluna|def|1|[from] item: Grassy Seed\n|move|p2a: Giratina|Will-O-Wisp||[still]\n|-fail|p2a: Giratina\n|\n|-heal|p1a: Ursaluna|100\/100 psn|[from] Grassy Terrain\n|-damage|p1a: Ursaluna|88\/100 psn|[from] psn\n|upkeep\n|turn|8\n|\n|t:|1698107789\n|move|p1a: Ursaluna|Calm Mind|p1a: Ursaluna\n|-boost|p1a: Ursaluna|spa|1\n|-boost|p1a: Ursaluna|spd|1\n|move|p2a: Giratina|Roar|p1a: Ursaluna\n|drag|p1a: Goodra|Goodra-Hisui, F|100\/100\n|-damage|p1a: Goodra|94\/100|[from] Stealth Rock\n|\n|-heal|p1a: Goodra|100\/100|[from] Grassy Terrain\n|-fieldend|move: Grassy Terrain\n|upkeep\n|turn|9\n|\n|t:|1698107800\n|switch|p2a: Blissey|Blissey, F|81\/100\n|move|p1a: Goodra|Draco Meteor|p2a: Blissey\n|-damage|p2a: Blissey|63\/100\n|-unboost|p1a: Goodra|spa|2\n|\n|upkeep\n|turn|10\n|\n|t:|1698107808\n|switch|p1a: Ursaluna|Ursaluna-Bloodmoon, M|88\/100 psn\n|-damage|p1a: Ursaluna|82\/100 psn|[from] Stealth Rock\n|move|p2a: Blissey|Thunder Wave|p1a: Ursaluna\n|-immune|p1a: Ursaluna\n|\n|-damage|p1a: Ursaluna|70\/100 psn|[from] psn\n|upkeep\n|turn|11\n|\n|t:|1698107816\n|-terastallize|p1a: Ursaluna|Poison\n|move|p2a: Blissey|Calm Mind|p2a: Blissey\n|-boost|p2a: Blissey|spa|1\n|-boost|p2a: Blissey|spd|1\n|move|p1a: Ursaluna|Calm Mind|p1a: Ursaluna\n|-boost|p1a: Ursaluna|spa|1\n|-boost|p1a: Ursaluna|spd|1\n|\n|-damage|p1a: Ursaluna|57\/100 psn|[from] psn\n|upkeep\n|turn|12\n|\n|t:|1698107849\n|move|p2a: Blissey|Flamethrower|p1a: Ursaluna\n|-damage|p1a: Ursaluna|40\/100 psn\n|move|p1a: Ursaluna|Body Press|p2a: Blissey\n|-supereffective|p2a: Blissey\n|-damage|p2a: Blissey|9\/100\n|\n|-damage|p1a: Ursaluna|27\/100 psn|[from] psn\n|upkeep\n|turn|13\n|\n|t:|1698107861\n|switch|p2a: Giratina|Giratina|100\/100\n|-ability|p2a: Giratina|Pressure\n|switch|p1a: Goodra|Goodra-Hisui, F|100\/100\n|-damage|p1a: Goodra|94\/100|[from] Stealth Rock\n|\n|-heal|p1a: Goodra|100\/100|[from] item: Leftovers\n|upkeep\n|turn|14\n|c|\u2606Kinesquared|I'm a big dummy and forgot to give blissey softboiled\n|\n|t:|1698107884\n|move|p2a: Giratina|Will-O-Wisp|p1a: Goodra\n|-status|p1a: Goodra|brn\n|move|p1a: Goodra|Dragon Tail|p2a: Giratina\n|-supereffective|p2a: Giratina\n|-damage|p2a: Giratina|89\/100\n|drag|p2a: Dondozo|Dondozo, M|100\/100\n|\n|-damage|p1a: Goodra|94\/100 brn|[from] brn\n|upkeep\n|turn|15\n|\n|t:|1698107893\n|move|p1a: Goodra|Draco Meteor|p2a: Dondozo|[miss]\n|-miss|p1a: Goodra|p2a: Dondozo\n|move|p2a: Dondozo|Body Press|p1a: Goodra\n|-supereffective|p1a: Goodra\n|-damage|p1a: Goodra|39\/100 brn\n|\n|-heal|p1a: Goodra|45\/100 brn|[from] item: Leftovers\n|-damage|p1a: Goodra|39\/100 brn|[from] brn\n|upkeep\n|turn|16\n|\n|t:|1698107908\n|switch|p1a: Shaymin|Shaymin-Sky|100\/100\n|-damage|p1a: Shaymin|76\/100|[from] Stealth Rock\n|switch|p2a: Garganacl|Garganacl, M|100\/100\n|\n|-heal|p1a: Shaymin|82\/100|[from] item: Leftovers\n|upkeep\n|turn|17\n|\n|t:|1698107918\n|-terastallize|p2a: Garganacl|Fairy\n|move|p1a: Shaymin|Substitute|p1a: Shaymin\n|-start|p1a: Shaymin|Substitute\n|-damage|p1a: Shaymin|57\/100\n|move|p2a: Garganacl|Salt Cure|p1a: Shaymin\n|-supereffective|p1a: Shaymin\n|-end|p1a: Shaymin|Substitute\n|\n|-heal|p1a: Shaymin|63\/100|[from] item: Leftovers\n|upkeep\n|turn|18\n|\n|t:|1698107929\n|move|p1a: Shaymin|Air Slash|p2a: Garganacl\n|-damage|p2a: Garganacl|75\/100\n|move|p2a: Garganacl|Salt Cure|p1a: Shaymin\n|-supereffective|p1a: Shaymin\n|-damage|p1a: Shaymin|31\/100\n|-start|p1a: Shaymin|Salt Cure\n|\n|-heal|p1a: Shaymin|37\/100|[from] item: Leftovers\n|-heal|p2a: Garganacl|81\/100|[from] item: Leftovers\n|-damage|p1a: Shaymin|25\/100|[from] Salt Cure\n|upkeep\n|turn|19\n|\n|t:|1698107940\n|switch|p1a: Ursaluna|Ursaluna-Bloodmoon, M, tera:Poison|27\/100 psn\n|-sideend|p1: sdfwere|move: Toxic Spikes|[of] p1a: Ursaluna\n|-damage|p1a: Ursaluna|15\/100 psn|[from] Stealth Rock\n|move|p2a: Garganacl|Salt Cure|p1a: Ursaluna\n|-damage|p1a: Ursaluna|8\/100 psn\n|-start|p1a: Ursaluna|Salt Cure\n|\n|-heal|p2a: Garganacl|87\/100|[from] item: Leftovers\n|-damage|p1a: Ursaluna|0 fnt|[from] psn\n|faint|p1a: Ursaluna\n|upkeep\n|\n|t:|1698107946\n|switch|p1a: Goodra|Goodra-Hisui, F|39\/100 brn\n|-damage|p1a: Goodra|33\/100 brn|[from] Stealth Rock\n|turn|20\n|\n|t:|1698107956\n|switch|p2a: Arceus|Arceus-Dark|100\/100\n|move|p1a: Goodra|Flash Cannon|p2a: Arceus\n|-damage|p2a: Arceus|80\/100\n|\n|-heal|p1a: Goodra|39\/100 brn|[from] item: Leftovers\n|-damage|p1a: Goodra|33\/100 brn|[from] brn\n|upkeep\n|turn|21\n|\n|t:|1698107967\n|move|p2a: Arceus|Calm Mind|p2a: Arceus\n|-boost|p2a: Arceus|spa|1\n|-boost|p2a: Arceus|spd|1\n|move|p1a: Goodra|Draco Meteor|p2a: Arceus\n|-damage|p2a: Arceus|57\/100\n|-unboost|p1a: Goodra|spa|2\n|\n|-heal|p1a: Goodra|39\/100 brn|[from] item: Leftovers\n|-damage|p1a: Goodra|33\/100 brn|[from] brn\n|upkeep\n|turn|22\n|\n|t:|1698107977\n|move|p2a: Arceus|Judgment|p1a: Goodra\n|-damage|p1a: Goodra|0 fnt\n|faint|p1a: Goodra\n|\n|upkeep\n|\n|t:|1698107980\n|switch|p1a: Rillaboom|Rillaboom, F|100\/100\n|-damage|p1a: Rillaboom|88\/100|[from] Stealth Rock\n|-fieldstart|move: Grassy Terrain|[from] ability: Grassy Surge|[of] p1a: Rillaboom\n|turn|23\n|\n|t:|1698107987\n|switch|p2a: Giratina|Giratina|89\/100\n|-ability|p2a: Giratina|Pressure\n|move|p1a: Rillaboom|Swords Dance|p1a: Rillaboom\n|-boost|p1a: Rillaboom|atk|2\n|\n|-heal|p2a: Giratina|95\/100|[from] Grassy Terrain\n|-heal|p1a: Rillaboom|94\/100|[from] Grassy Terrain\n|upkeep\n|turn|24\n|\n|t:|1698107997\n|move|p2a: Giratina|Will-O-Wisp|p1a: Rillaboom\n|-status|p1a: Rillaboom|brn\n|move|p1a: Rillaboom|U-turn|p2a: Giratina\n|-resisted|p2a: Giratina\n|-damage|p2a: Giratina|88\/100\n|\n|t:|1698108003\n|switch|p1a: Arceus|Arceus-Grass|100\/100|[from] U-turn\n|-damage|p1a: Arceus|88\/100|[from] Stealth Rock\n|\n|-heal|p1a: Arceus|94\/100|[from] Grassy Terrain\n|-heal|p2a: Giratina|94\/100|[from] Grassy Terrain\n|upkeep\n|turn|25\n|\n|t:|1698108012\n|move|p1a: Arceus|Ice Beam|p2a: Giratina\n|-supereffective|p2a: Giratina\n|-damage|p2a: Giratina|72\/100\n|move|p2a: Giratina|Will-O-Wisp|p1a: Arceus\n|-status|p1a: Arceus|brn\n|\n|-heal|p1a: Arceus|99\/100 brn|[from] Grassy Terrain\n|-heal|p2a: Giratina|78\/100|[from] Grassy Terrain\n|-damage|p1a: Arceus|94\/100 brn|[from] brn\n|upkeep\n|turn|26\n|\n|t:|1698108022\n|move|p1a: Arceus|Judgment|p2a: Giratina\n|-resisted|p2a: Giratina\n|-damage|p2a: Giratina|65\/100\n|move|p2a: Giratina|Roar|p1a: Arceus\n|drag|p1a: Volcarona|Volcarona, F|100\/100\n|-damage|p1a: Volcarona|51\/100|[from] Stealth Rock\n|\n|-heal|p1a: Volcarona|57\/100|[from] Grassy Terrain\n|-heal|p1a: Volcarona|63\/100|[from] item: Leftovers\n|-heal|p2a: Giratina|71\/100|[from] Grassy Terrain\n|upkeep\n|turn|27\n|\n|t:|1698108033\n|move|p1a: Volcarona|Giga Drain|p2a: Giratina\n|-resisted|p2a: Giratina\n|-damage|p2a: Giratina|63\/100\n|-heal|p1a: Volcarona|69\/100|[from] drain|[of] p2a: Giratina\n|move|p2a: Giratina|Roar|p1a: Volcarona\n|drag|p1a: Shaymin|Shaymin-Sky|25\/100\n|-damage|p1a: Shaymin|0 fnt|[from] Stealth Rock\n|faint|p1a: Shaymin\n|\n|-heal|p2a: Giratina|70\/100|[from] Grassy Terrain\n|upkeep\n|\n|t:|1698108040\n|switch|p1a: Arceus|Arceus-Grass|94\/100 brn\n|-damage|p1a: Arceus|82\/100 brn|[from] Stealth Rock\n|turn|28\n|\n|t:|1698108053\n|move|p1a: Arceus|Ice Beam|p2a: Giratina\n|-supereffective|p2a: Giratina\n|-crit|p2a: Giratina\n|-damage|p2a: Giratina|39\/100\n|move|p2a: Giratina|Pain Split|p1a: Arceus\n|-sethp|p1a: Arceus|63\/100 brn|[from] move: Pain Split|[silent]\n|-sethp|p2a: Giratina|55\/100|[from] move: Pain Split\n|\n|-heal|p1a: Arceus|69\/100 brn|[from] Grassy Terrain\n|-heal|p2a: Giratina|61\/100|[from] Grassy Terrain\n|-damage|p1a: Arceus|63\/100 brn|[from] brn\n|upkeep\n|turn|29\n|\n|t:|1698108066\n|switch|p2a: Garganacl|Garganacl, M, tera:Fairy|87\/100\n|move|p1a: Arceus|Ice Beam|p2a: Garganacl\n|-damage|p2a: Garganacl|71\/100\n|\n|-heal|p1a: Arceus|69\/100 brn|[from] Grassy Terrain\n|-heal|p2a: Garganacl|77\/100|[from] Grassy Terrain\n|-heal|p2a: Garganacl|84\/100|[from] item: Leftovers\n|-damage|p1a: Arceus|63\/100 brn|[from] brn\n|upkeep\n|turn|30\n|\n|t:|1698108077\n|move|p1a: Arceus|Judgment|p2a: Garganacl\n|-damage|p2a: Garganacl|44\/100\n|move|p2a: Garganacl|Block|p1a: Arceus\n|-activate|p1a: Arceus|trapped\n|\n|-heal|p1a: Arceus|69\/100 brn|[from] Grassy Terrain\n|-heal|p2a: Garganacl|50\/100|[from] Grassy Terrain\n|-heal|p2a: Garganacl|57\/100|[from] item: Leftovers\n|-damage|p1a: Arceus|63\/100 brn|[from] brn\n|-fieldend|move: Grassy Terrain\n|upkeep\n|turn|31\n|\n|t:|1698108092\n|move|p1a: Arceus|Judgment|p2a: Garganacl\n|-damage|p2a: Garganacl|26\/100\n|move|p2a: Garganacl|Recover|p2a: Garganacl\n|-heal|p2a: Garganacl|76\/100\n|\n|-heal|p2a: Garganacl|82\/100|[from] item: Leftovers\n|-damage|p1a: Arceus|57\/100 brn|[from] brn\n|upkeep\n|turn|32\n|\n|t:|1698108100\n|move|p1a: Arceus|Earth Power|p2a: Garganacl\n|-damage|p2a: Garganacl|66\/100\n|move|p2a: Garganacl|Salt Cure|p1a: Arceus\n|-damage|p1a: Arceus|48\/100 brn\n|-start|p1a: Arceus|Salt Cure\n|\n|-heal|p2a: Garganacl|73\/100|[from] item: Leftovers\n|-damage|p1a: Arceus|41\/100 brn|[from] brn\n|-damage|p1a: Arceus|29\/100 brn|[from] Salt Cure\n|upkeep\n|turn|33\n|\n|t:|1698108110\n|move|p1a: Arceus|Judgment|p2a: Garganacl\n|-damage|p2a: Garganacl|40\/100\n|move|p2a: Garganacl|Salt Cure|p1a: Arceus\n|-damage|p1a: Arceus|21\/100 brn\n|\n|-heal|p2a: Garganacl|46\/100|[from] item: Leftovers\n|-damage|p1a: Arceus|15\/100 brn|[from] brn\n|-damage|p1a: Arceus|2\/100 brn|[from] Salt Cure\n|upkeep\n|turn|34\n|\n|t:|1698108120\n|move|p1a: Arceus|Recover|p1a: Arceus\n|-heal|p1a: Arceus|52\/100 brn\n|move|p2a: Garganacl|Recover|p2a: Garganacl\n|-heal|p2a: Garganacl|96\/100\n|\n|-heal|p2a: Garganacl|100\/100|[from] item: Leftovers\n|-damage|p1a: Arceus|46\/100 brn|[from] brn\n|-damage|p1a: Arceus|34\/100 brn|[from] Salt Cure\n|upkeep\n|turn|35\n|\n|t:|1698108132\n|move|p1a: Arceus|Judgment|p2a: Garganacl\n|-damage|p2a: Garganacl|66\/100\n|move|p2a: Garganacl|Salt Cure|p1a: Arceus\n|-damage|p1a: Arceus|25\/100 brn\n|\n|-heal|p2a: Garganacl|72\/100|[from] item: Leftovers\n|-damage|p1a: Arceus|19\/100 brn|[from] brn\n|-damage|p1a: Arceus|6\/100 brn|[from] Salt Cure\n|upkeep\n|turn|36\n|\n|t:|1698108141\n|move|p1a: Arceus|Recover|p1a: Arceus\n|-heal|p1a: Arceus|56\/100 brn\n|move|p2a: Garganacl|Iron Defense|p2a: Garganacl\n|-boost|p2a: Garganacl|def|2\n|\n|-heal|p2a: Garganacl|78\/100|[from] item: Leftovers\n|-damage|p1a: Arceus|50\/100 brn|[from] brn\n|-damage|p1a: Arceus|38\/100 brn|[from] Salt Cure\n|upkeep\n|turn|37\n|\n|t:|1698108151\n|move|p1a: Arceus|Judgment|p2a: Garganacl\n|-damage|p2a: Garganacl|46\/100\n|move|p2a: Garganacl|Salt Cure|p1a: Arceus\n|-damage|p1a: Arceus|29\/100 brn\n|\n|-heal|p2a: Garganacl|52\/100|[from] item: Leftovers\n|-damage|p1a: Arceus|23\/100 brn|[from] brn\n|-damage|p1a: Arceus|10\/100 brn|[from] Salt Cure\n|upkeep\n|turn|38\n|\n|t:|1698108161\n|move|p1a: Arceus|Recover|p1a: Arceus\n|-heal|p1a: Arceus|60\/100 brn\n|move|p2a: Garganacl|Salt Cure|p1a: Arceus\n|-damage|p1a: Arceus|52\/100 brn\n|\n|-heal|p2a: Garganacl|59\/100|[from] item: Leftovers\n|-damage|p1a: Arceus|46\/100 brn|[from] brn\n|-damage|p1a: Arceus|34\/100 brn|[from] Salt Cure\n|upkeep\n|turn|39\n|\n|t:|1698108184\n|move|p1a: Arceus|Judgment|p2a: Garganacl\n|-damage|p2a: Garganacl|28\/100\n|move|p2a: Garganacl|Recover|p2a: Garganacl\n|-heal|p2a: Garganacl|78\/100\n|\n|-heal|p2a: Garganacl|84\/100|[from] item: Leftovers\n|-damage|p1a: Arceus|28\/100 brn|[from] brn\n|-damage|p1a: Arceus|15\/100 brn|[from] Salt Cure\n|upkeep\n|turn|40\n|\n|t:|1698108203\n|move|p1a: Arceus|Recover|p1a: Arceus\n|-heal|p1a: Arceus|65\/100 brn\n|move|p2a: Garganacl|Salt Cure|p1a: Arceus\n|-damage|p1a: Arceus|56\/100 brn\n|\n|-heal|p2a: Garganacl|91\/100|[from] item: Leftovers\n|-damage|p1a: Arceus|50\/100 brn|[from] brn\n|-damage|p1a: Arceus|38\/100 brn|[from] Salt Cure\n|upkeep\n|turn|41\n|\n|t:|1698108214\n|move|p1a: Arceus|Judgment|p2a: Garganacl\n|-damage|p2a: Garganacl|56\/100\n|move|p2a: Garganacl|Salt Cure|p1a: Arceus\n|-damage|p1a: Arceus|28\/100 brn\n|\n|-heal|p2a: Garganacl|62\/100|[from] item: Leftovers\n|-damage|p1a: Arceus|22\/100 brn|[from] brn\n|-damage|p1a: Arceus|10\/100 brn|[from] Salt Cure\n|upkeep\n|turn|42\n|\n|t:|1698108223\n|move|p1a: Arceus|Recover|p1a: Arceus\n|-heal|p1a: Arceus|60\/100 brn\n|move|p2a: Garganacl|Salt Cure|p1a: Arceus\n|-damage|p1a: Arceus|51\/100 brn\n|\n|-heal|p2a: Garganacl|69\/100|[from] item: Leftovers\n|-damage|p1a: Arceus|45\/100 brn|[from] brn\n|-damage|p1a: Arceus|33\/100 brn|[from] Salt Cure\n|upkeep\n|turn|43\n|\n|t:|1698108234\n|move|p1a: Arceus|Judgment|p2a: Garganacl\n|-damage|p2a: Garganacl|37\/100\n|move|p2a: Garganacl|Salt Cure|p1a: Arceus\n|-damage|p1a: Arceus|24\/100 brn\n|\n|-heal|p2a: Garganacl|44\/100|[from] item: Leftovers\n|-damage|p1a: Arceus|18\/100 brn|[from] brn\n|-damage|p1a: Arceus|6\/100 brn|[from] Salt Cure\n|upkeep\n|turn|44\n|j| TubeKnight\n|\n|t:|1698108243\n|move|p1a: Arceus|Recover|p1a: Arceus\n|-heal|p1a: Arceus|56\/100 brn\n|move|p2a: Garganacl|Recover|p2a: Garganacl\n|-heal|p2a: Garganacl|94\/100\n|\n|-heal|p2a: Garganacl|99\/100|[from] item: Leftovers\n|-damage|p1a: Arceus|50\/100 brn|[from] brn\n|-damage|p1a: Arceus|37\/100 brn|[from] Salt Cure\n|upkeep\n|turn|45\n|\n|t:|1698108253\n|move|p1a: Arceus|Earth Power|p2a: Garganacl\n|-damage|p2a: Garganacl|84\/100\n|move|p2a: Garganacl|Salt Cure|p1a: Arceus\n|-damage|p1a: Arceus|28\/100 brn\n|\n|-heal|p2a: Garganacl|90\/100|[from] item: Leftovers\n|-damage|p1a: Arceus|22\/100 brn|[from] brn\n|-damage|p1a: Arceus|10\/100 brn|[from] Salt Cure\n|upkeep\n|turn|46\n|\n|t:|1698108262\n|move|p1a: Arceus|Recover|p1a: Arceus\n|-heal|p1a: Arceus|60\/100 brn\n|move|p2a: Garganacl|Salt Cure|p1a: Arceus\n|-damage|p1a: Arceus|51\/100 brn\n|\n|-heal|p2a: Garganacl|96\/100|[from] item: Leftovers\n|-damage|p1a: Arceus|45\/100 brn|[from] brn\n|-damage|p1a: Arceus|33\/100 brn|[from] Salt Cure\n|upkeep\n|turn|47\n|\n|t:|1698108271\n|move|p1a: Arceus|Earth Power|p2a: Garganacl\n|-damage|p2a: Garganacl|79\/100\n|move|p2a: Garganacl|Iron Defense|p2a: Garganacl\n|-boost|p2a: Garganacl|def|2\n|\n|-heal|p2a: Garganacl|85\/100|[from] item: Leftovers\n|-damage|p1a: Arceus|27\/100 brn|[from] brn\n|-damage|p1a: Arceus|14\/100 brn|[from] Salt Cure\n|upkeep\n|turn|48\n|\n|t:|1698108280\n|move|p1a: Arceus|Recover|p1a: Arceus\n|-heal|p1a: Arceus|64\/100 brn\n|move|p2a: Garganacl|Iron Defense|p2a: Garganacl\n|-boost|p2a: Garganacl|def|2\n|\n|-heal|p2a: Garganacl|92\/100|[from] item: Leftovers\n|-damage|p1a: Arceus|58\/100 brn|[from] brn\n|-damage|p1a: Arceus|46\/100 brn|[from] Salt Cure\n|upkeep\n|turn|49\n|\n|t:|1698108289\n|move|p1a: Arceus|Earth Power|p2a: Garganacl\n|-crit|p2a: Garganacl\n|-damage|p2a: Garganacl|66\/100\n|move|p2a: Garganacl|Salt Cure|p1a: Arceus\n|-damage|p1a: Arceus|37\/100 brn\n|\n|-heal|p2a: Garganacl|72\/100|[from] item: Leftovers\n|-damage|p1a: Arceus|31\/100 brn|[from] brn\n|-damage|p1a: Arceus|19\/100 brn|[from] Salt Cure\n|upkeep\n|turn|50\n|\n|t:|1698108298\n|move|p1a: Arceus|Earth Power|p2a: Garganacl\n|-damage|p2a: Garganacl|56\/100\n|move|p2a: Garganacl|Salt Cure|p1a: Arceus\n|-damage|p1a: Arceus|9\/100 brn\n|\n|-heal|p2a: Garganacl|62\/100|[from] item: Leftovers\n|-damage|p1a: Arceus|3\/100 brn|[from] brn\n|-damage|p1a: Arceus|0 fnt|[from] Salt Cure\n|faint|p1a: Arceus\n|upkeep\n|\n|t:|1698108303\n|switch|p1a: Volcarona|Volcarona, F|69\/100\n|-damage|p1a: Volcarona|19\/100|[from] Stealth Rock\n|turn|51\n|\n|t:|1698108311\n|move|p1a: Volcarona|Fiery Dance|p2a: Garganacl\n|-damage|p2a: Garganacl|31\/100\n|-boost|p1a: Volcarona|spa|1\n|move|p2a: Garganacl|Salt Cure|p1a: Volcarona\n|-supereffective|p1a: Volcarona\n|-damage|p1a: Volcarona|0 fnt\n|faint|p1a: Volcarona\n|\n|-heal|p2a: Garganacl|37\/100|[from] item: Leftovers\n|upkeep\n|-message|sdfwere forfeited.\n|\n|win|Kinesquared\n|c|\u2606Kinesquared|gg\n|l|\u2606Kinesquared\n|l|\u2606sdfwere\n|l| TubeKnight\n|j|\u2606Kinesquared\n|player|p2|Kinesquared|scientist-gen4dp\n","uploadtime":1698108450,"views":23,"p1id":"sdfwere","p2id":"kinesquared","formatid":"gen9ubers","rating":0,"private":0,"password":""}