{"id":"gen9ubers-1982071316","p1":"Funniname.jpg","p2":"IDaHAN","format":"[Gen 9] Ubers","log":"|j|\u2606Funniname.jpg\n|j|\u2606IDaHAN\n|t:|1698964954\n|gametype|singles\n|player|p1|Funniname.jpg|turo-ai|\n|player|p2|IDaHAN|ethan|\n|teamsize|p1|6\n|teamsize|p2|6\n|gen|9\n|tier|[Gen 9] Ubers\n|rule|Sleep Clause Mod: Limit one foe put to sleep\n|rule|Species Clause: Limit one of each Pok\u00e9mon\n|rule|OHKO Clause: OHKO moves are banned\n|rule|Evasion Items Clause: Evasion items are banned\n|rule|Evasion Moves Clause: Evasion moves are banned\n|rule|Endless Battle Clause: Forcing endless battles is banned\n|rule|HP Percentage Mod: HP is shown in percentages\n|clearpoke\n|poke|p1|Urshifu-*, M|\n|poke|p1|Shaymin-Sky|\n|poke|p1|Chi-Yu|\n|poke|p1|Zamazenta-*|\n|poke|p1|Walking Wake|\n|poke|p1|Torkoal, M|\n|poke|p2|Houndstone, F|\n|poke|p2|Magearna|\n|poke|p2|Chi-Yu|\n|poke|p2|Shaymin-Sky|\n|poke|p2|Zacian-*|\n|poke|p2|Arceus-Poison|\n|teampreview\n|inactive|Battle timer is ON: inactive players will automatically lose when time's up. (requested by Funniname.jpg)\n|inactive|IDaHAN also wants the timer to be on.\n|inactive|IDaHAN no longer wants the timer on, but the timer is staying on because funninamejpg still does.\n|inactiveoff|Battle timer is now OFF.\n|\n|t:|1698964989\n|start\n|switch|p1a: Griller|Torkoal, M|100\/100\n|switch|p2a: Magearna|Magearna|100\/100\n|-weather|SunnyDay|[from] ability: Drought|[of] p1a: Griller\n|turn|1\n|c|\u2606Funniname.jpg|Did you get the replay for the last game?\n|c|\u2606IDaHAN|yeah\n|\n|t:|1698965005\n|move|p2a: Magearna|Volt Switch|p1a: Griller\n|-damage|p1a: Griller|82\/100\n|c|\u2606Funniname.jpg|Ok cuz I forgot to lol\n|\n|t:|1698965019\n|switch|p2a: Arceus|Arceus-Poison|100\/100|[from] Volt Switch\n|move|p1a: Griller|Yawn|p2a: Arceus\n|-start|p2a: Arceus|move: Yawn|[of] p1a: Griller\n|\n|-weather|SunnyDay|[upkeep]\n|upkeep\n|turn|2\n|\n|t:|1698965031\n|switch|p2a: Chi-Yu|Chi-Yu|100\/100\n|-ability|p2a: Chi-Yu|Beads of Ruin\n|switch|p1a: Cohozuna|Walking Wake|100\/100\n|-activate|p1a: Cohozuna|ability: Protosynthesis\n|-start|p1a: Cohozuna|protosynthesisspa\n|\n|-weather|SunnyDay|[upkeep]\n|upkeep\n|turn|3\n|\n|t:|1698965058\n|move|p2a: Chi-Yu|Dark Pulse|p1a: Cohozuna\n|-crit|p1a: Cohozuna\n|-damage|p1a: Cohozuna|0 fnt\n|faint|p1a: Cohozuna\n|-end|p1a: Cohozuna|Protosynthesis|[silent]\n|\n|-weather|SunnyDay|[upkeep]\n|upkeep\n|c|\u2606IDaHAN|THE FEESH\n|c|\u2606IDaHAN|idk if crit mattered but im sorry\n|c|\u2606Funniname.jpg|I'm not sure if the crit mattered but I'm gonna say it did anyways\n|\n|t:|1698965104\n|switch|p1a: Griller|Torkoal, M|82\/100\n|turn|4\n|c|\u2606IDaHAN|i legit was expecting to sac chi-yu there i did not expect modest wake\n|\n|t:|1698965111\n|move|p2a: Chi-Yu|Dark Pulse|p1a: Griller\n|-damage|p1a: Griller|6\/100\n|move|p1a: Griller|Yawn|p2a: Chi-Yu\n|-start|p2a: Chi-Yu|move: Yawn|[of] p1a: Griller\n|\n|-weather|SunnyDay|[upkeep]\n|upkeep\n|turn|5\n|c|\u2606Funniname.jpg|I thought that modest would outspeed enough things it wouldn't matter lol\n|\n|t:|1698965154\n|switch|p2a: Arceus|Arceus-Poison|100\/100\n|move|p1a: Griller|Flamethrower|p2a: Arceus\n|-damage|p2a: Arceus|73\/100\n|-status|p2a: Arceus|brn\n|\n|-weather|none\n|-damage|p2a: Arceus|67\/100 brn|[from] brn\n|upkeep\n|turn|6\n|c|\u2606IDaHAN|you always gotta make sure you hit that base 100 threshold\n|\n|t:|1698965188\n|switch|p1a: Scrapper|Zamazenta-Crowned|100\/100\n|-ability|p1a: Scrapper|Dauntless Shield|boost\n|-boost|p1a: Scrapper|def|1\n|move|p2a: Arceus|Earthquake|p1a: Scrapper\n|-supereffective|p1a: Scrapper\n|-damage|p1a: Scrapper|88\/100\n|\n|-damage|p2a: Arceus|61\/100 brn|[from] brn\n|upkeep\n|turn|7\n|\n|t:|1698965210\n|switch|p2a: Houndstone|Houndstone, F|100\/100\n|move|p1a: Scrapper|Substitute|p1a: Scrapper\n|-start|p1a: Scrapper|Substitute\n|-damage|p1a: Scrapper|63\/100\n|\n|upkeep\n|turn|8\n|\n|t:|1698965217\n|move|p1a: Scrapper|Crunch|p2a: Houndstone\n|-supereffective|p2a: Houndstone\n|-damage|p2a: Houndstone|82\/100\n|move|p2a: Houndstone|Body Press|p1a: Scrapper\n|-supereffective|p1a: Scrapper\n|-activate|p1a: Scrapper|move: Substitute|[damage]\n|\n|-heal|p2a: Houndstone|88\/100|[from] item: Leftovers\n|upkeep\n|turn|9\n|\n|t:|1698965237\n|move|p1a: Scrapper|Behemoth Bash|p2a: Houndstone\n|-damage|p2a: Houndstone|69\/100\n|move|p2a: Houndstone|Body Press|p1a: Scrapper\n|-supereffective|p1a: Scrapper\n|-end|p1a: Scrapper|Substitute\n|\n|-heal|p2a: Houndstone|75\/100|[from] item: Leftovers\n|upkeep\n|turn|10\n|\n|t:|1698965256\n|move|p1a: Scrapper|Crunch|p2a: Houndstone\n|-supereffective|p2a: Houndstone\n|-damage|p2a: Houndstone|56\/100\n|move|p2a: Houndstone|Body Press|p1a: Scrapper\n|-supereffective|p1a: Scrapper\n|-damage|p1a: Scrapper|39\/100\n|\n|-heal|p2a: Houndstone|62\/100|[from] item: Leftovers\n|upkeep\n|turn|11\n|c|\u2606IDaHAN|i fucking love houndstone\n|c|\u2606IDaHAN|its an amazing physical wall that also happens to sometimes have a 200 base power attack\n|\n|t:|1698965279\n|move|p1a: Scrapper|Substitute|p1a: Scrapper\n|-start|p1a: Scrapper|Substitute\n|-damage|p1a: Scrapper|14\/100\n|move|p2a: Houndstone|Body Press|p1a: Scrapper\n|-supereffective|p1a: Scrapper\n|-end|p1a: Scrapper|Substitute\n|\n|-heal|p2a: Houndstone|68\/100|[from] item: Leftovers\n|upkeep\n|turn|12\n|c|\u2606Funniname.jpg|That thing is way bulkier than I thought tbh\n|\n|t:|1698965289\n|move|p1a: Scrapper|Crunch|p2a: Houndstone\n|-supereffective|p2a: Houndstone\n|-damage|p2a: Houndstone|50\/100\n|move|p2a: Houndstone|Body Press|p1a: Scrapper\n|-supereffective|p1a: Scrapper\n|-damage|p1a: Scrapper|0 fnt\n|faint|p1a: Scrapper\n|\n|-heal|p2a: Houndstone|56\/100|[from] item: Leftovers\n|upkeep\n|\n|t:|1698965303\n|switch|p1a: Mr.Grizz|Urshifu, M|100\/100\n|turn|13\n|c|\u2606IDaHAN|so underrated imo\n|\n|t:|1698965313\n|-terastallize|p1a: Mr.Grizz|Poison\n|move|p1a: Mr.Grizz|Poison Jab|p2a: Houndstone\n|-resisted|p2a: Houndstone\n|-damage|p2a: Houndstone|44\/100\n|-status|p2a: Houndstone|psn\n|move|p2a: Houndstone|Will-O-Wisp|p1a: Mr.Grizz\n|-status|p1a: Mr.Grizz|brn\n|\n|-heal|p2a: Houndstone|50\/100 psn|[from] item: Leftovers\n|-damage|p2a: Houndstone|38\/100 psn|[from] psn\n|-damage|p1a: Mr.Grizz|94\/100 brn|[from] brn\n|upkeep\n|turn|14\n|c|\u2606Funniname.jpg|Oh I was really expecting to see a certan dog just now\n|\n|t:|1698965354\n|switch|p1a: Griller|Torkoal, M|6\/100\n|-weather|SunnyDay|[from] ability: Drought|[of] p1a: Griller\n|move|p2a: Houndstone|Rest|p2a: Houndstone\n|-status|p2a: Houndstone|slp|[from] move: Rest\n|-heal|p2a: Houndstone|100\/100 slp|[silent]\n|\n|-weather|SunnyDay|[upkeep]\n|upkeep\n|turn|15\n|c|\u2606IDaHAN|i am scared of damage calculations and just assume houndstone is a god that is immune to physical hits\n|\n|t:|1698965382\n|switch|p2a: Chi-Yu|Chi-Yu|100\/100\n|-ability|p2a: Chi-Yu|Beads of Ruin\n|switch|p1a: Cohock|Chi-Yu|100\/100\n|-ability|p1a: Cohock|Beads of Ruin\n|\n|-weather|SunnyDay|[upkeep]\n|upkeep\n|turn|16\n|c|\u2606Funniname.jpg|Yeah I mean it sure looks like it\n|c|\u2606Funniname.jpg|Well hello there\n|\n|t:|1698965405\n|switch|p2a: Arceus|Arceus-Poison|61\/100 brn\n|move|p1a: Cohock|Overheat|p2a: Arceus\n|-damage|p2a: Arceus|0 fnt\n|-unboost|p1a: Cohock|spa|2\n|faint|p2a: Arceus\n|\n|-weather|SunnyDay|[upkeep]\n|upkeep\n|\n|t:|1698965416\n|switch|p2a: Zacian|Zacian|100\/100\n|-ability|p2a: Zacian|Intrepid Sword|boost\n|-boost|p2a: Zacian|atk|1\n|turn|17\n|c|\u2606Funniname.jpg|I'm also scared of damage calculations and assume chi-yu in sun is a god immune to not killing everything\n|\n|t:|1698965472\n|switch|p1a: Griller|Torkoal, M|6\/100\n|move|p2a: Zacian|Iron Head|p1a: Griller\n|-resisted|p1a: Griller\n|-damage|p1a: Griller|0 fnt\n|-damage|p2a: Zacian|84\/100|[from] item: Rocky Helmet|[of] p1a: Griller\n|faint|p1a: Griller\n|\n|-weather|SunnyDay|[upkeep]\n|upkeep\n|\n|t:|1698965489\n|switch|p1a: Mr.Grizz|Urshifu, M, tera:Poison|94\/100 brn\n|turn|18\n|\n|t:|1698965501\n|move|p2a: Zacian|Iron Head|p1a: Mr.Grizz\n|-crit|p1a: Mr.Grizz\n|-damage|p1a: Mr.Grizz|1\/100 brn\n|cant|p1a: Mr.Grizz|flinch\n|\n|-weather|none\n|-damage|p1a: Mr.Grizz|0 fnt|[from] brn\n|faint|p1a: Mr.Grizz\n|upkeep\n|c|\u2606IDaHAN|im sorry\n|c|\u2606Funniname.jpg|Can U don't\n|\n|t:|1698965513\n|switch|p1a: Flyfish|Shaymin-Sky|100\/100\n|turn|19\n|c|\u2606IDaHAN|that was pure luck lol\n|c|\u2606Funniname.jpg|You know what hax box for you\n|c|\u2606IDaHAN|NOOOOOOOO\n|c|\u2606IDaHAN|:(\n|c|\u2606IDaHAN|(this is me i am sad)\n|\n|t:|1698965540\n|move|p2a: Zacian|Iron Head|p1a: Flyfish\n|-damage|p1a: Flyfish|32\/100\n|-enditem|p1a: Flyfish|Sitrus Berry|[eat]\n|-heal|p1a: Flyfish|57\/100|[from] item: Sitrus Berry\n|move|p1a: Flyfish|Seed Flare|p2a: Zacian\n|-damage|p2a: Zacian|26\/100\n|\n|upkeep\n|turn|20\n|c|\u2606Funniname.jpg|Or not I guess\n|\n|t:|1698965557\n|switch|p1a: Cohock|Chi-Yu|100\/100\n|-ability|p1a: Cohock|Beads of Ruin\n|move|p2a: Zacian|Iron Head|p1a: Cohock\n|-resisted|p1a: Cohock\n|-damage|p1a: Cohock|61\/100\n|\n|upkeep\n|turn|21\n|\n|t:|1698965572\n|switch|p2a: Magearna|Magearna|100\/100\n|move|p1a: Cohock|Overheat|p2a: Magearna\n|-supereffective|p2a: Magearna\n|-damage|p2a: Magearna|0 fnt\n|-unboost|p1a: Cohock|spa|2\n|faint|p2a: Magearna\n|\n|upkeep\n|\n|t:|1698965585\n|switch|p2a: Chi-Yu|Chi-Yu|100\/100\n|-ability|p2a: Chi-Yu|Beads of Ruin\n|turn|22\n|\n|t:|1698965598\n|move|p2a: Chi-Yu|Flamethrower|p1a: Cohock\n|-resisted|p1a: Cohock\n|-damage|p1a: Cohock|27\/100\n|move|p1a: Cohock|Overheat|p2a: Chi-Yu\n|-resisted|p2a: Chi-Yu\n|-damage|p2a: Chi-Yu|66\/100\n|-unboost|p1a: Cohock|spa|2\n|\n|upkeep\n|turn|23\n|c|\u2606Funniname.jpg|We win the speed tie and also crit here\n|\n|t:|1698965632\n|move|p2a: Chi-Yu|Flamethrower|p1a: Cohock\n|-resisted|p1a: Cohock\n|-damage|p1a: Cohock|0 fnt\n|faint|p1a: Cohock\n|\n|upkeep\n|\n|t:|1698965639\n|switch|p1a: Flyfish|Shaymin-Sky|57\/100\n|turn|24\n|c|\u2606Funniname.jpg|Jk We flinch every time\n|\n|t:|1698965652\n|move|p1a: Flyfish|Air Slash|p2a: Chi-Yu\n|-crit|p2a: Chi-Yu\n|-damage|p2a: Chi-Yu|0 fnt\n|faint|p2a: Chi-Yu\n|\n|upkeep\n|c|\u2606Funniname.jpg|Oh now we crit\n|\n|t:|1698965665\n|switch|p2a: Shaymin|Shaymin-Sky|100\/100\n|turn|25\n|\n|t:|1698965675\n|-terastallize|p2a: Shaymin|Steel\n|move|p2a: Shaymin|Air Slash|p1a: Flyfish\n|-supereffective|p1a: Flyfish\n|-damage|p1a: Flyfish|0 fnt\n|faint|p1a: Flyfish\n|\n|win|IDaHAN\n|c|\u2606IDaHAN|good game\n|c|\u2606IDaHAN|well played :)\n|c|\u2606Funniname.jpg|Man these speed ties hate me lol\n|c|\u2606Funniname.jpg|Gg\n","uploadtime":1698965688,"views":27,"p1id":"funninamejpg","p2id":"idahan","formatid":"gen9ubers","rating":0,"private":0,"password":""}