{"id":"gen9ubers-1982176447","p1":"Sakuduro","p2":"Kudiroola","format":"[Gen 9] Ubers","log":"|j|\u2606Sakuduro\n|j|\u2606Kudiroola\n|t:|1698975828\n|gametype|singles\n|player|p1|Sakuduro|266|\n|player|p2|Kudiroola|blue|\n|teamsize|p1|6\n|teamsize|p2|6\n|gen|9\n|tier|[Gen 9] Ubers\n|rule|Sleep Clause Mod: Limit one foe put to sleep\n|rule|Species Clause: Limit one of each Pok\u00e9mon\n|rule|OHKO Clause: OHKO moves are banned\n|rule|Evasion Items Clause: Evasion items are banned\n|rule|Evasion Moves Clause: Evasion moves are banned\n|rule|Endless Battle Clause: Forcing endless battles is banned\n|rule|HP Percentage Mod: HP is shown in percentages\n|clearpoke\n|poke|p1|Moltres|\n|poke|p1|Gyarados, F|\n|poke|p1|Leafeon, F|\n|poke|p1|Zapdos|\n|poke|p1|Iron Valiant|\n|poke|p1|Gengar, F|\n|poke|p2|Meowscarada, F|\n|poke|p2|Staraptor, F|\n|poke|p2|Kleavor, M|\n|poke|p2|Lucario, M|\n|poke|p2|Weavile, F|\n|poke|p2|Toxtricity, F|\n|teampreview\n|\n|t:|1698975873\n|start\n|switch|p1a: Gengar|Gengar, F|100\/100\n|switch|p2a: Weavile|Weavile, F|100\/100\n|-ability|p2a: Weavile|Pressure\n|turn|1\n|\n|t:|1698975888\n|switch|p1a: Iron Valiant|Iron Valiant|100\/100\n|move|p2a: Weavile|Swords Dance|p2a: Weavile\n|-boost|p2a: Weavile|atk|2\n|\n|upkeep\n|turn|2\n|\n|t:|1698975921\n|move|p2a: Weavile|Icicle Crash|p1a: Iron Valiant\n|-damage|p1a: Iron Valiant|0 fnt\n|faint|p1a: Iron Valiant\n|-end|p1a: Iron Valiant|Quark Drive|[silent]\n|\n|upkeep\n|\n|t:|1698975948\n|switch|p1a: Gengar|Gengar, F|100\/100\n|turn|3\n|\n|t:|1698975963\n|move|p2a: Weavile|Knock Off|p1a: Gengar\n|-supereffective|p1a: Gengar\n|-damage|p1a: Gengar|0 fnt\n|-enditem|p1a: Gengar|Aguav Berry|[from] move: Knock Off|[of] p2a: Weavile\n|faint|p1a: Gengar\n|\n|upkeep\n|\n|t:|1698975972\n|switch|p1a: Zapdos|Zapdos|100\/100\n|turn|4\n|\n|t:|1698975984\n|move|p2a: Weavile|Icicle Crash|p1a: Zapdos\n|-supereffective|p1a: Zapdos\n|-damage|p1a: Zapdos|0 fnt\n|faint|p1a: Zapdos\n|\n|upkeep\n|\n|t:|1698975990\n|switch|p1a: Leafeon|Leafeon, F|100\/100\n|turn|5\n|\n|t:|1698975995\n|move|p2a: Weavile|Icicle Crash|p1a: Leafeon|[miss]\n|-miss|p2a: Weavile|p1a: Leafeon\n|move|p1a: Leafeon|Swords Dance|p1a: Leafeon\n|-boost|p1a: Leafeon|atk|2\n|\n|upkeep\n|turn|6\n|\n|t:|1698976007\n|move|p2a: Weavile|Ice Shard|p1a: Leafeon\n|-supereffective|p1a: Leafeon\n|-crit|p1a: Leafeon\n|-damage|p1a: Leafeon|0 fnt\n|faint|p1a: Leafeon\n|\n|upkeep\n|\n|t:|1698976013\n|switch|p1a: Gyarados|Gyarados, F|100\/100\n|-ability|p1a: Gyarados|Intimidate|boost\n|-unboost|p2a: Weavile|atk|1\n|turn|7\n|\n|t:|1698976021\n|move|p2a: Weavile|Icicle Crash|p1a: Gyarados\n|-damage|p1a: Gyarados|28\/100\n|move|p1a: Gyarados|Roar|p2a: Weavile\n|drag|p2a: Kleavor|Kleavor, M|100\/100\n|\n|upkeep\n|turn|8\n|\n|t:|1698976034\n|switch|p1a: Moltres|Moltres|100\/100\n|-ability|p1a: Moltres|Pressure\n|move|p2a: Kleavor|U-turn|p1a: Moltres\n|-resisted|p1a: Moltres\n|-damage|p1a: Moltres|89\/100\n|\n|t:|1698976045\n|switch|p2a: Toxtricity|Toxtricity, F|100\/100|[from] U-turn\n|\n|upkeep\n|turn|9\n|\n|t:|1698976059\n|switch|p1a: Gyarados|Gyarados, F|28\/100\n|-ability|p1a: Gyarados|Intimidate|boost\n|-unboost|p2a: Toxtricity|atk|1\n|move|p2a: Toxtricity|Overdrive|p1a: Gyarados\n|-supereffective|p1a: Gyarados\n|-damage|p1a: Gyarados|0 fnt\n|faint|p1a: Gyarados\n|\n|upkeep\n|\n|t:|1698976067\n|switch|p1a: Moltres|Moltres|89\/100\n|-ability|p1a: Moltres|Pressure\n|turn|10\n|\n|t:|1698976074\n|move|p2a: Toxtricity|Overdrive|p1a: Moltres\n|-supereffective|p1a: Moltres\n|-damage|p1a: Moltres|0 fnt\n|faint|p1a: Moltres\n|\n|win|Kudiroola\n","uploadtime":1698976101,"views":16,"p1id":"sakuduro","p2id":"kudiroola","formatid":"gen9ubers","rating":0,"private":0,"password":""}