{"id":"gen9ubers-1975270443","p1":"Blake-Mamba","p2":"Hiker dfs","format":"[Gen 9] Ubers","log":"|j|\u2606Blake-Mamba\n|j|\u2606Hiker dfs\n|t:|1698175297\n|gametype|singles\n|player|p1|Blake-Mamba|juan|1221\n|player|p2|Hiker dfs|hiker|1106\n|teamsize|p1|6\n|teamsize|p2|6\n|gen|9\n|tier|[Gen 9] Ubers\n|rated|\n|rule|Sleep Clause Mod: Limit one foe put to sleep\n|rule|Species Clause: Limit one of each Pok\u00e9mon\n|rule|OHKO Clause: OHKO moves are banned\n|rule|Evasion Items Clause: Evasion items are banned\n|rule|Evasion Moves Clause: Evasion moves are banned\n|rule|Endless Battle Clause: Forcing endless battles is banned\n|rule|HP Percentage Mod: HP is shown in percentages\n|clearpoke\n|poke|p1|Ogerpon-Hearthflame, F|\n|poke|p1|Vikavolt, F|\n|poke|p1|Kommo-o, F|\n|poke|p1|Ursaluna-Bloodmoon, M|\n|poke|p1|Yanmega, F|\n|poke|p1|Chandelure, F|\n|poke|p2|Gengar, M|\n|poke|p2|Hydreigon, F|\n|poke|p2|Iron Jugulis|\n|poke|p2|Great Tusk|\n|poke|p2|Mewtwo|\n|poke|p2|Cinderace, M|\n|teampreview\n|\n|t:|1698175308\n|start\n|switch|p1a: Vikavolt|Vikavolt, F|100\/100\n|switch|p2a: Iron Jugulis|Iron Jugulis|100\/100\n|-enditem|p2a: Iron Jugulis|Booster Energy\n|-activate|p2a: Iron Jugulis|ability: Quark Drive|[fromitem]\n|-start|p2a: Iron Jugulis|quarkdrivespe\n|turn|1\n|-activate|p1a: Vikavolt|item: Quick Claw\n|\n|t:|1698175316\n|move|p1a: Vikavolt|Thunder|p2a: Iron Jugulis\n|-supereffective|p2a: Iron Jugulis\n|-damage|p2a: Iron Jugulis|0 fnt\n|faint|p2a: Iron Jugulis\n|-end|p2a: Iron Jugulis|Quark Drive|[silent]\n|\n|upkeep\n|\n|t:|1698175321\n|switch|p2a: Cinderace|Cinderace, M, shiny|100\/100\n|turn|2\n|\n|t:|1698175326\n|switch|p1a: Chandelure|Chandelure, F|100\/100\n|move|p2a: Cinderace|Pyro Ball|p1a: Chandelure\n|-start|p1a: Chandelure|ability: Flash Fire\n|\n|upkeep\n|turn|3\n|\n|t:|1698175332\n|move|p1a: Chandelure|Overheat|p2a: Cinderace\n|-resisted|p2a: Cinderace\n|-damage|p2a: Cinderace|13\/100\n|-unboost|p1a: Chandelure|spa|2\n|move|p2a: Cinderace|Gunk Shot|p1a: Chandelure\n|-start|p2a: Cinderace|typechange|Poison|[from] ability: Libero\n|-resisted|p1a: Chandelure\n|-crit|p1a: Chandelure\n|-damage|p1a: Chandelure|36\/100\n|\n|upkeep\n|turn|4\n|\n|t:|1698175342\n|switch|p2a: Mewtwo|Mewtwo|100\/100\n|-ability|p2a: Mewtwo|Pressure\n|move|p1a: Chandelure|Overheat|p2a: Mewtwo\n|-damage|p2a: Mewtwo|63\/100\n|-unboost|p1a: Chandelure|spa|2\n|\n|upkeep\n|turn|5\n|\n|t:|1698175351\n|move|p1a: Chandelure|Overheat|p2a: Mewtwo\n|-damage|p2a: Mewtwo|39\/100\n|-unboost|p1a: Chandelure|spa|2\n|move|p2a: Mewtwo|Trailblaze|p1a: Chandelure\n|-resisted|p1a: Chandelure\n|-damage|p1a: Chandelure|27\/100\n|-boost|p2a: Mewtwo|spe|1\n|\n|upkeep\n|turn|6\n|\n|t:|1698175363\n|move|p2a: Mewtwo|Psystrike|p1a: Chandelure\n|-damage|p1a: Chandelure|0 fnt\n|faint|p1a: Chandelure\n|\n|upkeep\n|\n|t:|1698175382\n|switch|p1a: Ursaluna|Ursaluna-Bloodmoon, M|100\/100\n|turn|7\n|\n|t:|1698175385\n|-terastallize|p2a: Mewtwo|Fighting\n|move|p2a: Mewtwo|Aura Sphere|p1a: Ursaluna\n|-supereffective|p1a: Ursaluna\n|-damage|p1a: Ursaluna|0 fnt\n|faint|p1a: Ursaluna\n|\n|upkeep\n|\n|t:|1698175392\n|switch|p1a: Kommo-o|Kommo-o, F|100\/100\n|turn|8\n|\n|t:|1698175397\n|-terastallize|p1a: Kommo-o|Steel\n|move|p2a: Mewtwo|Psystrike|p1a: Kommo-o\n|-resisted|p1a: Kommo-o\n|-damage|p1a: Kommo-o|77\/100\n|move|p1a: Kommo-o|Clangorous Soul|p1a: Kommo-o\n|-boost|p1a: Kommo-o|atk|1\n|-boost|p1a: Kommo-o|def|1\n|-boost|p1a: Kommo-o|spa|1\n|-boost|p1a: Kommo-o|spd|1\n|-boost|p1a: Kommo-o|spe|1\n|-damage|p1a: Kommo-o|44\/100\n|\n|-heal|p1a: Kommo-o|50\/100|[from] item: Leftovers\n|upkeep\n|turn|9\n|\n|t:|1698175411\n|move|p2a: Mewtwo|Aura Sphere|p1a: Kommo-o\n|-immune|p1a: Kommo-o|[from] ability: Bulletproof\n|move|p1a: Kommo-o|Drain Punch|p2a: Mewtwo\n|-damage|p2a: Mewtwo|0 fnt\n|-heal|p1a: Kommo-o|73\/100|[from] drain|[of] p2a: Mewtwo\n|faint|p2a: Mewtwo\n|\n|-heal|p1a: Kommo-o|79\/100|[from] item: Leftovers\n|upkeep\n|\n|t:|1698175428\n|switch|p2a: Great Tusk|Great Tusk|100\/100\n|-enditem|p2a: Great Tusk|Booster Energy\n|-activate|p2a: Great Tusk|ability: Protosynthesis|[fromitem]\n|-start|p2a: Great Tusk|protosynthesisatk\n|turn|10\n|\n|t:|1698175433\n|move|p1a: Kommo-o|Iron Head|p2a: Great Tusk\n|-damage|p2a: Great Tusk|58\/100\n|move|p2a: Great Tusk|Close Combat|p1a: Kommo-o\n|-supereffective|p1a: Kommo-o\n|-damage|p1a: Kommo-o|2\/100\n|-unboost|p2a: Great Tusk|def|1\n|-unboost|p2a: Great Tusk|spd|1\n|\n|-heal|p1a: Kommo-o|8\/100|[from] item: Leftovers\n|upkeep\n|turn|11\n|\n|t:|1698175444\n|move|p1a: Kommo-o|Outrage|p2a: Great Tusk\n|-damage|p2a: Great Tusk|0 fnt\n|faint|p2a: Great Tusk\n|-end|p2a: Great Tusk|Protosynthesis|[silent]\n|\n|-heal|p1a: Kommo-o|15\/100|[from] item: Leftovers\n|upkeep\n|\n|t:|1698175447\n|switch|p2a: Gengar|Gengar, M|100\/100\n|turn|12\n|\n|t:|1698175453\n|move|p2a: Gengar|Dazzling Gleam|p1a: Kommo-o\n|-resisted|p1a: Kommo-o\n|-damage|p1a: Kommo-o|5\/100\n|move|p1a: Kommo-o|Outrage|p2a: Gengar|[from]lockedmove\n|-enditem|p2a: Gengar|Focus Sash\n|-damage|p2a: Gengar|1\/100\n|-start|p1a: Kommo-o|Disable|Outrage|[from] ability: Cursed Body|[of] p2a: Gengar\n|\n|-heal|p1a: Kommo-o|12\/100|[from] item: Leftovers\n|upkeep\n|turn|13\n|-message|Hiker dfs forfeited.\n|\n|win|Blake-Mamba\n|raw|Blake-Mamba's rating: 1221 &rarr; <strong>1238<\/strong><br \/>(+17 for winning)\n|raw|Hiker dfs's rating: 1106 &rarr; <strong>1089<\/strong><br \/>(-17 for losing)\n|l|\u2606Hiker dfs\n","uploadtime":1698175468,"views":6,"p1id":"blakemamba","p2id":"hikerdfs","formatid":"gen9ubers","rating":1089,"private":0,"password":""}