{"id":"gen9ubers-1976178990","p1":"efwin2763","p2":"Vazquez 2.0","format":"[Gen 9] Ubers","log":"|j|\u2606efwin2763\n|j|\u2606Vazquez 2.0\n|t:|1698270880\n|gametype|singles\n|player|p1|efwin2763|ghetsis-gen5bw|\n|player|p2|Vazquez 2.0|gardenia|\n|teamsize|p1|6\n|teamsize|p2|6\n|gen|9\n|tier|[Gen 9] Ubers\n|rule|Sleep Clause Mod: Limit one foe put to sleep\n|rule|Species Clause: Limit one of each Pok\u00e9mon\n|rule|OHKO Clause: OHKO moves are banned\n|rule|Evasion Items Clause: Evasion items are banned\n|rule|Evasion Moves Clause: Evasion moves are banned\n|rule|Endless Battle Clause: Forcing endless battles is banned\n|rule|HP Percentage Mod: HP is shown in percentages\n|clearpoke\n|poke|p1|Cyclizar, M|\n|poke|p1|Kommo-o, M|\n|poke|p1|Dondozo, F|\n|poke|p1|Shaymin-Sky|\n|poke|p1|Gholdengo|\n|poke|p1|Zacian-*|\n|poke|p2|Ursaluna, M|\n|poke|p2|Hatterene, F|\n|poke|p2|Chi-Yu|\n|poke|p2|Magearna|\n|poke|p2|Dialga|\n|poke|p2|Dugtrio, M|\n|teampreview\n|inactive|Battle timer is ON: inactive players will automatically lose when time's up. (requested by efwin2763)\n|\n|t:|1698270898\n|start\n|switch|p1a: Cycle Dryer|Cyclizar, M|100\/100\n|switch|p2a: Dialga|Dialga|100\/100\n|-ability|p2a: Dialga|Pressure\n|turn|1\n|\n|t:|1698270912\n|switch|p1a: Zac King|Zacian|100\/100\n|-ability|p1a: Zac King|Intrepid Sword|boost\n|-boost|p1a: Zac King|atk|1\n|move|p2a: Dialga|Trick Room|p2a: Dialga\n|-fieldstart|move: Trick Room|[of] p2a: Dialga\n|\n|upkeep\n|turn|2\n|\n|t:|1698270917\n|move|p2a: Dialga|Steel Beam|p1a: Zac King\n|-supereffective|p1a: Zac King\n|-crit|p1a: Zac King\n|-damage|p1a: Zac King|0 fnt\n|-damage|p2a: Dialga|50\/100|[from] steelbeam\n|faint|p1a: Zac King\n|\n|upkeep\n|\n|t:|1698270928\n|switch|p1a: Marlon Brandozo|Dondozo, F|100\/100\n|turn|3\n|\n|t:|1698270933\n|move|p1a: Marlon Brandozo|Curse|p1a: Marlon Brandozo\n|-unboost|p1a: Marlon Brandozo|spe|1\n|-boost|p1a: Marlon Brandozo|atk|1\n|-boost|p1a: Marlon Brandozo|def|1\n|move|p2a: Dialga|Draco Meteor|p1a: Marlon Brandozo\n|-damage|p1a: Marlon Brandozo|3\/100\n|-unboost|p2a: Dialga|spa|2\n|\n|-heal|p1a: Marlon Brandozo|10\/100|[from] item: Leftovers\n|upkeep\n|turn|4\n|\n|t:|1698270935\n|move|p1a: Marlon Brandozo|Liquidation|p2a: Dialga\n|-resisted|p2a: Dialga\n|-damage|p2a: Dialga|33\/100\n|-unboost|p2a: Dialga|def|1\n|move|p2a: Dialga|Draco Meteor|p1a: Marlon Brandozo\n|-damage|p1a: Marlon Brandozo|0 fnt\n|-unboost|p2a: Dialga|spa|2\n|faint|p1a: Marlon Brandozo\n|\n|upkeep\n|\n|t:|1698270958\n|switch|p1a: Spiffy as Silver|Gholdengo|100\/100\n|turn|5\n|\n|t:|1698270961\n|move|p2a: Dialga|Steel Beam|p1a: Spiffy as Silver\n|-resisted|p1a: Spiffy as Silver\n|-damage|p1a: Spiffy as Silver|80\/100\n|-damage|p2a: Dialga|0 fnt|[from] steelbeam\n|faint|p2a: Dialga\n|move|p1a: Spiffy as Silver|Focus Blast|p2: Dialga|[notarget]\n|-fail|p1a: Spiffy as Silver\n|\n|-fieldend|move: Trick Room\n|upkeep\n|\n|t:|1698270966\n|switch|p2a: Magearna|Magearna|100\/100\n|turn|6\n|\n|t:|1698270971\n|move|p1a: Spiffy as Silver|Focus Blast|p2a: Magearna|[miss]\n|-miss|p1a: Spiffy as Silver|p2a: Magearna\n|move|p2a: Magearna|Trick Room|p2a: Magearna\n|-fieldstart|move: Trick Room|[of] p2a: Magearna\n|\n|upkeep\n|turn|7\n|\n|t:|1698270973\n|move|p2a: Magearna|Volt Switch|p1a: Spiffy as Silver\n|-damage|p1a: Spiffy as Silver|47\/100\n|c|\u2606efwin2763|fuck me\n|\n|t:|1698270994\n|switch|p2a: Hatterene|Hatterene, F|100\/100|[from] Volt Switch\n|move|p1a: Spiffy as Silver|Focus Blast|p2a: Hatterene|[miss]\n|-miss|p1a: Spiffy as Silver|p2a: Hatterene\n|\n|upkeep\n|turn|8\n|c|\u2606efwin2763|that miss ends me\n|c|\u2606efwin2763|two times?\\\n|\n|t:|1698271007\n|switch|p1a: It's a Shayme|Shaymin-Sky|100\/100\n|move|p2a: Hatterene|Mystical Fire|p1a: It's a Shayme\n|-supereffective|p1a: It's a Shayme\n|-damage|p1a: It's a Shayme|36\/100\n|-unboost|p1a: It's a Shayme|spa|1\n|\n|upkeep\n|turn|9\n|c|\u2606Vazquez 2.0|moment\n|\n|t:|1698271010\n|move|p2a: Hatterene|Mystical Fire|p1a: It's a Shayme\n|-supereffective|p1a: It's a Shayme\n|-damage|p1a: It's a Shayme|0 fnt\n|faint|p1a: It's a Shayme\n|\n|upkeep\n|\n|t:|1698271019\n|switch|p1a: Cycle Dryer|Cyclizar, M|100\/100\n|turn|10\n|\n|t:|1698271021\n|move|p2a: Hatterene|Dazzling Gleam|p1a: Cycle Dryer\n|-supereffective|p1a: Cycle Dryer\n|-damage|p1a: Cycle Dryer|0 fnt\n|faint|p1a: Cycle Dryer\n|\n|-fieldend|move: Trick Room\n|upkeep\n|\n|t:|1698271025\n|switch|p1a: Kommo-OH NO|Kommo-o, M|100\/100\n|turn|11\n|\n|t:|1698271030\n|-terastallize|p1a: Kommo-OH NO|Normal\n|move|p1a: Kommo-OH NO|Clangorous Soul|p1a: Kommo-OH NO\n|-boost|p1a: Kommo-OH NO|atk|1\n|-boost|p1a: Kommo-OH NO|def|1\n|-boost|p1a: Kommo-OH NO|spa|1\n|-boost|p1a: Kommo-OH NO|spd|1\n|-boost|p1a: Kommo-OH NO|spe|1\n|-damage|p1a: Kommo-OH NO|68\/100\n|-enditem|p1a: Kommo-OH NO|Throat Spray\n|-boost|p1a: Kommo-OH NO|spa|1|[from] item: Throat Spray\n|move|p2a: Hatterene|Trick Room|p2a: Hatterene\n|-fieldstart|move: Trick Room|[of] p2a: Hatterene\n|\n|upkeep\n|turn|12\n|\n|t:|1698271040\n|move|p2a: Hatterene|Mystical Fire|p1a: Kommo-OH NO\n|-damage|p1a: Kommo-OH NO|44\/100\n|-unboost|p1a: Kommo-OH NO|spa|1\n|move|p1a: Kommo-OH NO|Boomburst|p2a: Hatterene\n|-damage|p2a: Hatterene|12\/100\n|\n|upkeep\n|turn|13\n|\n|t:|1698271045\n|move|p2a: Hatterene|Mystical Fire|p1a: Kommo-OH NO\n|-damage|p1a: Kommo-OH NO|22\/100\n|-unboost|p1a: Kommo-OH NO|spa|1\n|move|p1a: Kommo-OH NO|Boomburst|p2a: Hatterene\n|-damage|p2a: Hatterene|0 fnt\n|faint|p2a: Hatterene\n|\n|upkeep\n|\n|t:|1698271047\n|switch|p2a: Chi-Yu|Chi-Yu|100\/100\n|-ability|p2a: Chi-Yu|Beads of Ruin\n|turn|14\n|c|\u2606efwin2763|fuck\n|\n|t:|1698271054\n|move|p2a: Chi-Yu|Flamethrower|p1a: Kommo-OH NO\n|-damage|p1a: Kommo-OH NO|0 fnt\n|faint|p1a: Kommo-OH NO\n|\n|upkeep\n|c|\u2606efwin2763|gg\n|\n|t:|1698271058\n|switch|p1a: Spiffy as Silver|Gholdengo|47\/100\n|turn|15\n|c|\u2606Vazquez 2.0|gg\n|\n|t:|1698271061\n|move|p2a: Chi-Yu|Flamethrower|p1a: Spiffy as Silver\n|-supereffective|p1a: Spiffy as Silver\n|-damage|p1a: Spiffy as Silver|0 fnt\n|faint|p1a: Spiffy as Silver\n|\n|win|Vazquez 2.0\n|c|\u2606efwin2763|post the games\n|c|\u2606efwin2763|all 3\n|c|\u2606Vazquez 2.0|yeah\n|c|\u2606Vazquez 2.0|k\n|c|\u2606Vazquez 2.0|ggs\n|c|\u2606efwin2763|bye\n|l|\u2606efwin2763\n","uploadtime":1698271172,"views":23,"p1id":"efwin2763","p2id":"vazquez20","formatid":"gen9ubers","rating":0,"private":0,"password":""}