{"id":"gen9ubers-1981350417","p1":"FocusedOnMyBands","p2":"ban steve and hero","format":"[Gen 9] Ubers","log":"|j|\u2606FocusedOnMyBands\n|j|\u2606ban steve and hero\n|t:|1698886382\n|gametype|singles\n|player|p1|FocusedOnMyBands|giacomo|1347\n|player|p2|ban steve and hero|n|1380\n|teamsize|p1|6\n|teamsize|p2|6\n|gen|9\n|tier|[Gen 9] Ubers\n|rated|\n|rule|Sleep Clause Mod: Limit one foe put to sleep\n|rule|Species Clause: Limit one of each Pok\u00e9mon\n|rule|OHKO Clause: OHKO moves are banned\n|rule|Evasion Items Clause: Evasion items are banned\n|rule|Evasion Moves Clause: Evasion moves are banned\n|rule|Endless Battle Clause: Forcing endless battles is banned\n|rule|HP Percentage Mod: HP is shown in percentages\n|clearpoke\n|poke|p1|Kyogre|\n|poke|p1|Qwilfish-Hisui, F|\n|poke|p1|Basculegion, M|\n|poke|p1|Arceus-Fairy|\n|poke|p1|Iron Treads|\n|poke|p1|Giratina-Origin|\n|poke|p2|Koraidon|\n|poke|p2|Arceus|\n|poke|p2|Zacian-*|\n|poke|p2|Eternatus|\n|poke|p2|Kyogre|\n|poke|p2|Landorus-Therian, M|\n|teampreview\n|inactive|Battle timer is ON: inactive players will automatically lose when time's up. (requested by ban steve and hero)\n|c|\u2606FocusedOnMyBands|dude AND hero\n|c|\u2606ban steve and hero|focus on the timer asshole\n|c|\u2606FocusedOnMyBands|youre spitting\n|c|\u2606FocusedOnMyBands|smd lmfao\n|n|\u203dFocusedOnMyBands|focusedonmybands\n|inactive|FocusedOnMyBands has 120 seconds left.\n|inactive|FocusedOnMyBands has 90 seconds left.\n|\n|t:|1698886475\n|start\n|switch|p1a: Qwilfish|Qwilfish-Hisui, F|100\/100\n|switch|p2a: Eternatus|Eternatus|100\/100\n|-ability|p2a: Eternatus|Pressure\n|turn|1\n|\n|t:|1698886498\n|move|p2a: Eternatus|Dynamax Cannon|p1a: Qwilfish\n|-crit|p1a: Qwilfish\n|-damage|p1a: Qwilfish|10\/100\n|move|p1a: Qwilfish|Toxic Spikes|p2a: Eternatus\n|-sidestart|p2: ban steve and hero|move: Toxic Spikes\n|\n|upkeep\n|turn|2\n|\n|t:|1698886503\n|switch|p1a: Arceus|Arceus-Fairy|100\/100\n|move|p2a: Eternatus|Dynamax Cannon|p1a: Arceus\n|-immune|p1a: Arceus\n|\n|upkeep\n|turn|3\n|\n|t:|1698886509\n|switch|p2a: Kyogre|Kyogre|100\/100\n|-status|p2a: Kyogre|psn\n|-weather|RainDance|[from] ability: Drizzle|[of] p2a: Kyogre\n|switch|p1a: Iron Treads|Iron Treads|100\/100\n|\n|-weather|RainDance|[upkeep]\n|-damage|p2a: Kyogre|88\/100 psn|[from] psn\n|upkeep\n|turn|4\n|\n|t:|1698886521\n|-end|p1a: Iron Treads|Quark Drive|[silent]\n|switch|p1a: Basculegion|Basculegion, M|100\/100\n|move|p2a: Kyogre|Thunder|p1a: Basculegion\n|-supereffective|p1a: Basculegion\n|-damage|p1a: Basculegion|0 fnt\n|faint|p1a: Basculegion\n|\n|-weather|RainDance|[upkeep]\n|-damage|p2a: Kyogre|76\/100 psn|[from] psn\n|upkeep\n|\n|t:|1698886527\n|switch|p1a: Giratina|Giratina-Origin|100\/100\n|turn|5\n|\n|t:|1698886533\n|switch|p2a: Koraidon|Koraidon|100\/100\n|-status|p2a: Koraidon|psn\n|-weather|SunnyDay|[from] ability: Orichalcum Pulse|[of] p2a: Koraidon\n|-activate|p2a: Koraidon|Orichalcum Pulse|[source]\n|move|p1a: Giratina|Will-O-Wisp||[still]\n|-fail|p1a: Giratina\n|\n|-weather|SunnyDay|[upkeep]\n|-damage|p2a: Koraidon|88\/100 psn|[from] psn\n|upkeep\n|turn|6\n|\n|t:|1698886544\n|switch|p1a: Kyogre|Kyogre|100\/100\n|-weather|RainDance|[from] ability: Drizzle|[of] p1a: Kyogre\n|move|p2a: Koraidon|Flare Blitz|p1a: Kyogre\n|-resisted|p1a: Kyogre\n|-damage|p1a: Kyogre|94\/100\n|-damage|p2a: Koraidon|86\/100 psn|[from] Recoil\n|\n|-weather|RainDance|[upkeep]\n|-damage|p2a: Koraidon|73\/100 psn|[from] psn\n|upkeep\n|turn|7\n|\n|t:|1698886552\n|switch|p2a: Eternatus|Eternatus|100\/100\n|-sideend|p2: ban steve and hero|move: Toxic Spikes|[of] p2a: Eternatus\n|-ability|p2a: Eternatus|Pressure\n|move|p1a: Kyogre|Origin Pulse|p2a: Eternatus\n|-resisted|p2a: Eternatus\n|-damage|p2a: Eternatus|67\/100\n|\n|-weather|RainDance|[upkeep]\n|upkeep\n|turn|8\n|\n|t:|1698886559\n|move|p2a: Eternatus|Sludge Bomb|p1a: Kyogre\n|-damage|p1a: Kyogre|61\/100\n|move|p1a: Kyogre|Ice Beam|p2a: Eternatus\n|-supereffective|p2a: Eternatus\n|-damage|p2a: Eternatus|21\/100\n|\n|-weather|RainDance|[upkeep]\n|upkeep\n|turn|9\n|\n|t:|1698886563\n|move|p2a: Eternatus|Sludge Bomb|p1a: Kyogre\n|-damage|p1a: Kyogre|28\/100\n|-status|p1a: Kyogre|psn\n|move|p1a: Kyogre|Thunder Wave|p2a: Eternatus\n|-status|p2a: Eternatus|par\n|\n|-weather|RainDance|[upkeep]\n|-damage|p1a: Kyogre|15\/100 psn|[from] psn\n|upkeep\n|turn|10\n|\n|t:|1698886566\n|switch|p1a: Qwilfish|Qwilfish-Hisui, F|10\/100\n|move|p2a: Eternatus|Sludge Bomb|p1a: Qwilfish\n|-resisted|p1a: Qwilfish\n|-damage|p1a: Qwilfish|0 fnt\n|faint|p1a: Qwilfish\n|\n|-weather|RainDance|[upkeep]\n|upkeep\n|\n|t:|1698886572\n|switch|p1a: Iron Treads|Iron Treads|100\/100\n|turn|11\n|\n|t:|1698886578\n|cant|p2a: Eternatus|par\n|move|p1a: Iron Treads|Stealth Rock|p2a: Eternatus\n|-sidestart|p2: ban steve and hero|move: Stealth Rock\n|\n|-weather|RainDance|[upkeep]\n|upkeep\n|turn|12\n|\n|t:|1698886581\n|cant|p2a: Eternatus|par\n|move|p1a: Iron Treads|Knock Off|p2a: Eternatus\n|-damage|p2a: Eternatus|0 fnt\n|-enditem|p2a: Eternatus|Choice Scarf|[from] move: Knock Off|[of] p1a: Iron Treads\n|faint|p2a: Eternatus\n|\n|-weather|RainDance|[upkeep]\n|upkeep\n|\n|t:|1698886594\n|switch|p2a: Kyogre|Kyogre|76\/100 psn\n|-damage|p2a: Kyogre|63\/100 psn|[from] Stealth Rock\n|turn|13\n|\n|t:|1698886601\n|-end|p1a: Iron Treads|Quark Drive|[silent]\n|switch|p1a: Giratina|Giratina-Origin|100\/100\n|move|p2a: Kyogre|Origin Pulse|p1a: Giratina\n|-resisted|p1a: Giratina\n|-damage|p1a: Giratina|42\/100\n|\n|-weather|none\n|-damage|p2a: Kyogre|51\/100 psn|[from] psn\n|upkeep\n|turn|14\n|\n|t:|1698886613\n|switch|p1a: Kyogre|Kyogre|15\/100 psn\n|-weather|RainDance|[from] ability: Drizzle|[of] p1a: Kyogre\n|move|p2a: Kyogre|Origin Pulse|p1a: Kyogre\n|-resisted|p1a: Kyogre\n|-damage|p1a: Kyogre|0 fnt\n|faint|p1a: Kyogre\n|\n|-weather|RainDance|[upkeep]\n|-damage|p2a: Kyogre|38\/100 psn|[from] psn\n|upkeep\n|\n|t:|1698886616\n|switch|p1a: Giratina|Giratina-Origin|42\/100\n|turn|15\n|\n|t:|1698886618\n|-terastallize|p1a: Giratina|Ghost\n|move|p1a: Giratina|Shadow Sneak|p2a: Kyogre\n|-damage|p2a: Kyogre|6\/100 psn\n|move|p2a: Kyogre|Origin Pulse|p1a: Giratina\n|-damage|p1a: Giratina|0 fnt\n|faint|p1a: Giratina\n|\n|-weather|RainDance|[upkeep]\n|-damage|p2a: Kyogre|0 fnt|[from] psn\n|faint|p2a: Kyogre\n|upkeep\n|\n|t:|1698886628\n|switch|p1a: Arceus|Arceus-Fairy|100\/100\n|switch|p2a: Zacian|Zacian-Crowned|100\/100\n|-damage|p2a: Zacian|94\/100|[from] Stealth Rock\n|-ability|p2a: Zacian|Intrepid Sword|boost\n|-boost|p2a: Zacian|atk|1\n|turn|16\n|\n|t:|1698886633\n|-terastallize|p2a: Zacian|Water\n|move|p2a: Zacian|Tera Blast|p1a: Arceus|[anim] Tera Blast Water\n|-damage|p1a: Arceus|43\/100\n|move|p1a: Arceus|Iron Defense|p1a: Arceus\n|-boost|p1a: Arceus|def|2\n|\n|-weather|RainDance|[upkeep]\n|upkeep\n|turn|17\n|\n|t:|1698886637\n|move|p2a: Zacian|Behemoth Blade|p1a: Arceus\n|-supereffective|p1a: Arceus\n|-damage|p1a: Arceus|0 fnt\n|faint|p1a: Arceus\n|\n|-weather|RainDance|[upkeep]\n|upkeep\n|-message|FocusedOnMyBands forfeited.\n|\n|win|ban steve and hero\n|raw|FocusedOnMyBands's rating: 1347 &rarr; <strong>1329<\/strong><br \/>(-18 for losing)\n|raw|ban steve and hero's rating: 1380 &rarr; <strong>1398<\/strong><br \/>(+18 for winning)\n|l|\u203dFocusedOnMyBands\n","uploadtime":1698886433,"views":4,"p1id":"focusedonmybands","p2id":"bansteveandhero","formatid":"gen9ubers","rating":1329,"private":0,"password":""}