{"id":"gen9ubers-1972574745","p1":"Squirshawott","p2":"BLACK METAL 3","format":"[Gen 9] Ubers","log":"|j|\u2606Squirshawott\n|j|\u2606BLACK METAL 3\n|t:|1697858969\n|gametype|singles\n|player|p1|Squirshawott|hilbert-wonderlauncher|\n|player|p2|BLACK METAL 3|clerk|\n|teamsize|p1|6\n|teamsize|p2|6\n|gen|9\n|tier|[Gen 9] Ubers\n|rule|Sleep Clause Mod: Limit one foe put to sleep\n|rule|Species Clause: Limit one of each Pok\u00e9mon\n|rule|OHKO Clause: OHKO moves are banned\n|rule|Evasion Items Clause: Evasion items are banned\n|rule|Evasion Moves Clause: Evasion moves are banned\n|rule|Endless Battle Clause: Forcing endless battles is banned\n|rule|HP Percentage Mod: HP is shown in percentages\n|clearpoke\n|poke|p1|Dachsbun, M|\n|poke|p1|Arboliva, F|\n|poke|p1|Samurott-Hisui, M|\n|poke|p1|Tinkaton, F|\n|poke|p1|Meowscarada, F|\n|poke|p1|Greninja-*, M|\n|poke|p2|Espathra, F|\n|poke|p2|Garganacl, M|\n|poke|p2|Dragapult, M|\n|poke|p2|Rotom-Heat|\n|poke|p2|Maushold|\n|poke|p2|Azumarill, M|\n|teampreview\n|j| pkpowers310\n|j| Astyr.Pygos\n|j| Sol CPU\n|\n|t:|1697859039\n|start\n|switch|p1a: Greninja|Greninja, M|100\/100\n|switch|p2a: Randall|Dragapult, M|100\/100\n|turn|1\n|\n|t:|1697859051\n|move|p2a: Randall|Thunder Wave|p1a: Greninja\n|-status|p1a: Greninja|par\n|move|p1a: Greninja|Dark Pulse|p2a: Randall\n|-supereffective|p2a: Randall\n|-damage|p2a: Randall|23\/100\n|-start|p1a: Greninja|Disable|Dark Pulse|[from] ability: Cursed Body|[of] p2a: Randall\n|\n|upkeep\n|turn|2\n|\n|t:|1697859066\n|move|p2a: Randall|Light Screen|p2a: Randall\n|-sidestart|p2: BLACK METAL 3|move: Light Screen\n|move|p1a: Greninja|Surf|p2a: Randall\n|-resisted|p2a: Randall\n|-damage|p2a: Randall|12\/100\n|\n|upkeep\n|turn|3\n|c| pkpowers310|Have you gotten cursed body on every fucking proc\n|c|\u2606BLACK METAL 3|LOL\n|\n|t:|1697859081\n|move|p2a: Randall|Reflect|p2a: Randall\n|-sidestart|p2: BLACK METAL 3|Reflect\n|move|p1a: Greninja|Surf|p2a: Randall\n|-resisted|p2a: Randall\n|-damage|p2a: Randall|0 fnt\n|faint|p2a: Randall\n|-ability|p1a: Greninja|Battle Bond|boost\n|-boost|p1a: Greninja|atk|1\n|-boost|p1a: Greninja|spa|1\n|-boost|p1a: Greninja|spe|1\n|-activate|p1a: Greninja|ability: Battle Bond\n|\n|upkeep\n|\n|t:|1697859101\n|switch|p2a: me & my wife & kid|Maushold|100\/100\n|turn|4\n|\n|t:|1697859111\n|move|p2a: me & my wife & kid|Population Bomb|p1a: Greninja\n|-damage|p1a: Greninja|82\/100 par\n|-damage|p1a: Greninja|63\/100 par\n|-damage|p1a: Greninja|45\/100 par\n|-damage|p1a: Greninja|28\/100 par\n|-damage|p1a: Greninja|10\/100 par\n|-damage|p1a: Greninja|0 fnt\n|faint|p1a: Greninja\n|-hitcount|p1: Greninja|6\n|\n|upkeep\n|\n|t:|1697859141\n|switch|p1a: Arboliva|Arboliva, F|100\/100\n|turn|5\n|\n|t:|1697859145\n|-terastallize|p1a: Arboliva|Ghost\n|move|p2a: me & my wife & kid|Tidy Up|p2a: me & my wife & kid\n|-boost|p2a: me & my wife & kid|atk|1\n|-boost|p2a: me & my wife & kid|spe|1\n|move|p1a: Arboliva|Leech Seed|p2a: me & my wife & kid|[miss]\n|-miss|p1a: Arboliva|p2a: me & my wife & kid\n|\n|upkeep\n|turn|6\n|c|\u2606Squirshawott|lol\n|c|\u2606BLACK METAL 3|planned btw\n|\n|t:|1697859200\n|move|p2a: me & my wife & kid|Taunt|p1a: Arboliva\n|-start|p1a: Arboliva|move: Taunt\n|cant|p1a: Arboliva|move: Taunt|Strength Sap\n|\n|upkeep\n|turn|7\n|\n|t:|1697859213\n|move|p2a: me & my wife & kid|Tidy Up|p2a: me & my wife & kid\n|-boost|p2a: me & my wife & kid|atk|1\n|-boost|p2a: me & my wife & kid|spe|1\n|move|p1a: Arboliva|Giga Drain|p2a: me & my wife & kid\n|-crit|p2a: me & my wife & kid\n|-damage|p2a: me & my wife & kid|35\/100\n|\n|upkeep\n|turn|8\n|\n|t:|1697859230\n|move|p2a: me & my wife & kid|Bite|p1a: Arboliva\n|-supereffective|p1a: Arboliva\n|-damage|p1a: Arboliva|28\/100\n|-enditem|p1a: Arboliva|Sitrus Berry|[eat]\n|-heal|p1a: Arboliva|52\/100|[from] item: Sitrus Berry\n|cant|p1a: Arboliva|flinch\n|\n|-end|p1a: Arboliva|move: Taunt\n|upkeep\n|turn|9\n|\n|t:|1697859257\n|switch|p1a: Samurott|Samurott-Hisui, M|100\/100\n|move|p2a: me & my wife & kid|Bite|p1a: Samurott\n|-resisted|p1a: Samurott\n|-damage|p1a: Samurott|75\/100\n|\n|-sideend|p2: BLACK METAL 3|move: Light Screen\n|upkeep\n|turn|10\n|\n|t:|1697859266\n|move|p1a: Samurott|Aqua Jet|p2a: me & my wife & kid\n|-damage|p2a: me & my wife & kid|20\/100\n|move|p2a: me & my wife & kid|Population Bomb|p1a: Samurott\n|-damage|p1a: Samurott|51\/100\n|-damage|p1a: Samurott|27\/100\n|-damage|p1a: Samurott|2\/100\n|-damage|p1a: Samurott|0 fnt\n|faint|p1a: Samurott\n|-hitcount|p1: Samurott|4\n|\n|-sideend|p2: BLACK METAL 3|Reflect\n|upkeep\n|\n|t:|1697859278\n|switch|p1a: Meowscarada|Meowscarada, F|100\/100\n|turn|11\n|\n|t:|1697859283\n|move|p1a: Meowscarada|Sucker Punch|p2a: me & my wife & kid\n|-start|p1a: Meowscarada|typechange|Dark|[from] ability: Protean\n|-damage|p2a: me & my wife & kid|0 fnt\n|faint|p2a: me & my wife & kid\n|\n|upkeep\n|\n|t:|1697859305\n|switch|p2a: Eggalodon|Azumarill, M|100\/100\n|turn|12\n|\n|t:|1697859331\n|switch|p1a: Arboliva|Arboliva, F, tera:Ghost|52\/100\n|move|p2a: Eggalodon|Aqua Jet|p1a: Arboliva\n|-damage|p1a: Arboliva|24\/100\n|\n|-item|p1a: Arboliva|Sitrus Berry|[from] ability: Harvest\n|upkeep\n|-enditem|p1a: Arboliva|Sitrus Berry|[eat]\n|-heal|p1a: Arboliva|48\/100|[from] item: Sitrus Berry\n|turn|13\n|\n|t:|1697859355\n|switch|p2a: Rock Howard|Garganacl, M|100\/100\n|move|p1a: Arboliva|Strength Sap|p2a: Rock Howard\n|-unboost|p2a: Rock Howard|atk|1\n|-heal|p1a: Arboliva|100\/100\n|\n|-item|p1a: Arboliva|Sitrus Berry|[from] ability: Harvest\n|upkeep\n|turn|14\n|\n|t:|1697859372\n|move|p1a: Arboliva|Leech Seed|p2a: Rock Howard\n|-start|p2a: Rock Howard|move: Leech Seed\n|move|p2a: Rock Howard|Salt Cure|p1a: Arboliva\n|-damage|p1a: Arboliva|94\/100\n|-start|p1a: Arboliva|Salt Cure\n|\n|-damage|p2a: Rock Howard|88\/100|[from] Leech Seed|[of] p1a: Arboliva\n|-heal|p1a: Arboliva|100\/100|[silent]\n|-damage|p1a: Arboliva|88\/100|[from] Salt Cure\n|upkeep\n|turn|15\n|\n|t:|1697859387\n|switch|p2a: Hot Hands|Rotom-Heat|100\/100\n|move|p1a: Arboliva|Giga Drain|p2a: Hot Hands\n|-resisted|p2a: Hot Hands\n|-crit|p2a: Hot Hands\n|-damage|p2a: Hot Hands|75\/100\n|-heal|p1a: Arboliva|99\/100|[from] drain|[of] p2a: Hot Hands\n|\n|-damage|p1a: Arboliva|87\/100|[from] Salt Cure\n|upkeep\n|turn|16\n|\n|t:|1697859402\n|move|p2a: Hot Hands|Nasty Plot|p2a: Hot Hands\n|-boost|p2a: Hot Hands|spa|2\n|move|p1a: Arboliva|Leech Seed|p2a: Hot Hands\n|-start|p2a: Hot Hands|move: Leech Seed\n|\n|-damage|p2a: Hot Hands|63\/100|[from] Leech Seed|[of] p1a: Arboliva\n|-heal|p1a: Arboliva|97\/100|[silent]\n|-damage|p1a: Arboliva|85\/100|[from] Salt Cure\n|upkeep\n|turn|17\n|\n|t:|1697859417\n|switch|p1a: Dachsbun|Dachsbun, M|100\/100\n|move|p2a: Hot Hands|Overheat|p1a: Dachsbun\n|-ability|p1a: Dachsbun|Well-Baked Body|boost\n|-boost|p1a: Dachsbun|def|2\n|\n|-damage|p2a: Hot Hands|50\/100|[from] Leech Seed|[of] p1a: Dachsbun\n|upkeep\n|turn|18\n|\n|t:|1697859432\n|move|p2a: Hot Hands|Thunderbolt|p1a: Dachsbun\n|-damage|p1a: Dachsbun|0 fnt\n|faint|p1a: Dachsbun\n|\n|upkeep\n|l| Sol CPU\n|\n|t:|1697859440\n|switch|p1a: Meowscarada|Meowscarada, F|100\/100\n|turn|19\n|\n|t:|1697859443\n|move|p1a: Meowscarada|Sucker Punch||[still]\n|-fail|p1a: Meowscarada\n|move|p2a: Hot Hands|Will-O-Wisp|p1a: Meowscarada\n|-status|p1a: Meowscarada|brn\n|\n|-damage|p2a: Hot Hands|38\/100|[from] Leech Seed|[of] p1a: Meowscarada\n|-damage|p1a: Meowscarada|94\/100 brn|[from] brn\n|upkeep\n|turn|20\n|j| Sol CPU\n|\n|t:|1697859457\n|switch|p2a: Eggalodon|Azumarill, M|100\/100\n|move|p1a: Meowscarada|Sucker Punch||[still]\n|-fail|p1a: Meowscarada\n|\n|-damage|p1a: Meowscarada|88\/100 brn|[from] brn\n|upkeep\n|turn|21\n|\n|t:|1697859469\n|move|p1a: Meowscarada|Flower Trick|p2a: Eggalodon\n|-start|p1a: Meowscarada|typechange|Grass|[from] ability: Protean\n|-supereffective|p2a: Eggalodon\n|-crit|p2a: Eggalodon\n|-damage|p2a: Eggalodon|46\/100\n|move|p2a: Eggalodon|Play Rough|p1a: Meowscarada\n|-damage|p1a: Meowscarada|0 fnt\n|faint|p1a: Meowscarada\n|\n|upkeep\n|\n|t:|1697859481\n|switch|p1a: Arboliva|Arboliva, F, tera:Ghost|85\/100\n|turn|22\n|l| Sol CPU\n|j| Sol CPU\n|\n|t:|1697859506\n|move|p2a: Eggalodon|Play Rough|p1a: Arboliva\n|-damage|p1a: Arboliva|20\/100\n|-enditem|p1a: Arboliva|Sitrus Berry|[eat]\n|-heal|p1a: Arboliva|45\/100|[from] item: Sitrus Berry\n|move|p1a: Arboliva|Leech Seed|p2a: Eggalodon\n|-start|p2a: Eggalodon|move: Leech Seed\n|\n|-damage|p2a: Eggalodon|33\/100|[from] Leech Seed|[of] p1a: Arboliva\n|-heal|p1a: Arboliva|58\/100|[silent]\n|-item|p1a: Arboliva|Sitrus Berry|[from] ability: Harvest\n|upkeep\n|turn|23\n|\n|t:|1697859554\n|move|p2a: Eggalodon|Play Rough|p1a: Arboliva\n|-damage|p1a: Arboliva|0 fnt\n|faint|p1a: Arboliva\n|\n|upkeep\n|\n|t:|1697859558\n|switch|p1a: Tinkaton|Tinkaton, F|100\/100\n|turn|24\n|\n|t:|1697859561\n|move|p1a: Tinkaton|Knock Off|p2a: Eggalodon\n|-resisted|p2a: Eggalodon\n|-damage|p2a: Eggalodon|23\/100\n|-enditem|p2a: Eggalodon|Choice Band|[from] move: Knock Off|[of] p1a: Tinkaton\n|move|p2a: Eggalodon|Play Rough|p1a: Tinkaton\n|-resisted|p1a: Tinkaton\n|-crit|p1a: Tinkaton\n|-damage|p1a: Tinkaton|52\/100\n|-unboost|p1a: Tinkaton|atk|1\n|\n|-damage|p2a: Eggalodon|10\/100|[from] Leech Seed|[of] p1a: Tinkaton\n|-heal|p1a: Tinkaton|66\/100|[silent]\n|upkeep\n|turn|25\n|\n|t:|1697859578\n|move|p2a: Eggalodon|Aqua Jet|p1a: Tinkaton\n|-damage|p1a: Tinkaton|39\/100\n|move|p1a: Tinkaton|Gigaton Hammer|p2a: Eggalodon\n|-damage|p2a: Eggalodon|0 fnt\n|faint|p2a: Eggalodon\n|\n|upkeep\n|\n|t:|1697859592\n|switch|p2a: Rock Howard|Garganacl, M|88\/100\n|turn|26\n|\n|t:|1697859597\n|move|p1a: Tinkaton|Knock Off|p2a: Rock Howard\n|-damage|p2a: Rock Howard|78\/100\n|-enditem|p2a: Rock Howard|Leftovers|[from] move: Knock Off|[of] p1a: Tinkaton\n|move|p2a: Rock Howard|Salt Cure|p1a: Tinkaton\n|-resisted|p1a: Tinkaton\n|-damage|p1a: Tinkaton|31\/100\n|-start|p1a: Tinkaton|Salt Cure\n|\n|-damage|p1a: Tinkaton|6\/100|[from] Salt Cure\n|upkeep\n|-enditem|p1a: Tinkaton|Aguav Berry|[eat]\n|-heal|p1a: Tinkaton|40\/100|[from] item: Aguav Berry\n|turn|27\n|\n|t:|1697859610\n|move|p2a: Rock Howard|Protect|p2a: Rock Howard\n|-singleturn|p2a: Rock Howard|Protect\n|move|p1a: Tinkaton|Gigaton Hammer|p2a: Rock Howard\n|-activate|p2a: Rock Howard|move: Protect\n|\n|-damage|p1a: Tinkaton|15\/100|[from] Salt Cure\n|upkeep\n|turn|28\n|\n|t:|1697859618\n|move|p2a: Rock Howard|Protect||[still]\n|-fail|p2a: Rock Howard\n|move|p1a: Tinkaton|Play Rough|p2a: Rock Howard|[miss]\n|-miss|p1a: Tinkaton|p2a: Rock Howard\n|\n|-damage|p1a: Tinkaton|0 fnt|[from] Salt Cure\n|faint|p1a: Tinkaton\n|\n|win|BLACK METAL 3\n|upkeep\n|c|\u2606BLACK METAL 3|ggs\n|l| Sol CPU\n","uploadtime":1697859627,"views":12,"p1id":"squirshawott","p2id":"blackmetal3","formatid":"gen9ubers","rating":0,"private":0,"password":""}