{"id":"gen9ubers-1973691995","p1":"MeteorAsh15","p2":"Celis Battlez","format":"[Gen 9] Ubers","log":"|j|\u2606MeteorAsh15\n|j|\u2606Celis Battlez\n|t:|1698003884\n|gametype|singles\n|player|p1|MeteorAsh15|nate|1228\n|player|p2|Celis Battlez|101|1402\n|teamsize|p1|6\n|teamsize|p2|6\n|gen|9\n|tier|[Gen 9] Ubers\n|rated|\n|rule|Sleep Clause Mod: Limit one foe put to sleep\n|rule|Species Clause: Limit one of each Pok\u00e9mon\n|rule|OHKO Clause: OHKO moves are banned\n|rule|Evasion Items Clause: Evasion items are banned\n|rule|Evasion Moves Clause: Evasion moves are banned\n|rule|Endless Battle Clause: Forcing endless battles is banned\n|rule|HP Percentage Mod: HP is shown in percentages\n|clearpoke\n|poke|p1|Baxcalibur, F|\n|poke|p1|Ninetales-Alola, F|\n|poke|p1|Koraidon|\n|poke|p1|Zacian-*|\n|poke|p1|Tornadus, M|\n|poke|p1|Ribombee, F|\n|poke|p2|Ribombee, F|\n|poke|p2|Basculegion, M|\n|poke|p2|Grimmsnarl, M|\n|poke|p2|Kyogre|\n|poke|p2|Cyclizar, F|\n|poke|p2|Miraidon|\n|teampreview\n|inactive|Battle timer is ON: inactive players will automatically lose when time's up. (requested by MeteorAsh15)\n|inactive|Celis Battlez has 120 seconds left.\n|\n|t:|1698003941\n|start\n|switch|p1a: Ribombee|Ribombee, F, shiny|100\/100\n|switch|p2a: Ribombee|Ribombee, F|100\/100\n|turn|1\n|\n|t:|1698003949\n|move|p2a: Ribombee|Sticky Web|p1a: Ribombee\n|-sidestart|p1: MeteorAsh15|move: Sticky Web\n|move|p1a: Ribombee|Imprison|p1a: Ribombee\n|-start|p1a: Ribombee|move: Imprison\n|\n|upkeep\n|turn|2\n|\n|t:|1698003964\n|move|p1a: Ribombee|Sticky Web|p2a: Ribombee\n|-sidestart|p2: Celis Battlez|move: Sticky Web\n|move|p2a: Ribombee|Moonblast|p1a: Ribombee\n|-damage|p1a: Ribombee|28\/100\n|\n|upkeep\n|turn|3\n|\n|t:|1698003970\n|move|p1a: Ribombee|Tailwind|p1a: Ribombee\n|-sidestart|p1: MeteorAsh15|move: Tailwind\n|move|p2a: Ribombee|Quiver Dance|p2a: Ribombee\n|-boost|p2a: Ribombee|spa|1\n|-boost|p2a: Ribombee|spd|1\n|-boost|p2a: Ribombee|spe|1\n|\n|upkeep\n|turn|4\n|\n|t:|1698003979\n|move|p1a: Ribombee|Stun Spore|p2a: Ribombee|[miss]\n|-miss|p1a: Ribombee|p2a: Ribombee\n|move|p2a: Ribombee|Quiver Dance|p2a: Ribombee\n|-boost|p2a: Ribombee|spa|1\n|-boost|p2a: Ribombee|spd|1\n|-boost|p2a: Ribombee|spe|1\n|\n|upkeep\n|turn|5\n|\n|t:|1698003987\n|move|p1a: Ribombee|Stun Spore|p2a: Ribombee\n|-status|p2a: Ribombee|par\n|move|p2a: Ribombee|Moonblast|p1a: Ribombee\n|-damage|p1a: Ribombee|0 fnt\n|faint|p1a: Ribombee\n|\n|upkeep\n|\n|t:|1698003999\n|switch|p1a: Zacian|Zacian-Crowned, shiny|100\/100\n|-activate|p1a: Zacian|move: Sticky Web\n|-unboost|p1a: Zacian|spe|1\n|-ability|p1a: Zacian|Intrepid Sword|boost\n|-boost|p1a: Zacian|atk|1\n|turn|6\n|\n|t:|1698004005\n|move|p1a: Zacian|Behemoth Blade|p2a: Ribombee\n|-supereffective|p2a: Ribombee\n|-enditem|p2a: Ribombee|Focus Sash\n|-damage|p2a: Ribombee|1\/100 par\n|cant|p2a: Ribombee|par\n|\n|-sideend|p1: MeteorAsh15|move: Tailwind\n|upkeep\n|turn|7\n|\n|t:|1698004014\n|move|p2a: Ribombee|Stun Spore|p1a: Zacian|[miss]\n|-miss|p2a: Ribombee|p1a: Zacian\n|move|p1a: Zacian|Behemoth Blade|p2a: Ribombee\n|-supereffective|p2a: Ribombee\n|-damage|p2a: Ribombee|0 fnt\n|faint|p2a: Ribombee\n|\n|upkeep\n|\n|t:|1698004030\n|switch|p2a: Kyogre|Kyogre|100\/100\n|-activate|p2a: Kyogre|move: Sticky Web\n|-unboost|p2a: Kyogre|spe|1\n|-weather|RainDance|[from] ability: Drizzle|[of] p2a: Kyogre\n|turn|8\n|\n|t:|1698004040\n|move|p1a: Zacian|Play Rough|p2a: Kyogre\n|-crit|p2a: Kyogre\n|-damage|p2a: Kyogre|0 fnt\n|faint|p2a: Kyogre\n|\n|-weather|RainDance|[upkeep]\n|upkeep\n|\n|t:|1698004047\n|switch|p2a: Basculegion|Basculegion, M|100\/100\n|-activate|p2a: Basculegion|move: Sticky Web\n|-unboost|p2a: Basculegion|spe|1\n|turn|9\n|\n|t:|1698004054\n|-terastallize|p2a: Basculegion|Ghost\n|move|p2a: Basculegion|Last Respects|p1a: Zacian\n|-damage|p1a: Zacian|7\/100\n|move|p1a: Zacian|Behemoth Blade|p2a: Basculegion\n|-damage|p2a: Basculegion|0 fnt\n|faint|p2a: Basculegion\n|\n|-weather|RainDance|[upkeep]\n|upkeep\n|\n|t:|1698004066\n|switch|p2a: Cyclizar|Cyclizar, F|100\/100\n|turn|10\n|\n|t:|1698004069\n|move|p2a: Cyclizar|Rapid Spin|p1a: Zacian\n|-resisted|p1a: Zacian\n|-damage|p1a: Zacian|0 fnt\n|-boost|p2a: Cyclizar|spe|1\n|-sideend|p2: Celis Battlez|Sticky Web|[from] move: Rapid Spin|[of] p2a: Cyclizar\n|faint|p1a: Zacian\n|\n|-weather|RainDance|[upkeep]\n|upkeep\n|\n|t:|1698004077\n|switch|p1a: Koraidon|Koraidon|100\/100\n|-activate|p1a: Koraidon|move: Sticky Web\n|-unboost|p1a: Koraidon|spe|1\n|-weather|SunnyDay|[from] ability: Orichalcum Pulse|[of] p1a: Koraidon\n|-activate|p1a: Koraidon|Orichalcum Pulse|[source]\n|turn|11\n|\n|t:|1698004085\n|move|p2a: Cyclizar|Shed Tail|p2a: Cyclizar\n|-start|p2a: Cyclizar|Substitute|[from] move: Shed Tail\n|-damage|p2a: Cyclizar|50\/100\n|\n|t:|1698004088\n|switch|p2a: Grimmsnarl|Grimmsnarl, M|100\/100|[from] Shed Tail\n|move|p1a: Koraidon|Dragon Claw|p2a: Grimmsnarl\n|-immune|p2a: Grimmsnarl\n|\n|-weather|SunnyDay|[upkeep]\n|upkeep\n|turn|12\n|\n|t:|1698004099\n|move|p1a: Koraidon|Flare Blitz|p2a: Grimmsnarl\n|-end|p2a: Grimmsnarl|Substitute\n|-damage|p1a: Koraidon|94\/100|[from] Recoil|[of] p2a: Grimmsnarl\n|move|p2a: Grimmsnarl|Spirit Break|p1a: Koraidon\n|-supereffective|p1a: Koraidon\n|-damage|p1a: Koraidon|0 fnt\n|faint|p1a: Koraidon\n|\n|-weather|SunnyDay|[upkeep]\n|upkeep\n|\n|t:|1698004109\n|switch|p1a: Ninetales|Ninetales-Alola, F|100\/100\n|-activate|p1a: Ninetales|move: Sticky Web\n|-unboost|p1a: Ninetales|spe|1\n|-weather|Snow|[from] ability: Snow Warning|[of] p1a: Ninetales\n|turn|13\n|\n|t:|1698004115\n|move|p2a: Grimmsnarl|Light Screen|p2a: Grimmsnarl\n|-sidestart|p2: Celis Battlez|move: Light Screen\n|move|p1a: Ninetales|Aurora Veil|p1a: Ninetales\n|-sidestart|p1: MeteorAsh15|move: Aurora Veil\n|\n|-weather|Snow|[upkeep]\n|upkeep\n|turn|14\n|\n|t:|1698004123\n|move|p1a: Ninetales|Encore|p2a: Grimmsnarl\n|-start|p2a: Grimmsnarl|Encore\n|move|p2a: Grimmsnarl|Light Screen||[still]\n|-fail|p2a: Grimmsnarl\n|\n|-weather|Snow|[upkeep]\n|upkeep\n|turn|15\n|inactive|Celis Battlez has 120 seconds left.\n|\n|t:|1698004154\n|switch|p2a: Cyclizar|Cyclizar, F|83\/100\n|move|p1a: Ninetales|Freeze-Dry|p2a: Cyclizar\n|-supereffective|p2a: Cyclizar\n|-damage|p2a: Cyclizar|40\/100\n|-status|p2a: Cyclizar|frz\n|\n|-weather|Snow|[upkeep]\n|upkeep\n|turn|16\n|\n|t:|1698004164\n|switch|p2a: Grimmsnarl|Grimmsnarl, M|100\/100\n|move|p1a: Ninetales|Freeze-Dry|p2a: Grimmsnarl\n|-damage|p2a: Grimmsnarl|85\/100\n|\n|-weather|Snow|[upkeep]\n|upkeep\n|turn|17\n|\n|t:|1698004174\n|move|p1a: Ninetales|Hypnosis|p2a: Grimmsnarl\n|-status|p2a: Grimmsnarl|slp|[from] move: Hypnosis\n|cant|p2a: Grimmsnarl|slp\n|\n|-weather|none\n|upkeep\n|turn|18\n|\n|t:|1698004181\n|cant|p2a: Grimmsnarl|slp\n|move|p1a: Ninetales|Freeze-Dry|p2a: Grimmsnarl\n|-damage|p2a: Grimmsnarl|70\/100 slp\n|\n|upkeep\n|turn|19\n|\n|t:|1698004194\n|cant|p2a: Grimmsnarl|slp\n|move|p1a: Ninetales|Freeze-Dry|p2a: Grimmsnarl\n|-damage|p2a: Grimmsnarl|56\/100 slp\n|\n|upkeep\n|turn|20\n|\n|t:|1698004203\n|-curestatus|p2a: Grimmsnarl|slp|[msg]\n|move|p2a: Grimmsnarl|Parting Shot|p1a: Ninetales\n|-unboost|p1a: Ninetales|atk|1\n|-unboost|p1a: Ninetales|spa|1\n|\n|t:|1698004208\n|switch|p2a: Cyclizar|Cyclizar, F|73\/100 frz|[from] Parting Shot\n|move|p1a: Ninetales|Hypnosis||[still]\n|-fail|p1a: Ninetales\n|\n|-sideend|p2: Celis Battlez|move: Light Screen\n|-sideend|p1: MeteorAsh15|move: Aurora Veil\n|upkeep\n|turn|21\n|\n|t:|1698004216\n|cant|p2a: Cyclizar|frz\n|move|p1a: Ninetales|Freeze-Dry|p2a: Cyclizar\n|-supereffective|p2a: Cyclizar\n|-damage|p2a: Cyclizar|12\/100 frz\n|\n|upkeep\n|turn|22\n|\n|t:|1698004223\n|cant|p2a: Cyclizar|frz\n|move|p1a: Ninetales|Freeze-Dry|p2a: Cyclizar\n|-supereffective|p2a: Cyclizar\n|-damage|p2a: Cyclizar|0 fnt\n|faint|p2a: Cyclizar\n|\n|upkeep\n|\n|t:|1698004226\n|switch|p2a: Grimmsnarl|Grimmsnarl, M|56\/100\n|turn|23\n|\n|t:|1698004234\n|move|p1a: Ninetales|Aurora Veil||[still]\n|-fail|p1a: Ninetales\n|move|p2a: Grimmsnarl|Spirit Break|p1a: Ninetales\n|-damage|p1a: Ninetales|40\/100\n|-unboost|p1a: Ninetales|spa|1\n|\n|upkeep\n|turn|24\n|\n|t:|1698004259\n|move|p1a: Ninetales|Hypnosis|p2a: Grimmsnarl|[miss]\n|-miss|p1a: Ninetales|p2a: Grimmsnarl\n|move|p2a: Grimmsnarl|Spirit Break|p1a: Ninetales\n|-damage|p1a: Ninetales|0 fnt\n|faint|p1a: Ninetales\n|\n|upkeep\n|\n|t:|1698004267\n|switch|p1a: Tornadus|Tornadus, M, shiny|100\/100\n|turn|25\n|\n|t:|1698004289\n|move|p2a: Grimmsnarl|Light Screen|p2a: Grimmsnarl\n|-sidestart|p2: Celis Battlez|move: Light Screen\n|move|p1a: Tornadus|Bleakwind Storm|p2a: Grimmsnarl|[miss]\n|-miss|p1a: Tornadus|p2a: Grimmsnarl\n|\n|upkeep\n|turn|26\n|\n|t:|1698004294\n|move|p1a: Tornadus|Bleakwind Storm|p2a: Grimmsnarl\n|-damage|p2a: Grimmsnarl|33\/100\n|move|p2a: Grimmsnarl|Spirit Break|p1a: Tornadus\n|-damage|p1a: Tornadus|56\/100\n|-unboost|p1a: Tornadus|spa|1\n|\n|upkeep\n|turn|27\n|\n|t:|1698004308\n|move|p1a: Tornadus|Bleakwind Storm|p2a: Grimmsnarl\n|-crit|p2a: Grimmsnarl\n|-damage|p2a: Grimmsnarl|0 fnt\n|faint|p2a: Grimmsnarl\n|\n|upkeep\n|\n|t:|1698004311\n|switch|p2a: Miraidon|Miraidon|100\/100\n|-fieldstart|move: Electric Terrain|[from] ability: Hadron Engine|[of] p2a: Miraidon\n|turn|28\n|\n|t:|1698004317\n|move|p1a: Tornadus|Tailwind|p1a: Tornadus\n|-sidestart|p1: MeteorAsh15|move: Tailwind\n|move|p2a: Miraidon|Dragon Pulse|p1a: Tornadus\n|-damage|p1a: Tornadus|0 fnt\n|faint|p1a: Tornadus\n|\n|upkeep\n|\n|t:|1698004324\n|switch|p1a: Baxcalibur|Baxcalibur, F|100\/100\n|-activate|p1a: Baxcalibur|move: Sticky Web\n|-unboost|p1a: Baxcalibur|spe|1\n|turn|29\n|\n|t:|1698004332\n|-terastallize|p1a: Baxcalibur|Ground\n|move|p2a: Miraidon|Dragon Pulse|p1a: Baxcalibur\n|-damage|p1a: Baxcalibur|33\/100\n|move|p1a: Baxcalibur|Earthquake|p2a: Miraidon\n|-supereffective|p2a: Miraidon\n|-damage|p2a: Miraidon|0 fnt\n|faint|p2a: Miraidon\n|\n|win|MeteorAsh15\n|raw|MeteorAsh15's rating: 1228 &rarr; <strong>1265<\/strong><br \/>(+37 for winning)\n|raw|Celis Battlez's rating: 1402 &rarr; <strong>1373<\/strong><br \/>(-29 for losing)\n|l|\u2606Celis Battlez\n","uploadtime":1698004371,"views":10,"p1id":"meteorash15","p2id":"celisbattlez","formatid":"gen9ubers","rating":1265,"private":0,"password":""}