{"id":"gen9ubers-1990823624","p1":"GordonH40","p2":"Turtleboys","format":"[Gen 9] Ubers","log":"|j|\u2606GordonH40\n|j|\u2606Turtleboys\n|t:|1700004526\n|gametype|singles\n|player|p1|GordonH40|workerice|\n|player|p2|Turtleboys|firebreather|\n|teamsize|p1|6\n|teamsize|p2|6\n|gen|9\n|tier|[Gen 9] Ubers\n|rule|Sleep Clause Mod: Limit one foe put to sleep\n|rule|Species Clause: Limit one of each Pok\u00e9mon\n|rule|OHKO Clause: OHKO moves are banned\n|rule|Evasion Items Clause: Evasion items are banned\n|rule|Evasion Moves Clause: Evasion moves are banned\n|rule|Endless Battle Clause: Forcing endless battles is banned\n|rule|HP Percentage Mod: HP is shown in percentages\n|clearpoke\n|poke|p1|Ting-Lu|\n|poke|p1|Ninetales-Alola, F|\n|poke|p1|Dragapult, F|\n|poke|p1|Corviknight, M|\n|poke|p1|Zapdos-Galar|\n|poke|p1|Ogerpon-Wellspring, F|\n|poke|p2|Cinderace, M|\n|poke|p2|Quaquaval, M|\n|poke|p2|Cloyster, F|\n|poke|p2|Blissey, F|\n|poke|p2|Heatran, F|\n|poke|p2|Iron Bundle|\n|teampreview\n|inactive|Battle timer is ON: inactive players will automatically lose when time's up. (requested by GordonH40)\n|j| Lucky bstard\n|\n|t:|1700004536\n|start\n|switch|p1a: Zapdos|Zapdos-Galar|100\/100\n|switch|p2a: Heatran|Heatran, F|100\/100\n|turn|1\n|\n|t:|1700004549\n|move|p1a: Zapdos|Thunderous Kick|p2a: Heatran\n|-supereffective|p2a: Heatran\n|-damage|p2a: Heatran|4\/100\n|-unboost|p2a: Heatran|def|1\n|move|p2a: Heatran|Magma Storm|p1a: Zapdos\n|-damage|p1a: Zapdos|42\/100\n|-activate|p1a: Zapdos|move: Magma Storm|[of] p2a: Heatran\n|\n|-heal|p2a: Heatran|10\/100|[from] item: Leftovers\n|-damage|p1a: Zapdos|29\/100|[from] move: Magma Storm|[partiallytrapped]\n|upkeep\n|turn|2\n|\n|t:|1700004575\n|move|p1a: Zapdos|Thunderous Kick|p2a: Heatran\n|-supereffective|p2a: Heatran\n|-damage|p2a: Heatran|0 fnt\n|faint|p2a: Heatran\n|\n|-end|p1a: Zapdos|Magma Storm|[partiallytrapped]|[silent]\n|upkeep\n|\n|t:|1700004584\n|switch|p2a: Cloyster|Cloyster, F|100\/100\n|turn|3\n|\n|t:|1700004587\n|move|p2a: Cloyster|Ice Shard|p1a: Zapdos\n|-supereffective|p1a: Zapdos\n|-damage|p1a: Zapdos|0 fnt\n|faint|p1a: Zapdos\n|\n|upkeep\n|inactive|GordonH40 has 270 seconds left.\n|\n|t:|1700004618\n|switch|p1a: Ninetales|Ninetales-Alola, F|100\/100\n|-weather|Snow|[from] ability: Snow Warning|[of] p1a: Ninetales\n|turn|4\n|\n|t:|1700004623\n|move|p1a: Ninetales|Aurora Veil|p1a: Ninetales\n|-sidestart|p1: GordonH40|move: Aurora Veil\n|move|p2a: Cloyster|Shell Smash|p2a: Cloyster\n|-unboost|p2a: Cloyster|def|1\n|-unboost|p2a: Cloyster|spd|1\n|-boost|p2a: Cloyster|atk|2\n|-boost|p2a: Cloyster|spa|2\n|-boost|p2a: Cloyster|spe|2\n|-enditem|p2a: Cloyster|White Herb\n|-clearnegativeboost|p2a: Cloyster|[silent]\n|\n|-weather|Snow|[upkeep]\n|upkeep\n|turn|5\n|\n|t:|1700004632\n|move|p2a: Cloyster|Rock Blast|p1a: Ninetales\n|-supereffective|p1a: Ninetales\n|-damage|p1a: Ninetales|90\/100\n|-supereffective|p1a: Ninetales\n|-damage|p1a: Ninetales|81\/100\n|-supereffective|p1a: Ninetales\n|-damage|p1a: Ninetales|70\/100\n|-supereffective|p1a: Ninetales\n|-damage|p1a: Ninetales|60\/100\n|-supereffective|p1a: Ninetales\n|-damage|p1a: Ninetales|50\/100\n|-hitcount|p1a: Ninetales|5\n|move|p1a: Ninetales|Encore|p2a: Cloyster\n|-start|p2a: Cloyster|Encore\n|\n|-weather|Snow|[upkeep]\n|upkeep\n|turn|6\n|\n|t:|1700004645\n|switch|p1a: Ting-Lu|Ting-Lu|100\/100\n|-ability|p1a: Ting-Lu|Vessel of Ruin\n|move|p2a: Cloyster|Rock Blast|p1a: Ting-Lu\n|-resisted|p1a: Ting-Lu\n|-damage|p1a: Ting-Lu|99\/100\n|-resisted|p1a: Ting-Lu\n|-damage|p1a: Ting-Lu|97\/100\n|-resisted|p1a: Ting-Lu\n|-damage|p1a: Ting-Lu|96\/100\n|-resisted|p1a: Ting-Lu\n|-damage|p1a: Ting-Lu|94\/100\n|-resisted|p1a: Ting-Lu\n|-damage|p1a: Ting-Lu|93\/100\n|-hitcount|p1a: Ting-Lu|5\n|\n|-weather|Snow|[upkeep]\n|-heal|p1a: Ting-Lu|99\/100|[from] item: Leftovers\n|upkeep\n|turn|7\n|\n|t:|1700004662\n|switch|p2a: Blissey|Blissey, F|100\/100\n|move|p1a: Ting-Lu|Earthquake|p2a: Blissey\n|-damage|p2a: Blissey|65\/100\n|\n|-weather|Snow|[upkeep]\n|-heal|p2a: Blissey|72\/100|[from] item: Leftovers\n|-heal|p1a: Ting-Lu|100\/100|[from] item: Leftovers\n|upkeep\n|turn|8\n|\n|t:|1700004674\n|move|p2a: Blissey|Seismic Toss|p1a: Ting-Lu\n|-damage|p1a: Ting-Lu|81\/100\n|move|p1a: Ting-Lu|Stealth Rock|p2a: Blissey\n|-sidestart|p2: Turtleboys|move: Stealth Rock\n|\n|-weather|none\n|-heal|p2a: Blissey|78\/100|[from] item: Leftovers\n|-heal|p1a: Ting-Lu|87\/100|[from] item: Leftovers\n|upkeep\n|turn|9\n|inactive|GordonH40 has 270 seconds left.\n|\n|t:|1700004699\n|switch|p1a: Corviknight|Corviknight, M|100\/100\n|-ability|p1a: Corviknight|Pressure\n|move|p2a: Blissey|Seismic Toss|p1a: Corviknight\n|-damage|p1a: Corviknight|75\/100\n|\n|-heal|p1a: Corviknight|82\/100|[from] item: Leftovers\n|-heal|p2a: Blissey|84\/100|[from] item: Leftovers\n|upkeep\n|turn|10\n|inactive|GordonH40 has 270 seconds left.\n|\n|t:|1700004709\n|move|p1a: Corviknight|Body Press|p2a: Blissey\n|-supereffective|p2a: Blissey\n|-damage|p2a: Blissey|44\/100\n|move|p2a: Blissey|Thunder Wave|p1a: Corviknight\n|-status|p1a: Corviknight|par\n|\n|-heal|p2a: Blissey|50\/100|[from] item: Leftovers\n|-heal|p1a: Corviknight|88\/100 par|[from] item: Leftovers\n|upkeep\n|turn|11\n|\n|t:|1700004717\n|move|p2a: Blissey|Soft-Boiled|p2a: Blissey\n|-heal|p2a: Blissey|99\/100\n|move|p1a: Corviknight|Body Press|p2a: Blissey\n|-supereffective|p2a: Blissey\n|-damage|p2a: Blissey|60\/100\n|\n|-heal|p2a: Blissey|66\/100|[from] item: Leftovers\n|-heal|p1a: Corviknight|94\/100 par|[from] item: Leftovers\n|-sideend|p1: GordonH40|move: Aurora Veil\n|upkeep\n|turn|12\n|\n|t:|1700004725\n|switch|p2a: Cinderace|Cinderace, M|100\/100\n|-damage|p2a: Cinderace|76\/100|[from] Stealth Rock\n|move|p1a: Corviknight|Body Press|p2a: Cinderace\n|-damage|p2a: Cinderace|42\/100\n|\n|-heal|p2a: Cinderace|48\/100|[from] item: Leftovers\n|-heal|p1a: Corviknight|100\/100 par|[from] item: Leftovers\n|upkeep\n|turn|13\n|\n|t:|1700004745\n|move|p2a: Cinderace|Court Change|p2a: Cinderace\n|-start|p2a: Cinderace|typechange|Normal|[from] ability: Libero\n|-swapsideconditions\n|-activate|p2a: Cinderace|move: Court Change\n|move|p1a: Corviknight|Defog|p2a: Cinderace\n|-unboost|p2a: Cinderace|evasion|1\n|-sideend|p1: GordonH40|Stealth Rock|[from] move: Defog|[of] p1a: Corviknight\n|\n|-heal|p2a: Cinderace|54\/100|[from] item: Leftovers\n|upkeep\n|turn|14\n|c|\u2606Turtleboys|rude\n|c|\u2606Turtleboys|i was trying to give them back\n|\n|t:|1700004762\n|move|p2a: Cinderace|Pyro Ball|p1a: Corviknight\n|-supereffective|p1a: Corviknight\n|-damage|p1a: Corviknight|46\/100 par\n|move|p1a: Corviknight|Body Press|p2a: Cinderace\n|-supereffective|p2a: Cinderace\n|-damage|p2a: Cinderace|0 fnt\n|faint|p2a: Cinderace\n|\n|-heal|p1a: Corviknight|53\/100 par|[from] item: Leftovers\n|upkeep\n|c|\u2606GordonH40|didnt want them\n|\n|t:|1700004768\n|switch|p2a: Cloyster|Cloyster, F|100\/100\n|turn|15\n|\n|t:|1700004773\n|move|p2a: Cloyster|Shell Smash|p2a: Cloyster\n|-unboost|p2a: Cloyster|def|1\n|-unboost|p2a: Cloyster|spd|1\n|-boost|p2a: Cloyster|atk|2\n|-boost|p2a: Cloyster|spa|2\n|-boost|p2a: Cloyster|spe|2\n|move|p1a: Corviknight|Body Press|p2a: Cloyster\n|-supereffective|p2a: Cloyster\n|-damage|p2a: Cloyster|41\/100\n|\n|-heal|p1a: Corviknight|59\/100 par|[from] item: Leftovers\n|upkeep\n|turn|16\n|c|\u2606Turtleboys|one para triggger be nice\n|\n|t:|1700004788\n|move|p2a: Cloyster|Icicle Spear|p1a: Corviknight\n|-damage|p1a: Corviknight|47\/100 par\n|-damage|p1a: Corviknight|36\/100 par\n|-damage|p1a: Corviknight|24\/100 par\n|-damage|p1a: Corviknight|12\/100 par\n|-damage|p1a: Corviknight|1\/100 par\n|-hitcount|p1a: Corviknight|5\n|move|p1a: Corviknight|Body Press|p2a: Cloyster\n|-supereffective|p2a: Cloyster\n|-damage|p2a: Cloyster|0 fnt\n|faint|p2a: Cloyster\n|\n|-heal|p1a: Corviknight|7\/100 par|[from] item: Leftovers\n|upkeep\n|c|\u2606GordonH40|no way\n|c|\u2606Turtleboys|ok this is uncalled for\n|\n|t:|1700004807\n|switch|p2a: Quaquaval|Quaquaval, M|100\/100\n|turn|17\n|\n|t:|1700004814\n|switch|p1a: Ninetales|Ninetales-Alola, F|50\/100\n|-weather|Snow|[from] ability: Snow Warning|[of] p1a: Ninetales\n|move|p2a: Quaquaval|Swords Dance|p2a: Quaquaval\n|-boost|p2a: Quaquaval|atk|2\n|\n|-weather|Snow|[upkeep]\n|upkeep\n|turn|18\n|\n|t:|1700004826\n|move|p1a: Ninetales|Aurora Veil|p1a: Ninetales\n|-sidestart|p1: GordonH40|move: Aurora Veil\n|move|p2a: Quaquaval|Aqua Step|p1a: Ninetales\n|-damage|p1a: Ninetales|7\/100\n|-boost|p2a: Quaquaval|spe|1\n|-damage|p2a: Quaquaval|91\/100|[from] item: Life Orb\n|\n|-weather|Snow|[upkeep]\n|upkeep\n|turn|19\n|\n|t:|1700004834\n|move|p2a: Quaquaval|Aqua Step|p1a: Ninetales\n|-damage|p1a: Ninetales|0 fnt\n|-boost|p2a: Quaquaval|spe|1\n|faint|p1a: Ninetales\n|-ability|p2a: Quaquaval|Moxie|boost\n|-boost|p2a: Quaquaval|atk|1\n|-damage|p2a: Quaquaval|81\/100|[from] item: Life Orb\n|\n|-weather|Snow|[upkeep]\n|upkeep\n|\n|t:|1700004842\n|switch|p1a: Ting-Lu|Ting-Lu|87\/100\n|-ability|p1a: Ting-Lu|Vessel of Ruin\n|turn|20\n|\n|t:|1700004847\n|move|p2a: Quaquaval|Aqua Step|p1a: Ting-Lu\n|-supereffective|p1a: Ting-Lu\n|-damage|p1a: Ting-Lu|13\/100\n|-boost|p2a: Quaquaval|spe|1\n|-damage|p2a: Quaquaval|71\/100|[from] item: Life Orb\n|move|p1a: Ting-Lu|Whirlwind|p2a: Quaquaval\n|drag|p2a: Iron Bundle|Iron Bundle|100\/100\n|-enditem|p2a: Iron Bundle|Booster Energy\n|-activate|p2a: Iron Bundle|ability: Quark Drive|[fromitem]\n|-start|p2a: Iron Bundle|quarkdrivespa\n|\n|-weather|Snow|[upkeep]\n|-heal|p1a: Ting-Lu|19\/100|[from] item: Leftovers\n|upkeep\n|turn|21\n|\n|t:|1700004863\n|switch|p1a: Corviknight|Corviknight, M|7\/100 par\n|-ability|p1a: Corviknight|Pressure\n|move|p2a: Iron Bundle|Freeze-Dry|p1a: Corviknight\n|-damage|p1a: Corviknight|0 fnt\n|faint|p1a: Corviknight\n|\n|-weather|none\n|upkeep\n|\n|t:|1700004871\n|switch|p1a: Dragapult|Dragapult, F|100\/100\n|turn|22\n|\n|t:|1700004880\n|move|p2a: Iron Bundle|Protect|p2a: Iron Bundle\n|-singleturn|p2a: Iron Bundle|Protect\n|move|p1a: Dragapult|Draco Meteor|p2a: Iron Bundle\n|-activate|p2a: Iron Bundle|move: Protect\n|\n|upkeep\n|turn|23\n|\n|t:|1700004888\n|-end|p2a: Iron Bundle|Quark Drive|[silent]\n|switch|p2a: Blissey|Blissey, F|66\/100\n|move|p1a: Dragapult|Draco Meteor|p2a: Blissey\n|-damage|p2a: Blissey|37\/100\n|-unboost|p1a: Dragapult|spa|2\n|\n|-heal|p2a: Blissey|43\/100|[from] item: Leftovers\n|upkeep\n|turn|24\n|\n|t:|1700004900\n|switch|p1a: Ogerpon|Ogerpon-Wellspring, F|100\/100\n|move|p2a: Blissey|Thunder Wave|p1a: Ogerpon\n|-status|p1a: Ogerpon|par\n|\n|-heal|p2a: Blissey|49\/100|[from] item: Leftovers\n|upkeep\n|turn|25\n|\n|t:|1700004906\n|switch|p2a: Iron Bundle|Iron Bundle|100\/100\n|cant|p1a: Ogerpon|par\n|\n|-sideend|p1: GordonH40|move: Aurora Veil\n|upkeep\n|turn|26\n|c|\u2606Turtleboys|FINALLY\n|c|\u2606Turtleboys|i just wanted one trigger sheesh\n|\n|t:|1700004921\n|switch|p1a: Ting-Lu|Ting-Lu|19\/100\n|-ability|p1a: Ting-Lu|Vessel of Ruin\n|move|p2a: Iron Bundle|Freeze-Dry|p1a: Ting-Lu\n|-supereffective|p1a: Ting-Lu\n|-damage|p1a: Ting-Lu|0 fnt\n|faint|p1a: Ting-Lu\n|\n|upkeep\n|\n|t:|1700004929\n|switch|p1a: Dragapult|Dragapult, F|100\/100\n|turn|27\n|\n|t:|1700004937\n|move|p2a: Iron Bundle|Protect|p2a: Iron Bundle\n|-singleturn|p2a: Iron Bundle|Protect\n|move|p1a: Dragapult|Draco Meteor|p2a: Iron Bundle\n|-activate|p2a: Iron Bundle|move: Protect\n|\n|upkeep\n|turn|28\n|\n|t:|1700004942\n|-end|p2a: Iron Bundle|Quark Drive|[silent]\n|switch|p2a: Blissey|Blissey, F|49\/100\n|move|p1a: Dragapult|Draco Meteor|p2a: Blissey\n|-damage|p2a: Blissey|17\/100\n|-unboost|p1a: Dragapult|spa|2\n|\n|-heal|p2a: Blissey|24\/100|[from] item: Leftovers\n|upkeep\n|turn|29\n|\n|t:|1700004950\n|switch|p1a: Ogerpon|Ogerpon-Wellspring, F|100\/100 par\n|move|p2a: Blissey|Soft-Boiled|p2a: Blissey\n|-heal|p2a: Blissey|74\/100\n|\n|-heal|p2a: Blissey|80\/100|[from] item: Leftovers\n|upkeep\n|turn|30\n|\n|t:|1700004960\n|switch|p2a: Iron Bundle|Iron Bundle|100\/100\n|cant|p1a: Ogerpon|par\n|\n|upkeep\n|turn|31\n|c|\u2606Turtleboys|oof\n|c|\u2606GordonH40|that was a knock out\n|c|\u2606Turtleboys|a wee bit\n|\n|t:|1700004977\n|switch|p1a: Dragapult|Dragapult, F|100\/100\n|move|p2a: Iron Bundle|Freeze-Dry|p1a: Dragapult\n|-supereffective|p1a: Dragapult\n|-damage|p1a: Dragapult|0 fnt\n|faint|p1a: Dragapult\n|\n|upkeep\n|\n|t:|1700004983\n|switch|p1a: Ogerpon|Ogerpon-Wellspring, F|100\/100 par\n|turn|32\n|\n|t:|1700004986\n|move|p2a: Iron Bundle|Freeze-Dry|p1a: Ogerpon\n|-supereffective|p1a: Ogerpon\n|-damage|p1a: Ogerpon|0 fnt\n|faint|p1a: Ogerpon\n|\n|win|Turtleboys\n|c|\u2606Turtleboys|gg\n|c|\u2606GordonH40|I should have swept there rip thunder wave\n|c|\u2606Turtleboys|not getting the 8 triggers at the start had me crying tho\n|c|\u2606GordonH40|true\n|l|\u2606GordonH40\n","uploadtime":1700005022,"views":16,"p1id":"gordonh40","p2id":"turtleboys","formatid":"gen9ubers","rating":0,"private":0,"password":""}