{"id":"gen9ubers-1971896461","p1":"DangerLeaderLizana","p2":"Kabunger","format":"[Gen 9] Ubers","log":"|j|\u2606DangerLeaderLizana\n|j|\u2606Kabunger\n|t:|1697788671\n|gametype|singles\n|player|p1|DangerLeaderLizana|101|\n|player|p2|Kabunger|hilda-wonderlauncher|\n|teamsize|p1|6\n|teamsize|p2|6\n|gen|9\n|tier|[Gen 9] Ubers\n|rule|Sleep Clause Mod: Limit one foe put to sleep\n|rule|Species Clause: Limit one of each Pok\u00e9mon\n|rule|OHKO Clause: OHKO moves are banned\n|rule|Evasion Items Clause: Evasion items are banned\n|rule|Evasion Moves Clause: Evasion moves are banned\n|rule|Endless Battle Clause: Forcing endless battles is banned\n|rule|HP Percentage Mod: HP is shown in percentages\n|clearpoke\n|poke|p1|Zacian-*|\n|poke|p1|Giratina|\n|poke|p1|Ursaluna-Bloodmoon, M|\n|poke|p1|Palkia-Origin|\n|poke|p1|Arceus-Poison|\n|poke|p1|Dusknoir, F|\n|poke|p2|Staraptor, F|\n|poke|p2|Samurott-Hisui, M|\n|poke|p2|Mesprit|\n|poke|p2|Basculegion-F, F|\n|poke|p2|Shaymin-Sky|\n|poke|p2|Arceus-Poison|\n|teampreview\n|inactive|Battle timer is ON: inactive players will automatically lose when time's up. (requested by DangerLeaderLizana)\n|\n|t:|1697788675\n|start\n|switch|p1a: Dusknoir|Dusknoir, F|100\/100\n|switch|p2a: Arceus|Arceus-Poison|100\/100\n|-item|p2a: Arceus|Toxic Plate|[from] ability: Frisk|[of] p1a: Dusknoir|[identify]\n|turn|1\n|\n|t:|1697788680\n|move|p2a: Arceus|Stealth Rock|p1a: Dusknoir\n|-sidestart|p1: DangerLeaderLizana|move: Stealth Rock\n|move|p1a: Dusknoir|Will-O-Wisp|p2a: Arceus\n|-status|p2a: Arceus|brn\n|\n|-damage|p2a: Arceus|94\/100 brn|[from] brn\n|-damage|p1a: Dusknoir|88\/100|[from] item: Sticky Barb\n|upkeep\n|turn|2\n|\n|t:|1697788682\n|switch|p1a: Giratina|Giratina|100\/100\n|-damage|p1a: Giratina|88\/100|[from] Stealth Rock\n|-ability|p1a: Giratina|Pressure\n|move|p2a: Arceus|Thunder Wave|p1a: Giratina\n|-status|p1a: Giratina|par\n|\n|-heal|p1a: Giratina|94\/100 par|[from] item: Leftovers\n|-damage|p2a: Arceus|88\/100 brn|[from] brn\n|upkeep\n|turn|3\n|\n|t:|1697788688\n|switch|p2a: Samurott|Samurott-Hisui, M|100\/100\n|move|p1a: Giratina|Defog|p2a: Samurott\n|-unboost|p2a: Samurott|evasion|1\n|-sideend|p1: DangerLeaderLizana|Stealth Rock|[from] move: Defog|[of] p1a: Giratina\n|\n|-heal|p1a: Giratina|99\/100 par|[from] item: Leftovers\n|upkeep\n|turn|4\n|\n|t:|1697788691\n|move|p2a: Samurott|Flip Turn|p1a: Giratina\n|-resisted|p1a: Giratina\n|-damage|p1a: Giratina|94\/100 par\n|\n|t:|1697788695\n|switch|p2a: Basculegion|Basculegion-F, F|100\/100|[from] Flip Turn\n|move|p1a: Giratina|Aura Sphere|p2a: Basculegion\n|-immune|p2a: Basculegion\n|\n|-heal|p1a: Giratina|99\/100 par|[from] item: Leftovers\n|upkeep\n|turn|5\n|j| fwuffypetsowo\n|\n|t:|1697788697\n|move|p2a: Basculegion|Flip Turn|p1a: Giratina\n|-resisted|p1a: Giratina\n|-damage|p1a: Giratina|91\/100 par\n|\n|t:|1697788700\n|switch|p2a: Samurott|Samurott-Hisui, M|100\/100|[from] Flip Turn\n|move|p1a: Giratina|Shadow Ball|p2a: Samurott\n|-resisted|p2a: Samurott\n|-damage|p2a: Samurott|75\/100\n|\n|-heal|p1a: Giratina|98\/100 par|[from] item: Leftovers\n|upkeep\n|turn|6\n|\n|t:|1697788704\n|move|p2a: Samurott|Ceaseless Edge|p1a: Giratina\n|-supereffective|p1a: Giratina\n|-damage|p1a: Giratina|58\/100 par\n|-sidestart|p1: DangerLeaderLizana|Spikes\n|move|p1a: Giratina|Shadow Ball|p2a: Samurott\n|-resisted|p2a: Samurott\n|-crit|p2a: Samurott\n|-damage|p2a: Samurott|40\/100\n|\n|-heal|p1a: Giratina|64\/100 par|[from] item: Leftovers\n|upkeep\n|turn|7\n|\n|t:|1697788708\n|move|p2a: Samurott|Ceaseless Edge|p1a: Giratina\n|-supereffective|p1a: Giratina\n|-damage|p1a: Giratina|22\/100 par\n|-sidestart|p1: DangerLeaderLizana|Spikes\n|move|p1a: Giratina|Shadow Ball|p2a: Samurott\n|-resisted|p2a: Samurott\n|-damage|p2a: Samurott|14\/100\n|\n|-heal|p1a: Giratina|28\/100 par|[from] item: Leftovers\n|upkeep\n|turn|8\n|j| Uubers account\n|\n|t:|1697788735\n|move|p2a: Samurott|Ceaseless Edge|p1a: Giratina\n|-supereffective|p1a: Giratina\n|-damage|p1a: Giratina|0 fnt\n|-sidestart|p1: DangerLeaderLizana|Spikes\n|faint|p1a: Giratina\n|\n|upkeep\n|inactive|DangerLeaderLizana has 270 seconds left.\n|\n|t:|1697788748\n|switch|p1a: Palkia|Palkia-Origin|100\/100\n|-damage|p1a: Palkia|76\/100|[from] Spikes\n|-ability|p1a: Palkia|Pressure\n|turn|9\n|\n|t:|1697788751\n|move|p2a: Samurott|Ceaseless Edge|p1a: Palkia\n|-damage|p1a: Palkia|37\/100\n|move|p1a: Palkia|Substitute|p1a: Palkia\n|-start|p1a: Palkia|Substitute\n|-damage|p1a: Palkia|12\/100\n|\n|upkeep\n|turn|10\n|\n|t:|1697788758\n|move|p2a: Samurott|Ceaseless Edge|p1a: Palkia\n|-end|p1a: Palkia|Substitute\n|move|p1a: Palkia|Spacial Rend|p2a: Samurott\n|-damage|p2a: Samurott|0 fnt\n|faint|p2a: Samurott\n|\n|upkeep\n|\n|t:|1697788769\n|switch|p2a: Staraptor|Staraptor, F|100\/100\n|-ability|p2a: Staraptor|Intimidate|boost\n|-unboost|p1a: Palkia|atk|1\n|turn|11\n|\n|t:|1697788772\n|switch|p1a: Dusknoir|Dusknoir, F|88\/100\n|-damage|p1a: Dusknoir|63\/100|[from] Spikes\n|-item|p2a: Staraptor|Choice Scarf|[from] ability: Frisk|[of] p1a: Dusknoir|[identify]\n|move|p2a: Staraptor|U-turn|p1a: Dusknoir\n|-resisted|p1a: Dusknoir\n|-damage|p1a: Dusknoir|55\/100\n|\n|t:|1697788779\n|switch|p2a: Arceus|Arceus-Poison|88\/100 brn|[from] U-turn\n|\n|-damage|p2a: Arceus|82\/100 brn|[from] brn\n|-damage|p1a: Dusknoir|43\/100|[from] item: Sticky Barb\n|upkeep\n|turn|12\n|\n|t:|1697788786\n|move|p2a: Arceus|Stealth Rock|p1a: Dusknoir\n|-sidestart|p1: DangerLeaderLizana|move: Stealth Rock\n|move|p1a: Dusknoir|Pain Split|p2a: Arceus\n|-sethp|p2a: Arceus|56\/100 brn|[from] move: Pain Split|[silent]\n|-sethp|p1a: Dusknoir|79\/100|[from] move: Pain Split\n|\n|-damage|p2a: Arceus|50\/100 brn|[from] brn\n|-damage|p1a: Dusknoir|66\/100|[from] item: Sticky Barb\n|upkeep\n|turn|13\n|\n|t:|1697788791\n|move|p2a: Arceus|Recover|p2a: Arceus\n|-heal|p2a: Arceus|99\/100 brn\n|move|p1a: Dusknoir|Pain Split|p2a: Arceus\n|-sethp|p2a: Arceus|74\/100 brn|[from] move: Pain Split|[silent]\n|-sethp|p1a: Dusknoir|100\/100|[from] move: Pain Split\n|\n|-damage|p2a: Arceus|68\/100 brn|[from] brn\n|-damage|p1a: Dusknoir|88\/100|[from] item: Sticky Barb\n|upkeep\n|turn|14\n|\n|t:|1697788793\n|move|p2a: Arceus|Thunder Wave|p1a: Dusknoir\n|-status|p1a: Dusknoir|par\n|cant|p1a: Dusknoir|par\n|\n|-damage|p2a: Arceus|62\/100 brn|[from] brn\n|-damage|p1a: Dusknoir|76\/100 par|[from] item: Sticky Barb\n|upkeep\n|turn|15\n|\n|t:|1697788797\n|move|p2a: Arceus|Judgment|p1a: Dusknoir\n|-resisted|p1a: Dusknoir\n|-damage|p1a: Dusknoir|61\/100 par\n|move|p1a: Dusknoir|Pain Split|p2a: Arceus\n|-sethp|p2a: Arceus|52\/100 brn|[from] move: Pain Split|[silent]\n|-sethp|p1a: Dusknoir|73\/100 par|[from] move: Pain Split\n|\n|-damage|p2a: Arceus|46\/100 brn|[from] brn\n|-damage|p1a: Dusknoir|61\/100 par|[from] item: Sticky Barb\n|upkeep\n|turn|16\n|\n|t:|1697788804\n|switch|p2a: Shaymin|Shaymin-Sky|100\/100\n|move|p1a: Dusknoir|Pain Split|p2a: Shaymin\n|-sethp|p2a: Shaymin|76\/100|[from] move: Pain Split|[silent]\n|-sethp|p1a: Dusknoir|89\/100 par|[from] move: Pain Split\n|\n|-damage|p1a: Dusknoir|76\/100 par|[from] item: Sticky Barb\n|upkeep\n|turn|17\n|\n|t:|1697788808\n|move|p2a: Shaymin|Air Slash|p1a: Dusknoir\n|-damage|p1a: Dusknoir|53\/100 par\n|cant|p1a: Dusknoir|flinch\n|\n|-damage|p1a: Dusknoir|41\/100 par|[from] item: Sticky Barb\n|upkeep\n|turn|18\n|\n|t:|1697788810\n|move|p2a: Shaymin|Air Slash|p1a: Dusknoir\n|-damage|p1a: Dusknoir|14\/100 par\n|cant|p1a: Dusknoir|flinch\n|\n|-damage|p1a: Dusknoir|2\/100 par|[from] item: Sticky Barb\n|upkeep\n|turn|19\n|\n|t:|1697788814\n|move|p2a: Shaymin|Air Slash|p1a: Dusknoir\n|-damage|p1a: Dusknoir|0 fnt\n|faint|p1a: Dusknoir\n|\n|upkeep\n|\n|t:|1697788817\n|switch|p1a: Zacian|Zacian|100\/100\n|-ability|p1a: Zacian|Intrepid Sword|boost\n|-boost|p1a: Zacian|atk|1\n|turn|20\n|\n|t:|1697788824\n|move|p2a: Shaymin|Air Slash|p1a: Zacian\n|-crit|p1a: Zacian\n|-damage|p1a: Zacian|50\/100\n|cant|p1a: Zacian|flinch\n|\n|upkeep\n|turn|21\n|\n|t:|1697788829\n|move|p2a: Shaymin|Air Slash|p1a: Zacian\n|-damage|p1a: Zacian|15\/100\n|cant|p1a: Zacian|flinch\n|\n|upkeep\n|turn|22\n|\n|t:|1697788834\n|move|p2a: Shaymin|Air Slash|p1a: Zacian\n|-damage|p1a: Zacian|0 fnt\n|faint|p1a: Zacian\n|\n|upkeep\n|\n|t:|1697788837\n|switch|p1a: Arceus|Arceus-Poison|100\/100\n|-damage|p1a: Arceus|76\/100|[from] Spikes\n|-damage|p1a: Arceus|63\/100|[from] Stealth Rock\n|turn|23\n|\n|t:|1697788845\n|move|p2a: Shaymin|Air Slash|p1a: Arceus\n|-damage|p1a: Arceus|32\/100\n|move|p1a: Arceus|Judgment|p2a: Shaymin\n|-supereffective|p2a: Shaymin\n|-damage|p2a: Shaymin|0 fnt\n|faint|p2a: Shaymin\n|\n|upkeep\n|\n|t:|1697788848\n|switch|p2a: Staraptor|Staraptor, F|100\/100\n|-ability|p2a: Staraptor|Intimidate|boost\n|-unboost|p1a: Arceus|atk|1\n|turn|24\n|c| Uubers account|4 fucking flinches\n|\n|t:|1697788852\n|move|p2a: Staraptor|Final Gambit|p1a: Arceus\n|-damage|p1a: Arceus|0 fnt\n|faint|p2a: Staraptor\n|faint|p1a: Arceus\n|\n|upkeep\n|\n|t:|1697788855\n|switch|p1a: Ursaluna|Ursaluna-Bloodmoon, M|100\/100\n|switch|p2a: Mesprit|Mesprit|100\/100\n|-damage|p1a: Ursaluna|76\/100|[from] Spikes\n|-damage|p1a: Ursaluna|70\/100|[from] Stealth Rock\n|turn|25\n|\n|t:|1697788860\n|move|p2a: Mesprit|Copycat|p2a: Mesprit\n|move|p2a: Mesprit|Final Gambit|p1a: Ursaluna|[from]move: Copycat\n|-damage|p1a: Ursaluna|0 fnt\n|faint|p2a: Mesprit\n|faint|p1a: Ursaluna\n|\n|upkeep\n|\n|t:|1697788864\n|switch|p2a: Basculegion|Basculegion-F, F|100\/100\n|switch|p1a: Palkia|Palkia-Origin|12\/100\n|-damage|p1a: Palkia|0 fnt|[from] Spikes\n|faint|p1a: Palkia\n|\n|win|Kabunger\n|l|\u2606DangerLeaderLizana\n","uploadtime":1697788880,"views":17,"p1id":"dangerleaderlizana","p2id":"kabunger","formatid":"gen9ubers","rating":0,"private":0,"password":""}