{"id":"gen9ubers-1970152204","p1":"fwjlaifwanf","p2":"leonissenbaum","format":"[Gen 9] Ubers","log":"|j|\u2606fwjlaifwanf\n|j|\u2606leonissenbaum\n|t:|1697601979\n|gametype|singles\n|player|p1|fwjlaifwanf|erika-gen1rb|\n|player|p2|leonissenbaum|leon|\n|teamsize|p1|6\n|teamsize|p2|6\n|gen|9\n|tier|[Gen 9] Ubers\n|rule|Sleep Clause Mod: Limit one foe put to sleep\n|rule|Species Clause: Limit one of each Pok\u00e9mon\n|rule|OHKO Clause: OHKO moves are banned\n|rule|Evasion Items Clause: Evasion items are banned\n|rule|Evasion Moves Clause: Evasion moves are banned\n|rule|Endless Battle Clause: Forcing endless battles is banned\n|rule|HP Percentage Mod: HP is shown in percentages\n|clearpoke\n|poke|p1|Klefki, F|\n|poke|p1|Ursaluna-Bloodmoon, M|\n|poke|p1|Dialga|\n|poke|p1|Arceus-Poison|\n|poke|p1|Cresselia, F|\n|poke|p1|Orthworm, M|\n|poke|p2|Giratina|\n|poke|p2|Gliscor, F|\n|poke|p2|Blissey, F|\n|poke|p2|Dondozo, M|\n|poke|p2|Arceus-Dark|\n|poke|p2|Magearna|\n|teampreview\n|inactive|Battle timer is ON: inactive players will automatically lose when time's up. (requested by fwjlaifwanf)\n|c|\u2606fwjlaifwanf|glhf\n|c|\u2606leonissenbaum|yo\n|c|\u2606leonissenbaum|gl\n|\n|t:|1697601997\n|start\n|switch|p1a: Klefki|Klefki, F|100\/100\n|switch|p2a: Magearna|Magearna|100\/100\n|turn|1\n|\n|t:|1697602010\n|move|p1a: Klefki|Spikes|p2a: Magearna\n|-sidestart|p2: leonissenbaum|Spikes\n|move|p2a: Magearna|Spikes|p1a: Klefki\n|-sidestart|p1: fwjlaifwanf|Spikes\n|\n|upkeep\n|turn|2\n|\n|t:|1697602026\n|move|p1a: Klefki|Spikes|p2a: Magearna\n|-sidestart|p2: leonissenbaum|Spikes\n|move|p2a: Magearna|Spikes|p1a: Klefki\n|-sidestart|p1: fwjlaifwanf|Spikes\n|\n|upkeep\n|turn|3\n|\n|t:|1697602028\n|move|p1a: Klefki|Spikes|p2a: Magearna\n|-sidestart|p2: leonissenbaum|Spikes\n|move|p2a: Magearna|Spikes|p1a: Klefki\n|-sidestart|p1: fwjlaifwanf|Spikes\n|\n|upkeep\n|turn|4\n|\n|t:|1697602035\n|move|p1a: Klefki|Switcheroo|p2a: Magearna\n|-activate|p1a: Klefki|move: Trick|[of] p2a: Magearna\n|-item|p2a: Magearna|Lagging Tail|[from] move: Switcheroo\n|-item|p1a: Klefki|Leftovers|[from] move: Switcheroo\n|move|p2a: Magearna|Thunder Wave|p1a: Klefki\n|-status|p1a: Klefki|par\n|\n|upkeep\n|turn|5\n|\n|t:|1697602049\n|switch|p2a: Gliscor|Gliscor, F|100\/100\n|switch|p1a: Dialga|Dialga|100\/100\n|-damage|p1a: Dialga|75\/100|[from] Spikes\n|-ability|p1a: Dialga|Pressure\n|\n|-heal|p1a: Dialga|82\/100|[from] item: Leftovers\n|-status|p2a: Gliscor|tox|[from] item: Toxic Orb\n|upkeep\n|turn|6\n|\n|t:|1697602071\n|move|p2a: Gliscor|Knock Off|p1a: Dialga\n|-damage|p1a: Dialga|65\/100\n|-enditem|p1a: Dialga|Leftovers|[from] move: Knock Off|[of] p2a: Gliscor\n|move|p1a: Dialga|Roar|p2a: Gliscor\n|drag|p2a: Magearna|Magearna|100\/100\n|-damage|p2a: Magearna|75\/100|[from] Spikes\n|\n|upkeep\n|turn|7\n|\n|t:|1697602084\n|move|p1a: Dialga|Fire Blast|p2a: Magearna\n|-supereffective|p2a: Magearna\n|-damage|p2a: Magearna|23\/100\n|move|p2a: Magearna|Thunder Wave|p1a: Dialga\n|-status|p1a: Dialga|par\n|\n|upkeep\n|turn|8\n|inactive|leonissenbaum has 270 seconds left.\n|\n|t:|1697602104\n|move|p1a: Dialga|Draco Meteor|p2a: Magearna\n|-immune|p2a: Magearna\n|move|p2a: Magearna|Draining Kiss|p1a: Dialga\n|-damage|p1a: Dialga|46\/100 par\n|-heal|p2a: Magearna|38\/100|[from] drain|[of] p1a: Dialga\n|\n|upkeep\n|turn|9\n|inactive|leonissenbaum has 270 seconds left.\n|\n|t:|1697602121\n|switch|p2a: Blissey|Blissey, F|100\/100\n|-damage|p2a: Blissey|76\/100|[from] Spikes\n|switch|p1a: Klefki|Klefki, F|100\/100 par\n|-damage|p1a: Klefki|76\/100 par|[from] Spikes\n|\n|-heal|p2a: Blissey|82\/100|[from] item: Leftovers\n|-heal|p1a: Klefki|82\/100 par|[from] item: Leftovers\n|upkeep\n|turn|10\n|inactive|leonissenbaum has 270 seconds left.\n|j| vespyyy\n|\n|t:|1697602149\n|switch|p1a: Dialga|Dialga|46\/100 par\n|-damage|p1a: Dialga|21\/100 par|[from] Spikes\n|-ability|p1a: Dialga|Pressure\n|move|p2a: Blissey|Stealth Rock|p1a: Dialga\n|-sidestart|p1: fwjlaifwanf|move: Stealth Rock\n|\n|-heal|p2a: Blissey|88\/100|[from] item: Leftovers\n|upkeep\n|turn|11\n|\n|t:|1697602159\n|move|p2a: Blissey|Seismic Toss|p1a: Dialga\n|-damage|p1a: Dialga|0 fnt\n|faint|p1a: Dialga\n|\n|-heal|p2a: Blissey|94\/100|[from] item: Leftovers\n|upkeep\n|j| Kodiak3b\n|inactive|fwjlaifwanf has 270 seconds left.\n|\n|t:|1697602179\n|switch|p1a: Orthworm|Orthworm, M|100\/100\n|-damage|p1a: Orthworm|76\/100|[from] Spikes\n|-damage|p1a: Orthworm|70\/100|[from] Stealth Rock\n|turn|12\n|\n|t:|1697602189\n|move|p1a: Orthworm|Body Press|p2a: Blissey\n|-supereffective|p2a: Blissey\n|-damage|p2a: Blissey|26\/100\n|move|p2a: Blissey|Seismic Toss|p1a: Orthworm\n|-damage|p1a: Orthworm|40\/100\n|-enditem|p1a: Orthworm|Sitrus Berry|[eat]\n|-heal|p1a: Orthworm|65\/100|[from] item: Sitrus Berry\n|\n|-heal|p2a: Blissey|32\/100|[from] item: Leftovers\n|upkeep\n|turn|13\n|inactive|leonissenbaum has 270 seconds left.\n|c| Kodiak3b|one of yall wanna run one or two after?\n|\n|t:|1697602220\n|-terastallize|p2a: Blissey|Ghost\n|move|p1a: Orthworm|Shed Tail|p1a: Orthworm\n|-start|p1a: Orthworm|Substitute|[from] move: Shed Tail\n|-damage|p1a: Orthworm|15\/100\n|c|\u2606leonissenbaum|sure\n|\n|t:|1697602229\n|switch|p1a: Arceus|Arceus-Poison|100\/100|[from] Shed Tail\n|-damage|p1a: Arceus|75\/100|[from] Spikes\n|-damage|p1a: Arceus|63\/100|[from] Stealth Rock\n|move|p2a: Blissey|Soft-Boiled|p2a: Blissey\n|-heal|p2a: Blissey|82\/100\n|\n|-heal|p2a: Blissey|89\/100|[from] item: Leftovers\n|upkeep\n|turn|14\n|inactive|leonissenbaum has 270 seconds left.\n|\n|t:|1697602243\n|move|p1a: Arceus|Swords Dance|p1a: Arceus\n|-boost|p1a: Arceus|atk|2\n|move|p2a: Blissey|Seismic Toss|p1a: Arceus\n|-end|p1a: Arceus|Substitute\n|\n|-heal|p2a: Blissey|95\/100|[from] item: Leftovers\n|upkeep\n|turn|15\n|\n|t:|1697602252\n|switch|p2a: Dondozo|Dondozo, M|100\/100\n|-damage|p2a: Dondozo|75\/100|[from] Spikes\n|move|p1a: Arceus|Swords Dance|p1a: Arceus\n|-boost|p1a: Arceus|atk|2\n|\n|upkeep\n|turn|16\n|\n|t:|1697602257\n|move|p1a: Arceus|Poison Jab|p2a: Dondozo\n|-damage|p2a: Dondozo|53\/100\n|-damage|p1a: Arceus|46\/100|[from] item: Rocky Helmet|[of] p2a: Dondozo\n|move|p2a: Dondozo|Liquidation|p1a: Arceus\n|-damage|p1a: Arceus|29\/100\n|\n|upkeep\n|turn|17\n|\n|t:|1697602264\n|move|p1a: Arceus|Poison Jab|p2a: Dondozo\n|-damage|p2a: Dondozo|30\/100\n|-damage|p1a: Arceus|12\/100|[from] item: Rocky Helmet|[of] p2a: Dondozo\n|move|p2a: Dondozo|Rest|p2a: Dondozo\n|-status|p2a: Dondozo|slp|[from] move: Rest\n|-heal|p2a: Dondozo|100\/100 slp|[silent]\n|\n|upkeep\n|turn|18\n|\n|t:|1697602272\n|switch|p1a: Klefki|Klefki, F|82\/100 par\n|-damage|p1a: Klefki|57\/100 par|[from] Spikes\n|-damage|p1a: Klefki|51\/100 par|[from] Stealth Rock\n|cant|p2a: Dondozo|slp\n|move|p2a: Dondozo|Sleep Talk|p2a: Dondozo\n|move|p2a: Dondozo|Liquidation|p1a: Klefki|[from]move: Sleep Talk\n|-damage|p1a: Klefki|26\/100 par\n|\n|-heal|p1a: Klefki|32\/100 par|[from] item: Leftovers\n|upkeep\n|turn|19\n|\n|t:|1697602278\n|move|p1a: Klefki|Switcheroo|p2a: Dondozo\n|-activate|p1a: Klefki|move: Trick|[of] p2a: Dondozo\n|-item|p2a: Dondozo|Leftovers|[from] move: Switcheroo\n|-item|p1a: Klefki|Rocky Helmet|[from] move: Switcheroo\n|cant|p2a: Dondozo|slp\n|move|p2a: Dondozo|Sleep Talk|p2a: Dondozo\n|move|p2a: Dondozo|Rest||[from]move: Sleep Talk|[still]\n|-fail|p2a: Dondozo\n|\n|upkeep\n|turn|20\n|\n|t:|1697602289\n|switch|p1a: Arceus|Arceus-Poison|12\/100\n|-damage|p1a: Arceus|0 fnt|[from] Spikes\n|faint|p1a: Arceus\n|-curestatus|p2a: Dondozo|slp|[msg]\n|move|p2a: Dondozo|Liquidation|p1: Arceus|[notarget]\n|-fail|p2a: Dondozo\n|\n|upkeep\n|\n|t:|1697602298\n|switch|p1a: Ursaluna|Ursaluna-Bloodmoon, M|100\/100\n|-damage|p1a: Ursaluna|76\/100|[from] Spikes\n|-damage|p1a: Ursaluna|70\/100|[from] Stealth Rock\n|turn|21\n|\n|t:|1697602308\n|switch|p2a: Gliscor|Gliscor, F|100\/100 tox\n|move|p1a: Ursaluna|Moonlight|p1a: Ursaluna\n|-heal|p1a: Ursaluna|100\/100\n|\n|upkeep\n|turn|22\n|\n|t:|1697602317\n|move|p2a: Gliscor|Toxic|p1a: Ursaluna\n|-status|p1a: Ursaluna|tox\n|move|p1a: Ursaluna|Calm Mind|p1a: Ursaluna\n|-boost|p1a: Ursaluna|spa|1\n|-boost|p1a: Ursaluna|spd|1\n|\n|-damage|p1a: Ursaluna|95\/100 tox|[from] psn\n|upkeep\n|turn|23\n|\n|t:|1697602328\n|switch|p2a: Blissey|Blissey, F, tera:Ghost|95\/100\n|-damage|p2a: Blissey|70\/100|[from] Spikes\n|move|p1a: Ursaluna|Blood Moon|p2a: Blissey\n|-damage|p2a: Blissey|34\/100\n|\n|-heal|p2a: Blissey|40\/100|[from] item: Leftovers\n|-heal|p1a: Ursaluna|100\/100 tox|[from] item: Leftovers\n|-damage|p1a: Ursaluna|89\/100 tox|[from] psn\n|upkeep\n|turn|24\n|\n|t:|1697602338\n|-terastallize|p1a: Ursaluna|Ghost\n|move|p2a: Blissey|Soft-Boiled|p2a: Blissey\n|-heal|p2a: Blissey|91\/100\n|move|p1a: Ursaluna|Calm Mind|p1a: Ursaluna\n|-boost|p1a: Ursaluna|spa|1\n|-boost|p1a: Ursaluna|spd|1\n|\n|-heal|p2a: Blissey|97\/100|[from] item: Leftovers\n|-heal|p1a: Ursaluna|95\/100 tox|[from] item: Leftovers\n|-damage|p1a: Ursaluna|77\/100 tox|[from] psn\n|upkeep\n|turn|25\n|\n|t:|1697602343\n|move|p2a: Blissey|Calm Mind|p2a: Blissey\n|-boost|p2a: Blissey|spa|1\n|-boost|p2a: Blissey|spd|1\n|move|p1a: Ursaluna|Blood Moon|p2a: Blissey\n|-crit|p2a: Blissey\n|-damage|p2a: Blissey|22\/100\n|\n|-heal|p2a: Blissey|28\/100|[from] item: Leftovers\n|-heal|p1a: Ursaluna|83\/100 tox|[from] item: Leftovers\n|-damage|p1a: Ursaluna|59\/100 tox|[from] psn\n|upkeep\n|turn|26\n|\n|t:|1697602351\n|move|p2a: Blissey|Soft-Boiled|p2a: Blissey\n|-heal|p2a: Blissey|79\/100\n|move|p1a: Ursaluna|Focus Blast|p2a: Blissey\n|-crit|p2a: Blissey\n|-damage|p2a: Blissey|35\/100\n|\n|-heal|p2a: Blissey|41\/100|[from] item: Leftovers\n|-heal|p1a: Ursaluna|65\/100 tox|[from] item: Leftovers\n|-damage|p1a: Ursaluna|35\/100 tox|[from] psn\n|upkeep\n|turn|27\n|c|\u2606leonissenbaum|woah 2x crit\n|\n|t:|1697602359\n|move|p2a: Blissey|Soft-Boiled|p2a: Blissey\n|-heal|p2a: Blissey|91\/100\n|move|p1a: Ursaluna|Moonlight|p1a: Ursaluna\n|-heal|p1a: Ursaluna|84\/100 tox\n|\n|-heal|p2a: Blissey|97\/100|[from] item: Leftovers\n|-heal|p1a: Ursaluna|90\/100 tox|[from] item: Leftovers\n|-damage|p1a: Ursaluna|54\/100 tox|[from] psn\n|upkeep\n|turn|28\n|c|\u2606fwjlaifwanf|not enough sadly\n|\n|t:|1697602370\n|switch|p1a: Klefki|Klefki, F|32\/100 par\n|-damage|p1a: Klefki|7\/100 par|[from] Spikes\n|-damage|p1a: Klefki|1\/100 par|[from] Stealth Rock\n|move|p2a: Blissey|Calm Mind|p2a: Blissey\n|-boost|p2a: Blissey|spa|1\n|-boost|p2a: Blissey|spd|1\n|\n|-heal|p2a: Blissey|100\/100|[from] item: Leftovers\n|upkeep\n|turn|29\n|c|\u2606fwjlaifwanf|haha i am not solid against stall\n|c|\u2606leonissenbaum|rip\n|\n|t:|1697602387\n|move|p2a: Blissey|Seismic Toss|p1a: Klefki\n|-damage|p1a: Klefki|0 fnt\n|-damage|p2a: Blissey|84\/100|[from] item: Rocky Helmet|[of] p1a: Klefki\n|faint|p1a: Klefki\n|\n|-heal|p2a: Blissey|90\/100|[from] item: Leftovers\n|upkeep\n|\n|t:|1697602395\n|switch|p1a: Orthworm|Orthworm, M|15\/100\n|-damage|p1a: Orthworm|0 fnt|[from] Spikes\n|faint|p1a: Orthworm\n|\n|t:|1697602398\n|switch|p1a: Ursaluna|Ursaluna-Bloodmoon, M, tera:Ghost|54\/100 tox\n|-damage|p1a: Ursaluna|30\/100 tox|[from] Spikes\n|-damage|p1a: Ursaluna|17\/100 tox|[from] Stealth Rock\n|turn|30\n|\n|t:|1697602404\n|move|p2a: Blissey|Calm Mind|p2a: Blissey\n|-boost|p2a: Blissey|spa|1\n|-boost|p2a: Blissey|spd|1\n|move|p1a: Ursaluna|Moonlight|p1a: Ursaluna\n|-heal|p1a: Ursaluna|67\/100 tox\n|\n|-heal|p2a: Blissey|96\/100|[from] item: Leftovers\n|-heal|p1a: Ursaluna|73\/100 tox|[from] item: Leftovers\n|-damage|p1a: Ursaluna|67\/100 tox|[from] psn\n|upkeep\n|turn|31\n|\n|t:|1697602410\n|move|p2a: Blissey|Calm Mind|p2a: Blissey\n|-boost|p2a: Blissey|spa|1\n|-boost|p2a: Blissey|spd|1\n|move|p1a: Ursaluna|Blood Moon|p2a: Blissey\n|-damage|p2a: Blissey|87\/100\n|\n|-heal|p2a: Blissey|93\/100|[from] item: Leftovers\n|-heal|p1a: Ursaluna|73\/100 tox|[from] item: Leftovers\n|-damage|p1a: Ursaluna|61\/100 tox|[from] psn\n|upkeep\n|turn|32\n|c|\u2606fwjlaifwanf|;-;\n|j| Insect Glaive MAlN\n|\n|t:|1697602427\n|switch|p1a: Cresselia|Cresselia, F|100\/100\n|-damage|p1a: Cresselia|88\/100|[from] Stealth Rock\n|move|p2a: Blissey|Calm Mind|p2a: Blissey\n|-boost|p2a: Blissey|spa|1\n|-boost|p2a: Blissey|spd|1\n|\n|-heal|p1a: Cresselia|94\/100|[from] item: Leftovers\n|-heal|p2a: Blissey|99\/100|[from] item: Leftovers\n|upkeep\n|turn|33\n|\n|t:|1697602439\n|move|p1a: Cresselia|Calm Mind|p1a: Cresselia\n|-boost|p1a: Cresselia|spa|1\n|-boost|p1a: Cresselia|spd|1\n|move|p2a: Blissey|Seismic Toss|p1a: Cresselia\n|-damage|p1a: Cresselia|72\/100\n|\n|-heal|p1a: Cresselia|78\/100|[from] item: Leftovers\n|-heal|p2a: Blissey|100\/100|[from] item: Leftovers\n|upkeep\n|turn|34\n|\n|t:|1697602443\n|move|p1a: Cresselia|Calm Mind|p1a: Cresselia\n|-boost|p1a: Cresselia|spa|1\n|-boost|p1a: Cresselia|spd|1\n|move|p2a: Blissey|Seismic Toss|p1a: Cresselia\n|-damage|p1a: Cresselia|55\/100\n|\n|-heal|p1a: Cresselia|61\/100|[from] item: Leftovers\n|upkeep\n|turn|35\n|\n|t:|1697602448\n|move|p1a: Cresselia|Calm Mind|p1a: Cresselia\n|-boost|p1a: Cresselia|spa|1\n|-boost|p1a: Cresselia|spd|1\n|move|p2a: Blissey|Seismic Toss|p1a: Cresselia\n|-damage|p1a: Cresselia|39\/100\n|\n|-heal|p1a: Cresselia|45\/100|[from] item: Leftovers\n|upkeep\n|turn|36\n|\n|t:|1697602451\n|move|p1a: Cresselia|Moonlight|p1a: Cresselia\n|-heal|p1a: Cresselia|95\/100\n|move|p2a: Blissey|Seismic Toss|p1a: Cresselia\n|-damage|p1a: Cresselia|72\/100\n|\n|-heal|p1a: Cresselia|78\/100|[from] item: Leftovers\n|upkeep\n|turn|37\n|\n|t:|1697602461\n|switch|p2a: Gliscor|Gliscor, F|100\/100 tox\n|move|p1a: Cresselia|Calm Mind|p1a: Cresselia\n|-boost|p1a: Cresselia|spa|1\n|-boost|p1a: Cresselia|spd|1\n|\n|-heal|p1a: Cresselia|85\/100|[from] item: Leftovers\n|upkeep\n|turn|38\n|\n|t:|1697602464\n|move|p2a: Gliscor|Toxic|p1a: Cresselia\n|-status|p1a: Cresselia|tox\n|move|p1a: Cresselia|Stored Power|p2a: Gliscor\n|-damage|p2a: Gliscor|0 fnt\n|faint|p2a: Gliscor\n|\n|-heal|p1a: Cresselia|91\/100 tox|[from] item: Leftovers\n|-damage|p1a: Cresselia|85\/100 tox|[from] psn\n|upkeep\n|\n|t:|1697602471\n|switch|p2a: Arceus|Arceus-Dark|100\/100\n|-damage|p2a: Arceus|76\/100|[from] Spikes\n|turn|39\n|l| Insect Glaive MAlN\n|j| Insect Glaive MAlN\n|\n|t:|1697602490\n|switch|p1a: Ursaluna|Ursaluna-Bloodmoon, M, tera:Ghost|61\/100 tox\n|-damage|p1a: Ursaluna|36\/100 tox|[from] Spikes\n|-damage|p1a: Ursaluna|24\/100 tox|[from] Stealth Rock\n|move|p2a: Arceus|Cosmic Power|p2a: Arceus\n|-boost|p2a: Arceus|def|1\n|-boost|p2a: Arceus|spd|1\n|\n|-heal|p1a: Ursaluna|30\/100 tox|[from] item: Leftovers\n|-damage|p1a: Ursaluna|24\/100 tox|[from] psn\n|upkeep\n|turn|40\n|\n|t:|1697602501\n|move|p2a: Arceus|Judgment|p1a: Ursaluna\n|-supereffective|p1a: Ursaluna\n|-damage|p1a: Ursaluna|0 fnt\n|faint|p1a: Ursaluna\n|\n|upkeep\n|\n|t:|1697602504\n|switch|p1a: Cresselia|Cresselia, F|85\/100 tox\n|-damage|p1a: Cresselia|72\/100 tox|[from] Stealth Rock\n|turn|41\n|c|\u2606fwjlaifwanf|ggs\n|c|\u2606leonissenbaum|gg\n|c|\u2606fwjlaifwanf|ill play u again later if youre still on id love to try out a dif team\n|-message|fwjlaifwanf forfeited.\n|\n|win|leonissenbaum\n|c|\u2606leonissenbaum|sounds good\n|l| Insect Glaive MAlN\n","uploadtime":1697602526,"views":46,"p1id":"fwjlaifwanf","p2id":"leonissenbaum","formatid":"gen9ubers","rating":0,"private":0,"password":""}