{"id":"gen9ubers-1971488413","p1":"1P1o1s1h1e1","p2":"Lord Femboy","format":"[Gen 9] Ubers","log":"|j|\u26061P1o1s1h1e1\n|j|\u2606Lord Femboy\n|t:|1697742447\n|gametype|singles\n|player|p1|1P1o1s1h1e1|hooligans|\n|player|p2|Lord Femboy|acetrainer|\n|teamsize|p1|6\n|teamsize|p2|6\n|gen|9\n|tier|[Gen 9] Ubers\n|rule|Sleep Clause Mod: Limit one foe put to sleep\n|rule|Species Clause: Limit one of each Pok\u00e9mon\n|rule|OHKO Clause: OHKO moves are banned\n|rule|Evasion Items Clause: Evasion items are banned\n|rule|Evasion Moves Clause: Evasion moves are banned\n|rule|Endless Battle Clause: Forcing endless battles is banned\n|rule|HP Percentage Mod: HP is shown in percentages\n|clearpoke\n|poke|p1|Arceus-Rock|\n|poke|p1|Hippowdon, F|\n|poke|p1|Garchomp, F|\n|poke|p1|Magearna|\n|poke|p1|Houndstone, M|\n|poke|p1|Cyclizar, M|\n|poke|p2|Torterra, M|\n|poke|p2|Cyclizar, M|\n|poke|p2|Magearna-Original|\n|poke|p2|Moltres|\n|poke|p2|Blissey, F|\n|poke|p2|Dialga|\n|teampreview\n|c|\u2606Lord Femboy|glhf\n|c|\u26061P1o1s1h1e1|u2\n|\n|t:|1697742481\n|start\n|switch|p1a: Hippowdon|Hippowdon, F|100\/100\n|switch|p2a: Moltres|Moltres, shiny|100\/100\n|-weather|Sandstorm|[from] ability: Sand Stream|[of] p1a: Hippowdon\n|turn|1\n|\n|t:|1697742518\n|move|p2a: Moltres|Will-O-Wisp|p1a: Hippowdon\n|-status|p1a: Hippowdon|brn\n|move|p1a: Hippowdon|Stealth Rock|p2a: Moltres\n|-sidestart|p2: Lord Femboy|move: Stealth Rock\n|\n|-weather|Sandstorm|[upkeep]\n|-damage|p2a: Moltres|94\/100|[from] Sandstorm\n|-damage|p1a: Hippowdon|94\/100 brn|[from] brn\n|upkeep\n|turn|2\n|\n|t:|1697742539\n|move|p2a: Moltres|U-turn|p1a: Hippowdon\n|-damage|p1a: Hippowdon|86\/100 brn\n|\n|t:|1697742560\n|switch|p2a: Dialga|Dialga|100\/100|[from] U-turn\n|-damage|p2a: Dialga|94\/100|[from] Stealth Rock\n|-ability|p2a: Dialga|Pressure\n|move|p1a: Hippowdon|Whirlwind|p2a: Dialga\n|drag|p2a: Moltres|Moltres, shiny|94\/100\n|\n|-weather|Sandstorm|[upkeep]\n|-damage|p2a: Moltres|88\/100|[from] Sandstorm\n|-damage|p1a: Hippowdon|80\/100 brn|[from] brn\n|upkeep\n|turn|3\n|\n|t:|1697742581\n|switch|p1a: Cyclizar|Cyclizar, M|100\/100\n|move|p2a: Moltres|Flamethrower|p1a: Cyclizar\n|-resisted|p1a: Cyclizar\n|-crit|p1a: Cyclizar\n|-damage|p1a: Cyclizar|61\/100\n|\n|-weather|Sandstorm|[upkeep]\n|-damage|p1a: Cyclizar|54\/100|[from] Sandstorm\n|-damage|p2a: Moltres|82\/100|[from] Sandstorm\n|upkeep\n|turn|4\n|\n|t:|1697742590\n|switch|p2a: Dialga|Dialga|94\/100\n|-damage|p2a: Dialga|88\/100|[from] Stealth Rock\n|-ability|p2a: Dialga|Pressure\n|move|p1a: Cyclizar|Shed Tail|p1a: Cyclizar\n|-start|p1a: Cyclizar|Substitute|[from] move: Shed Tail\n|-damage|p1a: Cyclizar|4\/100\n|\n|t:|1697742596\n|switch|p1a: Garchomp|Garchomp, F|100\/100|[from] Shed Tail\n|\n|-weather|Sandstorm|[upkeep]\n|-heal|p2a: Dialga|94\/100|[from] item: Leftovers\n|upkeep\n|turn|5\n|\n|t:|1697742602\n|move|p1a: Garchomp|Earthquake|p2a: Dialga\n|-supereffective|p2a: Dialga\n|-damage|p2a: Dialga|36\/100\n|move|p2a: Dialga|Roar|p1a: Garchomp\n|drag|p1a: Cyclizar|Cyclizar, M|38\/100\n|\n|-weather|Sandstorm|[upkeep]\n|-damage|p1a: Cyclizar|31\/100|[from] Sandstorm\n|-heal|p2a: Dialga|42\/100|[from] item: Leftovers\n|upkeep\n|turn|6\n|\n|t:|1697742612\n|move|p1a: Cyclizar|Taunt|p2a: Dialga\n|-start|p2a: Dialga|move: Taunt\n|move|p2a: Dialga|Draco Meteor|p1a: Cyclizar|[miss]\n|-miss|p2a: Dialga|p1a: Cyclizar\n|\n|-weather|Sandstorm|[upkeep]\n|-damage|p1a: Cyclizar|25\/100|[from] Sandstorm\n|-heal|p2a: Dialga|48\/100|[from] item: Leftovers\n|upkeep\n|turn|7\n|c|\u26061P1o1s1h1e1|damn\n|\n|t:|1697742621\n|switch|p1a: Magearna|Magearna|100\/100\n|move|p2a: Dialga|Draco Meteor|p1a: Magearna\n|-immune|p1a: Magearna\n|\n|-weather|Sandstorm|[upkeep]\n|-heal|p2a: Dialga|54\/100|[from] item: Leftovers\n|upkeep\n|turn|8\n|\n|t:|1697742626\n|switch|p2a: Blissey|Blissey, F, shiny|100\/100\n|move|p1a: Magearna|Thunder Wave|p2a: Blissey\n|-status|p2a: Blissey|par\n|\n|-weather|none\n|upkeep\n|turn|9\n|\n|t:|1697742664\n|switch|p1a: Arceus|Arceus-Rock|100\/100\n|move|p2a: Blissey|Seismic Toss|p1a: Arceus\n|-damage|p1a: Arceus|78\/100\n|\n|upkeep\n|turn|10\n|\n|t:|1697742672\n|move|p1a: Arceus|Calm Mind|p1a: Arceus\n|-boost|p1a: Arceus|spa|1\n|-boost|p1a: Arceus|spd|1\n|move|p2a: Blissey|Calm Mind|p2a: Blissey\n|-boost|p2a: Blissey|spa|1\n|-boost|p2a: Blissey|spd|1\n|\n|upkeep\n|turn|11\n|\n|t:|1697742680\n|switch|p1a: Cyclizar|Cyclizar, M|59\/100\n|move|p2a: Blissey|Thunder Wave|p1a: Cyclizar\n|-status|p1a: Cyclizar|par\n|\n|upkeep\n|turn|12\n|\n|t:|1697742689\n|switch|p1a: Hippowdon|Hippowdon, F|80\/100 brn\n|-weather|Sandstorm|[from] ability: Sand Stream|[of] p1a: Hippowdon\n|-curestatus|p2a: Blissey|par|[from] ability: Natural Cure\n|switch|p2a: Dialga|Dialga|54\/100\n|-damage|p2a: Dialga|48\/100|[from] Stealth Rock\n|-ability|p2a: Dialga|Pressure\n|\n|-weather|Sandstorm|[upkeep]\n|-heal|p2a: Dialga|54\/100|[from] item: Leftovers\n|-damage|p1a: Hippowdon|74\/100 brn|[from] brn\n|upkeep\n|turn|13\n|\n|t:|1697742696\n|move|p2a: Dialga|Draco Meteor|p1a: Hippowdon\n|-damage|p1a: Hippowdon|3\/100 brn\n|-unboost|p2a: Dialga|spa|2\n|move|p1a: Hippowdon|Slack Off|p1a: Hippowdon\n|-heal|p1a: Hippowdon|53\/100 brn\n|\n|-weather|Sandstorm|[upkeep]\n|-heal|p2a: Dialga|61\/100|[from] item: Leftovers\n|-damage|p1a: Hippowdon|47\/100 brn|[from] brn\n|upkeep\n|turn|14\n|\n|t:|1697742705\n|move|p2a: Dialga|Stealth Rock|p1a: Hippowdon\n|-sidestart|p1: 1P1o1s1h1e1|move: Stealth Rock\n|move|p1a: Hippowdon|Slack Off|p1a: Hippowdon\n|-heal|p1a: Hippowdon|97\/100 brn\n|\n|-weather|Sandstorm|[upkeep]\n|-heal|p2a: Dialga|67\/100|[from] item: Leftovers\n|-damage|p1a: Hippowdon|91\/100 brn|[from] brn\n|upkeep\n|turn|15\n|\n|t:|1697742725\n|switch|p2a: Moltres|Moltres, shiny|82\/100\n|move|p1a: Hippowdon|Whirlwind|p2a: Moltres\n|drag|p2a: Blissey|Blissey, F, shiny|100\/100\n|\n|-weather|Sandstorm|[upkeep]\n|-damage|p2a: Blissey|94\/100|[from] Sandstorm\n|-damage|p1a: Hippowdon|85\/100 brn|[from] brn\n|upkeep\n|turn|16\n|\n|t:|1697742741\n|switch|p2a: Moltres|Moltres, shiny|82\/100\n|switch|p1a: Houndstone|Houndstone, M|100\/100\n|-damage|p1a: Houndstone|88\/100|[from] Stealth Rock\n|\n|-weather|Sandstorm|[upkeep]\n|-damage|p2a: Moltres|76\/100|[from] Sandstorm\n|upkeep\n|turn|17\n|\n|t:|1697742765\n|switch|p1a: Cyclizar|Cyclizar, M|92\/100 par\n|switch|p2a: Dialga|Dialga|67\/100\n|-damage|p2a: Dialga|61\/100|[from] Stealth Rock\n|-ability|p2a: Dialga|Pressure\n|\n|-weather|Sandstorm|[upkeep]\n|-damage|p1a: Cyclizar|86\/100 par|[from] Sandstorm\n|-heal|p2a: Dialga|67\/100|[from] item: Leftovers\n|upkeep\n|turn|18\n|\n|t:|1697742778\n|-terastallize|p1a: Cyclizar|Steel\n|move|p2a: Dialga|Draco Meteor|p1a: Cyclizar\n|-resisted|p1a: Cyclizar\n|-damage|p1a: Cyclizar|42\/100 par\n|-unboost|p2a: Dialga|spa|2\n|move|p1a: Cyclizar|Rapid Spin|p2a: Dialga\n|-resisted|p2a: Dialga\n|-damage|p2a: Dialga|62\/100\n|-boost|p1a: Cyclizar|spe|1\n|-sideend|p1: 1P1o1s1h1e1|Stealth Rock|[from] move: Rapid Spin|[of] p1a: Cyclizar\n|\n|-weather|Sandstorm|[upkeep]\n|-heal|p2a: Dialga|68\/100|[from] item: Leftovers\n|upkeep\n|turn|19\n|\n|t:|1697742792\n|switch|p1a: Magearna|Magearna|100\/100\n|move|p2a: Dialga|Stealth Rock|p1a: Magearna\n|-sidestart|p1: 1P1o1s1h1e1|move: Stealth Rock\n|\n|-weather|none\n|-heal|p2a: Dialga|75\/100|[from] item: Leftovers\n|upkeep\n|turn|20\n|\n|t:|1697742800\n|switch|p2a: Blissey|Blissey, F, shiny|94\/100\n|move|p1a: Magearna|Spikes|p2a: Blissey\n|-sidestart|p2: Lord Femboy|Spikes\n|\n|upkeep\n|turn|21\n|\n|t:|1697742841\n|switch|p1a: Hippowdon|Hippowdon, F|85\/100 brn\n|-damage|p1a: Hippowdon|79\/100 brn|[from] Stealth Rock\n|-weather|Sandstorm|[from] ability: Sand Stream|[of] p1a: Hippowdon\n|switch|p2a: Cyclizar|Cyclizar, M|100\/100\n|\n|-weather|Sandstorm|[upkeep]\n|-damage|p2a: Cyclizar|94\/100|[from] Sandstorm\n|-damage|p1a: Hippowdon|72\/100 brn|[from] brn\n|upkeep\n|turn|22\n|\n|t:|1697742868\n|switch|p1a: Garchomp|Garchomp, F|100\/100\n|-damage|p1a: Garchomp|94\/100|[from] Stealth Rock\n|move|p2a: Cyclizar|Knock Off|p1a: Garchomp\n|-damage|p1a: Garchomp|71\/100\n|-enditem|p1a: Garchomp|Loaded Dice|[from] move: Knock Off|[of] p2a: Cyclizar\n|\n|-weather|Sandstorm|[upkeep]\n|-damage|p2a: Cyclizar|88\/100|[from] Sandstorm\n|upkeep\n|turn|23\n|\n|t:|1697742895\n|switch|p2a: Moltres|Moltres, shiny|76\/100\n|move|p1a: Garchomp|Scale Shot|p2a: Moltres\n|-damage|p2a: Moltres|67\/100\n|-crit|p2a: Moltres\n|-damage|p2a: Moltres|54\/100\n|-damage|p2a: Moltres|44\/100\n|-damage|p2a: Moltres|34\/100\n|-damage|p2a: Moltres|25\/100\n|-hitcount|p2a: Moltres|5\n|-unboost|p1a: Garchomp|def|1\n|-boost|p1a: Garchomp|spe|1\n|\n|-weather|Sandstorm|[upkeep]\n|-damage|p2a: Moltres|19\/100|[from] Sandstorm\n|upkeep\n|turn|24\n|\n|t:|1697742910\n|move|p1a: Garchomp|Scale Shot|p2a: Moltres\n|-damage|p2a: Moltres|10\/100\n|-damage|p2a: Moltres|1\/100\n|-hitcount|p2a: Moltres|2\n|-unboost|p1a: Garchomp|def|1\n|-boost|p1a: Garchomp|spe|1\n|move|p2a: Moltres|Will-O-Wisp|p1a: Garchomp\n|-status|p1a: Garchomp|brn\n|\n|-weather|Sandstorm|[upkeep]\n|-damage|p2a: Moltres|0 fnt|[from] Sandstorm\n|faint|p2a: Moltres\n|-damage|p1a: Garchomp|65\/100 brn|[from] brn\n|upkeep\n|\n|t:|1697742932\n|switch|p2a: Cyclizar|Cyclizar, M|100\/100\n|turn|25\n|\n|t:|1697742942\n|move|p1a: Garchomp|Swords Dance|p1a: Garchomp\n|-boost|p1a: Garchomp|atk|2\n|move|p2a: Cyclizar|Shed Tail|p2a: Cyclizar\n|-start|p2a: Cyclizar|Substitute|[from] move: Shed Tail\n|-damage|p2a: Cyclizar|50\/100\n|\n|t:|1697742946\n|switch|p2a: Magearna|Magearna-Original|100\/100|[from] Shed Tail\n|-damage|p2a: Magearna|94\/100|[from] Stealth Rock\n|-damage|p2a: Magearna|82\/100|[from] Spikes\n|\n|-weather|Sandstorm|[upkeep]\n|-heal|p2a: Magearna|88\/100|[from] item: Leftovers\n|-damage|p1a: Garchomp|59\/100 brn|[from] brn\n|upkeep\n|turn|26\n|\n|t:|1697742955\n|-terastallize|p2a: Magearna|Water\n|move|p1a: Garchomp|Earthquake|p2a: Magearna\n|-end|p2a: Magearna|Substitute\n|move|p2a: Magearna|Shift Gear|p2a: Magearna\n|-boost|p2a: Magearna|spe|2\n|-boost|p2a: Magearna|atk|1\n|\n|-weather|Sandstorm|[upkeep]\n|-damage|p2a: Magearna|82\/100|[from] Sandstorm\n|-heal|p2a: Magearna|88\/100|[from] item: Leftovers\n|-damage|p1a: Garchomp|53\/100 brn|[from] brn\n|upkeep\n|turn|27\n|\n|t:|1697742970\n|move|p1a: Garchomp|Earthquake|p2a: Magearna\n|-damage|p2a: Magearna|52\/100\n|move|p2a: Magearna|Shift Gear|p2a: Magearna\n|-boost|p2a: Magearna|spe|2\n|-boost|p2a: Magearna|atk|1\n|\n|-weather|Sandstorm|[upkeep]\n|-damage|p2a: Magearna|46\/100|[from] Sandstorm\n|-heal|p2a: Magearna|52\/100|[from] item: Leftovers\n|-damage|p1a: Garchomp|46\/100 brn|[from] brn\n|upkeep\n|turn|28\n|\n|t:|1697742991\n|move|p2a: Magearna|Calm Mind|p2a: Magearna\n|-boost|p2a: Magearna|spa|1\n|-boost|p2a: Magearna|spd|1\n|move|p1a: Garchomp|Iron Head|p2a: Magearna\n|-resisted|p2a: Magearna\n|-damage|p2a: Magearna|41\/100\n|\n|-weather|none\n|-heal|p2a: Magearna|47\/100|[from] item: Leftovers\n|-damage|p1a: Garchomp|40\/100 brn|[from] brn\n|upkeep\n|turn|29\n|\n|t:|1697742997\n|switch|p1a: Hippowdon|Hippowdon, F|72\/100 brn\n|-damage|p1a: Hippowdon|66\/100 brn|[from] Stealth Rock\n|-weather|Sandstorm|[from] ability: Sand Stream|[of] p1a: Hippowdon\n|move|p2a: Magearna|Draining Kiss|p1a: Hippowdon\n|-damage|p1a: Hippowdon|33\/100 brn\n|-heal|p2a: Magearna|76\/100|[from] drain|[of] p1a: Hippowdon\n|\n|-weather|Sandstorm|[upkeep]\n|-damage|p2a: Magearna|70\/100|[from] Sandstorm\n|-heal|p2a: Magearna|76\/100|[from] item: Leftovers\n|-damage|p1a: Hippowdon|26\/100 brn|[from] brn\n|upkeep\n|turn|30\n|\n|t:|1697743008\n|switch|p1a: Garchomp|Garchomp, F|40\/100 brn\n|-damage|p1a: Garchomp|34\/100 brn|[from] Stealth Rock\n|move|p2a: Magearna|Draining Kiss|p1a: Garchomp\n|-supereffective|p1a: Garchomp\n|-damage|p1a: Garchomp|0 fnt\n|-heal|p2a: Magearna|100\/100|[from] drain|[of] p1a: Garchomp\n|faint|p1a: Garchomp\n|-ability|p2a: Magearna|Soul-Heart|boost\n|-boost|p2a: Magearna|spa|1\n|\n|-weather|Sandstorm|[upkeep]\n|-damage|p2a: Magearna|94\/100|[from] Sandstorm\n|-heal|p2a: Magearna|100\/100|[from] item: Leftovers\n|upkeep\n|\n|t:|1697743013\n|switch|p1a: Arceus|Arceus-Rock|78\/100\n|-damage|p1a: Arceus|66\/100|[from] Stealth Rock\n|turn|31\n|\n|t:|1697743035\n|move|p2a: Magearna|Stored Power|p1a: Arceus\n|-damage|p1a: Arceus|12\/100\n|move|p1a: Arceus|Recover|p1a: Arceus\n|-heal|p1a: Arceus|62\/100\n|\n|-weather|Sandstorm|[upkeep]\n|-damage|p2a: Magearna|94\/100|[from] Sandstorm\n|-heal|p2a: Magearna|100\/100|[from] item: Leftovers\n|upkeep\n|turn|32\n|\n|t:|1697743040\n|move|p2a: Magearna|Stored Power|p1a: Arceus\n|-damage|p1a: Arceus|11\/100\n|move|p1a: Arceus|Judgment|p2a: Magearna\n|-damage|p2a: Magearna|72\/100\n|\n|-weather|Sandstorm|[upkeep]\n|-damage|p2a: Magearna|66\/100|[from] Sandstorm\n|-heal|p2a: Magearna|72\/100|[from] item: Leftovers\n|upkeep\n|turn|33\n|\n|t:|1697743043\n|move|p2a: Magearna|Stored Power|p1a: Arceus\n|-damage|p1a: Arceus|0 fnt\n|faint|p1a: Arceus\n|-ability|p2a: Magearna|Soul-Heart|boost\n|-boost|p2a: Magearna|spa|1\n|\n|-weather|Sandstorm|[upkeep]\n|-damage|p2a: Magearna|66\/100|[from] Sandstorm\n|-heal|p2a: Magearna|72\/100|[from] item: Leftovers\n|upkeep\n|\n|t:|1697743047\n|switch|p1a: Magearna|Magearna|100\/100\n|-damage|p1a: Magearna|94\/100|[from] Stealth Rock\n|turn|34\n|\n|t:|1697743055\n|move|p2a: Magearna|Stored Power|p1a: Magearna\n|-resisted|p1a: Magearna\n|-damage|p1a: Magearna|47\/100\n|move|p1a: Magearna|Thunder Wave|p2a: Magearna\n|-status|p2a: Magearna|par\n|\n|-weather|Sandstorm|[upkeep]\n|-damage|p2a: Magearna|66\/100 par|[from] Sandstorm\n|-heal|p2a: Magearna|72\/100 par|[from] item: Leftovers\n|-heal|p1a: Magearna|54\/100|[from] item: Leftovers\n|upkeep\n|turn|35\n|\n|t:|1697743062\n|switch|p1a: Hippowdon|Hippowdon, F|26\/100 brn\n|-damage|p1a: Hippowdon|20\/100 brn|[from] Stealth Rock\n|move|p2a: Magearna|Stored Power|p1a: Hippowdon\n|-damage|p1a: Hippowdon|0 fnt\n|faint|p1a: Hippowdon\n|-ability|p2a: Magearna|Soul-Heart|boost\n|-boost|p2a: Magearna|spa|1\n|\n|-weather|Sandstorm|[upkeep]\n|-damage|p2a: Magearna|66\/100 par|[from] Sandstorm\n|-heal|p2a: Magearna|72\/100 par|[from] item: Leftovers\n|upkeep\n|\n|t:|1697743065\n|switch|p1a: Cyclizar|Cyclizar, M, tera:Steel|75\/100 par\n|turn|36\n|\n|t:|1697743084\n|move|p2a: Magearna|Shift Gear|p2a: Magearna\n|-boost|p2a: Magearna|spe|2\n|-boost|p2a: Magearna|atk|1\n|move|p1a: Cyclizar|Knock Off|p2a: Magearna\n|-damage|p2a: Magearna|56\/100 par\n|-enditem|p2a: Magearna|Leftovers|[from] move: Knock Off|[of] p1a: Cyclizar\n|\n|-weather|none\n|upkeep\n|turn|37\n|\n|t:|1697743094\n|move|p2a: Magearna|Shift Gear|p2a: Magearna\n|-boost|p2a: Magearna|spe|0\n|-boost|p2a: Magearna|atk|1\n|cant|p1a: Cyclizar|par\n|\n|upkeep\n|turn|38\n|\n|t:|1697743096\n|move|p2a: Magearna|Draining Kiss|p1a: Cyclizar\n|-resisted|p1a: Cyclizar\n|-crit|p1a: Cyclizar\n|-damage|p1a: Cyclizar|8\/100 par\n|-heal|p2a: Magearna|100\/100 par|[from] drain|[of] p1a: Cyclizar\n|move|p1a: Cyclizar|Shed Tail|p1a: Cyclizar\n|-fail|p1a: Cyclizar|move: Shed Tail|[weak]\n|\n|upkeep\n|turn|39\n|\n|t:|1697743101\n|move|p2a: Magearna|Draining Kiss|p1a: Cyclizar\n|-resisted|p1a: Cyclizar\n|-damage|p1a: Cyclizar|0 fnt\n|faint|p1a: Cyclizar\n|-ability|p2a: Magearna|Soul-Heart|boost\n|-boost|p2a: Magearna|spa|1\n|\n|upkeep\n|c|\u26061P1o1s1h1e1|damn\n|c|\u26061P1o1s1h1e1|I tailed there\n|\n|t:|1697743107\n|switch|p1a: Houndstone|Houndstone, M|88\/100\n|-damage|p1a: Houndstone|76\/100|[from] Stealth Rock\n|turn|40\n|c|\u2606Lord Femboy|oof\n|\n|t:|1697743116\n|move|p2a: Magearna|Draining Kiss|p1a: Houndstone\n|-damage|p1a: Houndstone|0 fnt\n|faint|p1a: Houndstone\n|-ability|p2a: Magearna|Soul-Heart|boost\n|-boost|p2a: Magearna|spa|1\n|\n|upkeep\n|c|\u26061P1o1s1h1e1|gg\n|c|\u2606Lord Femboy|gg\n|-message|1P1o1s1h1e1 forfeited.\n|\n|win|Lord Femboy\n","uploadtime":1697743149,"views":11,"p1id":"1p1o1s1h1e1","p2id":"lordfemboy","formatid":"gen9ubers","rating":0,"private":0,"password":""}