{"id":"gen9ubers-1997658077","p1":"stockernst","p2":"mango127","format":"[Gen 9] Ubers","log":"|j|\u2606stockernst\n|j|\u2606mango127\n|t:|1700838497\n|gametype|singles\n|player|p1|stockernst|clair|\n|player|p2|mango127|preschooler|\n|teamsize|p1|6\n|teamsize|p2|6\n|gen|9\n|tier|[Gen 9] Ubers\n|rule|Sleep Clause Mod: Limit one foe put to sleep\n|rule|Species Clause: Limit one of each Pok\u00e9mon\n|rule|OHKO Clause: OHKO moves are banned\n|rule|Evasion Items Clause: Evasion items are banned\n|rule|Evasion Moves Clause: Evasion moves are banned\n|rule|Endless Battle Clause: Forcing endless battles is banned\n|rule|HP Percentage Mod: HP is shown in percentages\n|clearpoke\n|poke|p1|Arceus|\n|poke|p1|Miraidon|\n|poke|p1|Flutter Mane|\n|poke|p1|Gliscor, F|\n|poke|p1|Koraidon|\n|poke|p1|Kyogre|\n|poke|p2|Groudon|\n|poke|p2|Quagsire, F|\n|poke|p2|Giratina|\n|poke|p2|Sylveon, F|\n|poke|p2|Gengar, M|\n|poke|p2|Regieleki|\n|teampreview\n|\n|t:|1700838522\n|start\n|switch|p1a: Koraidon|Koraidon|100\/100\n|switch|p2a: Sylveon|Sylveon, F|100\/100\n|-weather|SunnyDay|[from] ability: Orichalcum Pulse|[of] p1a: Koraidon\n|-activate|p1a: Koraidon|Orichalcum Pulse|[source]\n|turn|1\n|\n|t:|1700838531\n|-terastallize|p1a: Koraidon|Fire\n|move|p1a: Koraidon|Flare Blitz|p2a: Sylveon\n|-damage|p2a: Sylveon|0 fnt\n|faint|p2a: Sylveon\n|-damage|p1a: Koraidon|68\/100|[from] Recoil\n|\n|-weather|SunnyDay|[upkeep]\n|upkeep\n|\n|t:|1700838542\n|switch|p2a: Quagsire|Quagsire, F|100\/100\n|turn|2\n|\n|t:|1700838547\n|move|p1a: Koraidon|Flare Blitz|p2a: Quagsire\n|-resisted|p2a: Quagsire\n|-damage|p2a: Quagsire|30\/100\n|-damage|p1a: Koraidon|46\/100|[from] Recoil\n|move|p2a: Quagsire|Aqua Tail|p1a: Koraidon\n|-supereffective|p1a: Koraidon\n|-damage|p1a: Koraidon|23\/100\n|\n|-weather|SunnyDay|[upkeep]\n|upkeep\n|turn|3\n|\n|t:|1700838565\n|switch|p2a: Gengar|Gengar, M|100\/100\n|move|p1a: Koraidon|Flare Blitz|p2a: Gengar\n|-damage|p2a: Gengar|0 fnt\n|faint|p2a: Gengar\n|-damage|p1a: Koraidon|0 fnt|[from] Recoil\n|faint|p1a: Koraidon\n|\n|-weather|SunnyDay|[upkeep]\n|upkeep\n|\n|t:|1700838573\n|switch|p1a: Arceus|Arceus|100\/100\n|switch|p2a: Regieleki|Regieleki|100\/100\n|turn|4\n|\n|t:|1700838585\n|move|p1a: Arceus|Extreme Speed|p2a: Regieleki\n|-damage|p2a: Regieleki|0 fnt\n|faint|p2a: Regieleki\n|\n|-weather|SunnyDay|[upkeep]\n|upkeep\n|\n|t:|1700838590\n|switch|p2a: Groudon|Groudon|100\/100\n|turn|5\n|\n|t:|1700838593\n|move|p1a: Arceus|Taunt|p2a: Groudon\n|-start|p2a: Groudon|move: Taunt\n|move|p2a: Groudon|Solar Beam||[still]\n|-prepare|p2a: Groudon|Solar Beam\n|-anim|p2a: Groudon|Solar Beam|p1a: Arceus\n|-damage|p1a: Arceus|76\/100\n|-damage|p2a: Groudon|91\/100|[from] item: Life Orb\n|\n|-weather|none\n|upkeep\n|turn|6\n|\n|t:|1700838601\n|move|p1a: Arceus|Swords Dance|p1a: Arceus\n|-boost|p1a: Arceus|atk|2\n|move|p2a: Groudon|Solar Beam||[still]\n|-prepare|p2a: Groudon|Solar Beam\n|\n|upkeep\n|turn|7\n|\n|t:|1700838603\n|move|p1a: Arceus|Swords Dance|p1a: Arceus\n|-boost|p1a: Arceus|atk|2\n|move|p2a: Groudon|Solar Beam|p1a: Arceus|[from]lockedmove\n|-damage|p1a: Arceus|54\/100\n|-damage|p2a: Groudon|81\/100|[from] item: Life Orb\n|\n|-end|p2a: Groudon|move: Taunt\n|upkeep\n|turn|8\n|\n|t:|1700838607\n|move|p1a: Arceus|Extreme Speed|p2a: Groudon\n|-damage|p2a: Groudon|0 fnt\n|faint|p2a: Groudon\n|\n|upkeep\n|\n|t:|1700838611\n|switch|p2a: Giratina|Giratina|100\/100\n|-ability|p2a: Giratina|Pressure\n|turn|9\n|\n|t:|1700838613\n|move|p1a: Arceus|Shadow Claw|p2a: Giratina\n|-supereffective|p2a: Giratina\n|-damage|p2a: Giratina|0 fnt\n|faint|p2a: Giratina\n|\n|upkeep\n|\n|t:|1700838617\n|switch|p2a: Quagsire|Quagsire, F|30\/100\n|turn|10\n|\n|t:|1700838619\n|move|p1a: Arceus|Extreme Speed|p2a: Quagsire\n|-crit|p2a: Quagsire\n|-damage|p2a: Quagsire|0 fnt\n|faint|p2a: Quagsire\n|\n|win|stockernst\n","uploadtime":1700838623,"views":5,"p1id":"stockernst","p2id":"mango127","formatid":"gen9ubers","rating":0,"private":0,"password":""}