{"id":"gen9ubers-1969258154","p1":"Dragonesque","p2":"konjjj","format":"[Gen 9] Ubers","log":"|j|\u2606Dragonesque\n|j|\u2606konjjj\n|t:|1697506914\n|gametype|singles\n|player|p1|Dragonesque|rocketgruntf|1071\n|player|p2|konjjj|gentleman|1099\n|teamsize|p1|6\n|teamsize|p2|6\n|gen|9\n|tier|[Gen 9] Ubers\n|rated|\n|rule|Sleep Clause Mod: Limit one foe put to sleep\n|rule|Species Clause: Limit one of each Pok\u00e9mon\n|rule|OHKO Clause: OHKO moves are banned\n|rule|Evasion Items Clause: Evasion items are banned\n|rule|Evasion Moves Clause: Evasion moves are banned\n|rule|Endless Battle Clause: Forcing endless battles is banned\n|rule|HP Percentage Mod: HP is shown in percentages\n|clearpoke\n|poke|p1|Koraidon|\n|poke|p1|Chi-Yu|\n|poke|p1|Chien-Pao|\n|poke|p1|Miraidon|\n|poke|p1|Great Tusk|\n|poke|p1|Talonflame, F|\n|poke|p2|Rayquaza|\n|poke|p2|Mewtwo|\n|poke|p2|Miraidon|\n|poke|p2|Koraidon|\n|poke|p2|Arceus|\n|poke|p2|Ribombee, M|\n|teampreview\n|inactive|Battle timer is ON: inactive players will automatically lose when time's up. (requested by konjjj)\n|inactive|Dragonesque also wants the timer to be on.\n|inactive|Dragonesque has 120 seconds left.\n|\n|t:|1697506946\n|start\n|switch|p1a: flep|Talonflame, F|100\/100\n|switch|p2a: Ribombee|Ribombee, M|100\/100\n|turn|1\n|\n|t:|1697506954\n|move|p1a: flep|Flare Blitz|p2a: Ribombee\n|-supereffective|p2a: Ribombee\n|-enditem|p2a: Ribombee|Focus Sash\n|-damage|p2a: Ribombee|1\/100\n|-status|p2a: Ribombee|brn\n|-damage|p1a: flep|64\/100|[from] Recoil\n|move|p2a: Ribombee|Sticky Web|p1a: flep\n|-sidestart|p1: Dragonesque|move: Sticky Web\n|\n|-damage|p2a: Ribombee|0 fnt|[from] brn\n|faint|p2a: Ribombee\n|upkeep\n|\n|t:|1697506975\n|switch|p2a: Mewtwo|Mewtwo|100\/100\n|-ability|p2a: Mewtwo|Unnerve\n|turn|2\n|inactive|Dragonesque has 120 seconds left.\n|\n|t:|1697507009\n|move|p1a: flep|Flare Blitz|p2a: Mewtwo\n|-damage|p2a: Mewtwo|27\/100\n|-status|p2a: Mewtwo|brn\n|-damage|p1a: flep|36\/100|[from] Recoil\n|move|p2a: Mewtwo|Psystrike|p1a: flep\n|-damage|p1a: flep|0 fnt\n|faint|p1a: flep\n|-damage|p2a: Mewtwo|17\/100 brn|[from] item: Life Orb\n|\n|-damage|p2a: Mewtwo|11\/100 brn|[from] brn\n|upkeep\n|inactive|Dragonesque has 120 seconds left.\n|\n|t:|1697507032\n|switch|p1a: mow|Chien-Pao|100\/100\n|-activate|p1a: mow|move: Sticky Web\n|-unboost|p1a: mow|spe|1\n|-ability|p1a: mow|Sword of Ruin\n|turn|3\n|\n|t:|1697507039\n|move|p1a: mow|Sucker Punch||[still]\n|-fail|p1a: mow\n|move|p2a: Mewtwo|Recover|p2a: Mewtwo\n|-heal|p2a: Mewtwo|61\/100 brn\n|\n|-damage|p2a: Mewtwo|55\/100 brn|[from] brn\n|upkeep\n|turn|4\n|\n|t:|1697507049\n|switch|p2a: Koraidon|Koraidon|100\/100\n|-weather|SunnyDay|[from] ability: Orichalcum Pulse|[of] p2a: Koraidon\n|-activate|p2a: Koraidon|Orichalcum Pulse|[source]\n|move|p1a: mow|Sucker Punch||[still]\n|-fail|p1a: mow\n|\n|-weather|SunnyDay|[upkeep]\n|upkeep\n|turn|5\n|inactive|Dragonesque has 120 seconds left.\n|c|\u2606Dragonesque|kill your slef you fugging cnut and ugly hore\n|inactive|Dragonesque has 90 seconds left.\n|\n|t:|1697507091\n|switch|p1a: trample|Great Tusk|100\/100\n|-activate|p1a: trample|move: Sticky Web\n|-unboost|p1a: trample|spe|1\n|-activate|p1a: trample|ability: Protosynthesis\n|-start|p1a: trample|protosynthesisatk\n|move|p2a: Koraidon|Collision Course|p1a: trample\n|-damage|p1a: trample|37\/100\n|\n|-weather|SunnyDay|[upkeep]\n|upkeep\n|turn|6\n|inactive|Dragonesque has 90 seconds left.\n|\n|t:|1697507110\n|move|p2a: Koraidon|Collision Course|p1a: trample\n|-damage|p1a: trample|0 fnt\n|faint|p1a: trample\n|-end|p1a: trample|Protosynthesis|[silent]\n|\n|-weather|SunnyDay|[upkeep]\n|upkeep\n|-message|Dragonesque forfeited.\n|\n|win|konjjj\n|raw|Dragonesque's rating: 1071 &rarr; <strong>1052<\/strong><br \/>(-19 for losing)\n|raw|konjjj's rating: 1099 &rarr; <strong>1122<\/strong><br \/>(+23 for winning)\n|l|\u2606Dragonesque\n","uploadtime":1697507078,"views":5,"p1id":"dragonesque","p2id":"konjjj","formatid":"gen9ubers","rating":1052,"private":0,"password":""}