{"id":"gen9ubers-1969112842","p1":"Sirbelgrave","p2":"JohnLongGone","format":"[Gen 9] Ubers","log":"|j|\u2606Sirbelgrave\n|j|\u2606JohnLongGone\n|t:|1697491118\n|gametype|singles\n|player|p1|Sirbelgrave|plasmagrunt-gen5bw|\n|player|p2|JohnLongGone|caitlin|\n|teamsize|p1|6\n|teamsize|p2|6\n|gen|9\n|tier|[Gen 9] Ubers\n|rule|Sleep Clause Mod: Limit one foe put to sleep\n|rule|Species Clause: Limit one of each Pok\u00e9mon\n|rule|OHKO Clause: OHKO moves are banned\n|rule|Evasion Items Clause: Evasion items are banned\n|rule|Evasion Moves Clause: Evasion moves are banned\n|rule|Endless Battle Clause: Forcing endless battles is banned\n|rule|HP Percentage Mod: HP is shown in percentages\n|clearpoke\n|poke|p1|Grimmsnarl, M|\n|poke|p1|Zacian-*|\n|poke|p1|Palkia-Origin|\n|poke|p1|Arceus-Dark|\n|poke|p1|Cyclizar, M|\n|poke|p1|Magearna|\n|poke|p2|Cyclizar, F|\n|poke|p2|Espathra, M|\n|poke|p2|Arceus-Fire|\n|poke|p2|Ninetales-Alola, F|\n|poke|p2|Gholdengo|\n|poke|p2|Zacian-*|\n|teampreview\n|inactive|Battle timer is ON: inactive players will automatically lose when time's up. (requested by Sirbelgrave)\n|\n|t:|1697491133\n|start\n|switch|p1a: Grimmsnarl|Grimmsnarl, M|100\/100\n|switch|p2a: Ninetales|Ninetales-Alola, F|100\/100\n|-weather|Snow|[from] ability: Snow Warning|[of] p2a: Ninetales\n|turn|1\n|\n|t:|1697491155\n|switch|p2a: Gholdengo|Gholdengo|100\/100\n|move|p1a: Grimmsnarl|Taunt|p2a: Gholdengo\n|-immune|p2a: Gholdengo|[from] ability: Good as Gold\n|\n|-weather|Snow|[upkeep]\n|upkeep\n|turn|2\n|inactive|Sirbelgrave has 270 seconds left.\n|\n|t:|1697491196\n|switch|p1a: Cyclizar|Cyclizar, M|100\/100\n|move|p2a: Gholdengo|Make It Rain|p1a: Cyclizar\n|-damage|p1a: Cyclizar|9\/100\n|-unboost|p2a: Gholdengo|spa|1\n|\n|-weather|Snow|[upkeep]\n|upkeep\n|turn|3\n|\n|t:|1697491207\n|switch|p1a: Arceus|Arceus-Dark|100\/100\n|move|p2a: Gholdengo|Make It Rain|p1a: Arceus\n|-damage|p1a: Arceus|73\/100\n|-unboost|p2a: Gholdengo|spa|1\n|\n|-weather|Snow|[upkeep]\n|upkeep\n|turn|4\n|\n|t:|1697491216\n|switch|p2a: Cyclizar|Cyclizar, F|100\/100\n|move|p1a: Arceus|Judgment|p2a: Cyclizar\n|-damage|p2a: Cyclizar|29\/100\n|\n|-weather|Snow|[upkeep]\n|upkeep\n|turn|5\n|inactive|Sirbelgrave has 270 seconds left.\n|\n|t:|1697491228\n|switch|p2a: Ninetales|Ninetales-Alola, F|100\/100\n|move|p1a: Arceus|Judgment|p2a: Ninetales\n|-resisted|p2a: Ninetales\n|-crit|p2a: Ninetales\n|-damage|p2a: Ninetales|67\/100\n|\n|-weather|none\n|upkeep\n|turn|6\n|\n|t:|1697491236\n|move|p1a: Arceus|Taunt|p2a: Ninetales\n|-start|p2a: Ninetales|move: Taunt\n|cant|p2a: Ninetales|move: Taunt|Hypnosis\n|\n|upkeep\n|turn|7\n|\n|t:|1697491240\n|switch|p2a: Zacian|Zacian|100\/100\n|-ability|p2a: Zacian|Intrepid Sword|boost\n|-boost|p2a: Zacian|atk|1\n|move|p1a: Arceus|Calm Mind|p1a: Arceus\n|-boost|p1a: Arceus|spa|1\n|-boost|p1a: Arceus|spd|1\n|\n|upkeep\n|turn|8\n|\n|t:|1697491257\n|switch|p1a: Cyclizar|Cyclizar, M|42\/100\n|move|p2a: Zacian|Swords Dance|p2a: Zacian\n|-boost|p2a: Zacian|atk|2\n|\n|upkeep\n|turn|9\n|\n|t:|1697491270\n|move|p1a: Cyclizar|Shed Tail|p1a: Cyclizar\n|-fail|p1a: Cyclizar|move: Shed Tail|[weak]\n|move|p2a: Zacian|Crunch|p1a: Cyclizar\n|-damage|p1a: Cyclizar|0 fnt\n|faint|p1a: Cyclizar\n|-damage|p2a: Zacian|91\/100|[from] item: Life Orb\n|\n|upkeep\n|\n|t:|1697491281\n|switch|p1a: Grimmsnarl|Grimmsnarl, M|100\/100\n|turn|10\n|\n|t:|1697491287\n|move|p1a: Grimmsnarl|Reflect|p1a: Grimmsnarl\n|-sidestart|p1: Sirbelgrave|Reflect\n|move|p2a: Zacian|Play Rough|p1a: Grimmsnarl\n|-supereffective|p1a: Grimmsnarl\n|-damage|p1a: Grimmsnarl|0 fnt\n|faint|p1a: Grimmsnarl\n|-damage|p2a: Zacian|81\/100|[from] item: Life Orb\n|\n|upkeep\n|inactive|Sirbelgrave has 270 seconds left.\n|\n|t:|1697491325\n|switch|p1a: Magearna|Magearna|100\/100\n|turn|11\n|inactive|Sirbelgrave has 270 seconds left.\n|\n|t:|1697491340\n|switch|p2a: Arceus|Arceus-Fire|100\/100\n|move|p1a: Magearna|Shift Gear|p1a: Magearna\n|-boost|p1a: Magearna|spe|2\n|-boost|p1a: Magearna|atk|1\n|\n|upkeep\n|turn|12\n|inactive|Sirbelgrave has 270 seconds left.\n|\n|t:|1697491354\n|-terastallize|p1a: Magearna|Water\n|move|p2a: Arceus|Dragon Dance|p2a: Arceus\n|-boost|p2a: Arceus|atk|1\n|-boost|p2a: Arceus|spe|1\n|move|p1a: Magearna|Calm Mind|p1a: Magearna\n|-boost|p1a: Magearna|spa|1\n|-boost|p1a: Magearna|spd|1\n|\n|upkeep\n|turn|13\n|\n|t:|1697491362\n|move|p2a: Arceus|Dragon Dance|p2a: Arceus\n|-boost|p2a: Arceus|atk|1\n|-boost|p2a: Arceus|spe|1\n|move|p1a: Magearna|Stored Power|p2a: Arceus\n|-damage|p2a: Arceus|59\/100\n|\n|upkeep\n|turn|14\n|\n|t:|1697491365\n|move|p2a: Arceus|Earthquake|p1a: Magearna\n|-damage|p1a: Magearna|78\/100\n|move|p1a: Magearna|Draining Kiss|p2a: Arceus\n|-resisted|p2a: Arceus\n|-damage|p2a: Arceus|47\/100\n|-heal|p1a: Magearna|88\/100|[from] drain|[of] p2a: Arceus\n|\n|-heal|p1a: Magearna|94\/100|[from] item: Leftovers\n|upkeep\n|turn|15\n|\n|t:|1697491370\n|move|p2a: Arceus|Recover|p2a: Arceus\n|-heal|p2a: Arceus|97\/100\n|move|p1a: Magearna|Shift Gear|p1a: Magearna\n|-boost|p1a: Magearna|spe|2\n|-boost|p1a: Magearna|atk|1\n|\n|-heal|p1a: Magearna|99\/100|[from] item: Leftovers\n|upkeep\n|turn|16\n|\n|t:|1697491374\n|move|p2a: Arceus|Dragon Dance|p2a: Arceus\n|-boost|p2a: Arceus|atk|1\n|-boost|p2a: Arceus|spe|1\n|move|p1a: Magearna|Calm Mind|p1a: Magearna\n|-boost|p1a: Magearna|spa|1\n|-boost|p1a: Magearna|spd|1\n|\n|-heal|p1a: Magearna|100\/100|[from] item: Leftovers\n|upkeep\n|turn|17\n|\n|t:|1697491376\n|move|p2a: Arceus|Earthquake|p1a: Magearna\n|-damage|p1a: Magearna|75\/100\n|move|p1a: Magearna|Stored Power|p2a: Arceus\n|-damage|p2a: Arceus|0 fnt\n|faint|p2a: Arceus\n|-ability|p1a: Magearna|Soul-Heart|boost\n|-boost|p1a: Magearna|spa|1\n|\n|-heal|p1a: Magearna|81\/100|[from] item: Leftovers\n|-sideend|p1: Sirbelgrave|Reflect\n|upkeep\n|\n|t:|1697491379\n|switch|p2a: Gholdengo|Gholdengo|100\/100\n|turn|18\n|\n|t:|1697491385\n|move|p1a: Magearna|Stored Power|p2a: Gholdengo\n|-resisted|p2a: Gholdengo\n|-damage|p2a: Gholdengo|0 fnt\n|faint|p2a: Gholdengo\n|-ability|p1a: Magearna|Soul-Heart|boost\n|-boost|p1a: Magearna|spa|1\n|\n|-heal|p1a: Magearna|87\/100|[from] item: Leftovers\n|upkeep\n|inactive|JohnLongGone has 270 seconds left.\n|inactive|JohnLongGone has 240 seconds left.\n|-message|JohnLongGone forfeited.\n|\n|win|Sirbelgrave\n|l|\u2606JohnLongGone\n","uploadtime":1697491459,"views":18,"p1id":"sirbelgrave","p2id":"johnlonggone","formatid":"gen9ubers","rating":0,"private":0,"password":""}