{"id":"gen9ubers-1976614422","p1":"Anne Frankkkk","p2":"ceezeec","format":"[Gen 9] Ubers","log":"|j|\u2606Anne Frankkkk\n|j|\u2606ceezeec\n|t:|1698327375\n|gametype|singles\n|player|p1|Anne Frankkkk|101|1133\n|player|p2|ceezeec|169|1000\n|teamsize|p1|6\n|teamsize|p2|6\n|gen|9\n|tier|[Gen 9] Ubers\n|rated|\n|rule|Sleep Clause Mod: Limit one foe put to sleep\n|rule|Species Clause: Limit one of each Pok\u00e9mon\n|rule|OHKO Clause: OHKO moves are banned\n|rule|Evasion Items Clause: Evasion items are banned\n|rule|Evasion Moves Clause: Evasion moves are banned\n|rule|Endless Battle Clause: Forcing endless battles is banned\n|rule|HP Percentage Mod: HP is shown in percentages\n|clearpoke\n|poke|p1|Iron Hands|\n|poke|p1|Kyogre|\n|poke|p1|Chien-Pao|\n|poke|p1|Ribombee, M|\n|poke|p1|Miraidon|\n|poke|p1|Flutter Mane|\n|poke|p2|Okidogi, M|\n|poke|p2|Chien-Pao|\n|poke|p2|Rillaboom, F|\n|poke|p2|Ursaluna-Bloodmoon, M|\n|poke|p2|Urshifu-*, M|\n|poke|p2|Cresselia, F|\n|teampreview\n|inactive|Battle timer is ON: inactive players will automatically lose when time's up. (requested by Anne Frankkkk)\n|\n|t:|1698327380\n|start\n|switch|p1a: Moonblast|Ribombee, M, shiny|100\/100\n|switch|p2a: Ursaluna|Ursaluna-Bloodmoon, M|100\/100\n|turn|1\n|\n|t:|1698327387\n|move|p1a: Moonblast|Sticky Web|p2a: Ursaluna\n|-sidestart|p2: ceezeec|move: Sticky Web\n|move|p2a: Ursaluna|Calm Mind|p2a: Ursaluna\n|-boost|p2a: Ursaluna|spa|1\n|-boost|p2a: Ursaluna|spd|1\n|\n|upkeep\n|turn|2\n|\n|t:|1698327395\n|switch|p1a: Big Boy|Iron Hands, shiny|100\/100\n|move|p2a: Ursaluna|Calm Mind|p2a: Ursaluna\n|-boost|p2a: Ursaluna|spa|1\n|-boost|p2a: Ursaluna|spd|1\n|\n|upkeep\n|turn|3\n|\n|t:|1698327416\n|switch|p2a: Cresselia|Cresselia, F|100\/100\n|move|p1a: Big Boy|Fake Out|p2a: Cresselia\n|-damage|p2a: Cresselia|89\/100\n|\n|-heal|p2a: Cresselia|95\/100|[from] item: Leftovers\n|upkeep\n|turn|4\n|\n|t:|1698327431\n|-end|p1a: Big Boy|Quark Drive|[silent]\n|switch|p1a: Ice Cat|Chien-Pao|100\/100\n|-ability|p1a: Ice Cat|Sword of Ruin\n|move|p2a: Cresselia|Calm Mind|p2a: Cresselia\n|-boost|p2a: Cresselia|spa|1\n|-boost|p2a: Cresselia|spd|1\n|\n|-heal|p2a: Cresselia|100\/100|[from] item: Leftovers\n|upkeep\n|turn|5\n|\n|t:|1698327446\n|-terastallize|p1a: Ice Cat|Flying\n|move|p1a: Ice Cat|Swords Dance|p1a: Ice Cat\n|-boost|p1a: Ice Cat|atk|2\n|move|p2a: Cresselia|Stored Power|p1a: Ice Cat\n|-damage|p1a: Ice Cat|45\/100\n|\n|upkeep\n|turn|6\n|\n|t:|1698327454\n|move|p1a: Ice Cat|Sucker Punch|p2a: Cresselia\n|-supereffective|p2a: Cresselia\n|-damage|p2a: Cresselia|0 fnt\n|faint|p2a: Cresselia\n|-damage|p1a: Ice Cat|35\/100|[from] item: Life Orb\n|\n|upkeep\n|\n|t:|1698327468\n|switch|p2a: Chien-Pao|Chien-Pao|100\/100\n|-ability|p2a: Chien-Pao|Sword of Ruin\n|turn|7\n|\n|t:|1698327474\n|move|p1a: Ice Cat|Sucker Punch|p2a: Chien-Pao\n|-resisted|p2a: Chien-Pao\n|-damage|p2a: Chien-Pao|30\/100\n|-damage|p1a: Ice Cat|25\/100|[from] item: Life Orb\n|move|p2a: Chien-Pao|Icicle Crash|p1a: Ice Cat\n|-supereffective|p1a: Ice Cat\n|-damage|p1a: Ice Cat|0 fnt\n|faint|p1a: Ice Cat\n|\n|upkeep\n|\n|t:|1698327477\n|switch|p1a: Big Boy|Iron Hands, shiny|100\/100\n|turn|8\n|\n|t:|1698327485\n|move|p2a: Chien-Pao|Sacred Sword|p1a: Big Boy\n|-damage|p1a: Big Boy|77\/100\n|move|p1a: Big Boy|Drain Punch|p2a: Chien-Pao\n|-supereffective|p2a: Chien-Pao\n|-damage|p2a: Chien-Pao|0 fnt\n|-heal|p1a: Big Boy|86\/100|[from] drain|[of] p2a: Chien-Pao\n|faint|p2a: Chien-Pao\n|\n|upkeep\n|\n|t:|1698327510\n|switch|p2a: Rillaboom|Rillaboom, F|100\/100\n|-activate|p2a: Rillaboom|move: Sticky Web\n|-unboost|p2a: Rillaboom|spe|1\n|-fieldstart|move: Grassy Terrain|[from] ability: Grassy Surge|[of] p2a: Rillaboom\n|turn|9\n|\n|t:|1698327517\n|-end|p1a: Big Boy|Quark Drive|[silent]\n|switch|p1a: Moonblast|Ribombee, M, shiny|100\/100\n|move|p2a: Rillaboom|Earthquake|p1a: Moonblast\n|-resisted|p1a: Moonblast\n|-crit|p1a: Moonblast\n|-damage|p1a: Moonblast|76\/100\n|\n|-heal|p1a: Moonblast|82\/100|[from] Grassy Terrain\n|upkeep\n|turn|10\n|\n|t:|1698327521\n|move|p1a: Moonblast|Bug Buzz|p2a: Rillaboom\n|-supereffective|p2a: Rillaboom\n|-damage|p2a: Rillaboom|7\/100\n|move|p2a: Rillaboom|Drain Punch|p1a: Moonblast\n|-resisted|p1a: Moonblast\n|-damage|p1a: Moonblast|70\/100\n|-heal|p2a: Rillaboom|11\/100|[from] drain|[of] p1a: Moonblast\n|\n|-heal|p1a: Moonblast|76\/100|[from] Grassy Terrain\n|-heal|p2a: Rillaboom|17\/100|[from] Grassy Terrain\n|upkeep\n|turn|11\n|\n|t:|1698327530\n|move|p1a: Moonblast|Bug Buzz|p2a: Rillaboom\n|-supereffective|p2a: Rillaboom\n|-damage|p2a: Rillaboom|0 fnt\n|faint|p2a: Rillaboom\n|\n|-heal|p1a: Moonblast|82\/100|[from] Grassy Terrain\n|upkeep\n|\n|t:|1698327539\n|switch|p2a: Ursaluna|Ursaluna-Bloodmoon, M|100\/100\n|-activate|p2a: Ursaluna|move: Sticky Web\n|-unboost|p2a: Ursaluna|spe|1\n|turn|12\n|\n|t:|1698327543\n|move|p1a: Moonblast|Stun Spore|p2a: Ursaluna\n|-status|p2a: Ursaluna|par\n|move|p2a: Ursaluna|Blood Moon|p1a: Moonblast\n|-damage|p1a: Moonblast|0 fnt\n|faint|p1a: Moonblast\n|\n|upkeep\n|\n|t:|1698327546\n|switch|p1a: OHKO|Kyogre|100\/100\n|-weather|RainDance|[from] ability: Drizzle|[of] p1a: OHKO\n|turn|13\n|\n|t:|1698327556\n|switch|p2a: Urshifu|Urshifu-Rapid-Strike, M|100\/100\n|-activate|p2a: Urshifu|move: Sticky Web\n|-unboost|p2a: Urshifu|spe|1\n|move|p1a: OHKO|Water Spout|p2a: Urshifu\n|-resisted|p2a: Urshifu\n|-damage|p2a: Urshifu|0 fnt\n|faint|p2a: Urshifu\n|\n|-weather|RainDance|[upkeep]\n|upkeep\n|\n|t:|1698327559\n|switch|p2a: Okidogi|Okidogi, M|100\/100\n|-activate|p2a: Okidogi|move: Sticky Web\n|-unboost|p2a: Okidogi|spe|1\n|turn|14\n|\n|t:|1698327570\n|-terastallize|p2a: Okidogi|Poison\n|move|p1a: OHKO|Water Spout|p2a: Okidogi\n|-damage|p2a: Okidogi|0 fnt\n|faint|p2a: Okidogi\n|\n|-weather|RainDance|[upkeep]\n|upkeep\n|\n|t:|1698327575\n|switch|p2a: Ursaluna|Ursaluna-Bloodmoon, M|100\/100 par\n|-activate|p2a: Ursaluna|move: Sticky Web\n|-unboost|p2a: Ursaluna|spe|1\n|turn|15\n|\n|t:|1698327580\n|move|p1a: OHKO|Water Spout|p2a: Ursaluna\n|-supereffective|p2a: Ursaluna\n|-damage|p2a: Ursaluna|0 fnt\n|faint|p2a: Ursaluna\n|\n|win|Anne Frankkkk\n|raw|Anne Frankkkk's rating: 1133 &rarr; <strong>1149<\/strong><br \/>(+16 for winning)\n|raw|ceezeec's rating: 1000 &rarr; <strong>1000<\/strong><br \/>(+0 for losing)\n|l|\u2606ceezeec\n","uploadtime":1698327588,"views":12,"p1id":"annefrankkkk","p2id":"ceezeec","formatid":"gen9ubers","rating":1000,"private":0,"password":""}