{"id":"gen9ubers-1968251074","p1":"XpokVEVO","p2":"Hakurei Aquarius","format":"[Gen 9] Ubers","log":"|j|\u2606XpokVEVO\n|j|\u2606Hakurei Aquarius\n|t:|1697399081\n|gametype|singles\n|player|p1|XpokVEVO|marshal|\n|player|p2|Hakurei Aquarius|gloria|\n|teamsize|p1|6\n|teamsize|p2|6\n|gen|9\n|tier|[Gen 9] Ubers\n|rule|Sleep Clause Mod: Limit one foe put to sleep\n|rule|Species Clause: Limit one of each Pok\u00e9mon\n|rule|OHKO Clause: OHKO moves are banned\n|rule|Evasion Items Clause: Evasion items are banned\n|rule|Evasion Moves Clause: Evasion moves are banned\n|rule|Endless Battle Clause: Forcing endless battles is banned\n|rule|HP Percentage Mod: HP is shown in percentages\n|clearpoke\n|poke|p1|Arceus-Fire|\n|poke|p1|Shaymin-Sky|\n|poke|p1|Palkia-Origin|\n|poke|p1|Cyclizar, F|\n|poke|p1|Espathra, M|\n|poke|p1|Magearna|\n|poke|p2|Magearna|\n|poke|p2|Garchomp, F|\n|poke|p2|Chi-Yu|\n|poke|p2|Palkia-Origin|\n|poke|p2|Donphan, M|\n|poke|p2|Rillaboom, M|\n|teampreview\n|inactive|Battle timer is ON: inactive players will automatically lose when time's up. (requested by Hakurei Aquarius)\n|c|\u2606XpokVEVO|Whod you switch\n|c|\u2606XpokVEVO|Cant tell\n|c|\u2606Hakurei Aquarius|Rilla\n|c|\u2606Hakurei Aquarius|And\n|c|\u2606XpokVEVO|Yeah but for what\n|c|\u2606Hakurei Aquarius|i eved it wring\n|c|\u2606Hakurei Aquarius|crap\n|inactive|XpokVEVO has 270 seconds left.\n|inactive|Hakurei Aquarius has 270 seconds left.\n|c|\u2606Hakurei Aquarius|Technically grascius\n|inactive|XpokVEVO has 240 seconds left.\n|inactive|Hakurei Aquarius has 240 seconds left.\n|c|\u2606XpokVEVO|Wanna restart to ev it?\n|c|\u2606Hakurei Aquarius|Nah\n|c|\u2606XpokVEVO|Not much point otherwise\n|c|\u2606XpokVEVO|Alr\n|\n|t:|1697399152\n|start\n|switch|p1a: Cyclizar|Cyclizar, F|100\/100\n|switch|p2a: Chi-Yu|Chi-Yu|100\/100\n|-ability|p2a: Chi-Yu|Beads of Ruin\n|turn|1\n|c|\u2606Hakurei Aquarius|I just need to use it differently\n|\n|t:|1697399162\n|-terastallize|p2a: Chi-Yu|Dark\n|move|p2a: Chi-Yu|Dark Pulse|p1a: Cyclizar\n|-damage|p1a: Cyclizar|0 fnt\n|faint|p1a: Cyclizar\n|\n|upkeep\n|c|\u2606XpokVEVO|Bruh\n|c|\u2606XpokVEVO|I lowered\n|c|\u2606XpokVEVO|My hp evs\n|c|\u2606Hakurei Aquarius|:D\n|c|\u2606XpokVEVO|So i could get berry\n|c|\u2606XpokVEVO|And you just tera\n|inactive|XpokVEVO has 270 seconds left.\n|c|\u2606Hakurei Aquarius|I rarely repeat what I have done\n|inactive|XpokVEVO has 240 seconds left.\n|\n|t:|1697399243\n|switch|p1a: Magearna|Magearna|100\/100\n|turn|2\n|c|\u2606Hakurei Aquarius|Just realized you\u2019ve only seen 2\/4 of my chi\u2019s moves\n|\n|t:|1697399256\n|switch|p2a: Magearna|Magearna|100\/100\n|move|p1a: Magearna|Shift Gear|p1a: Magearna\n|-boost|p1a: Magearna|spe|2\n|-boost|p1a: Magearna|atk|1\n|\n|upkeep\n|turn|3\n|\n|t:|1697399259\n|move|p1a: Magearna|Flash Cannon|p2a: Magearna\n|-damage|p2a: Magearna|50\/100\n|-damage|p1a: Magearna|91\/100|[from] item: Life Orb\n|move|p2a: Magearna|Thunder Wave|p1a: Magearna\n|-status|p1a: Magearna|par\n|\n|-heal|p2a: Magearna|56\/100|[from] item: Leftovers\n|upkeep\n|turn|4\n|\n|t:|1697399265\n|move|p1a: Magearna|Flash Cannon|p2a: Magearna\n|-damage|p2a: Magearna|4\/100\n|-damage|p1a: Magearna|81\/100 par|[from] item: Life Orb\n|move|p2a: Magearna|Spikes|p1a: Magearna\n|-sidestart|p1: XpokVEVO|Spikes\n|\n|-heal|p2a: Magearna|10\/100|[from] item: Leftovers\n|upkeep\n|turn|5\n|\n|t:|1697399269\n|move|p1a: Magearna|Shift Gear|p1a: Magearna\n|-boost|p1a: Magearna|spe|2\n|-boost|p1a: Magearna|atk|1\n|move|p2a: Magearna|Spikes|p1a: Magearna\n|-sidestart|p1: XpokVEVO|Spikes\n|\n|-heal|p2a: Magearna|16\/100|[from] item: Leftovers\n|upkeep\n|turn|6\n|\n|t:|1697399271\n|move|p1a: Magearna|Flash Cannon|p2a: Magearna\n|-damage|p2a: Magearna|0 fnt\n|faint|p2a: Magearna\n|-ability|p1a: Magearna|Soul-Heart|boost\n|-boost|p1a: Magearna|spa|1\n|-damage|p1a: Magearna|71\/100 par|[from] item: Life Orb\n|\n|upkeep\n|\n|t:|1697399274\n|switch|p2a: Donphan|Donphan, M|100\/100\n|turn|7\n|\n|t:|1697399279\n|move|p1a: Magearna|Draining Kiss|p2a: Donphan\n|-damage|p2a: Donphan|20\/100\n|-heal|p1a: Magearna|100\/100 par|[from] drain|[of] p2a: Donphan\n|-damage|p1a: Magearna|91\/100 par|[from] item: Life Orb\n|move|p2a: Donphan|Earthquake|p1a: Magearna\n|-supereffective|p1a: Magearna\n|-damage|p1a: Magearna|0 fnt\n|faint|p1a: Magearna\n|\n|upkeep\n|inactive|XpokVEVO has 270 seconds left.\n|inactive|XpokVEVO has 240 seconds left.\n|c|\u2606Hakurei Aquarius|I\u2019ve put myself in an awkward position\n|\n|t:|1697399326\n|switch|p1a: Espathra|Espathra, M|100\/100\n|-damage|p1a: Espathra|84\/100|[from] Spikes\n|turn|8\n|inactive|XpokVEVO has 240 seconds left.\n|\n|t:|1697399334\n|switch|p2a: Rillaboom|Rillaboom, M|100\/100\n|-fieldstart|move: Grassy Terrain|[from] ability: Grassy Surge|[of] p2a: Rillaboom\n|move|p1a: Espathra|Calm Mind|p1a: Espathra\n|-boost|p1a: Espathra|spa|1\n|-boost|p1a: Espathra|spd|1\n|\n|-heal|p1a: Espathra|90\/100|[from] Grassy Terrain\n|-ability|p1a: Espathra|Speed Boost|boost\n|-boost|p1a: Espathra|spe|1\n|upkeep\n|turn|9\n|\n|t:|1697399340\n|move|p1a: Espathra|Protect|p1a: Espathra\n|-singleturn|p1a: Espathra|Protect\n|move|p2a: Rillaboom|Knock Off|p1a: Espathra\n|-activate|p1a: Espathra|move: Protect\n|\n|-heal|p1a: Espathra|96\/100|[from] Grassy Terrain\n|-ability|p1a: Espathra|Speed Boost|boost\n|-boost|p1a: Espathra|spe|1\n|upkeep\n|turn|10\n|\n|t:|1697399347\n|move|p1a: Espathra|Stored Power|p2a: Rillaboom\n|-damage|p2a: Rillaboom|0 fnt\n|faint|p2a: Rillaboom\n|\n|-heal|p1a: Espathra|100\/100|[from] Grassy Terrain\n|-ability|p1a: Espathra|Speed Boost|boost\n|-boost|p1a: Espathra|spe|1\n|upkeep\n|\n|t:|1697399349\n|switch|p2a: Donphan|Donphan, M|20\/100\n|turn|11\n|c|\u2606XpokVEVO|Ooooh that stings\n|c|\u2606Hakurei Aquarius|Not rly\n|inactive|XpokVEVO has 240 seconds left.\n|c|\u2606Hakurei Aquarius|Because this is gg\n|\n|t:|1697399386\n|move|p2a: Donphan|Ice Shard|p1a: Espathra\n|-damage|p1a: Espathra|78\/100\n|move|p1a: Espathra|Tera Blast|p2a: Donphan\n|-damage|p2a: Donphan|0 fnt\n|faint|p2a: Donphan\n|\n|-heal|p1a: Espathra|84\/100|[from] Grassy Terrain\n|-ability|p1a: Espathra|Speed Boost|boost\n|-boost|p1a: Espathra|spe|1\n|upkeep\n|\n|t:|1697399393\n|switch|p2a: Chi-Yu|Chi-Yu, tera:Dark|100\/100\n|-ability|p2a: Chi-Yu|Beads of Ruin\n|turn|12\n|\n|t:|1697399400\n|-terastallize|p1a: Espathra|Ground\n|move|p1a: Espathra|Tera Blast|p2a: Chi-Yu|[anim] Tera Blast Ground\n|-damage|p2a: Chi-Yu|37\/100\n|move|p2a: Chi-Yu|Dark Pulse|p1a: Espathra\n|-damage|p1a: Espathra|4\/100\n|\n|-heal|p1a: Espathra|10\/100|[from] Grassy Terrain\n|-heal|p2a: Chi-Yu|43\/100|[from] Grassy Terrain\n|-fieldend|move: Grassy Terrain\n|-ability|p1a: Espathra|Speed Boost|boost\n|-boost|p1a: Espathra|spe|1\n|upkeep\n|turn|13\n|c|\u2606Hakurei Aquarius|Or not\n|\n|t:|1697399408\n|switch|p2a: Palkia|Palkia-Origin|100\/100\n|-ability|p2a: Palkia|Pressure\n|move|p1a: Espathra|Tera Blast|p2a: Palkia|[anim] Tera Blast Ground\n|-damage|p2a: Palkia|49\/100\n|\n|-ability|p1a: Espathra|Speed Boost|boost\n|-boost|p1a: Espathra|spe|1\n|upkeep\n|turn|14\n|\n|t:|1697399413\n|move|p1a: Espathra|Tera Blast|p2a: Palkia|[anim] Tera Blast Ground\n|-damage|p2a: Palkia|0 fnt\n|faint|p2a: Palkia\n|\n|upkeep\n|\n|t:|1697399415\n|switch|p2a: Garchomp|Garchomp, F|100\/100\n|turn|15\n|\n|t:|1697399417\n|move|p1a: Espathra|Stored Power|p2a: Garchomp\n|-damage|p2a: Garchomp|0 fnt\n|faint|p2a: Garchomp\n|\n|upkeep\n|\n|t:|1697399420\n|switch|p2a: Chi-Yu|Chi-Yu, tera:Dark|43\/100\n|-ability|p2a: Chi-Yu|Beads of Ruin\n|turn|16\n|\n|t:|1697399424\n|move|p1a: Espathra|Tera Blast|p2a: Chi-Yu|[anim] Tera Blast Ground\n|-damage|p2a: Chi-Yu|0 fnt\n|faint|p2a: Chi-Yu\n|\n|win|XpokVEVO\n|c|\u2606XpokVEVO|Gg\n|c|\u2606Hakurei Aquarius|Yea nvm\n|c|\u2606Hakurei Aquarius|gg\n|l|\u2606XpokVEVO\n|c|\u2606Hakurei Aquarius|another or nah?\n","uploadtime":1697399435,"views":22,"p1id":"xpokvevo","p2id":"hakureiaquarius","formatid":"gen9ubers","rating":0,"private":0,"password":""}