{"id":"gen9ubers-1983561669","p1":"EX1400","p2":"SevLev","format":"[Gen 9] Ubers","log":"|j|\u2606EX1400\n|j|\u2606SevLev\n|t:|1699143616\n|gametype|singles\n|player|p1|EX1400|benga|\n|player|p2|SevLev|roxie|\n|teamsize|p1|6\n|teamsize|p2|6\n|gen|9\n|tier|[Gen 9] Ubers\n|rule|Sleep Clause Mod: Limit one foe put to sleep\n|rule|Species Clause: Limit one of each Pok\u00e9mon\n|rule|OHKO Clause: OHKO moves are banned\n|rule|Evasion Items Clause: Evasion items are banned\n|rule|Evasion Moves Clause: Evasion moves are banned\n|rule|Endless Battle Clause: Forcing endless battles is banned\n|rule|HP Percentage Mod: HP is shown in percentages\n|clearpoke\n|poke|p1|Sandaconda, M|\n|poke|p1|Dragonite, F|\n|poke|p1|Iron Hands|\n|poke|p1|Gengar, F|\n|poke|p1|Ninetales-Alola, F|\n|poke|p1|Rotom-Heat|\n|poke|p2|Blissey, F|\n|poke|p2|Iron Valiant|\n|poke|p2|Toxapex, M|\n|poke|p2|Clodsire, F|\n|poke|p2|Slaking, M|\n|poke|p2|Hydreigon, M|\n|teampreview\n|\n|t:|1699143659\n|start\n|switch|p1a: Fury's dream|Ninetales-Alola, F, shiny|100\/100\n|switch|p2a: Harambe|Slaking, M|100\/100\n|-weather|Snow|[from] ability: Snow Warning|[of] p1a: Fury's dream\n|turn|1\n|\n|t:|1699143692\n|move|p1a: Fury's dream|Aurora Veil|p1a: Fury's dream\n|-sidestart|p1: EX1400|move: Aurora Veil\n|move|p2a: Harambe|Earthquake|p1a: Fury's dream\n|-damage|p1a: Fury's dream|79\/100\n|\n|-weather|Snow|[upkeep]\n|upkeep\n|turn|2\n|\n|t:|1699143699\n|switch|p1a: Funny Snake|Sandaconda, M|100\/100\n|switch|p2a: :3|Toxapex, M|100\/100\n|\n|-weather|Snow|[upkeep]\n|upkeep\n|turn|3\n|\n|t:|1699143709\n|move|p1a: Funny Snake|Coil|p1a: Funny Snake\n|-boost|p1a: Funny Snake|atk|1\n|-boost|p1a: Funny Snake|def|1\n|-boost|p1a: Funny Snake|accuracy|1\n|move|p2a: :3|Liquidation|p1a: Funny Snake\n|-supereffective|p1a: Funny Snake\n|-damage|p1a: Funny Snake|82\/100\n|\n|-weather|Snow|[upkeep]\n|-heal|p1a: Funny Snake|88\/100|[from] item: Leftovers\n|upkeep\n|turn|4\n|\n|t:|1699143732\n|-terastallize|p1a: Funny Snake|Water\n|move|p1a: Funny Snake|Coil|p1a: Funny Snake\n|-boost|p1a: Funny Snake|atk|1\n|-boost|p1a: Funny Snake|def|1\n|-boost|p1a: Funny Snake|accuracy|1\n|move|p2a: :3|Liquidation|p1a: Funny Snake\n|-resisted|p1a: Funny Snake\n|-damage|p1a: Funny Snake|84\/100\n|\n|-weather|Snow|[upkeep]\n|-heal|p1a: Funny Snake|90\/100|[from] item: Leftovers\n|upkeep\n|turn|5\n|\n|t:|1699143769\n|move|p1a: Funny Snake|Coil|p1a: Funny Snake\n|-boost|p1a: Funny Snake|atk|1\n|-boost|p1a: Funny Snake|def|1\n|-boost|p1a: Funny Snake|accuracy|1\n|move|p2a: :3|Gunk Shot|p1a: Funny Snake\n|-damage|p1a: Funny Snake|81\/100\n|\n|-weather|none\n|-heal|p1a: Funny Snake|87\/100|[from] item: Leftovers\n|upkeep\n|turn|6\n|\n|t:|1699143782\n|move|p1a: Funny Snake|Coil|p1a: Funny Snake\n|-boost|p1a: Funny Snake|atk|1\n|-boost|p1a: Funny Snake|def|1\n|-boost|p1a: Funny Snake|accuracy|1\n|move|p2a: :3|Gunk Shot|p1a: Funny Snake\n|-damage|p1a: Funny Snake|80\/100\n|\n|-heal|p1a: Funny Snake|86\/100|[from] item: Leftovers\n|upkeep\n|turn|7\n|\n|t:|1699143789\n|move|p1a: Funny Snake|Coil|p1a: Funny Snake\n|-boost|p1a: Funny Snake|atk|1\n|-boost|p1a: Funny Snake|def|1\n|-boost|p1a: Funny Snake|accuracy|1\n|move|p2a: :3|Gunk Shot|p1a: Funny Snake|[miss]\n|-miss|p2a: :3|p1a: Funny Snake\n|\n|-heal|p1a: Funny Snake|92\/100|[from] item: Leftovers\n|upkeep\n|turn|8\n|\n|t:|1699143803\n|switch|p2a: Floor Fish|Clodsire, F|100\/100\n|move|p1a: Funny Snake|Coil|p1a: Funny Snake\n|-boost|p1a: Funny Snake|atk|1\n|-boost|p1a: Funny Snake|def|1\n|-boost|p1a: Funny Snake|accuracy|1\n|\n|-heal|p1a: Funny Snake|98\/100|[from] item: Leftovers\n|-sideend|p1: EX1400|move: Aurora Veil\n|upkeep\n|turn|9\n|\n|t:|1699143827\n|move|p1a: Funny Snake|Earthquake|p2a: Floor Fish\n|-supereffective|p2a: Floor Fish\n|-damage|p2a: Floor Fish|0 fnt\n|faint|p2a: Floor Fish\n|\n|-heal|p1a: Funny Snake|100\/100|[from] item: Leftovers\n|upkeep\n|\n|t:|1699143866\n|switch|p2a: Blissed Out|Blissey, F|100\/100\n|turn|10\n|\n|t:|1699143876\n|move|p1a: Funny Snake|Earthquake|p2a: Blissed Out\n|-damage|p2a: Blissed Out|0 fnt\n|faint|p2a: Blissed Out\n|\n|upkeep\n|\n|t:|1699143887\n|switch|p2a: Robo|Iron Valiant|100\/100\n|-enditem|p2a: Robo|Booster Energy\n|-activate|p2a: Robo|ability: Quark Drive|[fromitem]\n|-start|p2a: Robo|quarkdrivespe\n|turn|11\n|\n|t:|1699143898\n|-terastallize|p2a: Robo|Ice\n|move|p2a: Robo|Ice Punch|p1a: Funny Snake\n|-resisted|p1a: Funny Snake\n|-damage|p1a: Funny Snake|96\/100\n|-status|p1a: Funny Snake|frz\n|cant|p1a: Funny Snake|frz\n|\n|-heal|p1a: Funny Snake|100\/100 frz|[from] item: Leftovers\n|upkeep\n|turn|12\n|\n|t:|1699143911\n|move|p2a: Robo|Close Combat|p1a: Funny Snake\n|-crit|p1a: Funny Snake\n|-damage|p1a: Funny Snake|0 fnt\n|-unboost|p2a: Robo|def|1\n|-unboost|p2a: Robo|spd|1\n|faint|p1a: Funny Snake\n|\n|upkeep\n|\n|t:|1699143962\n|switch|p1a: EVA Unit: 4|Iron Hands, shiny|100\/100\n|-enditem|p1a: EVA Unit: 4|Booster Energy\n|-activate|p1a: EVA Unit: 4|ability: Quark Drive|[fromitem]\n|-start|p1a: EVA Unit: 4|quarkdriveatk\n|turn|13\n|\n|t:|1699143978\n|move|p2a: Robo|Spirit Break|p1a: EVA Unit: 4\n|-supereffective|p1a: EVA Unit: 4\n|-damage|p1a: EVA Unit: 4|48\/100\n|-unboost|p1a: EVA Unit: 4|spa|1\n|move|p1a: EVA Unit: 4|Earthquake|p2a: Robo\n|-damage|p2a: Robo|7\/100\n|\n|upkeep\n|turn|14\n|\n|t:|1699143999\n|move|p2a: Robo|Spirit Break|p1a: EVA Unit: 4\n|-supereffective|p1a: EVA Unit: 4\n|-damage|p1a: EVA Unit: 4|0 fnt\n|faint|p1a: EVA Unit: 4\n|-end|p1a: EVA Unit: 4|Quark Drive|[silent]\n|\n|upkeep\n|\n|t:|1699144007\n|switch|p1a: Blob|Gengar, F|100\/100\n|turn|15\n|\n|t:|1699144012\n|move|p2a: Robo|Ice Punch|p1a: Blob\n|-damage|p1a: Blob|25\/100\n|move|p1a: Blob|Psychic|p2a: Robo\n|-damage|p2a: Robo|0 fnt\n|faint|p2a: Robo\n|-end|p2a: Robo|Quark Drive|[silent]\n|\n|upkeep\n|\n|t:|1699144026\n|switch|p2a: Tera Fire|Hydreigon, M|100\/100\n|turn|16\n|\n|t:|1699144043\n|move|p1a: Blob|Psychic|p2a: Tera Fire\n|-immune|p2a: Tera Fire\n|move|p2a: Tera Fire|Dark Pulse|p1a: Blob\n|-supereffective|p1a: Blob\n|-damage|p1a: Blob|0 fnt\n|faint|p1a: Blob\n|\n|upkeep\n|\n|t:|1699144050\n|switch|p1a: Fury's dream|Ninetales-Alola, F, shiny|79\/100\n|-weather|Snow|[from] ability: Snow Warning|[of] p1a: Fury's dream\n|turn|17\n|\n|t:|1699144076\n|switch|p2a: Harambe|Slaking, M|100\/100\n|move|p1a: Fury's dream|Blizzard|p2a: Harambe\n|-damage|p2a: Harambe|73\/100\n|\n|-weather|Snow|[upkeep]\n|upkeep\n|turn|18\n|\n|t:|1699144091\n|switch|p1a: Ghost Oven|Rotom-Heat, shiny|100\/100\n|move|p2a: Harambe|Earthquake|p1a: Ghost Oven\n|-immune|p1a: Ghost Oven|[from] ability: Levitate\n|\n|-weather|Snow|[upkeep]\n|upkeep\n|turn|19\n|\n|t:|1699144128\n|cant|p2a: Harambe|ability: Truant\n|move|p1a: Ghost Oven|Will-O-Wisp|p2a: Harambe\n|-status|p2a: Harambe|brn\n|\n|-weather|Snow|[upkeep]\n|-damage|p2a: Harambe|66\/100 brn|[from] brn\n|upkeep\n|turn|20\n|\n|t:|1699144159\n|move|p2a: Harambe|Drain Punch|p1a: Ghost Oven\n|-damage|p1a: Ghost Oven|86\/100\n|-heal|p2a: Harambe|71\/100 brn|[from] drain|[of] p1a: Ghost Oven\n|move|p1a: Ghost Oven|Dark Pulse|p2a: Harambe\n|-damage|p2a: Harambe|59\/100 brn\n|\n|-weather|Snow|[upkeep]\n|-heal|p1a: Ghost Oven|92\/100|[from] item: Leftovers\n|-damage|p2a: Harambe|53\/100 brn|[from] brn\n|upkeep\n|turn|21\n|\n|t:|1699144178\n|switch|p1a: Barney|Dragonite, F, shiny|100\/100\n|cant|p2a: Harambe|ability: Truant\n|\n|-weather|none\n|-damage|p2a: Harambe|47\/100 brn|[from] brn\n|upkeep\n|turn|22\n|\n|t:|1699144187\n|move|p1a: Barney|Brick Break|p2a: Harambe\n|-supereffective|p2a: Harambe\n|-damage|p2a: Harambe|0 fnt\n|faint|p2a: Harambe\n|\n|upkeep\n|\n|t:|1699144208\n|switch|p2a: Tera Fire|Hydreigon, M|100\/100\n|turn|23\n|\n|t:|1699144218\n|switch|p1a: Ghost Oven|Rotom-Heat, shiny|92\/100\n|move|p2a: Tera Fire|Dragon Pulse|p1a: Ghost Oven\n|-damage|p1a: Ghost Oven|39\/100\n|\n|-heal|p1a: Ghost Oven|46\/100|[from] item: Leftovers\n|upkeep\n|turn|24\n|\n|t:|1699144237\n|move|p2a: Tera Fire|Dragon Pulse|p1a: Ghost Oven\n|-damage|p1a: Ghost Oven|0 fnt\n|faint|p1a: Ghost Oven\n|\n|upkeep\n|\n|t:|1699144247\n|switch|p1a: Fury's dream|Ninetales-Alola, F, shiny|79\/100\n|-weather|Snow|[from] ability: Snow Warning|[of] p1a: Fury's dream\n|turn|25\n|\n|t:|1699144291\n|switch|p2a: :3|Toxapex, M|100\/100\n|move|p1a: Fury's dream|Aurora Veil|p1a: Fury's dream\n|-sidestart|p1: EX1400|move: Aurora Veil\n|\n|-weather|Snow|[upkeep]\n|upkeep\n|turn|26\n|\n|t:|1699144349\n|move|p1a: Fury's dream|Psyshock|p2a: :3\n|-supereffective|p2a: :3\n|-damage|p2a: :3|66\/100\n|move|p2a: :3|Ice Spinner|p1a: Fury's dream\n|-resisted|p1a: Fury's dream\n|-damage|p1a: Fury's dream|74\/100\n|\n|-weather|Snow|[upkeep]\n|upkeep\n|turn|27\n|\n|t:|1699144373\n|move|p1a: Fury's dream|Blizzard|p2a: :3\n|-resisted|p2a: :3\n|-damage|p2a: :3|53\/100\n|move|p2a: :3|Gunk Shot|p1a: Fury's dream|[miss]\n|-miss|p2a: :3|p1a: Fury's dream\n|\n|-weather|Snow|[upkeep]\n|upkeep\n|turn|28\n|\n|t:|1699144380\n|move|p1a: Fury's dream|Psyshock|p2a: :3\n|-supereffective|p2a: :3\n|-damage|p2a: :3|22\/100\n|move|p2a: :3|Gunk Shot|p1a: Fury's dream\n|-supereffective|p1a: Fury's dream\n|-damage|p1a: Fury's dream|33\/100\n|\n|-weather|Snow|[upkeep]\n|upkeep\n|turn|29\n|\n|t:|1699144467\n|switch|p2a: Tera Fire|Hydreigon, M|100\/100\n|move|p1a: Fury's dream|Moonblast|p2a: Tera Fire\n|-supereffective|p2a: Tera Fire\n|-damage|p2a: Tera Fire|0 fnt\n|faint|p2a: Tera Fire\n|\n|-weather|none\n|upkeep\n|\n|t:|1699144474\n|switch|p2a: :3|Toxapex, M|55\/100\n|turn|30\n|\n|t:|1699144481\n|move|p1a: Fury's dream|Psyshock|p2a: :3\n|-supereffective|p2a: :3\n|-damage|p2a: :3|25\/100\n|move|p2a: :3|Gunk Shot|p1a: Fury's dream\n|-supereffective|p1a: Fury's dream\n|-damage|p1a: Fury's dream|0 fnt\n|faint|p1a: Fury's dream\n|\n|upkeep\n|\n|t:|1699144485\n|switch|p1a: Barney|Dragonite, F, shiny|100\/100\n|turn|31\n|\n|t:|1699144492\n|move|p1a: Barney|Extreme Speed|p2a: :3\n|-damage|p2a: :3|0 fnt\n|faint|p2a: :3\n|\n|win|EX1400\n","uploadtime":1699144499,"views":22,"p1id":"ex1400","p2id":"sevlev","formatid":"gen9ubers","rating":0,"private":0,"password":""}