{"id":"gen9ubers-1978927795","p1":"Bestmaindragonite","p2":"Jordblast","format":"[Gen 9] Ubers","log":"|j|\u2606Bestmaindragonite\n|j|\u2606Jordblast\n|t:|1698611208\n|gametype|singles\n|player|p1|Bestmaindragonite|lillie|\n|player|p2|Jordblast|clown|\n|teamsize|p1|6\n|teamsize|p2|6\n|gen|9\n|tier|[Gen 9] Ubers\n|rule|Sleep Clause Mod: Limit one foe put to sleep\n|rule|Species Clause: Limit one of each Pok\u00e9mon\n|rule|OHKO Clause: OHKO moves are banned\n|rule|Evasion Items Clause: Evasion items are banned\n|rule|Evasion Moves Clause: Evasion moves are banned\n|rule|Endless Battle Clause: Forcing endless battles is banned\n|rule|HP Percentage Mod: HP is shown in percentages\n|clearpoke\n|poke|p1|Donphan, M|\n|poke|p1|Rillaboom, M|\n|poke|p1|Arceus-Rock|\n|poke|p1|Goodra-Hisui, M|\n|poke|p1|Basculegion-F, F|\n|poke|p1|Sneasler, F|\n|poke|p2|Orthworm, F|\n|poke|p2|Espathra, F|\n|poke|p2|Spectrier|\n|poke|p2|Arceus-Fire|\n|poke|p2|Palkia-Origin|\n|poke|p2|Clefable, M|\n|teampreview\n|j| incredibleking\n|c|\u2606Jordblast|Oml again with donphan\n|j| 1P1o1s1h1e1\n|\n|t:|1698611248\n|start\n|switch|p1a: Little kong|Rillaboom, M|100\/100\n|switch|p2a: Arceus|Arceus-Fire|100\/100\n|-fieldstart|move: Grassy Terrain|[from] ability: Grassy Surge|[of] p1a: Little kong\n|turn|1\n|\n|t:|1698611256\n|switch|p1a: Little ogerpon|Arceus-Rock|100\/100\n|move|p2a: Arceus|Swords Dance|p2a: Arceus\n|-boost|p2a: Arceus|atk|2\n|\n|upkeep\n|turn|2\n|inactive|Battle timer is ON: inactive players will automatically lose when time's up. (requested by Bestmaindragonite)\n|c|\u2606Bestmaindragonite|Donphan is the best pokemon of this tier.\n|j| Finchely\n|inactive|Jordblast has 270 seconds left.\n|\n|t:|1698611342\n|move|p2a: Arceus|Earthquake|p1a: Little ogerpon\n|-supereffective|p1a: Little ogerpon\n|-damage|p1a: Little ogerpon|52\/100\n|move|p1a: Little ogerpon|Judgment|p2a: Arceus\n|-supereffective|p2a: Arceus\n|-damage|p2a: Arceus|18\/100\n|\n|-heal|p1a: Little ogerpon|58\/100|[from] Grassy Terrain\n|-heal|p2a: Arceus|24\/100|[from] Grassy Terrain\n|upkeep\n|turn|3\n|\n|t:|1698611359\n|-terastallize|p2a: Arceus|Fire\n|move|p1a: Little ogerpon|Judgment|p2a: Arceus\n|-supereffective|p2a: Arceus\n|-damage|p2a: Arceus|0 fnt\n|faint|p2a: Arceus\n|\n|-heal|p1a: Little ogerpon|64\/100|[from] Grassy Terrain\n|upkeep\n|c|\u2606Bestmaindragonite|Wow\n|c|\u2606Jordblast|I clicked terra on accident\n|c|\u2606Bestmaindragonite|Ah\n|c|\u2606Jordblast|well that makes this harder\n|inactive|Jordblast has 270 seconds left.\n|c|\u2606Jordblast|Mobile is rough\n|c|\u2606Bestmaindragonite|Im on mobile too :p\n|\n|t:|1698611412\n|switch|p2a: Palkia|Palkia-Origin|100\/100\n|-ability|p2a: Palkia|Pressure\n|turn|4\n|\n|t:|1698611421\n|-terastallize|p1a: Little ogerpon|Grass\n|move|p2a: Palkia|Hydro Pump|p1a: Little ogerpon\n|-resisted|p1a: Little ogerpon\n|-damage|p1a: Little ogerpon|39\/100\n|move|p1a: Little ogerpon|Giga Drain|p2a: Palkia\n|-damage|p2a: Palkia|53\/100\n|-heal|p1a: Little ogerpon|56\/100|[from] drain|[of] p2a: Palkia\n|\n|-heal|p2a: Palkia|59\/100|[from] Grassy Terrain\n|-heal|p1a: Little ogerpon|62\/100|[from] Grassy Terrain\n|upkeep\n|turn|5\n|\n|t:|1698611428\n|move|p2a: Palkia|Draco Meteor|p1a: Little ogerpon\n|-damage|p1a: Little ogerpon|0 fnt\n|-unboost|p2a: Palkia|spa|2\n|faint|p1a: Little ogerpon\n|\n|-heal|p2a: Palkia|65\/100|[from] Grassy Terrain\n|-fieldend|move: Grassy Terrain\n|upkeep\n|\n|t:|1698611441\n|switch|p1a: Little little|Basculegion-F, F|100\/100\n|turn|6\n|inactive|Jordblast has 270 seconds left.\n|\n|t:|1698611469\n|move|p1a: Little little|Last Respects|p2a: Palkia\n|-damage|p2a: Palkia|3\/100\n|move|p2a: Palkia|Draco Meteor|p1a: Little little\n|-damage|p1a: Little little|50\/100\n|-unboost|p2a: Palkia|spa|2\n|\n|upkeep\n|turn|7\n|c|\u2606Bestmaindragonite|Early basc lets goo\n|inactive|Jordblast has 240 seconds left.\n|\n|t:|1698611498\n|switch|p2a: Clefable|Clefable, M|100\/100\n|move|p1a: Little little|Last Respects|p2a: Clefable\n|-damage|p2a: Clefable|37\/100\n|\n|-heal|p2a: Clefable|43\/100|[from] item: Leftovers\n|upkeep\n|turn|8\n|\n|t:|1698611508\n|move|p2a: Clefable|Protect|p2a: Clefable\n|-singleturn|p2a: Clefable|Protect\n|move|p1a: Little little|Last Respects|p2a: Clefable\n|-activate|p2a: Clefable|move: Protect\n|\n|-heal|p2a: Clefable|49\/100|[from] item: Leftovers\n|upkeep\n|turn|9\n|c| 1P1o1s1h1e1|???\n|\n|t:|1698611517\n|move|p1a: Little little|Last Respects|p2a: Clefable\n|-damage|p2a: Clefable|0 fnt\n|faint|p2a: Clefable\n|\n|upkeep\n|inactive|Jordblast has 240 seconds left.\n|\n|t:|1698611535\n|switch|p2a: Orthworm|Orthworm, F|100\/100\n|turn|10\n|inactive|Jordblast has 240 seconds left.\n|\n|t:|1698611546\n|switch|p1a: Little big|Sneasler, F|100\/100\n|move|p2a: Orthworm|Shed Tail|p2a: Orthworm\n|-start|p2a: Orthworm|Substitute|[from] move: Shed Tail\n|-damage|p2a: Orthworm|50\/100\n|-enditem|p2a: Orthworm|Sitrus Berry|[eat]\n|-heal|p2a: Orthworm|75\/100|[from] item: Sitrus Berry\n|\n|t:|1698611548\n|switch|p2a: Espathra|Espathra, F|100\/100|[from] Shed Tail\n|\n|upkeep\n|turn|11\n|\n|t:|1698611556\n|move|p1a: Little big|Lash Out|p2a: Espathra\n|-supereffective|p2a: Espathra\n|-end|p2a: Espathra|Substitute\n|move|p2a: Espathra|Calm Mind|p2a: Espathra\n|-boost|p2a: Espathra|spa|1\n|-boost|p2a: Espathra|spd|1\n|\n|-ability|p2a: Espathra|Speed Boost|boost\n|-boost|p2a: Espathra|spe|1\n|upkeep\n|turn|12\n|\n|t:|1698611566\n|switch|p1a: Little kong|Rillaboom, M|100\/100\n|-fieldstart|move: Grassy Terrain|[from] ability: Grassy Surge|[of] p1a: Little kong\n|move|p2a: Espathra|Stored Power|p1a: Little kong\n|-crit|p1a: Little kong\n|-damage|p1a: Little kong|14\/100\n|\n|-heal|p1a: Little kong|20\/100|[from] Grassy Terrain\n|-ability|p2a: Espathra|Speed Boost|boost\n|-boost|p2a: Espathra|spe|1\n|upkeep\n|turn|13\n|c| Finchely|lash out sneasler\n|c| Finchely|what was bro cooking\n|inactive|Jordblast has 240 seconds left.\n|c|\u2606Bestmaindragonite|:liveogerponrraction:\n|c| incredibleking|works against stat drops ig\n|inactive|Jordblast has 210 seconds left.\n|c| Finchely|hold on\n|c| incredibleking|webs teams and the likes\n|\n|t:|1698611641\n|move|p2a: Espathra|Stored Power|p1a: Little kong\n|-damage|p1a: Little kong|0 fnt\n|faint|p1a: Little kong\n|\n|-ability|p2a: Espathra|Speed Boost|boost\n|-boost|p2a: Espathra|spe|1\n|upkeep\n|\n|t:|1698611644\n|switch|p1a: Little big|Sneasler, F|100\/100\n|-enditem|p1a: Little big|Grassy Seed\n|-boost|p1a: Little big|def|1|[from] item: Grassy Seed\n|turn|14\n|c| Finchely|\ud83d\udc80\n|\n|t:|1698611652\n|move|p1a: Little big|Lash Out|p2a: Espathra\n|-supereffective|p2a: Espathra\n|-damage|p2a: Espathra|51\/100\n|move|p2a: Espathra|Stored Power|p1a: Little big\n|-supereffective|p1a: Little big\n|-damage|p1a: Little big|0 fnt\n|faint|p1a: Little big\n|\n|-heal|p2a: Espathra|57\/100|[from] Grassy Terrain\n|-ability|p2a: Espathra|Speed Boost|boost\n|-boost|p2a: Espathra|spe|1\n|upkeep\n|\n|t:|1698611657\n|switch|p1a: Little tusk|Donphan, M|100\/100\n|turn|15\n|inactive|Jordblast has 210 seconds left.\n|\n|t:|1698611669\n|move|p2a: Espathra|Roost|p2a: Espathra\n|-heal|p2a: Espathra|100\/100\n|-singleturn|p2a: Espathra|move: Roost\n|move|p1a: Little tusk|Endeavor|p2a: Espathra\n|-damage|p2a: Espathra|82\/100\n|\n|-heal|p2a: Espathra|88\/100|[from] Grassy Terrain\n|-ability|p2a: Espathra|Speed Boost|boost\n|-boost|p2a: Espathra|spe|1\n|upkeep\n|turn|16\n|c|\u2606Bestmaindragonite|:liveogerpon reaction\n|\n|t:|1698611681\n|move|p2a: Espathra|Calm Mind|p2a: Espathra\n|-boost|p2a: Espathra|spa|1\n|-boost|p2a: Espathra|spd|1\n|move|p1a: Little tusk|High Horsepower|p2a: Espathra\n|-damage|p2a: Espathra|42\/100\n|\n|-heal|p2a: Espathra|48\/100|[from] Grassy Terrain\n|-fieldend|move: Grassy Terrain\n|-ability|p2a: Espathra|Speed Boost|boost\n|-boost|p2a: Espathra|spe|1\n|upkeep\n|turn|17\n|c| Finchely|donphan the ultimate offense counter\n|\n|t:|1698611688\n|move|p2a: Espathra|Stored Power|p1a: Little tusk\n|-ability|p1a: Little tusk|Sturdy\n|-damage|p1a: Little tusk|1\/100\n|move|p1a: Little tusk|Endeavor|p2a: Espathra\n|-damage|p2a: Espathra|1\/100\n|\n|upkeep\n|turn|18\n|\n|t:|1698611695\n|move|p1a: Little tusk|Ice Shard|p2a: Espathra\n|-damage|p2a: Espathra|0 fnt\n|faint|p2a: Espathra\n|\n|upkeep\n|c|\u2606Bestmaindragonite|DONPHAN TIME\n|\n|t:|1698611709\n|switch|p2a: Spectrier|Spectrier|100\/100\n|turn|19\n|\n|t:|1698611714\n|switch|p2a: Orthworm|Orthworm, F|75\/100\n|switch|p1a: Big boi|Goodra-Hisui, M|100\/100\n|\n|upkeep\n|turn|20\n|c| Finchely|this some pooshi ass shit happening\n|\n|t:|1698611735\n|move|p2a: Orthworm|Earthquake|p1a: Big boi\n|-supereffective|p1a: Big boi\n|-damage|p1a: Big boi|45\/100\n|move|p1a: Big boi|Substitute|p1a: Big boi\n|-start|p1a: Big boi|Substitute\n|-damage|p1a: Big boi|21\/100\n|\n|upkeep\n|turn|21\n|\n|t:|1698611746\n|move|p2a: Orthworm|Earthquake|p1a: Big boi\n|-supereffective|p1a: Big boi\n|-end|p1a: Big boi|Substitute\n|move|p1a: Big boi|Body Press|p2a: Orthworm\n|-supereffective|p2a: Orthworm\n|-damage|p2a: Orthworm|49\/100\n|\n|upkeep\n|turn|22\n|c| Finchely|interesting..\n|\n|t:|1698611755\n|switch|p2a: Spectrier|Spectrier|100\/100\n|move|p1a: Big boi|Dragon Tail|p2a: Spectrier\n|-damage|p2a: Spectrier|70\/100\n|drag|p2a: Orthworm|Orthworm, F|49\/100\n|\n|upkeep\n|turn|23\n|c| 1P1o1s1h1e1|Don't put my name on whatever this is \ud83d\ude2d\n|\n|t:|1698611767\n|move|p2a: Orthworm|Heavy Slam|p1a: Big boi\n|-resisted|p1a: Big boi\n|-damage|p1a: Big boi|13\/100\n|-ability|p1a: Big boi|Gooey\n|-unboost|p2a: Orthworm|spe|1\n|move|p1a: Big boi|Body Press|p2a: Orthworm\n|-supereffective|p2a: Orthworm\n|-damage|p2a: Orthworm|23\/100\n|\n|upkeep\n|turn|24\n|c| 1P1o1s1h1e1|GOOEY LMAOOOO\n|\n|t:|1698611780\n|move|p2a: Orthworm|Spikes|p1a: Big boi\n|-sidestart|p1: Bestmaindragonite|Spikes\n|move|p1a: Big boi|Dragon Tail|p2a: Orthworm|[miss]\n|-miss|p1a: Big boi|p2a: Orthworm\n|\n|upkeep\n|turn|25\n|c| Finchely|nah i mean the donphan\n|c| Finchely|before now you were the only one using donphan\n|c| Finchely|that i knew of\n|\n|t:|1698611805\n|move|p2a: Orthworm|Heavy Slam|p1a: Big boi\n|-resisted|p1a: Big boi\n|-damage|p1a: Big boi|5\/100\n|-ability|p1a: Big boi|Gooey\n|-unboost|p2a: Orthworm|spe|1\n|move|p1a: Big boi|Dragon Tail|p2a: Orthworm|[miss]\n|-miss|p1a: Big boi|p2a: Orthworm\n|\n|upkeep\n|turn|26\n|c| incredibleking|the lv 6 one mind you\n|c| Finchely|eyeah\n|\n|t:|1698611814\n|move|p2a: Orthworm|Spikes|p1a: Big boi\n|-sidestart|p1: Bestmaindragonite|Spikes\n|move|p1a: Big boi|Dragon Tail|p2a: Orthworm\n|-resisted|p2a: Orthworm\n|-damage|p2a: Orthworm|16\/100\n|drag|p2a: Spectrier|Spectrier|70\/100\n|\n|-heal|p2a: Spectrier|76\/100|[from] item: Leftovers\n|upkeep\n|turn|27\n|\n|t:|1698611827\n|move|p2a: Spectrier|Substitute|p2a: Spectrier\n|-start|p2a: Spectrier|Substitute\n|-damage|p2a: Spectrier|52\/100\n|move|p1a: Big boi|Dragon Tail|p2a: Spectrier\n|-end|p2a: Spectrier|Substitute\n|\n|-heal|p2a: Spectrier|58\/100|[from] item: Leftovers\n|upkeep\n|turn|28\n|inactive|Jordblast has 210 seconds left.\n|\n|t:|1698611856\n|switch|p2a: Palkia|Palkia-Origin|3\/100\n|-ability|p2a: Palkia|Pressure\n|move|p1a: Big boi|Ice Spinner|p2a: Palkia\n|-damage|p2a: Palkia|0 fnt\n|faint|p2a: Palkia\n|\n|upkeep\n|inactive|Jordblast has 210 seconds left.\n|\n|t:|1698611872\n|switch|p2a: Orthworm|Orthworm, F|16\/100\n|turn|29\n|\n|t:|1698611876\n|switch|p2a: Spectrier|Spectrier|58\/100\n|move|p1a: Big boi|Dragon Tail|p2a: Spectrier\n|-damage|p2a: Spectrier|28\/100\n|drag|p2a: Orthworm|Orthworm, F|16\/100\n|\n|upkeep\n|turn|30\n|c|\u2606Bestmaindragonite|Goodra sweep\n|inactive|Jordblast has 210 seconds left.\n|c| incredibleking|what is going on here?\n|c| 1P1o1s1h1e1|Something heinous\n|c| Finchely|idk\n|\n|t:|1698611908\n|move|p2a: Orthworm|Shed Tail|p2a: Orthworm\n|-fail|p2a: Orthworm|move: Shed Tail|[weak]\n|move|p1a: Big boi|Ice Spinner|p2a: Orthworm\n|-resisted|p2a: Orthworm\n|-damage|p2a: Orthworm|8\/100\n|\n|upkeep\n|turn|31\n|\n|t:|1698611914\n|move|p2a: Orthworm|Shed Tail|p2a: Orthworm\n|-fail|p2a: Orthworm|move: Shed Tail|[weak]\n|move|p1a: Big boi|Ice Spinner|p2a: Orthworm\n|-resisted|p2a: Orthworm\n|-damage|p2a: Orthworm|1\/100\n|\n|upkeep\n|turn|32\n|c| incredibleking|that spectrier is goinf to ice shard range\n|\n|t:|1698611922\n|move|p2a: Orthworm|Shed Tail|p2a: Orthworm\n|-fail|p2a: Orthworm|move: Shed Tail|[weak]\n|move|p1a: Big boi|Ice Spinner|p2a: Orthworm\n|-resisted|p2a: Orthworm\n|-damage|p2a: Orthworm|0 fnt\n|faint|p2a: Orthworm\n|\n|upkeep\n|\n|t:|1698611924\n|switch|p2a: Spectrier|Spectrier|28\/100\n|turn|33\n|c| 1P1o1s1h1e1|It's Joever\n|inactive|Jordblast has 210 seconds left.\n|c|\u2606Jordblast|It\u2019s joever\n|c|\u2606Jordblast|gh\n|c|\u2606Jordblast|gg\n|c|\u2606Bestmaindragonite|gg\n|c|\u2606Bestmaindragonite|Donphan custap berry is a monster\n|c| Finchely|i think theres still maybe a chance\n|c|\u2606Bestmaindragonite|(Its not custap berry)\n|c| Finchely|is donphan boots?\n|c| Finchely|if its boots its joever\n|c|\u2606Bestmaindragonite|Ye\n|inactive|Jordblast has 180 seconds left.\n|c|\u2606Jordblast|Also for people confused I was trying to get sub up so I could actually live a last respects\n|c|\u2606Bestmaindragonite|And the basc has scarf awa jet\n|\n|t:|1698611983\n|move|p2a: Spectrier|Draining Kiss|p1a: Big boi\n|-damage|p1a: Big boi|0 fnt\n|-heal|p2a: Spectrier|32\/100|[from] drain|[of] p1a: Big boi\n|-ability|p1a: Big boi|Gooey\n|-unboost|p2a: Spectrier|spe|1\n|faint|p1a: Big boi\n|-ability|p2a: Spectrier|Grim Neigh|boost\n|-boost|p2a: Spectrier|spa|1\n|\n|-heal|p2a: Spectrier|38\/100|[from] item: Leftovers\n|upkeep\n|c| Finchely|ah yeah\n|\n|t:|1698611991\n|switch|p1a: Little tusk|Donphan, M|1\/100\n|turn|34\n|\n|t:|1698611996\n|move|p1a: Little tusk|Ice Shard|p2a: Spectrier\n|-damage|p2a: Spectrier|15\/100\n|move|p2a: Spectrier|Substitute|p2a: Spectrier\n|-fail|p2a: Spectrier|move: Substitute|[weak]\n|\n|-heal|p2a: Spectrier|21\/100|[from] item: Leftovers\n|upkeep\n|turn|35\n|\n|t:|1698612002\n|move|p1a: Little tusk|Ice Shard|p2a: Spectrier\n|-damage|p2a: Spectrier|0 fnt\n|faint|p2a: Spectrier\n|\n|win|Bestmaindragonite\n|l|\u2606Jordblast\n|c|\u2606Bestmaindragonite|gg\n|j|\u2606Jordblast\n|player|p2|Jordblast|clown\n|c| 1P1o1s1h1e1|Wp\n|l| 1P1o1s1h1e1\n|c|\u2606Jordblast|Can u post the links\n","uploadtime":1698612034,"views":20,"p1id":"bestmaindragonite","p2id":"jordblast","formatid":"gen9ubers","rating":0,"private":0,"password":""}