{"id":"gen9ubers-1974631586","p1":"Narfonme","p2":"Rooster47576849","format":"[Gen 9] Ubers","log":"|j|\u2606Narfonme\n|j|\u2606Rooster47576849\n|t:|1698104583\n|gametype|singles\n|player|p1|Narfonme|265|1024\n|player|p2|Rooster47576849|burglar|1027\n|teamsize|p1|6\n|teamsize|p2|6\n|gen|9\n|tier|[Gen 9] Ubers\n|rated|\n|rule|Sleep Clause Mod: Limit one foe put to sleep\n|rule|Species Clause: Limit one of each Pok\u00e9mon\n|rule|OHKO Clause: OHKO moves are banned\n|rule|Evasion Items Clause: Evasion items are banned\n|rule|Evasion Moves Clause: Evasion moves are banned\n|rule|Endless Battle Clause: Forcing endless battles is banned\n|rule|HP Percentage Mod: HP is shown in percentages\n|clearpoke\n|poke|p1|Kingambit, F|\n|poke|p1|Flutter Mane|\n|poke|p1|Dondozo, F|\n|poke|p1|Clefable, M|\n|poke|p1|Haxorus, M|\n|poke|p1|Iron Bundle|\n|poke|p2|Darkrai|\n|poke|p2|Regieleki|\n|poke|p2|Dragapult, F|\n|poke|p2|Baxcalibur, M|\n|poke|p2|Vivillon-Fancy, F|\n|poke|p2|Iron Moth|\n|teampreview\n|\n|t:|1698104592\n|start\n|switch|p1a: Clefable|Clefable, M|100\/100\n|switch|p2a: Vivillon|Vivillon-Fancy, F|100\/100\n|turn|1\n|\n|t:|1698104619\n|move|p2a: Vivillon|Sleep Powder|p1a: Clefable\n|-status|p1a: Clefable|slp|[from] move: Sleep Powder\n|cant|p1a: Clefable|slp\n|\n|upkeep\n|turn|2\n|\n|t:|1698104632\n|move|p2a: Vivillon|Quiver Dance|p2a: Vivillon\n|-boost|p2a: Vivillon|spa|1\n|-boost|p2a: Vivillon|spd|1\n|-boost|p2a: Vivillon|spe|1\n|cant|p1a: Clefable|slp\n|\n|upkeep\n|turn|3\n|\n|t:|1698104643\n|move|p2a: Vivillon|Quiver Dance|p2a: Vivillon\n|-boost|p2a: Vivillon|spa|1\n|-boost|p2a: Vivillon|spd|1\n|-boost|p2a: Vivillon|spe|1\n|-curestatus|p1a: Clefable|slp|[msg]\n|move|p1a: Clefable|Moonblast|p2a: Vivillon\n|-damage|p2a: Vivillon|72\/100\n|\n|upkeep\n|turn|4\n|\n|t:|1698104652\n|move|p2a: Vivillon|Sleep Powder|p1a: Clefable\n|-status|p1a: Clefable|slp|[from] move: Sleep Powder\n|cant|p1a: Clefable|slp\n|\n|upkeep\n|turn|5\n|\n|t:|1698104658\n|move|p2a: Vivillon|Quiver Dance|p2a: Vivillon\n|-boost|p2a: Vivillon|spa|1\n|-boost|p2a: Vivillon|spd|1\n|-boost|p2a: Vivillon|spe|1\n|-curestatus|p1a: Clefable|slp|[msg]\n|move|p1a: Clefable|Moonblast|p2a: Vivillon\n|-damage|p2a: Vivillon|46\/100\n|\n|upkeep\n|turn|6\n|\n|t:|1698104667\n|move|p2a: Vivillon|Sleep Powder|p1a: Clefable\n|-status|p1a: Clefable|slp|[from] move: Sleep Powder\n|cant|p1a: Clefable|slp\n|\n|upkeep\n|turn|7\n|\n|t:|1698104673\n|move|p2a: Vivillon|Quiver Dance|p2a: Vivillon\n|-boost|p2a: Vivillon|spa|1\n|-boost|p2a: Vivillon|spd|1\n|-boost|p2a: Vivillon|spe|1\n|-curestatus|p1a: Clefable|slp|[msg]\n|move|p1a: Clefable|Moonblast|p2a: Vivillon\n|-damage|p2a: Vivillon|24\/100\n|\n|upkeep\n|turn|8\n|\n|t:|1698104681\n|move|p2a: Vivillon|Sleep Powder|p1a: Clefable\n|-status|p1a: Clefable|slp|[from] move: Sleep Powder\n|cant|p1a: Clefable|slp\n|\n|upkeep\n|turn|9\n|\n|t:|1698104690\n|move|p2a: Vivillon|Giga Drain|p1a: Clefable\n|-damage|p1a: Clefable|39\/100 slp\n|-heal|p2a: Vivillon|64\/100|[from] drain|[of] p1a: Clefable\n|cant|p1a: Clefable|slp\n|\n|-heal|p1a: Clefable|45\/100 slp|[from] item: Leftovers\n|upkeep\n|turn|10\n|\n|t:|1698104699\n|move|p2a: Vivillon|Giga Drain|p1a: Clefable\n|-damage|p1a: Clefable|0 fnt\n|-heal|p2a: Vivillon|93\/100|[from] drain|[of] p1a: Clefable\n|faint|p1a: Clefable\n|\n|upkeep\n|\n|t:|1698104717\n|switch|p1a: Iron Bundle|Iron Bundle|100\/100\n|turn|11\n|\n|t:|1698104734\n|-terastallize|p2a: Vivillon|Bug\n|move|p2a: Vivillon|Sleep Powder|p1a: Iron Bundle\n|-status|p1a: Iron Bundle|slp|[from] move: Sleep Powder\n|cant|p1a: Iron Bundle|slp\n|\n|upkeep\n|turn|12\n|\n|t:|1698104742\n|move|p2a: Vivillon|Bug Buzz|p1a: Iron Bundle\n|-damage|p1a: Iron Bundle|0 fnt\n|faint|p1a: Iron Bundle\n|-end|p1a: Iron Bundle|Quark Drive|[silent]\n|\n|upkeep\n|\n|t:|1698104752\n|switch|p1a: Haxorus|Haxorus, M|100\/100\n|turn|13\n|inactive|Battle timer is ON: inactive players will automatically lose when time's up. (requested by Rooster47576849)\n|\n|t:|1698104778\n|move|p2a: Vivillon|Sleep Powder|p1a: Haxorus\n|-status|p1a: Haxorus|slp|[from] move: Sleep Powder\n|cant|p1a: Haxorus|slp\n|\n|upkeep\n|turn|14\n|\n|t:|1698104787\n|move|p2a: Vivillon|Bug Buzz|p1a: Haxorus\n|-damage|p1a: Haxorus|0 fnt\n|faint|p1a: Haxorus\n|\n|upkeep\n|\n|t:|1698104795\n|switch|p1a: Flutter Mane|Flutter Mane|100\/100\n|turn|15\n|\n|t:|1698104803\n|move|p2a: Vivillon|Giga Drain|p1a: Flutter Mane\n|-damage|p1a: Flutter Mane|39\/100\n|-heal|p2a: Vivillon|100\/100|[from] drain|[of] p1a: Flutter Mane\n|move|p1a: Flutter Mane|Trick Room|p1a: Flutter Mane\n|-fieldstart|move: Trick Room|[of] p1a: Flutter Mane\n|\n|upkeep\n|turn|16\n|\n|t:|1698104827\n|-end|p1a: Flutter Mane|Protosynthesis|[silent]\n|switch|p1a: Kingambit|Kingambit, F|100\/100\n|move|p2a: Vivillon|Giga Drain|p1a: Kingambit\n|-resisted|p1a: Kingambit\n|-damage|p1a: Kingambit|63\/100\n|\n|-heal|p1a: Kingambit|69\/100|[from] item: Leftovers\n|upkeep\n|turn|17\n|inactive|Narfonme has 120 seconds left.\n|\n|t:|1698104849\n|move|p1a: Kingambit|Swords Dance|p1a: Kingambit\n|-boost|p1a: Kingambit|atk|2\n|move|p2a: Vivillon|Sleep Powder|p1a: Kingambit\n|-status|p1a: Kingambit|slp|[from] move: Sleep Powder\n|\n|-heal|p1a: Kingambit|76\/100 slp|[from] item: Leftovers\n|upkeep\n|turn|18\n|\n|t:|1698104858\n|cant|p1a: Kingambit|slp\n|move|p2a: Vivillon|Bug Buzz|p1a: Kingambit\n|-damage|p1a: Kingambit|0 fnt\n|faint|p1a: Kingambit\n|\n|upkeep\n|\n|t:|1698104865\n|switch|p1a: Dondozo|Dondozo, F|100\/100\n|turn|19\n|\n|t:|1698104879\n|move|p2a: Vivillon|Bug Buzz|p1a: Dondozo\n|-damage|p1a: Dondozo|30\/100\n|move|p1a: Dondozo|Avalanche|p2a: Vivillon\n|-damage|p2a: Vivillon|32\/100\n|\n|-heal|p1a: Dondozo|36\/100|[from] item: Leftovers\n|-fieldend|move: Trick Room\n|upkeep\n|turn|20\n|\n|t:|1698104888\n|move|p2a: Vivillon|Giga Drain|p1a: Dondozo\n|-supereffective|p1a: Dondozo\n|-crit|p1a: Dondozo\n|-damage|p1a: Dondozo|0 fnt\n|-heal|p2a: Vivillon|59\/100|[from] drain|[of] p1a: Dondozo\n|faint|p1a: Dondozo\n|\n|upkeep\n|\n|t:|1698104894\n|switch|p1a: Flutter Mane|Flutter Mane|39\/100\n|turn|21\n|\n|t:|1698104903\n|move|p2a: Vivillon|Giga Drain|p1a: Flutter Mane\n|-damage|p1a: Flutter Mane|0 fnt\n|-heal|p2a: Vivillon|78\/100|[from] drain|[of] p1a: Flutter Mane\n|faint|p1a: Flutter Mane\n|-end|p1a: Flutter Mane|Protosynthesis|[silent]\n|\n|win|Rooster47576849\n|raw|Narfonme's rating: 1024 &rarr; <strong>1011<\/strong><br \/>(-13 for losing)\n|raw|Rooster47576849's rating: 1027 &rarr; <strong>1063<\/strong><br \/>(+36 for winning)\n","uploadtime":1698104933,"views":8,"p1id":"narfonme","p2id":"rooster47576849","formatid":"gen9ubers","rating":1011,"private":0,"password":""}