{"id":"gen9ubers-1990488176","p1":"Steven Stone 007","p2":"rutriyououiyiyuyt","format":"[Gen 9] Ubers","log":"|j|\u2606Steven Stone 007\n|j|\u2606rutriyououiyiyuyt\n|t:|1699975510\n|gametype|singles\n|player|p1|Steven Stone 007|101|\n|player|p2|rutriyououiyiyuyt|elesa|\n|teamsize|p1|6\n|teamsize|p2|6\n|gen|9\n|tier|[Gen 9] Ubers\n|rule|Sleep Clause Mod: Limit one foe put to sleep\n|rule|Species Clause: Limit one of each Pok\u00e9mon\n|rule|OHKO Clause: OHKO moves are banned\n|rule|Evasion Items Clause: Evasion items are banned\n|rule|Evasion Moves Clause: Evasion moves are banned\n|rule|Endless Battle Clause: Forcing endless battles is banned\n|rule|HP Percentage Mod: HP is shown in percentages\n|clearpoke\n|poke|p1|Cyclizar, M|\n|poke|p1|Haxorus, M|\n|poke|p1|Magearna|\n|poke|p1|Espathra, F|\n|poke|p1|Garganacl, M|\n|poke|p1|Slowking-Galar, F|\n|poke|p2|Torkoal, M|\n|poke|p2|Magearna|\n|poke|p2|Roaring Moon|\n|poke|p2|Chi-Yu|\n|poke|p2|Arceus-Fire|\n|poke|p2|Ogerpon-Wellspring, F|\n|teampreview\n|c|\u2606Steven Stone 007|gl\n|\n|t:|1699975529\n|start\n|switch|p1a: Cyclizar|Cyclizar, M|100\/100\n|switch|p2a: Torkoal|Torkoal, M|100\/100\n|-weather|SunnyDay|[from] ability: Drought|[of] p2a: Torkoal\n|turn|1\n|\n|t:|1699975538\n|move|p1a: Cyclizar|Shed Tail|p1a: Cyclizar\n|-start|p1a: Cyclizar|Substitute|[from] move: Shed Tail\n|-damage|p1a: Cyclizar|50\/100\n|\n|t:|1699975542\n|switch|p1a: Haxorus|Haxorus, M|100\/100|[from] Shed Tail\n|-ability|p1a: Haxorus|Mold Breaker\n|move|p2a: Torkoal|Stealth Rock|p1a: Haxorus\n|-sidestart|p1: Steven Stone 007|move: Stealth Rock\n|\n|-weather|SunnyDay|[upkeep]\n|upkeep\n|turn|2\n|\n|t:|1699975552\n|move|p1a: Haxorus|Swords Dance|p1a: Haxorus\n|-boost|p1a: Haxorus|atk|2\n|move|p2a: Torkoal|Lava Plume|p1a: Haxorus\n|-resisted|p1a: Haxorus\n|-activate|p1a: Haxorus|move: Substitute|[damage]\n|\n|-weather|SunnyDay|[upkeep]\n|upkeep\n|turn|3\n|\n|t:|1699975557\n|move|p1a: Haxorus|Scale Shot|p2a: Torkoal\n|-damage|p2a: Torkoal|77\/100\n|-damage|p2a: Torkoal|56\/100\n|-damage|p2a: Torkoal|35\/100\n|-damage|p2a: Torkoal|14\/100\n|-hitcount|p2a: Torkoal|4\n|-unboost|p1a: Haxorus|def|1\n|-boost|p1a: Haxorus|spe|1\n|move|p2a: Torkoal|Lava Plume|p1a: Haxorus\n|-resisted|p1a: Haxorus\n|-end|p1a: Haxorus|Substitute\n|\n|-weather|SunnyDay|[upkeep]\n|upkeep\n|turn|4\n|\n|t:|1699975565\n|switch|p2a: Magearna|Magearna|100\/100\n|move|p1a: Haxorus|Scale Shot|p2a: Magearna\n|-immune|p2a: Magearna\n|\n|-weather|SunnyDay|[upkeep]\n|upkeep\n|turn|5\n|\n|t:|1699975580\n|-terastallize|p1a: Haxorus|Fire\n|move|p1a: Haxorus|Tera Blast|p2a: Magearna|[anim] Tera Blast Fire\n|-supereffective|p2a: Magearna\n|-damage|p2a: Magearna|0 fnt\n|faint|p2a: Magearna\n|\n|-weather|SunnyDay|[upkeep]\n|upkeep\n|\n|t:|1699975593\n|switch|p2a: Roaring Moon|Roaring Moon|100\/100\n|-activate|p2a: Roaring Moon|ability: Protosynthesis\n|-start|p2a: Roaring Moon|protosynthesisatk\n|turn|6\n|\n|t:|1699975609\n|-end|p2a: Roaring Moon|Protosynthesis|[silent]\n|switch|p2a: Arceus|Arceus-Fire|100\/100\n|move|p1a: Haxorus|Earthquake|p2a: Arceus\n|-supereffective|p2a: Arceus\n|-damage|p2a: Arceus|0 fnt\n|faint|p2a: Arceus\n|\n|-weather|SunnyDay|[upkeep]\n|upkeep\n|\n|t:|1699975655\n|switch|p2a: Roaring Moon|Roaring Moon|100\/100\n|-activate|p2a: Roaring Moon|ability: Protosynthesis\n|-start|p2a: Roaring Moon|protosynthesisatk\n|turn|7\n|\n|t:|1699975678\n|-terastallize|p2a: Roaring Moon|Flying\n|move|p1a: Haxorus|Scale Shot|p2a: Roaring Moon\n|-damage|p2a: Roaring Moon|64\/100\n|-damage|p2a: Roaring Moon|26\/100\n|-damage|p2a: Roaring Moon|0 fnt\n|faint|p2a: Roaring Moon\n|-end|p2a: Roaring Moon|Protosynthesis|[silent]\n|-hitcount|p2: Roaring Moon|3\n|-unboost|p1a: Haxorus|def|1\n|-boost|p1a: Haxorus|spe|1\n|\n|-weather|SunnyDay|[upkeep]\n|upkeep\n|c|\u2606Steven Stone 007|GG\n|\n|t:|1699975691\n|switch|p2a: Chi-Yu|Chi-Yu|100\/100\n|-ability|p2a: Chi-Yu|Beads of Ruin\n|turn|8\n|\n|t:|1699975694\n|move|p1a: Haxorus|Earthquake|p2a: Chi-Yu\n|-supereffective|p2a: Chi-Yu\n|-damage|p2a: Chi-Yu|0 fnt\n|faint|p2a: Chi-Yu\n|\n|-weather|none\n|upkeep\n|c|\u2606rutriyououiyiyuyt|gg\n|\n|t:|1699975699\n|switch|p2a: Ogerpon|Ogerpon-Wellspring, F|100\/100\n|turn|9\n|c|\u2606Steven Stone 007|GG\n|c|\u2606Steven Stone 007|predicable\n|\n|t:|1699975730\n|move|p1a: Haxorus|Tera Blast|p2a: Ogerpon|[anim] Tera Blast Fire\n|-damage|p2a: Ogerpon|0 fnt\n|faint|p2a: Ogerpon\n|\n|upkeep\n|\n|t:|1699975732\n|switch|p2a: Torkoal|Torkoal, M|14\/100\n|-weather|SunnyDay|[from] ability: Drought|[of] p2a: Torkoal\n|turn|10\n|\n|t:|1699975739\n|move|p1a: Haxorus|Earthquake|p2a: Torkoal\n|-supereffective|p2a: Torkoal\n|-damage|p2a: Torkoal|0 fnt\n|faint|p2a: Torkoal\n|\n|win|Steven Stone 007\n|l|\u2606Steven Stone 007\n|j|\u2606Steven Stone 007\n|player|p1|Steven Stone 007|101\n","uploadtime":1699975783,"views":8,"p1id":"stevenstone007","p2id":"rutriyououiyiyuyt","formatid":"gen9ubers","rating":0,"private":0,"password":""}