{"id":"gen9ubers-1999862251","p1":"RageIsLost","p2":"12323423j9","format":"[Gen 9] Ubers","log":"|j|\u2606RageIsLost\n|j|\u260612323423j9\n|t:|1701123862\n|gametype|singles\n|player|p1|RageIsLost|buck|1051\n|player|p2|12323423j9|266|1081\n|teamsize|p1|6\n|teamsize|p2|6\n|gen|9\n|tier|[Gen 9] Ubers\n|rated|\n|rule|Sleep Clause Mod: Limit one foe put to sleep\n|rule|Species Clause: Limit one of each Pok\u00e9mon\n|rule|OHKO Clause: OHKO moves are banned\n|rule|Evasion Items Clause: Evasion items are banned\n|rule|Evasion Moves Clause: Evasion moves are banned\n|rule|Endless Battle Clause: Forcing endless battles is banned\n|rule|HP Percentage Mod: HP is shown in percentages\n|clearpoke\n|poke|p1|Meowscarada, F|\n|poke|p1|Gholdengo|\n|poke|p1|Dialga|\n|poke|p1|Zacian-*|\n|poke|p1|Magearna|\n|poke|p1|Cyclizar, F|\n|poke|p2|Zoroark-Hisui, F|\n|poke|p2|Magikarp, L1, M|\n|poke|p2|Moltres-Galar|\n|poke|p2|Grimer-Alola, F|\n|poke|p2|Chien-Pao|\n|poke|p2|Toxapex, F|\n|teampreview\n|\n|t:|1701123880\n|start\n|switch|p1a: Meowscarada|Meowscarada, F|100\/100\n|switch|p2a: Moltres|Moltres-Galar, shiny|100\/100\n|turn|1\n|inactive|Battle timer is ON: inactive players will automatically lose when time's up. (requested by 12323423j9)\n|\n|t:|1701123891\n|move|p1a: Meowscarada|Spikes|p2a: Moltres\n|-sidestart|p2: 12323423j9|Spikes\n|move|p2a: Moltres|Acrobatics|p1a: Meowscarada\n|-supereffective|p1a: Meowscarada\n|-damage|p1a: Meowscarada|21\/100\n|\n|upkeep\n|turn|2\n|\n|t:|1701123900\n|move|p1a: Meowscarada|Toxic Spikes|p2a: Moltres\n|-sidestart|p2: 12323423j9|move: Toxic Spikes\n|move|p2a: Moltres|Acrobatics|p1a: Meowscarada\n|-supereffective|p1a: Meowscarada\n|-damage|p1a: Meowscarada|0 fnt\n|faint|p1a: Meowscarada\n|\n|upkeep\n|\n|t:|1701123919\n|switch|p1a: Cyclizar|Cyclizar, F|100\/100\n|turn|3\n|\n|t:|1701123930\n|move|p1a: Cyclizar|Taunt|p2a: Moltres\n|-start|p2a: Moltres|move: Taunt\n|move|p2a: Moltres|Acrobatics|p1a: Cyclizar\n|-damage|p1a: Cyclizar|58\/100\n|\n|upkeep\n|turn|4\n|\n|t:|1701123937\n|move|p1a: Cyclizar|Knock Off|p2a: Moltres\n|-resisted|p2a: Moltres\n|-damage|p2a: Moltres|94\/100\n|move|p2a: Moltres|Acrobatics|p1a: Cyclizar\n|-damage|p1a: Cyclizar|14\/100\n|\n|upkeep\n|turn|5\n|\n|t:|1701123948\n|move|p1a: Cyclizar|Shed Tail|p1a: Cyclizar\n|-fail|p1a: Cyclizar|move: Shed Tail|[weak]\n|move|p2a: Moltres|Ancient Power|p1a: Cyclizar\n|-damage|p1a: Cyclizar|0 fnt\n|faint|p1a: Cyclizar\n|\n|-end|p2a: Moltres|move: Taunt\n|upkeep\n|\n|t:|1701123958\n|switch|p1a: Magearna|Magearna|100\/100\n|turn|6\n|\n|t:|1701123966\n|move|p2a: Moltres|Acrobatics|p1a: Magearna\n|-resisted|p1a: Magearna\n|-damage|p1a: Magearna|87\/100\n|move|p1a: Magearna|Ice Beam|p2a: Moltres\n|-supereffective|p2a: Moltres\n|-damage|p2a: Moltres|48\/100\n|-ability|p2a: Moltres|Berserk|boost\n|-boost|p2a: Moltres|spa|1\n|\n|-heal|p1a: Magearna|94\/100|[from] item: Leftovers\n|upkeep\n|turn|7\n|\n|t:|1701123976\n|move|p2a: Moltres|Rest|p2a: Moltres\n|-status|p2a: Moltres|slp|[from] move: Rest\n|-heal|p2a: Moltres|100\/100 slp|[silent]\n|move|p1a: Magearna|Ice Beam|p2a: Moltres\n|-supereffective|p2a: Moltres\n|-damage|p2a: Moltres|55\/100 slp\n|\n|-heal|p1a: Magearna|99\/100|[from] item: Leftovers\n|upkeep\n|turn|8\n|\n|t:|1701123984\n|cant|p2a: Moltres|slp\n|move|p2a: Moltres|Sleep Talk|p2a: Moltres\n|move|p2a: Moltres|Rest||[from]move: Sleep Talk|[still]\n|-fail|p2a: Moltres\n|move|p1a: Magearna|Ice Beam|p2a: Moltres\n|-supereffective|p2a: Moltres\n|-damage|p2a: Moltres|10\/100 slp\n|-ability|p2a: Moltres|Berserk|boost\n|-boost|p2a: Moltres|spa|1\n|\n|-heal|p1a: Magearna|100\/100|[from] item: Leftovers\n|upkeep\n|turn|9\n|\n|t:|1701123995\n|cant|p2a: Moltres|slp\n|move|p2a: Moltres|Sleep Talk|p2a: Moltres\n|move|p2a: Moltres|Rest||[from]move: Sleep Talk|[still]\n|-fail|p2a: Moltres\n|move|p1a: Magearna|Ice Beam|p2a: Moltres\n|-supereffective|p2a: Moltres\n|-damage|p2a: Moltres|0 fnt\n|faint|p2a: Moltres\n|-ability|p1a: Magearna|Soul-Heart|boost\n|-boost|p1a: Magearna|spa|1\n|\n|upkeep\n|\n|t:|1701124009\n|switch|p2a: Grimer|Grimer-Alola, F, shiny|100\/100\n|-damage|p2a: Grimer|88\/100|[from] Spikes\n|-sideend|p2: 12323423j9|move: Toxic Spikes|[of] p2a: Grimer\n|turn|10\n|\n|t:|1701124024\n|-terastallize|p1a: Magearna|Flying\n|move|p1a: Magearna|Ice Beam|p2a: Grimer\n|-damage|p2a: Grimer|17\/100\n|move|p2a: Grimer|Flamethrower|p1a: Magearna\n|-damage|p1a: Magearna|92\/100\n|\n|-heal|p1a: Magearna|98\/100|[from] item: Leftovers\n|-heal|p2a: Grimer|23\/100|[from] item: Black Sludge\n|upkeep\n|turn|11\n|\n|t:|1701124035\n|move|p1a: Magearna|Ice Beam|p2a: Grimer\n|-damage|p2a: Grimer|0 fnt\n|faint|p2a: Grimer\n|-ability|p1a: Magearna|Soul-Heart|boost\n|-boost|p1a: Magearna|spa|1\n|\n|-heal|p1a: Magearna|100\/100|[from] item: Leftovers\n|upkeep\n|\n|t:|1701124048\n|switch|p2a: Magikarp|Magikarp, M, shiny|100\/100\n|-damage|p2a: Magikarp|88\/100|[from] Spikes\n|turn|12\n|\n|t:|1701124061\n|-terastallize|p2a: Magikarp|Fighting\n|move|p2a: Magikarp|Bitter Malice|p1a: Magearna\n|-damage|p1a: Magearna|70\/100\n|-unboost|p1a: Magearna|atk|1\n|move|p1a: Magearna|Draining Kiss|p2a: Magikarp\n|-supereffective|p2a: Magikarp\n|-damage|p2a: Magikarp|0 fnt\n|-heal|p1a: Magearna|100\/100|[from] drain|[of] p2a: Magikarp\n|replace|p2a: Zoroark|Zoroark-Hisui, F\n|-end|p2a: Zoroark|Illusion\n|faint|p2a: Zoroark\n|-ability|p1a: Magearna|Soul-Heart|boost\n|-boost|p1a: Magearna|spa|1\n|\n|upkeep\n|-message|12323423j9 forfeited.\n|\n|win|RageIsLost\n|raw|RageIsLost's rating: 1051 &rarr; <strong>1086<\/strong><br \/>(+35 for winning)\n|raw|12323423j9's rating: 1081 &rarr; <strong>1057<\/strong><br \/>(-24 for losing)\n|l|\u260612323423j9\n","uploadtime":1701124143,"views":1,"p1id":"rageislost","p2id":"12323423j9","formatid":"gen9ubers","rating":1057,"private":0,"password":""}