{"id":"gen9ubers-1984601894","p1":"F-00_MC","p2":"hannah_xyz","format":"[Gen 9] Ubers","log":"|j|\u2606F-00_MC\n|j|\u2606hannah_xyz\n|t:|1699283658\n|gametype|singles\n|player|p1|F-00_MC|hilbert|\n|player|p2|hannah_xyz|caitlin|\n|teamsize|p1|6\n|teamsize|p2|6\n|gen|9\n|tier|[Gen 9] Ubers\n|rule|Sleep Clause Mod: Limit one foe put to sleep\n|rule|Species Clause: Limit one of each Pok\u00e9mon\n|rule|OHKO Clause: OHKO moves are banned\n|rule|Evasion Items Clause: Evasion items are banned\n|rule|Evasion Moves Clause: Evasion moves are banned\n|rule|Endless Battle Clause: Forcing endless battles is banned\n|rule|HP Percentage Mod: HP is shown in percentages\n|clearpoke\n|poke|p1|Pelipper, F|\n|poke|p1|Palafin, M|\n|poke|p1|Magearna|\n|poke|p1|Arceus-Poison|\n|poke|p1|Dialga|\n|poke|p1|Palkia-Origin|\n|poke|p2|Zacian-*|\n|poke|p2|Espathra, F|\n|poke|p2|Palafin, F|\n|poke|p2|Landorus, M|\n|poke|p2|Cyclizar, M|\n|poke|p2|Spectrier|\n|teampreview\n|inactive|Battle timer is ON: inactive players will automatically lose when time's up. (requested by F-00_MC)\n|\n|t:|1699283684\n|start\n|switch|p1a: Pelipper|Pelipper, F|100\/100\n|switch|p2a: liz|Cyclizar, M|100\/100\n|-weather|RainDance|[from] ability: Drizzle|[of] p1a: Pelipper\n|turn|1\n|\n|t:|1699283706\n|move|p2a: liz|Knock Off|p1a: Pelipper\n|-damage|p1a: Pelipper|83\/100\n|-enditem|p1a: Pelipper|Damp Rock|[from] move: Knock Off|[of] p2a: liz\n|move|p1a: Pelipper|Hurricane|p2a: liz\n|-damage|p2a: liz|53\/100\n|\n|-weather|RainDance|[upkeep]\n|upkeep\n|turn|2\n|\n|t:|1699283717\n|switch|p2a: zac|Zacian|100\/100\n|-ability|p2a: zac|Intrepid Sword|boost\n|-boost|p2a: zac|atk|1\n|move|p1a: Pelipper|Hurricane|p2a: zac\n|-damage|p2a: zac|69\/100\n|\n|-weather|RainDance|[upkeep]\n|upkeep\n|turn|3\n|\n|t:|1699283736\n|move|p2a: zac|Wild Charge|p1a: Pelipper\n|-supereffective|p1a: Pelipper\n|-damage|p1a: Pelipper|0 fnt\n|faint|p1a: Pelipper\n|-damage|p2a: zac|48\/100|[from] Recoil\n|\n|-weather|RainDance|[upkeep]\n|upkeep\n|\n|t:|1699283740\n|switch|p1a: Palafin|Palafin, M, shiny|100\/100\n|turn|4\n|inactive|F-00_MC has 270 seconds left.\n|\n|t:|1699283762\n|detailschange|p1a: Palafin|Palafin-Hero, M, shiny\n|switch|p1a: Magearna|Magearna|100\/100\n|move|p2a: zac|Wild Charge|p1a: Magearna\n|-damage|p1a: Magearna|57\/100\n|-damage|p2a: zac|36\/100|[from] Recoil\n|\n|-weather|RainDance|[upkeep]\n|-heal|p1a: Magearna|63\/100|[from] item: Leftovers\n|upkeep\n|turn|5\n|inactive|F-00_MC has 270 seconds left.\n|\n|t:|1699283779\n|switch|p2a: fin|Palafin, F|100\/100\n|move|p1a: Magearna|Thunder Wave|p2a: fin\n|-status|p2a: fin|par\n|\n|-weather|RainDance|[upkeep]\n|-heal|p1a: Magearna|69\/100|[from] item: Leftovers\n|upkeep\n|turn|6\n|inactive|F-00_MC has 270 seconds left.\n|\n|t:|1699283788\n|move|p1a: Magearna|Spikes|p2a: fin\n|-sidestart|p2: hannah_xyz|Spikes\n|move|p2a: fin|Flip Turn|p1a: Magearna\n|-damage|p1a: Magearna|35\/100\n|\n|t:|1699283806\n|detailschange|p2a: fin|Palafin-Hero, F\n|switch|p2a: liz|Cyclizar, M|86\/100|[from] Flip Turn\n|-damage|p2a: liz|74\/100|[from] Spikes\n|\n|-weather|RainDance|[upkeep]\n|-heal|p1a: Magearna|41\/100|[from] item: Leftovers\n|upkeep\n|turn|7\n|\n|t:|1699283817\n|switch|p1a: Palkia|Palkia-Origin|100\/100\n|-ability|p1a: Palkia|Pressure\n|move|p2a: liz|Shed Tail|p2a: liz\n|-start|p2a: liz|Substitute|[from] move: Shed Tail\n|-damage|p2a: liz|24\/100\n|\n|t:|1699283824\n|switch|p2a: spath|Espathra, F|100\/100|[from] Shed Tail\n|-damage|p2a: spath|88\/100|[from] Spikes\n|\n|-weather|RainDance|[upkeep]\n|-heal|p2a: spath|94\/100|[from] item: Leftovers\n|upkeep\n|turn|8\n|inactive|F-00_MC has 270 seconds left.\n|\n|t:|1699283868\n|move|p1a: Palkia|Surf|p2a: spath\n|-end|p2a: spath|Substitute\n|move|p2a: spath|Calm Mind|p2a: spath\n|-boost|p2a: spath|spa|1\n|-boost|p2a: spath|spd|1\n|\n|-weather|none\n|-heal|p2a: spath|100\/100|[from] item: Leftovers\n|-ability|p2a: spath|Speed Boost|boost\n|-boost|p2a: spath|spe|1\n|upkeep\n|turn|9\n|\n|t:|1699283887\n|move|p2a: spath|Calm Mind|p2a: spath\n|-boost|p2a: spath|spa|1\n|-boost|p2a: spath|spd|1\n|move|p1a: Palkia|Spacial Rend|p2a: spath\n|-damage|p2a: spath|58\/100\n|\n|-heal|p2a: spath|64\/100|[from] item: Leftovers\n|-ability|p2a: spath|Speed Boost|boost\n|-boost|p2a: spath|spe|1\n|upkeep\n|turn|10\n|\n|t:|1699283898\n|switch|p1a: Dialga|Dialga|100\/100\n|-ability|p1a: Dialga|Pressure\n|move|p2a: spath|Protect||[still]\n|-fail|p2a: spath\n|\n|-heal|p2a: spath|70\/100|[from] item: Leftovers\n|-ability|p2a: spath|Speed Boost|boost\n|-boost|p2a: spath|spe|1\n|upkeep\n|turn|11\n|\n|t:|1699283904\n|move|p2a: spath|Calm Mind|p2a: spath\n|-boost|p2a: spath|spa|1\n|-boost|p2a: spath|spd|1\n|move|p1a: Dialga|Roar|p2a: spath\n|drag|p2a: zac|Zacian|36\/100\n|-damage|p2a: zac|24\/100|[from] Spikes\n|\n|upkeep\n|turn|12\n|inactive|F-00_MC has 240 seconds left.\n|\n|t:|1699283939\n|switch|p1a: Arceus|Arceus-Poison|100\/100\n|move|p2a: zac|Play Rough|p1a: Arceus\n|-resisted|p1a: Arceus\n|-damage|p1a: Arceus|79\/100\n|\n|upkeep\n|turn|13\n|\n|t:|1699283954\n|switch|p2a: lando|Landorus, M|100\/100\n|move|p1a: Arceus|Calm Mind|p1a: Arceus\n|-boost|p1a: Arceus|spa|1\n|-boost|p1a: Arceus|spd|1\n|\n|upkeep\n|turn|14\n|inactive|F-00_MC has 210 seconds left.\n|inactive|F-00_MC has 180 seconds left.\n|\n|t:|1699284017\n|switch|p1a: Palafin|Palafin-Hero, M, shiny|100\/100\n|-activate|p1a: Palafin|ability: Zero to Hero\n|move|p2a: lando|Earth Power|p1a: Palafin\n|-crit|p1a: Palafin\n|-damage|p1a: Palafin|0 fnt\n|faint|p1a: Palafin\n|\n|upkeep\n|\n|t:|1699284026\n|switch|p1a: Palkia|Palkia-Origin|100\/100\n|-ability|p1a: Palkia|Pressure\n|turn|15\n|\n|t:|1699284037\n|switch|p2a: fin|Palafin-Hero, F|100\/100 par\n|-damage|p2a: fin|88\/100 par|[from] Spikes\n|-activate|p2a: fin|ability: Zero to Hero\n|move|p1a: Palkia|Surf|p2a: fin\n|-resisted|p2a: fin\n|-damage|p2a: fin|54\/100 par\n|\n|upkeep\n|turn|16\n|\n|t:|1699284048\n|move|p1a: Palkia|Spacial Rend|p2a: fin\n|-damage|p2a: fin|0 fnt\n|faint|p2a: fin\n|\n|upkeep\n|\n|t:|1699284055\n|switch|p2a: spath|Espathra, F|70\/100\n|-damage|p2a: spath|58\/100|[from] Spikes\n|turn|17\n|\n|t:|1699284063\n|-terastallize|p2a: spath|Fairy\n|move|p1a: Palkia|Spacial Rend|p2a: spath\n|-immune|p2a: spath\n|move|p2a: spath|Calm Mind|p2a: spath\n|-boost|p2a: spath|spa|1\n|-boost|p2a: spath|spd|1\n|\n|-heal|p2a: spath|64\/100|[from] item: Leftovers\n|-ability|p2a: spath|Speed Boost|boost\n|-boost|p2a: spath|spe|1\n|upkeep\n|turn|18\n|\n|t:|1699284075\n|switch|p1a: Dialga|Dialga|100\/100\n|-ability|p1a: Dialga|Pressure\n|move|p2a: spath|Dazzling Gleam|p1a: Dialga\n|-damage|p1a: Dialga|69\/100\n|\n|-heal|p2a: spath|70\/100|[from] item: Leftovers\n|-heal|p1a: Dialga|75\/100|[from] item: Leftovers\n|-ability|p2a: spath|Speed Boost|boost\n|-boost|p2a: spath|spe|1\n|upkeep\n|turn|19\n|\n|t:|1699284086\n|-terastallize|p1a: Dialga|Fairy\n|move|p2a: spath|Protect|p2a: spath\n|-singleturn|p2a: spath|Protect\n|move|p1a: Dialga|Stealth Rock|p2a: spath\n|-sidestart|p2: hannah_xyz|move: Stealth Rock\n|\n|-heal|p2a: spath|76\/100|[from] item: Leftovers\n|-heal|p1a: Dialga|82\/100|[from] item: Leftovers\n|-ability|p2a: spath|Speed Boost|boost\n|-boost|p2a: spath|spe|1\n|upkeep\n|turn|20\n|\n|t:|1699284098\n|move|p2a: spath|Dazzling Gleam|p1a: Dialga\n|-damage|p1a: Dialga|55\/100\n|move|p1a: Dialga|Flash Cannon|p2a: spath\n|-supereffective|p2a: spath\n|-damage|p2a: spath|4\/100\n|\n|-heal|p2a: spath|11\/100|[from] item: Leftovers\n|-heal|p1a: Dialga|61\/100|[from] item: Leftovers\n|-ability|p2a: spath|Speed Boost|boost\n|-boost|p2a: spath|spe|1\n|upkeep\n|turn|21\n|\n|t:|1699284102\n|move|p2a: spath|Dazzling Gleam|p1a: Dialga\n|-damage|p1a: Dialga|32\/100\n|move|p1a: Dialga|Flash Cannon|p2a: spath\n|-supereffective|p2a: spath\n|-damage|p2a: spath|0 fnt\n|faint|p2a: spath\n|\n|-heal|p1a: Dialga|39\/100|[from] item: Leftovers\n|upkeep\n|\n|t:|1699284108\n|switch|p2a: liz|Cyclizar, M|57\/100\n|-damage|p2a: liz|45\/100|[from] Spikes\n|-damage|p2a: liz|33\/100|[from] Stealth Rock\n|turn|22\n|\n|t:|1699284113\n|move|p2a: liz|Rapid Spin|p1a: Dialga\n|-damage|p1a: Dialga|25\/100\n|-boost|p2a: liz|spe|1\n|-sideend|p2: hannah_xyz|Spikes|[from] move: Rapid Spin|[of] p2a: liz\n|-sideend|p2: hannah_xyz|Stealth Rock|[from] move: Rapid Spin|[of] p2a: liz\n|move|p1a: Dialga|Roar|p2a: liz\n|drag|p2a: spec|Spectrier|100\/100\n|\n|-heal|p1a: Dialga|31\/100|[from] item: Leftovers\n|upkeep\n|turn|23\n|\n|t:|1699284133\n|move|p2a: spec|Substitute|p2a: spec\n|-start|p2a: spec|Substitute\n|-damage|p2a: spec|76\/100\n|move|p1a: Dialga|Stealth Rock|p2a: spec\n|-sidestart|p2: hannah_xyz|move: Stealth Rock\n|\n|-heal|p2a: spec|82\/100|[from] item: Leftovers\n|-heal|p1a: Dialga|38\/100|[from] item: Leftovers\n|upkeep\n|turn|24\n|\n|t:|1699284136\n|move|p2a: spec|Shadow Ball|p1a: Dialga\n|-damage|p1a: Dialga|4\/100\n|move|p1a: Dialga|Roar|p2a: spec\n|drag|p2a: liz|Cyclizar, M|66\/100\n|-damage|p2a: liz|54\/100|[from] Stealth Rock\n|\n|-heal|p1a: Dialga|10\/100|[from] item: Leftovers\n|upkeep\n|turn|25\n|\n|t:|1699284145\n|move|p2a: liz|Rapid Spin|p1a: Dialga\n|-damage|p1a: Dialga|0 fnt\n|-boost|p2a: liz|spe|1\n|-sideend|p2: hannah_xyz|Stealth Rock|[from] move: Rapid Spin|[of] p2a: liz\n|faint|p1a: Dialga\n|\n|upkeep\n|\n|t:|1699284154\n|switch|p1a: Arceus|Arceus-Poison|79\/100\n|turn|26\n|\n|t:|1699284159\n|switch|p2a: lando|Landorus, M|100\/100\n|move|p1a: Arceus|Taunt|p2a: lando\n|-start|p2a: lando|move: Taunt\n|\n|upkeep\n|turn|27\n|\n|t:|1699284167\n|switch|p1a: Palkia|Palkia-Origin|100\/100\n|-ability|p1a: Palkia|Pressure\n|move|p2a: lando|Earth Power|p1a: Palkia\n|-crit|p1a: Palkia\n|-damage|p1a: Palkia|0 fnt\n|faint|p1a: Palkia\n|\n|upkeep\n|c|\u2606F-00_MC|wtf\n|\n|t:|1699284178\n|switch|p1a: Arceus|Arceus-Poison|79\/100\n|turn|28\n|\n|t:|1699284183\n|move|p1a: Arceus|Judgment|p2a: lando\n|-resisted|p2a: lando\n|-damage|p2a: lando|70\/100\n|move|p2a: lando|Earth Power|p1a: Arceus\n|-supereffective|p1a: Arceus\n|-damage|p1a: Arceus|0 fnt\n|faint|p1a: Arceus\n|\n|-end|p2a: lando|move: Taunt\n|upkeep\n|c|\u2606hannah_xyz|:)\n|\n|t:|1699284187\n|switch|p1a: Magearna|Magearna|41\/100\n|turn|29\n|\n|t:|1699284192\n|move|p2a: lando|Earth Power|p1a: Magearna\n|-supereffective|p1a: Magearna\n|-damage|p1a: Magearna|0 fnt\n|faint|p1a: Magearna\n|\n|win|hannah_xyz\n|c|\u2606hannah_xyz|gg\n|c|\u2606F-00_MC|1 - 0\n|l|\u2606F-00_MC\n|j|\u2606F-00_MC\n|player|p1|F-00_MC|hilbert\n","uploadtime":1699284204,"views":44,"p1id":"f00mc","p2id":"hannahxyz","formatid":"gen9ubers","rating":0,"private":0,"password":""}