{"id":"gen9ubers-1979983398","p1":"SEUIf","p2":"pokemonmasterdu35","format":"[Gen 9] Ubers","log":"|j|\u2606SEUIf\n|j|\u2606pokemonmasterdu35\n|t:|1698741645\n|gametype|singles\n|player|p1|SEUIf|ingo-hisui|1283\n|player|p2|pokemonmasterdu35|101|1226\n|teamsize|p1|6\n|teamsize|p2|6\n|gen|9\n|tier|[Gen 9] Ubers\n|rated|\n|rule|Sleep Clause Mod: Limit one foe put to sleep\n|rule|Species Clause: Limit one of each Pok\u00e9mon\n|rule|OHKO Clause: OHKO moves are banned\n|rule|Evasion Items Clause: Evasion items are banned\n|rule|Evasion Moves Clause: Evasion moves are banned\n|rule|Endless Battle Clause: Forcing endless battles is banned\n|rule|HP Percentage Mod: HP is shown in percentages\n|clearpoke\n|poke|p1|Kingambit, M|\n|poke|p1|Miraidon|\n|poke|p1|Iron Bundle|\n|poke|p1|Ting-Lu|\n|poke|p1|Skeledirge, F|\n|poke|p1|Corviknight, F|\n|poke|p2|Ribombee, M|\n|poke|p2|Kyogre|\n|poke|p2|Miraidon|\n|poke|p2|Koraidon|\n|poke|p2|Skeledirge, M|\n|poke|p2|Arceus-Fairy|\n|teampreview\n|inactive|Battle timer is ON: inactive players will automatically lose when time's up. (requested by pokemonmasterdu35)\n|\n|t:|1698741669\n|start\n|switch|p1a: Miraidon|Miraidon|100\/100\n|switch|p2a: Skeledirge|Skeledirge, M|100\/100\n|-fieldstart|move: Electric Terrain|[from] ability: Hadron Engine|[of] p1a: Miraidon\n|turn|1\n|\n|t:|1698741676\n|move|p1a: Miraidon|U-turn|p2a: Skeledirge\n|-resisted|p2a: Skeledirge\n|-damage|p2a: Skeledirge|98\/100\n|inactive|SEUIf has 120 seconds left.\n|\n|t:|1698741731\n|switch|p1a: Ting-Lu|Ting-Lu|100\/100|[from] U-turn\n|-ability|p1a: Ting-Lu|Vessel of Ruin\n|move|p2a: Skeledirge|Torch Song|p1a: Ting-Lu\n|-damage|p1a: Ting-Lu|89\/100\n|-boost|p2a: Skeledirge|spa|1\n|\n|-heal|p2a: Skeledirge|100\/100|[from] item: Leftovers\n|-heal|p1a: Ting-Lu|95\/100|[from] item: Leftovers\n|upkeep\n|turn|2\n|\n|t:|1698741751\n|switch|p2a: Koraidon|Koraidon|100\/100\n|-weather|SunnyDay|[from] ability: Orichalcum Pulse|[of] p2a: Koraidon\n|-activate|p2a: Koraidon|Orichalcum Pulse|[source]\n|move|p1a: Ting-Lu|Earthquake|p2a: Koraidon\n|-damage|p2a: Koraidon|67\/100\n|\n|-weather|SunnyDay|[upkeep]\n|-heal|p1a: Ting-Lu|100\/100|[from] item: Leftovers\n|upkeep\n|turn|3\n|\n|t:|1698741765\n|switch|p1a: Skeledirge|Skeledirge, F|100\/100\n|move|p2a: Koraidon|U-turn|p1a: Skeledirge\n|-resisted|p1a: Skeledirge\n|-damage|p1a: Skeledirge|93\/100\n|\n|t:|1698741774\n|switch|p2a: Kyogre|Kyogre|100\/100|[from] U-turn\n|-weather|RainDance|[from] ability: Drizzle|[of] p2a: Kyogre\n|\n|-weather|RainDance|[upkeep]\n|upkeep\n|turn|4\n|\n|t:|1698741790\n|switch|p1a: Iron Bundle|Iron Bundle|100\/100\n|-activate|p1a: Iron Bundle|ability: Quark Drive\n|-start|p1a: Iron Bundle|quarkdrivespe\n|move|p2a: Kyogre|Ice Beam|p1a: Iron Bundle\n|-resisted|p1a: Iron Bundle\n|-damage|p1a: Iron Bundle|84\/100\n|\n|-weather|RainDance|[upkeep]\n|upkeep\n|turn|5\n|\n|t:|1698741799\n|move|p1a: Iron Bundle|Encore|p2a: Kyogre\n|-start|p2a: Kyogre|Encore\n|move|p2a: Kyogre|Ice Beam|p1a: Iron Bundle\n|-resisted|p1a: Iron Bundle\n|-damage|p1a: Iron Bundle|65\/100\n|\n|-weather|RainDance|[upkeep]\n|-fieldend|move: Electric Terrain\n|-end|p1a: Iron Bundle|Quark Drive\n|upkeep\n|turn|6\n|\n|t:|1698741808\n|switch|p2a: Ribombee|Ribombee, M|100\/100\n|move|p1a: Iron Bundle|Freeze-Dry|p2a: Ribombee\n|-damage|p2a: Ribombee|37\/100\n|\n|-weather|RainDance|[upkeep]\n|upkeep\n|turn|7\n|inactive|SEUIf has 120 seconds left.\n|-message|pokemonmasterdu35 forfeited.\n|\n|win|SEUIf\n|raw|SEUIf's rating: 1283 &rarr; <strong>1304<\/strong><br \/>(+21 for winning)\n|raw|pokemonmasterdu35's rating: 1226 &rarr; <strong>1205<\/strong><br \/>(-21 for losing)\n|l|\u2606pokemonmasterdu35\n","uploadtime":1698741877,"views":11,"p1id":"seuif","p2id":"pokemonmasterdu35","formatid":"gen9ubers","rating":1205,"private":0,"password":""}