{"id":"gen9ubers-1995927705","p1":"Ceslva34","p2":"dkbhmt","format":"[Gen 9] Ubers","log":"|j|\u2606Ceslva34\n|j|\u2606dkbhmt\n|t:|1700618371\n|gametype|singles\n|player|p1|Ceslva34|rosa|1000\n|player|p2|dkbhmt|101|1000\n|teamsize|p1|6\n|teamsize|p2|6\n|gen|9\n|tier|[Gen 9] Ubers\n|rated|\n|rule|Sleep Clause Mod: Limit one foe put to sleep\n|rule|Species Clause: Limit one of each Pok\u00e9mon\n|rule|OHKO Clause: OHKO moves are banned\n|rule|Evasion Items Clause: Evasion items are banned\n|rule|Evasion Moves Clause: Evasion moves are banned\n|rule|Endless Battle Clause: Forcing endless battles is banned\n|rule|HP Percentage Mod: HP is shown in percentages\n|clearpoke\n|poke|p1|Urshifu-*, F|\n|poke|p1|Chi-Yu|\n|poke|p1|Ursaluna-Bloodmoon, M|\n|poke|p1|Roaring Moon|\n|poke|p1|Koraidon|\n|poke|p1|Ribombee, F|\n|poke|p2|Ceruledge, M|\n|poke|p2|Kingambit, M|\n|poke|p2|Dragonite, M|\n|poke|p2|Slowking-Galar, M|\n|poke|p2|Heatran, M|\n|poke|p2|Ninetales-Alola, F|\n|teampreview\n|\n|t:|1700618381\n|start\n|switch|p1a: Ribombee|Ribombee, F|100\/100\n|switch|p2a: Ceruledge|Ceruledge, M, shiny|100\/100\n|turn|1\n|\n|t:|1700618394\n|move|p1a: Ribombee|Sticky Web|p2a: Ceruledge\n|-sidestart|p2: dkbhmt|move: Sticky Web\n|move|p2a: Ceruledge|Shadow Ball|p1a: Ribombee\n|-damage|p1a: Ribombee|72\/100\n|\n|upkeep\n|turn|2\n|\n|t:|1700618400\n|move|p1a: Ribombee|Quiver Dance|p1a: Ribombee\n|-boost|p1a: Ribombee|spa|1\n|-boost|p1a: Ribombee|spd|1\n|-boost|p1a: Ribombee|spe|1\n|move|p2a: Ceruledge|Shadow Ball|p1a: Ribombee\n|-damage|p1a: Ribombee|51\/100\n|\n|upkeep\n|turn|3\n|\n|t:|1700618417\n|-terastallize|p2a: Ceruledge|Fire\n|move|p1a: Ribombee|Quiver Dance|p1a: Ribombee\n|-boost|p1a: Ribombee|spa|1\n|-boost|p1a: Ribombee|spd|1\n|-boost|p1a: Ribombee|spe|1\n|move|p2a: Ceruledge|Shadow Ball|p1a: Ribombee\n|-damage|p1a: Ribombee|36\/100\n|-unboost|p1a: Ribombee|spd|1\n|\n|upkeep\n|turn|4\n|\n|t:|1700618425\n|move|p1a: Ribombee|Stored Power|p2a: Ceruledge\n|-damage|p2a: Ceruledge|13\/100\n|move|p2a: Ceruledge|Shadow Ball|p1a: Ribombee\n|-damage|p1a: Ribombee|16\/100\n|-unboost|p1a: Ribombee|spd|1\n|\n|upkeep\n|turn|5\n|\n|t:|1700618430\n|move|p1a: Ribombee|Stored Power|p2a: Ceruledge\n|-damage|p2a: Ceruledge|0 fnt\n|faint|p2a: Ceruledge\n|\n|upkeep\n|\n|t:|1700618440\n|switch|p2a: Kingambit|Kingambit, M, shiny|100\/100\n|-activate|p2a: Kingambit|move: Sticky Web\n|-unboost|p2a: Kingambit|spe|1\n|-activate|p2a: Kingambit|ability: Supreme Overlord\n|-start|p2a: Kingambit|fallen1|[silent]\n|turn|6\n|\n|t:|1700618452\n|move|p1a: Ribombee|Moonblast|p2a: Kingambit\n|-damage|p2a: Kingambit|4\/100\n|move|p2a: Kingambit|Flash Cannon|p1a: Ribombee\n|-supereffective|p1a: Ribombee\n|-damage|p1a: Ribombee|0 fnt\n|faint|p1a: Ribombee\n|\n|upkeep\n|\n|t:|1700618467\n|switch|p1a: Ursaluna|Ursaluna-Bloodmoon, M|100\/100\n|turn|7\n|\n|t:|1700618487\n|move|p1a: Ursaluna|Earth Power|p2a: Kingambit\n|-supereffective|p2a: Kingambit\n|-damage|p2a: Kingambit|0 fnt\n|faint|p2a: Kingambit\n|-end|p2a: Kingambit|fallen1|[silent]\n|\n|upkeep\n|\n|t:|1700618491\n|switch|p2a: Ninetales|Ninetales-Alola, F, shiny|100\/100\n|-activate|p2a: Ninetales|move: Sticky Web\n|-unboost|p2a: Ninetales|spe|1\n|turn|8\n|\n|t:|1700618501\n|move|p2a: Ninetales|Agility|p2a: Ninetales\n|-boost|p2a: Ninetales|spe|2\n|move|p1a: Ursaluna|Blood Moon|p2a: Ninetales\n|-damage|p2a: Ninetales|0 fnt\n|faint|p2a: Ninetales\n|\n|upkeep\n|-message|dkbhmt forfeited.\n|\n|win|Ceslva34\n|raw|Ceslva34's rating: 1000 &rarr; <strong>1040<\/strong><br \/>(+40 for winning)\n|raw|dkbhmt's rating: 1000 &rarr; <strong>1000<\/strong><br \/>(+0 for losing)\n|l|\u2606dkbhmt\n","uploadtime":1700618514,"views":1,"p1id":"ceslva34","p2id":"dkbhmt","formatid":"gen9ubers","rating":1000,"private":0,"password":""}