{"id":"gen9ubers-1974487801","p1":"gokuisverycool","p2":"Anne Frankkkk","format":"[Gen 9] Ubers","log":"|j|\u2606gokuisverycool\n|j|\u2606Anne Frankkkk\n|t:|1698091109\n|gametype|singles\n|player|p1|gokuisverycool|2|1169\n|player|p2|Anne Frankkkk|hilbert|1120\n|teamsize|p1|6\n|teamsize|p2|6\n|gen|9\n|tier|[Gen 9] Ubers\n|rated|\n|rule|Sleep Clause Mod: Limit one foe put to sleep\n|rule|Species Clause: Limit one of each Pok\u00e9mon\n|rule|OHKO Clause: OHKO moves are banned\n|rule|Evasion Items Clause: Evasion items are banned\n|rule|Evasion Moves Clause: Evasion moves are banned\n|rule|Endless Battle Clause: Forcing endless battles is banned\n|rule|HP Percentage Mod: HP is shown in percentages\n|clearpoke\n|poke|p1|Urshifu-*, M|\n|poke|p1|Ogerpon-Hearthflame, F|\n|poke|p1|Baxcalibur, M|\n|poke|p1|Arceus-Ground|\n|poke|p1|Flutter Mane|\n|poke|p1|Zacian-*|\n|poke|p2|Iron Hands|\n|poke|p2|Kyogre|\n|poke|p2|Chien-Pao|\n|poke|p2|Ribombee, M|\n|poke|p2|Miraidon|\n|poke|p2|Flutter Mane|\n|teampreview\n|\n|t:|1698091124\n|start\n|switch|p1a: Soulhacker|Flutter Mane|100\/100\n|switch|p2a: Ribombee|Ribombee, M, shiny|100\/100\n|-enditem|p1a: Soulhacker|Booster Energy\n|-activate|p1a: Soulhacker|ability: Protosynthesis|[fromitem]\n|-start|p1a: Soulhacker|protosynthesisspe\n|turn|1\n|inactive|Battle timer is ON: inactive players will automatically lose when time's up. (requested by Anne Frankkkk)\n|\n|t:|1698091149\n|move|p1a: Soulhacker|Calm Mind|p1a: Soulhacker\n|-boost|p1a: Soulhacker|spa|1\n|-boost|p1a: Soulhacker|spd|1\n|move|p2a: Ribombee|Sticky Web|p1a: Soulhacker\n|-sidestart|p1: gokuisverycool|move: Sticky Web\n|\n|upkeep\n|turn|2\n|\n|t:|1698091161\n|move|p1a: Soulhacker|Calm Mind|p1a: Soulhacker\n|-boost|p1a: Soulhacker|spa|1\n|-boost|p1a: Soulhacker|spd|1\n|move|p2a: Ribombee|Stun Spore|p1a: Soulhacker\n|-status|p1a: Soulhacker|par\n|\n|upkeep\n|turn|3\n|\n|t:|1698091167\n|move|p2a: Ribombee|Moonblast|p1a: Soulhacker\n|-damage|p1a: Soulhacker|80\/100 par\n|move|p1a: Soulhacker|Shadow Ball|p2a: Ribombee\n|-enditem|p2a: Ribombee|Focus Sash\n|-damage|p2a: Ribombee|1\/100\n|\n|upkeep\n|turn|4\n|\n|t:|1698091174\n|move|p2a: Ribombee|Moonblast|p1a: Soulhacker\n|-damage|p1a: Soulhacker|58\/100 par\n|-unboost|p1a: Soulhacker|spa|1\n|move|p1a: Soulhacker|Shadow Ball|p2a: Ribombee\n|-damage|p2a: Ribombee|0 fnt\n|faint|p2a: Ribombee\n|\n|upkeep\n|\n|t:|1698091181\n|switch|p2a: Chien-Pao|Chien-Pao|100\/100\n|-ability|p2a: Chien-Pao|Sword of Ruin\n|turn|5\n|\n|t:|1698091186\n|move|p2a: Chien-Pao|Sucker Punch|p1a: Soulhacker\n|-damage|p1a: Soulhacker|0 fnt\n|faint|p1a: Soulhacker\n|-end|p1a: Soulhacker|Protosynthesis|[silent]\n|-damage|p2a: Chien-Pao|91\/100|[from] item: Life Orb\n|\n|upkeep\n|\n|t:|1698091215\n|switch|p1a: Incursor|Urshifu-Rapid-Strike, M|100\/100\n|-activate|p1a: Incursor|move: Sticky Web\n|-unboost|p1a: Incursor|spe|1\n|turn|6\n|\n|t:|1698091224\n|switch|p2a: Flutter Mane|Flutter Mane, shiny|100\/100\n|-enditem|p2a: Flutter Mane|Booster Energy\n|-activate|p2a: Flutter Mane|ability: Protosynthesis|[fromitem]\n|-start|p2a: Flutter Mane|protosynthesisspe\n|move|p1a: Incursor|Close Combat|p2a: Flutter Mane\n|-immune|p2a: Flutter Mane\n|\n|upkeep\n|turn|7\n|\n|t:|1698091235\n|switch|p1a: Lost Vanguard|Arceus-Ground|100\/100\n|-activate|p1a: Lost Vanguard|move: Sticky Web\n|-unboost|p1a: Lost Vanguard|spe|1\n|move|p2a: Flutter Mane|Moonblast|p1a: Lost Vanguard\n|-damage|p1a: Lost Vanguard|69\/100\n|\n|upkeep\n|turn|8\n|\n|t:|1698091244\n|move|p2a: Flutter Mane|Calm Mind|p2a: Flutter Mane\n|-boost|p2a: Flutter Mane|spa|1\n|-boost|p2a: Flutter Mane|spd|1\n|move|p1a: Lost Vanguard|Calm Mind|p1a: Lost Vanguard\n|-boost|p1a: Lost Vanguard|spa|1\n|-boost|p1a: Lost Vanguard|spd|1\n|\n|upkeep\n|turn|9\n|\n|t:|1698091251\n|move|p2a: Flutter Mane|Calm Mind|p2a: Flutter Mane\n|-boost|p2a: Flutter Mane|spa|1\n|-boost|p2a: Flutter Mane|spd|1\n|move|p1a: Lost Vanguard|Calm Mind|p1a: Lost Vanguard\n|-boost|p1a: Lost Vanguard|spa|1\n|-boost|p1a: Lost Vanguard|spd|1\n|\n|upkeep\n|turn|10\n|\n|t:|1698091257\n|move|p2a: Flutter Mane|Moonblast|p1a: Lost Vanguard\n|-damage|p1a: Lost Vanguard|35\/100\n|-unboost|p1a: Lost Vanguard|spa|1\n|move|p1a: Lost Vanguard|Calm Mind|p1a: Lost Vanguard\n|-boost|p1a: Lost Vanguard|spa|1\n|-boost|p1a: Lost Vanguard|spd|1\n|\n|upkeep\n|turn|11\n|\n|t:|1698091265\n|move|p2a: Flutter Mane|Moonblast|p1a: Lost Vanguard\n|-damage|p1a: Lost Vanguard|9\/100\n|-unboost|p1a: Lost Vanguard|spa|1\n|move|p1a: Lost Vanguard|Judgment|p2a: Flutter Mane\n|-damage|p2a: Flutter Mane|62\/100\n|\n|upkeep\n|turn|12\n|\n|t:|1698091274\n|move|p2a: Flutter Mane|Moonblast|p1a: Lost Vanguard\n|-damage|p1a: Lost Vanguard|0 fnt\n|faint|p1a: Lost Vanguard\n|\n|upkeep\n|\n|t:|1698091285\n|switch|p1a: Seraph|Zacian-Crowned|100\/100\n|-activate|p1a: Seraph|move: Sticky Web\n|-unboost|p1a: Seraph|spe|1\n|-ability|p1a: Seraph|Intrepid Sword|boost\n|-boost|p1a: Seraph|atk|1\n|turn|13\n|\n|t:|1698091297\n|move|p2a: Flutter Mane|Shadow Ball|p1a: Seraph\n|-damage|p1a: Seraph|17\/100\n|move|p1a: Seraph|Crunch|p2a: Flutter Mane\n|-damage|p2a: Flutter Mane|0 fnt\n|faint|p2a: Flutter Mane\n|-end|p2a: Flutter Mane|Protosynthesis|[silent]\n|\n|upkeep\n|\n|t:|1698091303\n|switch|p2a: Chien-Pao|Chien-Pao|91\/100\n|-ability|p2a: Chien-Pao|Sword of Ruin\n|turn|14\n|\n|t:|1698091308\n|move|p2a: Chien-Pao|Sucker Punch|p1a: Seraph\n|-resisted|p1a: Seraph\n|-damage|p1a: Seraph|0 fnt\n|faint|p1a: Seraph\n|-damage|p2a: Chien-Pao|81\/100|[from] item: Life Orb\n|\n|upkeep\n|\n|t:|1698091313\n|switch|p1a: Ogre|Ogerpon-Hearthflame, F|100\/100\n|-activate|p1a: Ogre|move: Sticky Web\n|-unboost|p1a: Ogre|spe|1\n|-ability|p1a: Ogre|Mold Breaker\n|turn|15\n|\n|t:|1698091320\n|move|p2a: Chien-Pao|Sacred Sword|p1a: Ogre\n|-damage|p1a: Ogre|22\/100\n|-damage|p2a: Chien-Pao|71\/100|[from] item: Life Orb\n|move|p1a: Ogre|Ivy Cudgel|p2a: Chien-Pao\n|-supereffective|p2a: Chien-Pao\n|-damage|p2a: Chien-Pao|0 fnt\n|faint|p2a: Chien-Pao\n|\n|upkeep\n|\n|t:|1698091329\n|switch|p2a: Kyogre|Kyogre|100\/100\n|-weather|RainDance|[from] ability: Drizzle|[of] p2a: Kyogre\n|turn|16\n|\n|t:|1698091335\n|-terastallize|p2a: Kyogre|Water\n|move|p2a: Kyogre|Water Spout|p1a: Ogre\n|-damage|p1a: Ogre|0 fnt\n|faint|p1a: Ogre\n|\n|-weather|RainDance|[upkeep]\n|upkeep\n|\n|t:|1698091354\n|switch|p1a: Guardian Commander|Baxcalibur, M|100\/100\n|-activate|p1a: Guardian Commander|move: Sticky Web\n|-unboost|p1a: Guardian Commander|spe|1\n|turn|17\n|\n|t:|1698091365\n|move|p2a: Kyogre|Water Spout|p1a: Guardian Commander\n|-resisted|p1a: Guardian Commander\n|-damage|p1a: Guardian Commander|0 fnt\n|faint|p1a: Guardian Commander\n|\n|-weather|RainDance|[upkeep]\n|upkeep\n|\n|t:|1698091370\n|switch|p1a: Incursor|Urshifu-Rapid-Strike, M|100\/100\n|-activate|p1a: Incursor|move: Sticky Web\n|-unboost|p1a: Incursor|spe|1\n|turn|18\n|\n|t:|1698091375\n|move|p2a: Kyogre|Water Spout|p1a: Incursor\n|-resisted|p1a: Incursor\n|-damage|p1a: Incursor|0 fnt\n|faint|p1a: Incursor\n|\n|win|Anne Frankkkk\n|raw|gokuisverycool's rating: 1169 &rarr; <strong>1140<\/strong><br \/>(-29 for losing)\n|raw|Anne Frankkkk's rating: 1120 &rarr; <strong>1149<\/strong><br \/>(+29 for winning)\n|c|\u2606gokuisverycool|gg\n|l|\u2606gokuisverycool\n","uploadtime":1698091385,"views":12,"p1id":"gokuisverycool","p2id":"annefrankkkk","formatid":"gen9ubers","rating":1140,"private":0,"password":""}