{"id":"gen9ubers-1970915082","p1":"starfire77","p2":"EriorYT","format":"[Gen 9] Ubers","log":"|j|\u2606starfire77\n|j|\u2606EriorYT\n|t:|1697680340\n|gametype|singles\n|player|p1|starfire77|hoopster|\n|player|p2|EriorYT|saguaro|\n|teamsize|p1|6\n|teamsize|p2|6\n|gen|9\n|tier|[Gen 9] Ubers\n|rated|Tournament battle\n|rule|Sleep Clause Mod: Limit one foe put to sleep\n|rule|Species Clause: Limit one of each Pok\u00e9mon\n|rule|OHKO Clause: OHKO moves are banned\n|rule|Evasion Items Clause: Evasion items are banned\n|rule|Evasion Moves Clause: Evasion moves are banned\n|rule|Endless Battle Clause: Forcing endless battles is banned\n|rule|HP Percentage Mod: HP is shown in percentages\n|clearpoke\n|poke|p1|Glimmora, F|\n|poke|p1|Miraidon|\n|poke|p1|Koraidon|\n|poke|p1|Flutter Mane|\n|poke|p1|Indeedee-F, F|\n|poke|p1|Basculegion, M|\n|poke|p2|Miraidon|\n|poke|p2|Blissey, F|\n|poke|p2|Toxapex, F|\n|poke|p2|Iron Bundle|\n|poke|p2|Koraidon|\n|poke|p2|Giratina|\n|teampreview\n|inactive|Battle timer is ON: inactive players will automatically lose when time's up. (requested by starfire77)\n|j|+OreoSpeedruns\n|\n|t:|1697680366\n|start\n|switch|p1a: Flutter Mane|Flutter Mane|100\/100\n|switch|p2a: Iron Bundle|Iron Bundle|100\/100\n|-enditem|p1a: Flutter Mane|Booster Energy\n|-activate|p1a: Flutter Mane|ability: Protosynthesis|[fromitem]\n|-start|p1a: Flutter Mane|protosynthesisspe\n|turn|1\n|inactive|EriorYT has 120 seconds left.\n|\n|t:|1697680398\n|-end|p2a: Iron Bundle|Quark Drive|[silent]\n|switch|p2a: Blissey|Blissey, F|100\/100\n|move|p1a: Flutter Mane|Energy Ball|p2a: Blissey\n|-damage|p2a: Blissey|90\/100\n|\n|upkeep\n|turn|2\n|\n|t:|1697680406\n|move|p1a: Flutter Mane|Protect|p1a: Flutter Mane\n|-singleturn|p1a: Flutter Mane|Protect\n|move|p2a: Blissey|Thunder Wave|p1a: Flutter Mane\n|-activate|p1a: Flutter Mane|move: Protect\n|\n|upkeep\n|turn|3\n|\n|t:|1697680415\n|-end|p1a: Flutter Mane|Protosynthesis|[silent]\n|switch|p1a: Glimmora|Glimmora, F|100\/100\n|move|p2a: Blissey|Stealth Rock|p1a: Glimmora\n|-sidestart|p1: starfire77|move: Stealth Rock\n|\n|upkeep\n|turn|4\n|\n|t:|1697680428\n|switch|p2a: Iron Bundle|Iron Bundle|100\/100\n|move|p1a: Glimmora|Stealth Rock|p2a: Iron Bundle\n|-sidestart|p2: EriorYT|move: Stealth Rock\n|\n|upkeep\n|turn|5\n|\n|t:|1697680437\n|move|p2a: Iron Bundle|Encore|p1a: Glimmora\n|-start|p1a: Glimmora|Encore\n|move|p1a: Glimmora|Stealth Rock||[still]\n|-fail|p1a: Glimmora\n|\n|upkeep\n|turn|6\n|\n|t:|1697680447\n|switch|p1a: Koraidon|Koraidon|100\/100\n|-damage|p1a: Koraidon|94\/100|[from] Stealth Rock\n|-weather|SunnyDay|[from] ability: Orichalcum Pulse|[of] p1a: Koraidon\n|-activate|p1a: Koraidon|Orichalcum Pulse|[source]\n|move|p2a: Iron Bundle|Hydro Pump|p1a: Koraidon\n|-resisted|p1a: Koraidon\n|-damage|p1a: Koraidon|82\/100\n|\n|-weather|SunnyDay|[upkeep]\n|upkeep\n|turn|7\n|\n|t:|1697680454\n|move|p2a: Iron Bundle|Ice Beam|p1a: Koraidon\n|-supereffective|p1a: Koraidon\n|-damage|p1a: Koraidon|0 fnt\n|faint|p1a: Koraidon\n|\n|-weather|SunnyDay|[upkeep]\n|upkeep\n|\n|t:|1697680465\n|switch|p1a: Flutter Mane|Flutter Mane|100\/100\n|-damage|p1a: Flutter Mane|88\/100|[from] Stealth Rock\n|-activate|p1a: Flutter Mane|ability: Protosynthesis\n|-start|p1a: Flutter Mane|protosynthesisspe\n|turn|8\n|\n|t:|1697680478\n|-end|p1a: Flutter Mane|Protosynthesis|[silent]\n|switch|p1a: Glimmora|Glimmora, F|100\/100\n|-damage|p1a: Glimmora|88\/100|[from] Stealth Rock\n|-end|p2a: Iron Bundle|Quark Drive|[silent]\n|switch|p2a: Blissey|Blissey, F|90\/100\n|\n|-weather|SunnyDay|[upkeep]\n|upkeep\n|turn|9\n|\n|t:|1697680485\n|move|p1a: Glimmora|Mortal Spin|p2a: Blissey\n|-damage|p2a: Blissey|84\/100\n|-status|p2a: Blissey|psn\n|-sideend|p1: starfire77|Stealth Rock|[from] move: Mortal Spin|[of] p1a: Glimmora\n|move|p2a: Blissey|Thunder Wave|p1a: Glimmora\n|-status|p1a: Glimmora|par\n|\n|-weather|SunnyDay|[upkeep]\n|-damage|p2a: Blissey|71\/100 psn|[from] psn\n|upkeep\n|turn|10\n|\n|t:|1697680493\n|-curestatus|p2a: Blissey|psn|[from] ability: Natural Cure\n|switch|p2a: Giratina|Giratina|100\/100\n|-ability|p2a: Giratina|Pressure\n|move|p1a: Glimmora|Spikes|p2a: Giratina\n|-sidestart|p2: EriorYT|Spikes\n|\n|-weather|none\n|upkeep\n|turn|11\n|j| ZowwyCafe\u2764\n|\n|t:|1697680503\n|move|p2a: Giratina|Will-O-Wisp||[still]\n|-fail|p2a: Giratina\n|move|p1a: Glimmora|Spikes|p2a: Giratina\n|-sidestart|p2: EriorYT|Spikes\n|\n|upkeep\n|turn|12\n|\n|t:|1697680507\n|move|p2a: Giratina|Defog|p1a: Glimmora\n|-unboost|p1a: Glimmora|evasion|1\n|-sideend|p2: EriorYT|Spikes|[from] move: Defog|[of] p2a: Giratina\n|-sideend|p2: EriorYT|Stealth Rock|[from] move: Defog|[of] p2a: Giratina\n|move|p1a: Glimmora|Spikes|p2a: Giratina\n|-sidestart|p2: EriorYT|Spikes\n|\n|upkeep\n|turn|13\n|\n|t:|1697680511\n|move|p2a: Giratina|Defog|p1a: Glimmora\n|-unboost|p1a: Glimmora|evasion|1\n|-sideend|p2: EriorYT|Spikes|[from] move: Defog|[of] p2a: Giratina\n|move|p1a: Glimmora|Stealth Rock|p2a: Giratina\n|-sidestart|p2: EriorYT|move: Stealth Rock\n|\n|upkeep\n|turn|14\n|\n|t:|1697680517\n|move|p2a: Giratina|Defog|p1a: Glimmora\n|-unboost|p1a: Glimmora|evasion|1\n|-sideend|p2: EriorYT|Stealth Rock|[from] move: Defog|[of] p2a: Giratina\n|move|p1a: Glimmora|Mortal Spin|p2a: Giratina\n|-resisted|p2a: Giratina\n|-damage|p2a: Giratina|99\/100\n|-status|p2a: Giratina|psn\n|\n|-damage|p2a: Giratina|86\/100 psn|[from] psn\n|upkeep\n|turn|15\n|l| ZowwyCafe\u2764\n|\n|t:|1697680536\n|switch|p2a: Iron Bundle|Iron Bundle|100\/100\n|move|p1a: Glimmora|Stealth Rock|p2a: Iron Bundle\n|-sidestart|p2: EriorYT|move: Stealth Rock\n|\n|upkeep\n|turn|16\n|j| LanternComic\n|\n|t:|1697680550\n|switch|p1a: Miraidon|Miraidon|100\/100\n|-fieldstart|move: Electric Terrain|[from] ability: Hadron Engine|[of] p1a: Miraidon\n|-activate|p2a: Iron Bundle|ability: Quark Drive\n|-start|p2a: Iron Bundle|quarkdrivespe\n|move|p2a: Iron Bundle|Ice Beam|p1a: Miraidon\n|-supereffective|p1a: Miraidon\n|-crit|p1a: Miraidon\n|-enditem|p1a: Miraidon|Focus Sash\n|-damage|p1a: Miraidon|1\/100\n|\n|upkeep\n|turn|17\n|\n|t:|1697680561\n|move|p2a: Iron Bundle|Ice Beam|p1a: Miraidon\n|-supereffective|p1a: Miraidon\n|-damage|p1a: Miraidon|0 fnt\n|faint|p1a: Miraidon\n|\n|upkeep\n|\n|t:|1697680573\n|switch|p1a: Glimmora|Glimmora, F|88\/100 par\n|turn|18\n|\n|t:|1697680580\n|move|p2a: Iron Bundle|Hydro Pump|p1a: Glimmora\n|-supereffective|p1a: Glimmora\n|-damage|p1a: Glimmora|0 fnt\n|faint|p1a: Glimmora\n|\n|upkeep\n|\n|t:|1697680584\n|switch|p1a: Flutter Mane|Flutter Mane|88\/100\n|turn|19\n|\n|t:|1697680588\n|move|p1a: Flutter Mane|Protect|p1a: Flutter Mane\n|-singleturn|p1a: Flutter Mane|Protect\n|move|p2a: Iron Bundle|Hydro Pump|p1a: Flutter Mane\n|-activate|p1a: Flutter Mane|move: Protect\n|\n|upkeep\n|turn|20\n|\n|t:|1697680595\n|move|p2a: Iron Bundle|Encore|p1a: Flutter Mane\n|-start|p1a: Flutter Mane|Encore\n|move|p1a: Flutter Mane|Protect||[still]\n|-fail|p1a: Flutter Mane\n|\n|-fieldend|move: Electric Terrain\n|-end|p2a: Iron Bundle|Quark Drive\n|upkeep\n|turn|21\n|\n|t:|1697680603\n|move|p1a: Flutter Mane|Protect|p1a: Flutter Mane\n|-singleturn|p1a: Flutter Mane|Protect\n|move|p2a: Iron Bundle|Ice Beam|p1a: Flutter Mane\n|-activate|p1a: Flutter Mane|move: Protect\n|\n|upkeep\n|turn|22\n|\n|t:|1697680620\n|-end|p1a: Flutter Mane|Protosynthesis|[silent]\n|switch|p1a: Indeedee|Indeedee-F, F|100\/100\n|-fieldstart|move: Psychic Terrain|[from] ability: Psychic Surge|[of] p1a: Indeedee\n|move|p2a: Iron Bundle|Hydro Pump|p1a: Indeedee\n|-damage|p1a: Indeedee|52\/100\n|\n|upkeep\n|turn|23\n|\n|t:|1697680637\n|-end|p2a: Iron Bundle|Quark Drive|[silent]\n|switch|p2a: Koraidon|Koraidon|100\/100\n|-damage|p2a: Koraidon|94\/100|[from] Stealth Rock\n|-weather|SunnyDay|[from] ability: Orichalcum Pulse|[of] p2a: Koraidon\n|-activate|p2a: Koraidon|Orichalcum Pulse|[source]\n|move|p1a: Indeedee|Healing Wish|p1a: Indeedee\n|faint|p1a: Indeedee\n|\n|-weather|SunnyDay|[upkeep]\n|upkeep\n|\n|t:|1697680655\n|switch|p1a: Basculegion|Basculegion, M|100\/100\n|turn|24\n|\n|t:|1697680665\n|move|p2a: Koraidon|U-turn|p1a: Basculegion\n|-resisted|p1a: Basculegion\n|-damage|p1a: Basculegion|75\/100\n|\n|t:|1697680668\n|switch|p2a: Toxapex|Toxapex, F|100\/100|[from] U-turn\n|-damage|p2a: Toxapex|88\/100|[from] Stealth Rock\n|move|p1a: Basculegion|Agility|p1a: Basculegion\n|-boost|p1a: Basculegion|spe|2\n|\n|-weather|SunnyDay|[upkeep]\n|upkeep\n|turn|25\n|\n|t:|1697680677\n|move|p1a: Basculegion|Last Respects|p2a: Toxapex\n|-damage|p2a: Toxapex|0 fnt\n|faint|p2a: Toxapex\n|\n|-weather|SunnyDay|[upkeep]\n|upkeep\n|\n|t:|1697680686\n|switch|p2a: Koraidon|Koraidon|94\/100\n|-damage|p2a: Koraidon|88\/100|[from] Stealth Rock\n|-activate|p2a: Koraidon|ability: Orichalcum Pulse\n|turn|26\n|\n|t:|1697680692\n|move|p2a: Koraidon|Dragon Claw|p1a: Basculegion\n|-damage|p1a: Basculegion|0 fnt\n|faint|p1a: Basculegion\n|\n|-weather|SunnyDay|[upkeep]\n|upkeep\n|\n|t:|1697680704\n|switch|p1a: Flutter Mane|Flutter Mane|88\/100\n|-heal|p1a: Flutter Mane|100\/100|[from] move: Healing Wish\n|-activate|p1a: Flutter Mane|ability: Protosynthesis\n|-start|p1a: Flutter Mane|protosynthesisspe\n|turn|27\n|\n|t:|1697680710\n|switch|p2a: Blissey|Blissey, F|71\/100\n|move|p1a: Flutter Mane|Draining Kiss|p2a: Blissey\n|-damage|p2a: Blissey|62\/100\n|\n|-weather|none\n|-end|p1a: Flutter Mane|Protosynthesis\n|upkeep\n|turn|28\n|c|\u2606starfire77|gg\n|c|\u2606EriorYT|gg\n|-message|starfire77 forfeited.\n|\n|win|EriorYT\n|n|\u2606starfire77|starfire77\n|n|\u2606EriorYT|erioryt\n|n| OreoSpeedruns|oreospeedruns\n|n| LanternComic|lanterncomic\n","uploadtime":1697680729,"views":22,"p1id":"starfire77","p2id":"erioryt","formatid":"gen9ubers","rating":0,"private":0,"password":""}