{"id":"gen9ubers-1974927508","p1":"amosamoswong","p2":"KonoRyanDa","format":"[Gen 9] Ubers","log":"|j|\u2606amosamoswong\n|j|\u2606KonoRyanDa\n|t:|1698145722\n|gametype|singles\n|player|p1|amosamoswong|youngster-gen1|\n|player|p2|KonoRyanDa|swimmerf-gen4|\n|teamsize|p1|6\n|teamsize|p2|6\n|gen|9\n|tier|[Gen 9] Ubers\n|rule|Sleep Clause Mod: Limit one foe put to sleep\n|rule|Species Clause: Limit one of each Pok\u00e9mon\n|rule|OHKO Clause: OHKO moves are banned\n|rule|Evasion Items Clause: Evasion items are banned\n|rule|Evasion Moves Clause: Evasion moves are banned\n|rule|Endless Battle Clause: Forcing endless battles is banned\n|rule|HP Percentage Mod: HP is shown in percentages\n|clearpoke\n|poke|p1|Palafin, M|\n|poke|p1|Samurott-Hisui, M|\n|poke|p1|Pelipper, M|\n|poke|p1|Ninetales-Alola, M|\n|poke|p1|Giratina|\n|poke|p1|Palkia-Origin|\n|poke|p2|Giratina|\n|poke|p2|Ninetales-Alola, M|\n|poke|p2|Blissey, F|\n|poke|p2|Magearna|\n|poke|p2|Arceus-Poison|\n|poke|p2|Basculegion-F, F|\n|teampreview\n|c|\u2606KonoRyanDa|so\n|c|\u2606KonoRyanDa|your true strength\n|\n|t:|1698145789\n|start\n|switch|p1a: Palafin|Palafin, M|100\/100\n|switch|p2a: Ninetales|Ninetales-Alola, M|100\/100\n|-weather|Snow|[from] ability: Snow Warning|[of] p2a: Ninetales\n|turn|1\n|\n|t:|1698145801\n|detailschange|p1a: Palafin|Palafin-Hero, M\n|switch|p1a: Pelipper|Pelipper, M|100\/100\n|-weather|RainDance|[from] ability: Drizzle|[of] p1a: Pelipper\n|move|p2a: Ninetales|Freeze-Dry|p1a: Pelipper\n|-supereffective|p1a: Pelipper\n|-damage|p1a: Pelipper|0 fnt\n|faint|p1a: Pelipper\n|\n|-weather|RainDance|[upkeep]\n|upkeep\n|\n|t:|1698145806\n|switch|p1a: Palafin|Palafin-Hero, M|100\/100\n|-activate|p1a: Palafin|ability: Zero to Hero\n|turn|2\n|\n|t:|1698145818\n|switch|p2a: Giratina|Giratina|100\/100\n|-ability|p2a: Giratina|Pressure\n|-terastallize|p1a: Palafin|Water\n|move|p1a: Palafin|Jet Punch|p2a: Giratina\n|-resisted|p2a: Giratina\n|-damage|p2a: Giratina|80\/100\n|\n|-weather|RainDance|[upkeep]\n|-heal|p2a: Giratina|86\/100|[from] item: Leftovers\n|upkeep\n|turn|3\n|\n|t:|1698145842\n|switch|p1a: Ninetales|Ninetales-Alola, M|100\/100\n|-weather|Snow|[from] ability: Snow Warning|[of] p1a: Ninetales\n|move|p2a: Giratina|Will-O-Wisp|p1a: Ninetales\n|-status|p1a: Ninetales|brn\n|\n|-weather|Snow|[upkeep]\n|-heal|p2a: Giratina|92\/100|[from] item: Leftovers\n|-damage|p1a: Ninetales|95\/100 brn|[from] brn\n|upkeep\n|turn|4\n|\n|t:|1698145882\n|switch|p2a: Magearna|Magearna|100\/100\n|move|p1a: Ninetales|Aurora Veil|p1a: Ninetales\n|-sidestart|p1: amosamoswong|move: Aurora Veil\n|\n|-weather|Snow|[upkeep]\n|-damage|p1a: Ninetales|89\/100 brn|[from] brn\n|upkeep\n|turn|5\n|c|\u2606KonoRyanDa|i did smth very stupid\n|\n|t:|1698145911\n|switch|p1a: Giratina|Giratina|100\/100\n|-ability|p1a: Giratina|Pressure\n|switch|p2a: Blissey|Blissey, F|100\/100\n|\n|-weather|Snow|[upkeep]\n|upkeep\n|turn|6\n|\n|t:|1698145924\n|move|p1a: Giratina|Stone Edge|p2a: Blissey\n|-damage|p2a: Blissey|33\/100\n|move|p2a: Blissey|Thunder Wave|p1a: Giratina\n|-status|p1a: Giratina|par\n|\n|-weather|Snow|[upkeep]\n|-heal|p2a: Blissey|39\/100|[from] item: Leftovers\n|upkeep\n|turn|7\n|\n|t:|1698145939\n|switch|p2a: Magearna|Magearna|100\/100\n|move|p1a: Giratina|Stone Edge|p2a: Magearna\n|-resisted|p2a: Magearna\n|-damage|p2a: Magearna|87\/100\n|\n|-weather|none\n|-heal|p2a: Magearna|93\/100|[from] item: Leftovers\n|upkeep\n|turn|8\n|\n|t:|1698145944\n|move|p2a: Magearna|Shift Gear|p2a: Magearna\n|-boost|p2a: Magearna|spe|2\n|-boost|p2a: Magearna|atk|1\n|move|p1a: Giratina|Earthquake|p2a: Magearna\n|-supereffective|p2a: Magearna\n|-damage|p2a: Magearna|36\/100\n|\n|-heal|p2a: Magearna|43\/100|[from] item: Leftovers\n|upkeep\n|turn|9\n|\n|t:|1698145981\n|move|p2a: Magearna|Dazzling Gleam|p1a: Giratina\n|-supereffective|p1a: Giratina\n|-damage|p1a: Giratina|84\/100 par\n|cant|p1a: Giratina|par\n|\n|-heal|p2a: Magearna|49\/100|[from] item: Leftovers\n|upkeep\n|turn|10\n|\n|t:|1698145992\n|move|p2a: Magearna|Dazzling Gleam|p1a: Giratina\n|-supereffective|p1a: Giratina\n|-damage|p1a: Giratina|67\/100 par\n|move|p1a: Giratina|Earthquake|p2a: Magearna\n|-supereffective|p2a: Magearna\n|-crit|p2a: Magearna\n|-damage|p2a: Magearna|0 fnt\n|faint|p2a: Magearna\n|\n|upkeep\n|c|\u2606KonoRyanDa|av ?\n|c|\u2606amosamoswong|y\n|\n|t:|1698146026\n|switch|p2a: Ninetales|Ninetales-Alola, M|100\/100\n|-weather|Snow|[from] ability: Snow Warning|[of] p2a: Ninetales\n|turn|11\n|\n|t:|1698146035\n|move|p2a: Ninetales|Aurora Veil|p2a: Ninetales\n|-sidestart|p2: KonoRyanDa|move: Aurora Veil\n|cant|p1a: Giratina|par\n|\n|-weather|Snow|[upkeep]\n|-sideend|p1: amosamoswong|move: Aurora Veil\n|upkeep\n|turn|12\n|\n|t:|1698146049\n|move|p2a: Ninetales|Freeze-Dry|p1a: Giratina\n|-supereffective|p1a: Giratina\n|-damage|p1a: Giratina|47\/100 par\n|cant|p1a: Giratina|par\n|\n|-weather|Snow|[upkeep]\n|upkeep\n|turn|13\n|\n|t:|1698146059\n|switch|p2a: Arceus|Arceus-Poison|100\/100\n|cant|p1a: Giratina|par\n|\n|-weather|Snow|[upkeep]\n|upkeep\n|turn|14\n|\n|t:|1698146076\n|move|p2a: Arceus|Calm Mind|p2a: Arceus\n|-boost|p2a: Arceus|spa|1\n|-boost|p2a: Arceus|spd|1\n|cant|p1a: Giratina|par\n|\n|-weather|Snow|[upkeep]\n|upkeep\n|turn|15\n|c|\u2606amosamoswong|4\n|\n|t:|1698146082\n|move|p2a: Arceus|Calm Mind|p2a: Arceus\n|-boost|p2a: Arceus|spa|1\n|-boost|p2a: Arceus|spd|1\n|move|p1a: Giratina|Earthquake|p2a: Arceus\n|-supereffective|p2a: Arceus\n|-damage|p2a: Arceus|75\/100\n|\n|-weather|none\n|upkeep\n|turn|16\n|\n|t:|1698146090\n|move|p2a: Arceus|Judgment|p1a: Giratina\n|-resisted|p1a: Giratina\n|-damage|p1a: Giratina|23\/100 par\n|move|p1a: Giratina|Earthquake|p2a: Arceus\n|-supereffective|p2a: Arceus\n|-damage|p2a: Arceus|52\/100\n|\n|upkeep\n|turn|17\n|\n|t:|1698146098\n|move|p2a: Arceus|Recover|p2a: Arceus\n|-heal|p2a: Arceus|100\/100\n|move|p1a: Giratina|Earthquake|p2a: Arceus\n|-supereffective|p2a: Arceus\n|-damage|p2a: Arceus|77\/100\n|\n|upkeep\n|turn|18\n|\n|t:|1698146103\n|move|p2a: Arceus|Judgment|p1a: Giratina\n|-resisted|p1a: Giratina\n|-damage|p1a: Giratina|1\/100 par\n|move|p1a: Giratina|Earthquake|p2a: Arceus\n|-supereffective|p2a: Arceus\n|-damage|p2a: Arceus|52\/100\n|\n|-sideend|p2: KonoRyanDa|move: Aurora Veil\n|upkeep\n|turn|19\n|\n|t:|1698146109\n|move|p2a: Arceus|Judgment|p1a: Giratina\n|-resisted|p1a: Giratina\n|-damage|p1a: Giratina|0 fnt\n|faint|p1a: Giratina\n|\n|upkeep\n|\n|t:|1698146115\n|switch|p1a: Samurott|Samurott-Hisui, M|100\/100\n|turn|20\n|\n|t:|1698146122\n|move|p1a: Samurott|Aqua Cutter|p2a: Arceus\n|-damage|p2a: Arceus|16\/100\n|move|p2a: Arceus|Recover|p2a: Arceus\n|-heal|p2a: Arceus|66\/100\n|\n|upkeep\n|turn|21\n|\n|t:|1698146127\n|move|p1a: Samurott|Aqua Cutter|p2a: Arceus\n|-damage|p2a: Arceus|29\/100\n|move|p2a: Arceus|Recover|p2a: Arceus\n|-heal|p2a: Arceus|79\/100\n|\n|upkeep\n|turn|22\n|\n|t:|1698146136\n|switch|p1a: Ninetales|Ninetales-Alola, M|89\/100 brn\n|-weather|Snow|[from] ability: Snow Warning|[of] p1a: Ninetales\n|move|p2a: Arceus|Judgment|p1a: Ninetales\n|-supereffective|p1a: Ninetales\n|-damage|p1a: Ninetales|0 fnt\n|faint|p1a: Ninetales\n|\n|-weather|Snow|[upkeep]\n|upkeep\n|\n|t:|1698146154\n|switch|p1a: Palkia|Palkia-Origin|100\/100\n|-ability|p1a: Palkia|Pressure\n|turn|23\n|\n|t:|1698146162\n|move|p1a: Palkia|Spacial Rend|p2a: Arceus\n|-damage|p2a: Arceus|51\/100\n|move|p2a: Arceus|Judgment|p1a: Palkia\n|-damage|p1a: Palkia|0 fnt\n|faint|p1a: Palkia\n|\n|-weather|Snow|[upkeep]\n|upkeep\n|\n|t:|1698146167\n|switch|p1a: Samurott|Samurott-Hisui, M|100\/100\n|turn|24\n|\n|t:|1698146179\n|switch|p2a: Ninetales|Ninetales-Alola, M|100\/100\n|move|p1a: Samurott|Aqua Cutter|p2a: Ninetales\n|-damage|p2a: Ninetales|53\/100\n|\n|-weather|Snow|[upkeep]\n|upkeep\n|turn|25\n|\n|t:|1698146185\n|move|p1a: Samurott|Aqua Cutter|p2a: Ninetales\n|-damage|p2a: Ninetales|9\/100\n|move|p2a: Ninetales|Aurora Veil|p2a: Ninetales\n|-sidestart|p2: KonoRyanDa|move: Aurora Veil\n|\n|-weather|Snow|[upkeep]\n|upkeep\n|turn|26\n|\n|t:|1698146199\n|switch|p2a: Giratina|Giratina|92\/100\n|-ability|p2a: Giratina|Pressure\n|move|p1a: Samurott|Aqua Cutter|p2a: Giratina\n|-resisted|p2a: Giratina\n|-damage|p2a: Giratina|87\/100\n|\n|-weather|none\n|-heal|p2a: Giratina|93\/100|[from] item: Leftovers\n|upkeep\n|turn|27\n|\n|t:|1698146207\n|move|p1a: Samurott|Aqua Cutter|p2a: Giratina\n|-resisted|p2a: Giratina\n|-damage|p2a: Giratina|88\/100\n|move|p2a: Giratina|Will-O-Wisp|p1a: Samurott\n|-status|p1a: Samurott|brn\n|\n|-heal|p2a: Giratina|94\/100|[from] item: Leftovers\n|-damage|p1a: Samurott|94\/100 brn|[from] brn\n|upkeep\n|turn|28\n|\n|t:|1698146219\n|switch|p2a: Arceus|Arceus-Poison|51\/100\n|move|p1a: Samurott|Aqua Cutter|p2a: Arceus\n|-damage|p2a: Arceus|41\/100\n|\n|-damage|p1a: Samurott|88\/100 brn|[from] brn\n|upkeep\n|turn|29\n|\n|t:|1698146227\n|move|p1a: Samurott|Aqua Cutter|p2a: Arceus\n|-damage|p2a: Arceus|31\/100\n|move|p2a: Arceus|Recover|p2a: Arceus\n|-heal|p2a: Arceus|81\/100\n|\n|-damage|p1a: Samurott|82\/100 brn|[from] brn\n|upkeep\n|turn|30\n|\n|t:|1698146231\n|move|p1a: Samurott|Aqua Cutter|p2a: Arceus\n|-damage|p2a: Arceus|72\/100\n|move|p2a: Arceus|Calm Mind|p2a: Arceus\n|-boost|p2a: Arceus|spa|1\n|-boost|p2a: Arceus|spd|1\n|\n|-damage|p1a: Samurott|76\/100 brn|[from] brn\n|upkeep\n|turn|31\n|\n|t:|1698146239\n|move|p1a: Samurott|Aqua Cutter|p2a: Arceus\n|-damage|p2a: Arceus|62\/100\n|move|p2a: Arceus|Judgment|p1a: Samurott\n|-damage|p1a: Samurott|0 fnt\n|faint|p1a: Samurott\n|\n|upkeep\n|\n|t:|1698146241\n|switch|p1a: Palafin|Palafin-Hero, M, tera:Water|100\/100\n|turn|32\n|\n|t:|1698146248\n|move|p2a: Arceus|Judgment|p1a: Palafin\n|-damage|p1a: Palafin|0 fnt\n|faint|p1a: Palafin\n|\n|win|KonoRyanDa\n|c|\u2606amosamoswong|...\n|c|\u2606KonoRyanDa|ggs\n|c|\u2606amosamoswong|the 4 paralyze in arow]\n|c|\u2606amosamoswong|just another fluke\n|c|\u2606KonoRyanDa|yeah ill admit\n|c|\u2606KonoRyanDa|i was very lucky\n|c|\u2606amosamoswong|and the aqua cutter never crit\n|c|\u2606KonoRyanDa|whats the crit rate ?\n|c|\u2606amosamoswong|idk\n|c|\u2606amosamoswong|high-crit\n|c|\u2606KonoRyanDa|bs\n|c|\u2606amosamoswong|!dt aqua cutter\n|raw|<ul class=\"utilichart\"><li class=\"result\"><span class=\"col movenamecol\"><a href=\"https:\/\/dex.pokemonshowdown.com\/moves\/aquacutter\">Aqua Cutter<\/a><\/span> <span class=\"col typecol\"><img src=\"\/\/play.pokemonshowdown.com\/sprites\/types\/Water.png\" alt=\"Water\" width=\"32\" height=\"14\"><img src=\"\/\/play.pokemonshowdown.com\/sprites\/categories\/Physical.png\" alt=\"Physical\" width=\"32\" height=\"14\"><\/span> <span class=\"col labelcol\"><em>Power<\/em><br>70<\/span> <span class=\"col widelabelcol\"><em>Accuracy<\/em><br>100%<\/span> <span class=\"col pplabelcol\"><em>PP<\/em><br>32<\/span> <span class=\"col movedesccol\">High critical hit ratio.<\/span> <\/li><li style=\"clear:both\"><\/li><\/ul>\n|raw|<font size=\"1\"><font color=\"#686868\">Priority:<\/font> 0&nbsp;|&ThickSpace;<font color=\"#686868\">Gen:<\/font> 9&nbsp;|&ThickSpace;&#10003; Slicing move&nbsp;|&ThickSpace;<font color=\"#686868\">Z-Power:<\/font> 140&nbsp;|&ThickSpace;<font color=\"#686868\">Dynamax Power:<\/font> 120&nbsp;|&ThickSpace;<font color=\"#686868\">Target:<\/font> One Adjacent Pok\u00e9mon<\/font>\n\n|l|\u2606amosamoswong\n","uploadtime":1698146343,"views":13,"p1id":"amosamoswong","p2id":"konoryanda","formatid":"gen9ubers","rating":0,"private":0,"password":""}