{"id":"gen9ubers-1996510575","p1":"SoulTheGhoul","p2":"GoldDragon130","format":"[Gen 9] Ubers","log":"|j|\u2606SoulTheGhoul\n|j|\u2606GoldDragon130\n|t:|1700689113\n|gametype|singles\n|player|p1|SoulTheGhoul|burglar|\n|player|p2|GoldDragon130|nurse|\n|teamsize|p1|6\n|teamsize|p2|6\n|gen|9\n|tier|[Gen 9] Ubers\n|rule|Sleep Clause Mod: Limit one foe put to sleep\n|rule|Species Clause: Limit one of each Pok\u00e9mon\n|rule|OHKO Clause: OHKO moves are banned\n|rule|Evasion Items Clause: Evasion items are banned\n|rule|Evasion Moves Clause: Evasion moves are banned\n|rule|Endless Battle Clause: Forcing endless battles is banned\n|rule|HP Percentage Mod: HP is shown in percentages\n|clearpoke\n|poke|p1|Thundurus, M|\n|poke|p1|Baxcalibur, M|\n|poke|p1|Iron Valiant|\n|poke|p1|Sneasler, M|\n|poke|p1|Gengar, M|\n|poke|p1|Meowscarada, M|\n|poke|p2|Chi-Yu|\n|poke|p2|Zapdos|\n|poke|p2|Scream Tail|\n|poke|p2|Cresselia, F|\n|poke|p2|Landorus-Therian, M|\n|poke|p2|Mimikyu, F|\n|teampreview\n|\n|t:|1700689128\n|start\n|switch|p1a: Iron Valiant|Iron Valiant|100\/100\n|switch|p2a: WhatDidUExpect?|Zapdos|100\/100\n|-enditem|p1a: Iron Valiant|Booster Energy\n|-activate|p1a: Iron Valiant|ability: Quark Drive|[fromitem]\n|-start|p1a: Iron Valiant|quarkdrivespe\n|turn|1\n|\n|t:|1700689140\n|move|p1a: Iron Valiant|Swords Dance|p1a: Iron Valiant\n|-boost|p1a: Iron Valiant|atk|2\n|move|p2a: WhatDidUExpect?|Hurricane|p1a: Iron Valiant\n|-supereffective|p1a: Iron Valiant\n|-damage|p1a: Iron Valiant|0 fnt\n|faint|p1a: Iron Valiant\n|-end|p1a: Iron Valiant|Quark Drive|[silent]\n|\n|upkeep\n|\n|t:|1700689149\n|switch|p1a: Thundurus|Thundurus, M|100\/100\n|turn|2\n|\n|t:|1700689158\n|-terastallize|p1a: Thundurus|Ground\n|move|p1a: Thundurus|Nasty Plot|p1a: Thundurus\n|-boost|p1a: Thundurus|spa|2\n|move|p2a: WhatDidUExpect?|Heat Wave|p1a: Thundurus\n|-damage|p1a: Thundurus|56\/100\n|\n|-heal|p1a: Thundurus|62\/100|[from] item: Leftovers\n|upkeep\n|turn|3\n|\n|t:|1700689168\n|move|p1a: Thundurus|Psychic|p2a: WhatDidUExpect?\n|-damage|p2a: WhatDidUExpect?|27\/100\n|move|p2a: WhatDidUExpect?|Hurricane|p1a: Thundurus\n|-damage|p1a: Thundurus|0 fnt\n|faint|p1a: Thundurus\n|\n|upkeep\n|\n|t:|1700689182\n|switch|p1a: Baxcalibur|Baxcalibur, M|100\/100\n|turn|4\n|\n|t:|1700689188\n|move|p2a: WhatDidUExpect?|Thunder Wave|p1a: Baxcalibur\n|-status|p1a: Baxcalibur|par\n|move|p1a: Baxcalibur|Icicle Spear|p2a: WhatDidUExpect?\n|-supereffective|p2a: WhatDidUExpect?\n|-damage|p2a: WhatDidUExpect?|0 fnt\n|faint|p2a: WhatDidUExpect?\n|-hitcount|p2: WhatDidUExpect?|1\n|\n|upkeep\n|\n|t:|1700689198\n|switch|p2a: IsHalloweenOver?|Mimikyu, F, shiny|100\/100\n|turn|5\n|\n|t:|1700689207\n|move|p2a: IsHalloweenOver?|Play Rough|p1a: Baxcalibur\n|-supereffective|p1a: Baxcalibur\n|-damage|p1a: Baxcalibur|8\/100 par\n|-unboost|p1a: Baxcalibur|atk|1\n|-damage|p2a: IsHalloweenOver?|91\/100|[from] item: Life Orb\n|move|p1a: Baxcalibur|Icicle Spear|p2a: IsHalloweenOver?\n|-activate|p2a: IsHalloweenOver?|ability: Disguise\n|-damage|p2a: IsHalloweenOver?|91\/100\n|detailschange|p2a: IsHalloweenOver?|Mimikyu-Busted, F, shiny\n|-damage|p2a: IsHalloweenOver?|78\/100|[from] pokemon: Mimikyu-Busted\n|-damage|p2a: IsHalloweenOver?|61\/100\n|-damage|p2a: IsHalloweenOver?|44\/100\n|-damage|p2a: IsHalloweenOver?|26\/100\n|-damage|p2a: IsHalloweenOver?|10\/100\n|-hitcount|p2a: IsHalloweenOver?|5\n|\n|upkeep\n|turn|6\n|\n|t:|1700689217\n|move|p2a: IsHalloweenOver?|Shadow Sneak|p1a: Baxcalibur\n|-damage|p1a: Baxcalibur|0 fnt\n|faint|p1a: Baxcalibur\n|-damage|p2a: IsHalloweenOver?|0 fnt|[from] item: Life Orb\n|faint|p2a: IsHalloweenOver?\n|\n|upkeep\n|\n|t:|1700689228\n|switch|p2a: Cancer|Landorus-Therian, M|100\/100\n|switch|p1a: Sneasler|Sneasler, M|100\/100\n|-ability|p2a: Cancer|Intimidate|boost\n|-unboost|p1a: Sneasler|atk|1\n|turn|7\n|\n|t:|1700689244\n|move|p2a: Cancer|Earthquake|p1a: Sneasler\n|-supereffective|p1a: Sneasler\n|-damage|p1a: Sneasler|0 fnt\n|faint|p1a: Sneasler\n|\n|upkeep\n|\n|t:|1700689248\n|switch|p1a: Meowscarada|Meowscarada, M|100\/100\n|turn|8\n|\n|t:|1700689261\n|switch|p2a: Jiggleback|Scream Tail|100\/100\n|move|p1a: Meowscarada|Flower Trick|p2a: Jiggleback\n|-start|p1a: Meowscarada|typechange|Grass|[from] ability: Protean\n|-crit|p2a: Jiggleback\n|-damage|p2a: Jiggleback|44\/100\n|-damage|p1a: Meowscarada|91\/100|[from] item: Life Orb\n|\n|upkeep\n|turn|9\n|\n|t:|1700689271\n|move|p1a: Meowscarada|U-turn|p2a: Jiggleback\n|-damage|p2a: Jiggleback|17\/100\n|-damage|p1a: Meowscarada|81\/100|[from] item: Life Orb\n|\n|t:|1700689274\n|switch|p1a: Gengar|Gengar, M|100\/100|[from] U-turn\n|move|p2a: Jiggleback|Ice Beam|p1a: Gengar\n|-damage|p1a: Gengar|61\/100\n|-damage|p2a: Jiggleback|7\/100|[from] item: Life Orb\n|\n|upkeep\n|turn|10\n|\n|t:|1700689284\n|move|p2a: Jiggleback|Psychic|p1a: Gengar\n|-supereffective|p1a: Gengar\n|-damage|p1a: Gengar|0 fnt\n|-start|p2a: Jiggleback|Disable|Psychic|[from] ability: Cursed Body|[of] p1a: Gengar\n|faint|p1a: Gengar\n|-damage|p2a: Jiggleback|0 fnt|[from] item: Life Orb\n|faint|p2a: Jiggleback\n|-end|p2a: Jiggleback|Protosynthesis|[silent]\n|\n|upkeep\n|\n|t:|1700689293\n|switch|p2a: Smiles Back|Chi-Yu|100\/100\n|switch|p1a: Meowscarada|Meowscarada, M|81\/100\n|-ability|p2a: Smiles Back|Beads of Ruin\n|turn|11\n|\n|t:|1700689306\n|move|p2a: Smiles Back|Flamethrower|p1a: Meowscarada\n|-supereffective|p1a: Meowscarada\n|-damage|p1a: Meowscarada|0 fnt\n|faint|p1a: Meowscarada\n|\n|win|GoldDragon130\n","uploadtime":1700689313,"views":2,"p1id":"soultheghoul","p2id":"golddragon130","formatid":"gen9ubers","rating":0,"private":0,"password":""}