{"id":"gen9ubers-1996712130","p1":"Durk27","p2":"dnooage","format":"[Gen 9] Ubers","log":"|j|\u2606Durk27\n|j|\u2606dnooage\n|t:|1700713093\n|gametype|singles\n|player|p1|Durk27|battlegirl-gen4|\n|player|p2|dnooage|170|\n|teamsize|p1|6\n|teamsize|p2|6\n|gen|9\n|tier|[Gen 9] Ubers\n|rated|Tournament battle\n|rule|Sleep Clause Mod: Limit one foe put to sleep\n|rule|Species Clause: Limit one of each Pok\u00e9mon\n|rule|OHKO Clause: OHKO moves are banned\n|rule|Evasion Items Clause: Evasion items are banned\n|rule|Evasion Moves Clause: Evasion moves are banned\n|rule|Endless Battle Clause: Forcing endless battles is banned\n|rule|HP Percentage Mod: HP is shown in percentages\n|clearpoke\n|poke|p1|Eternatus|\n|poke|p1|Koraidon|\n|poke|p1|Zacian-*|\n|poke|p1|Skeledirge, M|\n|poke|p1|Arceus-Grass|\n|poke|p1|Ting-Lu|\n|poke|p2|Kyogre|\n|poke|p2|Arceus-Grass|\n|poke|p2|Palafin, F|\n|poke|p2|Miraidon|\n|poke|p2|Giratina|\n|poke|p2|Basculegion-F, F|\n|teampreview\n|inactive|Battle timer is ON: inactive players will automatically lose when time's up. (requested by Durk27)\n|inactive|Durk27 has 120 seconds left.\n|\n|t:|1700713136\n|start\n|switch|p1a: Eternatus|Eternatus|100\/100\n|switch|p2a: Palafin|Palafin, F|100\/100\n|-ability|p1a: Eternatus|Pressure\n|turn|1\n|\n|t:|1700713144\n|move|p2a: Palafin|Flip Turn|p1a: Eternatus\n|-resisted|p1a: Eternatus\n|-damage|p1a: Eternatus|91\/100\n|\n|t:|1700713153\n|detailschange|p2a: Palafin|Palafin-Hero, F\n|switch|p2a: Miraidon|Miraidon|100\/100|[from] Flip Turn\n|-fieldstart|move: Electric Terrain|[from] ability: Hadron Engine|[of] p2a: Miraidon\n|move|p1a: Eternatus|Dynamax Cannon|p2a: Miraidon\n|-supereffective|p2a: Miraidon\n|-damage|p2a: Miraidon|5\/100\n|\n|upkeep\n|turn|2\n|\n|t:|1700713176\n|switch|p1a: Ting-Lu|Ting-Lu|100\/100\n|-ability|p1a: Ting-Lu|Vessel of Ruin\n|move|p2a: Miraidon|Dragon Pulse|p1a: Ting-Lu\n|-damage|p1a: Ting-Lu|76\/100\n|\n|-heal|p1a: Ting-Lu|82\/100|[from] item: Leftovers\n|upkeep\n|turn|3\n|\n|t:|1700713189\n|move|p2a: Miraidon|Dazzling Gleam|p1a: Ting-Lu\n|-supereffective|p1a: Ting-Lu\n|-damage|p1a: Ting-Lu|51\/100\n|move|p1a: Ting-Lu|Spikes|p2a: Miraidon\n|-sidestart|p2: dnooage|Spikes\n|\n|-heal|p1a: Ting-Lu|58\/100|[from] item: Leftovers\n|upkeep\n|turn|4\n|\n|t:|1700713200\n|move|p2a: Miraidon|Dazzling Gleam|p1a: Ting-Lu\n|-supereffective|p1a: Ting-Lu\n|-damage|p1a: Ting-Lu|25\/100\n|move|p1a: Ting-Lu|Earthquake|p2a: Miraidon\n|-supereffective|p2a: Miraidon\n|-damage|p2a: Miraidon|0 fnt\n|faint|p2a: Miraidon\n|\n|-heal|p1a: Ting-Lu|31\/100|[from] item: Leftovers\n|upkeep\n|\n|t:|1700713217\n|switch|p2a: Palafin|Palafin-Hero, F|100\/100\n|-damage|p2a: Palafin|88\/100|[from] Spikes\n|-activate|p2a: Palafin|ability: Zero to Hero\n|turn|5\n|\n|t:|1700713237\n|-terastallize|p2a: Palafin|Water\n|move|p2a: Palafin|Wave Crash|p1a: Ting-Lu\n|-supereffective|p1a: Ting-Lu\n|-damage|p1a: Ting-Lu|0 fnt\n|faint|p1a: Ting-Lu\n|-damage|p2a: Palafin|73\/100|[from] Recoil\n|\n|-fieldend|move: Electric Terrain\n|upkeep\n|\n|t:|1700713251\n|switch|p1a: Arceus|Arceus-Grass|100\/100\n|turn|6\n|\n|t:|1700713258\n|switch|p2a: Giratina|Giratina|100\/100\n|-damage|p2a: Giratina|88\/100|[from] Spikes\n|-ability|p2a: Giratina|Pressure\n|move|p1a: Arceus|Grass Knot|p2a: Giratina\n|-resisted|p2a: Giratina\n|-damage|p2a: Giratina|75\/100\n|\n|upkeep\n|turn|7\n|\n|t:|1700713273\n|switch|p1a: Eternatus|Eternatus|91\/100\n|-ability|p1a: Eternatus|Pressure\n|move|p2a: Giratina|Defog|p1a: Eternatus\n|-unboost|p1a: Eternatus|evasion|1\n|-sideend|p2: dnooage|Spikes|[from] move: Defog|[of] p2a: Giratina\n|\n|upkeep\n|turn|8\n|\n|t:|1700713287\n|move|p1a: Eternatus|Toxic|p2a: Giratina\n|-status|p2a: Giratina|tox\n|move|p2a: Giratina|Poltergeist|p1a: Eternatus\n|-activate|p1a: Eternatus|move: Poltergeist|Heavy-Duty Boots\n|-damage|p1a: Eternatus|60\/100\n|\n|-damage|p2a: Giratina|69\/100 tox|[from] psn\n|upkeep\n|turn|9\n|\n|t:|1700713301\n|move|p1a: Eternatus|Recover|p1a: Eternatus\n|-heal|p1a: Eternatus|100\/100\n|move|p2a: Giratina|Pain Split|p1a: Eternatus\n|-sethp|p1a: Eternatus|91\/100|[from] move: Pain Split|[silent]\n|-sethp|p2a: Giratina|76\/100 tox|[from] move: Pain Split\n|\n|-damage|p2a: Giratina|64\/100 tox|[from] psn\n|upkeep\n|turn|10\n|\n|t:|1700713311\n|move|p1a: Eternatus|Dynamax Cannon|p2a: Giratina\n|-supereffective|p2a: Giratina\n|-damage|p2a: Giratina|16\/100 tox\n|move|p2a: Giratina|Poltergeist|p1a: Eternatus\n|-activate|p1a: Eternatus|move: Poltergeist|Heavy-Duty Boots\n|-damage|p1a: Eternatus|60\/100\n|\n|-damage|p2a: Giratina|0 fnt|[from] psn\n|faint|p2a: Giratina\n|upkeep\n|\n|t:|1700713331\n|switch|p2a: Palafin|Palafin-Hero, F, tera:Water|73\/100\n|turn|11\n|\n|t:|1700713350\n|move|p2a: Palafin|Zen Headbutt|p1a: Eternatus\n|-supereffective|p1a: Eternatus\n|-damage|p1a: Eternatus|3\/100\n|cant|p1a: Eternatus|flinch\n|\n|upkeep\n|turn|12\n|\n|t:|1700713357\n|move|p2a: Palafin|Zen Headbutt|p1a: Eternatus\n|-supereffective|p1a: Eternatus\n|-crit|p1a: Eternatus\n|-damage|p1a: Eternatus|0 fnt\n|faint|p1a: Eternatus\n|\n|upkeep\n|inactive|Durk27 has 120 seconds left.\n|\n|t:|1700713394\n|switch|p1a: Koraidon|Koraidon|100\/100\n|-weather|SunnyDay|[from] ability: Orichalcum Pulse|[of] p1a: Koraidon\n|-activate|p1a: Koraidon|Orichalcum Pulse|[source]\n|turn|13\n|inactive|Durk27 has 120 seconds left.\n|\n|t:|1700713401\n|switch|p2a: Kyogre|Kyogre|100\/100\n|-weather|RainDance|[from] ability: Drizzle|[of] p2a: Kyogre\n|move|p1a: Koraidon|U-turn|p2a: Kyogre\n|-damage|p2a: Kyogre|78\/100\n|inactive|Durk27 has 120 seconds left.\n|\n|t:|1700713434\n|switch|p1a: Arceus|Arceus-Grass|100\/100|[from] U-turn\n|\n|-weather|RainDance|[upkeep]\n|upkeep\n|turn|14\n|\n|t:|1700713442\n|switch|p2a: Arceus|Arceus-Grass|100\/100\n|move|p1a: Arceus|Grass Knot|p2a: Arceus\n|-resisted|p2a: Arceus\n|-damage|p2a: Arceus|83\/100\n|\n|-weather|RainDance|[upkeep]\n|upkeep\n|turn|15\n|\n|t:|1700713465\n|switch|p1a: Skeledirge|Skeledirge, M|100\/100\n|move|p2a: Arceus|Thunder|p1a: Skeledirge\n|-damage|p1a: Skeledirge|58\/100\n|-status|p1a: Skeledirge|par\n|\n|-weather|RainDance|[upkeep]\n|upkeep\n|turn|16\n|\n|t:|1700713474\n|move|p2a: Arceus|Hydro Pump|p1a: Skeledirge|[miss]\n|-miss|p2a: Arceus|p1a: Skeledirge\n|move|p1a: Skeledirge|Torch Song|p2a: Arceus\n|-supereffective|p2a: Arceus\n|-damage|p2a: Arceus|62\/100\n|-boost|p1a: Skeledirge|spa|1\n|\n|-weather|RainDance|[upkeep]\n|upkeep\n|turn|17\n|inactive|Durk27 has 90 seconds left.\n|\n|t:|1700713505\n|move|p2a: Arceus|Thunder|p1a: Skeledirge\n|-damage|p1a: Skeledirge|15\/100 par\n|cant|p1a: Skeledirge|par\n|\n|-weather|RainDance|[upkeep]\n|upkeep\n|turn|18\n|\n|t:|1700713513\n|move|p2a: Arceus|Thunder|p1a: Skeledirge\n|-damage|p1a: Skeledirge|0 fnt\n|faint|p1a: Skeledirge\n|\n|-weather|RainDance|[upkeep]\n|upkeep\n|inactive|Durk27 has 90 seconds left.\n|\n|t:|1700713523\n|switch|p1a: Koraidon|Koraidon|100\/100\n|-weather|SunnyDay|[from] ability: Orichalcum Pulse|[of] p1a: Koraidon\n|-activate|p1a: Koraidon|Orichalcum Pulse|[source]\n|turn|19\n|\n|t:|1700713531\n|switch|p2a: Kyogre|Kyogre|78\/100\n|-weather|RainDance|[from] ability: Drizzle|[of] p2a: Kyogre\n|move|p1a: Koraidon|U-turn|p2a: Kyogre\n|-damage|p2a: Kyogre|56\/100\n|j| helmet lang\n|inactive|Durk27 has 90 seconds left.\n|\n|t:|1700713546\n|switch|p1a: Zacian|Zacian-Crowned|100\/100|[from] U-turn\n|-ability|p1a: Zacian|Intrepid Sword|boost\n|-boost|p1a: Zacian|atk|1\n|\n|-weather|RainDance|[upkeep]\n|upkeep\n|turn|20\n|\n|t:|1700713557\n|move|p1a: Zacian|Wild Charge|p2a: Kyogre\n|-supereffective|p2a: Kyogre\n|-damage|p2a: Kyogre|0 fnt\n|faint|p2a: Kyogre\n|-damage|p1a: Zacian|83\/100|[from] Recoil\n|\n|-weather|RainDance|[upkeep]\n|upkeep\n|\n|t:|1700713571\n|switch|p2a: Arceus|Arceus-Grass|62\/100\n|turn|21\n|\n|t:|1700713577\n|move|p1a: Zacian|Behemoth Blade|p2a: Arceus\n|-damage|p2a: Arceus|0 fnt\n|faint|p2a: Arceus\n|\n|-weather|RainDance|[upkeep]\n|upkeep\n|l| helmet lang\n|\n|t:|1700713605\n|switch|p2a: Basculegion|Basculegion-F, F|100\/100\n|turn|22\n|inactive|Durk27 has 120 seconds left.\n|\n|t:|1700713634\n|move|p2a: Basculegion|Last Respects|p1a: Zacian\n|-damage|p1a: Zacian|0 fnt\n|faint|p1a: Zacian\n|\n|-weather|RainDance|[upkeep]\n|upkeep\n|\n|t:|1700713639\n|switch|p1a: Koraidon|Koraidon|100\/100\n|-weather|SunnyDay|[from] ability: Orichalcum Pulse|[of] p1a: Koraidon\n|-activate|p1a: Koraidon|Orichalcum Pulse|[source]\n|turn|23\n|\n|t:|1700713647\n|move|p1a: Koraidon|Outrage|p2a: Basculegion\n|-damage|p2a: Basculegion|0 fnt\n|faint|p2a: Basculegion\n|\n|-weather|SunnyDay|[upkeep]\n|upkeep\n|c|\u2606Durk27|gg\n|\n|t:|1700713654\n|switch|p2a: Palafin|Palafin-Hero, F, tera:Water|73\/100\n|turn|24\n|\n|t:|1700713660\n|move|p1a: Koraidon|Outrage|p2a: Palafin|[from]lockedmove\n|-damage|p2a: Palafin|0 fnt\n|faint|p2a: Palafin\n|-start|p1a: Koraidon|confusion|[fatigue]\n|\n|win|Durk27\n|n|\u2606Durk27|durk27\n|n|\u2606dnooage|dnooage\n","uploadtime":1700713661,"views":1,"p1id":"durk27","p2id":"dnooage","formatid":"gen9ubers","rating":0,"private":0,"password":""}