{"id":"gen9ubers-1981452720","p1":"ApexEliminator","p2":"dreepyairlines","format":"[Gen 9] Ubers","log":"|j|\u2606ApexEliminator\n|j|\u2606dreepyairlines\n|inactive|Battle timer is ON: inactive players will automatically lose when time's up.\n|t:|1698897896\n|gametype|singles\n|player|p1|ApexEliminator|170|\n|player|p2|dreepyairlines|elesa-masters2|\n|teamsize|p1|6\n|teamsize|p2|6\n|gen|9\n|tier|[Gen 9] Ubers\n|rated|Tournament battle\n|rule|Sleep Clause Mod: Limit one foe put to sleep\n|rule|Species Clause: Limit one of each Pok\u00e9mon\n|rule|OHKO Clause: OHKO moves are banned\n|rule|Evasion Items Clause: Evasion items are banned\n|rule|Evasion Moves Clause: Evasion moves are banned\n|rule|Endless Battle Clause: Forcing endless battles is banned\n|rule|HP Percentage Mod: HP is shown in percentages\n|clearpoke\n|poke|p1|Koraidon|\n|poke|p1|Great Tusk|\n|poke|p1|Walking Wake|\n|poke|p1|Iron Leaves|\n|poke|p1|Miraidon|\n|poke|p1|Scream Tail|\n|poke|p2|Koraidon|\n|poke|p2|Flutter Mane|\n|poke|p2|Iron Treads|\n|poke|p2|Iron Valiant|\n|poke|p2|Miraidon|\n|poke|p2|Scream Tail|\n|teampreview\n|j|*Lady Monita \u263d\n|\n|t:|1698897914\n|start\n|switch|p1a: Great Tusk|Great Tusk|100\/100\n|switch|p2a: Flutter Mane|Flutter Mane, shiny|100\/100\n|turn|1\n|j| happysh\n|\n|t:|1698897923\n|-end|p1a: Great Tusk|Protosynthesis|[silent]\n|switch|p1a: Scream Tail|Scream Tail|100\/100\n|move|p2a: Flutter Mane|Moonblast|p1a: Scream Tail\n|-damage|p1a: Scream Tail|60\/100\n|-unboost|p1a: Scream Tail|spa|1\n|\n|-heal|p1a: Scream Tail|66\/100|[from] item: Leftovers\n|upkeep\n|turn|2\n|\n|t:|1698897929\n|-end|p2a: Flutter Mane|Protosynthesis|[silent]\n|switch|p2a: Iron Treads|Iron Treads, shiny|100\/100\n|move|p1a: Scream Tail|Wish|p1a: Scream Tail\n|\n|-heal|p1a: Scream Tail|73\/100|[from] item: Leftovers\n|upkeep\n|turn|3\n|\n|t:|1698897933\n|move|p1a: Scream Tail|Flamethrower|p2a: Iron Treads\n|-supereffective|p2a: Iron Treads\n|-damage|p2a: Iron Treads|85\/100\n|-status|p2a: Iron Treads|brn\n|move|p2a: Iron Treads|Stealth Rock|p1a: Scream Tail\n|-sidestart|p1: ApexEliminator|move: Stealth Rock\n|\n|-heal|p1a: Scream Tail|100\/100|[from] move: Wish|[wisher] Scream Tail\n|-heal|p2a: Iron Treads|91\/100 brn|[from] item: Leftovers\n|-damage|p2a: Iron Treads|85\/100 brn|[from] brn\n|upkeep\n|turn|4\n|\n|t:|1698897938\n|-end|p1a: Scream Tail|Protosynthesis|[silent]\n|switch|p1a: Great Tusk|Great Tusk|100\/100\n|-damage|p1a: Great Tusk|98\/100|[from] Stealth Rock\n|move|p2a: Iron Treads|Knock Off|p1a: Great Tusk\n|-resisted|p1a: Great Tusk\n|-damage|p1a: Great Tusk|95\/100\n|-damage|p2a: Iron Treads|68\/100 brn|[from] item: Rocky Helmet|[of] p1a: Great Tusk\n|-enditem|p1a: Great Tusk|Rocky Helmet|[from] move: Knock Off|[of] p2a: Iron Treads\n|\n|-heal|p2a: Iron Treads|74\/100 brn|[from] item: Leftovers\n|-damage|p2a: Iron Treads|68\/100 brn|[from] brn\n|upkeep\n|turn|5\n|\n|t:|1698897944\n|-end|p2a: Iron Treads|Quark Drive|[silent]\n|switch|p2a: Flutter Mane|Flutter Mane, shiny|100\/100\n|move|p1a: Great Tusk|Rapid Spin|p2a: Flutter Mane\n|-immune|p2a: Flutter Mane\n|\n|upkeep\n|turn|6\n|\n|t:|1698897962\n|move|p2a: Flutter Mane|Moonblast|p1a: Great Tusk\n|-supereffective|p1a: Great Tusk\n|-damage|p1a: Great Tusk|0 fnt\n|faint|p1a: Great Tusk\n|-end|p1a: Great Tusk|Protosynthesis|[silent]\n|\n|upkeep\n|\n|t:|1698897979\n|switch|p1a: Koraidon|Koraidon|100\/100\n|-damage|p1a: Koraidon|94\/100|[from] Stealth Rock\n|-weather|SunnyDay|[from] ability: Orichalcum Pulse|[of] p1a: Koraidon\n|-activate|p2a: Flutter Mane|ability: Protosynthesis\n|-start|p2a: Flutter Mane|protosynthesisspe\n|-activate|p1a: Koraidon|Orichalcum Pulse|[source]\n|turn|7\n|\n|t:|1698897994\n|-terastallize|p1a: Koraidon|Fire\n|move|p1a: Koraidon|Flare Blitz|p2a: Flutter Mane\n|-damage|p2a: Flutter Mane|0 fnt\n|faint|p2a: Flutter Mane\n|-end|p2a: Flutter Mane|Protosynthesis|[silent]\n|-damage|p1a: Koraidon|70\/100|[from] Recoil\n|\n|-weather|SunnyDay|[upkeep]\n|upkeep\n|inactive|dreepyairlines has 120 seconds left.\n|\n|t:|1698898034\n|switch|p2a: Miraidon|Miraidon|100\/100\n|-fieldstart|move: Electric Terrain|[from] ability: Hadron Engine|[of] p2a: Miraidon\n|turn|8\n|\n|t:|1698898040\n|switch|p1a: Scream Tail|Scream Tail|100\/100\n|-damage|p1a: Scream Tail|88\/100|[from] Stealth Rock\n|-activate|p1a: Scream Tail|ability: Protosynthesis\n|-start|p1a: Scream Tail|protosynthesisspd\n|move|p2a: Miraidon|Agility|p2a: Miraidon\n|-boost|p2a: Miraidon|spe|2\n|\n|-weather|SunnyDay|[upkeep]\n|-heal|p1a: Scream Tail|94\/100|[from] item: Leftovers\n|upkeep\n|turn|9\n|\n|t:|1698898049\n|move|p2a: Miraidon|Calm Mind|p2a: Miraidon\n|-boost|p2a: Miraidon|spa|1\n|-boost|p2a: Miraidon|spd|1\n|move|p1a: Scream Tail|Dazzling Gleam|p2a: Miraidon\n|-supereffective|p2a: Miraidon\n|-damage|p2a: Miraidon|82\/100\n|\n|-weather|SunnyDay|[upkeep]\n|-heal|p2a: Miraidon|88\/100|[from] item: Leftovers\n|-heal|p1a: Scream Tail|100\/100|[from] item: Leftovers\n|upkeep\n|turn|10\n|\n|t:|1698898058\n|-end|p1a: Scream Tail|Protosynthesis|[silent]\n|switch|p1a: Miraidon|Miraidon|100\/100\n|-damage|p1a: Miraidon|88\/100|[from] Stealth Rock\n|-activate|p1a: Miraidon|ability: Hadron Engine\n|move|p2a: Miraidon|Calm Mind|p2a: Miraidon\n|-boost|p2a: Miraidon|spa|1\n|-boost|p2a: Miraidon|spd|1\n|\n|-weather|SunnyDay|[upkeep]\n|-heal|p2a: Miraidon|95\/100|[from] item: Leftovers\n|upkeep\n|turn|11\n|\n|t:|1698898065\n|move|p2a: Miraidon|Dazzling Gleam|p1a: Miraidon\n|-supereffective|p1a: Miraidon\n|-damage|p1a: Miraidon|0 fnt\n|faint|p1a: Miraidon\n|\n|-weather|none\n|-heal|p2a: Miraidon|100\/100|[from] item: Leftovers\n|upkeep\n|\n|t:|1698898068\n|switch|p1a: Koraidon|Koraidon, tera:Fire|70\/100\n|-damage|p1a: Koraidon|45\/100|[from] Stealth Rock\n|-weather|SunnyDay|[from] ability: Orichalcum Pulse|[of] p1a: Koraidon\n|-activate|p1a: Koraidon|Orichalcum Pulse|[source]\n|turn|12\n|\n|t:|1698898074\n|move|p2a: Miraidon|Parabolic Charge|p1a: Koraidon\n|-damage|p1a: Koraidon|0 fnt\n|faint|p1a: Koraidon\n|\n|-weather|SunnyDay|[upkeep]\n|-fieldend|move: Electric Terrain\n|upkeep\n|\n|t:|1698898080\n|switch|p1a: Walking Wake|Walking Wake|100\/100\n|-damage|p1a: Walking Wake|88\/100|[from] Stealth Rock\n|-activate|p1a: Walking Wake|ability: Protosynthesis\n|-start|p1a: Walking Wake|protosynthesisspa\n|turn|13\n|\n|t:|1698898085\n|move|p2a: Miraidon|Dazzling Gleam|p1a: Walking Wake\n|-supereffective|p1a: Walking Wake\n|-damage|p1a: Walking Wake|0 fnt\n|faint|p1a: Walking Wake\n|-end|p1a: Walking Wake|Protosynthesis|[silent]\n|\n|-weather|SunnyDay|[upkeep]\n|upkeep\n|\n|t:|1698898088\n|switch|p1a: Iron Leaves|Iron Leaves|100\/100\n|-damage|p1a: Iron Leaves|88\/100|[from] Stealth Rock\n|turn|14\n|\n|t:|1698898092\n|-terastallize|p2a: Miraidon|Fairy\n|move|p2a: Miraidon|Dazzling Gleam|p1a: Iron Leaves\n|-damage|p1a: Iron Leaves|0 fnt\n|faint|p1a: Iron Leaves\n|-end|p1a: Iron Leaves|Quark Drive|[silent]\n|\n|-weather|SunnyDay|[upkeep]\n|upkeep\n|c|\u2606ApexEliminator|gg\n|c|\u2606dreepyairlines|gg\n|-message|ApexEliminator forfeited.\n|\n|win|dreepyairlines\n|n|\u2606ApexEliminator|apexeliminator\n|n|\u2606dreepyairlines|dreepyairlines\n|n|*Lady Monita \u263d|ladymonita\n|n| happysh|happysh\n","uploadtime":1698898100,"views":4,"p1id":"apexeliminator","p2id":"dreepyairlines","formatid":"gen9ubers","rating":0,"private":0,"password":""}