{"id":"gen9ubers-1996647922","p1":"EvilName","p2":"h4v0ckn1ght","format":"[Gen 9] Ubers","log":"|j|\u2606EvilName\n|j|\u2606h4v0ckn1ght\n|t:|1700704896\n|gametype|singles\n|player|p1|EvilName|lucas|1436\n|player|p2|h4v0ckn1ght|rosa|1533\n|teamsize|p1|6\n|teamsize|p2|6\n|gen|9\n|tier|[Gen 9] Ubers\n|rated|\n|rule|Sleep Clause Mod: Limit one foe put to sleep\n|rule|Species Clause: Limit one of each Pok\u00e9mon\n|rule|OHKO Clause: OHKO moves are banned\n|rule|Evasion Items Clause: Evasion items are banned\n|rule|Evasion Moves Clause: Evasion moves are banned\n|rule|Endless Battle Clause: Forcing endless battles is banned\n|rule|HP Percentage Mod: HP is shown in percentages\n|clearpoke\n|poke|p1|Miraidon|\n|poke|p1|Landorus-Therian, M|\n|poke|p1|Arceus-Ground|\n|poke|p1|Koraidon|\n|poke|p1|Zacian-*|\n|poke|p1|Ditto|\n|poke|p2|Eternatus|\n|poke|p2|Koraidon|\n|poke|p2|Arceus|\n|poke|p2|Skeledirge, M|\n|poke|p2|Zacian-*|\n|poke|p2|Iron Treads|\n|teampreview\n|inactive|Battle timer is ON: inactive players will automatically lose when time's up. (requested by h4v0ckn1ght)\n|inactive|EvilName also wants the timer to be on.\n|inactive|EvilName has 120 seconds left.\n|inactive|EvilName has 90 seconds left.\n|\n|t:|1700704970\n|start\n|switch|p1a: Arceus|Arceus-Ground|100\/100\n|switch|p2a: Koraidon|Koraidon|100\/100\n|-weather|SunnyDay|[from] ability: Orichalcum Pulse|[of] p2a: Koraidon\n|-activate|p2a: Koraidon|Orichalcum Pulse|[source]\n|turn|1\n|\n|t:|1700704975\n|switch|p1a: Landorus|Landorus-Therian, M|100\/100\n|-ability|p1a: Landorus|Intimidate|boost\n|-unboost|p2a: Koraidon|atk|1\n|move|p2a: Koraidon|Swords Dance|p2a: Koraidon\n|-boost|p2a: Koraidon|atk|2\n|\n|-weather|SunnyDay|[upkeep]\n|upkeep\n|turn|2\n|\n|t:|1700704978\n|move|p2a: Koraidon|Scale Shot|p1a: Landorus\n|-damage|p1a: Landorus|83\/100\n|-damage|p1a: Landorus|66\/100\n|-damage|p1a: Landorus|46\/100\n|-damage|p1a: Landorus|29\/100\n|-hitcount|p1a: Landorus|4\n|-unboost|p2a: Koraidon|def|1\n|-boost|p2a: Koraidon|spe|1\n|move|p1a: Landorus|Earthquake|p2a: Koraidon\n|-crit|p2a: Koraidon\n|-damage|p2a: Koraidon|6\/100\n|\n|-weather|SunnyDay|[upkeep]\n|upkeep\n|turn|3\n|\n|t:|1700704992\n|move|p2a: Koraidon|Low Kick|p1a: Landorus\n|-resisted|p1a: Landorus\n|-damage|p1a: Landorus|0 fnt\n|-damage|p2a: Koraidon|0 fnt|[from] item: Rocky Helmet|[of] p1a: Landorus\n|faint|p1a: Landorus\n|faint|p2a: Koraidon\n|\n|-weather|SunnyDay|[upkeep]\n|upkeep\n|\n|t:|1700705004\n|switch|p2a: Arceus|Arceus, shiny|100\/100\n|switch|p1a: Arceus|Arceus-Ground|100\/100\n|turn|4\n|\n|t:|1700705014\n|move|p1a: Arceus|Calm Mind|p1a: Arceus\n|-boost|p1a: Arceus|spa|1\n|-boost|p1a: Arceus|spd|1\n|move|p2a: Arceus|Swords Dance|p2a: Arceus\n|-boost|p2a: Arceus|atk|2\n|\n|-weather|SunnyDay|[upkeep]\n|upkeep\n|turn|5\n|\n|t:|1700705017\n|move|p1a: Arceus|Judgment|p2a: Arceus\n|-damage|p2a: Arceus|49\/100\n|move|p2a: Arceus|Swords Dance|p2a: Arceus\n|-boost|p2a: Arceus|atk|2\n|\n|-weather|none\n|upkeep\n|turn|6\n|\n|t:|1700705026\n|move|p2a: Arceus|Extreme Speed|p1a: Arceus\n|-damage|p1a: Arceus|19\/100\n|move|p1a: Arceus|Judgment|p2a: Arceus\n|-damage|p2a: Arceus|0 fnt\n|faint|p2a: Arceus\n|\n|upkeep\n|\n|t:|1700705029\n|switch|p2a: Zacian|Zacian-Crowned, shiny|100\/100\n|-ability|p2a: Zacian|Intrepid Sword|boost\n|-boost|p2a: Zacian|atk|1\n|turn|7\n|\n|t:|1700705036\n|move|p2a: Zacian|Behemoth Blade|p1a: Arceus\n|-damage|p1a: Arceus|0 fnt\n|faint|p1a: Arceus\n|\n|upkeep\n|\n|t:|1700705042\n|switch|p1a: Ditto|Ditto|100\/100\n|-transform|p1a: Ditto|p2a: Zacian|[from] ability: Imposter\n|-ability|p1a: Ditto|Intrepid Sword|boost\n|-boost|p1a: Ditto|atk|1\n|turn|8\n|\n|t:|1700705045\n|switch|p2a: Skeledirge|Skeledirge, M, shiny|100\/100\n|move|p1a: Ditto|Behemoth Blade|p2a: Skeledirge\n|-resisted|p2a: Skeledirge\n|-damage|p2a: Skeledirge|84\/100\n|\n|upkeep\n|turn|9\n|\n|t:|1700705048\n|switch|p1a: Miraidon|Miraidon|100\/100\n|-fieldstart|move: Electric Terrain|[from] ability: Hadron Engine|[of] p1a: Miraidon\n|move|p2a: Skeledirge|Torch Song|p1a: Miraidon\n|-resisted|p1a: Miraidon\n|-damage|p1a: Miraidon|86\/100\n|-boost|p2a: Skeledirge|spa|1\n|\n|upkeep\n|turn|10\n|\n|t:|1700705052\n|switch|p2a: Iron Treads|Iron Treads|100\/100\n|-activate|p2a: Iron Treads|ability: Quark Drive\n|-start|p2a: Iron Treads|quarkdrivespe\n|move|p1a: Miraidon|Draco Meteor|p2a: Iron Treads\n|-resisted|p2a: Iron Treads\n|-damage|p2a: Iron Treads|42\/100\n|-unboost|p1a: Miraidon|spa|2\n|-damage|p1a: Miraidon|76\/100|[from] item: Life Orb\n|\n|upkeep\n|turn|11\n|\n|t:|1700705057\n|switch|p1a: Koraidon|Koraidon|100\/100\n|-weather|SunnyDay|[from] ability: Orichalcum Pulse|[of] p1a: Koraidon\n|-activate|p1a: Koraidon|Orichalcum Pulse|[source]\n|move|p2a: Iron Treads|Stealth Rock|p1a: Koraidon\n|-sidestart|p1: EvilName|move: Stealth Rock\n|\n|-weather|SunnyDay|[upkeep]\n|upkeep\n|turn|12\n|\n|t:|1700705062\n|-end|p2a: Iron Treads|Quark Drive|[silent]\n|switch|p2a: Skeledirge|Skeledirge, M, shiny|84\/100\n|move|p1a: Koraidon|Scale Shot|p2a: Skeledirge\n|-damage|p2a: Skeledirge|73\/100\n|-damage|p2a: Skeledirge|61\/100\n|-damage|p2a: Skeledirge|51\/100\n|-damage|p2a: Skeledirge|39\/100\n|-crit|p2a: Skeledirge\n|-damage|p2a: Skeledirge|23\/100\n|-hitcount|p2a: Skeledirge|5\n|-unboost|p1a: Koraidon|def|1\n|-boost|p1a: Koraidon|spe|1\n|\n|-weather|SunnyDay|[upkeep]\n|upkeep\n|turn|13\n|\n|t:|1700705069\n|-terastallize|p2a: Skeledirge|Fairy\n|move|p1a: Koraidon|Scale Shot|p2a: Skeledirge\n|-immune|p2a: Skeledirge\n|move|p2a: Skeledirge|Slack Off|p2a: Skeledirge\n|-heal|p2a: Skeledirge|73\/100\n|\n|-weather|SunnyDay|[upkeep]\n|-fieldend|move: Electric Terrain\n|upkeep\n|turn|14\n|\n|t:|1700705074\n|-terastallize|p1a: Koraidon|Fire\n|move|p1a: Koraidon|Flare Blitz|p2a: Skeledirge\n|-damage|p2a: Skeledirge|0 fnt\n|faint|p2a: Skeledirge\n|-damage|p1a: Koraidon|73\/100|[from] Recoil\n|\n|-weather|SunnyDay|[upkeep]\n|upkeep\n|\n|t:|1700705084\n|switch|p2a: Eternatus|Eternatus|100\/100\n|-ability|p2a: Eternatus|Pressure\n|turn|15\n|\n|t:|1700705087\n|move|p1a: Koraidon|Scale Shot|p2a: Eternatus\n|-supereffective|p2a: Eternatus\n|-damage|p2a: Eternatus|78\/100\n|-supereffective|p2a: Eternatus\n|-crit|p2a: Eternatus\n|-damage|p2a: Eternatus|47\/100\n|-supereffective|p2a: Eternatus\n|-crit|p2a: Eternatus\n|-damage|p2a: Eternatus|13\/100\n|-supereffective|p2a: Eternatus\n|-damage|p2a: Eternatus|0 fnt\n|faint|p2a: Eternatus\n|-hitcount|p2: Eternatus|4\n|-unboost|p1a: Koraidon|def|1\n|-boost|p1a: Koraidon|spe|1\n|\n|-weather|none\n|upkeep\n|\n|t:|1700705090\n|switch|p2a: Zacian|Zacian-Crowned, shiny|100\/100\n|turn|16\n|c|\u2606EvilName|gg\n|\n|t:|1700705095\n|move|p1a: Koraidon|Flare Blitz|p2a: Zacian\n|-supereffective|p2a: Zacian\n|-damage|p2a: Zacian|0 fnt\n|faint|p2a: Zacian\n|-damage|p1a: Koraidon|41\/100|[from] Recoil\n|\n|upkeep\n|\n|t:|1700705097\n|switch|p2a: Iron Treads|Iron Treads|42\/100\n|turn|17\n|\n|t:|1700705102\n|move|p1a: Koraidon|Flare Blitz|p2a: Iron Treads\n|-supereffective|p2a: Iron Treads\n|-damage|p2a: Iron Treads|0 fnt\n|faint|p2a: Iron Treads\n|-end|p2a: Iron Treads|Quark Drive|[silent]\n|-damage|p1a: Koraidon|26\/100|[from] Recoil\n|\n|win|EvilName\n|raw|EvilName's rating: 1436 &rarr; <strong>1462<\/strong><br \/>(+26 for winning)\n|raw|h4v0ckn1ght's rating: 1544 &rarr; <strong>1518<\/strong><br \/>(-26 for losing)\n|l|\u2606h4v0ckn1ght\n","uploadtime":1700705116,"views":2,"p1id":"evilname","p2id":"h4v0ckn1ght","formatid":"gen9ubers","rating":1462,"private":0,"password":""}