{"id":"gen9ubers-1989748549","p1":"Bka Onon","p2":"PTKmoekyuun","format":"[Gen 9] Ubers","log":"|j|\u2606Bka Onon\n|j|\u2606PTKmoekyuun\n|t:|1699892416\n|gametype|singles\n|player|p1|Bka Onon|amelia-shuffle|\n|player|p2|PTKmoekyuun|102|\n|teamsize|p1|6\n|teamsize|p2|6\n|gen|9\n|tier|[Gen 9] Ubers\n|rule|Sleep Clause Mod: Limit one foe put to sleep\n|rule|Species Clause: Limit one of each Pok\u00e9mon\n|rule|OHKO Clause: OHKO moves are banned\n|rule|Evasion Items Clause: Evasion items are banned\n|rule|Evasion Moves Clause: Evasion moves are banned\n|rule|Endless Battle Clause: Forcing endless battles is banned\n|rule|HP Percentage Mod: HP is shown in percentages\n|clearpoke\n|poke|p1|Arceus-Dark|\n|poke|p1|Magearna|\n|poke|p1|Palafin, M|\n|poke|p1|Garchomp, M|\n|poke|p1|Chi-Yu|\n|poke|p1|Gholdengo|\n|poke|p2|Rillaboom, F|\n|poke|p2|Arceus-Poison|\n|poke|p2|Dialga|\n|poke|p2|Cyclizar, F|\n|poke|p2|Torterra, F|\n|poke|p2|Dragapult, M|\n|teampreview\n|c|\u2606Bka Onon|hf\n|\n|t:|1699892430\n|start\n|switch|p1a: Chi-Yu|Chi-Yu|100\/100\n|switch|p2a: Cyclizar|Cyclizar, F|100\/100\n|-ability|p1a: Chi-Yu|Beads of Ruin\n|turn|1\n|\n|t:|1699892445\n|switch|p2a: Rillaboom|Rillaboom, F|100\/100\n|-fieldstart|move: Grassy Terrain|[from] ability: Grassy Surge|[of] p2a: Rillaboom\n|move|p1a: Chi-Yu|Dark Pulse|p2a: Rillaboom\n|-damage|p2a: Rillaboom|60\/100\n|\n|-heal|p2a: Rillaboom|66\/100|[from] Grassy Terrain\n|upkeep\n|turn|2\n|\n|t:|1699892455\n|switch|p1a: Garchomp|Garchomp, M|100\/100\n|move|p2a: Rillaboom|Knock Off|p1a: Garchomp\n|-damage|p1a: Garchomp|75\/100\n|-damage|p2a: Rillaboom|54\/100|[from] ability: Rough Skin|[of] p1a: Garchomp\n|-damage|p2a: Rillaboom|37\/100|[from] item: Rocky Helmet|[of] p1a: Garchomp\n|-enditem|p1a: Garchomp|Rocky Helmet|[from] move: Knock Off|[of] p2a: Rillaboom\n|\n|-heal|p1a: Garchomp|81\/100|[from] Grassy Terrain\n|-heal|p2a: Rillaboom|43\/100|[from] Grassy Terrain\n|upkeep\n|turn|3\n|\n|t:|1699892473\n|switch|p2a: Dialga|Dialga|100\/100\n|-ability|p2a: Dialga|Pressure\n|move|p1a: Garchomp|Stealth Rock|p2a: Dialga\n|-sidestart|p2: PTKmoekyuun|move: Stealth Rock\n|\n|-heal|p1a: Garchomp|87\/100|[from] Grassy Terrain\n|upkeep\n|turn|4\n|\n|t:|1699892483\n|switch|p1a: Magearna|Magearna|100\/100\n|move|p2a: Dialga|Stealth Rock|p1a: Magearna\n|-sidestart|p1: Bka Onon|move: Stealth Rock\n|\n|upkeep\n|turn|5\n|\n|t:|1699892490\n|move|p2a: Dialga|Fire Blast|p1a: Magearna\n|-supereffective|p1a: Magearna\n|-crit|p1a: Magearna\n|-damage|p1a: Magearna|0 fnt\n|faint|p1a: Magearna\n|\n|-fieldend|move: Grassy Terrain\n|upkeep\n|c|\u2606Bka Onon|oh\n|c|\u2606Bka Onon|annoying\n|\n|t:|1699892503\n|switch|p1a: Palafin|Palafin, M|100\/100\n|-damage|p1a: Palafin|88\/100|[from] Stealth Rock\n|turn|6\n|\n|t:|1699892511\n|move|p1a: Palafin|Flip Turn|p2a: Dialga\n|-resisted|p2a: Dialga\n|-damage|p2a: Dialga|89\/100\n|\n|t:|1699892515\n|detailschange|p1a: Palafin|Palafin-Hero, M\n|switch|p1a: Garchomp|Garchomp, M|87\/100|[from] Flip Turn\n|-damage|p1a: Garchomp|81\/100|[from] Stealth Rock\n|move|p2a: Dialga|Draco Meteor|p1a: Garchomp\n|-supereffective|p1a: Garchomp\n|-damage|p1a: Garchomp|0 fnt\n|-unboost|p2a: Dialga|spa|2\n|faint|p1a: Garchomp\n|\n|-heal|p2a: Dialga|95\/100|[from] item: Leftovers\n|upkeep\n|\n|t:|1699892529\n|switch|p1a: Chi-Yu|Chi-Yu|100\/100\n|-damage|p1a: Chi-Yu|76\/100|[from] Stealth Rock\n|-ability|p1a: Chi-Yu|Beads of Ruin\n|turn|7\n|\n|t:|1699892534\n|switch|p2a: Rillaboom|Rillaboom, F|43\/100\n|-damage|p2a: Rillaboom|31\/100|[from] Stealth Rock\n|-fieldstart|move: Grassy Terrain|[from] ability: Grassy Surge|[of] p2a: Rillaboom\n|move|p1a: Chi-Yu|Overheat|p2a: Rillaboom\n|-supereffective|p2a: Rillaboom\n|-damage|p2a: Rillaboom|0 fnt\n|-unboost|p1a: Chi-Yu|spa|2\n|faint|p2a: Rillaboom\n|\n|-heal|p1a: Chi-Yu|82\/100|[from] Grassy Terrain\n|upkeep\n|\n|t:|1699892537\n|switch|p2a: Cyclizar|Cyclizar, F|100\/100\n|turn|8\n|\n|t:|1699892550\n|switch|p1a: Palafin|Palafin-Hero, M|88\/100\n|-damage|p1a: Palafin|76\/100|[from] Stealth Rock\n|-activate|p1a: Palafin|ability: Zero to Hero\n|move|p2a: Cyclizar|Shed Tail|p2a: Cyclizar\n|-start|p2a: Cyclizar|Substitute|[from] move: Shed Tail\n|-damage|p2a: Cyclizar|50\/100\n|\n|t:|1699892577\n|switch|p2a: Torterra|Torterra, F|100\/100|[from] Shed Tail\n|-damage|p2a: Torterra|94\/100|[from] Stealth Rock\n|\n|-heal|p1a: Palafin|82\/100|[from] Grassy Terrain\n|-heal|p2a: Torterra|100\/100|[from] Grassy Terrain\n|upkeep\n|turn|9\n|\n|t:|1699892593\n|-terastallize|p2a: Torterra|Grass\n|move|p1a: Palafin|Jet Punch|p2a: Torterra\n|-resisted|p2a: Torterra\n|-crit|p2a: Torterra\n|-end|p2a: Torterra|Substitute\n|move|p2a: Torterra|Shell Smash|p2a: Torterra\n|-unboost|p2a: Torterra|def|1\n|-unboost|p2a: Torterra|spd|1\n|-boost|p2a: Torterra|atk|2\n|-boost|p2a: Torterra|spa|2\n|-boost|p2a: Torterra|spe|2\n|\n|-heal|p1a: Palafin|88\/100|[from] Grassy Terrain\n|upkeep\n|turn|10\n|\n|t:|1699892620\n|move|p1a: Palafin|Jet Punch|p2a: Torterra\n|-resisted|p2a: Torterra\n|-damage|p2a: Torterra|60\/100\n|move|p2a: Torterra|Seed Bomb|p1a: Palafin\n|-supereffective|p1a: Palafin\n|-damage|p1a: Palafin|0 fnt\n|faint|p1a: Palafin\n|\n|-heal|p2a: Torterra|66\/100|[from] Grassy Terrain\n|upkeep\n|\n|t:|1699892635\n|switch|p1a: Chi-Yu|Chi-Yu|82\/100\n|-damage|p1a: Chi-Yu|57\/100|[from] Stealth Rock\n|-ability|p1a: Chi-Yu|Beads of Ruin\n|turn|11\n|\n|t:|1699892649\n|switch|p2a: Dialga|Dialga|95\/100\n|-damage|p2a: Dialga|89\/100|[from] Stealth Rock\n|-ability|p2a: Dialga|Pressure\n|move|p1a: Chi-Yu|Dark Pulse|p2a: Dialga\n|-damage|p2a: Dialga|36\/100\n|\n|-heal|p1a: Chi-Yu|63\/100|[from] Grassy Terrain\n|-heal|p2a: Dialga|42\/100|[from] Grassy Terrain\n|-heal|p2a: Dialga|48\/100|[from] item: Leftovers\n|-fieldend|move: Grassy Terrain\n|upkeep\n|turn|12\n|\n|t:|1699892654\n|move|p1a: Chi-Yu|Dark Pulse|p2a: Dialga\n|-damage|p2a: Dialga|0 fnt\n|faint|p2a: Dialga\n|\n|upkeep\n|\n|t:|1699892658\n|switch|p2a: Arceus|Arceus-Poison|100\/100\n|-damage|p2a: Arceus|88\/100|[from] Stealth Rock\n|turn|13\n|\n|t:|1699892662\n|move|p1a: Chi-Yu|Dark Pulse|p2a: Arceus\n|-damage|p2a: Arceus|50\/100\n|move|p2a: Arceus|Earth Power|p1a: Chi-Yu\n|-supereffective|p1a: Chi-Yu\n|-damage|p1a: Chi-Yu|6\/100\n|\n|upkeep\n|turn|14\n|\n|t:|1699892670\n|move|p1a: Chi-Yu|Dark Pulse|p2a: Arceus\n|-damage|p2a: Arceus|8\/100\n|move|p2a: Arceus|Recover|p2a: Arceus\n|-heal|p2a: Arceus|58\/100\n|\n|upkeep\n|turn|15\n|\n|t:|1699892676\n|move|p1a: Chi-Yu|Dark Pulse|p2a: Arceus\n|-damage|p2a: Arceus|16\/100\n|move|p2a: Arceus|Earth Power|p1a: Chi-Yu\n|-supereffective|p1a: Chi-Yu\n|-damage|p1a: Chi-Yu|0 fnt\n|faint|p1a: Chi-Yu\n|\n|upkeep\n|\n|t:|1699892683\n|switch|p1a: Arceus|Arceus-Dark|100\/100\n|-damage|p1a: Arceus|88\/100|[from] Stealth Rock\n|turn|16\n|\n|t:|1699892685\n|move|p1a: Arceus|Thunder Wave|p2a: Arceus\n|-status|p2a: Arceus|par\n|cant|p2a: Arceus|par\n|\n|upkeep\n|turn|17\n|\n|t:|1699892689\n|move|p1a: Arceus|Calm Mind|p1a: Arceus\n|-boost|p1a: Arceus|spa|1\n|-boost|p1a: Arceus|spd|1\n|move|p2a: Arceus|Roar|p1a: Arceus\n|drag|p1a: Gholdengo|Gholdengo|100\/100\n|-damage|p1a: Gholdengo|94\/100|[from] Stealth Rock\n|\n|-heal|p1a: Gholdengo|100\/100|[from] item: Leftovers\n|upkeep\n|turn|18\n|\n|t:|1699892697\n|switch|p1a: Arceus|Arceus-Dark|88\/100\n|-damage|p1a: Arceus|76\/100|[from] Stealth Rock\n|move|p2a: Arceus|Recover|p2a: Arceus\n|-heal|p2a: Arceus|66\/100 par\n|\n|upkeep\n|turn|19\n|\n|t:|1699892701\n|move|p1a: Arceus|Recover|p1a: Arceus\n|-heal|p1a: Arceus|100\/100\n|move|p2a: Arceus|Roar|p1a: Arceus\n|drag|p1a: Gholdengo|Gholdengo|100\/100\n|-damage|p1a: Gholdengo|94\/100|[from] Stealth Rock\n|\n|-heal|p1a: Gholdengo|100\/100|[from] item: Leftovers\n|upkeep\n|turn|20\n|\n|t:|1699892705\n|move|p1a: Gholdengo|Nasty Plot|p1a: Gholdengo\n|-boost|p1a: Gholdengo|spa|2\n|move|p2a: Arceus|Recover|p2a: Arceus\n|-heal|p2a: Arceus|100\/100 par\n|\n|upkeep\n|turn|21\n|\n|t:|1699892716\n|move|p1a: Gholdengo|Thunder Wave|p2a: Arceus\n|-fail|p2a: Arceus|par\n|move|p2a: Arceus|Earth Power|p1a: Gholdengo\n|-supereffective|p1a: Gholdengo\n|-damage|p1a: Gholdengo|53\/100\n|\n|-heal|p1a: Gholdengo|59\/100|[from] item: Leftovers\n|upkeep\n|turn|22\n|\n|t:|1699892722\n|move|p1a: Gholdengo|Hex|p2a: Arceus\n|-damage|p2a: Arceus|21\/100 par\n|move|p2a: Arceus|Earth Power|p1a: Gholdengo\n|-supereffective|p1a: Gholdengo\n|-damage|p1a: Gholdengo|8\/100\n|\n|-heal|p1a: Gholdengo|14\/100|[from] item: Leftovers\n|upkeep\n|turn|23\n|\n|t:|1699892727\n|move|p1a: Gholdengo|Recover|p1a: Gholdengo\n|-heal|p1a: Gholdengo|64\/100\n|move|p2a: Arceus|Earth Power|p1a: Gholdengo\n|-supereffective|p1a: Gholdengo\n|-damage|p1a: Gholdengo|17\/100\n|\n|-heal|p1a: Gholdengo|23\/100|[from] item: Leftovers\n|upkeep\n|turn|24\n|\n|t:|1699892732\n|move|p1a: Gholdengo|Recover|p1a: Gholdengo\n|-heal|p1a: Gholdengo|73\/100\n|cant|p2a: Arceus|par\n|\n|-heal|p1a: Gholdengo|79\/100|[from] item: Leftovers\n|upkeep\n|turn|25\n|\n|t:|1699892738\n|move|p1a: Gholdengo|Hex|p2a: Arceus\n|-damage|p2a: Arceus|0 fnt\n|faint|p2a: Arceus\n|\n|-heal|p1a: Gholdengo|85\/100|[from] item: Leftovers\n|upkeep\n|\n|t:|1699892760\n|switch|p2a: Dragapult|Dragapult, M|100\/100\n|-damage|p2a: Dragapult|88\/100|[from] Stealth Rock\n|turn|26\n|\n|t:|1699892769\n|-terastallize|p1a: Gholdengo|Fairy\n|move|p2a: Dragapult|Dragon Darts|p1a: Gholdengo\n|-immune|p1a: Gholdengo\n|move|p1a: Gholdengo|Hex|p2a: Dragapult\n|-supereffective|p2a: Dragapult\n|-damage|p2a: Dragapult|0 fnt\n|faint|p2a: Dragapult\n|\n|-heal|p1a: Gholdengo|91\/100|[from] item: Leftovers\n|upkeep\n|\n|t:|1699892773\n|switch|p2a: Cyclizar|Cyclizar, F|84\/100\n|turn|27\n|\n|t:|1699892783\n|move|p2a: Cyclizar|Taunt|p1a: Gholdengo\n|-immune|p1a: Gholdengo|[from] ability: Good as Gold\n|move|p1a: Gholdengo|Hex|p2a: Cyclizar\n|-immune|p2a: Cyclizar\n|\n|-heal|p1a: Gholdengo|98\/100|[from] item: Leftovers\n|upkeep\n|turn|28\n|\n|t:|1699892787\n|move|p2a: Cyclizar|Rapid Spin|p1a: Gholdengo\n|-damage|p1a: Gholdengo|82\/100\n|-boost|p2a: Cyclizar|spe|1\n|-sideend|p2: PTKmoekyuun|Stealth Rock|[from] move: Rapid Spin|[of] p2a: Cyclizar\n|move|p1a: Gholdengo|Hex|p2a: Cyclizar\n|-immune|p2a: Cyclizar\n|\n|-heal|p1a: Gholdengo|88\/100|[from] item: Leftovers\n|upkeep\n|turn|29\n|\n|t:|1699892797\n|move|p2a: Cyclizar|Rapid Spin|p1a: Gholdengo\n|-damage|p1a: Gholdengo|73\/100\n|-boost|p2a: Cyclizar|spe|1\n|move|p1a: Gholdengo|Hex|p2a: Cyclizar\n|-immune|p2a: Cyclizar\n|\n|-heal|p1a: Gholdengo|79\/100|[from] item: Leftovers\n|upkeep\n|turn|30\n|\n|t:|1699892800\n|move|p2a: Cyclizar|Rapid Spin|p1a: Gholdengo\n|-damage|p1a: Gholdengo|64\/100\n|-boost|p2a: Cyclizar|spe|1\n|move|p1a: Gholdengo|Thunder Wave|p2a: Cyclizar\n|-status|p2a: Cyclizar|par\n|\n|-heal|p1a: Gholdengo|70\/100|[from] item: Leftovers\n|upkeep\n|turn|31\n|\n|t:|1699892813\n|switch|p1a: Arceus|Arceus-Dark|100\/100\n|-damage|p1a: Arceus|88\/100|[from] Stealth Rock\n|move|p2a: Cyclizar|Knock Off|p1a: Arceus\n|-resisted|p1a: Arceus\n|-damage|p1a: Arceus|84\/100\n|\n|upkeep\n|turn|32\n|\n|t:|1699892820\n|move|p2a: Cyclizar|Shed Tail|p2a: Cyclizar\n|-start|p2a: Cyclizar|Substitute|[from] move: Shed Tail\n|-damage|p2a: Cyclizar|33\/100 par\n|\n|t:|1699892821\n|switch|p2a: Torterra|Torterra, F, tera:Grass|66\/100|[from] Shed Tail\n|move|p1a: Arceus|Judgment|p2a: Torterra\n|-end|p2a: Torterra|Substitute\n|\n|upkeep\n|turn|33\n|\n|t:|1699892836\n|move|p1a: Arceus|Thunder Wave|p2a: Torterra\n|-status|p2a: Torterra|par\n|cant|p2a: Torterra|par\n|\n|upkeep\n|turn|34\n|\n|t:|1699892847\n|move|p1a: Arceus|Judgment|p2a: Torterra\n|-damage|p2a: Torterra|5\/100 par\n|move|p2a: Torterra|Headlong Rush|p1a: Arceus\n|-damage|p1a: Arceus|40\/100\n|-unboost|p2a: Torterra|def|1\n|-unboost|p2a: Torterra|spd|1\n|\n|upkeep\n|turn|35\n|c|\u2606PTKmoekyuun|gg\n|\n|t:|1699892856\n|move|p1a: Arceus|Judgment|p2a: Torterra\n|-damage|p2a: Torterra|0 fnt\n|faint|p2a: Torterra\n|\n|upkeep\n|c|\u2606Bka Onon|gg\n|c|\u2606Bka Onon|wp\n|c|\u2606PTKmoekyuun|all cause i used\n|c|\u2606PTKmoekyuun|mental herb instead of white herb\n|c|\u2606Bka Onon|moment\n|c|\u2606Bka Onon|tbf my mage got nuked so\n|c|\u2606Bka Onon|its finee\n|c|\u2606Bka Onon|(anw can u click)\n|c|\u2606PTKmoekyuun|woops\n|c|\u2606PTKmoekyuun|i though I forfeited\n|\n|t:|1699892977\n|switch|p2a: Cyclizar|Cyclizar, F|67\/100 par\n|turn|36\n|\n|t:|1699892982\n|move|p1a: Arceus|Judgment|p2a: Cyclizar\n|-damage|p2a: Cyclizar|0 fnt\n|faint|p2a: Cyclizar\n|\n|win|Bka Onon\n|c|\u2606Bka Onon|ight ggs\n|c|\u2606Bka Onon|its cool\n","uploadtime":1699893000,"views":32,"p1id":"bkaonon","p2id":"ptkmoekyuun","formatid":"gen9ubers","rating":0,"private":0,"password":""}