{"id":"gen9ubers-1977854000","p1":"i_exist_ook","p2":"ToplesRank","format":"[Gen 9] Ubers","log":"|j|\u2606i_exist_ook\n|j|\u2606ToplesRank\n|t:|1698457757\n|gametype|singles\n|player|p1|i_exist_ook|169|1033\n|player|p2|ToplesRank|zinnia|1178\n|teamsize|p1|6\n|teamsize|p2|6\n|gen|9\n|tier|[Gen 9] Ubers\n|rated|\n|rule|Sleep Clause Mod: Limit one foe put to sleep\n|rule|Species Clause: Limit one of each Pok\u00e9mon\n|rule|OHKO Clause: OHKO moves are banned\n|rule|Evasion Items Clause: Evasion items are banned\n|rule|Evasion Moves Clause: Evasion moves are banned\n|rule|Endless Battle Clause: Forcing endless battles is banned\n|rule|HP Percentage Mod: HP is shown in percentages\n|clearpoke\n|poke|p1|Ting-Lu|\n|poke|p1|Ninetales-Alola, M|\n|poke|p1|Garganacl, F|\n|poke|p1|Gholdengo|\n|poke|p1|Miraidon|\n|poke|p1|Ribombee, F|\n|poke|p2|Arceus-Fairy|\n|poke|p2|Gliscor, M|\n|poke|p2|Kyogre|\n|poke|p2|Ditto|\n|poke|p2|Koraidon|\n|poke|p2|Baxcalibur, M|\n|teampreview\n|inactive|Battle timer is ON: inactive players will automatically lose when time's up. (requested by ToplesRank)\n|\n|t:|1698457764\n|start\n|switch|p1a: Miraidon|Miraidon|100\/100\n|switch|p2a: TwinkleLittleStar|Arceus-Fairy|100\/100\n|-fieldstart|move: Electric Terrain|[from] ability: Hadron Engine|[of] p1a: Miraidon\n|turn|1\n|\n|t:|1698457787\n|move|p1a: Miraidon|Flash Cannon|p2a: TwinkleLittleStar\n|-supereffective|p2a: TwinkleLittleStar\n|-damage|p2a: TwinkleLittleStar|38\/100\n|move|p2a: TwinkleLittleStar|Ice Beam|p1a: Miraidon\n|-supereffective|p1a: Miraidon\n|-damage|p1a: Miraidon|53\/100\n|\n|upkeep\n|turn|2\n|\n|t:|1698457797\n|switch|p2a: Gliscor|Gliscor, M|100\/100\n|move|p1a: Miraidon|Dazzling Gleam|p2a: Gliscor\n|-damage|p2a: Gliscor|51\/100\n|\n|-status|p2a: Gliscor|tox|[from] item: Toxic Orb\n|upkeep\n|turn|3\n|\n|t:|1698457816\n|move|p2a: Gliscor|Protect|p2a: Gliscor\n|-singleturn|p2a: Gliscor|Protect\n|move|p1a: Miraidon|Draco Meteor|p2a: Gliscor\n|-activate|p2a: Gliscor|move: Protect\n|\n|-heal|p2a: Gliscor|63\/100 tox|[from] ability: Poison Heal\n|upkeep\n|turn|4\n|\n|t:|1698457829\n|switch|p2a: TwinkleLittleStar|Arceus-Fairy|38\/100\n|move|p1a: Miraidon|Draco Meteor|p2a: TwinkleLittleStar\n|-immune|p2a: TwinkleLittleStar\n|\n|upkeep\n|turn|5\n|\n|t:|1698457838\n|-terastallize|p2a: TwinkleLittleStar|Steel\n|move|p1a: Miraidon|Flash Cannon|p2a: TwinkleLittleStar\n|-resisted|p2a: TwinkleLittleStar\n|-damage|p2a: TwinkleLittleStar|24\/100\n|move|p2a: TwinkleLittleStar|Judgment|p1a: Miraidon\n|-supereffective|p1a: Miraidon\n|-damage|p1a: Miraidon|0 fnt\n|faint|p1a: Miraidon\n|\n|-fieldend|move: Electric Terrain\n|upkeep\n|\n|t:|1698457847\n|switch|p1a: Ting-Lu|Ting-Lu|100\/100\n|-ability|p1a: Ting-Lu|Vessel of Ruin\n|turn|6\n|\n|t:|1698457852\n|move|p2a: TwinkleLittleStar|Recover|p2a: TwinkleLittleStar\n|-heal|p2a: TwinkleLittleStar|74\/100\n|move|p1a: Ting-Lu|Stealth Rock|p2a: TwinkleLittleStar\n|-sidestart|p2: ToplesRank|move: Stealth Rock\n|\n|upkeep\n|turn|7\n|\n|t:|1698457856\n|switch|p2a: Gliscor|Gliscor, M|63\/100 tox\n|-damage|p2a: Gliscor|51\/100 tox|[from] Stealth Rock\n|move|p1a: Ting-Lu|Spikes|p2a: Gliscor\n|-sidestart|p2: ToplesRank|Spikes\n|\n|-heal|p2a: Gliscor|63\/100 tox|[from] ability: Poison Heal\n|upkeep\n|turn|8\n|\n|t:|1698457876\n|move|p2a: Gliscor|Toxic|p1a: Ting-Lu\n|-status|p1a: Ting-Lu|tox\n|move|p1a: Ting-Lu|Spikes|p2a: Gliscor\n|-sidestart|p2: ToplesRank|Spikes\n|\n|-heal|p2a: Gliscor|76\/100 tox|[from] ability: Poison Heal\n|-damage|p1a: Ting-Lu|94\/100 tox|[from] psn\n|upkeep\n|turn|9\n|\n|t:|1698457885\n|move|p2a: Gliscor|Spikes|p1a: Ting-Lu\n|-sidestart|p1: i_exist_ook|Spikes\n|move|p1a: Ting-Lu|Spikes|p2a: Gliscor\n|-sidestart|p2: ToplesRank|Spikes\n|\n|-heal|p2a: Gliscor|88\/100 tox|[from] ability: Poison Heal\n|-damage|p1a: Ting-Lu|82\/100 tox|[from] psn\n|upkeep\n|turn|10\n|\n|t:|1698457896\n|move|p2a: Gliscor|Spikes|p1a: Ting-Lu\n|-sidestart|p1: i_exist_ook|Spikes\n|move|p1a: Ting-Lu|Whirlwind|p2a: Gliscor\n|drag|p2a: Kyogre|Kyogre|100\/100\n|-damage|p2a: Kyogre|88\/100|[from] Stealth Rock\n|-damage|p2a: Kyogre|63\/100|[from] Spikes\n|-weather|RainDance|[from] ability: Drizzle|[of] p2a: Kyogre\n|\n|-weather|RainDance|[upkeep]\n|-damage|p1a: Ting-Lu|63\/100 tox|[from] psn\n|upkeep\n|turn|11\n|\n|t:|1698457906\n|move|p2a: Kyogre|Hydro Pump|p1a: Ting-Lu\n|-supereffective|p1a: Ting-Lu\n|-damage|p1a: Ting-Lu|0 fnt\n|faint|p1a: Ting-Lu\n|\n|-weather|RainDance|[upkeep]\n|upkeep\n|\n|t:|1698457912\n|switch|p1a: Ninetales|Ninetales-Alola, M|100\/100\n|-damage|p1a: Ninetales|84\/100|[from] Spikes\n|-weather|Snow|[from] ability: Snow Warning|[of] p1a: Ninetales\n|turn|12\n|\n|t:|1698457916\n|move|p1a: Ninetales|Aurora Veil|p1a: Ninetales\n|-sidestart|p1: i_exist_ook|move: Aurora Veil\n|move|p2a: Kyogre|Hydro Pump|p1a: Ninetales|[miss]\n|-miss|p2a: Kyogre|p1a: Ninetales\n|\n|-weather|Snow|[upkeep]\n|upkeep\n|turn|13\n|\n|t:|1698457920\n|move|p1a: Ninetales|Dazzling Gleam|p2a: Kyogre\n|-damage|p2a: Kyogre|41\/100\n|move|p2a: Kyogre|Hydro Pump|p1a: Ninetales\n|-damage|p1a: Ninetales|35\/100\n|\n|-weather|Snow|[upkeep]\n|upkeep\n|turn|14\n|\n|t:|1698457937\n|move|p1a: Ninetales|Dazzling Gleam|p2a: Kyogre\n|-damage|p2a: Kyogre|17\/100\n|move|p2a: Kyogre|Hydro Pump|p1a: Ninetales\n|-damage|p1a: Ninetales|0 fnt\n|faint|p1a: Ninetales\n|\n|-weather|Snow|[upkeep]\n|upkeep\n|\n|t:|1698457943\n|switch|p1a: Ribombee|Ribombee, F|100\/100\n|turn|15\n|\n|t:|1698457951\n|move|p1a: Ribombee|Stun Spore|p2a: Kyogre|[miss]\n|-miss|p1a: Ribombee|p2a: Kyogre\n|move|p2a: Kyogre|Hydro Pump|p1a: Ribombee\n|-damage|p1a: Ribombee|34\/100\n|\n|-weather|Snow|[upkeep]\n|upkeep\n|turn|16\n|\n|t:|1698457961\n|move|p1a: Ribombee|Tailwind|p1a: Ribombee\n|-sidestart|p1: i_exist_ook|move: Tailwind\n|move|p2a: Kyogre|Hydro Pump|p1a: Ribombee\n|-crit|p1a: Ribombee\n|-damage|p1a: Ribombee|0 fnt\n|faint|p1a: Ribombee\n|\n|-weather|Snow|[upkeep]\n|-sideend|p1: i_exist_ook|move: Aurora Veil\n|upkeep\n|\n|t:|1698457962\n|switch|p1a: Gholdengo|Gholdengo|100\/100\n|-damage|p1a: Gholdengo|84\/100|[from] Spikes\n|turn|17\n|\n|t:|1698457971\n|move|p1a: Gholdengo|Nasty Plot|p1a: Gholdengo\n|-boost|p1a: Gholdengo|spa|2\n|move|p2a: Kyogre|Hydro Pump|p1a: Gholdengo\n|-damage|p1a: Gholdengo|0 fnt\n|faint|p1a: Gholdengo\n|\n|-weather|Snow|[upkeep]\n|upkeep\n|\n|t:|1698457974\n|switch|p1a: Garganacl|Garganacl, F|100\/100\n|-damage|p1a: Garganacl|84\/100|[from] Spikes\n|turn|18\n|\n|t:|1698457978\n|move|p2a: Kyogre|Hydro Pump|p1a: Garganacl\n|-supereffective|p1a: Garganacl\n|-crit|p1a: Garganacl\n|-damage|p1a: Garganacl|0 fnt\n|faint|p1a: Garganacl\n|\n|win|ToplesRank\n|raw|i_exist_ook's rating: 1033 &rarr; <strong>1024<\/strong><br \/>(-9 for losing)\n|raw|ToplesRank's rating: 1178 &rarr; <strong>1193<\/strong><br \/>(+15 for winning)\n","uploadtime":1698457982,"views":5,"p1id":"iexistook","p2id":"toplesrank","formatid":"gen9ubers","rating":1024,"private":0,"password":""}