{"id":"gen9ubers-1983306538","p1":"XpokVEVO","p2":"Kinesquared","format":"[Gen 9] Ubers","log":"|j|\u2606XpokVEVO\n|j|\u2606Kinesquared\n|t:|1699116422\n|gametype|singles\n|player|p1|XpokVEVO|mustard|\n|player|p2|Kinesquared|scientist-gen4dp|\n|teamsize|p1|6\n|teamsize|p2|6\n|gen|9\n|tier|[Gen 9] Ubers\n|rule|Sleep Clause Mod: Limit one foe put to sleep\n|rule|Species Clause: Limit one of each Pok\u00e9mon\n|rule|OHKO Clause: OHKO moves are banned\n|rule|Evasion Items Clause: Evasion items are banned\n|rule|Evasion Moves Clause: Evasion moves are banned\n|rule|Endless Battle Clause: Forcing endless battles is banned\n|rule|HP Percentage Mod: HP is shown in percentages\n|clearpoke\n|poke|p1|Cyclizar, F|\n|poke|p1|Espathra, M|\n|poke|p1|Magearna|\n|poke|p1|Zacian-*|\n|poke|p1|Roaring Moon|\n|poke|p1|Arceus-Fire|\n|poke|p2|Magearna|\n|poke|p2|Ursaluna, M|\n|poke|p2|Dialga|\n|poke|p2|Hoopa-Unbound|\n|poke|p2|Cinderace, F|\n|poke|p2|Cresselia, F|\n|teampreview\n|inactive|Battle timer is ON: inactive players will automatically lose when time's up. (requested by XpokVEVO)\n|c|\u2606XpokVEVO|now you better lead magearna and let it die\n|c|\u2606Kinesquared|mmm\n|c|\u2606Kinesquared|nah\n|\n|t:|1699116442\n|start\n|switch|p1a: Ar\u0441eus-Fighting|Arceus-Fire, shiny|100\/100\n|switch|p2a: Magearna|Magearna|100\/100\n|turn|1\n|\n|t:|1699116448\n|-terastallize|p2a: Magearna|Water\n|move|p1a: Ar\u0441eus-Fighting|Flare Blitz|p2a: Magearna\n|-resisted|p2a: Magearna\n|-damage|p2a: Magearna|78\/100\n|-status|p2a: Magearna|brn\n|-damage|p1a: Ar\u0441eus-Fighting|94\/100|[from] Recoil\n|move|p2a: Magearna|Trick Room|p2a: Magearna\n|-fieldstart|move: Trick Room|[of] p2a: Magearna\n|\n|-heal|p2a: Magearna|84\/100 brn|[from] item: Leftovers\n|-damage|p2a: Magearna|78\/100 brn|[from] brn\n|upkeep\n|turn|2\n|c|\u2606XpokVEVO|useful\n|c|\u2606XpokVEVO|thank you\n|c|\u2606XpokVEVO|wait\n|c|\u2606XpokVEVO|i could\n|c|\u2606XpokVEVO|i coudlve roared...\n|c|\u2606XpokVEVO|this entire team?\n|c|\u2606XpokVEVO|I am ending my life\n|c|\u2606Kinesquared|wym roar?\n|inactive|XpokVEVO has 270 seconds left.\n|c|\u2606XpokVEVO|entire time*\n|c|\u2606XpokVEVO|roar is -6\n|c|\u2606XpokVEVO|tr is -7\n|c|\u2606XpokVEVO|roar into good matchup\n|c|\u2606XpokVEVO|blitz\n|c|\u2606Kinesquared|true\n|c|\u2606Kinesquared|but then i could just hit you\n|c|\u2606XpokVEVO|sorry i mean\n|c|\u2606XpokVEVO|ok i would find a way\n|c|\u2606XpokVEVO|just trust\n|inactive|XpokVEVO has 240 seconds left.\n|\n|t:|1699116509\n|move|p2a: Magearna|Volt Switch|p1a: Ar\u0441eus-Fighting\n|-damage|p1a: Ar\u0441eus-Fighting|82\/100\n|\n|t:|1699116514\n|switch|p2a: Ursaluna|Ursaluna, M|100\/100|[from] Volt Switch\n|move|p1a: Ar\u0441eus-Fighting|Roar|p2a: Ursaluna\n|drag|p2a: Hoopa|Hoopa-Unbound|100\/100\n|\n|upkeep\n|turn|3\n|c|\u2606XpokVEVO|NOT MRAY\n|\n|t:|1699116528\n|move|p2a: Hoopa|Zen Headbutt|p1a: Ar\u0441eus-Fighting\n|-damage|p1a: Ar\u0441eus-Fighting|45\/100\n|cant|p1a: Ar\u0441eus-Fighting|flinch\n|\n|upkeep\n|turn|4\n|\n|t:|1699116533\n|move|p2a: Hoopa|Hyperspace Fury|p1a: Ar\u0441eus-Fighting\n|-damage|p1a: Ar\u0441eus-Fighting|2\/100\n|-unboost|p2a: Hoopa|def|1\n|move|p1a: Ar\u0441eus-Fighting|Flare Blitz|p2a: Hoopa\n|-damage|p2a: Hoopa|0 fnt\n|faint|p2a: Hoopa\n|-damage|p1a: Ar\u0441eus-Fighting|0 fnt|[from] Recoil\n|faint|p1a: Ar\u0441eus-Fighting\n|\n|upkeep\n|c|\u2606Kinesquared|darn\n|\n|t:|1699116547\n|switch|p2a: Ursaluna|Ursaluna, M|100\/100\n|switch|p1a: Emu War|Espathra, M|100\/100\n|turn|5\n|\n|t:|1699116552\n|move|p1a: Emu War|Protect|p1a: Emu War\n|-singleturn|p1a: Emu War|Protect\n|move|p2a: Ursaluna|Substitute|p2a: Ursaluna\n|-start|p2a: Ursaluna|Substitute\n|-damage|p2a: Ursaluna|76\/100\n|\n|-fieldend|move: Trick Room\n|-status|p2a: Ursaluna|brn|[from] item: Flame Orb\n|-ability|p1a: Emu War|Speed Boost|boost\n|-boost|p1a: Emu War|spe|1\n|upkeep\n|turn|6\n|inactive|XpokVEVO has 270 seconds left.\n|\n|t:|1699116568\n|move|p1a: Emu War|Calm Mind|p1a: Emu War\n|-boost|p1a: Emu War|spa|1\n|-boost|p1a: Emu War|spd|1\n|move|p2a: Ursaluna|Facade|p1a: Emu War\n|-enditem|p1a: Emu War|Focus Sash\n|-damage|p1a: Emu War|1\/100\n|\n|-damage|p2a: Ursaluna|70\/100 brn|[from] brn\n|-ability|p1a: Emu War|Speed Boost|boost\n|-boost|p1a: Emu War|spe|1\n|upkeep\n|turn|7\n|\n|t:|1699116579\n|move|p1a: Emu War|Protect|p1a: Emu War\n|-singleturn|p1a: Emu War|Protect\n|move|p2a: Ursaluna|Facade|p1a: Emu War\n|-activate|p1a: Emu War|move: Protect\n|\n|-damage|p2a: Ursaluna|64\/100 brn|[from] brn\n|-ability|p1a: Emu War|Speed Boost|boost\n|-boost|p1a: Emu War|spe|1\n|upkeep\n|turn|8\n|\n|t:|1699116589\n|move|p1a: Emu War|Stored Power|p2a: Ursaluna\n|-end|p2a: Ursaluna|Substitute\n|move|p2a: Ursaluna|Headlong Rush|p1a: Emu War\n|-damage|p1a: Emu War|0 fnt\n|-unboost|p2a: Ursaluna|def|1\n|-unboost|p2a: Ursaluna|spd|1\n|faint|p1a: Emu War\n|\n|-damage|p2a: Ursaluna|58\/100 brn|[from] brn\n|upkeep\n|inactive|XpokVEVO has 270 seconds left.\n|\n|t:|1699116614\n|switch|p1a: Aunt Fanny|Magearna|100\/100\n|turn|9\n|\n|t:|1699116619\n|switch|p2a: Cresselia|Cresselia, F|100\/100\n|move|p1a: Aunt Fanny|Flash Cannon|p2a: Cresselia\n|-damage|p2a: Cresselia|69\/100\n|\n|-heal|p2a: Cresselia|75\/100|[from] item: Leftovers\n|upkeep\n|turn|10\n|\n|t:|1699116625\n|move|p1a: Aunt Fanny|Thunder Wave|p2a: Cresselia\n|-status|p2a: Cresselia|par\n|move|p2a: Cresselia|Trick Room|p2a: Cresselia\n|-fieldstart|move: Trick Room|[of] p2a: Cresselia\n|\n|-heal|p2a: Cresselia|81\/100 par|[from] item: Leftovers\n|upkeep\n|turn|11\n|\n|t:|1699116638\n|switch|p2a: Ursaluna|Ursaluna, M|58\/100 brn\n|move|p1a: Aunt Fanny|Fleur Cannon|p2a: Ursaluna\n|-damage|p2a: Ursaluna|0 fnt\n|-unboost|p1a: Aunt Fanny|spa|2\n|faint|p2a: Ursaluna\n|-ability|p1a: Aunt Fanny|Soul-Heart|boost\n|-boost|p1a: Aunt Fanny|spa|1\n|\n|upkeep\n|c|\u2606XpokVEVO|thats\n|\n|t:|1699116646\n|switch|p2a: Dialga|Dialga|100\/100\n|-ability|p2a: Dialga|Pressure\n|turn|12\n|\n|t:|1699116651\n|move|p2a: Dialga|Earth Power|p1a: Aunt Fanny\n|-supereffective|p1a: Aunt Fanny\n|-damage|p1a: Aunt Fanny|21\/100\n|-enditem|p1a: Aunt Fanny|Weakness Policy\n|-boost|p1a: Aunt Fanny|atk|2|[from] item: Weakness Policy\n|-boost|p1a: Aunt Fanny|spa|2|[from] item: Weakness Policy\n|move|p1a: Aunt Fanny|Thunder Wave|p2a: Dialga\n|-status|p2a: Dialga|par\n|\n|upkeep\n|turn|13\n|c|\u2606Kinesquared|min speed magearna is actually really good\n|c|\u2606Kinesquared|cause it doesn't matter except against TR to underspeed base 90s\n|c|\u2606XpokVEVO|what?\n|c|\u2606XpokVEVO|hold on\n|inactive|XpokVEVO has 270 seconds left.\n|c|\u2606Kinesquared|- nature 0 IVs\n|c|\u2606Kinesquared|before the para we speed tied\n|c|\u2606XpokVEVO|see but you dont understand\n|c|\u2606XpokVEVO|shift gear weakness policy\n|\n|t:|1699116708\n|move|p2a: Dialga|Flash Cannon|p1a: Aunt Fanny\n|-damage|p1a: Aunt Fanny|0 fnt\n|faint|p1a: Aunt Fanny\n|\n|upkeep\n|c|\u2606Kinesquared|o right\n|c|\u2606Kinesquared|hows it working out for you in other MUs?\n|\n|t:|1699116723\n|switch|p1a: Princess|Zacian, shiny|100\/100\n|-ability|p1a: Princess|Intrepid Sword|boost\n|-boost|p1a: Princess|atk|1\n|turn|14\n|\n|t:|1699116731\n|-terastallize|p1a: Princess|Fire\n|move|p2a: Dialga|Flash Cannon|p1a: Princess\n|-resisted|p1a: Princess\n|-crit|p1a: Princess\n|-damage|p1a: Princess|69\/100\n|move|p1a: Princess|Swords Dance|p1a: Princess\n|-boost|p1a: Princess|atk|2\n|\n|-fieldend|move: Trick Room\n|upkeep\n|turn|15\n|c|\u2606XpokVEVO|i believe it is over\n|c|\u2606XpokVEVO|unless sucker punch kills\n|\n|t:|1699116744\n|move|p1a: Princess|Close Combat|p2a: Dialga\n|-supereffective|p2a: Dialga\n|-damage|p2a: Dialga|0 fnt\n|-unboost|p1a: Princess|def|1\n|-unboost|p1a: Princess|spd|1\n|faint|p2a: Dialga\n|-damage|p1a: Princess|59\/100|[from] item: Life Orb\n|\n|upkeep\n|\n|t:|1699116751\n|switch|p2a: Cresselia|Cresselia, F|81\/100 par\n|turn|16\n|\n|t:|1699116754\n|move|p1a: Princess|Crunch|p2a: Cresselia\n|-supereffective|p2a: Cresselia\n|-damage|p2a: Cresselia|0 fnt\n|faint|p2a: Cresselia\n|-damage|p1a: Princess|49\/100|[from] item: Life Orb\n|\n|upkeep\n|\n|t:|1699116762\n|switch|p2a: Cinderace|Cinderace, F|100\/100\n|turn|17\n|\n|t:|1699116775\n|move|p2a: Cinderace|Sucker Punch|p1a: Princess\n|-start|p2a: Cinderace|typechange|Dark|[from] ability: Libero\n|-damage|p1a: Princess|1\/100\n|move|p1a: Princess|Close Combat|p2a: Cinderace\n|-supereffective|p2a: Cinderace\n|-damage|p2a: Cinderace|0 fnt\n|-unboost|p1a: Princess|def|1\n|-unboost|p1a: Princess|spd|1\n|faint|p2a: Cinderace\n|-damage|p1a: Princess|0 fnt|[from] item: Life Orb\n|faint|p1a: Princess\n|\n|upkeep\n|c|\u2606Kinesquared|o thats rude lmao\n|c|\u2606XpokVEVO|it cant be over right\n|inactive|XpokVEVO has 270 seconds left.\n|c|\u2606Kinesquared|i mean\n|\n|t:|1699116792\n|switch|p1a: Akira|Cyclizar, F|100\/100\n|switch|p2a: Magearna|Magearna, tera:Water|78\/100 brn\n|turn|18\n|c|\u2606Kinesquared|i have a mag\n|c|\u2606Kinesquared|and you have 2 dragon types\n|c|\u2606XpokVEVO|and i have...\n|\n|t:|1699116807\n|move|p1a: Akira|Taunt|p2a: Magearna\n|-start|p2a: Magearna|move: Taunt\n|cant|p2a: Magearna|move: Taunt|Trick Room\n|\n|-heal|p2a: Magearna|84\/100 brn|[from] item: Leftovers\n|-damage|p2a: Magearna|78\/100 brn|[from] brn\n|upkeep\n|turn|19\n|c|\u2606XpokVEVO|THE STRONGEST POKEMON\n|\n|t:|1699116815\n|move|p1a: Akira|Taunt||[still]\n|-fail|p1a: Akira\n|move|p2a: Magearna|Fleur Cannon|p1a: Akira\n|-supereffective|p1a: Akira\n|-damage|p1a: Akira|0 fnt\n|-unboost|p2a: Magearna|spa|2\n|faint|p1a: Akira\n|-ability|p2a: Magearna|Soul-Heart|boost\n|-boost|p2a: Magearna|spa|1\n|\n|-heal|p2a: Magearna|84\/100 brn|[from] item: Leftovers\n|-damage|p2a: Magearna|78\/100 brn|[from] brn\n|upkeep\n|\n|t:|1699116817\n|switch|p1a: Roaring Peak|Roaring Moon|100\/100\n|-enditem|p1a: Roaring Peak|Booster Energy\n|-activate|p1a: Roaring Peak|ability: Protosynthesis|[fromitem]\n|-start|p1a: Roaring Peak|protosynthesisspe\n|turn|20\n|c|\u2606XpokVEVO|hold up did i really just lose like that\n|c|\u2606XpokVEVO|gg\n|c|\u2606Kinesquared|yea you did LOL\n|c|\u2606Kinesquared|we both misplayed\n|c|\u2606XpokVEVO|should have switched at cinderace\n|c|\u2606XpokVEVO|FUCK\n|c|\u2606XpokVEVO|another 3 days for a replaya\n|\n|t:|1699116843\n|move|p1a: Roaring Peak|Knock Off|p2a: Magearna\n|-damage|p2a: Magearna|46\/100 brn\n|-enditem|p2a: Magearna|Leftovers|[from] move: Knock Off|[of] p1a: Roaring Peak\n|move|p2a: Magearna|Fleur Cannon|p1a: Roaring Peak\n|-supereffective|p1a: Roaring Peak\n|-crit|p1a: Roaring Peak\n|-damage|p1a: Roaring Peak|0 fnt\n|-unboost|p2a: Magearna|spa|2\n|faint|p1a: Roaring Peak\n|-end|p1a: Roaring Peak|Protosynthesis|[silent]\n|\n|win|Kinesquared\n|c|\u2606Kinesquared|ggs\n|c|\u2606XpokVEVO|no re\n|c|\u2606XpokVEVO|im guessing\n|c|\u2606Kinesquared|nah i can do one more\n","uploadtime":1699116861,"views":17,"p1id":"xpokvevo","p2id":"kinesquared","formatid":"gen9ubers","rating":0,"private":0,"password":""}