{"id":"gen9ubers-1993895465","p1":"raveplays","p2":"OreoMan789","format":"[Gen 9] Ubers","log":"|j|\u2606raveplays\n|j|\u2606OreoMan789\n|t:|1700371542\n|gametype|singles\n|player|p1|raveplays|169|\n|player|p2|OreoMan789|gentleman-gen4|\n|teamsize|p1|6\n|teamsize|p2|6\n|gen|9\n|tier|[Gen 9] Ubers\n|rule|Sleep Clause Mod: Limit one foe put to sleep\n|rule|Species Clause: Limit one of each Pok\u00e9mon\n|rule|OHKO Clause: OHKO moves are banned\n|rule|Evasion Items Clause: Evasion items are banned\n|rule|Evasion Moves Clause: Evasion moves are banned\n|rule|Endless Battle Clause: Forcing endless battles is banned\n|rule|HP Percentage Mod: HP is shown in percentages\n|clearpoke\n|poke|p1|Masquerain, M|\n|poke|p1|Arceus-Ice|\n|poke|p1|Gholdengo|\n|poke|p1|Palafin, M|\n|poke|p1|Chi-Yu|\n|poke|p1|Zamazenta-*|\n|poke|p2|Dragapult, F|\n|poke|p2|Ogerpon-Wellspring, F|\n|poke|p2|Baxcalibur, M|\n|poke|p2|Espathra, F|\n|poke|p2|Dialga-Origin|\n|poke|p2|Ursaluna, M|\n|teampreview\n|\n|t:|1700371560\n|start\n|switch|p1a: THE DAWG|Zamazenta-Crowned|100\/100\n|switch|p2a: Ogerpon|Ogerpon-Wellspring, F|100\/100\n|-ability|p1a: THE DAWG|Dauntless Shield|boost\n|-boost|p1a: THE DAWG|def|1\n|turn|1\n|\n|t:|1700371572\n|-terastallize|p1a: THE DAWG|Fighting\n|move|p2a: Ogerpon|Ivy Cudgel|p1a: THE DAWG|[anim] Ivy Cudgel Water\n|-damage|p1a: THE DAWG|82\/100\n|move|p1a: THE DAWG|Body Press|p2a: Ogerpon\n|-damage|p2a: Ogerpon|0 fnt\n|faint|p2a: Ogerpon\n|\n|upkeep\n|\n|t:|1700371581\n|switch|p2a: Espathra|Espathra, F, shiny|100\/100\n|turn|2\n|\n|t:|1700371591\n|-terastallize|p2a: Espathra|Fairy\n|move|p2a: Espathra|Protect|p2a: Espathra\n|-singleturn|p2a: Espathra|Protect\n|move|p1a: THE DAWG|Crunch|p2a: Espathra\n|-activate|p2a: Espathra|move: Protect\n|\n|-ability|p2a: Espathra|Speed Boost|boost\n|-boost|p2a: Espathra|spe|1\n|upkeep\n|turn|3\n|\n|t:|1700371596\n|move|p2a: Espathra|Calm Mind|p2a: Espathra\n|-boost|p2a: Espathra|spa|1\n|-boost|p2a: Espathra|spd|1\n|move|p1a: THE DAWG|Crunch|p2a: Espathra\n|-resisted|p2a: Espathra\n|-damage|p2a: Espathra|87\/100\n|\n|-heal|p2a: Espathra|93\/100|[from] item: Leftovers\n|-ability|p2a: Espathra|Speed Boost|boost\n|-boost|p2a: Espathra|spe|1\n|upkeep\n|turn|4\n|\n|t:|1700371609\n|switch|p1a: THE FISH|Chi-Yu|100\/100\n|-ability|p1a: THE FISH|Beads of Ruin\n|move|p2a: Espathra|Calm Mind|p2a: Espathra\n|-boost|p2a: Espathra|spa|1\n|-boost|p2a: Espathra|spd|1\n|\n|-heal|p2a: Espathra|99\/100|[from] item: Leftovers\n|-ability|p2a: Espathra|Speed Boost|boost\n|-boost|p2a: Espathra|spe|1\n|upkeep\n|turn|5\n|\n|t:|1700371618\n|move|p2a: Espathra|Dazzling Gleam|p1a: THE FISH\n|-damage|p1a: THE FISH|9\/100\n|move|p1a: THE FISH|Overheat|p2a: Espathra\n|-damage|p2a: Espathra|0 fnt\n|-unboost|p1a: THE FISH|spa|2\n|faint|p2a: Espathra\n|\n|upkeep\n|\n|t:|1700371625\n|switch|p2a: Baxcalibur|Baxcalibur, M|100\/100\n|turn|6\n|\n|t:|1700371629\n|move|p1a: THE FISH|Overheat|p2a: Baxcalibur\n|-damage|p2a: Baxcalibur|19\/100\n|-unboost|p1a: THE FISH|spa|2\n|-ability|p2a: Baxcalibur|Thermal Exchange|boost\n|-boost|p2a: Baxcalibur|atk|1\n|move|p2a: Baxcalibur|Scale Shot|p1a: THE FISH\n|-damage|p1a: THE FISH|0 fnt\n|faint|p1a: THE FISH\n|-hitcount|p1: THE FISH|1\n|-unboost|p2a: Baxcalibur|def|1\n|-boost|p2a: Baxcalibur|spe|1\n|\n|upkeep\n|\n|t:|1700371639\n|switch|p1a: Arceus|Arceus-Ice|100\/100\n|turn|7\n|\n|t:|1700371671\n|move|p2a: Baxcalibur|Scale Shot|p1a: Arceus\n|-damage|p1a: Arceus|82\/100\n|-damage|p1a: Arceus|63\/100\n|-damage|p1a: Arceus|45\/100\n|-damage|p1a: Arceus|28\/100\n|-hitcount|p1a: Arceus|4\n|-unboost|p2a: Baxcalibur|def|1\n|-boost|p2a: Baxcalibur|spe|1\n|move|p1a: Arceus|Judgment|p2a: Baxcalibur\n|-damage|p2a: Baxcalibur|0 fnt\n|faint|p2a: Baxcalibur\n|\n|upkeep\n|\n|t:|1700371685\n|switch|p2a: Dragapult|Dragapult, F|100\/100\n|turn|8\n|\n|t:|1700371709\n|switch|p1a: THE CHEESESTRING|Gholdengo|100\/100\n|move|p2a: Dragapult|Flamethrower|p1a: THE CHEESESTRING\n|-supereffective|p1a: THE CHEESESTRING\n|-damage|p1a: THE CHEESESTRING|26\/100\n|-damage|p2a: Dragapult|91\/100|[from] item: Life Orb\n|\n|upkeep\n|turn|9\n|\n|t:|1700371740\n|move|p1a: THE CHEESESTRING|Shadow Ball|p2a: Dragapult\n|-supereffective|p2a: Dragapult\n|-damage|p2a: Dragapult|0 fnt\n|faint|p2a: Dragapult\n|\n|upkeep\n|\n|t:|1700371743\n|switch|p2a: Ursaluna|Ursaluna, M|100\/100\n|turn|10\n|\n|t:|1700371776\n|switch|p1a: THE DOLPHIN|Palafin, M|100\/100\n|move|p2a: Ursaluna|Play Rough|p1a: THE DOLPHIN\n|-damage|p1a: THE DOLPHIN|54\/100\n|\n|-status|p2a: Ursaluna|brn|[from] item: Flame Orb\n|upkeep\n|turn|11\n|\n|t:|1700371784\n|switch|p2a: Dialga|Dialga-Origin|100\/100\n|-ability|p2a: Dialga|Pressure\n|move|p1a: THE DOLPHIN|Wave Crash|p2a: Dialga\n|-resisted|p2a: Dialga\n|-damage|p2a: Dialga|79\/100\n|-damage|p1a: THE DOLPHIN|47\/100|[from] Recoil\n|\n|upkeep\n|turn|12\n|\n|t:|1700371795\n|move|p1a: THE DOLPHIN|Wave Crash|p2a: Dialga\n|-resisted|p2a: Dialga\n|-damage|p2a: Dialga|55\/100\n|-damage|p1a: THE DOLPHIN|40\/100|[from] Recoil\n|move|p2a: Dialga|Earth Power|p1a: THE DOLPHIN\n|-damage|p1a: THE DOLPHIN|0 fnt\n|faint|p1a: THE DOLPHIN\n|\n|upkeep\n|\n|t:|1700371803\n|switch|p1a: THE DAWG|Zamazenta-Crowned, tera:Fighting|82\/100\n|turn|13\n|\n|t:|1700371808\n|move|p1a: THE DAWG|Body Press|p2a: Dialga\n|-supereffective|p2a: Dialga\n|-damage|p2a: Dialga|0 fnt\n|faint|p2a: Dialga\n|\n|upkeep\n|\n|t:|1700371811\n|switch|p2a: Ursaluna|Ursaluna, M|100\/100 brn\n|turn|14\n|\n|t:|1700371815\n|move|p1a: THE DAWG|Body Press|p2a: Ursaluna\n|-supereffective|p2a: Ursaluna\n|-damage|p2a: Ursaluna|5\/100 brn\n|move|p2a: Ursaluna|Play Rough|p1a: THE DAWG\n|-supereffective|p1a: THE DAWG\n|-damage|p1a: THE DAWG|24\/100\n|\n|-damage|p2a: Ursaluna|0 fnt|[from] brn\n|faint|p2a: Ursaluna\n|\n|win|raveplays\n|upkeep\n|c|\u2606raveplays|gg\n|c|\u2606OreoMan789|gg\n","uploadtime":1700371823,"views":21,"p1id":"raveplays","p2id":"oreoman789","formatid":"gen9ubers","rating":0,"private":0,"password":""}