{"id":"gen9ubers-1981847152","p1":"OceanicGamer3","p2":"IrishPenguin","format":"[Gen 9] Ubers","log":"|j|\u2606OceanicGamer3\n|j|\u2606IrishPenguin\n|t:|1698946099\n|gametype|singles\n|player|p1|OceanicGamer3|bugcatcher-gen4dp|\n|player|p2|IrishPenguin|ash|\n|teamsize|p1|6\n|teamsize|p2|6\n|gen|9\n|tier|[Gen 9] Ubers\n|rule|Sleep Clause Mod: Limit one foe put to sleep\n|rule|Species Clause: Limit one of each Pok\u00e9mon\n|rule|OHKO Clause: OHKO moves are banned\n|rule|Evasion Items Clause: Evasion items are banned\n|rule|Evasion Moves Clause: Evasion moves are banned\n|rule|Endless Battle Clause: Forcing endless battles is banned\n|rule|HP Percentage Mod: HP is shown in percentages\n|clearpoke\n|poke|p1|Kommo-o, F|\n|poke|p1|Mimikyu, F|\n|poke|p1|Spectrier|\n|poke|p1|Arceus-Poison|\n|poke|p1|Volcarona, M|\n|poke|p1|Urshifu-*, F|\n|poke|p2|Volcanion|\n|poke|p2|Magearna|\n|poke|p2|Zacian-*|\n|poke|p2|Dialga|\n|poke|p2|Shaymin-Sky|\n|poke|p2|Gholdengo|\n|teampreview\n|inactive|Battle timer is ON: inactive players will automatically lose when time's up. (requested by IrishPenguin)\n|c|\u2606IrishPenguin|Glhf\n|c|\u2606OceanicGamer3|u2\n|inactive|IrishPenguin has 270 seconds left.\n|c|\u2606OceanicGamer3|Love the use of volcanion\n|\n|t:|1698946142\n|start\n|switch|p1a: Mimikyu|Mimikyu, F, shiny|100\/100\n|switch|p2a: Gholdengo|Gholdengo|100\/100\n|-item|p2a: Gholdengo|Air Balloon\n|turn|1\n|\n|t:|1698946163\n|move|p1a: Mimikyu|Play Rough|p2a: Gholdengo\n|-resisted|p2a: Gholdengo\n|-damage|p2a: Gholdengo|83\/100\n|-enditem|p2a: Gholdengo|Air Balloon\n|move|p2a: Gholdengo|Shadow Ball|p1a: Mimikyu\n|-activate|p1a: Mimikyu|ability: Disguise\n|-damage|p1a: Mimikyu|100\/100\n|detailschange|p1a: Mimikyu|Mimikyu-Busted, F, shiny\n|-damage|p1a: Mimikyu|88\/100|[from] pokemon: Mimikyu-Busted\n|\n|upkeep\n|turn|2\n|\n|t:|1698946177\n|switch|p2a: Dialga|Dialga|100\/100\n|-ability|p2a: Dialga|Pressure\n|move|p1a: Mimikyu|Shadow Sneak|p2a: Dialga\n|-damage|p2a: Dialga|89\/100\n|\n|-heal|p2a: Dialga|95\/100|[from] item: Leftovers\n|upkeep\n|turn|3\n|\n|t:|1698946185\n|move|p1a: Mimikyu|Thunder Wave|p2a: Dialga\n|-status|p2a: Dialga|par\n|cant|p2a: Dialga|par\n|\n|-heal|p2a: Dialga|100\/100 par|[from] item: Leftovers\n|upkeep\n|turn|4\n|\n|t:|1698946190\n|move|p1a: Mimikyu|Play Rough|p2a: Dialga|[miss]\n|-miss|p1a: Mimikyu|p2a: Dialga\n|move|p2a: Dialga|Flash Cannon|p1a: Mimikyu\n|-supereffective|p1a: Mimikyu\n|-damage|p1a: Mimikyu|0 fnt\n|faint|p1a: Mimikyu\n|\n|upkeep\n|\n|t:|1698946200\n|switch|p1a: Kommo-o|Kommo-o, F|100\/100\n|turn|5\n|\n|t:|1698946202\n|move|p1a: Kommo-o|Substitute|p1a: Kommo-o\n|-start|p1a: Kommo-o|Substitute\n|-damage|p1a: Kommo-o|75\/100\n|move|p2a: Dialga|Roar|p1a: Kommo-o\n|-immune|p1a: Kommo-o|[from] ability: Soundproof\n|\n|upkeep\n|turn|6\n|\n|t:|1698946212\n|move|p1a: Kommo-o|Belly Drum|p1a: Kommo-o\n|-damage|p1a: Kommo-o|25\/100\n|-setboost|p1a: Kommo-o|atk|6|[from] move: Belly Drum\n|-enditem|p1a: Kommo-o|Salac Berry|[eat]\n|-boost|p1a: Kommo-o|spe|1|[from] item: Salac Berry\n|cant|p2a: Dialga|par\n|\n|upkeep\n|turn|7\n|\n|t:|1698946221\n|move|p1a: Kommo-o|Drain Punch|p2a: Dialga\n|-supereffective|p2a: Dialga\n|-damage|p2a: Dialga|0 fnt\n|-heal|p1a: Kommo-o|95\/100|[from] drain|[of] p2a: Dialga\n|faint|p2a: Dialga\n|\n|upkeep\n|c|\u2606IrishPenguin|That was the worst time to para\n|c|\u2606OceanicGamer3|I felt that one\n|inactive|IrishPenguin has 270 seconds left.\n|\n|t:|1698946256\n|switch|p2a: Volcanion|Volcanion|100\/100\n|turn|8\n|\n|t:|1698946275\n|-terastallize|p2a: Volcanion|Fairy\n|move|p1a: Kommo-o|Drain Punch|p2a: Volcanion\n|-resisted|p2a: Volcanion\n|-damage|p2a: Volcanion|46\/100\n|-heal|p1a: Kommo-o|100\/100|[from] drain|[of] p2a: Volcanion\n|move|p2a: Volcanion|Tera Blast|p1a: Kommo-o|[anim] Tera Blast Fairy\n|-supereffective|p1a: Kommo-o\n|-end|p1a: Kommo-o|Substitute\n|\n|upkeep\n|turn|9\n|\n|t:|1698946285\n|move|p1a: Kommo-o|Iron Head|p2a: Volcanion\n|-supereffective|p2a: Volcanion\n|-damage|p2a: Volcanion|0 fnt\n|faint|p2a: Volcanion\n|\n|upkeep\n|\n|t:|1698946290\n|switch|p2a: Gholdengo|Gholdengo|83\/100\n|turn|10\n|\n|t:|1698946298\n|move|p1a: Kommo-o|Substitute|p1a: Kommo-o\n|-start|p1a: Kommo-o|Substitute\n|-damage|p1a: Kommo-o|75\/100\n|move|p2a: Gholdengo|Make It Rain|p1a: Kommo-o\n|-end|p1a: Kommo-o|Substitute\n|-unboost|p2a: Gholdengo|spa|1\n|\n|upkeep\n|turn|11\n|\n|t:|1698946305\n|move|p1a: Kommo-o|Iron Head|p2a: Gholdengo\n|-resisted|p2a: Gholdengo\n|-damage|p2a: Gholdengo|33\/100\n|move|p2a: Gholdengo|Make It Rain|p1a: Kommo-o\n|-damage|p1a: Kommo-o|31\/100\n|-unboost|p2a: Gholdengo|spa|1\n|\n|upkeep\n|turn|12\n|\n|t:|1698946310\n|move|p1a: Kommo-o|Iron Head|p2a: Gholdengo\n|-resisted|p2a: Gholdengo\n|-damage|p2a: Gholdengo|0 fnt\n|faint|p2a: Gholdengo\n|\n|upkeep\n|\n|t:|1698946312\n|switch|p2a: Magearna|Magearna|100\/100\n|turn|13\n|\n|t:|1698946318\n|move|p1a: Kommo-o|Iron Head|p2a: Magearna\n|-damage|p2a: Magearna|37\/100\n|move|p2a: Magearna|Draining Kiss|p1a: Kommo-o\n|-supereffective|p1a: Kommo-o\n|-damage|p1a: Kommo-o|0 fnt\n|-heal|p2a: Magearna|56\/100|[from] drain|[of] p1a: Kommo-o\n|faint|p1a: Kommo-o\n|-ability|p2a: Magearna|Soul-Heart|boost\n|-boost|p2a: Magearna|spa|1\n|\n|-heal|p2a: Magearna|62\/100|[from] item: Leftovers\n|upkeep\n|c|\u2606OceanicGamer3|Shoyld have terad\n|\n|t:|1698946335\n|switch|p1a: Volcarona|Volcarona, M, shiny|100\/100\n|turn|14\n|inactive|IrishPenguin has 270 seconds left.\n|c|\u2606OceanicGamer3|I was tera steel -_-\n|c|\u2606IrishPenguin|I assumed you were so i was also confused\n|inactive|IrishPenguin has 240 seconds left.\n|c|\u2606IrishPenguin|I think i have 1 out\n|\n|t:|1698946399\n|move|p1a: Volcarona|Quiver Dance|p1a: Volcarona\n|-boost|p1a: Volcarona|spa|1\n|-boost|p1a: Volcarona|spd|1\n|-boost|p1a: Volcarona|spe|1\n|move|p2a: Magearna|Ice Beam|p1a: Volcarona\n|-resisted|p1a: Volcarona\n|-damage|p1a: Volcarona|88\/100\n|\n|-heal|p2a: Magearna|68\/100|[from] item: Leftovers\n|upkeep\n|turn|15\n|c|\u2606IrishPenguin|Nope\n|\n|t:|1698946416\n|move|p1a: Volcarona|Fire Blast|p2a: Magearna\n|-supereffective|p2a: Magearna\n|-damage|p2a: Magearna|0 fnt\n|faint|p2a: Magearna\n|\n|upkeep\n|\n|t:|1698946422\n|switch|p2a: Shaymin|Shaymin-Sky, shiny|100\/100\n|turn|16\n|\n|t:|1698946428\n|move|p1a: Volcarona|Fire Blast|p2a: Shaymin\n|-supereffective|p2a: Shaymin\n|-damage|p2a: Shaymin|0 fnt\n|faint|p2a: Shaymin\n|\n|upkeep\n|\n|t:|1698946430\n|switch|p2a: Zacian|Zacian, shiny|100\/100\n|-ability|p2a: Zacian|Intrepid Sword|boost\n|-boost|p2a: Zacian|atk|1\n|turn|17\n|\n|t:|1698946435\n|move|p1a: Volcarona|Fire Blast|p2a: Zacian\n|-damage|p2a: Zacian|6\/100\n|move|p2a: Zacian|Play Rough|p1a: Volcarona\n|-resisted|p1a: Volcarona\n|-damage|p1a: Volcarona|35\/100\n|-unboost|p1a: Volcarona|atk|1\n|\n|upkeep\n|turn|18\n|c|\u2606IrishPenguin|Gg\n|c|\u2606OceanicGamer3|Gg\n|c|\u2606IrishPenguin|Wp\n|\n|t:|1698946450\n|move|p1a: Volcarona|Bug Buzz|p2a: Zacian\n|-resisted|p2a: Zacian\n|-damage|p2a: Zacian|0 fnt\n|faint|p2a: Zacian\n|\n|win|OceanicGamer3\n|l|\u2606IrishPenguin\n","uploadtime":1698946459,"views":15,"p1id":"oceanicgamer3","p2id":"irishpenguin","formatid":"gen9ubers","rating":0,"private":0,"password":""}