{"id":"gen9ubers-1996943980","p1":"SadaShidz\ufe0f","p2":"bugs are funny","format":"[Gen 9] Ubers","log":"|j|\u2606SadaShidz\ufe0f\n|j|\u2606bugs are funny\n|t:|1700747909\n|gametype|singles\n|player|p1|SadaShidz\ufe0f|sada-ai|1313\n|player|p2|bugs are funny|winona|1258\n|teamsize|p1|6\n|teamsize|p2|6\n|gen|9\n|tier|[Gen 9] Ubers\n|rated|\n|rule|Sleep Clause Mod: Limit one foe put to sleep\n|rule|Species Clause: Limit one of each Pok\u00e9mon\n|rule|OHKO Clause: OHKO moves are banned\n|rule|Evasion Items Clause: Evasion items are banned\n|rule|Evasion Moves Clause: Evasion moves are banned\n|rule|Endless Battle Clause: Forcing endless battles is banned\n|rule|HP Percentage Mod: HP is shown in percentages\n|clearpoke\n|poke|p1|Baxcalibur, M|\n|poke|p1|Ninetales-Alola, F|\n|poke|p1|Iron Valiant|\n|poke|p1|Flutter Mane|\n|poke|p1|Ribombee, M|\n|poke|p1|Arceus-Ghost|\n|poke|p2|Glimmora, M|\n|poke|p2|Arboliva, F|\n|poke|p2|Palafin, F|\n|poke|p2|Armarouge, M|\n|poke|p2|Mudsdale, M|\n|poke|p2|Kingambit, F|\n|teampreview\n|inactive|Battle timer is ON: inactive players will automatically lose when time's up. (requested by SadaShidz\ufe0f)\n|\n|t:|1700747927\n|start\n|switch|p1a: Shinobu|Ribombee, M, shiny|100\/100\n|switch|p2a: Palafin|Palafin, F|100\/100\n|turn|1\n|\n|t:|1700747930\n|move|p1a: Shinobu|Stun Spore|p2a: Palafin\n|-status|p2a: Palafin|par\n|move|p2a: Palafin|Flip Turn|p1a: Shinobu\n|-damage|p1a: Shinobu|48\/100\n|\n|t:|1700747937\n|detailschange|p2a: Palafin|Palafin-Hero, F\n|switch|p2a: Glimmora|Glimmora, M|100\/100|[from] Flip Turn\n|\n|upkeep\n|turn|2\n|\n|t:|1700747941\n|move|p1a: Shinobu|Moonblast|p2a: Glimmora\n|-resisted|p2a: Glimmora\n|-damage|p2a: Glimmora|79\/100\n|move|p2a: Glimmora|Stealth Rock|p1a: Shinobu\n|-sidestart|p1: SadaShidz\ufe0f|move: Stealth Rock\n|\n|upkeep\n|turn|3\n|\n|t:|1700747947\n|move|p1a: Shinobu|Sticky Web|p2a: Glimmora\n|-sidestart|p2: bugs are funny|move: Sticky Web\n|move|p2a: Glimmora|Mortal Spin|p1a: Shinobu\n|-supereffective|p1a: Shinobu\n|-damage|p1a: Shinobu|30\/100\n|-sideend|p2: bugs are funny|Sticky Web|[from] move: Mortal Spin|[of] p2a: Glimmora\n|\n|upkeep\n|turn|4\n|\n|t:|1700747952\n|move|p1a: Shinobu|Stun Spore|p2a: Glimmora\n|-status|p2a: Glimmora|par\n|move|p2a: Glimmora|Mortal Spin|p1a: Shinobu\n|-supereffective|p1a: Shinobu\n|-damage|p1a: Shinobu|11\/100\n|\n|upkeep\n|turn|5\n|\n|t:|1700747956\n|move|p1a: Shinobu|Sticky Web|p2a: Glimmora\n|-sidestart|p2: bugs are funny|move: Sticky Web\n|move|p2a: Glimmora|Mortal Spin|p1a: Shinobu\n|-supereffective|p1a: Shinobu\n|-damage|p1a: Shinobu|0 fnt\n|-sideend|p2: bugs are funny|Sticky Web|[from] move: Mortal Spin|[of] p2a: Glimmora\n|faint|p1a: Shinobu\n|\n|upkeep\n|\n|t:|1700747962\n|switch|p1a: Yamz|Arceus-Ghost, shiny|100\/100\n|-damage|p1a: Yamz|88\/100|[from] Stealth Rock\n|turn|6\n|\n|t:|1700747964\n|move|p1a: Yamz|Calm Mind|p1a: Yamz\n|-boost|p1a: Yamz|spa|1\n|-boost|p1a: Yamz|spd|1\n|move|p2a: Glimmora|Mortal Spin|p1a: Yamz\n|-resisted|p1a: Yamz\n|-damage|p1a: Yamz|86\/100\n|-status|p1a: Yamz|psn\n|\n|-damage|p1a: Yamz|74\/100 psn|[from] psn\n|upkeep\n|turn|7\n|\n|t:|1700747967\n|move|p1a: Yamz|Judgment|p2a: Glimmora\n|-damage|p2a: Glimmora|0 fnt\n|faint|p2a: Glimmora\n|\n|-damage|p1a: Yamz|62\/100 psn|[from] psn\n|upkeep\n|\n|t:|1700747974\n|switch|p2a: Mudsdale|Mudsdale, M|100\/100\n|turn|8\n|\n|t:|1700747980\n|switch|p1a: Yamato|Ninetales-Alola, F, shiny|100\/100\n|-damage|p1a: Yamato|76\/100|[from] Stealth Rock\n|-weather|Snow|[from] ability: Snow Warning|[of] p1a: Yamato\n|move|p2a: Mudsdale|Roar|p1a: Yamato\n|drag|p1a: Yamz|Arceus-Ghost, shiny|62\/100 psn\n|-damage|p1a: Yamz|49\/100 psn|[from] Stealth Rock\n|\n|-weather|Snow|[upkeep]\n|-damage|p1a: Yamz|37\/100 psn|[from] psn\n|upkeep\n|turn|9\n|\n|t:|1700747989\n|move|p1a: Yamz|Recover|p1a: Yamz\n|-heal|p1a: Yamz|87\/100 psn\n|move|p2a: Mudsdale|Earthquake|p1a: Yamz\n|-damage|p1a: Yamz|59\/100 psn\n|\n|-weather|Snow|[upkeep]\n|-damage|p1a: Yamz|46\/100 psn|[from] psn\n|upkeep\n|turn|10\n|\n|t:|1700747993\n|move|p1a: Yamz|Judgment|p2a: Mudsdale\n|-damage|p2a: Mudsdale|57\/100\n|-ability|p2a: Mudsdale|Stamina|boost\n|-boost|p2a: Mudsdale|def|1\n|move|p2a: Mudsdale|Roar|p1a: Yamz\n|drag|p1a: XJ9|Iron Valiant|100\/100\n|-damage|p1a: XJ9|94\/100|[from] Stealth Rock\n|-enditem|p1a: XJ9|Booster Energy\n|-activate|p1a: XJ9|ability: Quark Drive|[fromitem]\n|-start|p1a: XJ9|quarkdrivespe\n|\n|-weather|Snow|[upkeep]\n|-heal|p2a: Mudsdale|64\/100|[from] item: Leftovers\n|upkeep\n|turn|11\n|\n|t:|1700748001\n|move|p1a: XJ9|Moonblast|p2a: Mudsdale\n|-damage|p2a: Mudsdale|20\/100\n|-unboost|p2a: Mudsdale|spa|1\n|-ability|p2a: Mudsdale|Stamina|boost\n|-boost|p2a: Mudsdale|def|1\n|move|p2a: Mudsdale|Heavy Slam|p1a: XJ9\n|-supereffective|p1a: XJ9\n|-damage|p1a: XJ9|5\/100\n|\n|-weather|Snow|[upkeep]\n|-heal|p2a: Mudsdale|26\/100|[from] item: Leftovers\n|upkeep\n|turn|12\n|\n|t:|1700748010\n|move|p1a: XJ9|Moonblast|p2a: Mudsdale\n|-damage|p2a: Mudsdale|0 fnt\n|faint|p2a: Mudsdale\n|\n|-weather|none\n|upkeep\n|\n|t:|1700748013\n|switch|p2a: Palafin|Palafin-Hero, F|100\/100 par\n|-activate|p2a: Palafin|ability: Zero to Hero\n|turn|13\n|\n|t:|1700748016\n|move|p2a: Palafin|Jet Punch|p1a: XJ9\n|-damage|p1a: XJ9|0 fnt\n|faint|p1a: XJ9\n|-end|p1a: XJ9|Quark Drive|[silent]\n|\n|upkeep\n|\n|t:|1700748018\n|switch|p1a: Yamato|Ninetales-Alola, F, shiny|76\/100\n|-damage|p1a: Yamato|51\/100|[from] Stealth Rock\n|-weather|Snow|[from] ability: Snow Warning|[of] p1a: Yamato\n|turn|14\n|\n|t:|1700748021\n|move|p2a: Palafin|Jet Punch|p1a: Yamato\n|-damage|p1a: Yamato|0 fnt\n|faint|p1a: Yamato\n|\n|-weather|Snow|[upkeep]\n|upkeep\n|\n|t:|1700748027\n|switch|p1a: Yamz|Arceus-Ghost, shiny|46\/100 psn\n|-damage|p1a: Yamz|34\/100 psn|[from] Stealth Rock\n|turn|15\n|\n|t:|1700748031\n|move|p2a: Palafin|Jet Punch|p1a: Yamz\n|-damage|p1a: Yamz|0 fnt\n|faint|p1a: Yamz\n|\n|-weather|Snow|[upkeep]\n|upkeep\n|\n|t:|1700748037\n|switch|p1a: Gucci|Flutter Mane, shiny|100\/100\n|-damage|p1a: Gucci|88\/100|[from] Stealth Rock\n|-enditem|p1a: Gucci|Booster Energy\n|-activate|p1a: Gucci|ability: Protosynthesis|[fromitem]\n|-start|p1a: Gucci|protosynthesisspe\n|turn|16\n|\n|t:|1700748042\n|move|p2a: Palafin|Jet Punch|p1a: Gucci\n|-damage|p1a: Gucci|0 fnt\n|faint|p1a: Gucci\n|-end|p1a: Gucci|Protosynthesis|[silent]\n|\n|-weather|Snow|[upkeep]\n|upkeep\n|\n|t:|1700748044\n|switch|p1a: Jumbotron|Baxcalibur, M, shiny|100\/100\n|-damage|p1a: Jumbotron|75\/100|[from] Stealth Rock\n|turn|17\n|\n|t:|1700748047\n|move|p2a: Palafin|Jet Punch|p1a: Jumbotron\n|-resisted|p1a: Jumbotron\n|-damage|p1a: Jumbotron|59\/100\n|move|p1a: Jumbotron|Dragon Dance|p1a: Jumbotron\n|-boost|p1a: Jumbotron|atk|1\n|-boost|p1a: Jumbotron|spe|1\n|\n|-weather|Snow|[upkeep]\n|upkeep\n|turn|18\n|\n|t:|1700748058\n|switch|p2a: Arboliva|Arboliva, F|100\/100\n|move|p1a: Jumbotron|Dragon Dance|p1a: Jumbotron\n|-boost|p1a: Jumbotron|atk|1\n|-boost|p1a: Jumbotron|spe|1\n|\n|-weather|none\n|upkeep\n|turn|19\n|\n|t:|1700748062\n|move|p1a: Jumbotron|Icicle Spear|p2a: Arboliva\n|-supereffective|p2a: Arboliva\n|-damage|p2a: Arboliva|49\/100\n|-enditem|p2a: Arboliva|Sitrus Berry|[eat]\n|-heal|p2a: Arboliva|74\/100|[from] item: Sitrus Berry\n|-supereffective|p2a: Arboliva\n|-damage|p2a: Arboliva|25\/100\n|-supereffective|p2a: Arboliva\n|-damage|p2a: Arboliva|0 fnt\n|faint|p2a: Arboliva\n|-hitcount|p2: Arboliva|3\n|\n|upkeep\n|\n|t:|1700748064\n|switch|p2a: Kingambit|Kingambit, F, shiny|100\/100\n|-activate|p2a: Kingambit|ability: Supreme Overlord\n|-start|p2a: Kingambit|fallen3|[silent]\n|turn|20\n|\n|t:|1700748074\n|-terastallize|p1a: Jumbotron|Fairy\n|move|p2a: Kingambit|Sucker Punch|p1a: Jumbotron\n|-resisted|p1a: Jumbotron\n|-damage|p1a: Jumbotron|34\/100\n|move|p1a: Jumbotron|Earthquake|p2a: Kingambit\n|-supereffective|p2a: Kingambit\n|-damage|p2a: Kingambit|0 fnt\n|faint|p2a: Kingambit\n|-end|p2a: Kingambit|fallen3|[silent]\n|\n|upkeep\n|\n|t:|1700748080\n|switch|p2a: Palafin|Palafin-Hero, F|100\/100 par\n|turn|21\n|\n|t:|1700748083\n|cant|p2a: Palafin|par\n|move|p1a: Jumbotron|Scale Shot|p2a: Palafin\n|-damage|p2a: Palafin|70\/100 par\n|-damage|p2a: Palafin|40\/100 par\n|-damage|p2a: Palafin|14\/100 par\n|-damage|p2a: Palafin|0 fnt\n|faint|p2a: Palafin\n|-hitcount|p2: Palafin|4\n|-unboost|p1a: Jumbotron|def|1\n|-boost|p1a: Jumbotron|spe|1\n|\n|upkeep\n|\n|t:|1700748087\n|switch|p2a: Armarouge|Armarouge, M|100\/100\n|turn|22\n|\n|t:|1700748089\n|move|p1a: Jumbotron|Scale Shot|p2a: Armarouge\n|-damage|p2a: Armarouge|72\/100\n|-damage|p2a: Armarouge|41\/100\n|-damage|p2a: Armarouge|12\/100\n|-damage|p2a: Armarouge|0 fnt\n|faint|p2a: Armarouge\n|-hitcount|p2: Armarouge|4\n|\n|win|SadaShidz\ufe0f\n|raw|SadaShidz\ufe0f's rating: 1313 &rarr; <strong>1330<\/strong><br \/>(+17 for winning)\n|raw|bugs are funny's rating: 1258 &rarr; <strong>1237<\/strong><br \/>(-21 for losing)\n|l|\u2606bugs are funny\n|c|\u2606SadaShidz\ufe0f|Gg\n","uploadtime":1700748103,"views":0,"p1id":"sadashidz","p2id":"bugsarefunny","formatid":"gen9ubers","rating":1237,"private":0,"password":""}