{"id":"gen9ubers-1975369576","p1":"Hagenzdaz","p2":"Uu6ygg","format":"[Gen 9] Ubers","log":"|j|\u2606Hagenzdaz\n|j|\u2606Uu6ygg\n|t:|1698184086\n|gametype|singles\n|player|p1|Hagenzdaz|iris|1026\n|player|p2|Uu6ygg|cynthia-gen4|1146\n|teamsize|p1|6\n|teamsize|p2|6\n|gen|9\n|tier|[Gen 9] Ubers\n|rated|\n|rule|Sleep Clause Mod: Limit one foe put to sleep\n|rule|Species Clause: Limit one of each Pok\u00e9mon\n|rule|OHKO Clause: OHKO moves are banned\n|rule|Evasion Items Clause: Evasion items are banned\n|rule|Evasion Moves Clause: Evasion moves are banned\n|rule|Endless Battle Clause: Forcing endless battles is banned\n|rule|HP Percentage Mod: HP is shown in percentages\n|clearpoke\n|poke|p1|Iron Bundle|\n|poke|p1|Ditto|\n|poke|p1|Koraidon|\n|poke|p1|Flutter Mane|\n|poke|p1|Ogerpon-Hearthflame, F|\n|poke|p1|Regieleki|\n|poke|p2|Volcanion|\n|poke|p2|Kyogre|\n|poke|p2|Zacian-*|\n|poke|p2|Miraidon|\n|poke|p2|Eternatus|\n|poke|p2|Rayquaza|\n|teampreview\n|inactive|Battle timer is ON: inactive players will automatically lose when time's up. (requested by Uu6ygg)\n|\n|t:|1698184093\n|start\n|switch|p1a: Iron Bundle|Iron Bundle|100\/100\n|switch|p2a: Marc M\u00e1rquez|Miraidon|100\/100\n|-fieldstart|move: Electric Terrain|[from] ability: Hadron Engine|[of] p2a: Marc M\u00e1rquez\n|-activate|p1a: Iron Bundle|ability: Quark Drive\n|-start|p1a: Iron Bundle|quarkdrivespe\n|turn|1\n|\n|t:|1698184105\n|-terastallize|p2a: Marc M\u00e1rquez|Electric\n|move|p1a: Iron Bundle|Freeze-Dry|p2a: Marc M\u00e1rquez\n|-damage|p2a: Marc M\u00e1rquez|68\/100\n|move|p2a: Marc M\u00e1rquez|Volt Switch|p1a: Iron Bundle\n|-supereffective|p1a: Iron Bundle\n|-damage|p1a: Iron Bundle|0 fnt\n|faint|p1a: Iron Bundle\n|-end|p1a: Iron Bundle|Quark Drive|[silent]\n|\n|t:|1698184117\n|switch|p2a: Kyogremon|Kyogre, shiny|100\/100|[from] Volt Switch\n|-weather|RainDance|[from] ability: Drizzle|[of] p2a: Kyogremon\n|\n|-weather|RainDance|[upkeep]\n|upkeep\n|\n|t:|1698184120\n|switch|p1a: Regieleki|Regieleki|100\/100\n|turn|2\n|\n|t:|1698184129\n|switch|p2a: La Muerte|Eternatus|100\/100\n|-ability|p2a: La Muerte|Pressure\n|move|p1a: Regieleki|Thunderbolt|p2a: La Muerte\n|-resisted|p2a: La Muerte\n|-damage|p2a: La Muerte|68\/100\n|\n|-weather|RainDance|[upkeep]\n|upkeep\n|turn|3\n|\n|t:|1698184144\n|switch|p1a: Flutter Mane|Flutter Mane|100\/100\n|move|p2a: La Muerte|Sludge Bomb|p1a: Flutter Mane\n|-damage|p1a: Flutter Mane|44\/100\n|\n|-weather|RainDance|[upkeep]\n|upkeep\n|turn|4\n|\n|t:|1698184152\n|move|p2a: La Muerte|Dynamax Cannon|p1a: Flutter Mane\n|-immune|p1a: Flutter Mane\n|move|p1a: Flutter Mane|Psyshock|p2a: La Muerte\n|-supereffective|p2a: La Muerte\n|-damage|p2a: La Muerte|0 fnt\n|faint|p2a: La Muerte\n|\n|-weather|RainDance|[upkeep]\n|upkeep\n|\n|t:|1698184162\n|switch|p2a: Marc M\u00e1rquez|Miraidon, tera:Electric|68\/100\n|-activate|p2a: Marc M\u00e1rquez|ability: Hadron Engine\n|turn|5\n|\n|t:|1698184167\n|move|p2a: Marc M\u00e1rquez|Volt Switch|p1a: Flutter Mane\n|-damage|p1a: Flutter Mane|0 fnt\n|faint|p1a: Flutter Mane\n|-end|p1a: Flutter Mane|Protosynthesis|[silent]\n|\n|t:|1698184177\n|switch|p2a: Volco\u00f1on|Volcanion|100\/100|[from] Volt Switch\n|\n|-weather|none\n|-fieldend|move: Electric Terrain\n|upkeep\n|\n|t:|1698184202\n|switch|p1a: Ogerpon|Ogerpon-Hearthflame, F|100\/100\n|-ability|p1a: Ogerpon|Mold Breaker\n|turn|6\n|\n|t:|1698184211\n|move|p1a: Ogerpon|Swords Dance|p1a: Ogerpon\n|-boost|p1a: Ogerpon|atk|2\n|move|p2a: Volco\u00f1on|Flamethrower|p1a: Ogerpon\n|-damage|p1a: Ogerpon|54\/100\n|\n|upkeep\n|turn|7\n|\n|t:|1698184218\n|move|p1a: Ogerpon|Horn Leech|p2a: Volco\u00f1on\n|-damage|p2a: Volco\u00f1on|51\/100\n|-heal|p1a: Ogerpon|84\/100|[from] drain|[of] p2a: Volco\u00f1on\n|move|p2a: Volco\u00f1on|Steam Eruption|p1a: Ogerpon\n|-damage|p1a: Ogerpon|25\/100\n|\n|-heal|p2a: Volco\u00f1on|57\/100|[from] item: Leftovers\n|upkeep\n|turn|8\n|\n|t:|1698184227\n|move|p1a: Ogerpon|Horn Leech|p2a: Volco\u00f1on\n|-damage|p2a: Volco\u00f1on|5\/100\n|-heal|p1a: Ogerpon|56\/100|[from] drain|[of] p2a: Volco\u00f1on\n|move|p2a: Volco\u00f1on|Steam Eruption|p1a: Ogerpon|[miss]\n|-miss|p2a: Volco\u00f1on|p1a: Ogerpon\n|\n|-heal|p2a: Volco\u00f1on|11\/100|[from] item: Leftovers\n|upkeep\n|turn|9\n|\n|t:|1698184240\n|move|p1a: Ogerpon|Trailblaze|p2a: Volco\u00f1on\n|-damage|p2a: Volco\u00f1on|0 fnt\n|-boost|p1a: Ogerpon|spe|1\n|faint|p2a: Volco\u00f1on\n|\n|upkeep\n|\n|t:|1698184251\n|switch|p2a: Mamba Negra|Rayquaza, shiny|100\/100\n|-ability|p2a: Mamba Negra|Air Lock\n|turn|10\n|\n|t:|1698184260\n|move|p1a: Ogerpon|Ivy Cudgel|p2a: Mamba Negra\n|-resisted|p2a: Mamba Negra\n|-damage|p2a: Mamba Negra|40\/100\n|move|p2a: Mamba Negra|Dragon Ascent|p1a: Ogerpon\n|-supereffective|p1a: Ogerpon\n|-damage|p1a: Ogerpon|0 fnt\n|-unboost|p2a: Mamba Negra|def|1\n|-unboost|p2a: Mamba Negra|spd|1\n|faint|p1a: Ogerpon\n|\n|upkeep\n|\n|t:|1698184263\n|switch|p1a: Regieleki|Regieleki|100\/100\n|turn|11\n|\n|t:|1698184279\n|move|p2a: Mamba Negra|Extreme Speed|p1a: Regieleki\n|-damage|p1a: Regieleki|38\/100\n|move|p1a: Regieleki|Thunderbolt|p2a: Mamba Negra\n|-damage|p2a: Mamba Negra|0 fnt\n|faint|p2a: Mamba Negra\n|\n|upkeep\n|\n|t:|1698184287\n|switch|p2a: Marc M\u00e1rquez|Miraidon, tera:Electric|68\/100\n|-fieldstart|move: Electric Terrain|[from] ability: Hadron Engine|[of] p2a: Marc M\u00e1rquez\n|turn|12\n|\n|t:|1698184297\n|switch|p1a: Koraidon|Koraidon|100\/100\n|-weather|SunnyDay|[from] ability: Orichalcum Pulse|[of] p1a: Koraidon\n|-activate|p1a: Koraidon|Orichalcum Pulse|[source]\n|move|p2a: Marc M\u00e1rquez|Volt Switch|p1a: Koraidon\n|-resisted|p1a: Koraidon\n|-damage|p1a: Koraidon|36\/100\n|\n|t:|1698184306\n|switch|p2a: Lobo Feroz|Zacian-Crowned, shiny|100\/100|[from] Volt Switch\n|-ability|p2a: Lobo Feroz|Intrepid Sword|boost\n|-boost|p2a: Lobo Feroz|atk|1\n|\n|-weather|SunnyDay|[upkeep]\n|upkeep\n|turn|13\n|\n|t:|1698184316\n|move|p2a: Lobo Feroz|Close Combat|p1a: Koraidon\n|-damage|p1a: Koraidon|0 fnt\n|-unboost|p2a: Lobo Feroz|def|1\n|-unboost|p2a: Lobo Feroz|spd|1\n|faint|p1a: Koraidon\n|\n|-weather|SunnyDay|[upkeep]\n|upkeep\n|\n|t:|1698184324\n|switch|p1a: Ditto|Ditto|100\/100\n|-transform|p1a: Ditto|p2a: Lobo Feroz|[from] ability: Imposter\n|-ability|p1a: Ditto|Intrepid Sword|boost\n|-boost|p1a: Ditto|atk|1\n|turn|14\n|\n|t:|1698184338\n|move|p1a: Ditto|Close Combat|p2a: Lobo Feroz\n|-damage|p2a: Lobo Feroz|0 fnt\n|-unboost|p1a: Ditto|def|1\n|-unboost|p1a: Ditto|spd|1\n|faint|p2a: Lobo Feroz\n|\n|-weather|SunnyDay|[upkeep]\n|upkeep\n|\n|t:|1698184341\n|switch|p2a: Kyogremon|Kyogre, shiny|100\/100\n|-weather|RainDance|[from] ability: Drizzle|[of] p2a: Kyogremon\n|turn|15\n|\n|t:|1698184348\n|move|p1a: Ditto|Close Combat|p2a: Kyogremon\n|-damage|p2a: Kyogremon|0 fnt\n|-unboost|p1a: Ditto|def|1\n|-unboost|p1a: Ditto|spd|1\n|faint|p2a: Kyogremon\n|\n|-weather|RainDance|[upkeep]\n|upkeep\n|-message|Uu6ygg forfeited.\n|\n|win|Hagenzdaz\n|raw|Hagenzdaz's rating: 1026 &rarr; <strong>1074<\/strong><br \/>(+48 for winning)\n|raw|Uu6ygg's rating: 1146 &rarr; <strong>1113<\/strong><br \/>(-33 for losing)\n|l|\u2606Uu6ygg\n|c|\u2606Hagenzdaz|gg\n","uploadtime":1698184360,"views":15,"p1id":"hagenzdaz","p2id":"uu6ygg","formatid":"gen9ubers","rating":1074,"private":0,"password":""}