{"id":"gen9ubers-1998627057","p1":"Seior","p2":"dwagonhunter","format":"[Gen 9] Ubers","log":"|j|\u2606Seior\n|j|\u2606dwagonhunter\n|t:|1700964708\n|gametype|singles\n|player|p1|Seior|carmine|\n|player|p2|dwagonhunter|lance|\n|teamsize|p1|6\n|teamsize|p2|6\n|gen|9\n|tier|[Gen 9] Ubers\n|rule|Sleep Clause Mod: Limit one foe put to sleep\n|rule|Species Clause: Limit one of each Pok\u00e9mon\n|rule|OHKO Clause: OHKO moves are banned\n|rule|Evasion Items Clause: Evasion items are banned\n|rule|Evasion Moves Clause: Evasion moves are banned\n|rule|Endless Battle Clause: Forcing endless battles is banned\n|rule|HP Percentage Mod: HP is shown in percentages\n|clearpoke\n|poke|p1|Quaquaval, M|\n|poke|p1|Ninetales-Alola, F|\n|poke|p1|Ogerpon, F|\n|poke|p1|Zamazenta-*|\n|poke|p1|Carbink|\n|poke|p1|Sandslash-Alola, M|\n|poke|p2|Avalugg-Hisui, M|\n|poke|p2|Ursaluna-Bloodmoon, M|\n|poke|p2|Torterra, F|\n|poke|p2|Alomomola, F|\n|poke|p2|Arcanine-Hisui, F|\n|poke|p2|Bronzong|\n|teampreview\n|c|\u2606dwagonhunter|good luck\n|j| TheJuicyJake\n|c|\u2606Seior|u2\n|\n|t:|1700964827\n|start\n|switch|p1a: Ninetales|Ninetales-Alola, F, shiny|100\/100\n|switch|p2a: Torterra|Torterra, F|100\/100\n|-weather|Snow|[from] ability: Snow Warning|[of] p1a: Ninetales\n|turn|1\n|\n|t:|1700964842\n|move|p1a: Ninetales|Freeze-Dry|p2a: Torterra\n|-supereffective|p2a: Torterra\n|-damage|p2a: Torterra|0 fnt\n|faint|p2a: Torterra\n|\n|-weather|Snow|[upkeep]\n|upkeep\n|\n|t:|1700964857\n|switch|p2a: Ursaluna|Ursaluna-Bloodmoon, M|100\/100\n|turn|2\n|\n|t:|1700964880\n|move|p1a: Ninetales|Freeze-Dry|p2a: Ursaluna\n|-supereffective|p2a: Ursaluna\n|-damage|p2a: Ursaluna|39\/100\n|move|p2a: Ursaluna|Blood Moon|p1a: Ninetales\n|-damage|p1a: Ninetales|8\/100\n|\n|-weather|Snow|[upkeep]\n|-heal|p2a: Ursaluna|45\/100|[from] item: Leftovers\n|upkeep\n|turn|3\n|j| Swagadile\n|\n|t:|1700964950\n|switch|p1a: Ogerpon|Ogerpon, F|100\/100\n|move|p2a: Ursaluna|Calm Mind|p2a: Ursaluna\n|-boost|p2a: Ursaluna|spa|1\n|-boost|p2a: Ursaluna|spd|1\n|\n|-weather|Snow|[upkeep]\n|-heal|p2a: Ursaluna|51\/100|[from] item: Leftovers\n|upkeep\n|turn|4\n|\n|t:|1700964960\n|move|p1a: Ogerpon|Ivy Cudgel|p2a: Ursaluna\n|-supereffective|p2a: Ursaluna\n|-damage|p2a: Ursaluna|0 fnt\n|faint|p2a: Ursaluna\n|\n|-weather|Snow|[upkeep]\n|upkeep\n|\n|t:|1700964966\n|switch|p2a: Arcanine|Arcanine-Hisui, F|100\/100\n|turn|5\n|\n|t:|1700964980\n|switch|p1a: Carbink|Carbink, shiny|100\/100\n|move|p2a: Arcanine|Head Smash|p1a: Carbink\n|-damage|p1a: Carbink|60\/100\n|\n|-weather|none\n|upkeep\n|turn|6\n|\n|t:|1700965008\n|move|p2a: Arcanine|Head Smash|p1a: Carbink\n|-damage|p1a: Carbink|18\/100\n|move|p1a: Carbink|Stealth Rock|p2a: Arcanine\n|-sidestart|p2: dwagonhunter|move: Stealth Rock\n|\n|upkeep\n|turn|7\n|-enditem|p1a: Carbink|Custap Berry|[eat]\n|-activate|p1a: Carbink|item: Custap Berry|[consumed]\n|\n|t:|1700965020\n|move|p1a: Carbink|Body Press|p2a: Arcanine\n|-supereffective|p2a: Arcanine\n|-damage|p2a: Arcanine|20\/100\n|move|p2a: Arcanine|Head Smash|p1a: Carbink\n|-damage|p1a: Carbink|0 fnt\n|faint|p1a: Carbink\n|\n|upkeep\n|\n|t:|1700965032\n|switch|p1a: Zamazenta|Zamazenta-Crowned, shiny|100\/100\n|-ability|p1a: Zamazenta|Dauntless Shield|boost\n|-boost|p1a: Zamazenta|def|1\n|turn|8\n|\n|t:|1700965041\n|switch|p2a: Bronzong|Bronzong|100\/100\n|-damage|p2a: Bronzong|94\/100|[from] Stealth Rock\n|move|p1a: Zamazenta|Iron Defense|p1a: Zamazenta\n|-boost|p1a: Zamazenta|def|2\n|\n|upkeep\n|turn|9\n|\n|t:|1700965051\n|move|p1a: Zamazenta|Substitute|p1a: Zamazenta\n|-start|p1a: Zamazenta|Substitute\n|-damage|p1a: Zamazenta|75\/100\n|move|p2a: Bronzong|Psyshock|p1a: Zamazenta\n|-activate|p1a: Zamazenta|move: Substitute|[damage]\n|\n|upkeep\n|turn|10\n|l| TheJuicyJake\n|\n|t:|1700965060\n|move|p1a: Zamazenta|Iron Defense|p1a: Zamazenta\n|-boost|p1a: Zamazenta|def|2\n|move|p2a: Bronzong|Psyshock|p1a: Zamazenta\n|-activate|p1a: Zamazenta|move: Substitute|[damage]\n|\n|upkeep\n|turn|11\n|\n|t:|1700965074\n|move|p1a: Zamazenta|Body Press|p2a: Bronzong\n|-damage|p2a: Bronzong|0 fnt\n|faint|p2a: Bronzong\n|\n|upkeep\n|\n|t:|1700965081\n|switch|p2a: Alomomola|Alomomola, F|100\/100\n|-damage|p2a: Alomomola|88\/100|[from] Stealth Rock\n|turn|12\n|\n|t:|1700965086\n|move|p1a: Zamazenta|Body Press|p2a: Alomomola\n|-damage|p2a: Alomomola|9\/100\n|-damage|p1a: Zamazenta|59\/100|[from] item: Rocky Helmet|[of] p2a: Alomomola\n|move|p2a: Alomomola|Scald|p1a: Zamazenta\n|-activate|p1a: Zamazenta|move: Substitute|[damage]\n|\n|upkeep\n|turn|13\n|c|\u2606dwagonhunter|what is that things special defense lol\n|c|\u2606Seior|140\n|c|\u2606dwagonhunter|ah shit\n|\n|t:|1700965130\n|move|p1a: Zamazenta|Iron Defense|p1a: Zamazenta\n|-boost|p1a: Zamazenta|def|1\n|move|p2a: Alomomola|Scald|p1a: Zamazenta\n|-end|p1a: Zamazenta|Substitute\n|\n|upkeep\n|turn|14\n|\n|t:|1700965136\n|move|p1a: Zamazenta|Substitute|p1a: Zamazenta\n|-start|p1a: Zamazenta|Substitute\n|-damage|p1a: Zamazenta|34\/100\n|move|p2a: Alomomola|Wish|p2a: Alomomola\n|\n|upkeep\n|turn|15\n|\n|t:|1700965138\n|move|p2a: Alomomola|Protect|p2a: Alomomola\n|-singleturn|p2a: Alomomola|Protect\n|move|p1a: Zamazenta|Body Press|p2a: Alomomola\n|-activate|p2a: Alomomola|move: Protect\n|\n|-heal|p2a: Alomomola|59\/100|[from] move: Wish|[wisher] Alomomola\n|upkeep\n|turn|16\n|\n|t:|1700965151\n|move|p1a: Zamazenta|Body Press|p2a: Alomomola\n|-damage|p2a: Alomomola|0 fnt\n|-damage|p1a: Zamazenta|18\/100|[from] item: Rocky Helmet|[of] p2a: Alomomola\n|faint|p2a: Alomomola\n|\n|upkeep\n|\n|t:|1700965161\n|switch|p2a: Arcanine|Arcanine-Hisui, F|20\/100\n|-damage|p2a: Arcanine|0 fnt|[from] Stealth Rock\n|faint|p2a: Arcanine\n|\n|t:|1700965163\n|switch|p2a: Avalugg|Avalugg-Hisui, M, shiny|100\/100\n|turn|17\n|\n|t:|1700965169\n|move|p1a: Zamazenta|Body Press|p2a: Avalugg\n|-supereffective|p2a: Avalugg\n|-ability|p2a: Avalugg|Sturdy\n|-damage|p2a: Avalugg|1\/100\n|move|p2a: Avalugg|Mountain Gale|p1a: Zamazenta|[miss]\n|-miss|p2a: Avalugg|p1a: Zamazenta\n|\n|upkeep\n|turn|18\n|c| Swagadile|So we\u2019re banning zamazenta\u2026\n|c|\u2606Seior|basically\n|c|\u2606dwagonhunter|nah i wouldnt ban it i just had no idea about the body press thing lol\n|\n|t:|1700965209\n|move|p1a: Zamazenta|Body Press|p2a: Avalugg\n|-supereffective|p2a: Avalugg\n|-damage|p2a: Avalugg|0 fnt\n|faint|p2a: Avalugg\n|\n|win|Seior\n|c|\u2606Seior|totally fair\n|c|\u2606Seior|it's an experience\n|c|\u2606dwagonhunter|gg\n|c|\u2606Seior|gg\n","uploadtime":1700965220,"views":27,"p1id":"seior","p2id":"dwagonhunter","formatid":"gen9ubers","rating":0,"private":0,"password":""}