{"id":"gen9ubers-1982624786","p1":"uubers account","p2":"Leo Justice","format":"[Gen 9] Ubers","log":"|j|\u2606uubers account\n|j|\u2606Leo Justice\n|t:|1699030755\n|gametype|singles\n|player|p1|uubers account|170|\n|player|p2|Leo Justice|carmine|\n|teamsize|p1|6\n|teamsize|p2|6\n|gen|9\n|tier|[Gen 9] Ubers\n|rule|Sleep Clause Mod: Limit one foe put to sleep\n|rule|Species Clause: Limit one of each Pok\u00e9mon\n|rule|OHKO Clause: OHKO moves are banned\n|rule|Evasion Items Clause: Evasion items are banned\n|rule|Evasion Moves Clause: Evasion moves are banned\n|rule|Endless Battle Clause: Forcing endless battles is banned\n|rule|HP Percentage Mod: HP is shown in percentages\n|clearpoke\n|poke|p1|Ninetales-Alola, M|\n|poke|p1|Baxcalibur, F|\n|poke|p1|Espathra, M|\n|poke|p1|Zacian-*|\n|poke|p1|Arceus-Ice|\n|poke|p1|Cyclizar, F|\n|poke|p2|Arceus-Fire|\n|poke|p2|Espathra, M|\n|poke|p2|Cyclizar, F|\n|poke|p2|Gholdengo|\n|poke|p2|Rillaboom, F|\n|poke|p2|Sneasler, M|\n|teampreview\n|c|\u2606uubers account|glhf\n|c|\u2606Leo Justice|Gl\n|\n|t:|1699030778\n|start\n|switch|p1a: Ninetales|Ninetales-Alola, M|100\/100\n|switch|p2a: Cyclizar|Cyclizar, F|100\/100\n|-weather|Snow|[from] ability: Snow Warning|[of] p1a: Ninetales\n|turn|1\n|\n|t:|1699030815\n|move|p2a: Cyclizar|Shed Tail|p2a: Cyclizar\n|-start|p2a: Cyclizar|Substitute|[from] move: Shed Tail\n|-damage|p2a: Cyclizar|50\/100\n|\n|t:|1699030818\n|switch|p2a: Arceus|Arceus-Fire|100\/100|[from] Shed Tail\n|move|p1a: Ninetales|Freeze-Dry|p2a: Arceus\n|-resisted|p2a: Arceus\n|-activate|p2a: Arceus|move: Substitute|[damage]\n|\n|-weather|Snow|[upkeep]\n|upkeep\n|turn|2\n|\n|t:|1699030831\n|move|p1a: Ninetales|Aurora Veil|p1a: Ninetales\n|-sidestart|p1: uubers account|move: Aurora Veil\n|move|p2a: Arceus|Dragon Dance|p2a: Arceus\n|-boost|p2a: Arceus|atk|1\n|-boost|p2a: Arceus|spe|1\n|\n|-weather|Snow|[upkeep]\n|upkeep\n|turn|3\n|\n|t:|1699030839\n|move|p2a: Arceus|Flare Blitz|p1a: Ninetales\n|-supereffective|p1a: Ninetales\n|-damage|p1a: Ninetales|11\/100\n|-damage|p2a: Arceus|73\/100|[from] Recoil\n|move|p1a: Ninetales|Encore|p2a: Arceus\n|-start|p2a: Arceus|Encore\n|\n|-weather|Snow|[upkeep]\n|upkeep\n|turn|4\n|\n|t:|1699030874\n|switch|p1a: Cyclizar|Cyclizar, F|100\/100\n|move|p2a: Arceus|Flare Blitz|p1a: Cyclizar\n|-resisted|p1a: Cyclizar\n|-damage|p1a: Cyclizar|59\/100\n|-damage|p2a: Arceus|61\/100|[from] Recoil\n|\n|-weather|Snow|[upkeep]\n|upkeep\n|turn|5\n|\n|t:|1699030882\n|move|p2a: Arceus|Flare Blitz|p1a: Cyclizar\n|-resisted|p1a: Cyclizar\n|-damage|p1a: Cyclizar|16\/100\n|-damage|p2a: Arceus|48\/100|[from] Recoil\n|move|p1a: Cyclizar|Taunt|p2a: Arceus\n|-start|p2a: Arceus|move: Taunt\n|\n|-weather|none\n|upkeep\n|turn|6\n|\n|t:|1699030890\n|move|p2a: Arceus|Flare Blitz|p1a: Cyclizar\n|-resisted|p1a: Cyclizar\n|-crit|p1a: Cyclizar\n|-damage|p1a: Cyclizar|0 fnt\n|faint|p1a: Cyclizar\n|-damage|p2a: Arceus|44\/100|[from] Recoil\n|\n|-end|p2a: Arceus|Encore\n|upkeep\n|\n|t:|1699030907\n|switch|p1a: Espathra|Espathra, M|100\/100\n|turn|7\n|\n|t:|1699030927\n|move|p1a: Espathra|Protect|p1a: Espathra\n|-singleturn|p1a: Espathra|Protect\n|move|p2a: Arceus|Flare Blitz|p1a: Espathra\n|-activate|p1a: Espathra|move: Protect\n|\n|-ability|p1a: Espathra|Speed Boost|boost\n|-boost|p1a: Espathra|spe|1\n|upkeep\n|turn|8\n|\n|t:|1699030935\n|move|p2a: Arceus|Flare Blitz|p1a: Espathra\n|-damage|p1a: Espathra|27\/100\n|-damage|p2a: Arceus|21\/100|[from] Recoil\n|move|p1a: Espathra|Calm Mind|p1a: Espathra\n|-boost|p1a: Espathra|spa|1\n|-boost|p1a: Espathra|spd|1\n|\n|-heal|p1a: Espathra|33\/100|[from] item: Leftovers\n|-end|p2a: Arceus|move: Taunt\n|-ability|p1a: Espathra|Speed Boost|boost\n|-boost|p1a: Espathra|spe|1\n|upkeep\n|turn|9\n|\n|t:|1699030949\n|move|p2a: Arceus|Flare Blitz|p1a: Espathra\n|-damage|p1a: Espathra|0 fnt\n|faint|p1a: Espathra\n|-damage|p2a: Arceus|10\/100|[from] Recoil\n|\n|-sideend|p1: uubers account|move: Aurora Veil\n|upkeep\n|c|\u2606uubers account|I thought I would outspeed there\n|c|\u2606uubers account|r u jolly?\n|c|\u2606Leo Justice|No\n|\n|t:|1699030971\n|switch|p1a: Arceus|Arceus-Ice|100\/100\n|turn|10\n|c|\u2606Leo Justice|I got outsped by your Anine\n|\n|t:|1699030978\n|move|p2a: Arceus|Recover|p2a: Arceus\n|-heal|p2a: Arceus|61\/100\n|move|p1a: Arceus|Taunt|p2a: Arceus\n|-start|p2a: Arceus|move: Taunt\n|\n|upkeep\n|turn|11\n|\n|t:|1699030988\n|-terastallize|p1a: Arceus|Water\n|move|p2a: Arceus|Flare Blitz|p1a: Arceus\n|-resisted|p1a: Arceus\n|-damage|p1a: Arceus|63\/100\n|-damage|p2a: Arceus|46\/100|[from] Recoil\n|move|p1a: Arceus|Calm Mind|p1a: Arceus\n|-boost|p1a: Arceus|spa|1\n|-boost|p1a: Arceus|spd|1\n|\n|upkeep\n|turn|12\n|\n|t:|1699030998\n|move|p2a: Arceus|Earthquake|p1a: Arceus\n|-damage|p1a: Arceus|27\/100\n|move|p1a: Arceus|Recover|p1a: Arceus\n|-heal|p1a: Arceus|77\/100\n|\n|upkeep\n|turn|13\n|\n|t:|1699031008\n|move|p2a: Arceus|Earthquake|p1a: Arceus\n|-damage|p1a: Arceus|41\/100\n|move|p1a: Arceus|Judgment|p2a: Arceus\n|-resisted|p2a: Arceus\n|-end|p2a: Arceus|Substitute\n|\n|-end|p2a: Arceus|move: Taunt\n|upkeep\n|turn|14\n|\n|t:|1699031021\n|move|p2a: Arceus|Dragon Dance|p2a: Arceus\n|-boost|p2a: Arceus|atk|1\n|-boost|p2a: Arceus|spe|1\n|move|p1a: Arceus|Recover|p1a: Arceus\n|-heal|p1a: Arceus|91\/100\n|\n|upkeep\n|turn|15\n|\n|t:|1699031026\n|move|p2a: Arceus|Recover|p2a: Arceus\n|-heal|p2a: Arceus|97\/100\n|move|p1a: Arceus|Taunt|p2a: Arceus\n|-start|p2a: Arceus|move: Taunt\n|\n|upkeep\n|turn|16\n|\n|t:|1699031037\n|move|p2a: Arceus|Flare Blitz|p1a: Arceus\n|-resisted|p1a: Arceus\n|-damage|p1a: Arceus|36\/100\n|-damage|p2a: Arceus|76\/100|[from] Recoil\n|move|p1a: Arceus|Calm Mind|p1a: Arceus\n|-boost|p1a: Arceus|spa|1\n|-boost|p1a: Arceus|spd|1\n|\n|upkeep\n|turn|17\n|\n|t:|1699031043\n|move|p2a: Arceus|Flare Blitz|p1a: Arceus\n|-resisted|p1a: Arceus\n|-damage|p1a: Arceus|0 fnt\n|faint|p1a: Arceus\n|-damage|p2a: Arceus|62\/100|[from] Recoil\n|\n|upkeep\n|c|\u2606uubers account|yeah I suck at playing ho\n|\n|t:|1699031054\n|switch|p1a: Zacian|Zacian|100\/100\n|-ability|p1a: Zacian|Intrepid Sword|boost\n|-boost|p1a: Zacian|atk|1\n|turn|18\n|\n|t:|1699031060\n|move|p2a: Arceus|Flare Blitz|p1a: Zacian\n|-damage|p1a: Zacian|0 fnt\n|faint|p1a: Zacian\n|-damage|p2a: Arceus|34\/100|[from] Recoil\n|\n|-end|p2a: Arceus|move: Taunt\n|upkeep\n|\n|t:|1699031064\n|switch|p1a: Baxcalibur|Baxcalibur, F|100\/100\n|turn|19\n|c|\u2606Leo Justice|Lmao\n|\n|t:|1699031071\n|move|p2a: Arceus|Flare Blitz|p1a: Baxcalibur\n|-damage|p1a: Baxcalibur|0 fnt\n|faint|p1a: Baxcalibur\n|-damage|p2a: Arceus|2\/100|[from] Recoil\n|\n|upkeep\n|\n|t:|1699031074\n|switch|p1a: Ninetales|Ninetales-Alola, M|11\/100\n|-weather|Snow|[from] ability: Snow Warning|[of] p1a: Ninetales\n|turn|20\n|c|\u2606Leo Justice|That is a mood\n|\n|t:|1699031080\n|move|p2a: Arceus|Flare Blitz|p1a: Ninetales\n|-supereffective|p1a: Ninetales\n|-damage|p1a: Ninetales|0 fnt\n|faint|p1a: Ninetales\n|-damage|p2a: Arceus|0 fnt|[from] Recoil\n|faint|p2a: Arceus\n|\n|win|Leo Justice\n|c|\u2606uubers account|mood\n","uploadtime":1699031086,"views":11,"p1id":"uubersaccount","p2id":"leojustice","formatid":"gen9ubers","rating":0,"private":0,"password":""}