{"id":"gen9ubers-1999111030","p1":"GoldDragon130","p2":"Shigoo","format":"[Gen 9] Ubers","log":"|j|\u2606GoldDragon130\n|j|\u2606Shigoo\n|t:|1701034299\n|gametype|singles\n|player|p1|GoldDragon130|nurse|\n|player|p2|Shigoo|guitarist|\n|teamsize|p1|6\n|teamsize|p2|6\n|gen|9\n|tier|[Gen 9] Ubers\n|rule|Sleep Clause Mod: Limit one foe put to sleep\n|rule|Species Clause: Limit one of each Pok\u00e9mon\n|rule|OHKO Clause: OHKO moves are banned\n|rule|Evasion Items Clause: Evasion items are banned\n|rule|Evasion Moves Clause: Evasion moves are banned\n|rule|Endless Battle Clause: Forcing endless battles is banned\n|rule|HP Percentage Mod: HP is shown in percentages\n|clearpoke\n|poke|p1|Zapdos|\n|poke|p1|Cresselia, F|\n|poke|p1|Quaquaval, F|\n|poke|p1|Torterra, F|\n|poke|p1|Scream Tail|\n|poke|p1|Chi-Yu|\n|poke|p2|Haxorus, M|\n|poke|p2|Iron Bundle|\n|poke|p2|Iron Hands|\n|poke|p2|Kingambit, M|\n|poke|p2|Azelf|\n|poke|p2|Mudsdale, M|\n|teampreview\n|\n|t:|1701034323\n|start\n|switch|p1a: Cresselia|Cresselia, F, shiny|100\/100\n|switch|p2a: Horse|Mudsdale, M, shiny|100\/100\n|turn|1\n|\n|t:|1701034331\n|move|p1a: Cresselia|Calm Mind|p1a: Cresselia\n|-boost|p1a: Cresselia|spa|1\n|-boost|p1a: Cresselia|spd|1\n|move|p2a: Horse|Smack Down|p1a: Cresselia\n|-damage|p1a: Cresselia|90\/100\n|-start|p1a: Cresselia|Smack Down\n|\n|-heal|p1a: Cresselia|96\/100|[from] item: Leftovers\n|upkeep\n|turn|2\n|\n|t:|1701034343\n|move|p1a: Cresselia|Calm Mind|p1a: Cresselia\n|-boost|p1a: Cresselia|spa|1\n|-boost|p1a: Cresselia|spd|1\n|move|p2a: Horse|Earthquake|p1a: Cresselia\n|-damage|p1a: Cresselia|68\/100\n|\n|-heal|p1a: Cresselia|74\/100|[from] item: Leftovers\n|upkeep\n|turn|3\n|\n|t:|1701034352\n|move|p1a: Cresselia|Calm Mind|p1a: Cresselia\n|-boost|p1a: Cresselia|spa|1\n|-boost|p1a: Cresselia|spd|1\n|move|p2a: Horse|Earthquake|p1a: Cresselia\n|-damage|p1a: Cresselia|47\/100\n|\n|-heal|p1a: Cresselia|53\/100|[from] item: Leftovers\n|upkeep\n|turn|4\n|\n|t:|1701034359\n|move|p1a: Cresselia|Moonlight|p1a: Cresselia\n|-heal|p1a: Cresselia|100\/100\n|move|p2a: Horse|Earthquake|p1a: Cresselia\n|-damage|p1a: Cresselia|70\/100\n|\n|-heal|p1a: Cresselia|76\/100|[from] item: Leftovers\n|upkeep\n|turn|5\n|\n|t:|1701034367\n|move|p1a: Cresselia|Calm Mind|p1a: Cresselia\n|-boost|p1a: Cresselia|spa|1\n|-boost|p1a: Cresselia|spd|1\n|move|p2a: Horse|Earthquake|p1a: Cresselia\n|-damage|p1a: Cresselia|46\/100\n|\n|-heal|p1a: Cresselia|52\/100|[from] item: Leftovers\n|upkeep\n|turn|6\n|\n|t:|1701034374\n|move|p1a: Cresselia|Moonlight|p1a: Cresselia\n|-heal|p1a: Cresselia|100\/100\n|move|p2a: Horse|Earthquake|p1a: Cresselia\n|-damage|p1a: Cresselia|72\/100\n|\n|-heal|p1a: Cresselia|78\/100|[from] item: Leftovers\n|upkeep\n|turn|7\n|\n|t:|1701034385\n|switch|p2a: FastAsFuckBoy|Azelf, shiny|100\/100\n|move|p1a: Cresselia|Psychic|p2a: FastAsFuckBoy\n|-resisted|p2a: FastAsFuckBoy\n|-damage|p2a: FastAsFuckBoy|16\/100\n|\n|-heal|p1a: Cresselia|84\/100|[from] item: Leftovers\n|upkeep\n|turn|8\n|\n|t:|1701034396\n|move|p2a: FastAsFuckBoy|Shadow Ball|p1a: Cresselia\n|-supereffective|p1a: Cresselia\n|-damage|p1a: Cresselia|67\/100\n|-damage|p2a: FastAsFuckBoy|6\/100|[from] item: Life Orb\n|move|p1a: Cresselia|Moonblast|p2a: FastAsFuckBoy\n|-damage|p2a: FastAsFuckBoy|0 fnt\n|faint|p2a: FastAsFuckBoy\n|\n|-heal|p1a: Cresselia|73\/100|[from] item: Leftovers\n|upkeep\n|\n|t:|1701034426\n|switch|p2a: Horse|Mudsdale, M, shiny|100\/100\n|turn|9\n|\n|t:|1701034431\n|move|p1a: Cresselia|Psychic|p2a: Horse\n|-damage|p2a: Horse|26\/100\n|-ability|p2a: Horse|Stamina|boost\n|-boost|p2a: Horse|def|1\n|move|p2a: Horse|Earthquake|p1a: Cresselia\n|-damage|p1a: Cresselia|43\/100\n|\n|-heal|p1a: Cresselia|49\/100|[from] item: Leftovers\n|upkeep\n|turn|10\n|\n|t:|1701034453\n|move|p1a: Cresselia|Moonlight|p1a: Cresselia\n|-heal|p1a: Cresselia|99\/100\n|move|p2a: Horse|Earthquake|p1a: Cresselia\n|-damage|p1a: Cresselia|72\/100\n|\n|-heal|p1a: Cresselia|78\/100|[from] item: Leftovers\n|upkeep\n|turn|11\n|\n|t:|1701034500\n|move|p1a: Cresselia|Psychic|p2a: Horse\n|-damage|p2a: Horse|0 fnt\n|faint|p2a: Horse\n|\n|-heal|p1a: Cresselia|84\/100|[from] item: Leftovers\n|upkeep\n|\n|t:|1701034509\n|switch|p2a: Da King|Kingambit, M, shiny|100\/100\n|-activate|p2a: Da King|ability: Supreme Overlord\n|-start|p2a: Da King|fallen2|[silent]\n|turn|12\n|\n|t:|1701034517\n|move|p2a: Da King|Sucker Punch|p1a: Cresselia\n|-supereffective|p1a: Cresselia\n|-crit|p1a: Cresselia\n|-damage|p1a: Cresselia|0 fnt\n|faint|p1a: Cresselia\n|-damage|p2a: Da King|91\/100|[from] item: Life Orb\n|\n|upkeep\n|\n|t:|1701034524\n|switch|p1a: Quaquaval|Quaquaval, F|100\/100\n|turn|13\n|\n|t:|1701034528\n|-end|p2a: Da King|fallen2|[silent]\n|switch|p2a: CatchDeezHands|Iron Hands, shiny|100\/100\n|-enditem|p2a: CatchDeezHands|Booster Energy\n|-activate|p2a: CatchDeezHands|ability: Quark Drive|[fromitem]\n|-start|p2a: CatchDeezHands|quarkdriveatk\n|move|p1a: Quaquaval|Close Combat|p2a: CatchDeezHands\n|-damage|p2a: CatchDeezHands|74\/100\n|-unboost|p1a: Quaquaval|def|1\n|-unboost|p1a: Quaquaval|spd|1\n|\n|upkeep\n|turn|14\n|\n|t:|1701034538\n|switch|p1a: Torterra|Torterra, F|100\/100\n|move|p2a: CatchDeezHands|Thunder Punch|p1a: Torterra\n|-immune|p1a: Torterra\n|\n|upkeep\n|turn|15\n|\n|t:|1701034552\n|-end|p2a: CatchDeezHands|Quark Drive|[silent]\n|switch|p2a: Axcaliber|Haxorus, M, shiny|100\/100\n|-terastallize|p1a: Torterra|Water\n|move|p1a: Torterra|Shell Smash|p1a: Torterra\n|-unboost|p1a: Torterra|def|1\n|-unboost|p1a: Torterra|spd|1\n|-boost|p1a: Torterra|atk|2\n|-boost|p1a: Torterra|spa|2\n|-boost|p1a: Torterra|spe|2\n|-enditem|p1a: Torterra|White Herb\n|-clearnegativeboost|p1a: Torterra|[silent]\n|\n|upkeep\n|turn|16\n|\n|t:|1701034569\n|move|p1a: Torterra|Headlong Rush|p2a: Axcaliber\n|-damage|p2a: Axcaliber|0 fnt\n|-unboost|p1a: Torterra|def|1\n|-unboost|p1a: Torterra|spd|1\n|faint|p2a: Axcaliber\n|\n|upkeep\n|\n|t:|1701034577\n|switch|p2a: Pengguinooo|Iron Bundle|100\/100\n|-enditem|p2a: Pengguinooo|Booster Energy\n|-activate|p2a: Pengguinooo|ability: Quark Drive|[fromitem]\n|-start|p2a: Pengguinooo|quarkdrivespe\n|turn|17\n|\n|t:|1701034588\n|move|p2a: Pengguinooo|Hydro Pump|p1a: Torterra\n|-resisted|p1a: Torterra\n|-damage|p1a: Torterra|49\/100\n|move|p1a: Torterra|Seed Bomb|p2a: Pengguinooo\n|-supereffective|p2a: Pengguinooo\n|-damage|p2a: Pengguinooo|0 fnt\n|faint|p2a: Pengguinooo\n|-end|p2a: Pengguinooo|Quark Drive|[silent]\n|\n|upkeep\n|\n|t:|1701034598\n|switch|p2a: CatchDeezHands|Iron Hands, shiny|74\/100\n|turn|18\n|\n|t:|1701034603\n|move|p1a: Torterra|Headlong Rush|p2a: CatchDeezHands\n|-supereffective|p2a: CatchDeezHands\n|-damage|p2a: CatchDeezHands|0 fnt\n|-unboost|p1a: Torterra|def|1\n|-unboost|p1a: Torterra|spd|1\n|faint|p2a: CatchDeezHands\n|-end|p2a: CatchDeezHands|Quark Drive|[silent]\n|\n|upkeep\n|\n|t:|1701034609\n|switch|p2a: Da King|Kingambit, M, shiny|91\/100\n|-activate|p2a: Da King|ability: Supreme Overlord\n|-start|p2a: Da King|fallen5|[silent]\n|turn|19\n|\n|t:|1701034613\n|move|p2a: Da King|Sucker Punch|p1a: Torterra\n|-damage|p1a: Torterra|0 fnt\n|faint|p1a: Torterra\n|-damage|p2a: Da King|81\/100|[from] item: Life Orb\n|\n|upkeep\n|\n|t:|1701034617\n|switch|p1a: Chi-Yu|Chi-Yu|100\/100\n|-ability|p1a: Chi-Yu|Beads of Ruin\n|turn|20\n|\n|t:|1701034624\n|move|p2a: Da King|Sucker Punch|p1a: Chi-Yu\n|-resisted|p1a: Chi-Yu\n|-damage|p1a: Chi-Yu|34\/100\n|-damage|p2a: Da King|71\/100|[from] item: Life Orb\n|move|p1a: Chi-Yu|Flamethrower|p2a: Da King\n|-supereffective|p2a: Da King\n|-damage|p2a: Da King|0 fnt\n|faint|p2a: Da King\n|-end|p2a: Da King|fallen5|[silent]\n|\n|win|GoldDragon130\n","uploadtime":1701034628,"views":2,"p1id":"golddragon130","p2id":"shigoo","formatid":"gen9ubers","rating":0,"private":0,"password":""}