{"id":"gen9ubers-1979060085","p1":"Vazquez 2.0","p2":"XpokVEVO","format":"[Gen 9] Ubers","log":"|j|\u2606Vazquez 2.0\n|j|\u2606XpokVEVO\n|t:|1698627069\n|gametype|singles\n|player|p1|Vazquez 2.0|gardenia|\n|player|p2|XpokVEVO|mustard|\n|teamsize|p1|6\n|teamsize|p2|6\n|gen|9\n|tier|[Gen 9] Ubers\n|rule|Sleep Clause Mod: Limit one foe put to sleep\n|rule|Species Clause: Limit one of each Pok\u00e9mon\n|rule|OHKO Clause: OHKO moves are banned\n|rule|Evasion Items Clause: Evasion items are banned\n|rule|Evasion Moves Clause: Evasion moves are banned\n|rule|Endless Battle Clause: Forcing endless battles is banned\n|rule|HP Percentage Mod: HP is shown in percentages\n|clearpoke\n|poke|p1|Zacian-*|\n|poke|p1|Gliscor, M|\n|poke|p1|Magearna|\n|poke|p1|Volcanion|\n|poke|p1|Cyclizar, M|\n|poke|p1|Arceus-Grass|\n|poke|p2|Arceus-Fire|\n|poke|p2|Cyclizar, F|\n|poke|p2|Espathra, F|\n|poke|p2|Pelipper, F|\n|poke|p2|Basculegion-F, F|\n|poke|p2|Ursaluna-Bloodmoon, M|\n|teampreview\n|inactive|Battle timer is ON: inactive players will automatically lose when time's up. (requested by XpokVEVO)\n|c|\u2606Vazquez 2.0|glhf\n|c|\u2606XpokVEVO|glhf\n|\n|t:|1698627087\n|start\n|switch|p1a: Gliscor|Gliscor, M|100\/100\n|switch|p2a: Cyclizar|Cyclizar, F|100\/100\n|turn|1\n|\n|t:|1698627099\n|move|p2a: Cyclizar|Taunt|p1a: Gliscor\n|-start|p1a: Gliscor|move: Taunt\n|move|p1a: Gliscor|U-turn|p2a: Cyclizar\n|-damage|p2a: Cyclizar|80\/100\n|c|\u2606XpokVEVO|damn iot\n|c|\u2606XpokVEVO|shouldve knockoffed\n|\n|t:|1698627113\n|switch|p1a: Zacian|Zacian|100\/100|[from] U-turn\n|-ability|p1a: Zacian|Intrepid Sword|boost\n|-boost|p1a: Zacian|atk|1\n|\n|upkeep\n|turn|2\n|\n|t:|1698627119\n|move|p1a: Zacian|Swords Dance|p1a: Zacian\n|-boost|p1a: Zacian|atk|2\n|move|p2a: Cyclizar|Shed Tail|p2a: Cyclizar\n|-start|p2a: Cyclizar|Substitute|[from] move: Shed Tail\n|-damage|p2a: Cyclizar|30\/100\n|\n|t:|1698627122\n|switch|p2a: Arceus|Arceus-Fire, shiny|100\/100|[from] Shed Tail\n|\n|upkeep\n|turn|3\n|inactive|Vazquez 2.0 has 270 seconds left.\n|\n|t:|1698627166\n|move|p1a: Zacian|Tera Blast|p2a: Arceus\n|-activate|p2a: Arceus|move: Substitute|[damage]\n|move|p2a: Arceus|Dragon Dance|p2a: Arceus\n|-boost|p2a: Arceus|atk|1\n|-boost|p2a: Arceus|spe|1\n|\n|upkeep\n|turn|4\n|c|\u2606XpokVEVO|what?\n|c|\u2606XpokVEVO|did you just lose yourself the game?\n|\n|t:|1698627182\n|-terastallize|p2a: Arceus|Fairy\n|move|p2a: Arceus|Dragon Dance|p2a: Arceus\n|-boost|p2a: Arceus|atk|1\n|-boost|p2a: Arceus|spe|1\n|move|p1a: Zacian|Tera Blast|p2a: Arceus\n|-activate|p2a: Arceus|move: Substitute|[damage]\n|\n|upkeep\n|turn|5\n|c|\u2606XpokVEVO|ok\n|c|\u2606Vazquez 2.0|how\n|c|\u2606XpokVEVO|gg\n|c|\u2606XpokVEVO|because its arceus dude\n|\n|t:|1698627205\n|switch|p1a: Gliscor|Gliscor, M|100\/100\n|move|p2a: Arceus|Flare Blitz|p1a: Gliscor\n|-damage|p1a: Gliscor|10\/100\n|-damage|p2a: Arceus|73\/100|[from] Recoil\n|\n|-status|p1a: Gliscor|tox|[from] item: Toxic Orb\n|upkeep\n|turn|6\n|\n|t:|1698627217\n|move|p2a: Arceus|Tera Blast|p1a: Gliscor|[anim] Tera Blast Fairy\n|-damage|p1a: Gliscor|0 fnt\n|faint|p1a: Gliscor\n|\n|upkeep\n|\n|t:|1698627221\n|switch|p1a: Volcanion|Volcanion|100\/100\n|turn|7\n|\n|t:|1698627222\n|move|p2a: Arceus|Tera Blast|p1a: Volcanion|[anim] Tera Blast Fairy\n|-resisted|p1a: Volcanion\n|-damage|p1a: Volcanion|70\/100\n|move|p1a: Volcanion|Roar|p2a: Arceus\n|drag|p2a: Pelipper|Pelipper, F, shiny|100\/100\n|-weather|RainDance|[from] ability: Drizzle|[of] p2a: Pelipper\n|\n|-weather|RainDance|[upkeep]\n|upkeep\n|turn|8\n|c|\u2606XpokVEVO|oh\n|c|\u2606XpokVEVO|thank god you have phazing\n|\n|t:|1698627233\n|switch|p1a: Magearna|Magearna|100\/100\n|move|p2a: Pelipper|Knock Off|p1a: Magearna\n|-resisted|p1a: Magearna\n|-damage|p1a: Magearna|97\/100\n|-enditem|p1a: Magearna|Leftovers|[from] move: Knock Off|[of] p2a: Pelipper\n|\n|-weather|RainDance|[upkeep]\n|upkeep\n|turn|9\n|\n|t:|1698627240\n|switch|p2a: Ursaluna|Ursaluna-Bloodmoon, M|100\/100\n|move|p1a: Magearna|Spikes|p2a: Ursaluna\n|-sidestart|p2: XpokVEVO|Spikes\n|\n|-weather|RainDance|[upkeep]\n|upkeep\n|turn|10\n|\n|t:|1698627243\n|switch|p1a: Arceus|Arceus-Grass|100\/100\n|move|p2a: Ursaluna|Calm Mind|p2a: Ursaluna\n|-boost|p2a: Ursaluna|spa|1\n|-boost|p2a: Ursaluna|spd|1\n|\n|-weather|RainDance|[upkeep]\n|upkeep\n|turn|11\n|\n|t:|1698627248\n|move|p1a: Arceus|Calm Mind|p1a: Arceus\n|-boost|p1a: Arceus|spa|1\n|-boost|p1a: Arceus|spd|1\n|move|p2a: Ursaluna|Blood Moon|p1a: Arceus\n|-damage|p1a: Arceus|42\/100\n|\n|-weather|none\n|upkeep\n|turn|12\n|\n|t:|1698627253\n|move|p1a: Arceus|Recover|p1a: Arceus\n|-heal|p1a: Arceus|92\/100\n|move|p2a: Ursaluna|Body Press|p1a: Arceus\n|-damage|p1a: Arceus|78\/100\n|\n|upkeep\n|turn|13\n|\n|t:|1698627257\n|move|p1a: Arceus|Calm Mind|p1a: Arceus\n|-boost|p1a: Arceus|spa|1\n|-boost|p1a: Arceus|spd|1\n|move|p2a: Ursaluna|Calm Mind|p2a: Ursaluna\n|-boost|p2a: Ursaluna|spa|1\n|-boost|p2a: Ursaluna|spd|1\n|\n|upkeep\n|turn|14\n|\n|t:|1698627260\n|move|p1a: Arceus|Judgment|p2a: Ursaluna\n|-supereffective|p2a: Ursaluna\n|-damage|p2a: Ursaluna|0 fnt\n|faint|p2a: Ursaluna\n|\n|upkeep\n|\n|t:|1698627264\n|switch|p2a: Arceus|Arceus-Fire, shiny, tera:Fairy|73\/100\n|-damage|p2a: Arceus|61\/100|[from] Spikes\n|turn|15\n|\n|t:|1698627269\n|switch|p1a: Volcanion|Volcanion|70\/100\n|move|p2a: Arceus|Roar|p1a: Volcanion\n|drag|p1a: Cyclizar|Cyclizar, M|100\/100\n|\n|upkeep\n|turn|16\n|\n|t:|1698627275\n|move|p1a: Cyclizar|Shed Tail|p1a: Cyclizar\n|-start|p1a: Cyclizar|Substitute|[from] move: Shed Tail\n|-damage|p1a: Cyclizar|50\/100\n|\n|t:|1698627280\n|switch|p1a: Volcanion|Volcanion|70\/100|[from] Shed Tail\n|move|p2a: Arceus|Tera Blast|p1a: Volcanion|[anim] Tera Blast Fairy\n|-resisted|p1a: Volcanion\n|-activate|p1a: Volcanion|move: Substitute|[damage]\n|\n|upkeep\n|turn|17\n|\n|t:|1698627284\n|move|p2a: Arceus|Tera Blast|p1a: Volcanion|[anim] Tera Blast Fairy\n|-resisted|p1a: Volcanion\n|-end|p1a: Volcanion|Substitute\n|move|p1a: Volcanion|Steam Eruption|p2a: Arceus\n|-damage|p2a: Arceus|21\/100\n|\n|upkeep\n|turn|18\n|\n|t:|1698627287\n|move|p2a: Arceus|Flare Blitz|p1a: Volcanion\n|-resisted|p1a: Volcanion\n|-damage|p1a: Volcanion|55\/100\n|-damage|p2a: Arceus|16\/100|[from] Recoil\n|move|p1a: Volcanion|Steam Eruption|p2a: Arceus\n|-damage|p2a: Arceus|0 fnt\n|faint|p2a: Arceus\n|\n|upkeep\n|\n|t:|1698627291\n|switch|p2a: Cyclizar|Cyclizar, F|63\/100\n|turn|19\n|\n|t:|1698627294\n|move|p2a: Cyclizar|Rapid Spin|p1a: Volcanion\n|-damage|p1a: Volcanion|41\/100\n|-boost|p2a: Cyclizar|spe|1\n|-sideend|p2: XpokVEVO|Spikes|[from] move: Rapid Spin|[of] p2a: Cyclizar\n|move|p1a: Volcanion|Roar|p2a: Cyclizar\n|drag|p2a: Espathra|Espathra, F|100\/100\n|\n|upkeep\n|turn|20\n|\n|t:|1698627297\n|move|p2a: Espathra|Protect|p2a: Espathra\n|-singleturn|p2a: Espathra|Protect\n|move|p1a: Volcanion|Taunt|p2a: Espathra\n|-activate|p2a: Espathra|move: Protect\n|\n|-ability|p2a: Espathra|Speed Boost|boost\n|-boost|p2a: Espathra|spe|1\n|upkeep\n|turn|21\n|\n|t:|1698627302\n|move|p2a: Espathra|Calm Mind|p2a: Espathra\n|-boost|p2a: Espathra|spa|1\n|-boost|p2a: Espathra|spd|1\n|move|p1a: Volcanion|Taunt|p2a: Espathra\n|-start|p2a: Espathra|move: Taunt\n|\n|-ability|p2a: Espathra|Speed Boost|boost\n|-boost|p2a: Espathra|spe|1\n|upkeep\n|turn|22\n|\n|t:|1698627304\n|switch|p1a: Magearna|Magearna|97\/100\n|move|p2a: Espathra|Stored Power|p1a: Magearna\n|-resisted|p1a: Magearna\n|-damage|p1a: Magearna|66\/100\n|\n|-ability|p2a: Espathra|Speed Boost|boost\n|-boost|p2a: Espathra|spe|1\n|upkeep\n|turn|23\n|\n|t:|1698627307\n|move|p2a: Espathra|Stored Power|p1a: Magearna\n|-resisted|p1a: Magearna\n|-damage|p1a: Magearna|30\/100\n|move|p1a: Magearna|Thunder Wave|p2a: Espathra\n|-status|p2a: Espathra|par\n|\n|-ability|p2a: Espathra|Speed Boost|boost\n|-boost|p2a: Espathra|spe|1\n|upkeep\n|turn|24\n|\n|t:|1698627311\n|move|p2a: Espathra|Stored Power|p1a: Magearna\n|-resisted|p1a: Magearna\n|-damage|p1a: Magearna|0 fnt\n|faint|p1a: Magearna\n|\n|-end|p2a: Espathra|move: Taunt\n|-ability|p2a: Espathra|Speed Boost|boost\n|-boost|p2a: Espathra|spe|1\n|upkeep\n|\n|t:|1698627313\n|switch|p1a: Volcanion|Volcanion|41\/100\n|turn|25\n|\n|t:|1698627317\n|cant|p2a: Espathra|par\n|move|p1a: Volcanion|Roar|p2a: Espathra\n|drag|p2a: Basculegion|Basculegion-F, F, shiny|100\/100\n|\n|upkeep\n|turn|26\n|\n|t:|1698627328\n|-terastallize|p1a: Volcanion|Normal\n|move|p2a: Basculegion|Last Respects|p1a: Volcanion\n|-immune|p1a: Volcanion\n|move|p1a: Volcanion|Steam Eruption|p2a: Basculegion\n|-resisted|p2a: Basculegion\n|-damage|p2a: Basculegion|71\/100\n|\n|upkeep\n|turn|27\n|c|\u2606XpokVEVO|WAHHT\n|c|\u2606XpokVEVO|LMAOOO\n|c|\u2606Vazquez 2.0|beat that\n|inactive|XpokVEVO has 270 seconds left.\n|\n|t:|1698627376\n|switch|p2a: Cyclizar|Cyclizar, F|96\/100\n|move|p1a: Volcanion|Steam Eruption|p2a: Cyclizar\n|-resisted|p2a: Cyclizar\n|-damage|p2a: Cyclizar|60\/100\n|-status|p2a: Cyclizar|brn\n|\n|-damage|p2a: Cyclizar|53\/100 brn|[from] brn\n|upkeep\n|turn|28\n|\n|t:|1698627389\n|move|p2a: Cyclizar|Shed Tail|p2a: Cyclizar\n|-start|p2a: Cyclizar|Substitute|[from] move: Shed Tail\n|-damage|p2a: Cyclizar|3\/100 brn\n|\n|t:|1698627406\n|switch|p2a: Espathra|Espathra, F|100\/100 par|[from] Shed Tail\n|move|p1a: Volcanion|Roar|p2a: Espathra\n|drag|p2a: Cyclizar|Cyclizar, F|37\/100 brn\n|\n|-damage|p2a: Cyclizar|30\/100 brn|[from] brn\n|upkeep\n|turn|29\n|\n|t:|1698627418\n|move|p2a: Cyclizar|Knock Off|p1a: Volcanion\n|-damage|p1a: Volcanion|32\/100\n|-enditem|p1a: Volcanion|Heavy-Duty Boots|[from] move: Knock Off|[of] p2a: Cyclizar\n|move|p1a: Volcanion|Steam Eruption|p2a: Cyclizar\n|-resisted|p2a: Cyclizar\n|-damage|p2a: Cyclizar|0 fnt\n|faint|p2a: Cyclizar\n|\n|upkeep\n|\n|t:|1698627421\n|switch|p2a: Pelipper|Pelipper, F, shiny|100\/100\n|-weather|RainDance|[from] ability: Drizzle|[of] p2a: Pelipper\n|turn|30\n|\n|t:|1698627437\n|switch|p1a: Arceus|Arceus-Grass|78\/100\n|move|p2a: Pelipper|Tailwind|p2a: Pelipper\n|-sidestart|p2: XpokVEVO|move: Tailwind\n|\n|-weather|RainDance|[upkeep]\n|upkeep\n|turn|31\n|\n|t:|1698627447\n|move|p1a: Arceus|Judgment|p2a: Pelipper\n|-damage|p2a: Pelipper|51\/100\n|move|p2a: Pelipper|Hurricane|p1a: Arceus\n|-supereffective|p1a: Arceus\n|-damage|p1a: Arceus|29\/100\n|\n|-weather|RainDance|[upkeep]\n|upkeep\n|turn|32\n|\n|t:|1698627456\n|move|p1a: Arceus|Judgment|p2a: Pelipper\n|-damage|p2a: Pelipper|3\/100\n|move|p2a: Pelipper|Hurricane|p1a: Arceus\n|-supereffective|p1a: Arceus\n|-damage|p1a: Arceus|0 fnt\n|faint|p1a: Arceus\n|\n|-weather|RainDance|[upkeep]\n|upkeep\n|\n|t:|1698627459\n|switch|p1a: Zacian|Zacian|100\/100\n|turn|33\n|\n|t:|1698627460\n|move|p1a: Zacian|Play Rough|p2a: Pelipper\n|-crit|p2a: Pelipper\n|-damage|p2a: Pelipper|0 fnt\n|faint|p2a: Pelipper\n|\n|-weather|RainDance|[upkeep]\n|-sideend|p2: XpokVEVO|move: Tailwind\n|upkeep\n|\n|t:|1698627462\n|switch|p2a: Basculegion|Basculegion-F, F, shiny|71\/100\n|turn|34\n|\n|t:|1698627468\n|switch|p2a: Espathra|Espathra, F|100\/100 par\n|switch|p1a: Volcanion|Volcanion, tera:Normal|32\/100\n|\n|-weather|none\n|upkeep\n|turn|35\n|\n|t:|1698627476\n|switch|p1a: Zacian|Zacian|100\/100\n|move|p2a: Espathra|Calm Mind|p2a: Espathra\n|-boost|p2a: Espathra|spa|1\n|-boost|p2a: Espathra|spd|1\n|\n|-ability|p2a: Espathra|Speed Boost|boost\n|-boost|p2a: Espathra|spe|1\n|upkeep\n|turn|36\n|\n|t:|1698627479\n|cant|p2a: Espathra|par\n|move|p1a: Zacian|Play Rough|p2a: Espathra|[miss]\n|-miss|p1a: Zacian|p2a: Espathra\n|\n|-ability|p2a: Espathra|Speed Boost|boost\n|-boost|p2a: Espathra|spe|1\n|upkeep\n|turn|37\n|\n|t:|1698627490\n|cant|p2a: Espathra|par\n|move|p1a: Zacian|Swords Dance|p1a: Zacian\n|-boost|p1a: Zacian|atk|2\n|\n|-ability|p2a: Espathra|Speed Boost|boost\n|-boost|p2a: Espathra|spe|1\n|upkeep\n|turn|38\n|\n|t:|1698627494\n|move|p2a: Espathra|Protect|p2a: Espathra\n|-singleturn|p2a: Espathra|Protect\n|move|p1a: Zacian|Play Rough|p2a: Espathra\n|-activate|p2a: Espathra|move: Protect\n|\n|-ability|p2a: Espathra|Speed Boost|boost\n|-boost|p2a: Espathra|spe|1\n|upkeep\n|turn|39\n|c|\u2606XpokVEVO|ITS A 12.5 CHANCE...\n|c|\u2606XpokVEVO|YOU CAN DO IT ESPATHRA\n|\n|t:|1698627506\n|move|p2a: Espathra|Stored Power|p1a: Zacian\n|-damage|p1a: Zacian|2\/100\n|move|p1a: Zacian|Play Rough|p2a: Espathra|[miss]\n|-miss|p1a: Zacian|p2a: Espathra\n|\n|-ability|p2a: Espathra|Speed Boost|boost\n|-boost|p2a: Espathra|spe|1\n|upkeep\n|turn|40\n|c|\u2606XpokVEVO|ROASOAJIJFGDJPDJGPODFJGDRJHRE\n|c|\u2606Vazquez 2.0|WHYYYYY\n|c|\u2606Vazquez 2.0|PARA PLEASE\n|inactive|XpokVEVO has 270 seconds left.\n|\n|t:|1698627559\n|cant|p2a: Espathra|par\n|move|p1a: Zacian|Play Rough|p2a: Espathra\n|-enditem|p2a: Espathra|Focus Sash\n|-damage|p2a: Espathra|1\/100 par\n|\n|-ability|p2a: Espathra|Speed Boost|boost\n|-boost|p2a: Espathra|spe|1\n|upkeep\n|turn|41\n|\n|t:|1698627566\n|move|p2a: Espathra|Stored Power|p1a: Zacian\n|-damage|p1a: Zacian|0 fnt\n|faint|p1a: Zacian\n|\n|upkeep\n|\n|t:|1698627568\n|switch|p1a: Cyclizar|Cyclizar, M|84\/100\n|turn|42\n|inactive|XpokVEVO has 270 seconds left.\n|\n|t:|1698627575\n|move|p2a: Espathra|Stored Power|p1a: Cyclizar\n|-damage|p1a: Cyclizar|0 fnt\n|faint|p1a: Cyclizar\n|\n|upkeep\n|\n|t:|1698627577\n|switch|p1a: Volcanion|Volcanion, tera:Normal|32\/100\n|turn|43\n|\n|t:|1698627581\n|move|p2a: Espathra|Stored Power|p1a: Volcanion\n|-damage|p1a: Volcanion|0 fnt\n|faint|p1a: Volcanion\n|\n|win|XpokVEVO\n|c|\u2606XpokVEVO|ESPATHRA\n|c|\u2606Vazquez 2.0|this game\n|c|\u2606XpokVEVO|SWEEEEEEEEEEEEEEEEEEEEEEEEEEEEEP\n|l|\u2606XpokVEVO\n|c|\u2606Vazquez 2.0|run it back\n","uploadtime":1698627650,"views":18,"p1id":"vazquez20","p2id":"xpokvevo","formatid":"gen9ubers","rating":0,"private":0,"password":""}