{"id":"gen9ubers-1982176701","p1":"ChiefBlueScreen","p2":"Yardrok","format":"[Gen 9] Ubers","log":"|j|\u2606ChiefBlueScreen\n|j|\u2606Yardrok\n|t:|1698975853\n|gametype|singles\n|player|p1|ChiefBlueScreen|scientist-gen4dp|\n|player|p2|Yardrok|doctor|\n|teamsize|p1|6\n|teamsize|p2|6\n|gen|9\n|tier|[Gen 9] Ubers\n|rule|Sleep Clause Mod: Limit one foe put to sleep\n|rule|Species Clause: Limit one of each Pok\u00e9mon\n|rule|OHKO Clause: OHKO moves are banned\n|rule|Evasion Items Clause: Evasion items are banned\n|rule|Evasion Moves Clause: Evasion moves are banned\n|rule|Endless Battle Clause: Forcing endless battles is banned\n|rule|HP Percentage Mod: HP is shown in percentages\n|clearpoke\n|poke|p1|Roaring Moon|\n|poke|p1|Jumpluff, F|\n|poke|p1|Great Tusk|\n|poke|p1|Shiftry, F|\n|poke|p1|Azumarill, F|\n|poke|p1|Infernape, M|\n|poke|p2|Samurott-Hisui, M|\n|poke|p2|Muk, M|\n|poke|p2|Golduck, F|\n|poke|p2|Pelipper, F|\n|poke|p2|Electrode-Hisui|\n|poke|p2|Gliscor, M|\n|teampreview\n|\n|t:|1698975860\n|start\n|switch|p1a: Azumarill|Azumarill, F|100\/100\n|switch|p2a: Electrode|Electrode-Hisui|100\/100\n|turn|1\n|\n|t:|1698975874\n|move|p2a: Electrode|Volt Switch|p1a: Azumarill\n|-supereffective|p1a: Azumarill\n|-damage|p1a: Azumarill|49\/100\n|-enditem|p1a: Azumarill|Sitrus Berry|[eat]\n|-heal|p1a: Azumarill|74\/100|[from] item: Sitrus Berry\n|\n|t:|1698975886\n|switch|p2a: Pelipper|Pelipper, F|100\/100|[from] Volt Switch\n|-weather|RainDance|[from] ability: Drizzle|[of] p2a: Pelipper\n|move|p1a: Azumarill|Ice Spinner|p2a: Pelipper\n|-damage|p2a: Pelipper|72\/100\n|\n|-weather|RainDance|[upkeep]\n|upkeep\n|turn|2\n|j| LiquidPlazmid77\n|\n|t:|1698975908\n|move|p2a: Pelipper|Hurricane|p1a: Azumarill\n|-damage|p1a: Azumarill|40\/100\n|move|p1a: Azumarill|Play Rough|p2a: Pelipper\n|-damage|p2a: Pelipper|30\/100\n|\n|-weather|RainDance|[upkeep]\n|upkeep\n|turn|3\n|\n|t:|1698975917\n|move|p2a: Pelipper|Roost|p2a: Pelipper\n|-heal|p2a: Pelipper|80\/100\n|-singleturn|p2a: Pelipper|move: Roost\n|move|p1a: Azumarill|Play Rough|p2a: Pelipper\n|-damage|p2a: Pelipper|39\/100\n|\n|-weather|RainDance|[upkeep]\n|upkeep\n|turn|4\n|\n|t:|1698975926\n|move|p2a: Pelipper|Hurricane|p1a: Azumarill\n|-damage|p1a: Azumarill|2\/100\n|move|p1a: Azumarill|Play Rough|p2a: Pelipper\n|-crit|p2a: Pelipper\n|-damage|p2a: Pelipper|0 fnt\n|faint|p2a: Pelipper\n|\n|-weather|RainDance|[upkeep]\n|upkeep\n|l| LiquidPlazmid77\n|\n|t:|1698975937\n|switch|p2a: Electrode|Electrode-Hisui|100\/100\n|turn|5\n|\n|t:|1698975946\n|switch|p1a: Quad City DJ|Great Tusk|100\/100\n|-enditem|p1a: Quad City DJ|Booster Energy\n|-activate|p1a: Quad City DJ|ability: Protosynthesis|[fromitem]\n|-start|p1a: Quad City DJ|protosynthesisatk\n|move|p2a: Electrode|Tera Blast|p1a: Quad City DJ\n|-damage|p1a: Quad City DJ|72\/100\n|\n|-weather|none\n|upkeep\n|turn|6\n|\n|t:|1698975966\n|switch|p2a: Golduck|Golduck, F|100\/100\n|move|p1a: Quad City DJ|Earthquake|p2a: Golduck\n|-damage|p2a: Golduck|4\/100\n|\n|upkeep\n|turn|7\n|\n|t:|1698975976\n|move|p1a: Quad City DJ|Rapid Spin|p2a: Golduck\n|-crit|p2a: Golduck\n|-damage|p2a: Golduck|0 fnt\n|-boost|p1a: Quad City DJ|spe|1\n|faint|p2a: Golduck\n|\n|upkeep\n|\n|t:|1698975980\n|switch|p2a: Samurott|Samurott-Hisui, M|100\/100\n|turn|8\n|\n|t:|1698975983\n|move|p1a: Quad City DJ|Close Combat|p2a: Samurott\n|-supereffective|p2a: Samurott\n|-enditem|p2a: Samurott|Focus Sash\n|-damage|p2a: Samurott|1\/100\n|-unboost|p1a: Quad City DJ|def|1\n|-unboost|p1a: Quad City DJ|spd|1\n|move|p2a: Samurott|Aqua Cutter|p1a: Quad City DJ\n|-supereffective|p1a: Quad City DJ\n|-damage|p1a: Quad City DJ|0 fnt\n|faint|p1a: Quad City DJ\n|-end|p1a: Quad City DJ|Protosynthesis|[silent]\n|\n|upkeep\n|\n|t:|1698976001\n|switch|p1a: Burn it Up|Infernape, M, shiny|100\/100\n|turn|9\n|\n|t:|1698976013\n|switch|p2a: Muk|Muk, M|100\/100\n|move|p1a: Burn it Up|U-turn|p2a: Muk\n|-resisted|p2a: Muk\n|-damage|p2a: Muk|89\/100\n|\n|t:|1698976038\n|switch|p1a: Thank you Ma'am|Jumpluff, F, shiny|100\/100|[from] U-turn\n|\n|upkeep\n|turn|10\n|\n|t:|1698976045\n|move|p1a: Thank you Ma'am|Substitute|p1a: Thank you Ma'am\n|-start|p1a: Thank you Ma'am|Substitute\n|-damage|p1a: Thank you Ma'am|76\/100\n|move|p2a: Muk|Sludge Bomb|p1a: Thank you Ma'am\n|-supereffective|p1a: Thank you Ma'am\n|-end|p1a: Thank you Ma'am|Substitute\n|\n|-heal|p1a: Thank you Ma'am|82\/100|[from] item: Leftovers\n|upkeep\n|turn|11\n|\n|t:|1698976053\n|move|p1a: Thank you Ma'am|Leech Seed|p2a: Muk\n|-start|p2a: Muk|move: Leech Seed\n|move|p2a: Muk|Fire Blast|p1a: Thank you Ma'am\n|-supereffective|p1a: Thank you Ma'am\n|-damage|p1a: Thank you Ma'am|37\/100\n|-status|p1a: Thank you Ma'am|brn\n|\n|-heal|p1a: Thank you Ma'am|43\/100 brn|[from] item: Leftovers\n|-damage|p2a: Muk|76\/100|[from] Leech Seed|[of] p1a: Thank you Ma'am\n|-heal|p1a: Thank you Ma'am|57\/100 brn|[silent]\n|-damage|p1a: Thank you Ma'am|51\/100 brn|[from] brn\n|upkeep\n|turn|12\n|\n|t:|1698976064\n|switch|p2a: Electrode|Electrode-Hisui|100\/100\n|move|p1a: Thank you Ma'am|Substitute|p1a: Thank you Ma'am\n|-start|p1a: Thank you Ma'am|Substitute\n|-damage|p1a: Thank you Ma'am|26\/100 brn\n|\n|-heal|p1a: Thank you Ma'am|32\/100 brn|[from] item: Leftovers\n|-damage|p1a: Thank you Ma'am|26\/100 brn|[from] brn\n|upkeep\n|turn|13\n|\n|t:|1698976072\n|move|p2a: Electrode|Volt Switch|p1a: Thank you Ma'am\n|-end|p1a: Thank you Ma'am|Substitute\n|\n|t:|1698976076\n|switch|p2a: Gliscor|Gliscor, M|100\/100|[from] Volt Switch\n|move|p1a: Thank you Ma'am|Leech Seed|p2a: Gliscor\n|-start|p2a: Gliscor|move: Leech Seed\n|\n|-heal|p1a: Thank you Ma'am|32\/100 brn|[from] item: Leftovers\n|-damage|p2a: Gliscor|88\/100|[from] Leech Seed|[of] p1a: Thank you Ma'am\n|-heal|p1a: Thank you Ma'am|45\/100 brn|[silent]\n|-damage|p1a: Thank you Ma'am|38\/100 brn|[from] brn\n|-status|p2a: Gliscor|tox|[from] item: Toxic Orb\n|upkeep\n|turn|14\n|\n|t:|1698976086\n|move|p1a: Thank you Ma'am|Protect|p1a: Thank you Ma'am\n|-singleturn|p1a: Thank you Ma'am|Protect\n|move|p2a: Gliscor|Stealth Rock|p1a: Thank you Ma'am\n|-sidestart|p1: ChiefBlueScreen|move: Stealth Rock\n|\n|-heal|p1a: Thank you Ma'am|45\/100 brn|[from] item: Leftovers\n|-damage|p2a: Gliscor|76\/100 tox|[from] Leech Seed|[of] p1a: Thank you Ma'am\n|-heal|p1a: Thank you Ma'am|57\/100 brn|[silent]\n|-heal|p2a: Gliscor|88\/100 tox|[from] ability: Poison Heal\n|-damage|p1a: Thank you Ma'am|51\/100 brn|[from] brn\n|upkeep\n|turn|15\n|\n|t:|1698976096\n|move|p1a: Thank you Ma'am|Substitute|p1a: Thank you Ma'am\n|-start|p1a: Thank you Ma'am|Substitute\n|-damage|p1a: Thank you Ma'am|26\/100 brn\n|move|p2a: Gliscor|Toxic Spikes|p1a: Thank you Ma'am\n|-sidestart|p1: ChiefBlueScreen|move: Toxic Spikes\n|\n|-heal|p1a: Thank you Ma'am|32\/100 brn|[from] item: Leftovers\n|-damage|p2a: Gliscor|76\/100 tox|[from] Leech Seed|[of] p1a: Thank you Ma'am\n|-heal|p1a: Thank you Ma'am|45\/100 brn|[silent]\n|-heal|p2a: Gliscor|88\/100 tox|[from] ability: Poison Heal\n|-damage|p1a: Thank you Ma'am|38\/100 brn|[from] brn\n|upkeep\n|turn|16\n|\n|t:|1698976105\n|move|p1a: Thank you Ma'am|Giga Drain|p2a: Gliscor\n|-damage|p2a: Gliscor|67\/100 tox\n|-heal|p1a: Thank you Ma'am|49\/100 brn|[from] drain|[of] p2a: Gliscor\n|move|p2a: Gliscor|Toxic Spikes|p1a: Thank you Ma'am\n|-sidestart|p1: ChiefBlueScreen|move: Toxic Spikes\n|\n|-heal|p1a: Thank you Ma'am|55\/100 brn|[from] item: Leftovers\n|-damage|p2a: Gliscor|54\/100 tox|[from] Leech Seed|[of] p1a: Thank you Ma'am\n|-heal|p1a: Thank you Ma'am|68\/100 brn|[silent]\n|-heal|p2a: Gliscor|67\/100 tox|[from] ability: Poison Heal\n|-damage|p1a: Thank you Ma'am|62\/100 brn|[from] brn\n|upkeep\n|turn|17\n|\n|t:|1698976117\n|switch|p2a: Electrode|Electrode-Hisui|100\/100\n|move|p1a: Thank you Ma'am|Protect||[still]\n|-fail|p1a: Thank you Ma'am\n|\n|-heal|p1a: Thank you Ma'am|68\/100 brn|[from] item: Leftovers\n|-damage|p1a: Thank you Ma'am|62\/100 brn|[from] brn\n|upkeep\n|turn|18\n|\n|t:|1698976132\n|move|p1a: Thank you Ma'am|Protect|p1a: Thank you Ma'am\n|-singleturn|p1a: Thank you Ma'am|Protect\n|move|p2a: Electrode|Tera Blast|p1a: Thank you Ma'am\n|-activate|p1a: Thank you Ma'am|move: Protect\n|\n|-heal|p1a: Thank you Ma'am|68\/100 brn|[from] item: Leftovers\n|-damage|p1a: Thank you Ma'am|62\/100 brn|[from] brn\n|upkeep\n|turn|19\n|\n|t:|1698976152\n|switch|p1a: Slam Jam|Roaring Moon|100\/100\n|-damage|p1a: Slam Jam|88\/100|[from] Stealth Rock\n|-status|p1a: Slam Jam|tox\n|-enditem|p1a: Slam Jam|Booster Energy\n|-activate|p1a: Slam Jam|ability: Protosynthesis|[fromitem]\n|-start|p1a: Slam Jam|protosynthesisspe\n|move|p2a: Electrode|Volt Switch|p1a: Slam Jam\n|-resisted|p1a: Slam Jam\n|-damage|p1a: Slam Jam|77\/100 tox\n|\n|t:|1698976157\n|switch|p2a: Gliscor|Gliscor, M|67\/100 tox|[from] Volt Switch\n|\n|-damage|p1a: Slam Jam|71\/100 tox|[from] psn\n|-heal|p2a: Gliscor|79\/100 tox|[from] ability: Poison Heal\n|upkeep\n|turn|20\n|\n|t:|1698976178\n|move|p1a: Slam Jam|Rock Slide|p2a: Gliscor\n|-damage|p2a: Gliscor|62\/100 tox\n|cant|p2a: Gliscor|flinch\n|\n|-damage|p1a: Slam Jam|59\/100 tox|[from] psn\n|-heal|p2a: Gliscor|75\/100 tox|[from] ability: Poison Heal\n|upkeep\n|turn|21\n|\n|t:|1698976186\n|move|p2a: Gliscor|Protect|p2a: Gliscor\n|-singleturn|p2a: Gliscor|Protect\n|move|p1a: Slam Jam|Knock Off|p2a: Gliscor\n|-activate|p2a: Gliscor|move: Protect\n|\n|-damage|p1a: Slam Jam|41\/100 tox|[from] psn\n|-heal|p2a: Gliscor|87\/100 tox|[from] ability: Poison Heal\n|upkeep\n|turn|22\n|\n|t:|1698976193\n|switch|p2a: Samurott|Samurott-Hisui, M|1\/100\n|move|p1a: Slam Jam|Knock Off|p2a: Samurott\n|-resisted|p2a: Samurott\n|-damage|p2a: Samurott|0 fnt\n|faint|p2a: Samurott\n|\n|-damage|p1a: Slam Jam|17\/100 tox|[from] psn\n|upkeep\n|\n|t:|1698976196\n|switch|p2a: Gliscor|Gliscor, M|87\/100 tox\n|turn|23\n|\n|t:|1698976202\n|move|p2a: Gliscor|Protect|p2a: Gliscor\n|-singleturn|p2a: Gliscor|Protect\n|move|p1a: Slam Jam|Hurricane|p2a: Gliscor\n|-activate|p2a: Gliscor|move: Protect\n|\n|-damage|p1a: Slam Jam|0 fnt|[from] psn\n|faint|p1a: Slam Jam\n|-end|p1a: Slam Jam|Protosynthesis|[silent]\n|-heal|p2a: Gliscor|99\/100 tox|[from] ability: Poison Heal\n|upkeep\n|\n|t:|1698976212\n|switch|p1a: Azumarill|Azumarill, F|2\/100\n|-damage|p1a: Azumarill|0 fnt|[from] Stealth Rock\n|faint|p1a: Azumarill\n|\n|t:|1698976220\n|switch|p1a: Burn it Up|Infernape, M, shiny|100\/100\n|-damage|p1a: Burn it Up|88\/100|[from] Stealth Rock\n|-status|p1a: Burn it Up|tox\n|turn|24\n|\n|t:|1698976230\n|move|p2a: Gliscor|Protect|p2a: Gliscor\n|-singleturn|p2a: Gliscor|Protect\n|move|p1a: Burn it Up|Close Combat|p2a: Gliscor\n|-activate|p2a: Gliscor|move: Protect\n|\n|-damage|p1a: Burn it Up|82\/100 tox|[from] psn\n|-heal|p2a: Gliscor|100\/100 tox|[from] ability: Poison Heal\n|upkeep\n|turn|25\n|\n|t:|1698976234\n|move|p1a: Burn it Up|Close Combat|p2a: Gliscor\n|-resisted|p2a: Gliscor\n|-damage|p2a: Gliscor|83\/100 tox\n|-unboost|p1a: Burn it Up|def|1\n|-unboost|p1a: Burn it Up|spd|1\n|move|p2a: Gliscor|Stone Edge|p1a: Burn it Up\n|-damage|p1a: Burn it Up|28\/100 tox\n|\n|-damage|p1a: Burn it Up|16\/100 tox|[from] psn\n|-heal|p2a: Gliscor|96\/100 tox|[from] ability: Poison Heal\n|upkeep\n|turn|26\n|\n|t:|1698976246\n|move|p2a: Gliscor|Protect|p2a: Gliscor\n|-singleturn|p2a: Gliscor|Protect\n|move|p1a: Burn it Up|Close Combat|p2a: Gliscor\n|-activate|p2a: Gliscor|move: Protect\n|\n|-damage|p1a: Burn it Up|0 fnt|[from] psn\n|faint|p1a: Burn it Up\n|-heal|p2a: Gliscor|100\/100 tox|[from] ability: Poison Heal\n|upkeep\n|\n|t:|1698976253\n|switch|p1a: Thank you Ma'am|Jumpluff, F, shiny|62\/100 brn\n|-damage|p1a: Thank you Ma'am|37\/100 brn|[from] Stealth Rock\n|turn|27\n|\n|t:|1698976258\n|switch|p2a: Electrode|Electrode-Hisui|100\/100\n|move|p1a: Thank you Ma'am|Substitute|p1a: Thank you Ma'am\n|-start|p1a: Thank you Ma'am|Substitute\n|-damage|p1a: Thank you Ma'am|12\/100 brn\n|\n|-heal|p1a: Thank you Ma'am|18\/100 brn|[from] item: Leftovers\n|-damage|p1a: Thank you Ma'am|12\/100 brn|[from] brn\n|upkeep\n|turn|28\n|\n|t:|1698976266\n|move|p2a: Electrode|Tera Blast|p1a: Thank you Ma'am\n|-activate|p1a: Thank you Ma'am|move: Substitute|[damage]\n|move|p1a: Thank you Ma'am|Substitute|p1a: Thank you Ma'am\n|-fail|p1a: Thank you Ma'am|move: Substitute\n|\n|-heal|p1a: Thank you Ma'am|18\/100 brn|[from] item: Leftovers\n|-damage|p1a: Thank you Ma'am|12\/100 brn|[from] brn\n|upkeep\n|turn|29\n|\n|t:|1698976268\n|move|p2a: Electrode|Tera Blast|p1a: Thank you Ma'am\n|-end|p1a: Thank you Ma'am|Substitute\n|move|p1a: Thank you Ma'am|Substitute|p1a: Thank you Ma'am\n|-fail|p1a: Thank you Ma'am|move: Substitute|[weak]\n|\n|-heal|p1a: Thank you Ma'am|18\/100 brn|[from] item: Leftovers\n|-damage|p1a: Thank you Ma'am|12\/100 brn|[from] brn\n|upkeep\n|turn|30\n|\n|t:|1698976283\n|move|p2a: Electrode|Volt Switch|p1a: Thank you Ma'am\n|-damage|p1a: Thank you Ma'am|0 fnt\n|faint|p1a: Thank you Ma'am\n|\n|t:|1698976286\n|switch|p2a: Muk|Muk, M|76\/100|[from] Volt Switch\n|\n|upkeep\n|\n|t:|1698976290\n|switch|p1a: Rock That Body|Shiftry, F, shiny|100\/100\n|-damage|p1a: Rock That Body|88\/100|[from] Stealth Rock\n|-status|p1a: Rock That Body|tox\n|turn|31\n|\n|t:|1698976299\n|move|p1a: Rock That Body|Tailwind|p1a: Rock That Body\n|-sidestart|p1: ChiefBlueScreen|move: Tailwind\n|-ability|p1a: Rock That Body|Wind Rider|boost\n|-boost|p1a: Rock That Body|atk|1\n|move|p2a: Muk|Sludge Bomb|p1a: Rock That Body\n|-supereffective|p1a: Rock That Body\n|-damage|p1a: Rock That Body|0 fnt\n|faint|p1a: Rock That Body\n|\n|win|Yardrok\n|l|\u2606ChiefBlueScreen\n","uploadtime":1698976326,"views":17,"p1id":"chiefbluescreen","p2id":"yardrok","formatid":"gen9ubers","rating":0,"private":0,"password":""}