{"id":"gen9ubers-1975410828","p1":"Leo Justice","p2":"2474wawa","format":"[Gen 9] Ubers","log":"|j|\u2606Leo Justice\n|j|\u26062474wawa\n|t:|1698188334\n|gametype|singles\n|player|p1|Leo Justice|carmine|\n|player|p2|2474wawa|2|\n|teamsize|p1|6\n|teamsize|p2|6\n|gen|9\n|tier|[Gen 9] Ubers\n|rule|Sleep Clause Mod: Limit one foe put to sleep\n|rule|Species Clause: Limit one of each Pok\u00e9mon\n|rule|OHKO Clause: OHKO moves are banned\n|rule|Evasion Items Clause: Evasion items are banned\n|rule|Evasion Moves Clause: Evasion moves are banned\n|rule|Endless Battle Clause: Forcing endless battles is banned\n|rule|HP Percentage Mod: HP is shown in percentages\n|clearpoke\n|poke|p1|Meowscarada, M|\n|poke|p1|Gholdengo|\n|poke|p1|Dialga|\n|poke|p1|Zacian-*|\n|poke|p1|Magearna|\n|poke|p1|Cyclizar, M|\n|poke|p2|Masquerain, M|\n|poke|p2|Arceus-Fighting|\n|poke|p2|Roaring Moon|\n|poke|p2|Palkia-Origin|\n|poke|p2|Gholdengo|\n|poke|p2|Dragapult, F|\n|teampreview\n|\n|t:|1698188339\n|start\n|switch|p1a: Meowscarada|Meowscarada, M|100\/100\n|switch|p2a: Masquerain|Masquerain, M, shiny|100\/100\n|-ability|p2a: Masquerain|Intimidate|boost\n|-unboost|p1a: Meowscarada|atk|1\n|turn|1\n|\n|t:|1698188349\n|move|p1a: Meowscarada|Taunt|p2a: Masquerain\n|-start|p2a: Masquerain|move: Taunt\n|cant|p2a: Masquerain|move: Taunt|Sticky Web\n|\n|upkeep\n|turn|2\n|\n|t:|1698188360\n|move|p1a: Meowscarada|Toxic Spikes|p2a: Masquerain\n|-sidestart|p2: 2474wawa|move: Toxic Spikes\n|move|p2a: Masquerain|U-turn|p1a: Meowscarada\n|-supereffective|p1a: Meowscarada\n|-damage|p1a: Meowscarada|10\/100\n|\n|t:|1698188395\n|switch|p2a: Dragapult|Dragapult, F|100\/100|[from] U-turn\n|-status|p2a: Dragapult|psn\n|\n|-damage|p2a: Dragapult|88\/100 psn|[from] psn\n|upkeep\n|turn|3\n|\n|t:|1698188405\n|switch|p1a: Cyclizar|Cyclizar, M|100\/100\n|move|p2a: Dragapult|U-turn|p1a: Cyclizar\n|-damage|p1a: Cyclizar|77\/100\n|j| Dinonbk\n|j| leonissenbaum\n|\n|t:|1698188422\n|switch|p2a: Roaring Moon|Roaring Moon|100\/100|[from] U-turn\n|-status|p2a: Roaring Moon|psn\n|-enditem|p2a: Roaring Moon|Booster Energy\n|-activate|p2a: Roaring Moon|ability: Protosynthesis|[fromitem]\n|-start|p2a: Roaring Moon|protosynthesisatk\n|\n|-damage|p2a: Roaring Moon|88\/100 psn|[from] psn\n|upkeep\n|turn|4\n|\n|t:|1698188436\n|-terastallize|p2a: Roaring Moon|Poison\n|move|p1a: Cyclizar|Taunt|p2a: Roaring Moon\n|-start|p2a: Roaring Moon|move: Taunt\n|move|p2a: Roaring Moon|Knock Off|p1a: Cyclizar\n|-damage|p1a: Cyclizar|0 fnt\n|-enditem|p1a: Cyclizar|Heavy-Duty Boots|[from] move: Knock Off|[of] p2a: Roaring Moon\n|faint|p1a: Cyclizar\n|\n|-damage|p2a: Roaring Moon|76\/100 psn|[from] psn\n|upkeep\n|\n|t:|1698188452\n|switch|p1a: Meowscarada|Meowscarada, M|10\/100\n|turn|5\n|\n|t:|1698188457\n|move|p1a: Meowscarada|Toxic Spikes|p2a: Roaring Moon\n|-sidestart|p2: 2474wawa|move: Toxic Spikes\n|move|p2a: Roaring Moon|Knock Off|p1a: Meowscarada\n|-resisted|p1a: Meowscarada\n|-damage|p1a: Meowscarada|0 fnt\n|-enditem|p1a: Meowscarada|Focus Sash|[from] move: Knock Off|[of] p2a: Roaring Moon\n|faint|p1a: Meowscarada\n|\n|-damage|p2a: Roaring Moon|64\/100 psn|[from] psn\n|upkeep\n|j| uubers account\n|c| Dinonbk|Oh my\n|\n|t:|1698188478\n|switch|p1a: Magearna|Magearna|100\/100\n|turn|6\n|\n|t:|1698188482\n|move|p2a: Roaring Moon|Earthquake|p1a: Magearna\n|-supereffective|p1a: Magearna\n|-damage|p1a: Magearna|40\/100\n|move|p1a: Magearna|Encore|p2a: Roaring Moon\n|-start|p2a: Roaring Moon|Encore\n|\n|-heal|p1a: Magearna|46\/100|[from] item: Leftovers\n|-damage|p2a: Roaring Moon|51\/100 psn|[from] psn\n|-end|p2a: Roaring Moon|move: Taunt\n|upkeep\n|turn|7\n|\n|t:|1698188490\n|switch|p1a: Gholdengo|Gholdengo|100\/100\n|-item|p1a: Gholdengo|Air Balloon\n|move|p2a: Roaring Moon|Earthquake|p1a: Gholdengo\n|-immune|p1a: Gholdengo\n|\n|-damage|p2a: Roaring Moon|39\/100 psn|[from] psn\n|upkeep\n|turn|8\n|\n|t:|1698188508\n|-end|p2a: Roaring Moon|Protosynthesis|[silent]\n|switch|p2a: Dragapult|Dragapult, F|88\/100 psn\n|move|p1a: Gholdengo|Make It Rain|p2a: Dragapult\n|-damage|p2a: Dragapult|17\/100 psn\n|-unboost|p1a: Gholdengo|spa|1\n|\n|-damage|p2a: Dragapult|5\/100 psn|[from] psn\n|upkeep\n|turn|9\n|j| Albazbrand\n|\n|t:|1698188520\n|switch|p1a: Dialga|Dialga|100\/100\n|-ability|p1a: Dialga|Pressure\n|move|p2a: Dragapult|Fire Blast|p1a: Dialga|[miss]\n|-miss|p2a: Dragapult|p1a: Dialga\n|\n|-damage|p2a: Dragapult|0 fnt|[from] psn\n|faint|p2a: Dragapult\n|upkeep\n|c| uubers account|that miss\n|\n|t:|1698188530\n|switch|p2a: Masquerain|Masquerain, M, shiny|100\/100\n|-ability|p2a: Masquerain|Intimidate|boost\n|-unboost|p1a: Dialga|atk|1\n|turn|10\n|c| leonissenbaum|huge miss\n|\n|t:|1698188535\n|move|p2a: Masquerain|Sticky Web|p1a: Dialga\n|-sidestart|p1: Leo Justice|move: Sticky Web\n|move|p1a: Dialga|Stealth Rock|p2a: Masquerain\n|-sidestart|p2: 2474wawa|move: Stealth Rock\n|\n|upkeep\n|turn|11\n|\n|t:|1698188546\n|move|p2a: Masquerain|Stun Spore|p1a: Dialga\n|-status|p1a: Dialga|par\n|move|p1a: Dialga|Roar|p2a: Masquerain\n|drag|p2a: Gholdengo|Gholdengo|100\/100\n|-damage|p2a: Gholdengo|94\/100|[from] Stealth Rock\n|-item|p2a: Gholdengo|Air Balloon\n|\n|upkeep\n|turn|12\n|\n|t:|1698188565\n|move|p2a: Gholdengo|Shadow Ball|p1a: Dialga\n|-damage|p1a: Dialga|74\/100 par\n|move|p1a: Dialga|Flash Cannon|p2a: Gholdengo\n|-resisted|p2a: Gholdengo\n|-damage|p2a: Gholdengo|72\/100\n|-enditem|p2a: Gholdengo|Air Balloon\n|\n|-heal|p1a: Dialga|80\/100 par|[from] item: Leftovers\n|upkeep\n|turn|13\n|\n|t:|1698188574\n|switch|p2a: Masquerain|Masquerain, M, shiny|100\/100\n|-damage|p2a: Masquerain|50\/100|[from] Stealth Rock\n|-ability|p2a: Masquerain|Intimidate|boost\n|-unboost|p1a: Dialga|atk|1\n|move|p1a: Dialga|Flash Cannon|p2a: Masquerain\n|-damage|p2a: Masquerain|1\/100\n|\n|-heal|p1a: Dialga|86\/100 par|[from] item: Leftovers\n|upkeep\n|turn|14\n|c| Dinonbk|Man I want to back seat game so hard rn\n|\n|t:|1698188585\n|move|p2a: Masquerain|Air Slash|p1a: Dialga\n|-resisted|p1a: Dialga\n|-damage|p1a: Dialga|78\/100 par\n|move|p1a: Dialga|Roar|p2a: Masquerain\n|drag|p2a: Roaring Moon|Roaring Moon, tera:Poison|39\/100 psn\n|-sideend|p2: 2474wawa|move: Toxic Spikes|[of] p2a: Roaring Moon\n|-damage|p2a: Roaring Moon|27\/100 psn|[from] Stealth Rock\n|\n|-heal|p1a: Dialga|84\/100 par|[from] item: Leftovers\n|-damage|p2a: Roaring Moon|15\/100 psn|[from] psn\n|upkeep\n|turn|15\n|\n|t:|1698188619\n|move|p2a: Roaring Moon|Knock Off|p1a: Dialga\n|-damage|p1a: Dialga|41\/100 par\n|-enditem|p1a: Dialga|Leftovers|[from] move: Knock Off|[of] p2a: Roaring Moon\n|move|p1a: Dialga|Flash Cannon|p2a: Roaring Moon\n|-damage|p2a: Roaring Moon|0 fnt\n|faint|p2a: Roaring Moon\n|-end|p2a: Roaring Moon|Protosynthesis|[silent]\n|\n|upkeep\n|\n|t:|1698188631\n|switch|p2a: Gholdengo|Gholdengo|72\/100\n|-damage|p2a: Gholdengo|66\/100|[from] Stealth Rock\n|turn|16\n|\n|t:|1698188636\n|move|p2a: Gholdengo|Recover|p2a: Gholdengo\n|-heal|p2a: Gholdengo|100\/100\n|cant|p1a: Dialga|par\n|\n|upkeep\n|turn|17\n|\n|t:|1698188644\n|move|p2a: Gholdengo|Shadow Ball|p1a: Dialga\n|-damage|p1a: Dialga|16\/100 par\n|cant|p1a: Dialga|par\n|\n|upkeep\n|turn|18\n|\n|t:|1698188650\n|move|p2a: Gholdengo|Shadow Ball|p1a: Dialga\n|-damage|p1a: Dialga|0 fnt\n|faint|p1a: Dialga\n|\n|upkeep\n|\n|t:|1698188652\n|switch|p1a: Magearna|Magearna|46\/100\n|-activate|p1a: Magearna|move: Sticky Web\n|-unboost|p1a: Magearna|spe|1\n|turn|19\n|c| Dinonbk|theres the paras\n|\n|t:|1698188661\n|move|p2a: Gholdengo|Make It Rain|p1a: Magearna\n|-damage|p1a: Magearna|0 fnt\n|-unboost|p2a: Gholdengo|spa|1\n|faint|p1a: Magearna\n|\n|upkeep\n|\n|t:|1698188667\n|switch|p1a: Zacian|Zacian|100\/100\n|-ability|p1a: Zacian|Intrepid Sword|boost\n|-boost|p1a: Zacian|atk|1\n|turn|20\n|j| Nitro524\n|\n|t:|1698188692\n|switch|p2a: Masquerain|Masquerain, M, shiny|1\/100\n|-damage|p2a: Masquerain|0 fnt|[from] Stealth Rock\n|faint|p2a: Masquerain\n|-terastallize|p1a: Zacian|Ground\n|move|p1a: Zacian|Swords Dance|p1a: Zacian\n|-boost|p1a: Zacian|atk|2\n|\n|upkeep\n|\n|t:|1698188704\n|switch|p2a: Palkia|Palkia-Origin|100\/100\n|-damage|p2a: Palkia|88\/100|[from] Stealth Rock\n|-ability|p2a: Palkia|Pressure\n|turn|21\n|\n|t:|1698188733\n|move|p1a: Zacian|Close Combat|p2a: Palkia\n|-damage|p2a: Palkia|0 fnt\n|-unboost|p1a: Zacian|def|1\n|-unboost|p1a: Zacian|spd|1\n|faint|p2a: Palkia\n|\n|upkeep\n|\n|t:|1698188738\n|switch|p2a: Gholdengo|Gholdengo|100\/100\n|-damage|p2a: Gholdengo|94\/100|[from] Stealth Rock\n|turn|22\n|\n|t:|1698188743\n|move|p1a: Zacian|Tera Blast|p2a: Gholdengo|[anim] Tera Blast Ground\n|-supereffective|p2a: Gholdengo\n|-damage|p2a: Gholdengo|0 fnt\n|faint|p2a: Gholdengo\n|\n|upkeep\n|\n|t:|1698188746\n|switch|p2a: Arceus|Arceus-Fighting|100\/100\n|-damage|p2a: Arceus|94\/100|[from] Stealth Rock\n|turn|23\n|\n|t:|1698188751\n|move|p1a: Zacian|Play Rough|p2a: Arceus\n|-supereffective|p2a: Arceus\n|-damage|p2a: Arceus|0 fnt\n|faint|p2a: Arceus\n|\n|win|Leo Justice\n|c|\u2606Leo Justice|gg\n|c| uubers account|gg\n|c|\u26062474wawa|gg\n|c| Dinonbk|that crit round 1 changed so much\n|c|\u26062474wawa|go and win the tournament\n|c| Dinonbk|u can still wim\n|l| uubers account\n|c|\u26062474wawa|illbe watching\n|l| Albazbrand\n|c|\u26062474wawa|nope\n|c| Dinonbk|U need 2 loses\n|c| Dinonbk|u have 1\n|c|\u26062474wawa|this is round 2 already\n","uploadtime":1698188768,"views":36,"p1id":"leojustice","p2id":"2474wawa","formatid":"gen9ubers","rating":0,"private":0,"password":""}