{"id":"gen9ubers-1969296509","p1":"Fellow06","p2":"LadyMaria-Blue","format":"[Gen 9] Ubers","log":"|j|\u2606Fellow06\n|j|\u2606LadyMaria-Blue\n|t:|1697511001\n|gametype|singles\n|player|p1|Fellow06|zinnia|\n|player|p2|LadyMaria-Blue|cynthia|\n|teamsize|p1|6\n|teamsize|p2|6\n|gen|9\n|tier|[Gen 9] Ubers\n|rule|Sleep Clause Mod: Limit one foe put to sleep\n|rule|Species Clause: Limit one of each Pok\u00e9mon\n|rule|OHKO Clause: OHKO moves are banned\n|rule|Evasion Items Clause: Evasion items are banned\n|rule|Evasion Moves Clause: Evasion moves are banned\n|rule|Endless Battle Clause: Forcing endless battles is banned\n|rule|HP Percentage Mod: HP is shown in percentages\n|clearpoke\n|poke|p1|Zacian-*|\n|poke|p1|Dragapult, F|\n|poke|p1|Shaymin-Sky|\n|poke|p1|Goodra-Hisui, F|\n|poke|p1|Kleavor, F|\n|poke|p1|Darkrai|\n|poke|p2|Torkoal, F|\n|poke|p2|Landorus, M|\n|poke|p2|Magearna|\n|poke|p2|Volcanion|\n|poke|p2|Chi-Yu|\n|poke|p2|Walking Wake|\n|teampreview\n|inactive|Battle timer is ON: inactive players will automatically lose when time's up. (requested by Fellow06)\n|\n|t:|1697511006\n|start\n|switch|p1a: Aggregation|Kleavor, F, shiny|100\/100\n|switch|p2a: Torkoal|Torkoal, F|100\/100\n|-weather|SunnyDay|[from] ability: Drought|[of] p2a: Torkoal\n|turn|1\n|c|\u2606Fellow06|G.l.h.f.\n|c|\u2606LadyMaria-Blue|u2\n|\n|t:|1697511014\n|move|p1a: Aggregation|Stone Axe|p2a: Torkoal\n|-supereffective|p2a: Torkoal\n|-damage|p2a: Torkoal|33\/100\n|-sidestart|p2: LadyMaria-Blue|move: Stealth Rock\n|move|p2a: Torkoal|Stealth Rock|p1a: Aggregation\n|-sidestart|p1: Fellow06|move: Stealth Rock\n|\n|-weather|SunnyDay|[upkeep]\n|upkeep\n|turn|2\n|\n|t:|1697511020\n|switch|p2a: Magearna|Magearna|100\/100\n|-damage|p2a: Magearna|95\/100|[from] Stealth Rock\n|move|p1a: Aggregation|Swords Dance|p1a: Aggregation\n|-boost|p1a: Aggregation|atk|2\n|\n|-weather|SunnyDay|[upkeep]\n|upkeep\n|turn|3\n|\n|t:|1697511024\n|move|p1a: Aggregation|Trailblaze|p2a: Magearna\n|-resisted|p2a: Magearna\n|-damage|p2a: Magearna|76\/100\n|-boost|p1a: Aggregation|spe|1\n|move|p2a: Magearna|Shift Gear|p2a: Magearna\n|-boost|p2a: Magearna|spe|2\n|-boost|p2a: Magearna|atk|1\n|\n|-weather|SunnyDay|[upkeep]\n|upkeep\n|turn|4\n|\n|t:|1697511036\n|move|p2a: Magearna|Flash Cannon|p1a: Aggregation\n|-supereffective|p1a: Aggregation\n|-enditem|p1a: Aggregation|Focus Sash\n|-damage|p1a: Aggregation|1\/100\n|-damage|p2a: Magearna|66\/100|[from] item: Life Orb\n|move|p1a: Aggregation|Trailblaze|p2a: Magearna\n|-resisted|p2a: Magearna\n|-damage|p2a: Magearna|47\/100\n|-boost|p1a: Aggregation|spe|1\n|\n|-weather|SunnyDay|[upkeep]\n|upkeep\n|turn|5\n|\n|t:|1697511039\n|move|p1a: Aggregation|Close Combat|p2a: Magearna\n|-damage|p2a: Magearna|0 fnt\n|-unboost|p1a: Aggregation|def|1\n|-unboost|p1a: Aggregation|spd|1\n|faint|p2a: Magearna\n|\n|-weather|SunnyDay|[upkeep]\n|upkeep\n|\n|t:|1697511045\n|switch|p2a: Walking Wake|Walking Wake|100\/100\n|-damage|p2a: Walking Wake|88\/100|[from] Stealth Rock\n|-activate|p2a: Walking Wake|ability: Protosynthesis\n|-start|p2a: Walking Wake|protosynthesisspe\n|turn|6\n|\n|t:|1697511048\n|move|p1a: Aggregation|Stone Axe|p2a: Walking Wake\n|-damage|p2a: Walking Wake|0 fnt\n|faint|p2a: Walking Wake\n|-end|p2a: Walking Wake|Protosynthesis|[silent]\n|\n|-weather|SunnyDay|[upkeep]\n|upkeep\n|\n|t:|1697511055\n|switch|p2a: Chi-Yu|Chi-Yu|100\/100\n|-damage|p2a: Chi-Yu|76\/100|[from] Stealth Rock\n|-ability|p2a: Chi-Yu|Beads of Ruin\n|turn|7\n|\n|t:|1697511059\n|move|p1a: Aggregation|Close Combat|p2a: Chi-Yu\n|-supereffective|p2a: Chi-Yu\n|-damage|p2a: Chi-Yu|0 fnt\n|-unboost|p1a: Aggregation|def|1\n|-unboost|p1a: Aggregation|spd|1\n|faint|p2a: Chi-Yu\n|\n|-weather|SunnyDay|[upkeep]\n|upkeep\n|\n|t:|1697511063\n|switch|p2a: Volcanion|Volcanion|100\/100\n|turn|8\n|\n|t:|1697511065\n|move|p1a: Aggregation|Stone Axe|p2a: Volcanion\n|-supereffective|p2a: Volcanion\n|-damage|p2a: Volcanion|0 fnt\n|faint|p2a: Volcanion\n|\n|-weather|none\n|upkeep\n|\n|t:|1697511070\n|switch|p2a: Landorus|Landorus, M|100\/100\n|-damage|p2a: Landorus|88\/100|[from] Stealth Rock\n|turn|9\n|c|\u2606Fellow06|G.g.w.p.\n|\n|t:|1697511074\n|-terastallize|p2a: Landorus|Water\n|move|p1a: Aggregation|Stone Axe|p2a: Landorus\n|-damage|p2a: Landorus|0 fnt\n|faint|p2a: Landorus\n|\n|upkeep\n|\n|t:|1697511077\n|switch|p2a: Torkoal|Torkoal, F|33\/100\n|-damage|p2a: Torkoal|8\/100|[from] Stealth Rock\n|-weather|SunnyDay|[from] ability: Drought|[of] p2a: Torkoal\n|turn|10\n|c|\u2606LadyMaria-Blue|good lord kleavor\n|c|\u2606LadyMaria-Blue|ggs\n|\n|t:|1697511084\n|move|p1a: Aggregation|Trailblaze|p2a: Torkoal\n|-resisted|p2a: Torkoal\n|-damage|p2a: Torkoal|0 fnt\n|-boost|p1a: Aggregation|spe|1\n|faint|p2a: Torkoal\n|\n|win|Fellow06\n|c|\u2606Fellow06|She has a name.\n|c|\u2606Fellow06|And her name is Ann.\n|c|\u2606LadyMaria-Blue|good lord Ann\n","uploadtime":1697511096,"views":26,"p1id":"fellow06","p2id":"ladymariablue","formatid":"gen9ubers","rating":0,"private":0,"password":""}