{"id":"gen9ubers-1975607553","p1":"Dragon Master Rosa","p2":"TRaSHiNSeCT","format":"[Gen 9] Ubers","log":"|j|\u2606Dragon Master Rosa\n|j|\u2606TRaSHiNSeCT\n|t:|1698212069\n|gametype|singles\n|player|p1|Dragon Master Rosa|dragontamer-gen9|\n|player|p2|TRaSHiNSeCT|workerice|\n|teamsize|p1|6\n|teamsize|p2|6\n|gen|9\n|tier|[Gen 9] Ubers\n|rule|Sleep Clause Mod: Limit one foe put to sleep\n|rule|Species Clause: Limit one of each Pok\u00e9mon\n|rule|OHKO Clause: OHKO moves are banned\n|rule|Evasion Items Clause: Evasion items are banned\n|rule|Evasion Moves Clause: Evasion moves are banned\n|rule|Endless Battle Clause: Forcing endless battles is banned\n|rule|HP Percentage Mod: HP is shown in percentages\n|clearpoke\n|poke|p1|Landorus-Therian, M|\n|poke|p1|Clefable, F|\n|poke|p1|Greninja-*, M|\n|poke|p1|Weezing-Galar, F|\n|poke|p1|Medicham, F|\n|poke|p1|Slowking-Galar, M|\n|poke|p2|Garchomp, M|\n|poke|p2|Goodra-Hisui, M|\n|poke|p2|Enamorus, F|\n|poke|p2|Slowking-Galar, M|\n|poke|p2|Blissey, F|\n|poke|p2|Landorus-Therian, M|\n|teampreview\n|\n|t:|1698212093\n|start\n|switch|p1a: Greninja|Greninja, M|100\/100\n|switch|p2a: Garchomp|Garchomp, M|100\/100\n|turn|1\n|c|\u2606Dragon Master Rosa|had to get usage stats\n|\n|t:|1698212165\n|switch|p1a: Medicham|Medicham, F|100\/100\n|move|p2a: Garchomp|Spikes|p1a: Medicham\n|-sidestart|p1: Dragon Master Rosa|Spikes\n|\n|upkeep\n|turn|2\n|\n|t:|1698212176\n|move|p1a: Medicham|Ice Punch|p2a: Garchomp\n|-supereffective|p2a: Garchomp\n|-damage|p2a: Garchomp|0 fnt\n|-damage|p1a: Medicham|88\/100|[from] ability: Rough Skin|[of] p2a: Garchomp\n|-damage|p1a: Medicham|72\/100|[from] item: Rocky Helmet|[of] p2a: Garchomp\n|faint|p2a: Garchomp\n|\n|upkeep\n|\n|t:|1698212188\n|switch|p2a: Goodra|Goodra-Hisui, M|100\/100\n|turn|3\n|\n|t:|1698212194\n|switch|p1a: Weezing|Weezing-Galar, F|100\/100\n|move|p2a: Goodra|Knock Off|p1a: Weezing\n|-resisted|p1a: Weezing\n|-damage|p1a: Weezing|93\/100\n|-enditem|p1a: Weezing|Leftovers|[from] move: Knock Off|[of] p2a: Goodra\n|\n|upkeep\n|turn|4\n|\n|t:|1698212201\n|move|p2a: Goodra|Heavy Slam|p1a: Weezing\n|-supereffective|p1a: Weezing\n|-damage|p1a: Weezing|44\/100\n|move|p1a: Weezing|Will-O-Wisp|p2a: Goodra\n|-status|p2a: Goodra|brn\n|\n|-damage|p2a: Goodra|94\/100 brn|[from] brn\n|upkeep\n|turn|5\n|\n|t:|1698212210\n|move|p2a: Goodra|Heavy Slam|p1a: Weezing\n|-supereffective|p1a: Weezing\n|-damage|p1a: Weezing|17\/100\n|move|p1a: Weezing|Pain Split|p2a: Goodra\n|-sethp|p2a: Goodra|55\/100 brn|[from] move: Pain Split|[silent]\n|-sethp|p1a: Weezing|60\/100|[from] move: Pain Split\n|\n|-heal|p2a: Goodra|61\/100 brn|[from] item: Leftovers\n|-damage|p2a: Goodra|55\/100 brn|[from] brn\n|upkeep\n|turn|6\n|c|\u2606Dragon Master Rosa|hey what if you switched in enamorus rn\n|c|\u2606Dragon Master Rosa|just food for thought\n|\n|t:|1698212230\n|move|p1a: Weezing|Defog|p2a: Goodra\n|-unboost|p2a: Goodra|evasion|1\n|-sideend|p1: Dragon Master Rosa|Spikes|[from] move: Defog|[of] p1a: Weezing\n|move|p2a: Goodra|Rest|p2a: Goodra\n|-status|p2a: Goodra|slp|[from] move: Rest\n|-heal|p2a: Goodra|100\/100 slp|[silent]\n|\n|upkeep\n|turn|7\n|\n|t:|1698212241\n|switch|p1a: Landorus|Landorus-Therian, M|100\/100\n|-ability|p1a: Landorus|Intimidate|boost\n|-unboost|p2a: Goodra|atk|1\n|cant|p2a: Goodra|slp\n|\n|upkeep\n|turn|8\n|\n|t:|1698212248\n|switch|p2a: Landorus|Landorus-Therian, M|100\/100\n|-ability|p2a: Landorus|Intimidate|boost\n|-unboost|p1a: Landorus|atk|1\n|move|p1a: Landorus|Substitute|p1a: Landorus\n|-start|p1a: Landorus|Substitute\n|-damage|p1a: Landorus|76\/100\n|\n|-heal|p1a: Landorus|82\/100|[from] item: Leftovers\n|upkeep\n|turn|9\n|\n|t:|1698212265\n|move|p2a: Landorus|Nasty Plot|p2a: Landorus\n|-boost|p2a: Landorus|spa|2\n|move|p1a: Landorus|Nasty Plot|p1a: Landorus\n|-boost|p1a: Landorus|spa|2\n|\n|-heal|p1a: Landorus|88\/100|[from] item: Leftovers\n|upkeep\n|turn|10\n|\n|t:|1698212274\n|-terastallize|p1a: Landorus|Flying\n|move|p2a: Landorus|Psychic|p1a: Landorus\n|-end|p1a: Landorus|Substitute\n|move|p1a: Landorus|Tera Blast|p2a: Landorus|[anim] Tera Blast Flying\n|-damage|p2a: Landorus|0 fnt\n|faint|p2a: Landorus\n|\n|-heal|p1a: Landorus|94\/100|[from] item: Leftovers\n|upkeep\n|\n|t:|1698212295\n|switch|p2a: Enamorus|Enamorus, F|100\/100\n|turn|11\n|\n|t:|1698212306\n|switch|p2a: Goodra|Goodra-Hisui, M|100\/100 slp\n|move|p1a: Landorus|Tera Blast|p2a: Goodra|[anim] Tera Blast Flying\n|-resisted|p2a: Goodra\n|-damage|p2a: Goodra|69\/100 slp\n|\n|-heal|p1a: Landorus|99\/100|[from] item: Leftovers\n|-heal|p2a: Goodra|75\/100 slp|[from] item: Leftovers\n|upkeep\n|turn|12\n|\n|t:|1698212316\n|-terastallize|p2a: Goodra|Water\n|move|p1a: Landorus|Substitute|p1a: Landorus\n|-start|p1a: Landorus|Substitute\n|-damage|p1a: Landorus|75\/100\n|cant|p2a: Goodra|slp\n|\n|-heal|p1a: Landorus|81\/100|[from] item: Leftovers\n|-heal|p2a: Goodra|81\/100 slp|[from] item: Leftovers\n|upkeep\n|turn|13\n|\n|t:|1698212325\n|move|p1a: Landorus|Earth Power|p2a: Goodra\n|-damage|p2a: Goodra|22\/100 slp\n|-curestatus|p2a: Goodra|slp|[msg]\n|move|p2a: Goodra|Dragon Tail|p1a: Landorus\n|-activate|p1a: Landorus|move: Substitute|[damage]\n|\n|-heal|p1a: Landorus|87\/100|[from] item: Leftovers\n|-heal|p2a: Goodra|28\/100|[from] item: Leftovers\n|upkeep\n|turn|14\n|\n|t:|1698212335\n|switch|p2a: Blissey|Blissey, F|100\/100\n|move|p1a: Landorus|Tera Blast|p2a: Blissey|[anim] Tera Blast Flying\n|-damage|p2a: Blissey|64\/100\n|\n|-heal|p1a: Landorus|93\/100|[from] item: Leftovers\n|upkeep\n|turn|15\n|\n|t:|1698212342\n|move|p1a: Landorus|Nasty Plot|p1a: Landorus\n|-boost|p1a: Landorus|spa|2\n|move|p2a: Blissey|Seismic Toss|p1a: Landorus\n|-end|p1a: Landorus|Substitute\n|\n|-heal|p1a: Landorus|99\/100|[from] item: Leftovers\n|upkeep\n|turn|16\n|\n|t:|1698212350\n|move|p1a: Landorus|Tera Blast|p2a: Blissey|[anim] Tera Blast Flying\n|-damage|p2a: Blissey|8\/100\n|move|p2a: Blissey|Seismic Toss|p1a: Landorus\n|-damage|p1a: Landorus|73\/100\n|\n|-heal|p1a: Landorus|79\/100|[from] item: Leftovers\n|upkeep\n|turn|17\n|\n|t:|1698212357\n|switch|p2a: Goodra|Goodra-Hisui, M, tera:Water|28\/100\n|move|p1a: Landorus|Tera Blast|p2a: Goodra|[anim] Tera Blast Flying\n|-damage|p2a: Goodra|0 fnt\n|faint|p2a: Goodra\n|\n|-heal|p1a: Landorus|85\/100|[from] item: Leftovers\n|upkeep\n|c|\u2606TRaSHiNSeCT|well shit\n|c|\u2606Dragon Master Rosa|lando moment\n|c|\u2606TRaSHiNSeCT|gg wp\n|c|\u2606Dragon Master Rosa|ggwp\n|\n|t:|1698212368\n|switch|p2a: Enamorus|Enamorus, F|100\/100\n|turn|18\n|\n|t:|1698212371\n|move|p2a: Enamorus|Play Rough|p1a: Landorus\n|-damage|p1a: Landorus|46\/100\n|move|p1a: Landorus|Tera Blast|p2a: Enamorus|[anim] Tera Blast Flying\n|-damage|p2a: Enamorus|0 fnt\n|faint|p2a: Enamorus\n|\n|-heal|p1a: Landorus|52\/100|[from] item: Leftovers\n|upkeep\n|\n|t:|1698212379\n|switch|p2a: Blissey|Blissey, F|8\/100\n|turn|19\n|\n|t:|1698212383\n|move|p1a: Landorus|Tera Blast|p2a: Blissey|[anim] Tera Blast Flying\n|-damage|p2a: Blissey|0 fnt\n|faint|p2a: Blissey\n|\n|-heal|p1a: Landorus|58\/100|[from] item: Leftovers\n|upkeep\n|\n|t:|1698212388\n|switch|p2a: Slowking|Slowking-Galar, M|100\/100\n|turn|20\n|\n|t:|1698212391\n|move|p1a: Landorus|Earth Power|p2a: Slowking\n|-supereffective|p2a: Slowking\n|-damage|p2a: Slowking|0 fnt\n|faint|p2a: Slowking\n|\n|win|Dragon Master Rosa\n","uploadtime":1698212397,"views":14,"p1id":"dragonmasterrosa","p2id":"trashinsect","formatid":"gen9ubers","rating":0,"private":0,"password":""}