{"id":"gen9ubers-1969062992","p1":"Oomaester1234","p2":"XpokVEVO","format":"[Gen 9] Ubers","log":"|j|\u2606Oomaester1234\n|j|\u2606XpokVEVO\n|t:|1697486840\n|gametype|singles\n|player|p1|Oomaester1234|teamrocket|\n|player|p2|XpokVEVO|marshal|\n|teamsize|p1|6\n|teamsize|p2|6\n|gen|9\n|tier|[Gen 9] Ubers\n|rule|Sleep Clause Mod: Limit one foe put to sleep\n|rule|Species Clause: Limit one of each Pok\u00e9mon\n|rule|OHKO Clause: OHKO moves are banned\n|rule|Evasion Items Clause: Evasion items are banned\n|rule|Evasion Moves Clause: Evasion moves are banned\n|rule|Endless Battle Clause: Forcing endless battles is banned\n|rule|HP Percentage Mod: HP is shown in percentages\n|clearpoke\n|poke|p1|Garchomp, F|\n|poke|p1|Tyranitar, M|\n|poke|p1|Houndstone, F|\n|poke|p1|Landorus, M|\n|poke|p1|Magearna|\n|poke|p1|Ogerpon-Wellspring, F|\n|poke|p2|Arceus-Fire|\n|poke|p2|Shaymin-Sky|\n|poke|p2|Cyclizar, M|\n|poke|p2|Espathra, F|\n|poke|p2|Magearna|\n|poke|p2|Sneasler, M|\n|teampreview\n|c|\u2606Oomaester1234|i wanna make anotehr weird team\n|c|\u2606XpokVEVO|this time i will win\n|c|\u2606Oomaester1234|idk waht i want in it tho\n|inactive|Battle timer is ON: inactive players will automatically lose when time's up. (requested by Oomaester1234)\n|\n|t:|1697486863\n|start\n|switch|p1a: Garchomp|Garchomp, F|100\/100\n|switch|p2a: I miss this I kms|Sneasler, M|100\/100\n|turn|1\n|c|\u2606XpokVEVO|USES LANDORUS EVERYTIME EXCEPT WHEN I TRY TO READ IT\n|\n|t:|1697486887\n|move|p2a: I miss this I kms|Fake Out|p1a: Garchomp\n|-damage|p1a: Garchomp|86\/100\n|cant|p1a: Garchomp|flinch\n|\n|upkeep\n|turn|2\n|c|\u2606XpokVEVO|oh yeah its sand veil\n|c|\u2606Oomaester1234|landos my guy\n|\n|t:|1697486903\n|-terastallize|p2a: I miss this I kms|Fighting\n|move|p2a: I miss this I kms|Close Combat|p1a: Garchomp\n|-damage|p1a: Garchomp|0 fnt\n|-unboost|p2a: I miss this I kms|def|1\n|-unboost|p2a: I miss this I kms|spd|1\n|faint|p1a: Garchomp\n|\n|upkeep\n|c|\u2606Oomaester1234|starwwars\n|c|\u2606Oomaester1234|damn\n|c|\u2606XpokVEVO|i dont think i shouldve done that but i dont care\n|c|\u2606Oomaester1234|i didnt expect it\n|\n|t:|1697486920\n|switch|p1a: Tyranitar|Tyranitar, M|100\/100\n|-weather|Sandstorm|[from] ability: Sand Stream|[of] p1a: Tyranitar\n|turn|3\n|\n|t:|1697486930\n|switch|p1a: Houndstone|Houndstone, F|100\/100\n|move|p2a: I miss this I kms|Gunk Shot|p1a: Houndstone\n|-resisted|p1a: Houndstone\n|-damage|p1a: Houndstone|61\/100\n|-status|p1a: Houndstone|psn\n|\n|-weather|Sandstorm|[upkeep]\n|-damage|p2a: I miss this I kms|95\/100|[from] Sandstorm\n|-damage|p1a: Houndstone|49\/100 psn|[from] psn\n|upkeep\n|turn|4\n|c|\u2606Oomaester1234|ouch\n|c|\u2606Oomaester1234|damn\n|c|\u2606XpokVEVO|GOODBYE SASH...\n|\n|t:|1697486942\n|move|p1a: Houndstone|Play Rough|p2a: I miss this I kms\n|-supereffective|p2a: I miss this I kms\n|-damage|p2a: I miss this I kms|0 fnt\n|faint|p2a: I miss this I kms\n|-damage|p1a: Houndstone|39\/100 psn|[from] item: Life Orb\n|\n|-weather|Sandstorm|[upkeep]\n|-damage|p1a: Houndstone|27\/100 psn|[from] psn\n|upkeep\n|c|\u2606XpokVEVO|YOU WILL BE MISSED\n|c|\u2606Oomaester1234|u got the poison tho\n|inactive|XpokVEVO has 270 seconds left.\n|c|\u2606Oomaester1234|which sucks\n|c|\u2606Oomaester1234|for me\n|c|\u2606XpokVEVO|oh my god i was gonna say \"hes scarfed i can outplay now\" and i remembered WE IN SAND\n|c|\u2606Oomaester1234|yep\n|\n|t:|1697486981\n|switch|p2a: Aunt Fanny|Magearna|100\/100\n|turn|5\n|c|\u2606XpokVEVO|LIVE!\n|c|\u2606XpokVEVO|LIVE\n|c|\u2606Oomaester1234|oh my god whyd i get rid of destiny bond\n|inactive|Oomaester1234 has 270 seconds left.\n|\n|t:|1697487016\n|move|p1a: Houndstone|Last Respects|p2a: Aunt Fanny\n|-damage|p2a: Aunt Fanny|32\/100\n|-damage|p1a: Houndstone|17\/100 psn|[from] item: Life Orb\n|move|p2a: Aunt Fanny|Draining Kiss|p1a: Houndstone\n|-damage|p1a: Houndstone|0 fnt\n|-heal|p2a: Aunt Fanny|44\/100|[from] drain|[of] p1a: Houndstone\n|faint|p1a: Houndstone\n|-ability|p2a: Aunt Fanny|Soul-Heart|boost\n|-boost|p2a: Aunt Fanny|spa|1\n|-damage|p2a: Aunt Fanny|34\/100|[from] item: Life Orb\n|\n|-weather|Sandstorm|[upkeep]\n|upkeep\n|\n|t:|1697487019\n|switch|p1a: Landorus|Landorus, M|100\/100\n|turn|6\n|\n|t:|1697487026\n|move|p1a: Landorus|Earth Power|p2a: Aunt Fanny\n|-supereffective|p2a: Aunt Fanny\n|-damage|p2a: Aunt Fanny|0 fnt\n|faint|p2a: Aunt Fanny\n|\n|-weather|Sandstorm|[upkeep]\n|upkeep\n|\n|t:|1697487032\n|switch|p2a: Sonic|Shaymin-Sky, shiny|100\/100\n|turn|7\n|\n|t:|1697487048\n|switch|p1a: Magearna|Magearna|100\/100\n|move|p2a: Sonic|Seed Flare|p1a: Magearna\n|-resisted|p1a: Magearna\n|-damage|p1a: Magearna|71\/100\n|-unboost|p1a: Magearna|spd|2\n|-damage|p2a: Sonic|91\/100|[from] item: Life Orb\n|\n|-weather|Sandstorm|[upkeep]\n|-damage|p2a: Sonic|84\/100|[from] Sandstorm\n|-heal|p1a: Magearna|77\/100|[from] item: Leftovers\n|upkeep\n|turn|8\n|\n|t:|1697487052\n|move|p2a: Sonic|Earth Power|p1a: Magearna\n|-supereffective|p1a: Magearna\n|-damage|p1a: Magearna|0 fnt\n|faint|p1a: Magearna\n|-damage|p2a: Sonic|74\/100|[from] item: Life Orb\n|\n|-weather|Sandstorm|[upkeep]\n|-damage|p2a: Sonic|68\/100|[from] Sandstorm\n|upkeep\n|c|\u2606XpokVEVO|I SAIED\n|c|\u2606XpokVEVO|SAID\n|c|\u2606XpokVEVO|I WILL WIN\n|\n|t:|1697487062\n|switch|p1a: Landorus|Landorus, M|100\/100\n|turn|9\n|\n|t:|1697487065\n|-terastallize|p1a: Landorus|Flying\n|move|p2a: Sonic|Seed Flare|p1a: Landorus\n|-resisted|p1a: Landorus\n|-damage|p1a: Landorus|54\/100\n|-damage|p2a: Sonic|58\/100|[from] item: Life Orb\n|move|p1a: Landorus|Sludge Bomb|p2a: Sonic\n|-supereffective|p2a: Sonic\n|-damage|p2a: Sonic|0 fnt\n|faint|p2a: Sonic\n|\n|-weather|Sandstorm|[upkeep]\n|-damage|p1a: Landorus|48\/100|[from] Sandstorm\n|upkeep\n|c|\u2606XpokVEVO|its over\n|c|\u2606Oomaester1234|damn threat af\n|\n|t:|1697487085\n|switch|p2a: Akira|Cyclizar, M|100\/100\n|turn|10\n|c|\u2606Oomaester1234|i shouldve just ttard\n|\n|t:|1697487095\n|switch|p1a: Tyranitar|Tyranitar, M|100\/100\n|move|p2a: Akira|Shed Tail|p2a: Akira\n|-start|p2a: Akira|Substitute|[from] move: Shed Tail\n|-damage|p2a: Akira|50\/100\n|c|\u2606Oomaester1234|ah\n|\n|t:|1697487102\n|switch|p2a: Arceus-Fight\u0131ng|Arceus-Fire, shiny|100\/100|[from] Shed Tail\n|\n|-weather|none\n|upkeep\n|turn|11\n|\n|t:|1697487106\n|move|p2a: Arceus-Fight\u0131ng|Dragon Dance|p2a: Arceus-Fight\u0131ng\n|-boost|p2a: Arceus-Fight\u0131ng|atk|1\n|-boost|p2a: Arceus-Fight\u0131ng|spe|1\n|move|p1a: Tyranitar|Earthquake|p2a: Arceus-Fight\u0131ng\n|-supereffective|p2a: Arceus-Fight\u0131ng\n|-end|p2a: Arceus-Fight\u0131ng|Substitute\n|\n|upkeep\n|turn|12\n|c|\u2606XpokVEVO|arceus fighting\n|c|\u2606XpokVEVO|close combat\n|c|\u2606XpokVEVO|watch this and learn\n|\n|t:|1697487118\n|move|p2a: Arceus-Fight\u0131ng|Flare Blitz|p1a: Tyranitar\n|-resisted|p1a: Tyranitar\n|-damage|p1a: Tyranitar|58\/100\n|-damage|p2a: Arceus-Fight\u0131ng|86\/100|[from] Recoil\n|move|p1a: Tyranitar|Thunder Wave|p2a: Arceus-Fight\u0131ng\n|-status|p2a: Arceus-Fight\u0131ng|par\n|\n|upkeep\n|turn|13\n|c|\u2606Oomaester1234|damn\n|c|\u2606Oomaester1234|nah see thats an evil tech\n|\n|t:|1697487126\n|move|p2a: Arceus-Fight\u0131ng|Flare Blitz|p1a: Tyranitar\n|-resisted|p1a: Tyranitar\n|-damage|p1a: Tyranitar|14\/100\n|-damage|p2a: Arceus-Fight\u0131ng|70\/100 par|[from] Recoil\n|move|p1a: Tyranitar|Stealth Rock|p2a: Arceus-Fight\u0131ng\n|-sidestart|p2: XpokVEVO|move: Stealth Rock\n|\n|upkeep\n|turn|14\n|\n|t:|1697487133\n|switch|p1a: Ogerpon|Ogerpon-Wellspring, F|100\/100\n|cant|p2a: Arceus-Fight\u0131ng|par\n|\n|upkeep\n|turn|15\n|\n|t:|1697487136\n|switch|p1a: Tyranitar|Tyranitar, M|14\/100\n|-weather|Sandstorm|[from] ability: Sand Stream|[of] p1a: Tyranitar\n|move|p2a: Arceus-Fight\u0131ng|Flare Blitz|p1a: Tyranitar\n|-resisted|p1a: Tyranitar\n|-damage|p1a: Tyranitar|0 fnt\n|faint|p1a: Tyranitar\n|-damage|p2a: Arceus-Fight\u0131ng|66\/100 par|[from] Recoil\n|\n|-weather|Sandstorm|[upkeep]\n|-damage|p2a: Arceus-Fight\u0131ng|60\/100 par|[from] Sandstorm\n|upkeep\n|c|\u2606Oomaester1234|lfg parahax\n|\n|t:|1697487141\n|switch|p1a: Ogerpon|Ogerpon-Wellspring, F|100\/100\n|turn|16\n|\n|t:|1697487144\n|move|p1a: Ogerpon|Ivy Cudgel|p2a: Arceus-Fight\u0131ng\n|-supereffective|p2a: Arceus-Fight\u0131ng\n|-damage|p2a: Arceus-Fight\u0131ng|0 fnt\n|faint|p2a: Arceus-Fight\u0131ng\n|\n|-weather|Sandstorm|[upkeep]\n|-damage|p1a: Ogerpon|95\/100|[from] Sandstorm\n|upkeep\n|\n|t:|1697487147\n|switch|p2a: Akira|Cyclizar, M|84\/100\n|-damage|p2a: Akira|71\/100|[from] Stealth Rock\n|turn|17\n|\n|t:|1697487150\n|move|p2a: Akira|Rapid Spin|p1a: Ogerpon\n|-damage|p1a: Ogerpon|73\/100\n|-boost|p2a: Akira|spe|1\n|-sideend|p2: XpokVEVO|Stealth Rock|[from] move: Rapid Spin|[of] p2a: Akira\n|move|p1a: Ogerpon|Play Rough|p2a: Akira\n|-supereffective|p2a: Akira\n|-damage|p2a: Akira|0 fnt\n|faint|p2a: Akira\n|\n|-weather|Sandstorm|[upkeep]\n|-damage|p1a: Ogerpon|67\/100|[from] Sandstorm\n|upkeep\n|\n|t:|1697487153\n|switch|p2a: Emu War|Espathra, F|100\/100\n|turn|18\n|\n|t:|1697487157\n|move|p2a: Emu War|Protect|p2a: Emu War\n|-singleturn|p2a: Emu War|Protect\n|move|p1a: Ogerpon|Swords Dance|p1a: Ogerpon\n|-boost|p1a: Ogerpon|atk|2\n|\n|-weather|Sandstorm|[upkeep]\n|-damage|p1a: Ogerpon|61\/100|[from] Sandstorm\n|-damage|p2a: Emu War|94\/100|[from] Sandstorm\n|-ability|p2a: Emu War|Speed Boost|boost\n|-boost|p2a: Emu War|spe|1\n|upkeep\n|turn|19\n|c|\u2606Oomaester1234|cmon\n|c|\u2606XpokVEVO|oh come ON\n|\n|t:|1697487164\n|move|p2a: Emu War|Tera Blast|p1a: Ogerpon\n|-crit|p1a: Ogerpon\n|-damage|p1a: Ogerpon|14\/100\n|move|p1a: Ogerpon|Ivy Cudgel|p2a: Emu War\n|-damage|p2a: Emu War|0 fnt\n|faint|p2a: Emu War\n|\n|win|Oomaester1234\n|c|\u2606Oomaester1234|smack this man\n|c|\u2606Oomaester1234|LFG\n|c|\u2606XpokVEVO|how do i\n|c|\u2606Oomaester1234|well woman\n|l|\u2606XpokVEVO\n|c|\u2606Oomaester1234|woman\n|l|\u2606Oomaester1234\n|j|\u2606XpokVEVO\n|player|p2|XpokVEVO|marshal\n","uploadtime":1697487195,"views":24,"p1id":"oomaester1234","p2id":"xpokvevo","formatid":"gen9ubers","rating":0,"private":0,"password":""}