{"id":"gen9ubers-1980656965","p1":"Nagaina040501","p2":"Nuttyr","format":"[Gen 9] Ubers","log":"|j|\u2606Nagaina040501\n|j|\u2606Nuttyr\n|t:|1698808674\n|gametype|singles\n|player|p1|Nagaina040501|sailor|\n|player|p2|Nuttyr|265|\n|teamsize|p1|6\n|teamsize|p2|6\n|gen|9\n|tier|[Gen 9] Ubers\n|rule|Sleep Clause Mod: Limit one foe put to sleep\n|rule|Species Clause: Limit one of each Pok\u00e9mon\n|rule|OHKO Clause: OHKO moves are banned\n|rule|Evasion Items Clause: Evasion items are banned\n|rule|Evasion Moves Clause: Evasion moves are banned\n|rule|Endless Battle Clause: Forcing endless battles is banned\n|rule|HP Percentage Mod: HP is shown in percentages\n|clearpoke\n|poke|p1|Palafin, M|\n|poke|p1|Greninja-*, M|\n|poke|p1|Pelipper, F|\n|poke|p1|Toxapex, F|\n|poke|p1|Zapdos|\n|poke|p1|Ting-Lu|\n|poke|p2|Dipplin, F|\n|poke|p2|Ninetales-Alola, M|\n|poke|p2|Garganacl, M|\n|poke|p2|Samurott-Hisui, M|\n|poke|p2|Gholdengo|\n|poke|p2|Quaquaval, F|\n|teampreview\n|inactive|Battle timer is ON: inactive players will automatically lose when time's up. (requested by Nuttyr)\n|inactive|Nagaina040501 has 270 seconds left.\n|inactiveoff|Battle timer is now OFF.\n|\n|t:|1698808718\n|start\n|switch|p1a: Real Gone|Zapdos|100\/100\n|switch|p2a: Samurott|Samurott-Hisui, M|100\/100\n|turn|1\n|\n|t:|1698808757\n|move|p2a: Samurott|Flip Turn|p1a: Real Gone\n|-damage|p1a: Real Gone|61\/100\n|\n|t:|1698808762\n|switch|p2a: Dipplin|Dipplin, F|100\/100|[from] Flip Turn\n|move|p1a: Real Gone|Volt Switch|p2a: Dipplin\n|-resisted|p2a: Dipplin\n|-damage|p2a: Dipplin|96\/100\n|j| flambojambo\n|\n|t:|1698808768\n|switch|p1a: Pepper|Pelipper, F|100\/100|[from] Volt Switch\n|-weather|RainDance|[from] ability: Drizzle|[of] p1a: Pepper\n|\n|-weather|RainDance|[upkeep]\n|upkeep\n|turn|2\n|\n|t:|1698808776\n|move|p1a: Pepper|U-turn|p2a: Dipplin\n|-supereffective|p2a: Dipplin\n|-damage|p2a: Dipplin|85\/100\n|\n|t:|1698808779\n|switch|p1a: Greninja|Greninja, M|100\/100|[from] U-turn\n|move|p2a: Dipplin|Giga Drain|p1a: Greninja\n|-supereffective|p1a: Greninja\n|-damage|p1a: Greninja|25\/100\n|-heal|p2a: Dipplin|100\/100|[from] drain|[of] p1a: Greninja\n|\n|-weather|RainDance|[upkeep]\n|upkeep\n|turn|3\n|\n|t:|1698808809\n|switch|p1a: Julie|Toxapex, F|100\/100\n|switch|p2a: Samurott|Samurott-Hisui, M|100\/100\n|\n|-weather|RainDance|[upkeep]\n|upkeep\n|turn|4\n|\n|t:|1698808818\n|move|p2a: Samurott|Knock Off|p1a: Julie\n|-damage|p1a: Julie|70\/100\n|-enditem|p1a: Julie|Black Sludge|[from] move: Knock Off|[of] p2a: Samurott\n|move|p1a: Julie|Toxic|p2a: Samurott\n|-status|p2a: Samurott|tox\n|\n|-weather|RainDance|[upkeep]\n|-damage|p2a: Samurott|94\/100 tox|[from] psn\n|upkeep\n|turn|5\n|\n|t:|1698808826\n|switch|p2a: Gholdengo|Gholdengo|100\/100\n|-item|p2a: Gholdengo|Air Balloon\n|move|p1a: Julie|Toxic Spikes|p2a: Gholdengo\n|-sidestart|p2: Nuttyr|move: Toxic Spikes\n|\n|-weather|RainDance|[upkeep]\n|upkeep\n|turn|6\n|\n|t:|1698808839\n|move|p2a: Gholdengo|Thunder Wave|p1a: Julie\n|-status|p1a: Julie|par\n|move|p1a: Julie|Toxic Spikes|p2a: Gholdengo\n|-sidestart|p2: Nuttyr|move: Toxic Spikes\n|\n|-weather|RainDance|[upkeep]\n|upkeep\n|turn|7\n|j| Wha1efish\n|\n|t:|1698808854\n|move|p2a: Gholdengo|Shadow Ball|p1a: Julie\n|-damage|p1a: Julie|33\/100 par\n|move|p1a: Julie|Chilling Water|p2a: Gholdengo\n|-damage|p2a: Gholdengo|83\/100\n|-unboost|p2a: Gholdengo|atk|1\n|-enditem|p2a: Gholdengo|Air Balloon\n|\n|-weather|RainDance|[upkeep]\n|upkeep\n|turn|8\n|\n|t:|1698808863\n|move|p2a: Gholdengo|Shadow Ball|p1a: Julie\n|-damage|p1a: Julie|0 fnt\n|faint|p1a: Julie\n|\n|-weather|none\n|upkeep\n|\n|t:|1698808889\n|switch|p1a: Feeeeeesh|Palafin, M|100\/100\n|turn|9\n|\n|t:|1698808896\n|move|p1a: Feeeeeesh|Flip Turn|p2a: Gholdengo\n|-damage|p2a: Gholdengo|50\/100\n|\n|t:|1698808900\n|detailschange|p1a: Feeeeeesh|Palafin-Hero, M\n|switch|p1a: Pepper|Pelipper, F|100\/100|[from] Flip Turn\n|-weather|RainDance|[from] ability: Drizzle|[of] p1a: Pepper\n|move|p2a: Gholdengo|Shadow Ball|p1a: Pepper\n|-damage|p1a: Pepper|32\/100\n|-unboost|p1a: Pepper|spd|1\n|\n|-weather|RainDance|[upkeep]\n|upkeep\n|turn|10\n|\n|t:|1698808921\n|move|p2a: Gholdengo|Shadow Ball|p1a: Pepper\n|-damage|p1a: Pepper|0 fnt\n|faint|p1a: Pepper\n|\n|-weather|RainDance|[upkeep]\n|upkeep\n|\n|t:|1698808936\n|switch|p1a: Feeeeeesh|Palafin-Hero, M|100\/100\n|-activate|p1a: Feeeeeesh|ability: Zero to Hero\n|turn|11\n|\n|t:|1698808957\n|move|p1a: Feeeeeesh|Wave Crash|p2a: Gholdengo\n|-damage|p2a: Gholdengo|0 fnt\n|faint|p2a: Gholdengo\n|-damage|p1a: Feeeeeesh|86\/100|[from] Recoil\n|\n|-weather|RainDance|[upkeep]\n|upkeep\n|\n|t:|1698808973\n|switch|p2a: Ninetales|Ninetales-Alola, M|100\/100\n|-status|p2a: Ninetales|tox\n|-weather|Snow|[from] ability: Snow Warning|[of] p2a: Ninetales\n|turn|12\n|\n|t:|1698808983\n|move|p2a: Ninetales|Aurora Veil|p2a: Ninetales\n|-sidestart|p2: Nuttyr|move: Aurora Veil\n|move|p1a: Feeeeeesh|Wave Crash|p2a: Ninetales\n|-damage|p2a: Ninetales|37\/100 tox\n|-damage|p1a: Feeeeeesh|68\/100|[from] Recoil\n|\n|-weather|Snow|[upkeep]\n|-damage|p2a: Ninetales|31\/100 tox|[from] psn\n|upkeep\n|turn|13\n|\n|t:|1698808991\n|move|p2a: Ninetales|Moonblast|p1a: Feeeeeesh\n|-damage|p1a: Feeeeeesh|34\/100\n|-unboost|p1a: Feeeeeesh|spa|1\n|move|p1a: Feeeeeesh|Wave Crash|p2a: Ninetales\n|-damage|p2a: Ninetales|0 fnt\n|faint|p2a: Ninetales\n|-damage|p1a: Feeeeeesh|26\/100|[from] Recoil\n|\n|-weather|Snow|[upkeep]\n|upkeep\n|\n|t:|1698808998\n|switch|p2a: Quaquaval|Quaquaval, F|100\/100\n|-status|p2a: Quaquaval|tox\n|turn|14\n|\n|t:|1698809011\n|switch|p1a: AARock|Ting-Lu|100\/100\n|-ability|p1a: AARock|Vessel of Ruin\n|move|p2a: Quaquaval|Rapid Spin|p1a: AARock\n|-damage|p1a: AARock|90\/100\n|-boost|p2a: Quaquaval|spe|1\n|-sideend|p2: Nuttyr|Toxic Spikes|[from] move: Rapid Spin|[of] p2a: Quaquaval\n|-enditem|p1a: AARock|Red Card|[of] p2a: Quaquaval\n|drag|p2a: Dipplin|Dipplin, F|100\/100\n|\n|-weather|Snow|[upkeep]\n|upkeep\n|turn|15\n|\n|t:|1698809039\n|switch|p2a: Quaquaval|Quaquaval, F|100\/100 tox\n|move|p1a: AARock|Stealth Rock|p2a: Quaquaval\n|-sidestart|p2: Nuttyr|move: Stealth Rock\n|\n|-weather|Snow|[upkeep]\n|-damage|p2a: Quaquaval|94\/100 tox|[from] psn\n|upkeep\n|turn|16\n|\n|t:|1698809046\n|move|p2a: Quaquaval|Aqua Step|p1a: AARock\n|-supereffective|p1a: AARock\n|-damage|p1a: AARock|37\/100\n|-boost|p2a: Quaquaval|spe|1\n|move|p1a: AARock|Spikes|p2a: Quaquaval\n|-sidestart|p2: Nuttyr|Spikes\n|\n|-weather|none\n|-damage|p2a: Quaquaval|82\/100 tox|[from] psn\n|upkeep\n|turn|17\n|\n|t:|1698809054\n|move|p2a: Quaquaval|Aqua Step|p1a: AARock\n|-supereffective|p1a: AARock\n|-damage|p1a: AARock|0 fnt\n|-boost|p2a: Quaquaval|spe|1\n|faint|p1a: AARock\n|-ability|p2a: Quaquaval|Moxie|boost\n|-boost|p2a: Quaquaval|atk|1\n|\n|-damage|p2a: Quaquaval|64\/100 tox|[from] psn\n|upkeep\n|\n|t:|1698809069\n|switch|p1a: Real Gone|Zapdos|61\/100\n|turn|18\n|\n|t:|1698809073\n|move|p2a: Quaquaval|Aqua Step|p1a: Real Gone\n|-damage|p1a: Real Gone|0 fnt\n|-boost|p2a: Quaquaval|spe|1\n|faint|p1a: Real Gone\n|-ability|p2a: Quaquaval|Moxie|boost\n|-boost|p2a: Quaquaval|atk|1\n|\n|-damage|p2a: Quaquaval|40\/100 tox|[from] psn\n|upkeep\n|\n|t:|1698809083\n|switch|p1a: Feeeeeesh|Palafin-Hero, M|26\/100\n|turn|19\n|\n|t:|1698809090\n|move|p2a: Quaquaval|Aqua Jet|p1a: Feeeeeesh\n|-resisted|p1a: Feeeeeesh\n|-damage|p1a: Feeeeeesh|2\/100\n|move|p1a: Feeeeeesh|Wave Crash|p2a: Quaquaval\n|-resisted|p2a: Quaquaval\n|-damage|p2a: Quaquaval|0 fnt\n|faint|p2a: Quaquaval\n|-damage|p1a: Feeeeeesh|0 fnt|[from] Recoil\n|faint|p1a: Feeeeeesh\n|\n|-sideend|p2: Nuttyr|move: Aurora Veil\n|upkeep\n|\n|t:|1698809110\n|switch|p1a: Greninja|Greninja, M|25\/100\n|switch|p2a: Dipplin|Dipplin, F|100\/100\n|-damage|p2a: Dipplin|88\/100|[from] Stealth Rock\n|-damage|p2a: Dipplin|76\/100|[from] Spikes\n|turn|20\n|\n|t:|1698809122\n|move|p1a: Greninja|Dark Pulse|p2a: Dipplin\n|-damage|p2a: Dipplin|51\/100\n|-damage|p1a: Greninja|15\/100|[from] item: Life Orb\n|move|p2a: Dipplin|Giga Drain|p1a: Greninja\n|-supereffective|p1a: Greninja\n|-damage|p1a: Greninja|0 fnt\n|-heal|p2a: Dipplin|57\/100|[from] drain|[of] p1a: Greninja\n|faint|p1a: Greninja\n|\n|win|Nuttyr\n","uploadtime":1698809138,"views":15,"p1id":"nagaina040501","p2id":"nuttyr","formatid":"gen9ubers","rating":0,"private":0,"password":""}