{"id":"gen9ubers-1968240566","p1":"EhrenApfel6.9","p2":"Oomaester1234","format":"[Gen 9] Ubers","log":"|j|\u2606EhrenApfel6.9\n|j|\u2606Oomaester1234\n|t:|1697398078\n|gametype|singles\n|player|p1|EhrenApfel6.9|blackbelt|\n|player|p2|Oomaester1234|teamrocket|\n|teamsize|p1|6\n|teamsize|p2|6\n|gen|9\n|tier|[Gen 9] Ubers\n|rule|Sleep Clause Mod: Limit one foe put to sleep\n|rule|Species Clause: Limit one of each Pok\u00e9mon\n|rule|OHKO Clause: OHKO moves are banned\n|rule|Evasion Items Clause: Evasion items are banned\n|rule|Evasion Moves Clause: Evasion moves are banned\n|rule|Endless Battle Clause: Forcing endless battles is banned\n|rule|HP Percentage Mod: HP is shown in percentages\n|clearpoke\n|poke|p1|Pelipper, F|\n|poke|p1|Basculegion-F, F|\n|poke|p1|Thundurus-Therian, M|\n|poke|p1|Zacian-*|\n|poke|p1|Palkia-Origin|\n|poke|p1|Arceus-Grass|\n|poke|p2|Landorus, M|\n|poke|p2|Kommo-o, F|\n|poke|p2|Orthworm, M|\n|poke|p2|Weezing-Galar, M|\n|poke|p2|Palafin, F|\n|poke|p2|Shaymin-Sky|\n|teampreview\n|\n|t:|1697398102\n|start\n|switch|p1a: Pelipper|Pelipper, F|100\/100\n|switch|p2a: Palafin|Palafin, F|100\/100\n|-weather|RainDance|[from] ability: Drizzle|[of] p1a: Pelipper\n|turn|1\n|\n|t:|1697398105\n|move|p2a: Palafin|Flip Turn|p1a: Pelipper\n|-resisted|p1a: Pelipper\n|-damage|p1a: Pelipper|85\/100\n|\n|t:|1697398129\n|detailschange|p2a: Palafin|Palafin-Hero, F\n|switch|p2a: Orthworm|Orthworm, M|100\/100|[from] Flip Turn\n|move|p1a: Pelipper|U-turn|p2a: Orthworm\n|-resisted|p2a: Orthworm\n|-damage|p2a: Orthworm|98\/100\n|inactive|Battle timer is ON: inactive players will automatically lose when time's up. (requested by EhrenApfel6.9)\n|\n|t:|1697398142\n|switch|p1a: Basculegion|Basculegion-F, F|100\/100|[from] U-turn\n|\n|-weather|RainDance|[upkeep]\n|upkeep\n|turn|2\n|\n|t:|1697398165\n|-terastallize|p2a: Orthworm|Water\n|move|p1a: Basculegion|Wave Crash|p2a: Orthworm\n|-resisted|p2a: Orthworm\n|-damage|p2a: Orthworm|66\/100\n|-damage|p1a: Basculegion|91\/100|[from] Recoil\n|move|p2a: Orthworm|Shed Tail|p2a: Orthworm\n|-start|p2a: Orthworm|Substitute|[from] move: Shed Tail\n|-damage|p2a: Orthworm|16\/100\n|-enditem|p2a: Orthworm|Sitrus Berry|[eat]\n|-heal|p2a: Orthworm|41\/100|[from] item: Sitrus Berry\n|inactive|Oomaester1234 has 270 seconds left.\n|\n|t:|1697398191\n|switch|p2a: Palafin|Palafin-Hero, F|100\/100|[from] Shed Tail\n|-activate|p2a: Palafin|ability: Zero to Hero\n|\n|-weather|RainDance|[upkeep]\n|upkeep\n|turn|3\n|\n|t:|1697398200\n|switch|p1a: Thundurus|Thundurus-Therian, M|100\/100\n|move|p2a: Palafin|Bulk Up|p2a: Palafin\n|-boost|p2a: Palafin|atk|1\n|-boost|p2a: Palafin|def|1\n|\n|-weather|RainDance|[upkeep]\n|upkeep\n|turn|4\n|inactive|Oomaester1234 has 270 seconds left.\n|\n|t:|1697398208\n|move|p2a: Palafin|Jet Punch|p1a: Thundurus\n|-damage|p1a: Thundurus|0 fnt\n|faint|p1a: Thundurus\n|\n|-weather|RainDance|[upkeep]\n|upkeep\n|\n|t:|1697398213\n|switch|p1a: Palkia|Palkia-Origin|100\/100\n|-ability|p1a: Palkia|Pressure\n|turn|5\n|\n|t:|1697398223\n|move|p1a: Palkia|Spacial Rend|p2a: Palafin\n|-end|p2a: Palafin|Substitute\n|move|p2a: Palafin|Close Combat|p1a: Palkia\n|-damage|p1a: Palkia|28\/100\n|-unboost|p2a: Palafin|def|1\n|-unboost|p2a: Palafin|spd|1\n|\n|-weather|RainDance|[upkeep]\n|upkeep\n|turn|6\n|\n|t:|1697398231\n|switch|p2a: Weezing|Weezing-Galar, M|100\/100\n|-ability|p2a: Weezing|Neutralizing Gas\n|move|p1a: Palkia|Spacial Rend|p2a: Weezing\n|-immune|p2a: Weezing\n|\n|-weather|RainDance|[upkeep]\n|upkeep\n|turn|7\n|\n|t:|1697398242\n|move|p1a: Palkia|Earth Power|p2a: Weezing\n|-supereffective|p2a: Weezing\n|-damage|p2a: Weezing|12\/100\n|move|p2a: Weezing|Strange Steam|p1a: Palkia\n|-supereffective|p1a: Palkia\n|-damage|p1a: Palkia|0 fnt\n|faint|p1a: Palkia\n|\n|-weather|RainDance|[upkeep]\n|upkeep\n|\n|t:|1697398247\n|switch|p1a: Basculegion|Basculegion-F, F|91\/100\n|turn|8\n|\n|t:|1697398262\n|move|p1a: Basculegion|Aqua Jet|p2a: Weezing\n|-damage|p2a: Weezing|0 fnt\n|faint|p2a: Weezing\n|-end|p2a: Weezing|ability: Neutralizing Gas\n|\n|-weather|none\n|upkeep\n|inactive|Oomaester1234 has 270 seconds left.\n|\n|t:|1697398298\n|switch|p2a: Landorus|Landorus, M|100\/100\n|turn|9\n|\n|t:|1697398305\n|switch|p1a: Pelipper|Pelipper, F|85\/100\n|-weather|RainDance|[from] ability: Drizzle|[of] p1a: Pelipper\n|move|p2a: Landorus|Sludge Bomb|p1a: Pelipper\n|-damage|p1a: Pelipper|35\/100\n|\n|-weather|RainDance|[upkeep]\n|upkeep\n|turn|10\n|\n|t:|1697398313\n|move|p2a: Landorus|Sludge Bomb|p1a: Pelipper\n|-damage|p1a: Pelipper|0 fnt\n|faint|p1a: Pelipper\n|\n|-weather|RainDance|[upkeep]\n|upkeep\n|\n|t:|1697398316\n|switch|p1a: Basculegion|Basculegion-F, F|91\/100\n|turn|11\n|\n|t:|1697398321\n|switch|p2a: Orthworm|Orthworm, M, tera:Water|41\/100\n|move|p1a: Basculegion|Last Respects|p2a: Orthworm\n|-damage|p2a: Orthworm|0 fnt\n|faint|p2a: Orthworm\n|\n|-weather|RainDance|[upkeep]\n|upkeep\n|\n|t:|1697398343\n|switch|p2a: Kommo-o|Kommo-o, F|100\/100\n|turn|12\n|\n|t:|1697398347\n|switch|p1a: Zacian|Zacian|100\/100\n|-ability|p1a: Zacian|Intrepid Sword|boost\n|-boost|p1a: Zacian|atk|1\n|move|p2a: Kommo-o|Clanging Scales|p1a: Zacian\n|-immune|p1a: Zacian\n|\n|-weather|RainDance|[upkeep]\n|upkeep\n|turn|13\n|\n|t:|1697398359\n|switch|p2a: Landorus|Landorus, M|100\/100\n|move|p1a: Zacian|Play Rough|p2a: Landorus\n|-damage|p2a: Landorus|19\/100\n|\n|-weather|RainDance|[upkeep]\n|upkeep\n|turn|14\n|\n|t:|1697398367\n|move|p1a: Zacian|Trailblaze|p2a: Landorus\n|-damage|p2a: Landorus|0 fnt\n|-boost|p1a: Zacian|spe|1\n|faint|p2a: Landorus\n|\n|-weather|RainDance|[upkeep]\n|upkeep\n|\n|t:|1697398372\n|switch|p2a: Palafin|Palafin-Hero, F|100\/100\n|turn|15\n|\n|t:|1697398375\n|move|p2a: Palafin|Jet Punch|p1a: Zacian\n|-damage|p1a: Zacian|46\/100\n|move|p1a: Zacian|Play Rough|p2a: Palafin\n|-damage|p2a: Palafin|36\/100\n|\n|-weather|RainDance|[upkeep]\n|-heal|p2a: Palafin|42\/100|[from] item: Leftovers\n|upkeep\n|turn|16\n|\n|t:|1697398380\n|move|p2a: Palafin|Jet Punch|p1a: Zacian\n|-damage|p1a: Zacian|0 fnt\n|faint|p1a: Zacian\n|\n|-weather|none\n|-heal|p2a: Palafin|48\/100|[from] item: Leftovers\n|upkeep\n|\n|t:|1697398385\n|switch|p1a: Arceus|Arceus-Grass|100\/100\n|turn|17\n|\n|t:|1697398389\n|move|p1a: Arceus|Judgment|p2a: Palafin\n|-supereffective|p2a: Palafin\n|-damage|p2a: Palafin|0 fnt\n|faint|p2a: Palafin\n|\n|upkeep\n|\n|t:|1697398396\n|switch|p2a: Shaymin|Shaymin-Sky|100\/100\n|turn|18\n|\n|t:|1697398399\n|switch|p1a: Basculegion|Basculegion-F, F|91\/100\n|move|p2a: Shaymin|Air Slash|p1a: Basculegion\n|-damage|p1a: Basculegion|56\/100\n|\n|upkeep\n|turn|19\n|\n|t:|1697398408\n|move|p2a: Shaymin|Seed Flare|p1a: Basculegion\n|-supereffective|p1a: Basculegion\n|-damage|p1a: Basculegion|0 fnt\n|faint|p1a: Basculegion\n|\n|upkeep\n|\n|t:|1697398411\n|switch|p1a: Arceus|Arceus-Grass|100\/100\n|turn|20\n|\n|t:|1697398417\n|-terastallize|p1a: Arceus|Ground\n|move|p2a: Shaymin|Air Slash|p1a: Arceus\n|-damage|p1a: Arceus|78\/100\n|cant|p1a: Arceus|flinch\n|\n|upkeep\n|turn|21\n|\n|t:|1697398423\n|move|p2a: Shaymin|Seed Flare|p1a: Arceus|[miss]\n|-miss|p2a: Shaymin|p1a: Arceus\n|move|p1a: Arceus|Judgment|p2a: Shaymin\n|-resisted|p2a: Shaymin\n|-damage|p2a: Shaymin|87\/100\n|\n|-heal|p2a: Shaymin|93\/100|[from] item: Leftovers\n|upkeep\n|turn|22\n|-message|EhrenApfel6.9 forfeited.\n|\n|win|Oomaester1234\n|l|\u2606EhrenApfel6.9\n","uploadtime":1697398462,"views":7,"p1id":"ehrenapfel69","p2id":"oomaester1234","formatid":"gen9ubers","rating":0,"private":0,"password":""}