{"id":"gen9ubers-1968304459","p1":"NexusAS","p2":"DylanUni","format":"[Gen 9] Ubers","log":"|j|\u2606NexusAS\n|j|\u2606DylanUni\n|t:|1697404229\n|gametype|singles\n|player|p1|NexusAS|red|\n|player|p2|DylanUni|ghetsis-gen5bw|\n|teamsize|p1|6\n|teamsize|p2|6\n|gen|9\n|tier|[Gen 9] Ubers\n|rule|Sleep Clause Mod: Limit one foe put to sleep\n|rule|Species Clause: Limit one of each Pok\u00e9mon\n|rule|OHKO Clause: OHKO moves are banned\n|rule|Evasion Items Clause: Evasion items are banned\n|rule|Evasion Moves Clause: Evasion moves are banned\n|rule|Endless Battle Clause: Forcing endless battles is banned\n|rule|HP Percentage Mod: HP is shown in percentages\n|clearpoke\n|poke|p1|Drifblim, M|\n|poke|p1|Vaporeon, F|\n|poke|p1|Lycanroc-Dusk, M|\n|poke|p1|Meowscarada, F|\n|poke|p1|Ursaluna-Bloodmoon, M|\n|poke|p1|Florges, F|\n|poke|p2|Landorus-Therian, M|\n|poke|p2|Ribombee, F|\n|poke|p2|Zangoose, M|\n|poke|p2|Thundurus-Therian, M|\n|poke|p2|Coalossal, M|\n|poke|p2|Cresselia, F|\n|teampreview\n|inactive|Battle timer is ON: inactive players will automatically lose when time's up. (requested by NexusAS)\n|inactiveoff|Battle timer is now OFF.\n|\n|t:|1697404253\n|start\n|switch|p1a: Drifblim|Drifblim, M|100\/100\n|switch|p2a: Ribombee|Ribombee, F|100\/100\n|turn|1\n|\n|t:|1697404259\n|move|p2a: Ribombee|Sticky Web|p1a: Drifblim\n|-sidestart|p1: NexusAS|move: Sticky Web\n|move|p1a: Drifblim|Calm Mind|p1a: Drifblim\n|-boost|p1a: Drifblim|spa|1\n|-boost|p1a: Drifblim|spd|1\n|\n|upkeep\n|turn|2\n|\n|t:|1697404264\n|move|p2a: Ribombee|Sticky Web||[still]\n|-fail|p2a: Ribombee\n|move|p1a: Drifblim|Calm Mind|p1a: Drifblim\n|-boost|p1a: Drifblim|spa|1\n|-boost|p1a: Drifblim|spd|1\n|\n|upkeep\n|turn|3\n|\n|t:|1697404269\n|move|p2a: Ribombee|Sticky Web||[still]\n|-fail|p2a: Ribombee\n|move|p1a: Drifblim|Calm Mind|p1a: Drifblim\n|-boost|p1a: Drifblim|spa|1\n|-boost|p1a: Drifblim|spd|1\n|\n|upkeep\n|turn|4\n|\n|t:|1697404274\n|move|p2a: Ribombee|Sticky Web||[still]\n|-fail|p2a: Ribombee\n|move|p1a: Drifblim|Air Slash|p2a: Ribombee\n|-supereffective|p2a: Ribombee\n|-enditem|p2a: Ribombee|Focus Sash\n|-damage|p2a: Ribombee|1\/100\n|\n|upkeep\n|turn|5\n|\n|t:|1697404280\n|move|p2a: Ribombee|Sticky Web||[still]\n|-fail|p2a: Ribombee\n|move|p1a: Drifblim|Shadow Ball|p2a: Ribombee\n|-damage|p2a: Ribombee|0 fnt\n|faint|p2a: Ribombee\n|\n|upkeep\n|\n|t:|1697404286\n|switch|p2a: Landorus|Landorus-Therian, M|100\/100\n|-ability|p2a: Landorus|Intimidate|boost\n|-unboost|p1a: Drifblim|atk|1\n|turn|6\n|\n|t:|1697404292\n|move|p2a: Landorus|Focus Blast|p1a: Drifblim\n|-immune|p1a: Drifblim\n|move|p1a: Drifblim|Strength Sap|p2a: Landorus\n|-unboost|p2a: Landorus|atk|1\n|\n|upkeep\n|turn|7\n|j| Seior\n|\n|t:|1697404297\n|move|p2a: Landorus|Focus Blast|p1a: Drifblim\n|-immune|p1a: Drifblim\n|move|p1a: Drifblim|Air Slash|p2a: Landorus\n|-damage|p2a: Landorus|0 fnt\n|faint|p2a: Landorus\n|\n|upkeep\n|\n|t:|1697404303\n|switch|p2a: Zangoose|Zangoose, M|100\/100\n|turn|8\n|c| Seior|did yall submit teams prior\n|c|\u2606NexusAS|i did\n|\n|t:|1697404312\n|move|p2a: Zangoose|Facade|p1a: Drifblim\n|-immune|p1a: Drifblim\n|move|p1a: Drifblim|Air Slash|p2a: Zangoose\n|-damage|p2a: Zangoose|0 fnt\n|faint|p2a: Zangoose\n|\n|upkeep\n|\n|t:|1697404322\n|switch|p2a: Thundurus|Thundurus-Therian, M|100\/100\n|turn|9\n|\n|t:|1697404325\n|move|p2a: Thundurus|Hammer Arm|p1a: Drifblim\n|-immune|p1a: Drifblim\n|move|p1a: Drifblim|Shadow Ball|p2a: Thundurus\n|-damage|p2a: Thundurus|0 fnt\n|faint|p2a: Thundurus\n|\n|upkeep\n|\n|t:|1697404332\n|switch|p2a: Coalossal|Coalossal, M|100\/100\n|turn|10\n|\n|t:|1697404335\n|move|p1a: Drifblim|Shadow Ball|p2a: Coalossal\n|-damage|p2a: Coalossal|30\/100\n|move|p2a: Coalossal|Earth Power|p1a: Drifblim\n|-immune|p1a: Drifblim\n|\n|upkeep\n|turn|11\n|\n|t:|1697404341\n|move|p1a: Drifblim|Shadow Ball|p2a: Coalossal\n|-damage|p2a: Coalossal|0 fnt\n|faint|p2a: Coalossal\n|\n|upkeep\n|\n|t:|1697404345\n|switch|p2a: Cresselia|Cresselia, F|100\/100\n|turn|12\n|\n|t:|1697404348\n|move|p1a: Drifblim|Shadow Ball|p2a: Cresselia\n|-supereffective|p2a: Cresselia\n|-damage|p2a: Cresselia|0 fnt\n|faint|p2a: Cresselia\n|\n|win|NexusAS\n","uploadtime":1697404353,"views":33,"p1id":"nexusas","p2id":"dylanuni","formatid":"gen9ubers","rating":0,"private":0,"password":""}