{"id":"gen9ubers-1979112569","p1":"Laprasrules12","p2":"nimjaishot","format":"[Gen 9] Ubers","log":"|j|\u2606Laprasrules12\n|j|\u2606nimjaishot\n|t:|1698633856\n|gametype|singles\n|player|p1|Laprasrules12|lusamine-nihilego|\n|player|p2|nimjaishot|winona-gen6|\n|teamsize|p1|6\n|teamsize|p2|6\n|gen|9\n|tier|[Gen 9] Ubers\n|rule|Sleep Clause Mod: Limit one foe put to sleep\n|rule|Species Clause: Limit one of each Pok\u00e9mon\n|rule|OHKO Clause: OHKO moves are banned\n|rule|Evasion Items Clause: Evasion items are banned\n|rule|Evasion Moves Clause: Evasion moves are banned\n|rule|Endless Battle Clause: Forcing endless battles is banned\n|rule|HP Percentage Mod: HP is shown in percentages\n|clearpoke\n|poke|p1|Arceus-Fighting|\n|poke|p1|Zacian-*|\n|poke|p1|Palkia-Origin|\n|poke|p1|Cyclizar, F|\n|poke|p1|Kommo-o, M|\n|poke|p1|Chi-Yu|\n|poke|p2|Shaymin-Sky|\n|poke|p2|Gholdengo|\n|poke|p2|Arceus-Poison|\n|poke|p2|Zacian-*|\n|poke|p2|Chi-Yu|\n|poke|p2|Cyclizar, M|\n|teampreview\n|inactive|Battle timer is ON: inactive players will automatically lose when time's up. (requested by Laprasrules12)\n|\n|t:|1698633860\n|start\n|switch|p1a: Say Gex|Cyclizar, F, shiny|100\/100\n|switch|p2a: Shaymin|Shaymin-Sky|100\/100\n|turn|1\n|\n|t:|1698633863\n|move|p2a: Shaymin|Air Slash|p1a: Say Gex\n|-damage|p1a: Say Gex|56\/100\n|move|p1a: Say Gex|Shed Tail|p1a: Say Gex\n|-start|p1a: Say Gex|Substitute|[from] move: Shed Tail\n|-damage|p1a: Say Gex|6\/100\n|\n|t:|1698633870\n|switch|p1a: Goldfish|Chi-Yu|100\/100|[from] Shed Tail\n|-ability|p1a: Goldfish|Beads of Ruin\n|\n|upkeep\n|turn|2\n|\n|t:|1698633875\n|move|p2a: Shaymin|Air Slash|p1a: Goldfish\n|-end|p1a: Goldfish|Substitute\n|move|p1a: Goldfish|Flame Charge|p2a: Shaymin\n|-supereffective|p2a: Shaymin\n|-damage|p2a: Shaymin|65\/100\n|-boost|p1a: Goldfish|spe|1\n|\n|upkeep\n|turn|3\n|\n|t:|1698633877\n|move|p2a: Shaymin|Air Slash|p1a: Goldfish\n|-damage|p1a: Goldfish|61\/100\n|cant|p1a: Goldfish|flinch\n|\n|upkeep\n|turn|4\n|\n|t:|1698633880\n|move|p2a: Shaymin|Air Slash|p1a: Goldfish\n|-damage|p1a: Goldfish|26\/100\n|move|p1a: Goldfish|Flame Charge|p2a: Shaymin\n|-supereffective|p2a: Shaymin\n|-damage|p2a: Shaymin|27\/100\n|-boost|p1a: Goldfish|spe|1\n|\n|upkeep\n|turn|5\n|\n|t:|1698633883\n|move|p1a: Goldfish|Flame Charge|p2a: Shaymin\n|-supereffective|p2a: Shaymin\n|-crit|p2a: Shaymin\n|-damage|p2a: Shaymin|0 fnt\n|-boost|p1a: Goldfish|spe|1\n|faint|p2a: Shaymin\n|\n|upkeep\n|\n|t:|1698633886\n|switch|p2a: Arceus|Arceus-Poison|100\/100\n|turn|6\n|\n|t:|1698633890\n|-terastallize|p1a: Goldfish|Ghost\n|move|p2a: Arceus|Extreme Speed|p1a: Goldfish\n|-immune|p1a: Goldfish\n|move|p1a: Goldfish|Nasty Plot|p1a: Goldfish\n|-boost|p1a: Goldfish|spa|2\n|\n|upkeep\n|turn|7\n|\n|t:|1698633897\n|move|p1a: Goldfish|Overheat|p2a: Arceus\n|-damage|p2a: Arceus|0 fnt\n|-unboost|p1a: Goldfish|spa|2\n|faint|p2a: Arceus\n|\n|upkeep\n|\n|t:|1698633913\n|switch|p2a: Zacian|Zacian|100\/100\n|-ability|p2a: Zacian|Intrepid Sword|boost\n|-boost|p2a: Zacian|atk|1\n|turn|8\n|\n|t:|1698633918\n|move|p1a: Goldfish|Overheat|p2a: Zacian\n|-damage|p2a: Zacian|12\/100\n|-unboost|p1a: Goldfish|spa|2\n|move|p2a: Zacian|Iron Head|p1a: Goldfish\n|-damage|p1a: Goldfish|0 fnt\n|faint|p1a: Goldfish\n|\n|upkeep\n|\n|t:|1698633925\n|switch|p1a: Sif|Zacian, shiny|100\/100\n|-ability|p1a: Sif|Intrepid Sword|boost\n|-boost|p1a: Sif|atk|1\n|turn|9\n|\n|t:|1698633928\n|move|p1a: Sif|Tera Blast|p2a: Zacian\n|-damage|p2a: Zacian|0 fnt\n|faint|p2a: Zacian\n|-damage|p1a: Sif|91\/100|[from] item: Life Orb\n|\n|upkeep\n|\n|t:|1698633931\n|switch|p2a: Chi-Yu|Chi-Yu|100\/100\n|-ability|p2a: Chi-Yu|Beads of Ruin\n|turn|10\n|\n|t:|1698633934\n|move|p2a: Chi-Yu|Overheat|p1a: Sif\n|-damage|p1a: Sif|4\/100\n|-unboost|p2a: Chi-Yu|spa|2\n|move|p1a: Sif|Close Combat|p2a: Chi-Yu\n|-supereffective|p2a: Chi-Yu\n|-damage|p2a: Chi-Yu|0 fnt\n|-unboost|p1a: Sif|def|1\n|-unboost|p1a: Sif|spd|1\n|faint|p2a: Chi-Yu\n|-damage|p1a: Sif|0 fnt|[from] item: Life Orb\n|faint|p1a: Sif\n|\n|upkeep\n|-message|nimjaishot forfeited.\n|\n|win|Laprasrules12\n|l|\u2606nimjaishot\n","uploadtime":1698633946,"views":13,"p1id":"laprasrules12","p2id":"nimjaishot","formatid":"gen9ubers","rating":0,"private":0,"password":""}