{"id":"gen9ubers-1974297707","p1":"Laprasrules12","p2":"qewt","format":"[Gen 9] Ubers","log":"|j|\u2606Laprasrules12\n|j|\u2606qewt\n|t:|1698075786\n|gametype|singles\n|player|p1|Laprasrules12|lusamine-nihilego|\n|player|p2|qewt|furisodegirl-black|\n|teamsize|p1|6\n|teamsize|p2|6\n|gen|9\n|tier|[Gen 9] Ubers\n|rule|Sleep Clause Mod: Limit one foe put to sleep\n|rule|Species Clause: Limit one of each Pok\u00e9mon\n|rule|OHKO Clause: OHKO moves are banned\n|rule|Evasion Items Clause: Evasion items are banned\n|rule|Evasion Moves Clause: Evasion moves are banned\n|rule|Endless Battle Clause: Forcing endless battles is banned\n|rule|HP Percentage Mod: HP is shown in percentages\n|clearpoke\n|poke|p1|Arceus-Fighting|\n|poke|p1|Espathra, F|\n|poke|p1|Zacian-*|\n|poke|p1|Palkia-Origin|\n|poke|p1|Cyclizar, F|\n|poke|p1|Magearna-Original|\n|poke|p2|Zacian-*|\n|poke|p2|Arceus-Poison|\n|poke|p2|Dialga|\n|poke|p2|Palkia-Origin|\n|poke|p2|Gliscor, M|\n|poke|p2|Cyclizar, M|\n|teampreview\n|inactive|Battle timer is ON: inactive players will automatically lose when time's up. (requested by Laprasrules12)\n|\n|t:|1698075806\n|start\n|switch|p1a: Say Gex|Cyclizar, F, shiny|100\/100\n|switch|p2a: Cyclizar|Cyclizar, M|100\/100\n|turn|1\n|\n|t:|1698075822\n|move|p1a: Say Gex|Shed Tail|p1a: Say Gex\n|-start|p1a: Say Gex|Substitute|[from] move: Shed Tail\n|-damage|p1a: Say Gex|50\/100\n|\n|t:|1698075826\n|switch|p1a: Cleopatra|Espathra, F, shiny|100\/100|[from] Shed Tail\n|move|p2a: Cyclizar|Shed Tail|p2a: Cyclizar\n|-start|p2a: Cyclizar|Substitute|[from] move: Shed Tail\n|-damage|p2a: Cyclizar|50\/100\n|\n|t:|1698075830\n|switch|p2a: Dialga|Dialga|100\/100|[from] Shed Tail\n|-ability|p2a: Dialga|Pressure\n|\n|upkeep\n|turn|2\n|\n|t:|1698075835\n|-terastallize|p1a: Cleopatra|Fighting\n|move|p1a: Cleopatra|Tera Blast|p2a: Dialga|[anim] Tera Blast Fighting\n|-supereffective|p2a: Dialga\n|-end|p2a: Dialga|Substitute\n|move|p2a: Dialga|Iron Defense|p2a: Dialga\n|-boost|p2a: Dialga|def|2\n|\n|-ability|p1a: Cleopatra|Speed Boost|boost\n|-boost|p1a: Cleopatra|spe|1\n|upkeep\n|turn|3\n|\n|t:|1698075839\n|move|p1a: Cleopatra|Calm Mind|p1a: Cleopatra\n|-boost|p1a: Cleopatra|spa|1\n|-boost|p1a: Cleopatra|spd|1\n|move|p2a: Dialga|Roar|p1a: Cleopatra\n|drag|p1a: Kratos|Arceus-Fighting, shiny|100\/100\n|\n|upkeep\n|turn|4\n|\n|t:|1698075852\n|switch|p2a: Gliscor|Gliscor, M, shiny|100\/100\n|move|p1a: Kratos|Cosmic Power|p1a: Kratos\n|-boost|p1a: Kratos|def|1\n|-boost|p1a: Kratos|spd|1\n|\n|-status|p2a: Gliscor|tox|[from] item: Toxic Orb\n|upkeep\n|turn|5\n|\n|t:|1698075857\n|switch|p1a: Pok\u00e9ball|Magearna-Original|100\/100\n|move|p2a: Gliscor|Toxic|p1a: Pok\u00e9ball\n|-immune|p1a: Pok\u00e9ball\n|\n|upkeep\n|turn|6\n|\n|t:|1698075863\n|switch|p1a: Say Gex|Cyclizar, F, shiny|84\/100\n|move|p2a: Gliscor|Spikes|p1a: Say Gex\n|-sidestart|p1: Laprasrules12|Spikes\n|\n|upkeep\n|turn|7\n|\n|t:|1698075870\n|move|p1a: Say Gex|Shed Tail|p1a: Say Gex\n|-start|p1a: Say Gex|Substitute|[from] move: Shed Tail\n|-damage|p1a: Say Gex|34\/100\n|\n|t:|1698075872\n|switch|p1a: Cleopatra|Espathra, F, shiny, tera:Fighting|100\/100|[from] Shed Tail\n|-damage|p1a: Cleopatra|88\/100|[from] Spikes\n|move|p2a: Gliscor|Earthquake|p1a: Cleopatra\n|-end|p1a: Cleopatra|Substitute\n|\n|-heal|p1a: Cleopatra|94\/100|[from] item: Leftovers\n|upkeep\n|turn|8\n|\n|t:|1698075878\n|move|p1a: Cleopatra|Protect|p1a: Cleopatra\n|-singleturn|p1a: Cleopatra|Protect\n|move|p2a: Gliscor|Toxic|p1a: Cleopatra\n|-activate|p1a: Cleopatra|move: Protect\n|\n|-heal|p1a: Cleopatra|99\/100|[from] item: Leftovers\n|-ability|p1a: Cleopatra|Speed Boost|boost\n|-boost|p1a: Cleopatra|spe|1\n|upkeep\n|turn|9\n|\n|t:|1698075882\n|move|p1a: Cleopatra|Calm Mind|p1a: Cleopatra\n|-boost|p1a: Cleopatra|spa|1\n|-boost|p1a: Cleopatra|spd|1\n|move|p2a: Gliscor|Toxic|p1a: Cleopatra\n|-status|p1a: Cleopatra|tox\n|\n|-heal|p1a: Cleopatra|100\/100 tox|[from] item: Leftovers\n|-damage|p1a: Cleopatra|94\/100 tox|[from] psn\n|-ability|p1a: Cleopatra|Speed Boost|boost\n|-boost|p1a: Cleopatra|spe|1\n|upkeep\n|turn|10\n|\n|t:|1698075895\n|move|p1a: Cleopatra|Protect|p1a: Cleopatra\n|-singleturn|p1a: Cleopatra|Protect\n|move|p2a: Gliscor|Earthquake|p1a: Cleopatra\n|-activate|p1a: Cleopatra|move: Protect\n|\n|-heal|p1a: Cleopatra|100\/100 tox|[from] item: Leftovers\n|-damage|p1a: Cleopatra|88\/100 tox|[from] psn\n|-ability|p1a: Cleopatra|Speed Boost|boost\n|-boost|p1a: Cleopatra|spe|1\n|upkeep\n|turn|11\n|\n|t:|1698075899\n|move|p1a: Cleopatra|Stored Power|p2a: Gliscor\n|-damage|p2a: Gliscor|0 fnt\n|faint|p2a: Gliscor\n|\n|-heal|p1a: Cleopatra|94\/100 tox|[from] item: Leftovers\n|-damage|p1a: Cleopatra|76\/100 tox|[from] psn\n|-ability|p1a: Cleopatra|Speed Boost|boost\n|-boost|p1a: Cleopatra|spe|1\n|upkeep\n|inactive|qewt has 270 seconds left.\n|\n|t:|1698075930\n|switch|p2a: Dialga|Dialga|100\/100\n|-ability|p2a: Dialga|Pressure\n|turn|12\n|\n|t:|1698075934\n|-terastallize|p2a: Dialga|Flying\n|move|p1a: Cleopatra|Tera Blast|p2a: Dialga|[anim] Tera Blast Fighting\n|-resisted|p2a: Dialga\n|-damage|p2a: Dialga|80\/100\n|move|p2a: Dialga|Roar|p1a: Cleopatra\n|drag|p1a: Pok\u00e9ball|Magearna-Original|100\/100\n|-damage|p1a: Pok\u00e9ball|88\/100|[from] Spikes\n|\n|-heal|p2a: Dialga|86\/100|[from] item: Leftovers\n|-heal|p1a: Pok\u00e9ball|94\/100|[from] item: Leftovers\n|upkeep\n|turn|13\n|c|\u2606Laprasrules12|There ya go\n|\n|t:|1698075940\n|move|p2a: Dialga|Earth Power|p1a: Pok\u00e9ball\n|-supereffective|p1a: Pok\u00e9ball\n|-damage|p1a: Pok\u00e9ball|60\/100\n|move|p1a: Pok\u00e9ball|Thunder Wave|p2a: Dialga\n|-status|p2a: Dialga|par\n|\n|-heal|p1a: Pok\u00e9ball|66\/100|[from] item: Leftovers\n|-heal|p2a: Dialga|92\/100 par|[from] item: Leftovers\n|upkeep\n|turn|14\n|\n|t:|1698075949\n|switch|p2a: Arceus|Arceus-Poison|100\/100\n|move|p1a: Pok\u00e9ball|Spikes|p2a: Arceus\n|-sidestart|p2: qewt|Spikes\n|\n|-heal|p1a: Pok\u00e9ball|72\/100|[from] item: Leftovers\n|upkeep\n|turn|15\n|\n|t:|1698075952\n|move|p2a: Arceus|Earth Power|p1a: Pok\u00e9ball\n|-supereffective|p1a: Pok\u00e9ball\n|-damage|p1a: Pok\u00e9ball|43\/100\n|move|p1a: Pok\u00e9ball|Volt Switch|p2a: Arceus\n|-damage|p2a: Arceus|87\/100\n|\n|t:|1698075956\n|switch|p1a: The Horse|Palkia-Origin, shiny|100\/100|[from] Volt Switch\n|-damage|p1a: The Horse|88\/100|[from] Spikes\n|-ability|p1a: The Horse|Pressure\n|\n|upkeep\n|turn|16\n|\n|t:|1698075960\n|move|p1a: The Horse|Substitute|p1a: The Horse\n|-start|p1a: The Horse|Substitute\n|-damage|p1a: The Horse|63\/100\n|move|p2a: Arceus|Judgment|p1a: The Horse\n|-end|p1a: The Horse|Substitute\n|\n|upkeep\n|turn|17\n|\n|t:|1698075963\n|move|p1a: The Horse|Spacial Rend|p2a: Arceus\n|-damage|p2a: Arceus|40\/100\n|move|p2a: Arceus|Judgment|p1a: The Horse\n|-damage|p1a: The Horse|22\/100\n|\n|upkeep\n|turn|18\n|\n|t:|1698075968\n|switch|p2a: Dialga|Dialga, tera:Flying|92\/100 par\n|-ability|p2a: Dialga|Pressure\n|move|p1a: The Horse|Hydro Pump|p2a: Dialga\n|-damage|p2a: Dialga|40\/100 par\n|\n|-heal|p2a: Dialga|46\/100 par|[from] item: Leftovers\n|upkeep\n|turn|19\n|\n|t:|1698075974\n|move|p1a: The Horse|Hydro Pump|p2a: Dialga\n|-damage|p2a: Dialga|0 fnt\n|faint|p2a: Dialga\n|\n|upkeep\n|\n|t:|1698075977\n|switch|p2a: Zacian|Zacian|100\/100\n|-damage|p2a: Zacian|88\/100|[from] Spikes\n|-ability|p2a: Zacian|Intrepid Sword|boost\n|-boost|p2a: Zacian|atk|1\n|turn|20\n|\n|t:|1698075981\n|move|p2a: Zacian|Trailblaze|p1a: The Horse\n|-damage|p1a: The Horse|0 fnt\n|-boost|p2a: Zacian|spe|1\n|faint|p1a: The Horse\n|-damage|p2a: Zacian|78\/100|[from] item: Life Orb\n|\n|upkeep\n|\n|t:|1698075984\n|switch|p1a: Pok\u00e9ball|Magearna-Original|43\/100\n|-damage|p1a: Pok\u00e9ball|30\/100|[from] Spikes\n|turn|21\n|\n|t:|1698075992\n|move|p2a: Zacian|Play Rough|p1a: Pok\u00e9ball\n|-resisted|p1a: Pok\u00e9ball\n|-damage|p1a: Pok\u00e9ball|0 fnt\n|faint|p1a: Pok\u00e9ball\n|-damage|p2a: Zacian|68\/100|[from] item: Life Orb\n|\n|upkeep\n|\n|t:|1698075994\n|switch|p1a: Sif|Zacian, shiny|100\/100\n|-damage|p1a: Sif|88\/100|[from] Spikes\n|-ability|p1a: Sif|Intrepid Sword|boost\n|-boost|p1a: Sif|atk|1\n|turn|22\n|\n|t:|1698075998\n|move|p2a: Zacian|Play Rough|p1a: Sif\n|-damage|p1a: Sif|10\/100\n|-damage|p2a: Zacian|59\/100|[from] item: Life Orb\n|move|p1a: Sif|Play Rough|p2a: Zacian\n|-damage|p2a: Zacian|0 fnt\n|faint|p2a: Zacian\n|-damage|p1a: Sif|0 fnt|[from] item: Life Orb\n|faint|p1a: Sif\n|\n|upkeep\n|\n|t:|1698076005\n|switch|p1a: Say Gex|Cyclizar, F, shiny|67\/100\n|switch|p2a: Cyclizar|Cyclizar, M|84\/100\n|-damage|p1a: Say Gex|54\/100|[from] Spikes\n|turn|23\n|\n|t:|1698076009\n|move|p1a: Say Gex|Shed Tail|p1a: Say Gex\n|-start|p1a: Say Gex|Substitute|[from] move: Shed Tail\n|-damage|p1a: Say Gex|4\/100\n|\n|t:|1698076010\n|switch|p1a: Kratos|Arceus-Fighting, shiny|100\/100|[from] Shed Tail\n|-damage|p1a: Kratos|88\/100|[from] Spikes\n|move|p2a: Cyclizar|Shed Tail|p2a: Cyclizar\n|-start|p2a: Cyclizar|Substitute|[from] move: Shed Tail\n|-damage|p2a: Cyclizar|34\/100\n|\n|t:|1698076014\n|switch|p2a: Arceus|Arceus-Poison|40\/100|[from] Shed Tail\n|-damage|p2a: Arceus|28\/100|[from] Spikes\n|\n|upkeep\n|turn|24\n|\n|t:|1698076017\n|move|p1a: Kratos|Cosmic Power|p1a: Kratos\n|-boost|p1a: Kratos|def|1\n|-boost|p1a: Kratos|spd|1\n|move|p2a: Arceus|Recover|p2a: Arceus\n|-heal|p2a: Arceus|78\/100\n|\n|upkeep\n|turn|25\n|\n|t:|1698076020\n|move|p1a: Kratos|Cosmic Power|p1a: Kratos\n|-boost|p1a: Kratos|def|1\n|-boost|p1a: Kratos|spd|1\n|move|p2a: Arceus|Judgment|p1a: Kratos\n|-activate|p1a: Kratos|move: Substitute|[damage]\n|\n|upkeep\n|turn|26\n|\n|t:|1698076024\n|move|p1a: Kratos|Cosmic Power|p1a: Kratos\n|-boost|p1a: Kratos|def|1\n|-boost|p1a: Kratos|spd|1\n|move|p2a: Arceus|Judgment|p1a: Kratos\n|-end|p1a: Kratos|Substitute\n|\n|upkeep\n|turn|27\n|\n|t:|1698076027\n|move|p1a: Kratos|Cosmic Power|p1a: Kratos\n|-boost|p1a: Kratos|def|1\n|-boost|p1a: Kratos|spd|1\n|move|p2a: Arceus|Will-O-Wisp|p1a: Kratos|[miss]\n|-miss|p2a: Arceus|p1a: Kratos\n|\n|upkeep\n|turn|28\n|\n|t:|1698076031\n|move|p1a: Kratos|Body Press|p2a: Arceus\n|-resisted|p2a: Arceus\n|-crit|p2a: Arceus\n|-end|p2a: Arceus|Substitute\n|move|p2a: Arceus|Will-O-Wisp|p1a: Kratos\n|-status|p1a: Kratos|brn\n|\n|-damage|p1a: Kratos|82\/100 brn|[from] brn\n|upkeep\n|turn|29\n|\n|t:|1698076037\n|move|p1a: Kratos|Stored Power|p2a: Arceus\n|-supereffective|p2a: Arceus\n|-damage|p2a: Arceus|17\/100\n|move|p2a: Arceus|Recover|p2a: Arceus\n|-heal|p2a: Arceus|67\/100\n|\n|-damage|p1a: Kratos|76\/100 brn|[from] brn\n|upkeep\n|turn|30\n|\n|t:|1698076041\n|switch|p2a: Palkia|Palkia-Origin|100\/100\n|-damage|p2a: Palkia|88\/100|[from] Spikes\n|-ability|p2a: Palkia|Pressure\n|move|p1a: Kratos|Stored Power|p2a: Palkia\n|-damage|p2a: Palkia|44\/100\n|\n|-damage|p1a: Kratos|70\/100 brn|[from] brn\n|upkeep\n|turn|31\n|\n|t:|1698076047\n|move|p2a: Palkia|Substitute|p2a: Palkia\n|-start|p2a: Palkia|Substitute\n|-damage|p2a: Palkia|19\/100\n|move|p1a: Kratos|Recover|p1a: Kratos\n|-heal|p1a: Kratos|100\/100 brn\n|\n|-damage|p1a: Kratos|94\/100 brn|[from] brn\n|upkeep\n|turn|32\n|\n|t:|1698076053\n|move|p2a: Palkia|Draco Meteor|p1a: Kratos\n|-damage|p1a: Kratos|75\/100 brn\n|-unboost|p2a: Palkia|spa|2\n|move|p1a: Kratos|Cosmic Power|p1a: Kratos\n|-boost|p1a: Kratos|def|1\n|-boost|p1a: Kratos|spd|1\n|\n|-damage|p1a: Kratos|69\/100 brn|[from] brn\n|upkeep\n|turn|33\n|\n|t:|1698076057\n|move|p2a: Palkia|Hydro Pump|p1a: Kratos|[miss]\n|-miss|p2a: Palkia|p1a: Kratos\n|move|p1a: Kratos|Recover|p1a: Kratos\n|-heal|p1a: Kratos|100\/100 brn\n|\n|-damage|p1a: Kratos|94\/100 brn|[from] brn\n|upkeep\n|turn|34\n|\n|t:|1698076061\n|move|p2a: Palkia|Hydro Pump|p1a: Kratos\n|-damage|p1a: Kratos|87\/100 brn\n|move|p1a: Kratos|Stored Power|p2a: Palkia\n|-end|p2a: Palkia|Substitute\n|\n|-damage|p1a: Kratos|81\/100 brn|[from] brn\n|upkeep\n|turn|35\n|\n|t:|1698076063\n|move|p2a: Palkia|Hydro Pump|p1a: Kratos\n|-damage|p1a: Kratos|74\/100 brn\n|move|p1a: Kratos|Body Press|p2a: Palkia\n|-damage|p2a: Palkia|0 fnt\n|faint|p2a: Palkia\n|\n|-damage|p1a: Kratos|68\/100 brn|[from] brn\n|upkeep\n|\n|t:|1698076069\n|switch|p2a: Cyclizar|Cyclizar, M|67\/100\n|turn|36\n|\n|t:|1698076073\n|move|p2a: Cyclizar|Shed Tail|p2a: Cyclizar\n|-start|p2a: Cyclizar|Substitute|[from] move: Shed Tail\n|-damage|p2a: Cyclizar|17\/100\n|\n|t:|1698076075\n|switch|p2a: Arceus|Arceus-Poison|67\/100|[from] Shed Tail\n|-damage|p2a: Arceus|55\/100|[from] Spikes\n|move|p1a: Kratos|Body Press|p2a: Arceus\n|-resisted|p2a: Arceus\n|-end|p2a: Arceus|Substitute\n|\n|-damage|p1a: Kratos|62\/100 brn|[from] brn\n|upkeep\n|turn|37\n|\n|t:|1698076078\n|move|p1a: Kratos|Body Press|p2a: Arceus\n|-resisted|p2a: Arceus\n|-damage|p2a: Arceus|36\/100\n|move|p2a: Arceus|Recover|p2a: Arceus\n|-heal|p2a: Arceus|86\/100\n|\n|-damage|p1a: Kratos|56\/100 brn|[from] brn\n|upkeep\n|turn|38\n|\n|t:|1698076084\n|switch|p2a: Cyclizar|Cyclizar, M|50\/100\n|move|p1a: Kratos|Stored Power|p2a: Cyclizar\n|-crit|p2a: Cyclizar\n|-damage|p2a: Cyclizar|0 fnt\n|faint|p2a: Cyclizar\n|\n|-damage|p1a: Kratos|50\/100 brn|[from] brn\n|upkeep\n|\n|t:|1698076086\n|switch|p2a: Arceus|Arceus-Poison|86\/100\n|-damage|p2a: Arceus|73\/100|[from] Spikes\n|turn|39\n|\n|t:|1698076089\n|move|p1a: Kratos|Stored Power|p2a: Arceus\n|-supereffective|p2a: Arceus\n|-damage|p2a: Arceus|0 fnt\n|faint|p2a: Arceus\n|\n|win|Laprasrules12\n|c|\u2606qewt|ggs\n|c|\u2606qewt|:p\n|c|\u2606Laprasrules12|GG\n","uploadtime":1698076097,"views":24,"p1id":"laprasrules12","p2id":"qewt","formatid":"gen9ubers","rating":0,"private":0,"password":""}