{"id":"gen9ubers-1971527093","p1":"Profesor Turo","p2":"Maleson","format":"[Gen 9] Ubers","log":"|j|\u2606Profesor Turo\n|j|\u2606Maleson\n|t:|1697745595\n|gametype|singles\n|player|p1|Profesor Turo|turo-ai|\n|player|p2|Maleson|clown|\n|teamsize|p1|6\n|teamsize|p2|6\n|gen|9\n|tier|[Gen 9] Ubers\n|rule|Sleep Clause Mod: Limit one foe put to sleep\n|rule|Species Clause: Limit one of each Pok\u00e9mon\n|rule|OHKO Clause: OHKO moves are banned\n|rule|Evasion Items Clause: Evasion items are banned\n|rule|Evasion Moves Clause: Evasion moves are banned\n|rule|Endless Battle Clause: Forcing endless battles is banned\n|rule|HP Percentage Mod: HP is shown in percentages\n|clearpoke\n|poke|p1|Wo-Chien|\n|poke|p1|Fezandipiti, M|\n|poke|p1|Landorus-Therian, M|\n|poke|p1|Toxtricity, M|\n|poke|p1|Marill, M|\n|poke|p1|Slowpoke, F|\n|poke|p2|Ribombee, F|\n|poke|p2|Ting-Lu|\n|poke|p2|Delibird, F|\n|poke|p2|Landorus-Therian, M|\n|poke|p2|Slowking-Galar, F|\n|poke|p2|Gholdengo|\n|teampreview\n|inactive|Battle timer is ON: inactive players will automatically lose when time's up. (requested by Profesor Turo)\n|c|\u2606Maleson|witness.... peak....\n|\n|t:|1697745613\n|start\n|switch|p1a: Toxtricity|Toxtricity, M|100\/100\n|switch|p2a: Ribombee|Ribombee, F|100\/100\n|turn|1\n|\n|t:|1697745622\n|move|p2a: Ribombee|Sticky Web|p1a: Toxtricity\n|-sidestart|p1: Profesor Turo|move: Sticky Web\n|move|p1a: Toxtricity|Shift Gear|p1a: Toxtricity\n|-boost|p1a: Toxtricity|spe|2\n|-boost|p1a: Toxtricity|atk|1\n|\n|upkeep\n|turn|2\n|\n|t:|1697745649\n|switch|p2a: Ting-Lu|Ting-Lu|100\/100\n|-ability|p2a: Ting-Lu|Vessel of Ruin\n|move|p1a: Toxtricity|Gunk Shot|p2a: Ting-Lu\n|-resisted|p2a: Ting-Lu\n|-damage|p2a: Ting-Lu|78\/100\n|-status|p2a: Ting-Lu|psn\n|\n|-heal|p2a: Ting-Lu|84\/100 psn|[from] item: Leftovers\n|-damage|p2a: Ting-Lu|72\/100 psn|[from] psn\n|upkeep\n|turn|3\n|\n|t:|1697745657\n|move|p1a: Toxtricity|Gunk Shot|p2a: Ting-Lu\n|-resisted|p2a: Ting-Lu\n|-crit|p2a: Ting-Lu\n|-damage|p2a: Ting-Lu|34\/100 psn\n|move|p2a: Ting-Lu|Whirlwind|p1a: Toxtricity\n|drag|p1a: Slowpoke|Slowpoke, F|100\/100\n|-activate|p1a: Slowpoke|move: Sticky Web\n|-unboost|p1a: Slowpoke|spe|1\n|\n|-heal|p2a: Ting-Lu|40\/100 psn|[from] item: Leftovers\n|-damage|p2a: Ting-Lu|28\/100 psn|[from] psn\n|upkeep\n|turn|4\n|\n|t:|1697745671\n|move|p2a: Ting-Lu|Spikes|p1a: Slowpoke\n|-sidestart|p1: Profesor Turo|Spikes\n|move|p1a: Slowpoke|Calm Mind|p1a: Slowpoke\n|-boost|p1a: Slowpoke|spa|1\n|-boost|p1a: Slowpoke|spd|1\n|\n|-heal|p2a: Ting-Lu|34\/100 psn|[from] item: Leftovers\n|-damage|p2a: Ting-Lu|21\/100 psn|[from] psn\n|upkeep\n|turn|5\n|\n|t:|1697745677\n|-terastallize|p1a: Slowpoke|Fighting\n|move|p1a: Slowpoke|Tera Blast|p2a: Ting-Lu|[anim] Tera Blast Fighting\n|-supereffective|p2a: Ting-Lu\n|-damage|p2a: Ting-Lu|0 fnt\n|faint|p2a: Ting-Lu\n|\n|upkeep\n|\n|t:|1697745690\n|switch|p2a: Delibird|Delibird, F|100\/100\n|turn|6\n|\n|t:|1697745695\n|move|p2a: Delibird|Brave Bird|p1a: Slowpoke|[miss]\n|-miss|p2a: Delibird|p1a: Slowpoke\n|move|p1a: Slowpoke|Curse|p1a: Slowpoke\n|-unboost|p1a: Slowpoke|spe|1\n|-boost|p1a: Slowpoke|atk|1\n|-boost|p1a: Slowpoke|def|1\n|\n|upkeep\n|turn|7\n|c|\u2606Maleson|fuck\n|\n|t:|1697745702\n|move|p2a: Delibird|Brave Bird|p1a: Slowpoke\n|-supereffective|p1a: Slowpoke\n|-damage|p1a: Slowpoke|0 fnt\n|faint|p1a: Slowpoke\n|-damage|p2a: Delibird|55\/100|[from] Recoil\n|\n|upkeep\n|c|\u2606Profesor Turo|skill issue tbh\n|\n|t:|1697745719\n|switch|p1a: Marill|Marill, M|100\/100\n|-activate|p1a: Marill|move: Sticky Web\n|-unboost|p1a: Marill|spe|1\n|-damage|p1a: Marill|88\/100|[from] Spikes\n|turn|8\n|\n|t:|1697745725\n|move|p2a: Delibird|Brave Bird|p1a: Marill\n|-damage|p1a: Marill|0 fnt\n|faint|p1a: Marill\n|-damage|p2a: Delibird|12\/100|[from] Recoil\n|\n|upkeep\n|\n|t:|1697745731\n|switch|p1a: Fezandipiti|Fezandipiti, M|100\/100\n|-activate|p1a: Fezandipiti|move: Sticky Web\n|-unboost|p1a: Fezandipiti|spe|1\n|-damage|p1a: Fezandipiti|88\/100|[from] Spikes\n|turn|9\n|\n|t:|1697745734\n|move|p2a: Delibird|Brave Bird|p1a: Fezandipiti\n|-damage|p1a: Fezandipiti|22\/100\n|-damage|p2a: Delibird|0 fnt|[from] Recoil\n|faint|p2a: Delibird\n|move|p1a: Fezandipiti|Nasty Plot|p1a: Fezandipiti\n|-boost|p1a: Fezandipiti|spa|2\n|\n|-heal|p1a: Fezandipiti|28\/100|[from] item: Leftovers\n|upkeep\n|\n|t:|1697745745\n|switch|p2a: Gholdengo|Gholdengo|100\/100\n|turn|10\n|\n|t:|1697745749\n|move|p2a: Gholdengo|Iron Head|p1a: Fezandipiti\n|-supereffective|p1a: Fezandipiti\n|-damage|p1a: Fezandipiti|0 fnt\n|faint|p1a: Fezandipiti\n|\n|upkeep\n|\n|t:|1697745754\n|switch|p1a: Wo-Chien|Wo-Chien|100\/100\n|-activate|p1a: Wo-Chien|move: Sticky Web\n|-unboost|p1a: Wo-Chien|spe|1\n|-damage|p1a: Wo-Chien|88\/100|[from] Spikes\n|-ability|p1a: Wo-Chien|Tablets of Ruin\n|turn|11\n|\n|t:|1697745761\n|move|p2a: Gholdengo|Low Kick|p1a: Wo-Chien\n|-supereffective|p1a: Wo-Chien\n|-damage|p1a: Wo-Chien|56\/100\n|move|p1a: Wo-Chien|Trailblaze|p2a: Gholdengo\n|-resisted|p2a: Gholdengo\n|-damage|p2a: Gholdengo|89\/100\n|-boost|p1a: Wo-Chien|spe|1\n|\n|-heal|p1a: Wo-Chien|62\/100|[from] item: Leftovers\n|upkeep\n|turn|12\n|\n|t:|1697745768\n|switch|p2a: Slowking|Slowking-Galar, F|100\/100\n|move|p1a: Wo-Chien|Trailblaze|p2a: Slowking\n|-resisted|p2a: Slowking\n|-damage|p2a: Slowking|93\/100\n|-boost|p1a: Wo-Chien|spe|1\n|\n|-heal|p1a: Wo-Chien|68\/100|[from] item: Leftovers\n|upkeep\n|turn|13\n|\n|t:|1697745777\n|move|p1a: Wo-Chien|Trailblaze|p2a: Slowking\n|-resisted|p2a: Slowking\n|-damage|p2a: Slowking|85\/100\n|-boost|p1a: Wo-Chien|spe|1\n|move|p2a: Slowking|Toxic|p1a: Wo-Chien\n|-status|p1a: Wo-Chien|tox\n|\n|-heal|p1a: Wo-Chien|74\/100 tox|[from] item: Leftovers\n|-damage|p1a: Wo-Chien|68\/100 tox|[from] psn\n|upkeep\n|turn|14\n|\n|t:|1697745783\n|move|p1a: Wo-Chien|Growth|p1a: Wo-Chien\n|-boost|p1a: Wo-Chien|atk|1\n|-boost|p1a: Wo-Chien|spa|1\n|move|p2a: Slowking|Poison Jab|p1a: Wo-Chien\n|-supereffective|p1a: Wo-Chien\n|-damage|p1a: Wo-Chien|39\/100 tox\n|\n|-heal|p1a: Wo-Chien|45\/100 tox|[from] item: Leftovers\n|-damage|p1a: Wo-Chien|33\/100 tox|[from] psn\n|upkeep\n|turn|15\n|\n|t:|1697745792\n|move|p1a: Wo-Chien|Knock Off|p2a: Slowking\n|-supereffective|p2a: Slowking\n|-damage|p2a: Slowking|0 fnt\n|-enditem|p2a: Slowking|Heavy-Duty Boots|[from] move: Knock Off|[of] p1a: Wo-Chien\n|faint|p2a: Slowking\n|\n|-heal|p1a: Wo-Chien|39\/100 tox|[from] item: Leftovers\n|-damage|p1a: Wo-Chien|20\/100 tox|[from] psn\n|upkeep\n|\n|t:|1697745797\n|switch|p2a: Ribombee|Ribombee, F|100\/100\n|turn|16\n|\n|t:|1697745802\n|move|p1a: Wo-Chien|Power Whip|p2a: Ribombee\n|-resisted|p2a: Ribombee\n|-damage|p2a: Ribombee|20\/100\n|move|p2a: Ribombee|U-turn|p1a: Wo-Chien\n|-supereffective|p1a: Wo-Chien\n|-damage|p1a: Wo-Chien|0 fnt\n|faint|p1a: Wo-Chien\n|\n|t:|1697745808\n|switch|p2a: Landorus|Landorus-Therian, M|100\/100|[from] U-turn\n|\n|upkeep\n|\n|t:|1697745811\n|switch|p1a: Landorus|Landorus-Therian, M|100\/100\n|-ability|p1a: Landorus|Intimidate|boost\n|-unboost|p2a: Landorus|atk|1\n|turn|17\n|\n|t:|1697745822\n|move|p1a: Landorus|Psychic|p2a: Landorus\n|-crit|p2a: Landorus\n|-damage|p2a: Landorus|28\/100\n|move|p2a: Landorus|Nasty Plot|p2a: Landorus\n|-boost|p2a: Landorus|spa|2\n|\n|-heal|p2a: Landorus|34\/100|[from] item: Leftovers\n|upkeep\n|turn|18\n|\n|t:|1697745831\n|move|p1a: Landorus|Psychic|p2a: Landorus\n|-damage|p2a: Landorus|0 fnt\n|faint|p2a: Landorus\n|\n|upkeep\n|\n|t:|1697745835\n|switch|p2a: Gholdengo|Gholdengo|89\/100\n|turn|19\n|\n|t:|1697745849\n|switch|p1a: Toxtricity|Toxtricity, M|100\/100\n|-activate|p1a: Toxtricity|move: Sticky Web\n|-unboost|p1a: Toxtricity|spe|1\n|-damage|p1a: Toxtricity|88\/100|[from] Spikes\n|move|p2a: Gholdengo|Poltergeist|p1a: Toxtricity\n|-activate|p1a: Toxtricity|move: Poltergeist|Focus Sash\n|-damage|p1a: Toxtricity|4\/100\n|\n|upkeep\n|turn|20\n|\n|t:|1697745858\n|move|p2a: Gholdengo|Iron Head|p1a: Toxtricity\n|-resisted|p1a: Toxtricity\n|-damage|p1a: Toxtricity|0 fnt\n|faint|p1a: Toxtricity\n|\n|upkeep\n|\n|t:|1697745860\n|switch|p1a: Landorus|Landorus-Therian, M|100\/100\n|-ability|p1a: Landorus|Intimidate|boost\n|-unboost|p2a: Gholdengo|atk|1\n|turn|21\n|\n|t:|1697745863\n|switch|p2a: Ribombee|Ribombee, F|20\/100\n|move|p1a: Landorus|Earth Power|p2a: Ribombee\n|-resisted|p2a: Ribombee\n|-damage|p2a: Ribombee|0 fnt\n|faint|p2a: Ribombee\n|\n|upkeep\n|\n|t:|1697745864\n|switch|p2a: Gholdengo|Gholdengo|89\/100\n|turn|22\n|c|\u2606Maleson|i forgot to give him air balloon\n|\n|t:|1697745872\n|move|p1a: Landorus|Earth Power|p2a: Gholdengo\n|-supereffective|p2a: Gholdengo\n|-damage|p2a: Gholdengo|0 fnt\n|faint|p2a: Gholdengo\n|\n|win|Profesor Turo\n|c|\u2606Profesor Turo|rip\n|c|\u2606Maleson|very sad\n|c|\u2606Profesor Turo|Ggs\n","uploadtime":1697745879,"views":20,"p1id":"profesorturo","p2id":"maleson","formatid":"gen9ubers","rating":0,"private":0,"password":""}