{"id":"gen9ubers-1994394301","p1":"SaFe Rez","p2":"Sweetheart Mau","format":"[Gen 9] Ubers","log":"|j|\u2606SaFe Rez\n|j|\u2606Sweetheart Mau\n|t:|1700438913\n|gametype|singles\n|player|p1|SaFe Rez|170|\n|player|p2|Sweetheart Mau|nate|\n|teamsize|p1|6\n|teamsize|p2|6\n|gen|9\n|tier|[Gen 9] Ubers\n|rule|Sleep Clause Mod: Limit one foe put to sleep\n|rule|Species Clause: Limit one of each Pok\u00e9mon\n|rule|OHKO Clause: OHKO moves are banned\n|rule|Evasion Items Clause: Evasion items are banned\n|rule|Evasion Moves Clause: Evasion moves are banned\n|rule|Endless Battle Clause: Forcing endless battles is banned\n|rule|HP Percentage Mod: HP is shown in percentages\n|clearpoke\n|poke|p1|Annihilape, M|\n|poke|p1|Articuno-Galar|\n|poke|p1|Goodra-Hisui, M|\n|poke|p1|Shiftry, M|\n|poke|p1|Thundurus, M|\n|poke|p1|Arcanine-Hisui, M|\n|poke|p2|Milotic, M|\n|poke|p2|Espathra, F|\n|poke|p2|Chi-Yu|\n|poke|p2|Dragonite, M|\n|poke|p2|Cinderace, M|\n|poke|p2|Klefki, F|\n|teampreview\n|c|\u2606SaFe Rez|glhf\n|c|\u2606Sweetheart Mau|gl hf\n|j| Matias Evangelista\n|j| BRAVOS ESPORTS\n|c| BRAVOS ESPORTS|Boa sorte pros dois mais lindos da safe\n|\n|t:|1700438996\n|start\n|switch|p1a: Harden|Thundurus, M|100\/100\n|switch|p2a: Duke|Cinderace, M|100\/100\n|turn|1\n|\n|t:|1700439029\n|switch|p2a: Daisy|Klefki, F|100\/100\n|move|p1a: Harden|Volt Switch|p2a: Daisy\n|-damage|p2a: Daisy|61\/100\n|\n|t:|1700439034\n|switch|p1a: Butler|Annihilape, M|100\/100|[from] Volt Switch\n|\n|upkeep\n|turn|2\n|\n|t:|1700439045\n|move|p2a: Daisy|Reflect|p2a: Daisy\n|-sidestart|p2: Sweetheart Mau|Reflect\n|move|p1a: Butler|Earthquake|p2a: Daisy\n|-supereffective|p2a: Daisy\n|-damage|p2a: Daisy|35\/100\n|\n|upkeep\n|turn|3\n|\n|t:|1700439055\n|switch|p2a: Cruella|Espathra, F|100\/100\n|move|p1a: Butler|Brick Break|p2a: Cruella\n|-sideend|p2: Sweetheart Mau|Reflect\n|-resisted|p2a: Cruella\n|-damage|p2a: Cruella|73\/100\n|\n|upkeep\n|turn|4\n|\n|t:|1700439063\n|switch|p1a: Brown|Shiftry, M|100\/100\n|move|p2a: Cruella|Lumina Crash|p1a: Brown\n|-immune|p1a: Brown\n|\n|-ability|p2a: Cruella|Speed Boost|boost\n|-boost|p2a: Cruella|spe|1\n|upkeep\n|turn|5\n|\n|t:|1700439082\n|switch|p2a: Scott|Chi-Yu|100\/100\n|-ability|p2a: Scott|Beads of Ruin\n|move|p1a: Brown|Knock Off|p2a: Scott\n|-resisted|p2a: Scott\n|-damage|p2a: Scott|59\/100\n|-enditem|p2a: Scott|Choice Scarf|[from] move: Knock Off|[of] p1a: Brown\n|\n|upkeep\n|turn|6\n|j| FLA SaFe Donnel\n|\n|t:|1700439113\n|switch|p1a: Grant Williams|Arcanine-Hisui, M, shiny|100\/100\n|-ability|p1a: Grant Williams|Intimidate|boost\n|-unboost|p2a: Scott|atk|1\n|move|p2a: Scott|Overheat|p1a: Grant Williams\n|-resisted|p1a: Grant Williams\n|-damage|p1a: Grant Williams|75\/100\n|-unboost|p2a: Scott|spa|2\n|\n|upkeep\n|turn|7\n|l| FLA SaFe Donnel\n|\n|t:|1700439135\n|switch|p2a: Neko|Milotic, M, shiny|100\/100\n|switch|p1a: Harden|Thundurus, M|100\/100\n|\n|-status|p2a: Neko|brn|[from] item: Flame Orb\n|upkeep\n|turn|8\n|\n|t:|1700439150\n|switch|p2a: Daisy|Klefki, F|35\/100\n|move|p1a: Harden|Volt Switch|p2a: Daisy\n|-damage|p2a: Daisy|0 fnt\n|faint|p2a: Daisy\n|\n|t:|1700439155\n|switch|p1a: Hayward|Articuno-Galar, shiny|100\/100|[from] Volt Switch\n|\n|upkeep\n|\n|t:|1700439164\n|switch|p2a: Luke|Dragonite, M|100\/100\n|turn|9\n|\n|t:|1700439174\n|move|p2a: Luke|Substitute|p2a: Luke\n|-start|p2a: Luke|Substitute\n|-damage|p2a: Luke|76\/100\n|move|p1a: Hayward|Trick Room|p1a: Hayward\n|-fieldstart|move: Trick Room|[of] p1a: Hayward\n|\n|-heal|p2a: Luke|82\/100|[from] item: Leftovers\n|upkeep\n|turn|10\n|\n|t:|1700439191\n|switch|p1a: Grant Williams|Arcanine-Hisui, M, shiny|75\/100\n|-ability|p1a: Grant Williams|Intimidate|boost\n|-immune|p2a: Luke\n|move|p2a: Luke|Ice Spinner|p1a: Grant Williams\n|-resisted|p1a: Grant Williams\n|-damage|p1a: Grant Williams|58\/100\n|\n|-heal|p2a: Luke|88\/100|[from] item: Leftovers\n|upkeep\n|turn|11\n|\n|t:|1700439203\n|move|p1a: Grant Williams|Head Smash|p2a: Luke\n|-supereffective|p2a: Luke\n|-end|p2a: Luke|Substitute\n|-damage|p1a: Grant Williams|48\/100|[from] Recoil|[of] p2a: Luke\n|move|p2a: Luke|Earthquake|p1a: Grant Williams\n|-supereffective|p1a: Grant Williams\n|-damage|p1a: Grant Williams|0 fnt\n|faint|p1a: Grant Williams\n|\n|-heal|p2a: Luke|94\/100|[from] item: Leftovers\n|upkeep\n|\n|t:|1700439214\n|switch|p1a: Horford|Goodra-Hisui, M, shiny|100\/100\n|turn|12\n|j| FLA SaFe Donnel\n|\n|t:|1700439242\n|move|p1a: Horford|Draco Meteor|p2a: Luke\n|-supereffective|p2a: Luke\n|-damage|p2a: Luke|0 fnt\n|-unboost|p1a: Horford|spa|2\n|faint|p2a: Luke\n|\n|upkeep\n|\n|t:|1700439266\n|switch|p2a: Cruella|Espathra, F|73\/100\n|turn|13\n|\n|t:|1700439278\n|switch|p1a: Brown|Shiftry, M|100\/100\n|move|p2a: Cruella|Shadow Ball|p1a: Brown\n|-resisted|p1a: Brown\n|-damage|p1a: Brown|72\/100\n|-unboost|p1a: Brown|spd|1\n|\n|-fieldend|move: Trick Room\n|-ability|p2a: Cruella|Speed Boost|boost\n|-boost|p2a: Cruella|spe|1\n|upkeep\n|turn|14\n|\n|t:|1700439300\n|switch|p2a: Duke|Cinderace, M|100\/100\n|move|p1a: Brown|Swords Dance|p1a: Brown\n|-boost|p1a: Brown|atk|2\n|\n|upkeep\n|turn|15\n|\n|t:|1700439312\n|-terastallize|p1a: Brown|Fire\n|move|p2a: Duke|Pyro Ball|p1a: Brown|[miss]\n|-miss|p2a: Duke|p1a: Brown\n|move|p1a: Brown|Tera Blast|p2a: Duke|[anim] Tera Blast Fire\n|-resisted|p2a: Duke\n|-crit|p2a: Duke\n|-damage|p2a: Duke|16\/100\n|\n|upkeep\n|turn|16\n|c| Matias Evangelista|LOOK THE MOVES\n|c| Matias Evangelista|FAKER\n|c| Matias Evangelista|WHAT WAS THAT\n|\n|t:|1700439331\n|move|p2a: Duke|High Jump Kick|p1a: Brown\n|-start|p2a: Duke|typechange|Fighting|[from] ability: Libero\n|-damage|p1a: Brown|0 fnt\n|faint|p1a: Brown\n|\n|upkeep\n|\n|t:|1700439344\n|switch|p1a: Hayward|Articuno-Galar, shiny|100\/100\n|turn|17\n|c| Matias Evangelista|O CARA MISSOU PYRO\n|c| Matias Evangelista|E FOI DIRETO\n|c| Matias Evangelista|HJK\n|c| Matias Evangelista|CARALHO\n|c| Matias Evangelista|BOLAS\n|\n|t:|1700439366\n|switch|p2a: Neko|Milotic, M, shiny|100\/100 brn\n|move|p1a: Hayward|Freezing Glare|p2a: Neko\n|-damage|p2a: Neko|62\/100 brn\n|\n|-damage|p2a: Neko|56\/100 brn|[from] brn\n|upkeep\n|turn|18\n|\n|t:|1700439408\n|move|p2a: Neko|Flip Turn|p1a: Hayward\n|-damage|p1a: Hayward|94\/100\n|\n|t:|1700439430\n|switch|p2a: Scott|Chi-Yu|59\/100|[from] Flip Turn\n|-ability|p2a: Scott|Beads of Ruin\n|move|p1a: Hayward|Trick Room|p1a: Hayward\n|-fieldstart|move: Trick Room|[of] p1a: Hayward\n|\n|upkeep\n|turn|19\n|\n|t:|1700439448\n|move|p1a: Hayward|Ancient Power|p2a: Scott\n|-supereffective|p2a: Scott\n|-damage|p2a: Scott|12\/100\n|move|p2a: Scott|Dark Pulse|p1a: Hayward\n|-supereffective|p1a: Hayward\n|-damage|p1a: Hayward|0 fnt\n|faint|p1a: Hayward\n|\n|upkeep\n|\n|t:|1700439453\n|switch|p1a: Butler|Annihilape, M|100\/100\n|turn|20\n|\n|t:|1700439459\n|switch|p2a: Neko|Milotic, M, shiny|56\/100 brn\n|move|p1a: Butler|Earthquake|p2a: Neko\n|-damage|p2a: Neko|40\/100 brn\n|\n|-damage|p2a: Neko|34\/100 brn|[from] brn\n|upkeep\n|turn|21\n|\n|t:|1700439466\n|move|p2a: Neko|Recover|p2a: Neko\n|-heal|p2a: Neko|84\/100 brn\n|move|p1a: Butler|Rage Fist|p2a: Neko\n|-damage|p2a: Neko|73\/100 brn\n|\n|-damage|p2a: Neko|66\/100 brn|[from] brn\n|upkeep\n|turn|22\n|\n|t:|1700439488\n|move|p2a: Neko|Scald|p1a: Butler\n|-damage|p1a: Butler|72\/100\n|move|p1a: Butler|Rage Fist|p2a: Neko\n|-damage|p2a: Neko|44\/100 brn\n|\n|-damage|p2a: Neko|38\/100 brn|[from] brn\n|-fieldend|move: Trick Room\n|upkeep\n|turn|23\n|\n|t:|1700439501\n|move|p1a: Butler|Rage Fist|p2a: Neko\n|-damage|p2a: Neko|13\/100 brn\n|move|p2a: Neko|Recover|p2a: Neko\n|-heal|p2a: Neko|63\/100 brn\n|\n|-damage|p2a: Neko|57\/100 brn|[from] brn\n|upkeep\n|turn|24\n|\n|t:|1700439530\n|move|p1a: Butler|Rage Fist|p2a: Neko\n|-damage|p2a: Neko|31\/100 brn\n|move|p2a: Neko|Flip Turn|p1a: Butler\n|-damage|p1a: Butler|64\/100\n|\n|t:|1700439542\n|switch|p2a: Cruella|Espathra, F|73\/100|[from] Flip Turn\n|\n|upkeep\n|turn|25\n|\n|t:|1700439554\n|switch|p1a: Horford|Goodra-Hisui, M, shiny|100\/100\n|move|p2a: Cruella|Lumina Crash|p1a: Horford\n|-resisted|p1a: Horford\n|-damage|p1a: Horford|88\/100\n|-unboost|p1a: Horford|spd|2\n|\n|-ability|p2a: Cruella|Speed Boost|boost\n|-boost|p2a: Cruella|spe|1\n|upkeep\n|turn|26\n|\n|t:|1700439565\n|switch|p2a: Neko|Milotic, M, shiny|31\/100 brn\n|move|p1a: Horford|Draco Meteor|p2a: Neko|[miss]\n|-miss|p1a: Horford|p2a: Neko\n|\n|-damage|p2a: Neko|25\/100 brn|[from] brn\n|upkeep\n|turn|27\n|\n|t:|1700439572\n|move|p2a: Neko|Recover|p2a: Neko\n|-heal|p2a: Neko|75\/100 brn\n|move|p1a: Horford|Draco Meteor|p2a: Neko\n|-damage|p2a: Neko|32\/100 brn\n|-unboost|p1a: Horford|spa|2\n|\n|-damage|p2a: Neko|26\/100 brn|[from] brn\n|upkeep\n|turn|28\n|\n|t:|1700439581\n|switch|p1a: Harden|Thundurus, M|100\/100\n|move|p2a: Neko|Recover|p2a: Neko\n|-heal|p2a: Neko|76\/100 brn\n|\n|-damage|p2a: Neko|70\/100 brn|[from] brn\n|upkeep\n|turn|29\n|\n|t:|1700439604\n|move|p1a: Harden|Volt Switch|p2a: Neko\n|-supereffective|p2a: Neko\n|-damage|p2a: Neko|21\/100 brn\n|\n|t:|1700439608\n|switch|p1a: Horford|Goodra-Hisui, M, shiny|88\/100|[from] Volt Switch\n|move|p2a: Neko|Flip Turn|p1a: Horford\n|-resisted|p1a: Horford\n|-damage|p1a: Horford|86\/100\n|\n|t:|1700439629\n|switch|p2a: Scott|Chi-Yu|12\/100|[from] Flip Turn\n|-ability|p2a: Scott|Beads of Ruin\n|\n|upkeep\n|turn|30\n|\n|t:|1700439671\n|move|p2a: Scott|Overheat|p1a: Horford\n|-damage|p1a: Horford|46\/100\n|-unboost|p2a: Scott|spa|2\n|move|p1a: Horford|Thunderbolt|p2a: Scott\n|-damage|p2a: Scott|0 fnt\n|faint|p2a: Scott\n|\n|upkeep\n|l| FLA SaFe Donnel\n|\n|t:|1700439685\n|switch|p2a: Cruella|Espathra, F|73\/100\n|turn|31\n|\n|t:|1700439689\n|move|p2a: Cruella|Shadow Ball|p1a: Horford\n|-damage|p1a: Horford|30\/100\n|move|p1a: Horford|Draco Meteor|p2a: Cruella|[miss]\n|-miss|p1a: Horford|p2a: Cruella\n|\n|-ability|p2a: Cruella|Speed Boost|boost\n|-boost|p2a: Cruella|spe|1\n|upkeep\n|turn|32\n|\n|t:|1700439697\n|move|p2a: Cruella|Shadow Ball|p1a: Horford\n|-damage|p1a: Horford|12\/100\n|-unboost|p1a: Horford|spd|1\n|move|p1a: Horford|Draco Meteor|p2a: Cruella\n|-damage|p2a: Cruella|0 fnt\n|-unboost|p1a: Horford|spa|2\n|faint|p2a: Cruella\n|\n|upkeep\n|l| Matias Evangelista\n|\n|t:|1700439713\n|switch|p2a: Duke|Cinderace, M|16\/100\n|turn|33\n|\n|t:|1700439724\n|move|p2a: Duke|Pyro Ball|p1a: Horford\n|-damage|p1a: Horford|0 fnt\n|faint|p1a: Horford\n|\n|upkeep\n|\n|t:|1700439728\n|switch|p1a: Butler|Annihilape, M|64\/100\n|turn|34\n|\n|t:|1700439738\n|switch|p2a: Neko|Milotic, M, shiny|21\/100 brn\n|move|p1a: Butler|Earthquake|p2a: Neko\n|-damage|p2a: Neko|5\/100 brn\n|\n|-damage|p2a: Neko|0 fnt|[from] brn\n|faint|p2a: Neko\n|upkeep\n|j| FLA SaFe Donnel\n|\n|t:|1700439745\n|switch|p2a: Duke|Cinderace, M|16\/100\n|turn|35\n|\n|t:|1700439751\n|switch|p1a: Harden|Thundurus, M|100\/100\n|move|p2a: Duke|Pyro Ball|p1a: Harden\n|-damage|p1a: Harden|0 fnt\n|faint|p1a: Harden\n|\n|upkeep\n|\n|t:|1700439753\n|switch|p1a: Butler|Annihilape, M|64\/100\n|turn|36\n|j| chronocruz\n|\n|t:|1700439760\n|move|p2a: Duke|Pyro Ball|p1a: Butler\n|-damage|p1a: Butler|2\/100\n|-status|p1a: Butler|brn\n|-enditem|p1a: Butler|Lum Berry|[eat]\n|-curestatus|p1a: Butler|brn|[msg]\n|move|p1a: Butler|Rage Fist|p2a: Duke\n|-damage|p2a: Duke|0 fnt\n|faint|p2a: Duke\n|\n|win|SaFe Rez\n|c|\u2606Sweetheart Mau|holy\n|l| chronocruz\n|c|\u2606SaFe Rez|ggwp\n","uploadtime":1700439771,"views":15,"p1id":"saferez","p2id":"sweetheartmau","formatid":"gen9ubers","rating":0,"private":0,"password":""}