{"id":"gen9ubers-1977644394","p1":"tcc0811","p2":"Sky Master11","format":"[Gen 9] Ubers","log":"|j|\u2606tcc0811\n|j|\u2606Sky Master11\n|t:|1698434666\n|gametype|singles\n|player|p1|tcc0811|red|1099\n|player|p2|Sky Master11|cynthia-gen4|1145\n|teamsize|p1|6\n|teamsize|p2|6\n|gen|9\n|tier|[Gen 9] Ubers\n|rated|\n|rule|Sleep Clause Mod: Limit one foe put to sleep\n|rule|Species Clause: Limit one of each Pok\u00e9mon\n|rule|OHKO Clause: OHKO moves are banned\n|rule|Evasion Items Clause: Evasion items are banned\n|rule|Evasion Moves Clause: Evasion moves are banned\n|rule|Endless Battle Clause: Forcing endless battles is banned\n|rule|HP Percentage Mod: HP is shown in percentages\n|clearpoke\n|poke|p1|Baxcalibur, M|\n|poke|p1|Garchomp, M|\n|poke|p1|Dragapult, M|\n|poke|p1|Noivern, M|\n|poke|p1|Dragonite, M|\n|poke|p1|Goodra-Hisui, M|\n|poke|p2|Eternatus|\n|poke|p2|Zacian-*|\n|poke|p2|Kyogre|\n|poke|p2|Urshifu-*, F|\n|poke|p2|Flutter Mane|\n|poke|p2|Miraidon|\n|teampreview\n|inactive|Battle timer is ON: inactive players will automatically lose when time's up. (requested by tcc0811)\n|\n|t:|1698434681\n|start\n|switch|p1a: Baxcalibur|Baxcalibur, M|100\/100\n|switch|p2a: Kyogre|Kyogre|100\/100\n|-weather|RainDance|[from] ability: Drizzle|[of] p2a: Kyogre\n|turn|1\n|\n|t:|1698434692\n|move|p2a: Kyogre|Water Spout|p1a: Baxcalibur\n|-resisted|p1a: Baxcalibur\n|-damage|p1a: Baxcalibur|37\/100\n|move|p1a: Baxcalibur|Dragon Dance|p1a: Baxcalibur\n|-boost|p1a: Baxcalibur|atk|1\n|-boost|p1a: Baxcalibur|spe|1\n|\n|-weather|RainDance|[upkeep]\n|upkeep\n|turn|2\n|\n|t:|1698434696\n|move|p2a: Kyogre|Water Spout|p1a: Baxcalibur\n|-resisted|p1a: Baxcalibur\n|-damage|p1a: Baxcalibur|0 fnt\n|faint|p1a: Baxcalibur\n|\n|-weather|RainDance|[upkeep]\n|upkeep\n|\n|t:|1698434702\n|switch|p1a: Noivern|Noivern, M|100\/100\n|-item|p2a: Kyogre|Choice Scarf|[from] ability: Frisk|[of] p1a: Noivern|[identify]\n|turn|3\n|\n|t:|1698434706\n|move|p2a: Kyogre|Water Spout|p1a: Noivern\n|-resisted|p1a: Noivern\n|-damage|p1a: Noivern|9\/100\n|move|p1a: Noivern|Dragon Pulse|p2a: Kyogre\n|-damage|p2a: Kyogre|74\/100\n|\n|-weather|RainDance|[upkeep]\n|upkeep\n|turn|4\n|\n|t:|1698434712\n|move|p2a: Kyogre|Water Spout|p1a: Noivern\n|-resisted|p1a: Noivern\n|-damage|p1a: Noivern|0 fnt\n|faint|p1a: Noivern\n|\n|-weather|RainDance|[upkeep]\n|upkeep\n|\n|t:|1698434715\n|switch|p1a: Dragapult|Dragapult, M|100\/100\n|turn|5\n|\n|t:|1698434721\n|move|p2a: Kyogre|Water Spout|p1a: Dragapult\n|-resisted|p1a: Dragapult\n|-damage|p1a: Dragapult|42\/100\n|move|p1a: Dragapult|Shadow Ball|p2a: Kyogre\n|-damage|p2a: Kyogre|37\/100\n|\n|-weather|none\n|upkeep\n|turn|6\n|\n|t:|1698434731\n|switch|p2a: Eternatus|Eternatus|100\/100\n|-ability|p2a: Eternatus|Pressure\n|move|p1a: Dragapult|Shadow Ball|p2a: Eternatus\n|-damage|p2a: Eternatus|66\/100\n|\n|upkeep\n|turn|7\n|\n|t:|1698434740\n|switch|p1a: Goodra|Goodra-Hisui, M|100\/100\n|switch|p2a: Zacian|Zacian-Crowned|100\/100\n|-ability|p2a: Zacian|Intrepid Sword|boost\n|-boost|p2a: Zacian|atk|1\n|\n|upkeep\n|turn|8\n|\n|t:|1698434748\n|switch|p1a: Dragapult|Dragapult, M|42\/100\n|-terastallize|p2a: Zacian|Ground\n|move|p2a: Zacian|Tera Blast|p1a: Dragapult|[anim] Tera Blast Ground\n|-damage|p1a: Dragapult|0 fnt\n|faint|p1a: Dragapult\n|\n|upkeep\n|\n|t:|1698434759\n|switch|p1a: Dragonite|Dragonite, M|100\/100\n|turn|9\n|\n|t:|1698434765\n|move|p2a: Zacian|Play Rough|p1a: Dragonite\n|-supereffective|p1a: Dragonite\n|-damage|p1a: Dragonite|20\/100\n|-unboost|p1a: Dragonite|atk|1\n|-enditem|p1a: Dragonite|Weakness Policy\n|-boost|p1a: Dragonite|atk|2|[from] item: Weakness Policy\n|-boost|p1a: Dragonite|spa|2|[from] item: Weakness Policy\n|move|p1a: Dragonite|Waterfall|p2a: Zacian\n|-supereffective|p2a: Zacian\n|-damage|p2a: Zacian|10\/100\n|\n|upkeep\n|turn|10\n|\n|t:|1698434775\n|switch|p2a: Flutter Mane|Flutter Mane|100\/100\n|move|p1a: Dragonite|Extreme Speed|p2a: Flutter Mane\n|-immune|p2a: Flutter Mane\n|\n|upkeep\n|turn|11\n|\n|t:|1698434780\n|move|p2a: Flutter Mane|Moonblast|p1a: Dragonite\n|-supereffective|p1a: Dragonite\n|-damage|p1a: Dragonite|0 fnt\n|faint|p1a: Dragonite\n|-damage|p2a: Flutter Mane|91\/100|[from] item: Life Orb\n|\n|upkeep\n|\n|t:|1698434782\n|switch|p1a: Goodra|Goodra-Hisui, M|100\/100\n|turn|12\n|\n|t:|1698434790\n|-end|p2a: Flutter Mane|Protosynthesis|[silent]\n|switch|p2a: Eternatus|Eternatus|66\/100\n|-ability|p2a: Eternatus|Pressure\n|move|p1a: Goodra|Flash Cannon|p2a: Eternatus\n|-damage|p2a: Eternatus|42\/100\n|\n|upkeep\n|turn|13\n|\n|t:|1698434799\n|move|p2a: Eternatus|Recover|p2a: Eternatus\n|-heal|p2a: Eternatus|92\/100\n|move|p1a: Goodra|Blizzard|p2a: Eternatus\n|-supereffective|p2a: Eternatus\n|-damage|p2a: Eternatus|41\/100\n|-status|p2a: Eternatus|frz\n|\n|upkeep\n|turn|14\n|\n|t:|1698434807\n|switch|p2a: Urshifu|Urshifu-Rapid-Strike, F|100\/100\n|move|p1a: Goodra|Acid Armor|p1a: Goodra\n|-boost|p1a: Goodra|def|2\n|\n|upkeep\n|turn|15\n|\n|t:|1698434818\n|move|p2a: Urshifu|Close Combat|p1a: Goodra\n|-supereffective|p1a: Goodra\n|-damage|p1a: Goodra|5\/100\n|-unboost|p2a: Urshifu|def|1\n|-unboost|p2a: Urshifu|spd|1\n|move|p1a: Goodra|Dragon Pulse|p2a: Urshifu\n|-damage|p2a: Urshifu|0 fnt\n|faint|p2a: Urshifu\n|\n|-heal|p1a: Goodra|11\/100|[from] item: Leftovers\n|upkeep\n|\n|t:|1698434822\n|switch|p2a: Miraidon|Miraidon|100\/100\n|-fieldstart|move: Electric Terrain|[from] ability: Hadron Engine|[of] p2a: Miraidon\n|turn|16\n|\n|t:|1698434836\n|move|p2a: Miraidon|Overheat|p1a: Goodra\n|-damage|p1a: Goodra|0 fnt\n|-unboost|p2a: Miraidon|spa|2\n|faint|p1a: Goodra\n|\n|upkeep\n|\n|t:|1698434838\n|switch|p1a: Garchomp|Garchomp, M|100\/100\n|turn|17\n|\n|t:|1698434843\n|switch|p2a: Eternatus|Eternatus|41\/100 frz\n|-ability|p2a: Eternatus|Pressure\n|move|p1a: Garchomp|Swords Dance|p1a: Garchomp\n|-boost|p1a: Garchomp|atk|2\n|\n|upkeep\n|turn|18\n|\n|t:|1698434846\n|cant|p2a: Eternatus|frz\n|move|p1a: Garchomp|Scale Shot|p2a: Eternatus\n|-supereffective|p2a: Eternatus\n|-damage|p2a: Eternatus|0 fnt\n|faint|p2a: Eternatus\n|-hitcount|p2: Eternatus|1\n|-unboost|p1a: Garchomp|def|1\n|-boost|p1a: Garchomp|spe|1\n|\n|upkeep\n|\n|t:|1698434855\n|switch|p2a: Flutter Mane|Flutter Mane|91\/100\n|turn|19\n|\n|t:|1698434858\n|-terastallize|p1a: Garchomp|Steel\n|move|p1a: Garchomp|Iron Head|p2a: Flutter Mane\n|-supereffective|p2a: Flutter Mane\n|-crit|p2a: Flutter Mane\n|-damage|p2a: Flutter Mane|0 fnt\n|faint|p2a: Flutter Mane\n|-end|p2a: Flutter Mane|Protosynthesis|[silent]\n|\n|upkeep\n|\n|t:|1698434866\n|switch|p2a: Zacian|Zacian-Crowned, tera:Ground|10\/100\n|turn|20\n|\n|t:|1698434868\n|move|p1a: Garchomp|Earthquake|p2a: Zacian\n|-damage|p2a: Zacian|0 fnt\n|faint|p2a: Zacian\n|\n|-fieldend|move: Electric Terrain\n|upkeep\n|\n|t:|1698434872\n|switch|p2a: Kyogre|Kyogre|37\/100\n|-weather|RainDance|[from] ability: Drizzle|[of] p2a: Kyogre\n|turn|21\n|\n|t:|1698434878\n|move|p1a: Garchomp|Earthquake|p2a: Kyogre\n|-damage|p2a: Kyogre|0 fnt\n|faint|p2a: Kyogre\n|\n|-weather|RainDance|[upkeep]\n|upkeep\n|\n|t:|1698434881\n|switch|p2a: Miraidon|Miraidon|100\/100\n|-fieldstart|move: Electric Terrain|[from] ability: Hadron Engine|[of] p2a: Miraidon\n|turn|22\n|\n|t:|1698434888\n|move|p2a: Miraidon|Electro Drift|p1a: Garchomp\n|-damage|p1a: Garchomp|6\/100\n|-damage|p2a: Miraidon|88\/100|[from] ability: Rough Skin|[of] p1a: Garchomp\n|move|p1a: Garchomp|Scale Shot|p2a: Miraidon\n|-supereffective|p2a: Miraidon\n|-damage|p2a: Miraidon|37\/100\n|-supereffective|p2a: Miraidon\n|-damage|p2a: Miraidon|0 fnt\n|faint|p2a: Miraidon\n|-hitcount|p2: Miraidon|2\n|\n|win|tcc0811\n|raw|tcc0811's rating: 1099 &rarr; <strong>1127<\/strong><br \/>(+28 for winning)\n|raw|Sky Master11's rating: 1145 &rarr; <strong>1117<\/strong><br \/>(-28 for losing)\n|l|\u2606Sky Master11\n","uploadtime":1698434914,"views":9,"p1id":"tcc0811","p2id":"skymaster11","formatid":"gen9ubers","rating":1117,"private":0,"password":""}