{"id":"gen9ubers-1991023214","p1":"pikakip379","p2":"allester23","format":"[Gen 9] Ubers","log":"|j|\u2606pikakip379\n|j|\u2606allester23\n|t:|1700029730\n|gametype|singles\n|player|p1|pikakip379|ninjaboy-gen3|1000\n|player|p2|allester23|shadowtriad|1109\n|teamsize|p1|6\n|teamsize|p2|6\n|gen|9\n|tier|[Gen 9] Ubers\n|rated|\n|rule|Sleep Clause Mod: Limit one foe put to sleep\n|rule|Species Clause: Limit one of each Pok\u00e9mon\n|rule|OHKO Clause: OHKO moves are banned\n|rule|Evasion Items Clause: Evasion items are banned\n|rule|Evasion Moves Clause: Evasion moves are banned\n|rule|Endless Battle Clause: Forcing endless battles is banned\n|rule|HP Percentage Mod: HP is shown in percentages\n|clearpoke\n|poke|p1|Koraidon|\n|poke|p1|Arceus|\n|poke|p1|Miraidon|\n|poke|p1|Groudon|\n|poke|p1|Skeledirge, M|\n|poke|p1|Corviknight, M|\n|poke|p2|Blissey, F|\n|poke|p2|Jirachi|\n|poke|p2|Dudunsparce-*, M|\n|poke|p2|Chansey, F|\n|poke|p2|Shaymin-Sky|\n|poke|p2|Ribombee, F|\n|teampreview\n|c|\u2606pikakip379|nah bro\n|\n|t:|1700029748\n|start\n|switch|p1a: Meta Knight|Corviknight, M|100\/100\n|switch|p2a: Ribombee|Ribombee, F|100\/100\n|turn|1\n|c|\u2606pikakip379|wtf is this\n|\n|t:|1700029759\n|move|p2a: Ribombee|Sticky Web|p1a: Meta Knight\n|-sidestart|p1: pikakip379|move: Sticky Web\n|move|p1a: Meta Knight|Iron Head|p2a: Ribombee\n|-supereffective|p2a: Ribombee\n|-damage|p2a: Ribombee|35\/100\n|\n|-heal|p2a: Ribombee|41\/100|[from] item: Leftovers\n|upkeep\n|turn|2\n|\n|t:|1700029792\n|move|p2a: Ribombee|Tailwind|p2a: Ribombee\n|-sidestart|p2: allester23|move: Tailwind\n|move|p1a: Meta Knight|Defog|p2a: Ribombee\n|-unboost|p2a: Ribombee|evasion|1\n|-sideend|p1: pikakip379|Sticky Web|[from] move: Defog|[of] p1a: Meta Knight\n|\n|-heal|p2a: Ribombee|48\/100|[from] item: Leftovers\n|upkeep\n|turn|3\n|\n|t:|1700029812\n|move|p2a: Ribombee|Sticky Web|p1a: Meta Knight\n|-sidestart|p1: pikakip379|move: Sticky Web\n|move|p1a: Meta Knight|U-turn|p2a: Ribombee\n|-resisted|p2a: Ribombee\n|-damage|p2a: Ribombee|38\/100\n|\n|t:|1700029815\n|switch|p1a: Jod|Arceus|100\/100|[from] U-turn\n|-activate|p1a: Jod|move: Sticky Web\n|-unboost|p1a: Jod|spe|1\n|\n|-heal|p2a: Ribombee|44\/100|[from] item: Leftovers\n|upkeep\n|turn|4\n|\n|t:|1700029826\n|move|p2a: Ribombee|U-turn|p1a: Jod\n|-damage|p1a: Jod|91\/100\n|\n|t:|1700029831\n|switch|p2a: Blissey|Blissey, F|100\/100|[from] U-turn\n|move|p1a: Jod|Swords Dance|p1a: Jod\n|-boost|p1a: Jod|atk|2\n|\n|upkeep\n|turn|5\n|\n|t:|1700029838\n|-terastallize|p1a: Jod|Normal\n|move|p1a: Jod|Extreme Speed|p2a: Blissey\n|-damage|p2a: Blissey|0 fnt\n|faint|p2a: Blissey\n|\n|-sideend|p2: allester23|move: Tailwind\n|upkeep\n|\n|t:|1700029846\n|switch|p2a: Jirachi|Jirachi|100\/100\n|turn|6\n|\n|t:|1700029851\n|move|p1a: Jod|Extreme Speed|p2a: Jirachi\n|-resisted|p2a: Jirachi\n|-damage|p2a: Jirachi|34\/100\n|move|p2a: Jirachi|Body Slam|p1a: Jod\n|-damage|p1a: Jod|73\/100\n|-status|p1a: Jod|par\n|\n|-heal|p2a: Jirachi|40\/100|[from] item: Leftovers\n|upkeep\n|turn|7\n|\n|t:|1700029857\n|move|p1a: Jod|Extreme Speed|p2a: Jirachi\n|-resisted|p2a: Jirachi\n|-damage|p2a: Jirachi|0 fnt\n|faint|p2a: Jirachi\n|\n|upkeep\n|\n|t:|1700029861\n|switch|p2a: Ribombee|Ribombee, F|44\/100\n|turn|8\n|\n|t:|1700029864\n|move|p2a: Ribombee|Tailwind|p2a: Ribombee\n|-sidestart|p2: allester23|move: Tailwind\n|cant|p1a: Jod|par\n|\n|-heal|p2a: Ribombee|50\/100|[from] item: Leftovers\n|upkeep\n|turn|9\n|\n|t:|1700029870\n|move|p2a: Ribombee|Moonblast|p1a: Jod\n|-damage|p1a: Jod|52\/100 par\n|move|p1a: Jod|Swords Dance|p1a: Jod\n|-boost|p1a: Jod|atk|2\n|\n|-heal|p2a: Ribombee|56\/100|[from] item: Leftovers\n|upkeep\n|turn|10\n|\n|t:|1700029877\n|move|p1a: Jod|Extreme Speed|p2a: Ribombee\n|-damage|p2a: Ribombee|0 fnt\n|faint|p2a: Ribombee\n|\n|upkeep\n|\n|t:|1700029882\n|switch|p2a: Dudunsparce|Dudunsparce-Three-Segment, M|100\/100\n|turn|11\n|\n|t:|1700029887\n|cant|p1a: Jod|par\n|move|p2a: Dudunsparce|Zen Headbutt|p1a: Jod\n|-damage|p1a: Jod|35\/100 par\n|\n|-sideend|p2: allester23|move: Tailwind\n|upkeep\n|turn|12\n|\n|t:|1700029891\n|move|p1a: Jod|Extreme Speed|p2a: Dudunsparce\n|-damage|p2a: Dudunsparce|0 fnt\n|faint|p2a: Dudunsparce\n|\n|upkeep\n|\n|t:|1700029894\n|switch|p2a: Chansey|Chansey, F|100\/100\n|turn|13\n|c|\u2606pikakip379|ggs\n|c|\u2606pikakip379|make a real team next time\n|\n|t:|1700029899\n|move|p1a: Jod|Extreme Speed|p2a: Chansey\n|-damage|p2a: Chansey|0 fnt\n|faint|p2a: Chansey\n|\n|upkeep\n|\n|t:|1700029902\n|switch|p2a: Shaymin|Shaymin-Sky|100\/100\n|turn|14\n|\n|t:|1700029906\n|cant|p1a: Jod|par\n|move|p2a: Shaymin|Air Slash|p1a: Jod\n|-damage|p1a: Jod|11\/100 par\n|\n|upkeep\n|turn|15\n|\n|t:|1700029909\n|move|p1a: Jod|Extreme Speed|p2a: Shaymin\n|-damage|p2a: Shaymin|0 fnt\n|faint|p2a: Shaymin\n|\n|win|pikakip379\n|raw|pikakip379's rating: 1000 &rarr; <strong>1052<\/strong><br \/>(+52 for winning)\n|raw|allester23's rating: 1109 &rarr; <strong>1076<\/strong><br \/>(-33 for losing)\n|l|\u2606allester23\n|c|\u2606pikakip379|easy\n","uploadtime":1700029917,"views":7,"p1id":"pikakip379","p2id":"allester23","formatid":"gen9ubers","rating":1052,"private":0,"password":""}