{"id":"gen9ubers-1995876991","p1":"Scampton","p2":"Dragon Master Rosa","format":"[Gen 9] Ubers","log":"|j|\u2606Scampton\n|j|\u2606Dragon Master Rosa\n|t:|1700612547\n|gametype|singles\n|player|p1|Scampton|clown|\n|player|p2|Dragon Master Rosa|rosa|\n|teamsize|p1|6\n|teamsize|p2|6\n|gen|9\n|tier|[Gen 9] Ubers\n|rule|Sleep Clause Mod: Limit one foe put to sleep\n|rule|Species Clause: Limit one of each Pok\u00e9mon\n|rule|OHKO Clause: OHKO moves are banned\n|rule|Evasion Items Clause: Evasion items are banned\n|rule|Evasion Moves Clause: Evasion moves are banned\n|rule|Endless Battle Clause: Forcing endless battles is banned\n|rule|HP Percentage Mod: HP is shown in percentages\n|clearpoke\n|poke|p1|Ribombee, F|\n|poke|p1|Delibird, M|\n|poke|p1|Slowking-Galar, F|\n|poke|p1|Palafin, F|\n|poke|p1|Medicham, M|\n|poke|p1|Ursaluna-Bloodmoon, M|\n|poke|p2|Infernape, M|\n|poke|p2|Eelektross, M|\n|poke|p2|Blissey, F|\n|poke|p2|Slowking-Galar, M|\n|poke|p2|Weezing-Galar, M|\n|poke|p2|Palafin, F|\n|teampreview\n|\n|t:|1700612566\n|start\n|switch|p1a: Ribombee|Ribombee, F|100\/100\n|switch|p2a: Eelektross|Eelektross, M|100\/100\n|turn|1\n|\n|t:|1700612569\n|move|p1a: Ribombee|Sticky Web|p2a: Eelektross\n|-sidestart|p2: Dragon Master Rosa|move: Sticky Web\n|move|p2a: Eelektross|Flamethrower|p1a: Ribombee\n|-supereffective|p1a: Ribombee\n|-damage|p1a: Ribombee|24\/100\n|\n|upkeep\n|turn|2\n|\n|t:|1700612580\n|move|p1a: Ribombee|U-turn|p2a: Eelektross\n|-damage|p2a: Eelektross|76\/100\n|\n|t:|1700612588\n|switch|p1a: Slowking|Slowking-Galar, F|100\/100|[from] U-turn\n|move|p2a: Eelektross|Volt Switch|p1a: Slowking\n|-damage|p1a: Slowking|80\/100\n|\n|t:|1700612594\n|switch|p2a: Palafin|Palafin, F|100\/100|[from] Volt Switch\n|-activate|p2a: Palafin|move: Sticky Web\n|-unboost|p2a: Palafin|spe|1\n|\n|upkeep\n|turn|3\n|\n|t:|1700612599\n|detailschange|p2a: Palafin|Palafin-Hero, F\n|switch|p2a: Slowking|Slowking-Galar, M|100\/100\n|-activate|p2a: Slowking|move: Sticky Web\n|-unboost|p2a: Slowking|spe|1\n|move|p1a: Slowking|Chilly Reception|p1a: Slowking\n|-weather|Snow\n|\n|t:|1700612610\n|switch|p1a: Ursaluna|Ursaluna-Bloodmoon, M|100\/100|[from] Chilly Reception\n|\n|-weather|Snow|[upkeep]\n|upkeep\n|turn|4\n|\n|t:|1700612615\n|move|p1a: Ursaluna|Swords Dance|p1a: Ursaluna\n|-boost|p1a: Ursaluna|atk|2\n|move|p2a: Slowking|Toxic|p1a: Ursaluna\n|-status|p1a: Ursaluna|tox\n|\n|-weather|Snow|[upkeep]\n|-damage|p1a: Ursaluna|94\/100 tox|[from] psn\n|upkeep\n|turn|5\n|\n|t:|1700612626\n|move|p1a: Ursaluna|Swords Dance|p1a: Ursaluna\n|-boost|p1a: Ursaluna|atk|2\n|move|p2a: Slowking|Foul Play|p1a: Ursaluna\n|-damage|p1a: Ursaluna|44\/100 tox\n|\n|-weather|Snow|[upkeep]\n|-heal|p1a: Ursaluna|50\/100 tox|[from] item: Leftovers\n|-damage|p1a: Ursaluna|37\/100 tox|[from] psn\n|upkeep\n|turn|6\n|c|\u2606Scampton|spoiler\n|c|\u2606Scampton|i forgot to bring a ground type move\n|\n|t:|1700612667\n|move|p1a: Ursaluna|Headlong Rush|p2a: Slowking\n|-supereffective|p2a: Slowking\n|-damage|p2a: Slowking|0 fnt\n|-unboost|p1a: Ursaluna|def|1\n|-unboost|p1a: Ursaluna|spd|1\n|faint|p2a: Slowking\n|\n|-weather|Snow|[upkeep]\n|-heal|p1a: Ursaluna|44\/100 tox|[from] item: Leftovers\n|-damage|p1a: Ursaluna|25\/100 tox|[from] psn\n|upkeep\n|c|\u2606Dragon Master Rosa|i knew it\n|c|\u2606Scampton|NEVER LISTEN TO SPOILERS!!!\n|\n|t:|1700612677\n|switch|p2a: Weezing|Weezing-Galar, M|100\/100\n|-ability|p2a: Weezing|Neutralizing Gas\n|-activate|p2a: Weezing|move: Sticky Web\n|-unboost|p2a: Weezing|spe|1\n|turn|7\n|\n|t:|1700612681\n|move|p1a: Ursaluna|Headlong Rush|p2a: Weezing\n|-supereffective|p2a: Weezing\n|-damage|p2a: Weezing|0 fnt\n|-unboost|p1a: Ursaluna|def|1\n|-unboost|p1a: Ursaluna|spd|1\n|faint|p2a: Weezing\n|-end|p2a: Weezing|ability: Neutralizing Gas\n|\n|-weather|none\n|-heal|p1a: Ursaluna|31\/100 tox|[from] item: Leftovers\n|-damage|p1a: Ursaluna|7\/100 tox|[from] psn\n|upkeep\n|c|\u2606Dragon Master Rosa|oh right\n|\n|t:|1700612690\n|switch|p2a: Infernape|Infernape, M|100\/100\n|-activate|p2a: Infernape|move: Sticky Web\n|-unboost|p2a: Infernape|spe|1\n|turn|8\n|c|\u2606Scampton|THEY SPOIL THE EXPEREINCE!!!\n|\n|t:|1700612692\n|move|p2a: Infernape|Close Combat|p1a: Ursaluna\n|-supereffective|p1a: Ursaluna\n|-damage|p1a: Ursaluna|0 fnt\n|-unboost|p2a: Infernape|def|1\n|-unboost|p2a: Infernape|spd|1\n|faint|p1a: Ursaluna\n|\n|upkeep\n|\n|t:|1700612697\n|switch|p1a: Ribombee|Ribombee, F|24\/100\n|turn|9\n|\n|t:|1700612700\n|move|p1a: Ribombee|Stun Spore|p2a: Infernape\n|-status|p2a: Infernape|par\n|cant|p2a: Infernape|par\n|\n|upkeep\n|turn|10\n|\n|t:|1700612704\n|move|p1a: Ribombee|Play Rough|p2a: Infernape\n|-damage|p2a: Infernape|40\/100 par\n|-unboost|p2a: Infernape|atk|1\n|cant|p2a: Infernape|par\n|\n|upkeep\n|turn|11\n|\n|t:|1700612709\n|switch|p2a: Blissey|Blissey, F|100\/100\n|move|p1a: Ribombee|Play Rough|p2a: Blissey\n|-damage|p2a: Blissey|74\/100\n|\n|upkeep\n|turn|12\n|\n|t:|1700612715\n|move|p1a: Ribombee|U-turn|p2a: Blissey\n|-damage|p2a: Blissey|54\/100\n|\n|t:|1700612716\n|switch|p1a: Medicham|Medicham, M|100\/100|[from] U-turn\n|move|p2a: Blissey|Stealth Rock|p1a: Medicham\n|-sidestart|p1: Scampton|move: Stealth Rock\n|\n|upkeep\n|turn|13\n|\n|t:|1700612727\n|-terastallize|p2a: Blissey|Ghost\n|move|p1a: Medicham|Fake Out|p2a: Blissey\n|-immune|p2a: Blissey\n|move|p2a: Blissey|Heal Bell|p2a: Blissey\n|-activate|p2a: Blissey|move: Heal Bell\n|-curestatus|p2: Infernape|par|[msg]\n|\n|upkeep\n|turn|14\n|c|\u2606Scampton|balls.\n|\n|t:|1700612744\n|move|p1a: Medicham|Zen Headbutt|p2a: Blissey\n|-damage|p2a: Blissey|7\/100\n|move|p2a: Blissey|Soft-Boiled|p2a: Blissey\n|-heal|p2a: Blissey|57\/100\n|\n|upkeep\n|turn|15\n|\n|t:|1700612758\n|move|p1a: Medicham|Zen Headbutt|p2a: Blissey|[miss]\n|-miss|p1a: Medicham|p2a: Blissey\n|move|p2a: Blissey|Seismic Toss|p1a: Medicham\n|-damage|p1a: Medicham|62\/100\n|\n|upkeep\n|turn|16\n|\n|t:|1700612772\n|move|p1a: Medicham|Zen Headbutt|p2a: Blissey|[miss]\n|-miss|p1a: Medicham|p2a: Blissey\n|move|p2a: Blissey|Seismic Toss|p1a: Medicham\n|-damage|p1a: Medicham|24\/100\n|\n|upkeep\n|turn|17\n|c|\u2606Scampton|how the hell\n|c|\u2606Dragon Master Rosa|skill\n|\n|t:|1700612781\n|move|p1a: Medicham|Zen Headbutt|p2a: Blissey\n|-damage|p2a: Blissey|10\/100\n|move|p2a: Blissey|Seismic Toss|p1a: Medicham\n|-damage|p1a: Medicham|0 fnt\n|faint|p1a: Medicham\n|\n|upkeep\n|c|\u2606Scampton|one percent skill\n|c|\u2606Scampton|one percent pain\n|c|\u2606Scampton|one percent shame\n|c|\u2606Scampton|and a hundred percent reason to remember this format sucks\n|c|\u2606Dragon Master Rosa|and 97% mons\n|\n|t:|1700612808\n|switch|p1a: Palafin|Palafin, F|100\/100\n|-damage|p1a: Palafin|88\/100|[from] Stealth Rock\n|turn|18\n|\n|t:|1700612814\n|move|p1a: Palafin|Hydro Pump|p2a: Blissey\n|-damage|p2a: Blissey|0 fnt\n|faint|p2a: Blissey\n|\n|upkeep\n|\n|t:|1700612817\n|switch|p2a: Eelektross|Eelektross, M|76\/100\n|turn|19\n|\n|t:|1700612831\n|detailschange|p1a: Palafin|Palafin-Hero, F\n|switch|p1a: Slowking|Slowking-Galar, F|100\/100\n|move|p2a: Eelektross|Giga Drain|p1a: Slowking\n|-resisted|p1a: Slowking\n|-damage|p1a: Slowking|93\/100\n|-heal|p2a: Eelektross|79\/100|[from] drain|[of] p1a: Slowking\n|\n|upkeep\n|turn|20\n|\n|t:|1700612837\n|move|p2a: Eelektross|Volt Switch|p1a: Slowking\n|-damage|p1a: Slowking|73\/100\n|\n|t:|1700612848\n|switch|p2a: Palafin|Palafin-Hero, F|100\/100|[from] Volt Switch\n|-activate|p2a: Palafin|move: Sticky Web\n|-unboost|p2a: Palafin|spe|1\n|-activate|p2a: Palafin|ability: Zero to Hero\n|move|p1a: Slowking|Toxic|p2a: Palafin\n|-status|p2a: Palafin|tox\n|\n|-damage|p2a: Palafin|94\/100 tox|[from] psn\n|upkeep\n|turn|21\n|\n|t:|1700612855\n|move|p2a: Palafin|Boomburst|p1a: Slowking\n|-damage|p1a: Slowking|25\/100\n|move|p1a: Slowking|Chilly Reception|p1a: Slowking\n|-weather|Snow\n|\n|t:|1700612861\n|switch|p1a: Flesh Bundle|Delibird, M|100\/100|[from] Chilly Reception\n|-damage|p1a: Flesh Bundle|51\/100|[from] Stealth Rock\n|\n|-weather|Snow|[upkeep]\n|-damage|p2a: Palafin|82\/100 tox|[from] psn\n|upkeep\n|turn|22\n|\n|t:|1700612864\n|move|p1a: Flesh Bundle|Rapid Spin|p2a: Palafin\n|-damage|p2a: Palafin|60\/100 tox\n|-boost|p1a: Flesh Bundle|spe|1\n|-sideend|p1: Scampton|Stealth Rock|[from] move: Rapid Spin|[of] p1a: Flesh Bundle\n|move|p2a: Palafin|Boomburst|p1a: Flesh Bundle\n|-damage|p1a: Flesh Bundle|0 fnt\n|faint|p1a: Flesh Bundle\n|\n|-weather|Snow|[upkeep]\n|-damage|p2a: Palafin|41\/100 tox|[from] psn\n|upkeep\n|c|\u2606Scampton|THANK YOU MR. DELIBIRD !!!!\n|\n|t:|1700612881\n|switch|p1a: Palafin|Palafin-Hero, F|88\/100\n|-activate|p1a: Palafin|ability: Zero to Hero\n|turn|23\n|\n|t:|1700612886\n|move|p1a: Palafin|Boomburst|p2a: Palafin\n|-damage|p2a: Palafin|0 fnt\n|faint|p2a: Palafin\n|\n|-weather|Snow|[upkeep]\n|upkeep\n|\n|t:|1700612890\n|switch|p2a: Eelektross|Eelektross, M|79\/100\n|turn|24\n|\n|t:|1700612901\n|-terastallize|p1a: Palafin|Ghost\n|move|p1a: Palafin|Boomburst|p2a: Eelektross\n|-damage|p2a: Eelektross|45\/100\n|move|p2a: Eelektross|Discharge|p1a: Palafin\n|-damage|p1a: Palafin|56\/100\n|-status|p1a: Palafin|par\n|\n|-weather|Snow|[upkeep]\n|upkeep\n|turn|25\n|\n|t:|1700612906\n|move|p1a: Palafin|Boomburst|p2a: Eelektross\n|-damage|p2a: Eelektross|11\/100\n|move|p2a: Eelektross|Giga Drain|p1a: Palafin\n|-damage|p1a: Palafin|37\/100 par\n|-heal|p2a: Eelektross|21\/100|[from] drain|[of] p1a: Palafin\n|\n|-weather|none\n|upkeep\n|turn|26\n|c|\u2606Scampton|uh oh\n|\n|t:|1700612915\n|move|p1a: Palafin|Boomburst|p2a: Eelektross\n|-damage|p2a: Eelektross|0 fnt\n|faint|p2a: Eelektross\n|\n|upkeep\n|\n|t:|1700612918\n|switch|p2a: Infernape|Infernape, M|40\/100\n|-activate|p2a: Infernape|move: Sticky Web\n|-unboost|p2a: Infernape|spe|1\n|turn|27\n|\n|t:|1700612921\n|move|p2a: Infernape|Flare Blitz|p1a: Palafin\n|-damage|p1a: Palafin|0 fnt\n|faint|p1a: Palafin\n|-damage|p2a: Infernape|26\/100|[from] Recoil\n|\n|upkeep\n|\n|t:|1700612929\n|switch|p1a: Slowking|Slowking-Galar, F|58\/100\n|turn|28\n|\n|t:|1700612933\n|move|p2a: Infernape|Flare Blitz|p1a: Slowking\n|-damage|p1a: Slowking|23\/100\n|-damage|p2a: Infernape|10\/100|[from] Recoil\n|move|p1a: Slowking|Poison Jab|p2a: Infernape\n|-damage|p2a: Infernape|0 fnt\n|faint|p2a: Infernape\n|\n|win|Scampton\n|c|\u2606Dragon Master Rosa|ggwp\n","uploadtime":1700612939,"views":37,"p1id":"scampton","p2id":"dragonmasterrosa","formatid":"gen9ubers","rating":0,"private":0,"password":""}