{"id":"gen9ubers-1984304209","p1":"BrunoMobBoss","p2":"namthieunag","format":"[Gen 9] Ubers","log":"|j|\u2606BrunoMobBoss\n|j|\u2606namthieunag\n|t:|1699241266\n|gametype|singles\n|player|p1|BrunoMobBoss|1|1138\n|player|p2|namthieunag|102|1041\n|teamsize|p1|6\n|teamsize|p2|6\n|gen|9\n|tier|[Gen 9] Ubers\n|rated|\n|rule|Sleep Clause Mod: Limit one foe put to sleep\n|rule|Species Clause: Limit one of each Pok\u00e9mon\n|rule|OHKO Clause: OHKO moves are banned\n|rule|Evasion Items Clause: Evasion items are banned\n|rule|Evasion Moves Clause: Evasion moves are banned\n|rule|Endless Battle Clause: Forcing endless battles is banned\n|rule|HP Percentage Mod: HP is shown in percentages\n|clearpoke\n|poke|p1|Volcarona, F|\n|poke|p1|Palafin, F|\n|poke|p1|Breloom, F|\n|poke|p1|Cetitan, F|\n|poke|p1|Corviknight, M|\n|poke|p1|Flutter Mane|\n|poke|p2|Mewtwo|\n|poke|p2|Basculegion, M|\n|poke|p2|Magneton|\n|poke|p2|Gliscor, F|\n|poke|p2|Walking Wake|\n|poke|p2|Gengar, F|\n|teampreview\n|\n|t:|1699241273\n|start\n|switch|p1a: Palafin|Palafin, F|100\/100\n|switch|p2a: Gliscor|Gliscor, F|100\/100\n|turn|1\n|\n|t:|1699241376\n|move|p1a: Palafin|Flip Turn|p2a: Gliscor\n|-supereffective|p2a: Gliscor\n|-damage|p2a: Gliscor|63\/100\n|\n|t:|1699241382\n|detailschange|p1a: Palafin|Palafin-Hero, F\n|switch|p1a: Cetitan|Cetitan, F|100\/100|[from] Flip Turn\n|move|p2a: Gliscor|Ice Fang|p1a: Cetitan\n|-resisted|p1a: Cetitan\n|-damage|p1a: Cetitan|97\/100\n|\n|-heal|p1a: Cetitan|100\/100|[from] item: Leftovers\n|upkeep\n|turn|2\n|\n|t:|1699241390\n|move|p2a: Gliscor|Earthquake|p1a: Cetitan\n|-damage|p1a: Cetitan|64\/100\n|move|p1a: Cetitan|Ice Spinner|p2a: Gliscor\n|-supereffective|p2a: Gliscor\n|-damage|p2a: Gliscor|0 fnt\n|faint|p2a: Gliscor\n|\n|-heal|p1a: Cetitan|71\/100|[from] item: Leftovers\n|upkeep\n|\n|t:|1699241411\n|switch|p2a: Magneton|Magneton, shiny|100\/100\n|turn|3\n|\n|t:|1699241459\n|-terastallize|p2a: Magneton|Electric\n|move|p2a: Magneton|Supersonic|p1a: Cetitan\n|-start|p1a: Cetitan|confusion\n|-activate|p1a: Cetitan|confusion\n|move|p1a: Cetitan|Earthquake|p2a: Magneton\n|-supereffective|p2a: Magneton\n|-damage|p2a: Magneton|27\/100\n|\n|-heal|p1a: Cetitan|77\/100|[from] item: Leftovers\n|upkeep\n|turn|4\n|\n|t:|1699241469\n|move|p2a: Magneton|Flash Cannon|p1a: Cetitan\n|-supereffective|p1a: Cetitan\n|-damage|p1a: Cetitan|20\/100\n|-activate|p1a: Cetitan|confusion\n|move|p1a: Cetitan|Earthquake|p2a: Magneton\n|-supereffective|p2a: Magneton\n|-damage|p2a: Magneton|0 fnt\n|faint|p2a: Magneton\n|\n|-heal|p1a: Cetitan|27\/100|[from] item: Leftovers\n|upkeep\n|\n|t:|1699241474\n|switch|p2a: Basculegion|Basculegion, M, shiny|100\/100\n|turn|5\n|\n|t:|1699241488\n|move|p2a: Basculegion|Last Respects|p1a: Cetitan\n|-damage|p1a: Cetitan|0 fnt\n|faint|p1a: Cetitan\n|\n|upkeep\n|\n|t:|1699241507\n|switch|p1a: Flutter Mane|Flutter Mane|100\/100\n|-enditem|p1a: Flutter Mane|Booster Energy\n|-activate|p1a: Flutter Mane|ability: Protosynthesis|[fromitem]\n|-start|p1a: Flutter Mane|protosynthesisspa\n|turn|6\n|\n|t:|1699241527\n|move|p1a: Flutter Mane|Shadow Ball|p2a: Basculegion\n|-supereffective|p2a: Basculegion\n|-damage|p2a: Basculegion|0 fnt\n|faint|p2a: Basculegion\n|\n|upkeep\n|\n|t:|1699241532\n|switch|p2a: Walking Wake|Walking Wake|100\/100\n|turn|7\n|\n|t:|1699241538\n|move|p1a: Flutter Mane|Moonblast|p2a: Walking Wake\n|-supereffective|p2a: Walking Wake\n|-damage|p2a: Walking Wake|0 fnt\n|faint|p2a: Walking Wake\n|-end|p2a: Walking Wake|Protosynthesis|[silent]\n|\n|upkeep\n|\n|t:|1699241543\n|switch|p2a: Mewtwo|Mewtwo|100\/100\n|-ability|p2a: Mewtwo|Pressure\n|turn|8\n|\n|t:|1699241559\n|move|p1a: Flutter Mane|Shadow Ball|p2a: Mewtwo\n|-supereffective|p2a: Mewtwo\n|-damage|p2a: Mewtwo|0 fnt\n|faint|p2a: Mewtwo\n|\n|upkeep\n|\n|t:|1699241563\n|switch|p2a: Gengar|Gengar, F, shiny|100\/100\n|turn|9\n|\n|t:|1699241568\n|move|p1a: Flutter Mane|Shadow Ball|p2a: Gengar\n|-supereffective|p2a: Gengar\n|-crit|p2a: Gengar\n|-damage|p2a: Gengar|0 fnt\n|-start|p1a: Flutter Mane|Disable|Shadow Ball|[from] ability: Cursed Body|[of] p2a: Gengar\n|faint|p2a: Gengar\n|\n|win|BrunoMobBoss\n|raw|BrunoMobBoss's rating: 1138 &rarr; <strong>1156<\/strong><br \/>(+18 for winning)\n|raw|namthieunag's rating: 1041 &rarr; <strong>1029<\/strong><br \/>(-12 for losing)\n|l|\u2606namthieunag\n","uploadtime":1699241576,"views":4,"p1id":"brunomobboss","p2id":"namthieunag","formatid":"gen9ubers","rating":1029,"private":0,"password":""}