{"id":"gen9ubers-1998451558","p1":"sirawesomepants","p2":"DonatelloVX","format":"[Gen 9] Ubers","log":"|j|\u2606sirawesomepants\n|j|\u2606DonatelloVX\n|t:|1700943817\n|gametype|singles\n|player|p1|sirawesomepants|pokemaniac|1105\n|player|p2|DonatelloVX|bruno|1063\n|teamsize|p1|6\n|teamsize|p2|6\n|gen|9\n|tier|[Gen 9] Ubers\n|rated|\n|rule|Sleep Clause Mod: Limit one foe put to sleep\n|rule|Species Clause: Limit one of each Pok\u00e9mon\n|rule|OHKO Clause: OHKO moves are banned\n|rule|Evasion Items Clause: Evasion items are banned\n|rule|Evasion Moves Clause: Evasion moves are banned\n|rule|Endless Battle Clause: Forcing endless battles is banned\n|rule|HP Percentage Mod: HP is shown in percentages\n|clearpoke\n|poke|p1|Palafin, F|\n|poke|p1|Skeledirge, F|\n|poke|p1|Meowscarada, M|\n|poke|p1|Glimmora, M|\n|poke|p1|Corviknight, F|\n|poke|p1|Clefairy, M|\n|poke|p2|Regieleki|\n|poke|p2|Garchomp, M|\n|poke|p2|Mimikyu, M|\n|poke|p2|Heracross, F|\n|poke|p2|Talonflame, F|\n|poke|p2|Dugtrio-Alola, M|\n|teampreview\n|\n|t:|1700943833\n|start\n|switch|p1a: Glimmora|Glimmora, M|100\/100\n|switch|p2a: Talonflame|Talonflame, F|100\/100\n|turn|1\n|\n|t:|1700943842\n|move|p2a: Talonflame|Tailwind|p2a: Talonflame\n|-sidestart|p2: DonatelloVX|move: Tailwind\n|move|p1a: Glimmora|Power Gem|p2a: Talonflame\n|-supereffective|p2a: Talonflame\n|-enditem|p2a: Talonflame|Focus Sash\n|-damage|p2a: Talonflame|1\/100\n|\n|upkeep\n|turn|2\n|\n|t:|1700943854\n|move|p2a: Talonflame|Brave Bird|p1a: Glimmora\n|-resisted|p1a: Glimmora\n|-damage|p1a: Glimmora|70\/100\n|-damage|p2a: Talonflame|0 fnt|[from] item: Rocky Helmet|[of] p1a: Glimmora\n|-activate|p1a: Glimmora|ability: Toxic Debris\n|-sidestart|p2: DonatelloVX|move: Toxic Spikes\n|faint|p2a: Talonflame\n|move|p1a: Glimmora|Stealth Rock|p2: Talonflame\n|-sidestart|p2: DonatelloVX|move: Stealth Rock\n|\n|upkeep\n|\n|t:|1700943870\n|switch|p2a: Dugtrio|Dugtrio-Alola, M|100\/100\n|-damage|p2a: Dugtrio|98\/100|[from] Stealth Rock\n|turn|3\n|\n|t:|1700943889\n|switch|p1a: Corviknight|Corviknight, F|100\/100\n|-ability|p1a: Corviknight|Pressure\n|move|p2a: Dugtrio|Stealth Rock|p1a: Corviknight\n|-sidestart|p1: sirawesomepants|move: Stealth Rock\n|\n|upkeep\n|turn|4\n|\n|t:|1700943907\n|move|p2a: Dugtrio|Rock Slide|p1a: Corviknight\n|-damage|p1a: Corviknight|83\/100\n|move|p1a: Corviknight|Iron Defense|p1a: Corviknight\n|-boost|p1a: Corviknight|def|2\n|\n|-heal|p1a: Corviknight|90\/100|[from] item: Leftovers\n|-sideend|p2: DonatelloVX|move: Tailwind\n|upkeep\n|turn|5\n|\n|t:|1700943920\n|move|p2a: Dugtrio|Iron Head|p1a: Corviknight\n|-resisted|p1a: Corviknight\n|-damage|p1a: Corviknight|80\/100\n|move|p1a: Corviknight|Iron Defense|p1a: Corviknight\n|-boost|p1a: Corviknight|def|2\n|\n|-heal|p1a: Corviknight|87\/100|[from] item: Leftovers\n|upkeep\n|turn|6\n|inactive|Battle timer is ON: inactive players will automatically lose when time's up. (requested by sirawesomepants)\n|\n|t:|1700943944\n|switch|p2a: Regieleki|Regieleki, shiny|100\/100\n|-damage|p2a: Regieleki|88\/100|[from] Stealth Rock\n|-item|p2a: Regieleki|Air Balloon\n|move|p1a: Corviknight|Iron Defense|p1a: Corviknight\n|-boost|p1a: Corviknight|def|2\n|\n|-heal|p1a: Corviknight|93\/100|[from] item: Leftovers\n|upkeep\n|turn|7\n|\n|t:|1700943960\n|move|p2a: Regieleki|Thunder|p1a: Corviknight|[miss]\n|-miss|p2a: Regieleki|p1a: Corviknight\n|move|p1a: Corviknight|Power Trip|p2a: Regieleki\n|-damage|p2a: Regieleki|0 fnt\n|-enditem|p2a: Regieleki|Air Balloon\n|faint|p2a: Regieleki\n|\n|-heal|p1a: Corviknight|99\/100|[from] item: Leftovers\n|upkeep\n|\n|t:|1700943975\n|switch|p2a: Garchomp|Garchomp, M|100\/100\n|-status|p2a: Garchomp|psn\n|-damage|p2a: Garchomp|94\/100 psn|[from] Stealth Rock\n|turn|8\n|\n|t:|1700943985\n|move|p2a: Garchomp|Outrage|p1a: Corviknight\n|-resisted|p1a: Corviknight\n|-damage|p1a: Corviknight|93\/100\n|move|p1a: Corviknight|Power Trip|p2a: Garchomp\n|-crit|p2a: Garchomp\n|-damage|p2a: Garchomp|29\/100 psn\n|\n|-heal|p1a: Corviknight|99\/100|[from] item: Leftovers\n|-damage|p2a: Garchomp|16\/100 psn|[from] psn\n|upkeep\n|turn|9\n|\n|t:|1700943993\n|move|p2a: Garchomp|Outrage|p1a: Corviknight|[from]lockedmove\n|-resisted|p1a: Corviknight\n|-damage|p1a: Corviknight|93\/100\n|-start|p2a: Garchomp|confusion|[fatigue]\n|move|p1a: Corviknight|Power Trip|p2a: Garchomp\n|-damage|p2a: Garchomp|0 fnt\n|faint|p2a: Garchomp\n|\n|-heal|p1a: Corviknight|99\/100|[from] item: Leftovers\n|upkeep\n|\n|t:|1700943997\n|switch|p2a: Heracross|Heracross, F|100\/100\n|-status|p2a: Heracross|psn\n|-damage|p2a: Heracross|88\/100 psn|[from] Stealth Rock\n|turn|10\n|\n|t:|1700944005\n|move|p2a: Heracross|Close Combat|p1a: Corviknight\n|-damage|p1a: Corviknight|79\/100\n|-unboost|p2a: Heracross|def|1\n|-unboost|p2a: Heracross|spd|1\n|move|p1a: Corviknight|Brave Bird|p2a: Heracross\n|-supereffective|p2a: Heracross\n|-damage|p2a: Heracross|0 fnt\n|faint|p2a: Heracross\n|-damage|p1a: Corviknight|58\/100|[from] Recoil\n|\n|-heal|p1a: Corviknight|64\/100|[from] item: Leftovers\n|upkeep\n|\n|t:|1700944013\n|switch|p2a: Mimikyu|Mimikyu, M, shiny|100\/100\n|-status|p2a: Mimikyu|psn\n|-damage|p2a: Mimikyu|88\/100 psn|[from] Stealth Rock\n|turn|11\n|\n|t:|1700944023\n|move|p2a: Mimikyu|Play Rough|p1a: Corviknight\n|-resisted|p1a: Corviknight\n|-damage|p1a: Corviknight|59\/100\n|-damage|p2a: Mimikyu|78\/100 psn|[from] item: Life Orb\n|move|p1a: Corviknight|Power Trip|p2a: Mimikyu\n|-activate|p2a: Mimikyu|ability: Disguise\n|-damage|p2a: Mimikyu|78\/100 psn\n|detailschange|p2a: Mimikyu|Mimikyu-Busted, M, shiny\n|-damage|p2a: Mimikyu|66\/100 psn|[from] pokemon: Mimikyu-Busted\n|\n|-heal|p1a: Corviknight|65\/100|[from] item: Leftovers\n|-damage|p2a: Mimikyu|54\/100 psn|[from] psn\n|upkeep\n|turn|12\n|\n|t:|1700944040\n|move|p2a: Mimikyu|Shadow Claw|p1a: Corviknight\n|-damage|p1a: Corviknight|58\/100\n|-damage|p2a: Mimikyu|44\/100 psn|[from] item: Life Orb\n|move|p1a: Corviknight|Power Trip|p2a: Mimikyu\n|-damage|p2a: Mimikyu|0 fnt\n|faint|p2a: Mimikyu\n|\n|-heal|p1a: Corviknight|64\/100|[from] item: Leftovers\n|upkeep\n|\n|t:|1700944054\n|switch|p2a: Dugtrio|Dugtrio-Alola, M|98\/100\n|-damage|p2a: Dugtrio|95\/100|[from] Stealth Rock\n|turn|13\n|\n|t:|1700944063\n|move|p2a: Dugtrio|Rock Slide|p1a: Corviknight\n|-damage|p1a: Corviknight|59\/100\n|move|p1a: Corviknight|Power Trip|p2a: Dugtrio\n|-damage|p2a: Dugtrio|0 fnt\n|-ability|p2a: Dugtrio|Tangling Hair\n|-unboost|p1a: Corviknight|spe|1\n|faint|p2a: Dugtrio\n|\n|win|sirawesomepants\n|raw|sirawesomepants's rating: 1105 &rarr; <strong>1127<\/strong><br \/>(+22 for winning)\n|raw|DonatelloVX's rating: 1063 &rarr; <strong>1046<\/strong><br \/>(-17 for losing)\n|c|\u2606sirawesomepants|gg\n|l|\u2606DonatelloVX\n","uploadtime":1700944078,"views":6,"p1id":"sirawesomepants","p2id":"donatellovx","formatid":"gen9ubers","rating":1046,"private":0,"password":""}