{"id":"gen9ubers-1993666739","p1":"mimolette7","p2":"KonoRyanDa","format":"[Gen 9] Ubers","log":"|j|\u2606mimolette7\n|j|\u2606KonoRyanDa\n|t:|1700343361\n|gametype|singles\n|player|p1|mimolette7|elesa-masters2|\n|player|p2|KonoRyanDa|swimmerf-gen4|\n|teamsize|p1|6\n|teamsize|p2|6\n|gen|9\n|tier|[Gen 9] Ubers\n|rule|Sleep Clause Mod: Limit one foe put to sleep\n|rule|Species Clause: Limit one of each Pok\u00e9mon\n|rule|OHKO Clause: OHKO moves are banned\n|rule|Evasion Items Clause: Evasion items are banned\n|rule|Evasion Moves Clause: Evasion moves are banned\n|rule|Endless Battle Clause: Forcing endless battles is banned\n|rule|HP Percentage Mod: HP is shown in percentages\n|clearpoke\n|poke|p1|Hippowdon, F|\n|poke|p1|Magearna|\n|poke|p1|Houndstone, F|\n|poke|p1|Amoonguss, F|\n|poke|p1|Garganacl, F|\n|poke|p1|Tornadus-Therian, M|\n|poke|p2|Cyclizar, F|\n|poke|p2|Ninetales-Alola, F|\n|poke|p2|Volcarona, F|\n|poke|p2|Arceus-Poison|\n|poke|p2|Baxcalibur, F|\n|poke|p2|Thundurus-Therian, M|\n|teampreview\n|inactive|Battle timer is ON: inactive players will automatically lose when time's up. (requested by mimolette7)\n|inactive|KonoRyanDa has 270 seconds left.\n|\n|t:|1700343408\n|start\n|switch|p1a: Tornadus|Tornadus-Therian, M|100\/100\n|switch|p2a: Cyclizar|Cyclizar, F|100\/100\n|turn|1\n|\n|t:|1700343423\n|move|p1a: Tornadus|U-turn|p2a: Cyclizar\n|-damage|p2a: Cyclizar|81\/100\n|\n|t:|1700343426\n|switch|p1a: Magearna|Magearna|100\/100|[from] U-turn\n|move|p2a: Cyclizar|Shed Tail|p2a: Cyclizar\n|-start|p2a: Cyclizar|Substitute|[from] move: Shed Tail\n|-damage|p2a: Cyclizar|31\/100\n|\n|t:|1700343436\n|switch|p2a: Volcarona|Volcarona, F|100\/100|[from] Shed Tail\n|\n|upkeep\n|turn|2\n|\n|t:|1700343454\n|move|p2a: Volcarona|Quiver Dance|p2a: Volcarona\n|-boost|p2a: Volcarona|spa|1\n|-boost|p2a: Volcarona|spd|1\n|-boost|p2a: Volcarona|spe|1\n|move|p1a: Magearna|Encore|p2a: Volcarona\n|-start|p2a: Volcarona|Encore\n|\n|upkeep\n|turn|3\n|\n|t:|1700343463\n|move|p2a: Volcarona|Quiver Dance|p2a: Volcarona\n|-boost|p2a: Volcarona|spa|1\n|-boost|p2a: Volcarona|spd|1\n|-boost|p2a: Volcarona|spe|1\n|move|p1a: Magearna|Volt Switch|p2a: Volcarona\n|-activate|p2a: Volcarona|move: Substitute|[damage]\n|\n|t:|1700343471\n|switch|p1a: Garganacl|Garganacl, F|100\/100|[from] Volt Switch\n|\n|upkeep\n|turn|4\n|\n|t:|1700343500\n|-terastallize|p2a: Volcarona|Grass\n|move|p2a: Volcarona|Quiver Dance|p2a: Volcarona\n|-boost|p2a: Volcarona|spa|1\n|-boost|p2a: Volcarona|spd|1\n|-boost|p2a: Volcarona|spe|1\n|move|p1a: Garganacl|Salt Cure|p2a: Volcarona\n|-end|p2a: Volcarona|Substitute\n|\n|upkeep\n|turn|5\n|\n|t:|1700343506\n|move|p2a: Volcarona|Quiver Dance|p2a: Volcarona\n|-boost|p2a: Volcarona|spa|1\n|-boost|p2a: Volcarona|spd|1\n|-boost|p2a: Volcarona|spe|1\n|move|p1a: Garganacl|Salt Cure|p2a: Volcarona\n|-damage|p2a: Volcarona|76\/100\n|-start|p2a: Volcarona|Salt Cure\n|\n|-damage|p2a: Volcarona|64\/100|[from] Salt Cure\n|-end|p2a: Volcarona|Encore\n|upkeep\n|turn|6\n|\n|t:|1700343520\n|switch|p1a: Tornadus|Tornadus-Therian, M|100\/100\n|move|p2a: Volcarona|Giga Drain|p1a: Tornadus\n|-resisted|p1a: Tornadus\n|-damage|p1a: Tornadus|52\/100\n|-heal|p2a: Volcarona|92\/100|[from] drain|[of] p1a: Tornadus\n|\n|-damage|p2a: Volcarona|80\/100|[from] Salt Cure\n|upkeep\n|turn|7\n|inactive|mimolette7 has 270 seconds left.\n|\n|t:|1700343570\n|switch|p1a: Amoonguss|Amoonguss, F|100\/100\n|move|p2a: Volcarona|Fiery Dance|p1a: Amoonguss\n|-supereffective|p1a: Amoonguss\n|-damage|p1a: Amoonguss|0 fnt\n|faint|p1a: Amoonguss\n|\n|-damage|p2a: Volcarona|68\/100|[from] Salt Cure\n|upkeep\n|inactive|mimolette7 has 240 seconds left.\n|\n|t:|1700343600\n|switch|p1a: Hippowdon|Hippowdon, F|100\/100\n|-weather|Sandstorm|[from] ability: Sand Stream|[of] p1a: Hippowdon\n|turn|8\n|\n|t:|1700343605\n|-terastallize|p1a: Hippowdon|Ghost\n|move|p2a: Volcarona|Giga Drain|p1a: Hippowdon\n|-crit|p1a: Hippowdon\n|-damage|p1a: Hippowdon|0 fnt\n|-heal|p2a: Volcarona|100\/100|[from] drain|[of] p1a: Hippowdon\n|faint|p1a: Hippowdon\n|\n|-weather|Sandstorm|[upkeep]\n|-damage|p2a: Volcarona|94\/100|[from] Sandstorm\n|-damage|p2a: Volcarona|82\/100|[from] Salt Cure\n|upkeep\n|inactive|mimolette7 has 210 seconds left.\n|\n|t:|1700343642\n|switch|p1a: Tornadus|Tornadus-Therian, M|86\/100\n|turn|9\n|inactive|mimolette7 has 210 seconds left.\n|\n|t:|1700343648\n|move|p2a: Volcarona|Fiery Dance|p1a: Tornadus\n|-damage|p1a: Tornadus|0 fnt\n|faint|p1a: Tornadus\n|\n|-weather|Sandstorm|[upkeep]\n|-damage|p2a: Volcarona|76\/100|[from] Sandstorm\n|-damage|p2a: Volcarona|64\/100|[from] Salt Cure\n|upkeep\n|inactive|mimolette7 has 210 seconds left.\n|-message|mimolette7 forfeited.\n|\n|win|KonoRyanDa\n|c|\u2606KonoRyanDa|ggs man\n|c|\u2606mimolette7|gg\n","uploadtime":1700343660,"views":35,"p1id":"mimolette7","p2id":"konoryanda","formatid":"gen9ubers","rating":0,"private":0,"password":""}