{"id":"gen9ubers-1990331496","p1":"sanatani_gunda","p2":"Aksht","format":"[Gen 9] Ubers","log":"|j|\u2606sanatani_gunda\n|j|\u2606Aksht\n|t:|1699957937\n|gametype|singles\n|player|p1|sanatani_gunda|170|1000\n|player|p2|Aksht|steven|1000\n|teamsize|p1|6\n|teamsize|p2|6\n|gen|9\n|tier|[Gen 9] Ubers\n|rated|\n|rule|Sleep Clause Mod: Limit one foe put to sleep\n|rule|Species Clause: Limit one of each Pok\u00e9mon\n|rule|OHKO Clause: OHKO moves are banned\n|rule|Evasion Items Clause: Evasion items are banned\n|rule|Evasion Moves Clause: Evasion moves are banned\n|rule|Endless Battle Clause: Forcing endless battles is banned\n|rule|HP Percentage Mod: HP is shown in percentages\n|clearpoke\n|poke|p1|Charizard, M|\n|poke|p1|Azumarill, M|\n|poke|p1|Cloyster, F|\n|poke|p1|Greninja-*, F|\n|poke|p1|Lucario, F|\n|poke|p1|Garchomp, F|\n|poke|p2|Cinderace, M|\n|poke|p2|Samurott-Hisui, M|\n|poke|p2|Ceruledge, M|\n|poke|p2|Greninja-*, M|\n|poke|p2|Zamazenta-*|\n|poke|p2|Dragonite, M|\n|teampreview\n|\n|t:|1699957950\n|start\n|switch|p1a: Azumarill|Azumarill, M|100\/100\n|switch|p2a: Ceruledge|Ceruledge, M, shiny|100\/100\n|turn|1\n|\n|t:|1699957963\n|move|p2a: Ceruledge|Destiny Bond|p2a: Ceruledge\n|-singlemove|p2a: Ceruledge|Destiny Bond\n|move|p1a: Azumarill|Belly Drum|p1a: Azumarill\n|-damage|p1a: Azumarill|50\/100\n|-setboost|p1a: Azumarill|atk|6|[from] move: Belly Drum\n|-enditem|p1a: Azumarill|Sitrus Berry|[eat]\n|-heal|p1a: Azumarill|75\/100|[from] item: Sitrus Berry\n|\n|upkeep\n|turn|2\n|\n|t:|1699957975\n|move|p1a: Azumarill|Aqua Jet|p2a: Ceruledge\n|-supereffective|p2a: Ceruledge\n|-damage|p2a: Ceruledge|0 fnt\n|faint|p2a: Ceruledge\n|-activate|p2a: Ceruledge|move: Destiny Bond\n|faint|p1a: Azumarill\n|\n|upkeep\n|\n|t:|1699957985\n|switch|p2a: Greninja|Greninja, M, shiny|100\/100\n|switch|p1a: Cloyster|Cloyster, F|100\/100\n|turn|3\n|\n|t:|1699957993\n|move|p2a: Greninja|Brick Break|p1a: Cloyster\n|-start|p2a: Greninja|typechange|Fighting|[from] ability: Protean\n|-supereffective|p1a: Cloyster\n|-damage|p1a: Cloyster|50\/100\n|move|p1a: Cloyster|Rock Blast|p2a: Greninja\n|-resisted|p2a: Greninja\n|-crit|p2a: Greninja\n|-damage|p2a: Greninja|93\/100\n|-resisted|p2a: Greninja\n|-damage|p2a: Greninja|89\/100\n|-resisted|p2a: Greninja\n|-damage|p2a: Greninja|84\/100\n|-resisted|p2a: Greninja\n|-damage|p2a: Greninja|80\/100\n|-resisted|p2a: Greninja\n|-damage|p2a: Greninja|76\/100\n|-hitcount|p2a: Greninja|5\n|\n|upkeep\n|turn|4\n|\n|t:|1699958013\n|move|p2a: Greninja|Brick Break|p1a: Cloyster\n|-supereffective|p1a: Cloyster\n|-damage|p1a: Cloyster|5\/100\n|move|p1a: Cloyster|Icicle Spear|p2a: Greninja\n|-damage|p2a: Greninja|62\/100\n|-damage|p2a: Greninja|49\/100\n|-damage|p2a: Greninja|35\/100\n|-damage|p2a: Greninja|21\/100\n|-damage|p2a: Greninja|7\/100\n|-hitcount|p2a: Greninja|5\n|\n|upkeep\n|turn|5\n|\n|t:|1699958026\n|move|p2a: Greninja|Hydro Pump|p1a: Cloyster\n|-resisted|p1a: Cloyster\n|-damage|p1a: Cloyster|0 fnt\n|faint|p1a: Cloyster\n|\n|upkeep\n|\n|t:|1699958032\n|switch|p1a: Charizard|Charizard, M|100\/100\n|turn|6\n|\n|t:|1699958040\n|move|p2a: Greninja|Water Shuriken|p1a: Charizard\n|-supereffective|p1a: Charizard\n|-damage|p1a: Charizard|89\/100\n|-supereffective|p1a: Charizard\n|-damage|p1a: Charizard|78\/100\n|-supereffective|p1a: Charizard\n|-damage|p1a: Charizard|66\/100\n|-hitcount|p1a: Charizard|3\n|move|p1a: Charizard|Outrage|p2a: Greninja\n|-damage|p2a: Greninja|0 fnt\n|faint|p2a: Greninja\n|\n|-heal|p1a: Charizard|72\/100|[from] item: Leftovers\n|upkeep\n|\n|t:|1699958053\n|switch|p2a: Samurott|Samurott-Hisui, M, shiny|100\/100\n|turn|7\n|\n|t:|1699958080\n|move|p2a: Samurott|Aqua Cutter|p1a: Charizard\n|-supereffective|p1a: Charizard\n|-damage|p1a: Charizard|0 fnt\n|faint|p1a: Charizard\n|\n|upkeep\n|\n|t:|1699958088\n|switch|p1a: Lucario|Lucario, F|100\/100\n|turn|8\n|\n|t:|1699958098\n|move|p2a: Samurott|Aqua Cutter|p1a: Lucario\n|-damage|p1a: Lucario|37\/100\n|move|p1a: Lucario|High Jump Kick|p2a: Samurott\n|-supereffective|p2a: Samurott\n|-damage|p2a: Samurott|0 fnt\n|faint|p2a: Samurott\n|-damage|p1a: Lucario|27\/100|[from] item: Life Orb\n|\n|upkeep\n|\n|t:|1699958109\n|switch|p2a: Dragonite|Dragonite, M, shiny|100\/100\n|turn|9\n|\n|t:|1699958131\n|move|p2a: Dragonite|Hurricane|p1a: Lucario\n|-damage|p1a: Lucario|0 fnt\n|faint|p1a: Lucario\n|\n|upkeep\n|\n|t:|1699958137\n|switch|p1a: Garchomp|Garchomp, F|100\/100\n|turn|10\n|\n|t:|1699958156\n|move|p2a: Dragonite|Hurricane|p1a: Garchomp|[miss]\n|-miss|p2a: Dragonite|p1a: Garchomp\n|move|p1a: Garchomp|Outrage|p2a: Dragonite\n|-supereffective|p2a: Dragonite\n|-damage|p2a: Dragonite|0 fnt\n|faint|p2a: Dragonite\n|\n|upkeep\n|\n|t:|1699958175\n|switch|p2a: Zamazenta|Zamazenta|100\/100\n|-ability|p2a: Zamazenta|Dauntless Shield|boost\n|-boost|p2a: Zamazenta|def|1\n|turn|11\n|\n|t:|1699958183\n|move|p2a: Zamazenta|Dazzling Gleam|p1a: Garchomp\n|-supereffective|p1a: Garchomp\n|-damage|p1a: Garchomp|70\/100\n|move|p1a: Garchomp|Outrage|p2a: Zamazenta|[from]lockedmove\n|-crit|p2a: Zamazenta\n|-damage|p2a: Zamazenta|35\/100\n|-start|p1a: Garchomp|confusion|[fatigue]\n|\n|-heal|p1a: Garchomp|77\/100|[from] item: Leftovers\n|upkeep\n|turn|12\n|\n|t:|1699958211\n|-terastallize|p2a: Zamazenta|Fighting\n|move|p2a: Zamazenta|Dazzling Gleam|p1a: Garchomp\n|-supereffective|p1a: Garchomp\n|-damage|p1a: Garchomp|46\/100\n|-activate|p1a: Garchomp|confusion\n|-damage|p1a: Garchomp|35\/100|[from] confusion\n|\n|-heal|p1a: Garchomp|41\/100|[from] item: Leftovers\n|upkeep\n|turn|13\n|\n|t:|1699958222\n|move|p2a: Zamazenta|Dazzling Gleam|p1a: Garchomp\n|-supereffective|p1a: Garchomp\n|-damage|p1a: Garchomp|13\/100\n|-activate|p1a: Garchomp|confusion\n|-damage|p1a: Garchomp|1\/100|[from] confusion\n|\n|-heal|p1a: Garchomp|8\/100|[from] item: Leftovers\n|upkeep\n|turn|14\n|\n|t:|1699958232\n|move|p2a: Zamazenta|Dazzling Gleam|p1a: Garchomp\n|-supereffective|p1a: Garchomp\n|-damage|p1a: Garchomp|0 fnt\n|faint|p1a: Garchomp\n|\n|upkeep\n|\n|t:|1699958238\n|switch|p1a: Greninja|Greninja, F|100\/100\n|turn|15\n|\n|t:|1699958245\n|move|p2a: Zamazenta|Dazzling Gleam|p1a: Greninja\n|-supereffective|p1a: Greninja\n|-damage|p1a: Greninja|53\/100\n|move|p1a: Greninja|Hydro Pump|p2a: Zamazenta\n|-start|p1a: Greninja|typechange|Water|[from] ability: Protean\n|-damage|p2a: Zamazenta|0 fnt\n|faint|p2a: Zamazenta\n|\n|upkeep\n|\n|t:|1699958255\n|switch|p2a: Cinderace|Cinderace, M, shiny|100\/100\n|turn|16\n|\n|t:|1699958267\n|move|p2a: Cinderace|High Jump Kick|p1a: Greninja|[miss]\n|-start|p2a: Cinderace|typechange|Fighting|[from] ability: Libero\n|-miss|p2a: Cinderace|p1a: Greninja\n|-damage|p2a: Cinderace|50\/100|[from] highjumpkick\n|move|p1a: Greninja|Gunk Shot|p2a: Cinderace\n|-damage|p2a: Cinderace|10\/100\n|\n|upkeep\n|turn|17\n|\n|t:|1699958278\n|move|p2a: Cinderace|Shadow Ball|p1a: Greninja\n|-damage|p1a: Greninja|28\/100\n|move|p1a: Greninja|Gunk Shot|p2a: Cinderace\n|-damage|p2a: Cinderace|0 fnt\n|faint|p2a: Cinderace\n|\n|win|sanatani_gunda\n|raw|sanatani_gunda's rating: 1000 &rarr; <strong>1040<\/strong><br \/>(+40 for winning)\n|raw|Aksht's rating: 1000 &rarr; <strong>1000<\/strong><br \/>(+0 for losing)\n|l|\u2606Aksht\n","uploadtime":1699958318,"views":12,"p1id":"sanatanigunda","p2id":"aksht","formatid":"gen9ubers","rating":1000,"private":0,"password":""}