{"id":"gen9ubers-1969248650","p1":"jiancat","p2":"Envymetta_TTV","format":"[Gen 9] Ubers","log":"|j|\u2606jiancat\n|j|\u2606Envymetta_TTV\n|t:|1697505898\n|gametype|singles\n|player|p1|jiancat|dawn|1300\n|player|p2|Envymetta_TTV|acetrainer-gen4|1421\n|teamsize|p1|6\n|teamsize|p2|6\n|gen|9\n|tier|[Gen 9] Ubers\n|rated|\n|rule|Sleep Clause Mod: Limit one foe put to sleep\n|rule|Species Clause: Limit one of each Pok\u00e9mon\n|rule|OHKO Clause: OHKO moves are banned\n|rule|Evasion Items Clause: Evasion items are banned\n|rule|Evasion Moves Clause: Evasion moves are banned\n|rule|Endless Battle Clause: Forcing endless battles is banned\n|rule|HP Percentage Mod: HP is shown in percentages\n|clearpoke\n|poke|p1|Clodsire, M|\n|poke|p1|Iron Bundle|\n|poke|p1|Koraidon|\n|poke|p1|Miraidon|\n|poke|p1|Dondozo, M|\n|poke|p1|Iron Treads|\n|poke|p2|Shaymin-Sky|\n|poke|p2|Darkrai|\n|poke|p2|Arceus|\n|poke|p2|Dialga-Origin|\n|poke|p2|Giratina-Origin|\n|poke|p2|Garchomp, F|\n|teampreview\n|inactive|Battle timer is ON: inactive players will automatically lose when time's up. (requested by jiancat)\n|\n|t:|1697505908\n|start\n|switch|p1a: Koraidon|Koraidon|100\/100\n|switch|p2a: Darkrai|Darkrai, shiny|100\/100\n|-weather|SunnyDay|[from] ability: Orichalcum Pulse|[of] p1a: Koraidon\n|-activate|p1a: Koraidon|Orichalcum Pulse|[source]\n|turn|1\n|\n|t:|1697505912\n|move|p1a: Koraidon|Outrage|p2a: Darkrai\n|-damage|p2a: Darkrai|0 fnt\n|faint|p2a: Darkrai\n|\n|-weather|SunnyDay|[upkeep]\n|upkeep\n|\n|t:|1697505928\n|switch|p2a: Dialga|Dialga-Origin, shiny|100\/100\n|-ability|p2a: Dialga|Pressure\n|turn|2\n|\n|t:|1697505936\n|move|p1a: Koraidon|Outrage|p2a: Dialga|[from]lockedmove\n|-damage|p2a: Dialga|4\/100\n|-start|p1a: Koraidon|confusion|[fatigue]\n|move|p2a: Dialga|Trick Room|p2a: Dialga\n|-fieldstart|move: Trick Room|[of] p2a: Dialga\n|\n|-weather|SunnyDay|[upkeep]\n|upkeep\n|turn|3\n|\n|t:|1697505953\n|move|p2a: Dialga|Dragon Pulse|p1a: Koraidon\n|-supereffective|p1a: Koraidon\n|-damage|p1a: Koraidon|0 fnt\n|faint|p1a: Koraidon\n|\n|-weather|SunnyDay|[upkeep]\n|upkeep\n|\n|t:|1697505959\n|switch|p1a: Clodsire|Clodsire, M|100\/100\n|turn|4\n|\n|t:|1697505966\n|switch|p2a: Giratina|Giratina-Origin, shiny|100\/100\n|move|p1a: Clodsire|Earthquake|p2a: Giratina\n|-immune|p2a: Giratina|[from] ability: Levitate\n|\n|-weather|SunnyDay|[upkeep]\n|upkeep\n|turn|5\n|\n|t:|1697505976\n|-terastallize|p2a: Giratina|Steel\n|move|p1a: Clodsire|Stealth Rock|p2a: Giratina\n|-sidestart|p2: Envymetta_TTV|move: Stealth Rock\n|move|p2a: Giratina|Poltergeist|p1a: Clodsire\n|-activate|p1a: Clodsire|move: Poltergeist|Leftovers\n|-damage|p1a: Clodsire|17\/100\n|\n|-weather|none\n|-heal|p1a: Clodsire|23\/100|[from] item: Leftovers\n|upkeep\n|turn|6\n|\n|t:|1697505984\n|move|p1a: Clodsire|Recover|p1a: Clodsire\n|-heal|p1a: Clodsire|73\/100\n|move|p2a: Giratina|Defog|p1a: Clodsire\n|-unboost|p1a: Clodsire|evasion|1\n|-sideend|p2: Envymetta_TTV|Stealth Rock|[from] move: Defog|[of] p2a: Giratina\n|\n|-heal|p1a: Clodsire|80\/100|[from] item: Leftovers\n|-fieldend|move: Trick Room\n|upkeep\n|turn|7\n|\n|t:|1697505988\n|move|p2a: Giratina|Poltergeist|p1a: Clodsire\n|-activate|p1a: Clodsire|move: Poltergeist|Leftovers\n|-damage|p1a: Clodsire|7\/100\n|move|p1a: Clodsire|Yawn|p2a: Giratina\n|-start|p2a: Giratina|move: Yawn|[of] p1a: Clodsire\n|\n|-heal|p1a: Clodsire|13\/100|[from] item: Leftovers\n|upkeep\n|turn|8\n|\n|t:|1697505999\n|switch|p2a: Shaymin|Shaymin-Sky, shiny|100\/100\n|move|p1a: Clodsire|Stealth Rock|p2a: Shaymin\n|-sidestart|p2: Envymetta_TTV|move: Stealth Rock\n|\n|-heal|p1a: Clodsire|20\/100|[from] item: Leftovers\n|upkeep\n|turn|9\n|inactive|jiancat has 120 seconds left.\n|\n|t:|1697506032\n|move|p2a: Shaymin|Trailblaze|p1a: Clodsire\n|-damage|p1a: Clodsire|1\/100\n|-boost|p2a: Shaymin|spe|1\n|move|p1a: Clodsire|Yawn|p2a: Shaymin\n|-start|p2a: Shaymin|move: Yawn|[of] p1a: Clodsire\n|\n|-heal|p1a: Clodsire|7\/100|[from] item: Leftovers\n|upkeep\n|turn|10\n|\n|t:|1697506038\n|switch|p2a: Giratina|Giratina-Origin, shiny, tera:Steel|100\/100\n|-damage|p2a: Giratina|94\/100|[from] Stealth Rock\n|move|p1a: Clodsire|Yawn|p2a: Giratina\n|-start|p2a: Giratina|move: Yawn|[of] p1a: Clodsire\n|\n|-heal|p1a: Clodsire|13\/100|[from] item: Leftovers\n|upkeep\n|turn|11\n|\n|t:|1697506052\n|switch|p2a: Dialga|Dialga-Origin, shiny|4\/100\n|-damage|p2a: Dialga|0 fnt|[from] Stealth Rock\n|faint|p2a: Dialga\n|switch|p1a: Miraidon|Miraidon|100\/100\n|-fieldstart|move: Electric Terrain|[from] ability: Hadron Engine|[of] p1a: Miraidon\n|\n|upkeep\n|\n|t:|1697506056\n|switch|p2a: Garchomp|Garchomp, F, shiny|100\/100\n|-damage|p2a: Garchomp|94\/100|[from] Stealth Rock\n|turn|12\n|\n|t:|1697506062\n|move|p2a: Garchomp|Earthquake|p1a: Miraidon\n|-supereffective|p1a: Miraidon\n|-damage|p1a: Miraidon|0 fnt\n|faint|p1a: Miraidon\n|\n|upkeep\n|-message|jiancat forfeited.\n|\n|win|Envymetta_TTV\n|raw|jiancat's rating: 1300 &rarr; <strong>1283<\/strong><br \/>(-17 for losing)\n|raw|Envymetta_TTV's rating: 1421 &rarr; <strong>1434<\/strong><br \/>(+13 for winning)\n","uploadtime":1697506070,"views":7,"p1id":"jiancat","p2id":"envymettattv","formatid":"gen9ubers","rating":1283,"private":0,"password":""}