{"id":"gen9ubers-1989174732","p1":"IDaHAN","p2":"babynogalXD","format":"[Gen 9] Ubers","log":"|j|\u2606IDaHAN\n|j|\u2606babynogalXD\n|t:|1699820106\n|gametype|singles\n|player|p1|IDaHAN|ethan|\n|player|p2|babynogalXD|ethan|\n|teamsize|p1|6\n|teamsize|p2|6\n|gen|9\n|tier|[Gen 9] Ubers\n|rule|Sleep Clause Mod: Limit one foe put to sleep\n|rule|Species Clause: Limit one of each Pok\u00e9mon\n|rule|OHKO Clause: OHKO moves are banned\n|rule|Evasion Items Clause: Evasion items are banned\n|rule|Evasion Moves Clause: Evasion moves are banned\n|rule|Endless Battle Clause: Forcing endless battles is banned\n|rule|HP Percentage Mod: HP is shown in percentages\n|clearpoke\n|poke|p1|Houndstone, F|\n|poke|p1|Magearna|\n|poke|p1|Chi-Yu|\n|poke|p1|Palkia-Origin|\n|poke|p1|Zacian-*|\n|poke|p1|Arceus-Poison|\n|poke|p2|Gholdengo|\n|poke|p2|Urshifu-*, F|\n|poke|p2|Landorus, M|\n|poke|p2|Masquerain, F|\n|poke|p2|Arceus-Grass|\n|poke|p2|Chi-Yu|\n|teampreview\n|inactive|Battle timer is ON: inactive players will automatically lose when time's up. (requested by IDaHAN)\n|c|\u2606IDaHAN|oh you went with an entirely different team\n|c|\u2606babynogalXD|oh\n|c|\u2606IDaHAN|i just replaced shaymin\n|c|\u2606IDaHAN|its fine\n|c|\u2606babynogalXD|k\n|c|\u2606babynogalXD|i thought you were just gonna do a none shaymin team\n|inactive|babynogalXD has 270 seconds left.\n|\n|t:|1699820145\n|start\n|switch|p1a: Magearna|Magearna|100\/100\n|switch|p2a: Masquerain|Masquerain, F|100\/100\n|-ability|p2a: Masquerain|Intimidate|boost\n|-unboost|p1a: Magearna|atk|1\n|turn|1\n|\n|t:|1699820152\n|move|p2a: Masquerain|Sticky Web|p1a: Magearna\n|-sidestart|p1: IDaHAN|move: Sticky Web\n|move|p1a: Magearna|Thunder Wave|p2a: Masquerain\n|-status|p2a: Masquerain|par\n|\n|upkeep\n|turn|2\n|\n|t:|1699820161\n|switch|p2a: Chi-Yu|Chi-Yu|100\/100\n|-ability|p2a: Chi-Yu|Beads of Ruin\n|move|p1a: Magearna|Spikes|p2a: Chi-Yu\n|-sidestart|p2: babynogalXD|Spikes\n|\n|upkeep\n|turn|3\n|\n|t:|1699820171\n|switch|p1a: Zacian|Zacian|100\/100\n|-activate|p1a: Zacian|move: Sticky Web\n|-unboost|p1a: Zacian|spe|1\n|-ability|p1a: Zacian|Intrepid Sword|boost\n|-boost|p1a: Zacian|atk|1\n|move|p2a: Chi-Yu|Flamethrower|p1a: Zacian\n|-damage|p1a: Zacian|9\/100\n|\n|upkeep\n|turn|4\n|\n|t:|1699820178\n|switch|p1a: Palkia|Palkia-Origin|100\/100\n|-activate|p1a: Palkia|move: Sticky Web\n|-unboost|p1a: Palkia|spe|1\n|-ability|p1a: Palkia|Pressure\n|move|p2a: Chi-Yu|Flamethrower|p1a: Palkia\n|-resisted|p1a: Palkia\n|-damage|p1a: Palkia|81\/100\n|\n|upkeep\n|turn|5\n|\n|t:|1699820197\n|switch|p2a: Masquerain|Masquerain, F|100\/100 par\n|-ability|p2a: Masquerain|Intimidate|boost\n|-unboost|p1a: Palkia|atk|1\n|move|p1a: Palkia|Draco Meteor|p2a: Masquerain\n|-enditem|p2a: Masquerain|Focus Sash\n|-damage|p2a: Masquerain|1\/100 par\n|-unboost|p1a: Palkia|spa|2\n|\n|upkeep\n|turn|6\n|\n|t:|1699820204\n|move|p1a: Palkia|Fire Blast|p2a: Masquerain\n|-supereffective|p2a: Masquerain\n|-damage|p2a: Masquerain|0 fnt\n|faint|p2a: Masquerain\n|\n|upkeep\n|\n|t:|1699820215\n|switch|p2a: Arceus|Arceus-Grass|100\/100\n|-damage|p2a: Arceus|88\/100|[from] Spikes\n|turn|7\n|\n|t:|1699820220\n|switch|p1a: Chi-Yu|Chi-Yu|100\/100\n|-activate|p1a: Chi-Yu|move: Sticky Web\n|-unboost|p1a: Chi-Yu|spe|1\n|-ability|p1a: Chi-Yu|Beads of Ruin\n|move|p2a: Arceus|Calm Mind|p2a: Arceus\n|-boost|p2a: Arceus|spa|1\n|-boost|p2a: Arceus|spd|1\n|\n|upkeep\n|turn|8\n|\n|t:|1699820242\n|move|p2a: Arceus|Earth Power|p1a: Chi-Yu\n|-supereffective|p1a: Chi-Yu\n|-damage|p1a: Chi-Yu|8\/100\n|move|p1a: Chi-Yu|Overheat|p2a: Arceus\n|-supereffective|p2a: Arceus\n|-damage|p2a: Arceus|0 fnt\n|-unboost|p1a: Chi-Yu|spa|2\n|faint|p2a: Arceus\n|\n|upkeep\n|\n|t:|1699820254\n|switch|p2a: Landorus|Landorus, M|100\/100\n|turn|9\n|\n|t:|1699820257\n|move|p2a: Landorus|Earth Power|p1a: Chi-Yu\n|-supereffective|p1a: Chi-Yu\n|-damage|p1a: Chi-Yu|0 fnt\n|faint|p1a: Chi-Yu\n|\n|upkeep\n|\n|t:|1699820280\n|switch|p1a: Arceus|Arceus-Poison|100\/100\n|-activate|p1a: Arceus|move: Sticky Web\n|-unboost|p1a: Arceus|spe|1\n|turn|10\n|\n|t:|1699820298\n|switch|p2a: Urshifu|Urshifu, F|100\/100\n|-damage|p2a: Urshifu|88\/100|[from] Spikes\n|-terastallize|p1a: Arceus|Flying\n|move|p1a: Arceus|Swords Dance|p1a: Arceus\n|-boost|p1a: Arceus|atk|2\n|\n|upkeep\n|turn|11\n|\n|t:|1699820303\n|move|p2a: Urshifu|Wicked Blow|p1a: Arceus\n|-crit|p1a: Arceus\n|-damage|p1a: Arceus|28\/100\n|move|p1a: Arceus|Poison Jab|p2a: Urshifu\n|-damage|p2a: Urshifu|5\/100\n|-status|p2a: Urshifu|psn\n|\n|-damage|p2a: Urshifu|0 fnt|[from] psn\n|faint|p2a: Urshifu\n|upkeep\n|\n|t:|1699820311\n|switch|p2a: Landorus|Landorus, M|100\/100\n|turn|12\n|\n|t:|1699820313\n|move|p2a: Landorus|Sludge Bomb|p1a: Arceus\n|-damage|p1a: Arceus|0 fnt\n|faint|p1a: Arceus\n|\n|upkeep\n|\n|t:|1699820318\n|switch|p1a: Magearna|Magearna|100\/100\n|-activate|p1a: Magearna|move: Sticky Web\n|-unboost|p1a: Magearna|spe|1\n|turn|13\n|\n|t:|1699820323\n|move|p2a: Landorus|Earth Power|p1a: Magearna\n|-supereffective|p1a: Magearna\n|-damage|p1a: Magearna|0 fnt\n|faint|p1a: Magearna\n|\n|upkeep\n|\n|t:|1699820326\n|switch|p1a: Palkia|Palkia-Origin|81\/100\n|-activate|p1a: Palkia|move: Sticky Web\n|-unboost|p1a: Palkia|spe|1\n|-ability|p1a: Palkia|Pressure\n|turn|14\n|\n|t:|1699820330\n|switch|p2a: Gholdengo|Gholdengo|100\/100\n|-damage|p2a: Gholdengo|88\/100|[from] Spikes\n|move|p1a: Palkia|Hydro Pump|p2a: Gholdengo\n|-damage|p2a: Gholdengo|2\/100\n|\n|upkeep\n|turn|15\n|\n|t:|1699820335\n|switch|p1a: Zacian|Zacian|9\/100\n|-activate|p1a: Zacian|move: Sticky Web\n|-unboost|p1a: Zacian|spe|1\n|move|p2a: Gholdengo|Shadow Ball|p1a: Zacian\n|-damage|p1a: Zacian|0 fnt\n|faint|p1a: Zacian\n|\n|upkeep\n|\n|t:|1699820340\n|switch|p1a: Houndstone|Houndstone, F|100\/100\n|-activate|p1a: Houndstone|move: Sticky Web\n|-unboost|p1a: Houndstone|spe|1\n|turn|16\n|\n|t:|1699820342\n|move|p2a: Gholdengo|Shadow Ball|p1a: Houndstone\n|-supereffective|p1a: Houndstone\n|-damage|p1a: Houndstone|11\/100\n|move|p1a: Houndstone|Last Respects|p2a: Gholdengo\n|-supereffective|p2a: Gholdengo\n|-damage|p2a: Gholdengo|0 fnt\n|faint|p2a: Gholdengo\n|\n|-heal|p1a: Houndstone|17\/100|[from] item: Leftovers\n|upkeep\n|\n|t:|1699820349\n|switch|p2a: Chi-Yu|Chi-Yu|100\/100\n|-damage|p2a: Chi-Yu|88\/100|[from] Spikes\n|-ability|p2a: Chi-Yu|Beads of Ruin\n|turn|17\n|\n|t:|1699820351\n|move|p2a: Chi-Yu|Dark Pulse|p1a: Houndstone\n|-supereffective|p1a: Houndstone\n|-damage|p1a: Houndstone|0 fnt\n|faint|p1a: Houndstone\n|\n|upkeep\n|\n|t:|1699820353\n|switch|p1a: Palkia|Palkia-Origin|81\/100\n|-activate|p1a: Palkia|move: Sticky Web\n|-unboost|p1a: Palkia|spe|1\n|-ability|p1a: Palkia|Pressure\n|turn|18\n|\n|t:|1699820355\n|move|p2a: Chi-Yu|Dark Pulse|p1a: Palkia\n|-crit|p1a: Palkia\n|-damage|p1a: Palkia|0 fnt\n|faint|p1a: Palkia\n|\n|win|babynogalXD\n|c|\u2606babynogalXD|gg\n|c|\u2606babynogalXD|sry for switching\n|c|\u2606babynogalXD|my shit\n","uploadtime":1699820359,"views":22,"p1id":"idahan","p2id":"babynogalxd","formatid":"gen9ubers","rating":0,"private":0,"password":""}