{"id":"gen9ubers-1999114480","p1":"GoldDragon130","p2":"Shigoo","format":"[Gen 9] Ubers","log":"|j|\u2606GoldDragon130\n|j|\u2606Shigoo\n|t:|1701034668\n|gametype|singles\n|player|p1|GoldDragon130|nurse|\n|player|p2|Shigoo|guitarist|\n|teamsize|p1|6\n|teamsize|p2|6\n|gen|9\n|tier|[Gen 9] Ubers\n|rule|Sleep Clause Mod: Limit one foe put to sleep\n|rule|Species Clause: Limit one of each Pok\u00e9mon\n|rule|OHKO Clause: OHKO moves are banned\n|rule|Evasion Items Clause: Evasion items are banned\n|rule|Evasion Moves Clause: Evasion moves are banned\n|rule|Endless Battle Clause: Forcing endless battles is banned\n|rule|HP Percentage Mod: HP is shown in percentages\n|clearpoke\n|poke|p1|Zapdos|\n|poke|p1|Cresselia, F|\n|poke|p1|Quaquaval, M|\n|poke|p1|Torterra, F|\n|poke|p1|Scream Tail|\n|poke|p1|Chi-Yu|\n|poke|p2|Haxorus, M|\n|poke|p2|Iron Bundle|\n|poke|p2|Iron Hands|\n|poke|p2|Kingambit, M|\n|poke|p2|Azelf|\n|poke|p2|Mudsdale, M|\n|teampreview\n|j| dialiboboss_yt\n|\n|t:|1701034698\n|start\n|switch|p1a: Zapdos|Zapdos|100\/100\n|switch|p2a: Axcaliber|Haxorus, M, shiny|100\/100\n|turn|1\n|c| dialiboboss_yt|E\n|\n|t:|1701034709\n|move|p1a: Zapdos|Volt Switch|p2a: Axcaliber\n|-resisted|p2a: Axcaliber\n|-damage|p2a: Axcaliber|74\/100\n|\n|t:|1701034713\n|switch|p1a: Scream Tail|Scream Tail|100\/100|[from] Volt Switch\n|move|p2a: Axcaliber|Dragon Dance|p2a: Axcaliber\n|-boost|p2a: Axcaliber|atk|1\n|-boost|p2a: Axcaliber|spe|1\n|\n|upkeep\n|turn|2\n|\n|t:|1701034732\n|-end|p1a: Scream Tail|Protosynthesis|[silent]\n|switch|p1a: Cresselia|Cresselia, F, shiny|100\/100\n|-terastallize|p2a: Axcaliber|Fairy\n|move|p2a: Axcaliber|Iron Head|p1a: Cresselia\n|-damage|p1a: Cresselia|74\/100\n|\n|-heal|p1a: Cresselia|80\/100|[from] item: Leftovers\n|upkeep\n|turn|3\n|\n|t:|1701034744\n|move|p2a: Axcaliber|X-Scissor|p1a: Cresselia\n|-supereffective|p1a: Cresselia\n|-damage|p1a: Cresselia|23\/100\n|move|p1a: Cresselia|Calm Mind|p1a: Cresselia\n|-boost|p1a: Cresselia|spa|1\n|-boost|p1a: Cresselia|spd|1\n|\n|-heal|p1a: Cresselia|30\/100|[from] item: Leftovers\n|upkeep\n|turn|4\n|\n|t:|1701034757\n|move|p2a: Axcaliber|X-Scissor|p1a: Cresselia\n|-supereffective|p1a: Cresselia\n|-damage|p1a: Cresselia|0 fnt\n|faint|p1a: Cresselia\n|\n|upkeep\n|\n|t:|1701034773\n|switch|p1a: Torterra|Torterra, F|100\/100\n|turn|5\n|\n|t:|1701034778\n|-terastallize|p1a: Torterra|Water\n|move|p2a: Axcaliber|X-Scissor|p1a: Torterra\n|-damage|p1a: Torterra|61\/100\n|move|p1a: Torterra|Shell Smash|p1a: Torterra\n|-unboost|p1a: Torterra|def|1\n|-unboost|p1a: Torterra|spd|1\n|-boost|p1a: Torterra|atk|2\n|-boost|p1a: Torterra|spa|2\n|-boost|p1a: Torterra|spe|2\n|-enditem|p1a: Torterra|White Herb\n|-clearnegativeboost|p1a: Torterra|[silent]\n|\n|upkeep\n|turn|6\n|c| dialiboboss_yt|torterra is a losser\n|c| dialiboboss_yt|l torterra terra\n|\n|t:|1701034795\n|move|p2a: Axcaliber|Dragon Claw|p1a: Torterra\n|-damage|p1a: Torterra|8\/100\n|move|p1a: Torterra|Seed Bomb|p2a: Axcaliber\n|-damage|p2a: Axcaliber|0 fnt\n|faint|p2a: Axcaliber\n|\n|upkeep\n|\n|t:|1701034804\n|switch|p2a: Pengguinooo|Iron Bundle|100\/100\n|-enditem|p2a: Pengguinooo|Booster Energy\n|-activate|p2a: Pengguinooo|ability: Quark Drive|[fromitem]\n|-start|p2a: Pengguinooo|quarkdrivespe\n|turn|7\n|\n|t:|1701034812\n|switch|p1a: Scream Tail|Scream Tail|100\/100\n|move|p2a: Pengguinooo|Ice Beam|p1a: Scream Tail\n|-damage|p1a: Scream Tail|61\/100\n|-enditem|p1a: Scream Tail|Red Card|[of] p2a: Pengguinooo\n|-end|p2a: Pengguinooo|Quark Drive|[silent]\n|drag|p2a: FastAsFuckBoy|Azelf, shiny|100\/100\n|\n|upkeep\n|turn|8\n|\n|t:|1701034832\n|-end|p1a: Scream Tail|Protosynthesis|[silent]\n|switch|p1a: Chi-Yu|Chi-Yu|100\/100\n|-ability|p1a: Chi-Yu|Beads of Ruin\n|move|p2a: FastAsFuckBoy|Mystical Power|p1a: Chi-Yu\n|-immune|p1a: Chi-Yu\n|\n|upkeep\n|turn|9\n|\n|t:|1701034841\n|move|p1a: Chi-Yu|Dark Pulse|p2a: FastAsFuckBoy\n|-supereffective|p2a: FastAsFuckBoy\n|-damage|p2a: FastAsFuckBoy|0 fnt\n|faint|p2a: FastAsFuckBoy\n|\n|upkeep\n|\n|t:|1701034849\n|switch|p2a: CatchDeezHands|Iron Hands, shiny|100\/100\n|-enditem|p2a: CatchDeezHands|Booster Energy\n|-activate|p2a: CatchDeezHands|ability: Quark Drive|[fromitem]\n|-start|p2a: CatchDeezHands|quarkdriveatk\n|turn|10\n|\n|t:|1701034858\n|switch|p1a: Zapdos|Zapdos|100\/100\n|move|p2a: CatchDeezHands|Drain Punch|p1a: Zapdos\n|-resisted|p1a: Zapdos\n|-damage|p1a: Zapdos|69\/100\n|\n|upkeep\n|turn|11\n|\n|t:|1701034871\n|-end|p2a: CatchDeezHands|Quark Drive|[silent]\n|switch|p2a: Horse|Mudsdale, M, shiny|100\/100\n|move|p1a: Zapdos|Hurricane|p2a: Horse|[miss]\n|-miss|p1a: Zapdos|p2a: Horse\n|\n|upkeep\n|turn|12\n|\n|t:|1701034884\n|switch|p1a: Quaquaval|Quaquaval, M|100\/100\n|move|p2a: Horse|Smack Down|p1a: Quaquaval\n|-resisted|p1a: Quaquaval\n|-damage|p1a: Quaquaval|91\/100\n|\n|upkeep\n|turn|13\n|\n|t:|1701034892\n|switch|p2a: CatchDeezHands|Iron Hands, shiny|100\/100\n|move|p1a: Quaquaval|Aqua Step|p2a: CatchDeezHands\n|-damage|p2a: CatchDeezHands|80\/100\n|-boost|p1a: Quaquaval|spe|1\n|\n|upkeep\n|turn|14\n|\n|t:|1701034909\n|move|p1a: Quaquaval|Close Combat|p2a: CatchDeezHands\n|-damage|p2a: CatchDeezHands|52\/100\n|-unboost|p1a: Quaquaval|def|1\n|-unboost|p1a: Quaquaval|spd|1\n|move|p2a: CatchDeezHands|Play Rough|p1a: Quaquaval\n|-supereffective|p1a: Quaquaval\n|-damage|p1a: Quaquaval|0 fnt\n|faint|p1a: Quaquaval\n|\n|upkeep\n|\n|t:|1701034917\n|switch|p1a: Scream Tail|Scream Tail|61\/100\n|turn|15\n|\n|t:|1701034923\n|-end|p2a: CatchDeezHands|Quark Drive|[silent]\n|switch|p2a: Horse|Mudsdale, M, shiny|100\/100\n|move|p1a: Scream Tail|Dazzling Gleam|p2a: Horse\n|-damage|p2a: Horse|80\/100\n|-ability|p2a: Horse|Stamina|boost\n|-boost|p2a: Horse|def|1\n|\n|upkeep\n|turn|16\n|\n|t:|1701034936\n|move|p1a: Scream Tail|Ice Beam|p2a: Horse\n|-supereffective|p2a: Horse\n|-damage|p2a: Horse|51\/100\n|-status|p2a: Horse|frz\n|-ability|p2a: Horse|Stamina|boost\n|-boost|p2a: Horse|def|1\n|cant|p2a: Horse|frz\n|\n|upkeep\n|turn|17\n|\n|t:|1701034947\n|-end|p1a: Scream Tail|Protosynthesis|[silent]\n|switch|p1a: Torterra|Torterra, F, tera:Water|8\/100\n|cant|p2a: Horse|frz\n|\n|upkeep\n|turn|18\n|\n|t:|1701034960\n|switch|p2a: CatchDeezHands|Iron Hands, shiny|52\/100\n|move|p1a: Torterra|Shell Smash|p1a: Torterra\n|-unboost|p1a: Torterra|def|1\n|-unboost|p1a: Torterra|spd|1\n|-boost|p1a: Torterra|atk|2\n|-boost|p1a: Torterra|spa|2\n|-boost|p1a: Torterra|spe|2\n|\n|upkeep\n|turn|19\n|\n|t:|1701034969\n|move|p1a: Torterra|Headlong Rush|p2a: CatchDeezHands\n|-supereffective|p2a: CatchDeezHands\n|-damage|p2a: CatchDeezHands|0 fnt\n|-unboost|p1a: Torterra|def|1\n|-unboost|p1a: Torterra|spd|1\n|faint|p2a: CatchDeezHands\n|-end|p2a: CatchDeezHands|Quark Drive|[silent]\n|\n|upkeep\n|\n|t:|1701034978\n|switch|p2a: Pengguinooo|Iron Bundle|100\/100\n|turn|20\n|\n|t:|1701034985\n|move|p1a: Torterra|Seed Bomb|p2a: Pengguinooo\n|-supereffective|p2a: Pengguinooo\n|-damage|p2a: Pengguinooo|0 fnt\n|faint|p2a: Pengguinooo\n|-end|p2a: Pengguinooo|Quark Drive|[silent]\n|\n|upkeep\n|\n|t:|1701034998\n|switch|p2a: Horse|Mudsdale, M, shiny|51\/100 frz\n|turn|21\n|\n|t:|1701035003\n|move|p1a: Torterra|Seed Bomb|p2a: Horse\n|-supereffective|p2a: Horse\n|-damage|p2a: Horse|0 fnt\n|faint|p2a: Horse\n|\n|upkeep\n|\n|t:|1701035008\n|switch|p2a: Da King|Kingambit, M, shiny|100\/100\n|-activate|p2a: Da King|ability: Supreme Overlord\n|-start|p2a: Da King|fallen5|[silent]\n|turn|22\n|\n|t:|1701035012\n|move|p2a: Da King|Sucker Punch|p1a: Torterra\n|-damage|p1a: Torterra|0 fnt\n|faint|p1a: Torterra\n|-damage|p2a: Da King|91\/100|[from] item: Life Orb\n|\n|upkeep\n|\n|t:|1701035015\n|switch|p1a: Chi-Yu|Chi-Yu|100\/100\n|-ability|p1a: Chi-Yu|Beads of Ruin\n|turn|23\n|\n|t:|1701035024\n|move|p2a: Da King|Sucker Punch|p1a: Chi-Yu\n|-resisted|p1a: Chi-Yu\n|-damage|p1a: Chi-Yu|40\/100\n|-damage|p2a: Da King|81\/100|[from] item: Life Orb\n|move|p1a: Chi-Yu|Flamethrower|p2a: Da King\n|-supereffective|p2a: Da King\n|-damage|p2a: Da King|0 fnt\n|faint|p2a: Da King\n|-end|p2a: Da King|fallen5|[silent]\n|\n|win|GoldDragon130\n","uploadtime":1701035031,"views":2,"p1id":"golddragon130","p2id":"shigoo","formatid":"gen9ubers","rating":0,"private":0,"password":""}