{"id":"gen9ubers-1986730354","p1":"itay1579","p2":"cshek_","format":"[Gen 9] Ubers","log":"|j|\u2606itay1579\n|j|\u2606cshek_\n|t:|1699515676\n|gametype|singles\n|player|p1|itay1579|2|\n|player|p2|cshek_|caitlin|\n|teamsize|p1|6\n|teamsize|p2|6\n|gen|9\n|tier|[Gen 9] Ubers\n|rule|Sleep Clause Mod: Limit one foe put to sleep\n|rule|Species Clause: Limit one of each Pok\u00e9mon\n|rule|OHKO Clause: OHKO moves are banned\n|rule|Evasion Items Clause: Evasion items are banned\n|rule|Evasion Moves Clause: Evasion moves are banned\n|rule|Endless Battle Clause: Forcing endless battles is banned\n|rule|HP Percentage Mod: HP is shown in percentages\n|clearpoke\n|poke|p1|Walking Wake|\n|poke|p1|Roaring Moon|\n|poke|p1|Hatterene, F|\n|poke|p1|Sandy Shocks|\n|poke|p1|Torkoal, M|\n|poke|p1|Cinderace, M|\n|poke|p2|Greninja-*, F|\n|poke|p2|Palossand, M|\n|poke|p2|Glastrier|\n|poke|p2|Brute Bonnet|\n|poke|p2|Ting-Lu|\n|poke|p2|Vespiquen, F|\n|teampreview\n|c|\u2606itay1579|gl\n|\n|t:|1699515691\n|start\n|switch|p1a: READYSETGO|Torkoal, M|100\/100\n|switch|p2a: Barry B Benson|Vespiquen, F|100\/100\n|-ability|p2a: Barry B Benson|Pressure\n|-weather|SunnyDay|[from] ability: Drought|[of] p1a: READYSETGO\n|turn|1\n|\n|t:|1699515702\n|switch|p1a: NO U|Hatterene, F|100\/100\n|move|p2a: Barry B Benson|Destiny Bond|p2a: Barry B Benson\n|-singlemove|p2a: Barry B Benson|Destiny Bond\n|\n|-weather|SunnyDay|[upkeep]\n|upkeep\n|turn|2\n|\n|t:|1699515711\n|move|p2a: Barry B Benson|Toxic Spikes|p1a: NO U\n|move|p1a: NO U|Toxic Spikes|p2a: Barry B Benson|[from]ability: Magic Bounce\n|-sidestart|p2: cshek_|move: Toxic Spikes\n|move|p1a: NO U|Nuzzle|p2a: Barry B Benson\n|-supereffective|p2a: Barry B Benson\n|-damage|p2a: Barry B Benson|95\/100\n|-status|p2a: Barry B Benson|par\n|\n|-weather|SunnyDay|[upkeep]\n|upkeep\n|turn|3\n|\n|t:|1699515766\n|switch|p1a: WAKE UP|Walking Wake|100\/100\n|-activate|p1a: WAKE UP|ability: Protosynthesis\n|-start|p1a: WAKE UP|protosynthesisspa\n|move|p2a: Barry B Benson|Toxic|p1a: WAKE UP\n|-status|p1a: WAKE UP|tox\n|\n|-weather|SunnyDay|[upkeep]\n|-damage|p1a: WAKE UP|94\/100 tox|[from] psn\n|upkeep\n|turn|4\n|\n|t:|1699515789\n|move|p1a: WAKE UP|Hydro Steam|p2a: Barry B Benson\n|-damage|p2a: Barry B Benson|0 fnt\n|faint|p2a: Barry B Benson\n|\n|-weather|SunnyDay|[upkeep]\n|-damage|p1a: WAKE UP|82\/100 tox|[from] psn\n|upkeep\n|c|\u2606cshek_|that toxic spikes is about to be vile\n|\n|t:|1699515806\n|switch|p2a: elsa the zoophile|Glastrier|100\/100\n|-status|p2a: elsa the zoophile|psn\n|turn|5\n|c|\u2606itay1579|the poison :sob:\n|\n|t:|1699515825\n|move|p1a: WAKE UP|Hydro Steam|p2a: elsa the zoophile\n|-damage|p2a: elsa the zoophile|30\/100 psn\n|move|p2a: elsa the zoophile|Swords Dance|p2a: elsa the zoophile\n|-boost|p2a: elsa the zoophile|atk|2\n|\n|-weather|SunnyDay|[upkeep]\n|-heal|p2a: elsa the zoophile|36\/100 psn|[from] item: Leftovers\n|-damage|p1a: WAKE UP|63\/100 tox|[from] psn\n|-damage|p2a: elsa the zoophile|24\/100 psn|[from] psn\n|upkeep\n|turn|6\n|\n|t:|1699515834\n|move|p1a: WAKE UP|Hydro Steam|p2a: elsa the zoophile\n|-damage|p2a: elsa the zoophile|0 fnt\n|faint|p2a: elsa the zoophile\n|\n|-weather|SunnyDay|[upkeep]\n|-damage|p1a: WAKE UP|39\/100 tox|[from] psn\n|upkeep\n|c|\u2606cshek_|SD was a throw\n|\n|t:|1699515847\n|switch|p2a: quiet kid go br|Brute Bonnet|100\/100\n|-status|p2a: quiet kid go br|psn\n|-activate|p2a: quiet kid go br|ability: Protosynthesis\n|-start|p2a: quiet kid go br|protosynthesisatk\n|turn|7\n|\n|t:|1699515856\n|-end|p1a: WAKE UP|Protosynthesis|[silent]\n|switch|p1a: NO U|Hatterene, F|100\/100\n|move|p2a: quiet kid go br|Sucker Punch||[still]\n|-fail|p2a: quiet kid go br\n|\n|-weather|SunnyDay|[upkeep]\n|-damage|p2a: quiet kid go br|88\/100 psn|[from] psn\n|upkeep\n|turn|8\n|\n|t:|1699515875\n|move|p2a: quiet kid go br|Sucker Punch|p1a: NO U\n|-damage|p1a: NO U|65\/100\n|move|p1a: NO U|Draining Kiss|p2a: quiet kid go br\n|-supereffective|p2a: quiet kid go br\n|-damage|p2a: quiet kid go br|61\/100 psn\n|-heal|p1a: NO U|92\/100|[from] drain|[of] p2a: quiet kid go br\n|\n|-weather|none\n|-end|p2a: quiet kid go br|Protosynthesis\n|-heal|p1a: NO U|98\/100|[from] item: Leftovers\n|-damage|p2a: quiet kid go br|48\/100 psn|[from] psn\n|upkeep\n|turn|9\n|\n|t:|1699515891\n|-end|p2a: quiet kid go br|Protosynthesis|[silent]\n|switch|p2a: bowl type beat|Ting-Lu|100\/100\n|-status|p2a: bowl type beat|psn\n|-ability|p2a: bowl type beat|Vessel of Ruin\n|move|p1a: NO U|Draining Kiss|p2a: bowl type beat\n|-supereffective|p2a: bowl type beat\n|-damage|p2a: bowl type beat|82\/100 psn\n|-heal|p1a: NO U|100\/100|[from] drain|[of] p2a: bowl type beat\n|\n|-damage|p2a: bowl type beat|69\/100 psn|[from] psn\n|upkeep\n|turn|10\n|\n|t:|1699515904\n|move|p1a: NO U|Draining Kiss|p2a: bowl type beat\n|-supereffective|p2a: bowl type beat\n|-damage|p2a: bowl type beat|52\/100 psn\n|move|p2a: bowl type beat|Heavy Slam|p1a: NO U\n|-supereffective|p1a: NO U\n|-damage|p1a: NO U|41\/100\n|\n|-heal|p1a: NO U|47\/100|[from] item: Leftovers\n|-damage|p2a: bowl type beat|39\/100 psn|[from] psn\n|upkeep\n|turn|11\n|\n|t:|1699515912\n|switch|p1a: READYSETGO|Torkoal, M|100\/100\n|-weather|SunnyDay|[from] ability: Drought|[of] p1a: READYSETGO\n|move|p2a: bowl type beat|Heavy Slam|p1a: READYSETGO\n|-resisted|p1a: READYSETGO\n|-damage|p1a: READYSETGO|91\/100\n|\n|-weather|SunnyDay|[upkeep]\n|-damage|p2a: bowl type beat|27\/100 psn|[from] psn\n|upkeep\n|turn|12\n|\n|t:|1699515937\n|move|p2a: bowl type beat|Earthquake|p1a: READYSETGO\n|-supereffective|p1a: READYSETGO\n|-damage|p1a: READYSETGO|46\/100\n|move|p1a: READYSETGO|Stealth Rock|p2a: bowl type beat\n|-sidestart|p2: cshek_|move: Stealth Rock\n|\n|-weather|SunnyDay|[upkeep]\n|-damage|p2a: bowl type beat|15\/100 psn|[from] psn\n|upkeep\n|turn|13\n|\n|t:|1699515948\n|switch|p1a: NO U|Hatterene, F|47\/100\n|move|p2a: bowl type beat|Earthquake|p1a: NO U\n|-damage|p1a: NO U|12\/100\n|\n|-weather|SunnyDay|[upkeep]\n|-heal|p1a: NO U|17\/100|[from] item: Leftovers\n|-damage|p2a: bowl type beat|2\/100 psn|[from] psn\n|upkeep\n|turn|14\n|\n|t:|1699515958\n|move|p1a: NO U|Draining Kiss|p2a: bowl type beat\n|-supereffective|p2a: bowl type beat\n|-damage|p2a: bowl type beat|0 fnt\n|-heal|p1a: NO U|19\/100|[from] drain|[of] p2a: bowl type beat\n|faint|p2a: bowl type beat\n|\n|-weather|SunnyDay|[upkeep]\n|-heal|p1a: NO U|25\/100|[from] item: Leftovers\n|upkeep\n|\n|t:|1699515965\n|switch|p2a: quiet kid go br|Brute Bonnet|48\/100 psn\n|-damage|p2a: quiet kid go br|36\/100 psn|[from] Stealth Rock\n|-activate|p2a: quiet kid go br|ability: Protosynthesis\n|-start|p2a: quiet kid go br|protosynthesisatk\n|turn|15\n|\n|t:|1699515985\n|switch|p1a: BUNNY|Cinderace, M|100\/100\n|move|p2a: quiet kid go br|Sucker Punch||[still]\n|-fail|p2a: quiet kid go br\n|\n|-weather|SunnyDay|[upkeep]\n|-damage|p2a: quiet kid go br|24\/100 psn|[from] psn\n|upkeep\n|-enditem|p2a: quiet kid go br|Wiki Berry|[eat]\n|-heal|p2a: quiet kid go br|57\/100 psn|[from] item: Wiki Berry\n|turn|16\n|\n|t:|1699516010\n|-terastallize|p2a: quiet kid go br|Fairy\n|move|p1a: BUNNY|Pyro Ball|p2a: quiet kid go br\n|-crit|p2a: quiet kid go br\n|-damage|p2a: quiet kid go br|0 fnt\n|faint|p2a: quiet kid go br\n|-end|p2a: quiet kid go br|Protosynthesis|[silent]\n|\n|-weather|SunnyDay|[upkeep]\n|upkeep\n|c|\u2606cshek_|OK DAMN\n|\n|t:|1699516024\n|switch|p2a: glory hole|Palossand, M|100\/100\n|-status|p2a: glory hole|psn\n|-damage|p2a: glory hole|94\/100 psn|[from] Stealth Rock\n|turn|17\n|\n|t:|1699516040\n|move|p1a: BUNNY|Pyro Ball|p2a: glory hole|[miss]\n|-miss|p1a: BUNNY|p2a: glory hole\n|move|p2a: glory hole|Earth Power|p1a: BUNNY\n|-supereffective|p1a: BUNNY\n|-damage|p1a: BUNNY|23\/100\n|\n|-weather|SunnyDay|[upkeep]\n|-damage|p2a: glory hole|82\/100 psn|[from] psn\n|upkeep\n|turn|18\n|c|\u2606itay1579|f\n|\n|t:|1699516049\n|move|p1a: BUNNY|Pyro Ball|p2a: glory hole\n|-damage|p2a: glory hole|32\/100 psn\n|move|p2a: glory hole|Earth Power|p1a: BUNNY\n|-supereffective|p1a: BUNNY\n|-damage|p1a: BUNNY|0 fnt\n|faint|p1a: BUNNY\n|\n|-weather|none\n|-damage|p2a: glory hole|19\/100 psn|[from] psn\n|upkeep\n|c|\u2606cshek_|ay\n|\n|t:|1699516063\n|switch|p1a: EXPLODE|Roaring Moon|100\/100\n|-enditem|p1a: EXPLODE|Booster Energy\n|-activate|p1a: EXPLODE|ability: Protosynthesis|[fromitem]\n|-start|p1a: EXPLODE|protosynthesisspe\n|turn|19\n|c|\u2606cshek_|at least its not 6-0 LOL\n|\n|t:|1699516075\n|move|p1a: EXPLODE|Dragon Dance|p1a: EXPLODE\n|-boost|p1a: EXPLODE|atk|1\n|-boost|p1a: EXPLODE|spe|1\n|move|p2a: glory hole|Destiny Bond|p2a: glory hole\n|-singlemove|p2a: glory hole|Destiny Bond\n|\n|-damage|p2a: glory hole|7\/100 psn|[from] psn\n|upkeep\n|turn|20\n|\n|t:|1699516084\n|move|p1a: EXPLODE|Dragon Dance|p1a: EXPLODE\n|-boost|p1a: EXPLODE|atk|1\n|-boost|p1a: EXPLODE|spe|1\n|move|p2a: glory hole|Sludge Bomb|p1a: EXPLODE\n|-damage|p1a: EXPLODE|81\/100\n|-status|p1a: EXPLODE|psn\n|\n|-damage|p1a: EXPLODE|69\/100 psn|[from] psn\n|-damage|p2a: glory hole|0 fnt|[from] psn\n|faint|p2a: glory hole\n|upkeep\n|\n|t:|1699516093\n|switch|p2a: fwog go rah|Greninja, F|100\/100\n|-status|p2a: fwog go rah|psn\n|-damage|p2a: fwog go rah|88\/100 psn|[from] Stealth Rock\n|turn|21\n|\n|t:|1699516102\n|move|p1a: EXPLODE|Acrobatics|p2a: fwog go rah\n|-damage|p2a: fwog go rah|0 fnt\n|faint|p2a: fwog go rah\n|\n|win|itay1579\n|c|\u2606itay1579|gg\n|l|\u2606itay1579\n|c|\u2606cshek_|gg\n|l|\u2606cshek_\n|j|\u2606itay1579\n|player|p1|itay1579|2\n","uploadtime":1699516305,"views":23,"p1id":"itay1579","p2id":"cshek","formatid":"gen9ubers","rating":0,"private":0,"password":""}