{"id":"gen9ubers-1993307555","p1":"fresh yes","p2":"Makiino","format":"[Gen 9] Ubers","log":"|j|\u2606fresh yes\n|j|\u2606Makiino\n|t:|1700294904\n|gametype|singles\n|player|p1|fresh yes|shauntal|1061\n|player|p2|Makiino|170|1132\n|teamsize|p1|6\n|teamsize|p2|6\n|gen|9\n|tier|[Gen 9] Ubers\n|rated|\n|rule|Sleep Clause Mod: Limit one foe put to sleep\n|rule|Species Clause: Limit one of each Pok\u00e9mon\n|rule|OHKO Clause: OHKO moves are banned\n|rule|Evasion Items Clause: Evasion items are banned\n|rule|Evasion Moves Clause: Evasion moves are banned\n|rule|Endless Battle Clause: Forcing endless battles is banned\n|rule|HP Percentage Mod: HP is shown in percentages\n|clearpoke\n|poke|p1|Giratina|\n|poke|p1|Flutter Mane|\n|poke|p1|Ceruledge, M|\n|poke|p1|Gengar, F|\n|poke|p1|Annihilape, M|\n|poke|p1|Zoroark-Hisui, F|\n|poke|p2|Maushold-Four|\n|poke|p2|Volcarona, M|\n|poke|p2|Basculegion, M|\n|poke|p2|Kommo-o, F|\n|poke|p2|Sableye, F|\n|poke|p2|Kingambit, F|\n|teampreview\n|inactive|Battle timer is ON: inactive players will automatically lose when time's up. (requested by fresh yes)\n|\n|t:|1700294923\n|start\n|switch|p1a: ANGERY|Annihilape, M|100\/100\n|switch|p2a: Volcarona|Volcarona, M|100\/100\n|-item|p2a: Volcarona|Air Balloon\n|turn|1\n|\n|t:|1700294928\n|move|p2a: Volcarona|Quiver Dance|p2a: Volcarona\n|-boost|p2a: Volcarona|spa|1\n|-boost|p2a: Volcarona|spd|1\n|-boost|p2a: Volcarona|spe|1\n|move|p1a: ANGERY|Stealth Rock|p2a: Volcarona\n|-sidestart|p2: Makiino|move: Stealth Rock\n|\n|upkeep\n|turn|2\n|\n|t:|1700294946\n|move|p2a: Volcarona|Quiver Dance|p2a: Volcarona\n|-boost|p2a: Volcarona|spa|1\n|-boost|p2a: Volcarona|spd|1\n|-boost|p2a: Volcarona|spe|1\n|move|p1a: ANGERY|U-turn|p2a: Volcarona\n|-resisted|p2a: Volcarona\n|-damage|p2a: Volcarona|85\/100\n|-status|p1a: ANGERY|brn|[from] ability: Flame Body|[of] p2a: Volcarona\n|-enditem|p2a: Volcarona|Air Balloon\n|\n|t:|1700294952\n|switch|p1a: gar|Gengar, F|100\/100|[from] U-turn\n|\n|upkeep\n|turn|3\n|\n|t:|1700294962\n|move|p2a: Volcarona|Fiery Dance|p1a: gar\n|-damage|p1a: gar|0 fnt\n|-start|p2a: Volcarona|Disable|Fiery Dance|[from] ability: Cursed Body|[of] p1a: gar\n|faint|p1a: gar\n|\n|upkeep\n|\n|t:|1700294973\n|switch|p1a: Ld. Renegade|Giratina|100\/100\n|-ability|p1a: Ld. Renegade|Pressure\n|turn|4\n|\n|t:|1700294982\n|move|p2a: Volcarona|Bug Buzz|p1a: Ld. Renegade\n|-resisted|p1a: Ld. Renegade\n|-damage|p1a: Ld. Renegade|78\/100\n|move|p1a: Ld. Renegade|Thunder Wave|p2a: Volcarona\n|-status|p2a: Volcarona|par\n|\n|-heal|p1a: Ld. Renegade|84\/100|[from] item: Leftovers\n|upkeep\n|turn|5\n|\n|t:|1700294990\n|move|p2a: Volcarona|Giga Drain|p1a: Ld. Renegade\n|-resisted|p1a: Ld. Renegade\n|-damage|p1a: Ld. Renegade|70\/100\n|-heal|p2a: Volcarona|96\/100 par|[from] drain|[of] p1a: Ld. Renegade\n|move|p1a: Ld. Renegade|Calm Mind|p1a: Ld. Renegade\n|-boost|p1a: Ld. Renegade|spa|1\n|-boost|p1a: Ld. Renegade|spd|1\n|\n|-heal|p1a: Ld. Renegade|77\/100|[from] item: Leftovers\n|upkeep\n|turn|6\n|\n|t:|1700295003\n|switch|p2a: Sableye|Sableye, F|100\/100\n|-damage|p2a: Sableye|88\/100|[from] Stealth Rock\n|move|p1a: Ld. Renegade|Calm Mind|p1a: Ld. Renegade\n|-boost|p1a: Ld. Renegade|spa|1\n|-boost|p1a: Ld. Renegade|spd|1\n|\n|-heal|p1a: Ld. Renegade|83\/100|[from] item: Leftovers\n|upkeep\n|turn|7\n|\n|t:|1700295008\n|move|p2a: Sableye|Thunder Wave|p1a: Ld. Renegade|[miss]\n|-miss|p2a: Sableye|p1a: Ld. Renegade\n|move|p1a: Ld. Renegade|Thunder Wave|p2a: Sableye|[miss]\n|-miss|p1a: Ld. Renegade|p2a: Sableye\n|\n|-heal|p1a: Ld. Renegade|89\/100|[from] item: Leftovers\n|upkeep\n|turn|8\n|\n|t:|1700295012\n|move|p2a: Sableye|Thunder Wave|p1a: Ld. Renegade\n|-status|p1a: Ld. Renegade|par\n|move|p1a: Ld. Renegade|Thunder Wave|p2a: Sableye\n|-status|p2a: Sableye|par\n|\n|-heal|p1a: Ld. Renegade|95\/100 par|[from] item: Leftovers\n|upkeep\n|turn|9\n|\n|t:|1700295015\n|cant|p2a: Sableye|par\n|move|p1a: Ld. Renegade|Calm Mind|p1a: Ld. Renegade\n|-boost|p1a: Ld. Renegade|spa|1\n|-boost|p1a: Ld. Renegade|spd|1\n|\n|-heal|p1a: Ld. Renegade|100\/100 par|[from] item: Leftovers\n|upkeep\n|turn|10\n|\n|t:|1700295019\n|move|p2a: Sableye|Encore|p1a: Ld. Renegade\n|-start|p1a: Ld. Renegade|Encore\n|move|p1a: Ld. Renegade|Calm Mind|p1a: Ld. Renegade\n|-boost|p1a: Ld. Renegade|spa|1\n|-boost|p1a: Ld. Renegade|spd|1\n|\n|upkeep\n|turn|11\n|\n|t:|1700295022\n|cant|p1a: Ld. Renegade|par\n|move|p2a: Sableye|Hex|p1a: Ld. Renegade\n|-supereffective|p1a: Ld. Renegade\n|-damage|p1a: Ld. Renegade|88\/100 par\n|\n|-heal|p1a: Ld. Renegade|94\/100 par|[from] item: Leftovers\n|upkeep\n|turn|12\n|\n|t:|1700295034\n|switch|p2a: Kingambit|Kingambit, F|100\/100\n|-damage|p2a: Kingambit|94\/100|[from] Stealth Rock\n|move|p1a: Ld. Renegade|Calm Mind|p1a: Ld. Renegade\n|-boost|p1a: Ld. Renegade|spa|1\n|-boost|p1a: Ld. Renegade|spd|1\n|\n|-heal|p1a: Ld. Renegade|100\/100 par|[from] item: Leftovers\n|-end|p1a: Ld. Renegade|Encore\n|upkeep\n|turn|13\n|\n|t:|1700295041\n|-terastallize|p1a: Ld. Renegade|Fighting\n|move|p2a: Kingambit|Swords Dance|p2a: Kingambit\n|-boost|p2a: Kingambit|atk|2\n|move|p1a: Ld. Renegade|Aura Sphere|p2a: Kingambit\n|-supereffective|p2a: Kingambit\n|-damage|p2a: Kingambit|0 fnt\n|faint|p2a: Kingambit\n|-end|p2a: Kingambit|fallenundefined|[silent]\n|\n|upkeep\n|\n|t:|1700295050\n|switch|p2a: Kommo-o|Kommo-o, F|100\/100\n|-damage|p2a: Kommo-o|94\/100|[from] Stealth Rock\n|turn|14\n|\n|t:|1700295057\n|move|p2a: Kommo-o|Dragon Dance|p2a: Kommo-o\n|-boost|p2a: Kommo-o|atk|1\n|-boost|p2a: Kommo-o|spe|1\n|cant|p1a: Ld. Renegade|par\n|\n|upkeep\n|turn|15\n|\n|t:|1700295072\n|-terastallize|p2a: Kommo-o|Fairy\n|move|p2a: Kommo-o|Dragon Dance|p2a: Kommo-o\n|-boost|p2a: Kommo-o|atk|1\n|-boost|p2a: Kommo-o|spe|1\n|move|p1a: Ld. Renegade|Thunder Wave|p2a: Kommo-o\n|-status|p2a: Kommo-o|par\n|\n|upkeep\n|turn|16\n|\n|t:|1700295083\n|move|p2a: Kommo-o|Earthquake|p1a: Ld. Renegade\n|-damage|p1a: Ld. Renegade|67\/100 par\n|move|p1a: Ld. Renegade|Hex|p2a: Kommo-o\n|-damage|p2a: Kommo-o|0 fnt\n|faint|p2a: Kommo-o\n|\n|-heal|p1a: Ld. Renegade|73\/100 par|[from] item: Leftovers\n|upkeep\n|\n|t:|1700295095\n|switch|p2a: Volcarona|Volcarona, M|96\/100 par\n|-damage|p2a: Volcarona|46\/100 par|[from] Stealth Rock\n|turn|17\n|\n|t:|1700295103\n|move|p2a: Volcarona|Fiery Dance|p1a: Ld. Renegade\n|-damage|p1a: Ld. Renegade|67\/100 par\n|-boost|p2a: Volcarona|spa|1\n|move|p1a: Ld. Renegade|Hex|p2a: Volcarona\n|-damage|p2a: Volcarona|0 fnt\n|faint|p2a: Volcarona\n|\n|-heal|p1a: Ld. Renegade|73\/100 par|[from] item: Leftovers\n|upkeep\n|\n|t:|1700295107\n|switch|p2a: Maushold|Maushold-Four|100\/100\n|-damage|p2a: Maushold|88\/100|[from] Stealth Rock\n|turn|18\n|\n|t:|1700295121\n|switch|p1a: misdreactyl|Flutter Mane|100\/100\n|move|p2a: Maushold|Tidy Up|p2a: Maushold\n|-sideend|p2: Makiino|Stealth Rock\n|-activate|p2a: Maushold|move: Tidy Up\n|-boost|p2a: Maushold|atk|1\n|-boost|p2a: Maushold|spe|1\n|\n|upkeep\n|turn|19\n|\n|t:|1700295127\n|move|p2a: Maushold|Shadow Claw|p1a: misdreactyl\n|-immune|p1a: misdreactyl\n|move|p1a: misdreactyl|Substitute|p1a: misdreactyl\n|-start|p1a: misdreactyl|Substitute\n|-damage|p1a: misdreactyl|75\/100\n|\n|upkeep\n|turn|20\n|\n|t:|1700295141\n|move|p2a: Maushold|Shadow Claw|p1a: misdreactyl\n|-immune|p1a: misdreactyl\n|move|p1a: misdreactyl|Hyper Voice|p2a: Maushold\n|-damage|p2a: Maushold|21\/100\n|-enditem|p1a: misdreactyl|Throat Spray\n|-boost|p1a: misdreactyl|spa|1|[from] item: Throat Spray\n|\n|upkeep\n|turn|21\n|\n|t:|1700295149\n|move|p2a: Maushold|Thunder Wave||[still]\n|-fail|p2a: Maushold\n|move|p1a: misdreactyl|Icy Wind|p2a: Maushold\n|-damage|p2a: Maushold|0 fnt\n|faint|p2a: Maushold\n|\n|upkeep\n|\n|t:|1700295152\n|switch|p2a: Sableye|Sableye, F|88\/100 par\n|turn|22\n|\n|t:|1700295162\n|move|p1a: misdreactyl|Bitter Malice|p2a: Sableye\n|-damage|p2a: Sableye|15\/100 par\n|-unboost|p2a: Sableye|atk|1\n|move|p2a: Sableye|Hex|p1a: misdreactyl\n|-immune|p1a: misdreactyl\n|\n|upkeep\n|turn|23\n|\n|t:|1700295170\n|move|p2a: Sableye|Encore|p1a: misdreactyl\n|-start|p1a: misdreactyl|Encore\n|move|p1a: misdreactyl|Bitter Malice|p2a: Sableye\n|-damage|p2a: Sableye|0 fnt\n|faint|p2a: Sableye\n|\n|upkeep\n|\n|t:|1700295173\n|switch|p2a: Basculegion|Basculegion, M, shiny|100\/100\n|turn|24\n|\n|t:|1700295177\n|move|p2a: Basculegion|Last Respects|p1a: misdreactyl\n|-immune|p1a: misdreactyl\n|move|p1a: misdreactyl|Bitter Malice|p2a: Basculegion\n|-supereffective|p2a: Basculegion\n|-damage|p2a: Basculegion|0 fnt\n|faint|p2a: Basculegion\n|\n|win|fresh yes\n|raw|fresh yes's rating: 1061 &rarr; <strong>1098<\/strong><br \/>(+37 for winning)\n|raw|Makiino's rating: 1132 &rarr; <strong>1102<\/strong><br \/>(-30 for losing)\n|l|\u2606Makiino\n","uploadtime":1700295185,"views":15,"p1id":"freshyes","p2id":"makiino","formatid":"gen9ubers","rating":1098,"private":0,"password":""}