{"id":"gen9ubers-2000274092","p1":"otteroreo","p2":"ofmon777","format":"[Gen 9] Ubers","log":"|j|\u2606otteroreo\n|j|\u2606ofmon777\n|t:|1701180187\n|gametype|singles\n|player|p1|otteroreo|1|\n|player|p2|ofmon777|gentleman|\n|teamsize|p1|6\n|teamsize|p2|6\n|gen|9\n|tier|[Gen 9] Ubers\n|rule|Sleep Clause Mod: Limit one foe put to sleep\n|rule|Species Clause: Limit one of each Pok\u00e9mon\n|rule|OHKO Clause: OHKO moves are banned\n|rule|Evasion Items Clause: Evasion items are banned\n|rule|Evasion Moves Clause: Evasion moves are banned\n|rule|Endless Battle Clause: Forcing endless battles is banned\n|rule|HP Percentage Mod: HP is shown in percentages\n|clearpoke\n|poke|p1|Torkoal, F|\n|poke|p1|Kingambit, M|\n|poke|p1|Roaring Moon|\n|poke|p1|Mismagius, M|\n|poke|p1|Scream Tail|\n|poke|p1|Rotom-Wash|\n|poke|p2|Grumpig, M|\n|poke|p2|Walking Wake|\n|poke|p2|Pelipper, F|\n|poke|p2|Scizor, F|\n|poke|p2|Barraskewda, M|\n|poke|p2|Floatzel, M|\n|teampreview\n|\n|t:|1701180206\n|start\n|switch|p1a: Roaring Moon|Roaring Moon|100\/100\n|switch|p2a: Monster Girl|Grumpig, M|100\/100\n|-enditem|p1a: Roaring Moon|Booster Energy\n|-activate|p1a: Roaring Moon|ability: Protosynthesis|[fromitem]\n|-start|p1a: Roaring Moon|protosynthesisspe\n|turn|1\n|\n|t:|1701180272\n|-end|p1a: Roaring Moon|Protosynthesis|[silent]\n|switch|p1a: Torkoal|Torkoal, F|100\/100\n|-weather|SunnyDay|[from] ability: Drought|[of] p1a: Torkoal\n|switch|p2a: Atom Eve|Pelipper, F|100\/100\n|-weather|RainDance|[from] ability: Drizzle|[of] p2a: Atom Eve\n|\n|-weather|RainDance|[upkeep]\n|upkeep\n|turn|2\n|\n|t:|1701180291\n|switch|p1a: Sunset|Rotom-Wash, shiny|100\/100\n|move|p2a: Atom Eve|Hurricane|p1a: Sunset\n|-resisted|p1a: Sunset\n|-damage|p1a: Sunset|83\/100\n|-start|p1a: Sunset|confusion\n|\n|-weather|RainDance|[upkeep]\n|-heal|p1a: Sunset|89\/100|[from] item: Leftovers\n|upkeep\n|turn|3\n|\n|t:|1701180307\n|switch|p1a: Torkoal|Torkoal, F|100\/100\n|-weather|SunnyDay|[from] ability: Drought|[of] p1a: Torkoal\n|switch|p2a: Monster Girl|Grumpig, M|100\/100\n|\n|-weather|SunnyDay|[upkeep]\n|upkeep\n|turn|4\n|\n|t:|1701180319\n|move|p2a: Monster Girl|Earth Power|p1a: Torkoal\n|-supereffective|p1a: Torkoal\n|-damage|p1a: Torkoal|28\/100\n|move|p1a: Torkoal|Stealth Rock|p2a: Monster Girl\n|-sidestart|p2: ofmon777|move: Stealth Rock\n|\n|-weather|SunnyDay|[upkeep]\n|upkeep\n|turn|5\n|\n|t:|1701180348\n|switch|p2a: Atom Eve|Pelipper, F|100\/100\n|-damage|p2a: Atom Eve|76\/100|[from] Stealth Rock\n|-weather|RainDance|[from] ability: Drizzle|[of] p2a: Atom Eve\n|switch|p1a: The Sunwitch|Mismagius, M|100\/100\n|\n|-weather|RainDance|[upkeep]\n|upkeep\n|turn|6\n|l|\u2606otteroreo\n|player|p1|\n|j| Kilometres999\n|j| Jaketr4\n|j|\u2606otteroreo\n|player|p1|otteroreo|1\n|\n|t:|1701180495\n|switch|p2a: Monster Girl|Grumpig, M|100\/100\n|-damage|p2a: Monster Girl|88\/100|[from] Stealth Rock\n|move|p1a: The Sunwitch|Thunderbolt|p2a: Monster Girl\n|-damage|p2a: Monster Girl|53\/100\n|\n|-weather|RainDance|[upkeep]\n|-heal|p2a: Monster Girl|59\/100|[from] item: Leftovers\n|upkeep\n|turn|7\n|\n|t:|1701180505\n|move|p1a: The Sunwitch|Thunderbolt|p2a: Monster Girl\n|-damage|p2a: Monster Girl|28\/100\n|move|p2a: Monster Girl|Thunder Wave|p1a: The Sunwitch\n|-status|p1a: The Sunwitch|par\n|\n|-weather|RainDance|[upkeep]\n|-heal|p2a: Monster Girl|34\/100|[from] item: Leftovers\n|upkeep\n|turn|8\n|l|\u2606otteroreo\n|player|p1|\n|j|\u2606otteroreo\n|player|p1|otteroreo|1\n|c|\u2606otteroreo|bad int\n|\n|t:|1701180575\n|switch|p2a: Omni Man|Walking Wake|100\/100\n|-damage|p2a: Omni Man|88\/100|[from] Stealth Rock\n|move|p1a: The Sunwitch|Thunderbolt|p2a: Omni Man\n|-damage|p2a: Omni Man|42\/100\n|\n|-weather|RainDance|[upkeep]\n|upkeep\n|turn|9\n|\n|t:|1701180587\n|-terastallize|p1a: The Sunwitch|Fairy\n|move|p2a: Omni Man|Hydro Steam|p1a: The Sunwitch\n|-damage|p1a: The Sunwitch|0 fnt\n|faint|p1a: The Sunwitch\n|\n|-weather|RainDance|[upkeep]\n|upkeep\n|\n|t:|1701180609\n|switch|p1a: Roaring Moon|Roaring Moon|100\/100\n|turn|10\n|\n|t:|1701180624\n|-end|p2a: Omni Man|Protosynthesis|[silent]\n|switch|p2a: Robot|Scizor, F|100\/100\n|-damage|p2a: Robot|88\/100|[from] Stealth Rock\n|move|p1a: Roaring Moon|Acrobatics|p2a: Robot\n|-crit|p2a: Robot\n|-damage|p2a: Robot|24\/100\n|\n|-weather|RainDance|[upkeep]\n|upkeep\n|turn|11\n|\n|t:|1701180655\n|move|p2a: Robot|Bullet Punch|p1a: Roaring Moon\n|-damage|p1a: Roaring Moon|38\/100\n|-damage|p2a: Robot|14\/100|[from] item: Life Orb\n|move|p1a: Roaring Moon|Acrobatics|p2a: Robot\n|-damage|p2a: Robot|0 fnt\n|faint|p2a: Robot\n|\n|-weather|RainDance|[upkeep]\n|upkeep\n|\n|t:|1701180664\n|switch|p2a: Floatzel|Floatzel, M|100\/100\n|-damage|p2a: Floatzel|88\/100|[from] Stealth Rock\n|turn|12\n|\n|t:|1701180707\n|-end|p1a: Roaring Moon|Protosynthesis|[silent]\n|switch|p1a: Sunset|Rotom-Wash, shiny|89\/100\n|move|p2a: Floatzel|Flip Turn|p1a: Sunset\n|-resisted|p1a: Sunset\n|-damage|p1a: Sunset|61\/100\n|\n|t:|1701180725\n|switch|p2a: Omni Man|Walking Wake|42\/100|[from] Flip Turn\n|-damage|p2a: Omni Man|30\/100|[from] Stealth Rock\n|\n|-weather|none\n|-heal|p1a: Sunset|67\/100|[from] item: Leftovers\n|upkeep\n|turn|13\n|\n|t:|1701180741\n|move|p1a: Sunset|Protect|p1a: Sunset\n|-singleturn|p1a: Sunset|Protect\n|move|p2a: Omni Man|Hydro Steam|p1a: Sunset\n|-activate|p1a: Sunset|move: Protect\n|\n|-heal|p1a: Sunset|73\/100|[from] item: Leftovers\n|upkeep\n|turn|14\n|\n|t:|1701180794\n|switch|p1a: AAAAAAAAAAAAAA|Scream Tail, shiny|100\/100\n|move|p2a: Omni Man|Hydro Steam|p1a: AAAAAAAAAAAAAA\n|-crit|p1a: AAAAAAAAAAAAAA\n|-damage|p1a: AAAAAAAAAAAAAA|50\/100\n|\n|-heal|p1a: AAAAAAAAAAAAAA|56\/100|[from] item: Leftovers\n|upkeep\n|turn|15\n|\n|t:|1701180804\n|move|p2a: Omni Man|Hydro Steam|p1a: AAAAAAAAAAAAAA\n|-damage|p1a: AAAAAAAAAAAAAA|24\/100\n|move|p1a: AAAAAAAAAAAAAA|Dazzling Gleam|p2a: Omni Man\n|-supereffective|p2a: Omni Man\n|-damage|p2a: Omni Man|0 fnt\n|faint|p2a: Omni Man\n|-end|p2a: Omni Man|Protosynthesis|[silent]\n|\n|-heal|p1a: AAAAAAAAAAAAAA|31\/100|[from] item: Leftovers\n|upkeep\n|\n|t:|1701180823\n|switch|p2a: Rexplode|Barraskewda, M|100\/100\n|-damage|p2a: Rexplode|88\/100|[from] Stealth Rock\n|turn|16\n|\n|t:|1701180842\n|-end|p1a: AAAAAAAAAAAAAA|Protosynthesis|[silent]\n|switch|p1a: Sunset|Rotom-Wash, shiny|73\/100\n|move|p2a: Rexplode|Liquidation|p1a: Sunset\n|-resisted|p1a: Sunset\n|-damage|p1a: Sunset|54\/100\n|\n|-heal|p1a: Sunset|60\/100|[from] item: Leftovers\n|upkeep\n|turn|17\n|\n|t:|1701180871\n|move|p2a: Rexplode|Flip Turn|p1a: Sunset\n|-resisted|p1a: Sunset\n|-damage|p1a: Sunset|46\/100\n|\n|t:|1701180875\n|switch|p2a: Atom Eve|Pelipper, F|76\/100|[from] Flip Turn\n|-damage|p2a: Atom Eve|51\/100|[from] Stealth Rock\n|-weather|RainDance|[from] ability: Drizzle|[of] p2a: Atom Eve\n|move|p1a: Sunset|Will-O-Wisp|p2a: Atom Eve\n|-status|p2a: Atom Eve|brn\n|\n|-weather|RainDance|[upkeep]\n|-heal|p1a: Sunset|52\/100|[from] item: Leftovers\n|-damage|p2a: Atom Eve|45\/100 brn|[from] brn\n|upkeep\n|turn|18\n|\n|t:|1701180895\n|move|p1a: Sunset|Volt Switch|p2a: Atom Eve\n|-supereffective|p2a: Atom Eve\n|-crit|p2a: Atom Eve\n|-damage|p2a: Atom Eve|0 fnt\n|faint|p2a: Atom Eve\n|\n|t:|1701180897\n|switch|p1a: Torkoal|Torkoal, F|28\/100|[from] Volt Switch\n|-weather|SunnyDay|[from] ability: Drought|[of] p1a: Torkoal\n|\n|-weather|SunnyDay|[upkeep]\n|upkeep\n|\n|t:|1701180938\n|switch|p2a: Monster Girl|Grumpig, M|34\/100\n|-damage|p2a: Monster Girl|21\/100|[from] Stealth Rock\n|turn|19\n|\n|t:|1701180953\n|switch|p1a: Sunset|Rotom-Wash, shiny|52\/100\n|move|p2a: Monster Girl|Energy Ball|p1a: Sunset\n|-supereffective|p1a: Sunset\n|-damage|p1a: Sunset|0 fnt\n|faint|p1a: Sunset\n|\n|-weather|SunnyDay|[upkeep]\n|-heal|p2a: Monster Girl|28\/100|[from] item: Leftovers\n|upkeep\n|\n|t:|1701180957\n|switch|p1a: Roaring Moon|Roaring Moon|38\/100\n|-activate|p1a: Roaring Moon|ability: Protosynthesis\n|-start|p1a: Roaring Moon|protosynthesisspe\n|turn|20\n|\n|t:|1701180977\n|move|p1a: Roaring Moon|Acrobatics|p2a: Monster Girl\n|-damage|p2a: Monster Girl|0 fnt\n|faint|p2a: Monster Girl\n|\n|-weather|SunnyDay|[upkeep]\n|upkeep\n|\n|t:|1701181059\n|switch|p2a: Rexplode|Barraskewda, M|88\/100\n|-damage|p2a: Rexplode|76\/100|[from] Stealth Rock\n|turn|21\n|c|\u2606otteroreo|tbh didnt expect mismagius to take 60% on walkinh\n|\n|t:|1701181074\n|move|p1a: Roaring Moon|Outrage|p2a: Rexplode\n|-damage|p2a: Rexplode|0 fnt\n|faint|p2a: Rexplode\n|\n|-weather|SunnyDay|[upkeep]\n|upkeep\n|\n|t:|1701181082\n|switch|p2a: Floatzel|Floatzel, M|88\/100\n|-damage|p2a: Floatzel|76\/100|[from] Stealth Rock\n|turn|22\n|\n|t:|1701181100\n|move|p1a: Roaring Moon|Outrage|p2a: Floatzel|[from]lockedmove\n|-damage|p2a: Floatzel|0 fnt\n|faint|p2a: Floatzel\n|\n|win|otteroreo\n|c|\u2606ofmon777|gg\n|c|\u2606otteroreo|gg mr ofmon\n|c|\u2606otteroreo|Do you mind posting? im on mobile x-x\n|c|\u2606ofmon777|ight\n|c|\u2606otteroreo|Ty\n|l| Kilometres999\n|c|\u2606otteroreo|Thank you for battle\n","uploadtime":1701181213,"views":17,"p1id":"otteroreo","p2id":"ofmon777","formatid":"gen9ubers","rating":0,"private":0,"password":""}