{"id":"gen9ubers-1968344093","p1":"UUbers account","p2":"GratedsShtickface","format":"[Gen 9] Ubers","log":"|j|\u2606UUbers account\n|j|\u2606GratedsShtickface\n|t:|1697408261\n|gametype|singles\n|player|p1|UUbers account|shadowtriad|\n|player|p2|GratedsShtickface|hiker-gen4|\n|teamsize|p1|6\n|teamsize|p2|6\n|gen|9\n|tier|[Gen 9] Ubers\n|rule|Sleep Clause Mod: Limit one foe put to sleep\n|rule|Species Clause: Limit one of each Pok\u00e9mon\n|rule|OHKO Clause: OHKO moves are banned\n|rule|Evasion Items Clause: Evasion items are banned\n|rule|Evasion Moves Clause: Evasion moves are banned\n|rule|Endless Battle Clause: Forcing endless battles is banned\n|rule|HP Percentage Mod: HP is shown in percentages\n|clearpoke\n|poke|p1|Basculegion-F, F|\n|poke|p1|Arceus-Dark|\n|poke|p1|Magearna|\n|poke|p1|Hatterene, F|\n|poke|p1|Chi-Yu|\n|poke|p1|Giratina|\n|poke|p2|Shaymin-Sky|\n|poke|p2|Arceus-Fire|\n|poke|p2|Zacian-*|\n|poke|p2|Magearna|\n|poke|p2|Ogerpon-Wellspring, F|\n|poke|p2|Giratina|\n|teampreview\n|inactive|Battle timer is ON: inactive players will automatically lose when time's up. (requested by GratedsShtickface)\n|\n|t:|1697408283\n|start\n|switch|p1a: Chi-Yu|Chi-Yu|100\/100\n|switch|p2a: Music Box Doll|Magearna|100\/100\n|-ability|p1a: Chi-Yu|Beads of Ruin\n|turn|1\n|\n|t:|1697408291\n|switch|p2a: Giratina|Giratina, shiny|100\/100\n|-ability|p2a: Giratina|Pressure\n|move|p1a: Chi-Yu|Flamethrower|p2a: Giratina\n|-resisted|p2a: Giratina\n|-damage|p2a: Giratina|82\/100\n|\n|-heal|p2a: Giratina|88\/100|[from] item: Leftovers\n|upkeep\n|turn|2\n|\n|t:|1697408301\n|switch|p1a: Hatterene|Hatterene, F|100\/100\n|move|p2a: Giratina|Will-O-Wisp|p1a: Hatterene\n|move|p1a: Hatterene|Will-O-Wisp|p2a: Giratina|[from]ability: Magic Bounce\n|-status|p2a: Giratina|brn\n|\n|-heal|p2a: Giratina|94\/100 brn|[from] item: Leftovers\n|-damage|p2a: Giratina|88\/100 brn|[from] brn\n|upkeep\n|turn|3\n|\n|t:|1697408315\n|switch|p1a: Chi-Yu|Chi-Yu|100\/100\n|-ability|p1a: Chi-Yu|Beads of Ruin\n|move|p2a: Giratina|Pain Split|p1a: Chi-Yu\n|-sethp|p1a: Chi-Yu|100\/100|[from] move: Pain Split|[silent]\n|-sethp|p2a: Giratina|69\/100 brn|[from] move: Pain Split\n|\n|-heal|p2a: Giratina|75\/100 brn|[from] item: Leftovers\n|-damage|p2a: Giratina|69\/100 brn|[from] brn\n|upkeep\n|turn|4\n|\n|t:|1697408328\n|switch|p2a: Music Box Doll|Magearna|100\/100\n|move|p1a: Chi-Yu|Flamethrower|p2a: Music Box Doll\n|-supereffective|p2a: Music Box Doll\n|-crit|p2a: Music Box Doll\n|-damage|p2a: Music Box Doll|0 fnt\n|faint|p2a: Music Box Doll\n|\n|upkeep\n|\n|t:|1697408338\n|switch|p2a: Ar\u0441eus-Fighting|Arceus-Fire|100\/100\n|turn|5\n|\n|t:|1697408341\n|switch|p1a: Giratina|Giratina|100\/100\n|-ability|p1a: Giratina|Pressure\n|move|p2a: Ar\u0441eus-Fighting|Earthquake|p1a: Giratina\n|-damage|p1a: Giratina|81\/100\n|\n|upkeep\n|turn|6\n|\n|t:|1697408348\n|switch|p2a: Giratina|Giratina, shiny|69\/100 brn\n|-ability|p2a: Giratina|Pressure\n|move|p1a: Giratina|Roar|p2a: Giratina\n|drag|p2a: Haxmin|Shaymin-Sky|100\/100\n|\n|upkeep\n|turn|7\n|\n|t:|1697408365\n|switch|p1a: Magearna|Magearna|100\/100\n|move|p2a: Haxmin|Leech Seed|p1a: Magearna\n|-start|p1a: Magearna|move: Leech Seed\n|\n|-damage|p1a: Magearna|88\/100|[from] Leech Seed|[of] p2a: Haxmin\n|upkeep\n|turn|8\n|\n|t:|1697408370\n|move|p2a: Haxmin|Substitute|p2a: Haxmin\n|-start|p2a: Haxmin|Substitute\n|-damage|p2a: Haxmin|76\/100\n|move|p1a: Magearna|Spikes|p2a: Haxmin\n|-sidestart|p2: GratedsShtickface|Spikes\n|\n|-heal|p1a: Magearna|94\/100|[from] item: Leftovers\n|-damage|p1a: Magearna|82\/100|[from] Leech Seed|[of] p2a: Haxmin\n|-heal|p2a: Haxmin|87\/100|[silent]\n|upkeep\n|turn|9\n|\n|t:|1697408380\n|move|p2a: Haxmin|Air Slash|p1a: Magearna\n|-resisted|p1a: Magearna\n|-damage|p1a: Magearna|69\/100\n|move|p1a: Magearna|Spikes|p2a: Haxmin\n|-sidestart|p2: GratedsShtickface|Spikes\n|\n|-heal|p1a: Magearna|75\/100|[from] item: Leftovers\n|-damage|p1a: Magearna|63\/100|[from] Leech Seed|[of] p2a: Haxmin\n|-heal|p2a: Haxmin|98\/100|[silent]\n|upkeep\n|turn|10\n|\n|t:|1697408396\n|move|p2a: Haxmin|Earth Power|p1a: Magearna\n|-supereffective|p1a: Magearna\n|-damage|p1a: Magearna|25\/100\n|move|p1a: Magearna|Spikes|p2a: Haxmin\n|-sidestart|p2: GratedsShtickface|Spikes\n|\n|-heal|p1a: Magearna|31\/100|[from] item: Leftovers\n|-damage|p1a: Magearna|19\/100|[from] Leech Seed|[of] p2a: Haxmin\n|-heal|p2a: Haxmin|100\/100|[silent]\n|upkeep\n|turn|11\n|\n|t:|1697408404\n|move|p2a: Haxmin|Earth Power|p1a: Magearna\n|-supereffective|p1a: Magearna\n|-damage|p1a: Magearna|0 fnt\n|faint|p1a: Magearna\n|\n|upkeep\n|\n|t:|1697408407\n|switch|p1a: Giratina|Giratina|81\/100\n|-ability|p1a: Giratina|Pressure\n|turn|12\n|\n|t:|1697408412\n|move|p2a: Haxmin|Leech Seed|p1a: Giratina\n|-start|p1a: Giratina|move: Leech Seed\n|move|p1a: Giratina|Roar|p2a: Haxmin\n|drag|p2a: Ar\u0441eus-Fighting|Arceus-Fire|100\/100\n|-damage|p2a: Ar\u0441eus-Fighting|76\/100|[from] Spikes\n|\n|-damage|p1a: Giratina|69\/100|[from] Leech Seed|[of] p2a: Ar\u0441eus-Fighting\n|-heal|p2a: Ar\u0441eus-Fighting|92\/100|[silent]\n|upkeep\n|turn|13\n|\n|t:|1697408422\n|switch|p1a: Hatterene|Hatterene, F|100\/100\n|move|p2a: Ar\u0441eus-Fighting|Earthquake|p1a: Hatterene\n|-damage|p1a: Hatterene|63\/100\n|-enditem|p1a: Hatterene|Eject Button\n|\n|t:|1697408426\n|switch|p1a: Basculegion|Basculegion-F, F, shiny|100\/100\n|\n|upkeep\n|turn|14\n|\n|t:|1697408438\n|switch|p2a: Scrungly|Ogerpon-Wellspring, F|100\/100\n|-damage|p2a: Scrungly|76\/100|[from] Spikes\n|move|p1a: Basculegion|Last Respects|p2a: Scrungly\n|-damage|p2a: Scrungly|7\/100\n|\n|upkeep\n|turn|15\n|\n|t:|1697408443\n|move|p1a: Basculegion|Last Respects|p2a: Scrungly\n|-damage|p2a: Scrungly|0 fnt\n|faint|p2a: Scrungly\n|\n|upkeep\n|\n|t:|1697408448\n|switch|p2a: Haxmin|Shaymin-Sky|100\/100\n|turn|16\n|\n|t:|1697408457\n|switch|p1a: Hatterene|Hatterene, F|63\/100\n|move|p2a: Haxmin|Air Slash|p1a: Hatterene\n|-damage|p1a: Hatterene|40\/100\n|\n|upkeep\n|turn|17\n|\n|t:|1697408463\n|move|p2a: Haxmin|Substitute|p2a: Haxmin\n|-start|p2a: Haxmin|Substitute\n|-damage|p2a: Haxmin|76\/100\n|move|p1a: Hatterene|Nuzzle|p2a: Haxmin\n|-activate|p2a: Haxmin|move: Substitute|[damage]\n|\n|upkeep\n|turn|18\n|\n|t:|1697408469\n|move|p2a: Haxmin|Air Slash|p1a: Hatterene\n|-damage|p1a: Hatterene|18\/100\n|move|p1a: Hatterene|Mystical Fire|p2a: Haxmin\n|-supereffective|p2a: Haxmin\n|-end|p2a: Haxmin|Substitute\n|\n|upkeep\n|turn|19\n|\n|t:|1697408474\n|move|p2a: Haxmin|Air Slash|p1a: Hatterene\n|-damage|p1a: Hatterene|0 fnt\n|faint|p1a: Hatterene\n|\n|upkeep\n|\n|t:|1697408481\n|switch|p1a: Chi-Yu|Chi-Yu|100\/100\n|-ability|p1a: Chi-Yu|Beads of Ruin\n|turn|20\n|\n|t:|1697408487\n|switch|p2a: Giratina|Giratina, shiny|69\/100 brn\n|-damage|p2a: Giratina|44\/100 brn|[from] Spikes\n|-ability|p2a: Giratina|Pressure\n|move|p1a: Chi-Yu|Dark Pulse|p2a: Giratina\n|-supereffective|p2a: Giratina\n|-damage|p2a: Giratina|0 fnt\n|faint|p2a: Giratina\n|\n|upkeep\n|\n|t:|1697408492\n|switch|p2a: Ar\u0441eus-Fighting|Arceus-Fire|92\/100\n|-damage|p2a: Ar\u0441eus-Fighting|67\/100|[from] Spikes\n|turn|21\n|\n|t:|1697408497\n|switch|p1a: Giratina|Giratina|69\/100\n|-ability|p1a: Giratina|Pressure\n|move|p2a: Ar\u0441eus-Fighting|Dragon Dance|p2a: Ar\u0441eus-Fighting\n|-boost|p2a: Ar\u0441eus-Fighting|atk|1\n|-boost|p2a: Ar\u0441eus-Fighting|spe|1\n|\n|upkeep\n|turn|22\n|\n|t:|1697408501\n|move|p2a: Ar\u0441eus-Fighting|Recover|p2a: Ar\u0441eus-Fighting\n|-heal|p2a: Ar\u0441eus-Fighting|100\/100\n|move|p1a: Giratina|Roar|p2a: Ar\u0441eus-Fighting\n|drag|p2a: Haxmin|Shaymin-Sky|76\/100\n|\n|upkeep\n|turn|23\n|\n|t:|1697408507\n|move|p2a: Haxmin|Leech Seed|p1a: Giratina\n|-start|p1a: Giratina|move: Leech Seed\n|move|p1a: Giratina|Hex|p2a: Haxmin\n|-damage|p2a: Haxmin|52\/100\n|\n|-damage|p1a: Giratina|56\/100|[from] Leech Seed|[of] p2a: Haxmin\n|-heal|p2a: Haxmin|68\/100|[silent]\n|upkeep\n|turn|24\n|\n|t:|1697408513\n|move|p2a: Haxmin|Substitute|p2a: Haxmin\n|-start|p2a: Haxmin|Substitute\n|-damage|p2a: Haxmin|43\/100\n|move|p1a: Giratina|Roar|p2a: Haxmin\n|drag|p2a: Ar\u0441eus-Fighting|Arceus-Fire|100\/100\n|-damage|p2a: Ar\u0441eus-Fighting|76\/100|[from] Spikes\n|\n|-damage|p1a: Giratina|44\/100|[from] Leech Seed|[of] p2a: Ar\u0441eus-Fighting\n|-heal|p2a: Ar\u0441eus-Fighting|92\/100|[silent]\n|upkeep\n|turn|25\n|\n|t:|1697408522\n|switch|p1a: Arceus|Arceus-Dark|100\/100\n|move|p2a: Ar\u0441eus-Fighting|Dragon Dance|p2a: Ar\u0441eus-Fighting\n|-boost|p2a: Ar\u0441eus-Fighting|atk|1\n|-boost|p2a: Ar\u0441eus-Fighting|spe|1\n|\n|upkeep\n|turn|26\n|\n|t:|1697408529\n|move|p2a: Ar\u0441eus-Fighting|Flare Blitz|p1a: Arceus\n|-damage|p1a: Arceus|29\/100\n|-damage|p2a: Ar\u0441eus-Fighting|65\/100|[from] Recoil\n|move|p1a: Arceus|Taunt|p2a: Ar\u0441eus-Fighting\n|-start|p2a: Ar\u0441eus-Fighting|move: Taunt\n|\n|upkeep\n|turn|27\n|\n|t:|1697408537\n|move|p2a: Ar\u0441eus-Fighting|Earthquake|p1a: Arceus\n|-damage|p1a: Arceus|0 fnt\n|faint|p1a: Arceus\n|\n|upkeep\n|\n|t:|1697408543\n|switch|p1a: Giratina|Giratina|44\/100\n|-ability|p1a: Giratina|Pressure\n|turn|28\n|\n|t:|1697408551\n|move|p2a: Ar\u0441eus-Fighting|Earthquake|p1a: Giratina\n|-damage|p1a: Giratina|12\/100\n|move|p1a: Giratina|Rest|p1a: Giratina\n|-status|p1a: Giratina|slp|[from] move: Rest\n|-heal|p1a: Giratina|100\/100 slp|[silent]\n|\n|upkeep\n|turn|29\n|\n|t:|1697408560\n|move|p2a: Ar\u0441eus-Fighting|Earthquake|p1a: Giratina\n|-damage|p1a: Giratina|71\/100 slp\n|cant|p1a: Giratina|slp\n|\n|-end|p2a: Ar\u0441eus-Fighting|move: Taunt\n|upkeep\n|turn|30\n|\n|t:|1697408568\n|move|p2a: Ar\u0441eus-Fighting|Recover|p2a: Ar\u0441eus-Fighting\n|-heal|p2a: Ar\u0441eus-Fighting|100\/100\n|cant|p1a: Giratina|slp\n|\n|upkeep\n|turn|31\n|\n|t:|1697408571\n|move|p2a: Ar\u0441eus-Fighting|Earthquake|p1a: Giratina\n|-damage|p1a: Giratina|40\/100 slp\n|-curestatus|p1a: Giratina|slp|[msg]\n|move|p1a: Giratina|Roar|p2a: Ar\u0441eus-Fighting\n|drag|p2a: Haxmin|Shaymin-Sky|43\/100\n|\n|upkeep\n|turn|32\n|\n|t:|1697408580\n|move|p2a: Haxmin|Leech Seed|p1a: Giratina\n|-start|p1a: Giratina|move: Leech Seed\n|move|p1a: Giratina|Roar|p2a: Haxmin\n|drag|p2a: Ar\u0441eus-Fighting|Arceus-Fire|100\/100\n|-damage|p2a: Ar\u0441eus-Fighting|76\/100|[from] Spikes\n|\n|-damage|p1a: Giratina|28\/100|[from] Leech Seed|[of] p2a: Ar\u0441eus-Fighting\n|-heal|p2a: Ar\u0441eus-Fighting|92\/100|[silent]\n|upkeep\n|turn|33\n|\n|t:|1697408587\n|move|p2a: Ar\u0441eus-Fighting|Dragon Dance|p2a: Ar\u0441eus-Fighting\n|-boost|p2a: Ar\u0441eus-Fighting|atk|1\n|-boost|p2a: Ar\u0441eus-Fighting|spe|1\n|move|p1a: Giratina|Roar|p2a: Ar\u0441eus-Fighting\n|drag|p2a: Sif|Zacian|100\/100\n|-damage|p2a: Sif|76\/100|[from] Spikes\n|-ability|p2a: Sif|Intrepid Sword|boost\n|-boost|p2a: Sif|atk|1\n|\n|-damage|p1a: Giratina|15\/100|[from] Leech Seed|[of] p2a: Sif\n|-heal|p2a: Sif|95\/100|[silent]\n|upkeep\n|turn|34\n|\n|t:|1697408599\n|move|p2a: Sif|Iron Head|p1a: Giratina\n|-damage|p1a: Giratina|0 fnt\n|faint|p1a: Giratina\n|\n|upkeep\n|\n|t:|1697408620\n|switch|p1a: Basculegion|Basculegion-F, F, shiny|100\/100\n|turn|35\n|\n|t:|1697408626\n|move|p1a: Basculegion|Last Respects|p2a: Sif\n|-damage|p2a: Sif|0 fnt\n|faint|p2a: Sif\n|\n|upkeep\n|\n|t:|1697408629\n|switch|p2a: Haxmin|Shaymin-Sky|43\/100\n|turn|36\n|\n|t:|1697408635\n|move|p1a: Basculegion|Last Respects|p2a: Haxmin\n|-damage|p2a: Haxmin|0 fnt\n|faint|p2a: Haxmin\n|\n|upkeep\n|c|\u2606UUbers account|gg\n|\n|t:|1697408637\n|switch|p2a: Ar\u0441eus-Fighting|Arceus-Fire|92\/100\n|-damage|p2a: Ar\u0441eus-Fighting|67\/100|[from] Spikes\n|turn|37\n|\n|t:|1697408641\n|move|p1a: Basculegion|Last Respects|p2a: Ar\u0441eus-Fighting\n|-damage|p2a: Ar\u0441eus-Fighting|0 fnt\n|faint|p2a: Ar\u0441eus-Fighting\n|\n|win|UUbers account\n|c|\u2606GratedsShtickface|gg\n","uploadtime":1697408650,"views":85,"p1id":"uubersaccount","p2id":"gratedsshtickface","formatid":"gen9ubers","rating":0,"private":0,"password":""}