{"id":"gen9ubers-1986314725","p1":"spiritknight909","p2":"InkedDeathReaper","format":"[Gen 9] Ubers","log":"|j|\u203dspiritknight909\n|j|\u2606InkedDeathReaper\n|t:|1699468557\n|gametype|singles\n|player|p1|spiritknight909|1|1000\n|player|p2|InkedDeathReaper|red|1000\n|teamsize|p1|6\n|teamsize|p2|6\n|gen|9\n|tier|[Gen 9] Ubers\n|rated|\n|rule|Sleep Clause Mod: Limit one foe put to sleep\n|rule|Species Clause: Limit one of each Pok\u00e9mon\n|rule|OHKO Clause: OHKO moves are banned\n|rule|Evasion Items Clause: Evasion items are banned\n|rule|Evasion Moves Clause: Evasion moves are banned\n|rule|Endless Battle Clause: Forcing endless battles is banned\n|rule|HP Percentage Mod: HP is shown in percentages\n|clearpoke\n|poke|p1|Kingambit, F|\n|poke|p1|Garchomp, M|\n|poke|p1|Blissey, F|\n|poke|p1|Scizor, M|\n|poke|p1|Ting-Lu|\n|poke|p1|Iron Hands|\n|poke|p2|Typhlosion-Hisui, F|\n|poke|p2|Zacian-*|\n|poke|p2|Ogerpon-Wellspring, F|\n|poke|p2|Torterra, M|\n|poke|p2|Okidogi, M|\n|poke|p2|Mewtwo|\n|teampreview\n|\n|t:|1699468573\n|start\n|switch|p1a: Scizor|Scizor, M|100\/100\n|switch|p2a: Torterra|Torterra, M|100\/100\n|turn|1\n|\n|t:|1699468585\n|move|p2a: Torterra|Shell Smash|p2a: Torterra\n|-unboost|p2a: Torterra|def|1\n|-unboost|p2a: Torterra|spd|1\n|-boost|p2a: Torterra|atk|2\n|-boost|p2a: Torterra|spa|2\n|-boost|p2a: Torterra|spe|2\n|move|p1a: Scizor|Swords Dance|p1a: Scizor\n|-boost|p1a: Scizor|atk|2\n|\n|upkeep\n|turn|2\n|c|\u2606InkedDeathReaper|glhf\n|\n|t:|1699468597\n|move|p2a: Torterra|Earthquake|p1a: Scizor\n|-damage|p1a: Scizor|13\/100\n|move|p1a: Scizor|Steel Beam|p2a: Torterra\n|-damage|p2a: Torterra|26\/100\n|-damage|p1a: Scizor|0 fnt|[from] steelbeam\n|faint|p1a: Scizor\n|\n|upkeep\n|\n|t:|1699468607\n|switch|p1a: Iron Hands|Iron Hands|100\/100\n|turn|3\n|\n|t:|1699468612\n|move|p2a: Torterra|Earthquake|p1a: Iron Hands\n|-supereffective|p1a: Iron Hands\n|-damage|p1a: Iron Hands|0 fnt\n|faint|p1a: Iron Hands\n|-end|p1a: Iron Hands|Quark Drive|[silent]\n|\n|upkeep\n|\n|t:|1699468619\n|switch|p1a: Ting-Lu|Ting-Lu|100\/100\n|-ability|p1a: Ting-Lu|Vessel of Ruin\n|turn|4\n|\n|t:|1699468624\n|move|p2a: Torterra|Bullet Seed|p1a: Ting-Lu\n|-supereffective|p1a: Ting-Lu\n|-damage|p1a: Ting-Lu|62\/100\n|-supereffective|p1a: Ting-Lu\n|-damage|p1a: Ting-Lu|23\/100\n|-supereffective|p1a: Ting-Lu\n|-damage|p1a: Ting-Lu|0 fnt\n|faint|p1a: Ting-Lu\n|-hitcount|p1: Ting-Lu|3\n|\n|upkeep\n|\n|t:|1699468633\n|switch|p1a: Garchomp|Garchomp, M|100\/100\n|turn|5\n|\n|t:|1699468638\n|move|p2a: Torterra|Bullet Seed|p1a: Garchomp\n|-damage|p1a: Garchomp|72\/100\n|-damage|p1a: Garchomp|42\/100\n|-damage|p1a: Garchomp|13\/100\n|-enditem|p1a: Garchomp|Aguav Berry|[eat]\n|-heal|p1a: Garchomp|46\/100|[from] item: Aguav Berry\n|-damage|p1a: Garchomp|15\/100\n|-damage|p1a: Garchomp|0 fnt\n|faint|p1a: Garchomp\n|-hitcount|p1: Garchomp|5\n|\n|upkeep\n|\n|t:|1699468649\n|switch|p1a: Blissey|Blissey, F|100\/100\n|turn|6\n|\n|t:|1699468661\n|move|p2a: Torterra|Bullet Seed|p1a: Blissey\n|-damage|p1a: Blissey|49\/100\n|-damage|p1a: Blissey|0 fnt\n|faint|p1a: Blissey\n|-hitcount|p1: Blissey|2\n|\n|upkeep\n|\n|t:|1699468667\n|switch|p1a: Kingambit|Kingambit, F|100\/100\n|-activate|p1a: Kingambit|ability: Supreme Overlord\n|-start|p1a: Kingambit|fallen5|[silent]\n|turn|7\n|\n|t:|1699468674\n|move|p2a: Torterra|Earthquake|p1a: Kingambit\n|-supereffective|p1a: Kingambit\n|-damage|p1a: Kingambit|0 fnt\n|faint|p1a: Kingambit\n|-end|p1a: Kingambit|fallen5|[silent]\n|\n|win|InkedDeathReaper\n|raw|spiritknight909's rating: 1000 &rarr; <strong>1000<\/strong><br \/>(+0 for losing)\n|raw|InkedDeathReaper's rating: 1000 &rarr; <strong>1040<\/strong><br \/>(+40 for winning)\n|l|\u203dspiritknight909\n","uploadtime":1699468686,"views":15,"p1id":"spiritknight909","p2id":"inkeddeathreaper","formatid":"gen9ubers","rating":1000,"private":0,"password":""}