{"id":"gen9ubers-1984322616","p1":"corvere\u2665","p2":"Future king of ou","format":"[Gen 9] Ubers","log":"|j|\u2606corvere\u2665\n|j|\u2606Future king of ou\n|t:|1699243621\n|gametype|singles\n|player|p1|corvere\u2665|anthea|\n|player|p2|Future king of ou|alec-anime|\n|teamsize|p1|6\n|teamsize|p2|6\n|gen|9\n|tier|[Gen 9] Ubers\n|rated|Tournament battle\n|rule|Sleep Clause Mod: Limit one foe put to sleep\n|rule|Species Clause: Limit one of each Pok\u00e9mon\n|rule|OHKO Clause: OHKO moves are banned\n|rule|Evasion Items Clause: Evasion items are banned\n|rule|Evasion Moves Clause: Evasion moves are banned\n|rule|Endless Battle Clause: Forcing endless battles is banned\n|rule|HP Percentage Mod: HP is shown in percentages\n|clearpoke\n|poke|p1|Great Tusk|\n|poke|p1|Koraidon|\n|poke|p1|Rayquaza|\n|poke|p1|Baxcalibur, F|\n|poke|p1|Zacian-*|\n|poke|p1|Arceus-Ground|\n|poke|p2|Basculegion, M|\n|poke|p2|Hatterene, F|\n|poke|p2|Rabsca, F|\n|poke|p2|Hawlucha, M|\n|poke|p2|Miraidon|\n|poke|p2|Arceus-Ground|\n|teampreview\n|inactive|Battle timer is ON: inactive players will automatically lose when time's up. (requested by corvere\u2665)\n|c|\u2606Future king of ou|Hf\n|\n|t:|1699243639\n|start\n|switch|p1a: Zacian|Zacian-Crowned|100\/100\n|switch|p2a: Miraidon|Miraidon|100\/100\n|-fieldstart|move: Electric Terrain|[from] ability: Hadron Engine|[of] p2a: Miraidon\n|-ability|p1a: Zacian|Intrepid Sword|boost\n|-boost|p1a: Zacian|atk|1\n|turn|1\n|\n|t:|1699243644\n|move|p2a: Miraidon|Electro Drift|p1a: Zacian\n|-damage|p1a: Zacian|12\/100\n|move|p1a: Zacian|Play Rough|p2a: Miraidon\n|-supereffective|p2a: Miraidon\n|-damage|p2a: Miraidon|0 fnt\n|faint|p2a: Miraidon\n|\n|upkeep\n|\n|t:|1699243646\n|switch|p2a: Hawlucha|Hawlucha, M|100\/100\n|turn|2\n|\n|t:|1699243651\n|move|p2a: Hawlucha|Endure|p2a: Hawlucha\n|-singleturn|p2a: Hawlucha|move: Endure\n|move|p1a: Zacian|Play Rough|p2a: Hawlucha\n|-supereffective|p2a: Hawlucha\n|-activate|p2a: Hawlucha|move: Endure\n|-damage|p2a: Hawlucha|1\/100\n|-enditem|p2a: Hawlucha|Liechi Berry|[eat]\n|-boost|p2a: Hawlucha|atk|1|[from] item: Liechi Berry\n|\n|upkeep\n|turn|3\n|\n|t:|1699243659\n|switch|p1a: Great Tusk|Great Tusk|100\/100\n|-enditem|p1a: Great Tusk|Booster Energy\n|-activate|p1a: Great Tusk|ability: Protosynthesis|[fromitem]\n|-start|p1a: Great Tusk|protosynthesisspe\n|move|p2a: Hawlucha|Acrobatics|p1a: Great Tusk\n|-supereffective|p1a: Great Tusk\n|-damage|p1a: Great Tusk|13\/100\n|\n|upkeep\n|turn|4\n|\n|t:|1699243673\n|move|p2a: Hawlucha|Acrobatics|p1a: Great Tusk\n|-supereffective|p1a: Great Tusk\n|-damage|p1a: Great Tusk|0 fnt\n|faint|p1a: Great Tusk\n|-end|p1a: Great Tusk|Protosynthesis|[silent]\n|\n|upkeep\n|\n|t:|1699243675\n|switch|p1a: Rayquaza|Rayquaza|100\/100\n|-ability|p1a: Rayquaza|Air Lock\n|turn|5\n|\n|t:|1699243678\n|move|p2a: Hawlucha|Acrobatics|p1a: Rayquaza\n|-damage|p1a: Rayquaza|14\/100\n|move|p1a: Rayquaza|Dragon Ascent|p2a: Hawlucha\n|-supereffective|p2a: Hawlucha\n|-damage|p2a: Hawlucha|0 fnt\n|-unboost|p1a: Rayquaza|def|1\n|-unboost|p1a: Rayquaza|spd|1\n|faint|p2a: Hawlucha\n|\n|-fieldend|move: Electric Terrain\n|upkeep\n|\n|t:|1699243686\n|switch|p2a: Arceus|Arceus-Ground|100\/100\n|turn|6\n|\n|t:|1699243688\n|move|p2a: Arceus|Dragon Dance|p2a: Arceus\n|-boost|p2a: Arceus|atk|1\n|-boost|p2a: Arceus|spe|1\n|move|p1a: Rayquaza|Stealth Rock|p2a: Arceus\n|-sidestart|p2: Future king of ou|move: Stealth Rock\n|\n|upkeep\n|turn|7\n|\n|t:|1699243692\n|move|p2a: Arceus|Dragon Claw|p1a: Rayquaza\n|-supereffective|p1a: Rayquaza\n|-damage|p1a: Rayquaza|0 fnt\n|faint|p1a: Rayquaza\n|\n|upkeep\n|\n|t:|1699243696\n|switch|p1a: Baxcalibur|Baxcalibur, F|100\/100\n|turn|8\n|\n|t:|1699243698\n|-terastallize|p2a: Arceus|Fire\n|move|p2a: Arceus|Dragon Claw|p1a: Baxcalibur\n|-supereffective|p1a: Baxcalibur\n|-damage|p1a: Baxcalibur|14\/100\n|move|p1a: Baxcalibur|Icicle Spear|p2a: Arceus\n|-resisted|p2a: Arceus\n|-damage|p2a: Arceus|94\/100\n|-resisted|p2a: Arceus\n|-damage|p2a: Arceus|88\/100\n|-resisted|p2a: Arceus\n|-damage|p2a: Arceus|82\/100\n|-resisted|p2a: Arceus\n|-damage|p2a: Arceus|76\/100\n|-hitcount|p2a: Arceus|4\n|\n|upkeep\n|turn|9\n|\n|t:|1699243701\n|move|p2a: Arceus|Earthquake|p1a: Baxcalibur\n|-damage|p1a: Baxcalibur|0 fnt\n|faint|p1a: Baxcalibur\n|\n|upkeep\n|\n|t:|1699243703\n|switch|p1a: Arceus|Arceus-Ground|100\/100\n|turn|10\n|\n|t:|1699243706\n|move|p2a: Arceus|Earthquake|p1a: Arceus\n|-damage|p1a: Arceus|37\/100\n|move|p1a: Arceus|Earthquake|p2a: Arceus\n|-supereffective|p2a: Arceus\n|-damage|p2a: Arceus|0 fnt\n|faint|p2a: Arceus\n|\n|upkeep\n|\n|t:|1699243707\n|switch|p2a: Rabsca|Rabsca, F|100\/100\n|-damage|p2a: Rabsca|76\/100|[from] Stealth Rock\n|turn|11\n|\n|t:|1699243711\n|move|p1a: Arceus|Dragon Dance|p1a: Arceus\n|-boost|p1a: Arceus|atk|1\n|-boost|p1a: Arceus|spe|1\n|move|p2a: Rabsca|Trick Room|p2a: Rabsca\n|-fieldstart|move: Trick Room|[of] p2a: Rabsca\n|\n|upkeep\n|turn|12\n|\n|t:|1699243716\n|move|p2a: Rabsca|Revival Blessing|p2a: Rabsca\n|\n|t:|1699243720\n|-heal|p2: Miraidon|50\/100|[from] move: Revival Blessing\n|move|p1a: Arceus|Earthquake|p2a: Rabsca\n|-resisted|p2a: Rabsca\n|-damage|p2a: Rabsca|23\/100\n|\n|upkeep\n|turn|13\n|\n|t:|1699243724\n|move|p2a: Rabsca|Memento|p1a: Arceus\n|-unboost|p1a: Arceus|atk|2\n|-unboost|p1a: Arceus|spa|2\n|faint|p2a: Rabsca\n|move|p1a: Arceus|Earthquake|p2: Rabsca|[notarget]\n|-fail|p1a: Arceus\n|\n|upkeep\n|\n|t:|1699243727\n|switch|p2a: Basculegion|Basculegion, M|100\/100\n|-damage|p2a: Basculegion|88\/100|[from] Stealth Rock\n|turn|14\n|\n|t:|1699243732\n|move|p2a: Basculegion|Last Respects|p1a: Arceus\n|-damage|p1a: Arceus|0 fnt\n|faint|p1a: Arceus\n|-damage|p2a: Basculegion|78\/100|[from] item: Life Orb\n|\n|upkeep\n|\n|t:|1699243735\n|switch|p1a: Zacian|Zacian-Crowned|12\/100\n|turn|15\n|\n|t:|1699243738\n|move|p2a: Basculegion|Last Respects|p1a: Zacian\n|-damage|p1a: Zacian|0 fnt\n|faint|p1a: Zacian\n|-damage|p2a: Basculegion|68\/100|[from] item: Life Orb\n|\n|-fieldend|move: Trick Room\n|upkeep\n|\n|t:|1699243739\n|switch|p1a: Koraidon|Koraidon|100\/100\n|-weather|SunnyDay|[from] ability: Orichalcum Pulse|[of] p1a: Koraidon\n|-activate|p1a: Koraidon|Orichalcum Pulse|[source]\n|turn|16\n|\n|t:|1699243743\n|move|p1a: Koraidon|Dragon Claw|p2a: Basculegion\n|-damage|p2a: Basculegion|4\/100\n|move|p2a: Basculegion|Last Respects|p1a: Koraidon\n|-damage|p1a: Koraidon|0 fnt\n|faint|p1a: Koraidon\n|-damage|p2a: Basculegion|0 fnt|[from] item: Life Orb\n|faint|p2a: Basculegion\n|\n|win|Future king of ou\n|n|\u2606corvere\u2665|corvere\n|n|\u2606Future king of ou|futurekingofou\n|l|\u2606corvere\u2665\n|c|\u2606Future king of ou|Ggs\n","uploadtime":1699243750,"views":12,"p1id":"corvere","p2id":"futurekingofou","formatid":"gen9ubers","rating":0,"private":0,"password":""}