{"id":"gen9ubers-1993336188","p1":"F-00_MC","p2":"fungoos469","format":"[Gen 9] Ubers","log":"|j|\u2606F-00_MC\n|j|\u2606fungoos469\n|t:|1700300925\n|gametype|singles\n|player|p1|F-00_MC|hilbert|\n|player|p2|fungoos469|hero2-conquest|\n|teamsize|p1|6\n|teamsize|p2|6\n|gen|9\n|tier|[Gen 9] Ubers\n|rule|Sleep Clause Mod: Limit one foe put to sleep\n|rule|Species Clause: Limit one of each Pok\u00e9mon\n|rule|OHKO Clause: OHKO moves are banned\n|rule|Evasion Items Clause: Evasion items are banned\n|rule|Evasion Moves Clause: Evasion moves are banned\n|rule|Endless Battle Clause: Forcing endless battles is banned\n|rule|HP Percentage Mod: HP is shown in percentages\n|clearpoke\n|poke|p1|Pelipper, F|\n|poke|p1|Palafin, M|\n|poke|p1|Magearna|\n|poke|p1|Arceus-Poison|\n|poke|p1|Dialga|\n|poke|p1|Palkia-Origin|\n|poke|p2|Ogerpon-Wellspring, F|\n|poke|p2|Palkia-Origin|\n|poke|p2|Arceus-Grass|\n|poke|p2|Ninetales-Alola, F|\n|poke|p2|Cyclizar, F|\n|poke|p2|Zacian-*|\n|teampreview\n|inactive|Battle timer is ON: inactive players will automatically lose when time's up. (requested by F-00_MC)\n|\n|t:|1700300936\n|start\n|switch|p1a: Pelipper|Pelipper, F|100\/100\n|switch|p2a: Palkia|Palkia-Origin|100\/100\n|-ability|p2a: Palkia|Pressure\n|-weather|RainDance|[from] ability: Drizzle|[of] p1a: Pelipper\n|turn|1\n|\n|t:|1700300952\n|switch|p1a: Dialga|Dialga|100\/100\n|-ability|p1a: Dialga|Pressure\n|move|p2a: Palkia|Thunderbolt|p1a: Dialga\n|-resisted|p1a: Dialga\n|-damage|p1a: Dialga|89\/100\n|\n|-weather|RainDance|[upkeep]\n|-heal|p1a: Dialga|95\/100|[from] item: Leftovers\n|upkeep\n|turn|2\n|\n|t:|1700300967\n|-terastallize|p2a: Palkia|Dragon\n|move|p2a: Palkia|Spacial Rend|p1a: Dialga\n|-damage|p1a: Dialga|38\/100\n|move|p1a: Dialga|Stealth Rock|p2a: Palkia\n|-sidestart|p2: fungoos469|move: Stealth Rock\n|\n|-weather|RainDance|[upkeep]\n|-heal|p1a: Dialga|44\/100|[from] item: Leftovers\n|upkeep\n|turn|3\n|inactive|F-00_MC has 270 seconds left.\n|inactive|F-00_MC has 240 seconds left.\n|\n|t:|1700301029\n|switch|p1a: Magearna|Magearna|100\/100\n|move|p2a: Palkia|Surf|p1a: Magearna\n|-damage|p1a: Magearna|18\/100\n|\n|-weather|RainDance|[upkeep]\n|-heal|p1a: Magearna|24\/100|[from] item: Leftovers\n|upkeep\n|turn|4\n|inactive|F-00_MC has 240 seconds left.\n|\n|t:|1700301043\n|move|p2a: Palkia|Thunderbolt|p1a: Magearna\n|-damage|p1a: Magearna|0 fnt\n|faint|p1a: Magearna\n|\n|-weather|RainDance|[upkeep]\n|upkeep\n|j| fliper12\n|inactive|F-00_MC has 240 seconds left.\n|\n|t:|1700301066\n|switch|p1a: Palkia|Palkia-Origin|100\/100\n|-ability|p1a: Palkia|Pressure\n|turn|5\n|l| fliper12\n|c|\u2606F-00_MC|50%\n|c|\u2606fungoos469|?\n|c|\u2606F-00_MC|speed tie\n|c|\u2606fungoos469|oh\n|\n|t:|1700301087\n|switch|p2a: Zacian|Zacian|100\/100\n|-damage|p2a: Zacian|88\/100|[from] Stealth Rock\n|-ability|p2a: Zacian|Intrepid Sword|boost\n|-boost|p2a: Zacian|atk|1\n|move|p1a: Palkia|Spacial Rend|p2a: Zacian\n|-immune|p2a: Zacian\n|\n|-weather|RainDance|[upkeep]\n|upkeep\n|turn|6\n|inactive|F-00_MC has 240 seconds left.\n|\n|t:|1700301105\n|move|p2a: Zacian|Play Rough|p1a: Palkia\n|-supereffective|p1a: Palkia\n|-damage|p1a: Palkia|0 fnt\n|faint|p1a: Palkia\n|\n|-weather|RainDance|[upkeep]\n|upkeep\n|\n|t:|1700301108\n|switch|p1a: Palafin|Palafin, M, shiny|100\/100\n|turn|7\n|inactive|F-00_MC has 240 seconds left.\n|\n|t:|1700301120\n|detailschange|p1a: Palafin|Palafin-Hero, M, shiny\n|switch|p1a: Dialga|Dialga|44\/100\n|-ability|p1a: Dialga|Pressure\n|move|p2a: Zacian|Play Rough|p1a: Dialga\n|-damage|p1a: Dialga|0 fnt\n|faint|p1a: Dialga\n|\n|-weather|RainDance|[upkeep]\n|upkeep\n|inactive|F-00_MC has 240 seconds left.\n|\n|t:|1700301151\n|switch|p1a: Pelipper|Pelipper, F|100\/100\n|turn|8\n|inactive|F-00_MC has 210 seconds left.\n|\n|t:|1700301168\n|switch|p2a: Ninetales|Ninetales-Alola, F|100\/100\n|-damage|p2a: Ninetales|76\/100|[from] Stealth Rock\n|move|p1a: Pelipper|Hurricane|p2a: Ninetales\n|-damage|p2a: Ninetales|49\/100\n|-start|p2a: Ninetales|confusion\n|\n|-weather|none\n|upkeep\n|turn|9\n|inactive|F-00_MC has 210 seconds left.\n|c|\u2606fungoos469|whoops\n|c|\u2606F-00_MC|uhm snow cloak?\n|c|\u2606F-00_MC|what happened to that?\n|c|\u2606fungoos469|i forgot to set it to snow warning\n|inactive|fungoos469 has 270 seconds left.\n|c|\u2606F-00_MC|oh damn\n|\n|t:|1700301207\n|switch|p1a: Arceus|Arceus-Poison|100\/100\n|-activate|p2a: Ninetales|confusion\n|move|p2a: Ninetales|Moonblast|p1a: Arceus\n|-resisted|p1a: Arceus\n|-damage|p1a: Arceus|92\/100\n|-unboost|p1a: Arceus|spa|1\n|\n|upkeep\n|turn|10\n|c|\u2606fungoos469|this happened last week too\n|inactive|fungoos469 has 270 seconds left.\n|inactive|F-00_MC has 180 seconds left.\n|\n|t:|1700301231\n|switch|p2a: Cyclizar|Cyclizar, F|100\/100\n|-damage|p2a: Cyclizar|88\/100|[from] Stealth Rock\n|move|p1a: Arceus|Calm Mind|p1a: Arceus\n|-boost|p1a: Arceus|spa|1\n|-boost|p1a: Arceus|spd|1\n|\n|upkeep\n|turn|11\n|inactive|F-00_MC has 180 seconds left.\n|\n|t:|1700301250\n|move|p2a: Cyclizar|Taunt|p1a: Arceus\n|-start|p1a: Arceus|move: Taunt\n|cant|p1a: Arceus|move: Taunt|Calm Mind\n|\n|upkeep\n|turn|12\n|inactive|fungoos469 has 270 seconds left.\n|\n|t:|1700301256\n|move|p2a: Cyclizar|Shed Tail|p2a: Cyclizar\n|-start|p2a: Cyclizar|Substitute|[from] move: Shed Tail\n|-damage|p2a: Cyclizar|38\/100\n|-enditem|p2a: Cyclizar|Sitrus Berry|[eat]\n|-heal|p2a: Cyclizar|63\/100|[from] item: Sitrus Berry\n|inactive|fungoos469 has 270 seconds left.\n|\n|t:|1700301263\n|switch|p2a: Zacian|Zacian|88\/100|[from] Shed Tail\n|-damage|p2a: Zacian|76\/100|[from] Stealth Rock\n|move|p1a: Arceus|Judgment|p2a: Zacian\n|-supereffective|p2a: Zacian\n|-end|p2a: Zacian|Substitute\n|\n|upkeep\n|turn|13\n|inactive|F-00_MC has 180 seconds left.\n|\n|t:|1700301285\n|move|p2a: Zacian|Psychic Fangs|p1a: Arceus\n|-supereffective|p1a: Arceus\n|-damage|p1a: Arceus|37\/100\n|move|p1a: Arceus|Judgment|p2a: Zacian\n|-supereffective|p2a: Zacian\n|-damage|p2a: Zacian|0 fnt\n|faint|p2a: Zacian\n|\n|-end|p1a: Arceus|move: Taunt\n|upkeep\n|inactive|fungoos469 has 270 seconds left.\n|\n|t:|1700301301\n|switch|p2a: Palkia|Palkia-Origin, tera:Dragon|100\/100\n|-damage|p2a: Palkia|88\/100|[from] Stealth Rock\n|-ability|p2a: Palkia|Pressure\n|turn|14\n|inactive|fungoos469 has 270 seconds left.\n|inactive|F-00_MC has 180 seconds left.\n|\n|t:|1700301316\n|move|p2a: Palkia|Spacial Rend|p1a: Arceus\n|-damage|p1a: Arceus|0 fnt\n|faint|p1a: Arceus\n|\n|upkeep\n|\n|t:|1700301322\n|switch|p1a: Pelipper|Pelipper, F|100\/100\n|-weather|RainDance|[from] ability: Drizzle|[of] p1a: Pelipper\n|turn|15\n|inactive|F-00_MC has 180 seconds left.\n|\n|t:|1700301330\n|move|p2a: Palkia|Thunderbolt|p1a: Pelipper\n|-supereffective|p1a: Pelipper\n|-damage|p1a: Pelipper|0 fnt\n|faint|p1a: Pelipper\n|\n|-weather|RainDance|[upkeep]\n|upkeep\n|\n|t:|1700301332\n|switch|p1a: Palafin|Palafin-Hero, M, shiny|100\/100\n|-activate|p1a: Palafin|ability: Zero to Hero\n|turn|16\n|inactive|F-00_MC has 180 seconds left.\n|inactive|F-00_MC has 150 seconds left.\n|\n|t:|1700301384\n|-terastallize|p1a: Palafin|Water\n|move|p1a: Palafin|Jet Punch|p2a: Palkia\n|-resisted|p2a: Palkia\n|-damage|p2a: Palkia|26\/100\n|move|p2a: Palkia|Thunderbolt|p1a: Palafin\n|-supereffective|p1a: Palafin\n|-damage|p1a: Palafin|33\/100\n|\n|-weather|RainDance|[upkeep]\n|upkeep\n|turn|17\n|inactive|F-00_MC has 150 seconds left.\n|\n|t:|1700301403\n|move|p1a: Palafin|Jet Punch|p2a: Palkia\n|-resisted|p2a: Palkia\n|-damage|p2a: Palkia|0 fnt\n|faint|p2a: Palkia\n|\n|-weather|RainDance|[upkeep]\n|upkeep\n|\n|t:|1700301411\n|switch|p2a: Ogerpon|Ogerpon-Wellspring, F|100\/100\n|-damage|p2a: Ogerpon|88\/100|[from] Stealth Rock\n|turn|18\n|\n|t:|1700301415\n|move|p1a: Palafin|Jet Punch|p2a: Ogerpon\n|-heal|p2a: Ogerpon|100\/100|[from] ability: Water Absorb|[of] p1a: Palafin\n|move|p2a: Ogerpon|Horn Leech|p1a: Palafin\n|-supereffective|p1a: Palafin\n|-damage|p1a: Palafin|0 fnt\n|faint|p1a: Palafin\n|\n|win|fungoos469\n|c|\u2606F-00_MC|gg\n|c|\u2606fungoos469|gg\n|c|\u2606F-00_MC|1 - 1\n","uploadtime":1700301425,"views":14,"p1id":"f00mc","p2id":"fungoos469","formatid":"gen9ubers","rating":0,"private":0,"password":""}