{"id":"gen9ubers-1998954749","p1":"Anurra","p2":"xbxn","format":"[Gen 9] Ubers","log":"|j|\u2606Anurra\n|j|\u2606xbxn\n|t:|1701017362\n|gametype|singles\n|player|p1|Anurra|hilbert|1126\n|player|p2|xbxn|170|1249\n|teamsize|p1|6\n|teamsize|p2|6\n|gen|9\n|tier|[Gen 9] Ubers\n|rated|\n|rule|Sleep Clause Mod: Limit one foe put to sleep\n|rule|Species Clause: Limit one of each Pok\u00e9mon\n|rule|OHKO Clause: OHKO moves are banned\n|rule|Evasion Items Clause: Evasion items are banned\n|rule|Evasion Moves Clause: Evasion moves are banned\n|rule|Endless Battle Clause: Forcing endless battles is banned\n|rule|HP Percentage Mod: HP is shown in percentages\n|clearpoke\n|poke|p1|Masquerain, F|\n|poke|p1|Glimmora, M|\n|poke|p1|Toxapex, F|\n|poke|p1|Sneasler, M|\n|poke|p1|Munkidori, M|\n|poke|p1|Sinistcha-Masterpiece|\n|poke|p2|Flutter Mane|\n|poke|p2|Dondozo, F|\n|poke|p2|Miraidon|\n|poke|p2|Ribombee, F|\n|poke|p2|Arceus-Ground|\n|poke|p2|Iron Bundle|\n|teampreview\n|inactive|Battle timer is ON: inactive players will automatically lose when time's up. (requested by Anurra)\n|\n|t:|1701017371\n|start\n|switch|p1a: Masquerain|Masquerain, F|100\/100\n|switch|p2a: Arceus|Arceus-Ground|100\/100\n|-ability|p1a: Masquerain|Intimidate|boost\n|-unboost|p2a: Arceus|atk|1\n|turn|1\n|\n|t:|1701017379\n|move|p2a: Arceus|Thunderbolt|p1a: Masquerain\n|-supereffective|p1a: Masquerain\n|-damage|p1a: Masquerain|14\/100\n|move|p1a: Masquerain|Sticky Web|p2a: Arceus\n|-sidestart|p2: xbxn|move: Sticky Web\n|\n|upkeep\n|turn|2\n|\n|t:|1701017388\n|move|p2a: Arceus|Thunderbolt|p1a: Masquerain\n|-supereffective|p1a: Masquerain\n|-damage|p1a: Masquerain|0 fnt\n|faint|p1a: Masquerain\n|\n|upkeep\n|\n|t:|1701017393\n|switch|p1a: Sinistcha|Sinistcha-Masterpiece|100\/100\n|turn|3\n|\n|t:|1701017398\n|move|p2a: Arceus|Ice Beam|p1a: Sinistcha\n|-supereffective|p1a: Sinistcha\n|-damage|p1a: Sinistcha|33\/100\n|move|p1a: Sinistcha|Calm Mind|p1a: Sinistcha\n|-boost|p1a: Sinistcha|spa|1\n|-boost|p1a: Sinistcha|spd|1\n|\n|upkeep\n|turn|4\n|\n|t:|1701017406\n|-terastallize|p1a: Sinistcha|Fairy\n|move|p2a: Arceus|Ice Beam|p1a: Sinistcha\n|-damage|p1a: Sinistcha|8\/100\n|move|p1a: Sinistcha|Matcha Gotcha|p2a: Arceus\n|-supereffective|p2a: Arceus\n|-damage|p2a: Arceus|32\/100\n|-heal|p1a: Sinistcha|45\/100|[from] drain|[of] p2a: Arceus\n|-status|p2a: Arceus|brn\n|\n|-damage|p2a: Arceus|26\/100 brn|[from] brn\n|upkeep\n|turn|5\n|\n|t:|1701017420\n|move|p2a: Arceus|Judgment|p1a: Sinistcha\n|-damage|p1a: Sinistcha|0 fnt\n|faint|p1a: Sinistcha\n|\n|-damage|p2a: Arceus|20\/100 brn|[from] brn\n|upkeep\n|\n|t:|1701017444\n|switch|p1a: Sneasler|Sneasler, M|100\/100\n|turn|6\n|\n|t:|1701017452\n|move|p2a: Arceus|Judgment|p1a: Sneasler\n|-supereffective|p1a: Sneasler\n|-enditem|p1a: Sneasler|Focus Sash\n|-damage|p1a: Sneasler|1\/100\n|move|p1a: Sneasler|Swords Dance|p1a: Sneasler\n|-boost|p1a: Sneasler|atk|2\n|\n|-damage|p2a: Arceus|14\/100 brn|[from] brn\n|upkeep\n|turn|7\n|\n|t:|1701017465\n|move|p1a: Sneasler|Dire Claw|p2a: Arceus\n|-resisted|p2a: Arceus\n|-damage|p2a: Arceus|0 fnt\n|faint|p2a: Arceus\n|\n|upkeep\n|\n|t:|1701017473\n|switch|p2a: Ribombee|Ribombee, F|100\/100\n|-activate|p2a: Ribombee|move: Sticky Web\n|-unboost|p2a: Ribombee|spe|1\n|turn|8\n|\n|t:|1701017479\n|move|p1a: Sneasler|Dire Claw|p2a: Ribombee\n|-supereffective|p2a: Ribombee\n|-enditem|p2a: Ribombee|Focus Sash\n|-damage|p2a: Ribombee|1\/100\n|move|p2a: Ribombee|Tailwind|p2a: Ribombee\n|-sidestart|p2: xbxn|move: Tailwind\n|\n|upkeep\n|turn|9\n|\n|t:|1701017487\n|move|p1a: Sneasler|Dire Claw|p2a: Ribombee\n|-supereffective|p2a: Ribombee\n|-damage|p2a: Ribombee|0 fnt\n|faint|p2a: Ribombee\n|\n|upkeep\n|\n|t:|1701017493\n|switch|p2a: Miraidon|Miraidon|100\/100\n|-activate|p2a: Miraidon|move: Sticky Web\n|-unboost|p2a: Miraidon|spe|1\n|-fieldstart|move: Electric Terrain|[from] ability: Hadron Engine|[of] p2a: Miraidon\n|turn|10\n|\n|t:|1701017500\n|move|p1a: Sneasler|Close Combat|p2a: Miraidon\n|-damage|p2a: Miraidon|0 fnt\n|-unboost|p1a: Sneasler|def|1\n|-unboost|p1a: Sneasler|spd|1\n|faint|p2a: Miraidon\n|\n|upkeep\n|\n|t:|1701017508\n|switch|p2a: Iron Bundle|Iron Bundle|100\/100\n|-activate|p2a: Iron Bundle|move: Sticky Web\n|-unboost|p2a: Iron Bundle|spe|1\n|-activate|p2a: Iron Bundle|ability: Quark Drive\n|-start|p2a: Iron Bundle|quarkdrivespa\n|turn|11\n|\n|t:|1701017515\n|move|p1a: Sneasler|Close Combat|p2a: Iron Bundle\n|-supereffective|p2a: Iron Bundle\n|-enditem|p2a: Iron Bundle|Focus Sash\n|-damage|p2a: Iron Bundle|1\/100\n|-unboost|p1a: Sneasler|def|1\n|-unboost|p1a: Sneasler|spd|1\n|move|p2a: Iron Bundle|Hydro Pump|p1a: Sneasler\n|-damage|p1a: Sneasler|0 fnt\n|faint|p1a: Sneasler\n|\n|-sideend|p2: xbxn|move: Tailwind\n|upkeep\n|\n|t:|1701017529\n|switch|p1a: Toxapex|Toxapex, F|100\/100\n|turn|12\n|\n|t:|1701017533\n|move|p2a: Iron Bundle|Freeze-Dry|p1a: Toxapex\n|-supereffective|p1a: Toxapex\n|-damage|p1a: Toxapex|53\/100\n|move|p1a: Toxapex|Infestation|p2a: Iron Bundle\n|-damage|p2a: Iron Bundle|0 fnt\n|faint|p2a: Iron Bundle\n|-end|p2a: Iron Bundle|Quark Drive|[silent]\n|\n|upkeep\n|\n|t:|1701017542\n|switch|p2a: Flutter Mane|Flutter Mane|100\/100\n|-activate|p2a: Flutter Mane|move: Sticky Web\n|-unboost|p2a: Flutter Mane|spe|1\n|-enditem|p2a: Flutter Mane|Booster Energy\n|-activate|p2a: Flutter Mane|ability: Protosynthesis|[fromitem]\n|-start|p2a: Flutter Mane|protosynthesisspa\n|turn|13\n|\n|t:|1701017549\n|move|p2a: Flutter Mane|Thunderbolt|p1a: Toxapex\n|-supereffective|p1a: Toxapex\n|-damage|p1a: Toxapex|0 fnt\n|faint|p1a: Toxapex\n|\n|upkeep\n|\n|t:|1701017553\n|switch|p1a: Glimmora|Glimmora, M|100\/100\n|turn|14\n|\n|t:|1701017562\n|move|p1a: Glimmora|Energy Ball|p2a: Flutter Mane\n|-damage|p2a: Flutter Mane|70\/100\n|-unboost|p2a: Flutter Mane|spd|1\n|move|p2a: Flutter Mane|Thunderbolt|p1a: Glimmora\n|-damage|p1a: Glimmora|25\/100\n|\n|-fieldend|move: Electric Terrain\n|upkeep\n|turn|15\n|\n|t:|1701017575\n|move|p1a: Glimmora|Energy Ball|p2a: Flutter Mane\n|-damage|p2a: Flutter Mane|24\/100\n|move|p2a: Flutter Mane|Thunderbolt|p1a: Glimmora\n|-damage|p1a: Glimmora|0 fnt\n|faint|p1a: Glimmora\n|\n|upkeep\n|\n|t:|1701017581\n|switch|p1a: Munkidori|Munkidori, M|100\/100\n|-item|p1a: Munkidori|Air Balloon\n|turn|16\n|\n|t:|1701017591\n|move|p1a: Munkidori|Venoshock|p2a: Flutter Mane\n|-damage|p2a: Flutter Mane|0 fnt\n|faint|p2a: Flutter Mane\n|-end|p2a: Flutter Mane|Protosynthesis|[silent]\n|\n|upkeep\n|\n|t:|1701017597\n|switch|p2a: Dondozo|Dondozo, F|100\/100\n|-activate|p2a: Dondozo|move: Sticky Web\n|-unboost|p2a: Dondozo|spe|1\n|turn|17\n|\n|t:|1701017604\n|move|p1a: Munkidori|Psychic|p2a: Dondozo\n|-damage|p2a: Dondozo|56\/100\n|-status|p2a: Dondozo|tox|[from] ability: Toxic Chain|[of] p1a: Munkidori\n|move|p2a: Dondozo|Earthquake|p1a: Munkidori\n|-immune|p1a: Munkidori\n|\n|-damage|p2a: Dondozo|50\/100 tox|[from] psn\n|upkeep\n|turn|18\n|\n|t:|1701017618\n|move|p1a: Munkidori|Venoshock|p2a: Dondozo\n|-damage|p2a: Dondozo|0 fnt\n|faint|p2a: Dondozo\n|\n|win|Anurra\n|raw|Anurra's rating: 1126 &rarr; <strong>1159<\/strong><br \/>(+33 for winning)\n|raw|xbxn's rating: 1249 &rarr; <strong>1216<\/strong><br \/>(-33 for losing)\n|l|\u2606xbxn\n","uploadtime":1701017627,"views":2,"p1id":"anurra","p2id":"xbxn","formatid":"gen9ubers","rating":1159,"private":0,"password":""}