{"id":"gen9ubers-1991314725","p1":"jxdy777","p2":"galladesimp","format":"[Gen 9] Ubers","log":"|j|\u2606jxdy777\n|j|\u2606galladesimp\n|t:|1700066814\n|gametype|singles\n|player|p1|jxdy777|rei|1000\n|player|p2|galladesimp|elesa-masters2|1000\n|teamsize|p1|6\n|teamsize|p2|2\n|gen|9\n|tier|[Gen 9] Ubers\n|rated|\n|rule|Sleep Clause Mod: Limit one foe put to sleep\n|rule|Species Clause: Limit one of each Pok\u00e9mon\n|rule|OHKO Clause: OHKO moves are banned\n|rule|Evasion Items Clause: Evasion items are banned\n|rule|Evasion Moves Clause: Evasion moves are banned\n|rule|Endless Battle Clause: Forcing endless battles is banned\n|rule|HP Percentage Mod: HP is shown in percentages\n|clearpoke\n|poke|p1|Annihilape, M|\n|poke|p1|Goodra-Hisui, F|\n|poke|p1|Volcarona, F|\n|poke|p1|Clefable, F|\n|poke|p1|Grimmsnarl, M|\n|poke|p1|Glimmora, M|\n|poke|p2|Ursaluna-Bloodmoon, M|\n|poke|p2|Grimmsnarl, M|\n|teampreview\n|inactive|Battle timer is ON: inactive players will automatically lose when time's up. (requested by jxdy777)\n|inactive|galladesimp also wants the timer to be on.\n|inactive|jxdy777 has 120 seconds left.\n|\n|t:|1700066863\n|start\n|switch|p1a: Glimmora|Glimmora, M, shiny|100\/100\n|switch|p2a: Grimmsnarl|Grimmsnarl, M|100\/100\n|-item|p1a: Glimmora|Air Balloon\n|turn|1\n|\n|t:|1700066870\n|move|p1a: Glimmora|Spiky Shield|p1a: Glimmora\n|-singleturn|p1a: Glimmora|move: Protect\n|move|p2a: Grimmsnarl|Taunt|p1a: Glimmora\n|-activate|p1a: Glimmora|move: Protect\n|\n|upkeep\n|turn|2\n|\n|t:|1700066878\n|move|p2a: Grimmsnarl|Light Screen|p2a: Grimmsnarl\n|-sidestart|p2: galladesimp|move: Light Screen\n|move|p1a: Glimmora|Mortal Spin|p2a: Grimmsnarl\n|-supereffective|p2a: Grimmsnarl\n|-damage|p2a: Grimmsnarl|88\/100\n|-status|p2a: Grimmsnarl|psn\n|\n|-damage|p2a: Grimmsnarl|76\/100 psn|[from] psn\n|upkeep\n|turn|3\n|\n|t:|1700066886\n|move|p2a: Grimmsnarl|Reflect|p2a: Grimmsnarl\n|-sidestart|p2: galladesimp|Reflect\n|move|p1a: Glimmora|Venoshock|p2a: Grimmsnarl\n|-supereffective|p2a: Grimmsnarl\n|-damage|p2a: Grimmsnarl|17\/100 psn\n|\n|-damage|p2a: Grimmsnarl|5\/100 psn|[from] psn\n|upkeep\n|turn|4\n|\n|t:|1700066894\n|move|p2a: Grimmsnarl|Taunt|p1a: Glimmora\n|-start|p1a: Glimmora|move: Taunt\n|move|p1a: Glimmora|Mortal Spin|p2a: Grimmsnarl\n|-supereffective|p2a: Grimmsnarl\n|-damage|p2a: Grimmsnarl|0 fnt\n|faint|p2a: Grimmsnarl\n|\n|upkeep\n|\n|t:|1700066896\n|switch|p2a: Ursaluna|Ursaluna-Bloodmoon, M|100\/100\n|turn|5\n|\n|t:|1700066903\n|-terastallize|p2a: Ursaluna|Poison\n|move|p1a: Glimmora|Energy Ball|p2a: Ursaluna\n|-resisted|p2a: Ursaluna\n|-damage|p2a: Ursaluna|92\/100\n|-unboost|p2a: Ursaluna|spd|1\n|move|p2a: Ursaluna|Calm Mind|p2a: Ursaluna\n|-boost|p2a: Ursaluna|spa|1\n|-boost|p2a: Ursaluna|spd|1\n|\n|-heal|p2a: Ursaluna|98\/100|[from] item: Leftovers\n|upkeep\n|turn|6\n|\n|t:|1700066919\n|switch|p1a: Goodra|Goodra-Hisui, F, shiny|100\/100\n|move|p2a: Ursaluna|Calm Mind|p2a: Ursaluna\n|-boost|p2a: Ursaluna|spa|1\n|-boost|p2a: Ursaluna|spd|1\n|\n|-heal|p2a: Ursaluna|100\/100|[from] item: Leftovers\n|upkeep\n|turn|7\n|\n|t:|1700066925\n|move|p2a: Ursaluna|Calm Mind|p2a: Ursaluna\n|-boost|p2a: Ursaluna|spa|1\n|-boost|p2a: Ursaluna|spd|1\n|move|p1a: Goodra|Chilling Water|p2a: Ursaluna\n|-damage|p2a: Ursaluna|96\/100\n|-unboost|p2a: Ursaluna|atk|1\n|\n|-heal|p2a: Ursaluna|100\/100|[from] item: Leftovers\n|upkeep\n|turn|8\n|\n|t:|1700066932\n|move|p2a: Ursaluna|Calm Mind|p2a: Ursaluna\n|-boost|p2a: Ursaluna|spa|1\n|-boost|p2a: Ursaluna|spd|1\n|move|p1a: Goodra|Dragon Tail|p2a: Ursaluna\n|-damage|p2a: Ursaluna|96\/100\n|\n|-heal|p2a: Ursaluna|100\/100|[from] item: Leftovers\n|upkeep\n|turn|9\n|\n|t:|1700066939\n|switch|p1a: Volcarona|Volcarona, F, shiny|100\/100\n|move|p2a: Ursaluna|Calm Mind|p2a: Ursaluna\n|-boost|p2a: Ursaluna|spa|1\n|-boost|p2a: Ursaluna|spd|1\n|\n|-sideend|p2: galladesimp|move: Light Screen\n|upkeep\n|turn|10\n|\n|t:|1700066943\n|move|p1a: Volcarona|Fiery Dance|p2a: Ursaluna\n|-damage|p2a: Ursaluna|81\/100\n|move|p2a: Ursaluna|Blood Moon|p1a: Volcarona\n|-damage|p1a: Volcarona|0 fnt\n|faint|p1a: Volcarona\n|\n|-heal|p2a: Ursaluna|87\/100|[from] item: Leftovers\n|-sideend|p2: galladesimp|Reflect\n|upkeep\n|\n|t:|1700066950\n|switch|p1a: Glimmora|Glimmora, M, shiny|100\/100\n|-item|p1a: Glimmora|Air Balloon\n|turn|11\n|\n|t:|1700066958\n|switch|p1a: Clefable|Clefable, F, shiny|100\/100\n|move|p2a: Ursaluna|Calm Mind|p2a: Ursaluna\n|-boost|p2a: Ursaluna|spa|1\n|-boost|p2a: Ursaluna|spd|1\n|\n|-heal|p2a: Ursaluna|93\/100|[from] item: Leftovers\n|-status|p1a: Clefable|brn|[from] item: Flame Orb\n|upkeep\n|turn|12\n|\n|t:|1700066968\n|move|p1a: Clefable|Trick|p2a: Ursaluna\n|-activate|p1a: Clefable|move: Trick|[of] p2a: Ursaluna\n|-item|p2a: Ursaluna|Flame Orb|[from] move: Trick\n|-item|p1a: Clefable|Leftovers|[from] move: Trick\n|move|p2a: Ursaluna|Blood Moon|p1a: Clefable\n|-damage|p1a: Clefable|0 fnt\n|faint|p1a: Clefable\n|\n|-status|p2a: Ursaluna|brn|[from] item: Flame Orb\n|upkeep\n|\n|t:|1700066978\n|switch|p1a: Grimmsnarl|Grimmsnarl, M, shiny|100\/100\n|turn|13\n|\n|t:|1700066982\n|move|p1a: Grimmsnarl|Fake Out|p2a: Ursaluna\n|-damage|p2a: Ursaluna|86\/100 brn\n|cant|p2a: Ursaluna|flinch\n|\n|-damage|p2a: Ursaluna|80\/100 brn|[from] brn\n|upkeep\n|turn|14\n|\n|t:|1700066992\n|move|p1a: Grimmsnarl|Stomping Tantrum|p2a: Ursaluna\n|-supereffective|p2a: Ursaluna\n|-damage|p2a: Ursaluna|52\/100 brn\n|move|p2a: Ursaluna|Earth Power|p1a: Grimmsnarl\n|-damage|p1a: Grimmsnarl|0 fnt\n|faint|p1a: Grimmsnarl\n|\n|-damage|p2a: Ursaluna|46\/100 brn|[from] brn\n|upkeep\n|\n|t:|1700066998\n|switch|p1a: Glimmora|Glimmora, M, shiny|100\/100\n|-item|p1a: Glimmora|Air Balloon\n|turn|15\n|\n|t:|1700067003\n|move|p1a: Glimmora|Spiky Shield|p1a: Glimmora\n|-singleturn|p1a: Glimmora|move: Protect\n|move|p2a: Ursaluna|Moonlight|p2a: Ursaluna\n|-heal|p2a: Ursaluna|96\/100 brn\n|\n|-damage|p2a: Ursaluna|90\/100 brn|[from] brn\n|upkeep\n|turn|16\n|\n|t:|1700067010\n|move|p1a: Glimmora|Energy Ball|p2a: Ursaluna\n|-resisted|p2a: Ursaluna\n|-damage|p2a: Ursaluna|85\/100 brn\n|move|p2a: Ursaluna|Blood Moon|p1a: Glimmora\n|-resisted|p1a: Glimmora\n|-damage|p1a: Glimmora|0 fnt\n|-enditem|p1a: Glimmora|Air Balloon\n|faint|p1a: Glimmora\n|\n|-damage|p2a: Ursaluna|79\/100 brn|[from] brn\n|upkeep\n|\n|t:|1700067015\n|switch|p1a: Goodra|Goodra-Hisui, F, shiny|100\/100\n|turn|17\n|\n|t:|1700067020\n|move|p1a: Goodra|Chilling Water|p2a: Ursaluna\n|-damage|p2a: Ursaluna|74\/100 brn\n|-unboost|p2a: Ursaluna|atk|1\n|move|p2a: Ursaluna|Moonlight|p2a: Ursaluna\n|-heal|p2a: Ursaluna|100\/100 brn\n|\n|-damage|p2a: Ursaluna|94\/100 brn|[from] brn\n|upkeep\n|turn|18\n|\n|t:|1700067023\n|switch|p1a: Annihilape|Annihilape, M, shiny|100\/100\n|move|p2a: Ursaluna|Earth Power|p1a: Annihilape\n|-crit|p1a: Annihilape\n|-damage|p1a: Annihilape|0 fnt\n|faint|p1a: Annihilape\n|\n|-damage|p2a: Ursaluna|88\/100 brn|[from] brn\n|upkeep\n|\n|t:|1700067026\n|switch|p1a: Goodra|Goodra-Hisui, F, shiny|100\/100\n|turn|19\n|\n|t:|1700067029\n|move|p2a: Ursaluna|Earth Power|p1a: Goodra\n|-supereffective|p1a: Goodra\n|-damage|p1a: Goodra|0 fnt\n|faint|p1a: Goodra\n|\n|win|galladesimp\n|raw|jxdy777's rating: 1000 &rarr; <strong>1000<\/strong><br \/>(+0 for losing)\n|raw|galladesimp's rating: 1000 &rarr; <strong>1040<\/strong><br \/>(+40 for winning)\n|l|\u2606jxdy777\n","uploadtime":1700067035,"views":21,"p1id":"jxdy777","p2id":"galladesimp","formatid":"gen9ubers","rating":1000,"private":0,"password":""}