{"id":"gen9ubers-1984608600","p1":"F-00_MC","p2":"hannah_xyz","format":"[Gen 9] Ubers","log":"|j|\u2606F-00_MC\n|j|\u2606hannah_xyz\n|t:|1699284253\n|gametype|singles\n|player|p1|F-00_MC|hilbert|\n|player|p2|hannah_xyz|caitlin|\n|teamsize|p1|6\n|teamsize|p2|6\n|gen|9\n|tier|[Gen 9] Ubers\n|rule|Sleep Clause Mod: Limit one foe put to sleep\n|rule|Species Clause: Limit one of each Pok\u00e9mon\n|rule|OHKO Clause: OHKO moves are banned\n|rule|Evasion Items Clause: Evasion items are banned\n|rule|Evasion Moves Clause: Evasion moves are banned\n|rule|Endless Battle Clause: Forcing endless battles is banned\n|rule|HP Percentage Mod: HP is shown in percentages\n|clearpoke\n|poke|p1|Pelipper, M|\n|poke|p1|Palafin, M|\n|poke|p1|Magearna|\n|poke|p1|Arceus-Poison|\n|poke|p1|Dialga|\n|poke|p1|Palkia-Origin|\n|poke|p2|Zacian-*|\n|poke|p2|Dugtrio, F|\n|poke|p2|Chi-Yu|\n|poke|p2|Gholdengo|\n|poke|p2|Quaquaval, F|\n|poke|p2|Cutiefly, M|\n|teampreview\n|inactive|Battle timer is ON: inactive players will automatically lose when time's up. (requested by F-00_MC)\n|\n|t:|1699284276\n|start\n|switch|p1a: Dialga|Dialga|100\/100\n|switch|p2a: dragtrio|Cutiefly, M, shiny|100\/100\n|-ability|p1a: Dialga|Pressure\n|turn|1\n|\n|t:|1699284283\n|move|p2a: dragtrio|Sticky Web|p1a: Dialga\n|-sidestart|p1: F-00_MC|move: Sticky Web\n|move|p1a: Dialga|Stealth Rock|p2a: dragtrio\n|-sidestart|p2: hannah_xyz|move: Stealth Rock\n|\n|upkeep\n|turn|2\n|\n|t:|1699284310\n|move|p2a: dragtrio|Stun Spore|p1a: Dialga\n|-status|p1a: Dialga|par\n|cant|p1a: Dialga|par\n|\n|upkeep\n|turn|3\n|\n|t:|1699284333\n|move|p2a: dragtrio|Moonblast|p1a: Dialga\n|-damage|p1a: Dialga|80\/100 par\n|move|p1a: Dialga|Flash Cannon|p2a: dragtrio\n|-supereffective|p2a: dragtrio\n|-enditem|p2a: dragtrio|Focus Sash\n|-damage|p2a: dragtrio|1\/100\n|\n|-heal|p1a: Dialga|86\/100 par|[from] item: Leftovers\n|upkeep\n|turn|4\n|\n|t:|1699284338\n|move|p2a: dragtrio|Tailwind|p2a: dragtrio\n|-sidestart|p2: hannah_xyz|move: Tailwind\n|move|p1a: Dialga|Roar|p2a: dragtrio\n|drag|p2a: dugchiyo|Chi-Yu|100\/100\n|-damage|p2a: dugchiyo|76\/100|[from] Stealth Rock\n|-ability|p2a: dugchiyo|Beads of Ruin\n|\n|-heal|p1a: Dialga|93\/100 par|[from] item: Leftovers\n|upkeep\n|turn|5\n|\n|t:|1699284351\n|switch|p1a: Pelipper|Pelipper, M|100\/100\n|-weather|RainDance|[from] ability: Drizzle|[of] p1a: Pelipper\n|move|p2a: dugchiyo|Fire Blast|p1a: Pelipper\n|-resisted|p1a: Pelipper\n|-damage|p1a: Pelipper|57\/100\n|\n|-weather|RainDance|[upkeep]\n|upkeep\n|turn|6\n|\n|t:|1699284371\n|switch|p2a: dodgetrio|Gholdengo|100\/100\n|-damage|p2a: dodgetrio|94\/100|[from] Stealth Rock\n|move|p1a: Pelipper|Roost|p1a: Pelipper\n|-heal|p1a: Pelipper|100\/100\n|-singleturn|p1a: Pelipper|move: Roost\n|\n|-weather|RainDance|[upkeep]\n|upkeep\n|turn|7\n|inactive|F-00_MC has 270 seconds left.\n|\n|t:|1699284394\n|move|p2a: dodgetrio|Nasty Plot|p2a: dodgetrio\n|-boost|p2a: dodgetrio|spa|2\n|move|p1a: Pelipper|Surf|p2a: dodgetrio\n|-damage|p2a: dodgetrio|44\/100\n|\n|-weather|RainDance|[upkeep]\n|-sideend|p2: hannah_xyz|move: Tailwind\n|upkeep\n|turn|8\n|inactive|F-00_MC has 270 seconds left.\n|\n|t:|1699284425\n|switch|p1a: Palkia|Palkia-Origin|100\/100\n|-activate|p1a: Palkia|move: Sticky Web\n|-unboost|p1a: Palkia|spe|1\n|-ability|p1a: Palkia|Pressure\n|move|p2a: dodgetrio|Recover|p2a: dodgetrio\n|-heal|p2a: dodgetrio|94\/100\n|\n|-weather|RainDance|[upkeep]\n|upkeep\n|turn|9\n|\n|t:|1699284435\n|move|p2a: dodgetrio|Shadow Ball|p1a: Palkia\n|-damage|p1a: Palkia|0 fnt\n|faint|p1a: Palkia\n|-damage|p2a: dodgetrio|84\/100|[from] item: Life Orb\n|\n|-weather|RainDance|[upkeep]\n|upkeep\n|\n|t:|1699284449\n|switch|p1a: Arceus|Arceus-Poison|100\/100\n|-activate|p1a: Arceus|move: Sticky Web\n|-unboost|p1a: Arceus|spe|1\n|turn|10\n|\n|t:|1699284455\n|move|p2a: dodgetrio|Make It Rain|p1a: Arceus\n|-damage|p1a: Arceus|0 fnt\n|-unboost|p2a: dodgetrio|spa|1\n|faint|p1a: Arceus\n|-damage|p2a: dodgetrio|74\/100|[from] item: Life Orb\n|\n|-weather|RainDance|[upkeep]\n|upkeep\n|\n|t:|1699284459\n|switch|p1a: Palafin|Palafin, M, shiny|100\/100\n|-activate|p1a: Palafin|move: Sticky Web\n|-unboost|p1a: Palafin|spe|1\n|turn|11\n|\n|t:|1699284462\n|detailschange|p1a: Palafin|Palafin-Hero, M, shiny\n|switch|p1a: Magearna|Magearna|100\/100\n|-activate|p1a: Magearna|move: Sticky Web\n|-unboost|p1a: Magearna|spe|1\n|move|p2a: dodgetrio|Shadow Ball|p1a: Magearna\n|-damage|p1a: Magearna|28\/100\n|-damage|p2a: dodgetrio|65\/100|[from] item: Life Orb\n|\n|-weather|RainDance|[upkeep]\n|-heal|p1a: Magearna|34\/100|[from] item: Leftovers\n|upkeep\n|turn|12\n|\n|t:|1699284469\n|move|p2a: dodgetrio|Shadow Ball|p1a: Magearna\n|-damage|p1a: Magearna|0 fnt\n|faint|p1a: Magearna\n|-damage|p2a: dodgetrio|55\/100|[from] item: Life Orb\n|\n|-weather|none\n|upkeep\n|\n|t:|1699284478\n|switch|p1a: Pelipper|Pelipper, M|100\/100\n|-weather|RainDance|[from] ability: Drizzle|[of] p1a: Pelipper\n|turn|13\n|\n|t:|1699284481\n|move|p2a: dodgetrio|Recover|p2a: dodgetrio\n|-heal|p2a: dodgetrio|100\/100\n|move|p1a: Pelipper|Surf|p2a: dodgetrio\n|-damage|p2a: dodgetrio|45\/100\n|\n|-weather|RainDance|[upkeep]\n|upkeep\n|turn|14\n|inactive|F-00_MC has 270 seconds left.\n|\n|t:|1699284506\n|move|p2a: dodgetrio|Shadow Ball|p1a: Pelipper\n|-damage|p1a: Pelipper|0 fnt\n|faint|p1a: Pelipper\n|-damage|p2a: dodgetrio|35\/100|[from] item: Life Orb\n|\n|-weather|RainDance|[upkeep]\n|upkeep\n|\n|t:|1699284510\n|switch|p1a: Palafin|Palafin-Hero, M, shiny|100\/100\n|-activate|p1a: Palafin|move: Sticky Web\n|-unboost|p1a: Palafin|spe|1\n|-activate|p1a: Palafin|ability: Zero to Hero\n|turn|15\n|\n|t:|1699284515\n|switch|p2a: dragtrio|Cutiefly, M, shiny|1\/100\n|-damage|p2a: dragtrio|0 fnt|[from] Stealth Rock\n|faint|p2a: dragtrio\n|move|p1a: Palafin|Jet Punch|p2: dragtrio|[notarget]\n|-fail|p1a: Palafin\n|\n|-weather|RainDance|[upkeep]\n|upkeep\n|\n|t:|1699284518\n|switch|p2a: qugtrio|Quaquaval, F|100\/100\n|-damage|p2a: qugtrio|94\/100|[from] Stealth Rock\n|turn|16\n|\n|t:|1699284526\n|-terastallize|p1a: Palafin|Water\n|move|p1a: Palafin|Jet Punch|p2a: qugtrio\n|-resisted|p2a: qugtrio\n|-damage|p2a: qugtrio|34\/100\n|move|p2a: qugtrio|Rapid Spin|p1a: Palafin\n|-damage|p1a: Palafin|88\/100\n|-boost|p2a: qugtrio|spe|1\n|-sideend|p2: hannah_xyz|Stealth Rock|[from] move: Rapid Spin|[of] p2a: qugtrio\n|\n|-weather|RainDance|[upkeep]\n|upkeep\n|turn|17\n|\n|t:|1699284556\n|move|p1a: Palafin|Jet Punch|p2a: qugtrio\n|-resisted|p2a: qugtrio\n|-damage|p2a: qugtrio|0 fnt\n|faint|p2a: qugtrio\n|\n|-weather|RainDance|[upkeep]\n|upkeep\n|inactive|hannah_xyz has 270 seconds left.\n|\n|t:|1699284566\n|switch|p2a: dogtrio|Zacian|100\/100\n|-ability|p2a: dogtrio|Intrepid Sword|boost\n|-boost|p2a: dogtrio|atk|1\n|turn|18\n|\n|t:|1699284574\n|move|p1a: Palafin|Jet Punch|p2a: dogtrio\n|-crit|p2a: dogtrio\n|-damage|p2a: dogtrio|0 fnt\n|faint|p2a: dogtrio\n|\n|-weather|RainDance|[upkeep]\n|upkeep\n|\n|t:|1699284581\n|switch|p2a: dodgetrio|Gholdengo|35\/100\n|turn|19\n|inactive|hannah_xyz has 270 seconds left.\n|\n|t:|1699284597\n|move|p1a: Palafin|Jet Punch|p2a: dodgetrio\n|-damage|p2a: dodgetrio|0 fnt\n|faint|p2a: dodgetrio\n|\n|-weather|RainDance|[upkeep]\n|upkeep\n|\n|t:|1699284599\n|switch|p2a: dugchiyo|Chi-Yu|76\/100\n|-ability|p2a: dugchiyo|Beads of Ruin\n|turn|20\n|\n|t:|1699284607\n|move|p1a: Palafin|Jet Punch|p2a: dugchiyo\n|-supereffective|p2a: dugchiyo\n|-damage|p2a: dugchiyo|0 fnt\n|faint|p2a: dugchiyo\n|\n|-weather|none\n|upkeep\n|\n|t:|1699284608\n|switch|p2a: Dugtrio|Dugtrio, F|100\/100\n|turn|21\n|\n|t:|1699284617\n|-terastallize|p2a: Dugtrio|Grass\n|move|p1a: Palafin|Jet Punch|p2a: Dugtrio\n|-resisted|p2a: Dugtrio\n|-crit|p2a: Dugtrio\n|-damage|p2a: Dugtrio|0 fnt\n|faint|p2a: Dugtrio\n|\n|win|F-00_MC\n|c|\u2606F-00_MC|gg 1 - 1\n|c|\u2606hannah_xyz|lol\n|c|\u2606hannah_xyz|gg\n","uploadtime":1699284628,"views":43,"p1id":"f00mc","p2id":"hannahxyz","formatid":"gen9ubers","rating":0,"private":0,"password":""}