{"id":"gen9ubers-1976163506","p1":"bodypresssoda","p2":"N-Zoroark stan","format":"[Gen 9] Ubers","log":"|j|\u2606bodypresssoda\n|j|\u2606N-Zoroark stan\n|t:|1698269382\n|gametype|singles\n|player|p1|bodypresssoda|larry|\n|player|p2|N-Zoroark stan|riley|\n|teamsize|p1|6\n|teamsize|p2|6\n|gen|9\n|tier|[Gen 9] Ubers\n|rule|Sleep Clause Mod: Limit one foe put to sleep\n|rule|Species Clause: Limit one of each Pok\u00e9mon\n|rule|OHKO Clause: OHKO moves are banned\n|rule|Evasion Items Clause: Evasion items are banned\n|rule|Evasion Moves Clause: Evasion moves are banned\n|rule|Endless Battle Clause: Forcing endless battles is banned\n|rule|HP Percentage Mod: HP is shown in percentages\n|clearpoke\n|poke|p1|Slither Wing|\n|poke|p1|Sandy Shocks|\n|poke|p1|Arcanine, M|\n|poke|p1|Koraidon|\n|poke|p1|Crawdaunt, M|\n|poke|p1|Dudunsparce-*, F|\n|poke|p2|Zoroark-Hisui, F|\n|poke|p2|Toedscruel, F|\n|poke|p2|Blissey, F|\n|poke|p2|Palafin, F|\n|poke|p2|Slowking-Galar, M|\n|poke|p2|Infernape, F|\n|teampreview\n|inactive|Battle timer is ON: inactive players will automatically lose when time's up. (requested by bodypresssoda)\n|inactive|N-Zoroark stan also wants the timer to be on.\n|c|\u2606N-Zoroark stan|glhf\n|inactive|N-Zoroark stan has 270 seconds left.\n|c|\u2606bodypresssoda|u 2\n|\n|t:|1698269422\n|start\n|switch|p1a: Koraidon|Koraidon|100\/100\n|switch|p2a: Palafin|Palafin, F|100\/100\n|-weather|SunnyDay|[from] ability: Orichalcum Pulse|[of] p1a: Koraidon\n|-activate|p1a: Koraidon|Orichalcum Pulse|[source]\n|turn|1\n|\n|t:|1698269429\n|detailschange|p2a: Palafin|Palafin-Hero, F\n|switch|p2a: Blissey|Blissey, F|100\/100\n|move|p1a: Koraidon|Draco Meteor|p2a: Blissey\n|-damage|p2a: Blissey|79\/100\n|-unboost|p1a: Koraidon|spa|2\n|\n|-weather|SunnyDay|[upkeep]\n|upkeep\n|turn|2\n|\n|t:|1698269439\n|move|p1a: Koraidon|Taunt|p2a: Blissey\n|-start|p2a: Blissey|move: Taunt\n|cant|p2a: Blissey|move: Taunt|Stealth Rock\n|\n|-weather|SunnyDay|[upkeep]\n|upkeep\n|turn|3\n|\n|t:|1698269444\n|switch|p1a: Sandy Shocks|Sandy Shocks|100\/100\n|-activate|p1a: Sandy Shocks|ability: Protosynthesis\n|-start|p1a: Sandy Shocks|protosynthesisspe\n|move|p2a: Blissey|Seismic Toss|p1a: Sandy Shocks\n|-damage|p1a: Sandy Shocks|68\/100\n|\n|-weather|SunnyDay|[upkeep]\n|upkeep\n|turn|4\n|\n|t:|1698269452\n|move|p1a: Sandy Shocks|Earthquake|p2a: Blissey\n|-damage|p2a: Blissey|23\/100\n|move|p2a: Blissey|Seismic Toss|p1a: Sandy Shocks\n|-damage|p1a: Sandy Shocks|36\/100\n|\n|-weather|SunnyDay|[upkeep]\n|-end|p2a: Blissey|move: Taunt\n|upkeep\n|turn|5\n|\n|t:|1698269458\n|switch|p2a: Toedscruel|Toedscruel, F|100\/100\n|move|p1a: Sandy Shocks|Earthquake|p2a: Toedscruel\n|-resisted|p2a: Toedscruel\n|-damage|p2a: Toedscruel|75\/100\n|\n|-weather|none\n|-end|p1a: Sandy Shocks|Protosynthesis\n|upkeep\n|turn|6\n|\n|t:|1698269467\n|-end|p1a: Sandy Shocks|Protosynthesis|[silent]\n|switch|p1a: Koraidon|Koraidon|100\/100\n|-weather|SunnyDay|[from] ability: Orichalcum Pulse|[of] p1a: Koraidon\n|-activate|p1a: Koraidon|Orichalcum Pulse|[source]\n|move|p2a: Toedscruel|Leech Seed|p1a: Koraidon\n|-start|p1a: Koraidon|move: Leech Seed\n|\n|-weather|SunnyDay|[upkeep]\n|-damage|p1a: Koraidon|88\/100|[from] Leech Seed|[of] p2a: Toedscruel\n|-heal|p2a: Toedscruel|86\/100|[silent]\n|upkeep\n|turn|7\n|\n|t:|1698269485\n|move|p1a: Koraidon|Taunt|p2a: Toedscruel\n|-start|p2a: Toedscruel|move: Taunt\n|move|p2a: Toedscruel|Knock Off|p1a: Koraidon\n|-resisted|p1a: Koraidon\n|-damage|p1a: Koraidon|81\/100\n|-enditem|p1a: Koraidon|Leftovers|[from] move: Knock Off|[of] p2a: Toedscruel\n|\n|-weather|SunnyDay|[upkeep]\n|-damage|p1a: Koraidon|69\/100|[from] Leech Seed|[of] p2a: Toedscruel\n|-heal|p2a: Toedscruel|98\/100|[silent]\n|upkeep\n|turn|8\n|\n|t:|1698269496\n|switch|p1a: Arcanine|Arcanine, M|100\/100\n|-ability|p1a: Arcanine|Intimidate|boost\n|-unboost|p2a: Toedscruel|atk|1\n|switch|p2a: Slowking|Slowking-Galar, M|100\/100\n|\n|-weather|SunnyDay|[upkeep]\n|upkeep\n|turn|9\n|\n|t:|1698269505\n|move|p1a: Arcanine|Fire Blast|p2a: Slowking\n|-damage|p2a: Slowking|31\/100\n|move|p2a: Slowking|Toxic|p1a: Arcanine\n|-status|p1a: Arcanine|tox\n|\n|-weather|SunnyDay|[upkeep]\n|-damage|p1a: Arcanine|94\/100 tox|[from] psn\n|upkeep\n|turn|10\n|\n|t:|1698269519\n|switch|p2a: Palafin|Palafin-Hero, F|100\/100\n|-activate|p2a: Palafin|ability: Zero to Hero\n|move|p1a: Arcanine|Solar Beam||[still]\n|-prepare|p1a: Arcanine|Solar Beam\n|-anim|p1a: Arcanine|Solar Beam|p2a: Palafin\n|-supereffective|p2a: Palafin\n|-damage|p2a: Palafin|19\/100\n|\n|-weather|none\n|-damage|p1a: Arcanine|82\/100 tox|[from] psn\n|upkeep\n|turn|11\n|\n|t:|1698269531\n|switch|p1a: Koraidon|Koraidon|69\/100\n|-weather|SunnyDay|[from] ability: Orichalcum Pulse|[of] p1a: Koraidon\n|-activate|p1a: Koraidon|Orichalcum Pulse|[source]\n|move|p2a: Palafin|Ice Beam|p1a: Koraidon\n|-supereffective|p1a: Koraidon\n|-damage|p1a: Koraidon|0 fnt\n|faint|p1a: Koraidon\n|\n|-weather|SunnyDay|[upkeep]\n|upkeep\n|\n|t:|1698269538\n|switch|p1a: Slither Wing|Slither Wing|100\/100\n|-activate|p1a: Slither Wing|ability: Protosynthesis\n|-start|p1a: Slither Wing|protosynthesisspe\n|turn|12\n|\n|t:|1698269553\n|switch|p2a: Slowking|Slowking-Galar, M|64\/100\n|move|p1a: Slither Wing|Bug Buzz|p2a: Slowking\n|-damage|p2a: Slowking|23\/100\n|\n|-weather|SunnyDay|[upkeep]\n|upkeep\n|turn|13\n|\n|t:|1698269558\n|switch|p2a: Infernape|Infernape, F|100\/100\n|move|p1a: Slither Wing|Bug Buzz|p2a: Infernape\n|-resisted|p2a: Infernape\n|-damage|p2a: Infernape|79\/100\n|\n|-weather|SunnyDay|[upkeep]\n|upkeep\n|turn|14\n|\n|t:|1698269574\n|-end|p1a: Slither Wing|Protosynthesis|[silent]\n|switch|p1a: Arcanine|Arcanine, M|82\/100 tox\n|-ability|p1a: Arcanine|Intimidate|boost\n|-unboost|p2a: Infernape|atk|1\n|move|p2a: Infernape|Flare Blitz|p1a: Arcanine\n|-resisted|p1a: Arcanine\n|-damage|p1a: Arcanine|45\/100 tox\n|-damage|p2a: Infernape|65\/100|[from] Recoil\n|\n|-weather|SunnyDay|[upkeep]\n|-damage|p1a: Arcanine|39\/100 tox|[from] psn\n|upkeep\n|turn|15\n|\n|t:|1698269588\n|switch|p2a: Blissey|Blissey, F|23\/100\n|move|p1a: Arcanine|Dragon Pulse|p2a: Blissey\n|-damage|p2a: Blissey|13\/100\n|\n|-weather|none\n|-damage|p1a: Arcanine|26\/100 tox|[from] psn\n|upkeep\n|turn|16\n|\n|t:|1698269598\n|move|p1a: Arcanine|Fire Blast|p2a: Blissey\n|-damage|p2a: Blissey|0 fnt\n|faint|p2a: Blissey\n|\n|-damage|p1a: Arcanine|7\/100 tox|[from] psn\n|upkeep\n|\n|t:|1698269602\n|switch|p2a: Infernape|Infernape, F|65\/100\n|turn|17\n|\n|t:|1698269608\n|move|p2a: Infernape|U-turn|p1a: Arcanine\n|-resisted|p1a: Arcanine\n|-damage|p1a: Arcanine|0 fnt\n|faint|p1a: Arcanine\n|\n|t:|1698269615\n|switch|p2a: Slowking|Slowking-Galar, M|100\/100|[from] U-turn\n|\n|upkeep\n|\n|t:|1698269620\n|switch|p1a: Sandy Shocks|Sandy Shocks|36\/100\n|turn|18\n|\n|t:|1698269626\n|move|p2a: Slowking|Poltergeist|p1a: Sandy Shocks\n|-activate|p1a: Sandy Shocks|move: Poltergeist|Choice Band\n|-damage|p1a: Sandy Shocks|0 fnt\n|faint|p1a: Sandy Shocks\n|-end|p1a: Sandy Shocks|Protosynthesis|[silent]\n|\n|upkeep\n|\n|t:|1698269629\n|switch|p1a: Dudunsparce|Dudunsparce-Three-Segment, F|100\/100\n|turn|19\n|\n|t:|1698269637\n|switch|p2a: Toedscruel|Toedscruel, F|98\/100\n|move|p1a: Dudunsparce|Calm Mind|p1a: Dudunsparce\n|-boost|p1a: Dudunsparce|spa|1\n|-boost|p1a: Dudunsparce|spd|1\n|\n|upkeep\n|turn|20\n|\n|t:|1698269643\n|move|p1a: Dudunsparce|Calm Mind|p1a: Dudunsparce\n|-boost|p1a: Dudunsparce|spa|1\n|-boost|p1a: Dudunsparce|spd|1\n|move|p2a: Toedscruel|Leech Seed|p1a: Dudunsparce\n|-start|p1a: Dudunsparce|move: Leech Seed\n|\n|-damage|p1a: Dudunsparce|88\/100|[from] Leech Seed|[of] p2a: Toedscruel\n|-heal|p2a: Toedscruel|100\/100|[silent]\n|upkeep\n|turn|21\n|\n|t:|1698269653\n|switch|p2a: Slowking|Slowking-Galar, M|100\/100\n|move|p1a: Dudunsparce|Boomburst|p2a: Slowking\n|-immune|p2a: Slowking\n|\n|-heal|p1a: Dudunsparce|94\/100|[from] item: Leftovers\n|-damage|p1a: Dudunsparce|82\/100|[from] Leech Seed|[of] p2a: Slowking\n|upkeep\n|turn|22\n|\n|t:|1698269656\n|move|p2a: Slowking|Trick|p1a: Dudunsparce\n|-activate|p2a: Slowking|move: Trick|[of] p1a: Dudunsparce\n|-item|p1a: Dudunsparce|Choice Band|[from] move: Trick\n|-item|p2a: Slowking|Leftovers|[from] move: Trick\n|move|p1a: Dudunsparce|Stored Power|p2a: Slowking\n|-damage|p2a: Slowking|14\/100\n|replace|p2a: Zoroark|Zoroark-Hisui, F, shiny\n|-end|p2a: Zoroark|Illusion\n|\n|-heal|p2a: Zoroark|20\/100|[from] item: Leftovers\n|-damage|p1a: Dudunsparce|70\/100|[from] Leech Seed|[of] p2a: Zoroark\n|-heal|p2a: Zoroark|43\/100|[silent]\n|upkeep\n|turn|23\n|\n|t:|1698269665\n|move|p2a: Zoroark|U-turn|p1a: Dudunsparce\n|-damage|p1a: Dudunsparce|57\/100\n|\n|t:|1698269668\n|switch|p2a: Toedscruel|Toedscruel, F|100\/100|[from] U-turn\n|move|p1a: Dudunsparce|Stored Power|p2a: Toedscruel\n|-damage|p2a: Toedscruel|69\/100\n|\n|-damage|p1a: Dudunsparce|44\/100|[from] Leech Seed|[of] p2a: Toedscruel\n|-heal|p2a: Toedscruel|85\/100|[silent]\n|upkeep\n|turn|24\n|\n|t:|1698269675\n|switch|p1a: Slither Wing|Slither Wing|100\/100\n|move|p2a: Toedscruel|Spikes|p1a: Slither Wing\n|-sidestart|p1: bodypresssoda|Spikes\n|\n|upkeep\n|turn|25\n|\n|t:|1698269686\n|switch|p2a: Slowking|Slowking-Galar, M|56\/100\n|move|p1a: Slither Wing|Hurricane|p2a: Slowking\n|-damage|p2a: Slowking|20\/100\n|\n|upkeep\n|turn|26\n|\n|t:|1698269694\n|move|p1a: Slither Wing|Hurricane|p2a: Slowking\n|-damage|p2a: Slowking|0 fnt\n|faint|p2a: Slowking\n|\n|upkeep\n|\n|t:|1698269697\n|switch|p2a: Infernape|Infernape, F|65\/100\n|turn|27\n|\n|t:|1698269702\n|move|p2a: Infernape|Flare Blitz|p1a: Slither Wing\n|-supereffective|p1a: Slither Wing\n|-damage|p1a: Slither Wing|0 fnt\n|faint|p1a: Slither Wing\n|-end|p1a: Slither Wing|Protosynthesis|[silent]\n|-damage|p2a: Infernape|30\/100|[from] Recoil\n|\n|upkeep\n|\n|t:|1698269704\n|switch|p1a: Crawdaunt|Crawdaunt, M|100\/100\n|-damage|p1a: Crawdaunt|88\/100|[from] Spikes\n|turn|28\n|\n|t:|1698269709\n|move|p2a: Infernape|Flare Blitz|p1a: Crawdaunt\n|-resisted|p1a: Crawdaunt\n|-damage|p1a: Crawdaunt|38\/100\n|-damage|p2a: Infernape|12\/100|[from] Recoil\n|move|p1a: Crawdaunt|Nasty Plot|p1a: Crawdaunt\n|-boost|p1a: Crawdaunt|spa|2\n|\n|upkeep\n|turn|29\n|\n|t:|1698269715\n|move|p2a: Infernape|Flare Blitz|p1a: Crawdaunt\n|-resisted|p1a: Crawdaunt\n|-damage|p1a: Crawdaunt|0 fnt\n|faint|p1a: Crawdaunt\n|-damage|p2a: Infernape|0 fnt|[from] Recoil\n|faint|p2a: Infernape\n|\n|upkeep\n|c|\u2606bodypresssoda|gg\n|c|\u2606N-Zoroark stan|ggwp\n|\n|t:|1698269721\n|switch|p2a: Toedscruel|Toedscruel, F|43\/100\n|switch|p1a: Dudunsparce|Dudunsparce-Three-Segment, F|44\/100\n|-damage|p1a: Dudunsparce|32\/100|[from] Spikes\n|turn|30\n|\n|t:|1698269727\n|-terastallize|p1a: Dudunsparce|Normal\n|-singleturn|p2a: Toedscruel|move: Focus Punch\n|move|p1a: Dudunsparce|Boomburst|p2a: Toedscruel\n|-immune|p2a: Toedscruel\n|move|p2a: Toedscruel|Focus Punch|p1a: Dudunsparce\n|-supereffective|p1a: Dudunsparce\n|-damage|p1a: Dudunsparce|0 fnt\n|faint|p1a: Dudunsparce\n|\n|win|N-Zoroark stan\n|c|\u2606bodypresssoda|round 2\n|c|\u2606N-Zoroark stan|k\n|l|\u2606bodypresssoda\n","uploadtime":1698269800,"views":19,"p1id":"bodypresssoda","p2id":"nzoroarkstan","formatid":"gen9ubers","rating":0,"private":0,"password":""}