{"id":"gen9ubers-1998272673","p1":"Red is lost","p2":"Redagus2002","format":"[Gen 9] Ubers","log":"|j|\u2606Red is lost\n|j|\u2606Redagus2002\n|t:|1700923049\n|gametype|singles\n|player|p1|Red is lost|1|1089\n|player|p2|Redagus2002|psychicf-gen4|1151\n|teamsize|p1|6\n|teamsize|p2|6\n|gen|9\n|tier|[Gen 9] Ubers\n|rated|\n|rule|Sleep Clause Mod: Limit one foe put to sleep\n|rule|Species Clause: Limit one of each Pok\u00e9mon\n|rule|OHKO Clause: OHKO moves are banned\n|rule|Evasion Items Clause: Evasion items are banned\n|rule|Evasion Moves Clause: Evasion moves are banned\n|rule|Endless Battle Clause: Forcing endless battles is banned\n|rule|HP Percentage Mod: HP is shown in percentages\n|clearpoke\n|poke|p1|Urshifu-*, F|\n|poke|p1|Ogerpon-Hearthflame, F|\n|poke|p1|Dialga-Origin|\n|poke|p1|Miraidon|\n|poke|p1|Eternatus|\n|poke|p1|Kyogre|\n|poke|p2|Skeledirge, M|\n|poke|p2|Iron Bundle|\n|poke|p2|Spidops, M|\n|poke|p2|Flutter Mane|\n|poke|p2|Quaquaval, M|\n|poke|p2|Meowscarada, F|\n|teampreview\n|\n|t:|1700923059\n|start\n|switch|p1a: Ogerpon|Ogerpon-Hearthflame, F|100\/100\n|switch|p2a: Blizztron|Iron Bundle, shiny|100\/100\n|-ability|p1a: Ogerpon|Mold Breaker\n|turn|1\n|\n|t:|1700923085\n|-terastallize|p1a: Ogerpon|Fire\n|detailschange|p1a: Ogerpon|Ogerpon-Hearthflame-Tera, F, tera:Fire\n|-ability|p1a: Ogerpon|Embody Aspect (Hearthflame)|boost\n|-boost|p1a: Ogerpon|atk|1\n|move|p2a: Blizztron|Hydro Pump|p1a: Ogerpon|[miss]\n|-miss|p2a: Blizztron|p1a: Ogerpon\n|move|p1a: Ogerpon|Ivy Cudgel|p2a: Blizztron|[anim] Ivy Cudgel Fire\n|-crit|p2a: Blizztron\n|-damage|p2a: Blizztron|0 fnt\n|faint|p2a: Blizztron\n|-end|p2a: Blizztron|Quark Drive|[silent]\n|\n|upkeep\n|\n|t:|1700923104\n|switch|p2a: Skeledirge|Skeledirge, M|100\/100\n|turn|2\n|\n|t:|1700923108\n|move|p1a: Ogerpon|Spiky Shield|p1a: Ogerpon\n|-singleturn|p1a: Ogerpon|move: Protect\n|move|p2a: Skeledirge|Yawn|p1a: Ogerpon\n|-activate|p1a: Ogerpon|move: Protect\n|\n|upkeep\n|turn|3\n|\n|t:|1700923115\n|switch|p1a: Kyogre|Kyogre|100\/100\n|-weather|RainDance|[from] ability: Drizzle|[of] p1a: Kyogre\n|move|p2a: Skeledirge|Yawn|p1a: Kyogre\n|-start|p1a: Kyogre|move: Yawn|[of] p2a: Skeledirge\n|\n|-weather|RainDance|[upkeep]\n|upkeep\n|turn|4\n|\n|t:|1700923127\n|switch|p2a: Chomei|Spidops, M, shiny|100\/100\n|move|p1a: Kyogre|Water Spout|p2a: Chomei\n|-crit|p2a: Chomei\n|-enditem|p2a: Chomei|Focus Sash\n|-damage|p2a: Chomei|1\/100\n|\n|-weather|RainDance|[upkeep]\n|-end|p1a: Kyogre|move: Yawn|[silent]\n|-status|p1a: Kyogre|slp\n|upkeep\n|turn|5\n|\n|t:|1700923145\n|switch|p2a: Nyastery|Meowscarada, F|100\/100\n|cant|p1a: Kyogre|slp\n|\n|-weather|RainDance|[upkeep]\n|upkeep\n|turn|6\n|\n|t:|1700923157\n|move|p2a: Nyastery|Flower Trick|p1a: Kyogre\n|-start|p2a: Nyastery|typechange|Grass|[from] ability: Protean\n|-supereffective|p1a: Kyogre\n|-crit|p1a: Kyogre\n|-damage|p1a: Kyogre|0 fnt\n|faint|p1a: Kyogre\n|-damage|p2a: Nyastery|91\/100|[from] item: Life Orb\n|\n|-weather|RainDance|[upkeep]\n|upkeep\n|\n|t:|1700923167\n|switch|p1a: Ogerpon|Ogerpon-Hearthflame-Tera, F, tera:Fire|100\/100\n|-ability|p1a: Ogerpon|Embody Aspect (Hearthflame)|boost\n|-boost|p1a: Ogerpon|atk|1\n|turn|7\n|\n|t:|1700923181\n|switch|p2a: Skeledirge|Skeledirge, M|100\/100\n|move|p1a: Ogerpon|Ivy Cudgel|p2a: Skeledirge|[anim] Ivy Cudgel Fire\n|-resisted|p2a: Skeledirge\n|-damage|p2a: Skeledirge|85\/100\n|\n|-weather|none\n|-heal|p2a: Skeledirge|91\/100|[from] item: Leftovers\n|upkeep\n|turn|8\n|\n|t:|1700923194\n|move|p1a: Ogerpon|Spiky Shield|p1a: Ogerpon\n|-singleturn|p1a: Ogerpon|move: Protect\n|move|p2a: Skeledirge|Yawn|p1a: Ogerpon\n|-activate|p1a: Ogerpon|move: Protect\n|\n|-heal|p2a: Skeledirge|97\/100|[from] item: Leftovers\n|upkeep\n|turn|9\n|\n|t:|1700923204\n|move|p1a: Ogerpon|Ivy Cudgel|p2a: Skeledirge|[anim] Ivy Cudgel Fire\n|-resisted|p2a: Skeledirge\n|-damage|p2a: Skeledirge|69\/100\n|move|p2a: Skeledirge|Yawn|p1a: Ogerpon\n|-start|p1a: Ogerpon|move: Yawn|[of] p2a: Skeledirge\n|\n|-heal|p2a: Skeledirge|75\/100|[from] item: Leftovers\n|upkeep\n|turn|10\n|\n|t:|1700923215\n|move|p1a: Ogerpon|Knock Off|p2a: Skeledirge\n|-supereffective|p2a: Skeledirge\n|-damage|p2a: Skeledirge|15\/100\n|-enditem|p2a: Skeledirge|Leftovers|[from] move: Knock Off|[of] p1a: Ogerpon\n|move|p2a: Skeledirge|Torch Song|p1a: Ogerpon\n|-resisted|p1a: Ogerpon\n|-damage|p1a: Ogerpon|84\/100\n|-boost|p2a: Skeledirge|spa|1\n|\n|-end|p1a: Ogerpon|move: Yawn|[silent]\n|-status|p1a: Ogerpon|slp\n|upkeep\n|turn|11\n|\n|t:|1700923226\n|cant|p1a: Ogerpon|slp\n|move|p2a: Skeledirge|Slack Off|p2a: Skeledirge\n|-heal|p2a: Skeledirge|65\/100\n|\n|upkeep\n|turn|12\n|\n|t:|1700923234\n|-curestatus|p1a: Ogerpon|slp|[msg]\n|move|p1a: Ogerpon|Knock Off|p2a: Skeledirge\n|-supereffective|p2a: Skeledirge\n|-damage|p2a: Skeledirge|22\/100\n|move|p2a: Skeledirge|Slack Off|p2a: Skeledirge\n|-heal|p2a: Skeledirge|72\/100\n|\n|upkeep\n|turn|13\n|\n|t:|1700923242\n|move|p1a: Ogerpon|Knock Off|p2a: Skeledirge\n|-supereffective|p2a: Skeledirge\n|-damage|p2a: Skeledirge|35\/100\n|move|p2a: Skeledirge|Slack Off|p2a: Skeledirge\n|-heal|p2a: Skeledirge|85\/100\n|\n|upkeep\n|turn|14\n|inactive|Battle timer is ON: inactive players will automatically lose when time's up. (requested by Red is lost)\n|\n|t:|1700923292\n|move|p1a: Ogerpon|Knock Off|p2a: Skeledirge\n|-supereffective|p2a: Skeledirge\n|-damage|p2a: Skeledirge|46\/100\n|move|p2a: Skeledirge|Yawn|p1a: Ogerpon\n|-start|p1a: Ogerpon|move: Yawn|[of] p2a: Skeledirge\n|\n|upkeep\n|turn|15\n|\n|t:|1700923299\n|move|p1a: Ogerpon|Knock Off|p2a: Skeledirge\n|-supereffective|p2a: Skeledirge\n|-damage|p2a: Skeledirge|6\/100\n|move|p2a: Skeledirge|Slack Off|p2a: Skeledirge\n|-heal|p2a: Skeledirge|56\/100\n|\n|-end|p1a: Ogerpon|move: Yawn|[silent]\n|-status|p1a: Ogerpon|slp\n|upkeep\n|turn|16\n|\n|t:|1700923307\n|cant|p1a: Ogerpon|slp\n|move|p2a: Skeledirge|Slack Off|p2a: Skeledirge\n|-heal|p2a: Skeledirge|100\/100\n|\n|upkeep\n|turn|17\n|\n|t:|1700923317\n|switch|p1a: Urshifu|Urshifu-Rapid-Strike, F|100\/100\n|move|p2a: Skeledirge|Hex|p1a: Urshifu\n|-damage|p1a: Urshifu|40\/100\n|\n|upkeep\n|turn|18\n|\n|t:|1700923345\n|switch|p2a: Chomei|Spidops, M, shiny|1\/100\n|move|p1a: Urshifu|Surging Strikes|p2a: Chomei\n|-crit|p2a: Chomei\n|-damage|p2a: Chomei|0 fnt\n|faint|p2a: Chomei\n|-hitcount|p2: Chomei|1\n|\n|upkeep\n|\n|t:|1700923353\n|switch|p2a: Nyastery|Meowscarada, F|91\/100\n|turn|19\n|inactive|Red is lost has 120 seconds left.\n|\n|t:|1700923397\n|move|p2a: Nyastery|Flower Trick|p1a: Urshifu\n|-start|p2a: Nyastery|typechange|Grass|[from] ability: Protean\n|-supereffective|p1a: Urshifu\n|-crit|p1a: Urshifu\n|-damage|p1a: Urshifu|0 fnt\n|faint|p1a: Urshifu\n|-damage|p2a: Nyastery|81\/100|[from] item: Life Orb\n|\n|upkeep\n|\n|t:|1700923410\n|switch|p1a: Ogerpon|Ogerpon-Hearthflame-Tera, F, tera:Fire|84\/100 slp\n|-ability|p1a: Ogerpon|Embody Aspect (Hearthflame)|boost\n|-boost|p1a: Ogerpon|atk|1\n|turn|20\n|\n|t:|1700923422\n|switch|p2a: Daval|Quaquaval, M|100\/100\n|-curestatus|p1a: Ogerpon|slp|[msg]\n|move|p1a: Ogerpon|Ivy Cudgel|p2a: Daval|[anim] Ivy Cudgel Fire\n|-resisted|p2a: Daval\n|-damage|p2a: Daval|28\/100\n|\n|upkeep\n|turn|21\n|inactive|Red is lost has 120 seconds left.\n|\n|t:|1700923433\n|move|p2a: Daval|Aqua Step|p1a: Ogerpon\n|-supereffective|p1a: Ogerpon\n|-damage|p1a: Ogerpon|0 fnt\n|-boost|p2a: Daval|spe|1\n|faint|p1a: Ogerpon\n|-ability|p2a: Daval|Moxie|boost\n|-boost|p2a: Daval|atk|1\n|\n|upkeep\n|\n|t:|1700923448\n|switch|p1a: Miraidon|Miraidon|100\/100\n|-fieldstart|move: Electric Terrain|[from] ability: Hadron Engine|[of] p1a: Miraidon\n|turn|22\n|\n|t:|1700923455\n|move|p2a: Daval|Close Combat|p1a: Miraidon\n|-damage|p1a: Miraidon|24\/100\n|-unboost|p2a: Daval|def|1\n|-unboost|p2a: Daval|spd|1\n|move|p1a: Miraidon|Electro Drift|p2a: Daval\n|-supereffective|p2a: Daval\n|-damage|p2a: Daval|0 fnt\n|faint|p2a: Daval\n|\n|upkeep\n|\n|t:|1700923471\n|switch|p2a: Nyastery|Meowscarada, F|81\/100\n|turn|23\n|\n|t:|1700923478\n|move|p2a: Nyastery|Sucker Punch|p1a: Miraidon\n|-start|p2a: Nyastery|typechange|Dark|[from] ability: Protean\n|-damage|p1a: Miraidon|0 fnt\n|faint|p1a: Miraidon\n|-damage|p2a: Nyastery|71\/100|[from] item: Life Orb\n|\n|upkeep\n|inactive|Red is lost has 120 seconds left.\n|\n|t:|1700923503\n|switch|p1a: Dialga|Dialga-Origin|100\/100\n|turn|24\n|inactive|Red is lost has 120 seconds left.\n|\n|t:|1700923514\n|move|p2a: Nyastery|Low Kick|p1a: Dialga\n|-supereffective|p1a: Dialga\n|-damage|p1a: Dialga|18\/100\n|-damage|p2a: Nyastery|61\/100|[from] item: Life Orb\n|move|p1a: Dialga|Earthquake|p2a: Nyastery\n|-damage|p2a: Nyastery|24\/100\n|\n|upkeep\n|turn|25\n|inactive|Red is lost has 120 seconds left.\n|\n|t:|1700923523\n|move|p2a: Nyastery|Low Kick|p1a: Dialga\n|-supereffective|p1a: Dialga\n|-damage|p1a: Dialga|0 fnt\n|faint|p1a: Dialga\n|-damage|p2a: Nyastery|14\/100|[from] item: Life Orb\n|\n|upkeep\n|inactive|Red is lost has 120 seconds left.\n|\n|t:|1700923530\n|switch|p1a: Eternatus|Eternatus|100\/100\n|-ability|p1a: Eternatus|Pressure\n|turn|26\n|\n|t:|1700923537\n|move|p2a: Nyastery|Sucker Punch|p1a: Eternatus\n|-damage|p1a: Eternatus|65\/100\n|-damage|p2a: Nyastery|4\/100|[from] item: Life Orb\n|move|p1a: Eternatus|Sludge Bomb|p2a: Nyastery\n|-damage|p2a: Nyastery|0 fnt\n|faint|p2a: Nyastery\n|\n|-fieldend|move: Electric Terrain\n|upkeep\n|\n|t:|1700923548\n|switch|p2a: Skeledirge|Skeledirge, M|100\/100\n|turn|27\n|\n|t:|1700923560\n|move|p1a: Eternatus|Dynamax Cannon|p2a: Skeledirge\n|-damage|p2a: Skeledirge|59\/100\n|move|p2a: Skeledirge|Yawn|p1a: Eternatus\n|-start|p1a: Eternatus|move: Yawn|[of] p2a: Skeledirge\n|\n|upkeep\n|turn|28\n|l|\u2606Red is lost\n|inactive|Red is lost disconnected and has a minute to reconnect!\n|player|p1|\n|inactive|Red is lost has 30 seconds to reconnect!\n|inactive|Red is lost has 20 seconds to reconnect!\n|inactive|Red is lost has 15 seconds to reconnect!\n|inactive|Red is lost has 10 seconds to reconnect!\n|inactive|Red is lost has 5 seconds to reconnect!\n|-message|Red is lost lost due to inactivity.\n|\n|win|Redagus2002\n|raw|Red is lost's rating: 1089 &rarr; <strong>1070<\/strong><br \/>(-19 for losing)\n|raw|Redagus2002's rating: 1151 &rarr; <strong>1172<\/strong><br \/>(+21 for winning)\n","uploadtime":1700923835,"views":6,"p1id":"redislost","p2id":"redagus2002","formatid":"gen9ubers","rating":1070,"private":0,"password":""}