{"id":"gen9ubers-1992763721","p1":"Lagency Nicole","p2":"Ohnvff","format":"[Gen 9] Ubers","log":"|j|\u2606Lagency Nicole\n|j|\u2606Ohnvff\n|t:|1700233310\n|gametype|singles\n|player|p1|Lagency Nicole|dawn-gen4pt|1466\n|player|p2|Ohnvff|265|1364\n|teamsize|p1|6\n|teamsize|p2|6\n|gen|9\n|tier|[Gen 9] Ubers\n|rated|\n|rule|Sleep Clause Mod: Limit one foe put to sleep\n|rule|Species Clause: Limit one of each Pok\u00e9mon\n|rule|OHKO Clause: OHKO moves are banned\n|rule|Evasion Items Clause: Evasion items are banned\n|rule|Evasion Moves Clause: Evasion moves are banned\n|rule|Endless Battle Clause: Forcing endless battles is banned\n|rule|HP Percentage Mod: HP is shown in percentages\n|clearpoke\n|poke|p1|Koraidon|\n|poke|p1|Zacian-*|\n|poke|p1|Arceus-Ground|\n|poke|p1|Ribombee, M|\n|poke|p1|Zamazenta-*|\n|poke|p1|Calyrex-Ice|\n|poke|p2|Miraidon|\n|poke|p2|Koraidon|\n|poke|p2|Flutter Mane|\n|poke|p2|Gliscor, M|\n|poke|p2|Giratina-Origin|\n|poke|p2|Arceus-Ground|\n|teampreview\n|inactive|Battle timer is ON: inactive players will automatically lose when time's up. (requested by Lagency Nicole)\n|\n|t:|1700233334\n|start\n|switch|p1a: Ribombee|Ribombee, M|100\/100\n|switch|p2a: Miraidon|Miraidon|100\/100\n|-fieldstart|move: Electric Terrain|[from] ability: Hadron Engine|[of] p2a: Miraidon\n|turn|1\n|\n|t:|1700233346\n|move|p2a: Miraidon|Overheat|p1a: Ribombee\n|-supereffective|p1a: Ribombee\n|-enditem|p1a: Ribombee|Focus Sash\n|-damage|p1a: Ribombee|1\/100\n|-unboost|p2a: Miraidon|spa|2\n|move|p1a: Ribombee|Sticky Web|p2a: Miraidon\n|-sidestart|p2: Ohnvff|move: Sticky Web\n|\n|upkeep\n|turn|2\n|\n|t:|1700233350\n|move|p2a: Miraidon|Overheat|p1a: Ribombee\n|-supereffective|p1a: Ribombee\n|-damage|p1a: Ribombee|0 fnt\n|-unboost|p2a: Miraidon|spa|2\n|faint|p1a: Ribombee\n|\n|upkeep\n|\n|t:|1700233356\n|switch|p1a: Calyrex|Calyrex-Ice|100\/100\n|-ability|p1a: Calyrex|As One\n|-ability|p1a: Calyrex|Unnerve\n|turn|3\n|\n|t:|1700233366\n|switch|p2a: Flutter Mane|Flutter Mane|100\/100\n|-activate|p2a: Flutter Mane|move: Sticky Web\n|-unboost|p2a: Flutter Mane|spe|1\n|move|p1a: Calyrex|Agility|p1a: Calyrex\n|-boost|p1a: Calyrex|spe|2\n|\n|upkeep\n|turn|4\n|\n|t:|1700233374\n|move|p1a: Calyrex|Agility|p1a: Calyrex\n|-boost|p1a: Calyrex|spe|2\n|move|p2a: Flutter Mane|Shadow Ball|p1a: Calyrex\n|-supereffective|p1a: Calyrex\n|-damage|p1a: Calyrex|22\/100\n|\n|-heal|p1a: Calyrex|28\/100|[from] item: Leftovers\n|upkeep\n|turn|5\n|\n|t:|1700233376\n|move|p1a: Calyrex|Glacial Lance|p2a: Flutter Mane\n|-damage|p2a: Flutter Mane|0 fnt\n|faint|p2a: Flutter Mane\n|-end|p2a: Flutter Mane|Protosynthesis|[silent]\n|-ability|p1a: Calyrex|Chilling Neigh|boost\n|-boost|p1a: Calyrex|atk|1\n|\n|-heal|p1a: Calyrex|34\/100|[from] item: Leftovers\n|-fieldend|move: Electric Terrain\n|upkeep\n|\n|t:|1700233381\n|switch|p2a: Giratina|Giratina-Origin|100\/100\n|turn|6\n|\n|t:|1700233395\n|-terastallize|p2a: Giratina|Fairy\n|move|p1a: Calyrex|Glacial Lance|p2a: Giratina\n|-damage|p2a: Giratina|33\/100\n|move|p2a: Giratina|Will-O-Wisp|p1a: Calyrex\n|-status|p1a: Calyrex|brn\n|\n|-heal|p1a: Calyrex|40\/100 brn|[from] item: Leftovers\n|-damage|p1a: Calyrex|34\/100 brn|[from] brn\n|upkeep\n|turn|7\n|inactive|Ohnvff has 120 seconds left.\n|\n|t:|1700233430\n|switch|p2a: Arceus|Arceus-Ground|100\/100\n|-activate|p2a: Arceus|move: Sticky Web\n|-unboost|p2a: Arceus|spe|1\n|move|p1a: Calyrex|Glacial Lance|p2a: Arceus\n|-supereffective|p2a: Arceus\n|-damage|p2a: Arceus|35\/100\n|\n|-heal|p1a: Calyrex|40\/100 brn|[from] item: Leftovers\n|-damage|p1a: Calyrex|34\/100 brn|[from] brn\n|upkeep\n|turn|8\n|inactive|Ohnvff has 120 seconds left.\n|\n|t:|1700233436\n|move|p1a: Calyrex|Glacial Lance|p2a: Arceus\n|-supereffective|p2a: Arceus\n|-damage|p2a: Arceus|0 fnt\n|faint|p2a: Arceus\n|-ability|p1a: Calyrex|Chilling Neigh|boost\n|-boost|p1a: Calyrex|atk|1\n|\n|-heal|p1a: Calyrex|40\/100 brn|[from] item: Leftovers\n|-damage|p1a: Calyrex|34\/100 brn|[from] brn\n|upkeep\n|inactive|Ohnvff has 120 seconds left.\n|\n|t:|1700233452\n|switch|p2a: Miraidon|Miraidon|100\/100\n|-activate|p2a: Miraidon|move: Sticky Web\n|-unboost|p2a: Miraidon|spe|1\n|-fieldstart|move: Electric Terrain|[from] ability: Hadron Engine|[of] p2a: Miraidon\n|turn|9\n|\n|t:|1700233458\n|move|p1a: Calyrex|Glacial Lance|p2a: Miraidon\n|-supereffective|p2a: Miraidon\n|-damage|p2a: Miraidon|0 fnt\n|faint|p2a: Miraidon\n|-ability|p1a: Calyrex|Chilling Neigh|boost\n|-boost|p1a: Calyrex|atk|1\n|\n|-heal|p1a: Calyrex|40\/100 brn|[from] item: Leftovers\n|-damage|p1a: Calyrex|34\/100 brn|[from] brn\n|upkeep\n|-message|Ohnvff forfeited.\n|\n|win|Lagency Nicole\n|raw|Lagency Nicole's rating: 1466 &rarr; <strong>1480<\/strong><br \/>(+14 for winning)\n|raw|Ohnvff's rating: 1364 &rarr; <strong>1350<\/strong><br \/>(-14 for losing)\n|l|\u2606Ohnvff\n|l|\u2606Lagency Nicole\n|j|\u2606Lagency Nicole\n|player|p1|Lagency Nicole|dawn-gen4pt\n|l|\u2606Lagency Nicole\n|player|p1|\n|j|\u2606Lagency Nicole\n|player|p1|Lagency Nicole|dawn-gen4pt\n","uploadtime":1700233473,"views":5,"p1id":"lagencynicole","p2id":"ohnvff","formatid":"gen9ubers","rating":1350,"private":0,"password":""}