{"id":"gen9ubers-1996289443","p1":"TBalpha22","p2":"Kinesquared","format":"[Gen 9] Ubers","log":"|j|\u2606TBalpha22\n|j|\u2606Kinesquared\n|t:|1700667918\n|gametype|singles\n|player|p1|TBalpha22|169|\n|player|p2|Kinesquared|scientist-gen4dp|\n|teamsize|p1|6\n|teamsize|p2|6\n|gen|9\n|tier|[Gen 9] Ubers\n|rule|Sleep Clause Mod: Limit one foe put to sleep\n|rule|Species Clause: Limit one of each Pok\u00e9mon\n|rule|OHKO Clause: OHKO moves are banned\n|rule|Evasion Items Clause: Evasion items are banned\n|rule|Evasion Moves Clause: Evasion moves are banned\n|rule|Endless Battle Clause: Forcing endless battles is banned\n|rule|HP Percentage Mod: HP is shown in percentages\n|clearpoke\n|poke|p1|Arceus-Dark|\n|poke|p1|Alomomola, M|\n|poke|p1|Quagsire, M|\n|poke|p1|Clefable, F|\n|poke|p1|Blissey, F|\n|poke|p1|Chi-Yu|\n|poke|p2|Magearna|\n|poke|p2|Ursaluna, F|\n|poke|p2|Dialga|\n|poke|p2|Hoopa-Unbound|\n|poke|p2|Cinderace, F|\n|poke|p2|Cresselia, F|\n|teampreview\n|\n|t:|1700667939\n|start\n|switch|p1a: Clefable|Clefable, F|100\/100\n|switch|p2a: Dialga|Dialga|100\/100\n|-ability|p2a: Dialga|Pressure\n|turn|1\n|\n|t:|1700667954\n|move|p2a: Dialga|Flash Cannon|p1a: Clefable\n|-supereffective|p1a: Clefable\n|-damage|p1a: Clefable|37\/100\n|move|p1a: Clefable|Thunder Wave|p2a: Dialga\n|-status|p2a: Dialga|par\n|\n|upkeep\n|turn|2\n|\n|t:|1700667976\n|switch|p1a: Blissey|Blissey, F|100\/100\n|move|p2a: Dialga|Trick Room|p2a: Dialga\n|-fieldstart|move: Trick Room|[of] p2a: Dialga\n|\n|upkeep\n|turn|3\n|\n|t:|1700667987\n|move|p2a: Dialga|Draco Meteor|p1a: Blissey\n|-damage|p1a: Blissey|68\/100\n|-unboost|p2a: Dialga|spa|2\n|-enditem|p2a: Dialga|Eject Pack\n|\n|t:|1700667992\n|switch|p2a: Ursaluna|Ursaluna, F|100\/100\n|move|p1a: Blissey|Seismic Toss|p2a: Ursaluna\n|-damage|p2a: Ursaluna|79\/100\n|\n|-heal|p1a: Blissey|74\/100|[from] item: Leftovers\n|-status|p2a: Ursaluna|brn|[from] item: Flame Orb\n|upkeep\n|turn|4\n|j| GratedsShtickface\n|\n|t:|1700668007\n|switch|p1a: Quagsire|Quagsire, M|100\/100\n|-terastallize|p2a: Ursaluna|Normal\n|move|p2a: Ursaluna|Facade|p1a: Quagsire\n|-damage|p1a: Quagsire|0 fnt\n|faint|p1a: Quagsire\n|\n|-damage|p2a: Ursaluna|73\/100 brn|[from] brn\n|upkeep\n|\n|t:|1700668020\n|switch|p1a: Alomomola|Alomomola, M|100\/100\n|turn|5\n|\n|t:|1700668027\n|move|p1a: Alomomola|Protect|p1a: Alomomola\n|-singleturn|p1a: Alomomola|Protect\n|move|p2a: Ursaluna|Substitute|p2a: Ursaluna\n|-start|p2a: Ursaluna|Substitute\n|-damage|p2a: Ursaluna|48\/100 brn\n|\n|-damage|p2a: Ursaluna|42\/100 brn|[from] brn\n|upkeep\n|turn|6\n|\n|t:|1700668043\n|-terastallize|p1a: Alomomola|Steel\n|move|p2a: Ursaluna|Facade|p1a: Alomomola\n|-resisted|p1a: Alomomola\n|-crit|p1a: Alomomola\n|-damage|p1a: Alomomola|23\/100\n|-damage|p2a: Ursaluna|25\/100 brn|[from] item: Rocky Helmet|[of] p1a: Alomomola\n|move|p1a: Alomomola|Wish|p1a: Alomomola\n|\n|-damage|p2a: Ursaluna|19\/100 brn|[from] brn\n|-fieldend|move: Trick Room\n|upkeep\n|turn|7\n|\n|t:|1700668055\n|move|p1a: Alomomola|Flip Turn|p2a: Ursaluna\n|-activate|p2a: Ursaluna|move: Substitute|[damage]\n|\n|t:|1700668066\n|switch|p1a: Clefable|Clefable, F|37\/100|[from] Flip Turn\n|move|p2a: Ursaluna|Headlong Rush|p1a: Clefable\n|-damage|p1a: Clefable|0 fnt\n|-unboost|p2a: Ursaluna|def|1\n|-unboost|p2a: Ursaluna|spd|1\n|faint|p1a: Clefable\n|\n|-damage|p2a: Ursaluna|13\/100 brn|[from] brn\n|upkeep\n|\n|t:|1700668076\n|switch|p1a: Alomomola|Alomomola, M, tera:Steel|57\/100\n|turn|8\n|\n|t:|1700668082\n|move|p1a: Alomomola|Protect|p1a: Alomomola\n|-singleturn|p1a: Alomomola|Protect\n|move|p2a: Ursaluna|Headlong Rush|p1a: Alomomola\n|-activate|p1a: Alomomola|move: Protect\n|\n|-damage|p2a: Ursaluna|7\/100 brn|[from] brn\n|upkeep\n|turn|9\n|\n|t:|1700668089\n|move|p1a: Alomomola|Flip Turn|p2a: Ursaluna\n|-end|p2a: Ursaluna|Substitute\n|\n|t:|1700668094\n|switch|p1a: Arceus|Arceus-Dark|100\/100|[from] Flip Turn\n|move|p2a: Ursaluna|Headlong Rush|p1a: Arceus\n|-damage|p1a: Arceus|32\/100\n|-unboost|p2a: Ursaluna|def|1\n|-unboost|p2a: Ursaluna|spd|1\n|\n|-damage|p2a: Ursaluna|1\/100 brn|[from] brn\n|upkeep\n|turn|10\n|\n|t:|1700668108\n|move|p1a: Arceus|Recover|p1a: Arceus\n|-heal|p1a: Arceus|82\/100\n|move|p2a: Ursaluna|Facade|p1a: Arceus\n|-damage|p1a: Arceus|0 fnt\n|faint|p1a: Arceus\n|\n|-damage|p2a: Ursaluna|0 fnt|[from] brn\n|faint|p2a: Ursaluna\n|upkeep\n|\n|t:|1700668128\n|switch|p1a: Chi-Yu|Chi-Yu|100\/100\n|switch|p2a: Magearna|Magearna|100\/100\n|-ability|p1a: Chi-Yu|Beads of Ruin\n|turn|11\n|\n|t:|1700668144\n|switch|p2a: Cresselia|Cresselia, F|100\/100\n|move|p1a: Chi-Yu|Overheat|p2a: Cresselia\n|-damage|p2a: Cresselia|19\/100\n|-unboost|p1a: Chi-Yu|spa|2\n|-damage|p1a: Chi-Yu|91\/100|[from] item: Life Orb\n|\n|-heal|p2a: Cresselia|25\/100|[from] item: Leftovers\n|upkeep\n|turn|12\n|\n|t:|1700668153\n|move|p1a: Chi-Yu|Overheat|p2a: Cresselia\n|-damage|p2a: Cresselia|0 fnt\n|-unboost|p1a: Chi-Yu|spa|2\n|faint|p2a: Cresselia\n|-damage|p1a: Chi-Yu|81\/100|[from] item: Life Orb\n|\n|upkeep\n|\n|t:|1700668164\n|switch|p2a: Dialga|Dialga|100\/100 par\n|-ability|p2a: Dialga|Pressure\n|turn|13\n|\n|t:|1700668171\n|switch|p1a: Alomomola|Alomomola, M, tera:Steel|90\/100\n|move|p2a: Dialga|Trick Room|p2a: Dialga\n|-fieldstart|move: Trick Room|[of] p2a: Dialga\n|\n|upkeep\n|turn|14\n|\n|t:|1700668183\n|move|p1a: Alomomola|Protect|p1a: Alomomola\n|-singleturn|p1a: Alomomola|Protect\n|move|p2a: Dialga|Earth Power|p1a: Alomomola\n|-activate|p1a: Alomomola|move: Protect\n|\n|upkeep\n|turn|15\n|\n|t:|1700668199\n|switch|p1a: Blissey|Blissey, F|74\/100\n|move|p2a: Dialga|Earth Power|p1a: Blissey\n|-damage|p1a: Blissey|60\/100\n|\n|-heal|p1a: Blissey|67\/100|[from] item: Leftovers\n|upkeep\n|turn|16\n|\n|t:|1700668213\n|switch|p2a: Hoopa|Hoopa-Unbound|100\/100\n|move|p1a: Blissey|Seismic Toss|p2a: Hoopa\n|-damage|p2a: Hoopa|67\/100\n|\n|-heal|p1a: Blissey|73\/100|[from] item: Leftovers\n|upkeep\n|turn|17\n|\n|t:|1700668227\n|switch|p1a: Alomomola|Alomomola, M, tera:Steel|100\/100\n|move|p2a: Hoopa|Drain Punch|p1a: Alomomola\n|-supereffective|p1a: Alomomola\n|-damage|p1a: Alomomola|61\/100\n|-heal|p2a: Hoopa|100\/100|[from] drain|[of] p1a: Alomomola\n|-damage|p2a: Hoopa|84\/100|[from] item: Rocky Helmet|[of] p1a: Alomomola\n|\n|-fieldend|move: Trick Room\n|upkeep\n|turn|18\n|\n|t:|1700668239\n|move|p1a: Alomomola|Protect|p1a: Alomomola\n|-singleturn|p1a: Alomomola|Protect\n|move|p2a: Hoopa|Drain Punch|p1a: Alomomola\n|-activate|p1a: Alomomola|move: Protect\n|\n|upkeep\n|turn|19\n|\n|t:|1700668249\n|move|p1a: Alomomola|Scald|p2a: Hoopa\n|-damage|p2a: Hoopa|77\/100\n|move|p2a: Hoopa|Drain Punch|p1a: Alomomola\n|-supereffective|p1a: Alomomola\n|-damage|p1a: Alomomola|17\/100\n|-heal|p2a: Hoopa|100\/100|[from] drain|[of] p1a: Alomomola\n|-damage|p2a: Hoopa|84\/100|[from] item: Rocky Helmet|[of] p1a: Alomomola\n|\n|upkeep\n|turn|20\n|\n|t:|1700668261\n|switch|p2a: Cinderace|Cinderace, F|100\/100\n|move|p1a: Alomomola|Scald|p2a: Cinderace\n|-supereffective|p2a: Cinderace\n|-damage|p2a: Cinderace|65\/100\n|\n|upkeep\n|turn|21\n|\n|t:|1700668273\n|move|p1a: Alomomola|Protect|p1a: Alomomola\n|-singleturn|p1a: Alomomola|Protect\n|move|p2a: Cinderace|Pyro Ball|p1a: Alomomola\n|-activate|p1a: Alomomola|move: Protect\n|\n|upkeep\n|turn|22\n|\n|t:|1700668307\n|move|p2a: Cinderace|Pyro Ball|p1a: Alomomola\n|-supereffective|p1a: Alomomola\n|-damage|p1a: Alomomola|0 fnt\n|faint|p1a: Alomomola\n|\n|upkeep\n|\n|t:|1700668311\n|switch|p1a: Chi-Yu|Chi-Yu|81\/100\n|-ability|p1a: Chi-Yu|Beads of Ruin\n|turn|23\n|\n|t:|1700668319\n|move|p2a: Cinderace|U-turn|p1a: Chi-Yu\n|-start|p2a: Cinderace|typechange|Bug|[from] ability: Libero\n|-damage|p1a: Chi-Yu|10\/100\n|\n|t:|1700668323\n|switch|p2a: Dialga|Dialga|100\/100 par|[from] U-turn\n|-ability|p2a: Dialga|Pressure\n|move|p1a: Chi-Yu|Dark Pulse|p2a: Dialga\n|-damage|p2a: Dialga|43\/100 par\n|-damage|p1a: Chi-Yu|0 fnt|[from] item: Life Orb\n|faint|p1a: Chi-Yu\n|\n|upkeep\n|\n|t:|1700668327\n|switch|p1a: Blissey|Blissey, F|73\/100\n|turn|24\n|\n|t:|1700668347\n|move|p1a: Blissey|Seismic Toss|p2a: Dialga\n|-damage|p2a: Dialga|19\/100 par\n|move|p2a: Dialga|Trick Room|p2a: Dialga\n|-fieldstart|move: Trick Room|[of] p2a: Dialga\n|\n|-heal|p1a: Blissey|79\/100|[from] item: Leftovers\n|upkeep\n|turn|25\n|\n|t:|1700668358\n|switch|p2a: Magearna|Magearna|100\/100\n|move|p1a: Blissey|Seismic Toss|p2a: Magearna\n|-damage|p2a: Magearna|73\/100\n|\n|-heal|p2a: Magearna|79\/100|[from] item: Leftovers\n|-heal|p1a: Blissey|85\/100|[from] item: Leftovers\n|upkeep\n|turn|26\n|\n|t:|1700668369\n|move|p2a: Magearna|Encore|p1a: Blissey\n|-start|p1a: Blissey|Encore\n|move|p1a: Blissey|Seismic Toss|p2a: Magearna\n|-damage|p2a: Magearna|52\/100\n|\n|-heal|p2a: Magearna|58\/100|[from] item: Leftovers\n|-heal|p1a: Blissey|91\/100|[from] item: Leftovers\n|upkeep\n|turn|27\n|\n|t:|1700668378\n|move|p2a: Magearna|Volt Switch|p1a: Blissey\n|-damage|p1a: Blissey|84\/100\n|\n|t:|1700668381\n|switch|p2a: Cinderace|Cinderace, F|65\/100|[from] Volt Switch\n|move|p1a: Blissey|Seismic Toss|p2a: Cinderace\n|-damage|p2a: Cinderace|32\/100\n|\n|-heal|p1a: Blissey|90\/100|[from] item: Leftovers\n|upkeep\n|turn|28\n|c| GratedsShtickface|Imagine if seismic toss was affected by type matchups\n|\n|t:|1700668391\n|switch|p2a: Dialga|Dialga|19\/100 par\n|-ability|p2a: Dialga|Pressure\n|move|p1a: Blissey|Seismic Toss|p2a: Dialga\n|-damage|p2a: Dialga|0 fnt\n|faint|p2a: Dialga\n|\n|-heal|p1a: Blissey|96\/100|[from] item: Leftovers\n|-end|p1a: Blissey|Encore\n|-fieldend|move: Trick Room\n|upkeep\n|\n|t:|1700668402\n|switch|p2a: Cinderace|Cinderace, F|32\/100\n|turn|29\n|\n|t:|1700668405\n|move|p2a: Cinderace|Pyro Ball|p1a: Blissey\n|-damage|p1a: Blissey|43\/100\n|move|p1a: Blissey|Thunder Wave|p2a: Cinderace|[miss]\n|-miss|p1a: Blissey|p2a: Cinderace\n|\n|-heal|p1a: Blissey|49\/100|[from] item: Leftovers\n|upkeep\n|turn|30\n|\n|t:|1700668414\n|move|p2a: Cinderace|Pyro Ball|p1a: Blissey\n|-damage|p1a: Blissey|0 fnt\n|faint|p1a: Blissey\n|\n|win|Kinesquared\n|c|\u2606Kinesquared|gr\n|c|\u2606TBalpha22|gg\n|c|\u2606Kinesquared|that's 1-0\n","uploadtime":1700668422,"views":12,"p1id":"tbalpha22","p2id":"kinesquared","formatid":"gen9ubers","rating":0,"private":0,"password":""}