{"id":"gen9ubers-1995432366","p1":"lil bro driving","p2":"sharpyboi","format":"[Gen 9] Ubers","log":"|j|\u2606lil bro driving\n|j|\u2606sharpyboi\n|t:|1700570067\n|gametype|singles\n|player|p1|lil bro driving|petrel|1196\n|player|p2|sharpyboi|pilot|1251\n|teamsize|p1|6\n|teamsize|p2|6\n|gen|9\n|tier|[Gen 9] Ubers\n|rated|\n|rule|Sleep Clause Mod: Limit one foe put to sleep\n|rule|Species Clause: Limit one of each Pok\u00e9mon\n|rule|OHKO Clause: OHKO moves are banned\n|rule|Evasion Items Clause: Evasion items are banned\n|rule|Evasion Moves Clause: Evasion moves are banned\n|rule|Endless Battle Clause: Forcing endless battles is banned\n|rule|HP Percentage Mod: HP is shown in percentages\n|clearpoke\n|poke|p1|Iron Bundle|\n|poke|p1|Clefable, F|\n|poke|p1|Miraidon|\n|poke|p1|Skeledirge, M|\n|poke|p1|Blissey, F|\n|poke|p1|Gliscor, F|\n|poke|p2|Zacian-*|\n|poke|p2|Miraidon|\n|poke|p2|Skeledirge, F|\n|poke|p2|Komala, M|\n|poke|p2|Arceus|\n|poke|p2|Koraidon|\n|teampreview\n|inactive|Battle timer is ON: inactive players will automatically lose when time's up. (requested by lil bro driving)\n|\n|t:|1700570081\n|start\n|switch|p1a: Iron Bundle|Iron Bundle|100\/100\n|switch|p2a: Zacian|Zacian-Crowned|100\/100\n|-ability|p2a: Zacian|Intrepid Sword|boost\n|-boost|p2a: Zacian|atk|1\n|turn|1\n|\n|t:|1700570089\n|-end|p1a: Iron Bundle|Quark Drive|[silent]\n|switch|p1a: Skeledirge|Skeledirge, M|100\/100\n|move|p2a: Zacian|Behemoth Blade|p1a: Skeledirge\n|-resisted|p1a: Skeledirge\n|-damage|p1a: Skeledirge|84\/100\n|\n|upkeep\n|turn|2\n|\n|t:|1700570095\n|-terastallize|p2a: Zacian|Water\n|move|p2a: Zacian|Tera Blast|p1a: Skeledirge|[anim] Tera Blast Water\n|-supereffective|p1a: Skeledirge\n|-damage|p1a: Skeledirge|27\/100\n|move|p1a: Skeledirge|Will-O-Wisp|p2a: Zacian\n|-status|p2a: Zacian|brn\n|\n|-damage|p2a: Zacian|94\/100 brn|[from] brn\n|upkeep\n|turn|3\n|inactive|lil bro driving has 120 seconds left.\n|\n|t:|1700570133\n|switch|p1a: Miraidon|Miraidon|100\/100\n|-fieldstart|move: Electric Terrain|[from] ability: Hadron Engine|[of] p1a: Miraidon\n|move|p2a: Zacian|Tera Blast|p1a: Miraidon|[anim] Tera Blast Water\n|-resisted|p1a: Miraidon\n|-damage|p1a: Miraidon|85\/100\n|\n|-damage|p2a: Zacian|88\/100 brn|[from] brn\n|upkeep\n|turn|4\n|inactive|lil bro driving has 120 seconds left.\n|\n|t:|1700570153\n|switch|p2a: Komala|Komala, M|100\/100\n|-ability|p2a: Komala|Comatose\n|-terastallize|p1a: Miraidon|Electric\n|move|p1a: Miraidon|Volt Switch|p2a: Komala\n|-crit|p2a: Komala\n|-damage|p2a: Komala|0 fnt\n|faint|p2a: Komala\n|\n|t:|1700570161\n|switch|p1a: Gliscor|Gliscor, F|100\/100|[from] Volt Switch\n|\n|-status|p1a: Gliscor|tox|[from] item: Toxic Orb\n|upkeep\n|\n|t:|1700570172\n|switch|p2a: Koraidon|Koraidon|100\/100\n|-weather|SunnyDay|[from] ability: Orichalcum Pulse|[of] p2a: Koraidon\n|-activate|p2a: Koraidon|Orichalcum Pulse|[source]\n|turn|5\n|inactive|lil bro driving has 120 seconds left.\n|\n|t:|1700570183\n|move|p2a: Koraidon|Swords Dance|p2a: Koraidon\n|-boost|p2a: Koraidon|atk|2\n|move|p1a: Gliscor|Knock Off|p2a: Koraidon\n|-resisted|p2a: Koraidon\n|-damage|p2a: Koraidon|91\/100\n|-enditem|p2a: Koraidon|Loaded Dice|[from] move: Knock Off|[of] p1a: Gliscor\n|\n|-weather|SunnyDay|[upkeep]\n|upkeep\n|turn|6\n|\n|t:|1700570190\n|move|p1a: Gliscor|Protect|p1a: Gliscor\n|-singleturn|p1a: Gliscor|Protect\n|move|p2a: Koraidon|Scale Shot|p1a: Gliscor\n|-activate|p1a: Gliscor|move: Protect\n|\n|-weather|SunnyDay|[upkeep]\n|upkeep\n|turn|7\n|\n|t:|1700570197\n|move|p2a: Koraidon|Scale Shot|p1a: Gliscor\n|-damage|p1a: Gliscor|80\/100 tox\n|-damage|p1a: Gliscor|59\/100 tox\n|-damage|p1a: Gliscor|39\/100 tox\n|-hitcount|p1a: Gliscor|3\n|-unboost|p2a: Koraidon|def|1\n|-boost|p2a: Koraidon|spe|1\n|move|p1a: Gliscor|Spikes|p2a: Koraidon\n|-sidestart|p2: sharpyboi|Spikes\n|\n|-weather|SunnyDay|[upkeep]\n|-heal|p1a: Gliscor|51\/100 tox|[from] ability: Poison Heal\n|-fieldend|move: Electric Terrain\n|upkeep\n|turn|8\n|\n|t:|1700570209\n|move|p1a: Gliscor|Protect|p1a: Gliscor\n|-singleturn|p1a: Gliscor|Protect\n|move|p2a: Koraidon|Low Kick|p1a: Gliscor\n|-activate|p1a: Gliscor|move: Protect\n|\n|-weather|SunnyDay|[upkeep]\n|-heal|p1a: Gliscor|64\/100 tox|[from] ability: Poison Heal\n|upkeep\n|turn|9\n|\n|t:|1700570217\n|move|p2a: Koraidon|Low Kick|p1a: Gliscor\n|-resisted|p1a: Gliscor\n|-damage|p1a: Gliscor|36\/100 tox\n|move|p1a: Gliscor|Spikes|p2a: Koraidon\n|-sidestart|p2: sharpyboi|Spikes\n|\n|-weather|none\n|-heal|p1a: Gliscor|49\/100 tox|[from] ability: Poison Heal\n|upkeep\n|turn|10\n|\n|t:|1700570224\n|move|p1a: Gliscor|Protect|p1a: Gliscor\n|-singleturn|p1a: Gliscor|Protect\n|move|p2a: Koraidon|Swords Dance|p2a: Koraidon\n|-boost|p2a: Koraidon|atk|2\n|\n|-heal|p1a: Gliscor|61\/100 tox|[from] ability: Poison Heal\n|upkeep\n|turn|11\n|\n|t:|1700570231\n|switch|p1a: Clefable|Clefable, F|100\/100\n|move|p2a: Koraidon|Flare Blitz|p1a: Clefable\n|-damage|p1a: Clefable|66\/100\n|-damage|p2a: Koraidon|79\/100|[from] Recoil\n|\n|upkeep\n|turn|12\n|\n|t:|1700570236\n|switch|p2a: Zacian|Zacian-Crowned, tera:Water|88\/100 brn\n|-damage|p2a: Zacian|72\/100 brn|[from] Spikes\n|move|p1a: Clefable|Moonlight|p1a: Clefable\n|-heal|p1a: Clefable|100\/100\n|\n|-damage|p2a: Zacian|65\/100 brn|[from] brn\n|upkeep\n|turn|13\n|\n|t:|1700570243\n|switch|p1a: Gliscor|Gliscor, F|61\/100 tox\n|move|p2a: Zacian|Behemoth Blade|p1a: Gliscor\n|-damage|p1a: Gliscor|44\/100 tox\n|\n|-heal|p1a: Gliscor|57\/100 tox|[from] ability: Poison Heal\n|-damage|p2a: Zacian|59\/100 brn|[from] brn\n|upkeep\n|turn|14\n|\n|t:|1700570249\n|move|p2a: Zacian|Tera Blast|p1a: Gliscor|[anim] Tera Blast Water\n|-supereffective|p1a: Gliscor\n|-damage|p1a: Gliscor|29\/100 tox\n|move|p1a: Gliscor|Spikes|p2a: Zacian\n|-sidestart|p2: sharpyboi|Spikes\n|\n|-heal|p1a: Gliscor|41\/100 tox|[from] ability: Poison Heal\n|-damage|p2a: Zacian|53\/100 brn|[from] brn\n|upkeep\n|turn|15\n|\n|t:|1700570258\n|move|p2a: Zacian|Swords Dance|p2a: Zacian\n|-boost|p2a: Zacian|atk|2\n|move|p1a: Gliscor|U-turn|p2a: Zacian\n|-damage|p2a: Zacian|38\/100 brn\n|\n|t:|1700570262\n|switch|p1a: Miraidon|Miraidon, tera:Electric|85\/100|[from] U-turn\n|-fieldstart|move: Electric Terrain|[from] ability: Hadron Engine|[of] p1a: Miraidon\n|\n|-damage|p2a: Zacian|32\/100 brn|[from] brn\n|upkeep\n|turn|16\n|\n|t:|1700570266\n|move|p2a: Zacian|Play Rough|p1a: Miraidon\n|-damage|p1a: Miraidon|35\/100\n|-unboost|p1a: Miraidon|atk|1\n|move|p1a: Miraidon|Volt Switch|p2a: Zacian\n|-supereffective|p2a: Zacian\n|-damage|p2a: Zacian|0 fnt\n|faint|p2a: Zacian\n|\n|t:|1700570277\n|switch|p1a: Gliscor|Gliscor, F|41\/100 tox|[from] Volt Switch\n|\n|-heal|p1a: Gliscor|54\/100 tox|[from] ability: Poison Heal\n|upkeep\n|\n|t:|1700570284\n|switch|p2a: Arceus|Arceus|100\/100\n|-damage|p2a: Arceus|75\/100|[from] Spikes\n|turn|17\n|\n|t:|1700570289\n|move|p2a: Arceus|Swords Dance|p2a: Arceus\n|-boost|p2a: Arceus|atk|2\n|move|p1a: Gliscor|Knock Off|p2a: Arceus\n|-damage|p2a: Arceus|61\/100\n|-enditem|p2a: Arceus|Silk Scarf|[from] move: Knock Off|[of] p1a: Gliscor\n|\n|-heal|p1a: Gliscor|66\/100 tox|[from] ability: Poison Heal\n|upkeep\n|turn|18\n|\n|t:|1700570297\n|move|p1a: Gliscor|Protect|p1a: Gliscor\n|-singleturn|p1a: Gliscor|Protect\n|move|p2a: Arceus|Swords Dance|p2a: Arceus\n|-boost|p2a: Arceus|atk|2\n|\n|-heal|p1a: Gliscor|79\/100 tox|[from] ability: Poison Heal\n|upkeep\n|turn|19\n|\n|t:|1700570303\n|switch|p1a: Skeledirge|Skeledirge, M|27\/100\n|move|p2a: Arceus|Taunt|p1a: Skeledirge\n|-start|p1a: Skeledirge|move: Taunt\n|\n|-fieldend|move: Electric Terrain\n|upkeep\n|turn|20\n|\n|t:|1700570309\n|switch|p1a: Clefable|Clefable, F|100\/100\n|move|p2a: Arceus|Shadow Claw|p1a: Clefable\n|-damage|p1a: Clefable|81\/100\n|\n|upkeep\n|turn|21\n|\n|t:|1700570316\n|move|p2a: Arceus|Extreme Speed|p1a: Clefable\n|-damage|p1a: Clefable|49\/100\n|move|p1a: Clefable|Thunder Wave|p2a: Arceus\n|-status|p2a: Arceus|par\n|\n|upkeep\n|turn|22\n|\n|t:|1700570321\n|move|p1a: Clefable|Moonlight|p1a: Clefable\n|-heal|p1a: Clefable|98\/100\n|cant|p2a: Arceus|par\n|\n|upkeep\n|turn|23\n|\n|t:|1700570324\n|move|p1a: Clefable|Moonblast|p2a: Arceus\n|-damage|p2a: Arceus|40\/100 par\n|-unboost|p2a: Arceus|spa|1\n|cant|p2a: Arceus|par\n|\n|upkeep\n|turn|24\n|\n|t:|1700570331\n|move|p1a: Clefable|Moonblast|p2a: Arceus\n|-damage|p2a: Arceus|21\/100 par\n|move|p2a: Arceus|Taunt|p1a: Clefable\n|-start|p1a: Clefable|move: Taunt\n|\n|upkeep\n|turn|25\n|\n|t:|1700570341\n|move|p2a: Arceus|Extreme Speed|p1a: Clefable\n|-damage|p1a: Clefable|64\/100\n|move|p1a: Clefable|Moonblast|p2a: Arceus\n|-damage|p2a: Arceus|0 fnt\n|faint|p2a: Arceus\n|\n|upkeep\n|\n|t:|1700570351\n|switch|p2a: Miraidon|Miraidon|100\/100\n|-damage|p2a: Miraidon|76\/100|[from] Spikes\n|-fieldstart|move: Electric Terrain|[from] ability: Hadron Engine|[of] p2a: Miraidon\n|turn|26\n|\n|t:|1700570375\n|switch|p1a: Gliscor|Gliscor, F|79\/100 tox\n|move|p2a: Miraidon|Electro Drift|p1a: Gliscor\n|-immune|p1a: Gliscor\n|\n|-heal|p1a: Gliscor|91\/100 tox|[from] ability: Poison Heal\n|upkeep\n|turn|27\n|\n|t:|1700570383\n|switch|p2a: Skeledirge|Skeledirge, F|100\/100\n|-damage|p2a: Skeledirge|75\/100|[from] Spikes\n|move|p1a: Gliscor|Protect||[still]\n|-fail|p1a: Gliscor\n|\n|-heal|p2a: Skeledirge|82\/100|[from] item: Leftovers\n|-heal|p1a: Gliscor|100\/100 tox|[from] ability: Poison Heal\n|upkeep\n|turn|28\n|\n|t:|1700570388\n|move|p1a: Gliscor|Knock Off|p2a: Skeledirge\n|-supereffective|p2a: Skeledirge\n|-damage|p2a: Skeledirge|58\/100\n|-enditem|p2a: Skeledirge|Leftovers|[from] move: Knock Off|[of] p1a: Gliscor\n|move|p2a: Skeledirge|Hex|p1a: Gliscor\n|-damage|p1a: Gliscor|43\/100 tox\n|\n|-heal|p1a: Gliscor|55\/100 tox|[from] ability: Poison Heal\n|upkeep\n|turn|29\n|\n|t:|1700570394\n|move|p1a: Gliscor|Protect|p1a: Gliscor\n|-singleturn|p1a: Gliscor|Protect\n|move|p2a: Skeledirge|Hex|p1a: Gliscor\n|-activate|p1a: Gliscor|move: Protect\n|\n|-heal|p1a: Gliscor|68\/100 tox|[from] ability: Poison Heal\n|upkeep\n|turn|30\n|\n|t:|1700570400\n|move|p1a: Gliscor|U-turn|p2a: Skeledirge\n|-resisted|p2a: Skeledirge\n|-damage|p2a: Skeledirge|55\/100\n|\n|t:|1700570401\n|switch|p1a: Blissey|Blissey, F|100\/100|[from] U-turn\n|move|p2a: Skeledirge|Slack Off|p2a: Skeledirge\n|-heal|p2a: Skeledirge|100\/100\n|\n|-fieldend|move: Electric Terrain\n|upkeep\n|turn|31\n|\n|t:|1700570403\n|move|p2a: Skeledirge|Will-O-Wisp|p1a: Blissey\n|-status|p1a: Blissey|brn\n|move|p1a: Blissey|Stealth Rock|p2a: Skeledirge\n|-sidestart|p2: sharpyboi|move: Stealth Rock\n|\n|-damage|p1a: Blissey|94\/100 brn|[from] brn\n|upkeep\n|turn|32\n|\n|t:|1700570406\n|move|p2a: Skeledirge|Torch Song|p1a: Blissey\n|-damage|p1a: Blissey|86\/100 brn\n|-boost|p2a: Skeledirge|spa|1\n|move|p1a: Blissey|Thunder Wave|p2a: Skeledirge\n|-status|p2a: Skeledirge|par\n|\n|-damage|p1a: Blissey|80\/100 brn|[from] brn\n|upkeep\n|turn|33\n|\n|t:|1700570410\n|-curestatus|p1a: Blissey|brn|[from] ability: Natural Cure\n|switch|p1a: Skeledirge|Skeledirge, M|27\/100\n|move|p2a: Skeledirge|Torch Song|p1a: Skeledirge\n|-resisted|p1a: Skeledirge\n|-damage|p1a: Skeledirge|11\/100\n|-boost|p2a: Skeledirge|spa|1\n|\n|upkeep\n|turn|34\n|\n|t:|1700570425\n|switch|p1a: Iron Bundle|Iron Bundle|100\/100\n|cant|p2a: Skeledirge|par\n|\n|upkeep\n|turn|35\n|\n|t:|1700570429\n|move|p1a: Iron Bundle|Flip Turn|p2a: Skeledirge\n|-supereffective|p2a: Skeledirge\n|-damage|p2a: Skeledirge|80\/100 par\n|\n|t:|1700570432\n|-end|p1a: Iron Bundle|Quark Drive|[silent]\n|switch|p1a: Skeledirge|Skeledirge, M|11\/100|[from] Flip Turn\n|move|p2a: Skeledirge|Torch Song|p1a: Skeledirge\n|-resisted|p1a: Skeledirge\n|-damage|p1a: Skeledirge|0 fnt\n|-boost|p2a: Skeledirge|spa|1\n|faint|p1a: Skeledirge\n|\n|upkeep\n|\n|t:|1700570433\n|switch|p1a: Miraidon|Miraidon, tera:Electric|35\/100\n|-fieldstart|move: Electric Terrain|[from] ability: Hadron Engine|[of] p1a: Miraidon\n|turn|36\n|\n|t:|1700570437\n|move|p1a: Miraidon|Electro Drift|p2a: Skeledirge\n|-damage|p2a: Skeledirge|0 fnt\n|faint|p2a: Skeledirge\n|\n|upkeep\n|\n|t:|1700570441\n|switch|p2a: Koraidon|Koraidon|79\/100\n|-damage|p2a: Koraidon|54\/100|[from] Spikes\n|-damage|p2a: Koraidon|47\/100|[from] Stealth Rock\n|-weather|SunnyDay|[from] ability: Orichalcum Pulse|[of] p2a: Koraidon\n|-activate|p2a: Koraidon|Orichalcum Pulse|[source]\n|turn|37\n|\n|t:|1700570452\n|switch|p1a: Clefable|Clefable, F|64\/100\n|move|p2a: Koraidon|Scale Shot|p1a: Clefable\n|-immune|p1a: Clefable\n|\n|-weather|SunnyDay|[upkeep]\n|upkeep\n|turn|38\n|\n|t:|1700570459\n|switch|p1a: Gliscor|Gliscor, F|68\/100 tox\n|move|p2a: Koraidon|Flare Blitz|p1a: Gliscor\n|-damage|p1a: Gliscor|20\/100 tox\n|-damage|p2a: Koraidon|31\/100|[from] Recoil\n|\n|-weather|SunnyDay|[upkeep]\n|-heal|p1a: Gliscor|33\/100 tox|[from] ability: Poison Heal\n|upkeep\n|turn|39\n|\n|t:|1700570470\n|move|p1a: Gliscor|Protect|p1a: Gliscor\n|-singleturn|p1a: Gliscor|Protect\n|move|p2a: Koraidon|Swords Dance|p2a: Koraidon\n|-boost|p2a: Koraidon|atk|2\n|\n|-weather|SunnyDay|[upkeep]\n|-heal|p1a: Gliscor|45\/100 tox|[from] ability: Poison Heal\n|upkeep\n|turn|40\n|l|\u2606sharpyboi\n|inactive|sharpyboi disconnected and has a minute to reconnect!\n|player|p2|\n|c|\u2606lil bro driving|come back\n|inactive|sharpyboi has 30 seconds to reconnect!\n|inactive|sharpyboi has 20 seconds to reconnect!\n|inactive|sharpyboi has 15 seconds to reconnect!\n|inactive|sharpyboi has 10 seconds to reconnect!\n|inactive|sharpyboi has 5 seconds to reconnect!\n|-message|sharpyboi lost due to inactivity.\n|\n|win|lil bro driving\n|raw|lil bro driving's rating: 1196 &rarr; <strong>1225<\/strong><br \/>(+29 for winning)\n|raw|sharpyboi's rating: 1251 &rarr; <strong>1222<\/strong><br \/>(-29 for losing)\n","uploadtime":1700570550,"views":4,"p1id":"lilbrodriving","p2id":"sharpyboi","formatid":"gen9ubers","rating":1222,"private":0,"password":""}