{"id":"gen9ubers-1998768510","p1":"DragonDoom21","p2":"Vall_NB","format":"[Gen 9] Ubers","log":"|j|\u2606DragonDoom21\n|j|\u2606Vall_NB\n|t:|1700986827\n|gametype|singles\n|player|p1|DragonDoom21|266|\n|player|p2|Vall_NB|265|\n|teamsize|p1|6\n|teamsize|p2|6\n|gen|9\n|tier|[Gen 9] Ubers\n|rule|Sleep Clause Mod: Limit one foe put to sleep\n|rule|Species Clause: Limit one of each Pok\u00e9mon\n|rule|OHKO Clause: OHKO moves are banned\n|rule|Evasion Items Clause: Evasion items are banned\n|rule|Evasion Moves Clause: Evasion moves are banned\n|rule|Endless Battle Clause: Forcing endless battles is banned\n|rule|HP Percentage Mod: HP is shown in percentages\n|clearpoke\n|poke|p1|Miraidon|\n|poke|p1|Eternatus|\n|poke|p1|Landorus-Therian, M|\n|poke|p1|Iron Treads|\n|poke|p1|Hatterene, F|\n|poke|p1|Roaring Moon|\n|poke|p2|Gliscor, M|\n|poke|p2|Regieleki|\n|poke|p2|Houndstone, F|\n|poke|p2|Sneasler, M|\n|poke|p2|Arceus-Fairy|\n|poke|p2|Giratina|\n|teampreview\n|inactive|Battle timer is ON: inactive players will automatically lose when time's up. (requested by DragonDoom21)\n|inactiveoff|Battle timer is now OFF.\n|\n|t:|1700986851\n|start\n|switch|p1a: Iron Treads|Iron Treads|100\/100\n|switch|p2a: Gliscor|Gliscor, M|100\/100\n|turn|1\n|\n|t:|1700986863\n|move|p1a: Iron Treads|Knock Off|p2a: Gliscor\n|-damage|p2a: Gliscor|80\/100\n|-enditem|p2a: Gliscor|Toxic Orb|[from] move: Knock Off|[of] p1a: Iron Treads\n|move|p2a: Gliscor|Earthquake|p1a: Iron Treads\n|-supereffective|p1a: Iron Treads\n|-damage|p1a: Iron Treads|59\/100\n|\n|-heal|p1a: Iron Treads|66\/100|[from] item: Leftovers\n|upkeep\n|turn|2\n|\n|t:|1700986877\n|-end|p1a: Iron Treads|Quark Drive|[silent]\n|switch|p1a: Landorus|Landorus-Therian, M|100\/100\n|-ability|p1a: Landorus|Intimidate|boost\n|-unboost|p2a: Gliscor|atk|1\n|move|p2a: Gliscor|U-turn|p1a: Landorus\n|-resisted|p1a: Landorus\n|-damage|p1a: Landorus|97\/100\n|\n|t:|1700986890\n|switch|p2a: Giratina|Giratina|100\/100|[from] U-turn\n|-ability|p2a: Giratina|Pressure\n|\n|-heal|p1a: Landorus|100\/100|[from] item: Leftovers\n|upkeep\n|turn|3\n|\n|t:|1700986899\n|move|p1a: Landorus|Taunt|p2a: Giratina\n|-start|p2a: Giratina|move: Taunt\n|cant|p2a: Giratina|move: Taunt|Will-O-Wisp\n|\n|upkeep\n|turn|4\n|\n|t:|1700986904\n|switch|p2a: Gliscor|Gliscor, M|80\/100\n|move|p1a: Landorus|U-turn|p2a: Gliscor\n|-resisted|p2a: Gliscor\n|-damage|p2a: Gliscor|72\/100\n|\n|t:|1700986912\n|switch|p1a: Miraidon|Miraidon|100\/100|[from] U-turn\n|-fieldstart|move: Electric Terrain|[from] ability: Hadron Engine|[of] p1a: Miraidon\n|\n|upkeep\n|turn|5\n|\n|t:|1700986920\n|move|p1a: Miraidon|U-turn|p2a: Gliscor\n|-resisted|p2a: Gliscor\n|-damage|p2a: Gliscor|67\/100\n|\n|t:|1700986925\n|switch|p1a: Landorus|Landorus-Therian, M|100\/100|[from] U-turn\n|-ability|p1a: Landorus|Intimidate|boost\n|-unboost|p2a: Gliscor|atk|1\n|move|p2a: Gliscor|Earthquake|p1a: Landorus\n|-immune|p1a: Landorus\n|\n|upkeep\n|turn|6\n|\n|t:|1700986934\n|move|p2a: Gliscor|Spikes|p1a: Landorus\n|-sidestart|p1: DragonDoom21|Spikes\n|move|p1a: Landorus|Stealth Rock|p2a: Gliscor\n|-sidestart|p2: Vall_NB|move: Stealth Rock\n|\n|upkeep\n|turn|7\n|\n|t:|1700986942\n|switch|p1a: Hatterene|Hatterene, F|100\/100\n|-damage|p1a: Hatterene|88\/100|[from] Spikes\n|move|p2a: Gliscor|Stealth Rock|p1a: Hatterene\n|move|p1a: Hatterene|Stealth Rock||[from]ability: Magic Bounce|[still]\n|-fail|p1a: Hatterene\n|\n|upkeep\n|turn|8\n|\n|t:|1700986955\n|move|p2a: Gliscor|Earthquake|p1a: Hatterene\n|-damage|p1a: Hatterene|69\/100\n|-enditem|p1a: Hatterene|Eject Button\n|\n|t:|1700986958\n|switch|p1a: Miraidon|Miraidon|100\/100\n|-damage|p1a: Miraidon|88\/100|[from] Spikes\n|-activate|p1a: Miraidon|ability: Hadron Engine\n|\n|-fieldend|move: Electric Terrain\n|upkeep\n|turn|9\n|\n|t:|1700986962\n|move|p1a: Miraidon|Draco Meteor|p2a: Gliscor\n|-damage|p2a: Gliscor|0 fnt\n|-unboost|p1a: Miraidon|spa|2\n|faint|p2a: Gliscor\n|\n|upkeep\n|\n|t:|1700986966\n|switch|p2a: Arceus|Arceus-Fairy|100\/100\n|-damage|p2a: Arceus|88\/100|[from] Stealth Rock\n|turn|10\n|\n|t:|1700986974\n|switch|p1a: Iron Treads|Iron Treads|66\/100\n|-damage|p1a: Iron Treads|53\/100|[from] Spikes\n|move|p2a: Arceus|Will-O-Wisp|p1a: Iron Treads\n|-status|p1a: Iron Treads|brn\n|\n|-heal|p1a: Iron Treads|59\/100 brn|[from] item: Leftovers\n|-damage|p1a: Iron Treads|53\/100 brn|[from] brn\n|upkeep\n|turn|11\n|\n|t:|1700986987\n|switch|p2a: Giratina|Giratina|100\/100\n|-damage|p2a: Giratina|88\/100|[from] Stealth Rock\n|-ability|p2a: Giratina|Pressure\n|move|p1a: Iron Treads|Rapid Spin|p2a: Giratina\n|-immune|p2a: Giratina\n|\n|-heal|p1a: Iron Treads|59\/100 brn|[from] item: Leftovers\n|-heal|p2a: Giratina|94\/100|[from] item: Leftovers\n|-damage|p1a: Iron Treads|53\/100 brn|[from] brn\n|upkeep\n|turn|12\n|\n|t:|1700986999\n|move|p1a: Iron Treads|Knock Off|p2a: Giratina\n|-supereffective|p2a: Giratina\n|-damage|p2a: Giratina|79\/100\n|-enditem|p2a: Giratina|Leftovers|[from] move: Knock Off|[of] p1a: Iron Treads\n|move|p2a: Giratina|Calm Mind|p2a: Giratina\n|-boost|p2a: Giratina|spa|1\n|-boost|p2a: Giratina|spd|1\n|\n|-heal|p1a: Iron Treads|59\/100 brn|[from] item: Leftovers\n|-damage|p1a: Iron Treads|53\/100 brn|[from] brn\n|upkeep\n|turn|13\n|\n|t:|1700987008\n|move|p1a: Iron Treads|Volt Switch|p2a: Giratina\n|-resisted|p2a: Giratina\n|-damage|p2a: Giratina|77\/100\n|\n|t:|1700987013\n|-end|p1a: Iron Treads|Quark Drive|[silent]\n|switch|p1a: Miraidon|Miraidon|88\/100|[from] Volt Switch\n|-damage|p1a: Miraidon|76\/100|[from] Spikes\n|-fieldstart|move: Electric Terrain|[from] ability: Hadron Engine|[of] p1a: Miraidon\n|move|p2a: Giratina|Calm Mind|p2a: Giratina\n|-boost|p2a: Giratina|spa|1\n|-boost|p2a: Giratina|spd|1\n|\n|upkeep\n|turn|14\n|\n|t:|1700987021\n|-terastallize|p2a: Giratina|Fairy\n|move|p1a: Miraidon|Draco Meteor|p2a: Giratina\n|-immune|p2a: Giratina\n|move|p2a: Giratina|Will-O-Wisp|p1a: Miraidon\n|-status|p1a: Miraidon|brn\n|\n|-damage|p1a: Miraidon|70\/100 brn|[from] brn\n|upkeep\n|turn|15\n|\n|t:|1700987031\n|switch|p1a: Eternatus|Eternatus|100\/100\n|-damage|p1a: Eternatus|88\/100|[from] Spikes\n|-ability|p1a: Eternatus|Pressure\n|move|p2a: Giratina|Calm Mind|p2a: Giratina\n|-boost|p2a: Giratina|spa|1\n|-boost|p2a: Giratina|spd|1\n|\n|upkeep\n|turn|16\n|\n|t:|1700987042\n|move|p1a: Eternatus|Sludge Bomb|p2a: Giratina\n|-supereffective|p2a: Giratina\n|-damage|p2a: Giratina|58\/100\n|move|p2a: Giratina|Will-O-Wisp|p1a: Eternatus|[miss]\n|-miss|p2a: Giratina|p1a: Eternatus\n|\n|upkeep\n|turn|17\n|\n|t:|1700987048\n|move|p1a: Eternatus|Sludge Bomb|p2a: Giratina\n|-supereffective|p2a: Giratina\n|-damage|p2a: Giratina|38\/100\n|move|p2a: Giratina|Will-O-Wisp|p1a: Eternatus\n|-status|p1a: Eternatus|brn\n|\n|-damage|p1a: Eternatus|82\/100 brn|[from] brn\n|-fieldend|move: Electric Terrain\n|upkeep\n|turn|18\n|\n|t:|1700987053\n|move|p1a: Eternatus|Sludge Bomb|p2a: Giratina\n|-supereffective|p2a: Giratina\n|-damage|p2a: Giratina|22\/100\n|move|p2a: Giratina|Hex|p1a: Eternatus\n|-damage|p1a: Eternatus|0 fnt\n|faint|p1a: Eternatus\n|\n|upkeep\n|\n|t:|1700987064\n|switch|p1a: Roaring Moon|Roaring Moon|100\/100\n|-damage|p1a: Roaring Moon|88\/100|[from] Spikes\n|turn|19\n|\n|t:|1700987069\n|move|p1a: Roaring Moon|Iron Head|p2a: Giratina\n|-supereffective|p2a: Giratina\n|-damage|p2a: Giratina|0 fnt\n|faint|p2a: Giratina\n|\n|-heal|p1a: Roaring Moon|94\/100|[from] item: Leftovers\n|upkeep\n|\n|t:|1700987073\n|switch|p2a: Sneasler|Sneasler, M|100\/100\n|-damage|p2a: Sneasler|95\/100|[from] Stealth Rock\n|turn|20\n|\n|t:|1700987088\n|switch|p2a: Arceus|Arceus-Fairy|88\/100\n|-damage|p2a: Arceus|76\/100|[from] Stealth Rock\n|-end|p1a: Roaring Moon|Protosynthesis|[silent]\n|switch|p1a: Landorus|Landorus-Therian, M|100\/100\n|-ability|p1a: Landorus|Intimidate|boost\n|-unboost|p2a: Arceus|atk|1\n|\n|upkeep\n|turn|21\n|\n|t:|1700987101\n|switch|p1a: Hatterene|Hatterene, F|69\/100\n|-damage|p1a: Hatterene|57\/100|[from] Spikes\n|move|p2a: Arceus|Earth Power|p1a: Hatterene\n|-damage|p1a: Hatterene|28\/100\n|\n|upkeep\n|turn|22\n|\n|t:|1700987110\n|move|p2a: Arceus|Judgment|p1a: Hatterene\n|-damage|p1a: Hatterene|0 fnt\n|faint|p1a: Hatterene\n|\n|upkeep\n|\n|t:|1700987117\n|switch|p1a: Miraidon|Miraidon|70\/100 brn\n|-damage|p1a: Miraidon|58\/100 brn|[from] Spikes\n|-fieldstart|move: Electric Terrain|[from] ability: Hadron Engine|[of] p1a: Miraidon\n|turn|23\n|\n|t:|1700987120\n|move|p1a: Miraidon|Electro Drift|p2a: Arceus\n|-damage|p2a: Arceus|0 fnt\n|faint|p2a: Arceus\n|\n|-damage|p1a: Miraidon|51\/100 brn|[from] brn\n|upkeep\n|\n|t:|1700987164\n|switch|p2a: Sneasler|Sneasler, M|95\/100\n|-damage|p2a: Sneasler|89\/100|[from] Stealth Rock\n|turn|24\n|\n|t:|1700987169\n|move|p2a: Sneasler|Fake Out|p1a: Miraidon\n|-enditem|p2a: Sneasler|Normal Gem|[from] gem\n|-damage|p1a: Miraidon|30\/100 brn\n|cant|p1a: Miraidon|flinch\n|\n|-damage|p1a: Miraidon|24\/100 brn|[from] brn\n|upkeep\n|turn|25\n|\n|t:|1700987177\n|switch|p1a: Landorus|Landorus-Therian, M|100\/100\n|-ability|p1a: Landorus|Intimidate|boost\n|-unboost|p2a: Sneasler|atk|1\n|move|p2a: Sneasler|Dire Claw|p1a: Landorus\n|-resisted|p1a: Landorus\n|-damage|p1a: Landorus|89\/100\n|\n|-heal|p1a: Landorus|95\/100|[from] item: Leftovers\n|upkeep\n|turn|26\n|\n|t:|1700987188\n|move|p2a: Sneasler|Dire Claw|p1a: Landorus\n|-resisted|p1a: Landorus\n|-damage|p1a: Landorus|84\/100\n|move|p1a: Landorus|Earthquake|p2a: Sneasler\n|-supereffective|p2a: Sneasler\n|-damage|p2a: Sneasler|0 fnt\n|faint|p2a: Sneasler\n|\n|-heal|p1a: Landorus|90\/100|[from] item: Leftovers\n|upkeep\n|\n|t:|1700987195\n|switch|p2a: Houndstone|Houndstone, F|100\/100\n|-damage|p2a: Houndstone|88\/100|[from] Stealth Rock\n|turn|27\n|\n|t:|1700987200\n|move|p1a: Landorus|Earthquake|p2a: Houndstone\n|-damage|p2a: Houndstone|57\/100\n|move|p2a: Houndstone|Last Respects|p1a: Landorus\n|-damage|p1a: Landorus|29\/100\n|\n|-heal|p1a: Landorus|35\/100|[from] item: Leftovers\n|-fieldend|move: Electric Terrain\n|upkeep\n|turn|28\n|\n|t:|1700987206\n|move|p1a: Landorus|U-turn|p2a: Houndstone\n|-resisted|p2a: Houndstone\n|-damage|p2a: Houndstone|53\/100\n|\n|t:|1700987209\n|switch|p1a: Roaring Moon|Roaring Moon|94\/100|[from] U-turn\n|-damage|p1a: Roaring Moon|82\/100|[from] Spikes\n|move|p2a: Houndstone|Last Respects|p1a: Roaring Moon\n|-resisted|p1a: Roaring Moon\n|-damage|p1a: Roaring Moon|42\/100\n|\n|-heal|p1a: Roaring Moon|48\/100|[from] item: Leftovers\n|upkeep\n|turn|29\n|\n|t:|1700987218\n|move|p1a: Roaring Moon|Dragon Dance|p1a: Roaring Moon\n|-boost|p1a: Roaring Moon|atk|1\n|-boost|p1a: Roaring Moon|spe|1\n|move|p2a: Houndstone|Body Press|p1a: Roaring Moon\n|-supereffective|p1a: Roaring Moon\n|-damage|p1a: Roaring Moon|0 fnt\n|faint|p1a: Roaring Moon\n|-end|p1a: Roaring Moon|Protosynthesis|[silent]\n|\n|upkeep\n|\n|t:|1700987232\n|switch|p1a: Miraidon|Miraidon|24\/100 brn\n|-damage|p1a: Miraidon|12\/100 brn|[from] Spikes\n|-fieldstart|move: Electric Terrain|[from] ability: Hadron Engine|[of] p1a: Miraidon\n|turn|30\n|\n|t:|1700987235\n|move|p2a: Houndstone|Shadow Sneak|p1a: Miraidon\n|-damage|p1a: Miraidon|0 fnt\n|faint|p1a: Miraidon\n|\n|upkeep\n|\n|t:|1700987238\n|switch|p1a: Iron Treads|Iron Treads|53\/100 brn\n|-damage|p1a: Iron Treads|41\/100 brn|[from] Spikes\n|-activate|p1a: Iron Treads|ability: Quark Drive\n|-start|p1a: Iron Treads|quarkdrivedef\n|turn|31\n|\n|t:|1700987245\n|move|p1a: Iron Treads|Knock Off|p2a: Houndstone\n|-supereffective|p2a: Houndstone\n|-damage|p2a: Houndstone|44\/100\n|-enditem|p2a: Houndstone|Focus Sash|[from] move: Knock Off|[of] p1a: Iron Treads\n|move|p2a: Houndstone|Last Respects|p1a: Iron Treads\n|-damage|p1a: Iron Treads|0 fnt\n|faint|p1a: Iron Treads\n|-end|p1a: Iron Treads|Quark Drive|[silent]\n|\n|upkeep\n|\n|t:|1700987250\n|switch|p1a: Landorus|Landorus-Therian, M|35\/100\n|-ability|p1a: Landorus|Intimidate|boost\n|-unboost|p2a: Houndstone|atk|1\n|turn|32\n|\n|t:|1700987255\n|move|p1a: Landorus|Earthquake|p2a: Houndstone\n|-damage|p2a: Houndstone|9\/100\n|move|p2a: Houndstone|Last Respects|p1a: Landorus\n|-damage|p1a: Landorus|0 fnt\n|faint|p1a: Landorus\n|\n|win|Vall_NB\n|c|\u2606DragonDoom21|gg\n|c|\u2606Vall_NB|U upload gg\n|j| Wasabi1092\n","uploadtime":1700987280,"views":27,"p1id":"dragondoom21","p2id":"vallnb","formatid":"gen9ubers","rating":0,"private":0,"password":""}