{"id":"gen9ubers-1994544399","p1":"Pinescrone","p2":"massivesket","format":"[Gen 9] Ubers","log":"|j|\u2606Pinescrone\n|j|\u2606massivesket\n|t:|1700457355\n|gametype|singles\n|player|p1|Pinescrone|cilan|1059\n|player|p2|massivesket|medium|1141\n|teamsize|p1|6\n|teamsize|p2|6\n|gen|9\n|tier|[Gen 9] Ubers\n|rated|\n|rule|Sleep Clause Mod: Limit one foe put to sleep\n|rule|Species Clause: Limit one of each Pok\u00e9mon\n|rule|OHKO Clause: OHKO moves are banned\n|rule|Evasion Items Clause: Evasion items are banned\n|rule|Evasion Moves Clause: Evasion moves are banned\n|rule|Endless Battle Clause: Forcing endless battles is banned\n|rule|HP Percentage Mod: HP is shown in percentages\n|clearpoke\n|poke|p1|Maushold-Four|\n|poke|p1|Samurott-Hisui, F|\n|poke|p1|Miraidon|\n|poke|p1|Dragapult, M|\n|poke|p1|Zoroark, F|\n|poke|p1|Landorus, M|\n|poke|p2|Cyclizar, F|\n|poke|p2|Volcarona, M|\n|poke|p2|Chien-Pao|\n|poke|p2|Ursaluna-Bloodmoon, M|\n|poke|p2|Ogerpon-Hearthflame, F|\n|poke|p2|Roaring Moon|\n|teampreview\n|inactive|Battle timer is ON: inactive players will automatically lose when time's up. (requested by massivesket)\n|\n|t:|1700457364\n|start\n|switch|p1a: Landorus|Landorus, M|100\/100\n|switch|p2a: Arcee|Cyclizar, F, shiny|100\/100\n|turn|1\n|\n|t:|1700457375\n|switch|p1a: Dragapult|Dragapult, M|100\/100\n|move|p2a: Arcee|Shed Tail|p2a: Arcee\n|-start|p2a: Arcee|Substitute|[from] move: Shed Tail\n|-damage|p2a: Arcee|50\/100\n|\n|t:|1700457382\n|switch|p2a: Deathsaurus|Roaring Moon, shiny|100\/100|[from] Shed Tail\n|-enditem|p2a: Deathsaurus|Booster Energy\n|-activate|p2a: Deathsaurus|ability: Protosynthesis|[fromitem]\n|-start|p2a: Deathsaurus|protosynthesisatk\n|\n|upkeep\n|turn|2\n|\n|t:|1700457390\n|move|p1a: Dragapult|Dragon Darts|p2a: Deathsaurus\n|-supereffective|p2a: Deathsaurus\n|-damage|p2a: Deathsaurus|3\/100\n|-anim|p1a: Dragapult|Dragon Darts|p2a: Deathsaurus\n|-supereffective|p2a: Deathsaurus\n|-damage|p2a: Deathsaurus|0 fnt\n|faint|p2a: Deathsaurus\n|-end|p2a: Deathsaurus|Protosynthesis|[silent]\n|\n|upkeep\n|\n|t:|1700457397\n|switch|p2a: Mega Weavile|Chien-Pao|100\/100\n|-ability|p2a: Mega Weavile|Sword of Ruin\n|turn|3\n|\n|t:|1700457411\n|switch|p1a: Dragapult|Dragapult, M|100\/100\n|move|p2a: Mega Weavile|Sucker Punch||[still]\n|-fail|p2a: Mega Weavile\n|\n|upkeep\n|turn|4\n|\n|t:|1700457425\n|move|p2a: Mega Weavile|Crunch|p1a: Dragapult\n|-resisted|p1a: Dragapult\n|-damage|p1a: Dragapult|50\/100\n|replace|p1a: Zoroark|Zoroark, F, shiny\n|-end|p1a: Zoroark|Illusion\n|move|p1a: Zoroark|Flamethrower|p2a: Mega Weavile\n|-supereffective|p2a: Mega Weavile\n|-damage|p2a: Mega Weavile|3\/100\n|\n|upkeep\n|turn|5\n|\n|t:|1700457435\n|move|p2a: Mega Weavile|Sacred Sword|p1a: Zoroark\n|-supereffective|p1a: Zoroark\n|-damage|p1a: Zoroark|0 fnt\n|faint|p1a: Zoroark\n|\n|upkeep\n|\n|t:|1700457446\n|switch|p1a: Samurott|Samurott-Hisui, F, shiny|100\/100\n|turn|6\n|\n|t:|1700457453\n|move|p1a: Samurott|Sucker Punch|p2a: Mega Weavile\n|-resisted|p2a: Mega Weavile\n|-damage|p2a: Mega Weavile|0 fnt\n|faint|p2a: Mega Weavile\n|\n|upkeep\n|\n|t:|1700457456\n|switch|p2a: OniFans|Ogerpon-Hearthflame, F|100\/100\n|-ability|p2a: OniFans|Mold Breaker\n|turn|7\n|\n|t:|1700457462\n|move|p2a: OniFans|Swords Dance|p2a: OniFans\n|-boost|p2a: OniFans|atk|2\n|move|p1a: Samurott|Ceaseless Edge|p2a: OniFans\n|-damage|p2a: OniFans|41\/100\n|-sidestart|p2: massivesket|Spikes\n|\n|upkeep\n|turn|8\n|\n|t:|1700457474\n|move|p1a: Samurott|Sucker Punch|p2a: OniFans\n|-damage|p2a: OniFans|1\/100\n|move|p2a: OniFans|Horn Leech|p1a: Samurott\n|-supereffective|p1a: Samurott\n|-crit|p1a: Samurott\n|-enditem|p1a: Samurott|Focus Sash\n|-damage|p1a: Samurott|1\/100\n|-heal|p2a: OniFans|58\/100|[from] drain|[of] p1a: Samurott\n|\n|upkeep\n|turn|9\n|\n|t:|1700457484\n|move|p1a: Samurott|Sucker Punch|p2a: OniFans\n|-damage|p2a: OniFans|15\/100\n|move|p2a: OniFans|Horn Leech|p1a: Samurott\n|-supereffective|p1a: Samurott\n|-crit|p1a: Samurott\n|-damage|p1a: Samurott|0 fnt\n|-heal|p2a: OniFans|16\/100|[from] drain|[of] p1a: Samurott\n|faint|p1a: Samurott\n|\n|upkeep\n|\n|t:|1700457503\n|switch|p1a: Landorus|Landorus, M|100\/100\n|turn|10\n|\n|t:|1700457516\n|move|p2a: OniFans|Horn Leech|p1a: Landorus\n|-damage|p1a: Landorus|0 fnt\n|-heal|p2a: OniFans|69\/100|[from] drain|[of] p1a: Landorus\n|faint|p1a: Landorus\n|\n|upkeep\n|\n|t:|1700457524\n|switch|p1a: Miraidon|Miraidon|100\/100\n|-fieldstart|move: Electric Terrain|[from] ability: Hadron Engine|[of] p1a: Miraidon\n|turn|11\n|\n|t:|1700457540\n|move|p1a: Miraidon|Overheat|p2a: OniFans|[miss]\n|-miss|p1a: Miraidon|p2a: OniFans\n|move|p2a: OniFans|Ivy Cudgel|p1a: Miraidon|[anim] Ivy Cudgel Fire\n|-resisted|p1a: Miraidon\n|-damage|p1a: Miraidon|41\/100\n|\n|upkeep\n|turn|12\n|\n|t:|1700457550\n|move|p1a: Miraidon|Overheat|p2a: OniFans\n|-damage|p2a: OniFans|0 fnt\n|-unboost|p1a: Miraidon|spa|2\n|faint|p2a: OniFans\n|\n|upkeep\n|\n|t:|1700457552\n|switch|p2a: BITE OF 87|Ursaluna-Bloodmoon, M|100\/100\n|-damage|p2a: BITE OF 87|88\/100|[from] Spikes\n|turn|13\n|\n|t:|1700457559\n|move|p2a: BITE OF 87|Vacuum Wave|p1a: Miraidon\n|-damage|p1a: Miraidon|27\/100\n|move|p1a: Miraidon|Overheat|p2a: BITE OF 87\n|-damage|p2a: BITE OF 87|52\/100\n|-unboost|p1a: Miraidon|spa|2\n|\n|upkeep\n|turn|14\n|\n|t:|1700457567\n|move|p1a: Miraidon|Overheat|p2a: BITE OF 87\n|-damage|p2a: BITE OF 87|28\/100\n|-unboost|p1a: Miraidon|spa|2\n|move|p2a: BITE OF 87|Earth Power|p1a: Miraidon\n|-supereffective|p1a: Miraidon\n|-damage|p1a: Miraidon|0 fnt\n|faint|p1a: Miraidon\n|\n|upkeep\n|\n|t:|1700457576\n|switch|p1a: Dragapult|Dragapult, M|100\/100\n|turn|15\n|\n|t:|1700457583\n|move|p1a: Dragapult|Dragon Darts|p2a: BITE OF 87\n|-damage|p2a: BITE OF 87|1\/100\n|-anim|p1a: Dragapult|Dragon Darts|p2a: BITE OF 87\n|-damage|p2a: BITE OF 87|0 fnt\n|faint|p2a: BITE OF 87\n|\n|-fieldend|move: Electric Terrain\n|upkeep\n|\n|t:|1700457593\n|switch|p2a: FREE VOLCARONA|Volcarona, M, shiny|100\/100\n|turn|16\n|\n|t:|1700457597\n|move|p1a: Dragapult|Dragon Darts|p2a: FREE VOLCARONA\n|-damage|p2a: FREE VOLCARONA|41\/100\n|-anim|p1a: Dragapult|Dragon Darts|p2a: FREE VOLCARONA\n|-damage|p2a: FREE VOLCARONA|0 fnt\n|faint|p2a: FREE VOLCARONA\n|\n|upkeep\n|-message|massivesket forfeited.\n|\n|win|Pinescrone\n|raw|Pinescrone's rating: 1059 &rarr; <strong>1097<\/strong><br \/>(+38 for winning)\n|raw|massivesket's rating: 1141 &rarr; <strong>1110<\/strong><br \/>(-31 for losing)\n|l|\u2606massivesket\n|l|\u2606Pinescrone\n|j|\u2606Pinescrone\n|player|p1|Pinescrone|cilan\n","uploadtime":1700457686,"views":5,"p1id":"pinescrone","p2id":"massivesket","formatid":"gen9ubers","rating":1097,"private":0,"password":""}