{"id":"gen9ubers-1974220457","p1":"RumpleMyStiltSkin","p2":"EpicGamer069420","format":"[Gen 9] Ubers","log":"|j|\u2606RumpleMyStiltSkin\n|j|\u2606EpicGamer069420\n|t:|1698069523\n|gametype|singles\n|player|p1|RumpleMyStiltSkin|burglar-gen2|1379\n|player|p2|EpicGamer069420|lucas|1632\n|teamsize|p1|6\n|teamsize|p2|6\n|gen|9\n|tier|[Gen 9] Ubers\n|rated|\n|rule|Sleep Clause Mod: Limit one foe put to sleep\n|rule|Species Clause: Limit one of each Pok\u00e9mon\n|rule|OHKO Clause: OHKO moves are banned\n|rule|Evasion Items Clause: Evasion items are banned\n|rule|Evasion Moves Clause: Evasion moves are banned\n|rule|Endless Battle Clause: Forcing endless battles is banned\n|rule|HP Percentage Mod: HP is shown in percentages\n|clearpoke\n|poke|p1|Dragapult, F|\n|poke|p1|Urshifu-*, M|\n|poke|p1|Cresselia, F|\n|poke|p1|Magearna|\n|poke|p1|Calyrex-Ice|\n|poke|p1|Ursaluna-Bloodmoon, M|\n|poke|p2|Annihilape, M|\n|poke|p2|Hatterene, F|\n|poke|p2|Arceus-Ground|\n|poke|p2|Clodsire, M|\n|poke|p2|Kingambit, M|\n|poke|p2|Miraidon|\n|teampreview\n|inactive|Battle timer is ON: inactive players will automatically lose when time's up. (requested by EpicGamer069420)\n|c|\u2606EpicGamer069420|hf\n|c|\u2606RumpleMyStiltSkin|u2\n|inactive|EpicGamer069420 has 120 seconds left.\n|\n|t:|1698069564\n|start\n|switch|p1a: Cresselia|Cresselia, F, shiny|100\/100\n|switch|p2a: Miraidon|Miraidon|100\/100\n|-fieldstart|move: Electric Terrain|[from] ability: Hadron Engine|[of] p2a: Miraidon\n|turn|1\n|\n|t:|1698069581\n|move|p2a: Miraidon|Taunt|p1a: Cresselia\n|-start|p1a: Cresselia|move: Taunt\n|-enditem|p1a: Cresselia|Mental Herb\n|-end|p1a: Cresselia|move: Taunt\n|move|p1a: Cresselia|Trick Room|p1a: Cresselia\n|-fieldstart|move: Trick Room|[of] p1a: Cresselia\n|\n|upkeep\n|turn|2\n|\n|t:|1698069588\n|switch|p1a: Magearna|Magearna|100\/100\n|move|p2a: Miraidon|Draco Meteor|p1a: Magearna\n|-immune|p1a: Magearna\n|\n|upkeep\n|turn|3\n|\n|t:|1698069595\n|switch|p2a: Clodsire|Clodsire, M|100\/100\n|move|p1a: Magearna|Fleur Cannon|p2a: Clodsire\n|-resisted|p2a: Clodsire\n|-damage|p2a: Clodsire|81\/100\n|-unboost|p1a: Magearna|spa|2\n|\n|upkeep\n|turn|4\n|\n|t:|1698069606\n|switch|p1a: Calyrex|Calyrex-Ice|100\/100\n|-ability|p1a: Calyrex|As One\n|-ability|p1a: Calyrex|Unnerve\n|move|p2a: Clodsire|Stealth Rock|p1a: Calyrex\n|-sidestart|p1: RumpleMyStiltSkin|move: Stealth Rock\n|\n|upkeep\n|turn|5\n|\n|t:|1698069625\n|switch|p2a: Kingambit|Kingambit, M|100\/100\n|move|p1a: Calyrex|Glacial Lance|p2a: Kingambit\n|-resisted|p2a: Kingambit\n|-damage|p2a: Kingambit|70\/100\n|\n|-heal|p2a: Kingambit|76\/100|[from] item: Leftovers\n|-fieldend|move: Trick Room\n|-fieldend|move: Electric Terrain\n|upkeep\n|turn|6\n|\n|t:|1698069635\n|-terastallize|p1a: Calyrex|Fighting\n|move|p2a: Kingambit|Iron Head|p1a: Calyrex\n|-damage|p1a: Calyrex|72\/100\n|move|p1a: Calyrex|Close Combat|p2a: Kingambit\n|-supereffective|p2a: Kingambit\n|-damage|p2a: Kingambit|0 fnt\n|-unboost|p1a: Calyrex|def|1\n|-unboost|p1a: Calyrex|spd|1\n|faint|p2a: Kingambit\n|-end|p2a: Kingambit|fallenundefined|[silent]\n|-ability|p1a: Calyrex|Chilling Neigh|boost\n|-boost|p1a: Calyrex|atk|1\n|\n|-heal|p1a: Calyrex|78\/100|[from] item: Leftovers\n|upkeep\n|\n|t:|1698069657\n|switch|p2a: Miraidon|Miraidon|100\/100\n|-fieldstart|move: Electric Terrain|[from] ability: Hadron Engine|[of] p2a: Miraidon\n|turn|7\n|\n|t:|1698069664\n|switch|p1a: Dragapult|Dragapult, F|100\/100\n|move|p2a: Miraidon|Electro Drift|p1a: Dragapult\n|-resisted|p1a: Dragapult\n|-damage|p1a: Dragapult|40\/100\n|\n|upkeep\n|turn|8\n|\n|t:|1698069675\n|switch|p2a: Clodsire|Clodsire, M|81\/100\n|move|p1a: Dragapult|Protect||[still]\n|-fail|p1a: Dragapult\n|\n|upkeep\n|turn|9\n|\n|t:|1698069684\n|switch|p1a: Cresselia|Cresselia, F, shiny|100\/100\n|-damage|p1a: Cresselia|88\/100|[from] Stealth Rock\n|move|p2a: Clodsire|Toxic|p1a: Cresselia\n|-status|p1a: Cresselia|tox\n|\n|-damage|p1a: Cresselia|82\/100 tox|[from] psn\n|upkeep\n|turn|10\n|inactive|EpicGamer069420 has 120 seconds left.\n|\n|t:|1698069723\n|switch|p2a: Hatterene|Hatterene, F|100\/100\n|move|p1a: Cresselia|Trick Room|p1a: Cresselia\n|-fieldstart|move: Trick Room|[of] p1a: Cresselia\n|\n|-damage|p1a: Cresselia|70\/100 tox|[from] psn\n|upkeep\n|turn|11\n|\n|t:|1698069733\n|switch|p1a: Magearna|Magearna|100\/100\n|-damage|p1a: Magearna|94\/100|[from] Stealth Rock\n|move|p2a: Hatterene|Draining Kiss|p1a: Magearna\n|-resisted|p1a: Magearna\n|-damage|p1a: Magearna|85\/100\n|\n|-heal|p1a: Magearna|91\/100|[from] item: Leftovers\n|-fieldend|move: Electric Terrain\n|upkeep\n|turn|12\n|\n|t:|1698069740\n|switch|p2a: Clodsire|Clodsire, M|81\/100\n|move|p1a: Magearna|Flash Cannon|p2a: Clodsire\n|-crit|p2a: Clodsire\n|-damage|p2a: Clodsire|45\/100\n|-unboost|p2a: Clodsire|spd|1\n|\n|-heal|p1a: Magearna|97\/100|[from] item: Leftovers\n|upkeep\n|turn|13\n|\n|t:|1698069753\n|switch|p2a: Arceus|Arceus-Ground|100\/100\n|move|p1a: Magearna|Flash Cannon|p2a: Arceus\n|-crit|p2a: Arceus\n|-damage|p2a: Arceus|56\/100\n|\n|-heal|p1a: Magearna|100\/100|[from] item: Leftovers\n|upkeep\n|turn|14\n|\n|t:|1698069762\n|switch|p2a: Clodsire|Clodsire, M|45\/100\n|move|p1a: Magearna|Fleur Cannon|p2a: Clodsire\n|-resisted|p2a: Clodsire\n|-damage|p2a: Clodsire|24\/100\n|-unboost|p1a: Magearna|spa|2\n|\n|-fieldend|move: Trick Room\n|upkeep\n|turn|15\n|\n|t:|1698069774\n|switch|p1a: Calyrex|Calyrex-Ice, tera:Fighting|78\/100\n|-ability|p1a: Calyrex|As One\n|-ability|p1a: Calyrex|Unnerve\n|-damage|p1a: Calyrex|72\/100|[from] Stealth Rock\n|move|p2a: Clodsire|Recover|p2a: Clodsire\n|-heal|p2a: Clodsire|74\/100\n|\n|-heal|p1a: Calyrex|78\/100|[from] item: Leftovers\n|upkeep\n|turn|16\n|\n|t:|1698069780\n|move|p1a: Calyrex|Glacial Lance|p2a: Clodsire\n|-supereffective|p2a: Clodsire\n|-crit|p2a: Clodsire\n|-damage|p2a: Clodsire|0 fnt\n|faint|p2a: Clodsire\n|-ability|p1a: Calyrex|Chilling Neigh|boost\n|-boost|p1a: Calyrex|atk|1\n|\n|-heal|p1a: Calyrex|84\/100|[from] item: Leftovers\n|upkeep\n|\n|t:|1698069785\n|switch|p2a: Miraidon|Miraidon|100\/100\n|-fieldstart|move: Electric Terrain|[from] ability: Hadron Engine|[of] p2a: Miraidon\n|turn|17\n|\n|t:|1698069797\n|-terastallize|p2a: Miraidon|Electric\n|move|p2a: Miraidon|Electro Drift|p1a: Calyrex\n|-damage|p1a: Calyrex|0 fnt\n|faint|p1a: Calyrex\n|\n|upkeep\n|\n|t:|1698069808\n|switch|p1a: Dragapult|Dragapult, F|40\/100\n|turn|18\n|\n|t:|1698069817\n|move|p1a: Dragapult|Dragon Pulse|p2a: Miraidon\n|-crit|p2a: Miraidon\n|-damage|p2a: Miraidon|51\/100\n|move|p2a: Miraidon|Electro Drift|p1a: Dragapult\n|-resisted|p1a: Dragapult\n|-damage|p1a: Dragapult|0 fnt\n|faint|p1a: Dragapult\n|\n|upkeep\n|\n|t:|1698069832\n|switch|p1a: Ursaluna|Ursaluna-Bloodmoon, M|100\/100\n|-damage|p1a: Ursaluna|94\/100|[from] Stealth Rock\n|turn|19\n|\n|t:|1698069837\n|switch|p1a: Cresselia|Cresselia, F, shiny|70\/100 tox\n|-damage|p1a: Cresselia|57\/100 tox|[from] Stealth Rock\n|move|p2a: Miraidon|Draco Meteor|p1a: Cresselia\n|-damage|p1a: Cresselia|15\/100 tox\n|-unboost|p2a: Miraidon|spa|2\n|\n|-damage|p1a: Cresselia|9\/100 tox|[from] psn\n|upkeep\n|turn|20\n|\n|t:|1698069841\n|move|p2a: Miraidon|Electro Drift|p1a: Cresselia\n|-damage|p1a: Cresselia|0 fnt\n|faint|p1a: Cresselia\n|\n|upkeep\n|\n|t:|1698069848\n|switch|p1a: Magearna|Magearna|100\/100\n|-damage|p1a: Magearna|94\/100|[from] Stealth Rock\n|turn|21\n|\n|t:|1698069853\n|move|p2a: Miraidon|Taunt|p1a: Magearna\n|-start|p1a: Magearna|move: Taunt\n|cant|p1a: Magearna|move: Taunt|Trick Room\n|\n|-heal|p1a: Magearna|100\/100|[from] item: Leftovers\n|-fieldend|move: Electric Terrain\n|upkeep\n|turn|22\n|\n|t:|1698069862\n|switch|p2a: Arceus|Arceus-Ground|56\/100\n|move|p1a: Magearna|Volt Switch|p2a: Arceus\n|-immune|p2a: Arceus\n|\n|upkeep\n|turn|23\n|\n|t:|1698069868\n|switch|p1a: Urshifu|Urshifu-Rapid-Strike, M|100\/100\n|-damage|p1a: Urshifu|94\/100|[from] Stealth Rock\n|move|p2a: Arceus|Judgment|p1a: Urshifu\n|-crit|p1a: Urshifu\n|-damage|p1a: Urshifu|0 fnt\n|faint|p1a: Urshifu\n|\n|upkeep\n|\n|t:|1698069876\n|switch|p1a: Ursaluna|Ursaluna-Bloodmoon, M|94\/100\n|-damage|p1a: Ursaluna|88\/100|[from] Stealth Rock\n|turn|24\n|\n|t:|1698069882\n|move|p2a: Arceus|Ice Beam|p1a: Ursaluna\n|-supereffective|p1a: Ursaluna\n|-damage|p1a: Ursaluna|27\/100\n|move|p1a: Ursaluna|Calm Mind|p1a: Ursaluna\n|-boost|p1a: Ursaluna|spa|1\n|-boost|p1a: Ursaluna|spd|1\n|\n|-heal|p1a: Ursaluna|33\/100|[from] item: Leftovers\n|upkeep\n|turn|25\n|\n|t:|1698069888\n|move|p2a: Arceus|Ice Beam|p1a: Ursaluna\n|-supereffective|p1a: Ursaluna\n|-damage|p1a: Ursaluna|0 fnt\n|faint|p1a: Ursaluna\n|\n|upkeep\n|c|\u2606RumpleMyStiltSkin|ggwp\n|-message|RumpleMyStiltSkin forfeited.\n|\n|win|EpicGamer069420\n|raw|RumpleMyStiltSkin's rating: 1379 &rarr; <strong>1371<\/strong><br \/>(-8 for losing)\n|raw|EpicGamer069420's rating: 1632 &rarr; <strong>1640<\/strong><br \/>(+8 for winning)\n|c|\u2606EpicGamer069420|ggwp\n|l|\u2606RumpleMyStiltSkin\n","uploadtime":1698069902,"views":10,"p1id":"rumplemystiltskin","p2id":"epicgamer069420","formatid":"gen9ubers","rating":1371,"private":0,"password":""}