{"id":"gen9ubers-1997090694","p1":"Alexander90281","p2":"TheKriticalKid","format":"[Gen 9] Ubers","log":"|j|\u2606Alexander90281\n|j|\u2606TheKriticalKid\n|inactive|Battle timer is ON: inactive players will automatically lose when time's up.\n|t:|1700763542\n|gametype|singles\n|player|p1|Alexander90281|tateandliza-gen6|\n|player|p2|TheKriticalKid|volkner|\n|teamsize|p1|6\n|teamsize|p2|6\n|gen|9\n|tier|[Gen 9] Ubers\n|rated|Tournament battle\n|rule|Sleep Clause Mod: Limit one foe put to sleep\n|rule|Species Clause: Limit one of each Pok\u00e9mon\n|rule|OHKO Clause: OHKO moves are banned\n|rule|Evasion Items Clause: Evasion items are banned\n|rule|Evasion Moves Clause: Evasion moves are banned\n|rule|Endless Battle Clause: Forcing endless battles is banned\n|rule|HP Percentage Mod: HP is shown in percentages\n|clearpoke\n|poke|p1|Mimikyu, M|\n|poke|p1|Hatterene, F|\n|poke|p1|Kyogre|\n|poke|p1|Annihilape, F|\n|poke|p1|Basculegion, M|\n|poke|p1|Calyrex-Ice|\n|poke|p2|Palafin, M|\n|poke|p2|Kyogre|\n|poke|p2|Miraidon|\n|poke|p2|Zacian-*|\n|poke|p2|Giratina-Origin|\n|poke|p2|Ditto|\n|teampreview\n|j|*Lady Monita \u2746\n|j| BB-8-NU\n|inactive|TheKriticalKid also wants the timer to be on.\n|j| CaroOui\n|\n|t:|1700763562\n|start\n|switch|p1a: Annihilape|Annihilape, F|100\/100\n|switch|p2a: Palafin|Palafin, M, shiny|100\/100\n|turn|1\n|\n|t:|1700763590\n|detailschange|p2a: Palafin|Palafin-Hero, M, shiny\n|switch|p2a: Giratina|Giratina-Origin|100\/100\n|move|p1a: Annihilape|Final Gambit|p2a: Giratina\n|-immune|p2a: Giratina\n|\n|upkeep\n|turn|2\n|j| March Tires\n|\n|t:|1700763609\n|switch|p1a: Mimikyu|Mimikyu, M|100\/100\n|move|p2a: Giratina|Will-O-Wisp|p1a: Mimikyu\n|-status|p1a: Mimikyu|brn\n|\n|-damage|p1a: Mimikyu|94\/100 brn|[from] brn\n|upkeep\n|turn|3\n|\n|t:|1700763620\n|switch|p2a: Palafin|Palafin-Hero, M, shiny|100\/100\n|-activate|p2a: Palafin|ability: Zero to Hero\n|move|p1a: Mimikyu|Curse|p2a: Palafin\n|-start|p2a: Palafin|Curse|[of] p1a: Mimikyu\n|-damage|p1a: Mimikyu|44\/100 brn\n|\n|-damage|p1a: Mimikyu|38\/100 brn|[from] brn\n|-damage|p2a: Palafin|76\/100|[from] Curse\n|upkeep\n|turn|4\n|j| Goomy Guy12345\n|j| weigle\n|\n|t:|1700763636\n|move|p2a: Palafin|Flip Turn|p1a: Mimikyu\n|-activate|p1a: Mimikyu|ability: Disguise\n|-damage|p1a: Mimikyu|38\/100 brn\n|detailschange|p1a: Mimikyu|Mimikyu-Busted, M\n|-damage|p1a: Mimikyu|26\/100 brn|[from] pokemon: Mimikyu-Busted\n|\n|t:|1700763658\n|switch|p2a: Miraidon|Miraidon|100\/100|[from] Flip Turn\n|-fieldstart|move: Electric Terrain|[from] ability: Hadron Engine|[of] p2a: Miraidon\n|move|p1a: Mimikyu|Trick Room|p1a: Mimikyu\n|-fieldstart|move: Trick Room|[of] p1a: Mimikyu\n|\n|-damage|p1a: Mimikyu|20\/100 brn|[from] brn\n|upkeep\n|turn|5\n|\n|t:|1700763668\n|move|p1a: Mimikyu|Curse|p2a: Miraidon\n|-start|p2a: Miraidon|Curse|[of] p1a: Mimikyu\n|-damage|p1a: Mimikyu|0 fnt\n|faint|p1a: Mimikyu\n|move|p2a: Miraidon|U-turn|p1: Mimikyu|[notarget]\n|-fail|p2a: Miraidon\n|\n|-damage|p2a: Miraidon|76\/100|[from] Curse\n|upkeep\n|\n|t:|1700763688\n|switch|p1a: Calyrex|Calyrex-Ice|100\/100\n|-ability|p1a: Calyrex|As One\n|-ability|p1a: Calyrex|Unnerve\n|turn|6\n|j| AAATD hax\n|l| AAATD hax\n|\n|t:|1700763695\n|switch|p2a: Giratina|Giratina-Origin|100\/100\n|move|p1a: Calyrex|Bullet Seed|p2a: Giratina\n|-resisted|p2a: Giratina\n|-damage|p2a: Giratina|97\/100\n|-resisted|p2a: Giratina\n|-damage|p2a: Giratina|93\/100\n|-resisted|p2a: Giratina\n|-damage|p2a: Giratina|89\/100\n|-resisted|p2a: Giratina\n|-damage|p2a: Giratina|85\/100\n|-resisted|p2a: Giratina\n|-crit|p2a: Giratina\n|-damage|p2a: Giratina|79\/100\n|-hitcount|p2a: Giratina|5\n|\n|upkeep\n|turn|7\n|\n|t:|1700763702\n|-terastallize|p2a: Giratina|Steel\n|move|p1a: Calyrex|Bullet Seed|p2a: Giratina\n|-resisted|p2a: Giratina\n|-damage|p2a: Giratina|75\/100\n|-resisted|p2a: Giratina\n|-damage|p2a: Giratina|71\/100\n|-resisted|p2a: Giratina\n|-damage|p2a: Giratina|67\/100\n|-resisted|p2a: Giratina\n|-damage|p2a: Giratina|63\/100\n|-hitcount|p2a: Giratina|4\n|move|p2a: Giratina|Will-O-Wisp|p1a: Calyrex\n|-status|p1a: Calyrex|brn\n|\n|-damage|p1a: Calyrex|94\/100 brn|[from] brn\n|upkeep\n|turn|8\n|l| CaroOui\n|\n|t:|1700763728\n|switch|p1a: Hatterene|Hatterene, F|100\/100\n|move|p2a: Giratina|Hex|p1a: Hatterene\n|-supereffective|p1a: Hatterene\n|-damage|p1a: Hatterene|5\/100\n|\n|-fieldend|move: Trick Room\n|-fieldend|move: Electric Terrain\n|upkeep\n|turn|9\n|inactive|Alexander90281 has 120 seconds left.\n|\n|t:|1700763765\n|switch|p1a: Annihilape|Annihilape, F|100\/100\n|move|p2a: Giratina|Hex|p1a: Annihilape\n|-supereffective|p1a: Annihilape\n|-damage|p1a: Annihilape|29\/100\n|\n|upkeep\n|turn|10\n|\n|t:|1700763772\n|switch|p2a: Ditto|Ditto, shiny|100\/100\n|-transform|p2a: Ditto|p1a: Annihilape|[from] ability: Imposter\n|move|p1a: Annihilape|Close Combat|p2a: Ditto\n|-immune|p2a: Ditto\n|\n|upkeep\n|turn|11\n|\n|t:|1700763792\n|move|p2a: Ditto|Rage Fist|p1a: Annihilape\n|-supereffective|p1a: Annihilape\n|-damage|p1a: Annihilape|0 fnt\n|faint|p1a: Annihilape\n|\n|upkeep\n|\n|t:|1700763796\n|switch|p1a: Calyrex|Calyrex-Ice|94\/100 brn\n|-ability|p1a: Calyrex|As One\n|-ability|p1a: Calyrex|Unnerve\n|turn|12\n|\n|t:|1700763799\n|switch|p2a: Giratina|Giratina-Origin, tera:Steel|63\/100\n|move|p1a: Calyrex|Trick Room|p1a: Calyrex\n|-fieldstart|move: Trick Room|[of] p1a: Calyrex\n|\n|-damage|p1a: Calyrex|88\/100 brn|[from] brn\n|upkeep\n|turn|13\n|\n|t:|1700763805\n|switch|p1a: Hatterene|Hatterene, F|5\/100\n|move|p2a: Giratina|Hex|p1a: Hatterene\n|-supereffective|p1a: Hatterene\n|-damage|p1a: Hatterene|0 fnt\n|faint|p1a: Hatterene\n|\n|upkeep\n|\n|t:|1700763809\n|switch|p1a: Basculegion|Basculegion, M|100\/100\n|turn|14\n|\n|t:|1700763819\n|switch|p2a: Palafin|Palafin-Hero, M, shiny|76\/100\n|move|p1a: Basculegion|Last Respects|p2a: Palafin\n|-damage|p2a: Palafin|0 fnt\n|faint|p2a: Palafin\n|\n|upkeep\n|\n|t:|1700763833\n|switch|p2a: Zacian|Zacian-Crowned, shiny|100\/100\n|-ability|p2a: Zacian|Intrepid Sword|boost\n|-boost|p2a: Zacian|atk|1\n|turn|15\n|\n|t:|1700763838\n|move|p1a: Basculegion|Last Respects|p2a: Zacian\n|-damage|p2a: Zacian|0 fnt\n|faint|p2a: Zacian\n|\n|upkeep\n|\n|t:|1700763846\n|switch|p2a: Kyogre|Kyogre, shiny|100\/100\n|-weather|RainDance|[from] ability: Drizzle|[of] p2a: Kyogre\n|turn|16\n|\n|t:|1700763856\n|move|p1a: Basculegion|Last Respects|p2a: Kyogre\n|-damage|p2a: Kyogre|0 fnt\n|faint|p2a: Kyogre\n|\n|-weather|RainDance|[upkeep]\n|-fieldend|move: Trick Room\n|upkeep\n|\n|t:|1700763868\n|switch|p2a: Miraidon|Miraidon|76\/100\n|-fieldstart|move: Electric Terrain|[from] ability: Hadron Engine|[of] p2a: Miraidon\n|turn|17\n|\n|t:|1700763876\n|switch|p1a: Kyogre|Kyogre|100\/100\n|move|p2a: Miraidon|Electro Drift|p1a: Kyogre\n|-supereffective|p1a: Kyogre\n|-damage|p1a: Kyogre|0 fnt\n|faint|p1a: Kyogre\n|\n|-weather|RainDance|[upkeep]\n|upkeep\n|\n|t:|1700763881\n|switch|p1a: Calyrex|Calyrex-Ice|88\/100 brn\n|-ability|p1a: Calyrex|As One\n|-ability|p1a: Calyrex|Unnerve\n|turn|18\n|\n|t:|1700763887\n|move|p2a: Miraidon|Electro Drift|p1a: Calyrex\n|-damage|p1a: Calyrex|0 fnt\n|faint|p1a: Calyrex\n|\n|-weather|RainDance|[upkeep]\n|upkeep\n|\n|t:|1700763891\n|switch|p1a: Basculegion|Basculegion, M|100\/100\n|turn|19\n|\n|t:|1700763903\n|-terastallize|p1a: Basculegion|Normal\n|move|p2a: Miraidon|Electro Drift|p1a: Basculegion\n|-damage|p1a: Basculegion|0 fnt\n|faint|p1a: Basculegion\n|\n|win|TheKriticalKid\n|n|\u2606Alexander90281|alexander90281\n|n|\u2606TheKriticalKid|thekriticalkid\n|n|*Lady Monita \u2746|ladymonita\n|n| BB-8-NU|bb8nu\n|n| March Tires|marchtires\n|n| Goomy Guy12345|goomyguy12345\n|n| weigle|weigle\n|l|*Lady Monita \u2746\n|l| BB-8-NU\n|l| March Tires\n|c|\u2606TheKriticalKid|gg\n|l|\u2606Alexander90281\n","uploadtime":1700763933,"views":6,"p1id":"alexander90281","p2id":"thekriticalkid","formatid":"gen9ubers","rating":0,"private":0,"password":""}