{"id":"gen9ubers-1973836972","p1":"la viuda alegre","p2":"Blake-Mamba","format":"[Gen 9] Ubers","log":"|j|\u2606la viuda alegre\n|j|\u2606Blake-Mamba\n|t:|1698018927\n|gametype|singles\n|player|p1|la viuda alegre|teacher|1253\n|player|p2|Blake-Mamba|juan|1234\n|teamsize|p1|6\n|teamsize|p2|6\n|gen|9\n|tier|[Gen 9] Ubers\n|rated|\n|rule|Sleep Clause Mod: Limit one foe put to sleep\n|rule|Species Clause: Limit one of each Pok\u00e9mon\n|rule|OHKO Clause: OHKO moves are banned\n|rule|Evasion Items Clause: Evasion items are banned\n|rule|Evasion Moves Clause: Evasion moves are banned\n|rule|Endless Battle Clause: Forcing endless battles is banned\n|rule|HP Percentage Mod: HP is shown in percentages\n|clearpoke\n|poke|p1|Flutter Mane|\n|poke|p1|Grimmsnarl, M|\n|poke|p1|Arceus|\n|poke|p1|Miraidon|\n|poke|p1|Clodsire, M|\n|poke|p1|Hatterene, F|\n|poke|p2|Ogerpon-Hearthflame, F|\n|poke|p2|Vikavolt, F|\n|poke|p2|Kommo-o, M|\n|poke|p2|Ursaluna-Bloodmoon, M|\n|poke|p2|Yanmega, F|\n|poke|p2|Chandelure, F|\n|teampreview\n|inactive|Battle timer is ON: inactive players will automatically lose when time's up. (requested by la viuda alegre)\n|\n|t:|1698018948\n|start\n|switch|p1a: rebotitos|Hatterene, F, shiny|100\/100\n|switch|p2a: Vikavolt|Vikavolt, F|100\/100\n|turn|1\n|c|\u2606Blake-Mamba|Glhf\n|\n|t:|1698018956\n|move|p1a: rebotitos|Trick|p2a: Vikavolt\n|-activate|p1a: rebotitos|move: Trick|[of] p2a: Vikavolt\n|-item|p2a: Vikavolt|Choice Scarf|[from] move: Trick\n|-item|p1a: rebotitos|Quick Claw|[from] move: Trick\n|move|p2a: Vikavolt|Thunder|p1a: rebotitos|[miss]\n|-miss|p2a: Vikavolt|p1a: rebotitos\n|\n|upkeep\n|turn|2\n|\n|t:|1698018967\n|switch|p2a: Ursaluna|Ursaluna-Bloodmoon, M|100\/100\n|move|p1a: rebotitos|Light Screen|p1a: rebotitos\n|-sidestart|p1: la viuda alegre|move: Light Screen\n|\n|upkeep\n|turn|3\n|\n|t:|1698018972\n|move|p2a: Ursaluna|Calm Mind|p2a: Ursaluna\n|-boost|p2a: Ursaluna|spa|1\n|-boost|p2a: Ursaluna|spd|1\n|move|p1a: rebotitos|Reflect|p1a: rebotitos\n|-sidestart|p1: la viuda alegre|Reflect\n|\n|upkeep\n|turn|4\n|\n|t:|1698018979\n|switch|p1a: melenaleteo|Flutter Mane|100\/100\n|move|p2a: Ursaluna|Calm Mind|p2a: Ursaluna\n|-boost|p2a: Ursaluna|spa|1\n|-boost|p2a: Ursaluna|spd|1\n|\n|upkeep\n|turn|5\n|\n|t:|1698018986\n|move|p1a: melenaleteo|Perish Song|p1a: melenaleteo\n|-start|p1a: melenaleteo|perish3|[silent]\n|-start|p2a: Ursaluna|perish3|[silent]\n|-fieldactivate|move: Perish Song\n|move|p2a: Ursaluna|Calm Mind|p2a: Ursaluna\n|-boost|p2a: Ursaluna|spa|1\n|-boost|p2a: Ursaluna|spd|1\n|\n|-start|p1a: melenaleteo|perish3\n|-start|p2a: Ursaluna|perish3\n|upkeep\n|turn|6\n|\n|t:|1698018996\n|move|p1a: melenaleteo|Taunt|p2a: Ursaluna\n|-start|p2a: Ursaluna|move: Taunt\n|move|p2a: Ursaluna|Blood Moon|p1a: melenaleteo\n|-damage|p1a: melenaleteo|1\/100\n|\n|-start|p1a: melenaleteo|perish2\n|-start|p2a: Ursaluna|perish2\n|-sideend|p1: la viuda alegre|move: Light Screen\n|upkeep\n|turn|7\n|\n|t:|1698019007\n|move|p1a: melenaleteo|Memento|p2a: Ursaluna\n|-unboost|p2a: Ursaluna|atk|2\n|-unboost|p2a: Ursaluna|spa|2\n|faint|p1a: melenaleteo\n|-end|p1a: melenaleteo|Protosynthesis|[silent]\n|move|p2a: Ursaluna|Earth Power|p1: melenaleteo|[notarget]\n|-fail|p2a: Ursaluna\n|\n|-start|p2a: Ursaluna|perish1\n|-sideend|p1: la viuda alegre|Reflect\n|upkeep\n|\n|t:|1698019020\n|switch|p1a: molestio|Grimmsnarl, M|100\/100\n|turn|8\n|\n|t:|1698019025\n|switch|p2a: Vikavolt|Vikavolt, F|100\/100\n|move|p1a: molestio|Light Screen|p1a: molestio\n|-sidestart|p1: la viuda alegre|move: Light Screen\n|\n|upkeep\n|turn|9\n|\n|t:|1698019033\n|move|p1a: molestio|Reflect|p1a: molestio\n|-sidestart|p1: la viuda alegre|Reflect\n|move|p2a: Vikavolt|Thunder|p1a: molestio\n|-damage|p1a: molestio|63\/100\n|\n|upkeep\n|turn|10\n|\n|t:|1698019044\n|move|p1a: molestio|Parting Shot|p2a: Vikavolt\n|-unboost|p2a: Vikavolt|atk|1\n|-unboost|p2a: Vikavolt|spa|1\n|\n|t:|1698019047\n|switch|p1a: no lo dejes crecer|Arceus|100\/100|[from] Parting Shot\n|move|p2a: Vikavolt|Thunder|p1a: no lo dejes crecer\n|-damage|p1a: no lo dejes crecer|83\/100\n|-status|p1a: no lo dejes crecer|par\n|\n|upkeep\n|turn|11\n|\n|t:|1698019057\n|switch|p2a: Chandelure|Chandelure, F|100\/100\n|move|p1a: no lo dejes crecer|Cosmic Power|p1a: no lo dejes crecer\n|-boost|p1a: no lo dejes crecer|def|1\n|-boost|p1a: no lo dejes crecer|spd|1\n|\n|upkeep\n|turn|12\n|\n|t:|1698019067\n|move|p2a: Chandelure|Overheat|p1a: no lo dejes crecer\n|-damage|p1a: no lo dejes crecer|63\/100 par\n|-unboost|p2a: Chandelure|spa|2\n|move|p1a: no lo dejes crecer|Cosmic Power|p1a: no lo dejes crecer\n|-boost|p1a: no lo dejes crecer|def|1\n|-boost|p1a: no lo dejes crecer|spd|1\n|\n|upkeep\n|turn|13\n|\n|t:|1698019076\n|switch|p2a: Kommo-o|Kommo-o, M|100\/100\n|move|p1a: no lo dejes crecer|Recover|p1a: no lo dejes crecer\n|-heal|p1a: no lo dejes crecer|100\/100 par\n|\n|upkeep\n|turn|14\n|\n|t:|1698019086\n|move|p2a: Kommo-o|Clangorous Soul|p2a: Kommo-o\n|-boost|p2a: Kommo-o|atk|1\n|-boost|p2a: Kommo-o|def|1\n|-boost|p2a: Kommo-o|spa|1\n|-boost|p2a: Kommo-o|spd|1\n|-boost|p2a: Kommo-o|spe|1\n|-damage|p2a: Kommo-o|68\/100\n|move|p1a: no lo dejes crecer|Cosmic Power|p1a: no lo dejes crecer\n|-boost|p1a: no lo dejes crecer|def|1\n|-boost|p1a: no lo dejes crecer|spd|1\n|\n|-heal|p2a: Kommo-o|74\/100|[from] item: Leftovers\n|upkeep\n|turn|15\n|\n|t:|1698019100\n|move|p2a: Kommo-o|Clangorous Soul|p2a: Kommo-o\n|-boost|p2a: Kommo-o|atk|1\n|-boost|p2a: Kommo-o|def|1\n|-boost|p2a: Kommo-o|spa|1\n|-boost|p2a: Kommo-o|spd|1\n|-boost|p2a: Kommo-o|spe|1\n|-damage|p2a: Kommo-o|41\/100\n|move|p1a: no lo dejes crecer|Stored Power|p2a: Kommo-o\n|-supereffective|p2a: Kommo-o\n|-crit|p2a: Kommo-o\n|-damage|p2a: Kommo-o|0 fnt\n|faint|p2a: Kommo-o\n|\n|-sideend|p1: la viuda alegre|move: Light Screen\n|upkeep\n|\n|t:|1698019113\n|switch|p2a: Ursaluna|Ursaluna-Bloodmoon, M|100\/100\n|turn|16\n|\n|t:|1698019117\n|move|p1a: no lo dejes crecer|Stored Power|p2a: Ursaluna\n|-damage|p2a: Ursaluna|65\/100\n|move|p2a: Ursaluna|Calm Mind|p2a: Ursaluna\n|-boost|p2a: Ursaluna|spa|1\n|-boost|p2a: Ursaluna|spd|1\n|\n|-heal|p2a: Ursaluna|72\/100|[from] item: Leftovers\n|-sideend|p1: la viuda alegre|Reflect\n|upkeep\n|turn|17\n|\n|t:|1698019127\n|move|p1a: no lo dejes crecer|Extreme Speed|p2a: Ursaluna\n|-damage|p2a: Ursaluna|42\/100\n|move|p2a: Ursaluna|Calm Mind|p2a: Ursaluna\n|-boost|p2a: Ursaluna|spa|1\n|-boost|p2a: Ursaluna|spd|1\n|\n|-heal|p2a: Ursaluna|49\/100|[from] item: Leftovers\n|upkeep\n|turn|18\n|\n|t:|1698019136\n|move|p1a: no lo dejes crecer|Extreme Speed|p2a: Ursaluna\n|-damage|p2a: Ursaluna|16\/100\n|move|p2a: Ursaluna|Moonlight|p2a: Ursaluna\n|-heal|p2a: Ursaluna|66\/100\n|\n|-heal|p2a: Ursaluna|72\/100|[from] item: Leftovers\n|upkeep\n|turn|19\n|\n|t:|1698019146\n|move|p1a: no lo dejes crecer|Cosmic Power|p1a: no lo dejes crecer\n|-boost|p1a: no lo dejes crecer|def|1\n|-boost|p1a: no lo dejes crecer|spd|1\n|move|p2a: Ursaluna|Moonlight|p2a: Ursaluna\n|-heal|p2a: Ursaluna|100\/100\n|\n|upkeep\n|turn|20\n|\n|t:|1698019153\n|move|p1a: no lo dejes crecer|Cosmic Power|p1a: no lo dejes crecer\n|-boost|p1a: no lo dejes crecer|def|1\n|-boost|p1a: no lo dejes crecer|spd|1\n|move|p2a: Ursaluna|Calm Mind|p2a: Ursaluna\n|-boost|p2a: Ursaluna|spa|1\n|-boost|p2a: Ursaluna|spd|1\n|\n|upkeep\n|turn|21\n|\n|t:|1698019160\n|move|p1a: no lo dejes crecer|Extreme Speed|p2a: Ursaluna\n|-crit|p2a: Ursaluna\n|-damage|p2a: Ursaluna|51\/100\n|move|p2a: Ursaluna|Calm Mind|p2a: Ursaluna\n|-boost|p2a: Ursaluna|spa|1\n|-boost|p2a: Ursaluna|spd|1\n|\n|-heal|p2a: Ursaluna|57\/100|[from] item: Leftovers\n|upkeep\n|turn|22\n|\n|t:|1698019170\n|move|p1a: no lo dejes crecer|Extreme Speed|p2a: Ursaluna\n|-damage|p2a: Ursaluna|26\/100\n|move|p2a: Ursaluna|Moonlight|p2a: Ursaluna\n|-heal|p2a: Ursaluna|76\/100\n|\n|-heal|p2a: Ursaluna|83\/100|[from] item: Leftovers\n|upkeep\n|turn|23\n|\n|t:|1698019179\n|move|p1a: no lo dejes crecer|Extreme Speed|p2a: Ursaluna\n|-damage|p2a: Ursaluna|54\/100\n|move|p2a: Ursaluna|Calm Mind|p2a: Ursaluna\n|-boost|p2a: Ursaluna|spa|1\n|-boost|p2a: Ursaluna|spd|1\n|\n|-heal|p2a: Ursaluna|60\/100|[from] item: Leftovers\n|upkeep\n|turn|24\n|\n|t:|1698019189\n|move|p1a: no lo dejes crecer|Extreme Speed|p2a: Ursaluna\n|-damage|p2a: Ursaluna|31\/100\n|move|p2a: Ursaluna|Moonlight|p2a: Ursaluna\n|-heal|p2a: Ursaluna|81\/100\n|\n|-heal|p2a: Ursaluna|88\/100|[from] item: Leftovers\n|upkeep\n|turn|25\n|\n|t:|1698019198\n|move|p1a: no lo dejes crecer|Extreme Speed|p2a: Ursaluna\n|-damage|p2a: Ursaluna|55\/100\n|move|p2a: Ursaluna|Calm Mind|p2a: Ursaluna\n|-boost|p2a: Ursaluna|spa|1\n|-boost|p2a: Ursaluna|spd|1\n|\n|-heal|p2a: Ursaluna|61\/100|[from] item: Leftovers\n|upkeep\n|turn|26\n|\n|t:|1698019207\n|move|p1a: no lo dejes crecer|Extreme Speed|p2a: Ursaluna\n|-crit|p2a: Ursaluna\n|-damage|p2a: Ursaluna|19\/100\n|move|p2a: Ursaluna|Moonlight|p2a: Ursaluna\n|-heal|p2a: Ursaluna|69\/100\n|\n|-heal|p2a: Ursaluna|75\/100|[from] item: Leftovers\n|upkeep\n|turn|27\n|inactive|la viuda alegre has 120 seconds left.\n|c|\u2606Blake-Mamba|I don\u2019t think you\u2019ve gotten a single full para yet , that\u2019s pretty lucky\n|inactive|la viuda alegre has 90 seconds left.\n|inactive|la viuda alegre has 60 seconds left.\n|c|\u2606Blake-Mamba|Giving up ?\n|inactive|la viuda alegre has 30 seconds left.\n|c|\u2606Blake-Mamba|Forfeiting is faster, no need to be toxic .\n|inactive|la viuda alegre has 20 seconds left.\n|inactive|la viuda alegre has 15 seconds left.\n|inactive|la viuda alegre has 10 seconds left.\n|inactive|la viuda alegre has 5 seconds left.\n|c|\u2606Blake-Mamba|Gg\n|-message|la viuda alegre lost due to inactivity.\n|\n|win|Blake-Mamba\n|raw|la viuda alegre's rating: 1197 &rarr; <strong>1175<\/strong><br \/>(-22 for losing)\n|raw|Blake-Mamba's rating: 1234 &rarr; <strong>1256<\/strong><br \/>(+22 for winning)\n","uploadtime":1698019362,"views":9,"p1id":"laviudaalegre","p2id":"blakemamba","formatid":"gen9ubers","rating":1175,"private":0,"password":""}