{"id":"gen9ubers-1970665058","p1":"so threatening","p2":"NEdgyman","format":"[Gen 9] Ubers","log":"|j|\u2606so threatening\n|j|\u2606NEdgyman\n|t:|1697656478\n|gametype|singles\n|player|p1|so threatening|170|\n|player|p2|NEdgyman|hanbei-conquest|\n|teamsize|p1|6\n|teamsize|p2|6\n|gen|9\n|tier|[Gen 9] Ubers\n|rule|Sleep Clause Mod: Limit one foe put to sleep\n|rule|Species Clause: Limit one of each Pok\u00e9mon\n|rule|OHKO Clause: OHKO moves are banned\n|rule|Evasion Items Clause: Evasion items are banned\n|rule|Evasion Moves Clause: Evasion moves are banned\n|rule|Endless Battle Clause: Forcing endless battles is banned\n|rule|HP Percentage Mod: HP is shown in percentages\n|clearpoke\n|poke|p1|Zamazenta-*|\n|poke|p1|Alomomola, M|\n|poke|p1|Fezandipiti, M|\n|poke|p1|Wo-Chien|\n|poke|p1|Sandy Shocks|\n|poke|p1|Talonflame, F|\n|poke|p2|Annihilape, F|\n|poke|p2|Crawdaunt, F|\n|poke|p2|Glimmora, F|\n|poke|p2|Cresselia, F|\n|poke|p2|Jolteon, F|\n|poke|p2|Ribombee, F|\n|teampreview\n|c|\u2606so threatening|glhf\n|c|\u2606NEdgyman|glhf\n|\n|t:|1697656502\n|start\n|switch|p1a: WOAH|Wo-Chien|100\/100\n|switch|p2a: Jr. Crocker|Jolteon, F|100\/100\n|-ability|p1a: WOAH|Tablets of Ruin\n|turn|1\n|\n|t:|1697656515\n|-terastallize|p1a: WOAH|Poison\n|move|p2a: Jr. Crocker|Volt Switch|p1a: WOAH\n|-damage|p1a: WOAH|80\/100\n|\n|t:|1697656522\n|switch|p2a: Falcom Fanbase|Glimmora, F|100\/100|[from] Volt Switch\n|move|p1a: WOAH|Knock Off|p2a: Falcom Fanbase\n|-damage|p2a: Falcom Fanbase|74\/100\n|-enditem|p2a: Falcom Fanbase|Black Sludge|[from] move: Knock Off|[of] p1a: WOAH\n|\n|-heal|p1a: WOAH|86\/100|[from] item: Leftovers\n|upkeep\n|turn|2\n|\n|t:|1697656529\n|move|p2a: Falcom Fanbase|Toxic|p1a: WOAH\n|-status|p1a: WOAH|tox\n|move|p1a: WOAH|Leech Seed|p2a: Falcom Fanbase\n|-start|p2a: Falcom Fanbase|move: Leech Seed\n|\n|-heal|p1a: WOAH|92\/100 tox|[from] item: Leftovers\n|-damage|p2a: Falcom Fanbase|62\/100|[from] Leech Seed|[of] p1a: WOAH\n|-heal|p1a: WOAH|100\/100 tox|[silent]\n|-damage|p1a: WOAH|94\/100 tox|[from] psn\n|upkeep\n|turn|3\n|\n|t:|1697656536\n|move|p1a: WOAH|Protect|p1a: WOAH\n|-singleturn|p1a: WOAH|Protect\n|move|p2a: Falcom Fanbase|Spikes|p1a: WOAH\n|-sidestart|p1: so threatening|Spikes\n|\n|-heal|p1a: WOAH|100\/100 tox|[from] item: Leftovers\n|-damage|p2a: Falcom Fanbase|49\/100|[from] Leech Seed|[of] p1a: WOAH\n|-damage|p1a: WOAH|88\/100 tox|[from] psn\n|upkeep\n|turn|4\n|\n|t:|1697656545\n|switch|p2a: Boiled Dinner|Crawdaunt, F|100\/100\n|switch|p1a: SANDY CROCS|Sandy Shocks|100\/100\n|-damage|p1a: SANDY CROCS|88\/100|[from] Spikes\n|\n|-heal|p1a: SANDY CROCS|94\/100|[from] item: Leftovers\n|upkeep\n|turn|5\n|\n|t:|1697656558\n|move|p2a: Boiled Dinner|Aqua Jet|p1a: SANDY CROCS\n|-supereffective|p1a: SANDY CROCS\n|-damage|p1a: SANDY CROCS|2\/100\n|move|p1a: SANDY CROCS|Volt Switch|p2a: Boiled Dinner\n|-supereffective|p2a: Boiled Dinner\n|-damage|p2a: Boiled Dinner|0 fnt\n|faint|p2a: Boiled Dinner\n|\n|t:|1697656563\n|-end|p1a: SANDY CROCS|Protosynthesis|[silent]\n|switch|p1a: I am Speed|Talonflame, F|100\/100|[from] Volt Switch\n|\n|upkeep\n|\n|t:|1697656567\n|switch|p2a: Jr. Crocker|Jolteon, F|100\/100\n|turn|6\n|\n|t:|1697656579\n|switch|p1a: WOAH|Wo-Chien, tera:Poison|88\/100 tox\n|-damage|p1a: WOAH|76\/100 tox|[from] Spikes\n|-ability|p1a: WOAH|Tablets of Ruin\n|move|p2a: Jr. Crocker|Thunderbolt|p1a: WOAH\n|-damage|p1a: WOAH|51\/100 tox\n|\n|-heal|p1a: WOAH|57\/100 tox|[from] item: Leftovers\n|-damage|p1a: WOAH|51\/100 tox|[from] psn\n|upkeep\n|turn|7\n|\n|t:|1697656586\n|move|p2a: Jr. Crocker|Volt Switch|p1a: WOAH\n|-damage|p1a: WOAH|29\/100 tox\n|\n|t:|1697656598\n|switch|p2a: Falcom Fanbase|Glimmora, F|49\/100|[from] Volt Switch\n|move|p1a: WOAH|Leech Seed|p2a: Falcom Fanbase\n|-start|p2a: Falcom Fanbase|move: Leech Seed\n|\n|-heal|p1a: WOAH|36\/100 tox|[from] item: Leftovers\n|-damage|p2a: Falcom Fanbase|37\/100|[from] Leech Seed|[of] p1a: WOAH\n|-heal|p1a: WOAH|48\/100 tox|[silent]\n|-damage|p1a: WOAH|36\/100 tox|[from] psn\n|upkeep\n|turn|8\n|\n|t:|1697656613\n|switch|p2a: Jr. Crocker|Jolteon, F|100\/100\n|switch|p1a: I am Speed|Talonflame, F|100\/100\n|\n|upkeep\n|turn|9\n|\n|t:|1697656620\n|switch|p1a: Dipendeez|Fezandipiti, M|100\/100\n|-damage|p1a: Dipendeez|88\/100|[from] Spikes\n|move|p2a: Jr. Crocker|Thunderbolt|p1a: Dipendeez\n|-damage|p1a: Dipendeez|57\/100\n|\n|-heal|p1a: Dipendeez|63\/100|[from] item: Black Sludge\n|upkeep\n|turn|10\n|\n|t:|1697656629\n|move|p2a: Jr. Crocker|Volt Switch|p1a: Dipendeez\n|-damage|p1a: Dipendeez|38\/100\n|\n|t:|1697656639\n|switch|p2a: Falcom Fanbase|Glimmora, F|37\/100|[from] Volt Switch\n|move|p1a: Dipendeez|Roost|p1a: Dipendeez\n|-heal|p1a: Dipendeez|88\/100\n|-singleturn|p1a: Dipendeez|move: Roost\n|\n|-heal|p1a: Dipendeez|94\/100|[from] item: Black Sludge\n|upkeep\n|turn|11\n|\n|t:|1697656644\n|switch|p1a: I am Speed|Talonflame, F|100\/100\n|move|p2a: Falcom Fanbase|Toxic|p1a: I am Speed\n|-status|p1a: I am Speed|tox\n|\n|-damage|p1a: I am Speed|94\/100 tox|[from] psn\n|upkeep\n|turn|12\n|\n|t:|1697656649\n|switch|p2a: Jr. Crocker|Jolteon, F|100\/100\n|move|p1a: I am Speed|Defog|p2a: Jr. Crocker\n|-unboost|p2a: Jr. Crocker|evasion|1\n|-sideend|p1: so threatening|Spikes|[from] move: Defog|[of] p1a: I am Speed\n|\n|-damage|p1a: I am Speed|82\/100 tox|[from] psn\n|upkeep\n|turn|13\n|\n|t:|1697656655\n|switch|p1a: Dipendeez|Fezandipiti, M|94\/100\n|move|p2a: Jr. Crocker|Thunderbolt|p1a: Dipendeez\n|-damage|p1a: Dipendeez|64\/100\n|\n|-heal|p1a: Dipendeez|70\/100|[from] item: Black Sludge\n|upkeep\n|turn|14\n|\n|t:|1697656665\n|move|p2a: Jr. Crocker|Volt Switch|p1a: Dipendeez\n|-damage|p1a: Dipendeez|46\/100\n|\n|t:|1697656673\n|switch|p2a: Falcom Fanbase|Glimmora, F|37\/100|[from] Volt Switch\n|move|p1a: Dipendeez|Taunt|p2a: Falcom Fanbase\n|-start|p2a: Falcom Fanbase|move: Taunt\n|\n|-heal|p1a: Dipendeez|52\/100|[from] item: Black Sludge\n|upkeep\n|turn|15\n|\n|t:|1697656680\n|move|p1a: Dipendeez|Roost|p1a: Dipendeez\n|-heal|p1a: Dipendeez|100\/100\n|-singleturn|p1a: Dipendeez|move: Roost\n|move|p2a: Falcom Fanbase|Mortal Spin|p1a: Dipendeez\n|-damage|p1a: Dipendeez|94\/100\n|-status|p1a: Dipendeez|psn\n|\n|-heal|p1a: Dipendeez|99\/100 psn|[from] item: Black Sludge\n|-damage|p1a: Dipendeez|88\/100 psn|[from] psn\n|upkeep\n|turn|16\n|\n|t:|1697656689\n|switch|p1a: Alomomomo|Alomomola, M|100\/100\n|switch|p2a: Howler Monkey|Annihilape, F, shiny|100\/100\n|\n|upkeep\n|turn|17\n|\n|t:|1697656700\n|move|p2a: Howler Monkey|Bulk Up|p2a: Howler Monkey\n|-boost|p2a: Howler Monkey|atk|1\n|-boost|p2a: Howler Monkey|def|1\n|move|p1a: Alomomomo|Scald|p2a: Howler Monkey\n|-damage|p2a: Howler Monkey|86\/100\n|\n|upkeep\n|turn|18\n|\n|t:|1697656709\n|move|p2a: Howler Monkey|Drain Punch|p1a: Alomomomo\n|-damage|p1a: Alomomomo|69\/100\n|-heal|p2a: Howler Monkey|100\/100|[from] drain|[of] p1a: Alomomomo\n|-damage|p2a: Howler Monkey|84\/100|[from] item: Rocky Helmet|[of] p1a: Alomomomo\n|move|p1a: Alomomomo|Wish|p1a: Alomomomo\n|\n|upkeep\n|turn|19\n|\n|t:|1697656724\n|move|p2a: Howler Monkey|Bulk Up|p2a: Howler Monkey\n|-boost|p2a: Howler Monkey|atk|1\n|-boost|p2a: Howler Monkey|def|1\n|move|p1a: Alomomomo|Flip Turn|p2a: Howler Monkey\n|-damage|p2a: Howler Monkey|74\/100\n|\n|t:|1697656728\n|switch|p1a: WOAH|Wo-Chien, tera:Poison|36\/100 tox|[from] Flip Turn\n|-ability|p1a: WOAH|Tablets of Ruin\n|\n|-heal|p1a: WOAH|100\/100 tox|[from] move: Wish|[wisher] Alomomomo\n|-damage|p1a: WOAH|94\/100 tox|[from] psn\n|upkeep\n|turn|20\n|\n|t:|1697656743\n|move|p2a: Howler Monkey|Taunt|p1a: WOAH\n|-start|p1a: WOAH|move: Taunt\n|cant|p1a: WOAH|move: Taunt|Leech Seed\n|\n|-heal|p1a: WOAH|100\/100 tox|[from] item: Leftovers\n|-damage|p1a: WOAH|88\/100 tox|[from] psn\n|upkeep\n|turn|21\n|\n|t:|1697656750\n|switch|p1a: Dipendeez|Fezandipiti, M|88\/100 psn\n|move|p2a: Howler Monkey|Drain Punch|p1a: Dipendeez\n|-resisted|p1a: Dipendeez\n|-damage|p1a: Dipendeez|67\/100 psn\n|-heal|p2a: Howler Monkey|85\/100|[from] drain|[of] p1a: Dipendeez\n|\n|-heal|p1a: Dipendeez|73\/100 psn|[from] item: Black Sludge\n|-damage|p1a: Dipendeez|61\/100 psn|[from] psn\n|upkeep\n|turn|22\n|\n|t:|1697656762\n|move|p1a: Dipendeez|Moonblast|p2a: Howler Monkey\n|-supereffective|p2a: Howler Monkey\n|-damage|p2a: Howler Monkey|30\/100\n|-unboost|p2a: Howler Monkey|spa|1\n|-ability|p2a: Howler Monkey|Defiant|boost\n|-boost|p2a: Howler Monkey|atk|2\n|move|p2a: Howler Monkey|Rage Fist|p1a: Dipendeez\n|-damage|p1a: Dipendeez|0 fnt\n|faint|p1a: Dipendeez\n|\n|upkeep\n|j| BPLD\n|\n|t:|1697656782\n|switch|p1a: I am Speed|Talonflame, F|82\/100 tox\n|turn|23\n|\n|t:|1697656789\n|switch|p2a: Jr. Crocker|Jolteon, F|100\/100\n|move|p1a: I am Speed|U-turn|p2a: Jr. Crocker\n|-damage|p2a: Jr. Crocker|78\/100\n|j| TheJuicyJake\n|\n|t:|1697656793\n|switch|p1a: WOAH|Wo-Chien, tera:Poison|88\/100 tox|[from] U-turn\n|-ability|p1a: WOAH|Tablets of Ruin\n|\n|-heal|p1a: WOAH|94\/100 tox|[from] item: Leftovers\n|-damage|p1a: WOAH|88\/100 tox|[from] psn\n|upkeep\n|turn|24\n|c| TheJuicyJake|That's annoying lol\n|\n|t:|1697656802\n|move|p2a: Jr. Crocker|Volt Switch|p1a: WOAH\n|-damage|p1a: WOAH|68\/100 tox\n|\n|t:|1697656811\n|switch|p2a: Nearly Witches|Cresselia, F|100\/100|[from] Volt Switch\n|move|p1a: WOAH|Leech Seed|p2a: Nearly Witches\n|-start|p2a: Nearly Witches|move: Leech Seed\n|\n|-heal|p1a: WOAH|74\/100 tox|[from] item: Leftovers\n|-damage|p2a: Nearly Witches|88\/100|[from] Leech Seed|[of] p1a: WOAH\n|-heal|p1a: WOAH|89\/100 tox|[silent]\n|-damage|p1a: WOAH|77\/100 tox|[from] psn\n|upkeep\n|turn|25\n|\n|t:|1697656819\n|switch|p1a: Alomomomo|Alomomola, M|100\/100\n|move|p2a: Nearly Witches|Moonblast|p1a: Alomomomo\n|-damage|p1a: Alomomomo|82\/100\n|\n|-heal|p2a: Nearly Witches|94\/100|[from] item: Leftovers\n|-damage|p2a: Nearly Witches|82\/100|[from] Leech Seed|[of] p1a: Alomomomo\n|-heal|p1a: Alomomomo|92\/100|[silent]\n|upkeep\n|turn|26\n|\n|t:|1697656827\n|switch|p2a: Jr. Crocker|Jolteon, F|78\/100\n|move|p1a: Alomomomo|Wish|p1a: Alomomomo\n|\n|upkeep\n|turn|27\n|\n|t:|1697656835\n|switch|p1a: WOAH|Wo-Chien, tera:Poison|77\/100 tox\n|-ability|p1a: WOAH|Tablets of Ruin\n|move|p2a: Jr. Crocker|Thunderbolt|p1a: WOAH\n|-damage|p1a: WOAH|51\/100 tox\n|\n|-heal|p1a: WOAH|100\/100 tox|[from] move: Wish|[wisher] Alomomomo\n|-damage|p1a: WOAH|94\/100 tox|[from] psn\n|upkeep\n|turn|28\n|j| PorygonTheBot\n|c| PorygonTheBot|y'all suck\n|\n|t:|1697656842\n|move|p2a: Jr. Crocker|Volt Switch|p1a: WOAH\n|-damage|p1a: WOAH|74\/100 tox\n|\n|t:|1697656847\n|switch|p2a: Nearly Witches|Cresselia, F|82\/100|[from] Volt Switch\n|move|p1a: WOAH|Leech Seed|p2a: Nearly Witches\n|-start|p2a: Nearly Witches|move: Leech Seed\n|\n|-heal|p1a: WOAH|80\/100 tox|[from] item: Leftovers\n|-heal|p2a: Nearly Witches|88\/100|[from] item: Leftovers\n|-damage|p2a: Nearly Witches|75\/100|[from] Leech Seed|[of] p1a: WOAH\n|-heal|p1a: WOAH|95\/100 tox|[silent]\n|-damage|p1a: WOAH|83\/100 tox|[from] psn\n|upkeep\n|turn|29\n|\n|t:|1697656855\n|switch|p1a: Alomomomo|Alomomola, M|100\/100\n|move|p2a: Nearly Witches|Moonblast|p1a: Alomomomo\n|-damage|p1a: Alomomomo|80\/100\n|-unboost|p1a: Alomomomo|spa|1\n|\n|-heal|p2a: Nearly Witches|82\/100|[from] item: Leftovers\n|-damage|p2a: Nearly Witches|69\/100|[from] Leech Seed|[of] p1a: Alomomomo\n|-heal|p1a: Alomomomo|90\/100|[silent]\n|upkeep\n|turn|30\n|\n|t:|1697656861\n|switch|p2a: Jr. Crocker|Jolteon, F|78\/100\n|move|p1a: Alomomomo|Wish|p1a: Alomomomo\n|\n|upkeep\n|turn|31\n|j| Seior\n|\n|t:|1697656877\n|switch|p1a: WOAH|Wo-Chien, tera:Poison|83\/100 tox\n|-ability|p1a: WOAH|Tablets of Ruin\n|move|p2a: Jr. Crocker|Calm Mind|p2a: Jr. Crocker\n|-boost|p2a: Jr. Crocker|spa|1\n|-boost|p2a: Jr. Crocker|spd|1\n|\n|-heal|p1a: WOAH|100\/100 tox|[from] move: Wish|[wisher] Alomomomo\n|-damage|p1a: WOAH|94\/100 tox|[from] psn\n|upkeep\n|turn|32\n|\n|t:|1697656884\n|move|p2a: Jr. Crocker|Thunderbolt|p1a: WOAH\n|-damage|p1a: WOAH|52\/100 tox\n|move|p1a: WOAH|Leech Seed|p2a: Jr. Crocker\n|-start|p2a: Jr. Crocker|move: Leech Seed\n|\n|-heal|p1a: WOAH|59\/100 tox|[from] item: Leftovers\n|-damage|p2a: Jr. Crocker|65\/100|[from] Leech Seed|[of] p1a: WOAH\n|-heal|p1a: WOAH|68\/100 tox|[silent]\n|-damage|p1a: WOAH|56\/100 tox|[from] psn\n|upkeep\n|turn|33\n|\n|t:|1697656892\n|switch|p2a: Nearly Witches|Cresselia, F|69\/100\n|move|p1a: WOAH|Knock Off|p2a: Nearly Witches\n|-supereffective|p2a: Nearly Witches\n|-damage|p2a: Nearly Witches|42\/100\n|-enditem|p2a: Nearly Witches|Leftovers|[from] move: Knock Off|[of] p1a: WOAH\n|\n|-heal|p1a: WOAH|62\/100 tox|[from] item: Leftovers\n|-damage|p1a: WOAH|44\/100 tox|[from] psn\n|upkeep\n|turn|34\n|\n|t:|1697656896\n|move|p1a: WOAH|Leech Seed|p2a: Nearly Witches|[miss]\n|-miss|p1a: WOAH|p2a: Nearly Witches\n|move|p2a: Nearly Witches|Lunar Dance|p2a: Nearly Witches\n|faint|p2a: Nearly Witches\n|\n|-heal|p1a: WOAH|50\/100 tox|[from] item: Leftovers\n|-damage|p1a: WOAH|25\/100 tox|[from] psn\n|upkeep\n|\n|t:|1697656903\n|switch|p2a: Howler Monkey|Annihilape, F, shiny|30\/100\n|-heal|p2a: Howler Monkey|100\/100|[from] move: Lunar Dance\n|turn|35\n|\n|t:|1697656911\n|move|p2a: Howler Monkey|Rage Fist|p1a: WOAH\n|-damage|p1a: WOAH|0 fnt\n|faint|p1a: WOAH\n|\n|upkeep\n|\n|t:|1697656915\n|switch|p1a: No Ghosts?|Zamazenta-Crowned|100\/100\n|-ability|p1a: No Ghosts?|Dauntless Shield|boost\n|-boost|p1a: No Ghosts?|def|1\n|turn|36\n|\n|t:|1697656923\n|move|p1a: No Ghosts?|Iron Defense|p1a: No Ghosts?\n|-boost|p1a: No Ghosts?|def|2\n|move|p2a: Howler Monkey|Bulk Up|p2a: Howler Monkey\n|-boost|p2a: Howler Monkey|atk|1\n|-boost|p2a: Howler Monkey|def|1\n|\n|upkeep\n|turn|37\n|\n|t:|1697656927\n|move|p2a: Howler Monkey|Bulk Up|p2a: Howler Monkey\n|-boost|p2a: Howler Monkey|atk|1\n|-boost|p2a: Howler Monkey|def|1\n|move|p1a: No Ghosts?|Roar|p2a: Howler Monkey\n|drag|p2a: Take Wing|Ribombee, F|100\/100\n|\n|upkeep\n|turn|38\n|c| Seior|dont end up a beta male\n|\n|t:|1697656961\n|move|p1a: No Ghosts?|Heavy Slam|p2a: Take Wing\n|-supereffective|p2a: Take Wing\n|-damage|p2a: Take Wing|0 fnt\n|faint|p2a: Take Wing\n|\n|upkeep\n|c| TheJuicyJake|Ouch...\n|\n|t:|1697656968\n|switch|p2a: Howler Monkey|Annihilape, F, shiny|100\/100\n|turn|39\n|\n|t:|1697656972\n|move|p1a: No Ghosts?|Heavy Slam|p2a: Howler Monkey\n|-damage|p2a: Howler Monkey|44\/100\n|move|p2a: Howler Monkey|Bulk Up|p2a: Howler Monkey\n|-boost|p2a: Howler Monkey|atk|1\n|-boost|p2a: Howler Monkey|def|1\n|\n|upkeep\n|turn|40\n|\n|t:|1697656977\n|move|p1a: No Ghosts?|Heavy Slam|p2a: Howler Monkey\n|-damage|p2a: Howler Monkey|1\/100\n|move|p2a: Howler Monkey|Drain Punch|p1a: No Ghosts?\n|-supereffective|p1a: No Ghosts?\n|-damage|p1a: No Ghosts?|61\/100\n|-heal|p2a: Howler Monkey|19\/100|[from] drain|[of] p1a: No Ghosts?\n|\n|upkeep\n|turn|41\n|\n|t:|1697656981\n|move|p1a: No Ghosts?|Heavy Slam|p2a: Howler Monkey\n|-damage|p2a: Howler Monkey|0 fnt\n|faint|p2a: Howler Monkey\n|\n|upkeep\n|\n|t:|1697656985\n|switch|p2a: Jr. Crocker|Jolteon, F|65\/100\n|turn|42\n|c| Seior|yeah we're not ape bros\n|\n|t:|1697656997\n|move|p1a: No Ghosts?|Body Press|p2a: Jr. Crocker\n|-damage|p2a: Jr. Crocker|0 fnt\n|faint|p2a: Jr. Crocker\n|\n|upkeep\n|c|\u2606so threatening|bro\n|c|\u2606so threatening|theres no way\n|\n|t:|1697657001\n|switch|p2a: Falcom Fanbase|Glimmora, F|37\/100\n|turn|43\n|c|\u2606so threatening|what\n|c|\u2606so threatening|i was faster this entire time??\n|\n|t:|1697657008\n|move|p1a: No Ghosts?|Heavy Slam|p2a: Falcom Fanbase\n|-supereffective|p2a: Falcom Fanbase\n|-damage|p2a: Falcom Fanbase|0 fnt\n|faint|p2a: Falcom Fanbase\n|\n|win|so threatening\n|c|\u2606so threatening|ggs\n|c|\u2606NEdgyman|gg\n|l| PorygonTheBot\n|c|\u2606so threatening|that was an intense game\n|l|\u2606so threatening\n|l| TheJuicyJake\n|c|\u2606NEdgyman|my jolt had different speed tier both games\n|l|\u2606NEdgyman\n|j|\u2606so threatening\n|player|p1|so threatening|170\n|l|\u2606so threatening\n|player|p1|\n|l| BPLD\n|j|\u2606so threatening\n|player|p1|so threatening|170\n","uploadtime":1697657023,"views":24,"p1id":"sothreatening","p2id":"nedgyman","formatid":"gen9ubers","rating":0,"private":0,"password":""}