{"id":"gen9ubers-1976364488","p1":"godiamsosorry","p2":"Dragon Master Rosa","format":"[Gen 9] Ubers","log":"|j|\u2606godiamsosorry\n|j|\u2606Dragon Master Rosa\n|t:|1698291640\n|gametype|singles\n|player|p1|godiamsosorry|scientistf|\n|player|p2|Dragon Master Rosa|dragontamer-gen9|\n|teamsize|p1|6\n|teamsize|p2|6\n|gen|9\n|tier|[Gen 9] Ubers\n|rule|Sleep Clause Mod: Limit one foe put to sleep\n|rule|Species Clause: Limit one of each Pok\u00e9mon\n|rule|OHKO Clause: OHKO moves are banned\n|rule|Evasion Items Clause: Evasion items are banned\n|rule|Evasion Moves Clause: Evasion moves are banned\n|rule|Endless Battle Clause: Forcing endless battles is banned\n|rule|HP Percentage Mod: HP is shown in percentages\n|clearpoke\n|poke|p1|Medicham, F|\n|poke|p1|Zoroark-Hisui, M|\n|poke|p1|Palafin, M|\n|poke|p1|Enamorus, F|\n|poke|p1|Toedscruel, F|\n|poke|p1|Slowking-Galar, F|\n|poke|p2|Iron Hands|\n|poke|p2|Eelektross, M|\n|poke|p2|Pincurchin, F|\n|poke|p2|Thundurus, M|\n|poke|p2|Sandy Shocks|\n|poke|p2|Toxtricity, M|\n|teampreview\n|c|\u2606godiamsosorry|How do you feel about Enam so far?\n|c|\u2606Dragon Master Rosa|i think it's good\n|c|\u2606Dragon Master Rosa|not overpowered tbh\n|c|\u2606godiamsosorry|Do you think it\u00b4s safe to come off or should stay banned?\n|c|\u2606godiamsosorry|For me it feels really matchup fishy.\n|c|\u2606godiamsosorry|Oh oops I sent that first one before I saw your reply.\n|c|\u2606Dragon Master Rosa|can definitely get rolling but it's a positive enough presence on the tier to drop\n|c|\u2606godiamsosorry|Yeah I think I agree.\n|c|\u2606godiamsosorry|There is counterplay to it.\n|c|\u2606godiamsosorry|I want to watch more replays though to see how I feel.\n|\n|t:|1698291740\n|start\n|switch|p1a: Palafin|Palafin, M|100\/100\n|switch|p2a: Sandy Shocks|Sandy Shocks|100\/100\n|turn|1\n|c|\u2606godiamsosorry|Its speed tier can allow it to probably snowball out of control easily.\n|\n|t:|1698291751\n|-end|p2a: Sandy Shocks|Protosynthesis|[silent]\n|switch|p2a: Iron Hands|Iron Hands|100\/100\n|detailschange|p1a: Palafin|Palafin-Hero, M\n|switch|p1a: Toedscruel|Toedscruel, F|100\/100\n|\n|upkeep\n|turn|2\n|\n|t:|1698291760\n|-terastallize|p2a: Iron Hands|Ice\n|move|p2a: Iron Hands|Tera Blast|p1a: Toedscruel|[anim] Tera Blast Ice\n|-supereffective|p1a: Toedscruel\n|-damage|p1a: Toedscruel|0 fnt\n|faint|p1a: Toedscruel\n|\n|upkeep\n|\n|t:|1698291764\n|switch|p1a: Enamorus|Enamorus, F|100\/100\n|turn|3\n|\n|t:|1698291766\n|-terastallize|p1a: Enamorus|Steel\n|move|p1a: Enamorus|Substitute|p1a: Enamorus\n|-start|p1a: Enamorus|Substitute\n|-damage|p1a: Enamorus|76\/100\n|move|p2a: Iron Hands|Tera Blast|p1a: Enamorus|[anim] Tera Blast Ice\n|-resisted|p1a: Enamorus\n|-end|p1a: Enamorus|Substitute\n|\n|-heal|p1a: Enamorus|82\/100|[from] item: Leftovers\n|upkeep\n|turn|4\n|c|\u2606godiamsosorry|I\u00b4m amazed Iron Hands can legally use Tera Blast.\n|\n|t:|1698291791\n|-end|p2a: Iron Hands|Quark Drive|[silent]\n|switch|p2a: Eelektross|Eelektross, M|100\/100\n|move|p1a: Enamorus|Superpower|p2a: Eelektross\n|-damage|p2a: Eelektross|55\/100\n|-boost|p1a: Enamorus|atk|1\n|-boost|p1a: Enamorus|def|1\n|\n|-heal|p1a: Enamorus|88\/100|[from] item: Leftovers\n|upkeep\n|turn|5\n|\n|t:|1698291796\n|move|p1a: Enamorus|Superpower|p2a: Eelektross\n|-damage|p2a: Eelektross|0 fnt\n|-boost|p1a: Enamorus|atk|1\n|-boost|p1a: Enamorus|def|1\n|faint|p2a: Eelektross\n|\n|-heal|p1a: Enamorus|94\/100|[from] item: Leftovers\n|upkeep\n|\n|t:|1698291816\n|switch|p2a: Toxtricity|Toxtricity, M|100\/100\n|turn|6\n|\n|t:|1698291824\n|move|p1a: Enamorus|Superpower|p2a: Toxtricity\n|-resisted|p2a: Toxtricity\n|-damage|p2a: Toxtricity|43\/100\n|-boost|p1a: Enamorus|atk|1\n|-boost|p1a: Enamorus|def|1\n|move|p2a: Toxtricity|Shift Gear|p2a: Toxtricity\n|-boost|p2a: Toxtricity|spe|2\n|-boost|p2a: Toxtricity|atk|1\n|\n|-heal|p1a: Enamorus|100\/100|[from] item: Leftovers\n|upkeep\n|turn|7\n|\n|t:|1698291830\n|move|p2a: Toxtricity|Drain Punch|p1a: Enamorus\n|-supereffective|p1a: Enamorus\n|-damage|p1a: Enamorus|58\/100\n|-heal|p2a: Toxtricity|64\/100|[from] drain|[of] p1a: Enamorus\n|move|p1a: Enamorus|Superpower|p2a: Toxtricity\n|-resisted|p2a: Toxtricity\n|-damage|p2a: Toxtricity|0 fnt\n|-boost|p1a: Enamorus|atk|1\n|-boost|p1a: Enamorus|def|1\n|faint|p2a: Toxtricity\n|\n|-heal|p1a: Enamorus|65\/100|[from] item: Leftovers\n|upkeep\n|\n|t:|1698291840\n|switch|p2a: Thundurus|Thundurus, M|100\/100\n|turn|8\n|j| Umbreoing!\n|c|\u2606Dragon Master Rosa|i forgot to tera tox and that killed me ngl\n|c|\u2606Dragon Master Rosa|hey umb\n|\n|t:|1698291858\n|move|p1a: Enamorus|Play Rough|p2a: Thundurus\n|-damage|p2a: Thundurus|0 fnt\n|faint|p2a: Thundurus\n|\n|-heal|p1a: Enamorus|71\/100|[from] item: Leftovers\n|upkeep\n|\n|t:|1698291861\n|switch|p2a: Iron Hands|Iron Hands, tera:Ice|100\/100\n|turn|9\n|c|\u2606godiamsosorry|You already terad tho,,,\n|\n|t:|1698291866\n|move|p1a: Enamorus|Iron Head|p2a: Iron Hands\n|-supereffective|p2a: Iron Hands\n|-damage|p2a: Iron Hands|0 fnt\n|faint|p2a: Iron Hands\n|-end|p2a: Iron Hands|Quark Drive|[silent]\n|\n|-heal|p1a: Enamorus|77\/100|[from] item: Leftovers\n|upkeep\n|c|\u2606Dragon Master Rosa|shit you're right\n|\n|t:|1698291873\n|switch|p2a: Pincurchin|Pincurchin, F|100\/100\n|-fieldstart|move: Electric Terrain|[from] ability: Electric Surge|[of] p2a: Pincurchin\n|turn|10\n|\n|t:|1698291879\n|move|p1a: Enamorus|Play Rough|p2a: Pincurchin\n|-damage|p2a: Pincurchin|0 fnt\n|faint|p2a: Pincurchin\n|\n|-heal|p1a: Enamorus|83\/100|[from] item: Leftovers\n|upkeep\n|\n|t:|1698291882\n|switch|p2a: Sandy Shocks|Sandy Shocks|100\/100\n|turn|11\n|\n|t:|1698291883\n|move|p1a: Enamorus|Play Rough|p2a: Sandy Shocks\n|-damage|p2a: Sandy Shocks|0 fnt\n|faint|p2a: Sandy Shocks\n|-end|p2a: Sandy Shocks|Protosynthesis|[silent]\n|\n|win|godiamsosorry\n|c|\u2606godiamsosorry|Uh oh...\n","uploadtime":1698291891,"views":19,"p1id":"godiamsosorry","p2id":"dragonmasterrosa","formatid":"gen9ubers","rating":0,"private":0,"password":""}