{"id":"gen9ubers-1968860861","p1":"I9821943813dws","p2":"bigshoota","format":"[Gen 9] Ubers","log":"|j|\u2606I9821943813dws\n|j|\u2606bigshoota\n|t:|1697470782\n|gametype|singles\n|player|p1|I9821943813dws|102|\n|player|p2|bigshoota|2|\n|teamsize|p1|6\n|teamsize|p2|6\n|gen|9\n|tier|[Gen 9] Ubers\n|rule|Sleep Clause Mod: Limit one foe put to sleep\n|rule|Species Clause: Limit one of each Pok\u00e9mon\n|rule|OHKO Clause: OHKO moves are banned\n|rule|Evasion Items Clause: Evasion items are banned\n|rule|Evasion Moves Clause: Evasion moves are banned\n|rule|Endless Battle Clause: Forcing endless battles is banned\n|rule|HP Percentage Mod: HP is shown in percentages\n|clearpoke\n|poke|p1|Pelipper, M|\n|poke|p1|Palkia-Origin|\n|poke|p1|Landorus, M|\n|poke|p1|Thundurus-Therian, M|\n|poke|p1|Tornadus-Therian, M|\n|poke|p1|Palafin, F|\n|poke|p2|Masquerain, F|\n|poke|p2|Arceus-Ice|\n|poke|p2|Gholdengo|\n|poke|p2|Palafin, M|\n|poke|p2|Chi-Yu|\n|poke|p2|Zamazenta-*|\n|teampreview\n|inactive|Battle timer is ON: inactive players will automatically lose when time's up. (requested by I9821943813dws)\n|\n|t:|1697470792\n|start\n|switch|p1a: Regenerator|Tornadus-Therian, M|100\/100\n|switch|p2a: THOUSAND SUNNY|Masquerain, F|100\/100\n|-ability|p2a: THOUSAND SUNNY|Intimidate|boost\n|-unboost|p1a: Regenerator|atk|1\n|turn|1\n|\n|t:|1697470797\n|move|p1a: Regenerator|Taunt|p2a: THOUSAND SUNNY\n|-start|p2a: THOUSAND SUNNY|move: Taunt\n|cant|p2a: THOUSAND SUNNY|move: Taunt|Stun Spore\n|\n|upkeep\n|turn|2\n|\n|t:|1697470819\n|switch|p2a: THE CHEESESTRING|Gholdengo|100\/100\n|move|p1a: Regenerator|Bleakwind Storm|p2a: THE CHEESESTRING\n|-resisted|p2a: THE CHEESESTRING\n|-damage|p2a: THE CHEESESTRING|74\/100\n|\n|upkeep\n|turn|3\n|\n|t:|1697470824\n|move|p2a: THE CHEESESTRING|Trick|p1a: Regenerator\n|-activate|p2a: THE CHEESESTRING|move: Trick|[of] p1a: Regenerator\n|-item|p1a: Regenerator|Choice Scarf|[from] move: Trick\n|-item|p2a: THE CHEESESTRING|Heavy-Duty Boots|[from] move: Trick\n|move|p1a: Regenerator|U-turn|p2a: THE CHEESESTRING\n|-resisted|p2a: THE CHEESESTRING\n|-damage|p2a: THE CHEESESTRING|71\/100\n|\n|t:|1697470835\n|switch|p1a: Sheer Force|Landorus, M|100\/100|[from] U-turn\n|\n|upkeep\n|turn|4\n|\n|t:|1697470840\n|switch|p2a: THOUSAND SUNNY|Masquerain, F|100\/100\n|-ability|p2a: THOUSAND SUNNY|Intimidate|boost\n|-unboost|p1a: Sheer Force|atk|1\n|move|p1a: Sheer Force|Nasty Plot|p1a: Sheer Force\n|-boost|p1a: Sheer Force|spa|2\n|\n|upkeep\n|turn|5\n|\n|t:|1697470848\n|move|p1a: Sheer Force|Sludge Bomb|p2a: THOUSAND SUNNY\n|-enditem|p2a: THOUSAND SUNNY|Focus Sash\n|-damage|p2a: THOUSAND SUNNY|1\/100\n|move|p2a: THOUSAND SUNNY|Stun Spore|p1a: Sheer Force\n|-status|p1a: Sheer Force|par\n|\n|upkeep\n|turn|6\n|\n|t:|1697470855\n|move|p2a: THOUSAND SUNNY|Sticky Web|p1a: Sheer Force\n|-sidestart|p1: I9821943813dws|move: Sticky Web\n|cant|p1a: Sheer Force|par\n|\n|upkeep\n|turn|7\n|\n|t:|1697470861\n|move|p2a: THOUSAND SUNNY|Bug Buzz|p1a: Sheer Force\n|-resisted|p1a: Sheer Force\n|-damage|p1a: Sheer Force|75\/100 par\n|cant|p1a: Sheer Force|par\n|\n|upkeep\n|turn|8\n|\n|t:|1697470868\n|switch|p1a: Regenerator|Tornadus-Therian, M|100\/100\n|move|p2a: THOUSAND SUNNY|Bug Buzz|p1a: Regenerator\n|-resisted|p1a: Regenerator\n|-damage|p1a: Regenerator|77\/100\n|\n|upkeep\n|turn|9\n|\n|t:|1697470872\n|move|p1a: Regenerator|U-turn|p2a: THOUSAND SUNNY\n|-resisted|p2a: THOUSAND SUNNY\n|-crit|p2a: THOUSAND SUNNY\n|-damage|p2a: THOUSAND SUNNY|0 fnt\n|faint|p2a: THOUSAND SUNNY\n|\n|t:|1697470876\n|switch|p1a: Zero to Hero|Palafin, F|100\/100|[from] U-turn\n|-activate|p1a: Zero to Hero|move: Sticky Web\n|-unboost|p1a: Zero to Hero|spe|1\n|\n|upkeep\n|\n|t:|1697470882\n|switch|p2a: Arceus|Arceus-Ice|100\/100\n|turn|10\n|\n|t:|1697470886\n|detailschange|p1a: Zero to Hero|Palafin-Hero, F\n|switch|p1a: Drizzle|Pelipper, M|100\/100\n|-weather|RainDance|[from] ability: Drizzle|[of] p1a: Drizzle\n|move|p2a: Arceus|Calm Mind|p2a: Arceus\n|-boost|p2a: Arceus|spa|1\n|-boost|p2a: Arceus|spd|1\n|\n|-weather|RainDance|[upkeep]\n|upkeep\n|turn|11\n|\n|t:|1697470893\n|move|p2a: Arceus|Thunderbolt|p1a: Drizzle\n|-supereffective|p1a: Drizzle\n|-damage|p1a: Drizzle|0 fnt\n|faint|p1a: Drizzle\n|\n|-weather|RainDance|[upkeep]\n|upkeep\n|\n|t:|1697470897\n|switch|p1a: Volt Absorb|Thundurus-Therian, M|100\/100\n|turn|12\n|\n|t:|1697470900\n|move|p2a: Arceus|Judgment|p1a: Volt Absorb\n|-supereffective|p1a: Volt Absorb\n|-damage|p1a: Volt Absorb|0 fnt\n|faint|p1a: Volt Absorb\n|\n|-weather|RainDance|[upkeep]\n|upkeep\n|\n|t:|1697470903\n|switch|p1a: Zero to Hero|Palafin-Hero, F|100\/100\n|-activate|p1a: Zero to Hero|move: Sticky Web\n|-unboost|p1a: Zero to Hero|spe|1\n|-activate|p1a: Zero to Hero|ability: Zero to Hero\n|turn|13\n|\n|t:|1697470909\n|move|p1a: Zero to Hero|Jet Punch|p2a: Arceus\n|-damage|p2a: Arceus|31\/100\n|move|p2a: Arceus|Thunderbolt|p1a: Zero to Hero\n|-supereffective|p1a: Zero to Hero\n|-damage|p1a: Zero to Hero|2\/100\n|\n|-weather|RainDance|[upkeep]\n|upkeep\n|turn|14\n|\n|t:|1697470914\n|switch|p2a: THE DOLPHIN|Palafin, M|100\/100\n|move|p1a: Zero to Hero|Jet Punch|p2a: THE DOLPHIN\n|-resisted|p2a: THE DOLPHIN\n|-damage|p2a: THE DOLPHIN|37\/100\n|\n|-weather|RainDance|[upkeep]\n|upkeep\n|turn|15\n|\n|t:|1697470921\n|switch|p1a: Pressure|Palkia-Origin|100\/100\n|-activate|p1a: Pressure|move: Sticky Web\n|-unboost|p1a: Pressure|spe|1\n|-ability|p1a: Pressure|Pressure\n|move|p2a: THE DOLPHIN|Jet Punch|p1a: Pressure\n|-resisted|p1a: Pressure\n|-damage|p1a: Pressure|86\/100\n|\n|-weather|RainDance|[upkeep]\n|upkeep\n|turn|16\n|\n|t:|1697470928\n|detailschange|p2a: THE DOLPHIN|Palafin-Hero, M\n|switch|p2a: THE CHEESESTRING|Gholdengo|71\/100\n|move|p1a: Pressure|Substitute|p1a: Pressure\n|-start|p1a: Pressure|Substitute\n|-damage|p1a: Pressure|61\/100\n|\n|-weather|RainDance|[upkeep]\n|upkeep\n|turn|17\n|\n|t:|1697470933\n|move|p2a: THE CHEESESTRING|Shadow Ball|p1a: Pressure\n|-end|p1a: Pressure|Substitute\n|move|p1a: Pressure|Thunder|p2a: THE CHEESESTRING\n|-damage|p2a: THE CHEESESTRING|26\/100\n|\n|-weather|none\n|upkeep\n|turn|18\n|\n|t:|1697470941\n|move|p2a: THE CHEESESTRING|Shadow Ball|p1a: Pressure\n|-damage|p1a: Pressure|20\/100\n|move|p1a: Pressure|Hydro Pump|p2a: THE CHEESESTRING|[miss]\n|-miss|p1a: Pressure|p2a: THE CHEESESTRING\n|\n|upkeep\n|turn|19\n|\n|t:|1697470946\n|move|p2a: THE CHEESESTRING|Shadow Ball|p1a: Pressure\n|-damage|p1a: Pressure|0 fnt\n|faint|p1a: Pressure\n|\n|upkeep\n|\n|t:|1697470951\n|switch|p1a: Zero to Hero|Palafin-Hero, F|2\/100\n|-activate|p1a: Zero to Hero|move: Sticky Web\n|-unboost|p1a: Zero to Hero|spe|1\n|turn|20\n|\n|t:|1697470961\n|switch|p2a: THE DAWG|Zamazenta-Crowned|100\/100\n|-ability|p2a: THE DAWG|Dauntless Shield|boost\n|-boost|p2a: THE DAWG|def|1\n|move|p1a: Zero to Hero|Jet Punch|p2a: THE DAWG\n|-damage|p2a: THE DAWG|80\/100\n|\n|upkeep\n|turn|21\n|\n|t:|1697470975\n|switch|p1a: Regenerator|Tornadus-Therian, M|100\/100\n|move|p2a: THE DAWG|Iron Defense|p2a: THE DAWG\n|-boost|p2a: THE DAWG|def|2\n|\n|upkeep\n|turn|22\n|\n|t:|1697470979\n|move|p1a: Regenerator|Focus Blast|p2a: THE DAWG|[miss]\n|-miss|p1a: Regenerator|p2a: THE DAWG\n|move|p2a: THE DAWG|Body Press|p1a: Regenerator\n|-resisted|p1a: Regenerator\n|-damage|p1a: Regenerator|16\/100\n|\n|upkeep\n|turn|23\n|\n|t:|1697470990\n|-terastallize|p2a: THE DAWG|Fighting\n|move|p1a: Regenerator|Focus Blast|p2a: THE DAWG\n|-damage|p2a: THE DAWG|54\/100\n|move|p2a: THE DAWG|Body Press|p1a: Regenerator\n|-resisted|p1a: Regenerator\n|-damage|p1a: Regenerator|0 fnt\n|faint|p1a: Regenerator\n|\n|upkeep\n|\n|t:|1697470996\n|switch|p1a: Sheer Force|Landorus, M|75\/100 par\n|turn|24\n|\n|t:|1697471001\n|-terastallize|p1a: Sheer Force|Fairy\n|move|p2a: THE DAWG|Body Press|p1a: Sheer Force\n|-resisted|p1a: Sheer Force\n|-damage|p1a: Sheer Force|0 fnt\n|faint|p1a: Sheer Force\n|\n|upkeep\n|c|\u2606I9821943813dws|ggs\n|-message|I9821943813dws forfeited.\n|\n|win|bigshoota\n|c|\u2606bigshoota|gg\n|l|\u2606I9821943813dws\n|j|\u2606I9821943813dws\n|player|p1|I9821943813dws|102\n","uploadtime":1697471074,"views":7,"p1id":"i9821943813dws","p2id":"bigshoota","formatid":"gen9ubers","rating":0,"private":0,"password":""}