{"id":"gen9ubers-1990954444","p1":"xandiles","p2":"LonSpecial29","format":"[Gen 9] Ubers","log":"|j|\u2606xandiles\n|j|\u2606LonSpecial29\n|t:|1700019310\n|gametype|singles\n|player|p1|xandiles|will|1000\n|player|p2|LonSpecial29|clair|1134\n|teamsize|p1|6\n|teamsize|p2|6\n|gen|9\n|tier|[Gen 9] Ubers\n|rated|\n|rule|Sleep Clause Mod: Limit one foe put to sleep\n|rule|Species Clause: Limit one of each Pok\u00e9mon\n|rule|OHKO Clause: OHKO moves are banned\n|rule|Evasion Items Clause: Evasion items are banned\n|rule|Evasion Moves Clause: Evasion moves are banned\n|rule|Endless Battle Clause: Forcing endless battles is banned\n|rule|HP Percentage Mod: HP is shown in percentages\n|clearpoke\n|poke|p1|Sandaconda, M|\n|poke|p1|Enamorus-Therian, F|\n|poke|p1|Magearna|\n|poke|p1|Weezing-Galar, M|\n|poke|p1|Thundurus-Therian, M|\n|poke|p1|Arcanine-Hisui, F|\n|poke|p2|Leavanny, M|\n|poke|p2|Heracross, M|\n|poke|p2|Scyther, F|\n|poke|p2|Typhlosion, F|\n|poke|p2|Medicham, F|\n|poke|p2|Sandaconda, F|\n|teampreview\n|inactive|Battle timer is ON: inactive players will automatically lose when time's up. (requested by LonSpecial29)\n|c|\u2606LonSpecial29|gl\n|inactive|xandiles has 120 seconds left.\n|inactive|xandiles has 90 seconds left.\n|inactive|xandiles has 60 seconds left.\n|\n|t:|1700019406\n|start\n|switch|p1a: Magearna|Magearna|100\/100\n|switch|p2a: Leavanny|Leavanny, M, shiny|100\/100\n|turn|1\n|c|\u2606LonSpecial29|gl\n|\n|t:|1700019420\n|move|p2a: Leavanny|Sticky Web|p1a: Magearna\n|-sidestart|p1: xandiles|move: Sticky Web\n|move|p1a: Magearna|Trick|p2a: Leavanny\n|-activate|p1a: Magearna|move: Trick|[of] p2a: Leavanny\n|-item|p2a: Leavanny|Choice Specs|[from] move: Trick\n|-item|p1a: Magearna|Focus Sash|[from] move: Trick\n|\n|upkeep\n|turn|2\n|inactive|xandiles has 120 seconds left.\n|\n|t:|1700019458\n|move|p2a: Leavanny|Leaf Blade|p1a: Magearna\n|-resisted|p1a: Magearna\n|-damage|p1a: Magearna|83\/100\n|move|p1a: Magearna|Spikes|p2a: Leavanny\n|-sidestart|p2: LonSpecial29|Spikes\n|\n|upkeep\n|turn|3\n|\n|t:|1700019467\n|switch|p2a: Sandaconda|Sandaconda, F, shiny|100\/100\n|-damage|p2a: Sandaconda|88\/100|[from] Spikes\n|move|p1a: Magearna|Spikes|p2a: Sandaconda\n|-sidestart|p2: LonSpecial29|Spikes\n|\n|upkeep\n|turn|4\n|\n|t:|1700019476\n|move|p2a: Sandaconda|Coil|p2a: Sandaconda\n|-boost|p2a: Sandaconda|atk|1\n|-boost|p2a: Sandaconda|def|1\n|-boost|p2a: Sandaconda|accuracy|1\n|move|p1a: Magearna|Spikes|p2a: Sandaconda\n|-sidestart|p2: LonSpecial29|Spikes\n|\n|upkeep\n|turn|5\n|inactive|xandiles has 120 seconds left.\n|\n|t:|1700019485\n|move|p2a: Sandaconda|Earthquake|p1a: Magearna\n|-supereffective|p1a: Magearna\n|-damage|p1a: Magearna|0 fnt\n|faint|p1a: Magearna\n|\n|upkeep\n|inactive|xandiles has 120 seconds left.\n|\n|t:|1700019493\n|switch|p1a: Thundurus|Thundurus-Therian, M|100\/100\n|turn|6\n|\n|t:|1700019507\n|move|p1a: Thundurus|Grass Knot|p2a: Sandaconda\n|-supereffective|p2a: Sandaconda\n|-damage|p2a: Sandaconda|0 fnt\n|faint|p2a: Sandaconda\n|\n|upkeep\n|\n|t:|1700019515\n|switch|p2a: Typhlosion|Typhlosion, F|100\/100\n|-damage|p2a: Typhlosion|76\/100|[from] Spikes\n|turn|7\n|\n|t:|1700019535\n|move|p2a: Typhlosion|Fire Blast|p1a: Thundurus\n|-damage|p1a: Thundurus|35\/100\n|move|p1a: Thundurus|Volt Switch|p2a: Typhlosion\n|-damage|p2a: Typhlosion|22\/100\n|\n|t:|1700019540\n|switch|p1a: Arcanine|Arcanine-Hisui, F|100\/100|[from] Volt Switch\n|-activate|p1a: Arcanine|move: Sticky Web\n|-unboost|p1a: Arcanine|spe|1\n|\n|upkeep\n|turn|8\n|\n|t:|1700019546\n|move|p1a: Arcanine|Extreme Speed|p2a: Typhlosion\n|-damage|p2a: Typhlosion|0 fnt\n|faint|p2a: Typhlosion\n|\n|upkeep\n|\n|t:|1700019553\n|switch|p2a: Heracross|Heracross, M|100\/100\n|-damage|p2a: Heracross|76\/100|[from] Spikes\n|turn|9\n|\n|t:|1700019558\n|move|p2a: Heracross|Rock Blast|p1a: Arcanine|[miss]\n|-miss|p2a: Heracross|p1a: Arcanine\n|move|p1a: Arcanine|Flame Charge|p2a: Heracross\n|-supereffective|p2a: Heracross\n|-crit|p2a: Heracross\n|-damage|p2a: Heracross|0 fnt\n|-boost|p1a: Arcanine|spe|1\n|faint|p2a: Heracross\n|\n|upkeep\n|\n|t:|1700019565\n|switch|p2a: Scyther|Scyther, F, shiny|100\/100\n|turn|10\n|\n|t:|1700019571\n|move|p2a: Scyther|Close Combat|p1a: Arcanine\n|-supereffective|p1a: Arcanine\n|-damage|p1a: Arcanine|1\/100\n|-unboost|p2a: Scyther|def|1\n|-unboost|p2a: Scyther|spd|1\n|move|p1a: Arcanine|Flame Charge|p2a: Scyther\n|-supereffective|p2a: Scyther\n|-damage|p2a: Scyther|0 fnt\n|-boost|p1a: Arcanine|spe|1\n|faint|p2a: Scyther\n|\n|upkeep\n|\n|t:|1700019575\n|switch|p2a: Medicham|Medicham, F|100\/100\n|-damage|p2a: Medicham|76\/100|[from] Spikes\n|turn|11\n|\n|t:|1700019595\n|move|p2a: Medicham|Bullet Punch|p1a: Arcanine\n|-damage|p1a: Arcanine|0 fnt\n|faint|p1a: Arcanine\n|\n|upkeep\n|\n|t:|1700019598\n|switch|p1a: Thundurus|Thundurus-Therian, M|35\/100\n|turn|12\n|\n|t:|1700019604\n|-terastallize|p1a: Thundurus|Flying\n|move|p2a: Medicham|Bullet Punch|p1a: Thundurus\n|-damage|p1a: Thundurus|0 fnt\n|faint|p1a: Thundurus\n|\n|upkeep\n|\n|t:|1700019608\n|switch|p1a: Randy|Sandaconda, M, shiny|100\/100\n|-activate|p1a: Randy|move: Sticky Web\n|-unboost|p1a: Randy|spe|1\n|turn|13\n|\n|t:|1700019611\n|switch|p2a: Leavanny|Leavanny, M, shiny|100\/100\n|-damage|p2a: Leavanny|76\/100|[from] Spikes\n|move|p1a: Randy|Glare|p2a: Leavanny\n|-status|p2a: Leavanny|par\n|\n|upkeep\n|turn|14\n|\n|t:|1700019620\n|switch|p1a: Weezing|Weezing-Galar, M, shiny|100\/100\n|move|p2a: Leavanny|Leaf Blade|p1a: Weezing\n|-resisted|p1a: Weezing\n|-damage|p1a: Weezing|84\/100\n|\n|upkeep\n|turn|15\n|\n|t:|1700019630\n|switch|p2a: Medicham|Medicham, F|76\/100\n|-damage|p2a: Medicham|51\/100|[from] Spikes\n|move|p1a: Weezing|Strange Steam|p2a: Medicham\n|-supereffective|p2a: Medicham\n|-damage|p2a: Medicham|0 fnt\n|faint|p2a: Medicham\n|\n|upkeep\n|-message|LonSpecial29 forfeited.\n|\n|win|xandiles\n|raw|xandiles's rating: 1000 &rarr; <strong>1055<\/strong><br \/>(+55 for winning)\n|raw|LonSpecial29's rating: 1134 &rarr; <strong>1100<\/strong><br \/>(-34 for losing)\n|l|\u2606LonSpecial29\n","uploadtime":1700019642,"views":12,"p1id":"xandiles","p2id":"lonspecial29","formatid":"gen9ubers","rating":1055,"private":0,"password":""}