{"id":"gen9ubers-1971657815","p1":"righteous light","p2":"Masta SkillZ","format":"[Gen 9] Ubers","log":"|j|\u2606righteous light\n|j|\u2606Masta SkillZ\n|t:|1697758014\n|gametype|singles\n|player|p1|righteous light|ariana|\n|player|p2|Masta SkillZ|bertha|\n|teamsize|p1|6\n|teamsize|p2|6\n|gen|9\n|tier|[Gen 9] Ubers\n|rated|Tournament battle\n|rule|Sleep Clause Mod: Limit one foe put to sleep\n|rule|Species Clause: Limit one of each Pok\u00e9mon\n|rule|OHKO Clause: OHKO moves are banned\n|rule|Evasion Items Clause: Evasion items are banned\n|rule|Evasion Moves Clause: Evasion moves are banned\n|rule|Endless Battle Clause: Forcing endless battles is banned\n|rule|HP Percentage Mod: HP is shown in percentages\n|clearpoke\n|poke|p1|Ribombee, F|\n|poke|p1|Kyogre|\n|poke|p1|Arceus-Fairy|\n|poke|p1|Koraidon|\n|poke|p1|Miraidon|\n|poke|p1|Zacian-*|\n|poke|p2|Ting-Lu|\n|poke|p2|Cyclizar, F|\n|poke|p2|Zacian-*|\n|poke|p2|Toxapex, F|\n|poke|p2|Koraidon|\n|poke|p2|Arceus-Flying|\n|teampreview\n|inactive|Battle timer is ON: inactive players will automatically lose when time's up. (requested by righteous light)\n|\n|t:|1697758026\n|start\n|switch|p1a: Ribombee|Ribombee, F, shiny|100\/100\n|switch|p2a: Cyclizar|Cyclizar, F|100\/100\n|turn|1\n|\n|t:|1697758029\n|move|p2a: Cyclizar|Shed Tail|p2a: Cyclizar\n|-start|p2a: Cyclizar|Substitute|[from] move: Shed Tail\n|-damage|p2a: Cyclizar|50\/100\n|\n|t:|1697758035\n|switch|p2a: Zacian|Zacian-Crowned|100\/100|[from] Shed Tail\n|-ability|p2a: Zacian|Intrepid Sword|boost\n|-boost|p2a: Zacian|atk|1\n|move|p1a: Ribombee|Sticky Web|p2a: Zacian\n|-sidestart|p2: Masta SkillZ|move: Sticky Web\n|\n|upkeep\n|turn|2\n|\n|t:|1697758037\n|move|p2a: Zacian|Behemoth Blade|p1a: Ribombee\n|-supereffective|p1a: Ribombee\n|-enditem|p1a: Ribombee|Focus Sash\n|-damage|p1a: Ribombee|1\/100\n|move|p1a: Ribombee|Moonblast|p2a: Zacian\n|-resisted|p2a: Zacian\n|-activate|p2a: Zacian|move: Substitute|[damage]\n|\n|upkeep\n|turn|3\n|\n|t:|1697758044\n|move|p2a: Zacian|Behemoth Blade|p1a: Ribombee\n|-supereffective|p1a: Ribombee\n|-damage|p1a: Ribombee|0 fnt\n|faint|p1a: Ribombee\n|\n|upkeep\n|j| Remedy4brokenh3art\n|\n|t:|1697758063\n|switch|p1a: Zacian|Zacian-Crowned, shiny|100\/100\n|-ability|p1a: Zacian|Intrepid Sword|boost\n|-boost|p1a: Zacian|atk|1\n|turn|4\n|\n|t:|1697758069\n|move|p1a: Zacian|Behemoth Blade|p2a: Zacian\n|-end|p2a: Zacian|Substitute\n|move|p2a: Zacian|Swords Dance|p2a: Zacian\n|-boost|p2a: Zacian|atk|2\n|\n|upkeep\n|turn|5\n|\n|t:|1697758073\n|move|p1a: Zacian|Behemoth Blade|p2a: Zacian\n|-damage|p2a: Zacian|21\/100\n|move|p2a: Zacian|Behemoth Blade|p1a: Zacian\n|-damage|p1a: Zacian|0 fnt\n|faint|p1a: Zacian\n|\n|upkeep\n|\n|t:|1697758103\n|switch|p1a: Koraidon|Koraidon|100\/100\n|-weather|SunnyDay|[from] ability: Orichalcum Pulse|[of] p1a: Koraidon\n|-activate|p1a: Koraidon|Orichalcum Pulse|[source]\n|turn|6\n|\n|t:|1697758110\n|-terastallize|p1a: Koraidon|Fire\n|move|p2a: Zacian|Behemoth Blade|p1a: Koraidon\n|-resisted|p1a: Koraidon\n|-damage|p1a: Koraidon|33\/100\n|move|p1a: Koraidon|Low Kick|p2a: Zacian\n|-damage|p2a: Zacian|0 fnt\n|faint|p2a: Zacian\n|\n|-weather|SunnyDay|[upkeep]\n|upkeep\n|\n|t:|1697758118\n|switch|p2a: Toxapex|Toxapex, F|100\/100\n|-activate|p2a: Toxapex|move: Sticky Web\n|-unboost|p2a: Toxapex|spe|1\n|turn|7\n|\n|t:|1697758121\n|move|p1a: Koraidon|Swords Dance|p1a: Koraidon\n|-boost|p1a: Koraidon|atk|2\n|move|p2a: Toxapex|Toxic Spikes|p1a: Koraidon\n|-sidestart|p1: righteous light|move: Toxic Spikes\n|\n|-weather|SunnyDay|[upkeep]\n|upkeep\n|turn|8\n|\n|t:|1697758130\n|-terastallize|p2a: Toxapex|Fairy\n|move|p1a: Koraidon|Scale Shot|p2a: Toxapex\n|-immune|p2a: Toxapex\n|move|p2a: Toxapex|Toxic|p1a: Koraidon\n|-status|p1a: Koraidon|tox\n|\n|-weather|SunnyDay|[upkeep]\n|-damage|p1a: Koraidon|27\/100 tox|[from] psn\n|upkeep\n|turn|9\n|j| Murphy Lawden\n|\n|t:|1697758141\n|switch|p2a: Cyclizar|Cyclizar, F|84\/100\n|-activate|p2a: Cyclizar|move: Sticky Web\n|-unboost|p2a: Cyclizar|spe|1\n|move|p1a: Koraidon|Flare Blitz|p2a: Cyclizar\n|-resisted|p2a: Cyclizar\n|-damage|p2a: Cyclizar|0 fnt\n|faint|p2a: Cyclizar\n|-damage|p1a: Koraidon|0 fnt|[from] Recoil\n|faint|p1a: Koraidon\n|\n|-weather|SunnyDay|[upkeep]\n|upkeep\n|\n|t:|1697758162\n|switch|p1a: Kyogre|Kyogre|100\/100\n|switch|p2a: Toxapex|Toxapex, F, tera:Fairy|100\/100\n|-status|p1a: Kyogre|psn\n|-weather|RainDance|[from] ability: Drizzle|[of] p1a: Kyogre\n|-activate|p2a: Toxapex|move: Sticky Web\n|-unboost|p2a: Toxapex|spe|1\n|turn|10\n|\n|t:|1697758166\n|switch|p2a: Koraidon|Koraidon|100\/100\n|-weather|SunnyDay|[from] ability: Orichalcum Pulse|[of] p2a: Koraidon\n|-activate|p2a: Koraidon|Orichalcum Pulse|[source]\n|move|p1a: Kyogre|Water Spout|p2a: Koraidon\n|-resisted|p2a: Koraidon\n|-damage|p2a: Koraidon|74\/100\n|\n|-weather|SunnyDay|[upkeep]\n|-damage|p1a: Kyogre|88\/100 psn|[from] psn\n|upkeep\n|turn|11\n|\n|t:|1697758172\n|switch|p1a: Arceus|Arceus-Fairy|100\/100\n|-status|p1a: Arceus|psn\n|move|p2a: Koraidon|Drain Punch|p1a: Arceus\n|-resisted|p1a: Arceus\n|-damage|p1a: Arceus|86\/100 psn\n|-heal|p2a: Koraidon|82\/100|[from] drain|[of] p1a: Arceus\n|\n|-weather|SunnyDay|[upkeep]\n|-damage|p1a: Arceus|73\/100 psn|[from] psn\n|upkeep\n|turn|12\n|\n|t:|1697758176\n|switch|p2a: Arceus|Arceus-Flying|100\/100\n|move|p1a: Arceus|Recover|p1a: Arceus\n|-heal|p1a: Arceus|100\/100 psn\n|\n|-weather|SunnyDay|[upkeep]\n|-damage|p1a: Arceus|88\/100 psn|[from] psn\n|upkeep\n|turn|13\n|\n|t:|1697758182\n|switch|p1a: Miraidon|Miraidon|100\/100\n|-status|p1a: Miraidon|psn\n|-fieldstart|move: Electric Terrain|[from] ability: Hadron Engine|[of] p1a: Miraidon\n|move|p2a: Arceus|Calm Mind|p2a: Arceus\n|-boost|p2a: Arceus|spa|1\n|-boost|p2a: Arceus|spd|1\n|\n|-weather|SunnyDay|[upkeep]\n|-damage|p1a: Miraidon|88\/100 psn|[from] psn\n|upkeep\n|turn|14\n|\n|t:|1697758187\n|switch|p2a: Ting-Lu|Ting-Lu|100\/100\n|-activate|p2a: Ting-Lu|move: Sticky Web\n|-unboost|p2a: Ting-Lu|spe|1\n|-ability|p2a: Ting-Lu|Vessel of Ruin\n|move|p1a: Miraidon|Calm Mind|p1a: Miraidon\n|-boost|p1a: Miraidon|spa|1\n|-boost|p1a: Miraidon|spd|1\n|\n|-weather|none\n|-heal|p1a: Miraidon|94\/100 psn|[from] item: Leftovers\n|-damage|p1a: Miraidon|82\/100 psn|[from] psn\n|upkeep\n|turn|15\n|\n|t:|1697758190\n|move|p1a: Miraidon|Dragon Pulse|p2a: Ting-Lu\n|-damage|p2a: Ting-Lu|66\/100\n|move|p2a: Ting-Lu|Earthquake|p1a: Miraidon\n|-supereffective|p1a: Miraidon\n|-damage|p1a: Miraidon|7\/100 psn\n|\n|-heal|p1a: Miraidon|13\/100 psn|[from] item: Leftovers\n|-heal|p2a: Ting-Lu|72\/100|[from] item: Leftovers\n|-damage|p1a: Miraidon|0 fnt|[from] psn\n|faint|p1a: Miraidon\n|upkeep\n|\n|t:|1697758192\n|switch|p1a: Kyogre|Kyogre|88\/100 psn\n|-weather|RainDance|[from] ability: Drizzle|[of] p1a: Kyogre\n|turn|16\n|\n|t:|1697758197\n|switch|p2a: Toxapex|Toxapex, F, tera:Fairy|100\/100\n|-activate|p2a: Toxapex|move: Sticky Web\n|-unboost|p2a: Toxapex|spe|1\n|move|p1a: Kyogre|Ice Beam|p2a: Toxapex\n|-damage|p2a: Toxapex|57\/100\n|\n|-weather|RainDance|[upkeep]\n|-damage|p1a: Kyogre|76\/100 psn|[from] psn\n|upkeep\n|turn|17\n|\n|t:|1697758201\n|switch|p1a: Arceus|Arceus-Fairy|88\/100 psn\n|move|p2a: Toxapex|Infestation|p1a: Arceus\n|-resisted|p1a: Arceus\n|-damage|p1a: Arceus|87\/100 psn\n|-activate|p1a: Arceus|move: Infestation|[of] p2a: Toxapex\n|\n|-weather|RainDance|[upkeep]\n|-damage|p1a: Arceus|75\/100 psn|[from] psn\n|-damage|p1a: Arceus|62\/100 psn|[from] move: Infestation|[partiallytrapped]\n|-fieldend|move: Electric Terrain\n|upkeep\n|turn|18\n|\n|t:|1697758208\n|switch|p2a: Arceus|Arceus-Flying|100\/100\n|move|p1a: Arceus|Calm Mind|p1a: Arceus\n|-boost|p1a: Arceus|spa|1\n|-boost|p1a: Arceus|spd|1\n|\n|-weather|RainDance|[upkeep]\n|-damage|p1a: Arceus|50\/100 psn|[from] psn\n|-end|p1a: Arceus|Infestation|[partiallytrapped]|[silent]\n|upkeep\n|turn|19\n|\n|t:|1697758211\n|move|p2a: Arceus|Calm Mind|p2a: Arceus\n|-boost|p2a: Arceus|spa|1\n|-boost|p2a: Arceus|spd|1\n|move|p1a: Arceus|Recover|p1a: Arceus\n|-heal|p1a: Arceus|99\/100 psn\n|\n|-weather|RainDance|[upkeep]\n|-damage|p1a: Arceus|88\/100 psn|[from] psn\n|upkeep\n|turn|20\n|\n|t:|1697758214\n|move|p2a: Arceus|Calm Mind|p2a: Arceus\n|-boost|p2a: Arceus|spa|1\n|-boost|p2a: Arceus|spd|1\n|move|p1a: Arceus|Judgment|p2a: Arceus\n|-damage|p2a: Arceus|71\/100\n|\n|-weather|none\n|-damage|p1a: Arceus|75\/100 psn|[from] psn\n|upkeep\n|turn|21\n|\n|t:|1697758216\n|move|p2a: Arceus|Judgment|p1a: Arceus\n|-damage|p1a: Arceus|26\/100 psn\n|move|p1a: Arceus|Calm Mind|p1a: Arceus\n|-boost|p1a: Arceus|spa|1\n|-boost|p1a: Arceus|spd|1\n|\n|-damage|p1a: Arceus|14\/100 psn|[from] psn\n|upkeep\n|turn|22\n|\n|t:|1697758218\n|move|p2a: Arceus|Judgment|p1a: Arceus\n|-damage|p1a: Arceus|0 fnt\n|faint|p1a: Arceus\n|\n|upkeep\n|-message|righteous light forfeited.\n|\n|win|Masta SkillZ\n|n|\u2606righteous light|righteouslight\n|n|\u2606Masta SkillZ|mastaskillz\n|n| Remedy4brokenh3art|remedy4brokenh3art\n|n| Murphy Lawden|murphylawden\n|l|\u2606righteous light\n|l|\u2606Masta SkillZ\n","uploadtime":1697758221,"views":16,"p1id":"righteouslight","p2id":"mastaskillz","formatid":"gen9ubers","rating":0,"private":0,"password":""}