{"id":"gen9ubers-1984480759","p1":"adpg.alt","p2":"IspamObjection","format":"[Gen 9] Ubers","log":"|j|\u2606adpg.alt\n|j|\u2606IspamObjection\n|t:|1699270384\n|gametype|singles\n|player|p1|adpg.alt|hilbert-wonderlauncher|\n|player|p2|IspamObjection|lance-gen2|\n|teamsize|p1|6\n|teamsize|p2|6\n|gen|9\n|tier|[Gen 9] Ubers\n|rule|Sleep Clause Mod: Limit one foe put to sleep\n|rule|Species Clause: Limit one of each Pok\u00e9mon\n|rule|OHKO Clause: OHKO moves are banned\n|rule|Evasion Items Clause: Evasion items are banned\n|rule|Evasion Moves Clause: Evasion moves are banned\n|rule|Endless Battle Clause: Forcing endless battles is banned\n|rule|HP Percentage Mod: HP is shown in percentages\n|clearpoke\n|poke|p1|Ninetales-Alola, F|\n|poke|p1|Baxcalibur, F|\n|poke|p1|Arceus-Ghost|\n|poke|p1|Zacian-*|\n|poke|p1|Espathra, F|\n|poke|p1|Urshifu-*, M|\n|poke|p2|Garchomp, F|\n|poke|p2|Espathra, F|\n|poke|p2|Cyclizar, M|\n|poke|p2|Chi-Yu|\n|poke|p2|Zacian-*|\n|poke|p2|Masquerain, M|\n|teampreview\n|\n|t:|1699270416\n|start\n|switch|p1a: Zacian-Hero|Zacian|100\/100\n|switch|p2a: Cyclizar|Cyclizar, M|100\/100\n|-ability|p1a: Zacian-Hero|Intrepid Sword|boost\n|-boost|p1a: Zacian-Hero|atk|1\n|turn|1\n|\n|t:|1699270430\n|move|p2a: Cyclizar|Shed Tail|p2a: Cyclizar\n|-start|p2a: Cyclizar|Substitute|[from] move: Shed Tail\n|-damage|p2a: Cyclizar|50\/100\n|\n|t:|1699270453\n|switch|p2a: Masquerain|Masquerain, M|100\/100|[from] Shed Tail\n|-ability|p2a: Masquerain|Intimidate|boost\n|-unboost|p1a: Zacian-Hero|atk|1\n|move|p1a: Zacian-Hero|Play Rough|p2a: Masquerain\n|-end|p2a: Masquerain|Substitute\n|\n|upkeep\n|turn|2\n|\n|t:|1699270464\n|move|p1a: Zacian-Hero|Play Rough|p2a: Masquerain\n|-damage|p2a: Masquerain|19\/100\n|move|p2a: Masquerain|Stun Spore|p1a: Zacian-Hero\n|-status|p1a: Zacian-Hero|par\n|\n|upkeep\n|turn|3\n|\n|t:|1699270472\n|move|p2a: Masquerain|Sticky Web|p1a: Zacian-Hero\n|-sidestart|p1: adpg.alt|move: Sticky Web\n|move|p1a: Zacian-Hero|Crunch|p2a: Masquerain\n|-damage|p2a: Masquerain|0 fnt\n|faint|p2a: Masquerain\n|\n|upkeep\n|\n|t:|1699270486\n|switch|p2a: Garchover|Garchomp, F|100\/100\n|turn|4\n|\n|t:|1699270489\n|move|p2a: Garchover|Stealth Rock|p1a: Zacian-Hero\n|-sidestart|p1: adpg.alt|move: Stealth Rock\n|move|p1a: Zacian-Hero|Play Rough|p2a: Garchover\n|-supereffective|p2a: Garchover\n|-damage|p2a: Garchover|14\/100\n|-damage|p1a: Zacian-Hero|88\/100 par|[from] ability: Rough Skin|[of] p2a: Garchover\n|\n|upkeep\n|turn|5\n|\n|t:|1699270497\n|move|p2a: Garchover|Spikes|p1a: Zacian-Hero\n|-sidestart|p1: adpg.alt|Spikes\n|move|p1a: Zacian-Hero|Crunch|p2a: Garchover\n|-damage|p2a: Garchover|0 fnt\n|-damage|p1a: Zacian-Hero|76\/100 par|[from] ability: Rough Skin|[of] p2a: Garchover\n|faint|p2a: Garchover\n|\n|upkeep\n|\n|t:|1699270508\n|switch|p2a: Cyclizar|Cyclizar, M|84\/100\n|turn|6\n|\n|t:|1699270514\n|move|p2a: Cyclizar|Shed Tail|p2a: Cyclizar\n|-start|p2a: Cyclizar|Substitute|[from] move: Shed Tail\n|-damage|p2a: Cyclizar|34\/100\n|\n|t:|1699270518\n|switch|p2a: Espathra|Espathra, F|100\/100|[from] Shed Tail\n|move|p1a: Zacian-Hero|Play Rough|p2a: Espathra\n|-end|p2a: Espathra|Substitute\n|\n|upkeep\n|turn|7\n|\n|t:|1699270528\n|move|p2a: Espathra|Calm Mind|p2a: Espathra\n|-boost|p2a: Espathra|spa|1\n|-boost|p2a: Espathra|spd|1\n|move|p1a: Zacian-Hero|Crunch|p2a: Espathra\n|-supereffective|p2a: Espathra\n|-damage|p2a: Espathra|52\/100\n|-unboost|p2a: Espathra|def|1\n|\n|-heal|p2a: Espathra|58\/100|[from] item: Leftovers\n|-ability|p2a: Espathra|Speed Boost|boost\n|-boost|p2a: Espathra|spe|1\n|upkeep\n|turn|8\n|\n|t:|1699270540\n|move|p2a: Espathra|Roost|p2a: Espathra\n|-heal|p2a: Espathra|100\/100\n|-singleturn|p2a: Espathra|move: Roost\n|cant|p1a: Zacian-Hero|par\n|\n|-ability|p2a: Espathra|Speed Boost|boost\n|-boost|p2a: Espathra|spe|1\n|upkeep\n|turn|9\n|\n|t:|1699270555\n|move|p2a: Espathra|Calm Mind|p2a: Espathra\n|-boost|p2a: Espathra|spa|1\n|-boost|p2a: Espathra|spd|1\n|move|p1a: Zacian-Hero|Play Rough|p2a: Espathra\n|-damage|p2a: Espathra|43\/100\n|\n|-heal|p2a: Espathra|49\/100|[from] item: Leftovers\n|-ability|p2a: Espathra|Speed Boost|boost\n|-boost|p2a: Espathra|spe|1\n|upkeep\n|turn|10\n|\n|t:|1699270576\n|move|p2a: Espathra|Stored Power|p1a: Zacian-Hero\n|-damage|p1a: Zacian-Hero|0 fnt\n|faint|p1a: Zacian-Hero\n|\n|-heal|p2a: Espathra|55\/100|[from] item: Leftovers\n|-ability|p2a: Espathra|Speed Boost|boost\n|-boost|p2a: Espathra|spe|1\n|upkeep\n|\n|t:|1699270586\n|switch|p1a: Shifu|Urshifu, M|100\/100\n|-activate|p1a: Shifu|move: Sticky Web\n|-unboost|p1a: Shifu|spe|1\n|-damage|p1a: Shifu|94\/100|[from] Stealth Rock\n|-damage|p1a: Shifu|82\/100|[from] Spikes\n|turn|11\n|\n|t:|1699270598\n|-terastallize|p1a: Shifu|Steel\n|move|p2a: Espathra|Stored Power|p1a: Shifu\n|-resisted|p1a: Shifu\n|-damage|p1a: Shifu|0 fnt\n|faint|p1a: Shifu\n|\n|-heal|p2a: Espathra|61\/100|[from] item: Leftovers\n|-ability|p2a: Espathra|Speed Boost|boost\n|-boost|p2a: Espathra|spe|1\n|upkeep\n|c|\u2606adpg.alt|Ok, that surprise me\n|c|\u2606adpg.alt|You really use Stored Power in a Dark Type, that's skilled. GG\n|-message|adpg.alt forfeited.\n|\n|win|IspamObjection\n","uploadtime":1699270668,"views":8,"p1id":"adpgalt","p2id":"ispamobjection","formatid":"gen9ubers","rating":0,"private":0,"password":""}