{"id":"gen9ubers-1979113387","p1":"nimjaishot","p2":"Laprasrules12","format":"[Gen 9] Ubers","log":"|j|\u2606nimjaishot\n|j|\u2606Laprasrules12\n|t:|1698633972\n|gametype|singles\n|player|p1|nimjaishot|winona-gen6|\n|player|p2|Laprasrules12|lusamine-nihilego|\n|teamsize|p1|6\n|teamsize|p2|6\n|gen|9\n|tier|[Gen 9] Ubers\n|rule|Sleep Clause Mod: Limit one foe put to sleep\n|rule|Species Clause: Limit one of each Pok\u00e9mon\n|rule|OHKO Clause: OHKO moves are banned\n|rule|Evasion Items Clause: Evasion items are banned\n|rule|Evasion Moves Clause: Evasion moves are banned\n|rule|Endless Battle Clause: Forcing endless battles is banned\n|rule|HP Percentage Mod: HP is shown in percentages\n|clearpoke\n|poke|p1|Shaymin-Sky|\n|poke|p1|Gholdengo|\n|poke|p1|Arceus-Poison|\n|poke|p1|Zacian-*|\n|poke|p1|Chi-Yu|\n|poke|p1|Cyclizar, F|\n|poke|p2|Arceus-Fighting|\n|poke|p2|Zacian-*|\n|poke|p2|Palkia-Origin|\n|poke|p2|Cyclizar, M|\n|poke|p2|Kommo-o, M|\n|poke|p2|Chi-Yu|\n|teampreview\n|inactive|Battle timer is ON: inactive players will automatically lose when time's up. (requested by Laprasrules12)\n|\n|t:|1698633974\n|start\n|switch|p1a: Shaymin|Shaymin-Sky|100\/100\n|switch|p2a: Say Gex|Cyclizar, M, shiny|100\/100\n|turn|1\n|\n|t:|1698633976\n|move|p1a: Shaymin|Air Slash|p2a: Say Gex\n|-damage|p2a: Say Gex|58\/100\n|cant|p2a: Say Gex|flinch\n|\n|upkeep\n|turn|2\n|\n|t:|1698633981\n|move|p1a: Shaymin|Air Slash|p2a: Say Gex\n|-damage|p2a: Say Gex|11\/100\n|move|p2a: Say Gex|Shed Tail|p2a: Say Gex\n|-fail|p2a: Say Gex|move: Shed Tail|[weak]\n|\n|upkeep\n|turn|3\n|\n|t:|1698633984\n|move|p1a: Shaymin|Air Slash|p2a: Say Gex\n|-damage|p2a: Say Gex|0 fnt\n|faint|p2a: Say Gex\n|\n|upkeep\n|\n|t:|1698633987\n|switch|p2a: Goldfish|Chi-Yu|100\/100\n|-ability|p2a: Goldfish|Beads of Ruin\n|turn|4\n|\n|t:|1698633992\n|move|p1a: Shaymin|Air Slash|p2a: Goldfish\n|-damage|p2a: Goldfish|61\/100\n|cant|p2a: Goldfish|flinch\n|\n|upkeep\n|turn|5\n|\n|t:|1698633995\n|move|p1a: Shaymin|Air Slash|p2a: Goldfish\n|-damage|p2a: Goldfish|25\/100\n|move|p2a: Goldfish|Flame Charge|p1a: Shaymin\n|-supereffective|p1a: Shaymin\n|-damage|p1a: Shaymin|65\/100\n|-boost|p2a: Goldfish|spe|1\n|\n|upkeep\n|turn|6\n|\n|t:|1698633998\n|move|p1a: Shaymin|Air Slash|p2a: Goldfish\n|-damage|p2a: Goldfish|0 fnt\n|faint|p2a: Goldfish\n|\n|upkeep\n|\n|t:|1698634000\n|switch|p2a: Kratos|Arceus-Fighting, shiny|100\/100\n|turn|7\n|\n|t:|1698634001\n|-terastallize|p2a: Kratos|Poison\n|move|p1a: Shaymin|Air Slash|p2a: Kratos\n|-damage|p2a: Kratos|78\/100\n|move|p2a: Kratos|Cosmic Power|p2a: Kratos\n|-boost|p2a: Kratos|def|1\n|-boost|p2a: Kratos|spd|1\n|\n|upkeep\n|turn|8\n|\n|t:|1698634008\n|switch|p1a: Cyclizar|Cyclizar, F|100\/100\n|move|p2a: Kratos|Cosmic Power|p2a: Kratos\n|-boost|p2a: Kratos|def|1\n|-boost|p2a: Kratos|spd|1\n|\n|upkeep\n|turn|9\n|\n|t:|1698634016\n|move|p1a: Cyclizar|Shed Tail|p1a: Cyclizar\n|-start|p1a: Cyclizar|Substitute|[from] move: Shed Tail\n|-damage|p1a: Cyclizar|50\/100\n|\n|t:|1698634020\n|switch|p1a: Shaymin|Shaymin-Sky|65\/100|[from] Shed Tail\n|move|p2a: Kratos|Recover|p2a: Kratos\n|-heal|p2a: Kratos|100\/100\n|\n|upkeep\n|turn|10\n|\n|t:|1698634024\n|move|p1a: Shaymin|Air Slash|p2a: Kratos\n|-damage|p2a: Kratos|88\/100\n|cant|p2a: Kratos|flinch\n|\n|upkeep\n|turn|11\n|\n|t:|1698634027\n|move|p1a: Shaymin|Air Slash|p2a: Kratos\n|-damage|p2a: Kratos|77\/100\n|move|p2a: Kratos|Cosmic Power|p2a: Kratos\n|-boost|p2a: Kratos|def|1\n|-boost|p2a: Kratos|spd|1\n|\n|upkeep\n|turn|12\n|\n|t:|1698634028\n|move|p1a: Shaymin|Air Slash|p2a: Kratos\n|-damage|p2a: Kratos|67\/100\n|move|p2a: Kratos|Cosmic Power|p2a: Kratos\n|-boost|p2a: Kratos|def|1\n|-boost|p2a: Kratos|spd|1\n|\n|upkeep\n|turn|13\n|\n|t:|1698634031\n|move|p1a: Shaymin|Air Slash|p2a: Kratos\n|-damage|p2a: Kratos|58\/100\n|move|p2a: Kratos|Recover|p2a: Kratos\n|-heal|p2a: Kratos|100\/100\n|\n|upkeep\n|turn|14\n|\n|t:|1698634041\n|move|p1a: Shaymin|Air Slash|p2a: Kratos\n|-damage|p2a: Kratos|93\/100\n|move|p2a: Kratos|Stored Power|p1a: Shaymin\n|-end|p1a: Shaymin|Substitute\n|\n|upkeep\n|turn|15\n|\n|t:|1698634047\n|move|p1a: Shaymin|Air Slash|p2a: Kratos\n|-damage|p2a: Kratos|85\/100\n|cant|p2a: Kratos|flinch\n|\n|upkeep\n|turn|16\n|\n|t:|1698634051\n|move|p1a: Shaymin|Air Slash|p2a: Kratos\n|-damage|p2a: Kratos|76\/100\n|move|p2a: Kratos|Stored Power|p1a: Shaymin\n|-damage|p1a: Shaymin|8\/100\n|\n|upkeep\n|turn|17\n|\n|t:|1698634055\n|move|p1a: Shaymin|Air Slash|p2a: Kratos\n|-crit|p2a: Kratos\n|-damage|p2a: Kratos|36\/100\n|move|p2a: Kratos|Cosmic Power|p2a: Kratos\n|-boost|p2a: Kratos|def|1\n|-boost|p2a: Kratos|spd|1\n|\n|upkeep\n|turn|18\n|\n|t:|1698634058\n|move|p1a: Shaymin|Air Slash|p2a: Kratos\n|-damage|p2a: Kratos|29\/100\n|move|p2a: Kratos|Recover|p2a: Kratos\n|-heal|p2a: Kratos|79\/100\n|\n|upkeep\n|turn|19\n|\n|t:|1698634061\n|move|p1a: Shaymin|Air Slash|p2a: Kratos\n|-damage|p2a: Kratos|72\/100\n|move|p2a: Kratos|Recover|p2a: Kratos\n|-heal|p2a: Kratos|100\/100\n|\n|upkeep\n|turn|20\n|\n|t:|1698634065\n|move|p1a: Shaymin|Air Slash|p2a: Kratos\n|-damage|p2a: Kratos|94\/100\n|cant|p2a: Kratos|flinch\n|\n|upkeep\n|turn|21\n|\n|t:|1698634071\n|move|p1a: Shaymin|Air Slash|p2a: Kratos\n|-damage|p2a: Kratos|87\/100\n|cant|p2a: Kratos|flinch\n|\n|upkeep\n|turn|22\n|\n|t:|1698634073\n|move|p1a: Shaymin|Air Slash|p2a: Kratos\n|-damage|p2a: Kratos|79\/100\n|move|p2a: Kratos|Cosmic Power|p2a: Kratos\n|-boost|p2a: Kratos|def|1\n|-boost|p2a: Kratos|spd|1\n|\n|upkeep\n|turn|23\n|\n|t:|1698634076\n|move|p1a: Shaymin|Air Slash|p2a: Kratos\n|-damage|p2a: Kratos|73\/100\n|cant|p2a: Kratos|flinch\n|\n|upkeep\n|turn|24\n|\n|t:|1698634077\n|move|p1a: Shaymin|Air Slash|p2a: Kratos\n|-damage|p2a: Kratos|66\/100\n|cant|p2a: Kratos|flinch\n|\n|upkeep\n|turn|25\n|\n|t:|1698634081\n|move|p1a: Shaymin|Air Slash|p2a: Kratos\n|-damage|p2a: Kratos|60\/100\n|cant|p2a: Kratos|flinch\n|\n|upkeep\n|turn|26\n|\n|t:|1698634083\n|move|p1a: Shaymin|Air Slash|p2a: Kratos\n|-damage|p2a: Kratos|54\/100\n|move|p2a: Kratos|Recover|p2a: Kratos\n|-heal|p2a: Kratos|100\/100\n|\n|upkeep\n|turn|27\n|\n|t:|1698634089\n|-activate|p1a: Shaymin|move: Struggle\n|move|p1a: Shaymin|Struggle|p2a: Kratos\n|-damage|p2a: Kratos|99\/100\n|-damage|p1a: Shaymin|0 fnt|[from] recoil\n|faint|p1a: Shaymin\n|move|p2a: Kratos|Stored Power|p1: Shaymin|[notarget]\n|-fail|p2a: Kratos\n|\n|upkeep\n|\n|t:|1698634096\n|switch|p1a: Cyclizar|Cyclizar, F|84\/100\n|turn|28\n|\n|t:|1698634098\n|move|p1a: Cyclizar|Shed Tail|p1a: Cyclizar\n|-start|p1a: Cyclizar|Substitute|[from] move: Shed Tail\n|-damage|p1a: Cyclizar|33\/100\n|\n|t:|1698634100\n|switch|p1a: Chi-Yu|Chi-Yu|100\/100|[from] Shed Tail\n|-ability|p1a: Chi-Yu|Beads of Ruin\n|move|p2a: Kratos|Stored Power|p1a: Chi-Yu\n|-immune|p1a: Chi-Yu\n|\n|upkeep\n|turn|29\n|\n|t:|1698634108\n|move|p1a: Chi-Yu|Psychic|p2a: Kratos\n|-supereffective|p2a: Kratos\n|-damage|p2a: Kratos|84\/100\n|move|p2a: Kratos|Body Press|p1a: Chi-Yu\n|-supereffective|p1a: Chi-Yu\n|-end|p1a: Chi-Yu|Substitute\n|\n|upkeep\n|turn|30\n|\n|t:|1698634113\n|move|p1a: Chi-Yu|Psychic|p2a: Kratos\n|-supereffective|p2a: Kratos\n|-damage|p2a: Kratos|69\/100\n|-unboost|p2a: Kratos|spd|1\n|move|p2a: Kratos|Body Press|p1a: Chi-Yu\n|-supereffective|p1a: Chi-Yu\n|-damage|p1a: Chi-Yu|0 fnt\n|faint|p1a: Chi-Yu\n|\n|upkeep\n|\n|t:|1698634115\n|switch|p1a: Gholdengo|Gholdengo|100\/100\n|turn|31\n|\n|t:|1698634134\n|move|p1a: Gholdengo|Trick||[still]\n|-fail|p1a: Gholdengo\n|move|p2a: Kratos|Stored Power|p1a: Gholdengo\n|-resisted|p1a: Gholdengo\n|-damage|p1a: Gholdengo|60\/100\n|\n|upkeep\n|turn|32\n|\n|t:|1698634136\n|move|p1a: Gholdengo|Trick||[still]\n|-fail|p1a: Gholdengo\n|move|p2a: Kratos|Stored Power|p1a: Gholdengo\n|-resisted|p1a: Gholdengo\n|-damage|p1a: Gholdengo|20\/100\n|\n|upkeep\n|turn|33\n|\n|t:|1698634138\n|move|p1a: Gholdengo|Trick||[still]\n|-fail|p1a: Gholdengo\n|move|p2a: Kratos|Body Press|p1a: Gholdengo\n|-immune|p1a: Gholdengo\n|\n|upkeep\n|turn|34\n|\n|t:|1698634141\n|move|p1a: Gholdengo|Trick||[still]\n|-fail|p1a: Gholdengo\n|move|p2a: Kratos|Cosmic Power|p2a: Kratos\n|-boost|p2a: Kratos|def|0\n|-boost|p2a: Kratos|spd|1\n|\n|upkeep\n|turn|35\n|\n|t:|1698634143\n|move|p1a: Gholdengo|Trick||[still]\n|-fail|p1a: Gholdengo\n|move|p2a: Kratos|Recover|p2a: Kratos\n|-heal|p2a: Kratos|100\/100\n|\n|upkeep\n|turn|36\n|\n|t:|1698634145\n|move|p1a: Gholdengo|Trick||[still]\n|-fail|p1a: Gholdengo\n|move|p2a: Kratos|Cosmic Power|p2a: Kratos\n|-boost|p2a: Kratos|def|0\n|-boost|p2a: Kratos|spd|0\n|\n|upkeep\n|turn|37\n|-message|nimjaishot forfeited.\n|\n|win|Laprasrules12\n|l|\u2606nimjaishot\n","uploadtime":1698634152,"views":14,"p1id":"nimjaishot","p2id":"laprasrules12","formatid":"gen9ubers","rating":0,"private":0,"password":""}