{"id":"gen9ubers-1971803333","p1":"pkpowers310","p2":"Sol CPU","format":"[Gen 9] Ubers","log":"|j|\u2606pkpowers310\n|j|\u2606Sol CPU\n|t:|1697774227\n|gametype|singles\n|player|p1|pkpowers310|crasherwake|\n|player|p2|Sol CPU|ethan|\n|teamsize|p1|6\n|teamsize|p2|6\n|gen|9\n|tier|[Gen 9] Ubers\n|rule|Sleep Clause Mod: Limit one foe put to sleep\n|rule|Species Clause: Limit one of each Pok\u00e9mon\n|rule|OHKO Clause: OHKO moves are banned\n|rule|Evasion Items Clause: Evasion items are banned\n|rule|Evasion Moves Clause: Evasion moves are banned\n|rule|Endless Battle Clause: Forcing endless battles is banned\n|rule|HP Percentage Mod: HP is shown in percentages\n|clearpoke\n|poke|p1|Amoonguss, F|\n|poke|p1|Chi-Yu|\n|poke|p1|Glimmora, M|\n|poke|p1|Regieleki|\n|poke|p1|Ting-Lu|\n|poke|p1|Alomomola, F|\n|poke|p2|Great Tusk|\n|poke|p2|Muk-Alola, M|\n|poke|p2|Mismagius, F|\n|poke|p2|Sylveon, F|\n|poke|p2|Volcarona, F|\n|poke|p2|Meloetta|\n|teampreview\n|j| slugmaaa\n|j| BLACK METAL 3\n|j| Squirshawott\n|c|\u2606pkpowers310|Good luck have fun\n|c|\u2606pkpowers310|idiot\n|c|\u2606Sol CPU|:(\n|c|\u2606Sol CPU|Glhf lol\n|\n|t:|1697774295\n|start\n|switch|p1a: Regieleki|Regieleki|100\/100\n|switch|p2a: GET 'EM BOYS|Great Tusk|100\/100\n|-enditem|p2a: GET 'EM BOYS|Booster Energy\n|-activate|p2a: GET 'EM BOYS|ability: Protosynthesis|[fromitem]\n|-start|p2a: GET 'EM BOYS|protosynthesisatk\n|turn|1\n|\n|t:|1697774319\n|switch|p1a: Glimmora|Glimmora, M|100\/100\n|-item|p1a: Glimmora|Air Balloon\n|move|p2a: GET 'EM BOYS|Earthquake|p1a: Glimmora\n|-immune|p1a: Glimmora\n|\n|upkeep\n|turn|2\n|\n|t:|1697774329\n|move|p2a: GET 'EM BOYS|Rapid Spin|p1a: Glimmora\n|-resisted|p1a: Glimmora\n|-damage|p1a: Glimmora|88\/100\n|-boost|p2a: GET 'EM BOYS|spe|1\n|-enditem|p1a: Glimmora|Air Balloon\n|move|p1a: Glimmora|Toxic|p2a: GET 'EM BOYS\n|-status|p2a: GET 'EM BOYS|tox\n|\n|-damage|p2a: GET 'EM BOYS|94\/100 tox|[from] psn\n|upkeep\n|turn|3\n|\n|t:|1697774338\n|move|p1a: Glimmora|Spiky Shield|p1a: Glimmora\n|-singleturn|p1a: Glimmora|move: Protect\n|move|p2a: GET 'EM BOYS|Earthquake|p1a: Glimmora\n|-activate|p1a: Glimmora|move: Protect\n|\n|-damage|p2a: GET 'EM BOYS|82\/100 tox|[from] psn\n|upkeep\n|turn|4\n|\n|t:|1697774354\n|switch|p1a: Mrs. Blubby|Alomomola, F|100\/100\n|move|p2a: GET 'EM BOYS|Earthquake|p1a: Mrs. Blubby\n|-crit|p1a: Mrs. Blubby\n|-damage|p1a: Mrs. Blubby|50\/100\n|\n|-damage|p2a: GET 'EM BOYS|63\/100 tox|[from] psn\n|upkeep\n|turn|5\n|\n|t:|1697774371\n|-end|p2a: GET 'EM BOYS|Protosynthesis|[silent]\n|switch|p2a: Large Hat Enjoyer|Mismagius, F|100\/100\n|move|p1a: Mrs. Blubby|Protect||[still]\n|-fail|p1a: Mrs. Blubby\n|\n|upkeep\n|turn|6\n|\n|t:|1697774386\n|switch|p1a: Ting-Lu|Ting-Lu|100\/100\n|-ability|p1a: Ting-Lu|Vessel of Ruin\n|move|p2a: Large Hat Enjoyer|Thunderbolt|p1a: Ting-Lu\n|-immune|p1a: Ting-Lu\n|\n|upkeep\n|turn|7\n|\n|t:|1697774398\n|move|p2a: Large Hat Enjoyer|Energy Ball|p1a: Ting-Lu\n|-supereffective|p1a: Ting-Lu\n|-damage|p1a: Ting-Lu|76\/100\n|move|p1a: Ting-Lu|Spikes|p2a: Large Hat Enjoyer\n|-sidestart|p2: Sol CPU|Spikes\n|\n|-heal|p1a: Ting-Lu|82\/100|[from] item: Leftovers\n|upkeep\n|turn|8\n|\n|t:|1697774410\n|move|p2a: Large Hat Enjoyer|Energy Ball|p1a: Ting-Lu\n|-supereffective|p1a: Ting-Lu\n|-damage|p1a: Ting-Lu|58\/100\n|move|p1a: Ting-Lu|Spikes|p2a: Large Hat Enjoyer\n|-sidestart|p2: Sol CPU|Spikes\n|\n|-heal|p1a: Ting-Lu|64\/100|[from] item: Leftovers\n|upkeep\n|turn|9\n|\n|t:|1697774423\n|move|p2a: Large Hat Enjoyer|Energy Ball|p1a: Ting-Lu\n|-supereffective|p1a: Ting-Lu\n|-damage|p1a: Ting-Lu|41\/100\n|move|p1a: Ting-Lu|Throat Chop|p2a: Large Hat Enjoyer\n|-supereffective|p2a: Large Hat Enjoyer\n|-enditem|p2a: Large Hat Enjoyer|Focus Sash\n|-damage|p2a: Large Hat Enjoyer|1\/100\n|-start|p2a: Large Hat Enjoyer|Throat Chop|[silent]\n|\n|-heal|p1a: Ting-Lu|47\/100|[from] item: Leftovers\n|upkeep\n|turn|10\n|\n|t:|1697774434\n|move|p2a: Large Hat Enjoyer|Energy Ball|p1a: Ting-Lu\n|-supereffective|p1a: Ting-Lu\n|-damage|p1a: Ting-Lu|23\/100\n|move|p1a: Ting-Lu|Spikes|p2a: Large Hat Enjoyer\n|-sidestart|p2: Sol CPU|Spikes\n|\n|-heal|p1a: Ting-Lu|30\/100|[from] item: Leftovers\n|-end|p2a: Large Hat Enjoyer|Throat Chop|[silent]\n|upkeep\n|turn|11\n|\n|t:|1697774454\n|switch|p1a: Amoonguss|Amoonguss, F|100\/100\n|move|p2a: Large Hat Enjoyer|Energy Ball|p1a: Amoonguss\n|-resisted|p1a: Amoonguss\n|-damage|p1a: Amoonguss|94\/100\n|-unboost|p1a: Amoonguss|spd|1\n|\n|-heal|p1a: Amoonguss|99\/100|[from] item: Black Sludge\n|upkeep\n|turn|12\n|\n|t:|1697774472\n|move|p2a: Large Hat Enjoyer|Shadow Ball|p1a: Amoonguss\n|-damage|p1a: Amoonguss|40\/100\n|move|p1a: Amoonguss|Giga Drain|p2a: Large Hat Enjoyer\n|-damage|p2a: Large Hat Enjoyer|0 fnt\n|-heal|p1a: Amoonguss|40\/100|[from] drain|[of] p2a: Large Hat Enjoyer\n|faint|p2a: Large Hat Enjoyer\n|\n|-heal|p1a: Amoonguss|46\/100|[from] item: Black Sludge\n|upkeep\n|\n|t:|1697774482\n|switch|p2a: M O T H|Volcarona, F|100\/100\n|turn|13\n|\n|t:|1697774491\n|move|p2a: M O T H|Flamethrower|p1a: Amoonguss\n|-supereffective|p1a: Amoonguss\n|-damage|p1a: Amoonguss|0 fnt\n|faint|p1a: Amoonguss\n|\n|upkeep\n|\n|t:|1697774501\n|switch|p1a: Mrs. Blubby|Alomomola, F|84\/100\n|turn|14\n|\n|t:|1697774512\n|switch|p2a: Ribbons Galore|Sylveon, F|100\/100\n|-damage|p2a: Ribbons Galore|76\/100|[from] Spikes\n|move|p1a: Mrs. Blubby|Wish|p1a: Mrs. Blubby\n|\n|-heal|p2a: Ribbons Galore|82\/100|[from] item: Leftovers\n|upkeep\n|turn|15\n|\n|t:|1697774527\n|move|p2a: Ribbons Galore|Wish|p2a: Ribbons Galore\n|move|p1a: Mrs. Blubby|Flip Turn|p2a: Ribbons Galore\n|-damage|p2a: Ribbons Galore|69\/100\n|\n|t:|1697774545\n|switch|p1a: Ting-Lu|Ting-Lu|30\/100|[from] Flip Turn\n|-ability|p1a: Ting-Lu|Vessel of Ruin\n|\n|-heal|p1a: Ting-Lu|82\/100|[from] move: Wish|[wisher] Mrs. Blubby\n|-heal|p2a: Ribbons Galore|75\/100|[from] item: Leftovers\n|-heal|p1a: Ting-Lu|88\/100|[from] item: Leftovers\n|upkeep\n|turn|16\n|\n|t:|1697774564\n|switch|p1a: Glimmora|Glimmora, M|88\/100\n|move|p2a: Ribbons Galore|Hyper Voice|p1a: Glimmora\n|-resisted|p1a: Glimmora\n|-damage|p1a: Glimmora|71\/100\n|\n|-heal|p2a: Ribbons Galore|100\/100|[from] move: Wish|[wisher] Ribbons Galore\n|upkeep\n|turn|17\n|\n|t:|1697774576\n|switch|p2a: GET 'EM BOYS|Great Tusk|63\/100 tox\n|-damage|p2a: GET 'EM BOYS|39\/100 tox|[from] Spikes\n|move|p1a: Glimmora|Toxic|p2a: GET 'EM BOYS\n|-fail|p2a: GET 'EM BOYS|tox\n|\n|-damage|p2a: GET 'EM BOYS|32\/100 tox|[from] psn\n|upkeep\n|turn|18\n|\n|t:|1697774585\n|move|p1a: Glimmora|Spiky Shield|p1a: Glimmora\n|-singleturn|p1a: Glimmora|move: Protect\n|move|p2a: GET 'EM BOYS|Rapid Spin|p1a: Glimmora\n|-activate|p1a: Glimmora|move: Protect\n|-damage|p2a: GET 'EM BOYS|20\/100 tox|[from] Spiky Shield|[of] p1a: Glimmora\n|\n|-damage|p2a: GET 'EM BOYS|8\/100 tox|[from] psn\n|upkeep\n|turn|19\n|\n|t:|1697774600\n|switch|p1a: Mrs. Blubby|Alomomola, F|100\/100\n|move|p2a: GET 'EM BOYS|Earthquake|p1a: Mrs. Blubby\n|-damage|p1a: Mrs. Blubby|75\/100\n|\n|-damage|p2a: GET 'EM BOYS|0 fnt|[from] psn\n|faint|p2a: GET 'EM BOYS\n|-end|p2a: GET 'EM BOYS|Protosynthesis|[silent]\n|upkeep\n|\n|t:|1697774609\n|switch|p2a: Sing Queen|Meloetta|100\/100\n|-damage|p2a: Sing Queen|76\/100|[from] Spikes\n|turn|20\n|\n|t:|1697774645\n|move|p2a: Sing Queen|Dazzling Gleam|p1a: Mrs. Blubby\n|-damage|p1a: Mrs. Blubby|42\/100\n|move|p1a: Mrs. Blubby|Flip Turn|p2a: Sing Queen\n|-crit|p2a: Sing Queen\n|-damage|p2a: Sing Queen|50\/100\n|\n|t:|1697774657\n|switch|p1a: Regieleki|Regieleki|100\/100|[from] Flip Turn\n|\n|upkeep\n|turn|21\n|\n|t:|1697774664\n|-terastallize|p2a: Sing Queen|Steel\n|move|p1a: Regieleki|Thunderbolt|p2a: Sing Queen\n|-damage|p2a: Sing Queen|17\/100\n|move|p2a: Sing Queen|Dazzling Gleam|p1a: Regieleki\n|-damage|p1a: Regieleki|45\/100\n|\n|upkeep\n|turn|22\n|\n|t:|1697774672\n|move|p1a: Regieleki|Thunderbolt|p2a: Sing Queen\n|-damage|p2a: Sing Queen|0 fnt\n|faint|p2a: Sing Queen\n|\n|upkeep\n|\n|t:|1697774678\n|switch|p2a: Ribbons Galore|Sylveon, F|100\/100\n|-damage|p2a: Ribbons Galore|76\/100|[from] Spikes\n|turn|23\n|\n|t:|1697774693\n|move|p1a: Regieleki|Eerie Impulse|p2a: Ribbons Galore\n|-unboost|p2a: Ribbons Galore|spa|2\n|move|p2a: Ribbons Galore|Wish|p2a: Ribbons Galore\n|\n|-heal|p2a: Ribbons Galore|82\/100|[from] item: Leftovers\n|upkeep\n|turn|24\n|\n|t:|1697774701\n|move|p1a: Regieleki|Volt Switch|p2a: Ribbons Galore\n|-damage|p2a: Ribbons Galore|47\/100\n|\n|t:|1697774739\n|switch|p1a: Glimmora|Glimmora, M|71\/100|[from] Volt Switch\n|move|p2a: Ribbons Galore|Calm Mind|p2a: Ribbons Galore\n|-boost|p2a: Ribbons Galore|spa|1\n|-boost|p2a: Ribbons Galore|spd|1\n|\n|-heal|p2a: Ribbons Galore|97\/100|[from] move: Wish|[wisher] Ribbons Galore\n|-heal|p2a: Ribbons Galore|100\/100|[from] item: Leftovers\n|upkeep\n|turn|25\n|\n|t:|1697774755\n|move|p1a: Glimmora|Toxic|p2a: Ribbons Galore\n|-status|p2a: Ribbons Galore|tox\n|move|p2a: Ribbons Galore|Yawn|p1a: Glimmora\n|-start|p1a: Glimmora|move: Yawn|[of] p2a: Ribbons Galore\n|\n|-damage|p2a: Ribbons Galore|94\/100 tox|[from] psn\n|upkeep\n|turn|26\n|\n|t:|1697774763\n|switch|p1a: Mrs. Blubby|Alomomola, F|75\/100\n|move|p2a: Ribbons Galore|Calm Mind|p2a: Ribbons Galore\n|-boost|p2a: Ribbons Galore|spa|1\n|-boost|p2a: Ribbons Galore|spd|1\n|\n|-heal|p2a: Ribbons Galore|100\/100 tox|[from] item: Leftovers\n|-damage|p2a: Ribbons Galore|88\/100 tox|[from] psn\n|upkeep\n|turn|27\n|\n|t:|1697774775\n|move|p2a: Ribbons Galore|Yawn|p1a: Mrs. Blubby\n|-start|p1a: Mrs. Blubby|move: Yawn|[of] p2a: Ribbons Galore\n|move|p1a: Mrs. Blubby|Whirlpool|p2a: Ribbons Galore\n|-damage|p2a: Ribbons Galore|86\/100 tox\n|-activate|p2a: Ribbons Galore|move: Whirlpool|[of] p1a: Mrs. Blubby\n|\n|-heal|p2a: Ribbons Galore|92\/100 tox|[from] item: Leftovers\n|-damage|p2a: Ribbons Galore|74\/100 tox|[from] psn\n|-damage|p2a: Ribbons Galore|61\/100 tox|[from] move: Whirlpool|[partiallytrapped]\n|upkeep\n|turn|28\n|\n|t:|1697774789\n|move|p2a: Ribbons Galore|Wish|p2a: Ribbons Galore\n|move|p1a: Mrs. Blubby|Flip Turn|p2a: Ribbons Galore\n|-damage|p2a: Ribbons Galore|47\/100 tox\n|\n|t:|1697774796\n|switch|p1a: Regieleki|Regieleki|45\/100|[from] Flip Turn\n|\n|-heal|p2a: Ribbons Galore|53\/100 tox|[from] item: Leftovers\n|-damage|p2a: Ribbons Galore|29\/100 tox|[from] psn\n|-end|p2a: Ribbons Galore|Whirlpool|[partiallytrapped]|[silent]\n|upkeep\n|turn|29\n|\n|t:|1697774806\n|move|p1a: Regieleki|Volt Switch|p2a: Ribbons Galore\n|-damage|p2a: Ribbons Galore|9\/100 tox\n|\n|t:|1697774810\n|switch|p1a: Mrs. Blubby|Alomomola, F|100\/100|[from] Volt Switch\n|move|p2a: Ribbons Galore|Hyper Voice|p1a: Mrs. Blubby\n|-damage|p1a: Mrs. Blubby|47\/100\n|\n|-heal|p2a: Ribbons Galore|59\/100 tox|[from] move: Wish|[wisher] Ribbons Galore\n|-heal|p2a: Ribbons Galore|65\/100 tox|[from] item: Leftovers\n|-damage|p2a: Ribbons Galore|35\/100 tox|[from] psn\n|upkeep\n|turn|30\n|\n|t:|1697774835\n|switch|p1a: Regieleki|Regieleki|45\/100\n|move|p2a: Ribbons Galore|Hyper Voice|p1a: Regieleki\n|-damage|p1a: Regieleki|0 fnt\n|faint|p1a: Regieleki\n|\n|-heal|p2a: Ribbons Galore|41\/100 tox|[from] item: Leftovers\n|-damage|p2a: Ribbons Galore|4\/100 tox|[from] psn\n|upkeep\n|\n|t:|1697774855\n|switch|p1a: Mr. Blubby|Chi-Yu|100\/100\n|-ability|p1a: Mr. Blubby|Beads of Ruin\n|turn|31\n|\n|t:|1697774862\n|move|p1a: Mr. Blubby|Flamethrower|p2a: Ribbons Galore\n|-damage|p2a: Ribbons Galore|0 fnt\n|faint|p2a: Ribbons Galore\n|\n|upkeep\n|\n|t:|1697774867\n|switch|p2a: M O T H|Volcarona, F|100\/100\n|turn|32\n|\n|t:|1697774878\n|move|p1a: Mr. Blubby|Flamethrower|p2a: M O T H\n|-damage|p2a: M O T H|0 fnt\n|faint|p2a: M O T H\n|\n|upkeep\n|\n|t:|1697774882\n|switch|p2a: The Cooler Muk|Muk-Alola, M|100\/100\n|-damage|p2a: The Cooler Muk|76\/100|[from] Spikes\n|turn|33\n|\n|t:|1697774888\n|move|p1a: Mr. Blubby|Flamethrower|p2a: The Cooler Muk\n|-damage|p2a: The Cooler Muk|0 fnt\n|faint|p2a: The Cooler Muk\n|\n|win|pkpowers310\n","uploadtime":1697774913,"views":15,"p1id":"pkpowers310","p2id":"solcpu","formatid":"gen9ubers","rating":0,"private":0,"password":""}