{"id":"gen9ubers-1973876139","p1":"righteous light","p2":"JamingT","format":"[Gen 9] Ubers","log":"|j|\u2606righteous light\n|j|\u2606JamingT\n|t:|1698023260\n|gametype|singles\n|player|p1|righteous light|ariana|\n|player|p2|JamingT|lady-gen4|\n|teamsize|p1|6\n|teamsize|p2|6\n|gen|9\n|tier|[Gen 9] Ubers\n|rated|Tournament battle\n|rule|Sleep Clause Mod: Limit one foe put to sleep\n|rule|Species Clause: Limit one of each Pok\u00e9mon\n|rule|OHKO Clause: OHKO moves are banned\n|rule|Evasion Items Clause: Evasion items are banned\n|rule|Evasion Moves Clause: Evasion moves are banned\n|rule|Endless Battle Clause: Forcing endless battles is banned\n|rule|HP Percentage Mod: HP is shown in percentages\n|clearpoke\n|poke|p1|Kyogre|\n|poke|p1|Koraidon|\n|poke|p1|Iron Treads|\n|poke|p1|Eternatus|\n|poke|p1|Arceus-Fairy|\n|poke|p1|Kingambit, M|\n|poke|p2|Arceus-Fairy|\n|poke|p2|Skeledirge, M|\n|poke|p2|Ting-Lu|\n|poke|p2|Dragonite, M|\n|poke|p2|Landorus-Therian, M|\n|poke|p2|Palkia-Origin|\n|teampreview\n|inactive|Battle timer is ON: inactive players will automatically lose when time's up. (requested by righteous light)\n|c|\u2606righteous light|hf\n|j|+OreoSpeedruns\n|inactive|righteous light has 120 seconds left.\n|\n|t:|1698023300\n|start\n|switch|p1a: Arceus|Arceus-Fairy|100\/100\n|switch|p2a: Landorus|Landorus-Therian, M|100\/100\n|-ability|p2a: Landorus|Intimidate|boost\n|-unboost|p1a: Arceus|atk|1\n|turn|1\n|\n|t:|1698023306\n|move|p2a: Landorus|Taunt|p1a: Arceus\n|-start|p1a: Arceus|move: Taunt\n|move|p1a: Arceus|Judgment|p2a: Landorus\n|-damage|p2a: Landorus|38\/100\n|\n|upkeep\n|turn|2\n|\n|t:|1698023313\n|switch|p2a: Arceus|Arceus-Fairy|100\/100\n|move|p1a: Arceus|Judgment|p2a: Arceus\n|-damage|p2a: Arceus|68\/100\n|\n|upkeep\n|turn|3\n|inactive|righteous light has 120 seconds left.\n|\n|t:|1698023351\n|switch|p1a: Eternatus|Eternatus|100\/100\n|-ability|p1a: Eternatus|Pressure\n|move|p2a: Arceus|Stealth Rock|p1a: Eternatus\n|-sidestart|p1: righteous light|move: Stealth Rock\n|\n|upkeep\n|turn|4\n|\n|t:|1698023372\n|switch|p2a: Ting-Lu|Ting-Lu|100\/100\n|-ability|p2a: Ting-Lu|Vessel of Ruin\n|move|p1a: Eternatus|Toxic|p2a: Ting-Lu\n|-status|p2a: Ting-Lu|tox\n|\n|-damage|p2a: Ting-Lu|94\/100 tox|[from] psn\n|upkeep\n|turn|5\n|\n|t:|1698023386\n|switch|p1a: Arceus|Arceus-Fairy|100\/100\n|-damage|p1a: Arceus|88\/100|[from] Stealth Rock\n|move|p2a: Ting-Lu|Spikes|p1a: Arceus\n|-sidestart|p1: righteous light|Spikes\n|\n|-heal|p2a: Ting-Lu|100\/100 tox|[from] item: Leftovers\n|-damage|p2a: Ting-Lu|88\/100 tox|[from] psn\n|upkeep\n|turn|6\n|\n|t:|1698023404\n|switch|p2a: Skeledirge|Skeledirge, M|100\/100\n|move|p1a: Arceus|Judgment|p2a: Skeledirge\n|-resisted|p2a: Skeledirge\n|-damage|p2a: Skeledirge|74\/100\n|\n|upkeep\n|turn|7\n|\n|t:|1698023421\n|move|p1a: Arceus|Earth Power|p2a: Skeledirge\n|-supereffective|p2a: Skeledirge\n|-damage|p2a: Skeledirge|27\/100\n|move|p2a: Skeledirge|Torch Song|p1a: Arceus\n|-damage|p1a: Arceus|69\/100\n|-boost|p2a: Skeledirge|spa|1\n|\n|upkeep\n|turn|8\n|\n|t:|1698023435\n|-terastallize|p2a: Skeledirge|Flying\n|move|p1a: Arceus|Recover|p1a: Arceus\n|-heal|p1a: Arceus|100\/100\n|move|p2a: Skeledirge|Slack Off|p2a: Skeledirge\n|-heal|p2a: Skeledirge|77\/100\n|\n|upkeep\n|turn|9\n|\n|t:|1698023452\n|move|p1a: Arceus|Judgment|p2a: Skeledirge\n|-damage|p2a: Skeledirge|30\/100\n|move|p2a: Skeledirge|Slack Off|p2a: Skeledirge\n|-heal|p2a: Skeledirge|81\/100\n|\n|upkeep\n|turn|10\n|\n|t:|1698023478\n|switch|p2a: Arceus|Arceus-Fairy|68\/100\n|move|p1a: Arceus|Judgment|p2a: Arceus\n|-damage|p2a: Arceus|38\/100\n|\n|upkeep\n|turn|11\n|\n|t:|1698023481\n|switch|p1a: Iron Treads|Iron Treads|100\/100\n|-damage|p1a: Iron Treads|97\/100|[from] Stealth Rock\n|-damage|p1a: Iron Treads|85\/100|[from] Spikes\n|move|p2a: Arceus|Recover|p2a: Arceus\n|-heal|p2a: Arceus|88\/100\n|\n|-heal|p1a: Iron Treads|91\/100|[from] item: Leftovers\n|upkeep\n|turn|12\n|\n|t:|1698023487\n|switch|p2a: Landorus|Landorus-Therian, M|38\/100\n|-ability|p2a: Landorus|Intimidate|boost\n|-unboost|p1a: Iron Treads|atk|1\n|move|p1a: Iron Treads|Rapid Spin|p2a: Landorus\n|-damage|p2a: Landorus|28\/100\n|-boost|p1a: Iron Treads|spe|1\n|-sideend|p1: righteous light|Spikes|[from] move: Rapid Spin|[of] p1a: Iron Treads\n|-sideend|p1: righteous light|Stealth Rock|[from] move: Rapid Spin|[of] p1a: Iron Treads\n|\n|-heal|p1a: Iron Treads|97\/100|[from] item: Leftovers\n|upkeep\n|turn|13\n|\n|t:|1698023507\n|-end|p1a: Iron Treads|Quark Drive|[silent]\n|switch|p1a: Arceus|Arceus-Fairy|100\/100\n|move|p2a: Landorus|Earthquake|p1a: Arceus\n|-damage|p1a: Arceus|69\/100\n|\n|upkeep\n|turn|14\n|inactive|JamingT has 120 seconds left.\n|\n|t:|1698023538\n|move|p2a: Landorus|Earthquake|p1a: Arceus\n|-damage|p1a: Arceus|41\/100\n|move|p1a: Arceus|Recover|p1a: Arceus\n|-heal|p1a: Arceus|92\/100\n|\n|upkeep\n|turn|15\n|\n|t:|1698023548\n|switch|p2a: Skeledirge|Skeledirge, M, tera:Flying|81\/100\n|move|p1a: Arceus|Calm Mind|p1a: Arceus\n|-boost|p1a: Arceus|spa|1\n|-boost|p1a: Arceus|spd|1\n|\n|upkeep\n|turn|16\n|\n|t:|1698023561\n|switch|p2a: Landorus|Landorus-Therian, M|28\/100\n|-ability|p2a: Landorus|Intimidate|boost\n|-unboost|p1a: Arceus|atk|1\n|move|p1a: Arceus|Judgment|p2a: Landorus\n|-damage|p2a: Landorus|0 fnt\n|faint|p2a: Landorus\n|\n|upkeep\n|\n|t:|1698023563\n|switch|p2a: Palkia|Palkia-Origin|100\/100\n|-ability|p2a: Palkia|Pressure\n|turn|17\n|\n|t:|1698023567\n|move|p2a: Palkia|Thunder Wave|p1a: Arceus\n|-status|p1a: Arceus|par\n|move|p1a: Arceus|Judgment|p2a: Palkia\n|-supereffective|p2a: Palkia\n|-damage|p2a: Palkia|0 fnt\n|faint|p2a: Palkia\n|\n|upkeep\n|\n|t:|1698023585\n|switch|p2a: Skeledirge|Skeledirge, M, tera:Flying|81\/100\n|turn|18\n|\n|t:|1698023590\n|switch|p1a: Eternatus|Eternatus|100\/100\n|-ability|p1a: Eternatus|Pressure\n|move|p2a: Skeledirge|Hex|p1a: Eternatus\n|-damage|p1a: Eternatus|85\/100\n|\n|upkeep\n|turn|19\n|\n|t:|1698023594\n|switch|p2a: Ting-Lu|Ting-Lu|88\/100 tox\n|-ability|p2a: Ting-Lu|Vessel of Ruin\n|move|p1a: Eternatus|Toxic|p2a: Ting-Lu\n|-fail|p2a: Ting-Lu|tox\n|\n|-heal|p2a: Ting-Lu|94\/100 tox|[from] item: Leftovers\n|-damage|p2a: Ting-Lu|88\/100 tox|[from] psn\n|upkeep\n|turn|20\n|j| ZowwyCafe\u2764\n|\n|t:|1698023599\n|switch|p1a: Koraidon|Koraidon|100\/100\n|-weather|SunnyDay|[from] ability: Orichalcum Pulse|[of] p1a: Koraidon\n|-activate|p1a: Koraidon|Orichalcum Pulse|[source]\n|move|p2a: Ting-Lu|Spikes|p1a: Koraidon\n|-sidestart|p1: righteous light|Spikes\n|\n|-weather|SunnyDay|[upkeep]\n|-heal|p2a: Ting-Lu|94\/100 tox|[from] item: Leftovers\n|-damage|p2a: Ting-Lu|82\/100 tox|[from] psn\n|upkeep\n|turn|21\n|\n|t:|1698023606\n|switch|p2a: Arceus|Arceus-Fairy|88\/100\n|move|p1a: Koraidon|U-turn|p2a: Arceus\n|-resisted|p2a: Arceus\n|-damage|p2a: Arceus|74\/100\n|j| rookierobbie\n|l| rookierobbie\n|inactive|righteous light has 120 seconds left.\n|\n|t:|1698023651\n|switch|p1a: Iron Treads|Iron Treads|97\/100|[from] U-turn\n|-damage|p1a: Iron Treads|85\/100|[from] Spikes\n|\n|-weather|SunnyDay|[upkeep]\n|-heal|p1a: Iron Treads|91\/100|[from] item: Leftovers\n|upkeep\n|turn|22\n|\n|t:|1698023670\n|move|p2a: Arceus|Judgment|p1a: Iron Treads\n|-resisted|p1a: Iron Treads\n|-damage|p1a: Iron Treads|73\/100\n|move|p1a: Iron Treads|Stealth Rock|p2a: Arceus\n|-sidestart|p2: JamingT|move: Stealth Rock\n|\n|-weather|SunnyDay|[upkeep]\n|-heal|p1a: Iron Treads|79\/100|[from] item: Leftovers\n|upkeep\n|turn|23\n|inactive|righteous light has 120 seconds left.\n|\n|t:|1698023694\n|switch|p2a: Ting-Lu|Ting-Lu|82\/100 tox\n|-damage|p2a: Ting-Lu|76\/100 tox|[from] Stealth Rock\n|-ability|p2a: Ting-Lu|Vessel of Ruin\n|move|p1a: Iron Treads|Rapid Spin|p2a: Ting-Lu\n|-damage|p2a: Ting-Lu|68\/100 tox\n|-boost|p1a: Iron Treads|spe|1\n|-sideend|p1: righteous light|Spikes|[from] move: Rapid Spin|[of] p1a: Iron Treads\n|\n|-weather|SunnyDay|[upkeep]\n|-heal|p1a: Iron Treads|86\/100|[from] item: Leftovers\n|-heal|p2a: Ting-Lu|74\/100 tox|[from] item: Leftovers\n|-damage|p2a: Ting-Lu|68\/100 tox|[from] psn\n|upkeep\n|turn|24\n|\n|t:|1698023701\n|move|p1a: Iron Treads|Knock Off|p2a: Ting-Lu\n|-resisted|p2a: Ting-Lu\n|-damage|p2a: Ting-Lu|61\/100 tox\n|-enditem|p2a: Ting-Lu|Leftovers|[from] move: Knock Off|[of] p1a: Iron Treads\n|move|p2a: Ting-Lu|Earthquake|p1a: Iron Treads\n|-supereffective|p1a: Iron Treads\n|-damage|p1a: Iron Treads|24\/100\n|\n|-weather|none\n|-heal|p1a: Iron Treads|30\/100|[from] item: Leftovers\n|-damage|p2a: Ting-Lu|49\/100 tox|[from] psn\n|upkeep\n|turn|25\n|inactive|righteous light has 120 seconds left.\n|\n|t:|1698023717\n|switch|p2a: Skeledirge|Skeledirge, M, tera:Flying|81\/100\n|move|p1a: Iron Treads|Earthquake|p2a: Skeledirge\n|-immune|p2a: Skeledirge\n|\n|-heal|p1a: Iron Treads|37\/100|[from] item: Leftovers\n|upkeep\n|turn|26\n|inactive|righteous light has 120 seconds left.\n|\n|t:|1698023724\n|-end|p1a: Iron Treads|Quark Drive|[silent]\n|switch|p1a: Eternatus|Eternatus|85\/100\n|-ability|p1a: Eternatus|Pressure\n|move|p2a: Skeledirge|Torch Song|p1a: Eternatus\n|-resisted|p1a: Eternatus\n|-damage|p1a: Eternatus|76\/100\n|-boost|p2a: Skeledirge|spa|1\n|\n|upkeep\n|turn|27\n|\n|t:|1698023733\n|switch|p2a: Ting-Lu|Ting-Lu|49\/100 tox\n|-damage|p2a: Ting-Lu|43\/100 tox|[from] Stealth Rock\n|-ability|p2a: Ting-Lu|Vessel of Ruin\n|move|p1a: Eternatus|Dynamax Cannon|p2a: Ting-Lu\n|-damage|p2a: Ting-Lu|23\/100 tox\n|\n|-damage|p2a: Ting-Lu|16\/100 tox|[from] psn\n|upkeep\n|turn|28\n|\n|t:|1698023740\n|move|p1a: Eternatus|Dynamax Cannon|p2a: Ting-Lu\n|-damage|p2a: Ting-Lu|0 fnt\n|faint|p2a: Ting-Lu\n|\n|upkeep\n|\n|t:|1698023744\n|switch|p2a: Arceus|Arceus-Fairy|74\/100\n|-damage|p2a: Arceus|61\/100|[from] Stealth Rock\n|turn|29\n|j| Dragontooth58\n|c| Dragontooth58|Lol\n|\n|t:|1698023750\n|move|p1a: Eternatus|Toxic|p2a: Arceus\n|-status|p2a: Arceus|tox\n|move|p2a: Arceus|Recover|p2a: Arceus\n|-heal|p2a: Arceus|100\/100 tox\n|\n|-damage|p2a: Arceus|94\/100 tox|[from] psn\n|upkeep\n|turn|30\n|\n|t:|1698023754\n|move|p1a: Eternatus|Recover|p1a: Eternatus\n|-heal|p1a: Eternatus|100\/100\n|move|p2a: Arceus|Judgment|p1a: Eternatus\n|-damage|p1a: Eternatus|70\/100\n|\n|-damage|p2a: Arceus|82\/100 tox|[from] psn\n|upkeep\n|turn|31\n|c| Dragontooth58|oreospeedruns\n|c| Dragontooth58|No use in hiding your replay\n|c| Dragontooth58|you were on slimey snot\u2019s live\n|c| Dragontooth58|You\u2019re getting roasted alive right now lmfak\n|inactive|righteous light has 120 seconds left.\n|\n|t:|1698023799\n|move|p1a: Eternatus|Recover|p1a: Eternatus\n|-heal|p1a: Eternatus|100\/100\n|move|p2a: Arceus|Taunt|p1a: Eternatus\n|-start|p1a: Eternatus|move: Taunt\n|\n|-damage|p2a: Arceus|64\/100 tox|[from] psn\n|upkeep\n|turn|32\n|c| Dragontooth58|Tryna get greedy with those calm minds\n|c|\u2606JamingT|when ur losing a tournament game and an 11 year old enters your chat\n|\n|t:|1698023810\n|switch|p1a: Iron Treads|Iron Treads|37\/100\n|switch|p2a: Skeledirge|Skeledirge, M, tera:Flying|81\/100\n|\n|-heal|p1a: Iron Treads|43\/100|[from] item: Leftovers\n|upkeep\n|turn|33\n|raw|<div class=\"broadcast-red\"><strong>Moderated chat was set to \u2606!<\/strong><br \/>Only users of rank \u2606 and higher can talk.<\/div>\n|inactive|righteous light has 120 seconds left.\n|c|\u2606righteous light|that should take care of that\n|c|\u2606JamingT|real\n|\n|t:|1698023850\n|-end|p1a: Iron Treads|Quark Drive|[silent]\n|switch|p1a: Eternatus|Eternatus|100\/100\n|-ability|p1a: Eternatus|Pressure\n|move|p2a: Skeledirge|Torch Song|p1a: Eternatus\n|-resisted|p1a: Eternatus\n|-damage|p1a: Eternatus|92\/100\n|-boost|p2a: Skeledirge|spa|1\n|\n|upkeep\n|turn|34\n|\n|t:|1698023862\n|move|p1a: Eternatus|Toxic|p2a: Skeledirge\n|-status|p2a: Skeledirge|tox\n|move|p2a: Skeledirge|Slack Off|p2a: Skeledirge\n|-heal|p2a: Skeledirge|100\/100 tox\n|\n|-damage|p2a: Skeledirge|94\/100 tox|[from] psn\n|upkeep\n|turn|35\n|\n|t:|1698023868\n|switch|p2a: Arceus|Arceus-Fairy|64\/100 tox\n|-damage|p2a: Arceus|52\/100 tox|[from] Stealth Rock\n|move|p1a: Eternatus|Dynamax Cannon|p2a: Arceus\n|-immune|p2a: Arceus\n|\n|-damage|p2a: Arceus|45\/100 tox|[from] psn\n|upkeep\n|turn|36\n|inactive|righteous light has 90 seconds left.\n|\n|t:|1698023903\n|move|p1a: Eternatus|Flamethrower|p2a: Arceus\n|-damage|p2a: Arceus|28\/100 tox\n|move|p2a: Arceus|Stealth Rock|p1a: Eternatus\n|-sidestart|p1: righteous light|move: Stealth Rock\n|\n|-damage|p2a: Arceus|16\/100 tox|[from] psn\n|upkeep\n|turn|37\n|\n|t:|1698023913\n|switch|p2a: Skeledirge|Skeledirge, M, tera:Flying|94\/100 tox\n|move|p1a: Eternatus|Flamethrower|p2a: Skeledirge\n|-damage|p2a: Skeledirge|67\/100 tox\n|\n|-damage|p2a: Skeledirge|61\/100 tox|[from] psn\n|upkeep\n|turn|38\n|\n|t:|1698023924\n|switch|p1a: Iron Treads|Iron Treads|43\/100\n|-damage|p1a: Iron Treads|40\/100|[from] Stealth Rock\n|move|p2a: Skeledirge|Will-O-Wisp|p1a: Iron Treads\n|-status|p1a: Iron Treads|brn\n|\n|-heal|p1a: Iron Treads|46\/100 brn|[from] item: Leftovers\n|-damage|p2a: Skeledirge|48\/100 tox|[from] psn\n|-damage|p1a: Iron Treads|40\/100 brn|[from] brn\n|upkeep\n|turn|39\n|\n|t:|1698023929\n|move|p1a: Iron Treads|Rapid Spin|p2a: Skeledirge\n|-damage|p2a: Skeledirge|45\/100 tox\n|-boost|p1a: Iron Treads|spe|1\n|-sideend|p1: righteous light|Stealth Rock|[from] move: Rapid Spin|[of] p1a: Iron Treads\n|move|p2a: Skeledirge|Slack Off|p2a: Skeledirge\n|-heal|p2a: Skeledirge|95\/100 tox\n|\n|-heal|p1a: Iron Treads|46\/100 brn|[from] item: Leftovers\n|-damage|p2a: Skeledirge|76\/100 tox|[from] psn\n|-damage|p1a: Iron Treads|40\/100 brn|[from] brn\n|upkeep\n|turn|40\n|\n|t:|1698023934\n|move|p1a: Iron Treads|Knock Off|p2a: Skeledirge\n|-damage|p2a: Skeledirge|69\/100 tox\n|-enditem|p2a: Skeledirge|Heavy-Duty Boots|[from] move: Knock Off|[of] p1a: Iron Treads\n|move|p2a: Skeledirge|Torch Song|p1a: Iron Treads\n|-supereffective|p1a: Iron Treads\n|-damage|p1a: Iron Treads|0 fnt\n|-boost|p2a: Skeledirge|spa|1\n|faint|p1a: Iron Treads\n|-end|p1a: Iron Treads|Quark Drive|[silent]\n|\n|-damage|p2a: Skeledirge|45\/100 tox|[from] psn\n|upkeep\n|\n|t:|1698023941\n|switch|p1a: Koraidon|Koraidon|100\/100\n|-weather|SunnyDay|[from] ability: Orichalcum Pulse|[of] p1a: Koraidon\n|-activate|p1a: Koraidon|Orichalcum Pulse|[source]\n|turn|41\n|\n|t:|1698023947\n|move|p1a: Koraidon|Dragon Claw|p2a: Skeledirge\n|-damage|p2a: Skeledirge|0 fnt\n|faint|p2a: Skeledirge\n|\n|-weather|SunnyDay|[upkeep]\n|upkeep\n|\n|t:|1698023952\n|switch|p2a: Arceus|Arceus-Fairy|16\/100 tox\n|-damage|p2a: Arceus|3\/100 tox|[from] Stealth Rock\n|turn|42\n|\n|t:|1698023955\n|switch|p1a: Eternatus|Eternatus|92\/100\n|-ability|p1a: Eternatus|Pressure\n|move|p2a: Arceus|Recover|p2a: Arceus\n|-heal|p2a: Arceus|53\/100 tox\n|\n|-weather|SunnyDay|[upkeep]\n|-damage|p2a: Arceus|47\/100 tox|[from] psn\n|upkeep\n|turn|43\n|\n|t:|1698023959\n|switch|p2a: Dragonite|Dragonite, M|100\/100\n|move|p1a: Eternatus|Flamethrower|p2a: Dragonite\n|-resisted|p2a: Dragonite\n|-damage|p2a: Dragonite|91\/100\n|-status|p2a: Dragonite|brn\n|\n|-weather|SunnyDay|[upkeep]\n|-damage|p2a: Dragonite|84\/100 brn|[from] brn\n|upkeep\n|turn|44\n|c|\u2606JamingT|lol\n|c|\u2606JamingT|alright\n|-message|JamingT forfeited.\n|\n|win|righteous light\n|n|\u2606righteous light|righteouslight\n|n|\u2606JamingT|jamingt\n","uploadtime":1698023971,"views":10,"p1id":"righteouslight","p2id":"jamingt","formatid":"gen9ubers","rating":0,"private":0,"password":""}