{"id":"gen9ubers-1996116599","p1":"TheGriffinKing2O","p2":"Alpha1013","format":"[Gen 9] Ubers","log":"|j|\u2606TheGriffinKing2O\n|j|\u2606Alpha1013\n|inactive|Battle timer is ON: inactive players will automatically lose when time's up.\n|t:|1700646660\n|gametype|singles\n|player|p1|TheGriffinKing2O|n-masters3|\n|player|p2|Alpha1013|#hpliiiruiners|\n|teamsize|p1|6\n|teamsize|p2|6\n|gen|9\n|tier|[Gen 9] Ubers\n|rated|Tournament battle\n|rule|Sleep Clause Mod: Limit one foe put to sleep\n|rule|Species Clause: Limit one of each Pok\u00e9mon\n|rule|OHKO Clause: OHKO moves are banned\n|rule|Evasion Items Clause: Evasion items are banned\n|rule|Evasion Moves Clause: Evasion moves are banned\n|rule|Endless Battle Clause: Forcing endless battles is banned\n|rule|HP Percentage Mod: HP is shown in percentages\n|clearpoke\n|poke|p1|Masquerain, F|\n|poke|p1|Chien-Pao|\n|poke|p1|Kingambit, F|\n|poke|p1|Miraidon|\n|poke|p1|Iron Valiant|\n|poke|p1|Iron Bundle|\n|poke|p2|Ribombee, F|\n|poke|p2|Koraidon|\n|poke|p2|Zacian-*|\n|poke|p2|Arceus|\n|poke|p2|Miraidon|\n|poke|p2|Basculegion, M|\n|teampreview\n|j|*Lady Monita \u2746\n|c|\u2606TheGriffinKing2O|Glhf bhai\n|\n|t:|1700646671\n|start\n|switch|p1a: Masquerain|Masquerain, F|100\/100\n|switch|p2a: Ribombee|Ribombee, F|100\/100\n|-ability|p1a: Masquerain|Intimidate|boost\n|-unboost|p2a: Ribombee|atk|1\n|turn|1\n|\n|t:|1700646685\n|move|p2a: Ribombee|Stun Spore|p1a: Masquerain\n|-status|p1a: Masquerain|par\n|move|p1a: Masquerain|Sticky Web|p2a: Ribombee\n|-sidestart|p2: Alpha1013|move: Sticky Web\n|\n|upkeep\n|turn|2\n|\n|t:|1700646689\n|move|p2a: Ribombee|Sticky Web|p1a: Masquerain\n|-sidestart|p1: TheGriffinKing2O|move: Sticky Web\n|move|p1a: Masquerain|Hurricane|p2a: Ribombee|[miss]\n|-miss|p1a: Masquerain|p2a: Ribombee\n|\n|upkeep\n|turn|3\n|c|\u2606Alpha1013|hfhf\n|\n|t:|1700646694\n|move|p2a: Ribombee|Moonblast|p1a: Masquerain\n|-damage|p1a: Masquerain|55\/100 par\n|-unboost|p1a: Masquerain|spa|1\n|move|p1a: Masquerain|Tailwind|p1a: Masquerain\n|-sidestart|p1: TheGriffinKing2O|move: Tailwind\n|\n|upkeep\n|turn|4\n|\n|t:|1700646697\n|move|p2a: Ribombee|Moonblast|p1a: Masquerain\n|-damage|p1a: Masquerain|8\/100 par\n|move|p1a: Masquerain|Hurricane|p2a: Ribombee\n|-supereffective|p2a: Ribombee\n|-damage|p2a: Ribombee|17\/100\n|\n|upkeep\n|turn|5\n|\n|t:|1700646700\n|move|p2a: Ribombee|Moonblast|p1a: Masquerain\n|-damage|p1a: Masquerain|0 fnt\n|faint|p1a: Masquerain\n|\n|upkeep\n|\n|t:|1700646708\n|switch|p1a: Miraidon|Miraidon|100\/100\n|-activate|p1a: Miraidon|move: Sticky Web\n|-unboost|p1a: Miraidon|spe|1\n|-fieldstart|move: Electric Terrain|[from] ability: Hadron Engine|[of] p1a: Miraidon\n|turn|6\n|j| ZowwyCafe\u2764\n|\n|t:|1700646731\n|-terastallize|p1a: Miraidon|Fire\n|move|p1a: Miraidon|Calm Mind|p1a: Miraidon\n|-boost|p1a: Miraidon|spa|1\n|-boost|p1a: Miraidon|spd|1\n|move|p2a: Ribombee|Moonblast|p1a: Miraidon\n|-resisted|p1a: Miraidon\n|-damage|p1a: Miraidon|88\/100\n|\n|-sideend|p1: TheGriffinKing2O|move: Tailwind\n|upkeep\n|turn|7\n|\n|t:|1700646735\n|move|p2a: Ribombee|Stun Spore|p1a: Miraidon\n|-status|p1a: Miraidon|par\n|cant|p1a: Miraidon|par\n|\n|upkeep\n|turn|8\n|\n|t:|1700646738\n|move|p2a: Ribombee|Pounce|p1a: Miraidon\n|-resisted|p1a: Miraidon\n|-damage|p1a: Miraidon|84\/100 par\n|-unboost|p1a: Miraidon|spe|1\n|cant|p1a: Miraidon|par\n|\n|upkeep\n|turn|9\n|\n|t:|1700646745\n|switch|p2a: Zacian|Zacian-Crowned|100\/100\n|-activate|p2a: Zacian|move: Sticky Web\n|-unboost|p2a: Zacian|spe|1\n|-ability|p2a: Zacian|Intrepid Sword|boost\n|-boost|p2a: Zacian|atk|1\n|move|p1a: Miraidon|Agility|p1a: Miraidon\n|-boost|p1a: Miraidon|spe|2\n|\n|upkeep\n|turn|10\n|c|\u2606TheGriffinKing2O|Pain\n|l| ZowwyCafe\u2764\n|\n|t:|1700646751\n|move|p2a: Zacian|Play Rough|p1a: Miraidon\n|-resisted|p1a: Miraidon\n|-damage|p1a: Miraidon|45\/100 par\n|-unboost|p1a: Miraidon|atk|1\n|move|p1a: Miraidon|Parabolic Charge|p2a: Zacian\n|-crit|p2a: Zacian\n|-damage|p2a: Zacian|0 fnt\n|-heal|p1a: Miraidon|93\/100 par|[from] drain|[of] p2a: Zacian\n|faint|p2a: Zacian\n|-damage|p1a: Miraidon|83\/100 par|[from] item: Life Orb\n|\n|-fieldend|move: Electric Terrain\n|upkeep\n|c|\u2606Alpha1013|real pain\n|l|\u2606TheGriffinKing2O\n|inactive|TheGriffinKing2O disconnected and has a minute to reconnect!\n|player|p1|\n|\n|t:|1700646766\n|switch|p2a: Koraidon|Koraidon|100\/100\n|-activate|p2a: Koraidon|move: Sticky Web\n|-unboost|p2a: Koraidon|spe|1\n|-weather|SunnyDay|[from] ability: Orichalcum Pulse|[of] p2a: Koraidon\n|-activate|p2a: Koraidon|Orichalcum Pulse|[source]\n|turn|11\n|j|\u2606TheGriffinKing2O\n|inactive|TheGriffinKing2O reconnected and has 130 seconds left.\n|player|p1|TheGriffinKing2O|n-masters3\n|inactive|Alpha1013 has 120 seconds left.\n|c|\u2606TheGriffinKing2O|Mb\n|\n|t:|1700646795\n|-terastallize|p2a: Koraidon|Ghost\n|move|p2a: Koraidon|Swords Dance|p2a: Koraidon\n|-boost|p2a: Koraidon|atk|2\n|cant|p1a: Miraidon|par\n|\n|-weather|SunnyDay|[upkeep]\n|upkeep\n|turn|12\n|c|\u2606TheGriffinKing2O|This para\n|inactive|Alpha1013 has 120 seconds left.\n|c|\u2606TheGriffinKing2O|Damn\n|\n|t:|1700646825\n|move|p2a: Koraidon|Scale Shot|p1a: Miraidon\n|-damage|p1a: Miraidon|50\/100 par\n|-damage|p1a: Miraidon|12\/100 par\n|-crit|p1a: Miraidon\n|-damage|p1a: Miraidon|0 fnt\n|faint|p1a: Miraidon\n|-hitcount|p1: Miraidon|3\n|-unboost|p2a: Koraidon|def|1\n|-boost|p2a: Koraidon|spe|1\n|\n|-weather|SunnyDay|[upkeep]\n|upkeep\n|c|\u2606TheGriffinKing2O|That should be gg\n|\n|t:|1700646843\n|switch|p1a: Iron Valiant|Iron Valiant|100\/100\n|-activate|p1a: Iron Valiant|move: Sticky Web\n|-unboost|p1a: Iron Valiant|spe|1\n|-enditem|p1a: Iron Valiant|Booster Energy\n|-activate|p1a: Iron Valiant|ability: Quark Drive|[fromitem]\n|-start|p1a: Iron Valiant|quarkdriveatk\n|turn|13\n|inactive|Alpha1013 has 90 seconds left.\n|\n|t:|1700646886\n|move|p2a: Koraidon|Flare Blitz|p1a: Iron Valiant\n|-damage|p1a: Iron Valiant|0 fnt\n|faint|p1a: Iron Valiant\n|-end|p1a: Iron Valiant|Quark Drive|[silent]\n|-damage|p2a: Koraidon|73\/100|[from] Recoil\n|\n|-weather|SunnyDay|[upkeep]\n|upkeep\n|\n|t:|1700646897\n|switch|p1a: Chien-Pao|Chien-Pao|100\/100\n|-activate|p1a: Chien-Pao|move: Sticky Web\n|-unboost|p1a: Chien-Pao|spe|1\n|-ability|p1a: Chien-Pao|Sword of Ruin\n|turn|14\n|\n|t:|1700646924\n|move|p1a: Chien-Pao|Ice Shard|p2a: Koraidon\n|-damage|p2a: Koraidon|27\/100\n|-damage|p1a: Chien-Pao|91\/100|[from] item: Life Orb\n|move|p2a: Koraidon|Flare Blitz|p1a: Chien-Pao\n|-supereffective|p1a: Chien-Pao\n|-damage|p1a: Chien-Pao|0 fnt\n|faint|p1a: Chien-Pao\n|-damage|p2a: Koraidon|1\/100|[from] Recoil\n|\n|-weather|SunnyDay|[upkeep]\n|upkeep\n|c|\u2606TheGriffinKing2O|Ye gg\n|\n|t:|1700646934\n|switch|p1a: Kingambit|Kingambit, F|100\/100\n|-activate|p1a: Kingambit|move: Sticky Web\n|-unboost|p1a: Kingambit|spe|1\n|-activate|p1a: Kingambit|ability: Supreme Overlord\n|-start|p1a: Kingambit|fallen4|[silent]\n|turn|15\n|\n|t:|1700646944\n|move|p1a: Kingambit|Sucker Punch|p2a: Koraidon\n|-supereffective|p2a: Koraidon\n|-damage|p2a: Koraidon|0 fnt\n|faint|p2a: Koraidon\n|-damage|p1a: Kingambit|91\/100|[from] item: Life Orb\n|\n|-weather|none\n|upkeep\n|\n|t:|1700646954\n|switch|p2a: Arceus|Arceus|100\/100\n|-activate|p2a: Arceus|move: Sticky Web\n|-unboost|p2a: Arceus|spe|1\n|turn|16\n|\n|t:|1700646967\n|move|p1a: Kingambit|Sucker Punch||[still]\n|-fail|p1a: Kingambit\n|move|p2a: Arceus|Taunt|p1a: Kingambit\n|-start|p1a: Kingambit|move: Taunt\n|\n|upkeep\n|turn|17\n|j| ZowwyCafe\u2764\n|\n|t:|1700646982\n|move|p2a: Arceus|Swords Dance|p2a: Arceus\n|-boost|p2a: Arceus|atk|2\n|move|p1a: Kingambit|Kowtow Cleave|p2a: Arceus\n|-damage|p2a: Arceus|40\/100\n|-damage|p1a: Kingambit|81\/100|[from] item: Life Orb\n|\n|upkeep\n|turn|18\n|\n|t:|1700646984\n|move|p2a: Arceus|Extreme Speed|p1a: Kingambit\n|-resisted|p1a: Kingambit\n|-damage|p1a: Kingambit|43\/100\n|move|p1a: Kingambit|Sucker Punch||[still]\n|-fail|p1a: Kingambit\n|\n|upkeep\n|turn|19\n|\n|t:|1700646988\n|move|p2a: Arceus|Extreme Speed|p1a: Kingambit\n|-resisted|p1a: Kingambit\n|-damage|p1a: Kingambit|6\/100\n|move|p1a: Kingambit|Kowtow Cleave|p2a: Arceus\n|-damage|p2a: Arceus|0 fnt\n|faint|p2a: Arceus\n|-damage|p1a: Kingambit|0 fnt|[from] item: Life Orb\n|faint|p1a: Kingambit\n|-end|p1a: Kingambit|fallen4|[silent]\n|\n|upkeep\n|c|\u2606TheGriffinKing2O|Oo\n|\n|t:|1700646994\n|switch|p2a: Miraidon|Miraidon|100\/100\n|switch|p1a: Iron Bundle|Iron Bundle|100\/100\n|-activate|p1a: Iron Bundle|move: Sticky Web\n|-unboost|p1a: Iron Bundle|spe|1\n|-activate|p2a: Miraidon|move: Sticky Web\n|-unboost|p2a: Miraidon|spe|1\n|-fieldstart|move: Electric Terrain|[from] ability: Hadron Engine|[of] p2a: Miraidon\n|-activate|p1a: Iron Bundle|ability: Quark Drive\n|-start|p1a: Iron Bundle|quarkdrivespa\n|turn|20\n|\n|t:|1700646997\n|move|p1a: Iron Bundle|Freeze-Dry|p2a: Miraidon\n|-supereffective|p2a: Miraidon\n|-damage|p2a: Miraidon|21\/100\n|-status|p2a: Miraidon|frz\n|cant|p2a: Miraidon|frz\n|\n|upkeep\n|turn|21\n|c|\u2606Alpha1013|oooh\n|c| ZowwyCafe\u2764|OMG\n|c|\u2606Alpha1013|omg\n|c|\u2606TheGriffinKing2O|Ohhh\n|c|\u2606Alpha1013|lol\n|\n|t:|1700647005\n|move|p1a: Iron Bundle|Substitute|p1a: Iron Bundle\n|-start|p1a: Iron Bundle|Substitute\n|-damage|p1a: Iron Bundle|76\/100\n|cant|p2a: Miraidon|frz\n|\n|-heal|p1a: Iron Bundle|82\/100|[from] item: Leftovers\n|upkeep\n|turn|22\n|c|\u2606TheGriffinKing2O|Can this be\n|-message|Alpha1013 forfeited.\n|\n|win|TheGriffinKing2O\n|n|\u2606Alpha1013|alpha1013\n|n|*Lady Monita \u2746|ladymonita\n|n|\u2606TheGriffinKing2O|thegriffinking2o\n|n| ZowwyCafe\u2764|zowwycafe\n|l|*Lady Monita \u2746\n|c| ZowwyCafe\u2764|omfg\n|l|\u2606Alpha1013\n|c|\u2606TheGriffinKing2O|Omfgg\n","uploadtime":1700647020,"views":7,"p1id":"thegriffinking2o","p2id":"alpha1013","formatid":"gen9ubers","rating":0,"private":0,"password":""}