{"id":"gen9ubers-1997364353","p1":"Goeasyplzz","p2":"disciple of blahaj","format":"[Gen 9] Ubers","log":"|j|\u2606Goeasyplzz\n|j|\u2606disciple of blahaj\n|t:|1700794547\n|gametype|singles\n|player|p1|Goeasyplzz|caitlin|1084\n|player|p2|disciple of blahaj|beauty-gen6xy|1052\n|teamsize|p1|6\n|teamsize|p2|6\n|gen|9\n|tier|[Gen 9] Ubers\n|rated|\n|rule|Sleep Clause Mod: Limit one foe put to sleep\n|rule|Species Clause: Limit one of each Pok\u00e9mon\n|rule|OHKO Clause: OHKO moves are banned\n|rule|Evasion Items Clause: Evasion items are banned\n|rule|Evasion Moves Clause: Evasion moves are banned\n|rule|Endless Battle Clause: Forcing endless battles is banned\n|rule|HP Percentage Mod: HP is shown in percentages\n|clearpoke\n|poke|p1|Kleavor, M|\n|poke|p1|Zamazenta-*|\n|poke|p1|Clodsire, M|\n|poke|p1|Miraidon|\n|poke|p1|Gliscor, M|\n|poke|p1|Urshifu-*, M|\n|poke|p2|Sneasler, F|\n|poke|p2|Miraidon|\n|poke|p2|Volcarona, F|\n|poke|p2|Espathra, F|\n|poke|p2|Iron Bundle|\n|poke|p2|Altaria, F|\n|teampreview\n|\n|t:|1700794568\n|start\n|switch|p1a: Clodsire|Clodsire, M|100\/100\n|switch|p2a: Cleo|Espathra, F, shiny|100\/100\n|turn|1\n|\n|t:|1700794573\n|move|p2a: Cleo|Calm Mind|p2a: Cleo\n|-boost|p2a: Cleo|spa|1\n|-boost|p2a: Cleo|spd|1\n|move|p1a: Clodsire|Toxic Spikes|p2a: Cleo\n|-sidestart|p2: disciple of blahaj|move: Toxic Spikes\n|\n|-ability|p2a: Cleo|Speed Boost|boost\n|-boost|p2a: Cleo|spe|1\n|upkeep\n|turn|2\n|\n|t:|1700794587\n|move|p2a: Cleo|Calm Mind|p2a: Cleo\n|-boost|p2a: Cleo|spa|1\n|-boost|p2a: Cleo|spd|1\n|move|p1a: Clodsire|Toxic Spikes|p2a: Cleo\n|-sidestart|p2: disciple of blahaj|move: Toxic Spikes\n|\n|-ability|p2a: Cleo|Speed Boost|boost\n|-boost|p2a: Cleo|spe|1\n|upkeep\n|turn|3\n|\n|t:|1700794597\n|move|p2a: Cleo|Calm Mind|p2a: Cleo\n|-boost|p2a: Cleo|spa|1\n|-boost|p2a: Cleo|spd|1\n|move|p1a: Clodsire|Poison Jab|p2a: Cleo\n|-damage|p2a: Cleo|66\/100\n|\n|-heal|p2a: Cleo|72\/100|[from] item: Leftovers\n|-ability|p2a: Cleo|Speed Boost|boost\n|-boost|p2a: Cleo|spe|1\n|upkeep\n|turn|4\n|\n|t:|1700794609\n|move|p2a: Cleo|Protect|p2a: Cleo\n|-singleturn|p2a: Cleo|Protect\n|move|p1a: Clodsire|Poison Jab|p2a: Cleo\n|-activate|p2a: Cleo|move: Protect\n|\n|-heal|p2a: Cleo|78\/100|[from] item: Leftovers\n|-ability|p2a: Cleo|Speed Boost|boost\n|-boost|p2a: Cleo|spe|1\n|upkeep\n|turn|5\n|\n|t:|1700794620\n|move|p2a: Cleo|Stored Power|p1a: Clodsire\n|-supereffective|p1a: Clodsire\n|-crit|p1a: Clodsire\n|-damage|p1a: Clodsire|0 fnt\n|faint|p1a: Clodsire\n|\n|-heal|p2a: Cleo|84\/100|[from] item: Leftovers\n|-ability|p2a: Cleo|Speed Boost|boost\n|-boost|p2a: Cleo|spe|1\n|upkeep\n|\n|t:|1700794629\n|switch|p1a: Kleavor|Kleavor, M|100\/100\n|turn|6\n|\n|t:|1700794635\n|move|p2a: Cleo|Protect|p2a: Cleo\n|-singleturn|p2a: Cleo|Protect\n|move|p1a: Kleavor|X-Scissor|p2a: Cleo\n|-activate|p2a: Cleo|move: Protect\n|\n|-heal|p2a: Cleo|90\/100|[from] item: Leftovers\n|-ability|p2a: Cleo|Speed Boost|boost\n|-boost|p2a: Cleo|spe|1\n|upkeep\n|turn|7\n|\n|t:|1700794645\n|move|p1a: Kleavor|Protect|p1a: Kleavor\n|-singleturn|p1a: Kleavor|Protect\n|move|p2a: Cleo|Stored Power|p1a: Kleavor\n|-activate|p1a: Kleavor|move: Protect\n|\n|-heal|p2a: Cleo|96\/100|[from] item: Leftovers\n|upkeep\n|turn|8\n|\n|t:|1700794653\n|move|p2a: Cleo|Stored Power|p1a: Kleavor\n|-enditem|p1a: Kleavor|Focus Sash\n|-damage|p1a: Kleavor|1\/100\n|move|p1a: Kleavor|X-Scissor|p2a: Cleo\n|-supereffective|p2a: Cleo\n|-damage|p2a: Cleo|0 fnt\n|faint|p2a: Cleo\n|\n|upkeep\n|\n|t:|1700794664\n|switch|p2a: Snawty|Sneasler, F, shiny|100\/100\n|-sideend|p2: disciple of blahaj|move: Toxic Spikes|[of] p2a: Snawty\n|turn|9\n|\n|t:|1700794672\n|switch|p2a: Baililla|Volcarona, F|100\/100\n|move|p1a: Kleavor|Protect||[still]\n|-fail|p1a: Kleavor\n|\n|upkeep\n|turn|10\n|\n|t:|1700794679\n|move|p1a: Kleavor|Stone Axe|p2a: Baililla\n|-supereffective|p2a: Baililla\n|-crit|p2a: Baililla\n|-damage|p2a: Baililla|0 fnt\n|-sidestart|p2: disciple of blahaj|move: Stealth Rock\n|faint|p2a: Baililla\n|\n|upkeep\n|\n|t:|1700794688\n|switch|p2a: Gimme Sammich|Miraidon|100\/100\n|-damage|p2a: Gimme Sammich|88\/100|[from] Stealth Rock\n|-fieldstart|move: Electric Terrain|[from] ability: Hadron Engine|[of] p2a: Gimme Sammich\n|turn|11\n|\n|t:|1700794698\n|switch|p2a: Snawty|Sneasler, F, shiny|100\/100\n|-damage|p2a: Snawty|95\/100|[from] Stealth Rock\n|-enditem|p2a: Snawty|Electric Seed\n|-boost|p2a: Snawty|def|1|[from] item: Electric Seed\n|move|p1a: Kleavor|Protect||[still]\n|-fail|p1a: Kleavor\n|\n|upkeep\n|turn|12\n|\n|t:|1700794707\n|move|p2a: Snawty|Swords Dance|p2a: Snawty\n|-boost|p2a: Snawty|atk|2\n|move|p1a: Kleavor|Stone Axe|p2a: Snawty\n|-resisted|p2a: Snawty\n|-damage|p2a: Snawty|67\/100\n|\n|upkeep\n|turn|13\n|\n|t:|1700794715\n|move|p2a: Snawty|Swords Dance|p2a: Snawty\n|-boost|p2a: Snawty|atk|2\n|move|p1a: Kleavor|Stone Axe|p2a: Snawty\n|-resisted|p2a: Snawty\n|-damage|p2a: Snawty|37\/100\n|\n|upkeep\n|turn|14\n|\n|t:|1700794721\n|move|p2a: Snawty|Night Slash|p1a: Kleavor\n|-damage|p1a: Kleavor|0 fnt\n|faint|p1a: Kleavor\n|\n|upkeep\n|\n|t:|1700794737\n|switch|p1a: Miraidon|Miraidon|100\/100\n|-activate|p1a: Miraidon|ability: Hadron Engine\n|turn|15\n|\n|t:|1700794750\n|move|p2a: Snawty|Gunk Shot|p1a: Miraidon|[miss]\n|-miss|p2a: Snawty|p1a: Miraidon\n|move|p1a: Miraidon|Dazzling Gleam|p2a: Snawty\n|-damage|p2a: Snawty|0 fnt\n|faint|p2a: Snawty\n|\n|-fieldend|move: Electric Terrain\n|upkeep\n|\n|t:|1700794762\n|switch|p2a: Gimme Sammich|Miraidon|88\/100\n|-damage|p2a: Gimme Sammich|76\/100|[from] Stealth Rock\n|-fieldstart|move: Electric Terrain|[from] ability: Hadron Engine|[of] p2a: Gimme Sammich\n|turn|16\n|\n|t:|1700794771\n|-terastallize|p1a: Miraidon|Water\n|-terastallize|p2a: Gimme Sammich|Fairy\n|move|p1a: Miraidon|Dazzling Gleam|p2a: Gimme Sammich\n|-damage|p2a: Gimme Sammich|36\/100\n|move|p2a: Gimme Sammich|Agility|p2a: Gimme Sammich\n|-boost|p2a: Gimme Sammich|spe|2\n|\n|-heal|p2a: Gimme Sammich|42\/100|[from] item: Leftovers\n|upkeep\n|turn|17\n|\n|t:|1700794778\n|move|p2a: Gimme Sammich|Parabolic Charge|p1a: Miraidon\n|-supereffective|p1a: Miraidon\n|-damage|p1a: Miraidon|4\/100\n|-heal|p2a: Gimme Sammich|87\/100|[from] drain|[of] p1a: Miraidon\n|move|p1a: Miraidon|Dazzling Gleam|p2a: Gimme Sammich\n|-crit|p2a: Gimme Sammich\n|-damage|p2a: Gimme Sammich|27\/100\n|\n|-heal|p2a: Gimme Sammich|33\/100|[from] item: Leftovers\n|upkeep\n|turn|18\n|\n|t:|1700794791\n|move|p2a: Gimme Sammich|Parabolic Charge|p1a: Miraidon\n|-supereffective|p1a: Miraidon\n|-damage|p1a: Miraidon|0 fnt\n|-heal|p2a: Gimme Sammich|34\/100|[from] drain|[of] p1a: Miraidon\n|faint|p1a: Miraidon\n|\n|-heal|p2a: Gimme Sammich|40\/100|[from] item: Leftovers\n|upkeep\n|\n|t:|1700794796\n|switch|p1a: Gliscor|Gliscor, M|100\/100\n|turn|19\n|\n|t:|1700794803\n|move|p1a: Gliscor|Protect|p1a: Gliscor\n|-singleturn|p1a: Gliscor|Protect\n|move|p2a: Gimme Sammich|Calm Mind|p2a: Gimme Sammich\n|-boost|p2a: Gimme Sammich|spa|1\n|-boost|p2a: Gimme Sammich|spd|1\n|\n|-heal|p2a: Gimme Sammich|46\/100|[from] item: Leftovers\n|-status|p1a: Gliscor|tox|[from] item: Toxic Orb\n|upkeep\n|turn|20\n|\n|t:|1700794816\n|move|p2a: Gimme Sammich|Dazzling Gleam|p1a: Gliscor\n|-damage|p1a: Gliscor|11\/100 tox\n|move|p1a: Gliscor|Toxic|p2a: Gimme Sammich\n|-status|p2a: Gimme Sammich|tox\n|\n|-heal|p2a: Gimme Sammich|52\/100 tox|[from] item: Leftovers\n|-damage|p2a: Gimme Sammich|46\/100 tox|[from] psn\n|-heal|p1a: Gliscor|24\/100 tox|[from] ability: Poison Heal\n|-fieldend|move: Electric Terrain\n|upkeep\n|turn|21\n|\n|t:|1700794834\n|move|p1a: Gliscor|Protect|p1a: Gliscor\n|-singleturn|p1a: Gliscor|Protect\n|move|p2a: Gimme Sammich|Calm Mind|p2a: Gimme Sammich\n|-boost|p2a: Gimme Sammich|spa|1\n|-boost|p2a: Gimme Sammich|spd|1\n|\n|-heal|p2a: Gimme Sammich|52\/100 tox|[from] item: Leftovers\n|-damage|p2a: Gimme Sammich|40\/100 tox|[from] psn\n|-heal|p1a: Gliscor|36\/100 tox|[from] ability: Poison Heal\n|upkeep\n|turn|22\n|\n|t:|1700794841\n|move|p2a: Gimme Sammich|Dazzling Gleam|p1a: Gliscor\n|-damage|p1a: Gliscor|0 fnt\n|faint|p1a: Gliscor\n|\n|-heal|p2a: Gimme Sammich|46\/100 tox|[from] item: Leftovers\n|-damage|p2a: Gimme Sammich|28\/100 tox|[from] psn\n|upkeep\n|\n|t:|1700794844\n|switch|p1a: Urshifu|Urshifu, M|100\/100\n|turn|23\n|\n|t:|1700794852\n|move|p2a: Gimme Sammich|Parabolic Charge|p1a: Urshifu\n|-damage|p1a: Urshifu|9\/100\n|-heal|p2a: Gimme Sammich|71\/100 tox|[from] drain|[of] p1a: Urshifu\n|move|p1a: Urshifu|Poison Jab|p2a: Gimme Sammich\n|-supereffective|p2a: Gimme Sammich\n|-damage|p2a: Gimme Sammich|17\/100 tox\n|-damage|p1a: Urshifu|0 fnt|[from] item: Life Orb\n|faint|p1a: Urshifu\n|\n|-heal|p2a: Gimme Sammich|24\/100 tox|[from] item: Leftovers\n|-damage|p2a: Gimme Sammich|0 fnt|[from] psn\n|faint|p2a: Gimme Sammich\n|upkeep\n|\n|t:|1700794868\n|switch|p1a: Zamazenta|Zamazenta, shiny|100\/100\n|switch|p2a: Alterna|Altaria, F|100\/100\n|-ability|p1a: Zamazenta|Dauntless Shield|boost\n|-boost|p1a: Zamazenta|def|1\n|-damage|p2a: Alterna|76\/100|[from] Stealth Rock\n|-ability|p2a: Alterna|Cloud Nine\n|turn|24\n|\n|t:|1700794875\n|move|p1a: Zamazenta|Substitute|p1a: Zamazenta\n|-start|p1a: Zamazenta|Substitute\n|-damage|p1a: Zamazenta|76\/100\n|move|p2a: Alterna|Will-O-Wisp||[still]\n|-fail|p2a: Alterna\n|\n|-heal|p1a: Zamazenta|82\/100|[from] item: Leftovers\n|-heal|p2a: Alterna|82\/100|[from] item: Leftovers\n|upkeep\n|turn|25\n|\n|t:|1700794879\n|move|p1a: Zamazenta|Iron Defense|p1a: Zamazenta\n|-boost|p1a: Zamazenta|def|2\n|move|p2a: Alterna|Cotton Guard|p2a: Alterna\n|-boost|p2a: Alterna|def|3\n|\n|-heal|p1a: Zamazenta|88\/100|[from] item: Leftovers\n|-heal|p2a: Alterna|88\/100|[from] item: Leftovers\n|upkeep\n|turn|26\n|\n|t:|1700794882\n|move|p1a: Zamazenta|Iron Defense|p1a: Zamazenta\n|-boost|p1a: Zamazenta|def|2\n|move|p2a: Alterna|Cotton Guard|p2a: Alterna\n|-boost|p2a: Alterna|def|3\n|\n|-heal|p1a: Zamazenta|94\/100|[from] item: Leftovers\n|-heal|p2a: Alterna|94\/100|[from] item: Leftovers\n|upkeep\n|turn|27\n|\n|t:|1700794885\n|move|p1a: Zamazenta|Iron Defense|p1a: Zamazenta\n|-boost|p1a: Zamazenta|def|1\n|move|p2a: Alterna|Moonblast|p1a: Zamazenta\n|-supereffective|p1a: Zamazenta\n|-end|p1a: Zamazenta|Substitute\n|\n|-heal|p1a: Zamazenta|100\/100|[from] item: Leftovers\n|-heal|p2a: Alterna|100\/100|[from] item: Leftovers\n|upkeep\n|turn|28\n|\n|t:|1700794888\n|move|p1a: Zamazenta|Substitute|p1a: Zamazenta\n|-start|p1a: Zamazenta|Substitute\n|-damage|p1a: Zamazenta|76\/100\n|move|p2a: Alterna|Moonblast|p1a: Zamazenta\n|-supereffective|p1a: Zamazenta\n|-end|p1a: Zamazenta|Substitute\n|\n|-heal|p1a: Zamazenta|82\/100|[from] item: Leftovers\n|upkeep\n|turn|29\n|\n|t:|1700794890\n|move|p1a: Zamazenta|Body Press|p2a: Alterna\n|-resisted|p2a: Alterna\n|-damage|p2a: Alterna|86\/100\n|move|p2a: Alterna|Moonblast|p1a: Zamazenta\n|-supereffective|p1a: Zamazenta\n|-damage|p1a: Zamazenta|54\/100\n|-unboost|p1a: Zamazenta|spa|1\n|\n|-heal|p1a: Zamazenta|60\/100|[from] item: Leftovers\n|-heal|p2a: Alterna|92\/100|[from] item: Leftovers\n|upkeep\n|turn|30\n|\n|t:|1700794897\n|move|p1a: Zamazenta|Crunch|p2a: Alterna\n|-damage|p2a: Alterna|87\/100\n|move|p2a: Alterna|Will-O-Wisp|p1a: Zamazenta\n|-status|p1a: Zamazenta|brn\n|\n|-heal|p1a: Zamazenta|66\/100 brn|[from] item: Leftovers\n|-heal|p2a: Alterna|93\/100|[from] item: Leftovers\n|-damage|p1a: Zamazenta|60\/100 brn|[from] brn\n|upkeep\n|turn|31\n|\n|t:|1700794904\n|move|p1a: Zamazenta|Body Press|p2a: Alterna\n|-resisted|p2a: Alterna\n|-damage|p2a: Alterna|86\/100\n|move|p2a: Alterna|Defog|p1a: Zamazenta\n|-unboost|p1a: Zamazenta|evasion|1\n|-sideend|p2: disciple of blahaj|Stealth Rock|[from] move: Defog|[of] p2a: Alterna\n|\n|-heal|p1a: Zamazenta|66\/100 brn|[from] item: Leftovers\n|-heal|p2a: Alterna|92\/100|[from] item: Leftovers\n|-damage|p1a: Zamazenta|60\/100 brn|[from] brn\n|upkeep\n|turn|32\n|\n|t:|1700794917\n|move|p1a: Zamazenta|Body Press|p2a: Alterna\n|-resisted|p2a: Alterna\n|-damage|p2a: Alterna|84\/100\n|move|p2a: Alterna|Moonblast|p1a: Zamazenta\n|-supereffective|p1a: Zamazenta\n|-damage|p1a: Zamazenta|33\/100 brn\n|\n|-heal|p1a: Zamazenta|39\/100 brn|[from] item: Leftovers\n|-heal|p2a: Alterna|91\/100|[from] item: Leftovers\n|-damage|p1a: Zamazenta|33\/100 brn|[from] brn\n|upkeep\n|turn|33\n|\n|t:|1700794929\n|move|p1a: Zamazenta|Body Press|p2a: Alterna\n|-resisted|p2a: Alterna\n|-damage|p2a: Alterna|84\/100\n|move|p2a: Alterna|Moonblast|p1a: Zamazenta\n|-supereffective|p1a: Zamazenta\n|-damage|p1a: Zamazenta|4\/100 brn\n|\n|-heal|p1a: Zamazenta|10\/100 brn|[from] item: Leftovers\n|-heal|p2a: Alterna|90\/100|[from] item: Leftovers\n|-damage|p1a: Zamazenta|4\/100 brn|[from] brn\n|upkeep\n|turn|34\n|\n|t:|1700794943\n|move|p1a: Zamazenta|Body Press|p2a: Alterna\n|-resisted|p2a: Alterna\n|-damage|p2a: Alterna|83\/100\n|move|p2a: Alterna|Moonblast|p1a: Zamazenta\n|-supereffective|p1a: Zamazenta\n|-damage|p1a: Zamazenta|0 fnt\n|faint|p1a: Zamazenta\n|\n|win|disciple of blahaj\n|raw|Goeasyplzz's rating: 1084 &rarr; <strong>1059<\/strong><br \/>(-25 for losing)\n|raw|disciple of blahaj's rating: 1052 &rarr; <strong>1087<\/strong><br \/>(+35 for winning)\n|l|\u2606Goeasyplzz\n|c|\u2606disciple of blahaj|Gg\n","uploadtime":1700794960,"views":4,"p1id":"goeasyplzz","p2id":"discipleofblahaj","formatid":"gen9ubers","rating":1059,"private":0,"password":""}