{"id":"gen9ubers-1972051501","p1":"Electricratman","p2":"Lunarquay","format":"[Gen 9] Ubers","log":"|j|\u2606Electricratman\n|j|\u2606Lunarquay\n|t:|1697808648\n|gametype|singles\n|player|p1|Electricratman|170|1105\n|player|p2|Lunarquay|cynthia-gen4|1000\n|teamsize|p1|6\n|teamsize|p2|6\n|gen|9\n|tier|[Gen 9] Ubers\n|rated|\n|rule|Sleep Clause Mod: Limit one foe put to sleep\n|rule|Species Clause: Limit one of each Pok\u00e9mon\n|rule|OHKO Clause: OHKO moves are banned\n|rule|Evasion Items Clause: Evasion items are banned\n|rule|Evasion Moves Clause: Evasion moves are banned\n|rule|Endless Battle Clause: Forcing endless battles is banned\n|rule|HP Percentage Mod: HP is shown in percentages\n|clearpoke\n|poke|p1|Magearna|\n|poke|p1|Politoed, M|\n|poke|p1|Charizard, F|\n|poke|p1|Leavanny, M|\n|poke|p1|Rillaboom, M|\n|poke|p1|Hawlucha, M|\n|poke|p2|Dragonite, F|\n|poke|p2|Palafin, F|\n|poke|p2|Shaymin-Sky|\n|poke|p2|Skeledirge, F|\n|poke|p2|Sylveon, F|\n|poke|p2|Scizor, M|\n|teampreview\n|\n|t:|1697808671\n|start\n|switch|p1a: Leavanny|Leavanny, M|100\/100\n|switch|p2a: Palafin|Palafin, F, shiny|100\/100\n|turn|1\n|\n|t:|1697808688\n|move|p1a: Leavanny|Sunny Day|p1a: Leavanny\n|-weather|SunnyDay\n|move|p2a: Palafin|Flip Turn|p1a: Leavanny\n|-resisted|p1a: Leavanny\n|-damage|p1a: Leavanny|90\/100\n|-damage|p2a: Palafin|91\/100|[from] item: Life Orb\n|\n|t:|1697808701\n|detailschange|p2a: Palafin|Palafin-Hero, F, shiny\n|switch|p2a: Skeledirge|Skeledirge, F, shiny|100\/100|[from] Flip Turn\n|\n|-weather|SunnyDay|[upkeep]\n|upkeep\n|turn|2\n|\n|t:|1697808711\n|move|p1a: Leavanny|Sticky Web|p2a: Skeledirge\n|-sidestart|p2: Lunarquay|move: Sticky Web\n|move|p2a: Skeledirge|Flamethrower|p1a: Leavanny\n|-supereffective|p1a: Leavanny\n|-damage|p1a: Leavanny|0 fnt\n|faint|p1a: Leavanny\n|\n|-weather|SunnyDay|[upkeep]\n|upkeep\n|\n|t:|1697808737\n|switch|p1a: Charizard|Charizard, F|100\/100\n|turn|3\n|\n|t:|1697808771\n|move|p1a: Charizard|Ancient Power|p2a: Skeledirge\n|-supereffective|p2a: Skeledirge\n|-damage|p2a: Skeledirge|33\/100\n|move|p2a: Skeledirge|Encore|p1a: Charizard\n|-start|p1a: Charizard|Encore\n|\n|-weather|SunnyDay|[upkeep]\n|-damage|p1a: Charizard|88\/100|[from] ability: Solar Power|[of] p1a: Charizard\n|upkeep\n|turn|4\n|\n|t:|1697808784\n|-terastallize|p2a: Skeledirge|Fire\n|move|p1a: Charizard|Ancient Power|p2a: Skeledirge\n|-supereffective|p2a: Skeledirge\n|-damage|p2a: Skeledirge|0 fnt\n|faint|p2a: Skeledirge\n|\n|-weather|SunnyDay|[upkeep]\n|-damage|p1a: Charizard|76\/100|[from] ability: Solar Power|[of] p1a: Charizard\n|upkeep\n|\n|t:|1697808797\n|switch|p2a: Dragonite|Dragonite, F|100\/100\n|turn|5\n|\n|t:|1697808807\n|move|p1a: Charizard|Ancient Power|p2a: Dragonite\n|-supereffective|p2a: Dragonite\n|-damage|p2a: Dragonite|71\/100\n|move|p2a: Dragonite|Dragon Dance|p2a: Dragonite\n|-boost|p2a: Dragonite|atk|1\n|-boost|p2a: Dragonite|spe|1\n|\n|-weather|none\n|-heal|p2a: Dragonite|77\/100|[from] item: Leftovers\n|upkeep\n|turn|6\n|\n|t:|1697808821\n|-terastallize|p1a: Charizard|Rock\n|move|p1a: Charizard|Ancient Power|p2a: Dragonite\n|-supereffective|p2a: Dragonite\n|-damage|p2a: Dragonite|23\/100\n|move|p2a: Dragonite|Dragon Claw|p1a: Charizard\n|-damage|p1a: Charizard|0 fnt\n|faint|p1a: Charizard\n|\n|-heal|p2a: Dragonite|29\/100|[from] item: Leftovers\n|upkeep\n|\n|t:|1697808837\n|switch|p1a: King Candy|Politoed, M, shiny|100\/100\n|-weather|RainDance|[from] ability: Drizzle|[of] p1a: King Candy\n|turn|7\n|\n|t:|1697808879\n|move|p2a: Dragonite|Roost|p2a: Dragonite\n|-heal|p2a: Dragonite|79\/100\n|-singleturn|p2a: Dragonite|move: Roost\n|move|p1a: King Candy|Ice Beam|p2a: Dragonite\n|-supereffective|p2a: Dragonite\n|-damage|p2a: Dragonite|15\/100\n|\n|-weather|RainDance|[upkeep]\n|-heal|p2a: Dragonite|21\/100|[from] item: Leftovers\n|upkeep\n|turn|8\n|\n|t:|1697808899\n|move|p2a: Dragonite|Earthquake|p1a: King Candy\n|-damage|p1a: King Candy|43\/100\n|move|p1a: King Candy|Ice Beam|p2a: Dragonite\n|-supereffective|p2a: Dragonite\n|-damage|p2a: Dragonite|0 fnt\n|faint|p2a: Dragonite\n|\n|-weather|RainDance|[upkeep]\n|upkeep\n|\n|t:|1697808923\n|switch|p2a: Shaymin|Shaymin-Sky, shiny|100\/100\n|turn|9\n|\n|t:|1697808938\n|move|p2a: Shaymin|Seed Flare|p1a: King Candy|[miss]\n|-miss|p2a: Shaymin|p1a: King Candy\n|move|p1a: King Candy|Ice Beam|p2a: Shaymin\n|-supereffective|p2a: Shaymin\n|-damage|p2a: Shaymin|0 fnt\n|faint|p2a: Shaymin\n|\n|-weather|RainDance|[upkeep]\n|upkeep\n|\n|t:|1697808981\n|switch|p2a: Sylveon|Sylveon, F|100\/100\n|-activate|p2a: Sylveon|move: Sticky Web\n|-unboost|p2a: Sylveon|spe|1\n|turn|10\n|\n|t:|1697808989\n|move|p1a: King Candy|Weather Ball|p2a: Sylveon\n|-damage|p2a: Sylveon|68\/100\n|move|p2a: Sylveon|Calm Mind|p2a: Sylveon\n|-boost|p2a: Sylveon|spa|1\n|-boost|p2a: Sylveon|spd|1\n|\n|-weather|RainDance|[upkeep]\n|-heal|p2a: Sylveon|74\/100|[from] item: Leftovers\n|upkeep\n|turn|11\n|\n|t:|1697809002\n|move|p1a: King Candy|Weather Ball|p2a: Sylveon\n|-damage|p2a: Sylveon|53\/100\n|move|p2a: Sylveon|Hyper Voice|p1a: King Candy\n|-damage|p1a: King Candy|0 fnt\n|faint|p1a: King Candy\n|\n|-weather|none\n|-heal|p2a: Sylveon|59\/100|[from] item: Leftovers\n|upkeep\n|\n|t:|1697809014\n|switch|p1a: Rillaboom|Rillaboom, M|100\/100\n|-fieldstart|move: Grassy Terrain|[from] ability: Grassy Surge|[of] p1a: Rillaboom\n|turn|12\n|\n|t:|1697809035\n|switch|p2a: Scizor|Scizor, M|100\/100\n|-activate|p2a: Scizor|move: Sticky Web\n|-unboost|p2a: Scizor|spe|1\n|move|p1a: Rillaboom|Grassy Glide|p2a: Scizor\n|-resisted|p2a: Scizor\n|-damage|p2a: Scizor|88\/100\n|\n|-heal|p2a: Scizor|94\/100|[from] Grassy Terrain\n|upkeep\n|turn|13\n|\n|t:|1697809061\n|switch|p1a: Hawlucha|Hawlucha, M, shiny|100\/100\n|-enditem|p1a: Hawlucha|Grassy Seed\n|-boost|p1a: Hawlucha|def|1|[from] item: Grassy Seed\n|move|p2a: Scizor|Swords Dance|p2a: Scizor\n|-boost|p2a: Scizor|atk|2\n|\n|-heal|p2a: Scizor|100\/100|[from] Grassy Terrain\n|upkeep\n|turn|14\n|\n|t:|1697809088\n|move|p1a: Hawlucha|Close Combat|p2a: Scizor\n|-damage|p2a: Scizor|34\/100\n|-unboost|p1a: Hawlucha|def|1\n|-unboost|p1a: Hawlucha|spd|1\n|move|p2a: Scizor|Iron Head|p1a: Hawlucha\n|-damage|p1a: Hawlucha|0 fnt\n|faint|p1a: Hawlucha\n|-damage|p2a: Scizor|24\/100|[from] item: Life Orb\n|\n|-heal|p2a: Scizor|30\/100|[from] Grassy Terrain\n|upkeep\n|\n|t:|1697809100\n|switch|p1a: Rillaboom|Rillaboom, M|100\/100\n|turn|15\n|\n|t:|1697809112\n|move|p1a: Rillaboom|Drain Punch|p2a: Scizor\n|-damage|p2a: Scizor|0 fnt\n|faint|p2a: Scizor\n|\n|upkeep\n|\n|t:|1697809135\n|switch|p2a: Sylveon|Sylveon, F|59\/100\n|-activate|p2a: Sylveon|move: Sticky Web\n|-unboost|p2a: Sylveon|spe|1\n|turn|16\n|\n|t:|1697809142\n|move|p1a: Rillaboom|Drain Punch|p2a: Sylveon\n|-resisted|p2a: Sylveon\n|-damage|p2a: Sylveon|42\/100\n|move|p2a: Sylveon|Hyper Beam|p1a: Rillaboom\n|-damage|p1a: Rillaboom|38\/100\n|-mustrecharge|p2a: Sylveon\n|\n|-heal|p1a: Rillaboom|44\/100|[from] Grassy Terrain\n|-heal|p2a: Sylveon|48\/100|[from] Grassy Terrain\n|-heal|p2a: Sylveon|54\/100|[from] item: Leftovers\n|-fieldend|move: Grassy Terrain\n|upkeep\n|turn|17\n|\n|t:|1697809155\n|switch|p1a: Magearna|Magearna|100\/100\n|cant|p2a: Sylveon|recharge\n|\n|-heal|p2a: Sylveon|60\/100|[from] item: Leftovers\n|upkeep\n|turn|18\n|\n|t:|1697809179\n|move|p1a: Magearna|Shift Gear|p1a: Magearna\n|-boost|p1a: Magearna|spe|2\n|-boost|p1a: Magearna|atk|1\n|move|p2a: Sylveon|Calm Mind|p2a: Sylveon\n|-boost|p2a: Sylveon|spa|1\n|-boost|p2a: Sylveon|spd|1\n|\n|-heal|p2a: Sylveon|66\/100|[from] item: Leftovers\n|upkeep\n|turn|19\n|\n|t:|1697809189\n|move|p1a: Magearna|Shift Gear|p1a: Magearna\n|-boost|p1a: Magearna|spe|2\n|-boost|p1a: Magearna|atk|1\n|move|p2a: Sylveon|Shadow Ball|p1a: Magearna\n|-damage|p1a: Magearna|74\/100\n|\n|-heal|p1a: Magearna|80\/100|[from] item: Leftovers\n|-heal|p2a: Sylveon|73\/100|[from] item: Leftovers\n|upkeep\n|turn|20\n|\n|t:|1697809203\n|move|p1a: Magearna|Calm Mind|p1a: Magearna\n|-boost|p1a: Magearna|spa|1\n|-boost|p1a: Magearna|spd|1\n|move|p2a: Sylveon|Shadow Ball|p1a: Magearna\n|-damage|p1a: Magearna|62\/100\n|\n|-heal|p1a: Magearna|68\/100|[from] item: Leftovers\n|-heal|p2a: Sylveon|79\/100|[from] item: Leftovers\n|upkeep\n|turn|21\n|\n|t:|1697809214\n|move|p1a: Magearna|Calm Mind|p1a: Magearna\n|-boost|p1a: Magearna|spa|1\n|-boost|p1a: Magearna|spd|1\n|move|p2a: Sylveon|Shadow Ball|p1a: Magearna\n|-damage|p1a: Magearna|54\/100\n|\n|-heal|p1a: Magearna|60\/100|[from] item: Leftovers\n|-heal|p2a: Sylveon|85\/100|[from] item: Leftovers\n|upkeep\n|turn|22\n|c|\u2606Lunarquay|Zzzzz\n|\n|t:|1697809230\n|move|p1a: Magearna|Stored Power|p2a: Sylveon\n|-damage|p2a: Sylveon|29\/100\n|move|p2a: Sylveon|Shadow Ball|p1a: Magearna\n|-damage|p1a: Magearna|49\/100\n|-unboost|p1a: Magearna|spd|1\n|\n|-heal|p1a: Magearna|55\/100|[from] item: Leftovers\n|-heal|p2a: Sylveon|36\/100|[from] item: Leftovers\n|upkeep\n|turn|23\n|\n|t:|1697809241\n|move|p1a: Magearna|Stored Power|p2a: Sylveon\n|-damage|p2a: Sylveon|0 fnt\n|faint|p2a: Sylveon\n|-ability|p1a: Magearna|Soul-Heart|boost\n|-boost|p1a: Magearna|spa|1\n|\n|-heal|p1a: Magearna|61\/100|[from] item: Leftovers\n|upkeep\n|\n|t:|1697809247\n|switch|p2a: Palafin|Palafin-Hero, F, shiny|91\/100\n|-activate|p2a: Palafin|move: Sticky Web\n|-unboost|p2a: Palafin|spe|1\n|-activate|p2a: Palafin|ability: Zero to Hero\n|turn|24\n|\n|t:|1697809263\n|move|p1a: Magearna|Stored Power|p2a: Palafin\n|-damage|p2a: Palafin|0 fnt\n|faint|p2a: Palafin\n|\n|win|Electricratman\n|raw|Electricratman's rating: 1105 &rarr; <strong>1123<\/strong><br \/>(+18 for winning)\n|raw|Lunarquay's rating: 1000 &rarr; <strong>1000<\/strong><br \/>(+0 for losing)\n|c|\u2606Lunarquay|gg ez\n|l|\u2606Lunarquay\n|c|\u2606Electricratman|Gg\n","uploadtime":1697809289,"views":17,"p1id":"electricratman","p2id":"lunarquay","formatid":"gen9ubers","rating":1000,"private":0,"password":""}