{"id":"gen9ubers-1982594005","p1":"ateup","p2":"wyvernl0rd","format":"[Gen 9] Ubers","log":"|j|\u2606ateup\n|j|\u2606wyvernl0rd\n|t:|1699028294\n|gametype|singles\n|player|p1|ateup|pokemaniac|\n|player|p2|wyvernl0rd|winona|\n|teamsize|p1|6\n|teamsize|p2|6\n|gen|9\n|tier|[Gen 9] Ubers\n|rule|Sleep Clause Mod: Limit one foe put to sleep\n|rule|Species Clause: Limit one of each Pok\u00e9mon\n|rule|OHKO Clause: OHKO moves are banned\n|rule|Evasion Items Clause: Evasion items are banned\n|rule|Evasion Moves Clause: Evasion moves are banned\n|rule|Endless Battle Clause: Forcing endless battles is banned\n|rule|HP Percentage Mod: HP is shown in percentages\n|clearpoke\n|poke|p1|Torkoal, F|\n|poke|p1|Walking Wake|\n|poke|p1|Chi-Yu|\n|poke|p1|Arceus-Grass|\n|poke|p1|Zacian-*|\n|poke|p1|Magearna-Original|\n|poke|p2|Toedscruel, F|\n|poke|p2|Urshifu-*, M|\n|poke|p2|Gholdengo|\n|poke|p2|Zacian-*|\n|poke|p2|Arceus-Poison|\n|poke|p2|Shaymin-Sky|\n|teampreview\n|inactive|Battle timer is ON: inactive players will automatically lose when time's up. (requested by ateup)\n|c|\u2606wyvernl0rd|glhf\n|\n|t:|1699028321\n|start\n|switch|p1a: Torkoal|Torkoal, F|100\/100\n|switch|p2a: Toedscruel|Toedscruel, F|100\/100\n|-weather|SunnyDay|[from] ability: Drought|[of] p1a: Torkoal\n|turn|1\n|\n|t:|1699028333\n|move|p1a: Torkoal|Lava Plume|p2a: Toedscruel\n|-supereffective|p2a: Toedscruel\n|-damage|p2a: Toedscruel|34\/100\n|move|p2a: Toedscruel|Spore|p1a: Torkoal\n|-status|p1a: Torkoal|slp|[from] move: Spore\n|\n|-weather|SunnyDay|[upkeep]\n|upkeep\n|turn|2\n|\n|t:|1699028338\n|cant|p1a: Torkoal|slp\n|move|p2a: Toedscruel|Spikes|p1a: Torkoal\n|-sidestart|p1: ateup|Spikes\n|\n|-weather|SunnyDay|[upkeep]\n|upkeep\n|turn|3\n|\n|t:|1699028343\n|-curestatus|p1a: Torkoal|slp|[msg]\n|move|p1a: Torkoal|Rapid Spin|p2a: Toedscruel\n|-damage|p2a: Toedscruel|20\/100\n|-boost|p1a: Torkoal|spe|1\n|-sideend|p1: ateup|Spikes|[from] move: Rapid Spin|[of] p1a: Torkoal\n|move|p2a: Toedscruel|Spikes|p1a: Torkoal\n|-sidestart|p1: ateup|Spikes\n|\n|-weather|SunnyDay|[upkeep]\n|upkeep\n|turn|4\n|\n|t:|1699028348\n|move|p1a: Torkoal|Rapid Spin|p2a: Toedscruel\n|-damage|p2a: Toedscruel|6\/100\n|-boost|p1a: Torkoal|spe|1\n|-sideend|p1: ateup|Spikes|[from] move: Rapid Spin|[of] p1a: Torkoal\n|move|p2a: Toedscruel|Spore|p1a: Torkoal\n|-status|p1a: Torkoal|slp|[from] move: Spore\n|\n|-weather|SunnyDay|[upkeep]\n|upkeep\n|turn|5\n|\n|t:|1699028354\n|cant|p1a: Torkoal|slp\n|move|p2a: Toedscruel|Spikes|p1a: Torkoal\n|-sidestart|p1: ateup|Spikes\n|\n|-weather|SunnyDay|[upkeep]\n|upkeep\n|turn|6\n|\n|t:|1699028360\n|switch|p2a: Gholdengo|Gholdengo|100\/100\n|-curestatus|p1a: Torkoal|slp|[msg]\n|move|p1a: Torkoal|Rapid Spin|p2a: Gholdengo\n|-immune|p2a: Gholdengo\n|\n|-weather|SunnyDay|[upkeep]\n|upkeep\n|turn|7\n|\n|t:|1699028371\n|move|p2a: Gholdengo|Shadow Ball|p1a: Torkoal\n|-damage|p1a: Torkoal|40\/100\n|-unboost|p1a: Torkoal|spd|1\n|move|p1a: Torkoal|Stealth Rock|p2a: Gholdengo\n|-sidestart|p2: wyvernl0rd|move: Stealth Rock\n|\n|-weather|SunnyDay|[upkeep]\n|upkeep\n|turn|8\n|\n|t:|1699028385\n|switch|p1a: Zacian|Zacian|100\/100\n|-ability|p1a: Zacian|Intrepid Sword|boost\n|-boost|p1a: Zacian|atk|1\n|move|p2a: Gholdengo|Shadow Ball|p1a: Zacian\n|-damage|p1a: Zacian|61\/100\n|\n|-weather|none\n|upkeep\n|turn|9\n|\n|t:|1699028396\n|-terastallize|p1a: Zacian|Fire\n|move|p2a: Gholdengo|Shadow Ball|p1a: Zacian\n|-damage|p1a: Zacian|21\/100\n|move|p1a: Zacian|Tera Blast|p2a: Gholdengo|[anim] Tera Blast Fire\n|-supereffective|p2a: Gholdengo\n|-damage|p2a: Gholdengo|0 fnt\n|faint|p2a: Gholdengo\n|\n|upkeep\n|\n|t:|1699028405\n|switch|p2a: Urshifu|Urshifu, M|100\/100\n|-damage|p2a: Urshifu|94\/100|[from] Stealth Rock\n|turn|10\n|\n|t:|1699028407\n|move|p2a: Urshifu|Sucker Punch||[still]\n|-fail|p2a: Urshifu\n|move|p1a: Zacian|Swords Dance|p1a: Zacian\n|-boost|p1a: Zacian|atk|2\n|\n|upkeep\n|turn|11\n|\n|t:|1699028419\n|move|p1a: Zacian|Tera Blast|p2a: Urshifu|[anim] Tera Blast Fire\n|-damage|p2a: Urshifu|2\/100\n|move|p2a: Urshifu|Swords Dance|p2a: Urshifu\n|-boost|p2a: Urshifu|atk|2\n|\n|upkeep\n|turn|12\n|\n|t:|1699028423\n|move|p2a: Urshifu|Sucker Punch||[still]\n|-fail|p2a: Urshifu\n|move|p1a: Zacian|Swords Dance|p1a: Zacian\n|-boost|p1a: Zacian|atk|2\n|\n|upkeep\n|turn|13\n|\n|t:|1699028426\n|move|p2a: Urshifu|Sucker Punch||[still]\n|-fail|p2a: Urshifu\n|move|p1a: Zacian|Swords Dance|p1a: Zacian\n|-boost|p1a: Zacian|atk|1\n|\n|upkeep\n|turn|14\n|\n|t:|1699028430\n|move|p2a: Urshifu|Sucker Punch|p1a: Zacian\n|-damage|p1a: Zacian|0 fnt\n|faint|p1a: Zacian\n|\n|upkeep\n|\n|t:|1699028435\n|switch|p1a: Torkoal|Torkoal, F|40\/100\n|-damage|p1a: Torkoal|28\/100|[from] Spikes\n|-weather|SunnyDay|[from] ability: Drought|[of] p1a: Torkoal\n|turn|15\n|\n|t:|1699028439\n|move|p2a: Urshifu|Wicked Blow|p1a: Torkoal\n|-crit|p1a: Torkoal\n|-damage|p1a: Torkoal|0 fnt\n|faint|p1a: Torkoal\n|\n|-weather|SunnyDay|[upkeep]\n|upkeep\n|\n|t:|1699028446\n|switch|p1a: Chi-Yu|Chi-Yu|100\/100\n|-damage|p1a: Chi-Yu|88\/100|[from] Spikes\n|-ability|p1a: Chi-Yu|Beads of Ruin\n|turn|16\n|\n|t:|1699028457\n|move|p2a: Urshifu|Sucker Punch|p1a: Chi-Yu\n|-resisted|p1a: Chi-Yu\n|-damage|p1a: Chi-Yu|15\/100\n|move|p1a: Chi-Yu|Flamethrower|p2a: Urshifu\n|-damage|p2a: Urshifu|0 fnt\n|faint|p2a: Urshifu\n|\n|-weather|SunnyDay|[upkeep]\n|upkeep\n|\n|t:|1699028471\n|switch|p2a: Zacian|Zacian|100\/100\n|-damage|p2a: Zacian|88\/100|[from] Stealth Rock\n|-ability|p2a: Zacian|Intrepid Sword|boost\n|-boost|p2a: Zacian|atk|1\n|turn|17\n|\n|t:|1699028476\n|move|p1a: Chi-Yu|Flamethrower|p2a: Zacian\n|-damage|p2a: Zacian|0 fnt\n|faint|p2a: Zacian\n|\n|-weather|SunnyDay|[upkeep]\n|upkeep\n|\n|t:|1699028478\n|switch|p2a: Arceus|Arceus-Poison|100\/100\n|-damage|p2a: Arceus|88\/100|[from] Stealth Rock\n|turn|18\n|\n|t:|1699028481\n|-terastallize|p2a: Arceus|Water\n|move|p1a: Chi-Yu|Flamethrower|p2a: Arceus\n|-resisted|p2a: Arceus\n|-damage|p2a: Arceus|55\/100\n|move|p2a: Arceus|Calm Mind|p2a: Arceus\n|-boost|p2a: Arceus|spa|1\n|-boost|p2a: Arceus|spd|1\n|\n|-weather|SunnyDay|[upkeep]\n|upkeep\n|turn|19\n|\n|t:|1699028489\n|switch|p1a: Arceus|Arceus-Grass|100\/100\n|-damage|p1a: Arceus|88\/100|[from] Spikes\n|move|p2a: Arceus|Earth Power|p1a: Arceus\n|-resisted|p1a: Arceus\n|-damage|p1a: Arceus|77\/100\n|\n|-weather|SunnyDay|[upkeep]\n|upkeep\n|turn|20\n|\n|t:|1699028494\n|move|p2a: Arceus|Judgment|p1a: Arceus\n|-supereffective|p1a: Arceus\n|-damage|p1a: Arceus|0 fnt\n|faint|p1a: Arceus\n|\n|-weather|SunnyDay|[upkeep]\n|upkeep\n|\n|t:|1699028507\n|switch|p1a: Walking Wake|Walking Wake|100\/100\n|-damage|p1a: Walking Wake|88\/100|[from] Spikes\n|-activate|p1a: Walking Wake|ability: Protosynthesis\n|-start|p1a: Walking Wake|protosynthesisspe\n|turn|21\n|\n|t:|1699028519\n|move|p1a: Walking Wake|Dragon Pulse|p2a: Arceus\n|-damage|p2a: Arceus|29\/100\n|move|p2a: Arceus|Judgment|p1a: Walking Wake\n|-damage|p1a: Walking Wake|0 fnt\n|faint|p1a: Walking Wake\n|-end|p1a: Walking Wake|Protosynthesis|[silent]\n|\n|-weather|SunnyDay|[upkeep]\n|upkeep\n|\n|t:|1699028525\n|switch|p1a: Chi-Yu|Chi-Yu|15\/100\n|-damage|p1a: Chi-Yu|3\/100|[from] Spikes\n|-ability|p1a: Chi-Yu|Beads of Ruin\n|turn|22\n|\n|t:|1699028538\n|move|p1a: Chi-Yu|Overheat|p2a: Arceus\n|-resisted|p2a: Arceus\n|-damage|p2a: Arceus|0 fnt\n|-unboost|p1a: Chi-Yu|spa|2\n|faint|p2a: Arceus\n|\n|-weather|none\n|upkeep\n|\n|t:|1699028540\n|switch|p2a: Toedscruel|Toedscruel, F|6\/100\n|-damage|p2a: Toedscruel|0 fnt|[from] Stealth Rock\n|faint|p2a: Toedscruel\n|\n|t:|1699028541\n|switch|p2a: Shaymin|Shaymin-Sky|100\/100\n|-damage|p2a: Shaymin|76\/100|[from] Stealth Rock\n|turn|23\n|\n|t:|1699028543\n|move|p1a: Chi-Yu|Overheat|p2a: Shaymin\n|-supereffective|p2a: Shaymin\n|-damage|p2a: Shaymin|0 fnt\n|-unboost|p1a: Chi-Yu|spa|2\n|faint|p2a: Shaymin\n|\n|win|ateup\n|c|\u2606wyvernl0rd|ggs\n|c|\u2606ateup|gg\n|l|\u2606wyvernl0rd\n|c|\u2606ateup|chi yu momento\n","uploadtime":1699028556,"views":10,"p1id":"ateup","p2id":"wyvernl0rd","formatid":"gen9ubers","rating":0,"private":0,"password":""}