{"id":"gen9ubers-1969831071","p1":"ballstrecher69","p2":"IrishPenguin","format":"[Gen 9] Ubers","log":"|j|\u2606ballstrecher69\n|j|\u2606IrishPenguin\n|t:|1697568689\n|gametype|singles\n|player|p1|ballstrecher69|ruinmaniac|\n|player|p2|IrishPenguin|ash|\n|teamsize|p1|6\n|teamsize|p2|6\n|gen|9\n|tier|[Gen 9] Ubers\n|rule|Sleep Clause Mod: Limit one foe put to sleep\n|rule|Species Clause: Limit one of each Pok\u00e9mon\n|rule|OHKO Clause: OHKO moves are banned\n|rule|Evasion Items Clause: Evasion items are banned\n|rule|Evasion Moves Clause: Evasion moves are banned\n|rule|Endless Battle Clause: Forcing endless battles is banned\n|rule|HP Percentage Mod: HP is shown in percentages\n|clearpoke\n|poke|p1|Noivern, M|\n|poke|p1|Empoleon, M|\n|poke|p1|Arceus-Fire|\n|poke|p1|Zacian-*|\n|poke|p1|Palkia|\n|poke|p1|Dialga|\n|poke|p2|Ogerpon-Wellspring, F|\n|poke|p2|Magearna|\n|poke|p2|Zacian-*|\n|poke|p2|Dialga|\n|poke|p2|Shaymin-Sky|\n|poke|p2|Gholdengo|\n|teampreview\n|inactive|Battle timer is ON: inactive players will automatically lose when time's up. (requested by IrishPenguin)\n|\n|t:|1697568708\n|start\n|switch|p1a: Noivern|Noivern, M|100\/100\n|switch|p2a: Shaymin|Shaymin-Sky, shiny|100\/100\n|turn|1\n|\n|t:|1697568718\n|switch|p2a: Magearna|Magearna|100\/100\n|move|p1a: Noivern|Hurricane|p2a: Magearna|[miss]\n|-miss|p1a: Noivern|p2a: Magearna\n|\n|upkeep\n|turn|2\n|\n|t:|1697568729\n|switch|p1a: Arceus|Arceus-Fire|100\/100\n|move|p2a: Magearna|Spikes|p1a: Arceus\n|-sidestart|p1: ballstrecher69|Spikes\n|\n|upkeep\n|turn|3\n|\n|t:|1697568748\n|switch|p2a: Ogerpon|Ogerpon-Wellspring, F|100\/100\n|move|p1a: Arceus|Fire Blast|p2a: Ogerpon|[miss]\n|-miss|p1a: Arceus|p2a: Ogerpon\n|\n|upkeep\n|turn|4\n|\n|t:|1697568773\n|switch|p1a: Noivern|Noivern, M|100\/100\n|move|p2a: Ogerpon|Ivy Cudgel|p1a: Noivern\n|-resisted|p1a: Noivern\n|-damage|p1a: Noivern|62\/100\n|\n|upkeep\n|turn|5\n|\n|t:|1697568782\n|switch|p2a: Magearna|Magearna|100\/100\n|move|p1a: Noivern|Hurricane|p2a: Magearna\n|-resisted|p2a: Magearna\n|-damage|p2a: Magearna|74\/100\n|\n|-heal|p2a: Magearna|80\/100|[from] item: Leftovers\n|upkeep\n|turn|6\n|\n|t:|1697568792\n|switch|p1a: Arceus|Arceus-Fire|100\/100\n|-damage|p1a: Arceus|88\/100|[from] Spikes\n|move|p2a: Magearna|Spikes|p1a: Arceus\n|-sidestart|p1: ballstrecher69|Spikes\n|\n|-heal|p2a: Magearna|86\/100|[from] item: Leftovers\n|upkeep\n|turn|7\n|\n|t:|1697568803\n|switch|p2a: Ogerpon|Ogerpon-Wellspring, F|100\/100\n|move|p1a: Arceus|Fire Blast|p2a: Ogerpon\n|-damage|p2a: Ogerpon|28\/100\n|\n|upkeep\n|turn|8\n|\n|t:|1697568808\n|move|p1a: Arceus|Dazzling Gleam|p2a: Ogerpon\n|-damage|p2a: Ogerpon|0 fnt\n|faint|p2a: Ogerpon\n|\n|upkeep\n|\n|t:|1697568819\n|switch|p2a: Shaymin|Shaymin-Sky, shiny|100\/100\n|turn|9\n|\n|t:|1697568826\n|-terastallize|p2a: Shaymin|Water\n|move|p2a: Shaymin|Seed Flare|p1a: Arceus\n|-resisted|p1a: Arceus\n|-damage|p1a: Arceus|64\/100\n|move|p1a: Arceus|Fire Blast|p2a: Shaymin\n|-resisted|p2a: Shaymin\n|-damage|p2a: Shaymin|58\/100\n|\n|upkeep\n|turn|10\n|\n|t:|1697568842\n|switch|p1a: Noivern|Noivern, M|62\/100\n|move|p2a: Shaymin|Air Slash|p1a: Noivern\n|-damage|p1a: Noivern|14\/100\n|\n|upkeep\n|turn|11\n|\n|t:|1697568846\n|switch|p2a: Magearna|Magearna|86\/100\n|move|p1a: Noivern|Switcheroo|p2a: Magearna\n|-activate|p1a: Noivern|move: Trick|[of] p2a: Magearna\n|-item|p2a: Magearna|Choice Specs|[from] move: Switcheroo\n|-item|p1a: Noivern|Leftovers|[from] move: Switcheroo\n|\n|-heal|p1a: Noivern|20\/100|[from] item: Leftovers\n|upkeep\n|turn|12\n|\n|t:|1697568853\n|switch|p1a: Arceus|Arceus-Fire|64\/100\n|-damage|p1a: Arceus|47\/100|[from] Spikes\n|switch|p2a: Shaymin|Shaymin-Sky, shiny, tera:Water|58\/100\n|\n|upkeep\n|turn|13\n|\n|t:|1697568856\n|move|p2a: Shaymin|Air Slash|p1a: Arceus\n|-damage|p1a: Arceus|20\/100\n|cant|p1a: Arceus|flinch\n|\n|upkeep\n|turn|14\n|\n|t:|1697568861\n|switch|p1a: Noivern|Noivern, M|20\/100\n|move|p2a: Shaymin|Air Slash|p1a: Noivern\n|-damage|p1a: Noivern|0 fnt\n|faint|p1a: Noivern\n|\n|upkeep\n|\n|t:|1697568870\n|switch|p1a: Dialga|Dialga|100\/100\n|-damage|p1a: Dialga|84\/100|[from] Spikes\n|-ability|p1a: Dialga|Pressure\n|turn|15\n|\n|t:|1697568885\n|switch|p2a: Magearna|Magearna|86\/100\n|move|p1a: Dialga|Bulk Up|p1a: Dialga\n|-boost|p1a: Dialga|atk|1\n|-boost|p1a: Dialga|def|1\n|\n|upkeep\n|turn|16\n|\n|t:|1697568891\n|switch|p2a: Dialga|Dialga|100\/100\n|-ability|p2a: Dialga|Pressure\n|move|p1a: Dialga|Earthquake|p2a: Dialga\n|-supereffective|p2a: Dialga\n|-damage|p2a: Dialga|28\/100\n|\n|-heal|p2a: Dialga|34\/100|[from] item: Leftovers\n|upkeep\n|turn|17\n|\n|t:|1697568897\n|move|p1a: Dialga|Scale Shot|p2a: Dialga\n|-damage|p2a: Dialga|21\/100\n|-damage|p2a: Dialga|8\/100\n|-damage|p2a: Dialga|0 fnt\n|faint|p2a: Dialga\n|-hitcount|p2: Dialga|3\n|-unboost|p1a: Dialga|def|1\n|-boost|p1a: Dialga|spe|1\n|\n|upkeep\n|\n|t:|1697568908\n|switch|p2a: Gholdengo|Gholdengo|100\/100\n|-item|p2a: Gholdengo|Air Balloon\n|turn|18\n|\n|t:|1697568911\n|move|p1a: Dialga|Iron Head|p2a: Gholdengo\n|-resisted|p2a: Gholdengo\n|-damage|p2a: Gholdengo|71\/100\n|-enditem|p2a: Gholdengo|Air Balloon\n|move|p2a: Gholdengo|Thunder Wave|p1a: Dialga\n|-status|p1a: Dialga|par\n|\n|upkeep\n|turn|19\n|\n|t:|1697568930\n|switch|p2a: Zacian|Zacian, shiny|100\/100\n|-ability|p2a: Zacian|Intrepid Sword|boost\n|-boost|p2a: Zacian|atk|1\n|move|p1a: Dialga|Scale Shot|p2a: Zacian\n|-immune|p2a: Zacian\n|\n|upkeep\n|turn|20\n|\n|t:|1697568936\n|-terastallize|p1a: Dialga|Fairy\n|move|p2a: Zacian|Close Combat|p1a: Dialga\n|-resisted|p1a: Dialga\n|-damage|p1a: Dialga|57\/100 par\n|-unboost|p2a: Zacian|def|1\n|-unboost|p2a: Zacian|spd|1\n|cant|p1a: Dialga|par\n|\n|upkeep\n|turn|21\n|\n|t:|1697568942\n|switch|p2a: Gholdengo|Gholdengo|71\/100\n|move|p1a: Dialga|Iron Head|p2a: Gholdengo\n|-resisted|p2a: Gholdengo\n|-damage|p2a: Gholdengo|45\/100\n|\n|upkeep\n|turn|22\n|\n|t:|1697568944\n|cant|p1a: Dialga|par\n|move|p2a: Gholdengo|Make It Rain|p1a: Dialga\n|-supereffective|p1a: Dialga\n|-damage|p1a: Dialga|0 fnt\n|-unboost|p2a: Gholdengo|spa|1\n|faint|p1a: Dialga\n|\n|upkeep\n|\n|t:|1697568950\n|switch|p1a: Arceus|Arceus-Fire|20\/100\n|-damage|p1a: Arceus|3\/100|[from] Spikes\n|turn|23\n|\n|t:|1697568954\n|move|p1a: Arceus|Recover|p1a: Arceus\n|-heal|p1a: Arceus|53\/100\n|move|p2a: Gholdengo|Shadow Ball|p1a: Arceus\n|-damage|p1a: Arceus|34\/100\n|-unboost|p1a: Arceus|spd|1\n|\n|upkeep\n|turn|24\n|\n|t:|1697568961\n|move|p1a: Arceus|Dazzling Gleam|p2a: Gholdengo\n|-resisted|p2a: Gholdengo\n|-damage|p2a: Gholdengo|36\/100\n|move|p2a: Gholdengo|Thunder Wave|p1a: Arceus\n|-status|p1a: Arceus|par\n|\n|upkeep\n|turn|25\n|\n|t:|1697568965\n|move|p2a: Gholdengo|Shadow Ball|p1a: Arceus\n|-damage|p1a: Arceus|7\/100 par\n|cant|p1a: Arceus|par\n|\n|upkeep\n|turn|26\n|\n|t:|1697568969\n|move|p2a: Gholdengo|Shadow Ball|p1a: Arceus\n|-damage|p1a: Arceus|0 fnt\n|faint|p1a: Arceus\n|\n|upkeep\n|\n|t:|1697568978\n|switch|p1a: Palkia|Palkia|100\/100\n|-damage|p1a: Palkia|84\/100|[from] Spikes\n|-ability|p1a: Palkia|Pressure\n|turn|27\n|\n|t:|1697568985\n|move|p1a: Palkia|Earth Power|p2a: Gholdengo\n|-supereffective|p2a: Gholdengo\n|-damage|p2a: Gholdengo|0 fnt\n|faint|p2a: Gholdengo\n|\n|upkeep\n|\n|t:|1697568989\n|switch|p2a: Zacian|Zacian, shiny|100\/100\n|turn|28\n|\n|t:|1697568993\n|switch|p1a: Zacian|Zacian|100\/100\n|-damage|p1a: Zacian|84\/100|[from] Spikes\n|-ability|p1a: Zacian|Intrepid Sword|boost\n|-boost|p1a: Zacian|atk|1\n|move|p2a: Zacian|Play Rough|p1a: Zacian\n|-damage|p1a: Zacian|45\/100\n|\n|upkeep\n|turn|29\n|inactive|IrishPenguin has 270 seconds left.\n|\n|t:|1697569024\n|move|p2a: Zacian|Play Rough|p1a: Zacian\n|-damage|p1a: Zacian|0 fnt\n|faint|p1a: Zacian\n|\n|upkeep\n|\n|t:|1697569034\n|switch|p1a: Empoleon|Empoleon, M|100\/100\n|-damage|p1a: Empoleon|84\/100|[from] Spikes\n|turn|30\n|\n|t:|1697569044\n|switch|p2a: Magearna|Magearna|86\/100\n|move|p1a: Empoleon|Surf|p2a: Magearna\n|-damage|p2a: Magearna|58\/100\n|\n|upkeep\n|turn|31\n|\n|t:|1697569049\n|move|p2a: Magearna|Spikes|p1a: Empoleon\n|-sidestart|p1: ballstrecher69|Spikes\n|move|p1a: Empoleon|Surf|p2a: Magearna\n|-damage|p2a: Magearna|32\/100\n|\n|upkeep\n|turn|32\n|\n|t:|1697569052\n|move|p2a: Magearna|Spikes||[still]\n|-fail|p2a: Magearna\n|move|p1a: Empoleon|Surf|p2a: Magearna\n|-damage|p2a: Magearna|5\/100\n|\n|upkeep\n|turn|33\n|\n|t:|1697569054\n|move|p2a: Magearna|Spikes||[still]\n|-fail|p2a: Magearna\n|move|p1a: Empoleon|Surf|p2a: Magearna\n|-damage|p2a: Magearna|0 fnt\n|faint|p2a: Magearna\n|\n|upkeep\n|inactive|IrishPenguin has 270 seconds left.\n|\n|t:|1697569087\n|switch|p2a: Shaymin|Shaymin-Sky, shiny, tera:Water|58\/100\n|turn|34\n|\n|t:|1697569095\n|move|p2a: Shaymin|Seed Flare|p1a: Empoleon\n|-damage|p1a: Empoleon|39\/100\n|-unboost|p1a: Empoleon|spd|2\n|-ability|p1a: Empoleon|Competitive|boost\n|-boost|p1a: Empoleon|spa|2\n|-enditem|p1a: Empoleon|Sitrus Berry|[eat]\n|-heal|p1a: Empoleon|64\/100|[from] item: Sitrus Berry\n|move|p1a: Empoleon|Grass Knot|p2a: Shaymin\n|-supereffective|p2a: Shaymin\n|-damage|p2a: Shaymin|31\/100\n|\n|upkeep\n|turn|35\n|\n|t:|1697569107\n|move|p2a: Shaymin|Seed Flare|p1a: Empoleon\n|-damage|p1a: Empoleon|0 fnt\n|faint|p1a: Empoleon\n|\n|upkeep\n|\n|t:|1697569113\n|switch|p1a: Palkia|Palkia|84\/100\n|-damage|p1a: Palkia|59\/100|[from] Spikes\n|-ability|p1a: Palkia|Pressure\n|turn|36\n|\n|t:|1697569128\n|move|p1a: Palkia|Earth Power|p2a: Shaymin\n|-damage|p2a: Shaymin|0 fnt\n|faint|p2a: Shaymin\n|\n|upkeep\n|\n|t:|1697569131\n|switch|p2a: Zacian|Zacian, shiny|100\/100\n|turn|37\n|inactive|ballstrecher69 has 270 seconds left.\n|\n|t:|1697569162\n|move|p1a: Palkia|Earth Power|p2a: Zacian\n|-damage|p2a: Zacian|70\/100\n|move|p2a: Zacian|Play Rough|p1a: Palkia\n|-supereffective|p1a: Palkia\n|-damage|p1a: Palkia|0 fnt\n|faint|p1a: Palkia\n|\n|win|IrishPenguin\n|c|\u2606ballstrecher69|gg wp\n|c|\u2606IrishPenguin|Gg\n|c|\u2606IrishPenguin|Wp\n","uploadtime":1697569177,"views":9,"p1id":"ballstrecher69","p2id":"irishpenguin","formatid":"gen9ubers","rating":0,"private":0,"password":""}