{"id":"gen9ubers-1988249304","p1":"Supraxd","p2":"zaxvier","format":"[Gen 9] Ubers","log":"|j|\u2606Supraxd\n|j|\u2606zaxvier\n|t:|1699694234\n|gametype|singles\n|player|p1|Supraxd|steven|1104\n|player|p2|zaxvier|unknown|1161\n|teamsize|p1|6\n|teamsize|p2|6\n|gen|9\n|tier|[Gen 9] Ubers\n|rated|\n|rule|Sleep Clause Mod: Limit one foe put to sleep\n|rule|Species Clause: Limit one of each Pok\u00e9mon\n|rule|OHKO Clause: OHKO moves are banned\n|rule|Evasion Items Clause: Evasion items are banned\n|rule|Evasion Moves Clause: Evasion moves are banned\n|rule|Endless Battle Clause: Forcing endless battles is banned\n|rule|HP Percentage Mod: HP is shown in percentages\n|clearpoke\n|poke|p1|Scyther, M|\n|poke|p1|Lokix, F|\n|poke|p1|Ribombee, M|\n|poke|p1|Kleavor, F|\n|poke|p1|Volcarona, M|\n|poke|p1|Slither Wing|\n|poke|p2|Basculegion, M|\n|poke|p2|Greninja-*, M|\n|poke|p2|Kommo-o, F|\n|poke|p2|Iron Valiant|\n|poke|p2|Gliscor, M|\n|poke|p2|Arceus-Steel|\n|teampreview\n|inactive|Battle timer is ON: inactive players will automatically lose when time's up. (requested by zaxvier)\n|\n|t:|1699694238\n|start\n|switch|p1a: Ribombee|Ribombee, M|100\/100\n|switch|p2a: Gliscor|Gliscor, M|100\/100\n|turn|1\n|\n|t:|1699694245\n|move|p1a: Ribombee|Stun Spore|p2a: Gliscor|[miss]\n|-miss|p1a: Ribombee|p2a: Gliscor\n|move|p2a: Gliscor|Stealth Rock|p1a: Ribombee\n|-sidestart|p1: Supraxd|move: Stealth Rock\n|\n|-status|p2a: Gliscor|tox|[from] item: Toxic Orb\n|upkeep\n|turn|2\n|\n|t:|1699694252\n|move|p1a: Ribombee|Sticky Web|p2a: Gliscor\n|-sidestart|p2: zaxvier|move: Sticky Web\n|move|p2a: Gliscor|Earthquake|p1a: Ribombee\n|-resisted|p1a: Ribombee\n|-damage|p1a: Ribombee|58\/100\n|\n|upkeep\n|turn|3\n|c|\u2606Supraxd|Rip stun spore\n|\n|t:|1699694268\n|move|p1a: Ribombee|Moonblast|p2a: Gliscor\n|-damage|p2a: Gliscor|42\/100 tox\n|move|p2a: Gliscor|Swords Dance|p2a: Gliscor\n|-boost|p2a: Gliscor|atk|2\n|\n|-heal|p2a: Gliscor|55\/100 tox|[from] ability: Poison Heal\n|upkeep\n|turn|4\n|\n|t:|1699694277\n|move|p1a: Ribombee|Moonblast|p2a: Gliscor\n|-damage|p2a: Gliscor|0 fnt\n|faint|p2a: Gliscor\n|\n|upkeep\n|\n|t:|1699694285\n|switch|p2a: Arceus|Arceus-Steel|100\/100\n|-activate|p2a: Arceus|move: Sticky Web\n|-unboost|p2a: Arceus|spe|1\n|turn|5\n|\n|t:|1699694290\n|move|p1a: Ribombee|Stun Spore|p2a: Arceus\n|-status|p2a: Arceus|par\n|move|p2a: Arceus|Dragon Dance|p2a: Arceus\n|-boost|p2a: Arceus|atk|1\n|-boost|p2a: Arceus|spe|1\n|\n|upkeep\n|turn|6\n|\n|t:|1699694304\n|cant|p2a: Arceus|par\n|move|p1a: Ribombee|Moonblast|p2a: Arceus\n|-resisted|p2a: Arceus\n|-damage|p2a: Arceus|84\/100 par\n|\n|upkeep\n|turn|7\n|\n|t:|1699694307\n|switch|p1a: Scyther|Scyther, M|100\/100\n|cant|p2a: Arceus|par\n|\n|upkeep\n|turn|8\n|\n|t:|1699694326\n|-terastallize|p2a: Arceus|Flying\n|move|p1a: Scyther|Close Combat|p2a: Arceus\n|-resisted|p2a: Arceus\n|-damage|p2a: Arceus|70\/100 par\n|-unboost|p1a: Scyther|def|1\n|-unboost|p1a: Scyther|spd|1\n|cant|p2a: Arceus|par\n|\n|upkeep\n|turn|9\n|\n|t:|1699694336\n|move|p1a: Scyther|Dual Wingbeat|p2a: Arceus\n|-damage|p2a: Arceus|49\/100 par\n|-damage|p2a: Arceus|26\/100 par\n|-hitcount|p2a: Arceus|2\n|move|p2a: Arceus|Tera Blast|p1a: Scyther|[anim] Tera Blast Flying\n|-supereffective|p1a: Scyther\n|-damage|p1a: Scyther|0 fnt\n|faint|p1a: Scyther\n|\n|upkeep\n|\n|t:|1699694345\n|switch|p1a: Ribombee|Ribombee, M|58\/100\n|-damage|p1a: Ribombee|33\/100|[from] Stealth Rock\n|turn|10\n|inactive|zaxvier has 120 seconds left.\n|\n|t:|1699694384\n|move|p1a: Ribombee|Moonblast|p2a: Arceus\n|-damage|p2a: Arceus|0 fnt\n|faint|p2a: Arceus\n|\n|upkeep\n|inactive|zaxvier has 120 seconds left.\n|\n|t:|1699694390\n|switch|p2a: Greninja|Greninja, M|100\/100\n|-activate|p2a: Greninja|move: Sticky Web\n|-unboost|p2a: Greninja|spe|1\n|turn|11\n|\n|t:|1699694415\n|move|p2a: Greninja|Water Shuriken|p1a: Ribombee\n|-damage|p1a: Ribombee|18\/100\n|-damage|p1a: Ribombee|4\/100\n|-damage|p1a: Ribombee|0 fnt\n|faint|p1a: Ribombee\n|-ability|p2a: Greninja|Battle Bond|boost\n|-boost|p2a: Greninja|atk|1\n|-boost|p2a: Greninja|spa|1\n|-boost|p2a: Greninja|spe|1\n|-activate|p2a: Greninja|ability: Battle Bond\n|-hitcount|p1: Ribombee|3\n|-damage|p2a: Greninja|91\/100|[from] item: Life Orb\n|\n|upkeep\n|inactive|Supraxd has 120 seconds left.\n|\n|t:|1699694437\n|switch|p1a: Lokix|Lokix, F|100\/100\n|-damage|p1a: Lokix|76\/100|[from] Stealth Rock\n|turn|12\n|\n|t:|1699694445\n|move|p1a: Lokix|First Impression|p2a: Greninja\n|-supereffective|p2a: Greninja\n|-damage|p2a: Greninja|0 fnt\n|faint|p2a: Greninja\n|\n|upkeep\n|\n|t:|1699694451\n|switch|p2a: Kommo-o|Kommo-o, F|100\/100\n|-activate|p2a: Kommo-o|move: Sticky Web\n|-unboost|p2a: Kommo-o|spe|1\n|turn|13\n|\n|t:|1699694469\n|move|p1a: Lokix|U-turn|p2a: Kommo-o\n|-resisted|p2a: Kommo-o\n|-damage|p2a: Kommo-o|67\/100\n|\n|t:|1699694474\n|switch|p1a: Slither Wing|Slither Wing|100\/100|[from] U-turn\n|-damage|p1a: Slither Wing|88\/100|[from] Stealth Rock\n|-enditem|p1a: Slither Wing|Booster Energy\n|-activate|p1a: Slither Wing|ability: Protosynthesis|[fromitem]\n|-start|p1a: Slither Wing|protosynthesisatk\n|move|p2a: Kommo-o|Clangorous Soul|p2a: Kommo-o\n|-boost|p2a: Kommo-o|atk|1\n|-boost|p2a: Kommo-o|def|1\n|-boost|p2a: Kommo-o|spa|1\n|-boost|p2a: Kommo-o|spd|1\n|-boost|p2a: Kommo-o|spe|1\n|-damage|p2a: Kommo-o|34\/100\n|-enditem|p2a: Kommo-o|Throat Spray\n|-boost|p2a: Kommo-o|spa|1|[from] item: Throat Spray\n|\n|upkeep\n|turn|14\n|\n|t:|1699694482\n|move|p1a: Slither Wing|Acrobatics|p2a: Kommo-o\n|-supereffective|p2a: Kommo-o\n|-damage|p2a: Kommo-o|0 fnt\n|faint|p2a: Kommo-o\n|\n|upkeep\n|\n|t:|1699694485\n|switch|p2a: Iron Valiant|Iron Valiant|100\/100\n|-activate|p2a: Iron Valiant|move: Sticky Web\n|-unboost|p2a: Iron Valiant|spe|1\n|-enditem|p2a: Iron Valiant|Booster Energy\n|-activate|p2a: Iron Valiant|ability: Quark Drive|[fromitem]\n|-start|p2a: Iron Valiant|quarkdrivespa\n|turn|15\n|\n|t:|1699694491\n|-terastallize|p1a: Slither Wing|Fire\n|move|p1a: Slither Wing|Flame Charge|p2a: Iron Valiant\n|-damage|p2a: Iron Valiant|42\/100\n|-boost|p1a: Slither Wing|spe|1\n|move|p2a: Iron Valiant|Psyshock|p1a: Slither Wing\n|-damage|p1a: Slither Wing|44\/100\n|\n|upkeep\n|turn|16\n|\n|t:|1699694502\n|move|p1a: Slither Wing|Acrobatics|p2a: Iron Valiant\n|-supereffective|p2a: Iron Valiant\n|-damage|p2a: Iron Valiant|0 fnt\n|faint|p2a: Iron Valiant\n|-end|p2a: Iron Valiant|Quark Drive|[silent]\n|\n|upkeep\n|\n|t:|1699694504\n|switch|p2a: Basculegion|Basculegion, M|100\/100\n|-activate|p2a: Basculegion|move: Sticky Web\n|-unboost|p2a: Basculegion|spe|1\n|turn|17\n|\n|t:|1699694513\n|move|p1a: Slither Wing|Acrobatics|p2a: Basculegion\n|-damage|p2a: Basculegion|39\/100\n|move|p2a: Basculegion|Last Respects|p1a: Slither Wing\n|-damage|p1a: Slither Wing|0 fnt\n|faint|p1a: Slither Wing\n|-end|p1a: Slither Wing|Protosynthesis|[silent]\n|\n|upkeep\n|\n|t:|1699694520\n|switch|p1a: Lokix|Lokix, F|76\/100\n|-damage|p1a: Lokix|51\/100|[from] Stealth Rock\n|turn|18\n|\n|t:|1699694522\n|move|p1a: Lokix|Sucker Punch|p2a: Basculegion\n|-supereffective|p2a: Basculegion\n|-damage|p2a: Basculegion|0 fnt\n|faint|p2a: Basculegion\n|\n|win|Supraxd\n|raw|Supraxd's rating: 1104 &rarr; <strong>1133<\/strong><br \/>(+29 for winning)\n|raw|zaxvier's rating: 1161 &rarr; <strong>1132<\/strong><br \/>(-29 for losing)\n|l|\u2606zaxvier\n","uploadtime":1699694541,"views":4,"p1id":"supraxd","p2id":"zaxvier","formatid":"gen9ubers","rating":1132,"private":0,"password":""}