{"id":"gen9ubers-1978710337","p1":"RubenPaCe","p2":"wamkou","format":"[Gen 9] Ubers","log":"|j|\u2606RubenPaCe\n|j|\u2606wamkou\n|t:|1698585221\n|gametype|singles\n|player|p1|RubenPaCe|camper|\n|player|p2|wamkou|elesa-masters2|\n|teamsize|p1|6\n|teamsize|p2|6\n|gen|9\n|tier|[Gen 9] Ubers\n|rule|Sleep Clause Mod: Limit one foe put to sleep\n|rule|Species Clause: Limit one of each Pok\u00e9mon\n|rule|OHKO Clause: OHKO moves are banned\n|rule|Evasion Items Clause: Evasion items are banned\n|rule|Evasion Moves Clause: Evasion moves are banned\n|rule|Endless Battle Clause: Forcing endless battles is banned\n|rule|HP Percentage Mod: HP is shown in percentages\n|clearpoke\n|poke|p1|Spectrier|\n|poke|p1|Zacian-*|\n|poke|p1|Ursaluna-Bloodmoon, M|\n|poke|p1|Magearna|\n|poke|p1|Arceus-Poison|\n|poke|p1|Giratina|\n|poke|p2|Ogerpon-Wellspring, F|\n|poke|p2|Cyclizar, M|\n|poke|p2|Magearna|\n|poke|p2|Zacian-*|\n|poke|p2|Arceus-Poison|\n|poke|p2|Palkia-Origin|\n|teampreview\n|\n|t:|1698585233\n|start\n|switch|p1a: Magearna|Magearna|100\/100\n|switch|p2a: Magearna|Magearna|100\/100\n|turn|1\n|\n|t:|1698585243\n|move|p1a: Magearna|Spikes|p2a: Magearna\n|-sidestart|p2: wamkou|Spikes\n|move|p2a: Magearna|Spikes|p1a: Magearna\n|-sidestart|p1: RubenPaCe|Spikes\n|\n|upkeep\n|turn|2\n|\n|t:|1698585247\n|move|p1a: Magearna|Volt Switch|p2a: Magearna\n|-damage|p2a: Magearna|88\/100\n|\n|t:|1698585248\n|switch|p1a: Ursaluna|Ursaluna-Bloodmoon, M|100\/100|[from] Volt Switch\n|-damage|p1a: Ursaluna|88\/100|[from] Spikes\n|move|p2a: Magearna|Spikes|p1a: Ursaluna\n|-sidestart|p1: RubenPaCe|Spikes\n|\n|-heal|p1a: Ursaluna|94\/100|[from] item: Leftovers\n|-heal|p2a: Magearna|94\/100|[from] item: Leftovers\n|upkeep\n|turn|3\n|\n|t:|1698585259\n|move|p1a: Ursaluna|Calm Mind|p1a: Ursaluna\n|-boost|p1a: Ursaluna|spa|1\n|-boost|p1a: Ursaluna|spd|1\n|move|p2a: Magearna|Encore|p1a: Ursaluna\n|-start|p1a: Ursaluna|Encore\n|\n|-heal|p1a: Ursaluna|100\/100|[from] item: Leftovers\n|-heal|p2a: Magearna|99\/100|[from] item: Leftovers\n|upkeep\n|turn|4\n|\n|t:|1698585264\n|switch|p1a: Giratina|Giratina|100\/100\n|-ability|p1a: Giratina|Pressure\n|switch|p2a: Ogerpon|Ogerpon-Wellspring, F|100\/100\n|-damage|p2a: Ogerpon|88\/100|[from] Spikes\n|\n|upkeep\n|turn|5\n|\n|t:|1698585272\n|switch|p2a: Palkia|Palkia-Origin|100\/100\n|-damage|p2a: Palkia|88\/100|[from] Spikes\n|-ability|p2a: Palkia|Pressure\n|move|p1a: Giratina|Will-O-Wisp|p2a: Palkia\n|-status|p2a: Palkia|brn\n|\n|-damage|p2a: Palkia|82\/100 brn|[from] brn\n|upkeep\n|turn|6\n|\n|t:|1698585286\n|move|p2a: Palkia|Spacial Rend|p1a: Giratina\n|-supereffective|p1a: Giratina\n|-damage|p1a: Giratina|43\/100\n|move|p1a: Giratina|Hex|p2a: Palkia\n|-crit|p2a: Palkia\n|-damage|p2a: Palkia|23\/100 brn\n|\n|-damage|p2a: Palkia|16\/100 brn|[from] brn\n|upkeep\n|turn|7\n|\n|t:|1698585296\n|switch|p1a: Magearna|Magearna|100\/100\n|-damage|p1a: Magearna|84\/100|[from] Spikes\n|move|p2a: Palkia|Spacial Rend|p1a: Magearna\n|-immune|p1a: Magearna\n|\n|-heal|p1a: Magearna|90\/100|[from] item: Leftovers\n|-damage|p2a: Palkia|10\/100 brn|[from] brn\n|upkeep\n|turn|8\n|\n|t:|1698585311\n|move|p2a: Palkia|Hydro Pump|p1a: Magearna\n|-damage|p1a: Magearna|30\/100\n|move|p1a: Magearna|Spikes|p2a: Palkia\n|-sidestart|p2: wamkou|Spikes\n|\n|-heal|p1a: Magearna|36\/100|[from] item: Leftovers\n|-damage|p2a: Palkia|4\/100 brn|[from] brn\n|upkeep\n|turn|9\n|\n|t:|1698585318\n|move|p2a: Palkia|Earth Power|p1a: Magearna\n|-supereffective|p1a: Magearna\n|-damage|p1a: Magearna|0 fnt\n|faint|p1a: Magearna\n|\n|-damage|p2a: Palkia|0 fnt|[from] brn\n|faint|p2a: Palkia\n|upkeep\n|\n|t:|1698585332\n|switch|p2a: Arceus|Arceus-Poison|100\/100\n|switch|p1a: Giratina|Giratina|43\/100\n|-damage|p2a: Arceus|84\/100|[from] Spikes\n|-ability|p1a: Giratina|Pressure\n|turn|10\n|\n|t:|1698585347\n|move|p2a: Arceus|Judgment|p1a: Giratina\n|-resisted|p1a: Giratina\n|-damage|p1a: Giratina|32\/100\n|move|p1a: Giratina|Roar|p2a: Arceus\n|drag|p2a: Magearna|Magearna|99\/100\n|-damage|p2a: Magearna|83\/100|[from] Spikes\n|\n|-heal|p2a: Magearna|90\/100|[from] item: Leftovers\n|upkeep\n|turn|11\n|\n|t:|1698585357\n|move|p1a: Giratina|Defog|p2a: Magearna\n|-unboost|p2a: Magearna|evasion|1\n|-sideend|p2: wamkou|Spikes|[from] move: Defog|[of] p1a: Giratina\n|-sideend|p1: RubenPaCe|Spikes|[from] move: Defog|[of] p1a: Giratina\n|move|p2a: Magearna|Fleur Cannon|p1a: Giratina\n|-supereffective|p1a: Giratina\n|-damage|p1a: Giratina|0 fnt\n|-unboost|p2a: Magearna|spa|2\n|faint|p1a: Giratina\n|-ability|p2a: Magearna|Soul-Heart|boost\n|-boost|p2a: Magearna|spa|1\n|\n|-heal|p2a: Magearna|96\/100|[from] item: Leftovers\n|upkeep\n|\n|t:|1698585360\n|switch|p1a: Ursaluna|Ursaluna-Bloodmoon, M|100\/100\n|turn|12\n|\n|t:|1698585381\n|move|p1a: Ursaluna|Earth Power|p2a: Magearna\n|-supereffective|p2a: Magearna\n|-damage|p2a: Magearna|35\/100\n|move|p2a: Magearna|Encore|p1a: Ursaluna\n|-start|p1a: Ursaluna|Encore\n|\n|-heal|p2a: Magearna|41\/100|[from] item: Leftovers\n|upkeep\n|turn|13\n|\n|t:|1698585390\n|switch|p2a: Ogerpon|Ogerpon-Wellspring, F|88\/100\n|move|p1a: Ursaluna|Earth Power|p2a: Ogerpon\n|-resisted|p2a: Ogerpon\n|-damage|p2a: Ogerpon|59\/100\n|\n|upkeep\n|turn|14\n|\n|t:|1698585409\n|switch|p1a: Arceus|Arceus-Poison|100\/100\n|move|p2a: Ogerpon|Knock Off|p1a: Arceus\n|-damage|p1a: Arceus|83\/100\n|\n|upkeep\n|turn|15\n|\n|t:|1698585419\n|switch|p2a: Arceus|Arceus-Poison|84\/100\n|move|p1a: Arceus|Calm Mind|p1a: Arceus\n|-boost|p1a: Arceus|spa|1\n|-boost|p1a: Arceus|spd|1\n|\n|upkeep\n|turn|16\n|\n|t:|1698585427\n|move|p1a: Arceus|Earth Power|p2a: Arceus\n|-supereffective|p2a: Arceus\n|-damage|p2a: Arceus|32\/100\n|move|p2a: Arceus|Will-O-Wisp|p1a: Arceus\n|-status|p1a: Arceus|brn\n|\n|-damage|p1a: Arceus|77\/100 brn|[from] brn\n|upkeep\n|turn|17\n|\n|t:|1698585434\n|move|p2a: Arceus|Recover|p2a: Arceus\n|-heal|p2a: Arceus|82\/100\n|move|p1a: Arceus|Earth Power|p2a: Arceus\n|-supereffective|p2a: Arceus\n|-damage|p2a: Arceus|37\/100\n|\n|-damage|p1a: Arceus|71\/100 brn|[from] brn\n|upkeep\n|turn|18\n|\n|t:|1698585475\n|switch|p2a: Cyclizar|Cyclizar, M, shiny|100\/100\n|move|p1a: Arceus|Earth Power|p2a: Cyclizar\n|-damage|p2a: Cyclizar|52\/100\n|-unboost|p2a: Cyclizar|spd|1\n|\n|-damage|p1a: Arceus|64\/100 brn|[from] brn\n|upkeep\n|turn|19\n|\n|t:|1698585490\n|move|p2a: Cyclizar|Shed Tail|p2a: Cyclizar\n|-start|p2a: Cyclizar|Substitute|[from] move: Shed Tail\n|-damage|p2a: Cyclizar|2\/100\n|\n|t:|1698585504\n|switch|p2a: Zacian|Zacian|100\/100|[from] Shed Tail\n|-ability|p2a: Zacian|Intrepid Sword|boost\n|-boost|p2a: Zacian|atk|1\n|move|p1a: Arceus|Earth Power|p2a: Zacian\n|-end|p2a: Zacian|Substitute\n|\n|-damage|p1a: Arceus|58\/100 brn|[from] brn\n|upkeep\n|turn|20\n|\n|t:|1698585521\n|move|p2a: Zacian|Iron Head|p1a: Arceus\n|-damage|p1a: Arceus|18\/100 brn\n|move|p1a: Arceus|Judgment|p2a: Zacian\n|-supereffective|p2a: Zacian\n|-damage|p2a: Zacian|0 fnt\n|faint|p2a: Zacian\n|\n|-damage|p1a: Arceus|12\/100 brn|[from] brn\n|upkeep\n|\n|t:|1698585539\n|switch|p2a: Cyclizar|Cyclizar, M, shiny|35\/100\n|turn|21\n|\n|t:|1698585546\n|move|p2a: Cyclizar|Knock Off|p1a: Arceus\n|-damage|p1a: Arceus|2\/100 brn\n|move|p1a: Arceus|Recover|p1a: Arceus\n|-heal|p1a: Arceus|52\/100 brn\n|\n|-damage|p1a: Arceus|46\/100 brn|[from] brn\n|upkeep\n|turn|22\n|\n|t:|1698585558\n|move|p2a: Cyclizar|Knock Off|p1a: Arceus\n|-damage|p1a: Arceus|36\/100 brn\n|move|p1a: Arceus|Calm Mind|p1a: Arceus\n|-boost|p1a: Arceus|spa|1\n|-boost|p1a: Arceus|spd|1\n|\n|-damage|p1a: Arceus|30\/100 brn|[from] brn\n|upkeep\n|turn|23\n|\n|t:|1698585562\n|move|p2a: Cyclizar|Knock Off|p1a: Arceus\n|-damage|p1a: Arceus|20\/100 brn\n|move|p1a: Arceus|Recover|p1a: Arceus\n|-heal|p1a: Arceus|70\/100 brn\n|\n|-damage|p1a: Arceus|64\/100 brn|[from] brn\n|upkeep\n|turn|24\n|\n|t:|1698585567\n|switch|p2a: Arceus|Arceus-Poison|37\/100\n|move|p1a: Arceus|Recover|p1a: Arceus\n|-heal|p1a: Arceus|100\/100 brn\n|\n|-damage|p1a: Arceus|94\/100 brn|[from] brn\n|upkeep\n|turn|25\n|\n|t:|1698585571\n|move|p1a: Arceus|Earth Power|p2a: Arceus\n|-supereffective|p2a: Arceus\n|-damage|p2a: Arceus|0 fnt\n|faint|p2a: Arceus\n|\n|-damage|p1a: Arceus|88\/100 brn|[from] brn\n|upkeep\n|\n|t:|1698585574\n|switch|p2a: Ogerpon|Ogerpon-Wellspring, F|59\/100\n|turn|26\n|\n|t:|1698585578\n|-terastallize|p2a: Ogerpon|Water\n|detailschange|p2a: Ogerpon|Ogerpon-Wellspring-Tera, F, tera:Water\n|-ability|p2a: Ogerpon|Embody Aspect (Wellspring)|boost\n|-boost|p2a: Ogerpon|spd|1\n|move|p1a: Arceus|Judgment|p2a: Ogerpon\n|-damage|p2a: Ogerpon|0 fnt\n|faint|p2a: Ogerpon\n|\n|-damage|p1a: Arceus|82\/100 brn|[from] brn\n|upkeep\n|-message|wamkou forfeited.\n|\n|win|RubenPaCe\n|l|\u2606wamkou\n|c|\u2606RubenPaCe|gg\n|l|\u2606RubenPaCe\n|j|\u2606RubenPaCe\n|player|p1|RubenPaCe|camper\n","uploadtime":1698585672,"views":16,"p1id":"rubenpace","p2id":"wamkou","formatid":"gen9ubers","rating":0,"private":0,"password":""}