{"id":"gen9ubers-1970047497","p1":"BlackAceX19","p2":"trillbo","format":"[Gen 9] Ubers","log":"|j|\u2606BlackAceX19\n|j|\u2606trillbo\n|t:|1697588714\n|gametype|singles\n|player|p1|BlackAceX19|wally-masters|\n|player|p2|trillbo|acetrainer-gen4dp|\n|teamsize|p1|6\n|teamsize|p2|6\n|gen|9\n|tier|[Gen 9] Ubers\n|rule|Sleep Clause Mod: Limit one foe put to sleep\n|rule|Species Clause: Limit one of each Pok\u00e9mon\n|rule|OHKO Clause: OHKO moves are banned\n|rule|Evasion Items Clause: Evasion items are banned\n|rule|Evasion Moves Clause: Evasion moves are banned\n|rule|Endless Battle Clause: Forcing endless battles is banned\n|rule|HP Percentage Mod: HP is shown in percentages\n|clearpoke\n|poke|p1|Amoonguss, M|\n|poke|p1|Iron Bundle|\n|poke|p1|Iron Treads|\n|poke|p1|Ninetales-Alola, F|\n|poke|p1|Infernape, F|\n|poke|p1|Garganacl, M|\n|poke|p2|Flutter Mane|\n|poke|p2|Torkoal, M|\n|poke|p2|Clefable, F|\n|poke|p2|Alomomola, F|\n|poke|p2|Landorus, M|\n|poke|p2|Walking Wake|\n|teampreview\n|j| mklgd\n|j| Chadwin93\n|j| Willish6634\n|j| Smoocheh\n|\n|t:|1697588748\n|start\n|switch|p1a: Garganacl|Garganacl, M, shiny|100\/100\n|switch|p2a: Tony|Landorus, M|100\/100\n|turn|1\n|\n|t:|1697588756\n|-terastallize|p1a: Garganacl|Fairy\n|move|p2a: Tony|Earth Power|p1a: Garganacl\n|-damage|p1a: Garganacl|50\/100\n|move|p1a: Garganacl|Salt Cure|p2a: Tony\n|-damage|p2a: Tony|85\/100\n|-start|p2a: Tony|Salt Cure\n|\n|-heal|p1a: Garganacl|56\/100|[from] item: Leftovers\n|-damage|p2a: Tony|73\/100|[from] Salt Cure\n|upkeep\n|turn|2\n|\n|t:|1697588771\n|switch|p1a: Amoonguss|Amoonguss, M, shiny|100\/100\n|move|p2a: Tony|Earth Power|p1a: Amoonguss\n|-damage|p1a: Amoonguss|54\/100\n|\n|-damage|p2a: Tony|61\/100|[from] Salt Cure\n|upkeep\n|turn|3\n|\n|t:|1697588778\n|move|p2a: Tony|Psychic|p1a: Amoonguss\n|-supereffective|p1a: Amoonguss\n|-damage|p1a: Amoonguss|0 fnt\n|faint|p1a: Amoonguss\n|\n|-damage|p2a: Tony|49\/100|[from] Salt Cure\n|upkeep\n|\n|t:|1697588787\n|switch|p1a: Khione|Ninetales-Alola, F|100\/100\n|-weather|Snow|[from] ability: Snow Warning|[of] p1a: Khione\n|turn|4\n|\n|t:|1697588796\n|switch|p1a: Garganacl|Garganacl, M, shiny, tera:Fairy|56\/100\n|switch|p2a: Tommy Tutu|Torkoal, M|100\/100\n|-weather|SunnyDay|[from] ability: Drought|[of] p2a: Tommy Tutu\n|\n|-weather|SunnyDay|[upkeep]\n|-heal|p1a: Garganacl|63\/100|[from] item: Leftovers\n|upkeep\n|turn|5\n|\n|t:|1697588812\n|move|p1a: Garganacl|Salt Cure|p2a: Tommy Tutu\n|-supereffective|p2a: Tommy Tutu\n|-damage|p2a: Tommy Tutu|85\/100\n|-start|p2a: Tommy Tutu|Salt Cure\n|move|p2a: Tommy Tutu|Stealth Rock|p1a: Garganacl\n|-sidestart|p1: BlackAceX19|move: Stealth Rock\n|\n|-weather|SunnyDay|[upkeep]\n|-heal|p1a: Garganacl|69\/100|[from] item: Leftovers\n|-damage|p2a: Tommy Tutu|73\/100|[from] Salt Cure\n|upkeep\n|turn|6\n|j| ampharosaunt11\n|\n|t:|1697588843\n|switch|p2a: Pizza|Alomomola, F, shiny|100\/100\n|move|p1a: Garganacl|Curse|p1a: Garganacl\n|-unboost|p1a: Garganacl|spe|1\n|-boost|p1a: Garganacl|atk|1\n|-boost|p1a: Garganacl|def|1\n|\n|-weather|SunnyDay|[upkeep]\n|-heal|p1a: Garganacl|75\/100|[from] item: Leftovers\n|upkeep\n|turn|7\n|\n|t:|1697588857\n|move|p2a: Pizza|Flip Turn|p1a: Garganacl\n|-damage|p1a: Garganacl|72\/100\n|c| Smoocheh|Nice shiny\n|\n|t:|1697588867\n|switch|p2a: MissLean|Walking Wake|100\/100|[from] Flip Turn\n|-activate|p2a: MissLean|ability: Protosynthesis\n|-start|p2a: MissLean|protosynthesisspe\n|move|p1a: Garganacl|Salt Cure|p2a: MissLean\n|-damage|p2a: MissLean|77\/100\n|-start|p2a: MissLean|Salt Cure\n|\n|-weather|SunnyDay|[upkeep]\n|-heal|p1a: Garganacl|78\/100|[from] item: Leftovers\n|-damage|p2a: MissLean|52\/100|[from] Salt Cure\n|upkeep\n|turn|8\n|\n|t:|1697588879\n|move|p2a: MissLean|Hydro Steam|p1a: Garganacl\n|-damage|p1a: Garganacl|14\/100\n|move|p1a: Garganacl|Recover|p1a: Garganacl\n|-heal|p1a: Garganacl|64\/100\n|\n|-weather|SunnyDay|[upkeep]\n|-heal|p1a: Garganacl|70\/100|[from] item: Leftovers\n|-damage|p2a: MissLean|28\/100|[from] Salt Cure\n|upkeep\n|turn|9\n|\n|t:|1697588898\n|-end|p2a: MissLean|Protosynthesis|[silent]\n|switch|p2a: TheeStallion|Clefable, F, shiny|100\/100\n|move|p1a: Garganacl|Recover|p1a: Garganacl\n|-heal|p1a: Garganacl|100\/100\n|\n|-weather|SunnyDay|[upkeep]\n|upkeep\n|turn|10\n|l| Smoocheh\n|\n|t:|1697588905\n|move|p2a: TheeStallion|Cosmic Power|p2a: TheeStallion\n|-boost|p2a: TheeStallion|def|1\n|-boost|p2a: TheeStallion|spd|1\n|move|p1a: Garganacl|Body Press|p2a: TheeStallion\n|-resisted|p2a: TheeStallion\n|-damage|p2a: TheeStallion|87\/100\n|\n|-weather|SunnyDay|[upkeep]\n|-heal|p2a: TheeStallion|93\/100|[from] item: Leftovers\n|upkeep\n|turn|11\n|\n|t:|1697588914\n|move|p2a: TheeStallion|Cosmic Power|p2a: TheeStallion\n|-boost|p2a: TheeStallion|def|1\n|-boost|p2a: TheeStallion|spd|1\n|move|p1a: Garganacl|Salt Cure|p2a: TheeStallion\n|-damage|p2a: TheeStallion|81\/100\n|-start|p2a: TheeStallion|Salt Cure\n|\n|-weather|none\n|-heal|p2a: TheeStallion|87\/100|[from] item: Leftovers\n|upkeep\n|turn|12\n|j| Smoocheh\n|\n|t:|1697588932\n|move|p2a: TheeStallion|Cosmic Power|p2a: TheeStallion\n|-boost|p2a: TheeStallion|def|1\n|-boost|p2a: TheeStallion|spd|1\n|move|p1a: Garganacl|Curse|p1a: Garganacl\n|-unboost|p1a: Garganacl|spe|1\n|-boost|p1a: Garganacl|atk|1\n|-boost|p1a: Garganacl|def|1\n|\n|-heal|p2a: TheeStallion|93\/100|[from] item: Leftovers\n|upkeep\n|turn|13\n|\n|t:|1697588943\n|move|p2a: TheeStallion|Stored Power|p1a: Garganacl\n|-damage|p1a: Garganacl|82\/100\n|move|p1a: Garganacl|Curse|p1a: Garganacl\n|-unboost|p1a: Garganacl|spe|1\n|-boost|p1a: Garganacl|atk|1\n|-boost|p1a: Garganacl|def|1\n|\n|-heal|p2a: TheeStallion|99\/100|[from] item: Leftovers\n|-heal|p1a: Garganacl|88\/100|[from] item: Leftovers\n|upkeep\n|turn|14\n|\n|t:|1697588953\n|move|p2a: TheeStallion|Cosmic Power|p2a: TheeStallion\n|-boost|p2a: TheeStallion|def|1\n|-boost|p2a: TheeStallion|spd|1\n|move|p1a: Garganacl|Curse|p1a: Garganacl\n|-unboost|p1a: Garganacl|spe|1\n|-boost|p1a: Garganacl|atk|1\n|-boost|p1a: Garganacl|def|1\n|\n|-heal|p2a: TheeStallion|100\/100|[from] item: Leftovers\n|-heal|p1a: Garganacl|94\/100|[from] item: Leftovers\n|upkeep\n|turn|15\n|\n|t:|1697588962\n|move|p2a: TheeStallion|Cosmic Power|p2a: TheeStallion\n|-boost|p2a: TheeStallion|def|1\n|-boost|p2a: TheeStallion|spd|1\n|move|p1a: Garganacl|Body Press|p2a: TheeStallion\n|-resisted|p2a: TheeStallion\n|-damage|p2a: TheeStallion|89\/100\n|\n|-heal|p2a: TheeStallion|95\/100|[from] item: Leftovers\n|-heal|p1a: Garganacl|99\/100|[from] item: Leftovers\n|upkeep\n|turn|16\n|\n|t:|1697588970\n|move|p2a: TheeStallion|Stored Power|p1a: Garganacl\n|-damage|p1a: Garganacl|67\/100\n|move|p1a: Garganacl|Curse|p1a: Garganacl\n|-unboost|p1a: Garganacl|spe|1\n|-boost|p1a: Garganacl|atk|1\n|-boost|p1a: Garganacl|def|1\n|\n|-heal|p2a: TheeStallion|100\/100|[from] item: Leftovers\n|-heal|p1a: Garganacl|73\/100|[from] item: Leftovers\n|upkeep\n|turn|17\n|\n|t:|1697588979\n|move|p2a: TheeStallion|Cosmic Power|p2a: TheeStallion\n|-boost|p2a: TheeStallion|def|1\n|-boost|p2a: TheeStallion|spd|1\n|move|p1a: Garganacl|Body Press|p2a: TheeStallion\n|-resisted|p2a: TheeStallion\n|-damage|p2a: TheeStallion|89\/100\n|\n|-heal|p2a: TheeStallion|95\/100|[from] item: Leftovers\n|-heal|p1a: Garganacl|79\/100|[from] item: Leftovers\n|upkeep\n|turn|18\n|\n|t:|1697588988\n|move|p2a: TheeStallion|Stored Power|p1a: Garganacl\n|-damage|p1a: Garganacl|42\/100\n|move|p1a: Garganacl|Body Press|p2a: TheeStallion\n|-resisted|p2a: TheeStallion\n|-damage|p2a: TheeStallion|85\/100\n|\n|-heal|p2a: TheeStallion|91\/100|[from] item: Leftovers\n|-heal|p1a: Garganacl|48\/100|[from] item: Leftovers\n|upkeep\n|turn|19\n|\n|t:|1697588997\n|move|p2a: TheeStallion|Stored Power|p1a: Garganacl\n|-damage|p1a: Garganacl|8\/100\n|move|p1a: Garganacl|Recover|p1a: Garganacl\n|-heal|p1a: Garganacl|58\/100\n|\n|-heal|p2a: TheeStallion|97\/100|[from] item: Leftovers\n|-heal|p1a: Garganacl|65\/100|[from] item: Leftovers\n|upkeep\n|turn|20\n|c| Smoocheh|Gg\n|\n|t:|1697589004\n|move|p2a: TheeStallion|Stored Power|p1a: Garganacl\n|-damage|p1a: Garganacl|27\/100\n|move|p1a: Garganacl|Body Press|p2a: TheeStallion\n|-resisted|p2a: TheeStallion\n|-damage|p2a: TheeStallion|85\/100\n|\n|-heal|p2a: TheeStallion|91\/100|[from] item: Leftovers\n|-heal|p1a: Garganacl|34\/100|[from] item: Leftovers\n|upkeep\n|turn|21\n|c|\u2606trillbo|gg\n|\n|t:|1697589014\n|move|p2a: TheeStallion|Stored Power|p1a: Garganacl\n|-damage|p1a: Garganacl|0 fnt\n|faint|p1a: Garganacl\n|\n|-heal|p2a: TheeStallion|97\/100|[from] item: Leftovers\n|upkeep\n|\n|t:|1697589019\n|switch|p1a: Infernape|Infernape, F|100\/100\n|-damage|p1a: Infernape|88\/100|[from] Stealth Rock\n|turn|22\n|\n|t:|1697589025\n|move|p1a: Infernape|Flare Blitz|p2a: TheeStallion\n|-damage|p2a: TheeStallion|79\/100\n|-damage|p1a: Infernape|80\/100|[from] Recoil\n|-damage|p1a: Infernape|70\/100|[from] item: Life Orb\n|move|p2a: TheeStallion|Stored Power|p1a: Infernape\n|-supereffective|p1a: Infernape\n|-damage|p1a: Infernape|0 fnt\n|faint|p1a: Infernape\n|\n|-heal|p2a: TheeStallion|85\/100|[from] item: Leftovers\n|upkeep\n|j| SoIcyBoyz1017\n|\n|t:|1697589036\n|switch|p1a: Iron Treads|Iron Treads|100\/100\n|-damage|p1a: Iron Treads|97\/100|[from] Stealth Rock\n|turn|23\n|\n|t:|1697589040\n|move|p1a: Iron Treads|Knock Off|p2a: TheeStallion\n|-resisted|p2a: TheeStallion\n|-damage|p2a: TheeStallion|80\/100\n|-enditem|p2a: TheeStallion|Leftovers|[from] move: Knock Off|[of] p1a: Iron Treads\n|move|p2a: TheeStallion|Stored Power|p1a: Iron Treads\n|-resisted|p1a: Iron Treads\n|-damage|p1a: Iron Treads|72\/100\n|\n|upkeep\n|turn|24\n|\n|t:|1697589047\n|move|p1a: Iron Treads|Rapid Spin|p2a: TheeStallion\n|-damage|p2a: TheeStallion|75\/100\n|-boost|p1a: Iron Treads|spe|1\n|-sideend|p1: BlackAceX19|Stealth Rock|[from] move: Rapid Spin|[of] p1a: Iron Treads\n|move|p2a: TheeStallion|Stored Power|p1a: Iron Treads\n|-resisted|p1a: Iron Treads\n|-damage|p1a: Iron Treads|46\/100\n|\n|upkeep\n|turn|25\n|\n|t:|1697589054\n|move|p1a: Iron Treads|Ice Spinner|p2a: TheeStallion\n|-damage|p2a: TheeStallion|67\/100\n|move|p2a: TheeStallion|Stored Power|p1a: Iron Treads\n|-resisted|p1a: Iron Treads\n|-damage|p1a: Iron Treads|20\/100\n|\n|upkeep\n|turn|26\n|\n|t:|1697589060\n|move|p1a: Iron Treads|Ice Spinner|p2a: TheeStallion\n|-damage|p2a: TheeStallion|59\/100\n|move|p2a: TheeStallion|Moonlight|p2a: TheeStallion\n|-heal|p2a: TheeStallion|100\/100\n|\n|upkeep\n|turn|27\n|\n|t:|1697589066\n|move|p1a: Iron Treads|Ice Spinner|p2a: TheeStallion\n|-damage|p2a: TheeStallion|93\/100\n|move|p2a: TheeStallion|Stored Power|p1a: Iron Treads\n|-resisted|p1a: Iron Treads\n|-damage|p1a: Iron Treads|0 fnt\n|faint|p1a: Iron Treads\n|-end|p1a: Iron Treads|Quark Drive|[silent]\n|\n|upkeep\n|\n|t:|1697589074\n|switch|p1a: Khione|Ninetales-Alola, F|100\/100\n|-weather|Snow|[from] ability: Snow Warning|[of] p1a: Khione\n|turn|28\n|\n|t:|1697589078\n|move|p1a: Khione|Aurora Veil|p1a: Khione\n|-sidestart|p1: BlackAceX19|move: Aurora Veil\n|move|p2a: TheeStallion|Stored Power|p1a: Khione\n|-damage|p1a: Khione|71\/100\n|\n|-weather|Snow|[upkeep]\n|upkeep\n|turn|29\n|\n|t:|1697589084\n|move|p1a: Khione|Moonblast|p2a: TheeStallion\n|-damage|p2a: TheeStallion|88\/100\n|-unboost|p2a: TheeStallion|spa|1\n|move|p2a: TheeStallion|Stored Power|p1a: Khione\n|-damage|p1a: Khione|52\/100\n|\n|-weather|Snow|[upkeep]\n|upkeep\n|turn|30\n|\n|t:|1697589093\n|move|p1a: Khione|Blizzard|p2a: TheeStallion\n|-damage|p2a: TheeStallion|82\/100\n|move|p2a: TheeStallion|Stored Power|p1a: Khione\n|-damage|p1a: Khione|32\/100\n|\n|-weather|Snow|[upkeep]\n|upkeep\n|turn|31\n|c| Willish6634|trilly gonna win\n|\n|t:|1697589120\n|move|p1a: Khione|Blizzard|p2a: TheeStallion\n|-damage|p2a: TheeStallion|77\/100\n|move|p2a: TheeStallion|Stored Power|p1a: Khione\n|-damage|p1a: Khione|12\/100\n|\n|-weather|Snow|[upkeep]\n|upkeep\n|turn|32\n|\n|t:|1697589127\n|move|p1a: Khione|Blizzard|p2a: TheeStallion\n|-damage|p2a: TheeStallion|71\/100\n|move|p2a: TheeStallion|Cosmic Power|p2a: TheeStallion\n|-boost|p2a: TheeStallion|def|0\n|-boost|p2a: TheeStallion|spd|0\n|\n|-weather|none\n|upkeep\n|turn|33\n|c|\u2606trillbo|misclick my b\n|\n|t:|1697589135\n|move|p1a: Khione|Moonblast|p2a: TheeStallion\n|-damage|p2a: TheeStallion|67\/100\n|move|p2a: TheeStallion|Stored Power|p1a: Khione\n|-damage|p1a: Khione|0 fnt\n|faint|p1a: Khione\n|\n|upkeep\n|\n|t:|1697589138\n|switch|p1a: T3000|Iron Bundle, shiny|100\/100\n|turn|34\n|\n|t:|1697589143\n|move|p1a: T3000|Hydro Pump|p2a: TheeStallion|[miss]\n|-miss|p1a: T3000|p2a: TheeStallion\n|move|p2a: TheeStallion|Moonlight|p2a: TheeStallion\n|-heal|p2a: TheeStallion|100\/100\n|\n|upkeep\n|turn|35\n|\n|t:|1697589150\n|move|p1a: T3000|Hydro Pump|p2a: TheeStallion\n|-damage|p2a: TheeStallion|87\/100\n|-damage|p1a: T3000|91\/100|[from] item: Life Orb\n|move|p2a: TheeStallion|Cosmic Power|p2a: TheeStallion\n|-boost|p2a: TheeStallion|def|0\n|-boost|p2a: TheeStallion|spd|0\n|\n|-sideend|p1: BlackAceX19|move: Aurora Veil\n|upkeep\n|turn|36\n|c|\u2606trillbo|again sry\n|-message|BlackAceX19 forfeited.\n|\n|win|trillbo\n|l|\u2606BlackAceX19\n|l| Chadwin93\n","uploadtime":1697589175,"views":17,"p1id":"blackacex19","p2id":"trillbo","formatid":"gen9ubers","rating":0,"private":0,"password":""}