{"id":"gen9ubers-1991298398","p1":"mystori_","p2":"juan safadinho","format":"[Gen 9] Ubers","log":"|j|\u2606mystori_\n|j|\u2606juan safadinho\n|t:|1700065411\n|gametype|singles\n|player|p1|mystori_|shauntal|1052\n|player|p2|juan safadinho|169|1038\n|teamsize|p1|6\n|teamsize|p2|6\n|gen|9\n|tier|[Gen 9] Ubers\n|rated|\n|rule|Sleep Clause Mod: Limit one foe put to sleep\n|rule|Species Clause: Limit one of each Pok\u00e9mon\n|rule|OHKO Clause: OHKO moves are banned\n|rule|Evasion Items Clause: Evasion items are banned\n|rule|Evasion Moves Clause: Evasion moves are banned\n|rule|Endless Battle Clause: Forcing endless battles is banned\n|rule|HP Percentage Mod: HP is shown in percentages\n|clearpoke\n|poke|p1|Lucario, M|\n|poke|p1|Floatzel, M|\n|poke|p1|Sandslash, F|\n|poke|p1|Zoroark, F|\n|poke|p1|Kingambit, F|\n|poke|p1|Tinkaton, F|\n|poke|p2|Cloyster, F|\n|poke|p2|Maushold-Four|\n|poke|p2|Lokix, M|\n|poke|p2|Ogerpon-Wellspring, F|\n|poke|p2|Annihilape, F|\n|poke|p2|Enamorus-Therian, F|\n|teampreview\n|inactive|Battle timer is ON: inactive players will automatically lose when time's up. (requested by mystori_)\n|inactive|juan safadinho also wants the timer to be on.\n|\n|t:|1700065425\n|start\n|switch|p1a: Amy|Tinkaton, F, shiny|100\/100\n|switch|p2a: Cloyster|Cloyster, F, shiny|100\/100\n|-ability|p1a: Amy|Mold Breaker\n|turn|1\n|\n|t:|1700065435\n|move|p1a: Amy|Fake Out|p2a: Cloyster\n|-damage|p2a: Cloyster|92\/100\n|cant|p2a: Cloyster|flinch\n|\n|upkeep\n|turn|2\n|\n|t:|1700065442\n|move|p2a: Cloyster|Shell Smash|p2a: Cloyster\n|-unboost|p2a: Cloyster|def|1\n|-unboost|p2a: Cloyster|spd|1\n|-boost|p2a: Cloyster|atk|2\n|-boost|p2a: Cloyster|spa|2\n|-boost|p2a: Cloyster|spe|2\n|move|p1a: Amy|Gigaton Hammer|p2a: Cloyster\n|-damage|p2a: Cloyster|17\/100\n|\n|upkeep\n|turn|3\n|\n|t:|1700065452\n|move|p2a: Cloyster|Drill Run|p1a: Amy\n|-supereffective|p1a: Amy\n|-damage|p1a: Amy|0 fnt\n|faint|p1a: Amy\n|\n|upkeep\n|\n|t:|1700065467\n|switch|p1a: Dr. Eggman|Kingambit, F|100\/100\n|-activate|p1a: Dr. Eggman|ability: Supreme Overlord\n|-start|p1a: Dr. Eggman|fallen1|[silent]\n|turn|4\n|\n|t:|1700065475\n|move|p1a: Dr. Eggman|Sucker Punch|p2a: Cloyster\n|-crit|p2a: Cloyster\n|-damage|p2a: Cloyster|0 fnt\n|faint|p2a: Cloyster\n|-damage|p1a: Dr. Eggman|91\/100|[from] item: Life Orb\n|\n|upkeep\n|\n|t:|1700065493\n|switch|p2a: Enamorus|Enamorus-Therian, F, shiny|100\/100\n|turn|5\n|\n|t:|1700065501\n|move|p1a: Dr. Eggman|Protect|p1a: Dr. Eggman\n|-singleturn|p1a: Dr. Eggman|Protect\n|move|p2a: Enamorus|Draining Kiss|p1a: Dr. Eggman\n|-activate|p1a: Dr. Eggman|move: Protect\n|\n|upkeep\n|turn|6\n|\n|t:|1700065506\n|move|p2a: Enamorus|Draining Kiss|p1a: Dr. Eggman\n|-damage|p1a: Dr. Eggman|60\/100\n|move|p1a: Dr. Eggman|Iron Head|p2a: Enamorus\n|-supereffective|p2a: Enamorus\n|-damage|p2a: Enamorus|0 fnt\n|faint|p2a: Enamorus\n|-damage|p1a: Dr. Eggman|50\/100|[from] item: Life Orb\n|\n|upkeep\n|\n|t:|1700065524\n|switch|p2a: Annihilape|Annihilape, F, shiny|100\/100\n|turn|7\n|\n|t:|1700065530\n|-end|p1a: Dr. Eggman|fallen1|[silent]\n|switch|p1a: Knuckles|Sandslash, F, shiny|100\/100\n|move|p2a: Annihilape|Drain Punch|p1a: Knuckles\n|-damage|p1a: Knuckles|77\/100\n|\n|upkeep\n|turn|8\n|\n|t:|1700065542\n|move|p2a: Annihilape|Taunt|p1a: Knuckles\n|-start|p1a: Knuckles|move: Taunt\n|move|p1a: Knuckles|Earthquake|p2a: Annihilape\n|-damage|p2a: Annihilape|32\/100\n|\n|-heal|p2a: Annihilape|38\/100|[from] item: Leftovers\n|upkeep\n|turn|9\n|\n|t:|1700065550\n|move|p2a: Annihilape|Rage Fist|p1a: Knuckles\n|-damage|p1a: Knuckles|41\/100\n|move|p1a: Knuckles|Earthquake|p2a: Annihilape\n|-damage|p2a: Annihilape|0 fnt\n|faint|p2a: Annihilape\n|\n|upkeep\n|\n|t:|1700065556\n|switch|p2a: Maushold|Maushold-Four, shiny|100\/100\n|turn|10\n|\n|t:|1700065560\n|move|p2a: Maushold|Tidy Up|p2a: Maushold\n|-boost|p2a: Maushold|atk|1\n|-boost|p2a: Maushold|spe|1\n|move|p1a: Knuckles|Earthquake|p2a: Maushold\n|-damage|p2a: Maushold|0 fnt\n|faint|p2a: Maushold\n|\n|-end|p1a: Knuckles|move: Taunt\n|upkeep\n|\n|t:|1700065569\n|switch|p2a: Lokix|Lokix, M, shiny|100\/100\n|turn|11\n|\n|t:|1700065574\n|-terastallize|p2a: Lokix|Bug\n|move|p2a: Lokix|First Impression|p1a: Knuckles\n|-damage|p1a: Knuckles|0 fnt\n|faint|p1a: Knuckles\n|\n|upkeep\n|\n|t:|1700065580\n|switch|p1a: Dr. Eggman|Kingambit, F|100\/100\n|turn|12\n|\n|t:|1700065586\n|move|p2a: Lokix|U-turn|p1a: Dr. Eggman\n|-supereffective|p1a: Dr. Eggman\n|-damage|p1a: Dr. Eggman|0 fnt\n|replace|p1a: Shadow|Zoroark, F\n|-end|p1a: Shadow|Illusion\n|faint|p1a: Shadow\n|\n|t:|1700065593\n|switch|p2a: Ogerpon|Ogerpon-Wellspring, F|100\/100|[from] U-turn\n|\n|upkeep\n|\n|t:|1700065598\n|switch|p1a: Sonic|Lucario, M|100\/100\n|turn|13\n|\n|t:|1700065604\n|move|p2a: Ogerpon|Swords Dance|p2a: Ogerpon\n|-boost|p2a: Ogerpon|atk|2\n|move|p1a: Sonic|Thunder Punch|p2a: Ogerpon\n|-damage|p2a: Ogerpon|61\/100\n|-damage|p1a: Sonic|91\/100|[from] item: Life Orb\n|\n|upkeep\n|turn|14\n|\n|t:|1700065613\n|move|p2a: Ogerpon|Superpower|p1a: Sonic\n|-supereffective|p1a: Sonic\n|-damage|p1a: Sonic|0 fnt\n|-unboost|p2a: Ogerpon|atk|1\n|-unboost|p2a: Ogerpon|def|1\n|faint|p1a: Sonic\n|\n|upkeep\n|\n|t:|1700065620\n|switch|p1a: Tails|Floatzel, M|100\/100\n|turn|15\n|\n|t:|1700065629\n|move|p1a: Tails|Low Kick|p2a: Ogerpon\n|-damage|p2a: Ogerpon|25\/100\n|-damage|p1a: Tails|91\/100|[from] item: Life Orb\n|move|p2a: Ogerpon|Trailblaze|p1a: Tails\n|-supereffective|p1a: Tails\n|-damage|p1a: Tails|0 fnt\n|-boost|p2a: Ogerpon|spe|1\n|faint|p1a: Tails\n|\n|upkeep\n|\n|t:|1700065637\n|switch|p1a: Dr. Eggman|Kingambit, F|50\/100\n|-activate|p1a: Dr. Eggman|ability: Supreme Overlord\n|-start|p1a: Dr. Eggman|fallen5|[silent]\n|turn|16\n|\n|t:|1700065645\n|move|p1a: Dr. Eggman|Protect|p1a: Dr. Eggman\n|-singleturn|p1a: Dr. Eggman|Protect\n|move|p2a: Ogerpon|Superpower|p1a: Dr. Eggman\n|-activate|p1a: Dr. Eggman|move: Protect\n|\n|upkeep\n|turn|17\n|\n|t:|1700065650\n|move|p1a: Dr. Eggman|Sucker Punch|p2a: Ogerpon\n|-damage|p2a: Ogerpon|0 fnt\n|faint|p2a: Ogerpon\n|-damage|p1a: Dr. Eggman|40\/100|[from] item: Life Orb\n|\n|upkeep\n|\n|t:|1700065653\n|switch|p2a: Lokix|Lokix, M, shiny, tera:Bug|100\/100\n|turn|18\n|\n|t:|1700065657\n|move|p1a: Dr. Eggman|Protect|p1a: Dr. Eggman\n|-singleturn|p1a: Dr. Eggman|Protect\n|move|p2a: Lokix|First Impression|p1a: Dr. Eggman\n|-activate|p1a: Dr. Eggman|move: Protect\n|\n|upkeep\n|turn|19\n|\n|t:|1700065668\n|-terastallize|p1a: Dr. Eggman|Dark\n|move|p1a: Dr. Eggman|Sucker Punch|p2a: Lokix\n|-damage|p2a: Lokix|0 fnt\n|faint|p2a: Lokix\n|-damage|p1a: Dr. Eggman|30\/100|[from] item: Life Orb\n|\n|win|mystori_\n|raw|mystori_'s rating: 1052 &rarr; <strong>1083<\/strong><br \/>(+31 for winning)\n|raw|juan safadinho's rating: 1038 &rarr; <strong>1023<\/strong><br \/>(-15 for losing)\n|l|\u2606juan safadinho\n","uploadtime":1700065684,"views":7,"p1id":"mystori","p2id":"juansafadinho","formatid":"gen9ubers","rating":1023,"private":0,"password":""}