{"id":"gen9ubers-1990562451","p1":"BagMan187","p2":"Blitz2656","format":"[Gen 9] Ubers","log":"|j|\u2606BagMan187\n|j|\u2606Blitz2656\n|t:|1699981657\n|gametype|singles\n|player|p1|BagMan187|ash-kalos|\n|player|p2|Blitz2656|mustard-master|\n|teamsize|p1|6\n|teamsize|p2|6\n|gen|9\n|tier|[Gen 9] Ubers\n|rule|Sleep Clause Mod: Limit one foe put to sleep\n|rule|Species Clause: Limit one of each Pok\u00e9mon\n|rule|OHKO Clause: OHKO moves are banned\n|rule|Evasion Items Clause: Evasion items are banned\n|rule|Evasion Moves Clause: Evasion moves are banned\n|rule|Endless Battle Clause: Forcing endless battles is banned\n|rule|HP Percentage Mod: HP is shown in percentages\n|clearpoke\n|poke|p1|Greninja-*, M|\n|poke|p1|Slowking-Galar, F|\n|poke|p1|Blissey, F|\n|poke|p1|Talonflame, M|\n|poke|p1|Salazzle, F|\n|poke|p1|Zoroark-Hisui, M|\n|poke|p2|Clefable, M|\n|poke|p2|Alomomola, M|\n|poke|p2|Blissey, F|\n|poke|p2|Clodsire, M|\n|poke|p2|Dondozo, F|\n|poke|p2|Amoonguss, M|\n|teampreview\n|inactive|Battle timer is ON: inactive players will automatically lose when time's up. (requested by BagMan187)\n|c|\u2606Blitz2656|Goodbye\n|c|\u2606BagMan187|im not surprised\n|inactive|BagMan187 has 270 seconds left.\n|\n|t:|1699981694\n|start\n|switch|p1a: Salazzle|Salazzle, F|100\/100\n|switch|p2a: Clefable|Clefable, M|100\/100\n|turn|1\n|\n|t:|1699981721\n|switch|p2a: Clodsire|Clodsire, M|100\/100\n|move|p1a: Salazzle|Shadow Claw|p2a: Clodsire\n|-damage|p2a: Clodsire|50\/100\n|\n|upkeep\n|turn|2\n|c|\u2606Blitz2656|wth\n|inactive|Blitz2656 has 270 seconds left.\n|\n|t:|1699981746\n|switch|p1a: Salazzle|Salazzle, F|100\/100\n|switch|p2a: Alomomola|Alomomola, M|100\/100\n|\n|upkeep\n|turn|3\n|c|\u2606Blitz2656|oh\n|inactive|Blitz2656 has 270 seconds left.\n|c|\u2606Blitz2656|LOL\n|c|\u2606BagMan187|:)\n|\n|t:|1699981765\n|move|p1a: Salazzle|Toxic|p2a: Alomomola\n|-status|p2a: Alomomola|tox\n|move|p2a: Alomomola|Scald|p1a: Salazzle\n|-supereffective|p1a: Salazzle\n|-damage|p1a: Salazzle|57\/100\n|\n|-heal|p1a: Salazzle|64\/100|[from] item: Black Sludge\n|-damage|p2a: Alomomola|94\/100 tox|[from] psn\n|upkeep\n|turn|4\n|\n|t:|1699981788\n|switch|p1a: Greninja|Greninja, M, shiny|100\/100\n|move|p2a: Alomomola|Scald|p1a: Greninja\n|-resisted|p1a: Greninja\n|-damage|p1a: Greninja|89\/100\n|-status|p1a: Greninja|brn\n|\n|-damage|p2a: Alomomola|82\/100 tox|[from] psn\n|-damage|p1a: Greninja|83\/100 brn|[from] brn\n|upkeep\n|turn|5\n|\n|t:|1699981796\n|switch|p2a: Clodsire|Clodsire, M|50\/100\n|move|p1a: Greninja|Fling|p2a: Clodsire\n|-start|p1a: Greninja|typechange|Dark|[from] ability: Protean\n|-damage|p2a: Clodsire|19\/100\n|-enditem|p1a: Greninja|Big Nugget|[from] move: Fling\n|\n|-damage|p1a: Greninja|77\/100 brn|[from] brn\n|upkeep\n|turn|6\n|\n|t:|1699981805\n|move|p1a: Greninja|Acrobatics|p2a: Clodsire\n|-damage|p2a: Clodsire|1\/100\n|move|p2a: Clodsire|Recover|p2a: Clodsire\n|-heal|p2a: Clodsire|51\/100\n|\n|-damage|p1a: Greninja|71\/100 brn|[from] brn\n|upkeep\n|turn|7\n|\n|t:|1699981810\n|move|p1a: Greninja|Night Slash|p2a: Clodsire\n|-crit|p2a: Clodsire\n|-damage|p2a: Clodsire|25\/100\n|move|p2a: Clodsire|Recover|p2a: Clodsire\n|-heal|p2a: Clodsire|75\/100\n|\n|-damage|p1a: Greninja|65\/100 brn|[from] brn\n|upkeep\n|turn|8\n|\n|t:|1699981814\n|move|p1a: Greninja|U-turn|p2a: Clodsire\n|-resisted|p2a: Clodsire\n|-damage|p2a: Clodsire|70\/100\n|\n|t:|1699981816\n|switch|p1a: Blissey|Blissey, F|100\/100|[from] U-turn\n|move|p2a: Clodsire|Spikes|p1a: Blissey\n|-sidestart|p1: BagMan187|Spikes\n|\n|upkeep\n|turn|9\n|\n|t:|1699981825\n|move|p1a: Blissey|Heal Bell|p1a: Blissey\n|-activate|p1a: Blissey|move: Heal Bell\n|-curestatus|p1: Greninja|brn|[msg]\n|move|p2a: Clodsire|Spikes|p1a: Blissey\n|-sidestart|p1: BagMan187|Spikes\n|\n|upkeep\n|turn|10\n|inactive|BagMan187 has 270 seconds left.\n|\n|t:|1699981856\n|switch|p2a: Clefable|Clefable, M|100\/100\n|move|p1a: Blissey|Body Slam|p2a: Clefable\n|-damage|p2a: Clefable|95\/100\n|\n|-heal|p2a: Clefable|100\/100|[from] item: Leftovers\n|upkeep\n|turn|11\n|\n|t:|1699981860\n|-singleturn|p2a: Clefable|move: Focus Punch\n|move|p1a: Blissey|Body Slam|p2a: Clefable\n|-damage|p2a: Clefable|96\/100\n|cant|p2a: Clefable|Focus Punch|Focus Punch\n|\n|-heal|p2a: Clefable|100\/100|[from] item: Leftovers\n|upkeep\n|turn|12\n|\n|t:|1699981864\n|move|p2a: Clefable|Knock Off|p1a: Blissey\n|-damage|p1a: Blissey|86\/100\n|-enditem|p1a: Blissey|Leftovers|[from] move: Knock Off|[of] p2a: Clefable\n|move|p1a: Blissey|Body Slam|p2a: Clefable\n|-damage|p2a: Clefable|96\/100\n|\n|-heal|p2a: Clefable|100\/100|[from] item: Leftovers\n|upkeep\n|turn|13\n|\n|t:|1699981874\n|switch|p2a: Blissey|Blissey, F|100\/100\n|move|p1a: Blissey|Body Slam|p2a: Blissey\n|-damage|p2a: Blissey|88\/100\n|-status|p2a: Blissey|par\n|\n|upkeep\n|turn|14\n|\n|t:|1699981881\n|switch|p1a: Salazzle|Salazzle, F|64\/100\n|-damage|p1a: Salazzle|47\/100|[from] Spikes\n|cant|p2a: Blissey|par\n|\n|-heal|p1a: Salazzle|53\/100|[from] item: Black Sludge\n|upkeep\n|turn|15\n|\n|t:|1699981890\n|-curestatus|p2a: Blissey|par|[from] ability: Natural Cure\n|switch|p2a: Clodsire|Clodsire, M|70\/100\n|move|p1a: Salazzle|Substitute|p1a: Salazzle\n|-start|p1a: Salazzle|Substitute\n|-damage|p1a: Salazzle|29\/100\n|\n|-heal|p1a: Salazzle|35\/100|[from] item: Black Sludge\n|upkeep\n|turn|16\n|\n|t:|1699981898\n|move|p1a: Salazzle|Fire Lash|p2a: Clodsire\n|-damage|p2a: Clodsire|50\/100\n|-unboost|p2a: Clodsire|def|1\n|move|p2a: Clodsire|Sludge Bomb|p1a: Salazzle\n|-resisted|p1a: Salazzle\n|-activate|p1a: Salazzle|move: Substitute|[damage]\n|\n|-heal|p1a: Salazzle|41\/100|[from] item: Black Sludge\n|upkeep\n|turn|17\n|\n|t:|1699981909\n|switch|p2a: Alomomola|Alomomola, M|100\/100 tox\n|move|p1a: Salazzle|Fire Lash|p2a: Alomomola\n|-resisted|p2a: Alomomola\n|-crit|p2a: Alomomola\n|-damage|p2a: Alomomola|93\/100 tox\n|-unboost|p2a: Alomomola|def|1\n|\n|-heal|p1a: Salazzle|47\/100|[from] item: Black Sludge\n|-damage|p2a: Alomomola|86\/100 tox|[from] psn\n|upkeep\n|turn|18\n|\n|t:|1699981912\n|move|p1a: Salazzle|Knock Off|p2a: Alomomola\n|-damage|p2a: Alomomola|74\/100 tox\n|-enditem|p2a: Alomomola|Heavy-Duty Boots|[from] move: Knock Off|[of] p1a: Salazzle\n|move|p2a: Alomomola|Scald|p1a: Salazzle\n|-supereffective|p1a: Salazzle\n|-end|p1a: Salazzle|Substitute\n|\n|-heal|p1a: Salazzle|53\/100|[from] item: Black Sludge\n|-damage|p2a: Alomomola|61\/100 tox|[from] psn\n|upkeep\n|turn|19\n|\n|t:|1699981919\n|move|p1a: Salazzle|Substitute|p1a: Salazzle\n|-start|p1a: Salazzle|Substitute\n|-damage|p1a: Salazzle|29\/100\n|move|p2a: Alomomola|Scald|p1a: Salazzle\n|-supereffective|p1a: Salazzle\n|-end|p1a: Salazzle|Substitute\n|\n|-heal|p1a: Salazzle|35\/100|[from] item: Black Sludge\n|-damage|p2a: Alomomola|43\/100 tox|[from] psn\n|upkeep\n|turn|20\n|\n|t:|1699981925\n|move|p1a: Salazzle|Substitute|p1a: Salazzle\n|-start|p1a: Salazzle|Substitute\n|-damage|p1a: Salazzle|10\/100\n|move|p2a: Alomomola|Scald|p1a: Salazzle\n|-supereffective|p1a: Salazzle\n|-end|p1a: Salazzle|Substitute\n|\n|-heal|p1a: Salazzle|16\/100|[from] item: Black Sludge\n|-damage|p2a: Alomomola|18\/100 tox|[from] psn\n|upkeep\n|turn|21\n|\n|t:|1699981932\n|switch|p2a: Dondozo|Dondozo, F|100\/100\n|move|p1a: Salazzle|Knock Off|p2a: Dondozo\n|-damage|p2a: Dondozo|93\/100\n|-enditem|p2a: Dondozo|Heavy-Duty Boots|[from] move: Knock Off|[of] p1a: Salazzle\n|\n|-heal|p1a: Salazzle|22\/100|[from] item: Black Sludge\n|upkeep\n|turn|22\n|\n|t:|1699981938\n|move|p1a: Salazzle|Toxic|p2a: Dondozo\n|-status|p2a: Dondozo|tox\n|move|p2a: Dondozo|Surf|p1a: Salazzle\n|-supereffective|p1a: Salazzle\n|-damage|p1a: Salazzle|0 fnt\n|faint|p1a: Salazzle\n|\n|-damage|p2a: Dondozo|87\/100 tox|[from] psn\n|upkeep\n|\n|t:|1699981945\n|switch|p1a: Blissey|Blissey, F|100\/100\n|-damage|p1a: Blissey|84\/100|[from] Spikes\n|turn|23\n|\n|t:|1699981953\n|switch|p2a: Blissey|Blissey, F|88\/100\n|move|p1a: Blissey|Body Slam|p2a: Blissey\n|-damage|p2a: Blissey|0 fnt\n|faint|p2a: Blissey\n|\n|upkeep\n|c|\u2606Blitz2656|what\n|c|\u2606Blitz2656|fair enough\n|c|\u2606Blitz2656|>\n|c|\u2606Blitz2656|?\n|\n|t:|1699981981\n|switch|p2a: Amoonguss|Amoonguss, M|100\/100\n|turn|24\n|\n|t:|1699981988\n|switch|p1a: Greninja|Greninja, M, shiny|65\/100\n|-damage|p1a: Greninja|49\/100|[from] Spikes\n|move|p2a: Amoonguss|Spore|p1a: Greninja\n|-status|p1a: Greninja|slp|[from] move: Spore\n|\n|upkeep\n|turn|25\n|\n|t:|1699981992\n|switch|p1a: Talonflame|Talonflame, M|100\/100\n|move|p2a: Amoonguss|Giga Drain|p1a: Talonflame\n|-resisted|p1a: Talonflame\n|-crit|p1a: Talonflame\n|-damage|p1a: Talonflame|89\/100\n|\n|upkeep\n|turn|26\n|\n|t:|1699981996\n|switch|p2a: Dondozo|Dondozo, F|87\/100 tox\n|move|p1a: Talonflame|Defog|p2a: Dondozo\n|-unboost|p2a: Dondozo|evasion|1\n|-sideend|p1: BagMan187|Spikes|[from] move: Defog|[of] p1a: Talonflame\n|\n|-damage|p2a: Dondozo|81\/100 tox|[from] psn\n|upkeep\n|turn|27\n|\n|t:|1699982004\n|switch|p1a: Slowking|Slowking-Galar, F|100\/100\n|move|p2a: Dondozo|Noble Roar|p1a: Slowking\n|-unboost|p1a: Slowking|atk|1\n|-unboost|p1a: Slowking|spa|1\n|\n|-damage|p2a: Dondozo|68\/100 tox|[from] psn\n|upkeep\n|turn|28\n|\n|t:|1699982017\n|move|p2a: Dondozo|Rest|p2a: Dondozo\n|-status|p2a: Dondozo|slp|[from] move: Rest\n|-heal|p2a: Dondozo|100\/100 slp|[silent]\n|move|p1a: Slowking|Foul Play|p2a: Dondozo\n|-damage|p2a: Dondozo|91\/100 slp\n|\n|upkeep\n|turn|29\n|\n|t:|1699982036\n|switch|p2a: Clodsire|Clodsire, M|50\/100\n|move|p1a: Slowking|Chilly Reception|p1a: Slowking\n|-weather|Snow\n|\n|t:|1699982040\n|switch|p1a: Blissey|Blissey, F|84\/100|[from] Chilly Reception\n|\n|-weather|Snow|[upkeep]\n|upkeep\n|turn|30\n|\n|t:|1699982050\n|move|p1a: Blissey|Body Slam|p2a: Clodsire\n|-damage|p2a: Clodsire|0 fnt\n|faint|p2a: Clodsire\n|\n|-weather|Snow|[upkeep]\n|upkeep\n|c|\u2606Blitz2656|WHY DOES THAT HU-\n|c|\u2606Blitz2656|oh YOu\n|c|\u2606Blitz2656|YOU\n|c|\u2606BagMan187|:)\n|c|\u2606Blitz2656|YOU ARE A TRAITOR TO BIG STALL\n|c|\u2606Blitz2656|IS THAT A CHOICE BAND BLISSEY\n|\n|t:|1699982072\n|switch|p2a: Clefable|Clefable, M|100\/100\n|turn|31\n|c|\u2606BagMan187|my brother in christ\n|c|\u2606Blitz2656|oh nvm\n|c|\u2606Blitz2656|pls dnt para me\n|c|\u2606Blitz2656|:pray\n|\n|t:|1699982090\n|switch|p1a: Blissey|Blissey, F|86\/100\n|-terastallize|p2a: Clefable|Ghost\n|-singleturn|p2a: Clefable|move: Focus Punch\n|move|p2a: Clefable|Focus Punch|p1a: Blissey\n|-supereffective|p1a: Blissey\n|-damage|p1a: Blissey|44\/100\n|\n|-weather|Snow|[upkeep]\n|upkeep\n|turn|32\n|c|\u2606Blitz2656|I dont want to talk about it\n|c|\u2606Blitz2656|ok\n|c|\u2606Blitz2656|WHY DID YOU SURVIVE\n|\n|t:|1699982115\n|-singleturn|p2a: Clefable|move: Focus Punch\n|move|p1a: Blissey|Soft-Boiled|p1a: Blissey\n|-heal|p1a: Blissey|94\/100\n|move|p2a: Clefable|Focus Punch|p1a: Blissey\n|-supereffective|p1a: Blissey\n|-damage|p1a: Blissey|48\/100\n|\n|-weather|Snow|[upkeep]\n|upkeep\n|turn|33\n|\n|t:|1699982122\n|switch|p1a: Talonflame|Talonflame, M|89\/100\n|move|p2a: Clefable|Knock Off|p1a: Talonflame\n|-damage|p1a: Talonflame|70\/100\n|-enditem|p1a: Talonflame|Heavy-Duty Boots|[from] move: Knock Off|[of] p2a: Clefable\n|\n|-weather|none\n|upkeep\n|turn|34\n|\n|t:|1699982136\n|move|p1a: Talonflame|Will-O-Wisp|p2a: Clefable\n|-status|p2a: Clefable|brn\n|move|p2a: Clefable|Wish|p2a: Clefable\n|\n|upkeep\n|turn|35\n|\n|t:|1699982142\n|switch|p1a: Blissey|Blissey, F|48\/100\n|switch|p2a: Alomomola|Alomomola, M|51\/100 tox\n|\n|-heal|p2a: Alomomola|88\/100 tox|[from] move: Wish|[wisher] Clefable\n|-damage|p2a: Alomomola|82\/100 tox|[from] psn\n|upkeep\n|turn|36\n|\n|t:|1699982148\n|move|p1a: Blissey|Soft-Boiled|p1a: Blissey\n|-heal|p1a: Blissey|98\/100\n|move|p2a: Alomomola|Scald|p1a: Blissey\n|-damage|p1a: Blissey|93\/100\n|-status|p1a: Blissey|brn\n|\n|-damage|p2a: Alomomola|70\/100 tox|[from] psn\n|-damage|p1a: Blissey|87\/100 brn|[from] brn\n|upkeep\n|turn|37\n|\n|t:|1699982154\n|switch|p2a: Clefable|Clefable, M, tera:Ghost|100\/100 brn\n|move|p1a: Blissey|Heal Bell|p1a: Blissey\n|-activate|p1a: Blissey|move: Heal Bell\n|-curestatus|p1a: Blissey|brn|[msg]\n|-curestatus|p1: Greninja|slp|[msg]\n|\n|upkeep\n|turn|38\n|\n|t:|1699982165\n|switch|p2a: Amoonguss|Amoonguss, M|100\/100\n|switch|p1a: Slowking|Slowking-Galar, F|100\/100\n|\n|upkeep\n|turn|39\n|\n|t:|1699982175\n|switch|p1a: Blissey|Blissey, F|87\/100\n|move|p2a: Amoonguss|Spore|p1a: Blissey\n|-status|p1a: Blissey|slp|[from] move: Spore\n|\n|upkeep\n|turn|40\n|\n|t:|1699982180\n|switch|p2a: Clefable|Clefable, M, tera:Ghost|100\/100 brn\n|cant|p1a: Blissey|slp\n|\n|upkeep\n|turn|41\n|\n|t:|1699982185\n|switch|p1a: Slowking|Slowking-Galar, F|100\/100\n|move|p2a: Clefable|Knock Off|p1a: Slowking\n|-supereffective|p1a: Slowking\n|-damage|p1a: Slowking|89\/100\n|-enditem|p1a: Slowking|Heavy-Duty Boots|[from] move: Knock Off|[of] p2a: Clefable\n|\n|upkeep\n|turn|42\n|\n|t:|1699982194\n|switch|p2a: Dondozo|Dondozo, F|91\/100 slp\n|move|p1a: Slowking|Foul Play|p2a: Dondozo\n|-damage|p2a: Dondozo|82\/100 slp\n|\n|upkeep\n|turn|43\n|\n|t:|1699982199\n|cant|p2a: Dondozo|slp\n|move|p2a: Dondozo|Sleep Talk|p2a: Dondozo\n|move|p2a: Dondozo|Rest||[from]move: Sleep Talk|[still]\n|-fail|p2a: Dondozo\n|move|p1a: Slowking|Chilly Reception|p1a: Slowking\n|-weather|Snow\n|\n|t:|1699982204\n|switch|p1a: Greninja|Greninja, M, shiny|49\/100|[from] Chilly Reception\n|\n|-weather|Snow|[upkeep]\n|upkeep\n|turn|44\n|\n|t:|1699982212\n|switch|p2a: Amoonguss|Amoonguss, M|100\/100\n|move|p1a: Greninja|U-turn|p2a: Amoonguss\n|-start|p1a: Greninja|typechange|Bug|[from] ability: Protean\n|-damage|p2a: Amoonguss|80\/100\n|\n|t:|1699982223\n|switch|p1a: Greninja|Greninja, M, shiny|84\/100|[from] U-turn\n|\n|-weather|Snow|[upkeep]\n|upkeep\n|turn|45\n|\n|t:|1699982230\n|move|p1a: Greninja|U-turn|p2a: Amoonguss\n|-damage|p2a: Amoonguss|60\/100\n|\n|t:|1699982234\n|switch|p1a: Talonflame|Talonflame, M|70\/100|[from] U-turn\n|move|p2a: Amoonguss|Giga Drain|p1a: Talonflame\n|-resisted|p1a: Talonflame\n|-damage|p1a: Talonflame|62\/100\n|-heal|p2a: Amoonguss|63\/100|[from] drain|[of] p1a: Talonflame\n|\n|-weather|Snow|[upkeep]\n|upkeep\n|turn|46\n|\n|t:|1699982239\n|switch|p1a: Greninja|Greninja, M, shiny|49\/100\n|switch|p2a: Alomomola|Alomomola, M|100\/100 tox\n|\n|-weather|Snow|[upkeep]\n|-damage|p2a: Alomomola|94\/100 tox|[from] psn\n|upkeep\n|turn|47\n|\n|t:|1699982244\n|move|p1a: Greninja|U-turn|p2a: Alomomola\n|-start|p1a: Greninja|typechange|Bug|[from] ability: Protean\n|-damage|p2a: Alomomola|80\/100 tox\n|\n|t:|1699982247\n|switch|p1a: Blissey|Blissey, F|87\/100 slp|[from] U-turn\n|move|p2a: Alomomola|Scald|p1a: Blissey\n|-damage|p1a: Blissey|82\/100 slp\n|\n|-weather|none\n|-damage|p2a: Alomomola|68\/100 tox|[from] psn\n|upkeep\n|turn|48\n|\n|t:|1699982252\n|switch|p2a: Clefable|Clefable, M, tera:Ghost|100\/100 brn\n|cant|p1a: Blissey|slp\n|\n|upkeep\n|turn|49\n|\n|t:|1699982258\n|switch|p1a: Slowking|Slowking-Galar, F|100\/100\n|-singleturn|p2a: Clefable|move: Focus Punch\n|move|p2a: Clefable|Focus Punch|p1a: Slowking\n|-resisted|p1a: Slowking\n|-damage|p1a: Slowking|98\/100\n|\n|upkeep\n|turn|50\n|\n|t:|1699982267\n|move|p2a: Clefable|Knock Off|p1a: Slowking\n|-supereffective|p1a: Slowking\n|-damage|p1a: Slowking|90\/100\n|move|p1a: Slowking|Chilly Reception|p1a: Slowking\n|-weather|Snow\n|\n|t:|1699982272\n|switch|p1a: Talonflame|Talonflame, M|84\/100|[from] Chilly Reception\n|\n|-weather|Snow|[upkeep]\n|upkeep\n|turn|51\n|\n|t:|1699982280\n|switch|p2a: Dondozo|Dondozo, F|82\/100 slp\n|move|p1a: Talonflame|Shadow Claw|p2a: Dondozo\n|-crit|p2a: Dondozo\n|-damage|p2a: Dondozo|53\/100 slp\n|\n|-weather|Snow|[upkeep]\n|upkeep\n|turn|52\n|\n|t:|1699982292\n|switch|p1a: Blissey|Blissey, F|82\/100 slp\n|cant|p2a: Dondozo|slp\n|move|p2a: Dondozo|Sleep Talk|p2a: Dondozo\n|move|p2a: Dondozo|Noble Roar|p1a: Blissey|[from]move: Sleep Talk\n|-unboost|p1a: Blissey|atk|1\n|-unboost|p1a: Blissey|spa|1\n|\n|-weather|Snow|[upkeep]\n|upkeep\n|turn|53\n|\n|t:|1699982302\n|-curestatus|p1a: Blissey|slp|[msg]\n|move|p1a: Blissey|Body Slam|p2a: Dondozo\n|-damage|p2a: Dondozo|50\/100 slp\n|-curestatus|p2a: Dondozo|slp|[msg]\n|move|p2a: Dondozo|Rest|p2a: Dondozo\n|-status|p2a: Dondozo|slp|[from] move: Rest\n|-heal|p2a: Dondozo|100\/100 slp|[silent]\n|\n|-weather|Snow|[upkeep]\n|upkeep\n|turn|54\n|\n|t:|1699982314\n|switch|p1a: Slowking|Slowking-Galar, F|100\/100\n|cant|p2a: Dondozo|slp\n|move|p2a: Dondozo|Sleep Talk|p2a: Dondozo\n|move|p2a: Dondozo|Surf|p1a: Slowking|[from]move: Sleep Talk\n|-damage|p1a: Slowking|83\/100\n|\n|-weather|none\n|upkeep\n|turn|55\n|\n|t:|1699982322\n|cant|p2a: Dondozo|slp\n|move|p2a: Dondozo|Sleep Talk|p2a: Dondozo\n|move|p2a: Dondozo|Noble Roar|p1a: Slowking|[from]move: Sleep Talk\n|-unboost|p1a: Slowking|atk|1\n|-unboost|p1a: Slowking|spa|1\n|move|p1a: Slowking|Foul Play|p2a: Dondozo\n|-damage|p2a: Dondozo|92\/100 slp\n|\n|upkeep\n|turn|56\n|\n|t:|1699982327\n|-curestatus|p2a: Dondozo|slp|[msg]\n|move|p2a: Dondozo|Sleep Talk||[still]\n|-fail|p2a: Dondozo\n|move|p1a: Slowking|Chilly Reception|p1a: Slowking\n|-weather|Snow\n|\n|t:|1699982334\n|switch|p1a: Talonflame|Talonflame, M|84\/100|[from] Chilly Reception\n|\n|-weather|Snow|[upkeep]\n|upkeep\n|turn|57\n|\n|t:|1699982338\n|move|p1a: Talonflame|U-turn|p2a: Dondozo\n|-damage|p2a: Dondozo|79\/100\n|\n|t:|1699982341\n|switch|p1a: Blissey|Blissey, F|82\/100|[from] U-turn\n|move|p2a: Dondozo|Noble Roar|p1a: Blissey\n|-unboost|p1a: Blissey|atk|1\n|-unboost|p1a: Blissey|spa|1\n|\n|-weather|Snow|[upkeep]\n|upkeep\n|turn|58\n|\n|t:|1699982346\n|switch|p2a: Clefable|Clefable, M, tera:Ghost|100\/100 brn\n|move|p1a: Blissey|Body Slam|p2a: Clefable\n|-immune|p2a: Clefable\n|\n|-weather|Snow|[upkeep]\n|upkeep\n|turn|59\n|\n|t:|1699982351\n|move|p2a: Clefable|Knock Off|p1a: Blissey\n|-damage|p1a: Blissey|77\/100\n|move|p1a: Blissey|Rock Slide|p2a: Clefable\n|-damage|p2a: Clefable|99\/100 brn\n|\n|-weather|Snow|[upkeep]\n|-heal|p2a: Clefable|100\/100 brn|[from] item: Leftovers\n|upkeep\n|turn|60\n|\n|t:|1699982359\n|switch|p1a: Slowking|Slowking-Galar, F|100\/100\n|move|p2a: Clefable|Knock Off|p1a: Slowking\n|-supereffective|p1a: Slowking\n|-damage|p1a: Slowking|92\/100\n|\n|-weather|none\n|upkeep\n|turn|61\n|\n|t:|1699982367\n|switch|p2a: Amoonguss|Amoonguss, M|96\/100\n|move|p1a: Slowking|Foul Play|p2a: Amoonguss\n|-crit|p2a: Amoonguss\n|-damage|p2a: Amoonguss|78\/100\n|\n|upkeep\n|turn|62\n|\n|t:|1699982372\n|move|p1a: Slowking|Chilly Reception|p1a: Slowking\n|-weather|Snow\n|\n|t:|1699982378\n|switch|p1a: Talonflame|Talonflame, M|62\/100|[from] Chilly Reception\n|move|p2a: Amoonguss|Spore|p1a: Talonflame\n|-status|p1a: Talonflame|slp|[from] move: Spore\n|\n|-weather|Snow|[upkeep]\n|upkeep\n|turn|63\n|\n|t:|1699982382\n|switch|p2a: Alomomola|Alomomola, M|100\/100 tox\n|cant|p1a: Talonflame|slp\n|\n|-weather|Snow|[upkeep]\n|-damage|p2a: Alomomola|94\/100 tox|[from] psn\n|upkeep\n|turn|64\n|\n|t:|1699982388\n|switch|p1a: Blissey|Blissey, F|77\/100\n|move|p2a: Alomomola|Scald|p1a: Blissey\n|-damage|p1a: Blissey|72\/100\n|\n|-weather|Snow|[upkeep]\n|-damage|p2a: Alomomola|82\/100 tox|[from] psn\n|upkeep\n|turn|65\n|\n|t:|1699982402\n|switch|p2a: Clefable|Clefable, M, tera:Ghost|100\/100 brn\n|move|p1a: Blissey|Heal Bell|p1a: Blissey\n|-activate|p1a: Blissey|move: Heal Bell\n|-curestatus|p1: Talonflame|slp|[msg]\n|\n|-weather|Snow|[upkeep]\n|upkeep\n|turn|66\n|\n|t:|1699982408\n|-singleturn|p2a: Clefable|move: Focus Punch\n|move|p1a: Blissey|Rock Slide|p2a: Clefable\n|-crit|p2a: Clefable\n|-damage|p2a: Clefable|96\/100 brn\n|cant|p2a: Clefable|Focus Punch|Focus Punch\n|\n|-weather|none\n|-heal|p2a: Clefable|100\/100 brn|[from] item: Leftovers\n|upkeep\n|turn|67\n|\n|t:|1699982414\n|switch|p1a: Slowking|Slowking-Galar, F|100\/100\n|-singleturn|p2a: Clefable|move: Focus Punch\n|move|p2a: Clefable|Focus Punch|p1a: Slowking\n|-resisted|p1a: Slowking\n|-damage|p1a: Slowking|98\/100\n|\n|upkeep\n|turn|68\n|\n|t:|1699982422\n|move|p2a: Clefable|Wish|p2a: Clefable\n|move|p1a: Slowking|Chilly Reception|p1a: Slowking\n|-weather|Snow\n|\n|t:|1699982428\n|switch|p1a: Greninja|Greninja, M, shiny|49\/100|[from] Chilly Reception\n|\n|-weather|Snow|[upkeep]\n|upkeep\n|turn|69\n|\n|t:|1699982431\n|move|p1a: Greninja|Night Slash|p2a: Clefable\n|-start|p1a: Greninja|typechange|Dark|[from] ability: Protean\n|-supereffective|p2a: Clefable\n|-damage|p2a: Clefable|56\/100 brn\n|move|p2a: Clefable|Knock Off|p1a: Greninja\n|-resisted|p1a: Greninja\n|-damage|p1a: Greninja|44\/100\n|\n|-weather|Snow|[upkeep]\n|-heal|p2a: Clefable|100\/100 brn|[from] move: Wish|[wisher] Clefable\n|upkeep\n|turn|70\n|\n|t:|1699982442\n|move|p2a: Clefable|Protect|p2a: Clefable\n|-singleturn|p2a: Clefable|Protect\n|move|p1a: Greninja|Night Slash|p2a: Clefable\n|-activate|p2a: Clefable|move: Protect\n|\n|-weather|Snow|[upkeep]\n|upkeep\n|turn|71\n|\n|t:|1699982447\n|switch|p2a: Alomomola|Alomomola, M|100\/100 tox\n|move|p1a: Greninja|Night Slash|p2a: Alomomola\n|-damage|p2a: Alomomola|85\/100 tox\n|\n|-weather|Snow|[upkeep]\n|-damage|p2a: Alomomola|79\/100 tox|[from] psn\n|upkeep\n|turn|72\n|\n|t:|1699982451\n|move|p1a: Greninja|U-turn|p2a: Alomomola\n|-damage|p2a: Alomomola|68\/100 tox\n|\n|t:|1699982455\n|switch|p1a: Blissey|Blissey, F|72\/100|[from] U-turn\n|move|p2a: Alomomola|Scald|p1a: Blissey\n|-damage|p1a: Blissey|67\/100\n|\n|-weather|none\n|-damage|p2a: Alomomola|56\/100 tox|[from] psn\n|upkeep\n|turn|73\n|\n|t:|1699982461\n|switch|p2a: Clefable|Clefable, M, tera:Ghost|100\/100 brn\n|move|p1a: Blissey|Rock Slide|p2a: Clefable|[miss]\n|-miss|p1a: Blissey|p2a: Clefable\n|\n|upkeep\n|turn|74\n|\n|t:|1699982468\n|switch|p2a: Alomomola|Alomomola, M|89\/100 tox\n|switch|p1a: Slowking|Slowking-Galar, F|100\/100\n|\n|-damage|p2a: Alomomola|83\/100 tox|[from] psn\n|upkeep\n|turn|75\n|\n|t:|1699982474\n|switch|p2a: Amoonguss|Amoonguss, M|100\/100\n|move|p1a: Slowking|Foul Play|p2a: Amoonguss\n|-crit|p2a: Amoonguss\n|-damage|p2a: Amoonguss|83\/100\n|\n|upkeep\n|turn|76\n|\n|t:|1699982478\n|move|p1a: Slowking|Foul Play|p2a: Amoonguss\n|-damage|p2a: Amoonguss|71\/100\n|move|p2a: Amoonguss|Spore|p1a: Slowking\n|-status|p1a: Slowking|slp|[from] move: Spore\n|\n|upkeep\n|turn|77\n|\n|t:|1699982490\n|switch|p1a: Talonflame|Talonflame, M|62\/100\n|switch|p2a: Dondozo|Dondozo, F|79\/100\n|\n|upkeep\n|turn|78\n|\n|t:|1699982496\n|switch|p1a: Blissey|Blissey, F|67\/100\n|move|p2a: Dondozo|Surf|p1a: Blissey\n|-damage|p1a: Blissey|60\/100\n|\n|upkeep\n|turn|79\n|\n|t:|1699982501\n|switch|p2a: Clefable|Clefable, M, tera:Ghost|100\/100 brn\n|move|p1a: Blissey|Body Slam|p2a: Clefable\n|-immune|p2a: Clefable\n|\n|upkeep\n|turn|80\n|\n|t:|1699982503\n|-singleturn|p2a: Clefable|move: Focus Punch\n|move|p1a: Blissey|Soft-Boiled|p1a: Blissey\n|-heal|p1a: Blissey|100\/100\n|move|p2a: Clefable|Focus Punch|p1a: Blissey\n|-supereffective|p1a: Blissey\n|-damage|p1a: Blissey|79\/100\n|\n|upkeep\n|turn|81\n|\n|t:|1699982511\n|switch|p1a: Talonflame|Talonflame, M|62\/100\n|-singleturn|p2a: Clefable|move: Focus Punch\n|move|p2a: Clefable|Focus Punch|p1a: Talonflame\n|-resisted|p1a: Talonflame\n|-damage|p1a: Talonflame|55\/100\n|\n|upkeep\n|turn|82\n|\n|t:|1699982516\n|move|p2a: Clefable|Protect|p2a: Clefable\n|-singleturn|p2a: Clefable|Protect\n|move|p1a: Talonflame|Roost|p1a: Talonflame\n|-heal|p1a: Talonflame|100\/100\n|-singleturn|p1a: Talonflame|move: Roost\n|\n|upkeep\n|turn|83\n|\n|t:|1699982527\n|switch|p2a: Alomomola|Alomomola, M|100\/100 tox\n|move|p1a: Talonflame|Flamethrower|p2a: Alomomola\n|-resisted|p2a: Alomomola\n|-damage|p2a: Alomomola|87\/100 tox\n|\n|-damage|p2a: Alomomola|80\/100 tox|[from] psn\n|upkeep\n|turn|84\n|\n|t:|1699982535\n|move|p1a: Talonflame|Flamethrower|p2a: Alomomola\n|-resisted|p2a: Alomomola\n|-damage|p2a: Alomomola|65\/100 tox\n|move|p2a: Alomomola|Scald|p1a: Talonflame\n|-supereffective|p1a: Talonflame\n|-damage|p1a: Talonflame|65\/100\n|\n|-damage|p2a: Alomomola|53\/100 tox|[from] psn\n|upkeep\n|turn|85\n|\n|t:|1699982542\n|switch|p2a: Clefable|Clefable, M, tera:Ghost|100\/100 brn\n|move|p1a: Talonflame|Roost|p1a: Talonflame\n|-heal|p1a: Talonflame|100\/100\n|-singleturn|p1a: Talonflame|move: Roost\n|\n|upkeep\n|turn|86\n|\n|t:|1699982550\n|move|p1a: Talonflame|Defog|p2a: Clefable\n|-unboost|p2a: Clefable|evasion|1\n|move|p2a: Clefable|Knock Off|p1a: Talonflame\n|-damage|p1a: Talonflame|93\/100\n|\n|upkeep\n|turn|87\n|\n|t:|1699982557\n|switch|p2a: Alomomola|Alomomola, M|86\/100 tox\n|move|p1a: Talonflame|Flamethrower|p2a: Alomomola\n|-resisted|p2a: Alomomola\n|-damage|p2a: Alomomola|71\/100 tox\n|\n|-damage|p2a: Alomomola|65\/100 tox|[from] psn\n|upkeep\n|turn|88\n|\n|t:|1699982560\n|switch|p2a: Clefable|Clefable, M, tera:Ghost|100\/100 brn\n|move|p1a: Talonflame|Flamethrower|p2a: Clefable\n|-damage|p2a: Clefable|78\/100 brn\n|\n|-heal|p2a: Clefable|84\/100 brn|[from] item: Leftovers\n|upkeep\n|turn|89\n|\n|t:|1699982563\n|move|p2a: Clefable|Protect|p2a: Clefable\n|-singleturn|p2a: Clefable|Protect\n|move|p1a: Talonflame|Defog|p2a: Clefable\n|-activate|p2a: Clefable|move: Protect\n|\n|-heal|p2a: Clefable|90\/100 brn|[from] item: Leftovers\n|upkeep\n|turn|90\n|\n|t:|1699982567\n|switch|p1a: Blissey|Blissey, F|79\/100\n|switch|p2a: Alomomola|Alomomola, M|98\/100 tox\n|\n|-damage|p2a: Alomomola|92\/100 tox|[from] psn\n|upkeep\n|turn|91\n|\n|t:|1699982572\n|switch|p1a: Greninja|Greninja, M, shiny|84\/100\n|switch|p2a: Clefable|Clefable, M, tera:Ghost|90\/100 brn\n|\n|-heal|p2a: Clefable|96\/100 brn|[from] item: Leftovers\n|upkeep\n|turn|92\n|\n|t:|1699982579\n|-terastallize|p1a: Greninja|Dark\n|move|p2a: Clefable|Protect|p2a: Clefable\n|-singleturn|p2a: Clefable|Protect\n|move|p1a: Greninja|Knock Off|p2a: Clefable\n|-activate|p2a: Clefable|move: Protect\n|\n|-heal|p2a: Clefable|100\/100 brn|[from] item: Leftovers\n|upkeep\n|turn|93\n|\n|t:|1699982583\n|switch|p2a: Dondozo|Dondozo, F|79\/100\n|move|p1a: Greninja|Knock Off|p2a: Dondozo\n|-damage|p2a: Dondozo|61\/100\n|\n|upkeep\n|turn|94\n|\n|t:|1699982588\n|switch|p1a: Blissey|Blissey, F|79\/100\n|move|p2a: Dondozo|Noble Roar|p1a: Blissey\n|-unboost|p1a: Blissey|atk|1\n|-unboost|p1a: Blissey|spa|1\n|\n|upkeep\n|turn|95\n|\n|t:|1699982591\n|move|p1a: Blissey|Body Slam|p2a: Dondozo\n|-crit|p2a: Dondozo\n|-damage|p2a: Dondozo|57\/100\n|move|p2a: Dondozo|Noble Roar|p1a: Blissey\n|-unboost|p1a: Blissey|atk|1\n|-unboost|p1a: Blissey|spa|1\n|\n|upkeep\n|turn|96\n|\n|t:|1699982602\n|switch|p1a: Greninja|Greninja, M, shiny|44\/100\n|switch|p2a: Clefable|Clefable, M, tera:Ghost|100\/100 brn\n|\n|upkeep\n|turn|97\n|\n|t:|1699982619\n|move|p2a: Clefable|Protect|p2a: Clefable\n|-singleturn|p2a: Clefable|Protect\n|move|p1a: Greninja|Night Slash|p2a: Clefable\n|-start|p1a: Greninja|typechange|Dark|[from] ability: Protean\n|-activate|p2a: Clefable|move: Protect\n|\n|upkeep\n|turn|98\n|\n|t:|1699982640\n|move|p1a: Greninja|Acrobatics|p2a: Clefable\n|-damage|p2a: Clefable|77\/100 brn\n|move|p2a: Clefable|Wish|p2a: Clefable\n|\n|-heal|p2a: Clefable|83\/100 brn|[from] item: Leftovers\n|upkeep\n|turn|99\n|\n|t:|1699982646\n|switch|p2a: Dondozo|Dondozo, F|57\/100\n|move|p1a: Greninja|Night Slash|p2a: Dondozo\n|-damage|p2a: Dondozo|44\/100\n|\n|-heal|p2a: Dondozo|83\/100|[from] move: Wish|[wisher] Clefable\n|upkeep\n|turn|100\n|\n|t:|1699982650\n|move|p1a: Greninja|U-turn|p2a: Dondozo\n|-damage|p2a: Dondozo|75\/100\n|\n|t:|1699982656\n|switch|p1a: Slowking|Slowking-Galar, F|100\/100 slp|[from] U-turn\n|move|p2a: Dondozo|Surf|p1a: Slowking\n|-damage|p1a: Slowking|81\/100 slp\n|\n|upkeep\n|turn|101\n|\n|t:|1699982661\n|switch|p1a: Blissey|Blissey, F|79\/100\n|move|p2a: Dondozo|Surf|p1a: Blissey\n|-damage|p1a: Blissey|71\/100\n|\n|upkeep\n|turn|102\n|\n|t:|1699982666\n|switch|p2a: Clefable|Clefable, M, tera:Ghost|83\/100 brn\n|move|p1a: Blissey|Rock Slide|p2a: Clefable\n|-crit|p2a: Clefable\n|-damage|p2a: Clefable|79\/100 brn\n|\n|-heal|p2a: Clefable|85\/100 brn|[from] item: Leftovers\n|upkeep\n|turn|103\n|\n|t:|1699982669\n|switch|p1a: Slowking|Slowking-Galar, F, tera:Dark|84\/100\n|-singleturn|p2a: Clefable|move: Focus Punch\n|move|p2a: Clefable|Focus Punch|p1a: Slowking\n|-supereffective|p1a: Slowking\n|-crit|p1a: Slowking\n|-damage|p1a: Slowking|4\/100\n|replace|p1a: Zoroark|Zoroark-Hisui, M\n|-end|p1a: Zoroark|Illusion\n|\n|-heal|p2a: Clefable|91\/100 brn|[from] item: Leftovers\n|upkeep\n|turn|104\n|\n|t:|1699982679\n|move|p2a: Clefable|Protect|p2a: Clefable\n|-singleturn|p2a: Clefable|Protect\n|move|p1a: Zoroark|Knock Off|p2a: Clefable\n|-activate|p2a: Clefable|move: Protect\n|\n|-heal|p2a: Clefable|97\/100 brn|[from] item: Leftovers\n|upkeep\n|turn|105\n|\n|t:|1699982686\n|switch|p2a: Dondozo|Dondozo, F|75\/100\n|move|p1a: Zoroark|Knock Off|p2a: Dondozo\n|-damage|p2a: Dondozo|57\/100\n|\n|upkeep\n|turn|106\n|\n|t:|1699982691\n|move|p1a: Zoroark|Knock Off|p2a: Dondozo\n|-damage|p2a: Dondozo|38\/100\n|move|p2a: Dondozo|Surf|p1a: Zoroark\n|-damage|p1a: Zoroark|0 fnt\n|faint|p1a: Zoroark\n|\n|upkeep\n|\n|t:|1699982695\n|switch|p1a: Greninja|Greninja, M, shiny|44\/100\n|turn|107\n|\n|t:|1699982699\n|move|p1a: Greninja|Acrobatics|p2a: Dondozo\n|-start|p1a: Greninja|typechange|Flying|[from] ability: Protean\n|-damage|p2a: Dondozo|17\/100\n|move|p2a: Dondozo|Rest|p2a: Dondozo\n|-status|p2a: Dondozo|slp|[from] move: Rest\n|-heal|p2a: Dondozo|100\/100 slp|[silent]\n|\n|upkeep\n|turn|108\n|\n|t:|1699982703\n|move|p1a: Greninja|Acrobatics|p2a: Dondozo\n|-damage|p2a: Dondozo|80\/100 slp\n|cant|p2a: Dondozo|slp\n|move|p2a: Dondozo|Sleep Talk|p2a: Dondozo\n|move|p2a: Dondozo|Noble Roar|p1a: Greninja|[from]move: Sleep Talk\n|-unboost|p1a: Greninja|atk|1\n|-unboost|p1a: Greninja|spa|1\n|\n|upkeep\n|turn|109\n|\n|t:|1699982710\n|switch|p1a: Slowking|Slowking-Galar, F|100\/100 slp\n|cant|p2a: Dondozo|slp\n|move|p2a: Dondozo|Sleep Talk|p2a: Dondozo\n|move|p2a: Dondozo|Surf|p1a: Slowking|[from]move: Sleep Talk\n|-damage|p1a: Slowking|82\/100 slp\n|\n|upkeep\n|turn|110\n|\n|t:|1699982719\n|switch|p2a: Clefable|Clefable, M, tera:Ghost|97\/100 brn\n|switch|p1a: Blissey|Blissey, F|71\/100\n|\n|-heal|p2a: Clefable|100\/100 brn|[from] item: Leftovers\n|upkeep\n|turn|111\n|\n|t:|1699982723\n|-singleturn|p2a: Clefable|move: Focus Punch\n|move|p1a: Blissey|Rock Slide|p2a: Clefable\n|-damage|p2a: Clefable|97\/100 brn\n|cant|p2a: Clefable|Focus Punch|Focus Punch\n|\n|-heal|p2a: Clefable|100\/100 brn|[from] item: Leftovers\n|upkeep\n|turn|112\n|\n|t:|1699982727\n|-singleturn|p2a: Clefable|move: Focus Punch\n|move|p1a: Blissey|Rock Slide|p2a: Clefable\n|-damage|p2a: Clefable|98\/100 brn\n|cant|p2a: Clefable|Focus Punch|Focus Punch\n|\n|-heal|p2a: Clefable|100\/100 brn|[from] item: Leftovers\n|upkeep\n|turn|113\n|\n|t:|1699982734\n|-singleturn|p2a: Clefable|move: Focus Punch\n|move|p1a: Blissey|Heal Bell|p1a: Blissey\n|-activate|p1a: Blissey|move: Heal Bell\n|-curestatus|p1: Slowking|slp|[msg]\n|move|p2a: Clefable|Focus Punch|p1a: Blissey\n|-supereffective|p1a: Blissey\n|-damage|p1a: Blissey|48\/100\n|\n|upkeep\n|turn|114\n|\n|t:|1699982744\n|move|p2a: Clefable|Knock Off|p1a: Blissey\n|-damage|p1a: Blissey|43\/100\n|move|p1a: Blissey|Soft-Boiled|p1a: Blissey\n|-heal|p1a: Blissey|93\/100\n|\n|upkeep\n|turn|115\n|\n|t:|1699982750\n|switch|p1a: Greninja|Greninja, M, shiny|44\/100\n|-singleturn|p2a: Clefable|move: Focus Punch\n|move|p2a: Clefable|Focus Punch|p1a: Greninja\n|-supereffective|p1a: Greninja\n|-damage|p1a: Greninja|0 fnt\n|faint|p1a: Greninja\n|\n|upkeep\n|c|\u2606BagMan187|gg\n|c|\u2606Blitz2656|gg\n|\n|t:|1699982763\n|switch|p1a: Slowking|Slowking-Galar, F|100\/100\n|turn|116\n|\n|t:|1699982771\n|switch|p2a: Alomomola|Alomomola, M|100\/100 tox\n|move|p1a: Slowking|Foul Play|p2a: Alomomola\n|-damage|p2a: Alomomola|93\/100 tox\n|\n|-damage|p2a: Alomomola|87\/100 tox|[from] psn\n|upkeep\n|turn|117\n|\n|t:|1699982776\n|move|p2a: Alomomola|Scald|p1a: Slowking\n|-damage|p1a: Slowking|90\/100\n|move|p1a: Slowking|Foul Play|p2a: Alomomola\n|-damage|p2a: Alomomola|80\/100 tox\n|\n|-damage|p2a: Alomomola|67\/100 tox|[from] psn\n|upkeep\n|turn|118\n|\n|t:|1699982783\n|switch|p2a: Amoonguss|Amoonguss, M|100\/100\n|move|p1a: Slowking|Chilly Reception|p1a: Slowking\n|-weather|Snow\n|\n|t:|1699982786\n|switch|p1a: Talonflame|Talonflame, M|93\/100|[from] Chilly Reception\n|\n|-weather|Snow|[upkeep]\n|upkeep\n|turn|119\n|\n|t:|1699982789\n|switch|p2a: Clefable|Clefable, M, tera:Ghost|100\/100 brn\n|move|p1a: Talonflame|Flamethrower|p2a: Clefable\n|-crit|p2a: Clefable\n|-damage|p2a: Clefable|63\/100 brn\n|\n|-weather|Snow|[upkeep]\n|-heal|p2a: Clefable|69\/100 brn|[from] item: Leftovers\n|upkeep\n|turn|120\n|\n|t:|1699982793\n|move|p1a: Talonflame|Flamethrower|p2a: Clefable\n|-damage|p2a: Clefable|46\/100 brn\n|move|p2a: Clefable|Wish|p2a: Clefable\n|\n|-weather|Snow|[upkeep]\n|-heal|p2a: Clefable|52\/100 brn|[from] item: Leftovers\n|upkeep\n|turn|121\n|\n|t:|1699982797\n|move|p2a: Clefable|Protect|p2a: Clefable\n|-singleturn|p2a: Clefable|Protect\n|move|p1a: Talonflame|Defog|p2a: Clefable\n|-activate|p2a: Clefable|move: Protect\n|\n|-weather|Snow|[upkeep]\n|-heal|p2a: Clefable|100\/100 brn|[from] move: Wish|[wisher] Clefable\n|upkeep\n|turn|122\n|-message|BagMan187 forfeited.\n|\n|win|Blitz2656\n|l|\u2606BagMan187\n","uploadtime":1699982806,"views":23,"p1id":"bagman187","p2id":"blitz2656","formatid":"gen9ubers","rating":0,"private":0,"password":""}