{"id":"gen9ubers-1968339582","p1":"Finchely","p2":"nimjaishot","format":"[Gen 9] Ubers","log":"|j|\u2606Finchely\n|j|\u2606nimjaishot\n|t:|1697407783\n|gametype|singles\n|player|p1|Finchely|acetrainerf|\n|player|p2|nimjaishot|winona-gen6|\n|teamsize|p1|6\n|teamsize|p2|6\n|gen|9\n|tier|[Gen 9] Ubers\n|rule|Sleep Clause Mod: Limit one foe put to sleep\n|rule|Species Clause: Limit one of each Pok\u00e9mon\n|rule|OHKO Clause: OHKO moves are banned\n|rule|Evasion Items Clause: Evasion items are banned\n|rule|Evasion Moves Clause: Evasion moves are banned\n|rule|Endless Battle Clause: Forcing endless battles is banned\n|rule|HP Percentage Mod: HP is shown in percentages\n|clearpoke\n|poke|p1|Palkia-Origin|\n|poke|p1|Arceus-Poison|\n|poke|p1|Giratina|\n|poke|p1|Shaymin-Sky|\n|poke|p1|Magearna-Original|\n|poke|p1|Zacian-*|\n|poke|p2|Giratina|\n|poke|p2|Gliscor, F|\n|poke|p2|Arceus-Poison|\n|poke|p2|Gholdengo|\n|poke|p2|Magearna|\n|poke|p2|Cresselia, F|\n|teampreview\n|c|\u2606Finchely|glhf!\n|c|\u2606nimjaishot|gl hff\n|c|\u2606Finchely|also this is kind of an experimental team so it'll probably do kind of shit\n|c|\u2606nimjaishot|same here\n|\n|t:|1697407849\n|start\n|switch|p1a: Palkia|Palkia-Origin, shiny|100\/100\n|switch|p2a: Gliscor|Gliscor, F|100\/100\n|-ability|p1a: Palkia|Pressure\n|turn|1\n|\n|t:|1697407859\n|switch|p2a: Giratina|Giratina|100\/100\n|-ability|p2a: Giratina|Pressure\n|move|p1a: Palkia|Hydro Pump|p2a: Giratina|[miss]\n|-miss|p1a: Palkia|p2a: Giratina\n|\n|upkeep\n|turn|2\n|\n|t:|1697407889\n|switch|p1a: Arceus|Arceus-Poison, shiny|100\/100\n|switch|p2a: Magearna|Magearna|100\/100\n|\n|upkeep\n|turn|3\n|\n|t:|1697407899\n|move|p1a: Arceus|Taunt|p2a: Magearna\n|-start|p2a: Magearna|move: Taunt\n|move|p2a: Magearna|Volt Switch|p1a: Arceus\n|-damage|p1a: Arceus|86\/100\n|\n|t:|1697407902\n|switch|p2a: Gliscor|Gliscor, F|100\/100|[from] Volt Switch\n|\n|-status|p2a: Gliscor|tox|[from] item: Toxic Orb\n|upkeep\n|turn|4\n|\n|t:|1697407922\n|move|p1a: Arceus|Judgment|p2a: Gliscor\n|-resisted|p2a: Gliscor\n|-damage|p2a: Gliscor|74\/100 tox\n|move|p2a: Gliscor|Earthquake|p1a: Arceus\n|-supereffective|p1a: Arceus\n|-damage|p1a: Arceus|53\/100\n|\n|-heal|p2a: Gliscor|86\/100 tox|[from] ability: Poison Heal\n|upkeep\n|turn|5\n|\n|t:|1697407930\n|switch|p1a: Shaymin|Shaymin-Sky, shiny|100\/100\n|move|p2a: Gliscor|Earthquake|p1a: Shaymin\n|-immune|p1a: Shaymin\n|\n|-heal|p2a: Gliscor|99\/100 tox|[from] ability: Poison Heal\n|upkeep\n|turn|6\n|\n|t:|1697407946\n|move|p1a: Shaymin|Seed Flare|p2a: Gliscor\n|-damage|p2a: Gliscor|25\/100 tox\n|-unboost|p2a: Gliscor|spd|2\n|move|p2a: Gliscor|Toxic|p1a: Shaymin\n|-status|p1a: Shaymin|tox\n|\n|-damage|p1a: Shaymin|94\/100 tox|[from] psn\n|-heal|p2a: Gliscor|38\/100 tox|[from] ability: Poison Heal\n|upkeep\n|turn|7\n|\n|t:|1697407953\n|move|p2a: Gliscor|Protect|p2a: Gliscor\n|-singleturn|p2a: Gliscor|Protect\n|move|p1a: Shaymin|Seed Flare|p2a: Gliscor\n|-activate|p2a: Gliscor|move: Protect\n|\n|-damage|p1a: Shaymin|82\/100 tox|[from] psn\n|-heal|p2a: Gliscor|50\/100 tox|[from] ability: Poison Heal\n|upkeep\n|turn|8\n|\n|t:|1697407969\n|switch|p1a: Palkia|Palkia-Origin, shiny|100\/100\n|-ability|p1a: Palkia|Pressure\n|switch|p2a: Giratina|Giratina|100\/100\n|-ability|p2a: Giratina|Pressure\n|\n|upkeep\n|turn|9\n|\n|t:|1697407975\n|move|p1a: Palkia|Spacial Rend|p2a: Giratina\n|-supereffective|p2a: Giratina\n|-crit|p2a: Giratina\n|-damage|p2a: Giratina|0 fnt\n|faint|p2a: Giratina\n|\n|upkeep\n|\n|t:|1697407981\n|switch|p2a: Cresselia|Cresselia, F|100\/100\n|turn|10\n|\n|t:|1697407987\n|move|p1a: Palkia|Substitute|p1a: Palkia\n|-start|p1a: Palkia|Substitute\n|-damage|p1a: Palkia|76\/100\n|move|p2a: Cresselia|Calm Mind|p2a: Cresselia\n|-boost|p2a: Cresselia|spa|1\n|-boost|p2a: Cresselia|spd|1\n|\n|upkeep\n|turn|11\n|\n|t:|1697407995\n|move|p1a: Palkia|Hydro Pump|p2a: Cresselia|[miss]\n|-miss|p1a: Palkia|p2a: Cresselia\n|move|p2a: Cresselia|Moonblast|p1a: Palkia\n|-supereffective|p1a: Palkia\n|-end|p1a: Palkia|Substitute\n|\n|upkeep\n|turn|12\n|\n|t:|1697408008\n|switch|p1a: Arceus|Arceus-Poison, shiny|53\/100\n|move|p2a: Cresselia|Moonblast|p1a: Arceus\n|-resisted|p1a: Arceus\n|-damage|p1a: Arceus|44\/100\n|\n|upkeep\n|turn|13\n|\n|t:|1697408016\n|move|p1a: Arceus|Taunt|p2a: Cresselia\n|-start|p2a: Cresselia|move: Taunt\n|move|p2a: Cresselia|Stored Power|p1a: Arceus\n|-supereffective|p1a: Arceus\n|-damage|p1a: Arceus|14\/100\n|\n|upkeep\n|turn|14\n|\n|t:|1697408021\n|move|p1a: Arceus|Recover|p1a: Arceus\n|-heal|p1a: Arceus|64\/100\n|move|p2a: Cresselia|Stored Power|p1a: Arceus\n|-supereffective|p1a: Arceus\n|-damage|p1a: Arceus|30\/100\n|\n|upkeep\n|turn|15\n|\n|t:|1697408026\n|switch|p2a: Gliscor|Gliscor, F|50\/100 tox\n|move|p1a: Arceus|Recover|p1a: Arceus\n|-heal|p1a: Arceus|80\/100\n|\n|-heal|p2a: Gliscor|63\/100 tox|[from] ability: Poison Heal\n|upkeep\n|turn|16\n|\n|t:|1697408063\n|switch|p1a: Magearna|Magearna-Original|100\/100\n|move|p2a: Gliscor|Earthquake|p1a: Magearna\n|-supereffective|p1a: Magearna\n|-damage|p1a: Magearna|46\/100\n|\n|-heal|p1a: Magearna|52\/100|[from] item: Leftovers\n|-heal|p2a: Gliscor|75\/100 tox|[from] ability: Poison Heal\n|upkeep\n|turn|17\n|\n|t:|1697408093\n|move|p2a: Gliscor|Earthquake|p1a: Magearna\n|-supereffective|p1a: Magearna\n|-damage|p1a: Magearna|0 fnt\n|faint|p1a: Magearna\n|\n|-heal|p2a: Gliscor|88\/100 tox|[from] ability: Poison Heal\n|upkeep\n|\n|t:|1697408111\n|switch|p1a: Palkia|Palkia-Origin, shiny|76\/100\n|-ability|p1a: Palkia|Pressure\n|turn|18\n|\n|t:|1697408159\n|-terastallize|p2a: Gliscor|Water\n|move|p1a: Palkia|Hydro Pump|p2a: Gliscor\n|-resisted|p2a: Gliscor\n|-damage|p2a: Gliscor|37\/100 tox\n|move|p2a: Gliscor|Knock Off|p1a: Palkia\n|-damage|p1a: Palkia|60\/100\n|\n|-heal|p2a: Gliscor|50\/100 tox|[from] ability: Poison Heal\n|upkeep\n|turn|19\n|\n|t:|1697408167\n|move|p2a: Gliscor|Protect|p2a: Gliscor\n|-singleturn|p2a: Gliscor|Protect\n|move|p1a: Palkia|Spacial Rend|p2a: Gliscor\n|-activate|p2a: Gliscor|move: Protect\n|\n|-heal|p2a: Gliscor|62\/100 tox|[from] ability: Poison Heal\n|upkeep\n|turn|20\n|c|\u2606nimjaishot|i forgor\n|\n|t:|1697408176\n|switch|p2a: Magearna|Magearna|100\/100\n|move|p1a: Palkia|Spacial Rend|p2a: Magearna\n|-immune|p2a: Magearna\n|\n|upkeep\n|turn|21\n|\n|t:|1697408185\n|move|p1a: Palkia|Substitute|p1a: Palkia\n|-start|p1a: Palkia|Substitute\n|-damage|p1a: Palkia|35\/100\n|move|p2a: Magearna|Draining Kiss|p1a: Palkia\n|-supereffective|p1a: Palkia\n|-end|p1a: Palkia|Substitute\n|\n|upkeep\n|turn|22\n|\n|t:|1697408190\n|switch|p1a: Arceus|Arceus-Poison, shiny|80\/100\n|move|p2a: Magearna|Draining Kiss|p1a: Arceus\n|-resisted|p1a: Arceus\n|-damage|p1a: Arceus|72\/100\n|\n|upkeep\n|turn|23\n|\n|t:|1697408193\n|move|p1a: Arceus|Thunder Wave|p2a: Magearna\n|-status|p2a: Magearna|par\n|move|p2a: Magearna|Volt Switch|p1a: Arceus\n|-damage|p1a: Arceus|58\/100\n|\n|t:|1697408198\n|switch|p2a: Gliscor|Gliscor, F, tera:Water|62\/100 tox|[from] Volt Switch\n|\n|-heal|p2a: Gliscor|75\/100 tox|[from] ability: Poison Heal\n|upkeep\n|turn|24\n|\n|t:|1697408202\n|move|p1a: Arceus|Judgment|p2a: Gliscor\n|-damage|p2a: Gliscor|17\/100 tox\n|move|p2a: Gliscor|Earthquake|p1a: Arceus\n|-supereffective|p1a: Arceus\n|-damage|p1a: Arceus|26\/100\n|\n|-heal|p2a: Gliscor|30\/100 tox|[from] ability: Poison Heal\n|upkeep\n|turn|25\n|\n|t:|1697408209\n|switch|p2a: Gholdengo|Gholdengo|100\/100\n|-item|p2a: Gholdengo|Air Balloon\n|move|p1a: Arceus|Recover|p1a: Arceus\n|-heal|p1a: Arceus|76\/100\n|\n|upkeep\n|turn|26\n|\n|t:|1697408220\n|switch|p1a: Giratina|Giratina, shiny|100\/100\n|-ability|p1a: Giratina|Pressure\n|move|p2a: Gholdengo|Thunder Wave|p1a: Giratina\n|-status|p1a: Giratina|par\n|\n|upkeep\n|turn|27\n|\n|t:|1697408227\n|move|p2a: Gholdengo|Hex|p1a: Giratina\n|-supereffective|p1a: Giratina\n|-damage|p1a: Giratina|52\/100 par\n|move|p1a: Giratina|Hex|p2a: Gholdengo\n|-supereffective|p2a: Gholdengo\n|-damage|p2a: Gholdengo|70\/100\n|-enditem|p2a: Gholdengo|Air Balloon\n|\n|upkeep\n|turn|28\n|\n|t:|1697408241\n|move|p2a: Gholdengo|Hex|p1a: Giratina\n|-supereffective|p1a: Giratina\n|-damage|p1a: Giratina|2\/100 par\n|move|p1a: Giratina|Hex|p2a: Gholdengo\n|-supereffective|p2a: Gholdengo\n|-damage|p2a: Gholdengo|37\/100\n|\n|upkeep\n|turn|29\n|\n|t:|1697408245\n|move|p2a: Gholdengo|Recover|p2a: Gholdengo\n|-heal|p2a: Gholdengo|87\/100\n|move|p1a: Giratina|Hex|p2a: Gholdengo\n|-supereffective|p2a: Gholdengo\n|-damage|p2a: Gholdengo|58\/100\n|\n|upkeep\n|turn|30\n|\n|t:|1697408249\n|move|p2a: Gholdengo|Hex|p1a: Giratina\n|-supereffective|p1a: Giratina\n|-damage|p1a: Giratina|0 fnt\n|faint|p1a: Giratina\n|\n|upkeep\n|\n|t:|1697408252\n|switch|p1a: Zacian|Zacian, shiny|100\/100\n|-ability|p1a: Zacian|Intrepid Sword|boost\n|-boost|p1a: Zacian|atk|1\n|turn|31\n|\n|t:|1697408259\n|switch|p2a: Magearna|Magearna|100\/100 par\n|-terastallize|p1a: Zacian|Ground\n|move|p1a: Zacian|Tera Blast|p2a: Magearna|[anim] Tera Blast Ground\n|-supereffective|p2a: Magearna\n|-damage|p2a: Magearna|23\/100 par\n|\n|-heal|p2a: Magearna|29\/100 par|[from] item: Leftovers\n|upkeep\n|turn|32\n|\n|t:|1697408269\n|move|p1a: Zacian|Swords Dance|p1a: Zacian\n|-boost|p1a: Zacian|atk|2\n|move|p2a: Magearna|Encore|p1a: Zacian\n|-start|p1a: Zacian|Encore\n|\n|-heal|p2a: Magearna|35\/100 par|[from] item: Leftovers\n|upkeep\n|turn|33\n|\n|t:|1697408277\n|switch|p2a: Arceus|Arceus-Poison|100\/100\n|move|p1a: Zacian|Swords Dance|p1a: Zacian\n|-boost|p1a: Zacian|atk|2\n|\n|upkeep\n|turn|34\n|\n|t:|1697408280\n|move|p1a: Zacian|Swords Dance|p1a: Zacian\n|-boost|p1a: Zacian|atk|1\n|move|p2a: Arceus|Roar|p1a: Zacian\n|drag|p1a: Shaymin|Shaymin-Sky, shiny|82\/100 tox\n|\n|-damage|p1a: Shaymin|76\/100 tox|[from] psn\n|upkeep\n|turn|35\n|\n|t:|1697408287\n|move|p1a: Shaymin|Earth Power|p2a: Arceus\n|-supereffective|p2a: Arceus\n|-damage|p2a: Arceus|67\/100\n|-unboost|p2a: Arceus|spd|1\n|move|p2a: Arceus|Poison Jab|p1a: Shaymin\n|-supereffective|p1a: Shaymin\n|-damage|p1a: Shaymin|0 fnt\n|faint|p1a: Shaymin\n|\n|upkeep\n|\n|t:|1697408295\n|switch|p1a: Zacian|Zacian, shiny, tera:Ground|100\/100\n|turn|36\n|\n|t:|1697408299\n|switch|p2a: Cresselia|Cresselia, F|100\/100\n|move|p1a: Zacian|Tera Blast|p2a: Cresselia|[anim] Tera Blast Ground\n|-immune|p2a: Cresselia|[from] ability: Levitate\n|\n|upkeep\n|turn|37\n|\n|t:|1697408304\n|move|p1a: Zacian|Swords Dance|p1a: Zacian\n|-boost|p1a: Zacian|atk|2\n|move|p2a: Cresselia|Calm Mind|p2a: Cresselia\n|-boost|p2a: Cresselia|spa|1\n|-boost|p2a: Cresselia|spd|1\n|\n|upkeep\n|turn|38\n|\n|t:|1697408310\n|move|p1a: Zacian|Play Rough|p2a: Cresselia|[miss]\n|-miss|p1a: Zacian|p2a: Cresselia\n|move|p2a: Cresselia|Moonblast|p1a: Zacian\n|-damage|p1a: Zacian|74\/100\n|\n|upkeep\n|turn|39\n|\n|t:|1697408315\n|move|p1a: Zacian|Play Rough|p2a: Cresselia\n|-damage|p2a: Cresselia|51\/100\n|move|p2a: Cresselia|Moonblast|p1a: Zacian\n|-damage|p1a: Zacian|50\/100\n|\n|-heal|p2a: Cresselia|57\/100|[from] item: Leftovers\n|upkeep\n|turn|40\n|\n|t:|1697408321\n|move|p1a: Zacian|Play Rough|p2a: Cresselia\n|-damage|p2a: Cresselia|11\/100\n|move|p2a: Cresselia|Moonblast|p1a: Zacian\n|-damage|p1a: Zacian|27\/100\n|\n|-heal|p2a: Cresselia|17\/100|[from] item: Leftovers\n|upkeep\n|turn|41\n|\n|t:|1697408327\n|move|p1a: Zacian|Close Combat|p2a: Cresselia\n|-resisted|p2a: Cresselia\n|-damage|p2a: Cresselia|0 fnt\n|-unboost|p1a: Zacian|def|1\n|-unboost|p1a: Zacian|spd|1\n|faint|p2a: Cresselia\n|\n|upkeep\n|\n|t:|1697408341\n|switch|p2a: Gliscor|Gliscor, F, tera:Water|30\/100 tox\n|turn|42\n|\n|t:|1697408346\n|move|p2a: Gliscor|Protect|p2a: Gliscor\n|-singleturn|p2a: Gliscor|Protect\n|move|p1a: Zacian|Close Combat|p2a: Gliscor\n|-activate|p2a: Gliscor|move: Protect\n|\n|-heal|p2a: Gliscor|42\/100 tox|[from] ability: Poison Heal\n|upkeep\n|turn|43\n|\n|t:|1697408353\n|move|p1a: Zacian|Close Combat|p2a: Gliscor\n|-damage|p2a: Gliscor|0 fnt\n|-unboost|p1a: Zacian|def|1\n|-unboost|p1a: Zacian|spd|1\n|faint|p2a: Gliscor\n|\n|upkeep\n|\n|t:|1697408368\n|switch|p2a: Magearna|Magearna|35\/100 par\n|turn|44\n|\n|t:|1697408371\n|move|p1a: Zacian|Tera Blast|p2a: Magearna|[anim] Tera Blast Ground\n|-supereffective|p2a: Magearna\n|-damage|p2a: Magearna|0 fnt\n|faint|p2a: Magearna\n|\n|upkeep\n|\n|t:|1697408373\n|switch|p2a: Gholdengo|Gholdengo|58\/100\n|turn|45\n|\n|t:|1697408375\n|move|p1a: Zacian|Tera Blast|p2a: Gholdengo|[anim] Tera Blast Ground\n|-supereffective|p2a: Gholdengo\n|-damage|p2a: Gholdengo|0 fnt\n|faint|p2a: Gholdengo\n|\n|upkeep\n|c|\u2606nimjaishot|ggs\n|\n|t:|1697408378\n|switch|p2a: Arceus|Arceus-Poison|67\/100\n|turn|46\n|c|\u2606Finchely|gg\n|\n|t:|1697408381\n|move|p1a: Zacian|Tera Blast|p2a: Arceus|[anim] Tera Blast Ground\n|-supereffective|p2a: Arceus\n|-damage|p2a: Arceus|0 fnt\n|faint|p2a: Arceus\n|\n|win|Finchely\n|l|\u2606Finchely\n|j|\u2606Finchely\n|player|p1|Finchely|acetrainerf\n|l|\u2606nimjaishot\n","uploadtime":1697408391,"views":46,"p1id":"finchely","p2id":"nimjaishot","formatid":"gen9ubers","rating":0,"private":0,"password":""}