{"id":"gen9ubers-1976511511","p1":"LenquAn","p2":"hisuian helios","format":"[Gen 9] Ubers","log":"|j|\u2606LenquAn\n|j|\u2606hisuian helios\n|t:|1698315268\n|gametype|singles\n|player|p1|LenquAn|101|1338\n|player|p2|hisuian helios|1|1515\n|teamsize|p1|6\n|teamsize|p2|6\n|gen|9\n|tier|[Gen 9] Ubers\n|rated|\n|rule|Sleep Clause Mod: Limit one foe put to sleep\n|rule|Species Clause: Limit one of each Pok\u00e9mon\n|rule|OHKO Clause: OHKO moves are banned\n|rule|Evasion Items Clause: Evasion items are banned\n|rule|Evasion Moves Clause: Evasion moves are banned\n|rule|Endless Battle Clause: Forcing endless battles is banned\n|rule|HP Percentage Mod: HP is shown in percentages\n|clearpoke\n|poke|p1|Calyrex-Ice|\n|poke|p1|Koraidon|\n|poke|p1|Miraidon|\n|poke|p1|Hatterene, F|\n|poke|p1|Arceus-Poison|\n|poke|p1|Corviknight, M|\n|poke|p2|Shaymin-Sky|\n|poke|p2|Glimmora, F|\n|poke|p2|Koraidon|\n|poke|p2|Zacian-*|\n|poke|p2|Kingambit, M|\n|poke|p2|Arceus-Ground|\n|teampreview\n|inactive|Battle timer is ON: inactive players will automatically lose when time's up. (requested by LenquAn)\n|\n|t:|1698315278\n|start\n|switch|p1a: Arceus|Arceus-Poison|100\/100\n|switch|p2a: Kingambit|Kingambit, M|100\/100\n|turn|1\n|\n|t:|1698315287\n|move|p1a: Arceus|Stealth Rock|p2a: Kingambit\n|-sidestart|p2: hisuian helios|move: Stealth Rock\n|move|p2a: Kingambit|Swords Dance|p2a: Kingambit\n|-boost|p2a: Kingambit|atk|2\n|\n|upkeep\n|turn|2\n|\n|t:|1698315293\n|move|p1a: Arceus|Earth Power|p2a: Kingambit\n|-supereffective|p2a: Kingambit\n|-damage|p2a: Kingambit|47\/100\n|move|p2a: Kingambit|Kowtow Cleave|p1a: Arceus\n|-crit|p1a: Arceus\n|-damage|p1a: Arceus|0 fnt\n|faint|p1a: Arceus\n|\n|upkeep\n|\n|t:|1698315305\n|switch|p1a: Koraidon|Koraidon|100\/100\n|-weather|SunnyDay|[from] ability: Orichalcum Pulse|[of] p1a: Koraidon\n|-activate|p1a: Koraidon|Orichalcum Pulse|[source]\n|turn|3\n|\n|t:|1698315315\n|-end|p2a: Kingambit|fallenundefined|[silent]\n|switch|p2a: Arceus|Arceus-Ground|100\/100\n|-damage|p2a: Arceus|94\/100|[from] Stealth Rock\n|move|p1a: Koraidon|Collision Course|p2a: Arceus\n|-damage|p2a: Arceus|44\/100\n|\n|-weather|SunnyDay|[upkeep]\n|upkeep\n|turn|4\n|\n|t:|1698315327\n|move|p1a: Koraidon|Collision Course|p2a: Arceus\n|-damage|p2a: Arceus|0 fnt\n|faint|p2a: Arceus\n|\n|-weather|SunnyDay|[upkeep]\n|upkeep\n|\n|t:|1698315336\n|switch|p2a: Shaymin|Shaymin-Sky|100\/100\n|-damage|p2a: Shaymin|76\/100|[from] Stealth Rock\n|turn|5\n|\n|t:|1698315339\n|switch|p1a: Corviknight|Corviknight, M|100\/100\n|-ability|p1a: Corviknight|Pressure\n|move|p2a: Shaymin|Air Slash|p1a: Corviknight\n|-resisted|p1a: Corviknight\n|-damage|p1a: Corviknight|88\/100\n|\n|-weather|SunnyDay|[upkeep]\n|-heal|p1a: Corviknight|94\/100|[from] item: Leftovers\n|upkeep\n|turn|6\n|\n|t:|1698315350\n|switch|p2a: Koraidon|Koraidon|100\/100\n|-damage|p2a: Koraidon|94\/100|[from] Stealth Rock\n|-activate|p2a: Koraidon|ability: Orichalcum Pulse\n|move|p1a: Corviknight|U-turn|p2a: Koraidon\n|-resisted|p2a: Koraidon\n|-damage|p2a: Koraidon|88\/100\n|\n|t:|1698315363\n|switch|p1a: Miraidon|Miraidon|100\/100|[from] U-turn\n|-fieldstart|move: Electric Terrain|[from] ability: Hadron Engine|[of] p1a: Miraidon\n|\n|-weather|SunnyDay|[upkeep]\n|upkeep\n|turn|7\n|\n|t:|1698315370\n|switch|p1a: Hatterene|Hatterene, F|100\/100\n|-terastallize|p2a: Koraidon|Steel\n|move|p2a: Koraidon|Scale Shot|p1a: Hatterene\n|-immune|p1a: Hatterene\n|\n|-weather|none\n|upkeep\n|turn|8\n|\n|t:|1698315381\n|move|p2a: Koraidon|Flare Blitz|p1a: Hatterene\n|-damage|p1a: Hatterene|63\/100\n|-damage|p2a: Koraidon|78\/100|[from] Recoil\n|-enditem|p1a: Hatterene|Eject Button\n|\n|t:|1698315387\n|switch|p1a: Koraidon|Koraidon|100\/100\n|-weather|SunnyDay|[from] ability: Orichalcum Pulse|[of] p1a: Koraidon\n|-activate|p1a: Koraidon|Orichalcum Pulse|[source]\n|\n|-weather|SunnyDay|[upkeep]\n|upkeep\n|turn|9\n|\n|t:|1698315394\n|switch|p2a: Shaymin|Shaymin-Sky|76\/100\n|-damage|p2a: Shaymin|51\/100|[from] Stealth Rock\n|move|p1a: Koraidon|Collision Course|p2a: Shaymin\n|-resisted|p2a: Shaymin\n|-damage|p2a: Shaymin|10\/100\n|\n|-weather|SunnyDay|[upkeep]\n|upkeep\n|turn|10\n|\n|t:|1698315405\n|move|p1a: Koraidon|Collision Course|p2a: Shaymin\n|-resisted|p2a: Shaymin\n|-damage|p2a: Shaymin|0 fnt\n|faint|p2a: Shaymin\n|\n|-weather|SunnyDay|[upkeep]\n|-fieldend|move: Electric Terrain\n|upkeep\n|\n|t:|1698315412\n|switch|p2a: Zacian|Zacian-Crowned|100\/100\n|-damage|p2a: Zacian|94\/100|[from] Stealth Rock\n|-ability|p2a: Zacian|Intrepid Sword|boost\n|-boost|p2a: Zacian|atk|1\n|turn|11\n|\n|t:|1698315439\n|switch|p1a: Hatterene|Hatterene, F|63\/100\n|move|p2a: Zacian|Play Rough|p1a: Hatterene\n|-damage|p1a: Hatterene|3\/100\n|\n|-weather|SunnyDay|[upkeep]\n|upkeep\n|turn|12\n|\n|t:|1698315448\n|move|p2a: Zacian|Behemoth Blade|p1a: Hatterene\n|-supereffective|p1a: Hatterene\n|-damage|p1a: Hatterene|0 fnt\n|faint|p1a: Hatterene\n|\n|-weather|none\n|upkeep\n|\n|t:|1698315462\n|switch|p1a: Calyrex|Calyrex-Ice|100\/100\n|-ability|p1a: Calyrex|As One\n|-ability|p1a: Calyrex|Unnerve\n|turn|13\n|\n|t:|1698315466\n|-terastallize|p1a: Calyrex|Ground\n|move|p2a: Zacian|Behemoth Blade|p1a: Calyrex\n|-damage|p1a: Calyrex|39\/100\n|move|p1a: Calyrex|High Horsepower|p2a: Zacian\n|-supereffective|p2a: Zacian\n|-damage|p2a: Zacian|0 fnt\n|faint|p2a: Zacian\n|-ability|p1a: Calyrex|Chilling Neigh|boost\n|-boost|p1a: Calyrex|atk|1\n|\n|-heal|p1a: Calyrex|45\/100|[from] item: Leftovers\n|upkeep\n|inactive|hisuian helios has 120 seconds left.\n|\n|t:|1698315500\n|switch|p2a: Koraidon|Koraidon, tera:Steel|78\/100\n|-damage|p2a: Koraidon|71\/100|[from] Stealth Rock\n|-weather|SunnyDay|[from] ability: Orichalcum Pulse|[of] p2a: Koraidon\n|-activate|p2a: Koraidon|Orichalcum Pulse|[source]\n|turn|14\n|\n|t:|1698315505\n|move|p2a: Koraidon|Scale Shot|p1a: Calyrex\n|-damage|p1a: Calyrex|31\/100\n|-damage|p1a: Calyrex|16\/100\n|-damage|p1a: Calyrex|2\/100\n|-damage|p1a: Calyrex|0 fnt\n|faint|p1a: Calyrex\n|-hitcount|p1: Calyrex|4\n|-unboost|p2a: Koraidon|def|1\n|-boost|p2a: Koraidon|spe|1\n|\n|-weather|SunnyDay|[upkeep]\n|upkeep\n|\n|t:|1698315520\n|switch|p1a: Koraidon|Koraidon|100\/100\n|-activate|p1a: Koraidon|ability: Orichalcum Pulse\n|turn|15\n|\n|t:|1698315525\n|switch|p2a: Glimmora|Glimmora, F|100\/100\n|-damage|p2a: Glimmora|88\/100|[from] Stealth Rock\n|move|p1a: Koraidon|Collision Course|p2a: Glimmora\n|-damage|p2a: Glimmora|0 fnt\n|-activate|p2a: Glimmora|ability: Toxic Debris\n|-sidestart|p1: LenquAn|move: Toxic Spikes\n|faint|p2a: Glimmora\n|\n|-weather|SunnyDay|[upkeep]\n|upkeep\n|-message|hisuian helios forfeited.\n|\n|win|LenquAn\n|raw|LenquAn's rating: 1338 &rarr; <strong>1367<\/strong><br \/>(+29 for winning)\n|raw|hisuian helios's rating: 1515 &rarr; <strong>1486<\/strong><br \/>(-29 for losing)\n|l|\u2606hisuian helios\n","uploadtime":1698315539,"views":10,"p1id":"lenquan","p2id":"hisuianhelios","formatid":"gen9ubers","rating":1367,"private":0,"password":""}