{"id":"gen9ubers-1989610964","p1":"Skotchaud","p2":"Asta_RPPLF","format":"[Gen 9] Ubers","log":"|j|\u2606Skotchaud\n|j|\u2606Asta_RPPLF\n|t:|1699878605\n|gametype|singles\n|player|p1|Skotchaud|noland|\n|player|p2|Asta_RPPLF|#wcop2023belgium|\n|teamsize|p1|6\n|teamsize|p2|6\n|gen|9\n|tier|[Gen 9] Ubers\n|rule|Sleep Clause Mod: Limit one foe put to sleep\n|rule|Species Clause: Limit one of each Pok\u00e9mon\n|rule|OHKO Clause: OHKO moves are banned\n|rule|Evasion Items Clause: Evasion items are banned\n|rule|Evasion Moves Clause: Evasion moves are banned\n|rule|Endless Battle Clause: Forcing endless battles is banned\n|rule|HP Percentage Mod: HP is shown in percentages\n|clearpoke\n|poke|p1|Greninja-*, M|\n|poke|p1|Ogerpon-Hearthflame, F|\n|poke|p1|Kingambit, F|\n|poke|p1|Cinderace, F|\n|poke|p1|Dondozo, F|\n|poke|p1|Dragonite, M|\n|poke|p2|Ursaluna-Bloodmoon, M|\n|poke|p2|Rillaboom, M|\n|poke|p2|Sneasler, F|\n|poke|p2|Cinderace, F|\n|poke|p2|Ogerpon-Wellspring, F|\n|poke|p2|Grimmsnarl, M|\n|teampreview\n|j| jimcf\n|j| AyanYuli\n|\n|t:|1699878655\n|start\n|switch|p1a: Kisame|Greninja, M|100\/100\n|switch|p2a: Grimmsnarl|Grimmsnarl, M|100\/100\n|turn|1\n|\n|t:|1699878672\n|move|p2a: Grimmsnarl|Light Screen|p2a: Grimmsnarl\n|-sidestart|p2: Asta_RPPLF|move: Light Screen\n|move|p1a: Kisame|Ice Beam|p2a: Grimmsnarl\n|-start|p1a: Kisame|typechange|Ice|[from] ability: Protean\n|-damage|p2a: Grimmsnarl|80\/100\n|\n|upkeep\n|turn|2\n|\n|t:|1699878710\n|switch|p1a: Derek Shepherd|Kingambit, F|100\/100\n|switch|p2a: Ogerpon|Ogerpon-Wellspring, F|100\/100\n|\n|upkeep\n|turn|3\n|\n|t:|1699878735\n|switch|p2a: Sneasler|Sneasler, F|100\/100\n|-end|p1a: Derek Shepherd|fallenundefined|[silent]\n|switch|p1a: Dragonite|Dragonite, M|100\/100\n|\n|upkeep\n|turn|4\n|\n|t:|1699878763\n|switch|p2a: Grimmsnarl|Grimmsnarl, M|80\/100\n|move|p1a: Dragonite|Dragon Dance|p1a: Dragonite\n|-boost|p1a: Dragonite|atk|1\n|-boost|p1a: Dragonite|spe|1\n|\n|upkeep\n|turn|5\n|j| Aaron MA\n|\n|t:|1699878773\n|move|p2a: Grimmsnarl|Reflect|p2a: Grimmsnarl\n|-sidestart|p2: Asta_RPPLF|Reflect\n|move|p1a: Dragonite|Earthquake|p2a: Grimmsnarl\n|-damage|p2a: Grimmsnarl|45\/100\n|\n|upkeep\n|turn|6\n|j| ValBat\n|\n|t:|1699878785\n|switch|p1a: CR7|Cinderace, F|100\/100\n|move|p2a: Grimmsnarl|Taunt|p1a: CR7\n|-start|p1a: CR7|move: Taunt\n|\n|upkeep\n|turn|7\n|\n|t:|1699878795\n|move|p2a: Grimmsnarl|Parting Shot|p1a: CR7\n|-unboost|p1a: CR7|atk|1\n|-unboost|p1a: CR7|spa|1\n|l| ValBat\n|\n|t:|1699878805\n|switch|p2a: Ursaluna|Ursaluna-Bloodmoon, M|100\/100|[from] Parting Shot\n|move|p1a: CR7|U-turn|p2a: Ursaluna\n|-start|p1a: CR7|typechange|Bug|[from] ability: Libero\n|-damage|p2a: Ursaluna|93\/100\n|\n|t:|1699878822\n|switch|p1a: Kisame|Greninja, M|100\/100|[from] U-turn\n|\n|-heal|p2a: Ursaluna|99\/100|[from] item: Leftovers\n|upkeep\n|turn|8\n|\n|t:|1699878850\n|-terastallize|p2a: Ursaluna|Poison\n|move|p1a: Kisame|Ice Beam|p2a: Ursaluna\n|-start|p1a: Kisame|typechange|Ice|[from] ability: Protean\n|-damage|p2a: Ursaluna|67\/100\n|move|p2a: Ursaluna|Calm Mind|p2a: Ursaluna\n|-boost|p2a: Ursaluna|spa|1\n|-boost|p2a: Ursaluna|spd|1\n|\n|-heal|p2a: Ursaluna|74\/100|[from] item: Leftovers\n|-sideend|p2: Asta_RPPLF|move: Light Screen\n|upkeep\n|turn|9\n|\n|t:|1699878887\n|move|p1a: Kisame|Ice Beam|p2a: Ursaluna\n|-crit|p2a: Ursaluna\n|-damage|p2a: Ursaluna|0 fnt\n|faint|p2a: Ursaluna\n|\n|upkeep\n|c| AyanYuli|HAHAHAHHA\n|l|\u2606Skotchaud\n|player|p1|\n|-message|Asta_RPPLF forfeited.\n|\n|win|Skotchaud\n|l|\u2606Asta_RPPLF\n|j|\u2606Skotchaud\n|player|p1|Skotchaud|noland\n|l|\u2606Skotchaud\n|player|p1|\n|l| jimcf\n|l| Aaron MA\n|j|\u2606Skotchaud\n|player|p1|Skotchaud|noland\n","uploadtime":1699879722,"views":6,"p1id":"skotchaud","p2id":"astarpplf","formatid":"gen9ubers","rating":0,"private":0,"password":""}