{"id":"gen9ubers-1977392940","p1":"XGoldenSniperX0","p2":"Lexi Gaga","format":"[Gen 9] Ubers","log":"|j|\u2606XGoldenSniperX0\n|j|\u2606Lexi Gaga\n|t:|1698413020\n|gametype|singles\n|player|p1|XGoldenSniperX0|265|1050\n|player|p2|Lexi Gaga|cynthia|1121\n|teamsize|p1|6\n|teamsize|p2|6\n|gen|9\n|tier|[Gen 9] Ubers\n|rated|\n|rule|Sleep Clause Mod: Limit one foe put to sleep\n|rule|Species Clause: Limit one of each Pok\u00e9mon\n|rule|OHKO Clause: OHKO moves are banned\n|rule|Evasion Items Clause: Evasion items are banned\n|rule|Evasion Moves Clause: Evasion moves are banned\n|rule|Endless Battle Clause: Forcing endless battles is banned\n|rule|HP Percentage Mod: HP is shown in percentages\n|clearpoke\n|poke|p1|Arceus|\n|poke|p1|Koraidon|\n|poke|p1|Miraidon|\n|poke|p1|Zacian-*|\n|poke|p1|Kyogre|\n|poke|p1|Regieleki|\n|poke|p2|Glimmora, F|\n|poke|p2|Palafin, M|\n|poke|p2|Ogerpon-Hearthflame, F|\n|poke|p2|Zacian-*|\n|poke|p2|Annihilape, M|\n|poke|p2|Kingambit, M|\n|teampreview\n|c|\u2606Lexi Gaga|glhf\n|\n|t:|1698413030\n|start\n|switch|p1a: Miraidon|Miraidon|100\/100\n|switch|p2a: Glimmora|Glimmora, F|100\/100\n|-fieldstart|move: Electric Terrain|[from] ability: Hadron Engine|[of] p1a: Miraidon\n|-item|p2a: Glimmora|Air Balloon\n|turn|1\n|c|\u2606XGoldenSniperX0|glhf\n|\n|t:|1698413045\n|move|p1a: Miraidon|Overheat|p2a: Glimmora\n|-resisted|p2a: Glimmora\n|-damage|p2a: Glimmora|46\/100\n|-unboost|p1a: Miraidon|spa|2\n|-enditem|p2a: Glimmora|Air Balloon\n|move|p2a: Glimmora|Stealth Rock|p1a: Miraidon\n|-sidestart|p1: XGoldenSniperX0|move: Stealth Rock\n|\n|upkeep\n|turn|2\n|\n|t:|1698413055\n|move|p1a: Miraidon|Overheat|p2a: Glimmora\n|-resisted|p2a: Glimmora\n|-damage|p2a: Glimmora|22\/100\n|-unboost|p1a: Miraidon|spa|2\n|move|p2a: Glimmora|Mortal Spin|p1a: Miraidon\n|-damage|p1a: Miraidon|94\/100\n|-status|p1a: Miraidon|psn\n|\n|-damage|p1a: Miraidon|82\/100 psn|[from] psn\n|upkeep\n|turn|3\n|\n|t:|1698413064\n|switch|p2a: Palafin|Palafin, M|100\/100\n|move|p1a: Miraidon|Overheat|p2a: Palafin\n|-resisted|p2a: Palafin\n|-damage|p2a: Palafin|79\/100\n|-unboost|p1a: Miraidon|spa|2\n|\n|-damage|p1a: Miraidon|70\/100 psn|[from] psn\n|upkeep\n|turn|4\n|\n|t:|1698413087\n|switch|p1a: Kyogre|Kyogre|100\/100\n|-damage|p1a: Kyogre|88\/100|[from] Stealth Rock\n|-weather|RainDance|[from] ability: Drizzle|[of] p1a: Kyogre\n|move|p2a: Palafin|Flip Turn|p1a: Kyogre\n|-resisted|p1a: Kyogre\n|-damage|p1a: Kyogre|62\/100\n|\n|t:|1698413099\n|detailschange|p2a: Palafin|Palafin-Hero, M\n|switch|p2a: Glimmora|Glimmora, F|22\/100|[from] Flip Turn\n|\n|-weather|RainDance|[upkeep]\n|upkeep\n|turn|5\n|\n|t:|1698413103\n|move|p2a: Glimmora|Spiky Shield|p2a: Glimmora\n|-singleturn|p2a: Glimmora|move: Protect\n|move|p1a: Kyogre|Origin Pulse|p2a: Glimmora\n|-activate|p2a: Glimmora|move: Protect\n|\n|-weather|RainDance|[upkeep]\n|-fieldend|move: Electric Terrain\n|upkeep\n|turn|6\n|\n|t:|1698413109\n|move|p1a: Kyogre|Origin Pulse|p2a: Glimmora\n|-supereffective|p2a: Glimmora\n|-damage|p2a: Glimmora|0 fnt\n|faint|p2a: Glimmora\n|\n|-weather|RainDance|[upkeep]\n|upkeep\n|\n|t:|1698413121\n|switch|p2a: Annihilape|Annihilape, M|100\/100\n|turn|7\n|\n|t:|1698413127\n|move|p1a: Kyogre|Origin Pulse|p2a: Annihilape\n|-damage|p2a: Annihilape|20\/100\n|move|p2a: Annihilape|Rage Fist|p1a: Kyogre\n|-damage|p1a: Kyogre|11\/100\n|-damage|p2a: Annihilape|10\/100|[from] item: Life Orb\n|\n|-weather|RainDance|[upkeep]\n|upkeep\n|turn|8\n|\n|t:|1698413139\n|move|p1a: Kyogre|Origin Pulse|p2a: Annihilape|[miss]\n|-miss|p1a: Kyogre|p2a: Annihilape\n|move|p2a: Annihilape|Drain Punch|p1a: Kyogre\n|-damage|p1a: Kyogre|0 fnt\n|-heal|p2a: Annihilape|15\/100|[from] drain|[of] p1a: Kyogre\n|faint|p1a: Kyogre\n|-damage|p2a: Annihilape|5\/100|[from] item: Life Orb\n|\n|-weather|none\n|upkeep\n|\n|t:|1698413148\n|switch|p1a: Regieleki|Regieleki|100\/100\n|-damage|p1a: Regieleki|88\/100|[from] Stealth Rock\n|turn|9\n|\n|t:|1698413154\n|move|p1a: Regieleki|Extreme Speed|p2a: Annihilape\n|-immune|p2a: Annihilape\n|move|p2a: Annihilape|Drain Punch|p1a: Regieleki\n|-damage|p1a: Regieleki|19\/100\n|-heal|p2a: Annihilape|34\/100|[from] drain|[of] p1a: Regieleki\n|-damage|p2a: Annihilape|24\/100|[from] item: Life Orb\n|\n|upkeep\n|turn|10\n|\n|t:|1698413163\n|move|p1a: Regieleki|Explosion|p2a: Annihilape\n|-immune|p2a: Annihilape\n|faint|p1a: Regieleki\n|move|p2a: Annihilape|Drain Punch|p1: Regieleki|[notarget]\n|-fail|p2a: Annihilape\n|\n|upkeep\n|c|\u2606Lexi Gaga|XD\n|l|\u2606XGoldenSniperX0\n|player|p1|\n|inactive|Battle timer is ON: inactive players will automatically lose when time's up. (requested by Lexi Gaga)\n|j|\u2606XGoldenSniperX0\n|inactive|XGoldenSniperX0 reconnected and has 140 seconds left.\n|player|p1|XGoldenSniperX0|265\n|inactiveoff|Battle timer is now OFF.\n|-message|XGoldenSniperX0 forfeited.\n|\n|win|Lexi Gaga\n|raw|XGoldenSniperX0's rating: 1050 &rarr; <strong>1036<\/strong><br \/>(-14 for losing)\n|raw|Lexi Gaga's rating: 1121 &rarr; <strong>1141<\/strong><br \/>(+20 for winning)\n|l|\u2606XGoldenSniperX0\n|c|\u2606Lexi Gaga|gg\n","uploadtime":1698413213,"views":5,"p1id":"xgoldensniperx0","p2id":"lexigaga","formatid":"gen9ubers","rating":1036,"private":0,"password":""}