{"id":"gen9ubers-1969912000","p1":"SadaShidz\ufe0f","p2":"Sambmon23","format":"[Gen 9] Ubers","log":"|j|\u2606SadaShidz\ufe0f\n|j|\u2606Sambmon23\n|t:|1697575356\n|gametype|singles\n|player|p1|SadaShidz\ufe0f|sada-ai|1373\n|player|p2|Sambmon23|ghetsis-gen5bw|1260\n|teamsize|p1|6\n|teamsize|p2|6\n|gen|9\n|tier|[Gen 9] Ubers\n|rated|\n|rule|Sleep Clause Mod: Limit one foe put to sleep\n|rule|Species Clause: Limit one of each Pok\u00e9mon\n|rule|OHKO Clause: OHKO moves are banned\n|rule|Evasion Items Clause: Evasion items are banned\n|rule|Evasion Moves Clause: Evasion moves are banned\n|rule|Endless Battle Clause: Forcing endless battles is banned\n|rule|HP Percentage Mod: HP is shown in percentages\n|clearpoke\n|poke|p1|Ribombee, F|\n|poke|p1|Arceus-Ghost|\n|poke|p1|Ogerpon-Hearthflame, F|\n|poke|p1|Sinistcha-Masterpiece|\n|poke|p1|Ursaluna-Bloodmoon, M|\n|poke|p1|Flutter Mane|\n|poke|p2|Flutter Mane|\n|poke|p2|Koraidon|\n|poke|p2|Chien-Pao|\n|poke|p2|Regieleki|\n|poke|p2|Zacian-*|\n|poke|p2|Landorus, M|\n|teampreview\n|inactive|Battle timer is ON: inactive players will automatically lose when time's up. (requested by Sambmon23)\n|inactive|Sambmon23 has 120 seconds left.\n|\n|t:|1697575395\n|start\n|switch|p1a: Mighty Bee|Ribombee, F, shiny|100\/100\n|switch|p2a: Chien-Pao|Chien-Pao|100\/100\n|-ability|p2a: Chien-Pao|Sword of Ruin\n|turn|1\n|\n|t:|1697575423\n|switch|p2a: Zacian|Zacian-Crowned|100\/100\n|-ability|p2a: Zacian|Intrepid Sword|boost\n|-boost|p2a: Zacian|atk|1\n|move|p1a: Mighty Bee|Sticky Web|p2a: Zacian\n|-sidestart|p2: Sambmon23|move: Sticky Web\n|\n|upkeep\n|turn|2\n|\n|t:|1697575431\n|move|p2a: Zacian|Swords Dance|p2a: Zacian\n|-boost|p2a: Zacian|atk|2\n|move|p1a: Mighty Bee|Stun Spore|p2a: Zacian\n|-status|p2a: Zacian|par\n|\n|upkeep\n|turn|3\n|\n|t:|1697575441\n|move|p1a: Mighty Bee|Moonblast|p2a: Zacian\n|-resisted|p2a: Zacian\n|-damage|p2a: Zacian|86\/100 par\n|move|p2a: Zacian|Behemoth Blade|p1a: Mighty Bee\n|-supereffective|p1a: Mighty Bee\n|-enditem|p1a: Mighty Bee|Focus Sash\n|-damage|p1a: Mighty Bee|1\/100\n|\n|upkeep\n|turn|4\n|\n|t:|1697575451\n|move|p1a: Mighty Bee|Moonblast|p2a: Zacian\n|-resisted|p2a: Zacian\n|-damage|p2a: Zacian|72\/100 par\n|move|p2a: Zacian|Behemoth Blade|p1a: Mighty Bee\n|-supereffective|p1a: Mighty Bee\n|-damage|p1a: Mighty Bee|0 fnt\n|faint|p1a: Mighty Bee\n|\n|upkeep\n|\n|t:|1697575460\n|switch|p1a: Yamz|Arceus-Ghost, shiny|100\/100\n|turn|5\n|\n|t:|1697575465\n|move|p1a: Yamz|Calm Mind|p1a: Yamz\n|-boost|p1a: Yamz|spa|1\n|-boost|p1a: Yamz|spd|1\n|move|p2a: Zacian|Behemoth Blade|p1a: Yamz\n|-damage|p1a: Yamz|9\/100\n|\n|upkeep\n|turn|6\n|\n|t:|1697575473\n|move|p1a: Yamz|Judgment|p2a: Zacian\n|-damage|p2a: Zacian|0 fnt\n|faint|p2a: Zacian\n|\n|upkeep\n|\n|t:|1697575492\n|switch|p2a: Chien-Pao|Chien-Pao|100\/100\n|-ability|p2a: Chien-Pao|Sword of Ruin\n|turn|7\n|\n|t:|1697575497\n|move|p2a: Chien-Pao|Ice Spinner|p1a: Yamz\n|-damage|p1a: Yamz|0 fnt\n|faint|p1a: Yamz\n|\n|upkeep\n|\n|t:|1697575512\n|switch|p1a: Ice Spice|Flutter Mane|100\/100\n|turn|8\n|\n|t:|1697575537\n|-terastallize|p2a: Chien-Pao|Ghost\n|move|p2a: Chien-Pao|Sucker Punch|p1a: Ice Spice\n|-damage|p1a: Ice Spice|4\/100\n|move|p1a: Ice Spice|Moonblast|p2a: Chien-Pao\n|-damage|p2a: Chien-Pao|20\/100\n|\n|upkeep\n|turn|9\n|\n|t:|1697575549\n|move|p2a: Chien-Pao|Sucker Punch||[still]\n|-fail|p2a: Chien-Pao\n|move|p1a: Ice Spice|Pain Split|p2a: Chien-Pao\n|-sethp|p2a: Chien-Pao|12\/100|[from] move: Pain Split|[silent]\n|-sethp|p1a: Ice Spice|14\/100|[from] move: Pain Split\n|\n|upkeep\n|turn|10\n|\n|t:|1697575556\n|switch|p2a: Regieleki|Regieleki|100\/100\n|-activate|p2a: Regieleki|move: Sticky Web\n|-unboost|p2a: Regieleki|spe|1\n|move|p1a: Ice Spice|Thunder Wave|p2a: Regieleki\n|-immune|p2a: Regieleki\n|\n|upkeep\n|turn|11\n|\n|t:|1697575569\n|move|p1a: Ice Spice|Pain Split|p2a: Regieleki\n|-sethp|p2a: Regieleki|56\/100|[from] move: Pain Split|[silent]\n|-sethp|p1a: Ice Spice|67\/100|[from] move: Pain Split\n|move|p2a: Regieleki|Light Screen|p2a: Regieleki\n|-sidestart|p2: Sambmon23|move: Light Screen\n|\n|upkeep\n|turn|12\n|\n|t:|1697575577\n|move|p1a: Ice Spice|Moonblast|p2a: Regieleki\n|-damage|p2a: Regieleki|10\/100\n|move|p2a: Regieleki|Reflect|p2a: Regieleki\n|-sidestart|p2: Sambmon23|Reflect\n|\n|upkeep\n|turn|13\n|\n|t:|1697575601\n|switch|p2a: Landorus|Landorus, M|100\/100\n|move|p1a: Ice Spice|Moonblast|p2a: Landorus\n|-damage|p2a: Landorus|73\/100\n|-unboost|p2a: Landorus|spa|1\n|\n|upkeep\n|turn|14\n|\n|t:|1697575613\n|-end|p1a: Ice Spice|Protosynthesis|[silent]\n|switch|p1a: Sippin Green|Sinistcha-Masterpiece, shiny|100\/100\n|move|p2a: Landorus|Sludge Bomb|p1a: Sippin Green\n|-crit|p1a: Sippin Green\n|-damage|p1a: Sippin Green|24\/100\n|\n|-heal|p1a: Sippin Green|30\/100|[from] item: Leftovers\n|upkeep\n|turn|15\n|\n|t:|1697575624\n|move|p2a: Landorus|Sludge Bomb|p1a: Sippin Green\n|-damage|p1a: Sippin Green|0 fnt\n|faint|p1a: Sippin Green\n|\n|upkeep\n|\n|t:|1697575631\n|switch|p1a: Madara|Ursaluna-Bloodmoon, M|100\/100\n|turn|16\n|\n|t:|1697575648\n|switch|p2a: Regieleki|Regieleki|10\/100\n|-activate|p2a: Regieleki|move: Sticky Web\n|-unboost|p2a: Regieleki|spe|1\n|move|p1a: Madara|Calm Mind|p1a: Madara\n|-boost|p1a: Madara|spa|1\n|-boost|p1a: Madara|spd|1\n|\n|upkeep\n|turn|17\n|\n|t:|1697575658\n|-terastallize|p1a: Madara|Ghost\n|move|p2a: Regieleki|Rapid Spin|p1a: Madara\n|-immune|p1a: Madara\n|move|p1a: Madara|Calm Mind|p1a: Madara\n|-boost|p1a: Madara|spa|1\n|-boost|p1a: Madara|spd|1\n|\n|upkeep\n|turn|18\n|\n|t:|1697575670\n|move|p1a: Madara|Vacuum Wave|p2a: Regieleki\n|-damage|p2a: Regieleki|0 fnt\n|faint|p2a: Regieleki\n|\n|-sideend|p2: Sambmon23|move: Light Screen\n|upkeep\n|\n|t:|1697575678\n|switch|p2a: Chien-Pao|Chien-Pao, tera:Ghost|12\/100\n|-ability|p2a: Chien-Pao|Sword of Ruin\n|turn|19\n|\n|t:|1697575693\n|move|p1a: Madara|Vacuum Wave|p2a: Chien-Pao\n|-damage|p2a: Chien-Pao|0 fnt\n|faint|p2a: Chien-Pao\n|\n|-sideend|p2: Sambmon23|Reflect\n|upkeep\n|l|\u2606Sambmon23\n|inactive|Sambmon23 disconnected and has a minute to reconnect!\n|player|p2|\n|j|\u2606Sambmon23\n|inactive|Sambmon23 reconnected and has 125 seconds left.\n|player|p2|Sambmon23|ghetsis-gen5bw\n|inactive|Sambmon23 has 120 seconds left.\n|\n|t:|1697575720\n|switch|p2a: Flutter Mane|Flutter Mane|100\/100\n|-activate|p2a: Flutter Mane|move: Sticky Web\n|-unboost|p2a: Flutter Mane|spe|1\n|turn|20\n|inactive|Sambmon23 has 120 seconds left.\n|\n|t:|1697575741\n|move|p2a: Flutter Mane|Shadow Ball|p1a: Madara\n|-supereffective|p1a: Madara\n|-damage|p1a: Madara|57\/100\n|move|p1a: Madara|Blood Moon|p2a: Flutter Mane\n|-damage|p2a: Flutter Mane|0 fnt\n|faint|p2a: Flutter Mane\n|-end|p2a: Flutter Mane|Protosynthesis|[silent]\n|\n|-heal|p1a: Madara|63\/100|[from] item: Leftovers\n|upkeep\n|inactive|Sambmon23 has 120 seconds left.\n|c|\u2606SadaShidz\ufe0f|Oh you\u2019re back\n|c|\u2606SadaShidz\ufe0f|nice\n|inactive|Sambmon23 has 90 seconds left.\n|inactive|Sambmon23 has 60 seconds left.\n|-message|Sambmon23 forfeited.\n|\n|win|SadaShidz\ufe0f\n|raw|SadaShidz\ufe0f's rating: 1373 &rarr; <strong>1387<\/strong><br \/>(+14 for winning)\n|raw|Sambmon23's rating: 1260 &rarr; <strong>1243<\/strong><br \/>(-17 for losing)\n|l|\u2606Sambmon23\n","uploadtime":1697575833,"views":8,"p1id":"sadashidz","p2id":"sambmon23","formatid":"gen9ubers","rating":1243,"private":0,"password":""}