{"id":"gen9ubers-1975562335","p1":"Astyr.Pygos","p2":"DeadGoblin","format":"[Gen 9] Ubers","log":"|j|\u2606Astyr.Pygos\n|j|\u2606DeadGoblin\n|t:|1698205234\n|gametype|singles\n|player|p1|Astyr.Pygos|hilda|\n|player|p2|DeadGoblin|cynthia|\n|teamsize|p1|6\n|teamsize|p2|6\n|gen|9\n|tier|[Gen 9] Ubers\n|rule|Sleep Clause Mod: Limit one foe put to sleep\n|rule|Species Clause: Limit one of each Pok\u00e9mon\n|rule|OHKO Clause: OHKO moves are banned\n|rule|Evasion Items Clause: Evasion items are banned\n|rule|Evasion Moves Clause: Evasion moves are banned\n|rule|Endless Battle Clause: Forcing endless battles is banned\n|rule|HP Percentage Mod: HP is shown in percentages\n|clearpoke\n|poke|p1|Iron Valiant|\n|poke|p1|Iron Moth|\n|poke|p1|Tatsugiri, F|\n|poke|p1|Grimmsnarl, M|\n|poke|p1|Clodsire, M|\n|poke|p1|Rotom-Wash|\n|poke|p2|Gardevoir, F|\n|poke|p2|Armarouge, M|\n|poke|p2|Wo-Chien|\n|poke|p2|Magnezone|\n|poke|p2|Enamorus, F|\n|poke|p2|Haxorus, F|\n|teampreview\n|j| Squirshawott\n|j| BLACK METAL 3\n|j| Sol CPU\n|\n|t:|1698205268\n|start\n|switch|p1a: Grimmsnarl|Grimmsnarl, M|100\/100\n|switch|p2a: Slaying|Enamorus, F|100\/100\n|turn|1\n|\n|t:|1698205300\n|move|p1a: Grimmsnarl|Light Screen|p1a: Grimmsnarl\n|-sidestart|p1: Astyr.Pygos|move: Light Screen\n|move|p2a: Slaying|Sludge Bomb|p1a: Grimmsnarl\n|-supereffective|p1a: Grimmsnarl\n|-damage|p1a: Grimmsnarl|74\/100\n|\n|upkeep\n|turn|2\n|\n|t:|1698205332\n|switch|p1a: Clodsire|Clodsire, M|100\/100\n|move|p2a: Slaying|Mystical Fire|p1a: Clodsire\n|-damage|p1a: Clodsire|92\/100\n|-unboost|p1a: Clodsire|spa|1\n|\n|-heal|p1a: Clodsire|98\/100|[from] item: Black Sludge\n|upkeep\n|turn|3\n|\n|t:|1698205351\n|switch|p2a: Hax|Haxorus, F, shiny|100\/100\n|-ability|p2a: Hax|Mold Breaker\n|move|p1a: Clodsire|Poison Jab|p2a: Hax\n|-damage|p2a: Hax|74\/100\n|\n|-heal|p1a: Clodsire|100\/100|[from] item: Black Sludge\n|upkeep\n|turn|4\n|\n|t:|1698205369\n|switch|p1a: Rotom|Rotom-Wash|100\/100\n|move|p2a: Hax|Earthquake|p1a: Rotom\n|-supereffective|p1a: Rotom\n|-damage|p1a: Rotom|18\/100\n|-damage|p2a: Hax|64\/100|[from] item: Life Orb\n|\n|-heal|p1a: Rotom|24\/100|[from] item: Leftovers\n|upkeep\n|turn|5\n|\n|t:|1698205430\n|move|p2a: Hax|Earthquake|p1a: Rotom\n|-supereffective|p1a: Rotom\n|-damage|p1a: Rotom|0 fnt\n|faint|p1a: Rotom\n|-damage|p2a: Hax|54\/100|[from] item: Life Orb\n|\n|upkeep\n|\n|t:|1698205488\n|switch|p1a: Iron Moth|Iron Moth|100\/100\n|turn|6\n|\n|t:|1698205493\n|move|p1a: Iron Moth|Sludge Wave|p2a: Hax\n|-crit|p2a: Hax\n|-damage|p2a: Hax|0 fnt\n|faint|p2a: Hax\n|-damage|p1a: Iron Moth|91\/100|[from] item: Life Orb\n|\n|upkeep\n|\n|t:|1698205503\n|switch|p2a: Slaying|Enamorus, F|100\/100\n|turn|7\n|\n|t:|1698205506\n|move|p1a: Iron Moth|Sludge Wave|p2a: Slaying\n|-supereffective|p2a: Slaying\n|-damage|p2a: Slaying|0 fnt\n|faint|p2a: Slaying\n|-damage|p1a: Iron Moth|81\/100|[from] item: Life Orb\n|\n|upkeep\n|\n|t:|1698205516\n|switch|p2a: MEGAMAN X|Armarouge, M, shiny|100\/100\n|turn|8\n|\n|t:|1698205545\n|switch|p2a: Live Reaction|Wo-Chien|100\/100\n|-ability|p2a: Live Reaction|Tablets of Ruin\n|move|p1a: Iron Moth|Sludge Wave|p2a: Live Reaction\n|-supereffective|p2a: Live Reaction\n|-damage|p2a: Live Reaction|0 fnt\n|faint|p2a: Live Reaction\n|-damage|p1a: Iron Moth|71\/100|[from] item: Life Orb\n|\n|-sideend|p1: Astyr.Pygos|move: Light Screen\n|upkeep\n|\n|t:|1698205555\n|switch|p2a: WelcomeToTheZone|Magnezone|100\/100\n|turn|9\n|\n|t:|1698205605\n|-end|p1a: Iron Moth|Quark Drive|[silent]\n|switch|p1a: Clodsire|Clodsire, M|100\/100\n|switch|p2a: MEGAMAN X|Armarouge, M, shiny|100\/100\n|\n|upkeep\n|turn|10\n|\n|t:|1698205622\n|move|p2a: MEGAMAN X|Armor Cannon|p1a: Clodsire\n|-damage|p1a: Clodsire|71\/100\n|-unboost|p2a: MEGAMAN X|def|1\n|-unboost|p2a: MEGAMAN X|spd|1\n|move|p1a: Clodsire|Earthquake|p2a: MEGAMAN X\n|-supereffective|p2a: MEGAMAN X\n|-damage|p2a: MEGAMAN X|58\/100\n|-enditem|p2a: MEGAMAN X|Weakness Policy\n|-boost|p2a: MEGAMAN X|atk|2|[from] item: Weakness Policy\n|-boost|p2a: MEGAMAN X|spa|2|[from] item: Weakness Policy\n|\n|-heal|p1a: Clodsire|77\/100|[from] item: Black Sludge\n|upkeep\n|turn|11\n|\n|t:|1698205636\n|move|p2a: MEGAMAN X|Dark Pulse|p1a: Clodsire\n|-damage|p1a: Clodsire|63\/100\n|move|p1a: Clodsire|Earthquake|p2a: MEGAMAN X\n|-supereffective|p2a: MEGAMAN X\n|-damage|p2a: MEGAMAN X|16\/100\n|\n|-heal|p1a: Clodsire|69\/100|[from] item: Black Sludge\n|upkeep\n|turn|12\n|\n|t:|1698205650\n|move|p2a: MEGAMAN X|Armor Cannon|p1a: Clodsire\n|-damage|p1a: Clodsire|36\/100\n|-unboost|p2a: MEGAMAN X|def|1\n|-unboost|p2a: MEGAMAN X|spd|1\n|move|p1a: Clodsire|Earthquake|p2a: MEGAMAN X\n|-supereffective|p2a: MEGAMAN X\n|-damage|p2a: MEGAMAN X|0 fnt\n|faint|p2a: MEGAMAN X\n|\n|-heal|p1a: Clodsire|42\/100|[from] item: Black Sludge\n|upkeep\n|\n|t:|1698205660\n|switch|p2a: Estrella|Gardevoir, F, shiny|100\/100\n|-ability|p2a: Estrella|Unaware|[from] ability: Trace|[of] p1a: Clodsire\n|turn|13\n|\n|t:|1698205677\n|move|p2a: Estrella|Psychic|p1a: Clodsire\n|-supereffective|p1a: Clodsire\n|-damage|p1a: Clodsire|0 fnt\n|faint|p1a: Clodsire\n|\n|upkeep\n|\n|t:|1698205713\n|switch|p1a: Tatsugiri|Tatsugiri, F|100\/100\n|turn|14\n|\n|t:|1698205721\n|switch|p2a: WelcomeToTheZone|Magnezone|100\/100\n|-terastallize|p1a: Tatsugiri|Steel\n|move|p1a: Tatsugiri|Surf|p2a: WelcomeToTheZone\n|-damage|p2a: WelcomeToTheZone|42\/100\n|\n|-heal|p2a: WelcomeToTheZone|48\/100|[from] item: Leftovers\n|upkeep\n|turn|15\n|\n|t:|1698205750\n|move|p1a: Tatsugiri|Surf|p2a: WelcomeToTheZone\n|-damage|p2a: WelcomeToTheZone|0 fnt\n|faint|p2a: WelcomeToTheZone\n|\n|upkeep\n|-message|DeadGoblin forfeited.\n|\n|win|Astyr.Pygos\n|l|\u2606DeadGoblin\n","uploadtime":1698205759,"views":13,"p1id":"astyrpygos","p2id":"deadgoblin","formatid":"gen9ubers","rating":0,"private":0,"password":""}