{"id":"gen9ubers-1975438080","p1":"Pigbeeef","p2":"Nitro524","format":"[Gen 9] Ubers","log":"|j|\u2606Pigbeeef\n|j|\u2606Nitro524\n|t:|1698191307\n|gametype|singles\n|player|p1|Pigbeeef|1|\n|player|p2|Nitro524|170|\n|teamsize|p1|6\n|teamsize|p2|6\n|gen|9\n|tier|[Gen 9] Ubers\n|rule|Sleep Clause Mod: Limit one foe put to sleep\n|rule|Species Clause: Limit one of each Pok\u00e9mon\n|rule|OHKO Clause: OHKO moves are banned\n|rule|Evasion Items Clause: Evasion items are banned\n|rule|Evasion Moves Clause: Evasion moves are banned\n|rule|Endless Battle Clause: Forcing endless battles is banned\n|rule|HP Percentage Mod: HP is shown in percentages\n|clearpoke\n|poke|p1|Miraidon|\n|poke|p1|Zacian-*|\n|poke|p1|Koraidon|\n|poke|p1|Giratina-Origin|\n|poke|p1|Arceus-Ground|\n|poke|p1|Skeledirge, M|\n|poke|p2|Koraidon|\n|poke|p2|Skeledirge, F|\n|poke|p2|Iron Treads|\n|poke|p2|Flutter Mane|\n|poke|p2|Miraidon|\n|poke|p2|Walking Wake|\n|teampreview\n|\n|t:|1698191322\n|start\n|switch|p1a: Arceus|Arceus-Ground|100\/100\n|switch|p2a: Flutter Mane|Flutter Mane|100\/100\n|turn|1\n|\n|t:|1698191346\n|move|p2a: Flutter Mane|Moonblast|p1a: Arceus\n|-damage|p1a: Arceus|39\/100\n|move|p1a: Arceus|Taunt|p2a: Flutter Mane\n|-start|p2a: Flutter Mane|move: Taunt\n|\n|upkeep\n|turn|2\n|\n|t:|1698191353\n|switch|p1a: Zacian|Zacian-Crowned, shiny|100\/100\n|-ability|p1a: Zacian|Intrepid Sword|boost\n|-boost|p1a: Zacian|atk|1\n|move|p2a: Flutter Mane|Moonblast|p1a: Zacian\n|-resisted|p1a: Zacian\n|-damage|p1a: Zacian|62\/100\n|-unboost|p1a: Zacian|spa|1\n|\n|upkeep\n|turn|3\n|\n|t:|1698191368\n|switch|p1a: Miraidon|Miraidon|100\/100\n|-fieldstart|move: Electric Terrain|[from] ability: Hadron Engine|[of] p1a: Miraidon\n|-end|p2a: Flutter Mane|Protosynthesis|[silent]\n|switch|p2a: Skeledirge|Skeledirge, F|100\/100\n|\n|upkeep\n|turn|4\n|\n|t:|1698191383\n|switch|p1a: Koraidon|Koraidon|100\/100\n|-weather|SunnyDay|[from] ability: Orichalcum Pulse|[of] p1a: Koraidon\n|-activate|p1a: Koraidon|Orichalcum Pulse|[source]\n|move|p2a: Skeledirge|Torch Song|p1a: Koraidon\n|-resisted|p1a: Koraidon\n|-damage|p1a: Koraidon|79\/100\n|-boost|p2a: Skeledirge|spa|1\n|\n|-weather|SunnyDay|[upkeep]\n|upkeep\n|turn|5\n|\n|t:|1698191391\n|move|p1a: Koraidon|U-turn|p2a: Skeledirge\n|-resisted|p2a: Skeledirge\n|-damage|p2a: Skeledirge|96\/100\n|\n|t:|1698191395\n|switch|p1a: Skeledirge|Skeledirge, M, shiny|100\/100|[from] U-turn\n|move|p2a: Skeledirge|Will-O-Wisp|p1a: Skeledirge\n|-immune|p1a: Skeledirge\n|\n|-weather|SunnyDay|[upkeep]\n|-heal|p2a: Skeledirge|100\/100|[from] item: Leftovers\n|upkeep\n|turn|6\n|\n|t:|1698191408\n|switch|p1a: Arceus|Arceus-Ground|39\/100\n|move|p2a: Skeledirge|Shadow Ball|p1a: Arceus\n|-damage|p1a: Arceus|7\/100\n|-unboost|p1a: Arceus|spd|1\n|\n|-weather|SunnyDay|[upkeep]\n|upkeep\n|turn|7\n|\n|t:|1698191414\n|move|p1a: Arceus|Earth Power|p2a: Skeledirge\n|-supereffective|p2a: Skeledirge\n|-damage|p2a: Skeledirge|0 fnt\n|faint|p2a: Skeledirge\n|\n|-weather|SunnyDay|[upkeep]\n|-fieldend|move: Electric Terrain\n|upkeep\n|\n|t:|1698191421\n|switch|p2a: Koraidon|Koraidon|100\/100\n|-activate|p2a: Koraidon|ability: Orichalcum Pulse\n|turn|8\n|\n|t:|1698191427\n|switch|p1a: Skeledirge|Skeledirge, M, shiny|100\/100\n|move|p2a: Koraidon|Scale Shot|p1a: Skeledirge\n|-damage|p1a: Skeledirge|90\/100\n|-damage|p1a: Skeledirge|79\/100\n|-damage|p1a: Skeledirge|69\/100\n|-damage|p1a: Skeledirge|59\/100\n|-damage|p1a: Skeledirge|47\/100\n|-hitcount|p1a: Skeledirge|5\n|-unboost|p2a: Koraidon|def|1\n|-boost|p2a: Koraidon|spe|1\n|\n|-weather|none\n|-heal|p1a: Skeledirge|53\/100|[from] item: Leftovers\n|upkeep\n|turn|9\n|\n|t:|1698191458\n|switch|p2a: Walking Wake|Walking Wake|100\/100\n|move|p1a: Skeledirge|Slack Off|p1a: Skeledirge\n|-heal|p1a: Skeledirge|100\/100\n|\n|upkeep\n|turn|10\n|\n|t:|1698191470\n|switch|p1a: Arceus|Arceus-Ground|7\/100\n|move|p2a: Walking Wake|Hydro Steam|p1a: Arceus\n|-supereffective|p1a: Arceus\n|-damage|p1a: Arceus|0 fnt\n|faint|p1a: Arceus\n|\n|upkeep\n|\n|t:|1698191482\n|switch|p1a: Koraidon|Koraidon|79\/100\n|-weather|SunnyDay|[from] ability: Orichalcum Pulse|[of] p1a: Koraidon\n|-activate|p2a: Walking Wake|ability: Protosynthesis\n|-start|p2a: Walking Wake|protosynthesisspe\n|-activate|p1a: Koraidon|Orichalcum Pulse|[source]\n|turn|11\n|\n|t:|1698191501\n|-terastallize|p2a: Walking Wake|Fairy\n|move|p1a: Koraidon|U-turn|p2a: Walking Wake\n|-resisted|p2a: Walking Wake\n|-damage|p2a: Walking Wake|82\/100\n|\n|t:|1698191508\n|switch|p1a: Zacian|Zacian-Crowned, shiny|62\/100|[from] U-turn\n|move|p2a: Walking Wake|Hydro Steam|p1a: Zacian\n|-damage|p1a: Zacian|0 fnt\n|faint|p1a: Zacian\n|\n|-weather|SunnyDay|[upkeep]\n|upkeep\n|\n|t:|1698191522\n|switch|p1a: Giratina|Giratina-Origin|100\/100\n|turn|12\n|\n|t:|1698191576\n|-end|p2a: Walking Wake|Protosynthesis|[silent]\n|switch|p2a: Iron Treads|Iron Treads|100\/100\n|move|p1a: Giratina|Thunder Wave|p2a: Iron Treads\n|-immune|p2a: Iron Treads\n|\n|-weather|SunnyDay|[upkeep]\n|upkeep\n|turn|13\n|\n|t:|1698191592\n|switch|p1a: Koraidon|Koraidon|79\/100\n|-activate|p1a: Koraidon|ability: Orichalcum Pulse\n|move|p2a: Iron Treads|Knock Off|p1a: Koraidon\n|-resisted|p1a: Koraidon\n|-damage|p1a: Koraidon|69\/100\n|-enditem|p1a: Koraidon|Choice Scarf|[from] move: Knock Off|[of] p2a: Iron Treads\n|\n|-weather|SunnyDay|[upkeep]\n|upkeep\n|turn|14\n|\n|t:|1698191607\n|-end|p2a: Iron Treads|Quark Drive|[silent]\n|switch|p2a: Walking Wake|Walking Wake, tera:Fairy|82\/100\n|-activate|p2a: Walking Wake|ability: Protosynthesis\n|-start|p2a: Walking Wake|protosynthesisspe\n|move|p1a: Koraidon|Flare Blitz|p2a: Walking Wake\n|-damage|p2a: Walking Wake|0 fnt\n|faint|p2a: Walking Wake\n|-end|p2a: Walking Wake|Protosynthesis|[silent]\n|-damage|p1a: Koraidon|42\/100|[from] Recoil\n|\n|-weather|SunnyDay|[upkeep]\n|upkeep\n|\n|t:|1698191617\n|switch|p2a: Miraidon|Miraidon|100\/100\n|-fieldstart|move: Electric Terrain|[from] ability: Hadron Engine|[of] p2a: Miraidon\n|turn|15\n|\n|t:|1698191626\n|move|p2a: Miraidon|Draco Meteor|p1a: Koraidon\n|-supereffective|p1a: Koraidon\n|-damage|p1a: Koraidon|0 fnt\n|-unboost|p2a: Miraidon|spa|2\n|faint|p1a: Koraidon\n|\n|-weather|none\n|upkeep\n|\n|t:|1698191638\n|switch|p1a: Miraidon|Miraidon|100\/100\n|-activate|p1a: Miraidon|ability: Hadron Engine\n|turn|16\n|\n|t:|1698191649\n|switch|p2a: Flutter Mane|Flutter Mane|100\/100\n|move|p1a: Miraidon|Dragon Pulse|p2a: Flutter Mane\n|-immune|p2a: Flutter Mane\n|\n|upkeep\n|turn|17\n|\n|t:|1698191659\n|-terastallize|p1a: Miraidon|Fairy\n|move|p2a: Flutter Mane|Moonblast|p1a: Miraidon\n|-damage|p1a: Miraidon|37\/100\n|-unboost|p1a: Miraidon|spa|1\n|move|p1a: Miraidon|Electro Drift|p2a: Flutter Mane\n|-damage|p2a: Flutter Mane|39\/100\n|\n|-heal|p1a: Miraidon|43\/100|[from] item: Leftovers\n|upkeep\n|turn|18\n|\n|t:|1698191669\n|move|p1a: Miraidon|Electro Drift|p2a: Flutter Mane\n|-damage|p2a: Flutter Mane|0 fnt\n|faint|p2a: Flutter Mane\n|-end|p2a: Flutter Mane|Protosynthesis|[silent]\n|\n|-heal|p1a: Miraidon|49\/100|[from] item: Leftovers\n|upkeep\n|\n|t:|1698191679\n|switch|p2a: Iron Treads|Iron Treads|100\/100\n|-activate|p2a: Iron Treads|ability: Quark Drive\n|-start|p2a: Iron Treads|quarkdrivespd\n|turn|19\n|\n|t:|1698191697\n|-end|p2a: Iron Treads|Quark Drive|[silent]\n|switch|p2a: Miraidon|Miraidon|100\/100\n|-activate|p2a: Miraidon|ability: Hadron Engine\n|move|p1a: Miraidon|Dragon Pulse|p2a: Miraidon\n|-supereffective|p2a: Miraidon\n|-damage|p2a: Miraidon|30\/100\n|\n|-heal|p1a: Miraidon|55\/100|[from] item: Leftovers\n|-fieldend|move: Electric Terrain\n|upkeep\n|turn|20\n|\n|t:|1698191704\n|switch|p1a: Giratina|Giratina-Origin|100\/100\n|move|p2a: Miraidon|Electro Drift|p1a: Giratina\n|-resisted|p1a: Giratina\n|-damage|p1a: Giratina|85\/100\n|\n|upkeep\n|turn|21\n|\n|t:|1698191712\n|switch|p2a: Iron Treads|Iron Treads|100\/100\n|switch|p1a: Skeledirge|Skeledirge, M, shiny|100\/100\n|\n|upkeep\n|turn|22\n|\n|t:|1698191720\n|move|p2a: Iron Treads|Earthquake|p1a: Skeledirge\n|-supereffective|p1a: Skeledirge\n|-damage|p1a: Skeledirge|58\/100\n|move|p1a: Skeledirge|Will-O-Wisp|p2a: Iron Treads\n|-status|p2a: Iron Treads|brn\n|\n|-heal|p1a: Skeledirge|64\/100|[from] item: Leftovers\n|-damage|p2a: Iron Treads|94\/100 brn|[from] brn\n|upkeep\n|turn|23\n|\n|t:|1698191735\n|move|p2a: Iron Treads|Stealth Rock|p1a: Skeledirge\n|-sidestart|p1: Pigbeeef|move: Stealth Rock\n|move|p1a: Skeledirge|Torch Song|p2a: Iron Treads\n|-supereffective|p2a: Iron Treads\n|-damage|p2a: Iron Treads|45\/100 brn\n|-boost|p1a: Skeledirge|spa|1\n|\n|-heal|p2a: Iron Treads|52\/100 brn|[from] item: Leftovers\n|-heal|p1a: Skeledirge|70\/100|[from] item: Leftovers\n|-damage|p2a: Iron Treads|45\/100 brn|[from] brn\n|upkeep\n|turn|24\n|\n|t:|1698191743\n|move|p2a: Iron Treads|Knock Off|p1a: Skeledirge\n|-supereffective|p1a: Skeledirge\n|-damage|p1a: Skeledirge|54\/100\n|-enditem|p1a: Skeledirge|Leftovers|[from] move: Knock Off|[of] p2a: Iron Treads\n|move|p1a: Skeledirge|Hex|p2a: Iron Treads\n|-crit|p2a: Iron Treads\n|-damage|p2a: Iron Treads|0 fnt\n|faint|p2a: Iron Treads\n|-end|p2a: Iron Treads|Quark Drive|[silent]\n|\n|upkeep\n|\n|t:|1698191768\n|switch|p2a: Miraidon|Miraidon|30\/100\n|-fieldstart|move: Electric Terrain|[from] ability: Hadron Engine|[of] p2a: Miraidon\n|turn|25\n|\n|t:|1698191776\n|move|p2a: Miraidon|Electro Drift|p1a: Skeledirge\n|-damage|p1a: Skeledirge|0 fnt\n|faint|p1a: Skeledirge\n|\n|upkeep\n|\n|t:|1698191788\n|switch|p1a: Miraidon|Miraidon, tera:Fairy|55\/100\n|-damage|p1a: Miraidon|43\/100|[from] Stealth Rock\n|-activate|p1a: Miraidon|ability: Hadron Engine\n|turn|26\n|\n|t:|1698191793\n|switch|p1a: Giratina|Giratina-Origin|85\/100\n|-damage|p1a: Giratina|73\/100|[from] Stealth Rock\n|move|p2a: Miraidon|Electro Drift|p1a: Giratina\n|-resisted|p1a: Giratina\n|-damage|p1a: Giratina|47\/100\n|\n|upkeep\n|turn|27\n|\n|t:|1698191824\n|switch|p2a: Koraidon|Koraidon|100\/100\n|-weather|SunnyDay|[from] ability: Orichalcum Pulse|[of] p2a: Koraidon\n|-activate|p2a: Koraidon|Orichalcum Pulse|[source]\n|move|p1a: Giratina|Thunder Wave|p2a: Koraidon\n|-status|p2a: Koraidon|par\n|\n|-weather|SunnyDay|[upkeep]\n|upkeep\n|turn|28\n|\n|t:|1698191833\n|move|p1a: Giratina|Draco Meteor|p2a: Koraidon\n|-supereffective|p2a: Koraidon\n|-damage|p2a: Koraidon|0 fnt\n|-unboost|p1a: Giratina|spa|2\n|faint|p2a: Koraidon\n|\n|-weather|SunnyDay|[upkeep]\n|upkeep\n|\n|t:|1698191837\n|switch|p2a: Miraidon|Miraidon|30\/100\n|-activate|p2a: Miraidon|ability: Hadron Engine\n|turn|29\n|\n|t:|1698191854\n|move|p2a: Miraidon|Electro Drift|p1a: Giratina\n|-resisted|p1a: Giratina\n|-damage|p1a: Giratina|20\/100\n|move|p1a: Giratina|Draco Meteor|p2a: Miraidon|[miss]\n|-miss|p1a: Giratina|p2a: Miraidon\n|\n|-weather|SunnyDay|[upkeep]\n|-fieldend|move: Electric Terrain\n|upkeep\n|turn|30\n|\n|t:|1698191860\n|move|p2a: Miraidon|Electro Drift|p1a: Giratina\n|-resisted|p1a: Giratina\n|-damage|p1a: Giratina|3\/100\n|move|p1a: Giratina|Draco Meteor|p2a: Miraidon|[miss]\n|-miss|p1a: Giratina|p2a: Miraidon\n|\n|-weather|SunnyDay|[upkeep]\n|upkeep\n|turn|31\n|\n|t:|1698191862\n|move|p2a: Miraidon|Electro Drift|p1a: Giratina\n|-resisted|p1a: Giratina\n|-damage|p1a: Giratina|0 fnt\n|faint|p1a: Giratina\n|\n|-weather|none\n|upkeep\n|\n|t:|1698191865\n|switch|p1a: Miraidon|Miraidon, tera:Fairy|43\/100\n|-damage|p1a: Miraidon|31\/100|[from] Stealth Rock\n|-fieldstart|move: Electric Terrain|[from] ability: Hadron Engine|[of] p1a: Miraidon\n|turn|32\n|\n|t:|1698191867\n|move|p2a: Miraidon|Electro Drift|p1a: Miraidon\n|-damage|p1a: Miraidon|0 fnt\n|faint|p1a: Miraidon\n|\n|win|Nitro524\n","uploadtime":1698191871,"views":12,"p1id":"pigbeeef","p2id":"nitro524","formatid":"gen9ubers","rating":0,"private":0,"password":""}