{"id":"gen9ubers-1994948290","p1":"Jaketr4","p2":"sgrg32","format":"[Gen 9] Ubers","log":"|j|\u2606Jaketr4\n|j|\u2606sgrg32\n|t:|1700507233\n|gametype|singles\n|player|p1|Jaketr4|hilbert|\n|player|p2|sgrg32|alec-anime|\n|teamsize|p1|6\n|teamsize|p2|6\n|gen|9\n|tier|[Gen 9] Ubers\n|rule|Sleep Clause Mod: Limit one foe put to sleep\n|rule|Species Clause: Limit one of each Pok\u00e9mon\n|rule|OHKO Clause: OHKO moves are banned\n|rule|Evasion Items Clause: Evasion items are banned\n|rule|Evasion Moves Clause: Evasion moves are banned\n|rule|Endless Battle Clause: Forcing endless battles is banned\n|rule|HP Percentage Mod: HP is shown in percentages\n|clearpoke\n|poke|p1|Espeon, F|\n|poke|p1|Scyther, M|\n|poke|p1|Arcanine-Hisui, F|\n|poke|p1|Cresselia, F|\n|poke|p1|Regidrago|\n|poke|p1|Landorus-Therian, M|\n|poke|p2|Torterra, F|\n|poke|p2|Magneton|\n|poke|p2|Enamorus, F|\n|poke|p2|Empoleon, M|\n|poke|p2|Fezandipiti, M|\n|poke|p2|Cinderace, M|\n|teampreview\n|c|\u2606sgrg32|hi jake\n|\n|t:|1700507249\n|start\n|switch|p1a: Regidrago|Regidrago|100\/100\n|switch|p2a: b-tec sandyshocks|Magneton, shiny|100\/100\n|turn|1\n|\n|t:|1700507259\n|-terastallize|p1a: Regidrago|Electric\n|move|p1a: Regidrago|Dragon Dance|p1a: Regidrago\n|-boost|p1a: Regidrago|atk|1\n|-boost|p1a: Regidrago|spe|1\n|move|p2a: b-tec sandyshocks|Flash Cannon|p1a: Regidrago\n|-resisted|p1a: Regidrago\n|-damage|p1a: Regidrago|78\/100\n|\n|upkeep\n|turn|2\n|c|\u2606Jaketr4|hi sg\n|\n|t:|1700507275\n|switch|p2a: therealfurrybait|Cinderace, M|100\/100\n|move|p1a: Regidrago|Dragon Dance|p1a: Regidrago\n|-boost|p1a: Regidrago|atk|1\n|-boost|p1a: Regidrago|spe|1\n|-enditem|p2a: therealfurrybait|Mirror Herb\n|-boost|p2a: therealfurrybait|atk|1|[from] item: Mirror Herb\n|-boost|p2a: therealfurrybait|spe|1|[from] item: Mirror Herb\n|\n|upkeep\n|turn|3\n|\n|t:|1700507283\n|move|p1a: Regidrago|Earthquake|p2a: therealfurrybait\n|-supereffective|p2a: therealfurrybait\n|-damage|p2a: therealfurrybait|0 fnt\n|faint|p2a: therealfurrybait\n|\n|upkeep\n|c|\u2606sgrg32|ngl thought i would be faster\n|\n|t:|1700507295\n|switch|p2a: b-tec sandyshocks|Magneton, shiny|100\/100\n|turn|4\n|c|\u2606Jaketr4|i did as well ngl\n|\n|t:|1700507300\n|move|p1a: Regidrago|Earthquake|p2a: b-tec sandyshocks\n|-supereffective|p2a: b-tec sandyshocks\n|-ability|p2a: b-tec sandyshocks|Sturdy\n|-damage|p2a: b-tec sandyshocks|1\/100\n|move|p2a: b-tec sandyshocks|Flash Cannon|p1a: Regidrago\n|-resisted|p1a: Regidrago\n|-damage|p1a: Regidrago|54\/100\n|-unboost|p1a: Regidrago|spd|1\n|\n|upkeep\n|turn|5\n|-enditem|p2a: b-tec sandyshocks|Custap Berry|[eat]\n|-activate|p2a: b-tec sandyshocks|item: Custap Berry|[consumed]\n|\n|t:|1700507305\n|move|p2a: b-tec sandyshocks|Steel Beam|p1a: Regidrago\n|-resisted|p1a: Regidrago\n|-damage|p1a: Regidrago|0 fnt\n|-damage|p2a: b-tec sandyshocks|0 fnt|[from] steelbeam\n|faint|p2a: b-tec sandyshocks\n|faint|p1a: Regidrago\n|\n|upkeep\n|\n|t:|1700507317\n|switch|p1a: Scyther|Scyther, M|100\/100\n|switch|p2a: lord shen|Fezandipiti, M|100\/100\n|turn|6\n|\n|t:|1700507325\n|move|p1a: Scyther|Swords Dance|p1a: Scyther\n|-boost|p1a: Scyther|atk|2\n|move|p2a: lord shen|Beat Up|p1a: Scyther\n|-damage|p1a: Scyther|98\/100\n|-status|p1a: Scyther|tox|[from] ability: Toxic Chain|[of] p2a: lord shen\n|-damage|p1a: Scyther|94\/100 tox\n|-damage|p1a: Scyther|91\/100 tox\n|-damage|p1a: Scyther|88\/100 tox\n|-hitcount|p1a: Scyther|4\n|\n|-damage|p1a: Scyther|82\/100 tox|[from] psn\n|upkeep\n|turn|7\n|\n|t:|1700507332\n|move|p1a: Scyther|Aerial Ace|p2a: lord shen\n|-damage|p2a: lord shen|43\/100\n|move|p2a: lord shen|Roost|p2a: lord shen\n|-heal|p2a: lord shen|93\/100\n|-singleturn|p2a: lord shen|move: Roost\n|\n|-heal|p2a: lord shen|99\/100|[from] item: Black Sludge\n|-damage|p1a: Scyther|70\/100 tox|[from] psn\n|upkeep\n|turn|8\n|\n|t:|1700507339\n|move|p1a: Scyther|Swords Dance|p1a: Scyther\n|-boost|p1a: Scyther|atk|2\n|move|p2a: lord shen|U-turn|p1a: Scyther\n|-resisted|p1a: Scyther\n|-damage|p1a: Scyther|62\/100 tox\n|\n|t:|1700507341\n|switch|p2a: trap house|Enamorus, F|100\/100|[from] U-turn\n|\n|-damage|p1a: Scyther|44\/100 tox|[from] psn\n|upkeep\n|turn|9\n|\n|t:|1700507346\n|move|p2a: trap house|Moonblast|p1a: Scyther\n|-damage|p1a: Scyther|0 fnt\n|faint|p1a: Scyther\n|\n|upkeep\n|\n|t:|1700507349\n|switch|p1a: Cresselia|Cresselia, F|100\/100\n|turn|10\n|\n|t:|1700507353\n|switch|p2a: lord shen|Fezandipiti, M|99\/100\n|move|p1a: Cresselia|Calm Mind|p1a: Cresselia\n|-boost|p1a: Cresselia|spa|1\n|-boost|p1a: Cresselia|spd|1\n|\n|-heal|p2a: lord shen|100\/100|[from] item: Black Sludge\n|upkeep\n|turn|11\n|\n|t:|1700507359\n|move|p2a: lord shen|Taunt|p1a: Cresselia\n|-start|p1a: Cresselia|move: Taunt\n|move|p1a: Cresselia|Psyshock|p2a: lord shen\n|-supereffective|p2a: lord shen\n|-damage|p2a: lord shen|29\/100\n|\n|-heal|p2a: lord shen|35\/100|[from] item: Black Sludge\n|upkeep\n|turn|12\n|\n|t:|1700507362\n|move|p2a: lord shen|Beat Up|p1a: Cresselia\n|-supereffective|p1a: Cresselia\n|-damage|p1a: Cresselia|96\/100\n|-supereffective|p1a: Cresselia\n|-damage|p1a: Cresselia|91\/100\n|-supereffective|p1a: Cresselia\n|-damage|p1a: Cresselia|86\/100\n|-supereffective|p1a: Cresselia\n|-damage|p1a: Cresselia|82\/100\n|-status|p1a: Cresselia|tox|[from] ability: Toxic Chain|[of] p2a: lord shen\n|-hitcount|p1a: Cresselia|4\n|move|p1a: Cresselia|Psyshock|p2a: lord shen\n|-supereffective|p2a: lord shen\n|-damage|p2a: lord shen|0 fnt\n|faint|p2a: lord shen\n|\n|-heal|p1a: Cresselia|88\/100 tox|[from] item: Leftovers\n|-damage|p1a: Cresselia|82\/100 tox|[from] psn\n|upkeep\n|\n|t:|1700507381\n|switch|p2a: great thunberg|Torterra, F|100\/100\n|turn|13\n|\n|t:|1700507384\n|-terastallize|p2a: great thunberg|Fire\n|move|p2a: great thunberg|Shell Smash|p2a: great thunberg\n|-unboost|p2a: great thunberg|def|1\n|-unboost|p2a: great thunberg|spd|1\n|-boost|p2a: great thunberg|atk|2\n|-boost|p2a: great thunberg|spa|2\n|-boost|p2a: great thunberg|spe|2\n|move|p1a: Cresselia|Moonblast|p2a: great thunberg\n|-resisted|p2a: great thunberg\n|-damage|p2a: great thunberg|69\/100\n|-unboost|p2a: great thunberg|spa|1\n|\n|-heal|p1a: Cresselia|88\/100 tox|[from] item: Leftovers\n|-damage|p1a: Cresselia|75\/100 tox|[from] psn\n|-end|p1a: Cresselia|move: Taunt\n|upkeep\n|turn|14\n|\n|t:|1700507394\n|move|p2a: great thunberg|Bullet Seed|p1a: Cresselia\n|-damage|p1a: Cresselia|59\/100 tox\n|-damage|p1a: Cresselia|41\/100 tox\n|-damage|p1a: Cresselia|24\/100 tox\n|-damage|p1a: Cresselia|6\/100 tox\n|-damage|p1a: Cresselia|0 fnt\n|faint|p1a: Cresselia\n|-hitcount|p1: Cresselia|5\n|\n|upkeep\n|\n|t:|1700507401\n|switch|p1a: Arcanine|Arcanine-Hisui, F|100\/100\n|turn|15\n|\n|t:|1700507409\n|move|p2a: great thunberg|Bullet Seed|p1a: Arcanine\n|-damage|p1a: Arcanine|73\/100\n|-damage|p1a: Arcanine|46\/100\n|-damage|p1a: Arcanine|16\/100\n|-damage|p1a: Arcanine|0 fnt\n|faint|p1a: Arcanine\n|-hitcount|p1: Arcanine|4\n|\n|upkeep\n|c|\u2606Jaketr4|damn\n|c|\u2606sgrg32|HUGE\n|c|\u2606Jaketr4|thought i outsped\n|c|\u2606Jaketr4|i think you were 5 speed points quicker\n|\n|t:|1700507434\n|switch|p1a: Landorus|Landorus-Therian, M|100\/100\n|-ability|p1a: Landorus|Intimidate|boost\n|-unboost|p2a: great thunberg|atk|1\n|turn|16\n|c|\u2606sgrg32|idk im just max speed\n|\n|t:|1700507440\n|move|p2a: great thunberg|Bullet Seed|p1a: Landorus\n|-damage|p1a: Landorus|80\/100\n|-damage|p1a: Landorus|58\/100\n|-damage|p1a: Landorus|39\/100\n|-damage|p1a: Landorus|18\/100\n|-hitcount|p1a: Landorus|4\n|move|p1a: Landorus|Rock Slide|p2a: great thunberg|[miss]\n|-miss|p1a: Landorus|p2a: great thunberg\n|\n|upkeep\n|turn|17\n|c|\u2606Jaketr4|rough\n|c|\u2606sgrg32|rip\n|\n|t:|1700507450\n|move|p2a: great thunberg|Bullet Seed|p1a: Landorus\n|-damage|p1a: Landorus|0 fnt\n|faint|p1a: Landorus\n|-hitcount|p1: Landorus|1\n|\n|upkeep\n|c|\u2606Jaketr4|gg\n|c|\u2606sgrg32|gg\n|\n|t:|1700507455\n|switch|p1a: Espeon|Espeon, F|100\/100\n|turn|18\n|\n|t:|1700507458\n|move|p2a: great thunberg|Bullet Seed|p1a: Espeon\n|-damage|p1a: Espeon|69\/100\n|-damage|p1a: Espeon|36\/100\n|-damage|p1a: Espeon|0 fnt\n|faint|p1a: Espeon\n|-hitcount|p1: Espeon|3\n|\n|win|sgrg32\n|l|\u2606Jaketr4\n","uploadtime":1700507619,"views":28,"p1id":"jaketr4","p2id":"sgrg32","formatid":"gen9ubers","rating":0,"private":0,"password":""}