{"id":"gen9ubers-1994062483","p1":"POOPEROLI","p2":"PRO02","format":"[Gen 9] Ubers","log":"|j|\u2606POOPEROLI\n|j|\u2606PRO02\n|t:|1700401808\n|gametype|singles\n|player|p1|POOPEROLI|1|1000\n|player|p2|PRO02|102|1021\n|teamsize|p1|6\n|teamsize|p2|6\n|gen|9\n|tier|[Gen 9] Ubers\n|rated|\n|rule|Sleep Clause Mod: Limit one foe put to sleep\n|rule|Species Clause: Limit one of each Pok\u00e9mon\n|rule|OHKO Clause: OHKO moves are banned\n|rule|Evasion Items Clause: Evasion items are banned\n|rule|Evasion Moves Clause: Evasion moves are banned\n|rule|Endless Battle Clause: Forcing endless battles is banned\n|rule|HP Percentage Mod: HP is shown in percentages\n|clearpoke\n|poke|p1|Murkrow, F|\n|poke|p1|Ribombee, M|\n|poke|p1|Amoonguss, F|\n|poke|p1|Arcanine, M|\n|poke|p1|Blissey, F|\n|poke|p1|Goodra-Hisui, F|\n|poke|p2|Annihilape, M|\n|poke|p2|Garchomp, F|\n|poke|p2|Gengar, F|\n|poke|p2|Giratina-Origin|\n|poke|p2|Greninja-*, M|\n|poke|p2|Mewtwo|\n|teampreview\n|\n|t:|1700401816\n|start\n|switch|p1a: Ron|Murkrow, F|100\/100\n|switch|p2a: Annihilape|Annihilape, M|100\/100\n|turn|1\n|\n|t:|1700401825\n|move|p1a: Ron|Tailwind|p1a: Ron\n|-sidestart|p1: POOPEROLI|move: Tailwind\n|move|p2a: Annihilape|Close Combat|p1a: Ron\n|-enditem|p1a: Ron|Focus Sash\n|-damage|p1a: Ron|1\/100\n|-unboost|p2a: Annihilape|def|1\n|-unboost|p2a: Annihilape|spd|1\n|\n|upkeep\n|turn|2\n|\n|t:|1700401862\n|move|p1a: Ron|Perish Song|p1a: Ron\n|-start|p1a: Ron|perish3|[silent]\n|-start|p2a: Annihilape|perish3|[silent]\n|-fieldactivate|move: Perish Song\n|move|p2a: Annihilape|Facade|p1a: Ron\n|-damage|p1a: Ron|0 fnt\n|faint|p1a: Ron\n|\n|-start|p2a: Annihilape|perish3\n|upkeep\n|inactive|Battle timer is ON: inactive players will automatically lose when time's up. (requested by PRO02)\n|\n|t:|1700401873\n|switch|p1a: Hopper|Goodra-Hisui, F|100\/100\n|turn|3\n|\n|t:|1700401879\n|move|p1a: Hopper|Draco Meteor|p2a: Annihilape\n|-damage|p2a: Annihilape|17\/100\n|-unboost|p1a: Hopper|spa|2\n|-enditem|p2a: Annihilape|Aguav Berry|[eat]\n|-heal|p2a: Annihilape|50\/100|[from] item: Aguav Berry\n|move|p2a: Annihilape|Curse|p1a: Hopper\n|-start|p1a: Hopper|Curse|[of] p2a: Annihilape\n|-damage|p2a: Annihilape|0 fnt\n|faint|p2a: Annihilape\n|\n|-damage|p1a: Hopper|75\/100|[from] Curse\n|upkeep\n|\n|t:|1700401891\n|switch|p2a: Garchomp|Garchomp, F|100\/100\n|turn|4\n|\n|t:|1700401895\n|move|p1a: Hopper|Draco Meteor|p2a: Garchomp\n|-supereffective|p2a: Garchomp\n|-damage|p2a: Garchomp|48\/100\n|-unboost|p1a: Hopper|spa|2\n|move|p2a: Garchomp|Earthquake|p1a: Hopper\n|-supereffective|p1a: Hopper\n|-damage|p1a: Hopper|0 fnt\n|faint|p1a: Hopper\n|\n|-sideend|p1: POOPEROLI|move: Tailwind\n|upkeep\n|\n|t:|1700401912\n|switch|p1a: Tree Green|Amoonguss, F|100\/100\n|turn|5\n|\n|t:|1700401917\n|move|p2a: Garchomp|Fire Blast|p1a: Tree Green\n|-supereffective|p1a: Tree Green\n|-damage|p1a: Tree Green|58\/100\n|move|p1a: Tree Green|Spore|p2a: Garchomp\n|-status|p2a: Garchomp|slp|[from] move: Spore\n|\n|upkeep\n|turn|6\n|\n|t:|1700401926\n|switch|p1a: Beeg Bug|Ribombee, M|100\/100\n|-terastallize|p2a: Garchomp|Dragon\n|cant|p2a: Garchomp|slp\n|\n|upkeep\n|turn|7\n|\n|t:|1700401934\n|move|p1a: Beeg Bug|Moonblast|p2a: Garchomp\n|-supereffective|p2a: Garchomp\n|-damage|p2a: Garchomp|0 fnt\n|faint|p2a: Garchomp\n|\n|upkeep\n|\n|t:|1700401945\n|switch|p2a: Greninja|Greninja, M|100\/100\n|turn|8\n|\n|t:|1700401950\n|switch|p1a: Tree Green|Amoonguss, F|58\/100\n|move|p2a: Greninja|Shadow Sneak|p1a: Tree Green\n|-start|p2a: Greninja|typechange|Ghost|[from] ability: Protean\n|-damage|p1a: Tree Green|44\/100\n|\n|upkeep\n|turn|9\n|\n|t:|1700401962\n|move|p2a: Greninja|Dark Pulse|p1a: Tree Green\n|-damage|p1a: Tree Green|24\/100\n|move|p1a: Tree Green|Seed Bomb|p2a: Greninja\n|-damage|p2a: Greninja|51\/100\n|\n|upkeep\n|turn|10\n|\n|t:|1700401976\n|move|p2a: Greninja|Shadow Sneak|p1a: Tree Green\n|-damage|p1a: Tree Green|9\/100\n|-status|p2a: Greninja|par|[from] ability: Effect Spore|[of] p1a: Tree Green\n|move|p1a: Tree Green|Seed Bomb|p2a: Greninja\n|-damage|p2a: Greninja|6\/100 par\n|\n|upkeep\n|turn|11\n|\n|t:|1700401986\n|move|p2a: Greninja|Shadow Sneak|p1a: Tree Green\n|-damage|p1a: Tree Green|0 fnt\n|faint|p1a: Tree Green\n|\n|upkeep\n|inactive|POOPEROLI has 120 seconds left.\n|\n|t:|1700402019\n|switch|p1a: K9|Arcanine, M|100\/100\n|-ability|p1a: K9|Intimidate|boost\n|-unboost|p2a: Greninja|atk|1\n|turn|12\n|inactive|POOPEROLI has 120 seconds left.\n|\n|t:|1700402026\n|move|p1a: K9|Heat Wave|p2a: Greninja\n|-damage|p2a: Greninja|0 fnt\n|faint|p2a: Greninja\n|\n|upkeep\n|\n|t:|1700402032\n|switch|p2a: Mewtwo|Mewtwo|100\/100\n|-ability|p2a: Mewtwo|Pressure\n|turn|13\n|inactive|POOPEROLI has 120 seconds left.\n|\n|t:|1700402049\n|-terastallize|p1a: K9|Fire\n|move|p2a: Mewtwo|Psystrike|p1a: K9\n|-damage|p1a: K9|39\/100\n|move|p1a: K9|Heat Wave|p2a: Mewtwo|[miss]\n|-miss|p1a: K9|p2a: Mewtwo\n|\n|upkeep\n|turn|14\n|\n|t:|1700402057\n|move|p2a: Mewtwo|Psystrike|p1a: K9\n|-damage|p1a: K9|0 fnt\n|faint|p1a: K9\n|\n|upkeep\n|\n|t:|1700402066\n|switch|p1a: Beeg Bug|Ribombee, M|100\/100\n|turn|15\n|\n|t:|1700402071\n|move|p1a: Beeg Bug|Leech Life|p2a: Mewtwo\n|-supereffective|p2a: Mewtwo\n|-damage|p2a: Mewtwo|70\/100\n|move|p2a: Mewtwo|Shadow Ball|p1a: Beeg Bug\n|-damage|p1a: Beeg Bug|55\/100\n|-unboost|p1a: Beeg Bug|spd|1\n|\n|-heal|p2a: Mewtwo|76\/100|[from] item: Leftovers\n|upkeep\n|turn|16\n|\n|t:|1700402082\n|move|p1a: Beeg Bug|Leech Life|p2a: Mewtwo\n|-supereffective|p2a: Mewtwo\n|-damage|p2a: Mewtwo|46\/100\n|-heal|p1a: Beeg Bug|77\/100|[from] drain|[of] p2a: Mewtwo\n|move|p2a: Mewtwo|Shadow Ball|p1a: Beeg Bug\n|-damage|p1a: Beeg Bug|4\/100\n|\n|-heal|p2a: Mewtwo|52\/100|[from] item: Leftovers\n|upkeep\n|turn|17\n|inactive|POOPEROLI has 120 seconds left.\n|\n|t:|1700402111\n|move|p1a: Beeg Bug|Leech Life|p2a: Mewtwo\n|-supereffective|p2a: Mewtwo\n|-damage|p2a: Mewtwo|24\/100\n|-heal|p1a: Beeg Bug|25\/100|[from] drain|[of] p2a: Mewtwo\n|move|p2a: Mewtwo|Shadow Ball|p1a: Beeg Bug\n|-damage|p1a: Beeg Bug|0 fnt\n|faint|p1a: Beeg Bug\n|\n|-heal|p2a: Mewtwo|30\/100|[from] item: Leftovers\n|upkeep\n|inactive|POOPEROLI has 120 seconds left.\n|\n|t:|1700402121\n|switch|p1a: Bulk|Blissey, F|100\/100\n|turn|18\n|inactive|POOPEROLI has 120 seconds left.\n|\n|t:|1700402127\n|move|p2a: Mewtwo|Recover|p2a: Mewtwo\n|-heal|p2a: Mewtwo|80\/100\n|move|p1a: Bulk|Earthquake|p2a: Mewtwo\n|-damage|p2a: Mewtwo|75\/100\n|\n|-heal|p2a: Mewtwo|81\/100|[from] item: Leftovers\n|upkeep\n|turn|19\n|\n|t:|1700402133\n|move|p2a: Mewtwo|Psystrike|p1a: Bulk\n|-enditem|p1a: Bulk|Focus Sash\n|-damage|p1a: Bulk|1\/100\n|move|p1a: Bulk|Earthquake|p2a: Mewtwo\n|-damage|p2a: Mewtwo|77\/100\n|\n|-heal|p2a: Mewtwo|83\/100|[from] item: Leftovers\n|upkeep\n|turn|20\n|inactive|POOPEROLI has 120 seconds left.\n|\n|t:|1700402179\n|move|p2a: Mewtwo|Psystrike|p1a: Bulk\n|-damage|p1a: Bulk|0 fnt\n|faint|p1a: Bulk\n|\n|win|PRO02\n|raw|POOPEROLI's rating: 1000 &rarr; <strong>1000<\/strong><br \/>(+0 for losing)\n|raw|PRO02's rating: 1021 &rarr; <strong>1056<\/strong><br \/>(+35 for winning)\n|l|\u2606PRO02\n","uploadtime":1700402194,"views":13,"p1id":"pooperoli","p2id":"pro02","formatid":"gen9ubers","rating":1000,"private":0,"password":""}