{"id":"gen9ubers-1978482416","p1":"Toxzac","p2":"naterz4","format":"[Gen 9] Ubers","log":"|j|\u2606Toxzac\n|j|\u2606naterz4\n|t:|1698544699\n|gametype|singles\n|player|p1|Toxzac|clown|\n|player|p2|naterz4|169|\n|teamsize|p1|6\n|teamsize|p2|6\n|gen|9\n|tier|[Gen 9] Ubers\n|rule|Sleep Clause Mod: Limit one foe put to sleep\n|rule|Species Clause: Limit one of each Pok\u00e9mon\n|rule|OHKO Clause: OHKO moves are banned\n|rule|Evasion Items Clause: Evasion items are banned\n|rule|Evasion Moves Clause: Evasion moves are banned\n|rule|Endless Battle Clause: Forcing endless battles is banned\n|rule|HP Percentage Mod: HP is shown in percentages\n|clearpoke\n|poke|p1|Urshifu-*, F|\n|poke|p1|Meowscarada, F|\n|poke|p1|Regieleki|\n|poke|p1|Mamoswine, F|\n|poke|p1|Volcarona, F|\n|poke|p1|Mismagius, M|\n|poke|p2|Baxcalibur, M|\n|poke|p2|Jolteon, F|\n|poke|p2|Kleavor, F|\n|poke|p2|Ninetales-Alola, F|\n|poke|p2|Arcanine-Hisui, M|\n|poke|p2|Empoleon, F|\n|teampreview\n|inactive|Battle timer is ON: inactive players will automatically lose when time's up. (requested by Toxzac)\n|c|\u2606naterz4|gl hf\n|c|\u2606Toxzac|hf\n|inactive|Toxzac has 270 seconds left.\n|inactive|naterz4 has 270 seconds left.\n|inactiveoff|Battle timer is now OFF.\n|\n|t:|1698544743\n|start\n|switch|p1a: Chopper|Mamoswine, F|100\/100\n|switch|p2a: Kleavor|Kleavor, F|100\/100\n|turn|1\n|\n|t:|1698544767\n|move|p2a: Kleavor|Stone Axe|p1a: Chopper\n|-damage|p1a: Chopper|41\/100\n|-sidestart|p1: Toxzac|move: Stealth Rock\n|move|p1a: Chopper|Icicle Spear|p2a: Kleavor\n|-damage|p2a: Kleavor|83\/100\n|-damage|p2a: Kleavor|67\/100\n|-damage|p2a: Kleavor|51\/100\n|-damage|p2a: Kleavor|36\/100\n|-hitcount|p2a: Kleavor|4\n|\n|upkeep\n|turn|2\n|j| ProudNewb\n|\n|t:|1698544861\n|switch|p1a: Robin|Mismagius, M|100\/100\n|-damage|p1a: Robin|88\/100|[from] Stealth Rock\n|move|p2a: Kleavor|Stone Axe|p1a: Robin\n|-damage|p1a: Robin|0 fnt\n|faint|p1a: Robin\n|\n|upkeep\n|\n|t:|1698544872\n|switch|p1a: Luffy|Urshifu-Rapid-Strike, F|100\/100\n|-damage|p1a: Luffy|94\/100|[from] Stealth Rock\n|turn|3\n|\n|t:|1698544888\n|switch|p2a: Empoleon|Empoleon, F|100\/100\n|move|p1a: Luffy|Surging Strikes|p2a: Empoleon\n|-resisted|p2a: Empoleon\n|-crit|p2a: Empoleon\n|-damage|p2a: Empoleon|84\/100\n|-resisted|p2a: Empoleon\n|-crit|p2a: Empoleon\n|-damage|p2a: Empoleon|68\/100\n|-resisted|p2a: Empoleon\n|-crit|p2a: Empoleon\n|-damage|p2a: Empoleon|51\/100\n|-hitcount|p2a: Empoleon|3\n|\n|-heal|p2a: Empoleon|57\/100|[from] item: Leftovers\n|upkeep\n|turn|4\n|\n|t:|1698544935\n|move|p1a: Luffy|Surging Strikes|p2a: Empoleon\n|-resisted|p2a: Empoleon\n|-crit|p2a: Empoleon\n|-damage|p2a: Empoleon|42\/100\n|-resisted|p2a: Empoleon\n|-crit|p2a: Empoleon\n|-damage|p2a: Empoleon|26\/100\n|-resisted|p2a: Empoleon\n|-crit|p2a: Empoleon\n|-damage|p2a: Empoleon|10\/100\n|-hitcount|p2a: Empoleon|3\n|move|p2a: Empoleon|Flip Turn|p1a: Luffy\n|-resisted|p1a: Luffy\n|-damage|p1a: Luffy|85\/100\n|\n|t:|1698544947\n|switch|p2a: RegiJolteon|Jolteon, F|100\/100|[from] Flip Turn\n|\n|-status|p2a: RegiJolteon|brn|[from] item: Flame Orb\n|upkeep\n|turn|5\n|\n|t:|1698544965\n|switch|p1a: Chopper|Mamoswine, F|41\/100\n|-damage|p1a: Chopper|29\/100|[from] Stealth Rock\n|-terastallize|p2a: RegiJolteon|Ice\n|move|p2a: RegiJolteon|Calm Mind|p2a: RegiJolteon\n|-boost|p2a: RegiJolteon|spa|1\n|-boost|p2a: RegiJolteon|spd|1\n|\n|-damage|p2a: RegiJolteon|95\/100 brn|[from] brn\n|upkeep\n|turn|6\n|\n|t:|1698544980\n|move|p2a: RegiJolteon|Tera Blast|p1a: Chopper|[anim] Tera Blast Ice\n|-damage|p1a: Chopper|0 fnt\n|faint|p1a: Chopper\n|\n|-damage|p2a: RegiJolteon|89\/100 brn|[from] brn\n|upkeep\n|\n|t:|1698545022\n|switch|p1a: Nami|Meowscarada, F|100\/100\n|turn|7\n|\n|t:|1698545038\n|move|p2a: RegiJolteon|Tera Blast|p1a: Nami|[anim] Tera Blast Ice\n|-supereffective|p1a: Nami\n|-damage|p1a: Nami|0 fnt\n|faint|p1a: Nami\n|\n|-damage|p2a: RegiJolteon|83\/100 brn|[from] brn\n|upkeep\n|\n|t:|1698545048\n|switch|p1a: Sanji|Volcarona, F|100\/100\n|turn|8\n|\n|t:|1698545070\n|move|p2a: RegiJolteon|Thunderbolt|p1a: Sanji\n|-damage|p1a: Sanji|42\/100\n|move|p1a: Sanji|Flamethrower|p2a: RegiJolteon\n|-supereffective|p2a: RegiJolteon\n|-damage|p2a: RegiJolteon|16\/100 brn\n|\n|-damage|p2a: RegiJolteon|10\/100 brn|[from] brn\n|upkeep\n|turn|9\n|\n|t:|1698545079\n|move|p2a: RegiJolteon|Thunderbolt|p1a: Sanji\n|-damage|p1a: Sanji|0 fnt\n|faint|p1a: Sanji\n|\n|-damage|p2a: RegiJolteon|4\/100 brn|[from] brn\n|upkeep\n|\n|t:|1698545085\n|switch|p1a: Zoro|Regieleki, shiny|100\/100\n|turn|10\n|\n|t:|1698545088\n|move|p2a: RegiJolteon|Tera Blast|p1a: Zoro|[anim] Tera Blast Ice\n|-damage|p1a: Zoro|0 fnt\n|faint|p1a: Zoro\n|\n|-damage|p2a: RegiJolteon|0 fnt|[from] brn\n|faint|p2a: RegiJolteon\n|upkeep\n|c| ProudNewb|that new regi-form looking busted\n|\n|t:|1698545115\n|switch|p1a: Luffy|Urshifu-Rapid-Strike, F|85\/100\n|switch|p2a: Arcanine|Arcanine-Hisui, M|100\/100\n|-damage|p1a: Luffy|79\/100|[from] Stealth Rock\n|turn|11\n|\n|t:|1698545135\n|move|p2a: Arcanine|Extreme Speed|p1a: Luffy\n|-damage|p1a: Luffy|39\/100\n|move|p1a: Luffy|Close Combat|p2a: Arcanine\n|-supereffective|p2a: Arcanine\n|-damage|p2a: Arcanine|0 fnt\n|-unboost|p1a: Luffy|def|1\n|-unboost|p1a: Luffy|spd|1\n|faint|p2a: Arcanine\n|\n|upkeep\n|\n|t:|1698545152\n|switch|p2a: Ninetales|Ninetales-Alola, F|100\/100\n|-weather|Snow|[from] ability: Snow Warning|[of] p2a: Ninetales\n|turn|12\n|\n|t:|1698545157\n|move|p2a: Ninetales|Moonblast|p1a: Luffy\n|-supereffective|p1a: Luffy\n|-damage|p1a: Luffy|0 fnt\n|faint|p1a: Luffy\n|\n|win|naterz4\n|c|\u2606naterz4|gg\n|l|\u2606Toxzac\n","uploadtime":1698545165,"views":19,"p1id":"toxzac","p2id":"naterz4","formatid":"gen9ubers","rating":0,"private":0,"password":""}