{"id":"gen9ubers-1984118826","p1":"the tr4sh man","p2":"AlicieLizzie","format":"[Gen 9] Ubers","log":"|j|\u2606the tr4sh man\n|j|\u2606AlicieLizzie\n|t:|1699220622\n|gametype|singles\n|player|p1|the tr4sh man|xerosic|\n|player|p2|AlicieLizzie|marnie-masters3|\n|teamsize|p1|6\n|teamsize|p2|6\n|gen|9\n|tier|[Gen 9] Ubers\n|rule|Sleep Clause Mod: Limit one foe put to sleep\n|rule|Species Clause: Limit one of each Pok\u00e9mon\n|rule|OHKO Clause: OHKO moves are banned\n|rule|Evasion Items Clause: Evasion items are banned\n|rule|Evasion Moves Clause: Evasion moves are banned\n|rule|Endless Battle Clause: Forcing endless battles is banned\n|rule|HP Percentage Mod: HP is shown in percentages\n|clearpoke\n|poke|p1|Iron Leaves|\n|poke|p1|Pincurchin, F|\n|poke|p1|Iron Valiant|\n|poke|p1|Zapdos|\n|poke|p1|Iron Jugulis|\n|poke|p1|Raichu-Alola, F|\n|poke|p2|Pelipper, M|\n|poke|p2|Overqwil, M|\n|poke|p2|Zapdos|\n|poke|p2|Palkia-Origin|\n|poke|p2|Landorus, M|\n|poke|p2|Arceus-Grass|\n|teampreview\n|inactive|Battle timer is ON: inactive players will automatically lose when time's up. (requested by AlicieLizzie)\n|\n|t:|1699220628\n|start\n|switch|p1a: Pincurchin|Pincurchin, F|100\/100\n|switch|p2a: der nebel kommt|Pelipper, M|100\/100\n|-weather|RainDance|[from] ability: Drizzle|[of] p2a: der nebel kommt\n|-fieldstart|move: Electric Terrain|[from] ability: Electric Surge|[of] p1a: Pincurchin\n|turn|1\n|\n|t:|1699220638\n|switch|p2a: dad (with belt)|Landorus, M|100\/100\n|move|p1a: Pincurchin|Curse|p1a: Pincurchin\n|-unboost|p1a: Pincurchin|spe|1\n|-boost|p1a: Pincurchin|atk|1\n|-boost|p1a: Pincurchin|def|1\n|-enditem|p1a: Pincurchin|Eject Pack\n|\n|t:|1699220641\n|switch|p1a: Iron Leaves|Iron Leaves|100\/100\n|-activate|p1a: Iron Leaves|ability: Quark Drive\n|-start|p1a: Iron Leaves|quarkdrivespe\n|\n|-weather|RainDance|[upkeep]\n|upkeep\n|turn|2\n|c|\u2606AlicieLizzie|wild cooking\n|\n|t:|1699220662\n|move|p1a: Iron Leaves|Swords Dance|p1a: Iron Leaves\n|-boost|p1a: Iron Leaves|atk|2\n|move|p2a: dad (with belt)|U-turn|p1a: Iron Leaves\n|-supereffective|p1a: Iron Leaves\n|-damage|p1a: Iron Leaves|0 fnt\n|faint|p1a: Iron Leaves\n|-end|p1a: Iron Leaves|Quark Drive|[silent]\n|-damage|p2a: dad (with belt)|91\/100|[from] item: Life Orb\n|\n|t:|1699220672\n|switch|p2a: sea mine|Overqwil, M|100\/100|[from] U-turn\n|\n|-weather|RainDance|[upkeep]\n|upkeep\n|c|\u2606the tr4sh man|i got turned\n|\n|t:|1699220683\n|switch|p1a: Raichu|Raichu-Alola, F|100\/100\n|turn|3\n|\n|t:|1699220689\n|-terastallize|p1a: Raichu|Electric\n|move|p1a: Raichu|Thunderbolt|p2a: sea mine\n|-damage|p2a: sea mine|0 fnt\n|faint|p2a: sea mine\n|-damage|p1a: Raichu|91\/100|[from] item: Life Orb\n|\n|-weather|RainDance|[upkeep]\n|upkeep\n|\n|t:|1699220695\n|switch|p2a: dad (with belt)|Landorus, M|91\/100\n|turn|4\n|\n|t:|1699220698\n|switch|p1a: Iron Jugulis|Iron Jugulis|100\/100\n|-activate|p1a: Iron Jugulis|ability: Quark Drive\n|-start|p1a: Iron Jugulis|quarkdrivespe\n|move|p2a: dad (with belt)|Sandsear Storm|p1a: Iron Jugulis\n|-immune|p1a: Iron Jugulis\n|\n|-weather|RainDance|[upkeep]\n|upkeep\n|turn|5\n|\n|t:|1699220702\n|move|p1a: Iron Jugulis|Dark Pulse|p2a: dad (with belt)\n|-damage|p2a: dad (with belt)|27\/100\n|-damage|p1a: Iron Jugulis|91\/100|[from] item: Life Orb\n|move|p2a: dad (with belt)|Weather Ball|p1a: Iron Jugulis\n|-damage|p1a: Iron Jugulis|18\/100\n|-damage|p2a: dad (with belt)|17\/100|[from] item: Life Orb\n|\n|-weather|RainDance|[upkeep]\n|-fieldend|move: Electric Terrain\n|-end|p1a: Iron Jugulis|Quark Drive\n|upkeep\n|turn|6\n|\n|t:|1699220712\n|switch|p2a: touch grass?|Arceus-Grass|100\/100\n|move|p1a: Iron Jugulis|Dark Pulse|p2a: touch grass?\n|-damage|p2a: touch grass?|64\/100\n|-damage|p1a: Iron Jugulis|9\/100|[from] item: Life Orb\n|\n|-weather|RainDance|[upkeep]\n|upkeep\n|turn|7\n|\n|t:|1699220717\n|-end|p1a: Iron Jugulis|Quark Drive|[silent]\n|switch|p1a: Pincurchin|Pincurchin, F|100\/100\n|-fieldstart|move: Electric Terrain|[from] ability: Electric Surge|[of] p1a: Pincurchin\n|move|p2a: touch grass?|Recover|p2a: touch grass?\n|-heal|p2a: touch grass?|100\/100\n|\n|-weather|RainDance|[upkeep]\n|upkeep\n|turn|8\n|\n|t:|1699220719\n|move|p2a: touch grass?|Calm Mind|p2a: touch grass?\n|-boost|p2a: touch grass?|spa|1\n|-boost|p2a: touch grass?|spd|1\n|move|p1a: Pincurchin|Toxic Spikes|p2a: touch grass?\n|-sidestart|p2: AlicieLizzie|move: Toxic Spikes\n|\n|-weather|none\n|upkeep\n|turn|9\n|\n|t:|1699220722\n|move|p2a: touch grass?|Calm Mind|p2a: touch grass?\n|-boost|p2a: touch grass?|spa|1\n|-boost|p2a: touch grass?|spd|1\n|move|p1a: Pincurchin|Memento|p2a: touch grass?\n|-unboost|p2a: touch grass?|atk|2\n|-unboost|p2a: touch grass?|spa|2\n|faint|p1a: Pincurchin\n|\n|upkeep\n|\n|t:|1699220726\n|switch|p1a: Raichu|Raichu-Alola, F, tera:Electric|91\/100\n|turn|10\n|\n|t:|1699220729\n|-terastallize|p2a: touch grass?|Ground\n|move|p1a: Raichu|Encore|p2a: touch grass?\n|-start|p2a: touch grass?|Encore\n|move|p2a: touch grass?|Calm Mind|p2a: touch grass?\n|-boost|p2a: touch grass?|spa|1\n|-boost|p2a: touch grass?|spd|1\n|\n|upkeep\n|turn|11\n|\n|t:|1699220734\n|move|p1a: Raichu|Grass Knot|p2a: touch grass?\n|-supereffective|p2a: touch grass?\n|-damage|p2a: touch grass?|76\/100\n|-damage|p1a: Raichu|81\/100|[from] item: Life Orb\n|move|p2a: touch grass?|Calm Mind|p2a: touch grass?\n|-boost|p2a: touch grass?|spa|1\n|-boost|p2a: touch grass?|spd|1\n|\n|-fieldend|move: Electric Terrain\n|upkeep\n|turn|12\n|\n|t:|1699220738\n|switch|p1a: Zapdos|Zapdos|100\/100\n|move|p2a: touch grass?|Calm Mind|p2a: touch grass?\n|-boost|p2a: touch grass?|spa|1\n|-boost|p2a: touch grass?|spd|1\n|\n|-end|p2a: touch grass?|Encore\n|upkeep\n|turn|13\n|\n|t:|1699220741\n|move|p2a: touch grass?|Judgment|p1a: Zapdos\n|-resisted|p1a: Zapdos\n|-damage|p1a: Zapdos|47\/100\n|move|p1a: Zapdos|Electric Terrain|p1a: Zapdos\n|-fieldstart|move: Electric Terrain\n|\n|upkeep\n|turn|14\n|\n|t:|1699220745\n|move|p2a: touch grass?|Judgment|p1a: Zapdos\n|-resisted|p1a: Zapdos\n|-damage|p1a: Zapdos|0 fnt\n|faint|p1a: Zapdos\n|\n|upkeep\n|\n|t:|1699220749\n|switch|p1a: Iron Valiant|Iron Valiant|100\/100\n|-activate|p1a: Iron Valiant|ability: Quark Drive\n|-start|p1a: Iron Valiant|quarkdrivespe\n|turn|15\n|\n|t:|1699220753\n|move|p1a: Iron Valiant|Psyshock|p2a: touch grass?\n|-damage|p2a: touch grass?|50\/100\n|move|p2a: touch grass?|Judgment|p1a: Iron Valiant\n|-damage|p1a: Iron Valiant|0 fnt\n|faint|p1a: Iron Valiant\n|-end|p1a: Iron Valiant|Quark Drive|[silent]\n|\n|upkeep\n|\n|t:|1699220755\n|switch|p1a: Iron Jugulis|Iron Jugulis|9\/100\n|-activate|p1a: Iron Jugulis|ability: Quark Drive\n|-start|p1a: Iron Jugulis|quarkdrivespe\n|turn|16\n|\n|t:|1699220758\n|move|p1a: Iron Jugulis|Dark Pulse|p2a: touch grass?\n|-damage|p2a: touch grass?|41\/100\n|-damage|p1a: Iron Jugulis|0 fnt|[from] item: Life Orb\n|faint|p1a: Iron Jugulis\n|-end|p1a: Iron Jugulis|Quark Drive|[silent]\n|move|p2a: touch grass?|Judgment|p1: Iron Jugulis|[notarget]\n|-fail|p2a: touch grass?\n|\n|upkeep\n|\n|t:|1699220760\n|switch|p1a: Raichu|Raichu-Alola, F, tera:Electric|81\/100\n|turn|17\n|\n|t:|1699220763\n|move|p1a: Raichu|Grass Knot|p2a: touch grass?\n|-supereffective|p2a: touch grass?\n|-damage|p2a: touch grass?|22\/100\n|-damage|p1a: Raichu|71\/100|[from] item: Life Orb\n|move|p2a: touch grass?|Earth Power|p1a: Raichu\n|-supereffective|p1a: Raichu\n|-damage|p1a: Raichu|0 fnt\n|faint|p1a: Raichu\n|\n|win|AlicieLizzie\n|c|\u2606AlicieLizzie|gg\n|c|\u2606the tr4sh man|gg\n","uploadtime":1699220770,"views":7,"p1id":"thetr4shman","p2id":"alicielizzie","formatid":"gen9ubers","rating":0,"private":0,"password":""}