{"id":"gen9ubers-2000113564","p1":"Pickedman","p2":"rei_darkness","format":"[Gen 9] Ubers","log":"|j|\u2606Pickedman\n|j|\u2606rei_darkness\n|t:|1701157259\n|gametype|singles\n|player|p1|Pickedman|zinnia|\n|player|p2|rei_darkness|101|\n|teamsize|p1|6\n|teamsize|p2|6\n|gen|9\n|tier|[Gen 9] Ubers\n|rule|Sleep Clause Mod: Limit one foe put to sleep\n|rule|Species Clause: Limit one of each Pok\u00e9mon\n|rule|OHKO Clause: OHKO moves are banned\n|rule|Evasion Items Clause: Evasion items are banned\n|rule|Evasion Moves Clause: Evasion moves are banned\n|rule|Endless Battle Clause: Forcing endless battles is banned\n|rule|HP Percentage Mod: HP is shown in percentages\n|clearpoke\n|poke|p1|Tyranitar, F|\n|poke|p1|Magearna|\n|poke|p1|Landorus-Therian, M|\n|poke|p1|Gothitelle, F|\n|poke|p1|Mandibuzz, F|\n|poke|p1|Slowking-Galar, F|\n|poke|p2|Ribombee, F|\n|poke|p2|Iron Jugulis|\n|poke|p2|Weezing-Galar, M|\n|poke|p2|Medicham, F|\n|poke|p2|Slowking-Galar, F|\n|poke|p2|Palafin, F|\n|teampreview\n|inactive|Battle timer is ON: inactive players will automatically lose when time's up. (requested by rei_darkness)\n|inactive|Pickedman has 270 seconds left.\n|\n|t:|1701157310\n|start\n|switch|p1a: Magearna|Magearna|100\/100\n|switch|p2a: Iron Jugulis|Iron Jugulis|100\/100\n|-enditem|p2a: Iron Jugulis|Booster Energy\n|-activate|p2a: Iron Jugulis|ability: Quark Drive|[fromitem]\n|-start|p2a: Iron Jugulis|quarkdrivespe\n|turn|1\n|\n|t:|1701157317\n|switch|p1a: Mandibuzz|Mandibuzz, F|100\/100\n|move|p2a: Iron Jugulis|Work Up|p2a: Iron Jugulis\n|-boost|p2a: Iron Jugulis|atk|1\n|-boost|p2a: Iron Jugulis|spa|1\n|\n|upkeep\n|turn|2\n|\n|t:|1701157320\n|move|p2a: Iron Jugulis|Acrobatics|p1a: Mandibuzz\n|-damage|p1a: Mandibuzz|61\/100\n|move|p1a: Mandibuzz|Toxic|p2a: Iron Jugulis\n|-status|p2a: Iron Jugulis|tox\n|\n|-damage|p2a: Iron Jugulis|94\/100 tox|[from] psn\n|upkeep\n|turn|3\n|\n|t:|1701157327\n|-end|p2a: Iron Jugulis|Quark Drive|[silent]\n|switch|p2a: Ribombee|Ribombee, F|100\/100\n|move|p1a: Mandibuzz|Roost|p1a: Mandibuzz\n|-heal|p1a: Mandibuzz|100\/100\n|-singleturn|p1a: Mandibuzz|move: Roost\n|\n|upkeep\n|turn|4\n|\n|t:|1701157332\n|move|p2a: Ribombee|Stun Spore|p1a: Mandibuzz\n|-immune|p1a: Mandibuzz|[from] ability: Overcoat\n|move|p1a: Mandibuzz|Toxic|p2a: Ribombee\n|-status|p2a: Ribombee|tox\n|\n|-damage|p2a: Ribombee|94\/100 tox|[from] psn\n|upkeep\n|turn|5\n|\n|t:|1701157338\n|move|p2a: Ribombee|Sticky Web|p1a: Mandibuzz\n|-sidestart|p1: Pickedman|move: Sticky Web\n|move|p1a: Mandibuzz|Dark Pulse|p2a: Ribombee\n|-resisted|p2a: Ribombee\n|-damage|p2a: Ribombee|80\/100 tox\n|\n|-damage|p2a: Ribombee|68\/100 tox|[from] psn\n|upkeep\n|turn|6\n|c|\u2606rei_darkness|My dumb ass\n|\n|t:|1701157345\n|move|p2a: Ribombee|U-turn|p1a: Mandibuzz\n|-damage|p1a: Mandibuzz|87\/100\n|\n|t:|1701157348\n|switch|p2a: Weezing|Weezing-Galar, M|100\/100|[from] U-turn\n|move|p1a: Mandibuzz|Defog|p2a: Weezing\n|-unboost|p2a: Weezing|evasion|1\n|-sideend|p1: Pickedman|Sticky Web|[from] move: Defog|[of] p1a: Mandibuzz\n|\n|upkeep\n|turn|7\n|\n|t:|1701157357\n|switch|p1a: Magearna|Magearna|100\/100\n|switch|p2a: Palafin|Palafin, F|100\/100\n|\n|upkeep\n|turn|8\n|\n|t:|1701157367\n|detailschange|p2a: Palafin|Palafin-Hero, F\n|switch|p2a: Medicham|Medicham, F|100\/100\n|move|p1a: Magearna|Shift Gear|p1a: Magearna\n|-boost|p1a: Magearna|spe|2\n|-boost|p1a: Magearna|atk|1\n|\n|upkeep\n|turn|9\n|\n|t:|1701157375\n|-terastallize|p2a: Medicham|Fighting\n|move|p2a: Medicham|Close Combat|p1a: Magearna\n|-damage|p1a: Magearna|13\/100\n|-unboost|p2a: Medicham|def|1\n|-unboost|p2a: Medicham|spd|1\n|move|p1a: Magearna|Iron Head|p2a: Medicham\n|-damage|p2a: Medicham|0 fnt\n|faint|p2a: Medicham\n|-ability|p1a: Magearna|Soul-Heart|boost\n|-boost|p1a: Magearna|spa|1\n|\n|-heal|p1a: Magearna|19\/100|[from] item: Leftovers\n|upkeep\n|\n|t:|1701157385\n|switch|p2a: Iron Jugulis|Iron Jugulis|94\/100 tox\n|turn|10\n|\n|t:|1701157390\n|switch|p1a: Mandibuzz|Mandibuzz, F|87\/100\n|move|p2a: Iron Jugulis|Acrobatics|p1a: Mandibuzz\n|-damage|p1a: Mandibuzz|60\/100\n|\n|-damage|p2a: Iron Jugulis|88\/100 tox|[from] psn\n|upkeep\n|turn|11\n|\n|t:|1701157399\n|-end|p2a: Iron Jugulis|Quark Drive|[silent]\n|switch|p2a: Weezing|Weezing-Galar, M|100\/100\n|move|p1a: Mandibuzz|Roost|p1a: Mandibuzz\n|-heal|p1a: Mandibuzz|100\/100\n|-singleturn|p1a: Mandibuzz|move: Roost\n|\n|upkeep\n|turn|12\n|inactive|Pickedman has 270 seconds left.\n|\n|t:|1701157448\n|switch|p1a: Slowking|Slowking-Galar, F|100\/100\n|move|p2a: Weezing|Strange Steam|p1a: Slowking\n|-resisted|p1a: Slowking\n|-damage|p1a: Slowking|92\/100\n|\n|upkeep\n|turn|13\n|\n|t:|1701157452\n|move|p2a: Weezing|Strange Steam|p1a: Slowking\n|-resisted|p1a: Slowking\n|-damage|p1a: Slowking|85\/100\n|move|p1a: Slowking|Yawn|p2a: Weezing\n|-start|p2a: Weezing|move: Yawn|[of] p1a: Slowking\n|\n|upkeep\n|turn|14\n|inactive|Pickedman has 270 seconds left.\n|\n|t:|1701157460\n|switch|p2a: Ribombee|Ribombee, F|68\/100 tox\n|switch|p1a: Tyranitar|Tyranitar, F|100\/100\n|-weather|Sandstorm|[from] ability: Sand Stream|[of] p1a: Tyranitar\n|\n|-weather|Sandstorm|[upkeep]\n|-damage|p2a: Ribombee|62\/100 tox|[from] Sandstorm\n|-damage|p2a: Ribombee|56\/100 tox|[from] psn\n|upkeep\n|turn|15\n|\n|t:|1701157466\n|switch|p1a: Mandibuzz|Mandibuzz, F|100\/100\n|move|p2a: Ribombee|U-turn|p1a: Mandibuzz\n|-crit|p1a: Mandibuzz\n|-damage|p1a: Mandibuzz|83\/100\n|\n|t:|1701157469\n|switch|p2a: Palafin|Palafin-Hero, F|100\/100|[from] U-turn\n|-activate|p2a: Palafin|ability: Zero to Hero\n|\n|-weather|Sandstorm|[upkeep]\n|-damage|p2a: Palafin|94\/100|[from] Sandstorm\n|upkeep\n|turn|16\n|inactive|Pickedman has 270 seconds left.\n|\n|t:|1701157490\n|move|p2a: Palafin|Surf|p1a: Mandibuzz\n|-damage|p1a: Mandibuzz|25\/100\n|move|p1a: Mandibuzz|Toxic|p2a: Palafin\n|-status|p2a: Palafin|tox\n|\n|-weather|Sandstorm|[upkeep]\n|-damage|p2a: Palafin|88\/100 tox|[from] Sandstorm\n|-damage|p2a: Palafin|82\/100 tox|[from] psn\n|upkeep\n|turn|17\n|c|\u2606rei_darkness|I'm so washed\n|\n|t:|1701157501\n|switch|p1a: Slowking|Slowking-Galar, F|100\/100\n|move|p2a: Palafin|Surf|p1a: Slowking\n|-damage|p1a: Slowking|58\/100\n|\n|-weather|Sandstorm|[upkeep]\n|-damage|p2a: Palafin|76\/100 tox|[from] Sandstorm\n|-damage|p2a: Palafin|64\/100 tox|[from] psn\n|upkeep\n|turn|18\n|\n|t:|1701157513\n|switch|p2a: Slowking|Slowking-Galar, F|100\/100\n|move|p1a: Slowking|Protect||[still]\n|-fail|p1a: Slowking\n|\n|-weather|Sandstorm|[upkeep]\n|-damage|p2a: Slowking|94\/100|[from] Sandstorm\n|upkeep\n|turn|19\n|\n|t:|1701157526\n|switch|p1a: Magearna|Magearna|19\/100\n|move|p2a: Slowking|Taunt|p1a: Magearna\n|-start|p1a: Magearna|move: Taunt\n|\n|-weather|Sandstorm|[upkeep]\n|-damage|p2a: Slowking|88\/100|[from] Sandstorm\n|-heal|p1a: Magearna|25\/100|[from] item: Leftovers\n|upkeep\n|turn|20\n|\n|t:|1701157532\n|move|p1a: Magearna|Iron Head|p2a: Slowking\n|-damage|p2a: Slowking|52\/100\n|move|p2a: Slowking|Chilly Reception|p2a: Slowking\n|-weather|Snow\n|\n|t:|1701157537\n|switch|p2a: Palafin|Palafin-Hero, F|64\/100 tox|[from] Chilly Reception\n|\n|-weather|Snow|[upkeep]\n|-heal|p1a: Magearna|31\/100|[from] item: Leftovers\n|-damage|p2a: Palafin|57\/100 tox|[from] psn\n|upkeep\n|turn|21\n|\n|t:|1701157547\n|switch|p1a: Slowking|Slowking-Galar, F|91\/100\n|move|p2a: Palafin|Surf|p1a: Slowking\n|-damage|p1a: Slowking|54\/100\n|\n|-weather|Snow|[upkeep]\n|-damage|p2a: Palafin|45\/100 tox|[from] psn\n|upkeep\n|turn|22\n|-message|rei_darkness forfeited.\n|\n|win|Pickedman\n","uploadtime":1701157557,"views":14,"p1id":"pickedman","p2id":"reidarkness","formatid":"gen9ubers","rating":0,"private":0,"password":""}