{"id":"gen9ubers-1993489228","p1":"UnderdogFluff","p2":"Omarinator","format":"[Gen 9] Ubers","log":"|j|\u2606UnderdogFluff\n|j|\u2606Omarinator\n|t:|1700324006\n|gametype|singles\n|player|p1|UnderdogFluff|ash-kalos|\n|player|p2|Omarinator|hoopster|\n|teamsize|p1|6\n|teamsize|p2|6\n|gen|9\n|tier|[Gen 9] Ubers\n|rated|Tournament battle\n|rule|Sleep Clause Mod: Limit one foe put to sleep\n|rule|Species Clause: Limit one of each Pok\u00e9mon\n|rule|OHKO Clause: OHKO moves are banned\n|rule|Evasion Items Clause: Evasion items are banned\n|rule|Evasion Moves Clause: Evasion moves are banned\n|rule|Endless Battle Clause: Forcing endless battles is banned\n|rule|HP Percentage Mod: HP is shown in percentages\n|clearpoke\n|poke|p1|Rayquaza|\n|poke|p1|Arceus|\n|poke|p1|Groudon|\n|poke|p1|Zacian-*|\n|poke|p1|Miraidon|\n|poke|p1|Glimmora, M|\n|poke|p2|Kyogre|\n|poke|p2|Qwilfish-Hisui, F|\n|poke|p2|Basculegion, M|\n|poke|p2|Arceus-Fairy|\n|poke|p2|Iron Treads|\n|poke|p2|Giratina-Origin|\n|teampreview\n|inactive|Battle timer is ON: inactive players will automatically lose when time's up. (requested by UnderdogFluff)\n|inactive|Omarinator also wants the timer to be on.\n|c|\u2606Omarinator|gl and hf\n|c|\u2606UnderdogFluff|glhf!\n|\n|t:|1700324016\n|start\n|switch|p1a: Glimmora|Glimmora, M|100\/100\n|switch|p2a: Tread Lightly|Iron Treads|100\/100\n|turn|1\n|\n|t:|1700324022\n|move|p1a: Glimmora|Earth Power|p2a: Tread Lightly\n|-supereffective|p2a: Tread Lightly\n|-damage|p2a: Tread Lightly|54\/100\n|move|p2a: Tread Lightly|Earthquake|p1a: Glimmora\n|-supereffective|p1a: Glimmora\n|-enditem|p1a: Glimmora|Focus Sash\n|-damage|p1a: Glimmora|1\/100\n|-activate|p1a: Glimmora|ability: Toxic Debris\n|-sidestart|p2: Omarinator|move: Toxic Spikes\n|\n|-heal|p2a: Tread Lightly|60\/100|[from] item: Leftovers\n|upkeep\n|turn|2\n|\n|t:|1700324031\n|move|p1a: Glimmora|Stealth Rock|p2a: Tread Lightly\n|-sidestart|p2: Omarinator|move: Stealth Rock\n|move|p2a: Tread Lightly|Rapid Spin|p1a: Glimmora\n|-resisted|p1a: Glimmora\n|-damage|p1a: Glimmora|0 fnt\n|-boost|p2a: Tread Lightly|spe|1\n|-activate|p1a: Glimmora|ability: Toxic Debris\n|-sidestart|p2: Omarinator|move: Toxic Spikes\n|-sideend|p2: Omarinator|Toxic Spikes|[from] move: Rapid Spin|[of] p2a: Tread Lightly\n|-sideend|p2: Omarinator|Stealth Rock|[from] move: Rapid Spin|[of] p2a: Tread Lightly\n|faint|p1a: Glimmora\n|\n|-heal|p2a: Tread Lightly|66\/100|[from] item: Leftovers\n|upkeep\n|inactive|UnderdogFluff has 120 seconds left.\n|\n|t:|1700324072\n|switch|p1a: Miraidon|Miraidon|100\/100\n|-fieldstart|move: Electric Terrain|[from] ability: Hadron Engine|[of] p1a: Miraidon\n|-activate|p2a: Tread Lightly|ability: Quark Drive\n|-start|p2a: Tread Lightly|quarkdrivespe\n|turn|3\n|\n|t:|1700324079\n|-terastallize|p1a: Miraidon|Fairy\n|move|p2a: Tread Lightly|Earthquake|p1a: Miraidon\n|-damage|p1a: Miraidon|66\/100\n|move|p1a: Miraidon|Calm Mind|p1a: Miraidon\n|-boost|p1a: Miraidon|spa|1\n|-boost|p1a: Miraidon|spd|1\n|\n|-heal|p2a: Tread Lightly|72\/100|[from] item: Leftovers\n|-heal|p1a: Miraidon|72\/100|[from] item: Leftovers\n|upkeep\n|turn|4\n|\n|t:|1700324085\n|move|p2a: Tread Lightly|Knock Off|p1a: Miraidon\n|-resisted|p1a: Miraidon\n|-damage|p1a: Miraidon|62\/100\n|-enditem|p1a: Miraidon|Leftovers|[from] move: Knock Off|[of] p2a: Tread Lightly\n|move|p1a: Miraidon|Agility|p1a: Miraidon\n|-boost|p1a: Miraidon|spe|2\n|\n|-heal|p2a: Tread Lightly|78\/100|[from] item: Leftovers\n|upkeep\n|turn|5\n|\n|t:|1700324092\n|move|p1a: Miraidon|Calm Mind|p1a: Miraidon\n|-boost|p1a: Miraidon|spa|1\n|-boost|p1a: Miraidon|spd|1\n|move|p2a: Tread Lightly|Earthquake|p1a: Miraidon\n|-damage|p1a: Miraidon|33\/100\n|\n|-heal|p2a: Tread Lightly|84\/100|[from] item: Leftovers\n|upkeep\n|turn|6\n|j| isoptera\n|\n|t:|1700324102\n|move|p1a: Miraidon|Calm Mind|p1a: Miraidon\n|-boost|p1a: Miraidon|spa|1\n|-boost|p1a: Miraidon|spd|1\n|move|p2a: Tread Lightly|Earthquake|p1a: Miraidon\n|-damage|p1a: Miraidon|1\/100\n|\n|-heal|p2a: Tread Lightly|90\/100|[from] item: Leftovers\n|upkeep\n|turn|7\n|\n|t:|1700324108\n|move|p1a: Miraidon|Dazzling Gleam|p2a: Tread Lightly\n|-resisted|p2a: Tread Lightly\n|-damage|p2a: Tread Lightly|24\/100\n|move|p2a: Tread Lightly|Rapid Spin|p1a: Miraidon\n|-damage|p1a: Miraidon|0 fnt\n|-boost|p2a: Tread Lightly|spe|1\n|faint|p1a: Miraidon\n|\n|-heal|p2a: Tread Lightly|30\/100|[from] item: Leftovers\n|-fieldend|move: Electric Terrain\n|-end|p2a: Tread Lightly|Quark Drive\n|upkeep\n|-message|UnderdogFluff forfeited.\n|\n|win|Omarinator\n|n|\u2606UnderdogFluff|underdogfluff\n|n|\u2606Omarinator|omarinator\n|n| isoptera|isoptera\n","uploadtime":1700324116,"views":9,"p1id":"underdogfluff","p2id":"omarinator","formatid":"gen9ubers","rating":0,"private":0,"password":""}