{"id":"gen9ubers-1993581098","p1":"Prof Balls","p2":"Gnarly Ari","format":"[Gen 9] Ubers","log":"|j|\u2606Prof Balls\n|j|\u2606Gnarly Ari\n|t:|1700334066\n|gametype|singles\n|player|p1|Prof Balls|brycenman|\n|player|p2|Gnarly Ari|pokemonrangerf|\n|teamsize|p1|6\n|teamsize|p2|6\n|gen|9\n|tier|[Gen 9] Ubers\n|rule|Sleep Clause Mod: Limit one foe put to sleep\n|rule|Species Clause: Limit one of each Pok\u00e9mon\n|rule|OHKO Clause: OHKO moves are banned\n|rule|Evasion Items Clause: Evasion items are banned\n|rule|Evasion Moves Clause: Evasion moves are banned\n|rule|Endless Battle Clause: Forcing endless battles is banned\n|rule|HP Percentage Mod: HP is shown in percentages\n|clearpoke\n|poke|p1|Ogerpon-Wellspring, F|\n|poke|p1|Walking Wake|\n|poke|p1|Zapdos|\n|poke|p1|Hydreigon, F|\n|poke|p1|Revavroom, F|\n|poke|p1|Donphan, F|\n|poke|p2|Iron Bundle|\n|poke|p2|Clefable, M|\n|poke|p2|Gallade, M|\n|poke|p2|Goodra, F|\n|poke|p2|Slither Wing|\n|poke|p2|Talonflame, F|\n|teampreview\n|\n|t:|1700334086\n|start\n|switch|p1a: Zapdos|Zapdos|100\/100\n|switch|p2a: Clefable|Clefable, M|100\/100\n|turn|1\n|\n|t:|1700334096\n|switch|p2a: Iron Bundle|Iron Bundle|100\/100\n|-enditem|p2a: Iron Bundle|Booster Energy\n|-activate|p2a: Iron Bundle|ability: Quark Drive|[fromitem]\n|-start|p2a: Iron Bundle|quarkdrivespe\n|move|p1a: Zapdos|Volt Switch|p2a: Iron Bundle\n|-supereffective|p2a: Iron Bundle\n|-damage|p2a: Iron Bundle|0 fnt\n|faint|p2a: Iron Bundle\n|-end|p2a: Iron Bundle|Quark Drive|[silent]\n|\n|t:|1700334108\n|switch|p1a: Revavroom|Revavroom, F|100\/100|[from] Volt Switch\n|\n|upkeep\n|\n|t:|1700334122\n|switch|p2a: Talonflame|Talonflame, F|100\/100\n|turn|2\n|\n|t:|1700334127\n|move|p2a: Talonflame|Flare Blitz|p1a: Revavroom\n|-supereffective|p1a: Revavroom\n|-damage|p1a: Revavroom|0 fnt\n|faint|p1a: Revavroom\n|-damage|p2a: Talonflame|67\/100|[from] Recoil\n|\n|upkeep\n|\n|t:|1700334133\n|switch|p1a: Hydreigon|Hydreigon, F, shiny|100\/100\n|turn|3\n|\n|t:|1700334143\n|switch|p2a: Slither Wing|Slither Wing|100\/100\n|move|p1a: Hydreigon|Dark Pulse|p2a: Slither Wing\n|-resisted|p2a: Slither Wing\n|-damage|p2a: Slither Wing|73\/100\n|\n|upkeep\n|turn|4\n|\n|t:|1700334162\n|switch|p1a: Zapdos|Zapdos|100\/100\n|move|p2a: Slither Wing|First Impression|p1a: Zapdos\n|-resisted|p1a: Zapdos\n|-damage|p1a: Zapdos|71\/100\n|-status|p2a: Slither Wing|par|[from] ability: Static|[of] p1a: Zapdos\n|-damage|p2a: Slither Wing|63\/100 par|[from] item: Life Orb\n|\n|upkeep\n|turn|5\n|\n|t:|1700334173\n|move|p1a: Zapdos|Hurricane|p2a: Slither Wing\n|-supereffective|p2a: Slither Wing\n|-damage|p2a: Slither Wing|0 fnt\n|faint|p2a: Slither Wing\n|-end|p2a: Slither Wing|Protosynthesis|[silent]\n|\n|upkeep\n|\n|t:|1700334186\n|switch|p2a: Goodra|Goodra, F|100\/100\n|turn|6\n|\n|t:|1700334206\n|move|p1a: Zapdos|Volt Switch|p2a: Goodra\n|-resisted|p2a: Goodra\n|-damage|p2a: Goodra|92\/100\n|\n|t:|1700334227\n|switch|p1a: Hydreigon|Hydreigon, F, shiny|100\/100|[from] Volt Switch\n|move|p2a: Goodra|Earthquake|p1a: Hydreigon\n|-immune|p1a: Hydreigon|[from] ability: Levitate\n|\n|upkeep\n|turn|7\n|\n|t:|1700334235\n|switch|p2a: Clefable|Clefable, M|100\/100\n|-terastallize|p1a: Hydreigon|Dark\n|move|p1a: Hydreigon|Draco Meteor|p2a: Clefable\n|-immune|p2a: Clefable\n|\n|upkeep\n|turn|8\n|\n|t:|1700334250\n|switch|p1a: Ogerpon|Ogerpon-Wellspring, F|100\/100\n|move|p2a: Clefable|Moonblast|p1a: Ogerpon\n|-damage|p1a: Ogerpon|29\/100\n|\n|upkeep\n|turn|9\n|\n|t:|1700334269\n|move|p1a: Ogerpon|Horn Leech|p2a: Clefable\n|-damage|p2a: Clefable|42\/100\n|-heal|p1a: Ogerpon|62\/100|[from] drain|[of] p2a: Clefable\n|move|p2a: Clefable|Moonblast|p1a: Ogerpon\n|-damage|p1a: Ogerpon|0 fnt\n|faint|p1a: Ogerpon\n|\n|upkeep\n|\n|t:|1700334279\n|switch|p1a: Donphan|Donphan, F, shiny|100\/100\n|turn|10\n|\n|t:|1700334283\n|move|p2a: Clefable|Wish|p2a: Clefable\n|move|p1a: Donphan|Earthquake|p2a: Clefable\n|-damage|p2a: Clefable|0 fnt\n|faint|p2a: Clefable\n|\n|upkeep\n|\n|t:|1700334302\n|switch|p2a: Gallade|Gallade, M|100\/100\n|turn|11\n|\n|t:|1700334311\n|move|p2a: Gallade|Leaf Blade|p1a: Donphan\n|-supereffective|p1a: Donphan\n|-damage|p1a: Donphan|45\/100\n|move|p1a: Donphan|Earthquake|p2a: Gallade\n|-damage|p2a: Gallade|36\/100\n|\n|-heal|p2a: Gallade|90\/100|[from] move: Wish|[wisher] Clefable\n|-heal|p1a: Donphan|51\/100|[from] item: Leftovers\n|upkeep\n|turn|12\n|\n|t:|1700334326\n|move|p2a: Gallade|Leaf Blade|p1a: Donphan\n|-supereffective|p1a: Donphan\n|-damage|p1a: Donphan|0 fnt\n|faint|p1a: Donphan\n|\n|upkeep\n|\n|t:|1700334335\n|switch|p1a: Zapdos|Zapdos|71\/100\n|turn|13\n|\n|t:|1700334352\n|move|p1a: Zapdos|Hurricane|p2a: Gallade\n|-supereffective|p2a: Gallade\n|-damage|p2a: Gallade|0 fnt\n|faint|p2a: Gallade\n|\n|upkeep\n|\n|t:|1700334357\n|switch|p2a: Goodra|Goodra, F|92\/100\n|turn|14\n|\n|t:|1700334364\n|move|p1a: Zapdos|Hurricane|p2a: Goodra|[miss]\n|-miss|p1a: Zapdos|p2a: Goodra\n|move|p2a: Goodra|Draco Meteor|p1a: Zapdos|[miss]\n|-miss|p2a: Goodra|p1a: Zapdos\n|\n|upkeep\n|turn|15\n|\n|t:|1700334373\n|move|p1a: Zapdos|Volt Switch|p2a: Goodra\n|-resisted|p2a: Goodra\n|-damage|p2a: Goodra|83\/100\n|\n|t:|1700334376\n|switch|p1a: Hydreigon|Hydreigon, F, shiny, tera:Dark|100\/100|[from] Volt Switch\n|move|p2a: Goodra|Draco Meteor|p1a: Hydreigon\n|-damage|p1a: Hydreigon|15\/100\n|-unboost|p2a: Goodra|spa|2\n|\n|upkeep\n|turn|16\n|\n|t:|1700334393\n|move|p1a: Hydreigon|Draco Meteor|p2a: Goodra\n|-supereffective|p2a: Goodra\n|-damage|p2a: Goodra|0 fnt\n|-unboost|p1a: Hydreigon|spa|2\n|faint|p2a: Goodra\n|\n|upkeep\n|\n|t:|1700334400\n|switch|p2a: Talonflame|Talonflame, F|67\/100\n|turn|17\n|\n|t:|1700334418\n|move|p2a: Talonflame|Brave Bird|p1a: Hydreigon\n|-damage|p1a: Hydreigon|0 fnt\n|faint|p1a: Hydreigon\n|-damage|p2a: Talonflame|62\/100|[from] Recoil\n|\n|upkeep\n|\n|t:|1700334425\n|switch|p1a: Walking Wake|Walking Wake|100\/100\n|-enditem|p1a: Walking Wake|Booster Energy\n|-activate|p1a: Walking Wake|ability: Protosynthesis|[fromitem]\n|-start|p1a: Walking Wake|protosynthesisspa\n|turn|18\n|\n|t:|1700334433\n|move|p2a: Talonflame|Brave Bird|p1a: Walking Wake\n|-damage|p1a: Walking Wake|48\/100\n|-damage|p2a: Talonflame|42\/100|[from] Recoil\n|move|p1a: Walking Wake|Hydro Steam|p2a: Talonflame\n|-supereffective|p2a: Talonflame\n|-damage|p2a: Talonflame|0 fnt\n|faint|p2a: Talonflame\n|\n|win|Prof Balls\n|l|\u2606Prof Balls\n","uploadtime":1700334444,"views":5,"p1id":"profballs","p2id":"gnarlyari","formatid":"gen9ubers","rating":0,"private":0,"password":""}