{"id":"gen9ubers-1982254035","p1":"ShadowblazinAceP","p2":"vespyyy","format":"[Gen 9] Ubers","log":"|j|\u2606ShadowblazinAceP\n|j|\u2606vespyyy\n|t:|1698985024\n|gametype|singles\n|player|p1|ShadowblazinAceP|ghetsis|\n|player|p2|vespyyy|juggler|\n|teamsize|p1|6\n|teamsize|p2|6\n|gen|9\n|tier|[Gen 9] Ubers\n|rule|Sleep Clause Mod: Limit one foe put to sleep\n|rule|Species Clause: Limit one of each Pok\u00e9mon\n|rule|OHKO Clause: OHKO moves are banned\n|rule|Evasion Items Clause: Evasion items are banned\n|rule|Evasion Moves Clause: Evasion moves are banned\n|rule|Endless Battle Clause: Forcing endless battles is banned\n|rule|HP Percentage Mod: HP is shown in percentages\n|clearpoke\n|poke|p1|Gholdengo|\n|poke|p1|Shaymin-Sky|\n|poke|p1|Palafin, M|\n|poke|p1|Cyclizar, F|\n|poke|p1|Hatterene, F|\n|poke|p1|Chi-Yu|\n|poke|p2|Pelipper, M|\n|poke|p2|Basculegion-F, F|\n|poke|p2|Zacian-*|\n|poke|p2|Palkia-Origin|\n|poke|p2|Arceus-Grass|\n|poke|p2|Palafin, F|\n|teampreview\n|j| Laza_beam\n|c|\u2606ShadowblazinAceP|gl hf\n|c|\u2606vespyyy|U 2\n|\n|t:|1698985115\n|start\n|switch|p1a: Palafin|Palafin, M|100\/100\n|switch|p2a: Zacian|Zacian|100\/100\n|-ability|p2a: Zacian|Intrepid Sword|boost\n|-boost|p2a: Zacian|atk|1\n|turn|1\n|\n|t:|1698985133\n|detailschange|p1a: Palafin|Palafin-Hero, M\n|switch|p1a: Gholdengo|Gholdengo|100\/100\n|move|p2a: Zacian|Trailblaze|p1a: Gholdengo\n|-resisted|p1a: Gholdengo\n|-damage|p1a: Gholdengo|88\/100\n|-boost|p2a: Zacian|spe|1\n|\n|-heal|p1a: Gholdengo|94\/100|[from] item: Leftovers\n|upkeep\n|turn|2\n|\n|t:|1698985147\n|-terastallize|p2a: Zacian|Dark\n|move|p2a: Zacian|Crunch|p1a: Gholdengo\n|-supereffective|p1a: Gholdengo\n|-damage|p1a: Gholdengo|0 fnt\n|faint|p1a: Gholdengo\n|\n|upkeep\n|\n|t:|1698985183\n|switch|p1a: Palafin|Palafin-Hero, M|100\/100\n|-activate|p1a: Palafin|ability: Zero to Hero\n|turn|3\n|\n|t:|1698985187\n|switch|p2a: Arceus|Arceus-Grass|100\/100\n|move|p1a: Palafin|Close Combat|p2a: Arceus\n|-damage|p2a: Arceus|51\/100\n|-unboost|p1a: Palafin|def|1\n|-unboost|p1a: Palafin|spd|1\n|\n|upkeep\n|turn|4\n|\n|t:|1698985199\n|switch|p2a: Pelipper|Pelipper, M|100\/100\n|-weather|RainDance|[from] ability: Drizzle|[of] p2a: Pelipper\n|switch|p1a: Cyclizar|Cyclizar, F|100\/100\n|\n|-weather|RainDance|[upkeep]\n|upkeep\n|turn|5\n|\n|t:|1698985205\n|move|p1a: Cyclizar|Shed Tail|p1a: Cyclizar\n|-start|p1a: Cyclizar|Substitute|[from] move: Shed Tail\n|-damage|p1a: Cyclizar|50\/100\n|\n|t:|1698985210\n|switch|p1a: Shaymin|Shaymin-Sky|100\/100|[from] Shed Tail\n|move|p2a: Pelipper|Hurricane|p1a: Shaymin\n|-supereffective|p1a: Shaymin\n|-end|p1a: Shaymin|Substitute\n|\n|-weather|RainDance|[upkeep]\n|upkeep\n|turn|6\n|\n|t:|1698985220\n|move|p1a: Shaymin|Substitute|p1a: Shaymin\n|-start|p1a: Shaymin|Substitute\n|-damage|p1a: Shaymin|76\/100\n|move|p2a: Pelipper|U-turn|p1a: Shaymin\n|-activate|p1a: Shaymin|move: Substitute|[damage]\n|\n|t:|1698985223\n|switch|p2a: Zacian|Zacian, tera:Dark|100\/100|[from] U-turn\n|\n|-weather|RainDance|[upkeep]\n|-heal|p1a: Shaymin|82\/100|[from] item: Leftovers\n|upkeep\n|turn|7\n|\n|t:|1698985229\n|move|p2a: Zacian|Crunch|p1a: Shaymin\n|-end|p1a: Shaymin|Substitute\n|move|p1a: Shaymin|Seed Flare|p2a: Zacian\n|-damage|p2a: Zacian|44\/100\n|\n|-weather|RainDance|[upkeep]\n|-heal|p1a: Shaymin|88\/100|[from] item: Leftovers\n|upkeep\n|turn|8\n|\n|t:|1698985248\n|move|p2a: Zacian|Crunch|p1a: Shaymin\n|-damage|p1a: Shaymin|38\/100\n|-unboost|p1a: Shaymin|def|1\n|move|p1a: Shaymin|Seed Flare|p2a: Zacian\n|-damage|p2a: Zacian|0 fnt\n|faint|p2a: Zacian\n|\n|-weather|RainDance|[upkeep]\n|-heal|p1a: Shaymin|44\/100|[from] item: Leftovers\n|upkeep\n|\n|t:|1698985255\n|switch|p2a: Basculegion|Basculegion-F, F|100\/100\n|turn|9\n|\n|t:|1698985277\n|switch|p1a: Cyclizar|Cyclizar, F|84\/100\n|move|p2a: Basculegion|Wave Crash|p1a: Cyclizar\n|-resisted|p1a: Cyclizar\n|-damage|p1a: Cyclizar|0 fnt\n|faint|p1a: Cyclizar\n|-damage|p2a: Basculegion|76\/100|[from] Recoil\n|\n|-weather|RainDance|[upkeep]\n|upkeep\n|\n|t:|1698985284\n|switch|p1a: Palafin|Palafin-Hero, M|100\/100\n|turn|10\n|\n|t:|1698985300\n|switch|p2a: Pelipper|Pelipper, M|100\/100\n|move|p1a: Palafin|Wave Crash|p2a: Pelipper\n|-resisted|p2a: Pelipper\n|-damage|p2a: Pelipper|5\/100\n|-damage|p1a: Palafin|70\/100|[from] Recoil\n|\n|-weather|RainDance|[upkeep]\n|upkeep\n|turn|11\n|\n|t:|1698985308\n|switch|p2a: Palkia|Palkia-Origin|100\/100\n|-ability|p2a: Palkia|Pressure\n|move|p1a: Palafin|Wave Crash|p2a: Palkia\n|-resisted|p2a: Palkia\n|-damage|p2a: Palkia|56\/100\n|-damage|p1a: Palafin|56\/100|[from] Recoil\n|\n|-weather|none\n|upkeep\n|turn|12\n|\n|t:|1698985322\n|move|p2a: Palkia|Substitute|p2a: Palkia\n|-start|p2a: Palkia|Substitute\n|-damage|p2a: Palkia|31\/100\n|move|p1a: Palafin|Wave Crash|p2a: Palkia\n|-resisted|p2a: Palkia\n|-end|p2a: Palkia|Substitute\n|-damage|p1a: Palafin|49\/100|[from] Recoil|[of] p2a: Palkia\n|\n|upkeep\n|turn|13\n|\n|t:|1698985326\n|move|p2a: Palkia|Spacial Rend|p1a: Palafin\n|-damage|p1a: Palafin|0 fnt\n|faint|p1a: Palafin\n|\n|upkeep\n|j| Patreese\n|\n|t:|1698985335\n|switch|p1a: Shaymin|Shaymin-Sky|44\/100\n|turn|14\n|\n|t:|1698985339\n|move|p1a: Shaymin|Seed Flare|p2a: Palkia\n|-damage|p2a: Palkia|0 fnt\n|faint|p2a: Palkia\n|\n|-heal|p1a: Shaymin|50\/100|[from] item: Leftovers\n|upkeep\n|\n|t:|1698985341\n|switch|p2a: Pelipper|Pelipper, M|5\/100\n|-weather|RainDance|[from] ability: Drizzle|[of] p2a: Pelipper\n|turn|15\n|\n|t:|1698985347\n|move|p1a: Shaymin|Substitute|p1a: Shaymin\n|-start|p1a: Shaymin|Substitute\n|-damage|p1a: Shaymin|25\/100\n|move|p2a: Pelipper|Hurricane|p1a: Shaymin\n|-supereffective|p1a: Shaymin\n|-end|p1a: Shaymin|Substitute\n|\n|-weather|RainDance|[upkeep]\n|-heal|p1a: Shaymin|31\/100|[from] item: Leftovers\n|upkeep\n|turn|16\n|\n|t:|1698985355\n|move|p1a: Shaymin|Substitute|p1a: Shaymin\n|-start|p1a: Shaymin|Substitute\n|-damage|p1a: Shaymin|6\/100\n|move|p2a: Pelipper|Hurricane|p1a: Shaymin\n|-supereffective|p1a: Shaymin\n|-end|p1a: Shaymin|Substitute\n|\n|-weather|RainDance|[upkeep]\n|-heal|p1a: Shaymin|13\/100|[from] item: Leftovers\n|upkeep\n|turn|17\n|\n|t:|1698985361\n|move|p1a: Shaymin|Seed Flare|p2a: Pelipper\n|-damage|p2a: Pelipper|0 fnt\n|faint|p2a: Pelipper\n|\n|-weather|RainDance|[upkeep]\n|-heal|p1a: Shaymin|19\/100|[from] item: Leftovers\n|upkeep\n|\n|t:|1698985365\n|switch|p2a: Basculegion|Basculegion-F, F|76\/100\n|turn|18\n|\n|t:|1698985406\n|move|p2a: Basculegion|Wave Crash|p1a: Shaymin\n|-resisted|p1a: Shaymin\n|-damage|p1a: Shaymin|0 fnt\n|faint|p1a: Shaymin\n|-damage|p2a: Basculegion|71\/100|[from] Recoil\n|\n|-weather|RainDance|[upkeep]\n|upkeep\n|\n|t:|1698985413\n|switch|p1a: Hatterene|Hatterene, F|100\/100\n|turn|19\n|\n|t:|1698985416\n|-terastallize|p1a: Hatterene|Water\n|move|p2a: Basculegion|Wave Crash|p1a: Hatterene\n|-resisted|p1a: Hatterene\n|-damage|p1a: Hatterene|54\/100\n|-damage|p2a: Basculegion|58\/100|[from] Recoil\n|move|p1a: Hatterene|Nuzzle|p2a: Basculegion\n|-supereffective|p2a: Basculegion\n|-damage|p2a: Basculegion|48\/100\n|-status|p2a: Basculegion|par\n|\n|-weather|RainDance|[upkeep]\n|upkeep\n|turn|20\n|\n|t:|1698985424\n|switch|p2a: Palafin|Palafin, F|100\/100\n|move|p1a: Hatterene|Draining Kiss|p2a: Palafin\n|-damage|p2a: Palafin|65\/100\n|-heal|p1a: Hatterene|82\/100|[from] drain|[of] p2a: Palafin\n|\n|-weather|RainDance|[upkeep]\n|upkeep\n|turn|21\n|\n|t:|1698985428\n|detailschange|p2a: Palafin|Palafin-Hero, F\n|switch|p2a: Arceus|Arceus-Grass|51\/100\n|move|p1a: Hatterene|Nuzzle|p2a: Arceus\n|-resisted|p2a: Arceus\n|-damage|p2a: Arceus|50\/100\n|-status|p2a: Arceus|par\n|\n|-weather|RainDance|[upkeep]\n|upkeep\n|turn|22\n|\n|t:|1698985437\n|cant|p2a: Arceus|par\n|move|p1a: Hatterene|Draining Kiss|p2a: Arceus\n|-damage|p2a: Arceus|36\/100 par\n|-heal|p1a: Hatterene|97\/100|[from] drain|[of] p2a: Arceus\n|\n|-weather|none\n|upkeep\n|turn|23\n|\n|t:|1698985441\n|move|p2a: Arceus|Judgment|p1a: Hatterene\n|-supereffective|p1a: Hatterene\n|-crit|p1a: Hatterene\n|-damage|p1a: Hatterene|0 fnt\n|faint|p1a: Hatterene\n|\n|upkeep\n|\n|t:|1698985444\n|switch|p1a: Chi-Yu|Chi-Yu|100\/100\n|-ability|p1a: Chi-Yu|Beads of Ruin\n|turn|24\n|c|\u2606vespyyy|Gg\n|\n|t:|1698985449\n|move|p1a: Chi-Yu|Dark Pulse|p2a: Arceus\n|-damage|p2a: Arceus|0 fnt\n|faint|p2a: Arceus\n|\n|upkeep\n|\n|t:|1698985451\n|switch|p2a: Palafin|Palafin-Hero, F|65\/100\n|-activate|p2a: Palafin|ability: Zero to Hero\n|turn|25\n|\n|t:|1698985453\n|move|p2a: Palafin|Jet Punch|p1a: Chi-Yu\n|-supereffective|p1a: Chi-Yu\n|-damage|p1a: Chi-Yu|0 fnt\n|faint|p1a: Chi-Yu\n|\n|win|vespyyy\n|c|\u2606ShadowblazinAceP|gg\n|l|\u2606vespyyy\n|l| Laza_beam\n|j| Laza_beam\n|l| Patreese\n","uploadtime":1698986754,"views":19,"p1id":"shadowblazinacep","p2id":"vespyyy","formatid":"gen9ubers","rating":0,"private":0,"password":""}