{"id":"gen9ubers-1982319219","p1":"Sprack shot","p2":"fries god","format":"[Gen 9] Ubers","log":"|j|\u2606Sprack shot\n|j|\u2606fries god\n|t:|1698996575\n|gametype|singles\n|player|p1|Sprack shot|unknown|\n|player|p2|fries god|hilbert-wonderlauncher|\n|teamsize|p1|6\n|teamsize|p2|6\n|gen|9\n|tier|[Gen 9] Ubers\n|rule|Sleep Clause Mod: Limit one foe put to sleep\n|rule|Species Clause: Limit one of each Pok\u00e9mon\n|rule|OHKO Clause: OHKO moves are banned\n|rule|Evasion Items Clause: Evasion items are banned\n|rule|Evasion Moves Clause: Evasion moves are banned\n|rule|Endless Battle Clause: Forcing endless battles is banned\n|rule|HP Percentage Mod: HP is shown in percentages\n|clearpoke\n|poke|p1|Armarouge, M|\n|poke|p1|Indeedee-F, F|\n|poke|p1|Ceruledge, F|\n|poke|p1|Pawmot, F|\n|poke|p1|Walking Wake|\n|poke|p1|Amoonguss, M|\n|poke|p2|Chandelure, F|\n|poke|p2|Gothitelle, F|\n|poke|p2|Dipplin, M|\n|poke|p2|Sandy Shocks|\n|poke|p2|Alomomola, M|\n|poke|p2|Sylveon, M|\n|teampreview\n|inactive|Battle timer is ON: inactive players will automatically lose when time's up. (requested by fries god)\n|\n|t:|1698996589\n|start\n|switch|p1a: Indeedee|Indeedee-F, F|100\/100\n|switch|p2a: Gothitelle|Gothitelle, F|100\/100\n|-fieldstart|move: Psychic Terrain|[from] ability: Psychic Surge|[of] p1a: Indeedee\n|-enditem|p1a: Indeedee|Psychic Seed\n|-boost|p1a: Indeedee|spd|1|[from] item: Psychic Seed\n|turn|1\n|\n|t:|1698996604\n|switch|p1a: Armarouge|Armarouge, M|100\/100\n|move|p2a: Gothitelle|Mean Look|p1a: Armarouge\n|-activate|p1a: Armarouge|trapped\n|\n|upkeep\n|turn|2\n|\n|t:|1698996629\n|switch|p2a: Chandelure|Chandelure, F|100\/100\n|move|p1a: Armarouge|Will-O-Wisp|p2a: Chandelure\n|-start|p2a: Chandelure|ability: Flash Fire\n|\n|upkeep\n|turn|3\n|inactive|Sprack shot has 270 seconds left.\n|l|\u2606Sprack shot\n|inactive|Sprack shot disconnected and has 300 seconds to reconnect!\n|player|p1|\n|inactive|fries god has 270 seconds left.\n|l|\u2606fries god\n|inactive|fries god disconnected and has 300 seconds to reconnect!\n|player|p2|\n|inactive|Sprack shot has 270 seconds to reconnect!\n|inactive|fries god has 270 seconds to reconnect!\n|inactive|Sprack shot has 240 seconds to reconnect!\n|inactive|fries god has 240 seconds to reconnect!\n|inactive|Sprack shot has 210 seconds to reconnect!\n|inactive|fries god has 210 seconds to reconnect!\n|j|\u2606fries god\n|inactive|fries god reconnected and has 270 seconds left.\n|player|p2|fries god|hilbert-wonderlauncher\n|j|\u2606Sprack shot\n|inactive|Sprack shot reconnected and has 270 seconds left.\n|player|p1|Sprack shot|unknown\n|\n|t:|1698996773\n|move|p2a: Chandelure|Shadow Ball|p1a: Armarouge\n|-supereffective|p1a: Armarouge\n|-crit|p1a: Armarouge\n|-damage|p1a: Armarouge|0 fnt\n|faint|p1a: Armarouge\n|\n|upkeep\n|\n|t:|1698996788\n|switch|p1a: Ceruledge|Ceruledge, F|100\/100\n|turn|4\n|\n|t:|1698996798\n|move|p1a: Ceruledge|Disable|p2a: Chandelure\n|-start|p2a: Chandelure|Disable|Shadow Ball\n|cant|p2a: Chandelure|Disable|Shadow Ball\n|\n|upkeep\n|turn|5\n|inactive|fries god has 270 seconds left.\n|\n|t:|1698996812\n|move|p1a: Ceruledge|Bulk Up|p1a: Ceruledge\n|-boost|p1a: Ceruledge|atk|1\n|-boost|p1a: Ceruledge|def|1\n|move|p2a: Chandelure|Poltergeist|p1a: Ceruledge\n|-activate|p1a: Ceruledge|move: Poltergeist|Focus Sash\n|-supereffective|p1a: Ceruledge\n|-damage|p1a: Ceruledge|57\/100\n|\n|-fieldend|move: Psychic Terrain\n|upkeep\n|turn|6\n|inactive|fries god has 270 seconds left.\n|\n|t:|1698996825\n|move|p1a: Ceruledge|Bulk Up|p1a: Ceruledge\n|-boost|p1a: Ceruledge|atk|1\n|-boost|p1a: Ceruledge|def|1\n|move|p2a: Chandelure|Haze|p2a: Chandelure\n|-clearallboost\n|\n|upkeep\n|turn|7\n|inactive|fries god has 270 seconds left.\n|\n|t:|1698996839\n|move|p1a: Ceruledge|Disable||[still]\n|-fail|p1a: Ceruledge\n|move|p2a: Chandelure|Poltergeist|p1a: Ceruledge|[miss]\n|-miss|p2a: Chandelure|p1a: Ceruledge\n|\n|-end|p2a: Chandelure|Disable\n|upkeep\n|turn|8\n|inactive|fries god has 270 seconds left.\n|\n|t:|1698996857\n|switch|p1a: Pawmot|Pawmot, F|100\/100\n|move|p2a: Chandelure|Shadow Ball|p1a: Pawmot\n|-damage|p1a: Pawmot|37\/100\n|-unboost|p1a: Pawmot|spd|1\n|\n|upkeep\n|turn|9\n|\n|t:|1698996870\n|move|p1a: Pawmot|Revival Blessing|p1a: Pawmot\n|\n|t:|1698996873\n|-heal|p1: Armarouge|50\/100|[from] move: Revival Blessing\n|move|p2a: Chandelure|Shadow Ball|p1a: Pawmot\n|-damage|p1a: Pawmot|0 fnt\n|faint|p1a: Pawmot\n|\n|upkeep\n|\n|t:|1698996885\n|switch|p1a: Amoonguss|Amoonguss, M|100\/100\n|turn|10\n|\n|t:|1698996894\n|move|p2a: Chandelure|Burning Jealousy|p1a: Amoonguss\n|-supereffective|p1a: Amoonguss\n|-damage|p1a: Amoonguss|0 fnt\n|faint|p1a: Amoonguss\n|\n|upkeep\n|\n|t:|1698996902\n|switch|p1a: Armarouge|Armarouge, M|50\/100\n|turn|11\n|\n|t:|1698996908\n|move|p2a: Chandelure|Shadow Ball|p1a: Armarouge\n|-supereffective|p1a: Armarouge\n|-crit|p1a: Armarouge\n|-damage|p1a: Armarouge|0 fnt\n|faint|p1a: Armarouge\n|\n|upkeep\n|\n|t:|1698996914\n|switch|p1a: Ceruledge|Ceruledge, F|57\/100\n|turn|12\n|\n|t:|1698996920\n|move|p1a: Ceruledge|Disable|p2a: Chandelure\n|-start|p2a: Chandelure|Disable|Shadow Ball\n|cant|p2a: Chandelure|Disable|Shadow Ball\n|\n|upkeep\n|turn|13\n|\n|t:|1698996938\n|switch|p1a: Walking Wake|Walking Wake|100\/100\n|-end|p2a: Chandelure|ability: Flash Fire|[silent]\n|switch|p2a: Sylveon|Sylveon, M|100\/100\n|\n|upkeep\n|turn|14\n|\n|t:|1698996949\n|move|p1a: Walking Wake|Hydro Steam|p2a: Sylveon\n|-damage|p2a: Sylveon|56\/100\n|-damage|p1a: Walking Wake|90\/100|[from] item: Life Orb\n|move|p2a: Sylveon|Yawn|p1a: Walking Wake\n|-start|p1a: Walking Wake|move: Yawn|[of] p2a: Sylveon\n|\n|upkeep\n|turn|15\n|\n|t:|1698996959\n|move|p1a: Walking Wake|Hydro Steam|p2a: Sylveon\n|-damage|p2a: Sylveon|6\/100\n|-damage|p1a: Walking Wake|80\/100|[from] item: Life Orb\n|move|p2a: Sylveon|Hyper Voice|p1a: Walking Wake\n|-supereffective|p1a: Walking Wake\n|-damage|p1a: Walking Wake|0 fnt\n|faint|p1a: Walking Wake\n|-end|p1a: Walking Wake|Protosynthesis|[silent]\n|-enditem|p2a: Sylveon|Throat Spray\n|-boost|p2a: Sylveon|spa|1|[from] item: Throat Spray\n|\n|upkeep\n|inactive|Sprack shot has 240 seconds left.\n|inactive|Sprack shot has 210 seconds left.\n|inactive|Sprack shot has 180 seconds left.\n|inactive|Sprack shot has 150 seconds left.\n|\n|t:|1698997104\n|switch|p1a: Ceruledge|Ceruledge, F|57\/100\n|turn|16\n|\n|t:|1698997119\n|move|p1a: Ceruledge|Flame Charge|p2a: Sylveon\n|-damage|p2a: Sylveon|0 fnt\n|-boost|p1a: Ceruledge|spe|1\n|faint|p2a: Sylveon\n|\n|upkeep\n|\n|t:|1698997130\n|switch|p2a: Gothitelle|Gothitelle, F|100\/100\n|-item|p1a: Ceruledge|Focus Sash|[from] ability: Frisk|[of] p2a: Gothitelle|[identify]\n|turn|17\n|\n|t:|1698997138\n|move|p1a: Ceruledge|Bulk Up|p1a: Ceruledge\n|-boost|p1a: Ceruledge|atk|1\n|-boost|p1a: Ceruledge|def|1\n|move|p2a: Gothitelle|Trick|p1a: Ceruledge\n|-activate|p2a: Gothitelle|move: Trick|[of] p1a: Ceruledge\n|-item|p1a: Ceruledge|Choice Specs|[from] move: Trick\n|-item|p2a: Gothitelle|Focus Sash|[from] move: Trick\n|\n|upkeep\n|turn|18\n|\n|t:|1698997156\n|move|p1a: Ceruledge|Disable|p2a: Gothitelle\n|-start|p2a: Gothitelle|Disable|Trick\n|move|p2a: Gothitelle|Mean Look||[still]\n|-fail|p2a: Gothitelle\n|\n|upkeep\n|turn|19\n|\n|t:|1698997169\n|switch|p1a: Indeedee|Indeedee-F, F|100\/100\n|-fieldstart|move: Psychic Terrain|[from] ability: Psychic Surge|[of] p1a: Indeedee\n|move|p2a: Gothitelle|Calm Mind|p2a: Gothitelle\n|-boost|p2a: Gothitelle|spa|1\n|-boost|p2a: Gothitelle|spd|1\n|\n|upkeep\n|turn|20\n|\n|t:|1698997183\n|move|p1a: Indeedee|Dazzling Gleam|p2a: Gothitelle\n|-damage|p2a: Gothitelle|88\/100\n|move|p2a: Gothitelle|Mean Look|p1a: Indeedee\n|-activate|p1a: Indeedee|trapped\n|\n|upkeep\n|turn|21\n|\n|t:|1698997191\n|move|p1a: Indeedee|Dazzling Gleam|p2a: Gothitelle\n|-damage|p2a: Gothitelle|74\/100\n|move|p2a: Gothitelle|Calm Mind|p2a: Gothitelle\n|-boost|p2a: Gothitelle|spa|1\n|-boost|p2a: Gothitelle|spd|1\n|\n|-end|p2a: Gothitelle|Disable\n|upkeep\n|turn|22\n|\n|t:|1698997211\n|move|p1a: Indeedee|Dazzling Gleam|p2a: Gothitelle\n|-damage|p2a: Gothitelle|63\/100\n|move|p2a: Gothitelle|Calm Mind|p2a: Gothitelle\n|-boost|p2a: Gothitelle|spa|1\n|-boost|p2a: Gothitelle|spd|1\n|\n|upkeep\n|turn|23\n|\n|t:|1698997221\n|move|p1a: Indeedee|Dazzling Gleam|p2a: Gothitelle\n|-damage|p2a: Gothitelle|55\/100\n|move|p2a: Gothitelle|Stored Power|p1a: Indeedee\n|-resisted|p1a: Indeedee\n|-damage|p1a: Indeedee|5\/100\n|\n|-fieldend|move: Psychic Terrain\n|upkeep\n|turn|24\n|\n|t:|1698997237\n|move|p1a: Indeedee|Dazzling Gleam|p2a: Gothitelle\n|-damage|p2a: Gothitelle|47\/100\n|move|p2a: Gothitelle|Stored Power|p1a: Indeedee\n|-resisted|p1a: Indeedee\n|-damage|p1a: Indeedee|0 fnt\n|faint|p1a: Indeedee\n|\n|upkeep\n|\n|t:|1698997246\n|switch|p1a: Ceruledge|Ceruledge, F|57\/100\n|turn|25\n|\n|t:|1698997255\n|move|p1a: Ceruledge|Disable|p2a: Gothitelle\n|-start|p2a: Gothitelle|Disable|Stored Power\n|move|p2a: Gothitelle|Trick|p1a: Ceruledge\n|-activate|p2a: Gothitelle|move: Trick|[of] p1a: Ceruledge\n|-item|p1a: Ceruledge|Focus Sash|[from] move: Trick\n|-item|p2a: Gothitelle|Choice Specs|[from] move: Trick\n|\n|upkeep\n|turn|26\n|\n|t:|1698997269\n|switch|p2a: Dipplin|Dipplin, M|100\/100\n|-ability|p2a: Dipplin|Supersweet Syrup\n|-ability|p2a: Dipplin|Supersweet Syrup|boost\n|-unboost|p1a: Ceruledge|evasion|1\n|move|p1a: Ceruledge|Bitter Blade|p2a: Dipplin\n|-damage|p2a: Dipplin|76\/100\n|-heal|p1a: Ceruledge|70\/100|[from] drain|[of] p2a: Dipplin\n|\n|upkeep\n|turn|27\n|\n|t:|1698997285\n|move|p1a: Ceruledge|Bitter Blade|p2a: Dipplin\n|-damage|p2a: Dipplin|48\/100\n|-heal|p1a: Ceruledge|84\/100|[from] drain|[of] p2a: Dipplin\n|move|p2a: Dipplin|Reflect|p2a: Dipplin\n|-sidestart|p2: fries god|Reflect\n|\n|upkeep\n|turn|28\n|\n|t:|1698997295\n|switch|p2a: Alomomola|Alomomola, M|100\/100\n|move|p1a: Ceruledge|Bitter Blade|p2a: Alomomola\n|-resisted|p2a: Alomomola\n|-damage|p2a: Alomomola|92\/100\n|-heal|p1a: Ceruledge|92\/100|[from] drain|[of] p2a: Alomomola\n|\n|-heal|p2a: Alomomola|99\/100|[from] item: Leftovers\n|upkeep\n|turn|29\n|\n|t:|1698997308\n|move|p1a: Ceruledge|Bitter Blade|p2a: Alomomola\n|-resisted|p2a: Alomomola\n|-damage|p2a: Alomomola|90\/100\n|-heal|p1a: Ceruledge|99\/100|[from] drain|[of] p2a: Alomomola\n|move|p2a: Alomomola|Whirlpool|p1a: Ceruledge\n|-supereffective|p1a: Ceruledge\n|-damage|p1a: Ceruledge|85\/100\n|-activate|p1a: Ceruledge|move: Whirlpool|[of] p2a: Alomomola\n|\n|-heal|p2a: Alomomola|96\/100|[from] item: Leftovers\n|-damage|p1a: Ceruledge|73\/100|[from] move: Whirlpool|[partiallytrapped]\n|upkeep\n|turn|30\n|\n|t:|1698997326\n|switch|p2a: Dipplin|Dipplin, M|48\/100\n|move|p1a: Ceruledge|Bulk Up|p1a: Ceruledge\n|-boost|p1a: Ceruledge|atk|1\n|-boost|p1a: Ceruledge|def|1\n|\n|-end|p1a: Ceruledge|Whirlpool|[partiallytrapped]|[silent]\n|upkeep\n|turn|31\n|\n|t:|1698997339\n|switch|p2a: Chandelure|Chandelure, F|100\/100\n|move|p1a: Ceruledge|Bulk Up|p1a: Ceruledge\n|-boost|p1a: Ceruledge|atk|1\n|-boost|p1a: Ceruledge|def|1\n|\n|-sideend|p2: fries god|Reflect\n|upkeep\n|turn|32\n|inactive|Sprack shot has 120 seconds left.\n|\n|t:|1698997361\n|switch|p2a: Dipplin|Dipplin, M|48\/100\n|move|p1a: Ceruledge|Bulk Up|p1a: Ceruledge\n|-boost|p1a: Ceruledge|atk|1\n|-boost|p1a: Ceruledge|def|1\n|\n|upkeep\n|turn|33\n|inactive|Sprack shot has 120 seconds left.\n|\n|t:|1698997373\n|switch|p2a: Alomomola|Alomomola, M|100\/100\n|move|p1a: Ceruledge|Bulk Up|p1a: Ceruledge\n|-boost|p1a: Ceruledge|atk|1\n|-boost|p1a: Ceruledge|def|1\n|\n|upkeep\n|turn|34\n|inactive|Sprack shot has 120 seconds left.\n|\n|t:|1698997383\n|move|p1a: Ceruledge|Bulk Up|p1a: Ceruledge\n|-boost|p1a: Ceruledge|atk|1\n|-boost|p1a: Ceruledge|def|1\n|move|p2a: Alomomola|Whirlpool|p1a: Ceruledge\n|-supereffective|p1a: Ceruledge\n|-damage|p1a: Ceruledge|59\/100\n|-activate|p1a: Ceruledge|move: Whirlpool|[of] p2a: Alomomola\n|\n|-damage|p1a: Ceruledge|46\/100|[from] move: Whirlpool|[partiallytrapped]\n|upkeep\n|turn|35\n|inactive|Sprack shot has 120 seconds left.\n|inactive|fries god has 270 seconds left.\n|\n|t:|1698997400\n|move|p1a: Ceruledge|Bulk Up|p1a: Ceruledge\n|-boost|p1a: Ceruledge|atk|1\n|-boost|p1a: Ceruledge|def|1\n|move|p2a: Alomomola|Wish|p2a: Alomomola\n|\n|-damage|p1a: Ceruledge|34\/100|[from] move: Whirlpool|[partiallytrapped]\n|upkeep\n|turn|36\n|inactive|Sprack shot has 120 seconds left.\n|inactive|fries god has 270 seconds left.\n|\n|t:|1698997411\n|switch|p2a: Chandelure|Chandelure, F|100\/100\n|move|p1a: Ceruledge|Bitter Blade|p2a: Chandelure\n|-start|p2a: Chandelure|ability: Flash Fire\n|\n|-end|p1a: Ceruledge|Whirlpool|[partiallytrapped]|[silent]\n|upkeep\n|turn|37\n|inactive|Sprack shot has 120 seconds left.\n|inactive|fries god has 270 seconds left.\n|\n|t:|1698997426\n|move|p1a: Ceruledge|Disable||[still]\n|-fail|p1a: Ceruledge\n|move|p2a: Chandelure|Haze|p2a: Chandelure\n|-clearallboost\n|\n|upkeep\n|turn|38\n|-message|Sprack shot forfeited.\n|\n|win|fries god\n|l|\u2606Sprack shot\n","uploadtime":1698997440,"views":17,"p1id":"sprackshot","p2id":"friesgod","formatid":"gen9ubers","rating":0,"private":0,"password":""}