{"id":"gen9ubers-2000008512","p1":"LITLE0","p2":"Rizz offender","format":"[Gen 9] Ubers","log":"|j|\u2606LITLE0\n|j|\u2606Rizz offender\n|t:|1701140581\n|gametype|singles\n|player|p1|LITLE0|brock|1084\n|player|p2|Rizz offender|ingo|1150\n|teamsize|p1|6\n|teamsize|p2|6\n|gen|9\n|tier|[Gen 9] Ubers\n|rated|\n|rule|Sleep Clause Mod: Limit one foe put to sleep\n|rule|Species Clause: Limit one of each Pok\u00e9mon\n|rule|OHKO Clause: OHKO moves are banned\n|rule|Evasion Items Clause: Evasion items are banned\n|rule|Evasion Moves Clause: Evasion moves are banned\n|rule|Endless Battle Clause: Forcing endless battles is banned\n|rule|HP Percentage Mod: HP is shown in percentages\n|clearpoke\n|poke|p1|Baxcalibur, M|\n|poke|p1|Corviknight, M|\n|poke|p1|Clodsire, M|\n|poke|p1|Ninetales-Alola, F|\n|poke|p1|Palafin, F|\n|poke|p1|Sinistcha|\n|poke|p2|Zacian-*|\n|poke|p2|Eternatus|\n|poke|p2|Miraidon|\n|poke|p2|Ogerpon-Hearthflame, F|\n|poke|p2|Kyogre|\n|poke|p2|Urshifu-*, M|\n|teampreview\n|c|\u2606Rizz offender|Hello\n|c|\u2606LITLE0|hi\n|\n|t:|1701140603\n|start\n|switch|p1a: Palafin|Palafin, F|100\/100\n|switch|p2a: *burning noises*|Ogerpon-Hearthflame, F|100\/100\n|-ability|p2a: *burning noises*|Mold Breaker\n|turn|1\n|\n|t:|1701140641\n|detailschange|p1a: Palafin|Palafin-Hero, F\n|switch|p1a: Baxcalibur|Baxcalibur, M|100\/100\n|move|p2a: *burning noises*|Spiky Shield||[still]\n|-fail|p2a: *burning noises*\n|\n|upkeep\n|turn|2\n|\n|t:|1701140656\n|switch|p2a: Only 2\u00a3|Urshifu, M|100\/100\n|move|p1a: Baxcalibur|Scale Shot|p2a: Only 2\u00a3\n|-damage|p2a: Only 2\u00a3|89\/100\n|-damage|p2a: Only 2\u00a3|77\/100\n|-damage|p2a: Only 2\u00a3|66\/100\n|-damage|p2a: Only 2\u00a3|54\/100\n|-damage|p2a: Only 2\u00a3|43\/100\n|-hitcount|p2a: Only 2\u00a3|5\n|-unboost|p1a: Baxcalibur|def|1\n|-boost|p1a: Baxcalibur|spe|1\n|\n|-heal|p2a: Only 2\u00a3|49\/100|[from] item: Leftovers\n|upkeep\n|turn|3\n|\n|t:|1701140678\n|switch|p1a: Ninetales|Ninetales-Alola, F|100\/100\n|-weather|Snow|[from] ability: Snow Warning|[of] p1a: Ninetales\n|move|p2a: Only 2\u00a3|Detect||[still]\n|-fail|p2a: Only 2\u00a3\n|\n|-weather|Snow|[upkeep]\n|-heal|p2a: Only 2\u00a3|55\/100|[from] item: Leftovers\n|upkeep\n|turn|4\n|\n|t:|1701140692\n|switch|p2a: Grrrrr|Zacian-Crowned|100\/100\n|-ability|p2a: Grrrrr|Intrepid Sword|boost\n|-boost|p2a: Grrrrr|atk|1\n|move|p1a: Ninetales|Aurora Veil|p1a: Ninetales\n|-sidestart|p1: LITLE0|move: Aurora Veil\n|\n|-weather|Snow|[upkeep]\n|upkeep\n|turn|5\n|\n|t:|1701140704\n|switch|p1a: Baxcalibur|Baxcalibur, M|100\/100\n|move|p2a: Grrrrr|Behemoth Blade|p1a: Baxcalibur\n|-supereffective|p1a: Baxcalibur\n|-damage|p1a: Baxcalibur|36\/100\n|\n|-weather|Snow|[upkeep]\n|upkeep\n|turn|6\n|\n|t:|1701140721\n|switch|p1a: Corviknight|Corviknight, M|100\/100\n|move|p2a: Grrrrr|Behemoth Blade|p1a: Corviknight\n|-resisted|p1a: Corviknight\n|-damage|p1a: Corviknight|86\/100\n|\n|-weather|Snow|[upkeep]\n|-heal|p1a: Corviknight|92\/100|[from] item: Leftovers\n|upkeep\n|turn|7\n|\n|t:|1701140739\n|switch|p2a: Kyogre|Kyogre|100\/100\n|-weather|RainDance|[from] ability: Drizzle|[of] p2a: Kyogre\n|move|p1a: Corviknight|U-turn|p2a: Kyogre\n|-damage|p2a: Kyogre|84\/100\n|\n|t:|1701140747\n|switch|p1a: Sinistcha|Sinistcha|100\/100|[from] U-turn\n|\n|-weather|RainDance|[upkeep]\n|upkeep\n|turn|8\n|\n|t:|1701140758\n|move|p2a: Kyogre|Water Spout|p1a: Sinistcha\n|-resisted|p1a: Sinistcha\n|-damage|p1a: Sinistcha|64\/100\n|move|p1a: Sinistcha|Matcha Gotcha|p2a: Kyogre\n|-supereffective|p2a: Kyogre\n|-damage|p2a: Kyogre|20\/100\n|-heal|p1a: Sinistcha|100\/100|[from] drain|[of] p2a: Kyogre\n|\n|-weather|RainDance|[upkeep]\n|upkeep\n|turn|9\n|\n|t:|1701140771\n|switch|p2a: Only 2\u00a3|Urshifu, M|55\/100\n|move|p1a: Sinistcha|Matcha Gotcha|p2a: Only 2\u00a3\n|-damage|p2a: Only 2\u00a3|0 fnt\n|faint|p2a: Only 2\u00a3\n|\n|-weather|RainDance|[upkeep]\n|upkeep\n|\n|t:|1701140791\n|switch|p2a: Big boy|Eternatus|100\/100\n|-ability|p2a: Big boy|Pressure\n|turn|10\n|\n|t:|1701140812\n|switch|p1a: Clodsire|Clodsire, M|100\/100\n|move|p2a: Big boy|Fire Blast|p1a: Clodsire\n|-damage|p1a: Clodsire|95\/100\n|\n|-weather|RainDance|[upkeep]\n|-heal|p1a: Clodsire|100\/100|[from] item: Leftovers\n|upkeep\n|turn|11\n|inactive|Battle timer is ON: inactive players will automatically lose when time's up. (requested by LITLE0)\n|\n|t:|1701140852\n|switch|p2a: *burning noises*|Ogerpon-Hearthflame, F|100\/100\n|-ability|p2a: *burning noises*|Mold Breaker\n|move|p1a: Clodsire|Earthquake|p2a: *burning noises*\n|-damage|p2a: *burning noises*|64\/100\n|\n|-weather|none\n|-sideend|p1: LITLE0|move: Aurora Veil\n|upkeep\n|turn|12\n|\n|t:|1701140868\n|-terastallize|p2a: *burning noises*|Fire\n|detailschange|p2a: *burning noises*|Ogerpon-Hearthflame-Tera, F, tera:Fire\n|-ability|p2a: *burning noises*|Embody Aspect (Hearthflame)|boost\n|-boost|p2a: *burning noises*|atk|1\n|move|p2a: *burning noises*|Ivy Cudgel|p1a: Clodsire|[anim] Ivy Cudgel Fire\n|-damage|p1a: Clodsire|19\/100\n|move|p1a: Clodsire|Toxic|p2a: *burning noises*\n|-status|p2a: *burning noises*|tox\n|\n|-heal|p1a: Clodsire|26\/100|[from] item: Leftovers\n|-damage|p2a: *burning noises*|58\/100 tox|[from] psn\n|upkeep\n|turn|13\n|\n|t:|1701140883\n|move|p2a: *burning noises*|Ivy Cudgel|p1a: Clodsire|[anim] Ivy Cudgel Fire\n|-damage|p1a: Clodsire|0 fnt\n|faint|p1a: Clodsire\n|\n|-damage|p2a: *burning noises*|46\/100 tox|[from] psn\n|upkeep\n|\n|t:|1701140885\n|switch|p1a: Palafin|Palafin-Hero, F|100\/100\n|-activate|p1a: Palafin|ability: Zero to Hero\n|turn|14\n|\n|t:|1701140898\n|move|p2a: *burning noises*|Spiky Shield|p2a: *burning noises*\n|-singleturn|p2a: *burning noises*|move: Protect\n|move|p1a: Palafin|Jet Punch|p2a: *burning noises*\n|-activate|p2a: *burning noises*|move: Protect\n|-damage|p1a: Palafin|88\/100|[from] Spiky Shield|[of] p2a: *burning noises*\n|\n|-damage|p2a: *burning noises*|28\/100 tox|[from] psn\n|upkeep\n|turn|15\n|\n|t:|1701140909\n|move|p2a: *burning noises*|Spiky Shield||[still]\n|-fail|p2a: *burning noises*\n|move|p1a: Palafin|Jet Punch|p2a: *burning noises*\n|-supereffective|p2a: *burning noises*\n|-damage|p2a: *burning noises*|0 fnt\n|faint|p2a: *burning noises*\n|\n|upkeep\n|\n|t:|1701140917\n|switch|p2a: Beep boop|Miraidon|100\/100\n|-fieldstart|move: Electric Terrain|[from] ability: Hadron Engine|[of] p2a: Beep boop\n|turn|16\n|\n|t:|1701140930\n|switch|p1a: Sinistcha|Sinistcha|100\/100\n|move|p2a: Beep boop|Electro Drift|p1a: Sinistcha\n|-resisted|p1a: Sinistcha\n|-damage|p1a: Sinistcha|0 fnt\n|faint|p1a: Sinistcha\n|\n|upkeep\n|\n|t:|1701140937\n|switch|p1a: Ninetales|Ninetales-Alola, F|100\/100\n|-weather|Snow|[from] ability: Snow Warning|[of] p1a: Ninetales\n|turn|17\n|\n|t:|1701140942\n|move|p2a: Beep boop|Electro Drift|p1a: Ninetales\n|-damage|p1a: Ninetales|0 fnt\n|faint|p1a: Ninetales\n|\n|-weather|Snow|[upkeep]\n|upkeep\n|\n|t:|1701140949\n|switch|p1a: Baxcalibur|Baxcalibur, M|36\/100\n|turn|18\n|\n|t:|1701140955\n|-terastallize|p1a: Baxcalibur|Ground\n|move|p2a: Beep boop|Electro Drift|p1a: Baxcalibur\n|-immune|p1a: Baxcalibur\n|move|p1a: Baxcalibur|Scale Shot|p2a: Beep boop\n|-supereffective|p2a: Beep boop\n|-damage|p2a: Beep boop|74\/100\n|-supereffective|p2a: Beep boop\n|-damage|p2a: Beep boop|43\/100\n|-supereffective|p2a: Beep boop\n|-damage|p2a: Beep boop|16\/100\n|-supereffective|p2a: Beep boop\n|-damage|p2a: Beep boop|0 fnt\n|faint|p2a: Beep boop\n|-hitcount|p2: Beep boop|4\n|-unboost|p1a: Baxcalibur|def|1\n|-boost|p1a: Baxcalibur|spe|1\n|\n|-weather|Snow|[upkeep]\n|upkeep\n|\n|t:|1701140974\n|switch|p2a: Grrrrr|Zacian-Crowned|100\/100\n|turn|19\n|\n|t:|1701140984\n|move|p1a: Baxcalibur|Earthquake|p2a: Grrrrr\n|-supereffective|p2a: Grrrrr\n|-damage|p2a: Grrrrr|0 fnt\n|faint|p2a: Grrrrr\n|\n|-weather|Snow|[upkeep]\n|upkeep\n|\n|t:|1701140992\n|switch|p2a: Big boy|Eternatus|100\/100\n|-ability|p2a: Big boy|Pressure\n|turn|20\n|c|\u2606Rizz offender|Gg\n|\n|t:|1701141008\n|move|p1a: Baxcalibur|Earthquake|p2a: Big boy\n|-supereffective|p2a: Big boy\n|-damage|p2a: Big boy|13\/100\n|move|p2a: Big boy|Dynamax Cannon|p1a: Baxcalibur\n|-damage|p1a: Baxcalibur|0 fnt\n|faint|p1a: Baxcalibur\n|\n|-weather|Snow|[upkeep]\n|-fieldend|move: Electric Terrain\n|upkeep\n|\n|t:|1701141016\n|switch|p1a: Palafin|Palafin-Hero, F|88\/100\n|turn|21\n|\n|t:|1701141025\n|move|p1a: Palafin|Flip Turn|p2a: Big boy\n|-resisted|p2a: Big boy\n|-damage|p2a: Big boy|0 fnt\n|faint|p2a: Big boy\n|\n|t:|1701141030\n|switch|p1a: Corviknight|Corviknight, M|92\/100|[from] Flip Turn\n|\n|-weather|none\n|-heal|p1a: Corviknight|99\/100|[from] item: Leftovers\n|upkeep\n|\n|t:|1701141038\n|switch|p2a: Kyogre|Kyogre|20\/100\n|-weather|RainDance|[from] ability: Drizzle|[of] p2a: Kyogre\n|turn|22\n|\n|t:|1701141067\n|move|p2a: Kyogre|Thunder|p1a: Corviknight\n|-supereffective|p1a: Corviknight\n|-damage|p1a: Corviknight|9\/100\n|move|p1a: Corviknight|Brave Bird|p2a: Kyogre\n|-damage|p2a: Kyogre|0 fnt\n|faint|p2a: Kyogre\n|-damage|p1a: Corviknight|3\/100|[from] Recoil\n|\n|win|LITLE0\n|raw|LITLE0's rating: 1084 &rarr; <strong>1117<\/strong><br \/>(+33 for winning)\n|raw|Rizz offender's rating: 1150 &rarr; <strong>1120<\/strong><br \/>(-30 for losing)\n","uploadtime":1701141071,"views":1,"p1id":"litle0","p2id":"rizzoffender","formatid":"gen9ubers","rating":1117,"private":0,"password":""}