{"id":"gen9ubers-1976876730","p1":"1P1o1s1h1e1","p2":"FrostyRandom02","format":"[Gen 9] Ubers","log":"|j|\u26061P1o1s1h1e1\n|j|\u2606FrostyRandom02\n|t:|1698348652\n|gametype|singles\n|player|p1|1P1o1s1h1e1|169|\n|player|p2|FrostyRandom02|raifort|\n|teamsize|p1|6\n|teamsize|p2|6\n|gen|9\n|tier|[Gen 9] Ubers\n|rule|Sleep Clause Mod: Limit one foe put to sleep\n|rule|Species Clause: Limit one of each Pok\u00e9mon\n|rule|OHKO Clause: OHKO moves are banned\n|rule|Evasion Items Clause: Evasion items are banned\n|rule|Evasion Moves Clause: Evasion moves are banned\n|rule|Endless Battle Clause: Forcing endless battles is banned\n|rule|HP Percentage Mod: HP is shown in percentages\n|clearpoke\n|poke|p1|Arceus-Rock|\n|poke|p1|Hippowdon, F|\n|poke|p1|Garchomp, M|\n|poke|p1|Magearna|\n|poke|p1|Houndstone, F|\n|poke|p1|Cyclizar, F|\n|poke|p2|Okidogi, M|\n|poke|p2|Cyclizar, M|\n|poke|p2|Chi-Yu|\n|poke|p2|Espathra, F|\n|poke|p2|Rillaboom, F|\n|poke|p2|Zacian-*|\n|teampreview\n|inactive|Battle timer is ON: inactive players will automatically lose when time's up. (requested by FrostyRandom02)\n|c|\u2606FrostyRandom02|glhf\n|c|\u26061P1o1s1h1e1|glhf\n|\n|t:|1698348690\n|start\n|switch|p1a: Hippowdon|Hippowdon, F|100\/100\n|switch|p2a: Cyclizar|Cyclizar, M|100\/100\n|-weather|Sandstorm|[from] ability: Sand Stream|[of] p1a: Hippowdon\n|turn|1\n|\n|t:|1698348698\n|move|p2a: Cyclizar|Knock Off|p1a: Hippowdon\n|-damage|p1a: Hippowdon|90\/100\n|-enditem|p1a: Hippowdon|Smooth Rock|[from] move: Knock Off|[of] p2a: Cyclizar\n|move|p1a: Hippowdon|Whirlwind|p2a: Cyclizar\n|drag|p2a: Okidogi|Okidogi, M|100\/100\n|\n|-weather|Sandstorm|[upkeep]\n|-damage|p2a: Okidogi|94\/100|[from] Sandstorm\n|-heal|p2a: Okidogi|100\/100|[from] item: Leftovers\n|upkeep\n|turn|2\n|\n|t:|1698348713\n|switch|p2a: Rillaboom|Rillaboom, F|100\/100\n|-fieldstart|move: Grassy Terrain|[from] ability: Grassy Surge|[of] p2a: Rillaboom\n|switch|p1a: Magearna|Magearna|100\/100\n|\n|-weather|Sandstorm|[upkeep]\n|-damage|p2a: Rillaboom|94\/100|[from] Sandstorm\n|-heal|p2a: Rillaboom|100\/100|[from] Grassy Terrain\n|upkeep\n|turn|3\n|\n|t:|1698348719\n|move|p2a: Rillaboom|High Horsepower|p1a: Magearna\n|-supereffective|p1a: Magearna\n|-damage|p1a: Magearna|8\/100\n|move|p1a: Magearna|Thunder Wave|p2a: Rillaboom\n|-status|p2a: Rillaboom|par\n|\n|-weather|Sandstorm|[upkeep]\n|-damage|p2a: Rillaboom|94\/100 par|[from] Sandstorm\n|-heal|p1a: Magearna|14\/100|[from] Grassy Terrain\n|-heal|p1a: Magearna|20\/100|[from] item: Leftovers\n|-heal|p2a: Rillaboom|100\/100 par|[from] Grassy Terrain\n|upkeep\n|turn|4\n|\n|t:|1698348745\n|move|p1a: Magearna|Spikes|p2a: Rillaboom\n|-sidestart|p2: FrostyRandom02|Spikes\n|move|p2a: Rillaboom|High Horsepower|p1a: Magearna\n|-supereffective|p1a: Magearna\n|-damage|p1a: Magearna|0 fnt\n|faint|p1a: Magearna\n|\n|-weather|Sandstorm|[upkeep]\n|-damage|p2a: Rillaboom|94\/100 par|[from] Sandstorm\n|-heal|p2a: Rillaboom|100\/100 par|[from] Grassy Terrain\n|upkeep\n|inactive|1P1o1s1h1e1 has 270 seconds left.\n|\n|t:|1698348759\n|switch|p1a: Cyclizar|Cyclizar, F|100\/100\n|turn|5\n|\n|t:|1698348767\n|switch|p2a: Cyclizar|Cyclizar, M|100\/100\n|move|p1a: Cyclizar|Shed Tail|p1a: Cyclizar\n|-start|p1a: Cyclizar|Substitute|[from] move: Shed Tail\n|-damage|p1a: Cyclizar|50\/100\n|\n|t:|1698348772\n|switch|p1a: Garchomp|Garchomp, M|100\/100|[from] Shed Tail\n|\n|-weather|Sandstorm|[upkeep]\n|-damage|p2a: Cyclizar|94\/100|[from] Sandstorm\n|-heal|p2a: Cyclizar|100\/100|[from] Grassy Terrain\n|upkeep\n|turn|6\n|\n|t:|1698348779\n|move|p2a: Cyclizar|Shed Tail|p2a: Cyclizar\n|-start|p2a: Cyclizar|Substitute|[from] move: Shed Tail\n|-damage|p2a: Cyclizar|50\/100\n|\n|t:|1698348783\n|switch|p2a: Espathra|Espathra, F|100\/100|[from] Shed Tail\n|-damage|p2a: Espathra|88\/100|[from] Spikes\n|-enditem|p2a: Espathra|Grassy Seed\n|-boost|p2a: Espathra|def|1|[from] item: Grassy Seed\n|move|p1a: Garchomp|Swords Dance|p1a: Garchomp\n|-boost|p1a: Garchomp|atk|2\n|\n|-weather|Sandstorm|[upkeep]\n|-damage|p2a: Espathra|82\/100|[from] Sandstorm\n|-heal|p2a: Espathra|88\/100|[from] Grassy Terrain\n|-fieldend|move: Grassy Terrain\n|upkeep\n|turn|7\n|\n|t:|1698348792\n|move|p1a: Garchomp|Swords Dance|p1a: Garchomp\n|-boost|p1a: Garchomp|atk|2\n|move|p2a: Espathra|Calm Mind|p2a: Espathra\n|-boost|p2a: Espathra|spa|1\n|-boost|p2a: Espathra|spd|1\n|\n|-weather|Sandstorm|[upkeep]\n|-damage|p2a: Espathra|82\/100|[from] Sandstorm\n|-ability|p2a: Espathra|Speed Boost|boost\n|-boost|p2a: Espathra|spe|1\n|upkeep\n|turn|8\n|\n|t:|1698348797\n|move|p2a: Espathra|Calm Mind|p2a: Espathra\n|-boost|p2a: Espathra|spa|1\n|-boost|p2a: Espathra|spd|1\n|move|p1a: Garchomp|Scale Shot|p2a: Espathra\n|-end|p2a: Espathra|Substitute\n|-damage|p2a: Espathra|56\/100\n|-damage|p2a: Espathra|31\/100\n|-damage|p2a: Espathra|5\/100\n|-hitcount|p2a: Espathra|4\n|-unboost|p1a: Garchomp|def|1\n|-boost|p1a: Garchomp|spe|1\n|\n|-weather|none\n|-ability|p2a: Espathra|Speed Boost|boost\n|-boost|p2a: Espathra|spe|1\n|upkeep\n|turn|9\n|\n|t:|1698348812\n|move|p2a: Espathra|Stored Power|p1a: Garchomp\n|-end|p1a: Garchomp|Substitute\n|move|p1a: Garchomp|Iron Head|p2a: Espathra\n|-damage|p2a: Espathra|0 fnt\n|faint|p2a: Espathra\n|\n|upkeep\n|\n|t:|1698348821\n|switch|p2a: Rillaboom|Rillaboom, F|100\/100 par\n|-damage|p2a: Rillaboom|88\/100 par|[from] Spikes\n|-fieldstart|move: Grassy Terrain|[from] ability: Grassy Surge|[of] p2a: Rillaboom\n|turn|10\n|\n|t:|1698348827\n|move|p2a: Rillaboom|Grassy Glide|p1a: Garchomp\n|-damage|p1a: Garchomp|4\/100\n|move|p1a: Garchomp|Scale Shot|p2a: Rillaboom\n|-damage|p2a: Rillaboom|54\/100 par\n|-damage|p2a: Rillaboom|15\/100 par\n|-damage|p2a: Rillaboom|0 fnt\n|faint|p2a: Rillaboom\n|-hitcount|p2: Rillaboom|3\n|-unboost|p1a: Garchomp|def|1\n|-boost|p1a: Garchomp|spe|1\n|\n|-heal|p1a: Garchomp|10\/100|[from] Grassy Terrain\n|upkeep\n|\n|t:|1698348840\n|switch|p2a: Okidogi|Okidogi, M|100\/100\n|-damage|p2a: Okidogi|88\/100|[from] Spikes\n|turn|11\n|\n|t:|1698348858\n|-terastallize|p1a: Garchomp|Steel\n|-terastallize|p2a: Okidogi|Dark\n|move|p1a: Garchomp|Iron Head|p2a: Okidogi\n|-damage|p2a: Okidogi|0 fnt\n|faint|p2a: Okidogi\n|\n|-heal|p1a: Garchomp|16\/100|[from] Grassy Terrain\n|upkeep\n|\n|t:|1698348869\n|switch|p2a: Cyclizar|Cyclizar, M|84\/100\n|turn|12\n|\n|t:|1698348873\n|move|p1a: Garchomp|Iron Head|p2a: Cyclizar\n|-damage|p2a: Cyclizar|0 fnt\n|faint|p2a: Cyclizar\n|\n|-heal|p1a: Garchomp|22\/100|[from] Grassy Terrain\n|upkeep\n|\n|t:|1698348876\n|switch|p2a: Zacian|Zacian|100\/100\n|-ability|p2a: Zacian|Intrepid Sword|boost\n|-boost|p2a: Zacian|atk|1\n|turn|13\n|\n|t:|1698348880\n|move|p1a: Garchomp|Iron Head|p2a: Zacian\n|-supereffective|p2a: Zacian\n|-damage|p2a: Zacian|0 fnt\n|faint|p2a: Zacian\n|\n|-heal|p1a: Garchomp|29\/100|[from] Grassy Terrain\n|upkeep\n|\n|t:|1698348882\n|switch|p2a: Chi-Yu|Chi-Yu|100\/100\n|-damage|p2a: Chi-Yu|88\/100|[from] Spikes\n|-ability|p2a: Chi-Yu|Beads of Ruin\n|turn|14\n|c|\u26061P1o1s1h1e1|chomp goes crazy\n|\n|t:|1698348890\n|move|p1a: Garchomp|Earthquake|p2a: Chi-Yu\n|-supereffective|p2a: Chi-Yu\n|-damage|p2a: Chi-Yu|0 fnt\n|faint|p2a: Chi-Yu\n|\n|win|1P1o1s1h1e1\n|l|\u2606FrostyRandom02\n|c|\u26061P1o1s1h1e1|gg\n","uploadtime":1698348902,"views":13,"p1id":"1p1o1s1h1e1","p2id":"frostyrandom02","formatid":"gen9ubers","rating":0,"private":0,"password":""}