{"id":"gen9ubers-1990947965","p1":"VarcolacSquadron","p2":"LonSpecial29","format":"[Gen 9] Ubers","log":"|j|\u2606VarcolacSquadron\n|j|\u2606LonSpecial29\n|t:|1700018490\n|gametype|singles\n|player|p1|VarcolacSquadron|rancher|1000\n|player|p2|LonSpecial29|clair|1125\n|teamsize|p1|6\n|teamsize|p2|6\n|gen|9\n|tier|[Gen 9] Ubers\n|rated|\n|rule|Sleep Clause Mod: Limit one foe put to sleep\n|rule|Species Clause: Limit one of each Pok\u00e9mon\n|rule|OHKO Clause: OHKO moves are banned\n|rule|Evasion Items Clause: Evasion items are banned\n|rule|Evasion Moves Clause: Evasion moves are banned\n|rule|Endless Battle Clause: Forcing endless battles is banned\n|rule|HP Percentage Mod: HP is shown in percentages\n|clearpoke\n|poke|p1|Rayquaza|\n|poke|p1|Azelf|\n|poke|p1|Uxie|\n|poke|p1|Dialga|\n|poke|p1|Heatran, F|\n|poke|p1|Volcarona, F|\n|poke|p2|Leavanny, F|\n|poke|p2|Heracross, F|\n|poke|p2|Scyther, F|\n|poke|p2|Typhlosion, F|\n|poke|p2|Medicham, M|\n|poke|p2|Sandaconda, M|\n|teampreview\n|inactive|Battle timer is ON: inactive players will automatically lose when time's up. (requested by LonSpecial29)\n|c|\u2606LonSpecial29|gl\n|\n|t:|1700018497\n|start\n|switch|p1a: Azelf|Azelf|100\/100\n|switch|p2a: Leavanny|Leavanny, F, shiny|100\/100\n|turn|1\n|\n|t:|1700018502\n|move|p1a: Azelf|Taunt|p2a: Leavanny\n|-start|p2a: Leavanny|move: Taunt\n|cant|p2a: Leavanny|move: Taunt|Sticky Web\n|\n|upkeep\n|turn|2\n|\n|t:|1700018506\n|move|p1a: Azelf|Stealth Rock|p2a: Leavanny\n|-sidestart|p2: LonSpecial29|move: Stealth Rock\n|move|p2a: Leavanny|Knock Off|p1a: Azelf\n|-supereffective|p1a: Azelf\n|-damage|p1a: Azelf|20\/100\n|-enditem|p1a: Azelf|Life Orb|[from] move: Knock Off|[of] p2a: Leavanny\n|\n|upkeep\n|turn|3\n|\n|t:|1700018514\n|move|p1a: Azelf|Explosion|p2a: Leavanny\n|-damage|p2a: Leavanny|8\/100\n|faint|p1a: Azelf\n|move|p2a: Leavanny|X-Scissor|p1: Azelf|[notarget]\n|-fail|p2a: Leavanny\n|\n|-end|p2a: Leavanny|move: Taunt\n|upkeep\n|\n|t:|1700018521\n|switch|p1a: Rayquaza|Rayquaza|100\/100\n|-ability|p1a: Rayquaza|Air Lock\n|turn|4\n|\n|t:|1700018525\n|move|p1a: Rayquaza|Dragon Ascent|p2a: Leavanny\n|-supereffective|p2a: Leavanny\n|-damage|p2a: Leavanny|0 fnt\n|-unboost|p1a: Rayquaza|def|1\n|-unboost|p1a: Rayquaza|spd|1\n|faint|p2a: Leavanny\n|\n|upkeep\n|\n|t:|1700018530\n|switch|p2a: Sandaconda|Sandaconda, M, shiny|100\/100\n|-damage|p2a: Sandaconda|94\/100|[from] Stealth Rock\n|turn|5\n|\n|t:|1700018546\n|move|p1a: Rayquaza|Dragon Ascent|p2a: Sandaconda\n|-damage|p2a: Sandaconda|8\/100\n|-unboost|p1a: Rayquaza|def|1\n|-unboost|p1a: Rayquaza|spd|1\n|move|p2a: Sandaconda|Coil|p2a: Sandaconda\n|-boost|p2a: Sandaconda|atk|1\n|-boost|p2a: Sandaconda|def|1\n|-boost|p2a: Sandaconda|accuracy|1\n|\n|upkeep\n|turn|6\n|\n|t:|1700018554\n|move|p1a: Rayquaza|Dragon Ascent|p2a: Sandaconda\n|-damage|p2a: Sandaconda|0 fnt\n|-unboost|p1a: Rayquaza|def|1\n|-unboost|p1a: Rayquaza|spd|1\n|faint|p2a: Sandaconda\n|\n|upkeep\n|\n|t:|1700018557\n|switch|p2a: Medicham|Medicham, M|100\/100\n|-damage|p2a: Medicham|94\/100|[from] Stealth Rock\n|turn|7\n|\n|t:|1700018563\n|move|p2a: Medicham|Bullet Punch|p1a: Rayquaza\n|-damage|p1a: Rayquaza|36\/100\n|move|p1a: Rayquaza|Dragon Ascent|p2a: Medicham\n|-supereffective|p2a: Medicham\n|-damage|p2a: Medicham|0 fnt\n|-unboost|p1a: Rayquaza|def|1\n|-unboost|p1a: Rayquaza|spd|1\n|faint|p2a: Medicham\n|\n|upkeep\n|\n|t:|1700018568\n|switch|p2a: Heracross|Heracross, F|100\/100\n|-damage|p2a: Heracross|88\/100|[from] Stealth Rock\n|turn|8\n|\n|t:|1700018574\n|-terastallize|p2a: Heracross|Rock\n|move|p1a: Rayquaza|Dragon Ascent|p2a: Heracross\n|-resisted|p2a: Heracross\n|-damage|p2a: Heracross|15\/100\n|-unboost|p1a: Rayquaza|def|1\n|-unboost|p1a: Rayquaza|spd|1\n|move|p2a: Heracross|Rock Blast|p1a: Rayquaza\n|-supereffective|p1a: Rayquaza\n|-damage|p1a: Rayquaza|0 fnt\n|faint|p1a: Rayquaza\n|-ability|p2a: Heracross|Moxie|boost\n|-boost|p2a: Heracross|atk|1\n|-hitcount|p1: Rayquaza|1\n|\n|upkeep\n|c|\u2606LonSpecial29|banded ascent\n|c|\u2606LonSpecial29|wow\n|\n|t:|1700018589\n|switch|p1a: Dialga|Dialga|100\/100\n|-ability|p1a: Dialga|Pressure\n|turn|9\n|\n|t:|1700018594\n|move|p2a: Heracross|Pin Missile|p1a: Dialga\n|-resisted|p1a: Dialga\n|-damage|p1a: Dialga|94\/100\n|-resisted|p1a: Dialga\n|-damage|p1a: Dialga|87\/100\n|-resisted|p1a: Dialga\n|-damage|p1a: Dialga|80\/100\n|-resisted|p1a: Dialga\n|-damage|p1a: Dialga|73\/100\n|-resisted|p1a: Dialga\n|-damage|p1a: Dialga|66\/100\n|-hitcount|p1a: Dialga|5\n|move|p1a: Dialga|Earth Power|p2a: Heracross\n|-supereffective|p2a: Heracross\n|-damage|p2a: Heracross|0 fnt\n|faint|p2a: Heracross\n|\n|upkeep\n|\n|t:|1700018601\n|switch|p2a: Scyther|Scyther, F, shiny|100\/100\n|-damage|p2a: Scyther|51\/100|[from] Stealth Rock\n|turn|10\n|\n|t:|1700018613\n|move|p2a: Scyther|Close Combat|p1a: Dialga\n|-supereffective|p1a: Dialga\n|-damage|p1a: Dialga|17\/100\n|-unboost|p2a: Scyther|def|1\n|-unboost|p2a: Scyther|spd|1\n|move|p1a: Dialga|Draco Meteor|p2a: Scyther\n|-damage|p2a: Scyther|0 fnt\n|-unboost|p1a: Dialga|spa|2\n|faint|p2a: Scyther\n|\n|upkeep\n|\n|t:|1700018616\n|switch|p2a: Typhlosion|Typhlosion, F|100\/100\n|-damage|p2a: Typhlosion|76\/100|[from] Stealth Rock\n|turn|11\n|\n|t:|1700018626\n|switch|p1a: Uxie|Uxie|100\/100\n|move|p2a: Typhlosion|Focus Blast|p1a: Uxie|[miss]\n|-miss|p2a: Typhlosion|p1a: Uxie\n|\n|upkeep\n|turn|12\n|-message|LonSpecial29 forfeited.\n|\n|win|VarcolacSquadron\n|raw|VarcolacSquadron's rating: 1000 &rarr; <strong>1054<\/strong><br \/>(+54 for winning)\n|raw|LonSpecial29's rating: 1125 &rarr; <strong>1091<\/strong><br \/>(-34 for losing)\n|l|\u2606LonSpecial29\n","uploadtime":1700018637,"views":8,"p1id":"varcolacsquadron","p2id":"lonspecial29","formatid":"gen9ubers","rating":1054,"private":0,"password":""}