{"id":"gen9ubers-1998893587","p1":"gosensia","p2":"Osky03","format":"[Gen 9] Ubers","log":"|j|\u2606gosensia\n|j|\u2606Osky03\n|t:|1701009691\n|gametype|singles\n|player|p1|gosensia|101|\n|player|p2|Osky03|102|\n|teamsize|p1|6\n|teamsize|p2|6\n|gen|9\n|tier|[Gen 9] Ubers\n|rule|Sleep Clause Mod: Limit one foe put to sleep\n|rule|Species Clause: Limit one of each Pok\u00e9mon\n|rule|OHKO Clause: OHKO moves are banned\n|rule|Evasion Items Clause: Evasion items are banned\n|rule|Evasion Moves Clause: Evasion moves are banned\n|rule|Endless Battle Clause: Forcing endless battles is banned\n|rule|HP Percentage Mod: HP is shown in percentages\n|clearpoke\n|poke|p1|Torkoal, F|\n|poke|p1|Walking Wake|\n|poke|p1|Ogerpon-Hearthflame, F|\n|poke|p1|Enamorus-Therian, F|\n|poke|p1|Okidogi, M|\n|poke|p1|Hoopa-Unbound|\n|poke|p2|Baxcalibur, F|\n|poke|p2|Donphan, F|\n|poke|p2|Mew|\n|poke|p2|Vaporeon, F|\n|poke|p2|Arcanine, M|\n|poke|p2|Flamigo, F|\n|teampreview\n|j| balutalol\n|c| balutalol|ola\n|c|\u2606Osky03|que fan\n|c|\u2606gosensia|ola\n|c| balutalol|si\n|\n|t:|1701009742\n|start\n|switch|p1a: Torkoal|Torkoal, F|100\/100\n|switch|p2a: Saul|Donphan, F|100\/100\n|-weather|SunnyDay|[from] ability: Drought|[of] p1a: Torkoal\n|turn|1\n|c| balutalol|pero no tuyo\n|c|\u2606gosensia|ala\n|\n|t:|1701009772\n|move|p2a: Saul|Stealth Rock|p1a: Torkoal\n|-sidestart|p1: gosensia|move: Stealth Rock\n|move|p1a: Torkoal|Yawn|p2a: Saul\n|-start|p2a: Saul|move: Yawn|[of] p1a: Torkoal\n|\n|-weather|SunnyDay|[upkeep]\n|upkeep\n|turn|2\n|\n|t:|1701009800\n|switch|p1a: Walking Wake|Walking Wake|100\/100\n|-damage|p1a: Walking Wake|88\/100|[from] Stealth Rock\n|-activate|p1a: Walking Wake|ability: Protosynthesis\n|-start|p1a: Walking Wake|protosynthesisspa\n|move|p2a: Saul|Earthquake|p1a: Walking Wake\n|-damage|p1a: Walking Wake|26\/100\n|\n|-weather|SunnyDay|[upkeep]\n|-end|p2a: Saul|move: Yawn|[silent]\n|-status|p2a: Saul|slp\n|upkeep\n|turn|3\n|\n|t:|1701009877\n|switch|p2a: MOLINA PAPA|Baxcalibur, F|100\/100\n|move|p1a: Walking Wake|Hydro Steam|p2a: MOLINA PAPA\n|-resisted|p2a: MOLINA PAPA\n|-damage|p2a: MOLINA PAPA|35\/100\n|\n|-weather|SunnyDay|[upkeep]\n|upkeep\n|turn|4\n|c|\u2606gosensia|molina papa\n|\n|t:|1701010003\n|move|p1a: Walking Wake|Hydro Steam|p2a: MOLINA PAPA\n|-resisted|p2a: MOLINA PAPA\n|-damage|p2a: MOLINA PAPA|0 fnt\n|faint|p2a: MOLINA PAPA\n|\n|-weather|SunnyDay|[upkeep]\n|upkeep\n|\n|t:|1701010036\n|switch|p2a: Zapatillazo|Flamigo, F|100\/100\n|turn|5\n|c| balutalol|que guapo el zapa\n|\n|t:|1701010089\n|-end|p1a: Walking Wake|Protosynthesis|[silent]\n|switch|p1a: Torkoal|Torkoal, F|100\/100\n|-damage|p1a: Torkoal|76\/100|[from] Stealth Rock\n|-terastallize|p2a: Zapatillazo|Flying\n|move|p2a: Zapatillazo|Close Combat|p1a: Torkoal\n|-damage|p1a: Torkoal|30\/100\n|-unboost|p2a: Zapatillazo|def|1\n|-unboost|p2a: Zapatillazo|spd|1\n|\n|-weather|SunnyDay|[upkeep]\n|upkeep\n|turn|6\n|\n|t:|1701010120\n|switch|p2a: Vaquilla|Vaporeon, F|100\/100\n|switch|p1a: Okidogi|Okidogi, M|100\/100\n|-damage|p1a: Okidogi|95\/100|[from] Stealth Rock\n|\n|-weather|SunnyDay|[upkeep]\n|upkeep\n|turn|7\n|\n|t:|1701010160\n|move|p1a: Okidogi|Knock Off|p2a: Vaquilla\n|-damage|p2a: Vaquilla|63\/100\n|-enditem|p2a: Vaquilla|Leftovers|[from] move: Knock Off|[of] p1a: Okidogi\n|move|p2a: Vaquilla|Scald|p1a: Okidogi\n|-damage|p1a: Okidogi|75\/100\n|-status|p1a: Okidogi|brn\n|\n|-weather|SunnyDay|[upkeep]\n|-damage|p1a: Okidogi|69\/100 brn|[from] brn\n|upkeep\n|turn|8\n|c|\u2606gosensia|vala\n|\n|t:|1701010201\n|switch|p1a: Ogerpon|Ogerpon-Hearthflame, F|100\/100\n|-damage|p1a: Ogerpon|76\/100|[from] Stealth Rock\n|-ability|p1a: Ogerpon|Mold Breaker\n|move|p2a: Vaquilla|Protect||[still]\n|-fail|p2a: Vaquilla\n|\n|-weather|none\n|upkeep\n|turn|9\n|\n|t:|1701010250\n|switch|p2a: Zapatillazo|Flamigo, F, tera:Flying|100\/100\n|move|p1a: Ogerpon|Swords Dance|p1a: Ogerpon\n|-boost|p1a: Ogerpon|atk|2\n|\n|upkeep\n|turn|10\n|\n|t:|1701010307\n|switch|p1a: Okidogi|Okidogi, M|69\/100 brn\n|-damage|p1a: Okidogi|63\/100 brn|[from] Stealth Rock\n|move|p2a: Zapatillazo|Brave Bird|p1a: Okidogi\n|-supereffective|p1a: Okidogi\n|-damage|p1a: Okidogi|0 fnt\n|faint|p1a: Okidogi\n|-damage|p2a: Zapatillazo|79\/100|[from] Recoil\n|\n|upkeep\n|l| balutalol\n|c|\u2606Osky03|flamingo\n|\n|t:|1701010397\n|switch|p1a: Enamorus|Enamorus-Therian, F|100\/100\n|-damage|p1a: Enamorus|75\/100|[from] Stealth Rock\n|turn|11\n|j| balutalol\n|l| balutalol\n|\n|t:|1701010479\n|switch|p2a: Saul|Donphan, F|100\/100 slp\n|move|p1a: Enamorus|Moonblast|p2a: Saul\n|-damage|p2a: Saul|28\/100 slp\n|\n|-heal|p2a: Saul|34\/100 slp|[from] item: Leftovers\n|upkeep\n|turn|12\n|j| balutalol\n|\n|t:|1701010540\n|switch|p2a: Paelloso|Arcanine, M|100\/100\n|-ability|p2a: Paelloso|Intimidate|boost\n|-unboost|p1a: Enamorus|atk|1\n|move|p1a: Enamorus|Moonblast|p2a: Paelloso\n|-resisted|p2a: Paelloso\n|-damage|p2a: Paelloso|72\/100\n|\n|upkeep\n|turn|13\n|l| balutalol\n|\n|t:|1701010661\n|move|p2a: Paelloso|Flare Blitz|p1a: Enamorus\n|-damage|p1a: Enamorus|36\/100\n|-damage|p2a: Paelloso|60\/100|[from] Recoil\n|move|p1a: Enamorus|Earth Power|p2a: Paelloso\n|-supereffective|p2a: Paelloso\n|-damage|p2a: Paelloso|0 fnt\n|faint|p2a: Paelloso\n|\n|upkeep\n|\n|t:|1701010695\n|switch|p2a: Vaquilla|Vaporeon, F|63\/100\n|turn|14\n|j| balutalol\n|l| balutalol\n|j| balutalol\n|l| balutalol\n|\n|t:|1701010792\n|switch|p1a: Hoopa|Hoopa-Unbound|100\/100\n|-damage|p1a: Hoopa|88\/100|[from] Stealth Rock\n|move|p2a: Vaquilla|Wish|p2a: Vaquilla\n|\n|upkeep\n|turn|15\n|j| balutalol\n|\n|t:|1701010843\n|switch|p2a: Ury|Mew|100\/100\n|move|p1a: Hoopa|Knock Off|p2a: Ury\n|-supereffective|p2a: Ury\n|-damage|p2a: Ury|6\/100\n|-enditem|p2a: Ury|Leftovers|[from] move: Knock Off|[of] p1a: Hoopa\n|\n|-heal|p2a: Ury|64\/100|[from] move: Wish|[wisher] Vaquilla\n|upkeep\n|turn|16\n|\n|t:|1701010879\n|move|p1a: Hoopa|Knock Off|p2a: Ury\n|-supereffective|p2a: Ury\n|-damage|p2a: Ury|0 fnt\n|faint|p2a: Ury\n|\n|upkeep\n|\n|t:|1701010886\n|switch|p2a: Zapatillazo|Flamigo, F, tera:Flying|79\/100\n|turn|17\n|l| balutalol\n|\n|t:|1701010956\n|move|p1a: Hoopa|Knock Off|p2a: Zapatillazo\n|-damage|p2a: Zapatillazo|0 fnt\n|-enditem|p2a: Zapatillazo|Choice Band|[from] move: Knock Off|[of] p1a: Hoopa\n|faint|p2a: Zapatillazo\n|\n|upkeep\n|j| balutalol\n|\n|t:|1701010967\n|switch|p2a: Saul|Donphan, F|34\/100 slp\n|turn|18\n|l| balutalol\n|\n|t:|1701010983\n|move|p1a: Hoopa|Knock Off|p2a: Saul\n|-damage|p2a: Saul|0 fnt\n|-enditem|p2a: Saul|Leftovers|[from] move: Knock Off|[of] p1a: Hoopa\n|faint|p2a: Saul\n|\n|upkeep\n|\n|t:|1701010988\n|switch|p2a: Vaquilla|Vaporeon, F|63\/100\n|turn|19\n|\n|t:|1701011000\n|move|p2a: Vaquilla|Protect|p2a: Vaquilla\n|-singleturn|p2a: Vaquilla|Protect\n|move|p1a: Hoopa|Knock Off|p2a: Vaquilla\n|-activate|p2a: Vaquilla|move: Protect\n|\n|upkeep\n|turn|20\n|\n|t:|1701011017\n|move|p1a: Hoopa|Knock Off|p2a: Vaquilla\n|-damage|p2a: Vaquilla|33\/100\n|move|p2a: Vaquilla|Wish|p2a: Vaquilla\n|\n|upkeep\n|turn|21\n|\n|t:|1701011025\n|move|p2a: Vaquilla|Protect|p2a: Vaquilla\n|-singleturn|p2a: Vaquilla|Protect\n|move|p1a: Hoopa|Knock Off|p2a: Vaquilla\n|-activate|p2a: Vaquilla|move: Protect\n|\n|-heal|p2a: Vaquilla|83\/100|[from] move: Wish|[wisher] Vaquilla\n|upkeep\n|turn|22\n|j| balutalol\n|\n|t:|1701011059\n|switch|p1a: Torkoal|Torkoal, F|30\/100\n|-damage|p1a: Torkoal|5\/100|[from] Stealth Rock\n|-weather|SunnyDay|[from] ability: Drought|[of] p1a: Torkoal\n|move|p2a: Vaquilla|Scald|p1a: Torkoal\n|-supereffective|p1a: Torkoal\n|-damage|p1a: Torkoal|0 fnt\n|faint|p1a: Torkoal\n|\n|-weather|SunnyDay|[upkeep]\n|upkeep\n|\n|t:|1701011076\n|switch|p1a: Ogerpon|Ogerpon-Hearthflame, F|76\/100\n|-damage|p1a: Ogerpon|51\/100|[from] Stealth Rock\n|-ability|p1a: Ogerpon|Mold Breaker\n|turn|23\n|l| balutalol\n|\n|t:|1701011088\n|move|p1a: Ogerpon|Swords Dance|p1a: Ogerpon\n|-boost|p1a: Ogerpon|atk|2\n|move|p2a: Vaquilla|Scald|p1a: Ogerpon\n|-damage|p1a: Ogerpon|34\/100\n|\n|-weather|SunnyDay|[upkeep]\n|upkeep\n|turn|24\n|j| balutalol\n|\n|t:|1701011124\n|move|p1a: Ogerpon|Power Whip|p2a: Vaquilla\n|-supereffective|p2a: Vaquilla\n|-damage|p2a: Vaquilla|0 fnt\n|faint|p2a: Vaquilla\n|\n|win|gosensia\n|c| balutalol|gg\n|c|\u2606gosensia|gg\n|c|\u2606Osky03|gg\n|l|\u2606gosensia\n|l|\u2606Osky03\n|l| balutalol\n|j| balutalol\n|l| balutalol\n|j|\u2606gosensia\n|player|p1|gosensia|101\n","uploadtime":1701011625,"views":11,"p1id":"gosensia","p2id":"osky03","formatid":"gen9ubers","rating":0,"private":0,"password":""}