{"id":"gen9ubers-1995122800","p1":"portobellomushroom","p2":"XpokVEVO","format":"[Gen 9] Ubers","log":"|j|\u2606portobellomushroom\n|j|\u2606XpokVEVO\n|t:|1700525077\n|gametype|singles\n|player|p1|portobellomushroom|cynthia|\n|player|p2|XpokVEVO|mustard|\n|teamsize|p1|6\n|teamsize|p2|6\n|gen|9\n|tier|[Gen 9] Ubers\n|rule|Sleep Clause Mod: Limit one foe put to sleep\n|rule|Species Clause: Limit one of each Pok\u00e9mon\n|rule|OHKO Clause: OHKO moves are banned\n|rule|Evasion Items Clause: Evasion items are banned\n|rule|Evasion Moves Clause: Evasion moves are banned\n|rule|Endless Battle Clause: Forcing endless battles is banned\n|rule|HP Percentage Mod: HP is shown in percentages\n|clearpoke\n|poke|p1|Gholdengo|\n|poke|p1|Meowscarada, M|\n|poke|p1|Garchomp, F|\n|poke|p1|Magearna|\n|poke|p1|Hippowdon, F|\n|poke|p1|Houndstone, F|\n|poke|p2|Cyclizar, M|\n|poke|p2|Espathra, M|\n|poke|p2|Zacian-*|\n|poke|p2|Arceus-Fire|\n|poke|p2|Magearna|\n|poke|p2|Palafin, M|\n|teampreview\n|inactive|Battle timer is ON: inactive players will automatically lose when time's up. (requested by XpokVEVO)\n|c|\u2606portobellomushroom|gl hf\n|j| samticidae\n|c|\u2606XpokVEVO|blhf\n|c|\u2606portobellomushroom|true\n|inactive|portobellomushroom has 270 seconds left.\n|inactive|XpokVEVO has 270 seconds left.\n|inactive|XpokVEVO has 240 seconds left.\n|inactiveoff|Battle timer is now OFF.\n|c|\u2606portobellomushroom|oi whats all this now\n|c|\u2606XpokVEVO|nah nah\n|c|\u2606XpokVEVO|dont turn it on\n|c|\u2606XpokVEVO|please\n|c|\u2606XpokVEVO|im the thinker\n|c| samticidae|give him a bit he's just getting sheets\n|c| samticidae|dr. nisman is veeeeery meticulous with his uubers.\n|c|\u2606portobellomushroom|right I guess I shouldn't have provided my teams to that strange email earlier\n|c| samticidae|LOL\n|\n|t:|1700525297\n|start\n|switch|p1a: Me-Wow|Meowscarada, M|100\/100\n|switch|p2a: Aunt Fanny|Magearna|100\/100\n|turn|1\n|\n|t:|1700525327\n|move|p1a: Me-Wow|Spikes|p2a: Aunt Fanny\n|-start|p1a: Me-Wow|typechange|Ground|[from] ability: Protean\n|-sidestart|p2: XpokVEVO|Spikes\n|move|p2a: Aunt Fanny|Fleur Cannon|p1a: Me-Wow\n|-enditem|p1a: Me-Wow|Focus Sash\n|-damage|p1a: Me-Wow|1\/100\n|-unboost|p2a: Aunt Fanny|spa|2\n|-enditem|p2a: Aunt Fanny|Eject Pack\n|\n|t:|1700525334\n|switch|p2a: Palafin|Palafin, M|100\/100\n|-damage|p2a: Palafin|88\/100|[from] Spikes\n|\n|upkeep\n|turn|2\n|\n|t:|1700525356\n|switch|p1a: Magluena|Magearna|100\/100\n|move|p2a: Palafin|Jet Punch|p1a: Magluena\n|-damage|p1a: Magluena|72\/100\n|\n|-heal|p1a: Magluena|79\/100|[from] item: Leftovers\n|upkeep\n|turn|3\n|\n|t:|1700525399\n|detailschange|p2a: Palafin|Palafin-Hero, M\n|switch|p2a: Aunt Fanny|Magearna|100\/100\n|-damage|p2a: Aunt Fanny|88\/100|[from] Spikes\n|move|p1a: Magluena|Volt Switch|p2a: Aunt Fanny\n|-damage|p2a: Aunt Fanny|70\/100\n|\n|t:|1700525413\n|switch|p1a: We're Garchback|Garchomp, F|100\/100|[from] Volt Switch\n|\n|upkeep\n|turn|4\n|\n|t:|1700525532\n|-terastallize|p2a: Aunt Fanny|Water\n|move|p1a: We're Garchback|Earthquake|p2a: Aunt Fanny\n|-damage|p2a: Aunt Fanny|27\/100\n|move|p2a: Aunt Fanny|Fleur Cannon|p1a: We're Garchback\n|-supereffective|p1a: We're Garchback\n|-damage|p1a: We're Garchback|0 fnt\n|-unboost|p2a: Aunt Fanny|spa|2\n|faint|p1a: We're Garchback\n|-ability|p2a: Aunt Fanny|Soul-Heart|boost\n|-boost|p2a: Aunt Fanny|spa|1\n|\n|upkeep\n|\n|t:|1700525537\n|switch|p1a: Magluena|Magearna|79\/100\n|turn|5\n|\n|t:|1700525550\n|switch|p2a: Akira|Cyclizar, M|100\/100\n|move|p1a: Magluena|Volt Switch|p2a: Akira\n|-resisted|p2a: Akira\n|-damage|p2a: Akira|86\/100\n|\n|t:|1700525577\n|switch|p1a: Me-Wow|Meowscarada, M|1\/100|[from] Volt Switch\n|\n|upkeep\n|turn|6\n|\n|t:|1700525583\n|move|p1a: Me-Wow|Play Rough|p2a: Akira\n|-start|p1a: Me-Wow|typechange|Fairy|[from] ability: Protean\n|-supereffective|p2a: Akira\n|-damage|p2a: Akira|0 fnt\n|faint|p2a: Akira\n|\n|upkeep\n|c|\u2606portobellomushroom|begone lizard\n|\n|t:|1700525610\n|switch|p2a: Palafin|Palafin-Hero, M|88\/100\n|-damage|p2a: Palafin|76\/100|[from] Spikes\n|-activate|p2a: Palafin|ability: Zero to Hero\n|turn|7\n|\n|t:|1700525621\n|switch|p1a: Pure Cheese|Gholdengo|100\/100\n|-item|p1a: Pure Cheese|Air Balloon\n|move|p2a: Palafin|Jet Punch|p1a: Pure Cheese\n|-damage|p1a: Pure Cheese|53\/100\n|-enditem|p1a: Pure Cheese|Air Balloon\n|\n|upkeep\n|turn|8\n|\n|t:|1700525644\n|move|p2a: Palafin|Jet Punch|p1a: Pure Cheese\n|-damage|p1a: Pure Cheese|7\/100\n|move|p1a: Pure Cheese|Shadow Ball|p2a: Palafin\n|-damage|p2a: Palafin|42\/100\n|\n|upkeep\n|turn|9\n|\n|t:|1700525654\n|move|p2a: Palafin|Jet Punch|p1a: Pure Cheese\n|-damage|p1a: Pure Cheese|0 fnt\n|faint|p1a: Pure Cheese\n|\n|upkeep\n|\n|t:|1700525656\n|switch|p1a: Magluena|Magearna|79\/100\n|turn|10\n|\n|t:|1700525670\n|switch|p2a: Aunt Fanny|Magearna, tera:Water|27\/100\n|-damage|p2a: Aunt Fanny|15\/100|[from] Spikes\n|move|p1a: Magluena|Volt Switch|p2a: Aunt Fanny\n|-supereffective|p2a: Aunt Fanny\n|-damage|p2a: Aunt Fanny|0 fnt\n|faint|p2a: Aunt Fanny\n|-ability|p1a: Magluena|Soul-Heart|boost\n|-boost|p1a: Magluena|spa|1\n|\n|t:|1700525675\n|switch|p1a: hippo|Hippowdon, F|100\/100|[from] Volt Switch\n|-weather|Sandstorm|[from] ability: Sand Stream|[of] p1a: hippo\n|\n|-weather|Sandstorm|[upkeep]\n|upkeep\n|\n|t:|1700525683\n|switch|p2a: Palafin|Palafin-Hero, M|42\/100\n|-damage|p2a: Palafin|29\/100|[from] Spikes\n|turn|11\n|c|\u2606XpokVEVO|HYDROGEN BABY VS COUGHING BOMB\n|\n|t:|1700525723\n|switch|p1a: Me-Wow|Meowscarada, M|1\/100\n|move|p2a: Palafin|Wave Crash|p1a: Me-Wow\n|-resisted|p1a: Me-Wow\n|-damage|p1a: Me-Wow|0 fnt\n|faint|p1a: Me-Wow\n|-damage|p2a: Palafin|29\/100|[from] Recoil\n|\n|-weather|Sandstorm|[upkeep]\n|-damage|p2a: Palafin|23\/100|[from] Sandstorm\n|upkeep\n|\n|t:|1700525728\n|switch|p1a: rip dog|Houndstone, F|100\/100\n|turn|12\n|\n|t:|1700525750\n|switch|p2a: Princess|Zacian, shiny|100\/100\n|-damage|p2a: Princess|88\/100|[from] Spikes\n|-ability|p2a: Princess|Intrepid Sword|boost\n|-boost|p2a: Princess|atk|1\n|move|p1a: rip dog|Last Respects|p2a: Princess\n|-damage|p2a: Princess|0 fnt\n|faint|p2a: Princess\n|\n|-weather|Sandstorm|[upkeep]\n|upkeep\n|\n|t:|1700525790\n|switch|p2a: Palafin|Palafin-Hero, M|23\/100\n|-damage|p2a: Palafin|10\/100|[from] Spikes\n|turn|13\n|\n|t:|1700525795\n|move|p1a: rip dog|Shadow Sneak|p2a: Palafin\n|-damage|p2a: Palafin|0 fnt\n|faint|p2a: Palafin\n|\n|-weather|Sandstorm|[upkeep]\n|upkeep\n|\n|t:|1700525800\n|switch|p2a: Emu War|Espathra, M|100\/100\n|-damage|p2a: Emu War|88\/100|[from] Spikes\n|turn|14\n|\n|t:|1700525804\n|move|p2a: Emu War|Protect|p2a: Emu War\n|-singleturn|p2a: Emu War|Protect\n|move|p1a: rip dog|Last Respects|p2a: Emu War\n|-activate|p2a: Emu War|move: Protect\n|\n|-weather|Sandstorm|[upkeep]\n|-damage|p2a: Emu War|82\/100|[from] Sandstorm\n|-heal|p2a: Emu War|88\/100|[from] item: Leftovers\n|-ability|p2a: Emu War|Speed Boost|boost\n|-boost|p2a: Emu War|spe|1\n|upkeep\n|turn|15\n|\n|t:|1700525811\n|move|p2a: Emu War|Protect||[still]\n|-fail|p2a: Emu War\n|move|p1a: rip dog|Last Respects|p2a: Emu War\n|-supereffective|p2a: Emu War\n|-damage|p2a: Emu War|0 fnt\n|faint|p2a: Emu War\n|\n|-weather|Sandstorm|[upkeep]\n|upkeep\n|\n|t:|1700525812\n|switch|p2a: Ar\u0441eus-Fighting|Arceus-Fire, shiny|100\/100\n|-damage|p2a: Ar\u0441eus-Fighting|88\/100|[from] Spikes\n|turn|16\n|c|\u2606XpokVEVO|its...its nismover?\n|\n|t:|1700525841\n|move|p1a: rip dog|Last Respects|p2a: Ar\u0441eus-Fighting\n|-damage|p2a: Ar\u0441eus-Fighting|13\/100\n|move|p2a: Ar\u0441eus-Fighting|Dragon Dance|p2a: Ar\u0441eus-Fighting\n|-boost|p2a: Ar\u0441eus-Fighting|atk|1\n|-boost|p2a: Ar\u0441eus-Fighting|spe|1\n|\n|-weather|Sandstorm|[upkeep]\n|-damage|p2a: Ar\u0441eus-Fighting|7\/100|[from] Sandstorm\n|upkeep\n|turn|17\n|\n|t:|1700525845\n|move|p1a: rip dog|Shadow Sneak|p2a: Ar\u0441eus-Fighting\n|-damage|p2a: Ar\u0441eus-Fighting|0 fnt\n|faint|p2a: Ar\u0441eus-Fighting\n|\n|win|portobellomushroom\n|c|\u2606portobellomushroom|it is\n|c|\u2606portobellomushroom|gg\n|c|\u2606XpokVEVO|gimme some secs\n|c|\u2606XpokVEVO|ill send chall\n|c| samticidae|???\n|c|\u2606portobellomushroom|sure\n|c| samticidae|\"some secs\"\n|c| samticidae|Ok\n|c| samticidae|Ok buddy\n|c|\u2606portobellomushroom|he's googling houndstone counter\n|c|\u2606XpokVEVO|nah id win\n|l|\u2606portobellomushroom\n|player|p2|XpokVEVO|mustard\n","uploadtime":1700525852,"views":25,"p1id":"portobellomushroom","p2id":"xpokvevo","formatid":"gen9ubers","rating":0,"private":0,"password":""}