{"id":"gen9ubers-1969604246","p1":"Mattattac","p2":"LABFzdcu","format":"[Gen 9] Ubers","log":"|j|\u2606Mattattac\n|j|\u2606LABFzdcu\n|t:|1697551199\n|gametype|singles\n|player|p1|Mattattac|nate|1180\n|player|p2|LABFzdcu|1|1192\n|teamsize|p1|6\n|teamsize|p2|6\n|gen|9\n|tier|[Gen 9] Ubers\n|rated|\n|rule|Sleep Clause Mod: Limit one foe put to sleep\n|rule|Species Clause: Limit one of each Pok\u00e9mon\n|rule|OHKO Clause: OHKO moves are banned\n|rule|Evasion Items Clause: Evasion items are banned\n|rule|Evasion Moves Clause: Evasion moves are banned\n|rule|Endless Battle Clause: Forcing endless battles is banned\n|rule|HP Percentage Mod: HP is shown in percentages\n|clearpoke\n|poke|p1|Flutter Mane|\n|poke|p1|Ursaluna-Bloodmoon, M|\n|poke|p1|Chien-Pao|\n|poke|p1|Iron Bundle|\n|poke|p1|Annihilape, M|\n|poke|p1|Kyogre|\n|poke|p2|Great Tusk|\n|poke|p2|Flutter Mane|\n|poke|p2|Mimikyu, M|\n|poke|p2|Hatterene, F|\n|poke|p2|Basculegion, M|\n|poke|p2|Skeledirge, F|\n|teampreview\n|inactive|Battle timer is ON: inactive players will automatically lose when time's up. (requested by Mattattac)\n|c|\u2606Mattattac|yo\n|\n|t:|1697551226\n|start\n|switch|p1a: Kyogre|Kyogre|100\/100\n|switch|p2a: Great Tusk|Great Tusk|100\/100\n|-weather|RainDance|[from] ability: Drizzle|[of] p1a: Kyogre\n|turn|1\n|\n|t:|1697551243\n|move|p1a: Kyogre|Water Spout|p2a: Great Tusk\n|-supereffective|p2a: Great Tusk\n|-enditem|p2a: Great Tusk|Focus Sash\n|-damage|p2a: Great Tusk|1\/100\n|move|p2a: Great Tusk|Stealth Rock|p1a: Kyogre\n|-sidestart|p1: Mattattac|move: Stealth Rock\n|\n|-weather|RainDance|[upkeep]\n|upkeep\n|turn|2\n|\n|t:|1697551251\n|move|p1a: Kyogre|Water Spout|p2a: Great Tusk\n|-supereffective|p2a: Great Tusk\n|-damage|p2a: Great Tusk|0 fnt\n|faint|p2a: Great Tusk\n|-end|p2a: Great Tusk|Protosynthesis|[silent]\n|\n|-weather|RainDance|[upkeep]\n|upkeep\n|\n|t:|1697551270\n|switch|p2a: Basculegion|Basculegion, M|100\/100\n|turn|3\n|\n|t:|1697551275\n|move|p2a: Basculegion|Aqua Jet|p1a: Kyogre\n|-resisted|p1a: Kyogre\n|-damage|p1a: Kyogre|71\/100\n|move|p1a: Kyogre|Water Spout|p2a: Basculegion\n|-resisted|p2a: Basculegion\n|-damage|p2a: Basculegion|55\/100\n|\n|-weather|RainDance|[upkeep]\n|upkeep\n|turn|4\n|\n|t:|1697551283\n|move|p2a: Basculegion|Aqua Jet|p1a: Kyogre\n|-resisted|p1a: Kyogre\n|-damage|p1a: Kyogre|45\/100\n|move|p1a: Kyogre|Water Spout|p2a: Basculegion\n|-resisted|p2a: Basculegion\n|-damage|p2a: Basculegion|25\/100\n|\n|-weather|RainDance|[upkeep]\n|upkeep\n|turn|5\n|\n|t:|1697551293\n|move|p2a: Basculegion|Aqua Jet|p1a: Kyogre\n|-resisted|p1a: Kyogre\n|-damage|p1a: Kyogre|16\/100\n|move|p1a: Kyogre|Water Spout|p2a: Basculegion\n|-resisted|p2a: Basculegion\n|-damage|p2a: Basculegion|14\/100\n|\n|-weather|none\n|upkeep\n|turn|6\n|\n|t:|1697551305\n|switch|p2a: Hatterene|Hatterene, F|100\/100\n|move|p1a: Kyogre|Water Spout|p2a: Hatterene\n|-crit|p2a: Hatterene\n|-damage|p2a: Hatterene|79\/100\n|\n|-heal|p2a: Hatterene|85\/100|[from] item: Leftovers\n|upkeep\n|turn|7\n|\n|t:|1697551314\n|move|p1a: Kyogre|Water Spout|p2a: Hatterene\n|-damage|p2a: Hatterene|70\/100\n|move|p2a: Hatterene|Calm Mind|p2a: Hatterene\n|-boost|p2a: Hatterene|spa|1\n|-boost|p2a: Hatterene|spd|1\n|\n|-heal|p2a: Hatterene|76\/100|[from] item: Leftovers\n|upkeep\n|turn|8\n|\n|t:|1697551322\n|switch|p1a: Iron Bundle|Iron Bundle, shiny|100\/100\n|move|p2a: Hatterene|Trick Room|p2a: Hatterene\n|-fieldstart|move: Trick Room|[of] p2a: Hatterene\n|\n|-heal|p2a: Hatterene|82\/100|[from] item: Leftovers\n|upkeep\n|turn|9\n|\n|t:|1697551329\n|move|p2a: Hatterene|Calm Mind|p2a: Hatterene\n|-boost|p2a: Hatterene|spa|1\n|-boost|p2a: Hatterene|spd|1\n|move|p1a: Iron Bundle|Taunt|p2a: Hatterene\n|move|p2a: Hatterene|Taunt|p1a: Iron Bundle|[from]ability: Magic Bounce\n|-start|p1a: Iron Bundle|move: Taunt\n|\n|-heal|p2a: Hatterene|88\/100|[from] item: Leftovers\n|upkeep\n|turn|10\n|c|\u2606Mattattac|damnit\n|\n|t:|1697551346\n|move|p2a: Hatterene|Draining Kiss|p1a: Iron Bundle\n|-damage|p1a: Iron Bundle|6\/100\n|-heal|p2a: Hatterene|100\/100|[from] drain|[of] p1a: Iron Bundle\n|move|p1a: Iron Bundle|Hydro Pump|p2a: Hatterene\n|-damage|p2a: Hatterene|68\/100\n|\n|-heal|p2a: Hatterene|74\/100|[from] item: Leftovers\n|upkeep\n|turn|11\n|\n|t:|1697551354\n|move|p2a: Hatterene|Draining Kiss|p1a: Iron Bundle\n|-damage|p1a: Iron Bundle|0 fnt\n|-heal|p2a: Hatterene|78\/100|[from] drain|[of] p1a: Iron Bundle\n|faint|p1a: Iron Bundle\n|-end|p1a: Iron Bundle|Quark Drive|[silent]\n|\n|-heal|p2a: Hatterene|84\/100|[from] item: Leftovers\n|upkeep\n|\n|t:|1697551356\n|switch|p1a: Flutter Mane|Flutter Mane, shiny|100\/100\n|-damage|p1a: Flutter Mane|88\/100|[from] Stealth Rock\n|turn|12\n|\n|t:|1697551369\n|-terastallize|p1a: Flutter Mane|Fire\n|move|p2a: Hatterene|Psyshock|p1a: Flutter Mane\n|-damage|p1a: Flutter Mane|0 fnt\n|faint|p1a: Flutter Mane\n|-end|p1a: Flutter Mane|Protosynthesis|[silent]\n|\n|-heal|p2a: Hatterene|90\/100|[from] item: Leftovers\n|-fieldend|move: Trick Room\n|upkeep\n|\n|t:|1697551380\n|switch|p1a: Chien-Pao|Chien-Pao|100\/100\n|-damage|p1a: Chien-Pao|76\/100|[from] Stealth Rock\n|-ability|p1a: Chien-Pao|Sword of Ruin\n|turn|13\n|\n|t:|1697551385\n|move|p1a: Chien-Pao|Crunch|p2a: Hatterene\n|-damage|p2a: Hatterene|39\/100\n|move|p2a: Hatterene|Trick Room|p2a: Hatterene\n|-fieldstart|move: Trick Room|[of] p2a: Hatterene\n|\n|-heal|p2a: Hatterene|45\/100|[from] item: Leftovers\n|upkeep\n|turn|14\n|\n|t:|1697551392\n|move|p1a: Chien-Pao|Sucker Punch|p2a: Hatterene\n|-damage|p2a: Hatterene|0 fnt\n|faint|p2a: Hatterene\n|\n|upkeep\n|c|\u2606Mattattac|ok thank god\n|\n|t:|1697551402\n|switch|p2a: Skeledirge|Skeledirge, F|100\/100\n|turn|15\n|\n|t:|1697551406\n|move|p2a: Skeledirge|Torch Song|p1a: Chien-Pao\n|-supereffective|p1a: Chien-Pao\n|-damage|p1a: Chien-Pao|0 fnt\n|-boost|p2a: Skeledirge|spa|1\n|faint|p1a: Chien-Pao\n|\n|upkeep\n|\n|t:|1697551412\n|switch|p1a: Annihilape|Annihilape, M, shiny|100\/100\n|-damage|p1a: Annihilape|94\/100|[from] Stealth Rock\n|turn|16\n|\n|t:|1697551429\n|move|p2a: Skeledirge|Torch Song|p1a: Annihilape\n|-damage|p1a: Annihilape|66\/100\n|-boost|p2a: Skeledirge|spa|1\n|move|p1a: Annihilape|Bulk Up|p1a: Annihilape\n|-boost|p1a: Annihilape|atk|1\n|-boost|p1a: Annihilape|def|1\n|\n|-heal|p1a: Annihilape|72\/100|[from] item: Leftovers\n|upkeep\n|turn|17\n|\n|t:|1697551439\n|move|p2a: Skeledirge|Shadow Ball|p1a: Annihilape\n|-supereffective|p1a: Annihilape\n|-damage|p1a: Annihilape|0 fnt\n|faint|p1a: Annihilape\n|\n|-fieldend|move: Trick Room\n|upkeep\n|\n|t:|1697551444\n|switch|p1a: Ursaluna|Ursaluna-Bloodmoon, M|100\/100\n|-damage|p1a: Ursaluna|94\/100|[from] Stealth Rock\n|turn|18\n|\n|t:|1697551449\n|move|p2a: Skeledirge|Torch Song|p1a: Ursaluna\n|-damage|p1a: Ursaluna|23\/100\n|-boost|p2a: Skeledirge|spa|1\n|move|p1a: Ursaluna|Earth Power|p2a: Skeledirge\n|-supereffective|p2a: Skeledirge\n|-crit|p2a: Skeledirge\n|-damage|p2a: Skeledirge|0 fnt\n|faint|p2a: Skeledirge\n|\n|upkeep\n|\n|t:|1697551458\n|switch|p2a: Flutter Mane|Flutter Mane|100\/100\n|-enditem|p2a: Flutter Mane|Booster Energy\n|-activate|p2a: Flutter Mane|ability: Protosynthesis|[fromitem]\n|-start|p2a: Flutter Mane|protosynthesisspe\n|turn|19\n|\n|t:|1697551464\n|move|p2a: Flutter Mane|Calm Mind|p2a: Flutter Mane\n|-boost|p2a: Flutter Mane|spa|1\n|-boost|p2a: Flutter Mane|spd|1\n|move|p1a: Ursaluna|Earth Power|p2a: Flutter Mane\n|-damage|p2a: Flutter Mane|66\/100\n|\n|upkeep\n|turn|20\n|\n|t:|1697551470\n|move|p2a: Flutter Mane|Draining Kiss|p1a: Ursaluna\n|-damage|p1a: Ursaluna|0 fnt\n|-heal|p2a: Flutter Mane|89\/100|[from] drain|[of] p1a: Ursaluna\n|faint|p1a: Ursaluna\n|\n|upkeep\n|\n|t:|1697551472\n|switch|p1a: Kyogre|Kyogre|16\/100\n|-damage|p1a: Kyogre|4\/100|[from] Stealth Rock\n|-weather|RainDance|[from] ability: Drizzle|[of] p1a: Kyogre\n|turn|21\n|\n|t:|1697551479\n|move|p2a: Flutter Mane|Draining Kiss|p1a: Kyogre\n|-damage|p1a: Kyogre|0 fnt\n|-heal|p2a: Flutter Mane|91\/100|[from] drain|[of] p1a: Kyogre\n|faint|p1a: Kyogre\n|\n|win|LABFzdcu\n|raw|Mattattac's rating: 1180 &rarr; <strong>1156<\/strong><br \/>(-24 for losing)\n|raw|LABFzdcu's rating: 1192 &rarr; <strong>1216<\/strong><br \/>(+24 for winning)\n|c|\u2606Mattattac|damn\n|c|\u2606Mattattac|alr\n|c|\u2606Mattattac|gg\n","uploadtime":1697551489,"views":9,"p1id":"mattattac","p2id":"labfzdcu","formatid":"gen9ubers","rating":1156,"private":0,"password":""}