{"id":"gen9ubers-1975615601","p1":"Dragon Master Rosa","p2":"TRaSHiNSeCT","format":"[Gen 9] Ubers","log":"|j|\u2606Dragon Master Rosa\n|j|\u2606TRaSHiNSeCT\n|t:|1698213472\n|gametype|singles\n|player|p1|Dragon Master Rosa|dragontamer-gen9|\n|player|p2|TRaSHiNSeCT|workerice|\n|teamsize|p1|6\n|teamsize|p2|6\n|gen|9\n|tier|[Gen 9] Ubers\n|rule|Sleep Clause Mod: Limit one foe put to sleep\n|rule|Species Clause: Limit one of each Pok\u00e9mon\n|rule|OHKO Clause: OHKO moves are banned\n|rule|Evasion Items Clause: Evasion items are banned\n|rule|Evasion Moves Clause: Evasion moves are banned\n|rule|Endless Battle Clause: Forcing endless battles is banned\n|rule|HP Percentage Mod: HP is shown in percentages\n|clearpoke\n|poke|p1|Clefable, F|\n|poke|p1|Iron Hands|\n|poke|p1|Zoroark-Hisui, M|\n|poke|p1|Slowking-Galar, L99, F|\n|poke|p1|Landorus-Therian, M|\n|poke|p1|Cinderace, F|\n|poke|p2|Basculegion, M|\n|poke|p2|Slowking-Galar, F|\n|poke|p2|Weezing-Galar, F|\n|poke|p2|Medicham, F|\n|poke|p2|Wo-Chien|\n|poke|p2|Eelektross, F|\n|teampreview\n|\n|t:|1698213567\n|start\n|switch|p1a: Iron Hands|Iron Hands|100\/100\n|switch|p2a: Wo-Chien|Wo-Chien|100\/100\n|-ability|p2a: Wo-Chien|Tablets of Ruin\n|turn|1\n|\n|t:|1698213597\n|switch|p1a: Clefable|Clefable, F|100\/100\n|move|p2a: Wo-Chien|Knock Off|p1a: Clefable\n|-resisted|p1a: Clefable\n|-damage|p1a: Clefable|85\/100\n|-enditem|p1a: Clefable|Choice Band|[from] move: Knock Off|[of] p2a: Wo-Chien\n|\n|upkeep\n|turn|2\n|\n|t:|1698213609\n|move|p2a: Wo-Chien|Protect|p2a: Wo-Chien\n|-singleturn|p2a: Wo-Chien|Protect\n|move|p1a: Clefable|Drain Punch|p2a: Wo-Chien\n|-activate|p2a: Wo-Chien|move: Protect\n|\n|upkeep\n|turn|3\n|c|\u2606Dragon Master Rosa|there goes my footage...\n|c|\u2606TRaSHiNSeCT|Sorry lol\n|\n|t:|1698213621\n|switch|p2a: Weezing|Weezing-Galar, F|100\/100\n|move|p1a: Clefable|Play Rough|p2a: Weezing\n|-resisted|p2a: Weezing\n|-damage|p2a: Weezing|90\/100\n|\n|-heal|p2a: Weezing|96\/100|[from] item: Leftovers\n|upkeep\n|turn|4\n|\n|t:|1698213630\n|move|p2a: Weezing|Strange Steam|p1a: Clefable\n|-damage|p1a: Clefable|61\/100\n|-start|p1a: Clefable|confusion\n|-activate|p1a: Clefable|confusion\n|move|p1a: Clefable|Zen Headbutt|p2a: Weezing\n|-supereffective|p2a: Weezing\n|-damage|p2a: Weezing|71\/100\n|\n|-heal|p2a: Weezing|77\/100|[from] item: Leftovers\n|upkeep\n|turn|5\n|\n|t:|1698213643\n|switch|p2a: Wo-Chien|Wo-Chien|100\/100\n|-ability|p2a: Wo-Chien|Tablets of Ruin\n|switch|p1a: Slowking|Slowking-Galar, L99, F|100\/100\n|\n|upkeep\n|turn|6\n|\n|t:|1698213650\n|move|p2a: Wo-Chien|Knock Off|p1a: Slowking\n|-supereffective|p1a: Slowking\n|-damage|p1a: Slowking|60\/100\n|-enditem|p1a: Slowking|Heavy-Duty Boots|[from] move: Knock Off|[of] p2a: Wo-Chien\n|move|p1a: Slowking|Thunder Wave|p2a: Wo-Chien\n|-status|p2a: Wo-Chien|par\n|\n|upkeep\n|turn|7\n|\n|t:|1698213657\n|switch|p1a: Clefable|Clefable, F|61\/100\n|move|p2a: Wo-Chien|Leech Seed|p1a: Clefable\n|-start|p1a: Clefable|move: Leech Seed\n|\n|upkeep\n|turn|8\n|\n|t:|1698213673\n|move|p1a: Clefable|Drain Punch|p2a: Wo-Chien\n|-supereffective|p2a: Wo-Chien\n|-damage|p2a: Wo-Chien|82\/100 par\n|-heal|p1a: Clefable|70\/100|[from] drain|[of] p2a: Wo-Chien\n|move|p2a: Wo-Chien|Seed Bomb|p1a: Clefable\n|-damage|p1a: Clefable|41\/100\n|\n|-heal|p2a: Wo-Chien|88\/100 par|[from] item: Leftovers\n|upkeep\n|turn|9\n|\n|t:|1698213685\n|switch|p1a: Landorus|Landorus-Therian, M|100\/100\n|-ability|p1a: Landorus|Intimidate|boost\n|-unboost|p2a: Wo-Chien|atk|1\n|move|p2a: Wo-Chien|Seed Bomb|p1a: Landorus\n|-damage|p1a: Landorus|85\/100\n|\n|-heal|p1a: Landorus|91\/100|[from] item: Leftovers\n|-heal|p2a: Wo-Chien|94\/100 par|[from] item: Leftovers\n|upkeep\n|turn|10\n|\n|t:|1698213694\n|move|p1a: Landorus|Substitute|p1a: Landorus\n|-start|p1a: Landorus|Substitute\n|-damage|p1a: Landorus|66\/100\n|cant|p2a: Wo-Chien|par\n|\n|-heal|p1a: Landorus|72\/100|[from] item: Leftovers\n|-heal|p2a: Wo-Chien|99\/100 par|[from] item: Leftovers\n|upkeep\n|turn|11\n|\n|t:|1698213701\n|switch|p2a: Eelektross|Eelektross, F, shiny|100\/100\n|move|p1a: Landorus|Nasty Plot|p1a: Landorus\n|-boost|p1a: Landorus|spa|2\n|\n|-heal|p1a: Landorus|78\/100|[from] item: Leftovers\n|upkeep\n|turn|12\n|\n|t:|1698213717\n|move|p1a: Landorus|Nasty Plot|p1a: Landorus\n|-boost|p1a: Landorus|spa|2\n|move|p2a: Eelektross|Giga Drain|p1a: Landorus\n|-activate|p1a: Landorus|move: Substitute|[damage]\n|\n|-heal|p1a: Landorus|84\/100|[from] item: Leftovers\n|upkeep\n|turn|13\n|\n|t:|1698213725\n|move|p1a: Landorus|Tera Blast|p2a: Eelektross\n|-damage|p2a: Eelektross|60\/100\n|move|p2a: Eelektross|Giga Drain|p1a: Landorus\n|-end|p1a: Landorus|Substitute\n|-heal|p2a: Eelektross|62\/100|[from] drain|[of] p1a: Landorus\n|\n|-heal|p1a: Landorus|90\/100|[from] item: Leftovers\n|upkeep\n|turn|14\n|\n|t:|1698213729\n|-terastallize|p1a: Landorus|Water\n|-terastallize|p2a: Eelektross|Steel\n|move|p1a: Landorus|Tera Blast|p2a: Eelektross|[anim] Tera Blast Water\n|-damage|p2a: Eelektross|0 fnt\n|faint|p2a: Eelektross\n|\n|-heal|p1a: Landorus|96\/100|[from] item: Leftovers\n|upkeep\n|c|\u2606TRaSHiNSeCT|dam\n|\n|t:|1698213740\n|switch|p2a: Medicham|Medicham, F|100\/100\n|turn|15\n|\n|t:|1698213744\n|switch|p1a: Clefable|Clefable, F|41\/100\n|move|p2a: Medicham|Close Combat|p1a: Clefable\n|-resisted|p1a: Clefable\n|-damage|p1a: Clefable|0 fnt\n|-unboost|p2a: Medicham|def|1\n|-unboost|p2a: Medicham|spd|1\n|faint|p1a: Clefable\n|\n|upkeep\n|\n|t:|1698213755\n|switch|p1a: Iron Hands|Iron Hands|100\/100\n|turn|16\n|\n|t:|1698213760\n|switch|p2a: Wo-Chien|Wo-Chien|99\/100 par\n|-ability|p2a: Wo-Chien|Tablets of Ruin\n|move|p1a: Iron Hands|Swords Dance|p1a: Iron Hands\n|-boost|p1a: Iron Hands|atk|2\n|\n|-heal|p2a: Wo-Chien|100\/100 par|[from] item: Leftovers\n|upkeep\n|turn|17\n|\n|t:|1698213789\n|move|p1a: Iron Hands|Knock Off|p2a: Wo-Chien\n|-resisted|p2a: Wo-Chien\n|-damage|p2a: Wo-Chien|86\/100 par\n|-enditem|p2a: Wo-Chien|Leftovers|[from] move: Knock Off|[of] p1a: Iron Hands\n|move|p2a: Wo-Chien|Knock Off|p1a: Iron Hands\n|-supereffective|p1a: Iron Hands\n|-damage|p1a: Iron Hands|0 fnt\n|replace|p1a: Zoroark|Zoroark-Hisui, M\n|-end|p1a: Zoroark|Illusion\n|-enditem|p1a: Zoroark|Heavy-Duty Boots|[from] move: Knock Off|[of] p2a: Wo-Chien\n|faint|p1a: Zoroark\n|\n|upkeep\n|\n|t:|1698213796\n|switch|p1a: Cinderace|Cinderace, F|100\/100\n|turn|18\n|\n|t:|1698213802\n|move|p1a: Cinderace|Fire Blast|p2a: Wo-Chien\n|-supereffective|p2a: Wo-Chien\n|-damage|p2a: Wo-Chien|39\/100 par\n|move|p2a: Wo-Chien|Leech Seed|p1a: Cinderace\n|-start|p1a: Cinderace|move: Leech Seed\n|\n|-damage|p1a: Cinderace|88\/100|[from] Leech Seed|[of] p2a: Wo-Chien\n|-heal|p2a: Wo-Chien|49\/100 par|[silent]\n|upkeep\n|turn|19\n|\n|t:|1698213809\n|switch|p1a: Iron Hands|Iron Hands|100\/100\n|move|p2a: Wo-Chien|Knock Off|p1a: Iron Hands\n|-resisted|p1a: Iron Hands\n|-damage|p1a: Iron Hands|91\/100\n|-enditem|p1a: Iron Hands|Choice Specs|[from] move: Knock Off|[of] p2a: Wo-Chien\n|\n|upkeep\n|turn|20\n|\n|t:|1698213817\n|move|p1a: Iron Hands|Focus Blast|p2a: Wo-Chien\n|-supereffective|p2a: Wo-Chien\n|-damage|p2a: Wo-Chien|0 fnt\n|faint|p2a: Wo-Chien\n|\n|upkeep\n|c|\u2606Dragon Master Rosa|WHAT\n|\n|t:|1698213825\n|switch|p2a: Slowking|Slowking-Galar, F|100\/100\n|turn|21\n|c|\u2606Dragon Master Rosa|WHY DID THAT STILL KILL\n|\n|t:|1698213831\n|move|p1a: Iron Hands|Volt Switch|p2a: Slowking\n|-damage|p2a: Slowking|87\/100\n|\n|t:|1698213836\n|-end|p1a: Iron Hands|Quark Drive|[silent]\n|switch|p1a: Slowking|Slowking-Galar, L99, F|93\/100|[from] Volt Switch\n|move|p2a: Slowking|Chilly Reception|p2a: Slowking\n|-weather|Snow\n|\n|t:|1698213840\n|switch|p2a: Basculegion|Basculegion, M|100\/100|[from] Chilly Reception\n|\n|-weather|Snow|[upkeep]\n|upkeep\n|turn|22\n|\n|t:|1698213851\n|move|p2a: Basculegion|Shadow Ball|p1a: Slowking\n|-supereffective|p1a: Slowking\n|-damage|p1a: Slowking|0 fnt\n|faint|p1a: Slowking\n|\n|-weather|Snow|[upkeep]\n|upkeep\n|c|\u2606Dragon Master Rosa|i think i just threw up in my mouth a little\n|\n|t:|1698213867\n|switch|p1a: Iron Hands|Iron Hands|91\/100\n|turn|23\n|\n|t:|1698213872\n|switch|p2a: Slowking|Slowking-Galar, F|100\/100\n|move|p1a: Iron Hands|Thunderbolt|p2a: Slowking\n|-damage|p2a: Slowking|85\/100\n|\n|-weather|Snow|[upkeep]\n|upkeep\n|turn|24\n|\n|t:|1698213878\n|move|p1a: Iron Hands|Volt Switch|p2a: Slowking\n|-damage|p2a: Slowking|70\/100\n|\n|t:|1698213880\n|-end|p1a: Iron Hands|Quark Drive|[silent]\n|switch|p1a: Cinderace|Cinderace, F|88\/100|[from] Volt Switch\n|move|p2a: Slowking|Toxic|p1a: Cinderace\n|-status|p1a: Cinderace|tox\n|\n|-weather|Snow|[upkeep]\n|-damage|p1a: Cinderace|82\/100 tox|[from] psn\n|upkeep\n|turn|25\n|\n|t:|1698213888\n|move|p1a: Cinderace|Shadow Ball|p2a: Slowking\n|-start|p1a: Cinderace|typechange|Ghost|[from] ability: Libero\n|-supereffective|p2a: Slowking\n|-damage|p2a: Slowking|38\/100\n|move|p2a: Slowking|Toxic|p1a: Cinderace\n|-fail|p1a: Cinderace|tox\n|\n|-weather|none\n|-damage|p1a: Cinderace|70\/100 tox|[from] psn\n|upkeep\n|turn|26\n|\n|t:|1698213897\n|move|p1a: Cinderace|Shadow Ball|p2a: Slowking\n|-supereffective|p2a: Slowking\n|-damage|p2a: Slowking|8\/100\n|move|p2a: Slowking|Slack Off|p2a: Slowking\n|-heal|p2a: Slowking|58\/100\n|\n|-damage|p1a: Cinderace|52\/100 tox|[from] psn\n|upkeep\n|turn|27\n|\n|t:|1698213905\n|move|p1a: Cinderace|Shadow Ball|p2a: Slowking\n|-supereffective|p2a: Slowking\n|-crit|p2a: Slowking\n|-damage|p2a: Slowking|4\/100\n|move|p2a: Slowking|Slack Off|p2a: Slowking\n|-heal|p2a: Slowking|54\/100\n|\n|-damage|p1a: Cinderace|28\/100 tox|[from] psn\n|upkeep\n|turn|28\n|\n|t:|1698213914\n|move|p1a: Cinderace|Shadow Ball|p2a: Slowking\n|-supereffective|p2a: Slowking\n|-damage|p2a: Slowking|19\/100\n|move|p2a: Slowking|Slack Off|p2a: Slowking\n|-heal|p2a: Slowking|69\/100\n|\n|-damage|p1a: Cinderace|0 fnt|[from] psn\n|faint|p1a: Cinderace\n|upkeep\n|\n|t:|1698213920\n|switch|p1a: Landorus|Landorus-Therian, M, tera:Water|96\/100\n|-ability|p1a: Landorus|Intimidate|boost\n|-unboost|p2a: Slowking|atk|1\n|turn|29\n|\n|t:|1698213929\n|move|p1a: Landorus|Substitute|p1a: Landorus\n|-start|p1a: Landorus|Substitute\n|-damage|p1a: Landorus|71\/100\n|move|p2a: Slowking|Foul Play|p1a: Landorus\n|-activate|p1a: Landorus|move: Substitute|[damage]\n|\n|-heal|p1a: Landorus|77\/100|[from] item: Leftovers\n|upkeep\n|turn|30\n|\n|t:|1698213936\n|move|p1a: Landorus|Nasty Plot|p1a: Landorus\n|-boost|p1a: Landorus|spa|2\n|move|p2a: Slowking|Foul Play|p1a: Landorus\n|-end|p1a: Landorus|Substitute\n|\n|-heal|p1a: Landorus|83\/100|[from] item: Leftovers\n|upkeep\n|turn|31\n|\n|t:|1698213944\n|switch|p2a: Basculegion|Basculegion, M|100\/100\n|move|p1a: Landorus|Substitute|p1a: Landorus\n|-start|p1a: Landorus|Substitute\n|-damage|p1a: Landorus|58\/100\n|\n|-heal|p1a: Landorus|64\/100|[from] item: Leftovers\n|upkeep\n|turn|32\n|\n|t:|1698213952\n|move|p2a: Basculegion|Shadow Ball|p1a: Landorus\n|-end|p1a: Landorus|Substitute\n|move|p1a: Landorus|Earth Power|p2a: Basculegion\n|-damage|p2a: Basculegion|13\/100\n|\n|-heal|p1a: Landorus|70\/100|[from] item: Leftovers\n|upkeep\n|turn|33\n|\n|t:|1698213974\n|move|p2a: Basculegion|Shadow Ball|p1a: Landorus\n|-damage|p1a: Landorus|0 fnt\n|faint|p1a: Landorus\n|\n|upkeep\n|\n|t:|1698213977\n|switch|p1a: Iron Hands|Iron Hands|91\/100\n|turn|34\n|c|\u2606Dragon Master Rosa|ggs\n|\n|t:|1698213981\n|move|p2a: Basculegion|Shadow Ball|p1a: Iron Hands\n|-damage|p1a: Iron Hands|36\/100\n|move|p1a: Iron Hands|Thunderbolt|p2a: Basculegion\n|-supereffective|p2a: Basculegion\n|-damage|p2a: Basculegion|0 fnt\n|faint|p2a: Basculegion\n|\n|upkeep\n|\n|t:|1698213990\n|switch|p2a: Medicham|Medicham, F|100\/100\n|turn|35\n|\n|t:|1698213993\n|move|p2a: Medicham|Close Combat|p1a: Iron Hands\n|-damage|p1a: Iron Hands|0 fnt\n|-unboost|p2a: Medicham|def|1\n|-unboost|p2a: Medicham|spd|1\n|faint|p1a: Iron Hands\n|-end|p1a: Iron Hands|Quark Drive|[silent]\n|\n|win|TRaSHiNSeCT\n|c|\u2606TRaSHiNSeCT|gg wp\n","uploadtime":1698213999,"views":23,"p1id":"dragonmasterrosa","p2id":"trashinsect","formatid":"gen9ubers","rating":0,"private":0,"password":""}