{"id":"gen9ubers-1974756977","p1":"PinkScourge","p2":"Nitro524","format":"[Gen 9] Ubers","log":"|j|\u2606PinkScourge\n|j|\u2606Nitro524\n|t:|1698118358\n|gametype|singles\n|player|p1|PinkScourge|bede-leader|\n|player|p2|Nitro524|169|\n|teamsize|p1|6\n|teamsize|p2|6\n|gen|9\n|tier|[Gen 9] Ubers\n|rule|Sleep Clause Mod: Limit one foe put to sleep\n|rule|Species Clause: Limit one of each Pok\u00e9mon\n|rule|OHKO Clause: OHKO moves are banned\n|rule|Evasion Items Clause: Evasion items are banned\n|rule|Evasion Moves Clause: Evasion moves are banned\n|rule|Endless Battle Clause: Forcing endless battles is banned\n|rule|HP Percentage Mod: HP is shown in percentages\n|clearpoke\n|poke|p1|Sylveon, F|\n|poke|p1|Alomomola, F|\n|poke|p1|Weezing-Galar, M|\n|poke|p1|Grimmsnarl, M|\n|poke|p1|Arceus-Fire|\n|poke|p1|Zamazenta-*|\n|poke|p2|Pelipper, F|\n|poke|p2|Zapdos|\n|poke|p2|Arceus-Grass|\n|poke|p2|Palafin, F|\n|poke|p2|Zacian-*|\n|poke|p2|Palkia-Origin|\n|teampreview\n|inactive|Battle timer is ON: inactive players will automatically lose when time's up. (requested by PinkScourge)\n|\n|t:|1698118379\n|start\n|switch|p1a: Grimmsnarl|Grimmsnarl, M, shiny|100\/100\n|switch|p2a: Pelipper|Pelipper, F|100\/100\n|-weather|RainDance|[from] ability: Drizzle|[of] p2a: Pelipper\n|turn|1\n|c|\u2606Nitro524|glhf\n|c|\u2606PinkScourge|GL!\n|\n|t:|1698118386\n|move|p1a: Grimmsnarl|Light Screen|p1a: Grimmsnarl\n|-sidestart|p1: PinkScourge|move: Light Screen\n|move|p2a: Pelipper|U-turn|p1a: Grimmsnarl\n|-damage|p1a: Grimmsnarl|90\/100\n|\n|t:|1698118415\n|switch|p2a: Palafin|Palafin, F|100\/100|[from] U-turn\n|\n|-weather|RainDance|[upkeep]\n|upkeep\n|turn|2\n|\n|t:|1698118424\n|move|p1a: Grimmsnarl|Reflect|p1a: Grimmsnarl\n|-sidestart|p1: PinkScourge|Reflect\n|move|p2a: Palafin|Wave Crash|p1a: Grimmsnarl\n|-damage|p1a: Grimmsnarl|30\/100\n|-damage|p2a: Palafin|78\/100|[from] Recoil\n|\n|-weather|RainDance|[upkeep]\n|upkeep\n|turn|3\n|\n|t:|1698118437\n|detailschange|p2a: Palafin|Palafin-Hero, F\n|switch|p2a: Palkia|Palkia-Origin|100\/100\n|-ability|p2a: Palkia|Pressure\n|move|p1a: Grimmsnarl|Parting Shot|p2a: Palkia\n|-unboost|p2a: Palkia|atk|1\n|-unboost|p2a: Palkia|spa|1\n|\n|t:|1698118445\n|switch|p1a: Sylveon|Sylveon, F|100\/100|[from] Parting Shot\n|\n|-weather|RainDance|[upkeep]\n|upkeep\n|turn|4\n|\n|t:|1698118459\n|switch|p2a: Arceus|Arceus-Grass|100\/100\n|move|p1a: Sylveon|Hyper Voice|p2a: Arceus\n|-damage|p2a: Arceus|73\/100\n|\n|-weather|RainDance|[upkeep]\n|upkeep\n|turn|5\n|\n|t:|1698118466\n|move|p2a: Arceus|Calm Mind|p2a: Arceus\n|-boost|p2a: Arceus|spa|1\n|-boost|p2a: Arceus|spd|1\n|move|p1a: Sylveon|Roar|p2a: Arceus\n|drag|p2a: Pelipper|Pelipper, F|100\/100\n|\n|-weather|RainDance|[upkeep]\n|upkeep\n|turn|6\n|\n|t:|1698118474\n|move|p1a: Sylveon|Wish|p1a: Sylveon\n|move|p2a: Pelipper|Knock Off|p1a: Sylveon\n|-resisted|p1a: Sylveon\n|-damage|p1a: Sylveon|98\/100\n|-enditem|p1a: Sylveon|Leftovers|[from] move: Knock Off|[of] p2a: Pelipper\n|\n|-weather|RainDance|[upkeep]\n|upkeep\n|turn|7\n|\n|t:|1698118479\n|switch|p1a: Grimmsnarl|Grimmsnarl, M, shiny|30\/100\n|move|p2a: Pelipper|Hurricane|p1a: Grimmsnarl\n|-damage|p1a: Grimmsnarl|18\/100\n|-start|p1a: Grimmsnarl|confusion\n|\n|-weather|RainDance|[upkeep]\n|-heal|p1a: Grimmsnarl|68\/100|[from] move: Wish|[wisher] Sylveon\n|upkeep\n|turn|8\n|\n|t:|1698118489\n|-activate|p1a: Grimmsnarl|confusion\n|move|p1a: Grimmsnarl|Parting Shot|p2a: Pelipper\n|-unboost|p2a: Pelipper|atk|1\n|-unboost|p2a: Pelipper|spa|1\n|\n|t:|1698118495\n|switch|p1a: Weezing|Weezing-Galar, M|100\/100|[from] Parting Shot\n|-fieldstart|move: Misty Terrain|[from] ability: Misty Surge|[of] p1a: Weezing\n|move|p2a: Pelipper|Hurricane|p1a: Weezing\n|-damage|p1a: Weezing|84\/100\n|\n|-weather|none\n|-sideend|p1: PinkScourge|move: Light Screen\n|upkeep\n|turn|9\n|\n|t:|1698118513\n|switch|p1a: Sylveon|Sylveon, F|98\/100\n|switch|p2a: Palafin|Palafin-Hero, F|78\/100\n|-activate|p2a: Palafin|ability: Zero to Hero\n|\n|-sideend|p1: PinkScourge|Reflect\n|upkeep\n|turn|10\n|\n|t:|1698118521\n|switch|p1a: Alomomola|Alomomola, F|100\/100\n|move|p2a: Palafin|Wave Crash|p1a: Alomomola\n|-resisted|p1a: Alomomola\n|-damage|p1a: Alomomola|66\/100\n|-damage|p2a: Palafin|61\/100|[from] item: Rocky Helmet|[of] p1a: Alomomola\n|-damage|p2a: Palafin|45\/100|[from] Recoil\n|\n|upkeep\n|turn|11\n|\n|t:|1698118527\n|switch|p2a: Arceus|Arceus-Grass|73\/100\n|move|p1a: Alomomola|Wish|p1a: Alomomola\n|\n|upkeep\n|turn|12\n|\n|t:|1698118539\n|switch|p1a: Grimmsnarl|Grimmsnarl, M, shiny|68\/100\n|move|p2a: Arceus|Calm Mind|p2a: Arceus\n|-boost|p2a: Arceus|spa|1\n|-boost|p2a: Arceus|spd|1\n|\n|-heal|p1a: Grimmsnarl|100\/100|[from] move: Wish|[wisher] Alomomola\n|-fieldend|Misty Terrain\n|upkeep\n|turn|13\n|\n|t:|1698118552\n|move|p1a: Grimmsnarl|Light Screen|p1a: Grimmsnarl\n|-sidestart|p1: PinkScourge|move: Light Screen\n|move|p2a: Arceus|Judgment|p1a: Grimmsnarl\n|-crit|p1a: Grimmsnarl\n|-damage|p1a: Grimmsnarl|18\/100\n|\n|upkeep\n|turn|14\n|\n|t:|1698118558\n|move|p1a: Grimmsnarl|Parting Shot|p2a: Arceus\n|-unboost|p2a: Arceus|atk|1\n|-unboost|p2a: Arceus|spa|1\n|\n|t:|1698118565\n|switch|p1a: Arceus|Arceus-Fire|100\/100|[from] Parting Shot\n|move|p2a: Arceus|Judgment|p1a: Arceus\n|-resisted|p1a: Arceus\n|-crit|p1a: Arceus\n|-damage|p1a: Arceus|83\/100\n|\n|upkeep\n|turn|15\n|\n|t:|1698118573\n|move|p2a: Arceus|Earth Power|p1a: Arceus\n|-supereffective|p1a: Arceus\n|-damage|p1a: Arceus|72\/100\n|move|p1a: Arceus|Will-O-Wisp|p2a: Arceus\n|-status|p2a: Arceus|brn\n|\n|-damage|p2a: Arceus|67\/100 brn|[from] brn\n|upkeep\n|turn|16\n|\n|t:|1698118584\n|switch|p2a: Palafin|Palafin-Hero, F|45\/100\n|move|p1a: Arceus|Judgment|p2a: Palafin\n|-resisted|p2a: Palafin\n|-damage|p2a: Palafin|17\/100\n|\n|upkeep\n|turn|17\n|\n|t:|1698118589\n|switch|p1a: Alomomola|Alomomola, F|99\/100\n|move|p2a: Palafin|Jet Punch|p1a: Alomomola\n|-resisted|p1a: Alomomola\n|-damage|p1a: Alomomola|80\/100\n|-damage|p2a: Palafin|0 fnt|[from] item: Rocky Helmet|[of] p1a: Alomomola\n|faint|p2a: Palafin\n|\n|upkeep\n|\n|t:|1698118594\n|switch|p2a: Pelipper|Pelipper, F|100\/100\n|-weather|RainDance|[from] ability: Drizzle|[of] p2a: Pelipper\n|turn|18\n|\n|t:|1698118601\n|switch|p2a: Zapdos|Zapdos|100\/100\n|move|p1a: Alomomola|Wish|p1a: Alomomola\n|\n|-weather|RainDance|[upkeep]\n|upkeep\n|turn|19\n|\n|t:|1698118621\n|switch|p1a: Weezing|Weezing-Galar, M|84\/100\n|-fieldstart|move: Misty Terrain|[from] ability: Misty Surge|[of] p1a: Weezing\n|move|p2a: Zapdos|Thunder|p1a: Weezing\n|-damage|p1a: Weezing|45\/100\n|\n|-weather|RainDance|[upkeep]\n|-heal|p1a: Weezing|100\/100|[from] move: Wish|[wisher] Alomomola\n|upkeep\n|turn|20\n|\n|t:|1698118644\n|switch|p1a: Sylveon|Sylveon, F|98\/100\n|move|p2a: Zapdos|Thunder|p1a: Sylveon\n|-damage|p1a: Sylveon|81\/100\n|\n|-weather|RainDance|[upkeep]\n|-sideend|p1: PinkScourge|move: Light Screen\n|upkeep\n|turn|21\n|\n|t:|1698118653\n|move|p2a: Zapdos|Thunder|p1a: Sylveon\n|-damage|p1a: Sylveon|45\/100\n|move|p1a: Sylveon|Wish|p1a: Sylveon\n|\n|-weather|RainDance|[upkeep]\n|upkeep\n|turn|22\n|\n|t:|1698118664\n|switch|p2a: Palkia|Palkia-Origin|100\/100\n|-ability|p2a: Palkia|Pressure\n|move|p1a: Sylveon|Hyper Voice|p2a: Palkia\n|-supereffective|p2a: Palkia\n|-damage|p2a: Palkia|27\/100\n|\n|-weather|RainDance|[upkeep]\n|-heal|p1a: Sylveon|95\/100|[from] move: Wish|[wisher] Sylveon\n|upkeep\n|turn|23\n|\n|t:|1698118673\n|-terastallize|p2a: Palkia|Fairy\n|move|p1a: Sylveon|Protect|p1a: Sylveon\n|-singleturn|p1a: Sylveon|Protect\n|move|p2a: Palkia|Substitute|p2a: Palkia\n|-start|p2a: Palkia|Substitute\n|-damage|p2a: Palkia|2\/100\n|\n|-weather|RainDance|[upkeep]\n|-fieldend|Misty Terrain\n|upkeep\n|turn|24\n|\n|t:|1698118691\n|switch|p1a: Alomomola|Alomomola, F|100\/100\n|move|p2a: Palkia|Hydro Pump|p1a: Alomomola\n|-resisted|p1a: Alomomola\n|-crit|p1a: Alomomola\n|-damage|p1a: Alomomola|25\/100\n|\n|-weather|RainDance|[upkeep]\n|upkeep\n|turn|25\n|\n|t:|1698118698\n|move|p1a: Alomomola|Protect|p1a: Alomomola\n|-singleturn|p1a: Alomomola|Protect\n|move|p2a: Palkia|Spacial Rend|p1a: Alomomola\n|-activate|p1a: Alomomola|move: Protect\n|\n|-weather|none\n|upkeep\n|turn|26\n|\n|t:|1698118717\n|switch|p1a: Sylveon|Sylveon, F|95\/100\n|move|p2a: Palkia|Spacial Rend|p1a: Sylveon\n|-immune|p1a: Sylveon\n|\n|upkeep\n|turn|27\n|\n|t:|1698118725\n|move|p2a: Palkia|Hydro Pump|p1a: Sylveon|[miss]\n|-miss|p2a: Palkia|p1a: Sylveon\n|move|p1a: Sylveon|Wish|p1a: Sylveon\n|\n|upkeep\n|turn|28\n|\n|t:|1698118729\n|move|p2a: Palkia|Hydro Pump|p1a: Sylveon\n|-damage|p1a: Sylveon|45\/100\n|move|p1a: Sylveon|Hyper Voice|p2a: Palkia\n|-crit|p2a: Palkia\n|-damage|p2a: Palkia|0 fnt\n|faint|p2a: Palkia\n|\n|-heal|p1a: Sylveon|95\/100|[from] move: Wish|[wisher] Sylveon\n|upkeep\n|\n|t:|1698118735\n|switch|p2a: Pelipper|Pelipper, F|100\/100\n|-weather|RainDance|[from] ability: Drizzle|[of] p2a: Pelipper\n|turn|29\n|\n|t:|1698118742\n|move|p1a: Sylveon|Wish|p1a: Sylveon\n|move|p2a: Pelipper|Hurricane|p1a: Sylveon\n|-damage|p1a: Sylveon|75\/100\n|-start|p1a: Sylveon|confusion\n|\n|-weather|RainDance|[upkeep]\n|upkeep\n|turn|30\n|\n|t:|1698118749\n|switch|p2a: Arceus|Arceus-Grass|67\/100 brn\n|-activate|p1a: Sylveon|confusion\n|move|p1a: Sylveon|Hyper Voice|p2a: Arceus\n|-damage|p2a: Arceus|42\/100 brn\n|\n|-weather|RainDance|[upkeep]\n|-heal|p1a: Sylveon|100\/100|[from] move: Wish|[wisher] Sylveon\n|-damage|p2a: Arceus|36\/100 brn|[from] brn\n|upkeep\n|turn|31\n|\n|t:|1698118755\n|move|p2a: Arceus|Recover|p2a: Arceus\n|-heal|p2a: Arceus|86\/100 brn\n|-activate|p1a: Sylveon|confusion\n|-damage|p1a: Sylveon|96\/100|[from] confusion\n|\n|-weather|RainDance|[upkeep]\n|-damage|p2a: Arceus|80\/100 brn|[from] brn\n|upkeep\n|turn|32\n|\n|t:|1698118760\n|move|p2a: Arceus|Calm Mind|p2a: Arceus\n|-boost|p2a: Arceus|spa|1\n|-boost|p2a: Arceus|spd|1\n|-activate|p1a: Sylveon|confusion\n|move|p1a: Sylveon|Roar|p2a: Arceus\n|drag|p2a: Zacian|Zacian|100\/100\n|-ability|p2a: Zacian|Intrepid Sword|boost\n|-boost|p2a: Zacian|atk|1\n|\n|-weather|RainDance|[upkeep]\n|upkeep\n|turn|33\n|\n|t:|1698118769\n|switch|p1a: Weezing|Weezing-Galar, M|100\/100\n|-fieldstart|move: Misty Terrain|[from] ability: Misty Surge|[of] p1a: Weezing\n|move|p2a: Zacian|Play Rough|p1a: Weezing\n|-resisted|p1a: Weezing\n|-damage|p1a: Weezing|79\/100\n|\n|-weather|RainDance|[upkeep]\n|upkeep\n|turn|34\n|\n|t:|1698118780\n|switch|p2a: Zapdos|Zapdos|100\/100\n|move|p1a: Weezing|Haze|p1a: Weezing\n|-clearallboost\n|\n|-weather|RainDance|[upkeep]\n|upkeep\n|turn|35\n|\n|t:|1698118786\n|switch|p1a: Sylveon|Sylveon, F|96\/100\n|move|p2a: Zapdos|Thunder|p1a: Sylveon\n|-damage|p1a: Sylveon|62\/100\n|\n|-weather|RainDance|[upkeep]\n|upkeep\n|turn|36\n|\n|t:|1698118794\n|move|p2a: Zapdos|Thunder|p1a: Sylveon\n|-damage|p1a: Sylveon|31\/100\n|move|p1a: Sylveon|Wish|p1a: Sylveon\n|\n|-weather|none\n|upkeep\n|turn|37\n|\n|t:|1698118800\n|move|p1a: Sylveon|Protect|p1a: Sylveon\n|-singleturn|p1a: Sylveon|Protect\n|move|p2a: Zapdos|Hurricane|p1a: Sylveon\n|-activate|p1a: Sylveon|move: Protect\n|\n|-heal|p1a: Sylveon|81\/100|[from] move: Wish|[wisher] Sylveon\n|-fieldend|Misty Terrain\n|upkeep\n|turn|38\n|\n|t:|1698118810\n|switch|p1a: Arceus|Arceus-Fire|72\/100\n|move|p2a: Zapdos|Hurricane|p1a: Arceus\n|-damage|p1a: Arceus|47\/100\n|\n|upkeep\n|turn|39\n|\n|t:|1698118834\n|switch|p2a: Pelipper|Pelipper, F|100\/100\n|-weather|RainDance|[from] ability: Drizzle|[of] p2a: Pelipper\n|move|p1a: Arceus|Recover|p1a: Arceus\n|-heal|p1a: Arceus|97\/100\n|\n|-weather|RainDance|[upkeep]\n|upkeep\n|turn|40\n|\n|t:|1698118846\n|switch|p1a: Weezing|Weezing-Galar, M|79\/100\n|-fieldstart|move: Misty Terrain|[from] ability: Misty Surge|[of] p1a: Weezing\n|move|p2a: Pelipper|U-turn|p1a: Weezing\n|-resisted|p1a: Weezing\n|-damage|p1a: Weezing|77\/100\n|\n|t:|1698118852\n|switch|p2a: Zapdos|Zapdos|100\/100|[from] U-turn\n|\n|-weather|RainDance|[upkeep]\n|upkeep\n|turn|41\n|\n|t:|1698118857\n|switch|p1a: Arceus|Arceus-Fire|97\/100\n|move|p2a: Zapdos|Thunder|p1a: Arceus\n|-damage|p1a: Arceus|70\/100\n|\n|-weather|RainDance|[upkeep]\n|upkeep\n|turn|42\n|\n|t:|1698118863\n|move|p2a: Zapdos|Weather Ball|p1a: Arceus\n|-supereffective|p1a: Arceus\n|-damage|p1a: Arceus|21\/100\n|move|p1a: Arceus|Judgment|p2a: Zapdos\n|-damage|p2a: Zapdos|72\/100\n|\n|-weather|RainDance|[upkeep]\n|upkeep\n|turn|43\n|\n|t:|1698118873\n|switch|p1a: Sylveon|Sylveon, F|81\/100\n|move|p2a: Zapdos|Thunder|p1a: Sylveon\n|-damage|p1a: Sylveon|48\/100\n|\n|-weather|RainDance|[upkeep]\n|upkeep\n|turn|44\n|\n|t:|1698118885\n|move|p2a: Zapdos|Thunder|p1a: Sylveon\n|-damage|p1a: Sylveon|14\/100\n|move|p1a: Sylveon|Wish|p1a: Sylveon\n|\n|-weather|RainDance|[upkeep]\n|-fieldend|Misty Terrain\n|upkeep\n|turn|45\n|\n|t:|1698118892\n|move|p1a: Sylveon|Protect|p1a: Sylveon\n|-singleturn|p1a: Sylveon|Protect\n|move|p2a: Zapdos|Hurricane|p1a: Sylveon\n|-activate|p1a: Sylveon|move: Protect\n|\n|-weather|RainDance|[upkeep]\n|-heal|p1a: Sylveon|64\/100|[from] move: Wish|[wisher] Sylveon\n|upkeep\n|turn|46\n|\n|t:|1698118903\n|move|p2a: Zapdos|Thunder|p1a: Sylveon\n|-damage|p1a: Sylveon|28\/100\n|move|p1a: Sylveon|Wish|p1a: Sylveon\n|\n|-weather|none\n|upkeep\n|turn|47\n|\n|t:|1698118908\n|move|p1a: Sylveon|Protect|p1a: Sylveon\n|-singleturn|p1a: Sylveon|Protect\n|move|p2a: Zapdos|Hurricane|p1a: Sylveon\n|-activate|p1a: Sylveon|move: Protect\n|\n|-heal|p1a: Sylveon|78\/100|[from] move: Wish|[wisher] Sylveon\n|upkeep\n|turn|48\n|\n|t:|1698118911\n|move|p2a: Zapdos|Hurricane|p1a: Sylveon\n|-damage|p1a: Sylveon|46\/100\n|move|p1a: Sylveon|Wish|p1a: Sylveon\n|\n|upkeep\n|turn|49\n|\n|t:|1698118918\n|switch|p2a: Arceus|Arceus-Grass|80\/100 brn\n|move|p1a: Sylveon|Hyper Voice|p2a: Arceus\n|-damage|p2a: Arceus|52\/100 brn\n|\n|-heal|p1a: Sylveon|96\/100|[from] move: Wish|[wisher] Sylveon\n|-damage|p2a: Arceus|46\/100 brn|[from] brn\n|upkeep\n|turn|50\n|\n|t:|1698118925\n|move|p2a: Arceus|Calm Mind|p2a: Arceus\n|-boost|p2a: Arceus|spa|1\n|-boost|p2a: Arceus|spd|1\n|move|p1a: Sylveon|Wish|p1a: Sylveon\n|\n|-damage|p2a: Arceus|39\/100 brn|[from] brn\n|upkeep\n|turn|51\n|\n|t:|1698118930\n|move|p2a: Arceus|Recover|p2a: Arceus\n|-heal|p2a: Arceus|89\/100 brn\n|move|p1a: Sylveon|Roar|p2a: Arceus\n|drag|p2a: Zapdos|Zapdos|72\/100\n|\n|-heal|p1a: Sylveon|100\/100|[from] move: Wish|[wisher] Sylveon\n|upkeep\n|turn|52\n|\n|t:|1698118935\n|move|p2a: Zapdos|Roost|p2a: Zapdos\n|-heal|p2a: Zapdos|100\/100\n|-singleturn|p2a: Zapdos|move: Roost\n|move|p1a: Sylveon|Hyper Voice|p2a: Zapdos\n|-damage|p2a: Zapdos|52\/100\n|\n|upkeep\n|turn|53\n|\n|t:|1698118952\n|switch|p2a: Pelipper|Pelipper, F|100\/100\n|-weather|RainDance|[from] ability: Drizzle|[of] p2a: Pelipper\n|move|p1a: Sylveon|Wish|p1a: Sylveon\n|\n|-weather|RainDance|[upkeep]\n|upkeep\n|turn|54\n|\n|t:|1698118963\n|switch|p1a: Weezing|Weezing-Galar, M|77\/100\n|-fieldstart|move: Misty Terrain|[from] ability: Misty Surge|[of] p1a: Weezing\n|switch|p2a: Arceus|Arceus-Grass|89\/100 brn\n|\n|-weather|RainDance|[upkeep]\n|-heal|p1a: Weezing|100\/100|[from] move: Wish|[wisher] Sylveon\n|-damage|p2a: Arceus|83\/100 brn|[from] brn\n|upkeep\n|turn|55\n|\n|t:|1698118976\n|switch|p1a: Sylveon|Sylveon, F|100\/100\n|move|p2a: Arceus|Earth Power|p1a: Sylveon\n|-damage|p1a: Sylveon|87\/100\n|\n|-weather|RainDance|[upkeep]\n|-damage|p2a: Arceus|77\/100 brn|[from] brn\n|upkeep\n|turn|56\n|\n|t:|1698118983\n|move|p2a: Arceus|Judgment|p1a: Sylveon\n|-damage|p1a: Sylveon|59\/100\n|move|p1a: Sylveon|Hyper Voice|p2a: Arceus\n|-damage|p2a: Arceus|50\/100 brn\n|\n|-weather|RainDance|[upkeep]\n|-damage|p2a: Arceus|44\/100 brn|[from] brn\n|upkeep\n|turn|57\n|\n|t:|1698118988\n|move|p2a: Arceus|Calm Mind|p2a: Arceus\n|-boost|p2a: Arceus|spa|1\n|-boost|p2a: Arceus|spd|1\n|move|p1a: Sylveon|Wish|p1a: Sylveon\n|\n|-weather|RainDance|[upkeep]\n|-damage|p2a: Arceus|38\/100 brn|[from] brn\n|upkeep\n|turn|58\n|\n|t:|1698118994\n|move|p2a: Arceus|Calm Mind|p2a: Arceus\n|-boost|p2a: Arceus|spa|1\n|-boost|p2a: Arceus|spd|1\n|move|p1a: Sylveon|Roar|p2a: Arceus\n|drag|p2a: Zacian|Zacian|100\/100\n|\n|-weather|RainDance|[upkeep]\n|-heal|p1a: Sylveon|100\/100|[from] move: Wish|[wisher] Sylveon\n|-fieldend|Misty Terrain\n|upkeep\n|turn|59\n|\n|t:|1698119001\n|switch|p1a: Weezing|Weezing-Galar, M|100\/100\n|-fieldstart|move: Misty Terrain|[from] ability: Misty Surge|[of] p1a: Weezing\n|move|p2a: Zacian|Play Rough|p1a: Weezing\n|-resisted|p1a: Weezing\n|-damage|p1a: Weezing|86\/100\n|\n|-weather|RainDance|[upkeep]\n|upkeep\n|turn|60\n|inactive|Nitro524 has 270 seconds left.\n|\n|t:|1698119043\n|move|p2a: Zacian|Crunch|p1a: Weezing\n|-resisted|p1a: Weezing\n|-damage|p1a: Weezing|77\/100\n|-unboost|p1a: Weezing|def|1\n|move|p1a: Weezing|Strange Steam|p2a: Zacian\n|-damage|p2a: Zacian|75\/100\n|\n|-weather|none\n|upkeep\n|turn|61\n|\n|t:|1698119053\n|move|p2a: Zacian|Play Rough|p1a: Weezing|[miss]\n|-miss|p2a: Zacian|p1a: Weezing\n|move|p1a: Weezing|Strange Steam|p2a: Zacian\n|-damage|p2a: Zacian|48\/100\n|\n|upkeep\n|turn|62\n|inactive|Nitro524 has 270 seconds left.\n|\n|t:|1698119065\n|switch|p2a: Pelipper|Pelipper, F|100\/100\n|-weather|RainDance|[from] ability: Drizzle|[of] p2a: Pelipper\n|move|p1a: Weezing|Haze|p1a: Weezing\n|-clearallboost\n|\n|-weather|RainDance|[upkeep]\n|upkeep\n|turn|63\n|\n|t:|1698119069\n|switch|p1a: Alomomola|Alomomola, F|59\/100\n|move|p2a: Pelipper|Hurricane|p1a: Alomomola\n|-damage|p1a: Alomomola|24\/100\n|\n|-weather|RainDance|[upkeep]\n|-fieldend|Misty Terrain\n|upkeep\n|turn|64\n|\n|t:|1698119078\n|switch|p1a: Weezing|Weezing-Galar, M|77\/100\n|-fieldstart|move: Misty Terrain|[from] ability: Misty Surge|[of] p1a: Weezing\n|move|p2a: Pelipper|Hurricane|p1a: Weezing\n|-damage|p1a: Weezing|28\/100\n|\n|-weather|RainDance|[upkeep]\n|upkeep\n|turn|65\n|\n|t:|1698119089\n|switch|p1a: Sylveon|Sylveon, F|100\/100\n|move|p2a: Pelipper|Hurricane|p1a: Sylveon\n|-damage|p1a: Sylveon|77\/100\n|\n|-weather|RainDance|[upkeep]\n|upkeep\n|turn|66\n|\n|t:|1698119098\n|move|p1a: Sylveon|Wish|p1a: Sylveon\n|move|p2a: Pelipper|Hurricane|p1a: Sylveon\n|-damage|p1a: Sylveon|57\/100\n|\n|-weather|RainDance|[upkeep]\n|upkeep\n|turn|67\n|\n|t:|1698119103\n|switch|p2a: Arceus|Arceus-Grass|38\/100 brn\n|move|p1a: Sylveon|Hyper Voice|p2a: Arceus\n|-damage|p2a: Arceus|13\/100 brn\n|\n|-weather|RainDance|[upkeep]\n|-heal|p1a: Sylveon|100\/100|[from] move: Wish|[wisher] Sylveon\n|-damage|p2a: Arceus|7\/100 brn|[from] brn\n|upkeep\n|turn|68\n|\n|t:|1698119118\n|move|p2a: Arceus|Recover|p2a: Arceus\n|-heal|p2a: Arceus|57\/100 brn\n|move|p1a: Sylveon|Hyper Voice|p2a: Arceus\n|-damage|p2a: Arceus|31\/100 brn\n|\n|-weather|RainDance|[upkeep]\n|-damage|p2a: Arceus|25\/100 brn|[from] brn\n|-fieldend|Misty Terrain\n|upkeep\n|turn|69\n|\n|t:|1698119142\n|move|p2a: Arceus|Recover|p2a: Arceus\n|-heal|p2a: Arceus|75\/100 brn\n|move|p1a: Sylveon|Hyper Voice|p2a: Arceus\n|-damage|p2a: Arceus|48\/100 brn\n|\n|-weather|none\n|-damage|p2a: Arceus|42\/100 brn|[from] brn\n|upkeep\n|turn|70\n|\n|t:|1698119149\n|switch|p1a: Alomomola|Alomomola, F|57\/100\n|move|p2a: Arceus|Recover|p2a: Arceus\n|-heal|p2a: Arceus|92\/100 brn\n|\n|-damage|p2a: Arceus|86\/100 brn|[from] brn\n|upkeep\n|turn|71\n|\n|t:|1698119158\n|switch|p1a: Sylveon|Sylveon, F|100\/100\n|move|p2a: Arceus|Judgment|p1a: Sylveon\n|-damage|p1a: Sylveon|73\/100\n|\n|-damage|p2a: Arceus|80\/100 brn|[from] brn\n|upkeep\n|turn|72\n|\n|t:|1698119164\n|move|p2a: Arceus|Calm Mind|p2a: Arceus\n|-boost|p2a: Arceus|spa|1\n|-boost|p2a: Arceus|spd|1\n|move|p1a: Sylveon|Wish|p1a: Sylveon\n|\n|-damage|p2a: Arceus|74\/100 brn|[from] brn\n|upkeep\n|turn|73\n|\n|t:|1698119166\n|move|p2a: Arceus|Judgment|p1a: Sylveon\n|-damage|p1a: Sylveon|30\/100\n|move|p1a: Sylveon|Roar|p2a: Arceus\n|drag|p2a: Zacian|Zacian|48\/100\n|\n|-heal|p1a: Sylveon|80\/100|[from] move: Wish|[wisher] Sylveon\n|upkeep\n|turn|74\n|\n|t:|1698119174\n|switch|p1a: Alomomola|Alomomola, F|90\/100\n|move|p2a: Zacian|Play Rough|p1a: Alomomola|[miss]\n|-miss|p2a: Zacian|p1a: Alomomola\n|\n|upkeep\n|turn|75\n|\n|t:|1698119179\n|move|p2a: Zacian|Close Combat|p1a: Alomomola\n|-damage|p1a: Alomomola|66\/100\n|-unboost|p2a: Zacian|def|1\n|-unboost|p2a: Zacian|spd|1\n|-damage|p2a: Zacian|31\/100|[from] item: Rocky Helmet|[of] p1a: Alomomola\n|move|p1a: Alomomola|Wish|p1a: Alomomola\n|\n|upkeep\n|turn|76\n|\n|t:|1698119183\n|move|p2a: Zacian|Trailblaze|p1a: Alomomola\n|-supereffective|p1a: Alomomola\n|-damage|p1a: Alomomola|48\/100\n|-boost|p2a: Zacian|spe|1\n|-damage|p2a: Zacian|14\/100|[from] item: Rocky Helmet|[of] p1a: Alomomola\n|move|p1a: Alomomola|Flip Turn|p2a: Zacian\n|-damage|p2a: Zacian|0 fnt\n|faint|p2a: Zacian\n|\n|t:|1698119197\n|switch|p1a: Arceus|Arceus-Fire|21\/100|[from] Flip Turn\n|\n|-heal|p1a: Arceus|75\/100|[from] move: Wish|[wisher] Alomomola\n|upkeep\n|\n|t:|1698119215\n|switch|p2a: Pelipper|Pelipper, F|100\/100\n|-weather|RainDance|[from] ability: Drizzle|[of] p2a: Pelipper\n|turn|77\n|\n|t:|1698119220\n|switch|p1a: Alomomola|Alomomola, F|81\/100\n|move|p2a: Pelipper|Hurricane|p1a: Alomomola\n|-damage|p1a: Alomomola|48\/100\n|\n|-weather|RainDance|[upkeep]\n|upkeep\n|turn|78\n|\n|t:|1698119227\n|move|p2a: Pelipper|Knock Off|p1a: Alomomola\n|-damage|p1a: Alomomola|39\/100\n|-damage|p2a: Pelipper|84\/100|[from] item: Rocky Helmet|[of] p1a: Alomomola\n|-enditem|p1a: Alomomola|Rocky Helmet|[from] move: Knock Off|[of] p2a: Pelipper\n|move|p1a: Alomomola|Wish|p1a: Alomomola\n|\n|-weather|RainDance|[upkeep]\n|upkeep\n|turn|79\n|\n|t:|1698119246\n|move|p1a: Alomomola|Protect|p1a: Alomomola\n|-singleturn|p1a: Alomomola|Protect\n|move|p2a: Pelipper|Hurricane|p1a: Alomomola\n|-activate|p1a: Alomomola|move: Protect\n|\n|-weather|RainDance|[upkeep]\n|-heal|p1a: Alomomola|89\/100|[from] move: Wish|[wisher] Alomomola\n|upkeep\n|turn|80\n|\n|t:|1698119249\n|move|p1a: Alomomola|Wish|p1a: Alomomola\n|move|p2a: Pelipper|Hurricane|p1a: Alomomola\n|-damage|p1a: Alomomola|57\/100\n|\n|-weather|RainDance|[upkeep]\n|upkeep\n|turn|81\n|\n|t:|1698119254\n|move|p1a: Alomomola|Flip Turn|p2a: Pelipper\n|-resisted|p2a: Pelipper\n|-damage|p2a: Pelipper|70\/100\n|\n|t:|1698119261\n|switch|p1a: Sylveon|Sylveon, F|80\/100|[from] Flip Turn\n|move|p2a: Pelipper|Hurricane|p1a: Sylveon\n|-damage|p1a: Sylveon|58\/100\n|\n|-weather|RainDance|[upkeep]\n|-heal|p1a: Sylveon|100\/100|[from] move: Wish|[wisher] Alomomola\n|upkeep\n|turn|82\n|\n|t:|1698119270\n|move|p1a: Sylveon|Protect|p1a: Sylveon\n|-singleturn|p1a: Sylveon|Protect\n|move|p2a: Pelipper|Hurricane|p1a: Sylveon\n|-activate|p1a: Sylveon|move: Protect\n|\n|-weather|RainDance|[upkeep]\n|upkeep\n|turn|83\n|\n|t:|1698119274\n|switch|p1a: Alomomola|Alomomola, F|90\/100\n|move|p2a: Pelipper|Hurricane|p1a: Alomomola\n|-damage|p1a: Alomomola|58\/100\n|-start|p1a: Alomomola|confusion\n|\n|-weather|RainDance|[upkeep]\n|upkeep\n|turn|84\n|\n|t:|1698119281\n|move|p2a: Pelipper|Hurricane|p1a: Alomomola\n|-damage|p1a: Alomomola|29\/100\n|-activate|p1a: Alomomola|confusion\n|move|p1a: Alomomola|Wish|p1a: Alomomola\n|\n|-weather|none\n|upkeep\n|turn|85\n|\n|t:|1698119289\n|switch|p1a: Weezing|Weezing-Galar, M|28\/100\n|-fieldstart|move: Misty Terrain|[from] ability: Misty Surge|[of] p1a: Weezing\n|switch|p2a: Zapdos|Zapdos|52\/100\n|\n|-heal|p1a: Weezing|99\/100|[from] move: Wish|[wisher] Alomomola\n|upkeep\n|turn|86\n|\n|t:|1698119300\n|switch|p1a: Arceus|Arceus-Fire|75\/100\n|move|p2a: Zapdos|Roost|p2a: Zapdos\n|-heal|p2a: Zapdos|100\/100\n|-singleturn|p2a: Zapdos|move: Roost\n|\n|upkeep\n|turn|87\n|\n|t:|1698119304\n|switch|p2a: Pelipper|Pelipper, F|70\/100\n|-weather|RainDance|[from] ability: Drizzle|[of] p2a: Pelipper\n|move|p1a: Arceus|Will-O-Wisp|p2a: Pelipper\n|-status|p2a: Pelipper|brn\n|\n|-weather|RainDance|[upkeep]\n|-damage|p2a: Pelipper|64\/100 brn|[from] brn\n|upkeep\n|turn|88\n|\n|t:|1698119313\n|switch|p1a: Alomomola|Alomomola, F|62\/100\n|switch|p2a: Zapdos|Zapdos|100\/100\n|\n|-weather|RainDance|[upkeep]\n|upkeep\n|turn|89\n|\n|t:|1698119319\n|move|p1a: Alomomola|Protect|p1a: Alomomola\n|-singleturn|p1a: Alomomola|Protect\n|move|p2a: Zapdos|Thunder|p1a: Alomomola\n|-activate|p1a: Alomomola|move: Protect\n|\n|-weather|RainDance|[upkeep]\n|-fieldend|Misty Terrain\n|upkeep\n|turn|90\n|\n|t:|1698119327\n|switch|p1a: Sylveon|Sylveon, F|100\/100\n|move|p2a: Zapdos|Thunder|p1a: Sylveon\n|-damage|p1a: Sylveon|65\/100\n|\n|-weather|RainDance|[upkeep]\n|upkeep\n|turn|91\n|\n|t:|1698119335\n|move|p1a: Sylveon|Protect|p1a: Sylveon\n|-singleturn|p1a: Sylveon|Protect\n|move|p2a: Zapdos|Hurricane|p1a: Sylveon\n|-activate|p1a: Sylveon|move: Protect\n|\n|-weather|RainDance|[upkeep]\n|upkeep\n|turn|92\n|\n|t:|1698119339\n|move|p2a: Zapdos|Hurricane|p1a: Sylveon\n|-damage|p1a: Sylveon|33\/100\n|-start|p1a: Sylveon|confusion\n|-activate|p1a: Sylveon|confusion\n|-damage|p1a: Sylveon|28\/100|[from] confusion\n|\n|-weather|RainDance|[upkeep]\n|upkeep\n|turn|93\n|\n|t:|1698119356\n|switch|p1a: Weezing|Weezing-Galar, M|99\/100\n|-fieldstart|move: Misty Terrain|[from] ability: Misty Surge|[of] p1a: Weezing\n|move|p2a: Zapdos|Hurricane|p1a: Weezing\n|-damage|p1a: Weezing|27\/100\n|\n|-weather|RainDance|[upkeep]\n|upkeep\n|turn|94\n|\n|t:|1698119364\n|switch|p1a: Arceus|Arceus-Fire|75\/100\n|move|p2a: Zapdos|Weather Ball|p1a: Arceus\n|-supereffective|p1a: Arceus\n|-damage|p1a: Arceus|27\/100\n|\n|-weather|none\n|upkeep\n|turn|95\n|\n|t:|1698119373\n|move|p2a: Zapdos|Hurricane|p1a: Arceus\n|-damage|p1a: Arceus|0 fnt\n|faint|p1a: Arceus\n|\n|upkeep\n|c|\u2606Nitro524|i got one!\n|\n|t:|1698119383\n|switch|p1a: Zamazenta|Zamazenta-Crowned|100\/100\n|-ability|p1a: Zamazenta|Dauntless Shield|boost\n|-boost|p1a: Zamazenta|def|1\n|turn|96\n|\n|t:|1698119391\n|switch|p2a: Pelipper|Pelipper, F|64\/100 brn\n|-weather|RainDance|[from] ability: Drizzle|[of] p2a: Pelipper\n|move|p1a: Zamazenta|Iron Defense|p1a: Zamazenta\n|-boost|p1a: Zamazenta|def|2\n|\n|-weather|RainDance|[upkeep]\n|-damage|p2a: Pelipper|58\/100 brn|[from] brn\n|upkeep\n|turn|97\n|\n|t:|1698119398\n|move|p1a: Zamazenta|Body Press|p2a: Pelipper\n|-resisted|p2a: Pelipper\n|-damage|p2a: Pelipper|1\/100 brn\n|move|p2a: Pelipper|Hurricane|p1a: Zamazenta\n|-damage|p1a: Zamazenta|72\/100\n|\n|-weather|RainDance|[upkeep]\n|-damage|p2a: Pelipper|0 fnt|[from] brn\n|faint|p2a: Pelipper\n|-fieldend|Misty Terrain\n|upkeep\n|\n|t:|1698119410\n|switch|p2a: Arceus|Arceus-Grass|74\/100 brn\n|turn|98\n|\n|t:|1698119418\n|move|p1a: Zamazenta|Body Press|p2a: Arceus\n|-damage|p2a: Arceus|7\/100 brn\n|move|p2a: Arceus|Earth Power|p1a: Zamazenta\n|-supereffective|p1a: Zamazenta\n|-damage|p1a: Zamazenta|37\/100\n|\n|-weather|RainDance|[upkeep]\n|-damage|p2a: Arceus|0 fnt|[from] brn\n|faint|p2a: Arceus\n|upkeep\n|\n|t:|1698119422\n|switch|p2a: Zapdos|Zapdos|100\/100\n|turn|99\n|\n|t:|1698119431\n|move|p1a: Zamazenta|Body Press|p2a: Zapdos\n|-resisted|p2a: Zapdos\n|-damage|p2a: Zapdos|36\/100\n|move|p2a: Zapdos|Thunder|p1a: Zamazenta\n|-damage|p1a: Zamazenta|0 fnt\n|faint|p1a: Zamazenta\n|\n|-weather|RainDance|[upkeep]\n|upkeep\n|\n|t:|1698119438\n|switch|p1a: Grimmsnarl|Grimmsnarl, M, shiny|18\/100\n|turn|100\n|\n|t:|1698119442\n|move|p1a: Grimmsnarl|Parting Shot|p2a: Zapdos\n|-unboost|p2a: Zapdos|atk|1\n|-unboost|p2a: Zapdos|spa|1\n|\n|t:|1698119454\n|switch|p1a: Weezing|Weezing-Galar, M|27\/100|[from] Parting Shot\n|-fieldstart|move: Misty Terrain|[from] ability: Misty Surge|[of] p1a: Weezing\n|move|p2a: Zapdos|Roost|p2a: Zapdos\n|-heal|p2a: Zapdos|86\/100\n|-singleturn|p2a: Zapdos|move: Roost\n|\n|-weather|RainDance|[upkeep]\n|upkeep\n|turn|101\n|\n|t:|1698119468\n|switch|p1a: Grimmsnarl|Grimmsnarl, M, shiny|18\/100\n|move|p2a: Zapdos|Hurricane|p1a: Grimmsnarl\n|-damage|p1a: Grimmsnarl|0 fnt\n|faint|p1a: Grimmsnarl\n|\n|-weather|RainDance|[upkeep]\n|upkeep\n|\n|t:|1698119472\n|switch|p1a: Alomomola|Alomomola, F|95\/100\n|turn|102\n|\n|t:|1698119474\n|-terastallize|p1a: Alomomola|Dragon\n|move|p2a: Zapdos|Hurricane|p1a: Alomomola\n|-damage|p1a: Alomomola|63\/100\n|move|p1a: Alomomola|Wish|p1a: Alomomola\n|\n|-weather|RainDance|[upkeep]\n|upkeep\n|turn|103\n|c|\u2606PinkScourge|GG\n|c|\u2606Nitro524|gg\n|\n|t:|1698119485\n|move|p2a: Zapdos|Hurricane|p1a: Alomomola\n|-damage|p1a: Alomomola|33\/100\n|move|p1a: Alomomola|Flip Turn|p2a: Zapdos\n|-damage|p2a: Zapdos|58\/100\n|\n|t:|1698119490\n|switch|p1a: Sylveon|Sylveon, F|28\/100|[from] Flip Turn\n|\n|-weather|none\n|-heal|p1a: Sylveon|89\/100|[from] move: Wish|[wisher] Alomomola\n|upkeep\n|turn|104\n|c|\u2606PinkScourge|Zama was useless lol\n|\n|t:|1698119498\n|move|p2a: Zapdos|Weather Ball|p1a: Sylveon\n|-damage|p1a: Sylveon|82\/100\n|move|p1a: Sylveon|Wish|p1a: Sylveon\n|\n|-fieldend|Misty Terrain\n|upkeep\n|turn|105\n|\n|t:|1698119504\n|switch|p1a: Alomomola|Alomomola, F, tera:Dragon|66\/100\n|move|p2a: Zapdos|Hurricane|p1a: Alomomola\n|-damage|p1a: Alomomola|36\/100\n|-start|p1a: Alomomola|confusion\n|\n|-heal|p1a: Alomomola|77\/100|[from] move: Wish|[wisher] Sylveon\n|upkeep\n|turn|106\n|c|\u2606PinkScourge|Most of the fight\n|\n|t:|1698119519\n|move|p2a: Zapdos|Roost|p2a: Zapdos\n|-heal|p2a: Zapdos|100\/100\n|-singleturn|p2a: Zapdos|move: Roost\n|-activate|p1a: Alomomola|confusion\n|move|p1a: Alomomola|Wish|p1a: Alomomola\n|\n|upkeep\n|turn|107\n|\n|t:|1698119529\n|move|p2a: Zapdos|Hurricane|p1a: Alomomola|[miss]\n|-miss|p2a: Zapdos|p1a: Alomomola\n|-end|p1a: Alomomola|confusion\n|move|p1a: Alomomola|Flip Turn|p2a: Zapdos\n|-damage|p2a: Zapdos|81\/100\n|-status|p1a: Alomomola|par|[from] ability: Static|[of] p2a: Zapdos\n|\n|t:|1698119534\n|switch|p1a: Weezing|Weezing-Galar, M|27\/100|[from] Flip Turn\n|-fieldstart|move: Misty Terrain|[from] ability: Misty Surge|[of] p1a: Weezing\n|\n|-heal|p1a: Weezing|99\/100|[from] move: Wish|[wisher] Alomomola\n|upkeep\n|turn|108\n|\n|t:|1698119543\n|switch|p1a: Alomomola|Alomomola, F, tera:Dragon|100\/100 par\n|move|p2a: Zapdos|Thunder|p1a: Alomomola\n|-resisted|p1a: Alomomola\n|-damage|p1a: Alomomola|83\/100 par\n|\n|upkeep\n|turn|109\n|\n|t:|1698119548\n|move|p2a: Zapdos|Hurricane|p1a: Alomomola\n|-damage|p1a: Alomomola|52\/100 par\n|move|p1a: Alomomola|Wish|p1a: Alomomola\n|\n|upkeep\n|turn|110\n|\n|t:|1698119552\n|move|p2a: Zapdos|Hurricane|p1a: Alomomola\n|-damage|p1a: Alomomola|20\/100 par\n|cant|p1a: Alomomola|par\n|\n|-heal|p1a: Alomomola|70\/100 par|[from] move: Wish|[wisher] Alomomola\n|upkeep\n|turn|111\n|\n|t:|1698119558\n|move|p2a: Zapdos|Thunder|p1a: Alomomola\n|-resisted|p1a: Alomomola\n|-damage|p1a: Alomomola|53\/100 par\n|cant|p1a: Alomomola|par\n|\n|-fieldend|Misty Terrain\n|upkeep\n|turn|112\n|\n|t:|1698119564\n|move|p2a: Zapdos|Weather Ball|p1a: Alomomola\n|-crit|p1a: Alomomola\n|-damage|p1a: Alomomola|33\/100 par\n|move|p1a: Alomomola|Mirror Coat|p2a: Zapdos\n|-damage|p2a: Zapdos|18\/100\n|\n|upkeep\n|turn|113\n|\n|t:|1698119571\n|switch|p1a: Sylveon|Sylveon, F|82\/100\n|move|p2a: Zapdos|Roost|p2a: Zapdos\n|-heal|p2a: Zapdos|68\/100\n|-singleturn|p2a: Zapdos|move: Roost\n|\n|upkeep\n|turn|114\n|\n|t:|1698119577\n|move|p1a: Sylveon|Protect|p1a: Sylveon\n|-singleturn|p1a: Sylveon|Protect\n|move|p2a: Zapdos|Thunder|p1a: Sylveon\n|-activate|p1a: Sylveon|move: Protect\n|\n|upkeep\n|turn|115\n|\n|t:|1698119580\n|switch|p1a: Weezing|Weezing-Galar, M|99\/100\n|-fieldstart|move: Misty Terrain|[from] ability: Misty Surge|[of] p1a: Weezing\n|move|p2a: Zapdos|Thunder|p1a: Weezing\n|-damage|p1a: Weezing|50\/100\n|\n|upkeep\n|turn|116\n|\n|t:|1698119584\n|switch|p1a: Alomomola|Alomomola, F, tera:Dragon|66\/100 par\n|move|p2a: Zapdos|Weather Ball|p1a: Alomomola\n|-damage|p1a: Alomomola|55\/100 par\n|\n|upkeep\n|turn|117\n|\n|t:|1698119591\n|move|p2a: Zapdos|Weather Ball|p1a: Alomomola\n|-damage|p1a: Alomomola|45\/100 par\n|move|p1a: Alomomola|Wish|p1a: Alomomola\n|\n|upkeep\n|turn|118\n|c|\u2606Nitro524|you underestimated my stubbornness when you decided to play stall against me\n|\n|t:|1698119601\n|move|p2a: Zapdos|Weather Ball|p1a: Alomomola\n|-damage|p1a: Alomomola|34\/100 par\n|move|p1a: Alomomola|Mirror Coat|p2a: Zapdos\n|-damage|p2a: Zapdos|36\/100\n|\n|-heal|p1a: Alomomola|84\/100 par|[from] move: Wish|[wisher] Alomomola\n|upkeep\n|turn|119\n|\n|t:|1698119608\n|move|p2a: Zapdos|Roost|p2a: Zapdos\n|-heal|p2a: Zapdos|86\/100\n|-singleturn|p2a: Zapdos|move: Roost\n|cant|p1a: Alomomola|par\n|\n|-fieldend|Misty Terrain\n|upkeep\n|turn|120\n|\n|t:|1698119613\n|move|p2a: Zapdos|Weather Ball|p1a: Alomomola\n|-damage|p1a: Alomomola|73\/100 par\n|move|p1a: Alomomola|Wish|p1a: Alomomola\n|\n|upkeep\n|turn|121\n|\n|t:|1698119617\n|move|p2a: Zapdos|Weather Ball|p1a: Alomomola\n|-crit|p1a: Alomomola\n|-damage|p1a: Alomomola|52\/100 par\n|move|p1a: Alomomola|Mirror Coat|p2a: Zapdos\n|-damage|p2a: Zapdos|23\/100\n|\n|-heal|p1a: Alomomola|100\/100 par|[from] move: Wish|[wisher] Alomomola\n|upkeep\n|turn|122\n|\n|t:|1698119623\n|move|p2a: Zapdos|Roost|p2a: Zapdos\n|-heal|p2a: Zapdos|73\/100\n|-singleturn|p2a: Zapdos|move: Roost\n|move|p1a: Alomomola|Wish|p1a: Alomomola\n|\n|upkeep\n|turn|123\n|\n|t:|1698119628\n|move|p2a: Zapdos|Weather Ball|p1a: Alomomola\n|-damage|p1a: Alomomola|91\/100 par\n|move|p1a: Alomomola|Flip Turn|p2a: Zapdos\n|-damage|p2a: Zapdos|55\/100\n|\n|t:|1698119633\n|switch|p1a: Weezing|Weezing-Galar, M|50\/100|[from] Flip Turn\n|-fieldstart|move: Misty Terrain|[from] ability: Misty Surge|[of] p1a: Weezing\n|\n|-heal|p1a: Weezing|100\/100|[from] move: Wish|[wisher] Alomomola\n|upkeep\n|turn|124\n|\n|t:|1698119637\n|move|p2a: Zapdos|Roost|p2a: Zapdos\n|-heal|p2a: Zapdos|100\/100\n|-singleturn|p2a: Zapdos|move: Roost\n|move|p1a: Weezing|Strange Steam|p2a: Zapdos|[miss]\n|-miss|p1a: Weezing|p2a: Zapdos\n|\n|upkeep\n|turn|125\n|\n|t:|1698119639\n|move|p2a: Zapdos|Weather Ball|p1a: Weezing\n|-damage|p1a: Weezing|84\/100\n|move|p1a: Weezing|Strange Steam|p2a: Zapdos\n|-damage|p2a: Zapdos|71\/100\n|\n|upkeep\n|turn|126\n|\n|t:|1698119642\n|move|p2a: Zapdos|Weather Ball|p1a: Weezing\n|-damage|p1a: Weezing|68\/100\n|move|p1a: Weezing|Strange Steam|p2a: Zapdos\n|-crit|p2a: Zapdos\n|-damage|p2a: Zapdos|26\/100\n|-start|p2a: Zapdos|confusion\n|\n|upkeep\n|turn|127\n|\n|t:|1698119645\n|-activate|p2a: Zapdos|confusion\n|move|p2a: Zapdos|Weather Ball|p1a: Weezing\n|-damage|p1a: Weezing|52\/100\n|move|p1a: Weezing|Strange Steam|p2a: Zapdos\n|-damage|p2a: Zapdos|0 fnt\n|faint|p2a: Zapdos\n|\n|win|PinkScourge\n|c|\u2606Nitro524|gg\n|c|\u2606PinkScourge|GG!\n","uploadtime":1698119651,"views":28,"p1id":"pinkscourge","p2id":"nitro524","formatid":"gen9ubers","rating":0,"private":0,"password":""}