{"id":"gen9ubers-1995222566","p1":"Rusty sss8","p2":"Rebel242","format":"[Gen 9] Ubers","log":"|j|\u2606Rusty sss8\n|j|\u2606Rebel242\n|t:|1700536484\n|gametype|singles\n|player|p1|Rusty sss8|waiter-gen4dp|1181\n|player|p2|Rebel242|silver|1279\n|teamsize|p1|6\n|teamsize|p2|6\n|gen|9\n|tier|[Gen 9] Ubers\n|rated|\n|rule|Sleep Clause Mod: Limit one foe put to sleep\n|rule|Species Clause: Limit one of each Pok\u00e9mon\n|rule|OHKO Clause: OHKO moves are banned\n|rule|Evasion Items Clause: Evasion items are banned\n|rule|Evasion Moves Clause: Evasion moves are banned\n|rule|Endless Battle Clause: Forcing endless battles is banned\n|rule|HP Percentage Mod: HP is shown in percentages\n|clearpoke\n|poke|p1|Magneton|\n|poke|p1|Yanmega, F|\n|poke|p1|Hawlucha, M|\n|poke|p1|Morgrem, M|\n|poke|p1|Weavile, M|\n|poke|p1|Dusclops, F|\n|poke|p2|Koraidon|\n|poke|p2|Shaymin-Sky|\n|poke|p2|Zacian-*|\n|poke|p2|Great Tusk|\n|poke|p2|Heatran, F|\n|poke|p2|Arceus-Ghost|\n|teampreview\n|inactive|Battle timer is ON: inactive players will automatically lose when time's up. (requested by Rebel242)\n|inactive|Rusty sss8 also wants the timer to be on.\n|\n|t:|1700536490\n|start\n|switch|p1a: Glass Animals|Morgrem, M|100\/100\n|switch|p2a: Heatran|Heatran, F|100\/100\n|turn|1\n|\n|t:|1700536496\n|move|p1a: Glass Animals|Parting Shot|p2a: Heatran\n|-unboost|p2a: Heatran|atk|1\n|-unboost|p2a: Heatran|spa|1\n|\n|t:|1700536500\n|switch|p1a: Saint motel|Dusclops, F|100\/100|[from] Parting Shot\n|-item|p2a: Heatran|Leftovers|[from] ability: Frisk|[of] p1a: Saint motel|[identify]\n|move|p2a: Heatran|Magma Storm|p1a: Saint motel\n|-damage|p1a: Saint motel|83\/100\n|-activate|p1a: Saint motel|move: Magma Storm|[of] p2a: Heatran\n|\n|-damage|p1a: Saint motel|71\/100|[from] move: Magma Storm|[partiallytrapped]\n|upkeep\n|turn|2\n|\n|t:|1700536511\n|move|p2a: Heatran|Will-O-Wisp|p1a: Saint motel\n|-status|p1a: Saint motel|brn\n|move|p1a: Saint motel|Night Shade|p2a: Heatran\n|-damage|p2a: Heatran|70\/100\n|\n|-heal|p2a: Heatran|76\/100|[from] item: Leftovers\n|-damage|p1a: Saint motel|65\/100 brn|[from] brn\n|-damage|p1a: Saint motel|53\/100 brn|[from] move: Magma Storm|[partiallytrapped]\n|upkeep\n|turn|3\n|\n|t:|1700536522\n|move|p2a: Heatran|Protect|p2a: Heatran\n|-singleturn|p2a: Heatran|Protect\n|move|p1a: Saint motel|Night Shade|p2a: Heatran\n|-activate|p2a: Heatran|move: Protect\n|\n|-heal|p2a: Heatran|82\/100|[from] item: Leftovers\n|-damage|p1a: Saint motel|47\/100 brn|[from] brn\n|-damage|p1a: Saint motel|35\/100 brn|[from] move: Magma Storm|[partiallytrapped]\n|upkeep\n|turn|4\n|\n|t:|1700536532\n|move|p2a: Heatran|Magma Storm|p1a: Saint motel\n|-damage|p1a: Saint motel|18\/100 brn\n|move|p1a: Saint motel|Night Shade|p2a: Heatran\n|-damage|p2a: Heatran|51\/100\n|\n|-heal|p2a: Heatran|57\/100|[from] item: Leftovers\n|-damage|p1a: Saint motel|12\/100 brn|[from] brn\n|-damage|p1a: Saint motel|0 fnt|[from] move: Magma Storm|[partiallytrapped]\n|faint|p1a: Saint motel\n|upkeep\n|\n|t:|1700536548\n|switch|p1a: The Strokes|Weavile, M|100\/100\n|-ability|p1a: The Strokes|Pressure\n|turn|5\n|\n|t:|1700536553\n|move|p1a: The Strokes|Low Kick|p2a: Heatran\n|-supereffective|p2a: Heatran\n|-damage|p2a: Heatran|0 fnt\n|faint|p2a: Heatran\n|-damage|p1a: The Strokes|91\/100|[from] item: Life Orb\n|\n|upkeep\n|\n|t:|1700536560\n|switch|p2a: Koraidon|Koraidon|100\/100\n|-weather|SunnyDay|[from] ability: Orichalcum Pulse|[of] p2a: Koraidon\n|-activate|p2a: Koraidon|Orichalcum Pulse|[source]\n|turn|6\n|\n|t:|1700536566\n|move|p1a: The Strokes|Ice Shard|p2a: Koraidon\n|-supereffective|p2a: Koraidon\n|-damage|p2a: Koraidon|59\/100\n|-damage|p1a: The Strokes|81\/100|[from] item: Life Orb\n|move|p2a: Koraidon|U-turn|p1a: The Strokes\n|-supereffective|p1a: The Strokes\n|-damage|p1a: The Strokes|0 fnt\n|faint|p1a: The Strokes\n|\n|t:|1700536574\n|switch|p2a: Great Tusk|Great Tusk|100\/100|[from] U-turn\n|-activate|p2a: Great Tusk|ability: Protosynthesis\n|-start|p2a: Great Tusk|protosynthesisdef\n|\n|-weather|SunnyDay|[upkeep]\n|upkeep\n|\n|t:|1700536580\n|switch|p1a: MGMT|Yanmega, F|100\/100\n|turn|7\n|\n|t:|1700536585\n|move|p1a: MGMT|Air Slash|p2a: Great Tusk\n|-supereffective|p2a: Great Tusk\n|-damage|p2a: Great Tusk|35\/100\n|-damage|p1a: MGMT|91\/100|[from] item: Life Orb\n|cant|p2a: Great Tusk|flinch\n|\n|-weather|SunnyDay|[upkeep]\n|-ability|p1a: MGMT|Speed Boost|boost\n|-boost|p1a: MGMT|spe|1\n|upkeep\n|turn|8\n|\n|t:|1700536593\n|move|p1a: MGMT|Air Slash|p2a: Great Tusk\n|-supereffective|p2a: Great Tusk\n|-damage|p2a: Great Tusk|0 fnt\n|faint|p2a: Great Tusk\n|-end|p2a: Great Tusk|Protosynthesis|[silent]\n|-damage|p1a: MGMT|81\/100|[from] item: Life Orb\n|\n|-weather|SunnyDay|[upkeep]\n|-ability|p1a: MGMT|Speed Boost|boost\n|-boost|p1a: MGMT|spe|1\n|upkeep\n|\n|t:|1700536605\n|switch|p2a: Arceus|Arceus-Ghost|100\/100\n|turn|9\n|\n|t:|1700536610\n|move|p1a: MGMT|Air Slash|p2a: Arceus\n|-damage|p2a: Arceus|68\/100\n|-damage|p1a: MGMT|71\/100|[from] item: Life Orb\n|cant|p2a: Arceus|flinch\n|\n|-weather|SunnyDay|[upkeep]\n|-ability|p1a: MGMT|Speed Boost|boost\n|-boost|p1a: MGMT|spe|1\n|upkeep\n|turn|10\n|\n|t:|1700536618\n|move|p1a: MGMT|Air Slash|p2a: Arceus\n|-damage|p2a: Arceus|39\/100\n|-damage|p1a: MGMT|61\/100|[from] item: Life Orb\n|cant|p2a: Arceus|flinch\n|\n|-weather|none\n|-ability|p1a: MGMT|Speed Boost|boost\n|-boost|p1a: MGMT|spe|1\n|upkeep\n|turn|11\n|\n|t:|1700536628\n|move|p1a: MGMT|Air Slash|p2a: Arceus\n|-damage|p2a: Arceus|12\/100\n|-damage|p1a: MGMT|51\/100|[from] item: Life Orb\n|move|p2a: Arceus|Stealth Rock|p1a: MGMT\n|-sidestart|p1: Rusty sss8|move: Stealth Rock\n|\n|-ability|p1a: MGMT|Speed Boost|boost\n|-boost|p1a: MGMT|spe|1\n|upkeep\n|turn|12\n|\n|t:|1700536638\n|move|p1a: MGMT|Air Slash|p2a: Arceus\n|-damage|p2a: Arceus|0 fnt\n|faint|p2a: Arceus\n|-damage|p1a: MGMT|41\/100|[from] item: Life Orb\n|\n|-ability|p1a: MGMT|Speed Boost|boost\n|-boost|p1a: MGMT|spe|1\n|upkeep\n|\n|t:|1700536652\n|switch|p2a: Zacian|Zacian|100\/100\n|-ability|p2a: Zacian|Intrepid Sword|boost\n|-boost|p2a: Zacian|atk|1\n|turn|13\n|\n|t:|1700536661\n|move|p1a: MGMT|Air Slash|p2a: Zacian\n|-damage|p2a: Zacian|48\/100\n|-damage|p1a: MGMT|31\/100|[from] item: Life Orb\n|cant|p2a: Zacian|flinch\n|\n|upkeep\n|turn|14\n|\n|t:|1700536667\n|move|p1a: MGMT|Air Slash|p2a: Zacian\n|-crit|p2a: Zacian\n|-damage|p2a: Zacian|0 fnt\n|faint|p2a: Zacian\n|-damage|p1a: MGMT|21\/100|[from] item: Life Orb\n|\n|upkeep\n|\n|t:|1700536674\n|switch|p2a: Shaymin|Shaymin-Sky|100\/100\n|turn|15\n|\n|t:|1700536676\n|move|p1a: MGMT|Air Slash|p2a: Shaymin\n|-supereffective|p2a: Shaymin\n|-damage|p2a: Shaymin|0 fnt\n|faint|p2a: Shaymin\n|-damage|p1a: MGMT|11\/100|[from] item: Life Orb\n|\n|upkeep\n|-message|Rebel242 forfeited.\n|\n|win|Rusty sss8\n|raw|Rusty sss8's rating: 1181 &rarr; <strong>1213<\/strong><br \/>(+32 for winning)\n|raw|Rebel242's rating: 1279 &rarr; <strong>1247<\/strong><br \/>(-32 for losing)\n|l|\u2606Rebel242\n","uploadtime":1700536682,"views":6,"p1id":"rustysss8","p2id":"rebel242","formatid":"gen9ubers","rating":1213,"private":0,"password":""}