{"id":"gen9ubers-1969230950","p1":"RoamingDia","p2":"BLACK METAL 3","format":"[Gen 9] Ubers","log":"|j|\u2606RoamingDia\n|j|\u2606BLACK METAL 3\n|t:|1697502879\n|gametype|singles\n|player|p1|RoamingDia|pokemaniac|\n|player|p2|BLACK METAL 3|clerk|\n|teamsize|p1|6\n|teamsize|p2|6\n|gen|9\n|tier|[Gen 9] Ubers\n|rule|Sleep Clause Mod: Limit one foe put to sleep\n|rule|Species Clause: Limit one of each Pok\u00e9mon\n|rule|OHKO Clause: OHKO moves are banned\n|rule|Evasion Items Clause: Evasion items are banned\n|rule|Evasion Moves Clause: Evasion moves are banned\n|rule|Endless Battle Clause: Forcing endless battles is banned\n|rule|HP Percentage Mod: HP is shown in percentages\n|clearpoke\n|poke|p1|Sneasler, F|\n|poke|p1|Walking Wake|\n|poke|p1|Lilligant-Hisui, F|\n|poke|p1|Torkoal, F|\n|poke|p1|Brute Bonnet|\n|poke|p1|Dondozo, F|\n|poke|p2|Espathra, F|\n|poke|p2|Kingambit, F|\n|poke|p2|Forretress, F|\n|poke|p2|Dragapult, M|\n|poke|p2|Tauros-Paldea-Combat, M|\n|poke|p2|Krookodile, M|\n|teampreview\n|j| Squirshawott\n|j| Sol CPU\n|\n|t:|1697502901\n|start\n|switch|p1a: Bently|Torkoal, F|100\/100\n|switch|p2a: Kriminel|Krookodile, M|100\/100\n|-weather|SunnyDay|[from] ability: Drought|[of] p1a: Bently\n|turn|1\n|\n|t:|1697502913\n|switch|p1a: Okuyasu Nijimura|Walking Wake|100\/100\n|-activate|p1a: Okuyasu Nijimura|ability: Protosynthesis\n|-start|p1a: Okuyasu Nijimura|protosynthesisspa\n|move|p2a: Kriminel|Bulk Up|p2a: Kriminel\n|-boost|p2a: Kriminel|atk|1\n|-boost|p2a: Kriminel|def|1\n|\n|-weather|SunnyDay|[upkeep]\n|upkeep\n|turn|2\n|\n|t:|1697502935\n|move|p1a: Okuyasu Nijimura|Hydro Steam|p2a: Kriminel\n|-supereffective|p2a: Kriminel\n|-damage|p2a: Kriminel|0 fnt\n|faint|p2a: Kriminel\n|\n|-weather|SunnyDay|[upkeep]\n|upkeep\n|\n|t:|1697502946\n|switch|p2a: SNAKE EYEZ|Dragapult, M|100\/100\n|turn|3\n|\n|t:|1697502953\n|move|p2a: SNAKE EYEZ|Outrage|p1a: Okuyasu Nijimura\n|-supereffective|p1a: Okuyasu Nijimura\n|-damage|p1a: Okuyasu Nijimura|0 fnt\n|faint|p1a: Okuyasu Nijimura\n|-end|p1a: Okuyasu Nijimura|Protosynthesis|[silent]\n|\n|-weather|SunnyDay|[upkeep]\n|upkeep\n|\n|t:|1697502965\n|switch|p1a: Pamela Isley|Brute Bonnet|100\/100\n|-activate|p1a: Pamela Isley|ability: Protosynthesis\n|-start|p1a: Pamela Isley|protosynthesisatk\n|turn|4\n|\n|t:|1697502971\n|move|p1a: Pamela Isley|Sucker Punch|p2a: SNAKE EYEZ\n|-supereffective|p2a: SNAKE EYEZ\n|-damage|p2a: SNAKE EYEZ|0 fnt\n|faint|p2a: SNAKE EYEZ\n|\n|-weather|SunnyDay|[upkeep]\n|upkeep\n|j| Astyr.Pygos\n|\n|t:|1697502999\n|switch|p2a: Bronco|Tauros-Paldea-Combat, M|100\/100\n|-ability|p2a: Bronco|Intimidate|boost\n|-unboost|p1a: Pamela Isley|atk|1\n|turn|5\n|l| Sol CPU\n|\n|t:|1697503014\n|-end|p1a: Pamela Isley|Protosynthesis|[silent]\n|switch|p1a: Pea Shooter|Lilligant-Hisui, F, shiny|100\/100\n|move|p2a: Bronco|Bulk Up|p2a: Bronco\n|-boost|p2a: Bronco|atk|1\n|-boost|p2a: Bronco|def|1\n|\n|-weather|SunnyDay|[upkeep]\n|upkeep\n|turn|6\n|j| Sol CPU\n|\n|t:|1697503025\n|-terastallize|p2a: Bronco|Ice\n|move|p1a: Pea Shooter|Victory Dance|p1a: Pea Shooter\n|-boost|p1a: Pea Shooter|atk|1\n|-boost|p1a: Pea Shooter|def|1\n|-boost|p1a: Pea Shooter|spe|1\n|move|p2a: Bronco|Tera Blast|p1a: Pea Shooter|[anim] Tera Blast Ice\n|-supereffective|p1a: Pea Shooter\n|-damage|p1a: Pea Shooter|0 fnt\n|faint|p1a: Pea Shooter\n|\n|-weather|SunnyDay|[upkeep]\n|upkeep\n|\n|t:|1697503037\n|switch|p1a: Bently|Torkoal, F|100\/100\n|turn|7\n|\n|t:|1697503060\n|move|p2a: Bronco|Close Combat|p1a: Bently\n|-damage|p1a: Bently|37\/100\n|-unboost|p2a: Bronco|def|1\n|-unboost|p2a: Bronco|spd|1\n|move|p1a: Bently|Lava Plume|p2a: Bronco\n|-supereffective|p2a: Bronco\n|-damage|p2a: Bronco|0 fnt\n|faint|p2a: Bronco\n|\n|-weather|SunnyDay|[upkeep]\n|upkeep\n|\n|t:|1697503076\n|switch|p2a: p coc haha|Espathra, F|100\/100\n|turn|8\n|\n|t:|1697503082\n|move|p2a: p coc haha|Calm Mind|p2a: p coc haha\n|-boost|p2a: p coc haha|spa|1\n|-boost|p2a: p coc haha|spd|1\n|move|p1a: Bently|Will-O-Wisp|p2a: p coc haha\n|-status|p2a: p coc haha|brn\n|\n|-weather|none\n|-damage|p2a: p coc haha|94\/100 brn|[from] brn\n|-ability|p2a: p coc haha|Speed Boost|boost\n|-boost|p2a: p coc haha|spe|1\n|upkeep\n|turn|9\n|\n|t:|1697503094\n|switch|p1a: Gazoontite|Sneasler, F|100\/100\n|move|p2a: p coc haha|Calm Mind|p2a: p coc haha\n|-boost|p2a: p coc haha|spa|1\n|-boost|p2a: p coc haha|spd|1\n|\n|-heal|p2a: p coc haha|100\/100 brn|[from] item: Leftovers\n|-damage|p2a: p coc haha|94\/100 brn|[from] brn\n|-ability|p2a: p coc haha|Speed Boost|boost\n|-boost|p2a: p coc haha|spe|1\n|upkeep\n|turn|10\n|j| Pkpowers310\n|\n|t:|1697503108\n|move|p1a: Gazoontite|Fake Out|p2a: p coc haha\n|-damage|p2a: p coc haha|81\/100 brn\n|cant|p2a: p coc haha|flinch\n|\n|-heal|p2a: p coc haha|87\/100 brn|[from] item: Leftovers\n|-damage|p2a: p coc haha|81\/100 brn|[from] brn\n|-ability|p2a: p coc haha|Speed Boost|boost\n|-boost|p2a: p coc haha|spe|1\n|upkeep\n|turn|11\n|\n|t:|1697503123\n|move|p2a: p coc haha|Stored Power|p1a: Gazoontite\n|-supereffective|p1a: Gazoontite\n|-damage|p1a: Gazoontite|0 fnt\n|faint|p1a: Gazoontite\n|\n|-heal|p2a: p coc haha|87\/100 brn|[from] item: Leftovers\n|-damage|p2a: p coc haha|81\/100 brn|[from] brn\n|-ability|p2a: p coc haha|Speed Boost|boost\n|-boost|p2a: p coc haha|spe|1\n|upkeep\n|\n|t:|1697503132\n|switch|p1a: Pamela Isley|Brute Bonnet|100\/100\n|turn|12\n|\n|t:|1697503140\n|move|p1a: Pamela Isley|Sucker Punch|p2a: p coc haha\n|-supereffective|p2a: p coc haha\n|-damage|p2a: p coc haha|3\/100 brn\n|move|p2a: p coc haha|Dazzling Gleam|p1a: Pamela Isley\n|-supereffective|p1a: Pamela Isley\n|-damage|p1a: Pamela Isley|37\/100\n|\n|-heal|p2a: p coc haha|9\/100 brn|[from] item: Leftovers\n|-damage|p2a: p coc haha|3\/100 brn|[from] brn\n|-ability|p2a: p coc haha|Speed Boost|boost\n|-boost|p2a: p coc haha|spe|1\n|upkeep\n|turn|13\n|\n|t:|1697503151\n|move|p1a: Pamela Isley|Sucker Punch||[still]\n|-fail|p1a: Pamela Isley\n|move|p2a: p coc haha|Roost|p2a: p coc haha\n|-heal|p2a: p coc haha|53\/100 brn\n|-singleturn|p2a: p coc haha|move: Roost\n|\n|-heal|p2a: p coc haha|59\/100 brn|[from] item: Leftovers\n|-damage|p2a: p coc haha|53\/100 brn|[from] brn\n|-ability|p2a: p coc haha|Speed Boost|boost\n|-boost|p2a: p coc haha|spe|1\n|upkeep\n|turn|14\n|\n|t:|1697503162\n|move|p1a: Pamela Isley|Sucker Punch||[still]\n|-fail|p1a: Pamela Isley\n|move|p2a: p coc haha|Roost|p2a: p coc haha\n|-heal|p2a: p coc haha|100\/100 brn\n|-singleturn|p2a: p coc haha|move: Roost\n|\n|-damage|p2a: p coc haha|94\/100 brn|[from] brn\n|upkeep\n|turn|15\n|\n|t:|1697503174\n|-terastallize|p1a: Pamela Isley|Poison\n|move|p2a: p coc haha|Calm Mind|p2a: p coc haha\n|-boost|p2a: p coc haha|spa|1\n|-boost|p2a: p coc haha|spd|1\n|move|p1a: Pamela Isley|Tera Blast|p2a: p coc haha|[anim] Tera Blast Poison\n|-damage|p2a: p coc haha|46\/100 brn\n|\n|-heal|p2a: p coc haha|52\/100 brn|[from] item: Leftovers\n|-damage|p2a: p coc haha|46\/100 brn|[from] brn\n|upkeep\n|turn|16\n|\n|t:|1697503184\n|move|p1a: Pamela Isley|Sucker Punch||[still]\n|-fail|p1a: Pamela Isley\n|move|p2a: p coc haha|Roost|p2a: p coc haha\n|-heal|p2a: p coc haha|96\/100 brn\n|-singleturn|p2a: p coc haha|move: Roost\n|\n|-heal|p2a: p coc haha|100\/100 brn|[from] item: Leftovers\n|-damage|p2a: p coc haha|94\/100 brn|[from] brn\n|upkeep\n|turn|17\n|\n|t:|1697503198\n|move|p2a: p coc haha|Calm Mind|p2a: p coc haha\n|-boost|p2a: p coc haha|spa|1\n|-boost|p2a: p coc haha|spd|1\n|move|p1a: Pamela Isley|Bullet Seed|p2a: p coc haha\n|-damage|p2a: p coc haha|80\/100 brn\n|-damage|p2a: p coc haha|64\/100 brn\n|-damage|p2a: p coc haha|49\/100 brn\n|-damage|p2a: p coc haha|36\/100 brn\n|-damage|p2a: p coc haha|22\/100 brn\n|-hitcount|p2a: p coc haha|5\n|\n|-heal|p2a: p coc haha|28\/100 brn|[from] item: Leftovers\n|-damage|p2a: p coc haha|22\/100 brn|[from] brn\n|upkeep\n|turn|18\n|\n|t:|1697503210\n|move|p1a: Pamela Isley|Sucker Punch||[still]\n|-fail|p1a: Pamela Isley\n|move|p2a: p coc haha|Roost|p2a: p coc haha\n|-heal|p2a: p coc haha|72\/100 brn\n|-singleturn|p2a: p coc haha|move: Roost\n|\n|-heal|p2a: p coc haha|78\/100 brn|[from] item: Leftovers\n|-damage|p2a: p coc haha|72\/100 brn|[from] brn\n|upkeep\n|turn|19\n|\n|t:|1697503223\n|move|p2a: p coc haha|Roost|p2a: p coc haha\n|-heal|p2a: p coc haha|100\/100 brn\n|-singleturn|p2a: p coc haha|move: Roost\n|move|p1a: Pamela Isley|Bullet Seed|p2a: p coc haha\n|-damage|p2a: p coc haha|87\/100 brn\n|-damage|p2a: p coc haha|72\/100 brn\n|-damage|p2a: p coc haha|59\/100 brn\n|-damage|p2a: p coc haha|44\/100 brn\n|-hitcount|p2a: p coc haha|4\n|\n|-heal|p2a: p coc haha|50\/100 brn|[from] item: Leftovers\n|-damage|p2a: p coc haha|44\/100 brn|[from] brn\n|upkeep\n|turn|20\n|\n|t:|1697503235\n|move|p2a: p coc haha|Roost|p2a: p coc haha\n|-heal|p2a: p coc haha|94\/100 brn\n|-singleturn|p2a: p coc haha|move: Roost\n|move|p1a: Pamela Isley|Bullet Seed|p2a: p coc haha\n|-damage|p2a: p coc haha|81\/100 brn\n|-damage|p2a: p coc haha|68\/100 brn\n|-damage|p2a: p coc haha|54\/100 brn\n|-damage|p2a: p coc haha|40\/100 brn\n|-hitcount|p2a: p coc haha|4\n|\n|-heal|p2a: p coc haha|46\/100 brn|[from] item: Leftovers\n|-damage|p2a: p coc haha|40\/100 brn|[from] brn\n|upkeep\n|turn|21\n|\n|t:|1697503249\n|move|p2a: p coc haha|Roost|p2a: p coc haha\n|-heal|p2a: p coc haha|90\/100 brn\n|-singleturn|p2a: p coc haha|move: Roost\n|move|p1a: Pamela Isley|Bullet Seed|p2a: p coc haha\n|-damage|p2a: p coc haha|76\/100 brn\n|-damage|p2a: p coc haha|62\/100 brn\n|-damage|p2a: p coc haha|49\/100 brn\n|-damage|p2a: p coc haha|36\/100 brn\n|-hitcount|p2a: p coc haha|4\n|\n|-heal|p2a: p coc haha|42\/100 brn|[from] item: Leftovers\n|-damage|p2a: p coc haha|36\/100 brn|[from] brn\n|upkeep\n|turn|22\n|\n|t:|1697503264\n|move|p2a: p coc haha|Stored Power|p1a: Pamela Isley\n|-supereffective|p1a: Pamela Isley\n|-damage|p1a: Pamela Isley|0 fnt\n|faint|p1a: Pamela Isley\n|-end|p1a: Pamela Isley|Protosynthesis|[silent]\n|\n|-heal|p2a: p coc haha|42\/100 brn|[from] item: Leftovers\n|-damage|p2a: p coc haha|36\/100 brn|[from] brn\n|upkeep\n|\n|t:|1697503270\n|switch|p1a: Bently|Torkoal, F|37\/100\n|-weather|SunnyDay|[from] ability: Drought|[of] p1a: Bently\n|turn|23\n|\n|t:|1697503276\n|move|p2a: p coc haha|Stored Power|p1a: Bently\n|-damage|p1a: Bently|0 fnt\n|faint|p1a: Bently\n|\n|-weather|SunnyDay|[upkeep]\n|-heal|p2a: p coc haha|42\/100 brn|[from] item: Leftovers\n|-damage|p2a: p coc haha|36\/100 brn|[from] brn\n|upkeep\n|\n|t:|1697503283\n|switch|p1a: Foolish|Dondozo, F|100\/100\n|turn|24\n|\n|t:|1697503288\n|move|p2a: p coc haha|Roost|p2a: p coc haha\n|-heal|p2a: p coc haha|86\/100 brn\n|-singleturn|p2a: p coc haha|move: Roost\n|move|p1a: Foolish|Avalanche|p2a: p coc haha\n|-damage|p2a: p coc haha|73\/100 brn\n|\n|-weather|SunnyDay|[upkeep]\n|-heal|p2a: p coc haha|79\/100 brn|[from] item: Leftovers\n|-damage|p2a: p coc haha|73\/100 brn|[from] brn\n|upkeep\n|turn|25\n|\n|t:|1697503297\n|move|p2a: p coc haha|Calm Mind|p2a: p coc haha\n|-boost|p2a: p coc haha|spa|1\n|-boost|p2a: p coc haha|spd|1\n|move|p1a: Foolish|Earthquake|p2a: p coc haha\n|-damage|p2a: p coc haha|48\/100 brn\n|\n|-weather|SunnyDay|[upkeep]\n|-heal|p2a: p coc haha|55\/100 brn|[from] item: Leftovers\n|-damage|p2a: p coc haha|48\/100 brn|[from] brn\n|upkeep\n|turn|26\n|\n|t:|1697503308\n|move|p2a: p coc haha|Stored Power|p1a: Foolish\n|-damage|p1a: Foolish|0 fnt\n|faint|p1a: Foolish\n|\n|win|BLACK METAL 3\n|l|\u2606RoamingDia\n","uploadtime":1697503316,"views":15,"p1id":"roamingdia","p2id":"blackmetal3","formatid":"gen9ubers","rating":0,"private":0,"password":""}