{"id":"gen9ubers-1978751470","p1":"clorboycoctopus","p2":"Vario 64\u2606\u5f61","format":"[Gen 9] Ubers","log":"|j|\u2606clorboycoctopus\n|j|\u2606Vario 64\u2606\u5f61\n|t:|1698590819\n|gametype|singles\n|player|p1|clorboycoctopus|blackbelt-gen4dp|\n|player|p2|Vario 64\u2606\u5f61|ghetsis|\n|teamsize|p1|6\n|teamsize|p2|6\n|gen|9\n|tier|[Gen 9] Ubers\n|rule|Sleep Clause Mod: Limit one foe put to sleep\n|rule|Species Clause: Limit one of each Pok\u00e9mon\n|rule|OHKO Clause: OHKO moves are banned\n|rule|Evasion Items Clause: Evasion items are banned\n|rule|Evasion Moves Clause: Evasion moves are banned\n|rule|Endless Battle Clause: Forcing endless battles is banned\n|rule|HP Percentage Mod: HP is shown in percentages\n|clearpoke\n|poke|p1|Chi-Yu|\n|poke|p1|Walking Wake|\n|poke|p1|Torkoal, F|\n|poke|p1|Roaring Moon|\n|poke|p1|Sandy Shocks|\n|poke|p1|Arceus-Fire|\n|poke|p2|Shaymin-Sky|\n|poke|p2|Arceus-Poison|\n|poke|p2|Palkia|\n|poke|p2|Magearna|\n|poke|p2|Zacian-*|\n|poke|p2|Volcarona, F|\n|teampreview\n|c|\u2606Vario 64\u2606\u5f61|Ooo, sun\n|\n|t:|1698590845\n|start\n|switch|p1a: Torkoal|Torkoal, F|100\/100\n|switch|p2a: Sky is the Limit|Shaymin-Sky|100\/100\n|-weather|SunnyDay|[from] ability: Drought|[of] p1a: Torkoal\n|turn|1\n|c|\u2606clorboycoctopus|idk much about sun this meta but i did the best i could\n|c|\u2606clorboycoctopus|idk if sandy shocks is the play at all tho\n|\n|t:|1698590861\n|move|p2a: Sky is the Limit|Air Slash|p1a: Torkoal\n|-damage|p1a: Torkoal|54\/100\n|cant|p1a: Torkoal|flinch\n|\n|-weather|SunnyDay|[upkeep]\n|upkeep\n|turn|2\n|\n|t:|1698590877\n|switch|p1a: Sandy Shocks|Sandy Shocks|100\/100\n|-activate|p1a: Sandy Shocks|ability: Protosynthesis\n|-start|p1a: Sandy Shocks|protosynthesisspa\n|move|p2a: Sky is the Limit|Air Slash|p1a: Sandy Shocks\n|-resisted|p1a: Sandy Shocks\n|-damage|p1a: Sandy Shocks|76\/100\n|\n|-weather|SunnyDay|[upkeep]\n|-heal|p1a: Sandy Shocks|82\/100|[from] item: Leftovers\n|upkeep\n|turn|3\n|c|\u2606clorboycoctopus|wait its +spa\n|c|\u2606clorboycoctopus|oops\n|\n|t:|1698590897\n|switch|p2a: PaDonkaDonk|Palkia|100\/100\n|-ability|p2a: PaDonkaDonk|Pressure\n|move|p1a: Sandy Shocks|Thunderbolt|p2a: PaDonkaDonk\n|-damage|p2a: PaDonkaDonk|74\/100\n|\n|-weather|SunnyDay|[upkeep]\n|-heal|p1a: Sandy Shocks|89\/100|[from] item: Leftovers\n|upkeep\n|turn|4\n|\n|t:|1698590916\n|move|p1a: Sandy Shocks|Thunderbolt|p2a: PaDonkaDonk\n|-damage|p2a: PaDonkaDonk|45\/100\n|move|p2a: PaDonkaDonk|Ice Beam|p1a: Sandy Shocks\n|-supereffective|p1a: Sandy Shocks\n|-damage|p1a: Sandy Shocks|0 fnt\n|faint|p1a: Sandy Shocks\n|-end|p1a: Sandy Shocks|Protosynthesis|[silent]\n|\n|-weather|SunnyDay|[upkeep]\n|upkeep\n|\n|t:|1698590922\n|switch|p1a: Roaring Moon|Roaring Moon|100\/100\n|-activate|p1a: Roaring Moon|ability: Protosynthesis\n|-start|p1a: Roaring Moon|protosynthesisatk\n|turn|5\n|c|\u2606Vario 64\u2606\u5f61|I was thinking you were scarf shocks\n|\n|t:|1698590961\n|switch|p2a: GoGoGadget|Magearna|100\/100\n|move|p1a: Roaring Moon|Earthquake|p2a: GoGoGadget\n|-supereffective|p2a: GoGoGadget\n|-damage|p2a: GoGoGadget|0 fnt\n|faint|p2a: GoGoGadget\n|\n|-weather|SunnyDay|[upkeep]\n|upkeep\n|\n|t:|1698590969\n|switch|p2a: HeroFromThePast|Zacian|100\/100\n|-ability|p2a: HeroFromThePast|Intrepid Sword|boost\n|-boost|p2a: HeroFromThePast|atk|1\n|turn|6\n|\n|t:|1698590976\n|-end|p1a: Roaring Moon|Protosynthesis|[silent]\n|switch|p1a: Arceus|Arceus-Fire|100\/100\n|move|p2a: HeroFromThePast|Play Rough|p1a: Arceus|[miss]\n|-miss|p2a: HeroFromThePast|p1a: Arceus\n|\n|-weather|SunnyDay|[upkeep]\n|upkeep\n|turn|7\n|\n|t:|1698590994\n|-terastallize|p2a: HeroFromThePast|Fairy\n|move|p2a: HeroFromThePast|Play Rough|p1a: Arceus\n|-resisted|p1a: Arceus\n|-damage|p1a: Arceus|48\/100\n|-unboost|p1a: Arceus|atk|1\n|move|p1a: Arceus|Dragon Dance|p1a: Arceus\n|-boost|p1a: Arceus|atk|1\n|-boost|p1a: Arceus|spe|1\n|\n|-weather|SunnyDay|[upkeep]\n|upkeep\n|turn|8\n|\n|t:|1698591004\n|move|p1a: Arceus|Flare Blitz|p2a: HeroFromThePast\n|-damage|p2a: HeroFromThePast|0 fnt\n|faint|p2a: HeroFromThePast\n|-damage|p1a: Arceus|20\/100|[from] Recoil\n|\n|-weather|none\n|upkeep\n|\n|t:|1698591011\n|switch|p2a: PaDonkaDonk|Palkia|45\/100\n|-ability|p2a: PaDonkaDonk|Pressure\n|turn|9\n|\n|t:|1698591015\n|move|p1a: Arceus|Wild Charge|p2a: PaDonkaDonk\n|-damage|p2a: PaDonkaDonk|19\/100\n|-damage|p1a: Arceus|13\/100|[from] Recoil\n|move|p2a: PaDonkaDonk|Hydro Pump|p1a: Arceus\n|-supereffective|p1a: Arceus\n|-damage|p1a: Arceus|0 fnt\n|faint|p1a: Arceus\n|\n|upkeep\n|\n|t:|1698591022\n|switch|p1a: Roaring Moon|Roaring Moon|100\/100\n|turn|10\n|\n|t:|1698591032\n|move|p1a: Roaring Moon|Dragon Claw|p2a: PaDonkaDonk\n|-supereffective|p2a: PaDonkaDonk\n|-damage|p2a: PaDonkaDonk|0 fnt\n|faint|p2a: PaDonkaDonk\n|\n|upkeep\n|\n|t:|1698591042\n|switch|p2a: Sun of God|Volcarona, F|100\/100\n|turn|11\n|\n|t:|1698591045\n|move|p1a: Roaring Moon|Dragon Claw|p2a: Sun of God\n|-damage|p2a: Sun of God|13\/100\n|-status|p1a: Roaring Moon|brn|[from] ability: Flame Body|[of] p2a: Sun of God\n|move|p2a: Sun of God|Quiver Dance|p2a: Sun of God\n|-boost|p2a: Sun of God|spa|1\n|-boost|p2a: Sun of God|spd|1\n|-boost|p2a: Sun of God|spe|1\n|\n|-damage|p1a: Roaring Moon|95\/100 brn|[from] brn\n|upkeep\n|turn|12\n|\n|t:|1698591050\n|move|p2a: Sun of God|Fiery Dance|p1a: Roaring Moon\n|-resisted|p1a: Roaring Moon\n|-damage|p1a: Roaring Moon|60\/100 brn\n|-boost|p2a: Sun of God|spa|1\n|move|p1a: Roaring Moon|Dragon Claw|p2a: Sun of God\n|-damage|p2a: Sun of God|0 fnt\n|faint|p2a: Sun of God\n|\n|-damage|p1a: Roaring Moon|54\/100 brn|[from] brn\n|upkeep\n|\n|t:|1698591053\n|switch|p2a: Toxceus-Prime|Arceus-Poison|100\/100\n|turn|13\n|\n|t:|1698591059\n|-end|p1a: Roaring Moon|Protosynthesis|[silent]\n|switch|p1a: Torkoal|Torkoal, F|54\/100\n|-weather|SunnyDay|[from] ability: Drought|[of] p1a: Torkoal\n|move|p2a: Toxceus-Prime|Trailblaze|p1a: Torkoal\n|-resisted|p1a: Torkoal\n|-damage|p1a: Torkoal|48\/100\n|-boost|p2a: Toxceus-Prime|spe|1\n|\n|-weather|SunnyDay|[upkeep]\n|upkeep\n|turn|14\n|\n|t:|1698591063\n|move|p2a: Toxceus-Prime|Earthquake|p1a: Torkoal\n|-supereffective|p1a: Torkoal\n|-damage|p1a: Torkoal|1\/100\n|move|p1a: Torkoal|Yawn|p2a: Toxceus-Prime\n|-start|p2a: Toxceus-Prime|move: Yawn|[of] p1a: Torkoal\n|\n|-weather|SunnyDay|[upkeep]\n|upkeep\n|turn|15\n|\n|t:|1698591070\n|switch|p2a: Sky is the Limit|Shaymin-Sky|100\/100\n|move|p1a: Torkoal|Lava Plume|p2a: Sky is the Limit\n|-supereffective|p2a: Sky is the Limit\n|-damage|p2a: Sky is the Limit|3\/100\n|-status|p2a: Sky is the Limit|brn\n|\n|-weather|SunnyDay|[upkeep]\n|-heal|p2a: Sky is the Limit|9\/100 brn|[from] item: Leftovers\n|-damage|p2a: Sky is the Limit|3\/100 brn|[from] brn\n|upkeep\n|turn|16\n|\n|t:|1698591083\n|move|p2a: Sky is the Limit|Substitute|p2a: Sky is the Limit\n|-fail|p2a: Sky is the Limit|move: Substitute|[weak]\n|move|p1a: Torkoal|Lava Plume|p2a: Sky is the Limit\n|-supereffective|p2a: Sky is the Limit\n|-damage|p2a: Sky is the Limit|0 fnt\n|faint|p2a: Sky is the Limit\n|\n|-weather|SunnyDay|[upkeep]\n|upkeep\n|\n|t:|1698591087\n|switch|p2a: Toxceus-Prime|Arceus-Poison|100\/100\n|turn|17\n|\n|t:|1698591090\n|move|p2a: Toxceus-Prime|Trailblaze|p1a: Torkoal\n|-resisted|p1a: Torkoal\n|-damage|p1a: Torkoal|0 fnt\n|-boost|p2a: Toxceus-Prime|spe|1\n|faint|p1a: Torkoal\n|\n|-weather|SunnyDay|[upkeep]\n|upkeep\n|\n|t:|1698591092\n|switch|p1a: Walking Wake|Walking Wake|100\/100\n|-activate|p1a: Walking Wake|ability: Protosynthesis\n|-start|p1a: Walking Wake|protosynthesisspe\n|turn|18\n|\n|t:|1698591103\n|-terastallize|p1a: Walking Wake|Water\n|move|p1a: Walking Wake|Hydro Steam|p2a: Toxceus-Prime\n|-damage|p2a: Toxceus-Prime|17\/100\n|move|p2a: Toxceus-Prime|Trailblaze|p1a: Walking Wake\n|-supereffective|p1a: Walking Wake\n|-damage|p1a: Walking Wake|60\/100\n|-boost|p2a: Toxceus-Prime|spe|1\n|\n|-weather|SunnyDay|[upkeep]\n|upkeep\n|turn|19\n|\n|t:|1698591112\n|move|p2a: Toxceus-Prime|Gunk Shot|p1a: Walking Wake\n|-damage|p1a: Walking Wake|0 fnt\n|faint|p1a: Walking Wake\n|-end|p1a: Walking Wake|Protosynthesis|[silent]\n|\n|-weather|SunnyDay|[upkeep]\n|upkeep\n|\n|t:|1698591116\n|switch|p1a: Chi-Yu|Chi-Yu|100\/100\n|-ability|p1a: Chi-Yu|Beads of Ruin\n|turn|20\n|\n|t:|1698591119\n|move|p2a: Toxceus-Prime|Earthquake|p1a: Chi-Yu\n|-supereffective|p1a: Chi-Yu\n|-damage|p1a: Chi-Yu|0 fnt\n|faint|p1a: Chi-Yu\n|\n|-weather|none\n|upkeep\n|\n|t:|1698591122\n|switch|p1a: Roaring Moon|Roaring Moon|54\/100 brn\n|turn|21\n|\n|t:|1698591128\n|move|p2a: Toxceus-Prime|Gunk Shot|p1a: Roaring Moon\n|-damage|p1a: Roaring Moon|0 fnt\n|faint|p1a: Roaring Moon\n|-end|p1a: Roaring Moon|Protosynthesis|[silent]\n|\n|win|Vario 64\u2606\u5f61\n|c|\u2606clorboycoctopus|ok i gtg\n|c|\u2606clorboycoctopus|ggs\n|c|\u2606Vario 64\u2606\u5f61|Ggs bro\n|l|\u2606clorboycoctopus\n|c|\u2606Vario 64\u2606\u5f61|That was fun\n","uploadtime":1698591153,"views":12,"p1id":"clorboycoctopus","p2id":"vario64","formatid":"gen9ubers","rating":0,"private":0,"password":""}