{"id":"gen9ubers-1982271109","p1":"redisdead98","p2":"BlackAceX19","format":"[Gen 9] Ubers","log":"|j|\u2606redisdead98\n|j|\u2606BlackAceX19\n|t:|1698987589\n|gametype|singles\n|player|p1|redisdead98|102|\n|player|p2|BlackAceX19|wally-masters|\n|teamsize|p1|6\n|teamsize|p2|6\n|gen|9\n|tier|[Gen 9] Ubers\n|rule|Sleep Clause Mod: Limit one foe put to sleep\n|rule|Species Clause: Limit one of each Pok\u00e9mon\n|rule|OHKO Clause: OHKO moves are banned\n|rule|Evasion Items Clause: Evasion items are banned\n|rule|Evasion Moves Clause: Evasion moves are banned\n|rule|Endless Battle Clause: Forcing endless battles is banned\n|rule|HP Percentage Mod: HP is shown in percentages\n|clearpoke\n|poke|p1|Mightyena, F|\n|poke|p1|Arcanine, M|\n|poke|p1|Jolteon, F|\n|poke|p1|Lycanroc-Dusk, M|\n|poke|p1|Okidogi, M|\n|poke|p1|Shiftry, M|\n|poke|p2|Ninetales-Alola, M|\n|poke|p2|Iron Bundle|\n|poke|p2|Kommo-o, F|\n|poke|p2|Infernape, M|\n|poke|p2|Garganacl, M|\n|poke|p2|Iron Treads|\n|teampreview\n|\n|t:|1698987600\n|start\n|switch|p1a: Lycanroc|Lycanroc-Dusk, M, shiny|100\/100\n|switch|p2a: Infernape|Infernape, M|100\/100\n|turn|1\n|\n|t:|1698987611\n|move|p1a: Lycanroc|Swords Dance|p1a: Lycanroc\n|-boost|p1a: Lycanroc|atk|2\n|move|p2a: Infernape|Stealth Rock|p1a: Lycanroc\n|-sidestart|p1: redisdead98|move: Stealth Rock\n|\n|upkeep\n|turn|2\n|\n|t:|1698987620\n|move|p1a: Lycanroc|Swords Dance|p1a: Lycanroc\n|-boost|p1a: Lycanroc|atk|2\n|move|p2a: Infernape|Taunt|p1a: Lycanroc\n|-start|p1a: Lycanroc|move: Taunt\n|\n|upkeep\n|turn|3\n|\n|t:|1698987629\n|move|p1a: Lycanroc|Accelerock|p2a: Infernape\n|-enditem|p2a: Infernape|Focus Sash\n|-damage|p2a: Infernape|1\/100\n|move|p2a: Infernape|Knock Off|p1a: Lycanroc\n|-damage|p1a: Lycanroc|55\/100\n|-enditem|p1a: Lycanroc|Focus Sash|[from] move: Knock Off|[of] p2a: Infernape\n|\n|upkeep\n|turn|4\n|\n|t:|1698987644\n|move|p1a: Lycanroc|Sucker Punch|p2a: Infernape\n|-resisted|p2a: Infernape\n|-damage|p2a: Infernape|0 fnt\n|faint|p2a: Infernape\n|\n|upkeep\n|\n|t:|1698987652\n|switch|p2a: Garganacl|Garganacl, M|100\/100\n|turn|5\n|\n|t:|1698987666\n|-terastallize|p2a: Garganacl|Ghost\n|move|p1a: Lycanroc|Close Combat|p2a: Garganacl\n|-immune|p2a: Garganacl\n|move|p2a: Garganacl|Curse|p1a: Lycanroc\n|-start|p1a: Lycanroc|Curse|[of] p2a: Garganacl\n|-damage|p2a: Garganacl|50\/100\n|\n|-heal|p2a: Garganacl|57\/100|[from] item: Leftovers\n|-damage|p1a: Lycanroc|30\/100|[from] Curse\n|-end|p1a: Lycanroc|move: Taunt\n|upkeep\n|turn|6\n|\n|t:|1698987685\n|move|p1a: Lycanroc|Accelerock|p2a: Garganacl\n|-damage|p2a: Garganacl|13\/100\n|move|p2a: Garganacl|Recover|p2a: Garganacl\n|-heal|p2a: Garganacl|63\/100\n|\n|-heal|p2a: Garganacl|69\/100|[from] item: Leftovers\n|-damage|p1a: Lycanroc|6\/100|[from] Curse\n|upkeep\n|turn|7\n|\n|t:|1698987696\n|move|p1a: Lycanroc|Accelerock|p2a: Garganacl\n|-damage|p2a: Garganacl|26\/100\n|move|p2a: Garganacl|Recover|p2a: Garganacl\n|-heal|p2a: Garganacl|76\/100\n|\n|-heal|p2a: Garganacl|83\/100|[from] item: Leftovers\n|-damage|p1a: Lycanroc|0 fnt|[from] Curse\n|faint|p1a: Lycanroc\n|upkeep\n|\n|t:|1698987718\n|switch|p1a: Okidogi|Okidogi, M|100\/100\n|-damage|p1a: Okidogi|94\/100|[from] Stealth Rock\n|turn|8\n|\n|t:|1698987728\n|-terastallize|p1a: Okidogi|Dark\n|move|p1a: Okidogi|Knock Off|p2a: Garganacl\n|-supereffective|p2a: Garganacl\n|-damage|p2a: Garganacl|17\/100\n|-enditem|p2a: Garganacl|Leftovers|[from] move: Knock Off|[of] p1a: Okidogi\n|move|p2a: Garganacl|Salt Cure|p1a: Okidogi\n|-damage|p1a: Okidogi|83\/100\n|-start|p1a: Okidogi|Salt Cure\n|\n|-heal|p1a: Okidogi|89\/100|[from] item: Leftovers\n|-damage|p1a: Okidogi|76\/100|[from] Salt Cure\n|upkeep\n|turn|9\n|\n|t:|1698987745\n|move|p1a: Okidogi|Gunk Shot|p2a: Garganacl\n|-resisted|p2a: Garganacl\n|-damage|p2a: Garganacl|0 fnt\n|faint|p2a: Garganacl\n|\n|-heal|p1a: Okidogi|82\/100|[from] item: Leftovers\n|-damage|p1a: Okidogi|70\/100|[from] Salt Cure\n|upkeep\n|\n|t:|1698987750\n|switch|p2a: Ninetales|Ninetales-Alola, M|100\/100\n|-weather|Snow|[from] ability: Snow Warning|[of] p2a: Ninetales\n|turn|10\n|\n|t:|1698987771\n|move|p2a: Ninetales|Aurora Veil|p2a: Ninetales\n|-sidestart|p2: BlackAceX19|move: Aurora Veil\n|move|p1a: Okidogi|Drain Punch|p2a: Ninetales\n|-damage|p2a: Ninetales|80\/100\n|-heal|p1a: Okidogi|78\/100|[from] drain|[of] p2a: Ninetales\n|-status|p2a: Ninetales|tox|[from] ability: Toxic Chain|[of] p1a: Okidogi\n|\n|-weather|Snow|[upkeep]\n|-heal|p1a: Okidogi|84\/100|[from] item: Leftovers\n|-damage|p2a: Ninetales|74\/100 tox|[from] psn\n|-damage|p1a: Okidogi|71\/100|[from] Salt Cure\n|upkeep\n|turn|11\n|\n|t:|1698987797\n|move|p2a: Ninetales|Moonblast|p1a: Okidogi\n|-supereffective|p1a: Okidogi\n|-damage|p1a: Okidogi|0 fnt\n|faint|p1a: Okidogi\n|\n|-weather|Snow|[upkeep]\n|-damage|p2a: Ninetales|63\/100 tox|[from] psn\n|upkeep\n|\n|t:|1698987818\n|switch|p1a: Arcanine|Arcanine, M|100\/100\n|-damage|p1a: Arcanine|76\/100|[from] Stealth Rock\n|-ability|p1a: Arcanine|Intimidate|boost\n|-unboost|p2a: Ninetales|atk|1\n|turn|12\n|\n|t:|1698987828\n|switch|p2a: Kommo-o|Kommo-o, F|100\/100\n|move|p1a: Arcanine|Iron Head|p2a: Kommo-o\n|-damage|p2a: Kommo-o|87\/100\n|\n|-weather|Snow|[upkeep]\n|upkeep\n|turn|13\n|\n|t:|1698987848\n|switch|p1a: Mightyena|Mightyena, F|100\/100\n|-damage|p1a: Mightyena|88\/100|[from] Stealth Rock\n|move|p2a: Kommo-o|Clangorous Soul|p2a: Kommo-o\n|-boost|p2a: Kommo-o|atk|1\n|-boost|p2a: Kommo-o|def|1\n|-boost|p2a: Kommo-o|spa|1\n|-boost|p2a: Kommo-o|spd|1\n|-boost|p2a: Kommo-o|spe|1\n|-damage|p2a: Kommo-o|54\/100\n|-enditem|p2a: Kommo-o|Throat Spray\n|-boost|p2a: Kommo-o|spa|1|[from] item: Throat Spray\n|\n|-weather|Snow|[upkeep]\n|upkeep\n|turn|14\n|\n|t:|1698987874\n|move|p2a: Kommo-o|Aura Sphere|p1a: Mightyena\n|-supereffective|p1a: Mightyena\n|-damage|p1a: Mightyena|0 fnt\n|faint|p1a: Mightyena\n|\n|-weather|none\n|upkeep\n|\n|t:|1698987893\n|switch|p1a: Arcanine|Arcanine, M|76\/100\n|-damage|p1a: Arcanine|51\/100|[from] Stealth Rock\n|-ability|p1a: Arcanine|Intimidate|boost\n|-unboost|p2a: Kommo-o|atk|1\n|turn|15\n|\n|t:|1698987900\n|move|p1a: Arcanine|Extreme Speed|p2a: Kommo-o\n|-enditem|p1a: Arcanine|Normal Gem|[from] gem\n|-crit|p2a: Kommo-o\n|-damage|p2a: Kommo-o|3\/100\n|move|p2a: Kommo-o|Hyper Voice|p1a: Arcanine\n|-damage|p1a: Arcanine|0 fnt\n|faint|p1a: Arcanine\n|\n|upkeep\n|\n|t:|1698987924\n|switch|p1a: Shiftry|Shiftry, M|100\/100\n|-damage|p1a: Shiftry|88\/100|[from] Stealth Rock\n|turn|16\n|\n|t:|1698987933\n|move|p1a: Shiftry|Sucker Punch|p2a: Kommo-o\n|-resisted|p2a: Kommo-o\n|-damage|p2a: Kommo-o|0 fnt\n|faint|p2a: Kommo-o\n|\n|upkeep\n|\n|t:|1698987937\n|switch|p2a: Ninetales|Ninetales-Alola, M|63\/100 tox\n|-weather|Snow|[from] ability: Snow Warning|[of] p2a: Ninetales\n|turn|17\n|\n|t:|1698987953\n|move|p2a: Ninetales|Encore|p1a: Shiftry\n|-start|p1a: Shiftry|Encore\n|move|p1a: Shiftry|Sucker Punch||[still]\n|-fail|p1a: Shiftry\n|\n|-weather|Snow|[upkeep]\n|-damage|p2a: Ninetales|57\/100 tox|[from] psn\n|-sideend|p2: BlackAceX19|move: Aurora Veil\n|upkeep\n|turn|18\n|\n|t:|1698987965\n|switch|p1a: Jolteon|Jolteon, F|100\/100\n|-damage|p1a: Jolteon|88\/100|[from] Stealth Rock\n|move|p2a: Ninetales|Aurora Veil|p2a: Ninetales\n|-sidestart|p2: BlackAceX19|move: Aurora Veil\n|\n|-weather|Snow|[upkeep]\n|-damage|p2a: Ninetales|45\/100 tox|[from] psn\n|upkeep\n|turn|19\n|\n|t:|1698987976\n|move|p1a: Jolteon|Calm Mind|p1a: Jolteon\n|-boost|p1a: Jolteon|spa|1\n|-boost|p1a: Jolteon|spd|1\n|move|p2a: Ninetales|Blizzard|p1a: Jolteon\n|-damage|p1a: Jolteon|53\/100\n|\n|-weather|Snow|[upkeep]\n|-damage|p2a: Ninetales|27\/100 tox|[from] psn\n|upkeep\n|turn|20\n|\n|t:|1698987987\n|move|p1a: Jolteon|Calm Mind|p1a: Jolteon\n|-boost|p1a: Jolteon|spa|1\n|-boost|p1a: Jolteon|spd|1\n|move|p2a: Ninetales|Blizzard|p1a: Jolteon\n|-damage|p1a: Jolteon|24\/100\n|\n|-weather|Snow|[upkeep]\n|-damage|p2a: Ninetales|3\/100 tox|[from] psn\n|upkeep\n|turn|21\n|\n|t:|1698988009\n|move|p1a: Jolteon|Hyper Voice|p2a: Ninetales\n|-damage|p2a: Ninetales|0 fnt\n|faint|p2a: Ninetales\n|-enditem|p1a: Jolteon|Throat Spray\n|-boost|p1a: Jolteon|spa|1|[from] item: Throat Spray\n|\n|-weather|none\n|upkeep\n|\n|t:|1698988011\n|switch|p2a: Iron Treads|Iron Treads|100\/100\n|turn|22\n|\n|t:|1698988024\n|move|p1a: Jolteon|Shadow Ball|p2a: Iron Treads\n|-damage|p2a: Iron Treads|52\/100\n|move|p2a: Iron Treads|Earthquake|p1a: Jolteon\n|-supereffective|p1a: Jolteon\n|-damage|p1a: Jolteon|0 fnt\n|faint|p1a: Jolteon\n|\n|upkeep\n|\n|t:|1698988034\n|switch|p1a: Shiftry|Shiftry, M|88\/100\n|-damage|p1a: Shiftry|76\/100|[from] Stealth Rock\n|turn|23\n|\n|t:|1698988041\n|move|p2a: Iron Treads|Iron Head|p1a: Shiftry\n|-damage|p1a: Shiftry|16\/100\n|move|p1a: Shiftry|Tailwind|p1a: Shiftry\n|-sidestart|p1: redisdead98|move: Tailwind\n|-ability|p1a: Shiftry|Wind Rider|boost\n|-boost|p1a: Shiftry|atk|1\n|\n|upkeep\n|turn|24\n|\n|t:|1698988051\n|move|p1a: Shiftry|Leaf Blade|p2a: Iron Treads\n|-damage|p2a: Iron Treads|30\/100\n|-damage|p1a: Shiftry|0 fnt|[from] item: Rocky Helmet|[of] p2a: Iron Treads\n|faint|p1a: Shiftry\n|\n|win|BlackAceX19\n|l|\u2606BlackAceX19\n|j|\u2606BlackAceX19\n|player|p2|BlackAceX19|wally-masters\n","uploadtime":1698988058,"views":31,"p1id":"redisdead98","p2id":"blackacex19","formatid":"gen9ubers","rating":0,"private":0,"password":""}