{"id":"gen9ubers-1991264092","p1":"Aviated_Froakie","p2":"RadRaph","format":"[Gen 9] Ubers","log":"|j|\u2606Aviated_Froakie\n|j|\u2606RadRaph\n|t:|1700062478\n|gametype|singles\n|player|p1|Aviated_Froakie|n|1058\n|player|p2|RadRaph|steven|1103\n|teamsize|p1|6\n|teamsize|p2|6\n|gen|9\n|tier|[Gen 9] Ubers\n|rated|\n|rule|Sleep Clause Mod: Limit one foe put to sleep\n|rule|Species Clause: Limit one of each Pok\u00e9mon\n|rule|OHKO Clause: OHKO moves are banned\n|rule|Evasion Items Clause: Evasion items are banned\n|rule|Evasion Moves Clause: Evasion moves are banned\n|rule|Endless Battle Clause: Forcing endless battles is banned\n|rule|HP Percentage Mod: HP is shown in percentages\n|clearpoke\n|poke|p1|Samurott-Hisui, M|\n|poke|p1|Cinderace, M|\n|poke|p1|Ogerpon, F|\n|poke|p1|Arcanine-Hisui, M|\n|poke|p1|Quaquaval, F|\n|poke|p1|Gliscor, M|\n|poke|p2|Ursaluna-Bloodmoon, M|\n|poke|p2|Ogerpon-Cornerstone, F|\n|poke|p2|Scizor, F|\n|poke|p2|Flutter Mane|\n|poke|p2|Dragonite, F|\n|poke|p2|Urshifu-*, F|\n|teampreview\n|\n|t:|1700062491\n|start\n|switch|p1a: \ud83c\udf82|Quaquaval, F|100\/100\n|switch|p2a: Ogerpon|Ogerpon-Cornerstone, F|100\/100\n|turn|1\n|\n|t:|1700062503\n|move|p2a: Ogerpon|Horn Leech|p1a: \ud83c\udf82\n|-supereffective|p1a: \ud83c\udf82\n|-damage|p1a: \ud83c\udf82|0 fnt\n|faint|p1a: \ud83c\udf82\n|\n|upkeep\n|\n|t:|1700062529\n|switch|p1a: Flarrot|Cinderace, M, shiny|100\/100\n|turn|2\n|\n|t:|1700062535\n|move|p1a: Flarrot|Iron Head|p2a: Ogerpon\n|-start|p1a: Flarrot|typechange|Steel|[from] ability: Libero\n|-supereffective|p2a: Ogerpon\n|-ability|p2a: Ogerpon|Sturdy\n|-damage|p2a: Ogerpon|1\/100\n|move|p2a: Ogerpon|Ivy Cudgel|p1a: Flarrot|[anim] Ivy Cudgel Rock\n|-resisted|p1a: Flarrot\n|-damage|p1a: Flarrot|59\/100\n|\n|upkeep\n|turn|3\n|\n|t:|1700062553\n|switch|p2a: Scizor|Scizor, F|100\/100\n|move|p1a: Flarrot|Iron Head|p2a: Scizor\n|-resisted|p2a: Scizor\n|-damage|p2a: Scizor|82\/100\n|\n|upkeep\n|turn|4\n|\n|t:|1700062564\n|move|p1a: Flarrot|Pyro Ball|p2a: Scizor\n|-supereffective|p2a: Scizor\n|-damage|p2a: Scizor|0 fnt\n|faint|p2a: Scizor\n|\n|upkeep\n|\n|t:|1700062577\n|switch|p2a: Ursaluna|Ursaluna-Bloodmoon, M|100\/100\n|turn|5\n|\n|t:|1700062587\n|-terastallize|p1a: Flarrot|Grass\n|move|p2a: Ursaluna|Vacuum Wave|p1a: Flarrot\n|-damage|p1a: Flarrot|36\/100\n|move|p1a: Flarrot|Trailblaze|p2a: Ursaluna\n|-supereffective|p2a: Ursaluna\n|-damage|p2a: Ursaluna|64\/100\n|-boost|p1a: Flarrot|spe|1\n|\n|upkeep\n|turn|6\n|\n|t:|1700062602\n|move|p1a: Flarrot|Trailblaze|p2a: Ursaluna\n|-supereffective|p2a: Ursaluna\n|-damage|p2a: Ursaluna|22\/100\n|-boost|p1a: Flarrot|spe|1\n|move|p2a: Ursaluna|Blood Moon|p1a: Flarrot\n|-damage|p1a: Flarrot|0 fnt\n|faint|p1a: Flarrot\n|\n|upkeep\n|\n|t:|1700062621\n|switch|p1a: Soar|Gliscor, M, shiny|100\/100\n|turn|7\n|\n|t:|1700062631\n|switch|p2a: Ogerpon|Ogerpon-Cornerstone, F|1\/100\n|move|p1a: Soar|Swords Dance|p1a: Soar\n|-boost|p1a: Soar|atk|2\n|\n|-status|p1a: Soar|tox|[from] item: Toxic Orb\n|upkeep\n|turn|8\n|\n|t:|1700062643\n|move|p2a: Ogerpon|Ivy Cudgel|p1a: Soar|[anim] Ivy Cudgel Rock\n|-damage|p1a: Soar|40\/100 tox\n|move|p1a: Soar|Facade|p2a: Ogerpon\n|-resisted|p2a: Ogerpon\n|-damage|p2a: Ogerpon|0 fnt\n|faint|p2a: Ogerpon\n|\n|-heal|p1a: Soar|53\/100 tox|[from] ability: Poison Heal\n|upkeep\n|\n|t:|1700062656\n|switch|p2a: Urshifu|Urshifu-Rapid-Strike, F|100\/100\n|turn|9\n|\n|t:|1700062662\n|move|p2a: Urshifu|Surging Strikes|p1a: Soar\n|-supereffective|p1a: Soar\n|-crit|p1a: Soar\n|-damage|p1a: Soar|13\/100 tox\n|-supereffective|p1a: Soar\n|-crit|p1a: Soar\n|-damage|p1a: Soar|0 fnt\n|faint|p1a: Soar\n|-hitcount|p1: Soar|2\n|\n|upkeep\n|\n|t:|1700062674\n|switch|p1a: Goober|Ogerpon, F|100\/100\n|turn|10\n|\n|t:|1700062684\n|-terastallize|p2a: Urshifu|Poison\n|move|p1a: Goober|Swords Dance|p1a: Goober\n|-boost|p1a: Goober|atk|2\n|move|p2a: Urshifu|U-turn|p1a: Goober\n|-supereffective|p1a: Goober\n|-damage|p1a: Goober|35\/100\n|\n|t:|1700062696\n|switch|p2a: Flutter Mane|Flutter Mane|100\/100|[from] U-turn\n|-enditem|p2a: Flutter Mane|Booster Energy\n|-activate|p2a: Flutter Mane|ability: Protosynthesis|[fromitem]\n|-start|p2a: Flutter Mane|protosynthesisspe\n|\n|upkeep\n|turn|11\n|\n|t:|1700062731\n|move|p2a: Flutter Mane|Mystical Fire|p1a: Goober\n|-supereffective|p1a: Goober\n|-damage|p1a: Goober|0 fnt\n|faint|p1a: Goober\n|\n|upkeep\n|\n|t:|1700062743\n|switch|p1a: Nimbus|Arcanine-Hisui, M, shiny|100\/100\n|-item|p1a: Nimbus|Air Balloon\n|turn|12\n|\n|t:|1700062755\n|-end|p2a: Flutter Mane|Protosynthesis|[silent]\n|switch|p2a: Ursaluna|Ursaluna-Bloodmoon, M|22\/100\n|move|p1a: Nimbus|Flare Blitz|p2a: Ursaluna\n|-damage|p2a: Ursaluna|0 fnt\n|faint|p2a: Ursaluna\n|\n|upkeep\n|\n|t:|1700062766\n|switch|p2a: Urshifu|Urshifu-Rapid-Strike, F, tera:Poison|100\/100\n|turn|13\n|\n|t:|1700062780\n|move|p2a: Urshifu|Surging Strikes|p1a: Nimbus\n|-supereffective|p1a: Nimbus\n|-crit|p1a: Nimbus\n|-damage|p1a: Nimbus|0 fnt\n|-enditem|p1a: Nimbus|Air Balloon\n|faint|p1a: Nimbus\n|-hitcount|p1: Nimbus|1\n|\n|upkeep\n|\n|t:|1700062789\n|switch|p1a: Rai|Samurott-Hisui, M|100\/100\n|turn|14\n|\n|t:|1700062795\n|move|p2a: Urshifu|U-turn|p1a: Rai\n|-supereffective|p1a: Rai\n|-damage|p1a: Rai|42\/100\n|\n|t:|1700062803\n|switch|p2a: Dragonite|Dragonite, F|100\/100|[from] U-turn\n|move|p1a: Rai|Swords Dance|p1a: Rai\n|-boost|p1a: Rai|atk|2\n|\n|upkeep\n|turn|15\n|\n|t:|1700062846\n|move|p2a: Dragonite|Extreme Speed|p1a: Rai\n|-damage|p1a: Rai|0 fnt\n|faint|p1a: Rai\n|\n|win|RadRaph\n|raw|Aviated_Froakie's rating: 1058 &rarr; <strong>1042<\/strong><br \/>(-16 for losing)\n|raw|RadRaph's rating: 1103 &rarr; <strong>1125<\/strong><br \/>(+22 for winning)\n|l|\u2606Aviated_Froakie\n","uploadtime":1700062854,"views":8,"p1id":"aviatedfroakie","p2id":"radraph","formatid":"gen9ubers","rating":1042,"private":0,"password":""}