{"id":"gen9ubers-1993973479","p1":"Jyho Blackbird","p2":"pkfire fx","format":"[Gen 9] Ubers","log":"|j|\u2606Jyho Blackbird\n|j|\u2606pkfire fx\n|t:|1700386043\n|gametype|singles\n|player|p1|Jyho Blackbird|hilbert-wonderlauncher|\n|player|p2|pkfire fx|265|\n|teamsize|p1|6\n|teamsize|p2|6\n|gen|9\n|tier|[Gen 9] Ubers\n|rule|Sleep Clause Mod: Limit one foe put to sleep\n|rule|Species Clause: Limit one of each Pok\u00e9mon\n|rule|OHKO Clause: OHKO moves are banned\n|rule|Evasion Items Clause: Evasion items are banned\n|rule|Evasion Moves Clause: Evasion moves are banned\n|rule|Endless Battle Clause: Forcing endless battles is banned\n|rule|HP Percentage Mod: HP is shown in percentages\n|clearpoke\n|poke|p1|Volcarona, F|\n|poke|p1|Quagsire, M|\n|poke|p1|Iron Valiant|\n|poke|p1|Dialga|\n|poke|p1|Cyclizar, M|\n|poke|p1|Fezandipiti, M|\n|poke|p2|Magearna|\n|poke|p2|Ursaluna, F|\n|poke|p2|Dialga|\n|poke|p2|Hoopa-Unbound|\n|poke|p2|Cinderace, F|\n|poke|p2|Cresselia, F|\n|teampreview\n|\n|t:|1700386082\n|start\n|switch|p1a: Volcarona|Volcarona, F|100\/100\n|switch|p2a: Dialga|Dialga|100\/100\n|-ability|p2a: Dialga|Pressure\n|turn|1\n|\n|t:|1700386097\n|move|p1a: Volcarona|Fiery Dance|p2a: Dialga\n|-damage|p2a: Dialga|62\/100\n|-boost|p1a: Volcarona|spa|1\n|move|p2a: Dialga|Trick Room|p2a: Dialga\n|-fieldstart|move: Trick Room|[of] p2a: Dialga\n|\n|upkeep\n|turn|2\n|\n|t:|1700386109\n|move|p2a: Dialga|Draco Meteor|p1a: Volcarona\n|-damage|p1a: Volcarona|19\/100\n|-unboost|p2a: Dialga|spa|2\n|-enditem|p2a: Dialga|Eject Pack\n|\n|t:|1700386120\n|switch|p2a: Hoopa|Hoopa-Unbound|100\/100\n|move|p1a: Volcarona|Fiery Dance|p2a: Hoopa\n|-damage|p2a: Hoopa|68\/100\n|-boost|p1a: Volcarona|spa|1\n|\n|upkeep\n|turn|3\n|\n|t:|1700386141\n|move|p2a: Hoopa|Hyperspace Fury|p1a: Volcarona\n|-damage|p1a: Volcarona|0 fnt\n|-unboost|p2a: Hoopa|def|1\n|faint|p1a: Volcarona\n|\n|upkeep\n|\n|t:|1700386157\n|switch|p1a: Quagsire|Quagsire, M|100\/100\n|turn|4\n|\n|t:|1700386165\n|move|p1a: Quagsire|Toxic Spikes|p2a: Hoopa\n|-sidestart|p2: pkfire fx|move: Toxic Spikes\n|move|p2a: Hoopa|Hyperspace Fury|p1a: Quagsire\n|-damage|p1a: Quagsire|56\/100\n|-unboost|p2a: Hoopa|def|1\n|\n|-heal|p1a: Quagsire|62\/100|[from] item: Leftovers\n|upkeep\n|turn|5\n|\n|t:|1700386179\n|move|p1a: Quagsire|Toxic Spikes|p2a: Hoopa\n|-sidestart|p2: pkfire fx|move: Toxic Spikes\n|move|p2a: Hoopa|Drain Punch|p1a: Quagsire\n|-damage|p1a: Quagsire|36\/100\n|-heal|p2a: Hoopa|85\/100|[from] drain|[of] p1a: Quagsire\n|\n|-heal|p1a: Quagsire|42\/100|[from] item: Leftovers\n|-fieldend|move: Trick Room\n|upkeep\n|turn|6\n|\n|t:|1700386190\n|switch|p2a: Cinderace|Cinderace, F|100\/100\n|move|p1a: Quagsire|Stealth Rock|p2a: Cinderace\n|-sidestart|p2: pkfire fx|move: Stealth Rock\n|\n|-heal|p1a: Quagsire|48\/100|[from] item: Leftovers\n|upkeep\n|turn|7\n|\n|t:|1700386196\n|switch|p1a: Cyclizar|Cyclizar, M|100\/100\n|move|p2a: Cinderace|Court Change|p2a: Cinderace\n|-start|p2a: Cinderace|typechange|Normal|[from] ability: Libero\n|-swapsideconditions\n|-activate|p2a: Cinderace|move: Court Change\n|\n|upkeep\n|turn|8\n|\n|t:|1700386224\n|switch|p2a: Ursaluna|Ursaluna, F|100\/100\n|move|p1a: Cyclizar|Rapid Spin|p2a: Ursaluna\n|-damage|p2a: Ursaluna|89\/100\n|-boost|p1a: Cyclizar|spe|1\n|-sideend|p1: Jyho Blackbird|Toxic Spikes|[from] move: Rapid Spin|[of] p1a: Cyclizar\n|-sideend|p1: Jyho Blackbird|Stealth Rock|[from] move: Rapid Spin|[of] p1a: Cyclizar\n|\n|-status|p2a: Ursaluna|brn|[from] item: Flame Orb\n|upkeep\n|turn|9\n|\n|t:|1700386240\n|move|p1a: Cyclizar|Shed Tail|p1a: Cyclizar\n|-start|p1a: Cyclizar|Substitute|[from] move: Shed Tail\n|-damage|p1a: Cyclizar|50\/100\n|\n|t:|1700386251\n|switch|p1a: Iron Valiant|Iron Valiant|100\/100|[from] Shed Tail\n|-enditem|p1a: Iron Valiant|Booster Energy\n|-activate|p1a: Iron Valiant|ability: Quark Drive|[fromitem]\n|-start|p1a: Iron Valiant|quarkdrivespe\n|move|p2a: Ursaluna|Headlong Rush|p1a: Iron Valiant\n|-end|p1a: Iron Valiant|Substitute\n|-unboost|p2a: Ursaluna|def|1\n|-unboost|p2a: Ursaluna|spd|1\n|\n|-damage|p2a: Ursaluna|83\/100 brn|[from] brn\n|upkeep\n|turn|10\n|\n|t:|1700386270\n|switch|p2a: Cresselia|Cresselia, F|100\/100\n|move|p1a: Iron Valiant|Close Combat|p2a: Cresselia\n|-resisted|p2a: Cresselia\n|-damage|p2a: Cresselia|86\/100\n|-unboost|p1a: Iron Valiant|def|1\n|-unboost|p1a: Iron Valiant|spd|1\n|\n|upkeep\n|turn|11\n|\n|t:|1700386279\n|-end|p1a: Iron Valiant|Quark Drive|[silent]\n|switch|p1a: Fezandipiti|Fezandipiti, M|100\/100\n|move|p2a: Cresselia|Trick Room|p2a: Cresselia\n|-fieldstart|move: Trick Room|[of] p2a: Cresselia\n|\n|upkeep\n|turn|12\n|\n|t:|1700386320\n|switch|p2a: Cinderace|Cinderace, F|100\/100\n|move|p1a: Fezandipiti|Moonblast|p2a: Cinderace\n|-resisted|p2a: Cinderace\n|-crit|p2a: Cinderace\n|-damage|p2a: Cinderace|63\/100\n|-unboost|p2a: Cinderace|spa|1\n|\n|upkeep\n|turn|13\n|\n|t:|1700386336\n|move|p2a: Cinderace|U-turn|p1a: Fezandipiti\n|-start|p2a: Cinderace|typechange|Bug|[from] ability: Libero\n|-resisted|p1a: Fezandipiti\n|-damage|p1a: Fezandipiti|89\/100\n|\n|t:|1700386408\n|switch|p2a: Dialga|Dialga|62\/100|[from] U-turn\n|-ability|p2a: Dialga|Pressure\n|move|p1a: Fezandipiti|Moonblast|p2a: Dialga\n|-damage|p2a: Dialga|30\/100\n|-unboost|p2a: Dialga|spa|1\n|\n|upkeep\n|turn|14\n|\n|t:|1700386419\n|move|p2a: Dialga|Earth Power|p1a: Fezandipiti\n|-supereffective|p1a: Fezandipiti\n|-damage|p1a: Fezandipiti|42\/100\n|move|p1a: Fezandipiti|Moonblast|p2a: Dialga\n|-damage|p2a: Dialga|0 fnt\n|faint|p2a: Dialga\n|\n|upkeep\n|\n|t:|1700386430\n|switch|p2a: Ursaluna|Ursaluna, F|83\/100 brn\n|turn|15\n|\n|t:|1700386437\n|-terastallize|p1a: Fezandipiti|Flying\n|move|p2a: Ursaluna|Headlong Rush|p1a: Fezandipiti\n|-immune|p1a: Fezandipiti\n|move|p1a: Fezandipiti|Moonblast|p2a: Ursaluna\n|-damage|p2a: Ursaluna|53\/100 brn\n|\n|-damage|p2a: Ursaluna|47\/100 brn|[from] brn\n|-fieldend|move: Trick Room\n|upkeep\n|turn|16\n|\n|t:|1700386446\n|switch|p2a: Magearna|Magearna|100\/100\n|move|p1a: Fezandipiti|Moonblast|p2a: Magearna\n|-resisted|p2a: Magearna\n|-damage|p2a: Magearna|85\/100\n|\n|upkeep\n|turn|17\n|\n|t:|1700386453\n|move|p1a: Fezandipiti|Moonblast|p2a: Magearna\n|-resisted|p2a: Magearna\n|-damage|p2a: Magearna|70\/100\n|move|p2a: Magearna|Trick Room|p2a: Magearna\n|-fieldstart|move: Trick Room|[of] p2a: Magearna\n|\n|upkeep\n|turn|18\n|\n|t:|1700386461\n|move|p2a: Magearna|Fleur Cannon|p1a: Fezandipiti\n|-damage|p1a: Fezandipiti|0 fnt\n|-unboost|p2a: Magearna|spa|2\n|faint|p1a: Fezandipiti\n|-ability|p2a: Magearna|Soul-Heart|boost\n|-boost|p2a: Magearna|spa|1\n|\n|upkeep\n|\n|t:|1700386470\n|switch|p1a: Quagsire|Quagsire, M|48\/100\n|turn|19\n|\n|t:|1700386476\n|move|p2a: Magearna|Fleur Cannon|p1a: Quagsire\n|-crit|p1a: Quagsire\n|-damage|p1a: Quagsire|0 fnt\n|-unboost|p2a: Magearna|spa|2\n|faint|p1a: Quagsire\n|-ability|p2a: Magearna|Soul-Heart|boost\n|-boost|p2a: Magearna|spa|1\n|\n|upkeep\n|\n|t:|1700386484\n|switch|p1a: Dialga|Dialga|100\/100\n|-ability|p1a: Dialga|Pressure\n|turn|20\n|\n|t:|1700386496\n|move|p2a: Magearna|Volt Switch|p1a: Dialga\n|-resisted|p1a: Dialga\n|-damage|p1a: Dialga|98\/100\n|\n|t:|1700386498\n|switch|p2a: Cresselia|Cresselia, F|86\/100|[from] Volt Switch\n|move|p1a: Dialga|Flash Cannon|p2a: Cresselia\n|-damage|p2a: Cresselia|55\/100\n|\n|upkeep\n|turn|21\n|\n|t:|1700386517\n|move|p2a: Cresselia|Moonlight|p2a: Cresselia\n|-heal|p2a: Cresselia|100\/100\n|move|p1a: Dialga|Draco Meteor|p2a: Cresselia\n|-damage|p2a: Cresselia|48\/100\n|-unboost|p1a: Dialga|spa|2\n|\n|-fieldend|move: Trick Room\n|upkeep\n|turn|22\n|\n|t:|1700386529\n|switch|p1a: Cyclizar|Cyclizar, M|84\/100\n|move|p2a: Cresselia|Moonlight|p2a: Cresselia\n|-heal|p2a: Cresselia|98\/100\n|\n|upkeep\n|turn|23\n|\n|t:|1700386550\n|move|p1a: Cyclizar|Shed Tail|p1a: Cyclizar\n|-start|p1a: Cyclizar|Substitute|[from] move: Shed Tail\n|-damage|p1a: Cyclizar|34\/100\n|\n|t:|1700386560\n|switch|p1a: Dialga|Dialga|98\/100|[from] Shed Tail\n|-ability|p1a: Dialga|Pressure\n|move|p2a: Cresselia|Trick Room|p2a: Cresselia\n|-fieldstart|move: Trick Room|[of] p2a: Cresselia\n|\n|upkeep\n|turn|24\n|\n|t:|1700386573\n|move|p2a: Cresselia|Calm Mind|p2a: Cresselia\n|-boost|p2a: Cresselia|spa|1\n|-boost|p2a: Cresselia|spd|1\n|move|p1a: Dialga|Flash Cannon|p2a: Cresselia\n|-damage|p2a: Cresselia|78\/100\n|\n|upkeep\n|turn|25\n|\n|t:|1700386579\n|move|p2a: Cresselia|Moonblast|p1a: Dialga\n|-activate|p1a: Dialga|move: Substitute|[damage]\n|move|p1a: Dialga|Dragon Tail|p2a: Cresselia|[miss]\n|-miss|p1a: Dialga|p2a: Cresselia\n|\n|upkeep\n|turn|26\n|\n|t:|1700386586\n|move|p2a: Cresselia|Moonblast|p1a: Dialga\n|-end|p1a: Dialga|Substitute\n|move|p1a: Dialga|Dragon Tail|p2a: Cresselia|[miss]\n|-miss|p1a: Dialga|p2a: Cresselia\n|\n|upkeep\n|turn|27\n|\n|t:|1700386594\n|switch|p2a: Magearna|Magearna|70\/100\n|move|p1a: Dialga|Dragon Tail|p2a: Magearna\n|-immune|p2a: Magearna\n|\n|-fieldend|move: Trick Room\n|upkeep\n|turn|28\n|\n|t:|1700386603\n|switch|p2a: Cresselia|Cresselia, F|78\/100\n|move|p1a: Dialga|Flash Cannon|p2a: Cresselia\n|-crit|p2a: Cresselia\n|-damage|p2a: Cresselia|23\/100\n|\n|upkeep\n|turn|29\n|\n|t:|1700386624\n|move|p1a: Dialga|Flash Cannon|p2a: Cresselia\n|-damage|p2a: Cresselia|0 fnt\n|faint|p2a: Cresselia\n|\n|upkeep\n|\n|t:|1700386626\n|switch|p2a: Hoopa|Hoopa-Unbound|85\/100\n|turn|30\n|\n|t:|1700386650\n|move|p1a: Dialga|Flash Cannon|p2a: Hoopa\n|-damage|p2a: Hoopa|61\/100\n|move|p2a: Hoopa|Drain Punch|p1a: Dialga\n|-supereffective|p1a: Dialga\n|-damage|p1a: Dialga|50\/100\n|-heal|p2a: Hoopa|93\/100|[from] drain|[of] p1a: Dialga\n|\n|upkeep\n|turn|31\n|\n|t:|1700386674\n|move|p1a: Dialga|Draco Meteor|p2a: Hoopa\n|-damage|p2a: Hoopa|51\/100\n|-unboost|p1a: Dialga|spa|2\n|move|p2a: Hoopa|Zen Headbutt|p1a: Dialga|[miss]\n|-miss|p2a: Hoopa|p1a: Dialga\n|\n|upkeep\n|turn|32\n|\n|t:|1700386685\n|move|p2a: Hoopa|Drain Punch|p1a: Dialga\n|-supereffective|p1a: Dialga\n|-damage|p1a: Dialga|4\/100\n|-heal|p2a: Hoopa|82\/100|[from] drain|[of] p1a: Dialga\n|move|p1a: Dialga|Dragon Tail|p2a: Hoopa\n|-crit|p2a: Hoopa\n|-damage|p2a: Hoopa|19\/100\n|drag|p2a: Cinderace|Cinderace, F|63\/100\n|\n|upkeep\n|turn|33\n|\n|t:|1700386697\n|move|p2a: Cinderace|Pyro Ball|p1a: Dialga\n|-damage|p1a: Dialga|0 fnt\n|faint|p1a: Dialga\n|\n|upkeep\n|\n|t:|1700386703\n|switch|p1a: Cyclizar|Cyclizar, M|67\/100\n|turn|34\n|\n|t:|1700386708\n|move|p1a: Cyclizar|Shed Tail|p1a: Cyclizar\n|-start|p1a: Cyclizar|Substitute|[from] move: Shed Tail\n|-damage|p1a: Cyclizar|17\/100\n|\n|t:|1700386711\n|switch|p1a: Iron Valiant|Iron Valiant|100\/100|[from] Shed Tail\n|move|p2a: Cinderace|Pyro Ball|p1a: Iron Valiant\n|-end|p1a: Iron Valiant|Substitute\n|\n|upkeep\n|turn|35\n|\n|t:|1700386723\n|move|p1a: Iron Valiant|Close Combat|p2a: Cinderace\n|-damage|p2a: Cinderace|0 fnt\n|-unboost|p1a: Iron Valiant|def|1\n|-unboost|p1a: Iron Valiant|spd|1\n|faint|p2a: Cinderace\n|\n|upkeep\n|\n|t:|1700386731\n|switch|p2a: Magearna|Magearna|70\/100\n|turn|36\n|\n|t:|1700386736\n|move|p1a: Iron Valiant|Close Combat|p2a: Magearna\n|-damage|p2a: Magearna|32\/100\n|-unboost|p1a: Iron Valiant|def|1\n|-unboost|p1a: Iron Valiant|spd|1\n|move|p2a: Magearna|Fleur Cannon|p1a: Iron Valiant\n|-supereffective|p1a: Iron Valiant\n|-damage|p1a: Iron Valiant|0 fnt\n|-unboost|p2a: Magearna|spa|2\n|faint|p1a: Iron Valiant\n|-ability|p2a: Magearna|Soul-Heart|boost\n|-boost|p2a: Magearna|spa|1\n|-end|p1a: Iron Valiant|Quark Drive|[silent]\n|\n|upkeep\n|\n|t:|1700386747\n|switch|p1a: Cyclizar|Cyclizar, M|50\/100\n|turn|37\n|\n|t:|1700386767\n|move|p1a: Cyclizar|Rapid Spin|p2a: Magearna\n|-resisted|p2a: Magearna\n|-damage|p2a: Magearna|27\/100\n|-boost|p1a: Cyclizar|spe|1\n|move|p2a: Magearna|Trick Room|p2a: Magearna\n|-fieldstart|move: Trick Room|[of] p2a: Magearna\n|\n|upkeep\n|turn|38\n|\n|t:|1700386780\n|move|p2a: Magearna|Fleur Cannon|p1a: Cyclizar\n|-supereffective|p1a: Cyclizar\n|-damage|p1a: Cyclizar|0 fnt\n|-unboost|p2a: Magearna|spa|2\n|faint|p1a: Cyclizar\n|\n|win|pkfire fx\n|c|\u2606pkfire fx|gg\n|c|\u2606Jyho Blackbird|gg\n","uploadtime":1700386789,"views":22,"p1id":"jyhoblackbird","p2id":"pkfirefx","formatid":"gen9ubers","rating":0,"private":0,"password":""}