{"id":"gen9ubers-1999165315","p1":"thunderbug","p2":"TimDaMan123","format":"[Gen 9] Ubers","log":"|j|\u2606thunderbug\n|j|\u203dTimDaMan123\n|inactive|Battle timer is ON: inactive players will automatically lose when time's up.\n|t:|1701040388\n|gametype|singles\n|player|p1|thunderbug|bugsy-gen2|\n|player|p2|TimDaMan123|ghetsis|\n|teamsize|p1|6\n|teamsize|p2|6\n|gen|9\n|tier|[Gen 9] Ubers\n|rated|Tournament battle\n|rule|Sleep Clause Mod: Limit one foe put to sleep\n|rule|Species Clause: Limit one of each Pok\u00e9mon\n|rule|OHKO Clause: OHKO moves are banned\n|rule|Evasion Items Clause: Evasion items are banned\n|rule|Evasion Moves Clause: Evasion moves are banned\n|rule|Endless Battle Clause: Forcing endless battles is banned\n|rule|HP Percentage Mod: HP is shown in percentages\n|clearpoke\n|poke|p1|Ting-Lu|\n|poke|p1|Skeledirge, F|\n|poke|p1|Koraidon|\n|poke|p1|Arceus-Fairy|\n|poke|p1|Eternatus|\n|poke|p1|Kyogre|\n|poke|p2|Grimmsnarl, M|\n|poke|p2|Arceus-Ground|\n|poke|p2|Miraidon|\n|poke|p2|Sneasler, F|\n|poke|p2|Calyrex-Ice|\n|poke|p2|Zacian-*|\n|teampreview\n|j|*Lady Monita \u2746\n|j| BB-8-NU\n|inactive|TimDaMan123 also wants the timer to be on.\n|c|\u2606thunderbug|gl hf\n|j| Shbaaa\n|\n|t:|1701040412\n|start\n|switch|p1a: Ting-Lu|Ting-Lu|100\/100\n|switch|p2a: Grimmsnarl|Grimmsnarl, M|100\/100\n|-ability|p1a: Ting-Lu|Vessel of Ruin\n|turn|1\n|j| CCRLX73\n|\n|t:|1701040417\n|move|p2a: Grimmsnarl|Taunt|p1a: Ting-Lu\n|-hint|Since gen 7, Dark is immune to Prankster moves.\n|-immune|p1a: Ting-Lu\n|move|p1a: Ting-Lu|Spikes|p2a: Grimmsnarl\n|-sidestart|p2: TimDaMan123|Spikes\n|\n|upkeep\n|turn|2\n|\n|t:|1701040422\n|move|p2a: Grimmsnarl|Reflect|p2a: Grimmsnarl\n|-sidestart|p2: TimDaMan123|Reflect\n|move|p1a: Ting-Lu|Spikes|p2a: Grimmsnarl\n|-sidestart|p2: TimDaMan123|Spikes\n|\n|upkeep\n|turn|3\n|l| CCRLX73\n|\n|t:|1701040428\n|move|p2a: Grimmsnarl|Light Screen|p2a: Grimmsnarl\n|-sidestart|p2: TimDaMan123|move: Light Screen\n|move|p1a: Ting-Lu|Spikes|p2a: Grimmsnarl\n|-sidestart|p2: TimDaMan123|Spikes\n|\n|upkeep\n|turn|4\n|\n|t:|1701040431\n|move|p2a: Grimmsnarl|Play Rough|p1a: Ting-Lu\n|-supereffective|p1a: Ting-Lu\n|-damage|p1a: Ting-Lu|63\/100\n|move|p1a: Ting-Lu|Ruination|p2a: Grimmsnarl\n|-damage|p2a: Grimmsnarl|51\/100\n|\n|-heal|p1a: Ting-Lu|69\/100|[from] item: Leftovers\n|upkeep\n|turn|5\n|\n|t:|1701040438\n|move|p1a: Ting-Lu|Protect|p1a: Ting-Lu\n|-singleturn|p1a: Ting-Lu|Protect\n|move|p2a: Grimmsnarl|Play Rough|p1a: Ting-Lu\n|-activate|p1a: Ting-Lu|move: Protect\n|\n|-heal|p1a: Ting-Lu|76\/100|[from] item: Leftovers\n|upkeep\n|turn|6\n|\n|t:|1701040450\n|switch|p1a: Skeledirge|Skeledirge, F|100\/100\n|move|p2a: Grimmsnarl|Play Rough|p1a: Skeledirge\n|-resisted|p1a: Skeledirge\n|-crit|p1a: Skeledirge\n|-damage|p1a: Skeledirge|84\/100\n|\n|upkeep\n|turn|7\n|\n|t:|1701040459\n|switch|p2a: Arceus|Arceus-Ground|100\/100\n|-damage|p2a: Arceus|76\/100|[from] Spikes\n|move|p1a: Skeledirge|Torch Song|p2a: Arceus\n|-damage|p2a: Arceus|66\/100\n|-boost|p1a: Skeledirge|spa|1\n|\n|upkeep\n|turn|8\n|\n|t:|1701040468\n|switch|p1a: Kyogre|Kyogre|100\/100\n|-weather|RainDance|[from] ability: Drizzle|[of] p1a: Kyogre\n|move|p2a: Arceus|Earthquake|p1a: Kyogre\n|-damage|p1a: Kyogre|27\/100\n|\n|-weather|RainDance|[upkeep]\n|upkeep\n|turn|9\n|j| traax\n|\n|t:|1701040476\n|move|p1a: Kyogre|Surf|p2a: Arceus\n|-supereffective|p2a: Arceus\n|-damage|p2a: Arceus|14\/100\n|move|p2a: Arceus|Earthquake|p1a: Kyogre\n|-damage|p1a: Kyogre|0 fnt\n|faint|p1a: Kyogre\n|\n|-weather|RainDance|[upkeep]\n|-sideend|p2: TimDaMan123|Reflect\n|upkeep\n|\n|t:|1701040488\n|switch|p1a: Koraidon|Koraidon|100\/100\n|-weather|SunnyDay|[from] ability: Orichalcum Pulse|[of] p1a: Koraidon\n|-activate|p1a: Koraidon|Orichalcum Pulse|[source]\n|turn|10\n|\n|t:|1701040495\n|move|p1a: Koraidon|Flare Blitz|p2a: Arceus\n|-damage|p2a: Arceus|0 fnt\n|faint|p2a: Arceus\n|-damage|p1a: Koraidon|95\/100|[from] Recoil\n|\n|-weather|SunnyDay|[upkeep]\n|-sideend|p2: TimDaMan123|move: Light Screen\n|upkeep\n|\n|t:|1701040502\n|switch|p2a: Grimmsnarl|Grimmsnarl, M|51\/100\n|-damage|p2a: Grimmsnarl|26\/100|[from] Spikes\n|turn|11\n|\n|t:|1701040516\n|switch|p1a: Eternatus|Eternatus|100\/100\n|-ability|p1a: Eternatus|Pressure\n|move|p2a: Grimmsnarl|Reflect|p2a: Grimmsnarl\n|-sidestart|p2: TimDaMan123|Reflect\n|\n|-weather|SunnyDay|[upkeep]\n|upkeep\n|turn|12\n|\n|t:|1701040522\n|move|p2a: Grimmsnarl|Light Screen|p2a: Grimmsnarl\n|-sidestart|p2: TimDaMan123|move: Light Screen\n|move|p1a: Eternatus|Toxic|p2a: Grimmsnarl\n|-status|p2a: Grimmsnarl|tox\n|\n|-weather|SunnyDay|[upkeep]\n|-damage|p2a: Grimmsnarl|20\/100 tox|[from] psn\n|upkeep\n|turn|13\n|\n|t:|1701040532\n|move|p1a: Eternatus|Flamethrower|p2a: Grimmsnarl\n|-damage|p2a: Grimmsnarl|1\/100 tox\n|move|p2a: Grimmsnarl|Play Rough|p1a: Eternatus\n|-damage|p1a: Eternatus|69\/100\n|\n|-weather|SunnyDay|[upkeep]\n|-damage|p2a: Grimmsnarl|0 fnt|[from] psn\n|faint|p2a: Grimmsnarl\n|upkeep\n|\n|t:|1701040538\n|switch|p2a: Miraidon|Miraidon|100\/100\n|-damage|p2a: Miraidon|76\/100|[from] Spikes\n|-fieldstart|move: Electric Terrain|[from] ability: Hadron Engine|[of] p2a: Miraidon\n|-enditem|p2a: Miraidon|Electric Seed\n|-boost|p2a: Miraidon|def|1|[from] item: Electric Seed\n|turn|14\n|\n|t:|1701040552\n|switch|p1a: Arceus|Arceus-Fairy|100\/100\n|-terastallize|p2a: Miraidon|Fairy\n|move|p2a: Miraidon|Dragon Pulse|p1a: Arceus\n|-immune|p1a: Arceus\n|\n|-weather|none\n|upkeep\n|turn|15\n|\n|t:|1701040562\n|switch|p2a: Sneasler|Sneasler, F|100\/100\n|-damage|p2a: Sneasler|76\/100|[from] Spikes\n|-enditem|p2a: Sneasler|Electric Seed\n|-boost|p2a: Sneasler|def|1|[from] item: Electric Seed\n|switch|p1a: Ting-Lu|Ting-Lu|76\/100\n|-ability|p1a: Ting-Lu|Vessel of Ruin\n|\n|-heal|p1a: Ting-Lu|82\/100|[from] item: Leftovers\n|upkeep\n|turn|16\n|\n|t:|1701040570\n|switch|p1a: Skeledirge|Skeledirge, F|84\/100\n|move|p2a: Sneasler|Close Combat|p1a: Skeledirge\n|-immune|p1a: Skeledirge\n|\n|upkeep\n|turn|17\n|\n|t:|1701040577\n|move|p2a: Sneasler|Gunk Shot|p1a: Skeledirge|[miss]\n|-miss|p2a: Sneasler|p1a: Skeledirge\n|move|p1a: Skeledirge|Will-O-Wisp|p2a: Sneasler\n|-status|p2a: Sneasler|brn\n|\n|-damage|p2a: Sneasler|69\/100 brn|[from] brn\n|upkeep\n|turn|18\n|\n|t:|1701040583\n|switch|p1a: Eternatus|Eternatus|69\/100\n|-ability|p1a: Eternatus|Pressure\n|move|p2a: Sneasler|Gunk Shot|p1a: Eternatus\n|-resisted|p1a: Eternatus\n|-damage|p1a: Eternatus|57\/100\n|\n|-damage|p2a: Sneasler|63\/100 brn|[from] brn\n|-sideend|p2: TimDaMan123|Reflect\n|-fieldend|move: Electric Terrain\n|upkeep\n|turn|19\n|l| Shbaaa\n|\n|t:|1701040598\n|move|p2a: Sneasler|Swords Dance|p2a: Sneasler\n|-boost|p2a: Sneasler|atk|2\n|move|p1a: Eternatus|Recover|p1a: Eternatus\n|-heal|p1a: Eternatus|100\/100\n|\n|-damage|p2a: Sneasler|57\/100 brn|[from] brn\n|-sideend|p2: TimDaMan123|move: Light Screen\n|upkeep\n|turn|20\n|\n|t:|1701040604\n|move|p2a: Sneasler|Close Combat|p1a: Eternatus\n|-resisted|p1a: Eternatus\n|-damage|p1a: Eternatus|77\/100\n|-unboost|p2a: Sneasler|def|1\n|-unboost|p2a: Sneasler|spd|1\n|move|p1a: Eternatus|Dynamax Cannon|p2a: Sneasler\n|-damage|p2a: Sneasler|0 fnt\n|faint|p2a: Sneasler\n|\n|upkeep\n|\n|t:|1701040610\n|switch|p2a: Miraidon|Miraidon, tera:Fairy|76\/100\n|-damage|p2a: Miraidon|51\/100|[from] Spikes\n|-fieldstart|move: Electric Terrain|[from] ability: Hadron Engine|[of] p2a: Miraidon\n|turn|21\n|\n|t:|1701040618\n|switch|p1a: Ting-Lu|Ting-Lu|82\/100\n|-ability|p1a: Ting-Lu|Vessel of Ruin\n|move|p2a: Miraidon|Parabolic Charge|p1a: Ting-Lu\n|-immune|p1a: Ting-Lu\n|\n|-heal|p1a: Ting-Lu|88\/100|[from] item: Leftovers\n|upkeep\n|turn|22\n|\n|t:|1701040627\n|move|p2a: Miraidon|Parabolic Charge|p1a: Ting-Lu\n|-immune|p1a: Ting-Lu\n|move|p1a: Ting-Lu|Earthquake|p2a: Miraidon\n|-damage|p2a: Miraidon|21\/100\n|\n|-heal|p1a: Ting-Lu|94\/100|[from] item: Leftovers\n|upkeep\n|turn|23\n|\n|t:|1701040637\n|move|p2a: Miraidon|Dragon Pulse|p1a: Ting-Lu\n|-damage|p1a: Ting-Lu|67\/100\n|move|p1a: Ting-Lu|Earthquake|p2a: Miraidon\n|-damage|p2a: Miraidon|0 fnt\n|faint|p2a: Miraidon\n|\n|-heal|p1a: Ting-Lu|74\/100|[from] item: Leftovers\n|upkeep\n|\n|t:|1701040643\n|switch|p2a: Zacian|Zacian-Crowned|100\/100\n|-damage|p2a: Zacian|76\/100|[from] Spikes\n|-ability|p2a: Zacian|Intrepid Sword|boost\n|-boost|p2a: Zacian|atk|1\n|turn|24\n|\n|t:|1701040655\n|switch|p1a: Skeledirge|Skeledirge, F|84\/100\n|move|p2a: Zacian|Play Rough|p1a: Skeledirge\n|-resisted|p1a: Skeledirge\n|-damage|p1a: Skeledirge|68\/100\n|\n|upkeep\n|turn|25\n|\n|t:|1701040668\n|move|p2a: Zacian|Behemoth Blade|p1a: Skeledirge\n|-resisted|p1a: Skeledirge\n|-damage|p1a: Skeledirge|51\/100\n|move|p1a: Skeledirge|Slack Off|p1a: Skeledirge\n|-heal|p1a: Skeledirge|100\/100\n|\n|-fieldend|move: Electric Terrain\n|upkeep\n|turn|26\n|\n|t:|1701040672\n|move|p2a: Zacian|Behemoth Blade|p1a: Skeledirge\n|-resisted|p1a: Skeledirge\n|-damage|p1a: Skeledirge|84\/100\n|move|p1a: Skeledirge|Will-O-Wisp|p2a: Zacian\n|-status|p2a: Zacian|brn\n|\n|-damage|p2a: Zacian|69\/100 brn|[from] brn\n|upkeep\n|turn|27\n|\n|t:|1701040674\n|move|p2a: Zacian|Behemoth Blade|p1a: Skeledirge\n|-resisted|p1a: Skeledirge\n|-damage|p1a: Skeledirge|75\/100\n|move|p1a: Skeledirge|Torch Song|p2a: Zacian\n|-supereffective|p2a: Zacian\n|-damage|p2a: Zacian|18\/100 brn\n|-boost|p1a: Skeledirge|spa|1\n|\n|-damage|p2a: Zacian|12\/100 brn|[from] brn\n|upkeep\n|turn|28\n|\n|t:|1701040681\n|move|p2a: Zacian|Behemoth Blade|p1a: Skeledirge\n|-resisted|p1a: Skeledirge\n|-damage|p1a: Skeledirge|66\/100\n|move|p1a: Skeledirge|Torch Song|p2a: Zacian\n|-supereffective|p2a: Zacian\n|-damage|p2a: Zacian|0 fnt\n|-boost|p1a: Skeledirge|spa|1\n|faint|p2a: Zacian\n|\n|upkeep\n|\n|t:|1701040684\n|switch|p2a: Calyrex|Calyrex-Ice|100\/100\n|-ability|p2a: Calyrex|As One\n|-ability|p2a: Calyrex|Unnerve\n|turn|29\n|\n|t:|1701040688\n|move|p1a: Skeledirge|Torch Song|p2a: Calyrex\n|-supereffective|p2a: Calyrex\n|-damage|p2a: Calyrex|25\/100\n|-boost|p1a: Skeledirge|spa|1\n|move|p2a: Calyrex|High Horsepower|p1a: Skeledirge\n|-supereffective|p1a: Skeledirge\n|-damage|p1a: Skeledirge|11\/100\n|\n|upkeep\n|turn|30\n|\n|t:|1701040695\n|move|p1a: Skeledirge|Torch Song|p2a: Calyrex\n|-supereffective|p2a: Calyrex\n|-damage|p2a: Calyrex|0 fnt\n|-boost|p1a: Skeledirge|spa|1\n|faint|p2a: Calyrex\n|\n|win|thunderbug\n|n|\u2606thunderbug|thunderbug\n|n|\u203dTimDaMan123|timdaman123\n|n|*Lady Monita \u2746|ladymonita\n|n| BB-8-NU|bb8nu\n|n| traax|traax\n","uploadtime":1701040696,"views":1,"p1id":"thunderbug","p2id":"timdaman123","formatid":"gen9ubers","rating":0,"private":0,"password":""}