{"id":"gen9ubers-1995464688","p1":"KeshBa45","p2":"ringlord","format":"[Gen 9] Ubers","log":"|j|\u203dKeshBa45\n|j|\u203dringlord\n|t:|1700573806\n|gametype|singles\n|player|p1|KeshBa45|red|\n|player|p2|ringlord|1|\n|teamsize|p1|6\n|teamsize|p2|6\n|gen|9\n|tier|[Gen 9] Ubers\n|rated|Tournament battle\n|rule|Sleep Clause Mod: Limit one foe put to sleep\n|rule|Species Clause: Limit one of each Pok\u00e9mon\n|rule|OHKO Clause: OHKO moves are banned\n|rule|Evasion Items Clause: Evasion items are banned\n|rule|Evasion Moves Clause: Evasion moves are banned\n|rule|Endless Battle Clause: Forcing endless battles is banned\n|rule|HP Percentage Mod: HP is shown in percentages\n|clearpoke\n|poke|p1|Ribombee, F|\n|poke|p1|Mewtwo|\n|poke|p1|Miraidon|\n|poke|p1|Eternatus|\n|poke|p1|Zacian-*|\n|poke|p1|Arceus|\n|poke|p2|Arceus-Ground|\n|poke|p2|Regieleki|\n|poke|p2|Ditto|\n|poke|p2|Eternatus|\n|poke|p2|Koraidon|\n|poke|p2|Miraidon|\n|teampreview\n|inactive|Battle timer is ON: inactive players will automatically lose when time's up. (requested by ringlord)\n|\n|t:|1700573816\n|start\n|switch|p1a: Ribombee|Ribombee, F, shiny|100\/100\n|switch|p2a: Regieleki|Regieleki|100\/100\n|turn|1\n|\n|t:|1700573827\n|switch|p1a: Eternatus|Eternatus|100\/100\n|-ability|p1a: Eternatus|Pressure\n|move|p2a: Regieleki|Thunderbolt|p1a: Eternatus\n|-resisted|p1a: Eternatus\n|-damage|p1a: Eternatus|81\/100\n|\n|-heal|p1a: Eternatus|87\/100|[from] item: Leftovers\n|upkeep\n|turn|2\n|\n|t:|1700573841\n|move|p2a: Regieleki|Tera Blast|p1a: Eternatus\n|-damage|p1a: Eternatus|69\/100\n|move|p1a: Eternatus|Dynamax Cannon|p2a: Regieleki\n|-damage|p2a: Regieleki|7\/100\n|\n|-heal|p1a: Eternatus|75\/100|[from] item: Leftovers\n|upkeep\n|turn|3\n|\n|t:|1700573858\n|move|p2a: Regieleki|Volt Switch|p1a: Eternatus\n|-resisted|p1a: Eternatus\n|-damage|p1a: Eternatus|58\/100\n|\n|t:|1700573863\n|switch|p2a: Arceus|Arceus-Ground|100\/100|[from] Volt Switch\n|move|p1a: Eternatus|Dynamax Cannon|p2a: Arceus\n|-damage|p2a: Arceus|56\/100\n|\n|-heal|p1a: Eternatus|65\/100|[from] item: Leftovers\n|upkeep\n|turn|4\n|\n|t:|1700573887\n|switch|p1a: Ribombee|Ribombee, F, shiny|100\/100\n|move|p2a: Arceus|Judgment|p1a: Ribombee\n|-resisted|p1a: Ribombee\n|-damage|p1a: Ribombee|56\/100\n|\n|upkeep\n|turn|5\n|\n|t:|1700573897\n|move|p1a: Ribombee|Sticky Web|p2a: Arceus\n|-sidestart|p2: ringlord|move: Sticky Web\n|move|p2a: Arceus|Judgment|p1a: Ribombee\n|-resisted|p1a: Ribombee\n|-damage|p1a: Ribombee|14\/100\n|\n|upkeep\n|turn|6\n|\n|t:|1700573902\n|move|p1a: Ribombee|Moonblast|p2a: Arceus\n|-damage|p2a: Arceus|30\/100\n|-unboost|p2a: Arceus|spa|1\n|move|p2a: Arceus|Judgment|p1a: Ribombee\n|-resisted|p1a: Ribombee\n|-damage|p1a: Ribombee|0 fnt\n|faint|p1a: Ribombee\n|\n|upkeep\n|\n|t:|1700573905\n|switch|p1a: Arceus|Arceus|100\/100\n|turn|7\n|\n|t:|1700573912\n|move|p1a: Arceus|Swords Dance|p1a: Arceus\n|-boost|p1a: Arceus|atk|2\n|move|p2a: Arceus|Recover|p2a: Arceus\n|-heal|p2a: Arceus|80\/100\n|\n|upkeep\n|turn|8\n|\n|t:|1700573923\n|move|p1a: Arceus|Swords Dance|p1a: Arceus\n|-boost|p1a: Arceus|atk|2\n|move|p2a: Arceus|Judgment|p1a: Arceus\n|-damage|p1a: Arceus|78\/100\n|\n|upkeep\n|turn|9\n|\n|t:|1700573926\n|move|p1a: Arceus|Extreme Speed|p2a: Arceus\n|-damage|p2a: Arceus|19\/100\n|move|p2a: Arceus|Ice Beam|p1a: Arceus\n|-crit|p1a: Arceus\n|-damage|p1a: Arceus|53\/100\n|\n|upkeep\n|turn|10\n|\n|t:|1700573931\n|move|p1a: Arceus|Extreme Speed|p2a: Arceus\n|-damage|p2a: Arceus|0 fnt\n|faint|p2a: Arceus\n|\n|upkeep\n|\n|t:|1700573938\n|switch|p2a: Ditto|Ditto|100\/100\n|-activate|p2a: Ditto|move: Sticky Web\n|-unboost|p2a: Ditto|spe|1\n|-transform|p2a: Ditto|p1a: Arceus|[from] ability: Imposter\n|turn|11\n|\n|t:|1700573948\n|-terastallize|p1a: Arceus|Ghost\n|move|p2a: Ditto|Extreme Speed|p1a: Arceus\n|-immune|p1a: Arceus\n|move|p1a: Arceus|Extreme Speed|p2a: Ditto\n|-damage|p2a: Ditto|0 fnt\n|faint|p2a: Ditto\n|\n|upkeep\n|-message|ringlord forfeited.\n|\n|win|KeshBa45\n|n|\u203dKeshBa45|keshba45\n|n|\u203dringlord|ringlord\n","uploadtime":1700573950,"views":7,"p1id":"keshba45","p2id":"ringlord","formatid":"gen9ubers","rating":0,"private":0,"password":""}