{"id":"gen9ubers-1989977887","p1":"pdswww","p2":"SwordIsBored","format":"[Gen 9] Ubers","log":"|j|\u2606pdswww\n|j|\u2606SwordIsBored\n|t:|1699911956\n|gametype|singles\n|player|p1|pdswww|unknown|\n|player|p2|SwordIsBored|irida|\n|teamsize|p1|6\n|teamsize|p2|6\n|gen|9\n|tier|[Gen 9] Ubers\n|rule|Sleep Clause Mod: Limit one foe put to sleep\n|rule|Species Clause: Limit one of each Pok\u00e9mon\n|rule|OHKO Clause: OHKO moves are banned\n|rule|Evasion Items Clause: Evasion items are banned\n|rule|Evasion Moves Clause: Evasion moves are banned\n|rule|Endless Battle Clause: Forcing endless battles is banned\n|rule|HP Percentage Mod: HP is shown in percentages\n|clearpoke\n|poke|p1|Zacian-*|\n|poke|p1|Chi-Yu|\n|poke|p1|Urshifu-*, F|\n|poke|p1|Volcarona, M|\n|poke|p1|Espathra, F|\n|poke|p1|Magearna|\n|poke|p2|Tyranitar, M|\n|poke|p2|Palkia-Origin|\n|poke|p2|Magearna|\n|poke|p2|Houndstone, M|\n|poke|p2|Landorus, M|\n|poke|p2|Zacian-*|\n|teampreview\n|\n|t:|1699911980\n|start\n|switch|p1a: Urshifu|Urshifu-Rapid-Strike, F|100\/100\n|switch|p2a: Tyranitar|Tyranitar, M|100\/100\n|-weather|Sandstorm|[from] ability: Sand Stream|[of] p2a: Tyranitar\n|turn|1\n|\n|t:|1699911999\n|switch|p2a: Zacian|Zacian|100\/100\n|-ability|p2a: Zacian|Intrepid Sword|boost\n|-boost|p2a: Zacian|atk|1\n|move|p1a: Urshifu|Surging Strikes|p2a: Zacian\n|-crit|p2a: Zacian\n|-damage|p2a: Zacian|80\/100\n|-crit|p2a: Zacian\n|-damage|p2a: Zacian|62\/100\n|-crit|p2a: Zacian\n|-damage|p2a: Zacian|42\/100\n|-hitcount|p2a: Zacian|3\n|\n|-weather|Sandstorm|[upkeep]\n|-damage|p1a: Urshifu|94\/100|[from] Sandstorm\n|-damage|p2a: Zacian|36\/100|[from] Sandstorm\n|upkeep\n|turn|2\n|\n|t:|1699912014\n|move|p1a: Urshifu|Surging Strikes|p2a: Zacian\n|-crit|p2a: Zacian\n|-damage|p2a: Zacian|17\/100\n|-crit|p2a: Zacian\n|-damage|p2a: Zacian|0 fnt\n|faint|p2a: Zacian\n|-hitcount|p2: Zacian|2\n|\n|-weather|Sandstorm|[upkeep]\n|-damage|p1a: Urshifu|88\/100|[from] Sandstorm\n|upkeep\n|\n|t:|1699912021\n|switch|p2a: Palkia|Palkia-Origin|100\/100\n|-ability|p2a: Palkia|Pressure\n|turn|3\n|\n|t:|1699912032\n|switch|p1a: Magearna|Magearna|100\/100\n|move|p2a: Palkia|Substitute|p2a: Palkia\n|-start|p2a: Palkia|Substitute\n|-damage|p2a: Palkia|76\/100\n|\n|-weather|Sandstorm|[upkeep]\n|-damage|p2a: Palkia|69\/100|[from] Sandstorm\n|upkeep\n|turn|4\n|\n|t:|1699912036\n|move|p2a: Palkia|Fire Blast|p1a: Magearna\n|-supereffective|p1a: Magearna\n|-damage|p1a: Magearna|31\/100\n|move|p1a: Magearna|Draining Kiss|p2a: Palkia\n|-supereffective|p2a: Palkia\n|-end|p2a: Palkia|Substitute\n|-heal|p1a: Magearna|47\/100|[from] drain|[of] p2a: Palkia\n|\n|-weather|Sandstorm|[upkeep]\n|-damage|p2a: Palkia|63\/100|[from] Sandstorm\n|-heal|p1a: Magearna|53\/100|[from] item: Leftovers\n|upkeep\n|turn|5\n|\n|t:|1699912050\n|switch|p1a: Urshifu|Urshifu-Rapid-Strike, F|88\/100\n|move|p2a: Palkia|Fire Blast|p1a: Urshifu\n|-resisted|p1a: Urshifu\n|-damage|p1a: Urshifu|57\/100\n|\n|-weather|Sandstorm|[upkeep]\n|-damage|p1a: Urshifu|51\/100|[from] Sandstorm\n|-damage|p2a: Palkia|57\/100|[from] Sandstorm\n|upkeep\n|turn|6\n|\n|t:|1699912061\n|move|p1a: Urshifu|Close Combat|p2a: Palkia\n|-damage|p2a: Palkia|0 fnt\n|-unboost|p1a: Urshifu|def|1\n|-unboost|p1a: Urshifu|spd|1\n|faint|p2a: Palkia\n|\n|-weather|Sandstorm|[upkeep]\n|-damage|p1a: Urshifu|45\/100|[from] Sandstorm\n|upkeep\n|\n|t:|1699912069\n|switch|p2a: Landorus|Landorus, M|100\/100\n|turn|7\n|\n|t:|1699912078\n|switch|p1a: Zacian|Zacian|100\/100\n|-ability|p1a: Zacian|Intrepid Sword|boost\n|-boost|p1a: Zacian|atk|1\n|move|p2a: Landorus|Earthquake|p1a: Zacian\n|-damage|p1a: Zacian|34\/100\n|\n|-weather|Sandstorm|[upkeep]\n|-damage|p1a: Zacian|28\/100|[from] Sandstorm\n|upkeep\n|turn|8\n|\n|t:|1699912087\n|move|p2a: Landorus|Earthquake|p1a: Zacian\n|-damage|p1a: Zacian|0 fnt\n|faint|p1a: Zacian\n|\n|-weather|none\n|upkeep\n|\n|t:|1699912100\n|switch|p1a: Urshifu|Urshifu-Rapid-Strike, F|45\/100\n|turn|9\n|\n|t:|1699912107\n|switch|p2a: Tyranitar|Tyranitar, M|100\/100\n|-weather|Sandstorm|[from] ability: Sand Stream|[of] p2a: Tyranitar\n|move|p1a: Urshifu|Surging Strikes|p2a: Tyranitar\n|-supereffective|p2a: Tyranitar\n|-crit|p2a: Tyranitar\n|-damage|p2a: Tyranitar|69\/100\n|-supereffective|p2a: Tyranitar\n|-crit|p2a: Tyranitar\n|-damage|p2a: Tyranitar|39\/100\n|-supereffective|p2a: Tyranitar\n|-crit|p2a: Tyranitar\n|-damage|p2a: Tyranitar|10\/100\n|-hitcount|p2a: Tyranitar|3\n|\n|-weather|Sandstorm|[upkeep]\n|-damage|p1a: Urshifu|39\/100|[from] Sandstorm\n|upkeep\n|turn|10\n|\n|t:|1699912120\n|switch|p2a: Magearna|Magearna|100\/100\n|move|p1a: Urshifu|Surging Strikes|p2a: Magearna\n|-crit|p2a: Magearna\n|-damage|p2a: Magearna|84\/100\n|-crit|p2a: Magearna\n|-damage|p2a: Magearna|66\/100\n|-crit|p2a: Magearna\n|-damage|p2a: Magearna|48\/100\n|-hitcount|p2a: Magearna|3\n|\n|-weather|Sandstorm|[upkeep]\n|-damage|p1a: Urshifu|33\/100|[from] Sandstorm\n|-heal|p2a: Magearna|54\/100|[from] item: Leftovers\n|upkeep\n|turn|11\n|\n|t:|1699912128\n|move|p1a: Urshifu|Surging Strikes|p2a: Magearna\n|-crit|p2a: Magearna\n|-damage|p2a: Magearna|36\/100\n|-crit|p2a: Magearna\n|-damage|p2a: Magearna|19\/100\n|-crit|p2a: Magearna\n|-damage|p2a: Magearna|3\/100\n|-hitcount|p2a: Magearna|3\n|move|p2a: Magearna|Spikes|p1a: Urshifu\n|-sidestart|p1: pdswww|Spikes\n|\n|-weather|Sandstorm|[upkeep]\n|-damage|p1a: Urshifu|27\/100|[from] Sandstorm\n|-heal|p2a: Magearna|9\/100|[from] item: Leftovers\n|upkeep\n|turn|12\n|\n|t:|1699912136\n|move|p1a: Urshifu|Surging Strikes|p2a: Magearna\n|-crit|p2a: Magearna\n|-damage|p2a: Magearna|0 fnt\n|faint|p2a: Magearna\n|-hitcount|p2: Magearna|1\n|\n|-weather|Sandstorm|[upkeep]\n|-damage|p1a: Urshifu|20\/100|[from] Sandstorm\n|upkeep\n|\n|t:|1699912147\n|switch|p2a: Houndstone|Houndstone, M|100\/100\n|turn|13\n|\n|t:|1699912151\n|move|p2a: Houndstone|Last Respects|p1a: Urshifu\n|-damage|p1a: Urshifu|0 fnt\n|faint|p1a: Urshifu\n|\n|-weather|Sandstorm|[upkeep]\n|upkeep\n|\n|t:|1699912159\n|switch|p1a: Espathra|Espathra, F|100\/100\n|-damage|p1a: Espathra|88\/100|[from] Spikes\n|turn|14\n|\n|t:|1699912163\n|move|p1a: Espathra|Protect|p1a: Espathra\n|-singleturn|p1a: Espathra|Protect\n|move|p2a: Houndstone|Last Respects|p1a: Espathra\n|-activate|p1a: Espathra|move: Protect\n|\n|-weather|Sandstorm|[upkeep]\n|-damage|p1a: Espathra|82\/100|[from] Sandstorm\n|-ability|p1a: Espathra|Speed Boost|boost\n|-boost|p1a: Espathra|spe|1\n|upkeep\n|turn|15\n|\n|t:|1699912168\n|move|p2a: Houndstone|Last Respects|p1a: Espathra\n|-supereffective|p1a: Espathra\n|-damage|p1a: Espathra|0 fnt\n|faint|p1a: Espathra\n|\n|-weather|Sandstorm|[upkeep]\n|upkeep\n|\n|t:|1699912175\n|switch|p1a: Chi-Yu|Chi-Yu|100\/100\n|-damage|p1a: Chi-Yu|88\/100|[from] Spikes\n|-ability|p1a: Chi-Yu|Beads of Ruin\n|turn|16\n|\n|t:|1699912188\n|-terastallize|p2a: Houndstone|Ghost\n|move|p2a: Houndstone|Last Respects|p1a: Chi-Yu\n|-resisted|p1a: Chi-Yu\n|-damage|p1a: Chi-Yu|0 fnt\n|faint|p1a: Chi-Yu\n|\n|-weather|none\n|upkeep\n|\n|t:|1699912195\n|switch|p1a: Magearna|Magearna|53\/100\n|-damage|p1a: Magearna|41\/100|[from] Spikes\n|turn|17\n|\n|t:|1699912199\n|switch|p2a: Tyranitar|Tyranitar, M|10\/100\n|-weather|Sandstorm|[from] ability: Sand Stream|[of] p2a: Tyranitar\n|move|p1a: Magearna|Draining Kiss|p2a: Tyranitar\n|-supereffective|p2a: Tyranitar\n|-damage|p2a: Tyranitar|0 fnt\n|-heal|p1a: Magearna|49\/100|[from] drain|[of] p2a: Tyranitar\n|faint|p2a: Tyranitar\n|-ability|p1a: Magearna|Soul-Heart|boost\n|-boost|p1a: Magearna|spa|1\n|\n|-weather|Sandstorm|[upkeep]\n|-heal|p1a: Magearna|55\/100|[from] item: Leftovers\n|upkeep\n|\n|t:|1699912208\n|switch|p2a: Houndstone|Houndstone, M, tera:Ghost|100\/100\n|turn|18\n|\n|t:|1699912212\n|move|p1a: Magearna|Protect|p1a: Magearna\n|-singleturn|p1a: Magearna|Protect\n|move|p2a: Houndstone|Last Respects|p1a: Magearna\n|-activate|p1a: Magearna|move: Protect\n|\n|-weather|Sandstorm|[upkeep]\n|-heal|p1a: Magearna|61\/100|[from] item: Leftovers\n|upkeep\n|turn|19\n|\n|t:|1699912221\n|move|p2a: Houndstone|Last Respects|p1a: Magearna\n|-damage|p1a: Magearna|0 fnt\n|faint|p1a: Magearna\n|\n|-weather|Sandstorm|[upkeep]\n|upkeep\n|\n|t:|1699912224\n|switch|p1a: Volcarona|Volcarona, M|100\/100\n|-damage|p1a: Volcarona|88\/100|[from] Spikes\n|turn|20\n|c|\u2606SwordIsBored|ggs\n|\n|t:|1699912231\n|-terastallize|p1a: Volcarona|Steel\n|move|p2a: Houndstone|Last Respects|p1a: Volcarona\n|-damage|p1a: Volcarona|0 fnt\n|faint|p1a: Volcarona\n|\n|win|SwordIsBored\n|c|\u2606pdswww|gg\n","uploadtime":1699912239,"views":9,"p1id":"pdswww","p2id":"swordisbored","formatid":"gen9ubers","rating":0,"private":0,"password":""}