{"id":"gen9ubers-1980741818","p1":"a bit moody","p2":"lolgz","format":"[Gen 9] Ubers","log":"|j|\u2606a bit moody\n|j|\u2606lolgz\n|t:|1698823721\n|gametype|singles\n|player|p1|a bit moody|170|\n|player|p2|lolgz|266|\n|teamsize|p1|6\n|teamsize|p2|6\n|gen|9\n|tier|[Gen 9] Ubers\n|rule|Sleep Clause Mod: Limit one foe put to sleep\n|rule|Species Clause: Limit one of each Pok\u00e9mon\n|rule|OHKO Clause: OHKO moves are banned\n|rule|Evasion Items Clause: Evasion items are banned\n|rule|Evasion Moves Clause: Evasion moves are banned\n|rule|Endless Battle Clause: Forcing endless battles is banned\n|rule|HP Percentage Mod: HP is shown in percentages\n|clearpoke\n|poke|p1|Arceus-Poison|\n|poke|p1|Blissey, F|\n|poke|p1|Dondozo, F|\n|poke|p1|Gliscor, M|\n|poke|p1|Giratina|\n|poke|p1|Dialga|\n|poke|p2|Magearna|\n|poke|p2|Zacian-*|\n|poke|p2|Cyclizar, M|\n|poke|p2|Palafin, F|\n|poke|p2|Arceus-Fire|\n|poke|p2|Garchomp, F|\n|teampreview\n|inactive|Battle timer is ON: inactive players will automatically lose when time's up. (requested by lolgz)\n|\n|t:|1698823736\n|start\n|switch|p1a: Gliscor|Gliscor, M|100\/100\n|switch|p2a: Palafin|Palafin, F|100\/100\n|turn|1\n|\n|t:|1698823750\n|move|p2a: Palafin|Wave Crash|p1a: Gliscor\n|-supereffective|p1a: Gliscor\n|-damage|p1a: Gliscor|36\/100\n|-damage|p2a: Palafin|82\/100|[from] Recoil\n|move|p1a: Gliscor|Toxic Spikes|p2a: Palafin\n|-sidestart|p2: lolgz|move: Toxic Spikes\n|\n|-status|p1a: Gliscor|tox|[from] item: Toxic Orb\n|upkeep\n|turn|2\n|\n|t:|1698823771\n|move|p2a: Palafin|Wave Crash|p1a: Gliscor\n|-supereffective|p1a: Gliscor\n|-damage|p1a: Gliscor|0 fnt\n|faint|p1a: Gliscor\n|-damage|p2a: Palafin|72\/100|[from] Recoil\n|\n|upkeep\n|\n|t:|1698823778\n|switch|p1a: Arceus|Arceus-Poison|100\/100\n|turn|3\n|\n|t:|1698823784\n|detailschange|p2a: Palafin|Palafin-Hero, F\n|switch|p2a: Cyclizar|Cyclizar, M|100\/100\n|-status|p2a: Cyclizar|psn\n|move|p1a: Arceus|Cosmic Power|p1a: Arceus\n|-boost|p1a: Arceus|def|1\n|-boost|p1a: Arceus|spd|1\n|\n|-damage|p2a: Cyclizar|88\/100 psn|[from] psn\n|upkeep\n|turn|4\n|\n|t:|1698823789\n|move|p2a: Cyclizar|Rapid Spin|p1a: Arceus\n|-damage|p1a: Arceus|94\/100\n|-boost|p2a: Cyclizar|spe|1\n|-sideend|p2: lolgz|Toxic Spikes|[from] move: Rapid Spin|[of] p2a: Cyclizar\n|move|p1a: Arceus|Cosmic Power|p1a: Arceus\n|-boost|p1a: Arceus|def|1\n|-boost|p1a: Arceus|spd|1\n|\n|-damage|p2a: Cyclizar|75\/100 psn|[from] psn\n|upkeep\n|turn|5\n|\n|t:|1698823797\n|switch|p2a: Palafin|Palafin-Hero, F|72\/100\n|-activate|p2a: Palafin|ability: Zero to Hero\n|move|p1a: Arceus|Cosmic Power|p1a: Arceus\n|-boost|p1a: Arceus|def|1\n|-boost|p1a: Arceus|spd|1\n|\n|upkeep\n|turn|6\n|\n|t:|1698823799\n|move|p1a: Arceus|Cosmic Power|p1a: Arceus\n|-boost|p1a: Arceus|def|1\n|-boost|p1a: Arceus|spd|1\n|move|p2a: Palafin|Haze|p2a: Palafin\n|-clearallboost\n|\n|upkeep\n|turn|7\n|\n|t:|1698823802\n|-terastallize|p2a: Palafin|Water\n|move|p1a: Arceus|Cosmic Power|p1a: Arceus\n|-boost|p1a: Arceus|def|1\n|-boost|p1a: Arceus|spd|1\n|move|p2a: Palafin|Wave Crash|p1a: Arceus\n|-damage|p1a: Arceus|35\/100\n|-damage|p2a: Palafin|50\/100|[from] Recoil\n|\n|upkeep\n|turn|8\n|\n|t:|1698823817\n|move|p1a: Arceus|Recover|p1a: Arceus\n|-heal|p1a: Arceus|85\/100\n|move|p2a: Palafin|Wave Crash|p1a: Arceus\n|-damage|p1a: Arceus|26\/100\n|-damage|p2a: Palafin|29\/100|[from] Recoil\n|\n|upkeep\n|turn|9\n|\n|t:|1698823823\n|move|p2a: Palafin|Jet Punch|p1a: Arceus\n|-damage|p1a: Arceus|0 fnt\n|faint|p1a: Arceus\n|\n|upkeep\n|\n|t:|1698823827\n|switch|p1a: Dondozo|Dondozo, F|100\/100\n|turn|10\n|\n|t:|1698823835\n|switch|p2a: Garchomp|Garchomp, F|100\/100\n|move|p1a: Dondozo|Curse|p1a: Dondozo\n|-unboost|p1a: Dondozo|spe|1\n|-boost|p1a: Dondozo|atk|1\n|-boost|p1a: Dondozo|def|1\n|\n|upkeep\n|turn|11\n|\n|t:|1698823838\n|move|p2a: Garchomp|Earthquake|p1a: Dondozo\n|-damage|p1a: Dondozo|84\/100\n|move|p1a: Dondozo|Curse|p1a: Dondozo\n|-unboost|p1a: Dondozo|spe|1\n|-boost|p1a: Dondozo|atk|1\n|-boost|p1a: Dondozo|def|1\n|\n|upkeep\n|turn|12\n|\n|t:|1698823842\n|move|p2a: Garchomp|Swords Dance|p2a: Garchomp\n|-boost|p2a: Garchomp|atk|2\n|move|p1a: Dondozo|Curse|p1a: Dondozo\n|-unboost|p1a: Dondozo|spe|1\n|-boost|p1a: Dondozo|atk|1\n|-boost|p1a: Dondozo|def|1\n|\n|upkeep\n|turn|13\n|\n|t:|1698823847\n|move|p2a: Garchomp|Earthquake|p1a: Dondozo\n|-damage|p1a: Dondozo|73\/100\n|move|p1a: Dondozo|Curse|p1a: Dondozo\n|-unboost|p1a: Dondozo|spe|1\n|-boost|p1a: Dondozo|atk|1\n|-boost|p1a: Dondozo|def|1\n|\n|upkeep\n|turn|14\n|\n|t:|1698823850\n|move|p2a: Garchomp|Scale Shot|p1a: Dondozo\n|-damage|p1a: Dondozo|71\/100\n|-damage|p1a: Dondozo|69\/100\n|-damage|p1a: Dondozo|67\/100\n|-damage|p1a: Dondozo|66\/100\n|-damage|p1a: Dondozo|64\/100\n|-hitcount|p1a: Dondozo|5\n|-unboost|p2a: Garchomp|def|1\n|-boost|p2a: Garchomp|spe|1\n|move|p1a: Dondozo|Curse|p1a: Dondozo\n|-unboost|p1a: Dondozo|spe|1\n|-boost|p1a: Dondozo|atk|1\n|-boost|p1a: Dondozo|def|1\n|\n|upkeep\n|turn|15\n|\n|t:|1698823853\n|move|p2a: Garchomp|Earthquake|p1a: Dondozo\n|-damage|p1a: Dondozo|57\/100\n|move|p1a: Dondozo|Curse|p1a: Dondozo\n|-unboost|p1a: Dondozo|spe|1\n|-boost|p1a: Dondozo|atk|1\n|-boost|p1a: Dondozo|def|1\n|\n|upkeep\n|turn|16\n|\n|t:|1698823859\n|move|p2a: Garchomp|Swords Dance|p2a: Garchomp\n|-boost|p2a: Garchomp|atk|2\n|move|p1a: Dondozo|Rest|p1a: Dondozo\n|-status|p1a: Dondozo|slp|[from] move: Rest\n|-heal|p1a: Dondozo|100\/100 slp|[silent]\n|\n|upkeep\n|turn|17\n|\n|t:|1698823861\n|move|p2a: Garchomp|Swords Dance|p2a: Garchomp\n|-boost|p2a: Garchomp|atk|2\n|cant|p1a: Dondozo|slp\n|move|p1a: Dondozo|Sleep Talk|p1a: Dondozo\n|move|p1a: Dondozo|Curse|p1a: Dondozo|[from]move: Sleep Talk\n|\n|upkeep\n|turn|18\n|\n|t:|1698823869\n|move|p2a: Garchomp|Earthquake|p1a: Dondozo\n|-damage|p1a: Dondozo|95\/100 slp\n|cant|p1a: Dondozo|slp\n|move|p1a: Dondozo|Sleep Talk|p1a: Dondozo\n|move|p1a: Dondozo|Liquidation|p2a: Garchomp|[from]move: Sleep Talk\n|-damage|p2a: Garchomp|0 fnt\n|-damage|p1a: Dondozo|82\/100 slp|[from] ability: Rough Skin|[of] p2a: Garchomp\n|faint|p2a: Garchomp\n|\n|upkeep\n|\n|t:|1698823880\n|switch|p2a: Palafin|Palafin-Hero, F, tera:Water|29\/100\n|turn|19\n|\n|t:|1698823882\n|move|p2a: Palafin|Haze|p2a: Palafin\n|-clearallboost\n|-curestatus|p1a: Dondozo|slp|[msg]\n|move|p1a: Dondozo|Liquidation|p2a: Palafin\n|-resisted|p2a: Palafin\n|-damage|p2a: Palafin|16\/100\n|\n|upkeep\n|turn|20\n|\n|t:|1698823886\n|switch|p2a: Zacian|Zacian|100\/100\n|-ability|p2a: Zacian|Intrepid Sword|boost\n|-boost|p2a: Zacian|atk|1\n|move|p1a: Dondozo|Curse|p1a: Dondozo\n|-unboost|p1a: Dondozo|spe|1\n|-boost|p1a: Dondozo|atk|1\n|-boost|p1a: Dondozo|def|1\n|\n|upkeep\n|turn|21\n|\n|t:|1698823893\n|move|p2a: Zacian|Wild Charge|p1a: Dondozo\n|-supereffective|p1a: Dondozo\n|-damage|p1a: Dondozo|56\/100\n|-damage|p2a: Zacian|84\/100|[from] item: Rocky Helmet|[of] p1a: Dondozo\n|-damage|p2a: Zacian|73\/100|[from] Recoil\n|move|p1a: Dondozo|Curse|p1a: Dondozo\n|-unboost|p1a: Dondozo|spe|1\n|-boost|p1a: Dondozo|atk|1\n|-boost|p1a: Dondozo|def|1\n|\n|upkeep\n|turn|22\n|\n|t:|1698823899\n|move|p2a: Zacian|Wild Charge|p1a: Dondozo\n|-supereffective|p1a: Dondozo\n|-damage|p1a: Dondozo|35\/100\n|-damage|p2a: Zacian|57\/100|[from] item: Rocky Helmet|[of] p1a: Dondozo\n|-damage|p2a: Zacian|49\/100|[from] Recoil\n|move|p1a: Dondozo|Curse|p1a: Dondozo\n|-unboost|p1a: Dondozo|spe|1\n|-boost|p1a: Dondozo|atk|1\n|-boost|p1a: Dondozo|def|1\n|\n|upkeep\n|turn|23\n|\n|t:|1698823902\n|move|p2a: Zacian|Wild Charge|p1a: Dondozo\n|-supereffective|p1a: Dondozo\n|-damage|p1a: Dondozo|18\/100\n|-damage|p2a: Zacian|32\/100|[from] item: Rocky Helmet|[of] p1a: Dondozo\n|-damage|p2a: Zacian|25\/100|[from] Recoil\n|move|p1a: Dondozo|Rest|p1a: Dondozo\n|-status|p1a: Dondozo|slp|[from] move: Rest\n|-heal|p1a: Dondozo|100\/100 slp|[silent]\n|\n|upkeep\n|turn|24\n|\n|t:|1698823906\n|move|p2a: Zacian|Wild Charge|p1a: Dondozo\n|-supereffective|p1a: Dondozo\n|-crit|p1a: Dondozo\n|-damage|p1a: Dondozo|42\/100 slp\n|-damage|p2a: Zacian|9\/100|[from] item: Rocky Helmet|[of] p1a: Dondozo\n|-damage|p2a: Zacian|0 fnt|[from] Recoil\n|faint|p2a: Zacian\n|cant|p1a: Dondozo|slp\n|move|p1a: Dondozo|Sleep Talk|p1a: Dondozo\n|move|p1a: Dondozo|Rest||[from]move: Sleep Talk|[still]\n|-fail|p1a: Dondozo\n|\n|upkeep\n|\n|t:|1698823909\n|switch|p2a: Palafin|Palafin-Hero, F, tera:Water|16\/100\n|turn|25\n|\n|t:|1698823920\n|move|p2a: Palafin|Haze|p2a: Palafin\n|-clearallboost\n|cant|p1a: Dondozo|slp\n|move|p1a: Dondozo|Sleep Talk|p1a: Dondozo\n|move|p1a: Dondozo|Liquidation|p2a: Palafin|[from]move: Sleep Talk\n|-resisted|p2a: Palafin\n|-damage|p2a: Palafin|3\/100\n|-unboost|p2a: Palafin|def|1\n|\n|upkeep\n|turn|26\n|\n|t:|1698823929\n|move|p2a: Palafin|Wave Crash|p1a: Dondozo\n|-resisted|p1a: Dondozo\n|-damage|p1a: Dondozo|11\/100 slp\n|-damage|p2a: Palafin|0 fnt|[from] item: Rocky Helmet|[of] p1a: Dondozo\n|faint|p2a: Palafin\n|-curestatus|p1a: Dondozo|slp|[msg]\n|move|p1a: Dondozo|Rest|p1a: Dondozo\n|-status|p1a: Dondozo|slp|[from] move: Rest\n|-heal|p1a: Dondozo|100\/100 slp|[silent]\n|\n|upkeep\n|\n|t:|1698823933\n|switch|p2a: Arceus|Arceus-Fire|100\/100\n|turn|27\n|\n|t:|1698823942\n|move|p2a: Arceus|Dragon Dance|p2a: Arceus\n|-boost|p2a: Arceus|atk|1\n|-boost|p2a: Arceus|spe|1\n|cant|p1a: Dondozo|slp\n|move|p1a: Dondozo|Sleep Talk|p1a: Dondozo\n|move|p1a: Dondozo|Liquidation|p2a: Arceus|[from]move: Sleep Talk\n|-supereffective|p2a: Arceus\n|-damage|p2a: Arceus|60\/100\n|\n|upkeep\n|turn|28\n|\n|t:|1698823952\n|move|p2a: Arceus|Wild Charge|p1a: Dondozo\n|-supereffective|p1a: Dondozo\n|-damage|p1a: Dondozo|70\/100 slp\n|-damage|p2a: Arceus|43\/100|[from] item: Rocky Helmet|[of] p1a: Dondozo\n|-damage|p2a: Arceus|34\/100|[from] Recoil\n|cant|p1a: Dondozo|slp\n|move|p1a: Dondozo|Sleep Talk|p1a: Dondozo\n|move|p1a: Dondozo|Liquidation|p2a: Arceus|[from]move: Sleep Talk\n|-supereffective|p2a: Arceus\n|-damage|p2a: Arceus|0 fnt\n|faint|p2a: Arceus\n|\n|upkeep\n|\n|t:|1698823955\n|switch|p2a: Magearna|Magearna|100\/100\n|turn|29\n|\n|t:|1698823964\n|move|p2a: Magearna|Calm Mind|p2a: Magearna\n|-boost|p2a: Magearna|spa|1\n|-boost|p2a: Magearna|spd|1\n|-curestatus|p1a: Dondozo|slp|[msg]\n|move|p1a: Dondozo|Liquidation|p2a: Magearna\n|-damage|p2a: Magearna|82\/100\n|\n|-heal|p2a: Magearna|88\/100|[from] item: Leftovers\n|upkeep\n|turn|30\n|\n|t:|1698823969\n|switch|p1a: Dialga|Dialga|100\/100\n|-ability|p1a: Dialga|Pressure\n|move|p2a: Magearna|Calm Mind|p2a: Magearna\n|-boost|p2a: Magearna|spa|1\n|-boost|p2a: Magearna|spd|1\n|\n|-heal|p2a: Magearna|94\/100|[from] item: Leftovers\n|upkeep\n|turn|31\n|\n|t:|1698823974\n|move|p2a: Magearna|Shift Gear|p2a: Magearna\n|-boost|p2a: Magearna|spe|2\n|-boost|p2a: Magearna|atk|1\n|move|p1a: Dialga|Roar|p2a: Magearna\n|drag|p2a: Cyclizar|Cyclizar, M|100\/100 psn\n|\n|-damage|p2a: Cyclizar|88\/100 psn|[from] psn\n|upkeep\n|turn|32\n|\n|t:|1698823980\n|move|p2a: Cyclizar|U-turn|p1a: Dialga\n|-resisted|p1a: Dialga\n|-damage|p1a: Dialga|96\/100\n|\n|t:|1698823983\n|switch|p2a: Magearna|Magearna|94\/100|[from] U-turn\n|move|p1a: Dialga|Flash Cannon|p2a: Magearna\n|-damage|p2a: Magearna|54\/100\n|\n|-heal|p1a: Dialga|100\/100|[from] item: Leftovers\n|-heal|p2a: Magearna|61\/100|[from] item: Leftovers\n|upkeep\n|turn|33\n|\n|t:|1698823990\n|move|p1a: Dialga|Thunder Wave|p2a: Magearna\n|-status|p2a: Magearna|par\n|cant|p2a: Magearna|par\n|\n|-heal|p2a: Magearna|67\/100 par|[from] item: Leftovers\n|upkeep\n|turn|34\n|\n|t:|1698823994\n|move|p1a: Dialga|Flash Cannon|p2a: Magearna\n|-damage|p2a: Magearna|27\/100 par\n|move|p2a: Magearna|Draining Kiss|p1a: Dialga\n|-damage|p1a: Dialga|82\/100\n|-heal|p2a: Magearna|43\/100 par|[from] drain|[of] p1a: Dialga\n|\n|-heal|p1a: Dialga|88\/100|[from] item: Leftovers\n|-heal|p2a: Magearna|49\/100 par|[from] item: Leftovers\n|upkeep\n|turn|35\n|-message|lolgz forfeited.\n|\n|win|a bit moody\n","uploadtime":1698824009,"views":19,"p1id":"abitmoody","p2id":"lolgz","formatid":"gen9ubers","rating":0,"private":0,"password":""}