{"id":"gen9ubers-1971276648","p1":"Shiro251","p2":"Vaxtouwen","format":"[Gen 9] Ubers","log":"|j|\u2606Shiro251\n|j|\u2606Vaxtouwen\n|t:|1697725850\n|gametype|singles\n|player|p1|Shiro251|red|1000\n|player|p2|Vaxtouwen|ghetsis-gen5bw|1053\n|teamsize|p1|6\n|teamsize|p2|6\n|gen|9\n|tier|[Gen 9] Ubers\n|rated|\n|rule|Sleep Clause Mod: Limit one foe put to sleep\n|rule|Species Clause: Limit one of each Pok\u00e9mon\n|rule|OHKO Clause: OHKO moves are banned\n|rule|Evasion Items Clause: Evasion items are banned\n|rule|Evasion Moves Clause: Evasion moves are banned\n|rule|Endless Battle Clause: Forcing endless battles is banned\n|rule|HP Percentage Mod: HP is shown in percentages\n|clearpoke\n|poke|p1|Lucario, M|\n|poke|p1|Tyranitar, F|\n|poke|p1|Gardevoir, M|\n|poke|p1|Altaria, M|\n|poke|p1|Haxorus, M|\n|poke|p1|Gengar, M|\n|poke|p2|Cyclizar, M|\n|poke|p2|Dragalge, M|\n|poke|p2|Kommo-o, M|\n|poke|p2|Kingambit, M|\n|poke|p2|Chesnaught, M|\n|poke|p2|Gliscor, F|\n|teampreview\n|\n|t:|1697725869\n|start\n|switch|p1a: Tyranitar|Tyranitar, F|100\/100\n|switch|p2a: Av\u00e9naux|Gliscor, F, shiny|100\/100\n|-weather|Sandstorm|[from] ability: Sand Stream|[of] p1a: Tyranitar\n|turn|1\n|\n|t:|1697725896\n|move|p2a: Av\u00e9naux|Tailwind|p2a: Av\u00e9naux\n|-sidestart|p2: Vaxtouwen|move: Tailwind\n|move|p1a: Tyranitar|Payback|p2a: Av\u00e9naux\n|-damage|p2a: Av\u00e9naux|53\/100\n|\n|-weather|Sandstorm|[upkeep]\n|upkeep\n|turn|2\n|\n|t:|1697725902\n|move|p2a: Av\u00e9naux|Stealth Rock|p1a: Tyranitar\n|-sidestart|p1: Shiro251|move: Stealth Rock\n|move|p1a: Tyranitar|Payback|p2a: Av\u00e9naux\n|-damage|p2a: Av\u00e9naux|5\/100\n|\n|-weather|Sandstorm|[upkeep]\n|upkeep\n|turn|3\n|\n|t:|1697725911\n|move|p2a: Av\u00e9naux|Crabhammer|p1a: Tyranitar\n|-supereffective|p1a: Tyranitar\n|-damage|p1a: Tyranitar|45\/100\n|move|p1a: Tyranitar|Payback|p2a: Av\u00e9naux\n|-damage|p2a: Av\u00e9naux|0 fnt\n|faint|p2a: Av\u00e9naux\n|\n|-weather|Sandstorm|[upkeep]\n|-heal|p1a: Tyranitar|51\/100|[from] item: Leftovers\n|upkeep\n|\n|t:|1697725924\n|switch|p2a: Kal\u00e8n|Dragalge, M, shiny|100\/100\n|turn|4\n|\n|t:|1697725937\n|move|p2a: Kal\u00e8n|Toxic|p1a: Tyranitar\n|-status|p1a: Tyranitar|tox\n|move|p1a: Tyranitar|Earthquake|p2a: Kal\u00e8n\n|-supereffective|p2a: Kal\u00e8n\n|-damage|p2a: Kal\u00e8n|38\/100\n|\n|-weather|Sandstorm|[upkeep]\n|-damage|p2a: Kal\u00e8n|32\/100|[from] Sandstorm\n|-heal|p2a: Kal\u00e8n|38\/100|[from] item: Black Sludge\n|-heal|p1a: Tyranitar|57\/100 tox|[from] item: Leftovers\n|-damage|p1a: Tyranitar|51\/100 tox|[from] psn\n|-sideend|p2: Vaxtouwen|move: Tailwind\n|upkeep\n|turn|5\n|\n|t:|1697725949\n|move|p2a: Kal\u00e8n|Protect|p2a: Kal\u00e8n\n|-singleturn|p2a: Kal\u00e8n|Protect\n|move|p1a: Tyranitar|Earthquake|p2a: Kal\u00e8n\n|-activate|p2a: Kal\u00e8n|move: Protect\n|\n|-weather|none\n|-heal|p1a: Tyranitar|57\/100 tox|[from] item: Leftovers\n|-heal|p2a: Kal\u00e8n|44\/100|[from] item: Black Sludge\n|-damage|p1a: Tyranitar|45\/100 tox|[from] psn\n|upkeep\n|turn|6\n|\n|t:|1697725960\n|move|p1a: Tyranitar|Earthquake|p2a: Kal\u00e8n\n|-supereffective|p2a: Kal\u00e8n\n|-damage|p2a: Kal\u00e8n|0 fnt\n|faint|p2a: Kal\u00e8n\n|\n|-heal|p1a: Tyranitar|51\/100 tox|[from] item: Leftovers\n|-damage|p1a: Tyranitar|32\/100 tox|[from] psn\n|upkeep\n|j| bolhado\n|\n|t:|1697725975\n|switch|p2a: Azkh\u00e9nar|Kingambit, M, shiny|100\/100\n|-activate|p2a: Azkh\u00e9nar|ability: Supreme Overlord\n|-start|p2a: Azkh\u00e9nar|fallen2|[silent]\n|turn|7\n|\n|t:|1697725980\n|move|p2a: Azkh\u00e9nar|Sucker Punch|p1a: Tyranitar\n|-resisted|p1a: Tyranitar\n|-damage|p1a: Tyranitar|10\/100 tox\n|move|p1a: Tyranitar|Earthquake|p2a: Azkh\u00e9nar\n|-supereffective|p2a: Azkh\u00e9nar\n|-damage|p2a: Azkh\u00e9nar|47\/100\n|\n|-heal|p1a: Tyranitar|16\/100 tox|[from] item: Leftovers\n|-damage|p1a: Tyranitar|0 fnt|[from] psn\n|faint|p1a: Tyranitar\n|upkeep\n|\n|t:|1697725995\n|switch|p1a: Lucario|Lucario, M|100\/100\n|-damage|p1a: Lucario|98\/100|[from] Stealth Rock\n|turn|8\n|\n|t:|1697726010\n|-end|p2a: Azkh\u00e9nar|fallen2|[silent]\n|switch|p2a: M\u00e9notte|Chesnaught, M|100\/100\n|move|p1a: Lucario|Aura Sphere|p2a: M\u00e9notte\n|-immune|p2a: M\u00e9notte|[from] ability: Bulletproof\n|\n|upkeep\n|turn|9\n|\n|t:|1697726024\n|switch|p1a: Altaria|Altaria, M, shiny|100\/100\n|-damage|p1a: Altaria|76\/100|[from] Stealth Rock\n|-ability|p1a: Altaria|Cloud Nine\n|move|p2a: M\u00e9notte|Leech Seed|p1a: Altaria\n|-start|p1a: Altaria|move: Leech Seed\n|\n|-damage|p1a: Altaria|63\/100|[from] Leech Seed|[of] p2a: M\u00e9notte\n|upkeep\n|turn|10\n|\n|t:|1697726045\n|move|p1a: Altaria|Moonblast|p2a: M\u00e9notte\n|-supereffective|p2a: M\u00e9notte\n|-damage|p2a: M\u00e9notte|45\/100\n|-unboost|p2a: M\u00e9notte|spa|1\n|move|p2a: M\u00e9notte|Spikes|p1a: Altaria\n|-sidestart|p1: Shiro251|Spikes\n|\n|-heal|p2a: M\u00e9notte|51\/100|[from] item: Leftovers\n|-damage|p1a: Altaria|51\/100|[from] Leech Seed|[of] p2a: M\u00e9notte\n|-heal|p2a: M\u00e9notte|60\/100|[silent]\n|upkeep\n|turn|11\n|\n|t:|1697726056\n|move|p2a: M\u00e9notte|Spiky Shield|p2a: M\u00e9notte\n|-singleturn|p2a: M\u00e9notte|move: Protect\n|move|p1a: Altaria|Moonblast|p2a: M\u00e9notte\n|-activate|p2a: M\u00e9notte|move: Protect\n|\n|-heal|p2a: M\u00e9notte|66\/100|[from] item: Leftovers\n|-damage|p1a: Altaria|39\/100|[from] Leech Seed|[of] p2a: M\u00e9notte\n|-heal|p2a: M\u00e9notte|76\/100|[silent]\n|upkeep\n|turn|12\n|l| bolhado\n|\n|t:|1697726079\n|move|p1a: Altaria|Moonblast|p2a: M\u00e9notte\n|-supereffective|p2a: M\u00e9notte\n|-damage|p2a: M\u00e9notte|25\/100\n|move|p2a: M\u00e9notte|Spikes|p1a: Altaria\n|-sidestart|p1: Shiro251|Spikes\n|\n|-heal|p2a: M\u00e9notte|31\/100|[from] item: Leftovers\n|-damage|p1a: Altaria|26\/100|[from] Leech Seed|[of] p2a: M\u00e9notte\n|-heal|p2a: M\u00e9notte|40\/100|[silent]\n|upkeep\n|turn|13\n|\n|t:|1697726098\n|move|p2a: M\u00e9notte|Spiky Shield|p2a: M\u00e9notte\n|-singleturn|p2a: M\u00e9notte|move: Protect\n|move|p1a: Altaria|Moonblast|p2a: M\u00e9notte\n|-activate|p2a: M\u00e9notte|move: Protect\n|\n|-heal|p2a: M\u00e9notte|46\/100|[from] item: Leftovers\n|-damage|p1a: Altaria|14\/100|[from] Leech Seed|[of] p2a: M\u00e9notte\n|-heal|p2a: M\u00e9notte|56\/100|[silent]\n|upkeep\n|turn|14\n|\n|t:|1697726112\n|move|p1a: Altaria|Moonblast|p2a: M\u00e9notte\n|-supereffective|p2a: M\u00e9notte\n|-damage|p2a: M\u00e9notte|1\/100\n|-unboost|p2a: M\u00e9notte|spa|1\n|move|p2a: M\u00e9notte|Spikes|p1a: Altaria\n|-sidestart|p1: Shiro251|Spikes\n|\n|-heal|p2a: M\u00e9notte|7\/100|[from] item: Leftovers\n|-damage|p1a: Altaria|2\/100|[from] Leech Seed|[of] p2a: M\u00e9notte\n|-heal|p2a: M\u00e9notte|17\/100|[silent]\n|upkeep\n|turn|15\n|\n|t:|1697726124\n|move|p2a: M\u00e9notte|Spiky Shield|p2a: M\u00e9notte\n|-singleturn|p2a: M\u00e9notte|move: Protect\n|move|p1a: Altaria|Moonblast|p2a: M\u00e9notte\n|-activate|p2a: M\u00e9notte|move: Protect\n|\n|-heal|p2a: M\u00e9notte|23\/100|[from] item: Leftovers\n|-damage|p1a: Altaria|0 fnt|[from] Leech Seed|[of] p2a: M\u00e9notte\n|-heal|p2a: M\u00e9notte|23\/100|[silent]\n|faint|p1a: Altaria\n|upkeep\n|\n|t:|1697726156\n|switch|p1a: Haxorus|Haxorus, M|100\/100\n|-damage|p1a: Haxorus|88\/100|[from] Stealth Rock\n|-damage|p1a: Haxorus|63\/100|[from] Spikes\n|turn|16\n|\n|t:|1697726163\n|move|p1a: Haxorus|First Impression|p2a: M\u00e9notte\n|-crit|p2a: M\u00e9notte\n|-damage|p2a: M\u00e9notte|0 fnt\n|faint|p2a: M\u00e9notte\n|\n|upkeep\n|\n|t:|1697726192\n|switch|p2a: Osqu\u00e9non|Kommo-o, M|100\/100\n|turn|17\n|\n|t:|1697726208\n|-terastallize|p1a: Haxorus|Steel\n|move|p1a: Haxorus|Outrage|p2a: Osqu\u00e9non\n|-supereffective|p2a: Osqu\u00e9non\n|-enditem|p2a: Osqu\u00e9non|Focus Sash\n|-damage|p2a: Osqu\u00e9non|1\/100\n|move|p2a: Osqu\u00e9non|Dragon Dance|p2a: Osqu\u00e9non\n|-boost|p2a: Osqu\u00e9non|atk|1\n|-boost|p2a: Osqu\u00e9non|spe|1\n|\n|upkeep\n|turn|18\n|\n|t:|1697726231\n|move|p2a: Osqu\u00e9non|Earthquake|p1a: Haxorus\n|-supereffective|p1a: Haxorus\n|-damage|p1a: Haxorus|0 fnt\n|faint|p1a: Haxorus\n|\n|upkeep\n|\n|t:|1697726240\n|switch|p1a: Lucario|Lucario, M|98\/100\n|-damage|p1a: Lucario|95\/100|[from] Stealth Rock\n|-damage|p1a: Lucario|70\/100|[from] Spikes\n|turn|19\n|\n|t:|1697726260\n|-terastallize|p2a: Osqu\u00e9non|Fighting\n|move|p1a: Lucario|Earthquake|p2a: Osqu\u00e9non\n|-damage|p2a: Osqu\u00e9non|0 fnt\n|faint|p2a: Osqu\u00e9non\n|\n|upkeep\n|\n|t:|1697726267\n|switch|p2a: Drac\u00f4ve|Cyclizar, M|100\/100\n|turn|20\n|\n|t:|1697726281\n|move|p2a: Drac\u00f4ve|Knock Off|p1a: Lucario\n|-resisted|p1a: Lucario\n|-damage|p1a: Lucario|44\/100\n|-enditem|p1a: Lucario|Choice Scarf|[from] move: Knock Off|[of] p2a: Drac\u00f4ve\n|move|p1a: Lucario|Earthquake|p2a: Drac\u00f4ve\n|-damage|p2a: Drac\u00f4ve|55\/100\n|\n|upkeep\n|turn|21\n|\n|t:|1697726293\n|move|p2a: Drac\u00f4ve|Knock Off|p1a: Lucario\n|-resisted|p1a: Lucario\n|-damage|p1a: Lucario|29\/100\n|move|p1a: Lucario|Dragon Pulse|p2a: Drac\u00f4ve\n|-supereffective|p2a: Drac\u00f4ve\n|-damage|p2a: Drac\u00f4ve|0 fnt\n|faint|p2a: Drac\u00f4ve\n|\n|upkeep\n|\n|t:|1697726299\n|switch|p2a: Azkh\u00e9nar|Kingambit, M, shiny|47\/100\n|-activate|p2a: Azkh\u00e9nar|ability: Supreme Overlord\n|-start|p2a: Azkh\u00e9nar|fallen5|[silent]\n|turn|22\n|\n|t:|1697726305\n|move|p2a: Azkh\u00e9nar|Sucker Punch|p1a: Lucario\n|-resisted|p1a: Lucario\n|-damage|p1a: Lucario|0 fnt\n|faint|p1a: Lucario\n|-heal|p2a: Azkh\u00e9nar|49\/100|[from] item: Shell Bell|[of] p1: Lucario\n|\n|upkeep\n|\n|t:|1697726311\n|switch|p1a: Gardevoir|Gardevoir, M|100\/100\n|-damage|p1a: Gardevoir|88\/100|[from] Stealth Rock\n|-damage|p1a: Gardevoir|63\/100|[from] Spikes\n|turn|23\n|\n|t:|1697726318\n|move|p1a: Gardevoir|Draining Kiss|p2a: Azkh\u00e9nar\n|-damage|p2a: Azkh\u00e9nar|18\/100\n|-heal|p1a: Gardevoir|97\/100|[from] drain|[of] p2a: Azkh\u00e9nar\n|move|p2a: Azkh\u00e9nar|Iron Head|p1a: Gardevoir\n|-supereffective|p1a: Gardevoir\n|-damage|p1a: Gardevoir|0 fnt\n|faint|p1a: Gardevoir\n|-heal|p2a: Azkh\u00e9nar|26\/100|[from] item: Shell Bell|[of] p1: Gardevoir\n|\n|upkeep\n|\n|t:|1697726328\n|switch|p1a: Gengar|Gengar, M|100\/100\n|turn|24\n|\n|t:|1697726333\n|move|p2a: Azkh\u00e9nar|Sucker Punch||[still]\n|-fail|p2a: Azkh\u00e9nar\n|move|p1a: Gengar|Hypnosis|p2a: Azkh\u00e9nar|[miss]\n|-miss|p1a: Gengar|p2a: Azkh\u00e9nar\n|\n|upkeep\n|turn|25\n|\n|t:|1697726342\n|move|p1a: Gengar|Hypnosis|p2a: Azkh\u00e9nar\n|-status|p2a: Azkh\u00e9nar|slp|[from] move: Hypnosis\n|cant|p2a: Azkh\u00e9nar|slp\n|\n|upkeep\n|turn|26\n|\n|t:|1697726351\n|move|p1a: Gengar|Dark Pulse|p2a: Azkh\u00e9nar\n|-resisted|p2a: Azkh\u00e9nar\n|-damage|p2a: Azkh\u00e9nar|15\/100 slp\n|cant|p2a: Azkh\u00e9nar|slp\n|\n|upkeep\n|turn|27\n|\n|t:|1697726358\n|-curestatus|p2a: Azkh\u00e9nar|slp|[msg]\n|move|p2a: Azkh\u00e9nar|Sucker Punch|p1a: Gengar\n|-supereffective|p1a: Gengar\n|-damage|p1a: Gengar|0 fnt\n|-start|p2a: Azkh\u00e9nar|Disable|Sucker Punch|[from] ability: Cursed Body|[of] p1a: Gengar\n|faint|p1a: Gengar\n|-heal|p2a: Azkh\u00e9nar|23\/100|[from] item: Shell Bell|[of] p1: Gengar\n|\n|win|Vaxtouwen\n|raw|Shiro251's rating: 1000 &rarr; <strong>1000<\/strong><br \/>(+0 for losing)\n|raw|Vaxtouwen's rating: 1053 &rarr; <strong>1080<\/strong><br \/>(+27 for winning)\n","uploadtime":1697726368,"views":13,"p1id":"shiro251","p2id":"vaxtouwen","formatid":"gen9ubers","rating":1000,"private":0,"password":""}