{"id":"gen9ubers-1969125946","p1":"ItsmeBlankKnight","p2":"NewHoovybeast05","format":"[Gen 9] Ubers","log":"|j|\u2606ItsmeBlankKnight\n|j|\u2606NewHoovybeast05\n|t:|1697492304\n|gametype|singles\n|player|p1|ItsmeBlankKnight|larry|\n|player|p2|NewHoovybeast05|palmer|\n|teamsize|p1|6\n|teamsize|p2|6\n|gen|9\n|tier|[Gen 9] Ubers\n|rule|Sleep Clause Mod: Limit one foe put to sleep\n|rule|Species Clause: Limit one of each Pok\u00e9mon\n|rule|OHKO Clause: OHKO moves are banned\n|rule|Evasion Items Clause: Evasion items are banned\n|rule|Evasion Moves Clause: Evasion moves are banned\n|rule|Endless Battle Clause: Forcing endless battles is banned\n|rule|HP Percentage Mod: HP is shown in percentages\n|clearpoke\n|poke|p1|Zacian-*|\n|poke|p1|Torkoal, M|\n|poke|p1|Chi-Yu|\n|poke|p1|Volcarona, M|\n|poke|p1|Cyclizar, M|\n|poke|p1|Arceus-Fire|\n|poke|p2|Espathra, M|\n|poke|p2|Landorus, M|\n|poke|p2|Volcarona, F|\n|poke|p2|Roaring Moon|\n|poke|p2|Cyclizar, F|\n|poke|p2|Urshifu-*, F|\n|teampreview\n|inactive|Battle timer is ON: inactive players will automatically lose when time's up. (requested by ItsmeBlankKnight)\n|c|\u2606ItsmeBlankKnight|ello\n|c|\u2606NewHoovybeast05|hii\n|inactive|NewHoovybeast05 has 270 seconds left.\n|\n|t:|1697492337\n|start\n|switch|p1a: Torkoal|Torkoal, M|100\/100\n|switch|p2a: Cyclizar|Cyclizar, F|100\/100\n|-weather|SunnyDay|[from] ability: Drought|[of] p1a: Torkoal\n|turn|1\n|\n|t:|1697492343\n|move|p2a: Cyclizar|Shed Tail|p2a: Cyclizar\n|-start|p2a: Cyclizar|Substitute|[from] move: Shed Tail\n|-damage|p2a: Cyclizar|50\/100\n|\n|t:|1697492347\n|switch|p2a: Espathra|Espathra, M|100\/100|[from] Shed Tail\n|move|p1a: Torkoal|Stealth Rock|p2a: Espathra\n|-sidestart|p2: NewHoovybeast05|move: Stealth Rock\n|\n|-weather|SunnyDay|[upkeep]\n|upkeep\n|turn|2\n|\n|t:|1697492351\n|move|p2a: Espathra|Calm Mind|p2a: Espathra\n|-boost|p2a: Espathra|spa|1\n|-boost|p2a: Espathra|spd|1\n|move|p1a: Torkoal|Lava Plume|p2a: Espathra\n|-end|p2a: Espathra|Substitute\n|\n|-weather|SunnyDay|[upkeep]\n|-ability|p2a: Espathra|Speed Boost|boost\n|-boost|p2a: Espathra|spe|1\n|upkeep\n|turn|3\n|\n|t:|1697492361\n|move|p2a: Espathra|Calm Mind|p2a: Espathra\n|-boost|p2a: Espathra|spa|1\n|-boost|p2a: Espathra|spd|1\n|move|p1a: Torkoal|Lava Plume|p2a: Espathra\n|-damage|p2a: Espathra|74\/100\n|\n|-weather|SunnyDay|[upkeep]\n|-heal|p2a: Espathra|80\/100|[from] item: Leftovers\n|-ability|p2a: Espathra|Speed Boost|boost\n|-boost|p2a: Espathra|spe|1\n|upkeep\n|turn|4\n|\n|t:|1697492370\n|switch|p1a: Cyclizar|Cyclizar, M|100\/100\n|move|p2a: Espathra|Stored Power|p1a: Cyclizar\n|-damage|p1a: Cyclizar|0 fnt\n|faint|p1a: Cyclizar\n|\n|-weather|SunnyDay|[upkeep]\n|-heal|p2a: Espathra|86\/100|[from] item: Leftovers\n|-ability|p2a: Espathra|Speed Boost|boost\n|-boost|p2a: Espathra|spe|1\n|upkeep\n|\n|t:|1697492372\n|switch|p1a: Arceus|Arceus-Fire|100\/100\n|turn|5\n|\n|t:|1697492379\n|-terastallize|p1a: Arceus|Normal\n|move|p2a: Espathra|Protect|p2a: Espathra\n|-singleturn|p2a: Espathra|Protect\n|move|p1a: Arceus|Extreme Speed|p2a: Espathra\n|-activate|p2a: Espathra|move: Protect\n|\n|-weather|SunnyDay|[upkeep]\n|-heal|p2a: Espathra|92\/100|[from] item: Leftovers\n|-ability|p2a: Espathra|Speed Boost|boost\n|-boost|p2a: Espathra|spe|1\n|upkeep\n|turn|6\n|\n|t:|1697492394\n|move|p1a: Arceus|Extreme Speed|p2a: Espathra\n|-damage|p2a: Espathra|53\/100\n|move|p2a: Espathra|Stored Power|p1a: Arceus\n|-damage|p1a: Arceus|21\/100\n|\n|-weather|SunnyDay|[upkeep]\n|-heal|p2a: Espathra|59\/100|[from] item: Leftovers\n|-ability|p2a: Espathra|Speed Boost|boost\n|-boost|p2a: Espathra|spe|1\n|upkeep\n|turn|7\n|\n|t:|1697492400\n|move|p2a: Espathra|Protect|p2a: Espathra\n|-singleturn|p2a: Espathra|Protect\n|move|p1a: Arceus|Swords Dance|p1a: Arceus\n|-boost|p1a: Arceus|atk|2\n|\n|-weather|SunnyDay|[upkeep]\n|-heal|p2a: Espathra|65\/100|[from] item: Leftovers\n|-ability|p2a: Espathra|Speed Boost|boost\n|-boost|p2a: Espathra|spe|1\n|upkeep\n|turn|8\n|\n|t:|1697492405\n|move|p1a: Arceus|Extreme Speed|p2a: Espathra\n|-damage|p2a: Espathra|0 fnt\n|faint|p2a: Espathra\n|\n|-weather|none\n|upkeep\n|\n|t:|1697492424\n|switch|p2a: Urshifu|Urshifu-Rapid-Strike, F|100\/100\n|-damage|p2a: Urshifu|94\/100|[from] Stealth Rock\n|turn|9\n|\n|t:|1697492433\n|move|p1a: Arceus|Extreme Speed|p2a: Urshifu\n|-damage|p2a: Urshifu|7\/100\n|move|p2a: Urshifu|Surging Strikes|p1a: Arceus\n|-crit|p1a: Arceus\n|-damage|p1a: Arceus|7\/100\n|-crit|p1a: Arceus\n|-damage|p1a: Arceus|0 fnt\n|faint|p1a: Arceus\n|-hitcount|p1: Arceus|2\n|\n|upkeep\n|\n|t:|1697492445\n|switch|p1a: Chi-Yu|Chi-Yu|100\/100\n|-ability|p1a: Chi-Yu|Beads of Ruin\n|turn|10\n|\n|t:|1697492448\n|move|p2a: Urshifu|Surging Strikes|p1a: Chi-Yu\n|-supereffective|p1a: Chi-Yu\n|-crit|p1a: Chi-Yu\n|-damage|p1a: Chi-Yu|36\/100\n|-supereffective|p1a: Chi-Yu\n|-crit|p1a: Chi-Yu\n|-damage|p1a: Chi-Yu|0 fnt\n|faint|p1a: Chi-Yu\n|-hitcount|p1: Chi-Yu|2\n|\n|upkeep\n|\n|t:|1697492454\n|switch|p1a: Torkoal|Torkoal, M|100\/100\n|-weather|SunnyDay|[from] ability: Drought|[of] p1a: Torkoal\n|turn|11\n|\n|t:|1697492458\n|move|p2a: Urshifu|Surging Strikes|p1a: Torkoal\n|-supereffective|p1a: Torkoal\n|-crit|p1a: Torkoal\n|-damage|p1a: Torkoal|87\/100\n|-supereffective|p1a: Torkoal\n|-crit|p1a: Torkoal\n|-damage|p1a: Torkoal|73\/100\n|-supereffective|p1a: Torkoal\n|-crit|p1a: Torkoal\n|-damage|p1a: Torkoal|59\/100\n|-hitcount|p1a: Torkoal|3\n|move|p1a: Torkoal|Rapid Spin|p2a: Urshifu\n|-damage|p2a: Urshifu|0 fnt\n|-boost|p1a: Torkoal|spe|1\n|faint|p2a: Urshifu\n|\n|-weather|SunnyDay|[upkeep]\n|upkeep\n|\n|t:|1697492468\n|switch|p2a: Cyclizar|Cyclizar, F|84\/100\n|-damage|p2a: Cyclizar|71\/100|[from] Stealth Rock\n|turn|12\n|\n|t:|1697492474\n|move|p2a: Cyclizar|Shed Tail|p2a: Cyclizar\n|-start|p2a: Cyclizar|Substitute|[from] move: Shed Tail\n|-damage|p2a: Cyclizar|21\/100\n|\n|t:|1697492481\n|switch|p2a: Landorus|Landorus, M|100\/100|[from] Shed Tail\n|-damage|p2a: Landorus|88\/100|[from] Stealth Rock\n|move|p1a: Torkoal|Lava Plume|p2a: Landorus\n|-end|p2a: Landorus|Substitute\n|\n|-weather|SunnyDay|[upkeep]\n|upkeep\n|turn|13\n|\n|t:|1697492485\n|move|p2a: Landorus|Earth Power|p1a: Torkoal\n|-supereffective|p1a: Torkoal\n|-damage|p1a: Torkoal|0 fnt\n|faint|p1a: Torkoal\n|\n|-weather|SunnyDay|[upkeep]\n|upkeep\n|\n|t:|1697492497\n|switch|p1a: Volcarona|Volcarona, M|100\/100\n|turn|14\n|\n|t:|1697492502\n|move|p2a: Landorus|Earth Power|p1a: Volcarona\n|-crit|p1a: Volcarona\n|-damage|p1a: Volcarona|0 fnt\n|faint|p1a: Volcarona\n|\n|-weather|SunnyDay|[upkeep]\n|upkeep\n|\n|t:|1697492505\n|switch|p1a: Zacian|Zacian|100\/100\n|-ability|p1a: Zacian|Intrepid Sword|boost\n|-boost|p1a: Zacian|atk|1\n|turn|15\n|\n|t:|1697492512\n|move|p1a: Zacian|Play Rough|p2a: Landorus\n|-damage|p2a: Landorus|0 fnt\n|faint|p2a: Landorus\n|\n|-weather|SunnyDay|[upkeep]\n|upkeep\n|c|\u2606ItsmeBlankKnight|gg\n|\n|t:|1697492522\n|switch|p2a: Volcarona|Volcarona, F|100\/100\n|turn|16\n|\n|t:|1697492528\n|move|p1a: Zacian|Play Rough|p2a: Volcarona\n|-resisted|p2a: Volcarona\n|-damage|p2a: Volcarona|28\/100\n|move|p2a: Volcarona|Quiver Dance|p2a: Volcarona\n|-boost|p2a: Volcarona|spa|1\n|-boost|p2a: Volcarona|spd|1\n|-boost|p2a: Volcarona|spe|1\n|\n|-weather|SunnyDay|[upkeep]\n|upkeep\n|turn|17\n|\n|t:|1697492533\n|move|p2a: Volcarona|Fiery Dance|p1a: Zacian\n|-damage|p1a: Zacian|0 fnt\n|-boost|p2a: Volcarona|spa|1\n|faint|p1a: Zacian\n|\n|win|NewHoovybeast05\n|c|\u2606NewHoovybeast05|gg\n","uploadtime":1697492556,"views":28,"p1id":"itsmeblankknight","p2id":"newhoovybeast05","formatid":"gen9ubers","rating":0,"private":0,"password":""}