{"id":"gen9ubers-1976199033","p1":"BarbantBear","p2":"LuisOfNox","format":"[Gen 9] Ubers","log":"|j|\u2606BarbantBear\n|j|\u2606LuisOfNox\n|t:|1698272927\n|gametype|singles\n|player|p1|BarbantBear|2|1032\n|player|p2|LuisOfNox|steven|1078\n|teamsize|p1|6\n|teamsize|p2|6\n|gen|9\n|tier|[Gen 9] Ubers\n|rated|\n|rule|Sleep Clause Mod: Limit one foe put to sleep\n|rule|Species Clause: Limit one of each Pok\u00e9mon\n|rule|OHKO Clause: OHKO moves are banned\n|rule|Evasion Items Clause: Evasion items are banned\n|rule|Evasion Moves Clause: Evasion moves are banned\n|rule|Endless Battle Clause: Forcing endless battles is banned\n|rule|HP Percentage Mod: HP is shown in percentages\n|clearpoke\n|poke|p1|Koraidon|\n|poke|p1|Zacian-*|\n|poke|p1|Chien-Pao|\n|poke|p1|Ogerpon-Hearthflame, F|\n|poke|p1|Palafin, F|\n|poke|p1|Shaymin-Sky|\n|poke|p2|Armarouge, M|\n|poke|p2|Corviknight, M|\n|poke|p2|Dragapult, M|\n|poke|p2|Toxtricity, M|\n|poke|p2|Palafin, M|\n|poke|p2|Grimmsnarl, M|\n|teampreview\n|\n|t:|1698272959\n|start\n|switch|p1a: Palafin|Palafin, F|100\/100\n|switch|p2a: Grimmsnarl|Grimmsnarl, M|100\/100\n|turn|1\n|\n|t:|1698272968\n|move|p2a: Grimmsnarl|Reflect|p2a: Grimmsnarl\n|-sidestart|p2: LuisOfNox|Reflect\n|move|p1a: Palafin|Flip Turn|p2a: Grimmsnarl\n|-damage|p2a: Grimmsnarl|94\/100\n|\n|t:|1698272975\n|detailschange|p1a: Palafin|Palafin-Hero, F\n|switch|p1a: Shaymin|Shaymin-Sky|100\/100|[from] Flip Turn\n|\n|upkeep\n|turn|2\n|\n|t:|1698272981\n|move|p2a: Grimmsnarl|Light Screen|p2a: Grimmsnarl\n|-sidestart|p2: LuisOfNox|move: Light Screen\n|move|p1a: Shaymin|Leaf Storm|p2a: Grimmsnarl\n|-damage|p2a: Grimmsnarl|60\/100\n|-unboost|p1a: Shaymin|spa|2\n|\n|upkeep\n|turn|3\n|\n|t:|1698272991\n|move|p2a: Grimmsnarl|Taunt|p1a: Shaymin\n|-start|p1a: Shaymin|move: Taunt\n|move|p1a: Shaymin|Air Slash|p2a: Grimmsnarl\n|-damage|p2a: Grimmsnarl|50\/100\n|\n|upkeep\n|turn|4\n|\n|t:|1698273001\n|move|p2a: Grimmsnarl|Parting Shot|p1a: Shaymin\n|-unboost|p1a: Shaymin|atk|1\n|-unboost|p1a: Shaymin|spa|1\n|\n|t:|1698273006\n|switch|p2a: Corviknight|Corviknight, M, shiny|100\/100|[from] Parting Shot\n|move|p1a: Shaymin|Air Cutter|p2a: Corviknight\n|-resisted|p2a: Corviknight\n|-damage|p2a: Corviknight|98\/100\n|\n|-heal|p2a: Corviknight|100\/100|[from] item: Leftovers\n|upkeep\n|turn|5\n|\n|t:|1698273016\n|switch|p1a: Ogerpon|Ogerpon-Hearthflame, F|100\/100\n|-ability|p1a: Ogerpon|Mold Breaker\n|move|p2a: Corviknight|Tailwind|p2a: Corviknight\n|-sidestart|p2: LuisOfNox|move: Tailwind\n|\n|upkeep\n|turn|6\n|\n|t:|1698273025\n|-terastallize|p1a: Ogerpon|Fire\n|detailschange|p1a: Ogerpon|Ogerpon-Hearthflame-Tera, F, tera:Fire\n|-ability|p1a: Ogerpon|Embody Aspect (Hearthflame)|boost\n|-boost|p1a: Ogerpon|atk|1\n|move|p2a: Corviknight|Brave Bird|p1a: Ogerpon\n|-damage|p1a: Ogerpon|50\/100\n|-damage|p2a: Corviknight|88\/100|[from] Recoil\n|move|p1a: Ogerpon|Ivy Cudgel|p2a: Corviknight\n|-supereffective|p2a: Corviknight\n|-damage|p2a: Corviknight|0 fnt\n|faint|p2a: Corviknight\n|\n|upkeep\n|\n|t:|1698273040\n|switch|p2a: Palafin|Palafin, M, shiny|100\/100\n|turn|7\n|\n|t:|1698273044\n|move|p2a: Palafin|Jet Punch|p1a: Ogerpon\n|-supereffective|p1a: Ogerpon\n|-damage|p1a: Ogerpon|8\/100\n|move|p1a: Ogerpon|Wood Hammer|p2a: Palafin\n|-supereffective|p2a: Palafin\n|-damage|p2a: Palafin|0 fnt\n|faint|p2a: Palafin\n|-damage|p1a: Ogerpon|0 fnt|[from] Recoil\n|faint|p1a: Ogerpon\n|\n|upkeep\n|\n|t:|1698273060\n|switch|p2a: Toxtricity|Toxtricity, M|100\/100\n|switch|p1a: Palafin|Palafin-Hero, F|100\/100\n|-activate|p1a: Palafin|ability: Zero to Hero\n|turn|8\n|\n|t:|1698273073\n|switch|p1a: Koraidon|Koraidon|100\/100\n|-weather|SunnyDay|[from] ability: Orichalcum Pulse|[of] p1a: Koraidon\n|-activate|p1a: Koraidon|Orichalcum Pulse|[source]\n|move|p2a: Toxtricity|Overdrive|p1a: Koraidon\n|-resisted|p1a: Koraidon\n|-damage|p1a: Koraidon|74\/100\n|-enditem|p2a: Toxtricity|Throat Spray\n|-boost|p2a: Toxtricity|spa|1|[from] item: Throat Spray\n|\n|-weather|SunnyDay|[upkeep]\n|-sideend|p2: LuisOfNox|Reflect\n|-sideend|p2: LuisOfNox|move: Tailwind\n|upkeep\n|turn|9\n|\n|t:|1698273092\n|move|p1a: Koraidon|Collision Course|p2a: Toxtricity\n|-resisted|p2a: Toxtricity\n|-damage|p2a: Toxtricity|55\/100\n|move|p2a: Toxtricity|Boomburst|p1a: Koraidon\n|-damage|p1a: Koraidon|0 fnt\n|faint|p1a: Koraidon\n|\n|-weather|SunnyDay|[upkeep]\n|-sideend|p2: LuisOfNox|move: Light Screen\n|upkeep\n|\n|t:|1698273105\n|switch|p1a: Zacian|Zacian-Crowned|100\/100\n|-ability|p1a: Zacian|Intrepid Sword|boost\n|-boost|p1a: Zacian|atk|1\n|turn|10\n|\n|t:|1698273117\n|move|p1a: Zacian|Play Rough|p2a: Toxtricity\n|-resisted|p2a: Toxtricity\n|-damage|p2a: Toxtricity|1\/100\n|move|p2a: Toxtricity|Volt Switch|p1a: Zacian\n|-damage|p1a: Zacian|67\/100\n|\n|t:|1698273126\n|switch|p2a: Grimmsnarl|Grimmsnarl, M|50\/100|[from] Volt Switch\n|\n|-weather|SunnyDay|[upkeep]\n|upkeep\n|turn|11\n|\n|t:|1698273135\n|move|p2a: Grimmsnarl|Parting Shot|p1a: Zacian\n|-unboost|p1a: Zacian|atk|1\n|-unboost|p1a: Zacian|spa|1\n|\n|t:|1698273140\n|switch|p2a: Dragapult|Dragapult, M, shiny|100\/100|[from] Parting Shot\n|move|p1a: Zacian|Behemoth Blade|p2a: Dragapult\n|-damage|p2a: Dragapult|30\/100\n|\n|-weather|SunnyDay|[upkeep]\n|upkeep\n|turn|12\n|\n|t:|1698273151\n|move|p2a: Dragapult|Thunder Wave|p1a: Zacian\n|-status|p1a: Zacian|par\n|move|p1a: Zacian|Play Rough|p2a: Dragapult\n|-supereffective|p2a: Dragapult\n|-damage|p2a: Dragapult|0 fnt\n|faint|p2a: Dragapult\n|\n|-weather|none\n|upkeep\n|\n|t:|1698273162\n|switch|p2a: Armarouge|Armarouge, M, shiny|100\/100\n|turn|13\n|\n|t:|1698273172\n|move|p2a: Armarouge|Armor Cannon|p1a: Zacian\n|-supereffective|p1a: Zacian\n|-damage|p1a: Zacian|0 fnt\n|-unboost|p2a: Armarouge|def|1\n|-unboost|p2a: Armarouge|spd|1\n|faint|p1a: Zacian\n|\n|upkeep\n|\n|t:|1698273180\n|switch|p1a: Palafin|Palafin-Hero, F|100\/100\n|turn|14\n|\n|t:|1698273192\n|switch|p2a: Toxtricity|Toxtricity, M|1\/100\n|move|p1a: Palafin|Jet Punch|p2a: Toxtricity\n|-damage|p2a: Toxtricity|0 fnt\n|faint|p2a: Toxtricity\n|\n|upkeep\n|\n|t:|1698273200\n|switch|p2a: Grimmsnarl|Grimmsnarl, M|50\/100\n|turn|15\n|\n|t:|1698273205\n|move|p1a: Palafin|Jet Punch|p2a: Grimmsnarl\n|-damage|p2a: Grimmsnarl|25\/100\n|move|p2a: Grimmsnarl|Parting Shot|p1a: Palafin\n|-unboost|p1a: Palafin|atk|1\n|-unboost|p1a: Palafin|spa|1\n|\n|t:|1698273211\n|switch|p2a: Armarouge|Armarouge, M, shiny|100\/100|[from] Parting Shot\n|\n|upkeep\n|turn|16\n|\n|t:|1698273217\n|move|p1a: Palafin|Jet Punch|p2a: Armarouge\n|-supereffective|p2a: Armarouge\n|-damage|p2a: Armarouge|52\/100\n|-ability|p2a: Armarouge|Weak Armor|boost\n|-unboost|p2a: Armarouge|def|1\n|-boost|p2a: Armarouge|spe|2\n|move|p2a: Armarouge|Energy Ball|p1a: Palafin\n|-supereffective|p1a: Palafin\n|-damage|p1a: Palafin|0 fnt\n|faint|p1a: Palafin\n|\n|upkeep\n|\n|t:|1698273228\n|switch|p1a: Shaymin|Shaymin-Sky|100\/100\n|turn|17\n|\n|t:|1698273234\n|switch|p2a: Grimmsnarl|Grimmsnarl, M|25\/100\n|move|p1a: Shaymin|Air Slash|p2a: Grimmsnarl\n|-damage|p2a: Grimmsnarl|0 fnt\n|faint|p2a: Grimmsnarl\n|\n|upkeep\n|\n|t:|1698273242\n|switch|p2a: Armarouge|Armarouge, M, shiny|52\/100\n|turn|18\n|\n|t:|1698273245\n|move|p1a: Shaymin|Air Slash|p2a: Armarouge\n|-damage|p2a: Armarouge|0 fnt\n|faint|p2a: Armarouge\n|\n|win|BarbantBear\n|raw|BarbantBear's rating: 1032 &rarr; <strong>1072<\/strong><br \/>(+40 for winning)\n|raw|LuisOfNox's rating: 1078 &rarr; <strong>1053<\/strong><br \/>(-25 for losing)\n|l|\u2606LuisOfNox\n","uploadtime":1698273254,"views":11,"p1id":"barbantbear","p2id":"luisofnox","formatid":"gen9ubers","rating":1053,"private":0,"password":""}