{"id":"gen9ubers-1992530934","p1":"Wolvenstorm","p2":"Bigsmokemorel","format":"[Gen 9] Ubers","log":"|j|\u2606Wolvenstorm\n|j|\u2606Bigsmokemorel\n|t:|1700200522\n|gametype|singles\n|player|p1|Wolvenstorm|lance|\n|player|p2|Bigsmokemorel|flannery|\n|teamsize|p1|6\n|teamsize|p2|6\n|gen|9\n|tier|[Gen 9] Ubers\n|rule|Sleep Clause Mod: Limit one foe put to sleep\n|rule|Species Clause: Limit one of each Pok\u00e9mon\n|rule|OHKO Clause: OHKO moves are banned\n|rule|Evasion Items Clause: Evasion items are banned\n|rule|Evasion Moves Clause: Evasion moves are banned\n|rule|Endless Battle Clause: Forcing endless battles is banned\n|rule|HP Percentage Mod: HP is shown in percentages\n|clearpoke\n|poke|p1|Jolteon, M|\n|poke|p1|Baxcalibur, F|\n|poke|p1|Tyranitar, M|\n|poke|p1|Dragonite, M|\n|poke|p1|Salamence, M|\n|poke|p1|Zapdos-Galar|\n|poke|p2|Gliscor, F|\n|poke|p2|Azumarill, F|\n|poke|p2|Haxorus, M|\n|poke|p2|Heatran, M|\n|poke|p2|Sinistcha-Masterpiece|\n|poke|p2|Indeedee, M|\n|teampreview\n|inactive|Battle timer is ON: inactive players will automatically lose when time's up. (requested by Bigsmokemorel)\n|\n|t:|1700200541\n|start\n|switch|p1a: Baxcalibur|Baxcalibur, F, shiny|100\/100\n|switch|p2a: deep purple|Indeedee, M|100\/100\n|-fieldstart|move: Psychic Terrain|[from] ability: Psychic Surge|[of] p2a: deep purple\n|turn|1\n|j| butter dk\n|j| pbrake12\n|c| pbrake12|alright then\n|c| pbrake12|come on lads.\n|\n|t:|1700200567\n|move|p1a: Baxcalibur|Dragon Dance|p1a: Baxcalibur\n|-boost|p1a: Baxcalibur|atk|1\n|-boost|p1a: Baxcalibur|spe|1\n|move|p2a: deep purple|Trick Room|p2a: deep purple\n|-fieldstart|move: Trick Room|[of] p2a: deep purple\n|\n|upkeep\n|turn|2\n|c| butter dk|The battlefield got weird!\n|inactive|Wolvenstorm has 270 seconds left.\n|\n|t:|1700200588\n|move|p2a: deep purple|Encore|p1a: Baxcalibur\n|-start|p1a: Baxcalibur|Encore\n|move|p1a: Baxcalibur|Dragon Dance|p1a: Baxcalibur\n|-boost|p1a: Baxcalibur|atk|1\n|-boost|p1a: Baxcalibur|spe|1\n|\n|upkeep\n|turn|3\n|inactive|Wolvenstorm has 270 seconds left.\n|\n|t:|1700200599\n|move|p2a: deep purple|Dazzling Gleam|p1a: Baxcalibur\n|-supereffective|p1a: Baxcalibur\n|-damage|p1a: Baxcalibur|47\/100\n|move|p1a: Baxcalibur|Dragon Dance|p1a: Baxcalibur\n|-boost|p1a: Baxcalibur|atk|1\n|-boost|p1a: Baxcalibur|spe|1\n|\n|upkeep\n|turn|4\n|inactive|Wolvenstorm has 270 seconds left.\n|\n|t:|1700200610\n|switch|p1a: Jolteon|Jolteon, M, shiny|100\/100\n|move|p2a: deep purple|Dazzling Gleam|p1a: Jolteon\n|-damage|p1a: Jolteon|66\/100\n|\n|upkeep\n|turn|5\n|inactive|Wolvenstorm has 270 seconds left.\n|\n|t:|1700200618\n|switch|p2a: scory of my life|Gliscor, F|100\/100\n|move|p1a: Jolteon|Wish|p1a: Jolteon\n|\n|-fieldend|move: Trick Room\n|-status|p2a: scory of my life|tox|[from] item: Toxic Orb\n|upkeep\n|turn|6\n|\n|t:|1700200626\n|move|p1a: Jolteon|Volt Switch|p2a: scory of my life\n|-immune|p2a: scory of my life\n|move|p2a: scory of my life|Stealth Rock|p1a: Jolteon\n|-sidestart|p1: Wolvenstorm|move: Stealth Rock\n|\n|-heal|p1a: Jolteon|100\/100|[from] move: Wish|[wisher] Jolteon\n|upkeep\n|turn|7\n|inactive|Wolvenstorm has 270 seconds left.\n|c| pbrake12|i forgot to nickname my pokemon today\n|\n|t:|1700200660\n|switch|p1a: Salamence|Salamence, M, shiny|100\/100\n|move|p2a: scory of my life|Swords Dance|p2a: scory of my life\n|-boost|p2a: scory of my life|atk|2\n|\n|upkeep\n|turn|8\n|c| pbrake12|i had a good one in my head and i don't remember it now\n|\n|t:|1700200673\n|-terastallize|p2a: scory of my life|Fairy\n|move|p1a: Salamence|Dragon Dance|p1a: Salamence\n|-boost|p1a: Salamence|atk|1\n|-boost|p1a: Salamence|spe|1\n|move|p2a: scory of my life|Tera Blast|p1a: Salamence|[anim] Tera Blast Fairy\n|-supereffective|p1a: Salamence\n|-damage|p1a: Salamence|0 fnt\n|faint|p1a: Salamence\n|\n|-fieldend|move: Psychic Terrain\n|upkeep\n|\n|t:|1700200682\n|switch|p1a: Baxcalibur|Baxcalibur, F, shiny|47\/100\n|-damage|p1a: Baxcalibur|22\/100|[from] Stealth Rock\n|turn|9\n|\n|t:|1700200690\n|move|p1a: Baxcalibur|Icicle Spear|p2a: scory of my life\n|-damage|p2a: scory of my life|87\/100 tox\n|-crit|p2a: scory of my life\n|-damage|p2a: scory of my life|67\/100 tox\n|-damage|p2a: scory of my life|55\/100 tox\n|-damage|p2a: scory of my life|41\/100 tox\n|-hitcount|p2a: scory of my life|4\n|move|p2a: scory of my life|Tera Blast|p1a: Baxcalibur|[anim] Tera Blast Fairy\n|-supereffective|p1a: Baxcalibur\n|-damage|p1a: Baxcalibur|0 fnt\n|faint|p1a: Baxcalibur\n|\n|-heal|p2a: scory of my life|53\/100 tox|[from] ability: Poison Heal\n|upkeep\n|\n|t:|1700200708\n|switch|p1a: Dragonite|Dragonite, M, shiny|100\/100\n|turn|10\n|\n|t:|1700200713\n|-terastallize|p1a: Dragonite|Normal\n|move|p1a: Dragonite|Extreme Speed|p2a: scory of my life\n|-damage|p2a: scory of my life|16\/100 tox\n|move|p2a: scory of my life|Tera Blast|p1a: Dragonite|[anim] Tera Blast Fairy\n|-damage|p1a: Dragonite|62\/100\n|\n|-heal|p2a: scory of my life|28\/100 tox|[from] ability: Poison Heal\n|upkeep\n|turn|11\n|\n|t:|1700200723\n|switch|p2a: deep purple|Indeedee, M|100\/100\n|-fieldstart|move: Psychic Terrain|[from] ability: Psychic Surge|[of] p2a: deep purple\n|move|p1a: Dragonite|Extreme Speed|p2a: deep purple\n|-activate|p2a: deep purple|move: Psychic Terrain\n|\n|upkeep\n|turn|12\n|inactive|Wolvenstorm has 270 seconds left.\n|c| pbrake12|dude u can't do that\n|\n|t:|1700200733\n|move|p1a: Dragonite|Encore||[still]\n|-fail|p1a: Dragonite\n|move|p2a: deep purple|Trick Room|p2a: deep purple\n|-fieldstart|move: Trick Room|[of] p2a: deep purple\n|\n|upkeep\n|turn|13\n|\n|t:|1700200743\n|move|p2a: deep purple|Healing Wish|p2a: deep purple\n|faint|p2a: deep purple\n|move|p1a: Dragonite|Encore|p2: deep purple|[notarget]\n|-fail|p1a: Dragonite\n|\n|upkeep\n|\n|t:|1700200748\n|switch|p2a: bigbluebunnyhood|Azumarill, F|100\/100\n|turn|14\n|\n|t:|1700200755\n|switch|p1a: Jolteon|Jolteon, M, shiny|100\/100\n|-damage|p1a: Jolteon|88\/100|[from] Stealth Rock\n|move|p2a: bigbluebunnyhood|Play Rough|p1a: Jolteon\n|-damage|p1a: Jolteon|0 fnt\n|faint|p1a: Jolteon\n|\n|upkeep\n|\n|t:|1700200763\n|switch|p1a: Zapdos|Zapdos-Galar, shiny|100\/100\n|-damage|p1a: Zapdos|88\/100|[from] Stealth Rock\n|turn|15\n|\n|t:|1700200775\n|move|p2a: bigbluebunnyhood|Play Rough|p1a: Zapdos\n|-supereffective|p1a: Zapdos\n|-damage|p1a: Zapdos|0 fnt\n|faint|p1a: Zapdos\n|\n|upkeep\n|\n|t:|1700200782\n|switch|p1a: Tyranitar|Tyranitar, M, shiny|100\/100\n|-damage|p1a: Tyranitar|88\/100|[from] Stealth Rock\n|-weather|Sandstorm|[from] ability: Sand Stream|[of] p1a: Tyranitar\n|turn|16\n|\n|t:|1700200804\n|move|p2a: bigbluebunnyhood|Play Rough|p1a: Tyranitar\n|-supereffective|p1a: Tyranitar\n|-damage|p1a: Tyranitar|0 fnt\n|faint|p1a: Tyranitar\n|\n|-weather|Sandstorm|[upkeep]\n|-damage|p2a: bigbluebunnyhood|94\/100|[from] Sandstorm\n|-fieldend|move: Trick Room\n|upkeep\n|\n|t:|1700200811\n|switch|p1a: Dragonite|Dragonite, M, shiny, tera:Normal|62\/100\n|turn|17\n|\n|t:|1700200816\n|move|p1a: Dragonite|Extreme Speed|p2a: bigbluebunnyhood\n|-activate|p2a: bigbluebunnyhood|move: Psychic Terrain\n|move|p2a: bigbluebunnyhood|Play Rough|p1a: Dragonite\n|-damage|p1a: Dragonite|0 fnt\n|faint|p1a: Dragonite\n|\n|win|Bigsmokemorel\n|l|\u2606Wolvenstorm\n|c|\u2606Bigsmokemorel|gg nick\n|l| pbrake12\n","uploadtime":1700200843,"views":8,"p1id":"wolvenstorm","p2id":"bigsmokemorel","formatid":"gen9ubers","rating":0,"private":0,"password":""}