{"id":"gen9ubers-1980927043","p1":"ssjona","p2":"cinderellam","format":"[Gen 9] Ubers","log":"|j|\u2606ssjona\n|j|\u2606cinderellam\n|t:|1698849645\n|gametype|singles\n|player|p1|ssjona|265|1148\n|player|p2|cinderellam|169|1125\n|teamsize|p1|6\n|teamsize|p2|6\n|gen|9\n|tier|[Gen 9] Ubers\n|rated|\n|rule|Sleep Clause Mod: Limit one foe put to sleep\n|rule|Species Clause: Limit one of each Pok\u00e9mon\n|rule|OHKO Clause: OHKO moves are banned\n|rule|Evasion Items Clause: Evasion items are banned\n|rule|Evasion Moves Clause: Evasion moves are banned\n|rule|Endless Battle Clause: Forcing endless battles is banned\n|rule|HP Percentage Mod: HP is shown in percentages\n|clearpoke\n|poke|p1|Groudon|\n|poke|p1|Dragapult, F|\n|poke|p1|Heatran, M|\n|poke|p1|Bisharp, F|\n|poke|p1|Victreebel, M|\n|poke|p1|Farigiraf, F|\n|poke|p2|Grimmsnarl, M|\n|poke|p2|Flutter Mane|\n|poke|p2|Zacian-*|\n|poke|p2|Koraidon|\n|poke|p2|Blissey, F|\n|poke|p2|Garganacl, M|\n|teampreview\n|j| seedonpokemon\n|inactive|Battle timer is ON: inactive players will automatically lose when time's up. (requested by cinderellam)\n|l| seedonpokemon\n|\n|t:|1698849655\n|start\n|switch|p1a: Lead|Bisharp, F|100\/100\n|switch|p2a: Grimmsnarl|Grimmsnarl, M|100\/100\n|turn|1\n|j| seedonpokemon\n|l| seedonpokemon\n|\n|t:|1698849662\n|move|p2a: Grimmsnarl|Reflect|p2a: Grimmsnarl\n|-sidestart|p2: cinderellam|Reflect\n|move|p1a: Lead|Iron Head|p2a: Grimmsnarl\n|-supereffective|p2a: Grimmsnarl\n|-damage|p2a: Grimmsnarl|69\/100\n|\n|upkeep\n|turn|2\n|j| seedonpokemon\n|\n|t:|1698849669\n|move|p2a: Grimmsnarl|Parting Shot|p1a: Lead\n|-hint|Since gen 7, Dark is immune to Prankster moves.\n|-immune|p1a: Lead\n|move|p1a: Lead|Stealth Rock|p2a: Grimmsnarl\n|-sidestart|p2: cinderellam|move: Stealth Rock\n|\n|upkeep\n|turn|3\n|l| seedonpokemon\n|\n|t:|1698849676\n|switch|p2a: Koraidon|Koraidon|100\/100\n|-damage|p2a: Koraidon|94\/100|[from] Stealth Rock\n|-weather|SunnyDay|[from] ability: Orichalcum Pulse|[of] p2a: Koraidon\n|-activate|p2a: Koraidon|Orichalcum Pulse|[source]\n|move|p1a: Lead|Thunder Wave|p2a: Koraidon\n|-status|p2a: Koraidon|par\n|\n|-weather|SunnyDay|[upkeep]\n|-heal|p2a: Koraidon|100\/100 par|[from] item: Leftovers\n|upkeep\n|turn|4\n|\n|t:|1698849690\n|switch|p1a: Dragapult|Dragapult, F|100\/100\n|move|p2a: Koraidon|Flame Charge|p1a: Dragapult\n|-resisted|p1a: Dragapult\n|-damage|p1a: Dragapult|78\/100\n|-boost|p2a: Koraidon|spe|1\n|\n|-weather|SunnyDay|[upkeep]\n|upkeep\n|turn|5\n|\n|t:|1698849702\n|move|p1a: Dragapult|Draco Meteor|p2a: Koraidon\n|-supereffective|p2a: Koraidon\n|-damage|p2a: Koraidon|0 fnt\n|-unboost|p1a: Dragapult|spa|2\n|faint|p2a: Koraidon\n|\n|-weather|SunnyDay|[upkeep]\n|upkeep\n|\n|t:|1698849711\n|switch|p2a: Zacian|Zacian-Crowned|100\/100\n|-damage|p2a: Zacian|94\/100|[from] Stealth Rock\n|-ability|p2a: Zacian|Intrepid Sword|boost\n|-boost|p2a: Zacian|atk|1\n|turn|6\n|\n|t:|1698849722\n|switch|p1a: Victreebel|Victreebel, M|100\/100\n|move|p2a: Zacian|Swords Dance|p2a: Zacian\n|-boost|p2a: Zacian|atk|2\n|\n|-weather|SunnyDay|[upkeep]\n|upkeep\n|turn|7\n|\n|t:|1698849729\n|-terastallize|p1a: Victreebel|Ground\n|move|p1a: Victreebel|Tera Blast|p2a: Zacian|[anim] Tera Blast Ground\n|-supereffective|p2a: Zacian\n|-damage|p2a: Zacian|0 fnt\n|faint|p2a: Zacian\n|-damage|p1a: Victreebel|91\/100|[from] item: Life Orb\n|\n|-weather|none\n|upkeep\n|\n|t:|1698849739\n|switch|p2a: Flutter Mane|Flutter Mane|100\/100\n|-damage|p2a: Flutter Mane|88\/100|[from] Stealth Rock\n|-enditem|p2a: Flutter Mane|Booster Energy\n|-activate|p2a: Flutter Mane|ability: Protosynthesis|[fromitem]\n|-start|p2a: Flutter Mane|protosynthesisspe\n|turn|8\n|\n|t:|1698849750\n|switch|p1a: Farigiraf|Farigiraf, F|100\/100\n|move|p2a: Flutter Mane|Moonblast|p1a: Farigiraf\n|-damage|p1a: Farigiraf|61\/100\n|\n|-sideend|p2: cinderellam|Reflect\n|upkeep\n|turn|9\n|\n|t:|1698849757\n|move|p2a: Flutter Mane|Calm Mind|p2a: Flutter Mane\n|-boost|p2a: Flutter Mane|spa|1\n|-boost|p2a: Flutter Mane|spd|1\n|move|p1a: Farigiraf|Light Screen|p1a: Farigiraf\n|-sidestart|p1: ssjona|move: Light Screen\n|\n|upkeep\n|turn|10\n|\n|t:|1698849764\n|switch|p1a: Lead|Bisharp, F|100\/100\n|move|p2a: Flutter Mane|Calm Mind|p2a: Flutter Mane\n|-boost|p2a: Flutter Mane|spa|1\n|-boost|p2a: Flutter Mane|spd|1\n|\n|upkeep\n|turn|11\n|\n|t:|1698849773\n|move|p2a: Flutter Mane|Shadow Ball|p1a: Lead\n|-resisted|p1a: Lead\n|-damage|p1a: Lead|80\/100\n|move|p1a: Lead|Thunder Wave|p2a: Flutter Mane\n|-status|p2a: Flutter Mane|par\n|\n|upkeep\n|turn|12\n|\n|t:|1698849784\n|move|p2a: Flutter Mane|Moonblast|p1a: Lead\n|-damage|p1a: Lead|36\/100\n|-unboost|p1a: Lead|spa|1\n|-ability|p1a: Lead|Defiant|boost\n|-boost|p1a: Lead|atk|2\n|move|p1a: Lead|Iron Head|p2a: Flutter Mane\n|-supereffective|p2a: Flutter Mane\n|-damage|p2a: Flutter Mane|0 fnt\n|faint|p2a: Flutter Mane\n|-end|p2a: Flutter Mane|Protosynthesis|[silent]\n|\n|upkeep\n|\n|t:|1698849794\n|switch|p2a: Garganacl|Garganacl, M|100\/100\n|-damage|p2a: Garganacl|88\/100|[from] Stealth Rock\n|turn|13\n|\n|t:|1698849797\n|move|p1a: Lead|Iron Head|p2a: Garganacl\n|-supereffective|p2a: Garganacl\n|-damage|p2a: Garganacl|6\/100\n|cant|p2a: Garganacl|flinch\n|\n|-heal|p2a: Garganacl|12\/100|[from] item: Leftovers\n|upkeep\n|turn|14\n|\n|t:|1698849803\n|move|p1a: Lead|Iron Head|p2a: Garganacl\n|-supereffective|p2a: Garganacl\n|-damage|p2a: Garganacl|0 fnt\n|faint|p2a: Garganacl\n|\n|upkeep\n|\n|t:|1698849808\n|switch|p2a: Blissey|Blissey, F|100\/100\n|-damage|p2a: Blissey|88\/100|[from] Stealth Rock\n|turn|15\n|\n|t:|1698849817\n|move|p1a: Lead|Iron Head|p2a: Blissey\n|-damage|p2a: Blissey|31\/100\n|move|p2a: Blissey|Seismic Toss|p1a: Lead\n|-damage|p1a: Lead|6\/100\n|\n|-heal|p2a: Blissey|37\/100|[from] item: Leftovers\n|upkeep\n|turn|16\n|\n|t:|1698849823\n|move|p1a: Lead|Iron Head|p2a: Blissey\n|-damage|p2a: Blissey|0 fnt\n|faint|p2a: Blissey\n|\n|-sideend|p1: ssjona|move: Light Screen\n|upkeep\n|\n|t:|1698849828\n|switch|p2a: Grimmsnarl|Grimmsnarl, M|69\/100\n|-damage|p2a: Grimmsnarl|57\/100|[from] Stealth Rock\n|turn|17\n|\n|t:|1698849831\n|move|p1a: Lead|Iron Head|p2a: Grimmsnarl\n|-supereffective|p2a: Grimmsnarl\n|-damage|p2a: Grimmsnarl|0 fnt\n|faint|p2a: Grimmsnarl\n|\n|win|ssjona\n|raw|ssjona's rating: 1148 &rarr; <strong>1171<\/strong><br \/>(+23 for winning)\n|raw|cinderellam's rating: 1125 &rarr; <strong>1102<\/strong><br \/>(-23 for losing)\n|c|\u2606ssjona|gg\n|l|\u2606cinderellam\n","uploadtime":1698849858,"views":8,"p1id":"ssjona","p2id":"cinderellam","formatid":"gen9ubers","rating":1102,"private":0,"password":""}