{"id":"gen9ubers-1991637671","p1":"shine_bright_tpl","p2":"TPL_AllStars","format":"[Gen 9] Ubers","log":"|j|\u2606shine_bright_tpl\n|j|\u2606TPL_AllStars\n|t:|1700097026\n|gametype|singles\n|player|p1|shine_bright_tpl|janine|\n|player|p2|TPL_AllStars|1|\n|teamsize|p1|6\n|teamsize|p2|6\n|gen|9\n|tier|[Gen 9] Ubers\n|rule|Sleep Clause Mod: Limit one foe put to sleep\n|rule|Species Clause: Limit one of each Pok\u00e9mon\n|rule|OHKO Clause: OHKO moves are banned\n|rule|Evasion Items Clause: Evasion items are banned\n|rule|Evasion Moves Clause: Evasion moves are banned\n|rule|Endless Battle Clause: Forcing endless battles is banned\n|rule|HP Percentage Mod: HP is shown in percentages\n|clearpoke\n|poke|p1|Koraidon|\n|poke|p1|Rayquaza|\n|poke|p1|Eternatus|\n|poke|p1|Landorus-Therian, M|\n|poke|p1|Zacian-*|\n|poke|p1|Ting-Lu|\n|poke|p2|Clefable, F|\n|poke|p2|Volcarona, M|\n|poke|p2|Annihilape, F|\n|poke|p2|Roaring Moon|\n|poke|p2|Sneasler, F|\n|poke|p2|Forretress, F|\n|teampreview\n|c|\u2606TPL_AllStars|Bitch\n|inactive|Battle timer is ON: inactive players will automatically lose when time's up. (requested by shine_bright_tpl)\n|\n|t:|1700097045\n|start\n|switch|p1a: Ting-Lu|Ting-Lu|100\/100\n|switch|p2a: Sneasler|Sneasler, F|100\/100\n|-ability|p1a: Ting-Lu|Vessel of Ruin\n|turn|1\n|\n|t:|1700097068\n|switch|p1a: Landorus|Landorus-Therian, M|100\/100\n|-ability|p1a: Landorus|Intimidate|boost\n|-unboost|p2a: Sneasler|atk|1\n|move|p2a: Sneasler|U-turn|p1a: Landorus\n|-resisted|p1a: Landorus\n|-damage|p1a: Landorus|92\/100\n|-damage|p2a: Sneasler|84\/100|[from] item: Rocky Helmet|[of] p1a: Landorus\n|-status|p1a: Landorus|psn|[from] ability: Poison Touch|[of] p2a: Sneasler\n|\n|t:|1700097091\n|switch|p2a: Roaring Moon|Roaring Moon|100\/100|[from] U-turn\n|-enditem|p2a: Roaring Moon|Booster Energy\n|-activate|p2a: Roaring Moon|ability: Protosynthesis|[fromitem]\n|-start|p2a: Roaring Moon|protosynthesisatk\n|\n|-damage|p1a: Landorus|80\/100 psn|[from] psn\n|upkeep\n|turn|2\n|\n|t:|1700097108\n|switch|p1a: Zacian|Zacian-Crowned|100\/100\n|-ability|p1a: Zacian|Intrepid Sword|boost\n|-boost|p1a: Zacian|atk|1\n|move|p2a: Roaring Moon|Dragon Dance|p2a: Roaring Moon\n|-boost|p2a: Roaring Moon|atk|1\n|-boost|p2a: Roaring Moon|spe|1\n|\n|upkeep\n|turn|3\n|inactive|TPL_AllStars has 270 seconds left.\n|\n|t:|1700097130\n|switch|p1a: Landorus|Landorus-Therian, M|80\/100 psn\n|-ability|p1a: Landorus|Intimidate|boost\n|-unboost|p2a: Roaring Moon|atk|1\n|-terastallize|p2a: Roaring Moon|Flying\n|move|p2a: Roaring Moon|Acrobatics|p1a: Landorus\n|-damage|p1a: Landorus|22\/100 psn\n|-damage|p2a: Roaring Moon|84\/100|[from] item: Rocky Helmet|[of] p1a: Landorus\n|\n|-damage|p1a: Landorus|10\/100 psn|[from] psn\n|upkeep\n|turn|4\n|inactive|TPL_AllStars has 270 seconds left.\n|\n|t:|1700097145\n|switch|p1a: Zacian|Zacian-Crowned|100\/100\n|move|p2a: Roaring Moon|Dragon Dance|p2a: Roaring Moon\n|-boost|p2a: Roaring Moon|atk|1\n|-boost|p2a: Roaring Moon|spe|1\n|\n|upkeep\n|turn|5\n|inactive|TPL_AllStars has 270 seconds left.\n|\n|t:|1700097158\n|move|p2a: Roaring Moon|Acrobatics|p1a: Zacian\n|-resisted|p1a: Zacian\n|-damage|p1a: Zacian|41\/100\n|move|p1a: Zacian|Close Combat|p2a: Roaring Moon\n|-resisted|p2a: Roaring Moon\n|-damage|p2a: Roaring Moon|54\/100\n|-unboost|p1a: Zacian|def|1\n|-unboost|p1a: Zacian|spd|1\n|\n|upkeep\n|turn|6\n|inactive|TPL_AllStars has 270 seconds left.\n|\n|t:|1700097173\n|switch|p1a: Landorus|Landorus-Therian, M|10\/100 psn\n|-ability|p1a: Landorus|Intimidate|boost\n|-unboost|p2a: Roaring Moon|atk|1\n|move|p2a: Roaring Moon|Roost|p2a: Roaring Moon\n|-heal|p2a: Roaring Moon|100\/100\n|-hint|If a Flying Terastallized Pokemon uses Roost, it remains Flying-type.\n|\n|-damage|p1a: Landorus|0 fnt|[from] psn\n|faint|p1a: Landorus\n|upkeep\n|inactive|shine_bright_tpl has 270 seconds left.\n|\n|t:|1700097189\n|switch|p1a: Eternatus|Eternatus|100\/100\n|-ability|p1a: Eternatus|Pressure\n|turn|7\n|inactive|shine_bright_tpl has 270 seconds left.\n|inactive|TPL_AllStars has 270 seconds left.\n|\n|t:|1700097207\n|-terastallize|p1a: Eternatus|Steel\n|move|p2a: Roaring Moon|Acrobatics|p1a: Eternatus\n|-resisted|p1a: Eternatus\n|-damage|p1a: Eternatus|64\/100\n|move|p1a: Eternatus|Dynamax Cannon|p2a: Roaring Moon\n|-damage|p2a: Roaring Moon|34\/100\n|-damage|p1a: Eternatus|54\/100|[from] item: Life Orb\n|\n|upkeep\n|turn|8\n|inactive|TPL_AllStars has 270 seconds left.\n|\n|t:|1700097217\n|move|p2a: Roaring Moon|Crunch|p1a: Eternatus\n|-damage|p1a: Eternatus|3\/100\n|move|p1a: Eternatus|Recover|p1a: Eternatus\n|-heal|p1a: Eternatus|53\/100\n|\n|upkeep\n|turn|9\n|inactive|TPL_AllStars has 270 seconds left.\n|\n|t:|1700097232\n|move|p2a: Roaring Moon|Roost|p2a: Roaring Moon\n|-heal|p2a: Roaring Moon|84\/100\n|-hint|If a Flying Terastallized Pokemon uses Roost, it remains Flying-type.\n|move|p1a: Eternatus|Dynamax Cannon|p2a: Roaring Moon\n|-damage|p2a: Roaring Moon|12\/100\n|-damage|p1a: Eternatus|43\/100|[from] item: Life Orb\n|\n|upkeep\n|turn|10\n|inactive|TPL_AllStars has 270 seconds left.\n|\n|t:|1700097241\n|move|p2a: Roaring Moon|Crunch|p1a: Eternatus\n|-damage|p1a: Eternatus|0 fnt\n|faint|p1a: Eternatus\n|\n|upkeep\n|\n|t:|1700097244\n|switch|p1a: Rayquaza|Rayquaza, shiny|100\/100\n|-ability|p1a: Rayquaza|Air Lock\n|turn|11\n|\n|t:|1700097251\n|-end|p2a: Roaring Moon|Protosynthesis|[silent]\n|switch|p2a: Annihilape|Annihilape, F|100\/100\n|move|p1a: Rayquaza|Extreme Speed|p2a: Annihilape\n|-immune|p2a: Annihilape\n|\n|upkeep\n|turn|12\n|\n|t:|1700097264\n|switch|p1a: Ting-Lu|Ting-Lu|100\/100\n|-ability|p1a: Ting-Lu|Vessel of Ruin\n|move|p2a: Annihilape|Bulk Up|p2a: Annihilape\n|-boost|p2a: Annihilape|atk|1\n|-boost|p2a: Annihilape|def|1\n|\n|upkeep\n|turn|13\n|\n|t:|1700097286\n|switch|p1a: Zacian|Zacian-Crowned|41\/100\n|move|p2a: Annihilape|Drain Punch|p1a: Zacian\n|-damage|p1a: Zacian|3\/100\n|\n|upkeep\n|turn|14\n|\n|t:|1700097296\n|move|p1a: Zacian|Play Rough|p2a: Annihilape\n|-supereffective|p2a: Annihilape\n|-damage|p2a: Annihilape|30\/100\n|move|p2a: Annihilape|Drain Punch|p1a: Zacian\n|-damage|p1a: Zacian|0 fnt\n|-heal|p2a: Annihilape|31\/100|[from] drain|[of] p1a: Zacian\n|faint|p1a: Zacian\n|\n|-heal|p2a: Annihilape|37\/100|[from] item: Leftovers\n|upkeep\n|\n|t:|1700097309\n|switch|p1a: Koraidon|Koraidon|100\/100\n|-weather|SunnyDay|[from] ability: Orichalcum Pulse|[of] p1a: Koraidon\n|-activate|p1a: Koraidon|Orichalcum Pulse|[source]\n|turn|15\n|\n|t:|1700097321\n|move|p1a: Koraidon|Flare Blitz|p2a: Annihilape\n|-damage|p2a: Annihilape|0 fnt\n|faint|p2a: Annihilape\n|-damage|p1a: Koraidon|86\/100|[from] Recoil\n|\n|-weather|SunnyDay|[upkeep]\n|upkeep\n|inactive|TPL_AllStars has 270 seconds left.\n|\n|t:|1700097344\n|switch|p2a: Roaring Moon|Roaring Moon, tera:Flying|12\/100\n|-activate|p2a: Roaring Moon|ability: Protosynthesis\n|-start|p2a: Roaring Moon|protosynthesisatk\n|turn|16\n|inactive|TPL_AllStars has 270 seconds left.\n|\n|t:|1700097351\n|move|p1a: Koraidon|Flare Blitz|p2a: Roaring Moon\n|-damage|p2a: Roaring Moon|0 fnt\n|faint|p2a: Roaring Moon\n|-end|p2a: Roaring Moon|Protosynthesis|[silent]\n|-damage|p1a: Koraidon|81\/100|[from] Recoil\n|\n|-weather|SunnyDay|[upkeep]\n|upkeep\n|inactive|TPL_AllStars has 270 seconds left.\n|\n|t:|1700097366\n|switch|p2a: Sneasler|Sneasler, F|84\/100\n|turn|17\n|\n|t:|1700097380\n|move|p1a: Koraidon|Flare Blitz|p2a: Sneasler\n|-damage|p2a: Sneasler|0 fnt\n|faint|p2a: Sneasler\n|-damage|p1a: Koraidon|57\/100|[from] Recoil\n|\n|-weather|SunnyDay|[upkeep]\n|upkeep\n|\n|t:|1700097390\n|switch|p2a: Volcarona|Volcarona, M|100\/100\n|turn|18\n|\n|t:|1700097397\n|move|p1a: Koraidon|Flare Blitz|p2a: Volcarona\n|-damage|p2a: Volcarona|13\/100\n|-damage|p1a: Koraidon|29\/100|[from] Recoil\n|move|p2a: Volcarona|Quiver Dance|p2a: Volcarona\n|-boost|p2a: Volcarona|spa|1\n|-boost|p2a: Volcarona|spd|1\n|-boost|p2a: Volcarona|spe|1\n|\n|-weather|SunnyDay|[upkeep]\n|upkeep\n|turn|19\n|inactive|TPL_AllStars has 270 seconds left.\n|\n|t:|1700097412\n|move|p1a: Koraidon|Flare Blitz|p2a: Volcarona\n|-damage|p2a: Volcarona|0 fnt\n|-status|p1a: Koraidon|brn|[from] ability: Flame Body|[of] p2a: Volcarona\n|faint|p2a: Volcarona\n|-damage|p1a: Koraidon|25\/100 brn|[from] Recoil\n|\n|-weather|none\n|-damage|p1a: Koraidon|19\/100 brn|[from] brn\n|upkeep\n|\n|t:|1700097422\n|switch|p2a: Clefable|Clefable, F|100\/100\n|turn|20\n|inactive|TPL_AllStars has 270 seconds left.\n|\n|t:|1700097430\n|switch|p1a: Ting-Lu|Ting-Lu|100\/100\n|-ability|p1a: Ting-Lu|Vessel of Ruin\n|move|p2a: Clefable|Moonblast|p1a: Ting-Lu\n|-supereffective|p1a: Ting-Lu\n|-crit|p1a: Ting-Lu\n|-damage|p1a: Ting-Lu|64\/100\n|\n|-heal|p1a: Ting-Lu|71\/100|[from] item: Leftovers\n|upkeep\n|turn|21\n|inactive|TPL_AllStars has 270 seconds left.\n|\n|t:|1700097441\n|move|p2a: Clefable|Knock Off|p1a: Ting-Lu\n|-resisted|p1a: Ting-Lu\n|-damage|p1a: Ting-Lu|66\/100\n|-enditem|p1a: Ting-Lu|Leftovers|[from] move: Knock Off|[of] p2a: Clefable\n|move|p1a: Ting-Lu|Spikes|p2a: Clefable\n|-sidestart|p2: TPL_AllStars|Spikes\n|\n|upkeep\n|turn|22\n|\n|t:|1700097449\n|move|p2a: Clefable|Moonblast|p1a: Ting-Lu\n|-supereffective|p1a: Ting-Lu\n|-damage|p1a: Ting-Lu|38\/100\n|move|p1a: Ting-Lu|Ruination|p2a: Clefable\n|-damage|p2a: Clefable|50\/100\n|\n|-heal|p2a: Clefable|57\/100|[from] item: Leftovers\n|upkeep\n|turn|23\n|\n|t:|1700097459\n|move|p2a: Clefable|Moonblast|p1a: Ting-Lu\n|-supereffective|p1a: Ting-Lu\n|-damage|p1a: Ting-Lu|10\/100\n|-unboost|p1a: Ting-Lu|spa|1\n|move|p1a: Ting-Lu|Ruination|p2a: Clefable\n|-damage|p2a: Clefable|29\/100\n|\n|-heal|p2a: Clefable|35\/100|[from] item: Leftovers\n|upkeep\n|turn|24\n|\n|t:|1700097472\n|move|p2a: Clefable|Stealth Rock|p1a: Ting-Lu\n|-sidestart|p1: shine_bright_tpl|move: Stealth Rock\n|move|p1a: Ting-Lu|Ruination|p2a: Clefable|[miss]\n|-miss|p1a: Ting-Lu|p2a: Clefable\n|\n|-heal|p2a: Clefable|41\/100|[from] item: Leftovers\n|upkeep\n|turn|25\n|\n|t:|1700097481\n|move|p2a: Clefable|Moonlight|p2a: Clefable\n|-heal|p2a: Clefable|91\/100\n|move|p1a: Ting-Lu|Ruination|p2a: Clefable\n|-damage|p2a: Clefable|46\/100\n|\n|-heal|p2a: Clefable|52\/100|[from] item: Leftovers\n|upkeep\n|turn|26\n|\n|t:|1700097491\n|move|p2a: Clefable|Moonlight|p2a: Clefable\n|-heal|p2a: Clefable|100\/100\n|move|p1a: Ting-Lu|Ruination|p2a: Clefable\n|-damage|p2a: Clefable|50\/100\n|\n|-heal|p2a: Clefable|57\/100|[from] item: Leftovers\n|upkeep\n|turn|27\n|\n|t:|1700097501\n|move|p2a: Clefable|Moonlight|p2a: Clefable\n|-heal|p2a: Clefable|100\/100\n|move|p1a: Ting-Lu|Ruination|p2a: Clefable\n|-damage|p2a: Clefable|50\/100\n|\n|-heal|p2a: Clefable|57\/100|[from] item: Leftovers\n|upkeep\n|turn|28\n|\n|t:|1700097510\n|move|p2a: Clefable|Moonlight|p2a: Clefable\n|-heal|p2a: Clefable|100\/100\n|move|p1a: Ting-Lu|Ruination|p2a: Clefable\n|-damage|p2a: Clefable|50\/100\n|\n|-heal|p2a: Clefable|57\/100|[from] item: Leftovers\n|upkeep\n|turn|29\n|\n|t:|1700097518\n|move|p2a: Clefable|Moonlight|p2a: Clefable\n|-heal|p2a: Clefable|100\/100\n|move|p1a: Ting-Lu|Ruination|p2a: Clefable\n|-damage|p2a: Clefable|50\/100\n|\n|-heal|p2a: Clefable|57\/100|[from] item: Leftovers\n|upkeep\n|turn|30\n|\n|t:|1700097535\n|move|p2a: Clefable|Moonblast|p1a: Ting-Lu\n|-supereffective|p1a: Ting-Lu\n|-damage|p1a: Ting-Lu|0 fnt\n|faint|p1a: Ting-Lu\n|\n|-heal|p2a: Clefable|63\/100|[from] item: Leftovers\n|upkeep\n|\n|t:|1700097541\n|switch|p1a: Rayquaza|Rayquaza, shiny|100\/100\n|-damage|p1a: Rayquaza|76\/100|[from] Stealth Rock\n|-ability|p1a: Rayquaza|Air Lock\n|turn|31\n|\n|t:|1700097553\n|switch|p2a: Forretress|Forretress, F|100\/100\n|-damage|p2a: Forretress|88\/100|[from] Spikes\n|move|p1a: Rayquaza|Earthquake|p2a: Forretress\n|-damage|p2a: Forretress|53\/100\n|\n|-heal|p2a: Forretress|59\/100|[from] item: Leftovers\n|upkeep\n|turn|32\n|\n|t:|1700097567\n|switch|p1a: Koraidon|Koraidon|19\/100 brn\n|-damage|p1a: Koraidon|13\/100 brn|[from] Stealth Rock\n|-weather|SunnyDay|[from] ability: Orichalcum Pulse|[of] p1a: Koraidon\n|-activate|p1a: Koraidon|Orichalcum Pulse|[source]\n|move|p2a: Forretress|Gyro Ball|p1a: Koraidon\n|-damage|p1a: Koraidon|0 fnt\n|faint|p1a: Koraidon\n|\n|-weather|SunnyDay|[upkeep]\n|-heal|p2a: Forretress|65\/100|[from] item: Leftovers\n|upkeep\n|\n|t:|1700097577\n|switch|p1a: Rayquaza|Rayquaza, shiny|76\/100\n|-damage|p1a: Rayquaza|51\/100|[from] Stealth Rock\n|-ability|p1a: Rayquaza|Air Lock\n|turn|33\n|\n|t:|1700097587\n|move|p1a: Rayquaza|Earthquake|p2a: Forretress\n|-damage|p2a: Forretress|32\/100\n|move|p2a: Forretress|Gyro Ball|p1a: Rayquaza\n|-damage|p1a: Rayquaza|21\/100\n|\n|-weather|SunnyDay|[upkeep]\n|-heal|p2a: Forretress|39\/100|[from] item: Leftovers\n|upkeep\n|turn|34\n|\n|t:|1700097595\n|move|p1a: Rayquaza|Earthquake|p2a: Forretress\n|-damage|p2a: Forretress|2\/100\n|move|p2a: Forretress|Gyro Ball|p1a: Rayquaza\n|-damage|p1a: Rayquaza|0 fnt\n|faint|p1a: Rayquaza\n|\n|win|TPL_AllStars\n|l|\u2606shine_bright_tpl\n","uploadtime":1700097606,"views":31,"p1id":"shinebrighttpl","p2id":"tplallstars","formatid":"gen9ubers","rating":0,"private":0,"password":""}