{"id":"gen9ubers-1970380915","p1":"Theviking52","p2":"bowsori","format":"[Gen 9] Ubers","log":"|j|\u2606Theviking52\n|j|\u2606bowsori\n|t:|1697633952\n|gametype|singles\n|player|p1|Theviking52|linebacker|\n|player|p2|bowsori|ruinmaniac|\n|teamsize|p1|6\n|teamsize|p2|6\n|gen|9\n|tier|[Gen 9] Ubers\n|rule|Sleep Clause Mod: Limit one foe put to sleep\n|rule|Species Clause: Limit one of each Pok\u00e9mon\n|rule|OHKO Clause: OHKO moves are banned\n|rule|Evasion Items Clause: Evasion items are banned\n|rule|Evasion Moves Clause: Evasion moves are banned\n|rule|Endless Battle Clause: Forcing endless battles is banned\n|rule|HP Percentage Mod: HP is shown in percentages\n|clearpoke\n|poke|p1|Tyranitar, M|\n|poke|p1|Magearna|\n|poke|p1|Clefable, F|\n|poke|p1|Houndstone, F|\n|poke|p1|Zacian-*|\n|poke|p1|Landorus, M|\n|poke|p2|Landorus, M|\n|poke|p2|Houndstone, M|\n|poke|p2|Magearna|\n|poke|p2|Tyranitar, F|\n|poke|p2|Zacian-*|\n|poke|p2|Arceus-Bug|\n|teampreview\n|c|\u2606bowsori|hello there\n|c|\u2606Theviking52|hello sand\n|c|\u2606bowsori|where have I seen this\n|\n|t:|1697633975\n|start\n|switch|p1a: Tyranitar|Tyranitar, M|100\/100\n|switch|p2a: Zacian|Zacian, shiny|100\/100\n|-ability|p2a: Zacian|Intrepid Sword|boost\n|-boost|p2a: Zacian|atk|1\n|-weather|Sandstorm|[from] ability: Sand Stream|[of] p1a: Tyranitar\n|turn|1\n|\n|t:|1697633988\n|switch|p1a: Magearna|Magearna|100\/100\n|move|p2a: Zacian|Play Rough|p1a: Magearna\n|-resisted|p1a: Magearna\n|-crit|p1a: Magearna\n|-damage|p1a: Magearna|41\/100\n|\n|-weather|Sandstorm|[upkeep]\n|-damage|p2a: Zacian|94\/100|[from] Sandstorm\n|-heal|p1a: Magearna|47\/100|[from] item: Leftovers\n|upkeep\n|turn|2\n|\n|t:|1697634000\n|switch|p2a: Landorus|Landorus, M|100\/100\n|move|p1a: Magearna|Spikes|p2a: Landorus\n|-sidestart|p2: bowsori|Spikes\n|\n|-weather|Sandstorm|[upkeep]\n|-heal|p1a: Magearna|53\/100|[from] item: Leftovers\n|upkeep\n|turn|3\n|\n|t:|1697634011\n|switch|p1a: Landorus|Landorus, M|100\/100\n|move|p2a: Landorus|Earth Power|p1a: Landorus\n|-immune|p1a: Landorus\n|\n|-weather|Sandstorm|[upkeep]\n|upkeep\n|turn|4\n|\n|t:|1697634023\n|move|p1a: Landorus|Swords Dance|p1a: Landorus\n|-boost|p1a: Landorus|atk|2\n|move|p2a: Landorus|Sludge Bomb|p1a: Landorus\n|-resisted|p1a: Landorus\n|-damage|p1a: Landorus|68\/100\n|\n|-weather|Sandstorm|[upkeep]\n|upkeep\n|turn|5\n|\n|t:|1697634045\n|move|p1a: Landorus|Rock Slide|p2a: Landorus\n|-damage|p2a: Landorus|23\/100\n|move|p2a: Landorus|Sludge Bomb|p1a: Landorus\n|-resisted|p1a: Landorus\n|-damage|p1a: Landorus|37\/100\n|\n|-weather|none\n|upkeep\n|turn|6\n|\n|t:|1697634083\n|move|p1a: Landorus|Rock Slide|p2a: Landorus\n|-damage|p2a: Landorus|0 fnt\n|faint|p2a: Landorus\n|\n|upkeep\n|\n|t:|1697634088\n|switch|p2a: Zacian|Zacian, shiny|94\/100\n|-damage|p2a: Zacian|82\/100|[from] Spikes\n|turn|7\n|\n|t:|1697634100\n|move|p2a: Zacian|Play Rough|p1a: Landorus\n|-damage|p1a: Landorus|0 fnt\n|faint|p1a: Landorus\n|\n|upkeep\n|\n|t:|1697634105\n|switch|p1a: Magearna|Magearna|53\/100\n|turn|8\n|\n|t:|1697634142\n|switch|p2a: Tyranitar|Tyranitar, F|100\/100\n|-damage|p2a: Tyranitar|88\/100|[from] Spikes\n|-weather|Sandstorm|[from] ability: Sand Stream|[of] p2a: Tyranitar\n|move|p1a: Magearna|Ice Beam|p2a: Tyranitar\n|-damage|p2a: Tyranitar|75\/100\n|\n|-weather|Sandstorm|[upkeep]\n|-heal|p1a: Magearna|59\/100|[from] item: Leftovers\n|upkeep\n|turn|9\n|\n|t:|1697634166\n|move|p1a: Magearna|Fleur Cannon|p2a: Tyranitar\n|-supereffective|p2a: Tyranitar\n|-damage|p2a: Tyranitar|11\/100\n|-unboost|p1a: Magearna|spa|2\n|move|p2a: Tyranitar|Earthquake|p1a: Magearna\n|-supereffective|p1a: Magearna\n|-damage|p1a: Magearna|7\/100\n|\n|-weather|Sandstorm|[upkeep]\n|-heal|p1a: Magearna|13\/100|[from] item: Leftovers\n|upkeep\n|turn|10\n|\n|t:|1697634179\n|move|p1a: Magearna|Volt Switch|p2a: Tyranitar\n|-damage|p2a: Tyranitar|5\/100\n|\n|t:|1697634190\n|switch|p1a: Clefable|Clefable, F|100\/100|[from] Volt Switch\n|move|p2a: Tyranitar|Earthquake|p1a: Clefable\n|-damage|p1a: Clefable|65\/100\n|\n|-weather|Sandstorm|[upkeep]\n|-heal|p1a: Clefable|71\/100|[from] item: Leftovers\n|upkeep\n|turn|11\n|\n|t:|1697634200\n|move|p2a: Tyranitar|Stealth Rock|p1a: Clefable\n|-sidestart|p1: Theviking52|move: Stealth Rock\n|move|p1a: Clefable|Stealth Rock|p2a: Tyranitar\n|-sidestart|p2: bowsori|move: Stealth Rock\n|\n|-weather|Sandstorm|[upkeep]\n|-heal|p1a: Clefable|77\/100|[from] item: Leftovers\n|upkeep\n|turn|12\n|\n|t:|1697634207\n|move|p2a: Tyranitar|Stone Edge|p1a: Clefable\n|-damage|p1a: Clefable|24\/100\n|move|p1a: Clefable|Knock Off|p2a: Tyranitar\n|-resisted|p2a: Tyranitar\n|-damage|p2a: Tyranitar|0 fnt\n|-enditem|p2a: Tyranitar|Smooth Rock|[from] move: Knock Off|[of] p1a: Clefable\n|faint|p2a: Tyranitar\n|\n|-weather|Sandstorm|[upkeep]\n|-heal|p1a: Clefable|30\/100|[from] item: Leftovers\n|upkeep\n|\n|t:|1697634217\n|switch|p2a: Zacian|Zacian, shiny|82\/100\n|-damage|p2a: Zacian|70\/100|[from] Spikes\n|-damage|p2a: Zacian|57\/100|[from] Stealth Rock\n|turn|13\n|\n|t:|1697634234\n|move|p2a: Zacian|Play Rough|p1a: Clefable\n|-crit|p1a: Clefable\n|-damage|p1a: Clefable|0 fnt\n|faint|p1a: Clefable\n|\n|-weather|Sandstorm|[upkeep]\n|-damage|p2a: Zacian|51\/100|[from] Sandstorm\n|upkeep\n|\n|t:|1697634245\n|switch|p1a: Houndstone|Houndstone, F|100\/100\n|-damage|p1a: Houndstone|88\/100|[from] Stealth Rock\n|turn|14\n|\n|t:|1697634251\n|switch|p2a: Arceus Grass|Arceus-Bug|100\/100\n|-damage|p2a: Arceus Grass|88\/100|[from] Spikes\n|-damage|p2a: Arceus Grass|63\/100|[from] Stealth Rock\n|-terastallize|p1a: Houndstone|Ghost\n|move|p1a: Houndstone|Last Respects|p2a: Arceus Grass\n|-damage|p2a: Arceus Grass|0 fnt\n|faint|p2a: Arceus Grass\n|\n|-weather|Sandstorm|[upkeep]\n|upkeep\n|\n|t:|1697634262\n|switch|p2a: Houndstone|Houndstone, M|100\/100\n|-damage|p2a: Houndstone|88\/100|[from] Spikes\n|-damage|p2a: Houndstone|76\/100|[from] Stealth Rock\n|turn|15\n|\n|t:|1697634276\n|switch|p1a: Tyranitar|Tyranitar, M|100\/100\n|-damage|p1a: Tyranitar|88\/100|[from] Stealth Rock\n|move|p2a: Houndstone|Last Respects|p1a: Tyranitar\n|-resisted|p1a: Tyranitar\n|-damage|p1a: Tyranitar|34\/100\n|\n|-weather|none\n|upkeep\n|turn|16\n|\n|t:|1697634289\n|move|p2a: Houndstone|Last Respects|p1a: Tyranitar\n|-resisted|p1a: Tyranitar\n|-damage|p1a: Tyranitar|0 fnt\n|faint|p1a: Tyranitar\n|\n|upkeep\n|\n|t:|1697634293\n|switch|p1a: Houndstone|Houndstone, F, tera:Ghost|88\/100\n|-damage|p1a: Houndstone|76\/100|[from] Stealth Rock\n|turn|17\n|\n|t:|1697634303\n|switch|p2a: Magearna|Magearna|100\/100\n|-damage|p2a: Magearna|88\/100|[from] Spikes\n|-damage|p2a: Magearna|82\/100|[from] Stealth Rock\n|move|p1a: Houndstone|Shadow Sneak|p2a: Magearna\n|-damage|p2a: Magearna|54\/100\n|\n|-heal|p2a: Magearna|60\/100|[from] item: Leftovers\n|upkeep\n|turn|18\n|\n|t:|1697634322\n|switch|p1a: Magearna|Magearna|13\/100\n|-damage|p1a: Magearna|7\/100|[from] Stealth Rock\n|move|p2a: Magearna|Volt Switch|p1a: Magearna\n|-damage|p1a: Magearna|0 fnt\n|faint|p1a: Magearna\n|-ability|p2a: Magearna|Soul-Heart|boost\n|-boost|p2a: Magearna|spa|1\n|\n|t:|1697634333\n|switch|p2a: Zacian|Zacian, shiny|51\/100|[from] Volt Switch\n|-damage|p2a: Zacian|39\/100|[from] Spikes\n|-damage|p2a: Zacian|27\/100|[from] Stealth Rock\n|\n|upkeep\n|\n|t:|1697634339\n|switch|p1a: Houndstone|Houndstone, F, tera:Ghost|76\/100\n|-damage|p1a: Houndstone|64\/100|[from] Stealth Rock\n|turn|19\n|\n|t:|1697634348\n|move|p2a: Zacian|Play Rough|p1a: Houndstone\n|-damage|p1a: Houndstone|0 fnt\n|faint|p1a: Houndstone\n|\n|upkeep\n|\n|t:|1697634354\n|switch|p1a: Zacian|Zacian|100\/100\n|-damage|p1a: Zacian|88\/100|[from] Stealth Rock\n|-ability|p1a: Zacian|Intrepid Sword|boost\n|-boost|p1a: Zacian|atk|1\n|turn|20\n|c|\u2606Theviking52|well\n|\n|t:|1697634366\n|move|p2a: Zacian|Play Rough|p1a: Zacian\n|-damage|p1a: Zacian|23\/100\n|move|p1a: Zacian|Play Rough|p2a: Zacian\n|-damage|p2a: Zacian|0 fnt\n|faint|p2a: Zacian\n|\n|upkeep\n|\n|t:|1697634373\n|switch|p2a: Houndstone|Houndstone, M|76\/100\n|-damage|p2a: Houndstone|64\/100|[from] Spikes\n|-damage|p2a: Houndstone|51\/100|[from] Stealth Rock\n|turn|21\n|\n|t:|1697634379\n|-terastallize|p2a: Houndstone|Ghost\n|move|p2a: Houndstone|Shadow Sneak|p1a: Zacian\n|-damage|p1a: Zacian|0 fnt\n|faint|p1a: Zacian\n|\n|win|bowsori\n|c|\u2606Theviking52|gg\n|c|\u2606bowsori|gg\n|c|\u2606Theviking52|might keep tweaking this team\n|c|\u2606bowsori|sand's pretty good\n|c|\u2606bowsori|the rain matchup is really fun too\n|c|\u2606Theviking52|ya thats why I have that anti rain team\n","uploadtime":1697634461,"views":25,"p1id":"theviking52","p2id":"bowsori","formatid":"gen9ubers","rating":0,"private":0,"password":""}