{"id":"gen9ubers-1979102961","p1":"Laprasrules12","p2":"nimjaishot","format":"[Gen 9] Ubers","log":"|j|\u2606Laprasrules12\n|j|\u2606nimjaishot\n|t:|1698632542\n|gametype|singles\n|player|p1|Laprasrules12|lusamine-nihilego|\n|player|p2|nimjaishot|winona-gen6|\n|teamsize|p1|6\n|teamsize|p2|6\n|gen|9\n|tier|[Gen 9] Ubers\n|rule|Sleep Clause Mod: Limit one foe put to sleep\n|rule|Species Clause: Limit one of each Pok\u00e9mon\n|rule|OHKO Clause: OHKO moves are banned\n|rule|Evasion Items Clause: Evasion items are banned\n|rule|Evasion Moves Clause: Evasion moves are banned\n|rule|Endless Battle Clause: Forcing endless battles is banned\n|rule|HP Percentage Mod: HP is shown in percentages\n|clearpoke\n|poke|p1|Arceus-Fighting|\n|poke|p1|Zacian-*|\n|poke|p1|Palkia-Origin|\n|poke|p1|Cyclizar, M|\n|poke|p1|Kommo-o, F|\n|poke|p1|Chi-Yu|\n|poke|p2|Shaymin-Sky|\n|poke|p2|Gholdengo|\n|poke|p2|Arceus-Poison|\n|poke|p2|Zacian-*|\n|poke|p2|Chi-Yu|\n|poke|p2|Cyclizar, M|\n|teampreview\n|inactive|Battle timer is ON: inactive players will automatically lose when time's up. (requested by Laprasrules12)\n|j| fwuffypetsowo\n|c|\u2606nimjaishot|gl hf\n|\n|t:|1698632568\n|start\n|switch|p1a: Say Gex|Cyclizar, M, shiny|100\/100\n|switch|p2a: Shaymin|Shaymin-Sky|100\/100\n|turn|1\n|j| FrostyRandom02\n|\n|t:|1698632572\n|move|p2a: Shaymin|Air Slash|p1a: Say Gex\n|-damage|p1a: Say Gex|60\/100\n|move|p1a: Say Gex|Shed Tail|p1a: Say Gex\n|-start|p1a: Say Gex|Substitute|[from] move: Shed Tail\n|-damage|p1a: Say Gex|10\/100\n|c|\u2606nimjaishot|aw come on\n|\n|t:|1698632583\n|switch|p1a: Dragie|Kommo-o, F, shiny|100\/100|[from] Shed Tail\n|\n|upkeep\n|turn|2\n|\n|t:|1698632585\n|move|p2a: Shaymin|Air Slash|p1a: Dragie\n|-supereffective|p1a: Dragie\n|-end|p1a: Dragie|Substitute\n|move|p1a: Dragie|Clangorous Soul|p1a: Dragie\n|-boost|p1a: Dragie|atk|1\n|-boost|p1a: Dragie|def|1\n|-boost|p1a: Dragie|spa|1\n|-boost|p1a: Dragie|spd|1\n|-boost|p1a: Dragie|spe|1\n|-damage|p1a: Dragie|68\/100\n|-enditem|p1a: Dragie|Throat Spray\n|-boost|p1a: Dragie|spa|1|[from] item: Throat Spray\n|\n|upkeep\n|turn|3\n|\n|t:|1698632594\n|-terastallize|p1a: Dragie|Normal\n|move|p2a: Shaymin|Air Slash|p1a: Dragie\n|-damage|p1a: Dragie|40\/100\n|cant|p1a: Dragie|flinch\n|\n|upkeep\n|turn|4\n|\n|t:|1698632598\n|move|p2a: Shaymin|Air Slash|p1a: Dragie\n|-damage|p1a: Dragie|12\/100\n|move|p1a: Dragie|Boomburst|p2a: Shaymin\n|-damage|p2a: Shaymin|0 fnt\n|faint|p2a: Shaymin\n|\n|upkeep\n|\n|t:|1698632601\n|switch|p2a: Arceus|Arceus-Poison|100\/100\n|turn|5\n|j| PinkScourge\n|\n|t:|1698632605\n|move|p2a: Arceus|Extreme Speed|p1a: Dragie\n|-damage|p1a: Dragie|0 fnt\n|faint|p1a: Dragie\n|\n|upkeep\n|j| Reposti\n|\n|t:|1698632609\n|switch|p1a: Kratos|Arceus-Fighting, shiny|100\/100\n|turn|6\n|\n|t:|1698632617\n|switch|p2a: Cyclizar|Cyclizar, M|100\/100\n|move|p1a: Kratos|Cosmic Power|p1a: Kratos\n|-boost|p1a: Kratos|def|1\n|-boost|p1a: Kratos|spd|1\n|\n|upkeep\n|turn|7\n|\n|t:|1698632621\n|move|p2a: Cyclizar|Shed Tail|p2a: Cyclizar\n|-start|p2a: Cyclizar|Substitute|[from] move: Shed Tail\n|-damage|p2a: Cyclizar|50\/100\n|\n|t:|1698632634\n|switch|p2a: Gholdengo|Gholdengo|100\/100|[from] Shed Tail\n|move|p1a: Kratos|Cosmic Power|p1a: Kratos\n|-boost|p1a: Kratos|def|1\n|-boost|p1a: Kratos|spd|1\n|\n|upkeep\n|turn|8\n|\n|t:|1698632645\n|move|p2a: Gholdengo|Shadow Ball|p1a: Kratos\n|-damage|p1a: Kratos|86\/100\n|move|p1a: Kratos|Stored Power|p2a: Gholdengo\n|-resisted|p2a: Gholdengo\n|-activate|p2a: Gholdengo|move: Substitute|[damage]\n|\n|upkeep\n|turn|9\n|l| Reposti\n|\n|t:|1698632648\n|move|p2a: Gholdengo|Shadow Ball|p1a: Kratos\n|-damage|p1a: Kratos|71\/100\n|-unboost|p1a: Kratos|spd|1\n|move|p1a: Kratos|Cosmic Power|p1a: Kratos\n|-boost|p1a: Kratos|def|1\n|-boost|p1a: Kratos|spd|1\n|\n|upkeep\n|turn|10\n|\n|t:|1698632651\n|move|p2a: Gholdengo|Shadow Ball|p1a: Kratos\n|-damage|p1a: Kratos|55\/100\n|move|p1a: Kratos|Recover|p1a: Kratos\n|-heal|p1a: Kratos|100\/100\n|\n|upkeep\n|turn|11\n|\n|t:|1698632653\n|move|p2a: Gholdengo|Shadow Ball|p1a: Kratos\n|-damage|p1a: Kratos|85\/100\n|move|p1a: Kratos|Stored Power|p2a: Gholdengo\n|-resisted|p2a: Gholdengo\n|-end|p2a: Gholdengo|Substitute\n|\n|upkeep\n|turn|12\n|\n|t:|1698632656\n|move|p2a: Gholdengo|Shadow Ball|p1a: Kratos\n|-damage|p1a: Kratos|70\/100\n|move|p1a: Kratos|Cosmic Power|p1a: Kratos\n|-boost|p1a: Kratos|def|1\n|-boost|p1a: Kratos|spd|1\n|\n|upkeep\n|turn|13\n|j| Finchely\n|\n|t:|1698632658\n|move|p2a: Gholdengo|Shadow Ball|p1a: Kratos\n|-damage|p1a: Kratos|59\/100\n|move|p1a: Kratos|Stored Power|p2a: Gholdengo\n|-resisted|p2a: Gholdengo\n|-damage|p2a: Gholdengo|76\/100\n|\n|upkeep\n|turn|14\n|\n|t:|1698632659\n|move|p2a: Gholdengo|Shadow Ball|p1a: Kratos\n|-damage|p1a: Kratos|47\/100\n|move|p1a: Kratos|Recover|p1a: Kratos\n|-heal|p1a: Kratos|97\/100\n|\n|upkeep\n|turn|15\n|\n|t:|1698632662\n|move|p2a: Gholdengo|Shadow Ball|p1a: Kratos\n|-damage|p1a: Kratos|86\/100\n|-unboost|p1a: Kratos|spd|1\n|move|p1a: Kratos|Cosmic Power|p1a: Kratos\n|-boost|p1a: Kratos|def|1\n|-boost|p1a: Kratos|spd|1\n|\n|upkeep\n|turn|16\n|c| Finchely|You got this Marx!\n|j| Vazquez 2.0\n|c|\u2606nimjaishot|fuck i threw man\n|c| Finchely|if you win this I\u2019ll give you cuddles\n|\n|t:|1698632681\n|switch|p2a: Arceus|Arceus-Poison|100\/100\n|move|p1a: Kratos|Stored Power|p2a: Arceus\n|-supereffective|p2a: Arceus\n|-damage|p2a: Arceus|35\/100\n|\n|upkeep\n|turn|17\n|\n|t:|1698632685\n|move|p2a: Arceus|Will-O-Wisp|p1a: Kratos\n|-status|p1a: Kratos|brn\n|move|p1a: Kratos|Body Press|p2a: Arceus\n|-resisted|p2a: Arceus\n|-damage|p2a: Arceus|7\/100\n|\n|-damage|p1a: Kratos|80\/100 brn|[from] brn\n|upkeep\n|turn|18\n|\n|t:|1698632692\n|move|p2a: Arceus|Poison Jab|p1a: Kratos\n|-damage|p1a: Kratos|74\/100 brn\n|move|p1a: Kratos|Stored Power|p2a: Arceus\n|-supereffective|p2a: Arceus\n|-damage|p2a: Arceus|0 fnt\n|faint|p2a: Arceus\n|\n|-damage|p1a: Kratos|68\/100 brn|[from] brn\n|upkeep\n|j| Reposti\n|\n|t:|1698632707\n|switch|p2a: Chi-Yu|Chi-Yu|100\/100\n|-ability|p2a: Chi-Yu|Beads of Ruin\n|turn|19\n|\n|t:|1698632709\n|move|p2a: Chi-Yu|Overheat|p1a: Kratos\n|-damage|p1a: Kratos|43\/100 brn\n|-unboost|p2a: Chi-Yu|spa|2\n|move|p1a: Kratos|Body Press|p2a: Chi-Yu\n|-supereffective|p2a: Chi-Yu\n|-crit|p2a: Chi-Yu\n|-damage|p2a: Chi-Yu|0 fnt\n|faint|p2a: Chi-Yu\n|\n|-damage|p1a: Kratos|37\/100 brn|[from] brn\n|upkeep\n|\n|t:|1698632717\n|switch|p2a: Cyclizar|Cyclizar, M|84\/100\n|turn|20\n|\n|t:|1698632719\n|move|p2a: Cyclizar|Shed Tail|p2a: Cyclizar\n|-start|p2a: Cyclizar|Substitute|[from] move: Shed Tail\n|-damage|p2a: Cyclizar|33\/100\n|\n|t:|1698632721\n|switch|p2a: Gholdengo|Gholdengo|76\/100|[from] Shed Tail\n|move|p1a: Kratos|Recover|p1a: Kratos\n|-heal|p1a: Kratos|87\/100 brn\n|\n|-damage|p1a: Kratos|81\/100 brn|[from] brn\n|upkeep\n|turn|21\n|j| Leo Justice\n|c| Vazquez 2.0|\"Fortunate\" doesn't begin to describe my series, this game rewards pure skill and nothing else, I am beyond convinced at this point.\n|\n|t:|1698632744\n|-terastallize|p2a: Gholdengo|Steel\n|move|p2a: Gholdengo|Make It Rain|p1a: Kratos\n|-damage|p1a: Kratos|57\/100 brn\n|-unboost|p2a: Gholdengo|spa|1\n|move|p1a: Kratos|Stored Power|p2a: Gholdengo\n|-resisted|p2a: Gholdengo\n|-end|p2a: Gholdengo|Substitute\n|\n|-damage|p1a: Kratos|51\/100 brn|[from] brn\n|upkeep\n|turn|22\n|\n|t:|1698632750\n|move|p2a: Gholdengo|Make It Rain|p1a: Kratos\n|-damage|p1a: Kratos|35\/100 brn\n|-unboost|p2a: Gholdengo|spa|1\n|move|p1a: Kratos|Recover|p1a: Kratos\n|-heal|p1a: Kratos|85\/100 brn\n|\n|-damage|p1a: Kratos|79\/100 brn|[from] brn\n|upkeep\n|turn|23\n|c|\u2606nimjaishot|no crit\n|\n|t:|1698632759\n|switch|p2a: Cyclizar|Cyclizar, M|67\/100\n|move|p1a: Kratos|Body Press|p2a: Cyclizar\n|-supereffective|p2a: Cyclizar\n|-damage|p2a: Cyclizar|0 fnt\n|faint|p2a: Cyclizar\n|\n|-damage|p1a: Kratos|73\/100 brn|[from] brn\n|upkeep\n|c|\u2606Laprasrules12|GG\n|c| Vazquez 2.0|thisy is gg probabl\n|c|\u2606Laprasrules12|Makes up for last game\n|c| Reposti|Crits are fake\n|c| Reposti|fr\n|\n|t:|1698632772\n|switch|p2a: Gholdengo|Gholdengo, tera:Steel|76\/100\n|turn|24\n|l| Leo Justice\n|c| Finchely|Yoo\n|c|\u2606Laprasrules12|Bro crit won me last round\n|\n|t:|1698632783\n|move|p2a: Gholdengo|Make It Rain|p1a: Kratos\n|-damage|p1a: Kratos|49\/100 brn\n|-unboost|p2a: Gholdengo|spa|1\n|move|p1a: Kratos|Recover|p1a: Kratos\n|-heal|p1a: Kratos|99\/100 brn\n|\n|-damage|p1a: Kratos|93\/100 brn|[from] brn\n|upkeep\n|turn|25\n|c| Finchely|Nicee\n|\n|t:|1698632798\n|move|p2a: Gholdengo|Make It Rain|p1a: Kratos\n|-damage|p1a: Kratos|78\/100 brn\n|-unboost|p2a: Gholdengo|spa|1\n|move|p1a: Kratos|Body Press|p2a: Gholdengo\n|-supereffective|p2a: Gholdengo\n|-damage|p2a: Gholdengo|0 fnt\n|faint|p2a: Gholdengo\n|\n|-damage|p1a: Kratos|71\/100 brn|[from] brn\n|upkeep\n|\n|t:|1698632803\n|switch|p2a: Zacian|Zacian|100\/100\n|-ability|p2a: Zacian|Intrepid Sword|boost\n|-boost|p2a: Zacian|atk|1\n|turn|26\n|c|\u2606nimjaishot|i didnt think youd bring the same team\n|c| Vazquez 2.0|CRIT CRIT CRIT\n|l|\u2606Laprasrules12\n|inactive|Laprasrules12 disconnected and has 300 seconds to reconnect!\n|player|p1|\n|c|\u2606nimjaishot|oh\n|c| Reposti|Internet rip\n|c| Finchely|Nooo\n|c|\u2606nimjaishot|please\n|c| Vazquez 2.0|HOLD CHAT\n|c| Finchely|no\n|c|\u2606nimjaishot|i need this\n|c| fwuffypetsowo|critting the router was an amaxing play\n|j| CrackLordGBLN\n|c| Finchely|i believe in yiu\n|c| Reposti|Combo\n|c| Finchely|marxie\n|c| Finchely|the cuddles\n|c| Reposti|come on Lapras\n|inactive|Laprasrules12 has 270 seconds to reconnect!\n|c|\u2606nimjaishot|had to ddos him rq\n|c| CrackLordGBLN|Zacian taking inspiration from tera fire Bisharp fr\n|c| Reposti|Not like this\n|l| Finchely\n|j|\u2606Laprasrules12\n|inactive|Laprasrules12 reconnected and has 280 seconds left.\n|player|p1|Laprasrules12|lusamine-nihilego\n|c|\u2606nimjaishot|NOO\n|c| Reposti|Let\u2019s goooo\n|c| Vazquez 2.0|Lmao\n|c|\u2606Laprasrules12|Game crashed on me\n|inactive|Laprasrules12 has 270 seconds left.\n|j| Finchely\n|c|\u2606Laprasrules12|Had to do some calca\n|c| Finchely|Fee\n|\n|t:|1698632893\n|move|p2a: Zacian|Play Rough|p1a: Kratos\n|-supereffective|p1a: Kratos\n|-damage|p1a: Kratos|43\/100 brn\n|move|p1a: Kratos|Stored Power|p2a: Zacian\n|-damage|p2a: Zacian|59\/100\n|\n|-damage|p1a: Kratos|37\/100 brn|[from] brn\n|upkeep\n|turn|27\n|\n|t:|1698632898\n|move|p2a: Zacian|Play Rough|p1a: Kratos\n|-supereffective|p1a: Kratos\n|-damage|p1a: Kratos|5\/100 brn\n|move|p1a: Kratos|Recover|p1a: Kratos\n|-heal|p1a: Kratos|55\/100 brn\n|\n|-damage|p1a: Kratos|49\/100 brn|[from] brn\n|upkeep\n|turn|28\n|\n|t:|1698632900\n|move|p2a: Zacian|Play Rough|p1a: Kratos|[miss]\n|-miss|p2a: Zacian|p1a: Kratos\n|move|p1a: Kratos|Stored Power|p2a: Zacian\n|-damage|p2a: Zacian|14\/100\n|\n|-damage|p1a: Kratos|43\/100 brn|[from] brn\n|upkeep\n|turn|29\n|\n|t:|1698632902\n|move|p2a: Zacian|Play Rough|p1a: Kratos\n|-supereffective|p1a: Kratos\n|-damage|p1a: Kratos|14\/100 brn\n|move|p1a: Kratos|Body Press|p2a: Zacian\n|-resisted|p2a: Zacian\n|-damage|p2a: Zacian|0 fnt\n|faint|p2a: Zacian\n|\n|win|Laprasrules12\n|c|\u2606nimjaishot|and the miss\n|c|\u2606Laprasrules12|GH\n|c| Vazquez 2.0|ggs\n|c|\u2606nimjaishot|gg\n|l| FrostyRandom02\n|c| Vazquez 2.0|\"Fortunate\" doesn't begin to describe my series, this game rewards pure skill and nothing else, I am beyond convinced at this point.\n|c| Vazquez 2.0|\"Fortunate\" doesn't begin to describe my series, this game rewards pure skill and nothing else, I am beyond convinced at this point.\n|c| Finchely|Gg\n|c| Vazquez 2.0|\"Fortunate\" doesn't begin to describe my series, this game rewards pure skill and nothing else, I am beyond convinced at this point.\n|c| Vazquez 2.0|\"Fortunate\" doesn't begin to describe my series, this game rewards pure skill and nothing else, I am beyond convinced at this point.\n|c| Reposti|Ggs\n|c|\u2606Laprasrules12|Hey ya won last round\n|l| Finchely\n|l| PinkScourge\n|l| Vazquez 2.0\n","uploadtime":1698632928,"views":24,"p1id":"laprasrules12","p2id":"nimjaishot","formatid":"gen9ubers","rating":0,"private":0,"password":""}