{"id":"gen9ubers-1974760543","p1":"Derpzones","p2":"Peashala","format":"[Gen 9] Ubers","log":"|j|\u2606Derpzones\n|j|\u2606Peashala\n|t:|1698118806\n|gametype|singles\n|player|p1|Derpzones|silver|1151\n|player|p2|Peashala|alder|1077\n|teamsize|p1|6\n|teamsize|p2|6\n|gen|9\n|tier|[Gen 9] Ubers\n|rated|\n|rule|Sleep Clause Mod: Limit one foe put to sleep\n|rule|Species Clause: Limit one of each Pok\u00e9mon\n|rule|OHKO Clause: OHKO moves are banned\n|rule|Evasion Items Clause: Evasion items are banned\n|rule|Evasion Moves Clause: Evasion moves are banned\n|rule|Endless Battle Clause: Forcing endless battles is banned\n|rule|HP Percentage Mod: HP is shown in percentages\n|clearpoke\n|poke|p1|Chi-Yu|\n|poke|p1|Groudon|\n|poke|p1|Ogerpon-Hearthflame, F|\n|poke|p1|Walking Wake|\n|poke|p1|Great Tusk|\n|poke|p1|Flutter Mane|\n|poke|p2|Tyranitar, F|\n|poke|p2|Garchomp, M|\n|poke|p2|Armarouge, M|\n|poke|p2|Scizor, F|\n|poke|p2|Flutter Mane|\n|poke|p2|Iron Hands|\n|teampreview\n|inactive|Battle timer is ON: inactive players will automatically lose when time's up. (requested by Derpzones)\n|\n|t:|1698118835\n|start\n|switch|p1a: Groudon|Groudon|100\/100\n|switch|p2a: Armarouge|Armarouge, M|100\/100\n|-weather|SunnyDay|[from] ability: Drought|[of] p1a: Groudon\n|turn|1\n|\n|t:|1698118854\n|switch|p2a: Flutter Mane|Flutter Mane|100\/100\n|-activate|p2a: Flutter Mane|ability: Protosynthesis\n|-start|p2a: Flutter Mane|protosynthesisspa\n|move|p1a: Groudon|Spikes|p2a: Flutter Mane\n|-sidestart|p2: Peashala|Spikes\n|\n|-weather|SunnyDay|[upkeep]\n|upkeep\n|turn|2\n|\n|t:|1698118870\n|move|p2a: Flutter Mane|Moonblast|p1a: Groudon\n|-damage|p1a: Groudon|35\/100\n|move|p1a: Groudon|Precipice Blades|p2a: Flutter Mane\n|-enditem|p2a: Flutter Mane|Focus Sash\n|-damage|p2a: Flutter Mane|1\/100\n|\n|-weather|SunnyDay|[upkeep]\n|upkeep\n|turn|3\n|inactive|Derpzones has 120 seconds left.\n|\n|t:|1698118914\n|move|p2a: Flutter Mane|Moonblast|p1a: Groudon\n|-damage|p1a: Groudon|0 fnt\n|faint|p1a: Groudon\n|\n|-weather|SunnyDay|[upkeep]\n|upkeep\n|\n|t:|1698118917\n|switch|p1a: Chi-Yu|Chi-Yu|100\/100\n|-ability|p1a: Chi-Yu|Beads of Ruin\n|turn|4\n|inactive|Derpzones has 120 seconds left.\n|\n|t:|1698118927\n|move|p1a: Chi-Yu|Flamethrower|p2a: Flutter Mane\n|-damage|p2a: Flutter Mane|0 fnt\n|faint|p2a: Flutter Mane\n|-end|p2a: Flutter Mane|Protosynthesis|[silent]\n|\n|-weather|SunnyDay|[upkeep]\n|upkeep\n|inactive|Peashala has 120 seconds left.\n|\n|t:|1698118954\n|switch|p2a: Garchomp|Garchomp, M|100\/100\n|-damage|p2a: Garchomp|88\/100|[from] Spikes\n|turn|5\n|inactive|Derpzones has 120 seconds left.\n|\n|t:|1698118972\n|switch|p1a: Great Tusk|Great Tusk|100\/100\n|-activate|p1a: Great Tusk|ability: Protosynthesis\n|-start|p1a: Great Tusk|protosynthesisatk\n|move|p2a: Garchomp|Earthquake|p1a: Great Tusk\n|-damage|p1a: Great Tusk|56\/100\n|-damage|p2a: Garchomp|78\/100|[from] item: Life Orb\n|\n|-weather|SunnyDay|[upkeep]\n|upkeep\n|turn|6\n|inactive|Peashala has 120 seconds left.\n|\n|t:|1698118995\n|switch|p2a: Scizor|Scizor, F|100\/100\n|-damage|p2a: Scizor|88\/100|[from] Spikes\n|move|p1a: Great Tusk|Ice Spinner|p2a: Scizor\n|-resisted|p2a: Scizor\n|-damage|p2a: Scizor|70\/100\n|\n|-weather|SunnyDay|[upkeep]\n|upkeep\n|turn|7\n|inactive|Peashala has 120 seconds left.\n|\n|t:|1698119006\n|move|p1a: Great Tusk|Headlong Rush|p2a: Scizor\n|-damage|p2a: Scizor|0 fnt\n|-unboost|p1a: Great Tusk|def|1\n|-unboost|p1a: Great Tusk|spd|1\n|faint|p2a: Scizor\n|\n|-weather|SunnyDay|[upkeep]\n|upkeep\n|\n|t:|1698119020\n|switch|p2a: Armarouge|Armarouge, M|100\/100\n|-damage|p2a: Armarouge|88\/100|[from] Spikes\n|turn|8\n|\n|t:|1698119029\n|move|p1a: Great Tusk|Headlong Rush|p2a: Armarouge\n|-supereffective|p2a: Armarouge\n|-damage|p2a: Armarouge|0 fnt\n|-unboost|p1a: Great Tusk|def|1\n|-unboost|p1a: Great Tusk|spd|1\n|faint|p2a: Armarouge\n|\n|-weather|none\n|-end|p1a: Great Tusk|Protosynthesis\n|upkeep\n|\n|t:|1698119049\n|switch|p2a: Garchomp|Garchomp, M|78\/100\n|-damage|p2a: Garchomp|66\/100|[from] Spikes\n|turn|9\n|\n|t:|1698119056\n|move|p2a: Garchomp|Earthquake|p1a: Great Tusk\n|-damage|p1a: Great Tusk|0 fnt\n|faint|p1a: Great Tusk\n|-end|p1a: Great Tusk|Protosynthesis|[silent]\n|-damage|p2a: Garchomp|56\/100|[from] item: Life Orb\n|\n|upkeep\n|\n|t:|1698119065\n|switch|p1a: Flutter Mane|Flutter Mane|100\/100\n|turn|10\n|inactive|Peashala has 120 seconds left.\n|\n|t:|1698119073\n|move|p1a: Flutter Mane|Moonblast|p2a: Garchomp\n|-supereffective|p2a: Garchomp\n|-damage|p2a: Garchomp|0 fnt\n|faint|p2a: Garchomp\n|\n|upkeep\n|inactive|Peashala has 120 seconds left.\n|\n|t:|1698119079\n|switch|p2a: ST0niiY|Tyranitar, F|100\/100\n|-damage|p2a: ST0niiY|88\/100|[from] Spikes\n|-weather|Sandstorm|[from] ability: Sand Stream|[of] p2a: ST0niiY\n|turn|11\n|inactive|Peashala has 120 seconds left.\n|\n|t:|1698119091\n|-terastallize|p1a: Flutter Mane|Fairy\n|move|p1a: Flutter Mane|Moonblast|p2a: ST0niiY\n|-supereffective|p2a: ST0niiY\n|-damage|p2a: ST0niiY|30\/100\n|-enditem|p2a: ST0niiY|Sitrus Berry|[eat]\n|-heal|p2a: ST0niiY|55\/100|[from] item: Sitrus Berry\n|move|p2a: ST0niiY|Thunder Wave|p1a: Flutter Mane\n|-status|p1a: Flutter Mane|par\n|\n|-weather|Sandstorm|[upkeep]\n|-damage|p1a: Flutter Mane|95\/100 par|[from] Sandstorm\n|upkeep\n|turn|12\n|inactive|Peashala has 120 seconds left.\n|\n|t:|1698119110\n|cant|p1a: Flutter Mane|par\n|move|p2a: ST0niiY|Stone Edge|p1a: Flutter Mane|[miss]\n|-miss|p2a: ST0niiY|p1a: Flutter Mane\n|\n|-weather|Sandstorm|[upkeep]\n|-damage|p1a: Flutter Mane|89\/100 par|[from] Sandstorm\n|upkeep\n|turn|13\n|inactive|Peashala has 120 seconds left.\n|\n|t:|1698119119\n|move|p1a: Flutter Mane|Moonblast|p2a: ST0niiY\n|-supereffective|p2a: ST0niiY\n|-damage|p2a: ST0niiY|0 fnt\n|faint|p2a: ST0niiY\n|\n|-weather|Sandstorm|[upkeep]\n|-damage|p1a: Flutter Mane|83\/100 par|[from] Sandstorm\n|upkeep\n|inactive|Peashala has 120 seconds left.\n|\n|t:|1698119126\n|switch|p2a: Iron Hands|Iron Hands|100\/100\n|-damage|p2a: Iron Hands|88\/100|[from] Spikes\n|turn|14\n|\n|t:|1698119134\n|move|p2a: Iron Hands|Fake Out|p1a: Flutter Mane\n|-damage|p1a: Flutter Mane|49\/100 par\n|cant|p1a: Flutter Mane|flinch\n|\n|-weather|Sandstorm|[upkeep]\n|-damage|p1a: Flutter Mane|43\/100 par|[from] Sandstorm\n|-damage|p2a: Iron Hands|82\/100|[from] Sandstorm\n|upkeep\n|turn|15\n|inactive|Peashala has 120 seconds left.\n|\n|t:|1698119152\n|move|p1a: Flutter Mane|Moonblast|p2a: Iron Hands\n|-supereffective|p2a: Iron Hands\n|-damage|p2a: Iron Hands|0 fnt\n|faint|p2a: Iron Hands\n|-end|p2a: Iron Hands|Quark Drive|[silent]\n|\n|win|Derpzones\n|raw|Derpzones's rating: 1151 &rarr; <strong>1171<\/strong><br \/>(+20 for winning)\n|raw|Peashala's rating: 1077 &rarr; <strong>1060<\/strong><br \/>(-17 for losing)\n","uploadtime":1698119158,"views":15,"p1id":"derpzones","p2id":"peashala","formatid":"gen9ubers","rating":1060,"private":0,"password":""}