{"id":"gen9ubers-1993731145","p1":"CrazyBrownGuy","p2":"Tatraa","format":"[Gen 9] Ubers","log":"|j|\u2606CrazyBrownGuy\n|j|\u2606Tatraa\n|t:|1700350554\n|gametype|singles\n|player|p1|CrazyBrownGuy|veteran|\n|player|p2|Tatraa|lass-gen4dp|\n|teamsize|p1|6\n|teamsize|p2|6\n|gen|9\n|tier|[Gen 9] Ubers\n|rule|Sleep Clause Mod: Limit one foe put to sleep\n|rule|Species Clause: Limit one of each Pok\u00e9mon\n|rule|OHKO Clause: OHKO moves are banned\n|rule|Evasion Items Clause: Evasion items are banned\n|rule|Evasion Moves Clause: Evasion moves are banned\n|rule|Endless Battle Clause: Forcing endless battles is banned\n|rule|HP Percentage Mod: HP is shown in percentages\n|clearpoke\n|poke|p1|Clefable, M|\n|poke|p1|Gastrodon-East, F|\n|poke|p1|Bisharp, F|\n|poke|p1|Urshifu-*, M|\n|poke|p1|Cryogonal|\n|poke|p1|Appletun, F|\n|poke|p2|Golduck, M|\n|poke|p2|Gyarados, F|\n|poke|p2|Tyranitar, F|\n|poke|p2|Mewtwo|\n|poke|p2|Scizor, M|\n|poke|p2|Glaceon, F|\n|teampreview\n|\n|t:|1700350562\n|start\n|switch|p1a: Sluggy|Gastrodon-East, F|100\/100\n|switch|p2a: Tyranitar|Tyranitar, F, shiny|100\/100\n|-weather|Sandstorm|[from] ability: Sand Stream|[of] p2a: Tyranitar\n|turn|1\n|\n|t:|1700350573\n|move|p2a: Tyranitar|Crunch|p1a: Sluggy\n|-damage|p1a: Sluggy|62\/100\n|move|p1a: Sluggy|Stealth Rock|p2a: Tyranitar\n|-sidestart|p2: Tatraa|move: Stealth Rock\n|\n|-weather|Sandstorm|[upkeep]\n|-heal|p1a: Sluggy|68\/100|[from] item: Leftovers\n|upkeep\n|turn|2\n|\n|t:|1700350580\n|move|p2a: Tyranitar|Crunch|p1a: Sluggy\n|-damage|p1a: Sluggy|26\/100\n|-unboost|p1a: Sluggy|def|1\n|move|p1a: Sluggy|Recover|p1a: Sluggy\n|-heal|p1a: Sluggy|76\/100\n|\n|-weather|Sandstorm|[upkeep]\n|-heal|p1a: Sluggy|82\/100|[from] item: Leftovers\n|upkeep\n|turn|3\n|\n|t:|1700350590\n|switch|p1a: Pink Death|Clefable, M|100\/100\n|move|p2a: Tyranitar|Earthquake|p1a: Pink Death\n|-damage|p1a: Pink Death|78\/100\n|\n|-weather|Sandstorm|[upkeep]\n|-damage|p1a: Pink Death|72\/100|[from] Sandstorm\n|-heal|p1a: Pink Death|78\/100|[from] item: Leftovers\n|upkeep\n|turn|4\n|\n|t:|1700350605\n|move|p2a: Tyranitar|Crunch|p1a: Pink Death\n|-resisted|p1a: Pink Death\n|-damage|p1a: Pink Death|63\/100\n|move|p1a: Pink Death|Moonblast|p2a: Tyranitar\n|-supereffective|p2a: Tyranitar\n|-damage|p2a: Tyranitar|81\/100\n|\n|-weather|Sandstorm|[upkeep]\n|-damage|p1a: Pink Death|57\/100|[from] Sandstorm\n|-heal|p1a: Pink Death|63\/100|[from] item: Leftovers\n|upkeep\n|turn|5\n|\n|t:|1700350622\n|switch|p1a: Red Ranger|Bisharp, F|100\/100\n|move|p2a: Tyranitar|Rock Slide|p1a: Red Ranger|[miss]\n|-miss|p2a: Tyranitar|p1a: Red Ranger\n|\n|-weather|none\n|upkeep\n|turn|6\n|\n|t:|1700350632\n|move|p1a: Red Ranger|Iron Defense|p1a: Red Ranger\n|-boost|p1a: Red Ranger|def|2\n|move|p2a: Tyranitar|Crunch|p1a: Red Ranger\n|-resisted|p1a: Red Ranger\n|-damage|p1a: Red Ranger|95\/100\n|\n|upkeep\n|turn|7\n|\n|t:|1700350638\n|move|p1a: Red Ranger|Swords Dance|p1a: Red Ranger\n|-boost|p1a: Red Ranger|atk|2\n|move|p2a: Tyranitar|Earthquake|p1a: Red Ranger\n|-supereffective|p1a: Red Ranger\n|-damage|p1a: Red Ranger|79\/100\n|\n|upkeep\n|turn|8\n|\n|t:|1700350646\n|move|p1a: Red Ranger|Iron Defense|p1a: Red Ranger\n|-boost|p1a: Red Ranger|def|2\n|move|p2a: Tyranitar|Rock Slide|p1a: Red Ranger\n|-resisted|p1a: Red Ranger\n|-damage|p1a: Red Ranger|76\/100\n|\n|upkeep\n|turn|9\n|\n|t:|1700350652\n|move|p1a: Red Ranger|Swords Dance|p1a: Red Ranger\n|-boost|p1a: Red Ranger|atk|2\n|move|p2a: Tyranitar|Crunch|p1a: Red Ranger\n|-resisted|p1a: Red Ranger\n|-damage|p1a: Red Ranger|73\/100\n|\n|upkeep\n|turn|10\n|\n|t:|1700350659\n|move|p1a: Red Ranger|Iron Head|p2a: Tyranitar\n|-supereffective|p2a: Tyranitar\n|-damage|p2a: Tyranitar|0 fnt\n|faint|p2a: Tyranitar\n|\n|upkeep\n|\n|t:|1700350665\n|switch|p2a: Mewtwo|Mewtwo|100\/100\n|-ability|p2a: Mewtwo|Unnerve\n|-damage|p2a: Mewtwo|88\/100|[from] Stealth Rock\n|turn|11\n|\n|t:|1700350670\n|move|p1a: Red Ranger|Sucker Punch|p2a: Mewtwo\n|-supereffective|p2a: Mewtwo\n|-damage|p2a: Mewtwo|0 fnt\n|faint|p2a: Mewtwo\n|\n|upkeep\n|\n|t:|1700350678\n|switch|p2a: Scizor|Scizor, M|100\/100\n|-damage|p2a: Scizor|88\/100|[from] Stealth Rock\n|turn|12\n|\n|t:|1700350683\n|move|p1a: Red Ranger|Sucker Punch|p2a: Scizor\n|-damage|p2a: Scizor|9\/100\n|move|p2a: Scizor|Bullet Punch|p1a: Red Ranger\n|-resisted|p1a: Red Ranger\n|-damage|p1a: Red Ranger|71\/100\n|\n|upkeep\n|turn|13\n|\n|t:|1700350688\n|move|p2a: Scizor|Bullet Punch|p1a: Red Ranger\n|-resisted|p1a: Red Ranger\n|-damage|p1a: Red Ranger|70\/100\n|move|p1a: Red Ranger|Iron Head|p2a: Scizor\n|-resisted|p2a: Scizor\n|-damage|p2a: Scizor|0 fnt\n|faint|p2a: Scizor\n|\n|upkeep\n|\n|t:|1700350695\n|switch|p2a: Gyarados|Gyarados, F, shiny|100\/100\n|-damage|p2a: Gyarados|76\/100|[from] Stealth Rock\n|-ability|p2a: Gyarados|Intimidate|boost\n|-unboost|p1a: Red Ranger|atk|1\n|-ability|p1a: Red Ranger|Defiant|boost\n|-boost|p1a: Red Ranger|atk|2\n|turn|14\n|\n|t:|1700350704\n|move|p1a: Red Ranger|Sucker Punch|p2a: Gyarados\n|-damage|p2a: Gyarados|0 fnt\n|faint|p2a: Gyarados\n|\n|upkeep\n|\n|t:|1700350709\n|switch|p2a: Glaceon|Glaceon, F|100\/100\n|-damage|p2a: Glaceon|76\/100|[from] Stealth Rock\n|turn|15\n|\n|t:|1700350717\n|move|p2a: Glaceon|Shadow Ball|p1a: Red Ranger\n|-resisted|p1a: Red Ranger\n|-damage|p1a: Red Ranger|57\/100\n|move|p1a: Red Ranger|Iron Head|p2a: Glaceon\n|-supereffective|p2a: Glaceon\n|-damage|p2a: Glaceon|0 fnt\n|faint|p2a: Glaceon\n|\n|upkeep\n|\n|t:|1700350724\n|switch|p2a: Golduck|Golduck, M|100\/100\n|-damage|p2a: Golduck|88\/100|[from] Stealth Rock\n|turn|16\n|\n|t:|1700350730\n|move|p1a: Red Ranger|Sucker Punch|p2a: Golduck\n|-damage|p2a: Golduck|0 fnt\n|faint|p2a: Golduck\n|\n|win|CrazyBrownGuy\n|j| Fergder\n|l|\u2606Tatraa\n","uploadtime":1700350752,"views":39,"p1id":"crazybrownguy","p2id":"tatraa","formatid":"gen9ubers","rating":0,"private":0,"password":""}