{"id":"gen9ubers-1990728421","p1":"Meeeerlinpinpin","p2":"Bulldoger","format":"[Gen 9] Ubers","log":"|j|\u2606Meeeerlinpinpin\n|j|\u2606Bulldoger\n|t:|1699995355\n|gametype|singles\n|player|p1|Meeeerlinpinpin|whitney|1154\n|player|p2|Bulldoger|marshal|1247\n|teamsize|p1|6\n|teamsize|p2|6\n|gen|9\n|tier|[Gen 9] Ubers\n|rated|\n|rule|Sleep Clause Mod: Limit one foe put to sleep\n|rule|Species Clause: Limit one of each Pok\u00e9mon\n|rule|OHKO Clause: OHKO moves are banned\n|rule|Evasion Items Clause: Evasion items are banned\n|rule|Evasion Moves Clause: Evasion moves are banned\n|rule|Endless Battle Clause: Forcing endless battles is banned\n|rule|HP Percentage Mod: HP is shown in percentages\n|clearpoke\n|poke|p1|Ribombee, F|\n|poke|p1|Espathra, F|\n|poke|p1|Miraidon|\n|poke|p1|Koraidon|\n|poke|p1|Volcarona, M|\n|poke|p1|Arceus-Ground|\n|poke|p2|Rayquaza|\n|poke|p2|Kyogre|\n|poke|p2|Mewtwo|\n|poke|p2|Koraidon|\n|poke|p2|Arceus|\n|poke|p2|Grimmsnarl, M|\n|teampreview\n|inactive|Battle timer is ON: inactive players will automatically lose when time's up. (requested by Bulldoger)\n|inactive|Meeeerlinpinpin also wants the timer to be on.\n|\n|t:|1699995364\n|start\n|switch|p1a: Ribombee|Ribombee, F|100\/100\n|switch|p2a: Rayquaza|Rayquaza, shiny|100\/100\n|-ability|p2a: Rayquaza|Air Lock\n|turn|1\n|\n|t:|1699995372\n|move|p2a: Rayquaza|Extreme Speed|p1a: Ribombee\n|-damage|p1a: Ribombee|12\/100\n|-damage|p2a: Rayquaza|91\/100|[from] item: Life Orb\n|move|p1a: Ribombee|Moonblast|p2a: Rayquaza\n|-supereffective|p2a: Rayquaza\n|-damage|p2a: Rayquaza|0 fnt\n|faint|p2a: Rayquaza\n|\n|upkeep\n|\n|t:|1699995376\n|switch|p2a: Arceus|Arceus|100\/100\n|turn|2\n|\n|t:|1699995380\n|-terastallize|p1a: Ribombee|Ghost\n|move|p2a: Arceus|Extreme Speed|p1a: Ribombee\n|-immune|p1a: Ribombee\n|move|p1a: Ribombee|Sticky Web|p2a: Arceus\n|-sidestart|p2: Bulldoger|move: Sticky Web\n|\n|upkeep\n|turn|3\n|\n|t:|1699995388\n|move|p1a: Ribombee|Stun Spore|p2a: Arceus\n|-status|p2a: Arceus|par\n|move|p2a: Arceus|Swords Dance|p2a: Arceus\n|-boost|p2a: Arceus|atk|2\n|\n|upkeep\n|turn|4\n|\n|t:|1699995393\n|move|p1a: Ribombee|Moonblast|p2a: Arceus\n|-damage|p2a: Arceus|71\/100 par\n|move|p2a: Arceus|Shadow Claw|p1a: Ribombee\n|-supereffective|p1a: Ribombee\n|-crit|p1a: Ribombee\n|-damage|p1a: Ribombee|0 fnt\n|faint|p1a: Ribombee\n|-damage|p2a: Arceus|61\/100 par|[from] item: Life Orb\n|\n|upkeep\n|\n|t:|1699995401\n|switch|p1a: Koraidon|Koraidon|100\/100\n|-weather|SunnyDay|[from] ability: Orichalcum Pulse|[of] p1a: Koraidon\n|-activate|p1a: Koraidon|Orichalcum Pulse|[source]\n|turn|5\n|\n|t:|1699995404\n|move|p2a: Arceus|Extreme Speed|p1a: Koraidon\n|-damage|p1a: Koraidon|17\/100\n|-damage|p2a: Arceus|51\/100 par|[from] item: Life Orb\n|move|p1a: Koraidon|Swords Dance|p1a: Koraidon\n|-boost|p1a: Koraidon|atk|2\n|\n|-weather|SunnyDay|[upkeep]\n|upkeep\n|turn|6\n|\n|t:|1699995409\n|move|p2a: Arceus|Extreme Speed|p1a: Koraidon\n|-damage|p1a: Koraidon|0 fnt\n|faint|p1a: Koraidon\n|-damage|p2a: Arceus|41\/100 par|[from] item: Life Orb\n|\n|-weather|SunnyDay|[upkeep]\n|upkeep\n|\n|t:|1699995414\n|switch|p1a: Volcarona|Volcarona, M|100\/100\n|turn|7\n|j| Sinnerofgod\n|\n|t:|1699995423\n|move|p2a: Arceus|Extreme Speed|p1a: Volcarona\n|-crit|p1a: Volcarona\n|-damage|p1a: Volcarona|0 fnt\n|faint|p1a: Volcarona\n|-damage|p2a: Arceus|31\/100 par|[from] item: Life Orb\n|\n|-weather|SunnyDay|[upkeep]\n|upkeep\n|\n|t:|1699995427\n|switch|p1a: Miraidon|Miraidon|100\/100\n|-fieldstart|move: Electric Terrain|[from] ability: Hadron Engine|[of] p1a: Miraidon\n|turn|8\n|\n|t:|1699995430\n|move|p2a: Arceus|Extreme Speed|p1a: Miraidon\n|-damage|p1a: Miraidon|3\/100\n|-damage|p2a: Arceus|21\/100 par|[from] item: Life Orb\n|move|p1a: Miraidon|U-turn|p2a: Arceus\n|-damage|p2a: Arceus|11\/100 par\n|\n|t:|1699995442\n|switch|p1a: Espathra|Espathra, F|100\/100|[from] U-turn\n|-enditem|p1a: Espathra|Electric Seed\n|-boost|p1a: Espathra|def|1|[from] item: Electric Seed\n|\n|-weather|SunnyDay|[upkeep]\n|upkeep\n|turn|9\n|\n|t:|1699995447\n|move|p2a: Arceus|Extreme Speed|p1a: Espathra\n|-damage|p1a: Espathra|0 fnt\n|faint|p1a: Espathra\n|-damage|p2a: Arceus|1\/100 par|[from] item: Life Orb\n|\n|-weather|none\n|upkeep\n|inactive|Meeeerlinpinpin has 120 seconds left.\n|c|\u2606Meeeerlinpinpin|i love when para just dont work on my opponent\n|c|\u2606Meeeerlinpinpin|u played so well lol\n|\n|t:|1699995493\n|switch|p1a: Miraidon|Miraidon|3\/100\n|-activate|p1a: Miraidon|ability: Hadron Engine\n|turn|10\n|c|\u2606Bulldoger|Yes\n|\n|t:|1699995500\n|move|p2a: Arceus|Extreme Speed|p1a: Miraidon\n|-damage|p1a: Miraidon|0 fnt\n|faint|p1a: Miraidon\n|-damage|p2a: Arceus|0 fnt|[from] item: Life Orb\n|faint|p2a: Arceus\n|\n|upkeep\n|l| Sinnerofgod\n|\n|t:|1699995509\n|switch|p1a: Arceus|Arceus-Ground|100\/100\n|switch|p2a: Kyogre|Kyogre|100\/100\n|-activate|p2a: Kyogre|move: Sticky Web\n|-unboost|p2a: Kyogre|spe|1\n|-weather|RainDance|[from] ability: Drizzle|[of] p2a: Kyogre\n|turn|11\n|inactive|Meeeerlinpinpin has 120 seconds left.\n|inactive|Meeeerlinpinpin has 90 seconds left.\n|inactive|Meeeerlinpinpin has 60 seconds left.\n|inactive|Meeeerlinpinpin has 30 seconds left.\n|inactive|Meeeerlinpinpin has 20 seconds left.\n|inactive|Meeeerlinpinpin has 15 seconds left.\n|inactive|Meeeerlinpinpin has 10 seconds left.\n|inactive|Meeeerlinpinpin has 5 seconds left.\n|-message|Meeeerlinpinpin lost due to inactivity.\n|\n|win|Bulldoger\n|raw|Meeeerlinpinpin's rating: 1154 &rarr; <strong>1136<\/strong><br \/>(-18 for losing)\n|raw|Bulldoger's rating: 1247 &rarr; <strong>1265<\/strong><br \/>(+18 for winning)\n|l|\u2606Bulldoger\n","uploadtime":1699995653,"views":7,"p1id":"meeeerlinpinpin","p2id":"bulldoger","formatid":"gen9ubers","rating":1136,"private":0,"password":""}