{"id":"gen9ubers-1981263874","p1":"IoSonoNeon","p2":"Pie Smells Good","format":"[Gen 9] Ubers","log":"|j|\u2606IoSonoNeon\n|j|\u2606Pie Smells Good\n|t:|1698877666\n|gametype|singles\n|player|p1|IoSonoNeon|#dpppliii|\n|player|p2|Pie Smells Good|101|\n|teamsize|p1|6\n|teamsize|p2|6\n|gen|9\n|tier|[Gen 9] Ubers\n|rated|Tournament battle\n|rule|Sleep Clause Mod: Limit one foe put to sleep\n|rule|Species Clause: Limit one of each Pok\u00e9mon\n|rule|OHKO Clause: OHKO moves are banned\n|rule|Evasion Items Clause: Evasion items are banned\n|rule|Evasion Moves Clause: Evasion moves are banned\n|rule|Endless Battle Clause: Forcing endless battles is banned\n|rule|HP Percentage Mod: HP is shown in percentages\n|clearpoke\n|poke|p1|Glimmora, F|\n|poke|p1|Koraidon|\n|poke|p1|Ogerpon-Hearthflame, F|\n|poke|p1|Arceus-Ground|\n|poke|p1|Flutter Mane|\n|poke|p1|Kingambit, F|\n|poke|p2|Iron Treads|\n|poke|p2|Giratina|\n|poke|p2|Volcanion|\n|poke|p2|Koraidon|\n|poke|p2|Landorus, M|\n|poke|p2|Zacian-*|\n|teampreview\n|\n|t:|1698877670\n|start\n|switch|p1a: Glimmora|Glimmora, F|100\/100\n|switch|p2a: Elon Tusk|Iron Treads, shiny|100\/100\n|turn|1\n|c|\u2606Pie Smells Good|gl\n|\n|t:|1698877679\n|move|p2a: Elon Tusk|Stealth Rock|p1a: Glimmora\n|-sidestart|p1: IoSonoNeon|move: Stealth Rock\n|move|p1a: Glimmora|Stealth Rock|p2a: Elon Tusk\n|-sidestart|p2: Pie Smells Good|move: Stealth Rock\n|\n|upkeep\n|turn|2\n|inactive|Battle timer is ON: inactive players will automatically lose when time's up. (requested by Pie Smells Good)\n|j| Draco Leader Ian\n|inactive|IoSonoNeon has 120 seconds left.\n|\n|t:|1698877747\n|-terastallize|p1a: Glimmora|Ghost\n|move|p2a: Elon Tusk|Knock Off|p1a: Glimmora\n|-supereffective|p1a: Glimmora\n|-damage|p1a: Glimmora|38\/100\n|-activate|p1a: Glimmora|ability: Toxic Debris\n|-sidestart|p2: Pie Smells Good|move: Toxic Spikes\n|-enditem|p1a: Glimmora|Focus Sash|[from] move: Knock Off|[of] p2a: Elon Tusk\n|move|p1a: Glimmora|Mud Shot|p2a: Elon Tusk\n|-supereffective|p2a: Elon Tusk\n|-damage|p2a: Elon Tusk|52\/100\n|-unboost|p2a: Elon Tusk|spe|1\n|\n|upkeep\n|turn|3\n|\n|t:|1698877762\n|-end|p2a: Elon Tusk|Quark Drive|[silent]\n|switch|p2a: Landorus|Landorus, M|100\/100\n|-damage|p2a: Landorus|88\/100|[from] Stealth Rock\n|move|p1a: Glimmora|Spikes|p2a: Landorus\n|-sidestart|p2: Pie Smells Good|Spikes\n|\n|upkeep\n|turn|4\n|\n|t:|1698877770\n|move|p2a: Landorus|Earth Power|p1a: Glimmora\n|-damage|p1a: Glimmora|0 fnt\n|faint|p1a: Glimmora\n|\n|upkeep\n|\n|t:|1698877774\n|switch|p1a: Arceus|Arceus-Ground|100\/100\n|-damage|p1a: Arceus|94\/100|[from] Stealth Rock\n|turn|5\n|\n|t:|1698877778\n|move|p2a: Landorus|Grass Knot|p1a: Arceus\n|-supereffective|p1a: Arceus\n|-damage|p1a: Arceus|23\/100\n|-damage|p2a: Landorus|79\/100|[from] item: Life Orb\n|move|p1a: Arceus|Ice Beam|p2a: Landorus\n|-supereffective|p2a: Landorus\n|-damage|p2a: Landorus|0 fnt\n|faint|p2a: Landorus\n|\n|upkeep\n|\n|t:|1698877795\n|switch|p2a: Koraidon|Koraidon|100\/100\n|-damage|p2a: Koraidon|94\/100|[from] Stealth Rock\n|-status|p2a: Koraidon|psn\n|-damage|p2a: Koraidon|82\/100 psn|[from] Spikes\n|-weather|SunnyDay|[from] ability: Orichalcum Pulse|[of] p2a: Koraidon\n|-activate|p2a: Koraidon|Orichalcum Pulse|[source]\n|turn|6\n|inactive|IoSonoNeon has 120 seconds left.\n|inactive|IoSonoNeon has 90 seconds left.\n|inactive|IoSonoNeon has 60 seconds left.\n|\n|t:|1698877891\n|move|p2a: Koraidon|U-turn|p1a: Arceus\n|-damage|p1a: Arceus|6\/100\n|\n|t:|1698877895\n|switch|p2a: Taco Bell|Volcanion|100\/100|[from] U-turn\n|move|p1a: Arceus|Ice Beam|p2a: Taco Bell\n|-resisted|p2a: Taco Bell\n|-damage|p2a: Taco Bell|95\/100\n|\n|-weather|SunnyDay|[upkeep]\n|upkeep\n|turn|7\n|\n|t:|1698877903\n|move|p1a: Arceus|Judgment|p2a: Taco Bell\n|-supereffective|p2a: Taco Bell\n|-damage|p2a: Taco Bell|10\/100\n|move|p2a: Taco Bell|Steam Eruption|p1a: Arceus\n|-supereffective|p1a: Arceus\n|-damage|p1a: Arceus|0 fnt\n|faint|p1a: Arceus\n|\n|-weather|SunnyDay|[upkeep]\n|upkeep\n|\n|t:|1698877910\n|switch|p1a: Koraidon|Koraidon|100\/100\n|-damage|p1a: Koraidon|94\/100|[from] Stealth Rock\n|-activate|p1a: Koraidon|ability: Orichalcum Pulse\n|turn|8\n|\n|t:|1698877924\n|move|p1a: Koraidon|Scale Shot|p2a: Taco Bell|[miss]\n|-miss|p1a: Koraidon|p2a: Taco Bell\n|move|p2a: Taco Bell|Will-O-Wisp|p1a: Koraidon\n|-status|p1a: Koraidon|brn\n|\n|-weather|SunnyDay|[upkeep]\n|-damage|p1a: Koraidon|88\/100 brn|[from] brn\n|upkeep\n|turn|9\n|\n|t:|1698877935\n|move|p1a: Koraidon|Flare Blitz|p2a: Taco Bell\n|-resisted|p2a: Taco Bell\n|-damage|p2a: Taco Bell|1\/100\n|-damage|p1a: Koraidon|85\/100 brn|[from] Recoil\n|move|p2a: Taco Bell|Steam Eruption|p1a: Koraidon\n|-resisted|p1a: Koraidon\n|-damage|p1a: Koraidon|74\/100 brn\n|\n|-weather|SunnyDay|[upkeep]\n|-damage|p1a: Koraidon|68\/100 brn|[from] brn\n|upkeep\n|turn|10\n|j|#sparksblade\n|\n|t:|1698877946\n|switch|p2a: Elon Tusk|Iron Treads, shiny|52\/100\n|move|p1a: Koraidon|Scale Shot|p2a: Elon Tusk\n|-resisted|p2a: Elon Tusk\n|-damage|p2a: Elon Tusk|48\/100\n|-resisted|p2a: Elon Tusk\n|-damage|p2a: Elon Tusk|45\/100\n|-resisted|p2a: Elon Tusk\n|-crit|p2a: Elon Tusk\n|-damage|p2a: Elon Tusk|39\/100\n|-resisted|p2a: Elon Tusk\n|-damage|p2a: Elon Tusk|36\/100\n|-hitcount|p2a: Elon Tusk|4\n|-unboost|p1a: Koraidon|def|1\n|-boost|p1a: Koraidon|spe|1\n|\n|-weather|none\n|-damage|p1a: Koraidon|61\/100 brn|[from] brn\n|upkeep\n|turn|11\n|inactive|IoSonoNeon has 90 seconds left.\n|\n|t:|1698877989\n|-terastallize|p2a: Elon Tusk|Ground\n|move|p1a: Koraidon|Low Kick|p2a: Elon Tusk\n|-damage|p2a: Elon Tusk|14\/100\n|move|p2a: Elon Tusk|Rapid Spin|p1a: Koraidon\n|-damage|p1a: Koraidon|45\/100 brn\n|-boost|p2a: Elon Tusk|spe|1\n|-sideend|p2: Pie Smells Good|Spikes|[from] move: Rapid Spin|[of] p2a: Elon Tusk\n|-sideend|p2: Pie Smells Good|Toxic Spikes|[from] move: Rapid Spin|[of] p2a: Elon Tusk\n|-sideend|p2: Pie Smells Good|Stealth Rock|[from] move: Rapid Spin|[of] p2a: Elon Tusk\n|\n|-damage|p1a: Koraidon|39\/100 brn|[from] brn\n|upkeep\n|turn|12\n|\n|t:|1698877999\n|move|p1a: Koraidon|Scale Shot|p2a: Elon Tusk\n|-damage|p2a: Elon Tusk|9\/100\n|-damage|p2a: Elon Tusk|4\/100\n|-damage|p2a: Elon Tusk|0 fnt\n|faint|p2a: Elon Tusk\n|-end|p2a: Elon Tusk|Quark Drive|[silent]\n|-hitcount|p2: Elon Tusk|3\n|-unboost|p1a: Koraidon|def|1\n|-boost|p1a: Koraidon|spe|1\n|\n|-damage|p1a: Koraidon|33\/100 brn|[from] brn\n|upkeep\n|\n|t:|1698878010\n|switch|p2a: Red Eye|Giratina|100\/100\n|-ability|p2a: Red Eye|Pressure\n|turn|13\n|\n|t:|1698878014\n|move|p1a: Koraidon|Scale Shot|p2a: Red Eye\n|-supereffective|p2a: Red Eye\n|-damage|p2a: Red Eye|94\/100\n|-supereffective|p2a: Red Eye\n|-damage|p2a: Red Eye|87\/100\n|-supereffective|p2a: Red Eye\n|-crit|p2a: Red Eye\n|-damage|p2a: Red Eye|76\/100\n|-supereffective|p2a: Red Eye\n|-damage|p2a: Red Eye|69\/100\n|-supereffective|p2a: Red Eye\n|-damage|p2a: Red Eye|62\/100\n|-hitcount|p2a: Red Eye|5\n|-unboost|p1a: Koraidon|def|1\n|-boost|p1a: Koraidon|spe|1\n|move|p2a: Red Eye|Hex|p1a: Koraidon\n|-damage|p1a: Koraidon|0 fnt\n|faint|p1a: Koraidon\n|\n|-heal|p2a: Red Eye|68\/100|[from] item: Leftovers\n|upkeep\n|inactive|IoSonoNeon has 90 seconds left.\n|\n|t:|1698878034\n|switch|p1a: Kingambit|Kingambit, F|100\/100\n|-damage|p1a: Kingambit|94\/100|[from] Stealth Rock\n|-activate|p1a: Kingambit|ability: Supreme Overlord\n|-start|p1a: Kingambit|fallen3|[silent]\n|turn|14\n|\n|t:|1698878044\n|move|p2a: Red Eye|Thunder Wave|p1a: Kingambit\n|-status|p1a: Kingambit|par\n|move|p1a: Kingambit|Kowtow Cleave|p2a: Red Eye\n|-supereffective|p2a: Red Eye\n|-damage|p2a: Red Eye|5\/100\n|\n|-heal|p2a: Red Eye|11\/100|[from] item: Leftovers\n|-heal|p1a: Kingambit|100\/100 par|[from] item: Leftovers\n|upkeep\n|turn|15\n|l| Draco Leader Ian\n|inactive|IoSonoNeon has 90 seconds left.\n|\n|t:|1698878076\n|move|p2a: Red Eye|Hex|p1a: Kingambit\n|-resisted|p1a: Kingambit\n|-damage|p1a: Kingambit|79\/100 par\n|cant|p1a: Kingambit|par\n|\n|-heal|p2a: Red Eye|17\/100|[from] item: Leftovers\n|-heal|p1a: Kingambit|85\/100 par|[from] item: Leftovers\n|upkeep\n|turn|16\n|\n|t:|1698878084\n|move|p2a: Red Eye|Hex|p1a: Kingambit\n|-resisted|p1a: Kingambit\n|-damage|p1a: Kingambit|61\/100 par\n|cant|p1a: Kingambit|par\n|\n|-heal|p2a: Red Eye|24\/100|[from] item: Leftovers\n|-heal|p1a: Kingambit|67\/100 par|[from] item: Leftovers\n|upkeep\n|turn|17\n|c|\u2606IoSonoNeon|...\n|\n|t:|1698878091\n|move|p2a: Red Eye|Hex|p1a: Kingambit\n|-resisted|p1a: Kingambit\n|-damage|p1a: Kingambit|44\/100 par\n|move|p1a: Kingambit|Swords Dance|p1a: Kingambit\n|-boost|p1a: Kingambit|atk|2\n|\n|-heal|p2a: Red Eye|30\/100|[from] item: Leftovers\n|-heal|p1a: Kingambit|51\/100 par|[from] item: Leftovers\n|upkeep\n|turn|18\n|c|\u2606Pie Smells Good|sorry\n|\n|t:|1698878100\n|move|p1a: Kingambit|Sucker Punch|p2a: Red Eye\n|-supereffective|p2a: Red Eye\n|-damage|p2a: Red Eye|0 fnt\n|faint|p2a: Red Eye\n|\n|-heal|p1a: Kingambit|57\/100 par|[from] item: Leftovers\n|upkeep\n|\n|t:|1698878105\n|switch|p2a: Zacian|Zacian-Crowned|100\/100\n|-ability|p2a: Zacian|Intrepid Sword|boost\n|-boost|p2a: Zacian|atk|1\n|turn|19\n|\n|t:|1698878112\n|move|p2a: Zacian|Play Rough|p1a: Kingambit\n|-damage|p1a: Kingambit|0 fnt\n|faint|p1a: Kingambit\n|-end|p1a: Kingambit|fallen3|[silent]\n|\n|upkeep\n|\n|t:|1698878115\n|switch|p1a: Ogerpon|Ogerpon-Hearthflame, F|100\/100\n|-damage|p1a: Ogerpon|76\/100|[from] Stealth Rock\n|-ability|p1a: Ogerpon|Mold Breaker\n|turn|20\n|\n|t:|1698878126\n|move|p2a: Zacian|Close Combat|p1a: Ogerpon\n|-damage|p1a: Ogerpon|0 fnt\n|-unboost|p2a: Zacian|def|1\n|-unboost|p2a: Zacian|spd|1\n|faint|p1a: Ogerpon\n|\n|upkeep\n|\n|t:|1698878129\n|switch|p1a: Flutter Mane|Flutter Mane|100\/100\n|-damage|p1a: Flutter Mane|88\/100|[from] Stealth Rock\n|turn|21\n|c|\u2606Pie Smells Good|i did not deserve this\n|\n|t:|1698878137\n|move|p1a: Flutter Mane|Mystical Fire|p2a: Zacian\n|-supereffective|p2a: Zacian\n|-damage|p2a: Zacian|25\/100\n|-unboost|p2a: Zacian|spa|1\n|move|p2a: Zacian|Behemoth Blade|p1a: Flutter Mane\n|-supereffective|p1a: Flutter Mane\n|-crit|p1a: Flutter Mane\n|-damage|p1a: Flutter Mane|0 fnt\n|faint|p1a: Flutter Mane\n|-end|p1a: Flutter Mane|Protosynthesis|[silent]\n|\n|win|Pie Smells Good\n|n|\u2606IoSonoNeon|iosononeon\n|n|\u2606Pie Smells Good|piesmellsgood\n|n|%sparksblade|sparksblade\n|l|\u2606IoSonoNeon\n|l|%sparksblade\n","uploadtime":1698878139,"views":17,"p1id":"iosononeon","p2id":"piesmellsgood","formatid":"gen9ubers","rating":0,"private":0,"password":""}