{"id":"gen9ubers-1994307894","p1":"Nymmash","p2":"XxShadowAngel","format":"[Gen 9] Ubers","log":"|j|\u2606Nymmash\n|j|\u2606XxShadowAngel\n|t:|1700429431\n|gametype|singles\n|player|p1|Nymmash|2|\n|player|p2|XxShadowAngel|bellelba|\n|teamsize|p1|6\n|teamsize|p2|6\n|gen|9\n|tier|[Gen 9] Ubers\n|rule|Sleep Clause Mod: Limit one foe put to sleep\n|rule|Species Clause: Limit one of each Pok\u00e9mon\n|rule|OHKO Clause: OHKO moves are banned\n|rule|Evasion Items Clause: Evasion items are banned\n|rule|Evasion Moves Clause: Evasion moves are banned\n|rule|Endless Battle Clause: Forcing endless battles is banned\n|rule|HP Percentage Mod: HP is shown in percentages\n|clearpoke\n|poke|p1|Roaring Moon|\n|poke|p1|Ursaluna-Bloodmoon, M|\n|poke|p1|Ninetales-Alola, F|\n|poke|p1|Glimmora, M|\n|poke|p1|Empoleon, M|\n|poke|p1|Alomomola, F|\n|poke|p2|Garchomp, F|\n|poke|p2|Corviknight, F|\n|poke|p2|Greninja-*, F|\n|poke|p2|Toxtricity, M|\n|poke|p2|Meowscarada, F|\n|poke|p2|Bronzong|\n|teampreview\n|\n|t:|1700429453\n|start\n|switch|p1a: Glimmora|Glimmora, M|100\/100\n|switch|p2a: Garchomp|Garchomp, F|100\/100\n|turn|1\n|\n|t:|1700429465\n|move|p1a: Glimmora|Stealth Rock|p2a: Garchomp\n|-sidestart|p2: XxShadowAngel|move: Stealth Rock\n|move|p2a: Garchomp|Earthquake|p1a: Glimmora\n|-supereffective|p1a: Glimmora\n|-enditem|p1a: Glimmora|Focus Sash\n|-damage|p1a: Glimmora|1\/100\n|-activate|p1a: Glimmora|ability: Toxic Debris\n|-sidestart|p2: XxShadowAngel|move: Toxic Spikes\n|\n|upkeep\n|turn|2\n|\n|t:|1700429479\n|move|p1a: Glimmora|Energy Ball|p2a: Garchomp\n|-damage|p2a: Garchomp|70\/100\n|move|p2a: Garchomp|Poison Jab|p1a: Glimmora\n|-resisted|p1a: Glimmora\n|-damage|p1a: Glimmora|0 fnt\n|-activate|p1a: Glimmora|ability: Toxic Debris\n|-sidestart|p2: XxShadowAngel|move: Toxic Spikes\n|faint|p1a: Glimmora\n|\n|-heal|p2a: Garchomp|76\/100|[from] item: Leftovers\n|upkeep\n|\n|t:|1700429491\n|switch|p1a: Ninetales|Ninetales-Alola, F|100\/100\n|-weather|Snow|[from] ability: Snow Warning|[of] p1a: Ninetales\n|turn|3\n|\n|t:|1700429504\n|move|p1a: Ninetales|Freeze-Dry|p2a: Garchomp\n|-supereffective|p2a: Garchomp\n|-damage|p2a: Garchomp|0 fnt\n|faint|p2a: Garchomp\n|\n|-weather|Snow|[upkeep]\n|upkeep\n|\n|t:|1700429513\n|switch|p2a: Toxtricity|Toxtricity, M|100\/100\n|-damage|p2a: Toxtricity|88\/100|[from] Stealth Rock\n|-sideend|p2: XxShadowAngel|move: Toxic Spikes|[of] p2a: Toxtricity\n|turn|4\n|\n|t:|1700429525\n|move|p1a: Ninetales|Hypnosis|p2a: Toxtricity|[miss]\n|-miss|p1a: Ninetales|p2a: Toxtricity\n|move|p2a: Toxtricity|Shift Gear|p2a: Toxtricity\n|-boost|p2a: Toxtricity|spe|2\n|-boost|p2a: Toxtricity|atk|1\n|\n|-weather|Snow|[upkeep]\n|upkeep\n|turn|5\n|\n|t:|1700429534\n|move|p2a: Toxtricity|Sludge Bomb|p1a: Ninetales\n|-supereffective|p1a: Ninetales\n|-damage|p1a: Ninetales|0 fnt\n|faint|p1a: Ninetales\n|\n|-weather|Snow|[upkeep]\n|upkeep\n|\n|t:|1700429545\n|switch|p1a: Roaring Moon|Roaring Moon|100\/100\n|-enditem|p1a: Roaring Moon|Booster Energy\n|-activate|p1a: Roaring Moon|ability: Protosynthesis|[fromitem]\n|-start|p1a: Roaring Moon|protosynthesisatk\n|turn|6\n|\n|t:|1700429576\n|move|p2a: Toxtricity|Sludge Bomb|p1a: Roaring Moon\n|-damage|p1a: Roaring Moon|54\/100\n|move|p1a: Roaring Moon|Knock Off|p2a: Toxtricity\n|-damage|p2a: Toxtricity|0 fnt\n|-enditem|p2a: Toxtricity|Throat Spray|[from] move: Knock Off|[of] p1a: Roaring Moon\n|faint|p2a: Toxtricity\n|\n|-weather|Snow|[upkeep]\n|upkeep\n|\n|t:|1700429592\n|switch|p2a: Greninja|Greninja, F, shiny|100\/100\n|-damage|p2a: Greninja|88\/100|[from] Stealth Rock\n|turn|7\n|\n|t:|1700429618\n|-end|p1a: Roaring Moon|Protosynthesis|[silent]\n|switch|p1a: Alomomola|Alomomola, F|100\/100\n|move|p2a: Greninja|Ice Beam|p1a: Alomomola\n|-start|p2a: Greninja|typechange|Ice|[from] ability: Protean\n|-resisted|p1a: Alomomola\n|-damage|p1a: Alomomola|76\/100\n|-status|p1a: Alomomola|frz\n|\n|-weather|none\n|upkeep\n|turn|8\n|\n|t:|1700429644\n|move|p2a: Greninja|Ice Beam|p1a: Alomomola\n|-resisted|p1a: Alomomola\n|-damage|p1a: Alomomola|52\/100 frz\n|cant|p1a: Alomomola|frz\n|\n|upkeep\n|turn|9\n|\n|t:|1700429659\n|move|p2a: Greninja|Ice Beam|p1a: Alomomola\n|-resisted|p1a: Alomomola\n|-damage|p1a: Alomomola|27\/100 frz\n|-curestatus|p1a: Alomomola|frz|[msg]\n|move|p1a: Alomomola|Wish|p1a: Alomomola\n|\n|upkeep\n|turn|10\n|\n|t:|1700429666\n|move|p1a: Alomomola|Protect|p1a: Alomomola\n|-singleturn|p1a: Alomomola|Protect\n|move|p2a: Greninja|Ice Beam|p1a: Alomomola\n|-activate|p1a: Alomomola|move: Protect\n|\n|-heal|p1a: Alomomola|77\/100|[from] move: Wish|[wisher] Alomomola\n|upkeep\n|turn|11\n|\n|t:|1700429689\n|move|p2a: Greninja|Surf|p1a: Alomomola\n|-resisted|p1a: Alomomola\n|-damage|p1a: Alomomola|61\/100\n|move|p1a: Alomomola|Wish|p1a: Alomomola\n|\n|upkeep\n|turn|12\n|\n|t:|1700429705\n|move|p2a: Greninja|Dark Pulse|p1a: Alomomola\n|-damage|p1a: Alomomola|28\/100\n|move|p1a: Alomomola|Flip Turn|p2a: Greninja\n|-damage|p2a: Greninja|61\/100\n|\n|t:|1700429717\n|switch|p1a: Empoleon|Empoleon, M|100\/100|[from] Flip Turn\n|\n|upkeep\n|turn|13\n|\n|t:|1700429741\n|switch|p2a: Bronzong|Bronzong|100\/100\n|-damage|p2a: Bronzong|94\/100|[from] Stealth Rock\n|move|p1a: Empoleon|Agility|p1a: Empoleon\n|-boost|p1a: Empoleon|spe|2\n|\n|-heal|p2a: Bronzong|100\/100|[from] item: Leftovers\n|upkeep\n|turn|14\n|\n|t:|1700429754\n|move|p1a: Empoleon|Hydro Pump|p2a: Bronzong\n|-damage|p2a: Bronzong|47\/100\n|move|p2a: Bronzong|Substitute|p2a: Bronzong\n|-start|p2a: Bronzong|Substitute\n|-damage|p2a: Bronzong|22\/100\n|\n|-heal|p2a: Bronzong|29\/100|[from] item: Leftovers\n|upkeep\n|turn|15\n|\n|t:|1700429766\n|move|p1a: Empoleon|Hydro Pump|p2a: Bronzong\n|-end|p2a: Bronzong|Substitute\n|move|p2a: Bronzong|Body Press|p1a: Empoleon\n|-supereffective|p1a: Empoleon\n|-damage|p1a: Empoleon|46\/100\n|\n|-heal|p2a: Bronzong|35\/100|[from] item: Leftovers\n|upkeep\n|turn|16\n|\n|t:|1700429775\n|move|p1a: Empoleon|Hydro Pump|p2a: Bronzong\n|-damage|p2a: Bronzong|0 fnt\n|faint|p2a: Bronzong\n|\n|upkeep\n|\n|t:|1700429783\n|switch|p2a: Corviknight|Corviknight, F|100\/100\n|-damage|p2a: Corviknight|88\/100|[from] Stealth Rock\n|-ability|p2a: Corviknight|Pressure\n|turn|17\n|\n|t:|1700429808\n|move|p1a: Empoleon|Hydro Pump|p2a: Corviknight|[miss]\n|-miss|p1a: Empoleon|p2a: Corviknight\n|move|p2a: Corviknight|Brave Bird|p1a: Empoleon\n|-resisted|p1a: Empoleon\n|-damage|p1a: Empoleon|24\/100\n|-damage|p2a: Corviknight|82\/100|[from] Recoil\n|\n|upkeep\n|turn|18\n|\n|t:|1700429833\n|switch|p1a: Alomomola|Alomomola, F|62\/100\n|move|p2a: Corviknight|Defog|p1a: Alomomola\n|-unboost|p1a: Alomomola|evasion|1\n|-sideend|p2: XxShadowAngel|Stealth Rock|[from] move: Defog|[of] p2a: Corviknight\n|\n|upkeep\n|turn|19\n|\n|t:|1700429846\n|move|p2a: Corviknight|Brave Bird|p1a: Alomomola\n|-damage|p1a: Alomomola|40\/100\n|-damage|p2a: Corviknight|73\/100|[from] Recoil\n|move|p1a: Alomomola|Wish|p1a: Alomomola\n|\n|upkeep\n|turn|20\n|\n|t:|1700429856\n|move|p2a: Corviknight|Brave Bird|p1a: Alomomola\n|-crit|p1a: Alomomola\n|-damage|p1a: Alomomola|11\/100\n|-damage|p2a: Corviknight|60\/100|[from] Recoil\n|move|p1a: Alomomola|Flip Turn|p2a: Corviknight\n|-damage|p2a: Corviknight|49\/100\n|-damage|p1a: Alomomola|0 fnt|[from] item: Rocky Helmet|[of] p2a: Corviknight\n|faint|p1a: Alomomola\n|\n|upkeep\n|\n|t:|1700429872\n|switch|p1a: Roaring Moon|Roaring Moon|54\/100\n|turn|21\n|\n|t:|1700429883\n|move|p1a: Roaring Moon|Knock Off|p2a: Corviknight\n|-damage|p2a: Corviknight|17\/100\n|-damage|p1a: Roaring Moon|38\/100|[from] item: Rocky Helmet|[of] p2a: Corviknight\n|-enditem|p2a: Corviknight|Rocky Helmet|[from] move: Knock Off|[of] p1a: Roaring Moon\n|move|p2a: Corviknight|Roost|p2a: Corviknight\n|-heal|p2a: Corviknight|67\/100\n|-singleturn|p2a: Corviknight|move: Roost\n|\n|upkeep\n|turn|22\n|\n|t:|1700429894\n|-terastallize|p1a: Roaring Moon|Flying\n|move|p1a: Roaring Moon|Knock Off|p2a: Corviknight\n|-damage|p2a: Corviknight|42\/100\n|move|p2a: Corviknight|Roost|p2a: Corviknight\n|-heal|p2a: Corviknight|92\/100\n|-singleturn|p2a: Corviknight|move: Roost\n|\n|upkeep\n|turn|23\n|\n|t:|1700429907\n|move|p1a: Roaring Moon|Knock Off|p2a: Corviknight\n|-damage|p2a: Corviknight|67\/100\n|move|p2a: Corviknight|Brave Bird|p1a: Roaring Moon\n|-damage|p1a: Roaring Moon|0 fnt\n|faint|p1a: Roaring Moon\n|-end|p1a: Roaring Moon|Protosynthesis|[silent]\n|-damage|p2a: Corviknight|56\/100|[from] Recoil\n|\n|upkeep\n|\n|t:|1700429916\n|switch|p1a: Ursaluna|Ursaluna-Bloodmoon, M|100\/100\n|turn|24\n|\n|t:|1700429937\n|move|p1a: Ursaluna|Calm Mind|p1a: Ursaluna\n|-boost|p1a: Ursaluna|spa|1\n|-boost|p1a: Ursaluna|spd|1\n|move|p2a: Corviknight|U-turn|p1a: Ursaluna\n|-damage|p1a: Ursaluna|91\/100\n|\n|t:|1700429950\n|switch|p2a: Meowscarada|Meowscarada, F|100\/100|[from] U-turn\n|\n|-heal|p1a: Ursaluna|97\/100|[from] item: Leftovers\n|upkeep\n|turn|25\n|\n|t:|1700429958\n|move|p2a: Meowscarada|Flower Trick|p1a: Ursaluna\n|-supereffective|p1a: Ursaluna\n|-crit|p1a: Ursaluna\n|-damage|p1a: Ursaluna|36\/100\n|move|p1a: Ursaluna|Blood Moon|p2a: Meowscarada\n|-damage|p2a: Meowscarada|0 fnt\n|faint|p2a: Meowscarada\n|\n|-heal|p1a: Ursaluna|42\/100|[from] item: Leftovers\n|upkeep\n|\n|t:|1700429971\n|switch|p2a: Greninja|Greninja, F, shiny|61\/100\n|turn|26\n|\n|t:|1700429987\n|move|p2a: Greninja|Surf|p1a: Ursaluna\n|-start|p2a: Greninja|typechange|Water|[from] ability: Protean\n|-supereffective|p1a: Ursaluna\n|-damage|p1a: Ursaluna|0 fnt\n|faint|p1a: Ursaluna\n|\n|upkeep\n|\n|t:|1700429994\n|switch|p1a: Empoleon|Empoleon, M|24\/100\n|turn|27\n|\n|t:|1700430002\n|move|p2a: Greninja|Ice Beam|p1a: Empoleon\n|-resisted|p1a: Empoleon\n|-damage|p1a: Empoleon|16\/100\n|move|p1a: Empoleon|Air Slash|p2a: Greninja\n|-damage|p2a: Greninja|22\/100\n|\n|upkeep\n|turn|28\n|\n|t:|1700430014\n|move|p2a: Greninja|Round|p1a: Empoleon\n|-resisted|p1a: Empoleon\n|-damage|p1a: Empoleon|4\/100\n|move|p1a: Empoleon|Air Slash|p2a: Greninja\n|-damage|p2a: Greninja|0 fnt\n|faint|p2a: Greninja\n|\n|upkeep\n|\n|t:|1700430022\n|switch|p2a: Corviknight|Corviknight, F|56\/100\n|-ability|p2a: Corviknight|Pressure\n|turn|29\n|\n|t:|1700430053\n|move|p1a: Empoleon|Ice Beam|p2a: Corviknight\n|-damage|p2a: Corviknight|26\/100\n|move|p2a: Corviknight|Brave Bird|p1a: Empoleon\n|-resisted|p1a: Empoleon\n|-damage|p1a: Empoleon|0 fnt\n|faint|p1a: Empoleon\n|-damage|p2a: Corviknight|25\/100|[from] Recoil\n|\n|win|XxShadowAngel\n","uploadtime":1700430062,"views":3,"p1id":"nymmash","p2id":"xxshadowangel","formatid":"gen9ubers","rating":0,"private":0,"password":""}