{"id":"gen9ubers-1998732508","p1":"PhoenixZ6106","p2":"ImATrollAtThisGame","format":"[Gen 9] Ubers","log":"|j|\u2606PhoenixZ6106\n|j|\u2606ImATrollAtThisGame\n|t:|1700979700\n|gametype|singles\n|player|p1|PhoenixZ6106|maid|1170\n|player|p2|ImATrollAtThisGame|101|1121\n|teamsize|p1|6\n|teamsize|p2|6\n|gen|9\n|tier|[Gen 9] Ubers\n|rated|\n|rule|Sleep Clause Mod: Limit one foe put to sleep\n|rule|Species Clause: Limit one of each Pok\u00e9mon\n|rule|OHKO Clause: OHKO moves are banned\n|rule|Evasion Items Clause: Evasion items are banned\n|rule|Evasion Moves Clause: Evasion moves are banned\n|rule|Endless Battle Clause: Forcing endless battles is banned\n|rule|HP Percentage Mod: HP is shown in percentages\n|clearpoke\n|poke|p1|Iron Jugulis|\n|poke|p1|Corviknight, F|\n|poke|p1|Ting-Lu|\n|poke|p1|Zacian-*|\n|poke|p1|Regieleki|\n|poke|p1|Koraidon|\n|poke|p2|Tropius, F|\n|poke|p2|Gliscor, F|\n|poke|p2|Flutter Mane|\n|poke|p2|Zacian-*|\n|poke|p2|Calyrex-Ice|\n|poke|p2|Hatterene, F|\n|teampreview\n|inactive|Battle timer is ON: inactive players will automatically lose when time's up. (requested by ImATrollAtThisGame)\n|inactive|PhoenixZ6106 has 120 seconds left.\n|\n|t:|1700979732\n|start\n|switch|p1a: Ting-Lu|Ting-Lu|100\/100\n|switch|p2a: Hatterene|Hatterene, F|100\/100\n|-ability|p1a: Ting-Lu|Vessel of Ruin\n|turn|1\n|\n|t:|1700979740\n|move|p1a: Ting-Lu|Whirlwind|p2a: Hatterene\n|move|p2a: Hatterene|Whirlwind|p1a: Ting-Lu|[from]ability: Magic Bounce\n|drag|p1a: Koraidon|Koraidon|100\/100\n|-weather|SunnyDay|[from] ability: Orichalcum Pulse|[of] p1a: Koraidon\n|-activate|p1a: Koraidon|Orichalcum Pulse|[source]\n|move|p2a: Hatterene|Trick Room|p2a: Hatterene\n|-fieldstart|move: Trick Room|[of] p2a: Hatterene\n|\n|-weather|SunnyDay|[upkeep]\n|upkeep\n|turn|2\n|\n|t:|1700979750\n|move|p2a: Hatterene|Reflect|p2a: Hatterene\n|-sidestart|p2: ImATrollAtThisGame|Reflect\n|move|p1a: Koraidon|U-turn|p2a: Hatterene\n|-damage|p2a: Hatterene|82\/100\n|\n|t:|1700979754\n|switch|p1a: Zacian|Zacian-Crowned|100\/100|[from] U-turn\n|-ability|p1a: Zacian|Intrepid Sword|boost\n|-boost|p1a: Zacian|atk|1\n|\n|-weather|SunnyDay|[upkeep]\n|upkeep\n|turn|3\n|\n|t:|1700979757\n|move|p2a: Hatterene|Light Screen|p2a: Hatterene\n|-sidestart|p2: ImATrollAtThisGame|move: Light Screen\n|move|p1a: Zacian|Behemoth Blade|p2a: Hatterene\n|-supereffective|p2a: Hatterene\n|-damage|p2a: Hatterene|0 fnt\n|faint|p2a: Hatterene\n|\n|-weather|SunnyDay|[upkeep]\n|upkeep\n|\n|t:|1700979760\n|switch|p2a: Calyrex|Calyrex-Ice|100\/100\n|-ability|p2a: Calyrex|As One\n|-ability|p2a: Calyrex|Unnerve\n|turn|4\n|\n|t:|1700979766\n|switch|p1a: Ting-Lu|Ting-Lu|100\/100\n|-ability|p1a: Ting-Lu|Vessel of Ruin\n|move|p2a: Calyrex|Swords Dance|p2a: Calyrex\n|-boost|p2a: Calyrex|atk|2\n|\n|-weather|SunnyDay|[upkeep]\n|upkeep\n|turn|5\n|\n|t:|1700979772\n|move|p2a: Calyrex|Glacial Lance|p1a: Ting-Lu\n|-supereffective|p1a: Ting-Lu\n|-damage|p1a: Ting-Lu|0 fnt\n|faint|p1a: Ting-Lu\n|-ability|p2a: Calyrex|Chilling Neigh|boost\n|-boost|p2a: Calyrex|atk|1\n|\n|-weather|none\n|-fieldend|move: Trick Room\n|upkeep\n|\n|t:|1700979776\n|switch|p1a: Koraidon|Koraidon|100\/100\n|-weather|SunnyDay|[from] ability: Orichalcum Pulse|[of] p1a: Koraidon\n|-activate|p1a: Koraidon|Orichalcum Pulse|[source]\n|turn|6\n|\n|t:|1700979781\n|move|p1a: Koraidon|Flare Blitz|p2a: Calyrex\n|-supereffective|p2a: Calyrex\n|-damage|p2a: Calyrex|53\/100\n|-damage|p1a: Koraidon|82\/100|[from] Recoil\n|move|p2a: Calyrex|Trick Room|p2a: Calyrex\n|-fieldstart|move: Trick Room|[of] p2a: Calyrex\n|\n|-weather|SunnyDay|[upkeep]\n|upkeep\n|turn|7\n|\n|t:|1700979796\n|-terastallize|p1a: Koraidon|Steel\n|move|p2a: Calyrex|Glacial Lance|p1a: Koraidon\n|-resisted|p1a: Koraidon\n|-damage|p1a: Koraidon|0 fnt\n|faint|p1a: Koraidon\n|-ability|p2a: Calyrex|Chilling Neigh|boost\n|-boost|p2a: Calyrex|atk|1\n|\n|-weather|SunnyDay|[upkeep]\n|upkeep\n|\n|t:|1700979807\n|switch|p1a: Zacian|Zacian-Crowned|100\/100\n|turn|8\n|\n|t:|1700979811\n|move|p2a: Calyrex|Glacial Lance|p1a: Zacian\n|-resisted|p1a: Zacian\n|-damage|p1a: Zacian|0 fnt\n|faint|p1a: Zacian\n|-ability|p2a: Calyrex|Chilling Neigh|boost\n|-boost|p2a: Calyrex|atk|1\n|\n|-weather|SunnyDay|[upkeep]\n|upkeep\n|\n|t:|1700979814\n|switch|p1a: Regieleki|Regieleki|100\/100\n|turn|9\n|\n|t:|1700979821\n|move|p2a: Calyrex|Glacial Lance|p1a: Regieleki\n|-damage|p1a: Regieleki|0 fnt\n|faint|p1a: Regieleki\n|-ability|p2a: Calyrex|Chilling Neigh|boost\n|-boost|p2a: Calyrex|atk|1\n|\n|-weather|SunnyDay|[upkeep]\n|-sideend|p2: ImATrollAtThisGame|Reflect\n|upkeep\n|\n|t:|1700979825\n|switch|p1a: Corviknight|Corviknight, F|100\/100\n|-ability|p1a: Corviknight|Pressure\n|turn|10\n|\n|t:|1700979827\n|move|p2a: Calyrex|Glacial Lance|p1a: Corviknight\n|-damage|p1a: Corviknight|0 fnt\n|faint|p1a: Corviknight\n|\n|-weather|none\n|-sideend|p2: ImATrollAtThisGame|move: Light Screen\n|-fieldend|move: Trick Room\n|upkeep\n|\n|t:|1700979830\n|switch|p1a: Iron Jugulis|Iron Jugulis|100\/100\n|-enditem|p1a: Iron Jugulis|Booster Energy\n|-activate|p1a: Iron Jugulis|ability: Quark Drive|[fromitem]\n|-start|p1a: Iron Jugulis|quarkdrivespe\n|turn|11\n|\n|t:|1700979834\n|move|p1a: Iron Jugulis|Knock Off|p2a: Calyrex\n|-supereffective|p2a: Calyrex\n|-damage|p2a: Calyrex|23\/100\n|-enditem|p2a: Calyrex|Figy Berry|[from] move: Knock Off|[of] p1a: Iron Jugulis\n|move|p2a: Calyrex|Glacial Lance|p1a: Iron Jugulis\n|-supereffective|p1a: Iron Jugulis\n|-damage|p1a: Iron Jugulis|0 fnt\n|faint|p1a: Iron Jugulis\n|-end|p1a: Iron Jugulis|Quark Drive|[silent]\n|\n|win|ImATrollAtThisGame\n|raw|PhoenixZ6106's rating: 1170 &rarr; <strong>1141<\/strong><br \/>(-29 for losing)\n|raw|ImATrollAtThisGame's rating: 1121 &rarr; <strong>1150<\/strong><br \/>(+29 for winning)\n|l|\u2606PhoenixZ6106\n|c|\u2606ImATrollAtThisGame|gg\n","uploadtime":1700979848,"views":2,"p1id":"phoenixz6106","p2id":"imatrollatthisgame","formatid":"gen9ubers","rating":1141,"private":0,"password":""}