{"id":"gen9ubers-1973518255","p1":"RubenPaCe","p2":"abieloto","format":"[Gen 9] Ubers","log":"|j|\u2606RubenPaCe\n|j|\u2606abieloto\n|t:|1697986322\n|gametype|singles\n|player|p1|RubenPaCe|camper|\n|player|p2|abieloto|elesa|\n|teamsize|p1|6\n|teamsize|p2|6\n|gen|9\n|tier|[Gen 9] Ubers\n|rule|Sleep Clause Mod: Limit one foe put to sleep\n|rule|Species Clause: Limit one of each Pok\u00e9mon\n|rule|OHKO Clause: OHKO moves are banned\n|rule|Evasion Items Clause: Evasion items are banned\n|rule|Evasion Moves Clause: Evasion moves are banned\n|rule|Endless Battle Clause: Forcing endless battles is banned\n|rule|HP Percentage Mod: HP is shown in percentages\n|clearpoke\n|poke|p1|Houndstone, F|\n|poke|p1|Tyranitar, F|\n|poke|p1|Chi-Yu|\n|poke|p1|Zacian-*|\n|poke|p1|Meowscarada, F|\n|poke|p1|Palkia-Origin|\n|poke|p2|Palafin, F|\n|poke|p2|Gholdengo|\n|poke|p2|Dugtrio, F|\n|poke|p2|Arceus-Electric|\n|poke|p2|Chi-Yu|\n|poke|p2|Magearna|\n|teampreview\n|\n|t:|1697986336\n|start\n|switch|p1a: Meowscarada|Meowscarada, F|100\/100\n|switch|p2a: Palafin|Palafin, F|100\/100\n|turn|1\n|\n|t:|1697986343\n|detailschange|p2a: Palafin|Palafin-Hero, F\n|switch|p2a: Magearna|Magearna|100\/100\n|move|p1a: Meowscarada|Toxic Spikes|p2a: Magearna\n|-sidestart|p2: abieloto|move: Toxic Spikes\n|\n|upkeep\n|turn|2\n|\n|t:|1697986349\n|move|p1a: Meowscarada|Taunt|p2a: Magearna\n|-start|p2a: Magearna|move: Taunt\n|cant|p2a: Magearna|move: Taunt|Calm Mind\n|\n|upkeep\n|turn|3\n|\n|t:|1697986356\n|move|p1a: Meowscarada|Knock Off|p2a: Magearna\n|-resisted|p2a: Magearna\n|-damage|p2a: Magearna|87\/100\n|-enditem|p2a: Magearna|Leftovers|[from] move: Knock Off|[of] p1a: Meowscarada\n|move|p2a: Magearna|Draining Kiss|p1a: Meowscarada\n|-supereffective|p1a: Meowscarada\n|-damage|p1a: Meowscarada|28\/100\n|-heal|p2a: Magearna|100\/100|[from] drain|[of] p1a: Meowscarada\n|\n|upkeep\n|turn|4\n|\n|t:|1697986362\n|move|p1a: Meowscarada|Spikes|p2a: Magearna\n|-sidestart|p2: abieloto|Spikes\n|move|p2a: Magearna|Draining Kiss|p1a: Meowscarada\n|-supereffective|p1a: Meowscarada\n|-damage|p1a: Meowscarada|0 fnt\n|faint|p1a: Meowscarada\n|-ability|p2a: Magearna|Soul-Heart|boost\n|-boost|p2a: Magearna|spa|1\n|\n|-end|p2a: Magearna|move: Taunt\n|upkeep\n|\n|t:|1697986364\n|switch|p1a: Chi-Yu|Chi-Yu|100\/100\n|-ability|p1a: Chi-Yu|Beads of Ruin\n|turn|5\n|\n|t:|1697986371\n|-terastallize|p2a: Magearna|Water\n|move|p1a: Chi-Yu|Fire Blast|p2a: Magearna\n|-resisted|p2a: Magearna\n|-damage|p2a: Magearna|63\/100\n|move|p2a: Magearna|Calm Mind|p2a: Magearna\n|-boost|p2a: Magearna|spa|1\n|-boost|p2a: Magearna|spd|1\n|\n|upkeep\n|turn|6\n|\n|t:|1697986378\n|switch|p1a: Tyranitar|Tyranitar, F|100\/100\n|-weather|Sandstorm|[from] ability: Sand Stream|[of] p1a: Tyranitar\n|move|p2a: Magearna|Draining Kiss|p1a: Tyranitar\n|-supereffective|p1a: Tyranitar\n|-damage|p1a: Tyranitar|42\/100\n|-heal|p2a: Magearna|100\/100|[from] drain|[of] p1a: Tyranitar\n|\n|-weather|Sandstorm|[upkeep]\n|-damage|p2a: Magearna|94\/100|[from] Sandstorm\n|upkeep\n|turn|7\n|\n|t:|1697986388\n|move|p1a: Tyranitar|Stealth Rock|p2a: Magearna\n|-sidestart|p2: abieloto|move: Stealth Rock\n|move|p2a: Magearna|Iron Defense|p2a: Magearna\n|-boost|p2a: Magearna|def|2\n|\n|-weather|Sandstorm|[upkeep]\n|-damage|p2a: Magearna|88\/100|[from] Sandstorm\n|upkeep\n|turn|8\n|\n|t:|1697986392\n|move|p1a: Tyranitar|Thunder Wave|p2a: Magearna\n|-status|p2a: Magearna|par\n|move|p2a: Magearna|Draining Kiss|p1a: Tyranitar\n|-supereffective|p1a: Tyranitar\n|-damage|p1a: Tyranitar|0 fnt\n|-heal|p2a: Magearna|100\/100 par|[from] drain|[of] p1a: Tyranitar\n|faint|p1a: Tyranitar\n|-ability|p2a: Magearna|Soul-Heart|boost\n|-boost|p2a: Magearna|spa|1\n|\n|-weather|Sandstorm|[upkeep]\n|-damage|p2a: Magearna|94\/100 par|[from] Sandstorm\n|upkeep\n|\n|t:|1697986404\n|switch|p1a: Palkia|Palkia-Origin|100\/100\n|-ability|p1a: Palkia|Pressure\n|turn|9\n|\n|t:|1697986408\n|move|p1a: Palkia|Draco Meteor|p2a: Magearna\n|-damage|p2a: Magearna|48\/100 par\n|-unboost|p1a: Palkia|spa|2\n|move|p2a: Magearna|Draining Kiss|p1a: Palkia\n|-supereffective|p1a: Palkia\n|-damage|p1a: Palkia|0 fnt\n|-heal|p2a: Magearna|100\/100 par|[from] drain|[of] p1a: Palkia\n|faint|p1a: Palkia\n|-ability|p2a: Magearna|Soul-Heart|boost\n|-boost|p2a: Magearna|spa|1\n|\n|-weather|Sandstorm|[upkeep]\n|-damage|p2a: Magearna|94\/100 par|[from] Sandstorm\n|upkeep\n|\n|t:|1697986411\n|switch|p1a: Houndstone|Houndstone, F|100\/100\n|turn|10\n|\n|t:|1697986416\n|move|p1a: Houndstone|Last Respects|p2a: Magearna\n|-damage|p2a: Magearna|57\/100 par\n|move|p2a: Magearna|Stored Power|p1a: Houndstone\n|-damage|p1a: Houndstone|0 fnt\n|faint|p1a: Houndstone\n|-ability|p2a: Magearna|Soul-Heart|boost\n|-boost|p2a: Magearna|spa|1\n|\n|-weather|Sandstorm|[upkeep]\n|-damage|p2a: Magearna|51\/100 par|[from] Sandstorm\n|upkeep\n|\n|t:|1697986424\n|switch|p1a: Chi-Yu|Chi-Yu|100\/100\n|-ability|p1a: Chi-Yu|Beads of Ruin\n|turn|11\n|\n|t:|1697986426\n|move|p1a: Chi-Yu|Dark Pulse|p2a: Magearna\n|-damage|p2a: Magearna|18\/100 par\n|move|p2a: Magearna|Draining Kiss|p1a: Chi-Yu\n|-damage|p1a: Chi-Yu|18\/100\n|-heal|p2a: Magearna|61\/100 par|[from] drain|[of] p1a: Chi-Yu\n|\n|-weather|Sandstorm|[upkeep]\n|-damage|p1a: Chi-Yu|12\/100|[from] Sandstorm\n|-damage|p2a: Magearna|55\/100 par|[from] Sandstorm\n|upkeep\n|turn|12\n|\n|t:|1697986429\n|move|p1a: Chi-Yu|Dark Pulse|p2a: Magearna\n|-damage|p2a: Magearna|20\/100 par\n|move|p2a: Magearna|Draining Kiss|p1a: Chi-Yu\n|-damage|p1a: Chi-Yu|0 fnt\n|-heal|p2a: Magearna|26\/100 par|[from] drain|[of] p1a: Chi-Yu\n|faint|p1a: Chi-Yu\n|-ability|p2a: Magearna|Soul-Heart|boost\n|-boost|p2a: Magearna|spa|1\n|\n|-weather|Sandstorm|[upkeep]\n|-damage|p2a: Magearna|20\/100 par|[from] Sandstorm\n|upkeep\n|\n|t:|1697986431\n|switch|p1a: Zacian|Zacian|100\/100\n|-ability|p1a: Zacian|Intrepid Sword|boost\n|-boost|p1a: Zacian|atk|1\n|turn|13\n|\n|t:|1697986441\n|move|p1a: Zacian|Wild Charge|p2a: Magearna\n|-supereffective|p2a: Magearna\n|-damage|p2a: Magearna|0 fnt\n|faint|p2a: Magearna\n|-damage|p1a: Zacian|95\/100|[from] Recoil\n|\n|-weather|none\n|upkeep\n|\n|t:|1697986449\n|switch|p2a: Chi-Yu|Chi-Yu|100\/100\n|-status|p2a: Chi-Yu|psn\n|-damage|p2a: Chi-Yu|88\/100 psn|[from] Spikes\n|-damage|p2a: Chi-Yu|63\/100 psn|[from] Stealth Rock\n|-ability|p2a: Chi-Yu|Beads of Ruin\n|turn|14\n|c|\u2606RubenPaCe|insane series of shit plays from my part\n|\n|t:|1697986456\n|move|p2a: Chi-Yu|Overheat|p1a: Zacian\n|-damage|p1a: Zacian|2\/100\n|-unboost|p2a: Chi-Yu|spa|2\n|move|p1a: Zacian|Wild Charge|p2a: Chi-Yu\n|-damage|p2a: Chi-Yu|0 fnt\n|faint|p2a: Chi-Yu\n|-damage|p1a: Zacian|0 fnt|[from] Recoil\n|faint|p1a: Zacian\n|\n|win|abieloto\n|c|\u2606RubenPaCe|gg\n|c|\u2606abieloto|gg\n|c|\u2606abieloto|nw lmao\n|c|\u2606RubenPaCe|wanna rematch?\n|c|\u2606abieloto|sure\n|l|\u2606RubenPaCe\n","uploadtime":1697986460,"views":27,"p1id":"rubenpace","p2id":"abieloto","formatid":"gen9ubers","rating":0,"private":0,"password":""}