{"id":"gen9ubers-1980778089","p1":"Bka Onon","p2":"NewHoovybeast05","format":"[Gen 9] Ubers","log":"|j|\u2606Bka Onon\n|j|\u2606NewHoovybeast05\n|t:|1698831352\n|gametype|singles\n|player|p1|Bka Onon|amelia-shuffle|\n|player|p2|NewHoovybeast05|palmer|\n|teamsize|p1|6\n|teamsize|p2|6\n|gen|9\n|tier|[Gen 9] Ubers\n|rule|Sleep Clause Mod: Limit one foe put to sleep\n|rule|Species Clause: Limit one of each Pok\u00e9mon\n|rule|OHKO Clause: OHKO moves are banned\n|rule|Evasion Items Clause: Evasion items are banned\n|rule|Evasion Moves Clause: Evasion moves are banned\n|rule|Endless Battle Clause: Forcing endless battles is banned\n|rule|HP Percentage Mod: HP is shown in percentages\n|clearpoke\n|poke|p1|Espathra, F|\n|poke|p1|Arceus-Dragon|\n|poke|p1|Palkia-Origin|\n|poke|p1|Gliscor, F|\n|poke|p1|Cyclizar, F|\n|poke|p1|Grimmsnarl, M|\n|poke|p2|Volcarona, M|\n|poke|p2|Roaring Moon|\n|poke|p2|Urshifu-*, M|\n|poke|p2|Ninetales-Alola, F|\n|poke|p2|Masquerain, F|\n|poke|p2|Gholdengo|\n|teampreview\n|\n|t:|1698831369\n|start\n|switch|p1a: Palkia|Palkia-Origin, shiny|100\/100\n|switch|p2a: Ninetales|Ninetales-Alola, F|100\/100\n|-ability|p1a: Palkia|Pressure\n|-weather|Snow|[from] ability: Snow Warning|[of] p2a: Ninetales\n|turn|1\n|\n|t:|1698831377\n|switch|p1a: Grimmsnarl|Grimmsnarl, M|100\/100\n|move|p2a: Ninetales|Aurora Veil|p2a: Ninetales\n|-sidestart|p2: NewHoovybeast05|move: Aurora Veil\n|\n|-weather|Snow|[upkeep]\n|upkeep\n|turn|2\n|\n|t:|1698831383\n|move|p1a: Grimmsnarl|Light Screen|p1a: Grimmsnarl\n|-sidestart|p1: Bka Onon|move: Light Screen\n|move|p2a: Ninetales|Moonblast|p1a: Grimmsnarl\n|-supereffective|p1a: Grimmsnarl\n|-damage|p1a: Grimmsnarl|77\/100\n|\n|-weather|Snow|[upkeep]\n|upkeep\n|turn|3\n|\n|t:|1698831387\n|switch|p2a: Gholdengo|Gholdengo|100\/100\n|move|p1a: Grimmsnarl|Thunder Wave|p2a: Gholdengo\n|-immune|p2a: Gholdengo|[from] ability: Good as Gold\n|\n|-weather|Snow|[upkeep]\n|upkeep\n|turn|4\n|\n|t:|1698831396\n|switch|p1a: Gliscor|Gliscor, F|100\/100\n|move|p2a: Gholdengo|Thunder Wave|p1a: Gliscor\n|-immune|p1a: Gliscor\n|\n|-weather|Snow|[upkeep]\n|-status|p1a: Gliscor|tox|[from] item: Toxic Orb\n|upkeep\n|turn|5\n|\n|t:|1698831409\n|switch|p2a: Ninetales|Ninetales-Alola, F|100\/100\n|move|p1a: Gliscor|Toxic Spikes|p2a: Ninetales\n|-sidestart|p2: NewHoovybeast05|move: Toxic Spikes\n|\n|-weather|none\n|upkeep\n|turn|6\n|\n|t:|1698831421\n|move|p2a: Ninetales|Freeze-Dry|p1a: Gliscor\n|-supereffective|p1a: Gliscor\n|-damage|p1a: Gliscor|66\/100 tox\n|move|p1a: Gliscor|Knock Off|p2a: Ninetales\n|-resisted|p2a: Ninetales\n|-damage|p2a: Ninetales|93\/100\n|-enditem|p2a: Ninetales|Light Clay|[from] move: Knock Off|[of] p1a: Gliscor\n|\n|-heal|p1a: Gliscor|78\/100 tox|[from] ability: Poison Heal\n|upkeep\n|turn|7\n|\n|t:|1698831432\n|move|p1a: Gliscor|Protect|p1a: Gliscor\n|-singleturn|p1a: Gliscor|Protect\n|move|p2a: Ninetales|Encore|p1a: Gliscor\n|-activate|p1a: Gliscor|move: Protect\n|\n|-heal|p1a: Gliscor|91\/100 tox|[from] ability: Poison Heal\n|upkeep\n|turn|8\n|\n|t:|1698831435\n|switch|p1a: Grimmsnarl|Grimmsnarl, M|77\/100\n|move|p2a: Ninetales|Encore||[still]\n|-fail|p2a: Ninetales\n|\n|-sideend|p2: NewHoovybeast05|move: Aurora Veil\n|upkeep\n|turn|9\n|\n|t:|1698831443\n|move|p1a: Grimmsnarl|Reflect|p1a: Grimmsnarl\n|-sidestart|p1: Bka Onon|Reflect\n|move|p2a: Ninetales|Aurora Veil||[still]\n|-fail|p2a: Ninetales\n|\n|-sideend|p1: Bka Onon|move: Light Screen\n|upkeep\n|turn|10\n|\n|t:|1698831450\n|move|p1a: Grimmsnarl|Light Screen|p1a: Grimmsnarl\n|-sidestart|p1: Bka Onon|move: Light Screen\n|move|p2a: Ninetales|Moonblast|p1a: Grimmsnarl\n|-supereffective|p1a: Grimmsnarl\n|-damage|p1a: Grimmsnarl|53\/100\n|-unboost|p1a: Grimmsnarl|spa|1\n|\n|upkeep\n|turn|11\n|\n|t:|1698831461\n|move|p1a: Grimmsnarl|Thunder Wave|p2a: Ninetales|[miss]\n|-miss|p1a: Grimmsnarl|p2a: Ninetales\n|move|p2a: Ninetales|Aurora Veil||[still]\n|-fail|p2a: Ninetales\n|\n|upkeep\n|turn|12\n|c|\u2606NewHoovybeast05|oh yee\n|\n|t:|1698831475\n|switch|p2a: Masquerain|Masquerain, F|100\/100\n|-ability|p2a: Masquerain|Intimidate|boost\n|-unboost|p1a: Grimmsnarl|atk|1\n|move|p1a: Grimmsnarl|Thunder Wave|p2a: Masquerain\n|-status|p2a: Masquerain|par\n|\n|upkeep\n|turn|13\n|\n|t:|1698831479\n|move|p1a: Grimmsnarl|Parting Shot|p2a: Masquerain\n|-unboost|p2a: Masquerain|atk|1\n|-unboost|p2a: Masquerain|spa|1\n|\n|t:|1698831487\n|switch|p1a: Palkia|Palkia-Origin, shiny|100\/100|[from] Parting Shot\n|-ability|p1a: Palkia|Pressure\n|move|p2a: Masquerain|Sticky Web|p1a: Palkia\n|-sidestart|p1: Bka Onon|move: Sticky Web\n|\n|upkeep\n|turn|14\n|\n|t:|1698831498\n|switch|p2a: Ninetales|Ninetales-Alola, F|93\/100\n|-status|p2a: Ninetales|psn\n|-weather|Snow|[from] ability: Snow Warning|[of] p2a: Ninetales\n|move|p1a: Palkia|Hydro Pump|p2a: Ninetales\n|-damage|p2a: Ninetales|18\/100 psn\n|\n|-weather|Snow|[upkeep]\n|-damage|p2a: Ninetales|5\/100 psn|[from] psn\n|upkeep\n|turn|15\n|\n|t:|1698831511\n|move|p1a: Palkia|Hydro Pump|p2a: Ninetales\n|-damage|p2a: Ninetales|0 fnt\n|faint|p2a: Ninetales\n|\n|-weather|Snow|[upkeep]\n|upkeep\n|\n|t:|1698831525\n|switch|p2a: Roaring Moon|Roaring Moon|100\/100\n|-status|p2a: Roaring Moon|psn\n|-enditem|p2a: Roaring Moon|Booster Energy\n|-activate|p2a: Roaring Moon|ability: Protosynthesis|[fromitem]\n|-start|p2a: Roaring Moon|protosynthesisatk\n|turn|16\n|\n|t:|1698831536\n|-terastallize|p2a: Roaring Moon|Flying\n|move|p1a: Palkia|Spacial Rend|p2a: Roaring Moon\n|-damage|p2a: Roaring Moon|35\/100 psn\n|move|p2a: Roaring Moon|Dragon Dance|p2a: Roaring Moon\n|-boost|p2a: Roaring Moon|atk|1\n|-boost|p2a: Roaring Moon|spe|1\n|\n|-weather|Snow|[upkeep]\n|-damage|p2a: Roaring Moon|23\/100 psn|[from] psn\n|-sideend|p1: Bka Onon|Reflect\n|upkeep\n|turn|17\n|\n|t:|1698831542\n|switch|p1a: Gliscor|Gliscor, F|91\/100 tox\n|move|p2a: Roaring Moon|Acrobatics|p1a: Gliscor\n|-crit|p1a: Gliscor\n|-damage|p1a: Gliscor|0 fnt\n|faint|p1a: Gliscor\n|\n|-weather|Snow|[upkeep]\n|-damage|p2a: Roaring Moon|11\/100 psn|[from] psn\n|-sideend|p1: Bka Onon|move: Light Screen\n|upkeep\n|c|\u2606Bka Onon|man\n|c|\u2606NewHoovybeast05|yeah\n|c|\u2606Bka Onon|can i have SOME luck dude\n|\n|t:|1698831554\n|switch|p1a: Grimmsnarl|Grimmsnarl, M|53\/100\n|-activate|p1a: Grimmsnarl|move: Sticky Web\n|-unboost|p1a: Grimmsnarl|spe|1\n|turn|18\n|\n|t:|1698831558\n|move|p1a: Grimmsnarl|Reflect|p1a: Grimmsnarl\n|-sidestart|p1: Bka Onon|Reflect\n|move|p2a: Roaring Moon|Acrobatics|p1a: Grimmsnarl\n|-damage|p1a: Grimmsnarl|0 fnt\n|faint|p1a: Grimmsnarl\n|\n|-weather|none\n|-damage|p2a: Roaring Moon|0 fnt|[from] psn\n|faint|p2a: Roaring Moon\n|-end|p2a: Roaring Moon|Protosynthesis|[silent]\n|upkeep\n|\n|t:|1698831567\n|switch|p2a: Volcarona|Volcarona, M|100\/100\n|switch|p1a: Arceus|Arceus-Dragon|100\/100\n|-activate|p1a: Arceus|move: Sticky Web\n|-unboost|p1a: Arceus|spe|1\n|turn|19\n|\n|t:|1698831575\n|switch|p2a: Gholdengo|Gholdengo|100\/100\n|move|p1a: Arceus|Bulk Up|p1a: Arceus\n|-boost|p1a: Arceus|atk|1\n|-boost|p1a: Arceus|def|1\n|\n|upkeep\n|turn|20\n|\n|t:|1698831580\n|move|p1a: Arceus|Earthquake|p2a: Gholdengo\n|-supereffective|p2a: Gholdengo\n|-damage|p2a: Gholdengo|24\/100\n|move|p2a: Gholdengo|Thunder Wave|p1a: Arceus\n|-status|p1a: Arceus|par\n|\n|-heal|p2a: Gholdengo|30\/100|[from] item: Leftovers\n|upkeep\n|turn|21\n|\n|t:|1698831590\n|move|p2a: Gholdengo|Recover|p2a: Gholdengo\n|-heal|p2a: Gholdengo|80\/100\n|move|p1a: Arceus|Earthquake|p2a: Gholdengo\n|-supereffective|p2a: Gholdengo\n|-damage|p2a: Gholdengo|0 fnt\n|faint|p2a: Gholdengo\n|\n|upkeep\n|\n|t:|1698831603\n|switch|p2a: Volcarona|Volcarona, M|100\/100\n|turn|22\n|\n|t:|1698831613\n|move|p2a: Volcarona|Quiver Dance|p2a: Volcarona\n|-boost|p2a: Volcarona|spa|1\n|-boost|p2a: Volcarona|spd|1\n|-boost|p2a: Volcarona|spe|1\n|move|p1a: Arceus|Dragon Claw|p2a: Volcarona\n|-damage|p2a: Volcarona|16\/100\n|\n|upkeep\n|turn|23\n|c|\u2606NewHoovybeast05|i am playing so godly bad\n|\n|t:|1698831622\n|move|p2a: Volcarona|Psychic|p1a: Arceus\n|-crit|p1a: Arceus\n|-damage|p1a: Arceus|54\/100 par\n|move|p1a: Arceus|Earthquake|p2a: Volcarona\n|-damage|p2a: Volcarona|0 fnt\n|faint|p2a: Volcarona\n|\n|upkeep\n|\n|t:|1698831628\n|switch|p2a: Urshifu|Urshifu-Rapid-Strike, M|100\/100\n|-status|p2a: Urshifu|psn\n|turn|24\n|c|\u2606Bka Onon|i mean ur just being rewarded\n|\n|t:|1698831635\n|move|p2a: Urshifu|Ice Spinner|p1a: Arceus\n|-supereffective|p1a: Arceus\n|-damage|p1a: Arceus|36\/100 par\n|move|p1a: Arceus|Recover|p1a: Arceus\n|-heal|p1a: Arceus|86\/100 par\n|\n|-damage|p2a: Urshifu|88\/100 psn|[from] psn\n|upkeep\n|turn|25\n|\n|t:|1698831640\n|switch|p2a: Masquerain|Masquerain, F|100\/100 par\n|-ability|p2a: Masquerain|Intimidate|boost\n|-unboost|p1a: Arceus|atk|1\n|cant|p1a: Arceus|par\n|\n|-sideend|p1: Bka Onon|Reflect\n|upkeep\n|turn|26\n|\n|t:|1698831643\n|cant|p1a: Arceus|par\n|cant|p2a: Masquerain|par\n|\n|upkeep\n|turn|27\n|\n|t:|1698831646\n|move|p1a: Arceus|Dragon Claw|p2a: Masquerain\n|-damage|p2a: Masquerain|31\/100 par\n|move|p2a: Masquerain|Whirlwind|p1a: Arceus\n|drag|p1a: Cyclizar|Cyclizar, F|100\/100\n|-activate|p1a: Cyclizar|move: Sticky Web\n|-unboost|p1a: Cyclizar|spe|1\n|\n|upkeep\n|turn|28\n|\n|t:|1698831651\n|move|p1a: Cyclizar|Rapid Spin|p2a: Masquerain\n|-damage|p2a: Masquerain|4\/100 par\n|-boost|p1a: Cyclizar|spe|1\n|-sideend|p1: Bka Onon|Sticky Web|[from] move: Rapid Spin|[of] p1a: Cyclizar\n|move|p2a: Masquerain|U-turn|p1a: Cyclizar\n|-damage|p1a: Cyclizar|79\/100\n|\n|t:|1698831654\n|switch|p2a: Urshifu|Urshifu-Rapid-Strike, M|88\/100 psn|[from] U-turn\n|\n|-damage|p2a: Urshifu|76\/100 psn|[from] psn\n|upkeep\n|turn|29\n|\n|t:|1698831660\n|switch|p1a: Palkia|Palkia-Origin, shiny|100\/100\n|-ability|p1a: Palkia|Pressure\n|move|p2a: Urshifu|Close Combat|p1a: Palkia\n|-damage|p1a: Palkia|9\/100\n|-unboost|p2a: Urshifu|def|1\n|-unboost|p2a: Urshifu|spd|1\n|\n|-damage|p2a: Urshifu|64\/100 psn|[from] psn\n|upkeep\n|turn|30\n|\n|t:|1698831664\n|move|p1a: Palkia|Spacial Rend|p2a: Urshifu\n|-damage|p2a: Urshifu|0 fnt\n|faint|p2a: Urshifu\n|\n|upkeep\n|\n|t:|1698831666\n|switch|p2a: Masquerain|Masquerain, F|4\/100 par\n|-ability|p2a: Masquerain|Intimidate|boost\n|-unboost|p1a: Palkia|atk|1\n|turn|31\n|\n|t:|1698831669\n|move|p1a: Palkia|Spacial Rend|p2a: Masquerain\n|-damage|p2a: Masquerain|0 fnt\n|faint|p2a: Masquerain\n|\n|win|Bka Onon\n|c|\u2606Bka Onon|gg\n","uploadtime":1698831675,"views":45,"p1id":"bkaonon","p2id":"newhoovybeast05","formatid":"gen9ubers","rating":0,"private":0,"password":""}