{"id":"gen9ubers-1971533972","p1":"h200341","p2":"This December","format":"[Gen 9] Ubers","log":"|j|\u2606h200341\n|j|\u2606This December\n|t:|1697746170\n|gametype|singles\n|player|p1|h200341|steven|1094\n|player|p2|This December|mallow-masters|1197\n|teamsize|p1|6\n|teamsize|p2|6\n|gen|9\n|tier|[Gen 9] Ubers\n|rated|\n|rule|Sleep Clause Mod: Limit one foe put to sleep\n|rule|Species Clause: Limit one of each Pok\u00e9mon\n|rule|OHKO Clause: OHKO moves are banned\n|rule|Evasion Items Clause: Evasion items are banned\n|rule|Evasion Moves Clause: Evasion moves are banned\n|rule|Endless Battle Clause: Forcing endless battles is banned\n|rule|HP Percentage Mod: HP is shown in percentages\n|clearpoke\n|poke|p1|Regieleki|\n|poke|p1|Urshifu-*, M|\n|poke|p1|Landorus, M|\n|poke|p1|Volcanion|\n|poke|p1|Slither Wing|\n|poke|p1|Azelf|\n|poke|p2|Chien-Pao|\n|poke|p2|Miraidon|\n|poke|p2|Corviknight, F|\n|poke|p2|Skeledirge, F|\n|poke|p2|Arceus-Ground|\n|poke|p2|Zacian-*|\n|teampreview\n|inactive|Battle timer is ON: inactive players will automatically lose when time's up. (requested by h200341)\n|c|\u2606This December|hf\n|\n|t:|1697746179\n|start\n|switch|p1a: Landorus|Landorus, M|100\/100\n|switch|p2a: Miraidon|Miraidon|100\/100\n|-fieldstart|move: Electric Terrain|[from] ability: Hadron Engine|[of] p2a: Miraidon\n|turn|1\n|\n|t:|1697746206\n|move|p2a: Miraidon|Draco Meteor|p1a: Landorus|[miss]\n|-miss|p2a: Miraidon|p1a: Landorus\n|move|p1a: Landorus|U-turn|p2a: Miraidon\n|-damage|p2a: Miraidon|77\/100\n|-damage|p1a: Landorus|91\/100|[from] item: Life Orb\n|inactive|h200341 has 120 seconds left.\n|\n|t:|1697746232\n|switch|p1a: Slither Wing|Slither Wing|100\/100|[from] U-turn\n|-enditem|p1a: Slither Wing|Booster Energy\n|-activate|p1a: Slither Wing|ability: Protosynthesis|[fromitem]\n|-start|p1a: Slither Wing|protosynthesisatk\n|\n|upkeep\n|turn|2\n|\n|t:|1697746250\n|-terastallize|p1a: Slither Wing|Bug\n|move|p1a: Slither Wing|First Impression|p2a: Miraidon\n|-damage|p2a: Miraidon|0 fnt\n|faint|p2a: Miraidon\n|\n|upkeep\n|\n|t:|1697746257\n|switch|p2a: Skeledirge|Skeledirge, F, shiny|100\/100\n|turn|3\n|\n|t:|1697746263\n|move|p1a: Slither Wing|U-turn|p2a: Skeledirge\n|-resisted|p2a: Skeledirge\n|-crit|p2a: Skeledirge\n|-damage|p2a: Skeledirge|85\/100\n|\n|t:|1697746267\n|-end|p1a: Slither Wing|Protosynthesis|[silent]\n|switch|p1a: Volcanion|Volcanion|100\/100|[from] U-turn\n|move|p2a: Skeledirge|Torch Song|p1a: Volcanion\n|-resisted|p1a: Volcanion\n|-damage|p1a: Volcanion|93\/100\n|-boost|p2a: Skeledirge|spa|1\n|\n|-heal|p1a: Volcanion|99\/100|[from] item: Leftovers\n|upkeep\n|turn|4\n|\n|t:|1697746277\n|switch|p2a: Zacian|Zacian-Crowned|100\/100\n|-ability|p2a: Zacian|Intrepid Sword|boost\n|-boost|p2a: Zacian|atk|1\n|move|p1a: Volcanion|Steam Eruption|p2a: Zacian\n|-damage|p2a: Zacian|54\/100\n|-status|p2a: Zacian|brn\n|\n|-heal|p1a: Volcanion|100\/100|[from] item: Leftovers\n|-damage|p2a: Zacian|48\/100 brn|[from] brn\n|upkeep\n|turn|5\n|\n|t:|1697746304\n|move|p2a: Zacian|Tera Blast|p1a: Volcanion\n|-damage|p1a: Volcanion|86\/100\n|move|p1a: Volcanion|Steam Eruption|p2a: Zacian\n|-damage|p2a: Zacian|4\/100 brn\n|\n|-heal|p1a: Volcanion|92\/100|[from] item: Leftovers\n|-damage|p2a: Zacian|0 fnt|[from] brn\n|faint|p2a: Zacian\n|-fieldend|move: Electric Terrain\n|upkeep\n|inactive|This December has 120 seconds left.\n|\n|t:|1697746317\n|switch|p2a: Arceus|Arceus-Ground|100\/100\n|turn|6\n|\n|t:|1697746323\n|move|p2a: Arceus|Judgment|p1a: Volcanion\n|-supereffective|p1a: Volcanion\n|-damage|p1a: Volcanion|0 fnt\n|faint|p1a: Volcanion\n|\n|upkeep\n|\n|t:|1697746334\n|switch|p1a: Azelf|Azelf|100\/100\n|turn|7\n|\n|t:|1697746340\n|move|p2a: Arceus|Judgment|p1a: Azelf\n|-immune|p1a: Azelf|[from] ability: Levitate\n|move|p1a: Azelf|Encore|p2a: Arceus\n|-start|p2a: Arceus|Encore\n|\n|upkeep\n|turn|8\n|\n|t:|1697746346\n|switch|p2a: Corviknight|Corviknight, F|100\/100\n|-ability|p2a: Corviknight|Pressure\n|move|p1a: Azelf|Grass Knot|p2a: Corviknight\n|-resisted|p2a: Corviknight\n|-damage|p2a: Corviknight|93\/100\n|\n|-heal|p2a: Corviknight|99\/100|[from] item: Leftovers\n|upkeep\n|turn|9\n|\n|t:|1697746352\n|move|p1a: Azelf|Stealth Rock|p2a: Corviknight\n|-sidestart|p2: This December|move: Stealth Rock\n|move|p2a: Corviknight|U-turn|p1a: Azelf\n|-supereffective|p1a: Azelf\n|-damage|p1a: Azelf|54\/100\n|\n|t:|1697746357\n|switch|p2a: Chien-Pao|Chien-Pao|100\/100|[from] U-turn\n|-damage|p2a: Chien-Pao|76\/100|[from] Stealth Rock\n|-ability|p2a: Chien-Pao|Sword of Ruin\n|\n|upkeep\n|turn|10\n|\n|t:|1697746366\n|move|p2a: Chien-Pao|Ice Spinner|p1a: Azelf\n|-damage|p1a: Azelf|0 fnt\n|faint|p1a: Azelf\n|\n|upkeep\n|\n|t:|1697746378\n|switch|p1a: Slither Wing|Slither Wing, tera:Bug|100\/100\n|turn|11\n|\n|t:|1697746380\n|switch|p2a: Corviknight|Corviknight, F|99\/100\n|-damage|p2a: Corviknight|87\/100|[from] Stealth Rock\n|-ability|p2a: Corviknight|Pressure\n|move|p1a: Slither Wing|First Impression|p2a: Corviknight\n|-resisted|p2a: Corviknight\n|-damage|p2a: Corviknight|78\/100\n|\n|-heal|p2a: Corviknight|84\/100|[from] item: Leftovers\n|upkeep\n|turn|12\n|\n|t:|1697746389\n|move|p1a: Slither Wing|U-turn|p2a: Corviknight\n|-resisted|p2a: Corviknight\n|-damage|p2a: Corviknight|76\/100\n|\n|t:|1697746392\n|-end|p1a: Slither Wing|Protosynthesis|[silent]\n|switch|p1a: Landorus|Landorus, M|91\/100|[from] U-turn\n|move|p2a: Corviknight|U-turn|p1a: Landorus\n|-resisted|p1a: Landorus\n|-damage|p1a: Landorus|82\/100\n|\n|t:|1697746395\n|switch|p2a: Chien-Pao|Chien-Pao|76\/100|[from] U-turn\n|-damage|p2a: Chien-Pao|51\/100|[from] Stealth Rock\n|-ability|p2a: Chien-Pao|Sword of Ruin\n|\n|upkeep\n|turn|13\n|\n|t:|1697746405\n|move|p2a: Chien-Pao|Ice Spinner|p1a: Landorus\n|-supereffective|p1a: Landorus\n|-damage|p1a: Landorus|0 fnt\n|faint|p1a: Landorus\n|\n|upkeep\n|\n|t:|1697746409\n|switch|p1a: Urshifu|Urshifu, M|100\/100\n|turn|14\n|\n|t:|1697746419\n|move|p2a: Chien-Pao|Ice Spinner|p1a: Urshifu\n|-damage|p1a: Urshifu|15\/100\n|move|p1a: Urshifu|Wicked Blow|p2a: Chien-Pao\n|-resisted|p2a: Chien-Pao\n|-crit|p2a: Chien-Pao\n|-damage|p2a: Chien-Pao|0 fnt\n|faint|p2a: Chien-Pao\n|\n|upkeep\n|\n|t:|1697746425\n|switch|p2a: Arceus|Arceus-Ground|100\/100\n|-damage|p2a: Arceus|94\/100|[from] Stealth Rock\n|turn|15\n|\n|t:|1697746432\n|move|p2a: Arceus|Ice Beam|p1a: Urshifu\n|-damage|p1a: Urshifu|0 fnt\n|faint|p1a: Urshifu\n|\n|upkeep\n|\n|t:|1697746436\n|switch|p1a: Regieleki|Regieleki|100\/100\n|turn|16\n|\n|t:|1697746441\n|move|p1a: Regieleki|Extreme Speed|p2a: Arceus\n|-damage|p2a: Arceus|82\/100\n|move|p2a: Arceus|Judgment|p1a: Regieleki\n|-supereffective|p1a: Regieleki\n|-damage|p1a: Regieleki|0 fnt\n|faint|p1a: Regieleki\n|\n|upkeep\n|\n|t:|1697746446\n|switch|p1a: Slither Wing|Slither Wing, tera:Bug|100\/100\n|turn|17\n|\n|t:|1697746452\n|switch|p2a: Corviknight|Corviknight, F|76\/100\n|-damage|p2a: Corviknight|64\/100|[from] Stealth Rock\n|-ability|p2a: Corviknight|Pressure\n|move|p1a: Slither Wing|First Impression|p2a: Corviknight\n|-resisted|p2a: Corviknight\n|-damage|p2a: Corviknight|54\/100\n|\n|-heal|p2a: Corviknight|60\/100|[from] item: Leftovers\n|upkeep\n|turn|18\n|\n|t:|1697746456\n|move|p1a: Slither Wing|Close Combat|p2a: Corviknight\n|-damage|p2a: Corviknight|23\/100\n|-unboost|p1a: Slither Wing|def|1\n|-unboost|p1a: Slither Wing|spd|1\n|move|p2a: Corviknight|Roost|p2a: Corviknight\n|-heal|p2a: Corviknight|73\/100\n|-singleturn|p2a: Corviknight|move: Roost\n|\n|-heal|p2a: Corviknight|79\/100|[from] item: Leftovers\n|upkeep\n|turn|19\n|\n|t:|1697746459\n|move|p1a: Slither Wing|Close Combat|p2a: Corviknight\n|-damage|p2a: Corviknight|43\/100\n|-unboost|p1a: Slither Wing|def|1\n|-unboost|p1a: Slither Wing|spd|1\n|move|p2a: Corviknight|Brave Bird|p1a: Slither Wing\n|-supereffective|p1a: Slither Wing\n|-damage|p1a: Slither Wing|0 fnt\n|faint|p1a: Slither Wing\n|-end|p1a: Slither Wing|Protosynthesis|[silent]\n|-damage|p2a: Corviknight|17\/100|[from] Recoil\n|\n|win|This December\n|raw|h200341's rating: 1094 &rarr; <strong>1077<\/strong><br \/>(-17 for losing)\n|raw|This December's rating: 1197 &rarr; <strong>1215<\/strong><br \/>(+18 for winning)\n|c|\u2606This December|gg\n|l|\u2606h200341\n","uploadtime":1697746465,"views":5,"p1id":"h200341","p2id":"thisdecember","formatid":"gen9ubers","rating":1077,"private":0,"password":""}