{"id":"gen9ubers-1972044379","p1":"Electricratman","p2":"Finnteleon","format":"[Gen 9] Ubers","log":"|j|\u2606Electricratman\n|j|\u2606Finnteleon\n|t:|1697807974\n|gametype|singles\n|player|p1|Electricratman|170|1081\n|player|p2|Finnteleon|gentleman-gen4|1029\n|teamsize|p1|6\n|teamsize|p2|6\n|gen|9\n|tier|[Gen 9] Ubers\n|rated|\n|rule|Sleep Clause Mod: Limit one foe put to sleep\n|rule|Species Clause: Limit one of each Pok\u00e9mon\n|rule|OHKO Clause: OHKO moves are banned\n|rule|Evasion Items Clause: Evasion items are banned\n|rule|Evasion Moves Clause: Evasion moves are banned\n|rule|Endless Battle Clause: Forcing endless battles is banned\n|rule|HP Percentage Mod: HP is shown in percentages\n|clearpoke\n|poke|p1|Magearna|\n|poke|p1|Politoed, M|\n|poke|p1|Charizard, F|\n|poke|p1|Leavanny, M|\n|poke|p1|Rillaboom, M|\n|poke|p1|Hawlucha, M|\n|poke|p2|Inteleon, M|\n|poke|p2|Ogerpon-Hearthflame, F|\n|poke|p2|Empoleon, M|\n|poke|p2|Great Tusk|\n|poke|p2|Chansey, F|\n|poke|p2|Salazzle, F|\n|teampreview\n|inactive|Battle timer is ON: inactive players will automatically lose when time's up. (requested by Finnteleon)\n|\n|t:|1697807992\n|start\n|switch|p1a: Leavanny|Leavanny, M|100\/100\n|switch|p2a: Salazzle|Salazzle, F, shiny|100\/100\n|turn|1\n|\n|t:|1697808003\n|move|p2a: Salazzle|Flamethrower|p1a: Leavanny\n|-supereffective|p1a: Leavanny\n|-enditem|p1a: Leavanny|Focus Sash\n|-damage|p1a: Leavanny|1\/100\n|move|p1a: Leavanny|Sunny Day|p1a: Leavanny\n|-weather|SunnyDay\n|\n|-weather|SunnyDay|[upkeep]\n|upkeep\n|turn|2\n|\n|t:|1697808012\n|move|p1a: Leavanny|Sticky Web|p2a: Salazzle\n|-sidestart|p2: Finnteleon|move: Sticky Web\n|move|p2a: Salazzle|Flamethrower|p1a: Leavanny\n|-supereffective|p1a: Leavanny\n|-damage|p1a: Leavanny|0 fnt\n|faint|p1a: Leavanny\n|\n|-weather|SunnyDay|[upkeep]\n|upkeep\n|\n|t:|1697808023\n|switch|p1a: Charizard|Charizard, F|100\/100\n|turn|3\n|\n|t:|1697808038\n|-terastallize|p1a: Charizard|Rock\n|move|p1a: Charizard|Ancient Power|p2a: Salazzle\n|-supereffective|p2a: Salazzle\n|-damage|p2a: Salazzle|0 fnt\n|faint|p2a: Salazzle\n|\n|-weather|SunnyDay|[upkeep]\n|-damage|p1a: Charizard|88\/100|[from] ability: Solar Power|[of] p1a: Charizard\n|upkeep\n|\n|t:|1697808047\n|switch|p2a: Great Tusk|Great Tusk|100\/100\n|-activate|p2a: Great Tusk|move: Sticky Web\n|-unboost|p2a: Great Tusk|spe|1\n|-activate|p2a: Great Tusk|ability: Protosynthesis\n|-start|p2a: Great Tusk|protosynthesisatk\n|turn|4\n|\n|t:|1697808061\n|switch|p1a: Rillaboom|Rillaboom, M|100\/100\n|-fieldstart|move: Grassy Terrain|[from] ability: Grassy Surge|[of] p1a: Rillaboom\n|move|p2a: Great Tusk|Rapid Spin|p1a: Rillaboom\n|-damage|p1a: Rillaboom|75\/100\n|-boost|p2a: Great Tusk|spe|1\n|-sideend|p2: Finnteleon|Sticky Web|[from] move: Rapid Spin|[of] p2a: Great Tusk\n|\n|-weather|SunnyDay|[upkeep]\n|-heal|p1a: Rillaboom|81\/100|[from] Grassy Terrain\n|upkeep\n|turn|5\n|\n|t:|1697808087\n|switch|p1a: Charizard|Charizard, F, tera:Rock|88\/100\n|move|p2a: Great Tusk|Close Combat|p1a: Charizard\n|-supereffective|p1a: Charizard\n|-damage|p1a: Charizard|0 fnt\n|-unboost|p2a: Great Tusk|def|1\n|-unboost|p2a: Great Tusk|spd|1\n|faint|p1a: Charizard\n|\n|-weather|none\n|-end|p2a: Great Tusk|Protosynthesis\n|upkeep\n|inactive|Electricratman has 120 seconds left.\n|\n|t:|1697808098\n|switch|p1a: Hawlucha|Hawlucha, M, shiny|100\/100\n|-enditem|p1a: Hawlucha|Grassy Seed\n|-boost|p1a: Hawlucha|def|1|[from] item: Grassy Seed\n|turn|6\n|\n|t:|1697808107\n|-end|p2a: Great Tusk|Protosynthesis|[silent]\n|switch|p2a: Empoleon|Empoleon, M, shiny|100\/100\n|move|p1a: Hawlucha|Swords Dance|p1a: Hawlucha\n|-boost|p1a: Hawlucha|atk|2\n|\n|upkeep\n|turn|7\n|\n|t:|1697808119\n|move|p1a: Hawlucha|Close Combat|p2a: Empoleon\n|-supereffective|p2a: Empoleon\n|-damage|p2a: Empoleon|0 fnt\n|-unboost|p1a: Hawlucha|def|1\n|-unboost|p1a: Hawlucha|spd|1\n|faint|p2a: Empoleon\n|\n|upkeep\n|\n|t:|1697808147\n|switch|p2a: Great Tusk|Great Tusk|100\/100\n|turn|8\n|\n|t:|1697808154\n|move|p1a: Hawlucha|Acrobatics|p2a: Great Tusk\n|-supereffective|p2a: Great Tusk\n|-damage|p2a: Great Tusk|0 fnt\n|faint|p2a: Great Tusk\n|-end|p2a: Great Tusk|Protosynthesis|[silent]\n|\n|-fieldend|move: Grassy Terrain\n|upkeep\n|\n|t:|1697808159\n|switch|p2a: Inteleon|Inteleon, M, shiny|100\/100\n|turn|9\n|\n|t:|1697808171\n|move|p1a: Hawlucha|Acrobatics|p2a: Inteleon\n|-damage|p2a: Inteleon|0 fnt\n|faint|p2a: Inteleon\n|\n|upkeep\n|-message|Finnteleon forfeited.\n|\n|win|Electricratman\n|raw|Electricratman's rating: 1081 &rarr; <strong>1105<\/strong><br \/>(+24 for winning)\n|raw|Finnteleon's rating: 1029 &rarr; <strong>1017<\/strong><br \/>(-12 for losing)\n|l|\u2606Finnteleon\n","uploadtime":1697808204,"views":12,"p1id":"electricratman","p2id":"finnteleon","formatid":"gen9ubers","rating":1017,"private":0,"password":""}