{"id":"gen9ubers-1974602099","p1":"hypnokirby","p2":"Jrmoore896","format":"[Gen 9] Ubers","log":"|j|\u2606hypnokirby\n|j|\u2606Jrmoore896\n|t:|1698101504\n|gametype|singles\n|player|p1|hypnokirby|colress|1171\n|player|p2|Jrmoore896|lucas-gen4pt|1217\n|teamsize|p1|6\n|teamsize|p2|6\n|gen|9\n|tier|[Gen 9] Ubers\n|rated|\n|rule|Sleep Clause Mod: Limit one foe put to sleep\n|rule|Species Clause: Limit one of each Pok\u00e9mon\n|rule|OHKO Clause: OHKO moves are banned\n|rule|Evasion Items Clause: Evasion items are banned\n|rule|Evasion Moves Clause: Evasion moves are banned\n|rule|Endless Battle Clause: Forcing endless battles is banned\n|rule|HP Percentage Mod: HP is shown in percentages\n|clearpoke\n|poke|p1|Iron Bundle|\n|poke|p1|Miraidon|\n|poke|p1|Flutter Mane|\n|poke|p1|Koraidon|\n|poke|p1|Iron Hands|\n|poke|p1|Brute Bonnet|\n|poke|p2|Ninetales-Alola, M|\n|poke|p2|Baxcalibur, M|\n|poke|p2|Mienshao, M|\n|poke|p2|Chandelure, M|\n|poke|p2|Cinderace, M|\n|poke|p2|Clefable, M|\n|teampreview\n|inactive|Battle timer is ON: inactive players will automatically lose when time's up. (requested by hypnokirby)\n|\n|t:|1698101520\n|start\n|switch|p1a: Koraidon|Koraidon|100\/100\n|switch|p2a: Mienshao|Mienshao, M|100\/100\n|-weather|SunnyDay|[from] ability: Orichalcum Pulse|[of] p1a: Koraidon\n|-activate|p1a: Koraidon|Orichalcum Pulse|[source]\n|turn|1\n|\n|t:|1698101532\n|move|p1a: Koraidon|Dual Wingbeat|p2a: Mienshao\n|-supereffective|p2a: Mienshao\n|-damage|p2a: Mienshao|26\/100\n|-supereffective|p2a: Mienshao\n|-damage|p2a: Mienshao|0 fnt\n|faint|p2a: Mienshao\n|-hitcount|p2: Mienshao|2\n|\n|-weather|SunnyDay|[upkeep]\n|upkeep\n|\n|t:|1698101542\n|switch|p2a: Ninetales|Ninetales-Alola, M|100\/100\n|-weather|Snow|[from] ability: Snow Warning|[of] p2a: Ninetales\n|turn|2\n|\n|t:|1698101551\n|switch|p1a: Iron Hands|Iron Hands|100\/100\n|move|p2a: Ninetales|Aurora Veil|p2a: Ninetales\n|-sidestart|p2: Jrmoore896|move: Aurora Veil\n|\n|-weather|Snow|[upkeep]\n|upkeep\n|turn|3\n|\n|t:|1698101560\n|switch|p2a: Chandelure|Chandelure, M|100\/100\n|move|p1a: Iron Hands|Drain Punch|p2a: Chandelure\n|-immune|p2a: Chandelure\n|\n|-weather|Snow|[upkeep]\n|upkeep\n|turn|4\n|\n|t:|1698101575\n|move|p2a: Chandelure|Fire Blast|p1a: Iron Hands\n|-damage|p1a: Iron Hands|60\/100\n|move|p1a: Iron Hands|Earthquake|p2a: Chandelure\n|-supereffective|p2a: Chandelure\n|-damage|p2a: Chandelure|46\/100\n|\n|-weather|Snow|[upkeep]\n|upkeep\n|turn|5\n|\n|t:|1698101584\n|move|p2a: Chandelure|Fire Blast|p1a: Iron Hands\n|-damage|p1a: Iron Hands|20\/100\n|move|p1a: Iron Hands|Earthquake|p2a: Chandelure\n|-supereffective|p2a: Chandelure\n|-damage|p2a: Chandelure|0 fnt\n|faint|p2a: Chandelure\n|\n|-weather|Snow|[upkeep]\n|upkeep\n|\n|t:|1698101595\n|switch|p2a: Baxcalibur|Baxcalibur, M, shiny|100\/100\n|turn|6\n|\n|t:|1698101600\n|move|p2a: Baxcalibur|Swords Dance|p2a: Baxcalibur\n|-boost|p2a: Baxcalibur|atk|2\n|move|p1a: Iron Hands|Drain Punch|p2a: Baxcalibur\n|-supereffective|p2a: Baxcalibur\n|-damage|p2a: Baxcalibur|68\/100\n|-heal|p1a: Iron Hands|32\/100|[from] drain|[of] p2a: Baxcalibur\n|\n|-weather|none\n|upkeep\n|turn|7\n|\n|t:|1698101612\n|-terastallize|p2a: Baxcalibur|Fairy\n|move|p2a: Baxcalibur|Scale Shot|p1a: Iron Hands\n|-damage|p1a: Iron Hands|13\/100\n|-damage|p1a: Iron Hands|0 fnt\n|faint|p1a: Iron Hands\n|-end|p1a: Iron Hands|Quark Drive|[silent]\n|-hitcount|p1: Iron Hands|2\n|-unboost|p2a: Baxcalibur|def|1\n|-boost|p2a: Baxcalibur|spe|1\n|\n|upkeep\n|\n|t:|1698101631\n|switch|p1a: Koraidon|Koraidon|100\/100\n|-weather|SunnyDay|[from] ability: Orichalcum Pulse|[of] p1a: Koraidon\n|-activate|p1a: Koraidon|Orichalcum Pulse|[source]\n|turn|8\n|\n|t:|1698101641\n|move|p1a: Koraidon|Flare Blitz|p2a: Baxcalibur\n|-damage|p2a: Baxcalibur|2\/100\n|-ability|p2a: Baxcalibur|Thermal Exchange|boost\n|-boost|p2a: Baxcalibur|atk|1\n|-damage|p1a: Koraidon|77\/100|[from] Recoil\n|move|p2a: Baxcalibur|Scale Shot|p1a: Koraidon\n|-supereffective|p1a: Koraidon\n|-damage|p1a: Koraidon|12\/100\n|-supereffective|p1a: Koraidon\n|-damage|p1a: Koraidon|0 fnt\n|faint|p1a: Koraidon\n|-hitcount|p1: Koraidon|2\n|-unboost|p2a: Baxcalibur|def|1\n|-boost|p2a: Baxcalibur|spe|1\n|\n|-weather|SunnyDay|[upkeep]\n|upkeep\n|\n|t:|1698101656\n|switch|p1a: Brute Bonnet|Brute Bonnet|100\/100\n|-activate|p1a: Brute Bonnet|ability: Protosynthesis\n|-start|p1a: Brute Bonnet|protosynthesisatk\n|turn|9\n|\n|t:|1698101670\n|move|p1a: Brute Bonnet|Sucker Punch|p2a: Baxcalibur\n|-resisted|p2a: Baxcalibur\n|-damage|p2a: Baxcalibur|0 fnt\n|faint|p2a: Baxcalibur\n|\n|-weather|SunnyDay|[upkeep]\n|-sideend|p2: Jrmoore896|move: Aurora Veil\n|upkeep\n|\n|t:|1698101676\n|switch|p2a: Cinderace|Cinderace, M|100\/100\n|turn|10\n|\n|t:|1698101681\n|-terastallize|p1a: Brute Bonnet|Ghost\n|move|p1a: Brute Bonnet|Sucker Punch||[still]\n|-fail|p1a: Brute Bonnet\n|move|p2a: Cinderace|Will-O-Wisp|p1a: Brute Bonnet\n|-status|p1a: Brute Bonnet|brn\n|\n|-weather|SunnyDay|[upkeep]\n|-damage|p1a: Brute Bonnet|94\/100 brn|[from] brn\n|upkeep\n|turn|11\n|\n|t:|1698101695\n|move|p2a: Cinderace|Pyro Ball|p1a: Brute Bonnet|[miss]\n|-miss|p2a: Cinderace|p1a: Brute Bonnet\n|move|p1a: Brute Bonnet|Spore|p2a: Cinderace\n|-status|p2a: Cinderace|slp|[from] move: Spore\n|\n|-weather|SunnyDay|[upkeep]\n|-damage|p1a: Brute Bonnet|88\/100 brn|[from] brn\n|upkeep\n|turn|12\n|\n|t:|1698101711\n|-end|p1a: Brute Bonnet|Protosynthesis|[silent]\n|switch|p1a: Miraidon|Miraidon|100\/100\n|-fieldstart|move: Electric Terrain|[from] ability: Hadron Engine|[of] p1a: Miraidon\n|cant|p2a: Cinderace|slp\n|\n|-weather|none\n|upkeep\n|turn|13\n|\n|t:|1698101721\n|move|p1a: Miraidon|Electro Drift|p2a: Cinderace\n|-damage|p2a: Cinderace|0 fnt\n|faint|p2a: Cinderace\n|\n|upkeep\n|\n|t:|1698101727\n|switch|p2a: Ninetales|Ninetales-Alola, M|100\/100\n|-weather|Snow|[from] ability: Snow Warning|[of] p2a: Ninetales\n|turn|14\n|\n|t:|1698101733\n|move|p1a: Miraidon|Electro Drift|p2a: Ninetales\n|-damage|p2a: Ninetales|14\/100\n|move|p2a: Ninetales|Aurora Veil|p2a: Ninetales\n|-sidestart|p2: Jrmoore896|move: Aurora Veil\n|\n|-weather|Snow|[upkeep]\n|upkeep\n|turn|15\n|\n|t:|1698101741\n|move|p1a: Miraidon|Electro Drift|p2a: Ninetales\n|-damage|p2a: Ninetales|0 fnt\n|faint|p2a: Ninetales\n|\n|-weather|Snow|[upkeep]\n|upkeep\n|\n|t:|1698101748\n|switch|p2a: Clefable|Clefable, M|100\/100\n|turn|16\n|\n|t:|1698101753\n|move|p1a: Miraidon|Electro Drift|p2a: Clefable\n|-damage|p2a: Clefable|61\/100\n|move|p2a: Clefable|Cosmic Power|p2a: Clefable\n|-boost|p2a: Clefable|def|1\n|-boost|p2a: Clefable|spd|1\n|\n|-weather|Snow|[upkeep]\n|-heal|p2a: Clefable|68\/100|[from] item: Leftovers\n|-fieldend|move: Electric Terrain\n|upkeep\n|turn|17\n|\n|t:|1698101767\n|switch|p1a: Brute Bonnet|Brute Bonnet, tera:Ghost|88\/100 brn\n|-enditem|p1a: Brute Bonnet|Booster Energy\n|-activate|p1a: Brute Bonnet|ability: Protosynthesis|[fromitem]\n|-start|p1a: Brute Bonnet|protosynthesisatk\n|move|p2a: Clefable|Cosmic Power|p2a: Clefable\n|-boost|p2a: Clefable|def|1\n|-boost|p2a: Clefable|spd|1\n|\n|-weather|Snow|[upkeep]\n|-heal|p2a: Clefable|74\/100|[from] item: Leftovers\n|-damage|p1a: Brute Bonnet|82\/100 brn|[from] brn\n|upkeep\n|turn|18\n|\n|t:|1698101779\n|move|p2a: Clefable|Cosmic Power|p2a: Clefable\n|-boost|p2a: Clefable|def|1\n|-boost|p2a: Clefable|spd|1\n|move|p1a: Brute Bonnet|Spore|p2a: Clefable\n|-status|p2a: Clefable|slp|[from] move: Spore\n|\n|-weather|none\n|-heal|p2a: Clefable|80\/100 slp|[from] item: Leftovers\n|-damage|p1a: Brute Bonnet|76\/100 brn|[from] brn\n|upkeep\n|turn|19\n|\n|t:|1698101795\n|-end|p1a: Brute Bonnet|Protosynthesis|[silent]\n|switch|p1a: Flutter Mane|Flutter Mane, shiny|100\/100\n|-enditem|p1a: Flutter Mane|Booster Energy\n|-activate|p1a: Flutter Mane|ability: Protosynthesis|[fromitem]\n|-start|p1a: Flutter Mane|protosynthesisspe\n|cant|p2a: Clefable|slp\n|\n|-heal|p2a: Clefable|86\/100 slp|[from] item: Leftovers\n|upkeep\n|turn|20\n|\n|t:|1698101822\n|move|p1a: Flutter Mane|Calm Mind|p1a: Flutter Mane\n|-boost|p1a: Flutter Mane|spa|1\n|-boost|p1a: Flutter Mane|spd|1\n|cant|p2a: Clefable|slp\n|\n|-heal|p2a: Clefable|92\/100 slp|[from] item: Leftovers\n|upkeep\n|turn|21\n|\n|t:|1698101830\n|move|p1a: Flutter Mane|Calm Mind|p1a: Flutter Mane\n|-boost|p1a: Flutter Mane|spa|1\n|-boost|p1a: Flutter Mane|spd|1\n|cant|p2a: Clefable|slp\n|\n|-heal|p2a: Clefable|98\/100 slp|[from] item: Leftovers\n|-sideend|p2: Jrmoore896|move: Aurora Veil\n|upkeep\n|turn|22\n|\n|t:|1698101843\n|move|p1a: Flutter Mane|Calm Mind|p1a: Flutter Mane\n|-boost|p1a: Flutter Mane|spa|1\n|-boost|p1a: Flutter Mane|spd|1\n|-curestatus|p2a: Clefable|slp|[msg]\n|move|p2a: Clefable|Cosmic Power|p2a: Clefable\n|-boost|p2a: Clefable|def|1\n|-boost|p2a: Clefable|spd|1\n|\n|-heal|p2a: Clefable|100\/100|[from] item: Leftovers\n|upkeep\n|turn|23\n|inactive|Jrmoore896 has 120 seconds left.\n|\n|t:|1698101865\n|move|p1a: Flutter Mane|Calm Mind|p1a: Flutter Mane\n|-boost|p1a: Flutter Mane|spa|1\n|-boost|p1a: Flutter Mane|spd|1\n|move|p2a: Clefable|Cosmic Power|p2a: Clefable\n|-boost|p2a: Clefable|def|1\n|-boost|p2a: Clefable|spd|1\n|\n|upkeep\n|turn|24\n|inactive|Jrmoore896 has 120 seconds left.\n|\n|t:|1698101879\n|move|p1a: Flutter Mane|Calm Mind|p1a: Flutter Mane\n|-boost|p1a: Flutter Mane|spa|1\n|-boost|p1a: Flutter Mane|spd|1\n|move|p2a: Clefable|Cosmic Power|p2a: Clefable\n|-boost|p2a: Clefable|def|1\n|-boost|p2a: Clefable|spd|1\n|\n|upkeep\n|turn|25\n|\n|t:|1698101894\n|move|p1a: Flutter Mane|Shadow Ball|p2a: Clefable\n|-damage|p2a: Clefable|91\/100\n|move|p2a: Clefable|Stored Power|p1a: Flutter Mane\n|-damage|p1a: Flutter Mane|36\/100\n|\n|-heal|p2a: Clefable|97\/100|[from] item: Leftovers\n|upkeep\n|turn|26\n|\n|t:|1698101903\n|move|p1a: Flutter Mane|Shadow Ball|p2a: Clefable\n|-crit|p2a: Clefable\n|-damage|p2a: Clefable|44\/100\n|-unboost|p2a: Clefable|spd|1\n|move|p2a: Clefable|Stored Power|p1a: Flutter Mane\n|-damage|p1a: Flutter Mane|0 fnt\n|faint|p1a: Flutter Mane\n|-end|p1a: Flutter Mane|Protosynthesis|[silent]\n|\n|-heal|p2a: Clefable|50\/100|[from] item: Leftovers\n|upkeep\n|\n|t:|1698101915\n|switch|p1a: Iron Bundle|Iron Bundle|100\/100\n|-enditem|p1a: Iron Bundle|Booster Energy\n|-activate|p1a: Iron Bundle|ability: Quark Drive|[fromitem]\n|-start|p1a: Iron Bundle|quarkdrivespa\n|turn|27\n|\n|t:|1698101928\n|move|p1a: Iron Bundle|Ice Beam|p2a: Clefable\n|-damage|p2a: Clefable|35\/100\n|move|p2a: Clefable|Rest|p2a: Clefable\n|-status|p2a: Clefable|slp|[from] move: Rest\n|-heal|p2a: Clefable|100\/100 slp|[silent]\n|\n|upkeep\n|turn|28\n|\n|t:|1698101937\n|move|p1a: Iron Bundle|Hydro Pump|p2a: Clefable\n|-damage|p2a: Clefable|80\/100 slp\n|cant|p2a: Clefable|slp\n|\n|-heal|p2a: Clefable|87\/100 slp|[from] item: Leftovers\n|upkeep\n|turn|29\n|\n|t:|1698101945\n|move|p1a: Iron Bundle|Hydro Pump|p2a: Clefable\n|-damage|p2a: Clefable|66\/100 slp\n|cant|p2a: Clefable|slp\n|\n|-heal|p2a: Clefable|72\/100 slp|[from] item: Leftovers\n|upkeep\n|turn|30\n|\n|t:|1698101954\n|move|p1a: Iron Bundle|Hydro Pump|p2a: Clefable|[miss]\n|-miss|p1a: Iron Bundle|p2a: Clefable\n|-curestatus|p2a: Clefable|slp|[msg]\n|move|p2a: Clefable|Cosmic Power|p2a: Clefable\n|-boost|p2a: Clefable|def|0\n|-boost|p2a: Clefable|spd|1\n|\n|-heal|p2a: Clefable|78\/100|[from] item: Leftovers\n|upkeep\n|turn|31\n|\n|t:|1698101965\n|move|p1a: Iron Bundle|Hydro Pump|p2a: Clefable\n|-damage|p2a: Clefable|61\/100\n|move|p2a: Clefable|Stored Power|p1a: Iron Bundle\n|-damage|p1a: Iron Bundle|0 fnt\n|faint|p1a: Iron Bundle\n|-end|p1a: Iron Bundle|Quark Drive|[silent]\n|\n|-heal|p2a: Clefable|68\/100|[from] item: Leftovers\n|upkeep\n|\n|t:|1698101977\n|switch|p1a: Miraidon|Miraidon|100\/100\n|-fieldstart|move: Electric Terrain|[from] ability: Hadron Engine|[of] p1a: Miraidon\n|turn|32\n|\n|t:|1698101985\n|move|p1a: Miraidon|Flash Cannon|p2a: Clefable\n|-supereffective|p2a: Clefable\n|-damage|p2a: Clefable|50\/100\n|move|p2a: Clefable|Stored Power|p1a: Miraidon\n|-damage|p1a: Miraidon|50\/100\n|\n|-heal|p2a: Clefable|56\/100|[from] item: Leftovers\n|upkeep\n|turn|33\n|\n|t:|1698101994\n|move|p1a: Miraidon|Flash Cannon|p2a: Clefable\n|-supereffective|p2a: Clefable\n|-damage|p2a: Clefable|40\/100\n|move|p2a: Clefable|Rest||[still]\n|-activate|p2a: Clefable|move: Electric Terrain\n|-fail|p2a: Clefable\n|\n|-heal|p2a: Clefable|46\/100|[from] item: Leftovers\n|upkeep\n|turn|34\n|\n|t:|1698102003\n|move|p1a: Miraidon|Flash Cannon|p2a: Clefable\n|-supereffective|p2a: Clefable\n|-damage|p2a: Clefable|30\/100\n|-unboost|p2a: Clefable|spd|1\n|move|p2a: Clefable|Stored Power|p1a: Miraidon\n|-damage|p1a: Miraidon|1\/100\n|\n|-heal|p2a: Clefable|36\/100|[from] item: Leftovers\n|upkeep\n|turn|35\n|\n|t:|1698102014\n|switch|p1a: Brute Bonnet|Brute Bonnet, tera:Ghost|76\/100 brn\n|move|p2a: Clefable|Night Shade|p1a: Brute Bonnet\n|-damage|p1a: Brute Bonnet|53\/100 brn\n|\n|-heal|p2a: Clefable|42\/100|[from] item: Leftovers\n|-damage|p1a: Brute Bonnet|47\/100 brn|[from] brn\n|upkeep\n|turn|36\n|\n|t:|1698102029\n|move|p1a: Brute Bonnet|Sucker Punch||[still]\n|-fail|p1a: Brute Bonnet\n|move|p2a: Clefable|Cosmic Power|p2a: Clefable\n|-boost|p2a: Clefable|def|0\n|-boost|p2a: Clefable|spd|1\n|\n|-heal|p2a: Clefable|48\/100|[from] item: Leftovers\n|-damage|p1a: Brute Bonnet|40\/100 brn|[from] brn\n|-fieldend|move: Electric Terrain\n|upkeep\n|turn|37\n|\n|t:|1698102040\n|-end|p1a: Brute Bonnet|Protosynthesis|[silent]\n|switch|p1a: Miraidon|Miraidon|1\/100\n|-fieldstart|move: Electric Terrain|[from] ability: Hadron Engine|[of] p1a: Miraidon\n|move|p2a: Clefable|Rest||[still]\n|-activate|p2a: Clefable|move: Electric Terrain\n|-fail|p2a: Clefable\n|\n|-heal|p2a: Clefable|54\/100|[from] item: Leftovers\n|upkeep\n|turn|38\n|\n|t:|1698102051\n|move|p1a: Miraidon|Flash Cannon|p2a: Clefable\n|-supereffective|p2a: Clefable\n|-damage|p2a: Clefable|38\/100\n|move|p2a: Clefable|Night Shade|p1a: Miraidon\n|-damage|p1a: Miraidon|0 fnt\n|faint|p1a: Miraidon\n|\n|-heal|p2a: Clefable|44\/100|[from] item: Leftovers\n|upkeep\n|\n|t:|1698102060\n|switch|p1a: Brute Bonnet|Brute Bonnet, tera:Ghost|40\/100 brn\n|turn|39\n|\n|t:|1698102068\n|move|p1a: Brute Bonnet|Sucker Punch|p2a: Clefable\n|-resisted|p2a: Clefable\n|-damage|p2a: Clefable|42\/100\n|move|p2a: Clefable|Stored Power|p1a: Brute Bonnet\n|-crit|p1a: Brute Bonnet\n|-damage|p1a: Brute Bonnet|0 fnt\n|faint|p1a: Brute Bonnet\n|-end|p1a: Brute Bonnet|Protosynthesis|[silent]\n|\n|win|Jrmoore896\n|raw|hypnokirby's rating: 1171 &rarr; <strong>1147<\/strong><br \/>(-24 for losing)\n|raw|Jrmoore896's rating: 1189 &rarr; <strong>1213<\/strong><br \/>(+24 for winning)\n|l|\u2606hypnokirby\n","uploadtime":1698102080,"views":13,"p1id":"hypnokirby","p2id":"jrmoore896","formatid":"gen9ubers","rating":1147,"private":0,"password":""}