{"id":"gen9ubers-1983122054","p1":"amosamoswong","p2":"KonoRyanDa","format":"[Gen 9] Ubers","log":"|j|\u2606amosamoswong\n|j|\u2606KonoRyanDa\n|t:|1699090907\n|gametype|singles\n|player|p1|amosamoswong|teamrocket|\n|player|p2|KonoRyanDa|swimmerf-gen4|\n|teamsize|p1|6\n|teamsize|p2|6\n|gen|9\n|tier|[Gen 9] Ubers\n|rule|Sleep Clause Mod: Limit one foe put to sleep\n|rule|Species Clause: Limit one of each Pok\u00e9mon\n|rule|OHKO Clause: OHKO moves are banned\n|rule|Evasion Items Clause: Evasion items are banned\n|rule|Evasion Moves Clause: Evasion moves are banned\n|rule|Endless Battle Clause: Forcing endless battles is banned\n|rule|HP Percentage Mod: HP is shown in percentages\n|clearpoke\n|poke|p1|Pelipper, M|\n|poke|p1|Palafin, M|\n|poke|p1|Basculegion-F, F|\n|poke|p1|Dialga|\n|poke|p1|Zacian-*|\n|poke|p1|Cyclizar, F|\n|poke|p2|Houndstone, F|\n|poke|p2|Tyranitar, F|\n|poke|p2|Arceus-Poison|\n|poke|p2|Blissey, F|\n|poke|p2|Palkia-Origin|\n|poke|p2|Scizor, M|\n|teampreview\n|c|\u2606amosamoswong|no way\n|c|\u2606amosamoswong|it is sand rush houndstone\n|c|\u2606KonoRyanDa|maybe\n|j| dddet\n|\n|t:|1699090954\n|start\n|switch|p1a: Palafin|Palafin, M|100\/100\n|switch|p2a: Tyranitar|Tyranitar, F|100\/100\n|-weather|Sandstorm|[from] ability: Sand Stream|[of] p2a: Tyranitar\n|turn|1\n|c|\u2606amosamoswong|dddet?\n|c|\u2606amosamoswong|who\n|\n|t:|1699090963\n|move|p1a: Palafin|Close Combat|p2a: Tyranitar\n|-supereffective|p2a: Tyranitar\n|-damage|p2a: Tyranitar|11\/100\n|-unboost|p1a: Palafin|def|1\n|-unboost|p1a: Palafin|spd|1\n|move|p2a: Tyranitar|Thunder Wave|p1a: Palafin\n|-status|p1a: Palafin|par\n|\n|-weather|Sandstorm|[upkeep]\n|-damage|p1a: Palafin|94\/100 par|[from] Sandstorm\n|-heal|p1a: Palafin|100\/100 par|[from] item: Leftovers\n|upkeep\n|turn|2\n|c| dddet|a man\n|\n|t:|1699090979\n|detailschange|p1a: Palafin|Palafin-Hero, M\n|switch|p1a: Pelipper|Pelipper, M|100\/100\n|-weather|RainDance|[from] ability: Drizzle|[of] p1a: Pelipper\n|switch|p2a: Arceus|Arceus-Poison|100\/100\n|\n|-weather|RainDance|[upkeep]\n|upkeep\n|turn|3\n|\n|t:|1699090991\n|move|p2a: Arceus|Calm Mind|p2a: Arceus\n|-boost|p2a: Arceus|spa|1\n|-boost|p2a: Arceus|spd|1\n|move|p1a: Pelipper|Weather Ball|p2a: Arceus\n|-damage|p2a: Arceus|81\/100\n|\n|-weather|RainDance|[upkeep]\n|upkeep\n|turn|4\n|c| dddet|who like play pokemon\n|\n|t:|1699090999\n|move|p2a: Arceus|Judgment|p1a: Pelipper\n|-damage|p1a: Pelipper|33\/100\n|move|p1a: Pelipper|U-turn|p2a: Arceus\n|-resisted|p2a: Arceus\n|-damage|p2a: Arceus|78\/100\n|\n|t:|1699091007\n|switch|p1a: Dialga|Dialga|100\/100|[from] U-turn\n|-ability|p1a: Dialga|Pressure\n|\n|-weather|RainDance|[upkeep]\n|upkeep\n|turn|5\n|\n|t:|1699091011\n|move|p2a: Arceus|Earth Power|p1a: Dialga\n|-supereffective|p1a: Dialga\n|-damage|p1a: Dialga|40\/100\n|move|p1a: Dialga|Thunder Wave|p2a: Arceus|[miss]\n|-miss|p1a: Dialga|p2a: Arceus\n|\n|-weather|RainDance|[upkeep]\n|-heal|p1a: Dialga|46\/100|[from] item: Leftovers\n|upkeep\n|turn|6\n|\n|t:|1699091024\n|switch|p1a: Pelipper|Pelipper, M|33\/100\n|move|p2a: Arceus|Earth Power|p1a: Pelipper\n|-immune|p1a: Pelipper\n|\n|-weather|RainDance|[upkeep]\n|upkeep\n|turn|7\n|c|\u2606KonoRyanDa|get rekt\n|\n|t:|1699091037\n|switch|p1a: Dialga|Dialga|46\/100\n|-ability|p1a: Dialga|Pressure\n|move|p2a: Arceus|Calm Mind|p2a: Arceus\n|-boost|p2a: Arceus|spa|1\n|-boost|p2a: Arceus|spd|1\n|\n|-weather|RainDance|[upkeep]\n|-heal|p1a: Dialga|52\/100|[from] item: Leftovers\n|upkeep\n|turn|8\n|\n|t:|1699091043\n|move|p2a: Arceus|Earth Power|p1a: Dialga\n|-supereffective|p1a: Dialga\n|-damage|p1a: Dialga|0 fnt\n|faint|p1a: Dialga\n|\n|-weather|RainDance|[upkeep]\n|upkeep\n|\n|t:|1699091050\n|switch|p1a: Cyclizar|Cyclizar, F|100\/100\n|turn|9\n|\n|t:|1699091062\n|move|p1a: Cyclizar|Shed Tail|p1a: Cyclizar\n|-start|p1a: Cyclizar|Substitute|[from] move: Shed Tail\n|-damage|p1a: Cyclizar|50\/100\n|\n|t:|1699091067\n|switch|p1a: Zacian|Zacian|100\/100|[from] Shed Tail\n|-ability|p1a: Zacian|Intrepid Sword|boost\n|-boost|p1a: Zacian|atk|1\n|move|p2a: Arceus|Judgment|p1a: Zacian\n|-supereffective|p1a: Zacian\n|-end|p1a: Zacian|Substitute\n|\n|-weather|none\n|upkeep\n|turn|10\n|\n|t:|1699091085\n|-terastallize|p1a: Zacian|Ground\n|move|p1a: Zacian|Tera Blast|p2a: Arceus|[anim] Tera Blast Ground\n|-supereffective|p2a: Arceus\n|-damage|p2a: Arceus|1\/100\n|move|p2a: Arceus|Earth Power|p1a: Zacian\n|-damage|p1a: Zacian|53\/100\n|\n|-heal|p1a: Zacian|59\/100|[from] item: Leftovers\n|upkeep\n|turn|11\n|c|\u2606amosamoswong|?+_?\n|\n|t:|1699091098\n|move|p1a: Zacian|Tera Blast|p2a: Arceus|[anim] Tera Blast Ground\n|-supereffective|p2a: Arceus\n|-crit|p2a: Arceus\n|-damage|p2a: Arceus|0 fnt\n|faint|p2a: Arceus\n|\n|-heal|p1a: Zacian|65\/100|[from] item: Leftovers\n|upkeep\n|c|\u2606amosamoswong|don't tell me it is on 1 hp\n|\n|t:|1699091119\n|switch|p2a: Palkia|Palkia-Origin|100\/100\n|-ability|p2a: Palkia|Pressure\n|turn|12\n|\n|t:|1699091141\n|-terastallize|p2a: Palkia|Water\n|move|p1a: Zacian|Play Rough|p2a: Palkia\n|-damage|p2a: Palkia|24\/100\n|-unboost|p2a: Palkia|atk|1\n|move|p2a: Palkia|Hydro Pump|p1a: Zacian\n|-supereffective|p1a: Zacian\n|-damage|p1a: Zacian|0 fnt\n|faint|p1a: Zacian\n|\n|upkeep\n|\n|t:|1699091153\n|switch|p1a: Cyclizar|Cyclizar, F|84\/100\n|turn|13\n|\n|t:|1699091166\n|move|p1a: Cyclizar|Draco Meteor|p2a: Palkia\n|-damage|p2a: Palkia|0 fnt\n|-unboost|p1a: Cyclizar|spa|2\n|faint|p2a: Palkia\n|\n|upkeep\n|j| fallin from cloud9\n|\n|t:|1699091180\n|switch|p2a: Scizor|Scizor, M|100\/100\n|turn|14\n|\n|t:|1699091190\n|move|p1a: Cyclizar|Shed Tail|p1a: Cyclizar\n|-start|p1a: Cyclizar|Substitute|[from] move: Shed Tail\n|-damage|p1a: Cyclizar|33\/100\n|\n|t:|1699091198\n|switch|p1a: Pelipper|Pelipper, M|33\/100|[from] Shed Tail\n|-weather|RainDance|[from] ability: Drizzle|[of] p1a: Pelipper\n|move|p2a: Scizor|Swords Dance|p2a: Scizor\n|-boost|p2a: Scizor|atk|2\n|\n|-weather|RainDance|[upkeep]\n|upkeep\n|turn|15\n|\n|t:|1699091211\n|move|p2a: Scizor|Knock Off|p1a: Pelipper\n|-end|p1a: Pelipper|Substitute\n|move|p1a: Pelipper|U-turn|p2a: Scizor\n|-resisted|p2a: Scizor\n|-damage|p2a: Scizor|96\/100\n|\n|t:|1699091214\n|switch|p1a: Palafin|Palafin-Hero, M|100\/100 par|[from] U-turn\n|-activate|p1a: Palafin|ability: Zero to Hero\n|\n|-weather|RainDance|[upkeep]\n|upkeep\n|turn|16\n|\n|t:|1699091236\n|move|p2a: Scizor|Bullet Punch|p1a: Palafin\n|-resisted|p1a: Palafin\n|-damage|p1a: Palafin|67\/100 par\n|cant|p1a: Palafin|par\n|\n|-weather|RainDance|[upkeep]\n|-heal|p1a: Palafin|73\/100 par|[from] item: Leftovers\n|upkeep\n|turn|17\n|c|\u2606amosamoswong|...\n|\n|t:|1699091241\n|move|p1a: Palafin|Jet Punch|p2a: Scizor\n|-damage|p2a: Scizor|44\/100\n|move|p2a: Scizor|Knock Off|p1a: Palafin\n|-damage|p1a: Palafin|10\/100 par\n|-enditem|p1a: Palafin|Leftovers|[from] move: Knock Off|[of] p2a: Scizor\n|\n|-weather|RainDance|[upkeep]\n|upkeep\n|turn|18\n|\n|t:|1699091248\n|move|p2a: Scizor|Bullet Punch|p1a: Palafin\n|-resisted|p1a: Palafin\n|-damage|p1a: Palafin|0 fnt\n|faint|p1a: Palafin\n|\n|-weather|RainDance|[upkeep]\n|upkeep\n|c|\u2606amosamoswong|no way\n|\n|t:|1699091257\n|switch|p1a: Basculegion|Basculegion-F, F|100\/100\n|turn|19\n|\n|t:|1699091277\n|move|p2a: Scizor|Bullet Punch|p1a: Basculegion\n|-resisted|p1a: Basculegion\n|-crit|p1a: Basculegion\n|-damage|p1a: Basculegion|45\/100\n|move|p1a: Basculegion|Wave Crash|p2a: Scizor\n|-damage|p2a: Scizor|0 fnt\n|faint|p2a: Scizor\n|-damage|p1a: Basculegion|32\/100|[from] Recoil\n|\n|-weather|RainDance|[upkeep]\n|upkeep\n|l| fallin from cloud9\n|\n|t:|1699091336\n|switch|p2a: Blissey|Blissey, F|100\/100\n|turn|20\n|\n|t:|1699091340\n|move|p1a: Basculegion|Wave Crash|p2a: Blissey\n|-damage|p2a: Blissey|0 fnt\n|faint|p2a: Blissey\n|-damage|p1a: Basculegion|0 fnt|[from] Recoil\n|faint|p1a: Basculegion\n|\n|-weather|RainDance|[upkeep]\n|upkeep\n|\n|t:|1699091355\n|switch|p1a: Cyclizar|Cyclizar, F|67\/100\n|switch|p2a: Houndstone|Houndstone, F|100\/100\n|turn|21\n|c|\u2606amosamoswong|what\n|c|\u2606amosamoswong|s houdstone gonna do\n|\n|t:|1699091375\n|move|p1a: Cyclizar|Knock Off|p2a: Houndstone\n|-supereffective|p2a: Houndstone\n|-damage|p2a: Houndstone|47\/100\n|-enditem|p2a: Houndstone|Choice Band|[from] move: Knock Off|[of] p1a: Cyclizar\n|move|p2a: Houndstone|Play Rough|p1a: Cyclizar\n|-supereffective|p1a: Cyclizar\n|-damage|p1a: Cyclizar|0 fnt\n|faint|p1a: Cyclizar\n|\n|-weather|none\n|upkeep\n|c|\u2606amosamoswong|...\n|\n|t:|1699091389\n|switch|p1a: Pelipper|Pelipper, M|33\/100\n|-weather|RainDance|[from] ability: Drizzle|[of] p1a: Pelipper\n|turn|22\n|\n|t:|1699091392\n|switch|p2a: Tyranitar|Tyranitar, F|11\/100\n|-weather|Sandstorm|[from] ability: Sand Stream|[of] p2a: Tyranitar\n|move|p1a: Pelipper|Knock Off|p2a: Tyranitar\n|-resisted|p2a: Tyranitar\n|-damage|p2a: Tyranitar|7\/100\n|-enditem|p2a: Tyranitar|Smooth Rock|[from] move: Knock Off|[of] p1a: Pelipper\n|\n|-weather|Sandstorm|[upkeep]\n|-damage|p1a: Pelipper|27\/100|[from] Sandstorm\n|upkeep\n|turn|23\n|c|\u2606amosamoswong|well\n|c|\u2606amosamoswong|that was un exccopect\n|\n|t:|1699091404\n|move|p2a: Tyranitar|Knock Off|p1a: Pelipper\n|-damage|p1a: Pelipper|0 fnt\n|-enditem|p1a: Pelipper|Damp Rock|[from] move: Knock Off|[of] p2a: Tyranitar\n|faint|p1a: Pelipper\n|\n|win|KonoRyanDa\n|l|\u2606amosamoswong\n|c|\u2606KonoRyanDa|how did i win\n","uploadtime":1699091419,"views":14,"p1id":"amosamoswong","p2id":"konoryanda","formatid":"gen9ubers","rating":0,"private":0,"password":""}