{"id":"gen9ubers-1989164042","p1":"Kizaco","p2":"mann_treads","format":"[Gen 9] Ubers","log":"|j|\u2606Kizaco\n|j|\u2606mann_treads\n|t:|1699818995\n|gametype|singles\n|player|p1|Kizaco|169|\n|player|p2|mann_treads|ariana|\n|teamsize|p1|6\n|teamsize|p2|6\n|gen|9\n|tier|[Gen 9] Ubers\n|rule|Sleep Clause Mod: Limit one foe put to sleep\n|rule|Species Clause: Limit one of each Pok\u00e9mon\n|rule|OHKO Clause: OHKO moves are banned\n|rule|Evasion Items Clause: Evasion items are banned\n|rule|Evasion Moves Clause: Evasion moves are banned\n|rule|Endless Battle Clause: Forcing endless battles is banned\n|rule|HP Percentage Mod: HP is shown in percentages\n|clearpoke\n|poke|p1|Palafin, M|\n|poke|p1|Landorus, M|\n|poke|p1|Baxcalibur, F|\n|poke|p1|Chi-Yu|\n|poke|p1|Zacian-*|\n|poke|p1|Palkia-Origin|\n|poke|p2|Rotom-Wash|\n|poke|p2|Gholdengo|\n|poke|p2|Slowking-Galar, F|\n|poke|p2|Blissey, F|\n|poke|p2|Spiritomb, F|\n|poke|p2|Cresselia, F|\n|teampreview\n|inactive|Battle timer is ON: inactive players will automatically lose when time's up. (requested by mann_treads)\n|c|\u2606mann_treads|glhf\n|\n|t:|1699819009\n|start\n|switch|p1a: Palafin|Palafin, M|100\/100\n|switch|p2a: Rotom|Rotom-Wash|100\/100\n|turn|1\n|c|\u2606Kizaco|u2\n|c|\u2606Kizaco|spiritomb is a new one\n|\n|t:|1699819022\n|move|p1a: Palafin|Flip Turn|p2a: Rotom\n|-resisted|p2a: Rotom\n|-damage|p2a: Rotom|89\/100\n|c|\u2606mann_treads|i think its pretty good\n|\n|t:|1699819030\n|detailschange|p1a: Palafin|Palafin-Hero, M\n|switch|p1a: Palkia|Palkia-Origin|100\/100|[from] Flip Turn\n|-ability|p1a: Palkia|Pressure\n|move|p2a: Rotom|Will-O-Wisp|p1a: Palkia\n|-status|p1a: Palkia|brn\n|\n|-heal|p2a: Rotom|95\/100|[from] item: Leftovers\n|-damage|p1a: Palkia|94\/100 brn|[from] brn\n|upkeep\n|turn|2\n|\n|t:|1699819050\n|switch|p2a: Gholdengo|Gholdengo|100\/100\n|move|p1a: Palkia|Spacial Rend|p2a: Gholdengo\n|-resisted|p2a: Gholdengo\n|-damage|p2a: Gholdengo|68\/100\n|\n|-heal|p2a: Gholdengo|74\/100|[from] item: Leftovers\n|-damage|p1a: Palkia|88\/100 brn|[from] brn\n|upkeep\n|turn|3\n|\n|t:|1699819067\n|switch|p2a: Blissey|Blissey, F|100\/100\n|move|p1a: Palkia|Earth Power|p2a: Blissey\n|-damage|p2a: Blissey|90\/100\n|\n|-damage|p1a: Palkia|82\/100 brn|[from] brn\n|upkeep\n|turn|4\n|\n|t:|1699819081\n|switch|p1a: Baxcalibur|Baxcalibur, F|100\/100\n|move|p2a: Blissey|Seismic Toss|p1a: Baxcalibur\n|-damage|p1a: Baxcalibur|74\/100\n|\n|upkeep\n|turn|5\n|\n|t:|1699819090\n|switch|p2a: Spiritomb|Spiritomb, F|100\/100\n|move|p1a: Baxcalibur|Swords Dance|p1a: Baxcalibur\n|-boost|p1a: Baxcalibur|atk|2\n|\n|upkeep\n|turn|6\n|\n|t:|1699819107\n|move|p1a: Baxcalibur|Scale Shot|p2a: Spiritomb\n|-damage|p2a: Spiritomb|70\/100\n|-damage|p2a: Spiritomb|38\/100\n|-damage|p2a: Spiritomb|8\/100\n|-damage|p2a: Spiritomb|0 fnt\n|faint|p2a: Spiritomb\n|-hitcount|p2: Spiritomb|4\n|-unboost|p1a: Baxcalibur|def|1\n|-boost|p1a: Baxcalibur|spe|1\n|\n|upkeep\n|c|\u2606mann_treads|unfortunate\n|\n|t:|1699819129\n|switch|p2a: Gholdengo|Gholdengo|74\/100\n|turn|7\n|\n|t:|1699819135\n|move|p1a: Baxcalibur|Earthquake|p2a: Gholdengo\n|-supereffective|p2a: Gholdengo\n|-damage|p2a: Gholdengo|0 fnt\n|faint|p2a: Gholdengo\n|\n|upkeep\n|\n|t:|1699819142\n|switch|p2a: Slowking|Slowking-Galar, F|100\/100\n|turn|8\n|\n|t:|1699819145\n|move|p1a: Baxcalibur|Earthquake|p2a: Slowking\n|-supereffective|p2a: Slowking\n|-damage|p2a: Slowking|0 fnt\n|faint|p2a: Slowking\n|\n|upkeep\n|c|\u2606mann_treads|oh this team has no bax answer\n|c|\u2606mann_treads|alr\n|c|\u2606mann_treads|i lose this gg\n|-message|mann_treads forfeited.\n|\n|win|Kizaco\n|l|\u2606mann_treads\n|c|\u2606Kizaco|ggs\n","uploadtime":1699819167,"views":9,"p1id":"kizaco","p2id":"manntreads","formatid":"gen9ubers","rating":0,"private":0,"password":""}