{"id":"gen9ubers-1986142046","p1":"Fleetway730821","p2":"whydidyoukillgeist","format":"[Gen 9] Ubers","log":"|j|\u2606Fleetway730821\n|j|\u203dwhydidyoukillgeist\n|t:|1699454213\n|gametype|singles\n|player|p1|Fleetway730821|hilbert|1088\n|player|p2|whydidyoukillgeist|1|1000\n|teamsize|p1|6\n|teamsize|p2|5\n|gen|9\n|tier|[Gen 9] Ubers\n|rated|\n|rule|Sleep Clause Mod: Limit one foe put to sleep\n|rule|Species Clause: Limit one of each Pok\u00e9mon\n|rule|OHKO Clause: OHKO moves are banned\n|rule|Evasion Items Clause: Evasion items are banned\n|rule|Evasion Moves Clause: Evasion moves are banned\n|rule|Endless Battle Clause: Forcing endless battles is banned\n|rule|HP Percentage Mod: HP is shown in percentages\n|clearpoke\n|poke|p1|Koraidon|\n|poke|p1|Blissey, F|\n|poke|p1|Quagsire, F|\n|poke|p1|Mew|\n|poke|p1|Skeledirge, M|\n|poke|p1|Scizor, F|\n|poke|p2|Ludicolo, F|\n|poke|p2|Clefable, M|\n|poke|p2|Zoroark, F|\n|poke|p2|Dragapult, M|\n|poke|p2|Charizard, M|\n|teampreview\n|inactive|Battle timer is ON: inactive players will automatically lose when time's up. (requested by Fleetway730821)\n|\n|t:|1699454240\n|start\n|switch|p1a: How?|Mew|100\/100\n|switch|p2a: Clefable|Clefable, M|100\/100\n|turn|1\n|\n|t:|1699454251\n|move|p1a: How?|Stealth Rock|p2a: Clefable\n|-sidestart|p2: whydidyoukillgeist|move: Stealth Rock\n|move|p2a: Clefable|Substitute|p2a: Clefable\n|-start|p2a: Clefable|Substitute\n|-damage|p2a: Clefable|76\/100\n|\n|-heal|p2a: Clefable|82\/100|[from] item: Leftovers\n|upkeep\n|turn|2\n|\n|t:|1699454259\n|move|p1a: How?|Psychic|p2a: Clefable\n|-end|p2a: Clefable|Substitute\n|move|p2a: Clefable|Calm Mind|p2a: Clefable\n|-boost|p2a: Clefable|spa|1\n|-boost|p2a: Clefable|spd|1\n|\n|-heal|p2a: Clefable|88\/100|[from] item: Leftovers\n|upkeep\n|turn|3\n|\n|t:|1699454268\n|move|p1a: How?|Toxic Spikes|p2a: Clefable\n|-sidestart|p2: whydidyoukillgeist|move: Toxic Spikes\n|move|p2a: Clefable|Calm Mind|p2a: Clefable\n|-boost|p2a: Clefable|spa|1\n|-boost|p2a: Clefable|spd|1\n|\n|-heal|p2a: Clefable|94\/100|[from] item: Leftovers\n|upkeep\n|turn|4\n|\n|t:|1699454285\n|move|p1a: How?|Toxic Spikes|p2a: Clefable\n|-sidestart|p2: whydidyoukillgeist|move: Toxic Spikes\n|move|p2a: Clefable|Calm Mind|p2a: Clefable\n|-boost|p2a: Clefable|spa|1\n|-boost|p2a: Clefable|spd|1\n|\n|-heal|p2a: Clefable|99\/100|[from] item: Leftovers\n|upkeep\n|turn|5\n|\n|t:|1699454292\n|move|p1a: How?|Spikes|p2a: Clefable\n|-sidestart|p2: whydidyoukillgeist|Spikes\n|move|p2a: Clefable|Dual Wingbeat|p1a: How?\n|-damage|p1a: How?|94\/100\n|-damage|p1a: How?|87\/100\n|-hitcount|p1a: How?|2\n|\n|-heal|p2a: Clefable|100\/100|[from] item: Leftovers\n|upkeep\n|turn|6\n|l|\u203dwhydidyoukillgeist\n|inactive|whydidyoukillgeist disconnected and has a minute to reconnect!\n|player|p2|\n|inactive|whydidyoukillgeist has 30 seconds to reconnect!\n|j|\u203dwhydidyoukillgeist\n|inactive|whydidyoukillgeist reconnected and has 105 seconds left.\n|player|p2|whydidyoukillgeist|1\n|n|\u203dwhydidyoukillgeist|whydidyoukillgeist\n|\n|t:|1699454348\n|move|p1a: How?|Spikes|p2a: Clefable\n|-sidestart|p2: whydidyoukillgeist|Spikes\n|move|p2a: Clefable|Stored Power|p1a: How?\n|-resisted|p1a: How?\n|-damage|p1a: How?|55\/100\n|\n|upkeep\n|turn|7\n|\n|t:|1699454364\n|move|p1a: How?|Spikes|p2a: Clefable\n|-sidestart|p2: whydidyoukillgeist|Spikes\n|move|p2a: Clefable|Stored Power|p1a: How?\n|-resisted|p1a: How?\n|-damage|p1a: How?|19\/100\n|\n|upkeep\n|turn|8\n|\n|t:|1699454370\n|move|p1a: How?|Psychic|p2a: Clefable\n|-damage|p2a: Clefable|89\/100\n|-unboost|p2a: Clefable|spd|1\n|move|p2a: Clefable|Stored Power|p1a: How?\n|-resisted|p1a: How?\n|-damage|p1a: How?|0 fnt\n|faint|p1a: How?\n|\n|-heal|p2a: Clefable|95\/100|[from] item: Leftovers\n|upkeep\n|\n|t:|1699454382\n|switch|p1a: Giggity|Quagsire, F, shiny|100\/100\n|turn|9\n|\n|t:|1699454387\n|move|p2a: Clefable|Dual Wingbeat|p1a: Giggity|[miss]\n|-miss|p2a: Clefable|p1a: Giggity\n|move|p1a: Giggity|Yawn|p2a: Clefable\n|-start|p2a: Clefable|move: Yawn|[of] p1a: Giggity\n|\n|-heal|p2a: Clefable|100\/100|[from] item: Leftovers\n|upkeep\n|turn|10\n|\n|t:|1699454397\n|move|p2a: Clefable|Stored Power|p1a: Giggity\n|-damage|p1a: Giggity|74\/100\n|move|p1a: Giggity|Earthquake|p2a: Clefable\n|-damage|p2a: Clefable|62\/100\n|\n|-heal|p2a: Clefable|68\/100|[from] item: Leftovers\n|-end|p2a: Clefable|move: Yawn|[silent]\n|-status|p2a: Clefable|slp\n|upkeep\n|turn|11\n|\n|t:|1699454408\n|cant|p2a: Clefable|slp\n|move|p1a: Giggity|Earthquake|p2a: Clefable\n|-damage|p2a: Clefable|29\/100 slp\n|\n|-heal|p2a: Clefable|35\/100 slp|[from] item: Leftovers\n|upkeep\n|turn|12\n|\n|t:|1699454416\n|-curestatus|p2a: Clefable|slp|[msg]\n|move|p2a: Clefable|Calm Mind|p2a: Clefable\n|-boost|p2a: Clefable|spa|1\n|-boost|p2a: Clefable|spd|1\n|move|p1a: Giggity|Earthquake|p2a: Clefable\n|-damage|p2a: Clefable|0 fnt\n|faint|p2a: Clefable\n|\n|upkeep\n|\n|t:|1699454427\n|switch|p2a: Charizard|Charizard, M|100\/100\n|-damage|p2a: Charizard|51\/100|[from] Stealth Rock\n|turn|13\n|\n|t:|1699454433\n|move|p2a: Charizard|Sunny Day|p2a: Charizard\n|-weather|SunnyDay\n|move|p1a: Giggity|Chilling Water|p2a: Charizard\n|-supereffective|p2a: Charizard\n|-damage|p2a: Charizard|38\/100\n|-unboost|p2a: Charizard|atk|1\n|\n|-weather|SunnyDay|[upkeep]\n|-damage|p2a: Charizard|25\/100|[from] ability: Solar Power|[of] p2a: Charizard\n|-heal|p2a: Charizard|31\/100|[from] item: Leftovers\n|upkeep\n|turn|14\n|inactive|whydidyoukillgeist has 120 seconds left.\n|\n|t:|1699454447\n|move|p2a: Charizard|Overheat|p1a: Giggity\n|-resisted|p1a: Giggity\n|-damage|p1a: Giggity|20\/100\n|-unboost|p2a: Charizard|spa|2\n|-enditem|p1a: Giggity|Aguav Berry|[eat]\n|-heal|p1a: Giggity|53\/100|[from] item: Aguav Berry\n|move|p1a: Giggity|Yawn|p2a: Charizard\n|-start|p2a: Charizard|move: Yawn|[of] p1a: Giggity\n|\n|-weather|SunnyDay|[upkeep]\n|-damage|p2a: Charizard|19\/100|[from] ability: Solar Power|[of] p2a: Charizard\n|-heal|p2a: Charizard|25\/100|[from] item: Leftovers\n|upkeep\n|turn|15\n|inactive|whydidyoukillgeist has 120 seconds left.\n|\n|t:|1699454461\n|move|p2a: Charizard|Overheat|p1a: Giggity|[miss]\n|-miss|p2a: Charizard|p1a: Giggity\n|move|p1a: Giggity|Recover|p1a: Giggity\n|-heal|p1a: Giggity|100\/100\n|\n|-weather|SunnyDay|[upkeep]\n|-damage|p2a: Charizard|13\/100|[from] ability: Solar Power|[of] p2a: Charizard\n|-heal|p2a: Charizard|19\/100|[from] item: Leftovers\n|-end|p2a: Charizard|move: Yawn|[silent]\n|-status|p2a: Charizard|slp\n|upkeep\n|turn|16\n|inactive|whydidyoukillgeist has 120 seconds left.\n|\n|t:|1699454474\n|cant|p2a: Charizard|slp\n|move|p1a: Giggity|Chilling Water|p2a: Charizard\n|-supereffective|p2a: Charizard\n|-damage|p2a: Charizard|6\/100 slp\n|-unboost|p2a: Charizard|atk|1\n|\n|-weather|SunnyDay|[upkeep]\n|-damage|p2a: Charizard|0 fnt|[from] ability: Solar Power|[of] p2a: Charizard\n|faint|p2a: Charizard\n|upkeep\n|\n|t:|1699454493\n|switch|p2a: Dragapult|Dragapult, M|100\/100\n|-damage|p2a: Dragapult|88\/100|[from] Stealth Rock\n|-status|p2a: Dragapult|tox\n|-damage|p2a: Dragapult|63\/100 tox|[from] Spikes\n|turn|17\n|\n|t:|1699454510\n|move|p2a: Dragapult|Draco Meteor|p1a: Giggity\n|-damage|p1a: Giggity|59\/100\n|-unboost|p2a: Dragapult|spa|2\n|move|p1a: Giggity|Chilling Water|p2a: Dragapult\n|-resisted|p2a: Dragapult\n|-damage|p2a: Dragapult|60\/100 tox\n|-unboost|p2a: Dragapult|atk|1\n|\n|-weather|none\n|-heal|p2a: Dragapult|66\/100 tox|[from] item: Leftovers\n|-damage|p2a: Dragapult|60\/100 tox|[from] psn\n|upkeep\n|turn|18\n|\n|t:|1699454524\n|move|p2a: Dragapult|Draco Meteor|p1a: Giggity\n|-damage|p1a: Giggity|19\/100\n|-unboost|p2a: Dragapult|spa|2\n|move|p1a: Giggity|Earthquake|p2a: Dragapult\n|-damage|p2a: Dragapult|28\/100 tox\n|\n|-heal|p2a: Dragapult|34\/100 tox|[from] item: Leftovers\n|-damage|p2a: Dragapult|22\/100 tox|[from] psn\n|upkeep\n|turn|19\n|\n|t:|1699454536\n|move|p2a: Dragapult|Draco Meteor|p1a: Giggity\n|-damage|p1a: Giggity|0 fnt\n|-unboost|p2a: Dragapult|spa|2\n|faint|p1a: Giggity\n|\n|-heal|p2a: Dragapult|28\/100 tox|[from] item: Leftovers\n|-damage|p2a: Dragapult|10\/100 tox|[from] psn\n|upkeep\n|\n|t:|1699454541\n|switch|p1a: Agency|Scizor, F, shiny|100\/100\n|turn|20\n|\n|t:|1699454548\n|move|p1a: Agency|Bullet Punch|p2a: Dragapult\n|-damage|p2a: Dragapult|0 fnt\n|faint|p2a: Dragapult\n|\n|upkeep\n|\n|t:|1699454556\n|switch|p2a: Ludicolo|Ludicolo, F|100\/100\n|-damage|p2a: Ludicolo|88\/100|[from] Stealth Rock\n|-status|p2a: Ludicolo|tox\n|-damage|p2a: Ludicolo|63\/100 tox|[from] Spikes\n|turn|21\n|\n|t:|1699454563\n|move|p2a: Ludicolo|Swords Dance|p2a: Ludicolo\n|-boost|p2a: Ludicolo|atk|2\n|move|p1a: Agency|Bug Bite|p2a: Ludicolo\n|-supereffective|p2a: Ludicolo\n|-damage|p2a: Ludicolo|0 fnt\n|replace|p2a: Zoroark|Zoroark, F\n|-end|p2a: Zoroark|Illusion\n|faint|p2a: Zoroark\n|\n|upkeep\n|\n|t:|1699454572\n|switch|p2a: Ludicolo|Ludicolo, F|100\/100\n|-damage|p2a: Ludicolo|88\/100|[from] Stealth Rock\n|-status|p2a: Ludicolo|tox\n|-damage|p2a: Ludicolo|63\/100 tox|[from] Spikes\n|turn|22\n|inactive|whydidyoukillgeist has 120 seconds left.\n|\n|t:|1699454579\n|move|p2a: Ludicolo|Leech Seed|p1a: Agency\n|-start|p1a: Agency|move: Leech Seed\n|move|p1a: Agency|Bug Bite|p2a: Ludicolo\n|-supereffective|p2a: Ludicolo\n|-damage|p2a: Ludicolo|0 fnt\n|faint|p2a: Ludicolo\n|\n|win|Fleetway730821\n|raw|Fleetway730821's rating: 1088 &rarr; <strong>1108<\/strong><br \/>(+20 for winning)\n|raw|whydidyoukillgeist's rating: 1000 &rarr; <strong>1000<\/strong><br \/>(+0 for losing)\n","uploadtime":1699454589,"views":12,"p1id":"fleetway730821","p2id":"whydidyoukillgeist","formatid":"gen9ubers","rating":1000,"private":0,"password":""}