{"id":"gen9ubers-1972111466","p1":"Laprasrules12","p2":"shadowofroserade04","format":"[Gen 9] Ubers","log":"|j|\u2606Laprasrules12\n|j|\u2606shadowofroserade04\n|t:|1697813772\n|gametype|singles\n|player|p1|Laprasrules12|lusamine-nihilego|\n|player|p2|shadowofroserade04|roxie|\n|teamsize|p1|6\n|teamsize|p2|6\n|gen|9\n|tier|[Gen 9] Ubers\n|rule|Sleep Clause Mod: Limit one foe put to sleep\n|rule|Species Clause: Limit one of each Pok\u00e9mon\n|rule|OHKO Clause: OHKO moves are banned\n|rule|Evasion Items Clause: Evasion items are banned\n|rule|Evasion Moves Clause: Evasion moves are banned\n|rule|Endless Battle Clause: Forcing endless battles is banned\n|rule|HP Percentage Mod: HP is shown in percentages\n|clearpoke\n|poke|p1|Arceus-Fighting|\n|poke|p1|Espathra, M|\n|poke|p1|Zacian-*|\n|poke|p1|Palkia-Origin|\n|poke|p1|Cyclizar, M|\n|poke|p1|Magearna-Original|\n|poke|p2|Dondozo, M|\n|poke|p2|Magearna|\n|poke|p2|Giratina|\n|poke|p2|Arceus-Dark|\n|poke|p2|Blissey, F|\n|poke|p2|Gliscor, M|\n|teampreview\n|inactive|Battle timer is ON: inactive players will automatically lose when time's up. (requested by Laprasrules12)\n|j| Jbonelovestraps\n|inactive|shadowofroserade04 has 270 seconds left.\n|\n|t:|1697813807\n|start\n|switch|p1a: Say Gex|Cyclizar, M, shiny|100\/100\n|switch|p2a: Gliscor|Gliscor, M|100\/100\n|turn|1\n|\n|t:|1697813815\n|move|p1a: Say Gex|Shed Tail|p1a: Say Gex\n|-start|p1a: Say Gex|Substitute|[from] move: Shed Tail\n|-damage|p1a: Say Gex|50\/100\n|\n|t:|1697813818\n|switch|p1a: Cleopatra|Espathra, M, shiny|100\/100|[from] Shed Tail\n|move|p2a: Gliscor|Toxic Spikes|p1a: Cleopatra\n|-sidestart|p1: Laprasrules12|move: Toxic Spikes\n|\n|-status|p2a: Gliscor|tox|[from] item: Toxic Orb\n|upkeep\n|turn|2\n|\n|t:|1697813823\n|switch|p2a: Arceus|Arceus-Dark|100\/100\n|move|p1a: Cleopatra|Calm Mind|p1a: Cleopatra\n|-boost|p1a: Cleopatra|spa|1\n|-boost|p1a: Cleopatra|spd|1\n|\n|-ability|p1a: Cleopatra|Speed Boost|boost\n|-boost|p1a: Cleopatra|spe|1\n|upkeep\n|turn|3\n|\n|t:|1697813827\n|move|p1a: Cleopatra|Calm Mind|p1a: Cleopatra\n|-boost|p1a: Cleopatra|spa|1\n|-boost|p1a: Cleopatra|spd|1\n|move|p2a: Arceus|Calm Mind|p2a: Arceus\n|-boost|p2a: Arceus|spa|1\n|-boost|p2a: Arceus|spd|1\n|\n|-ability|p1a: Cleopatra|Speed Boost|boost\n|-boost|p1a: Cleopatra|spe|1\n|upkeep\n|turn|4\n|\n|t:|1697813831\n|-terastallize|p1a: Cleopatra|Fighting\n|move|p1a: Cleopatra|Tera Blast|p2a: Arceus|[anim] Tera Blast Fighting\n|-supereffective|p2a: Arceus\n|-damage|p2a: Arceus|29\/100\n|move|p2a: Arceus|Calm Mind|p2a: Arceus\n|-boost|p2a: Arceus|spa|1\n|-boost|p2a: Arceus|spd|1\n|\n|-ability|p1a: Cleopatra|Speed Boost|boost\n|-boost|p1a: Cleopatra|spe|1\n|upkeep\n|turn|5\n|inactive|shadowofroserade04 has 270 seconds left.\n|c| Jbonelovestraps|GOD DAMN\n|c|\u2606shadowofroserade04|what is god to an emu\n|\n|t:|1697813883\n|switch|p2a: Giratina|Giratina|100\/100\n|-ability|p2a: Giratina|Pressure\n|move|p1a: Cleopatra|Tera Blast|p2a: Giratina|[anim] Tera Blast Fighting\n|-immune|p2a: Giratina\n|\n|-ability|p1a: Cleopatra|Speed Boost|boost\n|-boost|p1a: Cleopatra|spe|1\n|upkeep\n|turn|6\n|\n|t:|1697813887\n|move|p1a: Cleopatra|Stored Power|p2a: Giratina\n|-damage|p2a: Giratina|0 fnt\n|faint|p2a: Giratina\n|\n|-ability|p1a: Cleopatra|Speed Boost|boost\n|-boost|p1a: Cleopatra|spe|1\n|upkeep\n|c|\u2606shadowofroserade04|gg\n|c|\u2606Laprasrules12|GG\n|l| Jbonelovestraps\n|-message|shadowofroserade04 forfeited.\n|\n|win|Laprasrules12\n","uploadtime":1697813904,"views":20,"p1id":"laprasrules12","p2id":"shadowofroserade04","formatid":"gen9ubers","rating":0,"private":0,"password":""}