{"id":"gen9ubers-1971842949","p1":"1P1o1s1h1e1","p2":"VloneVictini","format":"[Gen 9] Ubers","log":"|j|\u26061P1o1s1h1e1\n|j|\u2606VloneVictini\n|t:|1697780006\n|gametype|singles\n|player|p1|1P1o1s1h1e1|hooligans|\n|player|p2|VloneVictini|170|\n|teamsize|p1|6\n|teamsize|p2|6\n|gen|9\n|tier|[Gen 9] Ubers\n|rule|Sleep Clause Mod: Limit one foe put to sleep\n|rule|Species Clause: Limit one of each Pok\u00e9mon\n|rule|OHKO Clause: OHKO moves are banned\n|rule|Evasion Items Clause: Evasion items are banned\n|rule|Evasion Moves Clause: Evasion moves are banned\n|rule|Endless Battle Clause: Forcing endless battles is banned\n|rule|HP Percentage Mod: HP is shown in percentages\n|clearpoke\n|poke|p1|Arceus-Dark|\n|poke|p1|Amoonguss, F|\n|poke|p1|Urshifu-*, F|\n|poke|p1|Chi-Yu|\n|poke|p1|Masquerain, F|\n|poke|p1|Gholdengo|\n|poke|p2|Shaymin-Sky|\n|poke|p2|Masquerain, F|\n|poke|p2|Gholdengo|\n|poke|p2|Urshifu-*, F|\n|poke|p2|Tatsugiri, M|\n|poke|p2|Zacian-*|\n|teampreview\n|\n|t:|1697780074\n|start\n|switch|p1a: Masquerain|Masquerain, F|100\/100\n|switch|p2a: Zacian|Zacian|100\/100\n|-ability|p2a: Zacian|Intrepid Sword|boost\n|-boost|p2a: Zacian|atk|1\n|-ability|p1a: Masquerain|Intimidate|boost\n|-unboost|p2a: Zacian|atk|1\n|turn|1\n|\n|t:|1697780109\n|move|p2a: Zacian|Play Rough|p1a: Masquerain\n|-damage|p1a: Masquerain|30\/100\n|move|p1a: Masquerain|Tailwind|p1a: Masquerain\n|-sidestart|p1: 1P1o1s1h1e1|move: Tailwind\n|\n|upkeep\n|turn|2\n|\n|t:|1697780125\n|move|p1a: Masquerain|Sticky Web|p2a: Zacian\n|-sidestart|p2: VloneVictini|move: Sticky Web\n|move|p2a: Zacian|Play Rough|p1a: Masquerain\n|-damage|p1a: Masquerain|0 fnt\n|faint|p1a: Masquerain\n|\n|upkeep\n|\n|t:|1697780142\n|switch|p1a: Gholdengo|Gholdengo|100\/100\n|-item|p1a: Gholdengo|Air Balloon\n|turn|3\n|\n|t:|1697780182\n|-terastallize|p2a: Zacian|Fire\n|move|p1a: Gholdengo|Make It Rain|p2a: Zacian\n|-resisted|p2a: Zacian\n|-damage|p2a: Zacian|73\/100\n|-unboost|p1a: Gholdengo|spa|1\n|move|p2a: Zacian|Swords Dance|p2a: Zacian\n|-boost|p2a: Zacian|atk|2\n|\n|upkeep\n|turn|4\n|\n|t:|1697780189\n|switch|p1a: Mono Guss|Amoonguss, F|100\/100\n|move|p2a: Zacian|Play Rough|p1a: Mono Guss\n|-resisted|p1a: Mono Guss\n|-damage|p1a: Mono Guss|65\/100\n|-enditem|p1a: Mono Guss|Red Card|[of] p2a: Zacian\n|drag|p2a: Tatsugiri|Tatsugiri, M|100\/100\n|\n|-sideend|p1: 1P1o1s1h1e1|move: Tailwind\n|upkeep\n|turn|5\n|\n|t:|1697780200\n|switch|p1a: Gholdengo|Gholdengo|100\/100\n|-item|p1a: Gholdengo|Air Balloon\n|move|p2a: Tatsugiri|Rapid Spin|p1a: Gholdengo\n|-immune|p1a: Gholdengo\n|\n|upkeep\n|turn|6\n|\n|t:|1697780209\n|move|p1a: Gholdengo|Nasty Plot|p1a: Gholdengo\n|-boost|p1a: Gholdengo|spa|2\n|move|p2a: Tatsugiri|Surf|p1a: Gholdengo\n|-damage|p1a: Gholdengo|46\/100\n|-enditem|p1a: Gholdengo|Air Balloon\n|\n|upkeep\n|turn|7\n|\n|t:|1697780246\n|move|p1a: Gholdengo|Dazzling Gleam|p2a: Tatsugiri\n|-supereffective|p2a: Tatsugiri\n|-damage|p2a: Tatsugiri|0 fnt\n|faint|p2a: Tatsugiri\n|\n|upkeep\n|\n|t:|1697780251\n|switch|p2a: Masquerain|Masquerain, F|100\/100\n|-ability|p2a: Masquerain|Intimidate|boost\n|-unboost|p1a: Gholdengo|atk|1\n|turn|8\n|\n|t:|1697780265\n|switch|p1a: Fine Black China|Arceus-Dark|100\/100\n|move|p2a: Masquerain|Sticky Web|p1a: Fine Black China\n|-sidestart|p1: 1P1o1s1h1e1|move: Sticky Web\n|\n|upkeep\n|turn|9\n|\n|t:|1697780288\n|switch|p2a: Urshifu|Urshifu, F|100\/100\n|-activate|p2a: Urshifu|move: Sticky Web\n|-unboost|p2a: Urshifu|spe|1\n|move|p1a: Fine Black China|Calm Mind|p1a: Fine Black China\n|-boost|p1a: Fine Black China|spa|1\n|-boost|p1a: Fine Black China|spd|1\n|\n|upkeep\n|turn|10\n|\n|t:|1697780382\n|switch|p1a: Mono Guss|Amoonguss, F|98\/100\n|-activate|p1a: Mono Guss|move: Sticky Web\n|-unboost|p1a: Mono Guss|spe|1\n|move|p2a: Urshifu|Close Combat|p1a: Mono Guss\n|-resisted|p1a: Mono Guss\n|-damage|p1a: Mono Guss|75\/100\n|-unboost|p2a: Urshifu|def|1\n|-unboost|p2a: Urshifu|spd|1\n|\n|upkeep\n|turn|11\n|\n|t:|1697780391\n|switch|p2a: Gholdengo|Gholdengo|100\/100\n|-activate|p2a: Gholdengo|move: Sticky Web\n|-unboost|p2a: Gholdengo|spe|1\n|move|p1a: Mono Guss|Spore|p2a: Gholdengo\n|-immune|p2a: Gholdengo|[from] ability: Good as Gold\n|\n|upkeep\n|turn|12\n|\n|t:|1697780431\n|move|p2a: Gholdengo|Thunder Wave|p1a: Mono Guss\n|-status|p1a: Mono Guss|par\n|move|p1a: Mono Guss|Stomping Tantrum|p2a: Gholdengo\n|-supereffective|p2a: Gholdengo\n|-damage|p2a: Gholdengo|60\/100\n|\n|-heal|p2a: Gholdengo|66\/100|[from] item: Leftovers\n|upkeep\n|turn|13\n|\n|t:|1697780448\n|switch|p1a: Chi-Yu|Chi-Yu|100\/100\n|-activate|p1a: Chi-Yu|move: Sticky Web\n|-unboost|p1a: Chi-Yu|spe|1\n|-ability|p1a: Chi-Yu|Beads of Ruin\n|move|p2a: Gholdengo|Recover|p2a: Gholdengo\n|-heal|p2a: Gholdengo|100\/100\n|\n|upkeep\n|turn|14\n|\n|t:|1697780464\n|move|p1a: Chi-Yu|Flamethrower|p2a: Gholdengo\n|-supereffective|p2a: Gholdengo\n|-damage|p2a: Gholdengo|0 fnt\n|faint|p2a: Gholdengo\n|\n|upkeep\n|\n|t:|1697780492\n|switch|p2a: Urshifu|Urshifu, F|100\/100\n|-activate|p2a: Urshifu|move: Sticky Web\n|-unboost|p2a: Urshifu|spe|1\n|turn|15\n|\n|t:|1697780497\n|move|p1a: Chi-Yu|Flamethrower|p2a: Urshifu\n|-enditem|p2a: Urshifu|Focus Sash\n|-damage|p2a: Urshifu|1\/100\n|move|p2a: Urshifu|Close Combat|p1a: Chi-Yu\n|-supereffective|p1a: Chi-Yu\n|-damage|p1a: Chi-Yu|0 fnt\n|-unboost|p2a: Urshifu|def|1\n|-unboost|p2a: Urshifu|spd|1\n|faint|p1a: Chi-Yu\n|\n|upkeep\n|\n|t:|1697780507\n|switch|p1a: Fine Black China|Arceus-Dark|100\/100\n|-activate|p1a: Fine Black China|move: Sticky Web\n|-unboost|p1a: Fine Black China|spe|1\n|turn|16\n|\n|t:|1697780510\n|move|p1a: Fine Black China|Judgment|p2a: Urshifu\n|-resisted|p2a: Urshifu\n|-damage|p2a: Urshifu|0 fnt\n|faint|p2a: Urshifu\n|\n|upkeep\n|\n|t:|1697780540\n|switch|p2a: Masquerain|Masquerain, F|100\/100\n|-ability|p2a: Masquerain|Intimidate|boost\n|-unboost|p1a: Fine Black China|atk|1\n|turn|17\n|\n|t:|1697780549\n|move|p2a: Masquerain|Pounce|p1a: Fine Black China\n|-supereffective|p1a: Fine Black China\n|-crit|p1a: Fine Black China\n|-damage|p1a: Fine Black China|79\/100\n|-unboost|p1a: Fine Black China|spe|1\n|move|p1a: Fine Black China|Calm Mind|p1a: Fine Black China\n|-boost|p1a: Fine Black China|spa|1\n|-boost|p1a: Fine Black China|spd|1\n|\n|upkeep\n|turn|18\n|\n|t:|1697780558\n|move|p2a: Masquerain|Stun Spore|p1a: Fine Black China\n|-status|p1a: Fine Black China|par\n|move|p1a: Fine Black China|Recover|p1a: Fine Black China\n|-heal|p1a: Fine Black China|100\/100 par\n|\n|upkeep\n|turn|19\n|\n|t:|1697780562\n|move|p2a: Masquerain|Pounce|p1a: Fine Black China\n|-supereffective|p1a: Fine Black China\n|-damage|p1a: Fine Black China|86\/100 par\n|-unboost|p1a: Fine Black China|spe|1\n|cant|p1a: Fine Black China|par\n|\n|upkeep\n|turn|20\n|\n|t:|1697780568\n|move|p2a: Masquerain|Pounce|p1a: Fine Black China\n|-supereffective|p1a: Fine Black China\n|-damage|p1a: Fine Black China|71\/100 par\n|-unboost|p1a: Fine Black China|spe|1\n|move|p1a: Fine Black China|Judgment|p2a: Masquerain\n|-crit|p2a: Masquerain\n|-enditem|p2a: Masquerain|Focus Sash\n|-damage|p2a: Masquerain|1\/100\n|\n|upkeep\n|turn|21\n|\n|t:|1697780580\n|move|p2a: Masquerain|Pounce|p1a: Fine Black China\n|-supereffective|p1a: Fine Black China\n|-damage|p1a: Fine Black China|57\/100 par\n|-unboost|p1a: Fine Black China|spe|1\n|move|p1a: Fine Black China|Calm Mind|p1a: Fine Black China\n|-boost|p1a: Fine Black China|spa|1\n|-boost|p1a: Fine Black China|spd|1\n|\n|upkeep\n|turn|22\n|\n|t:|1697780584\n|move|p2a: Masquerain|Pounce|p1a: Fine Black China\n|-supereffective|p1a: Fine Black China\n|-damage|p1a: Fine Black China|43\/100 par\n|-unboost|p1a: Fine Black China|spe|1\n|cant|p1a: Fine Black China|par\n|\n|upkeep\n|turn|23\n|\n|t:|1697780590\n|move|p2a: Masquerain|Pounce|p1a: Fine Black China\n|-supereffective|p1a: Fine Black China\n|-damage|p1a: Fine Black China|29\/100 par\n|move|p1a: Fine Black China|Recover|p1a: Fine Black China\n|-heal|p1a: Fine Black China|79\/100 par\n|\n|upkeep\n|turn|24\n|\n|t:|1697780597\n|move|p2a: Masquerain|Pounce|p1a: Fine Black China\n|-supereffective|p1a: Fine Black China\n|-damage|p1a: Fine Black China|65\/100 par\n|move|p1a: Fine Black China|Recover|p1a: Fine Black China\n|-heal|p1a: Fine Black China|100\/100 par\n|\n|upkeep\n|turn|25\n|\n|t:|1697780599\n|move|p2a: Masquerain|Pounce|p1a: Fine Black China\n|-supereffective|p1a: Fine Black China\n|-damage|p1a: Fine Black China|87\/100 par\n|move|p1a: Fine Black China|Judgment|p2a: Masquerain\n|-damage|p2a: Masquerain|0 fnt\n|faint|p2a: Masquerain\n|\n|upkeep\n|\n|t:|1697780614\n|switch|p2a: Zacian|Zacian, tera:Fire|73\/100\n|-activate|p2a: Zacian|move: Sticky Web\n|-unboost|p2a: Zacian|spe|1\n|turn|26\n|\n|t:|1697780623\n|-terastallize|p1a: Fine Black China|Ground\n|move|p2a: Zacian|Play Rough|p1a: Fine Black China\n|-crit|p1a: Fine Black China\n|-damage|p1a: Fine Black China|41\/100 par\n|move|p1a: Fine Black China|Judgment|p2a: Zacian\n|-damage|p2a: Zacian|0 fnt\n|faint|p2a: Zacian\n|\n|upkeep\n|\n|t:|1697780629\n|switch|p2a: Shaymin|Shaymin-Sky|100\/100\n|turn|27\n|\n|t:|1697780638\n|move|p2a: Shaymin|Air Slash|p1a: Fine Black China\n|-damage|p1a: Fine Black China|28\/100 par\n|cant|p1a: Fine Black China|flinch\n|\n|upkeep\n|turn|28\n|\n|t:|1697780643\n|move|p2a: Shaymin|Seed Flare|p1a: Fine Black China\n|-supereffective|p1a: Fine Black China\n|-damage|p1a: Fine Black China|0 fnt\n|faint|p1a: Fine Black China\n|\n|upkeep\n|\n|t:|1697780649\n|switch|p1a: Urshifu|Urshifu, F|100\/100\n|-activate|p1a: Urshifu|move: Sticky Web\n|-unboost|p1a: Urshifu|spe|1\n|turn|29\n|\n|t:|1697780678\n|move|p1a: Urshifu|Sucker Punch|p2a: Shaymin\n|-damage|p2a: Shaymin|53\/100\n|move|p2a: Shaymin|Air Slash|p1a: Urshifu\n|-supereffective|p1a: Urshifu\n|-crit|p1a: Urshifu\n|-damage|p1a: Urshifu|0 fnt\n|faint|p1a: Urshifu\n|\n|-heal|p2a: Shaymin|59\/100|[from] item: Leftovers\n|upkeep\n|\n|t:|1697780687\n|switch|p1a: Gholdengo|Gholdengo|46\/100\n|-activate|p1a: Gholdengo|move: Sticky Web\n|-unboost|p1a: Gholdengo|spe|1\n|turn|30\n|\n|t:|1697780690\n|move|p2a: Shaymin|Earth Power|p1a: Gholdengo\n|-supereffective|p1a: Gholdengo\n|-damage|p1a: Gholdengo|0 fnt\n|faint|p1a: Gholdengo\n|\n|-heal|p2a: Shaymin|65\/100|[from] item: Leftovers\n|upkeep\n|\n|t:|1697780693\n|switch|p1a: Mono Guss|Amoonguss, F|100\/100 par\n|-activate|p1a: Mono Guss|move: Sticky Web\n|-unboost|p1a: Mono Guss|spe|1\n|turn|31\n|\n|t:|1697780696\n|move|p2a: Shaymin|Air Slash|p1a: Mono Guss\n|-supereffective|p1a: Mono Guss\n|-damage|p1a: Mono Guss|31\/100 par\n|cant|p1a: Mono Guss|flinch\n|\n|-heal|p2a: Shaymin|71\/100|[from] item: Leftovers\n|upkeep\n|turn|32\n|\n|t:|1697780700\n|move|p2a: Shaymin|Air Slash|p1a: Mono Guss\n|-supereffective|p1a: Mono Guss\n|-damage|p1a: Mono Guss|0 fnt\n|faint|p1a: Mono Guss\n|\n|win|VloneVictini\n","uploadtime":1697780740,"views":14,"p1id":"1p1o1s1h1e1","p2id":"vlonevictini","formatid":"gen9ubers","rating":0,"private":0,"password":""}