{"id":"gen9ubers-1974352249","p1":"Vario 64\u2606\u5f61","p2":"NFE is a real tier","format":"[Gen 9] Ubers","log":"|j|\u2606Vario 64\u2606\u5f61\n|j|\u2606NFE is a real tier\n|t:|1698080168\n|gametype|singles\n|player|p1|Vario 64\u2606\u5f61|ghetsis|\n|player|p2|NFE is a real tier|hiker|\n|teamsize|p1|6\n|teamsize|p2|6\n|gen|9\n|tier|[Gen 9] Ubers\n|rule|Sleep Clause Mod: Limit one foe put to sleep\n|rule|Species Clause: Limit one of each Pok\u00e9mon\n|rule|OHKO Clause: OHKO moves are banned\n|rule|Evasion Items Clause: Evasion items are banned\n|rule|Evasion Moves Clause: Evasion moves are banned\n|rule|Endless Battle Clause: Forcing endless battles is banned\n|rule|HP Percentage Mod: HP is shown in percentages\n|clearpoke\n|poke|p1|Shaymin-Sky|\n|poke|p1|Arceus-Poison|\n|poke|p1|Palkia|\n|poke|p1|Magearna|\n|poke|p1|Zacian-*|\n|poke|p1|Volcarona, F|\n|poke|p2|Arceus-Fire|\n|poke|p2|Walking Wake|\n|poke|p2|Roaring Moon|\n|poke|p2|Torkoal, M|\n|poke|p2|Magearna|\n|poke|p2|Gholdengo|\n|teampreview\n|\n|t:|1698080198\n|start\n|switch|p1a: Sky is the Limit|Shaymin-Sky|100\/100\n|switch|p2a: the 2018 ELeague|Torkoal, M|100\/100\n|-weather|SunnyDay|[from] ability: Drought|[of] p2a: the 2018 ELeague\n|turn|1\n|\n|t:|1698080213\n|move|p1a: Sky is the Limit|Air Slash|p2a: the 2018 ELeague\n|-damage|p2a: the 2018 ELeague|66\/100\n|cant|p2a: the 2018 ELeague|flinch\n|\n|-weather|SunnyDay|[upkeep]\n|upkeep\n|turn|2\n|\n|t:|1698080222\n|switch|p1a: PaDonkaDonk|Palkia|100\/100\n|-ability|p1a: PaDonkaDonk|Pressure\n|switch|p2a: Boston Major|Magearna|100\/100\n|\n|-weather|SunnyDay|[upkeep]\n|upkeep\n|turn|3\n|\n|t:|1698080230\n|move|p1a: PaDonkaDonk|Fire Blast|p2a: Boston Major\n|-supereffective|p2a: Boston Major\n|-damage|p2a: Boston Major|0 fnt\n|faint|p2a: Boston Major\n|\n|-weather|SunnyDay|[upkeep]\n|upkeep\n|\n|t:|1698080265\n|switch|p2a: Faze Clan blew a|Arceus-Fire|100\/100\n|turn|4\n|\n|t:|1698080276\n|move|p2a: Faze Clan blew a|Dragon Dance|p2a: Faze Clan blew a\n|-boost|p2a: Faze Clan blew a|atk|1\n|-boost|p2a: Faze Clan blew a|spe|1\n|move|p1a: PaDonkaDonk|Spacial Rend|p2a: Faze Clan blew a\n|-damage|p2a: Faze Clan blew a|54\/100\n|\n|-weather|SunnyDay|[upkeep]\n|upkeep\n|turn|5\n|\n|t:|1698080286\n|move|p2a: Faze Clan blew a|Recover|p2a: Faze Clan blew a\n|-heal|p2a: Faze Clan blew a|100\/100\n|move|p1a: PaDonkaDonk|Hydro Pump|p2a: Faze Clan blew a\n|-supereffective|p2a: Faze Clan blew a\n|-damage|p2a: Faze Clan blew a|50\/100\n|\n|-weather|SunnyDay|[upkeep]\n|upkeep\n|turn|6\n|\n|t:|1698080307\n|move|p1a: PaDonkaDonk|Spacial Rend|p2a: Faze Clan blew a\n|-damage|p2a: Faze Clan blew a|3\/100\n|move|p2a: Faze Clan blew a|Dragon Tail|p1a: PaDonkaDonk|[miss]\n|-miss|p2a: Faze Clan blew a|p1a: PaDonkaDonk\n|\n|-weather|SunnyDay|[upkeep]\n|upkeep\n|turn|7\n|\n|t:|1698080321\n|move|p2a: Faze Clan blew a|Recover|p2a: Faze Clan blew a\n|-heal|p2a: Faze Clan blew a|53\/100\n|move|p1a: PaDonkaDonk|Spacial Rend|p2a: Faze Clan blew a\n|-damage|p2a: Faze Clan blew a|10\/100\n|\n|-weather|SunnyDay|[upkeep]\n|upkeep\n|turn|8\n|\n|t:|1698080332\n|switch|p2a: against Cloud9|Gholdengo|100\/100\n|move|p1a: PaDonkaDonk|Spacial Rend|p2a: against Cloud9\n|-resisted|p2a: against Cloud9\n|-damage|p2a: against Cloud9|67\/100\n|\n|-weather|none\n|-heal|p2a: against Cloud9|73\/100|[from] item: Leftovers\n|upkeep\n|turn|9\n|\n|t:|1698080339\n|move|p1a: PaDonkaDonk|Hydro Pump|p2a: against Cloud9\n|-damage|p2a: against Cloud9|8\/100\n|move|p2a: against Cloud9|Thunder Wave|p1a: PaDonkaDonk\n|-status|p1a: PaDonkaDonk|par\n|\n|-heal|p2a: against Cloud9|14\/100|[from] item: Leftovers\n|upkeep\n|turn|10\n|\n|t:|1698080361\n|switch|p2a: the grandfinals of|Roaring Moon|100\/100\n|move|p1a: PaDonkaDonk|Fire Blast|p2a: the grandfinals of\n|-resisted|p2a: the grandfinals of\n|-damage|p2a: the grandfinals of|85\/100\n|\n|-heal|p2a: the grandfinals of|91\/100|[from] item: Leftovers\n|upkeep\n|turn|11\n|\n|t:|1698080374\n|switch|p1a: HeroFromThePast|Zacian|100\/100\n|-ability|p1a: HeroFromThePast|Intrepid Sword|boost\n|-boost|p1a: HeroFromThePast|atk|1\n|move|p2a: the grandfinals of|Knock Off|p1a: HeroFromThePast\n|-resisted|p1a: HeroFromThePast\n|-crit|p1a: HeroFromThePast\n|-damage|p1a: HeroFromThePast|68\/100\n|-enditem|p1a: HeroFromThePast|Choice Band|[from] move: Knock Off|[of] p2a: the grandfinals of\n|\n|-heal|p2a: the grandfinals of|97\/100|[from] item: Leftovers\n|upkeep\n|turn|12\n|\n|t:|1698080383\n|-end|p2a: the grandfinals of|Protosynthesis|[silent]\n|switch|p2a: the 2018 ELeague|Torkoal, M|66\/100\n|-weather|SunnyDay|[from] ability: Drought|[of] p2a: the 2018 ELeague\n|move|p1a: HeroFromThePast|Play Rough|p2a: the 2018 ELeague\n|-resisted|p2a: the 2018 ELeague\n|-damage|p2a: the 2018 ELeague|40\/100\n|\n|-weather|SunnyDay|[upkeep]\n|upkeep\n|turn|13\n|\n|t:|1698080394\n|move|p1a: HeroFromThePast|Close Combat|p2a: the 2018 ELeague\n|-damage|p2a: the 2018 ELeague|0 fnt\n|-unboost|p1a: HeroFromThePast|def|1\n|-unboost|p1a: HeroFromThePast|spd|1\n|faint|p2a: the 2018 ELeague\n|\n|-weather|SunnyDay|[upkeep]\n|upkeep\n|l|\u2606Vario 64\u2606\u5f61\n|player|p1|\n|\n|t:|1698080433\n|switch|p2a: 15-11 lead during|Walking Wake|100\/100\n|-activate|p2a: 15-11 lead during|ability: Protosynthesis\n|-start|p2a: 15-11 lead during|protosynthesisdef\n|turn|14\n|j|\u2606Vario 64\u2606\u5f61\n|player|p1|Vario 64\u2606\u5f61|ghetsis\n|\n|t:|1698080463\n|-terastallize|p1a: HeroFromThePast|Fairy\n|-terastallize|p2a: 15-11 lead during|Poison\n|move|p1a: HeroFromThePast|Play Rough|p2a: 15-11 lead during\n|-resisted|p2a: 15-11 lead during\n|-damage|p2a: 15-11 lead during|80\/100\n|move|p2a: 15-11 lead during|Scald|p1a: HeroFromThePast\n|-damage|p1a: HeroFromThePast|46\/100\n|\n|-weather|SunnyDay|[upkeep]\n|-heal|p2a: 15-11 lead during|86\/100|[from] item: Leftovers\n|upkeep\n|turn|15\n|\n|t:|1698080479\n|move|p1a: HeroFromThePast|Psychic Fangs|p2a: 15-11 lead during\n|-supereffective|p2a: 15-11 lead during\n|-damage|p2a: 15-11 lead during|42\/100\n|move|p2a: 15-11 lead during|Scald|p1a: HeroFromThePast\n|-damage|p1a: HeroFromThePast|23\/100\n|-status|p1a: HeroFromThePast|brn\n|\n|-weather|SunnyDay|[upkeep]\n|-heal|p2a: 15-11 lead during|48\/100|[from] item: Leftovers\n|-damage|p1a: HeroFromThePast|17\/100 brn|[from] brn\n|upkeep\n|turn|16\n|\n|t:|1698080489\n|switch|p1a: Sky is the Limit|Shaymin-Sky|100\/100\n|move|p2a: 15-11 lead during|Rest|p2a: 15-11 lead during\n|-status|p2a: 15-11 lead during|slp|[from] move: Rest\n|-heal|p2a: 15-11 lead during|100\/100 slp|[silent]\n|\n|-weather|SunnyDay|[upkeep]\n|upkeep\n|turn|17\n|\n|t:|1698080495\n|move|p1a: Sky is the Limit|Substitute|p1a: Sky is the Limit\n|-start|p1a: Sky is the Limit|Substitute\n|-damage|p1a: Sky is the Limit|76\/100\n|cant|p2a: 15-11 lead during|slp\n|move|p2a: 15-11 lead during|Sleep Talk|p2a: 15-11 lead during\n|move|p2a: 15-11 lead during|Scald|p1a: Sky is the Limit|[from]move: Sleep Talk\n|-resisted|p1a: Sky is the Limit\n|-activate|p1a: Sky is the Limit|move: Substitute|[damage]\n|\n|-weather|SunnyDay|[upkeep]\n|-heal|p1a: Sky is the Limit|82\/100|[from] item: Leftovers\n|upkeep\n|turn|18\n|\n|t:|1698080504\n|move|p1a: Sky is the Limit|Leech Seed|p2a: 15-11 lead during\n|-start|p2a: 15-11 lead during|move: Leech Seed\n|cant|p2a: 15-11 lead during|slp\n|move|p2a: 15-11 lead during|Sleep Talk|p2a: 15-11 lead during\n|move|p2a: 15-11 lead during|Dragon Tail|p1a: Sky is the Limit|[from]move: Sleep Talk\n|-end|p1a: Sky is the Limit|Substitute\n|\n|-weather|SunnyDay|[upkeep]\n|-heal|p1a: Sky is the Limit|88\/100|[from] item: Leftovers\n|-damage|p2a: 15-11 lead during|88\/100 slp|[from] Leech Seed|[of] p1a: Sky is the Limit\n|-heal|p1a: Sky is the Limit|100\/100|[silent]\n|upkeep\n|turn|19\n|\n|t:|1698080509\n|-end|p2a: 15-11 lead during|Protosynthesis|[silent]\n|switch|p2a: the grandfinals of|Roaring Moon|97\/100\n|-activate|p2a: the grandfinals of|ability: Protosynthesis\n|-start|p2a: the grandfinals of|protosynthesisspd\n|move|p1a: Sky is the Limit|Air Slash|p2a: the grandfinals of\n|-crit|p2a: the grandfinals of\n|-damage|p2a: the grandfinals of|69\/100\n|\n|-weather|none\n|-end|p2a: the grandfinals of|Protosynthesis\n|-heal|p2a: the grandfinals of|75\/100|[from] item: Leftovers\n|upkeep\n|turn|20\n|\n|t:|1698080516\n|move|p1a: Sky is the Limit|Air Slash|p2a: the grandfinals of\n|-damage|p2a: the grandfinals of|53\/100\n|cant|p2a: the grandfinals of|flinch\n|\n|-heal|p2a: the grandfinals of|59\/100|[from] item: Leftovers\n|upkeep\n|turn|21\n|\n|t:|1698080519\n|move|p1a: Sky is the Limit|Leech Seed|p2a: the grandfinals of|[miss]\n|-miss|p1a: Sky is the Limit|p2a: the grandfinals of\n|move|p2a: the grandfinals of|Taunt|p1a: Sky is the Limit\n|-start|p1a: Sky is the Limit|move: Taunt\n|\n|-heal|p2a: the grandfinals of|65\/100|[from] item: Leftovers\n|upkeep\n|turn|22\n|\n|t:|1698080524\n|switch|p1a: HeroFromThePast|Zacian, tera:Fairy|17\/100 brn\n|move|p2a: the grandfinals of|Knock Off|p1a: HeroFromThePast\n|-resisted|p1a: HeroFromThePast\n|-damage|p1a: HeroFromThePast|2\/100 brn\n|\n|-heal|p2a: the grandfinals of|71\/100|[from] item: Leftovers\n|-damage|p1a: HeroFromThePast|0 fnt|[from] brn\n|faint|p1a: HeroFromThePast\n|upkeep\n|\n|t:|1698080533\n|switch|p1a: PaDonkaDonk|Palkia|100\/100 par\n|-ability|p1a: PaDonkaDonk|Pressure\n|turn|23\n|\n|t:|1698080539\n|move|p2a: the grandfinals of|Knock Off|p1a: PaDonkaDonk\n|-damage|p1a: PaDonkaDonk|62\/100 par\n|-enditem|p1a: PaDonkaDonk|Assault Vest|[from] move: Knock Off|[of] p2a: the grandfinals of\n|move|p1a: PaDonkaDonk|Spacial Rend|p2a: the grandfinals of\n|-supereffective|p2a: the grandfinals of\n|-damage|p2a: the grandfinals of|0 fnt\n|faint|p2a: the grandfinals of\n|-end|p2a: the grandfinals of|Protosynthesis|[silent]\n|\n|upkeep\n|\n|t:|1698080558\n|switch|p2a: 15-11 lead during|Walking Wake, tera:Poison|88\/100 slp\n|turn|24\n|\n|t:|1698080564\n|switch|p1a: GoGoGadget|Magearna|100\/100\n|-curestatus|p2a: 15-11 lead during|slp|[msg]\n|move|p2a: 15-11 lead during|Dragon Tail|p1a: GoGoGadget\n|-immune|p1a: GoGoGadget\n|\n|-heal|p2a: 15-11 lead during|94\/100|[from] item: Leftovers\n|upkeep\n|turn|25\n|\n|t:|1698080569\n|move|p2a: 15-11 lead during|Scald|p1a: GoGoGadget\n|-damage|p1a: GoGoGadget|75\/100\n|move|p1a: GoGoGadget|Volt Switch|p2a: 15-11 lead during\n|-damage|p2a: 15-11 lead during|70\/100\n|\n|t:|1698080574\n|switch|p1a: Sun of God|Volcarona, F|100\/100|[from] Volt Switch\n|\n|-heal|p2a: 15-11 lead during|76\/100|[from] item: Leftovers\n|upkeep\n|turn|26\n|\n|t:|1698080576\n|move|p1a: Sun of God|Quiver Dance|p1a: Sun of God\n|-boost|p1a: Sun of God|spa|1\n|-boost|p1a: Sun of God|spd|1\n|-boost|p1a: Sun of God|spe|1\n|move|p2a: 15-11 lead during|Scald|p1a: Sun of God\n|-supereffective|p1a: Sun of God\n|-damage|p1a: Sun of God|54\/100\n|\n|-heal|p2a: 15-11 lead during|83\/100|[from] item: Leftovers\n|upkeep\n|turn|27\n|\n|t:|1698080584\n|move|p1a: Sun of God|Psychic|p2a: 15-11 lead during\n|-supereffective|p2a: 15-11 lead during\n|-damage|p2a: 15-11 lead during|0 fnt\n|faint|p2a: 15-11 lead during\n|-end|p2a: 15-11 lead during|Protosynthesis|[silent]\n|\n|upkeep\n|\n|t:|1698080589\n|switch|p2a: against Cloud9|Gholdengo|14\/100\n|turn|28\n|c|\u2606NFE is a real tier|gg\n|\n|t:|1698080595\n|move|p1a: Sun of God|Psychic|p2a: against Cloud9\n|-resisted|p2a: against Cloud9\n|-damage|p2a: against Cloud9|0 fnt\n|faint|p2a: against Cloud9\n|\n|upkeep\n|\n|t:|1698080597\n|switch|p2a: Faze Clan blew a|Arceus-Fire|10\/100\n|turn|29\n|\n|t:|1698080599\n|move|p1a: Sun of God|Psychic|p2a: Faze Clan blew a\n|-damage|p2a: Faze Clan blew a|0 fnt\n|faint|p2a: Faze Clan blew a\n|\n|win|Vario 64\u2606\u5f61\n|c|\u2606Vario 64\u2606\u5f61|Gg\n","uploadtime":1698080609,"views":46,"p1id":"vario64","p2id":"nfeisarealtier","formatid":"gen9ubers","rating":0,"private":0,"password":""}