{"id":"gen9ubers-1993226084","p1":"Ampharoside","p2":"david nutter","format":"[Gen 9] Ubers","log":"|j|\u2606Ampharoside\n|j|\u2606david nutter\n|t:|1700280638\n|gametype|singles\n|player|p1|Ampharoside|265|\n|player|p2|david nutter|red|\n|teamsize|p1|6\n|teamsize|p2|6\n|gen|9\n|tier|[Gen 9] Ubers\n|rule|Sleep Clause Mod: Limit one foe put to sleep\n|rule|Species Clause: Limit one of each Pok\u00e9mon\n|rule|OHKO Clause: OHKO moves are banned\n|rule|Evasion Items Clause: Evasion items are banned\n|rule|Evasion Moves Clause: Evasion moves are banned\n|rule|Endless Battle Clause: Forcing endless battles is banned\n|rule|HP Percentage Mod: HP is shown in percentages\n|clearpoke\n|poke|p1|Slowking-Galar, M|\n|poke|p1|Baxcalibur, F|\n|poke|p1|Crocalor, M|\n|poke|p1|Enamorus-Therian, F|\n|poke|p1|Sandslash-Alola, F|\n|poke|p1|Quaquaval, M|\n|poke|p2|Ursaluna-Bloodmoon, M|\n|poke|p2|Ninetales-Alola, F|\n|poke|p2|Magneton|\n|poke|p2|Azelf|\n|poke|p2|Brambleghast, M|\n|poke|p2|Cetitan, M|\n|teampreview\n|j| BPLD\n|\n|t:|1700280702\n|start\n|switch|p1a: Slowking|Slowking-Galar, M|100\/100\n|switch|p2a: Magneton|Magneton|100\/100\n|turn|1\n|\n|t:|1700280720\n|move|p2a: Magneton|Volt Switch|p1a: Slowking\n|-damage|p1a: Slowking|74\/100\n|\n|t:|1700280728\n|switch|p2a: Brambleghast|Brambleghast, M|100\/100|[from] Volt Switch\n|move|p1a: Slowking|Chilly Reception|p1a: Slowking\n|-weather|Snow\n|\n|t:|1700280738\n|switch|p1a: Sandslash|Sandslash-Alola, F|100\/100|[from] Chilly Reception\n|\n|-weather|Snow|[upkeep]\n|upkeep\n|turn|2\n|\n|t:|1700280755\n|switch|p1a: Slowking|Slowking-Galar, M|100\/100\n|switch|p2a: Magneton|Magneton|100\/100\n|\n|-weather|Snow|[upkeep]\n|upkeep\n|turn|3\n|j| Ace_T_24\n|\n|t:|1700280778\n|move|p2a: Magneton|Thunderbolt|p1a: Slowking\n|-damage|p1a: Slowking|65\/100\n|move|p1a: Slowking|Toxic|p2a: Magneton\n|-immune|p2a: Magneton\n|\n|-weather|Snow|[upkeep]\n|upkeep\n|turn|4\n|\n|t:|1700280786\n|move|p2a: Magneton|Thunderbolt|p1a: Slowking\n|-damage|p1a: Slowking|28\/100\n|move|p1a: Slowking|Slack Off|p1a: Slowking\n|-heal|p1a: Slowking|78\/100\n|\n|-weather|Snow|[upkeep]\n|upkeep\n|turn|5\n|\n|t:|1700280793\n|switch|p2a: Brambleghast|Brambleghast, M|100\/100\n|move|p1a: Slowking|Chilly Reception|p1a: Slowking\n|\n|t:|1700280801\n|switch|p1a: Crocalor|Crocalor, M|100\/100|[from] Chilly Reception\n|\n|-weather|none\n|upkeep\n|turn|6\n|j| PorygonTheBot\n|c| PorygonTheBot|glhf :)\n|\n|t:|1700280812\n|switch|p2a: Azelf|Azelf|100\/100\n|move|p1a: Crocalor|Will-O-Wisp|p2a: Azelf\n|-status|p2a: Azelf|brn\n|\n|-damage|p2a: Azelf|94\/100 brn|[from] brn\n|upkeep\n|turn|7\n|j| Seior\n|\n|t:|1700280820\n|move|p2a: Azelf|Stealth Rock|p1a: Crocalor\n|-sidestart|p1: Ampharoside|move: Stealth Rock\n|move|p1a: Crocalor|Roar|p2a: Azelf\n|drag|p2a: Ninetales|Ninetales-Alola, F, shiny|100\/100\n|-weather|Snow|[from] ability: Snow Warning|[of] p2a: Ninetales\n|\n|-weather|Snow|[upkeep]\n|upkeep\n|turn|8\n|\n|t:|1700280825\n|move|p2a: Ninetales|Encore|p1a: Crocalor\n|-start|p1a: Crocalor|Encore\n|move|p1a: Crocalor|Roar|p2a: Ninetales\n|drag|p2a: Magneton|Magneton|100\/100\n|\n|-weather|Snow|[upkeep]\n|upkeep\n|turn|9\n|\n|t:|1700280831\n|switch|p1a: Slowking|Slowking-Galar, M|100\/100\n|-damage|p1a: Slowking|88\/100|[from] Stealth Rock\n|move|p2a: Magneton|Volt Switch|p1a: Slowking\n|-damage|p1a: Slowking|50\/100\n|\n|t:|1700280847\n|switch|p2a: Ursaluna|Ursaluna-Bloodmoon, M|100\/100|[from] Volt Switch\n|\n|-weather|Snow|[upkeep]\n|upkeep\n|turn|10\n|\n|t:|1700280896\n|switch|p1a: Enamorus|Enamorus-Therian, F|100\/100\n|-damage|p1a: Enamorus|76\/100|[from] Stealth Rock\n|move|p2a: Ursaluna|Earth Power|p1a: Enamorus\n|-immune|p1a: Enamorus\n|\n|-weather|Snow|[upkeep]\n|upkeep\n|turn|11\n|\n|t:|1700280923\n|switch|p2a: Azelf|Azelf|94\/100 brn\n|move|p1a: Enamorus|Earth Power|p2a: Azelf\n|-immune|p2a: Azelf|[from] ability: Levitate\n|\n|-weather|none\n|-heal|p2a: Azelf|100\/100 brn|[from] item: Leftovers\n|-damage|p2a: Azelf|94\/100 brn|[from] brn\n|upkeep\n|turn|12\n|\n|t:|1700280931\n|move|p2a: Azelf|Thunder Wave|p1a: Enamorus\n|-status|p1a: Enamorus|par\n|cant|p1a: Enamorus|par\n|\n|-heal|p2a: Azelf|100\/100 brn|[from] item: Leftovers\n|-damage|p2a: Azelf|94\/100 brn|[from] brn\n|upkeep\n|turn|13\n|\n|t:|1700280938\n|move|p2a: Azelf|Mystical Power|p1a: Enamorus\n|-crit|p1a: Enamorus\n|-damage|p1a: Enamorus|23\/100 par\n|-boost|p2a: Azelf|spa|1\n|move|p1a: Enamorus|Moonblast|p2a: Azelf\n|-damage|p2a: Azelf|22\/100 brn\n|-unboost|p2a: Azelf|spa|1\n|-damage|p1a: Enamorus|13\/100 par|[from] item: Life Orb\n|\n|-heal|p2a: Azelf|28\/100 brn|[from] item: Leftovers\n|-damage|p2a: Azelf|22\/100 brn|[from] brn\n|upkeep\n|turn|14\n|c|\u2606david nutter|sorry :\/\n|\n|t:|1700280951\n|move|p2a: Azelf|Mystical Power|p1a: Enamorus\n|-damage|p1a: Enamorus|0 fnt\n|-boost|p2a: Azelf|spa|1\n|faint|p1a: Enamorus\n|\n|-heal|p2a: Azelf|28\/100 brn|[from] item: Leftovers\n|-damage|p2a: Azelf|22\/100 brn|[from] brn\n|upkeep\n|c| Seior|ur not\n|\n|t:|1700280960\n|switch|p1a: Slowking|Slowking-Galar, M|83\/100\n|-damage|p1a: Slowking|70\/100|[from] Stealth Rock\n|turn|15\n|\n|t:|1700280970\n|move|p2a: Azelf|Mystical Power|p1a: Slowking|[miss]\n|-miss|p2a: Azelf|p1a: Slowking\n|move|p1a: Slowking|Future Sight|p2a: Azelf\n|-start|p1a: Slowking|move: Future Sight\n|\n|-heal|p2a: Azelf|28\/100 brn|[from] item: Leftovers\n|-damage|p2a: Azelf|22\/100 brn|[from] brn\n|upkeep\n|turn|16\n|\n|t:|1700280980\n|move|p2a: Azelf|Thunder Wave|p1a: Slowking\n|-status|p1a: Slowking|par\n|move|p1a: Slowking|Chilly Reception|p1a: Slowking\n|-weather|Snow\n|\n|t:|1700280983\n|switch|p1a: Sandslash|Sandslash-Alola, F|100\/100|[from] Chilly Reception\n|-damage|p1a: Sandslash|88\/100|[from] Stealth Rock\n|\n|-weather|Snow|[upkeep]\n|-heal|p2a: Azelf|28\/100 brn|[from] item: Leftovers\n|-damage|p2a: Azelf|22\/100 brn|[from] brn\n|upkeep\n|turn|17\n|\n|t:|1700280993\n|move|p1a: Sandslash|Iron Head|p2a: Azelf\n|-damage|p2a: Azelf|0 fnt\n|faint|p2a: Azelf\n|-damage|p1a: Sandslash|78\/100|[from] item: Life Orb\n|\n|-weather|Snow|[upkeep]\n|-hint|Future Sight did not hit because the target is fainted.\n|upkeep\n|\n|t:|1700281018\n|switch|p2a: Ursaluna|Ursaluna-Bloodmoon, M|100\/100\n|turn|18\n|\n|t:|1700281025\n|move|p2a: Ursaluna|Vacuum Wave|p1a: Sandslash\n|-supereffective|p1a: Sandslash\n|-damage|p1a: Sandslash|0 fnt\n|faint|p1a: Sandslash\n|\n|-weather|Snow|[upkeep]\n|upkeep\n|j| Kman102\n|\n|t:|1700281046\n|switch|p1a: Baxcalibur|Baxcalibur, F|100\/100\n|-damage|p1a: Baxcalibur|76\/100|[from] Stealth Rock\n|turn|19\n|\n|t:|1700281054\n|move|p1a: Baxcalibur|Icicle Spear|p2a: Ursaluna\n|-supereffective|p2a: Ursaluna\n|-enditem|p2a: Ursaluna|Yache Berry|[eat]\n|-enditem|p2a: Ursaluna|Yache Berry|[weaken]\n|-damage|p2a: Ursaluna|90\/100\n|-supereffective|p2a: Ursaluna\n|-damage|p2a: Ursaluna|70\/100\n|-supereffective|p2a: Ursaluna\n|-damage|p2a: Ursaluna|49\/100\n|-supereffective|p2a: Ursaluna\n|-damage|p2a: Ursaluna|31\/100\n|-supereffective|p2a: Ursaluna\n|-damage|p2a: Ursaluna|12\/100\n|-hitcount|p2a: Ursaluna|5\n|move|p2a: Ursaluna|Blood Moon|p1a: Baxcalibur\n|-damage|p1a: Baxcalibur|0 fnt\n|faint|p1a: Baxcalibur\n|\n|-weather|Snow|[upkeep]\n|upkeep\n|c|\u2606david nutter|fawk\n|\n|t:|1700281060\n|switch|p1a: Quaquaval|Quaquaval, M|100\/100\n|-damage|p1a: Quaquaval|95\/100|[from] Stealth Rock\n|turn|20\n|\n|t:|1700281081\n|switch|p2a: Brambleghast|Brambleghast, M|100\/100\n|move|p1a: Quaquaval|Bulk Up|p1a: Quaquaval\n|-boost|p1a: Quaquaval|atk|1\n|-boost|p1a: Quaquaval|def|1\n|\n|-weather|none\n|-heal|p1a: Quaquaval|100\/100|[from] item: Leftovers\n|upkeep\n|turn|21\n|\n|t:|1700281089\n|move|p2a: Brambleghast|Power Whip|p1a: Quaquaval\n|-supereffective|p1a: Quaquaval\n|-damage|p1a: Quaquaval|11\/100\n|move|p1a: Quaquaval|Aqua Step|p2a: Brambleghast\n|-resisted|p2a: Brambleghast\n|-damage|p2a: Brambleghast|51\/100\n|-boost|p1a: Quaquaval|spe|1\n|\n|-heal|p1a: Quaquaval|17\/100|[from] item: Leftovers\n|upkeep\n|turn|22\n|\n|t:|1700281098\n|move|p2a: Brambleghast|Shadow Sneak|p1a: Quaquaval\n|-damage|p1a: Quaquaval|0 fnt\n|faint|p1a: Quaquaval\n|\n|upkeep\n|\n|t:|1700281101\n|switch|p1a: Crocalor|Crocalor, M|100\/100\n|-damage|p1a: Crocalor|76\/100|[from] Stealth Rock\n|turn|23\n|\n|t:|1700281113\n|switch|p2a: Ninetales|Ninetales-Alola, F, shiny|100\/100\n|-weather|Snow|[from] ability: Snow Warning|[of] p2a: Ninetales\n|move|p1a: Crocalor|Flamethrower|p2a: Ninetales\n|-supereffective|p2a: Ninetales\n|-damage|p2a: Ninetales|47\/100\n|\n|-weather|Snow|[upkeep]\n|upkeep\n|turn|24\n|\n|t:|1700281118\n|move|p2a: Ninetales|Aurora Veil|p2a: Ninetales\n|-sidestart|p2: david nutter|move: Aurora Veil\n|move|p1a: Crocalor|Flamethrower|p2a: Ninetales\n|-supereffective|p2a: Ninetales\n|-damage|p2a: Ninetales|20\/100\n|\n|-weather|Snow|[upkeep]\n|upkeep\n|turn|25\n|\n|t:|1700281129\n|switch|p2a: Cetitan|Cetitan, M|100\/100\n|move|p1a: Crocalor|Flamethrower|p2a: Cetitan\n|-supereffective|p2a: Cetitan\n|-damage|p2a: Cetitan|68\/100\n|\n|-weather|Snow|[upkeep]\n|upkeep\n|turn|26\n|\n|t:|1700281133\n|move|p2a: Cetitan|Earthquake|p1a: Crocalor\n|-supereffective|p1a: Crocalor\n|-damage|p1a: Crocalor|26\/100\n|move|p1a: Crocalor|Roar|p2a: Cetitan\n|drag|p2a: Brambleghast|Brambleghast, M|51\/100\n|\n|-weather|Snow|[upkeep]\n|upkeep\n|turn|27\n|\n|t:|1700281142\n|move|p2a: Brambleghast|Poltergeist|p1a: Crocalor\n|-activate|p1a: Crocalor|move: Poltergeist|Eviolite\n|-damage|p1a: Crocalor|0 fnt\n|faint|p1a: Crocalor\n|\n|-weather|none\n|upkeep\n|\n|t:|1700281145\n|switch|p1a: Slowking|Slowking-Galar, M|100\/100 par\n|-damage|p1a: Slowking|88\/100 par|[from] Stealth Rock\n|turn|28\n|c|\u2606Ampharoside|look at this tech\n|\n|t:|1700281153\n|-terastallize|p2a: Brambleghast|Water\n|move|p2a: Brambleghast|Poltergeist||[still]\n|-fail|p2a: Brambleghast\n|move|p1a: Slowking|Toxic|p2a: Brambleghast\n|-status|p2a: Brambleghast|tox\n|\n|-damage|p2a: Brambleghast|45\/100 tox|[from] psn\n|upkeep\n|turn|29\n|c|\u2606david nutter|ur nice\n|c|\u2606Ampharoside|gg\n|c|\u2606david nutter|lol gg\n|\n|t:|1700281175\n|switch|p2a: Ninetales|Ninetales-Alola, F, shiny|20\/100\n|-weather|Snow|[from] ability: Snow Warning|[of] p2a: Ninetales\n|cant|p1a: Slowking|par\n|\n|-weather|Snow|[upkeep]\n|upkeep\n|turn|30\n|\n|t:|1700281179\n|move|p2a: Ninetales|Encore|p1a: Slowking\n|-start|p1a: Slowking|Encore\n|move|p1a: Slowking|Toxic|p2a: Ninetales\n|-status|p2a: Ninetales|tox\n|\n|-weather|Snow|[upkeep]\n|-damage|p2a: Ninetales|14\/100 tox|[from] psn\n|upkeep\n|turn|31\n|\n|t:|1700281186\n|switch|p2a: Magneton|Magneton|100\/100\n|move|p1a: Slowking|Toxic|p2a: Magneton\n|-immune|p2a: Magneton\n|\n|-weather|Snow|[upkeep]\n|-sideend|p2: david nutter|move: Aurora Veil\n|upkeep\n|turn|32\n|\n|t:|1700281188\n|move|p2a: Magneton|Volt Switch|p1a: Slowking\n|-damage|p1a: Slowking|59\/100 par\n|\n|t:|1700281191\n|switch|p2a: Cetitan|Cetitan, M|68\/100|[from] Volt Switch\n|move|p1a: Slowking|Toxic|p2a: Cetitan\n|-status|p2a: Cetitan|tox\n|\n|-weather|Snow|[upkeep]\n|-damage|p2a: Cetitan|61\/100 tox|[from] psn\n|-end|p1a: Slowking|Encore\n|upkeep\n|turn|33\n|\n|t:|1700281194\n|move|p2a: Cetitan|Earthquake|p1a: Slowking\n|-supereffective|p1a: Slowking\n|-damage|p1a: Slowking|0 fnt\n|faint|p1a: Slowking\n|\n|win|david nutter\n|l| PorygonTheBot\n","uploadtime":1700281195,"views":13,"p1id":"ampharoside","p2id":"davidnutter","formatid":"gen9ubers","rating":0,"private":0,"password":""}