{"id":"gen9ubers-1984432426","p1":"Kabunger","p2":"wamkou","format":"[Gen 9] Ubers","log":"|j|\u2606Kabunger\n|j|\u2606wamkou\n|t:|1699262698\n|gametype|singles\n|player|p1|Kabunger|hilda-wonderlauncher|\n|player|p2|wamkou|elesa-masters2|\n|teamsize|p1|6\n|teamsize|p2|6\n|gen|9\n|tier|[Gen 9] Ubers\n|rule|Sleep Clause Mod: Limit one foe put to sleep\n|rule|Species Clause: Limit one of each Pok\u00e9mon\n|rule|OHKO Clause: OHKO moves are banned\n|rule|Evasion Items Clause: Evasion items are banned\n|rule|Evasion Moves Clause: Evasion moves are banned\n|rule|Endless Battle Clause: Forcing endless battles is banned\n|rule|HP Percentage Mod: HP is shown in percentages\n|clearpoke\n|poke|p1|Masquerain, M|\n|poke|p1|Sneasler, F|\n|poke|p1|Zacian-*|\n|poke|p1|Magearna|\n|poke|p1|Palafin, F|\n|poke|p1|Gholdengo|\n|poke|p2|Torkoal, M|\n|poke|p2|Chi-Yu|\n|poke|p2|Arceus-Fire|\n|poke|p2|Zacian-*|\n|poke|p2|Shaymin-Sky|\n|poke|p2|Walking Wake|\n|teampreview\n|inactive|Battle timer is ON: inactive players will automatically lose when time's up. (requested by Kabunger)\n|\n|t:|1699262727\n|start\n|switch|p1a: Magearna|Magearna|100\/100\n|switch|p2a: Torkoal|Torkoal, M|100\/100\n|-weather|SunnyDay|[from] ability: Drought|[of] p2a: Torkoal\n|turn|1\n|\n|t:|1699262738\n|move|p1a: Magearna|Volt Switch|p2a: Torkoal\n|-damage|p2a: Torkoal|68\/100\n|\n|t:|1699262744\n|switch|p1a: Palafin|Palafin, F|100\/100|[from] Volt Switch\n|move|p2a: Torkoal|Lava Plume|p1a: Palafin\n|-resisted|p1a: Palafin\n|-damage|p1a: Palafin|77\/100\n|-status|p1a: Palafin|brn\n|\n|-weather|SunnyDay|[upkeep]\n|-damage|p1a: Palafin|71\/100 brn|[from] brn\n|upkeep\n|turn|2\n|c|\u2606Kabunger|this is so sad\n|\n|t:|1699262753\n|move|p1a: Palafin|Flip Turn|p2a: Torkoal\n|-supereffective|p2a: Torkoal\n|-damage|p2a: Torkoal|58\/100\n|c|\u2606wamkou|megarip\n|\n|t:|1699262762\n|detailschange|p1a: Palafin|Palafin-Hero, F\n|switch|p1a: Masquerain|Masquerain, M|100\/100|[from] Flip Turn\n|-ability|p1a: Masquerain|Intimidate|boost\n|-unboost|p2a: Torkoal|atk|1\n|move|p2a: Torkoal|Stealth Rock|p1a: Masquerain\n|-sidestart|p1: Kabunger|move: Stealth Rock\n|\n|-weather|SunnyDay|[upkeep]\n|upkeep\n|turn|3\n|\n|t:|1699262770\n|move|p2a: Torkoal|Lava Plume|p1a: Masquerain\n|-supereffective|p1a: Masquerain\n|-damage|p1a: Masquerain|18\/100\n|move|p1a: Masquerain|Whirlwind|p2a: Torkoal\n|drag|p2a: Shaymin|Shaymin-Sky|100\/100\n|\n|-weather|SunnyDay|[upkeep]\n|upkeep\n|turn|4\n|\n|t:|1699262778\n|switch|p1a: Gholdengo|Gholdengo|100\/100\n|-damage|p1a: Gholdengo|94\/100|[from] Stealth Rock\n|move|p2a: Shaymin|Air Slash|p1a: Gholdengo\n|-resisted|p1a: Gholdengo\n|-damage|p1a: Gholdengo|68\/100\n|\n|-weather|SunnyDay|[upkeep]\n|-heal|p1a: Gholdengo|74\/100|[from] item: Leftovers\n|upkeep\n|turn|5\n|\n|t:|1699262794\n|move|p2a: Shaymin|Air Slash|p1a: Gholdengo\n|-resisted|p1a: Gholdengo\n|-damage|p1a: Gholdengo|46\/100\n|cant|p1a: Gholdengo|flinch\n|\n|-weather|SunnyDay|[upkeep]\n|-heal|p1a: Gholdengo|52\/100|[from] item: Leftovers\n|upkeep\n|turn|6\n|\n|t:|1699262798\n|move|p2a: Shaymin|Air Slash|p1a: Gholdengo\n|-resisted|p1a: Gholdengo\n|-damage|p1a: Gholdengo|29\/100\n|move|p1a: Gholdengo|Recover|p1a: Gholdengo\n|-heal|p1a: Gholdengo|79\/100\n|\n|-weather|SunnyDay|[upkeep]\n|-heal|p1a: Gholdengo|85\/100|[from] item: Leftovers\n|upkeep\n|turn|7\n|\n|t:|1699262804\n|switch|p1a: Masquerain|Masquerain, M|18\/100\n|-damage|p1a: Masquerain|0 fnt|[from] Stealth Rock\n|faint|p1a: Masquerain\n|move|p2a: Shaymin|Air Slash|p1: Masquerain|[notarget]\n|-fail|p2a: Shaymin\n|\n|-weather|SunnyDay|[upkeep]\n|upkeep\n|\n|t:|1699262808\n|switch|p1a: Tax Evasion|Sneasler, F|100\/100\n|-damage|p1a: Tax Evasion|94\/100|[from] Stealth Rock\n|turn|8\n|\n|t:|1699262815\n|move|p1a: Tax Evasion|Endure|p1a: Tax Evasion\n|-singleturn|p1a: Tax Evasion|move: Endure\n|move|p2a: Shaymin|Air Slash|p1a: Tax Evasion\n|-supereffective|p1a: Tax Evasion\n|-activate|p1a: Tax Evasion|move: Endure\n|-damage|p1a: Tax Evasion|1\/100\n|-enditem|p1a: Tax Evasion|Liechi Berry|[eat]\n|-boost|p1a: Tax Evasion|atk|1|[from] item: Liechi Berry\n|\n|-weather|none\n|upkeep\n|turn|9\n|\n|t:|1699262828\n|move|p1a: Tax Evasion|Dire Claw|p2a: Shaymin\n|-supereffective|p2a: Shaymin\n|-crit|p2a: Shaymin\n|-damage|p2a: Shaymin|0 fnt\n|faint|p2a: Shaymin\n|\n|upkeep\n|\n|t:|1699262844\n|switch|p2a: Torkoal|Torkoal, M|58\/100\n|-weather|SunnyDay|[from] ability: Drought|[of] p2a: Torkoal\n|turn|10\n|\n|t:|1699262852\n|move|p1a: Tax Evasion|Reversal|p2a: Torkoal\n|-damage|p2a: Torkoal|0 fnt\n|faint|p2a: Torkoal\n|\n|-weather|SunnyDay|[upkeep]\n|upkeep\n|\n|t:|1699262868\n|switch|p2a: Chi-Yu|Chi-Yu|100\/100\n|-ability|p2a: Chi-Yu|Beads of Ruin\n|turn|11\n|\n|t:|1699262874\n|-terastallize|p2a: Chi-Yu|Ghost\n|move|p1a: Tax Evasion|Endure|p1a: Tax Evasion\n|-singleturn|p1a: Tax Evasion|move: Endure\n|move|p2a: Chi-Yu|Psychic|p1a: Tax Evasion\n|-supereffective|p1a: Tax Evasion\n|-activate|p1a: Tax Evasion|move: Endure\n|-damage|p1a: Tax Evasion|1\/100\n|\n|-weather|SunnyDay|[upkeep]\n|upkeep\n|turn|12\n|\n|t:|1699262886\n|move|p1a: Tax Evasion|Dire Claw|p2a: Chi-Yu\n|-resisted|p2a: Chi-Yu\n|-damage|p2a: Chi-Yu|41\/100\n|move|p2a: Chi-Yu|Psychic|p1a: Tax Evasion\n|-supereffective|p1a: Tax Evasion\n|-damage|p1a: Tax Evasion|0 fnt\n|faint|p1a: Tax Evasion\n|\n|-weather|SunnyDay|[upkeep]\n|upkeep\n|\n|t:|1699262900\n|switch|p1a: Zacian|Zacian|100\/100\n|-ability|p1a: Zacian|Intrepid Sword|boost\n|-boost|p1a: Zacian|atk|1\n|turn|13\n|inactive|wamkou has 270 seconds left.\n|\n|t:|1699262945\n|switch|p2a: Arceus|Arceus-Fire|100\/100\n|move|p1a: Zacian|Play Rough|p2a: Arceus\n|-resisted|p2a: Arceus\n|-damage|p2a: Arceus|73\/100\n|\n|-weather|SunnyDay|[upkeep]\n|upkeep\n|turn|14\n|\n|t:|1699262964\n|switch|p1a: Palafin|Palafin-Hero, F|71\/100 brn\n|-damage|p1a: Palafin|58\/100 brn|[from] Stealth Rock\n|-activate|p1a: Palafin|ability: Zero to Hero\n|move|p2a: Arceus|Dragon Dance|p2a: Arceus\n|-boost|p2a: Arceus|atk|1\n|-boost|p2a: Arceus|spe|1\n|\n|-weather|SunnyDay|[upkeep]\n|-damage|p1a: Palafin|52\/100 brn|[from] brn\n|upkeep\n|turn|15\n|\n|t:|1699262972\n|move|p2a: Arceus|Earthquake|p1a: Palafin\n|-damage|p1a: Palafin|11\/100 brn\n|move|p1a: Palafin|Wave Crash|p2a: Arceus\n|-supereffective|p2a: Arceus\n|-damage|p2a: Arceus|28\/100\n|-damage|p1a: Palafin|0 fnt|[from] Recoil\n|faint|p1a: Palafin\n|\n|-weather|SunnyDay|[upkeep]\n|upkeep\n|\n|t:|1699262979\n|switch|p1a: Zacian|Zacian|100\/100\n|turn|16\n|\n|t:|1699262986\n|-terastallize|p1a: Zacian|Fire\n|move|p2a: Arceus|Flare Blitz|p1a: Zacian\n|-resisted|p1a: Zacian\n|-damage|p1a: Zacian|30\/100\n|-damage|p2a: Arceus|8\/100|[from] Recoil\n|move|p1a: Zacian|Swords Dance|p1a: Zacian\n|-boost|p1a: Zacian|atk|2\n|\n|-weather|SunnyDay|[upkeep]\n|upkeep\n|turn|17\n|\n|t:|1699262992\n|move|p1a: Zacian|Quick Attack|p2a: Arceus\n|-crit|p2a: Arceus\n|-damage|p2a: Arceus|0 fnt\n|faint|p2a: Arceus\n|\n|-weather|none\n|upkeep\n|\n|t:|1699262997\n|switch|p2a: Chi-Yu|Chi-Yu, tera:Ghost|41\/100\n|-ability|p2a: Chi-Yu|Beads of Ruin\n|turn|18\n|\n|t:|1699263008\n|switch|p1a: Magearna|Magearna|100\/100\n|-damage|p1a: Magearna|94\/100|[from] Stealth Rock\n|move|p2a: Chi-Yu|Dark Pulse|p1a: Magearna\n|-resisted|p1a: Magearna\n|-damage|p1a: Magearna|73\/100\n|\n|-heal|p1a: Magearna|79\/100|[from] item: Leftovers\n|upkeep\n|turn|19\n|\n|t:|1699263014\n|switch|p2a: Walking Wake|Walking Wake|100\/100\n|move|p1a: Magearna|Volt Switch|p2a: Walking Wake\n|-damage|p2a: Walking Wake|70\/100\n|\n|t:|1699263018\n|switch|p1a: Zacian|Zacian, tera:Fire|30\/100|[from] Volt Switch\n|\n|upkeep\n|turn|20\n|\n|t:|1699263026\n|move|p1a: Zacian|Play Rough|p2a: Walking Wake\n|-supereffective|p2a: Walking Wake\n|-damage|p2a: Walking Wake|0 fnt\n|faint|p2a: Walking Wake\n|-end|p2a: Walking Wake|Protosynthesis|[silent]\n|\n|upkeep\n|\n|t:|1699263031\n|switch|p2a: Zacian|Zacian|100\/100\n|-ability|p2a: Zacian|Intrepid Sword|boost\n|-boost|p2a: Zacian|atk|1\n|turn|21\n|\n|t:|1699263043\n|switch|p1a: Gholdengo|Gholdengo|85\/100\n|-damage|p1a: Gholdengo|79\/100|[from] Stealth Rock\n|move|p2a: Zacian|Crunch|p1a: Gholdengo\n|-supereffective|p1a: Gholdengo\n|-damage|p1a: Gholdengo|0 fnt\n|faint|p1a: Gholdengo\n|\n|upkeep\n|\n|t:|1699263048\n|switch|p1a: Magearna|Magearna|79\/100\n|-damage|p1a: Magearna|73\/100|[from] Stealth Rock\n|turn|22\n|\n|t:|1699263054\n|switch|p1a: Zacian|Zacian, tera:Fire|30\/100\n|move|p2a: Zacian|Crunch|p1a: Zacian\n|-damage|p1a: Zacian|0 fnt\n|faint|p1a: Zacian\n|\n|upkeep\n|\n|t:|1699263057\n|switch|p1a: Magearna|Magearna|73\/100\n|-damage|p1a: Magearna|67\/100|[from] Stealth Rock\n|turn|23\n|c|\u2606Kabunger|ggs\n|c|\u2606Kabunger|send the replays\n|c|\u2606wamkou|gg\n|-message|Kabunger forfeited.\n|\n|win|wamkou\n","uploadtime":1699263069,"views":24,"p1id":"kabunger","p2id":"wamkou","formatid":"gen9ubers","rating":0,"private":0,"password":""}