{"id":"gen9ubers-1988441279","p1":"LITLE0","p2":"KamilouSensei","format":"[Gen 9] Ubers","log":"|j|\u2606LITLE0\n|j|\u2606KamilouSensei\n|t:|1699723276\n|gametype|singles\n|player|p1|LITLE0|brock|1142\n|player|p2|KamilouSensei|benga|1167\n|teamsize|p1|3\n|teamsize|p2|6\n|gen|9\n|tier|[Gen 9] Ubers\n|rated|\n|rule|Sleep Clause Mod: Limit one foe put to sleep\n|rule|Species Clause: Limit one of each Pok\u00e9mon\n|rule|OHKO Clause: OHKO moves are banned\n|rule|Evasion Items Clause: Evasion items are banned\n|rule|Evasion Moves Clause: Evasion moves are banned\n|rule|Endless Battle Clause: Forcing endless battles is banned\n|rule|HP Percentage Mod: HP is shown in percentages\n|clearpoke\n|poke|p1|Arceus|\n|poke|p1|Calyrex-Ice|\n|poke|p1|Miraidon|\n|poke|p2|Eternatus|\n|poke|p2|Samurott-Hisui, M|\n|poke|p2|Miraidon|\n|poke|p2|Arceus-Ground|\n|poke|p2|Zacian-*|\n|poke|p2|Koraidon|\n|teampreview\n|\n|t:|1699723282\n|start\n|switch|p1a: Arceus|Arceus|100\/100\n|switch|p2a: Arceus|Arceus-Ground, shiny|100\/100\n|turn|1\n|\n|t:|1699723288\n|move|p2a: Arceus|Dragon Dance|p2a: Arceus\n|-boost|p2a: Arceus|atk|1\n|-boost|p2a: Arceus|spe|1\n|move|p1a: Arceus|Trick Room|p1a: Arceus\n|-fieldstart|move: Trick Room|[of] p1a: Arceus\n|\n|upkeep\n|turn|2\n|\n|t:|1699723298\n|move|p1a: Arceus|Taunt|p2a: Arceus\n|-start|p2a: Arceus|move: Taunt\n|move|p2a: Arceus|Earthquake|p1a: Arceus\n|-damage|p1a: Arceus|33\/100\n|-enditem|p1a: Arceus|Eject Button\n|\n|t:|1699723303\n|switch|p1a: Calyrex|Calyrex-Ice|100\/100\n|-ability|p1a: Calyrex|As One\n|-ability|p1a: Calyrex|Unnerve\n|\n|upkeep\n|turn|3\n|\n|t:|1699723321\n|switch|p2a: Zacian|Zacian-Crowned, shiny|100\/100\n|-ability|p2a: Zacian|Intrepid Sword|boost\n|-boost|p2a: Zacian|atk|1\n|move|p1a: Calyrex|Swords Dance|p1a: Calyrex\n|-boost|p1a: Calyrex|atk|2\n|\n|upkeep\n|turn|4\n|\n|t:|1699723330\n|-terastallize|p1a: Calyrex|Ground\n|move|p1a: Calyrex|High Horsepower|p2a: Zacian\n|-supereffective|p2a: Zacian\n|-damage|p2a: Zacian|0 fnt\n|faint|p2a: Zacian\n|-ability|p1a: Calyrex|Chilling Neigh|boost\n|-boost|p1a: Calyrex|atk|1\n|\n|upkeep\n|\n|t:|1699723339\n|switch|p2a: Samurott|Samurott-Hisui, M, shiny|100\/100\n|turn|5\n|\n|t:|1699723344\n|move|p1a: Calyrex|High Horsepower|p2a: Samurott\n|-damage|p2a: Samurott|0 fnt\n|faint|p2a: Samurott\n|-ability|p1a: Calyrex|Chilling Neigh|boost\n|-boost|p1a: Calyrex|atk|1\n|\n|-fieldend|move: Trick Room\n|upkeep\n|\n|t:|1699723353\n|switch|p2a: Koraidon|Koraidon|100\/100\n|-weather|SunnyDay|[from] ability: Orichalcum Pulse|[of] p2a: Koraidon\n|-activate|p2a: Koraidon|Orichalcum Pulse|[source]\n|turn|6\n|\n|t:|1699723361\n|move|p2a: Koraidon|Drain Punch|p1a: Calyrex\n|-damage|p1a: Calyrex|62\/100\n|-damage|p2a: Koraidon|91\/100|[from] item: Life Orb\n|move|p1a: Calyrex|Glacial Lance|p2a: Koraidon\n|-supereffective|p2a: Koraidon\n|-damage|p2a: Koraidon|0 fnt\n|faint|p2a: Koraidon\n|-ability|p1a: Calyrex|Chilling Neigh|boost\n|-boost|p1a: Calyrex|atk|1\n|\n|-weather|SunnyDay|[upkeep]\n|upkeep\n|\n|t:|1699723372\n|switch|p2a: Eternatus|Eternatus, shiny|100\/100\n|-ability|p2a: Eternatus|Pressure\n|turn|7\n|\n|t:|1699723390\n|move|p2a: Eternatus|Dynamax Cannon|p1a: Calyrex\n|-crit|p1a: Calyrex\n|-damage|p1a: Calyrex|16\/100\n|move|p1a: Calyrex|High Horsepower|p2a: Eternatus\n|-supereffective|p2a: Eternatus\n|-damage|p2a: Eternatus|0 fnt\n|faint|p2a: Eternatus\n|-ability|p1a: Calyrex|Chilling Neigh|boost\n|-boost|p1a: Calyrex|atk|1\n|\n|-weather|SunnyDay|[upkeep]\n|upkeep\n|\n|t:|1699723401\n|switch|p2a: Arceus|Arceus-Ground, shiny|100\/100\n|turn|8\n|\n|t:|1699723407\n|switch|p1a: Arceus|Arceus|33\/100\n|move|p2a: Arceus|Earthquake|p1a: Arceus\n|-damage|p1a: Arceus|0 fnt\n|faint|p1a: Arceus\n|\n|-weather|SunnyDay|[upkeep]\n|upkeep\n|\n|t:|1699723409\n|switch|p1a: Miraidon|Miraidon|100\/100\n|-fieldstart|move: Electric Terrain|[from] ability: Hadron Engine|[of] p1a: Miraidon\n|turn|9\n|\n|t:|1699723418\n|move|p1a: Miraidon|Draco Meteor|p2a: Arceus\n|-damage|p2a: Arceus|0 fnt\n|-unboost|p1a: Miraidon|spa|2\n|faint|p2a: Arceus\n|\n|-weather|SunnyDay|[upkeep]\n|upkeep\n|\n|t:|1699723425\n|switch|p2a: Miraidon|Miraidon|100\/100\n|-activate|p2a: Miraidon|ability: Hadron Engine\n|turn|10\n|\n|t:|1699723431\n|move|p1a: Miraidon|Draco Meteor|p2a: Miraidon\n|-supereffective|p2a: Miraidon\n|-damage|p2a: Miraidon|0 fnt\n|-unboost|p1a: Miraidon|spa|2\n|faint|p2a: Miraidon\n|\n|win|LITLE0\n|raw|LITLE0's rating: 1142 &rarr; <strong>1169<\/strong><br \/>(+27 for winning)\n|raw|KamilouSensei's rating: 1167 &rarr; <strong>1140<\/strong><br \/>(-27 for losing)\n|l|\u2606KamilouSensei\n","uploadtime":1699723437,"views":5,"p1id":"litle0","p2id":"kamilousensei","formatid":"gen9ubers","rating":1140,"private":0,"password":""}