{"id":"gen9ubers-1982964362","p1":"Ivo o Tito","p2":"NiraSSBU","format":"[Gen 9] Ubers","log":"|j|\u2606Ivo o Tito\n|j|\u2606NiraSSBU\n|t:|1699063904\n|gametype|singles\n|player|p1|Ivo o Tito|265|1137\n|player|p2|NiraSSBU|acetrainerf|1297\n|teamsize|p1|6\n|teamsize|p2|6\n|gen|9\n|tier|[Gen 9] Ubers\n|rated|\n|rule|Sleep Clause Mod: Limit one foe put to sleep\n|rule|Species Clause: Limit one of each Pok\u00e9mon\n|rule|OHKO Clause: OHKO moves are banned\n|rule|Evasion Items Clause: Evasion items are banned\n|rule|Evasion Moves Clause: Evasion moves are banned\n|rule|Endless Battle Clause: Forcing endless battles is banned\n|rule|HP Percentage Mod: HP is shown in percentages\n|clearpoke\n|poke|p1|Koraidon|\n|poke|p1|Ogerpon-Hearthflame, F|\n|poke|p1|Walking Wake|\n|poke|p1|Grimmsnarl, M|\n|poke|p1|Gholdengo|\n|poke|p1|Vikavolt, M|\n|poke|p2|Glimmora, M|\n|poke|p2|Arceus-Ground|\n|poke|p2|Koraidon|\n|poke|p2|Miraidon|\n|poke|p2|Zacian-*|\n|poke|p2|Rayquaza|\n|teampreview\n|inactive|Battle timer is ON: inactive players will automatically lose when time's up. (requested by Ivo o Tito)\n|\n|t:|1699063923\n|start\n|switch|p1a: Grimmsnarl|Grimmsnarl, M|100\/100\n|switch|p2a: Maligrom|Glimmora, M|100\/100\n|turn|1\n|\n|t:|1699063932\n|move|p1a: Grimmsnarl|Taunt|p2a: Maligrom\n|-start|p2a: Maligrom|move: Taunt\n|cant|p2a: Maligrom|move: Taunt|Stealth Rock\n|\n|upkeep\n|turn|2\n|\n|t:|1699063942\n|move|p1a: Grimmsnarl|Light Screen|p1a: Grimmsnarl\n|-sidestart|p1: Ivo o Tito|move: Light Screen\n|move|p2a: Maligrom|Mortal Spin|p1a: Grimmsnarl\n|-supereffective|p1a: Grimmsnarl\n|-damage|p1a: Grimmsnarl|85\/100\n|-status|p1a: Grimmsnarl|psn\n|\n|-damage|p1a: Grimmsnarl|73\/100 psn|[from] psn\n|upkeep\n|turn|3\n|\n|t:|1699063953\n|move|p1a: Grimmsnarl|Reflect|p1a: Grimmsnarl\n|-sidestart|p1: Ivo o Tito|Reflect\n|move|p2a: Maligrom|Mortal Spin|p1a: Grimmsnarl\n|-supereffective|p1a: Grimmsnarl\n|-damage|p1a: Grimmsnarl|66\/100 psn\n|\n|-damage|p1a: Grimmsnarl|54\/100 psn|[from] psn\n|-end|p2a: Maligrom|move: Taunt\n|upkeep\n|turn|4\n|\n|t:|1699063961\n|move|p1a: Grimmsnarl|Taunt|p2a: Maligrom\n|-start|p2a: Maligrom|move: Taunt\n|cant|p2a: Maligrom|move: Taunt|Stealth Rock\n|\n|-damage|p1a: Grimmsnarl|41\/100 psn|[from] psn\n|upkeep\n|turn|5\n|\n|t:|1699063969\n|switch|p1a: Vikavolt|Vikavolt, M|100\/100\n|move|p2a: Maligrom|Mortal Spin|p1a: Vikavolt\n|-damage|p1a: Vikavolt|97\/100\n|-status|p1a: Vikavolt|psn\n|\n|-damage|p1a: Vikavolt|85\/100 psn|[from] psn\n|upkeep\n|turn|6\n|\n|t:|1699063983\n|switch|p2a: Quaryaaz|Rayquaza|100\/100\n|-ability|p2a: Quaryaaz|Air Lock\n|move|p1a: Vikavolt|Sticky Web|p2a: Quaryaaz\n|-sidestart|p2: NiraSSBU|move: Sticky Web\n|\n|-damage|p1a: Vikavolt|73\/100 psn|[from] psn\n|upkeep\n|turn|7\n|\n|t:|1699063990\n|move|p2a: Quaryaaz|Dragon Dance|p2a: Quaryaaz\n|-boost|p2a: Quaryaaz|atk|1\n|-boost|p2a: Quaryaaz|spe|1\n|move|p1a: Vikavolt|Zap Cannon|p2a: Quaryaaz\n|-damage|p2a: Quaryaaz|22\/100\n|-status|p2a: Quaryaaz|par\n|\n|-damage|p1a: Vikavolt|61\/100 psn|[from] psn\n|upkeep\n|turn|8\n|\n|t:|1699064006\n|move|p2a: Quaryaaz|Dragon Ascent|p1a: Vikavolt\n|-damage|p1a: Vikavolt|9\/100 psn\n|-unboost|p2a: Quaryaaz|def|1\n|-unboost|p2a: Quaryaaz|spd|1\n|move|p1a: Vikavolt|Bug Buzz|p2a: Quaryaaz\n|-resisted|p2a: Quaryaaz\n|-damage|p2a: Quaryaaz|0 fnt\n|faint|p2a: Quaryaaz\n|\n|-damage|p1a: Vikavolt|0 fnt|[from] psn\n|faint|p1a: Vikavolt\n|upkeep\n|\n|t:|1699064016\n|switch|p2a: Maligrom|Glimmora, M|100\/100\n|switch|p1a: Koraidon|Koraidon|100\/100\n|-weather|SunnyDay|[from] ability: Orichalcum Pulse|[of] p1a: Koraidon\n|-activate|p1a: Koraidon|Orichalcum Pulse|[source]\n|-activate|p2a: Maligrom|move: Sticky Web\n|-unboost|p2a: Maligrom|spe|1\n|turn|9\n|\n|t:|1699064026\n|move|p1a: Koraidon|Swords Dance|p1a: Koraidon\n|-boost|p1a: Koraidon|atk|2\n|move|p2a: Maligrom|Mortal Spin|p1a: Koraidon\n|-damage|p1a: Koraidon|98\/100\n|-status|p1a: Koraidon|psn\n|-sideend|p2: NiraSSBU|Sticky Web|[from] move: Mortal Spin|[of] p2a: Maligrom\n|\n|-weather|SunnyDay|[upkeep]\n|-damage|p1a: Koraidon|86\/100 psn|[from] psn\n|-sideend|p1: Ivo o Tito|move: Light Screen\n|upkeep\n|turn|10\n|\n|t:|1699064038\n|move|p1a: Koraidon|Scale Shot|p2a: Maligrom\n|-damage|p2a: Maligrom|57\/100\n|-activate|p2a: Maligrom|ability: Toxic Debris\n|-sidestart|p1: Ivo o Tito|move: Toxic Spikes\n|-damage|p2a: Maligrom|15\/100\n|-activate|p2a: Maligrom|ability: Toxic Debris\n|-sidestart|p1: Ivo o Tito|move: Toxic Spikes\n|-damage|p2a: Maligrom|0 fnt\n|faint|p2a: Maligrom\n|-hitcount|p2: Maligrom|3\n|-unboost|p1a: Koraidon|def|1\n|-boost|p1a: Koraidon|spe|1\n|\n|-weather|SunnyDay|[upkeep]\n|-damage|p1a: Koraidon|73\/100 psn|[from] psn\n|-sideend|p1: Ivo o Tito|Reflect\n|upkeep\n|\n|t:|1699064053\n|switch|p2a: Anicaz|Zacian-Crowned|100\/100\n|-ability|p2a: Anicaz|Intrepid Sword|boost\n|-boost|p2a: Anicaz|atk|1\n|turn|11\n|\n|t:|1699064063\n|move|p1a: Koraidon|Flare Blitz|p2a: Anicaz\n|-supereffective|p2a: Anicaz\n|-damage|p2a: Anicaz|0 fnt\n|faint|p2a: Anicaz\n|-damage|p1a: Koraidon|42\/100 psn|[from] Recoil\n|\n|-weather|SunnyDay|[upkeep]\n|-damage|p1a: Koraidon|29\/100 psn|[from] psn\n|upkeep\n|\n|t:|1699064074\n|switch|p2a: Inadirom|Miraidon|100\/100\n|-fieldstart|move: Electric Terrain|[from] ability: Hadron Engine|[of] p2a: Inadirom\n|turn|12\n|\n|t:|1699064084\n|move|p1a: Koraidon|Scale Shot|p2a: Inadirom\n|-supereffective|p2a: Inadirom\n|-damage|p2a: Inadirom|41\/100\n|-supereffective|p2a: Inadirom\n|-damage|p2a: Inadirom|0 fnt\n|faint|p2a: Inadirom\n|-hitcount|p2: Inadirom|2\n|-unboost|p1a: Koraidon|def|1\n|-boost|p1a: Koraidon|spe|1\n|\n|-weather|SunnyDay|[upkeep]\n|-damage|p1a: Koraidon|17\/100 psn|[from] psn\n|upkeep\n|\n|t:|1699064094\n|switch|p2a: Sureac|Arceus-Ground|100\/100\n|turn|13\n|\n|t:|1699064099\n|move|p1a: Koraidon|Scale Shot|p2a: Sureac\n|-damage|p2a: Sureac|76\/100\n|-damage|p2a: Sureac|50\/100\n|-damage|p2a: Sureac|26\/100\n|-crit|p2a: Sureac\n|-damage|p2a: Sureac|0 fnt\n|faint|p2a: Sureac\n|-hitcount|p2: Sureac|4\n|-unboost|p1a: Koraidon|def|1\n|-boost|p1a: Koraidon|spe|1\n|\n|-weather|none\n|-damage|p1a: Koraidon|5\/100 psn|[from] psn\n|upkeep\n|c|\u2606Ivo o Tito|Koraidon rules\n|\n|t:|1699064110\n|switch|p2a: Dionarok|Koraidon|100\/100\n|-weather|SunnyDay|[from] ability: Orichalcum Pulse|[of] p2a: Dionarok\n|-activate|p2a: Dionarok|Orichalcum Pulse|[source]\n|turn|14\n|\n|t:|1699064115\n|move|p1a: Koraidon|Scale Shot|p2a: Dionarok\n|-supereffective|p2a: Dionarok\n|-damage|p2a: Dionarok|32\/100\n|-supereffective|p2a: Dionarok\n|-damage|p2a: Dionarok|0 fnt\n|faint|p2a: Dionarok\n|-hitcount|p2: Dionarok|2\n|\n|win|Ivo o Tito\n|raw|Ivo o Tito's rating: 1137 &rarr; <strong>1173<\/strong><br \/>(+36 for winning)\n|raw|NiraSSBU's rating: 1297 &rarr; <strong>1261<\/strong><br \/>(-36 for losing)\n|l|\u2606NiraSSBU\n","uploadtime":1699064138,"views":9,"p1id":"ivootito","p2id":"nirassbu","formatid":"gen9ubers","rating":1173,"private":0,"password":""}