{"id":"gen9ubers-1999636647","p1":"rohnox37","p2":"XAKERSolo","format":"[Gen 9] Ubers","log":"|j|\u2606rohnox37\n|j|\u2606XAKERSolo\n|t:|1701103349\n|gametype|singles\n|player|p1|rohnox37|giovanni|\n|player|p2|XAKERSolo|dawn|\n|teamsize|p1|6\n|teamsize|p2|6\n|gen|9\n|tier|[Gen 9] Ubers\n|rule|Sleep Clause Mod: Limit one foe put to sleep\n|rule|Species Clause: Limit one of each Pok\u00e9mon\n|rule|OHKO Clause: OHKO moves are banned\n|rule|Evasion Items Clause: Evasion items are banned\n|rule|Evasion Moves Clause: Evasion moves are banned\n|rule|Endless Battle Clause: Forcing endless battles is banned\n|rule|HP Percentage Mod: HP is shown in percentages\n|clearpoke\n|poke|p1|Zacian-*|\n|poke|p1|Landorus-Therian, M|\n|poke|p1|Skeledirge, M|\n|poke|p1|Kyogre|\n|poke|p1|Miraidon|\n|poke|p1|Ogerpon, F|\n|poke|p2|Volcarona, F|\n|poke|p2|Annihilape, M|\n|poke|p2|Gliscor, M|\n|poke|p2|Kingambit, M|\n|poke|p2|Flutter Mane|\n|poke|p2|Ogerpon-Hearthflame, F|\n|teampreview\n|\n|t:|1701103368\n|start\n|switch|p1a: Kyogre|Kyogre|100\/100\n|switch|p2a: Annihilape|Annihilape, M|100\/100\n|-weather|RainDance|[from] ability: Drizzle|[of] p1a: Kyogre\n|turn|1\n|\n|t:|1701103377\n|move|p1a: Kyogre|Origin Pulse|p2a: Annihilape\n|-damage|p2a: Annihilape|7\/100\n|move|p2a: Annihilape|Drain Punch|p1a: Kyogre\n|-damage|p1a: Kyogre|70\/100\n|-heal|p2a: Annihilape|20\/100|[from] drain|[of] p1a: Kyogre\n|\n|-weather|RainDance|[upkeep]\n|-heal|p2a: Annihilape|26\/100|[from] item: Leftovers\n|upkeep\n|turn|2\n|\n|t:|1701103385\n|move|p1a: Kyogre|Origin Pulse|p2a: Annihilape|[miss]\n|-miss|p1a: Kyogre|p2a: Annihilape\n|move|p2a: Annihilape|Rage Fist|p1a: Kyogre\n|-damage|p1a: Kyogre|28\/100\n|\n|-weather|RainDance|[upkeep]\n|-heal|p2a: Annihilape|32\/100|[from] item: Leftovers\n|upkeep\n|turn|3\n|\n|t:|1701103392\n|move|p1a: Kyogre|Origin Pulse|p2a: Annihilape|[miss]\n|-miss|p1a: Kyogre|p2a: Annihilape\n|move|p2a: Annihilape|Drain Punch|p1a: Kyogre\n|-damage|p1a: Kyogre|0 fnt\n|-heal|p2a: Annihilape|43\/100|[from] drain|[of] p1a: Kyogre\n|faint|p1a: Kyogre\n|\n|-weather|RainDance|[upkeep]\n|-heal|p2a: Annihilape|49\/100|[from] item: Leftovers\n|upkeep\n|c|\u2606XAKERSolo|\u041d\u0435\u043f\u043e\u0432\u0435\u0437\u043b\u043e\n|\n|t:|1701103402\n|switch|p1a: Landorus|Landorus-Therian, M|100\/100\n|-ability|p1a: Landorus|Intimidate|boost\n|-unboost|p2a: Annihilape|atk|1\n|-ability|p2a: Annihilape|Defiant|boost\n|-boost|p2a: Annihilape|atk|2\n|turn|4\n|\n|t:|1701103408\n|move|p1a: Landorus|Stealth Rock|p2a: Annihilape\n|-sidestart|p2: XAKERSolo|move: Stealth Rock\n|move|p2a: Annihilape|Drain Punch|p1a: Landorus\n|-resisted|p1a: Landorus\n|-damage|p1a: Landorus|75\/100\n|-heal|p2a: Annihilape|59\/100|[from] drain|[of] p1a: Landorus\n|\n|-weather|RainDance|[upkeep]\n|-heal|p2a: Annihilape|65\/100|[from] item: Leftovers\n|upkeep\n|turn|5\n|\n|t:|1701103419\n|move|p1a: Landorus|U-turn|p2a: Annihilape\n|-resisted|p2a: Annihilape\n|-damage|p2a: Annihilape|59\/100\n|\n|t:|1701103423\n|switch|p1a: Zacian|Zacian-Crowned|100\/100|[from] U-turn\n|-ability|p1a: Zacian|Intrepid Sword|boost\n|-boost|p1a: Zacian|atk|1\n|move|p2a: Annihilape|Drain Punch|p1a: Zacian\n|-damage|p1a: Zacian|56\/100\n|-heal|p2a: Annihilape|76\/100|[from] drain|[of] p1a: Zacian\n|\n|-weather|none\n|-heal|p2a: Annihilape|82\/100|[from] item: Leftovers\n|upkeep\n|turn|6\n|\n|t:|1701103448\n|move|p1a: Zacian|Play Rough|p2a: Annihilape\n|-supereffective|p2a: Annihilape\n|-damage|p2a: Annihilape|0 fnt\n|faint|p2a: Annihilape\n|\n|upkeep\n|\n|t:|1701103474\n|switch|p2a: Volcarona|Volcarona, F|100\/100\n|turn|7\n|\n|t:|1701103519\n|switch|p1a: Skeledirge|Skeledirge, M|100\/100\n|move|p2a: Volcarona|Quiver Dance|p2a: Volcarona\n|-boost|p2a: Volcarona|spa|1\n|-boost|p2a: Volcarona|spd|1\n|-boost|p2a: Volcarona|spe|1\n|\n|upkeep\n|turn|8\n|\n|t:|1701103530\n|move|p2a: Volcarona|Quiver Dance|p2a: Volcarona\n|-boost|p2a: Volcarona|spa|1\n|-boost|p2a: Volcarona|spd|1\n|-boost|p2a: Volcarona|spe|1\n|move|p1a: Skeledirge|Flame Charge|p2a: Volcarona\n|-damage|p2a: Volcarona|87\/100\n|-boost|p1a: Skeledirge|spe|1\n|\n|upkeep\n|turn|9\n|\n|t:|1701103540\n|move|p2a: Volcarona|Flamethrower|p1a: Skeledirge\n|-resisted|p1a: Skeledirge\n|-damage|p1a: Skeledirge|87\/100\n|move|p1a: Skeledirge|Torch Song|p2a: Volcarona\n|-damage|p2a: Volcarona|57\/100\n|-boost|p1a: Skeledirge|spa|1\n|\n|upkeep\n|turn|10\n|\n|t:|1701103553\n|switch|p2a: Gliscor|Gliscor, M|100\/100\n|-damage|p2a: Gliscor|88\/100|[from] Stealth Rock\n|move|p1a: Skeledirge|Flame Charge|p2a: Gliscor\n|-damage|p2a: Gliscor|77\/100\n|-boost|p1a: Skeledirge|spe|1\n|\n|-status|p2a: Gliscor|tox|[from] item: Toxic Orb\n|upkeep\n|turn|11\n|\n|t:|1701103560\n|move|p1a: Skeledirge|Torch Song|p2a: Gliscor\n|-damage|p2a: Gliscor|36\/100 tox\n|-boost|p1a: Skeledirge|spa|1\n|move|p2a: Gliscor|Earthquake|p1a: Skeledirge\n|-supereffective|p1a: Skeledirge\n|-damage|p1a: Skeledirge|29\/100\n|-enditem|p1a: Skeledirge|Sitrus Berry|[eat]\n|-heal|p1a: Skeledirge|54\/100|[from] item: Sitrus Berry\n|\n|-heal|p2a: Gliscor|49\/100 tox|[from] ability: Poison Heal\n|upkeep\n|turn|12\n|\n|t:|1701103575\n|move|p2a: Gliscor|Protect|p2a: Gliscor\n|-singleturn|p2a: Gliscor|Protect\n|move|p1a: Skeledirge|Torch Song|p2a: Gliscor\n|-activate|p2a: Gliscor|move: Protect\n|\n|-heal|p2a: Gliscor|61\/100 tox|[from] ability: Poison Heal\n|upkeep\n|turn|13\n|\n|t:|1701103592\n|move|p1a: Skeledirge|Torch Song|p2a: Gliscor\n|-damage|p2a: Gliscor|7\/100 tox\n|-boost|p1a: Skeledirge|spa|1\n|move|p2a: Gliscor|Earthquake|p1a: Skeledirge\n|-supereffective|p1a: Skeledirge\n|-damage|p1a: Skeledirge|0 fnt\n|faint|p1a: Skeledirge\n|\n|-heal|p2a: Gliscor|20\/100 tox|[from] ability: Poison Heal\n|upkeep\n|\n|t:|1701103600\n|switch|p1a: Landorus|Landorus-Therian, M|75\/100\n|-ability|p1a: Landorus|Intimidate|boost\n|-unboost|p2a: Gliscor|atk|1\n|turn|14\n|\n|t:|1701103608\n|move|p1a: Landorus|Rock Tomb|p2a: Gliscor\n|-crit|p2a: Gliscor\n|-damage|p2a: Gliscor|0 fnt\n|faint|p2a: Gliscor\n|\n|upkeep\n|\n|t:|1701103650\n|switch|p2a: Ogerpon|Ogerpon-Hearthflame, F|100\/100\n|-damage|p2a: Ogerpon|76\/100|[from] Stealth Rock\n|-ability|p2a: Ogerpon|Mold Breaker\n|turn|15\n|\n|t:|1701103662\n|move|p2a: Ogerpon|Ivy Cudgel|p1a: Landorus|[anim] Ivy Cudgel Fire\n|-damage|p1a: Landorus|9\/100\n|move|p1a: Landorus|Rock Tomb|p2a: Ogerpon\n|-supereffective|p2a: Ogerpon\n|-damage|p2a: Ogerpon|8\/100\n|-unboost|p2a: Ogerpon|spe|1\n|\n|upkeep\n|turn|16\n|\n|t:|1701103671\n|move|p1a: Landorus|U-turn|p2a: Ogerpon\n|-crit|p2a: Ogerpon\n|-damage|p2a: Ogerpon|0 fnt\n|faint|p2a: Ogerpon\n|\n|t:|1701103680\n|switch|p1a: Miraidon|Miraidon|100\/100|[from] U-turn\n|-fieldstart|move: Electric Terrain|[from] ability: Hadron Engine|[of] p1a: Miraidon\n|\n|upkeep\n|\n|t:|1701103685\n|switch|p2a: Flutter Mane|Flutter Mane|100\/100\n|-damage|p2a: Flutter Mane|88\/100|[from] Stealth Rock\n|-enditem|p2a: Flutter Mane|Booster Energy\n|-activate|p2a: Flutter Mane|ability: Protosynthesis|[fromitem]\n|-start|p2a: Flutter Mane|protosynthesisspe\n|turn|17\n|\n|t:|1701103703\n|-terastallize|p2a: Flutter Mane|Fairy\n|move|p2a: Flutter Mane|Moonblast|p1a: Miraidon\n|-supereffective|p1a: Miraidon\n|-damage|p1a: Miraidon|0 fnt\n|faint|p1a: Miraidon\n|\n|upkeep\n|\n|t:|1701103708\n|switch|p1a: Zacian|Zacian-Crowned|56\/100\n|turn|18\n|\n|t:|1701103719\n|-terastallize|p1a: Zacian|Steel\n|move|p2a: Flutter Mane|Shadow Ball|p1a: Zacian\n|-damage|p1a: Zacian|13\/100\n|move|p1a: Zacian|Behemoth Blade|p2a: Flutter Mane\n|-supereffective|p2a: Flutter Mane\n|-damage|p2a: Flutter Mane|0 fnt\n|faint|p2a: Flutter Mane\n|-end|p2a: Flutter Mane|Protosynthesis|[silent]\n|\n|upkeep\n|\n|t:|1701103728\n|switch|p2a: Volcarona|Volcarona, F|57\/100\n|turn|19\n|\n|t:|1701103732\n|move|p1a: Zacian|Behemoth Blade|p2a: Volcarona\n|-resisted|p2a: Volcarona\n|-damage|p2a: Volcarona|13\/100\n|move|p2a: Volcarona|Morning Sun|p2a: Volcarona\n|-heal|p2a: Volcarona|63\/100\n|\n|upkeep\n|turn|20\n|\n|t:|1701103745\n|move|p1a: Zacian|Behemoth Blade|p2a: Volcarona\n|-resisted|p2a: Volcarona\n|-damage|p2a: Volcarona|23\/100\n|move|p2a: Volcarona|Flamethrower|p1a: Zacian\n|-supereffective|p1a: Zacian\n|-damage|p1a: Zacian|0 fnt\n|faint|p1a: Zacian\n|\n|-fieldend|move: Electric Terrain\n|upkeep\n|\n|t:|1701103752\n|switch|p1a: Ogerpon|Ogerpon, F|100\/100\n|turn|21\n|\n|t:|1701103756\n|move|p1a: Ogerpon|Ivy Cudgel|p2a: Volcarona\n|-resisted|p2a: Volcarona\n|-damage|p2a: Volcarona|9\/100\n|move|p2a: Volcarona|Morning Sun|p2a: Volcarona\n|-heal|p2a: Volcarona|59\/100\n|\n|upkeep\n|turn|22\n|\n|t:|1701103764\n|move|p1a: Ogerpon|Stomping Tantrum|p2a: Volcarona\n|-damage|p2a: Volcarona|35\/100\n|-status|p1a: Ogerpon|brn|[from] ability: Flame Body|[of] p2a: Volcarona\n|move|p2a: Volcarona|Quiver Dance|p2a: Volcarona\n|-boost|p2a: Volcarona|spa|1\n|-boost|p2a: Volcarona|spd|1\n|-boost|p2a: Volcarona|spe|1\n|\n|-damage|p1a: Ogerpon|95\/100 brn|[from] brn\n|upkeep\n|turn|23\n|\n|t:|1701103773\n|move|p2a: Volcarona|Morning Sun|p2a: Volcarona\n|-heal|p2a: Volcarona|85\/100\n|move|p1a: Ogerpon|Stomping Tantrum|p2a: Volcarona\n|-damage|p2a: Volcarona|71\/100\n|\n|-damage|p1a: Ogerpon|89\/100 brn|[from] brn\n|upkeep\n|turn|24\n|\n|t:|1701103779\n|switch|p1a: Landorus|Landorus-Therian, M|9\/100\n|-ability|p1a: Landorus|Intimidate|boost\n|-unboost|p2a: Volcarona|atk|1\n|move|p2a: Volcarona|Quiver Dance|p2a: Volcarona\n|-boost|p2a: Volcarona|spa|1\n|-boost|p2a: Volcarona|spd|1\n|-boost|p2a: Volcarona|spe|1\n|\n|upkeep\n|turn|25\n|\n|t:|1701103789\n|move|p2a: Volcarona|Flamethrower|p1a: Landorus\n|-damage|p1a: Landorus|0 fnt\n|faint|p1a: Landorus\n|\n|upkeep\n|\n|t:|1701103791\n|switch|p1a: Ogerpon|Ogerpon, F|89\/100 brn\n|turn|26\n|\n|t:|1701103795\n|move|p2a: Volcarona|Flamethrower|p1a: Ogerpon\n|-supereffective|p1a: Ogerpon\n|-damage|p1a: Ogerpon|0 fnt\n|faint|p1a: Ogerpon\n|\n|win|XAKERSolo\n","uploadtime":1701103801,"views":7,"p1id":"rohnox37","p2id":"xakersolo","formatid":"gen9ubers","rating":0,"private":0,"password":""}