{"id":"gen9ubers-1979156661","p1":"sayso9","p2":"incrediblebraps","format":"[Gen 9] Ubers","log":"|j|\u2606sayso9\n|j|\u2606incrediblebraps\n|t:|1698640557\n|gametype|singles\n|player|p1|sayso9|1|1278\n|player|p2|incrediblebraps|teacher-gen2|1028\n|teamsize|p1|6\n|teamsize|p2|6\n|gen|9\n|tier|[Gen 9] Ubers\n|rated|\n|rule|Sleep Clause Mod: Limit one foe put to sleep\n|rule|Species Clause: Limit one of each Pok\u00e9mon\n|rule|OHKO Clause: OHKO moves are banned\n|rule|Evasion Items Clause: Evasion items are banned\n|rule|Evasion Moves Clause: Evasion moves are banned\n|rule|Endless Battle Clause: Forcing endless battles is banned\n|rule|HP Percentage Mod: HP is shown in percentages\n|clearpoke\n|poke|p1|Hatterene, F|\n|poke|p1|Calyrex-Ice|\n|poke|p1|Hoopa|\n|poke|p1|Dialga-Origin|\n|poke|p1|Arceus|\n|poke|p1|Flutter Mane|\n|poke|p2|Groudon|\n|poke|p2|Clodsire, M|\n|poke|p2|Koraidon|\n|poke|p2|Rayquaza|\n|poke|p2|Arceus-Fairy|\n|poke|p2|Kyogre|\n|teampreview\n|inactive|Battle timer is ON: inactive players will automatically lose when time's up. (requested by incrediblebraps)\n|\n|t:|1698640569\n|start\n|switch|p1a: Hatterene|Hatterene, F|100\/100\n|switch|p2a: Rayquaza|Rayquaza|100\/100\n|-ability|p2a: Rayquaza|Air Lock\n|turn|1\n|\n|t:|1698640573\n|move|p2a: Rayquaza|Dragon Ascent|p1a: Hatterene\n|-damage|p1a: Hatterene|36\/100\n|-unboost|p2a: Rayquaza|def|1\n|-unboost|p2a: Rayquaza|spd|1\n|move|p1a: Hatterene|Trick Room|p1a: Hatterene\n|-fieldstart|move: Trick Room|[of] p1a: Hatterene\n|\n|upkeep\n|turn|2\n|\n|t:|1698640575\n|move|p2a: Rayquaza|Extreme Speed|p1a: Hatterene\n|-damage|p1a: Hatterene|10\/100\n|move|p1a: Hatterene|Dazzling Gleam|p2a: Rayquaza\n|-supereffective|p2a: Rayquaza\n|-damage|p2a: Rayquaza|0 fnt\n|faint|p2a: Rayquaza\n|\n|upkeep\n|j| grass knot zygarde\n|\n|t:|1698640581\n|switch|p2a: Clodsire|Clodsire, M|100\/100\n|turn|3\n|\n|t:|1698640592\n|move|p2a: Clodsire|Earthquake|p1a: Hatterene\n|-damage|p1a: Hatterene|0 fnt\n|faint|p1a: Hatterene\n|\n|upkeep\n|\n|t:|1698640596\n|switch|p1a: Calyrex|Calyrex-Ice|100\/100\n|-ability|p1a: Calyrex|As One\n|-ability|p1a: Calyrex|Unnerve\n|turn|4\n|\n|t:|1698640603\n|switch|p2a: Arceus|Arceus-Fairy|100\/100\n|move|p1a: Calyrex|Glacial Lance|p2a: Arceus\n|-damage|p2a: Arceus|43\/100\n|-damage|p1a: Calyrex|91\/100|[from] item: Life Orb\n|\n|upkeep\n|turn|5\n|\n|t:|1698640607\n|switch|p2a: Kyogre|Kyogre|100\/100\n|-weather|RainDance|[from] ability: Drizzle|[of] p2a: Kyogre\n|move|p1a: Calyrex|Glacial Lance|p2a: Kyogre\n|-resisted|p2a: Kyogre\n|-damage|p2a: Kyogre|67\/100\n|-damage|p1a: Calyrex|81\/100|[from] item: Life Orb\n|\n|-weather|RainDance|[upkeep]\n|-fieldend|move: Trick Room\n|upkeep\n|turn|6\n|\n|t:|1698640610\n|move|p2a: Kyogre|Surf|p1a: Calyrex\n|-damage|p1a: Calyrex|35\/100\n|move|p1a: Calyrex|Seed Bomb|p2a: Kyogre\n|-supereffective|p2a: Kyogre\n|-damage|p2a: Kyogre|9\/100\n|-damage|p1a: Calyrex|25\/100|[from] item: Life Orb\n|\n|-weather|RainDance|[upkeep]\n|upkeep\n|turn|7\n|\n|t:|1698640626\n|switch|p1a: Dialga|Dialga-Origin|100\/100\n|-ability|p1a: Dialga|Pressure\n|move|p2a: Kyogre|Ice Beam|p1a: Dialga\n|-damage|p1a: Dialga|81\/100\n|-status|p1a: Dialga|frz\n|\n|-weather|RainDance|[upkeep]\n|upkeep\n|turn|8\n|\n|t:|1698640634\n|switch|p2a: Clodsire|Clodsire, M|100\/100\n|cant|p1a: Dialga|frz\n|\n|-weather|RainDance|[upkeep]\n|upkeep\n|turn|9\n|\n|t:|1698640636\n|move|p2a: Clodsire|Spikes|p1a: Dialga\n|-sidestart|p1: sayso9|Spikes\n|cant|p1a: Dialga|frz\n|\n|-weather|none\n|upkeep\n|turn|10\n|\n|t:|1698640640\n|move|p2a: Clodsire|Spikes|p1a: Dialga\n|-sidestart|p1: sayso9|Spikes\n|cant|p1a: Dialga|frz\n|\n|upkeep\n|turn|11\n|c| grass knot zygarde|andddd hes lucky\n|\n|t:|1698640643\n|move|p2a: Clodsire|Spikes|p1a: Dialga\n|-sidestart|p1: sayso9|Spikes\n|cant|p1a: Dialga|frz\n|\n|upkeep\n|turn|12\n|c|\u2606incrediblebraps|this happened to me twice\n|c|\u2606incrediblebraps|so whateverr\n|\n|t:|1698640656\n|move|p2a: Clodsire|Earthquake|p1a: Dialga\n|-supereffective|p1a: Dialga\n|-damage|p1a: Dialga|40\/100 frz\n|cant|p1a: Dialga|frz\n|\n|upkeep\n|turn|13\n|\n|t:|1698640658\n|move|p2a: Clodsire|Earthquake|p1a: Dialga\n|-supereffective|p1a: Dialga\n|-damage|p1a: Dialga|0 fnt\n|faint|p1a: Dialga\n|\n|upkeep\n|c|\u2606incrediblebraps|i feel for u cuh\n|c|\u2606sayso9|That\u2019s never happened to u\n|c|\u2606incrediblebraps|it done did cuh\n|\n|t:|1698640673\n|switch|p1a: Arceus|Arceus|100\/100\n|-damage|p1a: Arceus|75\/100|[from] Spikes\n|turn|14\n|\n|t:|1698640677\n|move|p2a: Clodsire|Toxic|p1a: Arceus\n|-status|p1a: Arceus|tox\n|move|p1a: Arceus|Trick Room|p1a: Arceus\n|-fieldstart|move: Trick Room|[of] p1a: Arceus\n|\n|-heal|p1a: Arceus|82\/100 tox|[from] item: Leftovers\n|-damage|p1a: Arceus|75\/100 tox|[from] psn\n|upkeep\n|turn|15\n|\n|t:|1698640690\n|move|p2a: Clodsire|Earthquake|p1a: Arceus\n|-damage|p1a: Arceus|59\/100 tox\n|move|p1a: Arceus|Will-O-Wisp|p2a: Clodsire\n|-status|p2a: Clodsire|brn\n|\n|-heal|p1a: Arceus|65\/100 tox|[from] item: Leftovers\n|-damage|p1a: Arceus|53\/100 tox|[from] psn\n|-damage|p2a: Clodsire|94\/100 brn|[from] brn\n|upkeep\n|turn|16\n|\n|t:|1698640693\n|switch|p1a: Calyrex|Calyrex-Ice|25\/100\n|-ability|p1a: Calyrex|As One\n|-ability|p1a: Calyrex|Unnerve\n|-damage|p1a: Calyrex|0 fnt|[from] Spikes\n|faint|p1a: Calyrex\n|move|p2a: Clodsire|Earthquake|p1: Calyrex|[notarget]\n|-fail|p2a: Clodsire\n|\n|-heal|p2a: Clodsire|100\/100 brn|[from] item: Leftovers\n|-damage|p2a: Clodsire|94\/100 brn|[from] brn\n|upkeep\n|\n|t:|1698640696\n|switch|p1a: Hoopa|Hoopa|100\/100\n|-damage|p1a: Hoopa|75\/100|[from] Spikes\n|turn|17\n|c|\u2606incrediblebraps|..!?\n|\n|t:|1698640702\n|switch|p2a: Kyogre|Kyogre|9\/100\n|-weather|RainDance|[from] ability: Drizzle|[of] p2a: Kyogre\n|move|p1a: Hoopa|Nasty Plot|p1a: Hoopa\n|-boost|p1a: Hoopa|spa|2\n|\n|-weather|RainDance|[upkeep]\n|upkeep\n|turn|18\n|\n|t:|1698640705\n|move|p1a: Hoopa|Thunderbolt|p2a: Kyogre\n|-supereffective|p2a: Kyogre\n|-damage|p2a: Kyogre|0 fnt\n|faint|p2a: Kyogre\n|-damage|p1a: Hoopa|66\/100|[from] item: Life Orb\n|\n|-weather|RainDance|[upkeep]\n|-fieldend|move: Trick Room\n|upkeep\n|\n|t:|1698640709\n|switch|p2a: Koraidon|Koraidon|100\/100\n|-weather|SunnyDay|[from] ability: Orichalcum Pulse|[of] p2a: Koraidon\n|-activate|p2a: Koraidon|Orichalcum Pulse|[source]\n|turn|19\n|\n|t:|1698640721\n|move|p2a: Koraidon|Flare Blitz|p1a: Hoopa\n|-damage|p1a: Hoopa|0 fnt\n|faint|p1a: Hoopa\n|-damage|p2a: Koraidon|78\/100|[from] Recoil\n|\n|-weather|SunnyDay|[upkeep]\n|upkeep\n|\n|t:|1698640723\n|switch|p1a: Flutter Mane|Flutter Mane|100\/100\n|-damage|p1a: Flutter Mane|76\/100|[from] Spikes\n|-activate|p1a: Flutter Mane|ability: Protosynthesis\n|-start|p1a: Flutter Mane|protosynthesisspd\n|turn|20\n|c|\u2606incrediblebraps|our yung generation is clearly lost mayne, clearly lost\n|\n|t:|1698640732\n|move|p2a: Koraidon|Flare Blitz|p1a: Flutter Mane\n|-damage|p1a: Flutter Mane|0 fnt\n|faint|p1a: Flutter Mane\n|-end|p1a: Flutter Mane|Protosynthesis|[silent]\n|-damage|p2a: Koraidon|55\/100|[from] Recoil\n|\n|-weather|SunnyDay|[upkeep]\n|upkeep\n|c|\u2606sayso9|U were so close to being cooked\n|c|\u2606incrediblebraps|nah\n|c|\u2606incrediblebraps|i won every time\n|c|\u2606sayso9|Trick room on dialga destroyed ur team\n|c|\u2606incrediblebraps|yah\n|inactive|sayso9 has 120 seconds left.\n|c|\u2606sayso9|u literally got 7 free turns.\n|c|\u2606incrediblebraps|yah\n|\n|t:|1698640767\n|switch|p1a: Arceus|Arceus|53\/100 tox\n|-damage|p1a: Arceus|28\/100 tox|[from] Spikes\n|turn|21\n|\n|t:|1698640771\n|-terastallize|p2a: Koraidon|Ghost\n|move|p2a: Koraidon|Flare Blitz|p1a: Arceus\n|-damage|p1a: Arceus|0 fnt\n|faint|p1a: Arceus\n|-damage|p2a: Koraidon|43\/100|[from] Recoil\n|\n|win|incrediblebraps\n|raw|sayso9's rating: 1278 &rarr; <strong>1238<\/strong><br \/>(-40 for losing)\n|raw|incrediblebraps's rating: 1028 &rarr; <strong>1086<\/strong><br \/>(+58 for winning)\n|c|\u2606incrediblebraps|yah\n|l|\u2606incrediblebraps\n|c| grass knot zygarde|YES KING\n|l|\u2606sayso9\n","uploadtime":1698640790,"views":10,"p1id":"sayso9","p2id":"incrediblebraps","formatid":"gen9ubers","rating":1086,"private":0,"password":""}