{"id":"gen9ubers-1975061661","p1":"Kilometres999","p2":"PredicateCape21","format":"[Gen 9] Ubers","log":"|j|\u2606Kilometres999\n|j|\u2606PredicateCape21\n|t:|1698158889\n|gametype|singles\n|player|p1|Kilometres999|alder|\n|player|p2|PredicateCape21|1|\n|teamsize|p1|6\n|teamsize|p2|6\n|gen|9\n|tier|[Gen 9] Ubers\n|rule|Sleep Clause Mod: Limit one foe put to sleep\n|rule|Species Clause: Limit one of each Pok\u00e9mon\n|rule|OHKO Clause: OHKO moves are banned\n|rule|Evasion Items Clause: Evasion items are banned\n|rule|Evasion Moves Clause: Evasion moves are banned\n|rule|Endless Battle Clause: Forcing endless battles is banned\n|rule|HP Percentage Mod: HP is shown in percentages\n|clearpoke\n|poke|p1|Ursaluna-Bloodmoon, M|\n|poke|p1|Hatterene, F|\n|poke|p1|Dipplin, F|\n|poke|p1|Gliscor, F|\n|poke|p1|Clefable, M|\n|poke|p1|Snorlax, F|\n|poke|p2|Ninetales, F|\n|poke|p2|Salamence, M|\n|poke|p2|Walking Wake|\n|poke|p2|Skeledirge, F|\n|poke|p2|Scovillain, F|\n|poke|p2|Yanmega, M|\n|teampreview\n|inactive|Battle timer is ON: inactive players will automatically lose when time's up. (requested by Kilometres999)\n|c|\u2606PredicateCape21|gl hf and sorry abt forgetting\n|c|\u2606Kilometres999|dont worry about it\n|\n|t:|1698158912\n|start\n|switch|p1a: Hatterene|Hatterene, F, shiny|100\/100\n|switch|p2a: Salamence|Salamence, M|100\/100\n|turn|1\n|\n|t:|1698158922\n|move|p2a: Salamence|Iron Head|p1a: Hatterene\n|-supereffective|p1a: Hatterene\n|-damage|p1a: Hatterene|35\/100\n|move|p1a: Hatterene|Trick Room|p1a: Hatterene\n|-fieldstart|move: Trick Room|[of] p1a: Hatterene\n|\n|upkeep\n|turn|2\n|\n|t:|1698158927\n|move|p1a: Hatterene|Dazzling Gleam|p2a: Salamence\n|-supereffective|p2a: Salamence\n|-damage|p2a: Salamence|0 fnt\n|faint|p2a: Salamence\n|\n|upkeep\n|\n|t:|1698158938\n|switch|p2a: Skeledirge|Skeledirge, F|100\/100\n|turn|3\n|\n|t:|1698158948\n|switch|p1a: Ursaluna|Ursaluna-Bloodmoon, M|100\/100\n|move|p2a: Skeledirge|Torch Song|p1a: Ursaluna\n|-damage|p1a: Ursaluna|65\/100\n|-boost|p2a: Skeledirge|spa|1\n|\n|upkeep\n|turn|4\n|\n|t:|1698158969\n|switch|p2a: Yanmega|Yanmega, M|100\/100\n|move|p1a: Ursaluna|Earth Power|p2a: Yanmega\n|-immune|p2a: Yanmega\n|\n|upkeep\n|turn|5\n|\n|t:|1698158984\n|move|p2a: Yanmega|Protect|p2a: Yanmega\n|-singleturn|p2a: Yanmega|Protect\n|move|p1a: Ursaluna|Moonlight|p1a: Ursaluna\n|-heal|p1a: Ursaluna|100\/100\n|\n|-fieldend|move: Trick Room\n|-ability|p2a: Yanmega|Speed Boost|boost\n|-boost|p2a: Yanmega|spe|1\n|upkeep\n|turn|6\n|\n|t:|1698159003\n|switch|p1a: Clefable|Clefable, M|100\/100\n|-terastallize|p2a: Yanmega|Grass\n|move|p2a: Yanmega|Giga Drain|p1a: Clefable\n|-damage|p1a: Clefable|51\/100\n|-damage|p2a: Yanmega|91\/100|[from] item: Life Orb\n|\n|-heal|p1a: Clefable|57\/100|[from] item: Leftovers\n|-ability|p2a: Yanmega|Speed Boost|boost\n|-boost|p2a: Yanmega|spe|1\n|upkeep\n|turn|7\n|\n|t:|1698159023\n|move|p2a: Yanmega|Giga Drain|p1a: Clefable\n|-damage|p1a: Clefable|10\/100\n|-heal|p2a: Yanmega|100\/100|[from] drain|[of] p1a: Clefable\n|-damage|p2a: Yanmega|91\/100|[from] item: Life Orb\n|move|p1a: Clefable|Moonlight|p1a: Clefable\n|-heal|p1a: Clefable|60\/100\n|\n|-heal|p1a: Clefable|66\/100|[from] item: Leftovers\n|-ability|p2a: Yanmega|Speed Boost|boost\n|-boost|p2a: Yanmega|spe|1\n|upkeep\n|turn|8\n|\n|t:|1698159035\n|move|p2a: Yanmega|Air Slash|p1a: Clefable\n|-damage|p1a: Clefable|13\/100\n|-damage|p2a: Yanmega|81\/100|[from] item: Life Orb\n|move|p1a: Clefable|Moonlight|p1a: Clefable\n|-heal|p1a: Clefable|63\/100\n|\n|-heal|p1a: Clefable|70\/100|[from] item: Leftovers\n|-ability|p2a: Yanmega|Speed Boost|boost\n|-boost|p2a: Yanmega|spe|1\n|upkeep\n|turn|9\n|\n|t:|1698159044\n|move|p2a: Yanmega|Air Slash|p1a: Clefable\n|-damage|p1a: Clefable|22\/100\n|-damage|p2a: Yanmega|71\/100|[from] item: Life Orb\n|cant|p1a: Clefable|flinch\n|\n|-heal|p1a: Clefable|28\/100|[from] item: Leftovers\n|-ability|p2a: Yanmega|Speed Boost|boost\n|-boost|p2a: Yanmega|spe|1\n|upkeep\n|turn|10\n|inactive|Kilometres999 has 270 seconds left.\n|\n|t:|1698159066\n|switch|p1a: Hatterene|Hatterene, F, shiny|35\/100\n|move|p2a: Yanmega|Giga Drain|p1a: Hatterene\n|-damage|p1a: Hatterene|0 fnt\n|-heal|p2a: Yanmega|88\/100|[from] drain|[of] p1a: Hatterene\n|faint|p1a: Hatterene\n|-damage|p2a: Yanmega|78\/100|[from] item: Life Orb\n|\n|-ability|p2a: Yanmega|Speed Boost|boost\n|-boost|p2a: Yanmega|spe|1\n|upkeep\n|\n|t:|1698159070\n|switch|p1a: Snorlax|Snorlax, F, shiny|100\/100\n|turn|11\n|\n|t:|1698159085\n|move|p2a: Yanmega|Giga Drain|p1a: Snorlax\n|-damage|p1a: Snorlax|80\/100\n|-heal|p2a: Yanmega|96\/100|[from] drain|[of] p1a: Snorlax\n|-damage|p2a: Yanmega|86\/100|[from] item: Life Orb\n|move|p1a: Snorlax|Ice Punch|p2a: Yanmega\n|-supereffective|p2a: Yanmega\n|-damage|p2a: Yanmega|25\/100\n|\n|upkeep\n|turn|12\n|\n|t:|1698159097\n|move|p2a: Yanmega|Air Slash|p1a: Snorlax\n|-damage|p1a: Snorlax|60\/100\n|-damage|p2a: Yanmega|15\/100|[from] item: Life Orb\n|move|p1a: Snorlax|Ice Punch|p2a: Yanmega\n|-supereffective|p2a: Yanmega\n|-damage|p2a: Yanmega|0 fnt\n|faint|p2a: Yanmega\n|\n|upkeep\n|\n|t:|1698159107\n|switch|p2a: Ninetales|Ninetales, F|100\/100\n|-weather|SunnyDay|[from] ability: Drought|[of] p2a: Ninetales\n|turn|13\n|\n|t:|1698159134\n|switch|p2a: Scovillain|Scovillain, F|100\/100\n|move|p1a: Snorlax|Earthquake|p2a: Scovillain\n|-damage|p2a: Scovillain|41\/100\n|\n|-weather|SunnyDay|[upkeep]\n|upkeep\n|turn|14\n|\n|t:|1698159145\n|move|p2a: Scovillain|Seed Bomb|p1a: Snorlax\n|-crit|p1a: Snorlax\n|-damage|p1a: Snorlax|0 fnt\n|faint|p1a: Snorlax\n|\n|-weather|SunnyDay|[upkeep]\n|upkeep\n|\n|t:|1698159152\n|switch|p1a: Gliscor|Gliscor, F, shiny|100\/100\n|turn|15\n|\n|t:|1698159156\n|move|p1a: Gliscor|Protect|p1a: Gliscor\n|-singleturn|p1a: Gliscor|Protect\n|move|p2a: Scovillain|Seed Bomb|p1a: Gliscor\n|-activate|p1a: Gliscor|move: Protect\n|\n|-weather|SunnyDay|[upkeep]\n|-status|p1a: Gliscor|tox|[from] item: Toxic Orb\n|upkeep\n|turn|16\n|\n|t:|1698159167\n|move|p2a: Scovillain|Seed Bomb|p1a: Gliscor\n|-damage|p1a: Gliscor|63\/100 tox\n|move|p1a: Gliscor|Earthquake|p2a: Scovillain\n|-damage|p2a: Scovillain|0 fnt\n|faint|p2a: Scovillain\n|\n|-weather|SunnyDay|[upkeep]\n|-heal|p1a: Gliscor|75\/100 tox|[from] ability: Poison Heal\n|upkeep\n|\n|t:|1698159176\n|switch|p2a: Walking Wake|Walking Wake|100\/100\n|-activate|p2a: Walking Wake|ability: Protosynthesis\n|-start|p2a: Walking Wake|protosynthesisspa\n|turn|17\n|\n|t:|1698159184\n|move|p1a: Gliscor|Protect|p1a: Gliscor\n|-singleturn|p1a: Gliscor|Protect\n|move|p2a: Walking Wake|Hydro Steam|p1a: Gliscor\n|-activate|p1a: Gliscor|move: Protect\n|\n|-weather|SunnyDay|[upkeep]\n|-heal|p1a: Gliscor|88\/100 tox|[from] ability: Poison Heal\n|upkeep\n|turn|18\n|\n|t:|1698159200\n|switch|p1a: Dipplin|Dipplin, F, shiny|100\/100\n|-ability|p1a: Dipplin|Supersweet Syrup\n|-ability|p1a: Dipplin|Supersweet Syrup|boost\n|-unboost|p2a: Walking Wake|evasion|1\n|move|p2a: Walking Wake|Hydro Steam|p1a: Dipplin\n|-resisted|p1a: Dipplin\n|-damage|p1a: Dipplin|79\/100\n|\n|-weather|SunnyDay|[upkeep]\n|upkeep\n|turn|19\n|\n|t:|1698159216\n|-end|p2a: Walking Wake|Protosynthesis|[silent]\n|switch|p2a: Skeledirge|Skeledirge, F|100\/100\n|-terastallize|p1a: Dipplin|Fairy\n|move|p1a: Dipplin|Tera Blast|p2a: Skeledirge|[anim] Tera Blast Fairy\n|-resisted|p2a: Skeledirge\n|-damage|p2a: Skeledirge|88\/100\n|\n|-weather|SunnyDay|[upkeep]\n|-heal|p2a: Skeledirge|94\/100|[from] item: Leftovers\n|upkeep\n|turn|20\n|j| Jaketr4\n|inactive|Kilometres999 has 270 seconds left.\n|\n|t:|1698159271\n|move|p2a: Skeledirge|Torch Song|p1a: Dipplin\n|-damage|p1a: Dipplin|46\/100\n|-boost|p2a: Skeledirge|spa|1\n|move|p1a: Dipplin|Draco Meteor|p2a: Skeledirge\n|-damage|p2a: Skeledirge|54\/100\n|-unboost|p1a: Dipplin|spa|2\n|\n|-weather|none\n|-heal|p2a: Skeledirge|60\/100|[from] item: Leftovers\n|upkeep\n|turn|21\n|inactive|PredicateCape21 has 270 seconds left.\n|\n|t:|1698159297\n|switch|p1a: Ursaluna|Ursaluna-Bloodmoon, M|100\/100\n|move|p2a: Skeledirge|Torch Song|p1a: Ursaluna\n|-damage|p1a: Ursaluna|52\/100\n|-boost|p2a: Skeledirge|spa|1\n|\n|-heal|p2a: Skeledirge|66\/100|[from] item: Leftovers\n|upkeep\n|turn|22\n|\n|t:|1698159305\n|move|p2a: Skeledirge|Torch Song|p1a: Ursaluna\n|-damage|p1a: Ursaluna|0 fnt\n|-boost|p2a: Skeledirge|spa|1\n|faint|p1a: Ursaluna\n|\n|-heal|p2a: Skeledirge|72\/100|[from] item: Leftovers\n|upkeep\n|\n|t:|1698159308\n|switch|p1a: Clefable|Clefable, M|28\/100\n|turn|23\n|\n|t:|1698159314\n|move|p2a: Skeledirge|Torch Song|p1a: Clefable\n|-damage|p1a: Clefable|0 fnt\n|-boost|p2a: Skeledirge|spa|1\n|faint|p1a: Clefable\n|\n|-heal|p2a: Skeledirge|78\/100|[from] item: Leftovers\n|upkeep\n|\n|t:|1698159317\n|switch|p1a: Gliscor|Gliscor, F, shiny|88\/100 tox\n|turn|24\n|\n|t:|1698159321\n|move|p1a: Gliscor|Earthquake|p2a: Skeledirge\n|-supereffective|p2a: Skeledirge\n|-damage|p2a: Skeledirge|28\/100\n|move|p2a: Skeledirge|Torch Song|p1a: Gliscor\n|-damage|p1a: Gliscor|0 fnt\n|-boost|p2a: Skeledirge|spa|1\n|faint|p1a: Gliscor\n|\n|-heal|p2a: Skeledirge|34\/100|[from] item: Leftovers\n|upkeep\n|\n|t:|1698159327\n|switch|p1a: Dipplin|Dipplin, F, shiny, tera:Fairy|46\/100\n|turn|25\n|\n|t:|1698159331\n|move|p2a: Skeledirge|Torch Song|p1a: Dipplin\n|-damage|p1a: Dipplin|0 fnt\n|-boost|p2a: Skeledirge|spa|1\n|faint|p1a: Dipplin\n|\n|win|PredicateCape21\n|c|\u2606PredicateCape21|gg\n|c|\u2606Kilometres999|ggs\n","uploadtime":1698159341,"views":27,"p1id":"kilometres999","p2id":"predicatecape21","formatid":"gen9ubers","rating":0,"private":0,"password":""}