{"id":"gen9ubers-1999457341","p1":"XYZ15","p2":"Rethanonapkmn","format":"[Gen 9] Ubers","log":"|j|\u2606XYZ15\n|j|\u2606Rethanonapkmn\n|inactive|Battle timer is ON: inactive players will automatically lose when time's up.\n|t:|1701083542\n|gametype|singles\n|player|p1|XYZ15|rei|\n|player|p2|Rethanonapkmn|gambler|\n|teamsize|p1|6\n|teamsize|p2|6\n|gen|9\n|tier|[Gen 9] Ubers\n|rated|Tournament battle\n|rule|Sleep Clause Mod: Limit one foe put to sleep\n|rule|Species Clause: Limit one of each Pok\u00e9mon\n|rule|OHKO Clause: OHKO moves are banned\n|rule|Evasion Items Clause: Evasion items are banned\n|rule|Evasion Moves Clause: Evasion moves are banned\n|rule|Endless Battle Clause: Forcing endless battles is banned\n|rule|HP Percentage Mod: HP is shown in percentages\n|rule|Terastal Clause: You cannot Terastallize\n|rule|1 Ability Clause: Limit 1 of each ability\n|clearpoke\n|poke|p1|Groudon|\n|poke|p1|Ogerpon-Hearthflame, F|\n|poke|p1|Walking Wake|\n|poke|p1|Miraidon|\n|poke|p1|Landorus, M|\n|poke|p1|Zacian-*|\n|poke|p2|Arceus|\n|poke|p2|Giratina|\n|poke|p2|Eternatus|\n|poke|p2|Flutter Mane|\n|poke|p2|Groudon|\n|poke|p2|Calyrex-Shadow|\n|teampreview\n|j|*Lady Monita \u2746\n|inactive|Rethanonapkmn has 120 seconds left.\n|inactive|Rethanonapkmn has 90 seconds left.\n|inactive|Rethanonapkmn has 60 seconds left.\n|\n|t:|1701083641\n|start\n|switch|p1a: Miraidon|Miraidon|100\/100\n|switch|p2a: Arceus|Arceus|100\/100\n|-fieldstart|move: Electric Terrain|[from] ability: Hadron Engine|[of] p1a: Miraidon\n|turn|1\n|inactive|Rethanonapkmn has 120 seconds left.\n|inactive|Rethanonapkmn has 90 seconds left.\n|\n|t:|1701083683\n|move|p1a: Miraidon|Draco Meteor|p2a: Arceus\n|-damage|p2a: Arceus|23\/100\n|-unboost|p1a: Miraidon|spa|2\n|-damage|p1a: Miraidon|91\/100|[from] item: Life Orb\n|move|p2a: Arceus|Earthquake|p1a: Miraidon\n|-supereffective|p1a: Miraidon\n|-damage|p1a: Miraidon|23\/100\n|\n|upkeep\n|turn|2\n|\n|t:|1701083691\n|move|p2a: Arceus|Extreme Speed|p1a: Miraidon\n|-damage|p1a: Miraidon|0 fnt\n|faint|p1a: Miraidon\n|\n|upkeep\n|\n|t:|1701083694\n|switch|p1a: Groudon|Groudon|100\/100\n|-weather|SunnyDay|[from] ability: Drought|[of] p1a: Groudon\n|turn|3\n|\n|t:|1701083711\n|switch|p2a: Giratina|Giratina|100\/100\n|move|p1a: Groudon|Earthquake|p2a: Giratina\n|-damage|p2a: Giratina|73\/100\n|\n|-weather|SunnyDay|[upkeep]\n|upkeep\n|turn|4\n|\n|t:|1701083716\n|move|p1a: Groudon|Stealth Rock|p2a: Giratina\n|-sidestart|p2: Rethanonapkmn|move: Stealth Rock\n|move|p2a: Giratina|Will-O-Wisp|p1a: Groudon\n|-status|p1a: Groudon|brn\n|\n|-weather|SunnyDay|[upkeep]\n|-damage|p1a: Groudon|94\/100 brn|[from] brn\n|upkeep\n|turn|5\n|j| Steven Stone 007\n|\n|t:|1701083721\n|switch|p1a: Walking Wake|Walking Wake|100\/100\n|-activate|p1a: Walking Wake|ability: Protosynthesis\n|-start|p1a: Walking Wake|protosynthesisspa\n|move|p2a: Giratina|Defog|p1a: Walking Wake\n|-unboost|p1a: Walking Wake|evasion|1\n|-sideend|p2: Rethanonapkmn|Stealth Rock|[from] move: Defog|[of] p2a: Giratina\n|-fieldend|move: Electric Terrain\n|\n|-weather|SunnyDay|[upkeep]\n|upkeep\n|turn|6\n|inactive|Rethanonapkmn has 120 seconds left.\n|inactive|Rethanonapkmn has 90 seconds left.\n|l| Steven Stone 007\n|\n|t:|1701083769\n|switch|p2a: Flutter Mane|Flutter Mane|100\/100\n|move|p1a: Walking Wake|Hydro Steam|p2a: Flutter Mane\n|-damage|p2a: Flutter Mane|14\/100\n|\n|-weather|SunnyDay|[upkeep]\n|upkeep\n|turn|7\n|\n|t:|1701083772\n|move|p1a: Walking Wake|Hydro Steam|p2a: Flutter Mane\n|-damage|p2a: Flutter Mane|0 fnt\n|faint|p2a: Flutter Mane\n|\n|-weather|SunnyDay|[upkeep]\n|upkeep\n|inactive|Rethanonapkmn has 90 seconds left.\n|\n|t:|1701083800\n|switch|p2a: Eternatus|Eternatus|100\/100\n|turn|8\n|\n|t:|1701083814\n|-end|p1a: Walking Wake|Protosynthesis|[silent]\n|switch|p1a: Zacian|Zacian-Crowned|100\/100\n|-ability|p1a: Zacian|Intrepid Sword|boost\n|-boost|p1a: Zacian|atk|1\n|move|p2a: Eternatus|Flamethrower|p1a: Zacian\n|-supereffective|p1a: Zacian\n|-damage|p1a: Zacian|22\/100\n|\n|-weather|SunnyDay|[upkeep]\n|upkeep\n|turn|9\n|\n|t:|1701083823\n|move|p1a: Zacian|Behemoth Blade|p2a: Eternatus\n|-damage|p2a: Eternatus|28\/100\n|move|p2a: Eternatus|Flamethrower|p1a: Zacian\n|-supereffective|p1a: Zacian\n|-damage|p1a: Zacian|0 fnt\n|faint|p1a: Zacian\n|\n|-weather|SunnyDay|[upkeep]\n|upkeep\n|\n|t:|1701083828\n|switch|p1a: Walking Wake|Walking Wake|100\/100\n|-activate|p1a: Walking Wake|ability: Protosynthesis\n|-start|p1a: Walking Wake|protosynthesisspa\n|turn|10\n|inactive|Rethanonapkmn has 90 seconds left.\n|j| Steven Stone 007\n|l|\u2606Rethanonapkmn\n|inactive|Rethanonapkmn disconnected and has a minute to reconnect!\n|player|p2|\n|l| Steven Stone 007\n|inactive|Rethanonapkmn has 30 seconds to reconnect!\n|inactive|Rethanonapkmn has 20 seconds to reconnect!\n|j|\u2606Rethanonapkmn\n|inactive|Rethanonapkmn reconnected and has 30 seconds left.\n|player|p2|Rethanonapkmn|gambler\n|inactive|Rethanonapkmn has 20 seconds left.\n|\n|t:|1701083908\n|switch|p2a: Giratina|Giratina|100\/100\n|move|p1a: Walking Wake|Dragon Pulse|p2a: Giratina\n|-supereffective|p2a: Giratina\n|-damage|p2a: Giratina|33\/100\n|\n|-weather|none\n|-end|p1a: Walking Wake|Protosynthesis\n|upkeep\n|turn|11\n|inactive|Rethanonapkmn has 30 seconds left this turn.\n|inactive|Rethanonapkmn has 20 seconds left.\n|\n|t:|1701083919\n|switch|p2a: Calyrex|Calyrex-Shadow|100\/100\n|move|p1a: Walking Wake|Dragon Pulse|p2a: Calyrex\n|-damage|p2a: Calyrex|55\/100\n|\n|upkeep\n|turn|12\n|inactive|Rethanonapkmn has 30 seconds left this turn.\n|\n|t:|1701083931\n|-end|p1a: Walking Wake|Protosynthesis|[silent]\n|switch|p1a: Groudon|Groudon|94\/100 brn\n|-weather|SunnyDay|[from] ability: Drought|[of] p1a: Groudon\n|move|p2a: Calyrex|Astral Barrage|p1a: Groudon\n|-damage|p1a: Groudon|0 fnt\n|faint|p1a: Groudon\n|\n|-weather|SunnyDay|[upkeep]\n|upkeep\n|inactive|Rethanonapkmn has 30 seconds left this turn.\n|\n|t:|1701083937\n|switch|p1a: Walking Wake|Walking Wake|100\/100\n|-activate|p1a: Walking Wake|ability: Protosynthesis\n|-start|p1a: Walking Wake|protosynthesisspa\n|turn|13\n|inactive|Rethanonapkmn has 30 seconds left.\n|l|\u2606Rethanonapkmn\n|inactive|Rethanonapkmn disconnected and has a minute to reconnect!\n|player|p2|\n|inactive|Rethanonapkmn has 20 seconds left.\n|j|\u2606Rethanonapkmn\n|inactive|Rethanonapkmn reconnected and has 20 seconds left.\n|player|p2|Rethanonapkmn|gambler\n|inactive|Rethanonapkmn has 15 seconds left.\n|\n|t:|1701083965\n|move|p1a: Walking Wake|Hydro Steam|p2a: Calyrex\n|-damage|p2a: Calyrex|0 fnt\n|faint|p2a: Calyrex\n|\n|-weather|SunnyDay|[upkeep]\n|upkeep\n|inactive|Rethanonapkmn has 20 seconds left this turn.\n|inactive|Rethanonapkmn has 15 seconds left.\n|\n|t:|1701083974\n|switch|p2a: Giratina|Giratina|67\/100\n|turn|14\n|inactive|Rethanonapkmn has 25 seconds left this turn.\n|inactive|Rethanonapkmn has 20 seconds left.\n|c|\u2606XYZ15|regenerator\n|l|\u2606Rethanonapkmn\n|inactive|Rethanonapkmn disconnected and has a minute to reconnect!\n|player|p2|\n|c|\u2606XYZ15|nice choice\n|inactive|Rethanonapkmn has 15 seconds left.\n|j|\u2606Rethanonapkmn\n|inactive|Rethanonapkmn reconnected and has 15 seconds left.\n|player|p2|Rethanonapkmn|gambler\n|inactive|Rethanonapkmn has 10 seconds left.\n|\n|t:|1701083993\n|-end|p1a: Walking Wake|Protosynthesis|[silent]\n|switch|p1a: Ogerpon|Ogerpon-Hearthflame, F|100\/100\n|-ability|p1a: Ogerpon|Mold Breaker\n|move|p2a: Giratina|Dragon Tail|p1a: Ogerpon\n|-damage|p1a: Ogerpon|75\/100\n|drag|p1a: Landorus|Landorus, M|100\/100\n|\n|-weather|SunnyDay|[upkeep]\n|upkeep\n|turn|15\n|inactive|Rethanonapkmn has 20 seconds left this turn.\n|\n|t:|1701084003\n|switch|p2a: Eternatus|Eternatus|28\/100\n|move|p1a: Landorus|Earth Power|p2a: Eternatus\n|-heal|p2a: Eternatus|53\/100|[from] ability: Earth Eater|[of] p1a: Landorus\n|\n|-weather|SunnyDay|[upkeep]\n|upkeep\n|turn|16\n|inactive|Rethanonapkmn has 30 seconds left this turn.\n|inactive|Rethanonapkmn has 20 seconds left.\n|\n|t:|1701084014\n|move|p2a: Eternatus|Recover|p2a: Eternatus\n|-heal|p2a: Eternatus|100\/100\n|move|p1a: Landorus|Nasty Plot|p1a: Landorus\n|-boost|p1a: Landorus|spa|2\n|\n|-weather|SunnyDay|[upkeep]\n|upkeep\n|turn|17\n|inactive|Rethanonapkmn has 30 seconds left this turn.\n|\n|t:|1701084023\n|move|p2a: Eternatus|Flamethrower|p1a: Landorus\n|-damage|p1a: Landorus|45\/100\n|-status|p1a: Landorus|brn\n|move|p1a: Landorus|Focus Blast|p2a: Eternatus\n|-resisted|p2a: Eternatus\n|-damage|p2a: Eternatus|60\/100\n|\n|-weather|SunnyDay|[upkeep]\n|-damage|p1a: Landorus|39\/100 brn|[from] brn\n|upkeep\n|turn|18\n|\n|t:|1701084034\n|switch|p1a: Walking Wake|Walking Wake|100\/100\n|-activate|p1a: Walking Wake|ability: Protosynthesis\n|-start|p1a: Walking Wake|protosynthesisspa\n|move|p2a: Eternatus|Flamethrower|p1a: Walking Wake\n|-resisted|p1a: Walking Wake\n|-damage|p1a: Walking Wake|89\/100\n|\n|-weather|SunnyDay|[upkeep]\n|upkeep\n|turn|19\n|\n|t:|1701084041\n|switch|p2a: Groudon|Groudon|100\/100\n|move|p1a: Walking Wake|Dragon Pulse|p2a: Groudon\n|-damage|p2a: Groudon|49\/100\n|\n|-weather|none\n|-end|p1a: Walking Wake|Protosynthesis\n|-heal|p2a: Groudon|55\/100|[from] item: Leftovers\n|upkeep\n|turn|20\n|\n|t:|1701084046\n|-end|p1a: Walking Wake|Protosynthesis|[silent]\n|switch|p1a: Landorus|Landorus, M|39\/100 brn\n|move|p2a: Groudon|Spikes|p1a: Landorus\n|-sidestart|p1: XYZ15|Spikes\n|\n|-heal|p2a: Groudon|61\/100|[from] item: Leftovers\n|-damage|p1a: Landorus|33\/100 brn|[from] brn\n|upkeep\n|turn|21\n|\n|t:|1701084051\n|move|p1a: Landorus|Nasty Plot|p1a: Landorus\n|-boost|p1a: Landorus|spa|2\n|move|p2a: Groudon|Spikes|p1a: Landorus\n|-sidestart|p1: XYZ15|Spikes\n|\n|-heal|p2a: Groudon|67\/100|[from] item: Leftovers\n|-damage|p1a: Landorus|27\/100 brn|[from] brn\n|upkeep\n|turn|22\n|\n|t:|1701084053\n|move|p1a: Landorus|Nasty Plot|p1a: Landorus\n|-boost|p1a: Landorus|spa|2\n|move|p2a: Groudon|Spikes|p1a: Landorus\n|-sidestart|p1: XYZ15|Spikes\n|\n|-heal|p2a: Groudon|74\/100|[from] item: Leftovers\n|-damage|p1a: Landorus|22\/100 brn|[from] brn\n|upkeep\n|turn|23\n|\n|t:|1701084060\n|move|p1a: Landorus|Earth Power|p2a: Groudon\n|-damage|p2a: Groudon|0 fnt\n|faint|p2a: Groudon\n|\n|-damage|p1a: Landorus|16\/100 brn|[from] brn\n|upkeep\n|\n|t:|1701084070\n|switch|p2a: Eternatus|Eternatus|60\/100\n|turn|24\n|inactive|Rethanonapkmn has 90 seconds left.\n|\n|t:|1701084078\n|move|p2a: Eternatus|Dynamax Cannon|p1a: Landorus\n|-damage|p1a: Landorus|0 fnt\n|faint|p1a: Landorus\n|\n|upkeep\n|\n|t:|1701084081\n|switch|p1a: Walking Wake|Walking Wake|89\/100\n|-damage|p1a: Walking Wake|64\/100|[from] Spikes\n|turn|25\n|\n|t:|1701084085\n|move|p1a: Walking Wake|Draco Meteor|p2a: Eternatus\n|-supereffective|p2a: Eternatus\n|-damage|p2a: Eternatus|0 fnt\n|-unboost|p1a: Walking Wake|spa|2\n|faint|p2a: Eternatus\n|\n|upkeep\n|\n|t:|1701084087\n|switch|p2a: Arceus|Arceus|23\/100\n|turn|26\n|\n|t:|1701084090\n|move|p2a: Arceus|Extreme Speed|p1a: Walking Wake\n|-damage|p1a: Walking Wake|10\/100\n|move|p1a: Walking Wake|Draco Meteor|p2a: Arceus\n|-damage|p2a: Arceus|2\/100\n|-unboost|p1a: Walking Wake|spa|2\n|\n|upkeep\n|turn|27\n|\n|t:|1701084094\n|move|p2a: Arceus|Extreme Speed|p1a: Walking Wake\n|-damage|p1a: Walking Wake|0 fnt\n|faint|p1a: Walking Wake\n|-end|p1a: Walking Wake|Protosynthesis|[silent]\n|\n|upkeep\n|c|\u2606XYZ15|gg\n|\n|t:|1701084098\n|switch|p1a: Ogerpon|Ogerpon-Hearthflame, F|75\/100\n|-damage|p1a: Ogerpon|50\/100|[from] Spikes\n|-ability|p1a: Ogerpon|Mold Breaker\n|turn|28\n|\n|t:|1701084101\n|move|p2a: Arceus|Extreme Speed|p1a: Ogerpon\n|-damage|p1a: Ogerpon|0 fnt\n|faint|p1a: Ogerpon\n|\n|win|Rethanonapkmn\n|n|\u2606XYZ15|xyz15\n|n|*Lady Monita \u2746|ladymonita\n|n|\u2606Rethanonapkmn|rethanonapkmn\n","uploadtime":1701084103,"views":1,"p1id":"xyz15","p2id":"rethanonapkmn","formatid":"gen9ubers","rating":0,"private":0,"password":""}