{"id":"gen9ubers-1979611264","p1":"gtrhthtfg","p2":"tiondura","format":"[Gen 9] Ubers","log":"|j|\u2606gtrhthtfg\n|j|\u2606tiondura\n|t:|1698696549\n|gametype|singles\n|player|p1|gtrhthtfg|lucas|1000\n|player|p2|tiondura|parasollady-gen4|1119\n|teamsize|p1|6\n|teamsize|p2|6\n|gen|9\n|tier|[Gen 9] Ubers\n|rated|\n|rule|Sleep Clause Mod: Limit one foe put to sleep\n|rule|Species Clause: Limit one of each Pok\u00e9mon\n|rule|OHKO Clause: OHKO moves are banned\n|rule|Evasion Items Clause: Evasion items are banned\n|rule|Evasion Moves Clause: Evasion moves are banned\n|rule|Endless Battle Clause: Forcing endless battles is banned\n|rule|HP Percentage Mod: HP is shown in percentages\n|clearpoke\n|poke|p1|Landorus-Therian, M|\n|poke|p1|Zacian-*|\n|poke|p1|Arceus-Ghost|\n|poke|p1|Eternatus|\n|poke|p1|Kyogre|\n|poke|p1|Groudon|\n|poke|p2|Giratina-Origin|\n|poke|p2|Miraidon|\n|poke|p2|Koraidon|\n|poke|p2|Ribombee, F|\n|poke|p2|Zacian-*|\n|poke|p2|Great Tusk|\n|teampreview\n|\n|t:|1698696560\n|start\n|switch|p1a: Eternatus|Eternatus|100\/100\n|switch|p2a: Giratina|Giratina-Origin|100\/100\n|-ability|p1a: Eternatus|Pressure\n|turn|1\n|\n|t:|1698696568\n|switch|p2a: Ribombee|Ribombee, F|100\/100\n|move|p1a: Eternatus|Toxic Spikes|p2a: Ribombee\n|-sidestart|p2: tiondura|move: Toxic Spikes\n|\n|upkeep\n|turn|2\n|\n|t:|1698696576\n|switch|p1a: Arceus|Arceus-Ghost|100\/100\n|move|p2a: Ribombee|Sticky Web|p1a: Arceus\n|-sidestart|p1: gtrhthtfg|move: Sticky Web\n|\n|upkeep\n|turn|3\n|\n|t:|1698696582\n|move|p1a: Arceus|Extreme Speed|p2a: Ribombee\n|-damage|p2a: Ribombee|56\/100\n|move|p2a: Ribombee|Stun Spore|p1a: Arceus|[miss]\n|-miss|p2a: Ribombee|p1a: Arceus\n|\n|upkeep\n|turn|4\n|\n|t:|1698696587\n|move|p2a: Ribombee|Stun Spore|p1a: Arceus\n|-status|p1a: Arceus|par\n|move|p1a: Arceus|Swords Dance|p1a: Arceus\n|-boost|p1a: Arceus|atk|2\n|\n|upkeep\n|turn|5\n|\n|t:|1698696590\n|cant|p1a: Arceus|par\n|move|p2a: Ribombee|Moonblast|p1a: Arceus\n|-damage|p1a: Arceus|76\/100 par\n|-unboost|p1a: Arceus|spa|1\n|\n|upkeep\n|turn|6\n|\n|t:|1698696594\n|move|p1a: Arceus|Extreme Speed|p2a: Ribombee\n|-damage|p2a: Ribombee|0 fnt\n|faint|p2a: Ribombee\n|\n|upkeep\n|\n|t:|1698696597\n|switch|p2a: Giratina|Giratina-Origin|100\/100\n|turn|7\n|\n|t:|1698696601\n|move|p2a: Giratina|Shadow Ball|p1a: Arceus\n|-supereffective|p1a: Arceus\n|-damage|p1a: Arceus|1\/100 par\n|-unboost|p1a: Arceus|spd|1\n|cant|p1a: Arceus|par\n|\n|upkeep\n|turn|8\n|j| 23pokemon\n|l| 23pokemon\n|\n|t:|1698696611\n|move|p2a: Giratina|Shadow Ball|p1a: Arceus\n|-supereffective|p1a: Arceus\n|-damage|p1a: Arceus|0 fnt\n|faint|p1a: Arceus\n|\n|upkeep\n|\n|t:|1698696614\n|switch|p1a: Kyogre|Kyogre|100\/100\n|-activate|p1a: Kyogre|move: Sticky Web\n|-unboost|p1a: Kyogre|spe|1\n|-weather|RainDance|[from] ability: Drizzle|[of] p1a: Kyogre\n|turn|9\n|\n|t:|1698696620\n|move|p2a: Giratina|Shadow Ball|p1a: Kyogre\n|-damage|p1a: Kyogre|78\/100\n|move|p1a: Kyogre|Ice Beam|p2a: Giratina\n|-supereffective|p2a: Giratina\n|-damage|p2a: Giratina|42\/100\n|\n|-weather|RainDance|[upkeep]\n|upkeep\n|turn|10\n|\n|t:|1698696640\n|move|p2a: Giratina|Draco Meteor|p1a: Kyogre\n|-damage|p1a: Kyogre|39\/100\n|-unboost|p2a: Giratina|spa|2\n|move|p1a: Kyogre|Ice Beam|p2a: Giratina\n|-supereffective|p2a: Giratina\n|-damage|p2a: Giratina|0 fnt\n|faint|p2a: Giratina\n|\n|-weather|RainDance|[upkeep]\n|upkeep\n|\n|t:|1698696649\n|switch|p2a: Zacian|Zacian-Crowned|100\/100\n|-ability|p2a: Zacian|Intrepid Sword|boost\n|-boost|p2a: Zacian|atk|1\n|turn|11\n|\n|t:|1698696654\n|switch|p1a: Landorus|Landorus-Therian, M|100\/100\n|-ability|p1a: Landorus|Intimidate|boost\n|-unboost|p2a: Zacian|atk|1\n|move|p2a: Zacian|Play Rough|p1a: Landorus\n|-damage|p1a: Landorus|63\/100\n|-damage|p2a: Zacian|84\/100|[from] item: Rocky Helmet|[of] p1a: Landorus\n|\n|-weather|RainDance|[upkeep]\n|upkeep\n|turn|12\n|\n|t:|1698696664\n|switch|p2a: Great Tusk|Great Tusk|100\/100\n|move|p1a: Landorus|U-turn|p2a: Great Tusk\n|-resisted|p2a: Great Tusk\n|-damage|p2a: Great Tusk|93\/100\n|\n|t:|1698696670\n|switch|p1a: Kyogre|Kyogre|39\/100|[from] U-turn\n|-activate|p1a: Kyogre|move: Sticky Web\n|-unboost|p1a: Kyogre|spe|1\n|\n|-weather|RainDance|[upkeep]\n|upkeep\n|turn|13\n|\n|t:|1698696679\n|move|p2a: Great Tusk|Earthquake|p1a: Kyogre\n|-damage|p1a: Kyogre|0 fnt\n|faint|p1a: Kyogre\n|\n|-weather|none\n|upkeep\n|\n|t:|1698696685\n|switch|p1a: Groudon|Groudon|100\/100\n|-activate|p1a: Groudon|move: Sticky Web\n|-unboost|p1a: Groudon|spe|1\n|-weather|SunnyDay|[from] ability: Drought|[of] p1a: Groudon\n|-activate|p2a: Great Tusk|ability: Protosynthesis\n|-start|p2a: Great Tusk|protosynthesisdef\n|turn|14\n|\n|t:|1698696693\n|move|p2a: Great Tusk|Stealth Rock|p1a: Groudon\n|-sidestart|p1: gtrhthtfg|move: Stealth Rock\n|move|p1a: Groudon|Will-O-Wisp|p2a: Great Tusk\n|-status|p2a: Great Tusk|brn\n|\n|-weather|SunnyDay|[upkeep]\n|-damage|p2a: Great Tusk|87\/100 brn|[from] brn\n|upkeep\n|turn|15\n|\n|t:|1698696700\n|move|p2a: Great Tusk|Rapid Spin|p1a: Groudon\n|-damage|p1a: Groudon|96\/100\n|-boost|p2a: Great Tusk|spe|1\n|-sideend|p2: tiondura|Toxic Spikes|[from] move: Rapid Spin|[of] p2a: Great Tusk\n|move|p1a: Groudon|Earthquake|p2a: Great Tusk\n|-damage|p2a: Great Tusk|62\/100 brn\n|\n|-weather|SunnyDay|[upkeep]\n|-heal|p1a: Groudon|100\/100|[from] item: Leftovers\n|-damage|p2a: Great Tusk|56\/100 brn|[from] brn\n|upkeep\n|turn|16\n|\n|t:|1698696707\n|move|p2a: Great Tusk|Ice Spinner|p1a: Groudon\n|-supereffective|p1a: Groudon\n|-damage|p1a: Groudon|88\/100\n|move|p1a: Groudon|Earthquake|p2a: Great Tusk\n|-damage|p2a: Great Tusk|30\/100 brn\n|\n|-weather|SunnyDay|[upkeep]\n|-heal|p1a: Groudon|94\/100|[from] item: Leftovers\n|-damage|p2a: Great Tusk|24\/100 brn|[from] brn\n|upkeep\n|turn|17\n|\n|t:|1698696717\n|move|p2a: Great Tusk|Ice Spinner|p1a: Groudon\n|-supereffective|p1a: Groudon\n|-damage|p1a: Groudon|81\/100\n|move|p1a: Groudon|Earthquake|p2a: Great Tusk\n|-damage|p2a: Great Tusk|0 fnt\n|faint|p2a: Great Tusk\n|-end|p2a: Great Tusk|Protosynthesis|[silent]\n|\n|-weather|SunnyDay|[upkeep]\n|-heal|p1a: Groudon|88\/100|[from] item: Leftovers\n|upkeep\n|\n|t:|1698696720\n|switch|p2a: Miraidon|Miraidon|100\/100\n|-fieldstart|move: Electric Terrain|[from] ability: Hadron Engine|[of] p2a: Miraidon\n|turn|18\n|\n|t:|1698696732\n|-terastallize|p1a: Groudon|Fairy\n|move|p2a: Miraidon|Dragon Pulse|p1a: Groudon\n|-immune|p1a: Groudon\n|move|p1a: Groudon|Earthquake|p2a: Miraidon\n|-supereffective|p2a: Miraidon\n|-damage|p2a: Miraidon|0 fnt\n|faint|p2a: Miraidon\n|\n|-weather|none\n|-heal|p1a: Groudon|94\/100|[from] item: Leftovers\n|upkeep\n|\n|t:|1698696737\n|switch|p2a: Zacian|Zacian-Crowned|84\/100\n|turn|19\n|\n|t:|1698696742\n|switch|p1a: Landorus|Landorus-Therian, M|63\/100\n|-damage|p1a: Landorus|50\/100|[from] Stealth Rock\n|-ability|p1a: Landorus|Intimidate|boost\n|-unboost|p2a: Zacian|atk|1\n|-terastallize|p2a: Zacian|Flying\n|move|p2a: Zacian|Swords Dance|p2a: Zacian\n|-boost|p2a: Zacian|atk|2\n|\n|upkeep\n|turn|20\n|\n|t:|1698696749\n|move|p2a: Zacian|Swords Dance|p2a: Zacian\n|-boost|p2a: Zacian|atk|2\n|move|p1a: Landorus|U-turn|p2a: Zacian\n|-resisted|p2a: Zacian\n|-damage|p2a: Zacian|75\/100\n|\n|t:|1698696753\n|switch|p1a: Eternatus|Eternatus|100\/100|[from] U-turn\n|-activate|p1a: Eternatus|move: Sticky Web\n|-unboost|p1a: Eternatus|spe|1\n|-damage|p1a: Eternatus|88\/100|[from] Stealth Rock\n|-ability|p1a: Eternatus|Pressure\n|\n|upkeep\n|turn|21\n|\n|t:|1698696761\n|move|p2a: Zacian|Behemoth Blade|p1a: Eternatus\n|-damage|p1a: Eternatus|0 fnt\n|faint|p1a: Eternatus\n|\n|upkeep\n|-message|gtrhthtfg forfeited.\n|\n|win|tiondura\n|raw|gtrhthtfg's rating: 1000 &rarr; <strong>1000<\/strong><br \/>(+0 for losing)\n|raw|tiondura's rating: 1136 &rarr; <strong>1152<\/strong><br \/>(+16 for winning)\n|l|\u2606gtrhthtfg\n","uploadtime":1698696770,"views":10,"p1id":"gtrhthtfg","p2id":"tiondura","formatid":"gen9ubers","rating":1000,"private":0,"password":""}