{"id":"gen9ubers-1985183089","p1":"bpdcam","p2":"Cristaldu41","format":"[Gen 9] Ubers","log":"|j|\u2606bpdcam\n|j|\u2606Cristaldu41\n|t:|1699344708\n|gametype|singles\n|player|p1|bpdcam|grimsley-gen7|1131\n|player|p2|Cristaldu41|palmer|1215\n|teamsize|p1|6\n|teamsize|p2|6\n|gen|9\n|tier|[Gen 9] Ubers\n|rated|\n|rule|Sleep Clause Mod: Limit one foe put to sleep\n|rule|Species Clause: Limit one of each Pok\u00e9mon\n|rule|OHKO Clause: OHKO moves are banned\n|rule|Evasion Items Clause: Evasion items are banned\n|rule|Evasion Moves Clause: Evasion moves are banned\n|rule|Endless Battle Clause: Forcing endless battles is banned\n|rule|HP Percentage Mod: HP is shown in percentages\n|clearpoke\n|poke|p1|Koraidon|\n|poke|p1|Clodsire, F|\n|poke|p1|Walking Wake|\n|poke|p1|Corviknight, M|\n|poke|p1|Mewtwo|\n|poke|p1|Flutter Mane|\n|poke|p2|Zacian-*|\n|poke|p2|Arceus|\n|poke|p2|Ting-Lu|\n|poke|p2|Koraidon|\n|poke|p2|Shaymin-Sky|\n|poke|p2|Eternatus|\n|teampreview\n|inactive|Battle timer is ON: inactive players will automatically lose when time's up. (requested by bpdcam)\n|\n|t:|1699344722\n|start\n|switch|p1a: Walking Wake|Walking Wake|100\/100\n|switch|p2a: Ting-Lu|Ting-Lu|100\/100\n|-ability|p2a: Ting-Lu|Vessel of Ruin\n|turn|1\n|\n|t:|1699344733\n|switch|p2a: Eternatus|Eternatus|100\/100\n|-ability|p2a: Eternatus|Pressure\n|move|p1a: Walking Wake|Hydro Steam|p2a: Eternatus\n|-resisted|p2a: Eternatus\n|-damage|p2a: Eternatus|83\/100\n|-damage|p1a: Walking Wake|91\/100|[from] item: Life Orb\n|\n|-heal|p2a: Eternatus|89\/100|[from] item: Black Sludge\n|upkeep\n|turn|2\n|\n|t:|1699344742\n|-end|p1a: Walking Wake|Protosynthesis|[silent]\n|switch|p1a: Corviknight|Corviknight, M|100\/100\n|move|p2a: Eternatus|Toxic|p1a: Corviknight\n|-immune|p1a: Corviknight\n|\n|-heal|p2a: Eternatus|95\/100|[from] item: Black Sludge\n|upkeep\n|turn|3\n|\n|t:|1699344746\n|move|p2a: Eternatus|Flamethrower|p1a: Corviknight\n|-supereffective|p1a: Corviknight\n|-damage|p1a: Corviknight|60\/100\n|move|p1a: Corviknight|Taunt|p2a: Eternatus\n|-start|p2a: Eternatus|move: Taunt\n|\n|-heal|p2a: Eternatus|100\/100|[from] item: Black Sludge\n|-heal|p1a: Corviknight|66\/100|[from] item: Leftovers\n|upkeep\n|turn|4\n|\n|t:|1699344752\n|switch|p1a: Clodsire|Clodsire, F|100\/100\n|move|p2a: Eternatus|Flamethrower|p1a: Clodsire\n|-damage|p1a: Clodsire|79\/100\n|\n|upkeep\n|turn|5\n|\n|t:|1699344757\n|move|p2a: Eternatus|Dynamax Cannon|p1a: Clodsire\n|-damage|p1a: Clodsire|41\/100\n|move|p1a: Clodsire|Toxic Spikes|p2a: Eternatus\n|-sidestart|p2: Cristaldu41|move: Toxic Spikes\n|\n|upkeep\n|turn|6\n|\n|t:|1699344764\n|move|p2a: Eternatus|Dynamax Cannon|p1a: Clodsire\n|-damage|p1a: Clodsire|7\/100\n|move|p1a: Clodsire|Recover|p1a: Clodsire\n|-heal|p1a: Clodsire|57\/100\n|\n|-end|p2a: Eternatus|move: Taunt\n|upkeep\n|turn|7\n|\n|t:|1699344770\n|switch|p2a: Shaymin|Shaymin-Sky|100\/100\n|move|p1a: Clodsire|Recover|p1a: Clodsire\n|-heal|p1a: Clodsire|100\/100\n|\n|upkeep\n|turn|8\n|\n|t:|1699344778\n|switch|p1a: Koraidon|Koraidon|100\/100\n|-weather|SunnyDay|[from] ability: Orichalcum Pulse|[of] p1a: Koraidon\n|-activate|p1a: Koraidon|Orichalcum Pulse|[source]\n|move|p2a: Shaymin|Seed Flare|p1a: Koraidon\n|-resisted|p1a: Koraidon\n|-damage|p1a: Koraidon|72\/100\n|\n|-weather|SunnyDay|[upkeep]\n|upkeep\n|turn|9\n|\n|t:|1699344786\n|switch|p2a: Eternatus|Eternatus|100\/100\n|-sideend|p2: Cristaldu41|move: Toxic Spikes|[of] p2a: Eternatus\n|-ability|p2a: Eternatus|Pressure\n|move|p1a: Koraidon|U-turn|p2a: Eternatus\n|-resisted|p2a: Eternatus\n|-damage|p2a: Eternatus|85\/100\n|\n|t:|1699344791\n|switch|p1a: Flutter Mane|Flutter Mane|100\/100|[from] U-turn\n|-activate|p1a: Flutter Mane|ability: Protosynthesis\n|-start|p1a: Flutter Mane|protosynthesisspe\n|\n|-weather|SunnyDay|[upkeep]\n|-heal|p2a: Eternatus|92\/100|[from] item: Black Sludge\n|upkeep\n|turn|10\n|\n|t:|1699344796\n|move|p1a: Flutter Mane|Psyshock|p2a: Eternatus\n|-supereffective|p2a: Eternatus\n|-damage|p2a: Eternatus|38\/100\n|move|p2a: Eternatus|Toxic|p1a: Flutter Mane\n|-status|p1a: Flutter Mane|tox\n|\n|-weather|SunnyDay|[upkeep]\n|-heal|p2a: Eternatus|44\/100|[from] item: Black Sludge\n|-damage|p1a: Flutter Mane|95\/100 tox|[from] psn\n|upkeep\n|turn|11\n|\n|t:|1699344803\n|switch|p2a: Ting-Lu|Ting-Lu|100\/100\n|-ability|p2a: Ting-Lu|Vessel of Ruin\n|move|p1a: Flutter Mane|Psyshock|p2a: Ting-Lu\n|-immune|p2a: Ting-Lu\n|\n|-weather|SunnyDay|[upkeep]\n|-damage|p1a: Flutter Mane|83\/100 tox|[from] psn\n|upkeep\n|turn|12\n|\n|t:|1699344810\n|-end|p1a: Flutter Mane|Protosynthesis|[silent]\n|switch|p1a: Clodsire|Clodsire, F|100\/100\n|move|p2a: Ting-Lu|Earthquake|p1a: Clodsire\n|-supereffective|p1a: Clodsire\n|-damage|p1a: Clodsire|47\/100\n|\n|-weather|none\n|upkeep\n|turn|13\n|\n|t:|1699344816\n|switch|p1a: Corviknight|Corviknight, M|66\/100\n|move|p2a: Ting-Lu|Earthquake|p1a: Corviknight\n|-immune|p1a: Corviknight\n|\n|-heal|p1a: Corviknight|72\/100|[from] item: Leftovers\n|upkeep\n|turn|14\n|\n|t:|1699344820\n|move|p1a: Corviknight|Body Press|p2a: Ting-Lu\n|-supereffective|p2a: Ting-Lu\n|-damage|p2a: Ting-Lu|80\/100\n|move|p2a: Ting-Lu|Spikes|p1a: Corviknight\n|-sidestart|p1: bpdcam|Spikes\n|\n|-heal|p1a: Corviknight|79\/100|[from] item: Leftovers\n|-heal|p2a: Ting-Lu|86\/100|[from] item: Leftovers\n|upkeep\n|turn|15\n|\n|t:|1699344824\n|move|p1a: Corviknight|Taunt|p2a: Ting-Lu\n|-start|p2a: Ting-Lu|move: Taunt\n|cant|p2a: Ting-Lu|move: Taunt|Spikes\n|\n|-heal|p1a: Corviknight|85\/100|[from] item: Leftovers\n|-heal|p2a: Ting-Lu|92\/100|[from] item: Leftovers\n|upkeep\n|turn|16\n|\n|t:|1699344827\n|switch|p2a: Eternatus|Eternatus|44\/100\n|-ability|p2a: Eternatus|Pressure\n|move|p1a: Corviknight|Defog|p2a: Eternatus\n|-unboost|p2a: Eternatus|evasion|1\n|-sideend|p1: bpdcam|Spikes|[from] move: Defog|[of] p1a: Corviknight\n|\n|-heal|p2a: Eternatus|50\/100|[from] item: Black Sludge\n|-heal|p1a: Corviknight|91\/100|[from] item: Leftovers\n|upkeep\n|turn|17\n|\n|t:|1699344833\n|move|p2a: Eternatus|Recover|p2a: Eternatus\n|-heal|p2a: Eternatus|99\/100\n|move|p1a: Corviknight|Body Press|p2a: Eternatus\n|-resisted|p2a: Eternatus\n|-damage|p2a: Eternatus|95\/100\n|\n|-heal|p2a: Eternatus|100\/100|[from] item: Black Sludge\n|-heal|p1a: Corviknight|97\/100|[from] item: Leftovers\n|upkeep\n|turn|18\n|\n|t:|1699344844\n|switch|p1a: Clodsire|Clodsire, F|47\/100\n|move|p2a: Eternatus|Flamethrower|p1a: Clodsire\n|-damage|p1a: Clodsire|25\/100\n|\n|upkeep\n|turn|19\n|\n|t:|1699344848\n|move|p2a: Eternatus|Dynamax Cannon|p1a: Clodsire\n|-damage|p1a: Clodsire|0 fnt\n|faint|p1a: Clodsire\n|\n|upkeep\n|\n|t:|1699344852\n|switch|p1a: Mewtwo|Mewtwo|100\/100\n|-ability|p1a: Mewtwo|Unnerve\n|turn|20\n|\n|t:|1699344855\n|switch|p2a: Ting-Lu|Ting-Lu|92\/100\n|-ability|p2a: Ting-Lu|Vessel of Ruin\n|move|p1a: Mewtwo|Nasty Plot|p1a: Mewtwo\n|-boost|p1a: Mewtwo|spa|2\n|\n|-heal|p2a: Ting-Lu|99\/100|[from] item: Leftovers\n|upkeep\n|turn|21\n|\n|t:|1699344865\n|move|p1a: Mewtwo|Ice Beam|p2a: Ting-Lu\n|-supereffective|p2a: Ting-Lu\n|-damage|p2a: Ting-Lu|32\/100\n|move|p2a: Ting-Lu|Whirlwind|p1a: Mewtwo\n|drag|p1a: Walking Wake|Walking Wake|91\/100\n|\n|-heal|p2a: Ting-Lu|38\/100|[from] item: Leftovers\n|upkeep\n|turn|22\n|\n|t:|1699344872\n|switch|p2a: Eternatus|Eternatus|100\/100\n|-ability|p2a: Eternatus|Pressure\n|move|p1a: Walking Wake|Draco Meteor|p2a: Eternatus|[miss]\n|-miss|p1a: Walking Wake|p2a: Eternatus\n|\n|upkeep\n|turn|23\n|\n|t:|1699344878\n|-end|p1a: Walking Wake|Protosynthesis|[silent]\n|switch|p1a: Flutter Mane|Flutter Mane|83\/100 tox\n|switch|p2a: Zacian|Zacian-Crowned|100\/100\n|-ability|p2a: Zacian|Intrepid Sword|boost\n|-boost|p2a: Zacian|atk|1\n|\n|-damage|p1a: Flutter Mane|77\/100 tox|[from] psn\n|upkeep\n|turn|24\n|\n|t:|1699344885\n|move|p2a: Zacian|Swords Dance|p2a: Zacian\n|-boost|p2a: Zacian|atk|2\n|move|p1a: Flutter Mane|Shadow Ball|p2a: Zacian\n|-damage|p2a: Zacian|43\/100\n|-unboost|p2a: Zacian|spd|1\n|\n|-damage|p1a: Flutter Mane|65\/100 tox|[from] psn\n|upkeep\n|turn|25\n|\n|t:|1699344895\n|move|p2a: Zacian|Behemoth Blade|p1a: Flutter Mane\n|-supereffective|p1a: Flutter Mane\n|-damage|p1a: Flutter Mane|0 fnt\n|faint|p1a: Flutter Mane\n|-end|p1a: Flutter Mane|Protosynthesis|[silent]\n|\n|upkeep\n|\n|t:|1699344903\n|switch|p1a: Koraidon|Koraidon|72\/100\n|-weather|SunnyDay|[from] ability: Orichalcum Pulse|[of] p1a: Koraidon\n|-activate|p1a: Koraidon|Orichalcum Pulse|[source]\n|turn|26\n|\n|t:|1699344907\n|switch|p2a: Eternatus|Eternatus|100\/100\n|-ability|p2a: Eternatus|Pressure\n|switch|p1a: Corviknight|Corviknight, M|97\/100\n|\n|-weather|SunnyDay|[upkeep]\n|-heal|p1a: Corviknight|100\/100|[from] item: Leftovers\n|upkeep\n|turn|27\n|\n|t:|1699344913\n|move|p2a: Eternatus|Flamethrower|p1a: Corviknight\n|-supereffective|p1a: Corviknight\n|-damage|p1a: Corviknight|45\/100\n|move|p1a: Corviknight|Taunt|p2a: Eternatus\n|-start|p2a: Eternatus|move: Taunt\n|\n|-weather|SunnyDay|[upkeep]\n|-heal|p1a: Corviknight|52\/100|[from] item: Leftovers\n|upkeep\n|turn|28\n|\n|t:|1699344916\n|switch|p1a: Walking Wake|Walking Wake|91\/100\n|-activate|p1a: Walking Wake|ability: Protosynthesis\n|-start|p1a: Walking Wake|protosynthesisspe\n|move|p2a: Eternatus|Flamethrower|p1a: Walking Wake\n|-resisted|p1a: Walking Wake\n|-damage|p1a: Walking Wake|79\/100\n|\n|-weather|SunnyDay|[upkeep]\n|upkeep\n|turn|29\n|\n|t:|1699344921\n|move|p1a: Walking Wake|Draco Meteor|p2a: Eternatus\n|-supereffective|p2a: Eternatus\n|-damage|p2a: Eternatus|0 fnt\n|-unboost|p1a: Walking Wake|spa|2\n|faint|p2a: Eternatus\n|-damage|p1a: Walking Wake|69\/100|[from] item: Life Orb\n|\n|-weather|SunnyDay|[upkeep]\n|upkeep\n|\n|t:|1699344926\n|switch|p2a: Zacian|Zacian-Crowned|43\/100\n|turn|30\n|\n|t:|1699344931\n|move|p1a: Walking Wake|Flamethrower|p2a: Zacian\n|-supereffective|p2a: Zacian\n|-damage|p2a: Zacian|0 fnt\n|faint|p2a: Zacian\n|-damage|p1a: Walking Wake|59\/100|[from] item: Life Orb\n|\n|-weather|none\n|-end|p1a: Walking Wake|Protosynthesis\n|upkeep\n|\n|t:|1699344941\n|switch|p2a: Shaymin|Shaymin-Sky|100\/100\n|turn|31\n|\n|t:|1699344949\n|-end|p1a: Walking Wake|Protosynthesis|[silent]\n|switch|p1a: Koraidon|Koraidon|72\/100\n|-weather|SunnyDay|[from] ability: Orichalcum Pulse|[of] p1a: Koraidon\n|-activate|p1a: Koraidon|Orichalcum Pulse|[source]\n|move|p2a: Shaymin|Seed Flare|p1a: Koraidon\n|-resisted|p1a: Koraidon\n|-damage|p1a: Koraidon|42\/100\n|-unboost|p1a: Koraidon|spd|2\n|\n|-weather|SunnyDay|[upkeep]\n|upkeep\n|turn|32\n|\n|t:|1699344958\n|switch|p2a: Ting-Lu|Ting-Lu|38\/100\n|-ability|p2a: Ting-Lu|Vessel of Ruin\n|switch|p1a: Corviknight|Corviknight, M|52\/100\n|\n|-weather|SunnyDay|[upkeep]\n|-heal|p1a: Corviknight|58\/100|[from] item: Leftovers\n|-heal|p2a: Ting-Lu|45\/100|[from] item: Leftovers\n|upkeep\n|turn|33\n|\n|t:|1699344970\n|move|p1a: Corviknight|Roost|p1a: Corviknight\n|-heal|p1a: Corviknight|100\/100\n|-singleturn|p1a: Corviknight|move: Roost\n|move|p2a: Ting-Lu|Spikes|p1a: Corviknight\n|-sidestart|p1: bpdcam|Spikes\n|\n|-weather|SunnyDay|[upkeep]\n|-heal|p2a: Ting-Lu|51\/100|[from] item: Leftovers\n|upkeep\n|turn|34\n|\n|t:|1699344977\n|move|p1a: Corviknight|Body Press|p2a: Ting-Lu\n|-supereffective|p2a: Ting-Lu\n|-damage|p2a: Ting-Lu|31\/100\n|move|p2a: Ting-Lu|Whirlwind|p1a: Corviknight\n|drag|p1a: Koraidon|Koraidon|42\/100\n|-damage|p1a: Koraidon|29\/100|[from] Spikes\n|-activate|p1a: Koraidon|ability: Orichalcum Pulse\n|\n|-weather|SunnyDay|[upkeep]\n|-heal|p2a: Ting-Lu|38\/100|[from] item: Leftovers\n|upkeep\n|turn|35\n|\n|t:|1699344985\n|move|p1a: Koraidon|Collision Course|p2a: Ting-Lu\n|-supereffective|p2a: Ting-Lu\n|-damage|p2a: Ting-Lu|0 fnt\n|faint|p2a: Ting-Lu\n|\n|-weather|none\n|upkeep\n|\n|t:|1699344988\n|switch|p2a: Arceus|Arceus|100\/100\n|turn|36\n|\n|t:|1699345001\n|-terastallize|p2a: Arceus|Ghost\n|move|p1a: Koraidon|Collision Course|p2a: Arceus\n|-immune|p2a: Arceus\n|move|p2a: Arceus|Swords Dance|p2a: Arceus\n|-boost|p2a: Arceus|atk|2\n|\n|upkeep\n|turn|37\n|\n|t:|1699345008\n|switch|p1a: Corviknight|Corviknight, M|100\/100\n|move|p2a: Arceus|Swords Dance|p2a: Arceus\n|-boost|p2a: Arceus|atk|2\n|\n|upkeep\n|turn|38\n|\n|t:|1699345012\n|move|p2a: Arceus|Shadow Claw|p1a: Corviknight\n|-damage|p1a: Corviknight|10\/100\n|move|p1a: Corviknight|Taunt|p2a: Arceus\n|-start|p2a: Arceus|move: Taunt\n|\n|-heal|p1a: Corviknight|17\/100|[from] item: Leftovers\n|upkeep\n|turn|39\n|\n|t:|1699345019\n|move|p2a: Arceus|Extreme Speed|p1a: Corviknight\n|-resisted|p1a: Corviknight\n|-damage|p1a: Corviknight|0 fnt\n|faint|p1a: Corviknight\n|\n|upkeep\n|c|\u2606Cristaldu41|Gg\n|c|\u2606bpdcam|gg\n|-message|bpdcam forfeited.\n|\n|win|Cristaldu41\n|raw|bpdcam's rating: 1131 &rarr; <strong>1112<\/strong><br \/>(-19 for losing)\n|raw|Cristaldu41's rating: 1215 &rarr; <strong>1234<\/strong><br \/>(+19 for winning)\n|l|\u2606bpdcam\n","uploadtime":1699345065,"views":12,"p1id":"bpdcam","p2id":"cristaldu41","formatid":"gen9ubers","rating":1112,"private":0,"password":""}