{"id":"gen9ubers-1998953193","p1":"Mini Dee","p2":"Great_Eon","format":"[Gen 9] Ubers","log":"|j|\u2606Mini Dee\n|j|\u2606Great_Eon\n|t:|1701017176\n|gametype|singles\n|player|p1|Mini Dee|ltsurge|\n|player|p2|Great_Eon|unknown|\n|teamsize|p1|6\n|teamsize|p2|6\n|gen|9\n|tier|[Gen 9] Ubers\n|rule|Sleep Clause Mod: Limit one foe put to sleep\n|rule|Species Clause: Limit one of each Pok\u00e9mon\n|rule|OHKO Clause: OHKO moves are banned\n|rule|Evasion Items Clause: Evasion items are banned\n|rule|Evasion Moves Clause: Evasion moves are banned\n|rule|Endless Battle Clause: Forcing endless battles is banned\n|rule|HP Percentage Mod: HP is shown in percentages\n|clearpoke\n|poke|p1|Furret, M|\n|poke|p1|Goodra-Hisui, M|\n|poke|p1|Graveler-Alola, M|\n|poke|p1|Iron Bundle|\n|poke|p1|Yanmega, M|\n|poke|p1|Basculegion, M|\n|poke|p2|Overqwil, M|\n|poke|p2|Froslass, F|\n|poke|p2|Bellibolt, M|\n|poke|p2|Gallade, M|\n|poke|p2|Skeledirge, M|\n|poke|p2|Arboliva, M|\n|teampreview\n|\n|t:|1701017207\n|start\n|switch|p1a: Iron Bundle|Iron Bundle|100\/100\n|switch|p2a: Overqwil|Overqwil, M|100\/100\n|-ability|p2a: Overqwil|Intimidate|boost\n|-unboost|p1a: Iron Bundle|atk|1\n|turn|1\n|\n|t:|1701017220\n|move|p1a: Iron Bundle|Flip Turn|p2a: Overqwil\n|-damage|p2a: Overqwil|92\/100\n|\n|t:|1701017230\n|-end|p1a: Iron Bundle|Quark Drive|[silent]\n|switch|p1a: Graveler|Graveler-Alola, M|100\/100|[from] Flip Turn\n|move|p2a: Overqwil|Spikes|p1a: Graveler\n|-sidestart|p1: Mini Dee|Spikes\n|\n|-heal|p2a: Overqwil|99\/100|[from] item: Leftovers\n|upkeep\n|turn|2\n|\n|t:|1701017263\n|move|p2a: Overqwil|Toxic|p1a: Graveler\n|-status|p1a: Graveler|tox\n|move|p1a: Graveler|Electric Terrain|p1a: Graveler\n|-fieldstart|move: Electric Terrain\n|\n|-heal|p2a: Overqwil|100\/100|[from] item: Leftovers\n|-damage|p1a: Graveler|94\/100 tox|[from] psn\n|upkeep\n|turn|3\n|\n|t:|1701017280\n|move|p2a: Overqwil|Barb Barrage|p1a: Graveler\n|-resisted|p1a: Graveler\n|-crit|p1a: Graveler\n|-damage|p1a: Graveler|78\/100 tox\n|move|p1a: Graveler|Explosion|p2a: Overqwil\n|-damage|p2a: Overqwil|2\/100\n|faint|p1a: Graveler\n|\n|-heal|p2a: Overqwil|9\/100|[from] item: Leftovers\n|upkeep\n|\n|t:|1701017315\n|switch|p1a: Iron Bundle|Iron Bundle|100\/100\n|-damage|p1a: Iron Bundle|88\/100|[from] Spikes\n|-activate|p1a: Iron Bundle|ability: Quark Drive\n|-start|p1a: Iron Bundle|quarkdrivespe\n|turn|4\n|\n|t:|1701017330\n|move|p1a: Iron Bundle|Freeze-Dry|p2a: Overqwil\n|-damage|p2a: Overqwil|0 fnt\n|faint|p2a: Overqwil\n|\n|upkeep\n|j| balutalol\n|\n|t:|1701017342\n|switch|p2a: Arboliva|Arboliva, M|100\/100\n|turn|5\n|j| Zapatillazo34\n|c| Zapatillazo34|mucha suerte a los d0oss\n|\n|t:|1701017392\n|-end|p1a: Iron Bundle|Quark Drive|[silent]\n|switch|p1a: Goodra|Goodra-Hisui, M|100\/100\n|-damage|p1a: Goodra|88\/100|[from] Spikes\n|move|p2a: Arboliva|Leech Seed|p1a: Goodra\n|-start|p1a: Goodra|move: Leech Seed\n|\n|-damage|p1a: Goodra|76\/100|[from] Leech Seed|[of] p2a: Arboliva\n|upkeep\n|turn|6\n|c|\u2606Great_Eon|Gracias\n|\n|t:|1701017411\n|move|p1a: Goodra|Fire Blast|p2a: Arboliva\n|-supereffective|p2a: Arboliva\n|-damage|p2a: Arboliva|49\/100\n|-status|p2a: Arboliva|brn\n|-enditem|p2a: Arboliva|Sitrus Berry|[eat]\n|-heal|p2a: Arboliva|74\/100 brn|[from] item: Sitrus Berry\n|move|p2a: Arboliva|Earth Power|p1a: Goodra\n|-supereffective|p1a: Goodra\n|-damage|p1a: Goodra|56\/100\n|\n|-damage|p1a: Goodra|44\/100|[from] Leech Seed|[of] p2a: Arboliva\n|-heal|p2a: Arboliva|86\/100 brn|[silent]\n|-damage|p2a: Arboliva|80\/100 brn|[from] brn\n|-fieldend|move: Electric Terrain\n|upkeep\n|turn|7\n|\n|t:|1701017437\n|move|p1a: Goodra|Ice Beam|p2a: Arboliva\n|-supereffective|p2a: Arboliva\n|-damage|p2a: Arboliva|38\/100 brn\n|move|p2a: Arboliva|Earth Power|p1a: Goodra\n|-supereffective|p1a: Goodra\n|-damage|p1a: Goodra|25\/100\n|\n|-damage|p1a: Goodra|13\/100|[from] Leech Seed|[of] p2a: Arboliva\n|-heal|p2a: Arboliva|50\/100 brn|[silent]\n|-damage|p2a: Arboliva|44\/100 brn|[from] brn\n|-item|p2a: Arboliva|Sitrus Berry|[from] ability: Harvest\n|upkeep\n|-enditem|p2a: Arboliva|Sitrus Berry|[eat]\n|-heal|p2a: Arboliva|69\/100 brn|[from] item: Sitrus Berry\n|turn|8\n|\n|t:|1701017453\n|switch|p1a: Yanmega|Yanmega, M, shiny|100\/100\n|switch|p2a: Bellibolt|Bellibolt, M|100\/100\n|\n|upkeep\n|turn|9\n|\n|t:|1701017471\n|switch|p1a: Goodra|Goodra-Hisui, M|13\/100\n|-damage|p1a: Goodra|0 fnt|[from] Spikes\n|faint|p1a: Goodra\n|move|p2a: Bellibolt|Charge Beam|p1: Goodra|[notarget]\n|-fail|p2a: Bellibolt\n|\n|upkeep\n|\n|t:|1701017531\n|switch|p1a: Furret|Furret, M, shiny|100\/100\n|-damage|p1a: Furret|88\/100|[from] Spikes\n|-item|p2a: Bellibolt|Clear Amulet|[from] ability: Frisk|[of] p1a: Furret|[identify]\n|turn|10\n|\n|t:|1701017550\n|switch|p2a: Arboliva|Arboliva, M|69\/100 brn\n|move|p1a: Furret|Super Fang|p2a: Arboliva\n|-damage|p2a: Arboliva|35\/100 brn\n|\n|-damage|p2a: Arboliva|29\/100 brn|[from] brn\n|upkeep\n|turn|11\n|\n|t:|1701017562\n|-terastallize|p2a: Arboliva|Steel\n|move|p1a: Furret|U-turn|p2a: Arboliva\n|-resisted|p2a: Arboliva\n|-damage|p2a: Arboliva|24\/100 brn\n|\n|t:|1701017567\n|switch|p1a: Yanmega|Yanmega, M, shiny|100\/100|[from] U-turn\n|move|p2a: Arboliva|Strength Sap|p1a: Yanmega\n|-unboost|p1a: Yanmega|atk|1\n|-heal|p2a: Arboliva|63\/100 brn\n|\n|-damage|p2a: Arboliva|57\/100 brn|[from] brn\n|upkeep\n|turn|12\n|\n|t:|1701017580\n|move|p1a: Yanmega|Air Slash|p2a: Arboliva\n|-resisted|p2a: Arboliva\n|-damage|p2a: Arboliva|40\/100 brn\n|move|p2a: Arboliva|Leech Seed|p1a: Yanmega\n|-start|p1a: Yanmega|move: Leech Seed\n|\n|-damage|p1a: Yanmega|88\/100|[from] Leech Seed|[of] p2a: Arboliva\n|-heal|p2a: Arboliva|51\/100 brn|[silent]\n|-damage|p2a: Arboliva|45\/100 brn|[from] brn\n|-ability|p1a: Yanmega|Speed Boost|boost\n|-boost|p1a: Yanmega|spe|1\n|-item|p2a: Arboliva|Sitrus Berry|[from] ability: Harvest\n|upkeep\n|-enditem|p2a: Arboliva|Sitrus Berry|[eat]\n|-heal|p2a: Arboliva|70\/100 brn|[from] item: Sitrus Berry\n|turn|13\n|\n|t:|1701017593\n|move|p1a: Yanmega|Air Slash|p2a: Arboliva\n|-resisted|p2a: Arboliva\n|-damage|p2a: Arboliva|52\/100 brn\n|move|p2a: Arboliva|Strength Sap|p1a: Yanmega\n|-unboost|p1a: Yanmega|atk|1\n|-heal|p2a: Arboliva|78\/100 brn\n|\n|-damage|p1a: Yanmega|76\/100|[from] Leech Seed|[of] p2a: Arboliva\n|-heal|p2a: Arboliva|89\/100 brn|[silent]\n|-damage|p2a: Arboliva|82\/100 brn|[from] brn\n|-ability|p1a: Yanmega|Speed Boost|boost\n|-boost|p1a: Yanmega|spe|1\n|upkeep\n|turn|14\n|\n|t:|1701017624\n|switch|p1a: Basculegion|Basculegion, M|100\/100\n|-damage|p1a: Basculegion|88\/100|[from] Spikes\n|move|p2a: Arboliva|Giga Drain|p1a: Basculegion\n|-supereffective|p1a: Basculegion\n|-damage|p1a: Basculegion|14\/100\n|-heal|p2a: Arboliva|100\/100 brn|[from] drain|[of] p1a: Basculegion\n|\n|-damage|p2a: Arboliva|94\/100 brn|[from] brn\n|-item|p2a: Arboliva|Sitrus Berry|[from] ability: Harvest\n|upkeep\n|turn|15\n|\n|t:|1701017642\n|move|p1a: Basculegion|Wave Crash|p2a: Arboliva\n|-damage|p2a: Arboliva|32\/100 brn\n|-enditem|p2a: Arboliva|Sitrus Berry|[eat]\n|-heal|p2a: Arboliva|57\/100 brn|[from] item: Sitrus Berry\n|-damage|p1a: Basculegion|0 fnt|[from] Recoil\n|faint|p1a: Basculegion\n|move|p2a: Arboliva|Strength Sap|p1: Basculegion|[notarget]\n|-fail|p2a: Arboliva\n|\n|-damage|p2a: Arboliva|51\/100 brn|[from] brn\n|upkeep\n|\n|t:|1701017649\n|switch|p1a: Iron Bundle|Iron Bundle|88\/100\n|-damage|p1a: Iron Bundle|76\/100|[from] Spikes\n|turn|16\n|\n|t:|1701017657\n|move|p1a: Iron Bundle|Hydro Pump|p2a: Arboliva|[miss]\n|-miss|p1a: Iron Bundle|p2a: Arboliva\n|move|p2a: Arboliva|Strength Sap|p1a: Iron Bundle\n|-unboost|p1a: Iron Bundle|atk|1\n|-heal|p2a: Arboliva|99\/100 brn\n|\n|-damage|p2a: Arboliva|94\/100 brn|[from] brn\n|upkeep\n|turn|17\n|\n|t:|1701017674\n|-end|p1a: Iron Bundle|Quark Drive|[silent]\n|switch|p1a: Furret|Furret, M, shiny|88\/100\n|-damage|p1a: Furret|76\/100|[from] Spikes\n|move|p2a: Arboliva|Leech Seed|p1a: Furret\n|-start|p1a: Furret|move: Leech Seed\n|\n|-damage|p1a: Furret|64\/100|[from] Leech Seed|[of] p2a: Arboliva\n|-heal|p2a: Arboliva|100\/100 brn|[silent]\n|-damage|p2a: Arboliva|94\/100 brn|[from] brn\n|-item|p2a: Arboliva|Sitrus Berry|[from] ability: Harvest\n|upkeep\n|turn|18\n|\n|t:|1701017685\n|move|p1a: Furret|Tidy Up|p1a: Furret\n|-sideend|p1: Mini Dee|Spikes\n|-activate|p1a: Furret|move: Tidy Up\n|-boost|p1a: Furret|atk|1\n|-boost|p1a: Furret|spe|1\n|move|p2a: Arboliva|Giga Drain|p1a: Furret\n|-damage|p1a: Furret|18\/100\n|-heal|p2a: Arboliva|100\/100 brn|[from] drain|[of] p1a: Furret\n|-enditem|p1a: Furret|Aguav Berry|[eat]\n|-heal|p1a: Furret|51\/100|[from] item: Aguav Berry\n|\n|-damage|p1a: Furret|39\/100|[from] Leech Seed|[of] p2a: Arboliva\n|-damage|p2a: Arboliva|94\/100 brn|[from] brn\n|upkeep\n|turn|19\n|\n|t:|1701017728\n|move|p1a: Furret|Super Fang|p2a: Arboliva\n|-damage|p2a: Arboliva|47\/100 brn\n|-enditem|p2a: Arboliva|Sitrus Berry|[eat]\n|-heal|p2a: Arboliva|72\/100 brn|[from] item: Sitrus Berry\n|move|p2a: Arboliva|Giga Drain|p1a: Furret\n|-damage|p1a: Furret|0 fnt\n|-heal|p2a: Arboliva|92\/100 brn|[from] drain|[of] p1a: Furret\n|faint|p1a: Furret\n|\n|-damage|p2a: Arboliva|86\/100 brn|[from] brn\n|-item|p2a: Arboliva|Sitrus Berry|[from] ability: Harvest\n|upkeep\n|\n|t:|1701017735\n|switch|p1a: Iron Bundle|Iron Bundle|76\/100\n|turn|20\n|\n|t:|1701017750\n|move|p1a: Iron Bundle|Hydro Pump|p2a: Arboliva\n|-damage|p2a: Arboliva|16\/100 brn\n|-enditem|p2a: Arboliva|Sitrus Berry|[eat]\n|-heal|p2a: Arboliva|41\/100 brn|[from] item: Sitrus Berry\n|move|p2a: Arboliva|Leech Seed|p1a: Iron Bundle\n|-start|p1a: Iron Bundle|move: Leech Seed\n|\n|-damage|p1a: Iron Bundle|64\/100|[from] Leech Seed|[of] p2a: Arboliva\n|-heal|p2a: Arboliva|50\/100 brn|[silent]\n|-damage|p2a: Arboliva|44\/100 brn|[from] brn\n|-item|p2a: Arboliva|Sitrus Berry|[from] ability: Harvest\n|upkeep\n|-enditem|p2a: Arboliva|Sitrus Berry|[eat]\n|-heal|p2a: Arboliva|69\/100 brn|[from] item: Sitrus Berry\n|turn|21\n|\n|t:|1701017773\n|-end|p1a: Iron Bundle|Quark Drive|[silent]\n|switch|p1a: Yanmega|Yanmega, M, shiny|76\/100\n|switch|p2a: Bellibolt|Bellibolt, M|100\/100\n|\n|upkeep\n|turn|22\n|\n|t:|1701017782\n|move|p1a: Yanmega|Endure|p1a: Yanmega\n|-singleturn|p1a: Yanmega|move: Endure\n|move|p2a: Bellibolt|Charge Beam|p1a: Yanmega\n|-supereffective|p1a: Yanmega\n|-damage|p1a: Yanmega|10\/100\n|-enditem|p1a: Yanmega|Petaya Berry|[eat]\n|-boost|p1a: Yanmega|spa|1|[from] item: Petaya Berry\n|\n|-ability|p1a: Yanmega|Speed Boost|boost\n|-boost|p1a: Yanmega|spe|1\n|upkeep\n|turn|23\n|\n|t:|1701017796\n|move|p1a: Yanmega|Air Slash|p2a: Bellibolt\n|-resisted|p2a: Bellibolt\n|-damage|p2a: Bellibolt|80\/100\n|-start|p2a: Bellibolt|Charge|Air Slash|[from] ability: Electromorphosis\n|move|p2a: Bellibolt|Parabolic Charge|p1a: Yanmega\n|-supereffective|p1a: Yanmega\n|-crit|p1a: Yanmega\n|-damage|p1a: Yanmega|0 fnt\n|-heal|p2a: Bellibolt|84\/100|[from] drain|[of] p1a: Yanmega\n|faint|p1a: Yanmega\n|-end|p2a: Bellibolt|Charge|[silent]\n|\n|upkeep\n|\n|t:|1701017803\n|switch|p1a: Iron Bundle|Iron Bundle|64\/100\n|turn|24\n|\n|t:|1701017813\n|move|p1a: Iron Bundle|Hydro Pump|p2a: Bellibolt\n|-damage|p2a: Bellibolt|27\/100\n|-start|p2a: Bellibolt|Charge|Hydro Pump|[from] ability: Electromorphosis\n|move|p2a: Bellibolt|Parabolic Charge|p1a: Iron Bundle\n|-supereffective|p1a: Iron Bundle\n|-damage|p1a: Iron Bundle|0 fnt\n|-heal|p2a: Bellibolt|46\/100|[from] drain|[of] p1a: Iron Bundle\n|faint|p1a: Iron Bundle\n|-end|p1a: Iron Bundle|Quark Drive|[silent]\n|-end|p2a: Bellibolt|Charge|[silent]\n|\n|win|Great_Eon\n|l|\u2606Mini Dee\n","uploadtime":1701017883,"views":12,"p1id":"minidee","p2id":"greateon","formatid":"gen9ubers","rating":0,"private":0,"password":""}