{"id":"gen9ubers-1993661273","p1":"mimolette7","p2":"KonoRyanDa","format":"[Gen 9] Ubers","log":"|j|\u2606mimolette7\n|j|\u2606KonoRyanDa\n|t:|1700342771\n|gametype|singles\n|player|p1|mimolette7|elesa-masters2|\n|player|p2|KonoRyanDa|swimmerf-gen4|\n|teamsize|p1|6\n|teamsize|p2|6\n|gen|9\n|tier|[Gen 9] Ubers\n|rule|Sleep Clause Mod: Limit one foe put to sleep\n|rule|Species Clause: Limit one of each Pok\u00e9mon\n|rule|OHKO Clause: OHKO moves are banned\n|rule|Evasion Items Clause: Evasion items are banned\n|rule|Evasion Moves Clause: Evasion moves are banned\n|rule|Endless Battle Clause: Forcing endless battles is banned\n|rule|HP Percentage Mod: HP is shown in percentages\n|clearpoke\n|poke|p1|Torkoal, M|\n|poke|p1|Walking Wake|\n|poke|p1|Chi-Yu|\n|poke|p1|Arceus-Grass|\n|poke|p1|Magearna|\n|poke|p1|Zacian-*|\n|poke|p2|Ninetales-Alola, F|\n|poke|p2|Blissey, F|\n|poke|p2|Baxcalibur, M|\n|poke|p2|Dialga|\n|poke|p2|Cyclizar, F|\n|poke|p2|Espathra, F|\n|teampreview\n|inactive|Battle timer is ON: inactive players will automatically lose when time's up. (requested by mimolette7)\n|\n|t:|1700342787\n|start\n|switch|p1a: Chi-Yu|Chi-Yu|100\/100\n|switch|p2a: Cyclizar|Cyclizar, F|100\/100\n|-ability|p1a: Chi-Yu|Beads of Ruin\n|turn|1\n|inactive|KonoRyanDa has 270 seconds left.\n|\n|t:|1700342818\n|switch|p2a: Blissey|Blissey, F|100\/100\n|move|p1a: Chi-Yu|Dark Pulse|p2a: Blissey\n|-damage|p2a: Blissey|84\/100\n|\n|-heal|p2a: Blissey|90\/100|[from] item: Leftovers\n|upkeep\n|turn|2\n|\n|t:|1700342831\n|switch|p1a: Magearna|Magearna|100\/100\n|move|p2a: Blissey|Thunder Wave|p1a: Magearna\n|-status|p1a: Magearna|par\n|\n|-heal|p2a: Blissey|96\/100|[from] item: Leftovers\n|upkeep\n|turn|3\n|inactive|KonoRyanDa has 270 seconds left.\n|\n|t:|1700342850\n|move|p2a: Blissey|Seismic Toss|p1a: Magearna\n|-damage|p1a: Magearna|73\/100 par\n|move|p1a: Magearna|Volt Switch|p2a: Blissey\n|-damage|p2a: Blissey|91\/100\n|\n|t:|1700342858\n|switch|p1a: Zacian|Zacian|100\/100|[from] Volt Switch\n|-ability|p1a: Zacian|Intrepid Sword|boost\n|-boost|p1a: Zacian|atk|1\n|\n|-heal|p2a: Blissey|97\/100|[from] item: Leftovers\n|upkeep\n|turn|4\n|inactive|KonoRyanDa has 270 seconds left.\n|inactive|KonoRyanDa has 240 seconds left.\n|\n|t:|1700342917\n|switch|p2a: Dialga|Dialga|100\/100\n|-ability|p2a: Dialga|Pressure\n|move|p1a: Zacian|Close Combat|p2a: Dialga\n|-supereffective|p2a: Dialga\n|-damage|p2a: Dialga|40\/100\n|-unboost|p1a: Zacian|def|1\n|-unboost|p1a: Zacian|spd|1\n|\n|-heal|p2a: Dialga|46\/100|[from] item: Leftovers\n|upkeep\n|turn|5\n|inactive|KonoRyanDa has 210 seconds left.\n|inactive|KonoRyanDa has 180 seconds left.\n|\n|t:|1700342978\n|switch|p1a: Torkoal|Torkoal, M|100\/100\n|-weather|SunnyDay|[from] ability: Drought|[of] p1a: Torkoal\n|move|p2a: Dialga|Stealth Rock|p1a: Torkoal\n|-sidestart|p1: mimolette7|move: Stealth Rock\n|\n|-weather|SunnyDay|[upkeep]\n|-heal|p2a: Dialga|52\/100|[from] item: Leftovers\n|upkeep\n|turn|6\n|inactive|KonoRyanDa has 180 seconds left.\n|\n|t:|1700343001\n|switch|p2a: Cyclizar|Cyclizar, F|100\/100\n|move|p1a: Torkoal|Yawn|p2a: Cyclizar\n|-start|p2a: Cyclizar|move: Yawn|[of] p1a: Torkoal\n|\n|-weather|SunnyDay|[upkeep]\n|upkeep\n|turn|7\n|inactive|KonoRyanDa has 180 seconds left.\n|\n|t:|1700343007\n|move|p2a: Cyclizar|Shed Tail|p2a: Cyclizar\n|-start|p2a: Cyclizar|Substitute|[from] move: Shed Tail\n|-damage|p2a: Cyclizar|50\/100\n|inactive|KonoRyanDa has 180 seconds left.\n|\n|t:|1700343012\n|switch|p2a: Ninetales|Ninetales-Alola, F|100\/100|[from] Shed Tail\n|-weather|Snow|[from] ability: Snow Warning|[of] p2a: Ninetales\n|move|p1a: Torkoal|Rapid Spin|p2a: Ninetales\n|-activate|p2a: Ninetales|move: Substitute|[damage]\n|-sideend|p1: mimolette7|Stealth Rock|[from] move: Rapid Spin|[of] p1a: Torkoal\n|-boost|p1a: Torkoal|spe|1\n|\n|-weather|Snow|[upkeep]\n|upkeep\n|turn|8\n|inactive|KonoRyanDa has 180 seconds left.\n|\n|t:|1700343035\n|switch|p1a: Magearna|Magearna|73\/100 par\n|move|p2a: Ninetales|Aurora Veil|p2a: Ninetales\n|-sidestart|p2: KonoRyanDa|move: Aurora Veil\n|\n|-weather|Snow|[upkeep]\n|-heal|p1a: Magearna|79\/100 par|[from] item: Leftovers\n|upkeep\n|turn|9\n|inactive|KonoRyanDa has 180 seconds left.\n|\n|t:|1700343053\n|move|p2a: Ninetales|Moonblast|p1a: Magearna\n|-resisted|p1a: Magearna\n|-damage|p1a: Magearna|68\/100 par\n|cant|p1a: Magearna|par\n|\n|-weather|Snow|[upkeep]\n|-heal|p1a: Magearna|74\/100 par|[from] item: Leftovers\n|upkeep\n|turn|10\n|inactive|KonoRyanDa has 180 seconds left.\n|\n|t:|1700343061\n|switch|p2a: Espathra|Espathra, F|100\/100\n|cant|p1a: Magearna|par\n|\n|-weather|Snow|[upkeep]\n|-heal|p1a: Magearna|80\/100 par|[from] item: Leftovers\n|upkeep\n|turn|11\n|\n|t:|1700343070\n|switch|p1a: Chi-Yu|Chi-Yu|100\/100\n|-ability|p1a: Chi-Yu|Beads of Ruin\n|move|p2a: Espathra|Calm Mind|p2a: Espathra\n|-boost|p2a: Espathra|spa|1\n|-boost|p2a: Espathra|spd|1\n|\n|-weather|none\n|-ability|p2a: Espathra|Speed Boost|boost\n|-boost|p2a: Espathra|spe|1\n|upkeep\n|turn|12\n|\n|t:|1700343079\n|move|p2a: Espathra|Protect|p2a: Espathra\n|-singleturn|p2a: Espathra|Protect\n|move|p1a: Chi-Yu|Dark Pulse|p2a: Espathra\n|-activate|p2a: Espathra|move: Protect\n|\n|-ability|p2a: Espathra|Speed Boost|boost\n|-boost|p2a: Espathra|spe|1\n|upkeep\n|turn|13\n|\n|t:|1700343093\n|-terastallize|p2a: Espathra|Water\n|move|p1a: Chi-Yu|Dark Pulse|p2a: Espathra\n|-damage|p2a: Espathra|77\/100\n|move|p2a: Espathra|Calm Mind|p2a: Espathra\n|-boost|p2a: Espathra|spa|1\n|-boost|p2a: Espathra|spd|1\n|\n|-heal|p2a: Espathra|83\/100|[from] item: Leftovers\n|-ability|p2a: Espathra|Speed Boost|boost\n|-boost|p2a: Espathra|spe|1\n|upkeep\n|turn|14\n|\n|t:|1700343122\n|switch|p1a: Magearna|Magearna|80\/100 par\n|move|p2a: Espathra|Calm Mind|p2a: Espathra\n|-boost|p2a: Espathra|spa|1\n|-boost|p2a: Espathra|spd|1\n|\n|-heal|p2a: Espathra|89\/100|[from] item: Leftovers\n|-heal|p1a: Magearna|86\/100 par|[from] item: Leftovers\n|-ability|p2a: Espathra|Speed Boost|boost\n|-boost|p2a: Espathra|spe|1\n|upkeep\n|turn|15\n|\n|t:|1700343128\n|move|p2a: Espathra|Protect|p2a: Espathra\n|-singleturn|p2a: Espathra|Protect\n|move|p1a: Magearna|Thunder Wave|p2a: Espathra\n|-activate|p2a: Espathra|move: Protect\n|\n|-heal|p2a: Espathra|95\/100|[from] item: Leftovers\n|-heal|p1a: Magearna|93\/100 par|[from] item: Leftovers\n|-sideend|p2: KonoRyanDa|move: Aurora Veil\n|-ability|p2a: Espathra|Speed Boost|boost\n|-boost|p2a: Espathra|spe|1\n|upkeep\n|turn|16\n|\n|t:|1700343137\n|move|p2a: Espathra|Stored Power|p1a: Magearna\n|-resisted|p1a: Magearna\n|-damage|p1a: Magearna|0 fnt\n|faint|p1a: Magearna\n|\n|-heal|p2a: Espathra|100\/100|[from] item: Leftovers\n|-ability|p2a: Espathra|Speed Boost|boost\n|-boost|p2a: Espathra|spe|1\n|upkeep\n|\n|t:|1700343155\n|switch|p1a: Chi-Yu|Chi-Yu|100\/100\n|-ability|p1a: Chi-Yu|Beads of Ruin\n|turn|17\n|inactive|KonoRyanDa has 210 seconds left.\n|\n|t:|1700343164\n|move|p2a: Espathra|Dazzling Gleam|p1a: Chi-Yu\n|-damage|p1a: Chi-Yu|25\/100\n|move|p1a: Chi-Yu|Dark Pulse|p2a: Espathra\n|-damage|p2a: Espathra|71\/100\n|\n|-heal|p2a: Espathra|77\/100|[from] item: Leftovers\n|upkeep\n|turn|18\n|\n|t:|1700343170\n|move|p2a: Espathra|Dazzling Gleam|p1a: Chi-Yu\n|-damage|p1a: Chi-Yu|0 fnt\n|faint|p1a: Chi-Yu\n|\n|-heal|p2a: Espathra|83\/100|[from] item: Leftovers\n|upkeep\n|\n|t:|1700343178\n|switch|p1a: Torkoal|Torkoal, M|100\/100\n|-weather|SunnyDay|[from] ability: Drought|[of] p1a: Torkoal\n|turn|19\n|\n|t:|1700343183\n|move|p2a: Espathra|Stored Power|p1a: Torkoal\n|-damage|p1a: Torkoal|0 fnt\n|faint|p1a: Torkoal\n|\n|-weather|SunnyDay|[upkeep]\n|-heal|p2a: Espathra|89\/100|[from] item: Leftovers\n|upkeep\n|-message|mimolette7 forfeited.\n|\n|win|KonoRyanDa\n|c|\u2606KonoRyanDa|ggs\n|c|\u2606mimolette7|gg\n","uploadtime":1700343224,"views":34,"p1id":"mimolette7","p2id":"konoryanda","formatid":"gen9ubers","rating":0,"private":0,"password":""}