{"id":"gen9ubers-1974696778","p1":"Hand0fD00m","p2":"Yangsta","format":"[Gen 9] Ubers","log":"|j|\u2606Hand0fD00m\n|j|\u2606Yangsta\n|t:|1698111530\n|gametype|singles\n|player|p1|Hand0fD00m|pokefan-gen4|\n|player|p2|Yangsta|waiter|\n|teamsize|p1|6\n|teamsize|p2|6\n|gen|9\n|tier|[Gen 9] Ubers\n|rule|Sleep Clause Mod: Limit one foe put to sleep\n|rule|Species Clause: Limit one of each Pok\u00e9mon\n|rule|OHKO Clause: OHKO moves are banned\n|rule|Evasion Items Clause: Evasion items are banned\n|rule|Evasion Moves Clause: Evasion moves are banned\n|rule|Endless Battle Clause: Forcing endless battles is banned\n|rule|HP Percentage Mod: HP is shown in percentages\n|clearpoke\n|poke|p1|Arceus|\n|poke|p1|Koraidon|\n|poke|p1|Zacian-*|\n|poke|p1|Miraidon|\n|poke|p1|Landorus-Therian, M|\n|poke|p1|Walking Wake|\n|poke|p2|Arceus|\n|poke|p2|Zacian-*|\n|poke|p2|Regieleki|\n|poke|p2|Koraidon|\n|poke|p2|Volcarona, M|\n|poke|p2|Flutter Mane|\n|teampreview\n|c|\u2606Yangsta|gl hf bro\n|c|\u2606Hand0fD00m|gl man, congrats making it this far!\n|c|\u2606Yangsta|<3\n|\n|t:|1698111615\n|start\n|switch|p1a: Calrissian|Landorus-Therian, M|100\/100\n|switch|p2a: Arceus|Arceus|100\/100\n|-ability|p1a: Calrissian|Intimidate|boost\n|-unboost|p2a: Arceus|atk|1\n|turn|1\n|\n|t:|1698111623\n|move|p2a: Arceus|Cosmic Power|p2a: Arceus\n|-boost|p2a: Arceus|def|1\n|-boost|p2a: Arceus|spd|1\n|move|p1a: Calrissian|Taunt|p2a: Arceus\n|-start|p2a: Arceus|move: Taunt\n|\n|upkeep\n|turn|2\n|\n|t:|1698111633\n|move|p2a: Arceus|Stored Power|p1a: Calrissian\n|-crit|p1a: Calrissian\n|-damage|p1a: Calrissian|74\/100\n|move|p1a: Calrissian|Stealth Rock|p2a: Arceus\n|-sidestart|p2: Yangsta|move: Stealth Rock\n|\n|upkeep\n|turn|3\n|\n|t:|1698111641\n|switch|p2a: Regieleki|Regieleki|100\/100\n|-damage|p2a: Regieleki|88\/100|[from] Stealth Rock\n|move|p1a: Calrissian|U-turn|p2a: Regieleki\n|-damage|p2a: Regieleki|47\/100\n|j| Rival Andrew\n|\n|t:|1698111651\n|switch|p1a: Godjesus|Arceus|100\/100|[from] U-turn\n|\n|upkeep\n|turn|4\n|\n|t:|1698111663\n|move|p1a: Godjesus|Extreme Speed|p2a: Regieleki\n|-damage|p2a: Regieleki|0 fnt\n|faint|p2a: Regieleki\n|\n|upkeep\n|\n|t:|1698111670\n|switch|p2a: Koraidon|Koraidon|100\/100\n|-damage|p2a: Koraidon|94\/100|[from] Stealth Rock\n|-weather|SunnyDay|[from] ability: Orichalcum Pulse|[of] p2a: Koraidon\n|-activate|p2a: Koraidon|Orichalcum Pulse|[source]\n|turn|5\n|\n|t:|1698111681\n|switch|p1a: Calrissian|Landorus-Therian, M|74\/100\n|-ability|p1a: Calrissian|Intimidate|boost\n|-unboost|p2a: Koraidon|atk|1\n|move|p2a: Koraidon|Collision Course|p1a: Calrissian\n|-resisted|p1a: Calrissian\n|-damage|p1a: Calrissian|57\/100\n|-damage|p2a: Koraidon|78\/100|[from] item: Rocky Helmet|[of] p1a: Calrissian\n|\n|-weather|SunnyDay|[upkeep]\n|upkeep\n|turn|6\n|\n|t:|1698111693\n|move|p2a: Koraidon|Dragon Claw|p1a: Calrissian\n|-damage|p1a: Calrissian|33\/100\n|-damage|p2a: Koraidon|61\/100|[from] item: Rocky Helmet|[of] p1a: Calrissian\n|move|p1a: Calrissian|Earthquake|p2a: Koraidon\n|-damage|p2a: Koraidon|16\/100\n|\n|-weather|SunnyDay|[upkeep]\n|upkeep\n|turn|7\n|\n|t:|1698111710\n|switch|p2a: Arceus|Arceus|100\/100\n|-damage|p2a: Arceus|88\/100|[from] Stealth Rock\n|move|p1a: Calrissian|Earthquake|p2a: Arceus\n|-damage|p2a: Arceus|58\/100\n|\n|-weather|SunnyDay|[upkeep]\n|-heal|p2a: Arceus|64\/100|[from] item: Leftovers\n|upkeep\n|turn|8\n|\n|t:|1698111718\n|move|p2a: Arceus|Stealth Rock|p1a: Calrissian\n|-sidestart|p1: Hand0fD00m|move: Stealth Rock\n|move|p1a: Calrissian|Taunt|p2a: Arceus\n|-start|p2a: Arceus|move: Taunt\n|\n|-weather|SunnyDay|[upkeep]\n|-heal|p2a: Arceus|70\/100|[from] item: Leftovers\n|upkeep\n|turn|9\n|\n|t:|1698111728\n|switch|p2a: Zacian|Zacian-Crowned|100\/100\n|-damage|p2a: Zacian|94\/100|[from] Stealth Rock\n|-ability|p2a: Zacian|Intrepid Sword|boost\n|-boost|p2a: Zacian|atk|1\n|move|p1a: Calrissian|Earthquake|p2a: Zacian\n|-supereffective|p2a: Zacian\n|-damage|p2a: Zacian|7\/100\n|\n|-weather|none\n|upkeep\n|turn|10\n|\n|t:|1698111738\n|move|p2a: Zacian|Play Rough|p1a: Calrissian\n|-damage|p1a: Calrissian|0 fnt\n|-damage|p2a: Zacian|0 fnt|[from] item: Rocky Helmet|[of] p1a: Calrissian\n|faint|p1a: Calrissian\n|faint|p2a: Zacian\n|\n|upkeep\n|\n|t:|1698111763\n|switch|p2a: Koraidon|Koraidon|16\/100\n|switch|p1a: Chief|Koraidon|100\/100\n|-damage|p1a: Chief|94\/100|[from] Stealth Rock\n|-weather|SunnyDay|[from] ability: Orichalcum Pulse|[of] p1a: Chief\n|-activate|p1a: Chief|Orichalcum Pulse|[source]\n|-damage|p2a: Koraidon|10\/100|[from] Stealth Rock\n|-activate|p2a: Koraidon|ability: Orichalcum Pulse\n|turn|11\n|c|\u2606Yangsta|plz no scarf lol\n|\n|t:|1698111778\n|move|p1a: Chief|Flare Blitz|p2a: Koraidon\n|-resisted|p2a: Koraidon\n|-damage|p2a: Koraidon|0 fnt\n|faint|p2a: Koraidon\n|-damage|p1a: Chief|91\/100|[from] Recoil\n|\n|-weather|SunnyDay|[upkeep]\n|upkeep\n|c|\u2606Yangsta|fuck\n|\n|t:|1698111787\n|switch|p2a: Flutter Mane|Flutter Mane|100\/100\n|-damage|p2a: Flutter Mane|88\/100|[from] Stealth Rock\n|-activate|p2a: Flutter Mane|ability: Protosynthesis\n|-start|p2a: Flutter Mane|protosynthesisspe\n|turn|12\n|\n|t:|1698111793\n|-terastallize|p1a: Chief|Fire\n|move|p2a: Flutter Mane|Dazzling Gleam|p1a: Chief\n|-resisted|p1a: Chief\n|-damage|p1a: Chief|70\/100\n|move|p1a: Chief|Flare Blitz|p2a: Flutter Mane\n|-damage|p2a: Flutter Mane|0 fnt\n|faint|p2a: Flutter Mane\n|-end|p2a: Flutter Mane|Protosynthesis|[silent]\n|-damage|p1a: Chief|49\/100|[from] Recoil\n|\n|-weather|SunnyDay|[upkeep]\n|upkeep\n|\n|t:|1698111804\n|switch|p2a: Arceus|Arceus|70\/100\n|-damage|p2a: Arceus|57\/100|[from] Stealth Rock\n|turn|13\n|c|\u2606Hand0fD00m|come now Kaiba boy\n|\n|t:|1698111812\n|move|p1a: Chief|Flare Blitz|p2a: Arceus\n|-damage|p2a: Arceus|0 fnt\n|faint|p2a: Arceus\n|-damage|p1a: Chief|24\/100|[from] Recoil\n|\n|-weather|SunnyDay|[upkeep]\n|upkeep\n|c|\u2606Yangsta|Jesus gg\n|\n|t:|1698111821\n|switch|p2a: Volcarona|Volcarona, M|100\/100\n|-damage|p2a: Volcarona|51\/100|[from] Stealth Rock\n|turn|14\n|\n|t:|1698111825\n|move|p1a: Chief|Flare Blitz|p2a: Volcarona\n|-damage|p2a: Volcarona|0 fnt\n|faint|p2a: Volcarona\n|-damage|p1a: Chief|9\/100|[from] Recoil\n|\n|win|Hand0fD00m\n|l|\u2606Yangsta\n|c| Rival Andrew|jeeeez\n|c|\u2606Hand0fD00m|the chief is a monster\n","uploadtime":1698111842,"views":15,"p1id":"hand0fd00m","p2id":"yangsta","formatid":"gen9ubers","rating":0,"private":0,"password":""}