{"id":"gen9ubers-1981038180","p1":"hannah_xyz","p2":"Leo Justice","format":"[Gen 9] Ubers","log":"|j|\u2606hannah_xyz\n|j|\u2606Leo Justice\n|t:|1698858708\n|gametype|singles\n|player|p1|hannah_xyz|caitlin|\n|player|p2|Leo Justice|carmine|\n|teamsize|p1|6\n|teamsize|p2|6\n|gen|9\n|tier|[Gen 9] Ubers\n|rule|Sleep Clause Mod: Limit one foe put to sleep\n|rule|Species Clause: Limit one of each Pok\u00e9mon\n|rule|OHKO Clause: OHKO moves are banned\n|rule|Evasion Items Clause: Evasion items are banned\n|rule|Evasion Moves Clause: Evasion moves are banned\n|rule|Endless Battle Clause: Forcing endless battles is banned\n|rule|HP Percentage Mod: HP is shown in percentages\n|clearpoke\n|poke|p1|Palkia-Origin|\n|poke|p1|Cyclizar, F|\n|poke|p1|Shaymin-Sky|\n|poke|p1|Arceus-Fire|\n|poke|p1|Zamazenta-*|\n|poke|p1|Iron Valiant|\n|poke|p2|Blissey, F|\n|poke|p2|Moltres|\n|poke|p2|Arceus-Poison|\n|poke|p2|Garganacl, M|\n|poke|p2|Magearna|\n|poke|p2|Cyclizar, F|\n|teampreview\n|c|\u2606Leo Justice|gl\n|\n|t:|1698858750\n|start\n|switch|p1a: razilcyc|Cyclizar, F|100\/100\n|switch|p2a: Cyclizar|Cyclizar, F|100\/100\n|turn|1\n|c|\u2606hannah_xyz|u2\n|\n|t:|1698858763\n|move|p1a: razilcyc|U-turn|p2a: Cyclizar\n|-damage|p2a: Cyclizar|80\/100\n|\n|t:|1698858765\n|switch|p1a: atnezamaz|Zamazenta-Crowned|100\/100|[from] U-turn\n|-ability|p1a: atnezamaz|Dauntless Shield|boost\n|-boost|p1a: atnezamaz|def|1\n|move|p2a: Cyclizar|Taunt|p1a: atnezamaz\n|-start|p1a: atnezamaz|move: Taunt\n|\n|upkeep\n|turn|2\n|\n|t:|1698858772\n|move|p1a: atnezamaz|Body Press|p2a: Cyclizar\n|-supereffective|p2a: Cyclizar\n|-damage|p2a: Cyclizar|0 fnt\n|faint|p2a: Cyclizar\n|\n|upkeep\n|\n|t:|1698858777\n|switch|p2a: Moltres|Moltres|100\/100\n|turn|3\n|\n|t:|1698858780\n|move|p1a: atnezamaz|Crunch|p2a: Moltres\n|-damage|p2a: Moltres|87\/100\n|move|p2a: Moltres|Will-O-Wisp|p1a: atnezamaz\n|-status|p1a: atnezamaz|brn\n|\n|-damage|p1a: atnezamaz|94\/100 brn|[from] brn\n|-end|p1a: atnezamaz|move: Taunt\n|upkeep\n|turn|4\n|\n|t:|1698858785\n|move|p1a: atnezamaz|Iron Defense|p1a: atnezamaz\n|-boost|p1a: atnezamaz|def|2\n|move|p2a: Moltres|Roar|p1a: atnezamaz\n|drag|p1a: suecra|Arceus-Fire|100\/100\n|\n|upkeep\n|turn|5\n|\n|t:|1698858795\n|switch|p1a: edallag|Iron Valiant|100\/100\n|-enditem|p1a: edallag|Booster Energy\n|-activate|p1a: edallag|ability: Quark Drive|[fromitem]\n|-start|p1a: edallag|quarkdrivespe\n|move|p2a: Moltres|Hurricane|p1a: edallag\n|-supereffective|p1a: edallag\n|-damage|p1a: edallag|0 fnt\n|faint|p1a: edallag\n|-end|p1a: edallag|Quark Drive|[silent]\n|\n|upkeep\n|\n|t:|1698858800\n|switch|p1a: aiklap|Palkia-Origin|100\/100\n|-ability|p1a: aiklap|Pressure\n|turn|6\n|\n|t:|1698858806\n|switch|p2a: Blissey|Blissey, F|100\/100\n|move|p1a: aiklap|Surf|p2a: Blissey\n|-damage|p2a: Blissey|80\/100\n|\n|upkeep\n|turn|7\n|\n|t:|1698858811\n|switch|p1a: nimyahs|Shaymin-Sky|100\/100\n|move|p2a: Blissey|Stealth Rock|p1a: nimyahs\n|-sidestart|p1: hannah_xyz|move: Stealth Rock\n|\n|upkeep\n|turn|8\n|\n|t:|1698858817\n|switch|p2a: Magearna|Magearna|100\/100\n|move|p1a: nimyahs|Seed Flare|p2a: Magearna\n|-resisted|p2a: Magearna\n|-damage|p2a: Magearna|81\/100\n|-unboost|p2a: Magearna|spd|2\n|\n|-heal|p2a: Magearna|87\/100|[from] item: Leftovers\n|upkeep\n|turn|9\n|\n|t:|1698858824\n|switch|p2a: Moltres|Moltres|87\/100\n|move|p1a: nimyahs|Seed Flare|p2a: Moltres\n|-resisted|p2a: Moltres\n|-damage|p2a: Moltres|73\/100\n|-unboost|p2a: Moltres|spd|2\n|\n|upkeep\n|turn|10\n|\n|t:|1698858827\n|switch|p2a: Magearna|Magearna|87\/100\n|move|p1a: nimyahs|Air Slash|p2a: Magearna\n|-resisted|p2a: Magearna\n|-damage|p2a: Magearna|76\/100\n|\n|-heal|p2a: Magearna|82\/100|[from] item: Leftovers\n|upkeep\n|turn|11\n|\n|t:|1698858832\n|move|p1a: nimyahs|Substitute|p1a: nimyahs\n|-start|p1a: nimyahs|Substitute\n|-damage|p1a: nimyahs|76\/100\n|move|p2a: Magearna|Ice Beam|p1a: nimyahs\n|-supereffective|p1a: nimyahs\n|-end|p1a: nimyahs|Substitute\n|\n|-heal|p2a: Magearna|88\/100|[from] item: Leftovers\n|upkeep\n|turn|12\n|\n|t:|1698858836\n|switch|p1a: atnezamaz|Zamazenta-Crowned|94\/100 brn\n|-damage|p1a: atnezamaz|91\/100 brn|[from] Stealth Rock\n|move|p2a: Magearna|Ice Beam|p1a: atnezamaz\n|-resisted|p1a: atnezamaz\n|-damage|p1a: atnezamaz|82\/100 brn\n|\n|-heal|p2a: Magearna|94\/100|[from] item: Leftovers\n|-damage|p1a: atnezamaz|76\/100 brn|[from] brn\n|upkeep\n|turn|13\n|\n|t:|1698858842\n|move|p1a: atnezamaz|Iron Defense|p1a: atnezamaz\n|-boost|p1a: atnezamaz|def|2\n|move|p2a: Magearna|Spikes|p1a: atnezamaz\n|-sidestart|p1: hannah_xyz|Spikes\n|\n|-heal|p2a: Magearna|99\/100|[from] item: Leftovers\n|-damage|p1a: atnezamaz|70\/100 brn|[from] brn\n|upkeep\n|turn|14\n|\n|t:|1698858846\n|switch|p2a: Moltres|Moltres|73\/100\n|move|p1a: atnezamaz|Iron Defense|p1a: atnezamaz\n|-boost|p1a: atnezamaz|def|2\n|\n|-damage|p1a: atnezamaz|64\/100 brn|[from] brn\n|upkeep\n|turn|15\n|\n|t:|1698858850\n|move|p1a: atnezamaz|Body Press|p2a: Moltres\n|-resisted|p2a: Moltres\n|-damage|p2a: Moltres|55\/100\n|move|p2a: Moltres|Roar|p1a: atnezamaz\n|drag|p1a: aiklap|Palkia-Origin|100\/100\n|-damage|p1a: aiklap|88\/100|[from] Stealth Rock\n|-damage|p1a: aiklap|76\/100|[from] Spikes\n|-ability|p1a: aiklap|Pressure\n|\n|upkeep\n|turn|16\n|\n|t:|1698858858\n|switch|p1a: razilcyc|Cyclizar, F|100\/100\n|-damage|p1a: razilcyc|88\/100|[from] Stealth Rock\n|-damage|p1a: razilcyc|76\/100|[from] Spikes\n|switch|p2a: Blissey|Blissey, F|80\/100\n|\n|upkeep\n|turn|17\n|\n|t:|1698858867\n|move|p1a: razilcyc|Shed Tail|p1a: razilcyc\n|-start|p1a: razilcyc|Substitute|[from] move: Shed Tail\n|-damage|p1a: razilcyc|26\/100\n|\n|t:|1698858870\n|switch|p1a: atnezamaz|Zamazenta-Crowned|64\/100 brn|[from] Shed Tail\n|-damage|p1a: atnezamaz|61\/100 brn|[from] Stealth Rock\n|-damage|p1a: atnezamaz|48\/100 brn|[from] Spikes\n|move|p2a: Blissey|Thunder Wave||[still]\n|-fail|p2a: Blissey\n|\n|-damage|p1a: atnezamaz|42\/100 brn|[from] brn\n|upkeep\n|turn|18\n|\n|t:|1698858877\n|switch|p2a: Moltres|Moltres|55\/100\n|move|p1a: atnezamaz|Rest|p1a: atnezamaz\n|-status|p1a: atnezamaz|slp|[from] move: Rest\n|-heal|p1a: atnezamaz|100\/100 slp|[silent]\n|\n|upkeep\n|turn|19\n|\n|t:|1698858885\n|cant|p1a: atnezamaz|slp\n|move|p2a: Moltres|Roost|p2a: Moltres\n|-heal|p2a: Moltres|100\/100\n|-singleturn|p2a: Moltres|move: Roost\n|\n|upkeep\n|turn|20\n|\n|t:|1698858892\n|cant|p1a: atnezamaz|slp\n|move|p2a: Moltres|Roar|p1a: atnezamaz\n|drag|p1a: aiklap|Palkia-Origin|76\/100\n|-damage|p1a: aiklap|63\/100|[from] Stealth Rock\n|-damage|p1a: aiklap|51\/100|[from] Spikes\n|-ability|p1a: aiklap|Pressure\n|\n|upkeep\n|turn|21\n|\n|t:|1698858900\n|switch|p1a: suecra|Arceus-Fire|100\/100\n|-damage|p1a: suecra|75\/100|[from] Stealth Rock\n|-damage|p1a: suecra|63\/100|[from] Spikes\n|switch|p2a: Blissey|Blissey, F|80\/100\n|\n|upkeep\n|turn|22\n|\n|t:|1698858908\n|switch|p2a: Moltres|Moltres|100\/100\n|move|p1a: suecra|Dragon Dance|p1a: suecra\n|-boost|p1a: suecra|atk|1\n|-boost|p1a: suecra|spe|1\n|\n|upkeep\n|turn|23\n|\n|t:|1698858914\n|move|p1a: suecra|Recover|p1a: suecra\n|-heal|p1a: suecra|100\/100\n|move|p2a: Moltres|Roar|p1a: suecra\n|drag|p1a: razilcyc|Cyclizar, F|59\/100\n|-damage|p1a: razilcyc|47\/100|[from] Stealth Rock\n|-damage|p1a: razilcyc|35\/100|[from] Spikes\n|\n|upkeep\n|turn|24\n|\n|t:|1698858921\n|move|p1a: razilcyc|Rapid Spin|p2a: Moltres\n|-damage|p2a: Moltres|89\/100\n|-boost|p1a: razilcyc|spe|1\n|-sideend|p1: hannah_xyz|Spikes|[from] move: Rapid Spin|[of] p1a: razilcyc\n|-sideend|p1: hannah_xyz|Stealth Rock|[from] move: Rapid Spin|[of] p1a: razilcyc\n|move|p2a: Moltres|Hurricane|p1a: razilcyc\n|-damage|p1a: razilcyc|0 fnt\n|faint|p1a: razilcyc\n|\n|upkeep\n|\n|t:|1698858930\n|switch|p1a: aiklap|Palkia-Origin|51\/100\n|-ability|p1a: aiklap|Pressure\n|turn|25\n|\n|t:|1698858937\n|switch|p2a: Blissey|Blissey, F|80\/100\n|move|p1a: aiklap|Draco Meteor|p2a: Blissey\n|-damage|p2a: Blissey|49\/100\n|-unboost|p1a: aiklap|spa|2\n|\n|upkeep\n|turn|26\n|\n|t:|1698858944\n|switch|p1a: suecra|Arceus-Fire|100\/100\n|move|p2a: Blissey|Soft-Boiled|p2a: Blissey\n|-heal|p2a: Blissey|99\/100\n|\n|upkeep\n|turn|27\n|\n|t:|1698858949\n|switch|p2a: Moltres|Moltres|89\/100\n|move|p1a: suecra|Dragon Dance|p1a: suecra\n|-boost|p1a: suecra|atk|1\n|-boost|p1a: suecra|spe|1\n|\n|upkeep\n|turn|28\n|\n|t:|1698858953\n|move|p1a: suecra|Flare Blitz|p2a: Moltres\n|-resisted|p2a: Moltres\n|-crit|p2a: Moltres\n|-damage|p2a: Moltres|30\/100\n|-damage|p1a: suecra|81\/100|[from] Recoil\n|move|p2a: Moltres|Roar|p1a: suecra\n|drag|p1a: nimyahs|Shaymin-Sky|76\/100\n|\n|upkeep\n|turn|29\n|\n|t:|1698858963\n|switch|p2a: Magearna|Magearna|99\/100\n|move|p1a: nimyahs|Air Slash|p2a: Magearna\n|-resisted|p2a: Magearna\n|-damage|p2a: Magearna|88\/100\n|\n|-heal|p2a: Magearna|94\/100|[from] item: Leftovers\n|upkeep\n|turn|30\n|\n|t:|1698858968\n|switch|p1a: atnezamaz|Zamazenta-Crowned|100\/100 slp\n|move|p2a: Magearna|Spikes|p1a: atnezamaz\n|-sidestart|p1: hannah_xyz|Spikes\n|\n|-heal|p2a: Magearna|100\/100|[from] item: Leftovers\n|upkeep\n|turn|31\n|\n|t:|1698858974\n|-curestatus|p1a: atnezamaz|slp|[msg]\n|move|p1a: atnezamaz|Iron Defense|p1a: atnezamaz\n|-boost|p1a: atnezamaz|def|2\n|move|p2a: Magearna|Spikes|p1a: atnezamaz\n|-sidestart|p1: hannah_xyz|Spikes\n|\n|upkeep\n|turn|32\n|\n|t:|1698858977\n|move|p1a: atnezamaz|Body Press|p2a: Magearna\n|-damage|p2a: Magearna|37\/100\n|move|p2a: Magearna|Encore|p1a: atnezamaz\n|-start|p1a: atnezamaz|Encore\n|\n|-heal|p2a: Magearna|43\/100|[from] item: Leftovers\n|upkeep\n|turn|33\n|\n|t:|1698858983\n|switch|p2a: Arceus|Arceus-Poison|100\/100\n|move|p1a: atnezamaz|Body Press|p2a: Arceus\n|-resisted|p2a: Arceus\n|-damage|p2a: Arceus|83\/100\n|\n|upkeep\n|turn|34\n|\n|t:|1698858989\n|switch|p1a: suecra|Arceus-Fire|81\/100\n|-damage|p1a: suecra|65\/100|[from] Spikes\n|move|p2a: Arceus|Roar|p1a: suecra\n|drag|p1a: nimyahs|Shaymin-Sky|76\/100\n|\n|upkeep\n|turn|35\n|\n|t:|1698858996\n|move|p1a: nimyahs|Earth Power|p2a: Arceus\n|-supereffective|p2a: Arceus\n|-damage|p2a: Arceus|42\/100\n|move|p2a: Arceus|Judgment|p1a: nimyahs\n|-supereffective|p1a: nimyahs\n|-damage|p1a: nimyahs|0 fnt\n|faint|p1a: nimyahs\n|\n|upkeep\n|\n|t:|1698858998\n|switch|p1a: aiklap|Palkia-Origin|51\/100\n|-damage|p1a: aiklap|34\/100|[from] Spikes\n|-ability|p1a: aiklap|Pressure\n|turn|36\n|\n|t:|1698859005\n|switch|p1a: suecra|Arceus-Fire|65\/100\n|-damage|p1a: suecra|48\/100|[from] Spikes\n|switch|p2a: Blissey|Blissey, F|99\/100\n|\n|upkeep\n|turn|37\n|\n|t:|1698859008\n|move|p1a: suecra|Dragon Dance|p1a: suecra\n|-boost|p1a: suecra|atk|1\n|-boost|p1a: suecra|spe|1\n|move|p2a: Blissey|Thunder Wave|p1a: suecra\n|-status|p1a: suecra|par\n|\n|upkeep\n|turn|38\n|\n|t:|1698859017\n|switch|p2a: Garganacl|Garganacl, M|100\/100\n|move|p1a: suecra|Recover|p1a: suecra\n|-heal|p1a: suecra|98\/100 par\n|\n|upkeep\n|turn|39\n|\n|t:|1698859022\n|-terastallize|p1a: suecra|Ground\n|cant|p1a: suecra|par\n|move|p2a: Garganacl|Iron Defense|p2a: Garganacl\n|-boost|p2a: Garganacl|def|2\n|\n|upkeep\n|turn|40\n|\n|t:|1698859027\n|-terastallize|p2a: Garganacl|Water\n|move|p1a: suecra|Earthquake|p2a: Garganacl\n|-damage|p2a: Garganacl|80\/100\n|move|p2a: Garganacl|Iron Defense|p2a: Garganacl\n|-boost|p2a: Garganacl|def|2\n|\n|-heal|p2a: Garganacl|86\/100|[from] item: Leftovers\n|upkeep\n|turn|41\n|\n|t:|1698859034\n|move|p1a: suecra|Dragon Dance|p1a: suecra\n|-boost|p1a: suecra|atk|1\n|-boost|p1a: suecra|spe|1\n|move|p2a: Garganacl|Salt Cure|p1a: suecra\n|-resisted|p1a: suecra\n|-crit|p1a: suecra\n|-damage|p1a: suecra|91\/100 par\n|-start|p1a: suecra|Salt Cure\n|\n|-heal|p2a: Garganacl|92\/100|[from] item: Leftovers\n|-damage|p1a: suecra|79\/100 par|[from] Salt Cure\n|upkeep\n|turn|42\n|\n|t:|1698859038\n|move|p1a: suecra|Dragon Dance|p1a: suecra\n|-boost|p1a: suecra|atk|1\n|-boost|p1a: suecra|spe|1\n|move|p2a: Garganacl|Body Press|p1a: suecra\n|-damage|p1a: suecra|9\/100 par\n|\n|-heal|p2a: Garganacl|98\/100|[from] item: Leftovers\n|-damage|p1a: suecra|0 fnt|[from] Salt Cure\n|faint|p1a: suecra\n|upkeep\n|\n|t:|1698859044\n|switch|p1a: aiklap|Palkia-Origin|34\/100\n|-damage|p1a: aiklap|18\/100|[from] Spikes\n|-ability|p1a: aiklap|Pressure\n|turn|43\n|\n|t:|1698859050\n|switch|p2a: Blissey|Blissey, F|99\/100\n|move|p1a: aiklap|Spacial Rend|p2a: Blissey\n|-damage|p2a: Blissey|77\/100\n|\n|upkeep\n|turn|44\n|\n|t:|1698859055\n|switch|p1a: atnezamaz|Zamazenta-Crowned|100\/100\n|-damage|p1a: atnezamaz|84\/100|[from] Spikes\n|move|p2a: Blissey|Thunder Wave|p1a: atnezamaz\n|-status|p1a: atnezamaz|par\n|\n|upkeep\n|turn|45\n|\n|t:|1698859061\n|switch|p2a: Arceus|Arceus-Poison|42\/100\n|move|p1a: atnezamaz|Iron Defense|p1a: atnezamaz\n|-boost|p1a: atnezamaz|def|2\n|\n|upkeep\n|turn|46\n|\n|t:|1698859066\n|move|p2a: Arceus|Perish Song|p2a: Arceus\n|-start|p1a: atnezamaz|perish3|[silent]\n|-start|p2a: Arceus|perish3|[silent]\n|-fieldactivate|move: Perish Song\n|move|p1a: atnezamaz|Crunch|p2a: Arceus\n|-damage|p2a: Arceus|31\/100\n|-unboost|p2a: Arceus|def|1\n|\n|-start|p2a: Arceus|perish3\n|-start|p1a: atnezamaz|perish3\n|upkeep\n|turn|47\n|\n|t:|1698859072\n|move|p2a: Arceus|Recover|p2a: Arceus\n|-heal|p2a: Arceus|81\/100\n|move|p1a: atnezamaz|Body Press|p2a: Arceus\n|-resisted|p2a: Arceus\n|-damage|p2a: Arceus|53\/100\n|\n|-start|p2a: Arceus|perish2\n|-start|p1a: atnezamaz|perish2\n|upkeep\n|turn|48\n|\n|t:|1698859078\n|switch|p2a: Moltres|Moltres|30\/100\n|cant|p1a: atnezamaz|par\n|\n|-start|p1a: atnezamaz|perish1\n|upkeep\n|turn|49\n|\n|t:|1698859086\n|switch|p1a: aiklap|Palkia-Origin|18\/100\n|-damage|p1a: aiklap|1\/100|[from] Spikes\n|-ability|p1a: aiklap|Pressure\n|move|p2a: Moltres|Hurricane|p1a: aiklap\n|-damage|p1a: aiklap|0 fnt\n|faint|p1a: aiklap\n|\n|upkeep\n|\n|t:|1698859093\n|switch|p1a: atnezamaz|Zamazenta-Crowned|84\/100 par\n|-damage|p1a: atnezamaz|67\/100 par|[from] Spikes\n|turn|50\n|\n|t:|1698859097\n|switch|p2a: Arceus|Arceus-Poison|53\/100\n|move|p1a: atnezamaz|Rest|p1a: atnezamaz\n|-status|p1a: atnezamaz|slp|[from] move: Rest\n|-heal|p1a: atnezamaz|100\/100 slp|[silent]\n|\n|upkeep\n|turn|51\n|c|\u2606hannah_xyz|gg\n|\n|t:|1698859102\n|cant|p1a: atnezamaz|slp\n|move|p2a: Arceus|Perish Song|p2a: Arceus\n|-start|p1a: atnezamaz|perish3|[silent]\n|-start|p2a: Arceus|perish3|[silent]\n|-fieldactivate|move: Perish Song\n|\n|-start|p1a: atnezamaz|perish3\n|-start|p2a: Arceus|perish3\n|upkeep\n|turn|52\n|c|\u2606Leo Justice|gg\n|-message|hannah_xyz forfeited.\n|\n|win|Leo Justice\n|l|\u2606hannah_xyz\n","uploadtime":1698859120,"views":19,"p1id":"hannahxyz","p2id":"leojustice","formatid":"gen9ubers","rating":0,"private":0,"password":""}