{"id":"gen9ubers-1985048544","p1":"Pickedman","p2":"godiamsosorry","format":"[Gen 9] Ubers","log":"|j|\u2606Pickedman\n|j|\u2606godiamsosorry\n|t:|1699324565\n|gametype|singles\n|player|p1|Pickedman|zinnia|\n|player|p2|godiamsosorry|lady|\n|teamsize|p1|6\n|teamsize|p2|6\n|gen|9\n|tier|[Gen 9] Ubers\n|rule|Sleep Clause Mod: Limit one foe put to sleep\n|rule|Species Clause: Limit one of each Pok\u00e9mon\n|rule|OHKO Clause: OHKO moves are banned\n|rule|Evasion Items Clause: Evasion items are banned\n|rule|Evasion Moves Clause: Evasion moves are banned\n|rule|Endless Battle Clause: Forcing endless battles is banned\n|rule|HP Percentage Mod: HP is shown in percentages\n|clearpoke\n|poke|p1|Kyogre|\n|poke|p1|Groudon|\n|poke|p1|Rayquaza|\n|poke|p1|Arceus|\n|poke|p1|Miraidon|\n|poke|p1|Basculegion-F, F|\n|poke|p2|Cyclizar, M|\n|poke|p2|Mewtwo|\n|poke|p2|Arceus|\n|poke|p2|Basculegion-F, F|\n|poke|p2|Giratina-Origin|\n|poke|p2|Groudon|\n|teampreview\n|\n|t:|1699324587\n|start\n|switch|p1a: Groudon|Groudon|100\/100\n|switch|p2a: Cyclizar|Cyclizar, M|100\/100\n|-weather|SunnyDay|[from] ability: Drought|[of] p1a: Groudon\n|turn|1\n|\n|t:|1699324595\n|move|p2a: Cyclizar|Taunt|p1a: Groudon\n|-start|p1a: Groudon|move: Taunt\n|move|p1a: Groudon|Dragon Pulse|p2a: Cyclizar\n|-supereffective|p2a: Cyclizar\n|-damage|p2a: Cyclizar|2\/100\n|\n|-weather|SunnyDay|[upkeep]\n|upkeep\n|turn|2\n|\n|t:|1699324609\n|switch|p2a: Groudon|Groudon|100\/100\n|move|p1a: Groudon|Eruption|p2a: Groudon\n|-damage|p2a: Groudon|31\/100\n|\n|-weather|SunnyDay|[upkeep]\n|-heal|p2a: Groudon|37\/100|[from] item: Leftovers\n|upkeep\n|turn|3\n|\n|t:|1699324617\n|move|p2a: Groudon|Earth Power|p1a: Groudon\n|-damage|p1a: Groudon|75\/100\n|move|p1a: Groudon|Eruption|p2a: Groudon\n|-damage|p2a: Groudon|0 fnt\n|faint|p2a: Groudon\n|\n|-weather|SunnyDay|[upkeep]\n|-end|p1a: Groudon|move: Taunt\n|upkeep\n|\n|t:|1699324622\n|switch|p2a: Cyclizar|Cyclizar, M|35\/100\n|turn|4\n|\n|t:|1699324627\n|switch|p2a: Giratina|Giratina-Origin|100\/100\n|move|p1a: Groudon|Dragon Pulse|p2a: Giratina\n|-supereffective|p2a: Giratina\n|-crit|p2a: Giratina\n|-damage|p2a: Giratina|50\/100\n|\n|-weather|SunnyDay|[upkeep]\n|upkeep\n|turn|5\n|\n|t:|1699324637\n|move|p1a: Groudon|Dragon Pulse|p2a: Giratina\n|-supereffective|p2a: Giratina\n|-damage|p2a: Giratina|13\/100\n|move|p2a: Giratina|Poltergeist|p1a: Groudon\n|-activate|p1a: Groudon|move: Poltergeist|Assault Vest\n|-damage|p1a: Groudon|44\/100\n|\n|-weather|none\n|upkeep\n|turn|6\n|\n|t:|1699324646\n|move|p2a: Giratina|Poltergeist|p1a: Groudon\n|-activate|p1a: Groudon|move: Poltergeist|Assault Vest\n|-damage|p1a: Groudon|10\/100\n|move|p1a: Groudon|Dragon Pulse|p2a: Giratina\n|-supereffective|p2a: Giratina\n|-damage|p2a: Giratina|0 fnt\n|faint|p2a: Giratina\n|\n|upkeep\n|\n|t:|1699324651\n|switch|p2a: Basculegion|Basculegion-F, F|100\/100\n|turn|7\n|\n|t:|1699324662\n|switch|p2a: Arceus|Arceus|100\/100\n|switch|p1a: Rayquaza|Rayquaza|100\/100\n|-ability|p1a: Rayquaza|Air Lock\n|\n|upkeep\n|turn|8\n|\n|t:|1699324670\n|move|p1a: Rayquaza|Dragon Dance|p1a: Rayquaza\n|-boost|p1a: Rayquaza|atk|1\n|-boost|p1a: Rayquaza|spe|1\n|move|p2a: Arceus|Swords Dance|p2a: Arceus\n|-boost|p2a: Arceus|atk|2\n|\n|upkeep\n|turn|9\n|\n|t:|1699324683\n|-terastallize|p2a: Arceus|Normal\n|move|p2a: Arceus|Extreme Speed|p1a: Rayquaza\n|-damage|p1a: Rayquaza|0 fnt\n|faint|p1a: Rayquaza\n|\n|upkeep\n|\n|t:|1699324698\n|switch|p1a: Arceus|Arceus|100\/100\n|turn|10\n|\n|t:|1699324715\n|move|p1a: Arceus|Extreme Speed|p2a: Arceus\n|-damage|p2a: Arceus|66\/100\n|move|p2a: Arceus|Swords Dance|p2a: Arceus\n|-boost|p2a: Arceus|atk|2\n|\n|upkeep\n|turn|11\n|\n|t:|1699324722\n|move|p2a: Arceus|Extreme Speed|p1a: Arceus\n|-damage|p1a: Arceus|0 fnt\n|faint|p1a: Arceus\n|\n|upkeep\n|\n|t:|1699324729\n|switch|p1a: Kyogre|Kyogre|100\/100\n|-weather|RainDance|[from] ability: Drizzle|[of] p1a: Kyogre\n|turn|12\n|\n|t:|1699324734\n|switch|p1a: Basculegion|Basculegion-F, F|100\/100\n|move|p2a: Arceus|Extreme Speed|p1a: Basculegion\n|-immune|p1a: Basculegion\n|\n|-weather|RainDance|[upkeep]\n|upkeep\n|turn|13\n|\n|t:|1699324742\n|move|p1a: Basculegion|Wave Crash|p2a: Arceus\n|-damage|p2a: Arceus|0 fnt\n|faint|p2a: Arceus\n|-damage|p1a: Basculegion|75\/100|[from] Recoil\n|\n|-weather|RainDance|[upkeep]\n|upkeep\n|\n|t:|1699324749\n|switch|p2a: Mewtwo|Mewtwo|100\/100\n|-ability|p2a: Mewtwo|Pressure\n|turn|14\n|\n|t:|1699324755\n|move|p1a: Basculegion|Wave Crash|p2a: Mewtwo\n|-damage|p2a: Mewtwo|0 fnt\n|faint|p2a: Mewtwo\n|-damage|p1a: Basculegion|45\/100|[from] Recoil\n|\n|-weather|RainDance|[upkeep]\n|upkeep\n|\n|t:|1699324760\n|switch|p2a: Basculegion|Basculegion-F, F|100\/100\n|turn|15\n|\n|t:|1699324786\n|switch|p1a: Groudon|Groudon|10\/100\n|-weather|SunnyDay|[from] ability: Drought|[of] p1a: Groudon\n|move|p2a: Basculegion|Last Respects|p1a: Groudon\n|-damage|p1a: Groudon|0 fnt\n|faint|p1a: Groudon\n|\n|-weather|SunnyDay|[upkeep]\n|upkeep\n|\n|t:|1699324801\n|switch|p1a: Kyogre|Kyogre|100\/100\n|-weather|RainDance|[from] ability: Drizzle|[of] p1a: Kyogre\n|turn|16\n|\n|t:|1699324808\n|move|p2a: Basculegion|Last Respects|p1a: Kyogre\n|-damage|p1a: Kyogre|0 fnt\n|faint|p1a: Kyogre\n|\n|-weather|RainDance|[upkeep]\n|upkeep\n|\n|t:|1699324822\n|switch|p1a: Basculegion|Basculegion-F, F|45\/100\n|turn|17\n|\n|t:|1699324827\n|switch|p2a: Cyclizar|Cyclizar, M|68\/100\n|-terastallize|p1a: Basculegion|Water\n|move|p1a: Basculegion|Last Respects|p2a: Cyclizar\n|-immune|p2a: Cyclizar\n|\n|-weather|RainDance|[upkeep]\n|upkeep\n|turn|18\n|\n|t:|1699324836\n|switch|p1a: Miraidon|Miraidon|100\/100\n|-fieldstart|move: Electric Terrain|[from] ability: Hadron Engine|[of] p1a: Miraidon\n|move|p2a: Cyclizar|Shed Tail|p2a: Cyclizar\n|-start|p2a: Cyclizar|Substitute|[from] move: Shed Tail\n|-damage|p2a: Cyclizar|18\/100\n|\n|t:|1699324838\n|switch|p2a: Basculegion|Basculegion-F, F|100\/100|[from] Shed Tail\n|\n|-weather|RainDance|[upkeep]\n|upkeep\n|turn|19\n|\n|t:|1699324849\n|move|p2a: Basculegion|Last Respects|p1a: Miraidon\n|-damage|p1a: Miraidon|0 fnt\n|faint|p1a: Miraidon\n|\n|-weather|RainDance|[upkeep]\n|upkeep\n|c|\u2606Pickedman|ggs\n|\n|t:|1699324855\n|switch|p1a: Basculegion|Basculegion-F, F, tera:Water|45\/100\n|turn|20\n|c|\u2606godiamsosorry|Gg\n|\n|t:|1699324865\n|move|p1a: Basculegion|Aqua Jet|p2a: Basculegion\n|-resisted|p2a: Basculegion\n|-end|p2a: Basculegion|Substitute\n|move|p2a: Basculegion|Last Respects|p1a: Basculegion\n|-damage|p1a: Basculegion|0 fnt\n|faint|p1a: Basculegion\n|\n|win|godiamsosorry\n","uploadtime":1699324874,"views":8,"p1id":"pickedman","p2id":"godiamsosorry","formatid":"gen9ubers","rating":0,"private":0,"password":""}