{"id":"gen9ubers-1995895041","p1":"RJGBeastgod544","p2":"Ducky like bread","format":"[Gen 9] Ubers","log":"|j|\u2606RJGBeastgod544\n|j|\u2606Ducky like bread\n|t:|1700614634\n|gametype|singles\n|player|p1|RJGBeastgod544|drayden|1312\n|player|p2|Ducky like bread|101|1379\n|teamsize|p1|6\n|teamsize|p2|6\n|gen|9\n|tier|[Gen 9] Ubers\n|rated|\n|rule|Sleep Clause Mod: Limit one foe put to sleep\n|rule|Species Clause: Limit one of each Pok\u00e9mon\n|rule|OHKO Clause: OHKO moves are banned\n|rule|Evasion Items Clause: Evasion items are banned\n|rule|Evasion Moves Clause: Evasion moves are banned\n|rule|Endless Battle Clause: Forcing endless battles is banned\n|rule|HP Percentage Mod: HP is shown in percentages\n|clearpoke\n|poke|p1|Arceus|\n|poke|p1|Groudon|\n|poke|p1|Giratina|\n|poke|p1|Flutter Mane|\n|poke|p1|Koraidon|\n|poke|p1|Magearna|\n|poke|p2|Ting-Lu|\n|poke|p2|Calyrex-Ice|\n|poke|p2|Skeledirge, M|\n|poke|p2|Koraidon|\n|poke|p2|Hatterene, F|\n|poke|p2|Palafin, M|\n|teampreview\n|inactive|Battle timer is ON: inactive players will automatically lose when time's up. (requested by Ducky like bread)\n|\n|t:|1700614646\n|start\n|switch|p1a: Koraidon|Koraidon|100\/100\n|switch|p2a: Palafin|Palafin, M|100\/100\n|-weather|SunnyDay|[from] ability: Orichalcum Pulse|[of] p1a: Koraidon\n|-activate|p1a: Koraidon|Orichalcum Pulse|[source]\n|turn|1\n|\n|t:|1700614654\n|detailschange|p2a: Palafin|Palafin-Hero, M\n|switch|p2a: Skeledirge|Skeledirge, M|100\/100\n|move|p1a: Koraidon|U-turn|p2a: Skeledirge\n|-resisted|p2a: Skeledirge\n|-damage|p2a: Skeledirge|94\/100\n|\n|t:|1700614661\n|switch|p1a: Flutter Mane|Flutter Mane|100\/100|[from] U-turn\n|-activate|p1a: Flutter Mane|ability: Protosynthesis\n|-start|p1a: Flutter Mane|protosynthesisspe\n|\n|-weather|SunnyDay|[upkeep]\n|upkeep\n|turn|2\n|\n|t:|1700614672\n|move|p1a: Flutter Mane|Shadow Ball|p2a: Skeledirge\n|-supereffective|p2a: Skeledirge\n|-damage|p2a: Skeledirge|9\/100\n|-damage|p1a: Flutter Mane|91\/100|[from] item: Life Orb\n|move|p2a: Skeledirge|Torch Song|p1a: Flutter Mane\n|-damage|p1a: Flutter Mane|44\/100\n|-boost|p2a: Skeledirge|spa|1\n|\n|-weather|SunnyDay|[upkeep]\n|upkeep\n|turn|3\n|\n|t:|1700614686\n|move|p1a: Flutter Mane|Moonblast|p2a: Skeledirge\n|-resisted|p2a: Skeledirge\n|-damage|p2a: Skeledirge|0 fnt\n|faint|p2a: Skeledirge\n|-damage|p1a: Flutter Mane|34\/100|[from] item: Life Orb\n|\n|-weather|SunnyDay|[upkeep]\n|upkeep\n|\n|t:|1700614688\n|switch|p2a: Ting-Lu|Ting-Lu|100\/100\n|-ability|p2a: Ting-Lu|Vessel of Ruin\n|turn|4\n|\n|t:|1700614704\n|move|p1a: Flutter Mane|Moonblast|p2a: Ting-Lu\n|-supereffective|p2a: Ting-Lu\n|-damage|p2a: Ting-Lu|20\/100\n|-enditem|p2a: Ting-Lu|Red Card|[of] p1a: Flutter Mane\n|-end|p1a: Flutter Mane|Protosynthesis|[silent]\n|drag|p1a: Giratina|Giratina|100\/100\n|-ability|p1a: Giratina|Pressure\n|move|p2a: Ting-Lu|Stealth Rock|p1a: Giratina\n|-sidestart|p1: RJGBeastgod544|move: Stealth Rock\n|\n|-weather|SunnyDay|[upkeep]\n|upkeep\n|turn|5\n|\n|t:|1700614714\n|move|p2a: Ting-Lu|Ruination|p1a: Giratina\n|-damage|p1a: Giratina|50\/100\n|move|p1a: Giratina|Dragon Tail|p2a: Ting-Lu\n|-damage|p2a: Ting-Lu|11\/100\n|drag|p2a: Calyrex|Calyrex-Ice|100\/100\n|-ability|p2a: Calyrex|As One\n|-ability|p2a: Calyrex|Unnerve\n|\n|-weather|none\n|upkeep\n|turn|6\n|\n|t:|1700614729\n|switch|p2a: Hatterene|Hatterene, F|100\/100\n|move|p1a: Giratina|Will-O-Wisp|p2a: Hatterene\n|move|p2a: Hatterene|Will-O-Wisp|p1a: Giratina|[from]ability: Magic Bounce\n|-status|p1a: Giratina|brn\n|\n|-damage|p1a: Giratina|44\/100 brn|[from] brn\n|upkeep\n|turn|7\n|\n|t:|1700614745\n|move|p1a: Giratina|Defog|p2a: Hatterene\n|move|p2a: Hatterene|Defog|p1a: Giratina|[from]ability: Magic Bounce\n|-unboost|p1a: Giratina|evasion|1\n|-sideend|p1: RJGBeastgod544|Stealth Rock|[from] move: Defog|[of] p2a: Hatterene\n|move|p2a: Hatterene|Draining Kiss|p1a: Giratina\n|-supereffective|p1a: Giratina\n|-damage|p1a: Giratina|18\/100 brn\n|\n|-damage|p1a: Giratina|12\/100 brn|[from] brn\n|upkeep\n|turn|8\n|\n|t:|1700614754\n|move|p1a: Giratina|Hex|p2a: Hatterene\n|-supereffective|p2a: Hatterene\n|-damage|p2a: Hatterene|53\/100\n|move|p2a: Hatterene|Calm Mind|p2a: Hatterene\n|-boost|p2a: Hatterene|spa|1\n|-boost|p2a: Hatterene|spd|1\n|\n|-heal|p2a: Hatterene|59\/100|[from] item: Leftovers\n|-damage|p1a: Giratina|6\/100 brn|[from] brn\n|upkeep\n|turn|9\n|\n|t:|1700614758\n|move|p1a: Giratina|Hex|p2a: Hatterene\n|-supereffective|p2a: Hatterene\n|-damage|p2a: Hatterene|28\/100\n|move|p2a: Hatterene|Draining Kiss|p1a: Giratina\n|-supereffective|p1a: Giratina\n|-damage|p1a: Giratina|0 fnt\n|-heal|p2a: Hatterene|35\/100|[from] drain|[of] p1a: Giratina\n|faint|p1a: Giratina\n|\n|-heal|p2a: Hatterene|41\/100|[from] item: Leftovers\n|upkeep\n|\n|t:|1700614769\n|switch|p1a: Flutter Mane|Flutter Mane|34\/100\n|turn|10\n|\n|t:|1700614774\n|switch|p2a: Ting-Lu|Ting-Lu|11\/100\n|-ability|p2a: Ting-Lu|Vessel of Ruin\n|move|p1a: Flutter Mane|Shadow Ball|p2a: Ting-Lu\n|-resisted|p2a: Ting-Lu\n|-damage|p2a: Ting-Lu|0 fnt\n|faint|p2a: Ting-Lu\n|-damage|p1a: Flutter Mane|24\/100|[from] item: Life Orb\n|\n|upkeep\n|\n|t:|1700614783\n|switch|p2a: Palafin|Palafin-Hero, M|100\/100\n|-activate|p2a: Palafin|ability: Zero to Hero\n|turn|11\n|\n|t:|1700614789\n|move|p2a: Palafin|Jet Punch|p1a: Flutter Mane\n|-damage|p1a: Flutter Mane|0 fnt\n|faint|p1a: Flutter Mane\n|-end|p1a: Flutter Mane|Protosynthesis|[silent]\n|\n|upkeep\n|\n|t:|1700614792\n|switch|p1a: Groudon|Groudon|100\/100\n|-weather|SunnyDay|[from] ability: Drought|[of] p1a: Groudon\n|turn|12\n|\n|t:|1700614796\n|switch|p2a: Hatterene|Hatterene, F|41\/100\n|move|p1a: Groudon|Will-O-Wisp|p2a: Hatterene\n|move|p2a: Hatterene|Will-O-Wisp|p1a: Groudon|[from]ability: Magic Bounce\n|-status|p1a: Groudon|brn\n|\n|-weather|SunnyDay|[upkeep]\n|-heal|p2a: Hatterene|47\/100|[from] item: Leftovers\n|-damage|p1a: Groudon|94\/100 brn|[from] brn\n|upkeep\n|turn|13\n|\n|t:|1700614804\n|move|p1a: Groudon|Earthquake|p2a: Hatterene\n|-damage|p2a: Hatterene|17\/100\n|move|p2a: Hatterene|Draining Kiss|p1a: Groudon\n|-damage|p1a: Groudon|65\/100 brn\n|-heal|p2a: Hatterene|45\/100|[from] drain|[of] p1a: Groudon\n|\n|-weather|SunnyDay|[upkeep]\n|-heal|p1a: Groudon|71\/100 brn|[from] item: Leftovers\n|-heal|p2a: Hatterene|51\/100|[from] item: Leftovers\n|-damage|p1a: Groudon|65\/100 brn|[from] brn\n|upkeep\n|turn|14\n|\n|t:|1700614809\n|move|p1a: Groudon|Spikes|p2a: Hatterene\n|move|p2a: Hatterene|Spikes|p1a: Groudon|[from]ability: Magic Bounce\n|-sidestart|p1: RJGBeastgod544|Spikes\n|move|p2a: Hatterene|Draining Kiss|p1a: Groudon\n|-damage|p1a: Groudon|36\/100 brn\n|-heal|p2a: Hatterene|79\/100|[from] drain|[of] p1a: Groudon\n|\n|-weather|SunnyDay|[upkeep]\n|-heal|p1a: Groudon|42\/100 brn|[from] item: Leftovers\n|-heal|p2a: Hatterene|85\/100|[from] item: Leftovers\n|-damage|p1a: Groudon|36\/100 brn|[from] brn\n|upkeep\n|turn|15\n|-message|RJGBeastgod544 forfeited.\n|\n|win|Ducky like bread\n|raw|RJGBeastgod544's rating: 1312 &rarr; <strong>1296<\/strong><br \/>(-16 for losing)\n|raw|Ducky like bread's rating: 1379 &rarr; <strong>1395<\/strong><br \/>(+16 for winning)\n|l|\u2606RJGBeastgod544\n","uploadtime":1700614818,"views":12,"p1id":"rjgbeastgod544","p2id":"duckylikebread","formatid":"gen9ubers","rating":1296,"private":0,"password":""}