{"id":"gen9ubers-1987403414","p1":"Gym Leader Sohniya","p2":"GL Samson","format":"[Gen 9] Ubers","log":"|j|\u2606Gym Leader Sohniya\n|j|\u2606GL Samson\n|t:|1699586845\n|gametype|singles\n|player|p1|Gym Leader Sohniya|colress|\n|player|p2|GL Samson|riley|\n|teamsize|p1|6\n|teamsize|p2|6\n|gen|9\n|tier|[Gen 9] Ubers\n|rule|Sleep Clause Mod: Limit one foe put to sleep\n|rule|Species Clause: Limit one of each Pok\u00e9mon\n|rule|OHKO Clause: OHKO moves are banned\n|rule|Evasion Items Clause: Evasion items are banned\n|rule|Evasion Moves Clause: Evasion moves are banned\n|rule|Endless Battle Clause: Forcing endless battles is banned\n|rule|HP Percentage Mod: HP is shown in percentages\n|clearpoke\n|poke|p1|Dragonite, M|\n|poke|p1|Hydreigon, M|\n|poke|p1|Garchomp, F|\n|poke|p1|Roaring Moon|\n|poke|p1|Dragapult, F|\n|poke|p1|Charizard, M|\n|poke|p2|Cloyster, M|\n|poke|p2|Baxcalibur, M|\n|poke|p2|Ninetales-Alola, F|\n|poke|p2|Piloswine, M|\n|poke|p2|Frosmoth, F|\n|poke|p2|Roaring Moon|\n|teampreview\n|\n|t:|1699586850\n|start\n|switch|p1a: Dragonite|Dragonite, M|100\/100\n|switch|p2a: Baby|Piloswine, M|100\/100\n|turn|1\n|\n|t:|1699586859\n|move|p1a: Dragonite|Dragon Dance|p1a: Dragonite\n|-boost|p1a: Dragonite|atk|1\n|-boost|p1a: Dragonite|spe|1\n|move|p2a: Baby|Stealth Rock|p1a: Dragonite\n|-sidestart|p1: Gym Leader Sohniya|move: Stealth Rock\n|\n|upkeep\n|turn|2\n|\n|t:|1699586865\n|move|p1a: Dragonite|Encore|p2a: Baby\n|-start|p2a: Baby|Encore\n|move|p2a: Baby|Stealth Rock||[still]\n|-fail|p2a: Baby\n|\n|upkeep\n|turn|3\n|\n|t:|1699586880\n|switch|p2a: Yuma|Frosmoth, F|100\/100\n|move|p1a: Dragonite|Dragon Dance|p1a: Dragonite\n|-boost|p1a: Dragonite|atk|1\n|-boost|p1a: Dragonite|spe|1\n|\n|upkeep\n|turn|4\n|\n|t:|1699586888\n|move|p1a: Dragonite|Dragon Dance|p1a: Dragonite\n|-boost|p1a: Dragonite|atk|1\n|-boost|p1a: Dragonite|spe|1\n|move|p2a: Yuma|Ice Beam|p1a: Dragonite\n|-supereffective|p1a: Dragonite\n|-damage|p1a: Dragonite|19\/100\n|-enditem|p1a: Dragonite|Weakness Policy\n|-boost|p1a: Dragonite|atk|2|[from] item: Weakness Policy\n|-boost|p1a: Dragonite|spa|2|[from] item: Weakness Policy\n|\n|upkeep\n|turn|5\n|\n|t:|1699586900\n|-terastallize|p1a: Dragonite|Normal\n|move|p1a: Dragonite|Extreme Speed|p2a: Yuma\n|-damage|p2a: Yuma|0 fnt\n|faint|p2a: Yuma\n|\n|upkeep\n|\n|t:|1699586908\n|switch|p2a: Baby|Piloswine, M|100\/100\n|turn|6\n|\n|t:|1699586911\n|move|p1a: Dragonite|Extreme Speed|p2a: Baby\n|-damage|p2a: Baby|0 fnt\n|faint|p2a: Baby\n|\n|upkeep\n|\n|t:|1699586922\n|switch|p2a: Borealis|Ninetales-Alola, F|100\/100\n|-weather|Snow|[from] ability: Snow Warning|[of] p2a: Borealis\n|turn|7\n|\n|t:|1699586936\n|move|p1a: Dragonite|Extreme Speed|p2a: Borealis\n|-damage|p2a: Borealis|0 fnt\n|faint|p2a: Borealis\n|\n|-weather|Snow|[upkeep]\n|upkeep\n|\n|t:|1699586945\n|switch|p2a: Mr.Thinkfast|Cloyster, M|100\/100\n|turn|8\n|\n|t:|1699586951\n|move|p1a: Dragonite|Extreme Speed|p2a: Mr.Thinkfast\n|-damage|p2a: Mr.Thinkfast|7\/100\n|move|p2a: Mr.Thinkfast|Icicle Spear|p1a: Dragonite\n|-damage|p1a: Dragonite|9\/100\n|-damage|p1a: Dragonite|0 fnt\n|faint|p1a: Dragonite\n|-hitcount|p1: Dragonite|2\n|\n|-weather|Snow|[upkeep]\n|upkeep\n|\n|t:|1699586967\n|switch|p1a: Charizard|Charizard, M|100\/100\n|turn|9\n|\n|t:|1699586978\n|move|p1a: Charizard|Flame Charge|p2a: Mr.Thinkfast\n|-damage|p2a: Mr.Thinkfast|0 fnt\n|-boost|p1a: Charizard|spe|1\n|faint|p2a: Mr.Thinkfast\n|\n|-weather|Snow|[upkeep]\n|upkeep\n|\n|t:|1699587006\n|switch|p2a: Heart Earth|Roaring Moon|100\/100\n|-enditem|p2a: Heart Earth|Booster Energy\n|-activate|p2a: Heart Earth|ability: Protosynthesis|[fromitem]\n|-start|p2a: Heart Earth|protosynthesisatk\n|turn|10\n|\n|t:|1699587013\n|-terastallize|p2a: Heart Earth|Ice\n|move|p1a: Charizard|Dragon Claw|p2a: Heart Earth\n|-damage|p2a: Heart Earth|90\/100\n|move|p2a: Heart Earth|Knock Off|p1a: Charizard\n|-damage|p1a: Charizard|17\/100\n|-enditem|p1a: Charizard|Heavy-Duty Boots|[from] move: Knock Off|[of] p2a: Heart Earth\n|\n|-weather|Snow|[upkeep]\n|upkeep\n|turn|11\n|\n|t:|1699587025\n|-end|p2a: Heart Earth|Protosynthesis|[silent]\n|switch|p2a: Baxibillion|Baxcalibur, M|100\/100\n|move|p1a: Charizard|Flame Charge|p2a: Baxibillion\n|-damage|p2a: Baxibillion|82\/100\n|-boost|p1a: Charizard|spe|1\n|-ability|p2a: Baxibillion|Thermal Exchange|boost\n|-boost|p2a: Baxibillion|atk|1\n|\n|-weather|none\n|upkeep\n|turn|12\n|\n|t:|1699587035\n|move|p1a: Charizard|Earthquake|p2a: Baxibillion\n|-damage|p2a: Baxibillion|54\/100\n|move|p2a: Baxibillion|Scale Shot|p1a: Charizard\n|-damage|p1a: Charizard|0 fnt\n|faint|p1a: Charizard\n|-hitcount|p1: Charizard|1\n|-unboost|p2a: Baxibillion|def|1\n|-boost|p2a: Baxibillion|spe|1\n|\n|upkeep\n|\n|t:|1699587047\n|switch|p1a: Hydreigon|Hydreigon, M|100\/100\n|-damage|p1a: Hydreigon|88\/100|[from] Stealth Rock\n|turn|13\n|\n|t:|1699587056\n|move|p1a: Hydreigon|Draco Meteor|p2a: Baxibillion\n|-supereffective|p2a: Baxibillion\n|-damage|p2a: Baxibillion|0 fnt\n|-unboost|p1a: Hydreigon|spa|2\n|faint|p2a: Baxibillion\n|\n|upkeep\n|\n|t:|1699587062\n|switch|p2a: Heart Earth|Roaring Moon, tera:Ice|90\/100\n|turn|14\n|\n|t:|1699587068\n|switch|p1a: Dragapult|Dragapult, F|100\/100\n|-damage|p1a: Dragapult|88\/100|[from] Stealth Rock\n|move|p2a: Heart Earth|Tera Blast|p1a: Dragapult|[anim] Tera Blast Ice\n|-supereffective|p1a: Dragapult\n|-damage|p1a: Dragapult|0 fnt\n|faint|p1a: Dragapult\n|\n|upkeep\n|\n|t:|1699587077\n|switch|p1a: Hydreigon|Hydreigon, M|88\/100\n|-damage|p1a: Hydreigon|76\/100|[from] Stealth Rock\n|turn|15\n|\n|t:|1699587088\n|move|p1a: Hydreigon|Fire Blast|p2a: Heart Earth\n|-supereffective|p2a: Heart Earth\n|-damage|p2a: Heart Earth|24\/100\n|move|p2a: Heart Earth|Dragon Dance|p2a: Heart Earth\n|-boost|p2a: Heart Earth|atk|1\n|-boost|p2a: Heart Earth|spe|1\n|\n|upkeep\n|turn|16\n|\n|t:|1699587096\n|move|p1a: Hydreigon|Fire Blast|p2a: Heart Earth\n|-supereffective|p2a: Heart Earth\n|-crit|p2a: Heart Earth\n|-damage|p2a: Heart Earth|0 fnt\n|faint|p2a: Heart Earth\n|-end|p2a: Heart Earth|Protosynthesis|[silent]\n|\n|win|Gym Leader Sohniya\n|l|\u2606GL Samson\n","uploadtime":1699587201,"views":27,"p1id":"gymleadersohniya","p2id":"glsamson","formatid":"gen9ubers","rating":0,"private":0,"password":""}