{"id":"gen9ubers-1994964887","p1":"Ggrdggdgddg","p2":"Rokuio","format":"[Gen 9] Ubers","log":"|j|\u2606Ggrdggdgddg\n|j|\u2606Rokuio\n|t:|1700508672\n|gametype|singles\n|player|p1|Ggrdggdgddg|pokemaniac|1030\n|player|p2|Rokuio|ethan|1099\n|teamsize|p1|6\n|teamsize|p2|6\n|gen|9\n|tier|[Gen 9] Ubers\n|rated|\n|rule|Sleep Clause Mod: Limit one foe put to sleep\n|rule|Species Clause: Limit one of each Pok\u00e9mon\n|rule|OHKO Clause: OHKO moves are banned\n|rule|Evasion Items Clause: Evasion items are banned\n|rule|Evasion Moves Clause: Evasion moves are banned\n|rule|Endless Battle Clause: Forcing endless battles is banned\n|rule|HP Percentage Mod: HP is shown in percentages\n|clearpoke\n|poke|p1|Arceus-Poison|\n|poke|p1|Eternatus|\n|poke|p1|Iron Moth|\n|poke|p1|Sneasler, F|\n|poke|p1|Toxapex, M|\n|poke|p1|Salazzle, F|\n|poke|p2|Zacian-*|\n|poke|p2|Ursaluna-Bloodmoon, M|\n|poke|p2|Palafin, M|\n|poke|p2|Houndstone, M|\n|poke|p2|Annihilape, M|\n|poke|p2|Tyranitar, M|\n|teampreview\n|inactive|Battle timer is ON: inactive players will automatically lose when time's up. (requested by Ggrdggdgddg)\n|\n|t:|1700508681\n|start\n|switch|p1a: Salazzle|Salazzle, F|100\/100\n|switch|p2a: Palafin|Palafin, M, shiny|100\/100\n|turn|1\n|\n|t:|1700508688\n|move|p1a: Salazzle|Toxic|p2a: Palafin\n|-status|p2a: Palafin|tox\n|move|p2a: Palafin|Flip Turn|p1a: Salazzle\n|-supereffective|p1a: Salazzle\n|-damage|p1a: Salazzle|11\/100\n|\n|t:|1700508693\n|detailschange|p2a: Palafin|Palafin-Hero, M, shiny\n|switch|p2a: Zacian|Zacian-Crowned, shiny|100\/100|[from] Flip Turn\n|-ability|p2a: Zacian|Intrepid Sword|boost\n|-boost|p2a: Zacian|atk|1\n|\n|upkeep\n|turn|2\n|\n|t:|1700508699\n|move|p2a: Zacian|Behemoth Blade|p1a: Salazzle\n|-resisted|p1a: Salazzle\n|-damage|p1a: Salazzle|0 fnt\n|faint|p1a: Salazzle\n|\n|upkeep\n|\n|t:|1700508709\n|switch|p1a: Iron Moth|Iron Moth|100\/100\n|-enditem|p1a: Iron Moth|Booster Energy\n|-activate|p1a: Iron Moth|ability: Quark Drive|[fromitem]\n|-start|p1a: Iron Moth|quarkdrivespe\n|turn|3\n|\n|t:|1700508715\n|move|p1a: Iron Moth|Fiery Dance|p2a: Zacian\n|-supereffective|p2a: Zacian\n|-damage|p2a: Zacian|22\/100\n|-boost|p1a: Iron Moth|spa|1\n|move|p2a: Zacian|Behemoth Blade|p1a: Iron Moth\n|-resisted|p1a: Iron Moth\n|-damage|p1a: Iron Moth|34\/100\n|\n|upkeep\n|turn|4\n|\n|t:|1700508720\n|switch|p2a: Palafin|Palafin-Hero, M, shiny|100\/100 tox\n|-activate|p2a: Palafin|ability: Zero to Hero\n|move|p1a: Iron Moth|Fiery Dance|p2a: Palafin\n|-resisted|p2a: Palafin\n|-crit|p2a: Palafin\n|-damage|p2a: Palafin|53\/100 tox\n|\n|-damage|p2a: Palafin|47\/100 tox|[from] psn\n|upkeep\n|turn|5\n|\n|t:|1700508728\n|move|p1a: Iron Moth|Energy Ball|p2a: Palafin\n|-supereffective|p2a: Palafin\n|-damage|p2a: Palafin|0 fnt\n|faint|p2a: Palafin\n|\n|upkeep\n|\n|t:|1700508731\n|switch|p2a: Ursaluna|Ursaluna-Bloodmoon, M|100\/100\n|turn|6\n|\n|t:|1700508739\n|move|p1a: Iron Moth|Energy Ball|p2a: Ursaluna\n|-supereffective|p2a: Ursaluna\n|-damage|p2a: Ursaluna|0 fnt\n|faint|p2a: Ursaluna\n|\n|upkeep\n|\n|t:|1700508745\n|switch|p2a: Annihilape|Annihilape, M, shiny|100\/100\n|turn|7\n|\n|t:|1700508750\n|move|p1a: Iron Moth|Psychic|p2a: Annihilape\n|-supereffective|p2a: Annihilape\n|-damage|p2a: Annihilape|0 fnt\n|faint|p2a: Annihilape\n|\n|upkeep\n|\n|t:|1700508753\n|switch|p2a: Zacian|Zacian-Crowned, shiny|22\/100\n|turn|8\n|\n|t:|1700508756\n|move|p1a: Iron Moth|Fiery Dance|p2a: Zacian\n|-supereffective|p2a: Zacian\n|-damage|p2a: Zacian|0 fnt\n|-boost|p1a: Iron Moth|spa|1\n|faint|p2a: Zacian\n|\n|upkeep\n|\n|t:|1700508758\n|switch|p2a: Tyranitar|Tyranitar, M, shiny|100\/100\n|-weather|Sandstorm|[from] ability: Sand Stream|[of] p2a: Tyranitar\n|turn|9\n|\n|t:|1700508766\n|move|p1a: Iron Moth|Energy Ball|p2a: Tyranitar\n|-supereffective|p2a: Tyranitar\n|-damage|p2a: Tyranitar|17\/100\n|move|p2a: Tyranitar|Body Slam|p1a: Iron Moth\n|-damage|p1a: Iron Moth|0 fnt\n|faint|p1a: Iron Moth\n|-end|p1a: Iron Moth|Quark Drive|[silent]\n|\n|-weather|Sandstorm|[upkeep]\n|upkeep\n|\n|t:|1700508773\n|switch|p1a: Eternatus|Eternatus|100\/100\n|-ability|p1a: Eternatus|Pressure\n|turn|10\n|\n|t:|1700508781\n|move|p1a: Eternatus|Dynamax Cannon|p2a: Tyranitar\n|-damage|p2a: Tyranitar|0 fnt\n|faint|p2a: Tyranitar\n|-damage|p1a: Eternatus|91\/100|[from] item: Life Orb\n|\n|-weather|Sandstorm|[upkeep]\n|-damage|p1a: Eternatus|84\/100|[from] Sandstorm\n|upkeep\n|\n|t:|1700508783\n|switch|p2a: Houndstone|Houndstone, M, shiny|100\/100\n|turn|11\n|\n|t:|1700508787\n|-terastallize|p2a: Houndstone|Ghost\n|move|p2a: Houndstone|Last Respects|p1a: Eternatus\n|-crit|p1a: Eternatus\n|-damage|p1a: Eternatus|0 fnt\n|faint|p1a: Eternatus\n|\n|-weather|Sandstorm|[upkeep]\n|upkeep\n|\n|t:|1700508793\n|switch|p1a: Toxapex|Toxapex, M|100\/100\n|turn|12\n|\n|t:|1700508806\n|move|p2a: Houndstone|Last Respects|p1a: Toxapex\n|-damage|p1a: Toxapex|0 fnt\n|faint|p1a: Toxapex\n|\n|-weather|Sandstorm|[upkeep]\n|upkeep\n|\n|t:|1700508811\n|switch|p1a: Arceus|Arceus-Poison|100\/100\n|turn|13\n|\n|t:|1700508817\n|move|p2a: Houndstone|Last Respects|p1a: Arceus\n|-damage|p1a: Arceus|0 fnt\n|faint|p1a: Arceus\n|\n|-weather|none\n|upkeep\n|\n|t:|1700508819\n|switch|p1a: Sneasler|Sneasler, F|100\/100\n|turn|14\n|\n|t:|1700508822\n|move|p1a: Sneasler|Shadow Claw|p2a: Houndstone\n|-supereffective|p2a: Houndstone\n|-damage|p2a: Houndstone|45\/100\n|move|p2a: Houndstone|Play Rough|p1a: Sneasler\n|-damage|p1a: Sneasler|55\/100\n|\n|-heal|p2a: Houndstone|51\/100|[from] item: Leftovers\n|upkeep\n|turn|15\n|\n|t:|1700508829\n|move|p2a: Houndstone|Protect|p2a: Houndstone\n|-singleturn|p2a: Houndstone|Protect\n|move|p1a: Sneasler|Shadow Claw|p2a: Houndstone\n|-activate|p2a: Houndstone|move: Protect\n|\n|-heal|p2a: Houndstone|57\/100|[from] item: Leftovers\n|upkeep\n|turn|16\n|\n|t:|1700508836\n|move|p1a: Sneasler|Shadow Claw|p2a: Houndstone\n|-supereffective|p2a: Houndstone\n|-damage|p2a: Houndstone|6\/100\n|-status|p2a: Houndstone|psn|[from] ability: Poison Touch|[of] p1a: Sneasler\n|move|p2a: Houndstone|Last Respects|p1a: Sneasler\n|-damage|p1a: Sneasler|0 fnt\n|faint|p1a: Sneasler\n|\n|win|Rokuio\n|raw|Ggrdggdgddg's rating: 1030 &rarr; <strong>1018<\/strong><br \/>(-12 for losing)\n|raw|Rokuio's rating: 1099 &rarr; <strong>1119<\/strong><br \/>(+20 for winning)\n|l|\u2606Ggrdggdgddg\n","uploadtime":1700508841,"views":1,"p1id":"ggrdggdgddg","p2id":"rokuio","formatid":"gen9ubers","rating":1018,"private":0,"password":""}