{"id":"gen9ubers-1990283822","p1":"XxGalaxy2020xX","p2":"srtjhsryjs","format":"[Gen 9] Ubers","log":"|j|\u2606XxGalaxy2020xX\n|j|\u2606srtjhsryjs\n|t:|1699950485\n|gametype|singles\n|player|p1|XxGalaxy2020xX|benga|1045\n|player|p2|srtjhsryjs|266|1141\n|teamsize|p1|6\n|teamsize|p2|6\n|gen|9\n|tier|[Gen 9] Ubers\n|rated|\n|rule|Sleep Clause Mod: Limit one foe put to sleep\n|rule|Species Clause: Limit one of each Pok\u00e9mon\n|rule|OHKO Clause: OHKO moves are banned\n|rule|Evasion Items Clause: Evasion items are banned\n|rule|Evasion Moves Clause: Evasion moves are banned\n|rule|Endless Battle Clause: Forcing endless battles is banned\n|rule|HP Percentage Mod: HP is shown in percentages\n|clearpoke\n|poke|p1|Samurott-Hisui, F|\n|poke|p1|Palafin, F|\n|poke|p1|Koraidon|\n|poke|p1|Eternatus|\n|poke|p1|Hatterene, F|\n|poke|p1|Chesnaught, M|\n|poke|p2|Zacian-*|\n|poke|p2|Giratina|\n|poke|p2|Groudon|\n|poke|p2|Flutter Mane|\n|poke|p2|Volcarona, M|\n|poke|p2|Koraidon|\n|teampreview\n|inactive|Battle timer is ON: inactive players will automatically lose when time's up. (requested by srtjhsryjs)\n|\n|t:|1699950523\n|start\n|switch|p1a: Palafin|Palafin, F|100\/100\n|switch|p2a: Groudon|Groudon|100\/100\n|-weather|SunnyDay|[from] ability: Drought|[of] p2a: Groudon\n|turn|1\n|\n|t:|1699950528\n|move|p1a: Palafin|Flip Turn|p2a: Groudon\n|-supereffective|p2a: Groudon\n|-damage|p2a: Groudon|91\/100\n|\n|t:|1699950532\n|detailschange|p1a: Palafin|Palafin-Hero, F\n|switch|p1a: Samurott|Samurott-Hisui, F, shiny|100\/100|[from] Flip Turn\n|move|p2a: Groudon|Will-O-Wisp|p1a: Samurott\n|-status|p1a: Samurott|brn\n|\n|-weather|SunnyDay|[upkeep]\n|-heal|p2a: Groudon|97\/100|[from] item: Leftovers\n|-damage|p1a: Samurott|94\/100 brn|[from] brn\n|upkeep\n|turn|2\n|\n|t:|1699950546\n|-terastallize|p1a: Samurott|Dragon\n|move|p1a: Samurott|Swords Dance|p1a: Samurott\n|-boost|p1a: Samurott|atk|2\n|move|p2a: Groudon|Spikes|p1a: Samurott\n|-sidestart|p1: XxGalaxy2020xX|Spikes\n|\n|-weather|SunnyDay|[upkeep]\n|-heal|p2a: Groudon|100\/100|[from] item: Leftovers\n|-damage|p1a: Samurott|88\/100 brn|[from] brn\n|upkeep\n|turn|3\n|\n|t:|1699950552\n|switch|p2a: Giratina|Giratina|100\/100\n|-ability|p2a: Giratina|Pressure\n|move|p1a: Samurott|Ceaseless Edge|p2a: Giratina\n|-supereffective|p2a: Giratina\n|-damage|p2a: Giratina|45\/100\n|-sidestart|p2: srtjhsryjs|Spikes\n|-damage|p1a: Samurott|78\/100 brn|[from] item: Life Orb\n|\n|-weather|SunnyDay|[upkeep]\n|-damage|p1a: Samurott|72\/100 brn|[from] brn\n|upkeep\n|turn|4\n|\n|t:|1699950562\n|move|p1a: Samurott|Ceaseless Edge|p2a: Giratina|[miss]\n|-miss|p1a: Samurott|p2a: Giratina\n|move|p2a: Giratina|Dragon Tail|p1a: Samurott\n|-supereffective|p1a: Samurott\n|-damage|p1a: Samurott|21\/100 brn\n|drag|p1a: Palafin|Palafin-Hero, F|100\/100\n|-damage|p1a: Palafin|88\/100|[from] Spikes\n|-activate|p1a: Palafin|ability: Zero to Hero\n|\n|-weather|SunnyDay|[upkeep]\n|-heal|p1a: Palafin|94\/100|[from] item: Leftovers\n|upkeep\n|turn|5\n|\n|t:|1699950571\n|move|p1a: Palafin|Jet Punch|p2a: Giratina\n|-resisted|p2a: Giratina\n|-damage|p2a: Giratina|41\/100\n|move|p2a: Giratina|Will-O-Wisp|p1a: Palafin\n|-status|p1a: Palafin|brn\n|\n|-weather|none\n|-heal|p1a: Palafin|100\/100 brn|[from] item: Leftovers\n|-damage|p1a: Palafin|94\/100 brn|[from] brn\n|upkeep\n|turn|6\n|\n|t:|1699950574\n|move|p1a: Palafin|Flip Turn|p2a: Giratina\n|-resisted|p2a: Giratina\n|-damage|p2a: Giratina|37\/100\n|\n|t:|1699950578\n|switch|p1a: Hatterene|Hatterene, F|100\/100|[from] Flip Turn\n|-damage|p1a: Hatterene|88\/100|[from] Spikes\n|move|p2a: Giratina|Rest|p2a: Giratina\n|-status|p2a: Giratina|slp|[from] move: Rest\n|-heal|p2a: Giratina|100\/100 slp|[silent]\n|\n|-damage|p1a: Hatterene|76\/100|[from] item: Black Sludge\n|upkeep\n|turn|7\n|\n|t:|1699950587\n|switch|p2a: Volcarona|Volcarona, M|100\/100\n|move|p1a: Hatterene|Trick|p2a: Volcarona\n|-activate|p1a: Hatterene|move: Trick|[of] p2a: Volcarona\n|-item|p2a: Volcarona|Black Sludge|[from] move: Trick\n|-item|p1a: Hatterene|Heavy-Duty Boots|[from] move: Trick\n|\n|-damage|p2a: Volcarona|88\/100|[from] item: Black Sludge\n|upkeep\n|turn|8\n|\n|t:|1699950601\n|move|p2a: Volcarona|Quiver Dance|p2a: Volcarona\n|-boost|p2a: Volcarona|spa|1\n|-boost|p2a: Volcarona|spd|1\n|-boost|p2a: Volcarona|spe|1\n|move|p1a: Hatterene|Trick Room|p1a: Hatterene\n|-fieldstart|move: Trick Room|[of] p1a: Hatterene\n|\n|-damage|p2a: Volcarona|76\/100|[from] item: Black Sludge\n|upkeep\n|turn|9\n|\n|t:|1699950609\n|move|p1a: Hatterene|Dazzling Gleam|p2a: Volcarona\n|-resisted|p2a: Volcarona\n|-damage|p2a: Volcarona|61\/100\n|move|p2a: Volcarona|Quiver Dance|p2a: Volcarona\n|-boost|p2a: Volcarona|spa|1\n|-boost|p2a: Volcarona|spd|1\n|-boost|p2a: Volcarona|spe|1\n|\n|-damage|p2a: Volcarona|48\/100|[from] item: Black Sludge\n|upkeep\n|turn|10\n|\n|t:|1699950615\n|move|p1a: Hatterene|Calm Mind|p1a: Hatterene\n|-boost|p1a: Hatterene|spa|1\n|-boost|p1a: Hatterene|spd|1\n|move|p2a: Volcarona|Morning Sun|p2a: Volcarona\n|-heal|p2a: Volcarona|98\/100\n|\n|-damage|p2a: Volcarona|86\/100|[from] item: Black Sludge\n|upkeep\n|turn|11\n|\n|t:|1699950620\n|move|p1a: Hatterene|Dazzling Gleam|p2a: Volcarona\n|-resisted|p2a: Volcarona\n|-damage|p2a: Volcarona|69\/100\n|move|p2a: Volcarona|Quiver Dance|p2a: Volcarona\n|-boost|p2a: Volcarona|spa|1\n|-boost|p2a: Volcarona|spd|1\n|-boost|p2a: Volcarona|spe|1\n|\n|-damage|p2a: Volcarona|57\/100|[from] item: Black Sludge\n|upkeep\n|turn|12\n|\n|t:|1699950641\n|switch|p1a: Eternatus|Eternatus|100\/100\n|-damage|p1a: Eternatus|88\/100|[from] Spikes\n|-ability|p1a: Eternatus|Pressure\n|move|p2a: Volcarona|Flamethrower|p1a: Eternatus\n|-resisted|p1a: Eternatus\n|-damage|p1a: Eternatus|45\/100\n|\n|-heal|p1a: Eternatus|51\/100|[from] item: Black Sludge\n|-damage|p2a: Volcarona|44\/100|[from] item: Black Sludge\n|-fieldend|move: Trick Room\n|upkeep\n|turn|13\n|\n|t:|1699950652\n|move|p2a: Volcarona|Flamethrower|p1a: Eternatus\n|-resisted|p1a: Eternatus\n|-damage|p1a: Eternatus|12\/100\n|move|p1a: Eternatus|Flamethrower|p2a: Volcarona\n|-damage|p2a: Volcarona|30\/100\n|\n|-damage|p2a: Volcarona|17\/100|[from] item: Black Sludge\n|-heal|p1a: Eternatus|19\/100|[from] item: Black Sludge\n|upkeep\n|turn|14\n|\n|t:|1699950659\n|move|p2a: Volcarona|Morning Sun|p2a: Volcarona\n|-heal|p2a: Volcarona|67\/100\n|move|p1a: Eternatus|Flamethrower|p2a: Volcarona\n|-damage|p2a: Volcarona|53\/100\n|\n|-damage|p2a: Volcarona|41\/100|[from] item: Black Sludge\n|-heal|p1a: Eternatus|25\/100|[from] item: Black Sludge\n|upkeep\n|turn|15\n|inactive|XxGalaxy2020xX has 120 seconds left.\n|\n|t:|1699950695\n|move|p2a: Volcarona|Morning Sun|p2a: Volcarona\n|-heal|p2a: Volcarona|91\/100\n|move|p1a: Eternatus|Dynamax Cannon|p2a: Volcarona\n|-damage|p2a: Volcarona|70\/100\n|\n|-damage|p2a: Volcarona|58\/100|[from] item: Black Sludge\n|-heal|p1a: Eternatus|31\/100|[from] item: Black Sludge\n|upkeep\n|turn|16\n|inactive|XxGalaxy2020xX has 120 seconds left.\n|\n|t:|1699950703\n|switch|p1a: Hatterene|Hatterene, F|76\/100\n|move|p2a: Volcarona|Flamethrower|p1a: Hatterene\n|-damage|p1a: Hatterene|0 fnt\n|faint|p1a: Hatterene\n|\n|-damage|p2a: Volcarona|45\/100|[from] item: Black Sludge\n|upkeep\n|inactive|XxGalaxy2020xX has 120 seconds left.\n|\n|t:|1699950709\n|switch|p1a: Chesnaught|Chesnaught, M, shiny|100\/100\n|-damage|p1a: Chesnaught|88\/100|[from] Spikes\n|turn|17\n|\n|t:|1699950714\n|move|p2a: Volcarona|Flamethrower|p1a: Chesnaught\n|-supereffective|p1a: Chesnaught\n|-damage|p1a: Chesnaught|0 fnt\n|faint|p1a: Chesnaught\n|\n|-damage|p2a: Volcarona|33\/100|[from] item: Black Sludge\n|upkeep\n|\n|t:|1699950717\n|switch|p1a: Samurott|Samurott-Hisui, F, shiny, tera:Dragon|21\/100 brn\n|-damage|p1a: Samurott|8\/100 brn|[from] Spikes\n|turn|18\n|\n|t:|1699950721\n|move|p2a: Volcarona|Flamethrower|p1a: Samurott\n|-resisted|p1a: Samurott\n|-damage|p1a: Samurott|0 fnt\n|faint|p1a: Samurott\n|\n|-damage|p2a: Volcarona|20\/100|[from] item: Black Sludge\n|upkeep\n|\n|t:|1699950723\n|switch|p1a: Eternatus|Eternatus|31\/100\n|-damage|p1a: Eternatus|19\/100|[from] Spikes\n|-ability|p1a: Eternatus|Pressure\n|turn|19\n|\n|t:|1699950726\n|switch|p1a: Koraidon|Koraidon|100\/100\n|-damage|p1a: Koraidon|88\/100|[from] Spikes\n|-weather|SunnyDay|[from] ability: Orichalcum Pulse|[of] p1a: Koraidon\n|-activate|p1a: Koraidon|Orichalcum Pulse|[source]\n|move|p2a: Volcarona|Morning Sun|p2a: Volcarona\n|-heal|p2a: Volcarona|87\/100\n|\n|-weather|SunnyDay|[upkeep]\n|-damage|p2a: Volcarona|75\/100|[from] item: Black Sludge\n|-heal|p1a: Koraidon|94\/100|[from] item: Leftovers\n|upkeep\n|turn|20\n|\n|t:|1699950735\n|move|p2a: Volcarona|Will-O-Wisp|p1a: Koraidon\n|-status|p1a: Koraidon|brn\n|move|p1a: Koraidon|Drain Punch|p2a: Volcarona\n|-resisted|p2a: Volcarona\n|-damage|p2a: Volcarona|60\/100\n|-heal|p1a: Koraidon|100\/100 brn|[from] drain|[of] p2a: Volcarona\n|\n|-weather|SunnyDay|[upkeep]\n|-damage|p2a: Volcarona|47\/100|[from] item: Black Sludge\n|-damage|p1a: Koraidon|94\/100 brn|[from] brn\n|upkeep\n|turn|21\n|\n|t:|1699950741\n|move|p2a: Volcarona|Flamethrower|p1a: Koraidon\n|-resisted|p1a: Koraidon\n|-damage|p1a: Koraidon|22\/100 brn\n|move|p1a: Koraidon|Collision Course|p2a: Volcarona\n|-resisted|p2a: Volcarona\n|-damage|p2a: Volcarona|29\/100\n|\n|-weather|SunnyDay|[upkeep]\n|-damage|p2a: Volcarona|17\/100|[from] item: Black Sludge\n|-heal|p1a: Koraidon|28\/100 brn|[from] item: Leftovers\n|-damage|p1a: Koraidon|22\/100 brn|[from] brn\n|upkeep\n|turn|22\n|\n|t:|1699950744\n|move|p2a: Volcarona|Morning Sun|p2a: Volcarona\n|-heal|p2a: Volcarona|83\/100\n|move|p1a: Koraidon|Collision Course|p2a: Volcarona\n|-resisted|p2a: Volcarona\n|-damage|p2a: Volcarona|66\/100\n|\n|-weather|SunnyDay|[upkeep]\n|-damage|p2a: Volcarona|53\/100|[from] item: Black Sludge\n|-heal|p1a: Koraidon|28\/100 brn|[from] item: Leftovers\n|-damage|p1a: Koraidon|22\/100 brn|[from] brn\n|upkeep\n|turn|23\n|\n|t:|1699950746\n|switch|p1a: Palafin|Palafin-Hero, F|94\/100 brn\n|-damage|p1a: Palafin|82\/100 brn|[from] Spikes\n|move|p2a: Volcarona|Flamethrower|p1a: Palafin\n|-resisted|p1a: Palafin\n|-damage|p1a: Palafin|1\/100 brn\n|\n|-weather|none\n|-damage|p2a: Volcarona|41\/100|[from] item: Black Sludge\n|-heal|p1a: Palafin|7\/100 brn|[from] item: Leftovers\n|-damage|p1a: Palafin|1\/100 brn|[from] brn\n|upkeep\n|turn|24\n|-message|XxGalaxy2020xX forfeited.\n|\n|win|srtjhsryjs\n|raw|XxGalaxy2020xX's rating: 1045 &rarr; <strong>1033<\/strong><br \/>(-12 for losing)\n|raw|srtjhsryjs's rating: 1141 &rarr; <strong>1159<\/strong><br \/>(+18 for winning)\n|l|\u2606XxGalaxy2020xX\n","uploadtime":1699950754,"views":5,"p1id":"xxgalaxy2020xx","p2id":"srtjhsryjs","formatid":"gen9ubers","rating":1033,"private":0,"password":""}