{"id":"gen9ubers-1970323140","p1":"thatguy_313","p2":"SamsungS5","format":"[Gen 9] Ubers","log":"|j|\u2606thatguy_313\n|j|\u2606SamsungS5\n|t:|1697627512\n|gametype|singles\n|player|p1|thatguy_313|larry|\n|player|p2|SamsungS5|1|\n|teamsize|p1|6\n|teamsize|p2|6\n|gen|9\n|tier|[Gen 9] Ubers\n|rule|Sleep Clause Mod: Limit one foe put to sleep\n|rule|Species Clause: Limit one of each Pok\u00e9mon\n|rule|OHKO Clause: OHKO moves are banned\n|rule|Evasion Items Clause: Evasion items are banned\n|rule|Evasion Moves Clause: Evasion moves are banned\n|rule|Endless Battle Clause: Forcing endless battles is banned\n|rule|HP Percentage Mod: HP is shown in percentages\n|clearpoke\n|poke|p1|Pelipper, M|\n|poke|p1|Gothorita, F|\n|poke|p1|Forretress, M|\n|poke|p1|Kilowattrel, M|\n|poke|p1|Barraskewda, F|\n|poke|p1|Overqwil, M|\n|poke|p2|Ogerpon-Hearthflame, F|\n|poke|p2|Baxcalibur, M|\n|poke|p2|Ditto|\n|poke|p2|Enamorus-Therian, F|\n|poke|p2|Morgrem, M|\n|poke|p2|Tauros-Paldea-Aqua, M|\n|teampreview\n|c|\u2606thatguy_313|glhf\n|\n|t:|1697627562\n|start\n|switch|p1a: GothGF|Gothorita, F|100\/100\n|switch|p2a: Morgrem|Morgrem, M|100\/100\n|turn|1\n|\n|t:|1697627575\n|move|p2a: Morgrem|Fake Out|p1a: GothGF\n|-damage|p1a: GothGF|95\/100\n|cant|p1a: GothGF|flinch\n|\n|upkeep\n|turn|2\n|\n|t:|1697627585\n|move|p2a: Morgrem|Reflect|p2a: Morgrem\n|-sidestart|p2: SamsungS5|Reflect\n|move|p1a: GothGF|Substitute|p1a: GothGF\n|-start|p1a: GothGF|Substitute\n|-damage|p1a: GothGF|70\/100\n|\n|upkeep\n|turn|3\n|\n|t:|1697627592\n|move|p2a: Morgrem|Parting Shot|p1a: GothGF\n|-fail|p1a: GothGF|unboost|[from] item: Clear Amulet|[of] p1a: GothGF\n|move|p1a: GothGF|Calm Mind|p1a: GothGF\n|-boost|p1a: GothGF|spa|1\n|-boost|p1a: GothGF|spd|1\n|\n|upkeep\n|turn|4\n|\n|t:|1697627624\n|move|p2a: Morgrem|Light Screen|p2a: Morgrem\n|-sidestart|p2: SamsungS5|move: Light Screen\n|move|p1a: GothGF|Calm Mind|p1a: GothGF\n|-boost|p1a: GothGF|spa|1\n|-boost|p1a: GothGF|spd|1\n|\n|upkeep\n|turn|5\n|\n|t:|1697627631\n|move|p2a: Morgrem|Parting Shot|p1a: GothGF\n|-fail|p1a: GothGF|unboost|[from] item: Clear Amulet|[of] p1a: GothGF\n|move|p1a: GothGF|Calm Mind|p1a: GothGF\n|-boost|p1a: GothGF|spa|1\n|-boost|p1a: GothGF|spd|1\n|\n|upkeep\n|turn|6\n|c|\u2606SamsungS5|brother just end the misery\n|\n|t:|1697627649\n|move|p2a: Morgrem|Light Screen||[still]\n|-fail|p2a: Morgrem\n|move|p1a: GothGF|Calm Mind|p1a: GothGF\n|-boost|p1a: GothGF|spa|1\n|-boost|p1a: GothGF|spd|1\n|\n|upkeep\n|turn|7\n|\n|t:|1697627656\n|move|p2a: Morgrem|Light Screen||[still]\n|-fail|p2a: Morgrem\n|move|p1a: GothGF|Calm Mind|p1a: GothGF\n|-boost|p1a: GothGF|spa|1\n|-boost|p1a: GothGF|spd|1\n|\n|upkeep\n|turn|8\n|c|\u2606thatguy_313|Soon enough\n|\n|t:|1697627666\n|move|p2a: Morgrem|Reflect||[still]\n|-fail|p2a: Morgrem\n|move|p1a: GothGF|Calm Mind|p1a: GothGF\n|-boost|p1a: GothGF|spa|1\n|-boost|p1a: GothGF|spd|1\n|\n|upkeep\n|turn|9\n|\n|t:|1697627674\n|move|p2a: Morgrem|Reflect||[still]\n|-fail|p2a: Morgrem\n|move|p1a: GothGF|Thunderbolt|p2a: Morgrem\n|-damage|p2a: Morgrem|43\/100\n|\n|-sideend|p2: SamsungS5|Reflect\n|upkeep\n|turn|10\n|\n|t:|1697627683\n|move|p2a: Morgrem|Reflect|p2a: Morgrem\n|-sidestart|p2: SamsungS5|Reflect\n|move|p1a: GothGF|Calm Mind|p1a: GothGF\n|-boost|p1a: GothGF|spa|0\n|-boost|p1a: GothGF|spd|0\n|\n|upkeep\n|turn|11\n|\n|t:|1697627691\n|move|p2a: Morgrem|Reflect||[still]\n|-fail|p2a: Morgrem\n|move|p1a: GothGF|Thunderbolt|p2a: Morgrem\n|-damage|p2a: Morgrem|0 fnt\n|faint|p2a: Morgrem\n|\n|-sideend|p2: SamsungS5|move: Light Screen\n|upkeep\n|\n|t:|1697627703\n|switch|p2a: Ditto|Ditto|100\/100\n|turn|12\n|\n|t:|1697627711\n|move|p2a: Ditto|Transform||[still]\n|-fail|p2a: Ditto\n|move|p1a: GothGF|Stored Power|p2a: Ditto\n|-damage|p2a: Ditto|0 fnt\n|faint|p2a: Ditto\n|\n|upkeep\n|\n|t:|1697627727\n|switch|p2a: Tauros|Tauros-Paldea-Aqua, M|100\/100\n|turn|13\n|\n|t:|1697627741\n|move|p2a: Tauros|Aqua Jet|p1a: GothGF\n|-activate|p1a: GothGF|move: Substitute|[damage]\n|move|p1a: GothGF|Stored Power|p2a: Tauros\n|-supereffective|p2a: Tauros\n|-crit|p2a: Tauros\n|-damage|p2a: Tauros|0 fnt\n|faint|p2a: Tauros\n|\n|upkeep\n|\n|t:|1697627751\n|switch|p2a: Baxcalibur|Baxcalibur, M|100\/100\n|turn|14\n|\n|t:|1697627760\n|move|p2a: Baxcalibur|Icicle Spear|p1a: GothGF\n|-end|p1a: GothGF|Substitute\n|-damage|p1a: GothGF|59\/100\n|-damage|p1a: GothGF|47\/100\n|-crit|p1a: GothGF\n|-damage|p1a: GothGF|30\/100\n|-damage|p1a: GothGF|18\/100\n|-hitcount|p1a: GothGF|5\n|move|p1a: GothGF|Stored Power|p2a: Baxcalibur\n|-damage|p2a: Baxcalibur|0 fnt\n|faint|p2a: Baxcalibur\n|\n|upkeep\n|\n|t:|1697627773\n|switch|p2a: Ogerpon|Ogerpon-Hearthflame, F|100\/100\n|-ability|p2a: Ogerpon|Mold Breaker\n|turn|15\n|\n|t:|1697627805\n|switch|p1a: BringTheRain|Pelipper, M|100\/100\n|-weather|RainDance|[from] ability: Drizzle|[of] p1a: BringTheRain\n|move|p2a: Ogerpon|Wood Hammer|p1a: BringTheRain\n|-damage|p1a: BringTheRain|44\/100\n|-damage|p2a: Ogerpon|80\/100|[from] Recoil\n|\n|-weather|RainDance|[upkeep]\n|upkeep\n|turn|16\n|\n|t:|1697627835\n|switch|p1a: GothGF|Gothorita, F|18\/100\n|move|p2a: Ogerpon|Wood Hammer|p1a: GothGF\n|-damage|p1a: GothGF|0 fnt\n|faint|p1a: GothGF\n|-damage|p2a: Ogerpon|74\/100|[from] Recoil\n|\n|-weather|RainDance|[upkeep]\n|upkeep\n|\n|t:|1697627880\n|switch|p1a: LicenceToQwil|Overqwil, M|100\/100\n|turn|17\n|\n|t:|1697627887\n|move|p2a: Ogerpon|Spiky Shield|p2a: Ogerpon\n|-singleturn|p2a: Ogerpon|move: Protect\n|move|p1a: LicenceToQwil|Gunk Shot|p2a: Ogerpon\n|-activate|p2a: Ogerpon|move: Protect\n|\n|-weather|RainDance|[upkeep]\n|-sideend|p2: SamsungS5|Reflect\n|upkeep\n|turn|18\n|\n|t:|1697627901\n|move|p1a: LicenceToQwil|Gunk Shot|p2a: Ogerpon\n|-supereffective|p2a: Ogerpon\n|-damage|p2a: Ogerpon|0 fnt\n|faint|p2a: Ogerpon\n|-damage|p1a: LicenceToQwil|91\/100|[from] item: Life Orb\n|\n|-weather|RainDance|[upkeep]\n|upkeep\n|\n|t:|1697627908\n|switch|p2a: Enamorus|Enamorus-Therian, F|100\/100\n|turn|19\n|\n|t:|1697627915\n|-terastallize|p2a: Enamorus|Fairy\n|move|p1a: LicenceToQwil|Gunk Shot|p2a: Enamorus\n|-supereffective|p2a: Enamorus\n|-crit|p2a: Enamorus\n|-damage|p2a: Enamorus|0 fnt\n|faint|p2a: Enamorus\n|-damage|p1a: LicenceToQwil|81\/100|[from] item: Life Orb\n|\n|win|thatguy_313\n|c|\u2606thatguy_313|gg\n|l|\u2606SamsungS5\n|player|p1|thatguy_313|larry\n","uploadtime":1697627982,"views":37,"p1id":"thatguy313","p2id":"samsungs5","formatid":"gen9ubers","rating":0,"private":0,"password":""}