{"id":"gen9ubers-1984223639","p1":"mambroeru","p2":"wattyrows","format":"[Gen 9] Ubers","log":"|j|\u2606mambroeru\n|j|\u2606wattyrows\n|t:|1699232046\n|gametype|singles\n|player|p1|mambroeru|swimmer-gen4dp|\n|player|p2|wattyrows|tate|\n|teamsize|p1|6\n|teamsize|p2|6\n|gen|9\n|tier|[Gen 9] Ubers\n|rule|Sleep Clause Mod: Limit one foe put to sleep\n|rule|Species Clause: Limit one of each Pok\u00e9mon\n|rule|OHKO Clause: OHKO moves are banned\n|rule|Evasion Items Clause: Evasion items are banned\n|rule|Evasion Moves Clause: Evasion moves are banned\n|rule|Endless Battle Clause: Forcing endless battles is banned\n|rule|HP Percentage Mod: HP is shown in percentages\n|clearpoke\n|poke|p1|Gholdengo|\n|poke|p1|Gliscor, F|\n|poke|p1|Blissey, F|\n|poke|p1|Magnezone|\n|poke|p1|Mienshao, M|\n|poke|p1|Cryogonal|\n|poke|p2|Ariados, M|\n|poke|p2|Wugtrio, M|\n|poke|p2|Landorus-Therian, M|\n|poke|p2|Torterra, M|\n|poke|p2|Ursaluna-Bloodmoon, M|\n|poke|p2|Abomasnow, F|\n|teampreview\n|j| Demandread\n|j| Garburator\n|j| grnbn\n|j| Flame king 888\n|inactive|Battle timer is ON: inactive players will automatically lose when time's up. (requested by wattyrows)\n|l| Flame king 888\n|\n|t:|1699232083\n|start\n|switch|p1a: Gliscor|Gliscor, F|100\/100\n|switch|p2a: Man-Spider|Ariados, M|100\/100\n|turn|1\n|\n|t:|1699232090\n|move|p1a: Gliscor|Spikes|p2a: Man-Spider\n|-sidestart|p2: wattyrows|Spikes\n|move|p2a: Man-Spider|Knock Off|p1a: Gliscor\n|-damage|p1a: Gliscor|86\/100\n|-enditem|p1a: Gliscor|Toxic Orb|[from] move: Knock Off|[of] p2a: Man-Spider\n|\n|upkeep\n|turn|2\n|\n|t:|1699232098\n|move|p1a: Gliscor|Spikes|p2a: Man-Spider\n|-sidestart|p2: wattyrows|Spikes\n|move|p2a: Man-Spider|Sticky Web|p1a: Gliscor\n|-sidestart|p1: mambroeru|move: Sticky Web\n|\n|upkeep\n|turn|3\n|\n|t:|1699232112\n|switch|p2a: Wugtrio|Wugtrio, M|100\/100\n|-damage|p2a: Wugtrio|84\/100|[from] Spikes\n|move|p1a: Gliscor|Knock Off|p2a: Wugtrio\n|-damage|p2a: Wugtrio|33\/100\n|-ability|p2a: Wugtrio|Gooey\n|-unboost|p1a: Gliscor|spe|1\n|-enditem|p2a: Wugtrio|Choice Scarf|[from] move: Knock Off|[of] p1a: Gliscor\n|\n|upkeep\n|turn|4\n|j| Mr.Palm\n|j| DingusDipplesPRIME\n|j| GreatKingJack\n|inactive|mambroeru has 270 seconds left.\n|inactive|wattyrows has 270 seconds left.\n|\n|t:|1699232154\n|-terastallize|p1a: Gliscor|Water\n|move|p2a: Wugtrio|Liquidation|p1a: Gliscor\n|-resisted|p1a: Gliscor\n|-damage|p1a: Gliscor|76\/100\n|move|p1a: Gliscor|Knock Off|p2a: Wugtrio\n|-damage|p2a: Wugtrio|0 fnt\n|-ability|p2a: Wugtrio|Gooey\n|-unboost|p1a: Gliscor|spe|1\n|faint|p2a: Wugtrio\n|\n|upkeep\n|inactive|wattyrows has 240 seconds left.\n|j| Bentherebefore\n|j| ambrosa\n|\n|t:|1699232207\n|switch|p2a: Abomasnow|Abomasnow, F|100\/100\n|-damage|p2a: Abomasnow|84\/100|[from] Spikes\n|-weather|Snow|[from] ability: Snow Warning|[of] p2a: Abomasnow\n|turn|5\n|\n|t:|1699232218\n|switch|p1a: Cryogonal|Cryogonal|100\/100\n|move|p2a: Abomasnow|Giga Drain|p1a: Cryogonal\n|-damage|p1a: Cryogonal|79\/100\n|-heal|p2a: Abomasnow|94\/100|[from] drain|[of] p1a: Cryogonal\n|\n|-weather|Snow|[upkeep]\n|upkeep\n|turn|6\n|inactive|wattyrows has 210 seconds left.\n|\n|t:|1699232263\n|move|p1a: Cryogonal|Rapid Spin|p2a: Abomasnow\n|-crit|p2a: Abomasnow\n|-damage|p2a: Abomasnow|87\/100\n|-boost|p1a: Cryogonal|spe|1\n|-sideend|p1: mambroeru|Sticky Web|[from] move: Rapid Spin|[of] p1a: Cryogonal\n|move|p2a: Abomasnow|Aurora Veil|p2a: Abomasnow\n|-sidestart|p2: wattyrows|move: Aurora Veil\n|\n|-weather|Snow|[upkeep]\n|upkeep\n|turn|7\n|\n|t:|1699232272\n|move|p1a: Cryogonal|Aurora Veil|p1a: Cryogonal\n|-sidestart|p1: mambroeru|move: Aurora Veil\n|move|p2a: Abomasnow|Blizzard|p1a: Cryogonal\n|-resisted|p1a: Cryogonal\n|-damage|p1a: Cryogonal|71\/100\n|\n|-weather|Snow|[upkeep]\n|upkeep\n|turn|8\n|inactive|wattyrows has 180 seconds left.\n|\n|t:|1699232309\n|move|p1a: Cryogonal|Confuse Ray|p2a: Abomasnow\n|-start|p2a: Abomasnow|confusion\n|-activate|p2a: Abomasnow|confusion\n|move|p2a: Abomasnow|Blizzard|p1a: Cryogonal\n|-resisted|p1a: Cryogonal\n|-damage|p1a: Cryogonal|64\/100\n|\n|-weather|Snow|[upkeep]\n|upkeep\n|turn|9\n|\n|t:|1699232317\n|switch|p1a: Magnezone|Magnezone|100\/100\n|-end|p2a: Abomasnow|confusion\n|move|p2a: Abomasnow|Giga Drain|p1a: Magnezone\n|-resisted|p1a: Magnezone\n|-damage|p1a: Magnezone|91\/100\n|-heal|p2a: Abomasnow|91\/100|[from] drain|[of] p1a: Magnezone\n|\n|-weather|none\n|upkeep\n|turn|10\n|inactive|wattyrows has 180 seconds left.\n|\n|t:|1699232332\n|switch|p2a: Landorus|Landorus-Therian, M|100\/100\n|-ability|p2a: Landorus|Intimidate|boost\n|-unboost|p1a: Magnezone|atk|1\n|move|p1a: Magnezone|Flash Cannon|p2a: Landorus\n|-damage|p2a: Landorus|76\/100\n|\n|-heal|p2a: Landorus|82\/100|[from] item: Leftovers\n|-sideend|p2: wattyrows|move: Aurora Veil\n|upkeep\n|turn|11\n|inactive|wattyrows has 180 seconds left.\n|\n|t:|1699232346\n|switch|p1a: Gliscor|Gliscor, F, tera:Water|76\/100\n|move|p2a: Landorus|U-turn|p1a: Gliscor\n|-damage|p1a: Gliscor|69\/100\n|inactive|wattyrows has 150 seconds left.\n|inactive|wattyrows has 120 seconds left.\n|\n|t:|1699232417\n|switch|p2a: Torterra|Torterra, M|100\/100|[from] U-turn\n|-damage|p2a: Torterra|84\/100|[from] Spikes\n|\n|-sideend|p1: mambroeru|move: Aurora Veil\n|upkeep\n|turn|12\n|\n|t:|1699232423\n|move|p1a: Gliscor|Toxic|p2a: Torterra\n|-status|p2a: Torterra|tox\n|move|p2a: Torterra|Shell Smash|p2a: Torterra\n|-unboost|p2a: Torterra|def|1\n|-unboost|p2a: Torterra|spd|1\n|-boost|p2a: Torterra|atk|2\n|-boost|p2a: Torterra|spa|2\n|-boost|p2a: Torterra|spe|2\n|\n|-damage|p2a: Torterra|78\/100 tox|[from] psn\n|upkeep\n|turn|13\n|inactive|wattyrows has 120 seconds left.\n|\n|t:|1699232430\n|move|p1a: Gliscor|Protect|p1a: Gliscor\n|-singleturn|p1a: Gliscor|Protect\n|move|p2a: Torterra|Bullet Seed|p1a: Gliscor\n|-activate|p1a: Gliscor|move: Protect\n|\n|-damage|p2a: Torterra|66\/100 tox|[from] psn\n|upkeep\n|turn|14\n|\n|t:|1699232436\n|move|p1a: Gliscor|Protect||[still]\n|-fail|p1a: Gliscor\n|move|p2a: Torterra|Bullet Seed|p1a: Gliscor\n|-supereffective|p1a: Gliscor\n|-damage|p1a: Gliscor|34\/100\n|-supereffective|p1a: Gliscor\n|-damage|p1a: Gliscor|0 fnt\n|faint|p1a: Gliscor\n|-hitcount|p1: Gliscor|2\n|\n|-damage|p2a: Torterra|48\/100 tox|[from] psn\n|upkeep\n|\n|t:|1699232445\n|switch|p1a: Gholdengo|Gholdengo|100\/100\n|-item|p1a: Gholdengo|Air Balloon\n|turn|15\n|\n|t:|1699232455\n|move|p2a: Torterra|Bullet Seed|p1a: Gholdengo\n|-resisted|p1a: Gholdengo\n|-damage|p1a: Gholdengo|89\/100\n|-enditem|p1a: Gholdengo|Air Balloon\n|-resisted|p1a: Gholdengo\n|-damage|p1a: Gholdengo|77\/100\n|-resisted|p1a: Gholdengo\n|-damage|p1a: Gholdengo|66\/100\n|-resisted|p1a: Gholdengo\n|-damage|p1a: Gholdengo|54\/100\n|-resisted|p1a: Gholdengo\n|-damage|p1a: Gholdengo|43\/100\n|-hitcount|p1a: Gholdengo|5\n|move|p1a: Gholdengo|Shadow Ball|p2a: Torterra\n|-damage|p2a: Torterra|0 fnt\n|faint|p2a: Torterra\n|\n|upkeep\n|inactive|wattyrows has 120 seconds left.\n|\n|t:|1699232498\n|switch|p2a: Ursaluna|Ursaluna-Bloodmoon, M|100\/100\n|-damage|p2a: Ursaluna|84\/100|[from] Spikes\n|turn|16\n|\n|t:|1699232512\n|move|p1a: Gholdengo|Make It Rain|p2a: Ursaluna\n|-damage|p2a: Ursaluna|9\/100\n|-unboost|p1a: Gholdengo|spa|1\n|move|p2a: Ursaluna|Calm Mind|p2a: Ursaluna\n|-boost|p2a: Ursaluna|spa|1\n|-boost|p2a: Ursaluna|spd|1\n|\n|-heal|p2a: Ursaluna|15\/100|[from] item: Leftovers\n|upkeep\n|turn|17\n|\n|t:|1699232521\n|move|p1a: Gholdengo|Make It Rain|p2a: Ursaluna\n|-damage|p2a: Ursaluna|0 fnt\n|-unboost|p1a: Gholdengo|spa|1\n|faint|p2a: Ursaluna\n|\n|upkeep\n|\n|t:|1699232525\n|switch|p2a: Landorus|Landorus-Therian, M|82\/100\n|-ability|p2a: Landorus|Intimidate|boost\n|-unboost|p1a: Gholdengo|atk|1\n|turn|18\n|inactive|wattyrows has 120 seconds left.\n|\n|t:|1699232536\n|move|p1a: Gholdengo|Shadow Ball|p2a: Landorus\n|-damage|p2a: Landorus|62\/100\n|move|p2a: Landorus|Stealth Rock|p1a: Gholdengo\n|-sidestart|p1: mambroeru|move: Stealth Rock\n|\n|-heal|p2a: Landorus|68\/100|[from] item: Leftovers\n|upkeep\n|turn|19\n|\n|t:|1699232543\n|move|p1a: Gholdengo|Nasty Plot|p1a: Gholdengo\n|-boost|p1a: Gholdengo|spa|2\n|move|p2a: Landorus|Earthquake|p1a: Gholdengo\n|-supereffective|p1a: Gholdengo\n|-damage|p1a: Gholdengo|0 fnt\n|faint|p1a: Gholdengo\n|\n|-heal|p2a: Landorus|75\/100|[from] item: Leftovers\n|upkeep\n|\n|t:|1699232551\n|switch|p1a: Cryogonal|Cryogonal|64\/100\n|turn|20\n|\n|t:|1699232556\n|move|p1a: Cryogonal|Freeze-Dry|p2a: Landorus\n|-supereffective|p2a: Landorus\n|-damage|p2a: Landorus|0 fnt\n|faint|p2a: Landorus\n|\n|upkeep\n|\n|t:|1699232562\n|switch|p2a: Man-Spider|Ariados, M|100\/100\n|-damage|p2a: Man-Spider|84\/100|[from] Spikes\n|turn|21\n|\n|t:|1699232577\n|move|p1a: Cryogonal|Confuse Ray|p2a: Man-Spider\n|-start|p2a: Man-Spider|confusion\n|-activate|p2a: Man-Spider|confusion\n|move|p2a: Man-Spider|Sticky Web|p1a: Cryogonal\n|-sidestart|p1: mambroeru|move: Sticky Web\n|\n|upkeep\n|turn|22\n|\n|t:|1699232581\n|move|p1a: Cryogonal|Rapid Spin|p2a: Man-Spider\n|-damage|p2a: Man-Spider|76\/100\n|-boost|p1a: Cryogonal|spe|1\n|-sideend|p1: mambroeru|Stealth Rock|[from] move: Rapid Spin|[of] p1a: Cryogonal\n|-sideend|p1: mambroeru|Sticky Web|[from] move: Rapid Spin|[of] p1a: Cryogonal\n|-activate|p2a: Man-Spider|confusion\n|-damage|p2a: Man-Spider|64\/100|[from] confusion\n|\n|upkeep\n|turn|23\n|\n|t:|1699232585\n|move|p1a: Cryogonal|Freeze-Dry|p2a: Man-Spider\n|-damage|p2a: Man-Spider|34\/100\n|-end|p2a: Man-Spider|confusion\n|move|p2a: Man-Spider|Toxic|p1a: Cryogonal\n|-status|p1a: Cryogonal|tox\n|\n|-damage|p1a: Cryogonal|58\/100 tox|[from] psn\n|upkeep\n|turn|24\n|\n|t:|1699232590\n|move|p1a: Cryogonal|Freeze-Dry|p2a: Man-Spider\n|-damage|p2a: Man-Spider|6\/100\n|-status|p2a: Man-Spider|frz\n|cant|p2a: Man-Spider|frz\n|\n|-damage|p1a: Cryogonal|45\/100 tox|[from] psn\n|upkeep\n|turn|25\n|\n|t:|1699232595\n|move|p1a: Cryogonal|Freeze-Dry|p2a: Man-Spider\n|-damage|p2a: Man-Spider|0 fnt\n|faint|p2a: Man-Spider\n|\n|-damage|p1a: Cryogonal|27\/100 tox|[from] psn\n|upkeep\n|\n|t:|1699232597\n|switch|p2a: Abomasnow|Abomasnow, F|91\/100\n|-damage|p2a: Abomasnow|75\/100|[from] Spikes\n|-weather|Snow|[from] ability: Snow Warning|[of] p2a: Abomasnow\n|turn|26\n|\n|t:|1699232604\n|move|p1a: Cryogonal|Freeze-Dry|p2a: Abomasnow\n|-damage|p2a: Abomasnow|49\/100\n|move|p2a: Abomasnow|Aurora Veil|p2a: Abomasnow\n|-sidestart|p2: wattyrows|move: Aurora Veil\n|\n|-weather|Snow|[upkeep]\n|-damage|p1a: Cryogonal|3\/100 tox|[from] psn\n|upkeep\n|turn|27\n|\n|t:|1699232612\n|move|p1a: Cryogonal|Confuse Ray|p2a: Abomasnow\n|-start|p2a: Abomasnow|confusion\n|-activate|p2a: Abomasnow|confusion\n|-damage|p2a: Abomasnow|40\/100|[from] confusion\n|\n|-weather|Snow|[upkeep]\n|-damage|p1a: Cryogonal|0 fnt|[from] psn\n|faint|p1a: Cryogonal\n|upkeep\n|\n|t:|1699232617\n|switch|p1a: Blissey|Blissey, F|100\/100\n|turn|28\n|\n|t:|1699232624\n|move|p1a: Blissey|Seismic Toss|p2a: Abomasnow\n|-damage|p2a: Abomasnow|14\/100\n|-activate|p2a: Abomasnow|confusion\n|move|p2a: Abomasnow|Blizzard|p1a: Blissey\n|-damage|p1a: Blissey|85\/100\n|\n|-weather|Snow|[upkeep]\n|upkeep\n|turn|29\n|\n|t:|1699232629\n|move|p1a: Blissey|Seismic Toss|p2a: Abomasnow\n|-damage|p2a: Abomasnow|0 fnt\n|faint|p2a: Abomasnow\n|\n|win|mambroeru\n|l|\u2606wattyrows\n|l| Demandread\n","uploadtime":1699232649,"views":3,"p1id":"mambroeru","p2id":"wattyrows","formatid":"gen9ubers","rating":0,"private":0,"password":""}