{"id":"gen9ubers-1974633399","p1":"Blake-Mamba","p2":"PinkyWinkyt","format":"[Gen 9] Ubers","log":"|j|\u2606Blake-Mamba\n|j|\u2606PinkyWinkyt\n|t:|1698104772\n|gametype|singles\n|player|p1|Blake-Mamba|juan|1216\n|player|p2|PinkyWinkyt|hilda|1124\n|teamsize|p1|6\n|teamsize|p2|6\n|gen|9\n|tier|[Gen 9] Ubers\n|rated|\n|rule|Sleep Clause Mod: Limit one foe put to sleep\n|rule|Species Clause: Limit one of each Pok\u00e9mon\n|rule|OHKO Clause: OHKO moves are banned\n|rule|Evasion Items Clause: Evasion items are banned\n|rule|Evasion Moves Clause: Evasion moves are banned\n|rule|Endless Battle Clause: Forcing endless battles is banned\n|rule|HP Percentage Mod: HP is shown in percentages\n|clearpoke\n|poke|p1|Ogerpon-Hearthflame, F|\n|poke|p1|Vikavolt, F|\n|poke|p1|Kommo-o, F|\n|poke|p1|Ursaluna-Bloodmoon, M|\n|poke|p1|Yanmega, F|\n|poke|p1|Chandelure, F|\n|poke|p2|Grimmsnarl, M|\n|poke|p2|Volcarona, F|\n|poke|p2|Great Tusk|\n|poke|p2|Dragonite, F|\n|poke|p2|Milotic, M|\n|poke|p2|Staraptor, F|\n|teampreview\n|inactive|Battle timer is ON: inactive players will automatically lose when time's up. (requested by PinkyWinkyt)\n|\n|t:|1698104776\n|start\n|switch|p1a: Vikavolt|Vikavolt, F|100\/100\n|switch|p2a: Staraptor|Staraptor, F, shiny|100\/100\n|turn|1\n|\n|t:|1698104783\n|move|p2a: Staraptor|Brave Bird|p1a: Vikavolt\n|-damage|p1a: Vikavolt|19\/100\n|-damage|p2a: Staraptor|70\/100|[from] Recoil\n|move|p1a: Vikavolt|Sticky Web|p2a: Staraptor\n|-sidestart|p2: PinkyWinkyt|move: Sticky Web\n|\n|upkeep\n|turn|2\n|\n|t:|1698104789\n|move|p2a: Staraptor|Quick Attack|p1a: Vikavolt\n|-damage|p1a: Vikavolt|0 fnt\n|faint|p1a: Vikavolt\n|\n|upkeep\n|\n|t:|1698104797\n|switch|p1a: Kommo-o|Kommo-o, F|100\/100\n|turn|3\n|\n|t:|1698104804\n|-terastallize|p1a: Kommo-o|Steel\n|move|p2a: Staraptor|Brave Bird|p1a: Kommo-o\n|-resisted|p1a: Kommo-o\n|-damage|p1a: Kommo-o|69\/100\n|-damage|p2a: Staraptor|58\/100|[from] Recoil\n|move|p1a: Kommo-o|Clangorous Soul|p1a: Kommo-o\n|-boost|p1a: Kommo-o|atk|1\n|-boost|p1a: Kommo-o|def|1\n|-boost|p1a: Kommo-o|spa|1\n|-boost|p1a: Kommo-o|spd|1\n|-boost|p1a: Kommo-o|spe|1\n|-damage|p1a: Kommo-o|36\/100\n|\n|-heal|p1a: Kommo-o|43\/100|[from] item: Leftovers\n|upkeep\n|turn|4\n|\n|t:|1698104822\n|move|p2a: Staraptor|Close Combat|p1a: Kommo-o\n|-supereffective|p1a: Kommo-o\n|-damage|p1a: Kommo-o|0 fnt\n|-unboost|p2a: Staraptor|def|1\n|-unboost|p2a: Staraptor|spd|1\n|faint|p1a: Kommo-o\n|\n|upkeep\n|\n|t:|1698104829\n|switch|p1a: Chandelure|Chandelure, F|100\/100\n|turn|5\n|\n|t:|1698104833\n|move|p1a: Chandelure|Flamethrower|p2a: Staraptor\n|-damage|p2a: Staraptor|0 fnt\n|faint|p2a: Staraptor\n|\n|upkeep\n|\n|t:|1698104839\n|switch|p2a: Milotic|Milotic, M, shiny|100\/100\n|-activate|p2a: Milotic|move: Sticky Web\n|-unboost|p2a: Milotic|spe|1\n|turn|6\n|\n|t:|1698104844\n|switch|p1a: Yanmega|Yanmega, F, shiny|100\/100\n|move|p2a: Milotic|Scald|p1a: Yanmega\n|-damage|p1a: Yanmega|75\/100\n|\n|upkeep\n|turn|7\n|\n|t:|1698104851\n|move|p1a: Yanmega|Ancient Power|p2a: Milotic\n|-damage|p2a: Milotic|85\/100\n|move|p2a: Milotic|Ice Beam|p1a: Yanmega\n|-supereffective|p1a: Yanmega\n|-damage|p1a: Yanmega|39\/100\n|\n|-heal|p2a: Milotic|91\/100|[from] item: Leftovers\n|-ability|p1a: Yanmega|Speed Boost|boost\n|-boost|p1a: Yanmega|spe|1\n|upkeep\n|turn|8\n|\n|t:|1698104862\n|move|p1a: Yanmega|Giga Drain|p2a: Milotic\n|-supereffective|p2a: Milotic\n|-damage|p2a: Milotic|54\/100\n|-heal|p1a: Yanmega|58\/100|[from] drain|[of] p2a: Milotic\n|move|p2a: Milotic|Ice Beam|p1a: Yanmega\n|-supereffective|p1a: Yanmega\n|-damage|p1a: Yanmega|15\/100\n|\n|-heal|p2a: Milotic|60\/100|[from] item: Leftovers\n|-ability|p1a: Yanmega|Speed Boost|boost\n|-boost|p1a: Yanmega|spe|1\n|upkeep\n|turn|9\n|\n|t:|1698104873\n|move|p1a: Yanmega|Giga Drain|p2a: Milotic\n|-supereffective|p2a: Milotic\n|-damage|p2a: Milotic|24\/100\n|-heal|p1a: Yanmega|33\/100|[from] drain|[of] p2a: Milotic\n|move|p2a: Milotic|Ice Beam|p1a: Yanmega\n|-supereffective|p1a: Yanmega\n|-damage|p1a: Yanmega|0 fnt\n|faint|p1a: Yanmega\n|\n|-heal|p2a: Milotic|30\/100|[from] item: Leftovers\n|upkeep\n|\n|t:|1698104885\n|switch|p1a: Ogerpon|Ogerpon-Hearthflame, F|100\/100\n|-ability|p1a: Ogerpon|Mold Breaker\n|turn|10\n|\n|t:|1698104890\n|move|p1a: Ogerpon|Trailblaze|p2a: Milotic\n|-supereffective|p2a: Milotic\n|-damage|p2a: Milotic|0 fnt\n|-boost|p1a: Ogerpon|spe|1\n|faint|p2a: Milotic\n|\n|upkeep\n|\n|t:|1698104895\n|switch|p2a: Grimmsnarl|Grimmsnarl, M, shiny|100\/100\n|-activate|p2a: Grimmsnarl|move: Sticky Web\n|-unboost|p2a: Grimmsnarl|spe|1\n|turn|11\n|\n|t:|1698104901\n|move|p2a: Grimmsnarl|Taunt|p1a: Ogerpon\n|-start|p1a: Ogerpon|move: Taunt\n|move|p1a: Ogerpon|Ivy Cudgel|p2a: Grimmsnarl\n|-damage|p2a: Grimmsnarl|25\/100\n|\n|upkeep\n|turn|12\n|\n|t:|1698104911\n|move|p2a: Grimmsnarl|Reflect|p2a: Grimmsnarl\n|-sidestart|p2: PinkyWinkyt|Reflect\n|move|p1a: Ogerpon|Ivy Cudgel|p2a: Grimmsnarl\n|-damage|p2a: Grimmsnarl|0 fnt\n|faint|p2a: Grimmsnarl\n|\n|upkeep\n|\n|t:|1698104928\n|switch|p2a: Dragonite|Dragonite, F|100\/100\n|turn|13\n|\n|t:|1698104933\n|move|p1a: Ogerpon|Play Rough|p2a: Dragonite\n|-supereffective|p2a: Dragonite\n|-damage|p2a: Dragonite|59\/100\n|move|p2a: Dragonite|Dragon Dance|p2a: Dragonite\n|-boost|p2a: Dragonite|atk|1\n|-boost|p2a: Dragonite|spe|1\n|\n|-end|p1a: Ogerpon|move: Taunt\n|upkeep\n|turn|14\n|\n|t:|1698104943\n|-terastallize|p2a: Dragonite|Steel\n|move|p1a: Ogerpon|Play Rough|p2a: Dragonite\n|-resisted|p2a: Dragonite\n|-damage|p2a: Dragonite|48\/100\n|move|p2a: Dragonite|Outrage|p1a: Ogerpon\n|-damage|p1a: Ogerpon|0 fnt\n|faint|p1a: Ogerpon\n|\n|upkeep\n|\n|t:|1698104953\n|switch|p1a: Chandelure|Chandelure, F|100\/100\n|turn|15\n|\n|t:|1698104957\n|move|p1a: Chandelure|Flamethrower|p2a: Dragonite\n|-supereffective|p2a: Dragonite\n|-damage|p2a: Dragonite|0 fnt\n|faint|p2a: Dragonite\n|\n|upkeep\n|\n|t:|1698104962\n|switch|p2a: Volcarona|Volcarona, F|100\/100\n|-activate|p2a: Volcarona|move: Sticky Web\n|-unboost|p2a: Volcarona|spe|1\n|turn|16\n|\n|t:|1698104966\n|move|p1a: Chandelure|Flamethrower|p2a: Volcarona\n|-damage|p2a: Volcarona|38\/100\n|move|p2a: Volcarona|Quiver Dance|p2a: Volcarona\n|-boost|p2a: Volcarona|spa|1\n|-boost|p2a: Volcarona|spd|1\n|-boost|p2a: Volcarona|spe|1\n|\n|upkeep\n|turn|17\n|\n|t:|1698104981\n|move|p1a: Chandelure|Flamethrower|p2a: Volcarona\n|-damage|p2a: Volcarona|0 fnt\n|faint|p2a: Volcarona\n|\n|upkeep\n|\n|t:|1698104984\n|switch|p2a: Great Tusk|Great Tusk|100\/100\n|-activate|p2a: Great Tusk|move: Sticky Web\n|-unboost|p2a: Great Tusk|spe|1\n|turn|18\n|\n|t:|1698104990\n|move|p1a: Chandelure|Flamethrower|p2a: Great Tusk\n|-damage|p2a: Great Tusk|24\/100\n|move|p2a: Great Tusk|Headlong Rush|p1a: Chandelure\n|-supereffective|p1a: Chandelure\n|-damage|p1a: Chandelure|0 fnt\n|-unboost|p2a: Great Tusk|def|1\n|-unboost|p2a: Great Tusk|spd|1\n|faint|p1a: Chandelure\n|\n|-heal|p2a: Great Tusk|31\/100|[from] item: Leftovers\n|upkeep\n|\n|t:|1698105002\n|switch|p1a: Ursaluna|Ursaluna-Bloodmoon, M|100\/100\n|turn|19\n|\n|t:|1698105018\n|move|p2a: Great Tusk|Headlong Rush|p1a: Ursaluna\n|-damage|p1a: Ursaluna|57\/100\n|-unboost|p2a: Great Tusk|def|1\n|-unboost|p2a: Great Tusk|spd|1\n|move|p1a: Ursaluna|Blood Moon|p2a: Great Tusk\n|-damage|p2a: Great Tusk|0 fnt\n|faint|p2a: Great Tusk\n|-end|p2a: Great Tusk|Protosynthesis|[silent]\n|\n|win|Blake-Mamba\n|raw|Blake-Mamba's rating: 1216 &rarr; <strong>1235<\/strong><br \/>(+19 for winning)\n|raw|PinkyWinkyt's rating: 1124 &rarr; <strong>1105<\/strong><br \/>(-19 for losing)\n|l|\u2606PinkyWinkyt\n|c|\u2606Blake-Mamba|Gg\n","uploadtime":1698105030,"views":14,"p1id":"blakemamba","p2id":"pinkywinkyt","formatid":"gen9ubers","rating":1105,"private":0,"password":""}