{"id":"gen9ubers-1972484885","p1":"DrivebyAwakening","p2":"BeardyBennett","format":"[Gen 9] Ubers","log":"|j|\u2606DrivebyAwakening\n|j|\u2606BeardyBennett\n|t:|1697848143\n|gametype|singles\n|player|p1|DrivebyAwakening|iris-masters|\n|player|p2|BeardyBennett|hiker-gen4|\n|teamsize|p1|6\n|teamsize|p2|6\n|gen|9\n|tier|[Gen 9] Ubers\n|rule|Sleep Clause Mod: Limit one foe put to sleep\n|rule|Species Clause: Limit one of each Pok\u00e9mon\n|rule|OHKO Clause: OHKO moves are banned\n|rule|Evasion Items Clause: Evasion items are banned\n|rule|Evasion Moves Clause: Evasion moves are banned\n|rule|Endless Battle Clause: Forcing endless battles is banned\n|rule|HP Percentage Mod: HP is shown in percentages\n|clearpoke\n|poke|p1|Meowscarada, F|\n|poke|p1|Gholdengo|\n|poke|p1|Dondozo, M|\n|poke|p1|Arceus-Dragon|\n|poke|p1|Masquerain, M|\n|poke|p1|Donphan, M|\n|poke|p2|Cyclizar, F|\n|poke|p2|Urshifu-*, F|\n|poke|p2|Garchomp, F|\n|poke|p2|Volcarona, M|\n|poke|p2|Magearna|\n|poke|p2|Gliscor, M|\n|teampreview\n|c|\u2606BeardyBennett|Gl hf!\n|\n|t:|1697848168\n|start\n|switch|p1a: Meowscarada|Meowscarada, F|100\/100\n|switch|p2a: Cyclizar|Cyclizar, F|100\/100\n|turn|1\n|\n|t:|1697848177\n|move|p2a: Cyclizar|Shed Tail|p2a: Cyclizar\n|-start|p2a: Cyclizar|Substitute|[from] move: Shed Tail\n|-damage|p2a: Cyclizar|50\/100\n|\n|t:|1697848186\n|switch|p2a: Volcarona|Volcarona, M|100\/100|[from] Shed Tail\n|move|p1a: Meowscarada|Taunt|p2a: Volcarona\n|-start|p2a: Volcarona|move: Taunt\n|\n|upkeep\n|turn|2\n|\n|t:|1697848205\n|switch|p1a: Arceus|Arceus-Dragon|100\/100\n|move|p2a: Volcarona|Bug Buzz|p1a: Arceus\n|-damage|p1a: Arceus|68\/100\n|\n|upkeep\n|turn|3\n|\n|t:|1697848212\n|move|p1a: Arceus|Outrage|p2a: Volcarona\n|-end|p2a: Volcarona|Substitute\n|move|p2a: Volcarona|Bug Buzz|p1a: Arceus\n|-damage|p1a: Arceus|34\/100\n|\n|-end|p2a: Volcarona|move: Taunt\n|upkeep\n|turn|4\n|\n|t:|1697848222\n|switch|p2a: Magearna|Magearna|100\/100\n|move|p1a: Arceus|Outrage|p2a: Magearna|[from]lockedmove\n|-immune|p2a: Magearna\n|\n|upkeep\n|turn|5\n|\n|t:|1697848234\n|move|p1a: Arceus|Dragon Dance|p1a: Arceus\n|-boost|p1a: Arceus|atk|1\n|-boost|p1a: Arceus|spe|1\n|move|p2a: Magearna|Volt Switch|p1a: Arceus\n|-resisted|p1a: Arceus\n|-damage|p1a: Arceus|25\/100\n|\n|t:|1697848251\n|switch|p2a: Cyclizar|Cyclizar, F|84\/100|[from] Volt Switch\n|\n|upkeep\n|turn|6\n|\n|t:|1697848274\n|move|p1a: Arceus|Extreme Speed|p2a: Cyclizar\n|-damage|p2a: Cyclizar|32\/100\n|move|p2a: Cyclizar|Shed Tail|p2a: Cyclizar\n|-fail|p2a: Cyclizar|move: Shed Tail|[weak]\n|\n|upkeep\n|turn|7\n|\n|t:|1697848283\n|switch|p2a: Magearna|Magearna|100\/100\n|move|p1a: Arceus|Extreme Speed|p2a: Magearna\n|-resisted|p2a: Magearna\n|-damage|p2a: Magearna|85\/100\n|\n|upkeep\n|turn|8\n|\n|t:|1697848289\n|-terastallize|p1a: Arceus|Fire\n|move|p1a: Arceus|Flare Blitz|p2a: Magearna\n|-supereffective|p2a: Magearna\n|-damage|p2a: Magearna|0 fnt\n|faint|p2a: Magearna\n|-damage|p1a: Arceus|0 fnt|[from] Recoil\n|faint|p1a: Arceus\n|\n|upkeep\n|\n|t:|1697848299\n|switch|p1a: Meowscarada|Meowscarada, F|100\/100\n|switch|p2a: Cyclizar|Cyclizar, F|65\/100\n|turn|9\n|\n|t:|1697848305\n|move|p2a: Cyclizar|U-turn|p1a: Meowscarada\n|-supereffective|p1a: Meowscarada\n|-damage|p1a: Meowscarada|19\/100\n|\n|t:|1697848315\n|switch|p2a: Gliscor|Gliscor, M|100\/100|[from] U-turn\n|move|p1a: Meowscarada|Spikes|p2a: Gliscor\n|-sidestart|p2: BeardyBennett|Spikes\n|\n|-status|p2a: Gliscor|tox|[from] item: Toxic Orb\n|upkeep\n|turn|10\n|\n|t:|1697848320\n|move|p1a: Meowscarada|Taunt|p2a: Gliscor\n|-start|p2a: Gliscor|move: Taunt\n|cant|p2a: Gliscor|move: Taunt|Stealth Rock\n|\n|upkeep\n|turn|11\n|\n|t:|1697848323\n|move|p1a: Meowscarada|Spikes|p2a: Gliscor\n|-sidestart|p2: BeardyBennett|Spikes\n|move|p2a: Gliscor|U-turn|p1a: Meowscarada\n|-supereffective|p1a: Meowscarada\n|-crit|p1a: Meowscarada\n|-damage|p1a: Meowscarada|0 fnt\n|faint|p1a: Meowscarada\n|\n|t:|1697848328\n|switch|p2a: Cyclizar|Cyclizar, F|98\/100|[from] U-turn\n|-damage|p2a: Cyclizar|82\/100|[from] Spikes\n|\n|upkeep\n|\n|t:|1697848350\n|switch|p1a: Gholdengo|Gholdengo|100\/100\n|turn|12\n|\n|t:|1697848363\n|move|p2a: Cyclizar|Shed Tail|p2a: Cyclizar\n|-start|p2a: Cyclizar|Substitute|[from] move: Shed Tail\n|-damage|p2a: Cyclizar|32\/100\n|\n|t:|1697848369\n|switch|p2a: Gliscor|Gliscor, M|100\/100 tox|[from] Shed Tail\n|move|p1a: Gholdengo|Shadow Ball|p2a: Gliscor\n|-end|p2a: Gliscor|Substitute\n|\n|upkeep\n|turn|13\n|\n|t:|1697848379\n|switch|p1a: Donphan|Donphan, M|100\/100\n|move|p2a: Gliscor|Stealth Rock|p1a: Donphan\n|-sidestart|p1: DrivebyAwakening|move: Stealth Rock\n|\n|upkeep\n|turn|14\n|\n|t:|1697848383\n|move|p2a: Gliscor|U-turn|p1a: Donphan\n|-damage|p1a: Donphan|89\/100\n|\n|t:|1697848418\n|switch|p2a: Urshifu|Urshifu, F|100\/100|[from] U-turn\n|-damage|p2a: Urshifu|84\/100|[from] Spikes\n|move|p1a: Donphan|Stealth Rock|p2a: Urshifu\n|-sidestart|p2: BeardyBennett|move: Stealth Rock\n|\n|upkeep\n|turn|15\n|\n|t:|1697848432\n|switch|p1a: Dondozo|Dondozo, M|100\/100\n|-damage|p1a: Dondozo|88\/100|[from] Stealth Rock\n|move|p2a: Urshifu|Swords Dance|p2a: Urshifu\n|-boost|p2a: Urshifu|atk|2\n|\n|upkeep\n|turn|16\n|\n|t:|1697848438\n|move|p2a: Urshifu|Wicked Blow|p1a: Dondozo\n|-crit|p1a: Dondozo\n|-damage|p1a: Dondozo|44\/100\n|move|p1a: Dondozo|Zen Headbutt|p2a: Urshifu\n|-immune|p2a: Urshifu\n|\n|upkeep\n|turn|17\n|c|\u2606DrivebyAwakening|oopsie\n|\n|t:|1697848452\n|move|p2a: Urshifu|Wicked Blow|p1a: Dondozo\n|-crit|p1a: Dondozo\n|-damage|p1a: Dondozo|0 fnt\n|faint|p1a: Dondozo\n|\n|upkeep\n|\n|t:|1697848457\n|switch|p1a: Masquerain|Masquerain, M|100\/100\n|-damage|p1a: Masquerain|51\/100|[from] Stealth Rock\n|-ability|p1a: Masquerain|Intimidate|boost\n|-unboost|p2a: Urshifu|atk|1\n|turn|18\n|c|\u2606BeardyBennett|Why did you go for it, out of curiosity?\n|\n|t:|1697848473\n|move|p2a: Urshifu|Wicked Blow|p1a: Masquerain\n|-crit|p1a: Masquerain\n|-damage|p1a: Masquerain|0 fnt\n|faint|p1a: Masquerain\n|\n|upkeep\n|\n|t:|1697848479\n|switch|p1a: Donphan|Donphan, M|89\/100\n|turn|19\n|\n|t:|1697848484\n|move|p2a: Urshifu|Swords Dance|p2a: Urshifu\n|-boost|p2a: Urshifu|atk|2\n|move|p1a: Donphan|Earthquake|p2a: Urshifu\n|-damage|p2a: Urshifu|30\/100\n|\n|upkeep\n|turn|20\n|\n|t:|1697848489\n|move|p2a: Urshifu|Wicked Blow|p1a: Donphan\n|-crit|p1a: Donphan\n|-damage|p1a: Donphan|0 fnt\n|faint|p1a: Donphan\n|\n|upkeep\n|\n|t:|1697848491\n|switch|p1a: Gholdengo|Gholdengo|100\/100\n|-damage|p1a: Gholdengo|94\/100|[from] Stealth Rock\n|turn|21\n|\n|t:|1697848499\n|move|p2a: Urshifu|Sucker Punch|p1a: Gholdengo\n|-supereffective|p1a: Gholdengo\n|-damage|p1a: Gholdengo|0 fnt\n|faint|p1a: Gholdengo\n|\n|win|BeardyBennett\n|l|\u2606DrivebyAwakening\n","uploadtime":1697848506,"views":7,"p1id":"drivebyawakening","p2id":"beardybennett","formatid":"gen9ubers","rating":0,"private":0,"password":""}