{"id":"gen9ubers-1981638300","p1":"JimCF","p2":"ImhoPitit","format":"[Gen 9] Ubers","log":"|j|\u2606JimCF\n|j|\u2606ImhoPitit\n|t:|1698928951\n|gametype|singles\n|player|p1|JimCF|ltsurge|\n|player|p2|ImhoPitit|lucas|\n|teamsize|p1|6\n|teamsize|p2|6\n|gen|9\n|tier|[Gen 9] Ubers\n|rule|Sleep Clause Mod: Limit one foe put to sleep\n|rule|Species Clause: Limit one of each Pok\u00e9mon\n|rule|OHKO Clause: OHKO moves are banned\n|rule|Evasion Items Clause: Evasion items are banned\n|rule|Evasion Moves Clause: Evasion moves are banned\n|rule|Endless Battle Clause: Forcing endless battles is banned\n|rule|HP Percentage Mod: HP is shown in percentages\n|clearpoke\n|poke|p1|Sinistcha-Masterpiece|\n|poke|p1|Gliscor, F|\n|poke|p1|Jirachi|\n|poke|p1|Roaring Moon|\n|poke|p1|Greninja-*, M|\n|poke|p1|Conkeldurr, M|\n|poke|p2|Enamorus, F|\n|poke|p2|Dragapult, M|\n|poke|p2|Gholdengo|\n|poke|p2|Dragonite, M|\n|poke|p2|Iron Treads|\n|poke|p2|Skeledirge, M|\n|teampreview\n|inactive|Battle timer is ON: inactive players will automatically lose when time's up. (requested by ImhoPitit)\n|\n|t:|1698928963\n|start\n|switch|p1a: Jirachi|Jirachi|100\/100\n|switch|p2a: Iron Treads|Iron Treads|100\/100\n|-enditem|p2a: Iron Treads|Booster Energy\n|-activate|p2a: Iron Treads|ability: Quark Drive|[fromitem]\n|-start|p2a: Iron Treads|quarkdrivespe\n|turn|1\n|\n|t:|1698928972\n|move|p2a: Iron Treads|Knock Off|p1a: Jirachi\n|-supereffective|p1a: Jirachi\n|-damage|p1a: Jirachi|43\/100\n|-enditem|p1a: Jirachi|Choice Scarf|[from] move: Knock Off|[of] p2a: Iron Treads\n|move|p1a: Jirachi|U-turn|p2a: Iron Treads\n|-resisted|p2a: Iron Treads\n|-damage|p2a: Iron Treads|92\/100\n|\n|t:|1698928979\n|switch|p1a: Conkeldurr|Conkeldurr, M|100\/100|[from] U-turn\n|\n|-status|p1a: Conkeldurr|brn|[from] item: Flame Orb\n|upkeep\n|turn|2\n|\n|t:|1698928997\n|-end|p2a: Iron Treads|Quark Drive|[silent]\n|switch|p2a: Lingot|Gholdengo|100\/100\n|-item|p2a: Lingot|Air Balloon\n|switch|p1a: Gliscor|Gliscor, F|100\/100\n|\n|-status|p1a: Gliscor|tox|[from] item: Toxic Orb\n|upkeep\n|turn|3\n|\n|t:|1698929007\n|move|p2a: Lingot|Nasty Plot|p2a: Lingot\n|-boost|p2a: Lingot|spa|2\n|move|p1a: Gliscor|U-turn|p2a: Lingot\n|-resisted|p2a: Lingot\n|-damage|p2a: Lingot|95\/100\n|-enditem|p2a: Lingot|Air Balloon\n|\n|t:|1698929027\n|switch|p1a: Jirachi|Jirachi|43\/100|[from] U-turn\n|\n|upkeep\n|turn|4\n|\n|t:|1698929036\n|move|p1a: Jirachi|Zen Headbutt|p2a: Lingot\n|-resisted|p2a: Lingot\n|-damage|p2a: Lingot|76\/100\n|move|p2a: Lingot|Shadow Ball|p1a: Jirachi\n|-supereffective|p1a: Jirachi\n|-damage|p1a: Jirachi|0 fnt\n|faint|p1a: Jirachi\n|\n|upkeep\n|\n|t:|1698929045\n|switch|p1a: Greninja|Greninja, M|100\/100\n|turn|5\n|\n|t:|1698929050\n|-terastallize|p2a: Lingot|Water\n|move|p1a: Greninja|Dark Pulse|p2a: Lingot\n|-damage|p2a: Lingot|36\/100\n|move|p2a: Lingot|Make It Rain|p1a: Greninja\n|-resisted|p1a: Greninja\n|-damage|p1a: Greninja|4\/100\n|-unboost|p2a: Lingot|spa|1\n|\n|upkeep\n|turn|6\n|\n|t:|1698929063\n|move|p1a: Greninja|U-turn|p2a: Lingot\n|-damage|p2a: Lingot|21\/100\n|\n|t:|1698929074\n|switch|p1a: Conkeldurr|Conkeldurr, M|100\/100 brn|[from] U-turn\n|move|p2a: Lingot|Shadow Ball|p1a: Conkeldurr\n|-damage|p1a: Conkeldurr|30\/100 brn\n|\n|-damage|p1a: Conkeldurr|24\/100 brn|[from] brn\n|upkeep\n|turn|7\n|\n|t:|1698929085\n|move|p1a: Conkeldurr|Mach Punch|p2a: Lingot\n|-damage|p2a: Lingot|0 fnt\n|faint|p2a: Lingot\n|\n|-damage|p1a: Conkeldurr|18\/100 brn|[from] brn\n|upkeep\n|\n|t:|1698929099\n|switch|p2a: Iron Treads|Iron Treads|92\/100\n|turn|8\n|\n|t:|1698929103\n|move|p1a: Conkeldurr|Mach Punch|p2a: Iron Treads\n|-supereffective|p2a: Iron Treads\n|-damage|p2a: Iron Treads|30\/100\n|move|p2a: Iron Treads|Ice Spinner|p1a: Conkeldurr\n|-damage|p1a: Conkeldurr|0 fnt\n|faint|p1a: Conkeldurr\n|\n|upkeep\n|\n|t:|1698929111\n|switch|p1a: Greninja|Greninja, M|4\/100\n|turn|9\n|\n|t:|1698929117\n|move|p1a: Greninja|U-turn|p2a: Iron Treads\n|-resisted|p2a: Iron Treads\n|-damage|p2a: Iron Treads|24\/100\n|\n|t:|1698929122\n|switch|p1a: Gliscor|Gliscor, F|100\/100 tox|[from] U-turn\n|move|p2a: Iron Treads|Earthquake|p1a: Gliscor\n|-immune|p1a: Gliscor\n|\n|upkeep\n|turn|10\n|\n|t:|1698929130\n|move|p2a: Iron Treads|Ice Spinner|p1a: Gliscor\n|-supereffective|p1a: Gliscor\n|-damage|p1a: Gliscor|39\/100 tox\n|move|p1a: Gliscor|Stealth Rock|p2a: Iron Treads\n|-sidestart|p2: ImhoPitit|move: Stealth Rock\n|\n|-heal|p1a: Gliscor|52\/100 tox|[from] ability: Poison Heal\n|upkeep\n|turn|11\n|\n|t:|1698929140\n|move|p1a: Gliscor|Protect|p1a: Gliscor\n|-singleturn|p1a: Gliscor|Protect\n|move|p2a: Iron Treads|Rapid Spin|p1a: Gliscor\n|-activate|p1a: Gliscor|move: Protect\n|\n|-heal|p1a: Gliscor|64\/100 tox|[from] ability: Poison Heal\n|upkeep\n|turn|12\n|\n|t:|1698929149\n|move|p2a: Iron Treads|Knock Off|p1a: Gliscor\n|-crit|p1a: Gliscor\n|-damage|p1a: Gliscor|37\/100 tox\n|-enditem|p1a: Gliscor|Toxic Orb|[from] move: Knock Off|[of] p2a: Iron Treads\n|move|p1a: Gliscor|Earthquake|p2a: Iron Treads\n|-supereffective|p2a: Iron Treads\n|-damage|p2a: Iron Treads|0 fnt\n|faint|p2a: Iron Treads\n|-end|p2a: Iron Treads|Quark Drive|[silent]\n|\n|-heal|p1a: Gliscor|49\/100 tox|[from] ability: Poison Heal\n|upkeep\n|\n|t:|1698929166\n|switch|p2a: Trop mang\u00e9|Dragonite, M|100\/100\n|turn|13\n|\n|t:|1698929171\n|move|p2a: Trop mang\u00e9|Dragon Dance|p2a: Trop mang\u00e9\n|-boost|p2a: Trop mang\u00e9|atk|1\n|-boost|p2a: Trop mang\u00e9|spe|1\n|move|p1a: Gliscor|U-turn|p2a: Trop mang\u00e9\n|-resisted|p2a: Trop mang\u00e9\n|-damage|p2a: Trop mang\u00e9|96\/100\n|\n|t:|1698929177\n|switch|p1a: Sinistcha|Sinistcha-Masterpiece|100\/100|[from] U-turn\n|\n|upkeep\n|turn|14\n|\n|t:|1698929187\n|move|p2a: Trop mang\u00e9|Ice Spinner|p1a: Sinistcha\n|-supereffective|p1a: Sinistcha\n|-damage|p1a: Sinistcha|33\/100\n|move|p1a: Sinistcha|Strength Sap|p2a: Trop mang\u00e9\n|-unboost|p2a: Trop mang\u00e9|atk|1\n|-heal|p1a: Sinistcha|100\/100\n|\n|upkeep\n|turn|15\n|\n|t:|1698929197\n|switch|p2a: Hisashiburi dana|Skeledirge, M|100\/100\n|-damage|p2a: Hisashiburi dana|76\/100|[from] Stealth Rock\n|move|p1a: Sinistcha|Calm Mind|p1a: Sinistcha\n|-boost|p1a: Sinistcha|spa|1\n|-boost|p1a: Sinistcha|spd|1\n|\n|upkeep\n|turn|16\n|\n|t:|1698929210\n|move|p1a: Sinistcha|Shadow Ball|p2a: Hisashiburi dana\n|-supereffective|p2a: Hisashiburi dana\n|-damage|p2a: Hisashiburi dana|25\/100\n|move|p2a: Hisashiburi dana|Torch Song|p1a: Sinistcha\n|-supereffective|p1a: Sinistcha\n|-crit|p1a: Sinistcha\n|-damage|p1a: Sinistcha|51\/100\n|-boost|p2a: Hisashiburi dana|spa|1\n|-enditem|p2a: Hisashiburi dana|Throat Spray\n|-boost|p2a: Hisashiburi dana|spa|1|[from] item: Throat Spray\n|\n|-heal|p1a: Sinistcha|57\/100|[from] item: Leftovers\n|upkeep\n|turn|17\n|\n|t:|1698929227\n|move|p1a: Sinistcha|Shadow Ball|p2a: Hisashiburi dana\n|-supereffective|p2a: Hisashiburi dana\n|-damage|p2a: Hisashiburi dana|0 fnt\n|faint|p2a: Hisashiburi dana\n|\n|-heal|p1a: Sinistcha|64\/100|[from] item: Leftovers\n|upkeep\n|\n|t:|1698929235\n|switch|p2a: Vion|Dragapult, M|100\/100\n|-damage|p2a: Vion|88\/100|[from] Stealth Rock\n|turn|18\n|\n|t:|1698929243\n|-terastallize|p1a: Sinistcha|Fairy\n|move|p2a: Vion|Dragon Darts|p1a: Sinistcha\n|-immune|p1a: Sinistcha\n|move|p1a: Sinistcha|Calm Mind|p1a: Sinistcha\n|-boost|p1a: Sinistcha|spa|1\n|-boost|p1a: Sinistcha|spd|1\n|\n|-heal|p1a: Sinistcha|70\/100|[from] item: Leftovers\n|upkeep\n|turn|19\n|\n|t:|1698929254\n|move|p2a: Vion|Phantom Force||[still]\n|-prepare|p2a: Vion|Phantom Force\n|move|p1a: Sinistcha|Matcha Gotcha|p2a: Vion|[miss]\n|-miss|p1a: Sinistcha|p2a: Vion\n|\n|-heal|p1a: Sinistcha|76\/100|[from] item: Leftovers\n|upkeep\n|turn|20\n|\n|t:|1698929263\n|move|p2a: Vion|Phantom Force|p1a: Sinistcha|[from]lockedmove\n|-damage|p1a: Sinistcha|38\/100\n|move|p1a: Sinistcha|Shadow Ball|p2a: Vion\n|-supereffective|p2a: Vion\n|-damage|p2a: Vion|0 fnt\n|faint|p2a: Vion\n|\n|-heal|p1a: Sinistcha|44\/100|[from] item: Leftovers\n|upkeep\n|\n|t:|1698929273\n|switch|p2a: Boa|Enamorus, F|100\/100\n|-damage|p2a: Boa|76\/100|[from] Stealth Rock\n|turn|21\n|\n|t:|1698929280\n|move|p2a: Boa|Calm Mind|p2a: Boa\n|-boost|p2a: Boa|spa|1\n|-boost|p2a: Boa|spd|1\n|move|p1a: Sinistcha|Shadow Ball|p2a: Boa\n|-damage|p2a: Boa|14\/100\n|\n|-heal|p2a: Boa|20\/100|[from] item: Leftovers\n|-heal|p1a: Sinistcha|50\/100|[from] item: Leftovers\n|upkeep\n|turn|22\n|\n|t:|1698929291\n|move|p2a: Boa|Moonblast|p1a: Sinistcha\n|-damage|p1a: Sinistcha|10\/100\n|move|p1a: Sinistcha|Shadow Ball|p2a: Boa\n|-damage|p2a: Boa|0 fnt\n|faint|p2a: Boa\n|\n|-heal|p1a: Sinistcha|16\/100|[from] item: Leftovers\n|upkeep\n|\n|t:|1698929300\n|switch|p2a: Trop mang\u00e9|Dragonite, M|96\/100\n|turn|23\n|\n|t:|1698929310\n|move|p2a: Trop mang\u00e9|Extreme Speed|p1a: Sinistcha\n|-damage|p1a: Sinistcha|0 fnt\n|faint|p1a: Sinistcha\n|\n|upkeep\n|\n|t:|1698929318\n|switch|p1a: Roaring Moon|Roaring Moon|100\/100\n|-enditem|p1a: Roaring Moon|Booster Energy\n|-activate|p1a: Roaring Moon|ability: Protosynthesis|[fromitem]\n|-start|p1a: Roaring Moon|protosynthesisatk\n|turn|24\n|\n|t:|1698929326\n|move|p1a: Roaring Moon|Dragon Dance|p1a: Roaring Moon\n|-boost|p1a: Roaring Moon|atk|1\n|-boost|p1a: Roaring Moon|spe|1\n|move|p2a: Trop mang\u00e9|Ice Spinner|p1a: Roaring Moon\n|-supereffective|p1a: Roaring Moon\n|-damage|p1a: Roaring Moon|19\/100\n|\n|upkeep\n|turn|25\n|\n|t:|1698929337\n|move|p2a: Trop mang\u00e9|Extreme Speed|p1a: Roaring Moon\n|-damage|p1a: Roaring Moon|0 fnt\n|faint|p1a: Roaring Moon\n|-end|p1a: Roaring Moon|Protosynthesis|[silent]\n|\n|upkeep\n|\n|t:|1698929342\n|switch|p1a: Gliscor|Gliscor, F|49\/100 tox\n|turn|26\n|\n|t:|1698929347\n|move|p2a: Trop mang\u00e9|Ice Spinner|p1a: Gliscor\n|-supereffective|p1a: Gliscor\n|-damage|p1a: Gliscor|0 fnt\n|faint|p1a: Gliscor\n|\n|upkeep\n|-message|JimCF forfeited.\n|\n|win|ImhoPitit\n|l|\u2606JimCF\n","uploadtime":1698929355,"views":7,"p1id":"jimcf","p2id":"imhopitit","formatid":"gen9ubers","rating":0,"private":0,"password":""}