{"id":"gen9ubers-1997178150","p1":"PennyPoffen","p2":"SmfApeurime","format":"[Gen 9] Ubers","log":"|j|\u2606PennyPoffen\n|j|\u2606SmfApeurime\n|t:|1700772530\n|gametype|singles\n|player|p1|PennyPoffen|dawn-gen4pt|1180\n|player|p2|SmfApeurime|170|1148\n|teamsize|p1|6\n|teamsize|p2|6\n|gen|9\n|tier|[Gen 9] Ubers\n|rated|\n|rule|Sleep Clause Mod: Limit one foe put to sleep\n|rule|Species Clause: Limit one of each Pok\u00e9mon\n|rule|OHKO Clause: OHKO moves are banned\n|rule|Evasion Items Clause: Evasion items are banned\n|rule|Evasion Moves Clause: Evasion moves are banned\n|rule|Endless Battle Clause: Forcing endless battles is banned\n|rule|HP Percentage Mod: HP is shown in percentages\n|clearpoke\n|poke|p1|Electrode-Hisui|\n|poke|p1|Orthworm, M|\n|poke|p1|Arceus|\n|poke|p1|Cyclizar, M|\n|poke|p1|Dragonite, F|\n|poke|p1|Shaymin-Sky|\n|poke|p2|Annihilape, F|\n|poke|p2|Miraidon|\n|poke|p2|Chien-Pao|\n|poke|p2|Magearna|\n|poke|p2|Koraidon|\n|poke|p2|Iron Bundle|\n|teampreview\n|inactive|Battle timer is ON: inactive players will automatically lose when time's up. (requested by SmfApeurime)\n|\n|t:|1700772535\n|start\n|switch|p1a: Electrode|Electrode-Hisui|100\/100\n|switch|p2a: Annihilape|Annihilape, F|100\/100\n|turn|1\n|\n|t:|1700772541\n|move|p1a: Electrode|Thunderbolt|p2a: Annihilape\n|-damage|p2a: Annihilape|59\/100\n|-status|p2a: Annihilape|par\n|move|p2a: Annihilape|Stealth Rock|p1a: Electrode\n|-sidestart|p1: PennyPoffen|move: Stealth Rock\n|\n|upkeep\n|turn|2\n|\n|t:|1700772547\n|move|p1a: Electrode|Thunderbolt|p2a: Annihilape\n|-damage|p2a: Annihilape|17\/100 par\n|move|p2a: Annihilape|Close Combat|p1a: Electrode\n|-damage|p1a: Electrode|20\/100\n|-unboost|p2a: Annihilape|def|1\n|-unboost|p2a: Annihilape|spd|1\n|\n|upkeep\n|turn|3\n|\n|t:|1700772553\n|move|p1a: Electrode|Thunderbolt|p2a: Annihilape\n|-damage|p2a: Annihilape|0 fnt\n|faint|p2a: Annihilape\n|\n|upkeep\n|\n|t:|1700772558\n|switch|p2a: Chien-Pao|Chien-Pao|100\/100\n|-ability|p2a: Chien-Pao|Sword of Ruin\n|turn|4\n|\n|t:|1700772562\n|move|p2a: Chien-Pao|Ice Shard|p1a: Electrode\n|-supereffective|p1a: Electrode\n|-damage|p1a: Electrode|0 fnt\n|faint|p1a: Electrode\n|\n|upkeep\n|\n|t:|1700772567\n|switch|p1a: Orthworm|Orthworm, M|100\/100\n|-damage|p1a: Orthworm|94\/100|[from] Stealth Rock\n|turn|5\n|\n|t:|1700772582\n|move|p2a: Chien-Pao|Crunch|p1a: Orthworm\n|-damage|p1a: Orthworm|56\/100\n|move|p1a: Orthworm|Body Press|p2a: Chien-Pao\n|-supereffective|p2a: Chien-Pao\n|-damage|p2a: Chien-Pao|0 fnt\n|faint|p2a: Chien-Pao\n|\n|-heal|p1a: Orthworm|62\/100|[from] item: Leftovers\n|upkeep\n|\n|t:|1700772592\n|switch|p2a: Koraidon|Koraidon|100\/100\n|-weather|SunnyDay|[from] ability: Orichalcum Pulse|[of] p2a: Koraidon\n|-activate|p2a: Koraidon|Orichalcum Pulse|[source]\n|turn|6\n|\n|t:|1700772597\n|move|p2a: Koraidon|Low Kick|p1a: Orthworm\n|-supereffective|p1a: Orthworm\n|-damage|p1a: Orthworm|0 fnt\n|faint|p1a: Orthworm\n|\n|-weather|SunnyDay|[upkeep]\n|upkeep\n|\n|t:|1700772605\n|switch|p1a: Arceus|Arceus|100\/100\n|-damage|p1a: Arceus|88\/100|[from] Stealth Rock\n|turn|7\n|\n|t:|1700772608\n|-terastallize|p1a: Arceus|Ghost\n|move|p2a: Koraidon|Low Kick|p1a: Arceus\n|-immune|p1a: Arceus\n|move|p1a: Arceus|Swords Dance|p1a: Arceus\n|-boost|p1a: Arceus|atk|2\n|\n|-weather|SunnyDay|[upkeep]\n|upkeep\n|turn|8\n|\n|t:|1700772615\n|switch|p2a: Iron Bundle|Iron Bundle|100\/100\n|-enditem|p2a: Iron Bundle|Booster Energy\n|-activate|p2a: Iron Bundle|ability: Quark Drive|[fromitem]\n|-start|p2a: Iron Bundle|quarkdrivespe\n|move|p1a: Arceus|Extreme Speed|p2a: Iron Bundle\n|-damage|p2a: Iron Bundle|0 fnt\n|faint|p2a: Iron Bundle\n|-end|p2a: Iron Bundle|Quark Drive|[silent]\n|-damage|p1a: Arceus|78\/100|[from] item: Life Orb\n|\n|-weather|SunnyDay|[upkeep]\n|upkeep\n|\n|t:|1700772631\n|switch|p2a: Koraidon|Koraidon|100\/100\n|-activate|p2a: Koraidon|ability: Orichalcum Pulse\n|turn|9\n|\n|t:|1700772637\n|-terastallize|p2a: Koraidon|Fire\n|move|p1a: Arceus|Extreme Speed|p2a: Koraidon\n|-damage|p2a: Koraidon|0 fnt\n|faint|p2a: Koraidon\n|-damage|p1a: Arceus|68\/100|[from] item: Life Orb\n|\n|-weather|SunnyDay|[upkeep]\n|upkeep\n|\n|t:|1700772641\n|switch|p2a: Magearna|Magearna|100\/100\n|turn|10\n|\n|t:|1700772646\n|move|p1a: Arceus|Earthquake|p2a: Magearna\n|-supereffective|p2a: Magearna\n|-damage|p2a: Magearna|0 fnt\n|faint|p2a: Magearna\n|-damage|p1a: Arceus|58\/100|[from] item: Life Orb\n|\n|-weather|none\n|upkeep\n|-message|SmfApeurime forfeited.\n|\n|win|PennyPoffen\n|raw|PennyPoffen's rating: 1180 &rarr; <strong>1203<\/strong><br \/>(+23 for winning)\n|raw|SmfApeurime's rating: 1148 &rarr; <strong>1125<\/strong><br \/>(-23 for losing)\n|l|\u2606SmfApeurime\n","uploadtime":1700772667,"views":15,"p1id":"pennypoffen","p2id":"smfapeurime","formatid":"gen9ubers","rating":1125,"private":0,"password":""}