{"id":"gen9ubers-1983154830","p1":"m0333","p2":"h-313","format":"[Gen 9] Ubers","log":"|j|\u2606m0333\n|j|\u2606h-313\n|inactive|Battle timer is ON: inactive players will automatically lose when time's up.\n|t:|1699097240\n|gametype|singles\n|player|p1|m0333|palmer|\n|player|p2|h-313|101|\n|teamsize|p1|6\n|teamsize|p2|6\n|gen|9\n|tier|[Gen 9] Ubers\n|rated|Tournament battle\n|rule|Sleep Clause Mod: Limit one foe put to sleep\n|rule|Species Clause: Limit one of each Pok\u00e9mon\n|rule|OHKO Clause: OHKO moves are banned\n|rule|Evasion Items Clause: Evasion items are banned\n|rule|Evasion Moves Clause: Evasion moves are banned\n|rule|Endless Battle Clause: Forcing endless battles is banned\n|rule|HP Percentage Mod: HP is shown in percentages\n|clearpoke\n|poke|p1|Calyrex-Ice|\n|poke|p1|Koraidon|\n|poke|p1|Toxapex, F|\n|poke|p1|Ting-Lu|\n|poke|p1|Arceus|\n|poke|p1|Miraidon|\n|poke|p2|Koraidon|\n|poke|p2|Flutter Mane|\n|poke|p2|Roaring Moon|\n|poke|p2|Ting-Lu|\n|poke|p2|Gholdengo|\n|poke|p2|Ceruledge, M|\n|teampreview\n|j|*Lady Monita \u263d\n|inactive|m0333 also wants the timer to be on.\n|inactive|h-313 also wants the timer to be on.\n|j| bigjase\n|j| vkvs\n|c|\u2606h-313|no not toxapex\n|l| bigjase\n|\n|t:|1699097260\n|start\n|switch|p1a: Miraidon|Miraidon|100\/100\n|switch|p2a: CupHead|Ting-Lu|100\/100\n|-fieldstart|move: Electric Terrain|[from] ability: Hadron Engine|[of] p1a: Miraidon\n|-ability|p2a: CupHead|Vessel of Ruin\n|turn|1\n|j| xoxo_pancake\n|l| xoxo_pancake\n|\n|t:|1699097278\n|move|p1a: Miraidon|Taunt|p2a: CupHead\n|-start|p2a: CupHead|move: Taunt\n|move|p2a: CupHead|Earthquake|p1a: Miraidon\n|-supereffective|p1a: Miraidon\n|-damage|p1a: Miraidon|21\/100\n|\n|upkeep\n|turn|2\n|c|\u2606m0333|:))\n|\n|t:|1699097295\n|switch|p1a: Ting-Lu|Ting-Lu|100\/100\n|-ability|p1a: Ting-Lu|Vessel of Ruin\n|move|p2a: CupHead|Earthquake|p1a: Ting-Lu\n|-damage|p1a: Ting-Lu|81\/100\n|\n|-heal|p1a: Ting-Lu|87\/100|[from] item: Leftovers\n|upkeep\n|turn|3\n|\n|t:|1699097311\n|switch|p2a: Broken Mane|Flutter Mane|100\/100\n|-item|p2a: Broken Mane|Air Balloon\n|move|p1a: Ting-Lu|Spikes|p2a: Broken Mane\n|-sidestart|p2: h-313|Spikes\n|\n|-heal|p1a: Ting-Lu|93\/100|[from] item: Leftovers\n|upkeep\n|turn|4\n|\n|t:|1699097327\n|move|p2a: Broken Mane|Substitute|p2a: Broken Mane\n|-start|p2a: Broken Mane|Substitute\n|-damage|p2a: Broken Mane|76\/100\n|move|p1a: Ting-Lu|Whirlwind|p2a: Broken Mane\n|-end|p2a: Broken Mane|Protosynthesis|[silent]\n|drag|p2a: CupHead|Ting-Lu|100\/100\n|-damage|p2a: CupHead|88\/100|[from] Spikes\n|-ability|p2a: CupHead|Vessel of Ruin\n|\n|-heal|p1a: Ting-Lu|99\/100|[from] item: Leftovers\n|-heal|p2a: CupHead|94\/100|[from] item: Leftovers\n|upkeep\n|turn|5\n|j| ZowwyCafe\u2764\n|c|\u2606h-313|toxapex is a monster\n|\n|t:|1699097337\n|move|p1a: Ting-Lu|Spikes|p2a: CupHead\n|-sidestart|p2: h-313|Spikes\n|move|p2a: CupHead|Stealth Rock|p1a: Ting-Lu\n|-sidestart|p1: m0333|move: Stealth Rock\n|\n|-heal|p1a: Ting-Lu|100\/100|[from] item: Leftovers\n|-heal|p2a: CupHead|100\/100|[from] item: Leftovers\n|-fieldend|move: Electric Terrain\n|upkeep\n|turn|6\n|l| ZowwyCafe\u2764\n|c|\u2606m0333|bro it isnt even out yet\n|c|\u2606h-313|and so are uuu\n|c|\u2606m0333|lmaoo\n|c|\u2606m0333|:))\n|c|\u2606h-313|i barely beat it last round\n|\n|t:|1699097354\n|move|p1a: Ting-Lu|Spikes|p2a: CupHead\n|-sidestart|p2: h-313|Spikes\n|move|p2a: CupHead|Spikes|p1a: Ting-Lu\n|-sidestart|p1: m0333|Spikes\n|\n|upkeep\n|turn|7\n|\n|t:|1699097359\n|move|p1a: Ting-Lu|Ruination|p2a: CupHead\n|-damage|p2a: CupHead|50\/100\n|move|p2a: CupHead|Spikes|p1a: Ting-Lu\n|-sidestart|p1: m0333|Spikes\n|\n|-heal|p2a: CupHead|57\/100|[from] item: Leftovers\n|upkeep\n|turn|8\n|inactive|h-313 has 120 seconds left.\n|\n|t:|1699097406\n|move|p1a: Ting-Lu|Whirlwind|p2a: CupHead\n|drag|p2a: Paldean Gallade|Ceruledge, M|100\/100\n|-damage|p2a: Paldean Gallade|76\/100|[from] Spikes\n|\n|-heal|p2a: Paldean Gallade|82\/100|[from] item: Leftovers\n|upkeep\n|turn|9\n|\n|t:|1699097413\n|move|p2a: Paldean Gallade|Taunt|p1a: Ting-Lu\n|-start|p1a: Ting-Lu|move: Taunt\n|cant|p1a: Ting-Lu|move: Taunt|Whirlwind\n|\n|-heal|p2a: Paldean Gallade|88\/100|[from] item: Leftovers\n|upkeep\n|turn|10\n|\n|t:|1699097416\n|move|p2a: Paldean Gallade|Bulk Up|p2a: Paldean Gallade\n|-boost|p2a: Paldean Gallade|atk|1\n|-boost|p2a: Paldean Gallade|def|1\n|move|p1a: Ting-Lu|Earthquake|p2a: Paldean Gallade\n|-supereffective|p2a: Paldean Gallade\n|-damage|p2a: Paldean Gallade|32\/100\n|\n|-heal|p2a: Paldean Gallade|38\/100|[from] item: Leftovers\n|upkeep\n|turn|11\n|\n|t:|1699097420\n|move|p2a: Paldean Gallade|Bitter Blade|p1a: Ting-Lu\n|-damage|p1a: Ting-Lu|72\/100\n|-heal|p2a: Paldean Gallade|58\/100|[from] drain|[of] p1a: Ting-Lu\n|move|p1a: Ting-Lu|Earthquake|p2a: Paldean Gallade\n|-supereffective|p2a: Paldean Gallade\n|-damage|p2a: Paldean Gallade|0 fnt\n|faint|p2a: Paldean Gallade\n|\n|-heal|p1a: Ting-Lu|79\/100|[from] item: Leftovers\n|-end|p1a: Ting-Lu|move: Taunt\n|upkeep\n|\n|t:|1699097427\n|switch|p2a: Cheese|Gholdengo|100\/100\n|-damage|p2a: Cheese|76\/100|[from] Spikes\n|turn|12\n|\n|t:|1699097438\n|move|p2a: Cheese|Trick|p1a: Ting-Lu\n|-activate|p2a: Cheese|move: Trick|[of] p1a: Ting-Lu\n|-item|p1a: Ting-Lu|Choice Scarf|[from] move: Trick\n|-item|p2a: Cheese|Leftovers|[from] move: Trick\n|move|p1a: Ting-Lu|Ruination|p2a: Cheese\n|-damage|p2a: Cheese|38\/100\n|\n|-heal|p2a: Cheese|44\/100|[from] item: Leftovers\n|upkeep\n|turn|13\n|inactive|h-313 has 120 seconds left.\n|\n|t:|1699097485\n|switch|p1a: Koraidon|Koraidon|100\/100\n|-damage|p1a: Koraidon|94\/100|[from] Stealth Rock\n|-damage|p1a: Koraidon|78\/100|[from] Spikes\n|-weather|SunnyDay|[from] ability: Orichalcum Pulse|[of] p1a: Koraidon\n|-activate|p1a: Koraidon|Orichalcum Pulse|[source]\n|move|p2a: Cheese|Nasty Plot|p2a: Cheese\n|-boost|p2a: Cheese|spa|2\n|\n|-weather|SunnyDay|[upkeep]\n|-heal|p2a: Cheese|50\/100|[from] item: Leftovers\n|upkeep\n|turn|14\n|\n|t:|1699097506\n|move|p1a: Koraidon|Dragon Claw|p2a: Cheese\n|-resisted|p2a: Cheese\n|-damage|p2a: Cheese|16\/100\n|move|p2a: Cheese|Shadow Ball|p1a: Koraidon\n|-damage|p1a: Koraidon|0 fnt\n|faint|p1a: Koraidon\n|\n|-weather|SunnyDay|[upkeep]\n|-heal|p2a: Cheese|22\/100|[from] item: Leftovers\n|upkeep\n|\n|t:|1699097521\n|switch|p1a: Ting-Lu|Ting-Lu|79\/100\n|-damage|p1a: Ting-Lu|72\/100|[from] Stealth Rock\n|-damage|p1a: Ting-Lu|56\/100|[from] Spikes\n|-ability|p1a: Ting-Lu|Vessel of Ruin\n|turn|15\n|\n|t:|1699097527\n|move|p2a: Cheese|Make It Rain|p1a: Ting-Lu\n|-damage|p1a: Ting-Lu|0 fnt\n|-unboost|p2a: Cheese|spa|1\n|faint|p1a: Ting-Lu\n|\n|-weather|SunnyDay|[upkeep]\n|-heal|p2a: Cheese|28\/100|[from] item: Leftovers\n|upkeep\n|c|\u2606h-313|lol\n|\n|t:|1699097533\n|switch|p1a: Miraidon|Miraidon|21\/100\n|-damage|p1a: Miraidon|8\/100|[from] Stealth Rock\n|-damage|p1a: Miraidon|0 fnt|[from] Spikes\n|faint|p1a: Miraidon\n|c|\u2606m0333|damn\n|c|\u2606h-313|lolll\n|c|\u2606m0333|i over predicted\n|c|\u2606h-313|arkoos\n|\n|t:|1699097547\n|switch|p1a: Calyrex|Calyrex-Ice|100\/100\n|-ability|p1a: Calyrex|As One\n|-ability|p1a: Calyrex|Unnerve\n|turn|16\n|\n|t:|1699097553\n|-terastallize|p1a: Calyrex|Fire\n|move|p2a: Cheese|Make It Rain|p1a: Calyrex\n|-resisted|p1a: Calyrex\n|-damage|p1a: Calyrex|71\/100\n|-unboost|p2a: Cheese|spa|1\n|move|p1a: Calyrex|High Horsepower|p2a: Cheese\n|-supereffective|p2a: Cheese\n|-damage|p2a: Cheese|0 fnt\n|faint|p2a: Cheese\n|-ability|p1a: Calyrex|Chilling Neigh|boost\n|-boost|p1a: Calyrex|atk|1\n|\n|-weather|SunnyDay|[upkeep]\n|upkeep\n|\n|t:|1699097561\n|switch|p2a: CupHead|Ting-Lu|57\/100\n|-damage|p2a: CupHead|32\/100|[from] Spikes\n|-ability|p2a: CupHead|Vessel of Ruin\n|turn|17\n|\n|t:|1699097566\n|move|p2a: CupHead|Whirlwind|p1a: Calyrex\n|drag|p1a: Arceus|Arceus|100\/100\n|-damage|p1a: Arceus|88\/100|[from] Stealth Rock\n|-damage|p1a: Arceus|72\/100|[from] Spikes\n|\n|-weather|none\n|-heal|p2a: CupHead|38\/100|[from] item: Leftovers\n|upkeep\n|turn|18\n|\n|t:|1699097574\n|move|p1a: Arceus|Taunt|p2a: CupHead\n|-start|p2a: CupHead|move: Taunt\n|cant|p2a: CupHead|move: Taunt|Whirlwind\n|\n|-heal|p2a: CupHead|44\/100|[from] item: Leftovers\n|upkeep\n|turn|19\n|c|\u2606h-313|imma keep rizzing u\n|c|\u2606m0333|noo pls\n|\n|t:|1699097588\n|switch|p2a: No Fairy X(|Koraidon|100\/100\n|-damage|p2a: No Fairy X(|76\/100|[from] Spikes\n|-weather|SunnyDay|[from] ability: Orichalcum Pulse|[of] p2a: No Fairy X(\n|-activate|p2a: No Fairy X(|Orichalcum Pulse|[source]\n|move|p1a: Arceus|Extreme Speed|p2a: No Fairy X(\n|-damage|p2a: No Fairy X(|27\/100\n|\n|-weather|SunnyDay|[upkeep]\n|upkeep\n|turn|20\n|\n|t:|1699097593\n|move|p1a: Arceus|Extreme Speed|p2a: No Fairy X(\n|-damage|p2a: No Fairy X(|0 fnt\n|faint|p2a: No Fairy X(\n|\n|-weather|SunnyDay|[upkeep]\n|upkeep\n|\n|t:|1699097597\n|switch|p2a: Broken Mane|Flutter Mane|76\/100\n|-activate|p2a: Broken Mane|ability: Protosynthesis\n|-start|p2a: Broken Mane|protosynthesisspe\n|-item|p2a: Broken Mane|Air Balloon\n|turn|21\n|\n|t:|1699097604\n|move|p2a: Broken Mane|Substitute|p2a: Broken Mane\n|-start|p2a: Broken Mane|Substitute\n|-damage|p2a: Broken Mane|51\/100\n|move|p1a: Arceus|Shadow Claw|p2a: Broken Mane\n|-supereffective|p2a: Broken Mane\n|-end|p2a: Broken Mane|Substitute\n|-enditem|p2a: Broken Mane|Air Balloon\n|\n|-weather|SunnyDay|[upkeep]\n|upkeep\n|turn|22\n|\n|t:|1699097608\n|move|p2a: Broken Mane|Moonblast|p1a: Arceus\n|-damage|p1a: Arceus|36\/100\n|-unboost|p1a: Arceus|spa|1\n|move|p1a: Arceus|Shadow Claw|p2a: Broken Mane\n|-supereffective|p2a: Broken Mane\n|-damage|p2a: Broken Mane|0 fnt\n|faint|p2a: Broken Mane\n|-end|p2a: Broken Mane|Protosynthesis|[silent]\n|\n|-weather|SunnyDay|[upkeep]\n|upkeep\n|\n|t:|1699097614\n|switch|p2a: Best Design|Roaring Moon|100\/100\n|-damage|p2a: Best Design|76\/100|[from] Spikes\n|-activate|p2a: Best Design|ability: Protosynthesis\n|-start|p2a: Best Design|protosynthesisatk\n|turn|23\n|\n|t:|1699097620\n|move|p1a: Arceus|Extreme Speed|p2a: Best Design\n|-damage|p2a: Best Design|3\/100\n|move|p2a: Best Design|Dragon Claw|p1a: Arceus\n|-damage|p1a: Arceus|0 fnt\n|faint|p1a: Arceus\n|\n|-weather|SunnyDay|[upkeep]\n|upkeep\n|\n|t:|1699097626\n|switch|p1a: Toxapex|Toxapex, F|100\/100\n|-damage|p1a: Toxapex|88\/100|[from] Stealth Rock\n|-damage|p1a: Toxapex|72\/100|[from] Spikes\n|turn|24\n|c|\u2606h-313|oo im ded :)\n|\n|t:|1699097631\n|move|p2a: Best Design|Dragon Claw|p1a: Toxapex\n|-damage|p1a: Toxapex|36\/100\n|-damage|p2a: Best Design|0 fnt|[from] item: Rocky Helmet|[of] p1a: Toxapex\n|faint|p2a: Best Design\n|-end|p2a: Best Design|Protosynthesis|[silent]\n|move|p1a: Toxapex|Infestation|p2: Best Design|[notarget]\n|-fail|p1a: Toxapex\n|\n|-weather|SunnyDay|[upkeep]\n|upkeep\n|\n|t:|1699097634\n|switch|p2a: CupHead|Ting-Lu|44\/100\n|-damage|p2a: CupHead|19\/100|[from] Spikes\n|-ability|p2a: CupHead|Vessel of Ruin\n|turn|25\n|\n|t:|1699097639\n|move|p2a: CupHead|Earthquake|p1a: Toxapex\n|-supereffective|p1a: Toxapex\n|-damage|p1a: Toxapex|0 fnt\n|faint|p1a: Toxapex\n|\n|-weather|SunnyDay|[upkeep]\n|-heal|p2a: CupHead|26\/100|[from] item: Leftovers\n|upkeep\n|\n|t:|1699097642\n|switch|p1a: Calyrex|Calyrex-Ice, tera:Fire|71\/100\n|-ability|p1a: Calyrex|As One\n|-ability|p1a: Calyrex|Unnerve\n|turn|26\n|\n|t:|1699097647\n|-terastallize|p2a: CupHead|Water\n|move|p2a: CupHead|Earthquake|p1a: Calyrex\n|-supereffective|p1a: Calyrex\n|-damage|p1a: Calyrex|25\/100\n|move|p1a: Calyrex|Glacial Lance|p2a: CupHead\n|-resisted|p2a: CupHead\n|-damage|p2a: CupHead|4\/100\n|\n|-weather|none\n|-heal|p2a: CupHead|10\/100|[from] item: Leftovers\n|upkeep\n|turn|27\n|c|\u2606m0333|gg\n|c|\u2606h-313|bro istg\n|c|\u2606h-313|ggs\n|c|\u2606m0333|forgot u had tera\n|\n|t:|1699097664\n|move|p2a: CupHead|Earthquake|p1a: Calyrex\n|-supereffective|p1a: Calyrex\n|-damage|p1a: Calyrex|0 fnt\n|faint|p1a: Calyrex\n|\n|win|h-313\n|n|\u2606m0333|m0333\n|n|\u2606h-313|h313\n|n|*Lady Monita \u263d|ladymonita\n|n| vkvs|vkvs\n|l|*Lady Monita \u263d\n|c|\u2606h-313|nice one bro\n|c|\u2606m0333|u2\n|c|\u2606h-313|loves it\n|c|\u2606h-313|loved\n|l| vkvs\n|c|\u2606m0333|:))\n","uploadtime":1699097685,"views":7,"p1id":"m0333","p2id":"h313","formatid":"gen9ubers","rating":0,"private":0,"password":""}