{"id":"gen9ubers-1968911744","p1":"mimolette7","p2":"XpokVEVO","format":"[Gen 9] Ubers","log":"|j|\u2606mimolette7\n|j|\u2606XpokVEVO\n|t:|1697474848\n|gametype|singles\n|player|p1|mimolette7|lucy|\n|player|p2|XpokVEVO|marshal|\n|teamsize|p1|6\n|teamsize|p2|6\n|gen|9\n|tier|[Gen 9] Ubers\n|rule|Sleep Clause Mod: Limit one foe put to sleep\n|rule|Species Clause: Limit one of each Pok\u00e9mon\n|rule|OHKO Clause: OHKO moves are banned\n|rule|Evasion Items Clause: Evasion items are banned\n|rule|Evasion Moves Clause: Evasion moves are banned\n|rule|Endless Battle Clause: Forcing endless battles is banned\n|rule|HP Percentage Mod: HP is shown in percentages\n|clearpoke\n|poke|p1|Landorus, M|\n|poke|p1|Dugtrio, M|\n|poke|p1|Zacian-*|\n|poke|p1|Chi-Yu|\n|poke|p1|Torkoal, M|\n|poke|p1|Arceus-Poison|\n|poke|p2|Arceus-Fire|\n|poke|p2|Shaymin-Sky|\n|poke|p2|Cyclizar, M|\n|poke|p2|Espathra, F|\n|poke|p2|Magearna|\n|poke|p2|Sneasler, F|\n|teampreview\n|inactive|Battle timer is ON: inactive players will automatically lose when time's up. (requested by mimolette7)\n|\n|t:|1697474866\n|start\n|switch|p1a: Landorus|Landorus, M|100\/100\n|switch|p2a: Cyclizar|Cyclizar, M|100\/100\n|turn|1\n|\n|t:|1697474875\n|move|p1a: Landorus|Sludge Bomb|p2a: Cyclizar\n|-damage|p2a: Cyclizar|42\/100\n|move|p2a: Cyclizar|Taunt|p1a: Landorus\n|-start|p1a: Landorus|move: Taunt\n|\n|upkeep\n|turn|2\n|inactive|XpokVEVO has 270 seconds left.\n|\n|t:|1697474922\n|switch|p1a: Chi-Yu|Chi-Yu|100\/100\n|-ability|p1a: Chi-Yu|Beads of Ruin\n|switch|p2a: Magearna|Magearna|100\/100\n|\n|upkeep\n|turn|3\n|c|\u2606XpokVEVO|Nice predict\n|c|\u2606mimolette7|ty\n|\n|t:|1697474950\n|switch|p2a: Arceus-Fight\u0131ng|Arceus-Fire, shiny|100\/100\n|move|p1a: Chi-Yu|Overheat|p2a: Arceus-Fight\u0131ng|[miss]\n|-miss|p1a: Chi-Yu|p2a: Arceus-Fight\u0131ng\n|\n|upkeep\n|turn|4\n|\n|t:|1697474968\n|switch|p1a: Landorus|Landorus, M|100\/100\n|move|p2a: Arceus-Fight\u0131ng|Roar|p1a: Landorus\n|drag|p1a: Chi-Yu|Chi-Yu|100\/100\n|-ability|p1a: Chi-Yu|Beads of Ruin\n|\n|upkeep\n|turn|5\n|\n|t:|1697474975\n|move|p1a: Chi-Yu|Dark Pulse|p2a: Arceus-Fight\u0131ng\n|-damage|p2a: Arceus-Fight\u0131ng|56\/100\n|move|p2a: Arceus-Fight\u0131ng|Dragon Dance|p2a: Arceus-Fight\u0131ng\n|-boost|p2a: Arceus-Fight\u0131ng|atk|1\n|-boost|p2a: Arceus-Fight\u0131ng|spe|1\n|\n|upkeep\n|turn|6\n|\n|t:|1697474986\n|switch|p1a: Arceus|Arceus-Poison|100\/100\n|-terastallize|p2a: Arceus-Fight\u0131ng|Fairy\n|move|p2a: Arceus-Fight\u0131ng|Tera Blast|p1a: Arceus|[anim] Tera Blast Fairy\n|-resisted|p1a: Arceus\n|-crit|p1a: Arceus\n|-damage|p1a: Arceus|69\/100\n|\n|upkeep\n|turn|7\n|\n|t:|1697474994\n|move|p2a: Arceus-Fight\u0131ng|Flare Blitz|p1a: Arceus\n|-damage|p1a: Arceus|0 fnt\n|faint|p1a: Arceus\n|-damage|p2a: Arceus-Fight\u0131ng|30\/100|[from] Recoil\n|\n|upkeep\n|\n|t:|1697474999\n|switch|p1a: Dugtrio|Dugtrio, M|100\/100\n|turn|8\n|\n|t:|1697475014\n|move|p2a: Arceus-Fight\u0131ng|Flare Blitz|p1a: Dugtrio\n|-enditem|p1a: Dugtrio|Focus Sash\n|-damage|p1a: Dugtrio|1\/100\n|-damage|p2a: Arceus-Fight\u0131ng|11\/100|[from] Recoil\n|move|p1a: Dugtrio|Earthquake|p2a: Arceus-Fight\u0131ng\n|-damage|p2a: Arceus-Fight\u0131ng|0 fnt\n|faint|p2a: Arceus-Fight\u0131ng\n|\n|upkeep\n|inactive|XpokVEVO has 270 seconds left.\n|\n|t:|1697475033\n|switch|p2a: Espathra|Espathra, F|100\/100\n|turn|9\n|\n|t:|1697475037\n|move|p2a: Espathra|Protect|p2a: Espathra\n|-singleturn|p2a: Espathra|Protect\n|move|p1a: Dugtrio|Memento|p2a: Espathra\n|-activate|p2a: Espathra|move: Protect\n|\n|-ability|p2a: Espathra|Speed Boost|boost\n|-boost|p2a: Espathra|spe|1\n|upkeep\n|turn|10\n|\n|t:|1697475047\n|move|p2a: Espathra|Calm Mind|p2a: Espathra\n|-boost|p2a: Espathra|spa|1\n|-boost|p2a: Espathra|spd|1\n|move|p1a: Dugtrio|Memento|p2a: Espathra\n|-unboost|p2a: Espathra|atk|2\n|-unboost|p2a: Espathra|spa|2\n|faint|p1a: Dugtrio\n|\n|-ability|p2a: Espathra|Speed Boost|boost\n|-boost|p2a: Espathra|spe|1\n|upkeep\n|\n|t:|1697475074\n|switch|p1a: Zacian|Zacian|100\/100\n|-ability|p1a: Zacian|Intrepid Sword|boost\n|-boost|p1a: Zacian|atk|1\n|turn|11\n|\n|t:|1697475081\n|move|p2a: Espathra|Calm Mind|p2a: Espathra\n|-boost|p2a: Espathra|spa|1\n|-boost|p2a: Espathra|spd|1\n|move|p1a: Zacian|Crunch|p2a: Espathra\n|-supereffective|p2a: Espathra\n|-enditem|p2a: Espathra|Focus Sash\n|-damage|p2a: Espathra|1\/100\n|-unboost|p2a: Espathra|def|1\n|\n|-ability|p2a: Espathra|Speed Boost|boost\n|-boost|p2a: Espathra|spe|1\n|upkeep\n|turn|12\n|\n|t:|1697475088\n|move|p2a: Espathra|Protect|p2a: Espathra\n|-singleturn|p2a: Espathra|Protect\n|move|p1a: Zacian|Crunch|p2a: Espathra\n|-activate|p2a: Espathra|move: Protect\n|\n|-ability|p2a: Espathra|Speed Boost|boost\n|-boost|p2a: Espathra|spe|1\n|upkeep\n|turn|13\n|\n|t:|1697475091\n|move|p2a: Espathra|Stored Power|p1a: Zacian\n|-damage|p1a: Zacian|43\/100\n|move|p1a: Zacian|Crunch|p2a: Espathra\n|-supereffective|p2a: Espathra\n|-damage|p2a: Espathra|0 fnt\n|faint|p2a: Espathra\n|\n|upkeep\n|\n|t:|1697475100\n|switch|p2a: Magearna|Magearna|100\/100\n|turn|14\n|\n|t:|1697475105\n|move|p1a: Zacian|Close Combat|p2a: Magearna\n|-damage|p2a: Magearna|45\/100\n|-unboost|p1a: Zacian|def|1\n|-unboost|p1a: Zacian|spd|1\n|move|p2a: Magearna|Shift Gear|p2a: Magearna\n|-boost|p2a: Magearna|spe|2\n|-boost|p2a: Magearna|atk|1\n|\n|upkeep\n|turn|15\n|\n|t:|1697475112\n|move|p2a: Magearna|Draining Kiss|p1a: Zacian\n|-damage|p1a: Zacian|0 fnt\n|-heal|p2a: Magearna|79\/100|[from] drain|[of] p1a: Zacian\n|faint|p1a: Zacian\n|-ability|p2a: Magearna|Soul-Heart|boost\n|-boost|p2a: Magearna|spa|1\n|-damage|p2a: Magearna|69\/100|[from] item: Life Orb\n|\n|upkeep\n|\n|t:|1697475116\n|switch|p1a: Landorus|Landorus, M|100\/100\n|turn|16\n|\n|t:|1697475128\n|move|p1a: Landorus|Earth Power|p2a: Magearna\n|-supereffective|p2a: Magearna\n|-damage|p2a: Magearna|0 fnt\n|faint|p2a: Magearna\n|\n|upkeep\n|\n|t:|1697475135\n|switch|p2a: Shaymin|Shaymin-Sky, shiny|100\/100\n|turn|17\n|\n|t:|1697475139\n|switch|p1a: Torkoal|Torkoal, M|100\/100\n|-weather|SunnyDay|[from] ability: Drought|[of] p1a: Torkoal\n|move|p2a: Shaymin|Earth Power|p1a: Torkoal\n|-supereffective|p1a: Torkoal\n|-damage|p1a: Torkoal|8\/100\n|-damage|p2a: Shaymin|91\/100|[from] item: Life Orb\n|\n|-weather|SunnyDay|[upkeep]\n|upkeep\n|turn|18\n|\n|t:|1697475147\n|move|p2a: Shaymin|Seed Flare|p1a: Torkoal\n|-resisted|p1a: Torkoal\n|-damage|p1a: Torkoal|0 fnt\n|faint|p1a: Torkoal\n|-damage|p2a: Shaymin|81\/100|[from] item: Life Orb\n|\n|-weather|SunnyDay|[upkeep]\n|upkeep\n|\n|t:|1697475150\n|switch|p1a: Chi-Yu|Chi-Yu|100\/100\n|-ability|p1a: Chi-Yu|Beads of Ruin\n|turn|19\n|\n|t:|1697475158\n|move|p1a: Chi-Yu|Flamethrower|p2a: Shaymin\n|-supereffective|p2a: Shaymin\n|-damage|p2a: Shaymin|0 fnt\n|faint|p2a: Shaymin\n|\n|-weather|SunnyDay|[upkeep]\n|upkeep\n|\n|t:|1697475164\n|switch|p2a: Cyclizar|Cyclizar, M|75\/100\n|turn|20\n|\n|t:|1697475176\n|move|p1a: Chi-Yu|Flamethrower|p2a: Cyclizar\n|-resisted|p2a: Cyclizar\n|-damage|p2a: Cyclizar|9\/100\n|-enditem|p2a: Cyclizar|Aguav Berry|[eat]\n|-heal|p2a: Cyclizar|42\/100|[from] item: Aguav Berry\n|move|p2a: Cyclizar|Rapid Spin|p1a: Chi-Yu\n|-damage|p1a: Chi-Yu|71\/100\n|-boost|p2a: Cyclizar|spe|1\n|\n|-weather|SunnyDay|[upkeep]\n|upkeep\n|turn|21\n|\n|t:|1697475189\n|move|p2a: Cyclizar|Knock Off|p1a: Chi-Yu\n|-resisted|p1a: Chi-Yu\n|-damage|p1a: Chi-Yu|54\/100\n|-enditem|p1a: Chi-Yu|Choice Scarf|[from] move: Knock Off|[of] p2a: Cyclizar\n|move|p1a: Chi-Yu|Flamethrower|p2a: Cyclizar\n|-resisted|p2a: Cyclizar\n|-damage|p2a: Cyclizar|0 fnt\n|faint|p2a: Cyclizar\n|\n|-weather|SunnyDay|[upkeep]\n|upkeep\n|\n|t:|1697475191\n|switch|p2a: Sneasler|Sneasler, F|100\/100\n|turn|22\n|\n|t:|1697475194\n|move|p2a: Sneasler|Fake Out|p1a: Chi-Yu\n|-damage|p1a: Chi-Yu|32\/100\n|cant|p1a: Chi-Yu|flinch\n|\n|-weather|SunnyDay|[upkeep]\n|upkeep\n|turn|23\n|\n|t:|1697475197\n|move|p2a: Sneasler|Swords Dance|p2a: Sneasler\n|-boost|p2a: Sneasler|atk|2\n|move|p1a: Chi-Yu|Overheat|p2a: Sneasler\n|-enditem|p2a: Sneasler|Focus Sash\n|-damage|p2a: Sneasler|1\/100\n|-unboost|p1a: Chi-Yu|spa|2\n|\n|-weather|SunnyDay|[upkeep]\n|upkeep\n|turn|24\n|\n|t:|1697475205\n|move|p2a: Sneasler|Close Combat|p1a: Chi-Yu\n|-supereffective|p1a: Chi-Yu\n|-damage|p1a: Chi-Yu|0 fnt\n|-unboost|p2a: Sneasler|def|1\n|-unboost|p2a: Sneasler|spd|1\n|faint|p1a: Chi-Yu\n|\n|-weather|none\n|upkeep\n|\n|t:|1697475207\n|switch|p1a: Landorus|Landorus, M|100\/100\n|turn|25\n|c|\u2606XpokVEVO|Oops\n|c|\u2606XpokVEVO|I think you win\n|c|\u2606XpokVEVO|Re?\n|\n|t:|1697475229\n|move|p2a: Sneasler|Gunk Shot|p1a: Landorus\n|-resisted|p1a: Landorus\n|-damage|p1a: Landorus|20\/100\n|move|p1a: Landorus|U-turn|p2a: Sneasler\n|-resisted|p2a: Sneasler\n|-damage|p2a: Sneasler|0 fnt\n|faint|p2a: Sneasler\n|\n|win|mimolette7\n|c|\u2606mimolette7|sure\n|l|\u2606XpokVEVO\n|j|\u2606XpokVEVO\n|player|p2|XpokVEVO|marshal\n|l|\u2606XpokVEVO\n|player|p2|\n","uploadtime":1697475805,"views":22,"p1id":"mimolette7","p2id":"xpokvevo","formatid":"gen9ubers","rating":0,"private":0,"password":""}