{"id":"gen9ubers-1979025163","p1":"Bestmaindragonite","p2":"ttkilla","format":"[Gen 9] Ubers","log":"|j|\u2606Bestmaindragonite\n|j|\u2606ttkilla\n|t:|1698622637\n|gametype|singles\n|player|p1|Bestmaindragonite|lillie|\n|player|p2|ttkilla|cameraman|\n|teamsize|p1|6\n|teamsize|p2|6\n|gen|9\n|tier|[Gen 9] Ubers\n|rule|Sleep Clause Mod: Limit one foe put to sleep\n|rule|Species Clause: Limit one of each Pok\u00e9mon\n|rule|OHKO Clause: OHKO moves are banned\n|rule|Evasion Items Clause: Evasion items are banned\n|rule|Evasion Moves Clause: Evasion moves are banned\n|rule|Endless Battle Clause: Forcing endless battles is banned\n|rule|HP Percentage Mod: HP is shown in percentages\n|clearpoke\n|poke|p1|Pelipper, F|\n|poke|p1|Basculegion-F, F|\n|poke|p1|Overqwil, M|\n|poke|p1|Palkia-Origin|\n|poke|p1|Donphan, M|\n|poke|p1|Thundurus-Therian, M|\n|poke|p2|Mamoswine, F|\n|poke|p2|Dragapult, F|\n|poke|p2|Hoopa-Unbound|\n|poke|p2|Thundurus, M|\n|poke|p2|Chi-Yu|\n|poke|p2|Blissey, F|\n|teampreview\n|c|\u2606ttkilla|glhf\n|\n|t:|1698622660\n|start\n|switch|p1a: Pelipper|Pelipper, F|100\/100\n|switch|p2a: Dragapult|Dragapult, F|100\/100\n|-weather|RainDance|[from] ability: Drizzle|[of] p1a: Pelipper\n|turn|1\n|\n|t:|1698622669\n|switch|p1a: Thundurus|Thundurus-Therian, M|100\/100\n|move|p2a: Dragapult|U-turn|p1a: Thundurus\n|-resisted|p1a: Thundurus\n|-damage|p1a: Thundurus|83\/100\n|\n|t:|1698622678\n|switch|p2a: Mamoswine|Mamoswine, F|100\/100|[from] U-turn\n|\n|-weather|RainDance|[upkeep]\n|upkeep\n|turn|2\n|\n|t:|1698622681\n|move|p2a: Mamoswine|Ice Shard|p1a: Thundurus\n|-supereffective|p1a: Thundurus\n|-damage|p1a: Thundurus|17\/100\n|move|p1a: Thundurus|Weather Ball|p2a: Mamoswine\n|-supereffective|p2a: Mamoswine\n|-damage|p2a: Mamoswine|0 fnt\n|faint|p2a: Mamoswine\n|\n|-weather|RainDance|[upkeep]\n|upkeep\n|\n|t:|1698622692\n|switch|p2a: Dragapult|Dragapult, F|100\/100\n|turn|3\n|\n|t:|1698622697\n|move|p2a: Dragapult|Dragon Darts|p1a: Thundurus\n|-damage|p1a: Thundurus|0 fnt\n|faint|p1a: Thundurus\n|\n|-weather|RainDance|[upkeep]\n|upkeep\n|\n|t:|1698622708\n|switch|p1a: Basculegion|Basculegion-F, F|100\/100\n|turn|4\n|\n|t:|1698622718\n|switch|p2a: Blissey|Blissey, F|100\/100\n|move|p1a: Basculegion|Last Respects|p2a: Blissey\n|-immune|p2a: Blissey\n|\n|-weather|RainDance|[upkeep]\n|upkeep\n|turn|5\n|\n|t:|1698622726\n|-terastallize|p1a: Basculegion|Water\n|move|p1a: Basculegion|Flip Turn|p2a: Blissey\n|-damage|p2a: Blissey|44\/100\n|\n|t:|1698622732\n|switch|p1a: Overqwil|Overqwil, M|100\/100|[from] Flip Turn\n|move|p2a: Blissey|Thunder Wave|p1a: Overqwil|[miss]\n|-miss|p2a: Blissey|p1a: Overqwil\n|\n|-weather|RainDance|[upkeep]\n|upkeep\n|turn|6\n|\n|t:|1698622747\n|switch|p2a: Hoopa|Hoopa-Unbound|100\/100\n|move|p1a: Overqwil|Crunch|p2a: Hoopa\n|-damage|p2a: Hoopa|0 fnt\n|faint|p2a: Hoopa\n|\n|-weather|RainDance|[upkeep]\n|upkeep\n|\n|t:|1698622750\n|switch|p2a: Thundurus|Thundurus, M|100\/100\n|turn|7\n|\n|t:|1698622754\n|move|p2a: Thundurus|Thunder Wave|p1a: Overqwil\n|-hint|Since gen 7, Dark is immune to Prankster moves.\n|-immune|p1a: Overqwil\n|move|p1a: Overqwil|Crunch|p2a: Thundurus\n|-damage|p2a: Thundurus|17\/100\n|-unboost|p2a: Thundurus|def|1\n|\n|-weather|RainDance|[upkeep]\n|upkeep\n|turn|8\n|\n|t:|1698622758\n|move|p1a: Overqwil|Crunch|p2a: Thundurus\n|-damage|p2a: Thundurus|0 fnt\n|faint|p2a: Thundurus\n|\n|-weather|none\n|upkeep\n|\n|t:|1698622776\n|switch|p2a: Chi-Yu|Chi-Yu|100\/100\n|-ability|p2a: Chi-Yu|Beads of Ruin\n|turn|9\n|\n|t:|1698622783\n|switch|p1a: Pelipper|Pelipper, F|100\/100\n|-weather|RainDance|[from] ability: Drizzle|[of] p1a: Pelipper\n|move|p2a: Chi-Yu|Nasty Plot|p2a: Chi-Yu\n|-boost|p2a: Chi-Yu|spa|2\n|\n|-weather|RainDance|[upkeep]\n|upkeep\n|turn|10\n|\n|t:|1698622788\n|move|p2a: Chi-Yu|Dark Pulse|p1a: Pelipper\n|-crit|p1a: Pelipper\n|-damage|p1a: Pelipper|0 fnt\n|faint|p1a: Pelipper\n|\n|-weather|RainDance|[upkeep]\n|upkeep\n|\n|t:|1698622795\n|switch|p1a: Basculegion|Basculegion-F, F, tera:Water|100\/100\n|turn|11\n|\n|t:|1698622799\n|-terastallize|p2a: Chi-Yu|Grass\n|move|p1a: Basculegion|Flip Turn|p2a: Chi-Yu\n|-resisted|p2a: Chi-Yu\n|-damage|p2a: Chi-Yu|59\/100\n|\n|t:|1698622806\n|switch|p1a: Overqwil|Overqwil, M|100\/100|[from] Flip Turn\n|move|p2a: Chi-Yu|Dark Pulse|p1a: Overqwil\n|-resisted|p1a: Overqwil\n|-damage|p1a: Overqwil|9\/100\n|\n|-weather|RainDance|[upkeep]\n|upkeep\n|turn|12\n|\n|t:|1698622814\n|move|p1a: Overqwil|Crunch|p2a: Chi-Yu\n|-damage|p2a: Chi-Yu|0 fnt\n|faint|p2a: Chi-Yu\n|\n|-weather|RainDance|[upkeep]\n|upkeep\n|\n|t:|1698622816\n|switch|p2a: Dragapult|Dragapult, F|100\/100\n|turn|13\n|\n|t:|1698622821\n|move|p2a: Dragapult|U-turn|p1a: Overqwil\n|-damage|p1a: Overqwil|0 fnt\n|faint|p1a: Overqwil\n|\n|t:|1698622822\n|switch|p2a: Blissey|Blissey, F|44\/100|[from] U-turn\n|\n|-weather|RainDance|[upkeep]\n|upkeep\n|\n|t:|1698622832\n|switch|p1a: Basculegion|Basculegion-F, F, tera:Water|100\/100\n|turn|14\n|\n|t:|1698622839\n|move|p1a: Basculegion|Flip Turn|p2a: Blissey\n|-damage|p2a: Blissey|0 fnt\n|faint|p2a: Blissey\n|\n|t:|1698622845\n|switch|p1a: Donphan|Donphan, M|100\/100|[from] Flip Turn\n|\n|-weather|RainDance|[upkeep]\n|upkeep\n|\n|t:|1698622846\n|switch|p2a: Dragapult|Dragapult, F|100\/100\n|turn|15\n|\n|t:|1698622854\n|move|p2a: Dragapult|Dragon Darts|p1a: Donphan\n|-damage|p1a: Donphan|81\/100\n|-anim|p2a: Dragapult|Dragon Darts|p1a: Donphan\n|-damage|p1a: Donphan|62\/100\n|move|p1a: Donphan|Knock Off|p2a: Dragapult\n|-supereffective|p2a: Dragapult\n|-damage|p2a: Dragapult|15\/100\n|-enditem|p2a: Dragapult|Choice Scarf|[from] move: Knock Off|[of] p1a: Donphan\n|\n|-weather|RainDance|[upkeep]\n|upkeep\n|turn|16\n|c|\u2606ttkilla|gg wp\n|\n|t:|1698622861\n|move|p2a: Dragapult|Dragon Darts|p1a: Donphan\n|-damage|p1a: Donphan|42\/100\n|-anim|p2a: Dragapult|Dragon Darts|p1a: Donphan\n|-damage|p1a: Donphan|22\/100\n|move|p1a: Donphan|Earthquake|p2a: Dragapult\n|-damage|p2a: Dragapult|0 fnt\n|faint|p2a: Dragapult\n|\n|win|Bestmaindragonite\n|l|\u2606ttkilla\n|c|\u2606Bestmaindragonite|gg\n","uploadtime":1698622872,"views":13,"p1id":"bestmaindragonite","p2id":"ttkilla","formatid":"gen9ubers","rating":0,"private":0,"password":""}