{"id":"gen9ubers-1970605058","p1":"selever90","p2":"MeteorAsh15","format":"[Gen 9] Ubers","log":"|j|\u2606selever90\n|j|\u2606MeteorAsh15\n|t:|1697651831\n|gametype|singles\n|player|p1|selever90|red|1050\n|player|p2|MeteorAsh15|nate|1152\n|teamsize|p1|6\n|teamsize|p2|6\n|gen|9\n|tier|[Gen 9] Ubers\n|rated|\n|rule|Sleep Clause Mod: Limit one foe put to sleep\n|rule|Species Clause: Limit one of each Pok\u00e9mon\n|rule|OHKO Clause: OHKO moves are banned\n|rule|Evasion Items Clause: Evasion items are banned\n|rule|Evasion Moves Clause: Evasion moves are banned\n|rule|Endless Battle Clause: Forcing endless battles is banned\n|rule|HP Percentage Mod: HP is shown in percentages\n|clearpoke\n|poke|p1|Enamorus, F|\n|poke|p1|Dragonite, F|\n|poke|p1|Empoleon, F|\n|poke|p1|Landorus-Therian, M|\n|poke|p1|Rillaboom, F|\n|poke|p1|Toxapex, F|\n|poke|p2|Baxcalibur, F|\n|poke|p2|Ninetales-Alola, F|\n|poke|p2|Kyogre|\n|poke|p2|Koraidon|\n|poke|p2|Zacian-*|\n|poke|p2|Tornadus, M|\n|teampreview\n|inactive|Battle timer is ON: inactive players will automatically lose when time's up. (requested by MeteorAsh15)\n|\n|t:|1697651868\n|start\n|switch|p1a: Landorus|Landorus-Therian, M|100\/100\n|switch|p2a: Kyogre|Kyogre|100\/100\n|-weather|RainDance|[from] ability: Drizzle|[of] p2a: Kyogre\n|-ability|p1a: Landorus|Intimidate|boost\n|-unboost|p2a: Kyogre|atk|1\n|turn|1\n|\n|t:|1697651887\n|switch|p1a: Toxapex|Toxapex, F|100\/100\n|move|p2a: Kyogre|Water Spout|p1a: Toxapex\n|-resisted|p1a: Toxapex\n|-damage|p1a: Toxapex|43\/100\n|-enditem|p1a: Toxapex|Sitrus Berry|[eat]\n|-heal|p1a: Toxapex|68\/100|[from] item: Sitrus Berry\n|\n|-weather|RainDance|[upkeep]\n|upkeep\n|turn|2\n|\n|t:|1697651902\n|move|p2a: Kyogre|Water Spout|p1a: Toxapex\n|-resisted|p1a: Toxapex\n|-damage|p1a: Toxapex|10\/100\n|move|p1a: Toxapex|Toxic|p2a: Kyogre\n|-status|p2a: Kyogre|tox\n|\n|-weather|RainDance|[upkeep]\n|-damage|p2a: Kyogre|94\/100 tox|[from] psn\n|upkeep\n|turn|3\n|\n|t:|1697651916\n|switch|p1a: Rillaboom|Rillaboom, F|100\/100\n|-fieldstart|move: Grassy Terrain|[from] ability: Grassy Surge|[of] p1a: Rillaboom\n|move|p2a: Kyogre|Water Spout|p1a: Rillaboom\n|-resisted|p1a: Rillaboom\n|-damage|p1a: Rillaboom|9\/100\n|\n|-weather|RainDance|[upkeep]\n|-heal|p2a: Kyogre|100\/100 tox|[from] Grassy Terrain\n|-heal|p1a: Rillaboom|15\/100|[from] Grassy Terrain\n|-damage|p2a: Kyogre|88\/100 tox|[from] psn\n|upkeep\n|turn|4\n|\n|t:|1697651932\n|switch|p2a: Zacian|Zacian-Crowned, shiny|100\/100\n|-ability|p2a: Zacian|Intrepid Sword|boost\n|-boost|p2a: Zacian|atk|1\n|move|p1a: Rillaboom|Fake Out|p2a: Zacian\n|-resisted|p2a: Zacian\n|-damage|p2a: Zacian|93\/100\n|-damage|p1a: Rillaboom|5\/100|[from] item: Life Orb\n|\n|-weather|RainDance|[upkeep]\n|-heal|p2a: Zacian|99\/100|[from] Grassy Terrain\n|-heal|p1a: Rillaboom|11\/100|[from] Grassy Terrain\n|upkeep\n|turn|5\n|\n|t:|1697651952\n|move|p2a: Zacian|Sacred Sword|p1a: Rillaboom\n|-damage|p1a: Rillaboom|0 fnt\n|faint|p1a: Rillaboom\n|\n|-weather|none\n|-heal|p2a: Zacian|100\/100|[from] Grassy Terrain\n|upkeep\n|inactive|selever90 has 120 seconds left.\n|\n|t:|1697651964\n|switch|p1a: Enamorus|Enamorus, F|100\/100\n|turn|6\n|\n|t:|1697651970\n|move|p2a: Zacian|Behemoth Blade|p1a: Enamorus\n|-supereffective|p1a: Enamorus\n|-damage|p1a: Enamorus|0 fnt\n|faint|p1a: Enamorus\n|\n|upkeep\n|-message|selever90 forfeited.\n|\n|win|MeteorAsh15\n|raw|selever90's rating: 1050 &rarr; <strong>1037<\/strong><br \/>(-13 for losing)\n|raw|MeteorAsh15's rating: 1152 &rarr; <strong>1170<\/strong><br \/>(+18 for winning)\n|l|\u2606selever90\n","uploadtime":1697651991,"views":8,"p1id":"selever90","p2id":"meteorash15","formatid":"gen9ubers","rating":1037,"private":0,"password":""}