{"id":"gen9ubers-1997234626","p1":"Skyiewxz","p2":"Wssi","format":"[Gen 9] Ubers","log":"|j|\u2606Skyiewxz\n|j|\u2606Wssi\n|t:|1700778620\n|gametype|singles\n|player|p1|Skyiewxz|dawn|1585\n|player|p2|Wssi|backpacker|1647\n|teamsize|p1|6\n|teamsize|p2|6\n|gen|9\n|tier|[Gen 9] Ubers\n|rated|\n|rule|Sleep Clause Mod: Limit one foe put to sleep\n|rule|Species Clause: Limit one of each Pok\u00e9mon\n|rule|OHKO Clause: OHKO moves are banned\n|rule|Evasion Items Clause: Evasion items are banned\n|rule|Evasion Moves Clause: Evasion moves are banned\n|rule|Endless Battle Clause: Forcing endless battles is banned\n|rule|HP Percentage Mod: HP is shown in percentages\n|clearpoke\n|poke|p1|Grimmsnarl, M|\n|poke|p1|Koraidon|\n|poke|p1|Arceus|\n|poke|p1|Miraidon|\n|poke|p1|Zacian-*|\n|poke|p1|Calyrex-Ice|\n|poke|p2|Zacian-*|\n|poke|p2|Koraidon|\n|poke|p2|Glimmora, F|\n|poke|p2|Arceus|\n|poke|p2|Groudon|\n|poke|p2|Miraidon|\n|teampreview\n|inactive|Battle timer is ON: inactive players will automatically lose when time's up. (requested by Wssi)\n|c|\u2606Wssi|O mito\n|c|\u2606Wssi|Estou em uma sequ\u00eancia de 500 derrotas\n|c|\u2606Wssi|Segura\n|inactive|Skyiewxz has 120 seconds left.\n|c|\u2606Skyiewxz|rlx\n|c|\u2606Skyiewxz|eu salvo sua sequencia\n|\n|t:|1700778671\n|start\n|switch|p1a: Grimmsnarl|Grimmsnarl, M|100\/100\n|switch|p2a: Glimmora|Glimmora, F|100\/100\n|turn|1\n|c|\u2606Wssi|Perdi pra uns dez caras elo 1300\n|inactive|Wssi has 120 seconds left.\n|\n|t:|1700778703\n|move|p1a: Grimmsnarl|Taunt|p2a: Glimmora\n|-start|p2a: Glimmora|move: Taunt\n|move|p2a: Glimmora|Sludge Wave|p1a: Grimmsnarl\n|-supereffective|p1a: Grimmsnarl\n|-damage|p1a: Grimmsnarl|32\/100\n|\n|upkeep\n|turn|2\n|\n|t:|1700778711\n|move|p1a: Grimmsnarl|Light Screen|p1a: Grimmsnarl\n|-sidestart|p1: Skyiewxz|move: Light Screen\n|move|p2a: Glimmora|Sludge Wave|p1a: Grimmsnarl\n|-supereffective|p1a: Grimmsnarl\n|-damage|p1a: Grimmsnarl|0 fnt\n|faint|p1a: Grimmsnarl\n|\n|upkeep\n|\n|t:|1700778717\n|switch|p1a: Koraidon|Koraidon|100\/100\n|-weather|SunnyDay|[from] ability: Orichalcum Pulse|[of] p1a: Koraidon\n|-activate|p1a: Koraidon|Orichalcum Pulse|[source]\n|turn|3\n|\n|t:|1700778726\n|switch|p2a: Zacian|Zacian-Crowned|100\/100\n|-ability|p2a: Zacian|Intrepid Sword|boost\n|-boost|p2a: Zacian|atk|1\n|move|p1a: Koraidon|Swords Dance|p1a: Koraidon\n|-boost|p1a: Koraidon|atk|2\n|\n|-weather|SunnyDay|[upkeep]\n|upkeep\n|turn|4\n|c|\u2606Skyiewxz|perdi\n|inactive|Wssi has 120 seconds left.\n|\n|t:|1700778764\n|-terastallize|p2a: Zacian|Ground\n|-terastallize|p1a: Koraidon|Fire\n|move|p2a: Zacian|Tera Blast|p1a: Koraidon|[anim] Tera Blast Ground\n|-supereffective|p1a: Koraidon\n|-damage|p1a: Koraidon|0 fnt\n|faint|p1a: Koraidon\n|\n|-weather|SunnyDay|[upkeep]\n|upkeep\n|c|\u2606Wssi|Essa \u00e9 a laude\n|c|\u2606Wssi|Ent\u00e3o ixquece\n|inactive|Skyiewxz has 120 seconds left.\n|\n|t:|1700778814\n|switch|p1a: Arceus|Arceus|100\/100\n|turn|5\n|c|\u2606Wssi|Mas era \u00d3BVIO que ia vir terastal fire e buff speed\n|inactive|Wssi has 120 seconds left.\n|c|\u2606Wssi|Era \u00f3bvio Lj\n|\n|t:|1700778832\n|switch|p2a: Groudon|Groudon|100\/100\n|move|p1a: Arceus|Swords Dance|p1a: Arceus\n|-boost|p1a: Arceus|atk|2\n|\n|-weather|SunnyDay|[upkeep]\n|upkeep\n|turn|6\n|\n|t:|1700778837\n|move|p1a: Arceus|Taunt|p2a: Groudon\n|-start|p2a: Groudon|move: Taunt\n|cant|p2a: Groudon|move: Taunt|Will-O-Wisp\n|\n|-weather|SunnyDay|[upkeep]\n|upkeep\n|turn|7\n|\n|t:|1700778841\n|move|p1a: Arceus|Extreme Speed|p2a: Groudon\n|-damage|p2a: Groudon|53\/100\n|move|p2a: Groudon|Earthquake|p1a: Arceus\n|-damage|p1a: Arceus|67\/100\n|\n|-weather|none\n|-heal|p2a: Groudon|59\/100|[from] item: Leftovers\n|upkeep\n|turn|8\n|\n|t:|1700778845\n|move|p1a: Arceus|Swords Dance|p1a: Arceus\n|-boost|p1a: Arceus|atk|2\n|move|p2a: Groudon|Earthquake|p1a: Arceus\n|-damage|p1a: Arceus|33\/100\n|\n|-heal|p2a: Groudon|65\/100|[from] item: Leftovers\n|-end|p2a: Groudon|move: Taunt\n|upkeep\n|turn|9\n|\n|t:|1700778855\n|move|p1a: Arceus|Extreme Speed|p2a: Groudon\n|-damage|p2a: Groudon|0 fnt\n|faint|p2a: Groudon\n|\n|-sideend|p1: Skyiewxz|move: Light Screen\n|upkeep\n|\n|t:|1700778861\n|switch|p2a: Glimmora|Glimmora, F|100\/100\n|turn|10\n|\n|t:|1700778869\n|move|p1a: Arceus|Extreme Speed|p2a: Glimmora\n|-resisted|p2a: Glimmora\n|-damage|p2a: Glimmora|8\/100\n|-activate|p2a: Glimmora|ability: Toxic Debris\n|-sidestart|p1: Skyiewxz|move: Toxic Spikes\n|move|p2a: Glimmora|Sludge Wave|p1a: Arceus\n|-damage|p1a: Arceus|0 fnt\n|faint|p1a: Arceus\n|\n|upkeep\n|c|\u2606Wssi|Perdi ainda kkkkkkkk\n|c|\u2606Skyiewxz|commmmmo\n|c|\u2606Wssi|Ix\n|inactive|Skyiewxz has 120 seconds left.\n|c|\u2606Wssi|Segredo\n|c|\u2606Skyiewxz|dependdia de roll\n|c|\u2606Skyiewxz|esse extreme speed\n|c|\u2606Skyiewxz|se fosse era gg\n|c|\u2606Wssi|Era sash\n|\n|t:|1700778922\n|switch|p1a: Miraidon|Miraidon|100\/100\n|-status|p1a: Miraidon|psn\n|-fieldstart|move: Electric Terrain|[from] ability: Hadron Engine|[of] p1a: Miraidon\n|turn|11\n|c|\u2606Wssi|KKKKKKKKKKKKKKKKKKKK\n|\n|t:|1700778948\n|move|p1a: Miraidon|Agility|p1a: Miraidon\n|-boost|p1a: Miraidon|spe|2\n|move|p2a: Glimmora|Earth Power|p1a: Miraidon\n|-supereffective|p1a: Miraidon\n|-damage|p1a: Miraidon|54\/100 psn\n|-enditem|p1a: Miraidon|Weakness Policy\n|-boost|p1a: Miraidon|atk|2|[from] item: Weakness Policy\n|-boost|p1a: Miraidon|spa|2|[from] item: Weakness Policy\n|\n|-damage|p1a: Miraidon|41\/100 psn|[from] psn\n|upkeep\n|turn|12\n|c|\u2606Skyiewxz|pobre homem\n|\n|t:|1700778955\n|move|p1a: Miraidon|Dragon Pulse|p2a: Glimmora\n|-damage|p2a: Glimmora|0 fnt\n|faint|p2a: Glimmora\n|\n|-damage|p1a: Miraidon|29\/100 psn|[from] psn\n|upkeep\n|\n|t:|1700778961\n|switch|p2a: Arceus|Arceus|100\/100\n|turn|13\n|c|\u2606Wssi|Perdi pro ter\u00e1 ghost miraidon\n|inactive|Skyiewxz has 120 seconds left.\n|c|\u2606Skyiewxz|perdeu\n|\n|t:|1700778985\n|switch|p1a: Zacian|Zacian-Crowned|100\/100\n|-ability|p1a: Zacian|Intrepid Sword|boost\n|-boost|p1a: Zacian|atk|1\n|move|p2a: Arceus|Extreme Speed|p1a: Zacian\n|-resisted|p1a: Zacian\n|-damage|p1a: Zacian|79\/100\n|\n|upkeep\n|turn|14\n|\n|t:|1700779002\n|move|p1a: Zacian|Behemoth Blade|p2a: Arceus\n|-damage|p2a: Arceus|39\/100\n|move|p2a: Arceus|Swords Dance|p2a: Arceus\n|-boost|p2a: Arceus|atk|2\n|\n|upkeep\n|turn|15\n|\n|t:|1700779009\n|move|p2a: Arceus|Extreme Speed|p1a: Zacian\n|-resisted|p1a: Zacian\n|-damage|p1a: Zacian|40\/100\n|move|p1a: Zacian|Behemoth Blade|p2a: Arceus\n|-damage|p2a: Arceus|0 fnt\n|faint|p2a: Arceus\n|\n|-fieldend|move: Electric Terrain\n|upkeep\n|\n|t:|1700779012\n|switch|p2a: Koraidon|Koraidon|100\/100\n|-weather|SunnyDay|[from] ability: Orichalcum Pulse|[of] p2a: Koraidon\n|-activate|p2a: Koraidon|Orichalcum Pulse|[source]\n|turn|16\n|\n|t:|1700779015\n|move|p2a: Koraidon|Flare Blitz|p1a: Zacian\n|-supereffective|p1a: Zacian\n|-damage|p1a: Zacian|0 fnt\n|faint|p1a: Zacian\n|-damage|p2a: Koraidon|88\/100|[from] Recoil\n|\n|-weather|SunnyDay|[upkeep]\n|upkeep\n|c|\u2606Skyiewxz|gg\n|\n|t:|1700779022\n|switch|p1a: Miraidon|Miraidon|29\/100 psn\n|-fieldstart|move: Electric Terrain|[from] ability: Hadron Engine|[of] p1a: Miraidon\n|turn|17\n|\n|t:|1700779027\n|move|p2a: Koraidon|Flare Blitz|p1a: Miraidon\n|-resisted|p1a: Miraidon\n|-damage|p1a: Miraidon|0 fnt\n|faint|p1a: Miraidon\n|-damage|p2a: Koraidon|77\/100|[from] Recoil\n|\n|-weather|SunnyDay|[upkeep]\n|upkeep\n|\n|t:|1700779030\n|switch|p1a: Calyrex|Calyrex-Ice|100\/100\n|-ability|p1a: Calyrex|As One\n|-ability|p1a: Calyrex|Unnerve\n|turn|18\n|c|\u2606Wssi|Perdi\n|\n|t:|1700779039\n|move|p2a: Koraidon|Flare Blitz|p1a: Calyrex\n|-supereffective|p1a: Calyrex\n|-damage|p1a: Calyrex|0 fnt\n|faint|p1a: Calyrex\n|-damage|p2a: Koraidon|38\/100|[from] Recoil\n|\n|win|Wssi\n|raw|Skyiewxz's rating: 1600 &rarr; <strong>1583<\/strong><br \/>(-17 for losing)\n|raw|Wssi's rating: 1647 &rarr; <strong>1664<\/strong><br \/>(+17 for winning)\n|c|\u2606Wssi|Nem tankou\n","uploadtime":1700779054,"views":14,"p1id":"skyiewxz","p2id":"wssi","formatid":"gen9ubers","rating":1583,"private":0,"password":""}