{"id":"gen9ubers-1981502334","p1":"leonissenbaum","p2":"lolgz","format":"[Gen 9] Ubers","log":"|j|\u2606leonissenbaum\n|j|\u2606lolgz\n|t:|1698907877\n|gametype|singles\n|player|p1|leonissenbaum|leon|\n|player|p2|lolgz|265|\n|teamsize|p1|6\n|teamsize|p2|6\n|gen|9\n|tier|[Gen 9] Ubers\n|rule|Sleep Clause Mod: Limit one foe put to sleep\n|rule|Species Clause: Limit one of each Pok\u00e9mon\n|rule|OHKO Clause: OHKO moves are banned\n|rule|Evasion Items Clause: Evasion items are banned\n|rule|Evasion Moves Clause: Evasion moves are banned\n|rule|Endless Battle Clause: Forcing endless battles is banned\n|rule|HP Percentage Mod: HP is shown in percentages\n|clearpoke\n|poke|p1|Crocalor, F|\n|poke|p1|Amoonguss, M|\n|poke|p1|Blissey, F|\n|poke|p1|Toedscruel, M|\n|poke|p1|Clefable, F|\n|poke|p1|Mew|\n|poke|p2|Magearna|\n|poke|p2|Zacian-*|\n|poke|p2|Cyclizar, F|\n|poke|p2|Palafin, F|\n|poke|p2|Garchomp, M|\n|poke|p2|Shaymin-Sky|\n|teampreview\n|inactive|Battle timer is ON: inactive players will automatically lose when time's up. (requested by lolgz)\n|\n|t:|1698907904\n|start\n|switch|p1a: Toedscruel|Toedscruel, M|100\/100\n|switch|p2a: Cyclizar|Cyclizar, F|100\/100\n|turn|1\n|\n|t:|1698907910\n|move|p2a: Cyclizar|Shed Tail|p2a: Cyclizar\n|-start|p2a: Cyclizar|Substitute|[from] move: Shed Tail\n|-damage|p2a: Cyclizar|50\/100\n|\n|t:|1698907916\n|switch|p2a: Shaymin|Shaymin-Sky|100\/100|[from] Shed Tail\n|move|p1a: Toedscruel|Toxic Spikes|p2a: Shaymin\n|-sidestart|p2: lolgz|move: Toxic Spikes\n|\n|upkeep\n|turn|2\n|\n|t:|1698907922\n|move|p2a: Shaymin|Air Slash|p1a: Toedscruel\n|-supereffective|p1a: Toedscruel\n|-damage|p1a: Toedscruel|57\/100\n|cant|p1a: Toedscruel|flinch\n|\n|-heal|p1a: Toedscruel|63\/100|[from] item: Leftovers\n|upkeep\n|turn|3\n|\n|t:|1698907928\n|switch|p1a: Blissey|Blissey, F|100\/100\n|move|p2a: Shaymin|Air Slash|p1a: Blissey\n|-damage|p1a: Blissey|89\/100\n|\n|upkeep\n|turn|4\n|\n|t:|1698907932\n|-terastallize|p2a: Shaymin|Steel\n|move|p2a: Shaymin|Leech Seed|p1a: Blissey\n|-start|p1a: Blissey|move: Leech Seed\n|move|p1a: Blissey|Seismic Toss|p2a: Shaymin\n|-end|p2a: Shaymin|Substitute\n|\n|-damage|p1a: Blissey|77\/100|[from] Leech Seed|[of] p2a: Shaymin\n|upkeep\n|turn|5\n|\n|t:|1698907939\n|move|p2a: Shaymin|Seed Flare|p1a: Blissey\n|-damage|p1a: Blissey|58\/100\n|move|p1a: Blissey|Seismic Toss|p2a: Shaymin\n|-damage|p2a: Shaymin|71\/100\n|\n|-heal|p2a: Shaymin|77\/100|[from] item: Leftovers\n|-damage|p1a: Blissey|46\/100|[from] Leech Seed|[of] p2a: Shaymin\n|-heal|p2a: Shaymin|100\/100|[silent]\n|upkeep\n|turn|6\n|\n|t:|1698907945\n|move|p2a: Shaymin|Seed Flare|p1a: Blissey\n|-damage|p1a: Blissey|27\/100\n|move|p1a: Blissey|Soft-Boiled|p1a: Blissey\n|-heal|p1a: Blissey|77\/100\n|\n|-damage|p1a: Blissey|65\/100|[from] Leech Seed|[of] p2a: Shaymin\n|upkeep\n|turn|7\n|\n|t:|1698907951\n|switch|p1a: Amoonguss|Amoonguss, M|100\/100\n|move|p2a: Shaymin|Seed Flare|p1a: Amoonguss\n|-resisted|p1a: Amoonguss\n|-damage|p1a: Amoonguss|87\/100\n|-unboost|p1a: Amoonguss|spd|2\n|\n|upkeep\n|turn|8\n|\n|t:|1698907954\n|switch|p1a: Blissey|Blissey, F|65\/100\n|move|p2a: Shaymin|Air Slash|p1a: Blissey\n|-damage|p1a: Blissey|54\/100\n|\n|upkeep\n|turn|9\n|\n|t:|1698907963\n|switch|p1a: Amoonguss|Amoonguss, M|100\/100\n|move|p2a: Shaymin|Seed Flare|p1a: Amoonguss\n|-resisted|p1a: Amoonguss\n|-damage|p1a: Amoonguss|87\/100\n|-unboost|p1a: Amoonguss|spd|2\n|\n|upkeep\n|turn|10\n|\n|t:|1698907966\n|switch|p1a: Blissey|Blissey, F|54\/100\n|move|p2a: Shaymin|Air Slash|p1a: Blissey\n|-damage|p1a: Blissey|41\/100\n|\n|upkeep\n|turn|11\n|\n|t:|1698907970\n|move|p2a: Shaymin|Air Slash|p1a: Blissey\n|-damage|p1a: Blissey|29\/100\n|move|p1a: Blissey|Soft-Boiled|p1a: Blissey\n|-heal|p1a: Blissey|79\/100\n|\n|upkeep\n|turn|12\n|\n|t:|1698907975\n|switch|p2a: Cyclizar|Cyclizar, F|84\/100\n|-status|p2a: Cyclizar|psn\n|move|p1a: Blissey|Seismic Toss|p2a: Cyclizar\n|-damage|p2a: Cyclizar|55\/100 psn\n|\n|-damage|p2a: Cyclizar|42\/100 psn|[from] psn\n|upkeep\n|turn|13\n|\n|t:|1698907991\n|move|p2a: Cyclizar|Rapid Spin|p1a: Blissey\n|-damage|p1a: Blissey|64\/100\n|-boost|p2a: Cyclizar|spe|1\n|-sideend|p2: lolgz|Toxic Spikes|[from] move: Rapid Spin|[of] p2a: Cyclizar\n|move|p1a: Blissey|Seismic Toss|p2a: Cyclizar\n|-damage|p2a: Cyclizar|13\/100 psn\n|\n|-damage|p2a: Cyclizar|0 fnt|[from] psn\n|faint|p2a: Cyclizar\n|upkeep\n|\n|t:|1698908001\n|switch|p2a: Palafin|Palafin, F|100\/100\n|turn|14\n|\n|t:|1698908004\n|detailschange|p2a: Palafin|Palafin-Hero, F\n|switch|p2a: Magearna|Magearna|100\/100\n|switch|p1a: Amoonguss|Amoonguss, M|100\/100\n|\n|upkeep\n|turn|15\n|inactive|lolgz has 270 seconds left.\n|\n|t:|1698908061\n|move|p2a: Magearna|Shift Gear|p2a: Magearna\n|-boost|p2a: Magearna|spe|2\n|-boost|p2a: Magearna|atk|1\n|move|p1a: Amoonguss|Spore|p2a: Magearna\n|-status|p2a: Magearna|slp|[from] move: Spore\n|\n|upkeep\n|turn|16\n|\n|t:|1698908073\n|switch|p1a: Toedscruel|Toedscruel, M|63\/100\n|cant|p2a: Magearna|slp\n|\n|-heal|p1a: Toedscruel|69\/100|[from] item: Leftovers\n|upkeep\n|turn|17\n|\n|t:|1698908077\n|cant|p2a: Magearna|slp\n|move|p1a: Toedscruel|Toxic Spikes|p2a: Magearna\n|-sidestart|p2: lolgz|move: Toxic Spikes\n|\n|-heal|p1a: Toedscruel|75\/100|[from] item: Leftovers\n|upkeep\n|turn|18\n|\n|t:|1698908080\n|cant|p2a: Magearna|slp\n|move|p1a: Toedscruel|Toxic Spikes|p2a: Magearna\n|-sidestart|p2: lolgz|move: Toxic Spikes\n|\n|-heal|p1a: Toedscruel|81\/100|[from] item: Leftovers\n|upkeep\n|turn|19\n|\n|t:|1698908082\n|-curestatus|p2a: Magearna|slp|[msg]\n|move|p2a: Magearna|Calm Mind|p2a: Magearna\n|-boost|p2a: Magearna|spa|1\n|-boost|p2a: Magearna|spd|1\n|move|p1a: Toedscruel|Leech Seed|p2a: Magearna\n|-start|p2a: Magearna|move: Leech Seed\n|\n|-heal|p1a: Toedscruel|87\/100|[from] item: Leftovers\n|-damage|p2a: Magearna|88\/100|[from] Leech Seed|[of] p1a: Toedscruel\n|-heal|p1a: Toedscruel|99\/100|[silent]\n|upkeep\n|turn|20\n|\n|t:|1698908094\n|move|p2a: Magearna|Calm Mind|p2a: Magearna\n|-boost|p2a: Magearna|spa|1\n|-boost|p2a: Magearna|spd|1\n|move|p1a: Toedscruel|Knock Off|p2a: Magearna\n|-resisted|p2a: Magearna\n|-damage|p2a: Magearna|83\/100\n|-enditem|p2a: Magearna|Leftovers|[from] move: Knock Off|[of] p1a: Toedscruel\n|\n|-heal|p1a: Toedscruel|100\/100|[from] item: Leftovers\n|-damage|p2a: Magearna|71\/100|[from] Leech Seed|[of] p1a: Toedscruel\n|upkeep\n|turn|21\n|\n|t:|1698908103\n|switch|p1a: Clefable|Clefable, F|100\/100\n|move|p2a: Magearna|Shift Gear|p2a: Magearna\n|-boost|p2a: Magearna|spe|2\n|-boost|p2a: Magearna|atk|1\n|\n|-damage|p2a: Magearna|59\/100|[from] Leech Seed|[of] p1a: Clefable\n|upkeep\n|turn|22\n|\n|t:|1698908106\n|move|p2a: Magearna|Stored Power|p1a: Clefable\n|-damage|p1a: Clefable|61\/100\n|move|p1a: Clefable|Calm Mind|p1a: Clefable\n|-boost|p1a: Clefable|spa|1\n|-boost|p1a: Clefable|spd|1\n|\n|-heal|p1a: Clefable|68\/100|[from] item: Leftovers\n|-damage|p2a: Magearna|46\/100|[from] Leech Seed|[of] p1a: Clefable\n|-heal|p1a: Clefable|79\/100|[silent]\n|upkeep\n|turn|23\n|\n|t:|1698908110\n|move|p2a: Magearna|Stored Power|p1a: Clefable\n|-damage|p1a: Clefable|51\/100\n|move|p1a: Clefable|Calm Mind|p1a: Clefable\n|-boost|p1a: Clefable|spa|1\n|-boost|p1a: Clefable|spd|1\n|\n|-heal|p1a: Clefable|57\/100|[from] item: Leftovers\n|-damage|p2a: Magearna|34\/100|[from] Leech Seed|[of] p1a: Clefable\n|-heal|p1a: Clefable|68\/100|[silent]\n|upkeep\n|turn|24\n|\n|t:|1698908116\n|move|p2a: Magearna|Stored Power|p1a: Clefable\n|-crit|p1a: Clefable\n|-damage|p1a: Clefable|8\/100\n|move|p1a: Clefable|Wish|p1a: Clefable\n|\n|-heal|p1a: Clefable|14\/100|[from] item: Leftovers\n|-damage|p2a: Magearna|21\/100|[from] Leech Seed|[of] p1a: Clefable\n|-heal|p1a: Clefable|26\/100|[silent]\n|upkeep\n|turn|25\n|\n|t:|1698908120\n|move|p1a: Clefable|Protect|p1a: Clefable\n|-singleturn|p1a: Clefable|Protect\n|move|p2a: Magearna|Stored Power|p1a: Clefable\n|-activate|p1a: Clefable|move: Protect\n|\n|-heal|p1a: Clefable|76\/100|[from] move: Wish|[wisher] Clefable\n|-heal|p1a: Clefable|82\/100|[from] item: Leftovers\n|-damage|p2a: Magearna|9\/100|[from] Leech Seed|[of] p1a: Clefable\n|-heal|p1a: Clefable|93\/100|[silent]\n|upkeep\n|turn|26\n|\n|t:|1698908125\n|move|p2a: Magearna|Stored Power|p1a: Clefable\n|-damage|p1a: Clefable|71\/100\n|move|p1a: Clefable|Wish|p1a: Clefable\n|\n|-heal|p1a: Clefable|77\/100|[from] item: Leftovers\n|-damage|p2a: Magearna|0 fnt|[from] Leech Seed|[of] p1a: Clefable\n|-heal|p1a: Clefable|85\/100|[silent]\n|faint|p2a: Magearna\n|upkeep\n|\n|t:|1698908133\n|switch|p2a: Shaymin|Shaymin-Sky, tera:Steel|100\/100\n|turn|27\n|\n|t:|1698908148\n|move|p2a: Shaymin|Seed Flare|p1a: Clefable\n|-damage|p1a: Clefable|64\/100\n|-unboost|p1a: Clefable|spd|2\n|move|p1a: Clefable|Moonblast|p2a: Shaymin\n|-resisted|p2a: Shaymin\n|-damage|p2a: Shaymin|58\/100\n|\n|-heal|p1a: Clefable|100\/100|[from] move: Wish|[wisher] Clefable\n|-heal|p2a: Shaymin|64\/100|[from] item: Leftovers\n|upkeep\n|turn|28\n|\n|t:|1698908160\n|move|p2a: Shaymin|Seed Flare|p1a: Clefable\n|-crit|p1a: Clefable\n|-damage|p1a: Clefable|41\/100\n|-unboost|p1a: Clefable|spd|2\n|move|p1a: Clefable|Wish|p1a: Clefable\n|\n|-heal|p2a: Shaymin|70\/100|[from] item: Leftovers\n|-heal|p1a: Clefable|47\/100|[from] item: Leftovers\n|upkeep\n|turn|29\n|\n|t:|1698908163\n|move|p1a: Clefable|Protect|p1a: Clefable\n|-singleturn|p1a: Clefable|Protect\n|move|p2a: Shaymin|Seed Flare|p1a: Clefable\n|-activate|p1a: Clefable|move: Protect\n|\n|-heal|p1a: Clefable|97\/100|[from] move: Wish|[wisher] Clefable\n|-heal|p2a: Shaymin|76\/100|[from] item: Leftovers\n|-heal|p1a: Clefable|100\/100|[from] item: Leftovers\n|upkeep\n|turn|30\n|\n|t:|1698908169\n|switch|p1a: Blissey|Blissey, F|64\/100\n|move|p2a: Shaymin|Air Slash|p1a: Blissey\n|-damage|p1a: Blissey|53\/100\n|\n|-heal|p2a: Shaymin|83\/100|[from] item: Leftovers\n|upkeep\n|turn|31\n|\n|t:|1698908173\n|move|p2a: Shaymin|Seed Flare|p1a: Blissey\n|-damage|p1a: Blissey|35\/100\n|move|p1a: Blissey|Soft-Boiled|p1a: Blissey\n|-heal|p1a: Blissey|85\/100\n|\n|-heal|p2a: Shaymin|89\/100|[from] item: Leftovers\n|upkeep\n|turn|32\n|\n|t:|1698908195\n|switch|p2a: Garchomp|Garchomp, M|100\/100\n|-status|p2a: Garchomp|tox\n|switch|p1a: Mew|Mew|100\/100\n|\n|-damage|p2a: Garchomp|94\/100 tox|[from] psn\n|upkeep\n|turn|33\n|\n|t:|1698908206\n|move|p2a: Garchomp|Swords Dance|p2a: Garchomp\n|-boost|p2a: Garchomp|atk|2\n|move|p1a: Mew|Stealth Rock|p2a: Garchomp\n|-sidestart|p2: lolgz|move: Stealth Rock\n|\n|-damage|p2a: Garchomp|82\/100 tox|[from] psn\n|upkeep\n|turn|34\n|\n|t:|1698908209\n|move|p2a: Garchomp|Scale Shot|p1a: Mew\n|-damage|p1a: Mew|80\/100\n|-damage|p1a: Mew|59\/100\n|-damage|p1a: Mew|36\/100\n|-damage|p1a: Mew|15\/100\n|-damage|p1a: Mew|0 fnt\n|faint|p1a: Mew\n|-hitcount|p1: Mew|5\n|-unboost|p2a: Garchomp|def|1\n|-boost|p2a: Garchomp|spe|1\n|\n|-damage|p2a: Garchomp|64\/100 tox|[from] psn\n|upkeep\n|\n|t:|1698908233\n|switch|p1a: Clefable|Clefable, F|100\/100\n|turn|35\n|\n|t:|1698908238\n|move|p2a: Garchomp|Iron Head|p1a: Clefable\n|-supereffective|p1a: Clefable\n|-damage|p1a: Clefable|43\/100\n|cant|p1a: Clefable|flinch\n|\n|-heal|p1a: Clefable|49\/100|[from] item: Leftovers\n|-damage|p2a: Garchomp|39\/100 tox|[from] psn\n|upkeep\n|turn|36\n|\n|t:|1698908243\n|move|p1a: Clefable|Protect|p1a: Clefable\n|-singleturn|p1a: Clefable|Protect\n|move|p2a: Garchomp|Iron Head|p1a: Clefable\n|-activate|p1a: Clefable|move: Protect\n|\n|-heal|p1a: Clefable|55\/100|[from] item: Leftovers\n|-damage|p2a: Garchomp|8\/100 tox|[from] psn\n|upkeep\n|turn|37\n|\n|t:|1698908250\n|move|p1a: Clefable|Protect|p1a: Clefable\n|-singleturn|p1a: Clefable|Protect\n|move|p2a: Garchomp|Iron Head|p1a: Clefable\n|-activate|p1a: Clefable|move: Protect\n|\n|-heal|p1a: Clefable|61\/100|[from] item: Leftovers\n|-damage|p2a: Garchomp|0 fnt|[from] psn\n|faint|p2a: Garchomp\n|upkeep\n|\n|t:|1698908253\n|switch|p2a: Zacian|Zacian|100\/100\n|-status|p2a: Zacian|tox\n|-damage|p2a: Zacian|88\/100 tox|[from] Stealth Rock\n|-ability|p2a: Zacian|Intrepid Sword|boost\n|-boost|p2a: Zacian|atk|1\n|turn|38\n|\n|t:|1698908265\n|switch|p1a: Crocalor|Crocalor, F|100\/100\n|move|p2a: Zacian|Play Rough|p1a: Crocalor\n|-resisted|p1a: Crocalor\n|-crit|p1a: Crocalor\n|-damage|p1a: Crocalor|73\/100\n|\n|-damage|p2a: Zacian|82\/100 tox|[from] psn\n|upkeep\n|turn|39\n|\n|t:|1698908268\n|switch|p2a: Palafin|Palafin-Hero, F|100\/100\n|-status|p2a: Palafin|tox\n|-damage|p2a: Palafin|88\/100 tox|[from] Stealth Rock\n|-activate|p2a: Palafin|ability: Zero to Hero\n|move|p1a: Crocalor|Slack Off|p1a: Crocalor\n|-heal|p1a: Crocalor|100\/100\n|\n|-damage|p2a: Palafin|82\/100 tox|[from] psn\n|upkeep\n|turn|40\n|\n|t:|1698908274\n|switch|p1a: Amoonguss|Amoonguss, M|100\/100\n|move|p2a: Palafin|Wave Crash|p1a: Amoonguss\n|-resisted|p1a: Amoonguss\n|-damage|p1a: Amoonguss|69\/100\n|-damage|p2a: Palafin|65\/100 tox|[from] item: Rocky Helmet|[of] p1a: Amoonguss\n|-damage|p2a: Palafin|54\/100 tox|[from] Recoil\n|\n|-damage|p2a: Palafin|42\/100 tox|[from] psn\n|upkeep\n|turn|41\n|\n|t:|1698908279\n|switch|p2a: Shaymin|Shaymin-Sky, tera:Steel|89\/100\n|-damage|p2a: Shaymin|83\/100|[from] Stealth Rock\n|move|p1a: Amoonguss|Giga Drain|p2a: Shaymin\n|-resisted|p2a: Shaymin\n|-damage|p2a: Shaymin|68\/100\n|-heal|p1a: Amoonguss|75\/100|[from] drain|[of] p2a: Shaymin\n|\n|-heal|p2a: Shaymin|74\/100|[from] item: Leftovers\n|upkeep\n|turn|42\n|\n|t:|1698908291\n|switch|p1a: Toedscruel|Toedscruel, M|100\/100\n|move|p2a: Shaymin|Air Slash|p1a: Toedscruel\n|-supereffective|p1a: Toedscruel\n|-damage|p1a: Toedscruel|54\/100\n|\n|-heal|p2a: Shaymin|80\/100|[from] item: Leftovers\n|-heal|p1a: Toedscruel|60\/100|[from] item: Leftovers\n|upkeep\n|turn|43\n|\n|t:|1698908297\n|move|p2a: Shaymin|Air Slash|p1a: Toedscruel\n|-supereffective|p1a: Toedscruel\n|-damage|p1a: Toedscruel|13\/100\n|cant|p1a: Toedscruel|flinch\n|\n|-heal|p2a: Shaymin|86\/100|[from] item: Leftovers\n|-heal|p1a: Toedscruel|20\/100|[from] item: Leftovers\n|upkeep\n|turn|44\n|\n|t:|1698908304\n|switch|p1a: Blissey|Blissey, F|85\/100\n|move|p2a: Shaymin|Earth Power|p1a: Blissey\n|-damage|p1a: Blissey|77\/100\n|\n|-heal|p2a: Shaymin|92\/100|[from] item: Leftovers\n|upkeep\n|turn|45\n|\n|t:|1698908308\n|move|p2a: Shaymin|Leech Seed|p1a: Blissey|[miss]\n|-miss|p2a: Shaymin|p1a: Blissey\n|move|p1a: Blissey|Seismic Toss|p2a: Shaymin\n|-damage|p2a: Shaymin|63\/100\n|\n|-heal|p2a: Shaymin|69\/100|[from] item: Leftovers\n|upkeep\n|turn|46\n|l|\u2606lolgz\n|inactive|lolgz disconnected and has 300 seconds to reconnect!\n|player|p2|\n|inactive|leonissenbaum has 270 seconds left.\n|\n|t:|1698908345\n|switch|p1a: Amoonguss|Amoonguss, M|100\/100\n|move|p2a: Shaymin|Leech Seed|p1a: Amoonguss\n|-immune|p1a: Amoonguss\n|\n|-heal|p2a: Shaymin|75\/100|[from] item: Leftovers\n|upkeep\n|turn|47\n|j|\u2606lolgz\n|inactive|lolgz reconnected and has 300 seconds left.\n|player|p2|lolgz|265\n|inactive|leonissenbaum has 270 seconds left.\n|\n|t:|1698908351\n|move|p2a: Shaymin|Air Slash|p1a: Amoonguss\n|-supereffective|p1a: Amoonguss\n|-damage|p1a: Amoonguss|30\/100\n|cant|p1a: Amoonguss|flinch\n|\n|-heal|p2a: Shaymin|81\/100|[from] item: Leftovers\n|upkeep\n|turn|48\n|\n|t:|1698908357\n|switch|p1a: Blissey|Blissey, F|77\/100\n|move|p2a: Shaymin|Leech Seed|p1a: Blissey\n|-start|p1a: Blissey|move: Leech Seed\n|\n|-heal|p2a: Shaymin|88\/100|[from] item: Leftovers\n|-damage|p1a: Blissey|64\/100|[from] Leech Seed|[of] p2a: Shaymin\n|-heal|p2a: Shaymin|100\/100|[silent]\n|upkeep\n|turn|49\n|inactive|leonissenbaum has 270 seconds left.\n|\n|t:|1698908395\n|move|p2a: Shaymin|Earth Power|p1a: Blissey\n|-damage|p1a: Blissey|55\/100\n|move|p1a: Blissey|Shadow Ball|p2a: Shaymin\n|-damage|p2a: Shaymin|81\/100\n|\n|-heal|p2a: Shaymin|87\/100|[from] item: Leftovers\n|-damage|p1a: Blissey|42\/100|[from] Leech Seed|[of] p2a: Shaymin\n|-heal|p2a: Shaymin|100\/100|[silent]\n|upkeep\n|turn|50\n|\n|t:|1698908405\n|move|p2a: Shaymin|Air Slash|p1a: Blissey\n|-damage|p1a: Blissey|32\/100\n|move|p1a: Blissey|Soft-Boiled|p1a: Blissey\n|-heal|p1a: Blissey|82\/100\n|\n|-damage|p1a: Blissey|69\/100|[from] Leech Seed|[of] p2a: Shaymin\n|upkeep\n|turn|51\n|inactive|leonissenbaum has 270 seconds left.\n|\n|t:|1698908442\n|switch|p1a: Clefable|Clefable, F|61\/100\n|move|p2a: Shaymin|Air Slash|p1a: Clefable\n|-damage|p1a: Clefable|37\/100\n|\n|-heal|p1a: Clefable|43\/100|[from] item: Leftovers\n|upkeep\n|turn|52\n|\n|t:|1698908447\n|move|p1a: Clefable|Protect|p1a: Clefable\n|-singleturn|p1a: Clefable|Protect\n|move|p2a: Shaymin|Leech Seed|p1a: Clefable\n|-activate|p1a: Clefable|move: Protect\n|\n|-heal|p1a: Clefable|49\/100|[from] item: Leftovers\n|upkeep\n|turn|53\n|\n|t:|1698908455\n|move|p2a: Shaymin|Earth Power|p1a: Clefable\n|-damage|p1a: Clefable|29\/100\n|move|p1a: Clefable|Wish|p1a: Clefable\n|\n|-heal|p1a: Clefable|35\/100|[from] item: Leftovers\n|upkeep\n|turn|54\n|\n|t:|1698908459\n|move|p1a: Clefable|Protect|p1a: Clefable\n|-singleturn|p1a: Clefable|Protect\n|move|p2a: Shaymin|Leech Seed|p1a: Clefable\n|-activate|p1a: Clefable|move: Protect\n|\n|-heal|p1a: Clefable|85\/100|[from] move: Wish|[wisher] Clefable\n|-heal|p1a: Clefable|91\/100|[from] item: Leftovers\n|upkeep\n|turn|55\n|\n|t:|1698908463\n|move|p2a: Shaymin|Leech Seed|p1a: Clefable\n|-start|p1a: Clefable|move: Leech Seed\n|move|p1a: Clefable|Calm Mind|p1a: Clefable\n|-boost|p1a: Clefable|spa|1\n|-boost|p1a: Clefable|spd|1\n|\n|-heal|p1a: Clefable|97\/100|[from] item: Leftovers\n|-damage|p1a: Clefable|85\/100|[from] Leech Seed|[of] p2a: Shaymin\n|upkeep\n|turn|56\n|\n|t:|1698908469\n|move|p2a: Shaymin|Air Slash|p1a: Clefable\n|-damage|p1a: Clefable|67\/100\n|move|p1a: Clefable|Calm Mind|p1a: Clefable\n|-boost|p1a: Clefable|spa|1\n|-boost|p1a: Clefable|spd|1\n|\n|-heal|p1a: Clefable|73\/100|[from] item: Leftovers\n|-damage|p1a: Clefable|60\/100|[from] Leech Seed|[of] p2a: Shaymin\n|upkeep\n|turn|57\n|\n|t:|1698908474\n|move|p2a: Shaymin|Air Slash|p1a: Clefable\n|-damage|p1a: Clefable|48\/100\n|cant|p1a: Clefable|flinch\n|\n|-heal|p1a: Clefable|54\/100|[from] item: Leftovers\n|-damage|p1a: Clefable|42\/100|[from] Leech Seed|[of] p2a: Shaymin\n|upkeep\n|turn|58\n|\n|t:|1698908479\n|move|p2a: Shaymin|Air Slash|p1a: Clefable\n|-damage|p1a: Clefable|29\/100\n|move|p1a: Clefable|Wish|p1a: Clefable\n|\n|-heal|p1a: Clefable|35\/100|[from] item: Leftovers\n|-damage|p1a: Clefable|23\/100|[from] Leech Seed|[of] p2a: Shaymin\n|upkeep\n|turn|59\n|\n|t:|1698908481\n|move|p1a: Clefable|Protect|p1a: Clefable\n|-singleturn|p1a: Clefable|Protect\n|move|p2a: Shaymin|Air Slash|p1a: Clefable\n|-activate|p1a: Clefable|move: Protect\n|\n|-heal|p1a: Clefable|73\/100|[from] move: Wish|[wisher] Clefable\n|-heal|p1a: Clefable|79\/100|[from] item: Leftovers\n|-damage|p1a: Clefable|66\/100|[from] Leech Seed|[of] p2a: Shaymin\n|upkeep\n|turn|60\n|\n|t:|1698908484\n|move|p2a: Shaymin|Air Slash|p1a: Clefable\n|-damage|p1a: Clefable|55\/100\n|cant|p1a: Clefable|flinch\n|\n|-heal|p1a: Clefable|61\/100|[from] item: Leftovers\n|-damage|p1a: Clefable|48\/100|[from] Leech Seed|[of] p2a: Shaymin\n|upkeep\n|turn|61\n|\n|t:|1698908489\n|move|p2a: Shaymin|Air Slash|p1a: Clefable\n|-damage|p1a: Clefable|37\/100\n|move|p1a: Clefable|Wish|p1a: Clefable\n|\n|-heal|p1a: Clefable|43\/100|[from] item: Leftovers\n|-damage|p1a: Clefable|31\/100|[from] Leech Seed|[of] p2a: Shaymin\n|upkeep\n|turn|62\n|\n|t:|1698908494\n|switch|p2a: Zacian|Zacian|82\/100 tox\n|-damage|p2a: Zacian|70\/100 tox|[from] Stealth Rock\n|move|p1a: Clefable|Protect||[still]\n|-fail|p1a: Clefable\n|\n|-heal|p1a: Clefable|81\/100|[from] move: Wish|[wisher] Clefable\n|-heal|p1a: Clefable|87\/100|[from] item: Leftovers\n|-damage|p1a: Clefable|74\/100|[from] Leech Seed|[of] p2a: Zacian\n|-heal|p2a: Zacian|85\/100 tox|[silent]\n|-damage|p2a: Zacian|79\/100 tox|[from] psn\n|upkeep\n|turn|63\n|\n|t:|1698908510\n|switch|p1a: Crocalor|Crocalor, F|100\/100\n|move|p2a: Zacian|Close Combat|p1a: Crocalor\n|-damage|p1a: Crocalor|67\/100\n|-unboost|p2a: Zacian|def|1\n|-unboost|p2a: Zacian|spd|1\n|\n|-damage|p2a: Zacian|66\/100 tox|[from] psn\n|upkeep\n|turn|64\n|\n|t:|1698908514\n|move|p2a: Zacian|Close Combat|p1a: Crocalor\n|-damage|p1a: Crocalor|37\/100\n|-unboost|p2a: Zacian|def|1\n|-unboost|p2a: Zacian|spd|1\n|move|p1a: Crocalor|Flamethrower|p2a: Zacian\n|-damage|p2a: Zacian|37\/100 tox\n|\n|-damage|p2a: Zacian|19\/100 tox|[from] psn\n|upkeep\n|turn|65\n|\n|t:|1698908518\n|move|p2a: Zacian|Close Combat|p1a: Crocalor\n|-damage|p1a: Crocalor|7\/100\n|-unboost|p2a: Zacian|def|1\n|-unboost|p2a: Zacian|spd|1\n|move|p1a: Crocalor|Slack Off|p1a: Crocalor\n|-heal|p1a: Crocalor|57\/100\n|\n|-damage|p2a: Zacian|0 fnt|[from] psn\n|faint|p2a: Zacian\n|upkeep\n|\n|t:|1698908521\n|switch|p2a: Palafin|Palafin-Hero, F|42\/100 tox\n|-damage|p2a: Palafin|29\/100 tox|[from] Stealth Rock\n|turn|66\n|\n|t:|1698908525\n|switch|p1a: Amoonguss|Amoonguss, M|63\/100\n|move|p2a: Palafin|Wave Crash|p1a: Amoonguss\n|-resisted|p1a: Amoonguss\n|-damage|p1a: Amoonguss|30\/100\n|-damage|p2a: Palafin|13\/100 tox|[from] item: Rocky Helmet|[of] p1a: Amoonguss\n|-damage|p2a: Palafin|1\/100 tox|[from] Recoil\n|\n|-damage|p2a: Palafin|0 fnt|[from] psn\n|faint|p2a: Palafin\n|upkeep\n|-message|lolgz forfeited.\n|\n|win|leonissenbaum\n|l|\u2606lolgz\n|c|\u2606leonissenbaum|gg\n","uploadtime":1698908540,"views":17,"p1id":"leonissenbaum","p2id":"lolgz","formatid":"gen9ubers","rating":0,"private":0,"password":""}