{"id":"gen9ubers-1979167375","p1":"the tr4sh man","p2":"Add 6669420","format":"[Gen 9] Ubers","log":"|j|\u2606the tr4sh man\n|j|\u2606Add 6669420\n|t:|1698642631\n|gametype|singles\n|player|p1|the tr4sh man|xerosic|\n|player|p2|Add 6669420|ash-kalos|\n|teamsize|p1|6\n|teamsize|p2|6\n|gen|9\n|tier|[Gen 9] Ubers\n|rule|Sleep Clause Mod: Limit one foe put to sleep\n|rule|Species Clause: Limit one of each Pok\u00e9mon\n|rule|OHKO Clause: OHKO moves are banned\n|rule|Evasion Items Clause: Evasion items are banned\n|rule|Evasion Moves Clause: Evasion moves are banned\n|rule|Endless Battle Clause: Forcing endless battles is banned\n|rule|HP Percentage Mod: HP is shown in percentages\n|clearpoke\n|poke|p1|Magearna|\n|poke|p1|Dialga|\n|poke|p1|Chi-Yu|\n|poke|p1|Palafin, F|\n|poke|p1|Spectrier|\n|poke|p1|Shaymin-Sky|\n|poke|p2|Zacian-*|\n|poke|p2|Palkia-Origin|\n|poke|p2|Arceus-Fire|\n|poke|p2|Giratina|\n|poke|p2|Shaymin-Sky|\n|poke|p2|Landorus, M|\n|teampreview\n|c|\u2606Add 6669420|glhf\n|c|\u2606the tr4sh man|u2\n|inactive|Battle timer is ON: inactive players will automatically lose when time's up. (requested by Add 6669420)\n|\n|t:|1698642643\n|start\n|switch|p1a: Dialga|Dialga|100\/100\n|switch|p2a: Zacian|Zacian|100\/100\n|-ability|p2a: Zacian|Intrepid Sword|boost\n|-boost|p2a: Zacian|atk|1\n|-ability|p1a: Dialga|Pressure\n|turn|1\n|\n|t:|1698642649\n|move|p2a: Zacian|Swords Dance|p2a: Zacian\n|-boost|p2a: Zacian|atk|2\n|move|p1a: Dialga|Steel Beam|p2a: Zacian\n|-supereffective|p2a: Zacian\n|-damage|p2a: Zacian|0 fnt\n|-damage|p1a: Dialga|50\/100|[from] steelbeam\n|faint|p2a: Zacian\n|\n|upkeep\n|\n|t:|1698642659\n|switch|p2a: Landorus|Landorus, M|100\/100\n|turn|2\n|\n|t:|1698642662\n|switch|p1a: Shaymin|Shaymin-Sky|100\/100\n|move|p2a: Landorus|Sandsear Storm|p1a: Shaymin\n|-immune|p1a: Shaymin\n|\n|upkeep\n|turn|3\n|j| leonissenbaum\n|\n|t:|1698642674\n|switch|p1a: Dialga|Dialga|50\/100\n|-ability|p1a: Dialga|Pressure\n|move|p2a: Landorus|U-turn|p1a: Dialga\n|-resisted|p1a: Dialga\n|-damage|p1a: Dialga|42\/100\n|-damage|p2a: Landorus|91\/100|[from] item: Life Orb\n|\n|t:|1698642681\n|switch|p2a: Shaymin|Shaymin-Sky|100\/100|[from] U-turn\n|\n|upkeep\n|turn|4\n|\n|t:|1698642688\n|move|p2a: Shaymin|Earth Power|p1a: Dialga\n|-supereffective|p1a: Dialga\n|-damage|p1a: Dialga|0 fnt\n|faint|p1a: Dialga\n|\n|upkeep\n|\n|t:|1698642693\n|switch|p1a: Magearna|Magearna|100\/100\n|turn|5\n|\n|t:|1698642707\n|move|p2a: Shaymin|Earth Power|p1a: Magearna\n|-supereffective|p1a: Magearna\n|-damage|p1a: Magearna|52\/100\n|move|p1a: Magearna|Volt Switch|p2a: Shaymin\n|-crit|p2a: Shaymin\n|-damage|p2a: Shaymin|20\/100\n|\n|t:|1698642711\n|switch|p1a: Palafin|Palafin, F|100\/100|[from] Volt Switch\n|\n|upkeep\n|turn|6\n|\n|t:|1698642721\n|detailschange|p1a: Palafin|Palafin-Hero, F\n|switch|p1a: Shaymin|Shaymin-Sky|100\/100\n|move|p2a: Shaymin|Air Slash|p1a: Shaymin\n|-supereffective|p1a: Shaymin\n|-damage|p1a: Shaymin|14\/100\n|\n|upkeep\n|turn|7\n|\n|t:|1698642727\n|move|p2a: Shaymin|Air Slash|p1a: Shaymin\n|-supereffective|p1a: Shaymin\n|-damage|p1a: Shaymin|0 fnt\n|faint|p1a: Shaymin\n|\n|upkeep\n|\n|t:|1698642734\n|switch|p1a: Spectrier|Spectrier|100\/100\n|turn|8\n|\n|t:|1698642748\n|switch|p2a: Arceus|Arceus-Fire|100\/100\n|move|p1a: Spectrier|Shadow Ball|p2a: Arceus\n|-damage|p2a: Arceus|60\/100\n|\n|upkeep\n|turn|9\n|\n|t:|1698642752\n|-terastallize|p1a: Spectrier|Ghost\n|move|p1a: Spectrier|Shadow Ball|p2a: Arceus\n|-damage|p2a: Arceus|12\/100\n|move|p2a: Arceus|Recover|p2a: Arceus\n|-heal|p2a: Arceus|62\/100\n|\n|upkeep\n|turn|10\n|\n|t:|1698642762\n|move|p1a: Spectrier|Shadow Ball|p2a: Arceus\n|-damage|p2a: Arceus|14\/100\n|-unboost|p2a: Arceus|spd|1\n|move|p2a: Arceus|Judgment|p1a: Spectrier\n|-crit|p1a: Spectrier\n|-damage|p1a: Spectrier|17\/100\n|\n|upkeep\n|turn|11\n|\n|t:|1698642766\n|move|p1a: Spectrier|Shadow Ball|p2a: Arceus\n|-damage|p2a: Arceus|0 fnt\n|faint|p2a: Arceus\n|-ability|p1a: Spectrier|Grim Neigh|boost\n|-boost|p1a: Spectrier|spa|1\n|\n|upkeep\n|\n|t:|1698642780\n|switch|p2a: Palkia|Palkia-Origin|100\/100\n|-ability|p2a: Palkia|Pressure\n|turn|12\n|\n|t:|1698642782\n|move|p1a: Spectrier|Shadow Ball|p2a: Palkia\n|-damage|p2a: Palkia|0 fnt\n|faint|p2a: Palkia\n|-ability|p1a: Spectrier|Grim Neigh|boost\n|-boost|p1a: Spectrier|spa|1\n|\n|upkeep\n|c|\u2606Add 6669420|ggs\n|\n|t:|1698642789\n|switch|p2a: Giratina|Giratina|100\/100\n|-ability|p2a: Giratina|Pressure\n|turn|13\n|c| leonissenbaum|no way\n|\n|t:|1698642791\n|-terastallize|p2a: Giratina|Steel\n|move|p1a: Spectrier|Shadow Ball|p2a: Giratina\n|-damage|p2a: Giratina|3\/100\n|move|p2a: Giratina|Earthquake|p1a: Spectrier\n|-damage|p1a: Spectrier|0 fnt\n|faint|p1a: Spectrier\n|\n|-heal|p2a: Giratina|9\/100|[from] item: Leftovers\n|upkeep\n|c| leonissenbaum|yoo\n|\n|t:|1698642798\n|switch|p1a: Palafin|Palafin-Hero, F|100\/100\n|-activate|p1a: Palafin|ability: Zero to Hero\n|turn|14\n|\n|t:|1698642805\n|move|p1a: Palafin|Flip Turn|p2a: Giratina\n|-damage|p2a: Giratina|0 fnt\n|faint|p2a: Giratina\n|\n|t:|1698642808\n|switch|p1a: Chi-Yu|Chi-Yu|100\/100|[from] Flip Turn\n|-ability|p1a: Chi-Yu|Beads of Ruin\n|\n|upkeep\n|\n|t:|1698642815\n|switch|p2a: Landorus|Landorus, M|91\/100\n|turn|15\n|c|\u2606Add 6669420|no way how come\n|\n|t:|1698642835\n|switch|p1a: Magearna|Magearna|52\/100\n|move|p2a: Landorus|Sandsear Storm|p1a: Magearna\n|-supereffective|p1a: Magearna\n|-damage|p1a: Magearna|0 fnt\n|faint|p1a: Magearna\n|\n|upkeep\n|\n|t:|1698642842\n|switch|p1a: Palafin|Palafin-Hero, F|100\/100\n|turn|16\n|c|\u2606Add 6669420|whta odes no way mean\n|\n|t:|1698642846\n|move|p2a: Landorus|Sandsear Storm|p1a: Palafin|[miss]\n|-miss|p2a: Landorus|p1a: Palafin\n|move|p1a: Palafin|Ice Beam|p2a: Landorus\n|-supereffective|p2a: Landorus\n|-damage|p2a: Landorus|0 fnt\n|faint|p2a: Landorus\n|\n|upkeep\n|\n|t:|1698642851\n|switch|p2a: Shaymin|Shaymin-Sky|20\/100\n|turn|17\n|\n|t:|1698642853\n|move|p2a: Shaymin|Seed Flare|p1a: Palafin\n|-supereffective|p1a: Palafin\n|-damage|p1a: Palafin|0 fnt\n|faint|p1a: Palafin\n|\n|upkeep\n|\n|t:|1698642855\n|switch|p1a: Chi-Yu|Chi-Yu|100\/100\n|-ability|p1a: Chi-Yu|Beads of Ruin\n|turn|18\n|c|\u2606the tr4sh man|gg\n|c|\u2606Add 6669420|flinch hacks????\n|c|\u2606Add 6669420|can i?\n|c| leonissenbaum|impossible\n|c|\u2606Add 6669420|are iu scarf\n|c|\u2606the tr4sh man|yes\n|c| leonissenbaum|not against the tr4sh man\n|\n|t:|1698642883\n|move|p2a: Shaymin|Air Slash|p1a: Chi-Yu\n|-damage|p1a: Chi-Yu|59\/100\n|move|p1a: Chi-Yu|Flamethrower|p2a: Shaymin\n|-supereffective|p2a: Shaymin\n|-damage|p2a: Shaymin|0 fnt\n|faint|p2a: Shaymin\n|\n|win|the tr4sh man\n|c|\u2606Add 6669420|ggs\n|c|\u2606Add 6669420|what do you revcpemd for this tea,\n|c|\u2606Add 6669420|first time playing this tier\n|l|\u2606Add 6669420\n|c| leonissenbaum|i uh\n|c|\u2606the tr4sh man|uh\n|c| leonissenbaum|o hes gone lol\n|c|\u2606the tr4sh man|ye lol\n","uploadtime":1698642919,"views":12,"p1id":"thetr4shman","p2id":"add6669420","formatid":"gen9ubers","rating":0,"private":0,"password":""}