{"id":"gen9ubers-1986983912","p1":"Sharpyboi","p2":"TheTrueFan","format":"[Gen 9] Ubers","log":"|j|\u2606Sharpyboi\n|j|\u2606TheTrueFan\n|t:|1699546595\n|gametype|singles\n|player|p1|Sharpyboi|170|\n|player|p2|TheTrueFan|ghetsis|\n|teamsize|p1|6\n|teamsize|p2|6\n|gen|9\n|tier|[Gen 9] Ubers\n|rated|Tournament battle\n|rule|Sleep Clause Mod: Limit one foe put to sleep\n|rule|Species Clause: Limit one of each Pok\u00e9mon\n|rule|OHKO Clause: OHKO moves are banned\n|rule|Evasion Items Clause: Evasion items are banned\n|rule|Evasion Moves Clause: Evasion moves are banned\n|rule|Endless Battle Clause: Forcing endless battles is banned\n|rule|HP Percentage Mod: HP is shown in percentages\n|clearpoke\n|poke|p1|Zacian-*|\n|poke|p1|Miraidon|\n|poke|p1|Skeledirge, M|\n|poke|p1|Komala, F|\n|poke|p1|Arceus|\n|poke|p1|Koraidon|\n|poke|p2|Annihilape, M|\n|poke|p2|Espathra, M|\n|poke|p2|Magearna|\n|poke|p2|Spectrier|\n|poke|p2|Regieleki|\n|poke|p2|Dragapult, M|\n|teampreview\n|inactive|Battle timer is ON: inactive players will automatically lose when time's up. (requested by TheTrueFan)\n|\n|t:|1699546599\n|start\n|switch|p1a: Zacian|Zacian-Crowned|100\/100\n|switch|p2a: Dragapult|Dragapult, M|100\/100\n|-ability|p1a: Zacian|Intrepid Sword|boost\n|-boost|p1a: Zacian|atk|1\n|turn|1\n|j| click_hax_win\n|j| plzplzplzplz1\n|c|\u2606Sharpyboi|Gl Hf\n|\n|t:|1699546610\n|move|p1a: Zacian|Play Rough|p2a: Dragapult\n|-supereffective|p2a: Dragapult\n|-damage|p2a: Dragapult|0 fnt\n|faint|p2a: Dragapult\n|\n|upkeep\n|\n|t:|1699546626\n|switch|p2a: Regieleki|Regieleki|100\/100\n|turn|2\n|\n|t:|1699546631\n|move|p2a: Regieleki|Thunder Wave|p1a: Zacian\n|-status|p1a: Zacian|par\n|move|p1a: Zacian|Behemoth Blade|p2a: Regieleki\n|-resisted|p2a: Regieleki\n|-damage|p2a: Regieleki|1\/100\n|\n|-heal|p2a: Regieleki|7\/100|[from] item: Leftovers\n|upkeep\n|turn|3\n|\n|t:|1699546639\n|move|p2a: Regieleki|Thunder Cage|p1a: Zacian\n|-damage|p1a: Zacian|56\/100 par\n|-activate|p1a: Zacian|move: Thunder Cage|[of] p2a: Regieleki\n|move|p1a: Zacian|Play Rough|p2a: Regieleki\n|-damage|p2a: Regieleki|0 fnt\n|faint|p2a: Regieleki\n|\n|-end|p1a: Zacian|Thunder Cage|[partiallytrapped]|[silent]\n|upkeep\n|c| plzplzplzplz1|sharpyboi\n|c|\u2606Sharpyboi|Hi\n|\n|t:|1699546650\n|switch|p2a: Spectrier|Spectrier|100\/100\n|turn|4\n|\n|t:|1699546655\n|move|p2a: Spectrier|Stomping Tantrum|p1a: Zacian\n|-supereffective|p1a: Zacian\n|-damage|p1a: Zacian|27\/100 par\n|cant|p1a: Zacian|par\n|\n|upkeep\n|turn|5\n|\n|t:|1699546663\n|switch|p1a: Komala|Komala, F|100\/100\n|-ability|p1a: Komala|Comatose\n|move|p2a: Spectrier|Stomping Tantrum|p1a: Komala\n|-damage|p1a: Komala|74\/100\n|\n|upkeep\n|turn|6\n|j|+OreoSpeedruns\n|\n|t:|1699546677\n|move|p2a: Spectrier|Calm Mind|p2a: Spectrier\n|-boost|p2a: Spectrier|spa|1\n|-boost|p2a: Spectrier|spd|1\n|move|p1a: Komala|Knock Off|p2a: Spectrier\n|-supereffective|p2a: Spectrier\n|-damage|p2a: Spectrier|26\/100\n|-enditem|p2a: Spectrier|Chesto Berry|[from] move: Knock Off|[of] p1a: Komala\n|\n|upkeep\n|turn|7\n|\n|t:|1699546687\n|move|p2a: Spectrier|Rest|p2a: Spectrier\n|-status|p2a: Spectrier|slp|[from] move: Rest\n|-heal|p2a: Spectrier|100\/100 slp|[silent]\n|move|p1a: Komala|U-turn|p2a: Spectrier\n|-resisted|p2a: Spectrier\n|-crit|p2a: Spectrier\n|-damage|p2a: Spectrier|79\/100 slp\n|c| plzplzplzplz1|you got this\n|\n|t:|1699546696\n|switch|p1a: Koraidon|Koraidon|100\/100|[from] U-turn\n|-weather|SunnyDay|[from] ability: Orichalcum Pulse|[of] p1a: Koraidon\n|-activate|p1a: Koraidon|Orichalcum Pulse|[source]\n|\n|-weather|SunnyDay|[upkeep]\n|upkeep\n|turn|8\n|c|\u2606TheTrueFan|no i dont\n|\n|t:|1699546713\n|move|p1a: Koraidon|Swords Dance|p1a: Koraidon\n|-boost|p1a: Koraidon|atk|2\n|cant|p2a: Spectrier|slp\n|\n|-weather|SunnyDay|[upkeep]\n|upkeep\n|turn|9\n|c|\u2606Sharpyboi|Komala MV\n|\n|t:|1699546719\n|move|p1a: Koraidon|Scale Shot|p2a: Spectrier\n|-damage|p2a: Spectrier|27\/100 slp\n|-damage|p2a: Spectrier|0 fnt\n|faint|p2a: Spectrier\n|-hitcount|p2: Spectrier|2\n|-unboost|p1a: Koraidon|def|1\n|-boost|p1a: Koraidon|spe|1\n|\n|-weather|SunnyDay|[upkeep]\n|upkeep\n|c|\u2606TheTrueFan|u put loaded dice?\n|c|\u2606Sharpyboi|maybe\n|\n|t:|1699546739\n|switch|p2a: Magearna|Magearna|100\/100\n|turn|10\n|\n|t:|1699546743\n|move|p1a: Koraidon|Flare Blitz|p2a: Magearna\n|-supereffective|p2a: Magearna\n|-damage|p2a: Magearna|0 fnt\n|faint|p2a: Magearna\n|-damage|p1a: Koraidon|65\/100|[from] Recoil\n|\n|-weather|SunnyDay|[upkeep]\n|upkeep\n|c|\u2606TheTrueFan|just tell me\n|\n|t:|1699546752\n|switch|p2a: Espathra|Espathra, M|100\/100\n|turn|11\n|c|\u2606Sharpyboi|yes.\n|\n|t:|1699546758\n|move|p2a: Espathra|Protect|p2a: Espathra\n|-singleturn|p2a: Espathra|Protect\n|move|p1a: Koraidon|Scale Shot|p2a: Espathra\n|-activate|p2a: Espathra|move: Protect\n|\n|-weather|none\n|-ability|p2a: Espathra|Speed Boost|boost\n|-boost|p2a: Espathra|spe|1\n|upkeep\n|turn|12\n|\n|t:|1699546766\n|move|p1a: Koraidon|Scale Shot|p2a: Espathra\n|-damage|p2a: Espathra|58\/100\n|-crit|p2a: Espathra\n|-damage|p2a: Espathra|0 fnt\n|faint|p2a: Espathra\n|-hitcount|p2: Espathra|2\n|-unboost|p1a: Koraidon|def|1\n|-boost|p1a: Koraidon|spe|1\n|\n|upkeep\n|c| plzplzplzplz1|there is no escape\n|c|\u2606TheTrueFan|gg\n|\n|t:|1699546777\n|switch|p2a: Annihilape|Annihilape, M|100\/100\n|turn|13\n|\n|t:|1699546782\n|move|p1a: Koraidon|Scale Shot|p2a: Annihilape\n|-damage|p2a: Annihilape|72\/100\n|-damage|p2a: Annihilape|44\/100\n|-damage|p2a: Annihilape|16\/100\n|-damage|p2a: Annihilape|0 fnt\n|faint|p2a: Annihilape\n|-hitcount|p2: Annihilape|4\n|\n|win|Sharpyboi\n|n|\u2606Sharpyboi|sharpyboi\n|n|\u2606TheTrueFan|thetruefan\n|n| click_hax_win|clickhaxwin\n|n| plzplzplzplz1|plzplzplzplz1\n|n| OreoSpeedruns|oreospeedruns\n","uploadtime":1699546786,"views":4,"p1id":"sharpyboi","p2id":"thetruefan","formatid":"gen9ubers","rating":0,"private":0,"password":""}