{"id":"gen9ubers-1970995375","p1":"kobb","p2":"HailRaatma","format":"[Gen 9] Ubers","log":"|j|\u2606kobb\n|j|\u2606HailRaatma\n|t:|1697689883\n|gametype|singles\n|player|p1|kobb|169|1000\n|player|p2|HailRaatma|roughneck|1070\n|teamsize|p1|6\n|teamsize|p2|6\n|gen|9\n|tier|[Gen 9] Ubers\n|rated|\n|rule|Sleep Clause Mod: Limit one foe put to sleep\n|rule|Species Clause: Limit one of each Pok\u00e9mon\n|rule|OHKO Clause: OHKO moves are banned\n|rule|Evasion Items Clause: Evasion items are banned\n|rule|Evasion Moves Clause: Evasion moves are banned\n|rule|Endless Battle Clause: Forcing endless battles is banned\n|rule|HP Percentage Mod: HP is shown in percentages\n|clearpoke\n|poke|p1|Koraidon|\n|poke|p1|Groudon|\n|poke|p1|Chi-Yu|\n|poke|p1|Glimmora, F|\n|poke|p1|Arceus-Flying|\n|poke|p1|Dondozo, F|\n|poke|p2|Arceus|\n|poke|p2|Koraidon|\n|poke|p2|Zacian-*|\n|poke|p2|Miraidon|\n|poke|p2|Landorus-Therian, M|\n|poke|p2|Ting-Lu|\n|teampreview\n|\n|t:|1697689900\n|start\n|switch|p1a: Glimmora|Glimmora, F|100\/100\n|switch|p2a: Koraidon|Koraidon|100\/100\n|-weather|SunnyDay|[from] ability: Orichalcum Pulse|[of] p2a: Koraidon\n|-activate|p2a: Koraidon|Orichalcum Pulse|[source]\n|turn|1\n|\n|t:|1697689915\n|move|p1a: Glimmora|Spiky Shield|p1a: Glimmora\n|-singleturn|p1a: Glimmora|move: Protect\n|move|p2a: Koraidon|Outrage|p1a: Glimmora\n|-activate|p1a: Glimmora|move: Protect\n|-damage|p2a: Koraidon|88\/100|[from] Spiky Shield|[of] p1a: Glimmora\n|\n|-weather|SunnyDay|[upkeep]\n|upkeep\n|turn|2\n|\n|t:|1697689929\n|switch|p2a: Landorus|Landorus-Therian, M|100\/100\n|-ability|p2a: Landorus|Intimidate|boost\n|-unboost|p1a: Glimmora|atk|1\n|move|p1a: Glimmora|Spikes|p2a: Landorus\n|-sidestart|p2: HailRaatma|Spikes\n|\n|-weather|SunnyDay|[upkeep]\n|upkeep\n|turn|3\n|\n|t:|1697689936\n|move|p1a: Glimmora|Spikes|p2a: Landorus\n|-sidestart|p2: HailRaatma|Spikes\n|move|p2a: Landorus|Earthquake|p1a: Glimmora\n|-supereffective|p1a: Glimmora\n|-enditem|p1a: Glimmora|Focus Sash\n|-damage|p1a: Glimmora|1\/100\n|-activate|p1a: Glimmora|ability: Toxic Debris\n|-sidestart|p2: HailRaatma|move: Toxic Spikes\n|\n|-weather|SunnyDay|[upkeep]\n|upkeep\n|turn|4\n|\n|t:|1697689948\n|move|p1a: Glimmora|Spikes|p2a: Landorus\n|-sidestart|p2: HailRaatma|Spikes\n|move|p2a: Landorus|Earthquake|p1a: Glimmora\n|-supereffective|p1a: Glimmora\n|-damage|p1a: Glimmora|0 fnt\n|-activate|p1a: Glimmora|ability: Toxic Debris\n|-sidestart|p2: HailRaatma|move: Toxic Spikes\n|faint|p1a: Glimmora\n|\n|-weather|SunnyDay|[upkeep]\n|upkeep\n|\n|t:|1697689970\n|switch|p1a: Arceus|Arceus-Flying|100\/100\n|turn|5\n|\n|t:|1697689975\n|move|p1a: Arceus|Future Sight|p2a: Landorus\n|-start|p1a: Arceus|move: Future Sight\n|move|p2a: Landorus|Stealth Rock|p1a: Arceus\n|-sidestart|p1: kobb|move: Stealth Rock\n|\n|-weather|none\n|upkeep\n|turn|6\n|\n|t:|1697689983\n|switch|p1a: Dondozo|Dondozo, F|100\/100\n|-damage|p1a: Dondozo|88\/100|[from] Stealth Rock\n|move|p2a: Landorus|Taunt|p1a: Dondozo\n|-start|p1a: Dondozo|move: Taunt\n|\n|upkeep\n|turn|7\n|\n|t:|1697689993\n|-terastallize|p1a: Dondozo|Water\n|move|p2a: Landorus|U-turn|p1a: Dondozo\n|-damage|p1a: Dondozo|78\/100\n|\n|t:|1697690004\n|switch|p2a: Koraidon|Koraidon|88\/100|[from] U-turn\n|-damage|p2a: Koraidon|63\/100|[from] Spikes\n|-status|p2a: Koraidon|tox\n|-weather|SunnyDay|[from] ability: Orichalcum Pulse|[of] p2a: Koraidon\n|-activate|p2a: Koraidon|Orichalcum Pulse|[source]\n|move|p1a: Dondozo|Wave Crash|p2a: Koraidon\n|-resisted|p2a: Koraidon\n|-damage|p2a: Koraidon|50\/100 tox\n|-damage|p1a: Dondozo|75\/100|[from] Recoil\n|\n|-weather|SunnyDay|[upkeep]\n|-end|p2a: Koraidon|move: Future Sight\n|-supereffective|p2a: Koraidon\n|-damage|p2a: Koraidon|0 fnt\n|faint|p2a: Koraidon\n|upkeep\n|\n|t:|1697690019\n|switch|p2a: Miraidon|Miraidon|100\/100\n|-damage|p2a: Miraidon|76\/100|[from] Spikes\n|-status|p2a: Miraidon|tox\n|-fieldstart|move: Electric Terrain|[from] ability: Hadron Engine|[of] p2a: Miraidon\n|turn|8\n|\n|t:|1697690034\n|switch|p1a: Groudon|Groudon|100\/100\n|-damage|p1a: Groudon|94\/100|[from] Stealth Rock\n|move|p2a: Miraidon|Draco Meteor|p1a: Groudon\n|-damage|p1a: Groudon|0 fnt\n|-unboost|p2a: Miraidon|spa|2\n|faint|p1a: Groudon\n|\n|-weather|SunnyDay|[upkeep]\n|-damage|p2a: Miraidon|69\/100 tox|[from] psn\n|upkeep\n|\n|t:|1697690065\n|switch|p1a: Arceus|Arceus-Flying|100\/100\n|-damage|p1a: Arceus|76\/100|[from] Stealth Rock\n|turn|9\n|\n|t:|1697690073\n|switch|p2a: Ting-Lu|Ting-Lu|100\/100\n|-damage|p2a: Ting-Lu|76\/100|[from] Spikes\n|-status|p2a: Ting-Lu|tox\n|-ability|p2a: Ting-Lu|Vessel of Ruin\n|move|p1a: Arceus|Future Sight|p2a: Ting-Lu\n|-start|p1a: Arceus|move: Future Sight\n|\n|-weather|SunnyDay|[upkeep]\n|-heal|p2a: Ting-Lu|82\/100 tox|[from] item: Leftovers\n|-damage|p2a: Ting-Lu|76\/100 tox|[from] psn\n|upkeep\n|turn|10\n|\n|t:|1697690086\n|-terastallize|p2a: Ting-Lu|Poison\n|move|p1a: Arceus|Judgment|p2a: Ting-Lu\n|-damage|p2a: Ting-Lu|51\/100 tox\n|move|p2a: Ting-Lu|Whirlwind|p1a: Arceus\n|drag|p1a: Dondozo|Dondozo, F, tera:Water|75\/100\n|-damage|p1a: Dondozo|63\/100|[from] Stealth Rock\n|\n|-weather|SunnyDay|[upkeep]\n|-heal|p2a: Ting-Lu|57\/100 tox|[from] item: Leftovers\n|-damage|p2a: Ting-Lu|45\/100 tox|[from] psn\n|upkeep\n|turn|11\n|\n|t:|1697690107\n|switch|p2a: Miraidon|Miraidon|69\/100 tox\n|-damage|p2a: Miraidon|44\/100 tox|[from] Spikes\n|-activate|p2a: Miraidon|ability: Hadron Engine\n|move|p1a: Dondozo|Curse|p1a: Dondozo\n|-unboost|p1a: Dondozo|spe|1\n|-boost|p1a: Dondozo|atk|1\n|-boost|p1a: Dondozo|def|1\n|\n|-weather|none\n|-end|p2a: Miraidon|move: Future Sight\n|-damage|p2a: Miraidon|9\/100 tox\n|-damage|p2a: Miraidon|3\/100 tox|[from] psn\n|upkeep\n|turn|12\n|\n|t:|1697690127\n|move|p2a: Miraidon|Electro Drift|p1a: Dondozo\n|-supereffective|p1a: Dondozo\n|-damage|p1a: Dondozo|0 fnt\n|faint|p1a: Dondozo\n|\n|-damage|p2a: Miraidon|0 fnt|[from] psn\n|faint|p2a: Miraidon\n|-fieldend|move: Electric Terrain\n|upkeep\n|\n|t:|1697690143\n|switch|p2a: Ting-Lu|Ting-Lu, tera:Poison|45\/100 tox\n|switch|p1a: Arceus|Arceus-Flying|76\/100\n|-damage|p1a: Arceus|51\/100|[from] Stealth Rock\n|-damage|p2a: Ting-Lu|20\/100 tox|[from] Spikes\n|-sideend|p2: HailRaatma|move: Toxic Spikes|[of] p2a: Ting-Lu\n|-ability|p2a: Ting-Lu|Vessel of Ruin\n|turn|13\n|\n|t:|1697690153\n|move|p1a: Arceus|Judgment|p2a: Ting-Lu\n|-crit|p2a: Ting-Lu\n|-damage|p2a: Ting-Lu|0 fnt\n|faint|p2a: Ting-Lu\n|\n|upkeep\n|\n|t:|1697690178\n|switch|p2a: Landorus|Landorus-Therian, M|100\/100\n|-ability|p2a: Landorus|Intimidate|boost\n|-unboost|p1a: Arceus|atk|1\n|turn|14\n|\n|t:|1697690188\n|move|p1a: Arceus|Recover|p1a: Arceus\n|-heal|p1a: Arceus|100\/100\n|move|p2a: Landorus|U-turn|p1a: Arceus\n|-resisted|p1a: Arceus\n|-damage|p1a: Arceus|93\/100\n|\n|t:|1697690195\n|switch|p2a: Zacian|Zacian-Crowned, shiny|100\/100|[from] U-turn\n|-damage|p2a: Zacian|76\/100|[from] Spikes\n|-ability|p2a: Zacian|Intrepid Sword|boost\n|-boost|p2a: Zacian|atk|1\n|\n|upkeep\n|turn|15\n|\n|t:|1697690205\n|move|p2a: Zacian|Behemoth Blade|p1a: Arceus\n|-damage|p1a: Arceus|30\/100\n|move|p1a: Arceus|Thunder Wave|p2a: Zacian\n|-status|p2a: Zacian|par\n|\n|upkeep\n|turn|16\n|\n|t:|1697690216\n|move|p1a: Arceus|Recover|p1a: Arceus\n|-heal|p1a: Arceus|80\/100\n|move|p2a: Zacian|Play Rough|p1a: Arceus\n|-damage|p1a: Arceus|26\/100\n|\n|upkeep\n|turn|17\n|\n|t:|1697690223\n|move|p1a: Arceus|Recover|p1a: Arceus\n|-heal|p1a: Arceus|76\/100\n|move|p2a: Zacian|Play Rough|p1a: Arceus\n|-damage|p1a: Arceus|22\/100\n|\n|upkeep\n|turn|18\n|\n|t:|1697690229\n|move|p1a: Arceus|Recover|p1a: Arceus\n|-heal|p1a: Arceus|72\/100\n|cant|p2a: Zacian|par\n|\n|upkeep\n|turn|19\n|\n|t:|1697690234\n|move|p1a: Arceus|Recover|p1a: Arceus\n|-heal|p1a: Arceus|100\/100\n|move|p2a: Zacian|Swords Dance|p2a: Zacian\n|-boost|p2a: Zacian|atk|2\n|\n|upkeep\n|turn|20\n|\n|t:|1697690246\n|move|p1a: Arceus|Future Sight|p2a: Zacian\n|-start|p1a: Arceus|move: Future Sight\n|move|p2a: Zacian|Play Rough|p1a: Arceus\n|-damage|p1a: Arceus|7\/100\n|-unboost|p1a: Arceus|atk|1\n|\n|upkeep\n|turn|21\n|\n|t:|1697690252\n|move|p1a: Arceus|Judgment|p2a: Zacian\n|-resisted|p2a: Zacian\n|-damage|p2a: Zacian|47\/100 par\n|move|p2a: Zacian|Play Rough|p1a: Arceus\n|-damage|p1a: Arceus|0 fnt\n|faint|p1a: Arceus\n|\n|upkeep\n|\n|t:|1697690262\n|switch|p1a: Koraidon|Koraidon|100\/100\n|-damage|p1a: Koraidon|94\/100|[from] Stealth Rock\n|-weather|SunnyDay|[from] ability: Orichalcum Pulse|[of] p1a: Koraidon\n|-activate|p1a: Koraidon|Orichalcum Pulse|[source]\n|turn|22\n|\n|t:|1697690270\n|move|p1a: Koraidon|Collision Course|p2a: Zacian\n|-damage|p2a: Zacian|0 fnt\n|faint|p2a: Zacian\n|\n|-weather|SunnyDay|[upkeep]\n|-hint|Future Sight did not hit because the target is fainted.\n|upkeep\n|\n|t:|1697690282\n|switch|p2a: Landorus|Landorus-Therian, M|100\/100\n|-ability|p2a: Landorus|Intimidate|boost\n|-unboost|p1a: Koraidon|atk|1\n|turn|23\n|\n|t:|1697690290\n|move|p1a: Koraidon|Collision Course|p2a: Landorus\n|-resisted|p2a: Landorus\n|-damage|p2a: Landorus|78\/100\n|-damage|p1a: Koraidon|78\/100|[from] item: Rocky Helmet|[of] p2a: Landorus\n|move|p2a: Landorus|Earthquake|p1a: Koraidon\n|-damage|p1a: Koraidon|37\/100\n|\n|-weather|SunnyDay|[upkeep]\n|upkeep\n|turn|24\n|\n|t:|1697690299\n|switch|p1a: Chi-Yu|Chi-Yu|100\/100\n|-damage|p1a: Chi-Yu|76\/100|[from] Stealth Rock\n|-ability|p1a: Chi-Yu|Beads of Ruin\n|move|p2a: Landorus|Earthquake|p1a: Chi-Yu\n|-supereffective|p1a: Chi-Yu\n|-damage|p1a: Chi-Yu|0 fnt\n|faint|p1a: Chi-Yu\n|\n|-weather|SunnyDay|[upkeep]\n|upkeep\n|\n|t:|1697690309\n|switch|p1a: Koraidon|Koraidon|37\/100\n|-damage|p1a: Koraidon|31\/100|[from] Stealth Rock\n|-activate|p1a: Koraidon|ability: Orichalcum Pulse\n|turn|25\n|\n|t:|1697690314\n|move|p1a: Koraidon|Outrage|p2a: Landorus\n|-crit|p2a: Landorus\n|-damage|p2a: Landorus|0 fnt\n|-damage|p1a: Koraidon|15\/100|[from] item: Rocky Helmet|[of] p2a: Landorus\n|faint|p2a: Landorus\n|\n|-weather|SunnyDay|[upkeep]\n|upkeep\n|\n|t:|1697690321\n|switch|p2a: Arceus|Arceus|100\/100\n|-damage|p2a: Arceus|75\/100|[from] Spikes\n|turn|26\n|c|\u2606kobb|gg\n|\n|t:|1697690327\n|move|p2a: Arceus|Extreme Speed|p1a: Koraidon\n|-damage|p1a: Koraidon|0 fnt\n|faint|p1a: Koraidon\n|\n|win|HailRaatma\n|raw|kobb's rating: 1000 &rarr; <strong>1000<\/strong><br \/>(+0 for losing)\n|raw|HailRaatma's rating: 1070 &rarr; <strong>1094<\/strong><br \/>(+24 for winning)\n|c|\u2606HailRaatma|gg\n","uploadtime":1697690348,"views":12,"p1id":"kobb","p2id":"hailraatma","formatid":"gen9ubers","rating":1000,"private":0,"password":""}