{"id":"gen9ubers-1988611101","p1":"RubenPaCe","p2":"AlicieLizzie","format":"[Gen 9] Ubers","log":"|j|\u2606RubenPaCe\n|j|\u2606AlicieLizzie\n|t:|1699741772\n|gametype|singles\n|player|p1|RubenPaCe|camper|\n|player|p2|AlicieLizzie|marnie-masters3|\n|teamsize|p1|6\n|teamsize|p2|6\n|gen|9\n|tier|[Gen 9] Ubers\n|rule|Sleep Clause Mod: Limit one foe put to sleep\n|rule|Species Clause: Limit one of each Pok\u00e9mon\n|rule|OHKO Clause: OHKO moves are banned\n|rule|Evasion Items Clause: Evasion items are banned\n|rule|Evasion Moves Clause: Evasion moves are banned\n|rule|Endless Battle Clause: Forcing endless battles is banned\n|rule|HP Percentage Mod: HP is shown in percentages\n|clearpoke\n|poke|p1|Pelipper, M|\n|poke|p1|Magearna|\n|poke|p1|Palkia-Origin|\n|poke|p1|Palafin, F|\n|poke|p1|Arceus-Grass|\n|poke|p1|Landorus, M|\n|poke|p2|Jirachi|\n|poke|p2|Arceus-Poison|\n|poke|p2|Chi-Yu|\n|poke|p2|Zacian-*|\n|poke|p2|Kommo-o, M|\n|poke|p2|Cyclizar, M|\n|teampreview\n|inactive|Battle timer is ON: inactive players will automatically lose when time's up. (requested by AlicieLizzie)\n|c|\u2606RubenPaCe|that better not be snore rachi\n|\n|t:|1699741793\n|start\n|switch|p1a: Landorus|Landorus, M|100\/100\n|switch|p2a: you spin me right|Cyclizar, M|100\/100\n|turn|1\n|\n|t:|1699741800\n|move|p1a: Landorus|Sandsear Storm|p2a: you spin me right\n|-damage|p2a: you spin me right|5\/100\n|move|p2a: you spin me right|Shed Tail|p2a: you spin me right\n|-fail|p2a: you spin me right|move: Shed Tail|[weak]\n|\n|upkeep\n|turn|2\n|c|\u2606AlicieLizzie|oh\n|\n|t:|1699741826\n|switch|p2a: asshole|Zacian|100\/100\n|-ability|p2a: asshole|Intrepid Sword|boost\n|-boost|p2a: asshole|atk|1\n|move|p1a: Landorus|Sandsear Storm|p2a: asshole\n|-damage|p2a: asshole|48\/100\n|\n|upkeep\n|turn|3\n|c|\u2606RubenPaCe|this a strong mon\n|\n|t:|1699741838\n|switch|p1a: Pelipper|Pelipper, M|100\/100\n|-weather|RainDance|[from] ability: Drizzle|[of] p1a: Pelipper\n|move|p2a: asshole|Play Rough|p1a: Pelipper\n|-damage|p1a: Pelipper|24\/100\n|\n|-weather|RainDance|[upkeep]\n|upkeep\n|turn|4\n|c|\u2606AlicieLizzie|scarf lando is something i never thought of\n|\n|t:|1699741848\n|switch|p1a: Magearna|Magearna|100\/100\n|move|p2a: asshole|Play Rough|p1a: Magearna\n|-resisted|p1a: Magearna\n|-damage|p1a: Magearna|59\/100\n|\n|-weather|RainDance|[upkeep]\n|-heal|p1a: Magearna|65\/100|[from] item: Leftovers\n|upkeep\n|turn|5\n|c|\u2606AlicieLizzie|pretty scary\n|\n|t:|1699741857\n|move|p2a: asshole|Play Rough|p1a: Magearna\n|-resisted|p1a: Magearna\n|-damage|p1a: Magearna|24\/100\n|move|p1a: Magearna|Volt Switch|p2a: asshole\n|-damage|p2a: asshole|30\/100\n|\n|t:|1699741859\n|switch|p1a: Landorus|Landorus, M|100\/100|[from] Volt Switch\n|\n|-weather|RainDance|[upkeep]\n|upkeep\n|turn|6\n|\n|t:|1699741866\n|move|p1a: Landorus|Sandsear Storm|p2a: asshole\n|-damage|p2a: asshole|0 fnt\n|faint|p2a: asshole\n|\n|-weather|RainDance|[upkeep]\n|upkeep\n|\n|t:|1699741887\n|switch|p2a: loud|Kommo-o, M|100\/100\n|turn|7\n|c|\u2606RubenPaCe|I'm going to regret doing this\n|\n|t:|1699741907\n|-terastallize|p1a: Landorus|Ground\n|move|p1a: Landorus|Sandsear Storm|p2a: loud\n|-damage|p2a: loud|8\/100\n|move|p2a: loud|Boomburst|p1a: Landorus\n|-damage|p1a: Landorus|53\/100\n|-enditem|p2a: loud|Throat Spray\n|-boost|p2a: loud|spa|1|[from] item: Throat Spray\n|\n|-weather|RainDance|[upkeep]\n|upkeep\n|turn|8\n|c|\u2606RubenPaCe|how did that live\n|\n|t:|1699741922\n|move|p1a: Landorus|Sandsear Storm|p2a: loud\n|-damage|p2a: loud|0 fnt\n|faint|p2a: loud\n|\n|-weather|RainDance|[upkeep]\n|upkeep\n|inactive|AlicieLizzie has 270 seconds left.\n|\n|t:|1699741961\n|switch|p2a: valorant player|Arceus-Poison|100\/100\n|turn|9\n|c|\u2606AlicieLizzie|yeah this is gg\n|c|\u2606AlicieLizzie|wtf\n|\n|t:|1699741970\n|move|p1a: Landorus|Sandsear Storm|p2a: valorant player\n|-supereffective|p2a: valorant player\n|-damage|p2a: valorant player|0 fnt\n|faint|p2a: valorant player\n|\n|-weather|RainDance|[upkeep]\n|upkeep\n|\n|t:|1699741973\n|switch|p2a: you spin me right|Cyclizar, M|38\/100\n|turn|10\n|\n|t:|1699741977\n|move|p1a: Landorus|Sandsear Storm|p2a: you spin me right\n|-damage|p2a: you spin me right|0 fnt\n|faint|p2a: you spin me right\n|\n|-weather|none\n|upkeep\n|\n|t:|1699741983\n|switch|p2a: 252+ SpA Beads of|Chi-Yu|100\/100\n|-ability|p2a: 252+ SpA Beads of|Beads of Ruin\n|turn|11\n|c|\u2606RubenPaCe|now this is where it becomes scary\n|\n|t:|1699741990\n|switch|p1a: Pelipper|Pelipper, M|24\/100\n|-weather|RainDance|[from] ability: Drizzle|[of] p1a: Pelipper\n|move|p2a: 252+ SpA Beads of|Dark Pulse|p1a: Pelipper\n|-damage|p1a: Pelipper|0 fnt\n|faint|p1a: Pelipper\n|\n|-weather|RainDance|[upkeep]\n|upkeep\n|\n|t:|1699741996\n|switch|p1a: Palafin|Palafin, F|100\/100\n|turn|12\n|c|\u2606AlicieLizzie|you always outspeed\n|\n|t:|1699742003\n|detailschange|p1a: Palafin|Palafin-Hero, F\n|switch|p1a: Magearna|Magearna|24\/100\n|move|p2a: 252+ SpA Beads of|Dark Pulse|p1a: Magearna\n|-resisted|p1a: Magearna\n|-damage|p1a: Magearna|5\/100\n|\n|-weather|RainDance|[upkeep]\n|-heal|p1a: Magearna|11\/100|[from] item: Leftovers\n|upkeep\n|turn|13\n|c|\u2606RubenPaCe|yeah but it can miss\n|\n|t:|1699742008\n|move|p2a: 252+ SpA Beads of|Dark Pulse|p1a: Magearna\n|-resisted|p1a: Magearna\n|-damage|p1a: Magearna|0 fnt\n|faint|p1a: Magearna\n|\n|-weather|RainDance|[upkeep]\n|upkeep\n|\n|t:|1699742010\n|switch|p1a: Landorus|Landorus, M, tera:Ground|53\/100\n|turn|14\n|c|\u2606AlicieLizzie|not in rain\n|\n|t:|1699742014\n|move|p1a: Landorus|Sandsear Storm|p2a: 252+ SpA Beads of\n|-supereffective|p2a: 252+ SpA Beads of\n|-damage|p2a: 252+ SpA Beads of|0 fnt\n|faint|p2a: 252+ SpA Beads of\n|\n|-weather|RainDance|[upkeep]\n|upkeep\n|c|\u2606RubenPaCe|well yeah, not in rain\n|\n|t:|1699742016\n|switch|p2a: qbking4|Jirachi|100\/100\n|turn|15\n|c|\u2606RubenPaCe|but rain wasn't up\n|c|\u2606AlicieLizzie|yeah switch to pelipper then into lando\n|\n|t:|1699742030\n|move|p1a: Landorus|Sandsear Storm|p2a: qbking4\n|-supereffective|p2a: qbking4\n|-damage|p2a: qbking4|0 fnt\n|faint|p2a: qbking4\n|\n|win|RubenPaCe\n|c|\u2606RubenPaCe|this mon is crazy in rain\n|c|\u2606AlicieLizzie|yeah it's nuts, but i always ran lorb\n|c|\u2606AlicieLizzie|scarf lando is insane\n|c|\u2606RubenPaCe|I needed some speed control and I saw a landorus and thought \"yeah why not\"\n|c|\u2606RubenPaCe|and well\n|c|\u2606AlicieLizzie|yea\n|c|\u2606RubenPaCe|it's not that strong that's for sure\n|c|\u2606RubenPaCe|a tera ground 130 BP stab move didn't even OHKO an offensive mon\n|c|\u2606RubenPaCe|but it does its job\n|l|\u2606AlicieLizzie\n","uploadtime":1699742135,"views":6,"p1id":"rubenpace","p2id":"alicielizzie","formatid":"gen9ubers","rating":0,"private":0,"password":""}