{"id":"gen9ubers-1971551799","p1":"Anne Frankkkk","p2":"snailakale","format":"[Gen 9] Ubers","log":"|j|\u2606Anne Frankkkk\n|j|\u2606snailakale\n|t:|1697747701\n|gametype|singles\n|player|p1|Anne Frankkkk|hilbert|1135\n|player|p2|snailakale|benga|1000\n|teamsize|p1|6\n|teamsize|p2|6\n|gen|9\n|tier|[Gen 9] Ubers\n|rated|\n|rule|Sleep Clause Mod: Limit one foe put to sleep\n|rule|Species Clause: Limit one of each Pok\u00e9mon\n|rule|OHKO Clause: OHKO moves are banned\n|rule|Evasion Items Clause: Evasion items are banned\n|rule|Evasion Moves Clause: Evasion moves are banned\n|rule|Endless Battle Clause: Forcing endless battles is banned\n|rule|HP Percentage Mod: HP is shown in percentages\n|clearpoke\n|poke|p1|Iron Hands|\n|poke|p1|Kyogre|\n|poke|p1|Chien-Pao|\n|poke|p1|Donphan, M|\n|poke|p1|Miraidon|\n|poke|p1|Iron Moth|\n|poke|p2|Walking Wake|\n|poke|p2|Zoroark-Hisui, M|\n|poke|p2|Sylveon, F|\n|poke|p2|Gliscor, M|\n|poke|p2|Darkrai|\n|poke|p2|Urshifu-*, M|\n|teampreview\n|inactive|Battle timer is ON: inactive players will automatically lose when time's up. (requested by Anne Frankkkk)\n|\n|t:|1697747713\n|start\n|switch|p1a: Iron Hands|Iron Hands, shiny|100\/100\n|switch|p2a: Urshifu|Urshifu-Rapid-Strike, M|100\/100\n|turn|1\n|\n|t:|1697747722\n|-terastallize|p2a: Urshifu|Water\n|move|p2a: Urshifu|Surging Strikes|p1a: Iron Hands\n|-crit|p1a: Iron Hands\n|-damage|p1a: Iron Hands|77\/100\n|-crit|p1a: Iron Hands\n|-damage|p1a: Iron Hands|54\/100\n|-crit|p1a: Iron Hands\n|-damage|p1a: Iron Hands|30\/100\n|-hitcount|p1a: Iron Hands|3\n|move|p1a: Iron Hands|Wild Charge|p2a: Urshifu\n|-supereffective|p2a: Urshifu\n|-damage|p2a: Urshifu|0 fnt\n|faint|p2a: Urshifu\n|-damage|p1a: Iron Hands|13\/100|[from] Recoil\n|\n|upkeep\n|\n|t:|1697747737\n|switch|p2a: Sylveon|Sylveon, F, shiny|100\/100\n|turn|2\n|\n|t:|1697747752\n|move|p2a: Sylveon|Quick Attack|p1a: Iron Hands\n|-supereffective|p1a: Iron Hands\n|-damage|p1a: Iron Hands|0 fnt\n|faint|p1a: Iron Hands\n|-end|p1a: Iron Hands|Quark Drive|[silent]\n|\n|upkeep\n|\n|t:|1697747761\n|switch|p1a: Iron Moth|Iron Moth, shiny|100\/100\n|turn|3\n|\n|t:|1697747767\n|switch|p2a: Gliscor|Gliscor, M, shiny|100\/100\n|move|p1a: Iron Moth|Fiery Dance|p2a: Gliscor\n|-damage|p2a: Gliscor|26\/100\n|-damage|p1a: Iron Moth|91\/100|[from] item: Life Orb\n|\n|-status|p2a: Gliscor|tox|[from] item: Toxic Orb\n|upkeep\n|turn|4\n|\n|t:|1697747779\n|move|p1a: Iron Moth|Fiery Dance|p2a: Gliscor\n|-damage|p2a: Gliscor|0 fnt\n|faint|p2a: Gliscor\n|-damage|p1a: Iron Moth|81\/100|[from] item: Life Orb\n|\n|upkeep\n|inactive|snailakale has 120 seconds left.\n|\n|t:|1697747805\n|switch|p2a: Darkrai|Darkrai, shiny|100\/100\n|turn|5\n|\n|t:|1697747811\n|move|p1a: Iron Moth|Fiery Dance|p2a: Darkrai\n|-damage|p2a: Darkrai|25\/100\n|-damage|p1a: Iron Moth|71\/100|[from] item: Life Orb\n|move|p2a: Darkrai|Hypnosis|p1a: Iron Moth\n|-status|p1a: Iron Moth|slp|[from] move: Hypnosis\n|\n|-heal|p2a: Darkrai|31\/100|[from] item: Leftovers\n|-damage|p1a: Iron Moth|58\/100 slp|[from] ability: Bad Dreams|[of] p2a: Darkrai\n|upkeep\n|turn|6\n|\n|t:|1697747822\n|cant|p1a: Iron Moth|slp\n|move|p2a: Darkrai|Drain Punch|p1a: Iron Moth\n|-resisted|p1a: Iron Moth\n|-damage|p1a: Iron Moth|47\/100 slp\n|-heal|p2a: Darkrai|38\/100|[from] drain|[of] p1a: Iron Moth\n|\n|-heal|p2a: Darkrai|44\/100|[from] item: Leftovers\n|-damage|p1a: Iron Moth|35\/100 slp|[from] ability: Bad Dreams|[of] p2a: Darkrai\n|upkeep\n|turn|7\n|\n|t:|1697747834\n|move|p2a: Darkrai|Sucker Punch|p1a: Iron Moth\n|-damage|p1a: Iron Moth|5\/100 slp\n|cant|p1a: Iron Moth|slp\n|\n|-heal|p2a: Darkrai|50\/100|[from] item: Leftovers\n|-damage|p1a: Iron Moth|0 fnt|[from] ability: Bad Dreams|[of] p2a: Darkrai\n|faint|p1a: Iron Moth\n|-end|p1a: Iron Moth|Quark Drive|[silent]\n|upkeep\n|\n|t:|1697747840\n|switch|p1a: Chien-Pao|Chien-Pao|100\/100\n|-ability|p1a: Chien-Pao|Sword of Ruin\n|turn|8\n|\n|t:|1697747847\n|move|p1a: Chien-Pao|Swords Dance|p1a: Chien-Pao\n|-boost|p1a: Chien-Pao|atk|2\n|move|p2a: Darkrai|Drain Punch|p1a: Chien-Pao\n|-supereffective|p1a: Chien-Pao\n|-damage|p1a: Chien-Pao|22\/100\n|-heal|p2a: Darkrai|92\/100|[from] drain|[of] p1a: Chien-Pao\n|\n|-heal|p2a: Darkrai|98\/100|[from] item: Leftovers\n|upkeep\n|turn|9\n|\n|t:|1697747857\n|move|p2a: Darkrai|Sucker Punch|p1a: Chien-Pao\n|-resisted|p1a: Chien-Pao\n|-damage|p1a: Chien-Pao|7\/100\n|move|p1a: Chien-Pao|Icicle Crash|p2a: Darkrai\n|-damage|p2a: Darkrai|0 fnt\n|faint|p2a: Darkrai\n|-damage|p1a: Chien-Pao|0 fnt|[from] item: Life Orb\n|faint|p1a: Chien-Pao\n|\n|upkeep\n|\n|t:|1697747871\n|switch|p1a: Donphan|Donphan, M, shiny|100\/100\n|switch|p2a: Sylveon|Sylveon, F, shiny|100\/100\n|turn|10\n|\n|t:|1697747877\n|move|p2a: Sylveon|Nasty Plot|p2a: Sylveon\n|-boost|p2a: Sylveon|spa|2\n|move|p1a: Donphan|Gunk Shot|p2a: Sylveon|[miss]\n|-miss|p1a: Donphan|p2a: Sylveon\n|\n|upkeep\n|turn|11\n|\n|t:|1697747886\n|move|p2a: Sylveon|Bitter Malice|p1a: Donphan\n|-damage|p1a: Donphan|11\/100\n|-unboost|p1a: Donphan|atk|1\n|move|p1a: Donphan|Earthquake|p2a: Sylveon\n|-damage|p2a: Sylveon|30\/100\n|replace|p2a: Zoro|Zoroark-Hisui, M, shiny\n|-end|p2a: Zoro|Illusion\n|\n|upkeep\n|turn|12\n|\n|t:|1697747897\n|move|p2a: Zoro|Dark Pulse|p1a: Donphan\n|-damage|p1a: Donphan|0 fnt\n|faint|p1a: Donphan\n|\n|upkeep\n|\n|t:|1697747902\n|switch|p1a: Kyogre|Kyogre|100\/100\n|-weather|RainDance|[from] ability: Drizzle|[of] p1a: Kyogre\n|turn|13\n|\n|t:|1697747920\n|move|p1a: Kyogre|Water Spout|p2a: Zoro\n|-damage|p2a: Zoro|0 fnt\n|faint|p2a: Zoro\n|\n|-weather|RainDance|[upkeep]\n|upkeep\n|\n|t:|1697747928\n|switch|p2a: Blue|Walking Wake|100\/100\n|-enditem|p2a: Blue|Booster Energy\n|-activate|p2a: Blue|ability: Protosynthesis|[fromitem]\n|-start|p2a: Blue|protosynthesisspa\n|turn|14\n|\n|t:|1697747940\n|switch|p1a: Miraidon|Miraidon|100\/100\n|-fieldstart|move: Electric Terrain|[from] ability: Hadron Engine|[of] p1a: Miraidon\n|-item|p1a: Miraidon|Air Balloon\n|move|p2a: Blue|Dragon Dance|p2a: Blue\n|-boost|p2a: Blue|atk|1\n|-boost|p2a: Blue|spe|1\n|\n|-weather|RainDance|[upkeep]\n|upkeep\n|turn|15\n|\n|t:|1697747953\n|-terastallize|p1a: Miraidon|Fairy\n|move|p2a: Blue|Hydro Steam|p1a: Miraidon\n|-damage|p1a: Miraidon|30\/100\n|-enditem|p1a: Miraidon|Air Balloon\n|move|p1a: Miraidon|Dragon Pulse|p2a: Blue\n|-supereffective|p2a: Blue\n|-damage|p2a: Blue|0 fnt\n|faint|p2a: Blue\n|-end|p2a: Blue|Protosynthesis|[silent]\n|\n|-weather|RainDance|[upkeep]\n|upkeep\n|\n|t:|1697747969\n|switch|p2a: Sylveon|Sylveon, F, shiny|100\/100\n|turn|16\n|\n|t:|1697747973\n|move|p2a: Sylveon|Quick Attack|p1a: Miraidon\n|-damage|p1a: Miraidon|17\/100\n|move|p1a: Miraidon|Electro Drift|p2a: Sylveon\n|-damage|p2a: Sylveon|19\/100\n|\n|-weather|RainDance|[upkeep]\n|upkeep\n|turn|17\n|\n|t:|1697747983\n|move|p1a: Miraidon|Electro Drift|p2a: Sylveon\n|-damage|p2a: Sylveon|0 fnt\n|faint|p2a: Sylveon\n|\n|win|Anne Frankkkk\n|raw|Anne Frankkkk's rating: 1135 &rarr; <strong>1151<\/strong><br \/>(+16 for winning)\n|raw|snailakale's rating: 1000 &rarr; <strong>1000<\/strong><br \/>(+0 for losing)\n","uploadtime":1697747989,"views":8,"p1id":"annefrankkkk","p2id":"snailakale","formatid":"gen9ubers","rating":1000,"private":0,"password":""}