{"id":"gen9ubers-1996464755","p1":"Aurorecristal","p2":"Roxas RPPLF","format":"[Gen 9] Ubers","log":"|j|\u2606Aurorecristal\n|j|\u2606Roxas RPPLF\n|t:|1700684591\n|gametype|singles\n|player|p1|Aurorecristal|lady|\n|player|p2|Roxas RPPLF|supernerd|\n|teamsize|p1|6\n|teamsize|p2|6\n|gen|9\n|tier|[Gen 9] Ubers\n|rule|Sleep Clause Mod: Limit one foe put to sleep\n|rule|Species Clause: Limit one of each Pok\u00e9mon\n|rule|OHKO Clause: OHKO moves are banned\n|rule|Evasion Items Clause: Evasion items are banned\n|rule|Evasion Moves Clause: Evasion moves are banned\n|rule|Endless Battle Clause: Forcing endless battles is banned\n|rule|HP Percentage Mod: HP is shown in percentages\n|clearpoke\n|poke|p1|Kingambit, M|\n|poke|p1|Ditto|\n|poke|p1|Scream Tail|\n|poke|p1|Alomomola, F|\n|poke|p1|Okidogi, M|\n|poke|p1|Annihilape, M|\n|poke|p2|Miraidon|\n|poke|p2|Iron Leaves|\n|poke|p2|Iron Moth|\n|poke|p2|Iron Hands|\n|poke|p2|Iron Jugulis|\n|poke|p2|Forretress, F|\n|teampreview\n|c|\u2606Aurorecristal|Glhf\n|c|\u2606Aurorecristal|\u00c7a promet\n|c|\u2606Roxas RPPLF|Hf\n|c|\u2606Roxas RPPLF|Ahah le m\u00e9tamorph de merde xD\n|\n|t:|1700684640\n|start\n|switch|p1a: Okikitty|Okidogi, M|100\/100\n|switch|p2a: Miraidon|Miraidon|100\/100\n|-fieldstart|move: Electric Terrain|[from] ability: Hadron Engine|[of] p2a: Miraidon\n|turn|1\n|\n|t:|1700684655\n|move|p2a: Miraidon|Electro Drift|p1a: Okikitty\n|-damage|p1a: Okikitty|26\/100\n|move|p1a: Okikitty|Knock Off|p2a: Miraidon\n|-damage|p2a: Miraidon|68\/100\n|-enditem|p2a: Miraidon|Terrain Extender|[from] move: Knock Off|[of] p1a: Okikitty\n|\n|-heal|p1a: Okikitty|32\/100|[from] item: Black Sludge\n|upkeep\n|turn|2\n|\n|t:|1700684667\n|move|p1a: Okikitty|Protect|p1a: Okikitty\n|-singleturn|p1a: Okikitty|Protect\n|move|p2a: Miraidon|Electro Drift|p1a: Okikitty\n|-activate|p1a: Okikitty|move: Protect\n|\n|-heal|p1a: Okikitty|38\/100|[from] item: Black Sludge\n|upkeep\n|turn|3\n|\n|t:|1700684690\n|switch|p1a: Slimy slime|Ditto|100\/100\n|-transform|p1a: Slimy slime|p2a: Miraidon|[from] ability: Imposter\n|-activate|p1a: Slimy slime|ability: Hadron Engine\n|move|p2a: Miraidon|Electro Drift|p1a: Slimy slime\n|-resisted|p1a: Slimy slime\n|-damage|p1a: Slimy slime|75\/100\n|\n|upkeep\n|turn|4\n|\n|t:|1700684709\n|switch|p2a: Forretress|Forretress, F|100\/100\n|move|p1a: Slimy slime|Draco Meteor|p2a: Forretress\n|-resisted|p2a: Forretress\n|-damage|p2a: Forretress|36\/100\n|-unboost|p1a: Slimy slime|spa|2\n|\n|upkeep\n|turn|5\n|\n|t:|1700684722\n|move|p1a: Slimy slime|Draco Meteor|p2a: Forretress\n|-resisted|p2a: Forretress\n|-damage|p2a: Forretress|5\/100\n|-unboost|p1a: Slimy slime|spa|2\n|move|p2a: Forretress|Volt Switch|p1a: Slimy slime\n|-resisted|p1a: Slimy slime\n|-damage|p1a: Slimy slime|72\/100\n|\n|t:|1700684754\n|switch|p2a: Iron Moth|Iron Moth|100\/100|[from] Volt Switch\n|-activate|p2a: Iron Moth|ability: Quark Drive\n|-start|p2a: Iron Moth|quarkdrivespe\n|\n|upkeep\n|turn|6\n|\n|t:|1700684764\n|switch|p1a: Lovdisc|Alomomola, F|100\/100\n|move|p2a: Iron Moth|Fiery Dance|p1a: Lovdisc\n|-resisted|p1a: Lovdisc\n|-damage|p1a: Lovdisc|86\/100\n|\n|upkeep\n|turn|7\n|\n|t:|1700684772\n|move|p2a: Iron Moth|Discharge|p1a: Lovdisc\n|-supereffective|p1a: Lovdisc\n|-crit|p1a: Lovdisc\n|-damage|p1a: Lovdisc|4\/100\n|move|p1a: Lovdisc|Flip Turn|p2a: Iron Moth\n|-supereffective|p2a: Iron Moth\n|-damage|p2a: Iron Moth|46\/100\n|\n|t:|1700684802\n|switch|p1a: Okikitty|Okidogi, M|38\/100|[from] Flip Turn\n|\n|-heal|p1a: Okikitty|44\/100|[from] item: Black Sludge\n|upkeep\n|turn|8\n|\n|t:|1700684817\n|move|p1a: Okikitty|Protect|p1a: Okikitty\n|-singleturn|p1a: Okikitty|Protect\n|move|p2a: Iron Moth|Fiery Dance|p1a: Okikitty\n|-activate|p1a: Okikitty|move: Protect\n|\n|-heal|p1a: Okikitty|50\/100|[from] item: Black Sludge\n|-fieldend|move: Electric Terrain\n|-end|p2a: Iron Moth|Quark Drive\n|upkeep\n|turn|9\n|\n|t:|1700684834\n|move|p2a: Iron Moth|Fiery Dance|p1a: Okikitty\n|-damage|p1a: Okikitty|12\/100\n|move|p1a: Okikitty|Knock Off|p2a: Iron Moth\n|-damage|p2a: Iron Moth|0 fnt\n|-enditem|p2a: Iron Moth|Heavy-Duty Boots|[from] move: Knock Off|[of] p1a: Okikitty\n|faint|p2a: Iron Moth\n|-end|p2a: Iron Moth|Quark Drive|[silent]\n|\n|-heal|p1a: Okikitty|18\/100|[from] item: Black Sludge\n|upkeep\n|\n|t:|1700684870\n|switch|p2a: Iron Jugulis|Iron Jugulis|100\/100\n|turn|10\n|c|\u2606Aurorecristal|Dire que tu peux faire tout \u00e7a avec 5 pts\n|\n|t:|1700684882\n|move|p2a: Iron Jugulis|Earth Power|p1a: Okikitty\n|-supereffective|p1a: Okikitty\n|-damage|p1a: Okikitty|0 fnt\n|faint|p1a: Okikitty\n|\n|upkeep\n|\n|t:|1700684884\n|switch|p1a: Angry bird|Annihilape, M|100\/100\n|turn|11\n|\n|t:|1700684897\n|-end|p2a: Iron Jugulis|Quark Drive|[silent]\n|switch|p2a: Miraidon|Miraidon|68\/100\n|-fieldstart|move: Electric Terrain|[from] ability: Hadron Engine|[of] p2a: Miraidon\n|move|p1a: Angry bird|U-turn|p2a: Miraidon\n|-damage|p2a: Miraidon|46\/100\n|\n|t:|1700684911\n|switch|p1a: Slimy slime|Ditto|72\/100|[from] U-turn\n|-transform|p1a: Slimy slime|p2a: Miraidon|[from] ability: Imposter\n|-activate|p1a: Slimy slime|ability: Hadron Engine\n|\n|upkeep\n|turn|12\n|c|\u2606Roxas RPPLF|Ahah ouais c'est aberrant\n|c|\u2606Roxas RPPLF|Mais la tienne est vraiment bien insane aussi\n|\n|t:|1700684937\n|switch|p2a: Forretress|Forretress, F|5\/100\n|move|p1a: Slimy slime|U-turn|p2a: Forretress\n|-resisted|p2a: Forretress\n|-damage|p2a: Forretress|1\/100\n|-damage|p1a: Slimy slime|56\/100|[from] item: Rocky Helmet|[of] p2a: Forretress\n|c|\u2606Aurorecristal|Ah ? Merci \ud83d\ude0a\n|\n|t:|1700684944\n|switch|p1a: Lovdisc|Alomomola, F|37\/100|[from] U-turn\n|\n|upkeep\n|turn|13\n|\n|t:|1700684960\n|move|p1a: Lovdisc|Protect|p1a: Lovdisc\n|-singleturn|p1a: Lovdisc|Protect\n|move|p2a: Forretress|Volt Switch|p1a: Lovdisc\n|-activate|p1a: Lovdisc|move: Protect\n|\n|upkeep\n|turn|14\n|\n|t:|1700684974\n|move|p1a: Lovdisc|Wish|p1a: Lovdisc\n|move|p2a: Forretress|Stealth Rock|p1a: Lovdisc\n|-sidestart|p1: Aurorecristal|move: Stealth Rock\n|\n|upkeep\n|turn|15\n|\n|t:|1700684985\n|move|p1a: Lovdisc|Whirlpool|p2a: Forretress\n|-damage|p2a: Forretress|0 fnt\n|faint|p2a: Forretress\n|\n|-heal|p1a: Lovdisc|87\/100|[from] move: Wish|[wisher] Lovdisc\n|-fieldend|move: Electric Terrain\n|upkeep\n|\n|t:|1700685012\n|switch|p2a: Iron Leaves|Iron Leaves|100\/100\n|turn|16\n|\n|t:|1700685040\n|move|p1a: Lovdisc|Protect|p1a: Lovdisc\n|-singleturn|p1a: Lovdisc|Protect\n|move|p2a: Iron Leaves|Leaf Blade|p1a: Lovdisc\n|-activate|p1a: Lovdisc|move: Protect\n|\n|upkeep\n|turn|17\n|\n|t:|1700685054\n|switch|p1a: Tail'low|Scream Tail|100\/100\n|-damage|p1a: Tail'low|88\/100|[from] Stealth Rock\n|move|p2a: Iron Leaves|Swords Dance|p2a: Iron Leaves\n|-boost|p2a: Iron Leaves|atk|2\n|\n|-heal|p1a: Tail'low|94\/100|[from] item: Leftovers\n|upkeep\n|turn|18\n|\n|t:|1700685068\n|move|p2a: Iron Leaves|Leaf Blade|p1a: Tail'low\n|-damage|p1a: Tail'low|19\/100\n|move|p1a: Tail'low|Perish Song|p1a: Tail'low\n|-start|p1a: Tail'low|perish3|[silent]\n|-start|p2a: Iron Leaves|perish3|[silent]\n|-fieldactivate|move: Perish Song\n|\n|-heal|p1a: Tail'low|25\/100|[from] item: Leftovers\n|-start|p2a: Iron Leaves|perish3\n|-start|p1a: Tail'low|perish3\n|upkeep\n|turn|19\n|\n|t:|1700685085\n|move|p1a: Tail'low|Protect|p1a: Tail'low\n|-singleturn|p1a: Tail'low|Protect\n|move|p2a: Iron Leaves|Leaf Blade|p1a: Tail'low\n|-activate|p1a: Tail'low|move: Protect\n|\n|-heal|p1a: Tail'low|31\/100|[from] item: Leftovers\n|-start|p2a: Iron Leaves|perish2\n|-start|p1a: Tail'low|perish2\n|upkeep\n|turn|20\n|\n|t:|1700685102\n|-end|p2a: Iron Leaves|Quark Drive|[silent]\n|switch|p2a: Iron Jugulis|Iron Jugulis|100\/100\n|-end|p1a: Tail'low|Protosynthesis|[silent]\n|switch|p1a: My Lord|Kingambit, M|100\/100\n|-damage|p1a: My Lord|94\/100|[from] Stealth Rock\n|-activate|p1a: My Lord|ability: Supreme Overlord\n|-start|p1a: My Lord|fallen1|[silent]\n|\n|upkeep\n|turn|21\n|\n|t:|1700685117\n|move|p2a: Iron Jugulis|Earth Power|p1a: My Lord\n|-supereffective|p1a: My Lord\n|-damage|p1a: My Lord|15\/100\n|move|p1a: My Lord|Iron Head|p2a: Iron Jugulis\n|-damage|p2a: Iron Jugulis|16\/100\n|-damage|p1a: My Lord|5\/100|[from] item: Life Orb\n|\n|upkeep\n|turn|22\n|\n|t:|1700685128\n|-end|p2a: Iron Jugulis|Quark Drive|[silent]\n|switch|p2a: Iron Hands|Iron Hands|100\/100\n|move|p1a: My Lord|Sucker Punch||[still]\n|-fail|p1a: My Lord\n|\n|upkeep\n|turn|23\n|\n|t:|1700685145\n|move|p2a: Iron Hands|Thunder Punch|p1a: My Lord\n|-damage|p1a: My Lord|0 fnt\n|faint|p1a: My Lord\n|-end|p1a: My Lord|fallen1|[silent]\n|\n|upkeep\n|\n|t:|1700685154\n|switch|p1a: Angry bird|Annihilape, M|100\/100\n|-damage|p1a: Angry bird|94\/100|[from] Stealth Rock\n|turn|24\n|\n|t:|1700685170\n|move|p1a: Angry bird|Drain Punch|p2a: Iron Hands\n|-damage|p2a: Iron Hands|79\/100\n|-heal|p1a: Angry bird|100\/100|[from] drain|[of] p2a: Iron Hands\n|move|p2a: Iron Hands|Thunder Punch|p1a: Angry bird\n|-damage|p1a: Angry bird|45\/100\n|-status|p1a: Angry bird|par\n|\n|upkeep\n|turn|25\n|c|\u2606Roxas RPPLF|Oh cette chance\n|c|\u2606Roxas RPPLF|D\u00e9sol\u00e9\n|c|\u2606Aurorecristal|Tkt\n|\n|t:|1700685193\n|move|p1a: Angry bird|Drain Punch|p2a: Iron Hands\n|-damage|p2a: Iron Hands|55\/100\n|-heal|p1a: Angry bird|63\/100 par|[from] drain|[of] p2a: Iron Hands\n|move|p2a: Iron Hands|Thunder Punch|p1a: Angry bird\n|-damage|p1a: Angry bird|9\/100 par\n|\n|upkeep\n|turn|26\n|\n|t:|1700685205\n|move|p1a: Angry bird|Rage Fist|p2a: Iron Hands\n|-damage|p2a: Iron Hands|9\/100\n|move|p2a: Iron Hands|Thunder Punch|p1a: Angry bird\n|-damage|p1a: Angry bird|0 fnt\n|faint|p1a: Angry bird\n|\n|upkeep\n|\n|t:|1700685217\n|switch|p1a: Tail'low|Scream Tail|31\/100\n|-damage|p1a: Tail'low|19\/100|[from] Stealth Rock\n|turn|27\n|c|\u2606Aurorecristal|La para change rien du coup\n|\n|t:|1700685245\n|move|p1a: Tail'low|Protect|p1a: Tail'low\n|-singleturn|p1a: Tail'low|Protect\n|move|p2a: Iron Hands|Earthquake|p1a: Tail'low\n|-activate|p1a: Tail'low|move: Protect\n|\n|-heal|p1a: Tail'low|25\/100|[from] item: Leftovers\n|upkeep\n|turn|28\n|\n|t:|1700685254\n|-end|p2a: Iron Hands|Quark Drive|[silent]\n|switch|p2a: Iron Leaves|Iron Leaves|100\/100\n|move|p1a: Tail'low|Wish|p1a: Tail'low\n|\n|-heal|p1a: Tail'low|31\/100|[from] item: Leftovers\n|upkeep\n|turn|29\n|\n|t:|1700685295\n|move|p2a: Iron Leaves|Leaf Blade|p1a: Tail'low\n|-damage|p1a: Tail'low|0 fnt\n|faint|p1a: Tail'low\n|-end|p1a: Tail'low|Protosynthesis|[silent]\n|\n|upkeep\n|\n|t:|1700685297\n|switch|p1a: Slimy slime|Ditto|56\/100\n|-damage|p1a: Slimy slime|43\/100|[from] Stealth Rock\n|-transform|p1a: Slimy slime|p2a: Iron Leaves|[from] ability: Imposter\n|turn|30\n|\n|t:|1700685316\n|move|p1a: Slimy slime|Leaf Blade|p2a: Iron Leaves\n|-resisted|p2a: Iron Leaves\n|-crit|p2a: Iron Leaves\n|-damage|p2a: Iron Leaves|66\/100\n|move|p2a: Iron Leaves|Leaf Blade|p1a: Slimy slime\n|-resisted|p1a: Slimy slime\n|-damage|p1a: Slimy slime|17\/100\n|\n|upkeep\n|turn|31\n|\n|t:|1700685325\n|move|p1a: Slimy slime|Leaf Blade|p2a: Iron Leaves\n|-resisted|p2a: Iron Leaves\n|-damage|p2a: Iron Leaves|43\/100\n|move|p2a: Iron Leaves|Leaf Blade|p1a: Slimy slime\n|-resisted|p1a: Slimy slime\n|-damage|p1a: Slimy slime|0 fnt\n|faint|p1a: Slimy slime\n|-end|p1a: Slimy slime|Quark Drive|[silent]\n|\n|upkeep\n|c|\u2606Aurorecristal|Gg\n|\n|t:|1700685330\n|switch|p1a: Lovdisc|Alomomola, F|100\/100\n|-damage|p1a: Lovdisc|88\/100|[from] Stealth Rock\n|turn|32\n|c|\u2606Roxas RPPLF|Gg\n|\n|t:|1700685342\n|-terastallize|p1a: Lovdisc|Ghost\n|move|p2a: Iron Leaves|Leaf Blade|p1a: Lovdisc\n|-damage|p1a: Lovdisc|53\/100\n|-damage|p2a: Iron Leaves|26\/100|[from] item: Rocky Helmet|[of] p1a: Lovdisc\n|move|p1a: Lovdisc|Whirlpool|p2a: Iron Leaves\n|-resisted|p2a: Iron Leaves\n|-damage|p2a: Iron Leaves|23\/100\n|-activate|p2a: Iron Leaves|move: Whirlpool|[of] p1a: Lovdisc\n|\n|-damage|p2a: Iron Leaves|11\/100|[from] move: Whirlpool|[partiallytrapped]\n|upkeep\n|turn|33\n|\n|t:|1700685359\n|move|p2a: Iron Leaves|Leaf Blade|p1a: Lovdisc\n|-damage|p1a: Lovdisc|20\/100\n|-damage|p2a: Iron Leaves|0 fnt|[from] item: Rocky Helmet|[of] p1a: Lovdisc\n|faint|p2a: Iron Leaves\n|-end|p2a: Iron Leaves|Quark Drive|[silent]\n|move|p1a: Lovdisc|Wish|p1a: Lovdisc\n|\n|upkeep\n|\n|t:|1700685371\n|switch|p2a: Iron Jugulis|Iron Jugulis|16\/100\n|turn|34\n|\n|t:|1700685375\n|move|p1a: Lovdisc|Protect|p1a: Lovdisc\n|-singleturn|p1a: Lovdisc|Protect\n|move|p2a: Iron Jugulis|Dark Pulse|p1a: Lovdisc\n|-activate|p1a: Lovdisc|move: Protect\n|\n|-heal|p1a: Lovdisc|70\/100|[from] move: Wish|[wisher] Lovdisc\n|upkeep\n|turn|35\n|\n|t:|1700685383\n|move|p2a: Iron Jugulis|Dark Pulse|p1a: Lovdisc\n|-supereffective|p1a: Lovdisc\n|-damage|p1a: Lovdisc|0 fnt\n|faint|p1a: Lovdisc\n|\n|win|Roxas RPPLF\n","uploadtime":1700685394,"views":12,"p1id":"aurorecristal","p2id":"roxasrpplf","formatid":"gen9ubers","rating":0,"private":0,"password":""}