{"id":"gen9ubers-1983424732","p1":"the tr4sh man","p2":"Super Suit","format":"[Gen 9] Ubers","log":"|j|\u2606the tr4sh man\n|j|\u2606Super Suit\n|t:|1699128737\n|gametype|singles\n|player|p1|the tr4sh man|xerosic|\n|player|p2|Super Suit|170|\n|teamsize|p1|6\n|teamsize|p2|6\n|gen|9\n|tier|[Gen 9] Ubers\n|rule|Sleep Clause Mod: Limit one foe put to sleep\n|rule|Species Clause: Limit one of each Pok\u00e9mon\n|rule|OHKO Clause: OHKO moves are banned\n|rule|Evasion Items Clause: Evasion items are banned\n|rule|Evasion Moves Clause: Evasion moves are banned\n|rule|Endless Battle Clause: Forcing endless battles is banned\n|rule|HP Percentage Mod: HP is shown in percentages\n|clearpoke\n|poke|p1|Cloyster, F|\n|poke|p1|Flamigo, M|\n|poke|p1|Polteageist|\n|poke|p1|Torterra, F|\n|poke|p1|Torkoal, M|\n|poke|p1|Drednaw, M|\n|poke|p2|Arceus-Fire|\n|poke|p2|Cyclizar, F|\n|poke|p2|Palkia-Origin|\n|poke|p2|Garchomp, M|\n|poke|p2|Magearna|\n|poke|p2|Palafin, F|\n|teampreview\n|inactive|Battle timer is ON: inactive players will automatically lose when time's up. (requested by Super Suit)\n|c|\u2606Super Suit|glhf\n|c|\u2606the tr4sh man|u2\n|\n|t:|1699128752\n|start\n|switch|p1a: Cloyster|Cloyster, F|100\/100\n|switch|p2a: Palafin|Palafin, F|100\/100\n|turn|1\n|\n|t:|1699128757\n|move|p2a: Palafin|Flip Turn|p1a: Cloyster\n|-resisted|p1a: Cloyster\n|-damage|p1a: Cloyster|92\/100\n|\n|t:|1699128760\n|detailschange|p2a: Palafin|Palafin-Hero, F\n|switch|p2a: Magearna|Magearna|100\/100|[from] Flip Turn\n|move|p1a: Cloyster|Shell Smash|p1a: Cloyster\n|-unboost|p1a: Cloyster|def|1\n|-unboost|p1a: Cloyster|spd|1\n|-boost|p1a: Cloyster|atk|2\n|-boost|p1a: Cloyster|spa|2\n|-boost|p1a: Cloyster|spe|2\n|\n|upkeep\n|turn|2\n|\n|t:|1699128765\n|move|p1a: Cloyster|Waterfall|p2a: Magearna\n|-damage|p2a: Magearna|40\/100\n|cant|p2a: Magearna|flinch\n|\n|-heal|p2a: Magearna|46\/100|[from] item: Leftovers\n|upkeep\n|turn|3\n|\n|t:|1699128771\n|-terastallize|p2a: Magearna|Water\n|move|p1a: Cloyster|Waterfall|p2a: Magearna\n|-resisted|p2a: Magearna\n|-damage|p2a: Magearna|20\/100\n|move|p2a: Magearna|Draining Kiss|p1a: Cloyster\n|-damage|p1a: Cloyster|9\/100\n|-heal|p2a: Magearna|61\/100|[from] drain|[of] p1a: Cloyster\n|\n|-heal|p2a: Magearna|67\/100|[from] item: Leftovers\n|upkeep\n|turn|4\n|\n|t:|1699128775\n|move|p1a: Cloyster|Waterfall|p2a: Magearna\n|-resisted|p2a: Magearna\n|-damage|p2a: Magearna|38\/100\n|move|p2a: Magearna|Draining Kiss|p1a: Cloyster\n|-damage|p1a: Cloyster|0 fnt\n|-heal|p2a: Magearna|43\/100|[from] drain|[of] p1a: Cloyster\n|faint|p1a: Cloyster\n|-ability|p2a: Magearna|Soul-Heart|boost\n|-boost|p2a: Magearna|spa|1\n|\n|-heal|p2a: Magearna|49\/100|[from] item: Leftovers\n|upkeep\n|\n|t:|1699128786\n|switch|p1a: Torterra|Torterra, F|100\/100\n|turn|5\n|\n|t:|1699128793\n|switch|p2a: Garchomp|Garchomp, M|100\/100\n|move|p1a: Torterra|Shell Smash|p1a: Torterra\n|-unboost|p1a: Torterra|def|1\n|-unboost|p1a: Torterra|spd|1\n|-boost|p1a: Torterra|atk|2\n|-boost|p1a: Torterra|spa|2\n|-boost|p1a: Torterra|spe|2\n|\n|upkeep\n|turn|6\n|\n|t:|1699128797\n|move|p1a: Torterra|Bullet Seed|p2a: Garchomp\n|-damage|p2a: Garchomp|86\/100\n|-damage|p2a: Garchomp|72\/100\n|-damage|p2a: Garchomp|57\/100\n|-damage|p2a: Garchomp|43\/100\n|-damage|p2a: Garchomp|29\/100\n|-hitcount|p2a: Garchomp|5\n|move|p2a: Garchomp|Dragon Tail|p1a: Torterra\n|-damage|p1a: Torterra|64\/100\n|drag|p1a: Polteageist|Polteageist|100\/100\n|\n|upkeep\n|turn|7\n|\n|t:|1699128808\n|switch|p1a: Torterra|Torterra, F|64\/100\n|move|p2a: Garchomp|Dragon Tail|p1a: Torterra\n|-damage|p1a: Torterra|40\/100\n|drag|p1a: Drednaw|Drednaw, M|100\/100\n|\n|upkeep\n|turn|8\n|\n|t:|1699128814\n|move|p2a: Garchomp|Stealth Rock|p1a: Drednaw\n|-sidestart|p1: the tr4sh man|move: Stealth Rock\n|move|p1a: Drednaw|Earthquake|p2a: Garchomp\n|-damage|p2a: Garchomp|8\/100\n|\n|upkeep\n|turn|9\n|\n|t:|1699128821\n|move|p2a: Garchomp|Earthquake|p1a: Drednaw\n|-supereffective|p1a: Drednaw\n|-damage|p1a: Drednaw|6\/100\n|move|p1a: Drednaw|Earthquake|p2a: Garchomp\n|-damage|p2a: Garchomp|0 fnt\n|faint|p2a: Garchomp\n|\n|upkeep\n|\n|t:|1699128827\n|switch|p2a: Cyclizar|Cyclizar, F|100\/100\n|turn|10\n|\n|t:|1699128832\n|move|p2a: Cyclizar|U-turn|p1a: Drednaw\n|-damage|p1a: Drednaw|0 fnt\n|faint|p1a: Drednaw\n|\n|t:|1699128837\n|switch|p2a: Palafin|Palafin-Hero, F|100\/100|[from] U-turn\n|-activate|p2a: Palafin|ability: Zero to Hero\n|\n|upkeep\n|j| adpg.alt\n|\n|t:|1699128861\n|switch|p1a: Torterra|Torterra, F|40\/100\n|-damage|p1a: Torterra|34\/100|[from] Stealth Rock\n|turn|11\n|\n|t:|1699128870\n|move|p2a: Palafin|Flip Turn|p1a: Torterra\n|-damage|p1a: Torterra|0 fnt\n|faint|p1a: Torterra\n|\n|t:|1699128875\n|switch|p2a: Palkia|Palkia-Origin|100\/100|[from] Flip Turn\n|-ability|p2a: Palkia|Pressure\n|\n|upkeep\n|\n|t:|1699128883\n|switch|p1a: Polteageist|Polteageist|100\/100\n|-damage|p1a: Polteageist|88\/100|[from] Stealth Rock\n|turn|12\n|\n|t:|1699128887\n|move|p2a: Palkia|Spacial Rend|p1a: Polteageist\n|-crit|p1a: Polteageist\n|-damage|p1a: Polteageist|0 fnt\n|faint|p1a: Polteageist\n|\n|upkeep\n|\n|t:|1699128891\n|switch|p1a: Torkoal|Torkoal, M|100\/100\n|-damage|p1a: Torkoal|76\/100|[from] Stealth Rock\n|-weather|SunnyDay|[from] ability: Drought|[of] p1a: Torkoal\n|turn|13\n|\n|t:|1699128895\n|move|p2a: Palkia|Spacial Rend|p1a: Torkoal\n|-damage|p1a: Torkoal|0 fnt\n|faint|p1a: Torkoal\n|\n|-weather|SunnyDay|[upkeep]\n|upkeep\n|\n|t:|1699128898\n|switch|p1a: Flamigo|Flamigo, M|100\/100\n|-damage|p1a: Flamigo|88\/100|[from] Stealth Rock\n|turn|14\n|\n|t:|1699128900\n|move|p2a: Palkia|Spacial Rend|p1a: Flamigo\n|-damage|p1a: Flamigo|0 fnt\n|faint|p1a: Flamigo\n|\n|win|Super Suit\n|c|\u2606the tr4sh man|gg wp\n|c|\u2606Super Suit|gg\n|l|\u2606the tr4sh man\n","uploadtime":1699129125,"views":7,"p1id":"thetr4shman","p2id":"supersuit","formatid":"gen9ubers","rating":0,"private":0,"password":""}