{"id":"gen9ubers-1999880898","p1":"foyersemeric","p2":"CrispyBacon5093","format":"[Gen 9] Ubers","log":"|j|\u2606foyersemeric\n|j|\u2606CrispyBacon5093\n|t:|1701125794\n|gametype|singles\n|player|p1|foyersemeric|eusine|\n|player|p2|CrispyBacon5093|red|\n|teamsize|p1|6\n|teamsize|p2|6\n|gen|9\n|tier|[Gen 9] Ubers\n|rated|Tournament battle\n|rule|Sleep Clause Mod: Limit one foe put to sleep\n|rule|Species Clause: Limit one of each Pok\u00e9mon\n|rule|OHKO Clause: OHKO moves are banned\n|rule|Evasion Items Clause: Evasion items are banned\n|rule|Evasion Moves Clause: Evasion moves are banned\n|rule|Endless Battle Clause: Forcing endless battles is banned\n|rule|HP Percentage Mod: HP is shown in percentages\n|clearpoke\n|poke|p1|Rayquaza|\n|poke|p1|Annihilape, M|\n|poke|p1|Koraidon|\n|poke|p1|Miraidon|\n|poke|p1|Arceus|\n|poke|p1|Skeledirge, M|\n|poke|p2|Arceus|\n|poke|p2|Zacian-*|\n|poke|p2|Urshifu-*, M|\n|poke|p2|Kyogre|\n|poke|p2|Miraidon|\n|poke|p2|Torkoal, F|\n|teampreview\n|inactive|Battle timer is ON: inactive players will automatically lose when time's up. (requested by CrispyBacon5093)\n|c|\u2606foyersemeric|hlf\n|\n|t:|1701125818\n|start\n|switch|p1a: Annihilape|Annihilape, M, shiny|100\/100\n|switch|p2a: Kyogre|Kyogre|100\/100\n|-weather|RainDance|[from] ability: Drizzle|[of] p2a: Kyogre\n|turn|1\n|\n|t:|1701125826\n|move|p1a: Annihilape|Final Gambit|p2a: Kyogre\n|-damage|p2a: Kyogre|0 fnt\n|faint|p1a: Annihilape\n|faint|p2a: Kyogre\n|\n|-weather|RainDance|[upkeep]\n|upkeep\n|\n|t:|1701125835\n|switch|p1a: Arceus|Arceus, shiny|100\/100\n|switch|p2a: Arceus|Arceus|100\/100\n|turn|2\n|\n|t:|1701125842\n|move|p1a: Arceus|Swords Dance|p1a: Arceus\n|-boost|p1a: Arceus|atk|2\n|move|p2a: Arceus|Taunt|p1a: Arceus\n|-start|p1a: Arceus|move: Taunt\n|\n|-weather|RainDance|[upkeep]\n|upkeep\n|turn|3\n|\n|t:|1701125851\n|-terastallize|p1a: Arceus|Normal\n|move|p1a: Arceus|Extreme Speed|p2a: Arceus\n|-damage|p2a: Arceus|10\/100\n|-damage|p1a: Arceus|91\/100|[from] item: Life Orb\n|move|p2a: Arceus|Swords Dance|p2a: Arceus\n|-boost|p2a: Arceus|atk|2\n|\n|-weather|RainDance|[upkeep]\n|-heal|p2a: Arceus|16\/100|[from] item: Leftovers\n|upkeep\n|turn|4\n|\n|t:|1701125859\n|-terastallize|p2a: Arceus|Normal\n|move|p1a: Arceus|Extreme Speed|p2a: Arceus\n|-damage|p2a: Arceus|0 fnt\n|faint|p2a: Arceus\n|-damage|p1a: Arceus|81\/100|[from] item: Life Orb\n|\n|-weather|RainDance|[upkeep]\n|upkeep\n|\n|t:|1701125866\n|switch|p2a: Twerk Hole|Torkoal, F|100\/100\n|turn|5\n|\n|t:|1701125872\n|move|p1a: Arceus|Extreme Speed|p2a: Twerk Hole\n|-damage|p2a: Twerk Hole|0 fnt\n|faint|p2a: Twerk Hole\n|-damage|p1a: Arceus|71\/100|[from] item: Life Orb\n|\n|-weather|none\n|-end|p1a: Arceus|move: Taunt\n|upkeep\n|\n|t:|1701125887\n|switch|p2a: Volt|Miraidon|100\/100\n|-fieldstart|move: Electric Terrain|[from] ability: Hadron Engine|[of] p2a: Volt\n|turn|6\n|\n|t:|1701125894\n|move|p1a: Arceus|Extreme Speed|p2a: Volt\n|-damage|p2a: Volt|0 fnt\n|faint|p2a: Volt\n|-damage|p1a: Arceus|61\/100|[from] item: Life Orb\n|\n|upkeep\n|\n|t:|1701125896\n|switch|p2a: Sif|Zacian-Crowned, shiny|100\/100\n|-ability|p2a: Sif|Intrepid Sword|boost\n|-boost|p2a: Sif|atk|1\n|turn|7\n|\n|t:|1701125904\n|move|p2a: Sif|Behemoth Blade|p1a: Arceus\n|-damage|p1a: Arceus|0 fnt\n|faint|p1a: Arceus\n|\n|upkeep\n|\n|t:|1701125909\n|switch|p1a: Skeledirge|Skeledirge, M, shiny|100\/100\n|turn|8\n|\n|t:|1701125915\n|move|p2a: Sif|Wild Charge|p1a: Skeledirge\n|-crit|p1a: Skeledirge\n|-damage|p1a: Skeledirge|53\/100\n|-damage|p2a: Sif|85\/100|[from] Recoil\n|move|p1a: Skeledirge|Torch Song|p2a: Sif\n|-supereffective|p2a: Sif\n|-damage|p2a: Sif|30\/100\n|-boost|p1a: Skeledirge|spa|1\n|\n|upkeep\n|turn|9\n|\n|t:|1701125925\n|switch|p2a: Urshifu|Urshifu, M|100\/100\n|move|p1a: Skeledirge|Slack Off|p1a: Skeledirge\n|-heal|p1a: Skeledirge|100\/100\n|\n|upkeep\n|turn|10\n|\n|t:|1701125930\n|move|p2a: Urshifu|Wicked Blow|p1a: Skeledirge\n|-supereffective|p1a: Skeledirge\n|-crit|p1a: Skeledirge\n|-damage|p1a: Skeledirge|11\/100\n|move|p1a: Skeledirge|Will-O-Wisp|p2a: Urshifu\n|-status|p2a: Urshifu|brn\n|\n|-damage|p2a: Urshifu|94\/100 brn|[from] brn\n|-fieldend|move: Electric Terrain\n|upkeep\n|turn|11\n|\n|t:|1701125935\n|move|p2a: Urshifu|Wicked Blow|p1a: Skeledirge\n|-supereffective|p1a: Skeledirge\n|-crit|p1a: Skeledirge\n|-damage|p1a: Skeledirge|0 fnt\n|faint|p1a: Skeledirge\n|\n|-damage|p2a: Urshifu|88\/100 brn|[from] brn\n|upkeep\n|\n|t:|1701125940\n|switch|p1a: Rayquaza|Rayquaza, shiny|100\/100\n|-ability|p1a: Rayquaza|Air Lock\n|turn|12\n|\n|t:|1701125945\n|move|p2a: Urshifu|Sucker Punch||[still]\n|-fail|p2a: Urshifu\n|move|p1a: Rayquaza|Dragon Dance|p1a: Rayquaza\n|-boost|p1a: Rayquaza|atk|1\n|-boost|p1a: Rayquaza|spe|1\n|\n|-damage|p2a: Urshifu|82\/100 brn|[from] brn\n|upkeep\n|turn|13\n|\n|t:|1701125949\n|move|p2a: Urshifu|Sucker Punch|p1a: Rayquaza\n|-damage|p1a: Rayquaza|80\/100\n|move|p1a: Rayquaza|Dragon Ascent|p2a: Urshifu\n|-supereffective|p2a: Urshifu\n|-crit|p2a: Urshifu\n|-damage|p2a: Urshifu|0 fnt\n|-unboost|p1a: Rayquaza|def|1\n|-unboost|p1a: Rayquaza|spd|1\n|faint|p2a: Urshifu\n|\n|upkeep\n|\n|t:|1701125952\n|switch|p2a: Sif|Zacian-Crowned, shiny|30\/100\n|turn|14\n|c|\u2606foyersemeric|gg\n|\n|t:|1701125962\n|move|p1a: Rayquaza|Extreme Speed|p2a: Sif\n|-resisted|p2a: Sif\n|-damage|p2a: Sif|5\/100\n|move|p2a: Sif|Play Rough|p1a: Rayquaza\n|-supereffective|p1a: Rayquaza\n|-damage|p1a: Rayquaza|0 fnt\n|faint|p1a: Rayquaza\n|\n|upkeep\n|\n|t:|1701125969\n|switch|p1a: Miraidon|Miraidon|100\/100\n|-fieldstart|move: Electric Terrain|[from] ability: Hadron Engine|[of] p1a: Miraidon\n|turn|15\n|\n|t:|1701125976\n|move|p1a: Miraidon|Electro Drift|p2a: Sif\n|-damage|p2a: Sif|0 fnt\n|faint|p2a: Sif\n|\n|win|foyersemeric\n|n|\u2606foyersemeric|foyersemeric\n|n|\u2606CrispyBacon5093|crispybacon5093\n","uploadtime":1701125977,"views":1,"p1id":"foyersemeric","p2id":"crispybacon5093","formatid":"gen9ubers","rating":0,"private":0,"password":""}