{"id":"gen9ubers-1978985191","p1":"GibbonBoi","p2":"Anne Frankkkk","format":"[Gen 9] Ubers","log":"|j|\u2606GibbonBoi\n|j|\u2606Anne Frankkkk\n|t:|1698617739\n|gametype|singles\n|player|p1|GibbonBoi|preschooler|1000\n|player|p2|Anne Frankkkk|hilbert|1167\n|teamsize|p1|6\n|teamsize|p2|6\n|gen|9\n|tier|[Gen 9] Ubers\n|rated|\n|rule|Sleep Clause Mod: Limit one foe put to sleep\n|rule|Species Clause: Limit one of each Pok\u00e9mon\n|rule|OHKO Clause: OHKO moves are banned\n|rule|Evasion Items Clause: Evasion items are banned\n|rule|Evasion Moves Clause: Evasion moves are banned\n|rule|Endless Battle Clause: Forcing endless battles is banned\n|rule|HP Percentage Mod: HP is shown in percentages\n|clearpoke\n|poke|p1|Kingambit, F|\n|poke|p1|Avalugg, M|\n|poke|p1|Espathra, F|\n|poke|p1|Gogoat, M|\n|poke|p1|Veluza, M|\n|poke|p1|Glimmora, M|\n|poke|p2|Iron Hands|\n|poke|p2|Kyogre|\n|poke|p2|Chien-Pao|\n|poke|p2|Ribombee, F|\n|poke|p2|Miraidon|\n|poke|p2|Flutter Mane|\n|teampreview\n|inactive|Battle timer is ON: inactive players will automatically lose when time's up. (requested by GibbonBoi)\n|\n|t:|1698617751\n|start\n|switch|p1a: Glimmora|Glimmora, M, shiny|100\/100\n|switch|p2a: Ice Cat|Chien-Pao|100\/100\n|-ability|p2a: Ice Cat|Sword of Ruin\n|turn|1\n|\n|t:|1698617759\n|move|p2a: Ice Cat|Swords Dance|p2a: Ice Cat\n|-boost|p2a: Ice Cat|atk|2\n|move|p1a: Glimmora|Earth Power|p2a: Ice Cat\n|-damage|p2a: Ice Cat|51\/100\n|\n|upkeep\n|turn|2\n|\n|t:|1698617765\n|move|p2a: Ice Cat|Ice Spinner|p1a: Glimmora\n|-damage|p1a: Glimmora|0 fnt\n|-activate|p1a: Glimmora|ability: Toxic Debris\n|-sidestart|p2: Anne Frankkkk|move: Toxic Spikes\n|faint|p1a: Glimmora\n|-damage|p2a: Ice Cat|41\/100|[from] item: Life Orb\n|\n|upkeep\n|\n|t:|1698617773\n|switch|p1a: Avalugg|Avalugg, M|100\/100\n|turn|3\n|\n|t:|1698617780\n|move|p2a: Ice Cat|Sacred Sword|p1a: Avalugg\n|-supereffective|p1a: Avalugg\n|-damage|p1a: Avalugg|0 fnt\n|faint|p1a: Avalugg\n|-damage|p2a: Ice Cat|31\/100|[from] item: Life Orb\n|\n|upkeep\n|\n|t:|1698617788\n|switch|p1a: Espathra|Espathra, F|100\/100\n|turn|4\n|\n|t:|1698617792\n|move|p2a: Ice Cat|Sucker Punch|p1a: Espathra\n|-supereffective|p1a: Espathra\n|-damage|p1a: Espathra|0 fnt\n|faint|p1a: Espathra\n|-damage|p2a: Ice Cat|21\/100|[from] item: Life Orb\n|\n|upkeep\n|\n|t:|1698617797\n|switch|p1a: Veluza|Veluza, M|100\/100\n|turn|5\n|\n|t:|1698617802\n|move|p2a: Ice Cat|Sucker Punch|p1a: Veluza\n|-supereffective|p1a: Veluza\n|-damage|p1a: Veluza|0 fnt\n|faint|p1a: Veluza\n|-damage|p2a: Ice Cat|11\/100|[from] item: Life Orb\n|\n|upkeep\n|\n|t:|1698617808\n|switch|p1a: Gogoat|Gogoat, M|100\/100\n|turn|6\n|\n|t:|1698617811\n|move|p2a: Ice Cat|Ice Spinner|p1a: Gogoat\n|-supereffective|p1a: Gogoat\n|-enditem|p1a: Gogoat|Focus Sash\n|-damage|p1a: Gogoat|1\/100\n|-damage|p2a: Ice Cat|1\/100|[from] item: Life Orb\n|move|p1a: Gogoat|Bulk Up|p1a: Gogoat\n|-boost|p1a: Gogoat|atk|1\n|-boost|p1a: Gogoat|def|1\n|\n|upkeep\n|turn|7\n|\n|t:|1698617820\n|move|p2a: Ice Cat|Ice Spinner|p1a: Gogoat\n|-supereffective|p1a: Gogoat\n|-damage|p1a: Gogoat|0 fnt\n|faint|p1a: Gogoat\n|-damage|p2a: Ice Cat|0 fnt|[from] item: Life Orb\n|faint|p2a: Ice Cat\n|\n|upkeep\n|\n|t:|1698617826\n|switch|p2a: Big Boy|Iron Hands, shiny|100\/100\n|switch|p1a: Kingambit|Kingambit, F, shiny|100\/100\n|-status|p2a: Big Boy|psn\n|-activate|p1a: Kingambit|ability: Supreme Overlord\n|-start|p1a: Kingambit|fallen5|[silent]\n|turn|8\n|\n|t:|1698617834\n|-terastallize|p1a: Kingambit|Psychic\n|move|p2a: Big Boy|Fake Out|p1a: Kingambit\n|-damage|p1a: Kingambit|88\/100\n|cant|p1a: Kingambit|flinch\n|\n|-damage|p2a: Big Boy|88\/100 psn|[from] psn\n|upkeep\n|turn|9\n|\n|t:|1698617841\n|move|p1a: Kingambit|Kowtow Cleave|p2a: Big Boy\n|-resisted|p2a: Big Boy\n|-damage|p2a: Big Boy|66\/100 psn\n|move|p2a: Big Boy|Wild Charge|p1a: Kingambit\n|-damage|p1a: Kingambit|49\/100\n|-damage|p2a: Big Boy|58\/100 psn|[from] Recoil\n|\n|-damage|p2a: Big Boy|46\/100 psn|[from] psn\n|upkeep\n|turn|10\n|\n|t:|1698617852\n|move|p1a: Kingambit|Stone Edge|p2a: Big Boy|[miss]\n|-miss|p1a: Kingambit|p2a: Big Boy\n|move|p2a: Big Boy|Wild Charge|p1a: Kingambit\n|-damage|p1a: Kingambit|12\/100\n|-damage|p2a: Big Boy|38\/100 psn|[from] Recoil\n|\n|-damage|p2a: Big Boy|26\/100 psn|[from] psn\n|upkeep\n|turn|11\n|\n|t:|1698617860\n|move|p2a: Big Boy|Wild Charge|p1a: Kingambit\n|-damage|p1a: Kingambit|0 fnt\n|faint|p1a: Kingambit\n|-end|p1a: Kingambit|fallen5|[silent]\n|-damage|p2a: Big Boy|24\/100 psn|[from] Recoil\n|\n|win|Anne Frankkkk\n|raw|GibbonBoi's rating: 1000 &rarr; <strong>1000<\/strong><br \/>(+0 for losing)\n|raw|Anne Frankkkk's rating: 1167 &rarr; <strong>1181<\/strong><br \/>(+14 for winning)\n|l|\u2606GibbonBoi\n","uploadtime":1698617868,"views":9,"p1id":"gibbonboi","p2id":"annefrankkkk","formatid":"gen9ubers","rating":1000,"private":0,"password":""}