{"id":"gen9ubers-2000153532","p1":"Roxas RPPLF","p2":"Asta_RPPLF","format":"[Gen 9] Ubers","log":"|j|\u2606Roxas RPPLF\n|j|\u2606Asta_RPPLF\n|t:|1701164081\n|gametype|singles\n|player|p1|Roxas RPPLF|2|\n|player|p2|Asta_RPPLF|#wcop2023belgium|\n|teamsize|p1|6\n|teamsize|p2|6\n|gen|9\n|tier|[Gen 9] Ubers\n|rule|Sleep Clause Mod: Limit one foe put to sleep\n|rule|Species Clause: Limit one of each Pok\u00e9mon\n|rule|OHKO Clause: OHKO moves are banned\n|rule|Evasion Items Clause: Evasion items are banned\n|rule|Evasion Moves Clause: Evasion moves are banned\n|rule|Endless Battle Clause: Forcing endless battles is banned\n|rule|HP Percentage Mod: HP is shown in percentages\n|clearpoke\n|poke|p1|Miraidon|\n|poke|p1|Iron Leaves|\n|poke|p1|Iron Moth|\n|poke|p1|Iron Hands|\n|poke|p1|Iron Jugulis|\n|poke|p1|Forretress, F|\n|poke|p2|Ogerpon-Hearthflame, F|\n|poke|p2|Ditto|\n|poke|p2|Dugtrio, M|\n|poke|p2|Blissey, F|\n|poke|p2|Corviknight, F|\n|poke|p2|Iron Moth|\n|teampreview\n|\n|t:|1701164088\n|start\n|switch|p1a: Iron Leaves|Iron Leaves|100\/100\n|switch|p2a: Dugtrio|Dugtrio, M|100\/100\n|turn|1\n|\n|t:|1701164106\n|switch|p2a: Corviknight|Corviknight, F|100\/100\n|-ability|p2a: Corviknight|Pressure\n|move|p1a: Iron Leaves|Leaf Blade|p2a: Corviknight\n|-resisted|p2a: Corviknight\n|-damage|p2a: Corviknight|94\/100\n|-damage|p1a: Iron Leaves|84\/100|[from] item: Rocky Helmet|[of] p2a: Corviknight\n|\n|upkeep\n|turn|2\n|\n|t:|1701164122\n|-end|p1a: Iron Leaves|Quark Drive|[silent]\n|switch|p1a: Miraidon|Miraidon|100\/100\n|-fieldstart|move: Electric Terrain|[from] ability: Hadron Engine|[of] p1a: Miraidon\n|move|p2a: Corviknight|U-turn|p1a: Miraidon\n|-damage|p1a: Miraidon|85\/100\n|\n|t:|1701164131\n|switch|p2a: Dugtrio|Dugtrio, M|100\/100|[from] U-turn\n|\n|upkeep\n|turn|3\n|\n|t:|1701164143\n|move|p1a: Miraidon|Draco Meteor|p2a: Dugtrio\n|-enditem|p2a: Dugtrio|Focus Sash\n|-damage|p2a: Dugtrio|1\/100\n|-unboost|p1a: Miraidon|spa|2\n|move|p2a: Dugtrio|Earthquake|p1a: Miraidon\n|-supereffective|p1a: Miraidon\n|-damage|p1a: Miraidon|0 fnt\n|faint|p1a: Miraidon\n|\n|upkeep\n|\n|t:|1701164168\n|switch|p1a: Iron Jugulis|Iron Jugulis|100\/100\n|-activate|p1a: Iron Jugulis|ability: Quark Drive\n|-start|p1a: Iron Jugulis|quarkdrivespe\n|turn|4\n|\n|t:|1701164183\n|switch|p2a: Blissey|Blissey, F|100\/100\n|move|p1a: Iron Jugulis|Dark Pulse|p2a: Blissey\n|-damage|p2a: Blissey|79\/100\n|\n|upkeep\n|turn|5\n|\n|t:|1701164193\n|-end|p1a: Iron Jugulis|Quark Drive|[silent]\n|switch|p1a: Iron Hands|Iron Hands|100\/100\n|-activate|p1a: Iron Hands|ability: Quark Drive\n|-start|p1a: Iron Hands|quarkdriveatk\n|move|p2a: Blissey|Thunder Wave|p1a: Iron Hands\n|-immune|p1a: Iron Hands\n|\n|upkeep\n|turn|6\n|\n|t:|1701164205\n|switch|p2a: Iron Moth|Iron Moth|100\/100\n|-activate|p2a: Iron Moth|ability: Quark Drive\n|-start|p2a: Iron Moth|quarkdrivespe\n|move|p1a: Iron Hands|Drain Punch|p2a: Iron Moth\n|-resisted|p2a: Iron Moth\n|-damage|p2a: Iron Moth|54\/100\n|\n|upkeep\n|turn|7\n|\n|t:|1701164222\n|move|p2a: Iron Moth|Dazzling Gleam|p1a: Iron Hands\n|-supereffective|p1a: Iron Hands\n|-damage|p1a: Iron Hands|70\/100\n|move|p1a: Iron Hands|Earthquake|p2a: Iron Moth\n|-supereffective|p2a: Iron Moth\n|-damage|p2a: Iron Moth|0 fnt\n|faint|p2a: Iron Moth\n|-end|p2a: Iron Moth|Quark Drive|[silent]\n|\n|upkeep\n|\n|t:|1701164233\n|switch|p2a: Dugtrio|Dugtrio, M|1\/100\n|turn|8\n|\n|t:|1701164246\n|move|p2a: Dugtrio|Earthquake|p1a: Iron Hands\n|-supereffective|p1a: Iron Hands\n|-damage|p1a: Iron Hands|12\/100\n|move|p1a: Iron Hands|Drain Punch|p2a: Dugtrio\n|-damage|p2a: Dugtrio|0 fnt\n|-heal|p1a: Iron Hands|12\/100|[from] drain|[of] p2a: Dugtrio\n|faint|p2a: Dugtrio\n|\n|upkeep\n|\n|t:|1701164258\n|switch|p2a: Ogerpon|Ogerpon-Hearthflame, F|100\/100\n|-ability|p2a: Ogerpon|Mold Breaker\n|turn|9\n|\n|t:|1701164297\n|-terastallize|p2a: Ogerpon|Fire\n|detailschange|p2a: Ogerpon|Ogerpon-Hearthflame-Tera, F, tera:Fire\n|-ability|p2a: Ogerpon|Embody Aspect (Hearthflame)|boost\n|-boost|p2a: Ogerpon|atk|1\n|move|p2a: Ogerpon|Trailblaze|p1a: Iron Hands\n|-damage|p1a: Iron Hands|0 fnt\n|-boost|p2a: Ogerpon|spe|1\n|faint|p1a: Iron Hands\n|-end|p1a: Iron Hands|Quark Drive|[silent]\n|\n|-fieldend|move: Electric Terrain\n|upkeep\n|c|\u2606Roxas RPPLF|bon bah gg, je pense que c'est fini\n|c|\u2606Asta_RPPLF|Ahah je pense aussi :)\n|\n|t:|1701164370\n|switch|p1a: Iron Jugulis|Iron Jugulis|100\/100\n|turn|10\n|\n|t:|1701164389\n|switch|p2a: Blissey|Blissey, F|79\/100\n|-terastallize|p1a: Iron Jugulis|Fire\n|move|p1a: Iron Jugulis|Earth Power|p2a: Blissey\n|-damage|p2a: Blissey|61\/100\n|\n|upkeep\n|turn|11\n|c|\u2606Asta_RPPLF|Ahahah ouf !!\n|c|\u2606Asta_RPPLF|Petit arnaqueur\n|\n|t:|1701164445\n|-end|p1a: Iron Jugulis|Quark Drive|[silent]\n|switch|p1a: Iron Leaves|Iron Leaves|84\/100\n|switch|p2a: Corviknight|Corviknight, F|94\/100\n|-ability|p2a: Corviknight|Pressure\n|\n|upkeep\n|turn|12\n|\n|t:|1701164463\n|-end|p1a: Iron Leaves|Quark Drive|[silent]\n|switch|p1a: Iron Moth|Iron Moth|100\/100\n|move|p2a: Corviknight|U-turn|p1a: Iron Moth\n|-resisted|p1a: Iron Moth\n|-damage|p1a: Iron Moth|95\/100\n|\n|t:|1701164481\n|switch|p2a: Blissey|Blissey, F|61\/100|[from] U-turn\n|\n|upkeep\n|turn|13\n|\n|t:|1701164502\n|-end|p1a: Iron Moth|Quark Drive|[silent]\n|switch|p1a: Iron Leaves|Iron Leaves|84\/100\n|move|p2a: Blissey|Stealth Rock|p1a: Iron Leaves\n|-sidestart|p1: Roxas RPPLF|move: Stealth Rock\n|\n|upkeep\n|turn|14\n|\n|t:|1701164532\n|-end|p1a: Iron Leaves|Quark Drive|[silent]\n|switch|p1a: Forretress|Forretress, F|100\/100\n|-damage|p1a: Forretress|88\/100|[from] Stealth Rock\n|switch|p2a: Ogerpon|Ogerpon-Hearthflame-Tera, F, tera:Fire|100\/100\n|-ability|p2a: Ogerpon|Embody Aspect (Hearthflame)|boost\n|-boost|p2a: Ogerpon|atk|1\n|\n|upkeep\n|turn|15\n|\n|t:|1701164577\n|move|p2a: Ogerpon|Trailblaze|p1a: Forretress\n|-resisted|p1a: Forretress\n|-damage|p1a: Forretress|82\/100\n|-boost|p2a: Ogerpon|spe|1\n|-damage|p2a: Ogerpon|84\/100|[from] item: Rocky Helmet|[of] p1a: Forretress\n|move|p1a: Forretress|Rapid Spin|p2a: Ogerpon\n|-damage|p2a: Ogerpon|72\/100\n|-boost|p1a: Forretress|spe|1\n|-sideend|p1: Roxas RPPLF|Stealth Rock|[from] move: Rapid Spin|[of] p1a: Forretress\n|\n|upkeep\n|turn|16\n|\n|t:|1701164594\n|move|p2a: Ogerpon|Swords Dance|p2a: Ogerpon\n|-boost|p2a: Ogerpon|atk|2\n|move|p1a: Forretress|Body Press|p2a: Ogerpon\n|-damage|p2a: Ogerpon|31\/100\n|\n|upkeep\n|turn|17\n|\n|t:|1701164607\n|move|p2a: Ogerpon|Ivy Cudgel|p1a: Forretress|[anim] Ivy Cudgel Fire\n|-supereffective|p1a: Forretress\n|-damage|p1a: Forretress|0 fnt\n|faint|p1a: Forretress\n|\n|upkeep\n|c|\u2606Roxas RPPLF|gg mdr l\u00e0 c'est vraiment mort\n|\n|t:|1701164646\n|switch|p1a: Iron Jugulis|Iron Jugulis, tera:Fire|100\/100\n|turn|18\n|\n|t:|1701164655\n|move|p2a: Ogerpon|Ivy Cudgel|p1a: Iron Jugulis|[anim] Ivy Cudgel Fire\n|-resisted|p1a: Iron Jugulis\n|-damage|p1a: Iron Jugulis|0 fnt\n|faint|p1a: Iron Jugulis\n|-end|p1a: Iron Jugulis|Quark Drive|[silent]\n|\n|upkeep\n|\n|t:|1701164662\n|switch|p1a: Iron Moth|Iron Moth|95\/100\n|turn|19\n|\n|t:|1701164670\n|move|p2a: Ogerpon|Ivy Cudgel|p1a: Iron Moth|[anim] Ivy Cudgel Fire\n|-resisted|p1a: Iron Moth\n|-damage|p1a: Iron Moth|0 fnt\n|faint|p1a: Iron Moth\n|-end|p1a: Iron Moth|Quark Drive|[silent]\n|\n|upkeep\n|\n|t:|1701164675\n|switch|p1a: Iron Leaves|Iron Leaves|84\/100\n|turn|20\n|\n|t:|1701164684\n|move|p2a: Ogerpon|Ivy Cudgel|p1a: Iron Leaves|[anim] Ivy Cudgel Fire\n|-supereffective|p1a: Iron Leaves\n|-damage|p1a: Iron Leaves|0 fnt\n|faint|p1a: Iron Leaves\n|-end|p1a: Iron Leaves|Quark Drive|[silent]\n|\n|win|Asta_RPPLF\n|c|\u2606Asta_RPPLF|Gg !\n","uploadtime":1701164711,"views":11,"p1id":"roxasrpplf","p2id":"astarpplf","formatid":"gen9ubers","rating":0,"private":0,"password":""}