{"id":"gen9ubers-1968102611","p1":"EpicGamer069420","p2":"talloflame","format":"[Gen 9] Ubers","log":"|j|\u2606EpicGamer069420\n|j|\u2606talloflame\n|t:|1697384564\n|gametype|singles\n|player|p1|EpicGamer069420|lucas|1435\n|player|p2|talloflame|266|1327\n|teamsize|p1|6\n|teamsize|p2|6\n|gen|9\n|tier|[Gen 9] Ubers\n|rated|\n|rule|Sleep Clause Mod: Limit one foe put to sleep\n|rule|Species Clause: Limit one of each Pok\u00e9mon\n|rule|OHKO Clause: OHKO moves are banned\n|rule|Evasion Items Clause: Evasion items are banned\n|rule|Evasion Moves Clause: Evasion moves are banned\n|rule|Endless Battle Clause: Forcing endless battles is banned\n|rule|HP Percentage Mod: HP is shown in percentages\n|clearpoke\n|poke|p1|Carbink|\n|poke|p1|Kyogre|\n|poke|p1|Ursaluna, M|\n|poke|p1|Calyrex-Ice|\n|poke|p1|Hatterene, F|\n|poke|p1|Cresselia, F|\n|poke|p2|Koraidon|\n|poke|p2|Grimmsnarl, M|\n|poke|p2|Arceus|\n|poke|p2|Zacian-*|\n|poke|p2|Kyogre|\n|poke|p2|Eternatus|\n|teampreview\n|inactive|Battle timer is ON: inactive players will automatically lose when time's up. (requested by EpicGamer069420)\n|\n|t:|1697384591\n|start\n|switch|p1a: Taunt me pls|Hatterene, F|100\/100\n|switch|p2a: Grimmsnarl|Grimmsnarl, M|100\/100\n|turn|1\n|\n|t:|1697384604\n|move|p2a: Grimmsnarl|Light Screen|p2a: Grimmsnarl\n|-sidestart|p2: talloflame|move: Light Screen\n|move|p1a: Taunt me pls|Dazzling Gleam|p2a: Grimmsnarl\n|-supereffective|p2a: Grimmsnarl\n|-damage|p2a: Grimmsnarl|65\/100\n|\n|upkeep\n|turn|2\n|\n|t:|1697384610\n|move|p2a: Grimmsnarl|Reflect|p2a: Grimmsnarl\n|-sidestart|p2: talloflame|Reflect\n|move|p1a: Taunt me pls|Dazzling Gleam|p2a: Grimmsnarl\n|-supereffective|p2a: Grimmsnarl\n|-damage|p2a: Grimmsnarl|28\/100\n|\n|upkeep\n|turn|3\n|\n|t:|1697384621\n|move|p2a: Grimmsnarl|Parting Shot|p1a: Taunt me pls\n|move|p1a: Taunt me pls|Parting Shot|p2a: Grimmsnarl|[from]ability: Magic Bounce\n|-unboost|p2a: Grimmsnarl|atk|1\n|-unboost|p2a: Grimmsnarl|spa|1\n|\n|t:|1697384629\n|switch|p1a: Cocaine Bear|Ursaluna, M|100\/100|[from] Parting Shot\n|\n|-status|p1a: Cocaine Bear|brn|[from] item: Flame Orb\n|upkeep\n|turn|4\n|\n|t:|1697384637\n|switch|p1a: Taunt me pls|Hatterene, F|100\/100\n|move|p2a: Grimmsnarl|Parting Shot|p1a: Taunt me pls\n|move|p1a: Taunt me pls|Parting Shot|p2a: Grimmsnarl|[from]ability: Magic Bounce\n|-unboost|p2a: Grimmsnarl|atk|1\n|-unboost|p2a: Grimmsnarl|spa|1\n|\n|t:|1697384644\n|switch|p1a: Tiny Rock|Carbink|100\/100|[from] Parting Shot\n|\n|upkeep\n|turn|5\n|\n|t:|1697384668\n|move|p2a: Grimmsnarl|Taunt|p1a: Tiny Rock\n|-start|p1a: Tiny Rock|move: Taunt\n|-enditem|p1a: Tiny Rock|Mental Herb\n|-end|p1a: Tiny Rock|move: Taunt\n|move|p1a: Tiny Rock|Stealth Rock|p2a: Grimmsnarl\n|-sidestart|p2: talloflame|move: Stealth Rock\n|\n|upkeep\n|turn|6\n|\n|t:|1697384674\n|switch|p1a: Taunt me pls|Hatterene, F|100\/100\n|move|p2a: Grimmsnarl|Parting Shot|p1a: Taunt me pls\n|move|p1a: Taunt me pls|Parting Shot|p2a: Grimmsnarl|[from]ability: Magic Bounce\n|-unboost|p2a: Grimmsnarl|atk|1\n|-unboost|p2a: Grimmsnarl|spa|1\n|c|\u2606talloflame|oh for the sake of\n|c|\u2606EpicGamer069420|lol\n|\n|t:|1697384687\n|switch|p1a: Cocaine Bear|Ursaluna, M|100\/100 brn|[from] Parting Shot\n|\n|-damage|p1a: Cocaine Bear|94\/100 brn|[from] brn\n|upkeep\n|turn|7\n|\n|t:|1697384695\n|switch|p2a: Zacian|Zacian-Crowned|100\/100\n|-damage|p2a: Zacian|94\/100|[from] Stealth Rock\n|-ability|p2a: Zacian|Intrepid Sword|boost\n|-boost|p2a: Zacian|atk|1\n|move|p1a: Cocaine Bear|Facade|p2a: Zacian\n|-resisted|p2a: Zacian\n|-damage|p2a: Zacian|64\/100\n|\n|-damage|p1a: Cocaine Bear|88\/100 brn|[from] brn\n|upkeep\n|turn|8\n|c|\u2606talloflame|DAMN IT\n|\n|t:|1697384701\n|move|p2a: Zacian|Swords Dance|p2a: Zacian\n|-boost|p2a: Zacian|atk|2\n|move|p1a: Cocaine Bear|Headlong Rush|p2a: Zacian\n|-supereffective|p2a: Zacian\n|-damage|p2a: Zacian|0 fnt\n|-unboost|p1a: Cocaine Bear|def|1\n|-unboost|p1a: Cocaine Bear|spd|1\n|faint|p2a: Zacian\n|\n|-damage|p1a: Cocaine Bear|82\/100 brn|[from] brn\n|-sideend|p2: talloflame|move: Light Screen\n|upkeep\n|\n|t:|1697384707\n|switch|p2a: Arceus|Arceus|100\/100\n|-damage|p2a: Arceus|88\/100|[from] Stealth Rock\n|turn|9\n|\n|t:|1697384715\n|switch|p1a: Taunt me pls|Hatterene, F|100\/100\n|move|p2a: Arceus|Swords Dance|p2a: Arceus\n|-boost|p2a: Arceus|atk|2\n|\n|-sideend|p2: talloflame|Reflect\n|upkeep\n|turn|10\n|\n|t:|1697384720\n|move|p2a: Arceus|Swords Dance|p2a: Arceus\n|-boost|p2a: Arceus|atk|2\n|move|p1a: Taunt me pls|Trick Room|p1a: Taunt me pls\n|-fieldstart|move: Trick Room|[of] p1a: Taunt me pls\n|\n|upkeep\n|turn|11\n|\n|t:|1697384726\n|move|p1a: Taunt me pls|Healing Wish|p1a: Taunt me pls\n|faint|p1a: Taunt me pls\n|move|p2a: Arceus|Swords Dance|p2a: Arceus\n|-boost|p2a: Arceus|atk|2\n|\n|upkeep\n|\n|t:|1697384730\n|switch|p1a: Killer Fish|Kyogre|100\/100\n|-weather|RainDance|[from] ability: Drizzle|[of] p1a: Killer Fish\n|turn|12\n|c|\u2606talloflame|U know what?\n|\n|t:|1697384740\n|-terastallize|p1a: Killer Fish|Ghost\n|-terastallize|p2a: Arceus|Normal\n|move|p2a: Arceus|Extreme Speed|p1a: Killer Fish\n|-immune|p1a: Killer Fish\n|move|p1a: Killer Fish|Water Spout|p2a: Arceus\n|-damage|p2a: Arceus|0 fnt\n|faint|p2a: Arceus\n|-damage|p1a: Killer Fish|91\/100|[from] item: Life Orb\n|\n|-weather|RainDance|[upkeep]\n|upkeep\n|c|\u2606talloflame|screw that\n|c|\u2606talloflame|i was abt to say gg damn\n|c|\u2606EpicGamer069420|tbf it's the most common priority user\n|\n|t:|1697384763\n|switch|p2a: Kyogre|Kyogre|100\/100\n|-damage|p2a: Kyogre|88\/100|[from] Stealth Rock\n|turn|13\n|c|\u2606EpicGamer069420|obv i will have something prepared for it\n|\n|t:|1697384769\n|move|p1a: Killer Fish|Thunder|p2a: Kyogre\n|-supereffective|p2a: Kyogre\n|-damage|p2a: Kyogre|0 fnt\n|faint|p2a: Kyogre\n|-damage|p1a: Killer Fish|81\/100|[from] item: Life Orb\n|\n|-weather|RainDance|[upkeep]\n|upkeep\n|c|\u2606talloflame|lol\n|c|\u2606talloflame|gg\n|c|\u2606EpicGamer069420|gg\n|-message|talloflame forfeited.\n|\n|win|EpicGamer069420\n|raw|EpicGamer069420's rating: 1435 &rarr; <strong>1449<\/strong><br \/>(+14 for winning)\n|raw|talloflame's rating: 1327 &rarr; <strong>1313<\/strong><br \/>(-14 for losing)\n|l|\u2606talloflame\n","uploadtime":1697384799,"views":11,"p1id":"epicgamer069420","p2id":"talloflame","formatid":"gen9ubers","rating":1313,"private":0,"password":""}