{"id":"gen9ubers-1980311627","p1":"Nicometeor","p2":"IoSonoNeon","format":"[Gen 9] Ubers","log":"|j|\u2606Nicometeor\n|j|\u2606IoSonoNeon\n|t:|1698774396\n|gametype|singles\n|player|p1|Nicometeor|lucas|\n|player|p2|IoSonoNeon|#dpppliii|\n|teamsize|p1|6\n|teamsize|p2|6\n|gen|9\n|tier|[Gen 9] Ubers\n|rated|Tournament battle\n|rule|Sleep Clause Mod: Limit one foe put to sleep\n|rule|Species Clause: Limit one of each Pok\u00e9mon\n|rule|OHKO Clause: OHKO moves are banned\n|rule|Evasion Items Clause: Evasion items are banned\n|rule|Evasion Moves Clause: Evasion moves are banned\n|rule|Endless Battle Clause: Forcing endless battles is banned\n|rule|HP Percentage Mod: HP is shown in percentages\n|clearpoke\n|poke|p1|Arceus-Fairy|\n|poke|p1|Koraidon|\n|poke|p1|Clodsire, M|\n|poke|p1|Alomomola, M|\n|poke|p1|Gliscor, F|\n|poke|p1|Skeledirge, M|\n|poke|p2|Glimmora, F|\n|poke|p2|Koraidon|\n|poke|p2|Ogerpon-Hearthflame, F|\n|poke|p2|Arceus-Ground|\n|poke|p2|Flutter Mane|\n|poke|p2|Kingambit, M|\n|teampreview\n|j|+OreoSpeedruns\n|inactive|Battle timer is ON: inactive players will automatically lose when time's up. (requested by IoSonoNeon)\n|c|+OreoSpeedruns|lgi io\n|c|\u2606Nicometeor|hater\n|c|+OreoSpeedruns|no\n|c|+OreoSpeedruns|he was my teammate\n|c|+OreoSpeedruns|for upl\n|c|\u2606Nicometeor|they do be hatin\n|c|\u2606Nicometeor|kids these days\n|inactive|Nicometeor has 120 seconds left.\n|c|\u2606IoSonoNeon|:)\n|c|\u2606IoSonoNeon|love you OreoSpeedruns\n|c|+OreoSpeedruns|??????????\n|c|\u2606IoSonoNeon|really\n|c|\u2606IoSonoNeon|thank you mate\n|c|+OreoSpeedruns|nw io\n|\n|t:|1698774463\n|start\n|switch|p1a: Gliscor|Gliscor, F|100\/100\n|switch|p2a: Glimmora|Glimmora, F|100\/100\n|turn|1\n|\n|t:|1698774467\n|move|p2a: Glimmora|Stealth Rock|p1a: Gliscor\n|-sidestart|p1: Nicometeor|move: Stealth Rock\n|move|p1a: Gliscor|Earthquake|p2a: Glimmora\n|-supereffective|p2a: Glimmora\n|-enditem|p2a: Glimmora|Focus Sash\n|-damage|p2a: Glimmora|1\/100\n|-activate|p2a: Glimmora|ability: Toxic Debris\n|-sidestart|p1: Nicometeor|move: Toxic Spikes\n|\n|-status|p1a: Gliscor|tox|[from] item: Toxic Orb\n|upkeep\n|turn|2\n|c|+OreoSpeedruns|you have the bandit energy\n|\n|t:|1698774476\n|move|p2a: Glimmora|Spikes|p1a: Gliscor\n|-sidestart|p1: Nicometeor|Spikes\n|move|p1a: Gliscor|Earthquake|p2a: Glimmora\n|-supereffective|p2a: Glimmora\n|-damage|p2a: Glimmora|0 fnt\n|-activate|p2a: Glimmora|ability: Toxic Debris\n|-sidestart|p1: Nicometeor|move: Toxic Spikes\n|faint|p2a: Glimmora\n|\n|upkeep\n|c|\u2606Nicometeor|they lost in finals\n|\n|t:|1698774485\n|switch|p2a: Koraidon|Koraidon|100\/100\n|-weather|SunnyDay|[from] ability: Orichalcum Pulse|[of] p2a: Koraidon\n|-activate|p2a: Koraidon|Orichalcum Pulse|[source]\n|turn|3\n|\n|t:|1698774488\n|move|p2a: Koraidon|Swords Dance|p2a: Koraidon\n|-boost|p2a: Koraidon|atk|2\n|move|p1a: Gliscor|Toxic|p2a: Koraidon\n|-status|p2a: Koraidon|tox\n|\n|-weather|SunnyDay|[upkeep]\n|-damage|p2a: Koraidon|94\/100 tox|[from] psn\n|upkeep\n|turn|4\n|\n|t:|1698774492\n|move|p1a: Gliscor|Protect|p1a: Gliscor\n|-singleturn|p1a: Gliscor|Protect\n|move|p2a: Koraidon|Scale Shot|p1a: Gliscor\n|-activate|p1a: Gliscor|move: Protect\n|\n|-weather|SunnyDay|[upkeep]\n|-damage|p2a: Koraidon|82\/100 tox|[from] psn\n|upkeep\n|turn|5\n|\n|t:|1698774506\n|switch|p1a: Arceus|Arceus-Fairy|100\/100\n|-damage|p1a: Arceus|88\/100|[from] Stealth Rock\n|-status|p1a: Arceus|tox\n|-damage|p1a: Arceus|76\/100 tox|[from] Spikes\n|move|p2a: Koraidon|Scale Shot|p1a: Arceus\n|-immune|p1a: Arceus\n|\n|-weather|SunnyDay|[upkeep]\n|-damage|p2a: Koraidon|64\/100 tox|[from] psn\n|-damage|p1a: Arceus|70\/100 tox|[from] psn\n|upkeep\n|turn|6\n|\n|t:|1698774518\n|move|p2a: Koraidon|Flare Blitz|p1a: Arceus\n|-damage|p1a: Arceus|0 fnt\n|faint|p1a: Arceus\n|-damage|p2a: Koraidon|34\/100 tox|[from] Recoil\n|\n|-weather|SunnyDay|[upkeep]\n|-damage|p2a: Koraidon|9\/100 tox|[from] psn\n|upkeep\n|\n|t:|1698774530\n|switch|p1a: Alomomola|Alomomola, M|100\/100\n|turn|7\n|\n|t:|1698774536\n|move|p1a: Alomomola|Protect|p1a: Alomomola\n|-singleturn|p1a: Alomomola|Protect\n|move|p2a: Koraidon|Scale Shot|p1a: Alomomola\n|-activate|p1a: Alomomola|move: Protect\n|\n|-weather|none\n|-damage|p2a: Koraidon|0 fnt|[from] psn\n|faint|p2a: Koraidon\n|upkeep\n|j| 2vfish staller\n|\n|t:|1698774544\n|switch|p2a: Kingambit|Kingambit, M|100\/100\n|-activate|p2a: Kingambit|ability: Supreme Overlord\n|-start|p2a: Kingambit|fallen2|[silent]\n|turn|8\n|\n|t:|1698774547\n|move|p2a: Kingambit|Swords Dance|p2a: Kingambit\n|-boost|p2a: Kingambit|atk|2\n|move|p1a: Alomomola|Flip Turn|p2a: Kingambit\n|-damage|p2a: Kingambit|87\/100\n|l| 2vfish staller\n|\n|t:|1698774552\n|switch|p1a: Koraidon|Koraidon|100\/100|[from] Flip Turn\n|-weather|SunnyDay|[from] ability: Orichalcum Pulse|[of] p1a: Koraidon\n|-activate|p1a: Koraidon|Orichalcum Pulse|[source]\n|\n|-weather|SunnyDay|[upkeep]\n|-heal|p2a: Kingambit|93\/100|[from] item: Leftovers\n|upkeep\n|turn|9\n|\n|t:|1698774557\n|-end|p2a: Kingambit|fallen2|[silent]\n|switch|p2a: Arceus|Arceus-Ground|100\/100\n|move|p1a: Koraidon|Drain Punch|p2a: Arceus\n|-damage|p2a: Arceus|70\/100\n|\n|-weather|SunnyDay|[upkeep]\n|upkeep\n|turn|10\n|\n|t:|1698774567\n|move|p1a: Koraidon|Bulk Up|p1a: Koraidon\n|-boost|p1a: Koraidon|atk|1\n|-boost|p1a: Koraidon|def|1\n|move|p2a: Arceus|Recover|p2a: Arceus\n|-heal|p2a: Arceus|100\/100\n|\n|-weather|SunnyDay|[upkeep]\n|upkeep\n|turn|11\n|j| Primordiallite\n|\n|t:|1698774582\n|move|p1a: Koraidon|Taunt|p2a: Arceus\n|-start|p2a: Arceus|move: Taunt\n|move|p2a: Arceus|Ice Beam|p1a: Koraidon\n|-supereffective|p1a: Koraidon\n|-damage|p1a: Koraidon|48\/100\n|\n|-weather|SunnyDay|[upkeep]\n|upkeep\n|turn|12\n|\n|t:|1698774585\n|move|p1a: Koraidon|Drain Punch|p2a: Arceus\n|-damage|p2a: Arceus|59\/100\n|-heal|p1a: Koraidon|76\/100|[from] drain|[of] p2a: Arceus\n|move|p2a: Arceus|Ice Beam|p1a: Koraidon\n|-supereffective|p1a: Koraidon\n|-damage|p1a: Koraidon|18\/100\n|\n|-weather|none\n|upkeep\n|turn|13\n|j| 2vfish staller\n|inactive|Nicometeor has 120 seconds left.\n|\n|t:|1698774622\n|switch|p1a: Gliscor|Gliscor, F|100\/100 tox\n|-damage|p1a: Gliscor|88\/100 tox|[from] Stealth Rock\n|move|p2a: Arceus|Ice Beam|p1a: Gliscor\n|-supereffective|p1a: Gliscor\n|-damage|p1a: Gliscor|0 fnt\n|faint|p1a: Gliscor\n|\n|-end|p2a: Arceus|move: Taunt\n|upkeep\n|\n|t:|1698774631\n|switch|p1a: Clodsire|Clodsire, M|100\/100\n|-sideend|p1: Nicometeor|move: Toxic Spikes|[of] p1a: Clodsire\n|turn|14\n|\n|t:|1698774633\n|move|p2a: Arceus|Judgment|p1a: Clodsire\n|-supereffective|p1a: Clodsire\n|-damage|p1a: Clodsire|47\/100\n|move|p1a: Clodsire|Toxic|p2a: Arceus\n|-status|p2a: Arceus|tox\n|\n|-damage|p2a: Arceus|52\/100 tox|[from] psn\n|upkeep\n|turn|15\n|\n|t:|1698774636\n|switch|p1a: Alomomola|Alomomola, M|100\/100\n|move|p2a: Arceus|Judgment|p1a: Alomomola\n|-damage|p1a: Alomomola|35\/100\n|\n|-damage|p2a: Arceus|40\/100 tox|[from] psn\n|upkeep\n|turn|16\n|\n|t:|1698774643\n|move|p2a: Arceus|Judgment|p1a: Alomomola\n|-damage|p1a: Alomomola|0 fnt\n|faint|p1a: Alomomola\n|\n|-damage|p2a: Arceus|22\/100 tox|[from] psn\n|upkeep\n|\n|t:|1698774645\n|switch|p1a: Koraidon|Koraidon|18\/100\n|-weather|SunnyDay|[from] ability: Orichalcum Pulse|[of] p1a: Koraidon\n|-activate|p1a: Koraidon|Orichalcum Pulse|[source]\n|turn|17\n|\n|t:|1698774648\n|move|p1a: Koraidon|Flame Charge|p2a: Arceus\n|-damage|p2a: Arceus|1\/100 tox\n|-boost|p1a: Koraidon|spe|1\n|move|p2a: Arceus|Judgment|p1a: Koraidon\n|-damage|p1a: Koraidon|0 fnt\n|faint|p1a: Koraidon\n|\n|-weather|SunnyDay|[upkeep]\n|-damage|p2a: Arceus|0 fnt|[from] psn\n|faint|p2a: Arceus\n|upkeep\n|c|\u2606Nicometeor|fat\n|\n|t:|1698774655\n|switch|p1a: Clodsire|Clodsire, M|47\/100\n|switch|p2a: Ogerpon|Ogerpon-Hearthflame, F|100\/100\n|-ability|p2a: Ogerpon|Mold Breaker\n|turn|18\n|\n|t:|1698774659\n|switch|p1a: Skeledirge|Skeledirge, M|100\/100\n|move|p2a: Ogerpon|Swords Dance|p2a: Ogerpon\n|-boost|p2a: Ogerpon|atk|2\n|\n|-weather|SunnyDay|[upkeep]\n|upkeep\n|turn|19\n|c| 2vfish staller|good shit\n|l| 2vfish staller\n|\n|t:|1698774665\n|-terastallize|p1a: Skeledirge|Flying\n|move|p2a: Ogerpon|Ivy Cudgel|p1a: Skeledirge\n|-damage|p1a: Skeledirge|3\/100\n|move|p1a: Skeledirge|Torch Song|p2a: Ogerpon\n|-damage|p2a: Ogerpon|50\/100\n|-boost|p1a: Skeledirge|spa|1\n|\n|-weather|SunnyDay|[upkeep]\n|upkeep\n|turn|20\n|c|+OreoSpeedruns|IOOOOOOOOOO\n|c|\u2606Nicometeor|opsie\n|\n|t:|1698774671\n|move|p2a: Ogerpon|Trailblaze|p1a: Skeledirge\n|-resisted|p1a: Skeledirge\n|-damage|p1a: Skeledirge|0 fnt\n|-boost|p2a: Ogerpon|spe|1\n|faint|p1a: Skeledirge\n|\n|-weather|SunnyDay|[upkeep]\n|upkeep\n|\n|t:|1698774673\n|switch|p1a: Clodsire|Clodsire, M|47\/100\n|turn|21\n|\n|t:|1698774675\n|move|p2a: Ogerpon|Ivy Cudgel|p1a: Clodsire\n|-damage|p1a: Clodsire|0 fnt\n|faint|p1a: Clodsire\n|\n|win|IoSonoNeon\n|n|\u2606Nicometeor|nicometeor\n|n|\u2606IoSonoNeon|iosononeon\n|n| OreoSpeedruns|oreospeedruns\n|n| Primordiallite|primordiallite\n","uploadtime":1698774676,"views":12,"p1id":"nicometeor","p2id":"iosononeon","formatid":"gen9ubers","rating":0,"private":0,"password":""}