{"id":"gen9ubers-1969879761","p1":"OceanicGamer3","p2":"IspamObjection","format":"[Gen 9] Ubers","log":"|j|\u2606OceanicGamer3\n|j|\u2606IspamObjection\n|t:|1697572625\n|gametype|singles\n|player|p1|OceanicGamer3|bugcatcher-gen4dp|\n|player|p2|IspamObjection|lance-gen2|\n|teamsize|p1|6\n|teamsize|p2|6\n|gen|9\n|tier|[Gen 9] Ubers\n|rule|Sleep Clause Mod: Limit one foe put to sleep\n|rule|Species Clause: Limit one of each Pok\u00e9mon\n|rule|OHKO Clause: OHKO moves are banned\n|rule|Evasion Items Clause: Evasion items are banned\n|rule|Evasion Moves Clause: Evasion moves are banned\n|rule|Endless Battle Clause: Forcing endless battles is banned\n|rule|HP Percentage Mod: HP is shown in percentages\n|clearpoke\n|poke|p1|Tornadus-Therian, M|\n|poke|p1|Iron Valiant|\n|poke|p1|Polteageist|\n|poke|p1|Arceus-Fire|\n|poke|p1|Mimikyu, F|\n|poke|p1|Bisharp, F|\n|poke|p2|Giratina|\n|poke|p2|Garchomp, F|\n|poke|p2|Espathra, F|\n|poke|p2|Cyclizar, M|\n|poke|p2|Urshifu-*, M|\n|poke|p2|Chi-Yu|\n|teampreview\n|inactive|Battle timer is ON: inactive players will automatically lose when time's up. (requested by OceanicGamer3)\n|c|\u2606OceanicGamer3|Glhf\n|\n|t:|1697572652\n|start\n|switch|p1a: Underrated|Mimikyu, F, shiny|100\/100\n|switch|p2a: Garchover|Garchomp, F|100\/100\n|turn|1\n|\n|t:|1697572662\n|move|p2a: Garchover|Stealth Rock|p1a: Underrated\n|-sidestart|p1: OceanicGamer3|move: Stealth Rock\n|move|p1a: Underrated|Play Rough|p2a: Garchover\n|-supereffective|p2a: Garchover\n|-damage|p2a: Garchover|43\/100\n|-damage|p1a: Underrated|88\/100|[from] ability: Rough Skin|[of] p2a: Garchover\n|\n|upkeep\n|turn|2\n|\n|t:|1697572672\n|move|p2a: Garchover|Spikes|p1a: Underrated\n|-sidestart|p1: OceanicGamer3|Spikes\n|move|p1a: Underrated|Play Rough|p2a: Garchover\n|-supereffective|p2a: Garchover\n|-damage|p2a: Garchover|0 fnt\n|-damage|p1a: Underrated|76\/100|[from] ability: Rough Skin|[of] p2a: Garchover\n|faint|p2a: Garchover\n|\n|upkeep\n|\n|t:|1697572680\n|switch|p2a: Urshifu|Urshifu-Rapid-Strike, M|100\/100\n|turn|3\n|\n|t:|1697572687\n|move|p2a: Urshifu|Surging Strikes|p1a: Underrated\n|-activate|p1a: Underrated|ability: Disguise\n|-damage|p1a: Underrated|76\/100\n|detailschange|p1a: Underrated|Mimikyu-Busted, F, shiny\n|-damage|p1a: Underrated|63\/100|[from] pokemon: Mimikyu-Busted\n|-crit|p1a: Underrated\n|-damage|p1a: Underrated|36\/100\n|-crit|p1a: Underrated\n|-damage|p1a: Underrated|5\/100\n|-hitcount|p1a: Underrated|3\n|move|p1a: Underrated|Thunder Wave|p2a: Urshifu\n|-status|p2a: Urshifu|par\n|\n|upkeep\n|turn|4\n|\n|t:|1697572701\n|move|p2a: Urshifu|Surging Strikes|p1a: Underrated\n|-crit|p1a: Underrated\n|-damage|p1a: Underrated|0 fnt\n|faint|p1a: Underrated\n|-hitcount|p1: Underrated|1\n|\n|upkeep\n|inactive|OceanicGamer3 has 270 seconds left.\n|\n|t:|1697572743\n|switch|p1a: CA CAWWW|Tornadus-Therian, M|100\/100\n|turn|5\n|\n|t:|1697572756\n|move|p1a: CA CAWWW|Knock Off|p2a: Urshifu\n|-resisted|p2a: Urshifu\n|-damage|p2a: Urshifu|86\/100 par\n|-enditem|p2a: Urshifu|Choice Scarf|[from] move: Knock Off|[of] p1a: CA CAWWW\n|move|p2a: Urshifu|Surging Strikes|p1a: CA CAWWW\n|-crit|p1a: CA CAWWW\n|-damage|p1a: CA CAWWW|65\/100\n|-crit|p1a: CA CAWWW\n|-damage|p1a: CA CAWWW|33\/100\n|-crit|p1a: CA CAWWW\n|-damage|p1a: CA CAWWW|0 fnt\n|faint|p1a: CA CAWWW\n|-hitcount|p1: CA CAWWW|3\n|\n|upkeep\n|c|\u2606OceanicGamer3|Damn\n|c|\u2606OceanicGamer3|Bluffing hurricane didnt work\n|inactive|OceanicGamer3 has 240 seconds left.\n|\n|t:|1697572796\n|switch|p1a: I need a t Pokemon|Bisharp, F, shiny|100\/100\n|-damage|p1a: I need a t Pokemon|95\/100|[from] Stealth Rock\n|-damage|p1a: I need a t Pokemon|82\/100|[from] Spikes\n|turn|6\n|\n|t:|1697572805\n|move|p1a: I need a t Pokemon|Iron Head|p2a: Urshifu\n|-resisted|p2a: Urshifu\n|-damage|p2a: Urshifu|64\/100 par\n|cant|p2a: Urshifu|flinch\n|\n|upkeep\n|turn|7\n|\n|t:|1697572810\n|move|p1a: I need a t Pokemon|Iron Head|p2a: Urshifu\n|-resisted|p2a: Urshifu\n|-damage|p2a: Urshifu|44\/100 par\n|move|p2a: Urshifu|Close Combat|p1a: I need a t Pokemon\n|-supereffective|p1a: I need a t Pokemon\n|-damage|p1a: I need a t Pokemon|0 fnt\n|-unboost|p2a: Urshifu|def|1\n|-unboost|p2a: Urshifu|spd|1\n|faint|p1a: I need a t Pokemon\n|\n|upkeep\n|inactive|OceanicGamer3 has 240 seconds left.\n|\n|t:|1697572820\n|switch|p1a: Arkeuss-Flame|Arceus-Fire, shiny|100\/100\n|-damage|p1a: Arkeuss-Flame|76\/100|[from] Stealth Rock\n|-damage|p1a: Arkeuss-Flame|63\/100|[from] Spikes\n|turn|8\n|\n|t:|1697572825\n|-terastallize|p1a: Arkeuss-Flame|Grass\n|move|p1a: Arkeuss-Flame|Dragon Dance|p1a: Arkeuss-Flame\n|-boost|p1a: Arkeuss-Flame|atk|1\n|-boost|p1a: Arkeuss-Flame|spe|1\n|cant|p2a: Urshifu|par\n|\n|upkeep\n|turn|9\n|\n|t:|1697572835\n|move|p1a: Arkeuss-Flame|Recover|p1a: Arkeuss-Flame\n|-heal|p1a: Arkeuss-Flame|100\/100\n|move|p2a: Urshifu|Poison Jab|p1a: Arkeuss-Flame\n|-supereffective|p1a: Arkeuss-Flame\n|-damage|p1a: Arkeuss-Flame|54\/100\n|\n|upkeep\n|turn|10\n|\n|t:|1697572841\n|move|p1a: Arkeuss-Flame|Bullet Seed|p2a: Urshifu\n|-supereffective|p2a: Urshifu\n|-damage|p2a: Urshifu|0 fnt\n|faint|p2a: Urshifu\n|-hitcount|p2: Urshifu|1\n|\n|upkeep\n|\n|t:|1697572868\n|switch|p2a: Giratina|Giratina|100\/100\n|-ability|p2a: Giratina|Pressure\n|turn|11\n|\n|t:|1697572874\n|move|p1a: Arkeuss-Flame|Recover|p1a: Arkeuss-Flame\n|-heal|p1a: Arkeuss-Flame|100\/100\n|move|p2a: Giratina|Will-O-Wisp|p1a: Arkeuss-Flame|[miss]\n|-miss|p2a: Giratina|p1a: Arkeuss-Flame\n|\n|upkeep\n|turn|12\n|\n|t:|1697572883\n|switch|p1a: MoonBLAST|Iron Valiant, shiny|100\/100\n|-enditem|p1a: MoonBLAST|Booster Energy\n|-activate|p1a: MoonBLAST|ability: Quark Drive|[fromitem]\n|-start|p1a: MoonBLAST|quarkdrivespe\n|-damage|p1a: MoonBLAST|94\/100|[from] Stealth Rock\n|-damage|p1a: MoonBLAST|82\/100|[from] Spikes\n|move|p2a: Giratina|Will-O-Wisp|p1a: MoonBLAST\n|-status|p1a: MoonBLAST|brn\n|\n|-damage|p1a: MoonBLAST|76\/100 brn|[from] brn\n|upkeep\n|turn|13\n|\n|t:|1697572895\n|-terastallize|p2a: Giratina|Normal\n|move|p1a: MoonBLAST|Calm Mind|p1a: MoonBLAST\n|-boost|p1a: MoonBLAST|spa|1\n|-boost|p1a: MoonBLAST|spd|1\n|move|p2a: Giratina|Roar|p1a: MoonBLAST\n|-end|p1a: MoonBLAST|Quark Drive|[silent]\n|drag|p1a: Teapot|Polteageist, shiny|100\/100\n|-damage|p1a: Teapot|88\/100|[from] Stealth Rock\n|-damage|p1a: Teapot|76\/100|[from] Spikes\n|\n|upkeep\n|turn|14\n|inactive|OceanicGamer3 has 270 seconds left.\n|\n|t:|1697572911\n|switch|p1a: MoonBLAST|Iron Valiant, shiny|76\/100 brn\n|-damage|p1a: MoonBLAST|69\/100 brn|[from] Stealth Rock\n|-damage|p1a: MoonBLAST|57\/100 brn|[from] Spikes\n|move|p2a: Giratina|Roar|p1a: MoonBLAST\n|-end|p1a: MoonBLAST|Quark Drive|[silent]\n|drag|p1a: Teapot|Polteageist, shiny|76\/100\n|-damage|p1a: Teapot|64\/100|[from] Stealth Rock\n|-damage|p1a: Teapot|51\/100|[from] Spikes\n|\n|upkeep\n|turn|15\n|inactive|OceanicGamer3 has 270 seconds left.\n|\n|t:|1697572921\n|move|p1a: Teapot|Tera Blast|p2a: Giratina\n|-damage|p2a: Giratina|81\/100\n|move|p2a: Giratina|Roar|p1a: Teapot\n|drag|p1a: Arkeuss-Flame|Arceus-Fire, shiny, tera:Grass|100\/100\n|-damage|p1a: Arkeuss-Flame|88\/100|[from] Stealth Rock\n|-damage|p1a: Arkeuss-Flame|76\/100|[from] Spikes\n|\n|-heal|p2a: Giratina|87\/100|[from] item: Leftovers\n|upkeep\n|turn|16\n|\n|t:|1697572945\n|move|p1a: Arkeuss-Flame|Flare Blitz|p2a: Giratina\n|-damage|p2a: Giratina|56\/100\n|-damage|p1a: Arkeuss-Flame|64\/100|[from] Recoil\n|move|p2a: Giratina|Will-O-Wisp|p1a: Arkeuss-Flame\n|-status|p1a: Arkeuss-Flame|brn\n|\n|-heal|p2a: Giratina|62\/100|[from] item: Leftovers\n|-damage|p1a: Arkeuss-Flame|58\/100 brn|[from] brn\n|upkeep\n|turn|17\n|\n|t:|1697572954\n|move|p1a: Arkeuss-Flame|Flare Blitz|p2a: Giratina\n|-damage|p2a: Giratina|46\/100\n|-damage|p1a: Arkeuss-Flame|52\/100 brn|[from] Recoil\n|move|p2a: Giratina|Roar|p1a: Arkeuss-Flame\n|drag|p1a: MoonBLAST|Iron Valiant, shiny|57\/100 brn\n|-damage|p1a: MoonBLAST|51\/100 brn|[from] Stealth Rock\n|-damage|p1a: MoonBLAST|38\/100 brn|[from] Spikes\n|\n|-heal|p2a: Giratina|52\/100|[from] item: Leftovers\n|-damage|p1a: MoonBLAST|32\/100 brn|[from] brn\n|upkeep\n|turn|18\n|\n|t:|1697572966\n|move|p1a: MoonBLAST|Aura Sphere|p2a: Giratina\n|-supereffective|p2a: Giratina\n|-damage|p2a: Giratina|7\/100\n|move|p2a: Giratina|Rest|p2a: Giratina\n|-status|p2a: Giratina|slp|[from] move: Rest\n|-heal|p2a: Giratina|100\/100 slp|[silent]\n|\n|-damage|p1a: MoonBLAST|26\/100 brn|[from] brn\n|upkeep\n|turn|19\n|c|\u2606OceanicGamer3|Dude stop\n|\n|t:|1697572974\n|move|p1a: MoonBLAST|Calm Mind|p1a: MoonBLAST\n|-boost|p1a: MoonBLAST|spa|1\n|-boost|p1a: MoonBLAST|spd|1\n|cant|p2a: Giratina|slp\n|move|p2a: Giratina|Sleep Talk|p2a: Giratina\n|move|p2a: Giratina|Will-O-Wisp|p1a: MoonBLAST|[from]move: Sleep Talk\n|-fail|p1a: MoonBLAST|brn\n|\n|-damage|p1a: MoonBLAST|20\/100 brn|[from] brn\n|upkeep\n|turn|20\n|\n|t:|1697572981\n|move|p1a: MoonBLAST|Aura Sphere|p2a: Giratina\n|-supereffective|p2a: Giratina\n|-damage|p2a: Giratina|35\/100 slp\n|cant|p2a: Giratina|slp\n|move|p2a: Giratina|Sleep Talk|p2a: Giratina\n|move|p2a: Giratina|Will-O-Wisp|p1a: MoonBLAST|[from]move: Sleep Talk\n|-fail|p1a: MoonBLAST|brn\n|\n|-heal|p2a: Giratina|41\/100 slp|[from] item: Leftovers\n|-damage|p1a: MoonBLAST|13\/100 brn|[from] brn\n|upkeep\n|turn|21\n|\n|t:|1697572992\n|move|p1a: MoonBLAST|Aura Sphere|p2a: Giratina\n|-supereffective|p2a: Giratina\n|-damage|p2a: Giratina|0 fnt\n|faint|p2a: Giratina\n|\n|-damage|p1a: MoonBLAST|7\/100 brn|[from] brn\n|upkeep\n|\n|t:|1697572999\n|switch|p2a: Cyclizar|Cyclizar, M|100\/100\n|turn|22\n|\n|t:|1697573009\n|move|p2a: Cyclizar|Shed Tail|p2a: Cyclizar\n|-start|p2a: Cyclizar|Substitute|[from] move: Shed Tail\n|-damage|p2a: Cyclizar|50\/100\n|\n|t:|1697573013\n|switch|p2a: Espathra|Espathra, F|100\/100|[from] Shed Tail\n|move|p1a: MoonBLAST|Moonblast|p2a: Espathra\n|-end|p2a: Espathra|Substitute\n|\n|-damage|p1a: MoonBLAST|1\/100 brn|[from] brn\n|upkeep\n|turn|23\n|\n|t:|1697573030\n|move|p1a: MoonBLAST|Moonblast|p2a: Espathra\n|-damage|p2a: Espathra|0 fnt\n|faint|p2a: Espathra\n|\n|-damage|p1a: MoonBLAST|0 fnt|[from] brn\n|faint|p1a: MoonBLAST\n|-end|p1a: MoonBLAST|Quark Drive|[silent]\n|upkeep\n|\n|t:|1697573039\n|switch|p1a: Teapot|Polteageist, shiny|51\/100\n|switch|p2a: Cyclizar|Cyclizar, M|84\/100\n|-damage|p1a: Teapot|39\/100|[from] Stealth Rock\n|-damage|p1a: Teapot|27\/100|[from] Spikes\n|turn|24\n|\n|t:|1697573049\n|move|p2a: Cyclizar|Knock Off|p1a: Teapot\n|-supereffective|p1a: Teapot\n|-damage|p1a: Teapot|0 fnt\n|-enditem|p1a: Teapot|White Herb|[from] move: Knock Off|[of] p2a: Cyclizar\n|faint|p1a: Teapot\n|\n|upkeep\n|\n|t:|1697573052\n|switch|p1a: Arkeuss-Flame|Arceus-Fire, shiny, tera:Grass|52\/100 brn\n|-damage|p1a: Arkeuss-Flame|40\/100 brn|[from] Stealth Rock\n|-damage|p1a: Arkeuss-Flame|27\/100 brn|[from] Spikes\n|turn|25\n|c|\u2606OceanicGamer3|Gg\n|\n|t:|1697573064\n|switch|p2a: Chi-Yu|Chi-Yu|100\/100\n|-ability|p2a: Chi-Yu|Beads of Ruin\n|move|p1a: Arkeuss-Flame|Recover|p1a: Arkeuss-Flame\n|-heal|p1a: Arkeuss-Flame|77\/100 brn\n|\n|-damage|p1a: Arkeuss-Flame|71\/100 brn|[from] brn\n|upkeep\n|turn|26\n|\n|t:|1697573071\n|move|p2a: Chi-Yu|Flamethrower|p1a: Arkeuss-Flame\n|-supereffective|p1a: Arkeuss-Flame\n|-damage|p1a: Arkeuss-Flame|0 fnt\n|faint|p1a: Arkeuss-Flame\n|\n|win|IspamObjection\n","uploadtime":1697573088,"views":23,"p1id":"oceanicgamer3","p2id":"ispamobjection","formatid":"gen9ubers","rating":0,"private":0,"password":""}