{"id":"gen9ubers-1985598797","p1":"kevinT1029","p2":"Logan2024","format":"[Gen 9] Ubers","log":"|j|\u2606kevinT1029\n|j|\u2606Logan2024\n|t:|1699387849\n|gametype|singles\n|player|p1|kevinT1029|cynthia-gen4|1194\n|player|p2|Logan2024|swimmer-gen4dp|1244\n|teamsize|p1|6\n|teamsize|p2|6\n|gen|9\n|tier|[Gen 9] Ubers\n|rated|\n|rule|Sleep Clause Mod: Limit one foe put to sleep\n|rule|Species Clause: Limit one of each Pok\u00e9mon\n|rule|OHKO Clause: OHKO moves are banned\n|rule|Evasion Items Clause: Evasion items are banned\n|rule|Evasion Moves Clause: Evasion moves are banned\n|rule|Endless Battle Clause: Forcing endless battles is banned\n|rule|HP Percentage Mod: HP is shown in percentages\n|clearpoke\n|poke|p1|Chien-Pao|\n|poke|p1|Espathra, M|\n|poke|p1|Ursaluna-Bloodmoon, M|\n|poke|p1|Palafin, M|\n|poke|p1|Gholdengo|\n|poke|p1|Ogerpon-Hearthflame, F|\n|poke|p2|Grafaiai, M|\n|poke|p2|Basculegion, M|\n|poke|p2|Ursaluna-Bloodmoon, M|\n|poke|p2|Corviknight, M|\n|poke|p2|Palafin, F|\n|poke|p2|Gholdengo|\n|teampreview\n|inactive|Battle timer is ON: inactive players will automatically lose when time's up. (requested by kevinT1029)\n|\n|t:|1699387870\n|start\n|switch|p1a: Palafin|Palafin, M|100\/100\n|switch|p2a: Palafin|Palafin, F|100\/100\n|turn|1\n|\n|t:|1699387894\n|move|p2a: Palafin|Flip Turn|p1a: Palafin\n|-resisted|p1a: Palafin\n|-damage|p1a: Palafin|83\/100\n|\n|t:|1699387898\n|detailschange|p2a: Palafin|Palafin-Hero, F\n|switch|p2a: Corviknight|Corviknight, M|100\/100|[from] Flip Turn\n|move|p1a: Palafin|Flip Turn|p2a: Corviknight\n|-damage|p2a: Corviknight|79\/100\n|-damage|p1a: Palafin|67\/100|[from] item: Rocky Helmet|[of] p2a: Corviknight\n|\n|t:|1699387917\n|detailschange|p1a: Palafin|Palafin-Hero, M\n|switch|p1a: Gholdengo|Gholdengo|100\/100|[from] Flip Turn\n|\n|upkeep\n|turn|2\n|\n|t:|1699387925\n|move|p1a: Gholdengo|Thunderbolt|p2a: Corviknight\n|-supereffective|p2a: Corviknight\n|-damage|p2a: Corviknight|0 fnt\n|faint|p2a: Corviknight\n|\n|upkeep\n|\n|t:|1699387930\n|switch|p2a: Ursaluna|Ursaluna-Bloodmoon, M|100\/100\n|turn|3\n|\n|t:|1699387942\n|switch|p1a: Palafin|Palafin-Hero, M|67\/100\n|-activate|p1a: Palafin|ability: Zero to Hero\n|move|p2a: Ursaluna|Calm Mind|p2a: Ursaluna\n|-boost|p2a: Ursaluna|spa|1\n|-boost|p2a: Ursaluna|spd|1\n|\n|upkeep\n|turn|4\n|\n|t:|1699387950\n|-terastallize|p2a: Ursaluna|Fairy\n|move|p1a: Palafin|Jet Punch|p2a: Ursaluna\n|-damage|p2a: Ursaluna|64\/100\n|move|p2a: Ursaluna|Blood Moon|p1a: Palafin\n|-damage|p1a: Palafin|0 fnt\n|faint|p1a: Palafin\n|\n|-heal|p2a: Ursaluna|70\/100|[from] item: Leftovers\n|upkeep\n|\n|t:|1699387968\n|switch|p1a: Gholdengo|Gholdengo|100\/100\n|turn|5\n|\n|t:|1699387977\n|switch|p2a: Gholdengo|Gholdengo|100\/100\n|-item|p2a: Gholdengo|Air Balloon\n|move|p1a: Gholdengo|Make It Rain|p2a: Gholdengo\n|-resisted|p2a: Gholdengo\n|-damage|p2a: Gholdengo|48\/100\n|-unboost|p1a: Gholdengo|spa|1\n|-enditem|p2a: Gholdengo|Air Balloon\n|\n|upkeep\n|turn|6\n|\n|t:|1699387992\n|switch|p1a: Ogerpon|Ogerpon-Hearthflame, F|100\/100\n|-ability|p1a: Ogerpon|Mold Breaker\n|move|p2a: Gholdengo|Dazzling Gleam|p1a: Ogerpon\n|-resisted|p1a: Ogerpon\n|-damage|p1a: Ogerpon|83\/100\n|\n|upkeep\n|turn|7\n|\n|t:|1699388001\n|move|p1a: Ogerpon|Swords Dance|p1a: Ogerpon\n|-boost|p1a: Ogerpon|atk|2\n|move|p2a: Gholdengo|Recover|p2a: Gholdengo\n|-heal|p2a: Gholdengo|99\/100\n|\n|upkeep\n|turn|8\n|inactive|Logan2024 has 120 seconds left.\n|\n|t:|1699388032\n|-terastallize|p1a: Ogerpon|Fire\n|detailschange|p1a: Ogerpon|Ogerpon-Hearthflame-Tera, F, tera:Fire\n|-ability|p1a: Ogerpon|Embody Aspect (Hearthflame)|boost\n|-boost|p1a: Ogerpon|atk|1\n|move|p1a: Ogerpon|Ivy Cudgel|p2a: Gholdengo\n|-supereffective|p2a: Gholdengo\n|-damage|p2a: Gholdengo|0 fnt\n|faint|p2a: Gholdengo\n|\n|upkeep\n|inactive|Logan2024 has 120 seconds left.\n|\n|t:|1699388046\n|switch|p2a: Basculegion|Basculegion, M|100\/100\n|turn|9\n|\n|t:|1699388051\n|move|p2a: Basculegion|Wave Crash|p1a: Ogerpon\n|-supereffective|p1a: Ogerpon\n|-damage|p1a: Ogerpon|0 fnt\n|faint|p1a: Ogerpon\n|-damage|p2a: Basculegion|79\/100|[from] Recoil\n|\n|upkeep\n|\n|t:|1699388060\n|switch|p1a: Espathra|Espathra, M|100\/100\n|turn|10\n|\n|t:|1699388066\n|switch|p2a: Grafaiai|Grafaiai, M|100\/100\n|move|p1a: Espathra|Protect||[still]\n|-fail|p1a: Espathra\n|\n|-ability|p1a: Espathra|Speed Boost|boost\n|-boost|p1a: Espathra|spe|1\n|upkeep\n|turn|11\n|\n|t:|1699388092\n|move|p1a: Espathra|Lumina Crash|p2a: Grafaiai\n|-supereffective|p2a: Grafaiai\n|-crit|p2a: Grafaiai\n|-damage|p2a: Grafaiai|0 fnt\n|faint|p2a: Grafaiai\n|\n|-ability|p1a: Espathra|Speed Boost|boost\n|-boost|p1a: Espathra|spe|1\n|upkeep\n|\n|t:|1699388114\n|switch|p2a: Palafin|Palafin-Hero, F|100\/100\n|-activate|p2a: Palafin|ability: Zero to Hero\n|turn|12\n|\n|t:|1699388122\n|move|p1a: Espathra|Protect|p1a: Espathra\n|-singleturn|p1a: Espathra|Protect\n|move|p2a: Palafin|Wave Crash|p1a: Espathra\n|-activate|p1a: Espathra|move: Protect\n|\n|-ability|p1a: Espathra|Speed Boost|boost\n|-boost|p1a: Espathra|spe|1\n|upkeep\n|turn|13\n|\n|t:|1699388135\n|move|p1a: Espathra|Calm Mind|p1a: Espathra\n|-boost|p1a: Espathra|spa|1\n|-boost|p1a: Espathra|spd|1\n|move|p2a: Palafin|Wave Crash|p1a: Espathra\n|-damage|p1a: Espathra|0 fnt\n|faint|p1a: Espathra\n|-damage|p2a: Palafin|69\/100|[from] Recoil\n|\n|upkeep\n|\n|t:|1699388150\n|switch|p1a: Gholdengo|Gholdengo|100\/100\n|turn|14\n|inactive|Logan2024 has 120 seconds left.\n|\n|t:|1699388187\n|switch|p2a: Ursaluna|Ursaluna-Bloodmoon, M, tera:Fairy|70\/100\n|move|p1a: Gholdengo|Shadow Ball|p2a: Ursaluna\n|-damage|p2a: Ursaluna|14\/100\n|\n|-heal|p2a: Ursaluna|20\/100|[from] item: Leftovers\n|upkeep\n|turn|15\n|inactive|Logan2024 has 120 seconds left.\n|\n|t:|1699388200\n|move|p1a: Gholdengo|Shadow Ball|p2a: Ursaluna\n|-damage|p2a: Ursaluna|0 fnt\n|faint|p2a: Ursaluna\n|\n|upkeep\n|\n|t:|1699388211\n|switch|p2a: Basculegion|Basculegion, M|79\/100\n|turn|16\n|\n|t:|1699388214\n|switch|p1a: Ursaluna|Ursaluna-Bloodmoon, M|100\/100\n|move|p2a: Basculegion|Wave Crash|p1a: Ursaluna\n|-supereffective|p1a: Ursaluna\n|-damage|p1a: Ursaluna|0 fnt\n|faint|p1a: Ursaluna\n|-damage|p2a: Basculegion|42\/100|[from] Recoil\n|\n|upkeep\n|\n|t:|1699388222\n|switch|p1a: Chien-Pao|Chien-Pao|100\/100\n|-ability|p1a: Chien-Pao|Sword of Ruin\n|turn|17\n|\n|t:|1699388227\n|switch|p2a: Palafin|Palafin-Hero, F|69\/100\n|move|p1a: Chien-Pao|Sucker Punch||[still]\n|-fail|p1a: Chien-Pao\n|\n|upkeep\n|turn|18\n|\n|t:|1699388237\n|move|p1a: Chien-Pao|Crunch|p2a: Palafin\n|-damage|p2a: Palafin|16\/100\n|move|p2a: Palafin|Wave Crash|p1a: Chien-Pao\n|-enditem|p1a: Chien-Pao|Focus Sash\n|-damage|p1a: Chien-Pao|1\/100\n|-damage|p2a: Palafin|0 fnt|[from] Recoil\n|faint|p2a: Palafin\n|\n|upkeep\n|\n|t:|1699388245\n|switch|p2a: Basculegion|Basculegion, M|42\/100\n|turn|19\n|\n|t:|1699388249\n|move|p2a: Basculegion|Aqua Jet|p1a: Chien-Pao\n|-damage|p1a: Chien-Pao|0 fnt\n|faint|p1a: Chien-Pao\n|\n|upkeep\n|\n|t:|1699388254\n|switch|p1a: Gholdengo|Gholdengo|100\/100\n|turn|20\n|\n|t:|1699388257\n|move|p2a: Basculegion|Aqua Jet|p1a: Gholdengo\n|-damage|p1a: Gholdengo|71\/100\n|move|p1a: Gholdengo|Thunderbolt|p2a: Basculegion\n|-supereffective|p2a: Basculegion\n|-damage|p2a: Basculegion|0 fnt\n|faint|p2a: Basculegion\n|\n|win|kevinT1029\n|raw|kevinT1029's rating: 1194 &rarr; <strong>1223<\/strong><br \/>(+29 for winning)\n|raw|Logan2024's rating: 1244 &rarr; <strong>1215<\/strong><br \/>(-29 for losing)\n|c|\u2606Logan2024|gg\n|c|\u2606Logan2024|por fin alguien bueno\n|c|\u2606Logan2024|xD\n","uploadtime":1699388291,"views":16,"p1id":"kevint1029","p2id":"logan2024","formatid":"gen9ubers","rating":1215,"private":0,"password":""}