{"id":"gen9ubers-1999394617","p1":"Rei_darkness","p2":"Dragon Master Rosa","format":"[Gen 9] Ubers","log":"|j|\u2606Rei_darkness\n|j|\u2606Dragon Master Rosa\n|t:|1701073074\n|gametype|singles\n|player|p1|Rei_darkness|drayden|\n|player|p2|Dragon Master Rosa|dragontamer-gen9|\n|teamsize|p1|6\n|teamsize|p2|6\n|gen|9\n|tier|[Gen 9] Ubers\n|rule|Sleep Clause Mod: Limit one foe put to sleep\n|rule|Species Clause: Limit one of each Pok\u00e9mon\n|rule|OHKO Clause: OHKO moves are banned\n|rule|Evasion Items Clause: Evasion items are banned\n|rule|Evasion Moves Clause: Evasion moves are banned\n|rule|Endless Battle Clause: Forcing endless battles is banned\n|rule|HP Percentage Mod: HP is shown in percentages\n|clearpoke\n|poke|p1|Ribombee, F|\n|poke|p1|Iron Jugulis|\n|poke|p1|Weezing-Galar, M|\n|poke|p1|Medicham, F|\n|poke|p1|Slowking-Galar, M|\n|poke|p1|Palafin, M|\n|poke|p2|Palafin, M|\n|poke|p2|Slowking-Galar, M|\n|poke|p2|Greninja-*, F|\n|poke|p2|Moltres|\n|poke|p2|Weezing-Galar, F|\n|poke|p2|Zoroark-Hisui, M|\n|teampreview\n|inactive|Battle timer is ON: inactive players will automatically lose when time's up. (requested by Rei_darkness)\n|\n|t:|1701073096\n|start\n|switch|p1a: Ribombee|Ribombee, F, shiny|100\/100\n|switch|p2a: Moltres|Moltres|100\/100\n|turn|1\n|\n|t:|1701073102\n|move|p1a: Ribombee|Stun Spore|p2a: Moltres\n|-status|p2a: Moltres|par\n|move|p2a: Moltres|Flare Blitz|p1a: Ribombee\n|-supereffective|p1a: Ribombee\n|-enditem|p1a: Ribombee|Focus Sash\n|-damage|p1a: Ribombee|1\/100\n|-damage|p2a: Moltres|78\/100 par|[from] Recoil\n|\n|upkeep\n|turn|2\n|\n|t:|1701073110\n|move|p1a: Ribombee|Sticky Web|p2a: Moltres\n|-sidestart|p2: Dragon Master Rosa|move: Sticky Web\n|move|p2a: Moltres|U-turn|p1a: Ribombee\n|-resisted|p1a: Ribombee\n|-damage|p1a: Ribombee|0 fnt\n|faint|p1a: Ribombee\n|\n|t:|1701073121\n|switch|p2a: Palafin|Palafin, M|100\/100|[from] U-turn\n|-activate|p2a: Palafin|move: Sticky Web\n|-unboost|p2a: Palafin|spe|1\n|\n|upkeep\n|\n|t:|1701073127\n|switch|p1a: Medicham|Medicham, F, shiny|100\/100\n|turn|3\n|\n|t:|1701073133\n|detailschange|p2a: Palafin|Palafin-Hero, M\n|switch|p2a: Weezing|Weezing-Galar, F|100\/100\n|move|p1a: Medicham|Zen Headbutt|p2a: Weezing\n|-supereffective|p2a: Weezing\n|-damage|p2a: Weezing|28\/100\n|\n|-heal|p2a: Weezing|34\/100|[from] item: Leftovers\n|upkeep\n|turn|4\n|\n|t:|1701073151\n|-terastallize|p2a: Weezing|Psychic\n|move|p1a: Medicham|Zen Headbutt|p2a: Weezing\n|-resisted|p2a: Weezing\n|-damage|p2a: Weezing|16\/100\n|move|p2a: Weezing|Pain Split|p1a: Medicham\n|-sethp|p1a: Medicham|60\/100|[from] move: Pain Split|[silent]\n|-sethp|p2a: Weezing|47\/100|[from] move: Pain Split\n|\n|-heal|p2a: Weezing|53\/100|[from] item: Leftovers\n|upkeep\n|turn|5\n|\n|t:|1701073166\n|switch|p1a: Palafin|Palafin, M|100\/100\n|move|p2a: Weezing|Defog|p1a: Palafin\n|-unboost|p1a: Palafin|evasion|1\n|-sideend|p2: Dragon Master Rosa|Sticky Web|[from] move: Defog|[of] p2a: Weezing\n|\n|-heal|p2a: Weezing|59\/100|[from] item: Leftovers\n|upkeep\n|turn|6\n|\n|t:|1701073176\n|switch|p2a: Slowking|Slowking-Galar, M|100\/100\n|move|p1a: Palafin|Surf|p2a: Slowking\n|-damage|p2a: Slowking|74\/100\n|\n|-heal|p2a: Slowking|80\/100|[from] item: Leftovers\n|upkeep\n|turn|7\n|\n|t:|1701073181\n|detailschange|p1a: Palafin|Palafin-Hero, M\n|switch|p1a: Slowking|Slowking-Galar, M, shiny|100\/100\n|move|p2a: Slowking|Chilly Reception|p2a: Slowking\n|-weather|Snow\n|\n|t:|1701073193\n|switch|p2a: Greninja|Greninja, F|100\/100|[from] Chilly Reception\n|\n|-weather|Snow|[upkeep]\n|upkeep\n|turn|8\n|\n|t:|1701073215\n|switch|p2a: Moltres|Moltres|78\/100 par\n|switch|p1a: Weezing|Weezing-Galar, M|100\/100\n|\n|-weather|Snow|[upkeep]\n|upkeep\n|turn|9\n|\n|t:|1701073223\n|switch|p1a: Palafin|Palafin-Hero, M|100\/100\n|-activate|p1a: Palafin|ability: Zero to Hero\n|move|p2a: Moltres|U-turn|p1a: Palafin\n|-damage|p1a: Palafin|83\/100\n|\n|t:|1701073234\n|switch|p2a: Greninja|Greninja, F|100\/100|[from] U-turn\n|\n|-weather|Snow|[upkeep]\n|upkeep\n|turn|10\n|\n|t:|1701073243\n|move|p2a: Greninja|Swords Dance|p2a: Greninja\n|-boost|p2a: Greninja|atk|2\n|move|p1a: Palafin|Surf|p2a: Greninja\n|-damage|p2a: Greninja|0 fnt\n|replace|p2a: Zoroark|Zoroark-Hisui, M\n|-end|p2a: Zoroark|Illusion\n|faint|p2a: Zoroark\n|\n|-weather|Snow|[upkeep]\n|upkeep\n|\n|t:|1701073255\n|switch|p2a: Palafin|Palafin-Hero, M|100\/100\n|-activate|p2a: Palafin|ability: Zero to Hero\n|turn|11\n|\n|t:|1701073262\n|switch|p1a: Slowking|Slowking-Galar, M, shiny|100\/100\n|move|p2a: Palafin|Boomburst|p1a: Slowking\n|-crit|p1a: Slowking\n|-damage|p1a: Slowking|47\/100\n|\n|-weather|none\n|upkeep\n|turn|12\n|\n|t:|1701073266\n|move|p2a: Palafin|Boomburst|p1a: Slowking\n|-damage|p1a: Slowking|11\/100\n|move|p1a: Slowking|Slack Off|p1a: Slowking\n|-heal|p1a: Slowking|61\/100\n|\n|upkeep\n|turn|13\n|\n|t:|1701073273\n|switch|p2a: Moltres|Moltres|78\/100 par\n|move|p1a: Slowking|Slack Off|p1a: Slowking\n|-heal|p1a: Slowking|100\/100\n|\n|upkeep\n|turn|14\n|\n|t:|1701073277\n|move|p2a: Moltres|Flare Blitz|p1a: Slowking\n|-damage|p1a: Slowking|61\/100\n|-damage|p2a: Moltres|65\/100 par|[from] Recoil\n|move|p1a: Slowking|Chilly Reception|p1a: Slowking\n|-weather|Snow\n|\n|t:|1701073284\n|switch|p1a: Palafin|Palafin-Hero, M|83\/100|[from] Chilly Reception\n|\n|-weather|Snow|[upkeep]\n|upkeep\n|turn|15\n|\n|t:|1701073288\n|switch|p2a: Slowking|Slowking-Galar, M|100\/100\n|move|p1a: Palafin|Boomburst|p2a: Slowking\n|-damage|p2a: Slowking|61\/100\n|\n|-weather|Snow|[upkeep]\n|-heal|p2a: Slowking|67\/100|[from] item: Leftovers\n|upkeep\n|turn|16\n|\n|t:|1701073297\n|switch|p1a: Medicham|Medicham, F, shiny|60\/100\n|move|p2a: Slowking|Chilly Reception|p2a: Slowking\n|\n|t:|1701073302\n|switch|p2a: Greninja|Greninja, F|100\/100|[from] Chilly Reception\n|\n|-weather|Snow|[upkeep]\n|upkeep\n|turn|17\n|\n|t:|1701073306\n|move|p2a: Greninja|Shadow Sneak|p1a: Medicham\n|-start|p2a: Greninja|typechange|Ghost|[from] ability: Protean\n|-supereffective|p1a: Medicham\n|-damage|p1a: Medicham|0 fnt\n|faint|p1a: Medicham\n|\n|-weather|Snow|[upkeep]\n|upkeep\n|\n|t:|1701073321\n|switch|p1a: Iron Jugulis|Iron Jugulis, shiny|100\/100\n|-enditem|p1a: Iron Jugulis|Booster Energy\n|-activate|p1a: Iron Jugulis|ability: Quark Drive|[fromitem]\n|-start|p1a: Iron Jugulis|quarkdrivespe\n|turn|18\n|\n|t:|1701073326\n|switch|p2a: Slowking|Slowking-Galar, M|99\/100\n|move|p1a: Iron Jugulis|Work Up|p1a: Iron Jugulis\n|-boost|p1a: Iron Jugulis|atk|1\n|-boost|p1a: Iron Jugulis|spa|1\n|\n|-weather|none\n|-heal|p2a: Slowking|100\/100|[from] item: Leftovers\n|upkeep\n|turn|19\n|\n|t:|1701073332\n|-terastallize|p1a: Iron Jugulis|Ground\n|move|p1a: Iron Jugulis|Knock Off|p2a: Slowking\n|-supereffective|p2a: Slowking\n|-damage|p2a: Slowking|0 fnt\n|-enditem|p2a: Slowking|Leftovers|[from] move: Knock Off|[of] p1a: Iron Jugulis\n|faint|p2a: Slowking\n|\n|upkeep\n|\n|t:|1701073341\n|switch|p2a: Greninja|Greninja, F|100\/100\n|turn|20\n|\n|t:|1701073343\n|move|p1a: Iron Jugulis|Acrobatics|p2a: Greninja\n|-damage|p2a: Greninja|0 fnt\n|faint|p2a: Greninja\n|\n|upkeep\n|\n|t:|1701073346\n|switch|p2a: Moltres|Moltres|65\/100 par\n|turn|21\n|\n|t:|1701073348\n|move|p1a: Iron Jugulis|Acrobatics|p2a: Moltres\n|-damage|p2a: Moltres|15\/100 par\n|move|p2a: Moltres|Will-O-Wisp|p1a: Iron Jugulis\n|-status|p1a: Iron Jugulis|brn\n|\n|-damage|p1a: Iron Jugulis|94\/100 brn|[from] brn\n|upkeep\n|turn|22\n|\n|t:|1701073353\n|move|p1a: Iron Jugulis|Acrobatics|p2a: Moltres\n|-damage|p2a: Moltres|0 fnt\n|faint|p2a: Moltres\n|\n|-damage|p1a: Iron Jugulis|88\/100 brn|[from] brn\n|upkeep\n|\n|t:|1701073354\n|switch|p2a: Palafin|Palafin-Hero, M|100\/100\n|turn|23\n|\n|t:|1701073358\n|move|p1a: Iron Jugulis|Knock Off|p2a: Palafin\n|-damage|p2a: Palafin|70\/100\n|-enditem|p2a: Palafin|Choice Specs|[from] move: Knock Off|[of] p1a: Iron Jugulis\n|move|p2a: Palafin|Surf|p1a: Iron Jugulis\n|-supereffective|p1a: Iron Jugulis\n|-damage|p1a: Iron Jugulis|0 fnt\n|faint|p1a: Iron Jugulis\n|-end|p1a: Iron Jugulis|Quark Drive|[silent]\n|\n|upkeep\n|\n|t:|1701073362\n|switch|p1a: Slowking|Slowking-Galar, M, shiny|94\/100\n|turn|24\n|\n|t:|1701073365\n|switch|p2a: Weezing|Weezing-Galar, F, tera:Psychic|59\/100\n|move|p1a: Slowking|Toxic|p2a: Weezing\n|-status|p2a: Weezing|tox\n|\n|-heal|p2a: Weezing|65\/100 tox|[from] item: Leftovers\n|-damage|p2a: Weezing|59\/100 tox|[from] psn\n|upkeep\n|turn|25\n|\n|t:|1701073369\n|switch|p1a: Weezing|Weezing-Galar, M|100\/100\n|move|p2a: Weezing|Pain Split|p1a: Weezing\n|-sethp|p1a: Weezing|80\/100|[from] move: Pain Split|[silent]\n|-sethp|p2a: Weezing|80\/100 tox|[from] move: Pain Split\n|\n|-heal|p2a: Weezing|86\/100 tox|[from] item: Leftovers\n|-damage|p2a: Weezing|74\/100 tox|[from] psn\n|upkeep\n|turn|26\n|c|\u2606Dragon Master Rosa|ggwp\n|\n|t:|1701073374\n|move|p1a: Weezing|Strange Steam|p2a: Weezing\n|-damage|p2a: Weezing|38\/100 tox\n|move|p2a: Weezing|Strange Steam|p1a: Weezing\n|-resisted|p1a: Weezing\n|-damage|p1a: Weezing|61\/100\n|\n|-heal|p2a: Weezing|44\/100 tox|[from] item: Leftovers\n|-damage|p2a: Weezing|26\/100 tox|[from] psn\n|upkeep\n|turn|27\n|\n|t:|1701073377\n|move|p2a: Weezing|Pain Split|p1a: Weezing\n|-sethp|p1a: Weezing|43\/100|[from] move: Pain Split|[silent]\n|-sethp|p2a: Weezing|43\/100 tox|[from] move: Pain Split\n|move|p1a: Weezing|Strange Steam|p2a: Weezing\n|-damage|p2a: Weezing|8\/100 tox\n|\n|-heal|p2a: Weezing|14\/100 tox|[from] item: Leftovers\n|-damage|p2a: Weezing|0 fnt|[from] psn\n|faint|p2a: Weezing\n|upkeep\n|\n|t:|1701073380\n|switch|p2a: Palafin|Palafin-Hero, M|70\/100\n|turn|28\n|\n|t:|1701073384\n|move|p2a: Palafin|Boomburst|p1a: Weezing\n|-damage|p1a: Weezing|0 fnt\n|faint|p1a: Weezing\n|\n|upkeep\n|\n|t:|1701073386\n|switch|p1a: Slowking|Slowking-Galar, M, shiny|100\/100\n|turn|29\n|\n|t:|1701073388\n|move|p2a: Palafin|Ice Beam|p1a: Slowking\n|-damage|p1a: Slowking|84\/100\n|move|p1a: Slowking|Toxic|p2a: Palafin\n|-status|p2a: Palafin|tox\n|\n|-damage|p2a: Palafin|64\/100 tox|[from] psn\n|upkeep\n|turn|30\n|\n|t:|1701073395\n|switch|p1a: Palafin|Palafin-Hero, M|83\/100\n|move|p2a: Palafin|Ice Beam|p1a: Palafin\n|-resisted|p1a: Palafin\n|-damage|p1a: Palafin|67\/100\n|\n|-damage|p2a: Palafin|52\/100 tox|[from] psn\n|upkeep\n|turn|31\n|\n|t:|1701073398\n|move|p2a: Palafin|Ice Beam|p1a: Palafin\n|-resisted|p1a: Palafin\n|-damage|p1a: Palafin|52\/100\n|move|p1a: Palafin|Boomburst|p2a: Palafin\n|-damage|p2a: Palafin|0 fnt\n|faint|p2a: Palafin\n|\n|win|Rei_darkness\n|c|\u2606Rei_darkness|GG\n|l|\u2606Rei_darkness\n|j|\u2606Rei_darkness\n|player|p1|Rei_darkness|drayden\n","uploadtime":1701073402,"views":29,"p1id":"reidarkness","p2id":"dragonmasterrosa","formatid":"gen9ubers","rating":0,"private":0,"password":""}