{"id":"gen9ubers-1994406310","p1":"schmoepesci","p2":"RujandoruX","format":"[Gen 9] Ubers","log":"|j|\u2606schmoepesci\n|j|\u2606RujandoruX\n|t:|1700440319\n|gametype|singles\n|player|p1|schmoepesci|cynthia-gen4|\n|player|p2|RujandoruX|hilbert-wonderlauncher|\n|teamsize|p1|6\n|teamsize|p2|6\n|gen|9\n|tier|[Gen 9] Ubers\n|rule|Sleep Clause Mod: Limit one foe put to sleep\n|rule|Species Clause: Limit one of each Pok\u00e9mon\n|rule|OHKO Clause: OHKO moves are banned\n|rule|Evasion Items Clause: Evasion items are banned\n|rule|Evasion Moves Clause: Evasion moves are banned\n|rule|Endless Battle Clause: Forcing endless battles is banned\n|rule|HP Percentage Mod: HP is shown in percentages\n|clearpoke\n|poke|p1|Dragonite, M|\n|poke|p1|Fezandipiti, M|\n|poke|p1|Tauros-Paldea-Aqua, M|\n|poke|p1|Hoopa-Unbound|\n|poke|p1|Dudunsparce-*, M|\n|poke|p1|Decidueye, F|\n|poke|p2|Sneasler, F|\n|poke|p2|Cresselia, F|\n|poke|p2|Thundurus-Therian, M|\n|poke|p2|Donphan, M|\n|poke|p2|Milotic, F|\n|poke|p2|Muk-Alola, F|\n|teampreview\n|j| elseworlda\n|j| Underrated Battler\n|j| Damien Leruss\n|j| TeaBooker\n|c|\u2606schmoepesci|glhf pookie\n|c|\u2606RujandoruX|glhf\n|j| screencheaters\n|j| spookydepot\n|c| spookydepot|rooting for you jeff\n|c| screencheaters|jeff\n|c|\u2606RujandoruX|?\n|c| screencheaters|take good care of thundurus-t\n|c|\u2606RujandoruX|of course\n|c| screencheaters|<3\n|c| elseworlda|kuM\n|c| Underrated Battler|MUCIL\n|\n|t:|1700440408\n|start\n|switch|p1a: HIRO|Dudunsparce, M, shiny|100\/100\n|switch|p2a: Thundurus|Thundurus-Therian, M|100\/100\n|turn|1\n|c| Underrated Battler|thundurus has anal beads\n|\n|t:|1700440457\n|move|p2a: Thundurus|Knock Off|p1a: HIRO\n|-damage|p1a: HIRO|83\/100\n|-enditem|p1a: HIRO|Chople Berry|[from] move: Knock Off|[of] p2a: Thundurus\n|move|p1a: HIRO|Boomburst|p2a: Thundurus\n|-damage|p2a: Thundurus|47\/100\n|\n|upkeep\n|turn|2\n|c| elseworlda|long ones too\n|c| screencheaters|damn yall both got my mons\n|\n|t:|1700440477\n|move|p2a: Thundurus|U-turn|p1a: HIRO\n|-damage|p1a: HIRO|71\/100\n|\n|t:|1700440480\n|switch|p2a: Muk|Muk-Alola, F|100\/100|[from] U-turn\n|move|p1a: HIRO|Stealth Rock|p2a: Muk\n|-sidestart|p2: RujandoruX|move: Stealth Rock\n|\n|upkeep\n|turn|3\n|c| screencheaters|friendly fire\n|l| TeaBooker\n|\n|t:|1700440518\n|move|p2a: Muk|Knock Off|p1a: HIRO\n|-damage|p1a: HIRO|52\/100\n|move|p1a: HIRO|Dragon Tail|p2a: Muk\n|-damage|p2a: Muk|87\/100\n|drag|p2a: Donphan|Donphan, M, shiny|100\/100\n|\n|upkeep\n|turn|4\n|j| TeaBooker\n|\n|t:|1700440565\n|switch|p2a: Muk|Muk-Alola, F|87\/100\n|-damage|p2a: Muk|75\/100|[from] Stealth Rock\n|move|p1a: HIRO|Boomburst|p2a: Muk\n|-damage|p2a: Muk|52\/100\n|\n|upkeep\n|turn|5\n|\n|t:|1700440630\n|switch|p1a: WASABI|Tauros-Paldea-Aqua, M|100\/100\n|-ability|p1a: WASABI|Intimidate|boost\n|-unboost|p2a: Muk|atk|1\n|move|p2a: Muk|Drain Punch|p1a: WASABI\n|-damage|p1a: WASABI|88\/100\n|-heal|p2a: Muk|57\/100|[from] drain|[of] p1a: WASABI\n|-damage|p2a: Muk|40\/100|[from] item: Rocky Helmet|[of] p1a: WASABI\n|\n|upkeep\n|turn|6\n|\n|t:|1700440690\n|switch|p1a: HIRO|Dudunsparce, M, shiny|52\/100\n|switch|p2a: Milotic|Milotic, F, shiny|100\/100\n|-damage|p2a: Milotic|88\/100|[from] Stealth Rock\n|\n|-status|p2a: Milotic|brn|[from] item: Flame Orb\n|upkeep\n|turn|7\n|c|\u2606schmoepesci|mm\n|\n|t:|1700440745\n|move|p2a: Milotic|Scald|p1a: HIRO\n|-damage|p1a: HIRO|24\/100\n|move|p1a: HIRO|Dragon Tail|p2a: Milotic\n|-damage|p2a: Milotic|81\/100 brn\n|drag|p2a: Cresselia|Cresselia, F|100\/100\n|-damage|p2a: Cresselia|88\/100|[from] Stealth Rock\n|\n|upkeep\n|turn|8\n|l| spookydepot\n|\n|t:|1700440785\n|switch|p1a: FRED|Decidueye, F|100\/100\n|move|p2a: Cresselia|Thunder Wave|p1a: FRED\n|-status|p1a: FRED|par\n|\n|upkeep\n|turn|9\n|\n|t:|1700440859\n|switch|p2a: Muk|Muk-Alola, F|40\/100\n|-damage|p2a: Muk|28\/100|[from] Stealth Rock\n|cant|p1a: FRED|par\n|\n|upkeep\n|turn|10\n|c|\u2606RujandoruX|elite\n|\n|t:|1700440880\n|switch|p1a: WASABI|Tauros-Paldea-Aqua, M|88\/100\n|-ability|p1a: WASABI|Intimidate|boost\n|-unboost|p2a: Muk|atk|1\n|move|p2a: Muk|Knock Off|p1a: WASABI\n|-resisted|p1a: WASABI\n|-damage|p1a: WASABI|77\/100\n|-damage|p2a: Muk|11\/100|[from] item: Rocky Helmet|[of] p1a: WASABI\n|-status|p1a: WASABI|psn|[from] ability: Poison Touch|[of] p2a: Muk\n|-enditem|p1a: WASABI|Rocky Helmet|[from] move: Knock Off|[of] p2a: Muk\n|\n|-damage|p1a: WASABI|65\/100 psn|[from] psn\n|upkeep\n|turn|11\n|c|\u2606RujandoruX|ELITE\n|c|\u2606schmoepesci|lmao\n|c|\u2606RujandoruX|HE DOESNT STOP\n|c| elseworlda|what a funny turn\n|c|\u2606RujandoruX|i am obsessed with this player man\n|\n|t:|1700440919\n|move|p1a: WASABI|Aqua Jet|p2a: Muk\n|-damage|p2a: Muk|0 fnt\n|faint|p2a: Muk\n|\n|-damage|p1a: WASABI|52\/100 psn|[from] psn\n|upkeep\n|\n|t:|1700440964\n|switch|p2a: Donphan|Donphan, M, shiny|100\/100\n|turn|12\n|\n|t:|1700440988\n|move|p1a: WASABI|Wave Crash|p2a: Donphan\n|-supereffective|p2a: Donphan\n|-damage|p2a: Donphan|33\/100\n|-damage|p1a: WASABI|28\/100 psn|[from] Recoil\n|move|p2a: Donphan|Rapid Spin|p1a: WASABI\n|-damage|p1a: WASABI|16\/100 psn\n|-boost|p2a: Donphan|spe|1\n|-sideend|p2: RujandoruX|Stealth Rock|[from] move: Rapid Spin|[of] p2a: Donphan\n|\n|-damage|p1a: WASABI|4\/100 psn|[from] psn\n|upkeep\n|turn|13\n|\n|t:|1700441007\n|move|p2a: Donphan|Ice Shard|p1a: WASABI\n|-resisted|p1a: WASABI\n|-damage|p1a: WASABI|0 fnt\n|faint|p1a: WASABI\n|\n|upkeep\n|c|\u2606RujandoruX|elite\n|c|\u2606RujandoruX|i took so much chip to get here\n|c| elseworlda|all according to cake\n|c| Underrated Battler|indeed\n|\n|t:|1700441098\n|switch|p1a: HONEY LEMON|Hoopa-Unbound|100\/100\n|turn|14\n|\n|t:|1700441136\n|move|p1a: HONEY LEMON|Zen Headbutt|p2a: Donphan\n|-damage|p2a: Donphan|0 fnt\n|faint|p2a: Donphan\n|\n|upkeep\n|c| Damien Leruss|\/\/ability Magician\n|\n|t:|1700441170\n|switch|p2a: Cresselia|Cresselia, F|88\/100\n|turn|15\n|\n|t:|1700441194\n|switch|p1a: FRED|Decidueye, F|100\/100 par\n|move|p2a: Cresselia|Thunder Wave|p1a: FRED\n|-fail|p1a: FRED|par\n|\n|upkeep\n|turn|16\n|c|\u2606RujandoruX|mm\n|\n|t:|1700441225\n|move|p1a: FRED|Shadow Sneak|p2a: Cresselia\n|-supereffective|p2a: Cresselia\n|-damage|p2a: Cresselia|66\/100\n|move|p2a: Cresselia|Moonlight|p2a: Cresselia\n|-heal|p2a: Cresselia|100\/100\n|\n|upkeep\n|turn|17\n|l| TeaBooker\n|j| TeaBooker\n|\n|t:|1700441275\n|move|p2a: Cresselia|Calm Mind|p2a: Cresselia\n|-boost|p2a: Cresselia|spa|1\n|-boost|p2a: Cresselia|spd|1\n|move|p1a: FRED|Knock Off|p2a: Cresselia\n|-supereffective|p2a: Cresselia\n|-damage|p2a: Cresselia|69\/100\n|-enditem|p2a: Cresselia|Rocky Helmet|[from] move: Knock Off|[of] p1a: FRED\n|\n|upkeep\n|turn|18\n|\n|t:|1700441303\n|move|p2a: Cresselia|Moonlight|p2a: Cresselia\n|-heal|p2a: Cresselia|100\/100\n|move|p1a: FRED|U-turn|p2a: Cresselia\n|-supereffective|p2a: Cresselia\n|-damage|p2a: Cresselia|77\/100\n|c|\u2606RujandoruX|mm\n|c|\u2606RujandoruX|this is interesting\n|l| TeaBooker\n|\n|t:|1700441414\n|switch|p1a: TAMAGO|Fezandipiti, M|100\/100|[from] U-turn\n|\n|upkeep\n|turn|19\n|\n|t:|1700441444\n|move|p1a: TAMAGO|Taunt|p2a: Cresselia\n|-start|p2a: Cresselia|move: Taunt\n|move|p2a: Cresselia|Stored Power|p1a: TAMAGO\n|-supereffective|p1a: TAMAGO\n|-damage|p1a: TAMAGO|61\/100\n|\n|upkeep\n|turn|20\n|\n|t:|1700441481\n|switch|p2a: Milotic|Milotic, F, shiny|81\/100 brn\n|move|p1a: TAMAGO|U-turn|p2a: Milotic\n|-damage|p2a: Milotic|73\/100 brn\n|j| TeaBooker\n|c| Damien Leruss|Y'all might need a timer soon\n|\n|t:|1700441510\n|switch|p1a: FRED|Decidueye, F|100\/100 par|[from] U-turn\n|\n|-damage|p2a: Milotic|67\/100 brn|[from] brn\n|upkeep\n|turn|21\n|c| Underrated Battler|HEHHEHEHE\n|c| TeaBooker|Finna turn the timer on\n|c| elseworlda|your match was over 100 turns. let them play\n|c| Damien Leruss|Ok but we were clicking shit all 100 of those turns\n|c|\u2606schmoepesci|oh it was clear y'all were clicking shit\n|\n|t:|1700441578\n|move|p2a: Milotic|Recover|p2a: Milotic\n|-heal|p2a: Milotic|100\/100 brn\n|move|p1a: FRED|U-turn|p2a: Milotic\n|-damage|p2a: Milotic|89\/100 brn\n|\n|t:|1700441588\n|switch|p1a: TAMAGO|Fezandipiti, M|61\/100|[from] U-turn\n|\n|-damage|p2a: Milotic|83\/100 brn|[from] brn\n|upkeep\n|turn|22\n|\n|t:|1700441599\n|move|p1a: TAMAGO|Taunt|p2a: Milotic\n|-start|p2a: Milotic|move: Taunt\n|move|p2a: Milotic|Scald|p1a: TAMAGO\n|-damage|p1a: TAMAGO|42\/100\n|\n|-damage|p2a: Milotic|77\/100 brn|[from] brn\n|upkeep\n|turn|23\n|c| Underrated Battler|click roost\n|c| Underrated Battler|i know it\n|c|\u2606RujandoruX|sorry this game important to me\n|c| Underrated Battler|no its not\n|c| screencheaters|\u00f3_\u00f3\n|\n|t:|1700441644\n|switch|p1a: HIRO|Dudunsparce, M, shiny|24\/100\n|move|p2a: Milotic|Scald|p1a: HIRO\n|-damage|p1a: HIRO|0 fnt\n|faint|p1a: HIRO\n|\n|-damage|p2a: Milotic|71\/100 brn|[from] brn\n|upkeep\n|c| Underrated Battler|you havent swept with sneasler yet\n|c|\u2606RujandoruX|im waiting\n|c|\u2606RujandoruX|dragonite hasnt come out either\n|\n|t:|1700441687\n|switch|p1a: FRED|Decidueye, F|100\/100 par\n|turn|24\n|c| Underrated Battler|it don't need to\n|\n|t:|1700441731\n|move|p2a: Milotic|Scald|p1a: FRED\n|-resisted|p1a: FRED\n|-damage|p1a: FRED|86\/100 par\n|move|p1a: FRED|Leaf Blade|p2a: Milotic\n|-supereffective|p2a: Milotic\n|-damage|p2a: Milotic|23\/100 brn\n|\n|-heal|p1a: FRED|92\/100 par|[from] item: Leftovers\n|-damage|p2a: Milotic|17\/100 brn|[from] brn\n|-end|p2a: Milotic|move: Taunt\n|upkeep\n|turn|25\n|\n|t:|1700441754\n|move|p2a: Milotic|Recover|p2a: Milotic\n|-heal|p2a: Milotic|67\/100 brn\n|move|p1a: FRED|Leaf Blade|p2a: Milotic\n|-supereffective|p2a: Milotic\n|-damage|p2a: Milotic|23\/100 brn\n|\n|-heal|p1a: FRED|99\/100 par|[from] item: Leftovers\n|-damage|p2a: Milotic|16\/100 brn|[from] brn\n|upkeep\n|turn|26\n|c|\u2606RujandoruX|this this is annoying\n|c|\u2606RujandoruX|thing*\n|c| Underrated Battler|this this\n|\n|t:|1700441788\n|move|p2a: Milotic|Scald|p1a: FRED\n|-resisted|p1a: FRED\n|-damage|p1a: FRED|86\/100 par\n|move|p1a: FRED|Leaf Blade|p2a: Milotic\n|-supereffective|p2a: Milotic\n|-damage|p2a: Milotic|0 fnt\n|faint|p2a: Milotic\n|\n|-heal|p1a: FRED|92\/100 par|[from] item: Leftovers\n|upkeep\n|l| TeaBooker\n|j| TeaBooker\n|\n|t:|1700441851\n|switch|p2a: Thundurus|Thundurus-Therian, M|47\/100\n|turn|27\n|\n|t:|1700441867\n|move|p2a: Thundurus|Knock Off|p1a: FRED\n|-supereffective|p1a: FRED\n|-damage|p1a: FRED|28\/100 par\n|-enditem|p1a: FRED|Leftovers|[from] move: Knock Off|[of] p2a: Thundurus\n|move|p1a: FRED|Knock Off|p2a: Thundurus\n|-crit|p2a: Thundurus\n|-damage|p2a: Thundurus|0 fnt\n|-enditem|p2a: Thundurus|Focus Sash|[from] move: Knock Off|[of] p1a: FRED\n|faint|p2a: Thundurus\n|\n|upkeep\n|\n|t:|1700441878\n|switch|p2a: Cresselia|Cresselia, F|77\/100\n|turn|28\n|\n|t:|1700441899\n|move|p1a: FRED|Shadow Sneak|p2a: Cresselia\n|-supereffective|p2a: Cresselia\n|-damage|p2a: Cresselia|54\/100\n|move|p2a: Cresselia|Calm Mind|p2a: Cresselia\n|-boost|p2a: Cresselia|spa|1\n|-boost|p2a: Cresselia|spd|1\n|\n|upkeep\n|turn|29\n|\n|t:|1700441911\n|move|p1a: FRED|Shadow Sneak|p2a: Cresselia\n|-supereffective|p2a: Cresselia\n|-damage|p2a: Cresselia|30\/100\n|move|p2a: Cresselia|Moonlight|p2a: Cresselia\n|-heal|p2a: Cresselia|80\/100\n|\n|upkeep\n|turn|30\n|\n|t:|1700441917\n|move|p1a: FRED|Shadow Sneak|p2a: Cresselia\n|-supereffective|p2a: Cresselia\n|-damage|p2a: Cresselia|57\/100\n|move|p2a: Cresselia|Calm Mind|p2a: Cresselia\n|-boost|p2a: Cresselia|spa|1\n|-boost|p2a: Cresselia|spd|1\n|\n|upkeep\n|turn|31\n|\n|t:|1700441922\n|cant|p1a: FRED|par\n|move|p2a: Cresselia|Stored Power|p1a: FRED\n|-damage|p1a: FRED|0 fnt\n|faint|p1a: FRED\n|\n|upkeep\n|\n|t:|1700441935\n|switch|p1a: HONEY LEMON|Hoopa-Unbound|100\/100\n|turn|32\n|\n|t:|1700442015\n|-terastallize|p2a: Cresselia|Water\n|move|p1a: HONEY LEMON|Hyperspace Fury|p2a: Cresselia\n|-damage|p2a: Cresselia|26\/100\n|-unboost|p1a: HONEY LEMON|def|1\n|move|p2a: Cresselia|Thunder Wave|p1a: HONEY LEMON\n|-status|p1a: HONEY LEMON|par\n|\n|upkeep\n|turn|33\n|\n|t:|1700442030\n|move|p2a: Cresselia|Moonlight|p2a: Cresselia\n|-heal|p2a: Cresselia|76\/100\n|cant|p1a: HONEY LEMON|par\n|\n|upkeep\n|turn|34\n|\n|t:|1700442038\n|switch|p1a: TAMAGO|Fezandipiti, M|42\/100\n|move|p2a: Cresselia|Stored Power|p1a: TAMAGO\n|-supereffective|p1a: TAMAGO\n|-damage|p1a: TAMAGO|0 fnt\n|faint|p1a: TAMAGO\n|\n|upkeep\n|c|\u2606RujandoruX|toss up endgame of all toss up endgames\n|\n|t:|1700442099\n|switch|p1a: HONEY LEMON|Hoopa-Unbound|100\/100 par\n|turn|35\n|\n|t:|1700442109\n|move|p2a: Cresselia|Stored Power|p1a: HONEY LEMON\n|-immune|p1a: HONEY LEMON\n|move|p1a: HONEY LEMON|Hyperspace Fury|p2a: Cresselia\n|-damage|p2a: Cresselia|46\/100\n|-unboost|p1a: HONEY LEMON|def|1\n|\n|upkeep\n|turn|36\n|\n|t:|1700442118\n|move|p2a: Cresselia|Stored Power|p1a: HONEY LEMON\n|-immune|p1a: HONEY LEMON\n|move|p1a: HONEY LEMON|Hyperspace Fury|p2a: Cresselia\n|-damage|p2a: Cresselia|17\/100\n|-unboost|p1a: HONEY LEMON|def|1\n|\n|upkeep\n|turn|37\n|c| screencheaters|can he go all the way\n|\n|t:|1700442129\n|move|p2a: Cresselia|Stored Power|p1a: HONEY LEMON\n|-immune|p1a: HONEY LEMON\n|cant|p1a: HONEY LEMON|par\n|\n|upkeep\n|turn|38\n|c|\u2606RujandoruX|lmaooo\n|\n|t:|1700442141\n|move|p2a: Cresselia|Stored Power|p1a: HONEY LEMON\n|-immune|p1a: HONEY LEMON\n|move|p1a: HONEY LEMON|Hyperspace Fury|p2a: Cresselia\n|-damage|p2a: Cresselia|0 fnt\n|-unboost|p1a: HONEY LEMON|def|1\n|faint|p2a: Cresselia\n|\n|upkeep\n|\n|t:|1700442147\n|switch|p2a: Sneasler|Sneasler, F|100\/100\n|turn|39\n|\n|t:|1700442165\n|move|p2a: Sneasler|U-turn|p1a: HONEY LEMON\n|-supereffective|p1a: HONEY LEMON\n|-damage|p1a: HONEY LEMON|0 fnt\n|faint|p1a: HONEY LEMON\n|\n|upkeep\n|\n|t:|1700442179\n|switch|p1a: BAYMAX|Dragonite, M|100\/100\n|turn|40\n|c| screencheaters|CMON BAYMAX WE WIN THESE\n|l| TeaBooker\n|\n|t:|1700442219\n|move|p2a: Sneasler|Dire Claw|p1a: BAYMAX\n|-damage|p1a: BAYMAX|79\/100\n|-status|p1a: BAYMAX|psn\n|move|p1a: BAYMAX|Earthquake|p2a: Sneasler\n|-supereffective|p2a: Sneasler\n|-crit|p2a: Sneasler\n|-enditem|p2a: Sneasler|Focus Sash\n|-damage|p2a: Sneasler|1\/100\n|\n|-damage|p1a: BAYMAX|67\/100 psn|[from] psn\n|upkeep\n|turn|41\n|c| screencheaters|GG\n|c|\u2606schmoepesci|gg\n|c|\u2606schmoepesci|wow\n|c|\u2606RujandoruX|gg\n|c|\u2606RujandoruX|what a good game\n|\n|t:|1700442241\n|move|p1a: BAYMAX|Extreme Speed|p2a: Sneasler\n|-damage|p2a: Sneasler|0 fnt\n|faint|p2a: Sneasler\n|\n|win|schmoepesci\n|c| Underrated Battler|ITS EXACTLY AS I CALLED IT\n|c| screencheaters|YOOOO\n|c|\u2606schmoepesci|whew\n|c| elseworlda|amazing game. love to see Kahri come out the gate with a win\n|j| TeaBooker\n","uploadtime":1700442283,"views":11,"p1id":"schmoepesci","p2id":"rujandorux","formatid":"gen9ubers","rating":0,"private":0,"password":""}