{"id":"gen9ubers-1978295320","p1":"Vazquez 2.0","p2":"CrackLordGBLN","format":"[Gen 9] Ubers","log":"|j|\u2606Vazquez 2.0\n|j|\u2606CrackLordGBLN\n|t:|1698521994\n|gametype|singles\n|player|p1|Vazquez 2.0|gardenia|\n|player|p2|CrackLordGBLN|ghetsis|\n|teamsize|p1|6\n|teamsize|p2|6\n|gen|9\n|tier|[Gen 9] Ubers\n|rule|Sleep Clause Mod: Limit one foe put to sleep\n|rule|Species Clause: Limit one of each Pok\u00e9mon\n|rule|OHKO Clause: OHKO moves are banned\n|rule|Evasion Items Clause: Evasion items are banned\n|rule|Evasion Moves Clause: Evasion moves are banned\n|rule|Endless Battle Clause: Forcing endless battles is banned\n|rule|HP Percentage Mod: HP is shown in percentages\n|clearpoke\n|poke|p1|Ursaluna, M|\n|poke|p1|Hatterene, F|\n|poke|p1|Chi-Yu|\n|poke|p1|Magearna|\n|poke|p1|Dialga|\n|poke|p1|Palafin, F|\n|poke|p2|Torkoal, F|\n|poke|p2|Ninetales-Alola, M|\n|poke|p2|Ursaluna-Bloodmoon, M|\n|poke|p2|Chandelure, F|\n|poke|p2|Walking Wake|\n|poke|p2|Pawmot, F|\n|teampreview\n|c|\u2606CrackLordGBLN|glhf\n|\n|t:|1698522008\n|start\n|switch|p1a: Palafin|Palafin, F|100\/100\n|switch|p2a: Buried Alive|Ninetales-Alola, M|100\/100\n|-weather|Snow|[from] ability: Snow Warning|[of] p2a: Buried Alive\n|turn|1\n|\n|t:|1698522017\n|move|p2a: Buried Alive|Aurora Veil|p2a: Buried Alive\n|-sidestart|p2: CrackLordGBLN|move: Aurora Veil\n|move|p1a: Palafin|Flip Turn|p2a: Buried Alive\n|-damage|p2a: Buried Alive|86\/100\n|c|\u2606Vazquez 2.0|glhf\n|\n|t:|1698522022\n|detailschange|p1a: Palafin|Palafin-Hero, F\n|switch|p1a: Dialga|Dialga|100\/100|[from] Flip Turn\n|-ability|p1a: Dialga|Pressure\n|\n|-weather|Snow|[upkeep]\n|upkeep\n|turn|2\n|\n|t:|1698522046\n|switch|p2a: Headlights|Torkoal, F|100\/100\n|-weather|SunnyDay|[from] ability: Drought|[of] p2a: Headlights\n|move|p1a: Dialga|Trick Room|p1a: Dialga\n|-fieldstart|move: Trick Room|[of] p1a: Dialga\n|\n|-weather|SunnyDay|[upkeep]\n|upkeep\n|turn|3\n|c|\u2606CrackLordGBLN|Unfortunate\n|c|\u2606CrackLordGBLN|For you\n|\n|t:|1698522084\n|-terastallize|p2a: Headlights|Fire\n|move|p2a: Headlights|Eruption|p1a: Dialga\n|-damage|p1a: Dialga|0 fnt\n|faint|p1a: Dialga\n|\n|-weather|SunnyDay|[upkeep]\n|upkeep\n|\n|t:|1698522106\n|switch|p1a: Hatterene|Hatterene, F|100\/100\n|turn|4\n|\n|t:|1698522112\n|move|p2a: Headlights|Eruption|p1a: Hatterene\n|-enditem|p1a: Hatterene|Focus Sash\n|-damage|p1a: Hatterene|1\/100\n|move|p1a: Hatterene|Trick Room|p1a: Hatterene\n|-fieldend|move: Trick Room\n|\n|-weather|SunnyDay|[upkeep]\n|upkeep\n|turn|5\n|\n|t:|1698522123\n|move|p2a: Headlights|Lava Plume|p1a: Hatterene\n|-damage|p1a: Hatterene|0 fnt\n|faint|p1a: Hatterene\n|\n|-weather|SunnyDay|[upkeep]\n|upkeep\n|\n|t:|1698522136\n|switch|p1a: Chi-Yu|Chi-Yu|100\/100\n|-ability|p1a: Chi-Yu|Beads of Ruin\n|turn|6\n|\n|t:|1698522146\n|switch|p2a: King Kunta|Walking Wake|100\/100\n|-activate|p2a: King Kunta|ability: Protosynthesis\n|-start|p2a: King Kunta|protosynthesisspe\n|move|p1a: Chi-Yu|Overheat|p2a: King Kunta\n|-resisted|p2a: King Kunta\n|-damage|p2a: King Kunta|69\/100\n|-unboost|p1a: Chi-Yu|spa|2\n|\n|-weather|SunnyDay|[upkeep]\n|upkeep\n|turn|7\n|\n|t:|1698522171\n|move|p2a: King Kunta|Hydro Steam|p1a: Chi-Yu\n|-supereffective|p1a: Chi-Yu\n|-damage|p1a: Chi-Yu|0 fnt\n|faint|p1a: Chi-Yu\n|\n|-weather|SunnyDay|[upkeep]\n|upkeep\n|\n|t:|1698522175\n|switch|p1a: Magearna|Magearna|100\/100\n|turn|8\n|\n|t:|1698522181\n|move|p2a: King Kunta|Hydro Steam|p1a: Magearna\n|-damage|p1a: Magearna|25\/100\n|move|p1a: Magearna|Fleur Cannon|p2a: King Kunta\n|-supereffective|p2a: King Kunta\n|-damage|p2a: King Kunta|0 fnt\n|-unboost|p1a: Magearna|spa|2\n|faint|p2a: King Kunta\n|-ability|p1a: Magearna|Soul-Heart|boost\n|-boost|p1a: Magearna|spa|1\n|-end|p2a: King Kunta|Protosynthesis|[silent]\n|\n|-weather|SunnyDay|[upkeep]\n|-sideend|p2: CrackLordGBLN|move: Aurora Veil\n|upkeep\n|\n|t:|1698522207\n|switch|p2a: Buried Alive|Ninetales-Alola, M|86\/100\n|-weather|Snow|[from] ability: Snow Warning|[of] p2a: Buried Alive\n|turn|9\n|\n|t:|1698522235\n|move|p2a: Buried Alive|Aurora Veil|p2a: Buried Alive\n|-sidestart|p2: CrackLordGBLN|move: Aurora Veil\n|move|p1a: Magearna|Flash Cannon|p2a: Buried Alive\n|-supereffective|p2a: Buried Alive\n|-damage|p2a: Buried Alive|28\/100\n|\n|-weather|Snow|[upkeep]\n|upkeep\n|turn|10\n|\n|t:|1698522254\n|switch|p2a: knots|Pawmot, F|100\/100\n|move|p1a: Magearna|Trick Room|p1a: Magearna\n|-fieldstart|move: Trick Room|[of] p1a: Magearna\n|\n|-weather|Snow|[upkeep]\n|upkeep\n|turn|11\n|\n|t:|1698522270\n|move|p1a: Magearna|Fleur Cannon|p2a: knots\n|-supereffective|p2a: knots\n|-damage|p2a: knots|9\/100\n|-unboost|p1a: Magearna|spa|2\n|move|p2a: knots|Revival Blessing|p2a: knots\n|-enditem|p2a: knots|Leppa Berry|[eat]\n|-activate|p2a: knots|item: Leppa Berry|Revival Blessing|[consumed]\n|\n|t:|1698522277\n|-heal|p2: King Kunta|50\/100|[from] move: Revival Blessing\n|\n|-weather|Snow|[upkeep]\n|upkeep\n|turn|12\n|\n|t:|1698522287\n|switch|p2a: Alive (nightmare)|Ursaluna-Bloodmoon, M|100\/100\n|move|p1a: Magearna|Fleur Cannon|p2a: Alive (nightmare)\n|-damage|p2a: Alive (nightmare)|83\/100\n|-unboost|p1a: Magearna|spa|2\n|\n|-weather|Snow|[upkeep]\n|-heal|p2a: Alive (nightmare)|89\/100|[from] item: Leftovers\n|upkeep\n|turn|13\n|\n|t:|1698522300\n|move|p1a: Magearna|Flash Cannon|p2a: Alive (nightmare)\n|-damage|p2a: Alive (nightmare)|82\/100\n|move|p2a: Alive (nightmare)|Calm Mind|p2a: Alive (nightmare)\n|-boost|p2a: Alive (nightmare)|spa|1\n|-boost|p2a: Alive (nightmare)|spd|1\n|\n|-weather|none\n|-heal|p2a: Alive (nightmare)|88\/100|[from] item: Leftovers\n|upkeep\n|turn|14\n|\n|t:|1698522311\n|move|p1a: Magearna|Flash Cannon|p2a: Alive (nightmare)\n|-damage|p2a: Alive (nightmare)|83\/100\n|move|p2a: Alive (nightmare)|Earth Power|p1a: Magearna\n|-supereffective|p1a: Magearna\n|-damage|p1a: Magearna|0 fnt\n|faint|p1a: Magearna\n|\n|-heal|p2a: Alive (nightmare)|89\/100|[from] item: Leftovers\n|-fieldend|move: Trick Room\n|upkeep\n|\n|t:|1698522314\n|switch|p1a: Palafin|Palafin-Hero, F|100\/100\n|-activate|p1a: Palafin|ability: Zero to Hero\n|turn|15\n|\n|t:|1698522327\n|move|p1a: Palafin|Wave Crash|p2a: Alive (nightmare)\n|-supereffective|p2a: Alive (nightmare)\n|-damage|p2a: Alive (nightmare)|10\/100\n|-damage|p1a: Palafin|68\/100|[from] Recoil\n|move|p2a: Alive (nightmare)|Blood Moon|p1a: Palafin\n|-damage|p1a: Palafin|0 fnt\n|faint|p1a: Palafin\n|\n|-heal|p2a: Alive (nightmare)|16\/100|[from] item: Leftovers\n|upkeep\n|\n|t:|1698522330\n|switch|p1a: Ursaluna|Ursaluna, M|100\/100\n|turn|16\n|\n|t:|1698522345\n|move|p2a: Alive (nightmare)|Earth Power|p1a: Ursaluna\n|-damage|p1a: Ursaluna|34\/100\n|move|p1a: Ursaluna|Facade|p2a: Alive (nightmare)\n|-damage|p2a: Alive (nightmare)|1\/100\n|\n|-heal|p2a: Alive (nightmare)|7\/100|[from] item: Leftovers\n|-sideend|p2: CrackLordGBLN|move: Aurora Veil\n|-status|p1a: Ursaluna|brn|[from] item: Flame Orb\n|upkeep\n|turn|17\n|\n|t:|1698522359\n|move|p2a: Alive (nightmare)|Blood Moon|p1a: Ursaluna\n|-damage|p1a: Ursaluna|0 fnt\n|faint|p1a: Ursaluna\n|\n|win|CrackLordGBLN\n|l|\u2606Vazquez 2.0\n|c|\u2606CrackLordGBLN|gg\n","uploadtime":1698522371,"views":16,"p1id":"vazquez20","p2id":"cracklordgbln","formatid":"gen9ubers","rating":0,"private":0,"password":""}