{"id":"gen9ubers-1974147185","p1":"ThePuzzler13","p2":"Aipom Hoshino","format":"[Gen 9] Ubers","log":"|j|\u2606ThePuzzler13\n|j|\u2606Aipom Hoshino\n|t:|1698062057\n|gametype|singles\n|player|p1|ThePuzzler13|1|\n|player|p2|Aipom Hoshino|lady-gen4|\n|teamsize|p1|6\n|teamsize|p2|6\n|gen|9\n|tier|[Gen 9] Ubers\n|rule|Sleep Clause Mod: Limit one foe put to sleep\n|rule|Species Clause: Limit one of each Pok\u00e9mon\n|rule|OHKO Clause: OHKO moves are banned\n|rule|Evasion Items Clause: Evasion items are banned\n|rule|Evasion Moves Clause: Evasion moves are banned\n|rule|Endless Battle Clause: Forcing endless battles is banned\n|rule|HP Percentage Mod: HP is shown in percentages\n|clearpoke\n|poke|p1|Masquerain, M|\n|poke|p1|Arceus-Ice|\n|poke|p1|Gholdengo|\n|poke|p1|Palafin, M|\n|poke|p1|Chi-Yu|\n|poke|p1|Zamazenta-*|\n|poke|p2|Pelipper, M|\n|poke|p2|Basculegion-F, F|\n|poke|p2|Palkia-Origin|\n|poke|p2|Palafin, F|\n|poke|p2|Arceus-Grass|\n|poke|p2|Giratina|\n|teampreview\n|inactive|Battle timer is ON: inactive players will automatically lose when time's up. (requested by ThePuzzler13)\n|j| wamkou\n|\n|t:|1698062082\n|start\n|switch|p1a: Masquerain|Masquerain, M|100\/100\n|switch|p2a: Pelipper|Pelipper, M|100\/100\n|-ability|p1a: Masquerain|Intimidate|boost\n|-unboost|p2a: Pelipper|atk|1\n|-weather|RainDance|[from] ability: Drizzle|[of] p2a: Pelipper\n|turn|1\n|\n|t:|1698062087\n|move|p1a: Masquerain|Sticky Web|p2a: Pelipper\n|-sidestart|p2: Aipom Hoshino|move: Sticky Web\n|move|p2a: Pelipper|U-turn|p1a: Masquerain\n|-resisted|p1a: Masquerain\n|-damage|p1a: Masquerain|96\/100\n|\n|t:|1698062089\n|switch|p2a: Giratina|Giratina|100\/100|[from] U-turn\n|-ability|p2a: Giratina|Pressure\n|\n|-weather|RainDance|[upkeep]\n|upkeep\n|turn|2\n|\n|t:|1698062099\n|move|p1a: Masquerain|Stun Spore|p2a: Giratina\n|-status|p2a: Giratina|par\n|move|p2a: Giratina|Dragon Tail|p1a: Masquerain\n|-damage|p1a: Masquerain|63\/100\n|drag|p1a: Zamazenta|Zamazenta-Crowned|100\/100\n|-ability|p1a: Zamazenta|Dauntless Shield|boost\n|-boost|p1a: Zamazenta|def|1\n|\n|-weather|RainDance|[upkeep]\n|upkeep\n|turn|3\n|\n|t:|1698062111\n|move|p1a: Zamazenta|Crunch|p2a: Giratina\n|-supereffective|p2a: Giratina\n|-damage|p2a: Giratina|75\/100 par\n|move|p2a: Giratina|Defog|p1a: Zamazenta\n|-unboost|p1a: Zamazenta|evasion|1\n|-sideend|p2: Aipom Hoshino|Sticky Web|[from] move: Defog|[of] p2a: Giratina\n|\n|-weather|RainDance|[upkeep]\n|upkeep\n|turn|4\n|\n|t:|1698062122\n|switch|p1a: Palafin|Palafin, M|100\/100\n|move|p2a: Giratina|Will-O-Wisp|p1a: Palafin\n|-status|p1a: Palafin|brn\n|\n|-weather|RainDance|[upkeep]\n|-damage|p1a: Palafin|94\/100 brn|[from] brn\n|upkeep\n|turn|5\n|\n|t:|1698062127\n|move|p1a: Palafin|Flip Turn|p2a: Giratina\n|-resisted|p2a: Giratina\n|-damage|p2a: Giratina|68\/100 par\n|\n|t:|1698062129\n|detailschange|p1a: Palafin|Palafin-Hero, M\n|switch|p1a: Masquerain|Masquerain, M|63\/100|[from] Flip Turn\n|-ability|p1a: Masquerain|Intimidate|boost\n|-unboost|p2a: Giratina|atk|1\n|cant|p2a: Giratina|par\n|\n|-weather|RainDance|[upkeep]\n|upkeep\n|turn|6\n|\n|t:|1698062134\n|move|p1a: Masquerain|Sticky Web|p2a: Giratina\n|-sidestart|p2: Aipom Hoshino|move: Sticky Web\n|cant|p2a: Giratina|par\n|\n|-weather|RainDance|[upkeep]\n|upkeep\n|turn|7\n|\n|t:|1698062138\n|switch|p1a: Gholdengo|Gholdengo|100\/100\n|move|p2a: Giratina|Defog|p1a: Gholdengo\n|-immune|p1a: Gholdengo|[from] ability: Good as Gold\n|\n|-weather|RainDance|[upkeep]\n|upkeep\n|turn|8\n|\n|t:|1698062151\n|switch|p2a: Arceus|Arceus-Grass|100\/100\n|-activate|p2a: Arceus|move: Sticky Web\n|-unboost|p2a: Arceus|spe|1\n|move|p1a: Gholdengo|Trick||[still]\n|-fail|p1a: Gholdengo\n|\n|-weather|none\n|upkeep\n|turn|9\n|\n|t:|1698062158\n|switch|p1a: Chi-Yu|Chi-Yu|100\/100\n|-ability|p1a: Chi-Yu|Beads of Ruin\n|switch|p2a: Pelipper|Pelipper, M|100\/100\n|-weather|RainDance|[from] ability: Drizzle|[of] p2a: Pelipper\n|\n|-weather|RainDance|[upkeep]\n|upkeep\n|turn|10\n|\n|t:|1698062165\n|move|p1a: Chi-Yu|Dark Pulse|p2a: Pelipper\n|-damage|p2a: Pelipper|0 fnt\n|faint|p2a: Pelipper\n|\n|-weather|RainDance|[upkeep]\n|upkeep\n|inactive|Aipom Hoshino has 270 seconds left.\n|\n|t:|1698062197\n|switch|p2a: Basculegion|Basculegion-F, F|100\/100\n|-activate|p2a: Basculegion|move: Sticky Web\n|-unboost|p2a: Basculegion|spe|1\n|turn|11\n|\n|t:|1698062224\n|switch|p1a: Palafin|Palafin-Hero, M|94\/100 brn\n|-activate|p1a: Palafin|ability: Zero to Hero\n|move|p2a: Basculegion|Flip Turn|p1a: Palafin\n|-resisted|p1a: Palafin\n|-damage|p1a: Palafin|66\/100 brn\n|\n|t:|1698062229\n|switch|p2a: Palafin|Palafin, F|100\/100|[from] Flip Turn\n|-activate|p2a: Palafin|move: Sticky Web\n|-unboost|p2a: Palafin|spe|1\n|\n|-weather|RainDance|[upkeep]\n|-damage|p1a: Palafin|60\/100 brn|[from] brn\n|upkeep\n|turn|12\n|\n|t:|1698062242\n|detailschange|p2a: Palafin|Palafin-Hero, F\n|switch|p2a: Giratina|Giratina|68\/100 par\n|-ability|p2a: Giratina|Pressure\n|move|p1a: Palafin|Close Combat|p2a: Giratina\n|-immune|p2a: Giratina\n|\n|-weather|RainDance|[upkeep]\n|-damage|p1a: Palafin|54\/100 brn|[from] brn\n|upkeep\n|turn|13\n|\n|t:|1698062248\n|switch|p1a: Arceus|Arceus-Ice|100\/100\n|move|p2a: Giratina|Hex|p1a: Arceus\n|-damage|p1a: Arceus|84\/100\n|\n|-weather|RainDance|[upkeep]\n|upkeep\n|turn|14\n|\n|t:|1698062261\n|-terastallize|p2a: Giratina|Fairy\n|move|p1a: Arceus|Calm Mind|p1a: Arceus\n|-boost|p1a: Arceus|spa|1\n|-boost|p1a: Arceus|spd|1\n|move|p2a: Giratina|Defog|p1a: Arceus\n|-unboost|p1a: Arceus|evasion|1\n|-sideend|p2: Aipom Hoshino|Sticky Web|[from] move: Defog|[of] p2a: Giratina\n|\n|-weather|RainDance|[upkeep]\n|upkeep\n|turn|15\n|\n|t:|1698062272\n|move|p1a: Arceus|Judgment|p2a: Giratina\n|-damage|p2a: Giratina|29\/100 par\n|move|p2a: Giratina|Dragon Tail|p1a: Arceus\n|-damage|p1a: Arceus|69\/100\n|drag|p1a: Palafin|Palafin-Hero, M|54\/100 brn\n|\n|-weather|RainDance|[upkeep]\n|-damage|p1a: Palafin|48\/100 brn|[from] brn\n|upkeep\n|turn|16\n|\n|t:|1698062278\n|move|p1a: Palafin|Close Combat|p2a: Giratina\n|-resisted|p2a: Giratina\n|-damage|p2a: Giratina|17\/100 par\n|-unboost|p1a: Palafin|def|1\n|-unboost|p1a: Palafin|spd|1\n|move|p2a: Giratina|Hex|p1a: Palafin\n|-damage|p1a: Palafin|0 fnt\n|faint|p1a: Palafin\n|\n|-weather|none\n|upkeep\n|\n|t:|1698062287\n|switch|p1a: Arceus|Arceus-Ice|69\/100\n|turn|17\n|\n|t:|1698062289\n|move|p1a: Arceus|Judgment|p2a: Giratina\n|-damage|p2a: Giratina|0 fnt\n|faint|p2a: Giratina\n|\n|upkeep\n|\n|t:|1698062299\n|switch|p2a: Palkia|Palkia-Origin|100\/100\n|-ability|p2a: Palkia|Pressure\n|turn|18\n|\n|t:|1698062305\n|move|p2a: Palkia|Hydro Pump|p1a: Arceus\n|-damage|p1a: Arceus|14\/100\n|move|p1a: Arceus|Calm Mind|p1a: Arceus\n|-boost|p1a: Arceus|spa|1\n|-boost|p1a: Arceus|spd|1\n|\n|upkeep\n|turn|19\n|\n|t:|1698062309\n|move|p2a: Palkia|Spacial Rend|p1a: Arceus\n|-crit|p1a: Arceus\n|-damage|p1a: Arceus|0 fnt\n|faint|p1a: Arceus\n|\n|upkeep\n|\n|t:|1698062318\n|switch|p1a: Masquerain|Masquerain, M|63\/100\n|-ability|p1a: Masquerain|Intimidate|boost\n|-unboost|p2a: Palkia|atk|1\n|turn|20\n|\n|t:|1698062334\n|switch|p2a: Arceus|Arceus-Grass|100\/100\n|move|p1a: Masquerain|Sticky Web|p2a: Arceus\n|-sidestart|p2: Aipom Hoshino|move: Sticky Web\n|\n|upkeep\n|turn|21\n|\n|t:|1698062338\n|move|p2a: Arceus|Calm Mind|p2a: Arceus\n|-boost|p2a: Arceus|spa|1\n|-boost|p2a: Arceus|spd|1\n|move|p1a: Masquerain|Stun Spore|p2a: Arceus\n|-immune|p2a: Arceus\n|\n|upkeep\n|turn|22\n|\n|t:|1698062344\n|move|p2a: Arceus|Calm Mind|p2a: Arceus\n|-boost|p2a: Arceus|spa|1\n|-boost|p2a: Arceus|spd|1\n|move|p1a: Masquerain|Bug Buzz|p2a: Arceus\n|-supereffective|p2a: Arceus\n|-damage|p2a: Arceus|77\/100\n|\n|upkeep\n|turn|23\n|\n|t:|1698062353\n|move|p2a: Arceus|Calm Mind|p2a: Arceus\n|-boost|p2a: Arceus|spa|1\n|-boost|p2a: Arceus|spd|1\n|move|p1a: Masquerain|Whirlwind|p2a: Arceus\n|drag|p2a: Basculegion|Basculegion-F, F|100\/100\n|-activate|p2a: Basculegion|move: Sticky Web\n|-unboost|p2a: Basculegion|spe|1\n|\n|upkeep\n|turn|24\n|\n|t:|1698062361\n|move|p1a: Masquerain|Stun Spore|p2a: Basculegion|[miss]\n|-miss|p1a: Masquerain|p2a: Basculegion\n|move|p2a: Basculegion|Flip Turn|p1a: Masquerain\n|-damage|p1a: Masquerain|0 fnt\n|faint|p1a: Masquerain\n|\n|t:|1698062365\n|switch|p2a: Palafin|Palafin-Hero, F|100\/100|[from] Flip Turn\n|-activate|p2a: Palafin|move: Sticky Web\n|-unboost|p2a: Palafin|spe|1\n|-activate|p2a: Palafin|ability: Zero to Hero\n|\n|upkeep\n|\n|t:|1698062368\n|switch|p1a: Gholdengo|Gholdengo|100\/100\n|turn|25\n|\n|t:|1698062373\n|switch|p2a: Palkia|Palkia-Origin|100\/100\n|-activate|p2a: Palkia|move: Sticky Web\n|-unboost|p2a: Palkia|spe|1\n|-ability|p2a: Palkia|Pressure\n|move|p1a: Gholdengo|Trick||[still]\n|-fail|p1a: Gholdengo\n|\n|upkeep\n|turn|26\n|\n|t:|1698062384\n|switch|p1a: Zamazenta|Zamazenta-Crowned|100\/100\n|move|p2a: Palkia|Hydro Pump|p1a: Zamazenta\n|-damage|p1a: Zamazenta|51\/100\n|\n|upkeep\n|turn|27\n|\n|t:|1698062391\n|move|p1a: Zamazenta|Substitute|p1a: Zamazenta\n|-start|p1a: Zamazenta|Substitute\n|-damage|p1a: Zamazenta|26\/100\n|move|p2a: Palkia|Hydro Pump|p1a: Zamazenta\n|-end|p1a: Zamazenta|Substitute\n|\n|upkeep\n|turn|28\n|\n|t:|1698062398\n|move|p1a: Zamazenta|Body Press|p2a: Palkia\n|-damage|p2a: Palkia|52\/100\n|move|p2a: Palkia|Earth Power|p1a: Zamazenta\n|-supereffective|p1a: Zamazenta\n|-damage|p1a: Zamazenta|0 fnt\n|faint|p1a: Zamazenta\n|\n|upkeep\n|\n|t:|1698062404\n|switch|p1a: Gholdengo|Gholdengo|100\/100\n|turn|29\n|\n|t:|1698062411\n|move|p1a: Gholdengo|Make It Rain|p2a: Palkia\n|-resisted|p2a: Palkia\n|-damage|p2a: Palkia|24\/100\n|-unboost|p1a: Gholdengo|spa|1\n|move|p2a: Palkia|Earth Power|p1a: Gholdengo\n|-supereffective|p1a: Gholdengo\n|-damage|p1a: Gholdengo|21\/100\n|\n|upkeep\n|turn|30\n|\n|t:|1698062419\n|move|p1a: Gholdengo|Make It Rain|p2a: Palkia\n|-resisted|p2a: Palkia\n|-damage|p2a: Palkia|6\/100\n|-unboost|p1a: Gholdengo|spa|1\n|move|p2a: Palkia|Earth Power|p1a: Gholdengo\n|-supereffective|p1a: Gholdengo\n|-damage|p1a: Gholdengo|0 fnt\n|faint|p1a: Gholdengo\n|\n|upkeep\n|\n|t:|1698062425\n|switch|p1a: Chi-Yu|Chi-Yu|100\/100\n|-ability|p1a: Chi-Yu|Beads of Ruin\n|turn|31\n|\n|t:|1698062436\n|move|p1a: Chi-Yu|Dark Pulse|p2a: Palkia\n|-damage|p2a: Palkia|0 fnt\n|faint|p2a: Palkia\n|\n|upkeep\n|\n|t:|1698062444\n|switch|p2a: Palafin|Palafin-Hero, F|100\/100\n|-activate|p2a: Palafin|move: Sticky Web\n|-unboost|p2a: Palafin|spe|1\n|turn|32\n|\n|t:|1698062447\n|move|p2a: Palafin|Jet Punch|p1a: Chi-Yu\n|-supereffective|p1a: Chi-Yu\n|-damage|p1a: Chi-Yu|0 fnt\n|faint|p1a: Chi-Yu\n|\n|win|Aipom Hoshino\n|c|\u2606ThePuzzler13|gg\n|c|\u2606Aipom Hoshino|ggwp\n","uploadtime":1698062455,"views":42,"p1id":"thepuzzler13","p2id":"aipomhoshino","formatid":"gen9ubers","rating":0,"private":0,"password":""}