{"id":"gen9ubers-1997611085","p1":"ibiibi","p2":"Bananawhamslamma","format":"[Gen 9] Ubers","log":"|j|\u2606ibiibi\n|j|\u2606Bananawhamslamma\n|t:|1700832739\n|gametype|singles\n|player|p1|ibiibi|102|1043\n|player|p2|Bananawhamslamma|clown|1081\n|teamsize|p1|6\n|teamsize|p2|6\n|gen|9\n|tier|[Gen 9] Ubers\n|rated|\n|rule|Sleep Clause Mod: Limit one foe put to sleep\n|rule|Species Clause: Limit one of each Pok\u00e9mon\n|rule|OHKO Clause: OHKO moves are banned\n|rule|Evasion Items Clause: Evasion items are banned\n|rule|Evasion Moves Clause: Evasion moves are banned\n|rule|Endless Battle Clause: Forcing endless battles is banned\n|rule|HP Percentage Mod: HP is shown in percentages\n|clearpoke\n|poke|p1|Skeledirge, F|\n|poke|p1|Dragonite, M|\n|poke|p1|Greninja-*, M|\n|poke|p1|Zapdos|\n|poke|p1|Ting-Lu|\n|poke|p1|Spectrier|\n|poke|p2|Sneasler, M|\n|poke|p2|Skeledirge, F|\n|poke|p2|Miraidon|\n|poke|p2|Zacian-*|\n|poke|p2|Ninetales-Alola, M|\n|poke|p2|Arceus-Ground|\n|teampreview\n|inactive|Battle timer is ON: inactive players will automatically lose when time's up. (requested by Bananawhamslamma)\n|\n|t:|1700832768\n|start\n|switch|p1a: Spectrier|Spectrier|100\/100\n|switch|p2a: Ninetales|Ninetales-Alola, M|100\/100\n|-weather|Snow|[from] ability: Snow Warning|[of] p2a: Ninetales\n|turn|1\n|\n|t:|1700832774\n|move|p1a: Spectrier|Shadow Ball|p2a: Ninetales\n|-damage|p2a: Ninetales|31\/100\n|move|p2a: Ninetales|Aurora Veil|p2a: Ninetales\n|-sidestart|p2: Bananawhamslamma|move: Aurora Veil\n|\n|-weather|Snow|[upkeep]\n|upkeep\n|turn|2\n|\n|t:|1700832782\n|move|p2a: Ninetales|Ice Shard|p1a: Spectrier\n|-damage|p1a: Spectrier|86\/100\n|move|p1a: Spectrier|Shadow Ball|p2a: Ninetales\n|-damage|p2a: Ninetales|0 fnt\n|faint|p2a: Ninetales\n|-ability|p1a: Spectrier|Grim Neigh|boost\n|-boost|p1a: Spectrier|spa|1\n|\n|-weather|Snow|[upkeep]\n|upkeep\n|\n|t:|1700832804\n|switch|p2a: Miraidon|Miraidon|100\/100\n|-fieldstart|move: Electric Terrain|[from] ability: Hadron Engine|[of] p2a: Miraidon\n|turn|3\n|\n|t:|1700832826\n|switch|p1a: Ting-Lu|Ting-Lu|100\/100\n|-ability|p1a: Ting-Lu|Vessel of Ruin\n|move|p2a: Miraidon|Draco Meteor|p1a: Ting-Lu\n|-damage|p1a: Ting-Lu|46\/100\n|-unboost|p2a: Miraidon|spa|2\n|\n|-weather|Snow|[upkeep]\n|-heal|p1a: Ting-Lu|52\/100|[from] item: Leftovers\n|upkeep\n|turn|4\n|\n|t:|1700832833\n|switch|p2a: Arceus|Arceus-Ground|100\/100\n|move|p1a: Ting-Lu|Spikes|p2a: Arceus\n|-sidestart|p2: Bananawhamslamma|Spikes\n|\n|-weather|Snow|[upkeep]\n|-heal|p1a: Ting-Lu|58\/100|[from] item: Leftovers\n|upkeep\n|turn|5\n|\n|t:|1700832838\n|move|p2a: Arceus|Judgment|p1a: Ting-Lu\n|-damage|p1a: Ting-Lu|31\/100\n|move|p1a: Ting-Lu|Ruination|p2a: Arceus\n|-damage|p2a: Arceus|50\/100\n|\n|-weather|none\n|-heal|p1a: Ting-Lu|37\/100|[from] item: Leftovers\n|upkeep\n|turn|6\n|\n|t:|1700832848\n|move|p2a: Arceus|Aura Sphere|p1a: Ting-Lu\n|-supereffective|p1a: Ting-Lu\n|-damage|p1a: Ting-Lu|11\/100\n|move|p1a: Ting-Lu|Whirlwind|p2a: Arceus\n|drag|p2a: Skeledirge|Skeledirge, F|100\/100\n|-damage|p2a: Skeledirge|88\/100|[from] Spikes\n|\n|-heal|p2a: Skeledirge|94\/100|[from] item: Leftovers\n|-heal|p1a: Ting-Lu|18\/100|[from] item: Leftovers\n|upkeep\n|turn|7\n|\n|t:|1700832869\n|move|p2a: Skeledirge|Torch Song|p1a: Ting-Lu\n|-damage|p1a: Ting-Lu|5\/100\n|-boost|p2a: Skeledirge|spa|1\n|move|p1a: Ting-Lu|Ruination|p2a: Skeledirge\n|-damage|p2a: Skeledirge|47\/100\n|\n|-heal|p2a: Skeledirge|54\/100|[from] item: Leftovers\n|-heal|p1a: Ting-Lu|11\/100|[from] item: Leftovers\n|-fieldend|move: Electric Terrain\n|upkeep\n|turn|8\n|\n|t:|1700832874\n|move|p2a: Skeledirge|Torch Song|p1a: Ting-Lu\n|-damage|p1a: Ting-Lu|0 fnt\n|-boost|p2a: Skeledirge|spa|1\n|faint|p1a: Ting-Lu\n|\n|-heal|p2a: Skeledirge|60\/100|[from] item: Leftovers\n|-sideend|p2: Bananawhamslamma|move: Aurora Veil\n|upkeep\n|\n|t:|1700832878\n|switch|p1a: Greninja|Greninja, M|100\/100\n|turn|9\n|\n|t:|1700832888\n|-terastallize|p2a: Skeledirge|Fairy\n|move|p1a: Greninja|Dark Pulse|p2a: Skeledirge\n|-resisted|p2a: Skeledirge\n|-damage|p2a: Skeledirge|40\/100\n|move|p2a: Skeledirge|Shadow Ball|p1a: Greninja\n|-resisted|p1a: Greninja\n|-damage|p1a: Greninja|50\/100\n|\n|-heal|p2a: Skeledirge|46\/100|[from] item: Leftovers\n|upkeep\n|turn|10\n|\n|t:|1700832895\n|move|p1a: Greninja|Water Shuriken|p2a: Skeledirge\n|-damage|p2a: Skeledirge|38\/100\n|-damage|p2a: Skeledirge|32\/100\n|-damage|p2a: Skeledirge|24\/100\n|-damage|p2a: Skeledirge|18\/100\n|-hitcount|p2a: Skeledirge|4\n|move|p2a: Skeledirge|Shadow Ball|p1a: Greninja\n|-resisted|p1a: Greninja\n|-damage|p1a: Greninja|4\/100\n|\n|-heal|p2a: Skeledirge|24\/100|[from] item: Leftovers\n|upkeep\n|turn|11\n|\n|t:|1700832908\n|move|p1a: Greninja|Gunk Shot|p2a: Skeledirge|[miss]\n|-miss|p1a: Greninja|p2a: Skeledirge\n|move|p2a: Skeledirge|Slack Off|p2a: Skeledirge\n|-heal|p2a: Skeledirge|74\/100\n|\n|-heal|p2a: Skeledirge|80\/100|[from] item: Leftovers\n|upkeep\n|turn|12\n|\n|t:|1700832915\n|move|p1a: Greninja|Gunk Shot|p2a: Skeledirge\n|-supereffective|p2a: Skeledirge\n|-damage|p2a: Skeledirge|53\/100\n|move|p2a: Skeledirge|Shadow Ball|p1a: Greninja\n|-resisted|p1a: Greninja\n|-damage|p1a: Greninja|0 fnt\n|faint|p1a: Greninja\n|\n|-heal|p2a: Skeledirge|59\/100|[from] item: Leftovers\n|upkeep\n|\n|t:|1700832929\n|switch|p1a: Dragonite|Dragonite, M|100\/100\n|turn|13\n|\n|t:|1700832932\n|-terastallize|p1a: Dragonite|Normal\n|move|p1a: Dragonite|Encore|p2a: Skeledirge\n|-start|p2a: Skeledirge|Encore\n|move|p2a: Skeledirge|Shadow Ball|p1a: Dragonite\n|-immune|p1a: Dragonite\n|\n|-heal|p2a: Skeledirge|65\/100|[from] item: Leftovers\n|upkeep\n|turn|14\n|\n|t:|1700832941\n|switch|p2a: Arceus|Arceus-Ground|50\/100\n|-damage|p2a: Arceus|38\/100|[from] Spikes\n|move|p1a: Dragonite|Dragon Dance|p1a: Dragonite\n|-boost|p1a: Dragonite|atk|1\n|-boost|p1a: Dragonite|spe|1\n|\n|upkeep\n|turn|15\n|\n|t:|1700832950\n|move|p1a: Dragonite|Extreme Speed|p2a: Arceus\n|-damage|p2a: Arceus|0 fnt\n|faint|p2a: Arceus\n|\n|upkeep\n|\n|t:|1700832953\n|switch|p2a: Miraidon|Miraidon|100\/100\n|-damage|p2a: Miraidon|88\/100|[from] Spikes\n|-fieldstart|move: Electric Terrain|[from] ability: Hadron Engine|[of] p2a: Miraidon\n|turn|16\n|\n|t:|1700832964\n|move|p2a: Miraidon|Volt Switch|p1a: Dragonite\n|-damage|p1a: Dragonite|52\/100\n|\n|t:|1700832967\n|switch|p2a: Zacian|Zacian-Crowned|100\/100|[from] Volt Switch\n|-damage|p2a: Zacian|88\/100|[from] Spikes\n|-ability|p2a: Zacian|Intrepid Sword|boost\n|-boost|p2a: Zacian|atk|1\n|move|p1a: Dragonite|Dragon Dance|p1a: Dragonite\n|-boost|p1a: Dragonite|atk|1\n|-boost|p1a: Dragonite|spe|1\n|\n|upkeep\n|turn|17\n|\n|t:|1700832973\n|move|p1a: Dragonite|Earthquake|p2a: Zacian\n|-supereffective|p2a: Zacian\n|-damage|p2a: Zacian|0 fnt\n|faint|p2a: Zacian\n|\n|upkeep\n|\n|t:|1700832975\n|switch|p2a: Sneasler|Sneasler, M|100\/100\n|-damage|p2a: Sneasler|88\/100|[from] Spikes\n|-enditem|p2a: Sneasler|Electric Seed\n|-boost|p2a: Sneasler|def|1|[from] item: Electric Seed\n|turn|18\n|\n|t:|1700832981\n|move|p1a: Dragonite|Extreme Speed|p2a: Sneasler\n|-damage|p2a: Sneasler|0 fnt\n|faint|p2a: Sneasler\n|\n|upkeep\n|\n|t:|1700832986\n|switch|p2a: Miraidon|Miraidon|88\/100\n|-damage|p2a: Miraidon|76\/100|[from] Spikes\n|-activate|p2a: Miraidon|ability: Hadron Engine\n|turn|19\n|\n|t:|1700832989\n|move|p1a: Dragonite|Earthquake|p2a: Miraidon\n|-supereffective|p2a: Miraidon\n|-damage|p2a: Miraidon|0 fnt\n|faint|p2a: Miraidon\n|\n|upkeep\n|\n|t:|1700832992\n|switch|p2a: Skeledirge|Skeledirge, F, tera:Fairy|65\/100\n|-damage|p2a: Skeledirge|53\/100|[from] Spikes\n|turn|20\n|\n|t:|1700832996\n|move|p1a: Dragonite|Extreme Speed|p2a: Skeledirge\n|-damage|p2a: Skeledirge|22\/100\n|move|p2a: Skeledirge|Torch Song|p1a: Dragonite\n|-damage|p1a: Dragonite|18\/100\n|-boost|p2a: Skeledirge|spa|1\n|\n|-heal|p2a: Skeledirge|28\/100|[from] item: Leftovers\n|-fieldend|move: Electric Terrain\n|upkeep\n|turn|21\n|\n|t:|1700833002\n|move|p1a: Dragonite|Extreme Speed|p2a: Skeledirge\n|-damage|p2a: Skeledirge|0 fnt\n|faint|p2a: Skeledirge\n|\n|win|ibiibi\n|raw|ibiibi's rating: 1043 &rarr; <strong>1080<\/strong><br \/>(+37 for winning)\n|raw|Bananawhamslamma's rating: 1081 &rarr; <strong>1056<\/strong><br \/>(-25 for losing)\n|l|\u2606Bananawhamslamma\n","uploadtime":1700833012,"views":7,"p1id":"ibiibi","p2id":"bananawhamslamma","formatid":"gen9ubers","rating":1056,"private":0,"password":""}