{"id":"gen9ubers-1988643922","p1":"godiamsosorry","p2":"Dragon Master Rosa","format":"[Gen 9] Ubers","log":"|j|\u2606godiamsosorry\n|j|\u2606Dragon Master Rosa\n|t:|1699745511\n|gametype|singles\n|player|p1|godiamsosorry|lady|\n|player|p2|Dragon Master Rosa|dragontamer-gen9|\n|teamsize|p1|6\n|teamsize|p2|6\n|gen|9\n|tier|[Gen 9] Ubers\n|rule|Sleep Clause Mod: Limit one foe put to sleep\n|rule|Species Clause: Limit one of each Pok\u00e9mon\n|rule|OHKO Clause: OHKO moves are banned\n|rule|Evasion Items Clause: Evasion items are banned\n|rule|Evasion Moves Clause: Evasion moves are banned\n|rule|Endless Battle Clause: Forcing endless battles is banned\n|rule|HP Percentage Mod: HP is shown in percentages\n|clearpoke\n|poke|p1|Pawmot, F|\n|poke|p1|Slowking-Galar, F|\n|poke|p1|Medicham, M|\n|poke|p1|Palafin, M|\n|poke|p1|Zoroark, F|\n|poke|p1|Toedscruel, M|\n|poke|p2|Moltres|\n|poke|p2|Weezing-Galar, M|\n|poke|p2|Landorus-Therian, M|\n|poke|p2|Azelf|\n|poke|p2|Thundurus, M|\n|poke|p2|Slowking-Galar, F|\n|teampreview\n|c|\u2606godiamsosorry|Do not ask what I am cooking, for I do not know.\n|\n|t:|1699745601\n|start\n|switch|p1a: Slowking|Slowking-Galar, F|100\/100\n|switch|p2a: Azelf|Azelf|100\/100\n|turn|1\n|\n|t:|1699745631\n|switch|p2a: Slowking|Slowking-Galar, F|100\/100\n|move|p1a: Slowking|Foul Play|p2a: Slowking\n|-supereffective|p2a: Slowking\n|-crit|p2a: Slowking\n|-damage|p2a: Slowking|58\/100\n|\n|-heal|p2a: Slowking|64\/100|[from] item: Leftovers\n|upkeep\n|turn|2\n|\n|t:|1699745640\n|move|p1a: Slowking|Foul Play|p2a: Slowking\n|-supereffective|p2a: Slowking\n|-damage|p2a: Slowking|37\/100\n|move|p2a: Slowking|Chilly Reception|p2a: Slowking\n|-weather|Snow\n|\n|t:|1699745661\n|switch|p2a: Moltres|Moltres|100\/100|[from] Chilly Reception\n|\n|-weather|Snow|[upkeep]\n|upkeep\n|turn|3\n|\n|t:|1699745665\n|move|p2a: Moltres|U-turn|p1a: Slowking\n|-damage|p1a: Slowking|89\/100\n|\n|t:|1699745667\n|switch|p2a: Slowking|Slowking-Galar, F|70\/100|[from] U-turn\n|move|p1a: Slowking|Toxic|p2a: Slowking\n|-immune|p2a: Slowking\n|\n|-weather|Snow|[upkeep]\n|-heal|p2a: Slowking|76\/100|[from] item: Leftovers\n|upkeep\n|turn|4\n|\n|t:|1699745672\n|move|p1a: Slowking|Chilly Reception|p1a: Slowking\n|\n|t:|1699745677\n|switch|p1a: Palafin|Palafin, M|100\/100|[from] Chilly Reception\n|move|p2a: Slowking|Foul Play|p1a: Palafin\n|-damage|p1a: Palafin|83\/100\n|\n|-weather|Snow|[upkeep]\n|-heal|p2a: Slowking|82\/100|[from] item: Leftovers\n|upkeep\n|turn|5\n|\n|t:|1699745681\n|detailschange|p1a: Palafin|Palafin-Hero, M\n|switch|p1a: Slowking|Slowking-Galar, F|100\/100\n|move|p2a: Slowking|Chilly Reception|p2a: Slowking\n|c|\u2606godiamsosorry|Average ContrarianMons game...\n|\n|t:|1699745694\n|switch|p2a: Weezing|Weezing-Galar, M|100\/100|[from] Chilly Reception\n|\n|-weather|Snow|[upkeep]\n|upkeep\n|turn|6\n|\n|t:|1699745697\n|move|p2a: Weezing|Will-O-Wisp|p1a: Slowking\n|-status|p1a: Slowking|brn\n|move|p1a: Slowking|Chilly Reception|p1a: Slowking\n|\n|t:|1699745701\n|switch|p1a: Palafin|Palafin-Hero, M|83\/100|[from] Chilly Reception\n|-activate|p1a: Palafin|ability: Zero to Hero\n|\n|-weather|none\n|upkeep\n|turn|7\n|c|\u2606Dragon Master Rosa|all hail the cglorious chairman\n|\n|t:|1699745712\n|switch|p2a: Slowking|Slowking-Galar, F|100\/100\n|move|p1a: Palafin|Hydro Pump|p2a: Slowking\n|-damage|p2a: Slowking|58\/100\n|\n|-heal|p2a: Slowking|64\/100|[from] item: Leftovers\n|upkeep\n|turn|8\n|\n|t:|1699745718\n|switch|p1a: Toedscruel|Toedscruel, M|100\/100\n|move|p2a: Slowking|Slack Off|p2a: Slowking\n|-heal|p2a: Slowking|100\/100\n|\n|upkeep\n|turn|9\n|\n|t:|1699745723\n|move|p1a: Toedscruel|Knock Off|p2a: Slowking\n|-supereffective|p2a: Slowking\n|-damage|p2a: Slowking|8\/100\n|-enditem|p2a: Slowking|Leftovers|[from] move: Knock Off|[of] p1a: Toedscruel\n|move|p2a: Slowking|Toxic|p1a: Toedscruel\n|-status|p1a: Toedscruel|tox\n|\n|-damage|p1a: Toedscruel|94\/100 tox|[from] psn\n|upkeep\n|turn|10\n|\n|t:|1699745726\n|switch|p2a: Moltres|Moltres|100\/100\n|move|p1a: Toedscruel|U-turn|p2a: Moltres\n|-resisted|p2a: Moltres\n|-crit|p2a: Moltres\n|-damage|p2a: Moltres|96\/100\n|\n|t:|1699745734\n|switch|p1a: Palafin|Palafin-Hero, M|83\/100|[from] U-turn\n|\n|upkeep\n|turn|11\n|\n|t:|1699745776\n|switch|p2a: Thundurus|Thundurus, M|100\/100\n|-terastallize|p1a: Palafin|Normal\n|move|p1a: Palafin|Boomburst|p2a: Thundurus\n|-damage|p2a: Thundurus|0 fnt\n|faint|p2a: Thundurus\n|\n|upkeep\n|\n|t:|1699745783\n|switch|p2a: Slowking|Slowking-Galar, F|41\/100\n|turn|12\n|\n|t:|1699745800\n|switch|p2a: Moltres|Moltres|96\/100\n|move|p1a: Palafin|Boomburst|p2a: Moltres\n|-damage|p2a: Moltres|4\/100\n|\n|upkeep\n|turn|13\n|\n|t:|1699745806\n|move|p1a: Palafin|Boomburst|p2a: Moltres\n|-damage|p2a: Moltres|0 fnt\n|faint|p2a: Moltres\n|\n|upkeep\n|\n|t:|1699745813\n|switch|p2a: Azelf|Azelf|100\/100\n|turn|14\n|\n|t:|1699745833\n|switch|p1a: Slowking|Slowking-Galar, F|100\/100 brn\n|move|p2a: Azelf|Psyshock|p1a: Slowking\n|-damage|p1a: Slowking|60\/100 brn\n|\n|-damage|p1a: Slowking|54\/100 brn|[from] brn\n|upkeep\n|turn|15\n|\n|t:|1699745839\n|move|p2a: Azelf|Psyshock|p1a: Slowking\n|-damage|p1a: Slowking|11\/100 brn\n|move|p1a: Slowking|Foul Play|p2a: Azelf\n|-supereffective|p2a: Azelf\n|-damage|p2a: Azelf|70\/100\n|\n|-damage|p1a: Slowking|5\/100 brn|[from] brn\n|upkeep\n|turn|16\n|\n|t:|1699745851\n|switch|p2a: Weezing|Weezing-Galar, M|100\/100\n|move|p1a: Slowking|Slack Off|p1a: Slowking\n|-heal|p1a: Slowking|55\/100 brn\n|\n|-damage|p1a: Slowking|49\/100 brn|[from] brn\n|upkeep\n|turn|17\n|\n|t:|1699745855\n|move|p2a: Weezing|Strange Steam|p1a: Slowking\n|-resisted|p1a: Slowking\n|-damage|p1a: Slowking|38\/100 brn\n|move|p1a: Slowking|Slack Off|p1a: Slowking\n|-heal|p1a: Slowking|88\/100 brn\n|\n|-damage|p1a: Slowking|81\/100 brn|[from] brn\n|upkeep\n|turn|18\n|\n|t:|1699745858\n|move|p2a: Weezing|Strange Steam|p1a: Slowking\n|-resisted|p1a: Slowking\n|-damage|p1a: Slowking|71\/100 brn\n|move|p1a: Slowking|Chilly Reception|p1a: Slowking\n|-weather|Snow\n|\n|t:|1699745860\n|switch|p1a: Palafin|Palafin-Hero, M, tera:Normal|83\/100|[from] Chilly Reception\n|\n|-weather|Snow|[upkeep]\n|upkeep\n|turn|19\n|-message|Dragon Master Rosa forfeited.\n|\n|win|godiamsosorry\n|l|\u2606godiamsosorry\n|j|\u2606godiamsosorry\n|player|p1|godiamsosorry|lady\n","uploadtime":1699745881,"views":35,"p1id":"godiamsosorry","p2id":"dragonmasterrosa","formatid":"gen9ubers","rating":0,"private":0,"password":""}