{"id":"gen9ubers-1980233117","p1":"athenafromdahood","p2":"Deriverse","format":"[Gen 9] Ubers","log":"|j|\u2606athenafromdahood\n|j|\u2606Deriverse\n|t:|1698768308\n|gametype|singles\n|player|p1|athenafromdahood|psychic|1311\n|player|p2|Deriverse|roxanne|1309\n|teamsize|p1|6\n|teamsize|p2|6\n|gen|9\n|tier|[Gen 9] Ubers\n|rated|\n|rule|Sleep Clause Mod: Limit one foe put to sleep\n|rule|Species Clause: Limit one of each Pok\u00e9mon\n|rule|OHKO Clause: OHKO moves are banned\n|rule|Evasion Items Clause: Evasion items are banned\n|rule|Evasion Moves Clause: Evasion moves are banned\n|rule|Endless Battle Clause: Forcing endless battles is banned\n|rule|HP Percentage Mod: HP is shown in percentages\n|clearpoke\n|poke|p1|Shaymin-Sky|\n|poke|p1|Iron Bundle|\n|poke|p1|Flutter Mane|\n|poke|p1|Arceus|\n|poke|p1|Ting-Lu|\n|poke|p1|Magearna|\n|poke|p2|Skeledirge, M|\n|poke|p2|Flutter Mane|\n|poke|p2|Groudon|\n|poke|p2|Giratina|\n|poke|p2|Ribombee, M|\n|poke|p2|Cyclizar, F|\n|teampreview\n|inactive|Battle timer is ON: inactive players will automatically lose when time's up. (requested by athenafromdahood)\n|\n|t:|1698768323\n|start\n|switch|p1a: Shaymin|Shaymin-Sky|100\/100\n|switch|p2a: Ribombee|Ribombee, M|100\/100\n|turn|1\n|\n|t:|1698768328\n|move|p1a: Shaymin|Air Slash|p2a: Ribombee\n|-supereffective|p2a: Ribombee\n|-enditem|p2a: Ribombee|Focus Sash\n|-damage|p2a: Ribombee|1\/100\n|move|p2a: Ribombee|Sticky Web|p1a: Shaymin\n|-sidestart|p1: athenafromdahood|move: Sticky Web\n|\n|upkeep\n|turn|2\n|\n|t:|1698768334\n|move|p1a: Shaymin|Air Slash|p2a: Ribombee|[miss]\n|-miss|p1a: Shaymin|p2a: Ribombee\n|move|p2a: Ribombee|Moonblast|p1a: Shaymin\n|-damage|p1a: Shaymin|49\/100\n|\n|upkeep\n|turn|3\n|\n|t:|1698768339\n|move|p1a: Shaymin|Air Slash|p2a: Ribombee\n|-supereffective|p2a: Ribombee\n|-damage|p2a: Ribombee|0 fnt\n|faint|p2a: Ribombee\n|\n|upkeep\n|\n|t:|1698768346\n|switch|p2a: Giratina|Giratina|100\/100\n|-ability|p2a: Giratina|Pressure\n|turn|4\n|\n|t:|1698768355\n|switch|p1a: Magearna|Magearna|100\/100\n|-activate|p1a: Magearna|move: Sticky Web\n|-unboost|p1a: Magearna|spe|1\n|move|p2a: Giratina|Thunder Wave|p1a: Magearna\n|-status|p1a: Magearna|par\n|\n|upkeep\n|turn|5\n|\n|t:|1698768362\n|move|p2a: Giratina|Calm Mind|p2a: Giratina\n|-boost|p2a: Giratina|spa|1\n|-boost|p2a: Giratina|spd|1\n|move|p1a: Magearna|Volt Switch|p2a: Giratina\n|-resisted|p2a: Giratina\n|-damage|p2a: Giratina|97\/100\n|\n|t:|1698768373\n|switch|p1a: Arceus|Arceus|100\/100|[from] Volt Switch\n|-activate|p1a: Arceus|move: Sticky Web\n|-unboost|p1a: Arceus|spe|1\n|\n|-heal|p2a: Giratina|100\/100|[from] item: Leftovers\n|upkeep\n|turn|6\n|\n|t:|1698768378\n|move|p2a: Giratina|Thunder Wave|p1a: Arceus\n|-status|p1a: Arceus|par\n|move|p1a: Arceus|Shadow Claw|p2a: Giratina\n|-supereffective|p2a: Giratina\n|-damage|p2a: Giratina|75\/100\n|\n|-heal|p2a: Giratina|82\/100|[from] item: Leftovers\n|upkeep\n|turn|7\n|\n|t:|1698768390\n|switch|p2a: Groudon|Groudon|100\/100\n|-weather|SunnyDay|[from] ability: Drought|[of] p2a: Groudon\n|switch|p1a: Shaymin|Shaymin-Sky|49\/100\n|\n|-weather|SunnyDay|[upkeep]\n|upkeep\n|turn|8\n|\n|t:|1698768403\n|switch|p2a: Flutter Mane|Flutter Mane|100\/100\n|-activate|p2a: Flutter Mane|ability: Protosynthesis\n|-start|p2a: Flutter Mane|protosynthesisspe\n|move|p1a: Shaymin|Seed Flare|p2a: Flutter Mane\n|-damage|p2a: Flutter Mane|40\/100\n|-unboost|p2a: Flutter Mane|spd|2\n|\n|-weather|SunnyDay|[upkeep]\n|-heal|p2a: Flutter Mane|46\/100|[from] item: Leftovers\n|upkeep\n|turn|9\n|\n|t:|1698768417\n|move|p2a: Flutter Mane|Moonblast|p1a: Shaymin\n|-damage|p1a: Shaymin|0 fnt\n|faint|p1a: Shaymin\n|\n|-weather|SunnyDay|[upkeep]\n|-heal|p2a: Flutter Mane|51\/100|[from] item: Leftovers\n|upkeep\n|\n|t:|1698768423\n|switch|p1a: Magearna|Magearna|100\/100 par\n|-activate|p1a: Magearna|move: Sticky Web\n|-unboost|p1a: Magearna|spe|1\n|turn|10\n|\n|t:|1698768431\n|-end|p2a: Flutter Mane|Protosynthesis|[silent]\n|switch|p2a: Skeledirge|Skeledirge, M|100\/100\n|move|p1a: Magearna|Volt Switch|p2a: Skeledirge\n|-damage|p2a: Skeledirge|78\/100\n|\n|t:|1698768437\n|switch|p1a: Flutter Mane|Flutter Mane|100\/100|[from] Volt Switch\n|-activate|p1a: Flutter Mane|move: Sticky Web\n|-unboost|p1a: Flutter Mane|spe|1\n|-activate|p1a: Flutter Mane|ability: Protosynthesis\n|-start|p1a: Flutter Mane|protosynthesisspa\n|\n|-weather|SunnyDay|[upkeep]\n|-heal|p2a: Skeledirge|84\/100|[from] item: Leftovers\n|upkeep\n|turn|11\n|\n|t:|1698768443\n|switch|p2a: Cyclizar|Cyclizar, F|100\/100\n|move|p1a: Flutter Mane|Shadow Ball|p2a: Cyclizar\n|-immune|p2a: Cyclizar\n|\n|-weather|none\n|-end|p1a: Flutter Mane|Protosynthesis\n|upkeep\n|turn|12\n|\n|t:|1698768452\n|move|p2a: Cyclizar|Shed Tail|p2a: Cyclizar\n|-start|p2a: Cyclizar|Substitute|[from] move: Shed Tail\n|-damage|p2a: Cyclizar|50\/100\n|\n|t:|1698768460\n|switch|p2a: Groudon|Groudon|100\/100|[from] Shed Tail\n|-weather|SunnyDay|[from] ability: Drought|[of] p2a: Groudon\n|-activate|p1a: Flutter Mane|ability: Protosynthesis\n|-start|p1a: Flutter Mane|protosynthesisspa\n|move|p1a: Flutter Mane|Moonblast|p2a: Groudon\n|-end|p2a: Groudon|Substitute\n|\n|-weather|SunnyDay|[upkeep]\n|upkeep\n|turn|13\n|\n|t:|1698768470\n|move|p1a: Flutter Mane|Moonblast|p2a: Groudon\n|-damage|p2a: Groudon|39\/100\n|move|p2a: Groudon|Heat Crash|p1a: Flutter Mane\n|-damage|p1a: Flutter Mane|0 fnt\n|faint|p1a: Flutter Mane\n|-end|p1a: Flutter Mane|Protosynthesis|[silent]\n|\n|-weather|SunnyDay|[upkeep]\n|-heal|p2a: Groudon|46\/100|[from] item: Leftovers\n|upkeep\n|\n|t:|1698768478\n|switch|p1a: Iron Bundle|Iron Bundle|100\/100\n|turn|14\n|\n|t:|1698768496\n|switch|p2a: Cyclizar|Cyclizar, F|83\/100\n|move|p1a: Iron Bundle|Ice Beam|p2a: Cyclizar\n|-supereffective|p2a: Cyclizar\n|-damage|p2a: Cyclizar|0 fnt\n|faint|p2a: Cyclizar\n|\n|-weather|SunnyDay|[upkeep]\n|upkeep\n|\n|t:|1698768500\n|switch|p2a: Flutter Mane|Flutter Mane|51\/100\n|-activate|p2a: Flutter Mane|ability: Protosynthesis\n|-start|p2a: Flutter Mane|protosynthesisspe\n|turn|15\n|\n|t:|1698768504\n|-end|p1a: Iron Bundle|Quark Drive|[silent]\n|switch|p1a: Magearna|Magearna|100\/100 par\n|-activate|p1a: Magearna|move: Sticky Web\n|-unboost|p1a: Magearna|spe|1\n|move|p2a: Flutter Mane|Moonblast|p1a: Magearna\n|-resisted|p1a: Magearna\n|-damage|p1a: Magearna|80\/100 par\n|\n|-weather|SunnyDay|[upkeep]\n|-heal|p2a: Flutter Mane|57\/100|[from] item: Leftovers\n|upkeep\n|turn|16\n|\n|t:|1698768513\n|move|p2a: Flutter Mane|Calm Mind|p2a: Flutter Mane\n|-boost|p2a: Flutter Mane|spa|1\n|-boost|p2a: Flutter Mane|spd|1\n|move|p1a: Magearna|Flash Cannon|p2a: Flutter Mane\n|-supereffective|p2a: Flutter Mane\n|-damage|p2a: Flutter Mane|5\/100\n|\n|-weather|none\n|-end|p2a: Flutter Mane|Protosynthesis\n|-heal|p2a: Flutter Mane|11\/100|[from] item: Leftovers\n|upkeep\n|turn|17\n|\n|t:|1698768520\n|move|p2a: Flutter Mane|Shadow Ball|p1a: Magearna\n|-damage|p1a: Magearna|27\/100 par\n|move|p1a: Magearna|Flash Cannon|p2a: Flutter Mane\n|-supereffective|p2a: Flutter Mane\n|-damage|p2a: Flutter Mane|0 fnt\n|faint|p2a: Flutter Mane\n|-ability|p1a: Magearna|Soul-Heart|boost\n|-boost|p1a: Magearna|spa|1\n|-end|p2a: Flutter Mane|Protosynthesis|[silent]\n|\n|upkeep\n|\n|t:|1698768527\n|switch|p2a: Giratina|Giratina|82\/100\n|-ability|p2a: Giratina|Pressure\n|turn|18\n|\n|t:|1698768531\n|move|p2a: Giratina|Hex|p1a: Magearna\n|-damage|p1a: Magearna|0 fnt\n|faint|p1a: Magearna\n|\n|-heal|p2a: Giratina|88\/100|[from] item: Leftovers\n|upkeep\n|\n|t:|1698768536\n|switch|p1a: Ting-Lu|Ting-Lu|100\/100\n|-activate|p1a: Ting-Lu|move: Sticky Web\n|-unboost|p1a: Ting-Lu|spe|1\n|-ability|p1a: Ting-Lu|Vessel of Ruin\n|turn|19\n|\n|t:|1698768541\n|switch|p2a: Skeledirge|Skeledirge, M|84\/100\n|move|p1a: Ting-Lu|Stealth Rock|p2a: Skeledirge\n|-sidestart|p2: Deriverse|move: Stealth Rock\n|\n|-heal|p2a: Skeledirge|90\/100|[from] item: Leftovers\n|upkeep\n|turn|20\n|\n|t:|1698768545\n|move|p2a: Skeledirge|Will-O-Wisp|p1a: Ting-Lu|[miss]\n|-miss|p2a: Skeledirge|p1a: Ting-Lu\n|move|p1a: Ting-Lu|Earthquake|p2a: Skeledirge\n|-supereffective|p2a: Skeledirge\n|-damage|p2a: Skeledirge|41\/100\n|\n|-heal|p2a: Skeledirge|47\/100|[from] item: Leftovers\n|upkeep\n|turn|21\n|\n|t:|1698768549\n|switch|p1a: Iron Bundle|Iron Bundle|100\/100\n|move|p2a: Skeledirge|Will-O-Wisp|p1a: Iron Bundle|[miss]\n|-miss|p2a: Skeledirge|p1a: Iron Bundle\n|\n|-heal|p2a: Skeledirge|53\/100|[from] item: Leftovers\n|upkeep\n|turn|22\n|\n|t:|1698768555\n|switch|p2a: Groudon|Groudon|46\/100\n|-damage|p2a: Groudon|39\/100|[from] Stealth Rock\n|-weather|SunnyDay|[from] ability: Drought|[of] p2a: Groudon\n|move|p1a: Iron Bundle|Hydro Pump|p2a: Groudon|[miss]\n|-miss|p1a: Iron Bundle|p2a: Groudon\n|\n|-weather|SunnyDay|[upkeep]\n|-heal|p2a: Groudon|46\/100|[from] item: Leftovers\n|upkeep\n|turn|23\n|\n|t:|1698768563\n|move|p1a: Iron Bundle|Ice Beam|p2a: Groudon\n|-supereffective|p2a: Groudon\n|-damage|p2a: Groudon|0 fnt\n|faint|p2a: Groudon\n|\n|-weather|SunnyDay|[upkeep]\n|upkeep\n|\n|t:|1698768565\n|switch|p2a: Giratina|Giratina|88\/100\n|-damage|p2a: Giratina|75\/100|[from] Stealth Rock\n|-ability|p2a: Giratina|Pressure\n|turn|24\n|\n|t:|1698768572\n|move|p1a: Iron Bundle|Ice Beam|p2a: Giratina\n|-supereffective|p2a: Giratina\n|-damage|p2a: Giratina|24\/100\n|move|p2a: Giratina|Thunder Wave|p1a: Iron Bundle\n|-status|p1a: Iron Bundle|par\n|\n|-weather|SunnyDay|[upkeep]\n|-heal|p2a: Giratina|30\/100|[from] item: Leftovers\n|upkeep\n|turn|25\n|\n|t:|1698768587\n|-terastallize|p2a: Giratina|Poison\n|move|p2a: Giratina|Rest|p2a: Giratina\n|-status|p2a: Giratina|slp|[from] move: Rest\n|-heal|p2a: Giratina|100\/100 slp|[silent]\n|move|p1a: Iron Bundle|Ice Beam|p2a: Giratina\n|-damage|p2a: Giratina|74\/100 slp\n|\n|-weather|SunnyDay|[upkeep]\n|-heal|p2a: Giratina|80\/100 slp|[from] item: Leftovers\n|upkeep\n|turn|26\n|\n|t:|1698768599\n|-end|p1a: Iron Bundle|Quark Drive|[silent]\n|switch|p1a: Arceus|Arceus|100\/100 par\n|-activate|p1a: Arceus|move: Sticky Web\n|-unboost|p1a: Arceus|spe|1\n|cant|p2a: Giratina|slp\n|\n|-weather|none\n|-heal|p2a: Giratina|86\/100 slp|[from] item: Leftovers\n|upkeep\n|turn|27\n|\n|t:|1698768610\n|switch|p2a: Skeledirge|Skeledirge, M|53\/100\n|-damage|p2a: Skeledirge|28\/100|[from] Stealth Rock\n|move|p1a: Arceus|Swords Dance|p1a: Arceus\n|-boost|p1a: Arceus|atk|2\n|\n|-heal|p2a: Skeledirge|34\/100|[from] item: Leftovers\n|upkeep\n|turn|28\n|\n|t:|1698768616\n|move|p2a: Skeledirge|Slack Off|p2a: Skeledirge\n|-heal|p2a: Skeledirge|84\/100\n|move|p1a: Arceus|Shadow Claw|p2a: Skeledirge\n|-supereffective|p2a: Skeledirge\n|-damage|p2a: Skeledirge|51\/100\n|\n|-heal|p2a: Skeledirge|58\/100|[from] item: Leftovers\n|upkeep\n|turn|29\n|\n|t:|1698768622\n|move|p2a: Skeledirge|Slack Off|p2a: Skeledirge\n|-heal|p2a: Skeledirge|100\/100\n|move|p1a: Arceus|Swords Dance|p1a: Arceus\n|-boost|p1a: Arceus|atk|2\n|\n|upkeep\n|turn|30\n|\n|t:|1698768632\n|-terastallize|p1a: Arceus|Ghost\n|move|p2a: Skeledirge|Torch Song|p1a: Arceus\n|-damage|p1a: Arceus|79\/100 par\n|-boost|p2a: Skeledirge|spa|1\n|cant|p1a: Arceus|par\n|\n|-heal|p1a: Arceus|85\/100 par|[from] item: Leftovers\n|upkeep\n|turn|31\n|\n|t:|1698768640\n|move|p2a: Skeledirge|Shadow Ball|p1a: Arceus\n|-supereffective|p1a: Arceus\n|-damage|p1a: Arceus|12\/100 par\n|move|p1a: Arceus|Shadow Claw|p2a: Skeledirge\n|-supereffective|p2a: Skeledirge\n|-damage|p2a: Skeledirge|47\/100\n|\n|-heal|p2a: Skeledirge|53\/100|[from] item: Leftovers\n|-heal|p1a: Arceus|18\/100 par|[from] item: Leftovers\n|upkeep\n|turn|32\n|\n|t:|1698768652\n|switch|p1a: Ting-Lu|Ting-Lu|100\/100\n|-activate|p1a: Ting-Lu|move: Sticky Web\n|-unboost|p1a: Ting-Lu|spe|1\n|-ability|p1a: Ting-Lu|Vessel of Ruin\n|move|p2a: Skeledirge|Shadow Ball|p1a: Ting-Lu\n|-resisted|p1a: Ting-Lu\n|-damage|p1a: Ting-Lu|91\/100\n|-unboost|p1a: Ting-Lu|spd|1\n|\n|-heal|p2a: Skeledirge|59\/100|[from] item: Leftovers\n|-heal|p1a: Ting-Lu|97\/100|[from] item: Leftovers\n|upkeep\n|turn|33\n|\n|t:|1698768662\n|move|p2a: Skeledirge|Slack Off|p2a: Skeledirge\n|-heal|p2a: Skeledirge|100\/100\n|move|p1a: Ting-Lu|Earthquake|p2a: Skeledirge\n|-supereffective|p2a: Skeledirge\n|-damage|p2a: Skeledirge|50\/100\n|\n|-heal|p2a: Skeledirge|56\/100|[from] item: Leftovers\n|-heal|p1a: Ting-Lu|100\/100|[from] item: Leftovers\n|upkeep\n|turn|34\n|\n|t:|1698768668\n|switch|p1a: Iron Bundle|Iron Bundle|100\/100 par\n|move|p2a: Skeledirge|Will-O-Wisp||[still]\n|-fail|p2a: Skeledirge\n|\n|-heal|p2a: Skeledirge|62\/100|[from] item: Leftovers\n|upkeep\n|turn|35\n|\n|t:|1698768672\n|switch|p2a: Giratina|Giratina, tera:Poison|86\/100 slp\n|-damage|p2a: Giratina|74\/100 slp|[from] Stealth Rock\n|-ability|p2a: Giratina|Pressure\n|move|p1a: Iron Bundle|Hydro Pump|p2a: Giratina\n|-damage|p2a: Giratina|44\/100 slp\n|\n|-heal|p2a: Giratina|50\/100 slp|[from] item: Leftovers\n|upkeep\n|turn|36\n|\n|t:|1698768683\n|cant|p2a: Giratina|slp\n|move|p1a: Iron Bundle|Hydro Pump|p2a: Giratina\n|-damage|p2a: Giratina|16\/100 slp\n|\n|-heal|p2a: Giratina|22\/100 slp|[from] item: Leftovers\n|upkeep\n|turn|37\n|\n|t:|1698768689\n|-curestatus|p2a: Giratina|slp|[msg]\n|move|p2a: Giratina|Hex|p1a: Iron Bundle\n|-damage|p1a: Iron Bundle|1\/100 par\n|move|p1a: Iron Bundle|Hydro Pump|p2a: Giratina\n|-damage|p2a: Giratina|0 fnt\n|faint|p2a: Giratina\n|\n|upkeep\n|\n|t:|1698768696\n|switch|p2a: Skeledirge|Skeledirge, M|62\/100\n|-damage|p2a: Skeledirge|37\/100|[from] Stealth Rock\n|turn|38\n|\n|t:|1698768707\n|move|p1a: Iron Bundle|Hydro Pump|p2a: Skeledirge|[miss]\n|-miss|p1a: Iron Bundle|p2a: Skeledirge\n|move|p2a: Skeledirge|Torch Song|p1a: Iron Bundle\n|-damage|p1a: Iron Bundle|0 fnt\n|-boost|p2a: Skeledirge|spa|1\n|faint|p1a: Iron Bundle\n|-end|p1a: Iron Bundle|Quark Drive|[silent]\n|\n|-heal|p2a: Skeledirge|43\/100|[from] item: Leftovers\n|upkeep\n|\n|t:|1698768710\n|switch|p1a: Ting-Lu|Ting-Lu|100\/100\n|-activate|p1a: Ting-Lu|move: Sticky Web\n|-unboost|p1a: Ting-Lu|spe|1\n|-ability|p1a: Ting-Lu|Vessel of Ruin\n|turn|39\n|\n|t:|1698768714\n|move|p2a: Skeledirge|Slack Off|p2a: Skeledirge\n|-heal|p2a: Skeledirge|93\/100\n|move|p1a: Ting-Lu|Earthquake|p2a: Skeledirge\n|-supereffective|p2a: Skeledirge\n|-damage|p2a: Skeledirge|46\/100\n|\n|-heal|p2a: Skeledirge|52\/100|[from] item: Leftovers\n|upkeep\n|turn|40\n|\n|t:|1698768719\n|move|p2a: Skeledirge|Will-O-Wisp|p1a: Ting-Lu\n|-status|p1a: Ting-Lu|brn\n|move|p1a: Ting-Lu|Earthquake|p2a: Skeledirge\n|-supereffective|p2a: Skeledirge\n|-damage|p2a: Skeledirge|28\/100\n|\n|-heal|p2a: Skeledirge|34\/100|[from] item: Leftovers\n|-damage|p1a: Ting-Lu|94\/100 brn|[from] brn\n|upkeep\n|turn|41\n|\n|t:|1698768725\n|move|p2a: Skeledirge|Slack Off|p2a: Skeledirge\n|-heal|p2a: Skeledirge|84\/100\n|move|p1a: Ting-Lu|Ruination|p2a: Skeledirge\n|-damage|p2a: Skeledirge|42\/100\n|\n|-heal|p2a: Skeledirge|49\/100|[from] item: Leftovers\n|-heal|p1a: Ting-Lu|100\/100 brn|[from] item: Leftovers\n|-damage|p1a: Ting-Lu|94\/100 brn|[from] brn\n|upkeep\n|turn|42\n|\n|t:|1698768731\n|move|p2a: Skeledirge|Torch Song|p1a: Ting-Lu\n|-crit|p1a: Ting-Lu\n|-damage|p1a: Ting-Lu|64\/100 brn\n|-boost|p2a: Skeledirge|spa|1\n|move|p1a: Ting-Lu|Ruination|p2a: Skeledirge|[miss]\n|-miss|p1a: Ting-Lu|p2a: Skeledirge\n|\n|-heal|p2a: Skeledirge|55\/100|[from] item: Leftovers\n|-heal|p1a: Ting-Lu|70\/100 brn|[from] item: Leftovers\n|-damage|p1a: Ting-Lu|64\/100 brn|[from] brn\n|upkeep\n|turn|43\n|\n|t:|1698768738\n|move|p2a: Skeledirge|Torch Song|p1a: Ting-Lu\n|-damage|p1a: Ting-Lu|37\/100 brn\n|-boost|p2a: Skeledirge|spa|1\n|move|p1a: Ting-Lu|Ruination|p2a: Skeledirge\n|-damage|p2a: Skeledirge|28\/100\n|\n|-heal|p2a: Skeledirge|34\/100|[from] item: Leftovers\n|-heal|p1a: Ting-Lu|44\/100 brn|[from] item: Leftovers\n|-damage|p1a: Ting-Lu|37\/100 brn|[from] brn\n|upkeep\n|turn|44\n|\n|t:|1698768744\n|move|p2a: Skeledirge|Slack Off|p2a: Skeledirge\n|-heal|p2a: Skeledirge|84\/100\n|move|p1a: Ting-Lu|Ruination|p2a: Skeledirge\n|-damage|p2a: Skeledirge|42\/100\n|\n|-heal|p2a: Skeledirge|48\/100|[from] item: Leftovers\n|-heal|p1a: Ting-Lu|44\/100 brn|[from] item: Leftovers\n|-damage|p1a: Ting-Lu|37\/100 brn|[from] brn\n|upkeep\n|turn|45\n|\n|t:|1698768751\n|move|p2a: Skeledirge|Torch Song|p1a: Ting-Lu\n|-crit|p1a: Ting-Lu\n|-damage|p1a: Ting-Lu|0 fnt\n|-boost|p2a: Skeledirge|spa|1\n|faint|p1a: Ting-Lu\n|\n|-heal|p2a: Skeledirge|54\/100|[from] item: Leftovers\n|upkeep\n|\n|t:|1698768755\n|switch|p1a: Arceus|Arceus, tera:Ghost|18\/100 par\n|-activate|p1a: Arceus|move: Sticky Web\n|-unboost|p1a: Arceus|spe|1\n|turn|46\n|\n|t:|1698768758\n|move|p2a: Skeledirge|Shadow Ball|p1a: Arceus\n|-supereffective|p1a: Arceus\n|-damage|p1a: Arceus|0 fnt\n|faint|p1a: Arceus\n|\n|win|Deriverse\n|raw|athenafromdahood's rating: 1311 &rarr; <strong>1291<\/strong><br \/>(-20 for losing)\n|raw|Deriverse's rating: 1309 &rarr; <strong>1329<\/strong><br \/>(+20 for winning)\n|l|\u2606athenafromdahood\n|l|\u2606Deriverse\n|j|\u2606Deriverse\n|player|p2|Deriverse|roxanne\n","uploadtime":1698769358,"views":9,"p1id":"athenafromdahood","p2id":"deriverse","formatid":"gen9ubers","rating":1291,"private":0,"password":""}