{"id":"gen9ubers-1968395820","p1":"ayafungamer","p2":"sgrg32","format":"[Gen 9] Ubers","log":"|j|\u2606Buzzwardo\n|j|\u2606sgrg32\n|t:|1697414002\n|gametype|singles\n|player|p1|Buzzwardo|chuck|\n|player|p2|sgrg32|alec-anime|\n|teamsize|p1|6\n|teamsize|p2|6\n|gen|9\n|tier|[Gen 9] Ubers\n|rule|Sleep Clause Mod: Limit one foe put to sleep\n|rule|Species Clause: Limit one of each Pok\u00e9mon\n|rule|OHKO Clause: OHKO moves are banned\n|rule|Evasion Items Clause: Evasion items are banned\n|rule|Evasion Moves Clause: Evasion moves are banned\n|rule|Endless Battle Clause: Forcing endless battles is banned\n|rule|HP Percentage Mod: HP is shown in percentages\n|clearpoke\n|poke|p1|Grafaiai, M|\n|poke|p1|Iron Thorns|\n|poke|p1|Slaking, F|\n|poke|p1|Veluza, M|\n|poke|p1|Spidops, F|\n|poke|p1|Illumise, F|\n|poke|p2|Cutiefly, F|\n|poke|p2|Piplup, F|\n|poke|p2|Magneton|\n|poke|p2|Glaceon, F|\n|poke|p2|Sinistcha|\n|poke|p2|Fezandipiti, M|\n|teampreview\n|c|\u2606sgrg32|thats one big monk\n|\n|t:|1697414031\n|start\n|switch|p1a: Veluza|Veluza, M|100\/100\n|switch|p2a: lil bitch|Cutiefly, F|100\/100\n|turn|1\n|\n|t:|1697414035\n|move|p2a: lil bitch|Sticky Web|p1a: Veluza\n|-sidestart|p1: Buzzwardo|move: Sticky Web\n|move|p1a: Veluza|Substitute|p1a: Veluza\n|-start|p1a: Veluza|Substitute\n|-damage|p1a: Veluza|76\/100\n|\n|upkeep\n|turn|2\n|\n|t:|1697414038\n|move|p2a: lil bitch|Pounce|p1a: Veluza\n|-supereffective|p1a: Veluza\n|-end|p1a: Veluza|Substitute\n|move|p1a: Veluza|Fillet Away|p1a: Veluza\n|-boost|p1a: Veluza|atk|2\n|-boost|p1a: Veluza|spa|2\n|-boost|p1a: Veluza|spe|2\n|-damage|p1a: Veluza|26\/100\n|-enditem|p1a: Veluza|Sitrus Berry|[eat]\n|-heal|p1a: Veluza|50\/100|[from] item: Sitrus Berry\n|\n|upkeep\n|turn|3\n|\n|t:|1697414048\n|move|p1a: Veluza|Aqua Cutter|p2a: lil bitch\n|-enditem|p2a: lil bitch|Focus Sash\n|-damage|p2a: lil bitch|1\/100\n|move|p2a: lil bitch|Stun Spore|p1a: Veluza\n|-status|p1a: Veluza|par\n|\n|upkeep\n|turn|4\n|\n|t:|1697414056\n|move|p2a: lil bitch|Pounce|p1a: Veluza\n|-supereffective|p1a: Veluza\n|-damage|p1a: Veluza|24\/100 par\n|-unboost|p1a: Veluza|spe|1\n|move|p1a: Veluza|Aqua Cutter|p2a: lil bitch\n|-damage|p2a: lil bitch|0 fnt\n|faint|p2a: lil bitch\n|\n|upkeep\n|c|\u2606sgrg32|LETS GOO LIL BITCH\n|\n|t:|1697414068\n|switch|p2a: PIPLUPPPP|Piplup, F|100\/100\n|turn|5\n|\n|t:|1697414072\n|move|p2a: PIPLUPPPP|Grass Knot|p1a: Veluza\n|-supereffective|p1a: Veluza\n|-damage|p1a: Veluza|0 fnt\n|faint|p1a: Veluza\n|\n|upkeep\n|\n|t:|1697414075\n|switch|p1a: Spidops|Spidops, F|100\/100\n|-activate|p1a: Spidops|move: Sticky Web\n|-unboost|p1a: Spidops|spe|1\n|turn|6\n|c|\u2606sgrg32|LETS GOOO\n|\n|t:|1697414080\n|switch|p2a: lord shen|Fezandipiti, M|100\/100\n|move|p1a: Spidops|Sticky Web|p2a: lord shen\n|-sidestart|p2: sgrg32|move: Sticky Web\n|\n|upkeep\n|turn|7\n|\n|t:|1697414089\n|move|p2a: lord shen|Beat Up|p1a: Spidops\n|-damage|p1a: Spidops|96\/100\n|-damage|p1a: Spidops|93\/100\n|-damage|p1a: Spidops|90\/100\n|-status|p1a: Spidops|tox|[from] ability: Toxic Chain|[of] p2a: lord shen\n|-damage|p1a: Spidops|86\/100 tox\n|-damage|p1a: Spidops|83\/100 tox\n|-hitcount|p1a: Spidops|5\n|move|p1a: Spidops|Circle Throw|p2a: lord shen\n|-resisted|p2a: lord shen\n|-damage|p2a: lord shen|97\/100\n|drag|p2a: PIPLUPPPP|Piplup, F|100\/100\n|-activate|p2a: PIPLUPPPP|move: Sticky Web\n|-unboost|p2a: PIPLUPPPP|spe|1\n|-ability|p2a: PIPLUPPPP|Competitive|boost\n|-boost|p2a: PIPLUPPPP|spa|2\n|\n|-damage|p1a: Spidops|77\/100 tox|[from] psn\n|upkeep\n|turn|8\n|c|\u2606sgrg32|its time to sweep\n|c|\u2606Buzzwardo|nooooooooooooooo\n|\n|t:|1697414103\n|move|p2a: PIPLUPPPP|Hydro Pump|p1a: Spidops\n|-damage|p1a: Spidops|0 fnt\n|faint|p1a: Spidops\n|\n|upkeep\n|c|\u2606sgrg32|LMFAOOO\n|\n|t:|1697414111\n|switch|p1a: Illumise|Illumise, F|100\/100\n|-activate|p1a: Illumise|move: Sticky Web\n|-unboost|p1a: Illumise|spe|1\n|turn|9\n|c|\u2606sgrg32|MY SPA IS AT 442 RN LMAOO\n|\n|t:|1697414121\n|move|p1a: Illumise|Thunder Wave|p2a: PIPLUPPPP|[miss]\n|-miss|p1a: Illumise|p2a: PIPLUPPPP\n|move|p2a: PIPLUPPPP|Hydro Pump|p1a: Illumise|[miss]\n|-miss|p2a: PIPLUPPPP|p1a: Illumise\n|\n|upkeep\n|turn|10\n|\n|t:|1697414125\n|move|p1a: Illumise|Thunder Wave|p2a: PIPLUPPPP|[miss]\n|-miss|p1a: Illumise|p2a: PIPLUPPPP\n|move|p2a: PIPLUPPPP|Hydro Pump|p1a: Illumise\n|-damage|p1a: Illumise|42\/100\n|\n|upkeep\n|turn|11\n|\n|t:|1697414127\n|move|p1a: Illumise|Thunder Wave|p2a: PIPLUPPPP\n|-status|p2a: PIPLUPPPP|par\n|move|p2a: PIPLUPPPP|Hydro Pump|p1a: Illumise\n|-damage|p1a: Illumise|0 fnt\n|faint|p1a: Illumise\n|\n|upkeep\n|c|\u2606sgrg32|HES STILL BALLIN\n|\n|t:|1697414140\n|switch|p1a: Slaking|Slaking, F|100\/100\n|-activate|p1a: Slaking|move: Sticky Web\n|-unboost|p1a: Slaking|spe|1\n|turn|12\n|c|\u2606sgrg32|oh god oh fuck\n|j| luckypok\n|\n|t:|1697414154\n|switch|p2a: lord shen|Fezandipiti, M|97\/100\n|-activate|p2a: lord shen|move: Sticky Web\n|-unboost|p2a: lord shen|spe|1\n|move|p1a: Slaking|Earthquake|p2a: lord shen\n|-supereffective|p2a: lord shen\n|-damage|p2a: lord shen|3\/100\n|\n|-heal|p2a: lord shen|9\/100|[from] item: Leftovers\n|upkeep\n|turn|13\n|l| luckypok\n|\n|t:|1697414165\n|switch|p1a: Grafaiai|Grafaiai, M|100\/100\n|-activate|p1a: Grafaiai|move: Sticky Web\n|-unboost|p1a: Grafaiai|spe|1\n|move|p2a: lord shen|U-turn|p1a: Grafaiai\n|-resisted|p1a: Grafaiai\n|-damage|p1a: Grafaiai|85\/100\n|\n|t:|1697414170\n|switch|p2a: b-tec sandyshocks|Magneton|100\/100|[from] U-turn\n|-activate|p2a: b-tec sandyshocks|move: Sticky Web\n|-unboost|p2a: b-tec sandyshocks|spe|1\n|\n|upkeep\n|turn|14\n|\n|t:|1697414187\n|move|p1a: Grafaiai|Parting Shot|p2a: b-tec sandyshocks\n|-unboost|p2a: b-tec sandyshocks|atk|1\n|-unboost|p2a: b-tec sandyshocks|spa|1\n|\n|t:|1697414190\n|switch|p1a: Iron Thorns|Iron Thorns|100\/100|[from] Parting Shot\n|-enditem|p1a: Iron Thorns|Booster Energy\n|-activate|p1a: Iron Thorns|ability: Quark Drive|[fromitem]\n|-start|p1a: Iron Thorns|quarkdriveatk\n|-activate|p1a: Iron Thorns|move: Sticky Web\n|-unboost|p1a: Iron Thorns|spe|1\n|move|p2a: b-tec sandyshocks|Flash Cannon|p1a: Iron Thorns\n|-damage|p1a: Iron Thorns|57\/100\n|\n|upkeep\n|turn|15\n|\n|t:|1697414197\n|move|p1a: Iron Thorns|Dragon Dance|p1a: Iron Thorns\n|-boost|p1a: Iron Thorns|atk|1\n|-boost|p1a: Iron Thorns|spe|1\n|move|p2a: b-tec sandyshocks|Flash Cannon|p1a: Iron Thorns\n|-damage|p1a: Iron Thorns|9\/100\n|\n|upkeep\n|turn|16\n|c|\u2606sgrg32|i wish i kept steel beam\n|\n|t:|1697414208\n|move|p1a: Iron Thorns|Rock Blast|p2a: b-tec sandyshocks\n|-resisted|p2a: b-tec sandyshocks\n|-damage|p2a: b-tec sandyshocks|81\/100\n|-resisted|p2a: b-tec sandyshocks\n|-crit|p2a: b-tec sandyshocks\n|-damage|p2a: b-tec sandyshocks|53\/100\n|-resisted|p2a: b-tec sandyshocks\n|-damage|p2a: b-tec sandyshocks|35\/100\n|-hitcount|p2a: b-tec sandyshocks|3\n|move|p2a: b-tec sandyshocks|Flash Cannon|p1a: Iron Thorns\n|-damage|p1a: Iron Thorns|0 fnt\n|faint|p1a: Iron Thorns\n|-end|p1a: Iron Thorns|Quark Drive|[silent]\n|\n|upkeep\n|\n|t:|1697414220\n|switch|p1a: Slaking|Slaking, F|100\/100\n|-activate|p1a: Slaking|move: Sticky Web\n|-unboost|p1a: Slaking|spe|1\n|turn|17\n|\n|t:|1697414226\n|switch|p2a: lord shen|Fezandipiti, M|9\/100\n|-activate|p2a: lord shen|move: Sticky Web\n|-unboost|p2a: lord shen|spe|1\n|move|p1a: Slaking|Throat Chop|p2a: lord shen\n|-resisted|p2a: lord shen\n|-damage|p2a: lord shen|0 fnt\n|faint|p2a: lord shen\n|\n|upkeep\n|\n|t:|1697414232\n|switch|p2a: PIPLUPPPP|Piplup, F|100\/100 par\n|-activate|p2a: PIPLUPPPP|move: Sticky Web\n|-unboost|p2a: PIPLUPPPP|spe|1\n|-ability|p2a: PIPLUPPPP|Competitive|boost\n|-boost|p2a: PIPLUPPPP|spa|2\n|turn|18\n|\n|t:|1697414237\n|switch|p1a: Grafaiai|Grafaiai, M|85\/100\n|-activate|p1a: Grafaiai|move: Sticky Web\n|-unboost|p1a: Grafaiai|spe|1\n|move|p2a: PIPLUPPPP|Hydro Pump|p1a: Grafaiai|[miss]\n|-miss|p2a: PIPLUPPPP|p1a: Grafaiai\n|\n|upkeep\n|turn|19\n|\n|t:|1697414242\n|move|p1a: Grafaiai|Knock Off|p2a: PIPLUPPPP\n|-crit|p2a: PIPLUPPPP\n|-damage|p2a: PIPLUPPPP|6\/100 par\n|-enditem|p2a: PIPLUPPPP|Choice Scarf|[from] move: Knock Off|[of] p1a: Grafaiai\n|move|p2a: PIPLUPPPP|Hydro Pump|p1a: Grafaiai\n|-damage|p1a: Grafaiai|0 fnt\n|faint|p1a: Grafaiai\n|\n|upkeep\n|c|\u2606sgrg32|NOOOO\n|\n|t:|1697414245\n|switch|p1a: Slaking|Slaking, F|100\/100\n|-activate|p1a: Slaking|move: Sticky Web\n|-unboost|p1a: Slaking|spe|1\n|turn|20\n|\n|t:|1697414256\n|switch|p2a: b-tec sandyshocks|Magneton|35\/100\n|-activate|p2a: b-tec sandyshocks|move: Sticky Web\n|-unboost|p2a: b-tec sandyshocks|spe|1\n|move|p1a: Slaking|Throat Chop|p2a: b-tec sandyshocks\n|-damage|p2a: b-tec sandyshocks|0 fnt\n|faint|p2a: b-tec sandyshocks\n|\n|upkeep\n|\n|t:|1697414264\n|switch|p2a: PIPLUPPPP|Piplup, F|6\/100 par\n|-activate|p2a: PIPLUPPPP|move: Sticky Web\n|-unboost|p2a: PIPLUPPPP|spe|1\n|-ability|p2a: PIPLUPPPP|Competitive|boost\n|-boost|p2a: PIPLUPPPP|spa|2\n|turn|21\n|\n|t:|1697414271\n|cant|p1a: Slaking|ability: Truant\n|move|p2a: PIPLUPPPP|Hydro Pump|p1a: Slaking|[miss]\n|-miss|p2a: PIPLUPPPP|p1a: Slaking\n|\n|upkeep\n|turn|22\n|c|\u2606sgrg32|NOOO\n|\n|t:|1697414292\n|switch|p2a: furry bait|Glaceon, F|100\/100\n|-activate|p2a: furry bait|move: Sticky Web\n|-unboost|p2a: furry bait|spe|1\n|-terastallize|p1a: Slaking|Dark\n|move|p1a: Slaking|Throat Chop|p2a: furry bait\n|-damage|p2a: furry bait|54\/100\n|-start|p2a: furry bait|Throat Chop|[silent]\n|\n|-heal|p2a: furry bait|60\/100|[from] item: Leftovers\n|upkeep\n|turn|23\n|\n|t:|1697414302\n|cant|p1a: Slaking|ability: Truant\n|move|p2a: furry bait|Wish|p2a: furry bait\n|\n|-heal|p2a: furry bait|66\/100|[from] item: Leftovers\n|-end|p2a: furry bait|Throat Chop|[silent]\n|upkeep\n|turn|24\n|\n|t:|1697414304\n|move|p2a: furry bait|Protect|p2a: furry bait\n|-singleturn|p2a: furry bait|Protect\n|move|p1a: Slaking|Throat Chop|p2a: furry bait\n|-activate|p2a: furry bait|move: Protect\n|\n|-heal|p2a: furry bait|100\/100|[from] move: Wish|[wisher] furry bait\n|upkeep\n|turn|25\n|\n|t:|1697414306\n|cant|p1a: Slaking|ability: Truant\n|move|p2a: furry bait|Freeze-Dry|p1a: Slaking\n|-damage|p1a: Slaking|65\/100\n|\n|upkeep\n|turn|26\n|\n|t:|1697414309\n|move|p1a: Slaking|Throat Chop|p2a: furry bait\n|-damage|p2a: furry bait|47\/100\n|-start|p2a: furry bait|Throat Chop|[silent]\n|move|p2a: furry bait|Wish|p2a: furry bait\n|\n|-heal|p2a: furry bait|53\/100|[from] item: Leftovers\n|upkeep\n|turn|27\n|\n|t:|1697414323\n|cant|p1a: Slaking|ability: Truant\n|move|p2a: furry bait|Freeze-Dry|p1a: Slaking\n|-crit|p1a: Slaking\n|-damage|p1a: Slaking|18\/100\n|\n|-heal|p2a: furry bait|100\/100|[from] move: Wish|[wisher] furry bait\n|-end|p2a: furry bait|Throat Chop|[silent]\n|upkeep\n|turn|28\n|\n|t:|1697414330\n|move|p1a: Slaking|Throat Chop|p2a: furry bait\n|-damage|p2a: furry bait|50\/100\n|-start|p2a: furry bait|Throat Chop|[silent]\n|move|p2a: furry bait|Wish|p2a: furry bait\n|\n|-heal|p2a: furry bait|56\/100|[from] item: Leftovers\n|upkeep\n|turn|29\n|c|\u2606Buzzwardo|also this is cringe\n|c|\u2606Buzzwardo|smod did change you\n|\n|t:|1697414338\n|cant|p1a: Slaking|ability: Truant\n|move|p2a: furry bait|Wish||[still]\n|-fail|p2a: furry bait\n|\n|-heal|p2a: furry bait|100\/100|[from] move: Wish|[wisher] furry bait\n|-end|p2a: furry bait|Throat Chop|[silent]\n|upkeep\n|turn|30\n|\n|t:|1697414341\n|move|p1a: Slaking|Throat Chop|p2a: furry bait\n|-crit|p2a: furry bait\n|-damage|p2a: furry bait|22\/100\n|-start|p2a: furry bait|Throat Chop|[silent]\n|move|p2a: furry bait|Calm Mind|p2a: furry bait\n|-boost|p2a: furry bait|spa|1\n|-boost|p2a: furry bait|spd|1\n|\n|-heal|p2a: furry bait|28\/100|[from] item: Leftovers\n|upkeep\n|turn|31\n|c|\u2606sgrg32|BRO\n|c|\u2606sgrg32|i want the piplup kill\n|\n|t:|1697414348\n|cant|p1a: Slaking|ability: Truant\n|move|p2a: furry bait|Calm Mind|p2a: furry bait\n|-boost|p2a: furry bait|spa|1\n|-boost|p2a: furry bait|spd|1\n|\n|-heal|p2a: furry bait|34\/100|[from] item: Leftovers\n|-end|p2a: furry bait|Throat Chop|[silent]\n|upkeep\n|turn|32\n|c|\u2606Buzzwardo|you cheat against mint and do this\n|c|\u2606Buzzwardo|look what smod did\n|\n|t:|1697414362\n|move|p1a: Slaking|Throat Chop|p2a: furry bait\n|-damage|p2a: furry bait|0 fnt\n|faint|p2a: furry bait\n|\n|upkeep\n|\n|t:|1697414365\n|switch|p2a: PIPLUPPPP|Piplup, F|6\/100 par\n|-activate|p2a: PIPLUPPPP|move: Sticky Web\n|-unboost|p2a: PIPLUPPPP|spe|1\n|-ability|p2a: PIPLUPPPP|Competitive|boost\n|-boost|p2a: PIPLUPPPP|spa|2\n|turn|33\n|player|p1|\n|n|+Buzzwardo|buzzwardo\n||Invite sent to ayafungamer!\n|j| ayafungamer\n|n|\u2606ayafungamer|ayafungamer\n|n|\u2606ayafungamer|ayafungamer\n|player|p1|ayafungamer|170\n|player|p1|ayafungamer|170\n|player|p1|ayafungamer|170|\n|c|\u2606sgrg32|what\n|l|+Buzzwardo\n|c|\u2606ayafungamer|YOU ARE NOT READY\n|j|+Buzzwardo\n|c|+Buzzwardo|legal sub\n|c|\u2606sgrg32|wait\n|c|\u2606sgrg32|what\n|c|\u2606ayafungamer|this guy doesnt know\\\n|\n|t:|1697414560\n|cant|p1a: Slaking|ability: Truant\n|move|p2a: PIPLUPPPP|Hydro Pump|p1a: Slaking|[miss]\n|-miss|p2a: PIPLUPPPP|p1a: Slaking\n|\n|upkeep\n|turn|34\n|c|\u2606sgrg32|NOOO\n|\n|t:|1697414581\n|switch|p2a: ice spice|Sinistcha|100\/100\n|-activate|p2a: ice spice|move: Sticky Web\n|-unboost|p2a: ice spice|spe|1\n|move|p1a: Slaking|Throat Chop|p2a: ice spice\n|-supereffective|p2a: ice spice\n|-enditem|p2a: ice spice|Focus Sash\n|-damage|p2a: ice spice|1\/100\n|-start|p2a: ice spice|Throat Chop|[silent]\n|\n|upkeep\n|turn|35\n|\n|t:|1697414599\n|cant|p1a: Slaking|ability: Truant\n|move|p2a: ice spice|Scald|p1a: Slaking\n|-damage|p1a: Slaking|0 fnt\n|faint|p1a: Slaking\n|\n|win|sgrg32\n|j| Ch3sc0\n|c|\u2606sgrg32|gg buzz\n|c|\u2606ayafungamer|man\n|c|+Buzzwardo|aya lost not me\n|c|\u2606ayafungamer|mb buzz\n|c| Ch3sc0|bro you did not beat buzz\n|c| Ch3sc0|you beat aya\n|l|+Buzzwardo\n|l| Ch3sc0\n","uploadtime":1697414759,"views":36,"p1id":"ayafungamer","p2id":"sgrg32","formatid":"gen9ubers","rating":0,"private":0,"password":""}