{"id":"gen9ubers-1972017075","p1":"ThePlumber7","p2":"SEUIf","format":"[Gen 9] Ubers","log":"|j|\u2606ThePlumber7\n|j|\u2606SEUIf\n|t:|1697805202\n|gametype|singles\n|player|p1|ThePlumber7|pokemonranger-gen4|1268\n|player|p2|SEUIf|ingo-hisui|1174\n|teamsize|p1|6\n|teamsize|p2|6\n|gen|9\n|tier|[Gen 9] Ubers\n|rated|\n|rule|Sleep Clause Mod: Limit one foe put to sleep\n|rule|Species Clause: Limit one of each Pok\u00e9mon\n|rule|OHKO Clause: OHKO moves are banned\n|rule|Evasion Items Clause: Evasion items are banned\n|rule|Evasion Moves Clause: Evasion moves are banned\n|rule|Endless Battle Clause: Forcing endless battles is banned\n|rule|HP Percentage Mod: HP is shown in percentages\n|clearpoke\n|poke|p1|Ursaluna-Bloodmoon, M|\n|poke|p1|Zacian-*|\n|poke|p1|Arceus-Fairy|\n|poke|p1|Toxapex, F|\n|poke|p1|Cloyster, F|\n|poke|p1|Skeledirge, F|\n|poke|p2|Kingambit, F|\n|poke|p2|Miraidon|\n|poke|p2|Iron Bundle|\n|poke|p2|Ting-Lu|\n|poke|p2|Skeledirge, F|\n|poke|p2|Corviknight, M|\n|teampreview\n|c|\u2606ThePlumber7|gl hf\n|inactive|Battle timer is ON: inactive players will automatically lose when time's up. (requested by ThePlumber7)\n|\n|t:|1697805285\n|start\n|switch|p1a: Zacian|Zacian-Crowned|100\/100\n|switch|p2a: Corviknight|Corviknight, M|100\/100\n|-ability|p1a: Zacian|Intrepid Sword|boost\n|-boost|p1a: Zacian|atk|1\n|-ability|p2a: Corviknight|Pressure\n|turn|1\n|\n|t:|1697805295\n|switch|p2a: Skeledirge|Skeledirge, F|100\/100\n|move|p1a: Zacian|Swords Dance|p1a: Zacian\n|-boost|p1a: Zacian|atk|2\n|\n|upkeep\n|turn|2\n|\n|t:|1697805300\n|switch|p1a: Toxapex|Toxapex, F|100\/100\n|move|p2a: Skeledirge|Will-O-Wisp|p1a: Toxapex\n|-status|p1a: Toxapex|brn\n|\n|-damage|p1a: Toxapex|95\/100 brn|[from] brn\n|upkeep\n|turn|3\n|\n|t:|1697805305\n|switch|p2a: Corviknight|Corviknight, M|100\/100\n|-ability|p2a: Corviknight|Pressure\n|move|p1a: Toxapex|Substitute|p1a: Toxapex\n|-start|p1a: Toxapex|Substitute\n|-damage|p1a: Toxapex|70\/100 brn\n|\n|-heal|p1a: Toxapex|76\/100 brn|[from] item: Leftovers\n|-damage|p1a: Toxapex|70\/100 brn|[from] brn\n|upkeep\n|turn|4\n|\n|t:|1697805312\n|move|p2a: Corviknight|U-turn|p1a: Toxapex\n|-resisted|p1a: Toxapex\n|-activate|p1a: Toxapex|move: Substitute|[damage]\n|\n|t:|1697805316\n|switch|p2a: Ting-Lu|Ting-Lu|100\/100|[from] U-turn\n|-ability|p2a: Ting-Lu|Vessel of Ruin\n|move|p1a: Toxapex|Infestation|p2a: Ting-Lu\n|-supereffective|p2a: Ting-Lu\n|-damage|p2a: Ting-Lu|98\/100\n|-activate|p2a: Ting-Lu|move: Infestation|[of] p1a: Toxapex\n|\n|-heal|p2a: Ting-Lu|100\/100|[from] item: Leftovers\n|-heal|p1a: Toxapex|76\/100 brn|[from] item: Leftovers\n|-damage|p1a: Toxapex|70\/100 brn|[from] brn\n|-damage|p2a: Ting-Lu|88\/100|[from] move: Infestation|[partiallytrapped]\n|upkeep\n|turn|5\n|\n|t:|1697805323\n|move|p1a: Toxapex|Toxic|p2a: Ting-Lu\n|-status|p2a: Ting-Lu|tox\n|move|p2a: Ting-Lu|Whirlwind|p1a: Toxapex\n|drag|p1a: Zacian|Zacian-Crowned|100\/100\n|\n|-heal|p2a: Ting-Lu|94\/100 tox|[from] item: Leftovers\n|-damage|p2a: Ting-Lu|88\/100 tox|[from] psn\n|-end|p2a: Ting-Lu|Infestation|[partiallytrapped]|[silent]\n|upkeep\n|turn|6\n|\n|t:|1697805333\n|switch|p2a: Corviknight|Corviknight, M|100\/100\n|-ability|p2a: Corviknight|Pressure\n|move|p1a: Zacian|Swords Dance|p1a: Zacian\n|-boost|p1a: Zacian|atk|2\n|\n|upkeep\n|turn|7\n|\n|t:|1697805339\n|move|p1a: Zacian|Ice Fang|p2a: Corviknight\n|-damage|p2a: Corviknight|69\/100\n|move|p2a: Corviknight|U-turn|p1a: Zacian\n|-resisted|p1a: Zacian\n|-damage|p1a: Zacian|97\/100\n|\n|t:|1697805344\n|switch|p2a: Skeledirge|Skeledirge, F|100\/100|[from] U-turn\n|\n|upkeep\n|turn|8\n|\n|t:|1697805350\n|switch|p1a: Ursaluna|Ursaluna-Bloodmoon, M|100\/100\n|move|p2a: Skeledirge|Hex|p1a: Ursaluna\n|-immune|p1a: Ursaluna\n|\n|upkeep\n|turn|9\n|\n|t:|1697805359\n|switch|p2a: Corviknight|Corviknight, M|69\/100\n|-ability|p2a: Corviknight|Pressure\n|move|p1a: Ursaluna|Earth Power|p2a: Corviknight\n|-immune|p2a: Corviknight\n|\n|-heal|p2a: Corviknight|75\/100|[from] item: Leftovers\n|upkeep\n|turn|10\n|\n|t:|1697805364\n|move|p2a: Corviknight|Body Press|p1a: Ursaluna\n|-supereffective|p1a: Ursaluna\n|-damage|p1a: Ursaluna|68\/100\n|move|p1a: Ursaluna|Blood Moon|p2a: Corviknight\n|-resisted|p2a: Corviknight\n|-damage|p2a: Corviknight|40\/100\n|\n|-heal|p2a: Corviknight|46\/100|[from] item: Leftovers\n|-heal|p1a: Ursaluna|74\/100|[from] item: Leftovers\n|upkeep\n|turn|11\n|\n|t:|1697805373\n|move|p2a: Corviknight|Body Press|p1a: Ursaluna\n|-supereffective|p1a: Ursaluna\n|-damage|p1a: Ursaluna|42\/100\n|move|p1a: Ursaluna|Moonlight|p1a: Ursaluna\n|-heal|p1a: Ursaluna|92\/100\n|\n|-heal|p2a: Corviknight|52\/100|[from] item: Leftovers\n|-heal|p1a: Ursaluna|98\/100|[from] item: Leftovers\n|upkeep\n|turn|12\n|\n|t:|1697805378\n|move|p2a: Corviknight|Roost|p2a: Corviknight\n|-heal|p2a: Corviknight|100\/100\n|-singleturn|p2a: Corviknight|move: Roost\n|move|p1a: Ursaluna|Blood Moon|p2a: Corviknight\n|-resisted|p2a: Corviknight\n|-crit|p2a: Corviknight\n|-damage|p2a: Corviknight|51\/100\n|\n|-heal|p2a: Corviknight|57\/100|[from] item: Leftovers\n|-heal|p1a: Ursaluna|100\/100|[from] item: Leftovers\n|upkeep\n|turn|13\n|\n|t:|1697805384\n|move|p1a: Ursaluna|Protect|p1a: Ursaluna\n|-singleturn|p1a: Ursaluna|Protect\n|move|p2a: Corviknight|Body Press|p1a: Ursaluna\n|-activate|p1a: Ursaluna|move: Protect\n|\n|-heal|p2a: Corviknight|63\/100|[from] item: Leftovers\n|upkeep\n|turn|14\n|\n|t:|1697805388\n|move|p2a: Corviknight|Body Press|p1a: Ursaluna\n|-supereffective|p1a: Ursaluna\n|-damage|p1a: Ursaluna|69\/100\n|move|p1a: Ursaluna|Blood Moon|p2a: Corviknight\n|-resisted|p2a: Corviknight\n|-damage|p2a: Corviknight|25\/100\n|\n|-heal|p2a: Corviknight|31\/100|[from] item: Leftovers\n|-heal|p1a: Ursaluna|75\/100|[from] item: Leftovers\n|upkeep\n|turn|15\n|\n|t:|1697805394\n|move|p2a: Corviknight|Roost|p2a: Corviknight\n|-heal|p2a: Corviknight|81\/100\n|-singleturn|p2a: Corviknight|move: Roost\n|move|p1a: Ursaluna|Moonlight|p1a: Ursaluna\n|-heal|p1a: Ursaluna|100\/100\n|\n|-heal|p2a: Corviknight|87\/100|[from] item: Leftovers\n|upkeep\n|turn|16\n|\n|t:|1697805399\n|move|p2a: Corviknight|U-turn|p1a: Ursaluna\n|-damage|p1a: Ursaluna|91\/100\n|\n|t:|1697805402\n|switch|p2a: Ting-Lu|Ting-Lu|88\/100 tox|[from] U-turn\n|-ability|p2a: Ting-Lu|Vessel of Ruin\n|move|p1a: Ursaluna|Blood Moon|p2a: Ting-Lu\n|-damage|p2a: Ting-Lu|57\/100 tox\n|\n|-heal|p2a: Ting-Lu|63\/100 tox|[from] item: Leftovers\n|-heal|p1a: Ursaluna|97\/100|[from] item: Leftovers\n|-damage|p2a: Ting-Lu|57\/100 tox|[from] psn\n|upkeep\n|turn|17\n|\n|t:|1697805411\n|move|p1a: Ursaluna|Earth Power|p2a: Ting-Lu\n|-damage|p2a: Ting-Lu|36\/100 tox\n|move|p2a: Ting-Lu|Stealth Rock|p1a: Ursaluna\n|-sidestart|p1: ThePlumber7|move: Stealth Rock\n|\n|-heal|p1a: Ursaluna|100\/100|[from] item: Leftovers\n|-heal|p2a: Ting-Lu|43\/100 tox|[from] item: Leftovers\n|-damage|p2a: Ting-Lu|30\/100 tox|[from] psn\n|upkeep\n|turn|18\n|\n|t:|1697805423\n|move|p2a: Ting-Lu|Spikes|p1a: Ursaluna\n|-sidestart|p1: ThePlumber7|Spikes\n|move|p1a: Ursaluna|Blood Moon|p2a: Ting-Lu\n|-crit|p2a: Ting-Lu\n|-damage|p2a: Ting-Lu|0 fnt\n|faint|p2a: Ting-Lu\n|\n|upkeep\n|\n|t:|1697805430\n|switch|p2a: Iron Bundle|Iron Bundle|100\/100\n|turn|19\n|\n|t:|1697805443\n|switch|p1a: Arceus|Arceus-Fairy|100\/100\n|-damage|p1a: Arceus|88\/100|[from] Stealth Rock\n|-damage|p1a: Arceus|76\/100|[from] Spikes\n|move|p2a: Iron Bundle|Hydro Pump|p1a: Arceus\n|-damage|p1a: Arceus|40\/100\n|\n|upkeep\n|turn|20\n|\n|t:|1697805453\n|-end|p2a: Iron Bundle|Quark Drive|[silent]\n|switch|p2a: Skeledirge|Skeledirge, F|100\/100\n|move|p1a: Arceus|Recover|p1a: Arceus\n|-heal|p1a: Arceus|90\/100\n|\n|upkeep\n|turn|21\n|\n|t:|1697805459\n|move|p1a: Arceus|Cosmic Power|p1a: Arceus\n|-boost|p1a: Arceus|def|1\n|-boost|p1a: Arceus|spd|1\n|move|p2a: Skeledirge|Will-O-Wisp|p1a: Arceus\n|-status|p1a: Arceus|brn\n|\n|-damage|p1a: Arceus|84\/100 brn|[from] brn\n|upkeep\n|turn|22\n|\n|t:|1697805464\n|move|p1a: Arceus|Cosmic Power|p1a: Arceus\n|-boost|p1a: Arceus|def|1\n|-boost|p1a: Arceus|spd|1\n|move|p2a: Skeledirge|Torch Song|p1a: Arceus\n|-damage|p1a: Arceus|66\/100 brn\n|-boost|p2a: Skeledirge|spa|1\n|\n|-damage|p1a: Arceus|60\/100 brn|[from] brn\n|upkeep\n|turn|23\n|\n|t:|1697805471\n|move|p1a: Arceus|Recover|p1a: Arceus\n|-heal|p1a: Arceus|100\/100 brn\n|move|p2a: Skeledirge|Hex|p1a: Arceus\n|-damage|p1a: Arceus|50\/100 brn\n|\n|-damage|p1a: Arceus|44\/100 brn|[from] brn\n|upkeep\n|turn|24\n|\n|t:|1697805475\n|move|p1a: Arceus|Recover|p1a: Arceus\n|-heal|p1a: Arceus|94\/100 brn\n|move|p2a: Skeledirge|Hex|p1a: Arceus\n|-damage|p1a: Arceus|47\/100 brn\n|\n|-damage|p1a: Arceus|40\/100 brn|[from] brn\n|upkeep\n|turn|25\n|\n|t:|1697805480\n|move|p1a: Arceus|Judgment|p2a: Skeledirge\n|-resisted|p2a: Skeledirge\n|-damage|p2a: Skeledirge|77\/100\n|move|p2a: Skeledirge|Hex|p1a: Arceus\n|-damage|p1a: Arceus|0 fnt\n|faint|p1a: Arceus\n|\n|upkeep\n|\n|t:|1697805484\n|switch|p1a: Toxapex|Toxapex, F|100\/100 brn\n|-damage|p1a: Toxapex|88\/100 brn|[from] Stealth Rock\n|-damage|p1a: Toxapex|76\/100 brn|[from] Spikes\n|turn|26\n|\n|t:|1697805505\n|move|p2a: Skeledirge|Hex|p1a: Toxapex\n|-damage|p1a: Toxapex|18\/100 brn\n|move|p1a: Toxapex|Substitute|p1a: Toxapex\n|-fail|p1a: Toxapex|move: Substitute|[weak]\n|\n|-heal|p1a: Toxapex|24\/100 brn|[from] item: Leftovers\n|-damage|p1a: Toxapex|18\/100 brn|[from] brn\n|upkeep\n|turn|27\n|\n|t:|1697805511\n|move|p2a: Skeledirge|Hex|p1a: Toxapex\n|-crit|p1a: Toxapex\n|-damage|p1a: Toxapex|0 fnt\n|faint|p1a: Toxapex\n|\n|upkeep\n|\n|t:|1697805514\n|switch|p1a: Ursaluna|Ursaluna-Bloodmoon, M|100\/100\n|-damage|p1a: Ursaluna|94\/100|[from] Stealth Rock\n|-damage|p1a: Ursaluna|82\/100|[from] Spikes\n|turn|28\n|\n|t:|1697805531\n|switch|p2a: Corviknight|Corviknight, M|87\/100\n|-ability|p2a: Corviknight|Pressure\n|move|p1a: Ursaluna|Earth Power|p2a: Corviknight\n|-immune|p2a: Corviknight\n|\n|-heal|p2a: Corviknight|94\/100|[from] item: Leftovers\n|-heal|p1a: Ursaluna|88\/100|[from] item: Leftovers\n|upkeep\n|turn|29\n|\n|t:|1697805538\n|switch|p1a: Skeledirge|Skeledirge, F|100\/100\n|-damage|p1a: Skeledirge|75\/100|[from] Stealth Rock\n|-damage|p1a: Skeledirge|63\/100|[from] Spikes\n|move|p2a: Corviknight|Body Press|p1a: Skeledirge\n|-immune|p1a: Skeledirge\n|\n|-heal|p2a: Corviknight|99\/100|[from] item: Leftovers\n|-heal|p1a: Skeledirge|69\/100|[from] item: Leftovers\n|upkeep\n|turn|30\n|\n|t:|1697805544\n|switch|p2a: Miraidon|Miraidon|100\/100\n|-fieldstart|move: Electric Terrain|[from] ability: Hadron Engine|[of] p2a: Miraidon\n|move|p1a: Skeledirge|Will-O-Wisp|p2a: Miraidon|[miss]\n|-miss|p1a: Skeledirge|p2a: Miraidon\n|\n|-heal|p1a: Skeledirge|75\/100|[from] item: Leftovers\n|upkeep\n|turn|31\n|\n|t:|1697805551\n|move|p2a: Miraidon|Draco Meteor|p1a: Skeledirge\n|-damage|p1a: Skeledirge|0 fnt\n|-unboost|p2a: Miraidon|spa|2\n|faint|p1a: Skeledirge\n|\n|upkeep\n|\n|t:|1697805554\n|switch|p1a: Cloyster|Cloyster, F|100\/100\n|-damage|p1a: Cloyster|76\/100|[from] Stealth Rock\n|-damage|p1a: Cloyster|63\/100|[from] Spikes\n|turn|32\n|\n|t:|1697805558\n|switch|p2a: Iron Bundle|Iron Bundle|100\/100\n|-activate|p2a: Iron Bundle|ability: Quark Drive\n|-start|p2a: Iron Bundle|quarkdrivespe\n|move|p1a: Cloyster|Ice Shard|p2a: Iron Bundle\n|-resisted|p2a: Iron Bundle\n|-damage|p2a: Iron Bundle|95\/100\n|\n|upkeep\n|turn|33\n|\n|t:|1697805564\n|move|p2a: Iron Bundle|Encore|p1a: Cloyster\n|-start|p1a: Cloyster|Encore\n|move|p1a: Cloyster|Ice Shard|p2a: Iron Bundle\n|-resisted|p2a: Iron Bundle\n|-damage|p2a: Iron Bundle|89\/100\n|\n|upkeep\n|turn|34\n|\n|t:|1697805571\n|switch|p1a: Zacian|Zacian-Crowned|97\/100\n|-damage|p1a: Zacian|91\/100|[from] Stealth Rock\n|-damage|p1a: Zacian|78\/100|[from] Spikes\n|move|p2a: Iron Bundle|Hydro Pump|p1a: Zacian\n|-damage|p1a: Zacian|24\/100\n|\n|-fieldend|move: Electric Terrain\n|-end|p2a: Iron Bundle|Quark Drive\n|upkeep\n|turn|35\n|\n|t:|1697805579\n|-end|p2a: Iron Bundle|Quark Drive|[silent]\n|switch|p2a: Corviknight|Corviknight, M|99\/100\n|-ability|p2a: Corviknight|Pressure\n|move|p1a: Zacian|Behemoth Blade|p2a: Corviknight\n|-resisted|p2a: Corviknight\n|-damage|p2a: Corviknight|81\/100\n|\n|-heal|p2a: Corviknight|87\/100|[from] item: Leftovers\n|upkeep\n|turn|36\n|-message|ThePlumber7 forfeited.\n|\n|win|SEUIf\n|raw|ThePlumber7's rating: 1268 &rarr; <strong>1236<\/strong><br \/>(-32 for losing)\n|raw|SEUIf's rating: 1174 &rarr; <strong>1206<\/strong><br \/>(+32 for winning)\n|l|\u2606ThePlumber7\n|c|\u2606SEUIf|gg\n","uploadtime":1697805593,"views":12,"p1id":"theplumber7","p2id":"seuif","formatid":"gen9ubers","rating":1206,"private":0,"password":""}