{"id":"gen9ubers-1991686577","p1":"Taka","p2":"Cool Guy Boruto","format":"[Gen 9] Ubers","log":"|j|\u2606Taka\n|j|\u2606Cool Guy Boruto\n|t:|1700102629\n|gametype|singles\n|player|p1|Taka|#bssplviiidavesdragonairs|\n|player|p2|Cool Guy Boruto|2|\n|teamsize|p1|6\n|teamsize|p2|6\n|gen|9\n|tier|[Gen 9] Ubers\n|rated|Tournament battle\n|rule|Sleep Clause Mod: Limit one foe put to sleep\n|rule|Species Clause: Limit one of each Pok\u00e9mon\n|rule|OHKO Clause: OHKO moves are banned\n|rule|Evasion Items Clause: Evasion items are banned\n|rule|Evasion Moves Clause: Evasion moves are banned\n|rule|Endless Battle Clause: Forcing endless battles is banned\n|rule|HP Percentage Mod: HP is shown in percentages\n|\n|t:|1700102629\n|start\n|switch|p1a: Koraidon|Koraidon|100\/100\n|switch|p2a: Ribombee|Ribombee, M|100\/100\n|-weather|SunnyDay|[from] ability: Orichalcum Pulse|[of] p1a: Koraidon\n|-activate|p1a: Koraidon|Orichalcum Pulse|[source]\n|turn|1\n|inactive|Battle timer is ON: inactive players will automatically lose when time's up. (requested by Taka)\n|inactive|Cool Guy Boruto also wants the timer to be on.\n|j|+corvere\u2665\n|j| rookierobbie\n|\n|t:|1700102636\n|move|p1a: Koraidon|U-turn|p2a: Ribombee\n|-resisted|p2a: Ribombee\n|-damage|p2a: Ribombee|66\/100\n|\n|t:|1700102639\n|switch|p1a: Miraidon|Miraidon|100\/100|[from] U-turn\n|-fieldstart|move: Electric Terrain|[from] ability: Hadron Engine|[of] p1a: Miraidon\n|move|p2a: Ribombee|Tailwind|p2a: Ribombee\n|-sidestart|p2: Cool Guy Boruto|move: Tailwind\n|\n|-weather|SunnyDay|[upkeep]\n|upkeep\n|turn|2\n|j| StandinOnBusiness\n|\n|t:|1700102645\n|move|p2a: Ribombee|Sticky Web|p1a: Miraidon\n|-sidestart|p1: Taka|move: Sticky Web\n|move|p1a: Miraidon|Volt Switch|p2a: Ribombee\n|-damage|p2a: Ribombee|0 fnt\n|faint|p2a: Ribombee\n|\n|t:|1700102647\n|switch|p1a: Giratina|Giratina-Origin|100\/100|[from] Volt Switch\n|\n|-weather|SunnyDay|[upkeep]\n|upkeep\n|\n|t:|1700102659\n|switch|p2a: Arceus|Arceus|100\/100\n|turn|3\n|n| jajahan|standinonbusiness\n|\n|t:|1700102666\n|move|p2a: Arceus|Taunt|p1a: Giratina\n|-start|p1a: Giratina|move: Taunt\n|move|p1a: Giratina|Draco Meteor|p2a: Arceus\n|-damage|p2a: Arceus|51\/100\n|-unboost|p1a: Giratina|spa|2\n|\n|-weather|SunnyDay|[upkeep]\n|upkeep\n|turn|4\n|\n|t:|1700102671\n|switch|p1a: Skeledirge|Skeledirge, F|100\/100\n|move|p2a: Arceus|Swords Dance|p2a: Arceus\n|-boost|p2a: Arceus|atk|2\n|\n|-weather|SunnyDay|[upkeep]\n|-sideend|p2: Cool Guy Boruto|move: Tailwind\n|upkeep\n|turn|5\n|\n|t:|1700102677\n|move|p2a: Arceus|Taunt|p1a: Skeledirge\n|-start|p1a: Skeledirge|move: Taunt\n|move|p1a: Skeledirge|Torch Song|p2a: Arceus\n|-damage|p2a: Arceus|17\/100\n|-boost|p1a: Skeledirge|spa|1\n|\n|-weather|none\n|-fieldend|move: Electric Terrain\n|upkeep\n|turn|6\n|\n|t:|1700102681\n|move|p2a: Arceus|Shadow Claw|p1a: Skeledirge\n|-supereffective|p1a: Skeledirge\n|-damage|p1a: Skeledirge|72\/100\n|move|p1a: Skeledirge|Torch Song|p2a: Arceus\n|-damage|p2a: Arceus|0 fnt\n|-boost|p1a: Skeledirge|spa|1\n|faint|p2a: Arceus\n|\n|upkeep\n|\n|t:|1700102690\n|switch|p2a: Miraidon|Miraidon|100\/100\n|-fieldstart|move: Electric Terrain|[from] ability: Hadron Engine|[of] p2a: Miraidon\n|turn|7\n|\n|t:|1700102695\n|move|p2a: Miraidon|Draco Meteor|p1a: Skeledirge\n|-damage|p1a: Skeledirge|0 fnt\n|-unboost|p2a: Miraidon|spa|2\n|faint|p1a: Skeledirge\n|-damage|p2a: Miraidon|91\/100|[from] item: Life Orb\n|\n|upkeep\n|\n|t:|1700102699\n|switch|p1a: Giratina|Giratina-Origin|100\/100\n|turn|8\n|\n|t:|1700102701\n|-terastallize|p1a: Giratina|Steel\n|move|p2a: Miraidon|Taunt|p1a: Giratina\n|-start|p1a: Giratina|move: Taunt\n|cant|p1a: Giratina|move: Taunt|Defog\n|\n|upkeep\n|turn|9\n|\n|t:|1700102710\n|switch|p2a: Zacian|Zacian-Crowned|100\/100\n|-ability|p2a: Zacian|Intrepid Sword|boost\n|-boost|p2a: Zacian|atk|1\n|move|p1a: Giratina|Draco Meteor|p2a: Zacian\n|-immune|p2a: Zacian\n|\n|upkeep\n|turn|10\n|\n|t:|1700102726\n|switch|p2a: Miraidon|Miraidon|91\/100\n|-activate|p2a: Miraidon|ability: Hadron Engine\n|move|p1a: Giratina|Poltergeist|p2a: Miraidon\n|-activate|p2a: Miraidon|move: Poltergeist|Life Orb\n|-damage|p2a: Miraidon|20\/100\n|\n|-end|p1a: Giratina|move: Taunt\n|upkeep\n|turn|11\n|\n|t:|1700102730\n|move|p1a: Giratina|Shadow Sneak|p2a: Miraidon\n|-damage|p2a: Miraidon|0 fnt\n|faint|p2a: Miraidon\n|\n|-fieldend|move: Electric Terrain\n|upkeep\n|c|\u2606Taka|the funniest shit is that\n|c|\u2606Taka|i can kinda tell exactly how this team is gonna look\n|\n|t:|1700102744\n|switch|p2a: Eternatus|Eternatus|100\/100\n|-ability|p2a: Eternatus|Pressure\n|turn|12\n|\n|t:|1700102748\n|move|p2a: Eternatus|Agility|p2a: Eternatus\n|-boost|p2a: Eternatus|spe|2\n|move|p1a: Giratina|Draco Meteor|p2a: Eternatus\n|-supereffective|p2a: Eternatus\n|-damage|p2a: Eternatus|0 fnt\n|-unboost|p1a: Giratina|spa|2\n|faint|p2a: Eternatus\n|\n|upkeep\n|\n|t:|1700102755\n|switch|p2a: Mewtwo|Mewtwo|100\/100\n|-ability|p2a: Mewtwo|Pressure\n|turn|13\n|\n|t:|1700102758\n|move|p2a: Mewtwo|Fire Blast|p1a: Giratina\n|-supereffective|p1a: Giratina\n|-damage|p1a: Giratina|12\/100\n|-damage|p2a: Mewtwo|91\/100|[from] item: Life Orb\n|move|p1a: Giratina|Poltergeist|p2a: Mewtwo\n|-activate|p2a: Mewtwo|move: Poltergeist|Life Orb\n|-supereffective|p2a: Mewtwo\n|-damage|p2a: Mewtwo|0 fnt\n|faint|p2a: Mewtwo\n|\n|upkeep\n|\n|t:|1700102761\n|switch|p2a: Zacian|Zacian-Crowned|100\/100\n|turn|14\n|\n|t:|1700102764\n|move|p2a: Zacian|Behemoth Blade|p1a: Giratina\n|-resisted|p1a: Giratina\n|-damage|p1a: Giratina|0 fnt\n|faint|p1a: Giratina\n|\n|upkeep\n|\n|t:|1700102772\n|switch|p1a: Clodsire|Clodsire, M|100\/100\n|-activate|p1a: Clodsire|move: Sticky Web\n|-unboost|p1a: Clodsire|spe|1\n|turn|15\n|\n|t:|1700102776\n|-terastallize|p2a: Zacian|Flying\n|move|p2a: Zacian|Swords Dance|p2a: Zacian\n|-boost|p2a: Zacian|atk|2\n|move|p1a: Clodsire|Earthquake|p2a: Zacian\n|-immune|p2a: Zacian\n|\n|upkeep\n|turn|16\n|\n|t:|1700102781\n|move|p2a: Zacian|Behemoth Blade|p1a: Clodsire\n|-damage|p1a: Clodsire|0 fnt\n|faint|p1a: Clodsire\n|\n|upkeep\n|\n|t:|1700102783\n|switch|p1a: Arceus|Arceus|100\/100\n|-activate|p1a: Arceus|move: Sticky Web\n|-unboost|p1a: Arceus|spe|1\n|turn|17\n|\n|t:|1700102788\n|move|p2a: Zacian|Behemoth Blade|p1a: Arceus\n|-damage|p1a: Arceus|17\/100\n|move|p1a: Arceus|Swords Dance|p1a: Arceus\n|-boost|p1a: Arceus|atk|2\n|\n|upkeep\n|turn|18\n|\n|t:|1700102790\n|move|p1a: Arceus|Extreme Speed|p2a: Zacian\n|-damage|p2a: Zacian|3\/100\n|move|p2a: Zacian|Behemoth Blade|p1a: Arceus\n|-damage|p1a: Arceus|0 fnt\n|faint|p1a: Arceus\n|\n|upkeep\n|c|\u2606Taka|gg\n|-message|Taka forfeited.\n|\n|win|Cool Guy Boruto\n|n|\u2606Taka|taka\n|n|\u2606Cool Guy Boruto|coolguyboruto\n|n| corvere\u2665|corvere\n|n| rookierobbie|rookierobbie\n|n| jajahan|jajahan\n|l|\u2606Taka\n|l| corvere\u2665\n|c|\u2606Cool Guy Boruto|gg\n","uploadtime":1700102807,"views":10,"p1id":"taka","p2id":"coolguyboruto","formatid":"gen9ubers","rating":0,"private":0,"password":""}