{"id":"gen9ubers-1982157786","p1":"wamkou","p2":"ackillin","format":"[Gen 9] Ubers","log":"|j|\u2606wamkou\n|j|\u2606ackillin\n|t:|1698973835\n|gametype|singles\n|player|p1|wamkou|elesa-masters2|\n|player|p2|ackillin|aromalady|\n|teamsize|p1|6\n|teamsize|p2|6\n|gen|9\n|tier|[Gen 9] Ubers\n|rule|Sleep Clause Mod: Limit one foe put to sleep\n|rule|Species Clause: Limit one of each Pok\u00e9mon\n|rule|OHKO Clause: OHKO moves are banned\n|rule|Evasion Items Clause: Evasion items are banned\n|rule|Evasion Moves Clause: Evasion moves are banned\n|rule|Endless Battle Clause: Forcing endless battles is banned\n|rule|HP Percentage Mod: HP is shown in percentages\n|clearpoke\n|poke|p1|Scizor, F|\n|poke|p1|Heatran, M|\n|poke|p1|Palkia-Origin|\n|poke|p1|Palafin, F|\n|poke|p1|Magearna|\n|poke|p1|Zacian-*|\n|poke|p2|Magearna|\n|poke|p2|Baxcalibur, F|\n|poke|p2|Ninetales-Alola, F|\n|poke|p2|Landorus, M|\n|poke|p2|Ursaluna-Bloodmoon, M|\n|poke|p2|Kommo-o, M|\n|teampreview\n|c|\u2606ackillin|hello hello lets go round 2 ez\n|\n|t:|1698973861\n|start\n|switch|p1a: Scizor|Scizor, F, shiny|100\/100\n|switch|p2a: Say it ain't so|Kommo-o, M|100\/100\n|turn|1\n|\n|t:|1698973877\n|switch|p1a: Heatran|Heatran, M|100\/100\n|move|p2a: Say it ain't so|Clangorous Soul|p2a: Say it ain't so\n|-boost|p2a: Say it ain't so|atk|1\n|-boost|p2a: Say it ain't so|def|1\n|-boost|p2a: Say it ain't so|spa|1\n|-boost|p2a: Say it ain't so|spd|1\n|-boost|p2a: Say it ain't so|spe|1\n|-damage|p2a: Say it ain't so|68\/100\n|-enditem|p2a: Say it ain't so|Throat Spray\n|-boost|p2a: Say it ain't so|spa|1|[from] item: Throat Spray\n|\n|upkeep\n|turn|2\n|\n|t:|1698973897\n|move|p2a: Say it ain't so|Boomburst|p1a: Heatran\n|-resisted|p1a: Heatran\n|-damage|p1a: Heatran|74\/100\n|move|p1a: Heatran|Magma Storm|p2a: Say it ain't so\n|-resisted|p2a: Say it ain't so\n|-damage|p2a: Say it ain't so|50\/100\n|-activate|p2a: Say it ain't so|move: Magma Storm|[of] p1a: Heatran\n|\n|-heal|p1a: Heatran|80\/100|[from] item: Leftovers\n|-damage|p2a: Say it ain't so|38\/100|[from] move: Magma Storm|[partiallytrapped]\n|upkeep\n|turn|3\n|\n|t:|1698973912\n|move|p2a: Say it ain't so|Clanging Scales|p1a: Heatran\n|-resisted|p1a: Heatran\n|-damage|p1a: Heatran|52\/100\n|-unboost|p2a: Say it ain't so|def|1\n|move|p1a: Heatran|Earth Power|p2a: Say it ain't so\n|-damage|p2a: Say it ain't so|16\/100\n|\n|-heal|p1a: Heatran|58\/100|[from] item: Leftovers\n|-damage|p2a: Say it ain't so|4\/100|[from] move: Magma Storm|[partiallytrapped]\n|upkeep\n|turn|4\n|c|\u2606ackillin|I swear I know my type matchups\n|\n|t:|1698973930\n|move|p2a: Say it ain't so|Boomburst|p1a: Heatran\n|-resisted|p1a: Heatran\n|-damage|p1a: Heatran|31\/100\n|move|p1a: Heatran|Stealth Rock|p2a: Say it ain't so\n|-sidestart|p2: ackillin|move: Stealth Rock\n|\n|-heal|p1a: Heatran|37\/100|[from] item: Leftovers\n|-damage|p2a: Say it ain't so|0 fnt|[from] move: Magma Storm|[partiallytrapped]\n|faint|p2a: Say it ain't so\n|upkeep\n|\n|t:|1698973951\n|switch|p2a: Sweater Song|Landorus, M|100\/100\n|-damage|p2a: Sweater Song|88\/100|[from] Stealth Rock\n|turn|5\n|\n|t:|1698973960\n|-terastallize|p1a: Heatran|Grass\n|move|p2a: Sweater Song|Earth Power|p1a: Heatran\n|-resisted|p1a: Heatran\n|-damage|p1a: Heatran|16\/100\n|move|p1a: Heatran|Magma Storm|p2a: Sweater Song\n|-damage|p2a: Sweater Song|31\/100\n|-activate|p2a: Sweater Song|move: Magma Storm|[of] p1a: Heatran\n|\n|-heal|p1a: Heatran|22\/100|[from] item: Leftovers\n|-damage|p2a: Sweater Song|19\/100|[from] move: Magma Storm|[partiallytrapped]\n|upkeep\n|turn|6\n|\n|t:|1698973974\n|move|p2a: Sweater Song|Earth Power|p1a: Heatran\n|-resisted|p1a: Heatran\n|-damage|p1a: Heatran|1\/100\n|move|p1a: Heatran|Tera Blast|p2a: Sweater Song|[anim] Tera Blast Grass\n|-crit|p2a: Sweater Song\n|-damage|p2a: Sweater Song|0 fnt\n|faint|p2a: Sweater Song\n|\n|-heal|p1a: Heatran|7\/100|[from] item: Leftovers\n|upkeep\n|\n|t:|1698973988\n|switch|p2a: Pink Triangle|Ninetales-Alola, F|100\/100\n|-damage|p2a: Pink Triangle|76\/100|[from] Stealth Rock\n|-weather|Snow|[from] ability: Snow Warning|[of] p2a: Pink Triangle\n|turn|7\n|\n|t:|1698973995\n|move|p2a: Pink Triangle|Weather Ball|p1a: Heatran\n|-supereffective|p1a: Heatran\n|-damage|p1a: Heatran|0 fnt\n|faint|p1a: Heatran\n|\n|-weather|Snow|[upkeep]\n|upkeep\n|\n|t:|1698974000\n|switch|p1a: Scizor|Scizor, F, shiny|100\/100\n|turn|8\n|\n|t:|1698974014\n|switch|p2a: Island in the Sun|Magearna|100\/100\n|-damage|p2a: Island in the Sun|94\/100|[from] Stealth Rock\n|move|p1a: Scizor|Bullet Punch|p2a: Island in the Sun\n|-damage|p2a: Island in the Sun|74\/100\n|\n|-weather|Snow|[upkeep]\n|-heal|p2a: Island in the Sun|80\/100|[from] item: Leftovers\n|upkeep\n|turn|9\n|\n|t:|1698974028\n|move|p1a: Scizor|Knock Off|p2a: Island in the Sun\n|-resisted|p2a: Island in the Sun\n|-damage|p2a: Island in the Sun|70\/100\n|-enditem|p2a: Island in the Sun|Leftovers|[from] move: Knock Off|[of] p1a: Scizor\n|move|p2a: Island in the Sun|Trick Room|p2a: Island in the Sun\n|-fieldstart|move: Trick Room|[of] p2a: Island in the Sun\n|\n|-weather|Snow|[upkeep]\n|upkeep\n|turn|10\n|\n|t:|1698974045\n|move|p2a: Island in the Sun|Volt Switch|p1a: Scizor\n|-crit|p1a: Scizor\n|-damage|p1a: Scizor|50\/100\n|\n|t:|1698974060\n|switch|p2a: da freddy fazz|Ursaluna-Bloodmoon, M|100\/100|[from] Volt Switch\n|-damage|p2a: da freddy fazz|94\/100|[from] Stealth Rock\n|move|p1a: Scizor|U-turn|p2a: da freddy fazz\n|-damage|p2a: da freddy fazz|73\/100\n|\n|t:|1698974067\n|switch|p1a: Palkia|Palkia-Origin|100\/100|[from] U-turn\n|-ability|p1a: Palkia|Pressure\n|\n|-weather|Snow|[upkeep]\n|-heal|p2a: da freddy fazz|79\/100|[from] item: Leftovers\n|upkeep\n|turn|11\n|\n|t:|1698974081\n|move|p2a: da freddy fazz|Calm Mind|p2a: da freddy fazz\n|-boost|p2a: da freddy fazz|spa|1\n|-boost|p2a: da freddy fazz|spd|1\n|move|p1a: Palkia|Hydro Pump|p2a: da freddy fazz|[miss]\n|-miss|p1a: Palkia|p2a: da freddy fazz\n|\n|-weather|none\n|-heal|p2a: da freddy fazz|85\/100|[from] item: Leftovers\n|upkeep\n|turn|12\n|\n|t:|1698974089\n|-terastallize|p2a: da freddy fazz|Normal\n|move|p2a: da freddy fazz|Calm Mind|p2a: da freddy fazz\n|-boost|p2a: da freddy fazz|spa|1\n|-boost|p2a: da freddy fazz|spd|1\n|move|p1a: Palkia|Hydro Pump|p2a: da freddy fazz\n|-crit|p2a: da freddy fazz\n|-damage|p2a: da freddy fazz|0 fnt\n|faint|p2a: da freddy fazz\n|\n|upkeep\n|\n|t:|1698974102\n|switch|p2a: Pink Triangle|Ninetales-Alola, F|76\/100\n|-damage|p2a: Pink Triangle|51\/100|[from] Stealth Rock\n|-weather|Snow|[from] ability: Snow Warning|[of] p2a: Pink Triangle\n|turn|13\n|\n|t:|1698974108\n|move|p2a: Pink Triangle|Aurora Veil|p2a: Pink Triangle\n|-sidestart|p2: ackillin|move: Aurora Veil\n|move|p1a: Palkia|Hydro Pump|p2a: Pink Triangle\n|-damage|p2a: Pink Triangle|17\/100\n|\n|-weather|Snow|[upkeep]\n|-fieldend|move: Trick Room\n|upkeep\n|turn|14\n|\n|t:|1698974122\n|move|p1a: Palkia|Substitute|p1a: Palkia\n|-start|p1a: Palkia|Substitute\n|-damage|p1a: Palkia|76\/100\n|move|p2a: Pink Triangle|Weather Ball|p1a: Palkia\n|-end|p1a: Palkia|Substitute\n|\n|-weather|Snow|[upkeep]\n|upkeep\n|turn|15\n|\n|t:|1698974131\n|move|p1a: Palkia|Earth Power|p2a: Pink Triangle\n|-damage|p2a: Pink Triangle|0 fnt\n|faint|p2a: Pink Triangle\n|\n|-weather|Snow|[upkeep]\n|upkeep\n|\n|t:|1698974134\n|switch|p2a: Buddy holly|Baxcalibur, F|100\/100\n|-damage|p2a: Buddy holly|76\/100|[from] Stealth Rock\n|turn|16\n|\n|t:|1698974140\n|move|p1a: Palkia|Spacial Rend|p2a: Buddy holly\n|-supereffective|p2a: Buddy holly\n|-damage|p2a: Buddy holly|11\/100\n|move|p2a: Buddy holly|Icicle Spear|p1a: Palkia\n|-damage|p1a: Palkia|60\/100\n|-damage|p1a: Palkia|44\/100\n|-damage|p1a: Palkia|27\/100\n|-hitcount|p1a: Palkia|3\n|\n|-weather|Snow|[upkeep]\n|-heal|p2a: Buddy holly|18\/100|[from] ability: Ice Body\n|-heal|p2a: Buddy holly|24\/100|[from] item: Leftovers\n|upkeep\n|turn|17\n|\n|t:|1698974152\n|move|p1a: Palkia|Spacial Rend|p2a: Buddy holly\n|-supereffective|p2a: Buddy holly\n|-damage|p2a: Buddy holly|0 fnt\n|faint|p2a: Buddy holly\n|\n|-weather|none\n|upkeep\n|\n|t:|1698974154\n|switch|p2a: Island in the Sun|Magearna|70\/100\n|-damage|p2a: Island in the Sun|64\/100|[from] Stealth Rock\n|turn|18\n|\n|t:|1698974167\n|move|p1a: Palkia|Hydro Pump|p2a: Island in the Sun\n|-damage|p2a: Island in the Sun|33\/100\n|move|p2a: Island in the Sun|Fleur Cannon|p1a: Palkia\n|-supereffective|p1a: Palkia\n|-damage|p1a: Palkia|0 fnt\n|-unboost|p2a: Island in the Sun|spa|2\n|faint|p1a: Palkia\n|-ability|p2a: Island in the Sun|Soul-Heart|boost\n|-boost|p2a: Island in the Sun|spa|1\n|\n|upkeep\n|\n|t:|1698974179\n|switch|p1a: Zacian|Zacian|100\/100\n|-ability|p1a: Zacian|Intrepid Sword|boost\n|-boost|p1a: Zacian|atk|1\n|turn|19\n|\n|t:|1698974189\n|move|p1a: Zacian|Close Combat|p2a: Island in the Sun\n|-damage|p2a: Island in the Sun|0 fnt\n|-unboost|p1a: Zacian|def|1\n|-unboost|p1a: Zacian|spd|1\n|faint|p2a: Island in the Sun\n|\n|win|wamkou\n|c|\u2606ackillin|gg\n|c|\u2606wamkou|gg\n|c|\u2606ackillin|I'm going to go back to bulider for a bit\n|c|\u2606ackillin|good playin with ya!\n|c|\u2606wamkou|ah fair\n|c|\u2606wamkou|ggs\n|l|\u2606wamkou\n|l|\u2606ackillin\n|j|\u2606wamkou\n|player|p1|wamkou|elesa-masters2\n","uploadtime":1698974213,"views":10,"p1id":"wamkou","p2id":"ackillin","formatid":"gen9ubers","rating":0,"private":0,"password":""}