{"id":"gen9ubers-1994219363","p1":"gosensia","p2":"ikero680","format":"[Gen 9] Ubers","log":"|j|\u2606gosensia\n|j|\u2606ikero680\n|t:|1700420229\n|gametype|singles\n|player|p1|gosensia|169|\n|player|p2|ikero680|may-contest|\n|teamsize|p1|6\n|teamsize|p2|6\n|gen|9\n|tier|[Gen 9] Ubers\n|rule|Sleep Clause Mod: Limit one foe put to sleep\n|rule|Species Clause: Limit one of each Pok\u00e9mon\n|rule|OHKO Clause: OHKO moves are banned\n|rule|Evasion Items Clause: Evasion items are banned\n|rule|Evasion Moves Clause: Evasion moves are banned\n|rule|Endless Battle Clause: Forcing endless battles is banned\n|rule|HP Percentage Mod: HP is shown in percentages\n|clearpoke\n|poke|p1|Torkoal, F|\n|poke|p1|Walking Wake|\n|poke|p1|Ogerpon-Hearthflame, F|\n|poke|p1|Enamorus-Therian, F|\n|poke|p1|Sandaconda, F|\n|poke|p1|Spiritomb, F|\n|poke|p2|Alomomola, M|\n|poke|p2|Grimmsnarl, M|\n|poke|p2|Typhlosion-Hisui, M|\n|poke|p2|Great Tusk|\n|poke|p2|Vikavolt, M|\n|poke|p2|Kingambit, M|\n|teampreview\n|j| InDaHouseSun\n|inactive|Battle timer is ON: inactive players will automatically lose when time's up. (requested by ikero680)\n|l| InDaHouseSun\n|j| Zapatillazo34\n|j| balutalol\n|c|\u2606gosensia|buena suerte\n|\n|t:|1700420281\n|start\n|switch|p1a: Ogerpon|Ogerpon-Hearthflame, F|100\/100\n|switch|p2a: Chisela2|Grimmsnarl, M|100\/100\n|-ability|p1a: Ogerpon|Mold Breaker\n|turn|1\n|c| balutalol|ola\n|c|\u2606gosensia|ola\n|\n|t:|1700420298\n|switch|p2a: Chisela4|Great Tusk|100\/100\n|move|p1a: Ogerpon|Swords Dance|p1a: Ogerpon\n|-boost|p1a: Ogerpon|atk|2\n|\n|upkeep\n|turn|2\n|\n|t:|1700420311\n|-end|p2a: Chisela4|Protosynthesis|[silent]\n|switch|p2a: Chisela1|Alomomola, M|100\/100\n|move|p1a: Ogerpon|Power Whip|p2a: Chisela1\n|-supereffective|p2a: Chisela1\n|-damage|p2a: Chisela1|0 fnt\n|faint|p2a: Chisela1\n|\n|upkeep\n|c|\u2606ikero680|ala\n|c|\u2606ikero680|pensaba que se activaba el tarjeta roja f\n|inactive|ikero680 has 270 seconds left.\n|\n|t:|1700420343\n|switch|p2a: Chisela2|Grimmsnarl, M|100\/100\n|turn|3\n|\n|t:|1700420350\n|move|p2a: Chisela2|Parting Shot|p1a: Ogerpon\n|-unboost|p1a: Ogerpon|atk|1\n|-unboost|p1a: Ogerpon|spa|1\n|\n|t:|1700420356\n|switch|p2a: Chisela4|Great Tusk|100\/100|[from] Parting Shot\n|move|p1a: Ogerpon|Swords Dance|p1a: Ogerpon\n|-boost|p1a: Ogerpon|atk|2\n|\n|upkeep\n|turn|4\n|inactive|ikero680 has 270 seconds left.\n|\n|t:|1700420364\n|move|p1a: Ogerpon|Power Whip|p2a: Chisela4|[miss]\n|-miss|p1a: Ogerpon|p2a: Chisela4\n|move|p2a: Chisela4|Headlong Rush|p1a: Ogerpon\n|-damage|p1a: Ogerpon|15\/100\n|-unboost|p2a: Chisela4|def|1\n|-unboost|p2a: Chisela4|spd|1\n|\n|upkeep\n|turn|5\n|c|\u2606gosensia|caca\n|inactive|ikero680 has 270 seconds left.\n|c| balutalol|there is on such thing as a coincidence \ud83d\udc31\u200d\ud83d\udc64\n|\n|t:|1700420381\n|move|p1a: Ogerpon|Power Whip|p2a: Chisela4\n|-supereffective|p2a: Chisela4\n|-damage|p2a: Chisela4|0 fnt\n|-damage|p1a: Ogerpon|0 fnt|[from] item: Rocky Helmet|[of] p2a: Chisela4\n|faint|p2a: Chisela4\n|-end|p2a: Chisela4|Protosynthesis|[silent]\n|faint|p1a: Ogerpon\n|\n|upkeep\n|\n|t:|1700420394\n|switch|p1a: Jimmy|Torkoal, F|100\/100\n|switch|p2a: Chisela2|Grimmsnarl, M|100\/100\n|-weather|SunnyDay|[from] ability: Drought|[of] p1a: Jimmy\n|turn|6\n|\n|t:|1700420403\n|move|p2a: Chisela2|Light Screen|p2a: Chisela2\n|-sidestart|p2: ikero680|move: Light Screen\n|move|p1a: Jimmy|Yawn|p2a: Chisela2\n|-start|p2a: Chisela2|move: Yawn|[of] p1a: Jimmy\n|\n|-weather|SunnyDay|[upkeep]\n|upkeep\n|turn|7\n|inactive|gosensia has 270 seconds left.\n|\n|t:|1700420436\n|switch|p1a: Walking Wake|Walking Wake|100\/100\n|-activate|p1a: Walking Wake|ability: Protosynthesis\n|-start|p1a: Walking Wake|protosynthesisspa\n|move|p2a: Chisela2|Parting Shot|p1a: Walking Wake\n|-unboost|p1a: Walking Wake|atk|1\n|-unboost|p1a: Walking Wake|spa|1\n|\n|t:|1700420447\n|switch|p2a: Chisela5|Vikavolt, M|100\/100|[from] Parting Shot\n|\n|-weather|SunnyDay|[upkeep]\n|upkeep\n|turn|8\n|inactive|gosensia has 270 seconds left.\n|inactive|ikero680 has 270 seconds left.\n|\n|t:|1700420482\n|-end|p1a: Walking Wake|Protosynthesis|[silent]\n|switch|p1a: Enamorus|Enamorus-Therian, F|100\/100\n|-terastallize|p2a: Chisela5|Fairy\n|move|p2a: Chisela5|Bug Buzz|p1a: Enamorus\n|-resisted|p1a: Enamorus\n|-damage|p1a: Enamorus|87\/100\n|\n|-weather|SunnyDay|[upkeep]\n|-heal|p1a: Enamorus|93\/100|[from] item: Leftovers\n|upkeep\n|turn|9\n|\n|t:|1700420492\n|move|p2a: Chisela5|Volt Switch|p1a: Enamorus\n|-supereffective|p1a: Enamorus\n|-damage|p1a: Enamorus|14\/100\n|\n|t:|1700420497\n|switch|p2a: Chisela2|Grimmsnarl, M|100\/100|[from] Volt Switch\n|move|p1a: Enamorus|Calm Mind|p1a: Enamorus\n|-boost|p1a: Enamorus|spa|1\n|-boost|p1a: Enamorus|spd|1\n|\n|-weather|SunnyDay|[upkeep]\n|-heal|p1a: Enamorus|20\/100|[from] item: Leftovers\n|upkeep\n|turn|10\n|inactive|gosensia has 240 seconds left.\n|inactive|gosensia has 210 seconds left.\n|\n|t:|1700420569\n|switch|p1a: Sandaconda|Sandaconda, F|100\/100\n|move|p2a: Chisela2|Spirit Break|p1a: Sandaconda\n|-damage|p1a: Sandaconda|81\/100\n|-unboost|p1a: Sandaconda|spa|1\n|\n|-weather|SunnyDay|[upkeep]\n|-heal|p1a: Sandaconda|87\/100|[from] item: Leftovers\n|upkeep\n|turn|11\n|\n|t:|1700420591\n|move|p2a: Chisela2|Parting Shot|p1a: Sandaconda\n|-unboost|p1a: Sandaconda|atk|1\n|-unboost|p1a: Sandaconda|spa|1\n|\n|t:|1700420594\n|switch|p2a: Chisela5|Vikavolt, M, tera:Fairy|100\/100|[from] Parting Shot\n|move|p1a: Sandaconda|Coil|p1a: Sandaconda\n|-boost|p1a: Sandaconda|atk|1\n|-boost|p1a: Sandaconda|def|1\n|-boost|p1a: Sandaconda|accuracy|1\n|\n|-weather|SunnyDay|[upkeep]\n|-heal|p1a: Sandaconda|93\/100|[from] item: Leftovers\n|upkeep\n|turn|12\n|inactive|gosensia has 210 seconds left.\n|\n|t:|1700420623\n|switch|p1a: Enamorus|Enamorus-Therian, F|20\/100\n|move|p2a: Chisela5|Energy Ball|p1a: Enamorus\n|-resisted|p1a: Enamorus\n|-damage|p1a: Enamorus|0 fnt\n|faint|p1a: Enamorus\n|\n|-weather|SunnyDay|[upkeep]\n|upkeep\n|\n|t:|1700420632\n|switch|p1a: Walking Wake|Walking Wake|100\/100\n|-activate|p1a: Walking Wake|ability: Protosynthesis\n|-start|p1a: Walking Wake|protosynthesisspa\n|turn|13\n|\n|t:|1700420652\n|switch|p2a: Chisela2|Grimmsnarl, M|100\/100\n|move|p1a: Walking Wake|Hydro Steam|p2a: Chisela2\n|-crit|p2a: Chisela2\n|-damage|p2a: Chisela2|0 fnt\n|faint|p2a: Chisela2\n|\n|-weather|none\n|-end|p1a: Walking Wake|Protosynthesis\n|-sideend|p2: ikero680|move: Light Screen\n|upkeep\n|c| balutalol|pog\n|c|\u2606gosensia|perdon\n|inactive|ikero680 has 270 seconds left.\n|\n|t:|1700420683\n|switch|p2a: Chisela5|Vikavolt, M, tera:Fairy|100\/100\n|turn|14\n|\n|t:|1700420705\n|-end|p1a: Walking Wake|Protosynthesis|[silent]\n|switch|p1a: Jimmy|Torkoal, F|100\/100\n|-weather|SunnyDay|[from] ability: Drought|[of] p1a: Jimmy\n|move|p2a: Chisela5|Bug Buzz|p1a: Jimmy\n|-resisted|p1a: Jimmy\n|-damage|p1a: Jimmy|64\/100\n|-unboost|p1a: Jimmy|spd|1\n|\n|-weather|SunnyDay|[upkeep]\n|upkeep\n|turn|15\n|\n|t:|1700420733\n|move|p2a: Chisela5|Thunderbolt|p1a: Jimmy\n|-damage|p1a: Jimmy|0 fnt\n|faint|p1a: Jimmy\n|\n|-weather|SunnyDay|[upkeep]\n|upkeep\n|\n|t:|1700420738\n|switch|p1a: Walking Wake|Walking Wake|100\/100\n|-activate|p1a: Walking Wake|ability: Protosynthesis\n|-start|p1a: Walking Wake|protosynthesisspa\n|turn|16\n|\n|t:|1700420748\n|move|p1a: Walking Wake|Hydro Steam|p2a: Chisela5\n|-damage|p2a: Chisela5|0 fnt\n|faint|p2a: Chisela5\n|\n|-weather|SunnyDay|[upkeep]\n|upkeep\n|\n|t:|1700420751\n|switch|p2a: Chisela3|Typhlosion-Hisui, M|100\/100\n|turn|17\n|\n|t:|1700420769\n|move|p2a: Chisela3|Shadow Ball|p1a: Walking Wake\n|-damage|p1a: Walking Wake|55\/100\n|-unboost|p1a: Walking Wake|spd|1\n|move|p1a: Walking Wake|Hydro Steam|p2a: Chisela3\n|-supereffective|p2a: Chisela3\n|-damage|p2a: Chisela3|0 fnt\n|faint|p2a: Chisela3\n|\n|-weather|SunnyDay|[upkeep]\n|upkeep\n|\n|t:|1700420775\n|switch|p2a: Chisela6|Kingambit, M|100\/100\n|turn|18\n|c| balutalol|prayge\n|c|\u2606ikero680|mierda\n|c|\u2606ikero680|tiene mal la habilidad xd\n|c|\u2606ikero680|unlucky xd\n|\n|t:|1700420792\n|move|p2a: Chisela6|Sucker Punch|p1a: Walking Wake\n|-damage|p1a: Walking Wake|7\/100\n|move|p1a: Walking Wake|Hydro Steam|p2a: Chisela6\n|-damage|p2a: Chisela6|0 fnt\n|faint|p2a: Chisela6\n|\n|win|gosensia\n|c|\u2606gosensia|ostras\n|c|\u2606gosensia|f\n|c| balutalol|gg\n|c| Zapatillazo34|gg f\n|l|\u2606ikero680\n|l|\u2606gosensia\n|l| balutalol\n|l| Zapatillazo34\n|j| balutalol\n","uploadtime":1700421088,"views":27,"p1id":"gosensia","p2id":"ikero680","formatid":"gen9ubers","rating":0,"private":0,"password":""}