{"id":"gen9ubers-1979751245","p1":"1P1o1s1h1e1","p2":"VloneVictini","format":"[Gen 9] Ubers","log":"|j|\u26061P1o1s1h1e1\n|j|\u2606VloneVictini\n|t:|1698709476\n|gametype|singles\n|player|p1|1P1o1s1h1e1|101|\n|player|p2|VloneVictini|102|\n|teamsize|p1|6\n|teamsize|p2|6\n|gen|9\n|tier|[Gen 9] Ubers\n|rule|Sleep Clause Mod: Limit one foe put to sleep\n|rule|Species Clause: Limit one of each Pok\u00e9mon\n|rule|OHKO Clause: OHKO moves are banned\n|rule|Evasion Items Clause: Evasion items are banned\n|rule|Evasion Moves Clause: Evasion moves are banned\n|rule|Endless Battle Clause: Forcing endless battles is banned\n|rule|HP Percentage Mod: HP is shown in percentages\n|clearpoke\n|poke|p1|Rillaboom, M|\n|poke|p1|Arceus-Fire|\n|poke|p1|Espathra, F|\n|poke|p1|Sneasler, M|\n|poke|p1|Magearna|\n|poke|p1|Cyclizar, F|\n|poke|p2|Maushold|\n|poke|p2|Shaymin-Sky|\n|poke|p2|Zacian-*|\n|poke|p2|Urshifu-*, F|\n|poke|p2|Arceus-Poison|\n|poke|p2|Magearna|\n|teampreview\n|\n|t:|1698709543\n|start\n|switch|p1a: Rillaboom|Rillaboom, M|100\/100\n|switch|p2a: Toxic Religion|Arceus-Poison|100\/100\n|-fieldstart|move: Grassy Terrain|[from] ability: Grassy Surge|[of] p1a: Rillaboom\n|turn|1\n|\n|t:|1698709559\n|switch|p1a: Magearna|Magearna|100\/100\n|-enditem|p1a: Magearna|Grassy Seed\n|-boost|p1a: Magearna|def|1|[from] item: Grassy Seed\n|move|p2a: Toxic Religion|Calm Mind|p2a: Toxic Religion\n|-boost|p2a: Toxic Religion|spa|1\n|-boost|p2a: Toxic Religion|spd|1\n|\n|upkeep\n|turn|2\n|\n|t:|1698709574\n|switch|p2a: 3 Blind Mice|Maushold|100\/100\n|move|p1a: Magearna|Calm Mind|p1a: Magearna\n|-boost|p1a: Magearna|spa|1\n|-boost|p1a: Magearna|spd|1\n|\n|upkeep\n|turn|3\n|\n|t:|1698709584\n|move|p2a: 3 Blind Mice|Encore|p1a: Magearna\n|-start|p1a: Magearna|Encore\n|move|p1a: Magearna|Calm Mind|p1a: Magearna\n|-boost|p1a: Magearna|spa|1\n|-boost|p1a: Magearna|spd|1\n|\n|upkeep\n|turn|4\n|\n|t:|1698709596\n|move|p2a: 3 Blind Mice|Tidy Up|p2a: 3 Blind Mice\n|-boost|p2a: 3 Blind Mice|atk|1\n|-boost|p2a: 3 Blind Mice|spe|1\n|move|p1a: Magearna|Calm Mind|p1a: Magearna\n|-boost|p1a: Magearna|spa|1\n|-boost|p1a: Magearna|spd|1\n|\n|upkeep\n|turn|5\n|\n|t:|1698709608\n|move|p2a: 3 Blind Mice|Tidy Up|p2a: 3 Blind Mice\n|-boost|p2a: 3 Blind Mice|atk|1\n|-boost|p2a: 3 Blind Mice|spe|1\n|move|p1a: Magearna|Calm Mind|p1a: Magearna\n|-boost|p1a: Magearna|spa|1\n|-boost|p1a: Magearna|spd|1\n|\n|-end|p1a: Magearna|Encore\n|-fieldend|move: Grassy Terrain\n|upkeep\n|turn|6\n|\n|t:|1698709620\n|switch|p1a: Rillaboom|Rillaboom, M|100\/100\n|-fieldstart|move: Grassy Terrain|[from] ability: Grassy Surge|[of] p1a: Rillaboom\n|move|p2a: 3 Blind Mice|Encore||[still]\n|-fail|p2a: 3 Blind Mice\n|\n|upkeep\n|turn|7\n|\n|t:|1698709625\n|-terastallize|p1a: Rillaboom|Grass\n|move|p1a: Rillaboom|Grassy Glide|p2a: 3 Blind Mice\n|-damage|p2a: 3 Blind Mice|0 fnt\n|faint|p2a: 3 Blind Mice\n|\n|upkeep\n|\n|t:|1698709668\n|switch|p2a: Buts and Nolts|Magearna|100\/100\n|turn|8\n|\n|t:|1698709672\n|switch|p1a: Arceus|Arceus-Fire|100\/100\n|move|p2a: Buts and Nolts|Shift Gear|p2a: Buts and Nolts\n|-boost|p2a: Buts and Nolts|spe|2\n|-boost|p2a: Buts and Nolts|atk|1\n|\n|upkeep\n|turn|9\n|\n|t:|1698709687\n|switch|p2a: Toxic Religion|Arceus-Poison|100\/100\n|move|p1a: Arceus|Dragon Dance|p1a: Arceus\n|-boost|p1a: Arceus|atk|1\n|-boost|p1a: Arceus|spe|1\n|\n|upkeep\n|turn|10\n|\n|t:|1698709697\n|move|p1a: Arceus|Dragon Dance|p1a: Arceus\n|-boost|p1a: Arceus|atk|1\n|-boost|p1a: Arceus|spe|1\n|move|p2a: Toxic Religion|Iron Defense|p2a: Toxic Religion\n|-boost|p2a: Toxic Religion|def|2\n|\n|-fieldend|move: Grassy Terrain\n|upkeep\n|turn|11\n|\n|t:|1698709702\n|move|p1a: Arceus|Flare Blitz|p2a: Toxic Religion\n|-damage|p2a: Toxic Religion|58\/100\n|-damage|p1a: Arceus|84\/100|[from] Recoil\n|move|p2a: Toxic Religion|Iron Defense|p2a: Toxic Religion\n|-boost|p2a: Toxic Religion|def|2\n|\n|upkeep\n|turn|12\n|\n|t:|1698709707\n|move|p1a: Arceus|Dragon Dance|p1a: Arceus\n|-boost|p1a: Arceus|atk|1\n|-boost|p1a: Arceus|spe|1\n|move|p2a: Toxic Religion|Recover|p2a: Toxic Religion\n|-heal|p2a: Toxic Religion|100\/100\n|\n|upkeep\n|turn|13\n|\n|t:|1698709712\n|move|p1a: Arceus|Dragon Dance|p1a: Arceus\n|-boost|p1a: Arceus|atk|1\n|-boost|p1a: Arceus|spe|1\n|move|p2a: Toxic Religion|Iron Defense|p2a: Toxic Religion\n|-boost|p2a: Toxic Religion|def|2\n|\n|upkeep\n|turn|14\n|\n|t:|1698709717\n|move|p1a: Arceus|Dragon Dance|p1a: Arceus\n|-boost|p1a: Arceus|atk|1\n|-boost|p1a: Arceus|spe|1\n|move|p2a: Toxic Religion|Calm Mind|p2a: Toxic Religion\n|-boost|p2a: Toxic Religion|spa|1\n|-boost|p2a: Toxic Religion|spd|1\n|\n|upkeep\n|turn|15\n|\n|t:|1698709731\n|move|p1a: Arceus|Dragon Dance|p1a: Arceus\n|-boost|p1a: Arceus|atk|1\n|-boost|p1a: Arceus|spe|1\n|move|p2a: Toxic Religion|Stored Power|p1a: Arceus\n|-damage|p1a: Arceus|27\/100\n|\n|upkeep\n|turn|16\n|\n|t:|1698709733\n|move|p1a: Arceus|Flare Blitz|p2a: Toxic Religion\n|-damage|p2a: Toxic Religion|62\/100\n|-damage|p1a: Arceus|12\/100|[from] Recoil\n|move|p2a: Toxic Religion|Stored Power|p1a: Arceus\n|-damage|p1a: Arceus|0 fnt\n|faint|p1a: Arceus\n|\n|upkeep\n|\n|t:|1698709748\n|switch|p1a: Cyclizar|Cyclizar, F|100\/100\n|turn|17\n|\n|t:|1698709762\n|move|p1a: Cyclizar|Shed Tail|p1a: Cyclizar\n|-start|p1a: Cyclizar|Substitute|[from] move: Shed Tail\n|-damage|p1a: Cyclizar|50\/100\n|\n|t:|1698709765\n|switch|p1a: Magearna|Magearna|100\/100|[from] Shed Tail\n|move|p2a: Toxic Religion|Calm Mind|p2a: Toxic Religion\n|-boost|p2a: Toxic Religion|spa|1\n|-boost|p2a: Toxic Religion|spd|1\n|\n|upkeep\n|turn|18\n|\n|t:|1698709770\n|move|p2a: Toxic Religion|Stored Power|p1a: Magearna\n|-resisted|p1a: Magearna\n|-end|p1a: Magearna|Substitute\n|move|p1a: Magearna|Calm Mind|p1a: Magearna\n|-boost|p1a: Magearna|spa|1\n|-boost|p1a: Magearna|spd|1\n|\n|upkeep\n|turn|19\n|\n|t:|1698709786\n|move|p2a: Toxic Religion|Calm Mind|p2a: Toxic Religion\n|-boost|p2a: Toxic Religion|spa|1\n|-boost|p2a: Toxic Religion|spd|1\n|move|p1a: Magearna|Calm Mind|p1a: Magearna\n|-boost|p1a: Magearna|spa|1\n|-boost|p1a: Magearna|spd|1\n|\n|upkeep\n|turn|20\n|\n|t:|1698709798\n|move|p2a: Toxic Religion|Calm Mind|p2a: Toxic Religion\n|-boost|p2a: Toxic Religion|spa|1\n|-boost|p2a: Toxic Religion|spd|1\n|move|p1a: Magearna|Stored Power|p2a: Toxic Religion\n|-supereffective|p2a: Toxic Religion\n|-damage|p2a: Toxic Religion|38\/100\n|\n|upkeep\n|turn|21\n|\n|t:|1698709816\n|move|p2a: Toxic Religion|Calm Mind|p2a: Toxic Religion\n|-boost|p2a: Toxic Religion|spa|1\n|-boost|p2a: Toxic Religion|spd|1\n|move|p1a: Magearna|Shift Gear|p1a: Magearna\n|-boost|p1a: Magearna|spe|2\n|-boost|p1a: Magearna|atk|1\n|\n|upkeep\n|turn|22\n|\n|t:|1698709829\n|-terastallize|p2a: Toxic Religion|Flying\n|move|p1a: Magearna|Stored Power|p2a: Toxic Religion\n|-damage|p2a: Toxic Religion|20\/100\n|move|p2a: Toxic Religion|Recover|p2a: Toxic Religion\n|-heal|p2a: Toxic Religion|70\/100\n|\n|upkeep\n|turn|23\n|\n|t:|1698709836\n|move|p1a: Magearna|Calm Mind|p1a: Magearna\n|-boost|p1a: Magearna|spa|1\n|-boost|p1a: Magearna|spd|1\n|move|p2a: Toxic Religion|Stored Power|p1a: Magearna\n|-resisted|p1a: Magearna\n|-damage|p1a: Magearna|60\/100\n|\n|upkeep\n|turn|24\n|\n|t:|1698709843\n|move|p1a: Magearna|Calm Mind|p1a: Magearna\n|-boost|p1a: Magearna|spa|1\n|-boost|p1a: Magearna|spd|1\n|move|p2a: Toxic Religion|Stored Power|p1a: Magearna\n|-resisted|p1a: Magearna\n|-damage|p1a: Magearna|29\/100\n|\n|upkeep\n|turn|25\n|\n|t:|1698709849\n|move|p1a: Magearna|Draining Kiss|p2a: Toxic Religion\n|-damage|p2a: Toxic Religion|57\/100\n|-heal|p1a: Magearna|40\/100|[from] drain|[of] p2a: Toxic Religion\n|move|p2a: Toxic Religion|Stored Power|p1a: Magearna\n|-resisted|p1a: Magearna\n|-damage|p1a: Magearna|6\/100\n|\n|upkeep\n|turn|26\n|\n|t:|1698709855\n|move|p1a: Magearna|Stored Power|p2a: Toxic Religion\n|-damage|p2a: Toxic Religion|21\/100\n|move|p2a: Toxic Religion|Stored Power|p1a: Magearna\n|-resisted|p1a: Magearna\n|-damage|p1a: Magearna|0 fnt\n|faint|p1a: Magearna\n|\n|upkeep\n|\n|t:|1698709862\n|switch|p1a: Sneasler|Sneasler, M, shiny|100\/100\n|turn|27\n|\n|t:|1698709868\n|move|p1a: Sneasler|Dire Claw|p2a: Toxic Religion\n|-damage|p2a: Toxic Religion|15\/100\n|-status|p2a: Toxic Religion|par\n|move|p2a: Toxic Religion|Recover|p2a: Toxic Religion\n|-heal|p2a: Toxic Religion|65\/100 par\n|\n|upkeep\n|turn|28\n|\n|t:|1698709893\n|switch|p1a: Rillaboom|Rillaboom, M, tera:Grass|100\/100\n|-fieldstart|move: Grassy Terrain|[from] ability: Grassy Surge|[of] p1a: Rillaboom\n|move|p2a: Toxic Religion|Stored Power|p1a: Rillaboom\n|-damage|p1a: Rillaboom|0 fnt\n|faint|p1a: Rillaboom\n|\n|upkeep\n|\n|t:|1698709895\n|switch|p1a: Espathra|Espathra, F|100\/100\n|-enditem|p1a: Espathra|Grassy Seed\n|-boost|p1a: Espathra|def|1|[from] item: Grassy Seed\n|turn|29\n|\n|t:|1698709901\n|move|p1a: Espathra|Calm Mind|p1a: Espathra\n|-boost|p1a: Espathra|spa|1\n|-boost|p1a: Espathra|spd|1\n|cant|p2a: Toxic Religion|par\n|\n|-ability|p1a: Espathra|Speed Boost|boost\n|-boost|p1a: Espathra|spe|1\n|upkeep\n|turn|30\n|\n|t:|1698709908\n|move|p1a: Espathra|Calm Mind|p1a: Espathra\n|-boost|p1a: Espathra|spa|1\n|-boost|p1a: Espathra|spd|1\n|move|p2a: Toxic Religion|Stored Power|p1a: Espathra\n|-resisted|p1a: Espathra\n|-damage|p1a: Espathra|0 fnt\n|faint|p1a: Espathra\n|\n|upkeep\n|-message|1P1o1s1h1e1 forfeited.\n|\n|win|VloneVictini\n|l|\u26061P1o1s1h1e1\n","uploadtime":1698709971,"views":14,"p1id":"1p1o1s1h1e1","p2id":"vlonevictini","formatid":"gen9ubers","rating":0,"private":0,"password":""}