{"id":"gen9ubers-2000028644","p1":"CJSAY19","p2":"LITLE0","format":"[Gen 9] Ubers","log":"|j|\u2606CJSAY19\n|j|\u2606LITLE0\n|t:|1701143144\n|gametype|singles\n|player|p1|CJSAY19|benga|1073\n|player|p2|LITLE0|brock|1163\n|teamsize|p1|6\n|teamsize|p2|6\n|gen|9\n|tier|[Gen 9] Ubers\n|rated|\n|rule|Sleep Clause Mod: Limit one foe put to sleep\n|rule|Species Clause: Limit one of each Pok\u00e9mon\n|rule|OHKO Clause: OHKO moves are banned\n|rule|Evasion Items Clause: Evasion items are banned\n|rule|Evasion Moves Clause: Evasion moves are banned\n|rule|Endless Battle Clause: Forcing endless battles is banned\n|rule|HP Percentage Mod: HP is shown in percentages\n|clearpoke\n|poke|p1|Zacian-*|\n|poke|p1|Annihilape, M|\n|poke|p1|Eternatus|\n|poke|p1|Ursaluna-Bloodmoon, M|\n|poke|p1|Garganacl, F|\n|poke|p1|Cinderace, M|\n|poke|p2|Baxcalibur, M|\n|poke|p2|Corviknight, M|\n|poke|p2|Clodsire, M|\n|poke|p2|Ninetales-Alola, F|\n|poke|p2|Palafin, M|\n|poke|p2|Sinistcha|\n|teampreview\n|\n|t:|1701143150\n|start\n|switch|p1a: Garganacl|Garganacl, F, shiny|100\/100\n|switch|p2a: Palafin|Palafin, M|100\/100\n|turn|1\n|\n|t:|1701143156\n|move|p2a: Palafin|Flip Turn|p1a: Garganacl\n|-supereffective|p1a: Garganacl\n|-damage|p1a: Garganacl|55\/100\n|\n|t:|1701143159\n|detailschange|p2a: Palafin|Palafin-Hero, M\n|switch|p2a: Sinistcha|Sinistcha|100\/100|[from] Flip Turn\n|move|p1a: Garganacl|Stealth Rock|p2a: Sinistcha\n|-sidestart|p2: LITLE0|move: Stealth Rock\n|\n|-heal|p1a: Garganacl|62\/100|[from] item: Leftovers\n|upkeep\n|turn|2\n|\n|t:|1701143166\n|move|p2a: Sinistcha|Matcha Gotcha|p1a: Garganacl\n|-supereffective|p1a: Garganacl\n|-damage|p1a: Garganacl|0 fnt\n|faint|p1a: Garganacl\n|\n|upkeep\n|\n|t:|1701143172\n|switch|p1a: Cinderace|Cinderace, M, shiny|100\/100\n|turn|3\n|\n|t:|1701143187\n|switch|p2a: Palafin|Palafin-Hero, M|100\/100\n|-damage|p2a: Palafin|88\/100|[from] Stealth Rock\n|-activate|p2a: Palafin|ability: Zero to Hero\n|move|p1a: Cinderace|Swords Dance|p1a: Cinderace\n|-start|p1a: Cinderace|typechange|Normal|[from] ability: Libero\n|-boost|p1a: Cinderace|atk|2\n|\n|upkeep\n|turn|4\n|\n|t:|1701143196\n|move|p2a: Palafin|Jet Punch|p1a: Cinderace\n|-damage|p1a: Cinderace|9\/100\n|move|p1a: Cinderace|Will-O-Wisp|p2a: Palafin|[miss]\n|-miss|p1a: Cinderace|p2a: Palafin\n|\n|upkeep\n|turn|5\n|\n|t:|1701143202\n|move|p2a: Palafin|Jet Punch|p1a: Cinderace\n|-damage|p1a: Cinderace|0 fnt\n|faint|p1a: Cinderace\n|\n|upkeep\n|\n|t:|1701143208\n|switch|p1a: Annihilape|Annihilape, M|100\/100\n|turn|6\n|\n|t:|1701143213\n|switch|p2a: Sinistcha|Sinistcha|100\/100\n|-damage|p2a: Sinistcha|88\/100|[from] Stealth Rock\n|move|p1a: Annihilape|Phantom Force||[still]\n|-prepare|p1a: Annihilape|Phantom Force\n|\n|upkeep\n|turn|7\n|\n|t:|1701143222\n|switch|p2a: Corviknight|Corviknight, M|100\/100\n|-damage|p2a: Corviknight|88\/100|[from] Stealth Rock\n|move|p1a: Annihilape|Phantom Force|p2a: Corviknight|[from]lockedmove\n|-damage|p2a: Corviknight|61\/100\n|\n|-heal|p2a: Corviknight|67\/100|[from] item: Leftovers\n|upkeep\n|turn|8\n|\n|t:|1701143231\n|move|p1a: Annihilape|Night Shade|p2a: Corviknight\n|-damage|p2a: Corviknight|42\/100\n|move|p2a: Corviknight|Defog|p1a: Annihilape\n|-unboost|p1a: Annihilape|evasion|1\n|-ability|p1a: Annihilape|Defiant|boost\n|-boost|p1a: Annihilape|atk|2\n|-sideend|p2: LITLE0|Stealth Rock|[from] move: Defog|[of] p2a: Corviknight\n|\n|-heal|p2a: Corviknight|48\/100|[from] item: Leftovers\n|upkeep\n|turn|9\n|\n|t:|1701143239\n|switch|p2a: Clodsire|Clodsire, M|100\/100\n|move|p1a: Annihilape|Night Shade|p2a: Clodsire\n|-damage|p2a: Clodsire|79\/100\n|\n|-heal|p2a: Clodsire|85\/100|[from] item: Leftovers\n|upkeep\n|turn|10\n|\n|t:|1701143248\n|move|p1a: Annihilape|Phantom Force||[still]\n|-prepare|p1a: Annihilape|Phantom Force\n|move|p2a: Clodsire|Haze|p2a: Clodsire\n|-clearallboost\n|\n|-heal|p2a: Clodsire|91\/100|[from] item: Leftovers\n|upkeep\n|turn|11\n|\n|t:|1701143255\n|move|p1a: Annihilape|Phantom Force|p2a: Clodsire|[from]lockedmove\n|-damage|p2a: Clodsire|35\/100\n|move|p2a: Clodsire|Toxic|p1a: Annihilape\n|-status|p1a: Annihilape|tox\n|\n|-heal|p2a: Clodsire|41\/100|[from] item: Leftovers\n|-damage|p1a: Annihilape|94\/100 tox|[from] psn\n|upkeep\n|turn|12\n|\n|t:|1701143264\n|move|p1a: Annihilape|Night Shade|p2a: Clodsire\n|-damage|p2a: Clodsire|20\/100\n|move|p2a: Clodsire|Recover|p2a: Clodsire\n|-heal|p2a: Clodsire|70\/100\n|\n|-heal|p2a: Clodsire|76\/100|[from] item: Leftovers\n|-damage|p1a: Annihilape|82\/100 tox|[from] psn\n|upkeep\n|turn|13\n|\n|t:|1701143273\n|switch|p2a: Ninetales|Ninetales-Alola, F|100\/100\n|-weather|Snow|[from] ability: Snow Warning|[of] p2a: Ninetales\n|move|p1a: Annihilape|Phantom Force||[still]\n|-prepare|p1a: Annihilape|Phantom Force\n|\n|-weather|Snow|[upkeep]\n|-damage|p1a: Annihilape|64\/100 tox|[from] psn\n|upkeep\n|turn|14\n|\n|t:|1701143280\n|move|p2a: Ninetales|Aurora Veil|p2a: Ninetales\n|-sidestart|p2: LITLE0|move: Aurora Veil\n|move|p1a: Annihilape|Phantom Force|p2a: Ninetales|[from]lockedmove\n|-damage|p2a: Ninetales|78\/100\n|\n|-weather|Snow|[upkeep]\n|-damage|p1a: Annihilape|39\/100 tox|[from] psn\n|upkeep\n|turn|15\n|\n|t:|1701143291\n|switch|p2a: Baxcalibur|Baxcalibur, M|100\/100\n|move|p1a: Annihilape|Night Shade|p2a: Baxcalibur\n|-damage|p2a: Baxcalibur|74\/100\n|\n|-weather|Snow|[upkeep]\n|-damage|p1a: Annihilape|8\/100 tox|[from] psn\n|upkeep\n|turn|16\n|\n|t:|1701143301\n|move|p2a: Baxcalibur|Swords Dance|p2a: Baxcalibur\n|-boost|p2a: Baxcalibur|atk|2\n|move|p1a: Annihilape|Rage Fist|p2a: Baxcalibur\n|-damage|p2a: Baxcalibur|64\/100\n|\n|-weather|Snow|[upkeep]\n|-damage|p1a: Annihilape|0 fnt|[from] psn\n|faint|p1a: Annihilape\n|upkeep\n|\n|t:|1701143308\n|switch|p1a: Ursaluna|Ursaluna-Bloodmoon, M|100\/100\n|turn|17\n|\n|t:|1701143313\n|move|p2a: Baxcalibur|Icicle Spear|p1a: Ursaluna\n|-supereffective|p1a: Ursaluna\n|-damage|p1a: Ursaluna|64\/100\n|-supereffective|p1a: Ursaluna\n|-damage|p1a: Ursaluna|26\/100\n|-supereffective|p1a: Ursaluna\n|-damage|p1a: Ursaluna|0 fnt\n|faint|p1a: Ursaluna\n|-hitcount|p1: Ursaluna|3\n|\n|-weather|none\n|upkeep\n|\n|t:|1701143323\n|switch|p1a: Zacian|Zacian-Crowned, shiny|100\/100\n|-ability|p1a: Zacian|Intrepid Sword|boost\n|-boost|p1a: Zacian|atk|1\n|turn|18\n|\n|t:|1701143327\n|-terastallize|p2a: Baxcalibur|Ground\n|move|p1a: Zacian|Protect|p1a: Zacian\n|-singleturn|p1a: Zacian|Protect\n|move|p2a: Baxcalibur|Earthquake|p1a: Zacian\n|-activate|p1a: Zacian|move: Protect\n|\n|upkeep\n|turn|19\n|\n|t:|1701143336\n|move|p1a: Zacian|Sacred Sword|p2a: Baxcalibur\n|-damage|p2a: Baxcalibur|39\/100\n|move|p2a: Baxcalibur|Earthquake|p1a: Zacian\n|-supereffective|p1a: Zacian\n|-damage|p1a: Zacian|0 fnt\n|faint|p1a: Zacian\n|\n|upkeep\n|\n|t:|1701143339\n|switch|p1a: Eternatus|Eternatus|100\/100\n|-ability|p1a: Eternatus|Pressure\n|turn|20\n|\n|t:|1701143346\n|-terastallize|p1a: Eternatus|Ghost\n|move|p1a: Eternatus|Dynamax Cannon|p2a: Baxcalibur\n|-damage|p2a: Baxcalibur|10\/100\n|move|p2a: Baxcalibur|Earthquake|p1a: Eternatus\n|-enditem|p1a: Eternatus|Focus Sash\n|-damage|p1a: Eternatus|1\/100\n|\n|upkeep\n|turn|21\n|\n|t:|1701143355\n|move|p1a: Eternatus|Shadow Ball|p2a: Baxcalibur\n|-damage|p2a: Baxcalibur|0 fnt\n|faint|p2a: Baxcalibur\n|\n|-sideend|p2: LITLE0|move: Aurora Veil\n|upkeep\n|\n|t:|1701143358\n|switch|p2a: Palafin|Palafin-Hero, M|88\/100\n|turn|22\n|\n|t:|1701143360\n|move|p1a: Eternatus|Protect|p1a: Eternatus\n|-singleturn|p1a: Eternatus|Protect\n|move|p2a: Palafin|Jet Punch|p1a: Eternatus\n|-activate|p1a: Eternatus|move: Protect\n|\n|upkeep\n|turn|23\n|\n|t:|1701143366\n|move|p2a: Palafin|Jet Punch|p1a: Eternatus\n|-damage|p1a: Eternatus|0 fnt\n|faint|p1a: Eternatus\n|\n|win|LITLE0\n|raw|CJSAY19's rating: 1073 &rarr; <strong>1057<\/strong><br \/>(-16 for losing)\n|raw|LITLE0's rating: 1163 &rarr; <strong>1182<\/strong><br \/>(+19 for winning)\n|l|\u2606CJSAY19\n","uploadtime":1701143371,"views":1,"p1id":"cjsay19","p2id":"litle0","formatid":"gen9ubers","rating":1057,"private":0,"password":""}