{"id":"gen9ubers-1968707477","p1":"ArekkusuKage","p2":"Mootagen\u265e","format":"[Gen 9] Ubers","log":"|j|\u2606ArekkusuKage\n|j|\u2606Mootagen\u265e\n|t:|1697456305\n|gametype|singles\n|player|p1|ArekkusuKage|juan|\n|player|p2|Mootagen\u265e|turo|\n|teamsize|p1|6\n|teamsize|p2|5\n|gen|9\n|tier|[Gen 9] Ubers\n|rule|Sleep Clause Mod: Limit one foe put to sleep\n|rule|Species Clause: Limit one of each Pok\u00e9mon\n|rule|OHKO Clause: OHKO moves are banned\n|rule|Evasion Items Clause: Evasion items are banned\n|rule|Evasion Moves Clause: Evasion moves are banned\n|rule|Endless Battle Clause: Forcing endless battles is banned\n|rule|HP Percentage Mod: HP is shown in percentages\n|clearpoke\n|poke|p1|Azumarill, M|\n|poke|p1|Ursaluna-Bloodmoon, M|\n|poke|p1|Decidueye, M|\n|poke|p1|Dragonite, M|\n|poke|p1|Slither Wing|\n|poke|p1|Ogerpon-Cornerstone, F|\n|poke|p2|Dragapult, F|\n|poke|p2|Great Tusk|\n|poke|p2|Manaphy|\n|poke|p2|Muk-Alola, M|\n|poke|p2|Ninetales-Alola, F|\n|teampreview\n|\n|t:|1697456329\n|start\n|switch|p1a: Decidueye|Decidueye, M|100\/100\n|switch|p2a: Sharon|Ninetales-Alola, F, shiny|100\/100\n|-weather|Snow|[from] ability: Snow Warning|[of] p2a: Sharon\n|turn|1\n|\n|t:|1697456354\n|move|p2a: Sharon|Aurora Veil|p2a: Sharon\n|-sidestart|p2: Mootagen\u265e|move: Aurora Veil\n|move|p1a: Decidueye|Swords Dance|p1a: Decidueye\n|-boost|p1a: Decidueye|atk|2\n|\n|-weather|Snow|[upkeep]\n|upkeep\n|turn|2\n|\n|t:|1697456358\n|move|p2a: Sharon|Encore|p1a: Decidueye\n|-start|p1a: Decidueye|Encore\n|move|p1a: Decidueye|Swords Dance|p1a: Decidueye\n|-boost|p1a: Decidueye|atk|2\n|\n|-weather|Snow|[upkeep]\n|upkeep\n|turn|3\n|\n|t:|1697456361\n|move|p2a: Sharon|Freeze-Dry|p1a: Decidueye\n|-supereffective|p1a: Decidueye\n|-damage|p1a: Decidueye|44\/100\n|-status|p1a: Decidueye|frz\n|-curestatus|p1a: Decidueye|frz|[msg]\n|move|p1a: Decidueye|Swords Dance|p1a: Decidueye\n|-boost|p1a: Decidueye|atk|2\n|\n|-weather|Snow|[upkeep]\n|-heal|p1a: Decidueye|50\/100|[from] item: Leftovers\n|upkeep\n|turn|4\n|\n|t:|1697456364\n|move|p2a: Sharon|Freeze-Dry|p1a: Decidueye\n|-supereffective|p1a: Decidueye\n|-damage|p1a: Decidueye|0 fnt\n|faint|p1a: Decidueye\n|\n|-weather|Snow|[upkeep]\n|upkeep\n|\n|t:|1697456377\n|switch|p1a: Org|Ogerpon-Cornerstone, F|100\/100\n|turn|5\n|\n|t:|1697456385\n|switch|p2a: Dragapulty|Dragapult, F|100\/100\n|-terastallize|p1a: Org|Rock\n|detailschange|p1a: Org|Ogerpon-Cornerstone-Tera, F, tera:Rock\n|-ability|p1a: Org|Embody Aspect (Cornerstone)|boost\n|-boost|p1a: Org|def|1\n|move|p1a: Org|Ivy Cudgel|p2a: Dragapulty\n|-damage|p2a: Dragapulty|44\/100\n|\n|-weather|none\n|-heal|p2a: Dragapulty|50\/100|[from] item: Leftovers\n|upkeep\n|turn|6\n|\n|t:|1697456402\n|move|p2a: Dragapulty|Thunder Wave|p1a: Org\n|-status|p1a: Org|par\n|move|p1a: Org|Ivy Cudgel|p2a: Dragapulty\n|-damage|p2a: Dragapulty|0 fnt\n|faint|p2a: Dragapulty\n|\n|upkeep\n|\n|t:|1697456447\n|switch|p2a: Donald|Great Tusk|100\/100\n|-enditem|p2a: Donald|Booster Energy\n|-activate|p2a: Donald|ability: Protosynthesis|[fromitem]\n|-start|p2a: Donald|protosynthesisspe\n|turn|7\n|\n|t:|1697456457\n|-terastallize|p2a: Donald|Ice\n|move|p2a: Donald|Bulk Up|p2a: Donald\n|-boost|p2a: Donald|atk|1\n|-boost|p2a: Donald|def|1\n|cant|p1a: Org|par\n|\n|upkeep\n|turn|8\n|\n|t:|1697456464\n|move|p2a: Donald|Headlong Rush|p1a: Org\n|-supereffective|p1a: Org\n|-damage|p1a: Org|0 fnt\n|-unboost|p2a: Donald|def|1\n|-unboost|p2a: Donald|spd|1\n|faint|p1a: Org\n|\n|-sideend|p2: Mootagen\u265e|move: Aurora Veil\n|upkeep\n|\n|t:|1697456472\n|switch|p1a: Dragonite|Dragonite, M|100\/100\n|turn|9\n|\n|t:|1697456475\n|move|p2a: Donald|Ice Spinner|p1a: Dragonite\n|-supereffective|p1a: Dragonite\n|-damage|p1a: Dragonite|0 fnt\n|faint|p1a: Dragonite\n|\n|upkeep\n|\n|t:|1697456487\n|switch|p1a: Slither Wing|Slither Wing|100\/100\n|turn|10\n|\n|t:|1697456500\n|move|p2a: Donald|Ice Spinner|p1a: Slither Wing\n|-damage|p1a: Slither Wing|33\/100\n|move|p1a: Slither Wing|Close Combat|p2a: Donald\n|-supereffective|p2a: Donald\n|-damage|p2a: Donald|0 fnt\n|-unboost|p1a: Slither Wing|def|1\n|-unboost|p1a: Slither Wing|spd|1\n|faint|p2a: Donald\n|-end|p2a: Donald|Protosynthesis|[silent]\n|\n|upkeep\n|\n|t:|1697456507\n|switch|p2a: Sharon|Ninetales-Alola, F, shiny|100\/100\n|-weather|Snow|[from] ability: Snow Warning|[of] p2a: Sharon\n|turn|11\n|\n|t:|1697456509\n|move|p2a: Sharon|Aurora Veil|p2a: Sharon\n|-sidestart|p2: Mootagen\u265e|move: Aurora Veil\n|move|p1a: Slither Wing|Close Combat|p2a: Sharon\n|-damage|p2a: Sharon|46\/100\n|-unboost|p1a: Slither Wing|def|1\n|-unboost|p1a: Slither Wing|spd|1\n|\n|-weather|Snow|[upkeep]\n|upkeep\n|turn|12\n|\n|t:|1697456512\n|move|p2a: Sharon|Moonblast|p1a: Slither Wing\n|-supereffective|p1a: Slither Wing\n|-damage|p1a: Slither Wing|0 fnt\n|faint|p1a: Slither Wing\n|-end|p1a: Slither Wing|Protosynthesis|[silent]\n|\n|-weather|Snow|[upkeep]\n|upkeep\n|\n|t:|1697456520\n|switch|p1a: Azumarill|Azumarill, M|100\/100\n|turn|13\n|\n|t:|1697456525\n|move|p2a: Sharon|Freeze-Dry|p1a: Azumarill\n|-supereffective|p1a: Azumarill\n|-damage|p1a: Azumarill|44\/100\n|move|p1a: Azumarill|Liquidation|p2a: Sharon\n|-damage|p2a: Sharon|4\/100\n|-unboost|p2a: Sharon|def|1\n|\n|-weather|Snow|[upkeep]\n|upkeep\n|turn|14\n|\n|t:|1697456536\n|switch|p2a: Pugh|Manaphy|100\/100\n|move|p1a: Azumarill|Liquidation|p2a: Pugh\n|-resisted|p2a: Pugh\n|-damage|p2a: Pugh|80\/100\n|\n|-weather|Snow|[upkeep]\n|upkeep\n|turn|15\n|\n|t:|1697456540\n|move|p2a: Pugh|Tail Glow|p2a: Pugh\n|-boost|p2a: Pugh|spa|3\n|move|p1a: Azumarill|Liquidation|p2a: Pugh\n|-resisted|p2a: Pugh\n|-damage|p2a: Pugh|60\/100\n|\n|-weather|none\n|upkeep\n|turn|16\n|\n|t:|1697456544\n|move|p2a: Pugh|Tera Blast|p1a: Azumarill\n|-damage|p1a: Azumarill|0 fnt\n|faint|p1a: Azumarill\n|\n|upkeep\n|\n|t:|1697456546\n|switch|p1a: Ursaluna|Ursaluna-Bloodmoon, M|100\/100\n|turn|17\n|\n|t:|1697456553\n|move|p2a: Pugh|Surf|p1a: Ursaluna\n|-supereffective|p1a: Ursaluna\n|-damage|p1a: Ursaluna|0 fnt\n|faint|p1a: Ursaluna\n|\n|win|Mootagen\u265e\n|c|\u2606Mootagen\u265e|gg\n","uploadtime":1697456557,"views":23,"p1id":"arekkusukage","p2id":"mootagen","formatid":"gen9ubers","rating":0,"private":0,"password":""}