{"id":"gen9ubers-1975607159","p1":"SEUIf","p2":"Elscorchie","format":"[Gen 9] Ubers","log":"|j|\u2606SEUIf\n|j|\u2606Elscorchie\n|t:|1698211999\n|gametype|singles\n|player|p1|SEUIf|ingo-hisui|1218\n|player|p2|Elscorchie|lucas|1149\n|teamsize|p1|6\n|teamsize|p2|6\n|gen|9\n|tier|[Gen 9] Ubers\n|rated|\n|rule|Sleep Clause Mod: Limit one foe put to sleep\n|rule|Species Clause: Limit one of each Pok\u00e9mon\n|rule|OHKO Clause: OHKO moves are banned\n|rule|Evasion Items Clause: Evasion items are banned\n|rule|Evasion Moves Clause: Evasion moves are banned\n|rule|Endless Battle Clause: Forcing endless battles is banned\n|rule|HP Percentage Mod: HP is shown in percentages\n|clearpoke\n|poke|p1|Kingambit, M|\n|poke|p1|Miraidon|\n|poke|p1|Iron Bundle|\n|poke|p1|Ting-Lu|\n|poke|p1|Skeledirge, F|\n|poke|p1|Corviknight, M|\n|poke|p2|Ursaluna-Bloodmoon, M|\n|poke|p2|Torterra, M|\n|poke|p2|Gliscor, M|\n|poke|p2|Great Tusk|\n|poke|p2|Landorus, M|\n|poke|p2|Quagsire, F|\n|teampreview\n|c|\u2606SEUIf|Eight ground types\n|inactive|Battle timer is ON: inactive players will automatically lose when time's up. (requested by Elscorchie)\n|\n|t:|1698212026\n|start\n|switch|p1a: Corviknight|Corviknight, M|100\/100\n|switch|p2a: Quagsire|Quagsire, F|100\/100\n|-ability|p1a: Corviknight|Pressure\n|turn|1\n|\n|t:|1698212035\n|move|p1a: Corviknight|Body Press|p2a: Quagsire\n|-damage|p2a: Quagsire|80\/100\n|-damage|p1a: Corviknight|84\/100|[from] item: Rocky Helmet|[of] p2a: Quagsire\n|move|p2a: Quagsire|Liquidation|p1a: Corviknight\n|-damage|p1a: Corviknight|69\/100\n|\n|-heal|p1a: Corviknight|75\/100|[from] item: Leftovers\n|upkeep\n|turn|2\n|\n|t:|1698212061\n|move|p1a: Corviknight|U-turn|p2a: Quagsire\n|-damage|p2a: Quagsire|67\/100\n|-damage|p1a: Corviknight|59\/100|[from] item: Rocky Helmet|[of] p2a: Quagsire\n|\n|t:|1698212066\n|switch|p1a: Iron Bundle|Iron Bundle|100\/100|[from] U-turn\n|move|p2a: Quagsire|Liquidation|p1a: Iron Bundle\n|-resisted|p1a: Iron Bundle\n|-damage|p1a: Iron Bundle|86\/100\n|\n|upkeep\n|turn|3\n|\n|t:|1698212073\n|move|p1a: Iron Bundle|Freeze-Dry|p2a: Quagsire\n|-supereffective|p2a: Quagsire\n|-damage|p2a: Quagsire|0 fnt\n|faint|p2a: Quagsire\n|\n|upkeep\n|\n|t:|1698212085\n|switch|p2a: Great Tusk|Great Tusk|100\/100\n|-enditem|p2a: Great Tusk|Booster Energy\n|-activate|p2a: Great Tusk|ability: Protosynthesis|[fromitem]\n|-start|p2a: Great Tusk|protosynthesisatk\n|turn|4\n|\n|t:|1698212092\n|-end|p1a: Iron Bundle|Quark Drive|[silent]\n|switch|p1a: Corviknight|Corviknight, M|59\/100\n|-ability|p1a: Corviknight|Pressure\n|move|p2a: Great Tusk|Close Combat|p1a: Corviknight\n|-damage|p1a: Corviknight|1\/100\n|-unboost|p2a: Great Tusk|def|1\n|-unboost|p2a: Great Tusk|spd|1\n|\n|-heal|p1a: Corviknight|7\/100|[from] item: Leftovers\n|upkeep\n|turn|5\n|\n|t:|1698212106\n|move|p2a: Great Tusk|Rapid Spin|p1a: Corviknight\n|-resisted|p1a: Corviknight\n|-damage|p1a: Corviknight|0 fnt\n|-boost|p2a: Great Tusk|spe|1\n|faint|p1a: Corviknight\n|\n|upkeep\n|\n|t:|1698212109\n|switch|p1a: Miraidon|Miraidon|100\/100\n|-fieldstart|move: Electric Terrain|[from] ability: Hadron Engine|[of] p1a: Miraidon\n|turn|6\n|\n|t:|1698212114\n|move|p2a: Great Tusk|Headlong Rush|p1a: Miraidon\n|-supereffective|p1a: Miraidon\n|-damage|p1a: Miraidon|0 fnt\n|-unboost|p2a: Great Tusk|def|1\n|-unboost|p2a: Great Tusk|spd|1\n|faint|p1a: Miraidon\n|\n|upkeep\n|\n|t:|1698212117\n|switch|p1a: Iron Bundle|Iron Bundle|86\/100\n|-activate|p1a: Iron Bundle|ability: Quark Drive\n|-start|p1a: Iron Bundle|quarkdrivespe\n|turn|7\n|\n|t:|1698212124\n|move|p1a: Iron Bundle|Ice Beam|p2a: Great Tusk\n|-supereffective|p2a: Great Tusk\n|-damage|p2a: Great Tusk|0 fnt\n|faint|p2a: Great Tusk\n|-end|p2a: Great Tusk|Protosynthesis|[silent]\n|\n|upkeep\n|\n|t:|1698212142\n|switch|p2a: Torterra|Torterra, M|100\/100\n|turn|8\n|\n|t:|1698212148\n|-terastallize|p2a: Torterra|Rock\n|move|p1a: Iron Bundle|Ice Beam|p2a: Torterra\n|-damage|p2a: Torterra|51\/100\n|-status|p2a: Torterra|frz\n|cant|p2a: Torterra|frz\n|\n|upkeep\n|turn|9\n|\n|t:|1698212154\n|move|p1a: Iron Bundle|Hydro Pump|p2a: Torterra\n|-supereffective|p2a: Torterra\n|-damage|p2a: Torterra|0 fnt\n|faint|p2a: Torterra\n|\n|upkeep\n|\n|t:|1698212157\n|switch|p2a: Gliscor|Gliscor, M|100\/100\n|turn|10\n|\n|t:|1698212159\n|move|p1a: Iron Bundle|Hydro Pump|p2a: Gliscor|[miss]\n|-miss|p1a: Iron Bundle|p2a: Gliscor\n|move|p2a: Gliscor|Earthquake|p1a: Iron Bundle\n|-damage|p1a: Iron Bundle|37\/100\n|\n|-fieldend|move: Electric Terrain\n|-end|p1a: Iron Bundle|Quark Drive\n|-status|p2a: Gliscor|tox|[from] item: Toxic Orb\n|upkeep\n|turn|11\n|\n|t:|1698212164\n|move|p1a: Iron Bundle|Ice Beam|p2a: Gliscor\n|-supereffective|p2a: Gliscor\n|-damage|p2a: Gliscor|0 fnt\n|faint|p2a: Gliscor\n|\n|upkeep\n|\n|t:|1698212166\n|switch|p2a: Landorus|Landorus, M|100\/100\n|turn|12\n|\n|t:|1698212171\n|-end|p1a: Iron Bundle|Quark Drive|[silent]\n|switch|p1a: Ting-Lu|Ting-Lu|100\/100\n|-ability|p1a: Ting-Lu|Vessel of Ruin\n|move|p2a: Landorus|Sludge Bomb|p1a: Ting-Lu\n|-resisted|p1a: Ting-Lu\n|-crit|p1a: Ting-Lu\n|-damage|p1a: Ting-Lu|85\/100\n|\n|-heal|p1a: Ting-Lu|91\/100|[from] item: Leftovers\n|upkeep\n|turn|13\n|\n|t:|1698212179\n|move|p2a: Landorus|Stealth Rock|p1a: Ting-Lu\n|-sidestart|p1: SEUIf|move: Stealth Rock\n|move|p1a: Ting-Lu|Stealth Rock|p2a: Landorus\n|-sidestart|p2: Elscorchie|move: Stealth Rock\n|\n|-heal|p1a: Ting-Lu|98\/100|[from] item: Leftovers\n|upkeep\n|turn|14\n|\n|t:|1698212185\n|move|p2a: Landorus|Sandsear Storm|p1a: Ting-Lu|[miss]\n|-miss|p2a: Landorus|p1a: Ting-Lu\n|move|p1a: Ting-Lu|Spikes|p2a: Landorus\n|-sidestart|p2: Elscorchie|Spikes\n|\n|-heal|p1a: Ting-Lu|100\/100|[from] item: Leftovers\n|upkeep\n|turn|15\n|\n|t:|1698212195\n|move|p2a: Landorus|Sandsear Storm|p1a: Ting-Lu\n|-damage|p1a: Ting-Lu|65\/100\n|move|p1a: Ting-Lu|Spikes|p2a: Landorus\n|-sidestart|p2: Elscorchie|Spikes\n|\n|-heal|p1a: Ting-Lu|71\/100|[from] item: Leftovers\n|upkeep\n|turn|16\n|\n|t:|1698212200\n|move|p2a: Landorus|Sandsear Storm|p1a: Ting-Lu\n|-damage|p1a: Ting-Lu|32\/100\n|move|p1a: Ting-Lu|Spikes|p2a: Landorus\n|-sidestart|p2: Elscorchie|Spikes\n|\n|-heal|p1a: Ting-Lu|38\/100|[from] item: Leftovers\n|upkeep\n|turn|17\n|\n|t:|1698212204\n|move|p2a: Landorus|Sandsear Storm|p1a: Ting-Lu\n|-damage|p1a: Ting-Lu|2\/100\n|move|p1a: Ting-Lu|Whirlwind|p2a: Landorus\n|drag|p2a: Ursaluna|Ursaluna-Bloodmoon, M|100\/100\n|-damage|p2a: Ursaluna|94\/100|[from] Stealth Rock\n|-damage|p2a: Ursaluna|69\/100|[from] Spikes\n|\n|-heal|p2a: Ursaluna|75\/100|[from] item: Leftovers\n|-heal|p1a: Ting-Lu|8\/100|[from] item: Leftovers\n|upkeep\n|turn|18\n|\n|t:|1698212211\n|move|p2a: Ursaluna|Earth Power|p1a: Ting-Lu\n|-damage|p1a: Ting-Lu|0 fnt\n|faint|p1a: Ting-Lu\n|\n|-heal|p2a: Ursaluna|82\/100|[from] item: Leftovers\n|upkeep\n|\n|t:|1698212217\n|switch|p1a: Iron Bundle|Iron Bundle|37\/100\n|turn|19\n|\n|t:|1698212225\n|move|p1a: Iron Bundle|Hydro Pump|p2a: Ursaluna\n|-supereffective|p2a: Ursaluna\n|-damage|p2a: Ursaluna|0 fnt\n|faint|p2a: Ursaluna\n|\n|upkeep\n|\n|t:|1698212229\n|switch|p2a: Landorus|Landorus, M|100\/100\n|-damage|p2a: Landorus|88\/100|[from] Stealth Rock\n|turn|20\n|\n|t:|1698212232\n|move|p1a: Iron Bundle|Ice Beam|p2a: Landorus\n|-supereffective|p2a: Landorus\n|-damage|p2a: Landorus|0 fnt\n|faint|p2a: Landorus\n|\n|win|SEUIf\n|raw|SEUIf's rating: 1218 &rarr; <strong>1238<\/strong><br \/>(+20 for winning)\n|raw|Elscorchie's rating: 1149 &rarr; <strong>1129<\/strong><br \/>(-20 for losing)\n|l|\u2606Elscorchie\n","uploadtime":1698212237,"views":12,"p1id":"seuif","p2id":"elscorchie","formatid":"gen9ubers","rating":1129,"private":0,"password":""}