{"id":"gen9ubers-1972086606","p1":"xonsonura","p2":"The Cherished One","format":"[Gen 9] Ubers","log":"|j|\u2606xonsonura\n|j|\u2606The Cherished One\n|t:|1697811679\n|gametype|singles\n|player|p1|xonsonura|parasollady-gen4|1080\n|player|p2|The Cherished One|cueball-gen1rb|1228\n|teamsize|p1|6\n|teamsize|p2|6\n|gen|9\n|tier|[Gen 9] Ubers\n|rated|\n|rule|Sleep Clause Mod: Limit one foe put to sleep\n|rule|Species Clause: Limit one of each Pok\u00e9mon\n|rule|OHKO Clause: OHKO moves are banned\n|rule|Evasion Items Clause: Evasion items are banned\n|rule|Evasion Moves Clause: Evasion moves are banned\n|rule|Endless Battle Clause: Forcing endless battles is banned\n|rule|HP Percentage Mod: HP is shown in percentages\n|clearpoke\n|poke|p1|Giratina-Origin|\n|poke|p1|Miraidon|\n|poke|p1|Koraidon|\n|poke|p1|Ribombee, F|\n|poke|p1|Zacian-*|\n|poke|p1|Great Tusk|\n|poke|p2|Ribombee, M|\n|poke|p2|Arceus|\n|poke|p2|Zacian-*|\n|poke|p2|Eternatus|\n|poke|p2|Mewtwo|\n|poke|p2|Koraidon|\n|teampreview\n|\n|t:|1697811691\n|start\n|switch|p1a: Ribombee|Ribombee, F|100\/100\n|switch|p2a: Ribombee|Ribombee, M|100\/100\n|turn|1\n|\n|t:|1697811737\n|switch|p2a: Eternatus|Eternatus, shiny|100\/100\n|-ability|p2a: Eternatus|Pressure\n|move|p1a: Ribombee|Sticky Web|p2a: Eternatus\n|-sidestart|p2: The Cherished One|move: Sticky Web\n|\n|upkeep\n|turn|2\n|\n|t:|1697811740\n|move|p1a: Ribombee|Stun Spore|p2a: Eternatus\n|-status|p2a: Eternatus|par\n|move|p2a: Eternatus|Agility|p2a: Eternatus\n|-boost|p2a: Eternatus|spe|2\n|\n|upkeep\n|turn|3\n|inactive|Battle timer is ON: inactive players will automatically lose when time's up. (requested by The Cherished One)\n|\n|t:|1697811765\n|move|p1a: Ribombee|Moonblast|p2a: Eternatus\n|-damage|p2a: Eternatus|73\/100 par\n|-unboost|p2a: Eternatus|spa|1\n|move|p2a: Eternatus|Agility|p2a: Eternatus\n|-boost|p2a: Eternatus|spe|2\n|\n|upkeep\n|turn|4\n|\n|t:|1697811770\n|move|p2a: Eternatus|Sludge Bomb|p1a: Ribombee\n|-supereffective|p1a: Ribombee\n|-enditem|p1a: Ribombee|Focus Sash\n|-damage|p1a: Ribombee|1\/100\n|-status|p1a: Ribombee|psn\n|-damage|p2a: Eternatus|63\/100 par|[from] item: Life Orb\n|move|p1a: Ribombee|Moonblast|p2a: Eternatus\n|-damage|p2a: Eternatus|35\/100 par\n|\n|-damage|p1a: Ribombee|0 fnt|[from] psn\n|faint|p1a: Ribombee\n|upkeep\n|c|\u2606The Cherished One|why not shield dust\n|\n|t:|1697811788\n|switch|p1a: Zacian|Zacian-Crowned|100\/100\n|-ability|p1a: Zacian|Intrepid Sword|boost\n|-boost|p1a: Zacian|atk|1\n|turn|5\n|\n|t:|1697811790\n|move|p2a: Eternatus|Fire Blast|p1a: Zacian\n|-supereffective|p1a: Zacian\n|-damage|p1a: Zacian|26\/100\n|-damage|p2a: Eternatus|25\/100 par|[from] item: Life Orb\n|move|p1a: Zacian|Behemoth Blade|p2a: Eternatus\n|-damage|p2a: Eternatus|0 fnt\n|faint|p2a: Eternatus\n|\n|upkeep\n|inactive|The Cherished One has 120 seconds left.\n|\n|t:|1697811843\n|switch|p2a: Arceus|Arceus|100\/100\n|-activate|p2a: Arceus|move: Sticky Web\n|-unboost|p2a: Arceus|spe|1\n|turn|6\n|\n|t:|1697811849\n|move|p1a: Zacian|Close Combat|p2a: Arceus\n|-supereffective|p2a: Arceus\n|-damage|p2a: Arceus|0 fnt\n|-unboost|p1a: Zacian|def|1\n|-unboost|p1a: Zacian|spd|1\n|faint|p2a: Arceus\n|\n|upkeep\n|\n|t:|1697811861\n|switch|p2a: Zacian|Zacian-Crowned|100\/100\n|-activate|p2a: Zacian|move: Sticky Web\n|-unboost|p2a: Zacian|spe|1\n|-ability|p2a: Zacian|Intrepid Sword|boost\n|-boost|p2a: Zacian|atk|1\n|turn|7\n|\n|t:|1697811865\n|move|p1a: Zacian|Behemoth Blade|p2a: Zacian\n|-damage|p2a: Zacian|21\/100\n|move|p2a: Zacian|Behemoth Blade|p1a: Zacian\n|-damage|p1a: Zacian|0 fnt\n|faint|p1a: Zacian\n|\n|upkeep\n|inactive|xonsonura has 120 seconds left.\n|\n|t:|1697811896\n|switch|p1a: Miraidon|Miraidon|100\/100\n|-fieldstart|move: Electric Terrain|[from] ability: Hadron Engine|[of] p1a: Miraidon\n|turn|8\n|inactive|The Cherished One has 120 seconds left.\n|inactive|The Cherished One has 90 seconds left.\n|\n|t:|1697811937\n|move|p1a: Miraidon|Electro Drift|p2a: Zacian\n|-damage|p2a: Zacian|0 fnt\n|faint|p2a: Zacian\n|-damage|p1a: Miraidon|91\/100|[from] item: Life Orb\n|\n|upkeep\n|\n|t:|1697811938\n|switch|p2a: Ribombee|Ribombee, M|100\/100\n|-activate|p2a: Ribombee|move: Sticky Web\n|-unboost|p2a: Ribombee|spe|1\n|turn|9\n|\n|t:|1697811943\n|move|p1a: Miraidon|Volt Switch|p2a: Ribombee\n|-enditem|p2a: Ribombee|Focus Sash\n|-damage|p2a: Ribombee|1\/100\n|-damage|p1a: Miraidon|81\/100|[from] item: Life Orb\n|\n|t:|1697811955\n|switch|p1a: Great Tusk|Great Tusk|100\/100|[from] Volt Switch\n|move|p2a: Ribombee|Sticky Web|p1a: Great Tusk\n|-sidestart|p1: xonsonura|move: Sticky Web\n|\n|upkeep\n|turn|10\n|\n|t:|1697811958\n|move|p1a: Great Tusk|Rapid Spin|p2a: Ribombee\n|-damage|p2a: Ribombee|0 fnt\n|-boost|p1a: Great Tusk|spe|1\n|-sideend|p1: xonsonura|Sticky Web|[from] move: Rapid Spin|[of] p1a: Great Tusk\n|faint|p2a: Ribombee\n|\n|upkeep\n|\n|t:|1697811964\n|switch|p2a: Mewtwo|Mewtwo, shiny|100\/100\n|-activate|p2a: Mewtwo|move: Sticky Web\n|-unboost|p2a: Mewtwo|spe|1\n|-ability|p2a: Mewtwo|Pressure\n|turn|11\n|inactive|The Cherished One has 120 seconds left.\n|\n|t:|1697811976\n|move|p1a: Great Tusk|Earthquake|p2a: Mewtwo\n|-damage|p2a: Mewtwo|50\/100\n|move|p2a: Mewtwo|Psystrike|p1a: Great Tusk\n|-supereffective|p1a: Great Tusk\n|-damage|p1a: Great Tusk|30\/100\n|\n|-heal|p2a: Mewtwo|56\/100|[from] item: Leftovers\n|upkeep\n|turn|12\n|\n|t:|1697811979\n|move|p1a: Great Tusk|Earthquake|p2a: Mewtwo\n|-damage|p2a: Mewtwo|10\/100\n|move|p2a: Mewtwo|Psystrike|p1a: Great Tusk\n|-supereffective|p1a: Great Tusk\n|-damage|p1a: Great Tusk|0 fnt\n|faint|p1a: Great Tusk\n|-end|p1a: Great Tusk|Protosynthesis|[silent]\n|\n|-heal|p2a: Mewtwo|17\/100|[from] item: Leftovers\n|-fieldend|move: Electric Terrain\n|upkeep\n|\n|t:|1697811982\n|switch|p1a: Miraidon|Miraidon|81\/100\n|-fieldstart|move: Electric Terrain|[from] ability: Hadron Engine|[of] p1a: Miraidon\n|turn|13\n|\n|t:|1697811983\n|move|p1a: Miraidon|Electro Drift|p2a: Mewtwo\n|-damage|p2a: Mewtwo|0 fnt\n|faint|p2a: Mewtwo\n|-damage|p1a: Miraidon|71\/100|[from] item: Life Orb\n|\n|upkeep\n|\n|t:|1697811985\n|switch|p2a: Koraidon|Koraidon|100\/100\n|-activate|p2a: Koraidon|move: Sticky Web\n|-unboost|p2a: Koraidon|spe|1\n|-weather|SunnyDay|[from] ability: Orichalcum Pulse|[of] p2a: Koraidon\n|-activate|p2a: Koraidon|Orichalcum Pulse|[source]\n|turn|14\n|\n|t:|1697811991\n|-terastallize|p2a: Koraidon|Fire\n|move|p1a: Miraidon|Electro Drift|p2a: Koraidon\n|-damage|p2a: Koraidon|0 fnt\n|faint|p2a: Koraidon\n|-damage|p1a: Miraidon|61\/100|[from] item: Life Orb\n|\n|win|xonsonura\n|raw|xonsonura's rating: 1080 &rarr; <strong>1119<\/strong><br \/>(+39 for winning)\n|raw|The Cherished One's rating: 1228 &rarr; <strong>1193<\/strong><br \/>(-35 for losing)\n|l|\u2606The Cherished One\n","uploadtime":1697811997,"views":11,"p1id":"xonsonura","p2id":"thecherishedone","formatid":"gen9ubers","rating":1119,"private":0,"password":""}