{"id":"gen9ubers-1990579120","p1":"baleine_poilu","p2":"Nitro524","format":"[Gen 9] Ubers","log":"|j|\u2606baleine_poilu\n|j|\u2606Nitro524\n|t:|1699983010\n|gametype|singles\n|player|p1|baleine_poilu|silver|\n|player|p2|Nitro524|hilbert|\n|teamsize|p1|6\n|teamsize|p2|6\n|gen|9\n|tier|[Gen 9] Ubers\n|rule|Sleep Clause Mod: Limit one foe put to sleep\n|rule|Species Clause: Limit one of each Pok\u00e9mon\n|rule|OHKO Clause: OHKO moves are banned\n|rule|Evasion Items Clause: Evasion items are banned\n|rule|Evasion Moves Clause: Evasion moves are banned\n|rule|Endless Battle Clause: Forcing endless battles is banned\n|rule|HP Percentage Mod: HP is shown in percentages\n|clearpoke\n|poke|p1|Torkoal, F|\n|poke|p1|Volcarona, F|\n|poke|p1|Roaring Moon|\n|poke|p1|Walking Wake|\n|poke|p1|Zacian-*|\n|poke|p1|Garganacl, F|\n|poke|p2|Torkoal, M|\n|poke|p2|Chi-Yu|\n|poke|p2|Lilligant-Hisui, F|\n|poke|p2|Arceus-Poison|\n|poke|p2|Roaring Moon|\n|poke|p2|Walking Wake|\n|teampreview\n|inactive|Battle timer is ON: inactive players will automatically lose when time's up. (requested by Nitro524)\n|c|\u2606Nitro524|glhf\n|c|\u2606baleine_poilu|glhf\n|\n|t:|1699983025\n|start\n|switch|p1a: Torkoal|Torkoal, F|100\/100\n|switch|p2a: Lilly|Lilligant-Hisui, F|100\/100\n|-weather|SunnyDay|[from] ability: Drought|[of] p1a: Torkoal\n|turn|1\n|\n|t:|1699983051\n|switch|p2a: Hector Salamanca|Roaring Moon|100\/100\n|-activate|p2a: Hector Salamanca|ability: Protosynthesis\n|-start|p2a: Hector Salamanca|protosynthesisspe\n|move|p1a: Torkoal|Will-O-Wisp|p2a: Hector Salamanca|[miss]\n|-miss|p1a: Torkoal|p2a: Hector Salamanca\n|\n|-weather|SunnyDay|[upkeep]\n|upkeep\n|turn|2\n|inactive|Nitro524 has 270 seconds left.\n|\n|t:|1699983075\n|-end|p2a: Hector Salamanca|Protosynthesis|[silent]\n|switch|p2a: Sitting Sleep|Walking Wake|100\/100\n|-activate|p2a: Sitting Sleep|ability: Protosynthesis\n|-start|p2a: Sitting Sleep|protosynthesisspe\n|move|p1a: Torkoal|Stealth Rock|p2a: Sitting Sleep\n|-sidestart|p2: Nitro524|move: Stealth Rock\n|\n|-weather|SunnyDay|[upkeep]\n|upkeep\n|turn|3\n|\n|t:|1699983095\n|switch|p1a: Volcarona|Volcarona, F|100\/100\n|move|p2a: Sitting Sleep|Hydro Steam|p1a: Volcarona\n|-supereffective|p1a: Volcarona\n|-damage|p1a: Volcarona|0 fnt\n|faint|p1a: Volcarona\n|\n|-weather|SunnyDay|[upkeep]\n|upkeep\n|c|\u2606baleine_poilu|missclicked damn\n|c|\u2606Nitro524|it happens\n|inactive|baleine_poilu has 270 seconds left.\n|\n|t:|1699983116\n|switch|p1a: Roaring Moon|Roaring Moon|100\/100\n|-activate|p1a: Roaring Moon|ability: Protosynthesis\n|-start|p1a: Roaring Moon|protosynthesisspe\n|turn|4\n|inactive|baleine_poilu has 270 seconds left.\n|\n|t:|1699983131\n|-end|p2a: Sitting Sleep|Protosynthesis|[silent]\n|switch|p2a: Lilly|Lilligant-Hisui, F|100\/100\n|move|p1a: Roaring Moon|Knock Off|p2a: Lilly\n|-resisted|p2a: Lilly\n|-damage|p2a: Lilly|45\/100\n|-enditem|p2a: Lilly|Heavy-Duty Boots|[from] move: Knock Off|[of] p1a: Roaring Moon\n|\n|-weather|SunnyDay|[upkeep]\n|upkeep\n|turn|5\n|inactive|baleine_poilu has 270 seconds left.\n|inactive|Nitro524 has 270 seconds left.\n|\n|t:|1699983151\n|-end|p1a: Roaring Moon|Protosynthesis|[silent]\n|switch|p1a: Torkoal|Torkoal, F|100\/100\n|move|p2a: Lilly|Victory Dance|p2a: Lilly\n|-boost|p2a: Lilly|atk|1\n|-boost|p2a: Lilly|def|1\n|-boost|p2a: Lilly|spe|1\n|\n|-weather|SunnyDay|[upkeep]\n|upkeep\n|turn|6\n|inactive|Nitro524 has 270 seconds left.\n|inactive|baleine_poilu has 270 seconds left.\n|\n|t:|1699983187\n|switch|p2a: Sitting Sleep|Walking Wake|100\/100\n|-damage|p2a: Sitting Sleep|88\/100|[from] Stealth Rock\n|-activate|p2a: Sitting Sleep|ability: Protosynthesis\n|-start|p2a: Sitting Sleep|protosynthesisspe\n|move|p1a: Torkoal|Lava Plume|p2a: Sitting Sleep\n|-resisted|p2a: Sitting Sleep\n|-damage|p2a: Sitting Sleep|78\/100\n|-status|p2a: Sitting Sleep|brn\n|\n|-weather|SunnyDay|[upkeep]\n|-damage|p2a: Sitting Sleep|72\/100 brn|[from] brn\n|upkeep\n|turn|7\n|inactive|baleine_poilu has 240 seconds left.\n|\n|t:|1699983217\n|switch|p1a: Zacian|Zacian|100\/100\n|-ability|p1a: Zacian|Intrepid Sword|boost\n|-boost|p1a: Zacian|atk|1\n|move|p2a: Sitting Sleep|Hydro Steam|p1a: Zacian\n|-damage|p1a: Zacian|22\/100\n|\n|-weather|SunnyDay|[upkeep]\n|-damage|p2a: Sitting Sleep|65\/100 brn|[from] brn\n|upkeep\n|turn|8\n|inactive|baleine_poilu has 240 seconds left.\n|\n|t:|1699983231\n|switch|p1a: Walking Wake|Walking Wake|100\/100\n|-activate|p1a: Walking Wake|ability: Protosynthesis\n|-start|p1a: Walking Wake|protosynthesisspe\n|move|p2a: Sitting Sleep|Hydro Steam|p1a: Walking Wake\n|-resisted|p1a: Walking Wake\n|-damage|p1a: Walking Wake|75\/100\n|\n|-weather|none\n|-end|p2a: Sitting Sleep|Protosynthesis\n|-end|p1a: Walking Wake|Protosynthesis\n|-damage|p2a: Sitting Sleep|59\/100 brn|[from] brn\n|upkeep\n|turn|9\n|inactive|baleine_poilu has 240 seconds left.\n|inactive|Nitro524 has 240 seconds left.\n|\n|t:|1699983272\n|-end|p2a: Sitting Sleep|Protosynthesis|[silent]\n|switch|p2a: Arceus|Arceus-Poison|100\/100\n|-damage|p2a: Arceus|88\/100|[from] Stealth Rock\n|move|p1a: Walking Wake|Draco Meteor|p2a: Arceus\n|-damage|p2a: Arceus|28\/100\n|-unboost|p1a: Walking Wake|spa|2\n|\n|upkeep\n|turn|10\n|\n|t:|1699983299\n|move|p1a: Walking Wake|Draco Meteor|p2a: Arceus\n|-damage|p2a: Arceus|0 fnt\n|-unboost|p1a: Walking Wake|spa|2\n|faint|p2a: Arceus\n|\n|upkeep\n|\n|t:|1699983304\n|switch|p2a: Hector Salamanca|Roaring Moon|100\/100\n|-damage|p2a: Hector Salamanca|88\/100|[from] Stealth Rock\n|-enditem|p2a: Hector Salamanca|Booster Energy\n|-activate|p2a: Hector Salamanca|ability: Protosynthesis|[fromitem]\n|-start|p2a: Hector Salamanca|protosynthesisspe\n|turn|11\n|\n|t:|1699983315\n|-end|p1a: Walking Wake|Protosynthesis|[silent]\n|switch|p1a: Garganacl|Garganacl, F|100\/100\n|move|p2a: Hector Salamanca|Dragon Dance|p2a: Hector Salamanca\n|-boost|p2a: Hector Salamanca|atk|1\n|-boost|p2a: Hector Salamanca|spe|1\n|\n|upkeep\n|turn|12\n|\n|t:|1699983329\n|move|p2a: Hector Salamanca|Earthquake|p1a: Garganacl\n|-supereffective|p1a: Garganacl\n|-damage|p1a: Garganacl|37\/100\n|move|p1a: Garganacl|Salt Cure|p2a: Hector Salamanca\n|-damage|p2a: Hector Salamanca|69\/100\n|-start|p2a: Hector Salamanca|Salt Cure\n|\n|-heal|p1a: Garganacl|44\/100|[from] item: Leftovers\n|-damage|p2a: Hector Salamanca|57\/100|[from] Salt Cure\n|upkeep\n|turn|13\n|\n|t:|1699983345\n|move|p2a: Hector Salamanca|Earthquake|p1a: Garganacl\n|-supereffective|p1a: Garganacl\n|-damage|p1a: Garganacl|0 fnt\n|faint|p1a: Garganacl\n|\n|-damage|p2a: Hector Salamanca|45\/100|[from] Salt Cure\n|upkeep\n|inactive|baleine_poilu has 210 seconds left.\n|\n|t:|1699983359\n|switch|p1a: Torkoal|Torkoal, F|100\/100\n|-weather|SunnyDay|[from] ability: Drought|[of] p1a: Torkoal\n|turn|14\n|inactive|Nitro524 has 240 seconds left.\n|\n|t:|1699983374\n|move|p2a: Hector Salamanca|Earthquake|p1a: Torkoal\n|-supereffective|p1a: Torkoal\n|-damage|p1a: Torkoal|36\/100\n|move|p1a: Torkoal|Will-O-Wisp|p2a: Hector Salamanca\n|-status|p2a: Hector Salamanca|brn\n|\n|-weather|SunnyDay|[upkeep]\n|-damage|p2a: Hector Salamanca|39\/100 brn|[from] brn\n|-damage|p2a: Hector Salamanca|26\/100 brn|[from] Salt Cure\n|upkeep\n|turn|15\n|inactive|baleine_poilu has 210 seconds left.\n|\n|t:|1699983391\n|switch|p1a: Walking Wake|Walking Wake|75\/100\n|-activate|p1a: Walking Wake|ability: Protosynthesis\n|-start|p1a: Walking Wake|protosynthesisspe\n|move|p2a: Hector Salamanca|Earthquake|p1a: Walking Wake\n|-damage|p1a: Walking Wake|47\/100\n|\n|-weather|SunnyDay|[upkeep]\n|-damage|p2a: Hector Salamanca|20\/100 brn|[from] brn\n|-damage|p2a: Hector Salamanca|8\/100 brn|[from] Salt Cure\n|upkeep\n|turn|16\n|inactive|baleine_poilu has 210 seconds left.\n|\n|t:|1699983404\n|move|p2a: Hector Salamanca|Knock Off|p1a: Walking Wake\n|-damage|p1a: Walking Wake|4\/100\n|-enditem|p1a: Walking Wake|Choice Specs|[from] move: Knock Off|[of] p2a: Hector Salamanca\n|move|p1a: Walking Wake|Hydro Steam|p2a: Hector Salamanca\n|-resisted|p2a: Hector Salamanca\n|-damage|p2a: Hector Salamanca|0 fnt\n|faint|p2a: Hector Salamanca\n|-end|p2a: Hector Salamanca|Protosynthesis|[silent]\n|\n|-weather|SunnyDay|[upkeep]\n|upkeep\n|\n|t:|1699983415\n|switch|p2a: Lilly|Lilligant-Hisui, F|45\/100\n|-damage|p2a: Lilly|39\/100|[from] Stealth Rock\n|turn|17\n|\n|t:|1699983426\n|-end|p1a: Walking Wake|Protosynthesis|[silent]\n|switch|p1a: Torkoal|Torkoal, F|36\/100\n|move|p2a: Lilly|Close Combat|p1a: Torkoal\n|-damage|p1a: Torkoal|1\/100\n|-unboost|p2a: Lilly|def|1\n|-unboost|p2a: Lilly|spd|1\n|\n|-weather|SunnyDay|[upkeep]\n|upkeep\n|turn|18\n|inactive|baleine_poilu has 210 seconds left.\n|\n|t:|1699983445\n|move|p2a: Lilly|Ice Spinner|p1a: Torkoal\n|-resisted|p1a: Torkoal\n|-damage|p1a: Torkoal|0 fnt\n|faint|p1a: Torkoal\n|\n|-weather|SunnyDay|[upkeep]\n|upkeep\n|inactive|baleine_poilu has 210 seconds left.\n|\n|t:|1699983457\n|switch|p1a: Zacian|Zacian|22\/100\n|turn|19\n|inactive|baleine_poilu has 210 seconds left.\n|inactive|Nitro524 has 270 seconds left.\n|\n|t:|1699983466\n|move|p2a: Lilly|Solar Blade||[still]\n|-prepare|p2a: Lilly|Solar Blade\n|-anim|p2a: Lilly|Solar Blade|p1a: Zacian\n|-damage|p1a: Zacian|0 fnt\n|faint|p1a: Zacian\n|\n|-weather|SunnyDay|[upkeep]\n|upkeep\n|inactive|baleine_poilu has 210 seconds left.\n|\n|t:|1699983477\n|switch|p1a: Roaring Moon|Roaring Moon|100\/100\n|-activate|p1a: Roaring Moon|ability: Protosynthesis\n|-start|p1a: Roaring Moon|protosynthesisspe\n|turn|20\n|inactive|baleine_poilu has 210 seconds left.\n|\n|t:|1699983494\n|move|p2a: Lilly|Close Combat|p1a: Roaring Moon\n|-supereffective|p1a: Roaring Moon\n|-damage|p1a: Roaring Moon|0 fnt\n|-unboost|p2a: Lilly|def|1\n|-unboost|p2a: Lilly|spd|1\n|faint|p1a: Roaring Moon\n|-end|p1a: Roaring Moon|Protosynthesis|[silent]\n|\n|-weather|SunnyDay|[upkeep]\n|upkeep\n|\n|t:|1699983504\n|switch|p1a: Walking Wake|Walking Wake|4\/100\n|-activate|p1a: Walking Wake|ability: Protosynthesis\n|-start|p1a: Walking Wake|protosynthesisspe\n|turn|21\n|c|\u2606baleine_poilu|gg bro ty\n|c|\u2606Nitro524|gg wp\n|c|\u2606Nitro524|ofc!\n|\n|t:|1699983519\n|move|p2a: Lilly|Solar Blade||[still]\n|-prepare|p2a: Lilly|Solar Blade\n|-anim|p2a: Lilly|Solar Blade|p1a: Walking Wake\n|-damage|p1a: Walking Wake|0 fnt\n|faint|p1a: Walking Wake\n|-end|p1a: Walking Wake|Protosynthesis|[silent]\n|\n|win|Nitro524\n|c|\u2606Nitro524|thanks for playing\n|c|\u2606Nitro524|i gtg for now but we can rematch sometime iyw\n|c|\u2606baleine_poilu|yea sure\n","uploadtime":1699983532,"views":4,"p1id":"baleinepoilu","p2id":"nitro524","formatid":"gen9ubers","rating":0,"private":0,"password":""}