{"id":"gen9ubers-1988115495","p1":"babynogalXD","p2":"Reposti","format":"[Gen 9] Ubers","log":"|j|\u2606babynogalXD\n|j|\u2606Reposti\n|t:|1699671440\n|gametype|singles\n|player|p1|babynogalXD|hilbert|\n|player|p2|Reposti|gentleman-gen4dp|\n|teamsize|p1|6\n|teamsize|p2|6\n|gen|9\n|tier|[Gen 9] Ubers\n|rule|Sleep Clause Mod: Limit one foe put to sleep\n|rule|Species Clause: Limit one of each Pok\u00e9mon\n|rule|OHKO Clause: OHKO moves are banned\n|rule|Evasion Items Clause: Evasion items are banned\n|rule|Evasion Moves Clause: Evasion moves are banned\n|rule|Endless Battle Clause: Forcing endless battles is banned\n|rule|HP Percentage Mod: HP is shown in percentages\n|clearpoke\n|poke|p1|Meowscarada, M|\n|poke|p1|Zacian-*|\n|poke|p1|Arceus-Ghost|\n|poke|p1|Dialga|\n|poke|p1|Palafin, M|\n|poke|p1|Roaring Moon|\n|poke|p2|Urshifu-*, F|\n|poke|p2|Arceus-Ghost|\n|poke|p2|Masquerain, F|\n|poke|p2|Zacian-*|\n|poke|p2|Gholdengo|\n|poke|p2|Shaymin-Sky|\n|teampreview\n|\n|t:|1699671446\n|start\n|switch|p1a: Arceus|Arceus-Ghost|100\/100\n|switch|p2a: Buzzzzzz|Masquerain, F|100\/100\n|-ability|p2a: Buzzzzzz|Intimidate|boost\n|-unboost|p1a: Arceus|atk|1\n|turn|1\n|\n|t:|1699671455\n|move|p1a: Arceus|Taunt|p2a: Buzzzzzz\n|-start|p2a: Buzzzzzz|move: Taunt\n|cant|p2a: Buzzzzzz|move: Taunt|Sticky Web\n|\n|upkeep\n|turn|2\n|\n|t:|1699671460\n|move|p1a: Arceus|Judgment|p2a: Buzzzzzz\n|-damage|p2a: Buzzzzzz|31\/100\n|move|p2a: Buzzzzzz|Foul Play|p1a: Arceus\n|-supereffective|p1a: Arceus\n|-damage|p1a: Arceus|78\/100\n|\n|upkeep\n|turn|3\n|\n|t:|1699671481\n|move|p1a: Arceus|Judgment|p2a: Buzzzzzz\n|-damage|p2a: Buzzzzzz|0 fnt\n|faint|p2a: Buzzzzzz\n|\n|upkeep\n|\n|t:|1699671488\n|switch|p2a: BOO!|Arceus-Ghost|100\/100\n|turn|4\n|\n|t:|1699671496\n|switch|p1a: Meowscarada|Meowscarada, M|100\/100\n|move|p2a: BOO!|Swords Dance|p2a: BOO!\n|-boost|p2a: BOO!|atk|2\n|\n|upkeep\n|turn|5\n|\n|t:|1699671508\n|-terastallize|p2a: BOO!|Normal\n|move|p2a: BOO!|Extreme Speed|p1a: Meowscarada\n|-enditem|p1a: Meowscarada|Focus Sash\n|-damage|p1a: Meowscarada|1\/100\n|move|p1a: Meowscarada|Taunt|p2a: BOO!\n|-start|p1a: Meowscarada|typechange|Dark|[from] ability: Protean\n|-start|p2a: BOO!|move: Taunt\n|\n|upkeep\n|turn|6\n|\n|t:|1699671520\n|move|p2a: BOO!|Extreme Speed|p1a: Meowscarada\n|-damage|p1a: Meowscarada|0 fnt\n|faint|p1a: Meowscarada\n|\n|upkeep\n|\n|t:|1699671577\n|switch|p1a: Zacian|Zacian|100\/100\n|-ability|p1a: Zacian|Intrepid Sword|boost\n|-boost|p1a: Zacian|atk|1\n|turn|7\n|\n|t:|1699671582\n|move|p2a: BOO!|Extreme Speed|p1a: Zacian\n|-damage|p1a: Zacian|25\/100\n|move|p1a: Zacian|Close Combat|p2a: BOO!\n|-supereffective|p2a: BOO!\n|-damage|p2a: BOO!|0 fnt\n|-unboost|p1a: Zacian|def|1\n|-unboost|p1a: Zacian|spd|1\n|faint|p2a: BOO!\n|-damage|p1a: Zacian|15\/100|[from] item: Life Orb\n|\n|upkeep\n|\n|t:|1699671602\n|switch|p2a: Stonks|Gholdengo|100\/100\n|turn|8\n|\n|t:|1699671611\n|move|p2a: Stonks|Make It Rain|p1a: Zacian\n|-supereffective|p1a: Zacian\n|-damage|p1a: Zacian|0 fnt\n|-unboost|p2a: Stonks|spa|1\n|faint|p1a: Zacian\n|\n|upkeep\n|\n|t:|1699671617\n|switch|p1a: Palafin|Palafin, M|100\/100\n|turn|9\n|\n|t:|1699671622\n|switch|p2a: Feelin Lucky?|Shaymin-Sky|100\/100\n|move|p1a: Palafin|Flip Turn|p2a: Feelin Lucky?\n|-resisted|p2a: Feelin Lucky?\n|-damage|p2a: Feelin Lucky?|80\/100\n|\n|t:|1699671630\n|detailschange|p1a: Palafin|Palafin-Hero, M\n|switch|p1a: Roaring Moon|Roaring Moon|100\/100|[from] Flip Turn\n|-enditem|p1a: Roaring Moon|Booster Energy\n|-activate|p1a: Roaring Moon|ability: Protosynthesis|[fromitem]\n|-start|p1a: Roaring Moon|protosynthesisspe\n|\n|upkeep\n|turn|10\n|\n|t:|1699671639\n|move|p1a: Roaring Moon|Acrobatics|p2a: Feelin Lucky?\n|-supereffective|p2a: Feelin Lucky?\n|-damage|p2a: Feelin Lucky?|0 fnt\n|faint|p2a: Feelin Lucky?\n|\n|upkeep\n|\n|t:|1699671644\n|switch|p2a: Banned Doggo|Zacian|100\/100\n|-ability|p2a: Banned Doggo|Intrepid Sword|boost\n|-boost|p2a: Banned Doggo|atk|1\n|turn|11\n|\n|t:|1699671653\n|move|p1a: Roaring Moon|Acrobatics|p2a: Banned Doggo\n|-damage|p2a: Banned Doggo|61\/100\n|move|p2a: Banned Doggo|Play Rough|p1a: Roaring Moon|[miss]\n|-miss|p2a: Banned Doggo|p1a: Roaring Moon\n|\n|upkeep\n|turn|12\n|c|\u2606babynogalXD|mb\n|\n|t:|1699671660\n|move|p1a: Roaring Moon|Acrobatics|p2a: Banned Doggo\n|-damage|p2a: Banned Doggo|22\/100\n|move|p2a: Banned Doggo|Play Rough|p1a: Roaring Moon\n|-supereffective|p1a: Roaring Moon\n|-damage|p1a: Roaring Moon|0 fnt\n|faint|p1a: Roaring Moon\n|-end|p1a: Roaring Moon|Protosynthesis|[silent]\n|\n|upkeep\n|\n|t:|1699671663\n|switch|p1a: Palafin|Palafin-Hero, M|100\/100\n|-activate|p1a: Palafin|ability: Zero to Hero\n|turn|13\n|\n|t:|1699671672\n|switch|p2a: PUNCHES!!!|Urshifu-Rapid-Strike, F|100\/100\n|move|p1a: Palafin|Jet Punch|p2a: PUNCHES!!!\n|-resisted|p2a: PUNCHES!!!\n|-damage|p2a: PUNCHES!!!|70\/100\n|\n|upkeep\n|turn|14\n|\n|t:|1699671682\n|switch|p1a: Arceus|Arceus-Ghost|78\/100\n|move|p2a: PUNCHES!!!|Surging Strikes|p1a: Arceus\n|-crit|p1a: Arceus\n|-damage|p1a: Arceus|54\/100\n|-crit|p1a: Arceus\n|-damage|p1a: Arceus|32\/100\n|-crit|p1a: Arceus\n|-damage|p1a: Arceus|9\/100\n|-hitcount|p1a: Arceus|3\n|\n|upkeep\n|turn|15\n|\n|t:|1699671691\n|move|p1a: Arceus|Judgment|p2a: PUNCHES!!!\n|-damage|p2a: PUNCHES!!!|0 fnt\n|faint|p2a: PUNCHES!!!\n|\n|upkeep\n|\n|t:|1699671696\n|switch|p2a: Stonks|Gholdengo|100\/100\n|turn|16\n|\n|t:|1699671702\n|move|p2a: Stonks|Shadow Ball|p1a: Arceus\n|-supereffective|p1a: Arceus\n|-damage|p1a: Arceus|0 fnt\n|faint|p1a: Arceus\n|\n|upkeep\n|\n|t:|1699671707\n|switch|p1a: Dialga|Dialga|100\/100\n|-ability|p1a: Dialga|Pressure\n|turn|17\n|\n|t:|1699671711\n|switch|p2a: Banned Doggo|Zacian|22\/100\n|move|p1a: Dialga|Heavy Slam|p2a: Banned Doggo\n|-supereffective|p2a: Banned Doggo\n|-damage|p2a: Banned Doggo|0 fnt\n|faint|p2a: Banned Doggo\n|\n|upkeep\n|\n|t:|1699671718\n|switch|p2a: Stonks|Gholdengo|100\/100\n|turn|18\n|\n|t:|1699671721\n|move|p2a: Stonks|Shadow Ball|p1a: Dialga\n|-damage|p1a: Dialga|73\/100\n|move|p1a: Dialga|Heavy Slam|p2a: Stonks\n|-resisted|p2a: Stonks\n|-damage|p2a: Stonks|71\/100\n|\n|upkeep\n|turn|19\n|\n|t:|1699671729\n|move|p2a: Stonks|Shadow Ball|p1a: Dialga\n|-damage|p1a: Dialga|44\/100\n|move|p1a: Dialga|Heavy Slam|p2a: Stonks\n|-resisted|p2a: Stonks\n|-damage|p2a: Stonks|45\/100\n|\n|upkeep\n|turn|20\n|\n|t:|1699671736\n|move|p2a: Stonks|Shadow Ball|p1a: Dialga\n|-damage|p1a: Dialga|16\/100\n|move|p1a: Dialga|Draco Meteor|p2a: Stonks\n|-resisted|p2a: Stonks\n|-damage|p2a: Stonks|7\/100\n|-unboost|p1a: Dialga|spa|2\n|-enditem|p1a: Dialga|Eject Pack\n|\n|t:|1699671738\n|switch|p1a: Palafin|Palafin-Hero, M|100\/100\n|\n|upkeep\n|turn|21\n|c|\u2606babynogalXD|gg\n|-message|Reposti forfeited.\n|\n|win|babynogalXD\n|l|\u2606Reposti\n|j|\u2606Reposti\n|player|p2|Reposti|gentleman-gen4dp\n","uploadtime":1699671750,"views":38,"p1id":"babynogalxd","p2id":"reposti","formatid":"gen9ubers","rating":0,"private":0,"password":""}