{"id":"gen9ubers-1989686800","p1":"Mtygk4","p2":"Nadlei37","format":"[Gen 9] Ubers","log":"|j|\u2606Mtygk4\n|j|\u2606Nadlei37\n|t:|1699886856\n|gametype|singles\n|player|p1|Mtygk4|102|\n|player|p2|Nadlei37|1|\n|teamsize|p1|6\n|teamsize|p2|6\n|gen|9\n|tier|[Gen 9] Ubers\n|rule|Sleep Clause Mod: Limit one foe put to sleep\n|rule|Species Clause: Limit one of each Pok\u00e9mon\n|rule|OHKO Clause: OHKO moves are banned\n|rule|Evasion Items Clause: Evasion items are banned\n|rule|Evasion Moves Clause: Evasion moves are banned\n|rule|Endless Battle Clause: Forcing endless battles is banned\n|rule|HP Percentage Mod: HP is shown in percentages\n|clearpoke\n|poke|p1|Zacian-*|\n|poke|p1|Kingambit, M|\n|poke|p1|Empoleon, M|\n|poke|p1|Corviknight, M|\n|poke|p1|Gliscor, M|\n|poke|p1|Magearna|\n|poke|p2|Roaring Moon|\n|poke|p2|Ting-Lu|\n|poke|p2|Koraidon|\n|poke|p2|Grimmsnarl, M|\n|poke|p2|Chi-Yu|\n|poke|p2|Chien-Pao|\n|teampreview\n|\n|t:|1699886897\n|start\n|switch|p1a: Empoleon|Empoleon, M|100\/100\n|switch|p2a: Grimmsnarl|Grimmsnarl, M|100\/100\n|turn|1\n|\n|t:|1699886910\n|move|p2a: Grimmsnarl|Taunt|p1a: Empoleon\n|-start|p1a: Empoleon|move: Taunt\n|cant|p1a: Empoleon|move: Taunt|Yawn\n|\n|upkeep\n|turn|2\n|\n|t:|1699886916\n|move|p2a: Grimmsnarl|Light Screen|p2a: Grimmsnarl\n|-sidestart|p2: Nadlei37|move: Light Screen\n|move|p1a: Empoleon|Flash Cannon|p2a: Grimmsnarl\n|-supereffective|p2a: Grimmsnarl\n|-damage|p2a: Grimmsnarl|74\/100\n|-unboost|p2a: Grimmsnarl|spd|1\n|\n|upkeep\n|turn|3\n|\n|t:|1699886932\n|move|p2a: Grimmsnarl|Parting Shot|p1a: Empoleon\n|-unboost|p1a: Empoleon|atk|1\n|-ability|p1a: Empoleon|Competitive|boost\n|-boost|p1a: Empoleon|spa|2\n|-unboost|p1a: Empoleon|spa|1\n|-ability|p1a: Empoleon|Competitive|boost\n|-boost|p1a: Empoleon|spa|2\n|\n|t:|1699886964\n|switch|p2a: Ting-Lu|Ting-Lu|100\/100|[from] Parting Shot\n|-ability|p2a: Ting-Lu|Vessel of Ruin\n|move|p1a: Empoleon|Flash Cannon|p2a: Ting-Lu\n|-damage|p2a: Ting-Lu|81\/100\n|\n|-heal|p2a: Ting-Lu|87\/100|[from] item: Leftovers\n|-end|p1a: Empoleon|move: Taunt\n|upkeep\n|turn|4\n|\n|t:|1699886983\n|switch|p1a: Gliscor|Gliscor, M|100\/100\n|move|p2a: Ting-Lu|Stealth Rock|p1a: Gliscor\n|-sidestart|p1: Mtygk4|move: Stealth Rock\n|\n|-heal|p2a: Ting-Lu|93\/100|[from] item: Leftovers\n|-status|p1a: Gliscor|tox|[from] item: Toxic Orb\n|upkeep\n|turn|5\n|\n|t:|1699886995\n|switch|p2a: Grimmsnarl|Grimmsnarl, M|74\/100\n|move|p1a: Gliscor|Protect||[still]\n|-fail|p1a: Gliscor\n|\n|upkeep\n|turn|6\n|\n|t:|1699887008\n|-terastallize|p1a: Gliscor|Steel\n|move|p2a: Grimmsnarl|Taunt|p1a: Gliscor\n|-start|p1a: Gliscor|move: Taunt\n|cant|p1a: Gliscor|move: Taunt|Toxic\n|\n|upkeep\n|turn|7\n|\n|t:|1699887021\n|switch|p1a: Empoleon|Empoleon, M|100\/100\n|-damage|p1a: Empoleon|94\/100|[from] Stealth Rock\n|move|p2a: Grimmsnarl|Reflect|p2a: Grimmsnarl\n|-sidestart|p2: Nadlei37|Reflect\n|\n|-heal|p1a: Empoleon|100\/100|[from] item: Leftovers\n|upkeep\n|turn|8\n|\n|t:|1699887031\n|move|p2a: Grimmsnarl|Taunt|p1a: Empoleon\n|-start|p1a: Empoleon|move: Taunt\n|move|p1a: Empoleon|Flash Cannon|p2a: Grimmsnarl\n|-supereffective|p2a: Grimmsnarl\n|-damage|p2a: Grimmsnarl|48\/100\n|\n|upkeep\n|turn|9\n|\n|t:|1699887040\n|switch|p2a: Chi-Yu|Chi-Yu|100\/100\n|-ability|p2a: Chi-Yu|Beads of Ruin\n|move|p1a: Empoleon|Surf|p2a: Chi-Yu\n|-supereffective|p2a: Chi-Yu\n|-damage|p2a: Chi-Yu|62\/100\n|\n|-sideend|p2: Nadlei37|move: Light Screen\n|upkeep\n|turn|10\n|\n|t:|1699887055\n|move|p2a: Chi-Yu|Flamethrower|p1a: Empoleon\n|-damage|p1a: Empoleon|45\/100\n|move|p1a: Empoleon|Surf|p2a: Chi-Yu\n|-supereffective|p2a: Chi-Yu\n|-damage|p2a: Chi-Yu|0 fnt\n|faint|p2a: Chi-Yu\n|\n|-heal|p1a: Empoleon|52\/100|[from] item: Leftovers\n|-end|p1a: Empoleon|move: Taunt\n|upkeep\n|\n|t:|1699887081\n|switch|p2a: Koraidon|Koraidon|100\/100\n|-weather|SunnyDay|[from] ability: Orichalcum Pulse|[of] p2a: Koraidon\n|-activate|p2a: Koraidon|Orichalcum Pulse|[source]\n|turn|11\n|\n|t:|1699887097\n|move|p2a: Koraidon|Collision Course|p1a: Empoleon\n|-supereffective|p1a: Empoleon\n|-damage|p1a: Empoleon|0 fnt\n|faint|p1a: Empoleon\n|\n|-weather|SunnyDay|[upkeep]\n|upkeep\n|\n|t:|1699887116\n|switch|p1a: Zacian|Zacian-Crowned|100\/100\n|-damage|p1a: Zacian|94\/100|[from] Stealth Rock\n|-ability|p1a: Zacian|Intrepid Sword|boost\n|-boost|p1a: Zacian|atk|1\n|turn|12\n|\n|t:|1699887138\n|switch|p2a: Grimmsnarl|Grimmsnarl, M|48\/100\n|move|p1a: Zacian|Play Rough|p2a: Grimmsnarl\n|-supereffective|p2a: Grimmsnarl\n|-damage|p2a: Grimmsnarl|0 fnt\n|faint|p2a: Grimmsnarl\n|\n|-weather|SunnyDay|[upkeep]\n|upkeep\n|\n|t:|1699887185\n|switch|p2a: Koraidon|Koraidon|100\/100\n|-activate|p2a: Koraidon|ability: Orichalcum Pulse\n|turn|13\n|\n|t:|1699887189\n|move|p2a: Koraidon|Flare Blitz|p1a: Zacian\n|-supereffective|p1a: Zacian\n|-damage|p1a: Zacian|0 fnt\n|faint|p1a: Zacian\n|-damage|p2a: Koraidon|75\/100|[from] Recoil\n|\n|-weather|SunnyDay|[upkeep]\n|upkeep\n|\n|t:|1699887213\n|switch|p1a: Gliscor|Gliscor, M, tera:Steel|100\/100 tox\n|-damage|p1a: Gliscor|94\/100 tox|[from] Stealth Rock\n|turn|14\n|\n|t:|1699887221\n|-terastallize|p2a: Koraidon|Dark\n|move|p1a: Gliscor|Protect|p1a: Gliscor\n|-singleturn|p1a: Gliscor|Protect\n|move|p2a: Koraidon|Flare Blitz|p1a: Gliscor\n|-activate|p1a: Gliscor|move: Protect\n|\n|-weather|SunnyDay|[upkeep]\n|-heal|p1a: Gliscor|100\/100 tox|[from] ability: Poison Heal\n|-sideend|p2: Nadlei37|Reflect\n|upkeep\n|turn|15\n|\n|t:|1699887243\n|switch|p2a: Ting-Lu|Ting-Lu|93\/100\n|-ability|p2a: Ting-Lu|Vessel of Ruin\n|move|p1a: Gliscor|Earthquake|p2a: Ting-Lu\n|-damage|p2a: Ting-Lu|75\/100\n|\n|-weather|none\n|-heal|p2a: Ting-Lu|81\/100|[from] item: Leftovers\n|upkeep\n|turn|16\n|\n|t:|1699887255\n|move|p1a: Gliscor|Toxic|p2a: Ting-Lu\n|-status|p2a: Ting-Lu|tox\n|move|p2a: Ting-Lu|Earthquake|p1a: Gliscor\n|-supereffective|p1a: Gliscor\n|-damage|p1a: Gliscor|24\/100 tox\n|\n|-heal|p2a: Ting-Lu|87\/100 tox|[from] item: Leftovers\n|-heal|p1a: Gliscor|37\/100 tox|[from] ability: Poison Heal\n|-damage|p2a: Ting-Lu|81\/100 tox|[from] psn\n|upkeep\n|turn|17\n|\n|t:|1699887260\n|move|p1a: Gliscor|Protect|p1a: Gliscor\n|-singleturn|p1a: Gliscor|Protect\n|move|p2a: Ting-Lu|Earthquake|p1a: Gliscor\n|-activate|p1a: Gliscor|move: Protect\n|\n|-heal|p2a: Ting-Lu|87\/100 tox|[from] item: Leftovers\n|-heal|p1a: Gliscor|49\/100 tox|[from] ability: Poison Heal\n|-damage|p2a: Ting-Lu|75\/100 tox|[from] psn\n|upkeep\n|turn|18\n|\n|t:|1699887277\n|move|p1a: Gliscor|Stealth Rock|p2a: Ting-Lu\n|-sidestart|p2: Nadlei37|move: Stealth Rock\n|move|p2a: Ting-Lu|Earthquake|p1a: Gliscor\n|-supereffective|p1a: Gliscor\n|-damage|p1a: Gliscor|0 fnt\n|faint|p1a: Gliscor\n|\n|-heal|p2a: Ting-Lu|81\/100 tox|[from] item: Leftovers\n|-damage|p2a: Ting-Lu|62\/100 tox|[from] psn\n|upkeep\n|\n|t:|1699887285\n|switch|p1a: Corviknight|Corviknight, M|100\/100\n|-damage|p1a: Corviknight|88\/100|[from] Stealth Rock\n|turn|19\n|\n|t:|1699887295\n|switch|p2a: Chien-Pao|Chien-Pao|100\/100\n|-damage|p2a: Chien-Pao|76\/100|[from] Stealth Rock\n|-ability|p2a: Chien-Pao|Sword of Ruin\n|move|p1a: Corviknight|Iron Defense|p1a: Corviknight\n|-boost|p1a: Corviknight|def|2\n|\n|-heal|p1a: Corviknight|94\/100|[from] item: Leftovers\n|upkeep\n|turn|20\n|\n|t:|1699887306\n|move|p2a: Chien-Pao|Sacred Sword|p1a: Corviknight\n|-damage|p1a: Corviknight|70\/100\n|move|p1a: Corviknight|Body Press|p2a: Chien-Pao\n|-supereffective|p2a: Chien-Pao\n|-damage|p2a: Chien-Pao|0 fnt\n|faint|p2a: Chien-Pao\n|\n|-heal|p1a: Corviknight|76\/100|[from] item: Leftovers\n|upkeep\n|\n|t:|1699887328\n|switch|p2a: Roaring Moon|Roaring Moon|100\/100\n|-damage|p2a: Roaring Moon|88\/100|[from] Stealth Rock\n|turn|21\n|\n|t:|1699887333\n|move|p2a: Roaring Moon|Knock Off|p1a: Corviknight\n|-damage|p1a: Corviknight|53\/100\n|-enditem|p1a: Corviknight|Leftovers|[from] move: Knock Off|[of] p2a: Roaring Moon\n|move|p1a: Corviknight|Body Press|p2a: Roaring Moon\n|-supereffective|p2a: Roaring Moon\n|-damage|p2a: Roaring Moon|0 fnt\n|faint|p2a: Roaring Moon\n|-end|p2a: Roaring Moon|Protosynthesis|[silent]\n|\n|upkeep\n|\n|t:|1699887352\n|switch|p2a: Koraidon|Koraidon, tera:Dark|75\/100\n|-damage|p2a: Koraidon|63\/100|[from] Stealth Rock\n|-weather|SunnyDay|[from] ability: Orichalcum Pulse|[of] p2a: Koraidon\n|-activate|p2a: Koraidon|Orichalcum Pulse|[source]\n|turn|22\n|\n|t:|1699887359\n|move|p2a: Koraidon|Flare Blitz|p1a: Corviknight\n|-supereffective|p1a: Corviknight\n|-damage|p1a: Corviknight|0 fnt\n|faint|p1a: Corviknight\n|-damage|p2a: Koraidon|46\/100|[from] Recoil\n|\n|-weather|SunnyDay|[upkeep]\n|upkeep\n|\n|t:|1699887362\n|switch|p1a: Magearna|Magearna|100\/100\n|-damage|p1a: Magearna|94\/100|[from] Stealth Rock\n|turn|23\n|\n|t:|1699887374\n|move|p2a: Koraidon|Flare Blitz|p1a: Magearna\n|-supereffective|p1a: Magearna\n|-damage|p1a: Magearna|0 fnt\n|faint|p1a: Magearna\n|-damage|p2a: Koraidon|18\/100|[from] Recoil\n|\n|-weather|SunnyDay|[upkeep]\n|upkeep\n|\n|t:|1699887377\n|switch|p1a: Kingambit|Kingambit, M|100\/100\n|-damage|p1a: Kingambit|94\/100|[from] Stealth Rock\n|-activate|p1a: Kingambit|ability: Supreme Overlord\n|-start|p1a: Kingambit|fallen5|[silent]\n|turn|24\n|\n|t:|1699887386\n|move|p1a: Kingambit|Sucker Punch|p2a: Koraidon\n|-resisted|p2a: Koraidon\n|-crit|p2a: Koraidon\n|-damage|p2a: Koraidon|0 fnt\n|faint|p2a: Koraidon\n|\n|-weather|SunnyDay|[upkeep]\n|upkeep\n|\n|t:|1699887388\n|switch|p2a: Ting-Lu|Ting-Lu|62\/100 tox\n|-damage|p2a: Ting-Lu|56\/100 tox|[from] Stealth Rock\n|-ability|p2a: Ting-Lu|Vessel of Ruin\n|turn|25\n|\n|t:|1699887404\n|move|p1a: Kingambit|Protect|p1a: Kingambit\n|-singleturn|p1a: Kingambit|Protect\n|move|p2a: Ting-Lu|Earthquake|p1a: Kingambit\n|-activate|p1a: Kingambit|move: Protect\n|\n|-weather|SunnyDay|[upkeep]\n|-heal|p2a: Ting-Lu|62\/100 tox|[from] item: Leftovers\n|-damage|p2a: Ting-Lu|56\/100 tox|[from] psn\n|upkeep\n|turn|26\n|\n|t:|1699887414\n|move|p1a: Kingambit|Brick Break|p2a: Ting-Lu\n|-supereffective|p2a: Ting-Lu\n|-damage|p2a: Ting-Lu|3\/100 tox\n|move|p2a: Ting-Lu|Earthquake|p1a: Kingambit\n|-supereffective|p1a: Kingambit\n|-damage|p1a: Kingambit|24\/100\n|\n|-weather|none\n|-heal|p2a: Ting-Lu|10\/100 tox|[from] item: Leftovers\n|-damage|p2a: Ting-Lu|0 fnt|[from] psn\n|faint|p2a: Ting-Lu\n|\n|win|Mtygk4\n|upkeep\n","uploadtime":1699887437,"views":39,"p1id":"mtygk4","p2id":"nadlei37","formatid":"gen9ubers","rating":0,"private":0,"password":""}