{"id":"gen9ubers-1996810680","p1":"DoctorSnowman","p2":"nicneg","format":"[Gen 9] Ubers","log":"|j|\u2606DoctorSnowman\n|j|\u2606nicneg\n|t:|1700729088\n|gametype|singles\n|player|p1|DoctorSnowman|169|\n|player|p2|nicneg|hiker-gen4|\n|teamsize|p1|6\n|teamsize|p2|6\n|gen|9\n|tier|[Gen 9] Ubers\n|rule|Sleep Clause Mod: Limit one foe put to sleep\n|rule|Species Clause: Limit one of each Pok\u00e9mon\n|rule|OHKO Clause: OHKO moves are banned\n|rule|Evasion Items Clause: Evasion items are banned\n|rule|Evasion Moves Clause: Evasion moves are banned\n|rule|Endless Battle Clause: Forcing endless battles is banned\n|rule|HP Percentage Mod: HP is shown in percentages\n|clearpoke\n|poke|p1|Great Tusk|\n|poke|p1|Noivern, M|\n|poke|p1|Azumarill, F|\n|poke|p1|Quagsire, M|\n|poke|p1|Jolteon, F|\n|poke|p1|Misdreavus, M|\n|poke|p2|Thundurus, M|\n|poke|p2|Manaphy|\n|poke|p2|Sylveon, M|\n|poke|p2|Glaceon, M|\n|poke|p2|Donphan, F|\n|poke|p2|Leavanny, M|\n|teampreview\n|c|\u2606nicneg|glhf\n|c|\u2606DoctorSnowman|glhf\n|j| NurseSnowman\n|j| negnic\n|\n|t:|1700729155\n|start\n|switch|p1a: Quagsire|Quagsire, M|100\/100\n|switch|p2a: Leavanny|Leavanny, M|100\/100\n|turn|1\n|n| NurseSnowman|nursesnowman\n|c| NurseSnowman|go honey!\n|c|\u2606nicneg|the guest names are confusing me\n|\n|t:|1700729182\n|switch|p1a: Noivern|Noivern, M|100\/100\n|move|p2a: Leavanny|Leaf Blade|p1a: Noivern\n|-resisted|p1a: Noivern\n|-damage|p1a: Noivern|87\/100\n|\n|upkeep\n|turn|2\n|n| negnic|negnic\n|\n|t:|1700729207\n|switch|p2a: Sylveon|Sylveon, M|100\/100\n|move|p1a: Noivern|U-turn|p2a: Sylveon\n|-resisted|p2a: Sylveon\n|-damage|p2a: Sylveon|94\/100\n|c| negnic|Go honey!\n|c| NurseSnowman|You got this babe!\n|j| Immortal bear\n|\n|t:|1700729243\n|switch|p1a: Great Tusk|Great Tusk|100\/100|[from] U-turn\n|\n|upkeep\n|turn|3\n|c| NurseSnowman|Good job my dear!\n|j| thatguy_313\n|\n|t:|1700729294\n|switch|p2a: Leavanny|Leavanny, M|100\/100\n|move|p1a: Great Tusk|Rapid Spin|p2a: Leavanny\n|-damage|p2a: Leavanny|58\/100\n|-boost|p1a: Great Tusk|spe|1\n|\n|upkeep\n|turn|4\n|c| thatguy_313|Lmao\n|c| NurseSnowman|You got this honey!\n|c| thatguy_313|The names are great\n|\n|t:|1700729328\n|-end|p1a: Great Tusk|Protosynthesis|[silent]\n|switch|p1a: Jolteon|Jolteon, F, shiny|100\/100\n|move|p2a: Leavanny|Leaf Blade|p1a: Jolteon\n|-damage|p1a: Jolteon|30\/100\n|\n|upkeep\n|turn|5\n|\n|t:|1700729343\n|-terastallize|p1a: Jolteon|Flying\n|move|p1a: Jolteon|Tera Blast|p2a: Leavanny|[anim] Tera Blast Flying\n|-supereffective|p2a: Leavanny\n|-damage|p2a: Leavanny|0 fnt\n|faint|p2a: Leavanny\n|-damage|p1a: Jolteon|20\/100|[from] item: Life Orb\n|\n|upkeep\n|l|nursesnowman\n|\n|t:|1700729361\n|switch|p2a: Sylveon|Sylveon, M|94\/100\n|turn|6\n|j| BabySnowman\n|\n|t:|1700729378\n|move|p1a: Jolteon|Volt Switch|p2a: Sylveon\n|-damage|p2a: Sylveon|75\/100\n|-damage|p1a: Jolteon|10\/100|[from] item: Life Orb\n|j| Mr_Worldwide_3113\n|n| BabySnowman|babysnowman\n|\n|t:|1700729386\n|switch|p1a: Quagsire|Quagsire, M|100\/100|[from] Volt Switch\n|move|p2a: Sylveon|Hyper Voice|p1a: Quagsire\n|-crit|p1a: Quagsire\n|-damage|p1a: Quagsire|7\/100\n|\n|-heal|p1a: Quagsire|13\/100|[from] item: Leftovers\n|upkeep\n|turn|7\n|c| BabySnowman|Go Dad!!!\n|c| BabySnowman|You got this!!\n|l|thatguy313\n|\n|t:|1700729404\n|switch|p1a: Misdreavus|Misdreavus, M|100\/100\n|move|p2a: Sylveon|Hyper Voice|p1a: Misdreavus\n|-damage|p1a: Misdreavus|50\/100\n|\n|upkeep\n|turn|8\n|n| Mr_Worldwide_3113|mrworldwide3113\n|\n|t:|1700729419\n|move|p1a: Misdreavus|Will-O-Wisp|p2a: Sylveon\n|-status|p2a: Sylveon|brn\n|move|p2a: Sylveon|Hyper Voice|p1a: Misdreavus\n|-damage|p1a: Misdreavus|0 fnt\n|faint|p1a: Misdreavus\n|\n|-damage|p2a: Sylveon|69\/100 brn|[from] brn\n|upkeep\n|l|mrworldwide3113\n|\n|t:|1700729439\n|switch|p1a: Jolteon|Jolteon, F, shiny, tera:Flying|10\/100\n|turn|9\n|j| Mr_worldwide_313\n|c| Mr_worldwide_313|Brother, fancy seeing you here\n|j| thatguy_414\n|l|babysnowman\n|\n|t:|1700729482\n|move|p2a: Sylveon|Quick Attack|p1a: Jolteon\n|-crit|p1a: Jolteon\n|-damage|p1a: Jolteon|0 fnt\n|faint|p1a: Jolteon\n|\n|-damage|p2a: Sylveon|63\/100 brn|[from] brn\n|upkeep\n|\n|t:|1700729498\n|switch|p1a: Great Tusk|Great Tusk|100\/100\n|turn|10\n|n| thatguy_313|thatguy414\n|\n|t:|1700729510\n|move|p1a: Great Tusk|Rapid Spin|p2a: Sylveon\n|-damage|p2a: Sylveon|25\/100 brn\n|-boost|p1a: Great Tusk|spe|1\n|move|p2a: Sylveon|Hyper Voice|p1a: Great Tusk\n|-supereffective|p1a: Great Tusk\n|-damage|p1a: Great Tusk|0 fnt\n|faint|p1a: Great Tusk\n|-end|p1a: Great Tusk|Protosynthesis|[silent]\n|\n|-damage|p2a: Sylveon|19\/100 brn|[from] brn\n|upkeep\n|c| thatguy_313|I'm back\n|\n|t:|1700729521\n|switch|p1a: Noivern|Noivern, M|87\/100\n|turn|11\n|c| Mr_worldwide_313|Keeping well?\n|j| sheher_313\n|\n|t:|1700729534\n|move|p1a: Noivern|U-turn|p2a: Sylveon\n|-resisted|p2a: Sylveon\n|-damage|p2a: Sylveon|12\/100 brn\n|c| Mr_worldwide_313|some weird 414 guy was in here before\n|n| sheher_313|sheher313\n|\n|t:|1700729544\n|switch|p1a: Azumarill|Azumarill, F, shiny|100\/100|[from] U-turn\n|move|p2a: Sylveon|Hyper Voice|p1a: Azumarill\n|-damage|p1a: Azumarill|41\/100\n|-enditem|p1a: Azumarill|Sitrus Berry|[eat]\n|-heal|p1a: Azumarill|66\/100|[from] item: Sitrus Berry\n|\n|-damage|p2a: Sylveon|6\/100 brn|[from] brn\n|upkeep\n|turn|12\n|j| marvin1\n|c| sheher_313|hey fellas\n|\n|t:|1700729555\n|move|p1a: Azumarill|Aqua Jet|p2a: Sylveon\n|-damage|p2a: Sylveon|0 fnt\n|faint|p2a: Sylveon\n|\n|upkeep\n|\n|t:|1700729567\n|switch|p2a: Thundurus|Thundurus, M|100\/100\n|turn|13\n|l| marvin1\n|j| marvin1\n|c| negnic|313 seems popular\n|c| Mr_worldwide_313|ikr\n|\n|t:|1700729588\n|move|p2a: Thundurus|Thunderbolt|p1a: Azumarill\n|-supereffective|p1a: Azumarill\n|-damage|p1a: Azumarill|0 fnt\n|faint|p1a: Azumarill\n|-damage|p2a: Thundurus|90\/100|[from] item: Life Orb\n|\n|upkeep\n|\n|t:|1700729597\n|switch|p1a: Quagsire|Quagsire, M|13\/100\n|turn|14\n|\n|t:|1700729601\n|move|p2a: Thundurus|Grass Knot|p1a: Quagsire\n|-supereffective|p1a: Quagsire\n|-damage|p1a: Quagsire|0 fnt\n|faint|p1a: Quagsire\n|-damage|p2a: Thundurus|80\/100|[from] item: Life Orb\n|\n|upkeep\n|l| Immortal bear\n|c| negnic|ive heard he's the goat\n|\n|t:|1700729607\n|switch|p1a: Noivern|Noivern, M|87\/100\n|turn|15\n|c| Mr_worldwide_313|he's the goat\n|\n|t:|1700729617\n|move|p1a: Noivern|Flamethrower|p2a: Thundurus\n|-damage|p2a: Thundurus|46\/100\n|move|p2a: Thundurus|Thunderbolt|p1a: Noivern\n|-damage|p1a: Noivern|3\/100\n|-damage|p2a: Thundurus|36\/100|[from] item: Life Orb\n|\n|upkeep\n|turn|16\n|\n|t:|1700729631\n|move|p1a: Noivern|Draco Meteor|p2a: Thundurus\n|-damage|p2a: Thundurus|0 fnt\n|-unboost|p1a: Noivern|spa|2\n|faint|p2a: Thundurus\n|\n|upkeep\n|\n|t:|1700729634\n|switch|p2a: Glaceon|Glaceon, M|100\/100\n|turn|17\n|\n|t:|1700729639\n|move|p2a: Glaceon|Ice Shard|p1a: Noivern\n|-supereffective|p1a: Noivern\n|-damage|p1a: Noivern|0 fnt\n|faint|p1a: Noivern\n|\n|win|nicneg\n|c|\u2606nicneg|gg\n|c|\u2606DoctorSnowman|gg3\n","uploadtime":1700729645,"views":10,"p1id":"doctorsnowman","p2id":"nicneg","formatid":"gen9ubers","rating":0,"private":0,"password":""}