{"id":"gen9ubers-1977962630","p1":"Treniam","p2":"Pickles0exe","format":"[Gen 9] Ubers","log":"|j|\u2606Treniam\n|j|\u2606Pickles0exe\n|t:|1698473962\n|gametype|singles\n|player|p1|Treniam|265|\n|player|p2|Pickles0exe|policeman-gen4|\n|teamsize|p1|6\n|teamsize|p2|6\n|gen|9\n|tier|[Gen 9] Ubers\n|rule|Sleep Clause Mod: Limit one foe put to sleep\n|rule|Species Clause: Limit one of each Pok\u00e9mon\n|rule|OHKO Clause: OHKO moves are banned\n|rule|Evasion Items Clause: Evasion items are banned\n|rule|Evasion Moves Clause: Evasion moves are banned\n|rule|Endless Battle Clause: Forcing endless battles is banned\n|rule|HP Percentage Mod: HP is shown in percentages\n|clearpoke\n|poke|p1|Politoed, F|\n|poke|p1|Zapdos|\n|poke|p1|Basculegion-F, F|\n|poke|p1|Beartic, M|\n|poke|p1|Shiftry, F|\n|poke|p1|Farigiraf, F|\n|poke|p2|Arbok, M|\n|poke|p2|Ludicolo, M|\n|poke|p2|Arcanine, M|\n|poke|p2|Electrode|\n|poke|p2|Flamigo, F|\n|poke|p2|Tinkaton, F|\n|teampreview\n|c|\u2606Pickles0exe|glhf\n|c|\u2606Treniam|glhf\n|j| NicNeg\n|\n|t:|1698474011\n|start\n|switch|p1a: Ribbit|Politoed, F, shiny|100\/100\n|switch|p2a: Boop|Arbok, M|100\/100\n|-weather|RainDance|[from] ability: Drizzle|[of] p1a: Ribbit\n|turn|1\n|j| stealthr2\n|\n|t:|1698474027\n|move|p2a: Boop|Toxic Spikes|p1a: Ribbit\n|-sidestart|p1: Treniam|move: Toxic Spikes\n|move|p1a: Ribbit|Surf|p2a: Boop\n|-damage|p2a: Boop|29\/100\n|\n|-weather|RainDance|[upkeep]\n|upkeep\n|turn|2\n|j| thatguy_313\n|\n|t:|1698474062\n|switch|p2a: AAAAAHHHHHHH|Ludicolo, M|100\/100\n|move|p1a: Ribbit|Ice Beam|p2a: AAAAAHHHHHHH\n|-damage|p2a: AAAAAHHHHHHH|88\/100\n|\n|-weather|RainDance|[upkeep]\n|-heal|p2a: AAAAAHHHHHHH|94\/100|[from] ability: Rain Dish\n|-heal|p2a: AAAAAHHHHHHH|99\/100|[from] item: Leftovers\n|upkeep\n|turn|3\n|\n|t:|1698474080\n|move|p1a: Ribbit|Encore||[still]\n|-fail|p1a: Ribbit\n|move|p2a: AAAAAHHHHHHH|Leech Seed|p1a: Ribbit\n|-start|p1a: Ribbit|move: Leech Seed\n|\n|-weather|RainDance|[upkeep]\n|-heal|p2a: AAAAAHHHHHHH|100\/100|[from] ability: Rain Dish\n|-damage|p1a: Ribbit|88\/100|[from] Leech Seed|[of] p2a: AAAAAHHHHHHH\n|upkeep\n|turn|4\n|\n|t:|1698474094\n|move|p2a: AAAAAHHHHHHH|Giga Drain|p1a: Ribbit\n|-supereffective|p1a: Ribbit\n|-damage|p1a: Ribbit|45\/100\n|move|p1a: Ribbit|Encore|p2a: AAAAAHHHHHHH\n|-start|p2a: AAAAAHHHHHHH|Encore\n|\n|-weather|RainDance|[upkeep]\n|-damage|p1a: Ribbit|33\/100|[from] Leech Seed|[of] p2a: AAAAAHHHHHHH\n|upkeep\n|turn|5\n|\n|t:|1698474104\n|switch|p1a: Swish Swish|Shiftry, F|100\/100\n|-status|p1a: Swish Swish|psn\n|move|p2a: AAAAAHHHHHHH|Giga Drain|p1a: Swish Swish\n|-resisted|p1a: Swish Swish\n|-damage|p1a: Swish Swish|81\/100 psn\n|\n|-weather|RainDance|[upkeep]\n|-damage|p1a: Swish Swish|68\/100 psn|[from] psn\n|upkeep\n|turn|6\n|\n|t:|1698474136\n|move|p1a: Swish Swish|Defog|p2a: AAAAAHHHHHHH\n|-unboost|p2a: AAAAAHHHHHHH|evasion|1\n|-sideend|p1: Treniam|Toxic Spikes|[from] move: Defog|[of] p1a: Swish Swish\n|move|p2a: AAAAAHHHHHHH|Giga Drain|p1a: Swish Swish\n|-resisted|p1a: Swish Swish\n|-damage|p1a: Swish Swish|48\/100 psn\n|\n|-weather|RainDance|[upkeep]\n|-damage|p1a: Swish Swish|36\/100 psn|[from] psn\n|upkeep\n|turn|7\n|\n|t:|1698474148\n|move|p1a: Swish Swish|X-Scissor|p2a: AAAAAHHHHHHH\n|-supereffective|p2a: AAAAAHHHHHHH\n|-damage|p2a: AAAAAHHHHHHH|46\/100\n|move|p2a: AAAAAHHHHHHH|Giga Drain|p1a: Swish Swish\n|-resisted|p1a: Swish Swish\n|-damage|p1a: Swish Swish|18\/100 psn\n|-heal|p2a: AAAAAHHHHHHH|54\/100|[from] drain|[of] p1a: Swish Swish\n|\n|-weather|RainDance|[upkeep]\n|-heal|p2a: AAAAAHHHHHHH|60\/100|[from] ability: Rain Dish\n|-heal|p2a: AAAAAHHHHHHH|66\/100|[from] item: Leftovers\n|-damage|p1a: Swish Swish|6\/100 psn|[from] psn\n|-end|p2a: AAAAAHHHHHHH|Encore\n|upkeep\n|turn|8\n|\n|t:|1698474162\n|move|p2a: AAAAAHHHHHHH|Protect|p2a: AAAAAHHHHHHH\n|-singleturn|p2a: AAAAAHHHHHHH|Protect\n|move|p1a: Swish Swish|X-Scissor|p2a: AAAAAHHHHHHH\n|-activate|p2a: AAAAAHHHHHHH|move: Protect\n|\n|-weather|none\n|-heal|p2a: AAAAAHHHHHHH|72\/100|[from] item: Leftovers\n|-damage|p1a: Swish Swish|0 fnt|[from] psn\n|faint|p1a: Swish Swish\n|upkeep\n|\n|t:|1698474171\n|switch|p1a: Ribbit|Politoed, F, shiny|33\/100\n|-weather|RainDance|[from] ability: Drizzle|[of] p1a: Ribbit\n|turn|9\n|\n|t:|1698474190\n|switch|p1a: Bzzzzzzzz|Zapdos|100\/100\n|move|p2a: AAAAAHHHHHHH|Leech Seed|p1a: Bzzzzzzzz\n|-start|p1a: Bzzzzzzzz|move: Leech Seed\n|\n|-weather|RainDance|[upkeep]\n|-heal|p2a: AAAAAHHHHHHH|78\/100|[from] ability: Rain Dish\n|-heal|p2a: AAAAAHHHHHHH|84\/100|[from] item: Leftovers\n|-damage|p1a: Bzzzzzzzz|88\/100|[from] Leech Seed|[of] p2a: AAAAAHHHHHHH\n|-heal|p2a: AAAAAHHHHHHH|95\/100|[silent]\n|upkeep\n|turn|10\n|\n|t:|1698474204\n|move|p2a: AAAAAHHHHHHH|Protect|p2a: AAAAAHHHHHHH\n|-singleturn|p2a: AAAAAHHHHHHH|Protect\n|move|p1a: Bzzzzzzzz|Thunderbolt|p2a: AAAAAHHHHHHH\n|-activate|p2a: AAAAAHHHHHHH|move: Protect\n|\n|-weather|RainDance|[upkeep]\n|-heal|p2a: AAAAAHHHHHHH|100\/100|[from] ability: Rain Dish\n|-damage|p1a: Bzzzzzzzz|76\/100|[from] Leech Seed|[of] p2a: AAAAAHHHHHHH\n|upkeep\n|turn|11\n|\n|t:|1698474239\n|move|p1a: Bzzzzzzzz|Thunderbolt|p2a: AAAAAHHHHHHH\n|-damage|p2a: AAAAAHHHHHHH|71\/100\n|move|p2a: AAAAAHHHHHHH|Giga Drain|p1a: Bzzzzzzzz\n|-resisted|p1a: Bzzzzzzzz\n|-damage|p1a: Bzzzzzzzz|62\/100\n|-heal|p2a: AAAAAHHHHHHH|78\/100|[from] drain|[of] p1a: Bzzzzzzzz\n|\n|-weather|RainDance|[upkeep]\n|-heal|p2a: AAAAAHHHHHHH|84\/100|[from] ability: Rain Dish\n|-heal|p2a: AAAAAHHHHHHH|90\/100|[from] item: Leftovers\n|-damage|p1a: Bzzzzzzzz|49\/100|[from] Leech Seed|[of] p2a: AAAAAHHHHHHH\n|-heal|p2a: AAAAAHHHHHHH|100\/100|[silent]\n|upkeep\n|turn|12\n|\n|t:|1698474258\n|move|p2a: AAAAAHHHHHHH|Protect|p2a: AAAAAHHHHHHH\n|-singleturn|p2a: AAAAAHHHHHHH|Protect\n|move|p1a: Bzzzzzzzz|Roost|p1a: Bzzzzzzzz\n|-heal|p1a: Bzzzzzzzz|99\/100\n|-singleturn|p1a: Bzzzzzzzz|move: Roost\n|\n|-weather|RainDance|[upkeep]\n|-damage|p1a: Bzzzzzzzz|87\/100|[from] Leech Seed|[of] p2a: AAAAAHHHHHHH\n|upkeep\n|turn|13\n|\n|t:|1698474286\n|move|p1a: Bzzzzzzzz|Hurricane|p2a: AAAAAHHHHHHH\n|-supereffective|p2a: AAAAAHHHHHHH\n|-damage|p2a: AAAAAHHHHHHH|27\/100\n|move|p2a: AAAAAHHHHHHH|Giga Drain|p1a: Bzzzzzzzz\n|-resisted|p1a: Bzzzzzzzz\n|-damage|p1a: Bzzzzzzzz|73\/100\n|-heal|p2a: AAAAAHHHHHHH|33\/100|[from] drain|[of] p1a: Bzzzzzzzz\n|\n|-weather|RainDance|[upkeep]\n|-heal|p2a: AAAAAHHHHHHH|40\/100|[from] ability: Rain Dish\n|-heal|p2a: AAAAAHHHHHHH|46\/100|[from] item: Leftovers\n|-damage|p1a: Bzzzzzzzz|61\/100|[from] Leech Seed|[of] p2a: AAAAAHHHHHHH\n|-heal|p2a: AAAAAHHHHHHH|57\/100|[silent]\n|upkeep\n|turn|14\n|\n|t:|1698474355\n|switch|p2a: Desu~|Tinkaton, F|100\/100\n|-ability|p2a: Desu~|Mold Breaker\n|move|p1a: Bzzzzzzzz|Roost|p1a: Bzzzzzzzz\n|-heal|p1a: Bzzzzzzzz|100\/100\n|-singleturn|p1a: Bzzzzzzzz|move: Roost\n|\n|-weather|RainDance|[upkeep]\n|-damage|p1a: Bzzzzzzzz|88\/100|[from] Leech Seed|[of] p2a: Desu~\n|upkeep\n|turn|15\n|\n|t:|1698474367\n|move|p1a: Bzzzzzzzz|Volt Switch|p2a: Desu~\n|-damage|p2a: Desu~|64\/100\n|\n|t:|1698474384\n|switch|p1a: Brrrrrr|Beartic, M|100\/100|[from] Volt Switch\n|move|p2a: Desu~|Swords Dance|p2a: Desu~\n|-boost|p2a: Desu~|atk|2\n|\n|-weather|RainDance|[upkeep]\n|upkeep\n|turn|16\n|\n|t:|1698474398\n|move|p1a: Brrrrrr|Aqua Jet|p2a: Desu~\n|-damage|p2a: Desu~|29\/100\n|-damage|p1a: Brrrrrr|91\/100|[from] item: Life Orb\n|move|p2a: Desu~|Gigaton Hammer|p1a: Brrrrrr\n|-supereffective|p1a: Brrrrrr\n|-damage|p1a: Brrrrrr|0 fnt\n|faint|p1a: Brrrrrr\n|\n|-weather|none\n|upkeep\n|\n|t:|1698474411\n|switch|p1a: Ribbit|Politoed, F, shiny|33\/100\n|-weather|RainDance|[from] ability: Drizzle|[of] p1a: Ribbit\n|turn|17\n|\n|t:|1698474434\n|move|p2a: Desu~|Play Rough|p1a: Ribbit\n|-damage|p1a: Ribbit|0 fnt\n|faint|p1a: Ribbit\n|\n|-weather|RainDance|[upkeep]\n|upkeep\n|\n|t:|1698474439\n|switch|p1a: Blub Blub|Basculegion-F, F, shiny|100\/100\n|turn|18\n|\n|t:|1698474460\n|-terastallize|p1a: Blub Blub|Dark\n|move|p1a: Blub Blub|Tera Blast|p2a: Desu~|[anim] Tera Blast Dark\n|-resisted|p2a: Desu~\n|-damage|p2a: Desu~|0 fnt\n|faint|p2a: Desu~\n|\n|-weather|RainDance|[upkeep]\n|upkeep\n|\n|t:|1698474469\n|switch|p2a: AAAAAHHHHHHH|Ludicolo, M|57\/100\n|turn|19\n|l| thatguy_313\n|\n|t:|1698474476\n|move|p1a: Blub Blub|Tera Blast|p2a: AAAAAHHHHHHH|[anim] Tera Blast Dark\n|-damage|p2a: AAAAAHHHHHHH|21\/100\n|move|p2a: AAAAAHHHHHHH|Leech Seed|p1a: Blub Blub\n|-start|p1a: Blub Blub|move: Leech Seed\n|\n|-weather|RainDance|[upkeep]\n|-heal|p2a: AAAAAHHHHHHH|27\/100|[from] ability: Rain Dish\n|-heal|p2a: AAAAAHHHHHHH|33\/100|[from] item: Leftovers\n|-damage|p1a: Blub Blub|88\/100|[from] Leech Seed|[of] p2a: AAAAAHHHHHHH\n|-heal|p2a: AAAAAHHHHHHH|46\/100|[silent]\n|upkeep\n|turn|20\n|\n|t:|1698474487\n|move|p2a: AAAAAHHHHHHH|Protect|p2a: AAAAAHHHHHHH\n|-singleturn|p2a: AAAAAHHHHHHH|Protect\n|move|p1a: Blub Blub|Tera Blast|p2a: AAAAAHHHHHHH|[anim] Tera Blast Dark\n|-activate|p2a: AAAAAHHHHHHH|move: Protect\n|\n|-weather|RainDance|[upkeep]\n|-heal|p2a: AAAAAHHHHHHH|52\/100|[from] ability: Rain Dish\n|-heal|p2a: AAAAAHHHHHHH|58\/100|[from] item: Leftovers\n|-damage|p1a: Blub Blub|76\/100|[from] Leech Seed|[of] p2a: AAAAAHHHHHHH\n|-heal|p2a: AAAAAHHHHHHH|71\/100|[silent]\n|upkeep\n|turn|21\n|\n|t:|1698474497\n|switch|p1a: Bzzzzzzzz|Zapdos|88\/100\n|move|p2a: AAAAAHHHHHHH|Giga Drain|p1a: Bzzzzzzzz\n|-resisted|p1a: Bzzzzzzzz\n|-damage|p1a: Bzzzzzzzz|74\/100\n|-heal|p2a: AAAAAHHHHHHH|77\/100|[from] drain|[of] p1a: Bzzzzzzzz\n|\n|-weather|RainDance|[upkeep]\n|-heal|p2a: AAAAAHHHHHHH|83\/100|[from] ability: Rain Dish\n|-heal|p2a: AAAAAHHHHHHH|90\/100|[from] item: Leftovers\n|upkeep\n|turn|22\n|\n|t:|1698474508\n|move|p2a: AAAAAHHHHHHH|Protect|p2a: AAAAAHHHHHHH\n|-singleturn|p2a: AAAAAHHHHHHH|Protect\n|move|p1a: Bzzzzzzzz|Roost|p1a: Bzzzzzzzz\n|-heal|p1a: Bzzzzzzzz|100\/100\n|-singleturn|p1a: Bzzzzzzzz|move: Roost\n|\n|-weather|RainDance|[upkeep]\n|-heal|p2a: AAAAAHHHHHHH|96\/100|[from] ability: Rain Dish\n|-heal|p2a: AAAAAHHHHHHH|100\/100|[from] item: Leftovers\n|upkeep\n|turn|23\n|\n|t:|1698474523\n|switch|p2a: Megumin~|Electrode|100\/100\n|move|p1a: Bzzzzzzzz|Hurricane|p2a: Megumin~\n|-resisted|p2a: Megumin~\n|-damage|p2a: Megumin~|56\/100\n|\n|-weather|RainDance|[upkeep]\n|upkeep\n|turn|24\n|\n|t:|1698474536\n|move|p2a: Megumin~|Explosion|p1a: Bzzzzzzzz\n|-damage|p1a: Bzzzzzzzz|38\/100\n|faint|p2a: Megumin~\n|move|p1a: Bzzzzzzzz|Volt Switch|p2: Megumin~|[notarget]\n|-fail|p1a: Bzzzzzzzz\n|\n|-weather|none\n|upkeep\n|\n|t:|1698474548\n|switch|p2a: Pupper|Arcanine, M|100\/100\n|-ability|p2a: Pupper|Intimidate|boost\n|-unboost|p1a: Bzzzzzzzz|atk|1\n|turn|25\n|\n|t:|1698474560\n|switch|p1a: Blub Blub|Basculegion-F, F, shiny, tera:Dark|76\/100\n|move|p2a: Pupper|Extreme Speed|p1a: Blub Blub\n|-damage|p1a: Blub Blub|29\/100\n|\n|upkeep\n|turn|26\n|\n|t:|1698474569\n|switch|p2a: AAAAAHHHHHHH|Ludicolo, M|100\/100\n|move|p1a: Blub Blub|Surf|p2a: AAAAAHHHHHHH\n|-resisted|p2a: AAAAAHHHHHHH\n|-damage|p2a: AAAAAHHHHHHH|89\/100\n|\n|-heal|p2a: AAAAAHHHHHHH|95\/100|[from] item: Leftovers\n|upkeep\n|turn|27\n|\n|t:|1698474577\n|switch|p1a: Bzzzzzzzz|Zapdos|38\/100\n|move|p2a: AAAAAHHHHHHH|Leech Seed|p1a: Bzzzzzzzz\n|-start|p1a: Bzzzzzzzz|move: Leech Seed\n|\n|-heal|p2a: AAAAAHHHHHHH|100\/100|[from] item: Leftovers\n|-damage|p1a: Bzzzzzzzz|26\/100|[from] Leech Seed|[of] p2a: AAAAAHHHHHHH\n|upkeep\n|turn|28\n|\n|t:|1698474592\n|move|p1a: Bzzzzzzzz|Roost|p1a: Bzzzzzzzz\n|-heal|p1a: Bzzzzzzzz|76\/100\n|-singleturn|p1a: Bzzzzzzzz|move: Roost\n|move|p2a: AAAAAHHHHHHH|Rain Dance|p2a: AAAAAHHHHHHH\n|-weather|RainDance\n|\n|-weather|RainDance|[upkeep]\n|-damage|p1a: Bzzzzzzzz|63\/100|[from] Leech Seed|[of] p2a: AAAAAHHHHHHH\n|upkeep\n|turn|29\n|\n|t:|1698474600\n|move|p2a: AAAAAHHHHHHH|Protect|p2a: AAAAAHHHHHHH\n|-singleturn|p2a: AAAAAHHHHHHH|Protect\n|move|p1a: Bzzzzzzzz|Roost|p1a: Bzzzzzzzz\n|-heal|p1a: Bzzzzzzzz|100\/100\n|-singleturn|p1a: Bzzzzzzzz|move: Roost\n|\n|-weather|RainDance|[upkeep]\n|-damage|p1a: Bzzzzzzzz|88\/100|[from] Leech Seed|[of] p2a: AAAAAHHHHHHH\n|upkeep\n|turn|30\n|\n|t:|1698474621\n|move|p1a: Bzzzzzzzz|Hurricane|p2a: AAAAAHHHHHHH\n|-supereffective|p2a: AAAAAHHHHHHH\n|-damage|p2a: AAAAAHHHHHHH|20\/100\n|move|p2a: AAAAAHHHHHHH|Giga Drain|p1a: Bzzzzzzzz\n|-resisted|p1a: Bzzzzzzzz\n|-damage|p1a: Bzzzzzzzz|74\/100\n|-heal|p2a: AAAAAHHHHHHH|26\/100|[from] drain|[of] p1a: Bzzzzzzzz\n|\n|-weather|RainDance|[upkeep]\n|-heal|p2a: AAAAAHHHHHHH|32\/100|[from] ability: Rain Dish\n|-heal|p2a: AAAAAHHHHHHH|38\/100|[from] item: Leftovers\n|-damage|p1a: Bzzzzzzzz|62\/100|[from] Leech Seed|[of] p2a: AAAAAHHHHHHH\n|-heal|p2a: AAAAAHHHHHHH|49\/100|[silent]\n|upkeep\n|turn|31\n|\n|t:|1698474680\n|move|p2a: AAAAAHHHHHHH|Protect|p2a: AAAAAHHHHHHH\n|-singleturn|p2a: AAAAAHHHHHHH|Protect\n|move|p1a: Bzzzzzzzz|Volt Switch|p2a: AAAAAHHHHHHH\n|-activate|p2a: AAAAAHHHHHHH|move: Protect\n|\n|-weather|RainDance|[upkeep]\n|-heal|p2a: AAAAAHHHHHHH|55\/100|[from] ability: Rain Dish\n|-heal|p2a: AAAAAHHHHHHH|61\/100|[from] item: Leftovers\n|-damage|p1a: Bzzzzzzzz|49\/100|[from] Leech Seed|[of] p2a: AAAAAHHHHHHH\n|-heal|p2a: AAAAAHHHHHHH|72\/100|[silent]\n|upkeep\n|turn|32\n|c|\u2606Pickles0exe|?\n|c|\u2606Treniam|Hmm?\n|\n|t:|1698474730\n|switch|p2a: Boop|Arbok, M|29\/100\n|move|p1a: Bzzzzzzzz|Volt Switch|p2a: Boop\n|-damage|p2a: Boop|0 fnt\n|faint|p2a: Boop\n|\n|t:|1698474736\n|switch|p1a: Loooooooong|Farigiraf, F, shiny|100\/100|[from] Volt Switch\n|\n|-weather|none\n|upkeep\n|\n|t:|1698474741\n|switch|p2a: AAAAAHHHHHHH|Ludicolo, M|72\/100\n|turn|33\n|\n|t:|1698474745\n|move|p1a: Loooooooong|Nasty Plot|p1a: Loooooooong\n|-boost|p1a: Loooooooong|spa|2\n|move|p2a: AAAAAHHHHHHH|Leech Seed|p1a: Loooooooong\n|-start|p1a: Loooooooong|move: Leech Seed\n|\n|-heal|p2a: AAAAAHHHHHHH|78\/100|[from] item: Leftovers\n|-damage|p1a: Loooooooong|88\/100|[from] Leech Seed|[of] p2a: AAAAAHHHHHHH\n|-heal|p2a: AAAAAHHHHHHH|91\/100|[silent]\n|upkeep\n|turn|34\n|\n|t:|1698474758\n|move|p1a: Loooooooong|Nasty Plot|p1a: Loooooooong\n|-boost|p1a: Loooooooong|spa|2\n|move|p2a: AAAAAHHHHHHH|Giga Drain|p1a: Loooooooong\n|-damage|p1a: Loooooooong|61\/100\n|-heal|p2a: AAAAAHHHHHHH|100\/100|[from] drain|[of] p1a: Loooooooong\n|\n|-damage|p1a: Loooooooong|49\/100|[from] Leech Seed|[of] p2a: AAAAAHHHHHHH\n|upkeep\n|-enditem|p1a: Loooooooong|Sitrus Berry|[eat]\n|-heal|p1a: Loooooooong|74\/100|[from] item: Sitrus Berry\n|turn|35\n|c| stealthr2|i think coz he was expecting hurricane\n|\n|t:|1698474768\n|move|p1a: Loooooooong|Stored Power|p2a: AAAAAHHHHHHH\n|-damage|p2a: AAAAAHHHHHHH|0 fnt\n|faint|p2a: AAAAAHHHHHHH\n|\n|upkeep\n|c|\u2606Treniam|Ah\n|c|\u2606Pickles0exe|I thought volt switch would have sent you out\n|\n|t:|1698474783\n|switch|p2a: Pupper|Arcanine, M|100\/100\n|-ability|p2a: Pupper|Intimidate|boost\n|-unboost|p1a: Loooooooong|atk|1\n|turn|36\n|c|\u2606Treniam|Nah cause of the protect it didn't hit so guess it didn't count\n|\n|t:|1698474794\n|move|p2a: Pupper|Crunch|p1a: Loooooooong\n|-supereffective|p1a: Loooooooong\n|-damage|p1a: Loooooooong|0 fnt\n|faint|p1a: Loooooooong\n|\n|upkeep\n|\n|t:|1698474804\n|switch|p1a: Bzzzzzzzz|Zapdos|49\/100\n|turn|37\n|\n|t:|1698474818\n|move|p1a: Bzzzzzzzz|Thunderbolt|p2a: Pupper\n|-damage|p2a: Pupper|38\/100\n|move|p2a: Pupper|Crunch|p1a: Bzzzzzzzz\n|-damage|p1a: Bzzzzzzzz|1\/100\n|-unboost|p1a: Bzzzzzzzz|def|1\n|\n|upkeep\n|turn|38\n|\n|t:|1698474832\n|move|p1a: Bzzzzzzzz|Thunderbolt|p2a: Pupper\n|-damage|p2a: Pupper|0 fnt\n|faint|p2a: Pupper\n|\n|upkeep\n|\n|t:|1698474835\n|switch|p2a: normal bird|Flamigo, F, shiny|100\/100\n|turn|39\n|c| stealthr2|oh\n|\n|t:|1698474867\n|-terastallize|p2a: normal bird|Bug\n|move|p1a: Bzzzzzzzz|Thunderbolt|p2a: normal bird\n|-damage|p2a: normal bird|53\/100\n|move|p2a: normal bird|Dual Wingbeat|p1a: Bzzzzzzzz\n|-resisted|p1a: Bzzzzzzzz\n|-damage|p1a: Bzzzzzzzz|0 fnt\n|faint|p1a: Bzzzzzzzz\n|-hitcount|p1: Bzzzzzzzz|1\n|\n|upkeep\n|c| stealthr2|i was expecting hurricane lol\n|\n|t:|1698474876\n|switch|p1a: Blub Blub|Basculegion-F, F, shiny, tera:Dark|29\/100\n|turn|40\n|\n|t:|1698474888\n|move|p2a: normal bird|Close Combat|p1a: Blub Blub\n|-supereffective|p1a: Blub Blub\n|-damage|p1a: Blub Blub|0 fnt\n|-unboost|p2a: normal bird|def|1\n|-unboost|p2a: normal bird|spd|1\n|faint|p1a: Blub Blub\n|\n|win|Pickles0exe\n|c|\u2606Treniam|gg\n|l| NicNeg\n|c|\u2606Pickles0exe|gg\n|c|\u2606Pickles0exe|I am sweating from that\n","uploadtime":1698474900,"views":22,"p1id":"treniam","p2id":"pickles0exe","formatid":"gen9ubers","rating":0,"private":0,"password":""}