{"id":"gen9ubers-1989986945","p1":"LadyMaria-Blue","p2":"NewHoovybeast05","format":"[Gen 9] Ubers","log":"|j|\u2606LadyMaria-Blue\n|j|\u2606NewHoovybeast05\n|t:|1699912810\n|gametype|singles\n|player|p1|LadyMaria-Blue|cynthia|\n|player|p2|NewHoovybeast05|palmer|\n|teamsize|p1|6\n|teamsize|p2|6\n|gen|9\n|tier|[Gen 9] Ubers\n|rule|Sleep Clause Mod: Limit one foe put to sleep\n|rule|Species Clause: Limit one of each Pok\u00e9mon\n|rule|OHKO Clause: OHKO moves are banned\n|rule|Evasion Items Clause: Evasion items are banned\n|rule|Evasion Moves Clause: Evasion moves are banned\n|rule|Endless Battle Clause: Forcing endless battles is banned\n|rule|HP Percentage Mod: HP is shown in percentages\n|clearpoke\n|poke|p1|Baxcalibur, F|\n|poke|p1|Milotic, F|\n|poke|p1|Zacian-*|\n|poke|p1|Moltres|\n|poke|p1|Arceus-Poison|\n|poke|p1|Magearna|\n|poke|p2|Orthworm, F|\n|poke|p2|Ninetales-Alola, F|\n|poke|p2|Darkrai|\n|poke|p2|Urshifu-*, F|\n|poke|p2|Baxcalibur, M|\n|poke|p2|Toedscruel, M|\n|teampreview\n|c|\u2606NewHoovybeast05|yoo\n|\n|t:|1699912821\n|start\n|switch|p1a: Magearna|Magearna|100\/100\n|switch|p2a: Ninetales|Ninetales-Alola, F|100\/100\n|-weather|Snow|[from] ability: Snow Warning|[of] p2a: Ninetales\n|turn|1\n|\n|t:|1699912826\n|move|p2a: Ninetales|Aurora Veil|p2a: Ninetales\n|-sidestart|p2: NewHoovybeast05|move: Aurora Veil\n|move|p1a: Magearna|Thunder Wave|p2a: Ninetales\n|-status|p2a: Ninetales|par\n|\n|-weather|Snow|[upkeep]\n|upkeep\n|turn|2\n|\n|t:|1699912830\n|switch|p2a: Orthworm|Orthworm, F|100\/100\n|move|p1a: Magearna|Spikes|p2a: Orthworm\n|-sidestart|p2: NewHoovybeast05|Spikes\n|\n|-weather|Snow|[upkeep]\n|upkeep\n|turn|3\n|\n|t:|1699912834\n|move|p2a: Orthworm|Stealth Rock|p1a: Magearna\n|-sidestart|p1: LadyMaria-Blue|move: Stealth Rock\n|move|p1a: Magearna|Volt Switch|p2a: Orthworm\n|-damage|p2a: Orthworm|85\/100\n|\n|t:|1699912840\n|switch|p1a: Moltres|Moltres|100\/100|[from] Volt Switch\n|\n|-weather|Snow|[upkeep]\n|upkeep\n|turn|4\n|\n|t:|1699912851\n|switch|p2a: Urshifu|Urshifu-Rapid-Strike, F|100\/100\n|move|p1a: Moltres|Will-O-Wisp|p2a: Urshifu\n|-status|p2a: Urshifu|brn\n|\n|-weather|Snow|[upkeep]\n|-damage|p2a: Urshifu|94\/100 brn|[from] brn\n|upkeep\n|turn|5\n|\n|t:|1699912865\n|switch|p1a: Milotic|Milotic, F, shiny|100\/100\n|-damage|p1a: Milotic|88\/100|[from] Stealth Rock\n|move|p2a: Urshifu|Swords Dance|p2a: Urshifu\n|-boost|p2a: Urshifu|atk|2\n|\n|-weather|none\n|-heal|p1a: Milotic|94\/100|[from] item: Leftovers\n|-damage|p2a: Urshifu|88\/100 brn|[from] brn\n|upkeep\n|turn|6\n|\n|t:|1699912869\n|move|p2a: Urshifu|Trailblaze|p1a: Milotic\n|-supereffective|p1a: Milotic\n|-damage|p1a: Milotic|58\/100\n|-boost|p2a: Urshifu|spe|1\n|move|p1a: Milotic|Haze|p1a: Milotic\n|-clearallboost\n|\n|-heal|p1a: Milotic|64\/100|[from] item: Leftovers\n|-damage|p2a: Urshifu|82\/100 brn|[from] brn\n|upkeep\n|turn|7\n|\n|t:|1699912876\n|move|p2a: Urshifu|Trailblaze|p1a: Milotic\n|-supereffective|p1a: Milotic\n|-damage|p1a: Milotic|48\/100\n|-boost|p2a: Urshifu|spe|1\n|move|p1a: Milotic|Recover|p1a: Milotic\n|-heal|p1a: Milotic|98\/100\n|\n|-heal|p1a: Milotic|100\/100|[from] item: Leftovers\n|-damage|p2a: Urshifu|76\/100 brn|[from] brn\n|upkeep\n|turn|8\n|\n|t:|1699912881\n|switch|p2a: Orthworm|Orthworm, F|85\/100\n|-damage|p2a: Orthworm|73\/100|[from] Spikes\n|move|p1a: Milotic|Haze|p1a: Milotic\n|-clearallboost\n|\n|-sideend|p2: NewHoovybeast05|move: Aurora Veil\n|upkeep\n|turn|9\n|\n|t:|1699912884\n|move|p1a: Milotic|Scald|p2a: Orthworm\n|-damage|p2a: Orthworm|27\/100\n|-enditem|p2a: Orthworm|Sitrus Berry|[eat]\n|-heal|p2a: Orthworm|52\/100|[from] item: Sitrus Berry\n|move|p2a: Orthworm|Shed Tail|p2a: Orthworm\n|-start|p2a: Orthworm|Substitute|[from] move: Shed Tail\n|-damage|p2a: Orthworm|2\/100\n|\n|t:|1699912889\n|switch|p2a: Darkrai|Darkrai|100\/100|[from] Shed Tail\n|-damage|p2a: Darkrai|88\/100|[from] Spikes\n|\n|-heal|p2a: Darkrai|94\/100|[from] item: Leftovers\n|upkeep\n|turn|10\n|\n|t:|1699912892\n|move|p2a: Darkrai|Hypnosis|p1a: Milotic\n|-status|p1a: Milotic|slp|[from] move: Hypnosis\n|cant|p1a: Milotic|slp\n|\n|-heal|p2a: Darkrai|99\/100|[from] item: Leftovers\n|-damage|p1a: Milotic|88\/100 slp|[from] ability: Bad Dreams|[of] p2a: Darkrai\n|upkeep\n|turn|11\n|\n|t:|1699912895\n|move|p2a: Darkrai|Nasty Plot|p2a: Darkrai\n|-boost|p2a: Darkrai|spa|2\n|cant|p1a: Milotic|slp\n|\n|-heal|p2a: Darkrai|100\/100|[from] item: Leftovers\n|-heal|p1a: Milotic|94\/100 slp|[from] item: Leftovers\n|-damage|p1a: Milotic|82\/100 slp|[from] ability: Bad Dreams|[of] p2a: Darkrai\n|upkeep\n|turn|12\n|\n|t:|1699912899\n|move|p2a: Darkrai|Dark Pulse|p1a: Milotic\n|-damage|p1a: Milotic|27\/100 slp\n|-curestatus|p1a: Milotic|slp|[msg]\n|move|p1a: Milotic|Haze|p1a: Milotic\n|-clearallboost\n|\n|-heal|p1a: Milotic|33\/100|[from] item: Leftovers\n|upkeep\n|turn|13\n|\n|t:|1699912906\n|switch|p1a: Magearna|Magearna|100\/100\n|-damage|p1a: Magearna|94\/100|[from] Stealth Rock\n|move|p2a: Darkrai|Hypnosis|p1a: Magearna|[miss]\n|-miss|p2a: Darkrai|p1a: Magearna\n|\n|-heal|p1a: Magearna|100\/100|[from] item: Leftovers\n|upkeep\n|turn|14\n|\n|t:|1699912910\n|move|p2a: Darkrai|Hypnosis|p1a: Magearna|[miss]\n|-miss|p2a: Darkrai|p1a: Magearna\n|move|p1a: Magearna|Volt Switch|p2a: Darkrai\n|-activate|p2a: Darkrai|move: Substitute|[damage]\n|\n|t:|1699912913\n|switch|p1a: Milotic|Milotic, F, shiny|33\/100|[from] Volt Switch\n|-damage|p1a: Milotic|21\/100|[from] Stealth Rock\n|\n|-heal|p1a: Milotic|27\/100|[from] item: Leftovers\n|upkeep\n|turn|15\n|\n|t:|1699912917\n|move|p2a: Darkrai|Dark Pulse|p1a: Milotic\n|-damage|p1a: Milotic|1\/100\n|move|p1a: Milotic|Recover|p1a: Milotic\n|-heal|p1a: Milotic|51\/100\n|\n|-heal|p1a: Milotic|57\/100|[from] item: Leftovers\n|upkeep\n|turn|16\n|\n|t:|1699912922\n|move|p2a: Darkrai|Hypnosis|p1a: Milotic\n|-status|p1a: Milotic|slp|[from] move: Hypnosis\n|cant|p1a: Milotic|slp\n|\n|-heal|p1a: Milotic|63\/100 slp|[from] item: Leftovers\n|-damage|p1a: Milotic|51\/100 slp|[from] ability: Bad Dreams|[of] p2a: Darkrai\n|upkeep\n|turn|17\n|\n|t:|1699912935\n|switch|p1a: Zacian|Zacian|100\/100\n|-damage|p1a: Zacian|88\/100|[from] Stealth Rock\n|-ability|p1a: Zacian|Intrepid Sword|boost\n|-boost|p1a: Zacian|atk|1\n|move|p2a: Darkrai|Nasty Plot|p2a: Darkrai\n|-boost|p2a: Darkrai|spa|2\n|\n|upkeep\n|turn|18\n|\n|t:|1699912937\n|move|p1a: Zacian|Play Rough|p2a: Darkrai\n|-supereffective|p2a: Darkrai\n|-end|p2a: Darkrai|Substitute\n|move|p2a: Darkrai|Sludge Bomb|p1a: Zacian\n|-supereffective|p1a: Zacian\n|-damage|p1a: Zacian|0 fnt\n|faint|p1a: Zacian\n|\n|upkeep\n|\n|t:|1699912941\n|switch|p1a: Magearna|Magearna|100\/100\n|-damage|p1a: Magearna|94\/100|[from] Stealth Rock\n|turn|19\n|\n|t:|1699912954\n|switch|p2a: Toedscruel|Toedscruel, M|100\/100\n|move|p1a: Magearna|Thunder Wave|p2a: Toedscruel\n|-immune|p2a: Toedscruel\n|\n|-heal|p1a: Magearna|100\/100|[from] item: Leftovers\n|upkeep\n|turn|20\n|\n|t:|1699912961\n|move|p2a: Toedscruel|Rapid Spin|p1a: Magearna\n|-resisted|p1a: Magearna\n|-damage|p1a: Magearna|97\/100\n|-boost|p2a: Toedscruel|spe|1\n|-sideend|p2: NewHoovybeast05|Spikes|[from] move: Rapid Spin|[of] p2a: Toedscruel\n|move|p1a: Magearna|Spikes|p2a: Toedscruel\n|-sidestart|p2: NewHoovybeast05|Spikes\n|\n|-heal|p1a: Magearna|100\/100|[from] item: Leftovers\n|upkeep\n|turn|21\n|\n|t:|1699912965\n|move|p2a: Toedscruel|Earth Power|p1a: Magearna\n|-supereffective|p1a: Magearna\n|-damage|p1a: Magearna|59\/100\n|move|p1a: Magearna|Fleur Cannon|p2a: Toedscruel|[miss]\n|-miss|p1a: Magearna|p2a: Toedscruel\n|\n|-heal|p1a: Magearna|65\/100|[from] item: Leftovers\n|upkeep\n|turn|22\n|\n|t:|1699912971\n|switch|p1a: Moltres|Moltres|100\/100\n|move|p2a: Toedscruel|Earth Power|p1a: Moltres\n|-immune|p1a: Moltres\n|\n|upkeep\n|turn|23\n|\n|t:|1699912977\n|switch|p2a: Orthworm|Orthworm, F|2\/100\n|-damage|p2a: Orthworm|0 fnt|[from] Spikes\n|faint|p2a: Orthworm\n|move|p1a: Moltres|Will-O-Wisp|p2: Orthworm|[notarget]\n|-fail|p1a: Moltres\n|\n|upkeep\n|\n|t:|1699912982\n|switch|p2a: Baxcalibur|Baxcalibur, M|100\/100\n|-damage|p2a: Baxcalibur|88\/100|[from] Spikes\n|turn|24\n|\n|t:|1699912985\n|move|p2a: Baxcalibur|Dragon Dance|p2a: Baxcalibur\n|-boost|p2a: Baxcalibur|atk|1\n|-boost|p2a: Baxcalibur|spe|1\n|move|p1a: Moltres|Roar|p2a: Baxcalibur\n|drag|p2a: Ninetales|Ninetales-Alola, F|100\/100 par\n|-damage|p2a: Ninetales|88\/100 par|[from] Spikes\n|-weather|Snow|[from] ability: Snow Warning|[of] p2a: Ninetales\n|\n|-weather|Snow|[upkeep]\n|upkeep\n|turn|25\n|\n|t:|1699912992\n|move|p1a: Moltres|Hurricane|p2a: Ninetales\n|-damage|p2a: Ninetales|45\/100 par\n|move|p2a: Ninetales|Aurora Veil|p2a: Ninetales\n|-sidestart|p2: NewHoovybeast05|move: Aurora Veil\n|\n|-weather|Snow|[upkeep]\n|upkeep\n|turn|26\n|\n|t:|1699912997\n|switch|p2a: Darkrai|Darkrai|100\/100\n|-damage|p2a: Darkrai|88\/100|[from] Spikes\n|move|p1a: Moltres|Roar|p2a: Darkrai\n|drag|p2a: Ninetales|Ninetales-Alola, F|45\/100 par\n|-damage|p2a: Ninetales|33\/100 par|[from] Spikes\n|\n|-weather|Snow|[upkeep]\n|upkeep\n|turn|27\n|\n|t:|1699913001\n|move|p1a: Moltres|Hurricane|p2a: Ninetales\n|-damage|p2a: Ninetales|9\/100 par\n|move|p2a: Ninetales|Freeze-Dry|p1a: Moltres\n|-damage|p1a: Moltres|78\/100\n|\n|-weather|Snow|[upkeep]\n|upkeep\n|turn|28\n|\n|t:|1699913010\n|move|p1a: Moltres|Roost|p1a: Moltres\n|-heal|p1a: Moltres|100\/100\n|-singleturn|p1a: Moltres|move: Roost\n|move|p2a: Ninetales|Freeze-Dry|p1a: Moltres\n|-resisted|p1a: Moltres\n|-crit|p1a: Moltres\n|-damage|p1a: Moltres|84\/100\n|\n|-weather|none\n|upkeep\n|turn|29\n|\n|t:|1699913017\n|switch|p2a: Darkrai|Darkrai|88\/100\n|-damage|p2a: Darkrai|76\/100|[from] Spikes\n|move|p1a: Moltres|Hurricane|p2a: Darkrai\n|-damage|p2a: Darkrai|46\/100\n|\n|-heal|p2a: Darkrai|52\/100|[from] item: Leftovers\n|upkeep\n|turn|30\n|\n|t:|1699913022\n|move|p2a: Darkrai|Dark Pulse|p1a: Moltres\n|-damage|p1a: Moltres|38\/100\n|move|p1a: Moltres|Roar|p2a: Darkrai\n|drag|p2a: Toedscruel|Toedscruel, M|100\/100\n|\n|upkeep\n|turn|31\n|\n|t:|1699913029\n|switch|p2a: Baxcalibur|Baxcalibur, M|88\/100\n|-damage|p2a: Baxcalibur|76\/100|[from] Spikes\n|move|p1a: Moltres|Roost|p1a: Moltres\n|-heal|p1a: Moltres|88\/100\n|-singleturn|p1a: Moltres|move: Roost\n|\n|upkeep\n|turn|32\n|\n|t:|1699913035\n|move|p2a: Baxcalibur|Icicle Spear|p1a: Moltres\n|-damage|p1a: Moltres|78\/100\n|-damage|p1a: Moltres|67\/100\n|-damage|p1a: Moltres|57\/100\n|-damage|p1a: Moltres|47\/100\n|-damage|p1a: Moltres|37\/100\n|-hitcount|p1a: Moltres|5\n|move|p1a: Moltres|Roar|p2a: Baxcalibur\n|drag|p2a: Toedscruel|Toedscruel, M|100\/100\n|\n|-sideend|p2: NewHoovybeast05|move: Aurora Veil\n|upkeep\n|turn|33\n|\n|t:|1699913046\n|switch|p2a: Ninetales|Ninetales-Alola, F|9\/100 par\n|-damage|p2a: Ninetales|0 fnt|[from] Spikes\n|faint|p2a: Ninetales\n|move|p1a: Moltres|Roost|p1a: Moltres\n|-heal|p1a: Moltres|87\/100\n|-singleturn|p1a: Moltres|move: Roost\n|\n|upkeep\n|\n|t:|1699913057\n|switch|p2a: Darkrai|Darkrai|52\/100\n|-damage|p2a: Darkrai|39\/100|[from] Spikes\n|turn|34\n|\n|t:|1699913063\n|move|p2a: Darkrai|Dark Pulse|p1a: Moltres\n|-damage|p1a: Moltres|40\/100\n|move|p1a: Moltres|Roar|p2a: Darkrai\n|drag|p2a: Toedscruel|Toedscruel, M|100\/100\n|\n|upkeep\n|turn|35\n|\n|t:|1699913069\n|move|p2a: Toedscruel|Rapid Spin|p1a: Moltres\n|-damage|p1a: Moltres|35\/100\n|-boost|p2a: Toedscruel|spe|1\n|-sideend|p2: NewHoovybeast05|Spikes|[from] move: Rapid Spin|[of] p2a: Toedscruel\n|move|p1a: Moltres|Roost|p1a: Moltres\n|-heal|p1a: Moltres|86\/100\n|-singleturn|p1a: Moltres|move: Roost\n|\n|upkeep\n|turn|36\n|\n|t:|1699913079\n|switch|p2a: Baxcalibur|Baxcalibur, M|76\/100\n|move|p1a: Moltres|Hurricane|p2a: Baxcalibur|[miss]\n|-miss|p1a: Moltres|p2a: Baxcalibur\n|\n|upkeep\n|turn|37\n|\n|t:|1699913084\n|move|p2a: Baxcalibur|Scale Shot|p1a: Moltres\n|-damage|p1a: Moltres|75\/100\n|-damage|p1a: Moltres|65\/100\n|-damage|p1a: Moltres|55\/100\n|-damage|p1a: Moltres|46\/100\n|-hitcount|p1a: Moltres|4\n|-unboost|p2a: Baxcalibur|def|1\n|-boost|p2a: Baxcalibur|spe|1\n|move|p1a: Moltres|Roar|p2a: Baxcalibur\n|drag|p2a: Urshifu|Urshifu-Rapid-Strike, F|76\/100 brn\n|\n|-damage|p2a: Urshifu|70\/100 brn|[from] brn\n|upkeep\n|turn|38\n|\n|t:|1699913089\n|move|p2a: Urshifu|Surging Strikes|p1a: Moltres\n|-supereffective|p1a: Moltres\n|-crit|p1a: Moltres\n|-damage|p1a: Moltres|32\/100\n|-supereffective|p1a: Moltres\n|-crit|p1a: Moltres\n|-damage|p1a: Moltres|19\/100\n|-supereffective|p1a: Moltres\n|-crit|p1a: Moltres\n|-damage|p1a: Moltres|6\/100\n|-hitcount|p1a: Moltres|3\n|move|p1a: Moltres|Roost|p1a: Moltres\n|-heal|p1a: Moltres|56\/100\n|-singleturn|p1a: Moltres|move: Roost\n|\n|-damage|p2a: Urshifu|64\/100 brn|[from] brn\n|upkeep\n|turn|39\n|\n|t:|1699913099\n|switch|p1a: Milotic|Milotic, F, shiny|51\/100 slp\n|-damage|p1a: Milotic|39\/100 slp|[from] Stealth Rock\n|move|p2a: Urshifu|Swords Dance|p2a: Urshifu\n|-boost|p2a: Urshifu|atk|2\n|\n|-heal|p1a: Milotic|45\/100 slp|[from] item: Leftovers\n|-damage|p2a: Urshifu|57\/100 brn|[from] brn\n|upkeep\n|turn|40\n|\n|t:|1699913103\n|move|p2a: Urshifu|Trailblaze|p1a: Milotic\n|-supereffective|p1a: Milotic\n|-damage|p1a: Milotic|23\/100 slp\n|-boost|p2a: Urshifu|spe|1\n|-curestatus|p1a: Milotic|slp|[msg]\n|move|p1a: Milotic|Recover|p1a: Milotic\n|-heal|p1a: Milotic|73\/100\n|\n|-heal|p1a: Milotic|79\/100|[from] item: Leftovers\n|-damage|p2a: Urshifu|51\/100 brn|[from] brn\n|upkeep\n|turn|41\n|\n|t:|1699913111\n|move|p2a: Urshifu|Close Combat|p1a: Milotic\n|-damage|p1a: Milotic|23\/100\n|-unboost|p2a: Urshifu|def|1\n|-unboost|p2a: Urshifu|spd|1\n|move|p1a: Milotic|Haze|p1a: Milotic\n|-clearallboost\n|\n|-heal|p1a: Milotic|29\/100|[from] item: Leftovers\n|-damage|p2a: Urshifu|45\/100 brn|[from] brn\n|upkeep\n|turn|42\n|\n|t:|1699913117\n|move|p2a: Urshifu|Swords Dance|p2a: Urshifu\n|-boost|p2a: Urshifu|atk|2\n|move|p1a: Milotic|Recover|p1a: Milotic\n|-heal|p1a: Milotic|79\/100\n|\n|-heal|p1a: Milotic|86\/100|[from] item: Leftovers\n|-damage|p2a: Urshifu|39\/100 brn|[from] brn\n|upkeep\n|turn|43\n|\n|t:|1699913124\n|move|p2a: Urshifu|Close Combat|p1a: Milotic\n|-damage|p1a: Milotic|29\/100\n|-unboost|p2a: Urshifu|def|1\n|-unboost|p2a: Urshifu|spd|1\n|move|p1a: Milotic|Haze|p1a: Milotic\n|-clearallboost\n|\n|-heal|p1a: Milotic|35\/100|[from] item: Leftovers\n|-damage|p2a: Urshifu|33\/100 brn|[from] brn\n|upkeep\n|turn|44\n|\n|t:|1699913129\n|move|p2a: Urshifu|Close Combat|p1a: Milotic\n|-damage|p1a: Milotic|3\/100\n|-unboost|p2a: Urshifu|def|1\n|-unboost|p2a: Urshifu|spd|1\n|move|p1a: Milotic|Recover|p1a: Milotic\n|-heal|p1a: Milotic|53\/100\n|\n|-heal|p1a: Milotic|59\/100|[from] item: Leftovers\n|-damage|p2a: Urshifu|27\/100 brn|[from] brn\n|upkeep\n|turn|45\n|\n|t:|1699913134\n|move|p2a: Urshifu|Trailblaze|p1a: Milotic\n|-supereffective|p1a: Milotic\n|-damage|p1a: Milotic|42\/100\n|-boost|p2a: Urshifu|spe|1\n|move|p1a: Milotic|Recover|p1a: Milotic\n|-heal|p1a: Milotic|92\/100\n|\n|-heal|p1a: Milotic|98\/100|[from] item: Leftovers\n|-damage|p2a: Urshifu|20\/100 brn|[from] brn\n|upkeep\n|turn|46\n|\n|t:|1699913138\n|switch|p2a: Baxcalibur|Baxcalibur, M|76\/100\n|move|p1a: Milotic|Flip Turn|p2a: Baxcalibur\n|-resisted|p2a: Baxcalibur\n|-damage|p2a: Baxcalibur|70\/100\n|\n|t:|1699913144\n|switch|p1a: Moltres|Moltres|56\/100|[from] Flip Turn\n|\n|upkeep\n|turn|47\n|\n|t:|1699913150\n|move|p2a: Baxcalibur|Dragon Dance|p2a: Baxcalibur\n|-boost|p2a: Baxcalibur|atk|1\n|-boost|p2a: Baxcalibur|spe|1\n|move|p1a: Moltres|Roar|p2a: Baxcalibur\n|drag|p2a: Darkrai|Darkrai|39\/100\n|\n|-heal|p2a: Darkrai|45\/100|[from] item: Leftovers\n|upkeep\n|turn|48\n|\n|t:|1699913153\n|move|p2a: Darkrai|Hypnosis|p1a: Moltres\n|-status|p1a: Moltres|slp|[from] move: Hypnosis\n|cant|p1a: Moltres|slp\n|\n|-heal|p2a: Darkrai|51\/100|[from] item: Leftovers\n|-damage|p1a: Moltres|44\/100 slp|[from] ability: Bad Dreams|[of] p2a: Darkrai\n|upkeep\n|turn|49\n|\n|t:|1699913158\n|switch|p1a: Magearna|Magearna|65\/100\n|-damage|p1a: Magearna|59\/100|[from] Stealth Rock\n|move|p2a: Darkrai|Nasty Plot|p2a: Darkrai\n|-boost|p2a: Darkrai|spa|2\n|\n|-heal|p2a: Darkrai|57\/100|[from] item: Leftovers\n|-heal|p1a: Magearna|65\/100|[from] item: Leftovers\n|upkeep\n|turn|50\n|\n|t:|1699913161\n|switch|p2a: Toedscruel|Toedscruel, M|100\/100\n|move|p1a: Magearna|Spikes|p2a: Toedscruel\n|-sidestart|p2: NewHoovybeast05|Spikes\n|\n|-heal|p1a: Magearna|71\/100|[from] item: Leftovers\n|upkeep\n|turn|51\n|\n|t:|1699913167\n|switch|p1a: Moltres|Moltres|44\/100 slp\n|move|p2a: Toedscruel|Rapid Spin|p1a: Moltres\n|-damage|p1a: Moltres|39\/100 slp\n|-boost|p2a: Toedscruel|spe|1\n|-sideend|p2: NewHoovybeast05|Spikes|[from] move: Rapid Spin|[of] p2a: Toedscruel\n|\n|upkeep\n|turn|52\n|\n|t:|1699913170\n|switch|p2a: Baxcalibur|Baxcalibur, M|70\/100\n|cant|p1a: Moltres|slp\n|\n|upkeep\n|turn|53\n|\n|t:|1699913174\n|move|p2a: Baxcalibur|Dragon Dance|p2a: Baxcalibur\n|-boost|p2a: Baxcalibur|atk|1\n|-boost|p2a: Baxcalibur|spe|1\n|cant|p1a: Moltres|slp\n|\n|upkeep\n|turn|54\n|\n|t:|1699913176\n|move|p2a: Baxcalibur|Icicle Spear|p1a: Moltres\n|-damage|p1a: Moltres|24\/100 slp\n|-damage|p1a: Moltres|8\/100 slp\n|-damage|p1a: Moltres|0 fnt\n|faint|p1a: Moltres\n|-hitcount|p1: Moltres|3\n|\n|upkeep\n|\n|t:|1699913178\n|switch|p1a: Milotic|Milotic, F, shiny|98\/100\n|-damage|p1a: Milotic|85\/100|[from] Stealth Rock\n|turn|55\n|\n|t:|1699913182\n|move|p2a: Baxcalibur|Scale Shot|p1a: Milotic\n|-damage|p1a: Milotic|63\/100\n|-damage|p1a: Milotic|42\/100\n|-damage|p1a: Milotic|21\/100\n|-damage|p1a: Milotic|1\/100\n|-damage|p1a: Milotic|0 fnt\n|faint|p1a: Milotic\n|-hitcount|p1: Milotic|5\n|-unboost|p2a: Baxcalibur|def|1\n|-boost|p2a: Baxcalibur|spe|1\n|\n|upkeep\n|\n|t:|1699913185\n|switch|p1a: Magearna|Magearna|71\/100\n|-damage|p1a: Magearna|65\/100|[from] Stealth Rock\n|turn|56\n|\n|t:|1699913191\n|-terastallize|p2a: Baxcalibur|Ground\n|move|p2a: Baxcalibur|Earthquake|p1a: Magearna\n|-supereffective|p1a: Magearna\n|-crit|p1a: Magearna\n|-damage|p1a: Magearna|0 fnt\n|faint|p1a: Magearna\n|\n|upkeep\n|\n|t:|1699913194\n|switch|p1a: Arceus|Arceus-Poison|100\/100\n|-damage|p1a: Arceus|88\/100|[from] Stealth Rock\n|turn|57\n|\n|t:|1699913207\n|move|p2a: Baxcalibur|Earthquake|p1a: Arceus\n|-supereffective|p1a: Arceus\n|-damage|p1a: Arceus|0 fnt\n|faint|p1a: Arceus\n|\n|upkeep\n|\n|t:|1699913209\n|switch|p1a: Baxcalibur|Baxcalibur, F|100\/100\n|turn|58\n|\n|t:|1699913213\n|-terastallize|p1a: Baxcalibur|Ice\n|move|p2a: Baxcalibur|Scale Shot|p1a: Baxcalibur\n|-damage|p1a: Baxcalibur|78\/100\n|-damage|p1a: Baxcalibur|56\/100\n|-damage|p1a: Baxcalibur|34\/100\n|-damage|p1a: Baxcalibur|15\/100\n|-hitcount|p1a: Baxcalibur|4\n|-unboost|p2a: Baxcalibur|def|1\n|-boost|p2a: Baxcalibur|spe|1\n|move|p1a: Baxcalibur|Icicle Crash|p2a: Baxcalibur\n|-supereffective|p2a: Baxcalibur\n|-damage|p2a: Baxcalibur|0 fnt\n|faint|p2a: Baxcalibur\n|\n|upkeep\n|\n|t:|1699913229\n|switch|p2a: Darkrai|Darkrai|57\/100\n|turn|59\n|c|\u2606NewHoovybeast05|gg\n|\n|t:|1699913238\n|move|p2a: Darkrai|Dark Pulse|p1a: Baxcalibur\n|-damage|p1a: Baxcalibur|0 fnt\n|faint|p1a: Baxcalibur\n|\n|win|NewHoovybeast05\n|c|\u2606LadyMaria-Blue|ggs\n|l|\u2606NewHoovybeast05\n","uploadtime":1699913245,"views":15,"p1id":"ladymariablue","p2id":"newhoovybeast05","formatid":"gen9ubers","rating":0,"private":0,"password":""}