{"id":"gen9ubers-1988654742","p1":"woahhgh","p2":"bravaaaa","format":"[Gen 9] Ubers","log":"|j|\u2606woahhgh\n|j|\u2606bravaaaa\n|t:|1699746759\n|gametype|singles\n|player|p1|woahhgh|170|1080\n|player|p2|bravaaaa|skier|1082\n|teamsize|p1|6\n|teamsize|p2|6\n|gen|9\n|tier|[Gen 9] Ubers\n|rated|\n|rule|Sleep Clause Mod: Limit one foe put to sleep\n|rule|Species Clause: Limit one of each Pok\u00e9mon\n|rule|OHKO Clause: OHKO moves are banned\n|rule|Evasion Items Clause: Evasion items are banned\n|rule|Evasion Moves Clause: Evasion moves are banned\n|rule|Endless Battle Clause: Forcing endless battles is banned\n|rule|HP Percentage Mod: HP is shown in percentages\n|clearpoke\n|poke|p1|Chi-Yu|\n|poke|p1|Gholdengo|\n|poke|p1|Great Tusk|\n|poke|p1|Manaphy|\n|poke|p1|Skeledirge, F|\n|poke|p1|Kommo-o, F|\n|poke|p2|Zacian-*|\n|poke|p2|Kyogre|\n|poke|p2|Eternatus|\n|poke|p2|Landorus, M|\n|poke|p2|Rayquaza|\n|poke|p2|Gliscor, F|\n|teampreview\n|inactive|Battle timer is ON: inactive players will automatically lose when time's up. (requested by bravaaaa)\n|\n|t:|1699746764\n|start\n|switch|p1a: Manaphy|Manaphy|100\/100\n|switch|p2a: Gliscor|Gliscor, F|100\/100\n|turn|1\n|\n|t:|1699746771\n|move|p1a: Manaphy|Tail Glow|p1a: Manaphy\n|-boost|p1a: Manaphy|spa|3\n|move|p2a: Gliscor|Toxic Spikes|p1a: Manaphy\n|-sidestart|p1: woahhgh|move: Toxic Spikes\n|\n|-status|p2a: Gliscor|tox|[from] item: Toxic Orb\n|upkeep\n|turn|2\n|\n|t:|1699746778\n|move|p1a: Manaphy|Ice Beam|p2a: Gliscor\n|-supereffective|p2a: Gliscor\n|-damage|p2a: Gliscor|0 fnt\n|faint|p2a: Gliscor\n|\n|upkeep\n|\n|t:|1699746786\n|switch|p2a: Kyogre|Kyogre|100\/100\n|-weather|RainDance|[from] ability: Drizzle|[of] p2a: Kyogre\n|turn|3\n|\n|t:|1699746790\n|-terastallize|p1a: Manaphy|Electric\n|move|p1a: Manaphy|Energy Ball|p2a: Kyogre\n|-supereffective|p2a: Kyogre\n|-damage|p2a: Kyogre|3\/100\n|-unboost|p2a: Kyogre|spd|1\n|move|p2a: Kyogre|Thunder|p1a: Manaphy\n|-resisted|p1a: Manaphy\n|-damage|p1a: Manaphy|81\/100\n|\n|-weather|RainDance|[upkeep]\n|-heal|p1a: Manaphy|87\/100|[from] item: Leftovers\n|-heal|p2a: Kyogre|9\/100|[from] item: Leftovers\n|upkeep\n|turn|4\n|\n|t:|1699746801\n|switch|p2a: Eternatus|Eternatus|100\/100\n|-ability|p2a: Eternatus|Pressure\n|move|p1a: Manaphy|Surf|p2a: Eternatus\n|-resisted|p2a: Eternatus\n|-damage|p2a: Eternatus|45\/100\n|\n|-weather|RainDance|[upkeep]\n|-heal|p2a: Eternatus|52\/100|[from] item: Leftovers\n|-heal|p1a: Manaphy|93\/100|[from] item: Leftovers\n|upkeep\n|turn|5\n|\n|t:|1699746805\n|move|p2a: Eternatus|Toxic|p1a: Manaphy\n|-status|p1a: Manaphy|tox\n|move|p1a: Manaphy|Ice Beam|p2a: Eternatus\n|-supereffective|p2a: Eternatus\n|-damage|p2a: Eternatus|0 fnt\n|faint|p2a: Eternatus\n|\n|-weather|RainDance|[upkeep]\n|-activate|p1a: Manaphy|ability: Hydration\n|-curestatus|p1a: Manaphy|tox|[msg]\n|-heal|p1a: Manaphy|99\/100|[from] item: Leftovers\n|upkeep\n|\n|t:|1699746809\n|switch|p2a: Zacian|Zacian-Crowned|100\/100\n|-ability|p2a: Zacian|Intrepid Sword|boost\n|-boost|p2a: Zacian|atk|1\n|turn|6\n|\n|t:|1699746814\n|move|p2a: Zacian|Wild Charge|p1a: Manaphy\n|-resisted|p1a: Manaphy\n|-damage|p1a: Manaphy|73\/100\n|-damage|p2a: Zacian|93\/100|[from] Recoil\n|move|p1a: Manaphy|Surf|p2a: Zacian\n|-damage|p2a: Zacian|0 fnt\n|faint|p2a: Zacian\n|\n|-weather|RainDance|[upkeep]\n|-heal|p1a: Manaphy|79\/100|[from] item: Leftovers\n|upkeep\n|\n|t:|1699746827\n|switch|p2a: Rayquaza|Rayquaza|100\/100\n|-ability|p2a: Rayquaza|Air Lock\n|turn|7\n|\n|t:|1699746831\n|move|p1a: Manaphy|Ice Beam|p2a: Rayquaza\n|-supereffective|p2a: Rayquaza\n|-damage|p2a: Rayquaza|0 fnt\n|faint|p2a: Rayquaza\n|\n|-weather|none\n|-heal|p1a: Manaphy|85\/100|[from] item: Leftovers\n|upkeep\n|\n|t:|1699746835\n|switch|p2a: Landorus|Landorus, M|100\/100\n|turn|8\n|\n|t:|1699746838\n|move|p2a: Landorus|Psychic|p1a: Manaphy\n|-damage|p1a: Manaphy|35\/100\n|move|p1a: Manaphy|Ice Beam|p2a: Landorus\n|-supereffective|p2a: Landorus\n|-damage|p2a: Landorus|0 fnt\n|faint|p2a: Landorus\n|\n|-heal|p1a: Manaphy|41\/100|[from] item: Leftovers\n|upkeep\n|c|\u2606woahhgh|gg\n|\n|t:|1699746843\n|switch|p2a: Kyogre|Kyogre|9\/100\n|-weather|RainDance|[from] ability: Drizzle|[of] p2a: Kyogre\n|turn|9\n|\n|t:|1699746846\n|move|p1a: Manaphy|Energy Ball|p2a: Kyogre\n|-supereffective|p2a: Kyogre\n|-damage|p2a: Kyogre|0 fnt\n|faint|p2a: Kyogre\n|\n|win|woahhgh\n|raw|woahhgh's rating: 1080 &rarr; <strong>1108<\/strong><br \/>(+28 for winning)\n|raw|bravaaaa's rating: 1082 &rarr; <strong>1060<\/strong><br \/>(-22 for losing)\n|l|\u2606bravaaaa\n","uploadtime":1699746860,"views":11,"p1id":"woahhgh","p2id":"bravaaaa","formatid":"gen9ubers","rating":1060,"private":0,"password":""}