{"id":"gen9ubers-1990399741","p1":"Miguel Vazto","p2":"cashapp me pls","format":"[Gen 9] Ubers","log":"|j|\u2606Miguel Vazto\n|j|\u2606cashapp me pls\n|t:|1699966959\n|gametype|singles\n|player|p1|Miguel Vazto|veteran|1072\n|player|p2|cashapp me pls|1|1027\n|teamsize|p1|6\n|teamsize|p2|6\n|gen|9\n|tier|[Gen 9] Ubers\n|rated|\n|rule|Sleep Clause Mod: Limit one foe put to sleep\n|rule|Species Clause: Limit one of each Pok\u00e9mon\n|rule|OHKO Clause: OHKO moves are banned\n|rule|Evasion Items Clause: Evasion items are banned\n|rule|Evasion Moves Clause: Evasion moves are banned\n|rule|Endless Battle Clause: Forcing endless battles is banned\n|rule|HP Percentage Mod: HP is shown in percentages\n|clearpoke\n|poke|p1|Tyranitar, M|\n|poke|p1|Gallade, M|\n|poke|p1|Mimikyu, M|\n|poke|p1|Gyarados, M|\n|poke|p1|Corviknight, F|\n|poke|p1|Arcanine, F|\n|poke|p2|Gothitelle, F|\n|poke|p2|Alomomola, F|\n|poke|p2|Slowking-Galar, M|\n|poke|p2|Grimmsnarl, M|\n|poke|p2|Gothorita, F|\n|poke|p2|Cinderace, F|\n|teampreview\n|\n|t:|1699966964\n|start\n|switch|p1a: Arcanine|Arcanine, F|100\/100\n|switch|p2a: Grimmsnarl|Grimmsnarl, M|100\/100\n|-ability|p1a: Arcanine|Intimidate|boost\n|-unboost|p2a: Grimmsnarl|atk|1\n|turn|1\n|inactive|Battle timer is ON: inactive players will automatically lose when time's up. (requested by cashapp me pls)\n|\n|t:|1699966987\n|move|p2a: Grimmsnarl|Reflect|p2a: Grimmsnarl\n|-sidestart|p2: cashapp me pls|Reflect\n|move|p1a: Arcanine|Close Combat|p2a: Grimmsnarl\n|-damage|p2a: Grimmsnarl|77\/100\n|-unboost|p1a: Arcanine|def|1\n|-unboost|p1a: Arcanine|spd|1\n|\n|upkeep\n|turn|2\n|\n|t:|1699966993\n|move|p2a: Grimmsnarl|Parting Shot|p1a: Arcanine\n|-unboost|p1a: Arcanine|atk|1\n|-unboost|p1a: Arcanine|spa|1\n|\n|t:|1699966998\n|switch|p2a: Gothitelle|Gothitelle, F, shiny|100\/100|[from] Parting Shot\n|move|p1a: Arcanine|Close Combat|p2a: Gothitelle\n|-resisted|p2a: Gothitelle\n|-crit|p2a: Gothitelle\n|-damage|p2a: Gothitelle|74\/100\n|-unboost|p1a: Arcanine|def|1\n|-unboost|p1a: Arcanine|spd|1\n|\n|upkeep\n|turn|3\n|\n|t:|1699967008\n|move|p1a: Arcanine|Close Combat|p2a: Gothitelle\n|-resisted|p2a: Gothitelle\n|-damage|p2a: Gothitelle|69\/100\n|-unboost|p1a: Arcanine|def|1\n|-unboost|p1a: Arcanine|spd|1\n|move|p2a: Gothitelle|Trick|p1a: Arcanine\n|-activate|p2a: Gothitelle|move: Trick|[of] p1a: Arcanine\n|-item|p1a: Arcanine|Choice Scarf|[from] move: Trick\n|-item|p2a: Gothitelle|Choice Scarf|[from] move: Trick\n|\n|upkeep\n|turn|4\n|\n|t:|1699967024\n|move|p1a: Arcanine|Close Combat|p2a: Gothitelle\n|-resisted|p2a: Gothitelle\n|-damage|p2a: Gothitelle|62\/100\n|-unboost|p1a: Arcanine|def|1\n|-unboost|p1a: Arcanine|spd|1\n|move|p2a: Gothitelle|Charm|p1a: Arcanine\n|-unboost|p1a: Arcanine|atk|2\n|\n|upkeep\n|turn|5\n|\n|t:|1699967031\n|move|p1a: Arcanine|Close Combat|p2a: Gothitelle\n|-resisted|p2a: Gothitelle\n|-damage|p2a: Gothitelle|59\/100\n|-unboost|p1a: Arcanine|def|1\n|-unboost|p1a: Arcanine|spd|1\n|move|p2a: Gothitelle|Charm|p1a: Arcanine\n|-unboost|p1a: Arcanine|atk|2\n|\n|upkeep\n|turn|6\n|\n|t:|1699967038\n|switch|p2a: Gothorita|Gothorita, F|100\/100\n|move|p1a: Arcanine|Close Combat|p2a: Gothorita\n|-resisted|p2a: Gothorita\n|-damage|p2a: Gothorita|98\/100\n|-unboost|p1a: Arcanine|def|1\n|-unboost|p1a: Arcanine|spd|1\n|\n|upkeep\n|turn|7\n|\n|t:|1699967046\n|switch|p2a: Gothitelle|Gothitelle, F, shiny|59\/100\n|move|p1a: Arcanine|Close Combat|p2a: Gothitelle\n|-resisted|p2a: Gothitelle\n|-damage|p2a: Gothitelle|56\/100\n|\n|upkeep\n|turn|8\n|\n|t:|1699967053\n|-terastallize|p1a: Arcanine|Fire\n|move|p1a: Arcanine|Close Combat|p2a: Gothitelle\n|-resisted|p2a: Gothitelle\n|-damage|p2a: Gothitelle|53\/100\n|move|p2a: Gothitelle|Rest|p2a: Gothitelle\n|-status|p2a: Gothitelle|slp|[from] move: Rest\n|-heal|p2a: Gothitelle|100\/100 slp|[silent]\n|\n|-sideend|p2: cashapp me pls|Reflect\n|upkeep\n|turn|9\n|\n|t:|1699967063\n|-activate|p1a: Arcanine|move: Struggle\n|move|p1a: Arcanine|Struggle|p2a: Gothitelle\n|-damage|p2a: Gothitelle|96\/100 slp\n|-damage|p1a: Arcanine|76\/100|[from] recoil\n|cant|p2a: Gothitelle|slp\n|\n|upkeep\n|turn|10\n|\n|t:|1699967069\n|-activate|p1a: Arcanine|move: Struggle\n|move|p1a: Arcanine|Struggle|p2a: Gothitelle\n|-damage|p2a: Gothitelle|91\/100 slp\n|-damage|p1a: Arcanine|51\/100|[from] recoil\n|cant|p2a: Gothitelle|slp\n|\n|upkeep\n|turn|11\n|\n|t:|1699967075\n|switch|p2a: Gothorita|Gothorita, F|98\/100\n|-activate|p1a: Arcanine|move: Struggle\n|move|p1a: Arcanine|Struggle|p2a: Gothorita\n|-damage|p2a: Gothorita|94\/100\n|-damage|p1a: Arcanine|26\/100|[from] recoil\n|\n|upkeep\n|turn|12\n|\n|t:|1699967081\n|switch|p2a: Gothitelle|Gothitelle, F, shiny|91\/100 slp\n|-activate|p1a: Arcanine|move: Struggle\n|move|p1a: Arcanine|Struggle|p2a: Gothitelle\n|-damage|p2a: Gothitelle|86\/100 slp\n|-damage|p1a: Arcanine|1\/100|[from] recoil\n|\n|upkeep\n|turn|13\n|\n|t:|1699967088\n|switch|p2a: Grimmsnarl|Grimmsnarl, M|77\/100\n|-activate|p1a: Arcanine|move: Struggle\n|move|p1a: Arcanine|Struggle|p2a: Grimmsnarl\n|-damage|p2a: Grimmsnarl|71\/100\n|-damage|p1a: Arcanine|0 fnt|[from] recoil\n|faint|p1a: Arcanine\n|\n|upkeep\n|\n|t:|1699967095\n|switch|p1a: Gallade|Gallade, M|100\/100\n|turn|14\n|\n|t:|1699967100\n|move|p2a: Grimmsnarl|Reflect|p2a: Grimmsnarl\n|-sidestart|p2: cashapp me pls|Reflect\n|move|p1a: Gallade|Sacred Sword|p2a: Grimmsnarl\n|-damage|p2a: Grimmsnarl|29\/100\n|\n|upkeep\n|turn|15\n|\n|t:|1699967104\n|move|p2a: Grimmsnarl|Parting Shot|p1a: Gallade\n|-unboost|p1a: Gallade|atk|1\n|-unboost|p1a: Gallade|spa|1\n|\n|t:|1699967107\n|switch|p2a: Gothitelle|Gothitelle, F, shiny|86\/100 slp|[from] Parting Shot\n|move|p1a: Gallade|Sacred Sword|p2a: Gothitelle\n|-resisted|p2a: Gothitelle\n|-damage|p2a: Gothitelle|74\/100 slp\n|\n|upkeep\n|turn|16\n|\n|t:|1699967118\n|-curestatus|p2a: Gothitelle|slp|[msg]\n|move|p2a: Gothitelle|Trick|p1a: Gallade\n|-activate|p2a: Gothitelle|move: Trick|[of] p1a: Gallade\n|-item|p1a: Gallade|Choice Scarf|[from] move: Trick\n|-item|p2a: Gothitelle|Heavy-Duty Boots|[from] move: Trick\n|move|p1a: Gallade|Sacred Sword|p2a: Gothitelle\n|-resisted|p2a: Gothitelle\n|-damage|p2a: Gothitelle|62\/100\n|\n|upkeep\n|turn|17\n|\n|t:|1699967130\n|move|p1a: Gallade|Sacred Sword|p2a: Gothitelle\n|-resisted|p2a: Gothitelle\n|-damage|p2a: Gothitelle|50\/100\n|move|p2a: Gothitelle|Charm|p1a: Gallade\n|-unboost|p1a: Gallade|atk|2\n|\n|upkeep\n|turn|18\n|\n|t:|1699967136\n|move|p1a: Gallade|Sacred Sword|p2a: Gothitelle\n|-resisted|p2a: Gothitelle\n|-damage|p2a: Gothitelle|43\/100\n|move|p2a: Gothitelle|Charm|p1a: Gallade\n|-unboost|p1a: Gallade|atk|2\n|\n|upkeep\n|turn|19\n|\n|t:|1699967146\n|move|p1a: Gallade|Sacred Sword|p2a: Gothitelle\n|-resisted|p2a: Gothitelle\n|-damage|p2a: Gothitelle|38\/100\n|move|p2a: Gothitelle|Charm|p1a: Gallade\n|-unboost|p1a: Gallade|atk|1\n|\n|upkeep\n|turn|20\n|\n|t:|1699967153\n|move|p1a: Gallade|Sacred Sword|p2a: Gothitelle\n|-resisted|p2a: Gothitelle\n|-damage|p2a: Gothitelle|33\/100\n|move|p2a: Gothitelle|Rest|p2a: Gothitelle\n|-status|p2a: Gothitelle|slp|[from] move: Rest\n|-heal|p2a: Gothitelle|100\/100 slp|[silent]\n|\n|upkeep\n|turn|21\n|\n|t:|1699967160\n|move|p1a: Gallade|Sacred Sword|p2a: Gothitelle\n|-resisted|p2a: Gothitelle\n|-damage|p2a: Gothitelle|96\/100 slp\n|cant|p2a: Gothitelle|slp\n|\n|-sideend|p2: cashapp me pls|Reflect\n|upkeep\n|turn|22\n|\n|t:|1699967166\n|move|p1a: Gallade|Sacred Sword|p2a: Gothitelle\n|-resisted|p2a: Gothitelle\n|-damage|p2a: Gothitelle|87\/100 slp\n|cant|p2a: Gothitelle|slp\n|\n|upkeep\n|turn|23\n|\n|t:|1699967175\n|move|p1a: Gallade|Sacred Sword|p2a: Gothitelle\n|-resisted|p2a: Gothitelle\n|-damage|p2a: Gothitelle|78\/100 slp\n|-curestatus|p2a: Gothitelle|slp|[msg]\n|move|p2a: Gothitelle|Reflect|p2a: Gothitelle\n|-sidestart|p2: cashapp me pls|Reflect\n|\n|upkeep\n|turn|24\n|\n|t:|1699967181\n|switch|p2a: Gothorita|Gothorita, F|94\/100\n|move|p1a: Gallade|Sacred Sword|p2a: Gothorita\n|-resisted|p2a: Gothorita\n|-damage|p2a: Gothorita|90\/100\n|\n|upkeep\n|turn|25\n|\n|t:|1699967188\n|switch|p2a: Gothitelle|Gothitelle, F, shiny|78\/100\n|move|p1a: Gallade|Sacred Sword|p2a: Gothitelle\n|-resisted|p2a: Gothitelle\n|-damage|p2a: Gothitelle|73\/100\n|\n|upkeep\n|turn|26\n|\n|t:|1699967195\n|switch|p2a: Gothorita|Gothorita, F|90\/100\n|move|p1a: Gallade|Sacred Sword|p2a: Gothorita\n|-resisted|p2a: Gothorita\n|-damage|p2a: Gothorita|86\/100\n|\n|upkeep\n|turn|27\n|\n|t:|1699967204\n|switch|p2a: Gothitelle|Gothitelle, F, shiny|73\/100\n|move|p1a: Gallade|Sacred Sword|p2a: Gothitelle\n|-resisted|p2a: Gothitelle\n|-damage|p2a: Gothitelle|69\/100\n|\n|-sideend|p2: cashapp me pls|Reflect\n|upkeep\n|turn|28\n|\n|t:|1699967211\n|move|p1a: Gallade|Sacred Sword|p2a: Gothitelle\n|-resisted|p2a: Gothitelle\n|-damage|p2a: Gothitelle|61\/100\n|move|p2a: Gothitelle|Reflect|p2a: Gothitelle\n|-sidestart|p2: cashapp me pls|Reflect\n|\n|upkeep\n|turn|29\n|\n|t:|1699967216\n|switch|p2a: Gothorita|Gothorita, F|86\/100\n|move|p1a: Gallade|Sacred Sword|p2a: Gothorita\n|-resisted|p2a: Gothorita\n|-damage|p2a: Gothorita|82\/100\n|\n|upkeep\n|turn|30\n|\n|t:|1699967222\n|switch|p2a: Gothitelle|Gothitelle, F, shiny|61\/100\n|move|p1a: Gallade|Sacred Sword|p2a: Gothitelle\n|-resisted|p2a: Gothitelle\n|-damage|p2a: Gothitelle|57\/100\n|\n|upkeep\n|turn|31\n|\n|t:|1699967228\n|switch|p2a: Gothorita|Gothorita, F|82\/100\n|move|p1a: Gallade|Sacred Sword|p2a: Gothorita\n|-resisted|p2a: Gothorita\n|-damage|p2a: Gothorita|78\/100\n|\n|upkeep\n|turn|32\n|\n|t:|1699967234\n|switch|p2a: Gothitelle|Gothitelle, F, shiny|57\/100\n|move|p1a: Gallade|Sacred Sword|p2a: Gothitelle\n|-resisted|p2a: Gothitelle\n|-damage|p2a: Gothitelle|53\/100\n|\n|-sideend|p2: cashapp me pls|Reflect\n|upkeep\n|turn|33\n|\n|t:|1699967247\n|move|p1a: Gallade|Sacred Sword|p2a: Gothitelle\n|-resisted|p2a: Gothitelle\n|-damage|p2a: Gothitelle|44\/100\n|move|p2a: Gothitelle|Reflect|p2a: Gothitelle\n|-sidestart|p2: cashapp me pls|Reflect\n|\n|upkeep\n|turn|34\n|\n|t:|1699967253\n|move|p1a: Gallade|Sacred Sword|p2a: Gothitelle\n|-resisted|p2a: Gothitelle\n|-damage|p2a: Gothitelle|40\/100\n|move|p2a: Gothitelle|Rest|p2a: Gothitelle\n|-status|p2a: Gothitelle|slp|[from] move: Rest\n|-heal|p2a: Gothitelle|100\/100 slp|[silent]\n|\n|upkeep\n|turn|35\n|\n|t:|1699967260\n|move|p1a: Gallade|Sacred Sword|p2a: Gothitelle\n|-resisted|p2a: Gothitelle\n|-damage|p2a: Gothitelle|96\/100 slp\n|cant|p2a: Gothitelle|slp\n|\n|upkeep\n|turn|36\n|\n|t:|1699967266\n|move|p1a: Gallade|Sacred Sword|p2a: Gothitelle\n|-resisted|p2a: Gothitelle\n|-damage|p2a: Gothitelle|92\/100 slp\n|cant|p2a: Gothitelle|slp\n|\n|upkeep\n|turn|37\n|\n|t:|1699967284\n|move|p1a: Gallade|Sacred Sword|p2a: Gothitelle\n|-resisted|p2a: Gothitelle\n|-damage|p2a: Gothitelle|88\/100 slp\n|-curestatus|p2a: Gothitelle|slp|[msg]\n|move|p2a: Gothitelle|Reflect||[still]\n|-fail|p2a: Gothitelle\n|\n|-sideend|p2: cashapp me pls|Reflect\n|upkeep\n|turn|38\n|\n|t:|1699967294\n|switch|p2a: Gothorita|Gothorita, F|78\/100\n|-activate|p1a: Gallade|move: Struggle\n|move|p1a: Gallade|Struggle|p2a: Gothorita\n|-damage|p2a: Gothorita|74\/100\n|-damage|p1a: Gallade|76\/100|[from] recoil\n|\n|upkeep\n|turn|39\n|\n|t:|1699967300\n|-activate|p1a: Gallade|move: Struggle\n|move|p1a: Gallade|Struggle|p2a: Gothorita\n|-damage|p2a: Gothorita|69\/100\n|-damage|p1a: Gallade|51\/100|[from] recoil\n|move|p2a: Gothorita|Trick Room|p2a: Gothorita\n|-fieldstart|move: Trick Room|[of] p2a: Gothorita\n|\n|upkeep\n|turn|40\n|\n|t:|1699967306\n|move|p2a: Gothorita|Light Screen|p2a: Gothorita\n|-sidestart|p2: cashapp me pls|move: Light Screen\n|-activate|p1a: Gallade|move: Struggle\n|move|p1a: Gallade|Struggle|p2a: Gothorita\n|-damage|p2a: Gothorita|65\/100\n|-damage|p1a: Gallade|26\/100|[from] recoil\n|\n|upkeep\n|turn|41\n|\n|t:|1699967311\n|switch|p2a: Gothitelle|Gothitelle, F, shiny|88\/100\n|-activate|p1a: Gallade|move: Struggle\n|move|p1a: Gallade|Struggle|p2a: Gothitelle\n|-damage|p2a: Gothitelle|84\/100\n|-damage|p1a: Gallade|1\/100|[from] recoil\n|\n|upkeep\n|turn|42\n|\n|t:|1699967319\n|move|p2a: Gothitelle|Trick|p1a: Gallade\n|-activate|p2a: Gothitelle|move: Trick|[of] p1a: Gallade\n|-item|p1a: Gallade|Heavy-Duty Boots|[from] move: Trick\n|-item|p2a: Gothitelle|Choice Scarf|[from] move: Trick\n|-activate|p1a: Gallade|move: Struggle\n|move|p1a: Gallade|Struggle|p2a: Gothitelle\n|-damage|p2a: Gothitelle|80\/100\n|-damage|p1a: Gallade|0 fnt|[from] recoil\n|faint|p1a: Gallade\n|\n|upkeep\n|\n|t:|1699967336\n|switch|p1a: Mimikyu|Mimikyu, M|100\/100\n|turn|43\n|\n|t:|1699967341\n|switch|p2a: Alomomola|Alomomola, F, shiny|100\/100\n|move|p1a: Mimikyu|Shadow Claw|p2a: Alomomola\n|-damage|p2a: Alomomola|80\/100\n|-damage|p1a: Mimikyu|84\/100|[from] item: Rocky Helmet|[of] p2a: Alomomola\n|-damage|p1a: Mimikyu|74\/100|[from] item: Life Orb\n|\n|-fieldend|move: Trick Room\n|upkeep\n|turn|44\n|\n|t:|1699967349\n|move|p1a: Mimikyu|Wood Hammer|p2a: Alomomola\n|-supereffective|p2a: Alomomola\n|-damage|p2a: Alomomola|35\/100\n|-damage|p1a: Mimikyu|58\/100|[from] item: Rocky Helmet|[of] p2a: Alomomola\n|-damage|p1a: Mimikyu|26\/100|[from] Recoil\n|-damage|p1a: Mimikyu|16\/100|[from] item: Life Orb\n|move|p2a: Alomomola|Flip Turn|p1a: Mimikyu\n|-activate|p1a: Mimikyu|ability: Disguise\n|-damage|p1a: Mimikyu|16\/100\n|detailschange|p1a: Mimikyu|Mimikyu-Busted, M\n|-damage|p1a: Mimikyu|4\/100|[from] pokemon: Mimikyu-Busted\n|\n|t:|1699967361\n|switch|p2a: Cinderace|Cinderace, F|100\/100|[from] Flip Turn\n|\n|-sideend|p2: cashapp me pls|move: Light Screen\n|upkeep\n|turn|45\n|\n|t:|1699967370\n|switch|p1a: Gyarados|Gyarados, M|100\/100\n|move|p2a: Cinderace|U-turn|p1a: Gyarados\n|-start|p2a: Cinderace|typechange|Bug|[from] ability: Libero\n|-resisted|p1a: Gyarados\n|-damage|p1a: Gyarados|81\/100\n|\n|t:|1699967376\n|switch|p2a: Gothitelle|Gothitelle, F, shiny|80\/100|[from] U-turn\n|\n|upkeep\n|turn|46\n|\n|t:|1699967396\n|move|p2a: Gothitelle|Trick|p1a: Gyarados\n|-activate|p2a: Gothitelle|move: Trick|[of] p1a: Gyarados\n|-item|p1a: Gyarados|Choice Scarf|[from] move: Trick\n|-item|p2a: Gothitelle|Lum Berry|[from] move: Trick\n|move|p1a: Gyarados|Dragon Dance|p1a: Gyarados\n|-boost|p1a: Gyarados|atk|1\n|-boost|p1a: Gyarados|spe|1\n|\n|upkeep\n|turn|47\n|\n|t:|1699967405\n|move|p1a: Gyarados|Dragon Dance|p1a: Gyarados\n|-boost|p1a: Gyarados|atk|1\n|-boost|p1a: Gyarados|spe|1\n|move|p2a: Gothitelle|Charm|p1a: Gyarados\n|-unboost|p1a: Gyarados|atk|2\n|\n|upkeep\n|turn|48\n|\n|t:|1699967411\n|move|p1a: Gyarados|Dragon Dance|p1a: Gyarados\n|-boost|p1a: Gyarados|atk|1\n|-boost|p1a: Gyarados|spe|1\n|move|p2a: Gothitelle|Charm|p1a: Gyarados\n|-unboost|p1a: Gyarados|atk|2\n|\n|upkeep\n|turn|49\n|\n|t:|1699967417\n|move|p1a: Gyarados|Dragon Dance|p1a: Gyarados\n|-boost|p1a: Gyarados|atk|1\n|-boost|p1a: Gyarados|spe|1\n|move|p2a: Gothitelle|Charm|p1a: Gyarados\n|-unboost|p1a: Gyarados|atk|2\n|\n|upkeep\n|turn|50\n|\n|t:|1699967422\n|move|p1a: Gyarados|Dragon Dance|p1a: Gyarados\n|-boost|p1a: Gyarados|atk|1\n|-boost|p1a: Gyarados|spe|1\n|move|p2a: Gothitelle|Charm|p1a: Gyarados\n|-unboost|p1a: Gyarados|atk|2\n|\n|upkeep\n|turn|51\n|\n|t:|1699967425\n|move|p1a: Gyarados|Dragon Dance|p1a: Gyarados\n|-boost|p1a: Gyarados|atk|1\n|-boost|p1a: Gyarados|spe|1\n|move|p2a: Gothitelle|Charm|p1a: Gyarados\n|-unboost|p1a: Gyarados|atk|2\n|\n|upkeep\n|turn|52\n|\n|t:|1699967427\n|move|p1a: Gyarados|Dragon Dance|p1a: Gyarados\n|-boost|p1a: Gyarados|atk|1\n|-boost|p1a: Gyarados|spe|0\n|move|p2a: Gothitelle|Charm|p1a: Gyarados\n|-unboost|p1a: Gyarados|atk|2\n|\n|upkeep\n|turn|53\n|\n|t:|1699967429\n|move|p1a: Gyarados|Dragon Dance|p1a: Gyarados\n|-boost|p1a: Gyarados|atk|1\n|-boost|p1a: Gyarados|spe|0\n|move|p2a: Gothitelle|Charm|p1a: Gyarados\n|-unboost|p1a: Gyarados|atk|2\n|\n|upkeep\n|turn|54\n|\n|t:|1699967431\n|switch|p2a: Gothorita|Gothorita, F|65\/100\n|move|p1a: Gyarados|Dragon Dance|p1a: Gyarados\n|-boost|p1a: Gyarados|atk|1\n|-boost|p1a: Gyarados|spe|0\n|\n|upkeep\n|turn|55\n|\n|t:|1699967441\n|switch|p2a: Gothitelle|Gothitelle, F, shiny|80\/100\n|move|p1a: Gyarados|Dragon Dance|p1a: Gyarados\n|-boost|p1a: Gyarados|atk|1\n|-boost|p1a: Gyarados|spe|0\n|\n|upkeep\n|turn|56\n|\n|t:|1699967447\n|move|p1a: Gyarados|Dragon Dance|p1a: Gyarados\n|-boost|p1a: Gyarados|atk|1\n|-boost|p1a: Gyarados|spe|0\n|move|p2a: Gothitelle|Charm|p1a: Gyarados\n|-unboost|p1a: Gyarados|atk|2\n|\n|upkeep\n|turn|57\n|\n|t:|1699967452\n|move|p1a: Gyarados|Dragon Dance|p1a: Gyarados\n|-boost|p1a: Gyarados|atk|1\n|-boost|p1a: Gyarados|spe|0\n|move|p2a: Gothitelle|Charm|p1a: Gyarados\n|-unboost|p1a: Gyarados|atk|2\n|\n|upkeep\n|turn|58\n|\n|t:|1699967463\n|switch|p2a: Gothorita|Gothorita, F|65\/100\n|move|p1a: Gyarados|Dragon Dance|p1a: Gyarados\n|-boost|p1a: Gyarados|atk|1\n|-boost|p1a: Gyarados|spe|0\n|\n|upkeep\n|turn|59\n|\n|t:|1699967470\n|switch|p2a: Gothitelle|Gothitelle, F, shiny|80\/100\n|move|p1a: Gyarados|Dragon Dance|p1a: Gyarados\n|-boost|p1a: Gyarados|atk|1\n|-boost|p1a: Gyarados|spe|0\n|\n|upkeep\n|turn|60\n|\n|t:|1699967475\n|move|p1a: Gyarados|Dragon Dance|p1a: Gyarados\n|-boost|p1a: Gyarados|atk|1\n|-boost|p1a: Gyarados|spe|0\n|move|p2a: Gothitelle|Charm|p1a: Gyarados\n|-unboost|p1a: Gyarados|atk|2\n|\n|upkeep\n|turn|61\n|\n|t:|1699967477\n|move|p1a: Gyarados|Dragon Dance|p1a: Gyarados\n|-boost|p1a: Gyarados|atk|1\n|-boost|p1a: Gyarados|spe|0\n|move|p2a: Gothitelle|Charm|p1a: Gyarados\n|-unboost|p1a: Gyarados|atk|2\n|\n|upkeep\n|turn|62\n|\n|t:|1699967479\n|switch|p2a: Gothorita|Gothorita, F|65\/100\n|move|p1a: Gyarados|Dragon Dance|p1a: Gyarados\n|-boost|p1a: Gyarados|atk|1\n|-boost|p1a: Gyarados|spe|0\n|\n|upkeep\n|turn|63\n|\n|t:|1699967488\n|switch|p2a: Gothitelle|Gothitelle, F, shiny|80\/100\n|move|p1a: Gyarados|Dragon Dance|p1a: Gyarados\n|-boost|p1a: Gyarados|atk|1\n|-boost|p1a: Gyarados|spe|0\n|\n|upkeep\n|turn|64\n|\n|t:|1699967494\n|move|p1a: Gyarados|Dragon Dance|p1a: Gyarados\n|-boost|p1a: Gyarados|atk|1\n|-boost|p1a: Gyarados|spe|0\n|move|p2a: Gothitelle|Charm|p1a: Gyarados\n|-unboost|p1a: Gyarados|atk|2\n|\n|upkeep\n|turn|65\n|\n|t:|1699967499\n|move|p1a: Gyarados|Dragon Dance|p1a: Gyarados\n|-boost|p1a: Gyarados|atk|1\n|-boost|p1a: Gyarados|spe|0\n|move|p2a: Gothitelle|Charm|p1a: Gyarados\n|-unboost|p1a: Gyarados|atk|2\n|\n|upkeep\n|turn|66\n|\n|t:|1699967502\n|switch|p2a: Gothorita|Gothorita, F|65\/100\n|move|p1a: Gyarados|Dragon Dance|p1a: Gyarados\n|-boost|p1a: Gyarados|atk|1\n|-boost|p1a: Gyarados|spe|0\n|\n|upkeep\n|turn|67\n|\n|t:|1699967508\n|switch|p2a: Gothitelle|Gothitelle, F, shiny|80\/100\n|move|p1a: Gyarados|Dragon Dance|p1a: Gyarados\n|-boost|p1a: Gyarados|atk|1\n|-boost|p1a: Gyarados|spe|0\n|\n|upkeep\n|turn|68\n|\n|t:|1699967513\n|move|p1a: Gyarados|Dragon Dance|p1a: Gyarados\n|-boost|p1a: Gyarados|atk|1\n|-boost|p1a: Gyarados|spe|0\n|move|p2a: Gothitelle|Charm|p1a: Gyarados\n|-unboost|p1a: Gyarados|atk|2\n|\n|upkeep\n|turn|69\n|\n|t:|1699967516\n|move|p1a: Gyarados|Dragon Dance|p1a: Gyarados\n|-boost|p1a: Gyarados|atk|1\n|-boost|p1a: Gyarados|spe|0\n|move|p2a: Gothitelle|Charm|p1a: Gyarados\n|-unboost|p1a: Gyarados|atk|2\n|\n|upkeep\n|turn|70\n|\n|t:|1699967518\n|switch|p2a: Gothorita|Gothorita, F|65\/100\n|move|p1a: Gyarados|Dragon Dance|p1a: Gyarados\n|-boost|p1a: Gyarados|atk|1\n|-boost|p1a: Gyarados|spe|0\n|\n|upkeep\n|turn|71\n|\n|t:|1699967519\n|switch|p2a: Gothitelle|Gothitelle, F, shiny|80\/100\n|move|p1a: Gyarados|Dragon Dance|p1a: Gyarados\n|-boost|p1a: Gyarados|atk|1\n|-boost|p1a: Gyarados|spe|0\n|\n|upkeep\n|turn|72\n|\n|t:|1699967525\n|switch|p2a: Gothorita|Gothorita, F|65\/100\n|move|p1a: Gyarados|Dragon Dance|p1a: Gyarados\n|-boost|p1a: Gyarados|atk|1\n|-boost|p1a: Gyarados|spe|0\n|\n|upkeep\n|turn|73\n|\n|t:|1699967532\n|switch|p2a: Gothitelle|Gothitelle, F, shiny|80\/100\n|move|p1a: Gyarados|Dragon Dance|p1a: Gyarados\n|-boost|p1a: Gyarados|atk|1\n|-boost|p1a: Gyarados|spe|0\n|\n|upkeep\n|turn|74\n|\n|t:|1699967534\n|move|p1a: Gyarados|Dragon Dance|p1a: Gyarados\n|-boost|p1a: Gyarados|atk|1\n|-boost|p1a: Gyarados|spe|0\n|move|p2a: Gothitelle|Charm|p1a: Gyarados\n|-unboost|p1a: Gyarados|atk|2\n|\n|upkeep\n|turn|75\n|\n|t:|1699967536\n|move|p1a: Gyarados|Dragon Dance|p1a: Gyarados\n|-boost|p1a: Gyarados|atk|1\n|-boost|p1a: Gyarados|spe|0\n|move|p2a: Gothitelle|Charm|p1a: Gyarados\n|-unboost|p1a: Gyarados|atk|2\n|\n|upkeep\n|turn|76\n|\n|t:|1699967538\n|move|p1a: Gyarados|Dragon Dance|p1a: Gyarados\n|-boost|p1a: Gyarados|atk|1\n|-boost|p1a: Gyarados|spe|0\n|move|p2a: Gothitelle|Charm|p1a: Gyarados\n|-unboost|p1a: Gyarados|atk|2\n|\n|upkeep\n|turn|77\n|\n|t:|1699967565\n|move|p1a: Gyarados|Dragon Dance|p1a: Gyarados\n|-boost|p1a: Gyarados|atk|1\n|-boost|p1a: Gyarados|spe|0\n|move|p2a: Gothitelle|Charm|p1a: Gyarados\n|-unboost|p1a: Gyarados|atk|2\n|\n|upkeep\n|turn|78\n|\n|t:|1699967571\n|switch|p2a: Gothorita|Gothorita, F|65\/100\n|-activate|p1a: Gyarados|move: Struggle\n|move|p1a: Gyarados|Struggle|p2a: Gothorita\n|-damage|p2a: Gothorita|61\/100\n|-damage|p1a: Gyarados|55\/100|[from] recoil\n|\n|upkeep\n|turn|79\n|\n|t:|1699967577\n|-activate|p1a: Gyarados|move: Struggle\n|move|p1a: Gyarados|Struggle|p2a: Gothorita\n|-damage|p2a: Gothorita|57\/100\n|-damage|p1a: Gyarados|30\/100|[from] recoil\n|move|p2a: Gothorita|Trick Room|p2a: Gothorita\n|-fieldstart|move: Trick Room|[of] p2a: Gothorita\n|\n|upkeep\n|turn|80\n|\n|t:|1699967581\n|switch|p2a: Gothitelle|Gothitelle, F, shiny|80\/100\n|-activate|p1a: Gyarados|move: Struggle\n|move|p1a: Gyarados|Struggle|p2a: Gothitelle\n|-damage|p2a: Gothitelle|75\/100\n|-damage|p1a: Gyarados|5\/100|[from] recoil\n|\n|upkeep\n|turn|81\n|\n|t:|1699967583\n|move|p2a: Gothitelle|Trick|p1a: Gyarados\n|-activate|p2a: Gothitelle|move: Trick|[of] p1a: Gyarados\n|-item|p1a: Gyarados|Lum Berry|[from] move: Trick\n|-item|p2a: Gothitelle|Choice Scarf|[from] move: Trick\n|-activate|p1a: Gyarados|move: Struggle\n|move|p1a: Gyarados|Struggle|p2a: Gothitelle\n|-damage|p2a: Gothitelle|71\/100\n|-damage|p1a: Gyarados|0 fnt|[from] recoil\n|faint|p1a: Gyarados\n|\n|upkeep\n|\n|t:|1699967594\n|switch|p1a: Mimikyu|Mimikyu-Busted, M|4\/100\n|turn|82\n|\n|t:|1699967599\n|switch|p2a: Alomomola|Alomomola, F, shiny|68\/100\n|move|p1a: Mimikyu|Shadow Claw|p2a: Alomomola\n|-damage|p2a: Alomomola|47\/100\n|-damage|p1a: Mimikyu|0 fnt|[from] item: Rocky Helmet|[of] p2a: Alomomola\n|faint|p1a: Mimikyu\n|\n|upkeep\n|\n|t:|1699967607\n|switch|p1a: Tyranitar|Tyranitar, M|100\/100\n|-weather|Sandstorm|[from] ability: Sand Stream|[of] p1a: Tyranitar\n|turn|83\n|\n|t:|1699967630\n|move|p2a: Alomomola|Wish|p2a: Alomomola\n|move|p1a: Tyranitar|Earthquake|p2a: Alomomola\n|-damage|p2a: Alomomola|25\/100\n|\n|-weather|Sandstorm|[upkeep]\n|-damage|p2a: Alomomola|19\/100|[from] Sandstorm\n|-fieldend|move: Trick Room\n|upkeep\n|turn|84\n|\n|t:|1699967637\n|move|p2a: Alomomola|Protect|p2a: Alomomola\n|-singleturn|p2a: Alomomola|Protect\n|move|p1a: Tyranitar|Stone Edge|p2a: Alomomola\n|-activate|p2a: Alomomola|move: Protect\n|\n|-weather|Sandstorm|[upkeep]\n|-damage|p2a: Alomomola|13\/100|[from] Sandstorm\n|-heal|p2a: Alomomola|63\/100|[from] move: Wish|[wisher] Alomomola\n|upkeep\n|turn|85\n|\n|t:|1699967647\n|move|p1a: Tyranitar|Stone Edge|p2a: Alomomola\n|-damage|p2a: Alomomola|30\/100\n|move|p2a: Alomomola|Wish|p2a: Alomomola\n|\n|-weather|Sandstorm|[upkeep]\n|-damage|p2a: Alomomola|24\/100|[from] Sandstorm\n|upkeep\n|turn|86\n|\n|t:|1699967652\n|move|p2a: Alomomola|Protect|p2a: Alomomola\n|-singleturn|p2a: Alomomola|Protect\n|move|p1a: Tyranitar|Stone Edge|p2a: Alomomola\n|-activate|p2a: Alomomola|move: Protect\n|\n|-weather|Sandstorm|[upkeep]\n|-damage|p2a: Alomomola|18\/100|[from] Sandstorm\n|-heal|p2a: Alomomola|68\/100|[from] move: Wish|[wisher] Alomomola\n|upkeep\n|turn|87\n|\n|t:|1699967661\n|move|p1a: Tyranitar|Stone Edge|p2a: Alomomola\n|-damage|p2a: Alomomola|36\/100\n|move|p2a: Alomomola|Wish|p2a: Alomomola\n|\n|-weather|none\n|upkeep\n|turn|88\n|\n|t:|1699967667\n|move|p2a: Alomomola|Protect|p2a: Alomomola\n|-singleturn|p2a: Alomomola|Protect\n|move|p1a: Tyranitar|Stone Edge|p2a: Alomomola\n|-activate|p2a: Alomomola|move: Protect\n|\n|-heal|p2a: Alomomola|86\/100|[from] move: Wish|[wisher] Alomomola\n|upkeep\n|turn|89\n|\n|t:|1699967674\n|move|p1a: Tyranitar|Stone Edge|p2a: Alomomola\n|-damage|p2a: Alomomola|53\/100\n|move|p2a: Alomomola|Wish|p2a: Alomomola\n|\n|upkeep\n|turn|90\n|\n|t:|1699967681\n|move|p1a: Tyranitar|Crunch|p2a: Alomomola\n|-damage|p2a: Alomomola|26\/100\n|-damage|p1a: Tyranitar|84\/100|[from] item: Rocky Helmet|[of] p2a: Alomomola\n|move|p2a: Alomomola|Scald|p1a: Tyranitar\n|-supereffective|p1a: Tyranitar\n|-damage|p1a: Tyranitar|66\/100\n|\n|-heal|p2a: Alomomola|76\/100|[from] move: Wish|[wisher] Alomomola\n|upkeep\n|turn|91\n|\n|t:|1699967690\n|move|p1a: Tyranitar|Crunch|p2a: Alomomola\n|-damage|p2a: Alomomola|52\/100\n|-damage|p1a: Tyranitar|50\/100|[from] item: Rocky Helmet|[of] p2a: Alomomola\n|move|p2a: Alomomola|Wish|p2a: Alomomola\n|\n|upkeep\n|turn|92\n|\n|t:|1699967695\n|move|p1a: Tyranitar|Earthquake|p2a: Alomomola\n|-damage|p2a: Alomomola|32\/100\n|move|p2a: Alomomola|Scald|p1a: Tyranitar\n|-supereffective|p1a: Tyranitar\n|-damage|p1a: Tyranitar|31\/100\n|\n|-heal|p2a: Alomomola|82\/100|[from] move: Wish|[wisher] Alomomola\n|upkeep\n|turn|93\n|\n|t:|1699967704\n|move|p1a: Tyranitar|Stone Edge|p2a: Alomomola\n|-crit|p2a: Alomomola\n|-damage|p2a: Alomomola|36\/100\n|move|p2a: Alomomola|Wish|p2a: Alomomola\n|\n|upkeep\n|turn|94\n|\n|t:|1699967709\n|move|p2a: Alomomola|Protect|p2a: Alomomola\n|-singleturn|p2a: Alomomola|Protect\n|move|p1a: Tyranitar|Stone Edge|p2a: Alomomola\n|-activate|p2a: Alomomola|move: Protect\n|\n|-heal|p2a: Alomomola|86\/100|[from] move: Wish|[wisher] Alomomola\n|upkeep\n|turn|95\n|\n|t:|1699967721\n|move|p1a: Tyranitar|Earthquake|p2a: Alomomola\n|-damage|p2a: Alomomola|65\/100\n|move|p2a: Alomomola|Wish|p2a: Alomomola\n|\n|upkeep\n|turn|96\n|\n|t:|1699967725\n|move|p1a: Tyranitar|Earthquake|p2a: Alomomola\n|-damage|p2a: Alomomola|45\/100\n|move|p2a: Alomomola|Scald|p1a: Tyranitar\n|-supereffective|p1a: Tyranitar\n|-damage|p1a: Tyranitar|11\/100\n|-status|p1a: Tyranitar|brn\n|\n|-heal|p2a: Alomomola|95\/100|[from] move: Wish|[wisher] Alomomola\n|-damage|p1a: Tyranitar|5\/100 brn|[from] brn\n|upkeep\n|turn|97\n|\n|t:|1699967735\n|move|p1a: Tyranitar|Earthquake|p2a: Alomomola\n|-damage|p2a: Alomomola|85\/100\n|move|p2a: Alomomola|Wish|p2a: Alomomola\n|\n|-damage|p1a: Tyranitar|0 fnt|[from] brn\n|faint|p1a: Tyranitar\n|upkeep\n|\n|t:|1699967740\n|switch|p1a: Corviknight|Corviknight, F|100\/100\n|-ability|p1a: Corviknight|Pressure\n|turn|98\n|\n|t:|1699967752\n|move|p1a: Corviknight|Iron Head|p2a: Alomomola\n|-resisted|p2a: Alomomola\n|-damage|p2a: Alomomola|79\/100\n|-damage|p1a: Corviknight|84\/100|[from] item: Rocky Helmet|[of] p2a: Alomomola\n|move|p2a: Alomomola|Flip Turn|p1a: Corviknight\n|-damage|p1a: Corviknight|74\/100\n|\n|t:|1699967760\n|switch|p2a: Grimmsnarl|Grimmsnarl, M|29\/100|[from] Flip Turn\n|\n|-heal|p2a: Grimmsnarl|97\/100|[from] move: Wish|[wisher] Alomomola\n|-heal|p1a: Corviknight|80\/100|[from] item: Leftovers\n|upkeep\n|turn|99\n|\n|t:|1699967768\n|move|p2a: Grimmsnarl|Parting Shot|p1a: Corviknight\n|-unboost|p1a: Corviknight|atk|1\n|-unboost|p1a: Corviknight|spa|1\n|\n|t:|1699967770\n|switch|p2a: Gothitelle|Gothitelle, F, shiny|71\/100|[from] Parting Shot\n|move|p1a: Corviknight|Iron Head|p2a: Gothitelle\n|-damage|p2a: Gothitelle|52\/100\n|\n|-heal|p1a: Corviknight|86\/100|[from] item: Leftovers\n|upkeep\n|turn|100\n|\n|t:|1699967777\n|move|p2a: Gothitelle|Trick|p1a: Corviknight\n|-activate|p2a: Gothitelle|move: Trick|[of] p1a: Corviknight\n|-item|p1a: Corviknight|Choice Scarf|[from] move: Trick\n|-item|p2a: Gothitelle|Leftovers|[from] move: Trick\n|move|p1a: Corviknight|Iron Head|p2a: Gothitelle\n|-damage|p2a: Gothitelle|36\/100\n|\n|-heal|p2a: Gothitelle|42\/100|[from] item: Leftovers\n|upkeep\n|turn|101\n|\n|t:|1699967784\n|move|p1a: Corviknight|Iron Head|p2a: Gothitelle\n|-damage|p2a: Gothitelle|24\/100\n|cant|p2a: Gothitelle|flinch\n|\n|-heal|p2a: Gothitelle|30\/100|[from] item: Leftovers\n|upkeep\n|turn|102\n|\n|t:|1699967790\n|move|p1a: Corviknight|Iron Head|p2a: Gothitelle\n|-damage|p2a: Gothitelle|12\/100\n|cant|p2a: Gothitelle|flinch\n|\n|-heal|p2a: Gothitelle|18\/100|[from] item: Leftovers\n|upkeep\n|turn|103\n|\n|t:|1699967797\n|switch|p2a: Alomomola|Alomomola, F, shiny|100\/100\n|move|p1a: Corviknight|Iron Head|p2a: Alomomola\n|-resisted|p2a: Alomomola\n|-crit|p2a: Alomomola\n|-damage|p2a: Alomomola|92\/100\n|-damage|p1a: Corviknight|70\/100|[from] item: Rocky Helmet|[of] p2a: Alomomola\n|\n|upkeep\n|turn|104\n|\n|t:|1699967805\n|move|p1a: Corviknight|Iron Head|p2a: Alomomola\n|-resisted|p2a: Alomomola\n|-damage|p2a: Alomomola|87\/100\n|-damage|p1a: Corviknight|53\/100|[from] item: Rocky Helmet|[of] p2a: Alomomola\n|move|p2a: Alomomola|Wish|p2a: Alomomola\n|\n|upkeep\n|turn|105\n|\n|t:|1699967811\n|move|p1a: Corviknight|Iron Head|p2a: Alomomola\n|-resisted|p2a: Alomomola\n|-damage|p2a: Alomomola|82\/100\n|-damage|p1a: Corviknight|37\/100|[from] item: Rocky Helmet|[of] p2a: Alomomola\n|move|p2a: Alomomola|Flip Turn|p1a: Corviknight\n|-damage|p1a: Corviknight|27\/100\n|\n|t:|1699967816\n|switch|p2a: Gothitelle|Gothitelle, F, shiny|18\/100|[from] Flip Turn\n|\n|-heal|p2a: Gothitelle|96\/100|[from] move: Wish|[wisher] Alomomola\n|-heal|p2a: Gothitelle|100\/100|[from] item: Leftovers\n|upkeep\n|turn|106\n|\n|t:|1699967823\n|move|p1a: Corviknight|Iron Head|p2a: Gothitelle\n|-damage|p2a: Gothitelle|83\/100\n|move|p2a: Gothitelle|Charm|p1a: Corviknight\n|-unboost|p1a: Corviknight|atk|2\n|\n|-heal|p2a: Gothitelle|89\/100|[from] item: Leftovers\n|upkeep\n|turn|107\n|\n|t:|1699967829\n|move|p1a: Corviknight|Iron Head|p2a: Gothitelle\n|-damage|p2a: Gothitelle|78\/100\n|move|p2a: Gothitelle|Charm|p1a: Corviknight\n|-unboost|p1a: Corviknight|atk|2\n|\n|-heal|p2a: Gothitelle|84\/100|[from] item: Leftovers\n|upkeep\n|turn|108\n|\n|t:|1699967836\n|move|p1a: Corviknight|Iron Head|p2a: Gothitelle\n|-damage|p2a: Gothitelle|77\/100\n|move|p2a: Gothitelle|Charm|p1a: Corviknight\n|-unboost|p1a: Corviknight|atk|1\n|\n|-heal|p2a: Gothitelle|83\/100|[from] item: Leftovers\n|upkeep\n|turn|109\n|\n|t:|1699967843\n|move|p1a: Corviknight|Iron Head|p2a: Gothitelle\n|-damage|p2a: Gothitelle|77\/100\n|move|p2a: Gothitelle|Reflect|p2a: Gothitelle\n|-sidestart|p2: cashapp me pls|Reflect\n|\n|-heal|p2a: Gothitelle|83\/100|[from] item: Leftovers\n|upkeep\n|turn|110\n|\n|t:|1699967854\n|switch|p2a: Gothorita|Gothorita, F|57\/100\n|move|p1a: Corviknight|Iron Head|p2a: Gothorita\n|-damage|p2a: Gothorita|54\/100\n|\n|upkeep\n|turn|111\n|\n|t:|1699967865\n|switch|p2a: Gothitelle|Gothitelle, F, shiny|83\/100\n|move|p1a: Corviknight|Iron Head|p2a: Gothitelle\n|-damage|p2a: Gothitelle|79\/100\n|\n|-heal|p2a: Gothitelle|85\/100|[from] item: Leftovers\n|upkeep\n|turn|112\n|\n|t:|1699967872\n|switch|p2a: Gothorita|Gothorita, F|54\/100\n|move|p1a: Corviknight|Iron Head|p2a: Gothorita\n|-damage|p2a: Gothorita|51\/100\n|\n|upkeep\n|turn|113\n|\n|t:|1699967879\n|switch|p2a: Gothitelle|Gothitelle, F, shiny|85\/100\n|move|p1a: Corviknight|Iron Head|p2a: Gothitelle\n|-damage|p2a: Gothitelle|82\/100\n|\n|-heal|p2a: Gothitelle|88\/100|[from] item: Leftovers\n|-sideend|p2: cashapp me pls|Reflect\n|upkeep\n|turn|114\n|\n|t:|1699967889\n|move|p1a: Corviknight|Iron Head|p2a: Gothitelle\n|-damage|p2a: Gothitelle|82\/100\n|move|p2a: Gothitelle|Reflect|p2a: Gothitelle\n|-sidestart|p2: cashapp me pls|Reflect\n|\n|-heal|p2a: Gothitelle|88\/100|[from] item: Leftovers\n|upkeep\n|turn|115\n|\n|t:|1699967895\n|switch|p2a: Gothorita|Gothorita, F|51\/100\n|move|p1a: Corviknight|Iron Head|p2a: Gothorita\n|-damage|p2a: Gothorita|48\/100\n|\n|upkeep\n|turn|116\n|\n|t:|1699967906\n|move|p1a: Corviknight|Iron Head|p2a: Gothorita\n|-damage|p2a: Gothorita|45\/100\n|move|p2a: Gothorita|Taunt|p1a: Corviknight\n|-start|p1a: Corviknight|move: Taunt\n|\n|upkeep\n|turn|117\n|\n|t:|1699967912\n|move|p1a: Corviknight|Iron Head|p2a: Gothorita\n|-damage|p2a: Gothorita|42\/100\n|move|p2a: Gothorita|Trick Room|p2a: Gothorita\n|-fieldstart|move: Trick Room|[of] p2a: Gothorita\n|\n|upkeep\n|turn|118\n|\n|t:|1699967918\n|switch|p2a: Gothitelle|Gothitelle, F, shiny|88\/100\n|move|p1a: Corviknight|Iron Head|p2a: Gothitelle\n|-damage|p2a: Gothitelle|85\/100\n|\n|-heal|p2a: Gothitelle|91\/100|[from] item: Leftovers\n|-sideend|p2: cashapp me pls|Reflect\n|upkeep\n|turn|119\n|\n|t:|1699967925\n|move|p2a: Gothitelle|Reflect|p2a: Gothitelle\n|-sidestart|p2: cashapp me pls|Reflect\n|move|p1a: Corviknight|Iron Head|p2a: Gothitelle\n|-damage|p2a: Gothitelle|88\/100\n|\n|-heal|p2a: Gothitelle|94\/100|[from] item: Leftovers\n|-end|p1a: Corviknight|move: Taunt\n|upkeep\n|turn|120\n|\n|t:|1699967931\n|switch|p2a: Gothorita|Gothorita, F|42\/100\n|move|p1a: Corviknight|Iron Head|p2a: Gothorita\n|-damage|p2a: Gothorita|39\/100\n|\n|upkeep\n|turn|121\n|\n|t:|1699967936\n|move|p2a: Gothorita|Rest|p2a: Gothorita\n|-status|p2a: Gothorita|slp|[from] move: Rest\n|-heal|p2a: Gothorita|100\/100 slp|[silent]\n|move|p1a: Corviknight|Iron Head|p2a: Gothorita\n|-damage|p2a: Gothorita|97\/100 slp\n|\n|-fieldend|move: Trick Room\n|upkeep\n|turn|122\n|\n|t:|1699967944\n|-activate|p1a: Corviknight|move: Struggle\n|move|p1a: Corviknight|Struggle|p2a: Gothorita\n|-damage|p2a: Gothorita|96\/100 slp\n|-damage|p1a: Corviknight|2\/100|[from] recoil\n|cant|p2a: Gothorita|slp\n|\n|upkeep\n|turn|123\n|\n|t:|1699967950\n|-activate|p1a: Corviknight|move: Struggle\n|move|p1a: Corviknight|Struggle|p2a: Gothorita\n|-damage|p2a: Gothorita|95\/100 slp\n|-damage|p1a: Corviknight|0 fnt|[from] recoil\n|faint|p1a: Corviknight\n|\n|win|cashapp me pls\n|raw|Miguel Vazto's rating: 1072 &rarr; <strong>1049<\/strong><br \/>(-23 for losing)\n|raw|cashapp me pls's rating: 1027 &rarr; <strong>1068<\/strong><br \/>(+41 for winning)\n|l|\u2606Miguel Vazto\n","uploadtime":1699967959,"views":12,"p1id":"miguelvazto","p2id":"cashappmepls","formatid":"gen9ubers","rating":1049,"private":0,"password":""}