{"id":"gen9ubers-1984479363","p1":"MewchiisCanon","p2":"PaulinPinhoXD","format":"[Gen 9] Ubers","log":"|j|\u2606MewchiisCanon\n|j|\u2606PaulinPinhoXD\n|t:|1699270178\n|gametype|singles\n|player|p1|MewchiisCanon|170|1212\n|player|p2|PaulinPinhoXD|steven|1296\n|teamsize|p1|6\n|teamsize|p2|6\n|gen|9\n|tier|[Gen 9] Ubers\n|rated|\n|rule|Sleep Clause Mod: Limit one foe put to sleep\n|rule|Species Clause: Limit one of each Pok\u00e9mon\n|rule|OHKO Clause: OHKO moves are banned\n|rule|Evasion Items Clause: Evasion items are banned\n|rule|Evasion Moves Clause: Evasion moves are banned\n|rule|Endless Battle Clause: Forcing endless battles is banned\n|rule|HP Percentage Mod: HP is shown in percentages\n|clearpoke\n|poke|p1|Mewtwo|\n|poke|p1|Arceus-Ground|\n|poke|p1|Koraidon|\n|poke|p1|Ting-Lu|\n|poke|p1|Zacian-*|\n|poke|p1|Calyrex-Ice|\n|poke|p2|Regieleki|\n|poke|p2|Giratina-Origin|\n|poke|p2|Zacian-*|\n|poke|p2|Volcarona, M|\n|poke|p2|Kyogre|\n|poke|p2|Groudon|\n|teampreview\n|inactive|Battle timer is ON: inactive players will automatically lose when time's up. (requested by PaulinPinhoXD)\n|inactive|MewchiisCanon also wants the timer to be on.\n|\n|t:|1699270185\n|start\n|switch|p1a: Ting-Lu|Ting-Lu|100\/100\n|switch|p2a: Regieleki|Regieleki|100\/100\n|-ability|p1a: Ting-Lu|Vessel of Ruin\n|turn|1\n|\n|t:|1699270193\n|-terastallize|p2a: Regieleki|Ice\n|move|p2a: Regieleki|Tera Blast|p1a: Ting-Lu|[anim] Tera Blast Ice\n|-supereffective|p1a: Ting-Lu\n|-damage|p1a: Ting-Lu|58\/100\n|-damage|p2a: Regieleki|91\/100|[from] item: Life Orb\n|move|p1a: Ting-Lu|Stealth Rock|p2a: Regieleki\n|-sidestart|p2: PaulinPinhoXD|move: Stealth Rock\n|\n|-heal|p1a: Ting-Lu|64\/100|[from] item: Leftovers\n|upkeep\n|turn|2\n|\n|t:|1699270217\n|switch|p2a: Zacian|Zacian-Crowned, shiny|100\/100\n|-damage|p2a: Zacian|94\/100|[from] Stealth Rock\n|-ability|p2a: Zacian|Intrepid Sword|boost\n|-boost|p2a: Zacian|atk|1\n|move|p1a: Ting-Lu|Whirlwind|p2a: Zacian\n|drag|p2a: Groudon|Groudon|100\/100\n|-damage|p2a: Groudon|94\/100|[from] Stealth Rock\n|-weather|SunnyDay|[from] ability: Drought|[of] p2a: Groudon\n|\n|-weather|SunnyDay|[upkeep]\n|-heal|p2a: Groudon|100\/100|[from] item: Leftovers\n|-heal|p1a: Ting-Lu|70\/100|[from] item: Leftovers\n|upkeep\n|turn|3\n|\n|t:|1699270235\n|move|p2a: Groudon|Will-O-Wisp|p1a: Ting-Lu\n|-status|p1a: Ting-Lu|brn\n|move|p1a: Ting-Lu|Ruination|p2a: Groudon\n|-damage|p2a: Groudon|50\/100\n|\n|-weather|SunnyDay|[upkeep]\n|-heal|p2a: Groudon|57\/100|[from] item: Leftovers\n|-heal|p1a: Ting-Lu|76\/100 brn|[from] item: Leftovers\n|-damage|p1a: Ting-Lu|70\/100 brn|[from] brn\n|upkeep\n|turn|4\n|\n|t:|1699270243\n|move|p2a: Groudon|Stealth Rock|p1a: Ting-Lu\n|-sidestart|p1: MewchiisCanon|move: Stealth Rock\n|move|p1a: Ting-Lu|Whirlwind|p2a: Groudon\n|drag|p2a: Zacian|Zacian-Crowned, shiny|94\/100\n|-damage|p2a: Zacian|88\/100|[from] Stealth Rock\n|\n|-weather|SunnyDay|[upkeep]\n|-heal|p1a: Ting-Lu|76\/100 brn|[from] item: Leftovers\n|-damage|p1a: Ting-Lu|70\/100 brn|[from] brn\n|upkeep\n|turn|5\n|\n|t:|1699270249\n|move|p2a: Zacian|Close Combat|p1a: Ting-Lu\n|-supereffective|p1a: Ting-Lu\n|-damage|p1a: Ting-Lu|20\/100 brn\n|-unboost|p2a: Zacian|def|1\n|-unboost|p2a: Zacian|spd|1\n|move|p1a: Ting-Lu|Ruination|p2a: Zacian\n|-damage|p2a: Zacian|44\/100\n|\n|-weather|SunnyDay|[upkeep]\n|-heal|p1a: Ting-Lu|26\/100 brn|[from] item: Leftovers\n|-damage|p1a: Ting-Lu|20\/100 brn|[from] brn\n|upkeep\n|turn|6\n|\n|t:|1699270262\n|move|p2a: Zacian|Close Combat|p1a: Ting-Lu\n|-supereffective|p1a: Ting-Lu\n|-crit|p1a: Ting-Lu\n|-damage|p1a: Ting-Lu|0 fnt\n|-unboost|p2a: Zacian|def|1\n|-unboost|p2a: Zacian|spd|1\n|faint|p1a: Ting-Lu\n|\n|-weather|none\n|upkeep\n|\n|t:|1699270278\n|switch|p1a: Arceus|Arceus-Ground, shiny|100\/100\n|-damage|p1a: Arceus|94\/100|[from] Stealth Rock\n|turn|7\n|\n|t:|1699270281\n|switch|p2a: Groudon|Groudon|57\/100\n|-damage|p2a: Groudon|50\/100|[from] Stealth Rock\n|-weather|SunnyDay|[from] ability: Drought|[of] p2a: Groudon\n|move|p1a: Arceus|Dragon Dance|p1a: Arceus\n|-boost|p1a: Arceus|atk|1\n|-boost|p1a: Arceus|spe|1\n|\n|-weather|SunnyDay|[upkeep]\n|-heal|p2a: Groudon|57\/100|[from] item: Leftovers\n|upkeep\n|turn|8\n|\n|t:|1699270288\n|move|p1a: Arceus|Earthquake|p2a: Groudon\n|-damage|p2a: Groudon|15\/100\n|move|p2a: Groudon|Will-O-Wisp|p1a: Arceus\n|-status|p1a: Arceus|brn\n|\n|-weather|SunnyDay|[upkeep]\n|-heal|p2a: Groudon|21\/100|[from] item: Leftovers\n|-damage|p1a: Arceus|88\/100 brn|[from] brn\n|upkeep\n|turn|9\n|\n|t:|1699270295\n|move|p2a: Groudon|Protect|p2a: Groudon\n|-singleturn|p2a: Groudon|Protect\n|move|p1a: Arceus|Earthquake|p2a: Groudon\n|-activate|p2a: Groudon|move: Protect\n|\n|-weather|SunnyDay|[upkeep]\n|-heal|p2a: Groudon|27\/100|[from] item: Leftovers\n|-damage|p1a: Arceus|82\/100 brn|[from] brn\n|upkeep\n|turn|10\n|\n|t:|1699270300\n|move|p1a: Arceus|Earthquake|p2a: Groudon\n|-damage|p2a: Groudon|4\/100\n|move|p2a: Groudon|Earthquake|p1a: Arceus\n|-damage|p1a: Arceus|46\/100 brn\n|\n|-weather|SunnyDay|[upkeep]\n|-heal|p2a: Groudon|11\/100|[from] item: Leftovers\n|-damage|p1a: Arceus|40\/100 brn|[from] brn\n|upkeep\n|turn|11\n|\n|t:|1699270307\n|move|p1a: Arceus|Dragon Dance|p1a: Arceus\n|-boost|p1a: Arceus|atk|1\n|-boost|p1a: Arceus|spe|1\n|move|p2a: Groudon|Earthquake|p1a: Arceus\n|-crit|p1a: Arceus\n|-damage|p1a: Arceus|0 fnt\n|faint|p1a: Arceus\n|\n|-weather|none\n|-heal|p2a: Groudon|17\/100|[from] item: Leftovers\n|upkeep\n|\n|t:|1699270331\n|switch|p1a: Zacian|Zacian-Crowned, shiny|100\/100\n|-damage|p1a: Zacian|94\/100|[from] Stealth Rock\n|-ability|p1a: Zacian|Intrepid Sword|boost\n|-boost|p1a: Zacian|atk|1\n|turn|12\n|\n|t:|1699270337\n|move|p1a: Zacian|Play Rough|p2a: Groudon\n|-damage|p2a: Groudon|0 fnt\n|faint|p2a: Groudon\n|\n|upkeep\n|\n|t:|1699270346\n|switch|p2a: Volcarona|Volcarona, M|100\/100\n|turn|13\n|\n|t:|1699270371\n|move|p1a: Zacian|Play Rough|p2a: Volcarona\n|-resisted|p2a: Volcarona\n|-damage|p2a: Volcarona|40\/100\n|move|p2a: Volcarona|Quiver Dance|p2a: Volcarona\n|-boost|p2a: Volcarona|spa|1\n|-boost|p2a: Volcarona|spd|1\n|-boost|p2a: Volcarona|spe|1\n|\n|upkeep\n|turn|14\n|\n|t:|1699270376\n|move|p2a: Volcarona|Fiery Dance|p1a: Zacian\n|-supereffective|p1a: Zacian\n|-damage|p1a: Zacian|0 fnt\n|faint|p1a: Zacian\n|\n|upkeep\n|\n|t:|1699270390\n|switch|p1a: Koraidon|Koraidon|100\/100\n|-damage|p1a: Koraidon|94\/100|[from] Stealth Rock\n|-weather|SunnyDay|[from] ability: Orichalcum Pulse|[of] p1a: Koraidon\n|-activate|p1a: Koraidon|Orichalcum Pulse|[source]\n|turn|15\n|\n|t:|1699270397\n|move|p2a: Volcarona|Bug Buzz|p1a: Koraidon\n|-resisted|p1a: Koraidon\n|-damage|p1a: Koraidon|55\/100\n|move|p1a: Koraidon|Flare Blitz|p2a: Volcarona\n|-crit|p2a: Volcarona\n|-damage|p2a: Volcarona|0 fnt\n|faint|p2a: Volcarona\n|-damage|p1a: Koraidon|43\/100|[from] Recoil\n|\n|-weather|SunnyDay|[upkeep]\n|upkeep\n|\n|t:|1699270408\n|switch|p2a: Regieleki|Regieleki, tera:Ice|91\/100\n|-damage|p2a: Regieleki|66\/100|[from] Stealth Rock\n|turn|16\n|\n|t:|1699270416\n|move|p2a: Regieleki|Tera Blast|p1a: Koraidon|[anim] Tera Blast Ice\n|-supereffective|p1a: Koraidon\n|-damage|p1a: Koraidon|0 fnt\n|faint|p1a: Koraidon\n|-damage|p2a: Regieleki|56\/100|[from] item: Life Orb\n|\n|-weather|SunnyDay|[upkeep]\n|upkeep\n|\n|t:|1699270426\n|switch|p1a: Calyrex|Calyrex-Ice|100\/100\n|-ability|p1a: Calyrex|As One\n|-ability|p1a: Calyrex|Unnerve\n|-damage|p1a: Calyrex|75\/100|[from] Stealth Rock\n|turn|17\n|\n|t:|1699270448\n|move|p2a: Regieleki|Thunderbolt|p1a: Calyrex\n|-damage|p1a: Calyrex|27\/100\n|-damage|p2a: Regieleki|46\/100|[from] item: Life Orb\n|move|p1a: Calyrex|Trick Room|p1a: Calyrex\n|-fieldstart|move: Trick Room|[of] p1a: Calyrex\n|\n|-weather|SunnyDay|[upkeep]\n|upkeep\n|turn|18\n|inactive|MewchiisCanon has 120 seconds left.\n|\n|t:|1699270485\n|move|p1a: Calyrex|Glacial Lance|p2a: Regieleki\n|-resisted|p2a: Regieleki\n|-damage|p2a: Regieleki|0 fnt\n|faint|p2a: Regieleki\n|-ability|p1a: Calyrex|Chilling Neigh|boost\n|-boost|p1a: Calyrex|atk|1\n|\n|-weather|SunnyDay|[upkeep]\n|upkeep\n|\n|t:|1699270499\n|switch|p2a: Zacian|Zacian-Crowned, shiny|44\/100\n|-damage|p2a: Zacian|38\/100|[from] Stealth Rock\n|turn|19\n|\n|t:|1699270503\n|move|p1a: Calyrex|High Horsepower|p2a: Zacian\n|-supereffective|p2a: Zacian\n|-damage|p2a: Zacian|0 fnt\n|faint|p2a: Zacian\n|-ability|p1a: Calyrex|Chilling Neigh|boost\n|-boost|p1a: Calyrex|atk|1\n|\n|-weather|none\n|upkeep\n|\n|t:|1699270506\n|switch|p2a: Giratina|Giratina-Origin, shiny|100\/100\n|-damage|p2a: Giratina|88\/100|[from] Stealth Rock\n|turn|20\n|\n|t:|1699270523\n|-terastallize|p1a: Calyrex|Fire\n|move|p1a: Calyrex|Glacial Lance|p2a: Giratina\n|-supereffective|p2a: Giratina\n|-damage|p2a: Giratina|0 fnt\n|faint|p2a: Giratina\n|-ability|p1a: Calyrex|Chilling Neigh|boost\n|-boost|p1a: Calyrex|atk|1\n|\n|upkeep\n|-message|PaulinPinhoXD forfeited.\n|\n|win|MewchiisCanon\n|raw|MewchiisCanon's rating: 1212 &rarr; <strong>1243<\/strong><br \/>(+31 for winning)\n|raw|PaulinPinhoXD's rating: 1296 &rarr; <strong>1265<\/strong><br \/>(-31 for losing)\n|l|\u2606PaulinPinhoXD\n","uploadtime":1699270532,"views":5,"p1id":"mewchiiscanon","p2id":"paulinpinhoxd","formatid":"gen9ubers","rating":1243,"private":0,"password":""}