{"id":"gen9ubers-1977105822","p1":"GlaceonChillin","p2":"DragoFox3","format":"[Gen 9] Ubers","log":"|j|\u2606GlaceonChillin\n|j|\u2606DragoFox3\n|t:|1698372170\n|gametype|singles\n|player|p1|GlaceonChillin|cyrus|1181\n|player|p2|DragoFox3|pokemonbreeder-gen4|1206\n|teamsize|p1|6\n|teamsize|p2|6\n|gen|9\n|tier|[Gen 9] Ubers\n|rated|\n|rule|Sleep Clause Mod: Limit one foe put to sleep\n|rule|Species Clause: Limit one of each Pok\u00e9mon\n|rule|OHKO Clause: OHKO moves are banned\n|rule|Evasion Items Clause: Evasion items are banned\n|rule|Evasion Moves Clause: Evasion moves are banned\n|rule|Endless Battle Clause: Forcing endless battles is banned\n|rule|HP Percentage Mod: HP is shown in percentages\n|clearpoke\n|poke|p1|Kingambit, M|\n|poke|p1|Ting-Lu|\n|poke|p1|Orthworm, M|\n|poke|p1|Skeledirge, M|\n|poke|p1|Espeon, F|\n|poke|p1|Kommo-o, M|\n|poke|p2|Glimmora, F|\n|poke|p2|Palafin, M|\n|poke|p2|Cyclizar, F|\n|poke|p2|Espathra, F|\n|poke|p2|Kingambit, M|\n|poke|p2|Houndstone, M|\n|teampreview\n|inactive|Battle timer is ON: inactive players will automatically lose when time's up. (requested by DragoFox3)\n|\n|t:|1698372177\n|start\n|switch|p1a: Espeon|Espeon, F|100\/100\n|switch|p2a: Elemental Hero|Palafin, M, shiny|100\/100\n|turn|1\n|\n|t:|1698372186\n|switch|p1a: Orthworm|Orthworm, M|100\/100\n|move|p2a: Elemental Hero|Flip Turn|p1a: Orthworm\n|-damage|p1a: Orthworm|77\/100\n|\n|t:|1698372199\n|detailschange|p2a: Elemental Hero|Palafin-Hero, M, shiny\n|switch|p2a: Gaga|Espathra, F, shiny|100\/100|[from] Flip Turn\n|\n|upkeep\n|turn|2\n|\n|t:|1698372204\n|move|p2a: Gaga|Calm Mind|p2a: Gaga\n|-boost|p2a: Gaga|spa|1\n|-boost|p2a: Gaga|spd|1\n|move|p1a: Orthworm|Shed Tail|p1a: Orthworm\n|-start|p1a: Orthworm|Substitute|[from] move: Shed Tail\n|-damage|p1a: Orthworm|27\/100\n|-enditem|p1a: Orthworm|Sitrus Berry|[eat]\n|-heal|p1a: Orthworm|52\/100|[from] item: Sitrus Berry\n|\n|t:|1698372209\n|switch|p1a: Kommo-o|Kommo-o, M|100\/100|[from] Shed Tail\n|\n|-ability|p2a: Gaga|Speed Boost|boost\n|-boost|p2a: Gaga|spe|1\n|upkeep\n|turn|3\n|\n|t:|1698372224\n|-terastallize|p1a: Kommo-o|Steel\n|move|p2a: Gaga|Lumina Crash|p1a: Kommo-o\n|-resisted|p1a: Kommo-o\n|-end|p1a: Kommo-o|Substitute\n|move|p1a: Kommo-o|Clangorous Soul|p1a: Kommo-o\n|-boost|p1a: Kommo-o|atk|1\n|-boost|p1a: Kommo-o|def|1\n|-boost|p1a: Kommo-o|spa|1\n|-boost|p1a: Kommo-o|spd|1\n|-boost|p1a: Kommo-o|spe|1\n|-damage|p1a: Kommo-o|68\/100\n|\n|-heal|p1a: Kommo-o|74\/100|[from] item: Leftovers\n|-ability|p2a: Gaga|Speed Boost|boost\n|-boost|p2a: Gaga|spe|1\n|upkeep\n|turn|4\n|\n|t:|1698372242\n|move|p2a: Gaga|Lumina Crash|p1a: Kommo-o\n|-resisted|p1a: Kommo-o\n|-damage|p1a: Kommo-o|52\/100\n|-unboost|p1a: Kommo-o|spd|2\n|move|p1a: Kommo-o|Iron Head|p2a: Gaga\n|-damage|p2a: Gaga|6\/100\n|\n|-heal|p2a: Gaga|12\/100|[from] item: Leftovers\n|-heal|p1a: Kommo-o|58\/100|[from] item: Leftovers\n|-ability|p2a: Gaga|Speed Boost|boost\n|-boost|p2a: Gaga|spe|1\n|upkeep\n|turn|5\n|\n|t:|1698372251\n|move|p2a: Gaga|Lumina Crash|p1a: Kommo-o\n|-resisted|p1a: Kommo-o\n|-damage|p1a: Kommo-o|12\/100\n|-unboost|p1a: Kommo-o|spd|2\n|move|p1a: Kommo-o|Iron Head|p2a: Gaga\n|-damage|p2a: Gaga|0 fnt\n|faint|p2a: Gaga\n|\n|-heal|p1a: Kommo-o|18\/100|[from] item: Leftovers\n|upkeep\n|\n|t:|1698372260\n|switch|p2a: Elemental Hero|Palafin-Hero, M, shiny|100\/100\n|-activate|p2a: Elemental Hero|ability: Zero to Hero\n|turn|6\n|\n|t:|1698372264\n|move|p2a: Elemental Hero|Jet Punch|p1a: Kommo-o\n|-damage|p1a: Kommo-o|0 fnt\n|faint|p1a: Kommo-o\n|\n|upkeep\n|\n|t:|1698372283\n|switch|p1a: Orthworm|Orthworm, M|52\/100\n|turn|7\n|\n|t:|1698372292\n|switch|p2a: Ryda|Cyclizar, F, shiny|100\/100\n|move|p1a: Orthworm|Stealth Rock|p2a: Ryda\n|-sidestart|p2: DragoFox3|move: Stealth Rock\n|\n|upkeep\n|turn|8\n|\n|t:|1698372297\n|move|p2a: Ryda|Rapid Spin|p1a: Orthworm\n|-resisted|p1a: Orthworm\n|-damage|p1a: Orthworm|44\/100\n|-boost|p2a: Ryda|spe|1\n|-sideend|p2: DragoFox3|Stealth Rock|[from] move: Rapid Spin|[of] p2a: Ryda\n|move|p1a: Orthworm|Body Press|p2a: Ryda\n|-supereffective|p2a: Ryda\n|-damage|p2a: Ryda|16\/100\n|\n|upkeep\n|turn|9\n|\n|t:|1698372317\n|move|p2a: Ryda|Dragon Rush|p1a: Orthworm|[miss]\n|-miss|p2a: Ryda|p1a: Orthworm\n|move|p1a: Orthworm|Iron Head|p2a: Ryda\n|-damage|p2a: Ryda|0 fnt\n|faint|p2a: Ryda\n|\n|upkeep\n|\n|t:|1698372324\n|switch|p2a: Elemental Hero|Palafin-Hero, M, shiny|100\/100\n|turn|10\n|\n|t:|1698372327\n|move|p2a: Elemental Hero|Drain Punch|p1a: Orthworm\n|-supereffective|p1a: Orthworm\n|-damage|p1a: Orthworm|0 fnt\n|faint|p1a: Orthworm\n|\n|upkeep\n|\n|t:|1698372339\n|switch|p1a: Ting-Lu|Ting-Lu|100\/100\n|-ability|p1a: Ting-Lu|Vessel of Ruin\n|turn|11\n|\n|t:|1698372345\n|move|p2a: Elemental Hero|Drain Punch|p1a: Ting-Lu\n|-supereffective|p1a: Ting-Lu\n|-damage|p1a: Ting-Lu|50\/100\n|move|p1a: Ting-Lu|Memento|p2a: Elemental Hero\n|-unboost|p2a: Elemental Hero|atk|2\n|-unboost|p2a: Elemental Hero|spa|2\n|faint|p1a: Ting-Lu\n|\n|upkeep\n|\n|t:|1698372364\n|switch|p1a: Kingambit|Kingambit, M|100\/100\n|-activate|p1a: Kingambit|ability: Supreme Overlord\n|-start|p1a: Kingambit|fallen3|[silent]\n|turn|12\n|\n|t:|1698372372\n|switch|p2a: Glimmora|Glimmora, F, shiny|100\/100\n|-end|p1a: Kingambit|fallen3|[silent]\n|switch|p1a: Skeledirge|Skeledirge, M|100\/100\n|\n|upkeep\n|turn|13\n|\n|t:|1698372387\n|switch|p1a: Espeon|Espeon, F|100\/100\n|move|p2a: Glimmora|Mortal Spin|p1a: Espeon\n|-damage|p1a: Espeon|84\/100\n|-status|p1a: Espeon|psn\n|\n|-damage|p1a: Espeon|71\/100 psn|[from] psn\n|upkeep\n|turn|14\n|\n|t:|1698372397\n|switch|p2a: King Sharpton|Kingambit, M, shiny|100\/100\n|-activate|p2a: King Sharpton|ability: Supreme Overlord\n|-start|p2a: King Sharpton|fallen2|[silent]\n|move|p1a: Espeon|Dazzling Gleam|p2a: King Sharpton\n|-damage|p2a: King Sharpton|72\/100\n|\n|-heal|p2a: King Sharpton|78\/100|[from] item: Leftovers\n|-damage|p1a: Espeon|59\/100 psn|[from] psn\n|upkeep\n|turn|15\n|\n|t:|1698372407\n|-end|p2a: King Sharpton|fallen2|[silent]\n|switch|p2a: Elemental Hero|Palafin-Hero, M, shiny|100\/100\n|move|p1a: Espeon|Thunder Wave|p2a: Elemental Hero\n|-status|p2a: Elemental Hero|par\n|\n|-damage|p1a: Espeon|46\/100 psn|[from] psn\n|upkeep\n|turn|16\n|\n|t:|1698372416\n|cant|p2a: Elemental Hero|par\n|move|p1a: Espeon|Psychic|p2a: Elemental Hero\n|-damage|p2a: Elemental Hero|44\/100 par\n|\n|-damage|p1a: Espeon|34\/100 psn|[from] psn\n|upkeep\n|turn|17\n|\n|t:|1698372422\n|move|p2a: Elemental Hero|Jet Punch|p1a: Espeon\n|-damage|p1a: Espeon|0 fnt\n|faint|p1a: Espeon\n|\n|upkeep\n|\n|t:|1698372426\n|switch|p1a: Kingambit|Kingambit, M|100\/100\n|-activate|p1a: Kingambit|ability: Supreme Overlord\n|-start|p1a: Kingambit|fallen4|[silent]\n|turn|18\n|\n|t:|1698372430\n|move|p2a: Elemental Hero|Jet Punch|p1a: Kingambit\n|-damage|p1a: Kingambit|52\/100\n|move|p1a: Kingambit|Swords Dance|p1a: Kingambit\n|-boost|p1a: Kingambit|atk|2\n|\n|-heal|p1a: Kingambit|58\/100|[from] item: Leftovers\n|upkeep\n|turn|19\n|\n|t:|1698372442\n|move|p2a: Elemental Hero|Jet Punch|p1a: Kingambit\n|-damage|p1a: Kingambit|12\/100\n|move|p1a: Kingambit|Sucker Punch||[still]\n|-fail|p1a: Kingambit\n|\n|-heal|p1a: Kingambit|19\/100|[from] item: Leftovers\n|upkeep\n|turn|20\n|\n|t:|1698372447\n|move|p2a: Elemental Hero|Jet Punch|p1a: Kingambit\n|-damage|p1a: Kingambit|0 fnt\n|faint|p1a: Kingambit\n|-end|p1a: Kingambit|fallen4|[silent]\n|\n|upkeep\n|-message|GlaceonChillin forfeited.\n|\n|win|DragoFox3\n|raw|GlaceonChillin's rating: 1181 &rarr; <strong>1158<\/strong><br \/>(-23 for losing)\n|raw|DragoFox3's rating: 1206 &rarr; <strong>1229<\/strong><br \/>(+23 for winning)\n|l|\u2606GlaceonChillin\n","uploadtime":1698372458,"views":6,"p1id":"glaceonchillin","p2id":"dragofox3","formatid":"gen9ubers","rating":1158,"private":0,"password":""}