{"id":"gen9ubers-1978884007","p1":"TheSilvySilv","p2":"smithdvan","format":"[Gen 9] Ubers","log":"|j|\u2606TheSilvySilv\n|j|\u2606smithdvan\n|t:|1698606300\n|gametype|singles\n|player|p1|TheSilvySilv|ghetsis|\n|player|p2|smithdvan|266|\n|teamsize|p1|6\n|teamsize|p2|6\n|gen|9\n|tier|[Gen 9] Ubers\n|rule|Sleep Clause Mod: Limit one foe put to sleep\n|rule|Species Clause: Limit one of each Pok\u00e9mon\n|rule|OHKO Clause: OHKO moves are banned\n|rule|Evasion Items Clause: Evasion items are banned\n|rule|Evasion Moves Clause: Evasion moves are banned\n|rule|Endless Battle Clause: Forcing endless battles is banned\n|rule|HP Percentage Mod: HP is shown in percentages\n|clearpoke\n|poke|p1|Rillaboom, M|\n|poke|p1|Sneasler, F|\n|poke|p1|Arceus-Fire|\n|poke|p1|Ursaluna-Bloodmoon, M|\n|poke|p1|Clefable, F|\n|poke|p1|Palafin, F|\n|poke|p2|Arceus-Grass|\n|poke|p2|Cyclizar, M|\n|poke|p2|Espathra, F|\n|poke|p2|Volcarona, F|\n|poke|p2|Houndstone, F|\n|poke|p2|Shaymin-Sky|\n|teampreview\n|inactive|Battle timer is ON: inactive players will automatically lose when time's up. (requested by smithdvan)\n|c|\u2606smithdvan|glhf\n|\n|t:|1698606326\n|start\n|switch|p1a: Palafin|Palafin, F|100\/100\n|switch|p2a: Arceus-Steel (?)|Arceus-Grass|100\/100\n|turn|1\n|c|\u2606TheSilvySilv|thx yt\n|\n|t:|1698606336\n|detailschange|p1a: Palafin|Palafin-Hero, F\n|switch|p1a: Arceus|Arceus-Fire|100\/100\n|move|p2a: Arceus-Steel (?)|Stealth Rock|p1a: Arceus\n|-sidestart|p1: TheSilvySilv|move: Stealth Rock\n|\n|upkeep\n|turn|2\n|\n|t:|1698606349\n|switch|p2a: Cyclizar|Cyclizar, M|100\/100\n|move|p1a: Arceus|Judgment|p2a: Cyclizar\n|-resisted|p2a: Cyclizar\n|-damage|p2a: Cyclizar|58\/100\n|\n|upkeep\n|turn|3\n|\n|t:|1698606357\n|move|p2a: Cyclizar|Shed Tail|p2a: Cyclizar\n|-start|p2a: Cyclizar|Substitute|[from] move: Shed Tail\n|-damage|p2a: Cyclizar|8\/100\n|-enditem|p2a: Cyclizar|Sitrus Berry|[eat]\n|-heal|p2a: Cyclizar|33\/100|[from] item: Sitrus Berry\n|\n|t:|1698606367\n|switch|p2a: Espathra|Espathra, F|100\/100|[from] Shed Tail\n|move|p1a: Arceus|Judgment|p2a: Espathra\n|-end|p2a: Espathra|Substitute\n|\n|upkeep\n|turn|4\n|\n|t:|1698606378\n|switch|p1a: Palafin|Palafin-Hero, F|100\/100\n|-damage|p1a: Palafin|88\/100|[from] Stealth Rock\n|-activate|p1a: Palafin|ability: Zero to Hero\n|move|p2a: Espathra|Protect||[still]\n|-fail|p2a: Espathra\n|\n|-heal|p1a: Palafin|94\/100|[from] item: Leftovers\n|-ability|p2a: Espathra|Speed Boost|boost\n|-boost|p2a: Espathra|spe|1\n|upkeep\n|turn|5\n|\n|t:|1698606404\n|switch|p1a: Rillaboom|Rillaboom, M|100\/100\n|-damage|p1a: Rillaboom|88\/100|[from] Stealth Rock\n|-fieldstart|move: Grassy Terrain|[from] ability: Grassy Surge|[of] p1a: Rillaboom\n|move|p2a: Espathra|Protect||[still]\n|-fail|p2a: Espathra\n|\n|-heal|p1a: Rillaboom|94\/100|[from] Grassy Terrain\n|-ability|p2a: Espathra|Speed Boost|boost\n|-boost|p2a: Espathra|spe|1\n|upkeep\n|turn|6\n|\n|t:|1698606417\n|move|p2a: Espathra|Calm Mind|p2a: Espathra\n|-boost|p2a: Espathra|spa|1\n|-boost|p2a: Espathra|spd|1\n|move|p1a: Rillaboom|U-turn|p2a: Espathra\n|-supereffective|p2a: Espathra\n|-damage|p2a: Espathra|0 fnt\n|faint|p2a: Espathra\n|\n|t:|1698606447\n|switch|p1a: Arceus|Arceus-Fire|100\/100|[from] U-turn\n|-damage|p1a: Arceus|76\/100|[from] Stealth Rock\n|\n|-heal|p1a: Arceus|82\/100|[from] Grassy Terrain\n|upkeep\n|inactive|smithdvan has 270 seconds left.\n|\n|t:|1698606478\n|switch|p2a: Volcarona|Volcarona, F|100\/100\n|turn|7\n|\n|t:|1698606488\n|-terastallize|p2a: Volcarona|Dark\n|move|p1a: Arceus|Judgment|p2a: Volcarona\n|-damage|p2a: Volcarona|42\/100\n|move|p2a: Volcarona|Quiver Dance|p2a: Volcarona\n|-boost|p2a: Volcarona|spa|1\n|-boost|p2a: Volcarona|spd|1\n|-boost|p2a: Volcarona|spe|1\n|\n|-heal|p2a: Volcarona|48\/100|[from] Grassy Terrain\n|-heal|p1a: Arceus|88\/100|[from] Grassy Terrain\n|upkeep\n|turn|8\n|\n|t:|1698606503\n|move|p2a: Volcarona|Bug Buzz|p1a: Arceus\n|-resisted|p1a: Arceus\n|-crit|p1a: Arceus\n|-damage|p1a: Arceus|46\/100\n|move|p1a: Arceus|Judgment|p2a: Volcarona\n|-damage|p2a: Volcarona|8\/100\n|\n|-heal|p2a: Volcarona|14\/100|[from] Grassy Terrain\n|-heal|p1a: Arceus|52\/100|[from] Grassy Terrain\n|upkeep\n|turn|9\n|\n|t:|1698606510\n|move|p2a: Volcarona|Giga Drain|p1a: Arceus\n|-resisted|p1a: Arceus\n|-damage|p1a: Arceus|31\/100\n|-heal|p2a: Volcarona|27\/100|[from] drain|[of] p1a: Arceus\n|move|p1a: Arceus|Judgment|p2a: Volcarona\n|-damage|p2a: Volcarona|0 fnt\n|faint|p2a: Volcarona\n|\n|-heal|p1a: Arceus|37\/100|[from] Grassy Terrain\n|-fieldend|move: Grassy Terrain\n|upkeep\n|\n|t:|1698606521\n|switch|p2a: Shaymin|Shaymin-Sky|100\/100\n|turn|10\n|\n|t:|1698606531\n|switch|p1a: Clefable|Clefable, F|100\/100\n|move|p2a: Shaymin|Air Slash|p1a: Clefable\n|-damage|p1a: Clefable|77\/100\n|\n|-heal|p1a: Clefable|83\/100|[from] item: Leftovers\n|upkeep\n|turn|11\n|\n|t:|1698606544\n|move|p2a: Shaymin|Seed Flare|p1a: Clefable\n|-damage|p1a: Clefable|46\/100\n|-unboost|p1a: Clefable|spd|2\n|move|p1a: Clefable|Stealth Rock|p2a: Shaymin\n|-sidestart|p2: smithdvan|move: Stealth Rock\n|\n|-heal|p1a: Clefable|52\/100|[from] item: Leftovers\n|upkeep\n|turn|12\n|\n|t:|1698606554\n|switch|p1a: Arceus|Arceus-Fire|37\/100\n|-damage|p1a: Arceus|12\/100|[from] Stealth Rock\n|move|p2a: Shaymin|Seed Flare|p1a: Arceus\n|-resisted|p1a: Arceus\n|-crit|p1a: Arceus\n|-damage|p1a: Arceus|0 fnt\n|faint|p1a: Arceus\n|\n|upkeep\n|\n|t:|1698606572\n|switch|p1a: Rillaboom|Rillaboom, M|94\/100\n|-damage|p1a: Rillaboom|82\/100|[from] Stealth Rock\n|-fieldstart|move: Grassy Terrain|[from] ability: Grassy Surge|[of] p1a: Rillaboom\n|turn|13\n|\n|t:|1698606592\n|switch|p1a: Clefable|Clefable, F|52\/100\n|move|p2a: Shaymin|Air Slash|p1a: Clefable\n|-damage|p1a: Clefable|29\/100\n|\n|-heal|p1a: Clefable|35\/100|[from] Grassy Terrain\n|-heal|p1a: Clefable|41\/100|[from] item: Leftovers\n|upkeep\n|turn|14\n|\n|t:|1698606608\n|move|p2a: Shaymin|Seed Flare|p1a: Clefable\n|-damage|p1a: Clefable|2\/100\n|-unboost|p1a: Clefable|spd|2\n|move|p1a: Clefable|Moonblast|p2a: Shaymin\n|-damage|p2a: Shaymin|62\/100\n|\n|-heal|p2a: Shaymin|69\/100|[from] item: Leftovers\n|-heal|p1a: Clefable|8\/100|[from] Grassy Terrain\n|-heal|p1a: Clefable|14\/100|[from] item: Leftovers\n|upkeep\n|turn|15\n|\n|t:|1698606618\n|move|p2a: Shaymin|Giga Drain|p1a: Clefable\n|-damage|p1a: Clefable|0 fnt\n|-heal|p2a: Shaymin|77\/100|[from] drain|[of] p1a: Clefable\n|faint|p1a: Clefable\n|\n|-heal|p2a: Shaymin|83\/100|[from] item: Leftovers\n|upkeep\n|\n|t:|1698606622\n|switch|p1a: Sneasler|Sneasler, F|100\/100\n|-damage|p1a: Sneasler|95\/100|[from] Stealth Rock\n|-enditem|p1a: Sneasler|Grassy Seed\n|-boost|p1a: Sneasler|def|1|[from] item: Grassy Seed\n|turn|16\n|\n|t:|1698606634\n|-terastallize|p1a: Sneasler|Ghost\n|move|p1a: Sneasler|Swords Dance|p1a: Sneasler\n|-boost|p1a: Sneasler|atk|2\n|move|p2a: Shaymin|Zen Headbutt|p1a: Sneasler\n|-damage|p1a: Sneasler|72\/100\n|\n|-heal|p1a: Sneasler|78\/100|[from] Grassy Terrain\n|-heal|p2a: Shaymin|89\/100|[from] item: Leftovers\n|upkeep\n|turn|17\n|\n|t:|1698606646\n|move|p1a: Sneasler|Shadow Claw|p2a: Shaymin\n|-damage|p2a: Shaymin|0 fnt\n|faint|p2a: Shaymin\n|\n|-heal|p1a: Sneasler|84\/100|[from] Grassy Terrain\n|-fieldend|move: Grassy Terrain\n|upkeep\n|\n|t:|1698606652\n|switch|p2a: Cyclizar|Cyclizar, M|66\/100\n|-damage|p2a: Cyclizar|54\/100|[from] Stealth Rock\n|turn|18\n|\n|t:|1698606669\n|move|p1a: Sneasler|Close Combat|p2a: Cyclizar\n|-supereffective|p2a: Cyclizar\n|-damage|p2a: Cyclizar|0 fnt\n|-unboost|p1a: Sneasler|def|1\n|-unboost|p1a: Sneasler|spd|1\n|faint|p2a: Cyclizar\n|\n|upkeep\n|inactive|smithdvan has 270 seconds left.\n|\n|t:|1698606704\n|switch|p2a: Houndstone|Houndstone, F|100\/100\n|-damage|p2a: Houndstone|88\/100|[from] Stealth Rock\n|turn|19\n|\n|t:|1698606708\n|move|p1a: Sneasler|Shadow Claw|p2a: Houndstone\n|-supereffective|p2a: Houndstone\n|-crit|p2a: Houndstone\n|-damage|p2a: Houndstone|0 fnt\n|faint|p2a: Houndstone\n|\n|upkeep\n|inactive|smithdvan has 270 seconds left.\n|\n|t:|1698606721\n|switch|p2a: Arceus-Steel (?)|Arceus-Grass|100\/100\n|-damage|p2a: Arceus-Steel (?)|88\/100|[from] Stealth Rock\n|turn|20\n|\n|t:|1698606727\n|move|p1a: Sneasler|Close Combat|p2a: Arceus-Steel (?)\n|-damage|p2a: Arceus-Steel (?)|0 fnt\n|-unboost|p1a: Sneasler|def|1\n|-unboost|p1a: Sneasler|spd|1\n|faint|p2a: Arceus-Steel (?)\n|\n|win|TheSilvySilv\n|c|\u2606TheSilvySilv|gg\n|c|\u2606smithdvan|gg\n","uploadtime":1698606733,"views":18,"p1id":"thesilvysilv","p2id":"smithdvan","formatid":"gen9ubers","rating":0,"private":0,"password":""}