{"id":"gen9ubers-1972360730","p1":"IspamObjection","p2":"LadyMaria-Blue","format":"[Gen 9] Ubers","log":"|j|\u2606IspamObjection\n|j|\u2606LadyMaria-Blue\n|t:|1697834808\n|gametype|singles\n|player|p1|IspamObjection|lance-gen2|\n|player|p2|LadyMaria-Blue|cynthia|\n|teamsize|p1|6\n|teamsize|p2|6\n|gen|9\n|tier|[Gen 9] Ubers\n|rule|Sleep Clause Mod: Limit one foe put to sleep\n|rule|Species Clause: Limit one of each Pok\u00e9mon\n|rule|OHKO Clause: OHKO moves are banned\n|rule|Evasion Items Clause: Evasion items are banned\n|rule|Evasion Moves Clause: Evasion moves are banned\n|rule|Endless Battle Clause: Forcing endless battles is banned\n|rule|HP Percentage Mod: HP is shown in percentages\n|clearpoke\n|poke|p1|Giratina|\n|poke|p1|Garchomp, F|\n|poke|p1|Espathra, F|\n|poke|p1|Cyclizar, M|\n|poke|p1|Urshifu-*, F|\n|poke|p1|Chi-Yu|\n|poke|p2|Spiritomb, F|\n|poke|p2|Gastrodon, F|\n|poke|p2|Lucario, F|\n|poke|p2|Milotic, F|\n|poke|p2|Shaymin-Sky|\n|poke|p2|Garchomp, F|\n|teampreview\n|\n|t:|1697834825\n|start\n|switch|p1a: Garchover|Garchomp, F|100\/100\n|switch|p2a: Spiritomb|Spiritomb, F, shiny|100\/100\n|turn|1\n|\n|t:|1697834830\n|move|p1a: Garchover|Stealth Rock|p2a: Spiritomb\n|-sidestart|p2: LadyMaria-Blue|move: Stealth Rock\n|move|p2a: Spiritomb|Will-O-Wisp|p1a: Garchover|[miss]\n|-miss|p2a: Spiritomb|p1a: Garchover\n|\n|upkeep\n|turn|2\n|\n|t:|1697834834\n|move|p1a: Garchover|Spikes|p2a: Spiritomb\n|-sidestart|p2: LadyMaria-Blue|Spikes\n|move|p2a: Spiritomb|Will-O-Wisp|p1a: Garchover|[miss]\n|-miss|p2a: Spiritomb|p1a: Garchover\n|\n|upkeep\n|turn|3\n|\n|t:|1697834842\n|move|p1a: Garchover|Spikes|p2a: Spiritomb\n|-sidestart|p2: LadyMaria-Blue|Spikes\n|move|p2a: Spiritomb|Disable|p1a: Garchover\n|-start|p1a: Garchover|Disable|Spikes\n|\n|upkeep\n|turn|4\n|\n|t:|1697834851\n|move|p1a: Garchover|Outrage|p2a: Spiritomb\n|-damage|p2a: Spiritomb|37\/100\n|move|p2a: Spiritomb|Shadow Ball|p1a: Garchover\n|-damage|p1a: Garchover|69\/100\n|\n|-heal|p2a: Spiritomb|43\/100|[from] item: Leftovers\n|upkeep\n|turn|5\n|\n|t:|1697834857\n|move|p1a: Garchover|Outrage|p2a: Spiritomb|[from]lockedmove\n|-damage|p2a: Spiritomb|0 fnt\n|faint|p2a: Spiritomb\n|-start|p1a: Garchover|confusion|[fatigue]\n|\n|upkeep\n|\n|t:|1697834861\n|switch|p2a: Gastrodon|Gastrodon, F|100\/100\n|-damage|p2a: Gastrodon|94\/100|[from] Stealth Rock\n|-damage|p2a: Gastrodon|78\/100|[from] Spikes\n|turn|6\n|\n|t:|1697834866\n|-activate|p1a: Garchover|confusion\n|move|p1a: Garchover|Outrage|p2a: Gastrodon\n|-damage|p2a: Gastrodon|24\/100\n|move|p2a: Gastrodon|Ice Beam|p1a: Garchover\n|-supereffective|p1a: Garchover\n|-damage|p1a: Garchover|0 fnt\n|faint|p1a: Garchover\n|\n|-heal|p2a: Gastrodon|30\/100|[from] item: Leftovers\n|upkeep\n|\n|t:|1697834890\n|switch|p1a: Cyclizar|Cyclizar, M|100\/100\n|turn|7\n|\n|t:|1697834894\n|move|p1a: Cyclizar|Shed Tail|p1a: Cyclizar\n|-start|p1a: Cyclizar|Substitute|[from] move: Shed Tail\n|-damage|p1a: Cyclizar|50\/100\n|\n|t:|1697834897\n|switch|p1a: Espathra|Espathra, F|100\/100|[from] Shed Tail\n|move|p2a: Gastrodon|Recover|p2a: Gastrodon\n|-heal|p2a: Gastrodon|80\/100\n|\n|-heal|p2a: Gastrodon|86\/100|[from] item: Leftovers\n|upkeep\n|turn|8\n|\n|t:|1697834903\n|switch|p2a: Milotic|Milotic, F, shiny|100\/100\n|-damage|p2a: Milotic|88\/100|[from] Stealth Rock\n|-damage|p2a: Milotic|71\/100|[from] Spikes\n|move|p1a: Espathra|Calm Mind|p1a: Espathra\n|-boost|p1a: Espathra|spa|1\n|-boost|p1a: Espathra|spd|1\n|\n|-heal|p2a: Milotic|78\/100|[from] item: Leftovers\n|-ability|p1a: Espathra|Speed Boost|boost\n|-boost|p1a: Espathra|spe|1\n|upkeep\n|turn|9\n|\n|t:|1697834911\n|move|p1a: Espathra|Calm Mind|p1a: Espathra\n|-boost|p1a: Espathra|spa|1\n|-boost|p1a: Espathra|spd|1\n|move|p2a: Milotic|Haze|p2a: Milotic\n|-clearallboost\n|\n|-heal|p2a: Milotic|84\/100|[from] item: Leftovers\n|-ability|p1a: Espathra|Speed Boost|boost\n|-boost|p1a: Espathra|spe|1\n|upkeep\n|turn|10\n|\n|t:|1697834919\n|move|p1a: Espathra|Dazzling Gleam|p2a: Milotic\n|-damage|p2a: Milotic|73\/100\n|move|p2a: Milotic|Scald|p1a: Espathra\n|-end|p1a: Espathra|Substitute\n|\n|-heal|p2a: Milotic|79\/100|[from] item: Leftovers\n|-ability|p1a: Espathra|Speed Boost|boost\n|-boost|p1a: Espathra|spe|1\n|upkeep\n|turn|11\n|\n|t:|1697834925\n|move|p1a: Espathra|Calm Mind|p1a: Espathra\n|-boost|p1a: Espathra|spa|1\n|-boost|p1a: Espathra|spd|1\n|move|p2a: Milotic|Scald|p1a: Espathra\n|-damage|p1a: Espathra|74\/100\n|\n|-heal|p1a: Espathra|80\/100|[from] item: Leftovers\n|-heal|p2a: Milotic|85\/100|[from] item: Leftovers\n|-ability|p1a: Espathra|Speed Boost|boost\n|-boost|p1a: Espathra|spe|1\n|upkeep\n|turn|12\n|\n|t:|1697834933\n|move|p1a: Espathra|Stored Power|p2a: Milotic\n|-damage|p2a: Milotic|50\/100\n|move|p2a: Milotic|Haze|p2a: Milotic\n|-clearallboost\n|\n|-heal|p1a: Espathra|87\/100|[from] item: Leftovers\n|-heal|p2a: Milotic|56\/100|[from] item: Leftovers\n|-ability|p1a: Espathra|Speed Boost|boost\n|-boost|p1a: Espathra|spe|1\n|upkeep\n|turn|13\n|\n|t:|1697834939\n|move|p1a: Espathra|Calm Mind|p1a: Espathra\n|-boost|p1a: Espathra|spa|1\n|-boost|p1a: Espathra|spd|1\n|move|p2a: Milotic|Recover|p2a: Milotic\n|-heal|p2a: Milotic|100\/100\n|\n|-heal|p1a: Espathra|93\/100|[from] item: Leftovers\n|-ability|p1a: Espathra|Speed Boost|boost\n|-boost|p1a: Espathra|spe|1\n|upkeep\n|turn|14\n|\n|t:|1697834946\n|switch|p1a: Giratina|Giratina|100\/100\n|-ability|p1a: Giratina|Pressure\n|move|p2a: Milotic|Haze|p2a: Milotic\n|-clearallboost\n|\n|upkeep\n|turn|15\n|\n|t:|1697834954\n|move|p2a: Milotic|Dragon Pulse|p1a: Giratina\n|-supereffective|p1a: Giratina\n|-damage|p1a: Giratina|78\/100\n|move|p1a: Giratina|Roar|p2a: Milotic\n|drag|p2a: Shaymin|Shaymin-Sky, shiny|100\/100\n|-damage|p2a: Shaymin|76\/100|[from] Stealth Rock\n|\n|-heal|p1a: Giratina|84\/100|[from] item: Leftovers\n|upkeep\n|turn|16\n|\n|t:|1697834965\n|move|p2a: Shaymin|Air Slash|p1a: Giratina\n|-damage|p1a: Giratina|62\/100\n|cant|p1a: Giratina|flinch\n|\n|-heal|p1a: Giratina|69\/100|[from] item: Leftovers\n|upkeep\n|turn|17\n|\n|t:|1697834974\n|move|p2a: Shaymin|Air Slash|p1a: Giratina\n|-damage|p1a: Giratina|45\/100\n|cant|p1a: Giratina|flinch\n|\n|-heal|p1a: Giratina|51\/100|[from] item: Leftovers\n|upkeep\n|turn|18\n|\n|t:|1697834981\n|switch|p1a: Cyclizar|Cyclizar, M|84\/100\n|move|p2a: Shaymin|Air Slash|p1a: Cyclizar\n|-damage|p1a: Cyclizar|29\/100\n|\n|upkeep\n|turn|19\n|\n|t:|1697834989\n|move|p1a: Cyclizar|Knock Off|p2a: Shaymin\n|-damage|p2a: Shaymin|49\/100\n|-enditem|p2a: Shaymin|Choice Scarf|[from] move: Knock Off|[of] p1a: Cyclizar\n|move|p2a: Shaymin|Air Slash|p1a: Cyclizar\n|-damage|p1a: Cyclizar|0 fnt\n|faint|p1a: Cyclizar\n|\n|upkeep\n|\n|t:|1697834996\n|switch|p1a: Chi-Yu|Chi-Yu|100\/100\n|-ability|p1a: Chi-Yu|Beads of Ruin\n|turn|20\n|\n|t:|1697835005\n|switch|p2a: Milotic|Milotic, F, shiny|100\/100\n|-damage|p2a: Milotic|88\/100|[from] Stealth Rock\n|-damage|p2a: Milotic|71\/100|[from] Spikes\n|move|p1a: Chi-Yu|Dark Pulse|p2a: Milotic\n|-damage|p2a: Milotic|36\/100\n|\n|-heal|p2a: Milotic|42\/100|[from] item: Leftovers\n|upkeep\n|turn|21\n|\n|t:|1697835015\n|move|p1a: Chi-Yu|Dark Pulse|p2a: Milotic\n|-damage|p2a: Milotic|6\/100\n|move|p2a: Milotic|Recover|p2a: Milotic\n|-heal|p2a: Milotic|56\/100\n|\n|-heal|p2a: Milotic|62\/100|[from] item: Leftovers\n|upkeep\n|turn|22\n|\n|t:|1697835020\n|move|p1a: Chi-Yu|Dark Pulse|p2a: Milotic\n|-damage|p2a: Milotic|23\/100\n|move|p2a: Milotic|Recover|p2a: Milotic\n|-heal|p2a: Milotic|73\/100\n|\n|-heal|p2a: Milotic|79\/100|[from] item: Leftovers\n|upkeep\n|turn|23\n|\n|t:|1697835025\n|move|p1a: Chi-Yu|Dark Pulse|p2a: Milotic\n|-damage|p2a: Milotic|44\/100\n|cant|p2a: Milotic|flinch\n|\n|-heal|p2a: Milotic|50\/100|[from] item: Leftovers\n|upkeep\n|turn|24\n|\n|t:|1697835036\n|switch|p1a: Giratina|Giratina|51\/100\n|-ability|p1a: Giratina|Pressure\n|move|p2a: Milotic|Recover|p2a: Milotic\n|-heal|p2a: Milotic|99\/100\n|\n|-heal|p1a: Giratina|58\/100|[from] item: Leftovers\n|-heal|p2a: Milotic|100\/100|[from] item: Leftovers\n|upkeep\n|turn|25\n|\n|t:|1697835041\n|move|p1a: Giratina|Rest|p1a: Giratina\n|-status|p1a: Giratina|slp|[from] move: Rest\n|-heal|p1a: Giratina|100\/100 slp|[silent]\n|move|p2a: Milotic|Scald|p1a: Giratina\n|-resisted|p1a: Giratina\n|-damage|p1a: Giratina|92\/100 slp\n|\n|-heal|p1a: Giratina|99\/100 slp|[from] item: Leftovers\n|upkeep\n|turn|26\n|\n|t:|1697835049\n|switch|p2a: Gastrodon|Gastrodon, F|86\/100\n|-damage|p2a: Gastrodon|80\/100|[from] Stealth Rock\n|-damage|p2a: Gastrodon|64\/100|[from] Spikes\n|cant|p1a: Giratina|slp\n|move|p1a: Giratina|Sleep Talk|p1a: Giratina\n|move|p1a: Giratina|Rest||[from]move: Sleep Talk|[still]\n|-fail|p1a: Giratina\n|\n|-heal|p1a: Giratina|100\/100 slp|[from] item: Leftovers\n|-heal|p2a: Gastrodon|70\/100|[from] item: Leftovers\n|upkeep\n|turn|27\n|\n|t:|1697835057\n|cant|p1a: Giratina|slp\n|move|p1a: Giratina|Sleep Talk|p1a: Giratina\n|move|p1a: Giratina|Roar|p2a: Gastrodon|[from]move: Sleep Talk\n|drag|p2a: Garchomp|Garchomp, F, shiny|100\/100\n|-damage|p2a: Garchomp|94\/100|[from] Stealth Rock\n|-damage|p2a: Garchomp|78\/100|[from] Spikes\n|\n|upkeep\n|turn|28\n|\n|t:|1697835068\n|-terastallize|p1a: Giratina|Normal\n|move|p2a: Garchomp|Scale Shot|p1a: Giratina\n|-damage|p1a: Giratina|94\/100 slp\n|-damage|p1a: Giratina|87\/100 slp\n|-damage|p1a: Giratina|80\/100 slp\n|-damage|p1a: Giratina|73\/100 slp\n|-damage|p1a: Giratina|66\/100 slp\n|-hitcount|p1a: Giratina|5\n|-unboost|p2a: Garchomp|def|1\n|-boost|p2a: Garchomp|spe|1\n|-curestatus|p1a: Giratina|slp|[msg]\n|move|p1a: Giratina|Will-O-Wisp|p2a: Garchomp\n|-status|p2a: Garchomp|brn\n|\n|-heal|p1a: Giratina|72\/100|[from] item: Leftovers\n|-damage|p2a: Garchomp|72\/100 brn|[from] brn\n|upkeep\n|turn|29\n|\n|t:|1697835100\n|switch|p2a: Shaymin|Shaymin-Sky, shiny|49\/100\n|-damage|p2a: Shaymin|24\/100|[from] Stealth Rock\n|move|p1a: Giratina|Roar|p2a: Shaymin\n|drag|p2a: Milotic|Milotic, F, shiny|100\/100\n|-damage|p2a: Milotic|88\/100|[from] Stealth Rock\n|-damage|p2a: Milotic|71\/100|[from] Spikes\n|\n|-heal|p1a: Giratina|78\/100|[from] item: Leftovers\n|-heal|p2a: Milotic|78\/100|[from] item: Leftovers\n|upkeep\n|turn|30\n|\n|t:|1697835111\n|move|p2a: Milotic|Scald|p1a: Giratina\n|-damage|p1a: Giratina|63\/100\n|-status|p1a: Giratina|brn\n|move|p1a: Giratina|Roar|p2a: Milotic\n|drag|p2a: Shaymin|Shaymin-Sky, shiny|24\/100\n|-damage|p2a: Shaymin|0 fnt|[from] Stealth Rock\n|faint|p2a: Shaymin\n|\n|-heal|p1a: Giratina|69\/100 brn|[from] item: Leftovers\n|-damage|p1a: Giratina|63\/100 brn|[from] brn\n|upkeep\n|\n|t:|1697835118\n|switch|p2a: Lucario|Lucario, F|100\/100\n|-damage|p2a: Lucario|98\/100|[from] Stealth Rock\n|-damage|p2a: Lucario|81\/100|[from] Spikes\n|turn|31\n|\n|t:|1697835144\n|move|p2a: Lucario|Close Combat|p1a: Giratina\n|-supereffective|p1a: Giratina\n|-damage|p1a: Giratina|4\/100 brn\n|-unboost|p2a: Lucario|def|1\n|-unboost|p2a: Lucario|spd|1\n|move|p1a: Giratina|Will-O-Wisp|p2a: Lucario\n|-status|p2a: Lucario|brn\n|\n|-heal|p1a: Giratina|10\/100 brn|[from] item: Leftovers\n|-damage|p2a: Lucario|75\/100 brn|[from] brn\n|-damage|p1a: Giratina|4\/100 brn|[from] brn\n|upkeep\n|turn|32\n|\n|t:|1697835159\n|switch|p1a: Espathra|Espathra, F|93\/100\n|move|p2a: Lucario|Close Combat|p1a: Espathra\n|-resisted|p1a: Espathra\n|-damage|p1a: Espathra|78\/100\n|-unboost|p2a: Lucario|def|1\n|-unboost|p2a: Lucario|spd|1\n|\n|-heal|p1a: Espathra|84\/100|[from] item: Leftovers\n|-damage|p2a: Lucario|69\/100 brn|[from] brn\n|upkeep\n|turn|33\n|\n|t:|1697835166\n|switch|p2a: Milotic|Milotic, F, shiny|78\/100\n|-damage|p2a: Milotic|65\/100|[from] Stealth Rock\n|-damage|p2a: Milotic|49\/100|[from] Spikes\n|move|p1a: Espathra|Calm Mind|p1a: Espathra\n|-boost|p1a: Espathra|spa|1\n|-boost|p1a: Espathra|spd|1\n|\n|-heal|p1a: Espathra|90\/100|[from] item: Leftovers\n|-heal|p2a: Milotic|55\/100|[from] item: Leftovers\n|-ability|p1a: Espathra|Speed Boost|boost\n|-boost|p1a: Espathra|spe|1\n|upkeep\n|turn|34\n|\n|t:|1697835174\n|move|p1a: Espathra|Calm Mind|p1a: Espathra\n|-boost|p1a: Espathra|spa|1\n|-boost|p1a: Espathra|spd|1\n|move|p2a: Milotic|Haze|p2a: Milotic\n|-clearallboost\n|\n|-heal|p1a: Espathra|97\/100|[from] item: Leftovers\n|-heal|p2a: Milotic|61\/100|[from] item: Leftovers\n|-ability|p1a: Espathra|Speed Boost|boost\n|-boost|p1a: Espathra|spe|1\n|upkeep\n|turn|35\n|\n|t:|1697835182\n|move|p1a: Espathra|Calm Mind|p1a: Espathra\n|-boost|p1a: Espathra|spa|1\n|-boost|p1a: Espathra|spd|1\n|move|p2a: Milotic|Recover|p2a: Milotic\n|-heal|p2a: Milotic|100\/100\n|\n|-heal|p1a: Espathra|100\/100|[from] item: Leftovers\n|-ability|p1a: Espathra|Speed Boost|boost\n|-boost|p1a: Espathra|spe|1\n|upkeep\n|turn|36\n|\n|t:|1697835185\n|move|p1a: Espathra|Stored Power|p2a: Milotic\n|-damage|p2a: Milotic|70\/100\n|move|p2a: Milotic|Haze|p2a: Milotic\n|-clearallboost\n|\n|-heal|p2a: Milotic|76\/100|[from] item: Leftovers\n|-ability|p1a: Espathra|Speed Boost|boost\n|-boost|p1a: Espathra|spe|1\n|upkeep\n|turn|37\n|\n|t:|1697835221\n|switch|p1a: Urshifu|Urshifu-Rapid-Strike, F|100\/100\n|move|p2a: Milotic|Scald|p1a: Urshifu\n|-resisted|p1a: Urshifu\n|-damage|p1a: Urshifu|80\/100\n|\n|-heal|p2a: Milotic|82\/100|[from] item: Leftovers\n|upkeep\n|turn|38\n|\n|t:|1697835226\n|move|p1a: Urshifu|Close Combat|p2a: Milotic\n|-damage|p2a: Milotic|15\/100\n|-unboost|p1a: Urshifu|def|1\n|-unboost|p1a: Urshifu|spd|1\n|move|p2a: Milotic|Scald|p1a: Urshifu\n|-resisted|p1a: Urshifu\n|-damage|p1a: Urshifu|49\/100\n|\n|-heal|p2a: Milotic|21\/100|[from] item: Leftovers\n|upkeep\n|turn|39\n|\n|t:|1697835234\n|switch|p2a: Gastrodon|Gastrodon, F|70\/100\n|-damage|p2a: Gastrodon|64\/100|[from] Stealth Rock\n|-damage|p2a: Gastrodon|47\/100|[from] Spikes\n|move|p1a: Urshifu|Close Combat|p2a: Gastrodon\n|-damage|p2a: Gastrodon|0 fnt\n|-unboost|p1a: Urshifu|def|1\n|-unboost|p1a: Urshifu|spd|1\n|faint|p2a: Gastrodon\n|\n|upkeep\n|\n|t:|1697835238\n|switch|p2a: Lucario|Lucario, F|69\/100 brn\n|-damage|p2a: Lucario|66\/100 brn|[from] Stealth Rock\n|-damage|p2a: Lucario|49\/100 brn|[from] Spikes\n|turn|40\n|\n|t:|1697835250\n|move|p2a: Lucario|Close Combat|p1a: Urshifu\n|-damage|p1a: Urshifu|0 fnt\n|-unboost|p2a: Lucario|def|1\n|-unboost|p2a: Lucario|spd|1\n|faint|p1a: Urshifu\n|\n|-damage|p2a: Lucario|43\/100 brn|[from] brn\n|upkeep\n|\n|t:|1697835266\n|switch|p1a: Espathra|Espathra, F|100\/100\n|turn|41\n|\n|t:|1697835271\n|switch|p2a: Milotic|Milotic, F, shiny|21\/100\n|-damage|p2a: Milotic|9\/100|[from] Stealth Rock\n|-damage|p2a: Milotic|0 fnt|[from] Spikes\n|faint|p2a: Milotic\n|move|p1a: Espathra|Calm Mind|p1a: Espathra\n|-boost|p1a: Espathra|spa|1\n|-boost|p1a: Espathra|spd|1\n|\n|-ability|p1a: Espathra|Speed Boost|boost\n|-boost|p1a: Espathra|spe|1\n|upkeep\n|\n|t:|1697835274\n|switch|p2a: Garchomp|Garchomp, F, shiny|72\/100 brn\n|-damage|p2a: Garchomp|66\/100 brn|[from] Stealth Rock\n|-damage|p2a: Garchomp|49\/100 brn|[from] Spikes\n|turn|42\n|\n|t:|1697835280\n|move|p1a: Espathra|Dazzling Gleam|p2a: Garchomp\n|-supereffective|p2a: Garchomp\n|-damage|p2a: Garchomp|0 fnt\n|faint|p2a: Garchomp\n|\n|-ability|p1a: Espathra|Speed Boost|boost\n|-boost|p1a: Espathra|spe|1\n|upkeep\n|\n|t:|1697835282\n|switch|p2a: Lucario|Lucario, F|43\/100 brn\n|-damage|p2a: Lucario|41\/100 brn|[from] Stealth Rock\n|-damage|p2a: Lucario|24\/100 brn|[from] Spikes\n|turn|43\n|\n|t:|1697835291\n|-terastallize|p2a: Lucario|Steel\n|move|p1a: Espathra|Stored Power|p2a: Lucario\n|-resisted|p2a: Lucario\n|-damage|p2a: Lucario|0 fnt\n|faint|p2a: Lucario\n|\n|win|IspamObjection\n|c|\u2606LadyMaria-Blue|ggs\n","uploadtime":1697835298,"views":15,"p1id":"ispamobjection","p2id":"ladymariablue","formatid":"gen9ubers","rating":0,"private":0,"password":""}