{"id":"gen9ubers-1981357591","p1":"wamkou","p2":"imJV","format":"[Gen 9] Ubers","log":"|j|\u2606wamkou\n|j|\u2606imJV\n|t:|1698887140\n|gametype|singles\n|player|p1|wamkou|waitress-gen4|\n|player|p2|imJV|schoolkid|\n|teamsize|p1|6\n|teamsize|p2|6\n|gen|9\n|tier|[Gen 9] Ubers\n|rule|Sleep Clause Mod: Limit one foe put to sleep\n|rule|Species Clause: Limit one of each Pok\u00e9mon\n|rule|OHKO Clause: OHKO moves are banned\n|rule|Evasion Items Clause: Evasion items are banned\n|rule|Evasion Moves Clause: Evasion moves are banned\n|rule|Endless Battle Clause: Forcing endless battles is banned\n|rule|HP Percentage Mod: HP is shown in percentages\n|clearpoke\n|poke|p1|Torkoal, F|\n|poke|p1|Chi-Yu|\n|poke|p1|Arceus-Fire|\n|poke|p1|Zacian-*|\n|poke|p1|Shaymin-Sky|\n|poke|p1|Walking Wake|\n|poke|p2|Shaymin-Sky|\n|poke|p2|Pelipper, M|\n|poke|p2|Rabsca, M|\n|poke|p2|Basculegion-F, F|\n|poke|p2|Arceus-Poison|\n|poke|p2|Grafaiai, M|\n|teampreview\n|c|\u2606imJV|gl\n|\n|t:|1698887155\n|start\n|switch|p1a: Zacian|Zacian|100\/100\n|switch|p2a: Shaymin|Shaymin-Sky|100\/100\n|-ability|p1a: Zacian|Intrepid Sword|boost\n|-boost|p1a: Zacian|atk|1\n|turn|1\n|c|\u2606wamkou|glhf\n|\n|t:|1698887177\n|switch|p2a: Pelipper|Pelipper, M|100\/100\n|-weather|RainDance|[from] ability: Drizzle|[of] p2a: Pelipper\n|move|p1a: Zacian|Play Rough|p2a: Pelipper\n|-damage|p2a: Pelipper|26\/100\n|\n|-weather|RainDance|[upkeep]\n|upkeep\n|turn|2\n|\n|t:|1698887184\n|move|p1a: Zacian|Play Rough|p2a: Pelipper\n|-damage|p2a: Pelipper|0 fnt\n|faint|p2a: Pelipper\n|\n|-weather|RainDance|[upkeep]\n|upkeep\n|\n|t:|1698887195\n|switch|p2a: Arceus|Arceus-Poison|100\/100\n|turn|3\n|\n|t:|1698887205\n|switch|p1a: Torkoal|Torkoal, F|100\/100\n|-weather|SunnyDay|[from] ability: Drought|[of] p1a: Torkoal\n|move|p2a: Arceus|Judgment|p1a: Torkoal\n|-damage|p1a: Torkoal|25\/100\n|\n|-weather|SunnyDay|[upkeep]\n|upkeep\n|turn|4\n|\n|t:|1698887233\n|switch|p1a: Shaymin|Shaymin-Sky|100\/100\n|move|p2a: Arceus|Judgment|p1a: Shaymin\n|-supereffective|p1a: Shaymin\n|-damage|p1a: Shaymin|0 fnt\n|faint|p1a: Shaymin\n|\n|-weather|SunnyDay|[upkeep]\n|upkeep\n|\n|t:|1698887245\n|switch|p1a: Walking Wake|Walking Wake|100\/100\n|-activate|p1a: Walking Wake|ability: Protosynthesis\n|-start|p1a: Walking Wake|protosynthesisspe\n|turn|5\n|\n|t:|1698887255\n|move|p1a: Walking Wake|Hydro Steam|p2a: Arceus\n|-damage|p2a: Arceus|37\/100\n|move|p2a: Arceus|Judgment|p1a: Walking Wake\n|-damage|p1a: Walking Wake|40\/100\n|\n|-weather|SunnyDay|[upkeep]\n|upkeep\n|turn|6\n|\n|t:|1698887275\n|switch|p2a: Grafaiai|Grafaiai, M|100\/100\n|move|p1a: Walking Wake|Hydro Steam|p2a: Grafaiai\n|-damage|p2a: Grafaiai|0 fnt\n|faint|p2a: Grafaiai\n|\n|-weather|SunnyDay|[upkeep]\n|upkeep\n|\n|t:|1698887279\n|switch|p2a: Rabsca|Rabsca, M|100\/100\n|turn|7\n|\n|t:|1698887285\n|move|p1a: Walking Wake|Hydro Steam|p2a: Rabsca\n|-damage|p2a: Rabsca|42\/100\n|move|p2a: Rabsca|Revival Blessing|p2a: Rabsca\n|-enditem|p2a: Rabsca|Leppa Berry|[eat]\n|-activate|p2a: Rabsca|item: Leppa Berry|Revival Blessing|[consumed]\n|\n|t:|1698887287\n|-heal|p2: Pelipper|50\/100|[from] move: Revival Blessing\n|\n|-weather|SunnyDay|[upkeep]\n|upkeep\n|turn|8\n|\n|t:|1698887293\n|move|p1a: Walking Wake|Hydro Steam|p2a: Rabsca\n|-crit|p2a: Rabsca\n|-damage|p2a: Rabsca|0 fnt\n|faint|p2a: Rabsca\n|\n|-weather|SunnyDay|[upkeep]\n|upkeep\n|\n|t:|1698887316\n|switch|p2a: Shaymin|Shaymin-Sky|100\/100\n|turn|9\n|\n|t:|1698887324\n|move|p1a: Walking Wake|Hydro Steam|p2a: Shaymin\n|-resisted|p2a: Shaymin\n|-damage|p2a: Shaymin|44\/100\n|move|p2a: Shaymin|Air Slash|p1a: Walking Wake\n|-damage|p1a: Walking Wake|0 fnt\n|faint|p1a: Walking Wake\n|-end|p1a: Walking Wake|Protosynthesis|[silent]\n|-damage|p2a: Shaymin|34\/100|[from] item: Life Orb\n|\n|-weather|SunnyDay|[upkeep]\n|upkeep\n|\n|t:|1698887332\n|switch|p1a: Chi-Yu|Chi-Yu|100\/100\n|-ability|p1a: Chi-Yu|Beads of Ruin\n|turn|10\n|\n|t:|1698887351\n|move|p1a: Chi-Yu|Dark Pulse|p2a: Shaymin\n|-damage|p2a: Shaymin|0 fnt\n|faint|p2a: Shaymin\n|\n|-weather|none\n|upkeep\n|\n|t:|1698887371\n|switch|p2a: Arceus|Arceus-Poison|37\/100\n|turn|11\n|inactive|Battle timer is ON: inactive players will automatically lose when time's up. (requested by imJV)\n|\n|t:|1698887420\n|move|p1a: Chi-Yu|Dark Pulse|p2a: Arceus\n|-crit|p2a: Arceus\n|-damage|p2a: Arceus|0 fnt\n|faint|p2a: Arceus\n|\n|upkeep\n|\n|t:|1698887423\n|switch|p2a: Pelipper|Pelipper, M|50\/100\n|-weather|RainDance|[from] ability: Drizzle|[of] p2a: Pelipper\n|turn|12\n|\n|t:|1698887430\n|move|p1a: Chi-Yu|Dark Pulse|p2a: Pelipper\n|-damage|p2a: Pelipper|0 fnt\n|faint|p2a: Pelipper\n|\n|-weather|RainDance|[upkeep]\n|upkeep\n|\n|t:|1698887433\n|switch|p2a: Basculegion|Basculegion-F, F|100\/100\n|turn|13\n|\n|t:|1698887461\n|switch|p1a: Torkoal|Torkoal, F|25\/100\n|-weather|SunnyDay|[from] ability: Drought|[of] p1a: Torkoal\n|move|p2a: Basculegion|Last Respects|p1a: Torkoal\n|-damage|p1a: Torkoal|0 fnt\n|faint|p1a: Torkoal\n|\n|-weather|SunnyDay|[upkeep]\n|upkeep\n|\n|t:|1698887474\n|switch|p1a: Zacian|Zacian|100\/100\n|turn|14\n|\n|t:|1698887483\n|-terastallize|p2a: Basculegion|Normal\n|move|p1a: Zacian|Wild Charge|p2a: Basculegion\n|-damage|p2a: Basculegion|46\/100\n|-damage|p1a: Zacian|84\/100|[from] Recoil\n|move|p2a: Basculegion|Last Respects|p1a: Zacian\n|-damage|p1a: Zacian|0 fnt\n|faint|p1a: Zacian\n|\n|-weather|SunnyDay|[upkeep]\n|upkeep\n|\n|t:|1698887498\n|switch|p1a: Chi-Yu|Chi-Yu|100\/100\n|-ability|p1a: Chi-Yu|Beads of Ruin\n|turn|15\n|\n|t:|1698887502\n|move|p1a: Chi-Yu|Flamethrower|p2a: Basculegion\n|-damage|p2a: Basculegion|0 fnt\n|faint|p2a: Basculegion\n|\n|win|wamkou\n|c|\u2606imJV|GG\n|c|\u2606wamkou|gg\n|l|\u2606imJV\n|l|\u2606wamkou\n|j|\u2606wamkou\n|player|p1|wamkou|waitress-gen4\n","uploadtime":1698887509,"views":22,"p1id":"wamkou","p2id":"imjv","formatid":"gen9ubers","rating":0,"private":0,"password":""}