{"id":"gen9ubers-1988928662","p1":"Corbinc","p2":"F8S","format":"[Gen 9] Ubers","log":"|j|\u2606Corbinc\n|j|\u2606F8S\n|t:|1699789522\n|gametype|singles\n|player|p1|Corbinc|ghetsis-gen5bw|\n|player|p2|F8S|blaine|\n|teamsize|p1|6\n|teamsize|p2|6\n|gen|9\n|tier|[Gen 9] Ubers\n|rule|Sleep Clause Mod: Limit one foe put to sleep\n|rule|Species Clause: Limit one of each Pok\u00e9mon\n|rule|OHKO Clause: OHKO moves are banned\n|rule|Evasion Items Clause: Evasion items are banned\n|rule|Evasion Moves Clause: Evasion moves are banned\n|rule|Endless Battle Clause: Forcing endless battles is banned\n|rule|HP Percentage Mod: HP is shown in percentages\n|clearpoke\n|poke|p1|Gholdengo|\n|poke|p1|Slowking, F|\n|poke|p1|Scream Tail|\n|poke|p1|Piloswine, M|\n|poke|p1|Scizor, F|\n|poke|p1|Inteleon, F|\n|poke|p2|Gliscor, F|\n|poke|p2|Goodra-Hisui, M|\n|poke|p2|Scizor, F|\n|poke|p2|Tinkaton, F|\n|poke|p2|Cyclizar, M|\n|poke|p2|Typhlosion, F|\n|teampreview\n|inactive|Battle timer is ON: inactive players will automatically lose when time's up. (requested by F8S)\n|inactive|Corbinc has 270 seconds left.\n|inactive|F8S has 270 seconds left.\n|\n|t:|1699789567\n|start\n|switch|p1a: Slowking|Slowking, F, shiny|100\/100\n|switch|p2a: Tinkaton|Tinkaton, F|100\/100\n|-ability|p2a: Tinkaton|Mold Breaker\n|turn|1\n|j| Nikolobstar\n|\n|t:|1699789594\n|move|p2a: Tinkaton|Stealth Rock|p1a: Slowking\n|-sidestart|p1: Corbinc|move: Stealth Rock\n|move|p1a: Slowking|Future Sight|p2a: Tinkaton\n|-start|p1a: Slowking|move: Future Sight\n|\n|upkeep\n|turn|2\n|\n|t:|1699789603\n|move|p2a: Tinkaton|Knock Off|p1a: Slowking\n|-supereffective|p1a: Slowking\n|-damage|p1a: Slowking|65\/100\n|-enditem|p1a: Slowking|Icy Rock|[from] move: Knock Off|[of] p2a: Tinkaton\n|move|p1a: Slowking|Chilly Reception|p1a: Slowking\n|-weather|Snow\n|inactive|Corbinc has 270 seconds left.\n|\n|t:|1699789625\n|switch|p1a: Scream Tail|Scream Tail|100\/100|[from] Chilly Reception\n|-damage|p1a: Scream Tail|88\/100|[from] Stealth Rock\n|\n|-weather|Snow|[upkeep]\n|upkeep\n|turn|3\n|j| Yahoo12\n|l| Yahoo12\n|inactive|Corbinc has 270 seconds left.\n|inactive|Corbinc has 240 seconds left.\n|\n|t:|1699789701\n|-end|p1a: Scream Tail|Protosynthesis|[silent]\n|switch|p1a: Scizor|Scizor, F, shiny|100\/100\n|-damage|p1a: Scizor|88\/100|[from] Stealth Rock\n|move|p2a: Tinkaton|Gigaton Hammer|p1a: Scizor\n|-resisted|p1a: Scizor\n|-damage|p1a: Scizor|69\/100\n|\n|-weather|Snow|[upkeep]\n|-end|p2a: Tinkaton|move: Future Sight\n|-resisted|p2a: Tinkaton\n|-damage|p2a: Tinkaton|81\/100\n|-heal|p2a: Tinkaton|87\/100|[from] item: Leftovers\n|upkeep\n|turn|4\n|\n|t:|1699789714\n|move|p2a: Tinkaton|Thunder Wave|p1a: Scizor\n|-status|p1a: Scizor|par\n|cant|p1a: Scizor|par\n|\n|-weather|Snow|[upkeep]\n|-heal|p2a: Tinkaton|94\/100|[from] item: Leftovers\n|upkeep\n|turn|5\n|\n|t:|1699789720\n|move|p2a: Tinkaton|Knock Off|p1a: Scizor\n|-damage|p1a: Scizor|50\/100 par\n|-enditem|p1a: Scizor|Life Orb|[from] move: Knock Off|[of] p2a: Tinkaton\n|cant|p1a: Scizor|par\n|\n|-weather|Snow|[upkeep]\n|-heal|p2a: Tinkaton|99\/100|[from] item: Leftovers\n|upkeep\n|turn|6\n|\n|t:|1699789733\n|move|p2a: Tinkaton|Gigaton Hammer|p1a: Scizor\n|-resisted|p1a: Scizor\n|-damage|p1a: Scizor|29\/100 par\n|move|p1a: Scizor|Defog|p2a: Tinkaton\n|-unboost|p2a: Tinkaton|evasion|1\n|-sideend|p1: Corbinc|Stealth Rock|[from] move: Defog|[of] p1a: Scizor\n|\n|-weather|none\n|-heal|p2a: Tinkaton|100\/100|[from] item: Leftovers\n|upkeep\n|turn|7\n|inactive|Corbinc has 210 seconds left.\n|\n|t:|1699789767\n|move|p2a: Tinkaton|Knock Off|p1a: Scizor\n|-damage|p1a: Scizor|16\/100 par\n|move|p1a: Scizor|Close Combat|p2a: Tinkaton\n|-damage|p2a: Tinkaton|65\/100\n|-unboost|p1a: Scizor|def|1\n|-unboost|p1a: Scizor|spd|1\n|\n|-heal|p2a: Tinkaton|72\/100|[from] item: Leftovers\n|upkeep\n|turn|8\n|\n|t:|1699789774\n|move|p2a: Tinkaton|Gigaton Hammer|p1a: Scizor\n|-resisted|p1a: Scizor\n|-damage|p1a: Scizor|0 fnt\n|faint|p1a: Scizor\n|\n|-heal|p2a: Tinkaton|78\/100|[from] item: Leftovers\n|upkeep\n|inactive|Corbinc has 210 seconds left.\n|\n|t:|1699789792\n|switch|p1a: Slowking|Slowking, F, shiny|98\/100\n|turn|9\n|\n|t:|1699789795\n|move|p2a: Tinkaton|Stealth Rock|p1a: Slowking\n|-sidestart|p1: Corbinc|move: Stealth Rock\n|move|p1a: Slowking|Scald|p2a: Tinkaton\n|-damage|p2a: Tinkaton|52\/100\n|-status|p2a: Tinkaton|brn\n|\n|-heal|p2a: Tinkaton|58\/100 brn|[from] item: Leftovers\n|-damage|p2a: Tinkaton|52\/100 brn|[from] brn\n|upkeep\n|turn|10\n|\n|t:|1699789802\n|move|p2a: Tinkaton|Thunder Wave|p1a: Slowking\n|-status|p1a: Slowking|par\n|move|p1a: Slowking|Future Sight|p2a: Tinkaton\n|-start|p1a: Slowking|move: Future Sight\n|\n|-heal|p2a: Tinkaton|58\/100 brn|[from] item: Leftovers\n|-damage|p2a: Tinkaton|52\/100 brn|[from] brn\n|upkeep\n|turn|11\n|\n|t:|1699789809\n|move|p2a: Tinkaton|Gigaton Hammer|p1a: Slowking\n|-resisted|p1a: Slowking\n|-damage|p1a: Slowking|88\/100 par\n|cant|p1a: Slowking|par\n|\n|-heal|p2a: Tinkaton|58\/100 brn|[from] item: Leftovers\n|-damage|p2a: Tinkaton|52\/100 brn|[from] brn\n|upkeep\n|turn|12\n|\n|t:|1699789816\n|move|p2a: Tinkaton|Knock Off|p1a: Slowking\n|-supereffective|p1a: Slowking\n|-damage|p1a: Slowking|75\/100 par\n|move|p1a: Slowking|Scald|p2a: Tinkaton\n|-damage|p2a: Tinkaton|29\/100 brn\n|\n|-end|p2a: Tinkaton|move: Future Sight\n|-resisted|p2a: Tinkaton\n|-damage|p2a: Tinkaton|10\/100 brn\n|-heal|p2a: Tinkaton|16\/100 brn|[from] item: Leftovers\n|-damage|p2a: Tinkaton|10\/100 brn|[from] brn\n|upkeep\n|turn|13\n|\n|t:|1699789827\n|move|p2a: Tinkaton|Knock Off|p1a: Slowking\n|-supereffective|p1a: Slowking\n|-damage|p1a: Slowking|62\/100 par\n|move|p1a: Slowking|Future Sight|p2a: Tinkaton\n|-start|p1a: Slowking|move: Future Sight\n|\n|-heal|p2a: Tinkaton|16\/100 brn|[from] item: Leftovers\n|-damage|p2a: Tinkaton|10\/100 brn|[from] brn\n|upkeep\n|turn|14\n|\n|t:|1699789831\n|move|p2a: Tinkaton|Knock Off|p1a: Slowking\n|-supereffective|p1a: Slowking\n|-damage|p1a: Slowking|49\/100 par\n|move|p1a: Slowking|Scald|p2a: Tinkaton\n|-damage|p2a: Tinkaton|0 fnt\n|faint|p2a: Tinkaton\n|\n|upkeep\n|\n|t:|1699789849\n|switch|p2a: Goodra|Goodra-Hisui, M|100\/100\n|turn|15\n|\n|t:|1699789874\n|move|p2a: Goodra|Draco Meteor|p1a: Slowking|[miss]\n|-miss|p2a: Goodra|p1a: Slowking\n|cant|p1a: Slowking|par\n|\n|-end|p2a: Goodra|move: Future Sight\n|-resisted|p2a: Goodra\n|-damage|p2a: Goodra|91\/100\n|upkeep\n|turn|16\n|\n|t:|1699789881\n|move|p2a: Goodra|Draco Meteor|p1a: Slowking|[miss]\n|-miss|p2a: Goodra|p1a: Slowking\n|move|p1a: Slowking|Chilly Reception|p1a: Slowking\n|-weather|Snow\n|\n|t:|1699789888\n|switch|p1a: Scream Tail|Scream Tail|88\/100|[from] Chilly Reception\n|-damage|p1a: Scream Tail|76\/100|[from] Stealth Rock\n|\n|-weather|Snow|[upkeep]\n|upkeep\n|turn|17\n|\n|t:|1699789914\n|move|p1a: Scream Tail|Calm Mind|p1a: Scream Tail\n|-boost|p1a: Scream Tail|spa|1\n|-boost|p1a: Scream Tail|spd|1\n|move|p2a: Goodra|Flash Cannon|p1a: Scream Tail\n|-supereffective|p1a: Scream Tail\n|-damage|p1a: Scream Tail|41\/100\n|-enditem|p1a: Scream Tail|Weakness Policy\n|-boost|p1a: Scream Tail|atk|2|[from] item: Weakness Policy\n|-boost|p1a: Scream Tail|spa|2|[from] item: Weakness Policy\n|\n|-weather|Snow|[upkeep]\n|upkeep\n|turn|18\n|\n|t:|1699789926\n|-terastallize|p1a: Scream Tail|Ice\n|move|p1a: Scream Tail|Wish|p1a: Scream Tail\n|move|p2a: Goodra|Flash Cannon|p1a: Scream Tail\n|-supereffective|p1a: Scream Tail\n|-damage|p1a: Scream Tail|5\/100\n|\n|-weather|Snow|[upkeep]\n|upkeep\n|turn|19\n|inactive|Corbinc has 240 seconds left.\n|\n|t:|1699789961\n|move|p1a: Scream Tail|Flamethrower|p2a: Goodra\n|-damage|p2a: Goodra|74\/100\n|-status|p2a: Goodra|brn\n|move|p2a: Goodra|Flash Cannon|p1a: Scream Tail\n|-supereffective|p1a: Scream Tail\n|-damage|p1a: Scream Tail|0 fnt\n|faint|p1a: Scream Tail\n|-end|p1a: Scream Tail|Protosynthesis|[silent]\n|\n|-weather|Snow|[upkeep]\n|-damage|p2a: Goodra|68\/100 brn|[from] brn\n|upkeep\n|\n|t:|1699789974\n|switch|p1a: Piloswine|Piloswine, M|100\/100\n|-damage|p1a: Piloswine|88\/100|[from] Stealth Rock\n|turn|20\n|\n|t:|1699789991\n|-terastallize|p2a: Goodra|Flying\n|move|p2a: Goodra|Flash Cannon|p1a: Piloswine\n|-supereffective|p1a: Piloswine\n|-damage|p1a: Piloswine|38\/100\n|move|p1a: Piloswine|Earthquake|p2a: Goodra\n|-immune|p2a: Goodra\n|\n|-weather|none\n|-damage|p2a: Goodra|62\/100 brn|[from] brn\n|upkeep\n|turn|21\n|\n|t:|1699789998\n|move|p1a: Piloswine|Ice Shard|p2a: Goodra\n|-supereffective|p2a: Goodra\n|-damage|p2a: Goodra|34\/100 brn\n|move|p2a: Goodra|Flash Cannon|p1a: Piloswine\n|-supereffective|p1a: Piloswine\n|-damage|p1a: Piloswine|0 fnt\n|faint|p1a: Piloswine\n|\n|-damage|p2a: Goodra|28\/100 brn|[from] brn\n|upkeep\n|\n|t:|1699790004\n|switch|p1a: Inteleon|Inteleon, F|100\/100\n|-damage|p1a: Inteleon|88\/100|[from] Stealth Rock\n|turn|22\n|\n|t:|1699790022\n|move|p1a: Inteleon|U-turn|p2a: Goodra\n|-resisted|p2a: Goodra\n|-damage|p2a: Goodra|23\/100 brn\n|\n|t:|1699790034\n|switch|p1a: Slowking|Slowking, F, shiny|83\/100 par|[from] U-turn\n|-damage|p1a: Slowking|70\/100 par|[from] Stealth Rock\n|move|p2a: Goodra|Draco Meteor|p1a: Slowking\n|-damage|p1a: Slowking|35\/100 par\n|-unboost|p2a: Goodra|spa|2\n|\n|-damage|p2a: Goodra|17\/100 brn|[from] brn\n|upkeep\n|turn|23\n|\n|t:|1699790045\n|switch|p2a: Cyclizar|Cyclizar, M|100\/100\n|cant|p1a: Slowking|par\n|\n|upkeep\n|turn|24\n|inactive|Corbinc has 210 seconds left.\n|inactive|Corbinc has 180 seconds left.\n|\n|t:|1699790123\n|move|p2a: Cyclizar|Rapid Spin|p1a: Slowking\n|-damage|p1a: Slowking|16\/100 par\n|-boost|p2a: Cyclizar|spe|1\n|move|p1a: Slowking|Chilly Reception|p1a: Slowking\n|-weather|Snow\n|\n|t:|1699790131\n|switch|p1a: Inteleon|Inteleon, F|88\/100|[from] Chilly Reception\n|-damage|p1a: Inteleon|76\/100|[from] Stealth Rock\n|\n|-weather|Snow|[upkeep]\n|upkeep\n|turn|25\n|\n|t:|1699790134\n|move|p2a: Cyclizar|Knock Off|p1a: Inteleon\n|-damage|p1a: Inteleon|41\/100\n|-enditem|p1a: Inteleon|Choice Specs|[from] move: Knock Off|[of] p2a: Cyclizar\n|move|p1a: Inteleon|Blizzard|p2a: Cyclizar\n|-supereffective|p2a: Cyclizar\n|-damage|p2a: Cyclizar|25\/100\n|\n|-weather|Snow|[upkeep]\n|upkeep\n|turn|26\n|\n|t:|1699790154\n|switch|p1a: Slowking|Slowking, F, shiny|49\/100 par\n|-damage|p1a: Slowking|37\/100 par|[from] Stealth Rock\n|move|p2a: Cyclizar|U-turn|p1a: Slowking\n|-supereffective|p1a: Slowking\n|-damage|p1a: Slowking|8\/100 par\n|\n|t:|1699790165\n|switch|p2a: Typhlosion|Typhlosion, F|100\/100|[from] U-turn\n|\n|-weather|Snow|[upkeep]\n|upkeep\n|turn|27\n|\n|t:|1699790172\n|move|p2a: Typhlosion|Shadow Ball|p1a: Slowking\n|-supereffective|p1a: Slowking\n|-damage|p1a: Slowking|0 fnt\n|faint|p1a: Slowking\n|\n|-weather|Snow|[upkeep]\n|upkeep\n|\n|t:|1699790176\n|switch|p1a: Gholdengo|Gholdengo|100\/100\n|-damage|p1a: Gholdengo|94\/100|[from] Stealth Rock\n|turn|28\n|\n|t:|1699790179\n|move|p2a: Typhlosion|Shadow Ball|p1a: Gholdengo\n|-supereffective|p1a: Gholdengo\n|-damage|p1a: Gholdengo|35\/100\n|move|p1a: Gholdengo|Shadow Ball|p2a: Typhlosion\n|-damage|p2a: Typhlosion|41\/100\n|-unboost|p2a: Typhlosion|spd|1\n|\n|-weather|none\n|upkeep\n|turn|29\n|\n|t:|1699790189\n|move|p2a: Typhlosion|Shadow Ball|p1a: Gholdengo\n|-supereffective|p1a: Gholdengo\n|-damage|p1a: Gholdengo|0 fnt\n|faint|p1a: Gholdengo\n|\n|upkeep\n|\n|t:|1699790192\n|switch|p1a: Inteleon|Inteleon, F|41\/100\n|-damage|p1a: Inteleon|28\/100|[from] Stealth Rock\n|turn|30\n|inactive|Corbinc has 180 seconds left.\n|\n|t:|1699790214\n|move|p2a: Typhlosion|Shadow Ball|p1a: Inteleon\n|-damage|p1a: Inteleon|0 fnt\n|faint|p1a: Inteleon\n|\n|win|F8S\n","uploadtime":1699790221,"views":5,"p1id":"corbinc","p2id":"f8s","formatid":"gen9ubers","rating":0,"private":0,"password":""}