{"id":"gen9ubers-1975348791","p1":"Nugget O Silver","p2":"artic111","format":"[Gen 9] Ubers","log":"|j|\u2606Nugget O Silver\n|j|\u203dartic111\n|t:|1698182097\n|gametype|singles\n|player|p1|Nugget O Silver|colress|1384\n|player|p2|artic111|ghetsis|1355\n|teamsize|p1|6\n|teamsize|p2|6\n|gen|9\n|tier|[Gen 9] Ubers\n|rated|\n|rule|Sleep Clause Mod: Limit one foe put to sleep\n|rule|Species Clause: Limit one of each Pok\u00e9mon\n|rule|OHKO Clause: OHKO moves are banned\n|rule|Evasion Items Clause: Evasion items are banned\n|rule|Evasion Moves Clause: Evasion moves are banned\n|rule|Endless Battle Clause: Forcing endless battles is banned\n|rule|HP Percentage Mod: HP is shown in percentages\n|clearpoke\n|poke|p1|Ribombee, M|\n|poke|p1|Carbink|\n|poke|p1|Gholdengo|\n|poke|p1|Kyogre|\n|poke|p1|Zacian-*|\n|poke|p1|Koraidon|\n|poke|p2|Miraidon|\n|poke|p2|Koraidon|\n|poke|p2|Arceus-Electric|\n|poke|p2|Corviknight, F|\n|poke|p2|Eternatus|\n|poke|p2|Landorus-Therian, M|\n|teampreview\n|inactive|Battle timer is ON: inactive players will automatically lose when time's up. (requested by Nugget O Silver)\n|\n|t:|1698182112\n|start\n|switch|p1a: Ribombee|Ribombee, M, shiny|100\/100\n|switch|p2a: Corviknight|Corviknight, F|100\/100\n|turn|1\n|\n|t:|1698182117\n|move|p1a: Ribombee|Sticky Web|p2a: Corviknight\n|-sidestart|p2: artic111|move: Sticky Web\n|move|p2a: Corviknight|Iron Head|p1a: Ribombee\n|-supereffective|p1a: Ribombee\n|-damage|p1a: Ribombee|21\/100\n|\n|upkeep\n|turn|2\n|\n|t:|1698182122\n|switch|p1a: Gholdengo|Gholdengo|100\/100\n|move|p2a: Corviknight|U-turn|p1a: Gholdengo\n|-resisted|p1a: Gholdengo\n|-damage|p1a: Gholdengo|97\/100\n|\n|t:|1698182125\n|switch|p2a: Landorus|Landorus-Therian, M|100\/100|[from] U-turn\n|-ability|p2a: Landorus|Intimidate|boost\n|-unboost|p1a: Gholdengo|atk|1\n|\n|upkeep\n|turn|3\n|\n|t:|1698182130\n|switch|p1a: Ribombee|Ribombee, M, shiny|21\/100\n|-terastallize|p2a: Landorus|Ground\n|move|p2a: Landorus|Earthquake|p1a: Ribombee\n|-resisted|p1a: Ribombee\n|-damage|p1a: Ribombee|0 fnt\n|faint|p1a: Ribombee\n|\n|upkeep\n|\n|t:|1698182150\n|switch|p1a: Carbink|Carbink|100\/100\n|turn|4\n|\n|t:|1698182153\n|move|p2a: Landorus|Earthquake|p1a: Carbink\n|-supereffective|p1a: Carbink\n|-ability|p1a: Carbink|Sturdy\n|-damage|p1a: Carbink|1\/100\n|move|p1a: Carbink|Charm|p2a: Landorus\n|-unboost|p2a: Landorus|atk|2\n|\n|upkeep\n|turn|5\n|-enditem|p1a: Carbink|Custap Berry|[eat]\n|-activate|p1a: Carbink|item: Custap Berry|[consumed]\n|\n|t:|1698182160\n|move|p1a: Carbink|Stealth Rock|p2a: Landorus\n|-sidestart|p2: artic111|move: Stealth Rock\n|move|p2a: Landorus|Earthquake|p1a: Carbink\n|-supereffective|p1a: Carbink\n|-damage|p1a: Carbink|0 fnt\n|faint|p1a: Carbink\n|\n|upkeep\n|\n|t:|1698182163\n|switch|p1a: Koraidon|Koraidon|100\/100\n|-weather|SunnyDay|[from] ability: Orichalcum Pulse|[of] p1a: Koraidon\n|-activate|p1a: Koraidon|Orichalcum Pulse|[source]\n|turn|6\n|\n|t:|1698182167\n|switch|p2a: Corviknight|Corviknight, F|100\/100\n|-damage|p2a: Corviknight|88\/100|[from] Stealth Rock\n|move|p1a: Koraidon|Swords Dance|p1a: Koraidon\n|-boost|p1a: Koraidon|atk|2\n|\n|-weather|SunnyDay|[upkeep]\n|-heal|p2a: Corviknight|94\/100|[from] item: Leftovers\n|upkeep\n|turn|7\n|\n|t:|1698182171\n|switch|p1a: Gholdengo|Gholdengo|97\/100\n|move|p2a: Corviknight|Brave Bird|p1a: Gholdengo\n|-resisted|p1a: Gholdengo\n|-damage|p1a: Gholdengo|81\/100\n|-damage|p2a: Corviknight|90\/100|[from] Recoil\n|\n|-weather|SunnyDay|[upkeep]\n|-heal|p2a: Corviknight|96\/100|[from] item: Leftovers\n|upkeep\n|turn|8\n|\n|t:|1698182175\n|move|p1a: Gholdengo|Thunder Wave|p2a: Corviknight\n|-status|p2a: Corviknight|par\n|move|p2a: Corviknight|U-turn|p1a: Gholdengo\n|-resisted|p1a: Gholdengo\n|-damage|p1a: Gholdengo|78\/100\n|\n|t:|1698182183\n|switch|p2a: Koraidon|Koraidon|100\/100|[from] U-turn\n|-activate|p2a: Koraidon|move: Sticky Web\n|-unboost|p2a: Koraidon|spe|1\n|-damage|p2a: Koraidon|94\/100|[from] Stealth Rock\n|-activate|p2a: Koraidon|ability: Orichalcum Pulse\n|\n|-weather|SunnyDay|[upkeep]\n|upkeep\n|turn|9\n|\n|t:|1698182189\n|switch|p1a: Kyogre|Kyogre|100\/100\n|-weather|RainDance|[from] ability: Drizzle|[of] p1a: Kyogre\n|move|p2a: Koraidon|Scale Shot|p1a: Kyogre\n|-damage|p1a: Kyogre|87\/100\n|-damage|p1a: Kyogre|74\/100\n|-damage|p1a: Kyogre|57\/100\n|-damage|p1a: Kyogre|43\/100\n|-damage|p1a: Kyogre|28\/100\n|-hitcount|p1a: Kyogre|5\n|-unboost|p2a: Koraidon|def|1\n|-boost|p2a: Koraidon|spe|1\n|\n|-weather|RainDance|[upkeep]\n|upkeep\n|turn|10\n|\n|t:|1698182195\n|move|p2a: Koraidon|Scale Shot|p1a: Kyogre\n|-damage|p1a: Kyogre|14\/100\n|-damage|p1a: Kyogre|0 fnt\n|faint|p1a: Kyogre\n|-hitcount|p1: Kyogre|2\n|-unboost|p2a: Koraidon|def|1\n|-boost|p2a: Koraidon|spe|1\n|\n|-weather|RainDance|[upkeep]\n|upkeep\n|\n|t:|1698182199\n|switch|p1a: Zacian|Zacian-Crowned|100\/100\n|-ability|p1a: Zacian|Intrepid Sword|boost\n|-boost|p1a: Zacian|atk|1\n|turn|11\n|\n|t:|1698182204\n|move|p2a: Koraidon|Low Kick|p1a: Zacian\n|-damage|p1a: Zacian|43\/100\n|move|p1a: Zacian|Play Rough|p2a: Koraidon\n|-supereffective|p2a: Koraidon\n|-damage|p2a: Koraidon|0 fnt\n|faint|p2a: Koraidon\n|\n|-weather|RainDance|[upkeep]\n|upkeep\n|\n|t:|1698182214\n|switch|p2a: Corviknight|Corviknight, F|96\/100 par\n|-damage|p2a: Corviknight|83\/100 par|[from] Stealth Rock\n|turn|12\n|\n|t:|1698182221\n|switch|p1a: Gholdengo|Gholdengo|78\/100\n|move|p2a: Corviknight|Iron Head|p1a: Gholdengo\n|-resisted|p1a: Gholdengo\n|-crit|p1a: Gholdengo\n|-damage|p1a: Gholdengo|60\/100\n|\n|-weather|RainDance|[upkeep]\n|-heal|p2a: Corviknight|90\/100 par|[from] item: Leftovers\n|upkeep\n|turn|13\n|\n|t:|1698182226\n|move|p1a: Gholdengo|Make It Rain|p2a: Corviknight\n|-resisted|p2a: Corviknight\n|-damage|p2a: Corviknight|66\/100 par\n|-unboost|p1a: Gholdengo|spa|1\n|move|p2a: Corviknight|U-turn|p1a: Gholdengo\n|-resisted|p1a: Gholdengo\n|-damage|p1a: Gholdengo|57\/100\n|\n|t:|1698182231\n|switch|p2a: Arceus|Arceus-Electric|100\/100|[from] U-turn\n|-activate|p2a: Arceus|move: Sticky Web\n|-unboost|p2a: Arceus|spe|1\n|-damage|p2a: Arceus|88\/100|[from] Stealth Rock\n|\n|-weather|none\n|upkeep\n|turn|14\n|\n|t:|1698182243\n|switch|p1a: Zacian|Zacian-Crowned|43\/100\n|move|p2a: Arceus|Calm Mind|p2a: Arceus\n|-boost|p2a: Arceus|spa|1\n|-boost|p2a: Arceus|spd|1\n|\n|upkeep\n|turn|15\n|\n|t:|1698182249\n|move|p1a: Zacian|Play Rough|p2a: Arceus\n|-damage|p2a: Arceus|47\/100\n|move|p2a: Arceus|Judgment|p1a: Zacian\n|-damage|p1a: Zacian|0 fnt\n|faint|p1a: Zacian\n|\n|upkeep\n|\n|t:|1698182252\n|switch|p1a: Koraidon|Koraidon|100\/100\n|-weather|SunnyDay|[from] ability: Orichalcum Pulse|[of] p1a: Koraidon\n|-activate|p1a: Koraidon|Orichalcum Pulse|[source]\n|turn|16\n|\n|t:|1698182259\n|-terastallize|p1a: Koraidon|Fairy\n|move|p1a: Koraidon|Swords Dance|p1a: Koraidon\n|-boost|p1a: Koraidon|atk|2\n|move|p2a: Arceus|Ice Beam|p1a: Koraidon\n|-damage|p1a: Koraidon|55\/100\n|\n|-weather|SunnyDay|[upkeep]\n|upkeep\n|turn|17\n|\n|t:|1698182263\n|move|p1a: Koraidon|Scale Shot|p2a: Arceus\n|-damage|p2a: Arceus|19\/100\n|-damage|p2a: Arceus|0 fnt\n|faint|p2a: Arceus\n|-hitcount|p2: Arceus|2\n|-unboost|p1a: Koraidon|def|1\n|-boost|p1a: Koraidon|spe|1\n|\n|-weather|SunnyDay|[upkeep]\n|upkeep\n|\n|t:|1698182270\n|switch|p2a: Corviknight|Corviknight, F|66\/100 par\n|-damage|p2a: Corviknight|53\/100 par|[from] Stealth Rock\n|turn|18\n|\n|t:|1698182274\n|move|p1a: Koraidon|Flare Blitz|p2a: Corviknight\n|-supereffective|p2a: Corviknight\n|-damage|p2a: Corviknight|0 fnt\n|faint|p2a: Corviknight\n|-damage|p1a: Koraidon|35\/100|[from] Recoil\n|\n|-weather|SunnyDay|[upkeep]\n|upkeep\n|\n|t:|1698182278\n|switch|p2a: Landorus|Landorus-Therian, M, tera:Ground|100\/100\n|-activate|p2a: Landorus|move: Sticky Web\n|-unboost|p2a: Landorus|spe|1\n|-damage|p2a: Landorus|95\/100|[from] Stealth Rock\n|-ability|p2a: Landorus|Intimidate|boost\n|-unboost|p1a: Koraidon|atk|1\n|turn|19\n|\n|t:|1698182291\n|move|p1a: Koraidon|Collision Course|p2a: Landorus\n|-damage|p2a: Landorus|0 fnt\n|faint|p2a: Landorus\n|\n|-weather|SunnyDay|[upkeep]\n|upkeep\n|\n|t:|1698182299\n|switch|p2a: Miraidon|Miraidon|100\/100\n|-activate|p2a: Miraidon|move: Sticky Web\n|-unboost|p2a: Miraidon|spe|1\n|-damage|p2a: Miraidon|88\/100|[from] Stealth Rock\n|-fieldstart|move: Electric Terrain|[from] ability: Hadron Engine|[of] p2a: Miraidon\n|turn|20\n|\n|t:|1698182302\n|move|p1a: Koraidon|Scale Shot|p2a: Miraidon\n|-supereffective|p2a: Miraidon\n|-damage|p2a: Miraidon|31\/100\n|-supereffective|p2a: Miraidon\n|-damage|p2a: Miraidon|0 fnt\n|faint|p2a: Miraidon\n|-hitcount|p2: Miraidon|2\n|-unboost|p1a: Koraidon|def|1\n|-boost|p1a: Koraidon|spe|1\n|\n|-weather|none\n|upkeep\n|-message|artic111 forfeited.\n|\n|win|Nugget O Silver\n|raw|Nugget O Silver's rating: 1384 &rarr; <strong>1402<\/strong><br \/>(+18 for winning)\n|raw|artic111's rating: 1355 &rarr; <strong>1337<\/strong><br \/>(-18 for losing)\n|l|\u203dartic111\n","uploadtime":1698182313,"views":10,"p1id":"nuggetosilver","p2id":"artic111","formatid":"gen9ubers","rating":1337,"private":0,"password":""}