{"id":"gen9ubers-2000115393","p1":"Pickedman","p2":"rei_darkness","format":"[Gen 9] Ubers","log":"|j|\u2606Pickedman\n|j|\u2606rei_darkness\n|t:|1701157596\n|gametype|singles\n|player|p1|Pickedman|zinnia|\n|player|p2|rei_darkness|101|\n|teamsize|p1|6\n|teamsize|p2|6\n|gen|9\n|tier|[Gen 9] Ubers\n|rule|Sleep Clause Mod: Limit one foe put to sleep\n|rule|Species Clause: Limit one of each Pok\u00e9mon\n|rule|OHKO Clause: OHKO moves are banned\n|rule|Evasion Items Clause: Evasion items are banned\n|rule|Evasion Moves Clause: Evasion moves are banned\n|rule|Endless Battle Clause: Forcing endless battles is banned\n|rule|HP Percentage Mod: HP is shown in percentages\n|clearpoke\n|poke|p1|Tyranitar, F|\n|poke|p1|Magearna|\n|poke|p1|Landorus-Therian, M|\n|poke|p1|Gothitelle, M|\n|poke|p1|Mandibuzz, F|\n|poke|p1|Slowking-Galar, F|\n|poke|p2|Ribombee, F|\n|poke|p2|Iron Jugulis|\n|poke|p2|Weezing-Galar, F|\n|poke|p2|Medicham, F|\n|poke|p2|Slowking-Galar, F|\n|poke|p2|Palafin, M|\n|teampreview\n|inactive|Battle timer is ON: inactive players will automatically lose when time's up. (requested by rei_darkness)\n|\n|t:|1701157602\n|start\n|switch|p1a: Magearna|Magearna|100\/100\n|switch|p2a: Palafin|Palafin, M|100\/100\n|turn|1\n|\n|t:|1701157616\n|detailschange|p2a: Palafin|Palafin-Hero, M\n|switch|p2a: Ribombee|Ribombee, F|100\/100\n|move|p1a: Magearna|Shift Gear|p1a: Magearna\n|-boost|p1a: Magearna|spe|2\n|-boost|p1a: Magearna|atk|1\n|\n|upkeep\n|turn|2\n|\n|t:|1701157623\n|-terastallize|p1a: Magearna|Electric\n|move|p2a: Ribombee|Stun Spore|p1a: Magearna\n|-immune|p1a: Magearna\n|move|p1a: Magearna|Shift Gear|p1a: Magearna\n|-boost|p1a: Magearna|spe|2\n|-boost|p1a: Magearna|atk|1\n|\n|upkeep\n|turn|3\n|\n|t:|1701157648\n|move|p1a: Magearna|Iron Head|p2a: Ribombee\n|-supereffective|p2a: Ribombee\n|-enditem|p2a: Ribombee|Focus Sash\n|-damage|p2a: Ribombee|1\/100\n|move|p2a: Ribombee|Sticky Web|p1a: Magearna\n|-sidestart|p1: Pickedman|move: Sticky Web\n|\n|upkeep\n|turn|4\n|\n|t:|1701157657\n|move|p1a: Magearna|Shift Gear|p1a: Magearna\n|-boost|p1a: Magearna|spe|2\n|-boost|p1a: Magearna|atk|1\n|move|p2a: Ribombee|U-turn|p1a: Magearna\n|-damage|p1a: Magearna|83\/100\n|\n|t:|1701157661\n|switch|p2a: Weezing|Weezing-Galar, F|100\/100|[from] U-turn\n|\n|-heal|p1a: Magearna|89\/100|[from] item: Leftovers\n|upkeep\n|turn|5\n|\n|t:|1701157667\n|-terastallize|p2a: Weezing|Steel\n|move|p1a: Magearna|Iron Head|p2a: Weezing\n|-resisted|p2a: Weezing\n|-damage|p2a: Weezing|69\/100\n|cant|p2a: Weezing|flinch\n|\n|-heal|p1a: Magearna|95\/100|[from] item: Leftovers\n|-heal|p2a: Weezing|75\/100|[from] item: Leftovers\n|upkeep\n|turn|6\n|\n|t:|1701157673\n|move|p1a: Magearna|Tera Blast|p2a: Weezing|[anim] Tera Blast Electric\n|-damage|p2a: Weezing|18\/100\n|move|p2a: Weezing|Strange Steam|p1a: Magearna\n|-damage|p1a: Magearna|73\/100\n|\n|-heal|p1a: Magearna|79\/100|[from] item: Leftovers\n|-heal|p2a: Weezing|24\/100|[from] item: Leftovers\n|upkeep\n|turn|7\n|\n|t:|1701157685\n|move|p1a: Magearna|Iron Head|p2a: Weezing\n|-resisted|p2a: Weezing\n|-damage|p2a: Weezing|0 fnt\n|faint|p2a: Weezing\n|-ability|p1a: Magearna|Soul-Heart|boost\n|-boost|p1a: Magearna|spa|1\n|\n|-heal|p1a: Magearna|85\/100|[from] item: Leftovers\n|upkeep\n|\n|t:|1701157692\n|switch|p2a: Medicham|Medicham, F|100\/100\n|turn|8\n|\n|t:|1701157698\n|move|p1a: Magearna|Iron Head|p2a: Medicham\n|-damage|p2a: Medicham|0 fnt\n|faint|p2a: Medicham\n|-ability|p1a: Magearna|Soul-Heart|boost\n|-boost|p1a: Magearna|spa|1\n|\n|-heal|p1a: Magearna|91\/100|[from] item: Leftovers\n|upkeep\n|\n|t:|1701157701\n|switch|p2a: Iron Jugulis|Iron Jugulis|100\/100\n|-enditem|p2a: Iron Jugulis|Booster Energy\n|-activate|p2a: Iron Jugulis|ability: Quark Drive|[fromitem]\n|-start|p2a: Iron Jugulis|quarkdrivespe\n|turn|9\n|\n|t:|1701157708\n|move|p1a: Magearna|Tera Blast|p2a: Iron Jugulis|[anim] Tera Blast Electric\n|-supereffective|p2a: Iron Jugulis\n|-damage|p2a: Iron Jugulis|0 fnt\n|faint|p2a: Iron Jugulis\n|-ability|p1a: Magearna|Soul-Heart|boost\n|-boost|p1a: Magearna|spa|1\n|-end|p2a: Iron Jugulis|Quark Drive|[silent]\n|\n|-heal|p1a: Magearna|97\/100|[from] item: Leftovers\n|upkeep\n|-message|rei_darkness forfeited.\n|\n|win|Pickedman\n","uploadtime":1701157713,"views":16,"p1id":"pickedman","p2id":"reidarkness","formatid":"gen9ubers","rating":0,"private":0,"password":""}