{"id":"gen9ubers-1978031207","p1":"Kyekep","p2":"GodKmi","format":"[Gen 9] Ubers","log":"|j|\u2606Kyekep\n|j|\u2606GodKmi\n|t:|1698487880\n|gametype|singles\n|player|p1|Kyekep|unknown|1334\n|player|p2|GodKmi|saguaro|1217\n|teamsize|p1|6\n|teamsize|p2|6\n|gen|9\n|tier|[Gen 9] Ubers\n|rated|\n|rule|Sleep Clause Mod: Limit one foe put to sleep\n|rule|Species Clause: Limit one of each Pok\u00e9mon\n|rule|OHKO Clause: OHKO moves are banned\n|rule|Evasion Items Clause: Evasion items are banned\n|rule|Evasion Moves Clause: Evasion moves are banned\n|rule|Endless Battle Clause: Forcing endless battles is banned\n|rule|HP Percentage Mod: HP is shown in percentages\n|clearpoke\n|poke|p1|Arceus-Fire|\n|poke|p1|Great Tusk|\n|poke|p1|Miraidon|\n|poke|p1|Groudon|\n|poke|p1|Calyrex-Ice|\n|poke|p1|Flutter Mane|\n|poke|p2|Calyrex-Ice|\n|poke|p2|Arceus|\n|poke|p2|Giratina|\n|poke|p2|Ditto|\n|poke|p2|Koraidon|\n|poke|p2|Miraidon|\n|teampreview\n|inactive|Battle timer is ON: inactive players will automatically lose when time's up. (requested by Kyekep)\n|\n|t:|1698487902\n|start\n|switch|p1a: Groudon|Groudon|100\/100\n|switch|p2a: Miraidon|Miraidon|100\/100\n|-fieldstart|move: Electric Terrain|[from] ability: Hadron Engine|[of] p2a: Miraidon\n|-weather|SunnyDay|[from] ability: Drought|[of] p1a: Groudon\n|turn|1\n|\n|t:|1698487917\n|move|p2a: Miraidon|Draco Meteor|p1a: Groudon\n|-damage|p1a: Groudon|5\/100\n|-unboost|p2a: Miraidon|spa|2\n|-enditem|p2a: Miraidon|Eject Pack\n|\n|t:|1698487920\n|switch|p2a: Giratina|Giratina|100\/100\n|-ability|p2a: Giratina|Pressure\n|move|p1a: Groudon|Precipice Blades|p2a: Giratina\n|-damage|p2a: Giratina|61\/100\n|\n|-weather|SunnyDay|[upkeep]\n|-heal|p1a: Groudon|12\/100|[from] item: Leftovers\n|-heal|p2a: Giratina|67\/100|[from] item: Leftovers\n|upkeep\n|turn|2\n|\n|t:|1698487924\n|move|p1a: Groudon|Thunder Wave|p2a: Giratina|[miss]\n|-miss|p1a: Groudon|p2a: Giratina\n|move|p2a: Giratina|Will-O-Wisp|p1a: Groudon\n|-status|p1a: Groudon|brn\n|\n|-weather|SunnyDay|[upkeep]\n|-heal|p1a: Groudon|18\/100 brn|[from] item: Leftovers\n|-heal|p2a: Giratina|73\/100|[from] item: Leftovers\n|-damage|p1a: Groudon|12\/100 brn|[from] brn\n|upkeep\n|turn|3\n|\n|t:|1698487930\n|move|p2a: Giratina|Protect|p2a: Giratina\n|-singleturn|p2a: Giratina|Protect\n|move|p1a: Groudon|Stealth Rock|p2a: Giratina\n|-sidestart|p2: GodKmi|move: Stealth Rock\n|\n|-weather|SunnyDay|[upkeep]\n|-heal|p2a: Giratina|79\/100|[from] item: Leftovers\n|-heal|p1a: Groudon|18\/100 brn|[from] item: Leftovers\n|-damage|p1a: Groudon|12\/100 brn|[from] brn\n|upkeep\n|turn|4\n|\n|t:|1698487933\n|move|p1a: Groudon|Thunder Wave|p2a: Giratina\n|-status|p2a: Giratina|par\n|move|p2a: Giratina|Defog|p1a: Groudon\n|-unboost|p1a: Groudon|evasion|1\n|-sideend|p2: GodKmi|Stealth Rock|[from] move: Defog|[of] p2a: Giratina\n|-fieldend|move: Electric Terrain\n|\n|-weather|SunnyDay|[upkeep]\n|-heal|p1a: Groudon|18\/100 brn|[from] item: Leftovers\n|-heal|p2a: Giratina|86\/100 par|[from] item: Leftovers\n|-damage|p1a: Groudon|12\/100 brn|[from] brn\n|upkeep\n|turn|5\n|\n|t:|1698487937\n|move|p2a: Giratina|Protect|p2a: Giratina\n|-singleturn|p2a: Giratina|Protect\n|move|p1a: Groudon|Precipice Blades|p2a: Giratina\n|-activate|p2a: Giratina|move: Protect\n|\n|-weather|none\n|-heal|p1a: Groudon|18\/100 brn|[from] item: Leftovers\n|-heal|p2a: Giratina|92\/100 par|[from] item: Leftovers\n|-damage|p1a: Groudon|12\/100 brn|[from] brn\n|upkeep\n|turn|6\n|\n|t:|1698487940\n|move|p1a: Groudon|Precipice Blades|p2a: Giratina\n|-damage|p2a: Giratina|70\/100 par\n|move|p2a: Giratina|Defog|p1a: Groudon\n|-unboost|p1a: Groudon|evasion|1\n|\n|-heal|p1a: Groudon|18\/100 brn|[from] item: Leftovers\n|-heal|p2a: Giratina|76\/100 par|[from] item: Leftovers\n|-damage|p1a: Groudon|12\/100 brn|[from] brn\n|upkeep\n|turn|7\n|\n|t:|1698487945\n|move|p2a: Giratina|Protect|p2a: Giratina\n|-singleturn|p2a: Giratina|Protect\n|move|p1a: Groudon|Precipice Blades|p2a: Giratina\n|-activate|p2a: Giratina|move: Protect\n|\n|-heal|p1a: Groudon|18\/100 brn|[from] item: Leftovers\n|-heal|p2a: Giratina|82\/100 par|[from] item: Leftovers\n|-damage|p1a: Groudon|12\/100 brn|[from] brn\n|upkeep\n|turn|8\n|\n|t:|1698487947\n|move|p1a: Groudon|Precipice Blades|p2a: Giratina\n|-damage|p2a: Giratina|63\/100 par\n|cant|p2a: Giratina|par\n|\n|-heal|p1a: Groudon|18\/100 brn|[from] item: Leftovers\n|-heal|p2a: Giratina|69\/100 par|[from] item: Leftovers\n|-damage|p1a: Groudon|12\/100 brn|[from] brn\n|upkeep\n|turn|9\n|\n|t:|1698487951\n|cant|p2a: Giratina|par\n|move|p1a: Groudon|Stealth Rock|p2a: Giratina\n|-sidestart|p2: GodKmi|move: Stealth Rock\n|\n|-heal|p1a: Groudon|18\/100 brn|[from] item: Leftovers\n|-heal|p2a: Giratina|75\/100 par|[from] item: Leftovers\n|-damage|p1a: Groudon|12\/100 brn|[from] brn\n|upkeep\n|turn|10\n|\n|t:|1698487953\n|move|p1a: Groudon|Precipice Blades|p2a: Giratina\n|-damage|p2a: Giratina|56\/100 par\n|move|p2a: Giratina|Defog|p1a: Groudon\n|-unboost|p1a: Groudon|evasion|1\n|-sideend|p2: GodKmi|Stealth Rock|[from] move: Defog|[of] p2a: Giratina\n|\n|-heal|p1a: Groudon|18\/100 brn|[from] item: Leftovers\n|-heal|p2a: Giratina|62\/100 par|[from] item: Leftovers\n|-damage|p1a: Groudon|12\/100 brn|[from] brn\n|upkeep\n|turn|11\n|\n|t:|1698487958\n|move|p2a: Giratina|Protect|p2a: Giratina\n|-singleturn|p2a: Giratina|Protect\n|move|p1a: Groudon|Stealth Rock|p2a: Giratina\n|-sidestart|p2: GodKmi|move: Stealth Rock\n|\n|-heal|p1a: Groudon|18\/100 brn|[from] item: Leftovers\n|-heal|p2a: Giratina|68\/100 par|[from] item: Leftovers\n|-damage|p1a: Groudon|12\/100 brn|[from] brn\n|upkeep\n|turn|12\n|\n|t:|1698487960\n|move|p1a: Groudon|Precipice Blades|p2a: Giratina\n|-crit|p2a: Giratina\n|-damage|p2a: Giratina|40\/100 par\n|move|p2a: Giratina|Defog|p1a: Groudon\n|-unboost|p1a: Groudon|evasion|1\n|-sideend|p2: GodKmi|Stealth Rock|[from] move: Defog|[of] p2a: Giratina\n|\n|-heal|p1a: Groudon|18\/100 brn|[from] item: Leftovers\n|-heal|p2a: Giratina|46\/100 par|[from] item: Leftovers\n|-damage|p1a: Groudon|12\/100 brn|[from] brn\n|upkeep\n|turn|13\n|\n|t:|1698487966\n|move|p1a: Groudon|Precipice Blades|p2a: Giratina\n|-damage|p2a: Giratina|24\/100 par\n|move|p2a: Giratina|Defog|p1a: Groudon\n|-unboost|p1a: Groudon|evasion|1\n|\n|-heal|p1a: Groudon|18\/100 brn|[from] item: Leftovers\n|-heal|p2a: Giratina|30\/100 par|[from] item: Leftovers\n|-damage|p1a: Groudon|12\/100 brn|[from] brn\n|upkeep\n|turn|14\n|\n|t:|1698487974\n|move|p1a: Groudon|Stealth Rock|p2a: Giratina\n|-sidestart|p2: GodKmi|move: Stealth Rock\n|move|p2a: Giratina|Defog|p1a: Groudon\n|-unboost|p1a: Groudon|evasion|1\n|-sideend|p2: GodKmi|Stealth Rock|[from] move: Defog|[of] p2a: Giratina\n|\n|-heal|p1a: Groudon|18\/100 brn|[from] item: Leftovers\n|-heal|p2a: Giratina|37\/100 par|[from] item: Leftovers\n|-damage|p1a: Groudon|12\/100 brn|[from] brn\n|upkeep\n|turn|15\n|\n|t:|1698487979\n|move|p1a: Groudon|Stealth Rock|p2a: Giratina\n|-sidestart|p2: GodKmi|move: Stealth Rock\n|move|p2a: Giratina|Defog|p1a: Groudon\n|-unboost|p1a: Groudon|evasion|0\n|-sideend|p2: GodKmi|Stealth Rock|[from] move: Defog|[of] p2a: Giratina\n|\n|-heal|p1a: Groudon|18\/100 brn|[from] item: Leftovers\n|-heal|p2a: Giratina|43\/100 par|[from] item: Leftovers\n|-damage|p1a: Groudon|12\/100 brn|[from] brn\n|upkeep\n|turn|16\n|\n|t:|1698487991\n|switch|p1a: Flutter Mane|Flutter Mane|100\/100\n|move|p2a: Giratina|Will-O-Wisp|p1a: Flutter Mane\n|-status|p1a: Flutter Mane|brn\n|\n|-heal|p2a: Giratina|49\/100 par|[from] item: Leftovers\n|-damage|p1a: Flutter Mane|95\/100 brn|[from] brn\n|upkeep\n|turn|17\n|\n|t:|1698488004\n|move|p1a: Flutter Mane|Moonblast|p2a: Giratina\n|-supereffective|p2a: Giratina\n|-damage|p2a: Giratina|0 fnt\n|faint|p2a: Giratina\n|-damage|p1a: Flutter Mane|85\/100 brn|[from] item: Life Orb\n|\n|-damage|p1a: Flutter Mane|79\/100 brn|[from] brn\n|upkeep\n|\n|t:|1698488007\n|switch|p2a: Koraidon|Koraidon|100\/100\n|-weather|SunnyDay|[from] ability: Orichalcum Pulse|[of] p2a: Koraidon\n|-activate|p1a: Flutter Mane|ability: Protosynthesis\n|-start|p1a: Flutter Mane|protosynthesisspe\n|-activate|p2a: Koraidon|Orichalcum Pulse|[source]\n|turn|18\n|\n|t:|1698488010\n|move|p1a: Flutter Mane|Moonblast|p2a: Koraidon\n|-supereffective|p2a: Koraidon\n|-damage|p2a: Koraidon|0 fnt\n|faint|p2a: Koraidon\n|-damage|p1a: Flutter Mane|69\/100 brn|[from] item: Life Orb\n|\n|-weather|SunnyDay|[upkeep]\n|-damage|p1a: Flutter Mane|63\/100 brn|[from] brn\n|upkeep\n|\n|t:|1698488013\n|switch|p2a: Calyrex|Calyrex-Ice|100\/100\n|-ability|p2a: Calyrex|As One\n|-ability|p2a: Calyrex|Unnerve\n|turn|19\n|\n|t:|1698488016\n|move|p1a: Flutter Mane|Shadow Ball|p2a: Calyrex\n|-supereffective|p2a: Calyrex\n|-damage|p2a: Calyrex|23\/100\n|-damage|p1a: Flutter Mane|53\/100 brn|[from] item: Life Orb\n|move|p2a: Calyrex|Leech Seed|p1a: Flutter Mane\n|-start|p1a: Flutter Mane|move: Leech Seed\n|\n|-weather|SunnyDay|[upkeep]\n|-heal|p2a: Calyrex|29\/100|[from] item: Leftovers\n|-damage|p1a: Flutter Mane|40\/100 brn|[from] Leech Seed|[of] p2a: Calyrex\n|-heal|p2a: Calyrex|37\/100|[silent]\n|-damage|p1a: Flutter Mane|34\/100 brn|[from] brn\n|upkeep\n|turn|20\n|\n|t:|1698488021\n|move|p2a: Calyrex|Protect|p2a: Calyrex\n|-singleturn|p2a: Calyrex|Protect\n|move|p1a: Flutter Mane|Shadow Ball|p2a: Calyrex\n|-activate|p2a: Calyrex|move: Protect\n|\n|-weather|SunnyDay|[upkeep]\n|-heal|p2a: Calyrex|43\/100|[from] item: Leftovers\n|-damage|p1a: Flutter Mane|22\/100 brn|[from] Leech Seed|[of] p2a: Calyrex\n|-heal|p2a: Calyrex|51\/100|[silent]\n|-damage|p1a: Flutter Mane|16\/100 brn|[from] brn\n|upkeep\n|turn|21\n|\n|t:|1698488026\n|switch|p2a: Arceus|Arceus|100\/100\n|move|p1a: Flutter Mane|Shadow Ball|p2a: Arceus\n|-immune|p2a: Arceus\n|\n|-weather|SunnyDay|[upkeep]\n|-damage|p1a: Flutter Mane|4\/100 brn|[from] Leech Seed|[of] p2a: Arceus\n|-damage|p1a: Flutter Mane|0 fnt|[from] brn\n|faint|p1a: Flutter Mane\n|-end|p1a: Flutter Mane|Protosynthesis|[silent]\n|upkeep\n|\n|t:|1698488029\n|switch|p1a: Groudon|Groudon|12\/100 brn\n|turn|22\n|\n|t:|1698488031\n|move|p2a: Arceus|Earth Power|p1a: Groudon\n|-damage|p1a: Groudon|0 fnt\n|faint|p1a: Groudon\n|\n|-weather|none\n|upkeep\n|\n|t:|1698488035\n|switch|p1a: Calyrex|Calyrex-Ice|100\/100\n|-ability|p1a: Calyrex|As One\n|-ability|p1a: Calyrex|Unnerve\n|turn|23\n|\n|t:|1698488055\n|move|p2a: Arceus|Flamethrower|p1a: Calyrex\n|-supereffective|p1a: Calyrex\n|-damage|p1a: Calyrex|44\/100\n|move|p1a: Calyrex|Trick Room|p1a: Calyrex\n|-fieldstart|move: Trick Room|[of] p1a: Calyrex\n|\n|upkeep\n|turn|24\n|\n|t:|1698488060\n|move|p1a: Calyrex|Glacial Lance|p2a: Arceus\n|-damage|p2a: Arceus|37\/100\n|move|p2a: Arceus|Flamethrower|p1a: Calyrex\n|-supereffective|p1a: Calyrex\n|-damage|p1a: Calyrex|0 fnt\n|faint|p1a: Calyrex\n|\n|upkeep\n|\n|t:|1698488071\n|switch|p1a: Arceus|Arceus-Fire|100\/100\n|turn|25\n|\n|t:|1698488079\n|move|p2a: Arceus|Earth Power|p1a: Arceus\n|-supereffective|p1a: Arceus\n|-damage|p1a: Arceus|43\/100\n|move|p1a: Arceus|Earthquake|p2a: Arceus\n|-damage|p2a: Arceus|12\/100\n|\n|upkeep\n|turn|26\n|\n|t:|1698488083\n|move|p1a: Arceus|Extreme Speed|p2a: Arceus\n|-damage|p2a: Arceus|0 fnt\n|faint|p2a: Arceus\n|\n|upkeep\n|\n|t:|1698488088\n|switch|p2a: Miraidon|Miraidon|100\/100\n|-fieldstart|move: Electric Terrain|[from] ability: Hadron Engine|[of] p2a: Miraidon\n|turn|27\n|\n|t:|1698488099\n|move|p1a: Arceus|Earthquake|p2a: Miraidon\n|-supereffective|p2a: Miraidon\n|-damage|p2a: Miraidon|34\/100\n|move|p2a: Miraidon|Electro Drift|p1a: Arceus\n|-damage|p1a: Arceus|0 fnt\n|faint|p1a: Arceus\n|\n|-fieldend|move: Trick Room\n|upkeep\n|\n|t:|1698488102\n|switch|p1a: Miraidon|Miraidon|100\/100\n|-activate|p1a: Miraidon|ability: Hadron Engine\n|turn|28\n|\n|t:|1698488105\n|move|p1a: Miraidon|Draco Meteor|p2a: Miraidon\n|-supereffective|p2a: Miraidon\n|-damage|p2a: Miraidon|0 fnt\n|-unboost|p1a: Miraidon|spa|2\n|faint|p2a: Miraidon\n|\n|upkeep\n|\n|t:|1698488107\n|switch|p2a: Calyrex|Calyrex-Ice|51\/100\n|-ability|p2a: Calyrex|As One\n|-ability|p2a: Calyrex|Unnerve\n|turn|29\n|\n|t:|1698488110\n|switch|p1a: Great Tusk|Great Tusk|100\/100\n|move|p2a: Calyrex|Glacial Lance|p1a: Great Tusk\n|-supereffective|p1a: Great Tusk\n|-damage|p1a: Great Tusk|14\/100\n|\n|-heal|p2a: Calyrex|57\/100|[from] item: Leftovers\n|upkeep\n|turn|30\n|\n|t:|1698488115\n|move|p2a: Calyrex|Protect|p2a: Calyrex\n|-singleturn|p2a: Calyrex|Protect\n|move|p1a: Great Tusk|Knock Off|p2a: Calyrex\n|-activate|p2a: Calyrex|move: Protect\n|\n|-heal|p2a: Calyrex|63\/100|[from] item: Leftovers\n|upkeep\n|turn|31\n|\n|t:|1698488117\n|move|p1a: Great Tusk|Knock Off|p2a: Calyrex\n|-supereffective|p2a: Calyrex\n|-damage|p2a: Calyrex|28\/100\n|-enditem|p2a: Calyrex|Leftovers|[from] move: Knock Off|[of] p1a: Great Tusk\n|move|p2a: Calyrex|Glacial Lance|p1a: Great Tusk\n|-supereffective|p1a: Great Tusk\n|-damage|p1a: Great Tusk|0 fnt\n|faint|p1a: Great Tusk\n|-end|p1a: Great Tusk|Protosynthesis|[silent]\n|-ability|p2a: Calyrex|Chilling Neigh|boost\n|-boost|p2a: Calyrex|atk|1\n|\n|-fieldend|move: Electric Terrain\n|upkeep\n|\n|t:|1698488127\n|switch|p1a: Miraidon|Miraidon|100\/100\n|-fieldstart|move: Electric Terrain|[from] ability: Hadron Engine|[of] p1a: Miraidon\n|turn|32\n|\n|t:|1698488132\n|move|p1a: Miraidon|Draco Meteor|p2a: Calyrex\n|-damage|p2a: Calyrex|0 fnt\n|-unboost|p1a: Miraidon|spa|2\n|faint|p2a: Calyrex\n|\n|upkeep\n|\n|t:|1698488135\n|switch|p2a: Ditto|Ditto|100\/100\n|-transform|p2a: Ditto|p1a: Miraidon|[from] ability: Imposter\n|-activate|p2a: Ditto|ability: Hadron Engine\n|turn|33\n|\n|t:|1698488138\n|-terastallize|p1a: Miraidon|Fairy\n|-terastallize|p2a: Ditto|Normal\n|move|p2a: Ditto|Draco Meteor|p1a: Miraidon\n|-immune|p1a: Miraidon\n|move|p1a: Miraidon|Draco Meteor|p2a: Ditto\n|-damage|p2a: Ditto|52\/100\n|-unboost|p1a: Miraidon|spa|2\n|\n|upkeep\n|turn|34\n|c|\u2606GodKmi|gg\n|-message|GodKmi forfeited.\n|\n|win|Kyekep\n|raw|Kyekep's rating: 1334 &rarr; <strong>1349<\/strong><br \/>(+15 for winning)\n|raw|GodKmi's rating: 1237 &rarr; <strong>1219<\/strong><br \/>(-18 for losing)\n","uploadtime":1698488146,"views":20,"p1id":"kyekep","p2id":"godkmi","formatid":"gen9ubers","rating":1219,"private":0,"password":""}