{"id":"gen9ubers-1984050205","p1":"PoopMan3210","p2":"hatev2","format":"[Gen 9] Ubers","log":"|j|\u2606PoopMan3210\n|j|\u2606hatev2\n|t:|1699213543\n|gametype|singles\n|player|p1|PoopMan3210|102|\n|player|p2|hatev2|hiker-gen4|\n|teamsize|p1|6\n|teamsize|p2|6\n|gen|9\n|tier|[Gen 9] Ubers\n|rule|Sleep Clause Mod: Limit one foe put to sleep\n|rule|Species Clause: Limit one of each Pok\u00e9mon\n|rule|OHKO Clause: OHKO moves are banned\n|rule|Evasion Items Clause: Evasion items are banned\n|rule|Evasion Moves Clause: Evasion moves are banned\n|rule|Endless Battle Clause: Forcing endless battles is banned\n|rule|HP Percentage Mod: HP is shown in percentages\n|clearpoke\n|poke|p1|Clodsire, M|\n|poke|p1|Iron Bundle|\n|poke|p1|Dragonite, F|\n|poke|p1|Ceruledge, F|\n|poke|p1|Clefable, M|\n|poke|p1|Maushold-Four|\n|poke|p2|Torkoal, M|\n|poke|p2|Walking Wake|\n|poke|p2|Cresselia, F|\n|poke|p2|Lilligant-Hisui, F|\n|poke|p2|Slither Wing|\n|poke|p2|Iron Treads|\n|teampreview\n|\n|t:|1699213567\n|start\n|switch|p1a: Ceruledge|Ceruledge, F|100\/100\n|switch|p2a: Slither Wing|Slither Wing|100\/100\n|turn|1\n|\n|t:|1699213578\n|-end|p2a: Slither Wing|Protosynthesis|[silent]\n|switch|p2a: Torkoal|Torkoal, M|100\/100\n|-weather|SunnyDay|[from] ability: Drought|[of] p2a: Torkoal\n|move|p1a: Ceruledge|Substitute|p1a: Ceruledge\n|-start|p1a: Ceruledge|Substitute\n|-damage|p1a: Ceruledge|76\/100\n|\n|-weather|SunnyDay|[upkeep]\n|upkeep\n|turn|2\n|\n|t:|1699213584\n|move|p1a: Ceruledge|Bulk Up|p1a: Ceruledge\n|-boost|p1a: Ceruledge|atk|1\n|-boost|p1a: Ceruledge|def|1\n|move|p2a: Torkoal|Earth Power|p1a: Ceruledge\n|-supereffective|p1a: Ceruledge\n|-end|p1a: Ceruledge|Substitute\n|\n|-weather|SunnyDay|[upkeep]\n|upkeep\n|turn|3\n|\n|t:|1699213605\n|move|p1a: Ceruledge|Poltergeist|p2a: Torkoal\n|-activate|p2a: Torkoal|move: Poltergeist|Heat Rock\n|-damage|p2a: Torkoal|58\/100\n|move|p2a: Torkoal|Earth Power|p1a: Ceruledge\n|-supereffective|p1a: Ceruledge\n|-damage|p1a: Ceruledge|37\/100\n|\n|-weather|SunnyDay|[upkeep]\n|upkeep\n|turn|4\n|\n|t:|1699213691\n|move|p1a: Ceruledge|Bitter Blade|p2a: Torkoal\n|-resisted|p2a: Torkoal\n|-damage|p2a: Torkoal|30\/100\n|-heal|p1a: Ceruledge|52\/100|[from] drain|[of] p2a: Torkoal\n|move|p2a: Torkoal|Will-O-Wisp|p1a: Ceruledge\n|-start|p1a: Ceruledge|ability: Flash Fire\n|\n|-weather|SunnyDay|[upkeep]\n|upkeep\n|turn|5\n|\n|t:|1699213708\n|switch|p2a: Walking Wake|Walking Wake|100\/100\n|-activate|p2a: Walking Wake|ability: Protosynthesis\n|-start|p2a: Walking Wake|protosynthesisspe\n|move|p1a: Ceruledge|Bitter Blade|p2a: Walking Wake\n|-resisted|p2a: Walking Wake\n|-damage|p2a: Walking Wake|65\/100\n|-heal|p1a: Ceruledge|72\/100|[from] drain|[of] p2a: Walking Wake\n|\n|-weather|SunnyDay|[upkeep]\n|upkeep\n|turn|6\n|\n|t:|1699213723\n|-end|p1a: Ceruledge|ability: Flash Fire|[silent]\n|switch|p1a: Clodsire|Clodsire, M|100\/100\n|move|p2a: Walking Wake|Draco Meteor|p1a: Clodsire\n|-damage|p1a: Clodsire|43\/100\n|-unboost|p2a: Walking Wake|spa|2\n|\n|-weather|SunnyDay|[upkeep]\n|-heal|p1a: Clodsire|49\/100|[from] item: Leftovers\n|upkeep\n|turn|7\n|\n|t:|1699213732\n|-end|p2a: Walking Wake|Protosynthesis|[silent]\n|switch|p2a: Cresselia|Cresselia, F|100\/100\n|move|p1a: Clodsire|Recover|p1a: Clodsire\n|-heal|p1a: Clodsire|99\/100\n|\n|-weather|SunnyDay|[upkeep]\n|-heal|p1a: Clodsire|100\/100|[from] item: Leftovers\n|upkeep\n|turn|8\n|\n|t:|1699213744\n|switch|p1a: Clefable|Clefable, M|100\/100\n|move|p2a: Cresselia|Safeguard|p2a: Cresselia\n|-sidestart|p2: hatev2|Safeguard\n|\n|-weather|none\n|upkeep\n|turn|9\n|\n|t:|1699213760\n|switch|p2a: Iron Treads|Iron Treads|100\/100\n|-item|p2a: Iron Treads|Air Balloon\n|move|p1a: Clefable|Knock Off|p2a: Iron Treads\n|-damage|p2a: Iron Treads|90\/100\n|-enditem|p2a: Iron Treads|Air Balloon\n|\n|upkeep\n|turn|10\n|\n|t:|1699213770\n|move|p1a: Clefable|Protect|p1a: Clefable\n|-singleturn|p1a: Clefable|Protect\n|move|p2a: Iron Treads|Volt Switch|p1a: Clefable\n|-activate|p1a: Clefable|move: Protect\n|\n|upkeep\n|turn|11\n|\n|t:|1699213781\n|move|p2a: Iron Treads|Heavy Slam|p1a: Clefable\n|-supereffective|p1a: Clefable\n|-damage|p1a: Clefable|0 fnt\n|faint|p1a: Clefable\n|\n|upkeep\n|\n|t:|1699213811\n|switch|p1a: Iron Bundle|Iron Bundle|100\/100\n|turn|12\n|\n|t:|1699213817\n|-end|p2a: Iron Treads|Quark Drive|[silent]\n|switch|p2a: Cresselia|Cresselia, F|100\/100\n|move|p1a: Iron Bundle|Hydro Pump|p2a: Cresselia|[miss]\n|-miss|p1a: Iron Bundle|p2a: Cresselia\n|\n|-sideend|p2: hatev2|Safeguard\n|upkeep\n|turn|13\n|\n|t:|1699213820\n|move|p1a: Iron Bundle|Flip Turn|p2a: Cresselia\n|-damage|p2a: Cresselia|87\/100\n|-damage|p1a: Iron Bundle|91\/100|[from] item: Life Orb\n|\n|t:|1699213826\n|-end|p1a: Iron Bundle|Quark Drive|[silent]\n|switch|p1a: Ceruledge|Ceruledge, F|72\/100|[from] Flip Turn\n|move|p2a: Cresselia|Thunder Wave|p1a: Ceruledge\n|-status|p1a: Ceruledge|par\n|\n|-heal|p2a: Cresselia|93\/100|[from] item: Leftovers\n|upkeep\n|turn|14\n|\n|t:|1699213839\n|switch|p2a: Iron Treads|Iron Treads|90\/100\n|move|p1a: Ceruledge|Poltergeist||[still]\n|-fail|p1a: Ceruledge\n|\n|upkeep\n|turn|15\n|\n|t:|1699213847\n|switch|p1a: Dragonite|Dragonite, F|100\/100\n|move|p2a: Iron Treads|Volt Switch|p1a: Dragonite\n|-damage|p1a: Dragonite|95\/100\n|\n|t:|1699213855\n|-end|p2a: Iron Treads|Quark Drive|[silent]\n|switch|p2a: Cresselia|Cresselia, F|93\/100|[from] Volt Switch\n|\n|-heal|p2a: Cresselia|99\/100|[from] item: Leftovers\n|upkeep\n|turn|16\n|\n|t:|1699213862\n|switch|p1a: Ceruledge|Ceruledge, F|72\/100 par\n|move|p2a: Cresselia|Thunder Wave|p1a: Ceruledge\n|-fail|p1a: Ceruledge|par\n|\n|-heal|p2a: Cresselia|100\/100|[from] item: Leftovers\n|upkeep\n|turn|17\n|j| curtisthecacnea\n|\n|t:|1699213884\n|switch|p2a: Torkoal|Torkoal, M|30\/100\n|-weather|SunnyDay|[from] ability: Drought|[of] p2a: Torkoal\n|cant|p1a: Ceruledge|par\n|\n|-weather|SunnyDay|[upkeep]\n|upkeep\n|turn|18\n|\n|t:|1699213942\n|switch|p2a: Cresselia|Cresselia, F|100\/100\n|move|p1a: Ceruledge|Bitter Blade|p2a: Cresselia\n|-damage|p2a: Cresselia|57\/100\n|-heal|p1a: Ceruledge|100\/100 par|[from] drain|[of] p2a: Cresselia\n|\n|-weather|SunnyDay|[upkeep]\n|-heal|p2a: Cresselia|63\/100|[from] item: Leftovers\n|upkeep\n|turn|19\n|\n|t:|1699213950\n|move|p2a: Cresselia|Moonlight|p2a: Cresselia\n|-heal|p2a: Cresselia|100\/100\n|move|p1a: Ceruledge|Poltergeist|p2a: Cresselia\n|-activate|p2a: Cresselia|move: Poltergeist|Leftovers\n|-supereffective|p2a: Cresselia\n|-damage|p2a: Cresselia|32\/100\n|\n|-weather|SunnyDay|[upkeep]\n|-heal|p2a: Cresselia|38\/100|[from] item: Leftovers\n|upkeep\n|turn|20\n|\n|t:|1699213953\n|move|p2a: Cresselia|Moonlight|p2a: Cresselia\n|-heal|p2a: Cresselia|100\/100\n|move|p1a: Ceruledge|Poltergeist|p2a: Cresselia\n|-activate|p2a: Cresselia|move: Poltergeist|Leftovers\n|-supereffective|p2a: Cresselia\n|-damage|p2a: Cresselia|30\/100\n|\n|-weather|SunnyDay|[upkeep]\n|-heal|p2a: Cresselia|36\/100|[from] item: Leftovers\n|upkeep\n|turn|21\n|\n|t:|1699213957\n|move|p2a: Cresselia|Moonlight|p2a: Cresselia\n|-heal|p2a: Cresselia|100\/100\n|move|p1a: Ceruledge|Bulk Up|p1a: Ceruledge\n|-boost|p1a: Ceruledge|atk|1\n|-boost|p1a: Ceruledge|def|1\n|\n|-weather|SunnyDay|[upkeep]\n|upkeep\n|turn|22\n|\n|t:|1699213972\n|switch|p2a: Iron Treads|Iron Treads|90\/100\n|move|p1a: Ceruledge|Substitute|p1a: Ceruledge\n|-start|p1a: Ceruledge|Substitute\n|-damage|p1a: Ceruledge|76\/100 par\n|\n|-weather|SunnyDay|[upkeep]\n|upkeep\n|turn|23\n|\n|t:|1699214030\n|move|p2a: Iron Treads|Earthquake|p1a: Ceruledge\n|-supereffective|p1a: Ceruledge\n|-end|p1a: Ceruledge|Substitute\n|move|p1a: Ceruledge|Bitter Blade|p2a: Iron Treads\n|-supereffective|p2a: Iron Treads\n|-damage|p2a: Iron Treads|0 fnt\n|-heal|p1a: Ceruledge|100\/100 par|[from] drain|[of] p2a: Iron Treads\n|faint|p2a: Iron Treads\n|-end|p2a: Iron Treads|Quark Drive|[silent]\n|\n|-weather|SunnyDay|[upkeep]\n|upkeep\n|\n|t:|1699214036\n|switch|p2a: Walking Wake|Walking Wake|65\/100\n|-activate|p2a: Walking Wake|ability: Protosynthesis\n|-start|p2a: Walking Wake|protosynthesisspe\n|turn|24\n|\n|t:|1699214041\n|switch|p1a: Clodsire|Clodsire, M|100\/100\n|move|p2a: Walking Wake|Draco Meteor|p1a: Clodsire\n|-damage|p1a: Clodsire|46\/100\n|-unboost|p2a: Walking Wake|spa|2\n|\n|-weather|none\n|-end|p2a: Walking Wake|Protosynthesis\n|-heal|p1a: Clodsire|52\/100|[from] item: Leftovers\n|upkeep\n|turn|25\n|\n|t:|1699214177\n|-end|p2a: Walking Wake|Protosynthesis|[silent]\n|switch|p2a: Slither Wing|Slither Wing|100\/100\n|move|p1a: Clodsire|Recover|p1a: Clodsire\n|-heal|p1a: Clodsire|100\/100\n|\n|upkeep\n|turn|26\n|\n|t:|1699214203\n|switch|p1a: Dragonite|Dragonite, F|95\/100\n|move|p2a: Slither Wing|U-turn|p1a: Dragonite\n|-resisted|p1a: Dragonite\n|-damage|p1a: Dragonite|63\/100\n|\n|t:|1699214290\n|-end|p2a: Slither Wing|Protosynthesis|[silent]\n|switch|p2a: Cresselia|Cresselia, F|100\/100|[from] U-turn\n|\n|upkeep\n|turn|27\n|\n|t:|1699214296\n|move|p1a: Dragonite|Roost|p1a: Dragonite\n|-heal|p1a: Dragonite|100\/100\n|-singleturn|p1a: Dragonite|move: Roost\n|move|p2a: Cresselia|Ice Beam|p1a: Dragonite\n|-supereffective|p1a: Dragonite\n|-damage|p1a: Dragonite|85\/100\n|\n|upkeep\n|turn|28\n|\n|t:|1699214321\n|switch|p1a: Ceruledge|Ceruledge, F|100\/100 par\n|move|p2a: Cresselia|Thunder Wave|p1a: Ceruledge\n|-fail|p1a: Ceruledge|par\n|\n|upkeep\n|turn|29\n|\n|t:|1699214376\n|switch|p2a: Walking Wake|Walking Wake|65\/100\n|move|p1a: Ceruledge|Substitute|p1a: Ceruledge\n|-start|p1a: Ceruledge|Substitute\n|-damage|p1a: Ceruledge|76\/100 par\n|\n|upkeep\n|turn|30\n|\n|t:|1699214380\n|move|p2a: Walking Wake|Hydro Steam|p1a: Ceruledge\n|-supereffective|p1a: Ceruledge\n|-end|p1a: Ceruledge|Substitute\n|move|p1a: Ceruledge|Poltergeist|p2a: Walking Wake|[miss]\n|-miss|p1a: Ceruledge|p2a: Walking Wake\n|\n|upkeep\n|turn|31\n|\n|t:|1699214390\n|switch|p1a: Clodsire|Clodsire, M|100\/100\n|move|p2a: Walking Wake|Hydro Steam|p1a: Clodsire\n|-immune|p1a: Clodsire|[from] ability: Water Absorb\n|\n|upkeep\n|turn|32\n|\n|t:|1699214398\n|-end|p2a: Walking Wake|Protosynthesis|[silent]\n|switch|p2a: Cresselia|Cresselia, F|100\/100\n|move|p1a: Clodsire|Toxic|p2a: Cresselia\n|-status|p2a: Cresselia|tox\n|\n|-damage|p2a: Cresselia|94\/100 tox|[from] psn\n|upkeep\n|turn|33\n|\n|t:|1699214437\n|switch|p2a: Slither Wing|Slither Wing|100\/100\n|move|p1a: Clodsire|Stealth Rock|p2a: Slither Wing\n|-sidestart|p2: hatev2|move: Stealth Rock\n|\n|upkeep\n|turn|34\n|\n|t:|1699214480\n|switch|p1a: Dragonite|Dragonite, F|85\/100\n|move|p2a: Slither Wing|U-turn|p1a: Dragonite\n|-resisted|p1a: Dragonite\n|-damage|p1a: Dragonite|53\/100\n|\n|t:|1699214493\n|-end|p2a: Slither Wing|Protosynthesis|[silent]\n|switch|p2a: Walking Wake|Walking Wake|65\/100|[from] U-turn\n|-damage|p2a: Walking Wake|52\/100|[from] Stealth Rock\n|\n|upkeep\n|turn|35\n|\n|t:|1699214497\n|switch|p1a: Clodsire|Clodsire, M|100\/100\n|move|p2a: Walking Wake|Draco Meteor|p1a: Clodsire\n|-damage|p1a: Clodsire|44\/100\n|-unboost|p2a: Walking Wake|spa|2\n|\n|-heal|p1a: Clodsire|50\/100|[from] item: Leftovers\n|upkeep\n|turn|36\n|\n|t:|1699214502\n|-end|p2a: Walking Wake|Protosynthesis|[silent]\n|switch|p2a: Cresselia|Cresselia, F|94\/100 tox\n|-damage|p2a: Cresselia|82\/100 tox|[from] Stealth Rock\n|move|p1a: Clodsire|Recover|p1a: Clodsire\n|-heal|p1a: Clodsire|99\/100\n|\n|-heal|p2a: Cresselia|88\/100 tox|[from] item: Leftovers\n|-heal|p1a: Clodsire|100\/100|[from] item: Leftovers\n|-damage|p2a: Cresselia|82\/100 tox|[from] psn\n|upkeep\n|turn|37\n|\n|t:|1699214600\n|switch|p2a: Torkoal|Torkoal, M|30\/100\n|-damage|p2a: Torkoal|5\/100|[from] Stealth Rock\n|-weather|SunnyDay|[from] ability: Drought|[of] p2a: Torkoal\n|switch|p1a: Maushold|Maushold-Four|100\/100\n|\n|-weather|SunnyDay|[upkeep]\n|upkeep\n|turn|38\n|\n|t:|1699214614\n|move|p1a: Maushold|Population Bomb|p2a: Torkoal\n|-damage|p2a: Torkoal|0 fnt\n|faint|p2a: Torkoal\n|-hitcount|p2: Torkoal|1\n|\n|-weather|SunnyDay|[upkeep]\n|upkeep\n|\n|t:|1699214748\n|switch|p2a: Slither Wing|Slither Wing|100\/100\n|-damage|p2a: Slither Wing|88\/100|[from] Stealth Rock\n|-activate|p2a: Slither Wing|ability: Protosynthesis\n|-start|p2a: Slither Wing|protosynthesisatk\n|turn|39\n|j| Siffs\n|\n|t:|1699214788\n|-terastallize|p1a: Maushold|Ghost\n|move|p1a: Maushold|Aerial Ace|p2a: Slither Wing\n|-supereffective|p2a: Slither Wing\n|-damage|p2a: Slither Wing|0 fnt\n|faint|p2a: Slither Wing\n|-end|p2a: Slither Wing|Protosynthesis|[silent]\n|\n|-weather|SunnyDay|[upkeep]\n|upkeep\n|\n|t:|1699214801\n|switch|p2a: Walking Wake|Walking Wake|52\/100\n|-damage|p2a: Walking Wake|40\/100|[from] Stealth Rock\n|-activate|p2a: Walking Wake|ability: Protosynthesis\n|-start|p2a: Walking Wake|protosynthesisspe\n|turn|40\n|\n|t:|1699214811\n|switch|p1a: Clodsire|Clodsire, M|100\/100\n|move|p2a: Walking Wake|Draco Meteor|p1a: Clodsire\n|-damage|p1a: Clodsire|45\/100\n|-unboost|p2a: Walking Wake|spa|2\n|\n|-weather|SunnyDay|[upkeep]\n|-heal|p1a: Clodsire|52\/100|[from] item: Leftovers\n|upkeep\n|turn|41\n|\n|t:|1699214814\n|-end|p2a: Walking Wake|Protosynthesis|[silent]\n|switch|p2a: Lilligant|Lilligant-Hisui, F|100\/100\n|-damage|p2a: Lilligant|94\/100|[from] Stealth Rock\n|move|p1a: Clodsire|Recover|p1a: Clodsire\n|-heal|p1a: Clodsire|100\/100\n|\n|-weather|SunnyDay|[upkeep]\n|upkeep\n|turn|42\n|\n|t:|1699214849\n|move|p2a: Lilligant|Ice Spinner|p1a: Clodsire\n|-supereffective|p1a: Clodsire\n|-damage|p1a: Clodsire|27\/100\n|move|p1a: Clodsire|Toxic|p2a: Lilligant\n|-status|p2a: Lilligant|tox\n|\n|-weather|SunnyDay|[upkeep]\n|-heal|p1a: Clodsire|33\/100|[from] item: Leftovers\n|-damage|p2a: Lilligant|88\/100 tox|[from] psn\n|upkeep\n|turn|43\n|\n|t:|1699214857\n|switch|p1a: Ceruledge|Ceruledge, F|76\/100 par\n|move|p2a: Lilligant|Ice Spinner|p1a: Ceruledge\n|-resisted|p1a: Ceruledge\n|-damage|p1a: Ceruledge|58\/100 par\n|\n|-weather|SunnyDay|[upkeep]\n|-damage|p2a: Lilligant|76\/100 tox|[from] psn\n|upkeep\n|turn|44\n|\n|t:|1699214880\n|move|p2a: Lilligant|Leaf Blade|p1a: Ceruledge\n|-resisted|p1a: Ceruledge\n|-damage|p1a: Ceruledge|29\/100 par\n|move|p1a: Ceruledge|Bitter Blade|p2a: Lilligant\n|-supereffective|p2a: Lilligant\n|-damage|p2a: Lilligant|0 fnt\n|-heal|p1a: Ceruledge|63\/100 par|[from] drain|[of] p2a: Lilligant\n|faint|p2a: Lilligant\n|\n|-weather|none\n|upkeep\n|\n|t:|1699214885\n|switch|p2a: Walking Wake|Walking Wake|40\/100\n|-damage|p2a: Walking Wake|28\/100|[from] Stealth Rock\n|turn|45\n|\n|t:|1699214896\n|move|p2a: Walking Wake|Draco Meteor|p1a: Ceruledge|[miss]\n|-miss|p2a: Walking Wake|p1a: Ceruledge\n|cant|p1a: Ceruledge|par\n|\n|upkeep\n|turn|46\n|\n|t:|1699214899\n|move|p2a: Walking Wake|Draco Meteor|p1a: Ceruledge\n|-damage|p1a: Ceruledge|0 fnt\n|-unboost|p2a: Walking Wake|spa|2\n|faint|p1a: Ceruledge\n|\n|upkeep\n|\n|t:|1699214905\n|switch|p1a: Iron Bundle|Iron Bundle|91\/100\n|turn|47\n|c|\u2606hatev2|good turn\n|\n|t:|1699214910\n|-end|p2a: Walking Wake|Protosynthesis|[silent]\n|switch|p2a: Cresselia|Cresselia, F|82\/100 tox\n|-damage|p2a: Cresselia|70\/100 tox|[from] Stealth Rock\n|move|p1a: Iron Bundle|Freeze-Dry|p2a: Cresselia\n|-damage|p2a: Cresselia|47\/100 tox\n|-damage|p1a: Iron Bundle|81\/100|[from] item: Life Orb\n|\n|-heal|p2a: Cresselia|53\/100 tox|[from] item: Leftovers\n|-damage|p2a: Cresselia|47\/100 tox|[from] psn\n|upkeep\n|turn|48\n|c|\u2606PoopMan3210|lol\n|\n|t:|1699214915\n|move|p1a: Iron Bundle|Hydro Pump|p2a: Cresselia\n|-damage|p2a: Cresselia|13\/100 tox\n|-damage|p1a: Iron Bundle|71\/100|[from] item: Life Orb\n|move|p2a: Cresselia|Thunder Wave|p1a: Iron Bundle\n|-status|p1a: Iron Bundle|par\n|\n|-heal|p2a: Cresselia|19\/100 tox|[from] item: Leftovers\n|-damage|p2a: Cresselia|7\/100 tox|[from] psn\n|upkeep\n|turn|49\n|\n|t:|1699214934\n|move|p2a: Cresselia|Moonlight|p2a: Cresselia\n|-heal|p2a: Cresselia|57\/100 tox\n|move|p1a: Iron Bundle|Flip Turn|p2a: Cresselia\n|-crit|p2a: Cresselia\n|-damage|p2a: Cresselia|34\/100 tox\n|-damage|p1a: Iron Bundle|61\/100 par|[from] item: Life Orb\n|\n|t:|1699214937\n|-end|p1a: Iron Bundle|Quark Drive|[silent]\n|switch|p1a: Maushold|Maushold-Four, tera:Ghost|100\/100|[from] Flip Turn\n|\n|-heal|p2a: Cresselia|40\/100 tox|[from] item: Leftovers\n|-damage|p2a: Cresselia|22\/100 tox|[from] psn\n|upkeep\n|turn|50\n|\n|t:|1699214944\n|move|p1a: Maushold|Bite|p2a: Cresselia\n|-supereffective|p2a: Cresselia\n|-damage|p2a: Cresselia|0 fnt\n|faint|p2a: Cresselia\n|\n|upkeep\n|\n|t:|1699214946\n|switch|p2a: Walking Wake|Walking Wake|28\/100\n|-damage|p2a: Walking Wake|15\/100|[from] Stealth Rock\n|turn|51\n|\n|t:|1699214950\n|move|p1a: Maushold|Bite|p2a: Walking Wake\n|-damage|p2a: Walking Wake|0 fnt\n|faint|p2a: Walking Wake\n|-end|p2a: Walking Wake|Protosynthesis|[silent]\n|\n|win|PoopMan3210\n|c|\u2606hatev2|gg\n|c|\u2606PoopMan3210|Ggwp\n|l| curtisthecacnea\n|c|\u2606hatev2|sun sucks ass LOL\n","uploadtime":1699214962,"views":38,"p1id":"poopman3210","p2id":"hatev2","formatid":"gen9ubers","rating":0,"private":0,"password":""}