{"id":"gen9ubers-1973802977","p1":"GlitchmonRBY","p2":"Anne Frankkkk","format":"[Gen 9] Ubers","log":"|j|\u2606GlitchmonRBY\n|j|\u2606Anne Frankkkk\n|t:|1698015097\n|gametype|singles\n|player|p1|GlitchmonRBY|unknown|1071\n|player|p2|Anne Frankkkk|hilbert|1066\n|teamsize|p1|6\n|teamsize|p2|6\n|gen|9\n|tier|[Gen 9] Ubers\n|rated|\n|rule|Sleep Clause Mod: Limit one foe put to sleep\n|rule|Species Clause: Limit one of each Pok\u00e9mon\n|rule|OHKO Clause: OHKO moves are banned\n|rule|Evasion Items Clause: Evasion items are banned\n|rule|Evasion Moves Clause: Evasion moves are banned\n|rule|Endless Battle Clause: Forcing endless battles is banned\n|rule|HP Percentage Mod: HP is shown in percentages\n|clearpoke\n|poke|p1|Weezing-Galar, M|\n|poke|p1|Tinkaton, F|\n|poke|p1|Iron Valiant|\n|poke|p1|Clodsire, F|\n|poke|p1|Kommo-o, F|\n|poke|p1|Golem-Alola, M|\n|poke|p2|Iron Hands|\n|poke|p2|Kyogre|\n|poke|p2|Chien-Pao|\n|poke|p2|Ribombee, F|\n|poke|p2|Miraidon|\n|poke|p2|Iron Moth|\n|teampreview\n|inactive|Battle timer is ON: inactive players will automatically lose when time's up. (requested by Anne Frankkkk)\n|c|\u2606GlitchmonRBY|gl\n|c|\u2606GlitchmonRBY|nice name-\n|\n|t:|1698015118\n|start\n|switch|p1a: Weezing|Weezing-Galar, M|100\/100\n|switch|p2a: Ribombee|Ribombee, F, shiny|100\/100\n|-ability|p1a: Weezing|Neutralizing Gas\n|turn|1\n|\n|t:|1698015128\n|switch|p2a: Iron Hands|Iron Hands, shiny|100\/100\n|move|p1a: Weezing|Toxic|p2a: Iron Hands\n|-status|p2a: Iron Hands|tox\n|\n|-damage|p2a: Iron Hands|94\/100 tox|[from] psn\n|upkeep\n|turn|2\n|\n|t:|1698015134\n|move|p1a: Weezing|Dazzling Gleam|p2a: Iron Hands\n|-supereffective|p2a: Iron Hands\n|-damage|p2a: Iron Hands|64\/100 tox\n|move|p2a: Iron Hands|Heavy Slam|p1a: Weezing\n|-supereffective|p1a: Weezing\n|-damage|p1a: Weezing|41\/100\n|\n|-heal|p1a: Weezing|47\/100|[from] item: Leftovers\n|-damage|p2a: Iron Hands|52\/100 tox|[from] psn\n|upkeep\n|turn|3\n|\n|t:|1698015142\n|move|p1a: Weezing|Destiny Bond|p1a: Weezing\n|-singlemove|p1a: Weezing|Destiny Bond\n|move|p2a: Iron Hands|Heavy Slam|p1a: Weezing\n|-supereffective|p1a: Weezing\n|-damage|p1a: Weezing|0 fnt\n|faint|p1a: Weezing\n|-activate|p1a: Weezing|move: Destiny Bond\n|-end|p1a: Weezing|ability: Neutralizing Gas\n|faint|p2a: Iron Hands\n|-end|p2a: Iron Hands|Quark Drive|[silent]\n|\n|upkeep\n|\n|t:|1698015148\n|switch|p1a: Clodsire|Clodsire, F|100\/100\n|switch|p2a: Ribombee|Ribombee, F, shiny|100\/100\n|turn|4\n|\n|t:|1698015153\n|move|p2a: Ribombee|Sticky Web|p1a: Clodsire\n|-sidestart|p1: GlitchmonRBY|move: Sticky Web\n|move|p1a: Clodsire|Earthquake|p2a: Ribombee\n|-resisted|p2a: Ribombee\n|-damage|p2a: Ribombee|75\/100\n|\n|upkeep\n|turn|5\n|\n|t:|1698015160\n|move|p2a: Ribombee|Energy Ball|p1a: Clodsire\n|-damage|p1a: Clodsire|86\/100\n|move|p1a: Clodsire|Curse|p1a: Clodsire\n|-unboost|p1a: Clodsire|spe|1\n|-boost|p1a: Clodsire|atk|1\n|-boost|p1a: Clodsire|def|1\n|\n|upkeep\n|turn|6\n|\n|t:|1698015172\n|switch|p2a: Chien-Pao|Chien-Pao|100\/100\n|-ability|p2a: Chien-Pao|Sword of Ruin\n|move|p1a: Clodsire|Gunk Shot|p2a: Chien-Pao\n|-damage|p2a: Chien-Pao|33\/100\n|-heal|p1a: Clodsire|91\/100|[from] item: Shell Bell|[of] p2a: Chien-Pao\n|\n|upkeep\n|turn|7\n|\n|t:|1698015180\n|move|p2a: Chien-Pao|Icicle Crash|p1a: Clodsire\n|-supereffective|p1a: Clodsire\n|-damage|p1a: Clodsire|0 fnt\n|faint|p1a: Clodsire\n|-damage|p2a: Chien-Pao|23\/100|[from] item: Life Orb\n|\n|upkeep\n|\n|t:|1698015184\n|switch|p1a: Golem|Golem-Alola, M|100\/100\n|-activate|p1a: Golem|move: Sticky Web\n|-unboost|p1a: Golem|spe|1\n|turn|8\n|\n|t:|1698015189\n|move|p2a: Chien-Pao|Icicle Crash|p1a: Golem|[miss]\n|-miss|p2a: Chien-Pao|p1a: Golem\n|move|p1a: Golem|Fire Blast|p2a: Chien-Pao|[miss]\n|-miss|p1a: Golem|p2a: Chien-Pao\n|\n|upkeep\n|turn|9\n|\n|t:|1698015193\n|move|p2a: Chien-Pao|Icicle Crash|p1a: Golem\n|-damage|p1a: Golem|43\/100\n|-damage|p2a: Chien-Pao|13\/100|[from] item: Life Orb\n|move|p1a: Golem|Fire Blast|p2a: Chien-Pao\n|-supereffective|p2a: Chien-Pao\n|-damage|p2a: Chien-Pao|0 fnt\n|faint|p2a: Chien-Pao\n|-damage|p1a: Golem|33\/100|[from] item: Life Orb\n|\n|upkeep\n|\n|t:|1698015201\n|switch|p2a: Kyogre|Kyogre|100\/100\n|-weather|RainDance|[from] ability: Drizzle|[of] p2a: Kyogre\n|turn|10\n|\n|t:|1698015215\n|-terastallize|p2a: Kyogre|Water\n|move|p2a: Kyogre|Water Spout|p1a: Golem\n|-supereffective|p1a: Golem\n|-crit|p1a: Golem\n|-damage|p1a: Golem|0 fnt\n|faint|p1a: Golem\n|\n|-weather|RainDance|[upkeep]\n|upkeep\n|\n|t:|1698015220\n|switch|p1a: Tinkaton|Tinkaton, F|100\/100\n|-activate|p1a: Tinkaton|move: Sticky Web\n|-unboost|p1a: Tinkaton|spe|1\n|-ability|p1a: Tinkaton|Mold Breaker\n|turn|11\n|\n|t:|1698015227\n|move|p2a: Kyogre|Water Spout|p1a: Tinkaton\n|-damage|p1a: Tinkaton|0 fnt\n|faint|p1a: Tinkaton\n|\n|-weather|RainDance|[upkeep]\n|upkeep\n|\n|t:|1698015230\n|switch|p1a: Iron Valiant|Iron Valiant|100\/100\n|-activate|p1a: Iron Valiant|move: Sticky Web\n|-unboost|p1a: Iron Valiant|spe|1\n|-enditem|p1a: Iron Valiant|Booster Energy\n|-activate|p1a: Iron Valiant|ability: Quark Drive|[fromitem]\n|-start|p1a: Iron Valiant|quarkdrivespa\n|turn|12\n|\n|t:|1698015235\n|move|p2a: Kyogre|Water Spout|p1a: Iron Valiant\n|-damage|p1a: Iron Valiant|0 fnt\n|faint|p1a: Iron Valiant\n|-end|p1a: Iron Valiant|Quark Drive|[silent]\n|\n|-weather|RainDance|[upkeep]\n|upkeep\n|\n|t:|1698015239\n|switch|p1a: Kommo-o|Kommo-o, F|100\/100\n|turn|13\n|\n|t:|1698015241\n|move|p2a: Kyogre|Water Spout|p1a: Kommo-o\n|-resisted|p1a: Kommo-o\n|-damage|p1a: Kommo-o|0 fnt\n|faint|p1a: Kommo-o\n|\n|win|Anne Frankkkk\n|raw|GlitchmonRBY's rating: 1071 &rarr; <strong>1050<\/strong><br \/>(-21 for losing)\n|raw|Anne Frankkkk's rating: 1066 &rarr; <strong>1097<\/strong><br \/>(+31 for winning)\n|l|\u2606GlitchmonRBY\n","uploadtime":1698015248,"views":7,"p1id":"glitchmonrby","p2id":"annefrankkkk","formatid":"gen9ubers","rating":1050,"private":0,"password":""}