{"id":"gen9ubers-1993898396","p1":"hhuuvv","p2":"Cyclistsiggy","format":"[Gen 9] Ubers","log":"|j|\u2606hhuuvv\n|j|\u2606Cyclistsiggy\n|t:|1700372000\n|gametype|singles\n|player|p1|hhuuvv|101|\n|player|p2|Cyclistsiggy|cyclist-gen4|\n|teamsize|p1|6\n|teamsize|p2|6\n|gen|9\n|tier|[Gen 9] Ubers\n|rule|Sleep Clause Mod: Limit one foe put to sleep\n|rule|Species Clause: Limit one of each Pok\u00e9mon\n|rule|OHKO Clause: OHKO moves are banned\n|rule|Evasion Items Clause: Evasion items are banned\n|rule|Evasion Moves Clause: Evasion moves are banned\n|rule|Endless Battle Clause: Forcing endless battles is banned\n|rule|HP Percentage Mod: HP is shown in percentages\n|clearpoke\n|poke|p1|Walking Wake|\n|poke|p1|Munkidori, M|\n|poke|p1|Leafeon, F|\n|poke|p1|Corviknight, F|\n|poke|p1|Torkoal, M|\n|poke|p1|Ursaluna, M|\n|poke|p2|Glimmora, M|\n|poke|p2|Annihilape, F|\n|poke|p2|Grimmsnarl, M|\n|poke|p2|Espathra, F|\n|poke|p2|Ogerpon-Hearthflame, F|\n|poke|p2|Iron Moth|\n|teampreview\n|inactive|Battle timer is ON: inactive players will automatically lose when time's up. (requested by hhuuvv)\n|inactive|Cyclistsiggy has 270 seconds left.\n|\n|t:|1700372064\n|start\n|switch|p1a: Torkoal|Torkoal, M|100\/100\n|switch|p2a: Grimmsnarl|Grimmsnarl, M|100\/100\n|-weather|SunnyDay|[from] ability: Drought|[of] p1a: Torkoal\n|turn|1\n|inactive|hhuuvv has 270 seconds left.\n|\n|t:|1700372105\n|move|p2a: Grimmsnarl|Light Screen|p2a: Grimmsnarl\n|-sidestart|p2: Cyclistsiggy|move: Light Screen\n|move|p1a: Torkoal|Will-O-Wisp|p2a: Grimmsnarl\n|-status|p2a: Grimmsnarl|brn\n|\n|-weather|SunnyDay|[upkeep]\n|-damage|p2a: Grimmsnarl|94\/100 brn|[from] brn\n|upkeep\n|turn|2\n|\n|t:|1700372123\n|switch|p1a: Ursaluna|Ursaluna, M|100\/100\n|move|p2a: Grimmsnarl|Parting Shot|p1a: Ursaluna\n|-unboost|p1a: Ursaluna|atk|1\n|-unboost|p1a: Ursaluna|spa|1\n|inactive|Cyclistsiggy has 270 seconds left.\n|\n|t:|1700372140\n|switch|p2a: Ogerpon|Ogerpon-Hearthflame, F|100\/100|[from] Parting Shot\n|-ability|p2a: Ogerpon|Mold Breaker\n|\n|-weather|SunnyDay|[upkeep]\n|-status|p1a: Ursaluna|brn|[from] item: Flame Orb\n|upkeep\n|turn|3\n|inactive|hhuuvv has 270 seconds left.\n|inactive|Cyclistsiggy has 270 seconds left.\n|\n|t:|1700372162\n|switch|p1a: Torkoal|Torkoal, M|100\/100\n|move|p2a: Ogerpon|Ivy Cudgel|p1a: Torkoal|[anim] Ivy Cudgel Fire\n|-resisted|p1a: Torkoal\n|-damage|p1a: Torkoal|74\/100\n|\n|-weather|SunnyDay|[upkeep]\n|upkeep\n|turn|4\n|inactive|hhuuvv has 270 seconds left.\n|\n|t:|1700372179\n|move|p2a: Ogerpon|Substitute|p2a: Ogerpon\n|-start|p2a: Ogerpon|Substitute\n|-damage|p2a: Ogerpon|76\/100\n|move|p1a: Torkoal|Body Press|p2a: Ogerpon\n|-end|p2a: Ogerpon|Substitute\n|\n|-weather|SunnyDay|[upkeep]\n|upkeep\n|turn|5\n|\n|t:|1700372196\n|switch|p2a: Glimmora|Glimmora, M|100\/100\n|move|p1a: Torkoal|Stealth Rock|p2a: Glimmora\n|-sidestart|p2: Cyclistsiggy|move: Stealth Rock\n|\n|-weather|SunnyDay|[upkeep]\n|-sideend|p2: Cyclistsiggy|move: Light Screen\n|upkeep\n|turn|6\n|inactive|hhuuvv has 270 seconds left.\n|\n|t:|1700372210\n|switch|p1a: Ursaluna|Ursaluna, M|100\/100 brn\n|move|p2a: Glimmora|Mortal Spin|p1a: Ursaluna\n|-resisted|p1a: Ursaluna\n|-damage|p1a: Ursaluna|98\/100 brn\n|-sideend|p2: Cyclistsiggy|Stealth Rock|[from] move: Mortal Spin|[of] p2a: Glimmora\n|\n|-weather|SunnyDay|[upkeep]\n|-damage|p1a: Ursaluna|92\/100 brn|[from] brn\n|upkeep\n|turn|7\n|inactive|hhuuvv has 270 seconds left.\n|\n|t:|1700372231\n|move|p2a: Glimmora|Spikes|p1a: Ursaluna\n|-sidestart|p1: hhuuvv|Spikes\n|move|p1a: Ursaluna|Headlong Rush|p2a: Glimmora\n|-supereffective|p2a: Glimmora\n|-enditem|p2a: Glimmora|Focus Sash\n|-damage|p2a: Glimmora|1\/100\n|-unboost|p1a: Ursaluna|def|1\n|-unboost|p1a: Ursaluna|spd|1\n|-activate|p2a: Glimmora|ability: Toxic Debris\n|-sidestart|p1: hhuuvv|move: Toxic Spikes\n|\n|-weather|SunnyDay|[upkeep]\n|-damage|p1a: Ursaluna|86\/100 brn|[from] brn\n|upkeep\n|turn|8\n|\n|t:|1700372252\n|switch|p1a: Corviknight|Corviknight, F|100\/100\n|-ability|p1a: Corviknight|Pressure\n|move|p2a: Glimmora|Power Gem|p1a: Corviknight\n|-damage|p1a: Corviknight|60\/100\n|\n|-weather|none\n|-heal|p1a: Corviknight|67\/100|[from] item: Leftovers\n|upkeep\n|turn|9\n|inactive|hhuuvv has 240 seconds left.\n|\n|t:|1700372267\n|move|p2a: Glimmora|Power Gem|p1a: Corviknight\n|-damage|p1a: Corviknight|29\/100\n|move|p1a: Corviknight|Defog|p2a: Glimmora\n|-unboost|p2a: Glimmora|evasion|1\n|-sideend|p1: hhuuvv|Spikes|[from] move: Defog|[of] p1a: Corviknight\n|-sideend|p1: hhuuvv|Toxic Spikes|[from] move: Defog|[of] p1a: Corviknight\n|\n|-heal|p1a: Corviknight|35\/100|[from] item: Leftovers\n|upkeep\n|turn|10\n|inactive|hhuuvv has 240 seconds left.\n|\n|t:|1700372283\n|switch|p1a: Torkoal|Torkoal, M|74\/100\n|-weather|SunnyDay|[from] ability: Drought|[of] p1a: Torkoal\n|move|p2a: Glimmora|Power Gem|p1a: Torkoal\n|-supereffective|p1a: Torkoal\n|-damage|p1a: Torkoal|0 fnt\n|faint|p1a: Torkoal\n|\n|-weather|SunnyDay|[upkeep]\n|upkeep\n|\n|t:|1700372294\n|switch|p1a: Leafeon|Leafeon, F|100\/100\n|turn|11\n|inactive|Cyclistsiggy has 270 seconds left.\n|\n|t:|1700372312\n|move|p1a: Leafeon|Swords Dance|p1a: Leafeon\n|-boost|p1a: Leafeon|atk|2\n|move|p2a: Glimmora|Sludge Bomb|p1a: Leafeon\n|-supereffective|p1a: Leafeon\n|-damage|p1a: Leafeon|0 fnt\n|faint|p1a: Leafeon\n|\n|-weather|SunnyDay|[upkeep]\n|upkeep\n|\n|t:|1700372325\n|switch|p1a: Walking Wake|Walking Wake|100\/100\n|-activate|p1a: Walking Wake|ability: Protosynthesis\n|-start|p1a: Walking Wake|protosynthesisspe\n|turn|12\n|inactive|Cyclistsiggy has 270 seconds left.\n|\n|t:|1700372338\n|move|p1a: Walking Wake|Hydro Steam|p2a: Glimmora\n|-supereffective|p2a: Glimmora\n|-damage|p2a: Glimmora|0 fnt\n|faint|p2a: Glimmora\n|-damage|p1a: Walking Wake|91\/100|[from] item: Life Orb\n|\n|-weather|SunnyDay|[upkeep]\n|upkeep\n|inactive|Cyclistsiggy has 270 seconds left.\n|\n|t:|1700372344\n|switch|p2a: Grimmsnarl|Grimmsnarl, M|94\/100 brn\n|turn|13\n|\n|t:|1700372352\n|-end|p1a: Walking Wake|Protosynthesis|[silent]\n|switch|p1a: Corviknight|Corviknight, F|35\/100\n|-ability|p1a: Corviknight|Pressure\n|move|p2a: Grimmsnarl|Light Screen|p2a: Grimmsnarl\n|-sidestart|p2: Cyclistsiggy|move: Light Screen\n|\n|-weather|SunnyDay|[upkeep]\n|-heal|p1a: Corviknight|41\/100|[from] item: Leftovers\n|-damage|p2a: Grimmsnarl|88\/100 brn|[from] brn\n|upkeep\n|turn|14\n|inactive|Cyclistsiggy has 270 seconds left.\n|\n|t:|1700372369\n|move|p2a: Grimmsnarl|Parting Shot|p1a: Corviknight\n|-unboost|p1a: Corviknight|atk|1\n|-unboost|p1a: Corviknight|spa|1\n|inactive|Cyclistsiggy has 270 seconds left.\n|\n|t:|1700372380\n|switch|p2a: Iron Moth|Iron Moth|100\/100|[from] Parting Shot\n|move|p1a: Corviknight|Roost|p1a: Corviknight\n|-heal|p1a: Corviknight|91\/100\n|-singleturn|p1a: Corviknight|move: Roost\n|\n|-weather|SunnyDay|[upkeep]\n|-heal|p1a: Corviknight|98\/100|[from] item: Leftovers\n|upkeep\n|turn|15\n|inactive|Cyclistsiggy has 270 seconds left.\n|inactive|hhuuvv has 240 seconds left.\n|\n|t:|1700372393\n|switch|p1a: Munkidori|Munkidori, M|100\/100\n|move|p2a: Iron Moth|Fiery Dance|p1a: Munkidori\n|-damage|p1a: Munkidori|0 fnt\n|faint|p1a: Munkidori\n|-damage|p2a: Iron Moth|91\/100|[from] item: Life Orb\n|\n|-weather|SunnyDay|[upkeep]\n|upkeep\n|inactive|hhuuvv has 240 seconds left.\n|\n|t:|1700372402\n|switch|p1a: Walking Wake|Walking Wake|91\/100\n|-activate|p1a: Walking Wake|ability: Protosynthesis\n|-start|p1a: Walking Wake|protosynthesisspe\n|turn|16\n|\n|t:|1700372409\n|-end|p2a: Iron Moth|Quark Drive|[silent]\n|switch|p2a: Grimmsnarl|Grimmsnarl, M|88\/100 brn\n|move|p1a: Walking Wake|Mud Shot|p2a: Grimmsnarl\n|-damage|p2a: Grimmsnarl|79\/100 brn\n|-damage|p1a: Walking Wake|81\/100|[from] item: Life Orb\n|\n|-weather|SunnyDay|[upkeep]\n|-damage|p2a: Grimmsnarl|73\/100 brn|[from] brn\n|upkeep\n|turn|17\n|\n|t:|1700372420\n|-end|p1a: Walking Wake|Protosynthesis|[silent]\n|switch|p1a: Corviknight|Corviknight, F|98\/100\n|-ability|p1a: Corviknight|Pressure\n|move|p2a: Grimmsnarl|Thunder Wave|p1a: Corviknight\n|-status|p1a: Corviknight|par\n|\n|-weather|none\n|-heal|p1a: Corviknight|100\/100 par|[from] item: Leftovers\n|-damage|p2a: Grimmsnarl|67\/100 brn|[from] brn\n|-sideend|p2: Cyclistsiggy|move: Light Screen\n|upkeep\n|turn|18\n|\n|t:|1700372432\n|move|p2a: Grimmsnarl|Parting Shot|p1a: Corviknight\n|-unboost|p1a: Corviknight|atk|1\n|-unboost|p1a: Corviknight|spa|1\n|inactive|Cyclistsiggy has 270 seconds left.\n|\n|t:|1700372455\n|switch|p2a: Annihilape|Annihilape, F|100\/100|[from] Parting Shot\n|move|p1a: Corviknight|Body Press|p2a: Annihilape\n|-immune|p2a: Annihilape\n|\n|upkeep\n|turn|19\n|inactive|Cyclistsiggy has 270 seconds left.\n|\n|t:|1700372469\n|move|p2a: Annihilape|Stealth Rock|p1a: Corviknight\n|-sidestart|p1: hhuuvv|move: Stealth Rock\n|cant|p1a: Corviknight|par\n|\n|upkeep\n|turn|20\n|\n|t:|1700372475\n|move|p2a: Annihilape|Bulk Up|p2a: Annihilape\n|-boost|p2a: Annihilape|atk|1\n|-boost|p2a: Annihilape|def|1\n|cant|p1a: Corviknight|par\n|\n|upkeep\n|turn|21\n|inactive|hhuuvv has 270 seconds left.\n|\n|t:|1700372481\n|switch|p1a: Walking Wake|Walking Wake|81\/100\n|-damage|p1a: Walking Wake|68\/100|[from] Stealth Rock\n|move|p2a: Annihilape|Bulk Up|p2a: Annihilape\n|-boost|p2a: Annihilape|atk|1\n|-boost|p2a: Annihilape|def|1\n|\n|upkeep\n|turn|22\n|\n|t:|1700372490\n|move|p1a: Walking Wake|Draco Meteor|p2a: Annihilape|[miss]\n|-miss|p1a: Walking Wake|p2a: Annihilape\n|move|p2a: Annihilape|Drain Punch|p1a: Walking Wake\n|-damage|p1a: Walking Wake|10\/100\n|\n|upkeep\n|turn|23\n|\n|t:|1700372499\n|move|p1a: Walking Wake|Hydro Steam|p2a: Annihilape\n|-damage|p2a: Annihilape|65\/100\n|-damage|p1a: Walking Wake|0 fnt|[from] item: Life Orb\n|faint|p1a: Walking Wake\n|-end|p1a: Walking Wake|Protosynthesis|[silent]\n|move|p2a: Annihilape|Drain Punch|p1: Walking Wake|[notarget]\n|-fail|p2a: Annihilape\n|\n|upkeep\n|\n|t:|1700372509\n|switch|p1a: Ursaluna|Ursaluna, M|86\/100 brn\n|-damage|p1a: Ursaluna|80\/100 brn|[from] Stealth Rock\n|turn|24\n|\n|t:|1700372515\n|move|p1a: Ursaluna|Trailblaze|p2a: Annihilape\n|-damage|p2a: Annihilape|51\/100\n|-boost|p1a: Ursaluna|spe|1\n|move|p2a: Annihilape|Drain Punch|p1a: Ursaluna\n|-supereffective|p1a: Ursaluna\n|-damage|p1a: Ursaluna|0 fnt\n|-heal|p2a: Annihilape|89\/100|[from] drain|[of] p1a: Ursaluna\n|faint|p1a: Ursaluna\n|\n|upkeep\n|-message|hhuuvv forfeited.\n|\n|win|Cyclistsiggy\n|l|\u2606hhuuvv\n","uploadtime":1700372539,"views":24,"p1id":"hhuuvv","p2id":"cyclistsiggy","formatid":"gen9ubers","rating":0,"private":0,"password":""}