{"id":"gen9ubers-1987983996","p1":"ookjji9okj","p2":"IchiNiAndKevin!","format":"[Gen 9] Ubers","log":"|j|\u2606ookjji9okj\n|j|\u2606IchiNiAndKevin!\n|t:|1699655911\n|gametype|singles\n|player|p1|ookjji9okj|102|1096\n|player|p2|IchiNiAndKevin!|irida|1107\n|teamsize|p1|6\n|teamsize|p2|6\n|gen|9\n|tier|[Gen 9] Ubers\n|rated|\n|rule|Sleep Clause Mod: Limit one foe put to sleep\n|rule|Species Clause: Limit one of each Pok\u00e9mon\n|rule|OHKO Clause: OHKO moves are banned\n|rule|Evasion Items Clause: Evasion items are banned\n|rule|Evasion Moves Clause: Evasion moves are banned\n|rule|Endless Battle Clause: Forcing endless battles is banned\n|rule|HP Percentage Mod: HP is shown in percentages\n|clearpoke\n|poke|p1|Kyogre|\n|poke|p1|Koraidon|\n|poke|p1|Zacian-*|\n|poke|p1|Palafin, F|\n|poke|p1|Arceus|\n|poke|p1|Ursaluna-Bloodmoon, M|\n|poke|p2|Groudon|\n|poke|p2|Iron Hands|\n|poke|p2|Arceus-Dragon|\n|poke|p2|Eternatus|\n|poke|p2|Giratina-Origin|\n|poke|p2|Zamazenta-*|\n|teampreview\n|inactive|Battle timer is ON: inactive players will automatically lose when time's up. (requested by ookjji9okj)\n|\n|t:|1699655936\n|start\n|switch|p1a: Zacian|Zacian-Crowned, shiny|100\/100\n|switch|p2a: Arceus|Arceus-Dragon|100\/100\n|-ability|p1a: Zacian|Intrepid Sword|boost\n|-boost|p1a: Zacian|atk|1\n|turn|1\n|\n|t:|1699655948\n|move|p1a: Zacian|Iron Defense|p1a: Zacian\n|-boost|p1a: Zacian|def|2\n|move|p2a: Arceus|Substitute|p2a: Arceus\n|-start|p2a: Arceus|Substitute\n|-damage|p2a: Arceus|76\/100\n|\n|upkeep\n|turn|2\n|\n|t:|1699655956\n|move|p1a: Zacian|Body Slam|p2a: Arceus\n|-end|p2a: Arceus|Substitute\n|move|p2a: Arceus|Swords Dance|p2a: Arceus\n|-boost|p2a: Arceus|atk|2\n|\n|upkeep\n|turn|3\n|\n|t:|1699655962\n|move|p2a: Arceus|Extreme Speed|p1a: Zacian\n|-resisted|p1a: Zacian\n|-damage|p1a: Zacian|89\/100\n|move|p1a: Zacian|Iron Defense|p1a: Zacian\n|-boost|p1a: Zacian|def|2\n|\n|upkeep\n|turn|4\n|\n|t:|1699655969\n|move|p1a: Zacian|Moonblast|p2a: Arceus\n|-supereffective|p2a: Arceus\n|-damage|p2a: Arceus|37\/100\n|move|p2a: Arceus|Substitute|p2a: Arceus\n|-start|p2a: Arceus|Substitute\n|-damage|p2a: Arceus|12\/100\n|\n|upkeep\n|turn|5\n|\n|t:|1699655976\n|move|p1a: Zacian|Body Slam|p2a: Arceus\n|-end|p2a: Arceus|Substitute\n|move|p2a: Arceus|Swords Dance|p2a: Arceus\n|-boost|p2a: Arceus|atk|2\n|\n|upkeep\n|turn|6\n|\n|t:|1699655983\n|move|p2a: Arceus|Extreme Speed|p1a: Zacian\n|-resisted|p1a: Zacian\n|-damage|p1a: Zacian|77\/100\n|move|p1a: Zacian|Iron Defense|p1a: Zacian\n|-boost|p1a: Zacian|def|2\n|\n|upkeep\n|turn|7\n|\n|t:|1699655996\n|move|p2a: Arceus|Extreme Speed|p1a: Zacian\n|-resisted|p1a: Zacian\n|-damage|p1a: Zacian|67\/100\n|move|p1a: Zacian|Body Slam|p2a: Arceus\n|-damage|p2a: Arceus|0 fnt\n|faint|p2a: Arceus\n|\n|upkeep\n|\n|t:|1699656001\n|switch|p2a: Checks Everything|Iron Hands|100\/100\n|turn|8\n|\n|t:|1699656012\n|move|p2a: Checks Everything|Fake Out|p1a: Zacian\n|-resisted|p1a: Zacian\n|-damage|p1a: Zacian|65\/100\n|cant|p1a: Zacian|flinch\n|\n|upkeep\n|turn|9\n|\n|t:|1699656019\n|move|p1a: Zacian|Moonblast|p2a: Checks Everything\n|-supereffective|p2a: Checks Everything\n|-damage|p2a: Checks Everything|65\/100\n|move|p2a: Checks Everything|Drain Punch|p1a: Zacian\n|-damage|p1a: Zacian|55\/100\n|-heal|p2a: Checks Everything|68\/100|[from] drain|[of] p1a: Zacian\n|\n|upkeep\n|turn|10\n|\n|t:|1699656028\n|move|p1a: Zacian|Iron Defense|p1a: Zacian\n|-boost|p1a: Zacian|def|0\n|move|p2a: Checks Everything|Drain Punch|p1a: Zacian\n|-damage|p1a: Zacian|46\/100\n|-heal|p2a: Checks Everything|72\/100|[from] drain|[of] p1a: Zacian\n|\n|upkeep\n|turn|11\n|\n|t:|1699656040\n|move|p1a: Zacian|Moonblast|p2a: Checks Everything\n|-supereffective|p2a: Checks Everything\n|-damage|p2a: Checks Everything|35\/100\n|-unboost|p2a: Checks Everything|spa|1\n|move|p2a: Checks Everything|Drain Punch|p1a: Zacian\n|-damage|p1a: Zacian|35\/100\n|-heal|p2a: Checks Everything|39\/100|[from] drain|[of] p1a: Zacian\n|\n|upkeep\n|turn|12\n|\n|t:|1699656049\n|move|p1a: Zacian|Moonblast|p2a: Checks Everything\n|-supereffective|p2a: Checks Everything\n|-damage|p2a: Checks Everything|4\/100\n|move|p2a: Checks Everything|Drain Punch|p1a: Zacian\n|-damage|p1a: Zacian|25\/100\n|-heal|p2a: Checks Everything|8\/100|[from] drain|[of] p1a: Zacian\n|\n|upkeep\n|turn|13\n|\n|t:|1699656060\n|move|p1a: Zacian|Moonblast|p2a: Checks Everything\n|-supereffective|p2a: Checks Everything\n|-damage|p2a: Checks Everything|0 fnt\n|faint|p2a: Checks Everything\n|-end|p2a: Checks Everything|Quark Drive|[silent]\n|\n|upkeep\n|\n|t:|1699656068\n|switch|p2a: Giratina|Giratina-Origin, shiny|100\/100\n|turn|14\n|\n|t:|1699656074\n|move|p1a: Zacian|Moonblast|p2a: Giratina\n|-supereffective|p2a: Giratina\n|-damage|p2a: Giratina|66\/100\n|-unboost|p2a: Giratina|spa|1\n|move|p2a: Giratina|Shadow Force||[still]\n|-prepare|p2a: Giratina|Shadow Force\n|\n|upkeep\n|turn|15\n|\n|t:|1699656087\n|move|p1a: Zacian|Moonblast|p2a: Giratina|[miss]\n|-miss|p1a: Zacian|p2a: Giratina\n|move|p2a: Giratina|Shadow Force|p1a: Zacian|[from]lockedmove\n|-damage|p1a: Zacian|14\/100\n|\n|upkeep\n|turn|16\n|\n|t:|1699656097\n|move|p1a: Zacian|Moonblast|p2a: Giratina\n|-supereffective|p2a: Giratina\n|-damage|p2a: Giratina|26\/100\n|-unboost|p2a: Giratina|spa|1\n|move|p2a: Giratina|Hex|p1a: Zacian\n|-damage|p1a: Zacian|0 fnt\n|faint|p1a: Zacian\n|\n|upkeep\n|\n|t:|1699656108\n|switch|p1a: Ursaluna|Ursaluna-Bloodmoon, M|100\/100\n|turn|17\n|\n|t:|1699656119\n|move|p2a: Giratina|Dragon Pulse|p1a: Ursaluna\n|-damage|p1a: Ursaluna|71\/100\n|move|p1a: Ursaluna|Avalanche|p2a: Giratina\n|-supereffective|p2a: Giratina\n|-damage|p2a: Giratina|0 fnt\n|faint|p2a: Giratina\n|\n|upkeep\n|\n|t:|1699656126\n|switch|p2a: Zamazenta|Zamazenta, shiny|100\/100\n|-ability|p2a: Zamazenta|Dauntless Shield|boost\n|-boost|p2a: Zamazenta|def|1\n|turn|18\n|\n|t:|1699656136\n|-terastallize|p1a: Ursaluna|Ground\n|move|p2a: Zamazenta|Iron Defense|p2a: Zamazenta\n|-boost|p2a: Zamazenta|def|2\n|move|p1a: Ursaluna|Blood Moon|p2a: Zamazenta\n|-damage|p2a: Zamazenta|50\/100\n|\n|-heal|p2a: Zamazenta|56\/100|[from] item: Leftovers\n|upkeep\n|turn|19\n|inactive|IchiNiAndKevin! has 120 seconds left.\n|\n|t:|1699656169\n|switch|p1a: Koraidon|Koraidon|100\/100\n|-weather|SunnyDay|[from] ability: Orichalcum Pulse|[of] p1a: Koraidon\n|-activate|p1a: Koraidon|Orichalcum Pulse|[source]\n|move|p2a: Zamazenta|Iron Defense|p2a: Zamazenta\n|-boost|p2a: Zamazenta|def|2\n|\n|-weather|SunnyDay|[upkeep]\n|-heal|p2a: Zamazenta|62\/100|[from] item: Leftovers\n|upkeep\n|turn|20\n|\n|t:|1699656179\n|move|p2a: Zamazenta|Body Press|p1a: Koraidon\n|-damage|p1a: Koraidon|12\/100\n|move|p1a: Koraidon|Collision Course|p2a: Zamazenta\n|-damage|p2a: Zamazenta|48\/100\n|\n|-weather|SunnyDay|[upkeep]\n|-heal|p2a: Zamazenta|54\/100|[from] item: Leftovers\n|upkeep\n|turn|21\n|inactive|ookjji9okj has 120 seconds left.\n|inactive|ookjji9okj has 90 seconds left.\n|inactive|ookjji9okj has 60 seconds left.\n|inactive|ookjji9okj has 30 seconds left.\n|inactive|ookjji9okj has 20 seconds left.\n|inactive|ookjji9okj has 15 seconds left.\n|inactive|ookjji9okj has 10 seconds left.\n|inactive|ookjji9okj has 5 seconds left.\n|-message|ookjji9okj lost due to inactivity.\n|\n|win|IchiNiAndKevin!\n|raw|ookjji9okj's rating: 1096 &rarr; <strong>1072<\/strong><br \/>(-24 for losing)\n|raw|IchiNiAndKevin!'s rating: 1107 &rarr; <strong>1131<\/strong><br \/>(+24 for winning)\n","uploadtime":1699656333,"views":5,"p1id":"ookjji9okj","p2id":"ichiniandkevin","formatid":"gen9ubers","rating":1072,"private":0,"password":""}