{"id":"gen9ubers-1979835809","p1":"Emiliocraft","p2":"ShriveledMonkey","format":"[Gen 9] Ubers","log":"|j|\u2606Emiliocraft\n|j|\u2606ShriveledMonkey\n|t:|1698718285\n|gametype|singles\n|player|p1|Emiliocraft|cheren-gen5bw2|1050\n|player|p2|ShriveledMonkey|2|1000\n|teamsize|p1|6\n|teamsize|p2|6\n|gen|9\n|tier|[Gen 9] Ubers\n|rated|\n|rule|Sleep Clause Mod: Limit one foe put to sleep\n|rule|Species Clause: Limit one of each Pok\u00e9mon\n|rule|OHKO Clause: OHKO moves are banned\n|rule|Evasion Items Clause: Evasion items are banned\n|rule|Evasion Moves Clause: Evasion moves are banned\n|rule|Endless Battle Clause: Forcing endless battles is banned\n|rule|HP Percentage Mod: HP is shown in percentages\n|clearpoke\n|poke|p1|Urshifu-*, M|\n|poke|p1|Chien-Pao|\n|poke|p1|Annihilape, F|\n|poke|p1|Palafin, M|\n|poke|p1|Ursaluna-Bloodmoon, M|\n|poke|p1|Regieleki|\n|poke|p2|Miraidon|\n|poke|p2|Weavile, M|\n|poke|p2|Grafaiai, F|\n|poke|p2|Spectrier|\n|poke|p2|Sandslash-Alola, F|\n|poke|p2|Crawdaunt, F|\n|teampreview\n|\n|t:|1698718297\n|start\n|switch|p1a: Palafin|Palafin, M, shiny|100\/100\n|switch|p2a: Miraidon|Miraidon|100\/100\n|-fieldstart|move: Electric Terrain|[from] ability: Hadron Engine|[of] p2a: Miraidon\n|turn|1\n|\n|t:|1698718314\n|move|p2a: Miraidon|Draco Meteor|p1a: Palafin\n|-damage|p1a: Palafin|0 fnt\n|-unboost|p2a: Miraidon|spa|2\n|faint|p1a: Palafin\n|\n|upkeep\n|inactive|Battle timer is ON: inactive players will automatically lose when time's up. (requested by ShriveledMonkey)\n|\n|t:|1698718359\n|switch|p1a: Chien-Pao|Chien-Pao|100\/100\n|-ability|p1a: Chien-Pao|Sword of Ruin\n|turn|2\n|\n|t:|1698718374\n|switch|p2a: Crawdaunt|Crawdaunt, F|100\/100\n|move|p1a: Chien-Pao|Avalanche|p2a: Crawdaunt\n|-resisted|p2a: Crawdaunt\n|-damage|p2a: Crawdaunt|71\/100\n|\n|upkeep\n|turn|3\n|\n|t:|1698718387\n|move|p1a: Chien-Pao|Ice Fang|p2a: Crawdaunt\n|-resisted|p2a: Crawdaunt\n|-damage|p2a: Crawdaunt|39\/100\n|move|p2a: Crawdaunt|Close Combat|p1a: Chien-Pao\n|-supereffective|p1a: Chien-Pao\n|-damage|p1a: Chien-Pao|0 fnt\n|-unboost|p2a: Crawdaunt|def|1\n|-unboost|p2a: Crawdaunt|spd|1\n|faint|p1a: Chien-Pao\n|\n|upkeep\n|\n|t:|1698718399\n|switch|p1a: Urshifu|Urshifu, M|100\/100\n|turn|4\n|\n|t:|1698718406\n|move|p1a: Urshifu|Close Combat|p2a: Crawdaunt\n|-supereffective|p2a: Crawdaunt\n|-damage|p2a: Crawdaunt|0 fnt\n|-unboost|p1a: Urshifu|def|1\n|-unboost|p1a: Urshifu|spd|1\n|faint|p2a: Crawdaunt\n|\n|upkeep\n|\n|t:|1698718427\n|switch|p2a: Miraidon|Miraidon|100\/100\n|-activate|p2a: Miraidon|ability: Hadron Engine\n|turn|5\n|\n|t:|1698718434\n|move|p2a: Miraidon|Draco Meteor|p1a: Urshifu\n|-damage|p1a: Urshifu|0 fnt\n|-unboost|p2a: Miraidon|spa|2\n|faint|p1a: Urshifu\n|\n|-fieldend|move: Electric Terrain\n|upkeep\n|\n|t:|1698718442\n|switch|p1a: Regieleki|Regieleki|100\/100\n|turn|6\n|\n|t:|1698718449\n|switch|p2a: Sandslash|Sandslash-Alola, F|100\/100\n|move|p1a: Regieleki|Light Screen|p1a: Regieleki\n|-sidestart|p1: Emiliocraft|move: Light Screen\n|\n|upkeep\n|turn|7\n|\n|t:|1698718458\n|move|p1a: Regieleki|Extreme Speed|p2a: Sandslash\n|-resisted|p2a: Sandslash\n|-damage|p2a: Sandslash|92\/100\n|move|p2a: Sandslash|Swords Dance|p2a: Sandslash\n|-boost|p2a: Sandslash|atk|2\n|\n|upkeep\n|turn|8\n|\n|t:|1698718466\n|-terastallize|p2a: Sandslash|Ground\n|move|p1a: Regieleki|Volt Switch|p2a: Sandslash\n|-immune|p2a: Sandslash\n|move|p2a: Sandslash|Earthquake|p1a: Regieleki\n|-supereffective|p1a: Regieleki\n|-damage|p1a: Regieleki|0 fnt\n|faint|p1a: Regieleki\n|\n|upkeep\n|\n|t:|1698718481\n|switch|p1a: Annihilape|Annihilape, F|100\/100\n|turn|9\n|\n|t:|1698718488\n|move|p1a: Annihilape|Cross Chop|p2a: Sandslash\n|-damage|p2a: Sandslash|46\/100\n|move|p2a: Sandslash|Knock Off|p1a: Annihilape\n|-damage|p1a: Annihilape|41\/100\n|-enditem|p1a: Annihilape|Assault Vest|[from] move: Knock Off|[of] p2a: Sandslash\n|\n|upkeep\n|turn|10\n|\n|t:|1698718497\n|move|p1a: Annihilape|Bulk Up|p1a: Annihilape\n|-boost|p1a: Annihilape|atk|1\n|-boost|p1a: Annihilape|def|1\n|move|p2a: Sandslash|Earthquake|p1a: Annihilape\n|-damage|p1a: Annihilape|0 fnt\n|faint|p1a: Annihilape\n|\n|upkeep\n|\n|t:|1698718505\n|switch|p1a: Ursaluna|Ursaluna-Bloodmoon, M|100\/100\n|turn|11\n|\n|t:|1698718511\n|move|p2a: Sandslash|Ice Spinner|p1a: Ursaluna\n|-supereffective|p1a: Ursaluna\n|-damage|p1a: Ursaluna|0 fnt\n|faint|p1a: Ursaluna\n|\n|win|ShriveledMonkey\n|raw|Emiliocraft's rating: 1050 &rarr; <strong>1030<\/strong><br \/>(-20 for losing)\n|raw|ShriveledMonkey's rating: 1000 &rarr; <strong>1046<\/strong><br \/>(+46 for winning)\n","uploadtime":1698718517,"views":13,"p1id":"emiliocraft","p2id":"shriveledmonkey","formatid":"gen9ubers","rating":1030,"private":0,"password":""}