{"id":"gen9ubers-1990587087","p1":"pakastan","p2":"Ph0n3_Guy1987","format":"[Gen 9] Ubers","log":"|j|\u2606pakastan\n|j|\u203dPh0n3_Guy1987\n|t:|1699983646\n|gametype|singles\n|player|p1|pakastan|hugh|1131\n|player|p2|Ph0n3_Guy1987|policeman-gen4|1105\n|teamsize|p1|6\n|teamsize|p2|6\n|gen|9\n|tier|[Gen 9] Ubers\n|rated|\n|rule|Sleep Clause Mod: Limit one foe put to sleep\n|rule|Species Clause: Limit one of each Pok\u00e9mon\n|rule|OHKO Clause: OHKO moves are banned\n|rule|Evasion Items Clause: Evasion items are banned\n|rule|Evasion Moves Clause: Evasion moves are banned\n|rule|Endless Battle Clause: Forcing endless battles is banned\n|rule|HP Percentage Mod: HP is shown in percentages\n|clearpoke\n|poke|p1|Iron Moth|\n|poke|p1|Glimmora, F|\n|poke|p1|Espathra, F|\n|poke|p1|Great Tusk|\n|poke|p1|Samurott-Hisui, M|\n|poke|p1|Ribombee, M|\n|poke|p2|Hatterene, F|\n|poke|p2|Chansey, F|\n|poke|p2|Annihilape, M|\n|poke|p2|Calyrex-Ice|\n|poke|p2|Giratina|\n|poke|p2|Magearna|\n|teampreview\n|inactive|Battle timer is ON: inactive players will automatically lose when time's up. (requested by Ph0n3_Guy1987)\n|\n|t:|1699983658\n|start\n|switch|p1a: Glimmora|Glimmora, F|100\/100\n|switch|p2a: Hatterene|Hatterene, F|100\/100\n|turn|1\n|\n|t:|1699983679\n|move|p1a: Glimmora|Mortal Spin|p2a: Hatterene\n|-supereffective|p2a: Hatterene\n|-damage|p2a: Hatterene|84\/100\n|-status|p2a: Hatterene|psn\n|move|p2a: Hatterene|Trick Room|p2a: Hatterene\n|-fieldstart|move: Trick Room|[of] p2a: Hatterene\n|\n|-damage|p2a: Hatterene|71\/100 psn|[from] psn\n|upkeep\n|turn|2\n|inactive|pakastan has 120 seconds left.\n|\n|t:|1699983715\n|move|p2a: Hatterene|Light Screen|p2a: Hatterene\n|-sidestart|p2: Ph0n3_Guy1987|move: Light Screen\n|move|p1a: Glimmora|Mortal Spin|p2a: Hatterene\n|-supereffective|p2a: Hatterene\n|-damage|p2a: Hatterene|56\/100 psn\n|\n|-damage|p2a: Hatterene|44\/100 psn|[from] psn\n|upkeep\n|turn|3\n|inactive|pakastan has 120 seconds left.\n|\n|t:|1699983731\n|switch|p2a: Magearna|Magearna|100\/100\n|move|p1a: Glimmora|Mortal Spin|p2a: Magearna\n|-immune|p2a: Magearna\n|\n|upkeep\n|turn|4\n|\n|t:|1699983737\n|move|p2a: Magearna|Flash Cannon|p1a: Glimmora\n|-supereffective|p1a: Glimmora\n|-damage|p1a: Glimmora|14\/100\n|move|p1a: Glimmora|Earth Power|p2a: Magearna\n|-supereffective|p2a: Magearna\n|-damage|p2a: Magearna|81\/100\n|\n|-heal|p2a: Magearna|87\/100|[from] item: Leftovers\n|upkeep\n|turn|5\n|\n|t:|1699983750\n|move|p2a: Magearna|Calm Mind|p2a: Magearna\n|-boost|p2a: Magearna|spa|1\n|-boost|p2a: Magearna|spd|1\n|move|p1a: Glimmora|Stealth Rock|p2a: Magearna\n|-sidestart|p2: Ph0n3_Guy1987|move: Stealth Rock\n|\n|-heal|p2a: Magearna|93\/100|[from] item: Leftovers\n|-fieldend|move: Trick Room\n|upkeep\n|turn|6\n|\n|t:|1699983758\n|move|p1a: Glimmora|Spikes|p2a: Magearna\n|-sidestart|p2: Ph0n3_Guy1987|Spikes\n|move|p2a: Magearna|Calm Mind|p2a: Magearna\n|-boost|p2a: Magearna|spa|1\n|-boost|p2a: Magearna|spd|1\n|\n|-heal|p2a: Magearna|99\/100|[from] item: Leftovers\n|upkeep\n|turn|7\n|\n|t:|1699983765\n|move|p1a: Glimmora|Spikes|p2a: Magearna\n|-sidestart|p2: Ph0n3_Guy1987|Spikes\n|move|p2a: Magearna|Calm Mind|p2a: Magearna\n|-boost|p2a: Magearna|spa|1\n|-boost|p2a: Magearna|spd|1\n|\n|-heal|p2a: Magearna|100\/100|[from] item: Leftovers\n|upkeep\n|turn|8\n|\n|t:|1699983772\n|move|p1a: Glimmora|Spikes|p2a: Magearna\n|-sidestart|p2: Ph0n3_Guy1987|Spikes\n|move|p2a: Magearna|Flash Cannon|p1a: Glimmora\n|-supereffective|p1a: Glimmora\n|-damage|p1a: Glimmora|0 fnt\n|faint|p1a: Glimmora\n|-ability|p2a: Magearna|Soul-Heart|boost\n|-boost|p2a: Magearna|spa|1\n|\n|upkeep\n|\n|t:|1699983779\n|switch|p1a: Great Tusk|Great Tusk|100\/100\n|turn|9\n|\n|t:|1699983782\n|move|p1a: Great Tusk|Headlong Rush|p2a: Magearna\n|-supereffective|p2a: Magearna\n|-damage|p2a: Magearna|0 fnt\n|-unboost|p1a: Great Tusk|def|1\n|-unboost|p1a: Great Tusk|spd|1\n|faint|p2a: Magearna\n|\n|-sideend|p2: Ph0n3_Guy1987|move: Light Screen\n|upkeep\n|\n|t:|1699983785\n|switch|p2a: Giratina|Giratina|100\/100\n|-ability|p2a: Giratina|Pressure\n|turn|10\n|\n|t:|1699983795\n|-end|p1a: Great Tusk|Protosynthesis|[silent]\n|switch|p1a: Ribombee|Ribombee, M|100\/100\n|move|p2a: Giratina|Defog|p1a: Ribombee\n|-unboost|p1a: Ribombee|evasion|1\n|-sideend|p2: Ph0n3_Guy1987|Spikes|[from] move: Defog|[of] p2a: Giratina\n|-sideend|p2: Ph0n3_Guy1987|Stealth Rock|[from] move: Defog|[of] p2a: Giratina\n|\n|upkeep\n|turn|11\n|\n|t:|1699983802\n|switch|p2a: Hatterene|Hatterene, F|44\/100 psn\n|move|p1a: Ribombee|Dazzling Gleam|p2a: Hatterene\n|-damage|p2a: Hatterene|17\/100 psn\n|\n|-damage|p2a: Hatterene|5\/100 psn|[from] psn\n|upkeep\n|turn|12\n|\n|t:|1699983810\n|move|p1a: Ribombee|Quiver Dance|p1a: Ribombee\n|-boost|p1a: Ribombee|spa|1\n|-boost|p1a: Ribombee|spd|1\n|-boost|p1a: Ribombee|spe|1\n|move|p2a: Hatterene|Trick Room|p2a: Hatterene\n|-fieldstart|move: Trick Room|[of] p2a: Hatterene\n|\n|-damage|p2a: Hatterene|0 fnt|[from] psn\n|faint|p2a: Hatterene\n|upkeep\n|\n|t:|1699983817\n|switch|p2a: Chansey|Chansey, F|100\/100\n|turn|13\n|\n|t:|1699983827\n|switch|p1a: Great Tusk|Great Tusk|100\/100\n|move|p2a: Chansey|Stealth Rock|p1a: Great Tusk\n|-sidestart|p1: pakastan|move: Stealth Rock\n|\n|upkeep\n|turn|14\n|\n|t:|1699983836\n|switch|p2a: Calyrex|Calyrex-Ice|100\/100\n|-ability|p2a: Calyrex|As One\n|-ability|p2a: Calyrex|Unnerve\n|move|p1a: Great Tusk|Rapid Spin|p2a: Calyrex\n|-damage|p2a: Calyrex|90\/100\n|-boost|p1a: Great Tusk|spe|1\n|-sideend|p1: pakastan|Stealth Rock|[from] move: Rapid Spin|[of] p1a: Great Tusk\n|\n|upkeep\n|turn|15\n|\n|t:|1699983849\n|move|p2a: Calyrex|Iron Defense|p2a: Calyrex\n|-boost|p2a: Calyrex|def|2\n|move|p1a: Great Tusk|Close Combat|p2a: Calyrex\n|-damage|p2a: Calyrex|70\/100\n|-unboost|p1a: Great Tusk|def|1\n|-unboost|p1a: Great Tusk|spd|1\n|\n|upkeep\n|turn|16\n|\n|t:|1699983858\n|move|p2a: Calyrex|Glacial Lance|p1a: Great Tusk\n|-supereffective|p1a: Great Tusk\n|-damage|p1a: Great Tusk|0 fnt\n|faint|p1a: Great Tusk\n|-end|p1a: Great Tusk|Protosynthesis|[silent]\n|-ability|p2a: Calyrex|Chilling Neigh|boost\n|-boost|p2a: Calyrex|atk|1\n|\n|-fieldend|move: Trick Room\n|upkeep\n|\n|t:|1699983865\n|switch|p1a: Iron Moth|Iron Moth|100\/100\n|-enditem|p1a: Iron Moth|Booster Energy\n|-activate|p1a: Iron Moth|ability: Quark Drive|[fromitem]\n|-start|p1a: Iron Moth|quarkdrivespa\n|turn|17\n|\n|t:|1699983873\n|move|p1a: Iron Moth|Fiery Dance|p2a: Calyrex\n|-supereffective|p2a: Calyrex\n|-damage|p2a: Calyrex|0 fnt\n|faint|p2a: Calyrex\n|\n|upkeep\n|\n|t:|1699983878\n|switch|p2a: Chansey|Chansey, F|100\/100\n|turn|18\n|\n|t:|1699983885\n|-end|p1a: Iron Moth|Quark Drive|[silent]\n|switch|p1a: Samurott|Samurott-Hisui, M|100\/100\n|move|p2a: Chansey|Stealth Rock|p1a: Samurott\n|-sidestart|p1: pakastan|move: Stealth Rock\n|\n|upkeep\n|turn|19\n|\n|t:|1699983897\n|move|p1a: Samurott|Ceaseless Edge|p2a: Chansey\n|-damage|p2a: Chansey|65\/100\n|-sidestart|p2: Ph0n3_Guy1987|Spikes\n|-damage|p1a: Samurott|91\/100|[from] item: Life Orb\n|move|p2a: Chansey|Thunder Wave|p1a: Samurott\n|-status|p1a: Samurott|par\n|\n|upkeep\n|turn|20\n|\n|t:|1699983907\n|move|p2a: Chansey|Soft-Boiled|p2a: Chansey\n|-heal|p2a: Chansey|100\/100\n|move|p1a: Samurott|Ceaseless Edge|p2a: Chansey\n|-damage|p2a: Chansey|65\/100\n|-sidestart|p2: Ph0n3_Guy1987|Spikes\n|-damage|p1a: Samurott|81\/100 par|[from] item: Life Orb\n|\n|upkeep\n|turn|21\n|\n|t:|1699983920\n|move|p2a: Chansey|Seismic Toss|p1a: Samurott\n|-damage|p1a: Samurott|50\/100 par\n|move|p1a: Samurott|Ceaseless Edge|p2a: Chansey\n|-damage|p2a: Chansey|27\/100\n|-sidestart|p2: Ph0n3_Guy1987|Spikes\n|-damage|p1a: Samurott|41\/100 par|[from] item: Life Orb\n|\n|upkeep\n|turn|22\n|\n|t:|1699983928\n|move|p2a: Chansey|Soft-Boiled|p2a: Chansey\n|-heal|p2a: Chansey|77\/100\n|move|p1a: Samurott|Aqua Cutter|p2a: Chansey\n|-damage|p2a: Chansey|35\/100\n|-damage|p1a: Samurott|31\/100 par|[from] item: Life Orb\n|\n|upkeep\n|turn|23\n|\n|t:|1699983935\n|move|p2a: Chansey|Soft-Boiled|p2a: Chansey\n|-heal|p2a: Chansey|85\/100\n|cant|p1a: Samurott|par\n|\n|upkeep\n|turn|24\n|\n|t:|1699983939\n|move|p2a: Chansey|Seismic Toss|p1a: Samurott\n|-damage|p1a: Samurott|0 fnt\n|faint|p1a: Samurott\n|\n|upkeep\n|\n|t:|1699983944\n|switch|p1a: Espathra|Espathra, F|100\/100\n|-damage|p1a: Espathra|88\/100|[from] Stealth Rock\n|turn|25\n|\n|t:|1699983950\n|move|p1a: Espathra|Calm Mind|p1a: Espathra\n|-boost|p1a: Espathra|spa|1\n|-boost|p1a: Espathra|spd|1\n|move|p2a: Chansey|Thunder Wave|p1a: Espathra\n|-status|p1a: Espathra|par\n|\n|-heal|p1a: Espathra|94\/100 par|[from] item: Leftovers\n|-ability|p1a: Espathra|Speed Boost|boost\n|-boost|p1a: Espathra|spe|1\n|upkeep\n|turn|26\n|\n|t:|1699983959\n|move|p1a: Espathra|Calm Mind|p1a: Espathra\n|-boost|p1a: Espathra|spa|1\n|-boost|p1a: Espathra|spd|1\n|move|p2a: Chansey|Seismic Toss|p1a: Espathra\n|-damage|p1a: Espathra|64\/100 par\n|\n|-heal|p1a: Espathra|70\/100 par|[from] item: Leftovers\n|-ability|p1a: Espathra|Speed Boost|boost\n|-boost|p1a: Espathra|spe|1\n|upkeep\n|turn|27\n|\n|t:|1699983970\n|cant|p1a: Espathra|par\n|move|p2a: Chansey|Seismic Toss|p1a: Espathra\n|-damage|p1a: Espathra|40\/100 par\n|\n|-heal|p1a: Espathra|46\/100 par|[from] item: Leftovers\n|-ability|p1a: Espathra|Speed Boost|boost\n|-boost|p1a: Espathra|spe|1\n|upkeep\n|turn|28\n|\n|t:|1699983978\n|move|p1a: Espathra|Lumina Crash|p2a: Chansey\n|-damage|p2a: Chansey|62\/100\n|-unboost|p2a: Chansey|spd|2\n|move|p2a: Chansey|Seismic Toss|p1a: Espathra\n|-damage|p1a: Espathra|16\/100 par\n|\n|-heal|p1a: Espathra|22\/100 par|[from] item: Leftovers\n|-ability|p1a: Espathra|Speed Boost|boost\n|-boost|p1a: Espathra|spe|1\n|upkeep\n|turn|29\n|\n|t:|1699983992\n|move|p1a: Espathra|Stored Power|p2a: Chansey\n|-damage|p2a: Chansey|0 fnt\n|faint|p2a: Chansey\n|\n|-heal|p1a: Espathra|28\/100 par|[from] item: Leftovers\n|-ability|p1a: Espathra|Speed Boost|boost\n|-boost|p1a: Espathra|spe|1\n|upkeep\n|\n|t:|1699983997\n|switch|p2a: Giratina|Giratina|100\/100\n|-ability|p2a: Giratina|Pressure\n|turn|30\n|\n|t:|1699984005\n|cant|p1a: Espathra|par\n|move|p2a: Giratina|Poltergeist|p1a: Espathra\n|-activate|p1a: Espathra|move: Poltergeist|Leftovers\n|-supereffective|p1a: Espathra\n|-damage|p1a: Espathra|0 fnt\n|faint|p1a: Espathra\n|\n|upkeep\n|\n|t:|1699984013\n|switch|p1a: Ribombee|Ribombee, M|100\/100\n|-damage|p1a: Ribombee|76\/100|[from] Stealth Rock\n|turn|31\n|\n|t:|1699984020\n|move|p1a: Ribombee|Quiver Dance|p1a: Ribombee\n|-boost|p1a: Ribombee|spa|1\n|-boost|p1a: Ribombee|spd|1\n|-boost|p1a: Ribombee|spe|1\n|move|p2a: Giratina|Defog|p1a: Ribombee\n|-unboost|p1a: Ribombee|evasion|1\n|-sideend|p1: pakastan|Stealth Rock|[from] move: Defog|[of] p2a: Giratina\n|-sideend|p2: Ph0n3_Guy1987|Spikes|[from] move: Defog|[of] p2a: Giratina\n|\n|-heal|p1a: Ribombee|82\/100|[from] item: Leftovers\n|upkeep\n|turn|32\n|\n|t:|1699984029\n|-terastallize|p2a: Giratina|Ghost\n|move|p1a: Ribombee|Dazzling Gleam|p2a: Giratina\n|-damage|p2a: Giratina|73\/100\n|move|p2a: Giratina|Poltergeist|p1a: Ribombee\n|-activate|p1a: Ribombee|move: Poltergeist|Leftovers\n|-damage|p1a: Ribombee|0 fnt\n|faint|p1a: Ribombee\n|\n|upkeep\n|\n|t:|1699984038\n|switch|p1a: Iron Moth|Iron Moth|100\/100\n|turn|33\n|\n|t:|1699984041\n|move|p1a: Iron Moth|Fiery Dance|p2a: Giratina\n|-damage|p2a: Giratina|48\/100\n|-boost|p1a: Iron Moth|spa|1\n|move|p2a: Giratina|Poltergeist||[still]\n|-fail|p2a: Giratina\n|\n|upkeep\n|turn|34\n|\n|t:|1699984056\n|move|p1a: Iron Moth|Fiery Dance|p2a: Giratina\n|-crit|p2a: Giratina\n|-damage|p2a: Giratina|0 fnt\n|faint|p2a: Giratina\n|\n|upkeep\n|\n|t:|1699984060\n|switch|p2a: Annihilape|Annihilape, M|100\/100\n|turn|35\n|\n|t:|1699984063\n|move|p1a: Iron Moth|Fiery Dance|p2a: Annihilape\n|-damage|p2a: Annihilape|40\/100\n|move|p2a: Annihilape|Earthquake|p1a: Iron Moth\n|-supereffective|p1a: Iron Moth\n|-damage|p1a: Iron Moth|0 fnt\n|faint|p1a: Iron Moth\n|-end|p1a: Iron Moth|Quark Drive|[silent]\n|\n|win|Ph0n3_Guy1987\n|raw|pakastan's rating: 1131 &rarr; <strong>1104<\/strong><br \/>(-27 for losing)\n|raw|Ph0n3_Guy1987's rating: 1105 &rarr; <strong>1132<\/strong><br \/>(+27 for winning)\n|l|\u2606pakastan\n","uploadtime":1699984071,"views":7,"p1id":"pakastan","p2id":"ph0n3guy1987","formatid":"gen9ubers","rating":1104,"private":0,"password":""}