{"id":"gen9ubers-1976794887","p1":"Anne Frankkkk","p2":"Xeni.18","format":"[Gen 9] Ubers","log":"|j|\u2606Anne Frankkkk\n|j|\u2606Xeni.18\n|t:|1698341935\n|gametype|singles\n|player|p1|Anne Frankkkk|hilbert|1157\n|player|p2|Xeni.18|ghetsis|1235\n|teamsize|p1|6\n|teamsize|p2|6\n|gen|9\n|tier|[Gen 9] Ubers\n|rated|\n|rule|Sleep Clause Mod: Limit one foe put to sleep\n|rule|Species Clause: Limit one of each Pok\u00e9mon\n|rule|OHKO Clause: OHKO moves are banned\n|rule|Evasion Items Clause: Evasion items are banned\n|rule|Evasion Moves Clause: Evasion moves are banned\n|rule|Endless Battle Clause: Forcing endless battles is banned\n|rule|HP Percentage Mod: HP is shown in percentages\n|clearpoke\n|poke|p1|Iron Hands|\n|poke|p1|Kyogre|\n|poke|p1|Chien-Pao|\n|poke|p1|Ribombee, M|\n|poke|p1|Miraidon|\n|poke|p1|Flutter Mane|\n|poke|p2|Arceus-Ground|\n|poke|p2|Annihilape, M|\n|poke|p2|Zacian-*|\n|poke|p2|Miraidon|\n|poke|p2|Koraidon|\n|poke|p2|Rayquaza|\n|teampreview\n|inactive|Battle timer is ON: inactive players will automatically lose when time's up. (requested by Anne Frankkkk)\n|\n|t:|1698341947\n|start\n|switch|p1a: Moonblast|Ribombee, M, shiny|100\/100\n|switch|p2a: Annihilape|Annihilape, M|100\/100\n|turn|1\n|\n|t:|1698341955\n|move|p1a: Moonblast|Sticky Web|p2a: Annihilape\n|-sidestart|p2: Xeni.18|move: Sticky Web\n|move|p2a: Annihilape|Stealth Rock|p1a: Moonblast\n|-sidestart|p1: Anne Frankkkk|move: Stealth Rock\n|\n|upkeep\n|turn|2\n|\n|t:|1698341964\n|move|p1a: Moonblast|Moonblast|p2a: Annihilape\n|-supereffective|p2a: Annihilape\n|-damage|p2a: Annihilape|29\/100\n|move|p2a: Annihilape|Taunt|p1a: Moonblast\n|-start|p1a: Moonblast|move: Taunt\n|\n|upkeep\n|turn|3\n|\n|t:|1698341972\n|move|p1a: Moonblast|Moonblast|p2a: Annihilape\n|-supereffective|p2a: Annihilape\n|-damage|p2a: Annihilape|0 fnt\n|faint|p2a: Annihilape\n|\n|upkeep\n|\n|t:|1698341981\n|switch|p2a: Koraidon|Koraidon|100\/100\n|-activate|p2a: Koraidon|move: Sticky Web\n|-unboost|p2a: Koraidon|spe|1\n|-weather|SunnyDay|[from] ability: Orichalcum Pulse|[of] p2a: Koraidon\n|-activate|p2a: Koraidon|Orichalcum Pulse|[source]\n|turn|4\n|\n|t:|1698341988\n|move|p1a: Moonblast|Moonblast|p2a: Koraidon\n|-supereffective|p2a: Koraidon\n|-crit|p2a: Koraidon\n|-damage|p2a: Koraidon|0 fnt\n|faint|p2a: Koraidon\n|\n|-weather|SunnyDay|[upkeep]\n|upkeep\n|\n|t:|1698342001\n|switch|p2a: Zacian|Zacian-Crowned|100\/100\n|-activate|p2a: Zacian|move: Sticky Web\n|-unboost|p2a: Zacian|spe|1\n|-ability|p2a: Zacian|Intrepid Sword|boost\n|-boost|p2a: Zacian|atk|1\n|turn|5\n|\n|t:|1698342007\n|move|p1a: Moonblast|Moonblast|p2a: Zacian\n|-resisted|p2a: Zacian\n|-damage|p2a: Zacian|82\/100\n|move|p2a: Zacian|Behemoth Blade|p1a: Moonblast\n|-supereffective|p1a: Moonblast\n|-enditem|p1a: Moonblast|Focus Sash\n|-damage|p1a: Moonblast|1\/100\n|\n|-weather|SunnyDay|[upkeep]\n|-end|p1a: Moonblast|move: Taunt\n|upkeep\n|turn|6\n|\n|t:|1698342020\n|move|p1a: Moonblast|Stun Spore|p2a: Zacian\n|-status|p2a: Zacian|par\n|cant|p2a: Zacian|par\n|\n|-weather|SunnyDay|[upkeep]\n|upkeep\n|turn|7\n|\n|t:|1698342028\n|move|p1a: Moonblast|Moonblast|p2a: Zacian\n|-resisted|p2a: Zacian\n|-damage|p2a: Zacian|64\/100 par\n|move|p2a: Zacian|Behemoth Blade|p1a: Moonblast\n|-supereffective|p1a: Moonblast\n|-damage|p1a: Moonblast|0 fnt\n|faint|p1a: Moonblast\n|\n|-weather|SunnyDay|[upkeep]\n|upkeep\n|\n|t:|1698342042\n|switch|p1a: Cyber Lizard|Miraidon|100\/100\n|-damage|p1a: Cyber Lizard|88\/100|[from] Stealth Rock\n|-fieldstart|move: Electric Terrain|[from] ability: Hadron Engine|[of] p1a: Cyber Lizard\n|-item|p1a: Cyber Lizard|Air Balloon\n|turn|8\n|\n|t:|1698342049\n|move|p1a: Cyber Lizard|Electro Drift|p2a: Zacian\n|-damage|p2a: Zacian|0 fnt\n|faint|p2a: Zacian\n|\n|-weather|none\n|upkeep\n|\n|t:|1698342057\n|switch|p2a: Miraidon|Miraidon|100\/100\n|-activate|p2a: Miraidon|move: Sticky Web\n|-unboost|p2a: Miraidon|spe|1\n|-activate|p2a: Miraidon|ability: Hadron Engine\n|turn|9\n|\n|t:|1698342067\n|move|p2a: Miraidon|Draco Meteor|p1a: Cyber Lizard\n|-supereffective|p1a: Cyber Lizard\n|-damage|p1a: Cyber Lizard|0 fnt\n|-unboost|p2a: Miraidon|spa|2\n|-enditem|p1a: Cyber Lizard|Air Balloon\n|faint|p1a: Cyber Lizard\n|\n|upkeep\n|\n|t:|1698342069\n|switch|p1a: Ice Cat|Chien-Pao|100\/100\n|-damage|p1a: Ice Cat|76\/100|[from] Stealth Rock\n|-ability|p1a: Ice Cat|Sword of Ruin\n|turn|10\n|\n|t:|1698342082\n|switch|p2a: Rayquaza|Rayquaza|100\/100\n|-ability|p2a: Rayquaza|Air Lock\n|move|p1a: Ice Cat|Ice Spinner|p2a: Rayquaza\n|-supereffective|p2a: Rayquaza\n|-enditem|p2a: Rayquaza|Focus Sash\n|-damage|p2a: Rayquaza|1\/100\n|-fieldend|move: Electric Terrain\n|-damage|p1a: Ice Cat|66\/100|[from] item: Life Orb\n|\n|upkeep\n|turn|11\n|\n|t:|1698342093\n|move|p2a: Rayquaza|Extreme Speed|p1a: Ice Cat\n|-damage|p1a: Ice Cat|23\/100\n|move|p1a: Ice Cat|Ice Spinner|p2a: Rayquaza\n|-supereffective|p2a: Rayquaza\n|-damage|p2a: Rayquaza|0 fnt\n|faint|p2a: Rayquaza\n|-damage|p1a: Ice Cat|13\/100|[from] item: Life Orb\n|\n|upkeep\n|\n|t:|1698342102\n|switch|p2a: Arceus|Arceus-Ground|100\/100\n|-activate|p2a: Arceus|move: Sticky Web\n|-unboost|p2a: Arceus|spe|1\n|turn|12\n|\n|t:|1698342108\n|move|p1a: Ice Cat|Ice Spinner|p2a: Arceus\n|-supereffective|p2a: Arceus\n|-crit|p2a: Arceus\n|-damage|p2a: Arceus|0 fnt\n|faint|p2a: Arceus\n|-damage|p1a: Ice Cat|3\/100|[from] item: Life Orb\n|\n|upkeep\n|\n|t:|1698342114\n|switch|p2a: Miraidon|Miraidon|100\/100\n|-activate|p2a: Miraidon|move: Sticky Web\n|-unboost|p2a: Miraidon|spe|1\n|-fieldstart|move: Electric Terrain|[from] ability: Hadron Engine|[of] p2a: Miraidon\n|turn|13\n|\n|t:|1698342121\n|move|p1a: Ice Cat|Sucker Punch|p2a: Miraidon\n|-damage|p2a: Miraidon|29\/100\n|-damage|p1a: Ice Cat|0 fnt|[from] item: Life Orb\n|faint|p1a: Ice Cat\n|move|p2a: Miraidon|Dragon Pulse|p1: Ice Cat|[notarget]\n|-fail|p2a: Miraidon\n|\n|upkeep\n|\n|t:|1698342128\n|switch|p1a: Misdreavius|Flutter Mane, shiny|100\/100\n|-damage|p1a: Misdreavius|88\/100|[from] Stealth Rock\n|-enditem|p1a: Misdreavius|Booster Energy\n|-activate|p1a: Misdreavius|ability: Protosynthesis|[fromitem]\n|-start|p1a: Misdreavius|protosynthesisspe\n|turn|14\n|\n|t:|1698342142\n|move|p1a: Misdreavius|Moonblast|p2a: Miraidon\n|-supereffective|p2a: Miraidon\n|-damage|p2a: Miraidon|0 fnt\n|faint|p2a: Miraidon\n|\n|win|Anne Frankkkk\n|raw|Anne Frankkkk's rating: 1157 &rarr; <strong>1188<\/strong><br \/>(+31 for winning)\n|raw|Xeni.18's rating: 1235 &rarr; <strong>1204<\/strong><br \/>(-31 for losing)\n|l|\u2606Xeni.18\n","uploadtime":1698342166,"views":6,"p1id":"annefrankkkk","p2id":"xeni18","formatid":"gen9ubers","rating":1188,"private":0,"password":""}