{"id":"gen9ubers-1984999069","p1":"Laprasrules12","p2":"Finchely","format":"[Gen 9] Ubers","log":"|j|\u2606Laprasrules12\n|j|\u2606Finchely\n|t:|1699319152\n|gametype|singles\n|player|p1|Laprasrules12|lusamine-nihilego|\n|player|p2|Finchely|acetrainerf|\n|teamsize|p1|6\n|teamsize|p2|6\n|gen|9\n|tier|[Gen 9] Ubers\n|rule|Sleep Clause Mod: Limit one foe put to sleep\n|rule|Species Clause: Limit one of each Pok\u00e9mon\n|rule|OHKO Clause: OHKO moves are banned\n|rule|Evasion Items Clause: Evasion items are banned\n|rule|Evasion Moves Clause: Evasion moves are banned\n|rule|Endless Battle Clause: Forcing endless battles is banned\n|rule|HP Percentage Mod: HP is shown in percentages\n|clearpoke\n|poke|p1|Arceus-Fighting|\n|poke|p1|Espathra, M|\n|poke|p1|Zacian-*|\n|poke|p1|Palkia-Origin|\n|poke|p1|Cyclizar, M|\n|poke|p1|Magearna-Original|\n|poke|p2|Slowking-Galar, M|\n|poke|p2|Sneasler, F|\n|poke|p2|Clefable, M|\n|poke|p2|Zamazenta-*|\n|poke|p2|Arceus-Ghost|\n|poke|p2|Blissey, F|\n|teampreview\n|inactive|Battle timer is ON: inactive players will automatically lose when time's up. (requested by Laprasrules12)\n|c|\u2606Finchely|honestly\n|c|\u2606Finchely|that makes things easier\n|c|\u2606Finchely|not having bax i think\n|c|\u2606Laprasrules12|Fyck\n|\n|t:|1699319173\n|start\n|switch|p1a: Say Gex|Cyclizar, M, shiny|100\/100\n|switch|p2a: Slowking|Slowking-Galar, M|100\/100\n|turn|1\n|\n|t:|1699319178\n|move|p1a: Say Gex|Shed Tail|p1a: Say Gex\n|-start|p1a: Say Gex|Substitute|[from] move: Shed Tail\n|-damage|p1a: Say Gex|50\/100\n|\n|t:|1699319181\n|switch|p1a: Cleopatra|Espathra, M, shiny|100\/100|[from] Shed Tail\n|move|p2a: Slowking|Future Sight|p1a: Cleopatra\n|-start|p2a: Slowking|move: Future Sight\n|\n|upkeep\n|turn|2\n|inactive|Finchely has 270 seconds left.\n|\n|t:|1699319228\n|switch|p2a: Clefable|Clefable, M|100\/100\n|move|p1a: Cleopatra|Calm Mind|p1a: Cleopatra\n|-boost|p1a: Cleopatra|spa|1\n|-boost|p1a: Cleopatra|spd|1\n|\n|-ability|p1a: Cleopatra|Speed Boost|boost\n|-boost|p1a: Cleopatra|spe|1\n|upkeep\n|turn|3\n|\n|t:|1699319237\n|-terastallize|p1a: Cleopatra|Fighting\n|move|p1a: Cleopatra|Tera Blast|p2a: Clefable|[anim] Tera Blast Fighting\n|-resisted|p2a: Clefable\n|-damage|p2a: Clefable|88\/100\n|move|p2a: Clefable|Calm Mind|p2a: Clefable\n|-boost|p2a: Clefable|spa|1\n|-boost|p2a: Clefable|spd|1\n|\n|-end|p1a: Cleopatra|move: Future Sight\n|-supereffective|p1a: Cleopatra\n|-end|p1a: Cleopatra|Substitute\n|-heal|p2a: Clefable|94\/100|[from] item: Leftovers\n|-ability|p1a: Cleopatra|Speed Boost|boost\n|-boost|p1a: Cleopatra|spe|1\n|upkeep\n|turn|4\n|\n|t:|1699319242\n|switch|p1a: Sif|Zacian, shiny|100\/100\n|-ability|p1a: Sif|Intrepid Sword|boost\n|-boost|p1a: Sif|atk|1\n|move|p2a: Clefable|Moonblast|p1a: Sif\n|-damage|p1a: Sif|56\/100\n|\n|-heal|p2a: Clefable|100\/100|[from] item: Leftovers\n|upkeep\n|turn|5\n|c|\u2606Laprasrules12|Fuck\n|inactive|Finchely has 270 seconds left.\n|c|\u2606Finchely|wwoah\n|c|\u2606Finchely|balsy predict\n|c|\u2606Laprasrules12|Ya did it last game\n|c|\u2606Finchely|i did?\n|c|\u2606Laprasrules12|Yes\n|inactive|Finchely has 240 seconds left.\n|inactive|Finchely has 210 seconds left.\n|\n|t:|1699319319\n|switch|p2a: Slowking|Slowking-Galar, M|100\/100\n|move|p1a: Sif|Play Rough|p2a: Slowking|[miss]\n|-miss|p1a: Sif|p2a: Slowking\n|\n|upkeep\n|turn|6\n|c|\u2606Finchely|ooh thats big\n|c|\u2606Laprasrules12|Come on\n|\n|t:|1699319340\n|move|p1a: Sif|Crunch|p2a: Slowking\n|-supereffective|p2a: Slowking\n|-damage|p2a: Slowking|0 fnt\n|faint|p2a: Slowking\n|-damage|p1a: Sif|46\/100|[from] item: Life Orb\n|\n|upkeep\n|inactive|Finchely has 180 seconds left.\n|\n|t:|1699319384\n|switch|p2a: Sneasler|Sneasler, F, shiny|100\/100\n|turn|7\n|\n|t:|1699319389\n|switch|p1a: Pok\u00e9ball|Magearna-Original|100\/100\n|move|p2a: Sneasler|U-turn|p1a: Pok\u00e9ball\n|-resisted|p1a: Pok\u00e9ball\n|-damage|p1a: Pok\u00e9ball|95\/100\n|\n|t:|1699319394\n|switch|p2a: Arceus|Arceus-Ghost|100\/100|[from] U-turn\n|\n|-heal|p1a: Pok\u00e9ball|100\/100|[from] item: Leftovers\n|upkeep\n|turn|8\n|inactive|Finchely has 180 seconds left.\n|\n|t:|1699319412\n|move|p2a: Arceus|Taunt|p1a: Pok\u00e9ball\n|-start|p1a: Pok\u00e9ball|move: Taunt\n|cant|p1a: Pok\u00e9ball|move: Taunt|Thunder Wave\n|\n|upkeep\n|turn|9\n|c|\u2606Laprasrules12|I volt switched every other round\n|inactive|Finchely has 180 seconds left.\n|c|\u2606Laprasrules12|Why\n|\n|t:|1699319420\n|move|p2a: Arceus|Calm Mind|p2a: Arceus\n|-boost|p2a: Arceus|spa|1\n|-boost|p2a: Arceus|spd|1\n|move|p1a: Pok\u00e9ball|Volt Switch|p2a: Arceus\n|-damage|p2a: Arceus|91\/100\n|\n|t:|1699319421\n|switch|p1a: Sif|Zacian, shiny|46\/100|[from] Volt Switch\n|\n|upkeep\n|turn|10\n|c|\u2606Finchely|idk\n|c|\u2606Finchely|felt like guessing\n|\n|t:|1699319434\n|move|p1a: Sif|Crunch|p2a: Arceus\n|-supereffective|p2a: Arceus\n|-damage|p2a: Arceus|43\/100\n|-damage|p1a: Sif|36\/100|[from] item: Life Orb\n|move|p2a: Arceus|Judgment|p1a: Sif\n|-damage|p1a: Sif|0 fnt\n|faint|p1a: Sif\n|\n|upkeep\n|\n|t:|1699319439\n|switch|p1a: Say Gex|Cyclizar, M, shiny|84\/100\n|turn|11\n|\n|t:|1699319443\n|move|p1a: Say Gex|Shed Tail|p1a: Say Gex\n|-start|p1a: Say Gex|Substitute|[from] move: Shed Tail\n|-damage|p1a: Say Gex|34\/100\n|\n|t:|1699319446\n|switch|p1a: The Horse|Palkia-Origin, shiny|100\/100|[from] Shed Tail\n|-ability|p1a: The Horse|Pressure\n|move|p2a: Arceus|Recover|p2a: Arceus\n|-heal|p2a: Arceus|93\/100\n|\n|upkeep\n|turn|12\n|inactive|Finchely has 210 seconds left.\n|\n|t:|1699319451\n|move|p2a: Arceus|Judgment|p1a: The Horse\n|-end|p1a: The Horse|Substitute\n|move|p1a: The Horse|Spacial Rend|p2a: Arceus\n|-crit|p2a: Arceus\n|-damage|p2a: Arceus|22\/100\n|\n|upkeep\n|turn|13\n|c|\u2606Finchely|oof wow\n|inactive|Finchely has 210 seconds left.\n|c|\u2606Finchely|i suppose that makes up for my rng\n|\n|t:|1699319470\n|move|p2a: Arceus|Judgment|p1a: The Horse\n|-damage|p1a: The Horse|34\/100\n|move|p1a: The Horse|Hydro Pump|p2a: Arceus\n|-damage|p2a: Arceus|0 fnt\n|faint|p2a: Arceus\n|\n|upkeep\n|c|\u2606Finchely|maybe i shouldve just recovered tho\n|\n|t:|1699319498\n|switch|p2a: Zamazenta|Zamazenta-Crowned|100\/100\n|-ability|p2a: Zamazenta|Dauntless Shield|boost\n|-boost|p2a: Zamazenta|def|1\n|turn|14\n|\n|t:|1699319502\n|-terastallize|p2a: Zamazenta|Water\n|move|p2a: Zamazenta|Iron Defense|p2a: Zamazenta\n|-boost|p2a: Zamazenta|def|2\n|move|p1a: The Horse|Flamethrower|p2a: Zamazenta\n|-resisted|p2a: Zamazenta\n|-damage|p2a: Zamazenta|87\/100\n|\n|upkeep\n|turn|15\n|c|\u2606Laprasrules12|...\n|\n|t:|1699319523\n|move|p2a: Zamazenta|Iron Defense|p2a: Zamazenta\n|-boost|p2a: Zamazenta|def|2\n|move|p1a: The Horse|Spacial Rend|p2a: Zamazenta\n|-damage|p2a: Zamazenta|31\/100\n|\n|upkeep\n|turn|16\n|\n|t:|1699319529\n|move|p2a: Zamazenta|Body Press|p1a: The Horse\n|-crit|p1a: The Horse\n|-damage|p1a: The Horse|0 fnt\n|faint|p1a: The Horse\n|\n|upkeep\n|\n|t:|1699319535\n|switch|p1a: Pok\u00e9ball|Magearna-Original|100\/100\n|turn|17\n|c|\u2606Finchely|hopefully this works\n|\n|t:|1699319551\n|move|p2a: Zamazenta|Body Press|p1a: Pok\u00e9ball\n|-damage|p1a: Pok\u00e9ball|0 fnt\n|faint|p1a: Pok\u00e9ball\n|\n|upkeep\n|\n|t:|1699319556\n|switch|p1a: Cleopatra|Espathra, M, shiny, tera:Fighting|100\/100\n|turn|18\n|\n|t:|1699319559\n|move|p1a: Cleopatra|Protect|p1a: Cleopatra\n|-singleturn|p1a: Cleopatra|Protect\n|move|p2a: Zamazenta|Body Press|p1a: Cleopatra\n|-activate|p1a: Cleopatra|move: Protect\n|\n|-ability|p1a: Cleopatra|Speed Boost|boost\n|-boost|p1a: Cleopatra|spe|1\n|upkeep\n|turn|19\n|\n|t:|1699319566\n|move|p1a: Cleopatra|Tera Blast|p2a: Zamazenta|[anim] Tera Blast Fighting\n|-damage|p2a: Zamazenta|0 fnt\n|faint|p2a: Zamazenta\n|\n|-ability|p1a: Cleopatra|Speed Boost|boost\n|-boost|p1a: Cleopatra|spe|1\n|upkeep\n|c|\u2606Finchely|ooh\n|c|\u2606Finchely|hmm\n|inactive|Finchely has 210 seconds left.\n|\n|t:|1699319578\n|switch|p2a: Clefable|Clefable, M|100\/100\n|turn|20\n|\n|t:|1699319584\n|move|p1a: Cleopatra|Calm Mind|p1a: Cleopatra\n|-boost|p1a: Cleopatra|spa|1\n|-boost|p1a: Cleopatra|spd|1\n|move|p2a: Clefable|Calm Mind|p2a: Clefable\n|-boost|p2a: Clefable|spa|1\n|-boost|p2a: Clefable|spd|1\n|\n|-ability|p1a: Cleopatra|Speed Boost|boost\n|-boost|p1a: Cleopatra|spe|1\n|upkeep\n|turn|21\n|\n|t:|1699319588\n|move|p1a: Cleopatra|Stored Power|p2a: Clefable\n|-damage|p2a: Clefable|75\/100\n|move|p2a: Clefable|Calm Mind|p2a: Clefable\n|-boost|p2a: Clefable|spa|1\n|-boost|p2a: Clefable|spd|1\n|\n|-heal|p2a: Clefable|81\/100|[from] item: Leftovers\n|-ability|p1a: Cleopatra|Speed Boost|boost\n|-boost|p1a: Cleopatra|spe|1\n|upkeep\n|turn|22\n|\n|t:|1699319592\n|move|p1a: Cleopatra|Calm Mind|p1a: Cleopatra\n|-boost|p1a: Cleopatra|spa|1\n|-boost|p1a: Cleopatra|spd|1\n|move|p2a: Clefable|Moonblast|p1a: Cleopatra\n|-supereffective|p1a: Cleopatra\n|-damage|p1a: Cleopatra|0 fnt\n|faint|p1a: Cleopatra\n|\n|-heal|p2a: Clefable|87\/100|[from] item: Leftovers\n|upkeep\n|c|\u2606Laprasrules12|And... I lost\n|\n|t:|1699319600\n|switch|p1a: Kratos|Arceus-Fighting, shiny|100\/100\n|turn|23\n|c|\u2606Finchely|i think i win?\n|\n|t:|1699319606\n|move|p1a: Kratos|Cosmic Power|p1a: Kratos\n|-boost|p1a: Kratos|def|1\n|-boost|p1a: Kratos|spd|1\n|move|p2a: Clefable|Calm Mind|p2a: Clefable\n|-boost|p2a: Clefable|spa|1\n|-boost|p2a: Clefable|spd|1\n|\n|-heal|p2a: Clefable|93\/100|[from] item: Leftovers\n|upkeep\n|turn|24\n|\n|t:|1699319610\n|move|p1a: Kratos|Cosmic Power|p1a: Kratos\n|-boost|p1a: Kratos|def|1\n|-boost|p1a: Kratos|spd|1\n|move|p2a: Clefable|Calm Mind|p2a: Clefable\n|-boost|p2a: Clefable|spa|1\n|-boost|p2a: Clefable|spd|1\n|\n|-heal|p2a: Clefable|99\/100|[from] item: Leftovers\n|upkeep\n|turn|25\n|\n|t:|1699319615\n|move|p1a: Kratos|Body Press|p2a: Clefable\n|-resisted|p2a: Clefable\n|-damage|p2a: Clefable|75\/100\n|move|p2a: Clefable|Moonblast|p1a: Kratos\n|-supereffective|p1a: Kratos\n|-damage|p1a: Kratos|0 fnt\n|faint|p1a: Kratos\n|\n|-heal|p2a: Clefable|81\/100|[from] item: Leftovers\n|upkeep\n|-message|Laprasrules12 forfeited.\n|\n|win|Finchely\n|l|\u2606Laprasrules12\n|c|\u2606Finchely|gg\n","uploadtime":1699319627,"views":15,"p1id":"laprasrules12","p2id":"finchely","formatid":"gen9ubers","rating":0,"private":0,"password":""}