{"id":"gen9ubers-1999406406","p1":"Desperation11","p2":"BigWeldFan112","format":"[Gen 9] Ubers","log":"|j|\u2606Desperation11\n|j|\u2606BigWeldFan112\n|t:|1701075132\n|gametype|singles\n|player|p1|Desperation11|rocketgrunt|1077\n|player|p2|BigWeldFan112|170|1040\n|teamsize|p1|6\n|teamsize|p2|6\n|gen|9\n|tier|[Gen 9] Ubers\n|rated|\n|rule|Sleep Clause Mod: Limit one foe put to sleep\n|rule|Species Clause: Limit one of each Pok\u00e9mon\n|rule|OHKO Clause: OHKO moves are banned\n|rule|Evasion Items Clause: Evasion items are banned\n|rule|Evasion Moves Clause: Evasion moves are banned\n|rule|Endless Battle Clause: Forcing endless battles is banned\n|rule|HP Percentage Mod: HP is shown in percentages\n|clearpoke\n|poke|p1|Goomy, M|\n|poke|p1|Misdreavus, F|\n|poke|p1|Litwick, L1, M|\n|poke|p1|Cacnea, M|\n|poke|p1|Pichu, F|\n|poke|p1|Heatran, F|\n|poke|p2|Pincurchin, F|\n|poke|p2|Raichu-Alola, M|\n|poke|p2|Sneasler, F|\n|poke|p2|Rotom-Wash|\n|poke|p2|Iron Hands|\n|poke|p2|Zapdos|\n|teampreview\n|c|\u2606BigWeldFan112|Gl hf\n|c|\u2606Desperation11|gl\n|c|\u2606Desperation11|hf\n|\n|t:|1701075147\n|start\n|switch|p1a: Litwick|Litwick, L1, M|100\/100\n|switch|p2a: Pincurchin|Pincurchin, F|100\/100\n|-fieldstart|move: Electric Terrain|[from] ability: Electric Surge|[of] p2a: Pincurchin\n|turn|1\n|\n|t:|1701075157\n|move|p1a: Litwick|Protect|p1a: Litwick\n|-singleturn|p1a: Litwick|Protect\n|move|p2a: Pincurchin|Scald|p1a: Litwick\n|-activate|p1a: Litwick|move: Protect\n|\n|upkeep\n|turn|2\n|\n|t:|1701075163\n|move|p2a: Pincurchin|Toxic Spikes|p1a: Litwick\n|-sidestart|p1: Desperation11|move: Toxic Spikes\n|move|p1a: Litwick|Pain Split|p2a: Pincurchin\n|-sethp|p2a: Pincurchin|52\/100|[from] move: Pain Split|[silent]\n|-sethp|p1a: Litwick|100\/100|[from] move: Pain Split\n|\n|upkeep\n|turn|3\n|\n|t:|1701075171\n|move|p2a: Pincurchin|Toxic Spikes|p1a: Litwick\n|-sidestart|p1: Desperation11|move: Toxic Spikes\n|move|p1a: Litwick|Trick Room|p1a: Litwick\n|-fieldstart|move: Trick Room|[of] p1a: Litwick\n|\n|upkeep\n|turn|4\n|\n|t:|1701075177\n|move|p1a: Litwick|Taunt|p2a: Pincurchin\n|-start|p2a: Pincurchin|move: Taunt\n|move|p2a: Pincurchin|Scald|p1a: Litwick\n|-supereffective|p1a: Litwick\n|-enditem|p1a: Litwick|Focus Sash\n|-damage|p1a: Litwick|9\/100\n|\n|upkeep\n|turn|5\n|\n|t:|1701075189\n|move|p1a: Litwick|Pain Split|p2a: Pincurchin\n|-sethp|p2a: Pincurchin|26\/100|[from] move: Pain Split|[silent]\n|-sethp|p1a: Litwick|100\/100|[from] move: Pain Split\n|move|p2a: Pincurchin|Scald|p1a: Litwick\n|-supereffective|p1a: Litwick\n|-damage|p1a: Litwick|0 fnt\n|faint|p1a: Litwick\n|\n|upkeep\n|\n|t:|1701075202\n|switch|p1a: Pichu|Pichu, F, shiny|100\/100\n|-item|p1a: Pichu|Air Balloon\n|turn|6\n|\n|t:|1701075209\n|move|p1a: Pichu|Fake Out|p2a: Pincurchin\n|-damage|p2a: Pincurchin|19\/100\n|cant|p2a: Pincurchin|flinch\n|\n|-end|p2a: Pincurchin|move: Taunt\n|upkeep\n|turn|7\n|\n|t:|1701075218\n|switch|p1a: Cacnea|Cacnea, M, shiny|100\/100\n|-item|p1a: Cacnea|Air Balloon\n|move|p2a: Pincurchin|Scald|p1a: Cacnea\n|-immune|p1a: Cacnea|[from] ability: Water Absorb\n|\n|-fieldend|move: Trick Room\n|upkeep\n|turn|8\n|\n|t:|1701075235\n|switch|p2a: Sneasler|Sneasler, F|100\/100\n|-enditem|p2a: Sneasler|Electric Seed\n|-boost|p2a: Sneasler|def|1|[from] item: Electric Seed\n|move|p1a: Cacnea|Encore||[still]\n|-fail|p1a: Cacnea\n|\n|-fieldend|move: Electric Terrain\n|upkeep\n|turn|9\n|\n|t:|1701075253\n|switch|p1a: Misdreavus|Misdreavus, F|100\/100\n|-terastallize|p2a: Sneasler|Ghost\n|move|p2a: Sneasler|Dire Claw|p1a: Misdreavus\n|-resisted|p1a: Misdreavus\n|-damage|p1a: Misdreavus|75\/100\n|-status|p1a: Misdreavus|slp\n|\n|upkeep\n|turn|10\n|\n|t:|1701075264\n|cant|p1a: Misdreavus|slp\n|move|p2a: Sneasler|Shadow Claw|p1a: Misdreavus\n|-supereffective|p1a: Misdreavus\n|-damage|p1a: Misdreavus|0 fnt\n|faint|p1a: Misdreavus\n|\n|upkeep\n|\n|t:|1701075274\n|switch|p1a: Heatran|Heatran, F|100\/100\n|-item|p1a: Heatran|Air Balloon\n|turn|11\n|\n|t:|1701075283\n|move|p1a: Heatran|Protect|p1a: Heatran\n|-singleturn|p1a: Heatran|Protect\n|move|p2a: Sneasler|Swords Dance|p2a: Sneasler\n|-boost|p2a: Sneasler|atk|2\n|\n|upkeep\n|turn|12\n|\n|t:|1701075292\n|-terastallize|p1a: Heatran|Dark\n|move|p2a: Sneasler|Close Combat|p1a: Heatran\n|-supereffective|p1a: Heatran\n|-damage|p1a: Heatran|0 fnt\n|-unboost|p2a: Sneasler|def|1\n|-unboost|p2a: Sneasler|spd|1\n|-enditem|p1a: Heatran|Air Balloon\n|faint|p1a: Heatran\n|\n|upkeep\n|c|\u2606Desperation11|oof\n|\n|t:|1701075300\n|switch|p1a: Pichu|Pichu, F, shiny|100\/100\n|-item|p1a: Pichu|Air Balloon\n|turn|13\n|\n|t:|1701075319\n|move|p1a: Pichu|Protect|p1a: Pichu\n|-singleturn|p1a: Pichu|Protect\n|move|p2a: Sneasler|Dire Claw|p1a: Pichu\n|-activate|p1a: Pichu|move: Protect\n|\n|upkeep\n|turn|14\n|\n|t:|1701075324\n|move|p1a: Pichu|Fake Out||[still]\n|-hint|Fake Out only works on your first turn out.\n|-fail|p1a: Pichu\n|move|p2a: Sneasler|Dire Claw|p1a: Pichu\n|-damage|p1a: Pichu|0 fnt\n|-enditem|p1a: Pichu|Air Balloon\n|faint|p1a: Pichu\n|\n|upkeep\n|\n|t:|1701075332\n|switch|p1a: Goomy|Goomy, M|100\/100\n|-item|p1a: Goomy|Air Balloon\n|turn|15\n|c|\u2606BigWeldFan112|Can i ask what the point of your team is?\n|\n|t:|1701075350\n|move|p1a: Goomy|Endure|p1a: Goomy\n|-singleturn|p1a: Goomy|move: Endure\n|move|p2a: Sneasler|Dire Claw|p1a: Goomy\n|-activate|p1a: Goomy|move: Endure\n|-damage|p1a: Goomy|1\/100\n|-enditem|p1a: Goomy|Air Balloon\n|\n|upkeep\n|turn|16\n|c|\u2606Desperation11|I was going for as many immunities as possible\n|\n|t:|1701075360\n|move|p1a: Goomy|Protect|p1a: Goomy\n|-singleturn|p1a: Goomy|Protect\n|move|p2a: Sneasler|Dire Claw|p1a: Goomy\n|-activate|p1a: Goomy|move: Protect\n|\n|upkeep\n|turn|17\n|\n|t:|1701075376\n|move|p1a: Goomy|Endure|p1a: Goomy\n|-singleturn|p1a: Goomy|move: Endure\n|move|p2a: Sneasler|Dire Claw|p1a: Goomy\n|-activate|p1a: Goomy|move: Endure\n|-damage|p1a: Goomy|1\/100\n|-status|p1a: Goomy|slp\n|\n|upkeep\n|turn|18\n|c|\u2606Desperation11|water absorb\n|c|\u2606BigWeldFan112|But why baby pokemon?\n|c|\u2606Desperation11|funnier that way\n|c|\u2606BigWeldFan112|Sure\n|inactive|Battle timer is ON: inactive players will automatically lose when time's up. (requested by BigWeldFan112)\n|c|\u2606Desperation11|Heatran was the only steel type with flash fire\n|\n|t:|1701075413\n|move|p2a: Sneasler|Dire Claw|p1a: Goomy\n|-crit|p1a: Goomy\n|-damage|p1a: Goomy|0 fnt\n|faint|p1a: Goomy\n|\n|upkeep\n|\n|t:|1701075415\n|switch|p1a: Cacnea|Cacnea, M, shiny|100\/100\n|-item|p1a: Cacnea|Air Balloon\n|turn|19\n|\n|t:|1701075423\n|move|p2a: Sneasler|Dire Claw|p1a: Cacnea\n|-supereffective|p1a: Cacnea\n|-damage|p1a: Cacnea|0 fnt\n|-enditem|p1a: Cacnea|Air Balloon\n|faint|p1a: Cacnea\n|\n|win|BigWeldFan112\n|raw|Desperation11's rating: 1077 &rarr; <strong>1053<\/strong><br \/>(-24 for losing)\n|raw|BigWeldFan112's rating: 1040 &rarr; <strong>1078<\/strong><br \/>(+38 for winning)\n|c|\u2606Desperation11|gg\n|c|\u2606BigWeldFan112|Gg i guess lol\n","uploadtime":1701075446,"views":26,"p1id":"desperation11","p2id":"bigweldfan112","formatid":"gen9ubers","rating":1053,"private":0,"password":""}