{"id":"gen9ubers-1989214746","p1":"Nugget O Silver","p2":"Dragon Master Rosa","format":"[Gen 9] Ubers","log":"|j|\u2606Nugget O Silver\n|j|\u2606Dragon Master Rosa\n|t:|1699824237\n|gametype|singles\n|player|p1|Nugget O Silver|colress|\n|player|p2|Dragon Master Rosa|dragontamer-gen9|\n|teamsize|p1|6\n|teamsize|p2|6\n|gen|9\n|tier|[Gen 9] Ubers\n|rule|Sleep Clause Mod: Limit one foe put to sleep\n|rule|Species Clause: Limit one of each Pok\u00e9mon\n|rule|OHKO Clause: OHKO moves are banned\n|rule|Evasion Items Clause: Evasion items are banned\n|rule|Evasion Moves Clause: Evasion moves are banned\n|rule|Endless Battle Clause: Forcing endless battles is banned\n|rule|HP Percentage Mod: HP is shown in percentages\n|clearpoke\n|poke|p1|Rayquaza|\n|poke|p1|Groudon|\n|poke|p1|Giratina-Origin|\n|poke|p1|Arceus-Poison|\n|poke|p1|Basculegion-F, F|\n|poke|p1|Palkia|\n|poke|p2|Slowking-Galar, M|\n|poke|p2|Groudon|\n|poke|p2|Arceus-Fairy|\n|poke|p2|Iron Valiant|\n|poke|p2|Greninja-*, M|\n|poke|p2|Basculegion-F, F|\n|teampreview\n|\n|t:|1699824264\n|start\n|switch|p1a: Palkia|Palkia|100\/100\n|switch|p2a: Groudon|Groudon|100\/100\n|-ability|p1a: Palkia|Pressure\n|-weather|SunnyDay|[from] ability: Drought|[of] p2a: Groudon\n|turn|1\n|\n|t:|1699824275\n|move|p1a: Palkia|Trick|p2a: Groudon\n|-activate|p1a: Palkia|move: Trick|[of] p2a: Groudon\n|-item|p2a: Groudon|Choice Scarf|[from] move: Trick\n|-item|p1a: Palkia|Choice Specs|[from] move: Trick\n|move|p2a: Groudon|Dragon Pulse|p1a: Palkia\n|-supereffective|p1a: Palkia\n|-damage|p1a: Palkia|54\/100\n|\n|-weather|SunnyDay|[upkeep]\n|upkeep\n|turn|2\n|\n|t:|1699824287\n|move|p2a: Groudon|Dragon Pulse|p1a: Palkia\n|-supereffective|p1a: Palkia\n|-damage|p1a: Palkia|11\/100\n|move|p1a: Palkia|Outrage|p2a: Groudon\n|-damage|p2a: Groudon|56\/100\n|\n|-weather|SunnyDay|[upkeep]\n|upkeep\n|turn|3\n|\n|t:|1699824293\n|move|p2a: Groudon|Dragon Pulse|p1a: Palkia\n|-supereffective|p1a: Palkia\n|-damage|p1a: Palkia|0 fnt\n|faint|p1a: Palkia\n|\n|-weather|SunnyDay|[upkeep]\n|upkeep\n|\n|t:|1699824304\n|switch|p1a: Arceus|Arceus-Poison|100\/100\n|turn|4\n|\n|t:|1699824311\n|switch|p2a: Slowking|Slowking-Galar, M|100\/100\n|move|p1a: Arceus|Dragon Dance|p1a: Arceus\n|-boost|p1a: Arceus|atk|1\n|-boost|p1a: Arceus|spe|1\n|\n|-weather|SunnyDay|[upkeep]\n|upkeep\n|turn|5\n|\n|t:|1699824318\n|move|p1a: Arceus|Dragon Dance|p1a: Arceus\n|-boost|p1a: Arceus|atk|1\n|-boost|p1a: Arceus|spe|1\n|move|p2a: Slowking|Chilly Reception|p2a: Slowking\n|-weather|Snow\n|\n|t:|1699824335\n|switch|p2a: Arceus|Arceus-Fairy|100\/100|[from] Chilly Reception\n|\n|-weather|Snow|[upkeep]\n|upkeep\n|turn|6\n|\n|t:|1699824340\n|move|p1a: Arceus|Gunk Shot|p2a: Arceus\n|-supereffective|p2a: Arceus\n|-damage|p2a: Arceus|0 fnt\n|faint|p2a: Arceus\n|\n|-weather|Snow|[upkeep]\n|upkeep\n|\n|t:|1699824342\n|switch|p2a: Greninja|Greninja, M|100\/100\n|turn|7\n|\n|t:|1699824353\n|move|p1a: Arceus|Gunk Shot|p2a: Greninja|[miss]\n|-miss|p1a: Arceus|p2a: Greninja\n|move|p2a: Greninja|Swords Dance|p2a: Greninja\n|-boost|p2a: Greninja|atk|2\n|\n|-weather|Snow|[upkeep]\n|upkeep\n|turn|8\n|\n|t:|1699824359\n|-terastallize|p1a: Arceus|Normal\n|move|p1a: Arceus|Extreme Speed|p2a: Greninja\n|-enditem|p2a: Greninja|Focus Sash\n|-damage|p2a: Greninja|1\/100\n|move|p2a: Greninja|Swords Dance|p2a: Greninja\n|-boost|p2a: Greninja|atk|2\n|\n|-weather|Snow|[upkeep]\n|upkeep\n|turn|9\n|\n|t:|1699824369\n|move|p1a: Arceus|Extreme Speed|p2a: Greninja\n|-damage|p2a: Greninja|0 fnt\n|faint|p2a: Greninja\n|\n|-weather|none\n|upkeep\n|\n|t:|1699824371\n|switch|p2a: Slowking|Slowking-Galar, M|100\/100\n|turn|10\n|\n|t:|1699824398\n|move|p1a: Arceus|Flare Blitz|p2a: Slowking\n|-damage|p2a: Slowking|11\/100\n|-damage|p1a: Arceus|74\/100|[from] Recoil\n|move|p2a: Slowking|Psychic Terrain|p2a: Slowking\n|-fieldstart|move: Psychic Terrain\n|\n|upkeep\n|turn|11\n|\n|t:|1699824413\n|switch|p2a: Groudon|Groudon|56\/100\n|-weather|SunnyDay|[from] ability: Drought|[of] p2a: Groudon\n|move|p1a: Arceus|Extreme Speed|p2a: Groudon\n|-activate|p2a: Groudon|move: Psychic Terrain\n|\n|-weather|SunnyDay|[upkeep]\n|upkeep\n|turn|12\n|\n|t:|1699824424\n|move|p1a: Arceus|Flare Blitz|p2a: Groudon\n|-damage|p2a: Groudon|0 fnt\n|faint|p2a: Groudon\n|-damage|p1a: Arceus|59\/100|[from] Recoil\n|\n|-weather|SunnyDay|[upkeep]\n|upkeep\n|\n|t:|1699824428\n|switch|p2a: Iron Valiant|Iron Valiant|100\/100\n|-enditem|p2a: Iron Valiant|Booster Energy\n|-activate|p2a: Iron Valiant|ability: Quark Drive|[fromitem]\n|-start|p2a: Iron Valiant|quarkdrivespe\n|turn|13\n|\n|t:|1699824430\n|move|p1a: Arceus|Flare Blitz|p2a: Iron Valiant\n|-damage|p2a: Iron Valiant|0 fnt\n|faint|p2a: Iron Valiant\n|-end|p2a: Iron Valiant|Quark Drive|[silent]\n|-damage|p1a: Arceus|37\/100|[from] Recoil\n|\n|-weather|SunnyDay|[upkeep]\n|upkeep\n|\n|t:|1699824434\n|switch|p2a: Slowking|Slowking-Galar, M|45\/100\n|turn|14\n|\n|t:|1699824444\n|move|p1a: Arceus|Flare Blitz|p2a: Slowking\n|-damage|p2a: Slowking|0 fnt\n|faint|p2a: Slowking\n|-damage|p1a: Arceus|24\/100|[from] Recoil\n|\n|-weather|SunnyDay|[upkeep]\n|upkeep\n|\n|t:|1699824447\n|switch|p2a: Basculegion|Basculegion-F, F|100\/100\n|turn|15\n|c|\u2606Dragon Master Rosa|ggwp\n|\n|t:|1699824496\n|move|p1a: Arceus|Flare Blitz|p2a: Basculegion\n|-resisted|p2a: Basculegion\n|-damage|p2a: Basculegion|13\/100\n|-damage|p1a: Arceus|0 fnt|[from] Recoil\n|faint|p1a: Arceus\n|move|p2a: Basculegion|Wave Crash|p1: Arceus|[notarget]\n|-fail|p2a: Basculegion\n|\n|-weather|none\n|upkeep\n|\n|t:|1699824500\n|switch|p1a: Rayquaza|Rayquaza|100\/100\n|-ability|p1a: Rayquaza|Air Lock\n|turn|16\n|\n|t:|1699824503\n|move|p2a: Basculegion|Wave Crash|p1a: Rayquaza\n|-resisted|p1a: Rayquaza\n|-damage|p1a: Rayquaza|67\/100\n|-damage|p2a: Basculegion|3\/100|[from] Recoil\n|move|p1a: Rayquaza|Draco Meteor|p2a: Basculegion\n|-damage|p2a: Basculegion|0 fnt\n|-unboost|p1a: Rayquaza|spa|2\n|faint|p2a: Basculegion\n|\n|win|Nugget O Silver\n","uploadtime":1699824530,"views":21,"p1id":"nuggetosilver","p2id":"dragonmasterrosa","formatid":"gen9ubers","rating":0,"private":0,"password":""}