{"id":"gen9ubers-1983776498","p1":"KarmaKazama0","p2":"wowgueur","format":"[Gen 9] Ubers","log":"|j|\u2606KarmaKazama0\n|j|\u2606wowgueur\n|t:|1699178908\n|gametype|singles\n|player|p1|KarmaKazama0|1|1205\n|player|p2|wowgueur|cynthia|1000\n|teamsize|p1|6\n|teamsize|p2|6\n|gen|9\n|tier|[Gen 9] Ubers\n|rated|\n|rule|Sleep Clause Mod: Limit one foe put to sleep\n|rule|Species Clause: Limit one of each Pok\u00e9mon\n|rule|OHKO Clause: OHKO moves are banned\n|rule|Evasion Items Clause: Evasion items are banned\n|rule|Evasion Moves Clause: Evasion moves are banned\n|rule|Endless Battle Clause: Forcing endless battles is banned\n|rule|HP Percentage Mod: HP is shown in percentages\n|clearpoke\n|poke|p1|Kyogre|\n|poke|p1|Flutter Mane|\n|poke|p1|Toxapex, M|\n|poke|p1|Koraidon|\n|poke|p1|Groudon|\n|poke|p1|Zacian-*|\n|poke|p2|Blissey, F|\n|poke|p2|Arceus|\n|poke|p2|Iron Bundle|\n|poke|p2|Dondozo, M|\n|poke|p2|Regieleki|\n|poke|p2|Flutter Mane|\n|teampreview\n|inactive|Battle timer is ON: inactive players will automatically lose when time's up. (requested by wowgueur)\n|\n|t:|1699178924\n|start\n|switch|p1a: Koraidon|Koraidon|100\/100\n|switch|p2a: Iron Bundle|Iron Bundle|100\/100\n|-weather|SunnyDay|[from] ability: Orichalcum Pulse|[of] p1a: Koraidon\n|-activate|p1a: Koraidon|Orichalcum Pulse|[source]\n|turn|1\n|\n|t:|1699178932\n|move|p1a: Koraidon|Flare Blitz|p2a: Iron Bundle\n|-damage|p2a: Iron Bundle|0 fnt\n|faint|p2a: Iron Bundle\n|-end|p2a: Iron Bundle|Quark Drive|[silent]\n|-damage|p1a: Koraidon|76\/100|[from] Recoil\n|\n|-weather|SunnyDay|[upkeep]\n|upkeep\n|\n|t:|1699178938\n|switch|p2a: Dondozo|Dondozo, M|100\/100\n|turn|2\n|\n|t:|1699178945\n|switch|p1a: Flutter Mane|Flutter Mane|100\/100\n|-activate|p1a: Flutter Mane|ability: Protosynthesis\n|-start|p1a: Flutter Mane|protosynthesisspe\n|move|p2a: Dondozo|Liquidation|p1a: Flutter Mane\n|-damage|p1a: Flutter Mane|71\/100\n|\n|-weather|SunnyDay|[upkeep]\n|upkeep\n|turn|3\n|\n|t:|1699178954\n|switch|p2a: Blissey|Blissey, F|100\/100\n|move|p1a: Flutter Mane|Taunt|p2a: Blissey\n|-start|p2a: Blissey|move: Taunt\n|\n|-weather|SunnyDay|[upkeep]\n|upkeep\n|turn|4\n|\n|t:|1699178957\n|move|p1a: Flutter Mane|Calm Mind|p1a: Flutter Mane\n|-boost|p1a: Flutter Mane|spa|1\n|-boost|p1a: Flutter Mane|spd|1\n|move|p2a: Blissey|Seismic Toss|p1a: Flutter Mane\n|-immune|p1a: Flutter Mane\n|\n|-weather|SunnyDay|[upkeep]\n|upkeep\n|turn|5\n|\n|t:|1699178959\n|switch|p2a: Dondozo|Dondozo, M|100\/100\n|move|p1a: Flutter Mane|Calm Mind|p1a: Flutter Mane\n|-boost|p1a: Flutter Mane|spa|1\n|-boost|p1a: Flutter Mane|spd|1\n|\n|-weather|none\n|-end|p1a: Flutter Mane|Protosynthesis\n|upkeep\n|turn|6\n|\n|t:|1699178964\n|move|p1a: Flutter Mane|Taunt|p2a: Dondozo\n|-start|p2a: Dondozo|move: Taunt\n|cant|p2a: Dondozo|move: Taunt|Curse\n|\n|upkeep\n|turn|7\n|\n|t:|1699178969\n|move|p1a: Flutter Mane|Calm Mind|p1a: Flutter Mane\n|-boost|p1a: Flutter Mane|spa|1\n|-boost|p1a: Flutter Mane|spd|1\n|move|p2a: Dondozo|Liquidation|p1a: Flutter Mane\n|-damage|p1a: Flutter Mane|7\/100\n|\n|upkeep\n|turn|8\n|\n|t:|1699178972\n|move|p1a: Flutter Mane|Moonblast|p2a: Dondozo\n|-damage|p2a: Dondozo|55\/100\n|-unboost|p2a: Dondozo|spa|1\n|move|p2a: Dondozo|Liquidation|p1a: Flutter Mane\n|-damage|p1a: Flutter Mane|0 fnt\n|faint|p1a: Flutter Mane\n|-end|p1a: Flutter Mane|Protosynthesis|[silent]\n|\n|-heal|p2a: Dondozo|61\/100|[from] item: Leftovers\n|-end|p2a: Dondozo|move: Taunt\n|upkeep\n|\n|t:|1699178980\n|switch|p1a: Kyogre|Kyogre|100\/100\n|-weather|RainDance|[from] ability: Drizzle|[of] p1a: Kyogre\n|turn|9\n|\n|t:|1699178986\n|switch|p1a: Koraidon|Koraidon|76\/100\n|-weather|SunnyDay|[from] ability: Orichalcum Pulse|[of] p1a: Koraidon\n|-activate|p1a: Koraidon|Orichalcum Pulse|[source]\n|switch|p2a: Blissey|Blissey, F|100\/100\n|\n|-weather|SunnyDay|[upkeep]\n|upkeep\n|turn|10\n|\n|t:|1699178996\n|switch|p2a: Dondozo|Dondozo, M|61\/100\n|move|p1a: Koraidon|Low Kick|p2a: Dondozo\n|-damage|p2a: Dondozo|20\/100\n|\n|-weather|SunnyDay|[upkeep]\n|-heal|p2a: Dondozo|26\/100|[from] item: Leftovers\n|upkeep\n|turn|11\n|\n|t:|1699179006\n|move|p1a: Koraidon|Low Kick|p2a: Dondozo\n|-damage|p2a: Dondozo|0 fnt\n|faint|p2a: Dondozo\n|\n|-weather|SunnyDay|[upkeep]\n|upkeep\n|\n|t:|1699179008\n|switch|p2a: Regieleki|Regieleki|100\/100\n|turn|12\n|\n|t:|1699179016\n|switch|p1a: Toxapex|Toxapex, M|100\/100\n|move|p2a: Regieleki|Reflect|p2a: Regieleki\n|-sidestart|p2: wowgueur|Reflect\n|\n|-weather|SunnyDay|[upkeep]\n|upkeep\n|turn|13\n|\n|t:|1699179020\n|move|p2a: Regieleki|Light Screen|p2a: Regieleki\n|-sidestart|p2: wowgueur|move: Light Screen\n|move|p1a: Toxapex|Infestation|p2a: Regieleki\n|-damage|p2a: Regieleki|98\/100\n|-activate|p2a: Regieleki|move: Infestation|[of] p1a: Toxapex\n|\n|-weather|none\n|-damage|p2a: Regieleki|86\/100|[from] move: Infestation|[partiallytrapped]\n|upkeep\n|turn|14\n|\n|t:|1699179024\n|move|p2a: Regieleki|Explosion|p1a: Toxapex\n|-damage|p1a: Toxapex|70\/100\n|faint|p2a: Regieleki\n|move|p1a: Toxapex|Toxic Spikes|p2: Regieleki\n|-sidestart|p2: wowgueur|move: Toxic Spikes\n|\n|upkeep\n|\n|t:|1699179027\n|switch|p2a: Arceus|Arceus|100\/100\n|-status|p2a: Arceus|psn\n|turn|15\n|\n|t:|1699179031\n|move|p2a: Arceus|Taunt|p1a: Toxapex\n|-start|p1a: Toxapex|move: Taunt\n|-enditem|p1a: Toxapex|Mental Herb\n|-end|p1a: Toxapex|move: Taunt\n|move|p1a: Toxapex|Toxic Spikes|p2a: Arceus\n|-sidestart|p2: wowgueur|move: Toxic Spikes\n|\n|-damage|p2a: Arceus|88\/100 psn|[from] psn\n|upkeep\n|turn|16\n|\n|t:|1699179036\n|move|p2a: Arceus|Swords Dance|p2a: Arceus\n|-boost|p2a: Arceus|atk|2\n|move|p1a: Toxapex|Haze|p1a: Toxapex\n|-clearallboost\n|\n|-damage|p2a: Arceus|76\/100 psn|[from] psn\n|upkeep\n|turn|17\n|\n|t:|1699179048\n|move|p2a: Arceus|Taunt|p1a: Toxapex\n|-start|p1a: Toxapex|move: Taunt\n|cant|p1a: Toxapex|move: Taunt|Recover\n|\n|-damage|p2a: Arceus|64\/100 psn|[from] psn\n|upkeep\n|turn|18\n|\n|t:|1699179060\n|switch|p1a: Groudon|Groudon|100\/100\n|-weather|SunnyDay|[from] ability: Drought|[of] p1a: Groudon\n|move|p2a: Arceus|Swords Dance|p2a: Arceus\n|-boost|p2a: Arceus|atk|2\n|\n|-weather|SunnyDay|[upkeep]\n|-damage|p2a: Arceus|51\/100 psn|[from] psn\n|upkeep\n|turn|19\n|\n|t:|1699179064\n|move|p2a: Arceus|Extreme Speed|p1a: Groudon\n|-damage|p1a: Groudon|45\/100\n|-damage|p2a: Arceus|35\/100 psn|[from] item: Rocky Helmet|[of] p1a: Groudon\n|move|p1a: Groudon|Roar|p2a: Arceus\n|drag|p2a: Blissey|Blissey, F|100\/100\n|\n|-weather|SunnyDay|[upkeep]\n|-sideend|p2: wowgueur|Reflect\n|upkeep\n|turn|20\n|\n|t:|1699179074\n|move|p1a: Groudon|Precipice Blades|p2a: Blissey\n|-damage|p2a: Blissey|35\/100\n|move|p2a: Blissey|Stealth Rock|p1a: Groudon\n|-sidestart|p1: KarmaKazama0|move: Stealth Rock\n|\n|-weather|SunnyDay|[upkeep]\n|-sideend|p2: wowgueur|move: Light Screen\n|upkeep\n|turn|21\n|\n|t:|1699179080\n|move|p1a: Groudon|Precipice Blades|p2a: Blissey|[miss]\n|-miss|p1a: Groudon|p2a: Blissey\n|move|p2a: Blissey|Seismic Toss|p1a: Groudon\n|-damage|p1a: Groudon|20\/100\n|-damage|p2a: Blissey|18\/100|[from] item: Rocky Helmet|[of] p1a: Groudon\n|\n|-weather|SunnyDay|[upkeep]\n|upkeep\n|turn|22\n|\n|t:|1699179088\n|move|p1a: Groudon|Precipice Blades|p2a: Blissey\n|-damage|p2a: Blissey|0 fnt\n|faint|p2a: Blissey\n|\n|-weather|none\n|upkeep\n|\n|t:|1699179090\n|switch|p2a: Arceus|Arceus|35\/100 psn\n|turn|23\n|\n|t:|1699179094\n|move|p2a: Arceus|Extreme Speed|p1a: Groudon\n|-damage|p1a: Groudon|0 fnt\n|-damage|p2a: Arceus|18\/100 psn|[from] item: Rocky Helmet|[of] p1a: Groudon\n|faint|p1a: Groudon\n|\n|-damage|p2a: Arceus|6\/100 psn|[from] psn\n|upkeep\n|\n|t:|1699179098\n|switch|p1a: Koraidon|Koraidon|76\/100\n|-damage|p1a: Koraidon|70\/100|[from] Stealth Rock\n|-weather|SunnyDay|[from] ability: Orichalcum Pulse|[of] p1a: Koraidon\n|-activate|p1a: Koraidon|Orichalcum Pulse|[source]\n|turn|24\n|\n|t:|1699179101\n|move|p2a: Arceus|Extreme Speed|p1a: Koraidon\n|-damage|p1a: Koraidon|26\/100\n|move|p1a: Koraidon|U-turn|p2a: Arceus\n|-damage|p2a: Arceus|0 fnt\n|faint|p2a: Arceus\n|\n|t:|1699179108\n|switch|p1a: Kyogre|Kyogre|100\/100|[from] U-turn\n|-damage|p1a: Kyogre|88\/100|[from] Stealth Rock\n|-weather|RainDance|[from] ability: Drizzle|[of] p1a: Kyogre\n|\n|-weather|RainDance|[upkeep]\n|upkeep\n|\n|t:|1699179111\n|switch|p2a: Flutter Mane|Flutter Mane|100\/100\n|-status|p2a: Flutter Mane|tox\n|turn|25\n|\n|t:|1699179122\n|move|p2a: Flutter Mane|Thunderbolt|p1a: Kyogre\n|-supereffective|p1a: Kyogre\n|-enditem|p1a: Kyogre|Wacan Berry|[eat]\n|-enditem|p1a: Kyogre|Wacan Berry|[weaken]\n|-damage|p1a: Kyogre|58\/100\n|-damage|p2a: Flutter Mane|91\/100 tox|[from] item: Life Orb\n|move|p1a: Kyogre|Surf|p2a: Flutter Mane\n|-damage|p2a: Flutter Mane|0 fnt\n|faint|p2a: Flutter Mane\n|-end|p2a: Flutter Mane|Protosynthesis|[silent]\n|\n|win|KarmaKazama0\n|raw|KarmaKazama0's rating: 1205 &rarr; <strong>1217<\/strong><br \/>(+12 for winning)\n|raw|wowgueur's rating: 1000 &rarr; <strong>1000<\/strong><br \/>(+0 for losing)\n|l|\u2606wowgueur\n","uploadtime":1699179134,"views":12,"p1id":"karmakazama0","p2id":"wowgueur","formatid":"gen9ubers","rating":1000,"private":0,"password":""}