{"id":"gen9ubers-1974178285","p1":"Deriverse","p2":"Anne Frankkkk","format":"[Gen 9] Ubers","log":"|j|\u2606Deriverse\n|j|\u2606Anne Frankkkk\n|t:|1698065493\n|gametype|singles\n|player|p1|Deriverse|roxanne|1216\n|player|p2|Anne Frankkkk|hilbert|1190\n|teamsize|p1|6\n|teamsize|p2|6\n|gen|9\n|tier|[Gen 9] Ubers\n|rated|\n|rule|Sleep Clause Mod: Limit one foe put to sleep\n|rule|Species Clause: Limit one of each Pok\u00e9mon\n|rule|OHKO Clause: OHKO moves are banned\n|rule|Evasion Items Clause: Evasion items are banned\n|rule|Evasion Moves Clause: Evasion moves are banned\n|rule|Endless Battle Clause: Forcing endless battles is banned\n|rule|HP Percentage Mod: HP is shown in percentages\n|clearpoke\n|poke|p1|Shaymin-Sky|\n|poke|p1|Flutter Mane|\n|poke|p1|Groudon|\n|poke|p1|Palafin, M|\n|poke|p1|Ribombee, F|\n|poke|p1|Great Tusk|\n|poke|p2|Iron Hands|\n|poke|p2|Kyogre|\n|poke|p2|Chien-Pao|\n|poke|p2|Ribombee, F|\n|poke|p2|Miraidon|\n|poke|p2|Flutter Mane|\n|teampreview\n|inactive|Battle timer is ON: inactive players will automatically lose when time's up. (requested by Deriverse)\n|\n|t:|1698065508\n|start\n|switch|p1a: Great Tusk|Great Tusk|100\/100\n|switch|p2a: Chien-Pao|Chien-Pao|100\/100\n|-ability|p2a: Chien-Pao|Sword of Ruin\n|turn|1\n|\n|t:|1698065518\n|-terastallize|p2a: Chien-Pao|Flying\n|move|p2a: Chien-Pao|Swords Dance|p2a: Chien-Pao\n|-boost|p2a: Chien-Pao|atk|2\n|move|p1a: Great Tusk|Stealth Rock|p2a: Chien-Pao\n|-sidestart|p2: Anne Frankkkk|move: Stealth Rock\n|\n|upkeep\n|turn|2\n|\n|t:|1698065524\n|move|p2a: Chien-Pao|Ice Spinner|p1a: Great Tusk\n|-supereffective|p1a: Great Tusk\n|-damage|p1a: Great Tusk|0 fnt\n|faint|p1a: Great Tusk\n|-end|p1a: Great Tusk|Protosynthesis|[silent]\n|-damage|p2a: Chien-Pao|91\/100|[from] item: Life Orb\n|\n|upkeep\n|\n|t:|1698065533\n|switch|p1a: Ribombee|Ribombee, F|100\/100\n|turn|3\n|\n|t:|1698065538\n|move|p2a: Chien-Pao|Ice Spinner|p1a: Ribombee\n|-enditem|p1a: Ribombee|Focus Sash\n|-damage|p1a: Ribombee|1\/100\n|-damage|p2a: Chien-Pao|81\/100|[from] item: Life Orb\n|move|p1a: Ribombee|Sticky Web|p2a: Chien-Pao\n|-sidestart|p2: Anne Frankkkk|move: Sticky Web\n|\n|upkeep\n|turn|4\n|\n|t:|1698065542\n|move|p2a: Chien-Pao|Ice Spinner|p1a: Ribombee\n|-damage|p1a: Ribombee|0 fnt\n|faint|p1a: Ribombee\n|-damage|p2a: Chien-Pao|71\/100|[from] item: Life Orb\n|\n|upkeep\n|\n|t:|1698065562\n|switch|p1a: Palafin|Palafin, M|100\/100\n|turn|5\n|\n|t:|1698065571\n|detailschange|p1a: Palafin|Palafin-Hero, M\n|switch|p1a: Groudon|Groudon|100\/100\n|-weather|SunnyDay|[from] ability: Drought|[of] p1a: Groudon\n|move|p2a: Chien-Pao|Sacred Sword|p1a: Groudon\n|-damage|p1a: Groudon|35\/100\n|-damage|p2a: Chien-Pao|61\/100|[from] item: Life Orb\n|\n|-weather|SunnyDay|[upkeep]\n|upkeep\n|turn|6\n|\n|t:|1698065579\n|move|p2a: Chien-Pao|Ice Spinner|p1a: Groudon\n|-supereffective|p1a: Groudon\n|-damage|p1a: Groudon|0 fnt\n|faint|p1a: Groudon\n|-damage|p2a: Chien-Pao|51\/100|[from] item: Life Orb\n|\n|-weather|SunnyDay|[upkeep]\n|upkeep\n|\n|t:|1698065581\n|switch|p1a: Palafin|Palafin-Hero, M|100\/100\n|-activate|p1a: Palafin|ability: Zero to Hero\n|turn|7\n|\n|t:|1698065587\n|move|p2a: Chien-Pao|Sucker Punch|p1a: Palafin\n|-damage|p1a: Palafin|0 fnt\n|faint|p1a: Palafin\n|-damage|p2a: Chien-Pao|41\/100|[from] item: Life Orb\n|\n|-weather|SunnyDay|[upkeep]\n|upkeep\n|\n|t:|1698065593\n|switch|p1a: Flutter Mane|Flutter Mane|100\/100\n|-activate|p1a: Flutter Mane|ability: Protosynthesis\n|-start|p1a: Flutter Mane|protosynthesisspe\n|turn|8\n|\n|t:|1698065597\n|move|p2a: Chien-Pao|Sucker Punch||[still]\n|-fail|p2a: Chien-Pao\n|move|p1a: Flutter Mane|Substitute|p1a: Flutter Mane\n|-start|p1a: Flutter Mane|Substitute\n|-damage|p1a: Flutter Mane|76\/100\n|\n|-weather|SunnyDay|[upkeep]\n|-heal|p1a: Flutter Mane|82\/100|[from] item: Leftovers\n|upkeep\n|turn|9\n|\n|t:|1698065602\n|move|p1a: Flutter Mane|Calm Mind|p1a: Flutter Mane\n|-boost|p1a: Flutter Mane|spa|1\n|-boost|p1a: Flutter Mane|spd|1\n|move|p2a: Chien-Pao|Ice Spinner|p1a: Flutter Mane\n|-end|p1a: Flutter Mane|Substitute\n|-damage|p2a: Chien-Pao|31\/100|[from] item: Life Orb\n|\n|-weather|SunnyDay|[upkeep]\n|-heal|p1a: Flutter Mane|88\/100|[from] item: Leftovers\n|upkeep\n|turn|10\n|\n|t:|1698065607\n|move|p2a: Chien-Pao|Sucker Punch||[still]\n|-fail|p2a: Chien-Pao\n|move|p1a: Flutter Mane|Substitute|p1a: Flutter Mane\n|-start|p1a: Flutter Mane|Substitute\n|-damage|p1a: Flutter Mane|63\/100\n|\n|-weather|SunnyDay|[upkeep]\n|-heal|p1a: Flutter Mane|69\/100|[from] item: Leftovers\n|upkeep\n|turn|11\n|\n|t:|1698065610\n|move|p1a: Flutter Mane|Moonblast|p2a: Chien-Pao\n|-damage|p2a: Chien-Pao|0 fnt\n|faint|p2a: Chien-Pao\n|\n|-weather|SunnyDay|[upkeep]\n|-heal|p1a: Flutter Mane|75\/100|[from] item: Leftovers\n|upkeep\n|\n|t:|1698065616\n|switch|p2a: Iron Hands|Iron Hands, shiny|100\/100\n|-damage|p2a: Iron Hands|94\/100|[from] Stealth Rock\n|-activate|p2a: Iron Hands|move: Sticky Web\n|-unboost|p2a: Iron Hands|spe|1\n|turn|12\n|\n|t:|1698065622\n|move|p1a: Flutter Mane|Moonblast|p2a: Iron Hands\n|-supereffective|p2a: Iron Hands\n|-damage|p2a: Iron Hands|0 fnt\n|faint|p2a: Iron Hands\n|-end|p2a: Iron Hands|Quark Drive|[silent]\n|\n|-weather|none\n|-end|p1a: Flutter Mane|Protosynthesis\n|-heal|p1a: Flutter Mane|81\/100|[from] item: Leftovers\n|upkeep\n|-message|Anne Frankkkk forfeited.\n|\n|win|Deriverse\n|raw|Deriverse's rating: 1216 &rarr; <strong>1239<\/strong><br \/>(+23 for winning)\n|raw|Anne Frankkkk's rating: 1190 &rarr; <strong>1167<\/strong><br \/>(-23 for losing)\n","uploadtime":1698065642,"views":18,"p1id":"deriverse","p2id":"annefrankkkk","formatid":"gen9ubers","rating":1167,"private":0,"password":""}