{"id":"gen9ubers-1988008808","p1":"thavage","p2":"MessiMeli","format":"[Gen 9] Ubers","log":"|j|\u2606thavage\n|j|\u2606MessiMeli\n|t:|1699658635\n|gametype|singles\n|player|p1|thavage|170|\n|player|p2|MessiMeli|rocketgrunt|\n|teamsize|p1|6\n|teamsize|p2|6\n|gen|9\n|tier|[Gen 9] Ubers\n|rule|Sleep Clause Mod: Limit one foe put to sleep\n|rule|Species Clause: Limit one of each Pok\u00e9mon\n|rule|OHKO Clause: OHKO moves are banned\n|rule|Evasion Items Clause: Evasion items are banned\n|rule|Evasion Moves Clause: Evasion moves are banned\n|rule|Endless Battle Clause: Forcing endless battles is banned\n|rule|HP Percentage Mod: HP is shown in percentages\n|clearpoke\n|poke|p1|Cinderace, M|\n|poke|p1|Munkidori, M|\n|poke|p1|Kingambit, M|\n|poke|p1|Espathra, M|\n|poke|p1|Thundurus-Therian, M|\n|poke|p1|Annihilape, M|\n|poke|p2|Gliscor, M|\n|poke|p2|Goodra-Hisui, F|\n|poke|p2|Jolteon, F|\n|poke|p2|Eiscue, M|\n|poke|p2|Cresselia, F|\n|poke|p2|Okidogi, M|\n|teampreview\n|j| 319phoenix\n|j| justinrockin\n|c|\u2606MessiMeli|glhf\n|j| DivogoJota\n|c|\u2606thavage|you too\n|j| Manatsu\n|j| hatev2\n|c| hatev2|this Eiscue is gonna go crazy\n|\n|t:|1699658805\n|start\n|switch|p1a: Thunturdus-Pee|Thundurus-Therian, M|100\/100\n|switch|p2a: Okidogi|Okidogi, M|100\/100\n|turn|1\n|\n|t:|1699658818\n|move|p2a: Okidogi|Gunk Shot|p1a: Thunturdus-Pee\n|-damage|p1a: Thunturdus-Pee|4\/100\n|-status|p1a: Thunturdus-Pee|tox|[from] ability: Toxic Chain|[of] p2a: Okidogi\n|move|p1a: Thunturdus-Pee|Thunderbolt|p2a: Okidogi\n|-damage|p2a: Okidogi|36\/100\n|\n|-damage|p1a: Thunturdus-Pee|0 fnt|[from] psn\n|faint|p1a: Thunturdus-Pee\n|upkeep\n|c|\u2606thavage|auspicious\n|\n|t:|1699658843\n|switch|p1a: Dope ascetic|Munkidori, M|100\/100\n|turn|2\n|c| DivogoJota|indubitably\n|c| hatev2|its monkey time\n|c|\u2606thavage|reject modernity\n|\n|t:|1699658872\n|move|p1a: Dope ascetic|Psychic|p2a: Okidogi\n|-supereffective|p2a: Okidogi\n|-damage|p2a: Okidogi|0 fnt\n|faint|p2a: Okidogi\n|\n|upkeep\n|j| SunShinyReys\n|\n|t:|1699658894\n|switch|p2a: Gliscor|Gliscor, M|100\/100\n|turn|3\n|\n|t:|1699658908\n|move|p1a: Dope ascetic|Psychic|p2a: Gliscor\n|-damage|p2a: Gliscor|35\/100\n|move|p2a: Gliscor|Earthquake|p1a: Dope ascetic\n|-supereffective|p1a: Dope ascetic\n|-damage|p1a: Dope ascetic|0 fnt\n|faint|p1a: Dope ascetic\n|\n|-status|p2a: Gliscor|tox|[from] item: Toxic Orb\n|upkeep\n|\n|t:|1699658927\n|switch|p1a: Liverking|Annihilape, M|100\/100\n|turn|4\n|\n|t:|1699658937\n|move|p2a: Gliscor|Swords Dance|p2a: Gliscor\n|-boost|p2a: Gliscor|atk|2\n|move|p1a: Liverking|Bulk Up|p1a: Liverking\n|-boost|p1a: Liverking|atk|1\n|-boost|p1a: Liverking|def|1\n|\n|-heal|p2a: Gliscor|48\/100 tox|[from] ability: Poison Heal\n|upkeep\n|turn|5\n|c| hatev2|WATCH OUT LIVERKING IS ON STERIODS\n|\n|t:|1699658952\n|move|p2a: Gliscor|Swords Dance|p2a: Gliscor\n|-boost|p2a: Gliscor|atk|2\n|move|p1a: Liverking|Taunt|p2a: Gliscor\n|-start|p2a: Gliscor|move: Taunt\n|\n|-heal|p2a: Gliscor|60\/100 tox|[from] ability: Poison Heal\n|upkeep\n|turn|6\n|\n|t:|1699658970\n|move|p2a: Gliscor|Earthquake|p1a: Liverking\n|-damage|p1a: Liverking|18\/100\n|move|p1a: Liverking|Rage Fist|p2a: Gliscor\n|-damage|p2a: Gliscor|3\/100 tox\n|\n|-heal|p1a: Liverking|24\/100|[from] item: Leftovers\n|-heal|p2a: Gliscor|15\/100 tox|[from] ability: Poison Heal\n|upkeep\n|turn|7\n|\n|t:|1699658985\n|switch|p1a: Gingerface|Cinderace, M|100\/100\n|move|p2a: Gliscor|Earthquake|p1a: Gingerface\n|-supereffective|p1a: Gingerface\n|-damage|p1a: Gingerface|0 fnt\n|faint|p1a: Gingerface\n|\n|-heal|p2a: Gliscor|28\/100 tox|[from] ability: Poison Heal\n|upkeep\n|\n|t:|1699658997\n|switch|p1a: Dingalingambit|Kingambit, M|100\/100\n|-activate|p1a: Dingalingambit|ability: Supreme Overlord\n|-start|p1a: Dingalingambit|fallen3|[silent]\n|turn|8\n|\n|t:|1699659021\n|switch|p2a: Goodra|Goodra-Hisui, F|100\/100\n|move|p1a: Dingalingambit|Sucker Punch||[still]\n|-fail|p1a: Dingalingambit\n|\n|upkeep\n|turn|9\n|\n|t:|1699659035\n|move|p2a: Goodra|Acid Armor|p2a: Goodra\n|-boost|p2a: Goodra|def|2\n|move|p1a: Dingalingambit|Swords Dance|p1a: Dingalingambit\n|-boost|p1a: Dingalingambit|atk|2\n|\n|upkeep\n|turn|10\n|c| hatev2|woah\n|\n|t:|1699659042\n|move|p1a: Dingalingambit|Sucker Punch|p2a: Goodra\n|-damage|p2a: Goodra|57\/100\n|move|p2a: Goodra|Body Press|p1a: Dingalingambit\n|-supereffective|p1a: Dingalingambit\n|-damage|p1a: Dingalingambit|0 fnt\n|faint|p1a: Dingalingambit\n|-end|p1a: Dingalingambit|fallen3|[silent]\n|\n|-heal|p2a: Goodra|63\/100|[from] item: Leftovers\n|upkeep\n|c| hatev2|acid armour tech goes crazy\n|\n|t:|1699659052\n|switch|p1a: Espathra|Espathra, M|100\/100\n|turn|11\n|\n|t:|1699659073\n|move|p1a: Espathra|Substitute|p1a: Espathra\n|-start|p1a: Espathra|Substitute\n|-damage|p1a: Espathra|76\/100\n|move|p2a: Goodra|Draco Meteor|p1a: Espathra\n|-end|p1a: Espathra|Substitute\n|-unboost|p2a: Goodra|spa|2\n|\n|-heal|p1a: Espathra|82\/100|[from] item: Leftovers\n|-heal|p2a: Goodra|69\/100|[from] item: Leftovers\n|-ability|p1a: Espathra|Speed Boost|boost\n|-boost|p1a: Espathra|spe|1\n|upkeep\n|turn|12\n|\n|t:|1699659090\n|move|p1a: Espathra|Substitute|p1a: Espathra\n|-start|p1a: Espathra|Substitute\n|-damage|p1a: Espathra|57\/100\n|move|p2a: Goodra|Draco Meteor|p1a: Espathra|[miss]\n|-miss|p2a: Goodra|p1a: Espathra\n|\n|-heal|p1a: Espathra|63\/100|[from] item: Leftovers\n|-heal|p2a: Goodra|75\/100|[from] item: Leftovers\n|-ability|p1a: Espathra|Speed Boost|boost\n|-boost|p1a: Espathra|spe|1\n|upkeep\n|turn|13\n|\n|t:|1699659106\n|switch|p2a: Gliscor|Gliscor, M|28\/100 tox\n|move|p1a: Espathra|Calm Mind|p1a: Espathra\n|-boost|p1a: Espathra|spa|1\n|-boost|p1a: Espathra|spd|1\n|\n|-heal|p1a: Espathra|69\/100|[from] item: Leftovers\n|-heal|p2a: Gliscor|40\/100 tox|[from] ability: Poison Heal\n|-ability|p1a: Espathra|Speed Boost|boost\n|-boost|p1a: Espathra|spe|1\n|upkeep\n|turn|14\n|\n|t:|1699659119\n|move|p1a: Espathra|Stored Power|p2a: Gliscor\n|-damage|p2a: Gliscor|0 fnt\n|faint|p2a: Gliscor\n|\n|-heal|p1a: Espathra|75\/100|[from] item: Leftovers\n|-ability|p1a: Espathra|Speed Boost|boost\n|-boost|p1a: Espathra|spe|1\n|upkeep\n|\n|t:|1699659121\n|switch|p2a: Cresselia|Cresselia, F|100\/100\n|turn|15\n|\n|t:|1699659132\n|move|p1a: Espathra|Calm Mind|p1a: Espathra\n|-boost|p1a: Espathra|spa|1\n|-boost|p1a: Espathra|spd|1\n|move|p2a: Cresselia|Calm Mind|p2a: Cresselia\n|-boost|p2a: Cresselia|spa|1\n|-boost|p2a: Cresselia|spd|1\n|\n|-heal|p1a: Espathra|81\/100|[from] item: Leftovers\n|-ability|p1a: Espathra|Speed Boost|boost\n|-boost|p1a: Espathra|spe|1\n|upkeep\n|turn|16\n|c| DivogoJota|The snowball mayhaps?\n|\n|t:|1699659141\n|move|p1a: Espathra|Stored Power|p2a: Cresselia\n|-resisted|p2a: Cresselia\n|-damage|p2a: Cresselia|65\/100\n|move|p2a: Cresselia|Calm Mind|p2a: Cresselia\n|-boost|p2a: Cresselia|spa|1\n|-boost|p2a: Cresselia|spd|1\n|\n|-heal|p1a: Espathra|87\/100|[from] item: Leftovers\n|-heal|p2a: Cresselia|71\/100|[from] item: Leftovers\n|-ability|p1a: Espathra|Speed Boost|boost\n|-boost|p1a: Espathra|spe|1\n|upkeep\n|turn|17\n|\n|t:|1699659163\n|move|p1a: Espathra|Stored Power|p2a: Cresselia\n|-resisted|p2a: Cresselia\n|-damage|p2a: Cresselia|39\/100\n|move|p2a: Cresselia|Moonlight|p2a: Cresselia\n|-heal|p2a: Cresselia|89\/100\n|\n|-heal|p1a: Espathra|93\/100|[from] item: Leftovers\n|-heal|p2a: Cresselia|95\/100|[from] item: Leftovers\n|upkeep\n|turn|18\n|\n|t:|1699659172\n|move|p1a: Espathra|Calm Mind|p1a: Espathra\n|-boost|p1a: Espathra|spa|1\n|-boost|p1a: Espathra|spd|1\n|move|p2a: Cresselia|Calm Mind|p2a: Cresselia\n|-boost|p2a: Cresselia|spa|1\n|-boost|p2a: Cresselia|spd|1\n|\n|-heal|p1a: Espathra|99\/100|[from] item: Leftovers\n|-heal|p2a: Cresselia|100\/100|[from] item: Leftovers\n|upkeep\n|turn|19\n|\n|t:|1699659180\n|move|p1a: Espathra|Calm Mind|p1a: Espathra\n|-boost|p1a: Espathra|spa|1\n|-boost|p1a: Espathra|spd|1\n|move|p2a: Cresselia|Calm Mind|p2a: Cresselia\n|-boost|p2a: Cresselia|spa|1\n|-boost|p2a: Cresselia|spd|1\n|\n|-heal|p1a: Espathra|100\/100|[from] item: Leftovers\n|upkeep\n|turn|20\n|\n|t:|1699659189\n|move|p1a: Espathra|Stored Power|p2a: Cresselia\n|-resisted|p2a: Cresselia\n|-crit|p2a: Cresselia\n|-damage|p2a: Cresselia|0 fnt\n|faint|p2a: Cresselia\n|\n|upkeep\n|c| hatev2|bro boutta go banuclear\n|c| Manatsu|If cresselia has psyshock, it'd joever\n|c| hatev2|oh that crit\n|c| Manatsu|nvm lmfao\n|c| DivogoJota|You know\n|c| DivogoJota|that was an outcome\n|j| Lass Starling\n|c| hatev2|the biggest play of all time\n|c| hatev2|get the crit\n|c| SunShinyReys|imo that was the only outcome in that calm mind battle\n|\n|t:|1699659253\n|switch|p2a: Goodra|Goodra-Hisui, F|75\/100\n|turn|21\n|\n|t:|1699659260\n|move|p1a: Espathra|Stored Power|p2a: Goodra\n|-resisted|p2a: Goodra\n|-damage|p2a: Goodra|0 fnt\n|faint|p2a: Goodra\n|\n|upkeep\n|\n|t:|1699659264\n|switch|p2a: Eiscue|Eiscue, M|100\/100\n|turn|22\n|c| Manatsu|Gg\n|\n|t:|1699659270\n|move|p1a: Espathra|Stored Power|p2a: Eiscue\n|-damage|p2a: Eiscue|0 fnt\n|faint|p2a: Eiscue\n|\n|upkeep\n|\n|t:|1699659273\n|switch|p2a: Jolteon|Jolteon, F|100\/100\n|turn|23\n|c| hatev2|gg chat\n|c|\u2606thavage|i am inevitable\n|\n|t:|1699659280\n|-terastallize|p2a: Jolteon|Electric\n|move|p1a: Espathra|Stored Power|p2a: Jolteon\n|-damage|p2a: Jolteon|0 fnt\n|faint|p2a: Jolteon\n|\n|win|thavage\n|c|\u2606MessiMeli|ggs\n|c| hatev2|fucking thanos espartha\n|c| DivogoJota|ggs\n|l| DivogoJota\n|l| Manatsu\n|l| hatev2\n|l| 319phoenix\n|l| Lass Starling\n|l| SunShinyReys\n|l|\u2606thavage\n|j|\u2606thavage\n|player|p1|thavage|170\n|j| IshaNn\n","uploadtime":1699659506,"views":38,"p1id":"thavage","p2id":"messimeli","formatid":"gen9ubers","rating":0,"private":0,"password":""}