{"id":"gen9ubers-1972519692","p1":"calcroft","p2":"VenomDeity","format":"[Gen 9] Ubers","log":"|j|\u2606calcroft\n|j|\u2606VenomDeity\n|t:|1697852225\n|gametype|singles\n|player|p1|calcroft|skier|\n|player|p2|VenomDeity|170|\n|teamsize|p1|6\n|teamsize|p2|6\n|gen|9\n|tier|[Gen 9] Ubers\n|rule|Sleep Clause Mod: Limit one foe put to sleep\n|rule|Species Clause: Limit one of each Pok\u00e9mon\n|rule|OHKO Clause: OHKO moves are banned\n|rule|Evasion Items Clause: Evasion items are banned\n|rule|Evasion Moves Clause: Evasion moves are banned\n|rule|Endless Battle Clause: Forcing endless battles is banned\n|rule|HP Percentage Mod: HP is shown in percentages\n|clearpoke\n|poke|p1|Iron Valiant|\n|poke|p1|Pincurchin, M|\n|poke|p1|Ceruledge, M|\n|poke|p1|Oricorio-Sensu, M|\n|poke|p1|Garchomp, F|\n|poke|p1|Leavanny, M|\n|poke|p2|Great Tusk|\n|poke|p2|Weavile, F|\n|poke|p2|Piloswine, F|\n|poke|p2|Torterra, F|\n|poke|p2|Misdreavus, F|\n|poke|p2|Armarouge, M|\n|teampreview\n|c|\u2606VenomDeity|Glhf\n|c|\u2606calcroft|you too\n|\n|t:|1697852272\n|start\n|switch|p1a: Pincurchin|Pincurchin, M|100\/100\n|switch|p2a: Armarouge|Armarouge, M|100\/100\n|-fieldstart|move: Electric Terrain|[from] ability: Electric Surge|[of] p1a: Pincurchin\n|turn|1\n|\n|t:|1697852291\n|move|p2a: Armarouge|Reflect|p2a: Armarouge\n|-sidestart|p2: VenomDeity|Reflect\n|move|p1a: Pincurchin|Thunder Wave|p2a: Armarouge\n|-status|p2a: Armarouge|par\n|\n|upkeep\n|turn|2\n|\n|t:|1697852302\n|move|p2a: Armarouge|Light Screen|p2a: Armarouge\n|-sidestart|p2: VenomDeity|move: Light Screen\n|move|p1a: Pincurchin|Spikes|p2a: Armarouge\n|-sidestart|p2: VenomDeity|Spikes\n|\n|upkeep\n|turn|3\n|\n|t:|1697852322\n|switch|p2a: Great Tusk|Great Tusk|100\/100\n|-damage|p2a: Great Tusk|88\/100|[from] Spikes\n|move|p1a: Pincurchin|Spikes|p2a: Great Tusk\n|-sidestart|p2: VenomDeity|Spikes\n|\n|upkeep\n|turn|4\n|\n|t:|1697852356\n|switch|p1a: Oricorio|Oricorio-Sensu, M|100\/100\n|move|p2a: Great Tusk|Ice Spinner|p1a: Oricorio\n|-supereffective|p1a: Oricorio\n|-damage|p1a: Oricorio|14\/100\n|-fieldend|move: Electric Terrain\n|\n|upkeep\n|turn|5\n|\n|t:|1697852409\n|move|p1a: Oricorio|Defog|p2a: Great Tusk\n|-unboost|p2a: Great Tusk|evasion|1\n|-sideend|p2: VenomDeity|Reflect\n|-sideend|p2: VenomDeity|move: Light Screen\n|-sideend|p2: VenomDeity|Spikes|[from] move: Defog|[of] p1a: Oricorio\n|move|p2a: Great Tusk|Ice Spinner|p1a: Oricorio\n|-supereffective|p1a: Oricorio\n|-damage|p1a: Oricorio|0 fnt\n|faint|p1a: Oricorio\n|\n|upkeep\n|\n|t:|1697852429\n|switch|p1a: Iron Valiant|Iron Valiant|100\/100\n|turn|6\n|\n|t:|1697852478\n|-end|p2a: Great Tusk|Protosynthesis|[silent]\n|switch|p2a: Armarouge|Armarouge, M|100\/100 par\n|move|p1a: Iron Valiant|Moonblast|p2a: Armarouge\n|-resisted|p2a: Armarouge\n|-damage|p2a: Armarouge|75\/100 par\n|-unboost|p2a: Armarouge|spa|1\n|\n|upkeep\n|turn|7\n|\n|t:|1697852489\n|move|p1a: Iron Valiant|Shadow Ball|p2a: Armarouge\n|-supereffective|p2a: Armarouge\n|-damage|p2a: Armarouge|17\/100 par\n|move|p2a: Armarouge|Reflect|p2a: Armarouge\n|-sidestart|p2: VenomDeity|Reflect\n|\n|upkeep\n|turn|8\n|\n|t:|1697852512\n|move|p1a: Iron Valiant|Moonblast|p2a: Armarouge\n|-resisted|p2a: Armarouge\n|-damage|p2a: Armarouge|0 fnt\n|faint|p2a: Armarouge\n|\n|upkeep\n|\n|t:|1697852535\n|switch|p2a: Piloswine|Piloswine, F|100\/100\n|turn|9\n|\n|t:|1697852554\n|move|p1a: Iron Valiant|Aura Sphere|p2a: Piloswine\n|-supereffective|p2a: Piloswine\n|-damage|p2a: Piloswine|54\/100\n|move|p2a: Piloswine|Stealth Rock|p1a: Iron Valiant\n|-sidestart|p1: calcroft|move: Stealth Rock\n|\n|upkeep\n|turn|10\n|\n|t:|1697852585\n|move|p1a: Iron Valiant|Aura Sphere|p2a: Piloswine\n|-supereffective|p2a: Piloswine\n|-crit|p2a: Piloswine\n|-damage|p2a: Piloswine|0 fnt\n|faint|p2a: Piloswine\n|\n|upkeep\n|\n|t:|1697852659\n|switch|p2a: Misdreavus|Misdreavus, F|100\/100\n|turn|11\n|\n|t:|1697852670\n|move|p1a: Iron Valiant|Shadow Ball|p2a: Misdreavus\n|-supereffective|p2a: Misdreavus\n|-damage|p2a: Misdreavus|55\/100\n|-unboost|p2a: Misdreavus|spd|1\n|move|p2a: Misdreavus|Pain Split|p1a: Iron Valiant\n|-sethp|p1a: Iron Valiant|80\/100|[from] move: Pain Split|[silent]\n|-sethp|p2a: Misdreavus|74\/100|[from] move: Pain Split\n|\n|upkeep\n|turn|12\n|\n|t:|1697852723\n|move|p1a: Iron Valiant|Shadow Ball|p2a: Misdreavus\n|-supereffective|p2a: Misdreavus\n|-damage|p2a: Misdreavus|4\/100\n|move|p2a: Misdreavus|Destiny Bond|p2a: Misdreavus\n|-singlemove|p2a: Misdreavus|Destiny Bond\n|\n|upkeep\n|turn|13\n|\n|t:|1697852737\n|-end|p1a: Iron Valiant|Quark Drive|[silent]\n|switch|p1a: Pincurchin|Pincurchin, M|100\/100\n|-damage|p1a: Pincurchin|88\/100|[from] Stealth Rock\n|-fieldstart|move: Electric Terrain|[from] ability: Electric Surge|[of] p1a: Pincurchin\n|move|p2a: Misdreavus|Pain Split|p1a: Pincurchin\n|-sethp|p1a: Pincurchin|46\/100|[from] move: Pain Split|[silent]\n|-sethp|p2a: Misdreavus|44\/100|[from] move: Pain Split\n|\n|upkeep\n|turn|14\n|\n|t:|1697852794\n|switch|p2a: Great Tusk|Great Tusk|88\/100\n|move|p1a: Pincurchin|Spikes|p2a: Great Tusk\n|-sidestart|p2: VenomDeity|Spikes\n|\n|-sideend|p2: VenomDeity|Reflect\n|upkeep\n|turn|15\n|\n|t:|1697852814\n|move|p2a: Great Tusk|Earthquake|p1a: Pincurchin\n|-supereffective|p1a: Pincurchin\n|-damage|p1a: Pincurchin|0 fnt\n|faint|p1a: Pincurchin\n|\n|upkeep\n|\n|t:|1697852819\n|switch|p1a: Iron Valiant|Iron Valiant|80\/100\n|-damage|p1a: Iron Valiant|74\/100|[from] Stealth Rock\n|-activate|p1a: Iron Valiant|ability: Quark Drive\n|-start|p1a: Iron Valiant|quarkdrivespe\n|turn|16\n|\n|t:|1697852862\n|move|p1a: Iron Valiant|Moonblast|p2a: Great Tusk\n|-supereffective|p2a: Great Tusk\n|-damage|p2a: Great Tusk|0 fnt\n|faint|p2a: Great Tusk\n|-end|p2a: Great Tusk|Protosynthesis|[silent]\n|\n|upkeep\n|\n|t:|1697852904\n|switch|p2a: Torterra|Torterra, F|100\/100\n|-damage|p2a: Torterra|88\/100|[from] Spikes\n|turn|17\n|\n|t:|1697852945\n|-end|p1a: Iron Valiant|Quark Drive|[silent]\n|switch|p1a: Leavanny|Leavanny, M|100\/100\n|move|p2a: Torterra|Earthquake|p1a: Leavanny\n|-resisted|p1a: Leavanny\n|-damage|p1a: Leavanny|87\/100\n|\n|upkeep\n|turn|18\n|\n|t:|1697852981\n|move|p1a: Leavanny|Sticky Web|p2a: Torterra\n|-sidestart|p2: VenomDeity|move: Sticky Web\n|move|p2a: Torterra|Shell Smash|p2a: Torterra\n|-unboost|p2a: Torterra|def|1\n|-unboost|p2a: Torterra|spd|1\n|-boost|p2a: Torterra|atk|2\n|-boost|p2a: Torterra|spa|2\n|-boost|p2a: Torterra|spe|2\n|-enditem|p2a: Torterra|White Herb\n|-clearnegativeboost|p2a: Torterra|[silent]\n|\n|upkeep\n|turn|19\n|\n|t:|1697853011\n|move|p1a: Leavanny|Lunge|p2a: Torterra\n|-supereffective|p2a: Torterra\n|-damage|p2a: Torterra|33\/100\n|-unboost|p2a: Torterra|atk|1\n|move|p2a: Torterra|Stone Edge|p1a: Leavanny\n|-supereffective|p1a: Leavanny\n|-crit|p1a: Leavanny\n|-damage|p1a: Leavanny|0 fnt\n|faint|p1a: Leavanny\n|\n|upkeep\n|\n|t:|1697853086\n|switch|p1a: Garchomp|Garchomp, F|100\/100\n|-damage|p1a: Garchomp|94\/100|[from] Stealth Rock\n|turn|20\n|\n|t:|1697853122\n|move|p1a: Garchomp|Scale Shot|p2a: Torterra\n|-damage|p2a: Torterra|23\/100\n|-damage|p2a: Torterra|12\/100\n|-damage|p2a: Torterra|0 fnt\n|faint|p2a: Torterra\n|-hitcount|p2: Torterra|3\n|-unboost|p1a: Garchomp|def|1\n|-boost|p1a: Garchomp|spe|1\n|\n|-fieldend|move: Electric Terrain\n|upkeep\n|c|\u2606calcroft|torterra not max speed on evs?\n|c|\u2606VenomDeity|was all defensivee stats\n|c|\u2606calcroft|fair\n|\n|t:|1697853203\n|switch|p2a: Weavile|Weavile, F|100\/100\n|-damage|p2a: Weavile|88\/100|[from] Spikes\n|-activate|p2a: Weavile|move: Sticky Web\n|-unboost|p2a: Weavile|spe|1\n|-ability|p2a: Weavile|Pressure\n|turn|21\n|\n|t:|1697853230\n|move|p1a: Garchomp|Earthquake|p2a: Weavile\n|-damage|p2a: Weavile|0 fnt\n|faint|p2a: Weavile\n|\n|upkeep\n|\n|t:|1697853235\n|switch|p2a: Misdreavus|Misdreavus, F|44\/100\n|turn|22\n|\n|t:|1697853248\n|move|p1a: Garchomp|Poison Jab|p2a: Misdreavus\n|-resisted|p2a: Misdreavus\n|-damage|p2a: Misdreavus|33\/100\n|move|p2a: Misdreavus|Destiny Bond|p2a: Misdreavus\n|-singlemove|p2a: Misdreavus|Destiny Bond\n|\n|upkeep\n|turn|23\n|\n|t:|1697853258\n|move|p1a: Garchomp|Spikes|p2a: Misdreavus\n|-sidestart|p2: VenomDeity|Spikes\n|move|p2a: Misdreavus|Pain Split|p1a: Garchomp\n|-sethp|p1a: Garchomp|62\/100|[from] move: Pain Split|[silent]\n|-sethp|p2a: Misdreavus|70\/100|[from] move: Pain Split\n|\n|upkeep\n|turn|24\n|\n|t:|1697853269\n|move|p1a: Garchomp|Scale Shot|p2a: Misdreavus|[miss]\n|-miss|p1a: Garchomp|p2a: Misdreavus\n|move|p2a: Misdreavus|Will-O-Wisp|p1a: Garchomp\n|-status|p1a: Garchomp|brn\n|\n|-damage|p1a: Garchomp|55\/100 brn|[from] brn\n|upkeep\n|turn|25\n|\n|t:|1697853277\n|move|p1a: Garchomp|Scale Shot|p2a: Misdreavus\n|-damage|p2a: Misdreavus|65\/100\n|-damage|p2a: Misdreavus|59\/100\n|-damage|p2a: Misdreavus|54\/100\n|-damage|p2a: Misdreavus|49\/100\n|-damage|p2a: Misdreavus|43\/100\n|-hitcount|p2a: Misdreavus|5\n|-unboost|p1a: Garchomp|def|1\n|-boost|p1a: Garchomp|spe|1\n|move|p2a: Misdreavus|Hex|p1a: Garchomp\n|-damage|p1a: Garchomp|9\/100 brn\n|\n|-damage|p1a: Garchomp|3\/100 brn|[from] brn\n|upkeep\n|turn|26\n|\n|t:|1697853293\n|switch|p1a: Ceruledge|Ceruledge, M|100\/100\n|-damage|p1a: Ceruledge|76\/100|[from] Stealth Rock\n|move|p2a: Misdreavus|Hex|p1a: Ceruledge\n|-supereffective|p1a: Ceruledge\n|-damage|p1a: Ceruledge|32\/100\n|\n|upkeep\n|turn|27\n|\n|t:|1697853347\n|move|p1a: Ceruledge|Poltergeist|p2a: Misdreavus\n|-activate|p2a: Misdreavus|move: Poltergeist|Eviolite\n|-supereffective|p2a: Misdreavus\n|-damage|p2a: Misdreavus|0 fnt\n|faint|p2a: Misdreavus\n|\n|win|calcroft\n|c|\u2606VenomDeity|GG\n|c|\u2606calcroft|ggs\n|c|\u2606calcroft|ill post\n|c|\u2606VenomDeity|okay\n|l|\u2606VenomDeity\n","uploadtime":1697853471,"views":53,"p1id":"calcroft","p2id":"venomdeity","formatid":"gen9ubers","rating":0,"private":0,"password":""}