{"id":"gen9ubers-1988791857","p1":"the tr4sh man","p2":"Bestmaindragonite","format":"[Gen 9] Ubers","log":"|j|\u2606the tr4sh man\n|j|\u2606Bestmaindragonite\n|t:|1699763767\n|gametype|singles\n|player|p1|the tr4sh man|xerosic|\n|player|p2|Bestmaindragonite|lillie|\n|teamsize|p1|6\n|teamsize|p2|6\n|gen|9\n|tier|[Gen 9] Ubers\n|rule|Sleep Clause Mod: Limit one foe put to sleep\n|rule|Species Clause: Limit one of each Pok\u00e9mon\n|rule|OHKO Clause: OHKO moves are banned\n|rule|Evasion Items Clause: Evasion items are banned\n|rule|Evasion Moves Clause: Evasion moves are banned\n|rule|Endless Battle Clause: Forcing endless battles is banned\n|rule|HP Percentage Mod: HP is shown in percentages\n|clearpoke\n|poke|p1|Maushold|\n|poke|p1|Gardevoir, M|\n|poke|p1|Cetitan, F|\n|poke|p1|Squawkabilly-White, M|\n|poke|p1|Arceus-Poison|\n|poke|p1|Wyrdeer, M|\n|poke|p2|Donphan, F|\n|poke|p2|Magearna|\n|poke|p2|Urshifu-*, M|\n|poke|p2|Ogerpon-Cornerstone, F|\n|poke|p2|Baxcalibur, M|\n|poke|p2|Kommo-o, F|\n|teampreview\n|c|\u2606the tr4sh man|gl hf\n|\n|t:|1699763780\n|start\n|switch|p1a: Squawkabilly|Squawkabilly-White, M|100\/100\n|switch|p2a: Freddy|Urshifu-Rapid-Strike, M|100\/100\n|-ability|p1a: Squawkabilly|Intimidate|boost\n|-unboost|p2a: Freddy|atk|1\n|turn|1\n|\n|t:|1699763801\n|move|p2a: Freddy|U-turn|p1a: Squawkabilly\n|-resisted|p1a: Squawkabilly\n|-damage|p1a: Squawkabilly|86\/100\n|\n|t:|1699763806\n|switch|p2a: Magearna-at|Magearna|100\/100|[from] U-turn\n|move|p1a: Squawkabilly|Parting Shot|p2a: Magearna-at\n|-unboost|p2a: Magearna-at|atk|1\n|-unboost|p2a: Magearna-at|spa|1\n|\n|t:|1699763819\n|switch|p1a: Arceus|Arceus-Poison|100\/100|[from] Parting Shot\n|\n|upkeep\n|turn|2\n|\n|t:|1699763822\n|move|p1a: Arceus|Earthquake|p2a: Magearna-at\n|-supereffective|p2a: Magearna-at\n|-damage|p2a: Magearna-at|25\/100\n|move|p2a: Magearna-at|Volt Switch|p1a: Arceus\n|-damage|p1a: Arceus|87\/100\n|\n|t:|1699763835\n|switch|p2a: Average tusk|Donphan, F|100\/100|[from] Volt Switch\n|\n|upkeep\n|turn|3\n|\n|t:|1699763839\n|switch|p1a: Squawkabilly|Squawkabilly-White, M|86\/100\n|-ability|p1a: Squawkabilly|Intimidate|boost\n|-unboost|p2a: Average tusk|atk|1\n|move|p2a: Average tusk|Earthquake|p1a: Squawkabilly\n|-immune|p1a: Squawkabilly\n|\n|upkeep\n|turn|4\n|\n|t:|1699763843\n|move|p2a: Average tusk|Ice Shard|p1a: Squawkabilly\n|-supereffective|p1a: Squawkabilly\n|-damage|p1a: Squawkabilly|54\/100\n|move|p1a: Squawkabilly|Final Gambit|p2a: Average tusk\n|-damage|p2a: Average tusk|49\/100\n|faint|p1a: Squawkabilly\n|\n|upkeep\n|\n|t:|1699763851\n|switch|p1a: Gardevoir|Gardevoir, M|100\/100\n|turn|5\n|\n|t:|1699763854\n|move|p2a: Average tusk|Endeavor|p1a: Gardevoir\n|-damage|p1a: Gardevoir|55\/100\n|move|p1a: Gardevoir|Trick Room|p1a: Gardevoir\n|-fieldstart|move: Trick Room|[of] p1a: Gardevoir\n|\n|upkeep\n|turn|6\n|\n|t:|1699763863\n|move|p2a: Average tusk|Ice Shard|p1a: Gardevoir\n|-damage|p1a: Gardevoir|46\/100\n|move|p1a: Gardevoir|Teleport|p1a: Gardevoir\n|\n|t:|1699763864\n|switch|p1a: Cetitan|Cetitan, F|100\/100|[from] Teleport\n|\n|upkeep\n|turn|7\n|\n|t:|1699763873\n|switch|p2a: Magearna-at|Magearna|25\/100\n|move|p1a: Cetitan|Belly Drum|p1a: Cetitan\n|-damage|p1a: Cetitan|50\/100\n|-setboost|p1a: Cetitan|atk|6|[from] move: Belly Drum\n|-enditem|p1a: Cetitan|Sitrus Berry|[eat]\n|-heal|p1a: Cetitan|75\/100|[from] item: Sitrus Berry\n|\n|upkeep\n|turn|8\n|\n|t:|1699763878\n|move|p1a: Cetitan|Ice Shard|p2a: Magearna-at\n|-resisted|p2a: Magearna-at\n|-damage|p2a: Magearna-at|0 fnt\n|faint|p2a: Magearna-at\n|\n|upkeep\n|\n|t:|1699763882\n|switch|p2a: Bonk|Ogerpon-Cornerstone, F|100\/100\n|turn|9\n|\n|t:|1699763888\n|move|p1a: Cetitan|Ice Shard|p2a: Bonk\n|-supereffective|p2a: Bonk\n|-ability|p2a: Bonk|Sturdy\n|-damage|p2a: Bonk|1\/100\n|move|p2a: Bonk|Ivy Cudgel|p1a: Cetitan\n|-supereffective|p1a: Cetitan\n|-damage|p1a: Cetitan|0 fnt\n|faint|p1a: Cetitan\n|\n|-fieldend|move: Trick Room\n|upkeep\n|\n|t:|1699763897\n|switch|p1a: Maushold|Maushold|100\/100\n|turn|10\n|\n|t:|1699763900\n|move|p1a: Maushold|Bite|p2a: Bonk\n|-damage|p2a: Bonk|0 fnt\n|faint|p2a: Bonk\n|\n|upkeep\n|\n|t:|1699763910\n|switch|p2a: Freddy|Urshifu-Rapid-Strike, M|100\/100\n|turn|11\n|\n|t:|1699763918\n|-terastallize|p1a: Maushold|Ghost\n|move|p2a: Freddy|Surging Strikes|p1a: Maushold\n|-crit|p1a: Maushold\n|-damage|p1a: Maushold|64\/100\n|-crit|p1a: Maushold\n|-damage|p1a: Maushold|30\/100\n|-crit|p1a: Maushold\n|-damage|p1a: Maushold|0 fnt\n|faint|p1a: Maushold\n|-hitcount|p1: Maushold|3\n|\n|upkeep\n|c|\u2606the tr4sh man|crying\n|\n|t:|1699763931\n|switch|p1a: Arceus|Arceus-Poison|87\/100\n|turn|12\n|c|\u2606Bestmaindragonite|No tera ghost here\n|\n|t:|1699763940\n|switch|p2a: Pon pon|Baxcalibur, M|100\/100\n|move|p1a: Arceus|Poison Jab|p2a: Pon pon\n|-damage|p2a: Pon pon|51\/100\n|\n|upkeep\n|turn|13\n|\n|t:|1699763945\n|move|p1a: Arceus|Dragon Dance|p1a: Arceus\n|-boost|p1a: Arceus|atk|1\n|-boost|p1a: Arceus|spe|1\n|move|p2a: Pon pon|Earthquake|p1a: Arceus\n|-supereffective|p1a: Arceus\n|-damage|p1a: Arceus|26\/100\n|\n|upkeep\n|turn|14\n|\n|t:|1699763948\n|move|p1a: Arceus|Poison Jab|p2a: Pon pon\n|-damage|p2a: Pon pon|0 fnt\n|faint|p2a: Pon pon\n|\n|upkeep\n|\n|t:|1699763954\n|switch|p2a: Average tusk|Donphan, F|49\/100\n|turn|15\n|\n|t:|1699763958\n|move|p1a: Arceus|Earthquake|p2a: Average tusk\n|-damage|p2a: Average tusk|5\/100\n|move|p2a: Average tusk|Earthquake|p1a: Arceus\n|-supereffective|p1a: Arceus\n|-damage|p1a: Arceus|0 fnt\n|faint|p1a: Arceus\n|\n|upkeep\n|\n|t:|1699763962\n|switch|p1a: Gardevoir|Gardevoir, M|46\/100\n|turn|16\n|\n|t:|1699763966\n|-terastallize|p2a: Average tusk|Ground\n|move|p1a: Gardevoir|Wish|p1a: Gardevoir\n|move|p2a: Average tusk|Earthquake|p1a: Gardevoir\n|-damage|p1a: Gardevoir|0 fnt\n|faint|p1a: Gardevoir\n|\n|upkeep\n|\n|t:|1699763968\n|switch|p1a: Wyrdeer|Wyrdeer, M|100\/100\n|turn|17\n|\n|t:|1699763976\n|move|p1a: Wyrdeer|Calm Mind|p1a: Wyrdeer\n|-boost|p1a: Wyrdeer|spa|1\n|-boost|p1a: Wyrdeer|spd|1\n|move|p2a: Average tusk|Endeavor|p1a: Wyrdeer\n|-damage|p1a: Wyrdeer|6\/100\n|\n|-heal|p1a: Wyrdeer|55\/100|[from] move: Wish|[wisher] Gardevoir\n|upkeep\n|turn|18\n|\n|t:|1699763985\n|move|p1a: Wyrdeer|Tera Blast|p2a: Average tusk\n|-damage|p2a: Average tusk|0 fnt\n|faint|p2a: Average tusk\n|\n|upkeep\n|\n|t:|1699763989\n|switch|p2a: Kommo-o|Kommo-o, F|100\/100\n|turn|19\n|\n|t:|1699763996\n|move|p2a: Kommo-o|Drain Punch|p1a: Wyrdeer\n|-damage|p1a: Wyrdeer|24\/100\n|move|p1a: Wyrdeer|Trick Room|p1a: Wyrdeer\n|-fieldstart|move: Trick Room|[of] p1a: Wyrdeer\n|\n|upkeep\n|turn|20\n|\n|t:|1699764002\n|move|p1a: Wyrdeer|Stored Power|p2a: Kommo-o\n|-supereffective|p2a: Kommo-o\n|-damage|p2a: Kommo-o|14\/100\n|move|p2a: Kommo-o|Drain Punch|p1a: Wyrdeer\n|-damage|p1a: Wyrdeer|0 fnt\n|-heal|p2a: Kommo-o|28\/100|[from] drain|[of] p1a: Wyrdeer\n|faint|p1a: Wyrdeer\n|\n|win|Bestmaindragonite\n|c|\u2606the tr4sh man|gg\n|c|\u2606Bestmaindragonite|gg\n|c|\u2606the tr4sh man|gl\n|l|\u2606the tr4sh man\n","uploadtime":1699764022,"views":15,"p1id":"thetr4shman","p2id":"bestmaindragonite","formatid":"gen9ubers","rating":0,"private":0,"password":""}