{"id":"gen9ubers-1989414849","p1":"Maxwell Ignitus","p2":"Gym Leader Sohniya","format":"[Gen 9] Ubers","log":"|j|\u2606Maxwell Ignitus\n|j|\u2606Gym Leader Sohniya\n|t:|1699847241\n|gametype|singles\n|player|p1|Maxwell Ignitus|lucas|1040\n|player|p2|Gym Leader Sohniya|colress|1072\n|teamsize|p1|6\n|teamsize|p2|6\n|gen|9\n|tier|[Gen 9] Ubers\n|rated|\n|rule|Sleep Clause Mod: Limit one foe put to sleep\n|rule|Species Clause: Limit one of each Pok\u00e9mon\n|rule|OHKO Clause: OHKO moves are banned\n|rule|Evasion Items Clause: Evasion items are banned\n|rule|Evasion Moves Clause: Evasion moves are banned\n|rule|Endless Battle Clause: Forcing endless battles is banned\n|rule|HP Percentage Mod: HP is shown in percentages\n|clearpoke\n|poke|p1|Palafin, M|\n|poke|p1|Volcarona, F|\n|poke|p1|Espathra, F|\n|poke|p1|Annihilape, M|\n|poke|p1|Baxcalibur, M|\n|poke|p1|Glimmora, M|\n|poke|p2|Dragonite, M|\n|poke|p2|Hydreigon, F|\n|poke|p2|Cyclizar, F|\n|poke|p2|Roaring Moon|\n|poke|p2|Dragapult, F|\n|poke|p2|Dugtrio-Alola, F|\n|teampreview\n|\n|t:|1699847246\n|start\n|switch|p1a: Palafin|Palafin, M|100\/100\n|switch|p2a: Dragonite|Dragonite, M|100\/100\n|turn|1\n|\n|t:|1699847252\n|move|p1a: Palafin|Ice Punch|p2a: Dragonite\n|-supereffective|p2a: Dragonite\n|-damage|p2a: Dragonite|52\/100\n|-enditem|p2a: Dragonite|Weakness Policy\n|-boost|p2a: Dragonite|atk|2|[from] item: Weakness Policy\n|-boost|p2a: Dragonite|spa|2|[from] item: Weakness Policy\n|move|p2a: Dragonite|Dragon Dance|p2a: Dragonite\n|-boost|p2a: Dragonite|atk|1\n|-boost|p2a: Dragonite|spe|1\n|\n|upkeep\n|turn|2\n|\n|t:|1699847263\n|detailschange|p1a: Palafin|Palafin-Hero, M\n|switch|p1a: Glimmora|Glimmora, M|100\/100\n|-terastallize|p2a: Dragonite|Normal\n|move|p2a: Dragonite|Extreme Speed|p1a: Glimmora\n|-resisted|p1a: Glimmora\n|-damage|p1a: Glimmora|30\/100\n|-activate|p1a: Glimmora|ability: Toxic Debris\n|-sidestart|p2: Gym Leader Sohniya|move: Toxic Spikes\n|\n|upkeep\n|turn|3\n|inactive|Battle timer is ON: inactive players will automatically lose when time's up. (requested by Gym Leader Sohniya)\n|\n|t:|1699847276\n|move|p1a: Glimmora|Power Gem|p2a: Dragonite\n|-damage|p2a: Dragonite|17\/100\n|move|p2a: Dragonite|Encore|p1a: Glimmora\n|-start|p1a: Glimmora|Encore\n|\n|upkeep\n|turn|4\n|\n|t:|1699847283\n|move|p2a: Dragonite|Extreme Speed|p1a: Glimmora\n|-resisted|p1a: Glimmora\n|-damage|p1a: Glimmora|0 fnt\n|-activate|p1a: Glimmora|ability: Toxic Debris\n|-sidestart|p2: Gym Leader Sohniya|move: Toxic Spikes\n|faint|p1a: Glimmora\n|\n|upkeep\n|\n|t:|1699847295\n|switch|p1a: Annihilape|Annihilape, M|100\/100\n|turn|5\n|\n|t:|1699847299\n|move|p2a: Dragonite|Outrage|p1a: Annihilape\n|-damage|p1a: Annihilape|0 fnt\n|faint|p1a: Annihilape\n|\n|upkeep\n|\n|t:|1699847308\n|switch|p1a: Palafin|Palafin-Hero, M|100\/100\n|-activate|p1a: Palafin|ability: Zero to Hero\n|turn|6\n|\n|t:|1699847312\n|move|p1a: Palafin|Jet Punch|p2a: Dragonite\n|-damage|p2a: Dragonite|0 fnt\n|faint|p2a: Dragonite\n|\n|upkeep\n|\n|t:|1699847316\n|switch|p2a: Cyclizar|Cyclizar, F|100\/100\n|turn|7\n|\n|t:|1699847330\n|switch|p1a: Espathra|Espathra, F|100\/100\n|move|p2a: Cyclizar|Rapid Spin|p1a: Espathra\n|-damage|p1a: Espathra|87\/100\n|-boost|p2a: Cyclizar|spe|1\n|-sideend|p2: Gym Leader Sohniya|Toxic Spikes|[from] move: Rapid Spin|[of] p2a: Cyclizar\n|\n|-heal|p1a: Espathra|94\/100|[from] item: Leftovers\n|upkeep\n|turn|8\n|\n|t:|1699847341\n|move|p2a: Cyclizar|Shed Tail|p2a: Cyclizar\n|-start|p2a: Cyclizar|Substitute|[from] move: Shed Tail\n|-damage|p2a: Cyclizar|50\/100\n|\n|t:|1699847344\n|switch|p2a: Hydreigon|Hydreigon, F|100\/100|[from] Shed Tail\n|move|p1a: Espathra|Substitute|p1a: Espathra\n|-start|p1a: Espathra|Substitute\n|-damage|p1a: Espathra|69\/100\n|\n|-heal|p1a: Espathra|75\/100|[from] item: Leftovers\n|-ability|p1a: Espathra|Speed Boost|boost\n|-boost|p1a: Espathra|spe|1\n|upkeep\n|turn|9\n|\n|t:|1699847355\n|move|p2a: Hydreigon|Dark Pulse|p1a: Espathra\n|-supereffective|p1a: Espathra\n|-end|p1a: Espathra|Substitute\n|move|p1a: Espathra|Calm Mind|p1a: Espathra\n|-boost|p1a: Espathra|spa|1\n|-boost|p1a: Espathra|spd|1\n|\n|-heal|p1a: Espathra|81\/100|[from] item: Leftovers\n|-ability|p1a: Espathra|Speed Boost|boost\n|-boost|p1a: Espathra|spe|1\n|upkeep\n|turn|10\n|\n|t:|1699847367\n|-terastallize|p1a: Espathra|Fighting\n|move|p1a: Espathra|Tera Blast|p2a: Hydreigon|[anim] Tera Blast Fighting\n|-supereffective|p2a: Hydreigon\n|-end|p2a: Hydreigon|Substitute\n|move|p2a: Hydreigon|Dark Pulse|p1a: Espathra\n|-resisted|p1a: Espathra\n|-damage|p1a: Espathra|63\/100\n|\n|-heal|p1a: Espathra|69\/100|[from] item: Leftovers\n|-ability|p1a: Espathra|Speed Boost|boost\n|-boost|p1a: Espathra|spe|1\n|upkeep\n|turn|11\n|\n|t:|1699847379\n|switch|p2a: Dragapult|Dragapult, F|100\/100\n|move|p1a: Espathra|Tera Blast|p2a: Dragapult|[anim] Tera Blast Fighting\n|-immune|p2a: Dragapult\n|\n|-heal|p1a: Espathra|75\/100|[from] item: Leftovers\n|-ability|p1a: Espathra|Speed Boost|boost\n|-boost|p1a: Espathra|spe|1\n|upkeep\n|turn|12\n|\n|t:|1699847392\n|move|p1a: Espathra|Substitute|p1a: Espathra\n|-start|p1a: Espathra|Substitute\n|-damage|p1a: Espathra|50\/100\n|move|p2a: Dragapult|Draco Meteor|p1a: Espathra\n|-damage|p1a: Espathra|0 fnt\n|-unboost|p2a: Dragapult|spa|2\n|faint|p1a: Espathra\n|\n|upkeep\n|\n|t:|1699847405\n|switch|p1a: Palafin|Palafin-Hero, M|100\/100\n|turn|13\n|\n|t:|1699847411\n|switch|p2a: Roaring Moon|Roaring Moon, shiny|100\/100\n|-enditem|p2a: Roaring Moon|Booster Energy\n|-activate|p2a: Roaring Moon|ability: Protosynthesis|[fromitem]\n|-start|p2a: Roaring Moon|protosynthesisspe\n|move|p1a: Palafin|Ice Punch|p2a: Roaring Moon\n|-supereffective|p2a: Roaring Moon\n|-damage|p2a: Roaring Moon|0 fnt\n|faint|p2a: Roaring Moon\n|-end|p2a: Roaring Moon|Protosynthesis|[silent]\n|\n|upkeep\n|\n|t:|1699847419\n|switch|p2a: Cyclizar|Cyclizar, F|84\/100\n|turn|14\n|\n|t:|1699847431\n|move|p2a: Cyclizar|Shed Tail|p2a: Cyclizar\n|-start|p2a: Cyclizar|Substitute|[from] move: Shed Tail\n|-damage|p2a: Cyclizar|34\/100\n|\n|t:|1699847436\n|switch|p2a: Dugtrio|Dugtrio-Alola, F|100\/100|[from] Shed Tail\n|move|p1a: Palafin|Ice Punch|p2a: Dugtrio\n|-end|p2a: Dugtrio|Substitute\n|\n|upkeep\n|turn|15\n|\n|t:|1699847447\n|move|p2a: Dugtrio|Swords Dance|p2a: Dugtrio\n|-boost|p2a: Dugtrio|atk|2\n|move|p1a: Palafin|Ice Punch|p2a: Dugtrio\n|-enditem|p2a: Dugtrio|Focus Sash\n|-damage|p2a: Dugtrio|1\/100\n|-ability|p2a: Dugtrio|Tangling Hair\n|-unboost|p1a: Palafin|spe|1\n|\n|upkeep\n|turn|16\n|\n|t:|1699847459\n|switch|p1a: Baxcalibur|Baxcalibur, M|100\/100\n|move|p2a: Dugtrio|Iron Head|p1a: Baxcalibur\n|-supereffective|p1a: Baxcalibur\n|-damage|p1a: Baxcalibur|0 fnt\n|faint|p1a: Baxcalibur\n|\n|upkeep\n|\n|t:|1699847467\n|switch|p1a: Palafin|Palafin-Hero, M|100\/100\n|turn|17\n|\n|t:|1699847471\n|move|p1a: Palafin|Jet Punch|p2a: Dugtrio\n|-supereffective|p2a: Dugtrio\n|-damage|p2a: Dugtrio|0 fnt\n|-ability|p2a: Dugtrio|Tangling Hair\n|-unboost|p1a: Palafin|spe|1\n|faint|p2a: Dugtrio\n|\n|upkeep\n|\n|t:|1699847480\n|switch|p2a: Hydreigon|Hydreigon, F|100\/100\n|turn|18\n|\n|t:|1699847484\n|switch|p1a: Volcarona|Volcarona, F|100\/100\n|move|p2a: Hydreigon|Draco Meteor|p1a: Volcarona\n|-damage|p1a: Volcarona|33\/100\n|-unboost|p2a: Hydreigon|spa|2\n|\n|upkeep\n|turn|19\n|\n|t:|1699847491\n|move|p2a: Hydreigon|Draco Meteor|p1a: Volcarona\n|-damage|p1a: Volcarona|0 fnt\n|-unboost|p2a: Hydreigon|spa|2\n|faint|p1a: Volcarona\n|\n|upkeep\n|\n|t:|1699847498\n|switch|p1a: Palafin|Palafin-Hero, M|100\/100\n|turn|20\n|\n|t:|1699847502\n|switch|p2a: Cyclizar|Cyclizar, F|67\/100\n|move|p1a: Palafin|Ice Punch|p2a: Cyclizar\n|-supereffective|p2a: Cyclizar\n|-damage|p2a: Cyclizar|0 fnt\n|faint|p2a: Cyclizar\n|\n|upkeep\n|\n|t:|1699847505\n|switch|p2a: Dragapult|Dragapult, F|100\/100\n|turn|21\n|\n|t:|1699847512\n|move|p2a: Dragapult|Draco Meteor|p1a: Palafin\n|-damage|p1a: Palafin|0 fnt\n|-unboost|p2a: Dragapult|spa|2\n|faint|p1a: Palafin\n|\n|win|Gym Leader Sohniya\n|raw|Maxwell Ignitus's rating: 1040 &rarr; <strong>1025<\/strong><br \/>(-15 for losing)\n|raw|Gym Leader Sohniya's rating: 1072 &rarr; <strong>1099<\/strong><br \/>(+27 for winning)\n|c|\u2606Gym Leader Sohniya|Gg\n","uploadtime":1699847559,"views":23,"p1id":"maxwellignitus","p2id":"gymleadersohniya","formatid":"gen9ubers","rating":1025,"private":0,"password":""}