{"id":"gen9ubers-1988946590","p1":"cinnamon poptart","p2":"Vvvgggy","format":"[Gen 9] Ubers","log":"|j|\u2606cinnamon poptart\n|j|\u2606Vvvgggy\n|t:|1699792670\n|gametype|singles\n|player|p1|cinnamon poptart|zinnia|1112\n|player|p2|Vvvgggy|101|1000\n|teamsize|p1|6\n|teamsize|p2|6\n|gen|9\n|tier|[Gen 9] Ubers\n|rated|\n|rule|Sleep Clause Mod: Limit one foe put to sleep\n|rule|Species Clause: Limit one of each Pok\u00e9mon\n|rule|OHKO Clause: OHKO moves are banned\n|rule|Evasion Items Clause: Evasion items are banned\n|rule|Evasion Moves Clause: Evasion moves are banned\n|rule|Endless Battle Clause: Forcing endless battles is banned\n|rule|HP Percentage Mod: HP is shown in percentages\n|clearpoke\n|poke|p1|Groudon|\n|poke|p1|Kyogre|\n|poke|p1|Koraidon|\n|poke|p1|Zacian-*|\n|poke|p1|Miraidon|\n|poke|p1|Toxapex, F|\n|poke|p2|Rayquaza|\n|poke|p2|Arceus|\n|poke|p2|Ting-Lu|\n|poke|p2|Zacian-*|\n|poke|p2|Landorus-Therian, M|\n|poke|p2|Regieleki|\n|teampreview\n|\n|t:|1699792691\n|start\n|switch|p1a: Groudon|Groudon|100\/100\n|switch|p2a: Regieleki|Regieleki|100\/100\n|-weather|SunnyDay|[from] ability: Drought|[of] p1a: Groudon\n|turn|1\n|inactive|Battle timer is ON: inactive players will automatically lose when time's up. (requested by cinnamon poptart)\n|\n|t:|1699792710\n|move|p2a: Regieleki|Explosion|p1a: Groudon\n|-damage|p1a: Groudon|56\/100\n|faint|p2a: Regieleki\n|move|p1a: Groudon|Spikes|p2: Regieleki\n|-sidestart|p2: Vvvgggy|Spikes\n|\n|-weather|SunnyDay|[upkeep]\n|-heal|p1a: Groudon|63\/100|[from] item: Leftovers\n|upkeep\n|\n|t:|1699792721\n|switch|p2a: Zacian|Zacian-Crowned|100\/100\n|-damage|p2a: Zacian|88\/100|[from] Spikes\n|-ability|p2a: Zacian|Intrepid Sword|boost\n|-boost|p2a: Zacian|atk|1\n|turn|2\n|\n|t:|1699792728\n|move|p2a: Zacian|Behemoth Blade|p1a: Groudon\n|-damage|p1a: Groudon|6\/100\n|move|p1a: Groudon|Precipice Blades|p2a: Zacian\n|-supereffective|p2a: Zacian\n|-damage|p2a: Zacian|0 fnt\n|faint|p2a: Zacian\n|\n|-weather|SunnyDay|[upkeep]\n|-heal|p1a: Groudon|12\/100|[from] item: Leftovers\n|upkeep\n|\n|t:|1699792740\n|switch|p2a: Rayquaza|Rayquaza|100\/100\n|-ability|p2a: Rayquaza|Air Lock\n|turn|3\n|\n|t:|1699792754\n|move|p2a: Rayquaza|Extreme Speed|p1a: Groudon\n|-damage|p1a: Groudon|0 fnt\n|faint|p1a: Groudon\n|-damage|p2a: Rayquaza|91\/100|[from] item: Life Orb\n|\n|-weather|SunnyDay|[upkeep]\n|upkeep\n|\n|t:|1699792768\n|switch|p1a: Kyogre|Kyogre|100\/100\n|-weather|RainDance|[from] ability: Drizzle|[of] p1a: Kyogre\n|turn|4\n|\n|t:|1699792778\n|move|p1a: Kyogre|Ice Beam|p2a: Rayquaza\n|-supereffective|p2a: Rayquaza\n|-damage|p2a: Rayquaza|0 fnt\n|faint|p2a: Rayquaza\n|\n|-weather|RainDance|[upkeep]\n|upkeep\n|\n|t:|1699792786\n|switch|p2a: Arceus|Arceus|100\/100\n|-damage|p2a: Arceus|88\/100|[from] Spikes\n|turn|5\n|\n|t:|1699792792\n|switch|p1a: Toxapex|Toxapex, F|100\/100\n|move|p2a: Arceus|Perish Song|p2a: Arceus\n|-start|p1a: Toxapex|perish3|[silent]\n|-start|p2a: Arceus|perish3|[silent]\n|-fieldactivate|move: Perish Song\n|\n|-weather|RainDance|[upkeep]\n|-heal|p2a: Arceus|94\/100|[from] item: Leftovers\n|-start|p2a: Arceus|perish3\n|-start|p1a: Toxapex|perish3\n|upkeep\n|turn|6\n|\n|t:|1699792807\n|move|p2a: Arceus|Shadow Claw|p1a: Toxapex\n|-damage|p1a: Toxapex|87\/100\n|move|p1a: Toxapex|Infestation|p2a: Arceus\n|-damage|p2a: Arceus|92\/100\n|-activate|p2a: Arceus|move: Infestation|[of] p1a: Toxapex\n|\n|-weather|RainDance|[upkeep]\n|-heal|p2a: Arceus|99\/100|[from] item: Leftovers\n|-heal|p1a: Toxapex|93\/100|[from] item: Black Sludge\n|-damage|p2a: Arceus|86\/100|[from] move: Infestation|[partiallytrapped]\n|-start|p2a: Arceus|perish2\n|-start|p1a: Toxapex|perish2\n|upkeep\n|turn|7\n|\n|t:|1699792829\n|move|p2a: Arceus|Protect|p2a: Arceus\n|-singleturn|p2a: Arceus|Protect\n|move|p1a: Toxapex|Toxic Spikes|p2a: Arceus\n|-sidestart|p2: Vvvgggy|move: Toxic Spikes\n|\n|-weather|RainDance|[upkeep]\n|-heal|p2a: Arceus|92\/100|[from] item: Leftovers\n|-heal|p1a: Toxapex|99\/100|[from] item: Black Sludge\n|-damage|p2a: Arceus|80\/100|[from] move: Infestation|[partiallytrapped]\n|-start|p2a: Arceus|perish1\n|-start|p1a: Toxapex|perish1\n|upkeep\n|turn|8\n|\n|t:|1699792845\n|switch|p1a: Koraidon|Koraidon|100\/100\n|-weather|SunnyDay|[from] ability: Orichalcum Pulse|[of] p1a: Koraidon\n|-activate|p1a: Koraidon|Orichalcum Pulse|[source]\n|move|p2a: Arceus|Shadow Claw|p1a: Koraidon\n|-damage|p1a: Koraidon|81\/100\n|\n|-weather|SunnyDay|[upkeep]\n|-heal|p2a: Arceus|86\/100|[from] item: Leftovers\n|-end|p2a: Arceus|Infestation|[partiallytrapped]|[silent]\n|-start|p2a: Arceus|perish0\n|upkeep\n|faint|p2a: Arceus\n|inactive|Vvvgggy has 120 seconds left.\n|\n|t:|1699792858\n|switch|p2a: Landorus|Landorus-Therian, M|100\/100\n|-ability|p2a: Landorus|Intimidate|boost\n|-unboost|p1a: Koraidon|atk|1\n|turn|9\n|\n|t:|1699792884\n|move|p1a: Koraidon|Scale Shot|p2a: Landorus|[miss]\n|-miss|p1a: Koraidon|p2a: Landorus\n|move|p2a: Landorus|Earthquake|p1a: Koraidon\n|-damage|p1a: Koraidon|30\/100\n|\n|-weather|SunnyDay|[upkeep]\n|upkeep\n|turn|10\n|\n|t:|1699792897\n|move|p2a: Landorus|Protect|p2a: Landorus\n|-singleturn|p2a: Landorus|Protect\n|move|p1a: Koraidon|Scale Shot|p2a: Landorus\n|-activate|p2a: Landorus|move: Protect\n|\n|-weather|SunnyDay|[upkeep]\n|upkeep\n|turn|11\n|\n|t:|1699792909\n|move|p1a: Koraidon|Scale Shot|p2a: Landorus\n|-damage|p2a: Landorus|88\/100\n|-damage|p2a: Landorus|74\/100\n|-damage|p2a: Landorus|62\/100\n|-damage|p2a: Landorus|49\/100\n|-hitcount|p2a: Landorus|4\n|-unboost|p1a: Koraidon|def|1\n|-boost|p1a: Koraidon|spe|1\n|move|p2a: Landorus|U-turn|p1a: Koraidon\n|-resisted|p1a: Koraidon\n|-crit|p1a: Koraidon\n|-damage|p1a: Koraidon|4\/100\n|inactive|Vvvgggy has 120 seconds left.\n|\n|t:|1699792924\n|switch|p2a: Ting-Lu|Ting-Lu|100\/100|[from] U-turn\n|-damage|p2a: Ting-Lu|88\/100|[from] Spikes\n|-status|p2a: Ting-Lu|psn\n|-ability|p2a: Ting-Lu|Vessel of Ruin\n|\n|-weather|SunnyDay|[upkeep]\n|-damage|p2a: Ting-Lu|76\/100 psn|[from] psn\n|upkeep\n|turn|12\n|inactive|Vvvgggy has 120 seconds left.\n|\n|t:|1699792946\n|move|p1a: Koraidon|Low Kick|p2a: Ting-Lu\n|-supereffective|p2a: Ting-Lu\n|-damage|p2a: Ting-Lu|14\/100 psn\n|move|p2a: Ting-Lu|Rock Tomb|p1a: Koraidon\n|-resisted|p1a: Koraidon\n|-damage|p1a: Koraidon|0 fnt\n|faint|p1a: Koraidon\n|\n|-weather|none\n|-damage|p2a: Ting-Lu|2\/100 psn|[from] psn\n|upkeep\n|\n|t:|1699792952\n|switch|p1a: Kyogre|Kyogre|100\/100\n|-weather|RainDance|[from] ability: Drizzle|[of] p1a: Kyogre\n|turn|13\n|c|\u2606cinnamon poptart|gg\n|\n|t:|1699792964\n|move|p1a: Kyogre|Ice Beam|p2a: Ting-Lu\n|-supereffective|p2a: Ting-Lu\n|-damage|p2a: Ting-Lu|0 fnt\n|faint|p2a: Ting-Lu\n|\n|-weather|RainDance|[upkeep]\n|upkeep\n|\n|t:|1699792972\n|switch|p2a: Landorus|Landorus-Therian, M|49\/100\n|-ability|p2a: Landorus|Intimidate|boost\n|-unboost|p1a: Kyogre|atk|1\n|turn|14\n|\n|t:|1699792979\n|move|p1a: Kyogre|Ice Beam|p2a: Landorus\n|-supereffective|p2a: Landorus\n|-damage|p2a: Landorus|0 fnt\n|faint|p2a: Landorus\n|\n|win|cinnamon poptart\n|raw|cinnamon poptart's rating: 1112 &rarr; <strong>1129<\/strong><br \/>(+17 for winning)\n|raw|Vvvgggy's rating: 1000 &rarr; <strong>1000<\/strong><br \/>(+0 for losing)\n|l|\u2606cinnamon poptart\n|j|\u2606cinnamon poptart\n|player|p1|cinnamon poptart|zinnia\n","uploadtime":1699792999,"views":9,"p1id":"cinnamonpoptart","p2id":"vvvgggy","formatid":"gen9ubers","rating":1000,"private":0,"password":""}