{"id":"gen9ubers-1968931155","p1":"AlicieLizzie","p2":"Nitro524","format":"[Gen 9] Ubers","log":"|j|\u2606AlicieLizzie\n|j|\u2606Nitro524\n|t:|1697476383\n|gametype|singles\n|player|p1|AlicieLizzie|marnie-masters3|\n|player|p2|Nitro524|hilbert-wonderlauncher|\n|teamsize|p1|6\n|teamsize|p2|6\n|gen|9\n|tier|[Gen 9] Ubers\n|rule|Sleep Clause Mod: Limit one foe put to sleep\n|rule|Species Clause: Limit one of each Pok\u00e9mon\n|rule|OHKO Clause: OHKO moves are banned\n|rule|Evasion Items Clause: Evasion items are banned\n|rule|Evasion Moves Clause: Evasion moves are banned\n|rule|Endless Battle Clause: Forcing endless battles is banned\n|rule|HP Percentage Mod: HP is shown in percentages\n|clearpoke\n|poke|p1|Cyclizar, F|\n|poke|p1|Zacian-*|\n|poke|p1|Garchomp, M|\n|poke|p1|Kommo-o, M|\n|poke|p1|Magearna|\n|poke|p1|Arceus-Poison|\n|poke|p2|Torkoal, F|\n|poke|p2|Ceruledge, M|\n|poke|p2|Cyclizar, F|\n|poke|p2|Volcarona, F|\n|poke|p2|Arceus-Grass|\n|poke|p2|Walking Wake|\n|teampreview\n|c|\u2606Nitro524|glhf\n|\n|t:|1697476393\n|start\n|switch|p1a: SPIN|Cyclizar, F|100\/100\n|switch|p2a: Torkoal|Torkoal, F|100\/100\n|-weather|SunnyDay|[from] ability: Drought|[of] p2a: Torkoal\n|turn|1\n|\n|t:|1697476414\n|switch|p2a: Ceruledge|Ceruledge, M|100\/100\n|move|p1a: SPIN|Shed Tail|p1a: SPIN\n|-start|p1a: SPIN|Substitute|[from] move: Shed Tail\n|-damage|p1a: SPIN|50\/100\n|\n|t:|1697476420\n|switch|p1a: Cynthia's Revenge|Garchomp, M|100\/100|[from] Shed Tail\n|\n|-weather|SunnyDay|[upkeep]\n|upkeep\n|turn|2\n|\n|t:|1697476435\n|switch|p2a: Arceus|Arceus-Grass|100\/100\n|move|p1a: Cynthia's Revenge|Swords Dance|p1a: Cynthia's Revenge\n|-boost|p1a: Cynthia's Revenge|atk|2\n|\n|-weather|SunnyDay|[upkeep]\n|upkeep\n|turn|3\n|\n|t:|1697476441\n|move|p2a: Arceus|Ice Beam|p1a: Cynthia's Revenge\n|-supereffective|p1a: Cynthia's Revenge\n|-end|p1a: Cynthia's Revenge|Substitute\n|move|p1a: Cynthia's Revenge|Scale Shot|p2a: Arceus\n|-damage|p2a: Arceus|82\/100\n|-damage|p2a: Arceus|66\/100\n|-damage|p2a: Arceus|49\/100\n|-damage|p2a: Arceus|33\/100\n|-damage|p2a: Arceus|17\/100\n|-hitcount|p2a: Arceus|5\n|-unboost|p1a: Cynthia's Revenge|def|1\n|-boost|p1a: Cynthia's Revenge|spe|1\n|\n|-weather|SunnyDay|[upkeep]\n|upkeep\n|turn|4\n|\n|t:|1697476481\n|switch|p2a: Torkoal|Torkoal, F|100\/100\n|move|p1a: Cynthia's Revenge|Earthquake|p2a: Torkoal\n|-supereffective|p2a: Torkoal\n|-damage|p2a: Torkoal|0 fnt\n|faint|p2a: Torkoal\n|\n|-weather|SunnyDay|[upkeep]\n|upkeep\n|\n|t:|1697476507\n|switch|p2a: Volcarona|Volcarona, F|100\/100\n|turn|5\n|\n|t:|1697476532\n|move|p1a: Cynthia's Revenge|Scale Shot|p2a: Volcarona\n|-damage|p2a: Volcarona|58\/100\n|-damage|p2a: Volcarona|15\/100\n|-damage|p2a: Volcarona|0 fnt\n|faint|p2a: Volcarona\n|-hitcount|p2: Volcarona|3\n|-unboost|p1a: Cynthia's Revenge|def|1\n|-boost|p1a: Cynthia's Revenge|spe|1\n|\n|-weather|SunnyDay|[upkeep]\n|upkeep\n|\n|t:|1697476551\n|switch|p2a: Cyclizar|Cyclizar, F|100\/100\n|turn|6\n|\n|t:|1697476560\n|-terastallize|p2a: Cyclizar|Fairy\n|move|p1a: Cynthia's Revenge|Scale Shot|p2a: Cyclizar\n|-immune|p2a: Cyclizar\n|move|p2a: Cyclizar|Knock Off|p1a: Cynthia's Revenge\n|-damage|p1a: Cynthia's Revenge|58\/100\n|-damage|p2a: Cyclizar|88\/100|[from] ability: Rough Skin|[of] p1a: Cynthia's Revenge\n|-enditem|p1a: Cynthia's Revenge|Loaded Dice|[from] move: Knock Off|[of] p2a: Cyclizar\n|\n|-weather|SunnyDay|[upkeep]\n|upkeep\n|turn|7\n|\n|t:|1697476587\n|switch|p2a: Ceruledge|Ceruledge, M|100\/100\n|move|p1a: Cynthia's Revenge|Iron Head|p2a: Ceruledge\n|-resisted|p2a: Ceruledge\n|-damage|p2a: Ceruledge|59\/100\n|-ability|p2a: Ceruledge|Weak Armor|boost\n|-unboost|p2a: Ceruledge|def|1\n|-boost|p2a: Ceruledge|spe|2\n|\n|-weather|SunnyDay|[upkeep]\n|upkeep\n|turn|8\n|\n|t:|1697476595\n|move|p1a: Cynthia's Revenge|Earthquake|p2a: Ceruledge\n|-supereffective|p2a: Ceruledge\n|-damage|p2a: Ceruledge|0 fnt\n|faint|p2a: Ceruledge\n|\n|-weather|none\n|upkeep\n|\n|t:|1697476600\n|switch|p2a: Walking Wake|Walking Wake|100\/100\n|turn|9\n|c|\u2606Nitro524|i may have misplayed the beginning lol\n|c|\u2606AlicieLizzie|yeah\n|\n|t:|1697476612\n|move|p1a: Cynthia's Revenge|Scale Shot|p2a: Walking Wake\n|-supereffective|p2a: Walking Wake\n|-damage|p2a: Walking Wake|39\/100\n|-supereffective|p2a: Walking Wake\n|-damage|p2a: Walking Wake|0 fnt\n|faint|p2a: Walking Wake\n|-end|p2a: Walking Wake|Protosynthesis|[silent]\n|-hitcount|p2: Walking Wake|2\n|-unboost|p1a: Cynthia's Revenge|def|1\n|-boost|p1a: Cynthia's Revenge|spe|1\n|\n|upkeep\n|\n|t:|1697476614\n|switch|p2a: Cyclizar|Cyclizar, F, tera:Fairy|100\/100\n|turn|10\n|c|\u2606AlicieLizzie|walking wake beats garchomp\n|c|\u2606AlicieLizzie|if it's in sun\n|\n|t:|1697476622\n|move|p1a: Cynthia's Revenge|Iron Head|p2a: Cyclizar\n|-supereffective|p2a: Cyclizar\n|-damage|p2a: Cyclizar|0 fnt\n|faint|p2a: Cyclizar\n|\n|upkeep\n|c|\u2606Nitro524|yeah\n|\n|t:|1697476630\n|switch|p2a: Arceus|Arceus-Grass|17\/100\n|turn|11\n|c|\u2606Nitro524|rematch?\n|\n|t:|1697476635\n|move|p1a: Cynthia's Revenge|Iron Head|p2a: Arceus\n|-damage|p2a: Arceus|0 fnt\n|faint|p2a: Arceus\n|\n|win|AlicieLizzie\n|c|\u2606AlicieLizzie|sure\n|c|\u2606Nitro524|swag\n|c|\u2606AlicieLizzie|can you post the vod\n|c|\u2606Nitro524|for sure\n","uploadtime":1697476644,"views":22,"p1id":"alicielizzie","p2id":"nitro524","formatid":"gen9ubers","rating":0,"private":0,"password":""}