{"id":"gen9ubers-1981302064","p1":"leonissenbaum","p2":"kirimissing","format":"[Gen 9] Ubers","log":"|j|\u2606leonissenbaum\n|j|\u2606kirimissing\n|t:|1698881448\n|gametype|singles\n|player|p1|leonissenbaum|leon|\n|player|p2|kirimissing|raifort|\n|teamsize|p1|6\n|teamsize|p2|6\n|gen|9\n|tier|[Gen 9] Ubers\n|rule|Sleep Clause Mod: Limit one foe put to sleep\n|rule|Species Clause: Limit one of each Pok\u00e9mon\n|rule|OHKO Clause: OHKO moves are banned\n|rule|Evasion Items Clause: Evasion items are banned\n|rule|Evasion Moves Clause: Evasion moves are banned\n|rule|Endless Battle Clause: Forcing endless battles is banned\n|rule|HP Percentage Mod: HP is shown in percentages\n|clearpoke\n|poke|p1|Crocalor, F|\n|poke|p1|Arceus-Grass|\n|poke|p1|Blissey, F|\n|poke|p1|Cyclizar, M|\n|poke|p1|Empoleon, F|\n|poke|p1|Mew|\n|poke|p2|Torkoal, M|\n|poke|p2|Chi-Yu|\n|poke|p2|Walking Wake|\n|poke|p2|Arcanine-Hisui, F|\n|poke|p2|Roaring Moon|\n|poke|p2|Gholdengo|\n|teampreview\n|c|\u2606leonissenbaum|gl!\n|c|\u2606kirimissing|oh my god is that an unaware evliolite fuecoco?\n|c|\u2606kirimissing|thats horrifying\n|c|\u2606kirimissing|gl hf\n|c|\u2606leonissenbaum|indeed\n|\n|t:|1698881483\n|start\n|switch|p1a: Empoleon|Empoleon, F|100\/100\n|switch|p2a: Torkoal|Torkoal, M|100\/100\n|-weather|SunnyDay|[from] ability: Drought|[of] p2a: Torkoal\n|turn|1\n|\n|t:|1698881487\n|move|p1a: Empoleon|Stealth Rock|p2a: Torkoal\n|-sidestart|p2: kirimissing|move: Stealth Rock\n|move|p2a: Torkoal|Yawn|p1a: Empoleon\n|-start|p1a: Empoleon|move: Yawn|[of] p2a: Torkoal\n|\n|-weather|SunnyDay|[upkeep]\n|upkeep\n|turn|2\n|\n|t:|1698881492\n|switch|p1a: Cyclizar|Cyclizar, M|100\/100\n|move|p2a: Torkoal|Stealth Rock|p1a: Cyclizar\n|-sidestart|p1: leonissenbaum|move: Stealth Rock\n|\n|-weather|SunnyDay|[upkeep]\n|upkeep\n|turn|3\n|\n|t:|1698881497\n|move|p1a: Cyclizar|Rapid Spin|p2a: Torkoal\n|-damage|p2a: Torkoal|90\/100\n|-boost|p1a: Cyclizar|spe|1\n|-sideend|p1: leonissenbaum|Stealth Rock|[from] move: Rapid Spin|[of] p1a: Cyclizar\n|move|p2a: Torkoal|Lava Plume|p1a: Cyclizar\n|-resisted|p1a: Cyclizar\n|-damage|p1a: Cyclizar|84\/100\n|\n|-weather|SunnyDay|[upkeep]\n|-heal|p2a: Torkoal|96\/100|[from] item: Leftovers\n|upkeep\n|turn|4\n|\n|t:|1698881503\n|move|p1a: Cyclizar|Knock Off|p2a: Torkoal\n|-damage|p2a: Torkoal|85\/100\n|-enditem|p2a: Torkoal|Leftovers|[from] move: Knock Off|[of] p1a: Cyclizar\n|move|p2a: Torkoal|Rapid Spin|p1a: Cyclizar\n|-damage|p1a: Cyclizar|70\/100\n|-boost|p2a: Torkoal|spe|1\n|-sideend|p2: kirimissing|Stealth Rock|[from] move: Rapid Spin|[of] p2a: Torkoal\n|\n|-weather|SunnyDay|[upkeep]\n|upkeep\n|turn|5\n|\n|t:|1698881511\n|move|p1a: Cyclizar|Draco Meteor|p2a: Torkoal\n|-damage|p2a: Torkoal|33\/100\n|-unboost|p1a: Cyclizar|spa|2\n|move|p2a: Torkoal|Yawn|p1a: Cyclizar\n|-start|p1a: Cyclizar|move: Yawn|[of] p2a: Torkoal\n|\n|-weather|none\n|upkeep\n|turn|6\n|\n|t:|1698881517\n|switch|p1a: Empoleon|Empoleon, F|100\/100\n|switch|p2a: Chi-Yu|Chi-Yu|100\/100\n|-ability|p2a: Chi-Yu|Beads of Ruin\n|\n|upkeep\n|turn|7\n|\n|t:|1698881524\n|-terastallize|p2a: Chi-Yu|Grass\n|move|p2a: Chi-Yu|Nasty Plot|p2a: Chi-Yu\n|-boost|p2a: Chi-Yu|spa|2\n|move|p1a: Empoleon|Stealth Rock|p2a: Chi-Yu\n|-sidestart|p2: kirimissing|move: Stealth Rock\n|\n|upkeep\n|turn|8\n|\n|t:|1698881542\n|move|p2a: Chi-Yu|Dark Pulse|p1a: Empoleon\n|-damage|p1a: Empoleon|0 fnt\n|faint|p1a: Empoleon\n|-damage|p2a: Chi-Yu|91\/100|[from] item: Life Orb\n|\n|upkeep\n|j| the tr4sh man\n|\n|t:|1698881549\n|switch|p1a: Blissey|Blissey, F|100\/100\n|turn|9\n|\n|t:|1698881555\n|switch|p2a: Gholdengo|Gholdengo|100\/100\n|-damage|p2a: Gholdengo|94\/100|[from] Stealth Rock\n|-item|p2a: Gholdengo|Air Balloon\n|move|p1a: Blissey|Seismic Toss|p2a: Gholdengo\n|-immune|p2a: Gholdengo\n|\n|upkeep\n|turn|10\n|c|\u2606leonissenbaum|did i really just make a stall team that loses to chi-yu\n|c|\u2606leonissenbaum|what was i cooking\n|c|\u2606kirimissing|l ol back to the drawing board\n|c|\u2606kirimissing|tho that crocalor is fucking sick man\n|\n|t:|1698881594\n|move|p2a: Gholdengo|Make It Rain|p1a: Blissey\n|-damage|p1a: Blissey|84\/100\n|-unboost|p2a: Gholdengo|spa|1\n|move|p1a: Blissey|Shadow Ball|p2a: Gholdengo\n|-supereffective|p2a: Gholdengo\n|-damage|p2a: Gholdengo|73\/100\n|-enditem|p2a: Gholdengo|Air Balloon\n|\n|upkeep\n|turn|11\n|c|\u2606leonissenbaum|yeah it's great lol\n|\n|t:|1698881602\n|move|p2a: Gholdengo|Metal Sound|p1a: Blissey\n|-unboost|p1a: Blissey|spd|2\n|move|p1a: Blissey|Shadow Ball|p2a: Gholdengo\n|-supereffective|p2a: Gholdengo\n|-damage|p2a: Gholdengo|51\/100\n|\n|upkeep\n|turn|12\n|\n|t:|1698881615\n|switch|p2a: Torkoal|Torkoal, M|33\/100\n|-damage|p2a: Torkoal|8\/100|[from] Stealth Rock\n|-weather|SunnyDay|[from] ability: Drought|[of] p2a: Torkoal\n|switch|p1a: Cyclizar|Cyclizar, M|100\/100\n|\n|-weather|SunnyDay|[upkeep]\n|upkeep\n|turn|13\n|\n|t:|1698881625\n|switch|p2a: Arcanine|Arcanine-Hisui, F|100\/100\n|-damage|p2a: Arcanine|75\/100|[from] Stealth Rock\n|move|p1a: Cyclizar|Rapid Spin|p2a: Arcanine\n|-resisted|p2a: Arcanine\n|-damage|p2a: Arcanine|67\/100\n|-boost|p1a: Cyclizar|spe|1\n|\n|-weather|SunnyDay|[upkeep]\n|upkeep\n|turn|14\n|\n|t:|1698881650\n|move|p2a: Arcanine|Head Smash|p1a: Cyclizar|[miss]\n|-miss|p2a: Arcanine|p1a: Cyclizar\n|move|p1a: Cyclizar|Draco Meteor|p2a: Arcanine\n|-damage|p2a: Arcanine|6\/100\n|-unboost|p1a: Cyclizar|spa|2\n|\n|-weather|SunnyDay|[upkeep]\n|upkeep\n|turn|15\n|c|\u2606kirimissing|oh my god why god\n|c|\u2606leonissenbaum|lmao\n|c|\u2606kirimissing|why do i always have this luck\n|c|\u2606kirimissing|it make a no sense\n|\n|t:|1698881675\n|switch|p1a: Arceus|Arceus-Grass|100\/100\n|move|p2a: Arcanine|Head Smash|p1a: Arceus\n|-damage|p1a: Arceus|59\/100\n|\n|-weather|SunnyDay|[upkeep]\n|upkeep\n|turn|16\n|\n|t:|1698881685\n|switch|p2a: Chi-Yu|Chi-Yu, tera:Grass|91\/100\n|-damage|p2a: Chi-Yu|78\/100|[from] Stealth Rock\n|-ability|p2a: Chi-Yu|Beads of Ruin\n|move|p1a: Arceus|Recover|p1a: Arceus\n|-heal|p1a: Arceus|100\/100\n|\n|-weather|none\n|upkeep\n|turn|17\n|\n|t:|1698881697\n|switch|p1a: Blissey|Blissey, F|84\/100\n|move|p2a: Chi-Yu|Flamethrower|p1a: Blissey\n|-damage|p1a: Blissey|59\/100\n|-damage|p2a: Chi-Yu|68\/100|[from] item: Life Orb\n|\n|upkeep\n|turn|18\n|\n|t:|1698881702\n|move|p2a: Chi-Yu|Nasty Plot|p2a: Chi-Yu\n|-boost|p2a: Chi-Yu|spa|2\n|move|p1a: Blissey|Soft-Boiled|p1a: Blissey\n|-heal|p1a: Blissey|100\/100\n|\n|upkeep\n|turn|19\n|\n|t:|1698881709\n|move|p2a: Chi-Yu|Dark Pulse|p1a: Blissey\n|-damage|p1a: Blissey|52\/100\n|-damage|p2a: Chi-Yu|58\/100|[from] item: Life Orb\n|move|p1a: Blissey|Heal Bell||[still]\n|-activate|p1a: Blissey|move: Heal Bell\n|-fail|p1a: Blissey\n|\n|upkeep\n|turn|20\n|n| the tr4sh man|thetr4shman\n|c|\u2606leonissenbaum|aa misclick lmao\n|\n|t:|1698881719\n|move|p2a: Chi-Yu|Dark Pulse|p1a: Blissey\n|-damage|p1a: Blissey|10\/100\n|-damage|p2a: Chi-Yu|48\/100|[from] item: Life Orb\n|move|p1a: Blissey|Soft-Boiled|p1a: Blissey\n|-heal|p1a: Blissey|60\/100\n|\n|upkeep\n|turn|21\n|c|\u2606kirimissing|lo l\n|\n|t:|1698881725\n|move|p2a: Chi-Yu|Nasty Plot|p2a: Chi-Yu\n|-boost|p2a: Chi-Yu|spa|2\n|move|p1a: Blissey|Soft-Boiled|p1a: Blissey\n|-heal|p1a: Blissey|100\/100\n|\n|upkeep\n|turn|22\n|\n|t:|1698881728\n|move|p2a: Chi-Yu|Dark Pulse|p1a: Blissey\n|-damage|p1a: Blissey|31\/100\n|-damage|p2a: Chi-Yu|38\/100|[from] item: Life Orb\n|move|p1a: Blissey|Seismic Toss|p2a: Chi-Yu\n|-damage|p2a: Chi-Yu|0 fnt\n|faint|p2a: Chi-Yu\n|\n|upkeep\n|c|\u2606kirimissing|sadge i misplayed\n|\n|t:|1698881742\n|switch|p2a: Roaring Moon|Roaring Moon|100\/100\n|-damage|p2a: Roaring Moon|88\/100|[from] Stealth Rock\n|-enditem|p2a: Roaring Moon|Booster Energy\n|-activate|p2a: Roaring Moon|ability: Protosynthesis|[fromitem]\n|-start|p2a: Roaring Moon|protosynthesisspe\n|turn|23\n|\n|t:|1698881748\n|switch|p1a: Crocalor|Crocalor, F|100\/100\n|move|p2a: Roaring Moon|Dragon Dance|p2a: Roaring Moon\n|-boost|p2a: Roaring Moon|atk|1\n|-boost|p2a: Roaring Moon|spe|1\n|\n|upkeep\n|turn|24\n|\n|t:|1698881752\n|move|p2a: Roaring Moon|Knock Off|p1a: Crocalor\n|-damage|p1a: Crocalor|71\/100\n|-enditem|p1a: Crocalor|Eviolite|[from] move: Knock Off|[of] p2a: Roaring Moon\n|move|p1a: Crocalor|Will-O-Wisp|p2a: Roaring Moon\n|-status|p2a: Roaring Moon|brn\n|\n|-damage|p2a: Roaring Moon|82\/100 brn|[from] brn\n|upkeep\n|turn|25\n|c|\u2606leonissenbaum|the crocalor sweep?\n|c|\u2606leonissenbaum|oh shit\n|\n|t:|1698881764\n|move|p2a: Roaring Moon|Dragon Claw|p1a: Crocalor\n|-damage|p1a: Crocalor|54\/100\n|move|p1a: Crocalor|Slack Off|p1a: Crocalor\n|-heal|p1a: Crocalor|100\/100\n|\n|-damage|p2a: Roaring Moon|76\/100 brn|[from] brn\n|upkeep\n|turn|26\n|\n|t:|1698881773\n|move|p2a: Roaring Moon|Dragon Dance|p2a: Roaring Moon\n|-boost|p2a: Roaring Moon|atk|1\n|-boost|p2a: Roaring Moon|spe|1\n|move|p1a: Crocalor|Roar|p2a: Roaring Moon\n|-end|p2a: Roaring Moon|Protosynthesis|[silent]\n|drag|p2a: Torkoal|Torkoal, M|8\/100\n|-damage|p2a: Torkoal|0 fnt|[from] Stealth Rock\n|faint|p2a: Torkoal\n|\n|upkeep\n|\n|t:|1698881776\n|switch|p2a: Walking Wake|Walking Wake|100\/100\n|-damage|p2a: Walking Wake|88\/100|[from] Stealth Rock\n|turn|27\n|c|\u2606kirimissing|rip tork\n|\n|t:|1698881790\n|switch|p1a: Mew|Mew|100\/100\n|move|p2a: Walking Wake|Hydro Steam|p1a: Mew\n|-damage|p1a: Mew|64\/100\n|\n|-heal|p1a: Mew|70\/100|[from] item: Leftovers\n|upkeep\n|turn|28\n|c|\u2606kirimissing|i think i loose now\n|\n|t:|1698881810\n|-end|p2a: Walking Wake|Protosynthesis|[silent]\n|switch|p2a: Gholdengo|Gholdengo|51\/100\n|-damage|p2a: Gholdengo|45\/100|[from] Stealth Rock\n|move|p1a: Mew|Spikes|p2a: Gholdengo\n|-sidestart|p2: kirimissing|Spikes\n|\n|-heal|p1a: Mew|76\/100|[from] item: Leftovers\n|upkeep\n|turn|29\n|c|\u2606kirimissing|the chi yu was the only thing keeping me up since yk torkoal dead\n|\n|t:|1698881827\n|switch|p1a: Cyclizar|Cyclizar, M|100\/100\n|move|p2a: Gholdengo|Metal Sound|p1a: Cyclizar\n|-unboost|p1a: Cyclizar|spd|2\n|\n|upkeep\n|turn|30\n|\n|t:|1698881831\n|move|p1a: Cyclizar|Overheat|p2a: Gholdengo\n|-supereffective|p2a: Gholdengo\n|-damage|p2a: Gholdengo|0 fnt\n|-unboost|p1a: Cyclizar|spa|2\n|faint|p2a: Gholdengo\n|\n|upkeep\n|\n|t:|1698881837\n|switch|p2a: Walking Wake|Walking Wake|88\/100\n|-damage|p2a: Walking Wake|76\/100|[from] Stealth Rock\n|-damage|p2a: Walking Wake|64\/100|[from] Spikes\n|turn|31\n|\n|t:|1698881851\n|switch|p1a: Mew|Mew|76\/100\n|move|p2a: Walking Wake|Hydro Steam|p1a: Mew\n|-damage|p1a: Mew|38\/100\n|\n|-heal|p1a: Mew|44\/100|[from] item: Leftovers\n|upkeep\n|turn|32\n|\n|t:|1698881858\n|move|p2a: Walking Wake|Hydro Steam|p1a: Mew\n|-damage|p1a: Mew|6\/100\n|move|p1a: Mew|Toxic|p2a: Walking Wake\n|-status|p2a: Walking Wake|tox\n|\n|-heal|p1a: Mew|12\/100|[from] item: Leftovers\n|-damage|p2a: Walking Wake|58\/100 tox|[from] psn\n|upkeep\n|turn|33\n|\n|t:|1698881861\n|move|p2a: Walking Wake|Hydro Steam|p1a: Mew\n|-damage|p1a: Mew|0 fnt\n|faint|p1a: Mew\n|\n|-damage|p2a: Walking Wake|45\/100 tox|[from] psn\n|upkeep\n|\n|t:|1698881863\n|switch|p1a: Blissey|Blissey, F|31\/100\n|turn|34\n|\n|t:|1698881868\n|-end|p2a: Walking Wake|Protosynthesis|[silent]\n|switch|p2a: Roaring Moon|Roaring Moon|76\/100 brn\n|-damage|p2a: Roaring Moon|64\/100 brn|[from] Stealth Rock\n|-damage|p2a: Roaring Moon|51\/100 brn|[from] Spikes\n|move|p1a: Blissey|Soft-Boiled|p1a: Blissey\n|-heal|p1a: Blissey|81\/100\n|\n|-damage|p2a: Roaring Moon|45\/100 brn|[from] brn\n|upkeep\n|turn|35\n|\n|t:|1698881877\n|switch|p1a: Crocalor|Crocalor, F|100\/100\n|move|p2a: Roaring Moon|Dragon Dance|p2a: Roaring Moon\n|-boost|p2a: Roaring Moon|atk|1\n|-boost|p2a: Roaring Moon|spe|1\n|\n|-damage|p2a: Roaring Moon|39\/100 brn|[from] brn\n|upkeep\n|turn|36\n|c|\u2606leonissenbaum|crocalor the INSANE wall?\n|\n|t:|1698881886\n|move|p2a: Roaring Moon|Dragon Claw|p1a: Crocalor\n|-damage|p1a: Crocalor|84\/100\n|move|p1a: Crocalor|Flamethrower|p2a: Roaring Moon\n|-resisted|p2a: Roaring Moon\n|-damage|p2a: Roaring Moon|27\/100 brn\n|\n|-damage|p2a: Roaring Moon|21\/100 brn|[from] brn\n|upkeep\n|turn|37\n|\n|t:|1698881892\n|-end|p2a: Roaring Moon|Protosynthesis|[silent]\n|switch|p2a: Arcanine|Arcanine-Hisui, F|6\/100\n|-damage|p2a: Arcanine|0 fnt|[from] Stealth Rock\n|faint|p2a: Arcanine\n|move|p1a: Crocalor|Flamethrower|p2: Arcanine|[notarget]\n|-fail|p1a: Crocalor\n|\n|upkeep\n|c|\u2606kirimissing|yeah phisical goe bye bye\n|\n|t:|1698881900\n|switch|p2a: Walking Wake|Walking Wake|45\/100 tox\n|-damage|p2a: Walking Wake|33\/100 tox|[from] Stealth Rock\n|-damage|p2a: Walking Wake|21\/100 tox|[from] Spikes\n|turn|38\n|\n|t:|1698881909\n|switch|p1a: Blissey|Blissey, F|81\/100\n|move|p2a: Walking Wake|Hydro Steam|p1a: Blissey\n|-damage|p1a: Blissey|64\/100\n|\n|-damage|p2a: Walking Wake|15\/100 tox|[from] psn\n|upkeep\n|turn|39\n|\n|t:|1698881912\n|move|p2a: Walking Wake|Hydro Steam|p1a: Blissey\n|-damage|p1a: Blissey|46\/100\n|move|p1a: Blissey|Soft-Boiled|p1a: Blissey\n|-heal|p1a: Blissey|96\/100\n|\n|-damage|p2a: Walking Wake|2\/100 tox|[from] psn\n|upkeep\n|turn|40\n|c|\u2606kirimissing|no hard feelings but hate stall\n|\n|t:|1698881920\n|move|p2a: Walking Wake|Hydro Steam|p1a: Blissey\n|-damage|p1a: Blissey|78\/100\n|move|p1a: Blissey|Soft-Boiled|p1a: Blissey\n|-heal|p1a: Blissey|100\/100\n|\n|-damage|p2a: Walking Wake|0 fnt|[from] psn\n|faint|p2a: Walking Wake\n|-end|p2a: Walking Wake|Protosynthesis|[silent]\n|upkeep\n|c|\u2606leonissenbaum|lmao no worries\n|c|\u2606leonissenbaum|gg\n|c|\u2606kirimissing|gg\n|\n|t:|1698881932\n|switch|p2a: Roaring Moon|Roaring Moon|21\/100 brn\n|-damage|p2a: Roaring Moon|9\/100 brn|[from] Stealth Rock\n|-damage|p2a: Roaring Moon|0 fnt|[from] Spikes\n|faint|p2a: Roaring Moon\n|-end|p2a: Roaring Moon|Protosynthesis|[silent]\n|\n|win|leonissenbaum\n","uploadtime":1698881941,"views":15,"p1id":"leonissenbaum","p2id":"kirimissing","formatid":"gen9ubers","rating":0,"private":0,"password":""}