{"id":"gen9ubers-1981601919","p1":"AXL94100","p2":"Ciscork","format":"[Gen 9] Ubers","log":"|j|\u2606AXL94100\n|j|\u2606Ciscork\n|t:|1698924637\n|gametype|singles\n|player|p1|AXL94100|nate|1152\n|player|p2|Ciscork|169|1090\n|teamsize|p1|6\n|teamsize|p2|6\n|gen|9\n|tier|[Gen 9] Ubers\n|rated|\n|rule|Sleep Clause Mod: Limit one foe put to sleep\n|rule|Species Clause: Limit one of each Pok\u00e9mon\n|rule|OHKO Clause: OHKO moves are banned\n|rule|Evasion Items Clause: Evasion items are banned\n|rule|Evasion Moves Clause: Evasion moves are banned\n|rule|Endless Battle Clause: Forcing endless battles is banned\n|rule|HP Percentage Mod: HP is shown in percentages\n|clearpoke\n|poke|p1|Koraidon|\n|poke|p1|Arceus-Ghost|\n|poke|p1|Chi-Yu|\n|poke|p1|Flutter Mane|\n|poke|p1|Walking Wake|\n|poke|p1|Regieleki|\n|poke|p2|Sneasler, F|\n|poke|p2|Dragapult, M|\n|poke|p2|Quaquaval, M|\n|poke|p2|Glimmora, M|\n|poke|p2|Roaring Moon|\n|poke|p2|Gholdengo|\n|teampreview\n|\n|t:|1698924684\n|start\n|switch|p1a: Walking Wake|Walking Wake|100\/100\n|switch|p2a: Sneasler|Sneasler, F, shiny|100\/100\n|turn|1\n|\n|t:|1698924691\n|move|p2a: Sneasler|U-turn|p1a: Walking Wake\n|-damage|p1a: Walking Wake|59\/100\n|inactive|Battle timer is ON: inactive players will automatically lose when time's up. (requested by AXL94100)\n|\n|t:|1698924704\n|switch|p2a: Gholdengo|Gholdengo|100\/100|[from] U-turn\n|-item|p2a: Gholdengo|Air Balloon\n|move|p1a: Walking Wake|Draco Meteor|p2a: Gholdengo\n|-resisted|p2a: Gholdengo\n|-damage|p2a: Gholdengo|46\/100\n|-unboost|p1a: Walking Wake|spa|2\n|-enditem|p2a: Gholdengo|Air Balloon\n|\n|upkeep\n|turn|2\n|\n|t:|1698924715\n|move|p1a: Walking Wake|Draco Meteor|p2a: Gholdengo\n|-resisted|p2a: Gholdengo\n|-damage|p2a: Gholdengo|16\/100\n|-unboost|p1a: Walking Wake|spa|2\n|move|p2a: Gholdengo|Shadow Ball|p1a: Walking Wake\n|-damage|p1a: Walking Wake|10\/100\n|\n|upkeep\n|turn|3\n|\n|t:|1698924731\n|-terastallize|p2a: Gholdengo|Fairy\n|move|p1a: Walking Wake|Draco Meteor|p2a: Gholdengo\n|-immune|p2a: Gholdengo\n|move|p2a: Gholdengo|Shadow Ball|p1a: Walking Wake\n|-damage|p1a: Walking Wake|0 fnt\n|faint|p1a: Walking Wake\n|-end|p1a: Walking Wake|Protosynthesis|[silent]\n|\n|upkeep\n|\n|t:|1698924737\n|switch|p1a: Regieleki|Regieleki, shiny|100\/100\n|turn|4\n|\n|t:|1698924744\n|move|p1a: Regieleki|Thunderbolt|p2a: Gholdengo\n|-damage|p2a: Gholdengo|0 fnt\n|faint|p2a: Gholdengo\n|\n|upkeep\n|\n|t:|1698924750\n|switch|p2a: Roaring Moon|Roaring Moon, shiny|100\/100\n|-enditem|p2a: Roaring Moon|Booster Energy\n|-activate|p2a: Roaring Moon|ability: Protosynthesis|[fromitem]\n|-start|p2a: Roaring Moon|protosynthesisatk\n|turn|5\n|\n|t:|1698924756\n|move|p1a: Regieleki|Volt Switch|p2a: Roaring Moon\n|-resisted|p2a: Roaring Moon\n|-crit|p2a: Roaring Moon\n|-damage|p2a: Roaring Moon|69\/100\n|\n|t:|1698924760\n|switch|p1a: Flutter Mane|Flutter Mane|100\/100|[from] Volt Switch\n|move|p2a: Roaring Moon|Dragon Dance|p2a: Roaring Moon\n|-boost|p2a: Roaring Moon|atk|1\n|-boost|p2a: Roaring Moon|spe|1\n|\n|upkeep\n|turn|6\n|\n|t:|1698924769\n|move|p2a: Roaring Moon|Acrobatics|p1a: Flutter Mane\n|-damage|p1a: Flutter Mane|0 fnt\n|faint|p1a: Flutter Mane\n|-end|p1a: Flutter Mane|Protosynthesis|[silent]\n|\n|upkeep\n|\n|t:|1698924784\n|switch|p1a: Koraidon|Koraidon|100\/100\n|-weather|SunnyDay|[from] ability: Orichalcum Pulse|[of] p1a: Koraidon\n|-activate|p1a: Koraidon|Orichalcum Pulse|[source]\n|turn|7\n|\n|t:|1698924791\n|move|p2a: Roaring Moon|Acrobatics|p1a: Koraidon\n|-supereffective|p1a: Koraidon\n|-damage|p1a: Koraidon|0 fnt\n|faint|p1a: Koraidon\n|\n|-weather|SunnyDay|[upkeep]\n|upkeep\n|\n|t:|1698924802\n|switch|p1a: Regieleki|Regieleki, shiny|100\/100\n|turn|8\n|\n|t:|1698924806\n|-terastallize|p1a: Regieleki|Ice\n|move|p2a: Roaring Moon|Earthquake|p1a: Regieleki\n|-damage|p1a: Regieleki|0 fnt\n|faint|p1a: Regieleki\n|\n|-weather|SunnyDay|[upkeep]\n|upkeep\n|\n|t:|1698924811\n|switch|p1a: Arceus|Arceus-Ghost|100\/100\n|turn|9\n|\n|t:|1698924816\n|move|p2a: Roaring Moon|Knock Off|p1a: Arceus\n|-supereffective|p1a: Arceus\n|-damage|p1a: Arceus|0 fnt\n|faint|p1a: Arceus\n|\n|-weather|SunnyDay|[upkeep]\n|upkeep\n|\n|t:|1698924819\n|switch|p1a: Chi-Yu|Chi-Yu|100\/100\n|-ability|p1a: Chi-Yu|Beads of Ruin\n|turn|10\n|\n|t:|1698924826\n|move|p2a: Roaring Moon|Earthquake|p1a: Chi-Yu\n|-supereffective|p1a: Chi-Yu\n|-damage|p1a: Chi-Yu|0 fnt\n|faint|p1a: Chi-Yu\n|\n|win|Ciscork\n|raw|AXL94100's rating: 1152 &rarr; <strong>1123<\/strong><br \/>(-29 for losing)\n|raw|Ciscork's rating: 1090 &rarr; <strong>1121<\/strong><br \/>(+31 for winning)\n|l|\u2606AXL94100\n","uploadtime":1698924834,"views":22,"p1id":"axl94100","p2id":"ciscork","formatid":"gen9ubers","rating":1121,"private":0,"password":""}