{"id":"gen9ubers-1974066897","p1":"williesilly123","p2":"kyueki","format":"[Gen 9] Ubers","log":"|j|\u2606williesilly123\n|j|\u2606kyueki\n|t:|1698050777\n|gametype|singles\n|player|p1|williesilly123|steven|\n|player|p2|kyueki|clair|\n|teamsize|p1|6\n|teamsize|p2|6\n|gen|9\n|tier|[Gen 9] Ubers\n|rule|Sleep Clause Mod: Limit one foe put to sleep\n|rule|Species Clause: Limit one of each Pok\u00e9mon\n|rule|OHKO Clause: OHKO moves are banned\n|rule|Evasion Items Clause: Evasion items are banned\n|rule|Evasion Moves Clause: Evasion moves are banned\n|rule|Endless Battle Clause: Forcing endless battles is banned\n|rule|HP Percentage Mod: HP is shown in percentages\n|clearpoke\n|poke|p1|Ursaluna-Bloodmoon, M|\n|poke|p1|Zacian-*|\n|poke|p1|Urshifu-*, M|\n|poke|p1|Chien-Pao|\n|poke|p1|Miraidon|\n|poke|p1|Kyogre|\n|poke|p2|Garganacl, M|\n|poke|p2|Clodsire, F|\n|poke|p2|Dragonite, M|\n|poke|p2|Scizor, F|\n|poke|p2|Rotom-Wash|\n|poke|p2|Breloom, M|\n|teampreview\n|\n|t:|1698050802\n|start\n|switch|p1a: Urshifu|Urshifu-Rapid-Strike, M|100\/100\n|switch|p2a: Garganacl|Garganacl, M|100\/100\n|turn|1\n|\n|t:|1698050824\n|switch|p2a: Rotom|Rotom-Wash|100\/100\n|move|p1a: Urshifu|Surging Strikes|p2a: Rotom\n|-resisted|p2a: Rotom\n|-crit|p2a: Rotom\n|-damage|p2a: Rotom|81\/100\n|-resisted|p2a: Rotom\n|-crit|p2a: Rotom\n|-damage|p2a: Rotom|61\/100\n|-resisted|p2a: Rotom\n|-crit|p2a: Rotom\n|-damage|p2a: Rotom|42\/100\n|-hitcount|p2a: Rotom|3\n|\n|upkeep\n|turn|2\n|\n|t:|1698050845\n|move|p1a: Urshifu|Surging Strikes|p2a: Rotom\n|-resisted|p2a: Rotom\n|-crit|p2a: Rotom\n|-damage|p2a: Rotom|23\/100\n|-resisted|p2a: Rotom\n|-crit|p2a: Rotom\n|-damage|p2a: Rotom|3\/100\n|-resisted|p2a: Rotom\n|-crit|p2a: Rotom\n|-damage|p2a: Rotom|0 fnt\n|faint|p2a: Rotom\n|-hitcount|p2: Rotom|3\n|\n|upkeep\n|\n|t:|1698050854\n|switch|p2a: Breloom|Breloom, M|100\/100\n|turn|3\n|\n|t:|1698050860\n|move|p1a: Urshifu|Surging Strikes|p2a: Breloom\n|-resisted|p2a: Breloom\n|-crit|p2a: Breloom\n|-damage|p2a: Breloom|79\/100\n|-resisted|p2a: Breloom\n|-crit|p2a: Breloom\n|-damage|p2a: Breloom|54\/100\n|-resisted|p2a: Breloom\n|-crit|p2a: Breloom\n|-damage|p2a: Breloom|30\/100\n|-hitcount|p2a: Breloom|3\n|move|p2a: Breloom|Bullet Seed|p1a: Urshifu\n|-supereffective|p1a: Urshifu\n|-damage|p1a: Urshifu|51\/100\n|-supereffective|p1a: Urshifu\n|-damage|p1a: Urshifu|6\/100\n|-supereffective|p1a: Urshifu\n|-damage|p1a: Urshifu|0 fnt\n|faint|p1a: Urshifu\n|-hitcount|p1: Urshifu|3\n|\n|upkeep\n|\n|t:|1698050872\n|switch|p1a: Chien-Pao|Chien-Pao|100\/100\n|-ability|p1a: Chien-Pao|Sword of Ruin\n|turn|4\n|\n|t:|1698050882\n|move|p1a: Chien-Pao|Sacred Sword|p2a: Breloom\n|-damage|p2a: Breloom|0 fnt\n|faint|p2a: Breloom\n|\n|upkeep\n|\n|t:|1698050892\n|switch|p2a: Garganacl|Garganacl, M|100\/100\n|turn|5\n|\n|t:|1698050898\n|switch|p1a: Ursaluna|Ursaluna-Bloodmoon, M|100\/100\n|move|p2a: Garganacl|Salt Cure|p1a: Ursaluna\n|-resisted|p1a: Ursaluna\n|-crit|p1a: Ursaluna\n|-damage|p1a: Ursaluna|91\/100\n|-start|p1a: Ursaluna|Salt Cure\n|\n|-damage|p1a: Ursaluna|78\/100|[from] Salt Cure\n|upkeep\n|turn|6\n|\n|t:|1698050905\n|move|p1a: Ursaluna|Earth Power|p2a: Garganacl\n|-supereffective|p2a: Garganacl\n|-damage|p2a: Garganacl|0 fnt\n|faint|p2a: Garganacl\n|-damage|p1a: Ursaluna|68\/100|[from] item: Life Orb\n|\n|-damage|p1a: Ursaluna|56\/100|[from] Salt Cure\n|upkeep\n|\n|t:|1698050917\n|switch|p2a: Dragonite|Dragonite, M|100\/100\n|turn|7\n|\n|t:|1698050923\n|move|p2a: Dragonite|Rain Dance|p2a: Dragonite\n|-weather|RainDance\n|move|p1a: Ursaluna|Blood Moon|p2a: Dragonite\n|-damage|p2a: Dragonite|0 fnt\n|faint|p2a: Dragonite\n|-damage|p1a: Ursaluna|46\/100|[from] item: Life Orb\n|\n|-weather|RainDance|[upkeep]\n|-damage|p1a: Ursaluna|34\/100|[from] Salt Cure\n|upkeep\n|\n|t:|1698050929\n|switch|p2a: Clodsire|Clodsire, F|100\/100\n|turn|8\n|\n|t:|1698050937\n|move|p1a: Ursaluna|Earth Power|p2a: Clodsire\n|-supereffective|p2a: Clodsire\n|-damage|p2a: Clodsire|33\/100\n|-damage|p1a: Ursaluna|24\/100|[from] item: Life Orb\n|move|p2a: Clodsire|Recover|p2a: Clodsire\n|-heal|p2a: Clodsire|83\/100\n|\n|-weather|RainDance|[upkeep]\n|-heal|p2a: Clodsire|90\/100|[from] item: Leftovers\n|-damage|p1a: Ursaluna|11\/100|[from] Salt Cure\n|upkeep\n|turn|9\n|\n|t:|1698050941\n|move|p1a: Ursaluna|Earth Power|p2a: Clodsire\n|-supereffective|p2a: Clodsire\n|-damage|p2a: Clodsire|15\/100\n|-unboost|p2a: Clodsire|spd|1\n|-damage|p1a: Ursaluna|1\/100|[from] item: Life Orb\n|move|p2a: Clodsire|Recover|p2a: Clodsire\n|-heal|p2a: Clodsire|65\/100\n|\n|-weather|RainDance|[upkeep]\n|-heal|p2a: Clodsire|71\/100|[from] item: Leftovers\n|-damage|p1a: Ursaluna|0 fnt|[from] Salt Cure\n|faint|p1a: Ursaluna\n|upkeep\n|\n|t:|1698050951\n|switch|p1a: Kyogre|Kyogre|100\/100\n|turn|10\n|\n|t:|1698050955\n|move|p1a: Kyogre|Surf|p2a: Clodsire\n|-supereffective|p2a: Clodsire\n|-damage|p2a: Clodsire|0 fnt\n|faint|p2a: Clodsire\n|\n|-weather|RainDance|[upkeep]\n|upkeep\n|\n|t:|1698050957\n|switch|p2a: Scizor|Scizor, F|100\/100\n|turn|11\n|\n|t:|1698050963\n|move|p2a: Scizor|Bullet Punch|p1a: Kyogre\n|-resisted|p1a: Kyogre\n|-damage|p1a: Kyogre|79\/100\n|move|p1a: Kyogre|Surf|p2a: Scizor\n|-damage|p2a: Scizor|6\/100\n|\n|-weather|none\n|-heal|p1a: Kyogre|86\/100|[from] item: Leftovers\n|upkeep\n|turn|12\n|\n|t:|1698050968\n|-terastallize|p1a: Kyogre|Ground\n|move|p2a: Scizor|Bullet Punch|p1a: Kyogre\n|-damage|p1a: Kyogre|42\/100\n|move|p1a: Kyogre|Tera Blast|p2a: Scizor|[anim] Tera Blast Ground\n|-damage|p2a: Scizor|0 fnt\n|faint|p2a: Scizor\n|\n|win|williesilly123\n|l|\u2606kyueki\n","uploadtime":1698050973,"views":12,"p1id":"williesilly123","p2id":"kyueki","formatid":"gen9ubers","rating":0,"private":0,"password":""}