{"id":"gen9ubers-1978367572","p1":"Manatsu","p2":"IshaNn","format":"[Gen 9] Ubers","log":"|j|\u2606Manatsu\n|j|\u2606IshaNn\n|t:|1698530125\n|gametype|singles\n|player|p1|Manatsu|1|\n|player|p2|IshaNn|koga|\n|teamsize|p1|6\n|teamsize|p2|6\n|gen|9\n|tier|[Gen 9] Ubers\n|rule|Sleep Clause Mod: Limit one foe put to sleep\n|rule|Species Clause: Limit one of each Pok\u00e9mon\n|rule|OHKO Clause: OHKO moves are banned\n|rule|Evasion Items Clause: Evasion items are banned\n|rule|Evasion Moves Clause: Evasion moves are banned\n|rule|Endless Battle Clause: Forcing endless battles is banned\n|rule|HP Percentage Mod: HP is shown in percentages\n|clearpoke\n|poke|p1|Ogerpon-Cornerstone, F|\n|poke|p1|Flapple, F|\n|poke|p1|Walking Wake|\n|poke|p1|Iron Bundle|\n|poke|p1|Torkoal, F|\n|poke|p1|Clodsire, M|\n|poke|p2|Baxcalibur, M|\n|poke|p2|Thundurus, M|\n|poke|p2|Ninetales-Alola, F|\n|poke|p2|Empoleon, M|\n|poke|p2|Amoonguss, M|\n|poke|p2|Lycanroc, F|\n|teampreview\n|inactive|Battle timer is ON: inactive players will automatically lose when time's up. (requested by Manatsu)\n|inactiveoff|Battle timer is now OFF.\n|c|\u2606Manatsu|hallo\n|c|\u2606IshaNn|o\/\n|c|\u2606Manatsu|do need to put link anywhere?\n|c|\u2606IshaNn|i got it\n|c|\u2606Manatsu|ty\n|\n|t:|1698530263\n|start\n|switch|p1a: Walking Wake|Walking Wake|100\/100\n|switch|p2a: Emperte|Empoleon, M|100\/100\n|turn|1\n|\n|t:|1698530291\n|-end|p1a: Walking Wake|Protosynthesis|[silent]\n|switch|p1a: Torkoal|Torkoal, F|100\/100\n|-weather|SunnyDay|[from] ability: Drought|[of] p1a: Torkoal\n|move|p2a: Emperte|Stealth Rock|p1a: Torkoal\n|-sidestart|p1: Manatsu|move: Stealth Rock\n|\n|-weather|SunnyDay|[upkeep]\n|upkeep\n|turn|2\n|\n|t:|1698530315\n|move|p2a: Emperte|Surf|p1a: Torkoal\n|-supereffective|p1a: Torkoal\n|-damage|p1a: Torkoal|58\/100\n|move|p1a: Torkoal|Rapid Spin|p2a: Emperte\n|-resisted|p2a: Emperte\n|-damage|p2a: Emperte|96\/100\n|-boost|p1a: Torkoal|spe|1\n|-sideend|p1: Manatsu|Stealth Rock|[from] move: Rapid Spin|[of] p1a: Torkoal\n|\n|-weather|SunnyDay|[upkeep]\n|-heal|p2a: Emperte|100\/100|[from] item: Leftovers\n|upkeep\n|turn|3\n|\n|t:|1698530362\n|switch|p1a: Walking Wake|Walking Wake|100\/100\n|-activate|p1a: Walking Wake|ability: Protosynthesis\n|-start|p1a: Walking Wake|protosynthesisspa\n|move|p2a: Emperte|Stealth Rock|p1a: Walking Wake\n|-sidestart|p1: Manatsu|move: Stealth Rock\n|\n|-weather|SunnyDay|[upkeep]\n|upkeep\n|turn|4\n|j| xegrizzy\n|\n|t:|1698530399\n|move|p1a: Walking Wake|Flamethrower|p2a: Emperte\n|-damage|p2a: Emperte|60\/100\n|move|p2a: Emperte|Roost|p2a: Emperte\n|-heal|p2a: Emperte|100\/100\n|-singleturn|p2a: Emperte|move: Roost\n|\n|-weather|SunnyDay|[upkeep]\n|upkeep\n|turn|5\n|c|\u2606Manatsu|that is\n|c|\u2606Manatsu|a fat penguin\n|c|\u2606IshaNn|indeed\n|\n|t:|1698530464\n|-end|p1a: Walking Wake|Protosynthesis|[silent]\n|switch|p1a: Ogerpon|Ogerpon-Cornerstone, F|100\/100\n|-damage|p1a: Ogerpon|88\/100|[from] Stealth Rock\n|move|p2a: Emperte|Roost||[still]\n|-fail|p2a: Emperte|heal\n|\n|-weather|SunnyDay|[upkeep]\n|upkeep\n|turn|6\n|\n|t:|1698530501\n|switch|p2a: Morabareru|Amoonguss, M|100\/100\n|move|p1a: Ogerpon|Ivy Cudgel|p2a: Morabareru\n|-damage|p2a: Morabareru|52\/100\n|\n|-weather|SunnyDay|[upkeep]\n|-heal|p2a: Morabareru|58\/100|[from] item: Black Sludge\n|upkeep\n|turn|7\n|j| justinrockin\n|\n|t:|1698530545\n|move|p1a: Ogerpon|Swords Dance|p1a: Ogerpon\n|-boost|p1a: Ogerpon|atk|2\n|move|p2a: Morabareru|Synthesis|p2a: Morabareru\n|-heal|p2a: Morabareru|100\/100\n|\n|-weather|SunnyDay|[upkeep]\n|upkeep\n|turn|8\n|\n|t:|1698530587\n|move|p1a: Ogerpon|Ivy Cudgel|p2a: Morabareru\n|-damage|p2a: Morabareru|8\/100\n|move|p2a: Morabareru|Sludge Bomb|p1a: Ogerpon\n|-damage|p1a: Ogerpon|55\/100\n|-status|p1a: Ogerpon|psn\n|\n|-weather|none\n|-heal|p2a: Morabareru|14\/100|[from] item: Black Sludge\n|-damage|p1a: Ogerpon|43\/100 psn|[from] psn\n|upkeep\n|turn|9\n|\n|t:|1698530608\n|move|p1a: Ogerpon|Horn Leech|p2a: Morabareru\n|-resisted|p2a: Morabareru\n|-damage|p2a: Morabareru|0 fnt\n|-heal|p1a: Ogerpon|53\/100 psn|[from] drain|[of] p2a: Morabareru\n|faint|p2a: Morabareru\n|\n|-damage|p1a: Ogerpon|41\/100 psn|[from] psn\n|upkeep\n|\n|t:|1698530660\n|switch|p2a: Lugarugan|Lycanroc, F|100\/100\n|turn|10\n|\n|t:|1698530680\n|switch|p1a: Walking Wake|Walking Wake|100\/100\n|-damage|p1a: Walking Wake|88\/100|[from] Stealth Rock\n|move|p2a: Lugarugan|Close Combat|p1a: Walking Wake\n|-damage|p1a: Walking Wake|32\/100\n|-unboost|p2a: Lugarugan|def|1\n|-unboost|p2a: Lugarugan|spd|1\n|-damage|p2a: Lugarugan|91\/100|[from] item: Life Orb\n|\n|upkeep\n|turn|11\n|\n|t:|1698530694\n|-end|p1a: Walking Wake|Protosynthesis|[silent]\n|switch|p1a: Torkoal|Torkoal, F|58\/100\n|-damage|p1a: Torkoal|33\/100|[from] Stealth Rock\n|-weather|SunnyDay|[from] ability: Drought|[of] p1a: Torkoal\n|move|p2a: Lugarugan|Close Combat|p1a: Torkoal\n|-damage|p1a: Torkoal|5\/100\n|-unboost|p2a: Lugarugan|def|1\n|-unboost|p2a: Lugarugan|spd|1\n|-damage|p2a: Lugarugan|81\/100|[from] item: Life Orb\n|\n|-weather|SunnyDay|[upkeep]\n|upkeep\n|turn|12\n|\n|t:|1698530703\n|move|p2a: Lugarugan|Close Combat|p1a: Torkoal\n|-damage|p1a: Torkoal|0 fnt\n|-unboost|p2a: Lugarugan|def|1\n|-unboost|p2a: Lugarugan|spd|1\n|faint|p1a: Torkoal\n|-damage|p2a: Lugarugan|71\/100|[from] item: Life Orb\n|\n|-weather|SunnyDay|[upkeep]\n|upkeep\n|\n|t:|1698530716\n|switch|p1a: Walking Wake|Walking Wake|32\/100\n|-damage|p1a: Walking Wake|20\/100|[from] Stealth Rock\n|-activate|p1a: Walking Wake|ability: Protosynthesis\n|-start|p1a: Walking Wake|protosynthesisspa\n|turn|13\n|\n|t:|1698530724\n|move|p1a: Walking Wake|Hydro Steam|p2a: Lugarugan\n|-supereffective|p2a: Lugarugan\n|-damage|p2a: Lugarugan|0 fnt\n|faint|p2a: Lugarugan\n|\n|-weather|SunnyDay|[upkeep]\n|upkeep\n|\n|t:|1698530742\n|switch|p2a: Kyukon|Ninetales-Alola, F|100\/100\n|-weather|Snow|[from] ability: Snow Warning|[of] p2a: Kyukon\n|-end|p1a: Walking Wake|Protosynthesis\n|turn|14\n|\n|t:|1698530806\n|-end|p1a: Walking Wake|Protosynthesis|[silent]\n|switch|p1a: Clodsire|Clodsire, M|100\/100\n|-damage|p1a: Clodsire|94\/100|[from] Stealth Rock\n|move|p2a: Kyukon|Aurora Veil|p2a: Kyukon\n|-sidestart|p2: IshaNn|move: Aurora Veil\n|\n|-weather|Snow|[upkeep]\n|-heal|p1a: Clodsire|100\/100|[from] item: Leftovers\n|upkeep\n|turn|15\n|\n|t:|1698530852\n|switch|p2a: Seglaive|Baxcalibur, M|100\/100\n|move|p1a: Clodsire|Toxic|p2a: Seglaive\n|-status|p2a: Seglaive|tox\n|\n|-weather|Snow|[upkeep]\n|-damage|p2a: Seglaive|94\/100 tox|[from] psn\n|upkeep\n|turn|16\n|\n|t:|1698530879\n|switch|p1a: Ogerpon|Ogerpon-Cornerstone, F|41\/100 psn\n|-damage|p1a: Ogerpon|28\/100 psn|[from] Stealth Rock\n|move|p2a: Seglaive|Scale Shot|p1a: Ogerpon\n|-damage|p1a: Ogerpon|9\/100 psn\n|-damage|p1a: Ogerpon|0 fnt\n|faint|p1a: Ogerpon\n|-hitcount|p1: Ogerpon|2\n|-unboost|p2a: Seglaive|def|1\n|-boost|p2a: Seglaive|spe|1\n|\n|-weather|Snow|[upkeep]\n|-heal|p2a: Seglaive|100\/100 tox|[from] ability: Ice Body\n|-damage|p2a: Seglaive|88\/100 tox|[from] psn\n|upkeep\n|\n|t:|1698530903\n|switch|p1a: Walking Wake|Walking Wake|20\/100\n|-damage|p1a: Walking Wake|7\/100|[from] Stealth Rock\n|turn|17\n|\n|t:|1698530949\n|switch|p2a: Kyukon|Ninetales-Alola, F|100\/100\n|move|p1a: Walking Wake|Draco Meteor|p2a: Kyukon\n|-immune|p2a: Kyukon\n|\n|-weather|Snow|[upkeep]\n|upkeep\n|turn|18\n|\n|t:|1698530959\n|move|p1a: Walking Wake|Draco Meteor|p2a: Kyukon\n|-immune|p2a: Kyukon\n|move|p2a: Kyukon|Freeze-Dry|p1a: Walking Wake\n|-supereffective|p1a: Walking Wake\n|-damage|p1a: Walking Wake|0 fnt\n|faint|p1a: Walking Wake\n|-end|p1a: Walking Wake|Protosynthesis|[silent]\n|\n|-weather|none\n|upkeep\n|\n|t:|1698530965\n|switch|p1a: Clodsire|Clodsire, M|100\/100\n|-damage|p1a: Clodsire|94\/100|[from] Stealth Rock\n|turn|19\n|\n|t:|1698530972\n|switch|p2a: Seglaive|Baxcalibur, M|88\/100 tox\n|move|p1a: Clodsire|Toxic Spikes|p2a: Seglaive\n|-sidestart|p2: IshaNn|move: Toxic Spikes\n|\n|-heal|p1a: Clodsire|100\/100|[from] item: Leftovers\n|-damage|p2a: Seglaive|82\/100 tox|[from] psn\n|upkeep\n|turn|20\n|\n|t:|1698530981\n|move|p2a: Seglaive|Scale Shot|p1a: Clodsire\n|-damage|p1a: Clodsire|84\/100\n|-damage|p1a: Clodsire|69\/100\n|-damage|p1a: Clodsire|54\/100\n|-damage|p1a: Clodsire|38\/100\n|-damage|p1a: Clodsire|23\/100\n|-hitcount|p1a: Clodsire|5\n|-unboost|p2a: Seglaive|def|1\n|-boost|p2a: Seglaive|spe|1\n|move|p1a: Clodsire|Earthquake|p2a: Seglaive\n|-damage|p2a: Seglaive|69\/100 tox\n|\n|-heal|p1a: Clodsire|29\/100|[from] item: Leftovers\n|-damage|p2a: Seglaive|57\/100 tox|[from] psn\n|upkeep\n|turn|21\n|l| xegrizzy\n|\n|t:|1698531087\n|move|p2a: Seglaive|Swords Dance|p2a: Seglaive\n|-boost|p2a: Seglaive|atk|2\n|move|p1a: Clodsire|Recover|p1a: Clodsire\n|-heal|p1a: Clodsire|79\/100\n|\n|-heal|p1a: Clodsire|85\/100|[from] item: Leftovers\n|-damage|p2a: Seglaive|38\/100 tox|[from] psn\n|-sideend|p2: IshaNn|move: Aurora Veil\n|upkeep\n|turn|22\n|\n|t:|1698531105\n|move|p2a: Seglaive|Icicle Spear|p1a: Clodsire\n|-supereffective|p1a: Clodsire\n|-damage|p1a: Clodsire|53\/100\n|-supereffective|p1a: Clodsire\n|-damage|p1a: Clodsire|24\/100\n|-supereffective|p1a: Clodsire\n|-damage|p1a: Clodsire|0 fnt\n|faint|p1a: Clodsire\n|-hitcount|p1: Clodsire|3\n|\n|-damage|p2a: Seglaive|13\/100 tox|[from] psn\n|upkeep\n|j| xegrizzy\n|\n|t:|1698531116\n|switch|p1a: Iron Bundle|Iron Bundle|100\/100\n|-damage|p1a: Iron Bundle|76\/100|[from] Stealth Rock\n|-enditem|p1a: Iron Bundle|Booster Energy\n|-activate|p1a: Iron Bundle|ability: Quark Drive|[fromitem]\n|-start|p1a: Iron Bundle|quarkdrivespe\n|turn|23\n|l| xegrizzy\n|\n|t:|1698531149\n|move|p1a: Iron Bundle|Ice Beam|p2a: Seglaive\n|-damage|p2a: Seglaive|0 fnt\n|faint|p2a: Seglaive\n|\n|upkeep\n|j| xegrizzy\n|\n|t:|1698531170\n|switch|p2a: Emperte|Empoleon, M|100\/100\n|turn|24\n|\n|t:|1698531176\n|-end|p1a: Iron Bundle|Quark Drive|[silent]\n|switch|p1a: Flapple|Flapple, F|100\/100\n|-damage|p1a: Flapple|88\/100|[from] Stealth Rock\n|move|p2a: Emperte|Surf|p1a: Flapple\n|-resisted|p1a: Flapple\n|-damage|p1a: Flapple|72\/100\n|\n|upkeep\n|turn|25\n|l| xegrizzy\n|j| xegrizzy\n|\n|t:|1698531257\n|move|p1a: Flapple|Dragon Dance|p1a: Flapple\n|-boost|p1a: Flapple|atk|1\n|-boost|p1a: Flapple|spe|1\n|move|p2a: Emperte|Roost||[still]\n|-fail|p2a: Emperte|heal\n|\n|upkeep\n|turn|26\n|l| xegrizzy\n|j| xegrizzy\n|\n|t:|1698531433\n|move|p1a: Flapple|Dragon Dance|p1a: Flapple\n|-boost|p1a: Flapple|atk|1\n|-boost|p1a: Flapple|spe|1\n|move|p2a: Emperte|Surf|p1a: Flapple\n|-resisted|p1a: Flapple\n|-damage|p1a: Flapple|57\/100\n|\n|upkeep\n|turn|27\n|\n|t:|1698531458\n|move|p1a: Flapple|Dragon Dance|p1a: Flapple\n|-boost|p1a: Flapple|atk|1\n|-boost|p1a: Flapple|spe|1\n|move|p2a: Emperte|Surf|p1a: Flapple\n|-resisted|p1a: Flapple\n|-damage|p1a: Flapple|42\/100\n|-activate|p1a: Flapple|ability: Ripen\n|-enditem|p1a: Flapple|Sitrus Berry|[eat]\n|-heal|p1a: Flapple|92\/100|[from] item: Sitrus Berry\n|\n|upkeep\n|turn|28\n|j| Yveltql\n|c|\u2606IshaNn|yaknow\n|c|\u2606Manatsu|hmmm\n|c|\u2606IshaNn|i didn't expect to lose this battle getting swept by a flapple\n|c| xegrizzy|The apple is ripe\n|c|\u2606Manatsu|quite ripe\n|c| xegrizzy|Apple picking: every white girls dream date. Apple picking: Ishans worst nightmare\n|l| Yveltql\n|l| xegrizzy\n|j| xegrizzy\n|\n|t:|1698531677\n|move|p1a: Flapple|Dragon Dance|p1a: Flapple\n|-boost|p1a: Flapple|atk|1\n|-boost|p1a: Flapple|spe|1\n|move|p2a: Emperte|Surf|p1a: Flapple\n|-resisted|p1a: Flapple\n|-damage|p1a: Flapple|75\/100\n|\n|upkeep\n|turn|29\n|l| xegrizzy\n|\n|t:|1698531802\n|move|p1a: Flapple|Dragon Dance|p1a: Flapple\n|-boost|p1a: Flapple|atk|1\n|-boost|p1a: Flapple|spe|1\n|move|p2a: Emperte|Surf|p1a: Flapple\n|-resisted|p1a: Flapple\n|-crit|p1a: Flapple\n|-damage|p1a: Flapple|51\/100\n|\n|upkeep\n|turn|30\n|\n|t:|1698531811\n|move|p1a: Flapple|Dragon Dance|p1a: Flapple\n|-boost|p1a: Flapple|atk|1\n|-boost|p1a: Flapple|spe|1\n|move|p2a: Emperte|Surf|p1a: Flapple\n|-resisted|p1a: Flapple\n|-damage|p1a: Flapple|35\/100\n|\n|upkeep\n|turn|31\n|\n|t:|1698531829\n|move|p1a: Flapple|Grav Apple|p2a: Emperte\n|-damage|p2a: Emperte|0 fnt\n|faint|p2a: Emperte\n|\n|upkeep\n|\n|t:|1698531862\n|switch|p2a: Voltolos|Thundurus, M|100\/100\n|turn|32\n|j| xegrizzy\n|\n|t:|1698531880\n|-terastallize|p1a: Flapple|Ground\n|move|p1a: Flapple|Grav Apple|p2a: Voltolos\n|-resisted|p2a: Voltolos\n|-damage|p2a: Voltolos|0 fnt\n|faint|p2a: Voltolos\n|\n|upkeep\n|\n|t:|1698531886\n|switch|p2a: Kyukon|Ninetales-Alola, F|100\/100\n|-status|p2a: Kyukon|psn\n|-weather|Snow|[from] ability: Snow Warning|[of] p2a: Kyukon\n|turn|33\n|\n|t:|1698531889\n|move|p1a: Flapple|Grav Apple|p2a: Kyukon\n|-damage|p2a: Kyukon|0 fnt\n|faint|p2a: Kyukon\n|\n|win|Manatsu\n|c|\u2606Manatsu|gg\n|c|\u2606IshaNn|gg\n|c|\u2606Manatsu|flapple rescued me lmao\n|c| xegrizzy|Tbh i was like wtf does flapple bring to this game\n|c|\u2606IshaNn|i mean\n|c| xegrizzy|in hindsight everything\n|c|\u2606IshaNn|i didn't think you'd keep dragon dancing\n|c|\u2606Manatsu|i had to\n|c|\u2606IshaNn|bc if i swap to ninetales on any of the first 5 dragon dances\n|c|\u2606IshaNn|i win\n|c|\u2606Manatsu|because grav apple\n|c| xegrizzy|the sitrus ripen i had no clue till now\n|c|\u2606IshaNn|so i didn't think you'd keep going\n|c|\u2606Manatsu|can only OHKO\n|c|\u2606Manatsu|thunderus\n|c|\u2606Manatsu|at 6\n|c|\u2606IshaNn|has a chance at 5\n|c|\u2606Manatsu|yeah, i didnt wanna risk it\n|l| xegrizzy\n|c|\u2606IshaNn|also outrage kills thundo earlier\n|c|\u2606IshaNn|and if you had sucker punch it has a roll to kill at 4\n|c|\u2606Manatsu|yeah but you can easily swap to ninetails\n|c|\u2606IshaNn|this is true\n|c|\u2606Manatsu|it you swapped out to ninetails\n|c|\u2606Manatsu|at any point\n|c|\u2606Manatsu|i would tera and hope I can 2OHKO\n|c|\u2606Manatsu|since i can take one freeze dry\n|c|\u2606IshaNn|you def 2ohko\n|c|\u2606Manatsu|so really i was afraid of not being able to OHKO thunderus\n|c|\u2606IshaNn|you 100% 2ohko after 2 dds\n|c|\u2606Manatsu|oh cool\n","uploadtime":1698532036,"views":31,"p1id":"manatsu","p2id":"ishann","formatid":"gen9ubers","rating":0,"private":0,"password":""}