{"id":"gen9ubers-1970818590","p1":"Dragonex129","p2":"Derfle","format":"[Gen 9] Ubers","log":"|j|\u2606Dragonex129\n|j|\u2606Derfle\n|t:|1697670275\n|gametype|singles\n|player|p1|Dragonex129|acetrainer-gen4|\n|player|p2|Derfle|scientistf|\n|teamsize|p1|6\n|teamsize|p2|6\n|gen|9\n|tier|[Gen 9] Ubers\n|rule|Sleep Clause Mod: Limit one foe put to sleep\n|rule|Species Clause: Limit one of each Pok\u00e9mon\n|rule|OHKO Clause: OHKO moves are banned\n|rule|Evasion Items Clause: Evasion items are banned\n|rule|Evasion Moves Clause: Evasion moves are banned\n|rule|Endless Battle Clause: Forcing endless battles is banned\n|rule|HP Percentage Mod: HP is shown in percentages\n|clearpoke\n|poke|p1|Meowscarada, F|\n|poke|p1|Scizor, M|\n|poke|p1|Cyclizar, M|\n|poke|p1|Azelf|\n|poke|p1|Walking Wake|\n|poke|p1|Volcarona, F|\n|poke|p2|Iron Hands|\n|poke|p2|Zarude-Dada|\n|poke|p2|Grimmsnarl, M|\n|poke|p2|Ting-Lu|\n|poke|p2|Volcanion|\n|poke|p2|Landorus-Therian, M|\n|teampreview\n|j| Jektrooper\n|c| Jektrooper|share the f---ing link lmao\n|j| ZeroORAS\n|c| Jektrooper|if I had a nickel for every match this draft I had to access via searching up a player's active battles\n|c| Jektrooper|I would have two nickels\n|j| SegoeScript\n|j| terravinn\n|\n|t:|1697670438\n|start\n|switch|p1a: Clover|Meowscarada, F|100\/100\n|switch|p2a: Stallin|Ting-Lu|100\/100\n|-ability|p2a: Stallin|Vessel of Ruin\n|turn|1\n|\n|t:|1697670447\n|move|p1a: Clover|Taunt|p2a: Stallin\n|-start|p2a: Stallin|move: Taunt\n|move|p2a: Stallin|Body Press|p1a: Clover\n|-supereffective|p1a: Clover\n|-damage|p1a: Clover|6\/100\n|\n|upkeep\n|turn|2\n|\n|t:|1697670459\n|move|p1a: Clover|Flower Trick|p2a: Stallin\n|-supereffective|p2a: Stallin\n|-crit|p2a: Stallin\n|-damage|p2a: Stallin|27\/100\n|move|p2a: Stallin|Body Press|p1a: Clover\n|-supereffective|p1a: Clover\n|-damage|p1a: Clover|0 fnt\n|faint|p1a: Clover\n|\n|-heal|p2a: Stallin|33\/100|[from] item: Leftovers\n|upkeep\n|\n|t:|1697670480\n|switch|p1a: Esper|Azelf|100\/100\n|turn|3\n|\n|t:|1697670533\n|move|p1a: Esper|Energy Ball|p2a: Stallin\n|-supereffective|p2a: Stallin\n|-damage|p2a: Stallin|0 fnt\n|faint|p2a: Stallin\n|-damage|p1a: Esper|91\/100|[from] item: Life Orb\n|\n|upkeep\n|\n|t:|1697670548\n|switch|p2a: Return|Zarude-Dada|100\/100\n|turn|4\n|\n|t:|1697670561\n|switch|p1a: Axel|Cyclizar, M|100\/100\n|move|p2a: Return|Crunch|p1a: Axel\n|-damage|p1a: Axel|43\/100\n|-unboost|p1a: Axel|def|1\n|-damage|p2a: Return|91\/100|[from] item: Life Orb\n|\n|upkeep\n|turn|5\n|\n|t:|1697670578\n|-terastallize|p2a: Return|Fairy\n|move|p1a: Axel|U-turn|p2a: Return\n|-resisted|p2a: Return\n|-damage|p2a: Return|84\/100\n|\n|t:|1697670603\n|switch|p1a: Crimson|Scizor, M|100\/100|[from] U-turn\n|move|p2a: Return|Crunch|p1a: Crimson\n|-damage|p1a: Crimson|38\/100\n|-unboost|p1a: Crimson|def|1\n|-damage|p2a: Return|74\/100|[from] item: Life Orb\n|\n|upkeep\n|turn|6\n|\n|t:|1697670634\n|move|p1a: Crimson|Bullet Punch|p2a: Return\n|-supereffective|p2a: Return\n|-damage|p2a: Return|5\/100\n|move|p2a: Return|Crunch|p1a: Crimson\n|-damage|p1a: Crimson|0 fnt\n|faint|p1a: Crimson\n|-damage|p2a: Return|0 fnt|[from] item: Life Orb\n|faint|p2a: Return\n|\n|upkeep\n|c| Jektrooper|LMAO\n|\n|t:|1697670662\n|switch|p2a: Ruffles|Grimmsnarl, M|100\/100\n|switch|p1a: Esper|Azelf|91\/100\n|turn|7\n|j| 199ahfgdfgdfafa\n|\n|t:|1697670742\n|switch|p1a: Solana|Volcarona, F|100\/100\n|move|p2a: Ruffles|Light Screen|p2a: Ruffles\n|-sidestart|p2: Derfle|move: Light Screen\n|\n|upkeep\n|turn|8\n|\n|t:|1697670780\n|move|p2a: Ruffles|Parting Shot|p1a: Solana\n|-unboost|p1a: Solana|atk|1\n|-unboost|p1a: Solana|spa|1\n|\n|t:|1697670785\n|switch|p2a: Princess|Landorus-Therian, M|100\/100|[from] Parting Shot\n|-ability|p2a: Princess|Intimidate|boost\n|-unboost|p1a: Solana|atk|1\n|move|p1a: Solana|Will-O-Wisp|p2a: Princess\n|-status|p2a: Princess|brn\n|\n|-damage|p2a: Princess|95\/100 brn|[from] brn\n|upkeep\n|turn|9\n|\n|t:|1697670822\n|switch|p1a: Esper|Azelf|91\/100\n|move|p2a: Princess|Stone Edge|p1a: Esper\n|-damage|p1a: Esper|58\/100\n|-damage|p2a: Princess|85\/100 brn|[from] item: Life Orb\n|\n|-damage|p2a: Princess|79\/100 brn|[from] brn\n|upkeep\n|turn|10\n|\n|t:|1697670832\n|move|p2a: Princess|Stealth Rock|p1a: Esper\n|-sidestart|p1: Dragonex129|move: Stealth Rock\n|move|p1a: Esper|Nasty Plot|p1a: Esper\n|-boost|p1a: Esper|spa|2\n|\n|-damage|p2a: Princess|73\/100 brn|[from] brn\n|upkeep\n|turn|11\n|\n|t:|1697670842\n|move|p2a: Princess|U-turn|p1a: Esper\n|-supereffective|p1a: Esper\n|-damage|p1a: Esper|10\/100\n|-damage|p2a: Princess|63\/100 brn|[from] item: Life Orb\n|\n|t:|1697670849\n|switch|p2a: Rumblin|Iron Hands|100\/100|[from] U-turn\n|-enditem|p2a: Rumblin|Booster Energy\n|-activate|p2a: Rumblin|ability: Quark Drive|[fromitem]\n|-start|p2a: Rumblin|quarkdriveatk\n|move|p1a: Esper|Nasty Plot|p1a: Esper\n|-boost|p1a: Esper|spa|2\n|\n|upkeep\n|turn|12\n|\n|t:|1697670902\n|move|p2a: Rumblin|Fake Out|p1a: Esper\n|-damage|p1a: Esper|0 fnt\n|faint|p1a: Esper\n|\n|upkeep\n|\n|t:|1697670915\n|switch|p1a: Solana|Volcarona, F|100\/100\n|turn|13\n|\n|t:|1697670937\n|move|p1a: Solana|Will-O-Wisp|p2a: Rumblin\n|-status|p2a: Rumblin|brn\n|move|p2a: Rumblin|Wild Charge|p1a: Solana\n|-damage|p1a: Solana|71\/100\n|-damage|p2a: Rumblin|95\/100 brn|[from] Recoil\n|\n|-damage|p2a: Rumblin|89\/100 brn|[from] brn\n|upkeep\n|turn|14\n|\n|t:|1697670949\n|-end|p2a: Rumblin|Quark Drive|[silent]\n|switch|p2a: Princess|Landorus-Therian, M|63\/100 brn\n|-ability|p2a: Princess|Intimidate|boost\n|-unboost|p1a: Solana|atk|1\n|move|p1a: Solana|Morning Sun|p1a: Solana\n|-heal|p1a: Solana|100\/100\n|\n|-damage|p2a: Princess|57\/100 brn|[from] brn\n|-sideend|p2: Derfle|move: Light Screen\n|upkeep\n|turn|15\n|\n|t:|1697670986\n|switch|p1a: Axel|Cyclizar, M|77\/100\n|move|p2a: Princess|Stone Edge|p1a: Axel|[miss]\n|-miss|p2a: Princess|p1a: Axel\n|\n|-damage|p2a: Princess|51\/100 brn|[from] brn\n|upkeep\n|turn|16\n|\n|t:|1697670996\n|move|p1a: Axel|Ice Spinner|p2a: Princess\n|-supereffective|p2a: Princess\n|-damage|p2a: Princess|0 fnt\n|faint|p2a: Princess\n|\n|upkeep\n|\n|t:|1697671015\n|switch|p2a: Ruffles|Grimmsnarl, M|100\/100\n|turn|17\n|\n|t:|1697671026\n|move|p2a: Ruffles|Thunder Wave|p1a: Axel\n|-status|p1a: Axel|par\n|move|p1a: Axel|Iron Head|p2a: Ruffles\n|-supereffective|p2a: Ruffles\n|-damage|p2a: Ruffles|54\/100\n|\n|upkeep\n|turn|18\n|\n|t:|1697671037\n|move|p2a: Ruffles|Light Screen|p2a: Ruffles\n|-sidestart|p2: Derfle|move: Light Screen\n|move|p1a: Axel|Iron Head|p2a: Ruffles\n|-supereffective|p2a: Ruffles\n|-damage|p2a: Ruffles|4\/100\n|\n|upkeep\n|turn|19\n|\n|t:|1697671043\n|move|p2a: Ruffles|Parting Shot|p1a: Axel\n|-unboost|p1a: Axel|atk|1\n|-unboost|p1a: Axel|spa|1\n|\n|t:|1697671050\n|switch|p2a: Ring Fit|Volcanion|100\/100|[from] Parting Shot\n|move|p1a: Axel|U-turn|p2a: Ring Fit\n|-resisted|p2a: Ring Fit\n|-damage|p2a: Ring Fit|97\/100\n|\n|t:|1697671067\n|switch|p1a: Sue|Walking Wake|100\/100|[from] U-turn\n|-damage|p1a: Sue|88\/100|[from] Stealth Rock\n|-enditem|p1a: Sue|Booster Energy\n|-activate|p1a: Sue|ability: Protosynthesis|[fromitem]\n|-start|p1a: Sue|protosynthesisspe\n|\n|upkeep\n|turn|20\n|\n|t:|1697671093\n|move|p1a: Sue|Dragon Pulse|p2a: Ring Fit\n|-damage|p2a: Ring Fit|74\/100\n|move|p2a: Ring Fit|Earth Power|p1a: Sue\n|-damage|p1a: Sue|26\/100\n|\n|upkeep\n|turn|21\n|\n|t:|1697671117\n|move|p1a: Sue|Dragon Pulse|p2a: Ring Fit\n|-damage|p2a: Ring Fit|54\/100\n|move|p2a: Ring Fit|Earth Power|p1a: Sue\n|-damage|p1a: Sue|0 fnt\n|faint|p1a: Sue\n|-end|p1a: Sue|Protosynthesis|[silent]\n|\n|upkeep\n|\n|t:|1697671161\n|switch|p1a: Axel|Cyclizar, M|100\/100 par\n|turn|22\n|\n|t:|1697671166\n|move|p1a: Axel|Iron Head|p2a: Ring Fit\n|-resisted|p2a: Ring Fit\n|-damage|p2a: Ring Fit|50\/100\n|move|p2a: Ring Fit|Earth Power|p1a: Axel\n|-damage|p1a: Axel|14\/100 par\n|\n|upkeep\n|turn|23\n|\n|t:|1697671191\n|move|p1a: Axel|Rapid Spin|p2a: Ring Fit\n|-damage|p2a: Ring Fit|37\/100\n|-boost|p1a: Axel|spe|1\n|-sideend|p1: Dragonex129|Stealth Rock|[from] move: Rapid Spin|[of] p1a: Axel\n|move|p2a: Ring Fit|Earth Power|p1a: Axel\n|-damage|p1a: Axel|0 fnt\n|faint|p1a: Axel\n|\n|upkeep\n|\n|t:|1697671198\n|switch|p1a: Solana|Volcarona, F|100\/100\n|turn|24\n|\n|t:|1697671213\n|move|p1a: Solana|Psychic|p2a: Ring Fit\n|-damage|p2a: Ring Fit|23\/100\n|move|p2a: Ring Fit|Earth Power|p1a: Solana\n|-damage|p1a: Solana|58\/100\n|\n|upkeep\n|turn|25\n|\n|t:|1697671220\n|move|p1a: Solana|Psychic|p2a: Ring Fit\n|-damage|p2a: Ring Fit|9\/100\n|move|p2a: Ring Fit|Earth Power|p1a: Solana\n|-damage|p1a: Solana|15\/100\n|\n|-sideend|p2: Derfle|move: Light Screen\n|upkeep\n|turn|26\n|\n|t:|1697671248\n|move|p1a: Solana|Morning Sun|p1a: Solana\n|-heal|p1a: Solana|65\/100\n|move|p2a: Ring Fit|Earth Power|p1a: Solana\n|-damage|p1a: Solana|17\/100\n|\n|upkeep\n|turn|27\n|\n|t:|1697671255\n|move|p1a: Solana|Morning Sun|p1a: Solana\n|-heal|p1a: Solana|67\/100\n|move|p2a: Ring Fit|Earth Power|p1a: Solana\n|-damage|p1a: Solana|23\/100\n|\n|upkeep\n|turn|28\n|\n|t:|1697671293\n|move|p1a: Solana|Morning Sun|p1a: Solana\n|-heal|p1a: Solana|73\/100\n|move|p2a: Ring Fit|Earth Power|p1a: Solana\n|-damage|p1a: Solana|25\/100\n|\n|upkeep\n|turn|29\n|\n|t:|1697671332\n|move|p1a: Solana|Morning Sun|p1a: Solana\n|-heal|p1a: Solana|75\/100\n|move|p2a: Ring Fit|Earth Power|p1a: Solana\n|-damage|p1a: Solana|33\/100\n|\n|upkeep\n|turn|30\n|\n|t:|1697671339\n|move|p1a: Solana|Psychic|p2a: Ring Fit\n|-damage|p2a: Ring Fit|0 fnt\n|faint|p2a: Ring Fit\n|\n|upkeep\n|\n|t:|1697671344\n|switch|p2a: Ruffles|Grimmsnarl, M|4\/100\n|turn|31\n|\n|t:|1697671352\n|move|p2a: Ruffles|Thunder Wave|p1a: Solana\n|-status|p1a: Solana|par\n|move|p1a: Solana|Psychic|p2a: Ruffles\n|-immune|p2a: Ruffles\n|\n|upkeep\n|turn|32\n|\n|t:|1697671364\n|move|p2a: Ruffles|Spirit Break|p1a: Solana\n|-resisted|p1a: Solana\n|-damage|p1a: Solana|18\/100 par\n|-unboost|p1a: Solana|spa|1\n|move|p1a: Solana|Overheat|p2a: Ruffles\n|-damage|p2a: Ruffles|0 fnt\n|-unboost|p1a: Solana|spa|2\n|faint|p2a: Ruffles\n|\n|upkeep\n|\n|t:|1697671374\n|switch|p2a: Rumblin|Iron Hands|89\/100 brn\n|turn|33\n|\n|t:|1697671380\n|move|p2a: Rumblin|Fake Out|p1a: Solana\n|-damage|p1a: Solana|12\/100 par\n|cant|p1a: Solana|flinch\n|\n|-damage|p2a: Rumblin|83\/100 brn|[from] brn\n|upkeep\n|turn|34\n|\n|t:|1697671434\n|move|p2a: Rumblin|Close Combat|p1a: Solana\n|-resisted|p1a: Solana\n|-damage|p1a: Solana|0 fnt\n|-unboost|p2a: Rumblin|def|1\n|-unboost|p2a: Rumblin|spd|1\n|faint|p1a: Solana\n|\n|win|Derfle\n|l| SegoeScript\n","uploadtime":1697671444,"views":26,"p1id":"dragonex129","p2id":"derfle","formatid":"gen9ubers","rating":0,"private":0,"password":""}