{"id":"gen9ubers-1995084799","p1":"yokito lakaka","p2":"20hjohnson","format":"[Gen 9] Ubers","log":"|j|\u2606yokito lakaka\n|j|\u260620hjohnson\n|t:|1700520861\n|gametype|singles\n|player|p1|yokito lakaka|janitor|1040\n|player|p2|20hjohnson|265|1000\n|teamsize|p1|6\n|teamsize|p2|5\n|gen|9\n|tier|[Gen 9] Ubers\n|rated|\n|rule|Sleep Clause Mod: Limit one foe put to sleep\n|rule|Species Clause: Limit one of each Pok\u00e9mon\n|rule|OHKO Clause: OHKO moves are banned\n|rule|Evasion Items Clause: Evasion items are banned\n|rule|Evasion Moves Clause: Evasion moves are banned\n|rule|Endless Battle Clause: Forcing endless battles is banned\n|rule|HP Percentage Mod: HP is shown in percentages\n|clearpoke\n|poke|p1|Flutter Mane|\n|poke|p1|Grimmsnarl, M|\n|poke|p1|Arceus|\n|poke|p1|Miraidon|\n|poke|p1|Hatterene, F|\n|poke|p1|Quagsire, M|\n|poke|p2|Dugtrio, M|\n|poke|p2|Gliscor, F|\n|poke|p2|Shaymin-Sky|\n|poke|p2|Volcarona, M|\n|poke|p2|Dragonite, F|\n|teampreview\n|inactive|Battle timer is ON: inactive players will automatically lose when time's up. (requested by yokito lakaka)\n|\n|t:|1700520865\n|start\n|switch|p1a: rebotitos|Hatterene, F, shiny|100\/100\n|switch|p2a: Shaymin|Shaymin-Sky|100\/100\n|turn|1\n|\n|t:|1700520874\n|move|p2a: Shaymin|Air Slash|p1a: rebotitos\n|-damage|p1a: rebotitos|61\/100\n|move|p1a: rebotitos|Trick|p2a: Shaymin\n|-activate|p1a: rebotitos|move: Trick|[of] p2a: Shaymin\n|-item|p2a: Shaymin|Choice Scarf|[from] move: Trick\n|-item|p1a: rebotitos|Choice Scarf|[from] move: Trick\n|\n|upkeep\n|turn|2\n|\n|t:|1700520883\n|move|p2a: Shaymin|Air Slash|p1a: rebotitos\n|-damage|p1a: rebotitos|19\/100\n|cant|p1a: rebotitos|flinch\n|\n|upkeep\n|turn|3\n|\n|t:|1700520889\n|move|p2a: Shaymin|Air Slash|p1a: rebotitos\n|-damage|p1a: rebotitos|0 fnt\n|faint|p1a: rebotitos\n|\n|upkeep\n|\n|t:|1700520894\n|switch|p1a: molestio|Grimmsnarl, M|100\/100\n|turn|4\n|\n|t:|1700520899\n|move|p1a: molestio|Light Screen|p1a: molestio\n|-sidestart|p1: yokito lakaka|move: Light Screen\n|move|p2a: Shaymin|Air Slash|p1a: molestio\n|-damage|p1a: molestio|81\/100\n|\n|upkeep\n|turn|5\n|\n|t:|1700520904\n|move|p1a: molestio|Reflect|p1a: molestio\n|-sidestart|p1: yokito lakaka|Reflect\n|move|p2a: Shaymin|Air Slash|p1a: molestio\n|-damage|p1a: molestio|61\/100\n|\n|upkeep\n|turn|6\n|\n|t:|1700520910\n|move|p1a: molestio|Parting Shot|p2a: Shaymin\n|-unboost|p2a: Shaymin|atk|1\n|-unboost|p2a: Shaymin|spa|1\n|\n|t:|1700520915\n|switch|p1a: no lo dejes crecer|Arceus|100\/100|[from] Parting Shot\n|move|p2a: Shaymin|Air Slash|p1a: no lo dejes crecer\n|-damage|p1a: no lo dejes crecer|90\/100\n|\n|upkeep\n|turn|7\n|\n|t:|1700520928\n|switch|p2a: Gliscor|Gliscor, F|100\/100\n|move|p1a: no lo dejes crecer|Cosmic Power|p1a: no lo dejes crecer\n|-boost|p1a: no lo dejes crecer|def|1\n|-boost|p1a: no lo dejes crecer|spd|1\n|\n|-status|p2a: Gliscor|tox|[from] item: Toxic Orb\n|upkeep\n|turn|8\n|\n|t:|1700520944\n|-terastallize|p1a: no lo dejes crecer|Poison\n|move|p1a: no lo dejes crecer|Cosmic Power|p1a: no lo dejes crecer\n|-boost|p1a: no lo dejes crecer|def|1\n|-boost|p1a: no lo dejes crecer|spd|1\n|move|p2a: Gliscor|Spikes|p1a: no lo dejes crecer\n|-sidestart|p1: yokito lakaka|Spikes\n|\n|upkeep\n|turn|9\n|\n|t:|1700520957\n|move|p1a: no lo dejes crecer|Cosmic Power|p1a: no lo dejes crecer\n|-boost|p1a: no lo dejes crecer|def|1\n|-boost|p1a: no lo dejes crecer|spd|1\n|move|p2a: Gliscor|Spikes|p1a: no lo dejes crecer\n|-sidestart|p1: yokito lakaka|Spikes\n|\n|upkeep\n|turn|10\n|\n|t:|1700520971\n|move|p1a: no lo dejes crecer|Cosmic Power|p1a: no lo dejes crecer\n|-boost|p1a: no lo dejes crecer|def|1\n|-boost|p1a: no lo dejes crecer|spd|1\n|move|p2a: Gliscor|Spikes|p1a: no lo dejes crecer\n|-sidestart|p1: yokito lakaka|Spikes\n|\n|upkeep\n|turn|11\n|\n|t:|1700520997\n|move|p1a: no lo dejes crecer|Cosmic Power|p1a: no lo dejes crecer\n|-boost|p1a: no lo dejes crecer|def|1\n|-boost|p1a: no lo dejes crecer|spd|1\n|move|p2a: Gliscor|Toxic|p1a: no lo dejes crecer\n|-immune|p1a: no lo dejes crecer\n|\n|-sideend|p1: yokito lakaka|move: Light Screen\n|upkeep\n|turn|12\n|\n|t:|1700521005\n|move|p1a: no lo dejes crecer|Cosmic Power|p1a: no lo dejes crecer\n|-boost|p1a: no lo dejes crecer|def|1\n|-boost|p1a: no lo dejes crecer|spd|1\n|move|p2a: Gliscor|Earthquake|p1a: no lo dejes crecer\n|-supereffective|p1a: no lo dejes crecer\n|-damage|p1a: no lo dejes crecer|84\/100\n|-enditem|p1a: no lo dejes crecer|Weakness Policy\n|-boost|p1a: no lo dejes crecer|atk|2|[from] item: Weakness Policy\n|-boost|p1a: no lo dejes crecer|spa|2|[from] item: Weakness Policy\n|\n|-sideend|p1: yokito lakaka|Reflect\n|upkeep\n|turn|13\n|\n|t:|1700521015\n|move|p2a: Gliscor|Protect|p2a: Gliscor\n|-singleturn|p2a: Gliscor|Protect\n|move|p1a: no lo dejes crecer|Stored Power|p2a: Gliscor\n|-activate|p2a: Gliscor|move: Protect\n|\n|upkeep\n|turn|14\n|\n|t:|1700521022\n|move|p1a: no lo dejes crecer|Stored Power|p2a: Gliscor\n|-damage|p2a: Gliscor|0 fnt\n|faint|p2a: Gliscor\n|\n|upkeep\n|\n|t:|1700521026\n|switch|p2a: Dugtrio|Dugtrio, M|100\/100\n|turn|15\n|\n|t:|1700521034\n|move|p1a: no lo dejes crecer|Extreme Speed|p2a: Dugtrio\n|-enditem|p2a: Dugtrio|Focus Sash\n|-damage|p2a: Dugtrio|1\/100\n|move|p2a: Dugtrio|Stone Edge|p1a: no lo dejes crecer\n|-damage|p1a: no lo dejes crecer|79\/100\n|\n|upkeep\n|turn|16\n|\n|t:|1700521044\n|move|p1a: no lo dejes crecer|Extreme Speed|p2a: Dugtrio\n|-damage|p2a: Dugtrio|0 fnt\n|faint|p2a: Dugtrio\n|\n|upkeep\n|\n|t:|1700521050\n|switch|p2a: Shaymin|Shaymin-Sky|100\/100\n|turn|17\n|\n|t:|1700521054\n|move|p1a: no lo dejes crecer|Extreme Speed|p2a: Shaymin\n|-damage|p2a: Shaymin|0 fnt\n|faint|p2a: Shaymin\n|\n|upkeep\n|-message|20hjohnson forfeited.\n|\n|win|yokito lakaka\n|raw|yokito lakaka's rating: 1040 &rarr; <strong>1070<\/strong><br \/>(+30 for winning)\n|raw|20hjohnson's rating: 1000 &rarr; <strong>1000<\/strong><br \/>(+0 for losing)\n|l|\u260620hjohnson\n","uploadtime":1700521065,"views":1,"p1id":"yokitolakaka","p2id":"20hjohnson","formatid":"gen9ubers","rating":1000,"private":0,"password":""}