{"id":"gen9ubers-1986528571","p1":"MegaBrownie","p2":"Anne Frankkkk","format":"[Gen 9] Ubers","log":"|j|\u2606MegaBrownie\n|j|\u2606Anne Frankkkk\n|t:|1699488487\n|gametype|singles\n|player|p1|MegaBrownie|2|1203\n|player|p2|Anne Frankkkk|2|1172\n|teamsize|p1|6\n|teamsize|p2|6\n|gen|9\n|tier|[Gen 9] Ubers\n|rated|\n|rule|Sleep Clause Mod: Limit one foe put to sleep\n|rule|Species Clause: Limit one of each Pok\u00e9mon\n|rule|OHKO Clause: OHKO moves are banned\n|rule|Evasion Items Clause: Evasion items are banned\n|rule|Evasion Moves Clause: Evasion moves are banned\n|rule|Endless Battle Clause: Forcing endless battles is banned\n|rule|HP Percentage Mod: HP is shown in percentages\n|clearpoke\n|poke|p1|Cinderace, M|\n|poke|p1|Corviknight, F|\n|poke|p1|Koraidon|\n|poke|p1|Sandaconda, F|\n|poke|p1|Zoroark-Hisui, F|\n|poke|p1|Maushold-Four|\n|poke|p2|Iron Hands|\n|poke|p2|Kyogre|\n|poke|p2|Chien-Pao|\n|poke|p2|Ribombee, F|\n|poke|p2|Miraidon|\n|poke|p2|Flutter Mane|\n|teampreview\n|c|\u2606Anne Frankkkk|Gl hf\n|inactive|Battle timer is ON: inactive players will automatically lose when time's up. (requested by Anne Frankkkk)\n|c|\u2606MegaBrownie|Alr u too. Niceteam btw\n|c|\u2606MegaBrownie|N\n|\n|t:|1699488514\n|start\n|switch|p1a: Maushold|Maushold-Four|100\/100\n|switch|p2a: Big Boy|Iron Hands, shiny|100\/100\n|turn|1\n|\n|t:|1699488526\n|move|p2a: Big Boy|Fake Out|p1a: Maushold\n|-damage|p1a: Maushold|74\/100\n|cant|p1a: Maushold|flinch\n|\n|upkeep\n|turn|2\n|\n|t:|1699488531\n|move|p1a: Maushold|Encore|p2a: Big Boy\n|-start|p2a: Big Boy|Encore\n|move|p2a: Big Boy|Fake Out||[still]\n|-hint|Fake Out only works on your first turn out.\n|-fail|p2a: Big Boy\n|\n|upkeep\n|turn|3\n|\n|t:|1699488539\n|-end|p2a: Big Boy|Quark Drive|[silent]\n|switch|p2a: Ice Cat|Chien-Pao|100\/100\n|-ability|p2a: Ice Cat|Sword of Ruin\n|move|p1a: Maushold|Tidy Up|p1a: Maushold\n|-boost|p1a: Maushold|atk|1\n|-boost|p1a: Maushold|spe|1\n|\n|upkeep\n|turn|4\n|\n|t:|1699488550\n|move|p1a: Maushold|Population Bomb|p2a: Ice Cat\n|-damage|p2a: Ice Cat|78\/100\n|-damage|p2a: Ice Cat|56\/100\n|-damage|p2a: Ice Cat|33\/100\n|-damage|p2a: Ice Cat|9\/100\n|-damage|p2a: Ice Cat|0 fnt\n|faint|p2a: Ice Cat\n|-hitcount|p2: Ice Cat|5\n|\n|upkeep\n|\n|t:|1699488554\n|switch|p2a: Big Boy|Iron Hands, shiny|100\/100\n|turn|5\n|\n|t:|1699488564\n|move|p1a: Maushold|Tidy Up|p1a: Maushold\n|-boost|p1a: Maushold|atk|1\n|-boost|p1a: Maushold|spe|1\n|move|p2a: Big Boy|Drain Punch|p1a: Maushold\n|-supereffective|p1a: Maushold\n|-damage|p1a: Maushold|0 fnt\n|faint|p1a: Maushold\n|\n|upkeep\n|c|\u2606MegaBrownie|Idk why i thought that was a god idea\n|\n|t:|1699488594\n|switch|p1a: Koraidon|Koraidon|100\/100\n|-weather|SunnyDay|[from] ability: Orichalcum Pulse|[of] p1a: Koraidon\n|-activate|p1a: Koraidon|Orichalcum Pulse|[source]\n|turn|6\n|\n|t:|1699488601\n|move|p1a: Koraidon|Flame Charge|p2a: Big Boy\n|-damage|p2a: Big Boy|76\/100\n|-boost|p1a: Koraidon|spe|1\n|move|p2a: Big Boy|Drain Punch|p1a: Koraidon\n|-damage|p1a: Koraidon|57\/100\n|-heal|p2a: Big Boy|91\/100|[from] drain|[of] p1a: Koraidon\n|\n|-weather|SunnyDay|[upkeep]\n|-heal|p1a: Koraidon|63\/100|[from] item: Leftovers\n|upkeep\n|turn|7\n|inactive|MegaBrownie has 120 seconds left.\n|\n|t:|1699488622\n|move|p1a: Koraidon|Collision Course|p2a: Big Boy\n|-damage|p2a: Big Boy|48\/100\n|move|p2a: Big Boy|Drain Punch|p1a: Koraidon\n|-damage|p1a: Koraidon|21\/100\n|-heal|p2a: Big Boy|62\/100|[from] drain|[of] p1a: Koraidon\n|\n|-weather|SunnyDay|[upkeep]\n|-heal|p1a: Koraidon|27\/100|[from] item: Leftovers\n|upkeep\n|turn|8\n|inactive|MegaBrownie has 120 seconds left.\n|\n|t:|1699488647\n|switch|p1a: Sandaconda|Sandaconda, F|100\/100\n|move|p2a: Big Boy|Drain Punch|p1a: Sandaconda\n|-damage|p1a: Sandaconda|70\/100\n|-heal|p2a: Big Boy|73\/100|[from] drain|[of] p1a: Sandaconda\n|-damage|p2a: Big Boy|56\/100|[from] item: Rocky Helmet|[of] p1a: Sandaconda\n|\n|-weather|SunnyDay|[upkeep]\n|upkeep\n|turn|9\n|c|\u2606Anne Frankkkk|Thanks\n|\n|t:|1699488664\n|-end|p2a: Big Boy|Quark Drive|[silent]\n|switch|p2a: Cyber Lizard|Miraidon|100\/100\n|-fieldstart|move: Electric Terrain|[from] ability: Hadron Engine|[of] p2a: Cyber Lizard\n|-item|p2a: Cyber Lizard|Air Balloon\n|move|p1a: Sandaconda|Earthquake|p2a: Cyber Lizard\n|-immune|p2a: Cyber Lizard\n|\n|-weather|SunnyDay|[upkeep]\n|upkeep\n|turn|10\n|c|\u2606MegaBrownie|Ah smart\n|\n|t:|1699488680\n|move|p2a: Cyber Lizard|Calm Mind|p2a: Cyber Lizard\n|-boost|p2a: Cyber Lizard|spa|1\n|-boost|p2a: Cyber Lizard|spd|1\n|move|p1a: Sandaconda|Stealth Rock|p2a: Cyber Lizard\n|-sidestart|p2: Anne Frankkkk|move: Stealth Rock\n|\n|-weather|none\n|upkeep\n|turn|11\n|\n|t:|1699488692\n|move|p2a: Cyber Lizard|Calm Mind|p2a: Cyber Lizard\n|-boost|p2a: Cyber Lizard|spa|1\n|-boost|p2a: Cyber Lizard|spd|1\n|move|p1a: Sandaconda|Rest||[still]\n|-activate|p1a: Sandaconda|move: Electric Terrain\n|-fail|p1a: Sandaconda\n|\n|upkeep\n|turn|12\n|c|\u2606MegaBrownie|I forgot about that\n|inactive|MegaBrownie has 90 seconds left.\n|c|\u2606MegaBrownie|Theres a lot of things i forget about tbh\n|c|\u2606Anne Frankkkk|Me too dont worry\n|\n|t:|1699488738\n|move|p2a: Cyber Lizard|Dragon Pulse|p1a: Sandaconda\n|-crit|p1a: Sandaconda\n|-damage|p1a: Sandaconda|0 fnt\n|faint|p1a: Sandaconda\n|\n|upkeep\n|inactive|MegaBrownie has 60 seconds left.\n|\n|t:|1699488757\n|switch|p1a: Cinnamon|Cinderace, M|100\/100\n|turn|13\n|inactive|MegaBrownie has 60 seconds left.\n|\n|t:|1699488774\n|-terastallize|p1a: Cinnamon|Fighting\n|move|p1a: Cinnamon|Focus Blast|p2a: Cyber Lizard\n|-damage|p2a: Cyber Lizard|75\/100\n|-enditem|p2a: Cyber Lizard|Air Balloon\n|move|p2a: Cyber Lizard|Electro Drift|p1a: Cinnamon\n|-damage|p1a: Cinnamon|0 fnt\n|replace|p1a: Spectral|Zoroark-Hisui, F, shiny\n|-end|p1a: Spectral|Illusion\n|faint|p1a: Spectral\n|\n|-fieldend|move: Electric Terrain\n|upkeep\n|c|\u2606MegaBrownie|Nothin lol\n|inactive|MegaBrownie has 30 seconds left.\n|c|\u2606MegaBrownie|Welp i fumbled like 4 times\n|-message|MegaBrownie forfeited.\n|\n|win|Anne Frankkkk\n|inactive|MegaBrownie has 30 seconds left this turn.\n|raw|MegaBrownie's rating: 1203 &rarr; <strong>1176<\/strong><br \/>(-27 for losing)\n|raw|Anne Frankkkk's rating: 1172 &rarr; <strong>1199<\/strong><br \/>(+27 for winning)\n|c|\u2606MegaBrownie|Gg\n","uploadtime":1699488812,"views":4,"p1id":"megabrownie","p2id":"annefrankkkk","formatid":"gen9ubers","rating":1176,"private":0,"password":""}