{"id":"gen9ubers-1994188804","p1":"Yoshi Jan","p2":"Kingcam4khd","format":"[Gen 9] Ubers","log":"|j|\u2606Yoshi Jan\n|j|\u2606Kingcam4khd\n|t:|1700416934\n|gametype|singles\n|player|p1|Yoshi Jan|pokemaniac|1117\n|player|p2|Kingcam4khd|1|1142\n|teamsize|p1|6\n|teamsize|p2|6\n|gen|9\n|tier|[Gen 9] Ubers\n|rated|\n|rule|Sleep Clause Mod: Limit one foe put to sleep\n|rule|Species Clause: Limit one of each Pok\u00e9mon\n|rule|OHKO Clause: OHKO moves are banned\n|rule|Evasion Items Clause: Evasion items are banned\n|rule|Evasion Moves Clause: Evasion moves are banned\n|rule|Endless Battle Clause: Forcing endless battles is banned\n|rule|HP Percentage Mod: HP is shown in percentages\n|clearpoke\n|poke|p1|Landorus-Therian, M|\n|poke|p1|Flutter Mane|\n|poke|p1|Amoonguss, F|\n|poke|p1|Urshifu-*, M|\n|poke|p1|Chien-Pao|\n|poke|p1|Iron Hands|\n|poke|p2|Dialga|\n|poke|p2|Kyogre|\n|poke|p2|Baxcalibur, F|\n|poke|p2|Flutter Mane|\n|poke|p2|Zacian-*|\n|poke|p2|Miraidon|\n|teampreview\n|\n|t:|1700416943\n|start\n|switch|p1a: Chien-Pao|Chien-Pao|100\/100\n|switch|p2a: Xcalibur|Baxcalibur, F, shiny|100\/100\n|-ability|p1a: Chien-Pao|Sword of Ruin\n|turn|1\n|\n|t:|1700416950\n|move|p2a: Xcalibur|Protect|p2a: Xcalibur\n|-singleturn|p2a: Xcalibur|Protect\n|move|p1a: Chien-Pao|Sacred Sword|p2a: Xcalibur\n|-activate|p2a: Xcalibur|move: Protect\n|\n|upkeep\n|turn|2\n|\n|t:|1700416957\n|move|p1a: Chien-Pao|Sacred Sword|p2a: Xcalibur\n|-supereffective|p2a: Xcalibur\n|-damage|p2a: Xcalibur|40\/100\n|move|p2a: Xcalibur|Glaive Rush|p1a: Chien-Pao\n|-damage|p1a: Chien-Pao|9\/100\n|-singlemove|p2a: Xcalibur|Glaive Rush|[silent]\n|\n|upkeep\n|turn|3\n|\n|t:|1700416965\n|move|p1a: Chien-Pao|Sacred Sword|p2a: Xcalibur\n|-supereffective|p2a: Xcalibur\n|-damage|p2a: Xcalibur|0 fnt\n|faint|p2a: Xcalibur\n|\n|upkeep\n|\n|t:|1700416970\n|switch|p2a: Time dragon|Dialga|100\/100\n|-ability|p2a: Time dragon|Pressure\n|turn|4\n|\n|t:|1700416976\n|move|p1a: Chien-Pao|Sacred Sword|p2a: Time dragon\n|-supereffective|p2a: Time dragon\n|-damage|p2a: Time dragon|39\/100\n|move|p2a: Time dragon|Aura Sphere|p1a: Chien-Pao\n|-supereffective|p1a: Chien-Pao\n|-damage|p1a: Chien-Pao|0 fnt\n|faint|p1a: Chien-Pao\n|\n|-heal|p2a: Time dragon|45\/100|[from] item: Leftovers\n|upkeep\n|\n|t:|1700416981\n|switch|p1a: Landorus|Landorus-Therian, M|100\/100\n|-ability|p1a: Landorus|Intimidate|boost\n|-unboost|p2a: Time dragon|atk|1\n|turn|5\n|\n|t:|1700416988\n|switch|p2a: Moby|Kyogre, shiny|100\/100\n|-weather|RainDance|[from] ability: Drizzle|[of] p2a: Moby\n|move|p1a: Landorus|Stomping Tantrum|p2a: Moby\n|-damage|p2a: Moby|54\/100\n|\n|-weather|RainDance|[upkeep]\n|-heal|p2a: Moby|60\/100|[from] item: Leftovers\n|upkeep\n|turn|6\n|\n|t:|1700416998\n|move|p1a: Landorus|Stomping Tantrum|p2a: Moby\n|-damage|p2a: Moby|11\/100\n|move|p2a: Moby|Origin Pulse|p1a: Landorus|[miss]\n|-miss|p2a: Moby|p1a: Landorus\n|\n|-weather|RainDance|[upkeep]\n|-heal|p2a: Moby|18\/100|[from] item: Leftovers\n|upkeep\n|turn|7\n|\n|t:|1700417005\n|move|p1a: Landorus|Stomping Tantrum|p2a: Moby\n|-damage|p2a: Moby|0 fnt\n|faint|p2a: Moby\n|\n|-weather|RainDance|[upkeep]\n|upkeep\n|\n|t:|1700417011\n|switch|p2a: Flutter Mane|Flutter Mane, shiny|100\/100\n|-enditem|p2a: Flutter Mane|Booster Energy\n|-activate|p2a: Flutter Mane|ability: Protosynthesis|[fromitem]\n|-start|p2a: Flutter Mane|protosynthesisspa\n|turn|8\n|\n|t:|1700417025\n|move|p2a: Flutter Mane|Shadow Ball|p1a: Landorus\n|-damage|p1a: Landorus|22\/100\n|move|p1a: Landorus|Stomping Tantrum|p2a: Flutter Mane\n|-damage|p2a: Flutter Mane|0 fnt\n|faint|p2a: Flutter Mane\n|-end|p2a: Flutter Mane|Protosynthesis|[silent]\n|\n|-weather|RainDance|[upkeep]\n|upkeep\n|\n|t:|1700417036\n|switch|p2a: Time dragon|Dialga|45\/100\n|-ability|p2a: Time dragon|Pressure\n|turn|9\n|\n|t:|1700417042\n|move|p1a: Landorus|Stomping Tantrum|p2a: Time dragon\n|-supereffective|p2a: Time dragon\n|-damage|p2a: Time dragon|0 fnt\n|faint|p2a: Time dragon\n|\n|-weather|none\n|upkeep\n|n|!Kingcam4khd|kingcam4khd\n|-message|Kingcam4khd forfeited.\n|\n|win|Yoshi Jan\n|raw|Yoshi Jan's rating: 1117 &rarr; <strong>1144<\/strong><br \/>(+27 for winning)\n|raw|Kingcam4khd's rating: 1142 &rarr; <strong>1115<\/strong><br \/>(-27 for losing)\n|l|!Kingcam4khd\n","uploadtime":1700417051,"views":3,"p1id":"yoshijan","p2id":"kingcam4khd","formatid":"gen9ubers","rating":1115,"private":0,"password":""}