{"id":"gen9ubers-1989433633","p1":"S3PP1","p2":"BeardoftheRed","format":"[Gen 9] Ubers","log":"|j|\u2606S3PP1\n|j|\u2606BeardoftheRed\n|t:|1699849810\n|gametype|singles\n|player|p1|S3PP1|chuck|\n|player|p2|BeardoftheRed|101|\n|teamsize|p1|6\n|teamsize|p2|6\n|gen|9\n|tier|[Gen 9] Ubers\n|rule|Sleep Clause Mod: Limit one foe put to sleep\n|rule|Species Clause: Limit one of each Pok\u00e9mon\n|rule|OHKO Clause: OHKO moves are banned\n|rule|Evasion Items Clause: Evasion items are banned\n|rule|Evasion Moves Clause: Evasion moves are banned\n|rule|Endless Battle Clause: Forcing endless battles is banned\n|rule|HP Percentage Mod: HP is shown in percentages\n|clearpoke\n|poke|p1|Urshifu-*, F|\n|poke|p1|Gholdengo|\n|poke|p1|Clodsire, M|\n|poke|p1|Cyclizar, M|\n|poke|p1|Eelektross, F|\n|poke|p1|Rabsca, F|\n|poke|p2|Chien-Pao|\n|poke|p2|Dondozo, M|\n|poke|p2|Hoopa-Unbound|\n|poke|p2|Mimikyu, M|\n|poke|p2|Heracross, M|\n|poke|p2|Whiscash, M|\n|teampreview\n|inactive|Battle timer is ON: inactive players will automatically lose when time's up. (requested by S3PP1)\n|inactive|BeardoftheRed also wants the timer to be on.\n|\n|t:|1699849837\n|start\n|switch|p1a: I Broke VGC|Urshifu-Rapid-Strike, F|100\/100\n|switch|p2a: Dondozo|Dondozo, M|100\/100\n|turn|1\n|\n|t:|1699849846\n|move|p1a: I Broke VGC|U-turn|p2a: Dondozo\n|-damage|p2a: Dondozo|79\/100\n|\n|t:|1699849857\n|switch|p1a: Just An Eel|Eelektross, F|100\/100|[from] U-turn\n|move|p2a: Dondozo|Avalanche|p1a: Just An Eel\n|-damage|p1a: Just An Eel|82\/100\n|\n|upkeep\n|turn|2\n|\n|t:|1699849865\n|switch|p2a: Hoopa|Hoopa-Unbound|100\/100\n|move|p1a: Just An Eel|Knock Off|p2a: Hoopa\n|-crit|p2a: Hoopa\n|-damage|p2a: Hoopa|45\/100\n|-enditem|p2a: Hoopa|Choice Band|[from] move: Knock Off|[of] p1a: Just An Eel\n|\n|upkeep\n|turn|3\n|inactive|S3PP1 has 270 seconds left.\n|\n|t:|1699849899\n|move|p2a: Hoopa|Gunk Shot|p1a: Just An Eel\n|-damage|p1a: Just An Eel|30\/100\n|-item|p2a: Hoopa|Assault Vest|[from] ability: Magician|[of] p1a: Just An Eel\n|move|p1a: Just An Eel|Thunderbolt|p2a: Hoopa\n|-damage|p2a: Hoopa|22\/100\n|\n|upkeep\n|turn|4\n|\n|t:|1699849908\n|move|p2a: Hoopa|Gunk Shot|p1a: Just An Eel\n|-damage|p1a: Just An Eel|0 fnt\n|faint|p1a: Just An Eel\n|\n|upkeep\n|inactive|S3PP1 has 270 seconds left.\n|\n|t:|1699849927\n|switch|p1a: Blobert|Clodsire, M|100\/100\n|turn|5\n|\n|t:|1699849938\n|move|p2a: Hoopa|Hyperspace Fury|p1a: Blobert\n|-damage|p1a: Blobert|59\/100\n|-unboost|p2a: Hoopa|def|1\n|move|p1a: Blobert|Stealth Rock|p2a: Hoopa\n|-sidestart|p2: BeardoftheRed|move: Stealth Rock\n|\n|-heal|p1a: Blobert|65\/100|[from] item: Black Sludge\n|upkeep\n|turn|6\n|\n|t:|1699849946\n|move|p2a: Hoopa|Drain Punch|p1a: Blobert\n|-resisted|p1a: Blobert\n|-damage|p1a: Blobert|54\/100\n|-heal|p2a: Hoopa|31\/100|[from] drain|[of] p1a: Blobert\n|move|p1a: Blobert|Toxic|p2a: Hoopa\n|-status|p2a: Hoopa|tox\n|\n|-heal|p1a: Blobert|61\/100|[from] item: Black Sludge\n|-damage|p2a: Hoopa|25\/100 tox|[from] psn\n|upkeep\n|turn|7\n|\n|t:|1699849956\n|move|p1a: Blobert|Protect|p1a: Blobert\n|-singleturn|p1a: Blobert|Protect\n|move|p2a: Hoopa|Hyperspace Fury|p1a: Blobert\n|-activate|p1a: Blobert|move: Hyperspace Fury|[broken]\n|-damage|p1a: Blobert|19\/100\n|-unboost|p2a: Hoopa|def|1\n|\n|-heal|p1a: Blobert|25\/100|[from] item: Black Sludge\n|-damage|p2a: Hoopa|13\/100 tox|[from] psn\n|upkeep\n|turn|8\n|\n|t:|1699849976\n|move|p2a: Hoopa|Fire Punch|p1a: Blobert\n|-damage|p1a: Blobert|2\/100\n|move|p1a: Blobert|Spikes|p2a: Hoopa\n|-sidestart|p2: BeardoftheRed|Spikes\n|\n|-heal|p1a: Blobert|8\/100|[from] item: Black Sludge\n|-damage|p2a: Hoopa|0 fnt|[from] psn\n|faint|p2a: Hoopa\n|upkeep\n|\n|t:|1699849984\n|switch|p2a: Dondozo|Dondozo, M|79\/100\n|turn|9\n|\n|t:|1699849999\n|move|p1a: Blobert|Toxic|p2a: Dondozo\n|-status|p2a: Dondozo|tox\n|move|p2a: Dondozo|Avalanche|p1a: Blobert\n|-supereffective|p1a: Blobert\n|-damage|p1a: Blobert|0 fnt\n|faint|p1a: Blobert\n|\n|-damage|p2a: Dondozo|73\/100 tox|[from] psn\n|upkeep\n|\n|t:|1699850012\n|switch|p1a: String CHEESEEE|Gholdengo|100\/100\n|-item|p1a: String CHEESEEE|Air Balloon\n|turn|10\n|\n|t:|1699850018\n|move|p1a: String CHEESEEE|Nasty Plot|p1a: String CHEESEEE\n|-boost|p1a: String CHEESEEE|spa|2\n|move|p2a: Dondozo|Rest|p2a: Dondozo\n|-status|p2a: Dondozo|slp|[from] move: Rest\n|-heal|p2a: Dondozo|100\/100 slp|[silent]\n|\n|upkeep\n|turn|11\n|\n|t:|1699850041\n|move|p1a: String CHEESEEE|Shadow Ball|p2a: Dondozo\n|-damage|p2a: Dondozo|58\/100 slp\n|-unboost|p2a: Dondozo|spd|1\n|cant|p2a: Dondozo|slp\n|move|p2a: Dondozo|Sleep Talk|p2a: Dondozo\n|move|p2a: Dondozo|Rest||[from]move: Sleep Talk|[still]\n|-fail|p2a: Dondozo\n|\n|upkeep\n|turn|12\n|\n|t:|1699850053\n|move|p1a: String CHEESEEE|Shadow Ball|p2a: Dondozo\n|-damage|p2a: Dondozo|0 fnt\n|faint|p2a: Dondozo\n|\n|upkeep\n|\n|t:|1699850059\n|switch|p2a: Mimikyu|Mimikyu, M|100\/100\n|-damage|p2a: Mimikyu|88\/100|[from] Stealth Rock\n|-damage|p2a: Mimikyu|76\/100|[from] Spikes\n|turn|13\n|inactive|S3PP1 has 270 seconds left.\n|\n|t:|1699850103\n|move|p2a: Mimikyu|Swords Dance|p2a: Mimikyu\n|-boost|p2a: Mimikyu|atk|2\n|move|p1a: String CHEESEEE|Shadow Ball|p2a: Mimikyu\n|-activate|p2a: Mimikyu|ability: Disguise\n|-damage|p2a: Mimikyu|76\/100\n|detailschange|p2a: Mimikyu|Mimikyu-Busted, M\n|-damage|p2a: Mimikyu|63\/100|[from] pokemon: Mimikyu-Busted\n|\n|upkeep\n|turn|14\n|\n|t:|1699850112\n|-terastallize|p1a: String CHEESEEE|Steel\n|move|p2a: Mimikyu|Shadow Sneak|p1a: String CHEESEEE\n|-damage|p1a: String CHEESEEE|52\/100\n|-enditem|p1a: String CHEESEEE|Air Balloon\n|-damage|p2a: Mimikyu|53\/100|[from] item: Life Orb\n|move|p1a: String CHEESEEE|Make It Rain|p2a: Mimikyu\n|-supereffective|p2a: Mimikyu\n|-damage|p2a: Mimikyu|0 fnt\n|-unboost|p1a: String CHEESEEE|spa|1\n|faint|p2a: Mimikyu\n|\n|upkeep\n|\n|t:|1699850133\n|switch|p2a: Chien-Pao|Chien-Pao|100\/100\n|-ability|p2a: Chien-Pao|Sword of Ruin\n|turn|15\n|\n|t:|1699850142\n|move|p2a: Chien-Pao|Sacred Sword|p1a: String CHEESEEE\n|-supereffective|p1a: String CHEESEEE\n|-damage|p1a: String CHEESEEE|0 fnt\n|faint|p1a: String CHEESEEE\n|\n|upkeep\n|\n|t:|1699850146\n|switch|p1a: I Broke VGC|Urshifu-Rapid-Strike, F|100\/100\n|turn|16\n|\n|t:|1699850149\n|move|p2a: Chien-Pao|Sacred Sword|p1a: I Broke VGC\n|-damage|p1a: I Broke VGC|64\/100\n|move|p1a: I Broke VGC|Close Combat|p2a: Chien-Pao\n|-supereffective|p2a: Chien-Pao\n|-damage|p2a: Chien-Pao|0 fnt\n|-unboost|p1a: I Broke VGC|def|1\n|-unboost|p1a: I Broke VGC|spd|1\n|faint|p2a: Chien-Pao\n|\n|upkeep\n|\n|t:|1699850158\n|switch|p2a: Heracross|Heracross, M|100\/100\n|-damage|p2a: Heracross|88\/100|[from] Stealth Rock\n|-damage|p2a: Heracross|76\/100|[from] Spikes\n|turn|17\n|\n|t:|1699850170\n|move|p1a: I Broke VGC|Close Combat|p2a: Heracross\n|-resisted|p2a: Heracross\n|-damage|p2a: Heracross|4\/100\n|-unboost|p1a: I Broke VGC|def|1\n|-unboost|p1a: I Broke VGC|spd|1\n|move|p2a: Heracross|Pin Missile|p1a: I Broke VGC\n|-resisted|p1a: I Broke VGC\n|-damage|p1a: I Broke VGC|44\/100\n|-resisted|p1a: I Broke VGC\n|-damage|p1a: I Broke VGC|24\/100\n|-hitcount|p1a: I Broke VGC|2\n|\n|upkeep\n|turn|18\n|\n|t:|1699850188\n|move|p1a: I Broke VGC|Close Combat|p2a: Heracross\n|-resisted|p2a: Heracross\n|-damage|p2a: Heracross|0 fnt\n|-unboost|p1a: I Broke VGC|def|1\n|-unboost|p1a: I Broke VGC|spd|1\n|faint|p2a: Heracross\n|\n|upkeep\n|\n|t:|1699850194\n|switch|p2a: Whiscash|Whiscash, M|100\/100\n|-damage|p2a: Whiscash|94\/100|[from] Stealth Rock\n|-damage|p2a: Whiscash|82\/100|[from] Spikes\n|turn|19\n|\n|t:|1699850218\n|move|p1a: I Broke VGC|Close Combat|p2a: Whiscash\n|-damage|p2a: Whiscash|0 fnt\n|-unboost|p1a: I Broke VGC|def|1\n|-unboost|p1a: I Broke VGC|spd|1\n|faint|p2a: Whiscash\n|\n|win|S3PP1\n","uploadtime":1699850283,"views":27,"p1id":"s3pp1","p2id":"beardofthered","formatid":"gen9ubers","rating":0,"private":0,"password":""}