{"id":"gen9ubers-1970813463","p1":"WashedKatana","p2":"H0LL0W2117","format":"[Gen 9] Ubers","log":"|j|\u2606WashedKatana\n|j|\u2606H0LL0W2117\n|t:|1697669744\n|gametype|singles\n|player|p1|WashedKatana|unknown|1420\n|player|p2|H0LL0W2117|candice|1275\n|teamsize|p1|6\n|teamsize|p2|6\n|gen|9\n|tier|[Gen 9] Ubers\n|rated|\n|rule|Sleep Clause Mod: Limit one foe put to sleep\n|rule|Species Clause: Limit one of each Pok\u00e9mon\n|rule|OHKO Clause: OHKO moves are banned\n|rule|Evasion Items Clause: Evasion items are banned\n|rule|Evasion Moves Clause: Evasion moves are banned\n|rule|Endless Battle Clause: Forcing endless battles is banned\n|rule|HP Percentage Mod: HP is shown in percentages\n|clearpoke\n|poke|p1|Ribombee, F|\n|poke|p1|Koraidon|\n|poke|p1|Arceus|\n|poke|p1|Miraidon|\n|poke|p1|Zacian-*|\n|poke|p1|Iron Treads|\n|poke|p2|Ursaluna-Bloodmoon, M|\n|poke|p2|Ogerpon-Hearthflame, F|\n|poke|p2|Zacian-*|\n|poke|p2|Miraidon|\n|poke|p2|Iron Bundle|\n|poke|p2|Arceus-Fighting|\n|teampreview\n|\n|t:|1697669773\n|start\n|switch|p1a: Ribombee|Ribombee, F|100\/100\n|switch|p2a: Miraidon|Miraidon|100\/100\n|-fieldstart|move: Electric Terrain|[from] ability: Hadron Engine|[of] p2a: Miraidon\n|turn|1\n|\n|t:|1697669780\n|move|p2a: Miraidon|Electro Drift|p1a: Ribombee\n|-enditem|p1a: Ribombee|Focus Sash\n|-damage|p1a: Ribombee|1\/100\n|move|p1a: Ribombee|Sticky Web|p2a: Miraidon\n|-sidestart|p2: H0LL0W2117|move: Sticky Web\n|\n|upkeep\n|turn|2\n|\n|t:|1697669785\n|switch|p1a: Iron Treads|Iron Treads|100\/100\n|-activate|p1a: Iron Treads|ability: Quark Drive\n|-start|p1a: Iron Treads|quarkdrivespd\n|move|p2a: Miraidon|U-turn|p1a: Iron Treads\n|-resisted|p1a: Iron Treads\n|-crit|p1a: Iron Treads\n|-damage|p1a: Iron Treads|93\/100\n|\n|t:|1697669811\n|switch|p2a: Ogerpon|Ogerpon-Hearthflame, F|100\/100|[from] U-turn\n|-activate|p2a: Ogerpon|move: Sticky Web\n|-unboost|p2a: Ogerpon|spe|1\n|-ability|p2a: Ogerpon|Mold Breaker\n|\n|-heal|p1a: Iron Treads|99\/100|[from] item: Leftovers\n|upkeep\n|turn|3\n|j| Aldrin69\n|\n|t:|1697669853\n|-end|p1a: Iron Treads|Quark Drive|[silent]\n|switch|p1a: Ribombee|Ribombee, F|1\/100\n|-terastallize|p2a: Ogerpon|Fire\n|detailschange|p2a: Ogerpon|Ogerpon-Hearthflame-Tera, F, tera:Fire\n|-ability|p2a: Ogerpon|Embody Aspect (Hearthflame)|boost\n|-boost|p2a: Ogerpon|atk|1\n|move|p2a: Ogerpon|Ivy Cudgel|p1a: Ribombee\n|-supereffective|p1a: Ribombee\n|-damage|p1a: Ribombee|0 fnt\n|faint|p1a: Ribombee\n|\n|upkeep\n|inactive|Battle timer is ON: inactive players will automatically lose when time's up. (requested by H0LL0W2117)\n|l| Aldrin69\n|\n|t:|1697669911\n|switch|p1a: Miraidon|Miraidon|100\/100\n|-activate|p1a: Miraidon|ability: Hadron Engine\n|turn|4\n|\n|t:|1697669921\n|move|p1a: Miraidon|Electro Drift|p2a: Ogerpon\n|-damage|p2a: Ogerpon|0 fnt\n|faint|p2a: Ogerpon\n|\n|upkeep\n|\n|t:|1697669930\n|switch|p2a: Iron Bundle|Iron Bundle|100\/100\n|-activate|p2a: Iron Bundle|ability: Quark Drive\n|-start|p2a: Iron Bundle|quarkdrivespe\n|turn|5\n|\n|t:|1697669947\n|switch|p1a: Iron Treads|Iron Treads|99\/100\n|-activate|p1a: Iron Treads|ability: Quark Drive\n|-start|p1a: Iron Treads|quarkdrivespd\n|move|p2a: Iron Bundle|Ice Beam|p1a: Iron Treads\n|-damage|p1a: Iron Treads|71\/100\n|\n|-heal|p1a: Iron Treads|77\/100|[from] item: Leftovers\n|-fieldend|move: Electric Terrain\n|-end|p2a: Iron Bundle|Quark Drive\n|-end|p1a: Iron Treads|Quark Drive\n|upkeep\n|turn|6\n|inactive|WashedKatana has 120 seconds left.\n|\n|t:|1697669975\n|move|p2a: Iron Bundle|Flip Turn|p1a: Iron Treads\n|-supereffective|p1a: Iron Treads\n|-damage|p1a: Iron Treads|53\/100\n|\n|t:|1697669979\n|-end|p2a: Iron Bundle|Quark Drive|[silent]\n|switch|p2a: Arceus|Arceus-Fighting|100\/100|[from] Flip Turn\n|-activate|p2a: Arceus|move: Sticky Web\n|-unboost|p2a: Arceus|spe|1\n|move|p1a: Iron Treads|Knock Off|p2a: Arceus\n|-resisted|p2a: Arceus\n|-damage|p2a: Arceus|96\/100\n|\n|-heal|p1a: Iron Treads|59\/100|[from] item: Leftovers\n|upkeep\n|turn|7\n|\n|t:|1697669988\n|move|p1a: Iron Treads|Stealth Rock|p2a: Arceus\n|-sidestart|p2: H0LL0W2117|move: Stealth Rock\n|move|p2a: Arceus|Judgment|p1a: Iron Treads\n|-supereffective|p1a: Iron Treads\n|-damage|p1a: Iron Treads|0 fnt\n|faint|p1a: Iron Treads\n|-end|p1a: Iron Treads|Quark Drive|[silent]\n|\n|upkeep\n|inactive|WashedKatana has 120 seconds left.\n|inactive|WashedKatana has 90 seconds left.\n|\n|t:|1697670036\n|switch|p1a: Zacian|Zacian-Crowned|100\/100\n|-ability|p1a: Zacian|Intrepid Sword|boost\n|-boost|p1a: Zacian|atk|1\n|turn|8\n|\n|t:|1697670058\n|move|p1a: Zacian|Swords Dance|p1a: Zacian\n|-boost|p1a: Zacian|atk|2\n|move|p2a: Arceus|Judgment|p1a: Zacian\n|-damage|p1a: Zacian|44\/100\n|\n|upkeep\n|turn|9\n|inactive|WashedKatana has 90 seconds left.\n|\n|t:|1697670087\n|move|p1a: Zacian|Play Rough|p2a: Arceus|[miss]\n|-miss|p1a: Zacian|p2a: Arceus\n|move|p2a: Arceus|Judgment|p1a: Zacian\n|-damage|p1a: Zacian|0 fnt\n|faint|p1a: Zacian\n|\n|upkeep\n|\n|t:|1697670094\n|switch|p1a: Arceus|Arceus|100\/100\n|turn|10\n|c|\u2606H0LL0W2117|no shot\n|c|\u2606WashedKatana|it was so over\n|\n|t:|1697670104\n|-terastallize|p1a: Arceus|Ghost\n|move|p1a: Arceus|Swords Dance|p1a: Arceus\n|-boost|p1a: Arceus|atk|2\n|move|p2a: Arceus|Judgment|p1a: Arceus\n|-immune|p1a: Arceus\n|\n|upkeep\n|turn|11\n|inactive|WashedKatana has 90 seconds left.\n|c|\u2606H0LL0W2117|im the luckiest man alive\n|\n|t:|1697670133\n|switch|p2a: Ursaluna|Ursaluna-Bloodmoon, M|100\/100\n|move|p1a: Arceus|Swords Dance|p1a: Arceus\n|-boost|p1a: Arceus|atk|2\n|\n|upkeep\n|turn|12\n|inactive|WashedKatana has 90 seconds left.\n|inactive|H0LL0W2117 has 120 seconds left.\n|\n|t:|1697670150\n|move|p1a: Arceus|Extreme Speed|p2a: Ursaluna\n|-damage|p2a: Ursaluna|0 fnt\n|faint|p2a: Ursaluna\n|\n|upkeep\n|c|\u2606WashedKatana|too bad it won't matter\n|inactive|H0LL0W2117 has 120 seconds left.\n|c|\u2606H0LL0W2117|sadly\n|c|\u2606H0LL0W2117|or maybe\n|\n|t:|1697670183\n|switch|p2a: Miraidon|Miraidon|100\/100\n|-fieldstart|move: Electric Terrain|[from] ability: Hadron Engine|[of] p2a: Miraidon\n|turn|13\n|\n|t:|1697670188\n|move|p1a: Arceus|Extreme Speed|p2a: Miraidon\n|-damage|p2a: Miraidon|0 fnt\n|faint|p2a: Miraidon\n|\n|upkeep\n|c|\u2606H0LL0W2117|nope\n|c|\u2606WashedKatana|we're shuca, too\n|\n|t:|1697670200\n|switch|p2a: Zacian|Zacian-Crowned, shiny|100\/100\n|-activate|p2a: Zacian|move: Sticky Web\n|-unboost|p2a: Zacian|spe|1\n|-damage|p2a: Zacian|94\/100|[from] Stealth Rock\n|-ability|p2a: Zacian|Intrepid Sword|boost\n|-boost|p2a: Zacian|atk|1\n|turn|14\n|\n|t:|1697670208\n|move|p1a: Arceus|Earthquake|p2a: Zacian\n|-supereffective|p2a: Zacian\n|-damage|p2a: Zacian|0 fnt\n|faint|p2a: Zacian\n|\n|upkeep\n|\n|t:|1697670211\n|switch|p2a: Iron Bundle|Iron Bundle|100\/100\n|-activate|p2a: Iron Bundle|ability: Quark Drive\n|-start|p2a: Iron Bundle|quarkdrivespe\n|turn|15\n|\n|t:|1697670215\n|move|p1a: Arceus|Extreme Speed|p2a: Iron Bundle\n|-damage|p2a: Iron Bundle|0 fnt\n|faint|p2a: Iron Bundle\n|-end|p2a: Iron Bundle|Quark Drive|[silent]\n|\n|upkeep\n|\n|t:|1697670218\n|switch|p2a: Arceus|Arceus-Fighting|96\/100\n|-activate|p2a: Arceus|move: Sticky Web\n|-unboost|p2a: Arceus|spe|1\n|-damage|p2a: Arceus|89\/100|[from] Stealth Rock\n|turn|16\n|\n|t:|1697670224\n|move|p1a: Arceus|Extreme Speed|p2a: Arceus\n|-damage|p2a: Arceus|0 fnt\n|faint|p2a: Arceus\n|\n|win|WashedKatana\n|raw|WashedKatana's rating: 1420 &rarr; <strong>1432<\/strong><br \/>(+12 for winning)\n|raw|H0LL0W2117's rating: 1275 &rarr; <strong>1260<\/strong><br \/>(-15 for losing)\n|c|\u2606WashedKatana|gg\n","uploadtime":1697670234,"views":13,"p1id":"washedkatana","p2id":"h0ll0w2117","formatid":"gen9ubers","rating":1260,"private":0,"password":""}