{"id":"gen9ubers-1968931198","p1":"XpokVEVO","p2":"Albaz Brand","format":"[Gen 9] Ubers","log":"|j|\u2606XpokVEVO\n|j|\u2606Albaz Brand\n|t:|1697476387\n|gametype|singles\n|player|p1|XpokVEVO|marshal|\n|player|p2|Albaz Brand|bellelba|\n|teamsize|p1|6\n|teamsize|p2|6\n|gen|9\n|tier|[Gen 9] Ubers\n|rule|Sleep Clause Mod: Limit one foe put to sleep\n|rule|Species Clause: Limit one of each Pok\u00e9mon\n|rule|OHKO Clause: OHKO moves are banned\n|rule|Evasion Items Clause: Evasion items are banned\n|rule|Evasion Moves Clause: Evasion moves are banned\n|rule|Endless Battle Clause: Forcing endless battles is banned\n|rule|HP Percentage Mod: HP is shown in percentages\n|clearpoke\n|poke|p1|Arceus-Fire|\n|poke|p1|Shaymin-Sky|\n|poke|p1|Cyclizar, M|\n|poke|p1|Espathra, M|\n|poke|p1|Magearna|\n|poke|p1|Sneasler, M|\n|poke|p2|Volcarona, M|\n|poke|p2|Zacian-*|\n|poke|p2|Palkia-Origin|\n|poke|p2|Urshifu-*, F|\n|poke|p2|Magearna-Original|\n|poke|p2|Annihilape, F|\n|teampreview\n|c|\u2606Albaz Brand|Glhf\n|c|\u2606Albaz Brand|im on mobile rn so i might be a lil a slow\n|\n|t:|1697476458\n|start\n|switch|p1a: Cyclizar|Cyclizar, M|100\/100\n|switch|p2a: Magearna|Magearna-Original|100\/100\n|turn|1\n|c|\u2606XpokVEVO|Bruh\n|c|\u2606XpokVEVO|Ape is banned\n|\n|t:|1697476519\n|move|p1a: Cyclizar|Shed Tail|p1a: Cyclizar\n|-start|p1a: Cyclizar|Substitute|[from] move: Shed Tail\n|-damage|p1a: Cyclizar|50\/100\n|\n|t:|1697476525\n|switch|p1a: Arceus-Fight\u0131ng|Arceus-Fire, shiny|100\/100|[from] Shed Tail\n|move|p2a: Magearna|Flash Cannon|p1a: Arceus-Fight\u0131ng\n|-resisted|p1a: Arceus-Fight\u0131ng\n|-activate|p1a: Arceus-Fight\u0131ng|move: Substitute|[damage]\n|\n|upkeep\n|turn|2\n|c|\u2606XpokVEVO|Ill play anyways\n|\n|t:|1697476533\n|move|p1a: Arceus-Fight\u0131ng|Dragon Dance|p1a: Arceus-Fight\u0131ng\n|-boost|p1a: Arceus-Fight\u0131ng|atk|1\n|-boost|p1a: Arceus-Fight\u0131ng|spe|1\n|move|p2a: Magearna|Fleur Cannon|p1a: Arceus-Fight\u0131ng\n|-resisted|p1a: Arceus-Fight\u0131ng\n|-end|p1a: Arceus-Fight\u0131ng|Substitute\n|-unboost|p2a: Magearna|spa|2\n|\n|upkeep\n|turn|3\n|\n|t:|1697476540\n|-terastallize|p2a: Magearna|Water\n|move|p1a: Arceus-Fight\u0131ng|Dragon Dance|p1a: Arceus-Fight\u0131ng\n|-boost|p1a: Arceus-Fight\u0131ng|atk|1\n|-boost|p1a: Arceus-Fight\u0131ng|spe|1\n|move|p2a: Magearna|Calm Mind|p2a: Magearna\n|-boost|p2a: Magearna|spa|1\n|-boost|p2a: Magearna|spd|1\n|\n|upkeep\n|turn|4\n|\n|t:|1697476550\n|-terastallize|p1a: Arceus-Fight\u0131ng|Fairy\n|move|p1a: Arceus-Fight\u0131ng|Tera Blast|p2a: Magearna|[anim] Tera Blast Fairy\n|-damage|p2a: Magearna|36\/100\n|move|p2a: Magearna|Shift Gear|p2a: Magearna\n|-boost|p2a: Magearna|spe|2\n|-boost|p2a: Magearna|atk|1\n|\n|-heal|p2a: Magearna|42\/100|[from] item: Leftovers\n|upkeep\n|turn|5\n|\n|t:|1697476563\n|move|p1a: Arceus-Fight\u0131ng|Tera Blast|p2a: Magearna|[anim] Tera Blast Fairy\n|-damage|p2a: Magearna|0 fnt\n|faint|p2a: Magearna\n|\n|upkeep\n|\n|t:|1697476576\n|switch|p2a: Palkia|Palkia-Origin|100\/100\n|-ability|p2a: Palkia|Pressure\n|turn|6\n|\n|t:|1697476579\n|move|p1a: Arceus-Fight\u0131ng|Tera Blast|p2a: Palkia|[anim] Tera Blast Fairy\n|-supereffective|p2a: Palkia\n|-damage|p2a: Palkia|0 fnt\n|faint|p2a: Palkia\n|\n|upkeep\n|c|\u2606Albaz Brand|Ggs XD\n|inactive|Battle timer is ON: inactive players will automatically lose when time's up. (requested by XpokVEVO)\n|\n|t:|1697476636\n|switch|p2a: Zacian|Zacian|100\/100\n|-ability|p2a: Zacian|Intrepid Sword|boost\n|-boost|p2a: Zacian|atk|1\n|turn|7\n|\n|t:|1697476641\n|move|p1a: Arceus-Fight\u0131ng|Flare Blitz|p2a: Zacian\n|-damage|p2a: Zacian|0 fnt\n|faint|p2a: Zacian\n|-damage|p1a: Arceus-Fight\u0131ng|72\/100|[from] Recoil\n|\n|upkeep\n|\n|t:|1697476643\n|switch|p2a: Urshifu|Urshifu, F|100\/100\n|turn|8\n|\n|t:|1697476646\n|move|p2a: Urshifu|Sucker Punch|p1a: Arceus-Fight\u0131ng\n|-resisted|p1a: Arceus-Fight\u0131ng\n|-damage|p1a: Arceus-Fight\u0131ng|59\/100\n|move|p1a: Arceus-Fight\u0131ng|Tera Blast|p2a: Urshifu|[anim] Tera Blast Fairy\n|-supereffective|p2a: Urshifu\n|-damage|p2a: Urshifu|0 fnt\n|faint|p2a: Urshifu\n|\n|upkeep\n|\n|t:|1697476654\n|switch|p2a: Volcarona|Volcarona, M|100\/100\n|turn|9\n|\n|t:|1697476657\n|move|p1a: Arceus-Fight\u0131ng|Flare Blitz|p2a: Volcarona\n|-damage|p2a: Volcarona|0 fnt\n|faint|p2a: Volcarona\n|-damage|p1a: Arceus-Fight\u0131ng|32\/100|[from] Recoil\n|\n|upkeep\n|\n|t:|1697476661\n|switch|p2a: Annihilape|Annihilape, F|100\/100\n|turn|10\n|\n|t:|1697476663\n|move|p1a: Arceus-Fight\u0131ng|Flare Blitz|p2a: Annihilape\n|-damage|p2a: Annihilape|0 fnt\n|faint|p2a: Annihilape\n|-damage|p1a: Arceus-Fight\u0131ng|0 fnt|[from] Recoil\n|faint|p1a: Arceus-Fight\u0131ng\n|\n|win|XpokVEVO\n","uploadtime":1697476668,"views":19,"p1id":"xpokvevo","p2id":"albazbrand","formatid":"gen9ubers","rating":0,"private":0,"password":""}