{"id":"gen9ubers-1982526657","p1":"mfora1","p2":"masterash","format":"[Gen 9] Ubers","log":"|j|\u2606mfora1\n|j|\u2606masterash\n|t:|1699022876\n|gametype|singles\n|player|p1|mfora1|1|1052\n|player|p2|masterash|hilbert|1080\n|teamsize|p1|6\n|teamsize|p2|6\n|gen|9\n|tier|[Gen 9] Ubers\n|rated|\n|rule|Sleep Clause Mod: Limit one foe put to sleep\n|rule|Species Clause: Limit one of each Pok\u00e9mon\n|rule|OHKO Clause: OHKO moves are banned\n|rule|Evasion Items Clause: Evasion items are banned\n|rule|Evasion Moves Clause: Evasion moves are banned\n|rule|Endless Battle Clause: Forcing endless battles is banned\n|rule|HP Percentage Mod: HP is shown in percentages\n|clearpoke\n|poke|p1|Tornadus, M|\n|poke|p1|Thundurus-Therian, M|\n|poke|p1|Landorus, M|\n|poke|p1|Enamorus, F|\n|poke|p1|Cramorant, F|\n|poke|p1|Shaymin-Sky|\n|poke|p2|Meowscarada, M|\n|poke|p2|Tinkaton, F|\n|poke|p2|Annihilape, M|\n|poke|p2|Scream Tail|\n|poke|p2|Iron Moth|\n|poke|p2|Palafin, F|\n|teampreview\n|\n|t:|1699022902\n|start\n|switch|p1a: Enamorus|Enamorus, F|100\/100\n|switch|p2a: Screamo|Scream Tail|100\/100\n|turn|1\n|\n|t:|1699022909\n|move|p1a: Enamorus|Agility|p1a: Enamorus\n|-boost|p1a: Enamorus|spe|2\n|move|p2a: Screamo|Stealth Rock|p1a: Enamorus\n|-sidestart|p1: mfora1|move: Stealth Rock\n|\n|upkeep\n|turn|2\n|\n|t:|1699022915\n|-end|p2a: Screamo|Protosynthesis|[silent]\n|switch|p2a: Marvel|Palafin, F|100\/100\n|move|p1a: Enamorus|Calm Mind|p1a: Enamorus\n|-boost|p1a: Enamorus|spa|1\n|-boost|p1a: Enamorus|spd|1\n|\n|upkeep\n|turn|3\n|\n|t:|1699022922\n|detailschange|p2a: Marvel|Palafin-Hero, F\n|switch|p2a: Hammah|Tinkaton, F|100\/100\n|move|p1a: Enamorus|Springtide Storm|p2a: Hammah|[miss]\n|-miss|p1a: Enamorus|p2a: Hammah\n|\n|upkeep\n|turn|4\n|\n|t:|1699022928\n|move|p1a: Enamorus|Calm Mind|p1a: Enamorus\n|-boost|p1a: Enamorus|spa|1\n|-boost|p1a: Enamorus|spd|1\n|move|p2a: Hammah|Gigaton Hammer|p1a: Enamorus\n|-supereffective|p1a: Enamorus\n|-damage|p1a: Enamorus|0 fnt\n|faint|p1a: Enamorus\n|\n|upkeep\n|\n|t:|1699022932\n|switch|p1a: Cramorant|Cramorant, F|100\/100\n|-damage|p1a: Cramorant|76\/100|[from] Stealth Rock\n|turn|5\n|\n|t:|1699022938\n|move|p1a: Cramorant|Agility|p1a: Cramorant\n|-boost|p1a: Cramorant|spe|2\n|move|p2a: Hammah|Knock Off|p1a: Cramorant\n|-damage|p1a: Cramorant|40\/100\n|-enditem|p1a: Cramorant|Weakness Policy|[from] move: Knock Off|[of] p2a: Hammah\n|\n|upkeep\n|turn|6\n|\n|t:|1699022945\n|move|p1a: Cramorant|Surf|p2a: Hammah\n|-formechange|p1a: Cramorant|Cramorant-Gorging|\n|-damage|p2a: Hammah|76\/100\n|move|p2a: Hammah|Swords Dance|p2a: Hammah\n|-boost|p2a: Hammah|atk|2\n|\n|-heal|p2a: Hammah|83\/100|[from] item: Leftovers\n|upkeep\n|turn|7\n|\n|t:|1699022954\n|move|p1a: Cramorant|Endure|p1a: Cramorant\n|-singleturn|p1a: Cramorant|move: Endure\n|move|p2a: Hammah|Gigaton Hammer|p1a: Cramorant\n|-resisted|p1a: Cramorant\n|-activate|p1a: Cramorant|move: Endure\n|-damage|p1a: Cramorant|1\/100\n|-damage|p2a: Hammah|58\/100|[from] ability: Gulp Missile|[of] p1a: Cramorant\n|-status|p2a: Hammah|par\n|-formechange|p1a: Cramorant|Cramorant|\n|\n|-heal|p2a: Hammah|64\/100 par|[from] item: Leftovers\n|upkeep\n|turn|8\n|\n|t:|1699022966\n|move|p1a: Cramorant|Surf|p2a: Hammah\n|-formechange|p1a: Cramorant|Cramorant-Gorging|\n|-damage|p2a: Hammah|38\/100 par\n|move|p2a: Hammah|Encore|p1a: Cramorant\n|-start|p1a: Cramorant|Encore\n|\n|-heal|p2a: Hammah|44\/100 par|[from] item: Leftovers\n|upkeep\n|turn|9\n|\n|t:|1699022973\n|move|p1a: Cramorant|Surf|p2a: Hammah\n|-damage|p2a: Hammah|19\/100 par\n|move|p2a: Hammah|Swords Dance|p2a: Hammah\n|-boost|p2a: Hammah|atk|2\n|\n|-heal|p2a: Hammah|25\/100 par|[from] item: Leftovers\n|upkeep\n|turn|10\n|\n|t:|1699022980\n|move|p1a: Cramorant|Surf|p2a: Hammah\n|-damage|p2a: Hammah|0 fnt\n|faint|p2a: Hammah\n|\n|upkeep\n|\n|t:|1699022987\n|switch|p2a: Screamo|Scream Tail|100\/100\n|turn|11\n|\n|t:|1699022992\n|move|p1a: Cramorant|Surf|p2a: Screamo\n|-damage|p2a: Screamo|74\/100\n|move|p2a: Screamo|Dazzling Gleam|p1a: Cramorant\n|-damage|p1a: Cramorant|0 fnt\n|-damage|p2a: Screamo|49\/100|[from] ability: Gulp Missile|[of] p1a: Cramorant\n|-status|p2a: Screamo|par\n|-formechange|p1a: Cramorant|Cramorant|\n|faint|p1a: Cramorant\n|\n|upkeep\n|\n|t:|1699023011\n|switch|p1a: Tornadus|Tornadus, M|100\/100\n|-damage|p1a: Tornadus|76\/100|[from] Stealth Rock\n|turn|12\n|\n|t:|1699023019\n|move|p1a: Tornadus|Tailwind|p1a: Tornadus\n|-sidestart|p1: mfora1|move: Tailwind\n|move|p2a: Screamo|Wish|p2a: Screamo\n|\n|upkeep\n|turn|13\n|\n|t:|1699023024\n|move|p1a: Tornadus|Bleakwind Storm|p2a: Screamo\n|-damage|p2a: Screamo|11\/100 par\n|move|p2a: Screamo|Dazzling Gleam|p1a: Tornadus\n|-damage|p1a: Tornadus|48\/100\n|\n|-heal|p2a: Screamo|61\/100 par|[from] move: Wish|[wisher] Screamo\n|upkeep\n|turn|14\n|\n|t:|1699023031\n|move|p1a: Tornadus|Rain Dance|p1a: Tornadus\n|-weather|RainDance\n|move|p2a: Screamo|Wish|p2a: Screamo\n|\n|-weather|RainDance|[upkeep]\n|upkeep\n|turn|15\n|\n|t:|1699023035\n|move|p1a: Tornadus|Bleakwind Storm|p2a: Screamo\n|-damage|p2a: Screamo|25\/100 par\n|-unboost|p2a: Screamo|spe|1\n|move|p2a: Screamo|Dazzling Gleam|p1a: Tornadus\n|-damage|p1a: Tornadus|21\/100\n|\n|-weather|RainDance|[upkeep]\n|-heal|p2a: Screamo|75\/100 par|[from] move: Wish|[wisher] Screamo\n|-sideend|p1: mfora1|move: Tailwind\n|upkeep\n|turn|16\n|\n|t:|1699023044\n|move|p1a: Tornadus|Bleakwind Storm|p2a: Screamo\n|-damage|p2a: Screamo|42\/100 par\n|cant|p2a: Screamo|par\n|\n|-weather|RainDance|[upkeep]\n|upkeep\n|turn|17\n|\n|t:|1699023049\n|move|p1a: Tornadus|Bleakwind Storm|p2a: Screamo\n|-damage|p2a: Screamo|6\/100 par\n|cant|p2a: Screamo|par\n|\n|-weather|RainDance|[upkeep]\n|upkeep\n|turn|18\n|\n|t:|1699023057\n|move|p1a: Tornadus|Bleakwind Storm|p2a: Screamo\n|-damage|p2a: Screamo|0 fnt\n|faint|p2a: Screamo\n|-end|p2a: Screamo|Protosynthesis|[silent]\n|\n|-weather|RainDance|[upkeep]\n|upkeep\n|\n|t:|1699023063\n|switch|p2a: Marvel|Palafin-Hero, F|100\/100\n|-activate|p2a: Marvel|ability: Zero to Hero\n|turn|19\n|\n|t:|1699023068\n|move|p1a: Tornadus|Tailwind|p1a: Tornadus\n|-sidestart|p1: mfora1|move: Tailwind\n|move|p2a: Marvel|Jet Punch|p1a: Tornadus\n|-damage|p1a: Tornadus|0 fnt\n|faint|p1a: Tornadus\n|\n|-weather|RainDance|[upkeep]\n|upkeep\n|\n|t:|1699023073\n|switch|p1a: Shaymin|Shaymin-Sky|100\/100\n|-damage|p1a: Shaymin|76\/100|[from] Stealth Rock\n|turn|20\n|\n|t:|1699023090\n|move|p2a: Marvel|Jet Punch|p1a: Shaymin\n|-resisted|p1a: Shaymin\n|-damage|p1a: Shaymin|21\/100\n|move|p1a: Shaymin|Earth Power|p2a: Marvel\n|-damage|p2a: Marvel|64\/100\n|\n|-weather|RainDance|[upkeep]\n|-heal|p1a: Shaymin|27\/100|[from] item: Leftovers\n|upkeep\n|turn|21\n|-message|mfora1 forfeited.\n|\n|win|masterash\n|raw|mfora1's rating: 1052 &rarr; <strong>1036<\/strong><br \/>(-16 for losing)\n|raw|masterash's rating: 1080 &rarr; <strong>1106<\/strong><br \/>(+26 for winning)\n|l|\u2606mfora1\n","uploadtime":1699023102,"views":6,"p1id":"mfora1","p2id":"masterash","formatid":"gen9ubers","rating":1036,"private":0,"password":""}