{"id":"gen9ubers-1980048456","p1":"Lurvas","p2":"SEUIf","format":"[Gen 9] Ubers","log":"|j|\u2606Lurvas\n|j|\u2606SEUIf\n|t:|1698751437\n|gametype|singles\n|player|p1|Lurvas|1|1131\n|player|p2|SEUIf|ingo-hisui|1317\n|teamsize|p1|6\n|teamsize|p2|6\n|gen|9\n|tier|[Gen 9] Ubers\n|rated|\n|rule|Sleep Clause Mod: Limit one foe put to sleep\n|rule|Species Clause: Limit one of each Pok\u00e9mon\n|rule|OHKO Clause: OHKO moves are banned\n|rule|Evasion Items Clause: Evasion items are banned\n|rule|Evasion Moves Clause: Evasion moves are banned\n|rule|Endless Battle Clause: Forcing endless battles is banned\n|rule|HP Percentage Mod: HP is shown in percentages\n|clearpoke\n|poke|p1|Tyranitar, F|\n|poke|p1|Arceus|\n|poke|p1|Houndstone, M|\n|poke|p1|Zacian-*|\n|poke|p1|Garchomp, M|\n|poke|p1|Landorus, M|\n|poke|p2|Kingambit, M|\n|poke|p2|Miraidon|\n|poke|p2|Iron Bundle|\n|poke|p2|Ting-Lu|\n|poke|p2|Skeledirge, F|\n|poke|p2|Corviknight, M|\n|teampreview\n|inactive|Battle timer is ON: inactive players will automatically lose when time's up. (requested by Lurvas)\n|\n|t:|1698751463\n|start\n|switch|p1a: Garchomp|Garchomp, M|100\/100\n|switch|p2a: Corviknight|Corviknight, M|100\/100\n|-ability|p2a: Corviknight|Pressure\n|turn|1\n|\n|t:|1698751478\n|move|p1a: Garchomp|Stealth Rock|p2a: Corviknight\n|-sidestart|p2: SEUIf|move: Stealth Rock\n|move|p2a: Corviknight|U-turn|p1a: Garchomp\n|-damage|p1a: Garchomp|89\/100\n|-damage|p2a: Corviknight|88\/100|[from] ability: Rough Skin|[of] p1a: Garchomp\n|-damage|p2a: Corviknight|71\/100|[from] item: Rocky Helmet|[of] p1a: Garchomp\n|\n|t:|1698751481\n|switch|p2a: Iron Bundle|Iron Bundle|100\/100|[from] U-turn\n|\n|upkeep\n|turn|2\n|\n|t:|1698751492\n|switch|p1a: Zacian|Zacian-Crowned|100\/100\n|-ability|p1a: Zacian|Intrepid Sword|boost\n|-boost|p1a: Zacian|atk|1\n|move|p2a: Iron Bundle|Ice Beam|p1a: Zacian\n|-resisted|p1a: Zacian\n|-damage|p1a: Zacian|78\/100\n|\n|upkeep\n|turn|3\n|\n|t:|1698751500\n|-end|p2a: Iron Bundle|Quark Drive|[silent]\n|switch|p2a: Skeledirge|Skeledirge, F|100\/100\n|move|p1a: Zacian|Swords Dance|p1a: Zacian\n|-boost|p1a: Zacian|atk|2\n|\n|upkeep\n|turn|4\n|\n|t:|1698751507\n|move|p1a: Zacian|Behemoth Blade|p2a: Skeledirge\n|-resisted|p2a: Skeledirge\n|-damage|p2a: Skeledirge|83\/100\n|move|p2a: Skeledirge|Will-O-Wisp|p1a: Zacian\n|-status|p1a: Zacian|brn\n|\n|-damage|p1a: Zacian|72\/100 brn|[from] brn\n|upkeep\n|turn|5\n|\n|t:|1698751525\n|move|p1a: Zacian|Play Rough|p2a: Skeledirge\n|-resisted|p2a: Skeledirge\n|-damage|p2a: Skeledirge|75\/100\n|move|p2a: Skeledirge|Torch Song|p1a: Zacian\n|-supereffective|p1a: Zacian\n|-damage|p1a: Zacian|12\/100 brn\n|-boost|p2a: Skeledirge|spa|1\n|\n|-damage|p1a: Zacian|6\/100 brn|[from] brn\n|upkeep\n|turn|6\n|\n|t:|1698751534\n|move|p1a: Zacian|Behemoth Blade|p2a: Skeledirge\n|-resisted|p2a: Skeledirge\n|-damage|p2a: Skeledirge|67\/100\n|move|p2a: Skeledirge|Slack Off|p2a: Skeledirge\n|-heal|p2a: Skeledirge|100\/100\n|\n|-damage|p1a: Zacian|0 fnt|[from] brn\n|faint|p1a: Zacian\n|upkeep\n|\n|t:|1698751542\n|switch|p1a: Arceus|Arceus|100\/100\n|turn|7\n|\n|t:|1698751549\n|-terastallize|p1a: Arceus|Steel\n|move|p1a: Arceus|Cosmic Power|p1a: Arceus\n|-boost|p1a: Arceus|def|1\n|-boost|p1a: Arceus|spd|1\n|move|p2a: Skeledirge|Will-O-Wisp|p1a: Arceus\n|-status|p1a: Arceus|brn\n|\n|-damage|p1a: Arceus|94\/100 brn|[from] brn\n|upkeep\n|turn|8\n|\n|t:|1698751558\n|move|p1a: Arceus|Cosmic Power|p1a: Arceus\n|-boost|p1a: Arceus|def|1\n|-boost|p1a: Arceus|spd|1\n|move|p2a: Skeledirge|Torch Song|p1a: Arceus\n|-supereffective|p1a: Arceus\n|-damage|p1a: Arceus|32\/100 brn\n|-boost|p2a: Skeledirge|spa|1\n|-enditem|p1a: Arceus|Weakness Policy\n|-boost|p1a: Arceus|atk|2|[from] item: Weakness Policy\n|-boost|p1a: Arceus|spa|2|[from] item: Weakness Policy\n|\n|-damage|p1a: Arceus|26\/100 brn|[from] brn\n|upkeep\n|turn|9\n|\n|t:|1698751571\n|move|p1a: Arceus|Iron Head|p2a: Skeledirge\n|-resisted|p2a: Skeledirge\n|-damage|p2a: Skeledirge|96\/100\n|move|p2a: Skeledirge|Torch Song|p1a: Arceus\n|-supereffective|p1a: Arceus\n|-damage|p1a: Arceus|0 fnt\n|-boost|p2a: Skeledirge|spa|1\n|faint|p1a: Arceus\n|\n|upkeep\n|\n|t:|1698751585\n|switch|p1a: Houndstone|Houndstone, M|100\/100\n|turn|10\n|\n|t:|1698751596\n|-terastallize|p2a: Skeledirge|Fairy\n|move|p1a: Houndstone|Last Respects|p2a: Skeledirge\n|-crit|p2a: Skeledirge\n|-damage|p2a: Skeledirge|0 fnt\n|faint|p2a: Skeledirge\n|\n|upkeep\n|\n|t:|1698751605\n|switch|p2a: Ting-Lu|Ting-Lu|100\/100\n|-damage|p2a: Ting-Lu|94\/100|[from] Stealth Rock\n|-ability|p2a: Ting-Lu|Vessel of Ruin\n|turn|11\n|\n|t:|1698751614\n|switch|p1a: Landorus|Landorus, M|100\/100\n|move|p2a: Ting-Lu|Earthquake|p1a: Landorus\n|-immune|p1a: Landorus\n|\n|-heal|p2a: Ting-Lu|100\/100|[from] item: Leftovers\n|upkeep\n|turn|12\n|\n|t:|1698751622\n|move|p1a: Landorus|Focus Blast|p2a: Ting-Lu\n|-supereffective|p2a: Ting-Lu\n|-damage|p2a: Ting-Lu|42\/100\n|move|p2a: Ting-Lu|Stealth Rock|p1a: Landorus\n|-sidestart|p1: Lurvas|move: Stealth Rock\n|\n|-heal|p2a: Ting-Lu|49\/100|[from] item: Leftovers\n|upkeep\n|turn|13\n|\n|t:|1698751628\n|move|p1a: Landorus|Focus Blast|p2a: Ting-Lu\n|-supereffective|p2a: Ting-Lu\n|-damage|p2a: Ting-Lu|0 fnt\n|faint|p2a: Ting-Lu\n|\n|upkeep\n|\n|t:|1698751634\n|switch|p2a: Iron Bundle|Iron Bundle|100\/100\n|turn|14\n|\n|t:|1698751637\n|move|p2a: Iron Bundle|Ice Beam|p1a: Landorus\n|-supereffective|p1a: Landorus\n|-crit|p1a: Landorus\n|-damage|p1a: Landorus|0 fnt\n|faint|p1a: Landorus\n|\n|upkeep\n|\n|t:|1698751647\n|switch|p1a: Garchomp|Garchomp, M|89\/100\n|-damage|p1a: Garchomp|83\/100|[from] Stealth Rock\n|turn|15\n|\n|t:|1698751652\n|move|p2a: Iron Bundle|Ice Beam|p1a: Garchomp\n|-supereffective|p1a: Garchomp\n|-damage|p1a: Garchomp|0 fnt\n|faint|p1a: Garchomp\n|\n|upkeep\n|\n|t:|1698751657\n|switch|p1a: Tyranitar|Tyranitar, F|100\/100\n|-damage|p1a: Tyranitar|88\/100|[from] Stealth Rock\n|-weather|Sandstorm|[from] ability: Sand Stream|[of] p1a: Tyranitar\n|turn|16\n|\n|t:|1698751663\n|-end|p2a: Iron Bundle|Quark Drive|[silent]\n|switch|p2a: Corviknight|Corviknight, M|71\/100\n|-damage|p2a: Corviknight|59\/100|[from] Stealth Rock\n|-ability|p2a: Corviknight|Pressure\n|move|p1a: Tyranitar|Thunder Wave|p2a: Corviknight\n|-status|p2a: Corviknight|par\n|\n|-weather|Sandstorm|[upkeep]\n|-heal|p2a: Corviknight|65\/100 par|[from] item: Leftovers\n|upkeep\n|turn|17\n|\n|t:|1698751673\n|move|p1a: Tyranitar|Rock Blast|p2a: Corviknight\n|-damage|p2a: Corviknight|58\/100 par\n|-damage|p2a: Corviknight|50\/100 par\n|-damage|p2a: Corviknight|43\/100 par\n|-hitcount|p2a: Corviknight|3\n|move|p2a: Corviknight|Roost|p2a: Corviknight\n|-heal|p2a: Corviknight|93\/100 par\n|-singleturn|p2a: Corviknight|move: Roost\n|\n|-weather|Sandstorm|[upkeep]\n|-heal|p2a: Corviknight|99\/100 par|[from] item: Leftovers\n|upkeep\n|turn|18\n|inactive|SEUIf has 120 seconds left.\n|\n|t:|1698751703\n|switch|p1a: Houndstone|Houndstone, M|100\/100\n|-damage|p1a: Houndstone|88\/100|[from] Stealth Rock\n|move|p2a: Corviknight|Body Press|p1a: Houndstone\n|-immune|p1a: Houndstone\n|\n|-weather|Sandstorm|[upkeep]\n|-heal|p2a: Corviknight|100\/100 par|[from] item: Leftovers\n|upkeep\n|turn|19\n|\n|t:|1698751712\n|move|p1a: Houndstone|Last Respects|p2a: Corviknight\n|-damage|p2a: Corviknight|0 fnt\n|faint|p2a: Corviknight\n|\n|-weather|Sandstorm|[upkeep]\n|upkeep\n|\n|t:|1698751716\n|switch|p2a: Miraidon|Miraidon|100\/100\n|-damage|p2a: Miraidon|88\/100|[from] Stealth Rock\n|-fieldstart|move: Electric Terrain|[from] ability: Hadron Engine|[of] p2a: Miraidon\n|turn|20\n|\n|t:|1698751721\n|move|p1a: Houndstone|Last Respects|p2a: Miraidon\n|-damage|p2a: Miraidon|0 fnt\n|faint|p2a: Miraidon\n|\n|-weather|Sandstorm|[upkeep]\n|upkeep\n|\n|t:|1698751726\n|switch|p2a: Iron Bundle|Iron Bundle|100\/100\n|-activate|p2a: Iron Bundle|ability: Quark Drive\n|-start|p2a: Iron Bundle|quarkdrivespe\n|turn|21\n|\n|t:|1698751731\n|move|p2a: Iron Bundle|Hydro Pump|p1a: Houndstone\n|-damage|p1a: Houndstone|16\/100\n|move|p1a: Houndstone|Last Respects|p2a: Iron Bundle\n|-damage|p2a: Iron Bundle|0 fnt\n|faint|p2a: Iron Bundle\n|-end|p2a: Iron Bundle|Quark Drive|[silent]\n|\n|-weather|Sandstorm|[upkeep]\n|upkeep\n|\n|t:|1698751735\n|switch|p2a: Kingambit|Kingambit, M|100\/100\n|-damage|p2a: Kingambit|94\/100|[from] Stealth Rock\n|-activate|p2a: Kingambit|ability: Supreme Overlord\n|-start|p2a: Kingambit|fallen5|[silent]\n|turn|22\n|\n|t:|1698751742\n|switch|p1a: Tyranitar|Tyranitar, F|88\/100\n|-damage|p1a: Tyranitar|76\/100|[from] Stealth Rock\n|move|p2a: Kingambit|Sucker Punch||[still]\n|-fail|p2a: Kingambit\n|\n|-weather|Sandstorm|[upkeep]\n|upkeep\n|turn|23\n|\n|t:|1698751749\n|move|p2a: Kingambit|Iron Head|p1a: Tyranitar\n|-supereffective|p1a: Tyranitar\n|-damage|p1a: Tyranitar|0 fnt\n|faint|p1a: Tyranitar\n|\n|-weather|none\n|upkeep\n|\n|t:|1698751755\n|switch|p1a: Houndstone|Houndstone, M|16\/100\n|-damage|p1a: Houndstone|4\/100|[from] Stealth Rock\n|turn|24\n|c|\u2606SEUIf|gg\n|c|\u2606Lurvas|gg\n|\n|t:|1698751764\n|move|p1a: Houndstone|Shadow Sneak|p2a: Kingambit\n|-resisted|p2a: Kingambit\n|-damage|p2a: Kingambit|83\/100\n|move|p2a: Kingambit|Sucker Punch||[still]\n|-fail|p2a: Kingambit\n|\n|-fieldend|move: Electric Terrain\n|upkeep\n|turn|25\n|\n|t:|1698751769\n|move|p1a: Houndstone|Shadow Sneak|p2a: Kingambit\n|-resisted|p2a: Kingambit\n|-damage|p2a: Kingambit|71\/100\n|move|p2a: Kingambit|Kowtow Cleave|p1a: Houndstone\n|-supereffective|p1a: Houndstone\n|-damage|p1a: Houndstone|0 fnt\n|faint|p1a: Houndstone\n|\n|win|SEUIf\n|raw|Lurvas's rating: 1131 &rarr; <strong>1118<\/strong><br \/>(-13 for losing)\n|raw|SEUIf's rating: 1317 &rarr; <strong>1327<\/strong><br \/>(+10 for winning)\n|l|\u2606Lurvas\n","uploadtime":1698751778,"views":10,"p1id":"lurvas","p2id":"seuif","formatid":"gen9ubers","rating":1118,"private":0,"password":""}