{"id":"gen9ubers-1989199355","p1":"Albaz Brand","p2":"CodenameCAT","format":"[Gen 9] Ubers","log":"|j|\u2606Albaz Brand\n|j|\u2606CodenameCAT\n|t:|1699822619\n|gametype|singles\n|player|p1|Albaz Brand|bellelba|\n|player|p2|CodenameCAT|cogita|\n|teamsize|p1|6\n|teamsize|p2|6\n|gen|9\n|tier|[Gen 9] Ubers\n|rule|Sleep Clause Mod: Limit one foe put to sleep\n|rule|Species Clause: Limit one of each Pok\u00e9mon\n|rule|OHKO Clause: OHKO moves are banned\n|rule|Evasion Items Clause: Evasion items are banned\n|rule|Evasion Moves Clause: Evasion moves are banned\n|rule|Endless Battle Clause: Forcing endless battles is banned\n|rule|HP Percentage Mod: HP is shown in percentages\n|clearpoke\n|poke|p1|Dragapult, F|\n|poke|p1|Torkoal, F|\n|poke|p1|Iron Valiant|\n|poke|p1|Roaring Moon|\n|poke|p1|Arceus-Poison|\n|poke|p1|Shaymin-Sky|\n|poke|p2|Spidops, M|\n|poke|p2|Darkrai|\n|poke|p2|Chi-Yu|\n|poke|p2|Gholdengo|\n|poke|p2|Baxcalibur, M|\n|poke|p2|Espathra, F|\n|teampreview\n|inactive|Battle timer is ON: inactive players will automatically lose when time's up. (requested by CodenameCAT)\n|c|\u2606CodenameCAT|glhf\n|\n|t:|1699822626\n|start\n|switch|p1a: Shaymin|Shaymin-Sky|100\/100\n|switch|p2a: Espathra|Espathra, F|100\/100\n|turn|1\n|c|\u2606Albaz Brand|GLHF\n|\n|t:|1699822634\n|move|p2a: Espathra|Protect|p2a: Espathra\n|-singleturn|p2a: Espathra|Protect\n|move|p1a: Shaymin|Seed Flare|p2a: Espathra\n|-activate|p2a: Espathra|move: Protect\n|\n|-ability|p2a: Espathra|Speed Boost|boost\n|-boost|p2a: Espathra|spe|1\n|upkeep\n|turn|2\n|\n|t:|1699822640\n|move|p2a: Espathra|Calm Mind|p2a: Espathra\n|-boost|p2a: Espathra|spa|1\n|-boost|p2a: Espathra|spd|1\n|move|p1a: Shaymin|Seed Flare|p2a: Espathra\n|-damage|p2a: Espathra|35\/100\n|-unboost|p2a: Espathra|spd|2\n|\n|-heal|p2a: Espathra|41\/100|[from] item: Leftovers\n|-ability|p2a: Espathra|Speed Boost|boost\n|-boost|p2a: Espathra|spe|1\n|upkeep\n|turn|3\n|\n|t:|1699822647\n|move|p2a: Espathra|Protect|p2a: Espathra\n|-singleturn|p2a: Espathra|Protect\n|move|p1a: Shaymin|Air Slash|p2a: Espathra\n|-activate|p2a: Espathra|move: Protect\n|\n|-heal|p2a: Espathra|47\/100|[from] item: Leftovers\n|-ability|p2a: Espathra|Speed Boost|boost\n|-boost|p2a: Espathra|spe|1\n|upkeep\n|turn|4\n|\n|t:|1699822651\n|move|p2a: Espathra|Substitute|p2a: Espathra\n|-start|p2a: Espathra|Substitute\n|-damage|p2a: Espathra|23\/100\n|move|p1a: Shaymin|Air Slash|p2a: Espathra\n|-end|p2a: Espathra|Substitute\n|\n|-heal|p2a: Espathra|29\/100|[from] item: Leftovers\n|-ability|p2a: Espathra|Speed Boost|boost\n|-boost|p2a: Espathra|spe|1\n|upkeep\n|turn|5\n|\n|t:|1699822664\n|move|p2a: Espathra|Stored Power|p1a: Shaymin\n|-damage|p1a: Shaymin|0 fnt\n|faint|p1a: Shaymin\n|\n|-heal|p2a: Espathra|35\/100|[from] item: Leftovers\n|-ability|p2a: Espathra|Speed Boost|boost\n|-boost|p2a: Espathra|spe|1\n|upkeep\n|\n|t:|1699822669\n|switch|p1a: Roaring Moon|Roaring Moon|100\/100\n|turn|6\n|\n|t:|1699822682\n|move|p2a: Espathra|Calm Mind|p2a: Espathra\n|-boost|p2a: Espathra|spa|1\n|-boost|p2a: Espathra|spd|1\n|move|p1a: Roaring Moon|Knock Off|p2a: Espathra\n|-supereffective|p2a: Espathra\n|-damage|p2a: Espathra|0 fnt\n|-enditem|p2a: Espathra|Leftovers|[from] move: Knock Off|[of] p1a: Roaring Moon\n|faint|p2a: Espathra\n|\n|upkeep\n|\n|t:|1699822685\n|switch|p2a: Spidops|Spidops, M|100\/100\n|turn|7\n|\n|t:|1699822692\n|-end|p1a: Roaring Moon|Protosynthesis|[silent]\n|switch|p1a: Torkoal|Torkoal, F|100\/100\n|-weather|SunnyDay|[from] ability: Drought|[of] p1a: Torkoal\n|move|p2a: Spidops|Sticky Web|p1a: Torkoal\n|-sidestart|p1: Albaz Brand|move: Sticky Web\n|\n|-weather|SunnyDay|[upkeep]\n|upkeep\n|turn|8\n|\n|t:|1699822699\n|move|p2a: Spidops|Memento|p1a: Torkoal\n|-unboost|p1a: Torkoal|atk|2\n|-unboost|p1a: Torkoal|spa|2\n|faint|p2a: Spidops\n|move|p1a: Torkoal|Rapid Spin|p2: Spidops|[notarget]\n|-fail|p1a: Torkoal\n|\n|-weather|SunnyDay|[upkeep]\n|upkeep\n|\n|t:|1699822710\n|switch|p2a: Chi-Yu|Chi-Yu|100\/100\n|-ability|p2a: Chi-Yu|Beads of Ruin\n|turn|9\n|\n|t:|1699822718\n|switch|p1a: Arceus|Arceus-Poison|100\/100\n|-activate|p1a: Arceus|move: Sticky Web\n|-unboost|p1a: Arceus|spe|1\n|move|p2a: Chi-Yu|Overheat|p1a: Arceus\n|-damage|p1a: Arceus|0 fnt\n|-unboost|p2a: Chi-Yu|spa|2\n|faint|p1a: Arceus\n|\n|-weather|SunnyDay|[upkeep]\n|upkeep\n|\n|t:|1699822730\n|switch|p1a: Torkoal|Torkoal, F|100\/100\n|-activate|p1a: Torkoal|move: Sticky Web\n|-unboost|p1a: Torkoal|spe|1\n|turn|10\n|\n|t:|1699822736\n|switch|p2a: Gholdengo|Gholdengo|100\/100\n|move|p1a: Torkoal|Lava Plume|p2a: Gholdengo\n|-supereffective|p2a: Gholdengo\n|-damage|p2a: Gholdengo|18\/100\n|\n|-weather|SunnyDay|[upkeep]\n|upkeep\n|turn|11\n|\n|t:|1699822742\n|move|p2a: Gholdengo|Shadow Ball|p1a: Torkoal\n|-damage|p1a: Torkoal|41\/100\n|move|p1a: Torkoal|Yawn|p2a: Gholdengo\n|-immune|p2a: Gholdengo|[from] ability: Good as Gold\n|\n|-weather|SunnyDay|[upkeep]\n|upkeep\n|turn|12\n|\n|t:|1699822745\n|move|p2a: Gholdengo|Shadow Ball|p1a: Torkoal\n|-damage|p1a: Torkoal|0 fnt\n|faint|p1a: Torkoal\n|\n|-weather|SunnyDay|[upkeep]\n|upkeep\n|\n|t:|1699822753\n|switch|p1a: Roaring Moon|Roaring Moon|100\/100\n|-activate|p1a: Roaring Moon|move: Sticky Web\n|-unboost|p1a: Roaring Moon|spe|1\n|-activate|p1a: Roaring Moon|ability: Protosynthesis\n|-start|p1a: Roaring Moon|protosynthesisatk\n|turn|13\n|\n|t:|1699822757\n|move|p2a: Gholdengo|Focus Blast|p1a: Roaring Moon\n|-supereffective|p1a: Roaring Moon\n|-damage|p1a: Roaring Moon|22\/100\n|move|p1a: Roaring Moon|Knock Off|p2a: Gholdengo\n|-supereffective|p2a: Gholdengo\n|-damage|p2a: Gholdengo|0 fnt\n|-enditem|p2a: Gholdengo|Kasib Berry|[from] move: Knock Off|[of] p1a: Roaring Moon\n|faint|p2a: Gholdengo\n|\n|-weather|SunnyDay|[upkeep]\n|upkeep\n|\n|t:|1699822766\n|switch|p2a: Baxcalibur|Baxcalibur, M|100\/100\n|turn|14\n|\n|t:|1699822770\n|move|p2a: Baxcalibur|Dragon Dance|p2a: Baxcalibur\n|-boost|p2a: Baxcalibur|atk|1\n|-boost|p2a: Baxcalibur|spe|1\n|move|p1a: Roaring Moon|Knock Off|p2a: Baxcalibur\n|-damage|p2a: Baxcalibur|8\/100\n|-enditem|p2a: Baxcalibur|Loaded Dice|[from] move: Knock Off|[of] p1a: Roaring Moon\n|\n|-weather|none\n|-end|p1a: Roaring Moon|Protosynthesis\n|upkeep\n|turn|15\n|\n|t:|1699822781\n|move|p2a: Baxcalibur|Icicle Spear|p1a: Roaring Moon\n|-supereffective|p1a: Roaring Moon\n|-damage|p1a: Roaring Moon|0 fnt\n|faint|p1a: Roaring Moon\n|-end|p1a: Roaring Moon|Protosynthesis|[silent]\n|-hitcount|p1: Roaring Moon|1\n|\n|upkeep\n|\n|t:|1699822784\n|switch|p1a: Iron Valiant|Iron Valiant|100\/100\n|-activate|p1a: Iron Valiant|move: Sticky Web\n|-unboost|p1a: Iron Valiant|spe|1\n|-enditem|p1a: Iron Valiant|Booster Energy\n|-activate|p1a: Iron Valiant|ability: Quark Drive|[fromitem]\n|-start|p1a: Iron Valiant|quarkdrivespa\n|turn|16\n|\n|t:|1699822790\n|-terastallize|p1a: Iron Valiant|Fire\n|move|p2a: Baxcalibur|Icicle Spear|p1a: Iron Valiant\n|-resisted|p1a: Iron Valiant\n|-damage|p1a: Iron Valiant|85\/100\n|-resisted|p1a: Iron Valiant\n|-damage|p1a: Iron Valiant|70\/100\n|-resisted|p1a: Iron Valiant\n|-damage|p1a: Iron Valiant|55\/100\n|-resisted|p1a: Iron Valiant\n|-damage|p1a: Iron Valiant|39\/100\n|-resisted|p1a: Iron Valiant\n|-damage|p1a: Iron Valiant|22\/100\n|-hitcount|p1a: Iron Valiant|5\n|move|p1a: Iron Valiant|Aura Sphere|p2a: Baxcalibur\n|-supereffective|p2a: Baxcalibur\n|-damage|p2a: Baxcalibur|0 fnt\n|faint|p2a: Baxcalibur\n|\n|upkeep\n|\n|t:|1699822795\n|switch|p2a: Darkrai|Darkrai|100\/100\n|turn|17\n|\n|t:|1699822799\n|move|p2a: Darkrai|Dark Pulse|p1a: Iron Valiant\n|-damage|p1a: Iron Valiant|0 fnt\n|faint|p1a: Iron Valiant\n|-end|p1a: Iron Valiant|Quark Drive|[silent]\n|-damage|p2a: Darkrai|91\/100|[from] item: Life Orb\n|\n|upkeep\n|c|\u2606CodenameCAT|gg\n|\n|t:|1699822802\n|switch|p1a: Dragapult|Dragapult, F|100\/100\n|-activate|p1a: Dragapult|move: Sticky Web\n|-unboost|p1a: Dragapult|spe|1\n|turn|18\n|c|\u2606Albaz Brand|GGs\n|\n|t:|1699822812\n|move|p2a: Darkrai|Dark Pulse|p1a: Dragapult\n|-supereffective|p1a: Dragapult\n|-crit|p1a: Dragapult\n|-damage|p1a: Dragapult|0 fnt\n|faint|p1a: Dragapult\n|-damage|p2a: Darkrai|81\/100|[from] item: Life Orb\n|\n|win|CodenameCAT\n|l|\u2606Albaz Brand\n","uploadtime":1699822858,"views":44,"p1id":"albazbrand","p2id":"codenamecat","formatid":"gen9ubers","rating":0,"private":0,"password":""}