{"id":"gen9ubers-1987785488","p1":"I9821943813dws","p2":"Nitro524","format":"[Gen 9] Ubers","log":"|j|\u2606I9821943813dws\n|j|\u2606Nitro524\n|t:|1699636693\n|gametype|singles\n|player|p1|I9821943813dws|170|\n|player|p2|Nitro524|hilbert|\n|teamsize|p1|6\n|teamsize|p2|6\n|gen|9\n|tier|[Gen 9] Ubers\n|rule|Sleep Clause Mod: Limit one foe put to sleep\n|rule|Species Clause: Limit one of each Pok\u00e9mon\n|rule|OHKO Clause: OHKO moves are banned\n|rule|Evasion Items Clause: Evasion items are banned\n|rule|Evasion Moves Clause: Evasion moves are banned\n|rule|Endless Battle Clause: Forcing endless battles is banned\n|rule|HP Percentage Mod: HP is shown in percentages\n|clearpoke\n|poke|p1|Pelipper, F|\n|poke|p1|Zacian-*|\n|poke|p1|Palafin, M|\n|poke|p1|Tornadus-Therian, M|\n|poke|p1|Thundurus-Therian, M|\n|poke|p1|Landorus, M|\n|poke|p2|Torkoal, M|\n|poke|p2|Chi-Yu|\n|poke|p2|Shaymin-Sky|\n|poke|p2|Arceus-Fire|\n|poke|p2|Roaring Moon|\n|poke|p2|Walking Wake|\n|teampreview\n|inactive|Battle timer is ON: inactive players will automatically lose when time's up. (requested by Nitro524)\n|c|\u2606Nitro524|glhf\n|\n|t:|1699636722\n|start\n|switch|p1a: Pelipper|Pelipper, F|100\/100\n|switch|p2a: Cecil|Torkoal, M|100\/100\n|-weather|RainDance|[from] ability: Drizzle|[of] p1a: Pelipper\n|-weather|SunnyDay|[from] ability: Drought|[of] p2a: Cecil\n|turn|1\n|\n|t:|1699636732\n|move|p1a: Pelipper|Knock Off|p2a: Cecil\n|-damage|p2a: Cecil|93\/100\n|-enditem|p2a: Cecil|Heat Rock|[from] move: Knock Off|[of] p1a: Pelipper\n|move|p2a: Cecil|Stealth Rock|p1a: Pelipper\n|-sidestart|p1: I9821943813dws|move: Stealth Rock\n|\n|-weather|SunnyDay|[upkeep]\n|upkeep\n|turn|2\n|j| rutriyououiyiyuyt\n|l| rutriyououiyiyuyt\n|\n|t:|1699636742\n|move|p1a: Pelipper|U-turn|p2a: Cecil\n|-resisted|p2a: Cecil\n|-damage|p2a: Cecil|90\/100\n|j| rutriyououiyiyuyt\n|\n|t:|1699636746\n|switch|p1a: Tornadus|Tornadus-Therian, M|100\/100|[from] U-turn\n|move|p2a: Cecil|Lava Plume|p1a: Tornadus\n|-damage|p1a: Tornadus|53\/100\n|\n|-weather|SunnyDay|[upkeep]\n|upkeep\n|turn|3\n|\n|t:|1699636772\n|move|p1a: Tornadus|Bleakwind Storm|p2a: Cecil\n|-damage|p2a: Cecil|27\/100\n|-unboost|p2a: Cecil|spe|1\n|move|p2a: Cecil|Lava Plume|p1a: Tornadus\n|-crit|p1a: Tornadus\n|-damage|p1a: Tornadus|0 fnt\n|faint|p1a: Tornadus\n|\n|-weather|SunnyDay|[upkeep]\n|upkeep\n|\n|t:|1699636786\n|switch|p1a: Landorus|Landorus, M|100\/100\n|-damage|p1a: Landorus|88\/100|[from] Stealth Rock\n|turn|4\n|\n|t:|1699636799\n|switch|p2a: Clover|Shaymin-Sky|100\/100\n|move|p1a: Landorus|Nasty Plot|p1a: Landorus\n|-boost|p1a: Landorus|spa|2\n|\n|-weather|SunnyDay|[upkeep]\n|upkeep\n|turn|5\n|\n|t:|1699636810\n|move|p2a: Clover|Air Slash|p1a: Landorus\n|-damage|p1a: Landorus|40\/100\n|move|p1a: Landorus|Sludge Bomb|p2a: Clover\n|-supereffective|p2a: Clover\n|-crit|p2a: Clover\n|-damage|p2a: Clover|0 fnt\n|faint|p2a: Clover\n|\n|-weather|SunnyDay|[upkeep]\n|upkeep\n|inactive|Nitro524 has 270 seconds left.\n|\n|t:|1699636829\n|switch|p2a: Did Not Smile Back|Chi-Yu|100\/100\n|-ability|p2a: Did Not Smile Back|Beads of Ruin\n|turn|6\n|inactive|Nitro524 has 270 seconds left.\n|\n|t:|1699636860\n|move|p2a: Did Not Smile Back|Flamethrower|p1a: Landorus\n|-damage|p1a: Landorus|0 fnt\n|faint|p1a: Landorus\n|\n|-weather|SunnyDay|[upkeep]\n|upkeep\n|\n|t:|1699636865\n|switch|p1a: Pelipper|Pelipper, F|100\/100\n|-damage|p1a: Pelipper|76\/100|[from] Stealth Rock\n|-weather|RainDance|[from] ability: Drizzle|[of] p1a: Pelipper\n|turn|7\n|inactive|Nitro524 has 240 seconds left.\n|\n|t:|1699636910\n|switch|p2a: Sitting Sleep|Walking Wake|100\/100\n|move|p1a: Pelipper|U-turn|p2a: Sitting Sleep\n|-damage|p2a: Sitting Sleep|91\/100\n|\n|t:|1699636916\n|switch|p1a: Zacian|Zacian|100\/100|[from] U-turn\n|-ability|p1a: Zacian|Intrepid Sword|boost\n|-boost|p1a: Zacian|atk|1\n|\n|-weather|RainDance|[upkeep]\n|upkeep\n|turn|8\n|inactive|Nitro524 has 210 seconds left.\n|inactive|Nitro524 has 180 seconds left.\n|\n|t:|1699636976\n|-end|p2a: Sitting Sleep|Protosynthesis|[silent]\n|switch|p2a: Arceus|Arceus-Fire|100\/100\n|-terastallize|p1a: Zacian|Grass\n|move|p1a: Zacian|Trailblaze|p2a: Arceus\n|-resisted|p2a: Arceus\n|-damage|p2a: Arceus|84\/100\n|-boost|p1a: Zacian|spe|1\n|\n|-weather|RainDance|[upkeep]\n|upkeep\n|turn|9\n|inactive|Nitro524 has 180 seconds left.\n|\n|t:|1699636993\n|move|p1a: Zacian|Swords Dance|p1a: Zacian\n|-boost|p1a: Zacian|atk|2\n|move|p2a: Arceus|Dragon Dance|p2a: Arceus\n|-boost|p2a: Arceus|atk|1\n|-boost|p2a: Arceus|spe|1\n|\n|-weather|RainDance|[upkeep]\n|upkeep\n|turn|10\n|\n|t:|1699637002\n|move|p1a: Zacian|Close Combat|p2a: Arceus\n|-damage|p2a: Arceus|15\/100\n|-unboost|p1a: Zacian|def|1\n|-unboost|p1a: Zacian|spd|1\n|move|p2a: Arceus|Flare Blitz|p1a: Zacian\n|-supereffective|p1a: Zacian\n|-damage|p1a: Zacian|0 fnt\n|faint|p1a: Zacian\n|-damage|p2a: Arceus|0 fnt|[from] Recoil\n|faint|p2a: Arceus\n|\n|-weather|RainDance|[upkeep]\n|upkeep\n|inactive|Nitro524 has 180 seconds left.\n|\n|t:|1699637018\n|switch|p1a: Palafin|Palafin, M|100\/100\n|switch|p2a: Cecil|Torkoal, M|27\/100\n|-damage|p1a: Palafin|88\/100|[from] Stealth Rock\n|-weather|SunnyDay|[from] ability: Drought|[of] p2a: Cecil\n|turn|11\n|\n|t:|1699637032\n|switch|p2a: Sitting Sleep|Walking Wake|91\/100\n|-activate|p2a: Sitting Sleep|ability: Protosynthesis\n|-start|p2a: Sitting Sleep|protosynthesisspe\n|move|p1a: Palafin|Flip Turn|p2a: Sitting Sleep\n|-resisted|p2a: Sitting Sleep\n|-damage|p2a: Sitting Sleep|86\/100\n|\n|t:|1699637039\n|detailschange|p1a: Palafin|Palafin-Hero, M\n|switch|p1a: Pelipper|Pelipper, F|76\/100|[from] Flip Turn\n|-damage|p1a: Pelipper|51\/100|[from] Stealth Rock\n|-weather|RainDance|[from] ability: Drizzle|[of] p1a: Pelipper\n|-end|p2a: Sitting Sleep|Protosynthesis\n|\n|-weather|RainDance|[upkeep]\n|upkeep\n|turn|12\n|inactive|Nitro524 has 180 seconds left.\n|\n|t:|1699637061\n|move|p2a: Sitting Sleep|Hydro Steam|p1a: Pelipper\n|-resisted|p1a: Pelipper\n|-damage|p1a: Pelipper|0 fnt\n|faint|p1a: Pelipper\n|\n|-weather|RainDance|[upkeep]\n|upkeep\n|\n|t:|1699637068\n|switch|p1a: Palafin|Palafin-Hero, M|88\/100\n|-damage|p1a: Palafin|76\/100|[from] Stealth Rock\n|-activate|p1a: Palafin|ability: Zero to Hero\n|turn|13\n|\n|t:|1699637075\n|-end|p2a: Sitting Sleep|Protosynthesis|[silent]\n|switch|p2a: Cecil|Torkoal, M|27\/100\n|-weather|SunnyDay|[from] ability: Drought|[of] p2a: Cecil\n|move|p1a: Palafin|Close Combat|p2a: Cecil\n|-damage|p2a: Cecil|0 fnt\n|-unboost|p1a: Palafin|def|1\n|-unboost|p1a: Palafin|spd|1\n|faint|p2a: Cecil\n|\n|-weather|SunnyDay|[upkeep]\n|upkeep\n|\n|t:|1699637086\n|switch|p2a: Sitting Sleep|Walking Wake|86\/100\n|-activate|p2a: Sitting Sleep|ability: Protosynthesis\n|-start|p2a: Sitting Sleep|protosynthesisspe\n|turn|14\n|inactive|Nitro524 has 150 seconds left.\n|\n|t:|1699637120\n|switch|p1a: Thundurus|Thundurus-Therian, M|100\/100\n|-damage|p1a: Thundurus|76\/100|[from] Stealth Rock\n|move|p2a: Sitting Sleep|Draco Meteor|p1a: Thundurus\n|-damage|p1a: Thundurus|0 fnt\n|-unboost|p2a: Sitting Sleep|spa|2\n|faint|p1a: Thundurus\n|\n|-weather|SunnyDay|[upkeep]\n|upkeep\n|\n|t:|1699637126\n|switch|p1a: Palafin|Palafin-Hero, M|76\/100\n|-damage|p1a: Palafin|63\/100|[from] Stealth Rock\n|turn|15\n|\n|t:|1699637134\n|move|p1a: Palafin|Jet Punch|p2a: Sitting Sleep\n|-resisted|p2a: Sitting Sleep\n|-damage|p2a: Sitting Sleep|78\/100\n|move|p2a: Sitting Sleep|Draco Meteor|p1a: Palafin\n|-damage|p1a: Palafin|14\/100\n|-unboost|p2a: Sitting Sleep|spa|2\n|\n|-weather|SunnyDay|[upkeep]\n|upkeep\n|turn|16\n|c|\u2606Nitro524|ggs\n|c|\u2606I9821943813dws|gg\n|-message|I9821943813dws forfeited.\n|\n|win|Nitro524\n|l| rutriyououiyiyuyt\n|j| rutriyououiyiyuyt\n|l| rutriyououiyiyuyt\n","uploadtime":1699637150,"views":42,"p1id":"i9821943813dws","p2id":"nitro524","formatid":"gen9ubers","rating":0,"private":0,"password":""}