{"id":"gen9ubers-1978547153","p1":"leonissenbaum","p2":"Laprasrules12","format":"[Gen 9] Ubers","log":"|j|\u2606leonissenbaum\n|j|\u2606Laprasrules12\n|t:|1698553906\n|gametype|singles\n|player|p1|leonissenbaum|leon|\n|player|p2|Laprasrules12|lusamine-nihilego|\n|teamsize|p1|6\n|teamsize|p2|6\n|gen|9\n|tier|[Gen 9] Ubers\n|rule|Sleep Clause Mod: Limit one foe put to sleep\n|rule|Species Clause: Limit one of each Pok\u00e9mon\n|rule|OHKO Clause: OHKO moves are banned\n|rule|Evasion Items Clause: Evasion items are banned\n|rule|Evasion Moves Clause: Evasion moves are banned\n|rule|Endless Battle Clause: Forcing endless battles is banned\n|rule|HP Percentage Mod: HP is shown in percentages\n|clearpoke\n|poke|p1|Giratina|\n|poke|p1|Gliscor, F|\n|poke|p1|Blissey, F|\n|poke|p1|Dondozo, F|\n|poke|p1|Clefable, F|\n|poke|p1|Espeon, F|\n|poke|p2|Arceus-Fighting|\n|poke|p2|Espathra, F|\n|poke|p2|Zacian-*|\n|poke|p2|Palkia-Origin|\n|poke|p2|Cyclizar, F|\n|poke|p2|Magearna-Original|\n|teampreview\n|inactive|Battle timer is ON: inactive players will automatically lose when time's up. (requested by Laprasrules12)\n|c|\u2606leonissenbaum|gl!\n|\n|t:|1698553927\n|start\n|switch|p1a: Gliscor|Gliscor, F|100\/100\n|switch|p2a: Say Gex|Cyclizar, F, shiny|100\/100\n|turn|1\n|\n|t:|1698553934\n|move|p1a: Gliscor|Protect|p1a: Gliscor\n|-singleturn|p1a: Gliscor|Protect\n|move|p2a: Say Gex|Shed Tail|p2a: Say Gex\n|-start|p2a: Say Gex|Substitute|[from] move: Shed Tail\n|-damage|p2a: Say Gex|50\/100\n|\n|t:|1698553938\n|switch|p2a: Cleopatra|Espathra, F, shiny|100\/100|[from] Shed Tail\n|\n|-status|p1a: Gliscor|tox|[from] item: Toxic Orb\n|upkeep\n|turn|2\n|\n|t:|1698553945\n|switch|p1a: Clefable|Clefable, F|100\/100\n|move|p2a: Cleopatra|Calm Mind|p2a: Cleopatra\n|-boost|p2a: Cleopatra|spa|1\n|-boost|p2a: Cleopatra|spd|1\n|\n|-ability|p2a: Cleopatra|Speed Boost|boost\n|-boost|p2a: Cleopatra|spe|1\n|upkeep\n|turn|3\n|j| vespyyy\n|\n|t:|1698553958\n|-terastallize|p2a: Cleopatra|Fighting\n|move|p2a: Cleopatra|Tera Blast|p1a: Clefable|[anim] Tera Blast Fighting\n|-resisted|p1a: Clefable\n|-damage|p1a: Clefable|88\/100\n|move|p1a: Clefable|Calm Mind|p1a: Clefable\n|-boost|p1a: Clefable|spa|1\n|-boost|p1a: Clefable|spd|1\n|\n|-heal|p1a: Clefable|94\/100|[from] item: Leftovers\n|-ability|p2a: Cleopatra|Speed Boost|boost\n|-boost|p2a: Cleopatra|spe|1\n|upkeep\n|turn|4\n|j| iroeweuio\n|c|\u2606Laprasrules12|Damn\n|\n|t:|1698553967\n|move|p2a: Cleopatra|Stored Power|p1a: Clefable\n|-damage|p1a: Clefable|73\/100\n|move|p1a: Clefable|Moonblast|p2a: Cleopatra\n|-supereffective|p2a: Cleopatra\n|-end|p2a: Cleopatra|Substitute\n|\n|-heal|p1a: Clefable|79\/100|[from] item: Leftovers\n|-ability|p2a: Cleopatra|Speed Boost|boost\n|-boost|p2a: Cleopatra|spe|1\n|upkeep\n|turn|5\n|\n|t:|1698553979\n|switch|p2a: Pok\u00e9ball|Magearna-Original|100\/100\n|move|p1a: Clefable|Moonblast|p2a: Pok\u00e9ball\n|-resisted|p2a: Pok\u00e9ball\n|-damage|p2a: Pok\u00e9ball|86\/100\n|\n|-heal|p2a: Pok\u00e9ball|92\/100|[from] item: Leftovers\n|-heal|p1a: Clefable|85\/100|[from] item: Leftovers\n|upkeep\n|turn|6\n|l| vespyyy\n|\n|t:|1698553987\n|switch|p2a: The Horse|Palkia-Origin, shiny|100\/100\n|-ability|p2a: The Horse|Pressure\n|switch|p1a: Espeon|Espeon, F|100\/100\n|\n|upkeep\n|turn|7\n|\n|t:|1698553995\n|switch|p1a: Blissey|Blissey, F|100\/100\n|move|p2a: The Horse|Substitute|p2a: The Horse\n|-start|p2a: The Horse|Substitute\n|-damage|p2a: The Horse|76\/100\n|\n|upkeep\n|turn|8\n|\n|t:|1698553997\n|move|p2a: The Horse|Hydro Pump|p1a: Blissey\n|-damage|p1a: Blissey|77\/100\n|move|p1a: Blissey|Stealth Rock|p2a: The Horse\n|-sidestart|p2: Laprasrules12|move: Stealth Rock\n|\n|-heal|p1a: Blissey|83\/100|[from] item: Leftovers\n|upkeep\n|turn|9\n|\n|t:|1698554003\n|switch|p2a: Sif|Zacian, shiny|100\/100\n|-damage|p2a: Sif|88\/100|[from] Stealth Rock\n|-ability|p2a: Sif|Intrepid Sword|boost\n|-boost|p2a: Sif|atk|1\n|move|p1a: Blissey|Seismic Toss|p2a: Sif\n|-damage|p2a: Sif|57\/100\n|\n|-heal|p1a: Blissey|89\/100|[from] item: Leftovers\n|upkeep\n|turn|10\n|\n|t:|1698554011\n|switch|p1a: Dondozo|Dondozo, F|100\/100\n|move|p2a: Sif|Wild Charge|p1a: Dondozo\n|-supereffective|p1a: Dondozo\n|-damage|p1a: Dondozo|69\/100\n|-damage|p2a: Sif|41\/100|[from] item: Rocky Helmet|[of] p1a: Dondozo\n|-damage|p2a: Sif|29\/100|[from] Recoil\n|-damage|p2a: Sif|19\/100|[from] item: Life Orb\n|\n|upkeep\n|turn|11\n|\n|t:|1698554017\n|move|p2a: Sif|Wild Charge|p1a: Dondozo\n|-supereffective|p1a: Dondozo\n|-damage|p1a: Dondozo|37\/100\n|-damage|p2a: Sif|2\/100|[from] item: Rocky Helmet|[of] p1a: Dondozo\n|-damage|p2a: Sif|0 fnt|[from] Recoil\n|faint|p2a: Sif\n|move|p1a: Dondozo|Rest|p1a: Dondozo\n|-status|p1a: Dondozo|slp|[from] move: Rest\n|-heal|p1a: Dondozo|100\/100 slp|[silent]\n|\n|upkeep\n|\n|t:|1698554020\n|switch|p2a: Cleopatra|Espathra, F, shiny, tera:Fighting|100\/100\n|-damage|p2a: Cleopatra|94\/100|[from] Stealth Rock\n|turn|12\n|\n|t:|1698554029\n|switch|p1a: Clefable|Clefable, F|85\/100\n|move|p2a: Cleopatra|Calm Mind|p2a: Cleopatra\n|-boost|p2a: Cleopatra|spa|1\n|-boost|p2a: Cleopatra|spd|1\n|\n|-heal|p2a: Cleopatra|100\/100|[from] item: Leftovers\n|-heal|p1a: Clefable|91\/100|[from] item: Leftovers\n|-ability|p2a: Cleopatra|Speed Boost|boost\n|-boost|p2a: Cleopatra|spe|1\n|upkeep\n|turn|13\n|\n|t:|1698554046\n|move|p2a: Cleopatra|Stored Power|p1a: Clefable\n|-damage|p1a: Clefable|67\/100\n|move|p1a: Clefable|Calm Mind|p1a: Clefable\n|-boost|p1a: Clefable|spa|1\n|-boost|p1a: Clefable|spd|1\n|\n|-heal|p1a: Clefable|73\/100|[from] item: Leftovers\n|-ability|p2a: Cleopatra|Speed Boost|boost\n|-boost|p2a: Cleopatra|spe|1\n|upkeep\n|turn|14\n|\n|t:|1698554050\n|move|p2a: Cleopatra|Calm Mind|p2a: Cleopatra\n|-boost|p2a: Cleopatra|spa|1\n|-boost|p2a: Cleopatra|spd|1\n|move|p1a: Clefable|Moonblast|p2a: Cleopatra\n|-supereffective|p2a: Cleopatra\n|-damage|p2a: Cleopatra|0 fnt\n|faint|p2a: Cleopatra\n|\n|-heal|p1a: Clefable|79\/100|[from] item: Leftovers\n|upkeep\n|c|\u2606Laprasrules12|I guess I shouldn't fight both ya and pink at the same time lil\n|c|\u2606leonissenbaum|lmao\n|inactive|Laprasrules12 has 270 seconds left.\n|\n|t:|1698554100\n|switch|p2a: Say Gex|Cyclizar, F, shiny|84\/100\n|-damage|p2a: Say Gex|71\/100|[from] Stealth Rock\n|turn|15\n|\n|t:|1698554110\n|switch|p1a: Giratina|Giratina, shiny|100\/100\n|-ability|p1a: Giratina|Pressure\n|move|p2a: Say Gex|Shed Tail|p2a: Say Gex\n|-start|p2a: Say Gex|Substitute|[from] move: Shed Tail\n|-damage|p2a: Say Gex|21\/100\n|\n|t:|1698554114\n|switch|p2a: The Horse|Palkia-Origin, shiny|76\/100|[from] Shed Tail\n|-damage|p2a: The Horse|63\/100|[from] Stealth Rock\n|-ability|p2a: The Horse|Pressure\n|\n|upkeep\n|turn|16\n|\n|t:|1698554120\n|switch|p1a: Blissey|Blissey, F|89\/100\n|move|p2a: The Horse|Spacial Rend|p1a: Blissey\n|-damage|p1a: Blissey|67\/100\n|\n|-heal|p1a: Blissey|73\/100|[from] item: Leftovers\n|upkeep\n|turn|17\n|j| Pajoomas!\n|inactive|Laprasrules12 has 270 seconds left.\n|\n|t:|1698554147\n|move|p2a: The Horse|Flamethrower|p1a: Blissey\n|-damage|p1a: Blissey|63\/100\n|move|p1a: Blissey|Seismic Toss|p2a: The Horse\n|-end|p2a: The Horse|Substitute\n|\n|-heal|p1a: Blissey|69\/100|[from] item: Leftovers\n|upkeep\n|turn|18\n|\n|t:|1698554152\n|move|p2a: The Horse|Hydro Pump|p1a: Blissey\n|-damage|p1a: Blissey|45\/100\n|move|p1a: Blissey|Seismic Toss|p2a: The Horse\n|-damage|p2a: The Horse|32\/100\n|\n|-heal|p1a: Blissey|51\/100|[from] item: Leftovers\n|upkeep\n|turn|19\n|\n|t:|1698554160\n|switch|p2a: Kratos|Arceus-Fighting, shiny|100\/100\n|-damage|p2a: Kratos|94\/100|[from] Stealth Rock\n|move|p1a: Blissey|Soft-Boiled|p1a: Blissey\n|-heal|p1a: Blissey|100\/100\n|\n|upkeep\n|turn|20\n|\n|t:|1698554170\n|switch|p1a: Gliscor|Gliscor, F|100\/100 tox\n|move|p2a: Kratos|Cosmic Power|p2a: Kratos\n|-boost|p2a: Kratos|def|1\n|-boost|p2a: Kratos|spd|1\n|\n|upkeep\n|turn|21\n|\n|t:|1698554183\n|move|p2a: Kratos|Body Press|p1a: Gliscor\n|-resisted|p1a: Gliscor\n|-damage|p1a: Gliscor|75\/100 tox\n|move|p1a: Gliscor|Toxic Spikes|p2a: Kratos\n|-sidestart|p2: Laprasrules12|move: Toxic Spikes\n|\n|-heal|p1a: Gliscor|87\/100 tox|[from] ability: Poison Heal\n|upkeep\n|turn|22\n|\n|t:|1698554195\n|move|p2a: Kratos|Stored Power|p1a: Gliscor\n|-damage|p1a: Gliscor|73\/100 tox\n|move|p1a: Gliscor|Toxic Spikes|p2a: Kratos\n|-sidestart|p2: Laprasrules12|move: Toxic Spikes\n|\n|-heal|p1a: Gliscor|86\/100 tox|[from] ability: Poison Heal\n|upkeep\n|turn|23\n|\n|t:|1698554199\n|move|p2a: Kratos|Cosmic Power|p2a: Kratos\n|-boost|p2a: Kratos|def|1\n|-boost|p2a: Kratos|spd|1\n|move|p1a: Gliscor|Spikes|p2a: Kratos\n|-sidestart|p2: Laprasrules12|Spikes\n|\n|-heal|p1a: Gliscor|98\/100 tox|[from] ability: Poison Heal\n|upkeep\n|turn|24\n|\n|t:|1698554202\n|move|p2a: Kratos|Cosmic Power|p2a: Kratos\n|-boost|p2a: Kratos|def|1\n|-boost|p2a: Kratos|spd|1\n|move|p1a: Gliscor|Spikes|p2a: Kratos\n|-sidestart|p2: Laprasrules12|Spikes\n|\n|-heal|p1a: Gliscor|100\/100 tox|[from] ability: Poison Heal\n|upkeep\n|turn|25\n|\n|t:|1698554212\n|move|p2a: Kratos|Cosmic Power|p2a: Kratos\n|-boost|p2a: Kratos|def|1\n|-boost|p2a: Kratos|spd|1\n|move|p1a: Gliscor|Spikes|p2a: Kratos\n|-sidestart|p2: Laprasrules12|Spikes\n|\n|upkeep\n|turn|26\n|\n|t:|1698554217\n|switch|p1a: Giratina|Giratina, shiny|100\/100\n|-ability|p1a: Giratina|Pressure\n|move|p2a: Kratos|Stored Power|p1a: Giratina\n|-damage|p1a: Giratina|78\/100\n|\n|-heal|p1a: Giratina|84\/100|[from] item: Leftovers\n|upkeep\n|turn|27\n|c| Pajoomas!|22...\n|\n|t:|1698554237\n|move|p2a: Kratos|Stored Power|p1a: Giratina\n|-damage|p1a: Giratina|65\/100\n|move|p1a: Giratina|Thunder Wave|p2a: Kratos\n|-status|p2a: Kratos|par\n|\n|-heal|p1a: Giratina|71\/100|[from] item: Leftovers\n|upkeep\n|turn|28\n|\n|t:|1698554241\n|cant|p2a: Kratos|par\n|move|p1a: Giratina|Roar|p2a: Kratos\n|drag|p2a: Pok\u00e9ball|Magearna-Original|92\/100\n|-damage|p2a: Pok\u00e9ball|86\/100|[from] Stealth Rock\n|-damage|p2a: Pok\u00e9ball|61\/100|[from] Spikes\n|\n|-heal|p1a: Giratina|78\/100|[from] item: Leftovers\n|-heal|p2a: Pok\u00e9ball|67\/100|[from] item: Leftovers\n|upkeep\n|turn|29\n|\n|t:|1698554251\n|switch|p1a: Espeon|Espeon, F|100\/100\n|move|p2a: Pok\u00e9ball|Thunder Wave|p1a: Espeon\n|move|p1a: Espeon|Thunder Wave|p2a: Pok\u00e9ball|[from]ability: Magic Bounce\n|-status|p2a: Pok\u00e9ball|par\n|\n|-heal|p2a: Pok\u00e9ball|73\/100 par|[from] item: Leftovers\n|upkeep\n|turn|30\n|\n|t:|1698554260\n|move|p1a: Espeon|Trick|p2a: Pok\u00e9ball\n|-activate|p1a: Espeon|move: Trick|[of] p2a: Pok\u00e9ball\n|-item|p2a: Pok\u00e9ball|Choice Scarf|[from] move: Trick\n|-item|p1a: Espeon|Leftovers|[from] move: Trick\n|move|p2a: Pok\u00e9ball|Volt Switch|p1a: Espeon\n|-damage|p1a: Espeon|86\/100\n|\n|t:|1698554262\n|switch|p2a: Say Gex|Cyclizar, F, shiny|54\/100|[from] Volt Switch\n|-damage|p2a: Say Gex|42\/100|[from] Stealth Rock\n|-status|p2a: Say Gex|tox\n|-damage|p2a: Say Gex|17\/100 tox|[from] Spikes\n|\n|-heal|p1a: Espeon|92\/100|[from] item: Leftovers\n|-damage|p2a: Say Gex|11\/100 tox|[from] psn\n|upkeep\n|turn|31\n|\n|t:|1698554271\n|switch|p1a: Giratina|Giratina, shiny|78\/100\n|-ability|p1a: Giratina|Pressure\n|move|p2a: Say Gex|Draco Meteor|p1a: Giratina\n|-supereffective|p1a: Giratina\n|-crit|p1a: Giratina\n|-damage|p1a: Giratina|29\/100\n|-unboost|p2a: Say Gex|spa|2\n|\n|-heal|p1a: Giratina|35\/100|[from] item: Leftovers\n|-damage|p2a: Say Gex|0 fnt|[from] psn\n|faint|p2a: Say Gex\n|upkeep\n|c|\u2606Laprasrules12|No im sorry i cant fight both at the same time\n|-message|Laprasrules12 forfeited.\n|\n|win|leonissenbaum\n|l|\u2606Laprasrules12\n|c|\u2606leonissenbaum|lmao rip\n","uploadtime":1698554304,"views":16,"p1id":"leonissenbaum","p2id":"laprasrules12","formatid":"gen9ubers","rating":0,"private":0,"password":""}