{"id":"gen9ubers-1972750879","p1":"i \u2764\ufe0f gangu","p2":"Future king of ou","format":"[Gen 9] Ubers","log":"|j|\u2606i \u2764\ufe0f gangu\n|j|\u2606Future king of ou\n|t:|1697889588\n|gametype|singles\n|player|p1|i \u2764\ufe0f gangu|266|\n|player|p2|Future king of ou|clair|\n|teamsize|p1|6\n|teamsize|p2|6\n|gen|9\n|tier|[Gen 9] Ubers\n|rated|Tournament battle\n|rule|Sleep Clause Mod: Limit one foe put to sleep\n|rule|Species Clause: Limit one of each Pok\u00e9mon\n|rule|OHKO Clause: OHKO moves are banned\n|rule|Evasion Items Clause: Evasion items are banned\n|rule|Evasion Moves Clause: Evasion moves are banned\n|rule|Endless Battle Clause: Forcing endless battles is banned\n|rule|HP Percentage Mod: HP is shown in percentages\n|clearpoke\n|poke|p1|Corviknight, F|\n|poke|p1|Blissey, F|\n|poke|p1|Eternatus|\n|poke|p1|Giratina|\n|poke|p1|Dondozo, F|\n|poke|p1|Arceus-Fairy|\n|poke|p2|Kyogre|\n|poke|p2|Koraidon|\n|poke|p2|Miraidon|\n|poke|p2|Skeledirge, M|\n|poke|p2|Blissey, F|\n|poke|p2|Alomomola, F|\n|teampreview\n|j|+OreoSpeedruns\n|j| ZowwyCafe\u2764\n|j| laprasplayer\n|j|+Stallion\n|c|\u2606Future king of ou|Hf\n|j|+RichardMillePlain\n|c|\u2606i \u2764\ufe0f gangu|hfhfhfhfhhfhf\n|c|\u2606i \u2764\ufe0f gangu|the actfish showdown\n|c|\u2606Future king of ou|Ngl\n|c|\u2606Future king of ou|That reminds me of the\n|c|\u2606Future king of ou|Natdex Ubers\n|c|\u2606Future king of ou|Stall\n|c|\u2606Future king of ou|A bit\n|j| eavo\u00b1\n|j| Time is over\n|c| laprasplayer|mf said hf when hes using stall\n|c|\u2606i \u2764\ufe0f gangu|oh the one from hamster\n|c|\u2606i \u2764\ufe0f gangu|?\n|c| eavo\u00b1|The ACTF\u0130SH stall\n|\n|t:|1697889642\n|start\n|switch|p1a: Eternatus|Eternatus|100\/100\n|switch|p2a: Kyogre|Kyogre|100\/100\n|-ability|p1a: Eternatus|Pressure\n|-weather|RainDance|[from] ability: Drizzle|[of] p2a: Kyogre\n|turn|1\n|c|\u2606i \u2764\ufe0f gangu|i love the hamster stall\n|\n|t:|1697889650\n|move|p1a: Eternatus|Substitute|p1a: Eternatus\n|-start|p1a: Eternatus|Substitute\n|-damage|p1a: Eternatus|76\/100\n|move|p2a: Kyogre|Ice Beam|p1a: Eternatus\n|-supereffective|p1a: Eternatus\n|-crit|p1a: Eternatus\n|-end|p1a: Eternatus|Substitute\n|\n|-weather|RainDance|[upkeep]\n|-heal|p1a: Eternatus|82\/100|[from] item: Leftovers\n|upkeep\n|turn|2\n|c| eavo\u00b1|Hamster\n|\n|t:|1697889654\n|switch|p1a: Blissey|Blissey, F|100\/100\n|switch|p2a: Koraidon|Koraidon|100\/100\n|-weather|SunnyDay|[from] ability: Orichalcum Pulse|[of] p2a: Koraidon\n|-activate|p2a: Koraidon|Orichalcum Pulse|[source]\n|\n|-weather|SunnyDay|[upkeep]\n|upkeep\n|turn|3\n|j|%shrang\n|\n|t:|1697889661\n|switch|p1a: Giratina|Giratina|100\/100\n|-ability|p1a: Giratina|Pressure\n|move|p2a: Koraidon|Flare Blitz|p1a: Giratina\n|-resisted|p1a: Giratina\n|-crit|p1a: Giratina\n|-damage|p1a: Giratina|57\/100\n|-damage|p2a: Koraidon|79\/100|[from] Recoil\n|\n|-weather|SunnyDay|[upkeep]\n|-heal|p1a: Giratina|63\/100|[from] item: Leftovers\n|upkeep\n|turn|4\n|\n|t:|1697889671\n|switch|p2a: Alomomola|Alomomola, F|100\/100\n|move|p1a: Giratina|Substitute|p1a: Giratina\n|-start|p1a: Giratina|Substitute\n|-damage|p1a: Giratina|38\/100\n|\n|-weather|SunnyDay|[upkeep]\n|-heal|p1a: Giratina|44\/100|[from] item: Leftovers\n|upkeep\n|turn|5\n|\n|t:|1697889675\n|move|p1a: Giratina|Will-O-Wisp|p2a: Alomomola\n|-status|p2a: Alomomola|brn\n|move|p2a: Alomomola|Wish|p2a: Alomomola\n|\n|-weather|SunnyDay|[upkeep]\n|-heal|p1a: Giratina|50\/100|[from] item: Leftovers\n|-damage|p2a: Alomomola|94\/100 brn|[from] brn\n|upkeep\n|turn|6\n|\n|t:|1697889683\n|move|p1a: Giratina|Will-O-Wisp|p2a: Alomomola\n|-fail|p2a: Alomomola|brn\n|move|p2a: Alomomola|Scald|p1a: Giratina\n|-resisted|p1a: Giratina\n|-activate|p1a: Giratina|move: Substitute|[damage]\n|\n|-weather|none\n|-heal|p2a: Alomomola|100\/100 brn|[from] move: Wish|[wisher] Alomomola\n|-heal|p1a: Giratina|56\/100|[from] item: Leftovers\n|-damage|p2a: Alomomola|94\/100 brn|[from] brn\n|upkeep\n|turn|7\n|\n|t:|1697889687\n|move|p1a: Giratina|Will-O-Wisp|p2a: Alomomola\n|-fail|p2a: Alomomola|brn\n|move|p2a: Alomomola|Wish|p2a: Alomomola\n|\n|-heal|p1a: Giratina|63\/100|[from] item: Leftovers\n|-damage|p2a: Alomomola|88\/100 brn|[from] brn\n|upkeep\n|turn|8\n|l|%shrang\n|\n|t:|1697889693\n|switch|p2a: Skeledirge|Skeledirge, M|100\/100\n|move|p1a: Giratina|Will-O-Wisp|p2a: Skeledirge\n|-immune|p2a: Skeledirge\n|\n|-heal|p1a: Giratina|69\/100|[from] item: Leftovers\n|upkeep\n|turn|9\n|\n|t:|1697889697\n|move|p1a: Giratina|Protect|p1a: Giratina\n|-singleturn|p1a: Giratina|Protect\n|move|p2a: Skeledirge|Torch Song|p1a: Giratina\n|-activate|p1a: Giratina|move: Protect\n|\n|-heal|p1a: Giratina|75\/100|[from] item: Leftovers\n|upkeep\n|turn|10\n|\n|t:|1697889702\n|move|p1a: Giratina|Will-O-Wisp|p2a: Skeledirge\n|-immune|p2a: Skeledirge\n|move|p2a: Skeledirge|Hex|p1a: Giratina\n|-supereffective|p1a: Giratina\n|-crit|p1a: Giratina\n|-end|p1a: Giratina|Substitute\n|\n|-heal|p1a: Giratina|81\/100|[from] item: Leftovers\n|upkeep\n|turn|11\n|c|\u2606i \u2764\ufe0f gangu|;-;\n|\n|t:|1697889712\n|move|p1a: Giratina|Protect|p1a: Giratina\n|-singleturn|p1a: Giratina|Protect\n|move|p2a: Skeledirge|Hex|p1a: Giratina\n|-activate|p1a: Giratina|move: Protect\n|\n|-heal|p1a: Giratina|87\/100|[from] item: Leftovers\n|upkeep\n|turn|12\n|\n|t:|1697889715\n|switch|p2a: Miraidon|Miraidon|100\/100\n|-fieldstart|move: Electric Terrain|[from] ability: Hadron Engine|[of] p2a: Miraidon\n|move|p1a: Giratina|Substitute|p1a: Giratina\n|-start|p1a: Giratina|Substitute\n|-damage|p1a: Giratina|62\/100\n|\n|-heal|p1a: Giratina|68\/100|[from] item: Leftovers\n|upkeep\n|turn|13\n|\n|t:|1697889718\n|move|p1a: Giratina|Protect|p1a: Giratina\n|-singleturn|p1a: Giratina|Protect\n|move|p2a: Miraidon|Electro Drift|p1a: Giratina\n|-activate|p1a: Giratina|move: Protect\n|\n|-heal|p1a: Giratina|75\/100|[from] item: Leftovers\n|upkeep\n|turn|14\n|\n|t:|1697889720\n|move|p2a: Miraidon|Electro Drift|p1a: Giratina\n|-resisted|p1a: Giratina\n|-end|p1a: Giratina|Substitute\n|move|p1a: Giratina|Will-O-Wisp|p2a: Miraidon\n|-status|p2a: Miraidon|brn\n|\n|-heal|p1a: Giratina|81\/100|[from] item: Leftovers\n|-damage|p2a: Miraidon|94\/100 brn|[from] brn\n|upkeep\n|turn|15\n|\n|t:|1697889724\n|move|p1a: Giratina|Protect|p1a: Giratina\n|-singleturn|p1a: Giratina|Protect\n|move|p2a: Miraidon|Electro Drift|p1a: Giratina\n|-activate|p1a: Giratina|move: Protect\n|\n|-heal|p1a: Giratina|87\/100|[from] item: Leftovers\n|-damage|p2a: Miraidon|88\/100 brn|[from] brn\n|upkeep\n|turn|16\n|\n|t:|1697889736\n|switch|p2a: Blissey|Blissey, F|100\/100\n|switch|p1a: Blissey|Blissey, F|100\/100\n|\n|-fieldend|move: Electric Terrain\n|upkeep\n|turn|17\n|c| laprasplayer|that pressure stall actually goes kinda hard\n|\n|t:|1697889740\n|move|p1a: Blissey|Stealth Rock|p2a: Blissey\n|-sidestart|p2: Future king of ou|move: Stealth Rock\n|move|p2a: Blissey|Heal Bell|p2a: Blissey\n|-activate|p2a: Blissey|move: Heal Bell\n|-curestatus|p2: Alomomola|brn|[msg]\n|-curestatus|p2: Miraidon|brn|[msg]\n|\n|upkeep\n|turn|18\n|c|\u2606i \u2764\ufe0f gangu|ikr\n|\n|t:|1697889754\n|switch|p1a: Giratina|Giratina|87\/100\n|-ability|p1a: Giratina|Pressure\n|switch|p2a: Kyogre|Kyogre|100\/100\n|-damage|p2a: Kyogre|88\/100|[from] Stealth Rock\n|-weather|RainDance|[from] ability: Drizzle|[of] p2a: Kyogre\n|\n|-weather|RainDance|[upkeep]\n|-heal|p1a: Giratina|93\/100|[from] item: Leftovers\n|upkeep\n|turn|19\n|\n|t:|1697889759\n|-terastallize|p2a: Kyogre|Water\n|move|p1a: Giratina|Protect|p1a: Giratina\n|-singleturn|p1a: Giratina|Protect\n|move|p2a: Kyogre|Water Spout|p1a: Giratina\n|-activate|p1a: Giratina|move: Protect\n|\n|-weather|RainDance|[upkeep]\n|-heal|p1a: Giratina|99\/100|[from] item: Leftovers\n|upkeep\n|turn|20\n|c|\u2606i \u2764\ufe0f gangu|grrrr\n|c| eavo\u00b1|:GRR:\n|c| ZowwyCafe\u2764|OwO\n|c|\u2606i \u2764\ufe0f gangu|i have to pp stall this guy\n|c|\u2606Future king of ou|you can't pp stall me\n|c| eavo\u00b1|zowwycafe did you give fkoo your team or something lol\n|c|\u2606Future king of ou|If I forfeit\n|c| ZowwyCafe\u2764|:skull: no\n|c| eavo\u00b1|they look similar\n|c| ZowwyCafe\u2764|yea a bit\n|c|\u2606i \u2764\ufe0f gangu|zowwy is the goat\n|j| GeniusFromHoenn\n|c| ZowwyCafe\u2764|fake qwq\n|c|\u2606i \u2764\ufe0f gangu|she doesnt use shitdirge\n|c| eavo\u00b1|dirge in rain goes very hard tho\n|c| laprasplayer|Fr real ones always use dozo\/pex\/mola\n|inactive|Battle timer is ON: inactive players will automatically lose when time's up. (requested by Future king of ou)\n|j| mitana\n|c|\u2606i \u2764\ufe0f gangu|252+ SpA Choice Specs Tera Water Kyogre Water Spout (150 BP) vs. 80 HP \/ 252 SpD Eternatus in Rain: 367-432 (83.2 - 97.9%) -- guaranteed 2HKO\n|c|\u2606i \u2764\ufe0f gangu|ban this mf\n|c| eavo\u00b1|LOL\n|\n|t:|1697889890\n|move|p2a: Kyogre|Water Spout|p1a: Giratina\n|-resisted|p1a: Giratina\n|-damage|p1a: Giratina|22\/100\n|move|p1a: Giratina|Will-O-Wisp|p2a: Kyogre\n|-status|p2a: Kyogre|brn\n|\n|-weather|RainDance|[upkeep]\n|-heal|p1a: Giratina|28\/100|[from] item: Leftovers\n|-damage|p2a: Kyogre|82\/100 brn|[from] brn\n|upkeep\n|turn|21\n|\n|t:|1697889894\n|move|p1a: Giratina|Protect|p1a: Giratina\n|-singleturn|p1a: Giratina|Protect\n|move|p2a: Kyogre|Water Spout|p1a: Giratina\n|-activate|p1a: Giratina|move: Protect\n|\n|-weather|RainDance|[upkeep]\n|-heal|p1a: Giratina|34\/100|[from] item: Leftovers\n|-damage|p2a: Kyogre|76\/100 brn|[from] brn\n|upkeep\n|turn|22\n|\n|t:|1697889900\n|switch|p1a: Eternatus|Eternatus|82\/100\n|-ability|p1a: Eternatus|Pressure\n|move|p2a: Kyogre|Water Spout|p1a: Eternatus\n|-resisted|p1a: Eternatus\n|-damage|p1a: Eternatus|13\/100\n|\n|-weather|none\n|-heal|p1a: Eternatus|19\/100|[from] item: Leftovers\n|-damage|p2a: Kyogre|70\/100 brn|[from] brn\n|upkeep\n|turn|23\n|\n|t:|1697889907\n|switch|p2a: Miraidon|Miraidon|88\/100\n|-damage|p2a: Miraidon|76\/100|[from] Stealth Rock\n|-fieldstart|move: Electric Terrain|[from] ability: Hadron Engine|[of] p2a: Miraidon\n|move|p1a: Eternatus|Recover|p1a: Eternatus\n|-heal|p1a: Eternatus|69\/100\n|\n|-heal|p1a: Eternatus|76\/100|[from] item: Leftovers\n|upkeep\n|turn|24\n|\n|t:|1697889913\n|switch|p1a: Blissey|Blissey, F|100\/100\n|move|p2a: Miraidon|Draco Meteor|p1a: Blissey\n|-damage|p1a: Blissey|58\/100\n|-unboost|p2a: Miraidon|spa|2\n|\n|upkeep\n|turn|25\n|\n|t:|1697889916\n|switch|p2a: Koraidon|Koraidon|79\/100\n|-damage|p2a: Koraidon|73\/100|[from] Stealth Rock\n|-weather|SunnyDay|[from] ability: Orichalcum Pulse|[of] p2a: Koraidon\n|-activate|p2a: Koraidon|Orichalcum Pulse|[source]\n|move|p1a: Blissey|Soft-Boiled|p1a: Blissey\n|-heal|p1a: Blissey|100\/100\n|\n|-weather|SunnyDay|[upkeep]\n|upkeep\n|turn|26\n|\n|t:|1697889922\n|switch|p1a: Arceus|Arceus-Fairy|100\/100\n|move|p2a: Koraidon|Wild Charge|p1a: Arceus\n|-damage|p1a: Arceus|59\/100\n|-damage|p2a: Koraidon|59\/100|[from] Recoil\n|\n|-weather|SunnyDay|[upkeep]\n|upkeep\n|turn|27\n|j| Main Ubers\n|\n|t:|1697889928\n|switch|p2a: Blissey|Blissey, F|100\/100\n|move|p1a: Arceus|Recover|p1a: Arceus\n|-heal|p1a: Arceus|100\/100\n|\n|-weather|SunnyDay|[upkeep]\n|-fieldend|move: Electric Terrain\n|upkeep\n|turn|28\n|\n|t:|1697889931\n|switch|p1a: Giratina|Giratina|34\/100\n|-ability|p1a: Giratina|Pressure\n|move|p2a: Blissey|Heal Bell|p2a: Blissey\n|-activate|p2a: Blissey|move: Heal Bell\n|-curestatus|p2: Kyogre|brn|[msg]\n|\n|-weather|SunnyDay|[upkeep]\n|-heal|p1a: Giratina|40\/100|[from] item: Leftovers\n|upkeep\n|turn|29\n|\n|t:|1697889935\n|move|p1a: Giratina|Substitute|p1a: Giratina\n|-start|p1a: Giratina|Substitute\n|-damage|p1a: Giratina|15\/100\n|move|p2a: Blissey|Stealth Rock|p1a: Giratina\n|-sidestart|p1: i \u2764\ufe0f gangu|move: Stealth Rock\n|\n|-weather|none\n|-heal|p1a: Giratina|22\/100|[from] item: Leftovers\n|upkeep\n|turn|30\n|\n|t:|1697889938\n|switch|p2a: Alomomola|Alomomola, F|100\/100\n|move|p1a: Giratina|Will-O-Wisp|p2a: Alomomola\n|-status|p2a: Alomomola|brn\n|\n|-heal|p1a: Giratina|28\/100|[from] item: Leftovers\n|-damage|p2a: Alomomola|94\/100 brn|[from] brn\n|upkeep\n|turn|31\n|l| GeniusFromHoenn\n|\n|t:|1697889941\n|move|p1a: Giratina|Will-O-Wisp|p2a: Alomomola|[miss]\n|-miss|p1a: Giratina|p2a: Alomomola\n|move|p2a: Alomomola|Wish|p2a: Alomomola\n|\n|-heal|p1a: Giratina|34\/100|[from] item: Leftovers\n|-damage|p2a: Alomomola|88\/100 brn|[from] brn\n|upkeep\n|turn|32\n|\n|t:|1697889945\n|switch|p2a: Koraidon|Koraidon|59\/100\n|-damage|p2a: Koraidon|53\/100|[from] Stealth Rock\n|-weather|SunnyDay|[from] ability: Orichalcum Pulse|[of] p2a: Koraidon\n|-activate|p2a: Koraidon|Orichalcum Pulse|[source]\n|move|p1a: Giratina|Will-O-Wisp|p2a: Koraidon\n|-status|p2a: Koraidon|brn\n|\n|-weather|SunnyDay|[upkeep]\n|-heal|p2a: Koraidon|100\/100 brn|[from] move: Wish|[wisher] Alomomola\n|-heal|p1a: Giratina|40\/100|[from] item: Leftovers\n|-damage|p2a: Koraidon|94\/100 brn|[from] brn\n|upkeep\n|turn|33\n|\n|t:|1697889948\n|switch|p2a: Blissey|Blissey, F|100\/100\n|move|p1a: Giratina|Will-O-Wisp|p2a: Blissey\n|-status|p2a: Blissey|brn\n|\n|-weather|SunnyDay|[upkeep]\n|-heal|p1a: Giratina|46\/100|[from] item: Leftovers\n|-damage|p2a: Blissey|94\/100 brn|[from] brn\n|upkeep\n|turn|34\n|\n|t:|1697889952\n|move|p1a: Giratina|Substitute|p1a: Giratina\n|-fail|p1a: Giratina|move: Substitute\n|move|p2a: Blissey|Heal Bell|p2a: Blissey\n|-activate|p2a: Blissey|move: Heal Bell\n|-curestatus|p2a: Blissey|brn|[msg]\n|-curestatus|p2: Alomomola|brn|[msg]\n|-curestatus|p2: Koraidon|brn|[msg]\n|\n|-weather|SunnyDay|[upkeep]\n|-heal|p1a: Giratina|52\/100|[from] item: Leftovers\n|upkeep\n|turn|35\n|\n|t:|1697889958\n|switch|p2a: Skeledirge|Skeledirge, M|100\/100\n|move|p1a: Giratina|Substitute|p1a: Giratina\n|-fail|p1a: Giratina|move: Substitute\n|\n|-weather|SunnyDay|[upkeep]\n|-heal|p1a: Giratina|58\/100|[from] item: Leftovers\n|upkeep\n|turn|36\n|\n|t:|1697889961\n|move|p1a: Giratina|Protect|p1a: Giratina\n|-singleturn|p1a: Giratina|Protect\n|move|p2a: Skeledirge|Torch Song|p1a: Giratina\n|-activate|p1a: Giratina|move: Protect\n|\n|-weather|none\n|-heal|p1a: Giratina|65\/100|[from] item: Leftovers\n|upkeep\n|turn|37\n|\n|t:|1697889967\n|move|p1a: Giratina|Substitute|p1a: Giratina\n|-fail|p1a: Giratina|move: Substitute\n|move|p2a: Skeledirge|Torch Song|p1a: Giratina\n|-resisted|p1a: Giratina\n|-damage|p1a: Giratina|55\/100\n|-boost|p2a: Skeledirge|spa|1\n|\n|-heal|p1a: Giratina|62\/100|[from] item: Leftovers\n|upkeep\n|turn|38\n|\n|t:|1697889975\n|switch|p1a: Eternatus|Eternatus|76\/100\n|-damage|p1a: Eternatus|63\/100|[from] Stealth Rock\n|-ability|p1a: Eternatus|Pressure\n|move|p2a: Skeledirge|Will-O-Wisp|p1a: Eternatus\n|-status|p1a: Eternatus|brn\n|\n|-heal|p1a: Eternatus|69\/100 brn|[from] item: Leftovers\n|-damage|p1a: Eternatus|63\/100 brn|[from] brn\n|upkeep\n|turn|39\n|\n|t:|1697889981\n|move|p1a: Eternatus|Recover|p1a: Eternatus\n|-heal|p1a: Eternatus|100\/100 brn\n|move|p2a: Skeledirge|Hex|p1a: Eternatus\n|-damage|p1a: Eternatus|53\/100 brn\n|\n|-heal|p1a: Eternatus|59\/100 brn|[from] item: Leftovers\n|-damage|p1a: Eternatus|53\/100 brn|[from] brn\n|upkeep\n|turn|40\n|\n|t:|1697889983\n|move|p1a: Eternatus|Toxic|p2a: Skeledirge\n|-status|p2a: Skeledirge|tox\n|move|p2a: Skeledirge|Torch Song|p1a: Eternatus\n|-resisted|p1a: Eternatus\n|-damage|p1a: Eternatus|38\/100 brn\n|-boost|p2a: Skeledirge|spa|1\n|\n|-heal|p1a: Eternatus|44\/100 brn|[from] item: Leftovers\n|-damage|p2a: Skeledirge|94\/100 tox|[from] psn\n|-damage|p1a: Eternatus|38\/100 brn|[from] brn\n|upkeep\n|turn|41\n|\n|t:|1697889987\n|move|p1a: Eternatus|Recover|p1a: Eternatus\n|-heal|p1a: Eternatus|88\/100 brn\n|move|p2a: Skeledirge|Hex|p1a: Eternatus\n|-crit|p1a: Eternatus\n|-damage|p1a: Eternatus|0 fnt\n|faint|p1a: Eternatus\n|\n|-damage|p2a: Skeledirge|82\/100 tox|[from] psn\n|upkeep\n|c| eavo\u00b1|ouch.\n|c|\u2606i \u2764\ufe0f gangu|nawwr\n|\n|t:|1697889998\n|switch|p1a: Dondozo|Dondozo, F|100\/100\n|-damage|p1a: Dondozo|88\/100|[from] Stealth Rock\n|turn|42\n|\n|t:|1697890001\n|move|p1a: Dondozo|Protect|p1a: Dondozo\n|-singleturn|p1a: Dondozo|Protect\n|move|p2a: Skeledirge|Will-O-Wisp|p1a: Dondozo\n|-activate|p1a: Dondozo|move: Protect\n|\n|-heal|p1a: Dondozo|94\/100|[from] item: Leftovers\n|-damage|p2a: Skeledirge|64\/100 tox|[from] psn\n|upkeep\n|turn|43\n|\n|t:|1697890006\n|move|p2a: Skeledirge|Slack Off|p2a: Skeledirge\n|-heal|p2a: Skeledirge|100\/100 tox\n|move|p1a: Dondozo|Liquidation|p2a: Skeledirge\n|-supereffective|p2a: Skeledirge\n|-damage|p2a: Skeledirge|67\/100 tox\n|\n|-heal|p1a: Dondozo|99\/100|[from] item: Leftovers\n|-damage|p2a: Skeledirge|43\/100 tox|[from] psn\n|upkeep\n|turn|44\n|c| eavo\u00b1|dirge got mad after u shit talked it\n|c|\u2606i \u2764\ufe0f gangu|true\n|c|\u2606i \u2764\ufe0f gangu|now i lose\n|\n|t:|1697890023\n|switch|p2a: Blissey|Blissey, F|94\/100\n|move|p1a: Dondozo|Protect||[still]\n|-fail|p1a: Dondozo\n|\n|-heal|p1a: Dondozo|100\/100|[from] item: Leftovers\n|upkeep\n|turn|45\n|\n|t:|1697890029\n|switch|p1a: Corviknight|Corviknight, F|100\/100\n|-damage|p1a: Corviknight|88\/100|[from] Stealth Rock\n|-ability|p1a: Corviknight|Pressure\n|move|p2a: Blissey|Heal Bell|p2a: Blissey\n|-activate|p2a: Blissey|move: Heal Bell\n|-curestatus|p2: Skeledirge|tox|[msg]\n|\n|-heal|p1a: Corviknight|94\/100|[from] item: Leftovers\n|upkeep\n|turn|46\n|\n|t:|1697890033\n|switch|p2a: Alomomola|Alomomola, F|100\/100\n|move|p1a: Corviknight|Substitute|p1a: Corviknight\n|-start|p1a: Corviknight|Substitute\n|-damage|p1a: Corviknight|69\/100\n|\n|-heal|p1a: Corviknight|75\/100|[from] item: Leftovers\n|upkeep\n|turn|47\n|\n|t:|1697890035\n|move|p1a: Corviknight|Defog|p2a: Alomomola\n|-unboost|p2a: Alomomola|evasion|1\n|-sideend|p2: Future king of ou|Stealth Rock|[from] move: Defog|[of] p1a: Corviknight\n|-sideend|p1: i \u2764\ufe0f gangu|Stealth Rock|[from] move: Defog|[of] p1a: Corviknight\n|move|p2a: Alomomola|Wish|p2a: Alomomola\n|\n|-heal|p1a: Corviknight|82\/100|[from] item: Leftovers\n|upkeep\n|turn|48\n|\n|t:|1697890040\n|switch|p2a: Skeledirge|Skeledirge, M|43\/100\n|move|p1a: Corviknight|Iron Head|p2a: Skeledirge\n|-resisted|p2a: Skeledirge\n|-damage|p2a: Skeledirge|36\/100\n|\n|-heal|p2a: Skeledirge|100\/100|[from] move: Wish|[wisher] Alomomola\n|-heal|p1a: Corviknight|88\/100|[from] item: Leftovers\n|upkeep\n|turn|49\n|c|\u2606Future king of ou|Dirge didn't let it slide\n|\n|t:|1697890051\n|switch|p1a: Blissey|Blissey, F|100\/100\n|switch|p2a: Kyogre|Kyogre, tera:Water|70\/100\n|-weather|RainDance|[from] ability: Drizzle|[of] p2a: Kyogre\n|\n|-weather|RainDance|[upkeep]\n|upkeep\n|turn|50\n|\n|t:|1697890060\n|move|p2a: Kyogre|Origin Pulse|p1a: Blissey|[miss]\n|-miss|p2a: Kyogre|p1a: Blissey\n|move|p1a: Blissey|Seismic Toss|p2a: Kyogre\n|-damage|p2a: Kyogre|45\/100\n|\n|-weather|RainDance|[upkeep]\n|upkeep\n|turn|51\n|\n|t:|1697890063\n|move|p2a: Kyogre|Origin Pulse|p1a: Blissey\n|-damage|p1a: Blissey|41\/100\n|move|p1a: Blissey|Seismic Toss|p2a: Kyogre\n|-damage|p2a: Kyogre|20\/100\n|\n|-weather|RainDance|[upkeep]\n|upkeep\n|turn|52\n|\n|t:|1697890074\n|switch|p2a: Alomomola|Alomomola, F|100\/100\n|move|p1a: Blissey|Seismic Toss|p2a: Alomomola\n|-damage|p2a: Alomomola|82\/100\n|\n|-weather|RainDance|[upkeep]\n|upkeep\n|turn|53\n|\n|t:|1697890077\n|move|p2a: Alomomola|Scald|p1a: Blissey\n|-damage|p1a: Blissey|35\/100\n|move|p1a: Blissey|Soft-Boiled|p1a: Blissey\n|-heal|p1a: Blissey|85\/100\n|\n|-weather|none\n|upkeep\n|turn|54\n|\n|t:|1697890079\n|move|p2a: Alomomola|Wish|p2a: Alomomola\n|move|p1a: Blissey|Stealth Rock|p2a: Alomomola\n|-sidestart|p2: Future king of ou|move: Stealth Rock\n|\n|upkeep\n|turn|55\n|l| Main Ubers\n|\n|t:|1697890090\n|move|p2a: Alomomola|Flip Turn|p1a: Blissey\n|-damage|p1a: Blissey|67\/100\n|\n|t:|1697890093\n|switch|p2a: Koraidon|Koraidon|94\/100|[from] Flip Turn\n|-damage|p2a: Koraidon|88\/100|[from] Stealth Rock\n|-weather|SunnyDay|[from] ability: Orichalcum Pulse|[of] p2a: Koraidon\n|-activate|p2a: Koraidon|Orichalcum Pulse|[source]\n|move|p1a: Blissey|Seismic Toss|p2a: Koraidon\n|-damage|p2a: Koraidon|59\/100\n|\n|-weather|SunnyDay|[upkeep]\n|-heal|p2a: Koraidon|100\/100|[from] move: Wish|[wisher] Alomomola\n|upkeep\n|turn|56\n|c|\u2606i \u2764\ufe0f gangu|i needed natus\n|c|\u2606i \u2764\ufe0f gangu|nawwr\n|l|\u2606i \u2764\ufe0f gangu\n|inactive|i \u2764\ufe0f gangu disconnected and has a minute to reconnect!\n|player|p1|\n|j| Bananas0\n|l| mitana\n|inactive|i \u2764\ufe0f gangu has 30 seconds to reconnect!\n|j|\u2606i \u2764\ufe0f gangu\n|inactive|i \u2764\ufe0f gangu reconnected and has 110 seconds left.\n|player|p1|i \u2764\ufe0f gangu|266\n|\n|t:|1697890144\n|switch|p1a: Giratina|Giratina|62\/100\n|-ability|p1a: Giratina|Pressure\n|move|p2a: Koraidon|Flare Blitz|p1a: Giratina\n|-resisted|p1a: Giratina\n|-damage|p1a: Giratina|33\/100\n|-damage|p2a: Koraidon|87\/100|[from] Recoil\n|\n|-weather|SunnyDay|[upkeep]\n|-heal|p1a: Giratina|40\/100|[from] item: Leftovers\n|upkeep\n|turn|57\n|l| Bananas0\n|\n|t:|1697890154\n|switch|p2a: Alomomola|Alomomola, F|100\/100\n|switch|p1a: Arceus|Arceus-Fairy|100\/100\n|\n|-weather|SunnyDay|[upkeep]\n|upkeep\n|turn|58\n|\n|t:|1697890159\n|move|p1a: Arceus|Judgment|p2a: Alomomola\n|-damage|p2a: Alomomola|40\/100\n|move|p2a: Alomomola|Wish|p2a: Alomomola\n|\n|-weather|SunnyDay|[upkeep]\n|upkeep\n|turn|59\n|\n|t:|1697890172\n|switch|p2a: Skeledirge|Skeledirge, M|100\/100\n|move|p1a: Arceus|Judgment|p2a: Skeledirge\n|-resisted|p2a: Skeledirge\n|-damage|p2a: Skeledirge|76\/100\n|\n|-weather|none\n|-heal|p2a: Skeledirge|100\/100|[from] move: Wish|[wisher] Alomomola\n|upkeep\n|turn|60\n|\n|t:|1697890176\n|switch|p1a: Dondozo|Dondozo, F|100\/100\n|move|p2a: Skeledirge|Torch Song|p1a: Dondozo\n|-resisted|p1a: Dondozo\n|-damage|p1a: Dondozo|85\/100\n|-boost|p2a: Skeledirge|spa|1\n|\n|-heal|p1a: Dondozo|92\/100|[from] item: Leftovers\n|upkeep\n|turn|61\n|j| its zxc\u266a\n|\n|t:|1697890180\n|switch|p1a: Blissey|Blissey, F|67\/100\n|move|p2a: Skeledirge|Will-O-Wisp|p1a: Blissey\n|-status|p1a: Blissey|brn\n|\n|-damage|p1a: Blissey|61\/100 brn|[from] brn\n|upkeep\n|turn|62\n|l|+Stallion\n|\n|t:|1697890183\n|move|p2a: Skeledirge|Torch Song|p1a: Blissey\n|-damage|p1a: Blissey|46\/100 brn\n|-boost|p2a: Skeledirge|spa|1\n|move|p1a: Blissey|Soft-Boiled|p1a: Blissey\n|-heal|p1a: Blissey|96\/100 brn\n|\n|-damage|p1a: Blissey|90\/100 brn|[from] brn\n|upkeep\n|turn|63\n|\n|t:|1697890187\n|-curestatus|p1a: Blissey|brn|[from] ability: Natural Cure\n|switch|p1a: Dondozo|Dondozo, F|92\/100\n|move|p2a: Skeledirge|Torch Song|p1a: Dondozo\n|-resisted|p1a: Dondozo\n|-damage|p1a: Dondozo|78\/100\n|-boost|p2a: Skeledirge|spa|1\n|\n|-heal|p1a: Dondozo|84\/100|[from] item: Leftovers\n|upkeep\n|turn|64\n|\n|t:|1697890191\n|move|p1a: Dondozo|Protect|p1a: Dondozo\n|-singleturn|p1a: Dondozo|Protect\n|move|p2a: Skeledirge|Will-O-Wisp|p1a: Dondozo\n|-activate|p1a: Dondozo|move: Protect\n|\n|-heal|p1a: Dondozo|90\/100|[from] item: Leftovers\n|upkeep\n|turn|65\n|\n|t:|1697890204\n|switch|p2a: Alomomola|Alomomola, F|73\/100\n|-terastallize|p1a: Dondozo|Fire\n|move|p1a: Dondozo|Liquidation|p2a: Alomomola\n|-resisted|p2a: Alomomola\n|-damage|p2a: Alomomola|66\/100\n|\n|-heal|p1a: Dondozo|97\/100|[from] item: Leftovers\n|upkeep\n|turn|66\n|\n|t:|1697890208\n|switch|p1a: Arceus|Arceus-Fairy|100\/100\n|move|p2a: Alomomola|Wish|p2a: Alomomola\n|\n|upkeep\n|turn|67\n|c| eavo\u00b1|FIRE\n|c| laprasplayer|literally\n|\n|t:|1697890221\n|move|p1a: Arceus|Calm Mind|p1a: Arceus\n|-boost|p1a: Arceus|spa|1\n|-boost|p1a: Arceus|spd|1\n|move|p2a: Alomomola|Flip Turn|p1a: Arceus\n|-damage|p1a: Arceus|93\/100\n|\n|t:|1697890223\n|switch|p2a: Kyogre|Kyogre, tera:Water|20\/100|[from] Flip Turn\n|-damage|p2a: Kyogre|8\/100|[from] Stealth Rock\n|-weather|RainDance|[from] ability: Drizzle|[of] p2a: Kyogre\n|\n|-weather|RainDance|[upkeep]\n|-heal|p2a: Kyogre|74\/100|[from] move: Wish|[wisher] Alomomola\n|upkeep\n|turn|68\n|c| eavo\u00b1|..oh\n|c| ZowwyCafe\u2764|eavo this is why you use mola fr OwO\n|\n|t:|1697890243\n|switch|p2a: Blissey|Blissey, F|94\/100\n|move|p1a: Arceus|Judgment|p2a: Blissey\n|-damage|p2a: Blissey|72\/100\n|\n|-weather|RainDance|[upkeep]\n|upkeep\n|turn|69\n|\n|t:|1697890252\n|move|p1a: Arceus|Calm Mind|p1a: Arceus\n|-boost|p1a: Arceus|spa|1\n|-boost|p1a: Arceus|spd|1\n|move|p2a: Blissey|Stealth Rock|p1a: Arceus\n|-sidestart|p1: i \u2764\ufe0f gangu|move: Stealth Rock\n|\n|-weather|RainDance|[upkeep]\n|upkeep\n|turn|70\n|\n|t:|1697890255\n|switch|p2a: Skeledirge|Skeledirge, M|100\/100\n|move|p1a: Arceus|Calm Mind|p1a: Arceus\n|-boost|p1a: Arceus|spa|1\n|-boost|p1a: Arceus|spd|1\n|\n|-weather|RainDance|[upkeep]\n|upkeep\n|turn|71\n|\n|t:|1697890263\n|switch|p1a: Dondozo|Dondozo, F, tera:Fire|97\/100\n|-damage|p1a: Dondozo|72\/100|[from] Stealth Rock\n|move|p2a: Skeledirge|Will-O-Wisp|p1a: Dondozo\n|-immune|p1a: Dondozo\n|\n|-weather|none\n|-heal|p1a: Dondozo|78\/100|[from] item: Leftovers\n|upkeep\n|turn|72\n|\n|t:|1697890269\n|switch|p2a: Kyogre|Kyogre, tera:Water|74\/100\n|-damage|p2a: Kyogre|61\/100|[from] Stealth Rock\n|-weather|RainDance|[from] ability: Drizzle|[of] p2a: Kyogre\n|switch|p1a: Blissey|Blissey, F|90\/100\n|\n|-weather|RainDance|[upkeep]\n|upkeep\n|turn|73\n|c| laprasplayer|mola is just that guy\n|\n|t:|1697890272\n|move|p2a: Kyogre|Origin Pulse|p1a: Blissey\n|-damage|p1a: Blissey|22\/100\n|move|p1a: Blissey|Seismic Toss|p2a: Kyogre\n|-damage|p2a: Kyogre|37\/100\n|\n|-weather|RainDance|[upkeep]\n|upkeep\n|turn|74\n|\n|t:|1697890278\n|move|p2a: Kyogre|Origin Pulse|p1a: Blissey\n|-damage|p1a: Blissey|0 fnt\n|faint|p1a: Blissey\n|\n|-weather|RainDance|[upkeep]\n|upkeep\n|\n|t:|1697890279\n|switch|p1a: Arceus|Arceus-Fairy|93\/100\n|-damage|p1a: Arceus|80\/100|[from] Stealth Rock\n|turn|75\n|c|\u2606i \u2764\ufe0f gangu|gee gee\n|c|\u2606i \u2764\ufe0f gangu|i needed natus\n|\n|t:|1697890292\n|switch|p2a: Skeledirge|Skeledirge, M|100\/100\n|move|p1a: Arceus|Judgment|p2a: Skeledirge\n|-resisted|p2a: Skeledirge\n|-damage|p2a: Skeledirge|76\/100\n|\n|-weather|RainDance|[upkeep]\n|upkeep\n|turn|76\n|c|+OreoSpeedruns|gone\n|\n|t:|1697890301\n|move|p1a: Arceus|Calm Mind|p1a: Arceus\n|-boost|p1a: Arceus|spa|1\n|-boost|p1a: Arceus|spd|1\n|move|p2a: Skeledirge|Will-O-Wisp|p1a: Arceus\n|-status|p1a: Arceus|brn\n|\n|-weather|none\n|-damage|p1a: Arceus|74\/100 brn|[from] brn\n|upkeep\n|turn|77\n|\n|t:|1697890304\n|move|p1a: Arceus|Calm Mind|p1a: Arceus\n|-boost|p1a: Arceus|spa|1\n|-boost|p1a: Arceus|spd|1\n|move|p2a: Skeledirge|Torch Song|p1a: Arceus\n|-damage|p1a: Arceus|56\/100 brn\n|-boost|p2a: Skeledirge|spa|1\n|\n|-damage|p1a: Arceus|50\/100 brn|[from] brn\n|upkeep\n|turn|78\n|\n|t:|1697890305\n|move|p1a: Arceus|Recover|p1a: Arceus\n|-heal|p1a: Arceus|100\/100 brn\n|move|p2a: Skeledirge|Hex|p1a: Arceus\n|-damage|p1a: Arceus|55\/100 brn\n|\n|-damage|p1a: Arceus|49\/100 brn|[from] brn\n|upkeep\n|turn|79\n|\n|t:|1697890308\n|switch|p1a: Dondozo|Dondozo, F, tera:Fire|78\/100\n|-damage|p1a: Dondozo|53\/100|[from] Stealth Rock\n|move|p2a: Skeledirge|Hex|p1a: Dondozo\n|-damage|p1a: Dondozo|27\/100\n|\n|-heal|p1a: Dondozo|34\/100|[from] item: Leftovers\n|upkeep\n|turn|80\n|\n|t:|1697890313\n|move|p2a: Skeledirge|Hex|p1a: Dondozo\n|-damage|p1a: Dondozo|9\/100\n|move|p1a: Dondozo|Rest|p1a: Dondozo\n|-status|p1a: Dondozo|slp|[from] move: Rest\n|-heal|p1a: Dondozo|100\/100 slp|[silent]\n|\n|upkeep\n|turn|81\n|\n|t:|1697890316\n|switch|p2a: Alomomola|Alomomola, F|99\/100\n|cant|p1a: Dondozo|slp\n|\n|upkeep\n|turn|82\n|\n|t:|1697890321\n|switch|p1a: Giratina|Giratina|40\/100\n|-damage|p1a: Giratina|27\/100|[from] Stealth Rock\n|-ability|p1a: Giratina|Pressure\n|move|p2a: Alomomola|Wish|p2a: Alomomola\n|\n|-heal|p1a: Giratina|33\/100|[from] item: Leftovers\n|upkeep\n|turn|83\n|c| eavo\u00b1|ZowwyCaf\u00e9 the mola do be cooking ngl\n|\n|t:|1697890324\n|switch|p2a: Kyogre|Kyogre, tera:Water|37\/100\n|-damage|p2a: Kyogre|24\/100|[from] Stealth Rock\n|-weather|RainDance|[from] ability: Drizzle|[of] p2a: Kyogre\n|move|p1a: Giratina|Substitute|p1a: Giratina\n|-start|p1a: Giratina|Substitute\n|-damage|p1a: Giratina|8\/100\n|\n|-weather|RainDance|[upkeep]\n|-heal|p2a: Kyogre|90\/100|[from] move: Wish|[wisher] Alomomola\n|-heal|p1a: Giratina|14\/100|[from] item: Leftovers\n|upkeep\n|turn|84\n|c| ZowwyCafe\u2764|fr\n|c| eavo\u00b1|can't believe i have slept on jt\n|c| ZowwyCafe\u2764|ikr >:3\n|c| ZowwyCafe\u2764|goated mon\n|\n|t:|1697890347\n|move|p1a: Giratina|Protect|p1a: Giratina\n|-singleturn|p1a: Giratina|Protect\n|move|p2a: Kyogre|Ice Beam|p1a: Giratina\n|-activate|p1a: Giratina|move: Protect\n|\n|-weather|RainDance|[upkeep]\n|-heal|p1a: Giratina|21\/100|[from] item: Leftovers\n|upkeep\n|turn|85\n|c| laprasplayer|mola never disappoints\n|\n|t:|1697890354\n|switch|p1a: Dondozo|Dondozo, F, tera:Fire|100\/100 slp\n|-damage|p1a: Dondozo|75\/100 slp|[from] Stealth Rock\n|move|p2a: Kyogre|Ice Beam|p1a: Dondozo\n|-resisted|p1a: Dondozo\n|-damage|p1a: Dondozo|46\/100 slp\n|\n|-weather|RainDance|[upkeep]\n|-heal|p1a: Dondozo|52\/100 slp|[from] item: Leftovers\n|upkeep\n|turn|86\n|\n|t:|1697890357\n|move|p2a: Kyogre|Ice Beam|p1a: Dondozo\n|-resisted|p1a: Dondozo\n|-damage|p1a: Dondozo|25\/100 slp\n|cant|p1a: Dondozo|slp\n|\n|-weather|RainDance|[upkeep]\n|-heal|p1a: Dondozo|31\/100 slp|[from] item: Leftovers\n|upkeep\n|turn|87\n|\n|t:|1697890361\n|move|p2a: Kyogre|Ice Beam|p1a: Dondozo\n|-resisted|p1a: Dondozo\n|-damage|p1a: Dondozo|3\/100 slp\n|-curestatus|p1a: Dondozo|slp|[msg]\n|move|p1a: Dondozo|Rest|p1a: Dondozo\n|-status|p1a: Dondozo|slp|[from] move: Rest\n|-heal|p1a: Dondozo|100\/100 slp|[silent]\n|\n|-weather|none\n|upkeep\n|turn|88\n|\n|t:|1697890365\n|switch|p2a: Miraidon|Miraidon|76\/100\n|-damage|p2a: Miraidon|64\/100|[from] Stealth Rock\n|-fieldstart|move: Electric Terrain|[from] ability: Hadron Engine|[of] p2a: Miraidon\n|switch|p1a: Giratina|Giratina|21\/100\n|-damage|p1a: Giratina|8\/100|[from] Stealth Rock\n|-ability|p1a: Giratina|Pressure\n|\n|-heal|p1a: Giratina|14\/100|[from] item: Leftovers\n|upkeep\n|turn|89\n|\n|t:|1697890368\n|move|p1a: Giratina|Protect|p1a: Giratina\n|-singleturn|p1a: Giratina|Protect\n|move|p2a: Miraidon|Electro Drift|p1a: Giratina\n|-activate|p1a: Giratina|move: Protect\n|\n|-heal|p1a: Giratina|20\/100|[from] item: Leftovers\n|upkeep\n|turn|90\n|\n|t:|1697890374\n|switch|p2a: Skeledirge|Skeledirge, M|76\/100\n|move|p1a: Giratina|Protect||[still]\n|-fail|p1a: Giratina\n|\n|-heal|p1a: Giratina|26\/100|[from] item: Leftovers\n|upkeep\n|turn|91\n|\n|t:|1697890376\n|move|p1a: Giratina|Substitute|p1a: Giratina\n|-start|p1a: Giratina|Substitute\n|-damage|p1a: Giratina|1\/100\n|move|p2a: Skeledirge|Hex|p1a: Giratina\n|-supereffective|p1a: Giratina\n|-end|p1a: Giratina|Substitute\n|\n|-heal|p1a: Giratina|8\/100|[from] item: Leftovers\n|upkeep\n|turn|92\n|\n|t:|1697890382\n|move|p1a: Giratina|Protect|p1a: Giratina\n|-singleturn|p1a: Giratina|Protect\n|move|p2a: Skeledirge|Will-O-Wisp|p1a: Giratina\n|-activate|p1a: Giratina|move: Protect\n|\n|-heal|p1a: Giratina|14\/100|[from] item: Leftovers\n|-fieldend|move: Electric Terrain\n|upkeep\n|turn|93\n|\n|t:|1697890386\n|move|p1a: Giratina|Rest|p1a: Giratina\n|-status|p1a: Giratina|slp|[from] move: Rest\n|-heal|p1a: Giratina|100\/100 slp|[silent]\n|move|p2a: Skeledirge|Hex|p1a: Giratina\n|-supereffective|p1a: Giratina\n|-damage|p1a: Giratina|39\/100 slp\n|\n|-heal|p1a: Giratina|46\/100 slp|[from] item: Leftovers\n|upkeep\n|turn|94\n|c| eavo\u00b1|das crazy\n|\n|t:|1697890393\n|switch|p1a: Corviknight|Corviknight, F|88\/100\n|-damage|p1a: Corviknight|75\/100|[from] Stealth Rock\n|-ability|p1a: Corviknight|Pressure\n|switch|p2a: Kyogre|Kyogre, tera:Water|90\/100\n|-damage|p2a: Kyogre|78\/100|[from] Stealth Rock\n|-weather|RainDance|[from] ability: Drizzle|[of] p2a: Kyogre\n|\n|-weather|RainDance|[upkeep]\n|-heal|p1a: Corviknight|82\/100|[from] item: Leftovers\n|upkeep\n|turn|95\n|c|+OreoSpeedruns|over\n|\n|t:|1697890399\n|switch|p1a: Giratina|Giratina|46\/100 slp\n|-damage|p1a: Giratina|33\/100 slp|[from] Stealth Rock\n|-ability|p1a: Giratina|Pressure\n|move|p2a: Kyogre|Origin Pulse|p1a: Giratina\n|-resisted|p1a: Giratina\n|-damage|p1a: Giratina|0 fnt\n|faint|p1a: Giratina\n|\n|-weather|RainDance|[upkeep]\n|upkeep\n|\n|t:|1697890403\n|switch|p1a: Arceus|Arceus-Fairy|49\/100 brn\n|-damage|p1a: Arceus|37\/100 brn|[from] Stealth Rock\n|turn|96\n|c|\u2606i \u2764\ufe0f gangu|missssss\n|\n|t:|1697890411\n|move|p1a: Arceus|Judgment|p2a: Kyogre\n|-damage|p2a: Kyogre|45\/100\n|move|p2a: Kyogre|Origin Pulse|p1a: Arceus\n|-damage|p1a: Arceus|0 fnt\n|faint|p1a: Arceus\n|\n|-weather|RainDance|[upkeep]\n|upkeep\n|c|\u2606i \u2764\ufe0f gangu|gg\n|-message|i \u2764\ufe0f gangu forfeited.\n|\n|win|Future king of ou\n|n|\u2606Future king of ou|futurekingofou\n|n| OreoSpeedruns|oreospeedruns\n|n| ZowwyCafe\u2764|zowwycafe\n|n| laprasplayer|laprasplayer\n|n| RichardMillePlain|richardmilleplain\n|n| eavo\u00b1|eavo\n|n| Time is over|timeisover\n|n|\u2606i \u2764\ufe0f gangu|igangu\n|n| its zxc\u266a|itszxc\n|c|\u2606Future king of ou|Ggs\n|l| RichardMillePlain\n|c| ZowwyCafe\u2764|qwq\n|c|\u2606Future king of ou|Dirge MVP\n","uploadtime":1697890418,"views":23,"p1id":"igangu","p2id":"futurekingofou","formatid":"gen9ubers","rating":0,"private":0,"password":""}