{"id":"gen9ubers-1969349788","p1":"idiotpokemoner","p2":"UUbers account","format":"[Gen 9] Ubers","log":"|j|\u2606idiotpokemoner\n|j|\u2606UUbers account\n|t:|1697517698\n|gametype|singles\n|player|p1|idiotpokemoner|steven|\n|player|p2|UUbers account|shadowtriad|\n|teamsize|p1|6\n|teamsize|p2|6\n|gen|9\n|tier|[Gen 9] Ubers\n|rule|Sleep Clause Mod: Limit one foe put to sleep\n|rule|Species Clause: Limit one of each Pok\u00e9mon\n|rule|OHKO Clause: OHKO moves are banned\n|rule|Evasion Items Clause: Evasion items are banned\n|rule|Evasion Moves Clause: Evasion moves are banned\n|rule|Endless Battle Clause: Forcing endless battles is banned\n|rule|HP Percentage Mod: HP is shown in percentages\n|clearpoke\n|poke|p1|Palkia-Origin|\n|poke|p1|Cyclizar, F|\n|poke|p1|Zacian-*|\n|poke|p1|Hatterene, F|\n|poke|p1|Heatran, F|\n|poke|p1|Zamazenta-*|\n|poke|p2|Hatterene, F|\n|poke|p2|Basculegion-F, F|\n|poke|p2|Chi-Yu|\n|poke|p2|Magearna|\n|poke|p2|Arceus-Poison|\n|poke|p2|Zacian-*|\n|teampreview\n|c|\u2606UUbers account|glhf\n|c|\u2606idiotpokemoner|glhf\n|c|\u2606idiotpokemoner|this is my first uubers game\n|\n|t:|1697517734\n|start\n|switch|p1a: Cyclizar|Cyclizar, F|100\/100\n|switch|p2a: Zacian|Zacian|100\/100\n|-ability|p2a: Zacian|Intrepid Sword|boost\n|-boost|p2a: Zacian|atk|1\n|turn|1\n|\n|t:|1697517749\n|move|p2a: Zacian|Play Rough|p1a: Cyclizar\n|-supereffective|p1a: Cyclizar\n|-damage|p1a: Cyclizar|0 fnt\n|faint|p1a: Cyclizar\n|\n|upkeep\n|c|\u2606UUbers account|first game\n|c|\u2606UUbers account|nice\n|c|\u2606idiotpokemoner|yeah\n|c|\u2606idiotpokemoner|scarf?\n|c|\u2606UUbers account|no\n|\n|t:|1697517766\n|switch|p1a: Zamazenta|Zamazenta-Crowned|100\/100\n|-ability|p1a: Zamazenta|Dauntless Shield|boost\n|-boost|p1a: Zamazenta|def|1\n|turn|2\n|c|\u2606idiotpokemoner|bruh\n|\n|t:|1697517793\n|move|p2a: Zacian|Swords Dance|p2a: Zacian\n|-boost|p2a: Zacian|atk|2\n|move|p1a: Zamazenta|Behemoth Bash|p2a: Zacian\n|-supereffective|p2a: Zacian\n|-damage|p2a: Zacian|30\/100\n|\n|upkeep\n|turn|3\n|c|\u2606idiotpokemoner|i thought i put scarf on cyclizar\n|\n|t:|1697517818\n|move|p2a: Zacian|Close Combat|p1a: Zamazenta\n|-supereffective|p1a: Zamazenta\n|-damage|p1a: Zamazenta|20\/100\n|-unboost|p2a: Zacian|def|1\n|-unboost|p2a: Zacian|spd|1\n|move|p1a: Zamazenta|Behemoth Bash|p2a: Zacian\n|-supereffective|p2a: Zacian\n|-damage|p2a: Zacian|0 fnt\n|faint|p2a: Zacian\n|\n|upkeep\n|\n|t:|1697517827\n|switch|p2a: Chi-Yu|Chi-Yu|100\/100\n|-ability|p2a: Chi-Yu|Beads of Ruin\n|turn|4\n|\n|t:|1697517834\n|switch|p1a: Heatran|Heatran, F|100\/100\n|move|p2a: Chi-Yu|Dark Pulse|p1a: Heatran\n|-damage|p1a: Heatran|55\/100\n|\n|-heal|p1a: Heatran|62\/100|[from] item: Leftovers\n|upkeep\n|turn|5\n|\n|t:|1697517842\n|move|p2a: Chi-Yu|Dark Pulse|p1a: Heatran\n|-damage|p1a: Heatran|14\/100\n|move|p1a: Heatran|Earth Power|p2a: Chi-Yu\n|-supereffective|p2a: Chi-Yu\n|-damage|p2a: Chi-Yu|46\/100\n|\n|-heal|p1a: Heatran|20\/100|[from] item: Leftovers\n|upkeep\n|turn|6\n|\n|t:|1697517852\n|switch|p2a: Hatterene|Hatterene, F|100\/100\n|switch|p1a: Hatterene|Hatterene, F|100\/100\n|\n|upkeep\n|turn|7\n|\n|t:|1697517859\n|move|p2a: Hatterene|Nuzzle|p1a: Hatterene\n|-damage|p1a: Hatterene|96\/100\n|-status|p1a: Hatterene|par\n|move|p1a: Hatterene|Calm Mind|p1a: Hatterene\n|-boost|p1a: Hatterene|spa|1\n|-boost|p1a: Hatterene|spd|1\n|\n|upkeep\n|turn|8\n|\n|t:|1697517873\n|move|p2a: Hatterene|Mystical Fire|p1a: Hatterene\n|-damage|p1a: Hatterene|80\/100 par\n|-unboost|p1a: Hatterene|spa|1\n|move|p1a: Hatterene|Calm Mind|p1a: Hatterene\n|-boost|p1a: Hatterene|spa|1\n|-boost|p1a: Hatterene|spd|1\n|\n|upkeep\n|turn|9\n|\n|t:|1697517887\n|move|p2a: Hatterene|Mystical Fire|p1a: Hatterene\n|-damage|p1a: Hatterene|67\/100 par\n|-unboost|p1a: Hatterene|spa|1\n|move|p1a: Hatterene|Draining Kiss|p2a: Hatterene\n|-damage|p2a: Hatterene|81\/100\n|-heal|p1a: Hatterene|86\/100 par|[from] drain|[of] p2a: Hatterene\n|-enditem|p2a: Hatterene|Eject Button\n|\n|t:|1697517906\n|switch|p2a: Basculegion|Basculegion-F, F, shiny|100\/100\n|\n|upkeep\n|turn|10\n|\n|t:|1697517916\n|-terastallize|p1a: Hatterene|Water\n|move|p2a: Basculegion|Last Respects|p1a: Hatterene\n|-damage|p1a: Hatterene|32\/100 par\n|cant|p1a: Hatterene|par\n|\n|upkeep\n|turn|11\n|\n|t:|1697517925\n|switch|p1a: Heatran|Heatran, F|20\/100\n|move|p2a: Basculegion|Last Respects|p1a: Heatran\n|-damage|p1a: Heatran|0 fnt\n|faint|p1a: Heatran\n|\n|upkeep\n|\n|t:|1697517929\n|switch|p1a: Palkia|Palkia-Origin|100\/100\n|-ability|p1a: Palkia|Pressure\n|turn|12\n|\n|t:|1697517946\n|move|p2a: Basculegion|Last Respects|p1a: Palkia\n|-damage|p1a: Palkia|47\/100\n|move|p1a: Palkia|Hydro Pump|p2a: Basculegion\n|-resisted|p2a: Basculegion\n|-damage|p2a: Basculegion|60\/100\n|\n|upkeep\n|turn|13\n|\n|t:|1697517955\n|move|p2a: Basculegion|Last Respects|p1a: Palkia\n|-damage|p1a: Palkia|0 fnt\n|faint|p1a: Palkia\n|\n|upkeep\n|\n|t:|1697517959\n|switch|p1a: Zacian|Zacian|100\/100\n|-ability|p1a: Zacian|Intrepid Sword|boost\n|-boost|p1a: Zacian|atk|1\n|turn|14\n|\n|t:|1697517964\n|switch|p2a: Magearna|Magearna|100\/100\n|move|p1a: Zacian|Wild Charge|p2a: Magearna\n|-damage|p2a: Magearna|60\/100\n|-damage|p1a: Zacian|89\/100|[from] Recoil\n|\n|-heal|p2a: Magearna|66\/100|[from] item: Leftovers\n|upkeep\n|turn|15\n|\n|t:|1697517976\n|switch|p1a: Hatterene|Hatterene, F, tera:Water|32\/100 par\n|move|p2a: Magearna|Thunder Wave|p1a: Hatterene\n|-fail|p1a: Hatterene|par\n|\n|-heal|p2a: Magearna|72\/100|[from] item: Leftovers\n|upkeep\n|turn|16\n|c|\u2606UUbers account|no magic bounce?\n|\n|t:|1697517994\n|move|p2a: Magearna|Volt Switch|p1a: Hatterene\n|-supereffective|p1a: Hatterene\n|-damage|p1a: Hatterene|0 fnt\n|faint|p1a: Hatterene\n|-ability|p2a: Magearna|Soul-Heart|boost\n|-boost|p2a: Magearna|spa|1\n|\n|t:|1697518000\n|switch|p2a: Chi-Yu|Chi-Yu|46\/100|[from] Volt Switch\n|-ability|p2a: Chi-Yu|Beads of Ruin\n|\n|upkeep\n|\n|t:|1697518015\n|switch|p1a: Zacian|Zacian|89\/100\n|turn|17\n|\n|t:|1697518021\n|move|p2a: Chi-Yu|Overheat|p1a: Zacian\n|-damage|p1a: Zacian|0 fnt\n|-unboost|p2a: Chi-Yu|spa|2\n|faint|p1a: Zacian\n|\n|upkeep\n|c|\u2606UUbers account|gg\n|\n|t:|1697518030\n|switch|p1a: Zamazenta|Zamazenta-Crowned|20\/100\n|turn|18\n|\n|t:|1697518033\n|move|p2a: Chi-Yu|Overheat|p1a: Zamazenta\n|-supereffective|p1a: Zamazenta\n|-damage|p1a: Zamazenta|0 fnt\n|-unboost|p2a: Chi-Yu|spa|2\n|faint|p1a: Zamazenta\n|\n|win|UUbers account\n|c|\u2606idiotpokemoner|gg\n","uploadtime":1697518037,"views":28,"p1id":"idiotpokemoner","p2id":"uubersaccount","formatid":"gen9ubers","rating":0,"private":0,"password":""}