{"id":"gen9ubers-1989007408","p1":"Akritas","p2":"Lialiabeast","format":"[Gen 9] Ubers","log":"|j|\u2606Akritas\n|j|\u2606Lialiabeast\n|t:|1699801444\n|gametype|singles\n|player|p1|Akritas|nate|\n|player|p2|Lialiabeast|emmet-masters|\n|teamsize|p1|6\n|teamsize|p2|6\n|gen|9\n|tier|[Gen 9] Ubers\n|rule|Sleep Clause Mod: Limit one foe put to sleep\n|rule|Species Clause: Limit one of each Pok\u00e9mon\n|rule|OHKO Clause: OHKO moves are banned\n|rule|Evasion Items Clause: Evasion items are banned\n|rule|Evasion Moves Clause: Evasion moves are banned\n|rule|Endless Battle Clause: Forcing endless battles is banned\n|rule|HP Percentage Mod: HP is shown in percentages\n|clearpoke\n|poke|p1|Alomomola, F|\n|poke|p1|Sneasler, F|\n|poke|p1|Dragapult, F|\n|poke|p1|Skeledirge, F|\n|poke|p1|Gliscor, M|\n|poke|p1|Tinkaton, F|\n|poke|p2|Meowscarada, F|\n|poke|p2|Landorus-Therian, M|\n|poke|p2|Dragapult, M|\n|poke|p2|Cinderace, F|\n|poke|p2|Quaquaval, F|\n|poke|p2|Gholdengo|\n|teampreview\n|inactive|Battle timer is ON: inactive players will automatically lose when time's up. (requested by Akritas)\n|c|\u2606Lialiabeast|hf\n|\n|t:|1699801482\n|start\n|switch|p1a: Gliscor|Gliscor, M|100\/100\n|switch|p2a: Dragapult|Dragapult, M, shiny|100\/100\n|turn|1\n|c|\u2606Akritas|U2\n|j| DimitrisNabby1\n|\n|t:|1699801509\n|move|p1a: Gliscor|Protect|p1a: Gliscor\n|-singleturn|p1a: Gliscor|Protect\n|move|p2a: Dragapult|U-turn|p1a: Gliscor\n|-activate|p1a: Gliscor|move: Protect\n|\n|-status|p1a: Gliscor|tox|[from] item: Toxic Orb\n|upkeep\n|turn|2\n|inactive|Akritas has 270 seconds left.\n|\n|t:|1699801530\n|move|p2a: Dragapult|U-turn|p1a: Gliscor\n|-resisted|p1a: Gliscor\n|-damage|p1a: Gliscor|93\/100 tox\n|j| Lindsey Paraeah\n|inactive|Lialiabeast has 270 seconds left.\n|\n|t:|1699801551\n|switch|p2a: Landorus|Landorus-Therian, M, shiny|100\/100|[from] U-turn\n|-ability|p2a: Landorus|Intimidate|boost\n|-unboost|p1a: Gliscor|atk|1\n|move|p1a: Gliscor|Knock Off|p2a: Landorus\n|-damage|p2a: Landorus|89\/100\n|-damage|p1a: Gliscor|76\/100 tox|[from] item: Rocky Helmet|[of] p2a: Landorus\n|-enditem|p2a: Landorus|Rocky Helmet|[from] move: Knock Off|[of] p1a: Gliscor\n|\n|-heal|p1a: Gliscor|89\/100 tox|[from] ability: Poison Heal\n|upkeep\n|turn|3\n|inactive|Akritas has 270 seconds left.\n|\n|t:|1699801567\n|move|p1a: Gliscor|Protect|p1a: Gliscor\n|-singleturn|p1a: Gliscor|Protect\n|move|p2a: Landorus|Stealth Rock|p1a: Gliscor\n|-sidestart|p1: Akritas|move: Stealth Rock\n|\n|-heal|p1a: Gliscor|100\/100 tox|[from] ability: Poison Heal\n|upkeep\n|turn|4\n|j| Rigas\n|\n|t:|1699801578\n|move|p1a: Gliscor|Spikes|p2a: Landorus\n|-sidestart|p2: Lialiabeast|Spikes\n|move|p2a: Landorus|Taunt|p1a: Gliscor\n|-start|p1a: Gliscor|move: Taunt\n|\n|upkeep\n|turn|5\n|\n|t:|1699801584\n|move|p1a: Gliscor|Knock Off|p2a: Landorus\n|-damage|p2a: Landorus|81\/100\n|move|p2a: Landorus|U-turn|p1a: Gliscor\n|-resisted|p1a: Gliscor\n|-damage|p1a: Gliscor|91\/100 tox\n|inactive|Lialiabeast has 270 seconds left.\n|\n|t:|1699801612\n|switch|p2a: Quaquaval|Quaquaval, F|100\/100|[from] U-turn\n|-damage|p2a: Quaquaval|88\/100|[from] Spikes\n|\n|-heal|p1a: Gliscor|100\/100 tox|[from] ability: Poison Heal\n|upkeep\n|turn|6\n|\n|t:|1699801620\n|switch|p1a: Dragapult|Dragapult, F|100\/100\n|-damage|p1a: Dragapult|88\/100|[from] Stealth Rock\n|move|p2a: Quaquaval|Aqua Step|p1a: Dragapult\n|-resisted|p1a: Dragapult\n|-damage|p1a: Dragapult|56\/100\n|-boost|p2a: Quaquaval|spe|1\n|\n|-heal|p1a: Dragapult|62\/100|[from] item: Leftovers\n|upkeep\n|turn|7\n|\n|t:|1699801627\n|move|p2a: Quaquaval|Ice Spinner|p1a: Dragapult\n|-supereffective|p1a: Dragapult\n|-damage|p1a: Dragapult|0 fnt\n|faint|p1a: Dragapult\n|-ability|p2a: Quaquaval|Moxie|boost\n|-boost|p2a: Quaquaval|atk|1\n|\n|upkeep\n|\n|t:|1699801632\n|switch|p1a: Sneasler|Sneasler, F|100\/100\n|-damage|p1a: Sneasler|94\/100|[from] Stealth Rock\n|turn|8\n|\n|t:|1699801644\n|-terastallize|p2a: Quaquaval|Ghost\n|move|p1a: Sneasler|Fake Out|p2a: Quaquaval\n|-immune|p2a: Quaquaval\n|move|p2a: Quaquaval|Swords Dance|p2a: Quaquaval\n|-boost|p2a: Quaquaval|atk|2\n|\n|upkeep\n|turn|9\n|\n|t:|1699801652\n|move|p2a: Quaquaval|Aqua Step|p1a: Sneasler\n|-damage|p1a: Sneasler|0 fnt\n|-boost|p2a: Quaquaval|spe|1\n|faint|p1a: Sneasler\n|-ability|p2a: Quaquaval|Moxie|boost\n|-boost|p2a: Quaquaval|atk|1\n|\n|upkeep\n|\n|t:|1699801657\n|switch|p1a: Skeledirge|Skeledirge, F|100\/100\n|-damage|p1a: Skeledirge|76\/100|[from] Stealth Rock\n|turn|10\n|\n|t:|1699801663\n|-terastallize|p1a: Skeledirge|Fairy\n|move|p2a: Quaquaval|Aqua Step|p1a: Skeledirge\n|-damage|p1a: Skeledirge|40\/100\n|-boost|p2a: Quaquaval|spe|1\n|move|p1a: Skeledirge|Will-O-Wisp|p2a: Quaquaval\n|-status|p2a: Quaquaval|brn\n|\n|-heal|p1a: Skeledirge|46\/100|[from] item: Leftovers\n|-damage|p2a: Quaquaval|82\/100 brn|[from] brn\n|upkeep\n|turn|11\n|\n|t:|1699801679\n|switch|p2a: Cinderace|Cinderace, F|100\/100\n|move|p1a: Skeledirge|Slack Off|p1a: Skeledirge\n|-heal|p1a: Skeledirge|97\/100\n|\n|-heal|p1a: Skeledirge|100\/100|[from] item: Leftovers\n|upkeep\n|turn|12\n|\n|t:|1699801688\n|switch|p1a: Alomomola|Alomomola, F|100\/100\n|move|p2a: Cinderace|Will-O-Wisp|p1a: Alomomola|[miss]\n|-miss|p2a: Cinderace|p1a: Alomomola\n|\n|upkeep\n|turn|13\n|\n|t:|1699801697\n|move|p2a: Cinderace|U-turn|p1a: Alomomola\n|-crit|p1a: Alomomola\n|-damage|p1a: Alomomola|80\/100\n|\n|t:|1699801700\n|switch|p2a: Dragapult|Dragapult, M, shiny|100\/100|[from] U-turn\n|-damage|p2a: Dragapult|88\/100|[from] Spikes\n|move|p1a: Alomomola|Flip Turn|p2a: Dragapult\n|-resisted|p2a: Dragapult\n|-crit|p2a: Dragapult\n|-damage|p2a: Dragapult|72\/100\n|\n|t:|1699801710\n|switch|p1a: Tinkaton|Tinkaton, F|100\/100|[from] Flip Turn\n|-damage|p1a: Tinkaton|94\/100|[from] Stealth Rock\n|-ability|p1a: Tinkaton|Mold Breaker\n|\n|-heal|p1a: Tinkaton|100\/100|[from] item: Leftovers\n|upkeep\n|turn|14\n|\n|t:|1699801720\n|move|p2a: Dragapult|U-turn|p1a: Tinkaton\n|-resisted|p1a: Tinkaton\n|-damage|p1a: Tinkaton|97\/100\n|\n|t:|1699801722\n|switch|p2a: Landorus|Landorus-Therian, M, shiny|81\/100|[from] U-turn\n|-ability|p2a: Landorus|Intimidate|boost\n|-unboost|p1a: Tinkaton|atk|1\n|move|p1a: Tinkaton|Thunder Wave|p2a: Landorus\n|-immune|p2a: Landorus\n|\n|-heal|p1a: Tinkaton|100\/100|[from] item: Leftovers\n|upkeep\n|turn|15\n|\n|t:|1699801729\n|switch|p1a: Alomomola|Alomomola, F|100\/100\n|move|p2a: Landorus|U-turn|p1a: Alomomola\n|-damage|p1a: Alomomola|83\/100\n|\n|t:|1699801732\n|switch|p2a: Meowscarada|Meowscarada, F, shiny|100\/100|[from] U-turn\n|\n|upkeep\n|turn|16\n|\n|t:|1699801738\n|move|p1a: Alomomola|Protect|p1a: Alomomola\n|-singleturn|p1a: Alomomola|Protect\n|move|p2a: Meowscarada|Knock Off|p1a: Alomomola\n|-start|p2a: Meowscarada|typechange|Dark|[from] ability: Protean\n|-activate|p1a: Alomomola|move: Protect\n|\n|upkeep\n|turn|17\n|\n|t:|1699801745\n|switch|p1a: Gliscor|Gliscor, M|100\/100 tox\n|-damage|p1a: Gliscor|88\/100 tox|[from] Stealth Rock\n|move|p2a: Meowscarada|Flower Trick|p1a: Gliscor\n|-crit|p1a: Gliscor\n|-damage|p1a: Gliscor|54\/100 tox\n|\n|-heal|p1a: Gliscor|66\/100 tox|[from] ability: Poison Heal\n|upkeep\n|turn|18\n|\n|t:|1699801756\n|move|p2a: Meowscarada|U-turn|p1a: Gliscor\n|-resisted|p1a: Gliscor\n|-damage|p1a: Gliscor|55\/100 tox\n|\n|t:|1699801758\n|switch|p2a: Landorus|Landorus-Therian, M, shiny|81\/100|[from] U-turn\n|-ability|p2a: Landorus|Intimidate|boost\n|-unboost|p1a: Gliscor|atk|1\n|move|p1a: Gliscor|Spikes|p2a: Landorus\n|-sidestart|p2: Lialiabeast|Spikes\n|\n|-heal|p1a: Gliscor|68\/100 tox|[from] ability: Poison Heal\n|upkeep\n|turn|19\n|\n|t:|1699801772\n|move|p1a: Gliscor|Protect|p1a: Gliscor\n|-singleturn|p1a: Gliscor|Protect\n|move|p2a: Landorus|U-turn|p1a: Gliscor\n|-activate|p1a: Gliscor|move: Protect\n|\n|-heal|p1a: Gliscor|80\/100 tox|[from] ability: Poison Heal\n|upkeep\n|turn|20\n|\n|t:|1699801781\n|move|p1a: Gliscor|Spikes|p2a: Landorus\n|-sidestart|p2: Lialiabeast|Spikes\n|move|p2a: Landorus|U-turn|p1a: Gliscor\n|-resisted|p1a: Gliscor\n|-damage|p1a: Gliscor|70\/100 tox\n|\n|t:|1699801791\n|switch|p2a: Dragapult|Dragapult, M, shiny|72\/100|[from] U-turn\n|-damage|p2a: Dragapult|48\/100|[from] Spikes\n|\n|-heal|p1a: Gliscor|82\/100 tox|[from] ability: Poison Heal\n|upkeep\n|turn|21\n|\n|t:|1699801799\n|move|p2a: Dragapult|Shadow Ball|p1a: Gliscor\n|-damage|p1a: Gliscor|4\/100 tox\n|move|p1a: Gliscor|Knock Off|p2a: Dragapult\n|-supereffective|p2a: Dragapult\n|-damage|p2a: Dragapult|0 fnt\n|-enditem|p2a: Dragapult|Choice Specs|[from] move: Knock Off|[of] p1a: Gliscor\n|faint|p2a: Dragapult\n|\n|-heal|p1a: Gliscor|16\/100 tox|[from] ability: Poison Heal\n|upkeep\n|\n|t:|1699801804\n|switch|p2a: Cinderace|Cinderace, F|100\/100\n|turn|22\n|\n|t:|1699801832\n|move|p1a: Gliscor|Protect|p1a: Gliscor\n|-singleturn|p1a: Gliscor|Protect\n|move|p2a: Cinderace|Court Change|p2a: Cinderace\n|-swapsideconditions\n|-activate|p2a: Cinderace|move: Court Change\n|\n|-heal|p1a: Gliscor|28\/100 tox|[from] ability: Poison Heal\n|upkeep\n|turn|23\n|\n|t:|1699801842\n|move|p2a: Cinderace|Pyro Ball|p1a: Gliscor\n|-damage|p1a: Gliscor|0 fnt\n|faint|p1a: Gliscor\n|\n|upkeep\n|\n|t:|1699801846\n|switch|p1a: Alomomola|Alomomola, F|100\/100\n|turn|24\n|\n|t:|1699801856\n|move|p2a: Cinderace|U-turn|p1a: Alomomola\n|-damage|p1a: Alomomola|87\/100\n|\n|t:|1699801860\n|switch|p2a: Quaquaval|Quaquaval, F, tera:Ghost|82\/100 brn|[from] U-turn\n|-damage|p2a: Quaquaval|70\/100 brn|[from] Stealth Rock\n|move|p1a: Alomomola|Flip Turn|p2a: Quaquaval\n|-damage|p2a: Quaquaval|50\/100 brn\n|\n|t:|1699801874\n|switch|p1a: Skeledirge|Skeledirge, F, tera:Fairy|100\/100|[from] Flip Turn\n|-damage|p1a: Skeledirge|76\/100|[from] Spikes\n|\n|-heal|p1a: Skeledirge|82\/100|[from] item: Leftovers\n|-damage|p2a: Quaquaval|44\/100 brn|[from] brn\n|upkeep\n|turn|25\n|\n|t:|1699801902\n|switch|p2a: Cinderace|Cinderace, F|100\/100\n|move|p1a: Skeledirge|Torch Song|p2a: Cinderace\n|-resisted|p2a: Cinderace\n|-damage|p2a: Cinderace|81\/100\n|-boost|p1a: Skeledirge|spa|1\n|\n|-heal|p1a: Skeledirge|88\/100|[from] item: Leftovers\n|upkeep\n|turn|26\n|\n|t:|1699801913\n|move|p2a: Cinderace|Pyro Ball|p1a: Skeledirge\n|-damage|p1a: Skeledirge|51\/100\n|move|p1a: Skeledirge|Hex|p2a: Cinderace\n|-damage|p2a: Cinderace|38\/100\n|\n|-heal|p1a: Skeledirge|57\/100|[from] item: Leftovers\n|upkeep\n|turn|27\n|\n|t:|1699801924\n|move|p2a: Cinderace|Pyro Ball|p1a: Skeledirge\n|-damage|p1a: Skeledirge|17\/100\n|move|p1a: Skeledirge|Slack Off|p1a: Skeledirge\n|-heal|p1a: Skeledirge|67\/100\n|\n|-heal|p1a: Skeledirge|73\/100|[from] item: Leftovers\n|upkeep\n|turn|28\n|\n|t:|1699801939\n|move|p2a: Cinderace|U-turn|p1a: Skeledirge\n|-resisted|p1a: Skeledirge\n|-damage|p1a: Skeledirge|66\/100\n|\n|t:|1699801949\n|switch|p2a: Quaquaval|Quaquaval, F, tera:Ghost|44\/100 brn|[from] U-turn\n|-damage|p2a: Quaquaval|32\/100 brn|[from] Stealth Rock\n|move|p1a: Skeledirge|Torch Song|p2a: Quaquaval\n|-damage|p2a: Quaquaval|0 fnt\n|-boost|p1a: Skeledirge|spa|1\n|faint|p2a: Quaquaval\n|\n|-heal|p1a: Skeledirge|72\/100|[from] item: Leftovers\n|upkeep\n|\n|t:|1699801954\n|switch|p2a: Gholdengo|Gholdengo|100\/100\n|-damage|p2a: Gholdengo|94\/100|[from] Stealth Rock\n|turn|29\n|\n|t:|1699801972\n|switch|p1a: Alomomola|Alomomola, F|100\/100\n|move|p2a: Gholdengo|Make It Rain|p1a: Alomomola\n|-resisted|p1a: Alomomola\n|-damage|p1a: Alomomola|81\/100\n|-unboost|p2a: Gholdengo|spa|1\n|\n|upkeep\n|turn|30\n|\n|t:|1699801985\n|switch|p2a: Landorus|Landorus-Therian, M, shiny|81\/100\n|-damage|p2a: Landorus|69\/100|[from] Stealth Rock\n|-ability|p2a: Landorus|Intimidate|boost\n|-unboost|p1a: Alomomola|atk|1\n|move|p1a: Alomomola|Scald|p2a: Landorus\n|-supereffective|p2a: Landorus\n|-damage|p2a: Landorus|40\/100\n|-status|p2a: Landorus|brn\n|\n|-damage|p2a: Landorus|34\/100 brn|[from] brn\n|upkeep\n|turn|31\n|\n|t:|1699801998\n|move|p2a: Landorus|Taunt|p1a: Alomomola\n|-start|p1a: Alomomola|move: Taunt\n|cant|p1a: Alomomola|move: Taunt|Wish\n|\n|-damage|p2a: Landorus|28\/100 brn|[from] brn\n|upkeep\n|turn|32\n|\n|t:|1699802002\n|move|p2a: Landorus|Earthquake|p1a: Alomomola\n|-damage|p1a: Alomomola|62\/100\n|move|p1a: Alomomola|Flip Turn|p2a: Landorus\n|-supereffective|p2a: Landorus\n|-damage|p2a: Landorus|12\/100 brn\n|\n|t:|1699802012\n|switch|p1a: Skeledirge|Skeledirge, F, tera:Fairy|72\/100|[from] Flip Turn\n|-damage|p1a: Skeledirge|47\/100|[from] Spikes\n|\n|-heal|p1a: Skeledirge|54\/100|[from] item: Leftovers\n|-damage|p2a: Landorus|6\/100 brn|[from] brn\n|upkeep\n|turn|33\n|\n|t:|1699802018\n|move|p2a: Landorus|Earthquake|p1a: Skeledirge\n|-damage|p1a: Skeledirge|32\/100\n|move|p1a: Skeledirge|Slack Off|p1a: Skeledirge\n|-heal|p1a: Skeledirge|82\/100\n|\n|-heal|p1a: Skeledirge|88\/100|[from] item: Leftovers\n|-damage|p2a: Landorus|0 fnt|[from] brn\n|faint|p2a: Landorus\n|upkeep\n|\n|t:|1699802021\n|switch|p2a: Gholdengo|Gholdengo|94\/100\n|-damage|p2a: Gholdengo|88\/100|[from] Stealth Rock\n|turn|34\n|\n|t:|1699802031\n|switch|p1a: Alomomola|Alomomola, F|96\/100\n|move|p2a: Gholdengo|Make It Rain|p1a: Alomomola\n|-resisted|p1a: Alomomola\n|-damage|p1a: Alomomola|73\/100\n|-unboost|p2a: Gholdengo|spa|1\n|\n|upkeep\n|turn|35\n|\n|t:|1699802038\n|move|p2a: Gholdengo|Nasty Plot|p2a: Gholdengo\n|-boost|p2a: Gholdengo|spa|2\n|move|p1a: Alomomola|Scald|p2a: Gholdengo\n|-damage|p2a: Gholdengo|75\/100\n|\n|upkeep\n|turn|36\n|\n|t:|1699802044\n|move|p2a: Gholdengo|Shadow Ball|p1a: Alomomola\n|-damage|p1a: Alomomola|31\/100\n|move|p1a: Alomomola|Flip Turn|p2a: Gholdengo\n|-damage|p2a: Gholdengo|63\/100\n|\n|t:|1699802047\n|switch|p1a: Tinkaton|Tinkaton, F|100\/100|[from] Flip Turn\n|-damage|p1a: Tinkaton|76\/100|[from] Spikes\n|-ability|p1a: Tinkaton|Mold Breaker\n|\n|-heal|p1a: Tinkaton|82\/100|[from] item: Leftovers\n|upkeep\n|turn|37\n|\n|t:|1699802057\n|move|p1a: Tinkaton|Thunder Wave|p2a: Gholdengo\n|-status|p2a: Gholdengo|par\n|cant|p2a: Gholdengo|par\n|\n|-heal|p1a: Tinkaton|88\/100|[from] item: Leftovers\n|upkeep\n|turn|38\n|\n|t:|1699802065\n|move|p1a: Tinkaton|Knock Off|p2a: Gholdengo\n|-supereffective|p2a: Gholdengo\n|-damage|p2a: Gholdengo|39\/100 par\n|-enditem|p2a: Gholdengo|Covert Cloak|[from] move: Knock Off|[of] p1a: Tinkaton\n|move|p2a: Gholdengo|Make It Rain|p1a: Tinkaton\n|-damage|p1a: Tinkaton|29\/100\n|-unboost|p2a: Gholdengo|spa|1\n|\n|-heal|p1a: Tinkaton|35\/100|[from] item: Leftovers\n|upkeep\n|turn|39\n|\n|t:|1699802095\n|move|p1a: Tinkaton|Gigaton Hammer|p2a: Gholdengo\n|-resisted|p2a: Gholdengo\n|-damage|p2a: Gholdengo|24\/100 par\n|move|p2a: Gholdengo|Recover|p2a: Gholdengo\n|-heal|p2a: Gholdengo|74\/100 par\n|\n|-heal|p1a: Tinkaton|41\/100|[from] item: Leftovers\n|upkeep\n|turn|40\n|\n|t:|1699802103\n|move|p1a: Tinkaton|Encore|p2a: Gholdengo\n|-start|p2a: Gholdengo|Encore\n|move|p2a: Gholdengo|Recover|p2a: Gholdengo\n|-heal|p2a: Gholdengo|100\/100 par\n|\n|-heal|p1a: Tinkaton|47\/100|[from] item: Leftovers\n|upkeep\n|turn|41\n|\n|t:|1699802111\n|switch|p1a: Skeledirge|Skeledirge, F, tera:Fairy|88\/100\n|-damage|p1a: Skeledirge|64\/100|[from] Spikes\n|move|p2a: Gholdengo|Recover||[still]\n|-fail|p2a: Gholdengo|heal\n|\n|-heal|p1a: Skeledirge|70\/100|[from] item: Leftovers\n|upkeep\n|turn|42\n|\n|t:|1699802136\n|switch|p2a: Cinderace|Cinderace, F|38\/100\n|move|p1a: Skeledirge|Torch Song|p2a: Cinderace\n|-resisted|p2a: Cinderace\n|-damage|p2a: Cinderace|21\/100\n|-boost|p1a: Skeledirge|spa|1\n|\n|-heal|p1a: Skeledirge|76\/100|[from] item: Leftovers\n|upkeep\n|turn|43\n|\n|t:|1699802150\n|move|p2a: Cinderace|Pyro Ball|p1a: Skeledirge|[miss]\n|-miss|p2a: Cinderace|p1a: Skeledirge\n|move|p1a: Skeledirge|Torch Song|p2a: Cinderace\n|-resisted|p2a: Cinderace\n|-damage|p2a: Cinderace|0 fnt\n|-boost|p1a: Skeledirge|spa|1\n|faint|p2a: Cinderace\n|\n|-heal|p1a: Skeledirge|82\/100|[from] item: Leftovers\n|upkeep\n|\n|t:|1699802168\n|switch|p2a: Meowscarada|Meowscarada, F, shiny|100\/100\n|turn|44\n|\n|t:|1699802173\n|move|p2a: Meowscarada|Flower Trick|p1a: Skeledirge\n|-start|p2a: Meowscarada|typechange|Grass|[from] ability: Protean\n|-crit|p1a: Skeledirge\n|-damage|p1a: Skeledirge|39\/100\n|move|p1a: Skeledirge|Will-O-Wisp|p2a: Meowscarada\n|-status|p2a: Meowscarada|brn\n|\n|-heal|p1a: Skeledirge|45\/100|[from] item: Leftovers\n|-damage|p2a: Meowscarada|94\/100 brn|[from] brn\n|upkeep\n|turn|45\n|\n|t:|1699802190\n|move|p2a: Meowscarada|Flower Trick|p1a: Skeledirge\n|-crit|p1a: Skeledirge\n|-damage|p1a: Skeledirge|25\/100\n|move|p1a: Skeledirge|Slack Off|p1a: Skeledirge\n|-heal|p1a: Skeledirge|75\/100\n|\n|-heal|p1a: Skeledirge|81\/100|[from] item: Leftovers\n|-damage|p2a: Meowscarada|88\/100 brn|[from] brn\n|upkeep\n|turn|46\n|c|\u2606Lialiabeast|gg\n|-message|Lialiabeast forfeited.\n|\n|win|Akritas\n|l|\u2606Lialiabeast\n|j|\u2606Lialiabeast\n|player|p2|Lialiabeast|emmet-masters\n|c|\u2606Akritas|GG\n|l| Lindsey Paraeah\n|j| Orgismenos ellinas\n|l| Orgismenos ellinas\n|l|\u2606Akritas\n|l| DimitrisNabby1\n","uploadtime":1699802213,"views":12,"p1id":"akritas","p2id":"lialiabeast","formatid":"gen9ubers","rating":0,"private":0,"password":""}