{"id":"gen9ubers-1991276065","p1":"hgfhfhg","p2":"Dragondom1","format":"[Gen 9] Ubers","log":"|j|\u2606hgfhfhg\n|j|\u2606Dragondom1\n|t:|1700063508\n|gametype|singles\n|player|p1|hgfhfhg|youngster-gen4dp|1000\n|player|p2|Dragondom1|169|1059\n|teamsize|p1|6\n|teamsize|p2|6\n|gen|9\n|tier|[Gen 9] Ubers\n|rated|\n|rule|Sleep Clause Mod: Limit one foe put to sleep\n|rule|Species Clause: Limit one of each Pok\u00e9mon\n|rule|OHKO Clause: OHKO moves are banned\n|rule|Evasion Items Clause: Evasion items are banned\n|rule|Evasion Moves Clause: Evasion moves are banned\n|rule|Endless Battle Clause: Forcing endless battles is banned\n|rule|HP Percentage Mod: HP is shown in percentages\n|clearpoke\n|poke|p1|Cresselia, F|\n|poke|p1|Dragonite, M|\n|poke|p1|Skeledirge, M|\n|poke|p1|Glimmora, F|\n|poke|p1|Weezing-Galar, F|\n|poke|p1|Ursaring, F|\n|poke|p2|Annihilape, F|\n|poke|p2|Miraidon|\n|poke|p2|Koraidon|\n|poke|p2|Calyrex-Ice|\n|poke|p2|Kyogre|\n|poke|p2|Zacian-*|\n|teampreview\n|\n|t:|1700063524\n|start\n|switch|p1a: Glimmora|Glimmora, F|100\/100\n|switch|p2a: Calyrex|Calyrex-Ice|100\/100\n|-ability|p2a: Calyrex|As One\n|-ability|p2a: Calyrex|Unnerve\n|turn|1\n|\n|t:|1700063537\n|switch|p2a: Kyogre|Kyogre|100\/100\n|-weather|RainDance|[from] ability: Drizzle|[of] p2a: Kyogre\n|move|p1a: Glimmora|Stealth Rock|p2a: Kyogre\n|-sidestart|p2: Dragondom1|move: Stealth Rock\n|\n|-weather|RainDance|[upkeep]\n|upkeep\n|turn|2\n|inactive|Battle timer is ON: inactive players will automatically lose when time's up. (requested by Dragondom1)\n|\n|t:|1700063546\n|move|p2a: Kyogre|Calm Mind|p2a: Kyogre\n|-boost|p2a: Kyogre|spa|1\n|-boost|p2a: Kyogre|spd|1\n|move|p1a: Glimmora|Light Screen|p1a: Glimmora\n|-sidestart|p1: hgfhfhg|move: Light Screen\n|\n|-weather|RainDance|[upkeep]\n|upkeep\n|turn|3\n|\n|t:|1700063552\n|move|p2a: Kyogre|Substitute|p2a: Kyogre\n|-start|p2a: Kyogre|Substitute\n|-damage|p2a: Kyogre|76\/100\n|move|p1a: Glimmora|Spikes|p2a: Kyogre\n|-sidestart|p2: Dragondom1|Spikes\n|\n|-weather|RainDance|[upkeep]\n|-heal|p2a: Kyogre|82\/100|[from] item: Leftovers\n|upkeep\n|turn|4\n|\n|t:|1700063558\n|move|p2a: Kyogre|Calm Mind|p2a: Kyogre\n|-boost|p2a: Kyogre|spa|1\n|-boost|p2a: Kyogre|spd|1\n|move|p1a: Glimmora|Sludge Bomb|p2a: Kyogre\n|-activate|p2a: Kyogre|move: Substitute|[damage]\n|\n|-weather|RainDance|[upkeep]\n|-heal|p2a: Kyogre|88\/100|[from] item: Leftovers\n|upkeep\n|turn|5\n|\n|t:|1700063566\n|move|p2a: Kyogre|Calm Mind|p2a: Kyogre\n|-boost|p2a: Kyogre|spa|1\n|-boost|p2a: Kyogre|spd|1\n|move|p1a: Glimmora|Sludge Bomb|p2a: Kyogre\n|-end|p2a: Kyogre|Substitute\n|\n|-weather|none\n|-heal|p2a: Kyogre|94\/100|[from] item: Leftovers\n|upkeep\n|turn|6\n|\n|t:|1700063577\n|move|p2a: Kyogre|Substitute|p2a: Kyogre\n|-start|p2a: Kyogre|Substitute\n|-damage|p2a: Kyogre|69\/100\n|move|p1a: Glimmora|Sludge Bomb|p2a: Kyogre\n|-activate|p2a: Kyogre|move: Substitute|[damage]\n|\n|-heal|p2a: Kyogre|76\/100|[from] item: Leftovers\n|-sideend|p1: hgfhfhg|move: Light Screen\n|upkeep\n|turn|7\n|\n|t:|1700063584\n|move|p2a: Kyogre|Calm Mind|p2a: Kyogre\n|-boost|p2a: Kyogre|spa|1\n|-boost|p2a: Kyogre|spd|1\n|move|p1a: Glimmora|Sludge Bomb|p2a: Kyogre\n|-activate|p2a: Kyogre|move: Substitute|[damage]\n|\n|-heal|p2a: Kyogre|82\/100|[from] item: Leftovers\n|upkeep\n|turn|8\n|\n|t:|1700063591\n|move|p2a: Kyogre|Calm Mind|p2a: Kyogre\n|-boost|p2a: Kyogre|spa|1\n|-boost|p2a: Kyogre|spd|1\n|move|p1a: Glimmora|Sludge Bomb|p2a: Kyogre\n|-end|p2a: Kyogre|Substitute\n|\n|-heal|p2a: Kyogre|88\/100|[from] item: Leftovers\n|upkeep\n|turn|9\n|\n|t:|1700063599\n|move|p2a: Kyogre|Substitute|p2a: Kyogre\n|-start|p2a: Kyogre|Substitute\n|-damage|p2a: Kyogre|63\/100\n|move|p1a: Glimmora|Light Screen|p1a: Glimmora\n|-sidestart|p1: hgfhfhg|move: Light Screen\n|\n|-heal|p2a: Kyogre|69\/100|[from] item: Leftovers\n|upkeep\n|turn|10\n|\n|t:|1700063606\n|switch|p1a: Weezing|Weezing-Galar, F|100\/100\n|move|p2a: Kyogre|Calm Mind|p2a: Kyogre\n|-boost|p2a: Kyogre|spa|1\n|-boost|p2a: Kyogre|spd|1\n|\n|-heal|p2a: Kyogre|76\/100|[from] item: Leftovers\n|upkeep\n|turn|11\n|\n|t:|1700063620\n|move|p2a: Kyogre|Surf|p1a: Weezing\n|-damage|p1a: Weezing|0 fnt\n|faint|p1a: Weezing\n|\n|-heal|p2a: Kyogre|82\/100|[from] item: Leftovers\n|upkeep\n|-message|hgfhfhg forfeited.\n|\n|win|Dragondom1\n|raw|hgfhfhg's rating: 1000 &rarr; <strong>1000<\/strong><br \/>(+0 for losing)\n|raw|Dragondom1's rating: 1059 &rarr; <strong>1085<\/strong><br \/>(+26 for winning)\n|l|\u2606hgfhfhg\n","uploadtime":1700063631,"views":12,"p1id":"hgfhfhg","p2id":"dragondom1","formatid":"gen9ubers","rating":1000,"private":0,"password":""}