{"id":"gen9ubers-1995620958","p1":"Passemonde RPPLF","p2":"Vincent RPPLF","format":"[Gen 9] Ubers","log":"|j|\u2606Passemonde RPPLF\n|j|\u2606Vincent RPPLF\n|t:|1700588207\n|gametype|singles\n|player|p1|Passemonde RPPLF|rood|\n|player|p2|Vincent RPPLF|2|\n|teamsize|p1|6\n|teamsize|p2|6\n|gen|9\n|tier|[Gen 9] Ubers\n|rule|Sleep Clause Mod: Limit one foe put to sleep\n|rule|Species Clause: Limit one of each Pok\u00e9mon\n|rule|OHKO Clause: OHKO moves are banned\n|rule|Evasion Items Clause: Evasion items are banned\n|rule|Evasion Moves Clause: Evasion moves are banned\n|rule|Endless Battle Clause: Forcing endless battles is banned\n|rule|HP Percentage Mod: HP is shown in percentages\n|clearpoke\n|poke|p1|Clefable, F|\n|poke|p1|Avalugg, M|\n|poke|p1|Crawdaunt, F|\n|poke|p1|Slowking-Galar, M|\n|poke|p1|Eternatus|\n|poke|p1|Landorus-Therian, M|\n|poke|p2|Skeledirge, F|\n|poke|p2|Great Tusk|\n|poke|p2|Heatran, F|\n|poke|p2|Toedscruel, M|\n|poke|p2|Azumarill, F|\n|poke|p2|Kommo-o, F|\n|teampreview\n|\n|t:|1700588234\n|start\n|switch|p1a: Landorus|Landorus-Therian, M|100\/100\n|switch|p2a: Toedscruel|Toedscruel, M|100\/100\n|-ability|p1a: Landorus|Intimidate|boost\n|-unboost|p2a: Toedscruel|atk|1\n|turn|1\n|\n|t:|1700588248\n|move|p1a: Landorus|U-turn|p2a: Toedscruel\n|-supereffective|p2a: Toedscruel\n|-damage|p2a: Toedscruel|32\/100\n|\n|t:|1700588256\n|switch|p1a: Eau revoir|Slowking-Galar, M|100\/100|[from] U-turn\n|move|p2a: Toedscruel|Leech Seed|p1a: Eau revoir|[miss]\n|-miss|p2a: Toedscruel|p1a: Eau revoir\n|\n|-heal|p2a: Toedscruel|38\/100|[from] item: Leftovers\n|upkeep\n|turn|2\n|\n|t:|1700588270\n|switch|p2a: Heatran|Heatran, F|100\/100\n|move|p1a: Eau revoir|Chilly Reception|p1a: Eau revoir\n|-weather|Snow\n|\n|t:|1700588278\n|switch|p1a: Landorus|Landorus-Therian, M|100\/100|[from] Chilly Reception\n|-ability|p1a: Landorus|Intimidate|boost\n|-unboost|p2a: Heatran|atk|1\n|\n|-weather|Snow|[upkeep]\n|upkeep\n|turn|3\n|\n|t:|1700588288\n|move|p2a: Heatran|Protect|p2a: Heatran\n|-singleturn|p2a: Heatran|Protect\n|move|p1a: Landorus|U-turn|p2a: Heatran\n|-activate|p2a: Heatran|move: Protect\n|\n|-weather|Snow|[upkeep]\n|upkeep\n|turn|4\n|\n|t:|1700588296\n|switch|p2a: Great Tusk|Great Tusk|100\/100\n|move|p1a: Landorus|U-turn|p2a: Great Tusk\n|-resisted|p2a: Great Tusk\n|-damage|p2a: Great Tusk|91\/100\n|\n|t:|1700588341\n|switch|p1a: Eau chiotte|Crawdaunt, F|100\/100|[from] U-turn\n|\n|-weather|Snow|[upkeep]\n|upkeep\n|turn|5\n|\n|t:|1700588349\n|switch|p1a: Landorus|Landorus-Therian, M|100\/100\n|-ability|p1a: Landorus|Intimidate|boost\n|-unboost|p2a: Great Tusk|atk|1\n|move|p2a: Great Tusk|Close Combat|p1a: Landorus\n|-resisted|p1a: Landorus\n|-damage|p1a: Landorus|75\/100\n|-unboost|p2a: Great Tusk|def|1\n|-unboost|p2a: Great Tusk|spd|1\n|\n|-weather|Snow|[upkeep]\n|upkeep\n|turn|6\n|\n|t:|1700588363\n|-end|p2a: Great Tusk|Protosynthesis|[silent]\n|switch|p2a: Toedscruel|Toedscruel, M|38\/100\n|-terastallize|p1a: Landorus|Flying\n|move|p1a: Landorus|Tera Blast|p2a: Toedscruel|[anim] Tera Blast Flying\n|-supereffective|p2a: Toedscruel\n|-damage|p2a: Toedscruel|0 fnt\n|faint|p2a: Toedscruel\n|\n|-weather|none\n|upkeep\n|\n|t:|1700588371\n|switch|p2a: Azumarill|Azumarill, F|100\/100\n|turn|7\n|\n|t:|1700588435\n|switch|p1a: Eau revoir|Slowking-Galar, M|100\/100\n|move|p2a: Azumarill|Liquidation|p1a: Eau revoir\n|-damage|p1a: Eau revoir|46\/100\n|-enditem|p1a: Eau revoir|Sitrus Berry|[eat]\n|-heal|p1a: Eau revoir|71\/100|[from] item: Sitrus Berry\n|\n|upkeep\n|turn|8\n|\n|t:|1700588460\n|switch|p2a: Heatran|Heatran, F|100\/100\n|move|p1a: Eau revoir|Chilly Reception|p1a: Eau revoir\n|-weather|Snow\n|\n|t:|1700588493\n|switch|p1a: Landorus|Landorus-Therian, M, tera:Flying|75\/100|[from] Chilly Reception\n|-ability|p1a: Landorus|Intimidate|boost\n|-unboost|p2a: Heatran|atk|1\n|\n|-weather|Snow|[upkeep]\n|upkeep\n|turn|9\n|\n|t:|1700588507\n|move|p2a: Heatran|Protect|p2a: Heatran\n|-singleturn|p2a: Heatran|Protect\n|move|p1a: Landorus|Earthquake|p2a: Heatran\n|-activate|p2a: Heatran|move: Protect\n|\n|-weather|Snow|[upkeep]\n|upkeep\n|turn|10\n|\n|t:|1700588519\n|-terastallize|p2a: Heatran|Grass\n|move|p1a: Landorus|Earthquake|p2a: Heatran\n|-resisted|p2a: Heatran\n|-damage|p2a: Heatran|77\/100\n|move|p2a: Heatran|Magma Storm|p1a: Landorus\n|-damage|p1a: Landorus|0 fnt\n|faint|p1a: Landorus\n|\n|-weather|Snow|[upkeep]\n|-heal|p2a: Heatran|84\/100|[from] item: Leftovers\n|upkeep\n|\n|t:|1700588534\n|switch|p1a: Eau revoir|Slowking-Galar, M|100\/100\n|turn|11\n|\n|t:|1700588551\n|switch|p2a: Kommo-o|Kommo-o, F|100\/100\n|move|p1a: Eau revoir|Sludge Bomb|p2a: Kommo-o\n|-immune|p2a: Kommo-o|[from] ability: Bulletproof\n|\n|-weather|Snow|[upkeep]\n|upkeep\n|turn|12\n|\n|t:|1700588563\n|move|p2a: Kommo-o|Clangorous Soul|p2a: Kommo-o\n|-boost|p2a: Kommo-o|atk|1\n|-boost|p2a: Kommo-o|def|1\n|-boost|p2a: Kommo-o|spa|1\n|-boost|p2a: Kommo-o|spd|1\n|-boost|p2a: Kommo-o|spe|1\n|-damage|p2a: Kommo-o|68\/100\n|-enditem|p2a: Kommo-o|Throat Spray\n|-boost|p2a: Kommo-o|spa|1|[from] item: Throat Spray\n|move|p1a: Eau revoir|Yawn|p2a: Kommo-o\n|-start|p2a: Kommo-o|move: Yawn|[of] p1a: Eau revoir\n|\n|-weather|none\n|upkeep\n|turn|13\n|\n|t:|1700588590\n|switch|p2a: Azumarill|Azumarill, F|100\/100\n|move|p1a: Eau revoir|Chilly Reception|p1a: Eau revoir\n|-weather|Snow\n|\n|t:|1700588603\n|switch|p1a: Eternatus|Eternatus|100\/100|[from] Chilly Reception\n|-ability|p1a: Eternatus|Pressure\n|\n|-weather|Snow|[upkeep]\n|upkeep\n|turn|14\n|\n|t:|1700588617\n|switch|p2a: Heatran|Heatran, F, tera:Grass|84\/100\n|move|p1a: Eternatus|Sludge Bomb|p2a: Heatran\n|-supereffective|p2a: Heatran\n|-damage|p2a: Heatran|0 fnt\n|faint|p2a: Heatran\n|\n|-weather|Snow|[upkeep]\n|upkeep\n|\n|t:|1700588629\n|switch|p2a: Great Tusk|Great Tusk|91\/100\n|turn|15\n|\n|t:|1700588634\n|switch|p1a: Dragon berg|Avalugg, M|100\/100\n|move|p2a: Great Tusk|Headlong Rush|p1a: Dragon berg\n|-damage|p1a: Dragon berg|83\/100\n|-unboost|p2a: Great Tusk|def|1\n|-unboost|p2a: Great Tusk|spd|1\n|\n|-weather|Snow|[upkeep]\n|-heal|p1a: Dragon berg|90\/100|[from] ability: Ice Body\n|upkeep\n|turn|16\n|c|\u2606Vincent RPPLF|Gg bg\n|\n|t:|1700588657\n|-end|p2a: Great Tusk|Protosynthesis|[silent]\n|switch|p2a: Skeledirge|Skeledirge, F|100\/100\n|switch|p1a: Eau chiotte|Crawdaunt, F|100\/100\n|\n|-weather|Snow|[upkeep]\n|upkeep\n|turn|17\n|\n|t:|1700588671\n|move|p1a: Eau chiotte|Knock Off|p2a: Skeledirge\n|-supereffective|p2a: Skeledirge\n|-damage|p2a: Skeledirge|18\/100\n|-enditem|p2a: Skeledirge|Heavy-Duty Boots|[from] move: Knock Off|[of] p1a: Eau chiotte\n|move|p2a: Skeledirge|Will-O-Wisp|p1a: Eau chiotte|[miss]\n|-miss|p2a: Skeledirge|p1a: Eau chiotte\n|\n|-weather|none\n|upkeep\n|turn|18\n|\n|t:|1700588689\n|move|p1a: Eau chiotte|Crabhammer|p2a: Skeledirge\n|-supereffective|p2a: Skeledirge\n|-damage|p2a: Skeledirge|0 fnt\n|faint|p2a: Skeledirge\n|\n|upkeep\n|\n|t:|1700588702\n|switch|p2a: Great Tusk|Great Tusk|91\/100\n|turn|19\n|\n|t:|1700588716\n|move|p1a: Eau chiotte|Aqua Jet|p2a: Great Tusk\n|-supereffective|p2a: Great Tusk\n|-damage|p2a: Great Tusk|43\/100\n|move|p2a: Great Tusk|Close Combat|p1a: Eau chiotte\n|-supereffective|p1a: Eau chiotte\n|-crit|p1a: Eau chiotte\n|-damage|p1a: Eau chiotte|0 fnt\n|-unboost|p2a: Great Tusk|def|1\n|-unboost|p2a: Great Tusk|spd|1\n|faint|p1a: Eau chiotte\n|\n|upkeep\n|\n|t:|1700588751\n|switch|p1a: Dragon berg|Avalugg, M|90\/100\n|turn|20\n|\n|t:|1700588759\n|move|p2a: Great Tusk|Close Combat|p1a: Dragon berg\n|-supereffective|p1a: Dragon berg\n|-damage|p1a: Dragon berg|43\/100\n|-unboost|p2a: Great Tusk|def|1\n|-unboost|p2a: Great Tusk|spd|1\n|move|p1a: Dragon berg|Avalanche|p2a: Great Tusk\n|-supereffective|p2a: Great Tusk\n|-damage|p2a: Great Tusk|0 fnt\n|faint|p2a: Great Tusk\n|-end|p2a: Great Tusk|Protosynthesis|[silent]\n|\n|upkeep\n|\n|t:|1700588767\n|switch|p2a: Kommo-o|Kommo-o, F|68\/100\n|turn|21\n|\n|t:|1700588776\n|move|p2a: Kommo-o|Boomburst|p1a: Dragon berg\n|-damage|p1a: Dragon berg|0 fnt\n|faint|p1a: Dragon berg\n|\n|upkeep\n|\n|t:|1700588782\n|switch|p1a: Eau mon dieu|Clefable, F|100\/100\n|turn|22\n|\n|t:|1700588796\n|switch|p2a: Azumarill|Azumarill, F|100\/100\n|switch|p1a: Eternatus|Eternatus|100\/100\n|-ability|p1a: Eternatus|Pressure\n|\n|upkeep\n|turn|23\n|\n|t:|1700588810\n|move|p1a: Eternatus|Cosmic Power|p1a: Eternatus\n|-boost|p1a: Eternatus|def|1\n|-boost|p1a: Eternatus|spd|1\n|move|p2a: Azumarill|Play Rough|p1a: Eternatus\n|-damage|p1a: Eternatus|74\/100\n|-unboost|p1a: Eternatus|atk|1\n|\n|-heal|p1a: Eternatus|81\/100|[from] item: Leftovers\n|upkeep\n|turn|24\n|-message|Vincent RPPLF forfeited.\n|\n|win|Passemonde RPPLF\n|l|\u2606Vincent RPPLF\n","uploadtime":1700588824,"views":11,"p1id":"passemonderpplf","p2id":"vincentrpplf","formatid":"gen9ubers","rating":0,"private":0,"password":""}