{"id":"gen9ubers-1999996004","p1":"slugmaaa","p2":"BLACK METAL 3","format":"[Gen 9] Ubers","log":"|j|\u2606slugmaaa\n|j|\u2606BLACK METAL 3\n|t:|1701139064\n|gametype|singles\n|player|p1|slugmaaa|265|\n|player|p2|BLACK METAL 3|clerk|\n|teamsize|p1|6\n|teamsize|p2|6\n|gen|9\n|tier|[Gen 9] Ubers\n|rule|Sleep Clause Mod: Limit one foe put to sleep\n|rule|Species Clause: Limit one of each Pok\u00e9mon\n|rule|OHKO Clause: OHKO moves are banned\n|rule|Evasion Items Clause: Evasion items are banned\n|rule|Evasion Moves Clause: Evasion moves are banned\n|rule|Endless Battle Clause: Forcing endless battles is banned\n|rule|HP Percentage Mod: HP is shown in percentages\n|clearpoke\n|poke|p1|Sableye, M|\n|poke|p1|Arcanine-Hisui, F|\n|poke|p1|Gholdengo|\n|poke|p1|Cresselia, F|\n|poke|p1|Iron Hands|\n|poke|p1|Iron Bundle|\n|poke|p2|Espathra, M|\n|poke|p2|Garganacl, F|\n|poke|p2|Rillaboom, M|\n|poke|p2|Azumarill, M|\n|poke|p2|Lurantis, M|\n|poke|p2|Dragapult, F|\n|teampreview\n|j| Sol CPU\n|j| Squirshawott\n|\n|t:|1701139119\n|start\n|switch|p1a: eaten by VNM|Arcanine-Hisui, F, shiny|100\/100\n|switch|p2a: Cymbal!|Rillaboom, M|100\/100\n|-fieldstart|move: Grassy Terrain|[from] ability: Grassy Surge|[of] p2a: Cymbal!\n|-ability|p1a: eaten by VNM|Intimidate|boost\n|-unboost|p2a: Cymbal!|atk|1\n|turn|1\n|\n|t:|1701139176\n|switch|p2a: Aquafina|Azumarill, M|100\/100\n|move|p1a: eaten by VNM|Will-O-Wisp|p2a: Aquafina|[miss]\n|-miss|p1a: eaten by VNM|p2a: Aquafina\n|\n|upkeep\n|turn|2\n|\n|t:|1701139203\n|switch|p1a: big hands? ;)|Iron Hands, shiny|100\/100\n|move|p2a: Aquafina|Knock Off|p1a: big hands? ;)\n|-resisted|p1a: big hands? ;)\n|-damage|p1a: big hands? ;)|85\/100\n|-enditem|p1a: big hands? ;)|Punching Glove|[from] move: Knock Off|[of] p2a: Aquafina\n|-damage|p2a: Aquafina|91\/100|[from] item: Life Orb\n|\n|-heal|p2a: Aquafina|97\/100|[from] Grassy Terrain\n|-heal|p1a: big hands? ;)|91\/100|[from] Grassy Terrain\n|upkeep\n|turn|3\n|\n|t:|1701139218\n|move|p2a: Aquafina|Play Rough|p1a: big hands? ;)\n|-supereffective|p1a: big hands? ;)\n|-damage|p1a: big hands? ;)|15\/100\n|-damage|p2a: Aquafina|87\/100|[from] item: Life Orb\n|move|p1a: big hands? ;)|Wild Charge|p2a: Aquafina\n|-supereffective|p2a: Aquafina\n|-damage|p2a: Aquafina|0 fnt\n|faint|p2a: Aquafina\n|-damage|p1a: big hands? ;)|0 fnt|[from] Recoil\n|faint|p1a: big hands? ;)\n|-end|p1a: big hands? ;)|Quark Drive|[silent]\n|\n|upkeep\n|\n|t:|1701139240\n|switch|p2a: Snakeskin|Dragapult, F|100\/100\n|switch|p1a: cc god|Sableye, M|100\/100\n|turn|4\n|\n|t:|1701139255\n|move|p1a: cc god|Will-O-Wisp|p2a: Snakeskin\n|-status|p2a: Snakeskin|brn\n|move|p2a: Snakeskin|Dragon Pulse|p1a: cc god\n|-damage|p1a: cc god|70\/100\n|\n|-heal|p1a: cc god|76\/100|[from] Grassy Terrain\n|-damage|p2a: Snakeskin|94\/100 brn|[from] brn\n|upkeep\n|turn|5\n|\n|t:|1701139272\n|move|p1a: cc god|Light Screen|p1a: cc god\n|-sidestart|p1: slugmaaa|move: Light Screen\n|move|p2a: Snakeskin|Will-O-Wisp|p1a: cc god\n|-status|p1a: cc god|brn\n|\n|-heal|p2a: Snakeskin|100\/100 brn|[from] Grassy Terrain\n|-heal|p1a: cc god|82\/100 brn|[from] Grassy Terrain\n|-damage|p2a: Snakeskin|94\/100 brn|[from] brn\n|-damage|p1a: cc god|76\/100 brn|[from] brn\n|-fieldend|move: Grassy Terrain\n|upkeep\n|turn|6\n|\n|t:|1701139286\n|switch|p2a: Cutter|Lurantis, M|100\/100\n|switch|p1a: eaten by VNM|Arcanine-Hisui, F, shiny|100\/100\n|-ability|p1a: eaten by VNM|Intimidate|boost\n|-boost|p2a: Cutter|atk|1\n|\n|upkeep\n|turn|7\n|\n|t:|1701139340\n|move|p1a: eaten by VNM|Flare Blitz|p2a: Cutter\n|-supereffective|p2a: Cutter\n|-damage|p2a: Cutter|17\/100\n|-damage|p1a: eaten by VNM|78\/100|[from] Recoil\n|move|p2a: Cutter|Superpower|p1a: eaten by VNM\n|-supereffective|p1a: eaten by VNM\n|-damage|p1a: eaten by VNM|17\/100\n|-boost|p2a: Cutter|atk|1\n|-boost|p2a: Cutter|def|1\n|-damage|p2a: Cutter|0 fnt|[from] item: Rocky Helmet|[of] p1a: eaten by VNM\n|faint|p2a: Cutter\n|\n|upkeep\n|\n|t:|1701139373\n|switch|p2a: Stone Hands|Garganacl, F|100\/100\n|turn|8\n|\n|t:|1701139383\n|move|p1a: eaten by VNM|Will-O-Wisp|p2a: Stone Hands\n|-immune|p2a: Stone Hands|[from] ability: Purifying Salt\n|move|p2a: Stone Hands|Salt Cure|p1a: eaten by VNM\n|-supereffective|p1a: eaten by VNM\n|-damage|p1a: eaten by VNM|0 fnt\n|faint|p1a: eaten by VNM\n|\n|upkeep\n|\n|t:|1701139494\n|switch|p1a: toxic|Iron Bundle, shiny|100\/100\n|turn|9\n|\n|t:|1701139501\n|move|p1a: toxic|Hydro Pump|p2a: Stone Hands\n|-supereffective|p2a: Stone Hands\n|-crit|p2a: Stone Hands\n|-damage|p2a: Stone Hands|0 fnt\n|faint|p2a: Stone Hands\n|-damage|p1a: toxic|91\/100|[from] item: Life Orb\n|\n|upkeep\n|\n|t:|1701139508\n|switch|p2a: Cymbal!|Rillaboom, M|100\/100\n|-fieldstart|move: Grassy Terrain|[from] ability: Grassy Surge|[of] p2a: Cymbal!\n|turn|10\n|\n|t:|1701139516\n|-end|p1a: toxic|Quark Drive|[silent]\n|switch|p1a: capitalism|Gholdengo|100\/100\n|move|p2a: Cymbal!|Grassy Glide|p1a: capitalism\n|-resisted|p1a: capitalism\n|-damage|p1a: capitalism|71\/100\n|\n|-heal|p1a: capitalism|77\/100|[from] Grassy Terrain\n|upkeep\n|turn|11\n|\n|t:|1701139525\n|switch|p2a: Snakeskin|Dragapult, F|94\/100 brn\n|move|p1a: capitalism|Make It Rain|p2a: Snakeskin\n|-damage|p2a: Snakeskin|29\/100 brn\n|-unboost|p1a: capitalism|spa|1\n|\n|-heal|p1a: capitalism|83\/100|[from] Grassy Terrain\n|-heal|p2a: Snakeskin|35\/100 brn|[from] Grassy Terrain\n|-damage|p2a: Snakeskin|29\/100 brn|[from] brn\n|upkeep\n|turn|12\n|\n|t:|1701139539\n|move|p1a: capitalism|Make It Rain|p2a: Snakeskin\n|-damage|p2a: Snakeskin|0 fnt\n|-unboost|p1a: capitalism|spa|1\n|faint|p2a: Snakeskin\n|\n|-heal|p1a: capitalism|89\/100|[from] Grassy Terrain\n|-sideend|p1: slugmaaa|move: Light Screen\n|upkeep\n|\n|t:|1701139548\n|switch|p2a: Wingdings|Espathra, M|100\/100\n|-enditem|p2a: Wingdings|Grassy Seed\n|-boost|p2a: Wingdings|def|1|[from] item: Grassy Seed\n|turn|13\n|\n|t:|1701139559\n|switch|p1a: cc god|Sableye, M|76\/100 brn\n|move|p2a: Wingdings|Calm Mind|p2a: Wingdings\n|-boost|p2a: Wingdings|spa|1\n|-boost|p2a: Wingdings|spd|1\n|\n|-heal|p1a: cc god|82\/100 brn|[from] Grassy Terrain\n|-damage|p1a: cc god|76\/100 brn|[from] brn\n|-ability|p2a: Wingdings|Speed Boost|boost\n|-boost|p2a: Wingdings|spe|1\n|upkeep\n|turn|14\n|\n|t:|1701139570\n|move|p1a: cc god|Taunt|p2a: Wingdings\n|-start|p2a: Wingdings|move: Taunt\n|move|p2a: Wingdings|Dazzling Gleam|p1a: cc god\n|-supereffective|p1a: cc god\n|-damage|p1a: cc god|20\/100 brn\n|\n|-heal|p1a: cc god|26\/100 brn|[from] Grassy Terrain\n|-damage|p1a: cc god|20\/100 brn|[from] brn\n|-fieldend|move: Grassy Terrain\n|-ability|p2a: Wingdings|Speed Boost|boost\n|-boost|p2a: Wingdings|spe|1\n|upkeep\n|turn|15\n|\n|t:|1701139581\n|move|p1a: cc god|Light Screen|p1a: cc god\n|-sidestart|p1: slugmaaa|move: Light Screen\n|move|p2a: Wingdings|Dazzling Gleam|p1a: cc god\n|-supereffective|p1a: cc god\n|-damage|p1a: cc god|0 fnt\n|faint|p1a: cc god\n|\n|-ability|p2a: Wingdings|Speed Boost|boost\n|-boost|p2a: Wingdings|spe|1\n|upkeep\n|\n|t:|1701139584\n|switch|p1a: subscribe to mm|Cresselia, F, shiny|100\/100\n|turn|16\n|\n|t:|1701139590\n|switch|p2a: Cymbal!|Rillaboom, M|100\/100\n|-fieldstart|move: Grassy Terrain|[from] ability: Grassy Surge|[of] p2a: Cymbal!\n|move|p1a: subscribe to mm|Calm Mind|p1a: subscribe to mm\n|-boost|p1a: subscribe to mm|spa|1\n|-boost|p1a: subscribe to mm|spd|1\n|\n|upkeep\n|turn|17\n|\n|t:|1701139616\n|switch|p1a: toxic|Iron Bundle, shiny|91\/100\n|move|p2a: Cymbal!|Wood Hammer|p1a: toxic\n|-supereffective|p1a: toxic\n|-damage|p1a: toxic|0 fnt\n|faint|p1a: toxic\n|-end|p1a: toxic|Quark Drive|[silent]\n|-damage|p2a: Cymbal!|79\/100|[from] Recoil\n|\n|-heal|p2a: Cymbal!|85\/100|[from] Grassy Terrain\n|upkeep\n|\n|t:|1701139622\n|switch|p1a: capitalism|Gholdengo|89\/100\n|turn|18\n|\n|t:|1701139627\n|move|p1a: capitalism|Make It Rain|p2a: Cymbal!\n|-damage|p2a: Cymbal!|3\/100\n|-unboost|p1a: capitalism|spa|1\n|move|p2a: Cymbal!|Wood Hammer|p1a: capitalism\n|-resisted|p1a: capitalism\n|-damage|p1a: capitalism|17\/100\n|-damage|p2a: Cymbal!|0 fnt|[from] Recoil\n|faint|p2a: Cymbal!\n|\n|-heal|p1a: capitalism|23\/100|[from] Grassy Terrain\n|upkeep\n|\n|t:|1701139638\n|switch|p2a: Wingdings|Espathra, M|100\/100\n|turn|19\n|\n|t:|1701139647\n|switch|p1a: subscribe to mm|Cresselia, F, shiny|100\/100\n|move|p2a: Wingdings|Calm Mind|p2a: Wingdings\n|-boost|p2a: Wingdings|spa|1\n|-boost|p2a: Wingdings|spd|1\n|\n|-ability|p2a: Wingdings|Speed Boost|boost\n|-boost|p2a: Wingdings|spe|1\n|upkeep\n|turn|20\n|\n|t:|1701139668\n|move|p2a: Wingdings|Calm Mind|p2a: Wingdings\n|-boost|p2a: Wingdings|spa|1\n|-boost|p2a: Wingdings|spd|1\n|move|p1a: subscribe to mm|Calm Mind|p1a: subscribe to mm\n|-boost|p1a: subscribe to mm|spa|1\n|-boost|p1a: subscribe to mm|spd|1\n|\n|-fieldend|move: Grassy Terrain\n|-ability|p2a: Wingdings|Speed Boost|boost\n|-boost|p2a: Wingdings|spe|1\n|upkeep\n|turn|21\n|\n|t:|1701139676\n|move|p2a: Wingdings|Calm Mind|p2a: Wingdings\n|-boost|p2a: Wingdings|spa|1\n|-boost|p2a: Wingdings|spd|1\n|move|p1a: subscribe to mm|Calm Mind|p1a: subscribe to mm\n|-boost|p1a: subscribe to mm|spa|1\n|-boost|p1a: subscribe to mm|spd|1\n|\n|-ability|p2a: Wingdings|Speed Boost|boost\n|-boost|p2a: Wingdings|spe|1\n|upkeep\n|turn|22\n|\n|t:|1701139684\n|move|p2a: Wingdings|Calm Mind|p2a: Wingdings\n|-boost|p2a: Wingdings|spa|1\n|-boost|p2a: Wingdings|spd|1\n|move|p1a: subscribe to mm|Calm Mind|p1a: subscribe to mm\n|-boost|p1a: subscribe to mm|spa|1\n|-boost|p1a: subscribe to mm|spd|1\n|\n|-sideend|p1: slugmaaa|move: Light Screen\n|-ability|p2a: Wingdings|Speed Boost|boost\n|-boost|p2a: Wingdings|spe|1\n|upkeep\n|turn|23\n|\n|t:|1701139694\n|move|p2a: Wingdings|Calm Mind|p2a: Wingdings\n|-boost|p2a: Wingdings|spa|1\n|-boost|p2a: Wingdings|spd|1\n|move|p1a: subscribe to mm|Calm Mind|p1a: subscribe to mm\n|-boost|p1a: subscribe to mm|spa|1\n|-boost|p1a: subscribe to mm|spd|1\n|\n|-ability|p2a: Wingdings|Speed Boost|boost\n|-boost|p2a: Wingdings|spe|1\n|upkeep\n|turn|24\n|\n|t:|1701139702\n|move|p2a: Wingdings|Calm Mind|p2a: Wingdings\n|-boost|p2a: Wingdings|spa|1\n|-boost|p2a: Wingdings|spd|1\n|move|p1a: subscribe to mm|Thunder Wave|p2a: Wingdings\n|-status|p2a: Wingdings|par\n|\n|-ability|p2a: Wingdings|Speed Boost|boost\n|-boost|p2a: Wingdings|spe|1\n|upkeep\n|turn|25\n|\n|t:|1701139710\n|move|p2a: Wingdings|Stored Power|p1a: subscribe to mm\n|-resisted|p1a: subscribe to mm\n|-damage|p1a: subscribe to mm|57\/100\n|move|p1a: subscribe to mm|Calm Mind|p1a: subscribe to mm\n|-boost|p1a: subscribe to mm|spa|1\n|-boost|p1a: subscribe to mm|spd|1\n|\n|-heal|p1a: subscribe to mm|63\/100|[from] item: Leftovers\n|upkeep\n|turn|26\n|\n|t:|1701139718\n|move|p2a: Wingdings|Stored Power|p1a: subscribe to mm\n|-resisted|p1a: subscribe to mm\n|-damage|p1a: subscribe to mm|23\/100\n|move|p1a: subscribe to mm|Calm Mind|p1a: subscribe to mm\n|-boost|p1a: subscribe to mm|spa|1\n|-boost|p1a: subscribe to mm|spd|1\n|\n|-heal|p1a: subscribe to mm|29\/100|[from] item: Leftovers\n|upkeep\n|turn|27\n|\n|t:|1701139726\n|move|p2a: Wingdings|Stored Power|p1a: subscribe to mm\n|-resisted|p1a: subscribe to mm\n|-damage|p1a: subscribe to mm|0 fnt\n|faint|p1a: subscribe to mm\n|\n|upkeep\n|\n|t:|1701139730\n|switch|p1a: capitalism|Gholdengo|23\/100\n|turn|28\n|\n|t:|1701139736\n|cant|p2a: Wingdings|par\n|move|p1a: capitalism|Shadow Ball|p2a: Wingdings\n|-supereffective|p2a: Wingdings\n|-damage|p2a: Wingdings|69\/100 par\n|\n|upkeep\n|turn|29\n|\n|t:|1701139743\n|move|p2a: Wingdings|Stored Power|p1a: capitalism\n|-resisted|p1a: capitalism\n|-damage|p1a: capitalism|0 fnt\n|faint|p1a: capitalism\n|\n|win|BLACK METAL 3\n|l|\u2606slugmaaa\n","uploadtime":1701139782,"views":2,"p1id":"slugmaaa","p2id":"blackmetal3","formatid":"gen9ubers","rating":0,"private":0,"password":""}