{"id":"gen9ubers-1997665919","p1":"afagags","p2":"Autismo27","format":"[Gen 9] Ubers","log":"|j|\u2606afagags\n|j|\u2606Autismo27\n|t:|1700839402\n|gametype|singles\n|player|p1|afagags|102|1099\n|player|p2|Autismo27|benga|1076\n|teamsize|p1|6\n|teamsize|p2|6\n|gen|9\n|tier|[Gen 9] Ubers\n|rated|\n|rule|Sleep Clause Mod: Limit one foe put to sleep\n|rule|Species Clause: Limit one of each Pok\u00e9mon\n|rule|OHKO Clause: OHKO moves are banned\n|rule|Evasion Items Clause: Evasion items are banned\n|rule|Evasion Moves Clause: Evasion moves are banned\n|rule|Endless Battle Clause: Forcing endless battles is banned\n|rule|HP Percentage Mod: HP is shown in percentages\n|clearpoke\n|poke|p1|Ribombee, M|\n|poke|p1|Flutter Mane|\n|poke|p1|Zacian-*|\n|poke|p1|Kyogre|\n|poke|p1|Gholdengo|\n|poke|p1|Miraidon|\n|poke|p2|Tyranitar, F|\n|poke|p2|Kommo-o, F|\n|poke|p2|Lycanroc, F|\n|poke|p2|Ogerpon-Hearthflame, F|\n|poke|p2|Kingambit, F|\n|poke|p2|Baxcalibur, F|\n|teampreview\n|j| xOmqkyurem\n|\n|t:|1700839408\n|start\n|switch|p1a: Ribombee|Ribombee, M|100\/100\n|switch|p2a: Tyranitar|Tyranitar, F|100\/100\n|-weather|Sandstorm|[from] ability: Sand Stream|[of] p2a: Tyranitar\n|turn|1\n|\n|t:|1700839427\n|move|p1a: Ribombee|Moonblast|p2a: Tyranitar\n|-supereffective|p2a: Tyranitar\n|-damage|p2a: Tyranitar|50\/100\n|move|p2a: Tyranitar|Knock Off|p1a: Ribombee\n|-resisted|p1a: Ribombee\n|-damage|p1a: Ribombee|45\/100\n|-enditem|p1a: Ribombee|Focus Sash|[from] move: Knock Off|[of] p2a: Tyranitar\n|\n|-weather|Sandstorm|[upkeep]\n|-damage|p1a: Ribombee|38\/100|[from] Sandstorm\n|upkeep\n|turn|2\n|\n|t:|1700839437\n|move|p1a: Ribombee|Moonblast|p2a: Tyranitar\n|-supereffective|p2a: Tyranitar\n|-damage|p2a: Tyranitar|2\/100\n|-enditem|p2a: Tyranitar|Aguav Berry|[eat]\n|-heal|p2a: Tyranitar|35\/100|[from] item: Aguav Berry\n|move|p2a: Tyranitar|Ice Punch|p1a: Ribombee\n|-damage|p1a: Ribombee|0 fnt\n|faint|p1a: Ribombee\n|\n|-weather|Sandstorm|[upkeep]\n|upkeep\n|\n|t:|1700839446\n|switch|p1a: Flutter Mane|Flutter Mane|100\/100\n|turn|3\n|\n|t:|1700839451\n|move|p1a: Flutter Mane|Moonblast|p2a: Tyranitar\n|-supereffective|p2a: Tyranitar\n|-damage|p2a: Tyranitar|0 fnt\n|faint|p2a: Tyranitar\n|\n|-weather|Sandstorm|[upkeep]\n|-damage|p1a: Flutter Mane|95\/100|[from] Sandstorm\n|upkeep\n|l| xOmqkyurem\n|\n|t:|1700839459\n|switch|p2a: Lycanroc|Lycanroc, F, shiny|100\/100\n|turn|4\n|\n|t:|1700839484\n|-end|p1a: Flutter Mane|Protosynthesis|[silent]\n|switch|p1a: Gholdengo|Gholdengo|100\/100\n|move|p2a: Lycanroc|Rock Blast|p1a: Gholdengo\n|-resisted|p1a: Gholdengo\n|-damage|p1a: Gholdengo|95\/100\n|-resisted|p1a: Gholdengo\n|-damage|p1a: Gholdengo|89\/100\n|-resisted|p1a: Gholdengo\n|-damage|p1a: Gholdengo|84\/100\n|-resisted|p1a: Gholdengo\n|-damage|p1a: Gholdengo|78\/100\n|-hitcount|p1a: Gholdengo|4\n|\n|-weather|Sandstorm|[upkeep]\n|-heal|p1a: Gholdengo|84\/100|[from] item: Leftovers\n|upkeep\n|turn|5\n|\n|t:|1700839497\n|move|p2a: Lycanroc|Crunch|p1a: Gholdengo\n|-supereffective|p1a: Gholdengo\n|-damage|p1a: Gholdengo|40\/100\n|move|p1a: Gholdengo|Make It Rain|p2a: Lycanroc\n|-supereffective|p2a: Lycanroc\n|-damage|p2a: Lycanroc|0 fnt\n|-unboost|p1a: Gholdengo|spa|1\n|faint|p2a: Lycanroc\n|\n|-weather|none\n|-heal|p1a: Gholdengo|46\/100|[from] item: Leftovers\n|upkeep\n|\n|t:|1700839508\n|switch|p2a: Ogerpon|Ogerpon-Hearthflame, F|100\/100\n|-ability|p2a: Ogerpon|Mold Breaker\n|turn|6\n|\n|t:|1700839515\n|move|p2a: Ogerpon|Trailblaze|p1a: Gholdengo\n|-resisted|p1a: Gholdengo\n|-damage|p1a: Gholdengo|34\/100\n|-boost|p2a: Ogerpon|spe|1\n|move|p1a: Gholdengo|Make It Rain|p2a: Ogerpon\n|-resisted|p2a: Ogerpon\n|-damage|p2a: Ogerpon|81\/100\n|-unboost|p1a: Gholdengo|spa|1\n|\n|-heal|p1a: Gholdengo|40\/100|[from] item: Leftovers\n|upkeep\n|turn|7\n|\n|t:|1700839533\n|switch|p1a: Zacian|Zacian-Crowned|100\/100\n|-ability|p1a: Zacian|Intrepid Sword|boost\n|-boost|p1a: Zacian|atk|1\n|-terastallize|p2a: Ogerpon|Fire\n|detailschange|p2a: Ogerpon|Ogerpon-Hearthflame-Tera, F, tera:Fire\n|-ability|p2a: Ogerpon|Embody Aspect (Hearthflame)|boost\n|-boost|p2a: Ogerpon|atk|1\n|move|p2a: Ogerpon|Ivy Cudgel|p1a: Zacian|[anim] Ivy Cudgel Fire\n|-supereffective|p1a: Zacian\n|-damage|p1a: Zacian|0 fnt\n|faint|p1a: Zacian\n|\n|upkeep\n|\n|t:|1700839547\n|switch|p1a: Miraidon|Miraidon|100\/100\n|-fieldstart|move: Electric Terrain|[from] ability: Hadron Engine|[of] p1a: Miraidon\n|turn|8\n|\n|t:|1700839560\n|-terastallize|p1a: Miraidon|Electric\n|move|p2a: Ogerpon|Ivy Cudgel|p1a: Miraidon|[anim] Ivy Cudgel Fire\n|-damage|p1a: Miraidon|0 fnt\n|faint|p1a: Miraidon\n|\n|upkeep\n|\n|t:|1700839569\n|switch|p1a: Kyogre|Kyogre|100\/100\n|-weather|RainDance|[from] ability: Drizzle|[of] p1a: Kyogre\n|turn|9\n|\n|t:|1700839575\n|move|p2a: Ogerpon|Wood Hammer|p1a: Kyogre\n|-supereffective|p1a: Kyogre\n|-damage|p1a: Kyogre|0 fnt\n|faint|p1a: Kyogre\n|-damage|p2a: Ogerpon|43\/100|[from] Recoil\n|\n|-weather|RainDance|[upkeep]\n|upkeep\n|-message|afagags forfeited.\n|\n|win|Autismo27\n|raw|afagags's rating: 1099 &rarr; <strong>1073<\/strong><br \/>(-26 for losing)\n|raw|Autismo27's rating: 1076 &rarr; <strong>1106<\/strong><br \/>(+30 for winning)\n|l|\u2606afagags\n","uploadtime":1700839596,"views":2,"p1id":"afagags","p2id":"autismo27","formatid":"gen9ubers","rating":1073,"private":0,"password":""}