{"id":"gen9ubers-1989391572","p1":"EmployedHamster490","p2":"L0m121_","format":"[Gen 9] Ubers","log":"|j|\u2606EmployedHamster490\n|j|\u2606L0m121_\n|t:|1699844335\n|gametype|singles\n|player|p1|EmployedHamster490|266|1150\n|player|p2|L0m121_|102|1088\n|teamsize|p1|6\n|teamsize|p2|6\n|gen|9\n|tier|[Gen 9] Ubers\n|rated|\n|rule|Sleep Clause Mod: Limit one foe put to sleep\n|rule|Species Clause: Limit one of each Pok\u00e9mon\n|rule|OHKO Clause: OHKO moves are banned\n|rule|Evasion Items Clause: Evasion items are banned\n|rule|Evasion Moves Clause: Evasion moves are banned\n|rule|Endless Battle Clause: Forcing endless battles is banned\n|rule|HP Percentage Mod: HP is shown in percentages\n|clearpoke\n|poke|p1|Kyogre|\n|poke|p1|Zacian-*|\n|poke|p1|Basculegion, M|\n|poke|p1|Arceus-Fairy|\n|poke|p1|Iron Treads|\n|poke|p1|Giratina-Origin|\n|poke|p2|Zarude-Dada|\n|poke|p2|Orthworm, M|\n|poke|p2|Slowking-Galar, M|\n|poke|p2|Roaring Moon|\n|poke|p2|Lucario, F|\n|poke|p2|Jirachi|\n|teampreview\n|inactive|Battle timer is ON: inactive players will automatically lose when time's up. (requested by L0m121_)\n|\n|t:|1699844348\n|start\n|switch|p1a: Iron Treads|Iron Treads|100\/100\n|switch|p2a: Orthworm|Orthworm, M|100\/100\n|turn|1\n|\n|t:|1699844357\n|move|p1a: Iron Treads|Stealth Rock|p2a: Orthworm\n|-sidestart|p2: L0m121_|move: Stealth Rock\n|move|p2a: Orthworm|Body Press|p1a: Iron Treads\n|-supereffective|p1a: Iron Treads\n|-damage|p1a: Iron Treads|51\/100\n|\n|upkeep\n|turn|2\n|\n|t:|1699844367\n|move|p1a: Iron Treads|Earthquake|p2a: Orthworm\n|-immune|p2a: Orthworm|[from] ability: Earth Eater\n|move|p2a: Orthworm|Body Press|p1a: Iron Treads\n|-supereffective|p1a: Iron Treads\n|-damage|p1a: Iron Treads|0 fnt\n|faint|p1a: Iron Treads\n|-end|p1a: Iron Treads|Quark Drive|[silent]\n|\n|upkeep\n|\n|t:|1699844389\n|switch|p1a: Giratina|Giratina-Origin|100\/100\n|turn|3\n|\n|t:|1699844394\n|move|p1a: Giratina|Will-O-Wisp|p2a: Orthworm\n|-status|p2a: Orthworm|brn\n|move|p2a: Orthworm|Shed Tail|p2a: Orthworm\n|-start|p2a: Orthworm|Substitute|[from] move: Shed Tail\n|-damage|p2a: Orthworm|50\/100 brn\n|-enditem|p2a: Orthworm|Sitrus Berry|[eat]\n|-heal|p2a: Orthworm|75\/100 brn|[from] item: Sitrus Berry\n|\n|t:|1699844405\n|switch|p2a: Roaring Moon|Roaring Moon|100\/100|[from] Shed Tail\n|-damage|p2a: Roaring Moon|88\/100|[from] Stealth Rock\n|-enditem|p2a: Roaring Moon|Booster Energy\n|-activate|p2a: Roaring Moon|ability: Protosynthesis|[fromitem]\n|-start|p2a: Roaring Moon|protosynthesisatk\n|\n|upkeep\n|turn|4\n|\n|t:|1699844418\n|switch|p1a: Arceus|Arceus-Fairy|100\/100\n|move|p2a: Roaring Moon|Dragon Dance|p2a: Roaring Moon\n|-boost|p2a: Roaring Moon|atk|1\n|-boost|p2a: Roaring Moon|spe|1\n|\n|upkeep\n|turn|5\n|\n|t:|1699844424\n|move|p2a: Roaring Moon|Dragon Dance|p2a: Roaring Moon\n|-boost|p2a: Roaring Moon|atk|1\n|-boost|p2a: Roaring Moon|spe|1\n|move|p1a: Arceus|Judgment|p2a: Roaring Moon\n|-supereffective|p2a: Roaring Moon\n|-end|p2a: Roaring Moon|Substitute\n|\n|upkeep\n|turn|6\n|\n|t:|1699844431\n|-terastallize|p2a: Roaring Moon|Flying\n|move|p2a: Roaring Moon|Acrobatics|p1a: Arceus\n|-damage|p1a: Arceus|0 fnt\n|faint|p1a: Arceus\n|\n|upkeep\n|\n|t:|1699844446\n|switch|p1a: Giratina|Giratina-Origin|100\/100\n|turn|7\n|inactive|L0m121_ has 120 seconds left.\n|\n|t:|1699844477\n|move|p2a: Roaring Moon|Throat Chop|p1a: Giratina\n|-supereffective|p1a: Giratina\n|-damage|p1a: Giratina|0 fnt\n|faint|p1a: Giratina\n|\n|upkeep\n|\n|t:|1699844485\n|switch|p1a: Zacian|Zacian-Crowned|100\/100\n|-ability|p1a: Zacian|Intrepid Sword|boost\n|-boost|p1a: Zacian|atk|1\n|turn|8\n|\n|t:|1699844496\n|move|p2a: Roaring Moon|Earthquake|p1a: Zacian\n|-supereffective|p1a: Zacian\n|-damage|p1a: Zacian|0 fnt\n|faint|p1a: Zacian\n|\n|upkeep\n|\n|t:|1699844500\n|switch|p1a: Kyogre|Kyogre|100\/100\n|-weather|RainDance|[from] ability: Drizzle|[of] p1a: Kyogre\n|turn|9\n|\n|t:|1699844507\n|move|p2a: Roaring Moon|Acrobatics|p1a: Kyogre\n|-damage|p1a: Kyogre|0 fnt\n|faint|p1a: Kyogre\n|\n|-weather|RainDance|[upkeep]\n|upkeep\n|\n|t:|1699844512\n|switch|p1a: Basculegion|Basculegion, M|100\/100\n|turn|10\n|\n|t:|1699844516\n|move|p2a: Roaring Moon|Acrobatics|p1a: Basculegion\n|-damage|p1a: Basculegion|0 fnt\n|faint|p1a: Basculegion\n|\n|win|L0m121_\n|raw|EmployedHamster490's rating: 1150 &rarr; <strong>1121<\/strong><br \/>(-29 for losing)\n|raw|L0m121_'s rating: 1088 &rarr; <strong>1120<\/strong><br \/>(+32 for winning)\n","uploadtime":1699844521,"views":23,"p1id":"employedhamster490","p2id":"l0m121","formatid":"gen9ubers","rating":1120,"private":0,"password":""}