{"id":"gen9ubers-1972734804","p1":"LofiiiKnight","p2":"Yoshi Jan","format":"[Gen 9] Ubers","log":"|j|\u2606LofiiiKnight\n|j|\u2606Yoshi Jan\n|t:|1697886862\n|gametype|singles\n|player|p1|LofiiiKnight|proton|1000\n|player|p2|Yoshi Jan|pokemaniac|1057\n|teamsize|p1|6\n|teamsize|p2|6\n|gen|9\n|tier|[Gen 9] Ubers\n|rated|\n|rule|Sleep Clause Mod: Limit one foe put to sleep\n|rule|Species Clause: Limit one of each Pok\u00e9mon\n|rule|OHKO Clause: OHKO moves are banned\n|rule|Evasion Items Clause: Evasion items are banned\n|rule|Evasion Moves Clause: Evasion moves are banned\n|rule|Endless Battle Clause: Forcing endless battles is banned\n|rule|HP Percentage Mod: HP is shown in percentages\n|clearpoke\n|poke|p1|Garchomp, M|\n|poke|p1|Greninja-*, M|\n|poke|p1|Urshifu-*, F|\n|poke|p1|Ceruledge, F|\n|poke|p1|Decidueye, F|\n|poke|p1|Mewtwo|\n|poke|p2|Landorus-Therian, M|\n|poke|p2|Flutter Mane|\n|poke|p2|Amoonguss, F|\n|poke|p2|Urshifu-*, M|\n|poke|p2|Chien-Pao|\n|poke|p2|Iron Hands|\n|teampreview\n|\n|t:|1697886901\n|start\n|switch|p1a: Ceruledge|Ceruledge, F|100\/100\n|switch|p2a: Flutter Mane|Flutter Mane|100\/100\n|turn|1\n|\n|t:|1697886911\n|move|p2a: Flutter Mane|Shadow Ball|p1a: Ceruledge\n|-supereffective|p1a: Ceruledge\n|-enditem|p1a: Ceruledge|Focus Sash\n|-damage|p1a: Ceruledge|1\/100\n|move|p1a: Ceruledge|Swords Dance|p1a: Ceruledge\n|-boost|p1a: Ceruledge|atk|2\n|\n|upkeep\n|turn|2\n|\n|t:|1697886932\n|switch|p1a: Decidueye|Decidueye, F|100\/100\n|move|p2a: Flutter Mane|Shadow Ball|p1a: Decidueye\n|-supereffective|p1a: Decidueye\n|-damage|p1a: Decidueye|0 fnt\n|faint|p1a: Decidueye\n|\n|upkeep\n|\n|t:|1697886940\n|switch|p1a: Mewtwo|Mewtwo|100\/100\n|-ability|p1a: Mewtwo|Pressure\n|turn|3\n|\n|t:|1697886948\n|move|p2a: Flutter Mane|Shadow Ball|p1a: Mewtwo\n|-supereffective|p1a: Mewtwo\n|-damage|p1a: Mewtwo|0 fnt\n|faint|p1a: Mewtwo\n|\n|upkeep\n|\n|t:|1697886952\n|switch|p1a: Greninja|Greninja, M|100\/100\n|turn|4\n|\n|t:|1697886978\n|-end|p2a: Flutter Mane|Protosynthesis|[silent]\n|switch|p2a: Iron Hands|Iron Hands|100\/100\n|move|p1a: Greninja|Hydro Pump|p2a: Iron Hands\n|-damage|p2a: Iron Hands|55\/100\n|\n|upkeep\n|turn|5\n|\n|t:|1697886994\n|switch|p1a: Ceruledge|Ceruledge, F|1\/100\n|move|p2a: Iron Hands|Wild Charge|p1a: Ceruledge\n|-damage|p1a: Ceruledge|0 fnt\n|faint|p1a: Ceruledge\n|-damage|p2a: Iron Hands|55\/100|[from] Recoil\n|\n|upkeep\n|\n|t:|1697887008\n|switch|p1a: Garchomp|Garchomp, M|100\/100\n|turn|6\n|\n|t:|1697887015\n|move|p1a: Garchomp|Fire Fang|p2a: Iron Hands\n|-damage|p2a: Iron Hands|41\/100\n|move|p2a: Iron Hands|Drain Punch|p1a: Garchomp\n|-damage|p1a: Garchomp|59\/100\n|-heal|p2a: Iron Hands|55\/100|[from] drain|[of] p1a: Garchomp\n|-damage|p2a: Iron Hands|43\/100|[from] ability: Rough Skin|[of] p1a: Garchomp\n|\n|-heal|p1a: Garchomp|65\/100|[from] item: Leftovers\n|upkeep\n|turn|7\n|\n|t:|1697887028\n|move|p1a: Garchomp|Swords Dance|p1a: Garchomp\n|-boost|p1a: Garchomp|atk|2\n|move|p2a: Iron Hands|Drain Punch|p1a: Garchomp\n|-damage|p1a: Garchomp|22\/100\n|-heal|p2a: Iron Hands|58\/100|[from] drain|[of] p1a: Garchomp\n|-damage|p2a: Iron Hands|45\/100|[from] ability: Rough Skin|[of] p1a: Garchomp\n|\n|-heal|p1a: Garchomp|28\/100|[from] item: Leftovers\n|upkeep\n|turn|8\n|\n|t:|1697887044\n|move|p1a: Garchomp|Earthquake|p2a: Iron Hands\n|-supereffective|p2a: Iron Hands\n|-damage|p2a: Iron Hands|0 fnt\n|faint|p2a: Iron Hands\n|-end|p2a: Iron Hands|Quark Drive|[silent]\n|\n|-heal|p1a: Garchomp|34\/100|[from] item: Leftovers\n|upkeep\n|\n|t:|1697887055\n|switch|p2a: Flutter Mane|Flutter Mane|100\/100\n|turn|9\n|\n|t:|1697887061\n|move|p2a: Flutter Mane|Moonblast|p1a: Garchomp\n|-supereffective|p1a: Garchomp\n|-damage|p1a: Garchomp|0 fnt\n|faint|p1a: Garchomp\n|\n|upkeep\n|\n|t:|1697887068\n|switch|p1a: Greninja|Greninja, M|100\/100\n|turn|10\n|\n|t:|1697887081\n|move|p2a: Flutter Mane|Moonblast|p1a: Greninja\n|-supereffective|p1a: Greninja\n|-damage|p1a: Greninja|0 fnt\n|faint|p1a: Greninja\n|\n|upkeep\n|\n|t:|1697887085\n|switch|p1a: Urshifu|Urshifu, F|100\/100\n|turn|11\n|\n|t:|1697887096\n|move|p2a: Flutter Mane|Moonblast|p1a: Urshifu\n|-supereffective|p1a: Urshifu\n|-damage|p1a: Urshifu|0 fnt\n|faint|p1a: Urshifu\n|\n|win|Yoshi Jan\n|raw|LofiiiKnight's rating: 1000 &rarr; <strong>1000<\/strong><br \/>(+0 for losing)\n|raw|Yoshi Jan's rating: 1057 &rarr; <strong>1083<\/strong><br \/>(+26 for winning)\n|l|\u2606LofiiiKnight\n","uploadtime":1697887107,"views":10,"p1id":"lofiiiknight","p2id":"yoshijan","formatid":"gen9ubers","rating":1000,"private":0,"password":""}