{"id":"gen9ubers-1974682732","p1":"AlicieLizzie","p2":"qewt","format":"[Gen 9] Ubers","log":"|j|\u2606AlicieLizzie\n|j|\u2606qewt\n|t:|1698110073\n|gametype|singles\n|player|p1|AlicieLizzie|marnie-masters3|\n|player|p2|qewt|furisodegirl-black|\n|teamsize|p1|6\n|teamsize|p2|6\n|gen|9\n|tier|[Gen 9] Ubers\n|rule|Sleep Clause Mod: Limit one foe put to sleep\n|rule|Species Clause: Limit one of each Pok\u00e9mon\n|rule|OHKO Clause: OHKO moves are banned\n|rule|Evasion Items Clause: Evasion items are banned\n|rule|Evasion Moves Clause: Evasion moves are banned\n|rule|Endless Battle Clause: Forcing endless battles is banned\n|rule|HP Percentage Mod: HP is shown in percentages\n|clearpoke\n|poke|p1|Cyclizar, M|\n|poke|p1|Kommo-o, F|\n|poke|p1|Slowking-Galar, M|\n|poke|p1|Shaymin-Sky|\n|poke|p1|Gholdengo|\n|poke|p1|Zacian-*|\n|poke|p2|Zacian-*|\n|poke|p2|Arceus-Poison|\n|poke|p2|Magearna|\n|poke|p2|Palkia-Origin|\n|poke|p2|Cyclizar, F|\n|poke|p2|Gliscor, F|\n|teampreview\n|inactive|Battle timer is ON: inactive players will automatically lose when time's up. (requested by AlicieLizzie)\n|\n|t:|1698110092\n|start\n|switch|p1a: Cycle Dryer|Cyclizar, M|100\/100\n|switch|p2a: Cyclizar|Cyclizar, F|100\/100\n|turn|1\n|\n|t:|1698110098\n|move|p1a: Cycle Dryer|Taunt|p2a: Cyclizar\n|-start|p2a: Cyclizar|move: Taunt\n|cant|p2a: Cyclizar|move: Taunt|Shed Tail\n|\n|upkeep\n|turn|2\n|c|\u2606qewt|how do u keep winning these speed ties ;-;\n|\n|t:|1698110108\n|move|p2a: Cyclizar|Knock Off|p1a: Cycle Dryer\n|-damage|p1a: Cycle Dryer|71\/100\n|-enditem|p1a: Cycle Dryer|Heavy-Duty Boots|[from] move: Knock Off|[of] p2a: Cyclizar\n|move|p1a: Cycle Dryer|Shed Tail|p1a: Cycle Dryer\n|-start|p1a: Cycle Dryer|Substitute|[from] move: Shed Tail\n|-damage|p1a: Cycle Dryer|21\/100\n|c|\u2606AlicieLizzie|idk man\n|c|\u2606AlicieLizzie|im just cool\n|\n|t:|1698110122\n|switch|p1a: Kommo-OH NO|Kommo-o, F|100\/100|[from] Shed Tail\n|\n|upkeep\n|turn|3\n|\n|t:|1698110125\n|move|p2a: Cyclizar|U-turn|p1a: Kommo-OH NO\n|-resisted|p1a: Kommo-OH NO\n|-activate|p1a: Kommo-OH NO|move: Substitute|[damage]\n|\n|t:|1698110128\n|switch|p2a: Arceus|Arceus-Poison, shiny|100\/100|[from] U-turn\n|move|p1a: Kommo-OH NO|Clangorous Soul|p1a: Kommo-OH NO\n|-boost|p1a: Kommo-OH NO|atk|1\n|-boost|p1a: Kommo-OH NO|def|1\n|-boost|p1a: Kommo-OH NO|spa|1\n|-boost|p1a: Kommo-OH NO|spd|1\n|-boost|p1a: Kommo-OH NO|spe|1\n|-damage|p1a: Kommo-OH NO|68\/100\n|-enditem|p1a: Kommo-OH NO|Throat Spray\n|-boost|p1a: Kommo-OH NO|spa|1|[from] item: Throat Spray\n|\n|upkeep\n|turn|4\n|c|\u2606AlicieLizzie|here we are again\n|\n|t:|1698110140\n|-terastallize|p1a: Kommo-OH NO|Normal\n|move|p1a: Kommo-OH NO|Boomburst|p2a: Arceus\n|-damage|p2a: Arceus|28\/100\n|move|p2a: Arceus|Roar|p1a: Kommo-OH NO\n|-immune|p1a: Kommo-OH NO|[from] ability: Soundproof\n|\n|upkeep\n|turn|5\n|c|\u2606qewt|oh\n|c|\u2606qewt|thats great\n|c|\u2606AlicieLizzie|yeah uh\n|c|\u2606AlicieLizzie|mhm\n|\n|t:|1698110153\n|move|p1a: Kommo-OH NO|Boomburst|p2a: Arceus\n|-damage|p2a: Arceus|0 fnt\n|faint|p2a: Arceus\n|\n|upkeep\n|\n|t:|1698110165\n|switch|p2a: Gliscor|Gliscor, F|100\/100\n|turn|6\n|\n|t:|1698110168\n|move|p2a: Gliscor|Protect|p2a: Gliscor\n|-singleturn|p2a: Gliscor|Protect\n|move|p1a: Kommo-OH NO|Clangorous Soul|p1a: Kommo-OH NO\n|-boost|p1a: Kommo-OH NO|atk|1\n|-boost|p1a: Kommo-OH NO|def|1\n|-boost|p1a: Kommo-OH NO|spa|1\n|-boost|p1a: Kommo-OH NO|spd|1\n|-boost|p1a: Kommo-OH NO|spe|1\n|-damage|p1a: Kommo-OH NO|35\/100\n|\n|-status|p2a: Gliscor|tox|[from] item: Toxic Orb\n|upkeep\n|turn|7\n|c|\u2606qewt|um\n|c|\u2606qewt|this is kind of very annoying\n|c|\u2606AlicieLizzie|yeah\n|c|\u2606qewt|gg\n|c|\u2606AlicieLizzie|i feel you\n|-message|qewt forfeited.\n|\n|win|AlicieLizzie\n|l|\u2606qewt\n","uploadtime":1698110185,"views":18,"p1id":"alicielizzie","p2id":"qewt","formatid":"gen9ubers","rating":0,"private":0,"password":""}