{"id":"gen9ubers-1999438404","p1":"huge bump","p2":"DanteisNOTWilma","format":"[Gen 9] Ubers","log":"|j|\u2606huge bump\n|j|\u2606DanteisNOTWilma\n|t:|1701080561\n|gametype|singles\n|player|p1|huge bump|266|1097\n|player|p2|DanteisNOTWilma|dancer|1204\n|teamsize|p1|6\n|teamsize|p2|6\n|gen|9\n|tier|[Gen 9] Ubers\n|rated|\n|rule|Sleep Clause Mod: Limit one foe put to sleep\n|rule|Species Clause: Limit one of each Pok\u00e9mon\n|rule|OHKO Clause: OHKO moves are banned\n|rule|Evasion Items Clause: Evasion items are banned\n|rule|Evasion Moves Clause: Evasion moves are banned\n|rule|Endless Battle Clause: Forcing endless battles is banned\n|rule|HP Percentage Mod: HP is shown in percentages\n|clearpoke\n|poke|p1|Gengar, F|\n|poke|p1|Greninja-*, M|\n|poke|p1|Urshifu-*, F|\n|poke|p1|Garchomp, M|\n|poke|p1|Gliscor, M|\n|poke|p1|Espeon, F|\n|poke|p2|Ribombee, M|\n|poke|p2|Chien-Pao|\n|poke|p2|Arceus-Water|\n|poke|p2|Chi-Yu|\n|poke|p2|Espathra, M|\n|poke|p2|Cinderace, M|\n|teampreview\n|inactive|Battle timer is ON: inactive players will automatically lose when time's up. (requested by DanteisNOTWilma)\n|\n|t:|1701080571\n|start\n|switch|p1a: Greninja|Greninja, M|100\/100\n|switch|p2a: Ribombee|Ribombee, M|100\/100\n|turn|1\n|\n|t:|1701080582\n|move|p2a: Ribombee|Stun Spore|p1a: Greninja\n|-status|p1a: Greninja|par\n|move|p1a: Greninja|U-turn|p2a: Ribombee\n|-resisted|p2a: Ribombee\n|-damage|p2a: Ribombee|86\/100\n|\n|t:|1701080592\n|switch|p1a: Gliscor|Gliscor, M|100\/100|[from] U-turn\n|\n|-status|p1a: Gliscor|tox|[from] item: Toxic Orb\n|upkeep\n|turn|2\n|\n|t:|1701080600\n|move|p2a: Ribombee|Moonblast|p1a: Gliscor\n|-damage|p1a: Gliscor|43\/100 tox\n|move|p1a: Gliscor|Acrobatics|p2a: Ribombee\n|-supereffective|p2a: Ribombee\n|-damage|p2a: Ribombee|3\/100\n|\n|-heal|p1a: Gliscor|55\/100 tox|[from] ability: Poison Heal\n|upkeep\n|turn|3\n|\n|t:|1701080609\n|move|p2a: Ribombee|Sticky Web|p1a: Gliscor\n|-sidestart|p1: huge bump|move: Sticky Web\n|move|p1a: Gliscor|Poison Jab|p2a: Ribombee\n|-supereffective|p2a: Ribombee\n|-damage|p2a: Ribombee|0 fnt\n|faint|p2a: Ribombee\n|\n|-heal|p1a: Gliscor|68\/100 tox|[from] ability: Poison Heal\n|upkeep\n|\n|t:|1701080619\n|switch|p2a: Chien-Pao|Chien-Pao|100\/100\n|-ability|p2a: Chien-Pao|Sword of Ruin\n|turn|4\n|\n|t:|1701080626\n|move|p2a: Chien-Pao|Crunch|p1a: Gliscor\n|-damage|p1a: Gliscor|0 fnt\n|faint|p1a: Gliscor\n|-damage|p2a: Chien-Pao|91\/100|[from] item: Life Orb\n|\n|upkeep\n|\n|t:|1701080635\n|switch|p1a: Urshifu|Urshifu, F|100\/100\n|-activate|p1a: Urshifu|move: Sticky Web\n|-unboost|p1a: Urshifu|spe|1\n|turn|5\n|\n|t:|1701080639\n|move|p2a: Chien-Pao|Sacred Sword|p1a: Urshifu\n|-supereffective|p1a: Urshifu\n|-damage|p1a: Urshifu|0 fnt\n|faint|p1a: Urshifu\n|-damage|p2a: Chien-Pao|81\/100|[from] item: Life Orb\n|\n|upkeep\n|\n|t:|1701080646\n|switch|p1a: Greninja|Greninja, M|100\/100 par\n|-activate|p1a: Greninja|move: Sticky Web\n|-unboost|p1a: Greninja|spe|1\n|turn|6\n|\n|t:|1701080652\n|move|p2a: Chien-Pao|Sacred Sword|p1a: Greninja\n|-supereffective|p1a: Greninja\n|-damage|p1a: Greninja|0 fnt\n|faint|p1a: Greninja\n|-damage|p2a: Chien-Pao|71\/100|[from] item: Life Orb\n|\n|upkeep\n|\n|t:|1701080656\n|switch|p1a: Gengar|Gengar, F|100\/100\n|-activate|p1a: Gengar|move: Sticky Web\n|-unboost|p1a: Gengar|spe|1\n|turn|7\n|\n|t:|1701080662\n|move|p2a: Chien-Pao|Crunch|p1a: Gengar\n|-supereffective|p1a: Gengar\n|-damage|p1a: Gengar|0 fnt\n|faint|p1a: Gengar\n|-damage|p2a: Chien-Pao|61\/100|[from] item: Life Orb\n|\n|upkeep\n|\n|t:|1701080665\n|switch|p1a: Garchomp|Garchomp, M|100\/100\n|-activate|p1a: Garchomp|move: Sticky Web\n|-unboost|p1a: Garchomp|spe|1\n|turn|8\n|\n|t:|1701080672\n|move|p2a: Chien-Pao|Ice Spinner|p1a: Garchomp\n|-supereffective|p1a: Garchomp\n|-damage|p1a: Garchomp|0 fnt\n|faint|p1a: Garchomp\n|-damage|p2a: Chien-Pao|51\/100|[from] item: Life Orb\n|\n|upkeep\n|\n|t:|1701080674\n|switch|p1a: Espeon|Espeon, F|100\/100\n|-activate|p1a: Espeon|move: Sticky Web\n|-unboost|p1a: Espeon|spe|1\n|turn|9\n|\n|t:|1701080681\n|move|p2a: Chien-Pao|Crunch|p1a: Espeon\n|-supereffective|p1a: Espeon\n|-damage|p1a: Espeon|0 fnt\n|faint|p1a: Espeon\n|-damage|p2a: Chien-Pao|41\/100|[from] item: Life Orb\n|\n|win|DanteisNOTWilma\n|raw|huge bump's rating: 1097 &rarr; <strong>1080<\/strong><br \/>(-17 for losing)\n|raw|DanteisNOTWilma's rating: 1204 &rarr; <strong>1222<\/strong><br \/>(+18 for winning)\n|l|\u2606huge bump\n","uploadtime":1701080691,"views":4,"p1id":"hugebump","p2id":"danteisnotwilma","formatid":"gen9ubers","rating":1080,"private":0,"password":""}