{"id":"gen9ubers-1973506487","p1":"solomane69","p2":"Sniverdrill","format":"[Gen 9] Ubers","log":"|j|\u2606solomane69\n|j|\u2606Sniverdrill\n|t:|1697984961\n|gametype|singles\n|player|p1|solomane69|supernerd|1078\n|player|p2|Sniverdrill|rika|1062\n|teamsize|p1|6\n|teamsize|p2|6\n|gen|9\n|tier|[Gen 9] Ubers\n|rated|\n|rule|Sleep Clause Mod: Limit one foe put to sleep\n|rule|Species Clause: Limit one of each Pok\u00e9mon\n|rule|OHKO Clause: OHKO moves are banned\n|rule|Evasion Items Clause: Evasion items are banned\n|rule|Evasion Moves Clause: Evasion moves are banned\n|rule|Endless Battle Clause: Forcing endless battles is banned\n|rule|HP Percentage Mod: HP is shown in percentages\n|clearpoke\n|poke|p1|Groudon|\n|poke|p1|Ogerpon-Hearthflame, F|\n|poke|p1|Ribombee, M|\n|poke|p1|Spectrier|\n|poke|p1|Empoleon, M|\n|poke|p1|Annihilape, M|\n|poke|p2|Palafin, F|\n|poke|p2|Annihilape, M|\n|poke|p2|Chi-Yu|\n|poke|p2|Landorus-Therian, M|\n|poke|p2|Shaymin-Sky|\n|poke|p2|Great Tusk|\n|teampreview\n|inactive|Battle timer is ON: inactive players will automatically lose when time's up. (requested by Sniverdrill)\n|\n|t:|1697984974\n|start\n|switch|p1a: Groudon|Groudon|100\/100\n|switch|p2a: Chi-Yu|Chi-Yu|100\/100\n|-ability|p2a: Chi-Yu|Beads of Ruin\n|-weather|SunnyDay|[from] ability: Drought|[of] p1a: Groudon\n|turn|1\n|\n|t:|1697984984\n|switch|p2a: Landorus|Landorus-Therian, M|100\/100\n|-ability|p2a: Landorus|Intimidate|boost\n|-unboost|p1a: Groudon|atk|1\n|move|p1a: Groudon|Earthquake|p2a: Landorus\n|-immune|p2a: Landorus\n|\n|-weather|SunnyDay|[upkeep]\n|upkeep\n|turn|2\n|\n|t:|1697984999\n|switch|p1a: Ribombee|Ribombee, M|100\/100\n|move|p2a: Landorus|Swords Dance|p2a: Landorus\n|-boost|p2a: Landorus|atk|2\n|\n|-weather|SunnyDay|[upkeep]\n|upkeep\n|turn|3\n|\n|t:|1697985008\n|move|p1a: Ribombee|Sticky Web|p2a: Landorus\n|-sidestart|p2: Sniverdrill|move: Sticky Web\n|move|p2a: Landorus|Rock Slide|p1a: Ribombee\n|-supereffective|p1a: Ribombee\n|-enditem|p1a: Ribombee|Focus Sash\n|-damage|p1a: Ribombee|1\/100\n|\n|-weather|SunnyDay|[upkeep]\n|upkeep\n|turn|4\n|\n|t:|1697985017\n|move|p1a: Ribombee|Stun Spore|p2a: Landorus|[miss]\n|-miss|p1a: Ribombee|p2a: Landorus\n|move|p2a: Landorus|Earthquake|p1a: Ribombee\n|-resisted|p1a: Ribombee\n|-damage|p1a: Ribombee|0 fnt\n|faint|p1a: Ribombee\n|\n|-weather|SunnyDay|[upkeep]\n|upkeep\n|\n|t:|1697985036\n|switch|p1a: Spectrier|Spectrier|100\/100\n|turn|5\n|\n|t:|1697985041\n|move|p1a: Spectrier|Nasty Plot|p1a: Spectrier\n|-boost|p1a: Spectrier|spa|2\n|move|p2a: Landorus|Earthquake|p1a: Spectrier\n|-enditem|p1a: Spectrier|Focus Sash\n|-damage|p1a: Spectrier|1\/100\n|\n|-weather|SunnyDay|[upkeep]\n|upkeep\n|turn|6\n|\n|t:|1697985050\n|-terastallize|p1a: Spectrier|Ghost\n|move|p1a: Spectrier|Shadow Ball|p2a: Landorus\n|-damage|p2a: Landorus|0 fnt\n|faint|p2a: Landorus\n|-ability|p1a: Spectrier|Grim Neigh|boost\n|-boost|p1a: Spectrier|spa|1\n|\n|-weather|SunnyDay|[upkeep]\n|upkeep\n|\n|t:|1697985061\n|switch|p2a: Palafin|Palafin, F|100\/100\n|-activate|p2a: Palafin|move: Sticky Web\n|-unboost|p2a: Palafin|spe|1\n|turn|7\n|\n|t:|1697985068\n|move|p2a: Palafin|Jet Punch|p1a: Spectrier\n|-damage|p1a: Spectrier|0 fnt\n|faint|p1a: Spectrier\n|\n|-weather|SunnyDay|[upkeep]\n|upkeep\n|\n|t:|1697985076\n|switch|p1a: Ogerpon|Ogerpon-Hearthflame, F|100\/100\n|-ability|p1a: Ogerpon|Mold Breaker\n|turn|8\n|\n|t:|1697985094\n|detailschange|p2a: Palafin|Palafin-Hero, F\n|switch|p2a: Annihilape|Annihilape, M|100\/100\n|-activate|p2a: Annihilape|move: Sticky Web\n|-unboost|p2a: Annihilape|spe|1\n|-ability|p2a: Annihilape|Defiant|boost\n|-boost|p2a: Annihilape|atk|2\n|move|p1a: Ogerpon|Horn Leech|p2a: Annihilape\n|-damage|p2a: Annihilape|65\/100\n|\n|-weather|none\n|-heal|p2a: Annihilape|71\/100|[from] item: Leftovers\n|upkeep\n|turn|9\n|c|\u2606solomane69|oh\n|c|\u2606solomane69|shit\n|\n|t:|1697985114\n|move|p1a: Ogerpon|Ivy Cudgel|p2a: Annihilape\n|-damage|p2a: Annihilape|18\/100\n|move|p2a: Annihilape|Rage Fist|p1a: Ogerpon\n|-damage|p1a: Ogerpon|0 fnt\n|faint|p1a: Ogerpon\n|\n|-heal|p2a: Annihilape|24\/100|[from] item: Leftovers\n|upkeep\n|\n|t:|1697985127\n|switch|p1a: Groudon|Groudon|100\/100\n|-weather|SunnyDay|[from] ability: Drought|[of] p1a: Groudon\n|turn|10\n|\n|t:|1697985136\n|move|p1a: Groudon|Heat Crash|p2a: Annihilape\n|-damage|p2a: Annihilape|0 fnt\n|faint|p2a: Annihilape\n|\n|-weather|SunnyDay|[upkeep]\n|upkeep\n|\n|t:|1697985143\n|switch|p2a: Great Tusk|Great Tusk|100\/100\n|-activate|p2a: Great Tusk|ability: Protosynthesis\n|-start|p2a: Great Tusk|protosynthesisatk\n|turn|11\n|\n|t:|1697985150\n|move|p2a: Great Tusk|Rapid Spin|p1a: Groudon\n|-damage|p1a: Groudon|86\/100\n|-boost|p2a: Great Tusk|spe|1\n|-sideend|p2: Sniverdrill|Sticky Web|[from] move: Rapid Spin|[of] p2a: Great Tusk\n|move|p1a: Groudon|Heat Crash|p2a: Great Tusk\n|-damage|p2a: Great Tusk|76\/100\n|\n|-weather|SunnyDay|[upkeep]\n|upkeep\n|turn|12\n|\n|t:|1697985159\n|move|p2a: Great Tusk|Ice Spinner|p1a: Groudon\n|-supereffective|p1a: Groudon\n|-damage|p1a: Groudon|34\/100\n|move|p1a: Groudon|Earthquake|p2a: Great Tusk\n|-damage|p2a: Great Tusk|36\/100\n|\n|-weather|SunnyDay|[upkeep]\n|upkeep\n|turn|13\n|\n|t:|1697985167\n|move|p2a: Great Tusk|Ice Spinner|p1a: Groudon\n|-supereffective|p1a: Groudon\n|-damage|p1a: Groudon|0 fnt\n|faint|p1a: Groudon\n|\n|-weather|SunnyDay|[upkeep]\n|upkeep\n|\n|t:|1697985170\n|switch|p1a: Empoleon|Empoleon, M|100\/100\n|turn|14\n|\n|t:|1697985177\n|move|p2a: Great Tusk|Earthquake|p1a: Empoleon\n|-supereffective|p1a: Empoleon\n|-damage|p1a: Empoleon|0 fnt\n|faint|p1a: Empoleon\n|\n|-weather|SunnyDay|[upkeep]\n|upkeep\n|-message|solomane69 forfeited.\n|\n|win|Sniverdrill\n|raw|solomane69's rating: 1078 &rarr; <strong>1055<\/strong><br \/>(-23 for losing)\n|raw|Sniverdrill's rating: 1062 &rarr; <strong>1094<\/strong><br \/>(+32 for winning)\n|l|\u2606solomane69\n","uploadtime":1697985196,"views":12,"p1id":"solomane69","p2id":"sniverdrill","formatid":"gen9ubers","rating":1055,"private":0,"password":""}