{"id":"gen9ubers-1976363087","p1":"PinkScourge","p2":"Buy my book azul","format":"[Gen 9] Ubers","log":"|j|\u2606PinkScourge\n|j|\u2606Buy my book azul\n|t:|1698291458\n|gametype|singles\n|player|p1|PinkScourge|bede-leader|\n|player|p2|Buy my book azul|diantha-masters|\n|teamsize|p1|6\n|teamsize|p2|6\n|gen|9\n|tier|[Gen 9] Ubers\n|rule|Sleep Clause Mod: Limit one foe put to sleep\n|rule|Species Clause: Limit one of each Pok\u00e9mon\n|rule|OHKO Clause: OHKO moves are banned\n|rule|Evasion Items Clause: Evasion items are banned\n|rule|Evasion Moves Clause: Evasion moves are banned\n|rule|Endless Battle Clause: Forcing endless battles is banned\n|rule|HP Percentage Mod: HP is shown in percentages\n|clearpoke\n|poke|p1|Scream Tail|\n|poke|p1|Alomomola, M|\n|poke|p1|Arceus-Fire|\n|poke|p1|Zacian-*|\n|poke|p1|Magearna|\n|poke|p1|Weezing-Galar, F|\n|poke|p2|Magearna|\n|poke|p2|Zacian-*|\n|poke|p2|Palafin, F|\n|poke|p2|Gliscor, M|\n|poke|p2|Chi-Yu|\n|poke|p2|Giratina|\n|teampreview\n|inactive|Battle timer is ON: inactive players will automatically lose when time's up. (requested by PinkScourge)\n|c|\u2606Buy my book azul|glhf\n|c|\u2606PinkScourge|GLHF\n|\n|t:|1698291487\n|start\n|switch|p1a: Weezing|Weezing-Galar, F|100\/100\n|switch|p2a: Gliscor|Gliscor, M|100\/100\n|-fieldstart|move: Misty Terrain|[from] ability: Misty Surge|[of] p1a: Weezing\n|turn|1\n|\n|t:|1698291497\n|switch|p1a: Magearna|Magearna|100\/100\n|move|p2a: Gliscor|Protect||[still]\n|-fail|p2a: Gliscor\n|\n|-status|p2a: Gliscor|tox|[from] item: Toxic Orb\n|upkeep\n|turn|2\n|\n|t:|1698291505\n|switch|p2a: Palafin|Palafin, F|100\/100\n|move|p1a: Magearna|Spikes|p2a: Palafin\n|-sidestart|p2: Buy my book azul|Spikes\n|\n|upkeep\n|turn|3\n|\n|t:|1698291510\n|switch|p1a: Alomomola|Alomomola, M|100\/100\n|move|p2a: Palafin|Flip Turn|p1a: Alomomola\n|-resisted|p1a: Alomomola\n|-damage|p1a: Alomomola|95\/100\n|-damage|p2a: Palafin|84\/100|[from] item: Rocky Helmet|[of] p1a: Alomomola\n|\n|t:|1698291534\n|detailschange|p2a: Palafin|Palafin-Hero, F\n|switch|p2a: Giratina|Giratina|100\/100|[from] Flip Turn\n|-damage|p2a: Giratina|88\/100|[from] Spikes\n|-ability|p2a: Giratina|Pressure\n|\n|-heal|p2a: Giratina|94\/100|[from] item: Leftovers\n|upkeep\n|turn|4\n|\n|t:|1698291539\n|move|p2a: Giratina|Defog|p1a: Alomomola\n|-unboost|p1a: Alomomola|evasion|1\n|-sideend|p2: Buy my book azul|Spikes|[from] move: Defog|[of] p2a: Giratina\n|-fieldend|Misty Terrain\n|move|p1a: Alomomola|Flip Turn|p2a: Giratina\n|-resisted|p2a: Giratina\n|-crit|p2a: Giratina\n|-damage|p2a: Giratina|87\/100\n|\n|t:|1698291550\n|switch|p1a: Magearna|Magearna|100\/100|[from] Flip Turn\n|\n|-heal|p2a: Giratina|93\/100|[from] item: Leftovers\n|upkeep\n|turn|5\n|\n|t:|1698291556\n|move|p2a: Giratina|Will-O-Wisp|p1a: Magearna\n|-status|p1a: Magearna|brn\n|move|p1a: Magearna|Spikes|p2a: Giratina\n|-sidestart|p2: Buy my book azul|Spikes\n|\n|-heal|p2a: Giratina|99\/100|[from] item: Leftovers\n|-damage|p1a: Magearna|94\/100 brn|[from] brn\n|upkeep\n|turn|6\n|\n|t:|1698291562\n|move|p2a: Giratina|Hex|p1a: Magearna\n|-damage|p1a: Magearna|65\/100 brn\n|move|p1a: Magearna|Fleur Cannon|p2a: Giratina|[miss]\n|-miss|p1a: Magearna|p2a: Giratina\n|\n|-heal|p2a: Giratina|100\/100|[from] item: Leftovers\n|-heal|p1a: Magearna|71\/100 brn|[from] item: Leftovers\n|-damage|p1a: Magearna|65\/100 brn|[from] brn\n|upkeep\n|turn|7\n|\n|t:|1698291571\n|move|p2a: Giratina|Hex|p1a: Magearna\n|-damage|p1a: Magearna|38\/100 brn\n|move|p1a: Magearna|Fleur Cannon|p2a: Giratina\n|-supereffective|p2a: Giratina\n|-damage|p2a: Giratina|54\/100\n|-unboost|p1a: Magearna|spa|2\n|\n|-heal|p2a: Giratina|60\/100|[from] item: Leftovers\n|-heal|p1a: Magearna|44\/100 brn|[from] item: Leftovers\n|-damage|p1a: Magearna|38\/100 brn|[from] brn\n|upkeep\n|turn|8\n|\n|t:|1698291579\n|switch|p1a: Weezing|Weezing-Galar, F|100\/100\n|-fieldstart|move: Misty Terrain|[from] ability: Misty Surge|[of] p1a: Weezing\n|move|p2a: Giratina|Defog|p1a: Weezing\n|-unboost|p1a: Weezing|evasion|1\n|-sideend|p2: Buy my book azul|Spikes|[from] move: Defog|[of] p2a: Giratina\n|-fieldend|Misty Terrain\n|\n|-heal|p2a: Giratina|66\/100|[from] item: Leftovers\n|upkeep\n|turn|9\n|\n|t:|1698291588\n|switch|p1a: Magearna|Magearna|38\/100 brn\n|move|p2a: Giratina|Will-O-Wisp|p1a: Magearna\n|-fail|p1a: Magearna|brn\n|\n|-heal|p2a: Giratina|72\/100|[from] item: Leftovers\n|-heal|p1a: Magearna|44\/100 brn|[from] item: Leftovers\n|-damage|p1a: Magearna|38\/100 brn|[from] brn\n|upkeep\n|turn|10\n|c|\u2606Buy my book azul|it's best to three right?\n|c|\u2606PinkScourge|Yep!\n|inactive|Buy my book azul has 270 seconds left.\n|\n|t:|1698291621\n|switch|p1a: Weezing|Weezing-Galar, F|100\/100\n|-fieldstart|move: Misty Terrain|[from] ability: Misty Surge|[of] p1a: Weezing\n|move|p2a: Giratina|Hex|p1a: Weezing\n|-damage|p1a: Weezing|72\/100\n|\n|-heal|p2a: Giratina|78\/100|[from] item: Leftovers\n|upkeep\n|turn|11\n|\n|t:|1698291628\n|switch|p1a: Alomomola|Alomomola, M|100\/100\n|move|p2a: Giratina|Defog|p1a: Alomomola\n|-unboost|p1a: Alomomola|evasion|1\n|-fieldend|Misty Terrain\n|\n|-heal|p2a: Giratina|84\/100|[from] item: Leftovers\n|upkeep\n|turn|12\n|\n|t:|1698291635\n|move|p1a: Alomomola|Protect|p1a: Alomomola\n|-singleturn|p1a: Alomomola|Protect\n|move|p2a: Giratina|Will-O-Wisp|p1a: Alomomola\n|-activate|p1a: Alomomola|move: Protect\n|\n|-heal|p2a: Giratina|91\/100|[from] item: Leftovers\n|upkeep\n|turn|13\n|inactive|Buy my book azul has 270 seconds left.\n|\n|t:|1698291682\n|switch|p2a: Gliscor|Gliscor, M|100\/100 tox\n|switch|p1a: Arceus|Arceus-Fire|100\/100\n|\n|upkeep\n|turn|14\n|\n|t:|1698291699\n|switch|p1a: Weezing|Weezing-Galar, F|72\/100\n|-fieldstart|move: Misty Terrain|[from] ability: Misty Surge|[of] p1a: Weezing\n|move|p2a: Gliscor|Protect||[still]\n|-fail|p2a: Gliscor\n|\n|upkeep\n|turn|15\n|\n|t:|1698291703\n|switch|p1a: Alomomola|Alomomola, M|100\/100\n|move|p2a: Gliscor|Stealth Rock|p1a: Alomomola\n|-sidestart|p1: PinkScourge|move: Stealth Rock\n|\n|upkeep\n|turn|16\n|\n|t:|1698291708\n|move|p2a: Gliscor|Protect|p2a: Gliscor\n|-singleturn|p2a: Gliscor|Protect\n|move|p1a: Alomomola|Wish|p1a: Alomomola\n|\n|upkeep\n|turn|17\n|\n|t:|1698291712\n|move|p2a: Gliscor|Earthquake|p1a: Alomomola\n|-damage|p1a: Alomomola|81\/100\n|move|p1a: Alomomola|Flip Turn|p2a: Gliscor\n|-supereffective|p2a: Gliscor\n|-crit|p2a: Gliscor\n|-damage|p2a: Gliscor|70\/100 tox\n|\n|t:|1698291721\n|switch|p1a: Magearna|Magearna|38\/100 brn|[from] Flip Turn\n|-damage|p1a: Magearna|32\/100 brn|[from] Stealth Rock\n|\n|-heal|p1a: Magearna|98\/100 brn|[from] move: Wish|[wisher] Alomomola\n|-heal|p1a: Magearna|100\/100 brn|[from] item: Leftovers\n|-heal|p2a: Gliscor|82\/100 tox|[from] ability: Poison Heal\n|-damage|p1a: Magearna|94\/100 brn|[from] brn\n|upkeep\n|turn|18\n|\n|t:|1698291733\n|switch|p1a: Alomomola|Alomomola, M|100\/100\n|-damage|p1a: Alomomola|88\/100|[from] Stealth Rock\n|move|p2a: Gliscor|Earthquake|p1a: Alomomola\n|-damage|p1a: Alomomola|68\/100\n|\n|-heal|p2a: Gliscor|95\/100 tox|[from] ability: Poison Heal\n|-fieldend|Misty Terrain\n|upkeep\n|turn|19\n|\n|t:|1698291738\n|move|p2a: Gliscor|Toxic|p1a: Alomomola\n|-status|p1a: Alomomola|tox\n|move|p1a: Alomomola|Wish|p1a: Alomomola\n|\n|-heal|p2a: Gliscor|100\/100 tox|[from] ability: Poison Heal\n|-damage|p1a: Alomomola|62\/100 tox|[from] psn\n|upkeep\n|turn|20\n|\n|t:|1698291753\n|switch|p2a: Magearna|Magearna|100\/100\n|move|p1a: Alomomola|Flip Turn|p2a: Magearna\n|-damage|p2a: Magearna|89\/100\n|\n|t:|1698291761\n|switch|p1a: Arceus|Arceus-Fire|100\/100|[from] Flip Turn\n|-damage|p1a: Arceus|75\/100|[from] Stealth Rock\n|\n|-heal|p1a: Arceus|100\/100|[from] move: Wish|[wisher] Alomomola\n|-heal|p2a: Magearna|96\/100|[from] item: Leftovers\n|upkeep\n|turn|21\n|\n|t:|1698291776\n|switch|p2a: Giratina|Giratina|91\/100\n|-ability|p2a: Giratina|Pressure\n|move|p1a: Arceus|Will-O-Wisp|p2a: Giratina\n|-status|p2a: Giratina|brn\n|\n|-heal|p2a: Giratina|97\/100 brn|[from] item: Leftovers\n|-damage|p2a: Giratina|91\/100 brn|[from] brn\n|upkeep\n|turn|22\n|\n|t:|1698291784\n|move|p1a: Arceus|Judgment|p2a: Giratina\n|-resisted|p2a: Giratina\n|-crit|p2a: Giratina\n|-damage|p2a: Giratina|74\/100 brn\n|move|p2a: Giratina|Will-O-Wisp|p1a: Arceus|[miss]\n|-miss|p2a: Giratina|p1a: Arceus\n|\n|-heal|p2a: Giratina|80\/100 brn|[from] item: Leftovers\n|-damage|p2a: Giratina|74\/100 brn|[from] brn\n|upkeep\n|turn|23\n|\n|t:|1698291794\n|move|p1a: Arceus|Foul Play|p2a: Giratina\n|-supereffective|p2a: Giratina\n|-damage|p2a: Giratina|50\/100 brn\n|move|p2a: Giratina|Dragon Tail|p1a: Arceus\n|-damage|p1a: Arceus|94\/100\n|drag|p1a: Weezing|Weezing-Galar, F|72\/100\n|-fieldstart|move: Misty Terrain|[from] ability: Misty Surge|[of] p1a: Weezing\n|\n|-heal|p2a: Giratina|56\/100 brn|[from] item: Leftovers\n|-damage|p2a: Giratina|50\/100 brn|[from] brn\n|upkeep\n|turn|24\n|\n|t:|1698291805\n|switch|p2a: Chi-Yu|Chi-Yu|100\/100\n|-ability|p2a: Chi-Yu|Beads of Ruin\n|move|p1a: Weezing|Strange Steam|p2a: Chi-Yu\n|-damage|p2a: Chi-Yu|71\/100\n|\n|upkeep\n|turn|25\n|\n|t:|1698291820\n|switch|p1a: Arceus|Arceus-Fire|94\/100\n|-damage|p1a: Arceus|69\/100|[from] Stealth Rock\n|move|p2a: Chi-Yu|Fire Blast|p1a: Arceus\n|-resisted|p1a: Arceus\n|-damage|p1a: Arceus|47\/100\n|\n|upkeep\n|turn|26\n|\n|t:|1698291829\n|switch|p2a: Giratina|Giratina|50\/100 brn\n|-ability|p2a: Giratina|Pressure\n|move|p1a: Arceus|Recover|p1a: Arceus\n|-heal|p1a: Arceus|97\/100\n|\n|-heal|p2a: Giratina|56\/100 brn|[from] item: Leftovers\n|-damage|p2a: Giratina|50\/100 brn|[from] brn\n|upkeep\n|turn|27\n|\n|t:|1698291840\n|move|p1a: Arceus|Foul Play|p2a: Giratina\n|-supereffective|p2a: Giratina\n|-damage|p2a: Giratina|25\/100 brn\n|move|p2a: Giratina|Hex|p1a: Arceus\n|-damage|p1a: Arceus|85\/100\n|\n|-heal|p2a: Giratina|31\/100 brn|[from] item: Leftovers\n|-damage|p2a: Giratina|25\/100 brn|[from] brn\n|-fieldend|Misty Terrain\n|upkeep\n|turn|28\n|\n|t:|1698291848\n|move|p1a: Arceus|Foul Play|p2a: Giratina\n|-supereffective|p2a: Giratina\n|-damage|p2a: Giratina|0 fnt\n|faint|p2a: Giratina\n|\n|upkeep\n|\n|t:|1698291866\n|switch|p2a: Palafin|Palafin-Hero, F|84\/100\n|-activate|p2a: Palafin|ability: Zero to Hero\n|turn|29\n|\n|t:|1698291870\n|switch|p1a: Alomomola|Alomomola, M|96\/100 tox\n|-damage|p1a: Alomomola|83\/100 tox|[from] Stealth Rock\n|switch|p2a: Chi-Yu|Chi-Yu|71\/100\n|-ability|p2a: Chi-Yu|Beads of Ruin\n|\n|-damage|p1a: Alomomola|77\/100 tox|[from] psn\n|upkeep\n|turn|30\n|\n|t:|1698291879\n|move|p2a: Chi-Yu|Dark Pulse|p1a: Alomomola\n|-damage|p1a: Alomomola|26\/100 tox\n|move|p1a: Alomomola|Flip Turn|p2a: Chi-Yu\n|-supereffective|p2a: Chi-Yu\n|-damage|p2a: Chi-Yu|16\/100\n|\n|t:|1698291899\n|switch|p1a: Zacian|Zacian|100\/100|[from] Flip Turn\n|-ability|p1a: Zacian|Intrepid Sword|boost\n|-boost|p1a: Zacian|atk|1\n|\n|upkeep\n|turn|31\n|\n|t:|1698291909\n|move|p2a: Chi-Yu|Dark Pulse|p1a: Zacian\n|-resisted|p1a: Zacian\n|-damage|p1a: Zacian|70\/100\n|cant|p1a: Zacian|flinch\n|\n|upkeep\n|turn|32\n|\n|t:|1698291913\n|move|p2a: Chi-Yu|Dark Pulse|p1a: Zacian\n|-resisted|p1a: Zacian\n|-damage|p1a: Zacian|43\/100\n|move|p1a: Zacian|Sacred Sword|p2a: Chi-Yu\n|-supereffective|p2a: Chi-Yu\n|-damage|p2a: Chi-Yu|0 fnt\n|faint|p2a: Chi-Yu\n|\n|upkeep\n|\n|t:|1698291939\n|switch|p2a: Zacian|Zacian|100\/100\n|-ability|p2a: Zacian|Intrepid Sword|boost\n|-boost|p2a: Zacian|atk|1\n|turn|33\n|\n|t:|1698291950\n|switch|p1a: Weezing|Weezing-Galar, F|72\/100\n|-fieldstart|move: Misty Terrain|[from] ability: Misty Surge|[of] p1a: Weezing\n|move|p2a: Zacian|Play Rough|p1a: Weezing\n|-resisted|p1a: Weezing\n|-damage|p1a: Weezing|42\/100\n|\n|upkeep\n|turn|34\n|inactive|Buy my book azul has 270 seconds left.\n|\n|t:|1698291967\n|move|p2a: Zacian|Play Rough|p1a: Weezing\n|-resisted|p1a: Weezing\n|-damage|p1a: Weezing|7\/100\n|move|p1a: Weezing|Haze|p1a: Weezing\n|-clearallboost\n|\n|upkeep\n|turn|35\n|\n|t:|1698291974\n|switch|p1a: Magearna|Magearna|94\/100 brn\n|-damage|p1a: Magearna|88\/100 brn|[from] Stealth Rock\n|move|p2a: Zacian|Play Rough|p1a: Magearna\n|-resisted|p1a: Magearna\n|-damage|p1a: Magearna|62\/100 brn\n|\n|-heal|p1a: Magearna|68\/100 brn|[from] item: Leftovers\n|-damage|p1a: Magearna|62\/100 brn|[from] brn\n|upkeep\n|turn|36\n|\n|t:|1698291983\n|switch|p2a: Gliscor|Gliscor, M|100\/100 tox\n|move|p1a: Magearna|Volt Switch|p2a: Gliscor\n|-immune|p2a: Gliscor\n|\n|-heal|p1a: Magearna|68\/100 brn|[from] item: Leftovers\n|-damage|p1a: Magearna|62\/100 brn|[from] brn\n|upkeep\n|turn|37\n|\n|t:|1698291993\n|move|p2a: Gliscor|Earthquake|p1a: Magearna\n|-supereffective|p1a: Magearna\n|-damage|p1a: Magearna|4\/100 brn\n|move|p1a: Magearna|Spikes|p2a: Gliscor\n|-sidestart|p2: Buy my book azul|Spikes\n|\n|-heal|p1a: Magearna|10\/100 brn|[from] item: Leftovers\n|-damage|p1a: Magearna|4\/100 brn|[from] brn\n|-fieldend|Misty Terrain\n|upkeep\n|turn|38\n|\n|t:|1698292003\n|switch|p1a: Alomomola|Alomomola, M|59\/100 tox\n|-damage|p1a: Alomomola|46\/100 tox|[from] Stealth Rock\n|move|p2a: Gliscor|Earthquake|p1a: Alomomola\n|-damage|p1a: Alomomola|26\/100 tox\n|\n|-damage|p1a: Alomomola|19\/100 tox|[from] psn\n|upkeep\n|turn|39\n|\n|t:|1698292016\n|switch|p1a: Scream Tail|Scream Tail|100\/100\n|-damage|p1a: Scream Tail|88\/100|[from] Stealth Rock\n|move|p2a: Gliscor|Earthquake|p1a: Scream Tail\n|-damage|p1a: Scream Tail|63\/100\n|\n|-heal|p1a: Scream Tail|69\/100|[from] item: Leftovers\n|upkeep\n|turn|40\n|\n|t:|1698292021\n|move|p1a: Scream Tail|Protect|p1a: Scream Tail\n|-singleturn|p1a: Scream Tail|Protect\n|move|p2a: Gliscor|Toxic|p1a: Scream Tail\n|-activate|p1a: Scream Tail|move: Protect\n|\n|-heal|p1a: Scream Tail|76\/100|[from] item: Leftovers\n|upkeep\n|turn|41\n|\n|t:|1698292029\n|-end|p1a: Scream Tail|Protosynthesis|[silent]\n|switch|p1a: Weezing|Weezing-Galar, F|7\/100\n|-fieldstart|move: Misty Terrain|[from] ability: Misty Surge|[of] p1a: Weezing\n|move|p2a: Gliscor|Toxic|p1a: Weezing\n|-immune|p1a: Weezing\n|\n|upkeep\n|turn|42\n|\n|t:|1698292036\n|switch|p2a: Palafin|Palafin-Hero, F|84\/100\n|switch|p1a: Scream Tail|Scream Tail|76\/100\n|-damage|p1a: Scream Tail|63\/100|[from] Stealth Rock\n|\n|-heal|p1a: Scream Tail|69\/100|[from] item: Leftovers\n|upkeep\n|turn|43\n|\n|t:|1698292042\n|move|p1a: Scream Tail|Protect|p1a: Scream Tail\n|-singleturn|p1a: Scream Tail|Protect\n|move|p2a: Palafin|Bulk Up|p2a: Palafin\n|-boost|p2a: Palafin|atk|1\n|-boost|p2a: Palafin|def|1\n|\n|-heal|p1a: Scream Tail|76\/100|[from] item: Leftovers\n|upkeep\n|turn|44\n|\n|t:|1698292051\n|move|p2a: Palafin|Jet Punch|p1a: Scream Tail\n|-damage|p1a: Scream Tail|37\/100\n|move|p1a: Scream Tail|Perish Song|p1a: Scream Tail\n|-start|p1a: Scream Tail|perish3|[silent]\n|-start|p2a: Palafin|perish3|[silent]\n|-fieldactivate|move: Perish Song\n|\n|-heal|p1a: Scream Tail|43\/100|[from] item: Leftovers\n|-start|p2a: Palafin|perish3\n|-start|p1a: Scream Tail|perish3\n|upkeep\n|turn|45\n|\n|t:|1698292056\n|move|p1a: Scream Tail|Protect|p1a: Scream Tail\n|-singleturn|p1a: Scream Tail|Protect\n|move|p2a: Palafin|Jet Punch|p1a: Scream Tail\n|-activate|p1a: Scream Tail|move: Protect\n|\n|-heal|p1a: Scream Tail|49\/100|[from] item: Leftovers\n|-start|p2a: Palafin|perish2\n|-start|p1a: Scream Tail|perish2\n|-fieldend|Misty Terrain\n|upkeep\n|turn|46\n|\n|t:|1698292061\n|move|p2a: Palafin|Jet Punch|p1a: Scream Tail\n|-damage|p1a: Scream Tail|8\/100\n|move|p1a: Scream Tail|Wish|p1a: Scream Tail\n|\n|-heal|p1a: Scream Tail|14\/100|[from] item: Leftovers\n|-start|p2a: Palafin|perish1\n|-start|p1a: Scream Tail|perish1\n|upkeep\n|turn|47\n|\n|t:|1698292070\n|-end|p1a: Scream Tail|Protosynthesis|[silent]\n|switch|p1a: Weezing|Weezing-Galar, F|7\/100\n|-fieldstart|move: Misty Terrain|[from] ability: Misty Surge|[of] p1a: Weezing\n|move|p2a: Palafin|Flip Turn|p1a: Weezing\n|-damage|p1a: Weezing|0 fnt\n|faint|p1a: Weezing\n|\n|t:|1698292074\n|switch|p2a: Gliscor|Gliscor, M|100\/100 tox|[from] Flip Turn\n|\n|upkeep\n|\n|t:|1698292079\n|switch|p1a: Alomomola|Alomomola, M|53\/100 tox\n|-damage|p1a: Alomomola|40\/100 tox|[from] Stealth Rock\n|turn|48\n|\n|t:|1698292082\n|move|p2a: Gliscor|Earthquake|p1a: Alomomola\n|-damage|p1a: Alomomola|21\/100 tox\n|move|p1a: Alomomola|Wish|p1a: Alomomola\n|\n|-damage|p1a: Alomomola|15\/100 tox|[from] psn\n|upkeep\n|turn|49\n|\n|t:|1698292091\n|switch|p1a: Zacian|Zacian|43\/100\n|move|p2a: Gliscor|Earthquake|p1a: Zacian\n|-damage|p1a: Zacian|12\/100\n|\n|-heal|p1a: Zacian|85\/100|[from] move: Wish|[wisher] Alomomola\n|upkeep\n|turn|50\n|\n|t:|1698292098\n|move|p2a: Gliscor|Protect|p2a: Gliscor\n|-singleturn|p2a: Gliscor|Protect\n|move|p1a: Zacian|Swords Dance|p1a: Zacian\n|-boost|p1a: Zacian|atk|2\n|\n|upkeep\n|turn|51\n|\n|t:|1698292117\n|move|p1a: Zacian|Play Rough|p2a: Gliscor\n|-damage|p2a: Gliscor|45\/100 tox\n|move|p2a: Gliscor|Earthquake|p1a: Zacian\n|-crit|p1a: Zacian\n|-damage|p1a: Zacian|39\/100\n|\n|-heal|p2a: Gliscor|57\/100 tox|[from] ability: Poison Heal\n|-fieldend|Misty Terrain\n|upkeep\n|turn|52\n|\n|t:|1698292123\n|move|p2a: Gliscor|Protect|p2a: Gliscor\n|-singleturn|p2a: Gliscor|Protect\n|move|p1a: Zacian|Play Rough|p2a: Gliscor\n|-activate|p2a: Gliscor|move: Protect\n|\n|-heal|p2a: Gliscor|69\/100 tox|[from] ability: Poison Heal\n|upkeep\n|turn|53\n|\n|t:|1698292134\n|move|p1a: Zacian|Play Rough|p2a: Gliscor\n|-damage|p2a: Gliscor|17\/100 tox\n|move|p2a: Gliscor|Earthquake|p1a: Zacian\n|-damage|p1a: Zacian|7\/100\n|\n|-heal|p2a: Gliscor|29\/100 tox|[from] ability: Poison Heal\n|upkeep\n|turn|54\n|\n|t:|1698292151\n|move|p1a: Zacian|Play Rough|p2a: Gliscor\n|-damage|p2a: Gliscor|0 fnt\n|faint|p2a: Gliscor\n|\n|upkeep\n|\n|t:|1698292154\n|switch|p2a: Palafin|Palafin-Hero, F|84\/100\n|turn|55\n|\n|t:|1698292170\n|switch|p1a: Alomomola|Alomomola, M|49\/100 tox\n|-damage|p1a: Alomomola|36\/100 tox|[from] Stealth Rock\n|move|p2a: Palafin|Jet Punch|p1a: Alomomola\n|-resisted|p1a: Alomomola\n|-damage|p1a: Alomomola|26\/100 tox\n|-damage|p2a: Palafin|67\/100|[from] item: Rocky Helmet|[of] p1a: Alomomola\n|\n|-damage|p1a: Alomomola|20\/100 tox|[from] psn\n|upkeep\n|turn|56\n|inactive|Buy my book azul has 270 seconds left.\n|\n|t:|1698292200\n|move|p2a: Palafin|Drain Punch|p1a: Alomomola\n|-damage|p1a: Alomomola|0 fnt\n|-heal|p2a: Palafin|79\/100|[from] drain|[of] p1a: Alomomola\n|-damage|p2a: Palafin|62\/100|[from] item: Rocky Helmet|[of] p1a: Alomomola\n|faint|p1a: Alomomola\n|\n|upkeep\n|\n|t:|1698292214\n|switch|p1a: Arceus|Arceus-Fire|85\/100\n|-damage|p1a: Arceus|60\/100|[from] Stealth Rock\n|turn|57\n|inactive|Buy my book azul has 270 seconds left.\n|\n|t:|1698292225\n|-terastallize|p1a: Arceus|Dark\n|move|p2a: Palafin|Jet Punch|p1a: Arceus\n|-damage|p1a: Arceus|37\/100\n|move|p1a: Arceus|Will-O-Wisp|p2a: Palafin\n|-status|p2a: Palafin|brn\n|\n|-damage|p2a: Palafin|56\/100 brn|[from] brn\n|upkeep\n|turn|58\n|\n|t:|1698292231\n|move|p1a: Arceus|Recover|p1a: Arceus\n|-heal|p1a: Arceus|87\/100\n|move|p2a: Palafin|Drain Punch|p1a: Arceus\n|-supereffective|p1a: Arceus\n|-damage|p1a: Arceus|67\/100\n|-heal|p2a: Palafin|67\/100 brn|[from] drain|[of] p1a: Arceus\n|\n|-damage|p2a: Palafin|61\/100 brn|[from] brn\n|upkeep\n|turn|59\n|\n|t:|1698292236\n|move|p1a: Arceus|Recover|p1a: Arceus\n|-heal|p1a: Arceus|100\/100\n|move|p2a: Palafin|Bulk Up|p2a: Palafin\n|-boost|p2a: Palafin|atk|1\n|-boost|p2a: Palafin|def|1\n|\n|-damage|p2a: Palafin|55\/100 brn|[from] brn\n|upkeep\n|turn|60\n|\n|t:|1698292241\n|move|p1a: Arceus|Foul Play|p2a: Palafin\n|-damage|p2a: Palafin|2\/100 brn\n|move|p2a: Palafin|Bulk Up|p2a: Palafin\n|-boost|p2a: Palafin|atk|1\n|-boost|p2a: Palafin|def|1\n|\n|-damage|p2a: Palafin|0 fnt|[from] brn\n|faint|p2a: Palafin\n|upkeep\n|\n|t:|1698292247\n|switch|p2a: Magearna|Magearna|96\/100\n|-damage|p2a: Magearna|83\/100|[from] Spikes\n|turn|61\n|\n|t:|1698292257\n|switch|p1a: Magearna|Magearna|4\/100 brn\n|-damage|p1a: Magearna|0 fnt|[from] Stealth Rock\n|faint|p1a: Magearna\n|-ability|p2a: Magearna|Soul-Heart|boost\n|-boost|p2a: Magearna|spa|1\n|move|p2a: Magearna|Calm Mind|p2a: Magearna\n|-boost|p2a: Magearna|spa|1\n|-boost|p2a: Magearna|spd|1\n|\n|-heal|p2a: Magearna|89\/100|[from] item: Leftovers\n|upkeep\n|c|\u2606PinkScourge|Fuck\n|\n|t:|1698292266\n|switch|p1a: Zacian|Zacian|7\/100\n|turn|62\n|\n|t:|1698292273\n|-terastallize|p2a: Magearna|Water\n|move|p1a: Zacian|Wild Charge|p2a: Magearna\n|-supereffective|p2a: Magearna\n|-damage|p2a: Magearna|50\/100\n|-damage|p1a: Zacian|0 fnt|[from] Recoil\n|faint|p1a: Zacian\n|-ability|p2a: Magearna|Soul-Heart|boost\n|-boost|p2a: Magearna|spa|1\n|move|p2a: Magearna|Draining Kiss|p1: Zacian|[notarget]\n|-fail|p2a: Magearna\n|\n|-heal|p2a: Magearna|56\/100|[from] item: Leftovers\n|upkeep\n|\n|t:|1698292281\n|switch|p1a: Scream Tail|Scream Tail|14\/100\n|-damage|p1a: Scream Tail|1\/100|[from] Stealth Rock\n|turn|63\n|\n|t:|1698292287\n|move|p1a: Scream Tail|Perish Song|p1a: Scream Tail\n|-start|p1a: Scream Tail|perish3|[silent]\n|-start|p2a: Magearna|perish3|[silent]\n|-fieldactivate|move: Perish Song\n|move|p2a: Magearna|Draining Kiss|p1a: Scream Tail\n|-crit|p1a: Scream Tail\n|-damage|p1a: Scream Tail|0 fnt\n|-heal|p2a: Magearna|56\/100|[from] drain|[of] p1a: Scream Tail\n|faint|p1a: Scream Tail\n|-ability|p2a: Magearna|Soul-Heart|boost\n|-boost|p2a: Magearna|spa|1\n|-end|p1a: Scream Tail|Protosynthesis|[silent]\n|\n|-heal|p2a: Magearna|62\/100|[from] item: Leftovers\n|-start|p2a: Magearna|perish3\n|upkeep\n|\n|t:|1698292293\n|switch|p1a: Arceus|Arceus-Fire, tera:Dark|100\/100\n|-damage|p1a: Arceus|88\/100|[from] Stealth Rock\n|turn|64\n|c|\u2606Buy my book azul|gg\n|\n|t:|1698292298\n|move|p1a: Arceus|Recover|p1a: Arceus\n|-heal|p1a: Arceus|100\/100\n|move|p2a: Magearna|Draining Kiss|p1a: Arceus\n|-supereffective|p1a: Arceus\n|-damage|p1a: Arceus|41\/100\n|-heal|p2a: Magearna|100\/100|[from] drain|[of] p1a: Arceus\n|\n|-start|p2a: Magearna|perish2\n|upkeep\n|turn|65\n|\n|t:|1698292302\n|move|p1a: Arceus|Recover|p1a: Arceus\n|-heal|p1a: Arceus|91\/100\n|move|p2a: Magearna|Draining Kiss|p1a: Arceus\n|-supereffective|p1a: Arceus\n|-damage|p1a: Arceus|24\/100\n|\n|-start|p2a: Magearna|perish1\n|upkeep\n|turn|66\n|\n|t:|1698292311\n|move|p1a: Arceus|Will-O-Wisp|p2a: Magearna|[miss]\n|-miss|p1a: Arceus|p2a: Magearna\n|move|p2a: Magearna|Draining Kiss|p1a: Arceus\n|-supereffective|p1a: Arceus\n|-damage|p1a: Arceus|0 fnt\n|faint|p1a: Arceus\n|\n|win|Buy my book azul\n|c|\u2606PinkScourge|Wait...\n|c|\u2606PinkScourge|I had a chance lol\n|c|\u2606Buy my book azul|lol it was close for sure\n|c|\u2606PinkScourge|Well, to game 2!\n|l|\u2606Buy my book azul\n|l|\u2606PinkScourge\n|j|\u2606Buy my book azul\n|player|p2|Buy my book azul|diantha-masters\n","uploadtime":1698292332,"views":34,"p1id":"pinkscourge","p2id":"buymybookazul","formatid":"gen9ubers","rating":0,"private":0,"password":""}