{"id":"gen9ubers-1977667889","p1":"Im_Not_A_Whale","p2":"LuukTheGamer","format":"[Gen 9] Ubers","log":"|j|\u2606Im_Not_A_Whale\n|j|\u2606LuukTheGamer\n|t:|1698436876\n|gametype|singles\n|player|p1|Im_Not_A_Whale|drayden|\n|player|p2|LuukTheGamer|mira|\n|teamsize|p1|6\n|teamsize|p2|6\n|gen|9\n|tier|[Gen 9] Ubers\n|rule|Sleep Clause Mod: Limit one foe put to sleep\n|rule|Species Clause: Limit one of each Pok\u00e9mon\n|rule|OHKO Clause: OHKO moves are banned\n|rule|Evasion Items Clause: Evasion items are banned\n|rule|Evasion Moves Clause: Evasion moves are banned\n|rule|Endless Battle Clause: Forcing endless battles is banned\n|rule|HP Percentage Mod: HP is shown in percentages\n|clearpoke\n|poke|p1|Darkrai|\n|poke|p1|Palafin, M|\n|poke|p1|Samurott-Hisui, M|\n|poke|p1|Sableye, M|\n|poke|p1|Giratina|\n|poke|p1|Shaymin-Sky|\n|poke|p2|Torterra, M|\n|poke|p2|Cyclizar, M|\n|poke|p2|Moltres|\n|poke|p2|Blissey, F|\n|poke|p2|Clefable, F|\n|poke|p2|Gliscor, M|\n|teampreview\n|inactive|Battle timer is ON: inactive players will automatically lose when time's up. (requested by LuukTheGamer)\n|inactive|LuukTheGamer has 270 seconds left.\n|c|\u2606Im_Not_A_Whale|Good luck have fun\n|\n|t:|1698436929\n|start\n|switch|p1a: Palafin|Palafin, M|100\/100\n|switch|p2a: Blissey|Blissey, F, shiny|100\/100\n|turn|1\n|c|\u2606LuukTheGamer|glhf\n|inactive|LuukTheGamer has 270 seconds left.\n|\n|t:|1698436960\n|switch|p2a: Moltres|Moltres, shiny|100\/100\n|move|p1a: Palafin|Flip Turn|p2a: Moltres\n|-supereffective|p2a: Moltres\n|-damage|p2a: Moltres|68\/100\n|-status|p1a: Palafin|brn|[from] ability: Flame Body|[of] p2a: Moltres\n|inactive|Im_Not_A_Whale has 270 seconds left.\n|\n|t:|1698436990\n|detailschange|p1a: Palafin|Palafin-Hero, M\n|switch|p1a: Samurott|Samurott-Hisui, M|100\/100|[from] Flip Turn\n|\n|upkeep\n|turn|2\n|inactive|LuukTheGamer has 270 seconds left.\n|inactive|LuukTheGamer has 240 seconds left.\n|\n|t:|1698437059\n|switch|p2a: Gliscor|Gliscor, M|100\/100\n|move|p1a: Samurott|Ceaseless Edge|p2a: Gliscor\n|-damage|p2a: Gliscor|82\/100\n|-sidestart|p2: LuukTheGamer|Spikes\n|\n|-status|p2a: Gliscor|tox|[from] item: Toxic Orb\n|upkeep\n|turn|3\n|inactive|Im_Not_A_Whale has 270 seconds left.\n|inactive|LuukTheGamer has 210 seconds left.\n|\n|t:|1698437116\n|switch|p1a: Darkrai|Darkrai|100\/100\n|move|p2a: Gliscor|Toxic Spikes|p1a: Darkrai\n|-sidestart|p1: Im_Not_A_Whale|move: Toxic Spikes\n|\n|-heal|p2a: Gliscor|94\/100 tox|[from] ability: Poison Heal\n|upkeep\n|turn|4\n|\n|t:|1698437140\n|switch|p2a: Blissey|Blissey, F, shiny|100\/100\n|move|p1a: Darkrai|Ice Beam|p2a: Blissey\n|-crit|p2a: Blissey\n|-damage|p2a: Blissey|88\/100\n|\n|upkeep\n|turn|5\n|inactive|LuukTheGamer has 180 seconds left.\n|\n|t:|1698437161\n|move|p1a: Darkrai|Hypnosis|p2a: Blissey\n|-status|p2a: Blissey|slp|[from] move: Hypnosis\n|cant|p2a: Blissey|slp\n|\n|-damage|p2a: Blissey|76\/100 slp|[from] ability: Bad Dreams|[of] p1a: Darkrai\n|upkeep\n|turn|6\n|inactive|LuukTheGamer has 180 seconds left.\n|\n|t:|1698437179\n|switch|p1a: Palafin|Palafin-Hero, M|100\/100 brn\n|-activate|p1a: Palafin|ability: Zero to Hero\n|cant|p2a: Blissey|slp\n|\n|-damage|p1a: Palafin|94\/100 brn|[from] brn\n|upkeep\n|turn|7\n|inactive|LuukTheGamer has 180 seconds left.\n|\n|t:|1698437197\n|-curestatus|p2a: Blissey|slp|[from] ability: Natural Cure\n|switch|p2a: Gliscor|Gliscor, M|94\/100 tox\n|move|p1a: Palafin|Close Combat|p2a: Gliscor\n|-resisted|p2a: Gliscor\n|-damage|p2a: Gliscor|86\/100 tox\n|-unboost|p1a: Palafin|def|1\n|-unboost|p1a: Palafin|spd|1\n|\n|-heal|p2a: Gliscor|99\/100 tox|[from] ability: Poison Heal\n|-damage|p1a: Palafin|88\/100 brn|[from] brn\n|upkeep\n|turn|8\n|inactive|Im_Not_A_Whale has 270 seconds left.\n|\n|t:|1698437225\n|switch|p1a: Sableye|Sableye, M|100\/100\n|-status|p1a: Sableye|psn\n|move|p2a: Gliscor|Toxic Spikes|p1a: Sableye\n|-sidestart|p1: Im_Not_A_Whale|move: Toxic Spikes\n|\n|-heal|p2a: Gliscor|100\/100 tox|[from] ability: Poison Heal\n|-damage|p1a: Sableye|88\/100 psn|[from] psn\n|upkeep\n|turn|9\n|inactive|LuukTheGamer has 150 seconds left.\n|\n|t:|1698437249\n|move|p1a: Sableye|Encore|p2a: Gliscor\n|-start|p2a: Gliscor|Encore\n|move|p2a: Gliscor|Toxic Spikes||[still]\n|-fail|p2a: Gliscor\n|\n|-heal|p1a: Sableye|94\/100 psn|[from] item: Leftovers\n|-damage|p1a: Sableye|82\/100 psn|[from] psn\n|upkeep\n|turn|10\n|inactive|LuukTheGamer has 150 seconds left.\n|\n|t:|1698437270\n|switch|p2a: Blissey|Blissey, F, shiny|76\/100\n|move|p1a: Sableye|Reflect|p1a: Sableye\n|-sidestart|p1: Im_Not_A_Whale|Reflect\n|\n|-heal|p1a: Sableye|88\/100 psn|[from] item: Leftovers\n|-damage|p1a: Sableye|76\/100 psn|[from] psn\n|upkeep\n|turn|11\n|inactive|Im_Not_A_Whale has 270 seconds left.\n|\n|t:|1698437286\n|switch|p1a: Palafin|Palafin-Hero, M|88\/100 brn\n|move|p2a: Blissey|Soft-Boiled|p2a: Blissey\n|-heal|p2a: Blissey|100\/100\n|\n|-damage|p1a: Palafin|82\/100 brn|[from] brn\n|upkeep\n|turn|12\n|inactive|LuukTheGamer has 120 seconds left.\n|\n|t:|1698437330\n|switch|p2a: Gliscor|Gliscor, M|100\/100 tox\n|move|p1a: Palafin|Ice Punch|p2a: Gliscor\n|-supereffective|p2a: Gliscor\n|-damage|p2a: Gliscor|64\/100 tox\n|\n|-heal|p2a: Gliscor|76\/100 tox|[from] ability: Poison Heal\n|-damage|p1a: Palafin|76\/100 brn|[from] brn\n|upkeep\n|turn|13\n|inactive|Im_Not_A_Whale has 270 seconds left.\n|\n|t:|1698437351\n|switch|p1a: Giratina|Giratina|100\/100\n|-status|p1a: Giratina|tox\n|-ability|p1a: Giratina|Pressure\n|move|p2a: Gliscor|Protect||[still]\n|-fail|p2a: Gliscor\n|\n|-heal|p2a: Gliscor|89\/100 tox|[from] ability: Poison Heal\n|-damage|p1a: Giratina|94\/100 tox|[from] psn\n|upkeep\n|turn|14\n|inactive|Im_Not_A_Whale has 270 seconds left.\n|\n|t:|1698437369\n|move|p2a: Gliscor|Earthquake|p1a: Giratina\n|-damage|p1a: Giratina|85\/100 tox\n|move|p1a: Giratina|Hex|p2a: Gliscor\n|-damage|p2a: Gliscor|11\/100 tox\n|\n|-heal|p1a: Giratina|92\/100 tox|[from] item: Leftovers\n|-heal|p2a: Gliscor|23\/100 tox|[from] ability: Poison Heal\n|-damage|p1a: Giratina|79\/100 tox|[from] psn\n|-sideend|p1: Im_Not_A_Whale|Reflect\n|upkeep\n|turn|15\n|\n|t:|1698437377\n|move|p2a: Gliscor|Protect|p2a: Gliscor\n|-singleturn|p2a: Gliscor|Protect\n|move|p1a: Giratina|Draco Meteor|p2a: Gliscor\n|-activate|p2a: Gliscor|move: Protect\n|\n|-heal|p1a: Giratina|85\/100 tox|[from] item: Leftovers\n|-heal|p2a: Gliscor|36\/100 tox|[from] ability: Poison Heal\n|-damage|p1a: Giratina|67\/100 tox|[from] psn\n|upkeep\n|turn|16\n|\n|t:|1698437385\n|switch|p2a: Blissey|Blissey, F, shiny|100\/100\n|move|p1a: Giratina|Hex|p2a: Blissey\n|-immune|p2a: Blissey\n|\n|-heal|p1a: Giratina|73\/100 tox|[from] item: Leftovers\n|-damage|p1a: Giratina|48\/100 tox|[from] psn\n|upkeep\n|turn|17\n|inactive|LuukTheGamer has 120 seconds left.\n|\n|t:|1698437404\n|switch|p1a: Darkrai|Darkrai|100\/100\n|-status|p1a: Darkrai|tox\n|switch|p2a: Cyclizar|Cyclizar, M|100\/100\n|\n|-damage|p1a: Darkrai|94\/100 tox|[from] psn\n|upkeep\n|turn|18\n|inactive|LuukTheGamer has 90 seconds left.\n|\n|t:|1698437447\n|switch|p2a: Blissey|Blissey, F, shiny|100\/100\n|move|p1a: Darkrai|Hypnosis|p2a: Blissey\n|-status|p2a: Blissey|slp|[from] move: Hypnosis\n|\n|-damage|p1a: Darkrai|82\/100 tox|[from] psn\n|-damage|p2a: Blissey|88\/100 slp|[from] ability: Bad Dreams|[of] p1a: Darkrai\n|upkeep\n|turn|19\n|\n|t:|1698437458\n|move|p1a: Darkrai|Ice Beam|p2a: Blissey\n|-damage|p2a: Blissey|80\/100 slp\n|cant|p2a: Blissey|slp\n|\n|-damage|p1a: Darkrai|64\/100 tox|[from] psn\n|-damage|p2a: Blissey|67\/100 slp|[from] ability: Bad Dreams|[of] p1a: Darkrai\n|upkeep\n|turn|20\n|\n|t:|1698437472\n|switch|p1a: Samurott|Samurott-Hisui, M|100\/100\n|-status|p1a: Samurott|tox\n|-curestatus|p2a: Blissey|slp|[msg]\n|move|p2a: Blissey|Soft-Boiled|p2a: Blissey\n|-heal|p2a: Blissey|100\/100\n|\n|-damage|p1a: Samurott|94\/100 tox|[from] psn\n|upkeep\n|turn|21\n|inactive|LuukTheGamer has 90 seconds left.\n|\n|t:|1698437507\n|switch|p2a: Clefable|Clefable, F|100\/100\n|-damage|p2a: Clefable|88\/100|[from] Spikes\n|move|p1a: Samurott|Sacred Sword|p2a: Clefable\n|-resisted|p2a: Clefable\n|-damage|p2a: Clefable|77\/100\n|\n|-heal|p2a: Clefable|83\/100|[from] item: Leftovers\n|-damage|p1a: Samurott|82\/100 tox|[from] psn\n|upkeep\n|turn|22\n|\n|t:|1698437535\n|switch|p1a: Darkrai|Darkrai|64\/100 tox\n|move|p2a: Clefable|Wish|p2a: Clefable\n|\n|-heal|p2a: Clefable|89\/100|[from] item: Leftovers\n|-damage|p1a: Darkrai|58\/100 tox|[from] psn\n|upkeep\n|turn|23\n|\n|t:|1698437549\n|move|p2a: Clefable|Protect|p2a: Clefable\n|-singleturn|p2a: Clefable|Protect\n|move|p1a: Darkrai|Hypnosis|p2a: Clefable\n|-activate|p2a: Clefable|move: Protect\n|\n|-heal|p2a: Clefable|100\/100|[from] move: Wish|[wisher] Clefable\n|-damage|p1a: Darkrai|46\/100 tox|[from] psn\n|upkeep\n|turn|24\n|\n|t:|1698437562\n|move|p1a: Darkrai|Hypnosis|p2a: Clefable\n|-status|p2a: Clefable|slp|[from] move: Hypnosis\n|cant|p2a: Clefable|slp\n|\n|-damage|p1a: Darkrai|28\/100 tox|[from] psn\n|-damage|p2a: Clefable|88\/100 slp|[from] ability: Bad Dreams|[of] p1a: Darkrai\n|upkeep\n|turn|25\n|inactive|Im_Not_A_Whale has 270 seconds left.\n|\n|t:|1698437593\n|switch|p1a: Shaymin|Shaymin-Sky|100\/100\n|cant|p2a: Clefable|slp\n|\n|-heal|p2a: Clefable|94\/100 slp|[from] item: Leftovers\n|upkeep\n|turn|26\n|\n|t:|1698437602\n|move|p1a: Shaymin|Air Slash|p2a: Clefable\n|-damage|p2a: Clefable|39\/100 slp\n|-curestatus|p2a: Clefable|slp|[msg]\n|move|p2a: Clefable|Wish|p2a: Clefable\n|\n|-heal|p2a: Clefable|45\/100|[from] item: Leftovers\n|upkeep\n|turn|27\n|\n|t:|1698437608\n|move|p2a: Clefable|Protect|p2a: Clefable\n|-singleturn|p2a: Clefable|Protect\n|move|p1a: Shaymin|Air Slash|p2a: Clefable\n|-activate|p2a: Clefable|move: Protect\n|\n|-heal|p2a: Clefable|95\/100|[from] move: Wish|[wisher] Clefable\n|-heal|p2a: Clefable|100\/100|[from] item: Leftovers\n|upkeep\n|turn|28\n|inactive|LuukTheGamer has 90 seconds left.\n|\n|t:|1698437617\n|switch|p2a: Blissey|Blissey, F, shiny|100\/100\n|move|p1a: Shaymin|Air Slash|p2a: Blissey\n|-damage|p2a: Blissey|85\/100\n|\n|upkeep\n|turn|29\n|inactive|LuukTheGamer has 90 seconds left.\n|\n|t:|1698437632\n|switch|p1a: Sableye|Sableye, M|76\/100 psn\n|move|p2a: Blissey|Seismic Toss|p1a: Sableye\n|-immune|p1a: Sableye\n|\n|-heal|p1a: Sableye|82\/100 psn|[from] item: Leftovers\n|-damage|p1a: Sableye|69\/100 psn|[from] psn\n|upkeep\n|turn|30\n|inactive|LuukTheGamer has 90 seconds left.\n|\n|t:|1698437644\n|switch|p2a: Clefable|Clefable, F|100\/100\n|-damage|p2a: Clefable|88\/100|[from] Spikes\n|move|p1a: Sableye|Will-O-Wisp|p2a: Clefable\n|-status|p2a: Clefable|brn\n|\n|-heal|p2a: Clefable|94\/100 brn|[from] item: Leftovers\n|-heal|p1a: Sableye|75\/100 psn|[from] item: Leftovers\n|-damage|p1a: Sableye|63\/100 psn|[from] psn\n|-damage|p2a: Clefable|88\/100 brn|[from] brn\n|upkeep\n|turn|31\n|inactive|LuukTheGamer has 90 seconds left.\n|\n|t:|1698437658\n|move|p1a: Sableye|Light Screen|p1a: Sableye\n|-sidestart|p1: Im_Not_A_Whale|move: Light Screen\n|move|p2a: Clefable|Wish|p2a: Clefable\n|\n|-heal|p2a: Clefable|94\/100 brn|[from] item: Leftovers\n|-heal|p1a: Sableye|69\/100 psn|[from] item: Leftovers\n|-damage|p1a: Sableye|57\/100 psn|[from] psn\n|-damage|p2a: Clefable|88\/100 brn|[from] brn\n|upkeep\n|turn|32\n|inactive|LuukTheGamer has 90 seconds left.\n|\n|t:|1698437670\n|switch|p2a: Gliscor|Gliscor, M|36\/100 tox\n|switch|p1a: Shaymin|Shaymin-Sky|100\/100\n|\n|-heal|p2a: Gliscor|91\/100 tox|[from] move: Wish|[wisher] Clefable\n|-heal|p2a: Gliscor|100\/100 tox|[from] ability: Poison Heal\n|upkeep\n|turn|33\n|inactive|LuukTheGamer has 90 seconds left.\n|\n|t:|1698437684\n|switch|p2a: Blissey|Blissey, F, shiny|85\/100\n|move|p1a: Shaymin|Air Slash|p2a: Blissey\n|-damage|p2a: Blissey|69\/100\n|\n|upkeep\n|turn|34\n|\n|t:|1698437691\n|move|p1a: Shaymin|Air Slash|p2a: Blissey\n|-damage|p2a: Blissey|54\/100\n|cant|p2a: Blissey|flinch\n|\n|upkeep\n|turn|35\n|\n|t:|1698437697\n|move|p1a: Shaymin|Air Slash|p2a: Blissey\n|-damage|p2a: Blissey|37\/100\n|cant|p2a: Blissey|flinch\n|\n|-sideend|p1: Im_Not_A_Whale|move: Light Screen\n|upkeep\n|turn|36\n|\n|t:|1698437703\n|move|p1a: Shaymin|Air Slash|p2a: Blissey\n|-damage|p2a: Blissey|23\/100\n|cant|p2a: Blissey|flinch\n|\n|upkeep\n|turn|37\n|\n|t:|1698437708\n|move|p1a: Shaymin|Air Slash|p2a: Blissey\n|-damage|p2a: Blissey|6\/100\n|move|p2a: Blissey|Soft-Boiled|p2a: Blissey\n|-heal|p2a: Blissey|56\/100\n|\n|upkeep\n|turn|38\n|inactive|LuukTheGamer has 120 seconds left.\n|\n|t:|1698437728\n|move|p1a: Shaymin|Air Slash|p2a: Blissey\n|-damage|p2a: Blissey|41\/100\n|cant|p2a: Blissey|flinch\n|\n|upkeep\n|turn|39\n|\n|t:|1698437732\n|move|p1a: Shaymin|Air Slash|p2a: Blissey|[miss]\n|-miss|p1a: Shaymin|p2a: Blissey\n|move|p2a: Blissey|Soft-Boiled|p2a: Blissey\n|-heal|p2a: Blissey|91\/100\n|\n|upkeep\n|turn|40\n|inactive|LuukTheGamer has 120 seconds left.\n|\n|t:|1698437757\n|move|p1a: Shaymin|Air Slash|p2a: Blissey\n|-damage|p2a: Blissey|75\/100\n|cant|p2a: Blissey|flinch\n|\n|upkeep\n|turn|41\n|\n|t:|1698437761\n|move|p1a: Shaymin|Air Slash|p2a: Blissey\n|-damage|p2a: Blissey|60\/100\n|cant|p2a: Blissey|flinch\n|\n|upkeep\n|turn|42\n|\n|t:|1698437767\n|move|p1a: Shaymin|Air Slash|p2a: Blissey|[miss]\n|-miss|p1a: Shaymin|p2a: Blissey\n|move|p2a: Blissey|Soft-Boiled|p2a: Blissey\n|-heal|p2a: Blissey|100\/100\n|\n|upkeep\n|turn|43\n|\n|t:|1698437772\n|switch|p1a: Palafin|Palafin-Hero, M|76\/100 brn\n|move|p2a: Blissey|Calm Mind|p2a: Blissey\n|-boost|p2a: Blissey|spa|1\n|-boost|p2a: Blissey|spd|1\n|\n|-damage|p1a: Palafin|70\/100 brn|[from] brn\n|upkeep\n|turn|44\n|inactive|LuukTheGamer has 120 seconds left.\n|\n|t:|1698437805\n|switch|p2a: Clefable|Clefable, F|88\/100 brn\n|-damage|p2a: Clefable|76\/100 brn|[from] Spikes\n|move|p1a: Palafin|Close Combat|p2a: Clefable\n|-resisted|p2a: Clefable\n|-damage|p2a: Clefable|65\/100 brn\n|-unboost|p1a: Palafin|def|1\n|-unboost|p1a: Palafin|spd|1\n|\n|-heal|p2a: Clefable|71\/100 brn|[from] item: Leftovers\n|-damage|p1a: Palafin|64\/100 brn|[from] brn\n|-damage|p2a: Clefable|65\/100 brn|[from] brn\n|upkeep\n|turn|45\n|\n|t:|1698437820\n|switch|p1a: Darkrai|Darkrai|28\/100 tox\n|move|p2a: Clefable|Wish|p2a: Clefable\n|\n|-heal|p2a: Clefable|71\/100 brn|[from] item: Leftovers\n|-damage|p1a: Darkrai|22\/100 tox|[from] psn\n|-damage|p2a: Clefable|65\/100 brn|[from] brn\n|upkeep\n|turn|46\n|\n|t:|1698437828\n|move|p2a: Clefable|Protect|p2a: Clefable\n|-singleturn|p2a: Clefable|Protect\n|move|p1a: Darkrai|Hex|p2a: Clefable\n|-activate|p2a: Clefable|move: Protect\n|\n|-heal|p2a: Clefable|100\/100 brn|[from] move: Wish|[wisher] Clefable\n|-damage|p1a: Darkrai|10\/100 tox|[from] psn\n|-damage|p2a: Clefable|94\/100 brn|[from] brn\n|upkeep\n|turn|47\n|\n|t:|1698437839\n|switch|p2a: Blissey|Blissey, F, shiny|100\/100\n|move|p1a: Darkrai|Hex|p2a: Blissey\n|-immune|p2a: Blissey\n|\n|-damage|p1a: Darkrai|0 fnt|[from] psn\n|faint|p1a: Darkrai\n|upkeep\n|\n|t:|1698437863\n|switch|p1a: Palafin|Palafin-Hero, M|64\/100 brn\n|turn|48\n|\n|t:|1698437872\n|switch|p2a: Clefable|Clefable, F|94\/100 brn\n|-damage|p2a: Clefable|82\/100 brn|[from] Spikes\n|move|p1a: Palafin|Close Combat|p2a: Clefable\n|-resisted|p2a: Clefable\n|-crit|p2a: Clefable\n|-damage|p2a: Clefable|66\/100 brn\n|-unboost|p1a: Palafin|def|1\n|-unboost|p1a: Palafin|spd|1\n|\n|-heal|p2a: Clefable|72\/100 brn|[from] item: Leftovers\n|-damage|p1a: Palafin|57\/100 brn|[from] brn\n|-damage|p2a: Clefable|66\/100 brn|[from] brn\n|upkeep\n|turn|49\n|\n|t:|1698437890\n|switch|p1a: Sableye|Sableye, M|57\/100 psn\n|move|p2a: Clefable|Wish|p2a: Clefable\n|\n|-heal|p2a: Clefable|72\/100 brn|[from] item: Leftovers\n|-heal|p1a: Sableye|63\/100 psn|[from] item: Leftovers\n|-damage|p1a: Sableye|51\/100 psn|[from] psn\n|-damage|p2a: Clefable|66\/100 brn|[from] brn\n|upkeep\n|turn|50\n|inactive|LuukTheGamer has 150 seconds left.\n|\n|t:|1698437896\n|move|p2a: Clefable|Protect|p2a: Clefable\n|-singleturn|p2a: Clefable|Protect\n|move|p1a: Sableye|Encore|p2a: Clefable\n|-activate|p2a: Clefable|move: Protect\n|\n|-heal|p2a: Clefable|100\/100 brn|[from] move: Wish|[wisher] Clefable\n|-heal|p1a: Sableye|57\/100 psn|[from] item: Leftovers\n|-damage|p1a: Sableye|44\/100 psn|[from] psn\n|-damage|p2a: Clefable|94\/100 brn|[from] brn\n|upkeep\n|turn|51\n|inactive|LuukTheGamer has 150 seconds left.\n|\n|t:|1698437920\n|switch|p2a: Gliscor|Gliscor, M|100\/100 tox\n|switch|p1a: Shaymin|Shaymin-Sky|100\/100\n|\n|upkeep\n|turn|52\n|\n|t:|1698437930\n|switch|p2a: Blissey|Blissey, F, shiny|100\/100\n|-terastallize|p1a: Shaymin|Grass\n|move|p1a: Shaymin|Leaf Storm|p2a: Blissey|[miss]\n|-miss|p1a: Shaymin|p2a: Blissey\n|\n|upkeep\n|turn|53\n|inactive|LuukTheGamer has 150 seconds left.\n|\n|t:|1698437952\n|switch|p1a: Samurott|Samurott-Hisui, M|82\/100 tox\n|move|p2a: Blissey|Calm Mind|p2a: Blissey\n|-boost|p2a: Blissey|spa|1\n|-boost|p2a: Blissey|spd|1\n|\n|-damage|p1a: Samurott|76\/100 tox|[from] psn\n|upkeep\n|turn|54\n|\n|t:|1698437970\n|switch|p2a: Clefable|Clefable, F|94\/100 brn\n|-damage|p2a: Clefable|82\/100 brn|[from] Spikes\n|move|p1a: Samurott|Sacred Sword|p2a: Clefable\n|-resisted|p2a: Clefable\n|-damage|p2a: Clefable|71\/100 brn\n|\n|-heal|p2a: Clefable|77\/100 brn|[from] item: Leftovers\n|-damage|p1a: Samurott|63\/100 tox|[from] psn\n|-damage|p2a: Clefable|71\/100 brn|[from] brn\n|upkeep\n|turn|55\n|\n|t:|1698437980\n|move|p1a: Samurott|Aqua Jet|p2a: Clefable\n|-damage|p2a: Clefable|58\/100 brn\n|move|p2a: Clefable|Wish|p2a: Clefable\n|\n|-heal|p2a: Clefable|64\/100 brn|[from] item: Leftovers\n|-damage|p1a: Samurott|44\/100 tox|[from] psn\n|-damage|p2a: Clefable|58\/100 brn|[from] brn\n|upkeep\n|turn|56\n|\n|t:|1698437986\n|switch|p1a: Palafin|Palafin-Hero, M|57\/100 brn\n|move|p2a: Clefable|Protect||[still]\n|-fail|p2a: Clefable\n|\n|-heal|p2a: Clefable|100\/100 brn|[from] move: Wish|[wisher] Clefable\n|-damage|p1a: Palafin|51\/100 brn|[from] brn\n|-damage|p2a: Clefable|94\/100 brn|[from] brn\n|upkeep\n|turn|57\n|inactive|LuukTheGamer has 150 seconds left.\n|\n|t:|1698437995\n|move|p1a: Palafin|Jet Punch|p2a: Clefable\n|-damage|p2a: Clefable|79\/100 brn\n|move|p2a: Clefable|Wish|p2a: Clefable\n|\n|-heal|p2a: Clefable|85\/100 brn|[from] item: Leftovers\n|-damage|p1a: Palafin|45\/100 brn|[from] brn\n|-damage|p2a: Clefable|79\/100 brn|[from] brn\n|upkeep\n|turn|58\n|\n|t:|1698438001\n|move|p1a: Palafin|Jet Punch|p2a: Clefable\n|-damage|p2a: Clefable|64\/100 brn\n|move|p2a: Clefable|Calm Mind|p2a: Clefable\n|-boost|p2a: Clefable|spa|1\n|-boost|p2a: Clefable|spd|1\n|\n|-heal|p2a: Clefable|100\/100 brn|[from] move: Wish|[wisher] Clefable\n|-damage|p1a: Palafin|39\/100 brn|[from] brn\n|-damage|p2a: Clefable|94\/100 brn|[from] brn\n|upkeep\n|turn|59\n|\n|t:|1698438007\n|move|p1a: Palafin|Jet Punch|p2a: Clefable\n|-damage|p2a: Clefable|79\/100 brn\n|move|p2a: Clefable|Calm Mind|p2a: Clefable\n|-boost|p2a: Clefable|spa|1\n|-boost|p2a: Clefable|spd|1\n|\n|-heal|p2a: Clefable|85\/100 brn|[from] item: Leftovers\n|-damage|p1a: Palafin|33\/100 brn|[from] brn\n|-damage|p2a: Clefable|79\/100 brn|[from] brn\n|upkeep\n|turn|60\n|\n|t:|1698438010\n|move|p1a: Palafin|Jet Punch|p2a: Clefable\n|-damage|p2a: Clefable|65\/100 brn\n|move|p2a: Clefable|Wish|p2a: Clefable\n|\n|-heal|p2a: Clefable|71\/100 brn|[from] item: Leftovers\n|-damage|p1a: Palafin|27\/100 brn|[from] brn\n|-damage|p2a: Clefable|65\/100 brn|[from] brn\n|upkeep\n|turn|61\n|\n|t:|1698438014\n|move|p1a: Palafin|Jet Punch|p2a: Clefable\n|-damage|p2a: Clefable|48\/100 brn\n|move|p2a: Clefable|Calm Mind|p2a: Clefable\n|-boost|p2a: Clefable|spa|1\n|-boost|p2a: Clefable|spd|1\n|\n|-heal|p2a: Clefable|98\/100 brn|[from] move: Wish|[wisher] Clefable\n|-heal|p2a: Clefable|100\/100 brn|[from] item: Leftovers\n|-damage|p1a: Palafin|20\/100 brn|[from] brn\n|-damage|p2a: Clefable|94\/100 brn|[from] brn\n|upkeep\n|turn|62\n|\n|t:|1698438017\n|move|p1a: Palafin|Jet Punch|p2a: Clefable\n|-damage|p2a: Clefable|79\/100 brn\n|move|p2a: Clefable|Calm Mind|p2a: Clefable\n|-boost|p2a: Clefable|spa|1\n|-boost|p2a: Clefable|spd|1\n|\n|-heal|p2a: Clefable|85\/100 brn|[from] item: Leftovers\n|-damage|p1a: Palafin|14\/100 brn|[from] brn\n|-damage|p2a: Clefable|79\/100 brn|[from] brn\n|upkeep\n|turn|63\n|\n|t:|1698438026\n|move|p1a: Palafin|Jet Punch|p2a: Clefable\n|-damage|p2a: Clefable|63\/100 brn\n|move|p2a: Clefable|Wish|p2a: Clefable\n|\n|-heal|p2a: Clefable|69\/100 brn|[from] item: Leftovers\n|-damage|p1a: Palafin|8\/100 brn|[from] brn\n|-damage|p2a: Clefable|63\/100 brn|[from] brn\n|upkeep\n|turn|64\n|\n|t:|1698438034\n|move|p1a: Palafin|Jet Punch|p2a: Clefable\n|-damage|p2a: Clefable|46\/100 brn\n|move|p2a: Clefable|Calm Mind|p2a: Clefable\n|-boost|p2a: Clefable|spa|1\n|-boost|p2a: Clefable|spd|1\n|\n|-heal|p2a: Clefable|96\/100 brn|[from] move: Wish|[wisher] Clefable\n|-heal|p2a: Clefable|100\/100 brn|[from] item: Leftovers\n|-damage|p1a: Palafin|2\/100 brn|[from] brn\n|-damage|p2a: Clefable|94\/100 brn|[from] brn\n|upkeep\n|turn|65\n|\n|t:|1698438037\n|move|p2a: Clefable|Protect|p2a: Clefable\n|-singleturn|p2a: Clefable|Protect\n|move|p1a: Palafin|Jet Punch|p2a: Clefable\n|-activate|p2a: Clefable|move: Protect\n|\n|-heal|p2a: Clefable|100\/100 brn|[from] item: Leftovers\n|-damage|p1a: Palafin|0 fnt|[from] brn\n|faint|p1a: Palafin\n|-damage|p2a: Clefable|94\/100 brn|[from] brn\n|upkeep\n|\n|t:|1698438042\n|switch|p1a: Samurott|Samurott-Hisui, M|44\/100 tox\n|turn|66\n|\n|t:|1698438048\n|move|p1a: Samurott|Ceaseless Edge|p2a: Clefable\n|-resisted|p2a: Clefable\n|-damage|p2a: Clefable|84\/100 brn\n|-sidestart|p2: LuukTheGamer|Spikes\n|move|p2a: Clefable|Moonblast|p1a: Samurott\n|-supereffective|p1a: Samurott\n|-damage|p1a: Samurott|0 fnt\n|faint|p1a: Samurott\n|\n|-heal|p2a: Clefable|90\/100 brn|[from] item: Leftovers\n|-damage|p2a: Clefable|84\/100 brn|[from] brn\n|upkeep\n|\n|t:|1698438053\n|switch|p1a: Giratina|Giratina|48\/100 tox\n|-ability|p1a: Giratina|Pressure\n|turn|67\n|\n|t:|1698438057\n|move|p1a: Giratina|Hex|p2a: Clefable\n|-damage|p2a: Clefable|67\/100 brn\n|move|p2a: Clefable|Moonblast|p1a: Giratina\n|-supereffective|p1a: Giratina\n|-damage|p1a: Giratina|0 fnt\n|faint|p1a: Giratina\n|\n|-heal|p2a: Clefable|73\/100 brn|[from] item: Leftovers\n|-damage|p2a: Clefable|67\/100 brn|[from] brn\n|upkeep\n|\n|t:|1698438061\n|switch|p1a: Sableye|Sableye, M|44\/100 psn\n|turn|68\n|\n|t:|1698438067\n|move|p1a: Sableye|Light Screen|p1a: Sableye\n|-sidestart|p1: Im_Not_A_Whale|move: Light Screen\n|move|p2a: Clefable|Moonblast|p1a: Sableye\n|-supereffective|p1a: Sableye\n|-damage|p1a: Sableye|0 fnt\n|faint|p1a: Sableye\n|\n|-heal|p2a: Clefable|73\/100 brn|[from] item: Leftovers\n|-damage|p2a: Clefable|67\/100 brn|[from] brn\n|upkeep\n|\n|t:|1698438069\n|switch|p1a: Shaymin|Shaymin-Sky, tera:Grass|100\/100\n|-status|p1a: Shaymin|tox\n|turn|69\n|\n|t:|1698438077\n|move|p1a: Shaymin|Air Slash|p2a: Clefable\n|-damage|p2a: Clefable|52\/100 brn\n|move|p2a: Clefable|Calm Mind|p2a: Clefable\n|-boost|p2a: Clefable|spa|1\n|-boost|p2a: Clefable|spd|1\n|\n|-heal|p2a: Clefable|58\/100 brn|[from] item: Leftovers\n|-damage|p1a: Shaymin|94\/100 tox|[from] psn\n|-damage|p2a: Clefable|52\/100 brn|[from] brn\n|upkeep\n|turn|70\n|\n|t:|1698438081\n|move|p1a: Shaymin|Air Slash|p2a: Clefable\n|-damage|p2a: Clefable|39\/100 brn\n|cant|p2a: Clefable|flinch\n|\n|-heal|p2a: Clefable|45\/100 brn|[from] item: Leftovers\n|-damage|p1a: Shaymin|82\/100 tox|[from] psn\n|-damage|p2a: Clefable|39\/100 brn|[from] brn\n|upkeep\n|turn|71\n|\n|t:|1698438084\n|move|p2a: Clefable|Protect|p2a: Clefable\n|-singleturn|p2a: Clefable|Protect\n|move|p1a: Shaymin|Air Slash|p2a: Clefable\n|-activate|p2a: Clefable|move: Protect\n|\n|-heal|p2a: Clefable|45\/100 brn|[from] item: Leftovers\n|-damage|p1a: Shaymin|64\/100 tox|[from] psn\n|-damage|p2a: Clefable|39\/100 brn|[from] brn\n|upkeep\n|turn|72\n|\n|t:|1698438091\n|move|p1a: Shaymin|Air Slash|p2a: Clefable\n|-damage|p2a: Clefable|25\/100 brn\n|cant|p2a: Clefable|flinch\n|\n|-heal|p2a: Clefable|31\/100 brn|[from] item: Leftovers\n|-damage|p1a: Shaymin|39\/100 tox|[from] psn\n|-damage|p2a: Clefable|25\/100 brn|[from] brn\n|-sideend|p1: Im_Not_A_Whale|move: Light Screen\n|upkeep\n|turn|73\n|\n|t:|1698438094\n|move|p1a: Shaymin|Air Slash|p2a: Clefable\n|-damage|p2a: Clefable|12\/100 brn\n|cant|p2a: Clefable|flinch\n|\n|-heal|p2a: Clefable|18\/100 brn|[from] item: Leftovers\n|-damage|p1a: Shaymin|8\/100 tox|[from] psn\n|-damage|p2a: Clefable|12\/100 brn|[from] brn\n|upkeep\n|turn|74\n|c|\u2606Im_Not_A_Whale|Ggs\n|\n|t:|1698438099\n|move|p1a: Shaymin|Air Slash|p2a: Clefable\n|-damage|p2a: Clefable|0 fnt\n|faint|p2a: Clefable\n|\n|-damage|p1a: Shaymin|0 fnt|[from] psn\n|faint|p1a: Shaymin\n|\n|win|LuukTheGamer\n|upkeep\n|c|\u2606LuukTheGamer|gg\n|l|\u2606Im_Not_A_Whale\n","uploadtime":1698438111,"views":24,"p1id":"imnotawhale","p2id":"luukthegamer","formatid":"gen9ubers","rating":0,"private":0,"password":""}