{"id":"gen9ubers-1991554594","p1":"Lilyth_Star","p2":"Dueysysgsw","format":"[Gen 9] Ubers","log":"|j|\u2606Lilyth_Star\n|j|\u2606Dueysysgsw\n|t:|1700087850\n|gametype|singles\n|player|p1|Lilyth_Star|bellelba|1069\n|player|p2|Dueysysgsw|hiker-gen4|1000\n|teamsize|p1|6\n|teamsize|p2|6\n|gen|9\n|tier|[Gen 9] Ubers\n|rated|\n|rule|Sleep Clause Mod: Limit one foe put to sleep\n|rule|Species Clause: Limit one of each Pok\u00e9mon\n|rule|OHKO Clause: OHKO moves are banned\n|rule|Evasion Items Clause: Evasion items are banned\n|rule|Evasion Moves Clause: Evasion moves are banned\n|rule|Endless Battle Clause: Forcing endless battles is banned\n|rule|HP Percentage Mod: HP is shown in percentages\n|clearpoke\n|poke|p1|Jolteon, F|\n|poke|p1|Torkoal, F|\n|poke|p1|Charizard, F|\n|poke|p1|Lilligant, F|\n|poke|p1|Milotic, F|\n|poke|p1|Dragonite, F|\n|poke|p2|Zacian-*|\n|poke|p2|Flutter Mane|\n|poke|p2|Groudon|\n|poke|p2|Kyogre|\n|poke|p2|Toxapex, M|\n|poke|p2|Koraidon|\n|teampreview\n|inactive|Battle timer is ON: inactive players will automatically lose when time's up. (requested by Dueysysgsw)\n|\n|t:|1700087880\n|start\n|switch|p1a: Jolteon|Jolteon, F, shiny|100\/100\n|switch|p2a: Groudon|Groudon|100\/100\n|-weather|SunnyDay|[from] ability: Drought|[of] p2a: Groudon\n|turn|1\n|\n|t:|1700087894\n|move|p1a: Jolteon|Weather Ball|p2a: Groudon\n|-damage|p2a: Groudon|39\/100\n|move|p2a: Groudon|Spikes|p1a: Jolteon\n|-sidestart|p1: Lilyth_Star|Spikes\n|\n|-weather|SunnyDay|[upkeep]\n|upkeep\n|turn|2\n|\n|t:|1700087902\n|switch|p2a: Toxapex|Toxapex, M|100\/100\n|move|p1a: Jolteon|Weather Ball|p2a: Toxapex\n|-resisted|p2a: Toxapex\n|-crit|p2a: Toxapex\n|-damage|p2a: Toxapex|56\/100\n|\n|-weather|SunnyDay|[upkeep]\n|upkeep\n|turn|3\n|\n|t:|1700087918\n|switch|p1a: Torkoal|Torkoal, F, shiny|100\/100\n|-damage|p1a: Torkoal|88\/100|[from] Spikes\n|move|p2a: Toxapex|Toxic Spikes|p1a: Torkoal\n|-sidestart|p1: Lilyth_Star|move: Toxic Spikes\n|\n|-weather|SunnyDay|[upkeep]\n|upkeep\n|turn|4\n|\n|t:|1700087928\n|move|p2a: Toxapex|Infestation|p1a: Torkoal\n|-resisted|p1a: Torkoal\n|-damage|p1a: Torkoal|87\/100\n|-activate|p1a: Torkoal|move: Infestation|[of] p2a: Toxapex\n|move|p1a: Torkoal|Rapid Spin|p2a: Toxapex\n|-damage|p2a: Toxapex|51\/100\n|-boost|p1a: Torkoal|spe|1\n|-sideend|p1: Lilyth_Star|Spikes|[from] move: Rapid Spin|[of] p1a: Torkoal\n|-sideend|p1: Lilyth_Star|Toxic Spikes|[from] move: Rapid Spin|[of] p1a: Torkoal\n|-end|p1a: Torkoal|Infestation|[partiallytrapped]\n|\n|-weather|SunnyDay|[upkeep]\n|upkeep\n|turn|5\n|\n|t:|1700087941\n|switch|p1a: Lilligant|Lilligant, F, shiny|100\/100\n|move|p2a: Toxapex|Recover|p2a: Toxapex\n|-heal|p2a: Toxapex|100\/100\n|\n|-weather|none\n|upkeep\n|turn|6\n|\n|t:|1700087950\n|move|p1a: Lilligant|Quiver Dance|p1a: Lilligant\n|-boost|p1a: Lilligant|spa|1\n|-boost|p1a: Lilligant|spd|1\n|-boost|p1a: Lilligant|spe|1\n|move|p2a: Toxapex|Toxic Spikes|p1a: Lilligant\n|-sidestart|p1: Lilyth_Star|move: Toxic Spikes\n|\n|upkeep\n|turn|7\n|\n|t:|1700087957\n|move|p1a: Lilligant|Petal Dance|p2a: Toxapex\n|-damage|p2a: Toxapex|5\/100\n|-damage|p1a: Lilligant|91\/100|[from] item: Life Orb\n|move|p2a: Toxapex|Haze|p2a: Toxapex\n|-clearallboost\n|\n|upkeep\n|turn|8\n|\n|t:|1700087967\n|move|p1a: Lilligant|Petal Dance|p2a: Toxapex|[from]lockedmove\n|-damage|p2a: Toxapex|0 fnt\n|faint|p2a: Toxapex\n|-damage|p1a: Lilligant|81\/100|[from] item: Life Orb\n|\n|upkeep\n|\n|t:|1700087972\n|switch|p2a: Koraidon|Koraidon|100\/100\n|-weather|SunnyDay|[from] ability: Orichalcum Pulse|[of] p2a: Koraidon\n|-activate|p2a: Koraidon|Orichalcum Pulse|[source]\n|turn|9\n|inactive|Lilyth_Star has 120 seconds left.\n|\n|t:|1700088003\n|-terastallize|p2a: Koraidon|Fire\n|move|p2a: Koraidon|Flare Blitz|p1a: Lilligant\n|-supereffective|p1a: Lilligant\n|-damage|p1a: Lilligant|0 fnt\n|faint|p1a: Lilligant\n|-damage|p2a: Koraidon|79\/100|[from] Recoil\n|\n|-weather|SunnyDay|[upkeep]\n|upkeep\n|inactive|Lilyth_Star has 120 seconds left.\n|\n|t:|1700088015\n|switch|p1a: Torkoal|Torkoal, F, shiny|87\/100\n|-status|p1a: Torkoal|psn\n|turn|10\n|\n|t:|1700088020\n|move|p2a: Koraidon|Flare Blitz|p1a: Torkoal\n|-resisted|p1a: Torkoal\n|-damage|p1a: Torkoal|37\/100 psn\n|-damage|p2a: Koraidon|65\/100|[from] Recoil\n|move|p1a: Torkoal|Rapid Spin|p2a: Koraidon\n|-damage|p2a: Koraidon|56\/100\n|-boost|p1a: Torkoal|spe|1\n|-sideend|p1: Lilyth_Star|Toxic Spikes|[from] move: Rapid Spin|[of] p1a: Torkoal\n|\n|-weather|SunnyDay|[upkeep]\n|-damage|p1a: Torkoal|25\/100 psn|[from] psn\n|upkeep\n|turn|11\n|\n|t:|1700088033\n|move|p2a: Koraidon|Flare Blitz|p1a: Torkoal\n|-resisted|p1a: Torkoal\n|-damage|p1a: Torkoal|0 fnt\n|faint|p1a: Torkoal\n|-damage|p2a: Koraidon|49\/100|[from] Recoil\n|\n|-weather|SunnyDay|[upkeep]\n|upkeep\n|\n|t:|1700088042\n|switch|p1a: Milotic|Milotic, F, shiny|100\/100\n|turn|12\n|\n|t:|1700088050\n|switch|p2a: Groudon|Groudon|39\/100\n|move|p1a: Milotic|Recover||[still]\n|-fail|p1a: Milotic|heal\n|\n|-weather|SunnyDay|[upkeep]\n|-status|p1a: Milotic|brn|[from] item: Flame Orb\n|upkeep\n|turn|13\n|\n|t:|1700088059\n|move|p2a: Groudon|Spikes|p1a: Milotic\n|-sidestart|p1: Lilyth_Star|Spikes\n|move|p1a: Milotic|Ice Beam|p2a: Groudon\n|-supereffective|p2a: Groudon\n|-damage|p2a: Groudon|0 fnt\n|faint|p2a: Groudon\n|\n|-weather|none\n|-damage|p1a: Milotic|94\/100 brn|[from] brn\n|upkeep\n|\n|t:|1700088066\n|switch|p2a: Kyogre|Kyogre|100\/100\n|-weather|RainDance|[from] ability: Drizzle|[of] p2a: Kyogre\n|turn|14\n|\n|t:|1700088075\n|move|p2a: Kyogre|Thunder|p1a: Milotic\n|-supereffective|p1a: Milotic\n|-damage|p1a: Milotic|0 fnt\n|faint|p1a: Milotic\n|\n|-weather|RainDance|[upkeep]\n|upkeep\n|\n|t:|1700088084\n|switch|p1a: Jolteon|Jolteon, F, shiny|100\/100\n|-damage|p1a: Jolteon|88\/100|[from] Spikes\n|turn|15\n|\n|t:|1700088097\n|switch|p2a: Koraidon|Koraidon, tera:Fire|49\/100\n|-weather|SunnyDay|[from] ability: Orichalcum Pulse|[of] p2a: Koraidon\n|-activate|p2a: Koraidon|Orichalcum Pulse|[source]\n|move|p1a: Jolteon|Thunderbolt|p2a: Koraidon\n|-damage|p2a: Koraidon|0 fnt\n|faint|p2a: Koraidon\n|\n|-weather|SunnyDay|[upkeep]\n|upkeep\n|\n|t:|1700088104\n|switch|p2a: Zacian|Zacian-Crowned|100\/100\n|-ability|p2a: Zacian|Intrepid Sword|boost\n|-boost|p2a: Zacian|atk|1\n|turn|16\n|\n|t:|1700088114\n|switch|p1a: Charizard|Charizard, F, shiny|100\/100\n|move|p2a: Zacian|Play Rough|p1a: Charizard\n|-resisted|p1a: Charizard\n|-damage|p1a: Charizard|50\/100\n|\n|-weather|SunnyDay|[upkeep]\n|-damage|p1a: Charizard|38\/100|[from] ability: Solar Power|[of] p1a: Charizard\n|upkeep\n|turn|17\n|\n|t:|1700088127\n|move|p2a: Zacian|Play Rough|p1a: Charizard\n|-resisted|p1a: Charizard\n|-damage|p1a: Charizard|0 fnt\n|faint|p1a: Charizard\n|\n|-weather|SunnyDay|[upkeep]\n|upkeep\n|\n|t:|1700088136\n|switch|p1a: Dragonite|Dragonite, F, shiny|100\/100\n|turn|18\n|\n|t:|1700088143\n|move|p2a: Zacian|Behemoth Blade|p1a: Dragonite\n|-damage|p1a: Dragonite|50\/100\n|move|p1a: Dragonite|Fire Punch|p2a: Zacian\n|-supereffective|p2a: Zacian\n|-damage|p2a: Zacian|16\/100\n|\n|-weather|SunnyDay|[upkeep]\n|-heal|p1a: Dragonite|56\/100|[from] item: Leftovers\n|upkeep\n|turn|19\n|\n|t:|1700088154\n|move|p2a: Zacian|Behemoth Blade|p1a: Dragonite\n|-damage|p1a: Dragonite|0 fnt\n|faint|p1a: Dragonite\n|\n|-weather|none\n|upkeep\n|\n|t:|1700088162\n|switch|p1a: Jolteon|Jolteon, F, shiny|88\/100\n|-damage|p1a: Jolteon|75\/100|[from] Spikes\n|turn|20\n|\n|t:|1700088167\n|move|p2a: Zacian|Play Rough|p1a: Jolteon\n|-damage|p1a: Jolteon|0 fnt\n|faint|p1a: Jolteon\n|\n|win|Dueysysgsw\n|raw|Lilyth_Star's rating: 1069 &rarr; <strong>1045<\/strong><br \/>(-24 for losing)\n|raw|Dueysysgsw's rating: 1000 &rarr; <strong>1048<\/strong><br \/>(+48 for winning)\n|l|\u2606Lilyth_Star\n","uploadtime":1700088227,"views":5,"p1id":"lilythstar","p2id":"dueysysgsw","formatid":"gen9ubers","rating":1045,"private":0,"password":""}