{"id":"gen9ubers-1989347500","p1":"Nitro524","p2":"Leo Justice","format":"[Gen 9] Ubers","log":"|j|\u2606Nitro524\n|j|\u2606Leo Justice\n|t:|1699839126\n|gametype|singles\n|player|p1|Nitro524|hilbert|\n|player|p2|Leo Justice|carmine|\n|teamsize|p1|6\n|teamsize|p2|6\n|gen|9\n|tier|[Gen 9] Ubers\n|rule|Sleep Clause Mod: Limit one foe put to sleep\n|rule|Species Clause: Limit one of each Pok\u00e9mon\n|rule|OHKO Clause: OHKO moves are banned\n|rule|Evasion Items Clause: Evasion items are banned\n|rule|Evasion Moves Clause: Evasion moves are banned\n|rule|Endless Battle Clause: Forcing endless battles is banned\n|rule|HP Percentage Mod: HP is shown in percentages\n|clearpoke\n|poke|p1|Torkoal, F|\n|poke|p1|Chi-Yu|\n|poke|p1|Lilligant-Hisui, F|\n|poke|p1|Arceus-Fire|\n|poke|p1|Roaring Moon|\n|poke|p1|Walking Wake|\n|poke|p2|Arceus-Bug|\n|poke|p2|Magearna|\n|poke|p2|Palkia-Origin|\n|poke|p2|Moltres|\n|poke|p2|Landorus, M|\n|poke|p2|Meowscarada, F|\n|teampreview\n|inactive|Battle timer is ON: inactive players will automatically lose when time's up. (requested by Nitro524)\n|c|\u2606Nitro524|glhf\n|c|\u2606Leo Justice|Gl\n|inactive|Nitro524 has 270 seconds left.\n|\n|t:|1699839158\n|start\n|switch|p1a: Lilligant|Lilligant-Hisui, F|100\/100\n|switch|p2a: Landorus|Landorus, M|100\/100\n|turn|1\n|\n|t:|1699839177\n|switch|p2a: Moltres|Moltres|100\/100\n|move|p1a: Lilligant|Ice Spinner|p2a: Moltres\n|-damage|p2a: Moltres|83\/100\n|-status|p1a: Lilligant|brn|[from] ability: Flame Body|[of] p2a: Moltres\n|\n|-damage|p1a: Lilligant|94\/100 brn|[from] brn\n|upkeep\n|turn|2\n|\n|t:|1699839198\n|switch|p1a: Bring The Sun|Torkoal, F|100\/100\n|-weather|SunnyDay|[from] ability: Drought|[of] p1a: Bring The Sun\n|move|p2a: Moltres|U-turn|p1a: Bring The Sun\n|-resisted|p1a: Bring The Sun\n|-damage|p1a: Bring The Sun|96\/100\n|\n|t:|1699839217\n|switch|p2a: Landorus|Landorus, M|100\/100|[from] U-turn\n|\n|-weather|SunnyDay|[upkeep]\n|upkeep\n|turn|3\n|\n|t:|1699839231\n|move|p2a: Landorus|Stealth Rock|p1a: Bring The Sun\n|-sidestart|p1: Nitro524|move: Stealth Rock\n|move|p1a: Bring The Sun|Stealth Rock|p2a: Landorus\n|-sidestart|p2: Leo Justice|move: Stealth Rock\n|\n|-weather|SunnyDay|[upkeep]\n|upkeep\n|turn|4\n|\n|t:|1699839235\n|move|p2a: Landorus|Earth Power|p1a: Bring The Sun\n|-supereffective|p1a: Bring The Sun\n|-damage|p1a: Bring The Sun|0 fnt\n|faint|p1a: Bring The Sun\n|\n|-weather|SunnyDay|[upkeep]\n|upkeep\n|\n|t:|1699839244\n|switch|p1a: Sitting Sleep|Walking Wake|100\/100\n|-damage|p1a: Sitting Sleep|88\/100|[from] Stealth Rock\n|-activate|p1a: Sitting Sleep|ability: Protosynthesis\n|-start|p1a: Sitting Sleep|protosynthesisspe\n|turn|5\n|inactive|Leo Justice has 270 seconds left.\n|\n|t:|1699839290\n|switch|p2a: Magearna|Magearna|100\/100\n|-damage|p2a: Magearna|94\/100|[from] Stealth Rock\n|move|p1a: Sitting Sleep|Draco Meteor|p2a: Magearna\n|-immune|p2a: Magearna\n|\n|-weather|SunnyDay|[upkeep]\n|upkeep\n|turn|6\n|\n|t:|1699839299\n|-end|p1a: Sitting Sleep|Protosynthesis|[silent]\n|switch|p1a: Arceus|Arceus-Fire|100\/100\n|-damage|p1a: Arceus|76\/100|[from] Stealth Rock\n|move|p2a: Magearna|Volt Switch|p1a: Arceus\n|-damage|p1a: Arceus|57\/100\n|\n|t:|1699839319\n|switch|p2a: Palkia|Palkia-Origin|100\/100|[from] Volt Switch\n|-damage|p2a: Palkia|88\/100|[from] Stealth Rock\n|-ability|p2a: Palkia|Pressure\n|\n|-weather|SunnyDay|[upkeep]\n|upkeep\n|turn|7\n|\n|t:|1699839332\n|move|p2a: Palkia|Spacial Rend|p1a: Arceus\n|-damage|p1a: Arceus|7\/100\n|move|p1a: Arceus|Earthquake|p2a: Palkia\n|-damage|p2a: Palkia|52\/100\n|\n|-weather|SunnyDay|[upkeep]\n|upkeep\n|turn|8\n|\n|t:|1699839355\n|move|p2a: Palkia|Earth Power|p1a: Arceus\n|-supereffective|p1a: Arceus\n|-damage|p1a: Arceus|0 fnt\n|faint|p1a: Arceus\n|\n|-weather|SunnyDay|[upkeep]\n|upkeep\n|inactive|Nitro524 has 270 seconds left.\n|\n|t:|1699839372\n|switch|p1a: Lilligant|Lilligant-Hisui, F|94\/100 brn\n|-damage|p1a: Lilligant|88\/100 brn|[from] Stealth Rock\n|turn|9\n|inactive|Leo Justice has 270 seconds left.\n|inactive|Nitro524 has 270 seconds left.\n|inactive|Leo Justice has 240 seconds left.\n|inactive|Leo Justice has 210 seconds left.\n|\n|t:|1699839459\n|move|p1a: Lilligant|Solar Blade||[still]\n|-prepare|p1a: Lilligant|Solar Blade\n|-anim|p1a: Lilligant|Solar Blade|p2a: Palkia\n|-crit|p2a: Palkia\n|-damage|p2a: Palkia|1\/100\n|move|p2a: Palkia|Spacial Rend|p1a: Lilligant\n|-crit|p1a: Lilligant\n|-damage|p1a: Lilligant|0 fnt\n|faint|p1a: Lilligant\n|\n|-weather|none\n|upkeep\n|c|\u2606Nitro524|zamn\n|\n|t:|1699839467\n|switch|p1a: Did Not Smile Back|Chi-Yu|100\/100\n|-damage|p1a: Did Not Smile Back|76\/100|[from] Stealth Rock\n|-ability|p1a: Did Not Smile Back|Beads of Ruin\n|turn|10\n|\n|t:|1699839486\n|move|p1a: Did Not Smile Back|Flamethrower|p2a: Palkia\n|-resisted|p2a: Palkia\n|-damage|p2a: Palkia|0 fnt\n|faint|p2a: Palkia\n|\n|upkeep\n|inactive|Leo Justice has 180 seconds left.\n|inactive|Leo Justice has 150 seconds left.\n|\n|t:|1699839548\n|switch|p2a: Meowscarada|Meowscarada, F|100\/100\n|-damage|p2a: Meowscarada|88\/100|[from] Stealth Rock\n|turn|11\n|\n|t:|1699839577\n|move|p2a: Meowscarada|U-turn|p1a: Did Not Smile Back\n|-start|p2a: Meowscarada|typechange|Bug|[from] ability: Protean\n|-crit|p1a: Did Not Smile Back\n|-damage|p1a: Did Not Smile Back|2\/100\n|\n|t:|1699839590\n|switch|p2a: Landorus|Landorus, M|100\/100|[from] U-turn\n|-damage|p2a: Landorus|88\/100|[from] Stealth Rock\n|move|p1a: Did Not Smile Back|Flamethrower|p2a: Landorus\n|-damage|p2a: Landorus|4\/100\n|\n|upkeep\n|turn|12\n|\n|t:|1699839595\n|move|p1a: Did Not Smile Back|Flamethrower|p2a: Landorus\n|-damage|p2a: Landorus|0 fnt\n|faint|p2a: Landorus\n|\n|upkeep\n|\n|t:|1699839598\n|switch|p2a: Meowscarada|Meowscarada, F|88\/100\n|-damage|p2a: Meowscarada|76\/100|[from] Stealth Rock\n|turn|13\n|inactive|Nitro524 has 270 seconds left.\n|\n|t:|1699839609\n|move|p2a: Meowscarada|U-turn|p1a: Did Not Smile Back\n|-start|p2a: Meowscarada|typechange|Bug|[from] ability: Protean\n|-damage|p1a: Did Not Smile Back|0 fnt\n|faint|p1a: Did Not Smile Back\n|\n|t:|1699839616\n|switch|p2a: Moltres|Moltres|83\/100|[from] U-turn\n|\n|upkeep\n|\n|t:|1699839618\n|switch|p1a: Sitting Sleep|Walking Wake|88\/100\n|-damage|p1a: Sitting Sleep|76\/100|[from] Stealth Rock\n|turn|14\n|inactive|Leo Justice has 180 seconds left.\n|\n|t:|1699839628\n|switch|p2a: Meowscarada|Meowscarada, F|76\/100\n|-damage|p2a: Meowscarada|64\/100|[from] Stealth Rock\n|move|p1a: Sitting Sleep|Hydro Steam|p2a: Meowscarada\n|-resisted|p2a: Meowscarada\n|-damage|p2a: Meowscarada|20\/100\n|\n|upkeep\n|turn|15\n|\n|t:|1699839635\n|move|p2a: Meowscarada|Knock Off|p1a: Sitting Sleep\n|-start|p2a: Meowscarada|typechange|Dark|[from] ability: Protean\n|-damage|p1a: Sitting Sleep|30\/100\n|-enditem|p1a: Sitting Sleep|Choice Specs|[from] move: Knock Off|[of] p2a: Meowscarada\n|move|p1a: Sitting Sleep|Hydro Steam|p2a: Meowscarada\n|-damage|p2a: Meowscarada|0 fnt\n|faint|p2a: Meowscarada\n|\n|upkeep\n|\n|t:|1699839641\n|switch|p2a: Magearna|Magearna|94\/100\n|-damage|p2a: Magearna|88\/100|[from] Stealth Rock\n|turn|16\n|\n|t:|1699839651\n|move|p1a: Sitting Sleep|Flamethrower|p2a: Magearna\n|-supereffective|p2a: Magearna\n|-damage|p2a: Magearna|57\/100\n|move|p2a: Magearna|Volt Switch|p1a: Sitting Sleep\n|-crit|p1a: Sitting Sleep\n|-damage|p1a: Sitting Sleep|0 fnt\n|faint|p1a: Sitting Sleep\n|-ability|p2a: Magearna|Soul-Heart|boost\n|-boost|p2a: Magearna|spa|1\n|-end|p1a: Sitting Sleep|Protosynthesis|[silent]\n|\n|t:|1699839654\n|switch|p2a: Moltres|Moltres|83\/100|[from] Volt Switch\n|\n|upkeep\n|\n|t:|1699839656\n|switch|p1a: Hector Salamanca|Roaring Moon|100\/100\n|-damage|p1a: Hector Salamanca|88\/100|[from] Stealth Rock\n|-enditem|p1a: Hector Salamanca|Booster Energy\n|-activate|p1a: Hector Salamanca|ability: Protosynthesis|[fromitem]\n|-start|p1a: Hector Salamanca|protosynthesisspe\n|turn|17\n|\n|t:|1699839676\n|-terastallize|p1a: Hector Salamanca|Steel\n|move|p1a: Hector Salamanca|Dragon Dance|p1a: Hector Salamanca\n|-boost|p1a: Hector Salamanca|atk|1\n|-boost|p1a: Hector Salamanca|spe|1\n|move|p2a: Moltres|Will-O-Wisp|p1a: Hector Salamanca\n|-status|p1a: Hector Salamanca|brn\n|\n|-damage|p1a: Hector Salamanca|82\/100 brn|[from] brn\n|upkeep\n|turn|18\n|c|\u2606Nitro524|gg\n|\n|t:|1699839685\n|switch|p2a: Arceus|Arceus-Bug|100\/100\n|-damage|p2a: Arceus|76\/100|[from] Stealth Rock\n|move|p1a: Hector Salamanca|Knock Off|p2a: Arceus\n|-damage|p2a: Arceus|56\/100\n|\n|-damage|p1a: Hector Salamanca|76\/100 brn|[from] brn\n|upkeep\n|turn|19\n|\n|t:|1699839694\n|-terastallize|p2a: Arceus|Water\n|move|p1a: Hector Salamanca|Iron Head|p2a: Arceus\n|-resisted|p2a: Arceus\n|-damage|p2a: Arceus|44\/100\n|move|p2a: Arceus|Liquidation|p1a: Hector Salamanca\n|-crit|p1a: Hector Salamanca\n|-damage|p1a: Hector Salamanca|0 fnt\n|faint|p1a: Hector Salamanca\n|-end|p1a: Hector Salamanca|Protosynthesis|[silent]\n|\n|win|Leo Justice\n|c|\u2606Nitro524|wp\n|c|\u2606Leo Justice|Yo arceus bug\n|l|\u2606Nitro524\n","uploadtime":1699839706,"views":18,"p1id":"nitro524","p2id":"leojustice","formatid":"gen9ubers","rating":0,"private":0,"password":""}