{"id":"gen9ubers-1980027572","p1":"a bit moody","p2":"XpokVEVO","format":"[Gen 9] Ubers","log":"|j|\u2606a bit moody\n|j|\u2606XpokVEVO\n|t:|1698748633\n|gametype|singles\n|player|p1|a bit moody|265|\n|player|p2|XpokVEVO|mustard|\n|teamsize|p1|6\n|teamsize|p2|6\n|gen|9\n|tier|[Gen 9] Ubers\n|rule|Sleep Clause Mod: Limit one foe put to sleep\n|rule|Species Clause: Limit one of each Pok\u00e9mon\n|rule|OHKO Clause: OHKO moves are banned\n|rule|Evasion Items Clause: Evasion items are banned\n|rule|Evasion Moves Clause: Evasion moves are banned\n|rule|Endless Battle Clause: Forcing endless battles is banned\n|rule|HP Percentage Mod: HP is shown in percentages\n|clearpoke\n|poke|p1|Overqwil, F|\n|poke|p1|Gholdengo|\n|poke|p1|Dugtrio, F|\n|poke|p1|Zacian-*|\n|poke|p1|Arceus-Grass|\n|poke|p1|Cyclizar, M|\n|poke|p2|Arceus-Fire|\n|poke|p2|Cyclizar, M|\n|poke|p2|Espathra, F|\n|poke|p2|Magearna|\n|poke|p2|Zacian-*|\n|poke|p2|Roaring Moon|\n|teampreview\n|inactive|Battle timer is ON: inactive players will automatically lose when time's up. (requested by XpokVEVO)\n|\n|t:|1698748642\n|start\n|switch|p1a: Overqwil|Overqwil, F|100\/100\n|switch|p2a: Akira|Cyclizar, M|100\/100\n|-ability|p1a: Overqwil|Intimidate|boost\n|-unboost|p2a: Akira|atk|1\n|turn|1\n|inactive|a bit moody has 270 seconds left.\n|\n|t:|1698748676\n|move|p2a: Akira|Shed Tail|p2a: Akira\n|-start|p2a: Akira|Substitute|[from] move: Shed Tail\n|-damage|p2a: Akira|50\/100\n|\n|t:|1698748686\n|switch|p2a: Aunt Fanny|Magearna|100\/100|[from] Shed Tail\n|move|p1a: Overqwil|Spikes|p2a: Aunt Fanny\n|-sidestart|p2: XpokVEVO|Spikes\n|\n|upkeep\n|turn|2\n|\n|t:|1698748693\n|switch|p1a: Gholdengo|Gholdengo|100\/100\n|move|p2a: Aunt Fanny|Thunder Wave|p1a: Gholdengo\n|-immune|p1a: Gholdengo|[from] ability: Good as Gold\n|\n|upkeep\n|turn|3\n|\n|t:|1698748704\n|switch|p2a: Ar\u0441eus-Fighting|Arceus-Fire, shiny|100\/100\n|-damage|p2a: Ar\u0441eus-Fighting|88\/100|[from] Spikes\n|move|p1a: Gholdengo|Nasty Plot|p1a: Gholdengo\n|-boost|p1a: Gholdengo|spa|2\n|\n|upkeep\n|turn|4\n|\n|t:|1698748715\n|move|p2a: Ar\u0441eus-Fighting|Dragon Dance|p2a: Ar\u0441eus-Fighting\n|-boost|p2a: Ar\u0441eus-Fighting|atk|1\n|-boost|p2a: Ar\u0441eus-Fighting|spe|1\n|move|p1a: Gholdengo|Make It Rain|p2a: Ar\u0441eus-Fighting\n|-resisted|p2a: Ar\u0441eus-Fighting\n|-damage|p2a: Ar\u0441eus-Fighting|42\/100\n|-unboost|p1a: Gholdengo|spa|1\n|\n|upkeep\n|turn|5\n|\n|t:|1698748730\n|switch|p1a: Overqwil|Overqwil, F|100\/100\n|-ability|p1a: Overqwil|Intimidate|boost\n|-unboost|p2a: Ar\u0441eus-Fighting|atk|1\n|move|p2a: Ar\u0441eus-Fighting|Flare Blitz|p1a: Overqwil\n|-damage|p1a: Overqwil|52\/100\n|-damage|p2a: Ar\u0441eus-Fighting|28\/100|[from] Recoil\n|\n|-heal|p1a: Overqwil|58\/100|[from] item: Leftovers\n|upkeep\n|turn|6\n|\n|t:|1698748741\n|move|p2a: Ar\u0441eus-Fighting|Flare Blitz|p1a: Overqwil\n|-damage|p1a: Overqwil|9\/100\n|-damage|p2a: Ar\u0441eus-Fighting|15\/100|[from] Recoil\n|move|p1a: Overqwil|Crunch|p2a: Ar\u0441eus-Fighting\n|-damage|p2a: Ar\u0441eus-Fighting|0 fnt\n|faint|p2a: Ar\u0441eus-Fighting\n|\n|-heal|p1a: Overqwil|15\/100|[from] item: Leftovers\n|upkeep\n|\n|t:|1698748745\n|switch|p2a: Akira|Cyclizar, M|84\/100\n|turn|7\n|\n|t:|1698748753\n|move|p2a: Akira|Rapid Spin|p1a: Overqwil\n|-damage|p1a: Overqwil|5\/100\n|-boost|p2a: Akira|spe|1\n|-sideend|p2: XpokVEVO|Spikes|[from] move: Rapid Spin|[of] p2a: Akira\n|move|p1a: Overqwil|Toxic Spikes|p2a: Akira\n|-sidestart|p2: XpokVEVO|move: Toxic Spikes\n|\n|-heal|p1a: Overqwil|11\/100|[from] item: Leftovers\n|upkeep\n|turn|8\n|\n|t:|1698748758\n|switch|p1a: Gholdengo|Gholdengo|100\/100\n|move|p2a: Akira|Knock Off|p1a: Gholdengo\n|-supereffective|p1a: Gholdengo\n|-damage|p1a: Gholdengo|57\/100\n|-enditem|p1a: Gholdengo|Leftovers|[from] move: Knock Off|[of] p2a: Akira\n|\n|upkeep\n|turn|9\n|\n|t:|1698748763\n|move|p2a: Akira|Shed Tail|p2a: Akira\n|-start|p2a: Akira|Substitute|[from] move: Shed Tail\n|-damage|p2a: Akira|33\/100\n|\n|t:|1698748772\n|switch|p2a: Roaring Peak|Roaring Moon|100\/100|[from] Shed Tail\n|-status|p2a: Roaring Peak|psn\n|-enditem|p2a: Roaring Peak|Booster Energy\n|-activate|p2a: Roaring Peak|ability: Protosynthesis|[fromitem]\n|-start|p2a: Roaring Peak|protosynthesisspe\n|move|p1a: Gholdengo|Nasty Plot|p1a: Gholdengo\n|-boost|p1a: Gholdengo|spa|2\n|\n|-damage|p2a: Roaring Peak|88\/100 psn|[from] psn\n|upkeep\n|turn|10\n|\n|t:|1698748780\n|-terastallize|p1a: Gholdengo|Steel\n|move|p2a: Roaring Peak|Dragon Dance|p2a: Roaring Peak\n|-boost|p2a: Roaring Peak|atk|1\n|-boost|p2a: Roaring Peak|spe|1\n|move|p1a: Gholdengo|Recover|p1a: Gholdengo\n|-heal|p1a: Gholdengo|100\/100\n|\n|-damage|p2a: Roaring Peak|75\/100 psn|[from] psn\n|upkeep\n|turn|11\n|\n|t:|1698748798\n|move|p2a: Roaring Peak|Earthquake|p1a: Gholdengo\n|-supereffective|p1a: Gholdengo\n|-damage|p1a: Gholdengo|3\/100\n|move|p1a: Gholdengo|Make It Rain|p2a: Roaring Peak\n|-end|p2a: Roaring Peak|Substitute\n|-unboost|p1a: Gholdengo|spa|1\n|\n|-damage|p2a: Roaring Peak|63\/100 psn|[from] psn\n|upkeep\n|turn|12\n|\n|t:|1698748805\n|move|p2a: Roaring Peak|Earthquake|p1a: Gholdengo\n|-supereffective|p1a: Gholdengo\n|-damage|p1a: Gholdengo|0 fnt\n|faint|p1a: Gholdengo\n|\n|-damage|p2a: Roaring Peak|50\/100 psn|[from] psn\n|upkeep\n|\n|t:|1698748808\n|switch|p1a: Overqwil|Overqwil, F|11\/100\n|-ability|p1a: Overqwil|Intimidate|boost\n|-unboost|p2a: Roaring Peak|atk|1\n|turn|13\n|\n|t:|1698748813\n|move|p2a: Roaring Peak|Earthquake|p1a: Overqwil\n|-supereffective|p1a: Overqwil\n|-damage|p1a: Overqwil|0 fnt\n|faint|p1a: Overqwil\n|\n|-damage|p2a: Roaring Peak|38\/100 psn|[from] psn\n|upkeep\n|\n|t:|1698748823\n|switch|p1a: Arceus|Arceus-Grass|100\/100\n|turn|14\n|\n|t:|1698748832\n|move|p2a: Roaring Peak|Acrobatics|p1a: Arceus\n|-supereffective|p1a: Arceus\n|-damage|p1a: Arceus|48\/100\n|move|p1a: Arceus|Calm Mind|p1a: Arceus\n|-boost|p1a: Arceus|spa|1\n|-boost|p1a: Arceus|spd|1\n|\n|-damage|p2a: Roaring Peak|25\/100 psn|[from] psn\n|upkeep\n|turn|15\n|\n|t:|1698748849\n|switch|p1a: Cyclizar|Cyclizar, M|100\/100\n|move|p2a: Roaring Peak|Acrobatics|p1a: Cyclizar\n|-damage|p1a: Cyclizar|35\/100\n|\n|-damage|p2a: Roaring Peak|13\/100 psn|[from] psn\n|upkeep\n|turn|16\n|\n|t:|1698748857\n|move|p2a: Roaring Peak|Knock Off|p1a: Cyclizar\n|-damage|p1a: Cyclizar|0 fnt\n|-enditem|p1a: Cyclizar|Heavy-Duty Boots|[from] move: Knock Off|[of] p2a: Roaring Peak\n|faint|p1a: Cyclizar\n|\n|-damage|p2a: Roaring Peak|0 fnt|[from] psn\n|faint|p2a: Roaring Peak\n|-end|p2a: Roaring Peak|Protosynthesis|[silent]\n|upkeep\n|\n|t:|1698748869\n|switch|p1a: Zacian|Zacian|100\/100\n|switch|p2a: Akira|Cyclizar, M|67\/100\n|-ability|p1a: Zacian|Intrepid Sword|boost\n|-boost|p1a: Zacian|atk|1\n|turn|17\n|\n|t:|1698748883\n|switch|p2a: Aunt Fanny|Magearna|100\/100\n|move|p1a: Zacian|Swords Dance|p1a: Zacian\n|-boost|p1a: Zacian|atk|2\n|\n|upkeep\n|turn|18\n|\n|t:|1698748888\n|move|p1a: Zacian|Wild Charge|p2a: Aunt Fanny\n|-damage|p2a: Aunt Fanny|27\/100\n|-damage|p1a: Zacian|83\/100|[from] Recoil\n|move|p2a: Aunt Fanny|Flash Cannon|p1a: Zacian\n|-supereffective|p1a: Zacian\n|-damage|p1a: Zacian|0 fnt\n|faint|p1a: Zacian\n|-ability|p2a: Aunt Fanny|Soul-Heart|boost\n|-boost|p2a: Aunt Fanny|spa|1\n|\n|upkeep\n|\n|t:|1698748893\n|switch|p1a: Arceus|Arceus-Grass|48\/100\n|turn|19\n|\n|t:|1698748899\n|move|p1a: Arceus|Recover|p1a: Arceus\n|-heal|p1a: Arceus|98\/100\n|move|p2a: Aunt Fanny|Flash Cannon|p1a: Arceus\n|-damage|p1a: Arceus|55\/100\n|\n|upkeep\n|turn|20\n|\n|t:|1698748902\n|move|p1a: Arceus|Calm Mind|p1a: Arceus\n|-boost|p1a: Arceus|spa|1\n|-boost|p1a: Arceus|spd|1\n|move|p2a: Aunt Fanny|Thunder Wave|p1a: Arceus\n|-status|p1a: Arceus|par\n|\n|upkeep\n|turn|21\n|\n|t:|1698748905\n|move|p2a: Aunt Fanny|Fleur Cannon|p1a: Arceus\n|-damage|p1a: Arceus|4\/100 par\n|-unboost|p2a: Aunt Fanny|spa|2\n|move|p1a: Arceus|Calm Mind|p1a: Arceus\n|-boost|p1a: Arceus|spa|1\n|-boost|p1a: Arceus|spd|1\n|\n|upkeep\n|turn|22\n|\n|t:|1698748909\n|move|p2a: Aunt Fanny|Flash Cannon|p1a: Arceus\n|-damage|p1a: Arceus|0 fnt\n|faint|p1a: Arceus\n|-ability|p2a: Aunt Fanny|Soul-Heart|boost\n|-boost|p2a: Aunt Fanny|spa|1\n|\n|upkeep\n|\n|t:|1698748911\n|switch|p1a: Dugtrio|Dugtrio, F|100\/100\n|turn|23\n|\n|t:|1698748915\n|move|p1a: Dugtrio|Earthquake|p2a: Aunt Fanny\n|-supereffective|p2a: Aunt Fanny\n|-damage|p2a: Aunt Fanny|0 fnt\n|faint|p2a: Aunt Fanny\n|\n|upkeep\n|\n|t:|1698748919\n|switch|p2a: Akira|Cyclizar, M|99\/100\n|turn|24\n|\n|t:|1698748927\n|move|p2a: Akira|Rapid Spin|p1a: Dugtrio\n|-damage|p1a: Dugtrio|56\/100\n|-boost|p2a: Akira|spe|1\n|-sideend|p2: XpokVEVO|Toxic Spikes|[from] move: Rapid Spin|[of] p2a: Akira\n|move|p1a: Dugtrio|Earthquake|p2a: Akira\n|-damage|p2a: Akira|0 fnt\n|faint|p2a: Akira\n|\n|upkeep\n|\n|t:|1698748935\n|switch|p2a: Emu War|Espathra, F|100\/100\n|turn|25\n|l|\u2606a bit moody\n|inactive|a bit moody disconnected and has 300 seconds to reconnect!\n|player|p1|\n|inactive|a bit moody has 270 seconds to reconnect!\n|inactive|a bit moody has 240 seconds to reconnect!\n|j|\u2606a bit moody\n|inactive|a bit moody reconnected and has 290 seconds left.\n|player|p1|a bit moody|265\n|\n|t:|1698749008\n|move|p2a: Emu War|Protect|p2a: Emu War\n|-singleturn|p2a: Emu War|Protect\n|move|p1a: Dugtrio|Earthquake|p2a: Emu War\n|-activate|p2a: Emu War|move: Protect\n|\n|-ability|p2a: Emu War|Speed Boost|boost\n|-boost|p2a: Emu War|spe|1\n|upkeep\n|turn|26\n|l|\u2606a bit moody\n|inactive|a bit moody disconnected and has 240 seconds to reconnect!\n|player|p1|\n|\n|t:|1698749038\n|move|p2a: Emu War|Dazzling Gleam|p1a: Dugtrio\n|-damage|p1a: Dugtrio|3\/100\n|move|p1a: Dugtrio|Earthquake|p2a: Emu War\n|-enditem|p2a: Emu War|Focus Sash\n|-damage|p2a: Emu War|1\/100\n|\n|-ability|p2a: Emu War|Speed Boost|boost\n|-boost|p2a: Emu War|spe|1\n|upkeep\n|turn|27\n|j|\u2606a bit moody\n|inactive|a bit moody reconnected and has 300 seconds left.\n|player|p1|a bit moody|265\n|\n|t:|1698749043\n|move|p2a: Emu War|Dazzling Gleam|p1a: Dugtrio\n|-damage|p1a: Dugtrio|0 fnt\n|faint|p1a: Dugtrio\n|\n|win|XpokVEVO\n","uploadtime":1698749049,"views":18,"p1id":"abitmoody","p2id":"xpokvevo","formatid":"gen9ubers","rating":0,"private":0,"password":""}