{"id":"gen9ubers-1977892476","p1":"1297393018qqcom","p2":"G00gleChrom","format":"[Gen 9] Ubers","log":"|j|\u26061297393018qqcom\n|j|\u2606G00gleChrom\n|t:|1698462662\n|gametype|singles\n|player|p1|1297393018qqcom|169|1109\n|player|p2|G00gleChrom|2|1149\n|teamsize|p1|6\n|teamsize|p2|6\n|gen|9\n|tier|[Gen 9] Ubers\n|rated|\n|rule|Sleep Clause Mod: Limit one foe put to sleep\n|rule|Species Clause: Limit one of each Pok\u00e9mon\n|rule|OHKO Clause: OHKO moves are banned\n|rule|Evasion Items Clause: Evasion items are banned\n|rule|Evasion Moves Clause: Evasion moves are banned\n|rule|Endless Battle Clause: Forcing endless battles is banned\n|rule|HP Percentage Mod: HP is shown in percentages\n|clearpoke\n|poke|p1|Zamazenta-*|\n|poke|p1|Urshifu-*, M|\n|poke|p1|Fezandipiti, M|\n|poke|p1|Iron Bundle|\n|poke|p1|Sinistcha-Masterpiece|\n|poke|p1|Cloyster, M|\n|poke|p2|Ogerpon-Wellspring, F|\n|poke|p2|Garganacl, M|\n|poke|p2|Ursaluna-Bloodmoon, M|\n|poke|p2|Great Tusk|\n|poke|p2|Kingambit, F|\n|poke|p2|Miraidon|\n|teampreview\n|\n|t:|1698462675\n|start\n|switch|p1a: Fezandipiti|Fezandipiti, M|100\/100\n|switch|p2a: Ursaluna|Ursaluna-Bloodmoon, M|100\/100\n|turn|1\n|\n|t:|1698462687\n|move|p1a: Fezandipiti|Beat Up|p2a: Ursaluna\n|-damage|p2a: Ursaluna|97\/100\n|-status|p2a: Ursaluna|tox|[from] ability: Toxic Chain|[of] p1a: Fezandipiti\n|-damage|p2a: Ursaluna|94\/100 tox\n|-damage|p2a: Ursaluna|90\/100 tox\n|-damage|p2a: Ursaluna|87\/100 tox\n|-damage|p2a: Ursaluna|85\/100 tox\n|-damage|p2a: Ursaluna|81\/100 tox\n|-hitcount|p2a: Ursaluna|6\n|move|p2a: Ursaluna|Hyper Voice|p1a: Fezandipiti\n|-damage|p1a: Fezandipiti|54\/100\n|-enditem|p2a: Ursaluna|Throat Spray\n|-boost|p2a: Ursaluna|spa|1|[from] item: Throat Spray\n|\n|-damage|p2a: Ursaluna|75\/100 tox|[from] psn\n|upkeep\n|turn|2\n|\n|t:|1698462709\n|move|p1a: Fezandipiti|Play Rough|p2a: Ursaluna\n|-damage|p2a: Ursaluna|47\/100 tox\n|move|p2a: Ursaluna|Earth Power|p1a: Fezandipiti\n|-supereffective|p1a: Fezandipiti\n|-damage|p1a: Fezandipiti|0 fnt\n|faint|p1a: Fezandipiti\n|\n|-damage|p2a: Ursaluna|35\/100 tox|[from] psn\n|upkeep\n|\n|t:|1698462723\n|switch|p1a: Urshifu|Urshifu-Rapid-Strike, M|100\/100\n|turn|3\n|\n|t:|1698462735\n|move|p1a: Urshifu|Swords Dance|p1a: Urshifu\n|-boost|p1a: Urshifu|atk|2\n|move|p2a: Ursaluna|Blood Moon|p1a: Urshifu\n|-damage|p1a: Urshifu|0 fnt\n|faint|p1a: Urshifu\n|\n|-damage|p2a: Ursaluna|17\/100 tox|[from] psn\n|upkeep\n|\n|t:|1698462745\n|switch|p1a: Cloyster|Cloyster, M|100\/100\n|turn|4\n|\n|t:|1698462749\n|move|p1a: Cloyster|Shell Smash|p1a: Cloyster\n|-unboost|p1a: Cloyster|def|1\n|-unboost|p1a: Cloyster|spd|1\n|-boost|p1a: Cloyster|atk|2\n|-boost|p1a: Cloyster|spa|2\n|-boost|p1a: Cloyster|spe|2\n|move|p2a: Ursaluna|Hyper Voice|p1a: Cloyster\n|-enditem|p1a: Cloyster|Focus Sash\n|-damage|p1a: Cloyster|1\/100\n|\n|-damage|p2a: Ursaluna|0 fnt|[from] psn\n|faint|p2a: Ursaluna\n|upkeep\n|\n|t:|1698462767\n|switch|p2a: Kingambit|Kingambit, F|100\/100\n|-activate|p2a: Kingambit|ability: Supreme Overlord\n|-start|p2a: Kingambit|fallen1|[silent]\n|turn|5\n|\n|t:|1698462785\n|-terastallize|p1a: Cloyster|Water\n|move|p2a: Kingambit|Sucker Punch|p1a: Cloyster\n|-damage|p1a: Cloyster|0 fnt\n|faint|p1a: Cloyster\n|-damage|p2a: Kingambit|91\/100|[from] item: Life Orb\n|\n|upkeep\n|\n|t:|1698462794\n|switch|p1a: Iron Bundle|Iron Bundle|100\/100\n|turn|6\n|\n|t:|1698462804\n|-end|p2a: Kingambit|fallen1|[silent]\n|switch|p2a: Ogerpon|Ogerpon-Wellspring, F|100\/100\n|move|p1a: Iron Bundle|Hydro Pump|p2a: Ogerpon\n|-immune|p2a: Ogerpon|[from] ability: Water Absorb\n|\n|upkeep\n|turn|7\n|\n|t:|1698462818\n|-end|p1a: Iron Bundle|Quark Drive|[silent]\n|switch|p1a: Sinistcha|Sinistcha-Masterpiece|100\/100\n|move|p2a: Ogerpon|Horn Leech|p1a: Sinistcha\n|-resisted|p1a: Sinistcha\n|-damage|p1a: Sinistcha|81\/100\n|-damage|p2a: Ogerpon|84\/100|[from] item: Rocky Helmet|[of] p1a: Sinistcha\n|\n|upkeep\n|turn|8\n|\n|t:|1698462827\n|move|p2a: Ogerpon|U-turn|p1a: Sinistcha\n|-damage|p1a: Sinistcha|53\/100\n|-damage|p2a: Ogerpon|67\/100|[from] item: Rocky Helmet|[of] p1a: Sinistcha\n|\n|t:|1698462834\n|switch|p2a: Miraidon|Miraidon|100\/100|[from] U-turn\n|-fieldstart|move: Electric Terrain|[from] ability: Hadron Engine|[of] p2a: Miraidon\n|move|p1a: Sinistcha|Calm Mind|p1a: Sinistcha\n|-boost|p1a: Sinistcha|spa|1\n|-boost|p1a: Sinistcha|spd|1\n|\n|upkeep\n|turn|9\n|\n|t:|1698462851\n|move|p2a: Miraidon|Electro Drift|p1a: Sinistcha\n|-resisted|p1a: Sinistcha\n|-crit|p1a: Sinistcha\n|-damage|p1a: Sinistcha|0 fnt\n|-damage|p2a: Miraidon|84\/100|[from] item: Rocky Helmet|[of] p1a: Sinistcha\n|faint|p1a: Sinistcha\n|\n|upkeep\n|\n|t:|1698462858\n|switch|p1a: Iron Bundle|Iron Bundle|100\/100\n|-activate|p1a: Iron Bundle|ability: Quark Drive\n|-start|p1a: Iron Bundle|quarkdrivespe\n|turn|10\n|\n|t:|1698462864\n|-terastallize|p2a: Miraidon|Electric\n|move|p1a: Iron Bundle|Freeze-Dry|p2a: Miraidon\n|-damage|p2a: Miraidon|52\/100\n|move|p2a: Miraidon|Electro Drift|p1a: Iron Bundle\n|-supereffective|p1a: Iron Bundle\n|-damage|p1a: Iron Bundle|0 fnt\n|faint|p1a: Iron Bundle\n|-end|p1a: Iron Bundle|Quark Drive|[silent]\n|\n|upkeep\n|\n|t:|1698462869\n|switch|p1a: Zamazenta|Zamazenta|100\/100\n|-ability|p1a: Zamazenta|Dauntless Shield|boost\n|-boost|p1a: Zamazenta|def|1\n|turn|11\n|\n|t:|1698462876\n|move|p2a: Miraidon|Electro Drift|p1a: Zamazenta\n|-damage|p1a: Zamazenta|0 fnt\n|faint|p1a: Zamazenta\n|\n|win|G00gleChrom\n|raw|1297393018qqcom's rating: 1109 &rarr; <strong>1087<\/strong><br \/>(-22 for losing)\n|raw|G00gleChrom's rating: 1149 &rarr; <strong>1171<\/strong><br \/>(+22 for winning)\n|l|\u26061297393018qqcom\n","uploadtime":1698462883,"views":11,"p1id":"1297393018qqcom","p2id":"g00glechrom","formatid":"gen9ubers","rating":1087,"private":0,"password":""}