{"id":"gen9ubers-1999010682","p1":"Kyle16092","p2":"Anne Frankkkk","format":"[Gen 9] Ubers","log":"|j|\u2606Kyle16092\n|j|\u2606Anne Frankkkk\n|t:|1701023598\n|gametype|singles\n|player|p1|Kyle16092|265|1162\n|player|p2|Anne Frankkkk|hilbert|1178\n|teamsize|p1|6\n|teamsize|p2|6\n|gen|9\n|tier|[Gen 9] Ubers\n|rated|\n|rule|Sleep Clause Mod: Limit one foe put to sleep\n|rule|Species Clause: Limit one of each Pok\u00e9mon\n|rule|OHKO Clause: OHKO moves are banned\n|rule|Evasion Items Clause: Evasion items are banned\n|rule|Evasion Moves Clause: Evasion moves are banned\n|rule|Endless Battle Clause: Forcing endless battles is banned\n|rule|HP Percentage Mod: HP is shown in percentages\n|clearpoke\n|poke|p1|Miraidon|\n|poke|p1|Kyogre|\n|poke|p1|Zacian-*|\n|poke|p1|Koraidon|\n|poke|p1|Flutter Mane|\n|poke|p1|Chi-Yu|\n|poke|p2|Regieleki|\n|poke|p2|Kyogre|\n|poke|p2|Chien-Pao|\n|poke|p2|Ribombee, F|\n|poke|p2|Miraidon|\n|poke|p2|Flutter Mane|\n|teampreview\n|inactive|Battle timer is ON: inactive players will automatically lose when time's up. (requested by Anne Frankkkk)\n|\n|t:|1701023606\n|start\n|switch|p1a: Koraidon|Koraidon|100\/100\n|switch|p2a: Moonblast|Ribombee, F, shiny|100\/100\n|-weather|SunnyDay|[from] ability: Orichalcum Pulse|[of] p1a: Koraidon\n|-activate|p1a: Koraidon|Orichalcum Pulse|[source]\n|turn|1\n|\n|t:|1701023619\n|move|p1a: Koraidon|Iron Head|p2a: Moonblast\n|-supereffective|p2a: Moonblast\n|-enditem|p2a: Moonblast|Focus Sash\n|-damage|p2a: Moonblast|1\/100\n|move|p2a: Moonblast|Stun Spore|p1a: Koraidon\n|-status|p1a: Koraidon|par\n|\n|-weather|SunnyDay|[upkeep]\n|upkeep\n|turn|2\n|\n|t:|1701023632\n|move|p2a: Moonblast|Sticky Web|p1a: Koraidon\n|-sidestart|p1: Kyle16092|move: Sticky Web\n|cant|p1a: Koraidon|par\n|\n|-weather|SunnyDay|[upkeep]\n|upkeep\n|turn|3\n|\n|t:|1701023637\n|move|p2a: Moonblast|Moonblast|p1a: Koraidon\n|-supereffective|p1a: Koraidon\n|-damage|p1a: Koraidon|0 fnt\n|faint|p1a: Koraidon\n|\n|-weather|SunnyDay|[upkeep]\n|upkeep\n|c|\u2606Kyle16092|Broooo what did you just do\n|inactive|Kyle16092 has 120 seconds left.\n|c|\u2606Kyle16092|i am extremely confused right now how that killed\n|inactive|Kyle16092 has 90 seconds left.\n|c|\u2606Kyle16092|Ribombee is not an attacker that was not a crit\n|c|\u2606Kyle16092|i was assault vest too\n|\n|t:|1701023719\n|switch|p1a: Flutter Mane|Flutter Mane|100\/100\n|-activate|p1a: Flutter Mane|move: Sticky Web\n|-unboost|p1a: Flutter Mane|spe|1\n|-activate|p1a: Flutter Mane|ability: Protosynthesis\n|-start|p1a: Flutter Mane|protosynthesisspa\n|turn|4\n|c|\u2606Anne Frankkkk|Quad effective\n|\n|t:|1701023737\n|move|p2a: Moonblast|Stun Spore|p1a: Flutter Mane\n|-status|p1a: Flutter Mane|par\n|move|p1a: Flutter Mane|Moonblast|p2a: Moonblast\n|-damage|p2a: Moonblast|0 fnt\n|faint|p2a: Moonblast\n|-damage|p1a: Flutter Mane|91\/100 par|[from] item: Life Orb\n|\n|-weather|SunnyDay|[upkeep]\n|upkeep\n|\n|t:|1701023747\n|switch|p2a: Misdreavius|Flutter Mane, shiny|100\/100\n|-activate|p2a: Misdreavius|ability: Protosynthesis\n|-start|p2a: Misdreavius|protosynthesisspe\n|turn|5\n|inactive|Kyle16092 has 90 seconds left.\n|\n|t:|1701023753\n|move|p2a: Misdreavius|Shadow Ball|p1a: Flutter Mane\n|-supereffective|p1a: Flutter Mane\n|-damage|p1a: Flutter Mane|4\/100 par\n|move|p1a: Flutter Mane|Shadow Ball|p2a: Misdreavius\n|-supereffective|p2a: Misdreavius\n|-damage|p2a: Misdreavius|0 fnt\n|faint|p2a: Misdreavius\n|-end|p2a: Misdreavius|Protosynthesis|[silent]\n|-damage|p1a: Flutter Mane|0 fnt|[from] item: Life Orb\n|faint|p1a: Flutter Mane\n|-end|p1a: Flutter Mane|Protosynthesis|[silent]\n|\n|-weather|none\n|upkeep\n|inactive|Kyle16092 has 90 seconds left.\n|\n|t:|1701023775\n|switch|p2a: Bzzzzt|Regieleki, shiny|100\/100\n|switch|p1a: Miraidon|Miraidon|100\/100\n|-activate|p1a: Miraidon|move: Sticky Web\n|-unboost|p1a: Miraidon|spe|1\n|-fieldstart|move: Electric Terrain|[from] ability: Hadron Engine|[of] p1a: Miraidon\n|turn|6\n|\n|t:|1701023781\n|move|p2a: Bzzzzt|Thunder Cage|p1a: Miraidon\n|-resisted|p1a: Miraidon\n|-damage|p1a: Miraidon|83\/100\n|-activate|p1a: Miraidon|move: Thunder Cage|[of] p2a: Bzzzzt\n|move|p1a: Miraidon|Draco Meteor|p2a: Bzzzzt|[miss]\n|-miss|p1a: Miraidon|p2a: Bzzzzt\n|\n|-damage|p1a: Miraidon|71\/100|[from] move: Thunder Cage|[partiallytrapped]\n|upkeep\n|turn|7\n|inactive|Kyle16092 has 90 seconds left.\n|\n|t:|1701023793\n|move|p2a: Bzzzzt|Thunder Cage|p1a: Miraidon\n|-resisted|p1a: Miraidon\n|-damage|p1a: Miraidon|53\/100\n|move|p1a: Miraidon|Draco Meteor|p2a: Bzzzzt\n|-damage|p2a: Bzzzzt|0 fnt\n|-unboost|p1a: Miraidon|spa|2\n|faint|p2a: Bzzzzt\n|\n|-end|p1a: Miraidon|Thunder Cage|[partiallytrapped]|[silent]\n|upkeep\n|\n|t:|1701023798\n|switch|p2a: Cyber Lizard|Miraidon|100\/100\n|-activate|p2a: Cyber Lizard|ability: Hadron Engine\n|-item|p2a: Cyber Lizard|Air Balloon\n|turn|8\n|\n|t:|1701023810\n|switch|p1a: Zacian|Zacian-Crowned|100\/100\n|-activate|p1a: Zacian|move: Sticky Web\n|-unboost|p1a: Zacian|spe|1\n|-ability|p1a: Zacian|Intrepid Sword|boost\n|-boost|p1a: Zacian|atk|1\n|-terastallize|p2a: Cyber Lizard|Fairy\n|move|p2a: Cyber Lizard|Calm Mind|p2a: Cyber Lizard\n|-boost|p2a: Cyber Lizard|spa|1\n|-boost|p2a: Cyber Lizard|spd|1\n|\n|upkeep\n|turn|9\n|\n|t:|1701023820\n|move|p2a: Cyber Lizard|Electro Drift|p1a: Zacian\n|-damage|p1a: Zacian|0 fnt\n|faint|p1a: Zacian\n|\n|upkeep\n|inactive|Kyle16092 has 90 seconds left.\n|\n|t:|1701023835\n|switch|p1a: Miraidon|Miraidon|53\/100\n|-activate|p1a: Miraidon|move: Sticky Web\n|-unboost|p1a: Miraidon|spe|1\n|-activate|p1a: Miraidon|ability: Hadron Engine\n|turn|10\n|\n|t:|1701023839\n|move|p2a: Cyber Lizard|Dragon Pulse|p1a: Miraidon\n|-supereffective|p1a: Miraidon\n|-damage|p1a: Miraidon|0 fnt\n|faint|p1a: Miraidon\n|\n|-fieldend|move: Electric Terrain\n|upkeep\n|-message|Kyle16092 forfeited.\n|\n|win|Anne Frankkkk\n|raw|Kyle16092's rating: 1162 &rarr; <strong>1138<\/strong><br \/>(-24 for losing)\n|raw|Anne Frankkkk's rating: 1178 &rarr; <strong>1202<\/strong><br \/>(+24 for winning)\n|l|\u2606Kyle16092\n","uploadtime":1701023847,"views":3,"p1id":"kyle16092","p2id":"annefrankkkk","formatid":"gen9ubers","rating":1138,"private":0,"password":""}