{"id":"gen9ubers-1994484021","p1":"zLayton","p2":"Vandenta","format":"[Gen 9] Ubers","log":"|j|\u2606zLayton\n|j|\u2606Vandenta\n|t:|1700449267\n|gametype|singles\n|player|p1|zLayton|juan|\n|player|p2|Vandenta|266|\n|teamsize|p1|6\n|teamsize|p2|6\n|gen|9\n|tier|[Gen 9] Ubers\n|rule|Sleep Clause Mod: Limit one foe put to sleep\n|rule|Species Clause: Limit one of each Pok\u00e9mon\n|rule|OHKO Clause: OHKO moves are banned\n|rule|Evasion Items Clause: Evasion items are banned\n|rule|Evasion Moves Clause: Evasion moves are banned\n|rule|Endless Battle Clause: Forcing endless battles is banned\n|rule|HP Percentage Mod: HP is shown in percentages\n|clearpoke\n|poke|p1|Rillaboom, F|\n|poke|p1|Sneasler, M|\n|poke|p1|Tauros, M|\n|poke|p1|Hatterene, F|\n|poke|p1|Zoroark, F|\n|poke|p1|Drifblim, F|\n|poke|p2|Slowking-Galar, F|\n|poke|p2|Baxcalibur, M|\n|poke|p2|Lucario, M|\n|poke|p2|Donphan, F|\n|poke|p2|Milotic, F|\n|poke|p2|Hoopa|\n|teampreview\n|\n|t:|1700449308\n|start\n|switch|p1a: Tauros|Tauros, M|100\/100\n|switch|p2a: Milotic|Milotic, F|100\/100\n|turn|1\n|\n|t:|1700449330\n|move|p1a: Tauros|Body Slam|p2a: Milotic\n|-damage|p2a: Milotic|46\/100\n|move|p2a: Milotic|Scald|p1a: Tauros\n|-damage|p1a: Tauros|60\/100\n|\n|-status|p2a: Milotic|brn|[from] item: Flame Orb\n|upkeep\n|turn|2\n|\n|t:|1700449339\n|move|p1a: Tauros|High Horsepower|p2a: Milotic\n|-damage|p2a: Milotic|22\/100 brn\n|-damage|p1a: Tauros|50\/100|[from] item: Life Orb\n|move|p2a: Milotic|Recover|p2a: Milotic\n|-heal|p2a: Milotic|72\/100 brn\n|\n|-damage|p2a: Milotic|66\/100 brn|[from] brn\n|upkeep\n|turn|3\n|\n|t:|1700449351\n|switch|p1a: Rillaboom|Rillaboom, F|100\/100\n|-fieldstart|move: Grassy Terrain|[from] ability: Grassy Surge|[of] p1a: Rillaboom\n|move|p2a: Milotic|Flip Turn|p1a: Rillaboom\n|-resisted|p1a: Rillaboom\n|-damage|p1a: Rillaboom|97\/100\n|\n|t:|1700449361\n|switch|p2a: Baxcalibur|Baxcalibur, M|100\/100|[from] Flip Turn\n|-enditem|p2a: Baxcalibur|Grassy Seed\n|-boost|p2a: Baxcalibur|def|1|[from] item: Grassy Seed\n|\n|-heal|p1a: Rillaboom|100\/100|[from] Grassy Terrain\n|upkeep\n|turn|4\n|\n|t:|1700449474\n|switch|p1a: Hatterene|Hatterene, F|100\/100\n|move|p2a: Baxcalibur|Dragon Dance|p2a: Baxcalibur\n|-boost|p2a: Baxcalibur|atk|1\n|-boost|p2a: Baxcalibur|spe|1\n|\n|upkeep\n|turn|5\n|\n|t:|1700449476\n|move|p2a: Baxcalibur|Iron Head|p1a: Hatterene\n|-supereffective|p1a: Hatterene\n|-damage|p1a: Hatterene|22\/100\n|move|p1a: Hatterene|Nuzzle|p2a: Baxcalibur\n|-resisted|p2a: Baxcalibur\n|-damage|p2a: Baxcalibur|99\/100\n|-status|p2a: Baxcalibur|par\n|\n|-heal|p2a: Baxcalibur|100\/100 par|[from] Grassy Terrain\n|-heal|p1a: Hatterene|28\/100|[from] Grassy Terrain\n|upkeep\n|turn|6\n|\n|t:|1700449489\n|move|p2a: Baxcalibur|Iron Head|p1a: Hatterene\n|-supereffective|p1a: Hatterene\n|-damage|p1a: Hatterene|0 fnt\n|faint|p1a: Hatterene\n|\n|upkeep\n|\n|t:|1700449509\n|switch|p1a: Drifblim|Drifblim, F|100\/100\n|-enditem|p1a: Drifblim|Grassy Seed\n|-boost|p1a: Drifblim|def|1|[from] item: Grassy Seed\n|turn|7\n|\n|t:|1700449526\n|-terastallize|p1a: Drifblim|Fighting\n|move|p1a: Drifblim|Tera Blast|p2a: Baxcalibur|[anim] Tera Blast Fighting\n|-supereffective|p2a: Baxcalibur\n|-damage|p2a: Baxcalibur|29\/100 par\n|move|p2a: Baxcalibur|Dragon Dance|p2a: Baxcalibur\n|-boost|p2a: Baxcalibur|atk|1\n|-boost|p2a: Baxcalibur|spe|1\n|\n|-heal|p2a: Baxcalibur|35\/100 par|[from] Grassy Terrain\n|-fieldend|move: Grassy Terrain\n|upkeep\n|turn|8\n|\n|t:|1700449543\n|move|p1a: Drifblim|Tera Blast|p2a: Baxcalibur|[anim] Tera Blast Fighting\n|-supereffective|p2a: Baxcalibur\n|-damage|p2a: Baxcalibur|0 fnt\n|faint|p2a: Baxcalibur\n|\n|upkeep\n|\n|t:|1700449566\n|switch|p2a: Slowking|Slowking-Galar, F|100\/100\n|turn|9\n|j| MonkeyManStan\n|\n|t:|1700449584\n|move|p1a: Drifblim|Shadow Ball|p2a: Slowking\n|-supereffective|p2a: Slowking\n|-damage|p2a: Slowking|53\/100\n|move|p2a: Slowking|Thunder Wave|p1a: Drifblim\n|-status|p1a: Drifblim|par\n|\n|-heal|p2a: Slowking|59\/100|[from] item: Black Sludge\n|upkeep\n|turn|10\n|\n|t:|1700449595\n|switch|p2a: Milotic|Milotic, F|66\/100 brn\n|move|p1a: Drifblim|Air Slash|p2a: Milotic\n|-damage|p2a: Milotic|46\/100 brn\n|\n|-damage|p2a: Milotic|40\/100 brn|[from] brn\n|upkeep\n|turn|11\n|\n|t:|1700449618\n|cant|p1a: Drifblim|par\n|move|p2a: Milotic|Recover|p2a: Milotic\n|-heal|p2a: Milotic|90\/100 brn\n|\n|-damage|p2a: Milotic|84\/100 brn|[from] brn\n|upkeep\n|turn|12\n|\n|t:|1700449630\n|move|p1a: Drifblim|Calm Mind|p1a: Drifblim\n|-boost|p1a: Drifblim|spa|1\n|-boost|p1a: Drifblim|spd|1\n|move|p2a: Milotic|Ice Beam|p1a: Drifblim\n|-damage|p1a: Drifblim|81\/100 par\n|\n|-damage|p2a: Milotic|78\/100 brn|[from] brn\n|upkeep\n|turn|13\n|\n|t:|1700449641\n|switch|p2a: Hoopa|Hoopa|100\/100\n|cant|p1a: Drifblim|par\n|\n|upkeep\n|turn|14\n|\n|t:|1700449657\n|switch|p1a: Drifblim|Drifblim, F|100\/100\n|-terastallize|p2a: Hoopa|Fairy\n|move|p2a: Hoopa|Tera Blast|p1a: Drifblim|[anim] Tera Blast Fairy\n|-supereffective|p1a: Drifblim\n|-damage|p1a: Drifblim|0 fnt\n|replace|p1a: Zoroark|Zoroark, F\n|-end|p1a: Zoroark|Illusion\n|faint|p1a: Zoroark\n|\n|upkeep\n|\n|t:|1700449742\n|switch|p1a: Tauros|Tauros, M|50\/100\n|turn|15\n|\n|t:|1700449762\n|switch|p2a: Donphan|Donphan, F|100\/100\n|move|p1a: Tauros|Body Slam|p2a: Donphan\n|-damage|p2a: Donphan|58\/100\n|-damage|p1a: Tauros|33\/100|[from] item: Rocky Helmet|[of] p2a: Donphan\n|\n|upkeep\n|turn|16\n|\n|t:|1700449767\n|switch|p1a: Drifblim|Drifblim, F, tera:Fighting|81\/100 par\n|move|p2a: Donphan|Knock Off|p1a: Drifblim\n|-resisted|p1a: Drifblim\n|-damage|p1a: Drifblim|70\/100 par\n|\n|upkeep\n|turn|17\n|\n|t:|1700449780\n|switch|p2a: Hoopa|Hoopa, tera:Fairy|100\/100\n|cant|p1a: Drifblim|par\n|\n|upkeep\n|turn|18\n|\n|t:|1700449784\n|move|p2a: Hoopa|Tera Blast|p1a: Drifblim|[anim] Tera Blast Fairy\n|-supereffective|p1a: Drifblim\n|-damage|p1a: Drifblim|0 fnt\n|faint|p1a: Drifblim\n|\n|upkeep\n|\n|t:|1700449788\n|switch|p1a: Tauros|Tauros, M|33\/100\n|turn|19\n|\n|t:|1700449794\n|move|p2a: Hoopa|Tera Blast|p1a: Tauros|[anim] Tera Blast Fairy\n|-damage|p1a: Tauros|0 fnt\n|faint|p1a: Tauros\n|\n|upkeep\n|\n|t:|1700449797\n|switch|p1a: Sneasler|Sneasler, M|100\/100\n|turn|20\n|\n|t:|1700449802\n|switch|p2a: Donphan|Donphan, F|58\/100\n|move|p1a: Sneasler|Dire Claw|p2a: Donphan\n|-resisted|p2a: Donphan\n|-damage|p2a: Donphan|46\/100\n|-status|p2a: Donphan|par\n|\n|upkeep\n|turn|21\n|\n|t:|1700449858\n|switch|p1a: Rillaboom|Rillaboom, F|100\/100\n|-fieldstart|move: Grassy Terrain|[from] ability: Grassy Surge|[of] p1a: Rillaboom\n|move|p2a: Donphan|Earthquake|p1a: Rillaboom\n|-resisted|p1a: Rillaboom\n|-damage|p1a: Rillaboom|90\/100\n|\n|-heal|p1a: Rillaboom|96\/100|[from] Grassy Terrain\n|-heal|p2a: Donphan|52\/100 par|[from] Grassy Terrain\n|upkeep\n|turn|22\n|\n|t:|1700449869\n|switch|p2a: Slowking|Slowking-Galar, F|93\/100\n|move|p1a: Rillaboom|Swords Dance|p1a: Rillaboom\n|-boost|p1a: Rillaboom|atk|2\n|\n|-heal|p1a: Rillaboom|100\/100|[from] Grassy Terrain\n|-heal|p2a: Slowking|99\/100|[from] Grassy Terrain\n|-heal|p2a: Slowking|100\/100|[from] item: Black Sludge\n|upkeep\n|turn|23\n|\n|t:|1700449900\n|move|p1a: Rillaboom|Knock Off|p2a: Slowking\n|-supereffective|p2a: Slowking\n|-damage|p2a: Slowking|0 fnt\n|-enditem|p2a: Slowking|Black Sludge|[from] move: Knock Off|[of] p1a: Rillaboom\n|faint|p2a: Slowking\n|\n|upkeep\n|\n|t:|1700449956\n|switch|p2a: Lucario|Lucario, M, shiny|100\/100\n|turn|24\n|\n|t:|1700449976\n|move|p2a: Lucario|Close Combat|p1a: Rillaboom\n|-damage|p1a: Rillaboom|37\/100\n|-unboost|p2a: Lucario|def|1\n|-unboost|p2a: Lucario|spd|1\n|move|p1a: Rillaboom|High Horsepower|p2a: Lucario\n|-supereffective|p2a: Lucario\n|-enditem|p2a: Lucario|Focus Sash\n|-damage|p2a: Lucario|1\/100\n|\n|-heal|p2a: Lucario|7\/100|[from] Grassy Terrain\n|-heal|p1a: Rillaboom|43\/100|[from] Grassy Terrain\n|upkeep\n|turn|25\n|\n|t:|1700449990\n|move|p2a: Lucario|Extreme Speed|p1a: Rillaboom\n|-damage|p1a: Rillaboom|16\/100\n|move|p1a: Rillaboom|Grassy Glide|p2a: Lucario\n|-resisted|p2a: Lucario\n|-damage|p2a: Lucario|0 fnt\n|faint|p2a: Lucario\n|\n|-heal|p1a: Rillaboom|22\/100|[from] Grassy Terrain\n|-fieldend|move: Grassy Terrain\n|upkeep\n|\n|t:|1700450004\n|switch|p2a: Hoopa|Hoopa, tera:Fairy|100\/100\n|turn|26\n|\n|t:|1700450027\n|move|p2a: Hoopa|Tera Blast|p1a: Rillaboom|[anim] Tera Blast Fairy\n|-crit|p1a: Rillaboom\n|-damage|p1a: Rillaboom|0 fnt\n|faint|p1a: Rillaboom\n|\n|upkeep\n|\n|t:|1700450029\n|switch|p1a: Sneasler|Sneasler, M|100\/100\n|turn|27\n|\n|t:|1700450041\n|move|p2a: Hoopa|Tera Blast|p1a: Sneasler|[anim] Tera Blast Fairy\n|-damage|p1a: Sneasler|34\/100\n|move|p1a: Sneasler|Dire Claw|p2a: Hoopa\n|-supereffective|p2a: Hoopa\n|-damage|p2a: Hoopa|0 fnt\n|faint|p2a: Hoopa\n|\n|upkeep\n|\n|t:|1700450053\n|switch|p2a: Milotic|Milotic, F|78\/100 brn\n|turn|28\n|\n|t:|1700450064\n|move|p1a: Sneasler|Close Combat|p2a: Milotic\n|-damage|p2a: Milotic|40\/100 brn\n|-unboost|p1a: Sneasler|def|1\n|-unboost|p1a: Sneasler|spd|1\n|move|p2a: Milotic|Scald|p1a: Sneasler\n|-damage|p1a: Sneasler|0 fnt\n|faint|p1a: Sneasler\n|\n|win|Vandenta\n|c|\u2606zLayton|gg\n","uploadtime":1700450072,"views":33,"p1id":"zlayton","p2id":"vandenta","formatid":"gen9ubers","rating":0,"private":0,"password":""}