{"id":"gen9ubers-1971771784","p1":"Mr300Milesof","p2":"Vvviijmng","format":"[Gen 9] Ubers","log":"|j|\u2606Mr300Milesof\n|j|\u2606Vvviijmng\n|t:|1697770385\n|gametype|singles\n|player|p1|Mr300Milesof|acerola|1313\n|player|p2|Vvviijmng|266|1367\n|teamsize|p1|6\n|teamsize|p2|6\n|gen|9\n|tier|[Gen 9] Ubers\n|rated|\n|rule|Sleep Clause Mod: Limit one foe put to sleep\n|rule|Species Clause: Limit one of each Pok\u00e9mon\n|rule|OHKO Clause: OHKO moves are banned\n|rule|Evasion Items Clause: Evasion items are banned\n|rule|Evasion Moves Clause: Evasion moves are banned\n|rule|Endless Battle Clause: Forcing endless battles is banned\n|rule|HP Percentage Mod: HP is shown in percentages\n|clearpoke\n|poke|p1|Groudon|\n|poke|p1|Flutter Mane|\n|poke|p1|Miraidon|\n|poke|p1|Arceus-Psychic|\n|poke|p1|Regieleki|\n|poke|p1|Giratina-Origin|\n|poke|p2|Koraidon|\n|poke|p2|Miraidon|\n|poke|p2|Arceus-Fairy|\n|poke|p2|Kyogre|\n|poke|p2|Giratina-Origin|\n|poke|p2|Zacian-*|\n|teampreview\n|inactive|Battle timer is ON: inactive players will automatically lose when time's up. (requested by Vvviijmng)\n|\n|t:|1697770397\n|start\n|switch|p1a: Miraidon|Miraidon|100\/100\n|switch|p2a: Miraidon|Miraidon|100\/100\n|-fieldstart|move: Electric Terrain|[from] ability: Hadron Engine|[of] p2a: Miraidon\n|-activate|p1a: Miraidon|ability: Hadron Engine\n|turn|1\n|\n|t:|1697770419\n|move|p2a: Miraidon|Draco Meteor|p1a: Miraidon\n|-supereffective|p1a: Miraidon\n|-damage|p1a: Miraidon|0 fnt\n|-unboost|p2a: Miraidon|spa|2\n|faint|p1a: Miraidon\n|\n|upkeep\n|\n|t:|1697770423\n|switch|p1a: Flutter Mane|Flutter Mane|100\/100\n|turn|2\n|\n|t:|1697770435\n|switch|p2a: Zacian|Zacian-Crowned|100\/100\n|-ability|p2a: Zacian|Intrepid Sword|boost\n|-boost|p2a: Zacian|atk|1\n|move|p1a: Flutter Mane|Mystical Fire|p2a: Zacian\n|-supereffective|p2a: Zacian\n|-damage|p2a: Zacian|14\/100\n|-unboost|p2a: Zacian|spa|1\n|\n|upkeep\n|turn|3\n|\n|t:|1697770446\n|switch|p2a: Kyogre|Kyogre|100\/100\n|-weather|RainDance|[from] ability: Drizzle|[of] p2a: Kyogre\n|-end|p1a: Flutter Mane|Protosynthesis|[silent]\n|switch|p1a: Groudon|Groudon|100\/100\n|-weather|SunnyDay|[from] ability: Drought|[of] p1a: Groudon\n|\n|-weather|SunnyDay|[upkeep]\n|upkeep\n|turn|4\n|\n|t:|1697770451\n|move|p1a: Groudon|Thunder Wave|p2a: Kyogre\n|-status|p2a: Kyogre|par\n|move|p2a: Kyogre|Calm Mind|p2a: Kyogre\n|-boost|p2a: Kyogre|spa|1\n|-boost|p2a: Kyogre|spd|1\n|\n|-weather|SunnyDay|[upkeep]\n|upkeep\n|turn|5\n|\n|t:|1697770457\n|move|p1a: Groudon|Earthquake|p2a: Kyogre\n|-damage|p2a: Kyogre|67\/100 par\n|move|p2a: Kyogre|Ice Beam|p1a: Groudon\n|-supereffective|p1a: Groudon\n|-damage|p1a: Groudon|15\/100\n|\n|-weather|SunnyDay|[upkeep]\n|-heal|p2a: Kyogre|73\/100 par|[from] item: Leftovers\n|-fieldend|move: Electric Terrain\n|upkeep\n|turn|6\n|\n|t:|1697770463\n|move|p1a: Groudon|Stealth Rock|p2a: Kyogre\n|-sidestart|p2: Vvviijmng|move: Stealth Rock\n|move|p2a: Kyogre|Ice Beam|p1a: Groudon\n|-supereffective|p1a: Groudon\n|-damage|p1a: Groudon|0 fnt\n|faint|p1a: Groudon\n|\n|-weather|SunnyDay|[upkeep]\n|-heal|p2a: Kyogre|79\/100 par|[from] item: Leftovers\n|upkeep\n|\n|t:|1697770470\n|switch|p1a: Arceus|Arceus-Psychic|100\/100\n|turn|7\n|\n|t:|1697770473\n|move|p1a: Arceus|Cosmic Power|p1a: Arceus\n|-boost|p1a: Arceus|def|1\n|-boost|p1a: Arceus|spd|1\n|cant|p2a: Kyogre|par\n|\n|-weather|none\n|-heal|p2a: Kyogre|86\/100 par|[from] item: Leftovers\n|upkeep\n|turn|8\n|\n|t:|1697770479\n|move|p1a: Arceus|Cosmic Power|p1a: Arceus\n|-boost|p1a: Arceus|def|1\n|-boost|p1a: Arceus|spd|1\n|move|p2a: Kyogre|Thunder Wave|p1a: Arceus\n|-status|p1a: Arceus|par\n|\n|-heal|p2a: Kyogre|92\/100 par|[from] item: Leftovers\n|upkeep\n|turn|9\n|\n|t:|1697770492\n|switch|p2a: Zacian|Zacian-Crowned|14\/100\n|-damage|p2a: Zacian|8\/100|[from] Stealth Rock\n|move|p1a: Arceus|Cosmic Power|p1a: Arceus\n|-boost|p1a: Arceus|def|1\n|-boost|p1a: Arceus|spd|1\n|\n|upkeep\n|turn|10\n|\n|t:|1697770497\n|move|p2a: Zacian|Behemoth Blade|p1a: Arceus\n|-damage|p1a: Arceus|84\/100 par\n|move|p1a: Arceus|Body Press|p2a: Zacian\n|-damage|p2a: Zacian|0 fnt\n|faint|p2a: Zacian\n|\n|upkeep\n|\n|t:|1697770503\n|switch|p2a: Giratina|Giratina-Origin|100\/100\n|-damage|p2a: Giratina|88\/100|[from] Stealth Rock\n|turn|11\n|\n|t:|1697770510\n|-terastallize|p1a: Arceus|Poison\n|move|p2a: Giratina|Defog|p1a: Arceus\n|-unboost|p1a: Arceus|evasion|1\n|-sideend|p2: Vvviijmng|Stealth Rock|[from] move: Defog|[of] p2a: Giratina\n|cant|p1a: Arceus|par\n|\n|upkeep\n|turn|12\n|\n|t:|1697770522\n|switch|p2a: Arceus|Arceus-Fairy|100\/100\n|move|p1a: Arceus|Cosmic Power|p1a: Arceus\n|-boost|p1a: Arceus|def|1\n|-boost|p1a: Arceus|spd|1\n|\n|upkeep\n|turn|13\n|\n|t:|1697770526\n|move|p2a: Arceus|Calm Mind|p2a: Arceus\n|-boost|p2a: Arceus|spa|1\n|-boost|p2a: Arceus|spd|1\n|move|p1a: Arceus|Stored Power|p2a: Arceus\n|-damage|p2a: Arceus|60\/100\n|\n|upkeep\n|turn|14\n|\n|t:|1697770532\n|move|p2a: Arceus|Calm Mind|p2a: Arceus\n|-boost|p2a: Arceus|spa|1\n|-boost|p2a: Arceus|spd|1\n|cant|p1a: Arceus|par\n|\n|upkeep\n|turn|15\n|\n|t:|1697770535\n|move|p2a: Arceus|Calm Mind|p2a: Arceus\n|-boost|p2a: Arceus|spa|1\n|-boost|p2a: Arceus|spd|1\n|cant|p1a: Arceus|par\n|\n|upkeep\n|turn|16\n|\n|t:|1697770537\n|move|p2a: Arceus|Calm Mind|p2a: Arceus\n|-boost|p2a: Arceus|spa|1\n|-boost|p2a: Arceus|spd|1\n|move|p1a: Arceus|Cosmic Power|p1a: Arceus\n|-boost|p1a: Arceus|def|1\n|-boost|p1a: Arceus|spd|1\n|\n|upkeep\n|turn|17\n|\n|t:|1697770539\n|move|p2a: Arceus|Recover|p2a: Arceus\n|-heal|p2a: Arceus|100\/100\n|move|p1a: Arceus|Cosmic Power|p1a: Arceus\n|-boost|p1a: Arceus|def|1\n|-boost|p1a: Arceus|spd|1\n|\n|upkeep\n|turn|18\n|\n|t:|1697770542\n|move|p2a: Arceus|Calm Mind|p2a: Arceus\n|-boost|p2a: Arceus|spa|1\n|-boost|p2a: Arceus|spd|1\n|cant|p1a: Arceus|par\n|\n|upkeep\n|turn|19\n|\n|t:|1697770546\n|move|p2a: Arceus|Calm Mind|p2a: Arceus\n|-boost|p2a: Arceus|spa|1\n|-boost|p2a: Arceus|spd|1\n|cant|p1a: Arceus|par\n|\n|upkeep\n|turn|20\n|\n|t:|1697770550\n|move|p2a: Arceus|Judgment|p1a: Arceus\n|-resisted|p1a: Arceus\n|-damage|p1a: Arceus|73\/100 par\n|cant|p1a: Arceus|par\n|\n|upkeep\n|turn|21\n|\n|t:|1697770557\n|move|p2a: Arceus|Judgment|p1a: Arceus\n|-resisted|p1a: Arceus\n|-damage|p1a: Arceus|62\/100 par\n|cant|p1a: Arceus|par\n|\n|upkeep\n|turn|22\n|\n|t:|1697770566\n|move|p2a: Arceus|Judgment|p1a: Arceus\n|-resisted|p1a: Arceus\n|-damage|p1a: Arceus|51\/100 par\n|move|p1a: Arceus|Recover|p1a: Arceus\n|-heal|p1a: Arceus|100\/100 par\n|\n|upkeep\n|turn|23\n|\n|t:|1697770571\n|move|p2a: Arceus|Will-O-Wisp||[still]\n|-fail|p2a: Arceus\n|move|p1a: Arceus|Body Press|p2a: Arceus\n|-resisted|p2a: Arceus\n|-damage|p2a: Arceus|79\/100\n|\n|upkeep\n|turn|24\n|\n|t:|1697770577\n|move|p2a: Arceus|Will-O-Wisp||[still]\n|-fail|p2a: Arceus\n|move|p1a: Arceus|Body Press|p2a: Arceus\n|-resisted|p2a: Arceus\n|-damage|p2a: Arceus|58\/100\n|\n|upkeep\n|turn|25\n|\n|t:|1697770582\n|move|p2a: Arceus|Recover|p2a: Arceus\n|-heal|p2a: Arceus|100\/100\n|move|p1a: Arceus|Body Press|p2a: Arceus\n|-resisted|p2a: Arceus\n|-damage|p2a: Arceus|78\/100\n|\n|upkeep\n|turn|26\n|-message|Vvviijmng forfeited.\n|\n|win|Mr300Milesof\n|raw|Mr300Milesof's rating: 1313 &rarr; <strong>1336<\/strong><br \/>(+23 for winning)\n|raw|Vvviijmng's rating: 1367 &rarr; <strong>1344<\/strong><br \/>(-23 for losing)\n|l|\u2606Vvviijmng\n","uploadtime":1697770594,"views":10,"p1id":"mr300milesof","p2id":"vvviijmng","formatid":"gen9ubers","rating":1336,"private":0,"password":""}