{"id":"gen9ubers-1976943801","p1":"ZachMcD","p2":"SunShinyReys","format":"[Gen 9] Ubers","log":"|j|\u2606ZachMcD\n|j|\u2606SunShinyReys\n|t:|1698354713\n|gametype|singles\n|player|p1|ZachMcD|giovanni|\n|player|p2|SunShinyReys|burglar|\n|teamsize|p1|6\n|teamsize|p2|6\n|gen|9\n|tier|[Gen 9] Ubers\n|rule|Sleep Clause Mod: Limit one foe put to sleep\n|rule|Species Clause: Limit one of each Pok\u00e9mon\n|rule|OHKO Clause: OHKO moves are banned\n|rule|Evasion Items Clause: Evasion items are banned\n|rule|Evasion Moves Clause: Evasion moves are banned\n|rule|Endless Battle Clause: Forcing endless battles is banned\n|rule|HP Percentage Mod: HP is shown in percentages\n|clearpoke\n|poke|p1|Ogerpon-Hearthflame, F|\n|poke|p1|Slowbro, M|\n|poke|p1|Krookodile, F|\n|poke|p1|Kilowattrel, F|\n|poke|p1|Hariyama, M|\n|poke|p1|Brambleghast, F|\n|poke|p2|Slowking, M|\n|poke|p2|Beartic, F|\n|poke|p2|Gligar, F|\n|poke|p2|Scizor, M|\n|poke|p2|Gengar, M|\n|poke|p2|Chi-Yu|\n|teampreview\n|j| DivogoJota\n|j| Lass Starling\n|c|\u2606ZachMcD|glgl :)\n|c| DivogoJota|:popcorn:\n|\n|t:|1698354821\n|start\n|switch|p1a: BALD!|Hariyama, M|100\/100\n|switch|p2a: Kite|Gligar, F|100\/100\n|turn|1\n|c| Lass Starling|AHHHHHHHHHHHH GLIGAR\n|\n|t:|1698354852\n|move|p2a: Kite|Knock Off|p1a: BALD!\n|-resisted|p1a: BALD!\n|-damage|p1a: BALD!|91\/100\n|-enditem|p1a: BALD!|Assault Vest|[from] move: Knock Off|[of] p2a: Kite\n|move|p1a: BALD!|Ice Punch|p2a: Kite\n|-supereffective|p2a: Kite\n|-damage|p2a: Kite|24\/100\n|\n|upkeep\n|turn|2\n|c|\u2606SunShinyReys|gl hf\n|\n|t:|1698354873\n|switch|p2a: Scald King|Slowking, M|100\/100\n|move|p1a: BALD!|Ice Punch|p2a: Scald King\n|-resisted|p2a: Scald King\n|-damage|p2a: Scald King|91\/100\n|\n|upkeep\n|turn|3\n|\n|t:|1698354883\n|switch|p1a: Zapdos at Home|Kilowattrel, F|100\/100\n|move|p2a: Scald King|Scald|p1a: Zapdos at Home\n|-damage|p1a: Zapdos at Home|47\/100\n|-status|p1a: Zapdos at Home|brn\n|\n|-damage|p1a: Zapdos at Home|41\/100 brn|[from] brn\n|upkeep\n|turn|4\n|\n|t:|1698354896\n|move|p1a: Zapdos at Home|Tailwind|p1a: Zapdos at Home\n|-sidestart|p1: ZachMcD|move: Tailwind\n|-start|p1a: Zapdos at Home|Charge|Tailwind|[from] ability: Wind Power\n|move|p2a: Scald King|Scald|p1a: Zapdos at Home\n|-damage|p1a: Zapdos at Home|0 fnt\n|faint|p1a: Zapdos at Home\n|\n|upkeep\n|\n|t:|1698354909\n|switch|p1a: Tumblr|Brambleghast, F|100\/100\n|-ability|p1a: Tumblr|Wind Rider|boost\n|-boost|p1a: Tumblr|atk|1\n|turn|5\n|j| hatev2\n|\n|t:|1698354981\n|switch|p2a: Scizor|Scizor, M|100\/100\n|move|p1a: Tumblr|Poltergeist|p2a: Scizor\n|-activate|p2a: Scizor|move: Poltergeist|Heavy-Duty Boots\n|-damage|p2a: Scizor|5\/100\n|-damage|p1a: Tumblr|91\/100|[from] item: Life Orb\n|\n|upkeep\n|turn|6\n|c| DivogoJota|Calling Hariyama bald implies the existence of a fighting type with hair\n|\n|t:|1698355004\n|move|p2a: Scizor|Bullet Punch|p1a: Tumblr\n|-damage|p1a: Tumblr|25\/100\n|move|p1a: Tumblr|Tera Blast|p2a: Scizor\n|-resisted|p2a: Scizor\n|-crit|p2a: Scizor\n|-damage|p2a: Scizor|0 fnt\n|faint|p2a: Scizor\n|-damage|p1a: Tumblr|15\/100|[from] item: Life Orb\n|\n|upkeep\n|\n|t:|1698355016\n|switch|p2a: Kite|Gligar, F|24\/100\n|turn|7\n|\n|t:|1698355043\n|move|p1a: Tumblr|Poltergeist|p2a: Kite\n|-activate|p2a: Kite|move: Poltergeist|Eviolite\n|-damage|p2a: Kite|0 fnt\n|faint|p2a: Kite\n|-damage|p1a: Tumblr|5\/100|[from] item: Life Orb\n|\n|-sideend|p1: ZachMcD|move: Tailwind\n|upkeep\n|\n|t:|1698355059\n|switch|p2a: Chi-Yu|Chi-Yu|100\/100\n|-ability|p2a: Chi-Yu|Beads of Ruin\n|turn|8\n|\n|t:|1698355088\n|-terastallize|p1a: Tumblr|Fairy\n|move|p2a: Chi-Yu|Flamethrower|p1a: Tumblr\n|-damage|p1a: Tumblr|0 fnt\n|faint|p1a: Tumblr\n|\n|upkeep\n|\n|t:|1698355092\n|switch|p1a: BALD!|Hariyama, M|91\/100\n|turn|9\n|\n|t:|1698355098\n|switch|p1a: Angy|Ogerpon-Hearthflame, F|100\/100\n|-ability|p1a: Angy|Mold Breaker\n|move|p2a: Chi-Yu|Flamethrower|p1a: Angy\n|-damage|p1a: Angy|0 fnt\n|faint|p1a: Angy\n|\n|upkeep\n|\n|t:|1698355123\n|switch|p1a: BALD!|Hariyama, M|91\/100\n|turn|10\n|c|\u2606SunShinyReys|I forgot to name my Chi-Yi Ghoti ;-;\n|\n|t:|1698355142\n|move|p2a: Chi-Yu|Flamethrower|p1a: BALD!\n|-damage|p1a: BALD!|38\/100\n|move|p1a: BALD!|Headlong Rush|p2a: Chi-Yu\n|-supereffective|p2a: Chi-Yu\n|-damage|p2a: Chi-Yu|0 fnt\n|-unboost|p1a: BALD!|def|1\n|-unboost|p1a: BALD!|spd|1\n|faint|p2a: Chi-Yu\n|\n|upkeep\n|\n|t:|1698355205\n|switch|p2a: Mr. Smiles|Gengar, M|100\/100\n|turn|11\n|\n|t:|1698355216\n|move|p2a: Mr. Smiles|Energy Ball|p1a: BALD!\n|-damage|p1a: BALD!|0 fnt\n|faint|p1a: BALD!\n|\n|upkeep\n|\n|t:|1698355225\n|switch|p1a: Shlackin'|Slowbro, M|100\/100\n|turn|12\n|\n|t:|1698355235\n|move|p2a: Mr. Smiles|Energy Ball|p1a: Shlackin'\n|-supereffective|p1a: Shlackin'\n|-damage|p1a: Shlackin'|57\/100\n|move|p1a: Shlackin'|Scald|p2a: Mr. Smiles\n|-damage|p2a: Mr. Smiles|53\/100\n|-status|p2a: Mr. Smiles|brn\n|\n|-damage|p2a: Mr. Smiles|47\/100 brn|[from] brn\n|upkeep\n|turn|13\n|\n|t:|1698355247\n|move|p2a: Mr. Smiles|Energy Ball|p1a: Shlackin'\n|-supereffective|p1a: Shlackin'\n|-damage|p1a: Shlackin'|10\/100\n|-unboost|p1a: Shlackin'|spd|1\n|move|p1a: Shlackin'|Slack Off|p1a: Shlackin'\n|-heal|p1a: Shlackin'|60\/100\n|\n|-damage|p2a: Mr. Smiles|41\/100 brn|[from] brn\n|upkeep\n|turn|14\n|c| DivogoJota|Ouch on the burn\n|c| DivogoJota|Ooo\n|c| DivogoJota|evens\n|\n|t:|1698355326\n|switch|p1a: Kero|Krookodile, F|100\/100\n|-ability|p1a: Kero|Intimidate|boost\n|-unboost|p2a: Mr. Smiles|atk|1\n|move|p2a: Mr. Smiles|Energy Ball|p1a: Kero\n|-supereffective|p1a: Kero\n|-damage|p1a: Kero|9\/100\n|\n|-damage|p2a: Mr. Smiles|35\/100 brn|[from] brn\n|upkeep\n|turn|15\n|\n|t:|1698355335\n|move|p2a: Mr. Smiles|Energy Ball|p1a: Kero\n|-supereffective|p1a: Kero\n|-damage|p1a: Kero|0 fnt\n|faint|p1a: Kero\n|\n|-damage|p2a: Mr. Smiles|29\/100 brn|[from] brn\n|upkeep\n|\n|t:|1698355337\n|switch|p1a: Shlackin'|Slowbro, M|93\/100\n|turn|16\n|\n|t:|1698355359\n|move|p2a: Mr. Smiles|Energy Ball|p1a: Shlackin'\n|-supereffective|p1a: Shlackin'\n|-damage|p1a: Shlackin'|51\/100\n|move|p1a: Shlackin'|Scald|p2a: Mr. Smiles\n|-damage|p2a: Mr. Smiles|0 fnt\n|faint|p2a: Mr. Smiles\n|\n|upkeep\n|\n|t:|1698355367\n|switch|p2a: Scald King|Slowking, M|100\/100\n|turn|17\n|\n|t:|1698355378\n|move|p1a: Shlackin'|Slack Off|p1a: Shlackin'\n|-heal|p1a: Shlackin'|100\/100\n|move|p2a: Scald King|Shadow Ball|p1a: Shlackin'\n|-supereffective|p1a: Shlackin'\n|-enditem|p1a: Shlackin'|Kasib Berry|[eat]\n|-enditem|p1a: Shlackin'|Kasib Berry|[weaken]\n|-damage|p1a: Shlackin'|87\/100\n|\n|upkeep\n|turn|18\n|\n|t:|1698355390\n|move|p2a: Scald King|Shadow Ball|p1a: Shlackin'\n|-supereffective|p1a: Shlackin'\n|-damage|p1a: Shlackin'|59\/100\n|move|p1a: Shlackin'|Scald|p2a: Scald King\n|-resisted|p2a: Scald King\n|-damage|p2a: Scald King|89\/100\n|-status|p2a: Scald King|brn\n|\n|-damage|p2a: Scald King|82\/100 brn|[from] brn\n|upkeep\n|turn|19\n|\n|t:|1698355402\n|move|p1a: Shlackin'|Slack Off|p1a: Shlackin'\n|-heal|p1a: Shlackin'|100\/100\n|move|p2a: Scald King|Chilly Reception|p2a: Scald King\n|-weather|Snow\n|\n|t:|1698355407\n|switch|p2a: Ice Bear|Beartic, F|100\/100|[from] Chilly Reception\n|\n|-weather|Snow|[upkeep]\n|upkeep\n|turn|20\n|\n|t:|1698355442\n|move|p2a: Ice Bear|Crunch|p1a: Shlackin'\n|-supereffective|p1a: Shlackin'\n|-damage|p1a: Shlackin'|40\/100\n|-damage|p2a: Ice Bear|91\/100|[from] item: Life Orb\n|move|p1a: Shlackin'|Scald|p2a: Ice Bear\n|-damage|p2a: Ice Bear|56\/100\n|\n|-weather|Snow|[upkeep]\n|upkeep\n|turn|21\n|\n|t:|1698355488\n|move|p2a: Ice Bear|Crunch|p1a: Shlackin'\n|-supereffective|p1a: Shlackin'\n|-crit|p1a: Shlackin'\n|-damage|p1a: Shlackin'|0 fnt\n|faint|p1a: Shlackin'\n|-damage|p2a: Ice Bear|46\/100|[from] item: Life Orb\n|\n|win|SunShinyReys\n|c| DivogoJota|gg\n|c|\u2606ZachMcD|gg\n|c|\u2606SunShinyReys|gg\n","uploadtime":1698355498,"views":29,"p1id":"zachmcd","p2id":"sunshinyreys","formatid":"gen9ubers","rating":0,"private":0,"password":""}