{"id":"gen9ubers-1971621765","p1":"Underhours","p2":"wamkou","format":"[Gen 9] Ubers","log":"|j|\u2606Underhours\n|j|\u2606wamkou\n|t:|1697754272\n|gametype|singles\n|player|p1|Underhours|brock-gen2|\n|player|p2|wamkou|elesa-masters2|\n|teamsize|p1|6\n|teamsize|p2|6\n|gen|9\n|tier|[Gen 9] Ubers\n|rule|Sleep Clause Mod: Limit one foe put to sleep\n|rule|Species Clause: Limit one of each Pok\u00e9mon\n|rule|OHKO Clause: OHKO moves are banned\n|rule|Evasion Items Clause: Evasion items are banned\n|rule|Evasion Moves Clause: Evasion moves are banned\n|rule|Endless Battle Clause: Forcing endless battles is banned\n|rule|HP Percentage Mod: HP is shown in percentages\n|clearpoke\n|poke|p1|Magnezone|\n|poke|p1|Arceus-Poison|\n|poke|p1|Palkia-Origin|\n|poke|p1|Hatterene, F|\n|poke|p1|Zacian-*|\n|poke|p1|Chi-Yu|\n|poke|p2|Masquerain, M|\n|poke|p2|Chi-Yu|\n|poke|p2|Gholdengo|\n|poke|p2|Zacian-*|\n|poke|p2|Magearna|\n|poke|p2|Arceus-Grass|\n|teampreview\n|c|\u2606Underhours|YO i forgot to cancel the req\n|c|\u2606wamkou|oh lol\n|c|\u2606Underhours|all good im still free\n|inactive|Battle timer is ON: inactive players will automatically lose when time's up. (requested by Underhours)\n|\n|t:|1697754327\n|start\n|switch|p1a: Arceus|Arceus-Poison|100\/100\n|switch|p2a: Masquerain|Masquerain, M, shiny|100\/100\n|-ability|p2a: Masquerain|Intimidate|boost\n|-unboost|p1a: Arceus|atk|1\n|turn|1\n|\n|t:|1697754337\n|switch|p1a: Hatterene|Hatterene, F|100\/100\n|move|p2a: Masquerain|Sticky Web|p1a: Hatterene\n|move|p1a: Hatterene|Sticky Web|p2a: Masquerain|[from]ability: Magic Bounce\n|-sidestart|p2: wamkou|move: Sticky Web\n|\n|upkeep\n|turn|2\n|\n|t:|1697754351\n|move|p2a: Masquerain|Leech Life|p1a: Hatterene\n|-crit|p1a: Hatterene\n|-damage|p1a: Hatterene|72\/100\n|move|p1a: Hatterene|Calm Mind|p1a: Hatterene\n|-boost|p1a: Hatterene|spa|1\n|-boost|p1a: Hatterene|spd|1\n|\n|-heal|p1a: Hatterene|78\/100|[from] item: Leftovers\n|upkeep\n|turn|3\n|\n|t:|1697754376\n|move|p2a: Masquerain|Leech Life|p1a: Hatterene\n|-damage|p1a: Hatterene|57\/100\n|move|p1a: Hatterene|Draining Kiss|p2a: Masquerain\n|-damage|p2a: Masquerain|59\/100\n|-heal|p1a: Hatterene|91\/100|[from] drain|[of] p2a: Masquerain\n|\n|-heal|p1a: Hatterene|97\/100|[from] item: Leftovers\n|upkeep\n|turn|4\n|\n|t:|1697754383\n|move|p2a: Masquerain|Tailwind|p2a: Masquerain\n|-sidestart|p2: wamkou|move: Tailwind\n|move|p1a: Hatterene|Psyshock|p2a: Masquerain\n|-damage|p2a: Masquerain|0 fnt\n|faint|p2a: Masquerain\n|\n|-heal|p1a: Hatterene|100\/100|[from] item: Leftovers\n|upkeep\n|\n|t:|1697754391\n|switch|p2a: Gholdengo|Gholdengo|100\/100\n|-activate|p2a: Gholdengo|move: Sticky Web\n|-unboost|p2a: Gholdengo|spe|1\n|turn|5\n|\n|t:|1697754403\n|move|p1a: Hatterene|Protect|p1a: Hatterene\n|-singleturn|p1a: Hatterene|Protect\n|move|p2a: Gholdengo|Make It Rain|p1a: Hatterene\n|-activate|p1a: Hatterene|move: Protect\n|\n|upkeep\n|turn|6\n|\n|t:|1697754410\n|switch|p1a: Magnezone|Magnezone|100\/100\n|move|p2a: Gholdengo|Make It Rain|p1a: Magnezone\n|-resisted|p1a: Magnezone\n|-damage|p1a: Magnezone|84\/100\n|-unboost|p2a: Gholdengo|spa|1\n|\n|upkeep\n|turn|7\n|\n|t:|1697754418\n|switch|p2a: Magearna|Magearna|100\/100\n|-activate|p2a: Magearna|move: Sticky Web\n|-unboost|p2a: Magearna|spe|1\n|move|p1a: Magnezone|Thunderbolt|p2a: Magearna\n|-damage|p2a: Magearna|66\/100\n|\n|-heal|p2a: Magearna|72\/100|[from] item: Leftovers\n|-sideend|p2: wamkou|move: Tailwind\n|upkeep\n|turn|8\n|inactive|Underhours has 270 seconds left.\n|\n|t:|1697754451\n|move|p1a: Magnezone|Thunderbolt|p2a: Magearna\n|-damage|p2a: Magearna|38\/100\n|-status|p2a: Magearna|par\n|move|p2a: Magearna|Spikes|p1a: Magnezone\n|-sidestart|p1: Underhours|Spikes\n|\n|-heal|p2a: Magearna|44\/100 par|[from] item: Leftovers\n|upkeep\n|turn|9\n|inactive|Underhours has 270 seconds left.\n|\n|t:|1697754465\n|move|p1a: Magnezone|Thunderbolt|p2a: Magearna\n|-damage|p2a: Magearna|12\/100 par\n|move|p2a: Magearna|Spikes|p1a: Magnezone\n|-sidestart|p1: Underhours|Spikes\n|\n|-heal|p2a: Magearna|18\/100 par|[from] item: Leftovers\n|upkeep\n|turn|10\n|\n|t:|1697754469\n|move|p1a: Magnezone|Thunderbolt|p2a: Magearna\n|-damage|p2a: Magearna|0 fnt\n|faint|p2a: Magearna\n|\n|upkeep\n|\n|t:|1697754474\n|switch|p2a: Arceus|Arceus-Grass|100\/100\n|-activate|p2a: Arceus|move: Sticky Web\n|-unboost|p2a: Arceus|spe|1\n|turn|11\n|inactive|Underhours has 270 seconds left.\n|\n|t:|1697754508\n|move|p2a: Arceus|Earth Power|p1a: Magnezone\n|-supereffective|p1a: Magnezone\n|-damage|p1a: Magnezone|0 fnt\n|faint|p1a: Magnezone\n|\n|upkeep\n|\n|t:|1697754530\n|switch|p1a: Chi-Yu|Chi-Yu|100\/100\n|-damage|p1a: Chi-Yu|84\/100|[from] Spikes\n|-ability|p1a: Chi-Yu|Beads of Ruin\n|turn|12\n|\n|t:|1697754552\n|-terastallize|p2a: Arceus|Ground\n|move|p1a: Chi-Yu|Fire Blast|p2a: Arceus|[miss]\n|-miss|p1a: Chi-Yu|p2a: Arceus\n|move|p2a: Arceus|Earth Power|p1a: Chi-Yu\n|-supereffective|p1a: Chi-Yu\n|-damage|p1a: Chi-Yu|0 fnt\n|faint|p1a: Chi-Yu\n|\n|upkeep\n|\n|t:|1697754561\n|switch|p1a: Palkia|Palkia-Origin|100\/100\n|-damage|p1a: Palkia|84\/100|[from] Spikes\n|-ability|p1a: Palkia|Pressure\n|turn|13\n|\n|t:|1697754571\n|move|p1a: Palkia|Hydro Pump|p2a: Arceus\n|-supereffective|p2a: Arceus\n|-crit|p2a: Arceus\n|-damage|p2a: Arceus|0 fnt\n|faint|p2a: Arceus\n|\n|upkeep\n|\n|t:|1697754587\n|switch|p2a: Zacian|Zacian|100\/100\n|-ability|p2a: Zacian|Intrepid Sword|boost\n|-boost|p2a: Zacian|atk|1\n|turn|14\n|\n|t:|1697754597\n|switch|p1a: Hatterene|Hatterene, F|100\/100\n|-damage|p1a: Hatterene|84\/100|[from] Spikes\n|move|p2a: Zacian|Swords Dance|p2a: Zacian\n|-boost|p2a: Zacian|atk|2\n|\n|-heal|p1a: Hatterene|90\/100|[from] item: Leftovers\n|upkeep\n|turn|15\n|inactive|Underhours has 270 seconds left.\n|\n|t:|1697754608\n|move|p2a: Zacian|Play Rough|p1a: Hatterene\n|-damage|p1a: Hatterene|0 fnt\n|faint|p1a: Hatterene\n|\n|upkeep\n|inactive|Underhours has 270 seconds left.\n|\n|t:|1697754622\n|switch|p1a: Arceus|Arceus-Poison|100\/100\n|-damage|p1a: Arceus|84\/100|[from] Spikes\n|turn|16\n|\n|t:|1697754630\n|move|p2a: Zacian|Trailblaze|p1a: Arceus\n|-resisted|p1a: Arceus\n|-damage|p1a: Arceus|70\/100\n|-boost|p2a: Zacian|spe|1\n|move|p1a: Arceus|Poison Jab|p2a: Zacian\n|-supereffective|p2a: Zacian\n|-damage|p2a: Zacian|0 fnt\n|faint|p2a: Zacian\n|\n|upkeep\n|\n|t:|1697754640\n|switch|p2a: Chi-Yu|Chi-Yu|100\/100\n|-activate|p2a: Chi-Yu|move: Sticky Web\n|-unboost|p2a: Chi-Yu|spe|1\n|-ability|p2a: Chi-Yu|Beads of Ruin\n|turn|17\n|\n|t:|1697754653\n|move|p1a: Arceus|Earthquake|p2a: Chi-Yu\n|-supereffective|p2a: Chi-Yu\n|-damage|p2a: Chi-Yu|0 fnt\n|faint|p2a: Chi-Yu\n|\n|upkeep\n|\n|t:|1697754659\n|switch|p2a: Gholdengo|Gholdengo|100\/100\n|-activate|p2a: Gholdengo|move: Sticky Web\n|-unboost|p2a: Gholdengo|spe|1\n|turn|18\n|\n|t:|1697754666\n|move|p1a: Arceus|Earthquake|p2a: Gholdengo\n|-supereffective|p2a: Gholdengo\n|-damage|p2a: Gholdengo|21\/100\n|move|p2a: Gholdengo|Make It Rain|p1a: Arceus\n|-damage|p1a: Arceus|25\/100\n|-unboost|p2a: Gholdengo|spa|1\n|\n|upkeep\n|turn|19\n|c|\u2606Underhours|gg\n|-message|wamkou forfeited.\n|\n|win|Underhours\n|c|\u2606wamkou|gg\n","uploadtime":1697754684,"views":34,"p1id":"underhours","p2id":"wamkou","formatid":"gen9ubers","rating":0,"private":0,"password":""}