{"id":"gen9ubers-1981156985","p1":"fishyroads","p2":"ash mars","format":"[Gen 9] Ubers","log":"|j|\u2606fishyroads\n|j|\u2606ash mars\n|t:|1698868196\n|gametype|singles\n|player|p1|fishyroads|harlequin|\n|player|p2|ash mars|jasmine|\n|teamsize|p1|6\n|teamsize|p2|6\n|gen|9\n|tier|[Gen 9] Ubers\n|rule|Sleep Clause Mod: Limit one foe put to sleep\n|rule|Species Clause: Limit one of each Pok\u00e9mon\n|rule|OHKO Clause: OHKO moves are banned\n|rule|Evasion Items Clause: Evasion items are banned\n|rule|Evasion Moves Clause: Evasion moves are banned\n|rule|Endless Battle Clause: Forcing endless battles is banned\n|rule|HP Percentage Mod: HP is shown in percentages\n|clearpoke\n|poke|p1|Masquerain, F|\n|poke|p1|Urshifu-*, M|\n|poke|p1|Gholdengo|\n|poke|p1|Arceus-Psychic|\n|poke|p1|Zacian-*|\n|poke|p1|Palkia-Origin|\n|poke|p2|Zacian-*|\n|poke|p2|Shaymin-Sky|\n|poke|p2|Arceus-Ice|\n|poke|p2|Palafin, F|\n|poke|p2|Palkia-Origin|\n|poke|p2|Magearna|\n|teampreview\n|inactive|Battle timer is ON: inactive players will automatically lose when time's up. (requested by ash mars)\n|c|\u2606fishyroads|ok\n|c|\u2606ash mars|hfhf\n|c|\u2606fishyroads|hf\n|\n|t:|1698868216\n|start\n|switch|p1a: Masquerain|Masquerain, F|100\/100\n|switch|p2a: Shaymin|Shaymin-Sky, shiny|100\/100\n|-ability|p1a: Masquerain|Intimidate|boost\n|-unboost|p2a: Shaymin|atk|1\n|turn|1\n|c|\u2606fishyroads|wacky\n|\n|t:|1698868222\n|switch|p1a: Gholdengo|Gholdengo|100\/100\n|move|p2a: Shaymin|Air Slash|p1a: Gholdengo\n|-resisted|p1a: Gholdengo\n|-damage|p1a: Gholdengo|72\/100\n|-damage|p2a: Shaymin|91\/100|[from] item: Life Orb\n|\n|upkeep\n|turn|2\n|\n|t:|1698868229\n|move|p1a: Gholdengo|Make It Rain|p2a: Shaymin\n|-damage|p2a: Shaymin|13\/100\n|-unboost|p1a: Gholdengo|spa|1\n|move|p2a: Shaymin|Earth Power|p1a: Gholdengo\n|-supereffective|p1a: Gholdengo\n|-damage|p1a: Gholdengo|0 fnt\n|faint|p1a: Gholdengo\n|-damage|p2a: Shaymin|3\/100|[from] item: Life Orb\n|\n|upkeep\n|\n|t:|1698868248\n|switch|p1a: Urshifu|Urshifu, M|100\/100\n|turn|3\n|\n|t:|1698868258\n|move|p1a: Urshifu|Sucker Punch||[still]\n|-fail|p1a: Urshifu\n|move|p2a: Shaymin|Synthesis|p2a: Shaymin\n|-heal|p2a: Shaymin|53\/100\n|\n|upkeep\n|turn|4\n|c|\u2606fishyroads|wow\n|\n|t:|1698868264\n|switch|p2a: Magearna|Magearna|100\/100\n|switch|p1a: Arceus|Arceus-Psychic|100\/100\n|\n|upkeep\n|turn|5\n|\n|t:|1698868267\n|move|p1a: Arceus|Future Sight|p2a: Magearna\n|-start|p1a: Arceus|move: Future Sight\n|move|p2a: Magearna|Volt Switch|p1a: Arceus\n|-damage|p1a: Arceus|84\/100\n|\n|t:|1698868270\n|switch|p2a: Palafin|Palafin, F|100\/100|[from] Volt Switch\n|\n|upkeep\n|turn|6\n|\n|t:|1698868279\n|switch|p1a: Palkia|Palkia-Origin|100\/100\n|-ability|p1a: Palkia|Pressure\n|detailschange|p2a: Palafin|Palafin-Hero, F\n|switch|p2a: Magearna|Magearna|100\/100\n|\n|upkeep\n|turn|7\n|\n|t:|1698868284\n|move|p1a: Palkia|Substitute|p1a: Palkia\n|-start|p1a: Palkia|Substitute\n|-damage|p1a: Palkia|76\/100\n|move|p2a: Magearna|Fleur Cannon|p1a: Palkia\n|-supereffective|p1a: Palkia\n|-end|p1a: Palkia|Substitute\n|-unboost|p2a: Magearna|spa|2\n|\n|-end|p2a: Magearna|move: Future Sight\n|-resisted|p2a: Magearna\n|-damage|p2a: Magearna|87\/100\n|upkeep\n|turn|8\n|inactive|ash mars has 270 seconds left.\n|\n|t:|1698868330\n|move|p1a: Palkia|Hydro Pump|p2a: Magearna\n|-damage|p2a: Magearna|41\/100\n|move|p2a: Magearna|Fleur Cannon|p1a: Palkia\n|-supereffective|p1a: Palkia\n|-crit|p1a: Palkia\n|-damage|p1a: Palkia|0 fnt\n|-unboost|p2a: Magearna|spa|2\n|faint|p1a: Palkia\n|-ability|p2a: Magearna|Soul-Heart|boost\n|-boost|p2a: Magearna|spa|1\n|\n|upkeep\n|\n|t:|1698868334\n|switch|p1a: Masquerain|Masquerain, F|100\/100\n|-ability|p1a: Masquerain|Intimidate|boost\n|-unboost|p2a: Magearna|atk|1\n|turn|9\n|c|\u2606ash mars|sry\n|c|\u2606fishyroads|np\n|inactive|ash mars has 270 seconds left.\n|\n|t:|1698868359\n|move|p1a: Masquerain|Sticky Web|p2a: Magearna\n|-sidestart|p2: ash mars|move: Sticky Web\n|move|p2a: Magearna|Volt Switch|p1a: Masquerain\n|-supereffective|p1a: Masquerain\n|-damage|p1a: Masquerain|77\/100\n|\n|t:|1698868363\n|switch|p2a: Shaymin|Shaymin-Sky, shiny|53\/100|[from] Volt Switch\n|\n|upkeep\n|turn|10\n|\n|t:|1698868370\n|move|p2a: Shaymin|Air Slash|p1a: Masquerain\n|-supereffective|p1a: Masquerain\n|-damage|p1a: Masquerain|0 fnt\n|faint|p1a: Masquerain\n|-damage|p2a: Shaymin|43\/100|[from] item: Life Orb\n|\n|upkeep\n|\n|t:|1698868376\n|switch|p1a: Urshifu|Urshifu, M|100\/100\n|turn|11\n|\n|t:|1698868390\n|-terastallize|p1a: Urshifu|Dark\n|move|p1a: Urshifu|Sucker Punch|p2a: Shaymin\n|-damage|p2a: Shaymin|0 fnt\n|faint|p2a: Shaymin\n|\n|upkeep\n|\n|t:|1698868396\n|switch|p2a: Zacian|Zacian, shiny|100\/100\n|-activate|p2a: Zacian|move: Sticky Web\n|-unboost|p2a: Zacian|spe|1\n|-ability|p2a: Zacian|Intrepid Sword|boost\n|-boost|p2a: Zacian|atk|1\n|turn|12\n|\n|t:|1698868400\n|switch|p1a: Arceus|Arceus-Psychic|84\/100\n|move|p2a: Zacian|Play Rough|p1a: Arceus\n|-damage|p1a: Arceus|30\/100\n|-damage|p2a: Zacian|91\/100|[from] item: Life Orb\n|\n|upkeep\n|turn|13\n|\n|t:|1698868403\n|move|p1a: Arceus|Recover|p1a: Arceus\n|-heal|p1a: Arceus|80\/100\n|move|p2a: Zacian|Play Rough|p1a: Arceus\n|-damage|p1a: Arceus|27\/100\n|-damage|p2a: Zacian|81\/100|[from] item: Life Orb\n|\n|upkeep\n|turn|14\n|\n|t:|1698868411\n|move|p1a: Arceus|Future Sight|p2a: Zacian\n|-start|p1a: Arceus|move: Future Sight\n|move|p2a: Zacian|Swords Dance|p2a: Zacian\n|-boost|p2a: Zacian|atk|2\n|\n|upkeep\n|turn|15\n|\n|t:|1698868414\n|move|p1a: Arceus|Taunt|p2a: Zacian\n|-start|p2a: Zacian|move: Taunt\n|move|p2a: Zacian|Play Rough|p1a: Arceus\n|-damage|p1a: Arceus|0 fnt\n|faint|p1a: Arceus\n|-damage|p2a: Zacian|71\/100|[from] item: Life Orb\n|\n|upkeep\n|\n|t:|1698868417\n|switch|p1a: Zacian|Zacian|100\/100\n|-ability|p1a: Zacian|Intrepid Sword|boost\n|-boost|p1a: Zacian|atk|1\n|turn|16\n|\n|t:|1698868422\n|move|p1a: Zacian|Play Rough|p2a: Zacian\n|-damage|p2a: Zacian|3\/100\n|move|p2a: Zacian|Play Rough|p1a: Zacian\n|-damage|p1a: Zacian|0 fnt\n|faint|p1a: Zacian\n|-damage|p2a: Zacian|0 fnt|[from] item: Life Orb\n|faint|p2a: Zacian\n|\n|-hint|Future Sight did not hit because the target is fainted.\n|upkeep\n|\n|t:|1698868426\n|switch|p2a: Magearna|Magearna|41\/100\n|switch|p1a: Urshifu|Urshifu, M, tera:Dark|100\/100\n|-activate|p2a: Magearna|move: Sticky Web\n|-unboost|p2a: Magearna|spe|1\n|turn|17\n|\n|t:|1698868432\n|move|p1a: Urshifu|Wicked Blow|p2a: Magearna\n|-resisted|p2a: Magearna\n|-crit|p2a: Magearna\n|-damage|p2a: Magearna|0 fnt\n|faint|p2a: Magearna\n|\n|upkeep\n|\n|t:|1698868438\n|switch|p2a: Arceus|Arceus-Ice, shiny|100\/100\n|-activate|p2a: Arceus|move: Sticky Web\n|-unboost|p2a: Arceus|spe|1\n|turn|18\n|\n|t:|1698868440\n|move|p1a: Urshifu|Wicked Blow|p2a: Arceus\n|-crit|p2a: Arceus\n|-damage|p2a: Arceus|23\/100\n|move|p2a: Arceus|Judgment|p1a: Urshifu\n|-damage|p1a: Urshifu|31\/100\n|\n|upkeep\n|turn|19\n|\n|t:|1698868450\n|move|p1a: Urshifu|Wicked Blow|p2a: Arceus\n|-crit|p2a: Arceus\n|-damage|p2a: Arceus|0 fnt\n|faint|p2a: Arceus\n|\n|upkeep\n|\n|t:|1698868458\n|switch|p2a: Palkia|Palkia-Origin|100\/100\n|-activate|p2a: Palkia|move: Sticky Web\n|-unboost|p2a: Palkia|spe|1\n|-ability|p2a: Palkia|Pressure\n|turn|20\n|\n|t:|1698868465\n|-terastallize|p2a: Palkia|Fairy\n|move|p1a: Urshifu|Wicked Blow|p2a: Palkia\n|-resisted|p2a: Palkia\n|-crit|p2a: Palkia\n|-damage|p2a: Palkia|40\/100\n|move|p2a: Palkia|Tera Blast|p1a: Urshifu|[anim] Tera Blast Fairy\n|-supereffective|p1a: Urshifu\n|-damage|p1a: Urshifu|0 fnt\n|faint|p1a: Urshifu\n|\n|win|ash mars\n|c|\u2606ash mars|gg\n|c|\u2606fishyroads|g1\n|l|\u2606fishyroads\n|c|\u2606ash mars|ye\n","uploadtime":1698868477,"views":25,"p1id":"fishyroads","p2id":"ashmars","formatid":"gen9ubers","rating":0,"private":0,"password":""}