{"id":"gen9ubers-1994170214","p1":"MauLS15","p2":"mrbadd","format":"[Gen 9] Ubers","log":"|j|\u2606MauLS15\n|j|\u2606mrbadd\n|t:|1700414955\n|gametype|singles\n|player|p1|MauLS15|blue|1229\n|player|p2|mrbadd|rocker-gen1rb|1345\n|teamsize|p1|6\n|teamsize|p2|6\n|gen|9\n|tier|[Gen 9] Ubers\n|rated|\n|rule|Sleep Clause Mod: Limit one foe put to sleep\n|rule|Species Clause: Limit one of each Pok\u00e9mon\n|rule|OHKO Clause: OHKO moves are banned\n|rule|Evasion Items Clause: Evasion items are banned\n|rule|Evasion Moves Clause: Evasion moves are banned\n|rule|Endless Battle Clause: Forcing endless battles is banned\n|rule|HP Percentage Mod: HP is shown in percentages\n|clearpoke\n|poke|p1|Kingambit, F|\n|poke|p1|Iron Valiant|\n|poke|p1|Hatterene, F|\n|poke|p1|Miraidon|\n|poke|p1|Ogerpon-Hearthflame, F|\n|poke|p1|Gholdengo|\n|poke|p2|Zacian-*|\n|poke|p2|Flutter Mane|\n|poke|p2|Groudon|\n|poke|p2|Kyogre|\n|poke|p2|Toxapex, F|\n|poke|p2|Koraidon|\n|teampreview\n|inactive|Battle timer is ON: inactive players will automatically lose when time's up. (requested by MauLS15)\n|\n|t:|1700414981\n|start\n|switch|p1a: Ogerpon|Ogerpon-Hearthflame, F|100\/100\n|switch|p2a: Kyogre|Kyogre|100\/100\n|-ability|p1a: Ogerpon|Mold Breaker\n|-weather|RainDance|[from] ability: Drizzle|[of] p2a: Kyogre\n|turn|1\n|\n|t:|1700415000\n|switch|p1a: Hatterene|Hatterene, F, shiny|100\/100\n|switch|p2a: Toxapex|Toxapex, F|100\/100\n|\n|-weather|RainDance|[upkeep]\n|upkeep\n|turn|2\n|\n|t:|1700415022\n|switch|p2a: Zacian|Zacian-Crowned|100\/100\n|-ability|p2a: Zacian|Intrepid Sword|boost\n|-boost|p2a: Zacian|atk|1\n|move|p1a: Hatterene|Thunder Wave|p2a: Zacian\n|-status|p2a: Zacian|par\n|\n|-weather|RainDance|[upkeep]\n|upkeep\n|turn|3\n|inactive|mrbadd has 120 seconds left.\n|\n|t:|1700415038\n|switch|p2a: Kyogre|Kyogre|100\/100\n|switch|p1a: Kingambit|Kingambit, F|100\/100\n|\n|-weather|RainDance|[upkeep]\n|upkeep\n|turn|4\n|\n|t:|1700415048\n|move|p2a: Kyogre|Surf|p1a: Kingambit\n|-damage|p1a: Kingambit|14\/100\n|move|p1a: Kingambit|Zen Headbutt|p2a: Kyogre\n|-damage|p2a: Kyogre|64\/100\n|\n|-weather|RainDance|[upkeep]\n|upkeep\n|turn|5\n|\n|t:|1700415055\n|-end|p1a: Kingambit|fallenundefined|[silent]\n|switch|p1a: Hatterene|Hatterene, F, shiny|100\/100\n|move|p2a: Kyogre|Surf|p1a: Hatterene\n|-damage|p1a: Hatterene|0 fnt\n|faint|p1a: Hatterene\n|\n|-weather|none\n|upkeep\n|\n|t:|1700415061\n|switch|p1a: Miraidon|Miraidon|100\/100\n|-fieldstart|move: Electric Terrain|[from] ability: Hadron Engine|[of] p1a: Miraidon\n|turn|6\n|\n|t:|1700415070\n|switch|p2a: Groudon|Groudon|100\/100\n|-weather|SunnyDay|[from] ability: Drought|[of] p2a: Groudon\n|move|p1a: Miraidon|Dragon Pulse|p2a: Groudon\n|-damage|p2a: Groudon|22\/100\n|-damage|p1a: Miraidon|91\/100|[from] item: Life Orb\n|\n|-weather|SunnyDay|[upkeep]\n|upkeep\n|turn|7\n|\n|t:|1700415086\n|switch|p2a: Zacian|Zacian-Crowned|100\/100 par\n|move|p1a: Miraidon|Dazzling Gleam|p2a: Zacian\n|-resisted|p2a: Zacian\n|-damage|p2a: Zacian|79\/100 par\n|-damage|p1a: Miraidon|81\/100|[from] item: Life Orb\n|\n|-weather|SunnyDay|[upkeep]\n|upkeep\n|turn|8\n|\n|t:|1700415104\n|move|p1a: Miraidon|Electro Drift|p2a: Zacian\n|-damage|p2a: Zacian|0 fnt\n|faint|p2a: Zacian\n|-damage|p1a: Miraidon|71\/100|[from] item: Life Orb\n|\n|-weather|SunnyDay|[upkeep]\n|upkeep\n|\n|t:|1700415111\n|switch|p2a: Koraidon|Koraidon|100\/100\n|-activate|p2a: Koraidon|ability: Orichalcum Pulse\n|turn|9\n|\n|t:|1700415118\n|switch|p1a: Kingambit|Kingambit, F|14\/100\n|-activate|p1a: Kingambit|ability: Supreme Overlord\n|-start|p1a: Kingambit|fallen1|[silent]\n|move|p2a: Koraidon|Dragon Claw|p1a: Kingambit\n|-resisted|p1a: Kingambit\n|-damage|p1a: Kingambit|0 fnt\n|faint|p1a: Kingambit\n|-end|p1a: Kingambit|fallen1|[silent]\n|\n|-weather|SunnyDay|[upkeep]\n|upkeep\n|\n|t:|1700415124\n|switch|p1a: Iron Valiant|Iron Valiant|100\/100\n|-activate|p1a: Iron Valiant|ability: Quark Drive\n|-start|p1a: Iron Valiant|quarkdrivespe\n|turn|10\n|\n|t:|1700415134\n|switch|p2a: Toxapex|Toxapex, F|100\/100\n|move|p1a: Iron Valiant|Spirit Break|p2a: Toxapex\n|-resisted|p2a: Toxapex\n|-crit|p2a: Toxapex\n|-damage|p2a: Toxapex|84\/100\n|-unboost|p2a: Toxapex|spa|1\n|\n|-weather|none\n|-heal|p2a: Toxapex|90\/100|[from] item: Black Sludge\n|-fieldend|move: Electric Terrain\n|-end|p1a: Iron Valiant|Quark Drive\n|upkeep\n|turn|11\n|\n|t:|1700415147\n|-end|p1a: Iron Valiant|Quark Drive|[silent]\n|switch|p1a: Gholdengo|Gholdengo, shiny|100\/100\n|move|p2a: Toxapex|Toxic Spikes|p1a: Gholdengo\n|-sidestart|p1: MauLS15|move: Toxic Spikes\n|\n|-heal|p2a: Toxapex|96\/100|[from] item: Black Sludge\n|upkeep\n|turn|12\n|\n|t:|1700415158\n|move|p1a: Gholdengo|Shadow Ball|p2a: Toxapex\n|-damage|p2a: Toxapex|60\/100\n|move|p2a: Toxapex|Toxic Spikes|p1a: Gholdengo\n|-sidestart|p1: MauLS15|move: Toxic Spikes\n|\n|-heal|p2a: Toxapex|66\/100|[from] item: Black Sludge\n|upkeep\n|turn|13\n|\n|t:|1700415168\n|move|p1a: Gholdengo|Shadow Ball|p2a: Toxapex\n|-damage|p2a: Toxapex|29\/100\n|move|p2a: Toxapex|Recover|p2a: Toxapex\n|-heal|p2a: Toxapex|79\/100\n|\n|-heal|p2a: Toxapex|85\/100|[from] item: Black Sludge\n|upkeep\n|turn|14\n|\n|t:|1700415176\n|move|p1a: Gholdengo|Shadow Ball|p2a: Toxapex\n|-damage|p2a: Toxapex|52\/100\n|-unboost|p2a: Toxapex|spd|1\n|move|p2a: Toxapex|Infestation|p1a: Gholdengo\n|-resisted|p1a: Gholdengo\n|-damage|p1a: Gholdengo|99\/100\n|-activate|p1a: Gholdengo|move: Infestation|[of] p2a: Toxapex\n|\n|-heal|p2a: Toxapex|58\/100|[from] item: Black Sludge\n|-damage|p1a: Gholdengo|88\/100|[from] move: Infestation|[partiallytrapped]\n|upkeep\n|turn|15\n|\n|t:|1700415190\n|switch|p2a: Groudon|Groudon|22\/100\n|-weather|SunnyDay|[from] ability: Drought|[of] p2a: Groudon\n|move|p1a: Gholdengo|Shadow Ball|p2a: Groudon\n|-damage|p2a: Groudon|0 fnt\n|faint|p2a: Groudon\n|\n|-weather|SunnyDay|[upkeep]\n|-end|p1a: Gholdengo|Infestation|[partiallytrapped]|[silent]\n|upkeep\n|\n|t:|1700415198\n|switch|p2a: Flutter Mane|Flutter Mane|100\/100\n|-activate|p2a: Flutter Mane|ability: Protosynthesis\n|-start|p2a: Flutter Mane|protosynthesisspe\n|turn|16\n|\n|t:|1700415206\n|move|p2a: Flutter Mane|Shadow Ball|p1a: Gholdengo\n|-supereffective|p1a: Gholdengo\n|-damage|p1a: Gholdengo|0 fnt\n|faint|p1a: Gholdengo\n|\n|-weather|SunnyDay|[upkeep]\n|upkeep\n|\n|t:|1700415214\n|switch|p1a: Iron Valiant|Iron Valiant|100\/100\n|-status|p1a: Iron Valiant|tox\n|turn|17\n|\n|t:|1700415222\n|move|p2a: Flutter Mane|Moonblast|p1a: Iron Valiant\n|-supereffective|p1a: Iron Valiant\n|-enditem|p1a: Iron Valiant|Focus Sash\n|-damage|p1a: Iron Valiant|1\/100 tox\n|move|p1a: Iron Valiant|Thunder Punch|p2a: Flutter Mane\n|-damage|p2a: Flutter Mane|40\/100\n|\n|-weather|SunnyDay|[upkeep]\n|-damage|p1a: Iron Valiant|0 fnt|[from] psn\n|faint|p1a: Iron Valiant\n|-end|p1a: Iron Valiant|Quark Drive|[silent]\n|upkeep\n|\n|t:|1700415233\n|switch|p1a: Ogerpon|Ogerpon-Hearthflame, F|100\/100\n|-status|p1a: Ogerpon|tox\n|-ability|p1a: Ogerpon|Mold Breaker\n|turn|18\n|\n|t:|1700415242\n|-end|p2a: Flutter Mane|Protosynthesis|[silent]\n|switch|p2a: Toxapex|Toxapex, F|92\/100\n|-terastallize|p1a: Ogerpon|Fire\n|detailschange|p1a: Ogerpon|Ogerpon-Hearthflame-Tera, F, tera:Fire\n|-ability|p1a: Ogerpon|Embody Aspect (Hearthflame)|boost\n|-boost|p1a: Ogerpon|atk|1\n|move|p1a: Ogerpon|Horn Leech|p2a: Toxapex\n|-damage|p2a: Toxapex|50\/100\n|\n|-weather|SunnyDay|[upkeep]\n|-heal|p2a: Toxapex|56\/100|[from] item: Black Sludge\n|-damage|p1a: Ogerpon|95\/100 tox|[from] psn\n|upkeep\n|turn|19\n|inactive|mrbadd has 120 seconds left.\n|\n|t:|1700415283\n|move|p1a: Ogerpon|Trailblaze|p2a: Toxapex\n|-damage|p2a: Toxapex|31\/100\n|-boost|p1a: Ogerpon|spe|1\n|move|p2a: Toxapex|Haze|p2a: Toxapex\n|-clearallboost\n|\n|-weather|none\n|-heal|p2a: Toxapex|37\/100|[from] item: Black Sludge\n|-damage|p1a: Ogerpon|83\/100 tox|[from] psn\n|upkeep\n|turn|20\n|\n|t:|1700415296\n|move|p1a: Ogerpon|U-turn|p2a: Toxapex\n|-resisted|p2a: Toxapex\n|-damage|p2a: Toxapex|28\/100\n|\n|t:|1700415298\n|switch|p1a: Miraidon|Miraidon|71\/100|[from] U-turn\n|-status|p1a: Miraidon|tox\n|-fieldstart|move: Electric Terrain|[from] ability: Hadron Engine|[of] p1a: Miraidon\n|move|p2a: Toxapex|Recover|p2a: Toxapex\n|-heal|p2a: Toxapex|78\/100\n|\n|-heal|p2a: Toxapex|84\/100|[from] item: Black Sludge\n|-damage|p1a: Miraidon|64\/100 tox|[from] psn\n|upkeep\n|turn|21\n|inactive|mrbadd has 120 seconds left.\n|\n|t:|1700415313\n|switch|p2a: Kyogre|Kyogre|64\/100\n|-weather|RainDance|[from] ability: Drizzle|[of] p2a: Kyogre\n|move|p1a: Miraidon|Dazzling Gleam|p2a: Kyogre\n|-damage|p2a: Kyogre|27\/100\n|-damage|p1a: Miraidon|54\/100 tox|[from] item: Life Orb\n|\n|-weather|RainDance|[upkeep]\n|-damage|p1a: Miraidon|42\/100 tox|[from] psn\n|upkeep\n|turn|22\n|inactive|mrbadd has 120 seconds left.\n|\n|t:|1700415325\n|move|p1a: Miraidon|Volt Switch|p2a: Kyogre\n|-supereffective|p2a: Kyogre\n|-damage|p2a: Kyogre|0 fnt\n|faint|p2a: Kyogre\n|-damage|p1a: Miraidon|32\/100 tox|[from] item: Life Orb\n|\n|t:|1700415330\n|switch|p1a: Ogerpon|Ogerpon-Hearthflame-Tera, F, tera:Fire|83\/100 tox|[from] Volt Switch\n|-ability|p1a: Ogerpon|Embody Aspect (Hearthflame)|boost\n|-boost|p1a: Ogerpon|atk|1\n|\n|-weather|RainDance|[upkeep]\n|-damage|p1a: Ogerpon|77\/100 tox|[from] psn\n|upkeep\n|inactive|mrbadd has 120 seconds left.\n|\n|t:|1700415338\n|switch|p2a: Toxapex|Toxapex, F|100\/100\n|turn|23\n|\n|t:|1700415342\n|move|p1a: Ogerpon|U-turn|p2a: Toxapex\n|-resisted|p2a: Toxapex\n|-damage|p2a: Toxapex|89\/100\n|\n|t:|1700415345\n|switch|p1a: Miraidon|Miraidon|32\/100 tox|[from] U-turn\n|-activate|p1a: Miraidon|ability: Hadron Engine\n|move|p2a: Toxapex|Haze|p2a: Toxapex\n|-clearallboost\n|\n|-weather|RainDance|[upkeep]\n|-heal|p2a: Toxapex|95\/100|[from] item: Black Sludge\n|-damage|p1a: Miraidon|26\/100 tox|[from] psn\n|upkeep\n|turn|24\n|\n|t:|1700415358\n|move|p1a: Miraidon|Dazzling Gleam|p2a: Toxapex\n|-resisted|p2a: Toxapex\n|-damage|p2a: Toxapex|73\/100\n|-damage|p1a: Miraidon|16\/100 tox|[from] item: Life Orb\n|move|p2a: Toxapex|Infestation|p1a: Miraidon\n|-damage|p1a: Miraidon|13\/100 tox\n|-activate|p1a: Miraidon|move: Infestation|[of] p2a: Toxapex\n|\n|-weather|RainDance|[upkeep]\n|-heal|p2a: Toxapex|79\/100|[from] item: Black Sludge\n|-damage|p1a: Miraidon|1\/100 tox|[from] psn\n|-damage|p1a: Miraidon|0 fnt|[from] move: Infestation|[partiallytrapped]\n|faint|p1a: Miraidon\n|-fieldend|move: Electric Terrain\n|upkeep\n|\n|t:|1700415361\n|switch|p1a: Ogerpon|Ogerpon-Hearthflame-Tera, F, tera:Fire|77\/100 tox\n|-ability|p1a: Ogerpon|Embody Aspect (Hearthflame)|boost\n|-boost|p1a: Ogerpon|atk|1\n|turn|25\n|-message|MauLS15 forfeited.\n|\n|win|mrbadd\n|raw|MauLS15's rating: 1229 &rarr; <strong>1212<\/strong><br \/>(-17 for losing)\n|raw|mrbadd's rating: 1345 &rarr; <strong>1359<\/strong><br \/>(+14 for winning)\n|l|\u2606MauLS15\n","uploadtime":1700415376,"views":6,"p1id":"mauls15","p2id":"mrbadd","formatid":"gen9ubers","rating":1212,"private":0,"password":""}