{"id":"gen9ubers-1998052816","p1":"chiquinhozinxx","p2":"Anne Frankkkk","format":"[Gen 9] Ubers","log":"|j|\u2606chiquinhozinxx\n|j|\u2606Anne Frankkkk\n|t:|1700884169\n|gametype|singles\n|player|p1|chiquinhozinxx|102|1135\n|player|p2|Anne Frankkkk|hilbert|1239\n|teamsize|p1|6\n|teamsize|p2|6\n|gen|9\n|tier|[Gen 9] Ubers\n|rated|\n|rule|Sleep Clause Mod: Limit one foe put to sleep\n|rule|Species Clause: Limit one of each Pok\u00e9mon\n|rule|OHKO Clause: OHKO moves are banned\n|rule|Evasion Items Clause: Evasion items are banned\n|rule|Evasion Moves Clause: Evasion moves are banned\n|rule|Endless Battle Clause: Forcing endless battles is banned\n|rule|HP Percentage Mod: HP is shown in percentages\n|clearpoke\n|poke|p1|Zacian-*|\n|poke|p1|Arceus-Ground|\n|poke|p1|Kyogre|\n|poke|p1|Clodsire, F|\n|poke|p1|Kingambit, M|\n|poke|p1|Rayquaza|\n|poke|p2|Regieleki|\n|poke|p2|Kyogre|\n|poke|p2|Chien-Pao|\n|poke|p2|Ribombee, F|\n|poke|p2|Miraidon|\n|poke|p2|Flutter Mane|\n|teampreview\n|inactive|Battle timer is ON: inactive players will automatically lose when time's up. (requested by Anne Frankkkk)\n|\n|t:|1700884182\n|start\n|switch|p1a: Rayquaza|Rayquaza, shiny|100\/100\n|switch|p2a: Moonblast|Ribombee, F, shiny|100\/100\n|-ability|p1a: Rayquaza|Air Lock\n|turn|1\n|\n|t:|1700884192\n|-terastallize|p1a: Rayquaza|Fairy\n|move|p2a: Moonblast|Sticky Web|p1a: Rayquaza\n|-sidestart|p1: chiquinhozinxx|move: Sticky Web\n|move|p1a: Rayquaza|Dragon Dance|p1a: Rayquaza\n|-boost|p1a: Rayquaza|atk|1\n|-boost|p1a: Rayquaza|spe|1\n|\n|upkeep\n|turn|2\n|\n|t:|1700884202\n|move|p1a: Rayquaza|Dragon Dance|p1a: Rayquaza\n|-boost|p1a: Rayquaza|atk|1\n|-boost|p1a: Rayquaza|spe|1\n|move|p2a: Moonblast|Stun Spore|p1a: Rayquaza\n|-status|p1a: Rayquaza|par\n|\n|upkeep\n|turn|3\n|\n|t:|1700884219\n|move|p2a: Moonblast|Bug Buzz|p1a: Rayquaza\n|-resisted|p1a: Rayquaza\n|-damage|p1a: Rayquaza|81\/100 par\n|move|p1a: Rayquaza|Dragon Dance|p1a: Rayquaza\n|-boost|p1a: Rayquaza|atk|1\n|-boost|p1a: Rayquaza|spe|1\n|\n|upkeep\n|turn|4\n|\n|t:|1700884227\n|move|p1a: Rayquaza|Dragon Ascent|p2a: Moonblast\n|-supereffective|p2a: Moonblast\n|-enditem|p2a: Moonblast|Focus Sash\n|-damage|p2a: Moonblast|1\/100\n|-unboost|p1a: Rayquaza|def|1\n|-unboost|p1a: Rayquaza|spd|1\n|-damage|p1a: Rayquaza|71\/100 par|[from] item: Life Orb\n|move|p2a: Moonblast|Moonblast|p1a: Rayquaza\n|-damage|p1a: Rayquaza|4\/100 par\n|\n|upkeep\n|turn|5\n|\n|t:|1700884242\n|move|p1a: Rayquaza|Extreme Speed|p2a: Moonblast\n|-damage|p2a: Moonblast|0 fnt\n|faint|p2a: Moonblast\n|-damage|p1a: Rayquaza|0 fnt|[from] item: Life Orb\n|faint|p1a: Rayquaza\n|\n|upkeep\n|\n|t:|1700884255\n|switch|p2a: Bzzzzt|Regieleki, shiny|100\/100\n|switch|p1a: Clodsire|Clodsire, F|100\/100\n|-activate|p1a: Clodsire|move: Sticky Web\n|-unboost|p1a: Clodsire|spe|1\n|turn|6\n|\n|t:|1700884264\n|switch|p2a: Cyber Lizard|Miraidon|100\/100\n|-fieldstart|move: Electric Terrain|[from] ability: Hadron Engine|[of] p2a: Cyber Lizard\n|-item|p2a: Cyber Lizard|Air Balloon\n|move|p1a: Clodsire|Toxic|p2a: Cyber Lizard\n|-status|p2a: Cyber Lizard|tox\n|\n|-damage|p2a: Cyber Lizard|94\/100 tox|[from] psn\n|upkeep\n|turn|7\n|\n|t:|1700884275\n|move|p2a: Cyber Lizard|Calm Mind|p2a: Cyber Lizard\n|-boost|p2a: Cyber Lizard|spa|1\n|-boost|p2a: Cyber Lizard|spd|1\n|move|p1a: Clodsire|Stealth Rock|p2a: Cyber Lizard\n|-sidestart|p2: Anne Frankkkk|move: Stealth Rock\n|\n|-damage|p2a: Cyber Lizard|82\/100 tox|[from] psn\n|upkeep\n|turn|8\n|\n|t:|1700884284\n|move|p2a: Cyber Lizard|Calm Mind|p2a: Cyber Lizard\n|-boost|p2a: Cyber Lizard|spa|1\n|-boost|p2a: Cyber Lizard|spd|1\n|move|p1a: Clodsire|Spikes|p2a: Cyber Lizard\n|-sidestart|p2: Anne Frankkkk|Spikes\n|\n|-damage|p2a: Cyber Lizard|64\/100 tox|[from] psn\n|upkeep\n|turn|9\n|\n|t:|1700884292\n|move|p2a: Cyber Lizard|Dragon Pulse|p1a: Clodsire\n|-damage|p1a: Clodsire|67\/100\n|move|p1a: Clodsire|Spikes|p2a: Cyber Lizard\n|-sidestart|p2: Anne Frankkkk|Spikes\n|\n|-heal|p1a: Clodsire|73\/100|[from] item: Leftovers\n|-damage|p2a: Cyber Lizard|39\/100 tox|[from] psn\n|upkeep\n|turn|10\n|\n|t:|1700884302\n|move|p2a: Cyber Lizard|Dragon Pulse|p1a: Clodsire\n|-damage|p1a: Clodsire|35\/100\n|move|p1a: Clodsire|Recover|p1a: Clodsire\n|-heal|p1a: Clodsire|85\/100\n|\n|-heal|p1a: Clodsire|91\/100|[from] item: Leftovers\n|-damage|p2a: Cyber Lizard|8\/100 tox|[from] psn\n|-fieldend|move: Electric Terrain\n|upkeep\n|turn|11\n|\n|t:|1700884314\n|move|p2a: Cyber Lizard|Dragon Pulse|p1a: Clodsire\n|-damage|p1a: Clodsire|65\/100\n|move|p1a: Clodsire|Recover|p1a: Clodsire\n|-heal|p1a: Clodsire|100\/100\n|\n|-damage|p2a: Cyber Lizard|0 fnt|[from] psn\n|faint|p2a: Cyber Lizard\n|upkeep\n|\n|t:|1700884319\n|switch|p2a: Bzzzzt|Regieleki, shiny|100\/100\n|-damage|p2a: Bzzzzt|88\/100|[from] Stealth Rock\n|-damage|p2a: Bzzzzt|72\/100|[from] Spikes\n|turn|12\n|\n|t:|1700884336\n|move|p2a: Bzzzzt|Rapid Spin|p1a: Clodsire\n|-damage|p1a: Clodsire|88\/100\n|-boost|p2a: Bzzzzt|spe|1\n|-sideend|p2: Anne Frankkkk|Spikes|[from] move: Rapid Spin|[of] p2a: Bzzzzt\n|-sideend|p2: Anne Frankkkk|Stealth Rock|[from] move: Rapid Spin|[of] p2a: Bzzzzt\n|move|p1a: Clodsire|Toxic|p2a: Bzzzzt\n|-status|p2a: Bzzzzt|tox\n|\n|-heal|p1a: Clodsire|94\/100|[from] item: Leftovers\n|-damage|p2a: Bzzzzt|66\/100 tox|[from] psn\n|upkeep\n|turn|13\n|\n|t:|1700884351\n|move|p2a: Bzzzzt|Tera Blast|p1a: Clodsire\n|-damage|p1a: Clodsire|80\/100\n|move|p1a: Clodsire|Stealth Rock|p2a: Bzzzzt\n|-sidestart|p2: Anne Frankkkk|move: Stealth Rock\n|\n|-heal|p1a: Clodsire|86\/100|[from] item: Leftovers\n|-damage|p2a: Bzzzzt|54\/100 tox|[from] psn\n|upkeep\n|turn|14\n|\n|t:|1700884363\n|move|p2a: Bzzzzt|Rapid Spin|p1a: Clodsire\n|-damage|p1a: Clodsire|75\/100\n|-boost|p2a: Bzzzzt|spe|1\n|-sideend|p2: Anne Frankkkk|Stealth Rock|[from] move: Rapid Spin|[of] p2a: Bzzzzt\n|move|p1a: Clodsire|Spikes|p2a: Bzzzzt\n|-sidestart|p2: Anne Frankkkk|Spikes\n|\n|-heal|p1a: Clodsire|81\/100|[from] item: Leftovers\n|-damage|p2a: Bzzzzt|36\/100 tox|[from] psn\n|upkeep\n|turn|15\n|\n|t:|1700884375\n|move|p2a: Bzzzzt|Rapid Spin|p1a: Clodsire\n|-damage|p1a: Clodsire|69\/100\n|-boost|p2a: Bzzzzt|spe|1\n|-sideend|p2: Anne Frankkkk|Spikes|[from] move: Rapid Spin|[of] p2a: Bzzzzt\n|move|p1a: Clodsire|Stealth Rock|p2a: Bzzzzt\n|-sidestart|p2: Anne Frankkkk|move: Stealth Rock\n|\n|-heal|p1a: Clodsire|76\/100|[from] item: Leftovers\n|-damage|p2a: Bzzzzt|12\/100 tox|[from] psn\n|upkeep\n|turn|16\n|\n|t:|1700884385\n|move|p2a: Bzzzzt|Rapid Spin|p1a: Clodsire\n|-damage|p1a: Clodsire|64\/100\n|-boost|p2a: Bzzzzt|spe|1\n|-sideend|p2: Anne Frankkkk|Stealth Rock|[from] move: Rapid Spin|[of] p2a: Bzzzzt\n|move|p1a: Clodsire|Recover|p1a: Clodsire\n|-heal|p1a: Clodsire|100\/100\n|\n|-damage|p2a: Bzzzzt|0 fnt|[from] psn\n|faint|p2a: Bzzzzt\n|upkeep\n|\n|t:|1700884389\n|switch|p2a: OHKO|Kyogre|100\/100\n|-weather|RainDance|[from] ability: Drizzle|[of] p2a: OHKO\n|turn|17\n|\n|t:|1700884400\n|move|p2a: OHKO|Water Spout|p1a: Clodsire\n|-supereffective|p1a: Clodsire\n|-damage|p1a: Clodsire|0 fnt\n|faint|p1a: Clodsire\n|\n|-weather|RainDance|[upkeep]\n|upkeep\n|\n|t:|1700884420\n|switch|p1a: Kyogre|Kyogre, shiny|100\/100\n|-activate|p1a: Kyogre|move: Sticky Web\n|-unboost|p1a: Kyogre|spe|1\n|turn|18\n|\n|t:|1700884427\n|switch|p2a: Misdreavius|Flutter Mane, shiny|100\/100\n|-enditem|p2a: Misdreavius|Booster Energy\n|-activate|p2a: Misdreavius|ability: Protosynthesis|[fromitem]\n|-start|p2a: Misdreavius|protosynthesisspe\n|move|p1a: Kyogre|Thunder|p2a: Misdreavius\n|-damage|p2a: Misdreavius|54\/100\n|\n|-weather|RainDance|[upkeep]\n|upkeep\n|turn|19\n|\n|t:|1700884438\n|move|p2a: Misdreavius|Moonblast|p1a: Kyogre\n|-damage|p1a: Kyogre|63\/100\n|-unboost|p1a: Kyogre|spa|1\n|move|p1a: Kyogre|Thunder|p2a: Misdreavius\n|-damage|p2a: Misdreavius|23\/100\n|\n|-weather|RainDance|[upkeep]\n|upkeep\n|turn|20\n|\n|t:|1700884448\n|move|p2a: Misdreavius|Moonblast|p1a: Kyogre\n|-damage|p1a: Kyogre|22\/100\n|-unboost|p1a: Kyogre|spa|1\n|move|p1a: Kyogre|Thunder|p2a: Misdreavius\n|-damage|p2a: Misdreavius|2\/100\n|\n|-weather|RainDance|[upkeep]\n|upkeep\n|turn|21\n|\n|t:|1700884460\n|move|p2a: Misdreavius|Moonblast|p1a: Kyogre\n|-damage|p1a: Kyogre|0 fnt\n|faint|p1a: Kyogre\n|\n|-weather|none\n|upkeep\n|\n|t:|1700884472\n|switch|p1a: Kingambit|Kingambit, M|100\/100\n|-activate|p1a: Kingambit|move: Sticky Web\n|-unboost|p1a: Kingambit|spe|1\n|-activate|p1a: Kingambit|ability: Supreme Overlord\n|-start|p1a: Kingambit|fallen3|[silent]\n|turn|22\n|\n|t:|1700884484\n|move|p2a: Misdreavius|Moonblast|p1a: Kingambit\n|-damage|p1a: Kingambit|40\/100\n|move|p1a: Kingambit|Swords Dance|p1a: Kingambit\n|-boost|p1a: Kingambit|atk|2\n|\n|upkeep\n|turn|23\n|\n|t:|1700884491\n|move|p1a: Kingambit|Sucker Punch|p2a: Misdreavius\n|-damage|p2a: Misdreavius|0 fnt\n|faint|p2a: Misdreavius\n|-end|p2a: Misdreavius|Protosynthesis|[silent]\n|-damage|p1a: Kingambit|30\/100|[from] item: Life Orb\n|\n|upkeep\n|\n|t:|1700884494\n|switch|p2a: Ice Cat|Chien-Pao|100\/100\n|-ability|p2a: Ice Cat|Sword of Ruin\n|turn|24\n|\n|t:|1700884501\n|move|p1a: Kingambit|Sucker Punch||[still]\n|-fail|p1a: Kingambit\n|move|p2a: Ice Cat|Swords Dance|p2a: Ice Cat\n|-boost|p2a: Ice Cat|atk|2\n|\n|upkeep\n|turn|25\n|\n|t:|1700884509\n|move|p2a: Ice Cat|Sucker Punch|p1a: Kingambit\n|-resisted|p1a: Kingambit\n|-damage|p1a: Kingambit|0 fnt\n|faint|p1a: Kingambit\n|-end|p1a: Kingambit|fallen3|[silent]\n|\n|upkeep\n|\n|t:|1700884517\n|switch|p1a: Zacian|Zacian-Crowned|100\/100\n|-activate|p1a: Zacian|move: Sticky Web\n|-unboost|p1a: Zacian|spe|1\n|-ability|p1a: Zacian|Intrepid Sword|boost\n|-boost|p1a: Zacian|atk|1\n|turn|26\n|\n|t:|1700884527\n|move|p2a: Ice Cat|Sacred Sword|p1a: Zacian\n|-damage|p1a: Zacian|23\/100\n|move|p1a: Zacian|Sacred Sword|p2a: Ice Cat\n|-supereffective|p2a: Ice Cat\n|-enditem|p2a: Ice Cat|Focus Sash\n|-damage|p2a: Ice Cat|1\/100\n|\n|upkeep\n|turn|27\n|\n|t:|1700884546\n|move|p2a: Ice Cat|Sacred Sword|p1a: Zacian\n|-damage|p1a: Zacian|0 fnt\n|faint|p1a: Zacian\n|\n|upkeep\n|\n|t:|1700884552\n|switch|p1a: Arceus|Arceus-Ground|100\/100\n|-activate|p1a: Arceus|move: Sticky Web\n|-unboost|p1a: Arceus|spe|1\n|turn|28\n|\n|t:|1700884562\n|-terastallize|p2a: Ice Cat|Ghost\n|move|p2a: Ice Cat|Ice Spinner|p1a: Arceus\n|-supereffective|p1a: Arceus\n|-damage|p1a: Arceus|0 fnt\n|faint|p1a: Arceus\n|\n|win|Anne Frankkkk\n|raw|chiquinhozinxx's rating: 1112 &rarr; <strong>1096<\/strong><br \/>(-16 for losing)\n|raw|Anne Frankkkk's rating: 1239 &rarr; <strong>1255<\/strong><br \/>(+16 for winning)\n","uploadtime":1700884571,"views":2,"p1id":"chiquinhozinxx","p2id":"annefrankkkk","formatid":"gen9ubers","rating":1096,"private":0,"password":""}