{"id":"gen9ubers-1992750956","p1":"Raiozin","p2":"rwsx","format":"[Gen 9] Ubers","log":"|j|\u2606Raiozin\n|j|\u2606rwsx\n|t:|1700232095\n|gametype|singles\n|player|p1|Raiozin|gambler|1051\n|player|p2|rwsx|hilbert|1014\n|teamsize|p1|6\n|teamsize|p2|6\n|gen|9\n|tier|[Gen 9] Ubers\n|rated|\n|rule|Sleep Clause Mod: Limit one foe put to sleep\n|rule|Species Clause: Limit one of each Pok\u00e9mon\n|rule|OHKO Clause: OHKO moves are banned\n|rule|Evasion Items Clause: Evasion items are banned\n|rule|Evasion Moves Clause: Evasion moves are banned\n|rule|Endless Battle Clause: Forcing endless battles is banned\n|rule|HP Percentage Mod: HP is shown in percentages\n|clearpoke\n|poke|p1|Kommo-o, M|\n|poke|p1|Chien-Pao|\n|poke|p1|Basculegion, M|\n|poke|p1|Espathra, F|\n|poke|p1|Lucario, M|\n|poke|p1|Kyogre|\n|poke|p2|Glimmora, F|\n|poke|p2|Ursaluna-Bloodmoon, M|\n|poke|p2|Regieleki|\n|poke|p2|Kyogre|\n|poke|p2|Rillaboom, M|\n|poke|p2|Ogerpon-Hearthflame, F|\n|teampreview\n|\n|t:|1700232116\n|start\n|switch|p1a: Espathra|Espathra, F|100\/100\n|switch|p2a: Glimmora|Glimmora, F|100\/100\n|turn|1\n|\n|t:|1700232133\n|-terastallize|p1a: Espathra|Ground\n|move|p1a: Espathra|Calm Mind|p1a: Espathra\n|-boost|p1a: Espathra|spa|1\n|-boost|p1a: Espathra|spd|1\n|move|p2a: Glimmora|Toxic|p1a: Espathra\n|-status|p1a: Espathra|tox\n|\n|-damage|p1a: Espathra|94\/100 tox|[from] psn\n|-ability|p1a: Espathra|Speed Boost|boost\n|-boost|p1a: Espathra|spe|1\n|upkeep\n|turn|2\n|\n|t:|1700232145\n|switch|p2a: Kyogre|Kyogre|100\/100\n|-weather|RainDance|[from] ability: Drizzle|[of] p2a: Kyogre\n|move|p1a: Espathra|Calm Mind|p1a: Espathra\n|-boost|p1a: Espathra|spa|1\n|-boost|p1a: Espathra|spd|1\n|\n|-weather|RainDance|[upkeep]\n|-damage|p1a: Espathra|82\/100 tox|[from] psn\n|-ability|p1a: Espathra|Speed Boost|boost\n|-boost|p1a: Espathra|spe|1\n|upkeep\n|turn|3\n|\n|t:|1700232164\n|-terastallize|p2a: Kyogre|Water\n|move|p1a: Espathra|Protect|p1a: Espathra\n|-singleturn|p1a: Espathra|Protect\n|move|p2a: Kyogre|Origin Pulse|p1a: Espathra\n|-activate|p1a: Espathra|move: Protect\n|\n|-weather|RainDance|[upkeep]\n|-damage|p1a: Espathra|64\/100 tox|[from] psn\n|-ability|p1a: Espathra|Speed Boost|boost\n|-boost|p1a: Espathra|spe|1\n|upkeep\n|turn|4\n|\n|t:|1700232185\n|move|p1a: Espathra|Stored Power|p2a: Kyogre\n|-damage|p2a: Kyogre|0 fnt\n|faint|p2a: Kyogre\n|\n|-weather|RainDance|[upkeep]\n|-damage|p1a: Espathra|40\/100 tox|[from] psn\n|-ability|p1a: Espathra|Speed Boost|boost\n|-boost|p1a: Espathra|spe|1\n|upkeep\n|\n|t:|1700232194\n|switch|p2a: Glimmora|Glimmora, F|100\/100\n|turn|5\n|\n|t:|1700232205\n|move|p2a: Glimmora|Protect|p2a: Glimmora\n|-singleturn|p2a: Glimmora|Protect\n|move|p1a: Espathra|Stored Power|p2a: Glimmora\n|-activate|p2a: Glimmora|move: Protect\n|\n|-weather|RainDance|[upkeep]\n|-damage|p1a: Espathra|10\/100 tox|[from] psn\n|-ability|p1a: Espathra|Speed Boost|boost\n|-boost|p1a: Espathra|spe|1\n|upkeep\n|turn|6\n|\n|t:|1700232215\n|move|p2a: Glimmora|Protect||[still]\n|-fail|p2a: Glimmora\n|move|p1a: Espathra|Stored Power|p2a: Glimmora\n|-supereffective|p2a: Glimmora\n|-damage|p2a: Glimmora|0 fnt\n|faint|p2a: Glimmora\n|\n|-weather|none\n|-damage|p1a: Espathra|0 fnt|[from] psn\n|faint|p1a: Espathra\n|upkeep\n|\n|t:|1700232235\n|switch|p1a: Chien-Pao|Chien-Pao|100\/100\n|switch|p2a: Ursaluna|Ursaluna-Bloodmoon, M|100\/100\n|-ability|p1a: Chien-Pao|Sword of Ruin\n|turn|7\n|\n|t:|1700232245\n|move|p1a: Chien-Pao|Sacred Sword|p2a: Ursaluna\n|-supereffective|p2a: Ursaluna\n|-damage|p2a: Ursaluna|25\/100\n|-damage|p1a: Chien-Pao|91\/100|[from] item: Life Orb\n|move|p2a: Ursaluna|Belly Drum||[still]\n|-fail|p2a: Ursaluna\n|\n|upkeep\n|turn|8\n|\n|t:|1700232255\n|move|p2a: Ursaluna|Protect|p2a: Ursaluna\n|-singleturn|p2a: Ursaluna|Protect\n|move|p1a: Chien-Pao|Ice Shard|p2a: Ursaluna\n|-activate|p2a: Ursaluna|move: Protect\n|\n|upkeep\n|turn|9\n|\n|t:|1700232264\n|switch|p2a: Ogerpon|Ogerpon-Hearthflame, F|100\/100\n|-ability|p2a: Ogerpon|Mold Breaker\n|move|p1a: Chien-Pao|Ice Shard|p2a: Ogerpon\n|-damage|p2a: Ogerpon|59\/100\n|-damage|p1a: Chien-Pao|81\/100|[from] item: Life Orb\n|\n|upkeep\n|turn|10\n|\n|t:|1700232275\n|move|p1a: Chien-Pao|Sacred Sword|p2a: Ogerpon\n|-damage|p2a: Ogerpon|0 fnt\n|faint|p2a: Ogerpon\n|-damage|p1a: Chien-Pao|71\/100|[from] item: Life Orb\n|\n|upkeep\n|-message|rwsx forfeited.\n|\n|win|Raiozin\n|raw|Raiozin's rating: 1051 &rarr; <strong>1080<\/strong><br \/>(+29 for winning)\n|raw|rwsx's rating: 1014 &rarr; <strong>1003<\/strong><br \/>(-11 for losing)\n|l|\u2606rwsx\n","uploadtime":1700232336,"views":11,"p1id":"raiozin","p2id":"rwsx","formatid":"gen9ubers","rating":1003,"private":0,"password":""}