{"id":"gen9ubers-1982840970","p1":"gttgffd","p2":"Aikriel","format":"[Gen 9] Ubers","log":"|j|\u2606gttgffd\n|j|\u2606Aikriel\n|t:|1699050174\n|gametype|singles\n|player|p1|gttgffd|170|1000\n|player|p2|Aikriel|steven|1068\n|teamsize|p1|6\n|teamsize|p2|6\n|gen|9\n|tier|[Gen 9] Ubers\n|rated|\n|rule|Sleep Clause Mod: Limit one foe put to sleep\n|rule|Species Clause: Limit one of each Pok\u00e9mon\n|rule|OHKO Clause: OHKO moves are banned\n|rule|Evasion Items Clause: Evasion items are banned\n|rule|Evasion Moves Clause: Evasion moves are banned\n|rule|Endless Battle Clause: Forcing endless battles is banned\n|rule|HP Percentage Mod: HP is shown in percentages\n|clearpoke\n|poke|p1|Mewtwo|\n|poke|p1|Eternatus|\n|poke|p1|Landorus-Therian, M|\n|poke|p1|Arceus-Fairy|\n|poke|p1|Skeledirge, F|\n|poke|p1|Ting-Lu|\n|poke|p2|Dragonite, M|\n|poke|p2|Flutter Mane|\n|poke|p2|Chien-Pao|\n|poke|p2|Gholdengo|\n|poke|p2|Urshifu-*, M|\n|poke|p2|Ting-Lu|\n|teampreview\n|\n|t:|1699050180\n|start\n|switch|p1a: Mewtwo|Mewtwo|100\/100\n|switch|p2a: Dragonite|Dragonite, M, shiny|100\/100\n|-ability|p1a: Mewtwo|Pressure\n|turn|1\n|\n|t:|1699050193\n|-terastallize|p2a: Dragonite|Normal\n|move|p1a: Mewtwo|Will-O-Wisp|p2a: Dragonite\n|-status|p2a: Dragonite|brn\n|move|p2a: Dragonite|Dragon Dance|p2a: Dragonite\n|-boost|p2a: Dragonite|atk|1\n|-boost|p2a: Dragonite|spe|1\n|\n|-damage|p2a: Dragonite|94\/100 brn|[from] brn\n|upkeep\n|turn|2\n|\n|t:|1699050205\n|move|p2a: Dragonite|Dragon Dance|p2a: Dragonite\n|-boost|p2a: Dragonite|atk|1\n|-boost|p2a: Dragonite|spe|1\n|move|p1a: Mewtwo|Taunt|p2a: Dragonite\n|-start|p2a: Dragonite|move: Taunt\n|\n|-heal|p2a: Dragonite|100\/100 brn|[from] item: Leftovers\n|-damage|p2a: Dragonite|94\/100 brn|[from] brn\n|upkeep\n|turn|3\n|\n|t:|1699050221\n|switch|p1a: Skeledirge|Skeledirge, F|100\/100\n|move|p2a: Dragonite|Extreme Speed|p1a: Skeledirge\n|-immune|p1a: Skeledirge\n|\n|-heal|p2a: Dragonite|100\/100 brn|[from] item: Leftovers\n|-damage|p2a: Dragonite|94\/100 brn|[from] brn\n|upkeep\n|turn|4\n|\n|t:|1699050234\n|move|p2a: Dragonite|Earthquake|p1a: Skeledirge\n|-supereffective|p1a: Skeledirge\n|-damage|p1a: Skeledirge|83\/100\n|move|p1a: Skeledirge|Hex|p2a: Dragonite\n|-immune|p2a: Dragonite\n|\n|-heal|p2a: Dragonite|100\/100 brn|[from] item: Leftovers\n|-damage|p2a: Dragonite|94\/100 brn|[from] brn\n|upkeep\n|turn|5\n|\n|t:|1699050246\n|move|p2a: Dragonite|Earthquake|p1a: Skeledirge\n|-supereffective|p1a: Skeledirge\n|-damage|p1a: Skeledirge|63\/100\n|move|p1a: Skeledirge|Torch Song|p2a: Dragonite\n|-damage|p2a: Dragonite|66\/100 brn\n|-boost|p1a: Skeledirge|spa|1\n|\n|-heal|p2a: Dragonite|72\/100 brn|[from] item: Leftovers\n|-damage|p2a: Dragonite|66\/100 brn|[from] brn\n|-end|p2a: Dragonite|move: Taunt\n|upkeep\n|turn|6\n|\n|t:|1699050260\n|move|p2a: Dragonite|Dragon Dance|p2a: Dragonite\n|-boost|p2a: Dragonite|atk|1\n|-boost|p2a: Dragonite|spe|1\n|move|p1a: Skeledirge|Torch Song|p2a: Dragonite\n|-damage|p2a: Dragonite|23\/100 brn\n|-boost|p1a: Skeledirge|spa|1\n|\n|-heal|p2a: Dragonite|30\/100 brn|[from] item: Leftovers\n|-damage|p2a: Dragonite|23\/100 brn|[from] brn\n|upkeep\n|turn|7\n|\n|t:|1699050272\n|move|p2a: Dragonite|Roost|p2a: Dragonite\n|-heal|p2a: Dragonite|73\/100 brn\n|move|p1a: Skeledirge|Torch Song|p2a: Dragonite\n|-damage|p2a: Dragonite|18\/100 brn\n|-boost|p1a: Skeledirge|spa|1\n|\n|-heal|p2a: Dragonite|24\/100 brn|[from] item: Leftovers\n|-damage|p2a: Dragonite|18\/100 brn|[from] brn\n|upkeep\n|turn|8\n|\n|t:|1699050283\n|move|p2a: Dragonite|Roost|p2a: Dragonite\n|-heal|p2a: Dragonite|68\/100 brn\n|move|p1a: Skeledirge|Torch Song|p2a: Dragonite\n|-damage|p2a: Dragonite|7\/100 brn\n|-boost|p1a: Skeledirge|spa|1\n|\n|-heal|p2a: Dragonite|13\/100 brn|[from] item: Leftovers\n|-damage|p2a: Dragonite|7\/100 brn|[from] brn\n|upkeep\n|turn|9\n|\n|t:|1699050294\n|move|p2a: Dragonite|Earthquake|p1a: Skeledirge\n|-supereffective|p1a: Skeledirge\n|-damage|p1a: Skeledirge|46\/100\n|move|p1a: Skeledirge|Slack Off|p1a: Skeledirge\n|-heal|p1a: Skeledirge|96\/100\n|\n|-heal|p2a: Dragonite|13\/100 brn|[from] item: Leftovers\n|-damage|p2a: Dragonite|7\/100 brn|[from] brn\n|upkeep\n|turn|10\n|\n|t:|1699050304\n|move|p2a: Dragonite|Extreme Speed|p1a: Skeledirge\n|-immune|p1a: Skeledirge\n|move|p1a: Skeledirge|Torch Song|p2a: Dragonite\n|-damage|p2a: Dragonite|0 fnt\n|-boost|p1a: Skeledirge|spa|1\n|faint|p2a: Dragonite\n|\n|upkeep\n|\n|t:|1699050314\n|switch|p2a: Urshifu|Urshifu-Rapid-Strike, M|100\/100\n|turn|11\n|\n|t:|1699050323\n|-terastallize|p1a: Skeledirge|Fairy\n|move|p2a: Urshifu|Swords Dance|p2a: Urshifu\n|-boost|p2a: Urshifu|atk|2\n|move|p1a: Skeledirge|Will-O-Wisp|p2a: Urshifu\n|-status|p2a: Urshifu|brn\n|\n|-damage|p2a: Urshifu|94\/100 brn|[from] brn\n|upkeep\n|turn|12\n|\n|t:|1699050334\n|move|p2a: Urshifu|Surging Strikes|p1a: Skeledirge\n|-crit|p1a: Skeledirge\n|-damage|p1a: Skeledirge|89\/100\n|-crit|p1a: Skeledirge\n|-damage|p1a: Skeledirge|83\/100\n|-crit|p1a: Skeledirge\n|-damage|p1a: Skeledirge|76\/100\n|-hitcount|p1a: Skeledirge|3\n|move|p1a: Skeledirge|Torch Song|p2a: Urshifu\n|-resisted|p2a: Urshifu\n|-damage|p2a: Urshifu|22\/100 brn\n|-boost|p1a: Skeledirge|spa|1\n|\n|-damage|p2a: Urshifu|15\/100 brn|[from] brn\n|upkeep\n|turn|13\n|\n|t:|1699050349\n|move|p2a: Urshifu|Aqua Jet|p1a: Skeledirge\n|-damage|p1a: Skeledirge|69\/100\n|move|p1a: Skeledirge|Torch Song|p2a: Urshifu\n|-resisted|p2a: Urshifu\n|-damage|p2a: Urshifu|0 fnt\n|faint|p2a: Urshifu\n|\n|upkeep\n|\n|t:|1699050360\n|switch|p2a: Flutter Mane|Flutter Mane, shiny|100\/100\n|-enditem|p2a: Flutter Mane|Booster Energy\n|-activate|p2a: Flutter Mane|ability: Protosynthesis|[fromitem]\n|-start|p2a: Flutter Mane|protosynthesisspe\n|turn|14\n|\n|t:|1699050372\n|move|p2a: Flutter Mane|Calm Mind|p2a: Flutter Mane\n|-boost|p2a: Flutter Mane|spa|1\n|-boost|p2a: Flutter Mane|spd|1\n|move|p1a: Skeledirge|Hex|p2a: Flutter Mane\n|-supereffective|p2a: Flutter Mane\n|-damage|p2a: Flutter Mane|0 fnt\n|faint|p2a: Flutter Mane\n|-end|p2a: Flutter Mane|Protosynthesis|[silent]\n|\n|upkeep\n|\n|t:|1699050381\n|switch|p2a: Chien-Pao|Chien-Pao|100\/100\n|-ability|p2a: Chien-Pao|Sword of Ruin\n|turn|15\n|\n|t:|1699050388\n|move|p2a: Chien-Pao|Sacred Sword|p1a: Skeledirge\n|-resisted|p1a: Skeledirge\n|-damage|p1a: Skeledirge|58\/100\n|move|p1a: Skeledirge|Torch Song|p2a: Chien-Pao\n|-supereffective|p2a: Chien-Pao\n|-enditem|p2a: Chien-Pao|Focus Sash\n|-damage|p2a: Chien-Pao|1\/100\n|\n|upkeep\n|turn|16\n|\n|t:|1699050398\n|move|p2a: Chien-Pao|Icicle Crash|p1a: Skeledirge\n|-damage|p1a: Skeledirge|24\/100\n|move|p1a: Skeledirge|Slack Off|p1a: Skeledirge\n|-heal|p1a: Skeledirge|74\/100\n|\n|upkeep\n|turn|17\n|\n|t:|1699050405\n|move|p2a: Chien-Pao|Icicle Crash|p1a: Skeledirge\n|-damage|p1a: Skeledirge|41\/100\n|cant|p1a: Skeledirge|flinch\n|\n|upkeep\n|turn|18\n|\n|t:|1699050413\n|move|p2a: Chien-Pao|Icicle Crash|p1a: Skeledirge\n|-damage|p1a: Skeledirge|7\/100\n|cant|p1a: Skeledirge|flinch\n|\n|upkeep\n|turn|19\n|-message|gttgffd forfeited.\n|\n|win|Aikriel\n|raw|gttgffd's rating: 1000 &rarr; <strong>1000<\/strong><br \/>(+0 for losing)\n|raw|Aikriel's rating: 1068 &rarr; <strong>1092<\/strong><br \/>(+24 for winning)\n|l|\u2606gttgffd\n","uploadtime":1699050431,"views":5,"p1id":"gttgffd","p2id":"aikriel","formatid":"gen9ubers","rating":1000,"private":0,"password":""}