{"id":"gen9ubers-1970295828","p1":"Shell7","p2":"Legenda_067","format":"[Gen 9] Ubers","log":"|j|\u2606Shell7\n|j|\u2606Legenda_067\n|t:|1697623846\n|gametype|singles\n|player|p1|Shell7|265|1112\n|player|p2|Legenda_067|gentleman-gen4|1040\n|teamsize|p1|6\n|teamsize|p2|6\n|gen|9\n|tier|[Gen 9] Ubers\n|rated|\n|rule|Sleep Clause Mod: Limit one foe put to sleep\n|rule|Species Clause: Limit one of each Pok\u00e9mon\n|rule|OHKO Clause: OHKO moves are banned\n|rule|Evasion Items Clause: Evasion items are banned\n|rule|Evasion Moves Clause: Evasion moves are banned\n|rule|Endless Battle Clause: Forcing endless battles is banned\n|rule|HP Percentage Mod: HP is shown in percentages\n|clearpoke\n|poke|p1|Palkia|\n|poke|p1|Dialga|\n|poke|p1|Mewtwo|\n|poke|p1|Miraidon|\n|poke|p1|Iron Bundle|\n|poke|p1|Shaymin-Sky|\n|poke|p2|Koraidon|\n|poke|p2|Roaring Moon|\n|poke|p2|Flutter Mane|\n|poke|p2|Great Tusk|\n|poke|p2|Garchomp, F|\n|poke|p2|Charizard, F|\n|teampreview\n|\n|t:|1697623855\n|start\n|switch|p1a: Miraidon|Miraidon|100\/100\n|switch|p2a: Great Tusk|Great Tusk, shiny|100\/100\n|-fieldstart|move: Electric Terrain|[from] ability: Hadron Engine|[of] p1a: Miraidon\n|turn|1\n|\n|t:|1697623868\n|switch|p1a: Shaymin|Shaymin-Sky|100\/100\n|move|p2a: Great Tusk|Headlong Rush|p1a: Shaymin\n|-immune|p1a: Shaymin\n|\n|upkeep\n|turn|2\n|\n|t:|1697623875\n|move|p1a: Shaymin|Air Slash|p2a: Great Tusk\n|-supereffective|p2a: Great Tusk\n|-damage|p2a: Great Tusk|0 fnt\n|faint|p2a: Great Tusk\n|-end|p2a: Great Tusk|Protosynthesis|[silent]\n|\n|upkeep\n|inactive|Battle timer is ON: inactive players will automatically lose when time's up. (requested by Shell7)\n|\n|t:|1697623882\n|switch|p2a: Charizard|Charizard, F, shiny|100\/100\n|turn|3\n|\n|t:|1697623889\n|switch|p1a: Iron Bundle|Iron Bundle|100\/100\n|-activate|p1a: Iron Bundle|ability: Quark Drive\n|-start|p1a: Iron Bundle|quarkdrivespe\n|move|p2a: Charizard|Fire Blast|p1a: Iron Bundle\n|-damage|p1a: Iron Bundle|4\/100\n|\n|upkeep\n|turn|4\n|inactive|Legenda_067 has 120 seconds left.\n|\n|t:|1697623938\n|switch|p2a: Flutter Mane|Flutter Mane, shiny|100\/100\n|move|p1a: Iron Bundle|Hydro Pump|p2a: Flutter Mane|[miss]\n|-miss|p1a: Iron Bundle|p2a: Flutter Mane\n|\n|upkeep\n|turn|5\n|\n|t:|1697623951\n|move|p1a: Iron Bundle|Ice Beam|p2a: Flutter Mane\n|-damage|p2a: Flutter Mane|53\/100\n|move|p2a: Flutter Mane|Shadow Ball|p1a: Iron Bundle\n|-crit|p1a: Iron Bundle\n|-damage|p1a: Iron Bundle|0 fnt\n|faint|p1a: Iron Bundle\n|-end|p1a: Iron Bundle|Quark Drive|[silent]\n|\n|-fieldend|move: Electric Terrain\n|upkeep\n|\n|t:|1697623966\n|switch|p1a: Miraidon|Miraidon|100\/100\n|-fieldstart|move: Electric Terrain|[from] ability: Hadron Engine|[of] p1a: Miraidon\n|turn|6\n|inactive|Legenda_067 has 120 seconds left.\n|\n|t:|1697623973\n|-end|p2a: Flutter Mane|Protosynthesis|[silent]\n|switch|p2a: Koraidon|Koraidon|100\/100\n|-weather|SunnyDay|[from] ability: Orichalcum Pulse|[of] p2a: Koraidon\n|-activate|p2a: Koraidon|Orichalcum Pulse|[source]\n|move|p1a: Miraidon|Electro Drift|p2a: Koraidon\n|-resisted|p2a: Koraidon\n|-damage|p2a: Koraidon|54\/100\n|\n|-weather|SunnyDay|[upkeep]\n|upkeep\n|turn|7\n|-message|Legenda_067 forfeited.\n|\n|win|Shell7\n|raw|Shell7's rating: 1112 &rarr; <strong>1132<\/strong><br \/>(+20 for winning)\n|raw|Legenda_067's rating: 1040 &rarr; <strong>1027<\/strong><br \/>(-13 for losing)\n|l|\u2606Legenda_067\n","uploadtime":1697623986,"views":11,"p1id":"shell7","p2id":"legenda067","formatid":"gen9ubers","rating":1027,"private":0,"password":""}