{"id":"gen9ubers-1992846534","p1":"Theminals","p2":"Niconicolebest","format":"[Gen 9] Ubers","log":"|j|\u2606Theminals\n|j|\u2606Niconicolebest\n|t:|1700240525\n|gametype|singles\n|player|p1|Theminals|depotagent|\n|player|p2|Niconicolebest|266|\n|teamsize|p1|6\n|teamsize|p2|6\n|gen|9\n|tier|[Gen 9] Ubers\n|rule|Sleep Clause Mod: Limit one foe put to sleep\n|rule|Species Clause: Limit one of each Pok\u00e9mon\n|rule|OHKO Clause: OHKO moves are banned\n|rule|Evasion Items Clause: Evasion items are banned\n|rule|Evasion Moves Clause: Evasion moves are banned\n|rule|Endless Battle Clause: Forcing endless battles is banned\n|rule|HP Percentage Mod: HP is shown in percentages\n|clearpoke\n|poke|p1|Magearna|\n|poke|p1|Palkia-Origin|\n|poke|p1|Zacian-*|\n|poke|p1|Urshifu-*, M|\n|poke|p1|Chi-Yu|\n|poke|p1|Weezing-Galar, F|\n|poke|p2|Ninetales-Alola, F|\n|poke|p2|Baxcalibur, F|\n|poke|p2|Magearna|\n|poke|p2|Volcarona, M|\n|poke|p2|Sneasler, F|\n|poke|p2|Palkia-Origin|\n|teampreview\n|inactive|Battle timer is ON: inactive players will automatically lose when time's up. (requested by Niconicolebest)\n|\n|t:|1700240534\n|start\n|switch|p1a: Chi-Yu|Chi-Yu|100\/100\n|switch|p2a: want to be para'd?|Palkia-Origin|100\/100\n|-ability|p1a: Chi-Yu|Beads of Ruin\n|-ability|p2a: want to be para'd?|Pressure\n|turn|1\n|\n|t:|1700240543\n|-terastallize|p1a: Chi-Yu|Fairy\n|move|p1a: Chi-Yu|Tera Blast|p2a: want to be para'd?|[anim] Tera Blast Fairy\n|-supereffective|p2a: want to be para'd?\n|-damage|p2a: want to be para'd?|0 fnt\n|faint|p2a: want to be para'd?\n|\n|upkeep\n|\n|t:|1700240571\n|switch|p2a: yummy snow|Baxcalibur, F|100\/100\n|turn|2\n|inactive|Niconicolebest has 270 seconds left.\n|\n|t:|1700240589\n|switch|p1a: Weezing|Weezing-Galar, F|100\/100\n|-ability|p1a: Weezing|Neutralizing Gas\n|move|p2a: yummy snow|Ice Shard|p1a: Weezing\n|-damage|p1a: Weezing|83\/100\n|\n|upkeep\n|turn|3\n|inactive|Niconicolebest has 270 seconds left.\n|\n|t:|1700240601\n|move|p2a: yummy snow|Earthquake|p1a: Weezing\n|-supereffective|p1a: Weezing\n|-damage|p1a: Weezing|22\/100\n|move|p1a: Weezing|Toxic|p2a: yummy snow\n|-status|p2a: yummy snow|tox\n|\n|-damage|p2a: yummy snow|94\/100 tox|[from] psn\n|upkeep\n|turn|4\n|\n|t:|1700240608\n|move|p2a: yummy snow|Dragon Dance|p2a: yummy snow\n|-boost|p2a: yummy snow|atk|1\n|-boost|p2a: yummy snow|spe|1\n|move|p1a: Weezing|Pain Split|p2a: yummy snow\n|-sethp|p2a: yummy snow|57\/100 tox|[from] move: Pain Split|[silent]\n|-sethp|p1a: Weezing|64\/100|[from] move: Pain Split\n|\n|-damage|p2a: yummy snow|45\/100 tox|[from] psn\n|upkeep\n|turn|5\n|\n|t:|1700240614\n|move|p2a: yummy snow|Earthquake|p1a: Weezing\n|-supereffective|p1a: Weezing\n|-damage|p1a: Weezing|0 fnt\n|faint|p1a: Weezing\n|-end|p1a: Weezing|ability: Neutralizing Gas\n|\n|-damage|p2a: yummy snow|26\/100 tox|[from] psn\n|upkeep\n|\n|t:|1700240617\n|switch|p1a: Urshifu|Urshifu, M|100\/100\n|turn|6\n|\n|t:|1700240621\n|move|p2a: yummy snow|Ice Shard|p1a: Urshifu\n|-damage|p1a: Urshifu|63\/100\n|move|p1a: Urshifu|Sucker Punch||[still]\n|-fail|p1a: Urshifu\n|\n|-damage|p2a: yummy snow|1\/100 tox|[from] psn\n|upkeep\n|turn|7\n|\n|t:|1700240631\n|move|p2a: yummy snow|Ice Shard|p1a: Urshifu\n|-damage|p1a: Urshifu|23\/100\n|move|p1a: Urshifu|Sucker Punch||[still]\n|-fail|p1a: Urshifu\n|\n|-damage|p2a: yummy snow|0 fnt|[from] psn\n|faint|p2a: yummy snow\n|upkeep\n|\n|t:|1700240653\n|switch|p2a: Why not original?|Magearna|100\/100\n|turn|8\n|\n|t:|1700240666\n|switch|p1a: Chi-Yu|Chi-Yu, tera:Fairy|100\/100\n|-ability|p1a: Chi-Yu|Beads of Ruin\n|move|p2a: Why not original?|Shift Gear|p2a: Why not original?\n|-boost|p2a: Why not original?|spe|2\n|-boost|p2a: Why not original?|atk|1\n|\n|upkeep\n|turn|9\n|\n|t:|1700240674\n|-terastallize|p2a: Why not original?|Psychic\n|move|p1a: Chi-Yu|Flamethrower|p2a: Why not original?\n|-crit|p2a: Why not original?\n|-damage|p2a: Why not original?|28\/100\n|move|p2a: Why not original?|Shift Gear|p2a: Why not original?\n|-boost|p2a: Why not original?|spe|2\n|-boost|p2a: Why not original?|atk|1\n|\n|-heal|p2a: Why not original?|34\/100|[from] item: Leftovers\n|upkeep\n|turn|10\n|\n|t:|1700240680\n|move|p2a: Why not original?|Stored Power|p1a: Chi-Yu\n|-damage|p1a: Chi-Yu|26\/100\n|move|p1a: Chi-Yu|Flamethrower|p2a: Why not original?\n|-damage|p2a: Why not original?|0 fnt\n|faint|p2a: Why not original?\n|\n|upkeep\n|\n|t:|1700240686\n|switch|p2a: beeeg|Sneasler, F|100\/100\n|turn|11\n|\n|t:|1700240691\n|move|p1a: Chi-Yu|Flamethrower|p2a: beeeg\n|-damage|p2a: beeeg|12\/100\n|move|p2a: beeeg|Dire Claw|p1a: Chi-Yu\n|-supereffective|p1a: Chi-Yu\n|-damage|p1a: Chi-Yu|0 fnt\n|faint|p1a: Chi-Yu\n|\n|upkeep\n|\n|t:|1700240697\n|switch|p1a: Urshifu|Urshifu, M|23\/100\n|turn|12\n|\n|t:|1700240705\n|move|p2a: beeeg|Acrobatics|p1a: Urshifu\n|-supereffective|p1a: Urshifu\n|-damage|p1a: Urshifu|0 fnt\n|faint|p1a: Urshifu\n|\n|upkeep\n|\n|t:|1700240714\n|switch|p1a: Zacian|Zacian|100\/100\n|-ability|p1a: Zacian|Intrepid Sword|boost\n|-boost|p1a: Zacian|atk|1\n|turn|13\n|\n|t:|1700240732\n|move|p1a: Zacian|Play Rough|p2a: beeeg\n|-damage|p2a: beeeg|0 fnt\n|faint|p2a: beeeg\n|\n|upkeep\n|\n|t:|1700240739\n|switch|p2a: lol screens|Ninetales-Alola, F|100\/100\n|-weather|Snow|[from] ability: Snow Warning|[of] p2a: lol screens\n|turn|14\n|\n|t:|1700240742\n|move|p1a: Zacian|Play Rough|p2a: lol screens\n|-damage|p2a: lol screens|0 fnt\n|faint|p2a: lol screens\n|\n|-weather|Snow|[upkeep]\n|upkeep\n|\n|t:|1700240746\n|switch|p2a: worst\/better moth|Volcarona, M|100\/100\n|turn|15\n|\n|t:|1700240750\n|move|p1a: Zacian|Play Rough|p2a: worst\/better moth\n|-resisted|p2a: worst\/better moth\n|-damage|p2a: worst\/better moth|23\/100\n|move|p2a: worst\/better moth|Substitute|p2a: worst\/better moth\n|-fail|p2a: worst\/better moth|move: Substitute|[weak]\n|\n|-weather|Snow|[upkeep]\n|-heal|p2a: worst\/better moth|29\/100|[from] item: Leftovers\n|upkeep\n|turn|16\n|\n|t:|1700240758\n|move|p1a: Zacian|Play Rough|p2a: worst\/better moth\n|-resisted|p2a: worst\/better moth\n|-damage|p2a: worst\/better moth|0 fnt\n|faint|p2a: worst\/better moth\n|\n|win|Theminals\n|l|\u2606Niconicolebest\n|j|\u2606Niconicolebest\n|player|p2|Niconicolebest|266\n","uploadtime":1700240767,"views":29,"p1id":"theminals","p2id":"niconicolebest","formatid":"gen9ubers","rating":0,"private":0,"password":""}