{"id":"gen9ubers-1987374640","p1":"boi in the back","p2":"PicoleSexy","format":"[Gen 9] Ubers","log":"|j|\u2606boi in the back\n|j|\u2606PicoleSexy\n|t:|1699583348\n|gametype|singles\n|player|p1|boi in the back|arven-v|1118\n|player|p2|PicoleSexy|harlequin|1178\n|teamsize|p1|6\n|teamsize|p2|6\n|gen|9\n|tier|[Gen 9] Ubers\n|rated|\n|rule|Sleep Clause Mod: Limit one foe put to sleep\n|rule|Species Clause: Limit one of each Pok\u00e9mon\n|rule|OHKO Clause: OHKO moves are banned\n|rule|Evasion Items Clause: Evasion items are banned\n|rule|Evasion Moves Clause: Evasion moves are banned\n|rule|Endless Battle Clause: Forcing endless battles is banned\n|rule|HP Percentage Mod: HP is shown in percentages\n|clearpoke\n|poke|p1|Rotom-Wash|\n|poke|p1|Flutter Mane|\n|poke|p1|Calyrex-Ice|\n|poke|p1|Great Tusk|\n|poke|p1|Chien-Pao|\n|poke|p1|Ting-Lu|\n|poke|p2|Masquerain, F|\n|poke|p2|Espathra, M|\n|poke|p2|Miraidon|\n|poke|p2|Iron Treads|\n|poke|p2|Zoroark-Hisui, F|\n|poke|p2|Iron Valiant|\n|teampreview\n|inactive|Battle timer is ON: inactive players will automatically lose when time's up. (requested by boi in the back)\n|\n|t:|1699583362\n|start\n|switch|p1a: Rotom|Rotom-Wash|100\/100\n|switch|p2a: Masquerain|Masquerain, F, shiny|100\/100\n|-ability|p2a: Masquerain|Intimidate|boost\n|-unboost|p1a: Rotom|atk|1\n|turn|1\n|\n|t:|1699583368\n|move|p1a: Rotom|Trick|p2a: Masquerain\n|-activate|p1a: Rotom|move: Trick|[of] p2a: Masquerain\n|-item|p2a: Masquerain|Choice Scarf|[from] move: Trick\n|-item|p1a: Rotom|Focus Sash|[from] move: Trick\n|move|p2a: Masquerain|Sticky Web|p1a: Rotom\n|-sidestart|p1: boi in the back|move: Sticky Web\n|\n|upkeep\n|turn|2\n|\n|t:|1699583378\n|switch|p2a: Miraidon|Miraidon|100\/100\n|-fieldstart|move: Electric Terrain|[from] ability: Hadron Engine|[of] p2a: Miraidon\n|-item|p2a: Miraidon|Air Balloon\n|move|p1a: Rotom|Will-O-Wisp|p2a: Miraidon\n|-status|p2a: Miraidon|brn\n|\n|-damage|p2a: Miraidon|94\/100 brn|[from] brn\n|upkeep\n|turn|3\n|\n|t:|1699583389\n|move|p2a: Miraidon|Draco Meteor|p1a: Rotom\n|-damage|p1a: Rotom|16\/100\n|-unboost|p2a: Miraidon|spa|2\n|move|p1a: Rotom|Volt Switch|p2a: Miraidon\n|-resisted|p2a: Miraidon\n|-crit|p2a: Miraidon\n|-damage|p2a: Miraidon|86\/100 brn\n|-enditem|p2a: Miraidon|Air Balloon\n|\n|t:|1699583393\n|switch|p1a: Great Tusk|Great Tusk|100\/100|[from] Volt Switch\n|-activate|p1a: Great Tusk|move: Sticky Web\n|-unboost|p1a: Great Tusk|spe|1\n|\n|-damage|p2a: Miraidon|80\/100 brn|[from] brn\n|upkeep\n|turn|4\n|\n|t:|1699583401\n|switch|p2a: Iron Valiant|Iron Valiant|100\/100\n|-activate|p2a: Iron Valiant|ability: Quark Drive\n|-start|p2a: Iron Valiant|quarkdrivespe\n|move|p1a: Great Tusk|Rapid Spin|p2a: Iron Valiant\n|-damage|p2a: Iron Valiant|82\/100\n|-boost|p1a: Great Tusk|spe|1\n|-sideend|p1: boi in the back|Sticky Web|[from] move: Rapid Spin|[of] p1a: Great Tusk\n|\n|upkeep\n|turn|5\n|\n|t:|1699583415\n|move|p2a: Iron Valiant|Spirit Break|p1a: Great Tusk\n|-supereffective|p1a: Great Tusk\n|-damage|p1a: Great Tusk|56\/100\n|-unboost|p1a: Great Tusk|spa|1\n|move|p1a: Great Tusk|Rapid Spin|p2a: Iron Valiant\n|-damage|p2a: Iron Valiant|61\/100\n|-boost|p1a: Great Tusk|spe|1\n|\n|-heal|p1a: Great Tusk|62\/100|[from] item: Leftovers\n|upkeep\n|turn|6\n|\n|t:|1699583433\n|-terastallize|p2a: Iron Valiant|Water\n|move|p2a: Iron Valiant|Liquidation|p1a: Great Tusk\n|-supereffective|p1a: Great Tusk\n|-damage|p1a: Great Tusk|5\/100\n|move|p1a: Great Tusk|Rapid Spin|p2a: Iron Valiant\n|-damage|p2a: Iron Valiant|43\/100\n|-boost|p1a: Great Tusk|spe|1\n|\n|-heal|p1a: Great Tusk|11\/100|[from] item: Leftovers\n|-fieldend|move: Electric Terrain\n|-end|p2a: Iron Valiant|Quark Drive\n|upkeep\n|-enditem|p2a: Iron Valiant|Booster Energy\n|-activate|p2a: Iron Valiant|ability: Quark Drive|[fromitem]\n|-start|p2a: Iron Valiant|quarkdrivespe\n|turn|7\n|\n|t:|1699583449\n|move|p1a: Great Tusk|Body Press|p2a: Iron Valiant\n|-damage|p2a: Iron Valiant|0 fnt\n|faint|p2a: Iron Valiant\n|-end|p2a: Iron Valiant|Quark Drive|[silent]\n|\n|-heal|p1a: Great Tusk|17\/100|[from] item: Leftovers\n|upkeep\n|\n|t:|1699583458\n|switch|p2a: Espathra|Espathra, M, shiny|100\/100\n|turn|8\n|\n|t:|1699583464\n|move|p1a: Great Tusk|Bulk Up|p1a: Great Tusk\n|-boost|p1a: Great Tusk|atk|1\n|-boost|p1a: Great Tusk|def|1\n|move|p2a: Espathra|Hyper Voice|p1a: Great Tusk\n|-damage|p1a: Great Tusk|0 fnt\n|faint|p1a: Great Tusk\n|-end|p1a: Great Tusk|Protosynthesis|[silent]\n|\n|upkeep\n|\n|t:|1699583469\n|switch|p1a: Ting-Lu|Ting-Lu|100\/100\n|-ability|p1a: Ting-Lu|Vessel of Ruin\n|turn|9\n|\n|t:|1699583477\n|switch|p2a: Masquerain|Masquerain, F, shiny|100\/100\n|-ability|p2a: Masquerain|Intimidate|boost\n|-unboost|p1a: Ting-Lu|atk|1\n|move|p1a: Ting-Lu|Stealth Rock|p2a: Masquerain\n|-sidestart|p2: PicoleSexy|move: Stealth Rock\n|\n|upkeep\n|turn|10\n|inactive|boi in the back has 120 seconds left.\n|\n|t:|1699583522\n|move|p2a: Masquerain|Sticky Web|p1a: Ting-Lu\n|-sidestart|p1: boi in the back|move: Sticky Web\n|move|p1a: Ting-Lu|Whirlwind|p2a: Masquerain\n|drag|p2a: Miraidon|Miraidon|80\/100 brn\n|-damage|p2a: Miraidon|68\/100 brn|[from] Stealth Rock\n|-fieldstart|move: Electric Terrain|[from] ability: Hadron Engine|[of] p2a: Miraidon\n|\n|-damage|p2a: Miraidon|62\/100 brn|[from] brn\n|upkeep\n|turn|11\n|\n|t:|1699583535\n|switch|p2a: Masquerain|Masquerain, F, shiny|100\/100\n|-damage|p2a: Masquerain|51\/100|[from] Stealth Rock\n|-ability|p2a: Masquerain|Intimidate|boost\n|-unboost|p1a: Ting-Lu|atk|1\n|move|p1a: Ting-Lu|Whirlwind|p2a: Masquerain\n|drag|p2a: Iron Treads|Iron Treads|100\/100\n|-damage|p2a: Iron Treads|97\/100|[from] Stealth Rock\n|-activate|p2a: Iron Treads|ability: Quark Drive\n|-start|p2a: Iron Treads|quarkdrivespe\n|\n|-heal|p2a: Iron Treads|100\/100|[from] item: Leftovers\n|upkeep\n|turn|12\n|\n|t:|1699583548\n|move|p2a: Iron Treads|Rapid Spin|p1a: Ting-Lu\n|-crit|p1a: Ting-Lu\n|-damage|p1a: Ting-Lu|89\/100\n|-boost|p2a: Iron Treads|spe|1\n|-sideend|p2: PicoleSexy|Stealth Rock|[from] move: Rapid Spin|[of] p2a: Iron Treads\n|-enditem|p1a: Ting-Lu|Eject Button\n|inactive|boi in the back has 120 seconds left.\n|\n|t:|1699583563\n|switch|p1a: Rotom|Rotom-Wash|16\/100\n|\n|upkeep\n|turn|13\n|\n|t:|1699583580\n|move|p2a: Iron Treads|Rapid Spin|p1a: Rotom\n|-damage|p1a: Rotom|3\/100\n|-boost|p2a: Iron Treads|spe|1\n|move|p1a: Rotom|Trick|p2a: Iron Treads\n|-activate|p1a: Rotom|move: Trick|[of] p2a: Iron Treads\n|-item|p2a: Iron Treads|Focus Sash|[from] move: Trick\n|-item|p1a: Rotom|Leftovers|[from] move: Trick\n|\n|-heal|p1a: Rotom|9\/100|[from] item: Leftovers\n|upkeep\n|turn|14\n|\n|t:|1699583590\n|move|p2a: Iron Treads|Rapid Spin|p1a: Rotom\n|-damage|p1a: Rotom|0 fnt\n|-boost|p2a: Iron Treads|spe|1\n|faint|p1a: Rotom\n|\n|-fieldend|move: Electric Terrain\n|-end|p2a: Iron Treads|Quark Drive\n|upkeep\n|\n|t:|1699583595\n|switch|p1a: Calyrex|Calyrex-Ice|100\/100\n|-ability|p1a: Calyrex|As One\n|-ability|p1a: Calyrex|Unnerve\n|turn|15\n|\n|t:|1699583602\n|-terastallize|p1a: Calyrex|Fire\n|move|p2a: Iron Treads|Earthquake|p1a: Calyrex\n|-supereffective|p1a: Calyrex\n|-damage|p1a: Calyrex|59\/100\n|move|p1a: Calyrex|Trick Room|p1a: Calyrex\n|-fieldstart|move: Trick Room|[of] p1a: Calyrex\n|\n|upkeep\n|turn|16\n|\n|t:|1699583615\n|move|p1a: Calyrex|Swords Dance|p1a: Calyrex\n|-boost|p1a: Calyrex|atk|2\n|move|p2a: Iron Treads|Earthquake|p1a: Calyrex\n|-supereffective|p1a: Calyrex\n|-damage|p1a: Calyrex|11\/100\n|\n|upkeep\n|turn|17\n|\n|t:|1699583622\n|move|p1a: Calyrex|High Horsepower|p2a: Iron Treads\n|-supereffective|p2a: Iron Treads\n|-enditem|p2a: Iron Treads|Focus Sash\n|-damage|p2a: Iron Treads|1\/100\n|move|p2a: Iron Treads|Earthquake|p1a: Calyrex\n|-supereffective|p1a: Calyrex\n|-damage|p1a: Calyrex|0 fnt\n|faint|p1a: Calyrex\n|\n|upkeep\n|\n|t:|1699583630\n|switch|p1a: Ting-Lu|Ting-Lu|89\/100\n|-activate|p1a: Ting-Lu|move: Sticky Web\n|-unboost|p1a: Ting-Lu|spe|1\n|-ability|p1a: Ting-Lu|Vessel of Ruin\n|turn|18\n|c|\u2606PicoleSexy|LOL\n|\n|t:|1699583636\n|move|p2a: Iron Treads|Rapid Spin|p1a: Ting-Lu\n|-damage|p1a: Ting-Lu|82\/100\n|-boost|p2a: Iron Treads|spe|1\n|move|p1a: Ting-Lu|Whirlwind|p2a: Iron Treads\n|-end|p2a: Iron Treads|Quark Drive|[silent]\n|drag|p2a: Miraidon|Miraidon|62\/100 brn\n|-fieldstart|move: Electric Terrain|[from] ability: Hadron Engine|[of] p2a: Miraidon\n|\n|-damage|p2a: Miraidon|56\/100 brn|[from] brn\n|upkeep\n|turn|19\n|\n|t:|1699583649\n|move|p1a: Ting-Lu|Stealth Rock|p2a: Miraidon\n|-sidestart|p2: PicoleSexy|move: Stealth Rock\n|move|p2a: Miraidon|Draco Meteor|p1a: Ting-Lu\n|-damage|p1a: Ting-Lu|44\/100\n|-unboost|p2a: Miraidon|spa|2\n|\n|-damage|p2a: Miraidon|49\/100 brn|[from] brn\n|-fieldend|move: Trick Room\n|upkeep\n|turn|20\n|\n|t:|1699583676\n|switch|p2a: Espathra|Espathra, M, shiny|100\/100\n|-damage|p2a: Espathra|88\/100|[from] Stealth Rock\n|move|p1a: Ting-Lu|Earthquake|p2a: Espathra\n|-damage|p2a: Espathra|14\/100\n|replace|p2a: Zoroark|Zoroark-Hisui, F, shiny\n|-end|p2a: Zoroark|Illusion\n|\n|upkeep\n|turn|21\n|\n|t:|1699583688\n|move|p2a: Zoroark|Hyper Voice|p1a: Ting-Lu\n|-damage|p1a: Ting-Lu|15\/100\n|move|p1a: Ting-Lu|Whirlwind|p2a: Zoroark\n|drag|p2a: Iron Treads|Iron Treads|1\/100\n|-damage|p2a: Iron Treads|0 fnt|[from] Stealth Rock\n|faint|p2a: Iron Treads\n|-end|p2a: Iron Treads|Quark Drive|[silent]\n|\n|upkeep\n|\n|t:|1699583695\n|switch|p2a: Masquerain|Masquerain, F, shiny|51\/100\n|-damage|p2a: Masquerain|1\/100|[from] Stealth Rock\n|-ability|p2a: Masquerain|Intimidate|boost\n|-unboost|p1a: Ting-Lu|atk|1\n|turn|22\n|\n|t:|1699583699\n|move|p2a: Masquerain|U-turn|p1a: Ting-Lu\n|-supereffective|p1a: Ting-Lu\n|-damage|p1a: Ting-Lu|0 fnt\n|faint|p1a: Ting-Lu\n|\n|t:|1699583703\n|switch|p2a: Espathra|Espathra, M, shiny|100\/100|[from] U-turn\n|-damage|p2a: Espathra|88\/100|[from] Stealth Rock\n|-enditem|p2a: Espathra|Electric Seed\n|-boost|p2a: Espathra|def|1|[from] item: Electric Seed\n|\n|-fieldend|move: Electric Terrain\n|upkeep\n|\n|t:|1699583710\n|switch|p1a: Flutter Mane|Flutter Mane|100\/100\n|-activate|p1a: Flutter Mane|move: Sticky Web\n|-unboost|p1a: Flutter Mane|spe|1\n|turn|23\n|\n|t:|1699583721\n|move|p2a: Espathra|Roost|p2a: Espathra\n|-heal|p2a: Espathra|100\/100\n|-singleturn|p2a: Espathra|move: Roost\n|move|p1a: Flutter Mane|Shadow Ball|p2a: Espathra\n|-supereffective|p2a: Espathra\n|-damage|p2a: Espathra|0 fnt\n|faint|p2a: Espathra\n|\n|upkeep\n|\n|t:|1699583729\n|switch|p2a: Masquerain|Masquerain, F, shiny|14\/100\n|-damage|p2a: Masquerain|1\/100|[from] Stealth Rock\n|turn|24\n|\n|t:|1699583734\n|-end|p1a: Flutter Mane|Protosynthesis|[silent]\n|switch|p1a: Chien-Pao|Chien-Pao|100\/100\n|-activate|p1a: Chien-Pao|move: Sticky Web\n|-unboost|p1a: Chien-Pao|spe|1\n|-ability|p1a: Chien-Pao|Sword of Ruin\n|move|p2a: Masquerain|Shadow Ball|p1a: Chien-Pao\n|-resisted|p1a: Chien-Pao\n|-damage|p1a: Chien-Pao|54\/100\n|-unboost|p1a: Chien-Pao|spd|1\n|\n|upkeep\n|turn|25\n|\n|t:|1699583743\n|move|p1a: Chien-Pao|Sucker Punch|p2a: Masquerain\n|-supereffective|p2a: Masquerain\n|-damage|p2a: Masquerain|0 fnt\n|replace|p2a: Zoroark|Zoroark-Hisui, F, shiny\n|-end|p2a: Zoroark|Illusion\n|faint|p2a: Zoroark\n|-damage|p1a: Chien-Pao|44\/100|[from] item: Life Orb\n|\n|upkeep\n|\n|t:|1699583746\n|switch|p2a: Miraidon|Miraidon|49\/100 brn\n|-damage|p2a: Miraidon|37\/100 brn|[from] Stealth Rock\n|-fieldstart|move: Electric Terrain|[from] ability: Hadron Engine|[of] p2a: Miraidon\n|turn|26\n|\n|t:|1699583756\n|move|p1a: Chien-Pao|Ice Shard|p2a: Miraidon\n|-supereffective|p2a: Miraidon\n|-damage|p2a: Miraidon|0 fnt\n|faint|p2a: Miraidon\n|-damage|p1a: Chien-Pao|34\/100|[from] item: Life Orb\n|\n|upkeep\n|\n|t:|1699583760\n|switch|p2a: Masquerain|Masquerain, F, shiny|1\/100\n|-damage|p2a: Masquerain|0 fnt|[from] Stealth Rock\n|faint|p2a: Masquerain\n|\n|win|boi in the back\n|raw|boi in the back's rating: 1118 &rarr; <strong>1147<\/strong><br \/>(+29 for winning)\n|raw|PicoleSexy's rating: 1178 &rarr; <strong>1149<\/strong><br \/>(-29 for losing)\n|c|\u2606PicoleSexy|gg\n","uploadtime":1699583766,"views":4,"p1id":"boiintheback","p2id":"picolesexy","formatid":"gen9ubers","rating":1147,"private":0,"password":""}