{"id":"gen9ubers-1983426608","p1":"sanner889","p2":"LITLE0","format":"[Gen 9] Ubers","log":"|j|\u2606sanner889\n|j|\u2606LITLE0\n|t:|1699128933\n|gametype|singles\n|player|p1|sanner889|2|1104\n|player|p2|LITLE0|brock|1259\n|teamsize|p1|6\n|teamsize|p2|6\n|gen|9\n|tier|[Gen 9] Ubers\n|rated|\n|rule|Sleep Clause Mod: Limit one foe put to sleep\n|rule|Species Clause: Limit one of each Pok\u00e9mon\n|rule|OHKO Clause: OHKO moves are banned\n|rule|Evasion Items Clause: Evasion items are banned\n|rule|Evasion Moves Clause: Evasion moves are banned\n|rule|Endless Battle Clause: Forcing endless battles is banned\n|rule|HP Percentage Mod: HP is shown in percentages\n|clearpoke\n|poke|p1|Tyranitar, M|\n|poke|p1|Toxapex, F|\n|poke|p1|Lucario, F|\n|poke|p1|Charizard, M|\n|poke|p1|Rillaboom, F|\n|poke|p1|Baxcalibur, M|\n|poke|p2|Blissey, F|\n|poke|p2|Dondozo, M|\n|poke|p2|Flutter Mane|\n|poke|p2|Koraidon|\n|poke|p2|Torkoal, M|\n|poke|p2|Kingambit, M|\n|teampreview\n|\n|t:|1699128958\n|start\n|switch|p1a: Baxcalibur|Baxcalibur, M|100\/100\n|switch|p2a: Torkoal|Torkoal, M|100\/100\n|-weather|SunnyDay|[from] ability: Drought|[of] p2a: Torkoal\n|turn|1\n|\n|t:|1699128968\n|switch|p1a: Toxapex|Toxapex, F|100\/100\n|move|p2a: Torkoal|Yawn|p1a: Toxapex\n|-start|p1a: Toxapex|move: Yawn|[of] p2a: Torkoal\n|\n|-weather|SunnyDay|[upkeep]\n|upkeep\n|turn|2\n|\n|t:|1699128975\n|move|p1a: Toxapex|Toxic|p2a: Torkoal\n|-status|p2a: Torkoal|tox\n|move|p2a: Torkoal|Stealth Rock|p1a: Toxapex\n|-sidestart|p1: sanner889|move: Stealth Rock\n|\n|-weather|SunnyDay|[upkeep]\n|-damage|p2a: Torkoal|94\/100 tox|[from] psn\n|-end|p1a: Toxapex|move: Yawn|[silent]\n|-status|p1a: Toxapex|slp\n|upkeep\n|turn|3\n|\n|t:|1699129003\n|switch|p2a: Blissey|Blissey, F|100\/100\n|cant|p1a: Toxapex|slp\n|\n|-weather|SunnyDay|[upkeep]\n|upkeep\n|turn|4\n|\n|t:|1699129013\n|move|p2a: Blissey|Heal Bell|p2a: Blissey\n|-activate|p2a: Blissey|move: Heal Bell\n|-curestatus|p2: Torkoal|tox|[msg]\n|-curestatus|p1a: Toxapex|slp|[msg]\n|move|p1a: Toxapex|Toxic|p2a: Blissey\n|-status|p2a: Blissey|tox\n|\n|-weather|SunnyDay|[upkeep]\n|-damage|p2a: Blissey|94\/100 tox|[from] psn\n|upkeep\n|turn|5\n|\n|t:|1699129026\n|move|p2a: Blissey|Seismic Toss|p1a: Toxapex\n|-damage|p1a: Toxapex|68\/100\n|-damage|p2a: Blissey|78\/100 tox|[from] item: Rocky Helmet|[of] p1a: Toxapex\n|move|p1a: Toxapex|Haze|p1a: Toxapex\n|-clearallboost\n|\n|-weather|SunnyDay|[upkeep]\n|-heal|p2a: Blissey|84\/100 tox|[from] item: Leftovers\n|-damage|p2a: Blissey|72\/100 tox|[from] psn\n|upkeep\n|turn|6\n|\n|t:|1699129041\n|switch|p1a: Lucario|Lucario, F|100\/100\n|-damage|p1a: Lucario|98\/100|[from] Stealth Rock\n|move|p2a: Blissey|Heal Bell|p2a: Blissey\n|-activate|p2a: Blissey|move: Heal Bell\n|-curestatus|p2a: Blissey|tox|[msg]\n|\n|-weather|SunnyDay|[upkeep]\n|-heal|p2a: Blissey|78\/100|[from] item: Leftovers\n|upkeep\n|turn|7\n|\n|t:|1699129060\n|switch|p2a: Flutter Mane|Flutter Mane|100\/100\n|-activate|p2a: Flutter Mane|ability: Protosynthesis\n|-start|p2a: Flutter Mane|protosynthesisspe\n|move|p1a: Lucario|Swords Dance|p1a: Lucario\n|-boost|p1a: Lucario|atk|2\n|\n|-weather|SunnyDay|[upkeep]\n|upkeep\n|turn|8\n|\n|t:|1699129072\n|switch|p1a: Toxapex|Toxapex, F|100\/100\n|-damage|p1a: Toxapex|88\/100|[from] Stealth Rock\n|move|p2a: Flutter Mane|Mystical Fire|p1a: Toxapex\n|-resisted|p1a: Toxapex\n|-damage|p1a: Toxapex|71\/100\n|-unboost|p1a: Toxapex|spa|1\n|-damage|p2a: Flutter Mane|91\/100|[from] item: Life Orb\n|\n|-weather|none\n|-end|p2a: Flutter Mane|Protosynthesis\n|upkeep\n|turn|9\n|\n|t:|1699129084\n|-end|p2a: Flutter Mane|Protosynthesis|[silent]\n|switch|p2a: Dondozo|Dondozo, M|100\/100\n|move|p1a: Toxapex|Toxic|p2a: Dondozo\n|-status|p2a: Dondozo|tox\n|\n|-damage|p2a: Dondozo|94\/100 tox|[from] psn\n|upkeep\n|turn|10\n|\n|t:|1699129100\n|switch|p1a: Baxcalibur|Baxcalibur, M|100\/100\n|-damage|p1a: Baxcalibur|76\/100|[from] Stealth Rock\n|move|p2a: Dondozo|Rest|p2a: Dondozo\n|-status|p2a: Dondozo|slp|[from] move: Rest\n|-heal|p2a: Dondozo|100\/100 slp|[silent]\n|\n|upkeep\n|turn|11\n|\n|t:|1699129115\n|move|p1a: Baxcalibur|Dragon Dance|p1a: Baxcalibur\n|-boost|p1a: Baxcalibur|atk|1\n|-boost|p1a: Baxcalibur|spe|1\n|cant|p2a: Dondozo|slp\n|move|p2a: Dondozo|Sleep Talk|p2a: Dondozo\n|move|p2a: Dondozo|Body Press|p1a: Baxcalibur|[from]move: Sleep Talk\n|-supereffective|p1a: Baxcalibur\n|-damage|p1a: Baxcalibur|17\/100\n|\n|upkeep\n|turn|12\n|\n|t:|1699129132\n|move|p1a: Baxcalibur|Scale Shot|p2a: Dondozo\n|-damage|p2a: Dondozo|93\/100 slp\n|-damage|p2a: Dondozo|86\/100 slp\n|-damage|p2a: Dondozo|79\/100 slp\n|-damage|p2a: Dondozo|73\/100 slp\n|-damage|p2a: Dondozo|66\/100 slp\n|-hitcount|p2a: Dondozo|5\n|-unboost|p1a: Baxcalibur|def|1\n|-boost|p1a: Baxcalibur|spe|1\n|cant|p2a: Dondozo|slp\n|move|p2a: Dondozo|Sleep Talk|p2a: Dondozo\n|move|p2a: Dondozo|Body Press|p1a: Baxcalibur|[from]move: Sleep Talk\n|-supereffective|p1a: Baxcalibur\n|-damage|p1a: Baxcalibur|0 fnt\n|faint|p1a: Baxcalibur\n|\n|-heal|p2a: Dondozo|72\/100 slp|[from] item: Leftovers\n|upkeep\n|\n|t:|1699129152\n|switch|p1a: Toxapex|Toxapex, F|100\/100\n|-damage|p1a: Toxapex|88\/100|[from] Stealth Rock\n|turn|13\n|\n|t:|1699129170\n|switch|p2a: Blissey|Blissey, F|78\/100\n|move|p1a: Toxapex|Toxic|p2a: Blissey\n|-status|p2a: Blissey|tox\n|\n|-heal|p2a: Blissey|84\/100 tox|[from] item: Leftovers\n|-damage|p2a: Blissey|78\/100 tox|[from] psn\n|upkeep\n|turn|14\n|\n|t:|1699129181\n|switch|p1a: Rillaboom|Rillaboom, F|100\/100\n|-damage|p1a: Rillaboom|88\/100|[from] Stealth Rock\n|-fieldstart|move: Grassy Terrain|[from] ability: Grassy Surge|[of] p1a: Rillaboom\n|move|p2a: Blissey|Heal Bell|p2a: Blissey\n|-activate|p2a: Blissey|move: Heal Bell\n|-curestatus|p2a: Blissey|tox|[msg]\n|-curestatus|p2: Dondozo|slp|[msg]\n|\n|-heal|p1a: Rillaboom|94\/100|[from] Grassy Terrain\n|-heal|p2a: Blissey|84\/100|[from] Grassy Terrain\n|-heal|p2a: Blissey|90\/100|[from] item: Leftovers\n|upkeep\n|turn|15\n|\n|t:|1699129201\n|switch|p2a: Koraidon|Koraidon|100\/100\n|-weather|SunnyDay|[from] ability: Orichalcum Pulse|[of] p2a: Koraidon\n|-activate|p2a: Koraidon|Orichalcum Pulse|[source]\n|move|p1a: Rillaboom|Swords Dance|p1a: Rillaboom\n|-boost|p1a: Rillaboom|atk|2\n|\n|-weather|SunnyDay|[upkeep]\n|-heal|p1a: Rillaboom|100\/100|[from] Grassy Terrain\n|upkeep\n|turn|16\n|\n|t:|1699129242\n|-terastallize|p2a: Koraidon|Fire\n|move|p2a: Koraidon|Flame Charge|p1a: Rillaboom\n|-supereffective|p1a: Rillaboom\n|-damage|p1a: Rillaboom|0 fnt\n|-boost|p2a: Koraidon|spe|1\n|faint|p1a: Rillaboom\n|\n|-weather|SunnyDay|[upkeep]\n|upkeep\n|\n|t:|1699129251\n|switch|p1a: Toxapex|Toxapex, F|100\/100\n|-damage|p1a: Toxapex|88\/100|[from] Stealth Rock\n|turn|17\n|\n|t:|1699129259\n|switch|p2a: Dondozo|Dondozo, M|72\/100\n|move|p1a: Toxapex|Haze|p1a: Toxapex\n|-clearallboost\n|\n|-weather|SunnyDay|[upkeep]\n|-heal|p2a: Dondozo|78\/100|[from] Grassy Terrain\n|-heal|p1a: Toxapex|94\/100|[from] Grassy Terrain\n|-heal|p2a: Dondozo|84\/100|[from] item: Leftovers\n|upkeep\n|turn|18\n|\n|t:|1699129277\n|move|p2a: Dondozo|Body Press|p1a: Toxapex\n|-resisted|p1a: Toxapex\n|-damage|p1a: Toxapex|84\/100\n|-damage|p2a: Dondozo|68\/100|[from] item: Rocky Helmet|[of] p1a: Toxapex\n|move|p1a: Toxapex|Toxic|p2a: Dondozo\n|-status|p2a: Dondozo|tox\n|\n|-weather|SunnyDay|[upkeep]\n|-heal|p2a: Dondozo|74\/100 tox|[from] Grassy Terrain\n|-heal|p1a: Toxapex|90\/100|[from] Grassy Terrain\n|-heal|p2a: Dondozo|80\/100 tox|[from] item: Leftovers\n|-damage|p2a: Dondozo|74\/100 tox|[from] psn\n|upkeep\n|turn|19\n|\n|t:|1699129292\n|move|p2a: Dondozo|Rest|p2a: Dondozo\n|-status|p2a: Dondozo|slp|[from] move: Rest\n|-heal|p2a: Dondozo|100\/100 slp|[silent]\n|move|p1a: Toxapex|Hydro Pump|p2a: Dondozo|[miss]\n|-miss|p1a: Toxapex|p2a: Dondozo\n|\n|-weather|none\n|-heal|p1a: Toxapex|96\/100|[from] Grassy Terrain\n|upkeep\n|turn|20\n|\n|t:|1699129318\n|switch|p2a: Flutter Mane|Flutter Mane|91\/100\n|move|p1a: Toxapex|Toxic|p2a: Flutter Mane\n|-status|p2a: Flutter Mane|tox\n|\n|-heal|p2a: Flutter Mane|97\/100 tox|[from] Grassy Terrain\n|-heal|p1a: Toxapex|100\/100|[from] Grassy Terrain\n|-damage|p2a: Flutter Mane|91\/100 tox|[from] psn\n|upkeep\n|turn|21\n|\n|t:|1699129332\n|switch|p1a: Tyranitar|Tyranitar, M|100\/100\n|-damage|p1a: Tyranitar|88\/100|[from] Stealth Rock\n|-weather|Sandstorm|[from] ability: Sand Stream|[of] p1a: Tyranitar\n|move|p2a: Flutter Mane|Shadow Ball|p1a: Tyranitar\n|-resisted|p1a: Tyranitar\n|-crit|p1a: Tyranitar\n|-damage|p1a: Tyranitar|68\/100\n|-damage|p2a: Flutter Mane|81\/100 tox|[from] item: Life Orb\n|\n|-weather|Sandstorm|[upkeep]\n|-damage|p2a: Flutter Mane|75\/100 tox|[from] Sandstorm\n|-heal|p2a: Flutter Mane|81\/100 tox|[from] Grassy Terrain\n|-heal|p1a: Tyranitar|74\/100|[from] Grassy Terrain\n|-damage|p2a: Flutter Mane|69\/100 tox|[from] psn\n|-fieldend|move: Grassy Terrain\n|upkeep\n|turn|22\n|\n|t:|1699129348\n|move|p2a: Flutter Mane|Moonblast|p1a: Tyranitar\n|-supereffective|p1a: Tyranitar\n|-damage|p1a: Tyranitar|12\/100\n|-damage|p2a: Flutter Mane|59\/100 tox|[from] item: Life Orb\n|move|p1a: Tyranitar|Crunch|p2a: Flutter Mane\n|-damage|p2a: Flutter Mane|0 fnt\n|faint|p2a: Flutter Mane\n|-end|p2a: Flutter Mane|Protosynthesis|[silent]\n|\n|-weather|Sandstorm|[upkeep]\n|upkeep\n|\n|t:|1699129359\n|switch|p2a: Koraidon|Koraidon, tera:Fire|100\/100\n|-weather|SunnyDay|[from] ability: Orichalcum Pulse|[of] p2a: Koraidon\n|-activate|p2a: Koraidon|Orichalcum Pulse|[source]\n|turn|23\n|\n|t:|1699129367\n|move|p2a: Koraidon|Flame Charge|p1a: Tyranitar\n|-resisted|p1a: Tyranitar\n|-damage|p1a: Tyranitar|0 fnt\n|-boost|p2a: Koraidon|spe|1\n|faint|p1a: Tyranitar\n|\n|-weather|SunnyDay|[upkeep]\n|upkeep\n|\n|t:|1699129376\n|switch|p1a: Toxapex|Toxapex, F|100\/100\n|-damage|p1a: Toxapex|88\/100|[from] Stealth Rock\n|turn|24\n|\n|t:|1699129383\n|move|p2a: Koraidon|Swords Dance|p2a: Koraidon\n|-boost|p2a: Koraidon|atk|2\n|move|p1a: Toxapex|Toxic|p2a: Koraidon\n|-status|p2a: Koraidon|tox\n|\n|-weather|SunnyDay|[upkeep]\n|-damage|p2a: Koraidon|94\/100 tox|[from] psn\n|upkeep\n|turn|25\n|\n|t:|1699129396\n|move|p2a: Koraidon|Dragon Claw|p1a: Toxapex\n|-damage|p1a: Toxapex|0 fnt\n|-damage|p2a: Koraidon|78\/100 tox|[from] item: Rocky Helmet|[of] p1a: Toxapex\n|faint|p1a: Toxapex\n|\n|-weather|SunnyDay|[upkeep]\n|-damage|p2a: Koraidon|66\/100 tox|[from] psn\n|upkeep\n|-message|sanner889 forfeited.\n|\n|win|LITLE0\n|raw|sanner889's rating: 1104 &rarr; <strong>1089<\/strong><br \/>(-15 for losing)\n|raw|LITLE0's rating: 1259 &rarr; <strong>1274<\/strong><br \/>(+15 for winning)\n|l|\u2606sanner889\n","uploadtime":1699129406,"views":17,"p1id":"sanner889","p2id":"litle0","formatid":"gen9ubers","rating":1089,"private":0,"password":""}