{"id":"gen9ubers-1972499077","p1":"Rival Andrew","p2":"Leterte18","format":"[Gen 9] Ubers","log":"|j|\u2606Rival Andrew\n|j|\u2606Leterte18\n|t:|1697849790\n|gametype|singles\n|player|p1|Rival Andrew|silver|\n|player|p2|Leterte18|2|\n|teamsize|p1|6\n|teamsize|p2|6\n|gen|9\n|tier|[Gen 9] Ubers\n|rule|Sleep Clause Mod: Limit one foe put to sleep\n|rule|Species Clause: Limit one of each Pok\u00e9mon\n|rule|OHKO Clause: OHKO moves are banned\n|rule|Evasion Items Clause: Evasion items are banned\n|rule|Evasion Moves Clause: Evasion moves are banned\n|rule|Endless Battle Clause: Forcing endless battles is banned\n|rule|HP Percentage Mod: HP is shown in percentages\n|clearpoke\n|poke|p1|Groudon|\n|poke|p1|Koraidon|\n|poke|p1|Ogerpon-Hearthflame, F|\n|poke|p1|Walking Wake|\n|poke|p1|Regieleki|\n|poke|p1|Ursaluna-Bloodmoon, M|\n|poke|p2|Dialga-Origin|\n|poke|p2|Palkia-Origin|\n|poke|p2|Giratina-Origin|\n|poke|p2|Arceus|\n|poke|p2|Groudon|\n|poke|p2|Eternatus|\n|teampreview\n|j| Hand0fD00m\n|j| TooQuickGrim\n|c|\u2606Rival Andrew|ayooo\n|c| TooQuickGrim|Gl\n|c| TooQuickGrim|boyzz\n|c|\u2606Rival Andrew|i dubbed this team Red Giant\n|c| Hand0fD00m|gl guys, this is gonna be nuts\n|\n|t:|1697849883\n|start\n|switch|p1a: Regicocaine|Regieleki, shiny|100\/100\n|switch|p2a: Eternatus|Eternatus|100\/100\n|-ability|p2a: Eternatus|Pressure\n|turn|1\n|\n|t:|1697849903\n|move|p1a: Regicocaine|Volt Switch|p2a: Eternatus\n|-resisted|p2a: Eternatus\n|-damage|p2a: Eternatus|85\/100\n|\n|t:|1697849918\n|switch|p1a: Hades|Groudon|100\/100|[from] Volt Switch\n|-weather|SunnyDay|[from] ability: Drought|[of] p1a: Hades\n|move|p2a: Eternatus|Dynamax Cannon|p1a: Hades\n|-damage|p1a: Hades|62\/100\n|\n|-weather|SunnyDay|[upkeep]\n|-heal|p1a: Hades|68\/100|[from] item: Leftovers\n|upkeep\n|turn|2\n|\n|t:|1697849943\n|switch|p2a: Palkia|Palkia-Origin|100\/100\n|-ability|p2a: Palkia|Pressure\n|move|p1a: Hades|Stealth Rock|p2a: Palkia\n|-sidestart|p2: Leterte18|move: Stealth Rock\n|\n|-weather|SunnyDay|[upkeep]\n|-heal|p1a: Hades|74\/100|[from] item: Leftovers\n|upkeep\n|turn|3\n|\n|t:|1697849957\n|-terastallize|p1a: Hades|Fairy\n|move|p2a: Palkia|Spacial Rend|p1a: Hades\n|-immune|p1a: Hades\n|move|p1a: Hades|Spikes|p2a: Palkia\n|-sidestart|p2: Leterte18|Spikes\n|\n|-weather|SunnyDay|[upkeep]\n|-heal|p1a: Hades|80\/100|[from] item: Leftovers\n|upkeep\n|turn|4\n|c|\u2606Rival Andrew|nah\n|\n|t:|1697849969\n|move|p2a: Palkia|Fire Blast|p1a: Hades\n|-damage|p1a: Hades|36\/100\n|move|p1a: Hades|Spikes|p2a: Palkia\n|-sidestart|p2: Leterte18|Spikes\n|\n|-weather|SunnyDay|[upkeep]\n|-heal|p1a: Hades|42\/100|[from] item: Leftovers\n|upkeep\n|turn|5\n|c| Hand0fD00m|spiky\n|\n|t:|1697849988\n|switch|p1a: Hurried Hurricane|Walking Wake|100\/100\n|-activate|p1a: Hurried Hurricane|ability: Protosynthesis\n|-start|p1a: Hurried Hurricane|protosynthesisspa\n|move|p2a: Palkia|Fire Blast|p1a: Hurried Hurricane\n|-resisted|p1a: Hurried Hurricane\n|-damage|p1a: Hurried Hurricane|81\/100\n|\n|-weather|none\n|-end|p1a: Hurried Hurricane|Protosynthesis\n|upkeep\n|turn|6\n|\n|t:|1697850000\n|-terastallize|p2a: Palkia|Steel\n|move|p2a: Palkia|Thunder Wave|p1a: Hurried Hurricane\n|-status|p1a: Hurried Hurricane|par\n|move|p1a: Hurried Hurricane|Draco Meteor|p2a: Palkia\n|-resisted|p2a: Palkia\n|-damage|p2a: Palkia|55\/100\n|-unboost|p1a: Hurried Hurricane|spa|2\n|\n|upkeep\n|turn|7\n|\n|t:|1697850013\n|-end|p1a: Hurried Hurricane|Protosynthesis|[silent]\n|switch|p1a: Hades|Groudon, tera:Fairy|42\/100\n|-weather|SunnyDay|[from] ability: Drought|[of] p1a: Hades\n|move|p2a: Palkia|Spacial Rend|p1a: Hades\n|-immune|p1a: Hades\n|\n|-weather|SunnyDay|[upkeep]\n|-heal|p1a: Hades|48\/100|[from] item: Leftovers\n|upkeep\n|turn|8\n|c| Hand0fD00m|the back and forth jesus\n|\n|t:|1697850025\n|move|p2a: Palkia|Fire Blast|p1a: Hades\n|-damage|p1a: Hades|8\/100\n|move|p1a: Hades|Earthquake|p2a: Palkia\n|-supereffective|p2a: Palkia\n|-damage|p2a: Palkia|0 fnt\n|faint|p2a: Palkia\n|\n|-weather|SunnyDay|[upkeep]\n|-heal|p1a: Hades|14\/100|[from] item: Leftovers\n|upkeep\n|c| TooQuickGrim|The stale mate haha\n|\n|t:|1697850034\n|switch|p2a: Giratina|Giratina-Origin, shiny|100\/100\n|-damage|p2a: Giratina|88\/100|[from] Stealth Rock\n|turn|9\n|\n|t:|1697850052\n|move|p2a: Giratina|Defog|p1a: Hades\n|-unboost|p1a: Hades|evasion|1\n|-sideend|p2: Leterte18|Spikes|[from] move: Defog|[of] p2a: Giratina\n|-sideend|p2: Leterte18|Stealth Rock|[from] move: Defog|[of] p2a: Giratina\n|move|p1a: Hades|Will-O-Wisp|p2a: Giratina\n|-status|p2a: Giratina|brn\n|\n|-weather|SunnyDay|[upkeep]\n|-heal|p1a: Hades|21\/100|[from] item: Leftovers\n|-damage|p2a: Giratina|82\/100 brn|[from] brn\n|upkeep\n|turn|10\n|\n|t:|1697850061\n|move|p2a: Giratina|Shadow Ball|p1a: Hades\n|-damage|p1a: Hades|0 fnt\n|faint|p1a: Hades\n|\n|-weather|SunnyDay|[upkeep]\n|-damage|p2a: Giratina|76\/100 brn|[from] brn\n|upkeep\n|j| Sonad~\n|\n|t:|1697850078\n|switch|p1a: Hurried Hurricane|Walking Wake|81\/100 par\n|-activate|p1a: Hurried Hurricane|ability: Protosynthesis\n|-start|p1a: Hurried Hurricane|protosynthesisspa\n|turn|11\n|\n|t:|1697850081\n|move|p2a: Giratina|Draco Meteor|p1a: Hurried Hurricane\n|-supereffective|p1a: Hurried Hurricane\n|-damage|p1a: Hurried Hurricane|0 fnt\n|-unboost|p2a: Giratina|spa|2\n|faint|p1a: Hurried Hurricane\n|-end|p1a: Hurried Hurricane|Protosynthesis|[silent]\n|\n|-weather|none\n|-damage|p2a: Giratina|70\/100 brn|[from] brn\n|upkeep\n|\n|t:|1697850093\n|switch|p1a: Zagreus|Koraidon|100\/100\n|-weather|SunnyDay|[from] ability: Orichalcum Pulse|[of] p1a: Zagreus\n|-activate|p1a: Zagreus|Orichalcum Pulse|[source]\n|turn|12\n|c| Hand0fD00m|giratina out for blood\n|l| TooQuickGrim\n|\n|t:|1697850114\n|move|p1a: Zagreus|Dragon Claw|p2a: Giratina\n|-supereffective|p2a: Giratina\n|-damage|p2a: Giratina|0 fnt\n|faint|p2a: Giratina\n|\n|-weather|SunnyDay|[upkeep]\n|upkeep\n|\n|t:|1697850132\n|switch|p2a: Groudon|Groudon|100\/100\n|turn|13\n|\n|t:|1697850144\n|move|p1a: Zagreus|Collision Course|p2a: Groudon\n|-damage|p2a: Groudon|54\/100\n|move|p2a: Groudon|Will-O-Wisp|p1a: Zagreus\n|-status|p1a: Zagreus|brn\n|\n|-weather|SunnyDay|[upkeep]\n|-heal|p2a: Groudon|60\/100|[from] item: Leftovers\n|-damage|p1a: Zagreus|94\/100 brn|[from] brn\n|upkeep\n|turn|14\n|\n|t:|1697850158\n|move|p1a: Zagreus|Collision Course|p2a: Groudon\n|-damage|p2a: Groudon|39\/100\n|move|p2a: Groudon|Spikes|p1a: Zagreus\n|-sidestart|p1: Rival Andrew|Spikes\n|\n|-weather|SunnyDay|[upkeep]\n|-heal|p2a: Groudon|45\/100|[from] item: Leftovers\n|-damage|p1a: Zagreus|88\/100 brn|[from] brn\n|upkeep\n|turn|15\n|\n|t:|1697850173\n|switch|p1a: Majora|Ogerpon-Hearthflame, F|100\/100\n|-damage|p1a: Majora|88\/100|[from] Spikes\n|-ability|p1a: Majora|Mold Breaker\n|move|p2a: Groudon|Spikes|p1a: Majora\n|-sidestart|p1: Rival Andrew|Spikes\n|\n|-weather|SunnyDay|[upkeep]\n|-heal|p2a: Groudon|51\/100|[from] item: Leftovers\n|upkeep\n|turn|16\n|\n|t:|1697850189\n|move|p1a: Majora|Horn Leech|p2a: Groudon\n|-supereffective|p2a: Groudon\n|-damage|p2a: Groudon|0 fnt\n|-heal|p1a: Majora|100\/100|[from] drain|[of] p2a: Groudon\n|faint|p2a: Groudon\n|\n|-weather|none\n|upkeep\n|\n|t:|1697850195\n|switch|p2a: Eternatus|Eternatus|85\/100\n|-ability|p2a: Eternatus|Pressure\n|turn|17\n|c| Hand0fD00m|damn ogerpons deadly\n|\n|t:|1697850204\n|move|p2a: Eternatus|Sludge Bomb|p1a: Majora\n|-supereffective|p1a: Majora\n|-damage|p1a: Majora|0 fnt\n|faint|p1a: Majora\n|\n|upkeep\n|\n|t:|1697850215\n|switch|p1a: Regicocaine|Regieleki, shiny|100\/100\n|turn|18\n|\n|t:|1697850219\n|move|p1a: Regicocaine|Rapid Spin|p2a: Eternatus\n|-damage|p2a: Eternatus|76\/100\n|-boost|p1a: Regicocaine|spe|1\n|-sideend|p1: Rival Andrew|Spikes|[from] move: Rapid Spin|[of] p1a: Regicocaine\n|move|p2a: Eternatus|Sludge Bomb|p1a: Regicocaine\n|-damage|p1a: Regicocaine|0 fnt\n|faint|p1a: Regicocaine\n|\n|upkeep\n|\n|t:|1697850225\n|switch|p1a: Eclipse|Ursaluna-Bloodmoon, M|100\/100\n|turn|19\n|\n|t:|1697850242\n|move|p2a: Eternatus|Sludge Bomb|p1a: Eclipse\n|-resisted|p1a: Eclipse\n|-damage|p1a: Eclipse|70\/100\n|move|p1a: Eclipse|Earth Power|p2a: Eternatus\n|-supereffective|p2a: Eternatus\n|-damage|p2a: Eternatus|0 fnt\n|faint|p2a: Eternatus\n|-damage|p1a: Eclipse|60\/100|[from] item: Life Orb\n|\n|upkeep\n|c| Sonad~|ouu\n|\n|t:|1697850251\n|switch|p2a: Dialga|Dialga-Origin|100\/100\n|-ability|p2a: Dialga|Pressure\n|turn|20\n|\n|t:|1697850259\n|switch|p1a: Zagreus|Koraidon|88\/100 brn\n|-weather|SunnyDay|[from] ability: Orichalcum Pulse|[of] p1a: Zagreus\n|-activate|p1a: Zagreus|Orichalcum Pulse|[source]\n|move|p2a: Dialga|Draco Meteor|p1a: Zagreus\n|-supereffective|p1a: Zagreus\n|-damage|p1a: Zagreus|0 fnt\n|-unboost|p2a: Dialga|spa|2\n|faint|p1a: Zagreus\n|\n|-weather|SunnyDay|[upkeep]\n|upkeep\n|c| Sonad~|earth power finally getting put to use\n|\n|t:|1697850268\n|switch|p1a: Eclipse|Ursaluna-Bloodmoon, M|60\/100\n|turn|21\n|\n|t:|1697850280\n|move|p2a: Dialga|Draco Meteor|p1a: Eclipse\n|-damage|p1a: Eclipse|5\/100\n|-unboost|p2a: Dialga|spa|2\n|move|p1a: Eclipse|Moonlight|p1a: Eclipse\n|-heal|p1a: Eclipse|71\/100\n|\n|-weather|SunnyDay|[upkeep]\n|upkeep\n|turn|22\n|\n|t:|1697850288\n|move|p2a: Dialga|Draco Meteor|p1a: Eclipse\n|-damage|p1a: Eclipse|35\/100\n|-unboost|p2a: Dialga|spa|2\n|move|p1a: Eclipse|Moonlight|p1a: Eclipse\n|-heal|p1a: Eclipse|100\/100\n|\n|-weather|SunnyDay|[upkeep]\n|upkeep\n|turn|23\n|c| Hand0fD00m|very nice moonlight\n|\n|t:|1697850297\n|switch|p2a: Arceus|Arceus, shiny|100\/100\n|move|p1a: Eclipse|Earth Power|p2a: Arceus\n|-crit|p2a: Arceus\n|-damage|p2a: Arceus|30\/100\n|-unboost|p2a: Arceus|spd|1\n|-damage|p1a: Eclipse|90\/100|[from] item: Life Orb\n|\n|-weather|SunnyDay|[upkeep]\n|upkeep\n|turn|24\n|\n|t:|1697850306\n|move|p2a: Arceus|Extreme Speed|p1a: Eclipse\n|-damage|p1a: Eclipse|55\/100\n|move|p1a: Eclipse|Blood Moon|p2a: Arceus\n|-damage|p2a: Arceus|0 fnt\n|faint|p2a: Arceus\n|-damage|p1a: Eclipse|45\/100|[from] item: Life Orb\n|\n|-weather|none\n|upkeep\n|\n|t:|1697850310\n|switch|p2a: Dialga|Dialga-Origin|100\/100\n|-ability|p2a: Dialga|Pressure\n|turn|25\n|\n|t:|1697850315\n|move|p2a: Dialga|Draco Meteor|p1a: Eclipse\n|-damage|p1a: Eclipse|0 fnt\n|-unboost|p2a: Dialga|spa|2\n|faint|p1a: Eclipse\n|\n|win|Leterte18\n|c|\u2606Rival Andrew|gg br\n|c|\u2606Rival Andrew|o\n|c| Sonad~|oouuuu\n|c|\u2606Rival Andrew|ready for round @\n|c| Sonad~|gg guys!\n|c|\u2606Rival Andrew|2?\n|c| Hand0fD00m|gg that was the best game of the tourney yet\n|l|\u2606Leterte18\n|l| Hand0fD00m\n|j| Hand0fD00m\n","uploadtime":1697850451,"views":10,"p1id":"rivalandrew","p2id":"leterte18","formatid":"gen9ubers","rating":0,"private":0,"password":""}