{"id":"gen9ubers-1993967362","p1":"Pickedman","p2":"Profesor Turo","format":"[Gen 9] Ubers","log":"|j|\u2606Pickedman\n|j|\u2606Profesor Turo\n|t:|1700384706\n|gametype|singles\n|player|p1|Pickedman|zinnia|\n|player|p2|Profesor Turo|turo-ai|\n|teamsize|p1|6\n|teamsize|p2|6\n|gen|9\n|tier|[Gen 9] Ubers\n|rule|Sleep Clause Mod: Limit one foe put to sleep\n|rule|Species Clause: Limit one of each Pok\u00e9mon\n|rule|OHKO Clause: OHKO moves are banned\n|rule|Evasion Items Clause: Evasion items are banned\n|rule|Evasion Moves Clause: Evasion moves are banned\n|rule|Endless Battle Clause: Forcing endless battles is banned\n|rule|HP Percentage Mod: HP is shown in percentages\n|clearpoke\n|poke|p1|Milotic, M|\n|poke|p1|Samurott-Hisui, F|\n|poke|p1|Walking Wake|\n|poke|p1|Weezing-Galar, F|\n|poke|p1|Ursaluna-Bloodmoon, M|\n|poke|p1|Zoroark-Hisui, F|\n|poke|p2|Lurantis, F|\n|poke|p2|Charjabug, F|\n|poke|p2|Infernape, M|\n|poke|p2|Iron Thorns|\n|poke|p2|Polteageist|\n|poke|p2|Ursaluna-Bloodmoon, M|\n|teampreview\n|inactive|Battle timer is ON: inactive players will automatically lose when time's up. (requested by Profesor Turo)\n|inactive|Pickedman has 270 seconds left.\n|\n|t:|1700384753\n|start\n|switch|p1a: Samurott|Samurott-Hisui, F|100\/100\n|switch|p2a: Used Car Battery|Charjabug, F|100\/100\n|turn|1\n|\n|t:|1700384760\n|move|p1a: Samurott|Taunt|p2a: Used Car Battery\n|-start|p2a: Used Car Battery|move: Taunt\n|cant|p2a: Used Car Battery|move: Taunt|Sticky Web\n|\n|upkeep\n|turn|2\n|c|\u2606Pickedman|i love car batteries\n|\n|t:|1700384766\n|switch|p1a: Ursaluna|Ursaluna-Bloodmoon, M|100\/100\n|move|p2a: Used Car Battery|Volt Switch|p1a: Ursaluna\n|-immune|p1a: Ursaluna\n|\n|upkeep\n|turn|3\n|\n|t:|1700384772\n|switch|p2a: Leaf Blower|Lurantis, F|100\/100\n|move|p1a: Ursaluna|Belly Drum|p1a: Ursaluna\n|-damage|p1a: Ursaluna|50\/100\n|-setboost|p1a: Ursaluna|atk|6|[from] move: Belly Drum\n|-enditem|p1a: Ursaluna|Sitrus Berry|[eat]\n|-heal|p1a: Ursaluna|75\/100|[from] item: Sitrus Berry\n|\n|upkeep\n|turn|4\n|\n|t:|1700384783\n|move|p1a: Ursaluna|Body Slam|p2a: Leaf Blower\n|-damage|p2a: Leaf Blower|0 fnt\n|faint|p2a: Leaf Blower\n|\n|upkeep\n|\n|t:|1700384793\n|switch|p2a: Terrakion\u200b|Infernape, M|100\/100\n|turn|5\n|\n|t:|1700384802\n|-terastallize|p2a: Terrakion\u200b|Fire\n|move|p2a: Terrakion\u200b|Flare Blitz|p1a: Ursaluna\n|-damage|p1a: Ursaluna|0 fnt\n|faint|p1a: Ursaluna\n|-damage|p2a: Terrakion\u200b|64\/100|[from] Recoil\n|\n|upkeep\n|\n|t:|1700384807\n|switch|p1a: Weezing|Weezing-Galar, F|100\/100\n|-ability|p1a: Weezing|Neutralizing Gas\n|turn|6\n|\n|t:|1700384811\n|switch|p2a: Ursaluna|Ursaluna-Bloodmoon, M|100\/100\n|move|p1a: Weezing|Pain Split|p2a: Ursaluna\n|-sethp|p2a: Ursaluna|96\/100|[from] move: Pain Split|[silent]\n|-sethp|p1a: Weezing|100\/100|[from] move: Pain Split\n|\n|upkeep\n|turn|7\n|\n|t:|1700384816\n|move|p2a: Ursaluna|Trailblaze|p1a: Weezing\n|-resisted|p1a: Weezing\n|-damage|p1a: Weezing|95\/100\n|-boost|p2a: Ursaluna|spe|1\n|-damage|p2a: Ursaluna|79\/100|[from] item: Rocky Helmet|[of] p1a: Weezing\n|move|p1a: Weezing|Will-O-Wisp|p2a: Ursaluna\n|-status|p2a: Ursaluna|brn\n|\n|-damage|p2a: Ursaluna|73\/100 brn|[from] brn\n|upkeep\n|turn|8\n|\n|t:|1700384826\n|move|p2a: Ursaluna|Swords Dance|p2a: Ursaluna\n|-boost|p2a: Ursaluna|atk|2\n|move|p1a: Weezing|Strange Steam|p2a: Ursaluna\n|-damage|p2a: Ursaluna|37\/100 brn\n|-enditem|p2a: Ursaluna|Sitrus Berry|[eat]\n|-heal|p2a: Ursaluna|62\/100 brn|[from] item: Sitrus Berry\n|\n|-damage|p2a: Ursaluna|56\/100 brn|[from] brn\n|upkeep\n|turn|9\n|\n|t:|1700384829\n|move|p2a: Ursaluna|Earthquake|p1a: Weezing\n|-supereffective|p1a: Weezing\n|-damage|p1a: Weezing|35\/100\n|move|p1a: Weezing|Strange Steam|p2a: Ursaluna\n|-damage|p2a: Ursaluna|18\/100 brn\n|\n|-damage|p2a: Ursaluna|12\/100 brn|[from] brn\n|upkeep\n|turn|10\n|\n|t:|1700384836\n|move|p2a: Ursaluna|Earthquake|p1a: Weezing\n|-supereffective|p1a: Weezing\n|-damage|p1a: Weezing|0 fnt\n|faint|p1a: Weezing\n|-end|p1a: Weezing|ability: Neutralizing Gas\n|\n|-damage|p2a: Ursaluna|6\/100 brn|[from] brn\n|upkeep\n|\n|t:|1700384845\n|switch|p1a: Walking Wake|Walking Wake|100\/100\n|turn|11\n|\n|t:|1700384850\n|move|p1a: Walking Wake|Flip Turn|p2a: Ursaluna\n|-supereffective|p2a: Ursaluna\n|-damage|p2a: Ursaluna|0 fnt\n|faint|p2a: Ursaluna\n|\n|t:|1700384854\n|-end|p1a: Walking Wake|Protosynthesis|[silent]\n|switch|p1a: Milotic|Milotic, M|100\/100|[from] Flip Turn\n|\n|-status|p1a: Milotic|brn|[from] item: Flame Orb\n|upkeep\n|\n|t:|1700384856\n|switch|p2a: Used Car Battery|Charjabug, F|100\/100\n|turn|12\n|\n|t:|1700384862\n|move|p1a: Milotic|Coil|p1a: Milotic\n|-boost|p1a: Milotic|atk|1\n|-boost|p1a: Milotic|def|1\n|-boost|p1a: Milotic|accuracy|1\n|move|p2a: Used Car Battery|Sticky Web|p1a: Milotic\n|-sidestart|p1: Pickedman|move: Sticky Web\n|\n|-damage|p1a: Milotic|94\/100 brn|[from] brn\n|upkeep\n|turn|13\n|\n|t:|1700384865\n|move|p1a: Milotic|Coil|p1a: Milotic\n|-boost|p1a: Milotic|atk|1\n|-boost|p1a: Milotic|def|1\n|-boost|p1a: Milotic|accuracy|1\n|move|p2a: Used Car Battery|Charge Beam|p1a: Milotic\n|-supereffective|p1a: Milotic\n|-damage|p1a: Milotic|80\/100 brn\n|\n|-damage|p1a: Milotic|74\/100 brn|[from] brn\n|upkeep\n|turn|14\n|\n|t:|1700384868\n|move|p1a: Milotic|Coil|p1a: Milotic\n|-boost|p1a: Milotic|atk|1\n|-boost|p1a: Milotic|def|1\n|-boost|p1a: Milotic|accuracy|1\n|move|p2a: Used Car Battery|Charge Beam|p1a: Milotic\n|-supereffective|p1a: Milotic\n|-damage|p1a: Milotic|59\/100 brn\n|-boost|p2a: Used Car Battery|spa|1\n|\n|-damage|p1a: Milotic|53\/100 brn|[from] brn\n|upkeep\n|turn|15\n|\n|t:|1700384872\n|move|p1a: Milotic|Recover|p1a: Milotic\n|-heal|p1a: Milotic|100\/100 brn\n|move|p2a: Used Car Battery|Volt Switch|p1a: Milotic\n|-supereffective|p1a: Milotic\n|-damage|p1a: Milotic|69\/100 brn\n|\n|t:|1700384880\n|switch|p2a: good golly|Iron Thorns|100\/100|[from] Volt Switch\n|-enditem|p2a: good golly|Booster Energy\n|-activate|p2a: good golly|ability: Quark Drive|[fromitem]\n|-start|p2a: good golly|quarkdrivespa\n|\n|-damage|p1a: Milotic|62\/100 brn|[from] brn\n|upkeep\n|turn|16\n|\n|t:|1700384885\n|move|p2a: good golly|Thunderbolt|p1a: Milotic\n|-supereffective|p1a: Milotic\n|-damage|p1a: Milotic|15\/100 brn\n|move|p1a: Milotic|Coil|p1a: Milotic\n|-boost|p1a: Milotic|atk|1\n|-boost|p1a: Milotic|def|1\n|-boost|p1a: Milotic|accuracy|1\n|\n|-damage|p1a: Milotic|9\/100 brn|[from] brn\n|upkeep\n|turn|17\n|\n|t:|1700384891\n|move|p2a: good golly|Thunderbolt|p1a: Milotic\n|-supereffective|p1a: Milotic\n|-damage|p1a: Milotic|0 fnt\n|faint|p1a: Milotic\n|\n|upkeep\n|\n|t:|1700384896\n|switch|p1a: Walking Wake|Walking Wake|100\/100\n|-activate|p1a: Walking Wake|move: Sticky Web\n|-unboost|p1a: Walking Wake|spe|1\n|turn|18\n|\n|t:|1700384905\n|move|p2a: good golly|Thunderbolt|p1a: Walking Wake\n|-damage|p1a: Walking Wake|49\/100\n|move|p1a: Walking Wake|Flip Turn|p2a: good golly\n|-supereffective|p2a: good golly\n|-damage|p2a: good golly|28\/100\n|\n|t:|1700384908\n|-end|p1a: Walking Wake|Protosynthesis|[silent]\n|switch|p1a: Samurott|Samurott-Hisui, F|100\/100|[from] Flip Turn\n|\n|upkeep\n|turn|19\n|\n|t:|1700384920\n|move|p1a: Samurott|Vacuum Wave|p2a: good golly\n|-supereffective|p2a: good golly\n|-damage|p2a: good golly|1\/100\n|move|p2a: good golly|Thunderbolt|p1a: Samurott\n|-supereffective|p1a: Samurott\n|-damage|p1a: Samurott|0 fnt\n|faint|p1a: Samurott\n|\n|upkeep\n|\n|t:|1700384925\n|switch|p1a: Walking Wake|Walking Wake|100\/100\n|-activate|p1a: Walking Wake|move: Sticky Web\n|-unboost|p1a: Walking Wake|spe|1\n|turn|20\n|\n|t:|1700384932\n|move|p2a: good golly|Thunderbolt|p1a: Walking Wake\n|-damage|p1a: Walking Wake|14\/100\n|replace|p1a: Zoroark|Zoroark-Hisui, F\n|-end|p1a: Zoroark|Illusion\n|move|p1a: Zoroark|Poltergeist||[still]\n|-fail|p1a: Zoroark\n|\n|upkeep\n|turn|21\n|\n|t:|1700384940\n|move|p2a: good golly|Power Gem|p1a: Zoroark\n|-damage|p1a: Zoroark|0 fnt\n|faint|p1a: Zoroark\n|\n|upkeep\n|\n|t:|1700384943\n|switch|p1a: Walking Wake|Walking Wake|49\/100\n|-activate|p1a: Walking Wake|move: Sticky Web\n|-unboost|p1a: Walking Wake|spe|1\n|turn|22\n|c|\u2606Pickedman|ggwp\n|\n|t:|1700384949\n|-terastallize|p1a: Walking Wake|Water\n|move|p2a: good golly|Thunderbolt|p1a: Walking Wake\n|-supereffective|p1a: Walking Wake\n|-damage|p1a: Walking Wake|0 fnt\n|faint|p1a: Walking Wake\n|-end|p1a: Walking Wake|Protosynthesis|[silent]\n|\n|win|Profesor Turo\n|c|\u2606Profesor Turo|Ggs\n","uploadtime":1700384954,"views":17,"p1id":"pickedman","p2id":"profesorturo","formatid":"gen9ubers","rating":0,"private":0,"password":""}