{"id":"gen9ubers-1972246908","p1":"Clandestinechampy","p2":"Spottedwoot","format":"[Gen 9] Ubers","log":"|j|\u2606Clandestinechampy\n|j|\u2606Spottedwoot\n|t:|1697824768\n|gametype|singles\n|player|p1|Clandestinechampy|harlequin|1247\n|player|p2|Spottedwoot|265|1463\n|teamsize|p1|6\n|teamsize|p2|6\n|gen|9\n|tier|[Gen 9] Ubers\n|rated|\n|rule|Sleep Clause Mod: Limit one foe put to sleep\n|rule|Species Clause: Limit one of each Pok\u00e9mon\n|rule|OHKO Clause: OHKO moves are banned\n|rule|Evasion Items Clause: Evasion items are banned\n|rule|Evasion Moves Clause: Evasion moves are banned\n|rule|Endless Battle Clause: Forcing endless battles is banned\n|rule|HP Percentage Mod: HP is shown in percentages\n|clearpoke\n|poke|p1|Espeon, F|\n|poke|p1|Skeledirge, M|\n|poke|p1|Ditto|\n|poke|p1|Garganacl, M|\n|poke|p1|Iron Bundle|\n|poke|p1|Clodsire, M|\n|poke|p2|Zacian-*|\n|poke|p2|Arceus|\n|poke|p2|Kyogre|\n|poke|p2|Koraidon|\n|poke|p2|Miraidon|\n|poke|p2|Ursaluna-Bloodmoon, M|\n|teampreview\n|\n|t:|1697824780\n|start\n|switch|p1a: Jangle|Iron Bundle|100\/100\n|switch|p2a: Miraidon|Miraidon|100\/100\n|-fieldstart|move: Electric Terrain|[from] ability: Hadron Engine|[of] p2a: Miraidon\n|-activate|p1a: Jangle|ability: Quark Drive\n|-start|p1a: Jangle|quarkdrivespe\n|turn|1\n|\n|t:|1697824788\n|switch|p2a: Zacian|Zacian-Crowned|100\/100\n|-ability|p2a: Zacian|Intrepid Sword|boost\n|-boost|p2a: Zacian|atk|1\n|move|p1a: Jangle|Flip Turn|p2a: Zacian\n|-damage|p2a: Zacian|85\/100\n|\n|t:|1697824804\n|-end|p1a: Jangle|Quark Drive|[silent]\n|switch|p1a: Imago|Ditto|100\/100|[from] Flip Turn\n|-transform|p1a: Imago|p2a: Zacian|[from] ability: Imposter\n|-ability|p1a: Imago|Intrepid Sword|boost\n|-boost|p1a: Imago|atk|1\n|\n|upkeep\n|turn|2\n|\n|t:|1697824812\n|move|p1a: Imago|Behemoth Blade|p2a: Zacian\n|-damage|p2a: Zacian|0 fnt\n|faint|p2a: Zacian\n|\n|upkeep\n|\n|t:|1697824814\n|switch|p2a: Kyogre|Kyogre|100\/100\n|-weather|RainDance|[from] ability: Drizzle|[of] p2a: Kyogre\n|turn|3\n|\n|t:|1697824820\n|move|p1a: Imago|Behemoth Blade|p2a: Kyogre\n|-resisted|p2a: Kyogre\n|-damage|p2a: Kyogre|40\/100\n|move|p2a: Kyogre|Origin Pulse|p1a: Imago\n|-damage|p1a: Imago|9\/100\n|\n|-weather|RainDance|[upkeep]\n|upkeep\n|turn|4\n|\n|t:|1697824829\n|move|p1a: Imago|Behemoth Blade|p2a: Kyogre\n|-resisted|p2a: Kyogre\n|-damage|p2a: Kyogre|0 fnt\n|faint|p2a: Kyogre\n|\n|-weather|RainDance|[upkeep]\n|upkeep\n|\n|t:|1697824831\n|switch|p2a: Arceus|Arceus|100\/100\n|turn|5\n|\n|t:|1697824838\n|switch|p1a: Echo|Skeledirge, M, shiny|100\/100\n|move|p2a: Arceus|Extreme Speed|p1a: Echo\n|-immune|p1a: Echo\n|\n|-weather|RainDance|[upkeep]\n|-fieldend|move: Electric Terrain\n|upkeep\n|turn|6\n|\n|t:|1697824849\n|switch|p2a: Miraidon|Miraidon|100\/100\n|-fieldstart|move: Electric Terrain|[from] ability: Hadron Engine|[of] p2a: Miraidon\n|move|p1a: Echo|Will-O-Wisp|p2a: Miraidon\n|-status|p2a: Miraidon|brn\n|\n|-weather|RainDance|[upkeep]\n|-damage|p2a: Miraidon|94\/100 brn|[from] brn\n|upkeep\n|turn|7\n|\n|t:|1697824861\n|switch|p1a: Skipper|Clodsire, M|100\/100\n|move|p2a: Miraidon|Draco Meteor|p1a: Skipper\n|-damage|p1a: Skipper|31\/100\n|-unboost|p2a: Miraidon|spa|2\n|\n|-weather|none\n|-heal|p1a: Skipper|38\/100|[from] item: Leftovers\n|-damage|p2a: Miraidon|88\/100 brn|[from] brn\n|upkeep\n|turn|8\n|\n|t:|1697824873\n|switch|p2a: Koraidon|Koraidon|100\/100\n|-weather|SunnyDay|[from] ability: Orichalcum Pulse|[of] p2a: Koraidon\n|-activate|p2a: Koraidon|Orichalcum Pulse|[source]\n|switch|p1a: Morton|Garganacl, M|100\/100\n|\n|-weather|SunnyDay|[upkeep]\n|upkeep\n|turn|9\n|\n|t:|1697824886\n|switch|p1a: Echo|Skeledirge, M, shiny|100\/100\n|move|p2a: Koraidon|Scale Shot|p1a: Echo\n|-damage|p1a: Echo|86\/100\n|-damage|p1a: Echo|71\/100\n|-damage|p1a: Echo|55\/100\n|-damage|p1a: Echo|38\/100\n|-damage|p1a: Echo|24\/100\n|-hitcount|p1a: Echo|5\n|-unboost|p2a: Koraidon|def|1\n|-boost|p2a: Koraidon|spe|1\n|\n|-weather|SunnyDay|[upkeep]\n|-heal|p1a: Echo|30\/100|[from] item: Leftovers\n|upkeep\n|turn|10\n|\n|t:|1697824903\n|-terastallize|p1a: Echo|Fairy\n|move|p2a: Koraidon|Scale Shot|p1a: Echo\n|-immune|p1a: Echo\n|move|p1a: Echo|Slack Off|p1a: Echo\n|-heal|p1a: Echo|80\/100\n|\n|-weather|SunnyDay|[upkeep]\n|-heal|p1a: Echo|86\/100|[from] item: Leftovers\n|-fieldend|move: Electric Terrain\n|upkeep\n|turn|11\n|\n|t:|1697824913\n|-terastallize|p2a: Koraidon|Fire\n|move|p2a: Koraidon|Flare Blitz|p1a: Echo\n|-damage|p1a: Echo|0 fnt\n|faint|p1a: Echo\n|-damage|p2a: Koraidon|66\/100|[from] Recoil\n|\n|-weather|SunnyDay|[upkeep]\n|upkeep\n|inactive|Battle timer is ON: inactive players will automatically lose when time's up. (requested by Spottedwoot)\n|\n|t:|1697824927\n|switch|p1a: Imago|Ditto|9\/100\n|-transform|p1a: Imago|p2a: Koraidon|[from] ability: Imposter\n|-activate|p1a: Imago|ability: Orichalcum Pulse\n|-start|p1a: Imago|typechange|Fighting\/Dragon|[silent]\n|turn|12\n|\n|t:|1697824936\n|move|p1a: Imago|Collision Course|p2a: Koraidon\n|-damage|p2a: Koraidon|0 fnt\n|faint|p2a: Koraidon\n|\n|-weather|none\n|upkeep\n|\n|t:|1697824939\n|switch|p2a: Arceus|Arceus|100\/100\n|turn|13\n|\n|t:|1697824946\n|switch|p1a: Morton|Garganacl, M|100\/100\n|move|p2a: Arceus|Extreme Speed|p1a: Morton\n|-resisted|p1a: Morton\n|-damage|p1a: Morton|86\/100\n|\n|-heal|p1a: Morton|93\/100|[from] item: Leftovers\n|upkeep\n|turn|14\n|\n|t:|1697824955\n|switch|p2a: Miraidon|Miraidon|88\/100 brn\n|-fieldstart|move: Electric Terrain|[from] ability: Hadron Engine|[of] p2a: Miraidon\n|move|p1a: Morton|Salt Cure|p2a: Miraidon\n|-damage|p2a: Miraidon|74\/100 brn\n|-start|p2a: Miraidon|Salt Cure\n|\n|-heal|p1a: Morton|99\/100|[from] item: Leftovers\n|-damage|p2a: Miraidon|68\/100 brn|[from] brn\n|-damage|p2a: Miraidon|55\/100 brn|[from] Salt Cure\n|upkeep\n|turn|15\n|\n|t:|1697824967\n|switch|p1a: Skipper|Clodsire, M|38\/100\n|move|p2a: Miraidon|Draco Meteor|p1a: Skipper\n|-damage|p1a: Skipper|0 fnt\n|-unboost|p2a: Miraidon|spa|2\n|faint|p1a: Skipper\n|\n|-damage|p2a: Miraidon|49\/100 brn|[from] brn\n|-damage|p2a: Miraidon|37\/100 brn|[from] Salt Cure\n|upkeep\n|\n|t:|1697824982\n|switch|p1a: Morton|Garganacl, M|99\/100\n|turn|16\n|\n|t:|1697824989\n|switch|p2a: Ursaluna|Ursaluna-Bloodmoon, M|100\/100\n|move|p1a: Morton|Salt Cure|p2a: Ursaluna\n|-resisted|p2a: Ursaluna\n|-damage|p2a: Ursaluna|95\/100\n|-start|p2a: Ursaluna|Salt Cure\n|\n|-heal|p2a: Ursaluna|100\/100|[from] item: Leftovers\n|-heal|p1a: Morton|100\/100|[from] item: Leftovers\n|-damage|p2a: Ursaluna|88\/100|[from] Salt Cure\n|upkeep\n|turn|17\n|\n|t:|1697825000\n|switch|p1a: Viv|Espeon, F|100\/100\n|move|p2a: Ursaluna|Earth Power|p1a: Viv\n|-damage|p1a: Viv|33\/100\n|\n|-heal|p2a: Ursaluna|94\/100|[from] item: Leftovers\n|-damage|p2a: Ursaluna|82\/100|[from] Salt Cure\n|upkeep\n|turn|18\n|\n|t:|1697825010\n|move|p1a: Viv|Trick|p2a: Ursaluna\n|-activate|p1a: Viv|move: Trick|[of] p2a: Ursaluna\n|-item|p2a: Ursaluna|Choice Scarf|[from] move: Trick\n|-item|p1a: Viv|Leftovers|[from] move: Trick\n|move|p2a: Ursaluna|Earth Power|p1a: Viv\n|-damage|p1a: Viv|0 fnt\n|faint|p1a: Viv\n|\n|-damage|p2a: Ursaluna|70\/100|[from] Salt Cure\n|-fieldend|move: Electric Terrain\n|upkeep\n|\n|t:|1697825021\n|switch|p1a: Jangle|Iron Bundle|100\/100\n|turn|19\n|\n|t:|1697825026\n|move|p1a: Jangle|Ice Beam|p2a: Ursaluna\n|-supereffective|p2a: Ursaluna\n|-damage|p2a: Ursaluna|0 fnt\n|faint|p2a: Ursaluna\n|\n|upkeep\n|\n|t:|1697825029\n|switch|p2a: Arceus|Arceus|100\/100\n|turn|20\n|\n|t:|1697825033\n|-end|p1a: Jangle|Quark Drive|[silent]\n|switch|p1a: Morton|Garganacl, M|100\/100\n|move|p2a: Arceus|Swords Dance|p2a: Arceus\n|-boost|p2a: Arceus|atk|2\n|\n|upkeep\n|turn|21\n|\n|t:|1697825040\n|move|p2a: Arceus|Earthquake|p1a: Morton\n|-supereffective|p1a: Morton\n|-damage|p1a: Morton|26\/100\n|move|p1a: Morton|Salt Cure|p2a: Arceus\n|-damage|p2a: Arceus|90\/100\n|-start|p2a: Arceus|Salt Cure\n|\n|-heal|p1a: Morton|32\/100|[from] item: Leftovers\n|-damage|p2a: Arceus|78\/100|[from] Salt Cure\n|upkeep\n|turn|22\n|\n|t:|1697825051\n|move|p2a: Arceus|Earthquake|p1a: Morton\n|-supereffective|p1a: Morton\n|-damage|p1a: Morton|0 fnt\n|faint|p1a: Morton\n|\n|-damage|p2a: Arceus|65\/100|[from] Salt Cure\n|upkeep\n|\n|t:|1697825059\n|switch|p1a: Imago|Ditto|9\/100\n|-transform|p1a: Imago|p2a: Arceus|[from] ability: Imposter\n|turn|23\n|\n|t:|1697825065\n|move|p1a: Imago|Extreme Speed|p2a: Arceus\n|-damage|p2a: Arceus|2\/100\n|move|p2a: Arceus|Extreme Speed|p1a: Imago\n|-damage|p1a: Imago|0 fnt\n|faint|p1a: Imago\n|\n|-damage|p2a: Arceus|0 fnt|[from] Salt Cure\n|faint|p2a: Arceus\n|upkeep\n|c|\u2606Clandestinechampy|I guess stats aren\u2019t everything\u2026\n|\n|t:|1697825091\n|switch|p2a: Miraidon|Miraidon|37\/100 brn\n|switch|p1a: Jangle|Iron Bundle|100\/100\n|-fieldstart|move: Electric Terrain|[from] ability: Hadron Engine|[of] p2a: Miraidon\n|-activate|p1a: Jangle|ability: Quark Drive\n|-start|p1a: Jangle|quarkdrivespe\n|turn|24\n|\n|t:|1697825100\n|move|p1a: Jangle|Ice Beam|p2a: Miraidon\n|-supereffective|p2a: Miraidon\n|-damage|p2a: Miraidon|0 fnt\n|faint|p2a: Miraidon\n|\n|win|Clandestinechampy\n|raw|Clandestinechampy's rating: 1247 &rarr; <strong>1286<\/strong><br \/>(+39 for winning)\n|raw|Spottedwoot's rating: 1463 &rarr; <strong>1432<\/strong><br \/>(-31 for losing)\n|l|\u2606Spottedwoot\n","uploadtime":1697825356,"views":11,"p1id":"clandestinechampy","p2id":"spottedwoot","formatid":"gen9ubers","rating":1286,"private":0,"password":""}