{"id":"gen9ubers-1985891821","p1":"uubers account","p2":"Kinesquared","format":"[Gen 9] Ubers","log":"|j|\u2606uubers account\n|j|\u2606Kinesquared\n|t:|1699418407\n|gametype|singles\n|player|p1|uubers account|266|\n|player|p2|Kinesquared|scientist-gen4dp|\n|teamsize|p1|6\n|teamsize|p2|6\n|gen|9\n|tier|[Gen 9] Ubers\n|rule|Sleep Clause Mod: Limit one foe put to sleep\n|rule|Species Clause: Limit one of each Pok\u00e9mon\n|rule|OHKO Clause: OHKO moves are banned\n|rule|Evasion Items Clause: Evasion items are banned\n|rule|Evasion Moves Clause: Evasion moves are banned\n|rule|Endless Battle Clause: Forcing endless battles is banned\n|rule|HP Percentage Mod: HP is shown in percentages\n|clearpoke\n|poke|p1|Palafin, M|\n|poke|p1|Magearna|\n|poke|p1|Arceus-Grass|\n|poke|p1|Chi-Yu|\n|poke|p1|Cyclizar, F|\n|poke|p1|Roaring Moon|\n|poke|p2|Magearna|\n|poke|p2|Ursaluna, F|\n|poke|p2|Dialga|\n|poke|p2|Hoopa-Unbound|\n|poke|p2|Cinderace, M|\n|poke|p2|Cresselia, F|\n|teampreview\n|\n|t:|1699418460\n|start\n|switch|p1a: I|Palafin, M|100\/100\n|switch|p2a: Magearna|Magearna|100\/100\n|turn|1\n|inactive|Battle timer is ON: inactive players will automatically lose when time's up. (requested by Kinesquared)\n|inactiveoff|Battle timer is now OFF.\n|\n|t:|1699418470\n|move|p1a: I|Flip Turn|p2a: Magearna\n|-damage|p2a: Magearna|78\/100\n|\n|t:|1699418476\n|detailschange|p1a: I|Palafin-Hero, M\n|switch|p1a: Love|Magearna|100\/100|[from] Flip Turn\n|move|p2a: Magearna|Trick Room|p2a: Magearna\n|-fieldstart|move: Trick Room|[of] p2a: Magearna\n|\n|-heal|p2a: Magearna|84\/100|[from] item: Leftovers\n|upkeep\n|turn|2\n|\n|t:|1699418502\n|move|p2a: Magearna|Volt Switch|p1a: Love\n|-damage|p1a: Love|85\/100\n|\n|t:|1699418505\n|switch|p2a: Ursaluna|Ursaluna, F|100\/100|[from] Volt Switch\n|move|p1a: Love|Thunder Wave|p2a: Ursaluna\n|-immune|p2a: Ursaluna\n|\n|-heal|p1a: Love|91\/100|[from] item: Leftovers\n|-status|p2a: Ursaluna|brn|[from] item: Flame Orb\n|upkeep\n|turn|3\n|\n|t:|1699418533\n|move|p2a: Ursaluna|Substitute|p2a: Ursaluna\n|-start|p2a: Ursaluna|Substitute\n|-damage|p2a: Ursaluna|76\/100 brn\n|move|p1a: Love|Fleur Cannon|p2a: Ursaluna|[miss]\n|-miss|p1a: Love|p2a: Ursaluna\n|\n|-heal|p1a: Love|97\/100|[from] item: Leftovers\n|-damage|p2a: Ursaluna|70\/100 brn|[from] brn\n|upkeep\n|turn|4\n|\n|t:|1699418542\n|move|p2a: Ursaluna|Headlong Rush|p1a: Love\n|-supereffective|p1a: Love\n|-damage|p1a: Love|0 fnt\n|-unboost|p2a: Ursaluna|def|1\n|-unboost|p2a: Ursaluna|spd|1\n|faint|p1a: Love\n|\n|-damage|p2a: Ursaluna|64\/100 brn|[from] brn\n|upkeep\n|\n|t:|1699418586\n|switch|p1a: Very|Cyclizar, F|100\/100\n|turn|5\n|\n|t:|1699418596\n|move|p2a: Ursaluna|Facade|p1a: Very\n|-damage|p1a: Very|0 fnt\n|faint|p1a: Very\n|\n|-damage|p2a: Ursaluna|58\/100 brn|[from] brn\n|-fieldend|move: Trick Room\n|upkeep\n|\n|t:|1699418599\n|switch|p1a: Finchley|Arceus-Grass|100\/100\n|turn|6\n|\n|t:|1699418611\n|-terastallize|p1a: Finchley|Ghost\n|move|p1a: Finchley|Judgment|p2a: Ursaluna\n|-supereffective|p2a: Ursaluna\n|-end|p2a: Ursaluna|Substitute\n|move|p2a: Ursaluna|Facade|p1a: Finchley\n|-immune|p1a: Finchley\n|\n|-damage|p2a: Ursaluna|51\/100 brn|[from] brn\n|upkeep\n|turn|7\n|\n|t:|1699418628\n|switch|p2a: Hoopa|Hoopa-Unbound|100\/100\n|move|p1a: Finchley|Calm Mind|p1a: Finchley\n|-boost|p1a: Finchley|spa|1\n|-boost|p1a: Finchley|spd|1\n|\n|upkeep\n|turn|8\n|\n|t:|1699418667\n|switch|p1a: Much|Roaring Moon|100\/100\n|-enditem|p1a: Much|Booster Energy\n|-activate|p1a: Much|ability: Protosynthesis|[fromitem]\n|-start|p1a: Much|protosynthesisspe\n|move|p2a: Hoopa|Hyperspace Fury|p1a: Much\n|-resisted|p1a: Much\n|-damage|p1a: Much|57\/100\n|-unboost|p2a: Hoopa|def|1\n|\n|upkeep\n|turn|9\n|\n|t:|1699418687\n|switch|p2a: Dialga|Dialga|100\/100\n|-ability|p2a: Dialga|Pressure\n|move|p1a: Much|Knock Off|p2a: Dialga\n|-damage|p2a: Dialga|66\/100\n|-enditem|p2a: Dialga|Eject Pack|[from] move: Knock Off|[of] p1a: Much\n|\n|upkeep\n|turn|10\n|\n|t:|1699418733\n|-end|p1a: Much|Protosynthesis|[silent]\n|switch|p1a: So|Chi-Yu|100\/100\n|-ability|p1a: So|Beads of Ruin\n|move|p2a: Dialga|Trick Room|p2a: Dialga\n|-fieldstart|move: Trick Room|[of] p2a: Dialga\n|\n|upkeep\n|turn|11\n|\n|t:|1699418779\n|move|p2a: Dialga|Draco Meteor|p1a: So\n|-damage|p1a: So|13\/100\n|-unboost|p2a: Dialga|spa|2\n|move|p1a: So|Flamethrower|p2a: Dialga\n|-damage|p2a: Dialga|10\/100\n|\n|upkeep\n|turn|12\n|l|\u2606uubers account\n|player|p1|\n|j|\u2606uubers account\n|player|p1|uubers account|266\n|\n|t:|1699418824\n|move|p2a: Dialga|Earth Power|p1a: So\n|-supereffective|p1a: So\n|-damage|p1a: So|0 fnt\n|faint|p1a: So\n|\n|upkeep\n|\n|t:|1699418840\n|switch|p1a: I|Palafin-Hero, M|100\/100\n|-activate|p1a: I|ability: Zero to Hero\n|turn|13\n|c|\u2606uubers account|imma refresh discord\n|\n|t:|1699418895\n|move|p1a: I|Jet Punch|p2a: Dialga\n|-resisted|p2a: Dialga\n|-damage|p2a: Dialga|0 fnt\n|faint|p2a: Dialga\n|\n|upkeep\n|l|\u2606uubers account\n|player|p1|\n|j|\u2606uubers account\n|player|p1|uubers account|266\n|\n|t:|1699418912\n|switch|p2a: Ursaluna|Ursaluna, F|51\/100 brn\n|turn|14\n|\n|t:|1699418941\n|-terastallize|p2a: Ursaluna|Normal\n|move|p1a: I|Jet Punch|p2a: Ursaluna\n|-damage|p2a: Ursaluna|9\/100 brn\n|move|p2a: Ursaluna|Facade|p1a: I\n|-damage|p1a: I|0 fnt\n|faint|p1a: I\n|\n|-damage|p2a: Ursaluna|3\/100 brn|[from] brn\n|-fieldend|move: Trick Room\n|upkeep\n|\n|t:|1699418956\n|switch|p1a: Much|Roaring Moon|57\/100\n|turn|15\n|\n|t:|1699418966\n|switch|p2a: Magearna|Magearna|84\/100\n|move|p1a: Much|Knock Off|p2a: Magearna\n|-resisted|p2a: Magearna\n|-damage|p2a: Magearna|69\/100\n|-enditem|p2a: Magearna|Leftovers|[from] move: Knock Off|[of] p1a: Much\n|\n|upkeep\n|turn|16\n|\n|t:|1699418998\n|move|p1a: Much|Iron Head|p2a: Magearna\n|-damage|p2a: Magearna|50\/100\n|move|p2a: Magearna|Trick Room|p2a: Magearna\n|-fieldstart|move: Trick Room|[of] p2a: Magearna\n|\n|upkeep\n|turn|17\n|\n|t:|1699419011\n|move|p2a: Magearna|Fleur Cannon|p1a: Much\n|-supereffective|p1a: Much\n|-crit|p1a: Much\n|-damage|p1a: Much|0 fnt\n|-unboost|p2a: Magearna|spa|2\n|faint|p1a: Much\n|-ability|p2a: Magearna|Soul-Heart|boost\n|-boost|p2a: Magearna|spa|1\n|-end|p1a: Much|Protosynthesis|[silent]\n|\n|upkeep\n|\n|t:|1699419014\n|switch|p1a: Finchley|Arceus-Grass, tera:Ghost|100\/100\n|turn|18\n|\n|t:|1699419026\n|move|p2a: Magearna|Fleur Cannon|p1a: Finchley\n|-damage|p1a: Finchley|75\/100\n|-unboost|p2a: Magearna|spa|2\n|move|p1a: Finchley|Judgment|p2a: Magearna\n|-resisted|p2a: Magearna\n|-damage|p2a: Magearna|29\/100\n|\n|upkeep\n|turn|19\n|\n|t:|1699419043\n|switch|p2a: Ursaluna|Ursaluna, F, tera:Normal|3\/100 brn\n|move|p1a: Finchley|Judgment|p2a: Ursaluna\n|-damage|p2a: Ursaluna|0 fnt\n|faint|p2a: Ursaluna\n|\n|upkeep\n|\n|t:|1699419051\n|switch|p2a: Hoopa|Hoopa-Unbound|100\/100\n|turn|20\n|\n|t:|1699419075\n|move|p2a: Hoopa|Hyperspace Fury|p1a: Finchley\n|-supereffective|p1a: Finchley\n|-damage|p1a: Finchley|0 fnt\n|-unboost|p2a: Hoopa|def|1\n|faint|p1a: Finchley\n|\n|win|Kinesquared\n|c|\u2606uubers account|ggez\n|l|\u2606uubers account\n","uploadtime":1699419101,"views":23,"p1id":"uubersaccount","p2id":"kinesquared","formatid":"gen9ubers","rating":0,"private":0,"password":""}