{"id":"gen9ubers-1977589748","p1":"Eric Vendrell","p2":"turbomadre%","format":"[Gen 9] Ubers","log":"|j|\u2606Eric Vendrell\n|j|\u2606turbomadre%\n|t:|1698429853\n|gametype|singles\n|player|p1|Eric Vendrell|2|\n|player|p2|turbomadre%|1|\n|teamsize|p1|6\n|teamsize|p2|6\n|gen|9\n|tier|[Gen 9] Ubers\n|rule|Sleep Clause Mod: Limit one foe put to sleep\n|rule|Species Clause: Limit one of each Pok\u00e9mon\n|rule|OHKO Clause: OHKO moves are banned\n|rule|Evasion Items Clause: Evasion items are banned\n|rule|Evasion Moves Clause: Evasion moves are banned\n|rule|Endless Battle Clause: Forcing endless battles is banned\n|rule|HP Percentage Mod: HP is shown in percentages\n|clearpoke\n|poke|p1|Garchomp, M|\n|poke|p1|Salamence, F|\n|poke|p1|Toxapex, F|\n|poke|p1|Torterra, F|\n|poke|p1|Dragapult, F|\n|poke|p1|Tyranitar, F|\n|poke|p2|Annihilape, F|\n|poke|p2|Blissey, F|\n|poke|p2|Cyclizar, M|\n|poke|p2|Grafaiai, M|\n|poke|p2|Tropius, M|\n|poke|p2|Oricorio, F|\n|teampreview\n|j| xVija14\n|\n|t:|1698429889\n|start\n|switch|p1a: Dragapult|Dragapult, F, shiny|100\/100\n|switch|p2a: Cyclizar|Cyclizar, M|100\/100\n|turn|1\n|\n|t:|1698429921\n|-terastallize|p2a: Cyclizar|Steel\n|move|p1a: Dragapult|Dragon Darts|p2a: Cyclizar\n|-resisted|p2a: Cyclizar\n|-damage|p2a: Cyclizar|82\/100\n|-anim|p1a: Dragapult|Dragon Darts|p2a: Cyclizar\n|-resisted|p2a: Cyclizar\n|-damage|p2a: Cyclizar|62\/100\n|-damage|p1a: Dragapult|91\/100|[from] item: Life Orb\n|move|p2a: Cyclizar|Shed Tail|p2a: Cyclizar\n|-start|p2a: Cyclizar|Substitute|[from] move: Shed Tail\n|-damage|p2a: Cyclizar|12\/100\n|j| Pyrope06\n|\n|t:|1698429934\n|switch|p2a: Annihilape|Annihilape, F|100\/100|[from] Shed Tail\n|\n|upkeep\n|turn|2\n|c| Pyrope06|Gl hf\n|\n|t:|1698429953\n|switch|p1a: Garchomp|Garchomp, M, shiny|100\/100\n|move|p2a: Annihilape|Rage Fist|p1a: Garchomp\n|-damage|p1a: Garchomp|80\/100\n|-damage|p2a: Annihilape|88\/100|[from] ability: Rough Skin|[of] p1a: Garchomp\n|-damage|p2a: Annihilape|71\/100|[from] item: Rocky Helmet|[of] p1a: Garchomp\n|\n|upkeep\n|turn|3\n|\n|t:|1698429965\n|move|p1a: Garchomp|Stealth Rock|p2a: Annihilape\n|-sidestart|p2: turbomadre%|move: Stealth Rock\n|move|p2a: Annihilape|Bulk Up|p2a: Annihilape\n|-boost|p2a: Annihilape|atk|1\n|-boost|p2a: Annihilape|def|1\n|\n|upkeep\n|turn|4\n|\n|t:|1698429973\n|move|p2a: Annihilape|Bulk Up|p2a: Annihilape\n|-boost|p2a: Annihilape|atk|1\n|-boost|p2a: Annihilape|def|1\n|move|p1a: Garchomp|Dragon Tail|p2a: Annihilape\n|-activate|p2a: Annihilape|move: Substitute|[damage]\n|\n|upkeep\n|turn|5\n|\n|t:|1698429999\n|move|p1a: Garchomp|Spikes|p2a: Annihilape\n|-sidestart|p2: turbomadre%|Spikes\n|move|p2a: Annihilape|Drain Punch|p1a: Garchomp\n|-damage|p1a: Garchomp|16\/100\n|-heal|p2a: Annihilape|100\/100|[from] drain|[of] p1a: Garchomp\n|-damage|p2a: Annihilape|88\/100|[from] ability: Rough Skin|[of] p1a: Garchomp\n|-damage|p2a: Annihilape|71\/100|[from] item: Rocky Helmet|[of] p1a: Garchomp\n|\n|upkeep\n|turn|6\n|\n|t:|1698430018\n|move|p1a: Garchomp|Spikes|p2a: Annihilape\n|-sidestart|p2: turbomadre%|Spikes\n|move|p2a: Annihilape|Drain Punch|p1a: Garchomp\n|-damage|p1a: Garchomp|0 fnt\n|-heal|p2a: Annihilape|80\/100|[from] drain|[of] p1a: Garchomp\n|-damage|p2a: Annihilape|68\/100|[from] ability: Rough Skin|[of] p1a: Garchomp\n|-damage|p2a: Annihilape|51\/100|[from] item: Rocky Helmet|[of] p1a: Garchomp\n|faint|p1a: Garchomp\n|\n|upkeep\n|\n|t:|1698430029\n|switch|p1a: Toxapex|Toxapex, F|100\/100\n|turn|7\n|\n|t:|1698430047\n|move|p2a: Annihilape|Drain Punch|p1a: Toxapex\n|-resisted|p1a: Toxapex\n|-damage|p1a: Toxapex|71\/100\n|-heal|p2a: Annihilape|64\/100|[from] drain|[of] p1a: Toxapex\n|move|p1a: Toxapex|Haze|p1a: Toxapex\n|-clearallboost\n|\n|-heal|p1a: Toxapex|77\/100|[from] item: Black Sludge\n|upkeep\n|turn|8\n|\n|t:|1698430068\n|move|p2a: Annihilape|Rage Fist|p1a: Toxapex\n|-damage|p1a: Toxapex|56\/100\n|move|p1a: Toxapex|Toxic Spikes|p2a: Annihilape\n|-sidestart|p2: turbomadre%|move: Toxic Spikes\n|\n|-heal|p1a: Toxapex|62\/100|[from] item: Black Sludge\n|upkeep\n|turn|9\n|\n|t:|1698430077\n|move|p2a: Annihilape|Rage Fist|p1a: Toxapex\n|-damage|p1a: Toxapex|42\/100\n|move|p1a: Toxapex|Toxic Spikes|p2a: Annihilape\n|-sidestart|p2: turbomadre%|move: Toxic Spikes\n|\n|-heal|p1a: Toxapex|49\/100|[from] item: Black Sludge\n|upkeep\n|turn|10\n|\n|t:|1698430086\n|move|p2a: Annihilape|Rage Fist|p1a: Toxapex\n|-damage|p1a: Toxapex|26\/100\n|move|p1a: Toxapex|Recover|p1a: Toxapex\n|-heal|p1a: Toxapex|76\/100\n|\n|-heal|p1a: Toxapex|83\/100|[from] item: Black Sludge\n|upkeep\n|turn|11\n|\n|t:|1698430097\n|move|p2a: Annihilape|Drain Punch|p1a: Toxapex\n|-resisted|p1a: Toxapex\n|-damage|p1a: Toxapex|66\/100\n|-heal|p2a: Annihilape|71\/100|[from] drain|[of] p1a: Toxapex\n|move|p1a: Toxapex|Venoshock|p2a: Annihilape\n|-resisted|p2a: Annihilape\n|-end|p2a: Annihilape|Substitute\n|\n|-heal|p1a: Toxapex|73\/100|[from] item: Black Sludge\n|upkeep\n|turn|12\n|\n|t:|1698430115\n|move|p2a: Annihilape|Bulk Up|p2a: Annihilape\n|-boost|p2a: Annihilape|atk|1\n|-boost|p2a: Annihilape|def|1\n|move|p1a: Toxapex|Recover|p1a: Toxapex\n|-heal|p1a: Toxapex|100\/100\n|\n|upkeep\n|turn|13\n|\n|t:|1698430124\n|move|p2a: Annihilape|Drain Punch|p1a: Toxapex\n|-resisted|p1a: Toxapex\n|-damage|p1a: Toxapex|77\/100\n|-heal|p2a: Annihilape|81\/100|[from] drain|[of] p1a: Toxapex\n|move|p1a: Toxapex|Haze|p1a: Toxapex\n|-clearallboost\n|\n|-heal|p1a: Toxapex|83\/100|[from] item: Black Sludge\n|upkeep\n|turn|14\n|\n|t:|1698430134\n|move|p2a: Annihilape|Drain Punch|p1a: Toxapex\n|-resisted|p1a: Toxapex\n|-crit|p1a: Toxapex\n|-damage|p1a: Toxapex|60\/100\n|-heal|p2a: Annihilape|91\/100|[from] drain|[of] p1a: Toxapex\n|move|p1a: Toxapex|Venoshock|p2a: Annihilape\n|-resisted|p2a: Annihilape\n|-damage|p2a: Annihilape|86\/100\n|\n|-heal|p1a: Toxapex|67\/100|[from] item: Black Sludge\n|upkeep\n|turn|15\n|\n|t:|1698430154\n|switch|p1a: Salamence|Salamence, F|100\/100\n|-ability|p1a: Salamence|Intimidate|boost\n|-unboost|p2a: Annihilape|atk|1\n|-ability|p2a: Annihilape|Defiant|boost\n|-boost|p2a: Annihilape|atk|2\n|move|p2a: Annihilape|Bulk Up|p2a: Annihilape\n|-boost|p2a: Annihilape|atk|1\n|-boost|p2a: Annihilape|def|1\n|\n|upkeep\n|turn|16\n|\n|t:|1698430165\n|move|p2a: Annihilape|Rage Fist|p1a: Salamence\n|-damage|p1a: Salamence|3\/100\n|move|p1a: Salamence|Dragon Tail|p2a: Annihilape\n|-damage|p2a: Annihilape|57\/100\n|-damage|p1a: Salamence|0 fnt|[from] item: Life Orb\n|faint|p1a: Salamence\n|drag|p2a: Tropius|Tropius, M|100\/100\n|-damage|p2a: Tropius|76\/100|[from] Stealth Rock\n|\n|upkeep\n|\n|t:|1698430191\n|switch|p1a: Torterra|Torterra, F, shiny|100\/100\n|turn|17\n|\n|t:|1698430195\n|move|p1a: Torterra|Shell Smash|p1a: Torterra\n|-unboost|p1a: Torterra|def|1\n|-unboost|p1a: Torterra|spd|1\n|-boost|p1a: Torterra|atk|2\n|-boost|p1a: Torterra|spa|2\n|-boost|p1a: Torterra|spe|2\n|move|p2a: Tropius|Substitute|p2a: Tropius\n|-start|p2a: Tropius|Substitute\n|-damage|p2a: Tropius|51\/100\n|\n|upkeep\n|turn|18\n|\n|t:|1698430210\n|move|p2a: Tropius|Protect|p2a: Tropius\n|-singleturn|p2a: Tropius|Protect\n|move|p1a: Torterra|Rock Blast|p2a: Tropius\n|-activate|p2a: Tropius|move: Protect\n|\n|upkeep\n|turn|19\n|\n|t:|1698430232\n|switch|p2a: Grafaiai|Grafaiai, M|100\/100\n|-damage|p2a: Grafaiai|88\/100|[from] Stealth Rock\n|-damage|p2a: Grafaiai|72\/100|[from] Spikes\n|-sideend|p2: turbomadre%|move: Toxic Spikes|[of] p2a: Grafaiai\n|move|p1a: Torterra|Rock Blast|p2a: Grafaiai\n|-damage|p2a: Grafaiai|53\/100\n|-damage|p2a: Grafaiai|35\/100\n|-damage|p2a: Grafaiai|17\/100\n|-damage|p2a: Grafaiai|0 fnt\n|faint|p2a: Grafaiai\n|-hitcount|p2: Grafaiai|4\n|\n|upkeep\n|\n|t:|1698430260\n|switch|p2a: Cyclizar|Cyclizar, M, tera:Steel|45\/100\n|-damage|p2a: Cyclizar|39\/100|[from] Stealth Rock\n|-damage|p2a: Cyclizar|22\/100|[from] Spikes\n|turn|20\n|\n|t:|1698430272\n|move|p1a: Torterra|Rock Blast|p2a: Cyclizar\n|-resisted|p2a: Cyclizar\n|-crit|p2a: Cyclizar\n|-damage|p2a: Cyclizar|7\/100\n|-resisted|p2a: Cyclizar\n|-damage|p2a: Cyclizar|0 fnt\n|faint|p2a: Cyclizar\n|-hitcount|p2: Cyclizar|2\n|\n|upkeep\n|\n|t:|1698430301\n|switch|p2a: Annihilape|Annihilape, F|57\/100\n|-damage|p2a: Annihilape|51\/100|[from] Stealth Rock\n|-damage|p2a: Annihilape|34\/100|[from] Spikes\n|turn|21\n|\n|t:|1698430348\n|move|p1a: Torterra|Rock Blast|p2a: Annihilape\n|-resisted|p2a: Annihilape\n|-damage|p2a: Annihilape|26\/100\n|-resisted|p2a: Annihilape\n|-damage|p2a: Annihilape|18\/100\n|-resisted|p2a: Annihilape\n|-damage|p2a: Annihilape|9\/100\n|-resisted|p2a: Annihilape\n|-damage|p2a: Annihilape|0 fnt\n|faint|p2a: Annihilape\n|-hitcount|p2: Annihilape|4\n|\n|upkeep\n|\n|t:|1698430359\n|switch|p2a: Oricorio|Oricorio, F, shiny|100\/100\n|-damage|p2a: Oricorio|50\/100|[from] Stealth Rock\n|turn|22\n|-message|turbomadre% forfeited.\n|\n|win|Eric Vendrell\n|l|\u2606turbomadre%\n","uploadtime":1698430377,"views":13,"p1id":"ericvendrell","p2id":"turbomadre","formatid":"gen9ubers","rating":0,"private":0,"password":""}