{"id":"gen9ubers-1969140595","p1":"underhours","p2":"spidernoculus","format":"[Gen 9] Ubers","log":"|j|\u2606underhours\n|j|\u2606spidernoculus\n|t:|1697493689\n|gametype|singles\n|player|p1|underhours|brock-gen2|\n|player|p2|spidernoculus|rosa|\n|teamsize|p1|6\n|teamsize|p2|6\n|gen|9\n|tier|[Gen 9] Ubers\n|rule|Sleep Clause Mod: Limit one foe put to sleep\n|rule|Species Clause: Limit one of each Pok\u00e9mon\n|rule|OHKO Clause: OHKO moves are banned\n|rule|Evasion Items Clause: Evasion items are banned\n|rule|Evasion Moves Clause: Evasion moves are banned\n|rule|Endless Battle Clause: Forcing endless battles is banned\n|rule|HP Percentage Mod: HP is shown in percentages\n|clearpoke\n|poke|p1|Heatran, M|\n|poke|p1|Zacian-*|\n|poke|p1|Magearna|\n|poke|p1|Arceus-Poison|\n|poke|p1|Chi-Yu|\n|poke|p1|Cyclizar, F|\n|poke|p2|Grimmsnarl, M|\n|poke|p2|Dialga-Origin|\n|poke|p2|Cyclizar, F|\n|poke|p2|Arceus-Fire|\n|poke|p2|Zapdos|\n|poke|p2|Jirachi|\n|teampreview\n|inactive|Battle timer is ON: inactive players will automatically lose when time's up. (requested by underhours)\n|c|\u2606underhours|glhf\n|c|\u2606spidernoculus|GL HF\n|inactive|underhours has 270 seconds left.\n|\n|t:|1697493721\n|start\n|switch|p1a: Cyclizar|Cyclizar, F|100\/100\n|switch|p2a: Arceus|Arceus-Fire|100\/100\n|turn|1\n|\n|t:|1697493741\n|move|p1a: Cyclizar|Shed Tail|p1a: Cyclizar\n|-start|p1a: Cyclizar|Substitute|[from] move: Shed Tail\n|-damage|p1a: Cyclizar|50\/100\n|\n|t:|1697493749\n|switch|p1a: Arceus|Arceus-Poison|100\/100|[from] Shed Tail\n|move|p2a: Arceus|Calm Mind|p2a: Arceus\n|-boost|p2a: Arceus|spa|1\n|-boost|p2a: Arceus|spd|1\n|\n|upkeep\n|turn|2\n|\n|t:|1697493757\n|move|p2a: Arceus|Judgment|p1a: Arceus\n|-end|p1a: Arceus|Substitute\n|move|p1a: Arceus|Dragon Dance|p1a: Arceus\n|-boost|p1a: Arceus|atk|1\n|-boost|p1a: Arceus|spe|1\n|\n|upkeep\n|turn|3\n|\n|t:|1697493764\n|move|p1a: Arceus|Earthquake|p2a: Arceus\n|-supereffective|p2a: Arceus\n|-damage|p2a: Arceus|27\/100\n|move|p2a: Arceus|Judgment|p1a: Arceus\n|-damage|p1a: Arceus|40\/100\n|\n|upkeep\n|turn|4\n|\n|t:|1697493772\n|switch|p2a: Zapdos|Zapdos|100\/100\n|move|p1a: Arceus|Earthquake|p2a: Zapdos\n|-immune|p2a: Zapdos\n|\n|upkeep\n|turn|5\n|\n|t:|1697493778\n|move|p1a: Arceus|Recover|p1a: Arceus\n|-heal|p1a: Arceus|90\/100\n|move|p2a: Zapdos|Thunder Wave|p1a: Arceus\n|-status|p1a: Arceus|par\n|\n|upkeep\n|turn|6\n|\n|t:|1697493785\n|move|p2a: Zapdos|Thunderbolt|p1a: Arceus\n|-damage|p1a: Arceus|64\/100 par\n|move|p1a: Arceus|Dragon Dance|p1a: Arceus\n|-boost|p1a: Arceus|atk|1\n|-boost|p1a: Arceus|spe|1\n|\n|upkeep\n|turn|7\n|\n|t:|1697493791\n|move|p1a: Arceus|Dragon Dance|p1a: Arceus\n|-boost|p1a: Arceus|atk|1\n|-boost|p1a: Arceus|spe|1\n|move|p2a: Zapdos|Thunderbolt|p1a: Arceus\n|-damage|p1a: Arceus|38\/100 par\n|\n|upkeep\n|turn|8\n|\n|t:|1697493796\n|move|p1a: Arceus|Recover|p1a: Arceus\n|-heal|p1a: Arceus|88\/100 par\n|move|p2a: Zapdos|Thunderbolt|p1a: Arceus\n|-damage|p1a: Arceus|63\/100 par\n|\n|upkeep\n|turn|9\n|\n|t:|1697493803\n|switch|p2a: Jirachi|Jirachi|100\/100\n|cant|p1a: Arceus|par\n|\n|upkeep\n|turn|10\n|\n|t:|1697493809\n|move|p1a: Arceus|Earthquake|p2a: Jirachi\n|-supereffective|p2a: Jirachi\n|-crit|p2a: Jirachi\n|-damage|p2a: Jirachi|0 fnt\n|faint|p2a: Jirachi\n|\n|upkeep\n|\n|t:|1697493814\n|switch|p2a: Cyclizar|Cyclizar, F|100\/100\n|turn|11\n|\n|t:|1697493820\n|move|p2a: Cyclizar|Draco Meteor|p1a: Arceus\n|-damage|p1a: Arceus|16\/100 par\n|-unboost|p2a: Cyclizar|spa|2\n|-damage|p2a: Cyclizar|91\/100|[from] item: Life Orb\n|move|p1a: Arceus|Poison Jab|p2a: Cyclizar\n|-damage|p2a: Cyclizar|0 fnt\n|faint|p2a: Cyclizar\n|\n|upkeep\n|\n|t:|1697493828\n|switch|p2a: Dialga|Dialga-Origin|100\/100\n|-ability|p2a: Dialga|Pressure\n|turn|12\n|\n|t:|1697493848\n|cant|p1a: Arceus|par\n|move|p2a: Dialga|Flash Cannon|p1a: Arceus\n|-damage|p1a: Arceus|0 fnt\n|faint|p1a: Arceus\n|\n|upkeep\n|\n|t:|1697493859\n|switch|p1a: \u227d^\u2022\u2a4a\u2022^\u227c|Heatran, M|100\/100\n|turn|13\n|\n|t:|1697493864\n|move|p2a: Dialga|Stealth Rock|p1a: \u227d^\u2022\u2a4a\u2022^\u227c\n|-sidestart|p1: underhours|move: Stealth Rock\n|move|p1a: \u227d^\u2022\u2a4a\u2022^\u227c|Magma Storm|p2a: Dialga\n|-damage|p2a: Dialga|64\/100\n|-activate|p2a: Dialga|move: Magma Storm|[of] p1a: \u227d^\u2022\u2a4a\u2022^\u227c\n|\n|-damage|p2a: Dialga|52\/100|[from] move: Magma Storm|[partiallytrapped]\n|upkeep\n|turn|14\n|\n|t:|1697493876\n|move|p2a: Dialga|Thunderbolt|p1a: \u227d^\u2022\u2a4a\u2022^\u227c\n|-damage|p1a: \u227d^\u2022\u2a4a\u2022^\u227c|73\/100\n|move|p1a: \u227d^\u2022\u2a4a\u2022^\u227c|Stealth Rock|p2a: Dialga\n|-sidestart|p2: spidernoculus|move: Stealth Rock\n|\n|-heal|p1a: \u227d^\u2022\u2a4a\u2022^\u227c|79\/100|[from] item: Leftovers\n|-damage|p2a: Dialga|40\/100|[from] move: Magma Storm|[partiallytrapped]\n|upkeep\n|turn|15\n|\n|t:|1697493897\n|move|p2a: Dialga|Thunderbolt|p1a: \u227d^\u2022\u2a4a\u2022^\u227c\n|-damage|p1a: \u227d^\u2022\u2a4a\u2022^\u227c|55\/100\n|move|p1a: \u227d^\u2022\u2a4a\u2022^\u227c|Body Press|p2a: Dialga\n|-supereffective|p2a: Dialga\n|-damage|p2a: Dialga|0 fnt\n|faint|p2a: Dialga\n|\n|-heal|p1a: \u227d^\u2022\u2a4a\u2022^\u227c|62\/100|[from] item: Leftovers\n|upkeep\n|\n|t:|1697493907\n|switch|p2a: Zapdos|Zapdos|100\/100\n|turn|16\n|\n|t:|1697493914\n|move|p2a: Zapdos|Thunderbolt|p1a: \u227d^\u2022\u2a4a\u2022^\u227c\n|-damage|p1a: \u227d^\u2022\u2a4a\u2022^\u227c|36\/100\n|-status|p1a: \u227d^\u2022\u2a4a\u2022^\u227c|par\n|move|p1a: \u227d^\u2022\u2a4a\u2022^\u227c|Magma Storm|p2a: Zapdos\n|-damage|p2a: Zapdos|72\/100\n|-activate|p2a: Zapdos|move: Magma Storm|[of] p1a: \u227d^\u2022\u2a4a\u2022^\u227c\n|\n|-heal|p1a: \u227d^\u2022\u2a4a\u2022^\u227c|42\/100 par|[from] item: Leftovers\n|-damage|p2a: Zapdos|60\/100|[from] move: Magma Storm|[partiallytrapped]\n|upkeep\n|turn|17\n|\n|t:|1697493924\n|move|p2a: Zapdos|Thunderbolt|p1a: \u227d^\u2022\u2a4a\u2022^\u227c\n|-damage|p1a: \u227d^\u2022\u2a4a\u2022^\u227c|13\/100 par\n|cant|p1a: \u227d^\u2022\u2a4a\u2022^\u227c|par\n|\n|-heal|p1a: \u227d^\u2022\u2a4a\u2022^\u227c|19\/100 par|[from] item: Leftovers\n|-damage|p2a: Zapdos|48\/100|[from] move: Magma Storm|[partiallytrapped]\n|upkeep\n|turn|18\n|\n|t:|1697493931\n|move|p2a: Zapdos|Thunderbolt|p1a: \u227d^\u2022\u2a4a\u2022^\u227c\n|-damage|p1a: \u227d^\u2022\u2a4a\u2022^\u227c|0 fnt\n|faint|p1a: \u227d^\u2022\u2a4a\u2022^\u227c\n|\n|-end|p2a: Zapdos|Magma Storm|[partiallytrapped]|[silent]\n|upkeep\n|\n|t:|1697493936\n|switch|p1a: Chi-Yu|Chi-Yu|100\/100\n|-damage|p1a: Chi-Yu|76\/100|[from] Stealth Rock\n|-ability|p1a: Chi-Yu|Beads of Ruin\n|turn|19\n|\n|t:|1697493946\n|move|p1a: Chi-Yu|Flamethrower|p2a: Zapdos\n|-damage|p2a: Zapdos|0 fnt\n|faint|p2a: Zapdos\n|\n|upkeep\n|\n|t:|1697493949\n|switch|p2a: Grimmsnarl|Grimmsnarl, M|100\/100\n|-damage|p2a: Grimmsnarl|88\/100|[from] Stealth Rock\n|turn|20\n|\n|t:|1697493954\n|move|p2a: Grimmsnarl|Light Screen|p2a: Grimmsnarl\n|-sidestart|p2: spidernoculus|move: Light Screen\n|move|p1a: Chi-Yu|Flamethrower|p2a: Grimmsnarl\n|-damage|p2a: Grimmsnarl|52\/100\n|\n|upkeep\n|turn|21\n|\n|t:|1697493962\n|switch|p1a: Cyclizar|Cyclizar, F|84\/100\n|move|p2a: Grimmsnarl|Parting Shot|p1a: Cyclizar\n|-unboost|p1a: Cyclizar|atk|1\n|-unboost|p1a: Cyclizar|spa|1\n|\n|t:|1697493967\n|switch|p2a: Arceus|Arceus-Fire|27\/100|[from] Parting Shot\n|-damage|p2a: Arceus|3\/100|[from] Stealth Rock\n|\n|upkeep\n|turn|22\n|\n|t:|1697493973\n|move|p1a: Cyclizar|Knock Off|p2a: Arceus\n|-damage|p2a: Arceus|0 fnt\n|faint|p2a: Arceus\n|\n|upkeep\n|\n|t:|1697493976\n|switch|p2a: Grimmsnarl|Grimmsnarl, M|52\/100\n|-damage|p2a: Grimmsnarl|39\/100|[from] Stealth Rock\n|turn|23\n|c|\u2606spidernoculus|gg\n|c|\u2606underhours|gg\n|\n|t:|1697493985\n|move|p2a: Grimmsnarl|Reflect|p2a: Grimmsnarl\n|-sidestart|p2: spidernoculus|Reflect\n|move|p1a: Cyclizar|Taunt|p2a: Grimmsnarl\n|-start|p2a: Grimmsnarl|move: Taunt\n|\n|upkeep\n|turn|24\n|\n|t:|1697493990\n|move|p1a: Cyclizar|Shed Tail|p1a: Cyclizar\n|-start|p1a: Cyclizar|Substitute|[from] move: Shed Tail\n|-damage|p1a: Cyclizar|34\/100\n|\n|t:|1697493994\n|switch|p1a: Zacian|Zacian|100\/100|[from] Shed Tail\n|-damage|p1a: Zacian|88\/100|[from] Stealth Rock\n|-ability|p1a: Zacian|Intrepid Sword|boost\n|-boost|p1a: Zacian|atk|1\n|-activate|p2a: Grimmsnarl|move: Struggle\n|move|p2a: Grimmsnarl|Struggle|p1a: Zacian\n|-crit|p1a: Zacian\n|-activate|p1a: Zacian|move: Substitute|[damage]\n|-damage|p2a: Grimmsnarl|14\/100|[from] recoil\n|\n|upkeep\n|turn|25\n|\n|t:|1697494007\n|move|p1a: Zacian|Play Rough|p2a: Grimmsnarl\n|-supereffective|p2a: Grimmsnarl\n|-damage|p2a: Grimmsnarl|0 fnt\n|faint|p2a: Grimmsnarl\n|\n|win|underhours\n|l|\u2606spidernoculus\n","uploadtime":1697494040,"views":31,"p1id":"underhours","p2id":"spidernoculus","formatid":"gen9ubers","rating":0,"private":0,"password":""}