{"id":"gen9ubers-1974144226","p1":"orodrigu","p2":"Ratael-901","format":"[Gen 9] Ubers","log":"|j|\u2606orodrigu\n|j|\u2606Ratael-901\n|t:|1698061697\n|gametype|singles\n|player|p1|orodrigu|ethan|1100\n|player|p2|Ratael-901|unknown|1258\n|teamsize|p1|6\n|teamsize|p2|6\n|gen|9\n|tier|[Gen 9] Ubers\n|rated|\n|rule|Sleep Clause Mod: Limit one foe put to sleep\n|rule|Species Clause: Limit one of each Pok\u00e9mon\n|rule|OHKO Clause: OHKO moves are banned\n|rule|Evasion Items Clause: Evasion items are banned\n|rule|Evasion Moves Clause: Evasion moves are banned\n|rule|Endless Battle Clause: Forcing endless battles is banned\n|rule|HP Percentage Mod: HP is shown in percentages\n|clearpoke\n|poke|p1|Infernape, M|\n|poke|p1|Skeledirge, M|\n|poke|p1|Gliscor, M|\n|poke|p1|Ursaluna, M|\n|poke|p1|Zoroark-Hisui, M|\n|poke|p1|Garchomp, M|\n|poke|p2|Chien-Pao|\n|poke|p2|Kyogre|\n|poke|p2|Zacian-*|\n|poke|p2|Arceus|\n|poke|p2|Groudon|\n|poke|p2|Giratina|\n|teampreview\n|inactive|Battle timer is ON: inactive players will automatically lose when time's up. (requested by Ratael-901)\n|\n|t:|1698061706\n|start\n|switch|p1a: Garchomp|Garchomp, M, shiny|100\/100\n|switch|p2a: Groudon|Groudon|100\/100\n|-weather|SunnyDay|[from] ability: Drought|[of] p2a: Groudon\n|turn|1\n|\n|t:|1698061716\n|move|p1a: Garchomp|Nasty Plot|p1a: Garchomp\n|-boost|p1a: Garchomp|spa|2\n|move|p2a: Groudon|Earthquake|p1a: Garchomp\n|-enditem|p1a: Garchomp|Focus Sash\n|-damage|p1a: Garchomp|1\/100\n|replace|p1a: Zoroark|Zoroark-Hisui, M, shiny\n|-end|p1a: Zoroark|Illusion\n|\n|-weather|SunnyDay|[upkeep]\n|upkeep\n|turn|2\n|\n|t:|1698061727\n|move|p1a: Zoroark|Shadow Ball|p2a: Groudon\n|-damage|p2a: Groudon|44\/100\n|move|p2a: Groudon|Thunder Punch|p1a: Zoroark\n|-damage|p1a: Zoroark|0 fnt\n|faint|p1a: Zoroark\n|\n|-weather|SunnyDay|[upkeep]\n|upkeep\n|\n|t:|1698061741\n|switch|p1a: Ursaluna|Ursaluna, M, shiny|100\/100\n|turn|3\n|\n|t:|1698061749\n|move|p2a: Groudon|Earthquake|p1a: Ursaluna\n|-damage|p1a: Ursaluna|52\/100\n|move|p1a: Ursaluna|Trailblaze|p2a: Groudon\n|-supereffective|p2a: Groudon\n|-damage|p2a: Groudon|16\/100\n|-boost|p1a: Ursaluna|spe|1\n|\n|-weather|SunnyDay|[upkeep]\n|-status|p1a: Ursaluna|brn|[from] item: Flame Orb\n|upkeep\n|turn|4\n|\n|t:|1698061761\n|move|p2a: Groudon|Earthquake|p1a: Ursaluna\n|-damage|p1a: Ursaluna|8\/100 brn\n|move|p1a: Ursaluna|Trailblaze|p2a: Groudon\n|-supereffective|p2a: Groudon\n|-damage|p2a: Groudon|0 fnt\n|-boost|p1a: Ursaluna|spe|1\n|faint|p2a: Groudon\n|\n|-weather|SunnyDay|[upkeep]\n|-damage|p1a: Ursaluna|2\/100 brn|[from] brn\n|upkeep\n|\n|t:|1698061767\n|switch|p2a: Arceus|Arceus|100\/100\n|turn|5\n|\n|t:|1698061778\n|move|p2a: Arceus|Extreme Speed|p1a: Ursaluna\n|-damage|p1a: Ursaluna|0 fnt\n|faint|p1a: Ursaluna\n|\n|-weather|none\n|upkeep\n|\n|t:|1698061795\n|switch|p1a: Garchomp|Garchomp, M, shiny|100\/100\n|turn|6\n|\n|t:|1698061801\n|move|p1a: Garchomp|Swords Dance|p1a: Garchomp\n|-boost|p1a: Garchomp|atk|2\n|move|p2a: Arceus|Dragon Tail|p1a: Garchomp|[miss]\n|-miss|p2a: Arceus|p1a: Garchomp\n|\n|upkeep\n|turn|7\n|\n|t:|1698061814\n|move|p1a: Garchomp|Scale Shot|p2a: Arceus\n|-damage|p2a: Arceus|86\/100\n|-damage|p2a: Arceus|72\/100\n|-damage|p2a: Arceus|60\/100\n|-damage|p2a: Arceus|48\/100\n|-damage|p2a: Arceus|34\/100\n|-hitcount|p2a: Arceus|5\n|-unboost|p1a: Garchomp|def|1\n|-boost|p1a: Garchomp|spe|1\n|move|p2a: Arceus|Dragon Tail|p1a: Garchomp\n|-supereffective|p1a: Garchomp\n|-damage|p1a: Garchomp|51\/100\n|-damage|p2a: Arceus|22\/100|[from] ability: Rough Skin|[of] p1a: Garchomp\n|drag|p1a: Skeledirge|Skeledirge, M, shiny|100\/100\n|\n|upkeep\n|turn|8\n|\n|t:|1698061832\n|-terastallize|p1a: Skeledirge|Water\n|move|p2a: Arceus|Shadow Claw|p1a: Skeledirge\n|-damage|p1a: Skeledirge|89\/100\n|move|p1a: Skeledirge|Torch Song|p2a: Arceus\n|-damage|p2a: Arceus|0 fnt\n|-boost|p1a: Skeledirge|spa|1\n|faint|p2a: Arceus\n|\n|-heal|p1a: Skeledirge|95\/100|[from] item: Leftovers\n|upkeep\n|\n|t:|1698061842\n|switch|p2a: Kyogre|Kyogre|100\/100\n|-weather|RainDance|[from] ability: Drizzle|[of] p2a: Kyogre\n|turn|9\n|\n|t:|1698061850\n|move|p2a: Kyogre|Thunder|p1a: Skeledirge\n|-supereffective|p1a: Skeledirge\n|-damage|p1a: Skeledirge|25\/100\n|move|p1a: Skeledirge|Shadow Ball|p2a: Kyogre\n|-damage|p2a: Kyogre|72\/100\n|-unboost|p2a: Kyogre|spd|1\n|\n|-weather|RainDance|[upkeep]\n|-heal|p2a: Kyogre|78\/100|[from] item: Leftovers\n|-heal|p1a: Skeledirge|31\/100|[from] item: Leftovers\n|upkeep\n|turn|10\n|\n|t:|1698061862\n|move|p2a: Kyogre|Thunder|p1a: Skeledirge\n|-supereffective|p1a: Skeledirge\n|-damage|p1a: Skeledirge|0 fnt\n|faint|p1a: Skeledirge\n|\n|-weather|RainDance|[upkeep]\n|-heal|p2a: Kyogre|84\/100|[from] item: Leftovers\n|upkeep\n|\n|t:|1698061872\n|switch|p1a: Gliscor|Gliscor, M, shiny|100\/100\n|turn|11\n|\n|t:|1698061877\n|switch|p2a: Giratina|Giratina|100\/100\n|-ability|p2a: Giratina|Pressure\n|move|p1a: Gliscor|Poison Jab|p2a: Giratina\n|-resisted|p2a: Giratina\n|-damage|p2a: Giratina|94\/100\n|-status|p2a: Giratina|psn\n|\n|-weather|RainDance|[upkeep]\n|-damage|p2a: Giratina|81\/100 psn|[from] psn\n|-status|p1a: Gliscor|tox|[from] item: Toxic Orb\n|upkeep\n|turn|12\n|\n|t:|1698061894\n|move|p1a: Gliscor|Protect|p1a: Gliscor\n|-singleturn|p1a: Gliscor|Protect\n|move|p2a: Giratina|Shadow Ball|p1a: Gliscor\n|-activate|p1a: Gliscor|move: Protect\n|\n|-weather|RainDance|[upkeep]\n|-damage|p2a: Giratina|69\/100 psn|[from] psn\n|upkeep\n|turn|13\n|\n|t:|1698061905\n|switch|p1a: Infernape|Infernape, M, shiny|100\/100\n|move|p2a: Giratina|Shadow Ball|p1a: Infernape\n|-damage|p1a: Infernape|27\/100\n|\n|-weather|none\n|-damage|p2a: Giratina|57\/100 psn|[from] psn\n|upkeep\n|turn|14\n|\n|t:|1698061920\n|move|p1a: Infernape|Fire Punch|p2a: Giratina\n|-resisted|p2a: Giratina\n|-damage|p2a: Giratina|41\/100 psn\n|move|p2a: Giratina|Shadow Ball|p1a: Infernape\n|-damage|p1a: Infernape|0 fnt\n|faint|p1a: Infernape\n|\n|-damage|p2a: Giratina|29\/100 psn|[from] psn\n|upkeep\n|c|\u2606orodrigu|xd\n|c|\u2606orodrigu|puto gay\n|inactive|orodrigu has 120 seconds left.\n|c|\u2606orodrigu|solo legendarios\n|c|\u2606orodrigu|xd\n|\n|t:|1698061949\n|switch|p1a: Garchomp|Garchomp, M, shiny|51\/100\n|turn|15\n|\n|t:|1698061955\n|move|p1a: Garchomp|Scale Shot|p2a: Giratina\n|-supereffective|p2a: Giratina\n|-damage|p2a: Giratina|12\/100 psn\n|-supereffective|p2a: Giratina\n|-damage|p2a: Giratina|0 fnt\n|faint|p2a: Giratina\n|-hitcount|p2: Giratina|2\n|-unboost|p1a: Garchomp|def|1\n|-boost|p1a: Garchomp|spe|1\n|\n|upkeep\n|\n|t:|1698061962\n|switch|p2a: Chien-Pao|Chien-Pao|100\/100\n|-ability|p2a: Chien-Pao|Sword of Ruin\n|turn|16\n|\n|t:|1698061967\n|move|p2a: Chien-Pao|Ice Spinner|p1a: Garchomp\n|-supereffective|p1a: Garchomp\n|-damage|p1a: Garchomp|0 fnt\n|-damage|p2a: Chien-Pao|88\/100|[from] ability: Rough Skin|[of] p1a: Garchomp\n|faint|p1a: Garchomp\n|\n|upkeep\n|\n|t:|1698061974\n|switch|p1a: Gliscor|Gliscor, M, shiny|100\/100 tox\n|turn|17\n|c|\u2606Ratael-901|Uber not ou\n|\n|t:|1698061980\n|move|p1a: Gliscor|Protect|p1a: Gliscor\n|-singleturn|p1a: Gliscor|Protect\n|move|p2a: Chien-Pao|Ice Spinner|p1a: Gliscor\n|-activate|p1a: Gliscor|move: Protect\n|\n|upkeep\n|turn|18\n|c|\u2606orodrigu|igualmente es de gay el uso de legendarios\n|c|\u2606orodrigu|xd\n|inactive|orodrigu has 120 seconds left.\n|\n|t:|1698062009\n|move|p2a: Chien-Pao|Ice Spinner|p1a: Gliscor\n|-supereffective|p1a: Gliscor\n|-damage|p1a: Gliscor|0 fnt\n|faint|p1a: Gliscor\n|\n|win|Ratael-901\n|raw|orodrigu's rating: 1100 &rarr; <strong>1086<\/strong><br \/>(-14 for losing)\n|raw|Ratael-901's rating: 1258 &rarr; <strong>1272<\/strong><br \/>(+14 for winning)\n","uploadtime":1698061932,"views":15,"p1id":"orodrigu","p2id":"ratael901","formatid":"gen9ubers","rating":1086,"private":0,"password":""}