{"id":"gen9ubers-2000138640","p1":"Joshi Akshar","p2":"Elscorchie","format":"[Gen 9] Ubers","log":"|j|\u2606Joshi Akshar\n|j|\u2606Elscorchie\n|t:|1701161614\n|gametype|singles\n|player|p1|Joshi Akshar|102|1045\n|player|p2|Elscorchie|lucas|1145\n|teamsize|p1|6\n|teamsize|p2|6\n|gen|9\n|tier|[Gen 9] Ubers\n|rated|\n|rule|Sleep Clause Mod: Limit one foe put to sleep\n|rule|Species Clause: Limit one of each Pok\u00e9mon\n|rule|OHKO Clause: OHKO moves are banned\n|rule|Evasion Items Clause: Evasion items are banned\n|rule|Evasion Moves Clause: Evasion moves are banned\n|rule|Endless Battle Clause: Forcing endless battles is banned\n|rule|HP Percentage Mod: HP is shown in percentages\n|clearpoke\n|poke|p1|Arceus|\n|poke|p1|Groudon|\n|poke|p1|Regieleki|\n|poke|p1|Urshifu-*, M|\n|poke|p1|Zacian-*|\n|poke|p1|Darkrai|\n|poke|p2|Volcarona, M|\n|poke|p2|Ceruledge, F|\n|poke|p2|Infernape, M|\n|poke|p2|Iron Moth|\n|poke|p2|Cinderace, M|\n|poke|p2|Ogerpon-Hearthflame, F|\n|teampreview\n|inactive|Battle timer is ON: inactive players will automatically lose when time's up. (requested by Joshi Akshar)\n|\n|t:|1701161629\n|start\n|switch|p1a: Urshifu|Urshifu-Rapid-Strike, M|100\/100\n|switch|p2a: Volcarona|Volcarona, M|100\/100\n|turn|1\n|\n|t:|1701161638\n|move|p2a: Volcarona|Quiver Dance|p2a: Volcarona\n|-boost|p2a: Volcarona|spa|1\n|-boost|p2a: Volcarona|spd|1\n|-boost|p2a: Volcarona|spe|1\n|move|p1a: Urshifu|Liquidation|p2a: Volcarona\n|-supereffective|p2a: Volcarona\n|-enditem|p2a: Volcarona|Focus Sash\n|-damage|p2a: Volcarona|1\/100\n|\n|upkeep\n|turn|2\n|\n|t:|1701161666\n|move|p2a: Volcarona|Giga Drain|p1a: Urshifu\n|-supereffective|p1a: Urshifu\n|-enditem|p1a: Urshifu|Focus Sash\n|-damage|p1a: Urshifu|1\/100\n|-heal|p2a: Volcarona|59\/100|[from] drain|[of] p1a: Urshifu\n|move|p1a: Urshifu|Aerial Ace|p2a: Volcarona\n|-supereffective|p2a: Volcarona\n|-damage|p2a: Volcarona|0 fnt\n|faint|p2a: Volcarona\n|\n|upkeep\n|\n|t:|1701161672\n|switch|p2a: Ogerpon|Ogerpon-Hearthflame, F|100\/100\n|-ability|p2a: Ogerpon|Mold Breaker\n|turn|3\n|\n|t:|1701161677\n|move|p2a: Ogerpon|Spiky Shield|p2a: Ogerpon\n|-singleturn|p2a: Ogerpon|move: Protect\n|move|p1a: Urshifu|Liquidation|p2a: Ogerpon\n|-crit|p2a: Ogerpon\n|-damage|p2a: Ogerpon|30\/100\n|\n|upkeep\n|turn|4\n|\n|t:|1701161699\n|move|p2a: Ogerpon|Horn Leech|p1a: Urshifu\n|-supereffective|p1a: Urshifu\n|-damage|p1a: Urshifu|0 fnt\n|-heal|p2a: Ogerpon|30\/100|[from] drain|[of] p1a: Urshifu\n|faint|p1a: Urshifu\n|\n|upkeep\n|\n|t:|1701161711\n|switch|p1a: Groudon|Groudon|100\/100\n|-weather|SunnyDay|[from] ability: Drought|[of] p1a: Groudon\n|turn|5\n|\n|t:|1701161721\n|move|p2a: Ogerpon|Horn Leech|p1a: Groudon\n|-supereffective|p1a: Groudon\n|-damage|p1a: Groudon|40\/100\n|-heal|p2a: Ogerpon|66\/100|[from] drain|[of] p1a: Groudon\n|move|p1a: Groudon|Eruption|p2a: Ogerpon\n|-damage|p2a: Ogerpon|39\/100\n|\n|-weather|SunnyDay|[upkeep]\n|upkeep\n|turn|6\n|\n|t:|1701161733\n|move|p2a: Ogerpon|Horn Leech|p1a: Groudon\n|-supereffective|p1a: Groudon\n|-damage|p1a: Groudon|0 fnt\n|-heal|p2a: Ogerpon|62\/100|[from] drain|[of] p1a: Groudon\n|faint|p1a: Groudon\n|\n|-weather|SunnyDay|[upkeep]\n|upkeep\n|\n|t:|1701161737\n|switch|p1a: Arceus|Arceus|100\/100\n|turn|7\n|inactive|Elscorchie has 120 seconds left.\n|\n|t:|1701161769\n|move|p1a: Arceus|Extreme Speed|p2a: Ogerpon\n|-damage|p2a: Ogerpon|10\/100\n|move|p2a: Ogerpon|Ivy Cudgel|p1a: Arceus|[anim] Ivy Cudgel Fire\n|-damage|p1a: Arceus|35\/100\n|\n|-weather|SunnyDay|[upkeep]\n|upkeep\n|turn|8\n|\n|t:|1701161775\n|move|p2a: Ogerpon|Spiky Shield|p2a: Ogerpon\n|-singleturn|p2a: Ogerpon|move: Protect\n|move|p1a: Arceus|Extreme Speed|p2a: Ogerpon\n|-activate|p2a: Ogerpon|move: Protect\n|-damage|p1a: Arceus|23\/100|[from] Spiky Shield|[of] p2a: Ogerpon\n|\n|-weather|SunnyDay|[upkeep]\n|upkeep\n|turn|9\n|\n|t:|1701161786\n|switch|p2a: Ceruledge|Ceruledge, F|100\/100\n|move|p1a: Arceus|Extreme Speed|p2a: Ceruledge\n|-immune|p2a: Ceruledge\n|\n|-weather|none\n|upkeep\n|turn|10\n|\n|t:|1701161794\n|move|p1a: Arceus|Protect|p1a: Arceus\n|-singleturn|p1a: Arceus|Protect\n|move|p2a: Ceruledge|Bitter Blade|p1a: Arceus\n|-activate|p1a: Arceus|move: Protect\n|\n|upkeep\n|turn|11\n|\n|t:|1701161806\n|move|p1a: Arceus|Draco Meteor|p2a: Ceruledge\n|-damage|p2a: Ceruledge|55\/100\n|-unboost|p1a: Arceus|spa|2\n|move|p2a: Ceruledge|Bitter Blade|p1a: Arceus\n|-damage|p1a: Arceus|0 fnt\n|-heal|p2a: Ceruledge|71\/100|[from] drain|[of] p1a: Arceus\n|faint|p1a: Arceus\n|\n|upkeep\n|\n|t:|1701161813\n|switch|p1a: Darkrai|Darkrai|100\/100\n|turn|12\n|c|\u2606Joshi Akshar|bruh\n|inactive|Elscorchie has 120 seconds left.\n|\n|t:|1701161866\n|move|p1a: Darkrai|Blizzard|p2a: Ceruledge\n|-resisted|p2a: Ceruledge\n|-damage|p2a: Ceruledge|52\/100\n|move|p2a: Ceruledge|Close Combat|p1a: Darkrai\n|-supereffective|p1a: Darkrai\n|-damage|p1a: Darkrai|9\/100\n|-unboost|p2a: Ceruledge|def|1\n|-unboost|p2a: Ceruledge|spd|1\n|\n|upkeep\n|turn|13\n|\n|t:|1701161896\n|move|p1a: Darkrai|Dark Pulse|p2a: Ceruledge\n|-supereffective|p2a: Ceruledge\n|-damage|p2a: Ceruledge|0 fnt\n|faint|p2a: Ceruledge\n|\n|upkeep\n|\n|t:|1701161903\n|switch|p2a: Iron Moth|Iron Moth|100\/100\n|-enditem|p2a: Iron Moth|Booster Energy\n|-activate|p2a: Iron Moth|ability: Quark Drive|[fromitem]\n|-start|p2a: Iron Moth|quarkdrivespa\n|turn|14\n|\n|t:|1701161922\n|move|p2a: Iron Moth|Agility|p2a: Iron Moth\n|-boost|p2a: Iron Moth|spe|2\n|move|p1a: Darkrai|Dark Pulse|p2a: Iron Moth\n|-damage|p2a: Iron Moth|64\/100\n|\n|upkeep\n|turn|15\n|\n|t:|1701161934\n|move|p2a: Iron Moth|Fiery Dance|p1a: Darkrai\n|-damage|p1a: Darkrai|0 fnt\n|faint|p1a: Darkrai\n|\n|upkeep\n|\n|t:|1701161937\n|switch|p1a: Zacian|Zacian-Crowned|100\/100\n|-ability|p1a: Zacian|Intrepid Sword|boost\n|-boost|p1a: Zacian|atk|1\n|turn|16\n|\n|t:|1701161940\n|move|p2a: Iron Moth|Fiery Dance|p1a: Zacian\n|-supereffective|p1a: Zacian\n|-damage|p1a: Zacian|7\/100\n|move|p1a: Zacian|Behemoth Blade|p2a: Iron Moth\n|-resisted|p2a: Iron Moth\n|-damage|p2a: Iron Moth|2\/100\n|\n|upkeep\n|turn|17\n|\n|t:|1701161952\n|move|p2a: Iron Moth|Fiery Dance|p1a: Zacian\n|-supereffective|p1a: Zacian\n|-damage|p1a: Zacian|0 fnt\n|faint|p1a: Zacian\n|\n|upkeep\n|\n|t:|1701161957\n|switch|p1a: Regieleki|Regieleki|100\/100\n|turn|18\n|\n|t:|1701161975\n|move|p2a: Iron Moth|Sludge Wave|p1a: Regieleki\n|-enditem|p1a: Regieleki|Focus Sash\n|-damage|p1a: Regieleki|1\/100\n|move|p1a: Regieleki|Zap Cannon|p2a: Iron Moth\n|-damage|p2a: Iron Moth|0 fnt\n|faint|p2a: Iron Moth\n|-end|p2a: Iron Moth|Quark Drive|[silent]\n|\n|upkeep\n|\n|t:|1701161986\n|switch|p2a: Cinderace|Cinderace, M|100\/100\n|turn|19\n|n|!Joshi Akshar|joshiakshar\n|\n|t:|1701161990\n|-terastallize|p1a: Regieleki|Electric\n|move|p1a: Regieleki|Zap Cannon|p2a: Cinderace\n|-damage|p2a: Cinderace|0 fnt\n|faint|p2a: Cinderace\n|\n|upkeep\n|\n|t:|1701161997\n|switch|p2a: Infernape|Infernape, M|100\/100\n|turn|20\n|\n|t:|1701162008\n|-terastallize|p2a: Infernape|Ground\n|move|p1a: Regieleki|Zap Cannon|p2a: Infernape\n|-immune|p2a: Infernape\n|move|p2a: Infernape|Earthquake|p1a: Regieleki\n|-supereffective|p1a: Regieleki\n|-damage|p1a: Regieleki|0 fnt\n|faint|p1a: Regieleki\n|\n|win|Elscorchie\n|raw|Joshi Akshar's rating: 1045 &rarr; <strong>1033<\/strong><br \/>(-12 for losing)\n|raw|Elscorchie's rating: 1145 &rarr; <strong>1163<\/strong><br \/>(+18 for winning)\n","uploadtime":1701161988,"views":1,"p1id":"joshiakshar","p2id":"elscorchie","formatid":"gen9ubers","rating":1033,"private":0,"password":""}