{"id":"gen9ubers-1968090050","p1":"IUXCelestialQueen","p2":"gs wendigo","format":"[Gen 9] Ubers","log":"|j|\u2606IUXCelestialQueen\n|j|\u2606gs wendigo\n|t:|1697383270\n|gametype|singles\n|player|p1|IUXCelestialQueen|penny|\n|player|p2|gs wendigo|1|\n|teamsize|p1|6\n|teamsize|p2|6\n|gen|9\n|tier|[Gen 9] Ubers\n|rule|Sleep Clause Mod: Limit one foe put to sleep\n|rule|Species Clause: Limit one of each Pok\u00e9mon\n|rule|OHKO Clause: OHKO moves are banned\n|rule|Evasion Items Clause: Evasion items are banned\n|rule|Evasion Moves Clause: Evasion moves are banned\n|rule|Endless Battle Clause: Forcing endless battles is banned\n|rule|HP Percentage Mod: HP is shown in percentages\n|clearpoke\n|poke|p1|Ogerpon-Hearthflame, F|\n|poke|p1|Clefable, M|\n|poke|p1|Great Tusk|\n|poke|p1|Noivern, M|\n|poke|p1|Milotic, F|\n|poke|p1|Lycanroc-Dusk, M|\n|poke|p2|Flutter Mane|\n|poke|p2|Arcanine, M|\n|poke|p2|Overqwil, F|\n|poke|p2|Frosmoth, M|\n|poke|p2|Torterra, F|\n|poke|p2|Wyrdeer, M|\n|teampreview\n|j| IUX panda\n|\n|t:|1697383285\n|start\n|switch|p1a: AAAAAAAAAAAA|Noivern, M|100\/100\n|switch|p2a: WYRD|Wyrdeer, M, shiny|100\/100\n|-ability|p2a: WYRD|Intimidate|boost\n|-unboost|p1a: AAAAAAAAAAAA|atk|1\n|turn|1\n|c| IUX panda|Glhf you two\n|\n|t:|1697383310\n|switch|p2a: GUCCI MANW|Flutter Mane, shiny|100\/100\n|-enditem|p2a: GUCCI MANW|Booster Energy\n|-activate|p2a: GUCCI MANW|ability: Protosynthesis|[fromitem]\n|-start|p2a: GUCCI MANW|protosynthesisspe\n|-terastallize|p1a: AAAAAAAAAAAA|Normal\n|move|p1a: AAAAAAAAAAAA|Boomburst|p2a: GUCCI MANW\n|-immune|p2a: GUCCI MANW\n|\n|upkeep\n|turn|2\n|\n|t:|1697383323\n|switch|p1a: Stardust|Clefable, M|100\/100\n|move|p2a: GUCCI MANW|Calm Mind|p2a: GUCCI MANW\n|-boost|p2a: GUCCI MANW|spa|1\n|-boost|p2a: GUCCI MANW|spd|1\n|\n|upkeep\n|turn|3\n|\n|t:|1697383331\n|move|p2a: GUCCI MANW|Moonblast|p1a: Stardust\n|-damage|p1a: Stardust|55\/100\n|move|p1a: Stardust|Moonblast|p2a: GUCCI MANW\n|-damage|p2a: GUCCI MANW|72\/100\n|\n|-heal|p1a: Stardust|62\/100|[from] item: Leftovers\n|upkeep\n|turn|4\n|\n|t:|1697383340\n|move|p2a: GUCCI MANW|Moonblast|p1a: Stardust\n|-damage|p1a: Stardust|23\/100\n|move|p1a: Stardust|Moonlight|p1a: Stardust\n|-heal|p1a: Stardust|73\/100\n|\n|-heal|p1a: Stardust|79\/100|[from] item: Leftovers\n|upkeep\n|turn|5\n|\n|t:|1697383357\n|move|p2a: GUCCI MANW|Moonblast|p1a: Stardust\n|-damage|p1a: Stardust|36\/100\n|move|p1a: Stardust|Moonblast|p2a: GUCCI MANW\n|-damage|p2a: GUCCI MANW|42\/100\n|-unboost|p2a: GUCCI MANW|spa|1\n|\n|-heal|p1a: Stardust|42\/100|[from] item: Leftovers\n|upkeep\n|turn|6\n|\n|t:|1697383367\n|-end|p2a: GUCCI MANW|Protosynthesis|[silent]\n|switch|p2a: An4l Bead|Overqwil, F, shiny|100\/100\n|-ability|p2a: An4l Bead|Intimidate|boost\n|-unboost|p1a: Stardust|atk|1\n|move|p1a: Stardust|Moonlight|p1a: Stardust\n|-heal|p1a: Stardust|92\/100\n|\n|-heal|p1a: Stardust|98\/100|[from] item: Leftovers\n|upkeep\n|turn|7\n|\n|t:|1697383374\n|switch|p1a: Tunky|Great Tusk|100\/100\n|move|p2a: An4l Bead|Liquidation|p1a: Tunky\n|-supereffective|p1a: Tunky\n|-damage|p1a: Tunky|57\/100\n|\n|-heal|p1a: Tunky|64\/100|[from] item: Leftovers\n|upkeep\n|turn|8\n|c|\u2606IUXCelestialQueen|omfg that would ouch\n|\n|t:|1697383389\n|switch|p2a: WYRD|Wyrdeer, M, shiny|100\/100\n|-ability|p2a: WYRD|Intimidate|boost\n|-unboost|p1a: Tunky|atk|1\n|move|p1a: Tunky|Earthquake|p2a: WYRD\n|-damage|p2a: WYRD|59\/100\n|\n|-heal|p1a: Tunky|70\/100|[from] item: Leftovers\n|upkeep\n|turn|9\n|j| GS StuDogg101\n|\n|t:|1697383414\n|-end|p1a: Tunky|Protosynthesis|[silent]\n|switch|p1a: Melody|Milotic, F|100\/100\n|move|p2a: WYRD|Agility|p2a: WYRD\n|-boost|p2a: WYRD|spe|2\n|\n|-status|p1a: Melody|brn|[from] item: Flame Orb\n|upkeep\n|turn|10\n|\n|t:|1697383433\n|switch|p2a: BIG BURRE|Torterra, F|100\/100\n|move|p1a: Melody|Haze|p1a: Melody\n|-clearallboost\n|\n|-damage|p1a: Melody|94\/100 brn|[from] brn\n|upkeep\n|turn|11\n|\n|t:|1697383443\n|switch|p1a: Stardust|Clefable, M|98\/100\n|move|p2a: BIG BURRE|Leech Seed|p1a: Stardust\n|-start|p1a: Stardust|move: Leech Seed\n|\n|-heal|p1a: Stardust|100\/100|[from] item: Leftovers\n|-damage|p1a: Stardust|88\/100|[from] Leech Seed|[of] p2a: BIG BURRE\n|upkeep\n|turn|12\n|\n|t:|1697383457\n|move|p1a: Stardust|Ice Beam|p2a: BIG BURRE\n|-supereffective|p2a: BIG BURRE\n|-damage|p2a: BIG BURRE|22\/100\n|move|p2a: BIG BURRE|Wood Hammer|p1a: Stardust\n|-damage|p1a: Stardust|41\/100\n|-damage|p2a: BIG BURRE|6\/100|[from] Recoil\n|\n|-heal|p1a: Stardust|47\/100|[from] item: Leftovers\n|-heal|p2a: BIG BURRE|12\/100|[from] item: Leftovers\n|-damage|p1a: Stardust|34\/100|[from] Leech Seed|[of] p2a: BIG BURRE\n|-heal|p2a: BIG BURRE|25\/100|[silent]\n|upkeep\n|turn|13\n|\n|t:|1697383483\n|switch|p2a: An4l Bead|Overqwil, F, shiny|100\/100\n|-ability|p2a: An4l Bead|Intimidate|boost\n|-unboost|p1a: Stardust|atk|1\n|move|p1a: Stardust|Moonblast|p2a: An4l Bead\n|-damage|p2a: An4l Bead|64\/100\n|-unboost|p2a: An4l Bead|spa|1\n|\n|-heal|p2a: An4l Bead|70\/100|[from] item: Black Sludge\n|-heal|p1a: Stardust|40\/100|[from] item: Leftovers\n|-damage|p1a: Stardust|28\/100|[from] Leech Seed|[of] p2a: An4l Bead\n|-heal|p2a: An4l Bead|86\/100|[silent]\n|upkeep\n|turn|14\n|\n|t:|1697383499\n|move|p2a: An4l Bead|Toxic Spikes|p1a: Stardust\n|-sidestart|p1: IUXCelestialQueen|move: Toxic Spikes\n|move|p1a: Stardust|Moonlight|p1a: Stardust\n|-heal|p1a: Stardust|78\/100\n|\n|-heal|p2a: An4l Bead|92\/100|[from] item: Black Sludge\n|-heal|p1a: Stardust|84\/100|[from] item: Leftovers\n|-damage|p1a: Stardust|71\/100|[from] Leech Seed|[of] p2a: An4l Bead\n|-heal|p2a: An4l Bead|100\/100|[silent]\n|upkeep\n|turn|15\n|\n|t:|1697383508\n|switch|p1a: Tunky|Great Tusk|70\/100\n|-status|p1a: Tunky|psn\n|move|p2a: An4l Bead|Poison Jab|p1a: Tunky\n|-resisted|p1a: Tunky\n|-damage|p1a: Tunky|54\/100 psn\n|\n|-heal|p1a: Tunky|60\/100 psn|[from] item: Leftovers\n|-damage|p1a: Tunky|48\/100 psn|[from] psn\n|upkeep\n|turn|16\n|\n|t:|1697383530\n|switch|p2a: WYRD|Wyrdeer, M, shiny|59\/100\n|-ability|p2a: WYRD|Intimidate|boost\n|-unboost|p1a: Tunky|atk|1\n|move|p1a: Tunky|Stealth Rock|p2a: WYRD\n|-sidestart|p2: gs wendigo|move: Stealth Rock\n|\n|-heal|p1a: Tunky|54\/100 psn|[from] item: Leftovers\n|-damage|p1a: Tunky|42\/100 psn|[from] psn\n|upkeep\n|turn|17\n|\n|t:|1697383545\n|move|p1a: Tunky|Close Combat|p2a: WYRD\n|-damage|p2a: WYRD|8\/100\n|-unboost|p1a: Tunky|def|1\n|-unboost|p1a: Tunky|spd|1\n|move|p2a: WYRD|Earth Power|p1a: Tunky\n|-damage|p1a: Tunky|0 fnt\n|faint|p1a: Tunky\n|-end|p1a: Tunky|Protosynthesis|[silent]\n|\n|upkeep\n|\n|t:|1697383560\n|switch|p1a: Melody|Milotic, F|94\/100 brn\n|turn|18\n|\n|t:|1697383568\n|move|p1a: Melody|Scald|p2a: WYRD\n|-damage|p2a: WYRD|0 fnt\n|faint|p2a: WYRD\n|\n|-damage|p1a: Melody|88\/100 brn|[from] brn\n|upkeep\n|\n|t:|1697383581\n|switch|p2a: MOTHRA|Frosmoth, M, shiny|100\/100\n|turn|19\n|\n|t:|1697383597\n|-terastallize|p2a: MOTHRA|Fire\n|move|p2a: MOTHRA|Quiver Dance|p2a: MOTHRA\n|-boost|p2a: MOTHRA|spa|1\n|-boost|p2a: MOTHRA|spd|1\n|-boost|p2a: MOTHRA|spe|1\n|move|p1a: Melody|Scald|p2a: MOTHRA\n|-supereffective|p2a: MOTHRA\n|-damage|p2a: MOTHRA|78\/100\n|\n|-damage|p1a: Melody|82\/100 brn|[from] brn\n|upkeep\n|turn|20\n|\n|t:|1697383609\n|move|p2a: MOTHRA|Giga Drain|p1a: Melody\n|-supereffective|p1a: Melody\n|-damage|p1a: Melody|29\/100 brn\n|-heal|p2a: MOTHRA|100\/100|[from] drain|[of] p1a: Melody\n|move|p1a: Melody|Haze|p1a: Melody\n|-clearallboost\n|\n|-damage|p1a: Melody|23\/100 brn|[from] brn\n|upkeep\n|turn|21\n|\n|t:|1697383620\n|move|p2a: MOTHRA|Quiver Dance|p2a: MOTHRA\n|-boost|p2a: MOTHRA|spa|1\n|-boost|p2a: MOTHRA|spd|1\n|-boost|p2a: MOTHRA|spe|1\n|move|p1a: Melody|Scald|p2a: MOTHRA\n|-supereffective|p2a: MOTHRA\n|-damage|p2a: MOTHRA|75\/100\n|\n|-damage|p1a: Melody|17\/100 brn|[from] brn\n|upkeep\n|turn|22\n|\n|t:|1697383631\n|move|p2a: MOTHRA|Giga Drain|p1a: Melody\n|-supereffective|p1a: Melody\n|-damage|p1a: Melody|0 fnt\n|-heal|p2a: MOTHRA|86\/100|[from] drain|[of] p1a: Melody\n|faint|p1a: Melody\n|\n|upkeep\n|\n|t:|1697383641\n|switch|p1a: Stardust|Clefable, M|71\/100\n|-status|p1a: Stardust|psn\n|turn|23\n|\n|t:|1697383647\n|move|p2a: MOTHRA|Ice Beam|p1a: Stardust\n|-crit|p1a: Stardust\n|-damage|p1a: Stardust|4\/100 psn\n|move|p1a: Stardust|Moonblast|p2a: MOTHRA\n|-resisted|p2a: MOTHRA\n|-damage|p2a: MOTHRA|77\/100\n|\n|-heal|p1a: Stardust|10\/100 psn|[from] item: Leftovers\n|-damage|p1a: Stardust|0 fnt|[from] psn\n|faint|p1a: Stardust\n|upkeep\n|\n|t:|1697383650\n|switch|p1a: Blu|Lycanroc-Dusk, M, shiny|100\/100\n|-status|p1a: Blu|psn\n|turn|24\n|\n|t:|1697383668\n|switch|p2a: An4l Bead|Overqwil, F, shiny|100\/100\n|-damage|p2a: An4l Bead|88\/100|[from] Stealth Rock\n|-ability|p2a: An4l Bead|Intimidate|boost\n|-unboost|p1a: Blu|atk|1\n|move|p1a: Blu|Accelerock|p2a: An4l Bead\n|-damage|p2a: An4l Bead|61\/100\n|\n|-heal|p2a: An4l Bead|67\/100|[from] item: Black Sludge\n|-damage|p1a: Blu|88\/100 psn|[from] psn\n|upkeep\n|turn|25\n|\n|t:|1697383688\n|switch|p1a: AAAAAAAAAAAA|Noivern, M, tera:Normal|100\/100\n|-status|p1a: AAAAAAAAAAAA|psn\n|move|p2a: An4l Bead|Liquidation|p1a: AAAAAAAAAAAA\n|-damage|p1a: AAAAAAAAAAAA|64\/100 psn\n|\n|-heal|p2a: An4l Bead|73\/100|[from] item: Black Sludge\n|-damage|p1a: AAAAAAAAAAAA|52\/100 psn|[from] psn\n|upkeep\n|turn|26\n|\n|t:|1697383708\n|move|p1a: AAAAAAAAAAAA|Air Slash|p2a: An4l Bead\n|-damage|p2a: An4l Bead|24\/100\n|move|p2a: An4l Bead|Liquidation|p1a: AAAAAAAAAAAA\n|-damage|p1a: AAAAAAAAAAAA|9\/100 psn\n|-unboost|p1a: AAAAAAAAAAAA|def|1\n|\n|-heal|p2a: An4l Bead|30\/100|[from] item: Black Sludge\n|-damage|p1a: AAAAAAAAAAAA|0 fnt|[from] psn\n|faint|p1a: AAAAAAAAAAAA\n|upkeep\n|\n|t:|1697383729\n|switch|p1a: Blu|Lycanroc-Dusk, M, shiny|88\/100 psn\n|turn|27\n|\n|t:|1697383742\n|move|p1a: Blu|Drill Run|p2a: An4l Bead\n|-supereffective|p2a: An4l Bead\n|-damage|p2a: An4l Bead|0 fnt\n|faint|p2a: An4l Bead\n|\n|-damage|p1a: Blu|76\/100 psn|[from] psn\n|upkeep\n|\n|t:|1697383746\n|switch|p2a: Johnny Dang|Arcanine, M, shiny|100\/100\n|-ability|p2a: Johnny Dang|Intimidate|boost\n|-unboost|p1a: Blu|atk|1\n|turn|28\n|\n|t:|1697383759\n|switch|p1a: Girl Boss|Ogerpon-Hearthflame, F|100\/100\n|-status|p1a: Girl Boss|psn\n|-ability|p1a: Girl Boss|Mold Breaker\n|switch|p2a: BIG BURRE|Torterra, F|25\/100\n|-damage|p2a: BIG BURRE|19\/100|[from] Stealth Rock\n|\n|-heal|p2a: BIG BURRE|25\/100|[from] item: Leftovers\n|-damage|p1a: Girl Boss|88\/100 psn|[from] psn\n|upkeep\n|turn|29\n|\n|t:|1697383769\n|move|p1a: Girl Boss|Ivy Cudgel|p2a: BIG BURRE\n|-supereffective|p2a: BIG BURRE\n|-damage|p2a: BIG BURRE|0 fnt\n|faint|p2a: BIG BURRE\n|\n|-damage|p1a: Girl Boss|76\/100 psn|[from] psn\n|upkeep\n|\n|t:|1697383772\n|switch|p2a: Johnny Dang|Arcanine, M, shiny|100\/100\n|-ability|p2a: Johnny Dang|Intimidate|boost\n|-unboost|p1a: Girl Boss|atk|1\n|turn|30\n|\n|t:|1697383783\n|move|p1a: Girl Boss|Swords Dance|p1a: Girl Boss\n|-boost|p1a: Girl Boss|atk|2\n|move|p2a: Johnny Dang|Flare Blitz|p1a: Girl Boss\n|-damage|p1a: Girl Boss|20\/100 psn\n|-damage|p2a: Johnny Dang|86\/100|[from] Recoil\n|\n|-damage|p1a: Girl Boss|8\/100 psn|[from] psn\n|upkeep\n|turn|31\n|\n|t:|1697383792\n|move|p1a: Girl Boss|Knock Off|p2a: Johnny Dang\n|-damage|p2a: Johnny Dang|42\/100\n|-enditem|p2a: Johnny Dang|Heavy-Duty Boots|[from] move: Knock Off|[of] p1a: Girl Boss\n|move|p2a: Johnny Dang|Morning Sun|p2a: Johnny Dang\n|-heal|p2a: Johnny Dang|92\/100\n|\n|-damage|p1a: Girl Boss|0 fnt|[from] psn\n|faint|p1a: Girl Boss\n|upkeep\n|\n|t:|1697383798\n|switch|p1a: Blu|Lycanroc-Dusk, M, shiny|76\/100 psn\n|turn|32\n|\n|t:|1697383811\n|move|p1a: Blu|Accelerock|p2a: Johnny Dang\n|-supereffective|p2a: Johnny Dang\n|-damage|p2a: Johnny Dang|39\/100\n|move|p2a: Johnny Dang|Flare Blitz|p1a: Blu\n|-resisted|p1a: Blu\n|-damage|p1a: Blu|40\/100 psn\n|-damage|p2a: Johnny Dang|30\/100|[from] Recoil\n|\n|-damage|p1a: Blu|28\/100 psn|[from] psn\n|upkeep\n|turn|33\n|\n|t:|1697383841\n|move|p1a: Blu|Accelerock|p2a: Johnny Dang\n|-supereffective|p2a: Johnny Dang\n|-damage|p2a: Johnny Dang|0 fnt\n|faint|p2a: Johnny Dang\n|\n|-damage|p1a: Blu|15\/100 psn|[from] psn\n|upkeep\n|\n|t:|1697383915\n|switch|p2a: GUCCI MANW|Flutter Mane, shiny|42\/100\n|-damage|p2a: GUCCI MANW|30\/100|[from] Stealth Rock\n|turn|34\n|\n|t:|1697383920\n|move|p1a: Blu|Accelerock|p2a: GUCCI MANW\n|-damage|p2a: GUCCI MANW|0 fnt\n|faint|p2a: GUCCI MANW\n|-end|p2a: GUCCI MANW|Protosynthesis|[silent]\n|\n|-damage|p1a: Blu|3\/100 psn|[from] psn\n|upkeep\n|\n|t:|1697383930\n|switch|p2a: MOTHRA|Frosmoth, M, shiny, tera:Fire|77\/100\n|turn|35\n|\n|t:|1697383936\n|move|p1a: Blu|Accelerock|p2a: MOTHRA\n|-supereffective|p2a: MOTHRA\n|-damage|p2a: MOTHRA|0 fnt\n|faint|p2a: MOTHRA\n|\n|win|IUXCelestialQueen\n|l| GS StuDogg101\n|c|\u2606IUXCelestialQueen|gg\n","uploadtime":1697383943,"views":17,"p1id":"iuxcelestialqueen","p2id":"gswendigo","formatid":"gen9ubers","rating":0,"private":0,"password":""}