{"id":"gen9ubers-1967926846","p1":"DoctorSnowman","p2":"Pickles0exe","format":"[Gen 9] Ubers","log":"|j|\u2606DoctorSnowman\n|j|\u2606Pickles0exe\n|t:|1697359924\n|gametype|singles\n|player|p1|DoctorSnowman|2|\n|player|p2|Pickles0exe|policeman-gen4|\n|teamsize|p1|6\n|teamsize|p2|6\n|gen|9\n|tier|[Gen 9] Ubers\n|rule|Sleep Clause Mod: Limit one foe put to sleep\n|rule|Species Clause: Limit one of each Pok\u00e9mon\n|rule|OHKO Clause: OHKO moves are banned\n|rule|Evasion Items Clause: Evasion items are banned\n|rule|Evasion Moves Clause: Evasion moves are banned\n|rule|Endless Battle Clause: Forcing endless battles is banned\n|rule|HP Percentage Mod: HP is shown in percentages\n|clearpoke\n|poke|p1|Great Tusk|\n|poke|p1|Noivern, M|\n|poke|p1|Azumarill, F|\n|poke|p1|Quagsire, M|\n|poke|p1|Jolteon, M|\n|poke|p1|Espeon, M|\n|poke|p2|Espathra, F|\n|poke|p2|Flamigo, F|\n|poke|p2|Tinkaton, F|\n|poke|p2|Spiritomb, M|\n|poke|p2|Camerupt, F|\n|poke|p2|Sudowoodo, M|\n|teampreview\n|c|\u2606Pickles0exe|It rejected my team at first because the name for one of them was too long\n|c|\u2606DoctorSnowman|lol whoops\n|j| stealthr2\n|j| Nicneg\n|c|\u2606Pickles0exe|glfh\n|c|\u2606DoctorSnowman|that's okay, i accidentally challenged you for a random battle first haha\n|c|\u2606DoctorSnowman|glhf man\n|\n|t:|1697360014\n|start\n|switch|p1a: Quagsire|Quagsire, M|100\/100\n|switch|p2a: (\u256f\u00b0\u25a1\u00b0\uff09\u256f\ufe35 \u253b\u2501\u253b|Sudowoodo, M|100\/100\n|turn|1\n|\n|t:|1697360023\n|move|p1a: Quagsire|Stealth Rock|p2a: (\u256f\u00b0\u25a1\u00b0\uff09\u256f\ufe35 \u253b\u2501\u253b\n|-sidestart|p2: Pickles0exe|move: Stealth Rock\n|move|p2a: (\u256f\u00b0\u25a1\u00b0\uff09\u256f\ufe35 \u253b\u2501\u253b|Stealth Rock|p1a: Quagsire\n|-sidestart|p1: DoctorSnowman|move: Stealth Rock\n|\n|upkeep\n|turn|2\n|c|\u2606Pickles0exe|nice\n|c| stealthr2|polite rock exchange\n|c|\u2606DoctorSnowman|xD\n|\n|t:|1697360113\n|switch|p2a: normal bird|Flamigo, F|100\/100\n|-damage|p2a: normal bird|88\/100|[from] Stealth Rock\n|move|p1a: Quagsire|Earthquake|p2a: normal bird\n|-immune|p2a: normal bird\n|\n|upkeep\n|turn|3\n|l| stealthr2\n|\n|t:|1697360152\n|move|p2a: normal bird|Dual Wingbeat|p1a: Quagsire\n|-damage|p1a: Quagsire|87\/100\n|-damage|p1a: Quagsire|74\/100\n|-hitcount|p1a: Quagsire|2\n|move|p1a: Quagsire|Toxic|p2a: normal bird|[miss]\n|-miss|p1a: Quagsire|p2a: normal bird\n|\n|-heal|p1a: Quagsire|80\/100|[from] item: Leftovers\n|upkeep\n|turn|4\n|j| stealthr2\n|\n|t:|1697360177\n|switch|p1a: Great Tusk|Great Tusk|100\/100\n|-damage|p1a: Great Tusk|98\/100|[from] Stealth Rock\n|move|p2a: normal bird|Close Combat|p1a: Great Tusk\n|-damage|p1a: Great Tusk|59\/100\n|-unboost|p2a: normal bird|def|1\n|-unboost|p2a: normal bird|spd|1\n|\n|upkeep\n|turn|5\n|\n|t:|1697360234\n|move|p2a: normal bird|U-turn|p1a: Great Tusk\n|-resisted|p1a: Great Tusk\n|-damage|p1a: Great Tusk|51\/100\n|\n|t:|1697360259\n|switch|p2a: I got a rock|Spiritomb, M|100\/100|[from] U-turn\n|-damage|p2a: I got a rock|88\/100|[from] Stealth Rock\n|-ability|p2a: I got a rock|Pressure\n|move|p1a: Great Tusk|Rapid Spin|p2a: I got a rock\n|-immune|p2a: I got a rock\n|\n|upkeep\n|turn|6\n|\n|t:|1697360308\n|-end|p1a: Great Tusk|Protosynthesis|[silent]\n|switch|p1a: Azumarill|Azumarill, F, shiny|100\/100\n|-damage|p1a: Azumarill|88\/100|[from] Stealth Rock\n|move|p2a: I got a rock|Toxic|p1a: Azumarill\n|-status|p1a: Azumarill|tox\n|\n|-damage|p1a: Azumarill|82\/100 tox|[from] psn\n|upkeep\n|turn|7\n|j| thatguy_313\n|\n|t:|1697360399\n|switch|p2a: (\u256f\u00b0\u25a1\u00b0\uff09\u256f\ufe35 \u253b\u2501\u253b|Sudowoodo, M|100\/100\n|-damage|p2a: (\u256f\u00b0\u25a1\u00b0\uff09\u256f\ufe35 \u253b\u2501\u253b|88\/100|[from] Stealth Rock\n|move|p1a: Azumarill|Belly Drum|p1a: Azumarill\n|-damage|p1a: Azumarill|32\/100 tox\n|-setboost|p1a: Azumarill|atk|6|[from] move: Belly Drum\n|-enditem|p1a: Azumarill|Sitrus Berry|[eat]\n|-heal|p1a: Azumarill|57\/100 tox|[from] item: Sitrus Berry\n|\n|-damage|p1a: Azumarill|45\/100 tox|[from] psn\n|upkeep\n|turn|8\n|\n|t:|1697360415\n|move|p1a: Azumarill|Aqua Jet|p2a: (\u256f\u00b0\u25a1\u00b0\uff09\u256f\ufe35 \u253b\u2501\u253b\n|-supereffective|p2a: (\u256f\u00b0\u25a1\u00b0\uff09\u256f\ufe35 \u253b\u2501\u253b\n|-crit|p2a: (\u256f\u00b0\u25a1\u00b0\uff09\u256f\ufe35 \u253b\u2501\u253b\n|-damage|p2a: (\u256f\u00b0\u25a1\u00b0\uff09\u256f\ufe35 \u253b\u2501\u253b|0 fnt\n|faint|p2a: (\u256f\u00b0\u25a1\u00b0\uff09\u256f\ufe35 \u253b\u2501\u253b\n|\n|-damage|p1a: Azumarill|26\/100 tox|[from] psn\n|upkeep\n|\n|t:|1697360428\n|switch|p2a: Arhtapse|Espathra, F|100\/100\n|-damage|p2a: Arhtapse|88\/100|[from] Stealth Rock\n|turn|9\n|\n|t:|1697360445\n|move|p2a: Arhtapse|Protect|p2a: Arhtapse\n|-singleturn|p2a: Arhtapse|Protect\n|move|p1a: Azumarill|Aqua Jet|p2a: Arhtapse\n|-activate|p2a: Arhtapse|move: Protect\n|\n|-damage|p1a: Azumarill|1\/100 tox|[from] psn\n|upkeep\n|turn|10\n|\n|t:|1697360460\n|move|p1a: Azumarill|Aqua Jet|p2a: Arhtapse\n|-damage|p2a: Arhtapse|0 fnt\n|faint|p2a: Arhtapse\n|\n|-damage|p1a: Azumarill|0 fnt|[from] psn\n|faint|p1a: Azumarill\n|upkeep\n|\n|t:|1697360485\n|switch|p2a: normal bird|Flamigo, F|88\/100\n|switch|p1a: Noivern|Noivern, M|100\/100\n|-damage|p2a: normal bird|76\/100|[from] Stealth Rock\n|turn|11\n|l| Nicneg\n|\n|t:|1697360508\n|move|p1a: Noivern|Draco Meteor|p2a: normal bird\n|-damage|p2a: normal bird|0 fnt\n|-unboost|p1a: Noivern|spa|2\n|faint|p2a: normal bird\n|\n|upkeep\n|\n|t:|1697360513\n|switch|p2a: Desu~|Tinkaton, F|100\/100\n|-damage|p2a: Desu~|94\/100|[from] Stealth Rock\n|-ability|p2a: Desu~|Mold Breaker\n|turn|12\n|j| Nicneg\n|\n|t:|1697360539\n|move|p1a: Noivern|U-turn|p2a: Desu~\n|-resisted|p2a: Desu~\n|-damage|p2a: Desu~|91\/100\n|\n|t:|1697360552\n|switch|p1a: Jolteon|Jolteon, M, shiny|100\/100|[from] U-turn\n|-damage|p1a: Jolteon|88\/100|[from] Stealth Rock\n|move|p2a: Desu~|Play Rough|p1a: Jolteon\n|-damage|p1a: Jolteon|21\/100\n|\n|upkeep\n|turn|13\n|\n|t:|1697360570\n|move|p1a: Jolteon|Yawn|p2a: Desu~\n|-start|p2a: Desu~|move: Yawn|[of] p1a: Jolteon\n|move|p2a: Desu~|Knock Off|p1a: Jolteon\n|-damage|p1a: Jolteon|0 fnt\n|-enditem|p1a: Jolteon|Life Orb|[from] move: Knock Off|[of] p2a: Desu~\n|faint|p1a: Jolteon\n|\n|upkeep\n|\n|t:|1697360580\n|switch|p1a: Espeon|Espeon, M|100\/100\n|-damage|p1a: Espeon|88\/100|[from] Stealth Rock\n|turn|14\n|\n|t:|1697360591\n|move|p1a: Espeon|Calm Mind|p1a: Espeon\n|-boost|p1a: Espeon|spa|1\n|-boost|p1a: Espeon|spd|1\n|move|p2a: Desu~|Gigaton Hammer|p1a: Espeon\n|-damage|p1a: Espeon|0 fnt\n|faint|p1a: Espeon\n|\n|-end|p2a: Desu~|move: Yawn|[silent]\n|-status|p2a: Desu~|slp\n|upkeep\n|\n|t:|1697360612\n|switch|p1a: Great Tusk|Great Tusk|51\/100\n|-damage|p1a: Great Tusk|48\/100|[from] Stealth Rock\n|turn|15\n|\n|t:|1697360634\n|switch|p2a: Volcanoooooo|Camerupt, F|100\/100\n|-damage|p2a: Volcanoooooo|88\/100|[from] Stealth Rock\n|move|p1a: Great Tusk|Headlong Rush|p2a: Volcanoooooo\n|-supereffective|p2a: Volcanoooooo\n|-damage|p2a: Volcanoooooo|0 fnt\n|-unboost|p1a: Great Tusk|def|1\n|-unboost|p1a: Great Tusk|spd|1\n|faint|p2a: Volcanoooooo\n|\n|upkeep\n|\n|t:|1697360643\n|switch|p2a: I got a rock|Spiritomb, M|88\/100\n|-damage|p2a: I got a rock|76\/100|[from] Stealth Rock\n|-ability|p2a: I got a rock|Pressure\n|turn|16\n|\n|t:|1697360651\n|-terastallize|p2a: I got a rock|Ghost\n|move|p1a: Great Tusk|Headlong Rush|p2a: I got a rock\n|-damage|p2a: I got a rock|0 fnt\n|-unboost|p1a: Great Tusk|def|1\n|-unboost|p1a: Great Tusk|spd|1\n|faint|p2a: I got a rock\n|\n|upkeep\n|\n|t:|1697360658\n|switch|p2a: Desu~|Tinkaton, F|91\/100 slp\n|-damage|p2a: Desu~|85\/100 slp|[from] Stealth Rock\n|-ability|p2a: Desu~|Mold Breaker\n|turn|17\n|c|\u2606Pickles0exe|gg\n|\n|t:|1697360672\n|move|p1a: Great Tusk|Headlong Rush|p2a: Desu~\n|-supereffective|p2a: Desu~\n|-damage|p2a: Desu~|0 fnt\n|-unboost|p1a: Great Tusk|def|1\n|-unboost|p1a: Great Tusk|spd|1\n|faint|p2a: Desu~\n|\n|win|DoctorSnowman\n|c|\u2606DoctorSnowman|gg man\n|l| Nicneg\n","uploadtime":1697360681,"views":46,"p1id":"doctorsnowman","p2id":"pickles0exe","formatid":"gen9ubers","rating":0,"private":0,"password":""}