{"id":"gen9ubers-1981775013","p1":"Tioscy","p2":"zekoplayzr6","format":"[Gen 9] Ubers","log":"|j|\u2606Tioscy\n|j|\u2606zekoplayzr6\n|t:|1698940667\n|gametype|singles\n|player|p1|Tioscy|266|1066\n|player|p2|zekoplayzr6|blackbelt-gen4dp|1076\n|teamsize|p1|6\n|teamsize|p2|6\n|gen|9\n|tier|[Gen 9] Ubers\n|rated|\n|rule|Sleep Clause Mod: Limit one foe put to sleep\n|rule|Species Clause: Limit one of each Pok\u00e9mon\n|rule|OHKO Clause: OHKO moves are banned\n|rule|Evasion Items Clause: Evasion items are banned\n|rule|Evasion Moves Clause: Evasion moves are banned\n|rule|Endless Battle Clause: Forcing endless battles is banned\n|rule|HP Percentage Mod: HP is shown in percentages\n|clearpoke\n|poke|p1|Amoonguss, F|\n|poke|p1|Lycanroc-Dusk, F|\n|poke|p1|Scream Tail|\n|poke|p1|Leavanny, F|\n|poke|p1|Torterra, M|\n|poke|p1|Quaquaval, F|\n|poke|p2|Chien-Pao|\n|poke|p2|Flutter Mane|\n|poke|p2|Annihilape, M|\n|poke|p2|Miraidon|\n|poke|p2|Palafin, F|\n|poke|p2|Spectrier|\n|teampreview\n|c|\u2606zekoplayzr6|w team ngl\n|\n|t:|1698940685\n|start\n|switch|p1a: Amogus|Amoonguss, F|100\/100\n|switch|p2a: Spectrier|Spectrier|100\/100\n|turn|1\n|c|\u2606Tioscy|Fjkshcjsc\n|c|\u2606Tioscy|Thanks i guess... i just do silly stuff\n|\n|t:|1698940700\n|switch|p2a: Chien-Pao|Chien-Pao|100\/100\n|-ability|p2a: Chien-Pao|Sword of Ruin\n|move|p1a: Amogus|Spore|p2a: Chien-Pao\n|-status|p2a: Chien-Pao|slp|[from] move: Spore\n|\n|upkeep\n|turn|2\n|\n|t:|1698940710\n|switch|p2a: Spectrier|Spectrier|100\/100\n|switch|p1a: Leavanny|Leavanny, F|100\/100\n|\n|upkeep\n|turn|3\n|c|\u2606zekoplayzr6|sometimes, silly is the funniest\n|\n|t:|1698940716\n|move|p2a: Spectrier|Agility|p2a: Spectrier\n|-boost|p2a: Spectrier|spe|2\n|move|p1a: Leavanny|Sticky Web|p2a: Spectrier\n|-sidestart|p2: zekoplayzr6|move: Sticky Web\n|\n|upkeep\n|turn|4\n|\n|t:|1698940726\n|-terastallize|p2a: Spectrier|Dragon\n|move|p2a: Spectrier|Tera Blast|p1a: Leavanny|[anim] Tera Blast Dragon\n|-damage|p1a: Leavanny|11\/100\n|-damage|p2a: Spectrier|91\/100|[from] item: Life Orb\n|move|p1a: Leavanny|Trailblaze|p2a: Spectrier\n|-resisted|p2a: Spectrier\n|-damage|p2a: Spectrier|70\/100\n|-boost|p1a: Leavanny|spe|1\n|\n|upkeep\n|turn|5\n|\n|t:|1698940732\n|move|p2a: Spectrier|Draining Kiss|p1a: Leavanny\n|-damage|p1a: Leavanny|0 fnt\n|-heal|p2a: Spectrier|77\/100|[from] drain|[of] p1a: Leavanny\n|faint|p1a: Leavanny\n|-ability|p2a: Spectrier|Grim Neigh|boost\n|-boost|p2a: Spectrier|spa|1\n|-damage|p2a: Spectrier|67\/100|[from] item: Life Orb\n|\n|upkeep\n|c|\u2606zekoplayzr6|im about to feel so bad.\n|\n|t:|1698940753\n|switch|p1a: UwU|Scream Tail|100\/100\n|turn|6\n|\n|t:|1698940757\n|move|p2a: Spectrier|Shadow Ball|p1a: UwU\n|-supereffective|p1a: UwU\n|-damage|p1a: UwU|0 fnt\n|faint|p1a: UwU\n|-end|p1a: UwU|Protosynthesis|[silent]\n|-ability|p2a: Spectrier|Grim Neigh|boost\n|-boost|p2a: Spectrier|spa|1\n|-damage|p2a: Spectrier|57\/100|[from] item: Life Orb\n|\n|upkeep\n|\n|t:|1698940766\n|switch|p1a: Dwayne|Lycanroc-Dusk, F|100\/100\n|turn|7\n|c|\u2606Tioscy|Nahhh its all good\n|\n|t:|1698940786\n|move|p2a: Spectrier|Draining Kiss|p1a: Dwayne\n|-damage|p1a: Dwayne|18\/100\n|-heal|p2a: Spectrier|100\/100|[from] drain|[of] p1a: Dwayne\n|-damage|p2a: Spectrier|91\/100|[from] item: Life Orb\n|move|p1a: Dwayne|Swords Dance|p1a: Dwayne\n|-boost|p1a: Dwayne|atk|2\n|\n|upkeep\n|turn|8\n|\n|t:|1698940795\n|move|p1a: Dwayne|Sucker Punch|p2a: Spectrier\n|-damage|p2a: Spectrier|5\/100\n|move|p2a: Spectrier|Draining Kiss|p1a: Dwayne\n|-damage|p1a: Dwayne|0 fnt\n|-heal|p2a: Spectrier|16\/100|[from] drain|[of] p1a: Dwayne\n|faint|p1a: Dwayne\n|-ability|p2a: Spectrier|Grim Neigh|boost\n|-boost|p2a: Spectrier|spa|1\n|-damage|p2a: Spectrier|6\/100|[from] item: Life Orb\n|\n|upkeep\n|\n|t:|1698940802\n|switch|p1a: Amogus|Amoonguss, F|100\/100\n|turn|9\n|c|\u2606zekoplayzr6|HOLY BALLS\n|\n|t:|1698940806\n|move|p2a: Spectrier|Draining Kiss|p1a: Amogus\n|-resisted|p1a: Amogus\n|-damage|p1a: Amogus|75\/100\n|-heal|p2a: Spectrier|30\/100|[from] drain|[of] p1a: Amogus\n|-damage|p2a: Spectrier|20\/100|[from] item: Life Orb\n|move|p1a: Amogus|Foul Play|p2a: Spectrier\n|-damage|p2a: Spectrier|4\/100\n|\n|-heal|p1a: Amogus|82\/100|[from] item: Black Sludge\n|upkeep\n|turn|10\n|\n|t:|1698940811\n|move|p2a: Spectrier|Draining Kiss|p1a: Amogus\n|-resisted|p1a: Amogus\n|-damage|p1a: Amogus|59\/100\n|-heal|p2a: Spectrier|26\/100|[from] drain|[of] p1a: Amogus\n|-damage|p2a: Spectrier|16\/100|[from] item: Life Orb\n|move|p1a: Amogus|Toxic|p2a: Spectrier\n|-status|p2a: Spectrier|tox\n|\n|-heal|p1a: Amogus|65\/100|[from] item: Black Sludge\n|-damage|p2a: Spectrier|10\/100 tox|[from] psn\n|upkeep\n|turn|11\n|\n|t:|1698940816\n|move|p2a: Spectrier|Draining Kiss|p1a: Amogus\n|-resisted|p1a: Amogus\n|-damage|p1a: Amogus|40\/100\n|-heal|p2a: Spectrier|34\/100 tox|[from] drain|[of] p1a: Amogus\n|-damage|p2a: Spectrier|24\/100 tox|[from] item: Life Orb\n|move|p1a: Amogus|Synthesis|p1a: Amogus\n|-heal|p1a: Amogus|90\/100\n|\n|-heal|p1a: Amogus|96\/100|[from] item: Black Sludge\n|-damage|p2a: Spectrier|12\/100 tox|[from] psn\n|upkeep\n|turn|12\n|\n|t:|1698940822\n|move|p2a: Spectrier|Shadow Ball|p1a: Amogus\n|-damage|p1a: Amogus|0 fnt\n|faint|p1a: Amogus\n|-ability|p2a: Spectrier|Grim Neigh|boost\n|-boost|p2a: Spectrier|spa|1\n|-damage|p2a: Spectrier|2\/100 tox|[from] item: Life Orb\n|\n|-damage|p2a: Spectrier|0 fnt|[from] psn\n|faint|p2a: Spectrier\n|upkeep\n|\n|t:|1698940834\n|switch|p2a: Annihilape|Annihilape, M|100\/100\n|switch|p1a: Cha Cha real smth|Quaquaval, F|100\/100\n|-activate|p2a: Annihilape|move: Sticky Web\n|-unboost|p2a: Annihilape|spe|1\n|turn|13\n|\n|t:|1698940845\n|move|p1a: Cha Cha real smth|Aqua Step|p2a: Annihilape\n|-damage|p2a: Annihilape|37\/100\n|-boost|p1a: Cha Cha real smth|spe|1\n|move|p2a: Annihilape|Drain Punch|p1a: Cha Cha real smth\n|-damage|p1a: Cha Cha real smth|44\/100\n|-heal|p2a: Annihilape|58\/100|[from] drain|[of] p1a: Cha Cha real smth\n|\n|upkeep\n|turn|14\n|c|\u2606Tioscy|All or nothing\n|\n|t:|1698940856\n|move|p1a: Cha Cha real smth|Aqua Step|p2a: Annihilape\n|-damage|p2a: Annihilape|0 fnt\n|-boost|p1a: Cha Cha real smth|spe|1\n|faint|p2a: Annihilape\n|-ability|p1a: Cha Cha real smth|Moxie|boost\n|-boost|p1a: Cha Cha real smth|atk|1\n|\n|upkeep\n|c|\u2606zekoplayzr6|cha cha real smooth.\n|\n|t:|1698940863\n|switch|p2a: Miraidon|Miraidon|100\/100\n|-activate|p2a: Miraidon|move: Sticky Web\n|-unboost|p2a: Miraidon|spe|1\n|-fieldstart|move: Electric Terrain|[from] ability: Hadron Engine|[of] p2a: Miraidon\n|turn|15\n|\n|t:|1698940872\n|move|p1a: Cha Cha real smth|Aqua Step|p2a: Miraidon\n|-resisted|p2a: Miraidon\n|-damage|p2a: Miraidon|48\/100\n|-boost|p1a: Cha Cha real smth|spe|1\n|move|p2a: Miraidon|Volt Switch|p1a: Cha Cha real smth\n|-supereffective|p1a: Cha Cha real smth\n|-crit|p1a: Cha Cha real smth\n|-damage|p1a: Cha Cha real smth|0 fnt\n|faint|p1a: Cha Cha real smth\n|\n|t:|1698940876\n|switch|p2a: Palafin|Palafin, F|100\/100|[from] Volt Switch\n|-activate|p2a: Palafin|move: Sticky Web\n|-unboost|p2a: Palafin|spe|1\n|\n|upkeep\n|\n|t:|1698940879\n|switch|p1a: THE GUN|Torterra, M|100\/100\n|turn|16\n|\n|t:|1698940887\n|move|p1a: THE GUN|Shell Smash|p1a: THE GUN\n|-unboost|p1a: THE GUN|def|1\n|-unboost|p1a: THE GUN|spd|1\n|-boost|p1a: THE GUN|atk|2\n|-boost|p1a: THE GUN|spa|2\n|-boost|p1a: THE GUN|spe|2\n|move|p2a: Palafin|Flip Turn|p1a: THE GUN\n|-damage|p1a: THE GUN|54\/100\n|\n|t:|1698940891\n|detailschange|p2a: Palafin|Palafin-Hero, F\n|switch|p2a: Miraidon|Miraidon|48\/100|[from] Flip Turn\n|-activate|p2a: Miraidon|move: Sticky Web\n|-unboost|p2a: Miraidon|spe|1\n|-activate|p2a: Miraidon|ability: Hadron Engine\n|\n|upkeep\n|turn|17\n|\n|t:|1698940898\n|move|p1a: THE GUN|Headlong Rush|p2a: Miraidon\n|-supereffective|p2a: Miraidon\n|-crit|p2a: Miraidon\n|-damage|p2a: Miraidon|0 fnt\n|-unboost|p1a: THE GUN|def|1\n|-unboost|p1a: THE GUN|spd|1\n|faint|p2a: Miraidon\n|\n|upkeep\n|c|\u2606zekoplayzr6|kitchen gun.\n|\n|t:|1698940902\n|switch|p2a: Flutter Mane|Flutter Mane|100\/100\n|-activate|p2a: Flutter Mane|move: Sticky Web\n|-unboost|p2a: Flutter Mane|spe|1\n|-enditem|p2a: Flutter Mane|Booster Energy\n|-activate|p2a: Flutter Mane|ability: Protosynthesis|[fromitem]\n|-start|p2a: Flutter Mane|protosynthesisspa\n|turn|18\n|c|\u2606zekoplayzr6|moomblast\n|c|\u2606Tioscy|I love you kitchen gun\n|c|\u2606Tioscy|Bang bang\n|\n|t:|1698940923\n|-terastallize|p1a: THE GUN|Grass\n|move|p1a: THE GUN|Bullet Seed|p2a: Flutter Mane\n|-damage|p2a: Flutter Mane|38\/100\n|-damage|p2a: Flutter Mane|0 fnt\n|faint|p2a: Flutter Mane\n|-end|p2a: Flutter Mane|Protosynthesis|[silent]\n|-hitcount|p2: Flutter Mane|2\n|\n|upkeep\n|c|\u2606zekoplayzr6|see that that dirty sink\n|c|\u2606zekoplayzr6|BANG\n|\n|t:|1698940935\n|switch|p2a: Chien-Pao|Chien-Pao|100\/100 slp\n|-activate|p2a: Chien-Pao|move: Sticky Web\n|-unboost|p2a: Chien-Pao|spe|1\n|-ability|p2a: Chien-Pao|Sword of Ruin\n|turn|19\n|\n|t:|1698940947\n|cant|p2a: Chien-Pao|slp\n|move|p1a: THE GUN|Bullet Seed|p2a: Chien-Pao\n|-damage|p2a: Chien-Pao|59\/100 slp\n|-damage|p2a: Chien-Pao|13\/100 slp\n|-damage|p2a: Chien-Pao|0 fnt\n|faint|p2a: Chien-Pao\n|-hitcount|p2: Chien-Pao|3\n|\n|-fieldend|move: Electric Terrain\n|upkeep\n|c|\u2606zekoplayzr6|tell me your defense stat i have to know\n|\n|t:|1698940950\n|switch|p2a: Palafin|Palafin-Hero, F|100\/100\n|-activate|p2a: Palafin|move: Sticky Web\n|-unboost|p2a: Palafin|spe|1\n|-activate|p2a: Palafin|ability: Zero to Hero\n|turn|20\n|c|\u2606Tioscy|Its too low to survive a jet punch probably-\n|c|\u2606Tioscy|Its 123\n|\n|t:|1698940994\n|move|p2a: Palafin|Jet Punch|p1a: THE GUN\n|-resisted|p1a: THE GUN\n|-damage|p1a: THE GUN|0 fnt\n|faint|p1a: THE GUN\n|\n|win|zekoplayzr6\n|raw|Tioscy's rating: 1066 &rarr; <strong>1048<\/strong><br \/>(-18 for losing)\n|raw|zekoplayzr6's rating: 1105 &rarr; <strong>1127<\/strong><br \/>(+22 for winning)\n|c|\u2606zekoplayzr6|...got damn\n|c|\u2606Tioscy|Yuh\n|c|\u2606zekoplayzr6|ggs\n|c|\u2606Tioscy|Gg!\n|c|\u2606Tioscy|Remember\n|c|\u2606Tioscy|Dont do drugs\n|c|\u2606zekoplayzr6|palafin is palafun\n|c|\u2606zekoplayzr6|remember\n|c|\u2606zekoplayzr6|kitchen gun\n|c|\u2606Tioscy|Let your pets do drugs instead :3\n|c|\u2606zekoplayzr6|indeed :)\n","uploadtime":1698941040,"views":4,"p1id":"tioscy","p2id":"zekoplayzr6","formatid":"gen9ubers","rating":1048,"private":0,"password":""}