{"id":"gen9ubers-1996654297","p1":"Xronuz","p2":"BL153","format":"[Gen 9] Ubers","log":"|j|\u2606Xronuz\n|j|\u2606BL153\n|t:|1700705678\n|gametype|singles\n|player|p1|Xronuz|drayden|1070\n|player|p2|BL153|nate|1258\n|teamsize|p1|6\n|teamsize|p2|6\n|gen|9\n|tier|[Gen 9] Ubers\n|rated|\n|rule|Sleep Clause Mod: Limit one foe put to sleep\n|rule|Species Clause: Limit one of each Pok\u00e9mon\n|rule|OHKO Clause: OHKO moves are banned\n|rule|Evasion Items Clause: Evasion items are banned\n|rule|Evasion Moves Clause: Evasion moves are banned\n|rule|Endless Battle Clause: Forcing endless battles is banned\n|rule|HP Percentage Mod: HP is shown in percentages\n|clearpoke\n|poke|p1|Tyranitar, F|\n|poke|p1|Dudunsparce-*, F|\n|poke|p1|Quaquaval, M|\n|poke|p1|Flutter Mane|\n|poke|p1|Iron Moth|\n|poke|p1|Ursaluna, F|\n|poke|p2|Annihilape, M|\n|poke|p2|Magearna|\n|poke|p2|Groudon|\n|poke|p2|Palkia|\n|poke|p2|Clodsire, M|\n|poke|p2|Arceus-Dark|\n|teampreview\n|inactive|Battle timer is ON: inactive players will automatically lose when time's up. (requested by Xronuz)\n|c|\u2606BL153|hf\n|\n|t:|1700705695\n|start\n|switch|p1a: Dudunsparce|Dudunsparce, F|100\/100\n|switch|p2a: Groudon|Groudon|100\/100\n|-weather|SunnyDay|[from] ability: Drought|[of] p2a: Groudon\n|turn|1\n|\n|t:|1700705712\n|move|p2a: Groudon|Fire Blast|p1a: Dudunsparce\n|-damage|p1a: Dudunsparce|62\/100\n|move|p1a: Dudunsparce|Coil|p1a: Dudunsparce\n|-boost|p1a: Dudunsparce|atk|1\n|-boost|p1a: Dudunsparce|def|1\n|-boost|p1a: Dudunsparce|accuracy|1\n|\n|-weather|SunnyDay|[upkeep]\n|upkeep\n|turn|2\n|c|\u2606Xronuz|hi\n|c|\u2606BL153|hello\n|inactive|Xronuz has 120 seconds left.\n|inactive|Xronuz has 90 seconds left.\n|\n|t:|1700705775\n|move|p2a: Groudon|Thunder Wave|p1a: Dudunsparce|[miss]\n|-miss|p2a: Groudon|p1a: Dudunsparce\n|move|p1a: Dudunsparce|Dual Wingbeat|p2a: Groudon\n|-damage|p2a: Groudon|89\/100\n|-damage|p2a: Groudon|77\/100\n|-hitcount|p2a: Groudon|2\n|-damage|p1a: Dudunsparce|52\/100|[from] item: Life Orb\n|\n|-weather|SunnyDay|[upkeep]\n|-heal|p2a: Groudon|83\/100|[from] item: Leftovers\n|upkeep\n|turn|3\n|inactive|Xronuz has 90 seconds left.\n|\n|t:|1700705785\n|switch|p1a: Tyranitar|Tyranitar, F|100\/100\n|-weather|Sandstorm|[from] ability: Sand Stream|[of] p1a: Tyranitar\n|move|p2a: Groudon|Fire Blast|p1a: Tyranitar\n|-resisted|p1a: Tyranitar\n|-damage|p1a: Tyranitar|97\/100\n|\n|-weather|Sandstorm|[upkeep]\n|-heal|p2a: Groudon|89\/100|[from] item: Leftovers\n|upkeep\n|turn|4\n|inactive|Xronuz has 90 seconds left.\n|\n|t:|1700705801\n|move|p2a: Groudon|Earthquake|p1a: Tyranitar\n|-supereffective|p1a: Tyranitar\n|-damage|p1a: Tyranitar|24\/100\n|move|p1a: Tyranitar|Stone Edge|p2a: Groudon\n|-resisted|p2a: Groudon\n|-damage|p2a: Groudon|77\/100\n|\n|-weather|Sandstorm|[upkeep]\n|-heal|p2a: Groudon|83\/100|[from] item: Leftovers\n|upkeep\n|turn|5\n|inactive|Xronuz has 90 seconds left.\n|\n|t:|1700705813\n|switch|p1a: Iron Moth|Iron Moth|100\/100\n|move|p2a: Groudon|Stealth Rock|p1a: Iron Moth\n|-sidestart|p1: Xronuz|move: Stealth Rock\n|\n|-weather|Sandstorm|[upkeep]\n|-damage|p1a: Iron Moth|95\/100|[from] Sandstorm\n|-heal|p2a: Groudon|89\/100|[from] item: Leftovers\n|upkeep\n|turn|6\n|inactive|Xronuz has 90 seconds left.\n|\n|t:|1700705842\n|move|p1a: Iron Moth|Electric Terrain|p1a: Iron Moth\n|-fieldstart|move: Electric Terrain\n|-enditem|p1a: Iron Moth|Electric Seed\n|-boost|p1a: Iron Moth|def|1|[from] item: Electric Seed\n|-activate|p1a: Iron Moth|ability: Quark Drive\n|-start|p1a: Iron Moth|quarkdrivespa\n|move|p2a: Groudon|Earthquake|p1a: Iron Moth\n|-supereffective|p1a: Iron Moth\n|-damage|p1a: Iron Moth|0 fnt\n|faint|p1a: Iron Moth\n|-end|p1a: Iron Moth|Quark Drive|[silent]\n|\n|-weather|Sandstorm|[upkeep]\n|-heal|p2a: Groudon|96\/100|[from] item: Leftovers\n|upkeep\n|inactive|Xronuz has 60 seconds left.\n|inactive|Xronuz has 30 seconds left.\n|-message|Xronuz forfeited.\n|\n|win|BL153\n|inactive|Xronuz has 30 seconds left this turn.\n|raw|Xronuz's rating: 1070 &rarr; <strong>1060<\/strong><br \/>(-10 for losing)\n|raw|BL153's rating: 1258 &rarr; <strong>1271<\/strong><br \/>(+13 for winning)\n|l|\u2606Xronuz\n|c|\u2606BL153|hello?\n","uploadtime":1700705919,"views":3,"p1id":"xronuz","p2id":"bl153","formatid":"gen9ubers","rating":1060,"private":0,"password":""}