{"id":"gen9ubers-1972419202","p1":"oznova55","p2":"BCEickelmann","format":"[Gen 9] Ubers","log":"|j|\u2606oznova55\n|j|\u2606BCEickelmann\n|t:|1697840730\n|gametype|singles\n|player|p1|oznova55|clair|\n|player|p2|BCEickelmann|170|\n|teamsize|p1|6\n|teamsize|p2|6\n|gen|9\n|tier|[Gen 9] Ubers\n|rule|Sleep Clause Mod: Limit one foe put to sleep\n|rule|Species Clause: Limit one of each Pok\u00e9mon\n|rule|OHKO Clause: OHKO moves are banned\n|rule|Evasion Items Clause: Evasion items are banned\n|rule|Evasion Moves Clause: Evasion moves are banned\n|rule|Endless Battle Clause: Forcing endless battles is banned\n|rule|HP Percentage Mod: HP is shown in percentages\n|clearpoke\n|poke|p1|Pelipper, F|\n|poke|p1|Ogerpon-Wellspring, F|\n|poke|p1|Zapdos|\n|poke|p1|Gastrodon-East, M|\n|poke|p1|Empoleon, F|\n|poke|p1|Ludicolo, M|\n|poke|p2|Amoonguss, F|\n|poke|p2|Greninja-*, M|\n|poke|p2|Bisharp, F|\n|poke|p2|Infernape, M|\n|poke|p2|Qwilfish, F|\n|poke|p2|Hippowdon, F|\n|teampreview\n|\n|t:|1697840738\n|start\n|switch|p1a: Pelipper|Pelipper, F, shiny|100\/100\n|switch|p2a: Infernape|Infernape, M|100\/100\n|-weather|RainDance|[from] ability: Drizzle|[of] p1a: Pelipper\n|turn|1\n|\n|t:|1697840756\n|move|p2a: Infernape|Thunder Punch|p1a: Pelipper\n|-supereffective|p1a: Pelipper\n|-damage|p1a: Pelipper|15\/100\n|-status|p1a: Pelipper|par\n|move|p1a: Pelipper|U-turn|p2a: Infernape\n|-resisted|p2a: Infernape\n|-damage|p2a: Infernape|97\/100\n|\n|t:|1697840763\n|switch|p1a: Gastrodon|Gastrodon-East, M, shiny|100\/100|[from] U-turn\n|\n|-weather|RainDance|[upkeep]\n|upkeep\n|turn|2\n|\n|t:|1697840774\n|switch|p2a: Hippowdon|Hippowdon, F|100\/100\n|-weather|Sandstorm|[from] ability: Sand Stream|[of] p2a: Hippowdon\n|move|p1a: Gastrodon|Stealth Rock|p2a: Hippowdon\n|-sidestart|p2: BCEickelmann|move: Stealth Rock\n|\n|-weather|Sandstorm|[upkeep]\n|upkeep\n|turn|3\n|\n|t:|1697840788\n|move|p2a: Hippowdon|Ice Fang|p1a: Gastrodon\n|-damage|p1a: Gastrodon|78\/100\n|move|p1a: Gastrodon|Ice Beam|p2a: Hippowdon\n|-supereffective|p2a: Hippowdon\n|-damage|p2a: Hippowdon|57\/100\n|\n|-weather|Sandstorm|[upkeep]\n|-heal|p1a: Gastrodon|84\/100|[from] item: Leftovers\n|upkeep\n|turn|4\n|\n|t:|1697840812\n|switch|p2a: Greninja|Greninja, M|100\/100\n|-damage|p2a: Greninja|88\/100|[from] Stealth Rock\n|move|p1a: Gastrodon|Ice Beam|p2a: Greninja\n|-resisted|p2a: Greninja\n|-damage|p2a: Greninja|75\/100\n|\n|-weather|Sandstorm|[upkeep]\n|-damage|p2a: Greninja|69\/100|[from] Sandstorm\n|-heal|p1a: Gastrodon|90\/100|[from] item: Leftovers\n|upkeep\n|turn|5\n|\n|t:|1697840825\n|switch|p1a: Pelipper|Pelipper, F, shiny|15\/100 par\n|-weather|RainDance|[from] ability: Drizzle|[of] p1a: Pelipper\n|move|p2a: Greninja|Ice Beam|p1a: Pelipper\n|-start|p2a: Greninja|typechange|Ice|[from] ability: Protean\n|-damage|p1a: Pelipper|0 fnt\n|faint|p1a: Pelipper\n|\n|-weather|RainDance|[upkeep]\n|upkeep\n|\n|t:|1697840851\n|switch|p1a: Empoleon|Empoleon, F, shiny|100\/100\n|turn|6\n|\n|t:|1697840906\n|switch|p2a: Hippowdon|Hippowdon, F|57\/100\n|-damage|p2a: Hippowdon|50\/100|[from] Stealth Rock\n|-weather|Sandstorm|[from] ability: Sand Stream|[of] p2a: Hippowdon\n|move|p1a: Empoleon|Flip Turn|p2a: Hippowdon\n|-supereffective|p2a: Hippowdon\n|-enditem|p2a: Hippowdon|Passho Berry|[eat]\n|-enditem|p2a: Hippowdon|Passho Berry|[weaken]\n|-damage|p2a: Hippowdon|38\/100\n|\n|t:|1697840921\n|switch|p1a: Ludicolo|Ludicolo, M|100\/100|[from] Flip Turn\n|\n|-weather|Sandstorm|[upkeep]\n|-damage|p1a: Ludicolo|95\/100|[from] Sandstorm\n|upkeep\n|turn|7\n|\n|t:|1697840941\n|move|p1a: Ludicolo|Giga Drain|p2a: Hippowdon\n|-supereffective|p2a: Hippowdon\n|-damage|p2a: Hippowdon|0 fnt\n|-heal|p1a: Ludicolo|100\/100|[from] drain|[of] p2a: Hippowdon\n|faint|p2a: Hippowdon\n|\n|-weather|Sandstorm|[upkeep]\n|-damage|p1a: Ludicolo|95\/100|[from] Sandstorm\n|upkeep\n|\n|t:|1697840953\n|switch|p2a: Qwilfish|Qwilfish, F|100\/100\n|-damage|p2a: Qwilfish|88\/100|[from] Stealth Rock\n|turn|8\n|\n|t:|1697840963\n|move|p2a: Qwilfish|Gunk Shot|p1a: Ludicolo|[miss]\n|-miss|p2a: Qwilfish|p1a: Ludicolo\n|move|p1a: Ludicolo|Giga Drain|p2a: Qwilfish\n|-damage|p2a: Qwilfish|29\/100\n|-heal|p1a: Ludicolo|100\/100|[from] drain|[of] p2a: Qwilfish\n|\n|-weather|Sandstorm|[upkeep]\n|-damage|p2a: Qwilfish|22\/100|[from] Sandstorm\n|-damage|p1a: Ludicolo|95\/100|[from] Sandstorm\n|-heal|p2a: Qwilfish|29\/100|[from] item: Black Sludge\n|upkeep\n|turn|9\n|\n|t:|1697840977\n|-terastallize|p1a: Ludicolo|Steel\n|move|p2a: Qwilfish|Thunder Wave|p1a: Ludicolo|[miss]\n|-miss|p2a: Qwilfish|p1a: Ludicolo\n|move|p1a: Ludicolo|Giga Drain|p2a: Qwilfish\n|-damage|p2a: Qwilfish|0 fnt\n|-heal|p1a: Ludicolo|100\/100|[from] drain|[of] p2a: Qwilfish\n|faint|p2a: Qwilfish\n|\n|-weather|Sandstorm|[upkeep]\n|upkeep\n|\n|t:|1697840993\n|switch|p2a: Infernape|Infernape, M|97\/100\n|-damage|p2a: Infernape|85\/100|[from] Stealth Rock\n|turn|10\n|\n|t:|1697841006\n|switch|p1a: Gastrodon|Gastrodon-East, M, shiny|90\/100\n|move|p2a: Infernape|Close Combat|p1a: Gastrodon\n|-damage|p1a: Gastrodon|32\/100\n|-unboost|p2a: Infernape|def|1\n|-unboost|p2a: Infernape|spd|1\n|\n|-weather|none\n|-heal|p1a: Gastrodon|38\/100|[from] item: Leftovers\n|upkeep\n|turn|11\n|\n|t:|1697841039\n|switch|p1a: Zapdos|Zapdos|100\/100\n|move|p2a: Infernape|Close Combat|p1a: Zapdos\n|-resisted|p1a: Zapdos\n|-damage|p1a: Zapdos|66\/100\n|-unboost|p2a: Infernape|def|1\n|-unboost|p2a: Infernape|spd|1\n|\n|upkeep\n|turn|12\n|\n|t:|1697841062\n|move|p2a: Infernape|Stone Edge|p1a: Zapdos\n|-supereffective|p1a: Zapdos\n|-damage|p1a: Zapdos|0 fnt\n|faint|p1a: Zapdos\n|\n|upkeep\n|\n|t:|1697841094\n|switch|p1a: Ogerpon|Ogerpon-Wellspring, F|100\/100\n|turn|13\n|\n|t:|1697841125\n|move|p1a: Ogerpon|Ivy Cudgel|p2a: Infernape\n|-supereffective|p2a: Infernape\n|-damage|p2a: Infernape|0 fnt\n|faint|p2a: Infernape\n|\n|upkeep\n|\n|t:|1697841150\n|switch|p2a: Amoonguss|Amoonguss, F|100\/100\n|-damage|p2a: Amoonguss|88\/100|[from] Stealth Rock\n|turn|14\n|\n|t:|1697841158\n|move|p1a: Ogerpon|Taunt|p2a: Amoonguss\n|-start|p2a: Amoonguss|move: Taunt\n|cant|p2a: Amoonguss|move: Taunt|Spore\n|\n|-heal|p2a: Amoonguss|94\/100|[from] item: Black Sludge\n|upkeep\n|turn|15\n|\n|t:|1697841169\n|move|p1a: Ogerpon|Horn Leech|p2a: Amoonguss\n|-resisted|p2a: Amoonguss\n|-crit|p2a: Amoonguss\n|-damage|p2a: Amoonguss|77\/100\n|move|p2a: Amoonguss|Sludge Bomb|p1a: Ogerpon\n|-supereffective|p1a: Ogerpon\n|-damage|p1a: Ogerpon|40\/100\n|\n|-heal|p2a: Amoonguss|83\/100|[from] item: Black Sludge\n|upkeep\n|turn|16\n|\n|t:|1697841194\n|move|p1a: Ogerpon|U-turn|p2a: Amoonguss\n|-damage|p2a: Amoonguss|55\/100\n|\n|t:|1697841197\n|switch|p1a: Empoleon|Empoleon, F, shiny|100\/100|[from] U-turn\n|move|p2a: Amoonguss|Sludge Bomb|p1a: Empoleon\n|-immune|p1a: Empoleon\n|\n|-heal|p2a: Amoonguss|61\/100|[from] item: Black Sludge\n|-end|p2a: Amoonguss|move: Taunt\n|upkeep\n|turn|17\n|\n|t:|1697841208\n|move|p1a: Empoleon|Ice Beam|p2a: Amoonguss\n|-supereffective|p2a: Amoonguss\n|-damage|p2a: Amoonguss|30\/100\n|move|p2a: Amoonguss|Spore|p1a: Empoleon\n|-status|p1a: Empoleon|slp|[from] move: Spore\n|\n|-heal|p2a: Amoonguss|36\/100|[from] item: Black Sludge\n|upkeep\n|turn|18\n|\n|t:|1697841218\n|cant|p1a: Empoleon|slp\n|move|p2a: Amoonguss|Synthesis|p2a: Amoonguss\n|-heal|p2a: Amoonguss|86\/100\n|\n|-heal|p2a: Amoonguss|92\/100|[from] item: Black Sludge\n|upkeep\n|turn|19\n|\n|t:|1697841227\n|cant|p1a: Empoleon|slp\n|move|p2a: Amoonguss|Giga Drain|p1a: Empoleon\n|-damage|p1a: Empoleon|84\/100 slp\n|-heal|p2a: Amoonguss|99\/100|[from] drain|[of] p1a: Empoleon\n|\n|-heal|p1a: Empoleon|91\/100 slp|[from] item: Leftovers\n|-heal|p2a: Amoonguss|100\/100|[from] item: Black Sludge\n|upkeep\n|turn|20\n|\n|t:|1697841257\n|switch|p2a: Bisharp|Bisharp, F|100\/100\n|-damage|p2a: Bisharp|94\/100|[from] Stealth Rock\n|-curestatus|p1a: Empoleon|slp|[msg]\n|move|p1a: Empoleon|Ice Beam|p2a: Bisharp\n|-resisted|p2a: Bisharp\n|-damage|p2a: Bisharp|84\/100\n|\n|-heal|p1a: Empoleon|97\/100|[from] item: Leftovers\n|upkeep\n|turn|21\n|\n|t:|1697841276\n|move|p2a: Bisharp|Swords Dance|p2a: Bisharp\n|-boost|p2a: Bisharp|atk|2\n|move|p1a: Empoleon|Flip Turn|p2a: Bisharp\n|-damage|p2a: Bisharp|73\/100\n|\n|t:|1697841300\n|switch|p1a: Ludicolo|Ludicolo, M, tera:Steel|100\/100|[from] Flip Turn\n|\n|upkeep\n|turn|22\n|\n|t:|1697841324\n|-terastallize|p2a: Bisharp|Dark\n|move|p2a: Bisharp|Sucker Punch|p1a: Ludicolo\n|-damage|p1a: Ludicolo|0 fnt\n|faint|p1a: Ludicolo\n|\n|upkeep\n|\n|t:|1697841339\n|switch|p1a: Ogerpon|Ogerpon-Wellspring, F|40\/100\n|turn|23\n|\n|t:|1697841355\n|move|p2a: Bisharp|Sucker Punch|p1a: Ogerpon\n|-damage|p1a: Ogerpon|0 fnt\n|faint|p1a: Ogerpon\n|\n|upkeep\n|\n|t:|1697841359\n|switch|p1a: Empoleon|Empoleon, F, shiny|97\/100\n|turn|24\n|\n|t:|1697841374\n|move|p2a: Bisharp|Sucker Punch|p1a: Empoleon\n|-damage|p1a: Empoleon|0 fnt\n|faint|p1a: Empoleon\n|\n|upkeep\n|\n|t:|1697841377\n|switch|p1a: Gastrodon|Gastrodon-East, M, shiny|38\/100\n|turn|25\n|\n|t:|1697841389\n|move|p2a: Bisharp|Sucker Punch||[still]\n|-fail|p2a: Bisharp\n|move|p1a: Gastrodon|Recover|p1a: Gastrodon\n|-heal|p1a: Gastrodon|88\/100\n|\n|-heal|p1a: Gastrodon|94\/100|[from] item: Leftovers\n|upkeep\n|turn|26\n|\n|t:|1697841405\n|move|p2a: Bisharp|Sucker Punch|p1a: Gastrodon\n|-damage|p1a: Gastrodon|0 fnt\n|faint|p1a: Gastrodon\n|\n|win|BCEickelmann\n|c|\u2606oznova55|gg\n","uploadtime":1697841416,"views":18,"p1id":"oznova55","p2id":"bceickelmann","formatid":"gen9ubers","rating":0,"private":0,"password":""}