{"id":"gen9ubers-1979880885","p1":"godiamsosorry","p2":"TRaSHiNSeCT","format":"[Gen 9] Ubers","log":"|j|\u2606godiamsosorry\n|j|\u2606TRaSHiNSeCT\n|t:|1698723640\n|gametype|singles\n|player|p1|godiamsosorry|scientistf|\n|player|p2|TRaSHiNSeCT|workerice|\n|teamsize|p1|6\n|teamsize|p2|6\n|gen|9\n|tier|[Gen 9] Ubers\n|rule|Sleep Clause Mod: Limit one foe put to sleep\n|rule|Species Clause: Limit one of each Pok\u00e9mon\n|rule|OHKO Clause: OHKO moves are banned\n|rule|Evasion Items Clause: Evasion items are banned\n|rule|Evasion Moves Clause: Evasion moves are banned\n|rule|Endless Battle Clause: Forcing endless battles is banned\n|rule|HP Percentage Mod: HP is shown in percentages\n|clearpoke\n|poke|p1|Abomasnow, M|\n|poke|p1|Lucario, M|\n|poke|p1|Landorus-Therian, M|\n|poke|p1|Greninja-*, F|\n|poke|p1|Slowking-Galar, M|\n|poke|p1|Talonflame, M|\n|poke|p2|Ribombee, M|\n|poke|p2|Medicham, F|\n|poke|p2|Enamorus, F|\n|poke|p2|Azelf|\n|poke|p2|Moltres|\n|poke|p2|Greninja-*, F|\n|teampreview\n|\n|t:|1698723647\n|start\n|switch|p1a: Abomasnow|Abomasnow, M|100\/100\n|switch|p2a: Ribombee|Ribombee, M|100\/100\n|-weather|Snow|[from] ability: Snow Warning|[of] p1a: Abomasnow\n|turn|1\n|\n|t:|1698723655\n|move|p2a: Ribombee|Trick|p1a: Abomasnow\n|-activate|p2a: Ribombee|move: Trick|[of] p1a: Abomasnow\n|-item|p1a: Abomasnow|Choice Scarf|[from] move: Trick\n|-item|p2a: Ribombee|Light Clay|[from] move: Trick\n|move|p1a: Abomasnow|Aurora Veil|p1a: Abomasnow\n|-sidestart|p1: godiamsosorry|move: Aurora Veil\n|\n|-weather|Snow|[upkeep]\n|upkeep\n|turn|2\n|\n|t:|1698723665\n|switch|p1a: Talonflame|Talonflame, M|100\/100\n|move|p2a: Ribombee|Sticky Web|p1a: Talonflame\n|-sidestart|p1: godiamsosorry|move: Sticky Web\n|\n|-weather|Snow|[upkeep]\n|upkeep\n|turn|3\n|\n|t:|1698723674\n|move|p1a: Talonflame|Flamethrower|p2a: Ribombee\n|-supereffective|p2a: Ribombee\n|-damage|p2a: Ribombee|10\/100\n|move|p2a: Ribombee|Sticky Web||[still]\n|-fail|p2a: Ribombee\n|\n|-weather|Snow|[upkeep]\n|upkeep\n|turn|4\n|\n|t:|1698723684\n|switch|p2a: Enamorus|Enamorus, F|100\/100\n|move|p1a: Talonflame|Defog|p2a: Enamorus\n|-boost|p2a: Enamorus|evasion|1\n|-sideend|p1: godiamsosorry|Sticky Web|[from] move: Defog|[of] p1a: Talonflame\n|\n|-weather|Snow|[upkeep]\n|upkeep\n|turn|5\n|c|\u2606godiamsosorry|Oh.\n|c|\u2606TRaSHiNSeCT|yay\n|\n|t:|1698723696\n|move|p1a: Talonflame|Flamethrower|p2a: Enamorus\n|-damage|p2a: Enamorus|51\/100\n|move|p2a: Enamorus|Substitute|p2a: Enamorus\n|-start|p2a: Enamorus|Substitute\n|-damage|p2a: Enamorus|26\/100\n|\n|-weather|none\n|-heal|p2a: Enamorus|32\/100|[from] item: Leftovers\n|-sideend|p1: godiamsosorry|move: Aurora Veil\n|upkeep\n|turn|6\n|\n|t:|1698723705\n|move|p1a: Talonflame|Flamethrower|p2a: Enamorus|[miss]\n|-miss|p1a: Talonflame|p2a: Enamorus\n|move|p2a: Enamorus|Superpower|p1a: Talonflame\n|-resisted|p1a: Talonflame\n|-damage|p1a: Talonflame|74\/100\n|-boost|p2a: Enamorus|atk|1\n|-boost|p2a: Enamorus|def|1\n|-status|p2a: Enamorus|brn|[from] ability: Flame Body|[of] p1a: Talonflame\n|\n|-heal|p2a: Enamorus|38\/100 brn|[from] item: Leftovers\n|-damage|p2a: Enamorus|32\/100 brn|[from] brn\n|upkeep\n|turn|7\n|c|\u2606TRaSHiNSeCT|ah fuck\n|\n|t:|1698723720\n|-terastallize|p2a: Enamorus|Electric\n|move|p1a: Talonflame|Flamethrower|p2a: Enamorus\n|-end|p2a: Enamorus|Substitute\n|move|p2a: Enamorus|Tera Blast|p1a: Talonflame|[anim] Tera Blast Electric\n|-supereffective|p1a: Talonflame\n|-damage|p1a: Talonflame|0 fnt\n|faint|p1a: Talonflame\n|\n|-heal|p2a: Enamorus|38\/100 brn|[from] item: Leftovers\n|-damage|p2a: Enamorus|32\/100 brn|[from] brn\n|upkeep\n|\n|t:|1698723729\n|switch|p1a: Greninja|Greninja, F|100\/100\n|turn|8\n|\n|t:|1698723734\n|move|p1a: Greninja|Liquidation|p2a: Enamorus\n|-start|p1a: Greninja|typechange|Water|[from] ability: Protean\n|-crit|p2a: Enamorus\n|-damage|p2a: Enamorus|0 fnt\n|faint|p2a: Enamorus\n|\n|upkeep\n|\n|t:|1698723741\n|switch|p2a: Ribombee|Ribombee, M|10\/100\n|turn|9\n|\n|t:|1698723745\n|move|p2a: Ribombee|Sticky Web|p1a: Greninja\n|-sidestart|p1: godiamsosorry|move: Sticky Web\n|move|p1a: Greninja|Liquidation|p2a: Ribombee\n|-damage|p2a: Ribombee|0 fnt\n|faint|p2a: Ribombee\n|\n|upkeep\n|\n|t:|1698723754\n|switch|p2a: Greninja|Greninja, F|100\/100\n|turn|10\n|\n|t:|1698723762\n|switch|p1a: Landorus|Landorus-Therian, M|100\/100\n|-ability|p1a: Landorus|Intimidate|boost\n|-unboost|p2a: Greninja|atk|1\n|move|p2a: Greninja|Swords Dance|p2a: Greninja\n|-boost|p2a: Greninja|atk|2\n|\n|upkeep\n|turn|11\n|\n|t:|1698723769\n|move|p2a: Greninja|Liquidation|p1a: Landorus\n|-supereffective|p1a: Landorus\n|-damage|p1a: Landorus|0 fnt\n|faint|p1a: Landorus\n|\n|upkeep\n|\n|t:|1698723773\n|switch|p1a: Lucario|Lucario, M|100\/100\n|-activate|p1a: Lucario|move: Sticky Web\n|-unboost|p1a: Lucario|spe|1\n|turn|12\n|\n|t:|1698723778\n|move|p2a: Greninja|Liquidation|p1a: Lucario\n|-damage|p1a: Lucario|15\/100\n|move|p1a: Lucario|Close Combat|p2a: Greninja\n|-supereffective|p2a: Greninja\n|-enditem|p2a: Greninja|Focus Sash\n|-damage|p2a: Greninja|1\/100\n|-unboost|p1a: Lucario|def|1\n|-unboost|p1a: Lucario|spd|1\n|-damage|p1a: Lucario|5\/100|[from] item: Life Orb\n|\n|upkeep\n|turn|13\n|\n|t:|1698723788\n|move|p1a: Lucario|Extreme Speed|p2a: Greninja\n|-damage|p2a: Greninja|0 fnt\n|faint|p2a: Greninja\n|-damage|p1a: Lucario|0 fnt|[from] item: Life Orb\n|faint|p1a: Lucario\n|\n|upkeep\n|\n|t:|1698723796\n|switch|p2a: Medicham|Medicham, F|100\/100\n|switch|p1a: Slowking|Slowking-Galar, M|100\/100\n|turn|14\n|\n|t:|1698723806\n|switch|p2a: Azelf|Azelf|100\/100\n|move|p1a: Slowking|Toxic|p2a: Azelf\n|-status|p2a: Azelf|tox\n|\n|-damage|p2a: Azelf|94\/100 tox|[from] psn\n|upkeep\n|turn|15\n|\n|t:|1698723816\n|move|p2a: Azelf|Psyshock|p1a: Slowking\n|-damage|p1a: Slowking|59\/100\n|move|p1a: Slowking|Foul Play|p2a: Azelf\n|-supereffective|p2a: Azelf\n|-damage|p2a: Azelf|24\/100 tox\n|\n|-damage|p2a: Azelf|12\/100 tox|[from] psn\n|upkeep\n|turn|16\n|\n|t:|1698723824\n|move|p2a: Azelf|Psyshock|p1a: Slowking\n|-damage|p1a: Slowking|18\/100\n|move|p1a: Slowking|Slack Off|p1a: Slowking\n|-heal|p1a: Slowking|68\/100\n|\n|-damage|p2a: Azelf|0 fnt|[from] psn\n|faint|p2a: Azelf\n|upkeep\n|\n|t:|1698723831\n|switch|p2a: Moltres|Moltres|100\/100\n|turn|17\n|\n|t:|1698723836\n|move|p2a: Moltres|Flare Blitz|p1a: Slowking\n|-damage|p1a: Slowking|26\/100\n|-damage|p2a: Moltres|86\/100|[from] Recoil\n|move|p1a: Slowking|Toxic|p2a: Moltres\n|-status|p2a: Moltres|tox\n|\n|-damage|p2a: Moltres|80\/100 tox|[from] psn\n|upkeep\n|turn|18\n|\n|t:|1698723843\n|switch|p1a: Abomasnow|Abomasnow, M|100\/100\n|-activate|p1a: Abomasnow|move: Sticky Web\n|-unboost|p1a: Abomasnow|spe|1\n|-weather|Snow|[from] ability: Snow Warning|[of] p1a: Abomasnow\n|move|p2a: Moltres|Flare Blitz|p1a: Abomasnow\n|-supereffective|p1a: Abomasnow\n|-crit|p1a: Abomasnow\n|-damage|p1a: Abomasnow|0 fnt\n|faint|p1a: Abomasnow\n|-damage|p2a: Moltres|47\/100 tox|[from] Recoil\n|\n|-weather|Snow|[upkeep]\n|-damage|p2a: Moltres|35\/100 tox|[from] psn\n|upkeep\n|\n|t:|1698723851\n|switch|p1a: Slowking|Slowking-Galar, M|59\/100\n|turn|19\n|\n|t:|1698723858\n|move|p2a: Moltres|Flare Blitz|p1a: Slowking\n|-damage|p1a: Slowking|18\/100\n|-damage|p2a: Moltres|21\/100 tox|[from] Recoil\n|move|p1a: Slowking|Slack Off|p1a: Slowking\n|-heal|p1a: Slowking|68\/100\n|\n|-weather|Snow|[upkeep]\n|-damage|p2a: Moltres|2\/100 tox|[from] psn\n|upkeep\n|turn|20\n|\n|t:|1698723868\n|move|p2a: Moltres|Flare Blitz|p1a: Slowking\n|-damage|p1a: Slowking|27\/100\n|-damage|p2a: Moltres|0 fnt|[from] Recoil\n|faint|p2a: Moltres\n|move|p1a: Slowking|Chilly Reception|p1a: Slowking\n|\n|t:|1698723870\n|switch|p1a: Greninja|Greninja, F|100\/100|[from] Chilly Reception\n|-activate|p1a: Greninja|move: Sticky Web\n|-unboost|p1a: Greninja|spe|1\n|\n|-weather|Snow|[upkeep]\n|upkeep\n|\n|t:|1698723878\n|switch|p2a: Medicham|Medicham, F|100\/100\n|turn|21\n|\n|t:|1698723885\n|move|p2a: Medicham|Close Combat|p1a: Greninja\n|-supereffective|p1a: Greninja\n|-damage|p1a: Greninja|0 fnt\n|-unboost|p2a: Medicham|def|1\n|-unboost|p2a: Medicham|spd|1\n|faint|p1a: Greninja\n|\n|-weather|Snow|[upkeep]\n|upkeep\n|\n|t:|1698723887\n|switch|p1a: Slowking|Slowking-Galar, M|60\/100\n|turn|22\n|\n|t:|1698723893\n|move|p2a: Medicham|Close Combat|p1a: Slowking\n|-resisted|p1a: Slowking\n|-damage|p1a: Slowking|40\/100\n|-unboost|p2a: Medicham|def|1\n|-unboost|p2a: Medicham|spd|1\n|move|p1a: Slowking|Slack Off|p1a: Slowking\n|-heal|p1a: Slowking|90\/100\n|\n|-weather|none\n|upkeep\n|turn|23\n|c|\u2606godiamsosorry|Band?\n|c|\u2606TRaSHiNSeCT|yep\n|\n|t:|1698723904\n|move|p2a: Medicham|Close Combat|p1a: Slowking\n|-resisted|p1a: Slowking\n|-damage|p1a: Slowking|70\/100\n|-unboost|p2a: Medicham|def|1\n|-unboost|p2a: Medicham|spd|1\n|move|p1a: Slowking|Foul Play|p2a: Medicham\n|-damage|p2a: Medicham|12\/100\n|\n|upkeep\n|turn|24\n|c|\u2606godiamsosorry|Jesus Christ dude.\n|c|\u2606godiamsosorry|I\u00b4m max defense by the way.\n|\n|t:|1698723915\n|move|p2a: Medicham|Close Combat|p1a: Slowking\n|-resisted|p1a: Slowking\n|-damage|p1a: Slowking|50\/100\n|-unboost|p2a: Medicham|def|1\n|-unboost|p2a: Medicham|spd|1\n|move|p1a: Slowking|Foul Play|p2a: Medicham\n|-damage|p2a: Medicham|0 fnt\n|faint|p2a: Medicham\n|\n|win|godiamsosorry\n|c|\u2606TRaSHiNSeCT|wow\n|c|\u2606godiamsosorry|Quad resist.\n|c|\u2606TRaSHiNSeCT|gg wp\n|c|\u2606godiamsosorry|gg\n|l|\u2606godiamsosorry\n","uploadtime":1698723936,"views":14,"p1id":"godiamsosorry","p2id":"trashinsect","formatid":"gen9ubers","rating":0,"private":0,"password":""}