{"id":"gen9ubers-1992166239","p1":"edchucate","p2":"ProudNewb","format":"[Gen 9] Ubers","log":"|j|\u2606edchucate\n|j|\u2606ProudNewb\n|t:|1700160502\n|gametype|singles\n|player|p1|edchucate|hooligans|\n|player|p2|ProudNewb|102|\n|teamsize|p1|6\n|teamsize|p2|6\n|gen|9\n|tier|[Gen 9] Ubers\n|rule|Sleep Clause Mod: Limit one foe put to sleep\n|rule|Species Clause: Limit one of each Pok\u00e9mon\n|rule|OHKO Clause: OHKO moves are banned\n|rule|Evasion Items Clause: Evasion items are banned\n|rule|Evasion Moves Clause: Evasion moves are banned\n|rule|Endless Battle Clause: Forcing endless battles is banned\n|rule|HP Percentage Mod: HP is shown in percentages\n|clearpoke\n|poke|p1|Torterra, F|\n|poke|p1|Clodsire, M|\n|poke|p1|Mew|\n|poke|p1|Glimmora, M|\n|poke|p1|Munkidori, M|\n|poke|p1|Manaphy|\n|poke|p2|Palafin, M|\n|poke|p2|Mamoswine, M|\n|poke|p2|Oricorio-Pom-Pom, F|\n|poke|p2|Ogerpon-Hearthflame, F|\n|poke|p2|Zoroark-Hisui, F|\n|poke|p2|Yanmega, M|\n|teampreview\n|j| thisaintgeo\n|\n|t:|1700160581\n|start\n|switch|p1a: Glimmora|Glimmora, M, shiny|100\/100\n|switch|p2a: Palafin|Palafin, M|100\/100\n|turn|1\n|\n|t:|1700160604\n|move|p1a: Glimmora|Stealth Rock|p2a: Palafin\n|-sidestart|p2: ProudNewb|move: Stealth Rock\n|move|p2a: Palafin|Taunt|p1a: Glimmora\n|-start|p1a: Glimmora|move: Taunt\n|\n|upkeep\n|turn|2\n|\n|t:|1700160618\n|move|p2a: Palafin|Jet Punch|p1a: Glimmora\n|-supereffective|p1a: Glimmora\n|-crit|p1a: Glimmora\n|-damage|p1a: Glimmora|38\/100\n|-activate|p1a: Glimmora|ability: Toxic Debris\n|-sidestart|p2: ProudNewb|move: Toxic Spikes\n|move|p1a: Glimmora|Mortal Spin|p2a: Palafin\n|-damage|p2a: Palafin|93\/100\n|-status|p2a: Palafin|psn\n|\n|-heal|p2a: Palafin|99\/100 psn|[from] item: Leftovers\n|-damage|p2a: Palafin|87\/100 psn|[from] psn\n|upkeep\n|turn|3\n|c| thisaintgeo|Jade your team looks like just a bunch of goobers xD\n|\n|t:|1700160631\n|switch|p1a: Torterra|Torterra, F, shiny|100\/100\n|move|p2a: Palafin|Jet Punch|p1a: Torterra\n|-damage|p1a: Torterra|85\/100\n|\n|-heal|p2a: Palafin|93\/100 psn|[from] item: Leftovers\n|-damage|p2a: Palafin|81\/100 psn|[from] psn\n|upkeep\n|turn|4\n|c|\u2606ProudNewb|1WAIT MY NICKNAMES DIDNT SAVE\n|c|\u2606ProudNewb|this is chapanya\n|\n|t:|1700160665\n|detailschange|p2a: Palafin|Palafin-Hero, M\n|switch|p2a: Oricorio|Oricorio-Pom-Pom, F|100\/100\n|move|p1a: Torterra|Bullet Seed|p2a: Oricorio\n|-resisted|p2a: Oricorio\n|-damage|p2a: Oricorio|95\/100\n|-resisted|p2a: Oricorio\n|-damage|p2a: Oricorio|90\/100\n|-resisted|p2a: Oricorio\n|-damage|p2a: Oricorio|85\/100\n|-resisted|p2a: Oricorio\n|-damage|p2a: Oricorio|80\/100\n|-hitcount|p2a: Oricorio|4\n|\n|upkeep\n|turn|5\n|c| thisaintgeo|It obviously isn\u2019t\n|\n|t:|1700160685\n|-terastallize|p1a: Torterra|Rock\n|move|p2a: Oricorio|Defog|p1a: Torterra\n|-unboost|p1a: Torterra|evasion|1\n|-sideend|p2: ProudNewb|Toxic Spikes|[from] move: Defog|[of] p2a: Oricorio\n|-sideend|p2: ProudNewb|Stealth Rock|[from] move: Defog|[of] p2a: Oricorio\n|move|p1a: Torterra|Rock Blast|p2a: Oricorio\n|-supereffective|p2a: Oricorio\n|-damage|p2a: Oricorio|55\/100\n|-supereffective|p2a: Oricorio\n|-crit|p2a: Oricorio\n|-damage|p2a: Oricorio|20\/100\n|-supereffective|p2a: Oricorio\n|-damage|p2a: Oricorio|0 fnt\n|faint|p2a: Oricorio\n|-hitcount|p2: Oricorio|3\n|\n|upkeep\n|\n|t:|1700160700\n|switch|p2a: Mamoswine|Mamoswine, M|100\/100\n|turn|6\n|\n|t:|1700160747\n|move|p2a: Mamoswine|Icicle Crash|p1a: Torterra\n|-damage|p1a: Torterra|43\/100\n|move|p1a: Torterra|Rock Blast|p2a: Mamoswine\n|-damage|p2a: Mamoswine|86\/100\n|-damage|p2a: Mamoswine|70\/100\n|-damage|p2a: Mamoswine|55\/100\n|-damage|p2a: Mamoswine|40\/100\n|-hitcount|p2a: Mamoswine|4\n|\n|upkeep\n|turn|7\n|\n|t:|1700160779\n|move|p2a: Mamoswine|Icicle Crash|p1a: Torterra\n|-damage|p1a: Torterra|1\/100\n|move|p1a: Torterra|Rock Blast|p2a: Mamoswine\n|-damage|p2a: Mamoswine|26\/100\n|-damage|p2a: Mamoswine|11\/100\n|-damage|p2a: Mamoswine|0 fnt\n|faint|p2a: Mamoswine\n|-hitcount|p2: Mamoswine|3\n|\n|upkeep\n|c|\u2606edchucate|1% is wild\n|\n|t:|1700160796\n|switch|p2a: Yanmega|Yanmega, M|100\/100\n|turn|8\n|c|\u2606ProudNewb|im so sad rn\n|c|\u2606ProudNewb|i didnt see the tera\n|\n|t:|1700160826\n|move|p2a: Yanmega|Bug Buzz|p1a: Torterra\n|-damage|p1a: Torterra|0 fnt\n|faint|p1a: Torterra\n|-enditem|p2a: Yanmega|Throat Spray\n|-boost|p2a: Yanmega|spa|1|[from] item: Throat Spray\n|\n|-ability|p2a: Yanmega|Speed Boost|boost\n|-boost|p2a: Yanmega|spe|1\n|upkeep\n|\n|t:|1700160849\n|switch|p1a: Glimmora|Glimmora, M, shiny|38\/100\n|turn|9\n|\n|t:|1700160856\n|move|p2a: Yanmega|Psychic|p1a: Glimmora\n|-supereffective|p1a: Glimmora\n|-damage|p1a: Glimmora|0 fnt\n|faint|p1a: Glimmora\n|\n|-ability|p2a: Yanmega|Speed Boost|boost\n|-boost|p2a: Yanmega|spe|1\n|upkeep\n|\n|t:|1700160862\n|switch|p1a: Manaphy|Manaphy, shiny|100\/100\n|turn|10\n|\n|t:|1700160870\n|move|p2a: Yanmega|Bug Buzz|p1a: Manaphy\n|-damage|p1a: Manaphy|32\/100\n|move|p1a: Manaphy|Tail Glow|p1a: Manaphy\n|-boost|p1a: Manaphy|spa|3\n|\n|-heal|p1a: Manaphy|38\/100|[from] item: Leftovers\n|-ability|p2a: Yanmega|Speed Boost|boost\n|-boost|p2a: Yanmega|spe|1\n|upkeep\n|turn|11\n|\n|t:|1700160879\n|move|p2a: Yanmega|Bug Buzz|p1a: Manaphy\n|-damage|p1a: Manaphy|0 fnt\n|faint|p1a: Manaphy\n|\n|-ability|p2a: Yanmega|Speed Boost|boost\n|-boost|p2a: Yanmega|spe|1\n|upkeep\n|\n|t:|1700160884\n|switch|p1a: Mew|Mew, shiny|100\/100\n|turn|12\n|\n|t:|1700160896\n|move|p2a: Yanmega|Bug Buzz|p1a: Mew\n|-supereffective|p1a: Mew\n|-damage|p1a: Mew|0 fnt\n|faint|p1a: Mew\n|\n|-ability|p2a: Yanmega|Speed Boost|boost\n|-boost|p2a: Yanmega|spe|1\n|upkeep\n|\n|t:|1700160902\n|switch|p1a: Munkidori|Munkidori, M|100\/100\n|turn|13\n|\n|t:|1700160946\n|move|p2a: Yanmega|Bug Buzz|p1a: Munkidori\n|-damage|p1a: Munkidori|21\/100\n|move|p1a: Munkidori|Shadow Ball|p2a: Yanmega\n|-damage|p2a: Yanmega|54\/100\n|\n|-ability|p2a: Yanmega|Speed Boost|boost\n|-boost|p2a: Yanmega|spe|1\n|upkeep\n|turn|14\n|\n|t:|1700160955\n|move|p2a: Yanmega|Bug Buzz|p1a: Munkidori\n|-damage|p1a: Munkidori|0 fnt\n|faint|p1a: Munkidori\n|\n|upkeep\n|\n|t:|1700160958\n|switch|p1a: Clodsire|Clodsire, M, shiny|100\/100\n|turn|15\n|\n|t:|1700160978\n|move|p2a: Yanmega|Psychic|p1a: Clodsire\n|-supereffective|p1a: Clodsire\n|-damage|p1a: Clodsire|51\/100\n|move|p1a: Clodsire|Toxic|p2a: Yanmega\n|-status|p2a: Yanmega|tox\n|\n|-heal|p1a: Clodsire|57\/100|[from] item: Leftovers\n|-damage|p2a: Yanmega|48\/100 tox|[from] psn\n|upkeep\n|turn|16\n|\n|t:|1700160987\n|move|p2a: Yanmega|Psychic|p1a: Clodsire\n|-supereffective|p1a: Clodsire\n|-damage|p1a: Clodsire|8\/100\n|move|p1a: Clodsire|Recover|p1a: Clodsire\n|-heal|p1a: Clodsire|58\/100\n|\n|-heal|p1a: Clodsire|64\/100|[from] item: Leftovers\n|-damage|p2a: Yanmega|36\/100 tox|[from] psn\n|upkeep\n|turn|17\n|\n|t:|1700160995\n|move|p2a: Yanmega|Psychic|p1a: Clodsire\n|-supereffective|p1a: Clodsire\n|-damage|p1a: Clodsire|9\/100\n|move|p1a: Clodsire|Recover|p1a: Clodsire\n|-heal|p1a: Clodsire|59\/100\n|\n|-heal|p1a: Clodsire|65\/100|[from] item: Leftovers\n|-damage|p2a: Yanmega|18\/100 tox|[from] psn\n|upkeep\n|turn|18\n|\n|t:|1700161005\n|move|p2a: Yanmega|Psychic|p1a: Clodsire\n|-supereffective|p1a: Clodsire\n|-damage|p1a: Clodsire|12\/100\n|move|p1a: Clodsire|Recover|p1a: Clodsire\n|-heal|p1a: Clodsire|62\/100\n|\n|-heal|p1a: Clodsire|69\/100|[from] item: Leftovers\n|-damage|p2a: Yanmega|0 fnt|[from] psn\n|faint|p2a: Yanmega\n|upkeep\n|\n|t:|1700161033\n|switch|p2a: Palafin|Palafin-Hero, M|81\/100 psn\n|-activate|p2a: Palafin|ability: Zero to Hero\n|turn|19\n|\n|t:|1700161039\n|move|p2a: Palafin|Jet Punch|p1a: Clodsire\n|-supereffective|p1a: Clodsire\n|-damage|p1a: Clodsire|5\/100\n|move|p1a: Clodsire|Stealth Rock|p2a: Palafin\n|-sidestart|p2: ProudNewb|move: Stealth Rock\n|\n|-heal|p2a: Palafin|87\/100 psn|[from] item: Leftovers\n|-heal|p1a: Clodsire|11\/100|[from] item: Leftovers\n|-damage|p2a: Palafin|75\/100 psn|[from] psn\n|upkeep\n|turn|20\n|\n|t:|1700161048\n|move|p2a: Palafin|Jet Punch|p1a: Clodsire\n|-supereffective|p1a: Clodsire\n|-damage|p1a: Clodsire|0 fnt\n|faint|p1a: Clodsire\n|\n|win|ProudNewb\n|c|\u2606edchucate|gg\n|c|\u2606ProudNewb|ggs dawg\n","uploadtime":1700161076,"views":24,"p1id":"edchucate","p2id":"proudnewb","formatid":"gen9ubers","rating":0,"private":0,"password":""}