{"id":"gen9ubers-1987609200","p1":"kai dragneel","p2":"Zaion Deez","format":"[Gen 9] Ubers","log":"|j|\u2606kai dragneel\n|j|\u2606Zaion Deez\n|t:|1699619102\n|gametype|singles\n|player|p1|kai dragneel|169|1188\n|player|p2|Zaion Deez|roxanne|1292\n|teamsize|p1|6\n|teamsize|p2|6\n|gen|9\n|tier|[Gen 9] Ubers\n|rated|\n|rule|Sleep Clause Mod: Limit one foe put to sleep\n|rule|Species Clause: Limit one of each Pok\u00e9mon\n|rule|OHKO Clause: OHKO moves are banned\n|rule|Evasion Items Clause: Evasion items are banned\n|rule|Evasion Moves Clause: Evasion moves are banned\n|rule|Endless Battle Clause: Forcing endless battles is banned\n|rule|HP Percentage Mod: HP is shown in percentages\n|clearpoke\n|poke|p1|Decidueye-Hisui, M|\n|poke|p1|Arcanine-Hisui, M|\n|poke|p1|Basculegion, M|\n|poke|p1|Ursaluna, M|\n|poke|p1|Braviary-Hisui, M|\n|poke|p1|Goodra-Hisui, M|\n|poke|p2|Arceus-Steel|\n|poke|p2|Groudon|\n|poke|p2|Miraidon|\n|poke|p2|Rayquaza|\n|poke|p2|Giratina-Origin|\n|poke|p2|Zacian-*|\n|teampreview\n|\n|t:|1699619128\n|start\n|switch|p1a: Arcanine|Arcanine-Hisui, M|100\/100\n|switch|p2a: Rayquaza|Rayquaza|100\/100\n|-ability|p2a: Rayquaza|Air Lock\n|turn|1\n|\n|t:|1699619137\n|move|p1a: Arcanine|Head Smash|p2a: Rayquaza\n|-supereffective|p2a: Rayquaza\n|-enditem|p2a: Rayquaza|Focus Sash\n|-damage|p2a: Rayquaza|1\/100\n|move|p2a: Rayquaza|Earthquake|p1a: Arcanine\n|-supereffective|p1a: Arcanine\n|-damage|p1a: Arcanine|0 fnt\n|faint|p1a: Arcanine\n|\n|upkeep\n|\n|t:|1699619146\n|switch|p1a: Basculegion|Basculegion, M|100\/100\n|turn|2\n|\n|t:|1699619150\n|move|p1a: Basculegion|Aqua Jet|p2a: Rayquaza\n|-resisted|p2a: Rayquaza\n|-damage|p2a: Rayquaza|0 fnt\n|faint|p2a: Rayquaza\n|\n|upkeep\n|\n|t:|1699619155\n|switch|p2a: Miraidon|Miraidon|100\/100\n|-fieldstart|move: Electric Terrain|[from] ability: Hadron Engine|[of] p2a: Miraidon\n|turn|3\n|\n|t:|1699619161\n|switch|p1a: Ursaluna|Ursaluna, M|100\/100\n|move|p2a: Miraidon|U-turn|p1a: Ursaluna\n|-damage|p1a: Ursaluna|91\/100\n|\n|t:|1699619167\n|switch|p2a: Giratina|Giratina-Origin|100\/100|[from] U-turn\n|\n|-status|p1a: Ursaluna|brn|[from] item: Flame Orb\n|upkeep\n|turn|4\n|\n|t:|1699619174\n|move|p2a: Giratina|Draco Meteor|p1a: Ursaluna\n|-damage|p1a: Ursaluna|24\/100 brn\n|-unboost|p2a: Giratina|spa|2\n|move|p1a: Ursaluna|Crunch|p2a: Giratina\n|-supereffective|p2a: Giratina\n|-damage|p2a: Giratina|44\/100\n|-unboost|p2a: Giratina|def|1\n|\n|-damage|p1a: Ursaluna|18\/100 brn|[from] brn\n|upkeep\n|turn|5\n|\n|t:|1699619185\n|switch|p2a: Groudon|Groudon|100\/100\n|-weather|SunnyDay|[from] ability: Drought|[of] p2a: Groudon\n|move|p1a: Ursaluna|Crunch|p2a: Groudon\n|-damage|p2a: Groudon|76\/100\n|\n|-weather|SunnyDay|[upkeep]\n|-heal|p2a: Groudon|82\/100|[from] item: Leftovers\n|-damage|p1a: Ursaluna|12\/100 brn|[from] brn\n|upkeep\n|turn|6\n|\n|t:|1699619197\n|switch|p2a: Giratina|Giratina-Origin|44\/100\n|move|p1a: Ursaluna|Facade|p2a: Giratina\n|-immune|p2a: Giratina\n|\n|-weather|SunnyDay|[upkeep]\n|-damage|p1a: Ursaluna|6\/100 brn|[from] brn\n|upkeep\n|turn|7\n|\n|t:|1699619206\n|switch|p2a: Zacian|Zacian-Crowned|100\/100\n|-ability|p2a: Zacian|Intrepid Sword|boost\n|-boost|p2a: Zacian|atk|1\n|move|p1a: Ursaluna|Crunch|p2a: Zacian\n|-resisted|p2a: Zacian\n|-damage|p2a: Zacian|79\/100\n|-unboost|p2a: Zacian|def|1\n|\n|-weather|SunnyDay|[upkeep]\n|-damage|p1a: Ursaluna|0 fnt|[from] brn\n|faint|p1a: Ursaluna\n|-fieldend|move: Electric Terrain\n|upkeep\n|\n|t:|1699619234\n|switch|p1a: Decidueye|Decidueye-Hisui, M|100\/100\n|turn|8\n|\n|t:|1699619240\n|-terastallize|p1a: Decidueye|Steel\n|move|p2a: Zacian|Play Rough|p1a: Decidueye\n|-resisted|p1a: Decidueye\n|-crit|p1a: Decidueye\n|-damage|p1a: Decidueye|34\/100\n|move|p1a: Decidueye|Triple Arrows|p2a: Zacian\n|-crit|p2a: Zacian\n|-damage|p2a: Zacian|0 fnt\n|faint|p2a: Zacian\n|-damage|p1a: Decidueye|24\/100|[from] item: Life Orb\n|\n|-weather|SunnyDay|[upkeep]\n|upkeep\n|\n|t:|1699619254\n|switch|p2a: Miraidon|Miraidon|100\/100\n|-fieldstart|move: Electric Terrain|[from] ability: Hadron Engine|[of] p2a: Miraidon\n|turn|9\n|\n|t:|1699619262\n|switch|p1a: Goodra|Goodra-Hisui, M|100\/100\n|move|p2a: Miraidon|U-turn|p1a: Goodra\n|-resisted|p1a: Goodra\n|-damage|p1a: Goodra|94\/100\n|\n|t:|1699619267\n|switch|p2a: Groudon|Groudon|82\/100|[from] U-turn\n|\n|-weather|none\n|-heal|p2a: Groudon|88\/100|[from] item: Leftovers\n|upkeep\n|turn|10\n|\n|t:|1699619276\n|switch|p1a: Braviary|Braviary-Hisui, M|100\/100\n|move|p2a: Groudon|Precipice Blades|p1a: Braviary\n|-immune|p1a: Braviary\n|\n|-heal|p2a: Groudon|95\/100|[from] item: Leftovers\n|upkeep\n|turn|11\n|\n|t:|1699619285\n|switch|p2a: Arceus|Arceus-Steel|100\/100\n|move|p1a: Braviary|Esper Wing|p2a: Arceus\n|-resisted|p2a: Arceus\n|-damage|p2a: Arceus|76\/100\n|-boost|p1a: Braviary|spe|1\n|\n|upkeep\n|turn|12\n|\n|t:|1699619294\n|switch|p1a: Decidueye|Decidueye-Hisui, M, tera:Steel|24\/100\n|move|p2a: Arceus|Thunder|p1a: Decidueye\n|-damage|p1a: Decidueye|0 fnt\n|faint|p1a: Decidueye\n|\n|upkeep\n|\n|t:|1699619303\n|switch|p1a: Goodra|Goodra-Hisui, M|94\/100\n|turn|13\n|\n|t:|1699619309\n|switch|p2a: Giratina|Giratina-Origin|44\/100\n|move|p1a: Goodra|Flamethrower|p2a: Giratina\n|-resisted|p2a: Giratina\n|-damage|p2a: Giratina|34\/100\n|\n|-fieldend|move: Electric Terrain\n|upkeep\n|turn|14\n|\n|t:|1699619319\n|move|p2a: Giratina|Will-O-Wisp|p1a: Goodra|[miss]\n|-miss|p2a: Giratina|p1a: Goodra\n|move|p1a: Goodra|Flash Cannon|p2a: Giratina\n|-damage|p2a: Giratina|9\/100\n|-unboost|p2a: Giratina|spd|1\n|\n|upkeep\n|turn|15\n|\n|t:|1699619326\n|move|p2a: Giratina|Will-O-Wisp|p1a: Goodra\n|-status|p1a: Goodra|brn\n|move|p1a: Goodra|Flash Cannon|p2a: Giratina\n|-damage|p2a: Giratina|0 fnt\n|faint|p2a: Giratina\n|\n|-damage|p1a: Goodra|88\/100 brn|[from] brn\n|upkeep\n|\n|t:|1699619338\n|switch|p2a: Groudon|Groudon|95\/100\n|-weather|SunnyDay|[from] ability: Drought|[of] p2a: Groudon\n|turn|16\n|\n|t:|1699619345\n|switch|p2a: Miraidon|Miraidon|100\/100\n|-fieldstart|move: Electric Terrain|[from] ability: Hadron Engine|[of] p2a: Miraidon\n|move|p1a: Goodra|Draco Meteor|p2a: Miraidon\n|-supereffective|p2a: Miraidon\n|-damage|p2a: Miraidon|0 fnt\n|-unboost|p1a: Goodra|spa|2\n|faint|p2a: Miraidon\n|\n|-weather|SunnyDay|[upkeep]\n|-damage|p1a: Goodra|82\/100 brn|[from] brn\n|upkeep\n|\n|t:|1699619356\n|switch|p2a: Arceus|Arceus-Steel|76\/100\n|turn|17\n|\n|t:|1699619361\n|switch|p1a: Braviary|Braviary-Hisui, M|100\/100\n|-terastallize|p2a: Arceus|Water\n|move|p2a: Arceus|Calm Mind|p2a: Arceus\n|-boost|p2a: Arceus|spa|1\n|-boost|p2a: Arceus|spd|1\n|\n|-weather|SunnyDay|[upkeep]\n|upkeep\n|turn|18\n|\n|t:|1699619372\n|move|p2a: Arceus|Calm Mind|p2a: Arceus\n|-boost|p2a: Arceus|spa|1\n|-boost|p2a: Arceus|spd|1\n|move|p1a: Braviary|Esper Wing|p2a: Arceus\n|-damage|p2a: Arceus|64\/100\n|-boost|p1a: Braviary|spe|1\n|\n|-weather|SunnyDay|[upkeep]\n|upkeep\n|turn|19\n|\n|t:|1699619383\n|move|p1a: Braviary|Esper Wing|p2a: Arceus\n|-damage|p2a: Arceus|52\/100\n|-boost|p1a: Braviary|spe|1\n|move|p2a: Arceus|Judgment|p1a: Braviary\n|-damage|p1a: Braviary|0 fnt\n|faint|p1a: Braviary\n|\n|-weather|SunnyDay|[upkeep]\n|upkeep\n|\n|t:|1699619394\n|switch|p1a: Goodra|Goodra-Hisui, M|82\/100 brn\n|turn|20\n|\n|t:|1699619397\n|move|p2a: Arceus|Recover|p2a: Arceus\n|-heal|p2a: Arceus|100\/100\n|move|p1a: Goodra|Thunderbolt|p2a: Arceus\n|-supereffective|p2a: Arceus\n|-damage|p2a: Arceus|75\/100\n|\n|-weather|none\n|-damage|p1a: Goodra|76\/100 brn|[from] brn\n|-fieldend|move: Electric Terrain\n|upkeep\n|turn|21\n|\n|t:|1699619407\n|move|p2a: Arceus|Calm Mind|p2a: Arceus\n|-boost|p2a: Arceus|spa|1\n|-boost|p2a: Arceus|spd|1\n|move|p1a: Goodra|Thunderbolt|p2a: Arceus\n|-supereffective|p2a: Arceus\n|-damage|p2a: Arceus|60\/100\n|-status|p2a: Arceus|par\n|\n|-damage|p1a: Goodra|70\/100 brn|[from] brn\n|upkeep\n|turn|22\n|\n|t:|1699619419\n|switch|p1a: Basculegion|Basculegion, M|100\/100\n|cant|p2a: Arceus|par\n|\n|upkeep\n|turn|23\n|\n|t:|1699619426\n|move|p1a: Basculegion|Last Respects|p2a: Arceus\n|-damage|p2a: Arceus|0 fnt\n|faint|p2a: Arceus\n|\n|upkeep\n|\n|t:|1699619430\n|switch|p2a: Groudon|Groudon|95\/100\n|-weather|SunnyDay|[from] ability: Drought|[of] p2a: Groudon\n|turn|24\n|\n|t:|1699619435\n|switch|p1a: Goodra|Goodra-Hisui, M|70\/100 brn\n|move|p2a: Groudon|Will-O-Wisp|p1a: Goodra\n|-fail|p1a: Goodra|brn\n|\n|-weather|SunnyDay|[upkeep]\n|-heal|p2a: Groudon|100\/100|[from] item: Leftovers\n|-damage|p1a: Goodra|64\/100 brn|[from] brn\n|upkeep\n|turn|25\n|\n|t:|1699619446\n|move|p2a: Groudon|Precipice Blades|p1a: Goodra|[miss]\n|-miss|p2a: Groudon|p1a: Goodra\n|move|p1a: Goodra|Draco Meteor|p2a: Groudon\n|-damage|p2a: Groudon|40\/100\n|-unboost|p1a: Goodra|spa|2\n|\n|-weather|SunnyDay|[upkeep]\n|-heal|p2a: Groudon|47\/100|[from] item: Leftovers\n|-damage|p1a: Goodra|58\/100 brn|[from] brn\n|upkeep\n|turn|26\n|-message|Zaion Deez forfeited.\n|\n|win|kai dragneel\n|raw|kai dragneel's rating: 1188 &rarr; <strong>1220<\/strong><br \/>(+32 for winning)\n|raw|Zaion Deez's rating: 1292 &rarr; <strong>1260<\/strong><br \/>(-32 for losing)\n|l|\u2606Zaion Deez\n","uploadtime":1699619460,"views":4,"p1id":"kaidragneel","p2id":"zaiondeez","formatid":"gen9ubers","rating":1220,"private":0,"password":""}