{"id":"gen9ubers-1979587278","p1":"CresentSw33p","p2":"Snorlaxchef","format":"[Gen 9] Ubers","log":"|j|\u2606CresentSw33p\n|j|\u2606Snorlaxchef\n|t:|1698694546\n|gametype|singles\n|player|p1|CresentSw33p|cynthia-gen4|1192\n|player|p2|Snorlaxchef|baker|1368\n|teamsize|p1|6\n|teamsize|p2|6\n|gen|9\n|tier|[Gen 9] Ubers\n|rated|\n|rule|Sleep Clause Mod: Limit one foe put to sleep\n|rule|Species Clause: Limit one of each Pok\u00e9mon\n|rule|OHKO Clause: OHKO moves are banned\n|rule|Evasion Items Clause: Evasion items are banned\n|rule|Evasion Moves Clause: Evasion moves are banned\n|rule|Endless Battle Clause: Forcing endless battles is banned\n|rule|HP Percentage Mod: HP is shown in percentages\n|clearpoke\n|poke|p1|Chien-Pao|\n|poke|p1|Gliscor, M|\n|poke|p1|Annihilape, F|\n|poke|p1|Miraidon|\n|poke|p1|Ogerpon-Cornerstone, F|\n|poke|p1|Zacian-*|\n|poke|p2|Corviknight, M|\n|poke|p2|Blissey, F|\n|poke|p2|Clodsire, F|\n|poke|p2|Dondozo, M|\n|poke|p2|Skeledirge, F|\n|poke|p2|Gliscor, M|\n|teampreview\n|inactive|Battle timer is ON: inactive players will automatically lose when time's up. (requested by Snorlaxchef)\n|\n|t:|1698694575\n|start\n|switch|p1a: Blue Clues|Gliscor, M, shiny|100\/100\n|switch|p2a: Blissey|Blissey, F, shiny|100\/100\n|turn|1\n|\n|t:|1698694586\n|switch|p2a: Corviknight|Corviknight, M, shiny|100\/100\n|-ability|p2a: Corviknight|Pressure\n|move|p1a: Blue Clues|Knock Off|p2a: Corviknight\n|-damage|p2a: Corviknight|86\/100\n|-enditem|p2a: Corviknight|Leftovers|[from] move: Knock Off|[of] p1a: Blue Clues\n|\n|upkeep\n|turn|2\n|inactive|CresentSw33p has 120 seconds left.\n|\n|t:|1698694619\n|switch|p1a: Sif|Zacian-Crowned, shiny|100\/100\n|-ability|p1a: Sif|Intrepid Sword|boost\n|-boost|p1a: Sif|atk|1\n|move|p2a: Corviknight|Steel Wing|p1a: Sif\n|-damage|p1a: Sif|81\/100\n|\n|upkeep\n|turn|3\n|inactive|CresentSw33p has 120 seconds left.\n|inactive|Snorlaxchef has 120 seconds left.\n|\n|t:|1698694643\n|switch|p2a: Skeledirge|Skeledirge, F|100\/100\n|move|p1a: Sif|Behemoth Blade|p2a: Skeledirge\n|-resisted|p2a: Skeledirge\n|-damage|p2a: Skeledirge|85\/100\n|\n|upkeep\n|turn|4\n|inactive|Snorlaxchef has 120 seconds left.\n|inactive|CresentSw33p has 90 seconds left.\n|\n|t:|1698694674\n|switch|p1a: Tubo|Miraidon|100\/100\n|-fieldstart|move: Electric Terrain|[from] ability: Hadron Engine|[of] p1a: Tubo\n|-item|p1a: Tubo|Air Balloon\n|move|p2a: Skeledirge|Hex|p1a: Tubo\n|-damage|p1a: Tubo|78\/100\n|-enditem|p1a: Tubo|Air Balloon\n|\n|upkeep\n|turn|5\n|inactive|CresentSw33p has 90 seconds left.\n|inactive|Snorlaxchef has 120 seconds left.\n|\n|t:|1698694704\n|switch|p2a: Blissey|Blissey, F, shiny|100\/100\n|move|p1a: Tubo|Calm Mind|p1a: Tubo\n|-boost|p1a: Tubo|spa|1\n|-boost|p1a: Tubo|spd|1\n|\n|upkeep\n|turn|6\n|inactive|CresentSw33p has 90 seconds left.\n|\n|t:|1698694716\n|move|p1a: Tubo|Parabolic Charge|p2a: Blissey\n|-damage|p2a: Blissey|75\/100\n|-heal|p1a: Tubo|100\/100|[from] drain|[of] p2a: Blissey\n|move|p2a: Blissey|Calm Mind|p2a: Blissey\n|-boost|p2a: Blissey|spa|1\n|-boost|p2a: Blissey|spd|1\n|\n|upkeep\n|turn|7\n|\n|t:|1698694727\n|move|p1a: Tubo|Calm Mind|p1a: Tubo\n|-boost|p1a: Tubo|spa|1\n|-boost|p1a: Tubo|spd|1\n|move|p2a: Blissey|Stealth Rock|p1a: Tubo\n|-sidestart|p1: CresentSw33p|move: Stealth Rock\n|\n|upkeep\n|turn|8\n|\n|t:|1698694737\n|move|p1a: Tubo|Flash Cannon|p2a: Blissey\n|-damage|p2a: Blissey|60\/100\n|move|p2a: Blissey|Soft-Boiled|p2a: Blissey\n|-heal|p2a: Blissey|100\/100\n|\n|-fieldend|move: Electric Terrain\n|upkeep\n|turn|9\n|\n|t:|1698694746\n|switch|p2a: Clodsire|Clodsire, F|100\/100\n|move|p1a: Tubo|Calm Mind|p1a: Tubo\n|-boost|p1a: Tubo|spa|1\n|-boost|p1a: Tubo|spd|1\n|\n|upkeep\n|turn|10\n|\n|t:|1698694755\n|move|p1a: Tubo|Dragon Pulse|p2a: Clodsire\n|-damage|p2a: Clodsire|76\/100\n|move|p2a: Clodsire|Toxic|p1a: Tubo\n|-status|p1a: Tubo|tox\n|\n|-damage|p1a: Tubo|94\/100 tox|[from] psn\n|upkeep\n|turn|11\n|\n|t:|1698694764\n|switch|p1a: Blue Clues|Gliscor, M, shiny|100\/100\n|-damage|p1a: Blue Clues|88\/100|[from] Stealth Rock\n|move|p2a: Clodsire|Spikes|p1a: Blue Clues\n|-sidestart|p1: CresentSw33p|Spikes\n|\n|-heal|p1a: Blue Clues|94\/100|[from] item: Leftovers\n|upkeep\n|turn|12\n|inactive|Snorlaxchef has 120 seconds left.\n|n|!CresentSw33p|cresentsw33p\n|inactive|Snorlaxchef has 90 seconds left.\n|\n|t:|1698694825\n|switch|p2a: Gliscor|Gliscor, M|100\/100\n|move|p1a: Blue Clues|Knock Off|p2a: Gliscor\n|-damage|p2a: Gliscor|86\/100\n|-enditem|p2a: Gliscor|Toxic Orb|[from] move: Knock Off|[of] p1a: Blue Clues\n|\n|-heal|p1a: Blue Clues|99\/100|[from] item: Leftovers\n|upkeep\n|turn|13\n|inactive|CresentSw33p has 90 seconds left.\n|\n|t:|1698694864\n|move|p1a: Blue Clues|Knock Off|p2a: Gliscor\n|-damage|p2a: Gliscor|77\/100\n|move|p2a: Gliscor|Knock Off|p1a: Blue Clues\n|-damage|p1a: Blue Clues|82\/100\n|-enditem|p1a: Blue Clues|Leftovers|[from] move: Knock Off|[of] p2a: Gliscor\n|\n|upkeep\n|turn|14\n|inactive|CresentSw33p has 90 seconds left.\n|inactive|Snorlaxchef has 90 seconds left.\n|\n|t:|1698694882\n|move|p1a: Blue Clues|Knock Off|p2a: Gliscor\n|-damage|p2a: Gliscor|68\/100\n|move|p2a: Gliscor|Spikes|p1a: Blue Clues\n|-sidestart|p1: CresentSw33p|Spikes\n|\n|upkeep\n|turn|15\n|inactive|CresentSw33p has 90 seconds left.\n|\n|t:|1698694893\n|move|p1a: Blue Clues|Knock Off|p2a: Gliscor\n|-damage|p2a: Gliscor|59\/100\n|move|p2a: Gliscor|Spikes|p1a: Blue Clues\n|-sidestart|p1: CresentSw33p|Spikes\n|\n|upkeep\n|turn|16\n|inactive|CresentSw33p has 90 seconds left.\n|\n|t:|1698694899\n|switch|p2a: Corviknight|Corviknight, M, shiny|86\/100\n|-ability|p2a: Corviknight|Pressure\n|move|p1a: Blue Clues|Knock Off|p2a: Corviknight\n|-crit|p2a: Corviknight\n|-damage|p2a: Corviknight|73\/100\n|\n|upkeep\n|turn|17\n|\n|t:|1698694907\n|move|p2a: Corviknight|Protect|p2a: Corviknight\n|-singleturn|p2a: Corviknight|Protect\n|move|p1a: Blue Clues|Knock Off|p2a: Corviknight\n|-activate|p2a: Corviknight|move: Protect\n|\n|upkeep\n|turn|18\n|\n|t:|1698694913\n|move|p1a: Blue Clues|Knock Off|p2a: Corviknight\n|-damage|p2a: Corviknight|64\/100\n|move|p2a: Corviknight|Steel Wing|p1a: Blue Clues\n|-damage|p1a: Blue Clues|66\/100\n|\n|upkeep\n|turn|19\n|inactive|Snorlaxchef has 120 seconds left.\n|\n|t:|1698694932\n|move|p1a: Blue Clues|Knock Off|p2a: Corviknight\n|-damage|p2a: Corviknight|55\/100\n|move|p2a: Corviknight|Roost|p2a: Corviknight\n|-heal|p2a: Corviknight|100\/100\n|-singleturn|p2a: Corviknight|move: Roost\n|\n|upkeep\n|turn|20\n|\n|t:|1698694954\n|move|p1a: Blue Clues|Protect|p1a: Blue Clues\n|-singleturn|p1a: Blue Clues|Protect\n|move|p2a: Corviknight|Steel Wing|p1a: Blue Clues\n|-activate|p1a: Blue Clues|move: Protect\n|\n|upkeep\n|turn|21\n|\n|t:|1698694961\n|switch|p1a: Tubo|Miraidon|94\/100 tox\n|-damage|p1a: Tubo|82\/100 tox|[from] Stealth Rock\n|-damage|p1a: Tubo|57\/100 tox|[from] Spikes\n|-fieldstart|move: Electric Terrain|[from] ability: Hadron Engine|[of] p1a: Tubo\n|move|p2a: Corviknight|Steel Wing|p1a: Tubo\n|-resisted|p1a: Tubo\n|-damage|p1a: Tubo|47\/100 tox\n|\n|-damage|p1a: Tubo|40\/100 tox|[from] psn\n|upkeep\n|turn|22\n|inactive|CresentSw33p has 90 seconds left.\n|\n|t:|1698694984\n|switch|p2a: Clodsire|Clodsire, F|76\/100\n|move|p1a: Tubo|Flash Cannon|p2a: Clodsire\n|-damage|p2a: Clodsire|57\/100\n|\n|-damage|p1a: Tubo|28\/100 tox|[from] psn\n|upkeep\n|turn|23\n|inactive|CresentSw33p has 90 seconds left.\n|\n|t:|1698694994\n|switch|p1a: Blue Clues|Gliscor, M, shiny|66\/100\n|-damage|p1a: Blue Clues|54\/100|[from] Stealth Rock\n|move|p2a: Clodsire|Recover|p2a: Clodsire\n|-heal|p2a: Clodsire|100\/100\n|\n|upkeep\n|turn|24\n|inactive|CresentSw33p has 90 seconds left.\n|inactive|Snorlaxchef has 120 seconds left.\n|inactive|Snorlaxchef has 90 seconds left.\n|\n|t:|1698695055\n|switch|p2a: Corviknight|Corviknight, M, shiny|100\/100\n|-ability|p2a: Corviknight|Pressure\n|move|p1a: Blue Clues|Knock Off|p2a: Corviknight\n|-damage|p2a: Corviknight|91\/100\n|\n|upkeep\n|turn|25\n|inactive|CresentSw33p has 60 seconds left.\n|\n|t:|1698695100\n|switch|p1a: Tubo|Miraidon|28\/100 tox\n|-damage|p1a: Tubo|16\/100 tox|[from] Stealth Rock\n|-damage|p1a: Tubo|0 fnt|[from] Spikes\n|faint|p1a: Tubo\n|move|p2a: Corviknight|Steel Wing|p1: Tubo|[notarget]\n|-fail|p2a: Corviknight\n|\n|-fieldend|move: Electric Terrain\n|upkeep\n|\n|t:|1698695123\n|switch|p1a: Tiki Mask|Ogerpon-Cornerstone, F|100\/100\n|-damage|p1a: Tiki Mask|88\/100|[from] Stealth Rock\n|-damage|p1a: Tiki Mask|63\/100|[from] Spikes\n|turn|26\n|inactive|CresentSw33p has 30 seconds left.\n|inactive|CresentSw33p has 20 seconds left.\n|inactive|CresentSw33p has 15 seconds left.\n|inactive|CresentSw33p has 10 seconds left.\n|\n|t:|1698695158\n|-terastallize|p1a: Tiki Mask|Rock\n|detailschange|p1a: Tiki Mask|Ogerpon-Cornerstone-Tera, F, tera:Rock\n|-ability|p1a: Tiki Mask|Embody Aspect (Cornerstone)|boost\n|-boost|p1a: Tiki Mask|def|1\n|move|p1a: Tiki Mask|Leech Seed|p2a: Corviknight|[miss]\n|-miss|p1a: Tiki Mask|p2a: Corviknight\n|move|p2a: Corviknight|Steel Wing|p1a: Tiki Mask\n|-supereffective|p1a: Tiki Mask\n|-damage|p1a: Tiki Mask|30\/100\n|\n|upkeep\n|turn|27\n|inactive|CresentSw33p has 20 seconds left this turn.\n|inactive|CresentSw33p has 15 seconds left.\n|inactive|CresentSw33p has 10 seconds left.\n|inactive|CresentSw33p has 5 seconds left.\n|-message|CresentSw33p lost due to inactivity.\n|\n|win|Snorlaxchef\n|raw|CresentSw33p's rating: 1192 &rarr; <strong>1179<\/strong><br \/>(-13 for losing)\n|raw|Snorlaxchef's rating: 1368 &rarr; <strong>1379<\/strong><br \/>(+11 for winning)\n","uploadtime":1698694823,"views":5,"p1id":"cresentsw33p","p2id":"snorlaxchef","formatid":"gen9ubers","rating":1179,"private":0,"password":""}