{"id":"gen9ubers-1973014935","p1":"PXBR9135","p2":"Taka","format":"[Gen 9] Ubers","log":"|j|\u2606PXBR9135\n|j|\u2606Taka\n|t:|1697918567\n|gametype|singles\n|player|p1|PXBR9135|ethan-masters|\n|player|p2|Taka|265|\n|teamsize|p1|6\n|teamsize|p2|6\n|gen|9\n|tier|[Gen 9] Ubers\n|rated|Tournament battle\n|rule|Sleep Clause Mod: Limit one foe put to sleep\n|rule|Species Clause: Limit one of each Pok\u00e9mon\n|rule|OHKO Clause: OHKO moves are banned\n|rule|Evasion Items Clause: Evasion items are banned\n|rule|Evasion Moves Clause: Evasion moves are banned\n|rule|Endless Battle Clause: Forcing endless battles is banned\n|rule|HP Percentage Mod: HP is shown in percentages\n|clearpoke\n|poke|p1|Gliscor, M|\n|poke|p1|Ting-Lu|\n|poke|p1|Arceus-Fairy|\n|poke|p1|Koraidon|\n|poke|p1|Miraidon|\n|poke|p1|Calyrex-Ice|\n|poke|p2|Masquerain, F|\n|poke|p2|Palkia-Origin|\n|poke|p2|Landorus, M|\n|poke|p2|Zacian-*|\n|poke|p2|Gholdengo|\n|poke|p2|Cyclizar, M|\n|teampreview\n|inactive|Battle timer is ON: inactive players will automatically lose when time's up. (requested by Taka)\n|c|\u2606PXBR9135|gl\n|\n|t:|1697918590\n|start\n|switch|p1a: Miraidon|Miraidon|100\/100\n|switch|p2a: Masquerain|Masquerain, F|100\/100\n|-fieldstart|move: Electric Terrain|[from] ability: Hadron Engine|[of] p1a: Miraidon\n|-ability|p2a: Masquerain|Intimidate|boost\n|-unboost|p1a: Miraidon|atk|1\n|turn|1\n|\n|t:|1697918597\n|move|p1a: Miraidon|Taunt|p2a: Masquerain\n|-start|p2a: Masquerain|move: Taunt\n|cant|p2a: Masquerain|move: Taunt|Sticky Web\n|\n|upkeep\n|turn|2\n|\n|t:|1697918605\n|switch|p2a: Zacian|Zacian|100\/100\n|-ability|p2a: Zacian|Intrepid Sword|boost\n|-boost|p2a: Zacian|atk|1\n|move|p1a: Miraidon|Electro Drift|p2a: Zacian\n|-damage|p2a: Zacian|7\/100\n|\n|upkeep\n|turn|3\n|\n|t:|1697918622\n|switch|p2a: Masquerain|Masquerain, F|100\/100\n|-ability|p2a: Masquerain|Intimidate|boost\n|-unboost|p1a: Miraidon|atk|1\n|switch|p1a: Gliscor|Gliscor, M|100\/100\n|\n|-status|p1a: Gliscor|tox|[from] item: Toxic Orb\n|upkeep\n|turn|4\n|\n|t:|1697918625\n|move|p2a: Masquerain|Sticky Web|p1a: Gliscor\n|-sidestart|p1: PXBR9135|move: Sticky Web\n|move|p1a: Gliscor|Substitute|p1a: Gliscor\n|-start|p1a: Gliscor|Substitute\n|-damage|p1a: Gliscor|76\/100 tox\n|\n|-heal|p1a: Gliscor|88\/100 tox|[from] ability: Poison Heal\n|upkeep\n|turn|5\n|\n|t:|1697918628\n|move|p1a: Gliscor|Toxic|p2a: Masquerain\n|-status|p2a: Masquerain|tox\n|move|p2a: Masquerain|Whirlwind|p1a: Gliscor\n|drag|p1a: Calyrex|Calyrex-Ice|100\/100\n|-ability|p1a: Calyrex|As One\n|-ability|p1a: Calyrex|Unnerve\n|\n|-damage|p2a: Masquerain|94\/100 tox|[from] psn\n|-fieldend|move: Electric Terrain\n|upkeep\n|turn|6\n|\n|t:|1697918638\n|move|p2a: Masquerain|Stun Spore|p1a: Calyrex\n|-status|p1a: Calyrex|par\n|cant|p1a: Calyrex|par\n|\n|-damage|p2a: Masquerain|82\/100 tox|[from] psn\n|upkeep\n|turn|7\n|\n|t:|1697918643\n|switch|p2a: Zacian|Zacian|7\/100\n|cant|p1a: Calyrex|par\n|\n|upkeep\n|turn|8\n|\n|t:|1697918649\n|switch|p1a: Gliscor|Gliscor, M|88\/100 tox\n|move|p2a: Zacian|Crunch|p1a: Gliscor\n|-damage|p1a: Gliscor|73\/100 tox\n|\n|-heal|p1a: Gliscor|86\/100 tox|[from] ability: Poison Heal\n|upkeep\n|turn|9\n|\n|t:|1697918656\n|move|p2a: Zacian|Swords Dance|p2a: Zacian\n|-boost|p2a: Zacian|atk|2\n|move|p1a: Gliscor|Substitute|p1a: Gliscor\n|-start|p1a: Gliscor|Substitute\n|-damage|p1a: Gliscor|61\/100 tox\n|\n|-heal|p1a: Gliscor|73\/100 tox|[from] ability: Poison Heal\n|upkeep\n|turn|10\n|\n|t:|1697918662\n|move|p2a: Zacian|Crunch|p1a: Gliscor\n|-end|p1a: Gliscor|Substitute\n|move|p1a: Gliscor|Earthquake|p2a: Zacian\n|-damage|p2a: Zacian|0 fnt\n|faint|p2a: Zacian\n|\n|-heal|p1a: Gliscor|86\/100 tox|[from] ability: Poison Heal\n|upkeep\n|\n|t:|1697918665\n|switch|p2a: Gholdengo|Gholdengo|100\/100\n|-item|p2a: Gholdengo|Air Balloon\n|turn|11\n|\n|t:|1697918669\n|switch|p1a: Ting-Lu|Ting-Lu|100\/100\n|-activate|p1a: Ting-Lu|move: Sticky Web\n|-unboost|p1a: Ting-Lu|spe|1\n|-ability|p1a: Ting-Lu|Vessel of Ruin\n|move|p2a: Gholdengo|Nasty Plot|p2a: Gholdengo\n|-boost|p2a: Gholdengo|spa|2\n|\n|upkeep\n|turn|12\n|\n|t:|1697918675\n|move|p2a: Gholdengo|Make It Rain|p1a: Ting-Lu\n|-damage|p1a: Ting-Lu|47\/100\n|-unboost|p2a: Gholdengo|spa|1\n|move|p1a: Ting-Lu|Ruination|p2a: Gholdengo\n|-damage|p2a: Gholdengo|51\/100\n|-enditem|p2a: Gholdengo|Air Balloon\n|\n|-heal|p1a: Ting-Lu|54\/100|[from] item: Leftovers\n|upkeep\n|turn|13\n|\n|t:|1697918681\n|move|p2a: Gholdengo|Make It Rain|p1a: Ting-Lu\n|-damage|p1a: Ting-Lu|15\/100\n|-unboost|p2a: Gholdengo|spa|1\n|move|p1a: Ting-Lu|Earthquake|p2a: Gholdengo\n|-supereffective|p2a: Gholdengo\n|-damage|p2a: Gholdengo|0 fnt\n|faint|p2a: Gholdengo\n|\n|-heal|p1a: Ting-Lu|21\/100|[from] item: Leftovers\n|upkeep\n|\n|t:|1697918683\n|switch|p2a: Palkia|Palkia-Origin|100\/100\n|-ability|p2a: Palkia|Pressure\n|turn|14\n|\n|t:|1697918689\n|switch|p1a: Miraidon|Miraidon|100\/100\n|-fieldstart|move: Electric Terrain|[from] ability: Hadron Engine|[of] p1a: Miraidon\n|move|p2a: Palkia|Scale Shot|p1a: Miraidon\n|-supereffective|p1a: Miraidon\n|-damage|p1a: Miraidon|81\/100\n|-supereffective|p1a: Miraidon\n|-damage|p1a: Miraidon|58\/100\n|-supereffective|p1a: Miraidon\n|-damage|p1a: Miraidon|37\/100\n|-hitcount|p1a: Miraidon|3\n|-unboost|p2a: Palkia|def|1\n|-boost|p2a: Palkia|spe|1\n|\n|upkeep\n|turn|15\n|\n|t:|1697918697\n|switch|p1a: Arceus|Arceus-Fairy|100\/100\n|-activate|p1a: Arceus|move: Sticky Web\n|-unboost|p1a: Arceus|spe|1\n|move|p2a: Palkia|Spacial Rend|p1a: Arceus\n|-immune|p1a: Arceus\n|\n|upkeep\n|turn|16\n|\n|t:|1697918700\n|-terastallize|p2a: Palkia|Fire\n|move|p2a: Palkia|Hydro Pump|p1a: Arceus\n|-damage|p1a: Arceus|47\/100\n|move|p1a: Arceus|Judgment|p2a: Palkia\n|-resisted|p2a: Palkia\n|-damage|p2a: Palkia|77\/100\n|\n|upkeep\n|turn|17\n|\n|t:|1697918709\n|move|p2a: Palkia|Hydro Pump|p1a: Arceus\n|-damage|p1a: Arceus|0 fnt\n|faint|p1a: Arceus\n|\n|upkeep\n|\n|t:|1697918726\n|switch|p1a: Calyrex|Calyrex-Ice|100\/100 par\n|-ability|p1a: Calyrex|As One\n|-ability|p1a: Calyrex|Unnerve\n|turn|18\n|\n|t:|1697918733\n|move|p2a: Palkia|Spacial Rend|p1a: Calyrex\n|-crit|p1a: Calyrex\n|-damage|p1a: Calyrex|36\/100 par\n|cant|p1a: Calyrex|par\n|\n|-fieldend|move: Electric Terrain\n|upkeep\n|turn|19\n|\n|t:|1697918741\n|switch|p1a: Ting-Lu|Ting-Lu|21\/100\n|-activate|p1a: Ting-Lu|move: Sticky Web\n|-unboost|p1a: Ting-Lu|spe|1\n|-ability|p1a: Ting-Lu|Vessel of Ruin\n|move|p2a: Palkia|Spacial Rend|p1a: Ting-Lu\n|-damage|p1a: Ting-Lu|0 fnt\n|faint|p1a: Ting-Lu\n|\n|upkeep\n|\n|t:|1697918759\n|switch|p1a: Koraidon|Koraidon|100\/100\n|-activate|p1a: Koraidon|move: Sticky Web\n|-unboost|p1a: Koraidon|spe|1\n|-weather|SunnyDay|[from] ability: Orichalcum Pulse|[of] p1a: Koraidon\n|-activate|p1a: Koraidon|Orichalcum Pulse|[source]\n|turn|20\n|\n|t:|1697918769\n|-terastallize|p1a: Koraidon|Fire\n|move|p2a: Palkia|Substitute|p2a: Palkia\n|-start|p2a: Palkia|Substitute\n|-damage|p2a: Palkia|52\/100\n|move|p1a: Koraidon|Low Kick|p2a: Palkia\n|-end|p2a: Palkia|Substitute\n|\n|-weather|SunnyDay|[upkeep]\n|upkeep\n|turn|21\n|\n|t:|1697918787\n|switch|p2a: Masquerain|Masquerain, F|82\/100 tox\n|-ability|p2a: Masquerain|Intimidate|boost\n|-unboost|p1a: Koraidon|atk|1\n|move|p1a: Koraidon|Low Kick|p2a: Masquerain\n|-resisted|p2a: Masquerain\n|-damage|p2a: Masquerain|79\/100 tox\n|\n|-weather|SunnyDay|[upkeep]\n|-damage|p2a: Masquerain|73\/100 tox|[from] psn\n|upkeep\n|turn|22\n|\n|t:|1697918795\n|switch|p1a: Miraidon|Miraidon|37\/100\n|-fieldstart|move: Electric Terrain|[from] ability: Hadron Engine|[of] p1a: Miraidon\n|switch|p2a: Cyclizar|Cyclizar, M|100\/100\n|\n|-weather|SunnyDay|[upkeep]\n|upkeep\n|turn|23\n|\n|t:|1697918801\n|move|p2a: Cyclizar|Shed Tail|p2a: Cyclizar\n|-start|p2a: Cyclizar|Substitute|[from] move: Shed Tail\n|-damage|p2a: Cyclizar|50\/100\n|\n|t:|1697918803\n|switch|p2a: Landorus|Landorus, M|100\/100|[from] Shed Tail\n|move|p1a: Miraidon|Draco Meteor|p2a: Landorus\n|-end|p2a: Landorus|Substitute\n|-unboost|p1a: Miraidon|spa|2\n|\n|-weather|SunnyDay|[upkeep]\n|upkeep\n|turn|24\n|\n|t:|1697918814\n|move|p1a: Miraidon|U-turn|p2a: Landorus\n|-resisted|p2a: Landorus\n|-damage|p2a: Landorus|93\/100\n|\n|t:|1697918818\n|switch|p1a: Gliscor|Gliscor, M|86\/100 tox|[from] U-turn\n|move|p2a: Landorus|Nasty Plot|p2a: Landorus\n|-boost|p2a: Landorus|spa|2\n|\n|-weather|none\n|-heal|p1a: Gliscor|98\/100 tox|[from] ability: Poison Heal\n|upkeep\n|turn|25\n|\n|t:|1697918822\n|move|p2a: Landorus|Tera Blast|p1a: Gliscor\n|-damage|p1a: Gliscor|21\/100 tox\n|-damage|p2a: Landorus|83\/100|[from] item: Life Orb\n|move|p1a: Gliscor|Toxic|p2a: Landorus\n|-status|p2a: Landorus|tox\n|\n|-damage|p2a: Landorus|77\/100 tox|[from] psn\n|-heal|p1a: Gliscor|33\/100 tox|[from] ability: Poison Heal\n|upkeep\n|turn|26\n|\n|t:|1697918829\n|move|p1a: Gliscor|Protect|p1a: Gliscor\n|-singleturn|p1a: Gliscor|Protect\n|move|p2a: Landorus|Tera Blast|p1a: Gliscor\n|-activate|p1a: Gliscor|move: Protect\n|\n|-damage|p2a: Landorus|65\/100 tox|[from] psn\n|-heal|p1a: Gliscor|46\/100 tox|[from] ability: Poison Heal\n|-fieldend|move: Electric Terrain\n|upkeep\n|turn|27\n|\n|t:|1697918834\n|switch|p1a: Calyrex|Calyrex-Ice|36\/100 par\n|-ability|p1a: Calyrex|As One\n|-ability|p1a: Calyrex|Unnerve\n|move|p2a: Landorus|Tera Blast|p1a: Calyrex\n|-damage|p1a: Calyrex|0 fnt\n|faint|p1a: Calyrex\n|-damage|p2a: Landorus|56\/100 tox|[from] item: Life Orb\n|\n|-damage|p2a: Landorus|38\/100 tox|[from] psn\n|upkeep\n|\n|t:|1697918842\n|switch|p1a: Miraidon|Miraidon|37\/100\n|-fieldstart|move: Electric Terrain|[from] ability: Hadron Engine|[of] p1a: Miraidon\n|turn|28\n|\n|t:|1697918850\n|switch|p2a: Masquerain|Masquerain, F|73\/100 tox\n|-ability|p2a: Masquerain|Intimidate|boost\n|-unboost|p1a: Miraidon|atk|1\n|move|p1a: Miraidon|Draco Meteor|p2a: Masquerain\n|-damage|p2a: Masquerain|0 fnt\n|-unboost|p1a: Miraidon|spa|2\n|faint|p2a: Masquerain\n|\n|upkeep\n|\n|t:|1697918855\n|switch|p2a: Cyclizar|Cyclizar, M|84\/100\n|turn|29\n|\n|t:|1697918861\n|move|p2a: Cyclizar|Shed Tail|p2a: Cyclizar\n|-start|p2a: Cyclizar|Substitute|[from] move: Shed Tail\n|-damage|p2a: Cyclizar|34\/100\n|\n|t:|1697918864\n|switch|p2a: Landorus|Landorus, M|38\/100 tox|[from] Shed Tail\n|move|p1a: Miraidon|Draco Meteor|p2a: Landorus\n|-end|p2a: Landorus|Substitute\n|-unboost|p1a: Miraidon|spa|2\n|\n|-damage|p2a: Landorus|32\/100 tox|[from] psn\n|upkeep\n|turn|30\n|\n|t:|1697918873\n|switch|p2a: Cyclizar|Cyclizar, M|67\/100\n|move|p1a: Miraidon|U-turn|p2a: Cyclizar\n|-damage|p2a: Cyclizar|55\/100\n|\n|t:|1697918880\n|switch|p1a: Gliscor|Gliscor, M|46\/100 tox|[from] U-turn\n|\n|-heal|p1a: Gliscor|58\/100 tox|[from] ability: Poison Heal\n|upkeep\n|turn|31\n|\n|t:|1697918887\n|move|p2a: Cyclizar|Taunt|p1a: Gliscor\n|-start|p1a: Gliscor|move: Taunt\n|cant|p1a: Gliscor|move: Taunt|Substitute\n|\n|-heal|p1a: Gliscor|71\/100 tox|[from] ability: Poison Heal\n|upkeep\n|turn|32\n|\n|t:|1697918895\n|switch|p2a: Landorus|Landorus, M|32\/100 tox\n|switch|p1a: Miraidon|Miraidon|37\/100\n|-activate|p1a: Miraidon|ability: Hadron Engine\n|\n|-damage|p2a: Landorus|26\/100 tox|[from] psn\n|-fieldend|move: Electric Terrain\n|upkeep\n|turn|33\n|\n|t:|1697918898\n|move|p1a: Miraidon|Draco Meteor|p2a: Landorus\n|-damage|p2a: Landorus|0 fnt\n|-unboost|p1a: Miraidon|spa|2\n|faint|p2a: Landorus\n|\n|upkeep\n|\n|t:|1697918901\n|switch|p2a: Palkia|Palkia-Origin, tera:Fire|52\/100\n|-ability|p2a: Palkia|Pressure\n|turn|34\n|\n|t:|1697918916\n|move|p1a: Miraidon|Draco Meteor|p2a: Palkia\n|-damage|p2a: Palkia|18\/100\n|-unboost|p1a: Miraidon|spa|2\n|move|p2a: Palkia|Scale Shot|p1a: Miraidon\n|-supereffective|p1a: Miraidon\n|-damage|p1a: Miraidon|17\/100\n|-supereffective|p1a: Miraidon\n|-damage|p1a: Miraidon|0 fnt\n|faint|p1a: Miraidon\n|-hitcount|p1: Miraidon|2\n|-unboost|p2a: Palkia|def|1\n|-boost|p2a: Palkia|spe|1\n|\n|upkeep\n|\n|t:|1697918921\n|switch|p1a: Koraidon|Koraidon, tera:Fire|100\/100\n|-activate|p1a: Koraidon|move: Sticky Web\n|-unboost|p1a: Koraidon|spe|1\n|-weather|SunnyDay|[from] ability: Orichalcum Pulse|[of] p1a: Koraidon\n|-activate|p1a: Koraidon|Orichalcum Pulse|[source]\n|turn|35\n|\n|t:|1697918928\n|move|p2a: Palkia|Hydro Pump|p1a: Koraidon\n|-supereffective|p1a: Koraidon\n|-damage|p1a: Koraidon|21\/100\n|move|p1a: Koraidon|Low Kick|p2a: Palkia\n|-damage|p2a: Palkia|0 fnt\n|faint|p2a: Palkia\n|\n|-weather|SunnyDay|[upkeep]\n|upkeep\n|\n|t:|1697918931\n|switch|p2a: Cyclizar|Cyclizar, M|88\/100\n|turn|36\n|\n|t:|1697918937\n|move|p2a: Cyclizar|Knock Off|p1a: Koraidon\n|-damage|p1a: Koraidon|4\/100\n|-enditem|p1a: Koraidon|Choice Scarf|[from] move: Knock Off|[of] p2a: Cyclizar\n|move|p1a: Koraidon|Low Kick|p2a: Cyclizar\n|-supereffective|p2a: Cyclizar\n|-damage|p2a: Cyclizar|0 fnt\n|faint|p2a: Cyclizar\n|\n|win|PXBR9135\n|n|\u2606PXBR9135|pxbr9135\n|n|\u2606Taka|taka\n|c|\u2606Taka|gg\n|l|\u2606Taka\n|c|\u2606PXBR9135|gg\n","uploadtime":1697918946,"views":20,"p1id":"pxbr9135","p2id":"taka","formatid":"gen9ubers","rating":0,"private":0,"password":""}