{"id":"gen9ubers-1989195068","p1":"black thunderbolt","p2":"Hoot-hoot Shiny","format":"[Gen 9] Ubers","log":"|j|\u2606black thunderbolt\n|j|\u2606Hoot-hoot Shiny\n|t:|1699822182\n|gametype|singles\n|player|p1|black thunderbolt|102|\n|player|p2|Hoot-hoot Shiny|burglar|\n|teamsize|p1|6\n|teamsize|p2|6\n|gen|9\n|tier|[Gen 9] Ubers\n|rule|Sleep Clause Mod: Limit one foe put to sleep\n|rule|Species Clause: Limit one of each Pok\u00e9mon\n|rule|OHKO Clause: OHKO moves are banned\n|rule|Evasion Items Clause: Evasion items are banned\n|rule|Evasion Moves Clause: Evasion moves are banned\n|rule|Endless Battle Clause: Forcing endless battles is banned\n|rule|HP Percentage Mod: HP is shown in percentages\n|clearpoke\n|poke|p1|Gliscor, M|\n|poke|p1|Clodsire, F|\n|poke|p1|Amoonguss, M|\n|poke|p1|Dondozo, M|\n|poke|p1|Corviknight, F|\n|poke|p1|Blissey, F|\n|poke|p2|Cinderace, F|\n|poke|p2|Gliscor, F|\n|poke|p2|Iron Valiant|\n|poke|p2|Kingambit, F|\n|poke|p2|Ogerpon-Wellspring, F|\n|poke|p2|Slowking-Galar, M|\n|teampreview\n|j| pain to deal with\n|j| UU8B Shaad\n|j| Cherbou\n|j| Hyss\n|j| Maxouille\n|j| Oreotrague\u2605\u273f\n|j| Estuardo19 >\"<\n|j| Menacce17\n|c| Cherbou|C qui le batard qui stall l\u00e0 ( ah il est dans ma team )\n|j| Zoyotte\n|c| Zoyotte|LGI XWIPE\n|j| Sheep Liver\n|j| CaptainEikichi\n|c| Maxouille|wait\n|c| Maxouille|pk c pas ro\n|c| Maxouille|roi\n|l| CaptainEikichi\n|c|\u2606Hoot-hoot Shiny|?\n|c| Oreotrague\u2605\u273f|gl \u00e0 toi Xwipe\n|j| Acura RL\n|l| Menacce17\n|c| Maxouille|rien oublie\n|\n|t:|1699822320\n|start\n|switch|p1a: Ciel Toxico TAHAN|Gliscor, M, shiny|100\/100\n|switch|p2a: Ogerpon|Ogerpon-Wellspring, F|100\/100\n|turn|1\n|inactive|Battle timer is ON: inactive players will automatically lose when time's up. (requested by Hoot-hoot Shiny)\n|\n|t:|1699822327\n|move|p1a: Ciel Toxico TAHAN|Protect|p1a: Ciel Toxico TAHAN\n|-singleturn|p1a: Ciel Toxico TAHAN|Protect\n|move|p2a: Ogerpon|Knock Off|p1a: Ciel Toxico TAHAN\n|-activate|p1a: Ciel Toxico TAHAN|move: Protect\n|\n|-status|p1a: Ciel Toxico TAHAN|tox|[from] item: Toxic Orb\n|upkeep\n|turn|2\n|j| Cardioidespan\n|j| Brigtel\n|\n|t:|1699822342\n|switch|p1a: Cherboubou|Amoonguss, M, shiny|100\/100\n|move|p2a: Ogerpon|Knock Off|p1a: Cherboubou\n|-damage|p1a: Cherboubou|73\/100\n|-enditem|p1a: Cherboubou|Heavy-Duty Boots|[from] move: Knock Off|[of] p2a: Ogerpon\n|\n|upkeep\n|turn|3\n|\n|t:|1699822349\n|switch|p2a: Slowking|Slowking-Galar, M|100\/100\n|move|p1a: Cherboubou|Spore|p2a: Slowking\n|-status|p2a: Slowking|slp|[from] move: Spore\n|\n|upkeep\n|turn|4\n|j| Menacce17\n|inactive|black thunderbolt has 270 seconds left.\n|\n|t:|1699822380\n|switch|p1a: Ciel Toxico TAHAN|Gliscor, M, shiny|100\/100 tox\n|switch|p2a: Gliscor|Gliscor, F|100\/100\n|\n|-status|p2a: Gliscor|tox|[from] item: Toxic Orb\n|upkeep\n|turn|5\n|l| Sheep Liver\n|\n|t:|1699822388\n|move|p1a: Ciel Toxico TAHAN|Knock Off|p2a: Gliscor\n|-crit|p2a: Gliscor\n|-damage|p2a: Gliscor|81\/100 tox\n|-enditem|p2a: Gliscor|Toxic Orb|[from] move: Knock Off|[of] p1a: Ciel Toxico TAHAN\n|move|p2a: Gliscor|U-turn|p1a: Ciel Toxico TAHAN\n|-resisted|p1a: Ciel Toxico TAHAN\n|-damage|p1a: Ciel Toxico TAHAN|94\/100 tox\n|\n|t:|1699822392\n|switch|p2a: Ogerpon|Ogerpon-Wellspring, F|100\/100|[from] U-turn\n|\n|-heal|p1a: Ciel Toxico TAHAN|100\/100 tox|[from] ability: Poison Heal\n|upkeep\n|turn|6\n|\n|t:|1699822399\n|switch|p1a: Cherboubou|Amoonguss, M, shiny|100\/100\n|move|p2a: Ogerpon|Ivy Cudgel|p1a: Cherboubou\n|-resisted|p1a: Cherboubou\n|-damage|p1a: Cherboubou|78\/100\n|\n|upkeep\n|turn|7\n|\n|t:|1699822405\n|switch|p2a: Kingambit|Kingambit, F|100\/100\n|move|p1a: Cherboubou|Sludge Bomb|p2a: Kingambit\n|-immune|p2a: Kingambit\n|\n|upkeep\n|turn|8\n|\n|t:|1699822414\n|-end|p2a: Kingambit|fallenundefined|[silent]\n|switch|p2a: Ogerpon|Ogerpon-Wellspring, F|100\/100\n|switch|p1a: Vy'|Corviknight, F, shiny|100\/100\n|-ability|p1a: Vy'|Pressure\n|\n|upkeep\n|turn|9\n|\n|t:|1699822422\n|switch|p2a: Gliscor|Gliscor, F|81\/100 tox\n|switch|p1a: Cherboubou|Amoonguss, M, shiny|100\/100\n|\n|-heal|p2a: Gliscor|93\/100 tox|[from] ability: Poison Heal\n|upkeep\n|turn|10\n|\n|t:|1699822433\n|switch|p1a: Ciel Toxico TAHAN|Gliscor, M, shiny|100\/100 tox\n|move|p2a: Gliscor|Earthquake|p1a: Ciel Toxico TAHAN\n|-immune|p1a: Ciel Toxico TAHAN\n|\n|-heal|p2a: Gliscor|100\/100 tox|[from] ability: Poison Heal\n|upkeep\n|turn|11\n|\n|t:|1699822442\n|move|p1a: Ciel Toxico TAHAN|Swords Dance|p1a: Ciel Toxico TAHAN\n|-boost|p1a: Ciel Toxico TAHAN|atk|2\n|move|p2a: Gliscor|U-turn|p1a: Ciel Toxico TAHAN\n|-resisted|p1a: Ciel Toxico TAHAN\n|-crit|p1a: Ciel Toxico TAHAN\n|-damage|p1a: Ciel Toxico TAHAN|91\/100 tox\n|\n|t:|1699822460\n|switch|p2a: Iron Valiant|Iron Valiant|100\/100|[from] U-turn\n|-enditem|p2a: Iron Valiant|Booster Energy\n|-activate|p2a: Iron Valiant|ability: Quark Drive|[fromitem]\n|-start|p2a: Iron Valiant|quarkdrivespe\n|\n|-heal|p1a: Ciel Toxico TAHAN|100\/100 tox|[from] ability: Poison Heal\n|upkeep\n|turn|12\n|j| Sheep Liver\n|l| Sheep Liver\n|inactive|Hoot-hoot Shiny has 270 seconds left.\n|\n|t:|1699822513\n|move|p1a: Ciel Toxico TAHAN|Protect|p1a: Ciel Toxico TAHAN\n|-singleturn|p1a: Ciel Toxico TAHAN|Protect\n|move|p2a: Iron Valiant|Ice Punch|p1a: Ciel Toxico TAHAN\n|-activate|p1a: Ciel Toxico TAHAN|move: Protect\n|\n|upkeep\n|turn|13\n|inactive|black thunderbolt has 270 seconds left.\n|j| XrKartana\n|\n|t:|1699822562\n|switch|p1a: Cherboubou|Amoonguss, M, shiny|100\/100\n|move|p2a: Iron Valiant|Swords Dance|p2a: Iron Valiant\n|-boost|p2a: Iron Valiant|atk|2\n|\n|upkeep\n|turn|14\n|inactive|black thunderbolt has 240 seconds left.\n|inactive|black thunderbolt has 210 seconds left.\n|inactive|Hoot-hoot Shiny has 240 seconds left.\n|\n|t:|1699822613\n|-end|p2a: Iron Valiant|Quark Drive|[silent]\n|switch|p2a: Gliscor|Gliscor, F|100\/100 tox\n|switch|p1a: Don le Dozo|Dondozo, M, shiny|100\/100\n|\n|upkeep\n|turn|15\n|inactive|black thunderbolt has 210 seconds left.\n|inactive|Hoot-hoot Shiny has 240 seconds left.\n|\n|t:|1699822628\n|switch|p1a: Ciel Toxico TAHAN|Gliscor, M, shiny|100\/100 tox\n|move|p2a: Gliscor|Protect||[still]\n|-fail|p2a: Gliscor\n|\n|upkeep\n|turn|16\n|inactive|black thunderbolt has 210 seconds left.\n|\n|t:|1699822635\n|move|p1a: Ciel Toxico TAHAN|Swords Dance|p1a: Ciel Toxico TAHAN\n|-boost|p1a: Ciel Toxico TAHAN|atk|2\n|move|p2a: Gliscor|U-turn|p1a: Ciel Toxico TAHAN\n|-resisted|p1a: Ciel Toxico TAHAN\n|-damage|p1a: Ciel Toxico TAHAN|95\/100 tox\n|\n|t:|1699822643\n|switch|p2a: Ogerpon|Ogerpon-Wellspring, F|100\/100|[from] U-turn\n|\n|-heal|p1a: Ciel Toxico TAHAN|100\/100 tox|[from] ability: Poison Heal\n|upkeep\n|turn|17\n|inactive|black thunderbolt has 210 seconds left.\n|\n|t:|1699822659\n|switch|p1a: Cherboubou|Amoonguss, M, shiny|100\/100\n|move|p2a: Ogerpon|Encore||[still]\n|-fail|p2a: Ogerpon\n|\n|upkeep\n|turn|18\n|inactive|black thunderbolt has 210 seconds left.\n|\n|t:|1699822681\n|switch|p2a: Gliscor|Gliscor, F|100\/100 tox\n|move|p1a: Cherboubou|Foul Play|p2a: Gliscor\n|-damage|p2a: Gliscor|87\/100 tox\n|\n|-heal|p2a: Gliscor|99\/100 tox|[from] ability: Poison Heal\n|upkeep\n|turn|19\n|\n|t:|1699822690\n|switch|p1a: Ciel Toxico TAHAN|Gliscor, M, shiny|100\/100 tox\n|move|p2a: Gliscor|U-turn|p1a: Ciel Toxico TAHAN\n|-resisted|p1a: Ciel Toxico TAHAN\n|-damage|p1a: Ciel Toxico TAHAN|94\/100 tox\n|\n|t:|1699822693\n|switch|p2a: Iron Valiant|Iron Valiant|100\/100|[from] U-turn\n|\n|-heal|p1a: Ciel Toxico TAHAN|100\/100 tox|[from] ability: Poison Heal\n|upkeep\n|turn|20\n|inactive|black thunderbolt has 210 seconds left.\n|l| XrKartana\n|\n|t:|1699822710\n|switch|p1a: Don le Dozo|Dondozo, M, shiny|100\/100\n|move|p2a: Iron Valiant|Knock Off|p1a: Don le Dozo\n|-damage|p1a: Don le Dozo|86\/100\n|-enditem|p1a: Don le Dozo|Heavy-Duty Boots|[from] move: Knock Off|[of] p2a: Iron Valiant\n|\n|upkeep\n|turn|21\n|inactive|black thunderbolt has 210 seconds left.\n|\n|t:|1699822744\n|-end|p2a: Iron Valiant|Quark Drive|[silent]\n|switch|p2a: Ogerpon|Ogerpon-Wellspring, F|100\/100\n|move|p1a: Don le Dozo|Curse|p1a: Don le Dozo\n|-unboost|p1a: Don le Dozo|spe|1\n|-boost|p1a: Don le Dozo|atk|1\n|-boost|p1a: Don le Dozo|def|1\n|\n|upkeep\n|turn|22\n|j| god of joe\n|l| god of joe\n|\n|t:|1699822759\n|switch|p1a: Cherboubou|Amoonguss, M, shiny|100\/100\n|move|p2a: Ogerpon|Encore||[still]\n|-fail|p2a: Ogerpon\n|\n|upkeep\n|turn|23\n|inactive|black thunderbolt has 180 seconds left.\n|\n|t:|1699822781\n|switch|p2a: Gliscor|Gliscor, F|99\/100 tox\n|switch|p1a: Hyssou Gigamax|Blissey, F, shiny|100\/100\n|\n|-heal|p2a: Gliscor|100\/100 tox|[from] ability: Poison Heal\n|upkeep\n|turn|24\n|\n|t:|1699822790\n|move|p2a: Gliscor|Protect|p2a: Gliscor\n|-singleturn|p2a: Gliscor|Protect\n|move|p1a: Hyssou Gigamax|Stealth Rock|p2a: Gliscor\n|-sidestart|p2: Hoot-hoot Shiny|move: Stealth Rock\n|\n|upkeep\n|turn|25\n|\n|t:|1699822801\n|switch|p1a: Cherboubou|Amoonguss, M, shiny|100\/100\n|move|p2a: Gliscor|U-turn|p1a: Cherboubou\n|-damage|p1a: Cherboubou|89\/100\n|\n|t:|1699822806\n|switch|p2a: HJK?|Cinderace, F|100\/100|[from] U-turn\n|\n|upkeep\n|turn|26\n|l| Hyss\n|inactive|black thunderbolt has 180 seconds left.\n|\n|t:|1699822834\n|switch|p1a: Don le Dozo|Dondozo, M, shiny|86\/100\n|move|p2a: HJK?|Court Change|p2a: HJK?\n|-start|p2a: HJK?|typechange|Normal|[from] ability: Libero\n|-swapsideconditions\n|-activate|p2a: HJK?|move: Court Change\n|\n|upkeep\n|turn|27\n|inactive|black thunderbolt has 180 seconds left.\n|\n|t:|1699822845\n|switch|p2a: Ogerpon|Ogerpon-Wellspring, F|100\/100\n|move|p1a: Don le Dozo|Curse|p1a: Don le Dozo\n|-unboost|p1a: Don le Dozo|spe|1\n|-boost|p1a: Don le Dozo|atk|1\n|-boost|p1a: Don le Dozo|def|1\n|\n|upkeep\n|turn|28\n|inactive|black thunderbolt has 180 seconds left.\n|j| CaoJie\n|\n|t:|1699822857\n|switch|p1a: Cherboubou|Amoonguss, M, shiny|100\/100\n|-damage|p1a: Cherboubou|88\/100|[from] Stealth Rock\n|move|p2a: Ogerpon|Power Whip|p1a: Cherboubou\n|-resisted|p1a: Cherboubou\n|-damage|p1a: Cherboubou|75\/100\n|\n|upkeep\n|turn|29\n|inactive|black thunderbolt has 180 seconds left.\n|\n|t:|1699822873\n|switch|p2a: Gliscor|Gliscor, F|100\/100 tox\n|switch|p1a: Hyssou Gigamax|Blissey, F, shiny|100\/100\n|\n|upkeep\n|turn|30\n|\n|t:|1699822880\n|move|p2a: Gliscor|Earthquake|p1a: Hyssou Gigamax\n|-damage|p1a: Hyssou Gigamax|35\/100\n|move|p1a: Hyssou Gigamax|Stealth Rock|p2a: Gliscor\n|-sidestart|p2: Hoot-hoot Shiny|move: Stealth Rock\n|\n|upkeep\n|turn|31\n|inactive|black thunderbolt has 180 seconds left.\n|\n|t:|1699822894\n|switch|p1a: Ciel Toxico TAHAN|Gliscor, M, shiny|100\/100 tox\n|-damage|p1a: Ciel Toxico TAHAN|88\/100 tox|[from] Stealth Rock\n|move|p2a: Gliscor|U-turn|p1a: Ciel Toxico TAHAN\n|-resisted|p1a: Ciel Toxico TAHAN\n|-damage|p1a: Ciel Toxico TAHAN|81\/100 tox\n|\n|t:|1699822896\n|switch|p2a: Ogerpon|Ogerpon-Wellspring, F|100\/100|[from] U-turn\n|-damage|p2a: Ogerpon|88\/100|[from] Stealth Rock\n|\n|-heal|p1a: Ciel Toxico TAHAN|94\/100 tox|[from] ability: Poison Heal\n|upkeep\n|turn|32\n|inactive|black thunderbolt has 180 seconds left.\n|\n|t:|1699822907\n|move|p1a: Ciel Toxico TAHAN|Protect|p1a: Ciel Toxico TAHAN\n|-singleturn|p1a: Ciel Toxico TAHAN|Protect\n|move|p2a: Ogerpon|Ivy Cudgel|p1a: Ciel Toxico TAHAN\n|-activate|p1a: Ciel Toxico TAHAN|move: Protect\n|\n|-heal|p1a: Ciel Toxico TAHAN|100\/100 tox|[from] ability: Poison Heal\n|upkeep\n|turn|33\n|inactive|black thunderbolt has 180 seconds left.\n|\n|t:|1699822920\n|switch|p1a: Cherboubou|Amoonguss, M, shiny|100\/100\n|-damage|p1a: Cherboubou|88\/100|[from] Stealth Rock\n|move|p2a: Ogerpon|Power Whip|p1a: Cherboubou\n|-resisted|p1a: Cherboubou\n|-damage|p1a: Cherboubou|76\/100\n|\n|upkeep\n|turn|34\n|\n|t:|1699822929\n|switch|p2a: Gliscor|Gliscor, F|100\/100 tox\n|-damage|p2a: Gliscor|88\/100 tox|[from] Stealth Rock\n|move|p1a: Cherboubou|Foul Play|p2a: Gliscor\n|-crit|p2a: Gliscor\n|-damage|p2a: Gliscor|70\/100 tox\n|\n|-heal|p2a: Gliscor|82\/100 tox|[from] ability: Poison Heal\n|upkeep\n|turn|35\n|\n|t:|1699822942\n|switch|p1a: Ciel Toxico TAHAN|Gliscor, M, shiny|100\/100 tox\n|-damage|p1a: Ciel Toxico TAHAN|88\/100 tox|[from] Stealth Rock\n|move|p2a: Gliscor|U-turn|p1a: Ciel Toxico TAHAN\n|-resisted|p1a: Ciel Toxico TAHAN\n|-damage|p1a: Ciel Toxico TAHAN|82\/100 tox\n|\n|t:|1699822949\n|switch|p2a: Iron Valiant|Iron Valiant|100\/100|[from] U-turn\n|-damage|p2a: Iron Valiant|94\/100|[from] Stealth Rock\n|\n|-heal|p1a: Ciel Toxico TAHAN|95\/100 tox|[from] ability: Poison Heal\n|upkeep\n|turn|36\n|\n|t:|1699822960\n|switch|p1a: Don le Dozo|Dondozo, M, shiny|86\/100\n|-damage|p1a: Don le Dozo|74\/100|[from] Stealth Rock\n|move|p2a: Iron Valiant|Ice Punch|p1a: Don le Dozo\n|-resisted|p1a: Don le Dozo\n|-damage|p1a: Don le Dozo|68\/100\n|\n|upkeep\n|turn|37\n|\n|t:|1699822979\n|-end|p2a: Iron Valiant|Quark Drive|[silent]\n|switch|p2a: Ogerpon|Ogerpon-Wellspring, F|88\/100\n|-damage|p2a: Ogerpon|76\/100|[from] Stealth Rock\n|move|p1a: Don le Dozo|Rest|p1a: Don le Dozo\n|-status|p1a: Don le Dozo|slp|[from] move: Rest\n|-heal|p1a: Don le Dozo|100\/100 slp|[silent]\n|\n|upkeep\n|turn|38\n|inactive|Hoot-hoot Shiny has 270 seconds left.\n|\n|t:|1699823021\n|switch|p2a: HJK?|Cinderace, F|100\/100\n|switch|p1a: Cherboubou|Amoonguss, M, shiny|100\/100\n|-damage|p1a: Cherboubou|88\/100|[from] Stealth Rock\n|\n|upkeep\n|turn|39\n|\n|t:|1699823036\n|switch|p1a: Don le Dozo|Dondozo, M, shiny|100\/100 slp\n|-damage|p1a: Don le Dozo|88\/100 slp|[from] Stealth Rock\n|move|p2a: HJK?|Pyro Ball|p1a: Don le Dozo\n|-resisted|p1a: Don le Dozo\n|-damage|p1a: Don le Dozo|76\/100 slp\n|\n|upkeep\n|turn|40\n|inactive|black thunderbolt has 180 seconds left.\n|\n|t:|1699823066\n|move|p2a: HJK?|U-turn|p1a: Don le Dozo\n|-start|p2a: HJK?|typechange|Bug|[from] ability: Libero\n|-damage|p1a: Don le Dozo|61\/100 slp\n|inactive|Hoot-hoot Shiny has 270 seconds left.\n|\n|t:|1699823072\n|switch|p2a: Ogerpon|Ogerpon-Wellspring, F|76\/100|[from] U-turn\n|-damage|p2a: Ogerpon|64\/100|[from] Stealth Rock\n|cant|p1a: Don le Dozo|slp\n|move|p1a: Don le Dozo|Sleep Talk|p1a: Don le Dozo\n|move|p1a: Don le Dozo|Rest||[from]move: Sleep Talk|[still]\n|-fail|p1a: Don le Dozo\n|\n|upkeep\n|turn|41\n|\n|t:|1699823081\n|switch|p1a: Cherboubou|Amoonguss, M, shiny|100\/100\n|-damage|p1a: Cherboubou|88\/100|[from] Stealth Rock\n|move|p2a: Ogerpon|Power Whip|p1a: Cherboubou|[miss]\n|-miss|p2a: Ogerpon|p1a: Cherboubou\n|\n|upkeep\n|turn|42\n|\n|t:|1699823091\n|switch|p2a: Kingambit|Kingambit, F|100\/100\n|-damage|p2a: Kingambit|94\/100|[from] Stealth Rock\n|move|p1a: Cherboubou|Foul Play|p2a: Kingambit\n|-resisted|p2a: Kingambit\n|-damage|p2a: Kingambit|79\/100\n|\n|-heal|p2a: Kingambit|85\/100|[from] item: Leftovers\n|upkeep\n|turn|43\n|\n|t:|1699823101\n|switch|p1a: Vy'|Corviknight, F, shiny|100\/100\n|-ability|p1a: Vy'|Pressure\n|move|p2a: Kingambit|Iron Head|p1a: Vy'\n|-resisted|p1a: Vy'\n|-damage|p1a: Vy'|86\/100\n|\n|-heal|p2a: Kingambit|91\/100|[from] item: Leftovers\n|upkeep\n|turn|44\n|inactive|black thunderbolt has 180 seconds left.\n|\n|t:|1699823125\n|-end|p2a: Kingambit|fallenundefined|[silent]\n|switch|p2a: HJK?|Cinderace, F|100\/100\n|move|p1a: Vy'|Body Press|p2a: HJK?\n|-damage|p2a: HJK?|60\/100\n|\n|upkeep\n|turn|45\n|\n|t:|1699823142\n|switch|p1a: Ciel Toxico TAHAN|Gliscor, M, shiny|95\/100 tox\n|-damage|p1a: Ciel Toxico TAHAN|82\/100 tox|[from] Stealth Rock\n|move|p2a: HJK?|Gunk Shot|p1a: Ciel Toxico TAHAN\n|-start|p2a: HJK?|typechange|Poison|[from] ability: Libero\n|-resisted|p1a: Ciel Toxico TAHAN\n|-damage|p1a: Ciel Toxico TAHAN|60\/100 tox\n|\n|-heal|p1a: Ciel Toxico TAHAN|73\/100 tox|[from] ability: Poison Heal\n|upkeep\n|turn|46\n|inactive|black thunderbolt has 180 seconds left.\n|inactive|Hoot-hoot Shiny has 270 seconds left.\n|\n|t:|1699823179\n|move|p2a: HJK?|U-turn|p1a: Ciel Toxico TAHAN\n|-resisted|p1a: Ciel Toxico TAHAN\n|-damage|p1a: Ciel Toxico TAHAN|64\/100 tox\n|\n|t:|1699823183\n|switch|p2a: Gliscor|Gliscor, F|82\/100 tox|[from] U-turn\n|-damage|p2a: Gliscor|70\/100 tox|[from] Stealth Rock\n|move|p1a: Ciel Toxico TAHAN|Swords Dance|p1a: Ciel Toxico TAHAN\n|-boost|p1a: Ciel Toxico TAHAN|atk|2\n|\n|-heal|p1a: Ciel Toxico TAHAN|77\/100 tox|[from] ability: Poison Heal\n|-heal|p2a: Gliscor|82\/100 tox|[from] ability: Poison Heal\n|upkeep\n|turn|47\n|\n|t:|1699823193\n|move|p1a: Ciel Toxico TAHAN|Protect|p1a: Ciel Toxico TAHAN\n|-singleturn|p1a: Ciel Toxico TAHAN|Protect\n|move|p2a: Gliscor|U-turn|p1a: Ciel Toxico TAHAN\n|-activate|p1a: Ciel Toxico TAHAN|move: Protect\n|\n|-heal|p1a: Ciel Toxico TAHAN|89\/100 tox|[from] ability: Poison Heal\n|-heal|p2a: Gliscor|95\/100 tox|[from] ability: Poison Heal\n|upkeep\n|turn|48\n|\n|t:|1699823204\n|move|p1a: Ciel Toxico TAHAN|Knock Off|p2a: Gliscor\n|-damage|p2a: Gliscor|78\/100 tox\n|move|p2a: Gliscor|U-turn|p1a: Ciel Toxico TAHAN\n|-resisted|p1a: Ciel Toxico TAHAN\n|-damage|p1a: Ciel Toxico TAHAN|83\/100 tox\n|\n|t:|1699823208\n|switch|p2a: Ogerpon|Ogerpon-Wellspring, F|64\/100|[from] U-turn\n|-damage|p2a: Ogerpon|51\/100|[from] Stealth Rock\n|\n|-heal|p1a: Ciel Toxico TAHAN|96\/100 tox|[from] ability: Poison Heal\n|upkeep\n|turn|49\n|\n|t:|1699823218\n|move|p1a: Ciel Toxico TAHAN|Protect|p1a: Ciel Toxico TAHAN\n|-singleturn|p1a: Ciel Toxico TAHAN|Protect\n|move|p2a: Ogerpon|Ivy Cudgel|p1a: Ciel Toxico TAHAN\n|-activate|p1a: Ciel Toxico TAHAN|move: Protect\n|\n|-heal|p1a: Ciel Toxico TAHAN|100\/100 tox|[from] ability: Poison Heal\n|upkeep\n|turn|50\n|inactive|black thunderbolt has 180 seconds left.\n|l| CaoJie\n|\n|t:|1699823227\n|switch|p1a: Cherboubou|Amoonguss, M, shiny|100\/100\n|-damage|p1a: Cherboubou|88\/100|[from] Stealth Rock\n|move|p2a: Ogerpon|Power Whip|p1a: Cherboubou\n|-resisted|p1a: Cherboubou\n|-damage|p1a: Cherboubou|76\/100\n|\n|upkeep\n|turn|51\n|inactive|black thunderbolt has 180 seconds left.\n|\n|t:|1699823242\n|switch|p2a: Kingambit|Kingambit, F|91\/100\n|-damage|p2a: Kingambit|85\/100|[from] Stealth Rock\n|move|p1a: Cherboubou|Foul Play|p2a: Kingambit\n|-resisted|p2a: Kingambit\n|-damage|p2a: Kingambit|69\/100\n|\n|-heal|p2a: Kingambit|75\/100|[from] item: Leftovers\n|upkeep\n|turn|52\n|inactive|black thunderbolt has 180 seconds left.\n|\n|t:|1699823253\n|switch|p1a: Vy'|Corviknight, F, shiny|86\/100\n|-ability|p1a: Vy'|Pressure\n|move|p2a: Kingambit|Swords Dance|p2a: Kingambit\n|-boost|p2a: Kingambit|atk|2\n|\n|-heal|p2a: Kingambit|81\/100|[from] item: Leftovers\n|upkeep\n|turn|53\n|j| Hyss\n|\n|t:|1699823265\n|-end|p2a: Kingambit|fallenundefined|[silent]\n|switch|p2a: Gliscor|Gliscor, F|78\/100 tox\n|-damage|p2a: Gliscor|65\/100 tox|[from] Stealth Rock\n|move|p1a: Vy'|Iron Defense|p1a: Vy'\n|-boost|p1a: Vy'|def|2\n|\n|-heal|p2a: Gliscor|78\/100 tox|[from] ability: Poison Heal\n|upkeep\n|turn|54\n|inactive|black thunderbolt has 180 seconds left.\n|\n|t:|1699823294\n|switch|p2a: Slowking|Slowking-Galar, M|100\/100 slp\n|-damage|p2a: Slowking|88\/100 slp|[from] Stealth Rock\n|move|p1a: Vy'|Body Press|p2a: Slowking\n|-resisted|p2a: Slowking\n|-damage|p2a: Slowking|75\/100 slp\n|\n|upkeep\n|turn|55\n|\n|t:|1699823313\n|switch|p1a: Ciel Toxico TAHAN|Gliscor, M, shiny|100\/100 tox\n|-damage|p1a: Ciel Toxico TAHAN|88\/100 tox|[from] Stealth Rock\n|cant|p2a: Slowking|slp\n|\n|-heal|p1a: Ciel Toxico TAHAN|100\/100 tox|[from] ability: Poison Heal\n|upkeep\n|turn|56\n|l| Hyss\n|\n|t:|1699823321\n|switch|p2a: Gliscor|Gliscor, F|78\/100 tox\n|-damage|p2a: Gliscor|65\/100 tox|[from] Stealth Rock\n|move|p1a: Ciel Toxico TAHAN|Earthquake|p2a: Gliscor\n|-immune|p2a: Gliscor\n|\n|-heal|p2a: Gliscor|78\/100 tox|[from] ability: Poison Heal\n|upkeep\n|turn|57\n|\n|t:|1699823328\n|move|p1a: Ciel Toxico TAHAN|Swords Dance|p1a: Ciel Toxico TAHAN\n|-boost|p1a: Ciel Toxico TAHAN|atk|2\n|move|p2a: Gliscor|U-turn|p1a: Ciel Toxico TAHAN\n|-resisted|p1a: Ciel Toxico TAHAN\n|-damage|p1a: Ciel Toxico TAHAN|94\/100 tox\n|\n|t:|1699823332\n|switch|p2a: Iron Valiant|Iron Valiant|94\/100|[from] U-turn\n|-damage|p2a: Iron Valiant|88\/100|[from] Stealth Rock\n|\n|-heal|p1a: Ciel Toxico TAHAN|100\/100 tox|[from] ability: Poison Heal\n|upkeep\n|turn|58\n|inactive|black thunderbolt has 180 seconds left.\n|\n|t:|1699823348\n|-terastallize|p1a: Ciel Toxico TAHAN|Water\n|move|p2a: Iron Valiant|Ice Punch|p1a: Ciel Toxico TAHAN\n|-resisted|p1a: Ciel Toxico TAHAN\n|-damage|p1a: Ciel Toxico TAHAN|89\/100 tox\n|move|p1a: Ciel Toxico TAHAN|Earthquake|p2a: Iron Valiant\n|-damage|p2a: Iron Valiant|0 fnt\n|faint|p2a: Iron Valiant\n|-end|p2a: Iron Valiant|Quark Drive|[silent]\n|\n|-heal|p1a: Ciel Toxico TAHAN|100\/100 tox|[from] ability: Poison Heal\n|upkeep\n|\n|t:|1699823359\n|switch|p2a: Ogerpon|Ogerpon-Wellspring, F|51\/100\n|-damage|p2a: Ogerpon|39\/100|[from] Stealth Rock\n|turn|59\n|inactive|black thunderbolt has 180 seconds left.\n|\n|t:|1699823370\n|switch|p1a: Cherboubou|Amoonguss, M, shiny|100\/100\n|-damage|p1a: Cherboubou|88\/100|[from] Stealth Rock\n|move|p2a: Ogerpon|Power Whip|p1a: Cherboubou\n|-resisted|p1a: Cherboubou\n|-damage|p1a: Cherboubou|76\/100\n|\n|upkeep\n|turn|60\n|\n|t:|1699823378\n|switch|p2a: Gliscor|Gliscor, F|78\/100 tox\n|-damage|p2a: Gliscor|65\/100 tox|[from] Stealth Rock\n|move|p1a: Cherboubou|Foul Play|p2a: Gliscor\n|-damage|p2a: Gliscor|51\/100 tox\n|\n|-heal|p2a: Gliscor|64\/100 tox|[from] ability: Poison Heal\n|upkeep\n|turn|61\n|\n|t:|1699823386\n|switch|p1a: Ciel Toxico TAHAN|Gliscor, M, shiny, tera:Water|100\/100 tox\n|-damage|p1a: Ciel Toxico TAHAN|88\/100 tox|[from] Stealth Rock\n|move|p2a: Gliscor|U-turn|p1a: Ciel Toxico TAHAN\n|-damage|p1a: Ciel Toxico TAHAN|76\/100 tox\n|\n|t:|1699823393\n|switch|p2a: Ogerpon|Ogerpon-Wellspring, F|39\/100|[from] U-turn\n|-damage|p2a: Ogerpon|27\/100|[from] Stealth Rock\n|\n|-heal|p1a: Ciel Toxico TAHAN|89\/100 tox|[from] ability: Poison Heal\n|upkeep\n|turn|62\n|\n|t:|1699823401\n|switch|p2a: Gliscor|Gliscor, F|64\/100 tox\n|-damage|p2a: Gliscor|51\/100 tox|[from] Stealth Rock\n|move|p1a: Ciel Toxico TAHAN|Protect||[still]\n|-fail|p1a: Ciel Toxico TAHAN\n|\n|-heal|p1a: Ciel Toxico TAHAN|100\/100 tox|[from] ability: Poison Heal\n|-heal|p2a: Gliscor|64\/100 tox|[from] ability: Poison Heal\n|upkeep\n|turn|63\n|\n|t:|1699823407\n|move|p1a: Ciel Toxico TAHAN|Swords Dance|p1a: Ciel Toxico TAHAN\n|-boost|p1a: Ciel Toxico TAHAN|atk|2\n|move|p2a: Gliscor|Earthquake|p1a: Ciel Toxico TAHAN\n|-damage|p1a: Ciel Toxico TAHAN|72\/100 tox\n|\n|-heal|p1a: Ciel Toxico TAHAN|84\/100 tox|[from] ability: Poison Heal\n|-heal|p2a: Gliscor|76\/100 tox|[from] ability: Poison Heal\n|upkeep\n|turn|64\n|inactive|black thunderbolt has 210 seconds left.\n|\n|t:|1699823419\n|move|p1a: Ciel Toxico TAHAN|Swords Dance|p1a: Ciel Toxico TAHAN\n|-boost|p1a: Ciel Toxico TAHAN|atk|2\n|move|p2a: Gliscor|Earthquake|p1a: Ciel Toxico TAHAN\n|-damage|p1a: Ciel Toxico TAHAN|56\/100 tox\n|\n|-heal|p1a: Ciel Toxico TAHAN|69\/100 tox|[from] ability: Poison Heal\n|-heal|p2a: Gliscor|89\/100 tox|[from] ability: Poison Heal\n|upkeep\n|turn|65\n|inactive|black thunderbolt has 210 seconds left.\n|\n|t:|1699823427\n|move|p1a: Ciel Toxico TAHAN|Protect|p1a: Ciel Toxico TAHAN\n|-singleturn|p1a: Ciel Toxico TAHAN|Protect\n|move|p2a: Gliscor|Earthquake|p1a: Ciel Toxico TAHAN\n|-activate|p1a: Ciel Toxico TAHAN|move: Protect\n|\n|-heal|p1a: Ciel Toxico TAHAN|81\/100 tox|[from] ability: Poison Heal\n|-heal|p2a: Gliscor|100\/100 tox|[from] ability: Poison Heal\n|upkeep\n|turn|66\n|\n|t:|1699823434\n|move|p1a: Ciel Toxico TAHAN|Swords Dance|p1a: Ciel Toxico TAHAN\n|-boost|p1a: Ciel Toxico TAHAN|atk|2\n|move|p2a: Gliscor|Earthquake|p1a: Ciel Toxico TAHAN\n|-damage|p1a: Ciel Toxico TAHAN|57\/100 tox\n|\n|-heal|p1a: Ciel Toxico TAHAN|69\/100 tox|[from] ability: Poison Heal\n|upkeep\n|turn|67\n|\n|t:|1699823441\n|move|p1a: Ciel Toxico TAHAN|Protect|p1a: Ciel Toxico TAHAN\n|-singleturn|p1a: Ciel Toxico TAHAN|Protect\n|move|p2a: Gliscor|U-turn|p1a: Ciel Toxico TAHAN\n|-activate|p1a: Ciel Toxico TAHAN|move: Protect\n|\n|-heal|p1a: Ciel Toxico TAHAN|82\/100 tox|[from] ability: Poison Heal\n|upkeep\n|turn|68\n|\n|t:|1699823449\n|move|p1a: Ciel Toxico TAHAN|Knock Off|p2a: Gliscor\n|-damage|p2a: Gliscor|66\/100 tox\n|move|p2a: Gliscor|Earthquake|p1a: Ciel Toxico TAHAN\n|-damage|p1a: Ciel Toxico TAHAN|56\/100 tox\n|\n|-heal|p1a: Ciel Toxico TAHAN|68\/100 tox|[from] ability: Poison Heal\n|-heal|p2a: Gliscor|79\/100 tox|[from] ability: Poison Heal\n|upkeep\n|turn|69\n|\n|t:|1699823460\n|move|p1a: Ciel Toxico TAHAN|Knock Off|p2a: Gliscor\n|-damage|p2a: Gliscor|45\/100 tox\n|move|p2a: Gliscor|U-turn|p1a: Ciel Toxico TAHAN\n|-damage|p1a: Ciel Toxico TAHAN|57\/100 tox\n|\n|t:|1699823466\n|switch|p2a: Ogerpon|Ogerpon-Wellspring, F|27\/100|[from] U-turn\n|-damage|p2a: Ogerpon|14\/100|[from] Stealth Rock\n|\n|-heal|p1a: Ciel Toxico TAHAN|69\/100 tox|[from] ability: Poison Heal\n|upkeep\n|turn|70\n|\n|t:|1699823472\n|move|p1a: Ciel Toxico TAHAN|Protect|p1a: Ciel Toxico TAHAN\n|-singleturn|p1a: Ciel Toxico TAHAN|Protect\n|move|p2a: Ogerpon|Power Whip|p1a: Ciel Toxico TAHAN\n|-activate|p1a: Ciel Toxico TAHAN|move: Protect\n|\n|-heal|p1a: Ciel Toxico TAHAN|82\/100 tox|[from] ability: Poison Heal\n|upkeep\n|turn|71\n|inactive|black thunderbolt has 240 seconds left.\n|\n|t:|1699823480\n|switch|p1a: Cherboubou|Amoonguss, M, shiny|100\/100\n|-damage|p1a: Cherboubou|88\/100|[from] Stealth Rock\n|move|p2a: Ogerpon|Power Whip|p1a: Cherboubou\n|-resisted|p1a: Cherboubou\n|-damage|p1a: Cherboubou|75\/100\n|\n|upkeep\n|turn|72\n|inactive|black thunderbolt has 240 seconds left.\n|\n|t:|1699823491\n|switch|p2a: Slowking|Slowking-Galar, M|100\/100 slp\n|-damage|p2a: Slowking|88\/100 slp|[from] Stealth Rock\n|move|p1a: Cherboubou|Foul Play|p2a: Slowking\n|-supereffective|p2a: Slowking\n|-damage|p2a: Slowking|65\/100 slp\n|\n|upkeep\n|turn|73\n|inactive|black thunderbolt has 240 seconds left.\n|\n|t:|1699823506\n|switch|p1a: Ciel Toxico TAHAN|Gliscor, M, shiny, tera:Water|82\/100 tox\n|-damage|p1a: Ciel Toxico TAHAN|69\/100 tox|[from] Stealth Rock\n|cant|p2a: Slowking|slp\n|\n|-heal|p1a: Ciel Toxico TAHAN|82\/100 tox|[from] ability: Poison Heal\n|upkeep\n|turn|74\n|\n|t:|1699823514\n|switch|p2a: Gliscor|Gliscor, F|45\/100 tox\n|-damage|p2a: Gliscor|32\/100 tox|[from] Stealth Rock\n|move|p1a: Ciel Toxico TAHAN|Swords Dance|p1a: Ciel Toxico TAHAN\n|-boost|p1a: Ciel Toxico TAHAN|atk|2\n|\n|-heal|p1a: Ciel Toxico TAHAN|94\/100 tox|[from] ability: Poison Heal\n|-heal|p2a: Gliscor|45\/100 tox|[from] ability: Poison Heal\n|upkeep\n|turn|75\n|\n|t:|1699823519\n|move|p2a: Gliscor|Protect|p2a: Gliscor\n|-singleturn|p2a: Gliscor|Protect\n|move|p1a: Ciel Toxico TAHAN|Swords Dance|p1a: Ciel Toxico TAHAN\n|-boost|p1a: Ciel Toxico TAHAN|atk|2\n|\n|-heal|p1a: Ciel Toxico TAHAN|100\/100 tox|[from] ability: Poison Heal\n|-heal|p2a: Gliscor|57\/100 tox|[from] ability: Poison Heal\n|upkeep\n|turn|76\n|\n|t:|1699823523\n|move|p1a: Ciel Toxico TAHAN|Swords Dance|p1a: Ciel Toxico TAHAN\n|-boost|p1a: Ciel Toxico TAHAN|atk|2\n|move|p2a: Gliscor|Earthquake|p1a: Ciel Toxico TAHAN\n|-damage|p1a: Ciel Toxico TAHAN|76\/100 tox\n|\n|-heal|p1a: Ciel Toxico TAHAN|89\/100 tox|[from] ability: Poison Heal\n|-heal|p2a: Gliscor|70\/100 tox|[from] ability: Poison Heal\n|upkeep\n|turn|77\n|\n|t:|1699823526\n|move|p2a: Gliscor|Protect|p2a: Gliscor\n|-singleturn|p2a: Gliscor|Protect\n|move|p1a: Ciel Toxico TAHAN|Knock Off|p2a: Gliscor\n|-activate|p2a: Gliscor|move: Protect\n|\n|-heal|p1a: Ciel Toxico TAHAN|100\/100 tox|[from] ability: Poison Heal\n|-heal|p2a: Gliscor|82\/100 tox|[from] ability: Poison Heal\n|upkeep\n|turn|78\n|\n|t:|1699823531\n|move|p1a: Ciel Toxico TAHAN|Knock Off|p2a: Gliscor\n|-crit|p2a: Gliscor\n|-damage|p2a: Gliscor|28\/100 tox\n|move|p2a: Gliscor|Toxic|p1a: Ciel Toxico TAHAN\n|-fail|p1a: Ciel Toxico TAHAN|tox\n|\n|-heal|p2a: Gliscor|41\/100 tox|[from] ability: Poison Heal\n|upkeep\n|turn|79\n|\n|t:|1699823538\n|move|p2a: Gliscor|Protect|p2a: Gliscor\n|-singleturn|p2a: Gliscor|Protect\n|move|p1a: Ciel Toxico TAHAN|Knock Off|p2a: Gliscor\n|-activate|p2a: Gliscor|move: Protect\n|\n|-heal|p2a: Gliscor|53\/100 tox|[from] ability: Poison Heal\n|upkeep\n|turn|80\n|\n|t:|1699823541\n|move|p1a: Ciel Toxico TAHAN|Knock Off|p2a: Gliscor\n|-crit|p2a: Gliscor\n|-damage|p2a: Gliscor|6\/100 tox\n|move|p2a: Gliscor|Earthquake|p1a: Ciel Toxico TAHAN\n|-damage|p1a: Ciel Toxico TAHAN|72\/100 tox\n|\n|-heal|p1a: Ciel Toxico TAHAN|85\/100 tox|[from] ability: Poison Heal\n|-heal|p2a: Gliscor|18\/100 tox|[from] ability: Poison Heal\n|upkeep\n|turn|81\n|\n|t:|1699823550\n|move|p2a: Gliscor|Protect|p2a: Gliscor\n|-singleturn|p2a: Gliscor|Protect\n|move|p1a: Ciel Toxico TAHAN|Knock Off|p2a: Gliscor\n|-activate|p2a: Gliscor|move: Protect\n|\n|-heal|p1a: Ciel Toxico TAHAN|97\/100 tox|[from] ability: Poison Heal\n|-heal|p2a: Gliscor|31\/100 tox|[from] ability: Poison Heal\n|upkeep\n|turn|82\n|\n|t:|1699823553\n|move|p1a: Ciel Toxico TAHAN|Knock Off|p2a: Gliscor\n|-damage|p2a: Gliscor|0 fnt\n|faint|p2a: Gliscor\n|\n|-heal|p1a: Ciel Toxico TAHAN|100\/100 tox|[from] ability: Poison Heal\n|upkeep\n|\n|t:|1699823556\n|switch|p2a: Ogerpon|Ogerpon-Wellspring, F|14\/100\n|-damage|p2a: Ogerpon|2\/100|[from] Stealth Rock\n|turn|83\n|\n|t:|1699823562\n|switch|p1a: Cherboubou|Amoonguss, M, shiny|100\/100\n|-damage|p1a: Cherboubou|88\/100|[from] Stealth Rock\n|move|p2a: Ogerpon|Power Whip|p1a: Cherboubou\n|-resisted|p1a: Cherboubou\n|-damage|p1a: Cherboubou|76\/100\n|\n|upkeep\n|turn|84\n|j| Hyss\n|\n|t:|1699823574\n|move|p2a: Ogerpon|Ivy Cudgel|p1a: Cherboubou\n|-resisted|p1a: Cherboubou\n|-damage|p1a: Cherboubou|55\/100\n|move|p1a: Cherboubou|Foul Play|p2a: Ogerpon\n|-damage|p2a: Ogerpon|0 fnt\n|faint|p2a: Ogerpon\n|\n|upkeep\n|\n|t:|1699823578\n|switch|p2a: HJK?|Cinderace, F|60\/100\n|turn|85\n|\n|t:|1699823584\n|switch|p1a: Ciel Toxico TAHAN|Gliscor, M, shiny, tera:Water|100\/100 tox\n|-damage|p1a: Ciel Toxico TAHAN|88\/100 tox|[from] Stealth Rock\n|move|p2a: HJK?|Gunk Shot|p1a: Ciel Toxico TAHAN\n|-start|p2a: HJK?|typechange|Poison|[from] ability: Libero\n|-damage|p1a: Ciel Toxico TAHAN|40\/100 tox\n|\n|-heal|p1a: Ciel Toxico TAHAN|53\/100 tox|[from] ability: Poison Heal\n|upkeep\n|turn|86\n|\n|t:|1699823595\n|switch|p2a: Slowking|Slowking-Galar, M|98\/100 slp\n|-damage|p2a: Slowking|86\/100 slp|[from] Stealth Rock\n|move|p1a: Ciel Toxico TAHAN|Protect||[still]\n|-fail|p1a: Ciel Toxico TAHAN\n|\n|-heal|p1a: Ciel Toxico TAHAN|65\/100 tox|[from] ability: Poison Heal\n|upkeep\n|turn|87\n|\n|t:|1699823610\n|move|p1a: Ciel Toxico TAHAN|Earthquake|p2a: Slowking\n|-supereffective|p2a: Slowking\n|-damage|p2a: Slowking|15\/100 slp\n|-curestatus|p2a: Slowking|slp|[msg]\n|move|p2a: Slowking|Sludge Bomb|p1a: Ciel Toxico TAHAN\n|-damage|p1a: Ciel Toxico TAHAN|34\/100 tox\n|\n|-heal|p1a: Ciel Toxico TAHAN|46\/100 tox|[from] ability: Poison Heal\n|upkeep\n|turn|88\n|\n|t:|1699823624\n|-terastallize|p2a: Slowking|Flying\n|move|p1a: Ciel Toxico TAHAN|Knock Off|p2a: Slowking\n|-damage|p2a: Slowking|0 fnt\n|-enditem|p2a: Slowking|Assault Vest|[from] move: Knock Off|[of] p1a: Ciel Toxico TAHAN\n|faint|p2a: Slowking\n|\n|-heal|p1a: Ciel Toxico TAHAN|59\/100 tox|[from] ability: Poison Heal\n|upkeep\n|\n|t:|1699823627\n|switch|p2a: HJK?|Cinderace, F|60\/100\n|turn|89\n|c|\u2606Hoot-hoot Shiny|gg\n|\n|t:|1699823635\n|move|p1a: Ciel Toxico TAHAN|Protect|p1a: Ciel Toxico TAHAN\n|-singleturn|p1a: Ciel Toxico TAHAN|Protect\n|move|p2a: HJK?|Gunk Shot|p1a: Ciel Toxico TAHAN\n|-start|p2a: HJK?|typechange|Poison|[from] ability: Libero\n|-activate|p1a: Ciel Toxico TAHAN|move: Protect\n|\n|-heal|p1a: Ciel Toxico TAHAN|71\/100 tox|[from] ability: Poison Heal\n|upkeep\n|turn|90\n|\n|t:|1699823652\n|move|p2a: HJK?|Gunk Shot|p1a: Ciel Toxico TAHAN\n|-damage|p1a: Ciel Toxico TAHAN|23\/100 tox\n|move|p1a: Ciel Toxico TAHAN|Earthquake|p2a: HJK?\n|-supereffective|p2a: HJK?\n|-damage|p2a: HJK?|0 fnt\n|faint|p2a: HJK?\n|\n|-heal|p1a: Ciel Toxico TAHAN|35\/100 tox|[from] ability: Poison Heal\n|upkeep\n|\n|t:|1699823655\n|switch|p2a: Kingambit|Kingambit, F|81\/100\n|-damage|p2a: Kingambit|75\/100|[from] Stealth Rock\n|-activate|p2a: Kingambit|ability: Supreme Overlord\n|-start|p2a: Kingambit|fallen5|[silent]\n|turn|91\n|l| Hyss\n|c| Zoyotte|ggs les gars\n|\n|t:|1699823660\n|move|p2a: Kingambit|Sucker Punch|p1a: Ciel Toxico TAHAN\n|-crit|p1a: Ciel Toxico TAHAN\n|-damage|p1a: Ciel Toxico TAHAN|0 fnt\n|faint|p1a: Ciel Toxico TAHAN\n|\n|-heal|p2a: Kingambit|81\/100|[from] item: Leftovers\n|upkeep\n|\n|t:|1699823666\n|switch|p1a: Vy'|Corviknight, F, shiny|86\/100\n|-ability|p1a: Vy'|Pressure\n|turn|92\n|c|\u2606Hoot-hoot Shiny|derniere fois que je joue pas ce que je veux mdrrrr\n|inactive|black thunderbolt has 270 seconds left.\n|\n|t:|1699823697\n|move|p1a: Vy'|Iron Defense|p1a: Vy'\n|-boost|p1a: Vy'|def|2\n|move|p2a: Kingambit|Iron Head|p1a: Vy'\n|-resisted|p1a: Vy'\n|-damage|p1a: Vy'|75\/100\n|\n|-heal|p2a: Kingambit|87\/100|[from] item: Leftovers\n|upkeep\n|turn|93\n|\n|t:|1699823700\n|move|p1a: Vy'|Body Press|p2a: Kingambit\n|-supereffective|p2a: Kingambit\n|-damage|p2a: Kingambit|0 fnt\n|faint|p2a: Kingambit\n|-end|p2a: Kingambit|fallen5|[silent]\n|\n|win|black thunderbolt\n|l| Oreotrague\u2605\u273f\n","uploadtime":1699823718,"views":41,"p1id":"blackthunderbolt","p2id":"hoothootshiny","formatid":"gen9ubers","rating":0,"private":0,"password":""}