{"id":"gen9ubers-1977162195","p1":"mahcuu","p2":"ShanmanT","format":"[Gen 9] Ubers","log":"|j|\u2606mahcuu\n|j|\u2606ShanmanT\n|t:|1698379246\n|gametype|singles\n|player|p1|mahcuu|scientistf|\n|player|p2|ShanmanT|102|\n|teamsize|p1|6\n|teamsize|p2|6\n|gen|9\n|tier|[Gen 9] Ubers\n|rule|Sleep Clause Mod: Limit one foe put to sleep\n|rule|Species Clause: Limit one of each Pok\u00e9mon\n|rule|OHKO Clause: OHKO moves are banned\n|rule|Evasion Items Clause: Evasion items are banned\n|rule|Evasion Moves Clause: Evasion moves are banned\n|rule|Endless Battle Clause: Forcing endless battles is banned\n|rule|HP Percentage Mod: HP is shown in percentages\n|clearpoke\n|poke|p1|Zapdos|\n|poke|p1|Skeledirge, F|\n|poke|p1|Noivern, M|\n|poke|p1|Lycanroc, M|\n|poke|p1|Dusknoir, F|\n|poke|p1|Glastrier|\n|poke|p2|Garganacl, M|\n|poke|p2|Shiftry, M|\n|poke|p2|Armarouge, F|\n|poke|p2|Breloom, M|\n|poke|p2|Munkidori, M|\n|poke|p2|Mandibuzz, F|\n|teampreview\n|j| currys\n|j| Rival Gary Oak\n|l| Rival Gary Oak\n|j| Rival Gary Oak\n|\n|t:|1698379487\n|start\n|switch|p1a: Zapdos|Zapdos|100\/100\n|switch|p2a: Garganacl|Garganacl, M|100\/100\n|turn|1\n|\n|t:|1698379495\n|move|p1a: Zapdos|Volt Switch|p2a: Garganacl\n|-damage|p2a: Garganacl|68\/100\n|\n|t:|1698379509\n|switch|p1a: Dusknoir|Dusknoir, F|100\/100|[from] Volt Switch\n|-item|p2a: Garganacl|Assault Vest|[from] ability: Frisk|[of] p1a: Dusknoir|[identify]\n|move|p2a: Garganacl|Salt Cure|p1a: Dusknoir\n|-damage|p1a: Dusknoir|84\/100\n|-start|p1a: Dusknoir|Salt Cure\n|\n|-heal|p1a: Dusknoir|90\/100|[from] item: Leftovers\n|-damage|p1a: Dusknoir|78\/100|[from] Salt Cure\n|upkeep\n|turn|2\n|l| Rival Gary Oak\n|j| Rival Gary Oak\n|j| slowmetabolism\n|\n|t:|1698379564\n|switch|p2a: Mandibuzz|Mandibuzz, F|100\/100\n|-terastallize|p1a: Dusknoir|Ground\n|move|p1a: Dusknoir|Earthquake|p2a: Mandibuzz\n|-immune|p2a: Mandibuzz\n|\n|-heal|p1a: Dusknoir|84\/100|[from] item: Leftovers\n|-damage|p1a: Dusknoir|72\/100|[from] Salt Cure\n|upkeep\n|turn|3\n|\n|t:|1698379583\n|switch|p1a: Noivern|Noivern, M|100\/100\n|-item|p2a: Mandibuzz|Leftovers|[from] ability: Frisk|[of] p1a: Noivern|[identify]\n|move|p2a: Mandibuzz|Tailwind|p2a: Mandibuzz\n|-sidestart|p2: ShanmanT|move: Tailwind\n|\n|upkeep\n|turn|4\n|\n|t:|1698379595\n|move|p2a: Mandibuzz|U-turn|p1a: Noivern\n|-resisted|p1a: Noivern\n|-damage|p1a: Noivern|94\/100\n|\n|t:|1698379611\n|switch|p2a: Garganacl|Garganacl, M|68\/100|[from] U-turn\n|move|p1a: Noivern|Super Fang|p2a: Garganacl\n|-damage|p2a: Garganacl|34\/100\n|\n|upkeep\n|turn|5\n|\n|t:|1698379620\n|move|p1a: Noivern|Super Fang|p2a: Garganacl\n|-damage|p2a: Garganacl|17\/100\n|move|p2a: Garganacl|Stone Edge|p1a: Noivern\n|-supereffective|p1a: Noivern\n|-damage|p1a: Noivern|0 fnt\n|faint|p1a: Noivern\n|\n|upkeep\n|\n|t:|1698379623\n|switch|p1a: Zapdos|Zapdos|100\/100\n|turn|6\n|\n|t:|1698379636\n|move|p1a: Zapdos|Thunderbolt|p2a: Garganacl\n|-damage|p2a: Garganacl|0 fnt\n|faint|p2a: Garganacl\n|\n|-sideend|p2: ShanmanT|move: Tailwind\n|upkeep\n|\n|t:|1698379642\n|switch|p2a: Munkidori|Munkidori, M|100\/100\n|turn|7\n|\n|t:|1698379653\n|move|p2a: Munkidori|Psyshock|p1a: Zapdos\n|-damage|p1a: Zapdos|50\/100\n|move|p1a: Zapdos|Thunderbolt|p2a: Munkidori\n|-damage|p2a: Munkidori|21\/100\n|\n|upkeep\n|turn|8\n|\n|t:|1698379681\n|switch|p1a: Glastrier|Glastrier|100\/100\n|move|p2a: Munkidori|Psyshock|p1a: Glastrier\n|-damage|p1a: Glastrier|80\/100\n|\n|upkeep\n|turn|9\n|\n|t:|1698379694\n|switch|p2a: Armarouge|Armarouge, F|100\/100\n|move|p1a: Glastrier|Avalanche|p2a: Armarouge\n|-resisted|p2a: Armarouge\n|-damage|p2a: Armarouge|87\/100\n|\n|-heal|p2a: Armarouge|93\/100|[from] item: Leftovers\n|upkeep\n|turn|10\n|\n|t:|1698379705\n|move|p2a: Armarouge|Calm Mind|p2a: Armarouge\n|-boost|p2a: Armarouge|spa|1\n|-boost|p2a: Armarouge|spd|1\n|move|p1a: Glastrier|High Horsepower|p2a: Armarouge\n|-supereffective|p2a: Armarouge\n|-damage|p2a: Armarouge|41\/100\n|\n|-heal|p2a: Armarouge|47\/100|[from] item: Leftovers\n|upkeep\n|turn|11\n|\n|t:|1698379715\n|move|p2a: Armarouge|Fire Blast|p1a: Glastrier\n|-supereffective|p1a: Glastrier\n|-damage|p1a: Glastrier|0 fnt\n|faint|p1a: Glastrier\n|\n|-heal|p2a: Armarouge|53\/100|[from] item: Leftovers\n|upkeep\n|\n|t:|1698379723\n|switch|p1a: Zapdos|Zapdos|50\/100\n|turn|12\n|\n|t:|1698379730\n|move|p1a: Zapdos|Thunderbolt|p2a: Armarouge\n|-damage|p2a: Armarouge|7\/100\n|move|p2a: Armarouge|Psychic|p1a: Zapdos\n|-damage|p1a: Zapdos|0 fnt\n|faint|p1a: Zapdos\n|\n|-heal|p2a: Armarouge|13\/100|[from] item: Leftovers\n|upkeep\n|\n|t:|1698379733\n|switch|p1a: Lycanroc|Lycanroc, M|100\/100\n|turn|13\n|\n|t:|1698379758\n|switch|p2a: Breloom|Breloom, M|100\/100\n|move|p1a: Lycanroc|Accelerock|p2a: Breloom\n|-resisted|p2a: Breloom\n|-damage|p2a: Breloom|86\/100\n|\n|upkeep\n|turn|14\n|\n|t:|1698379764\n|switch|p1a: Skeledirge|Skeledirge, F|100\/100\n|move|p2a: Breloom|Mach Punch|p1a: Skeledirge\n|-immune|p1a: Skeledirge\n|\n|upkeep\n|turn|15\n|\n|t:|1698379773\n|switch|p2a: Armarouge|Armarouge, F|13\/100\n|move|p1a: Skeledirge|Torch Song|p2a: Armarouge\n|-start|p2a: Armarouge|ability: Flash Fire\n|\n|-heal|p2a: Armarouge|19\/100|[from] item: Leftovers\n|upkeep\n|turn|16\n|\n|t:|1698379786\n|move|p2a: Armarouge|Psychic|p1a: Skeledirge\n|-damage|p1a: Skeledirge|68\/100\n|-unboost|p1a: Skeledirge|spd|1\n|move|p1a: Skeledirge|Shadow Ball|p2a: Armarouge\n|-supereffective|p2a: Armarouge\n|-damage|p2a: Armarouge|0 fnt\n|faint|p2a: Armarouge\n|\n|upkeep\n|\n|t:|1698379795\n|switch|p2a: Munkidori|Munkidori, M|21\/100\n|turn|17\n|\n|t:|1698379808\n|switch|p1a: Dusknoir|Dusknoir, F, tera:Ground|72\/100\n|-item|p2a: Munkidori|Choice Scarf|[from] ability: Frisk|[of] p1a: Dusknoir|[identify]\n|move|p2a: Munkidori|Shadow Ball|p1a: Dusknoir\n|-damage|p1a: Dusknoir|47\/100\n|\n|-heal|p1a: Dusknoir|53\/100|[from] item: Leftovers\n|upkeep\n|turn|18\n|\n|t:|1698379822\n|switch|p2a: Mandibuzz|Mandibuzz, F|100\/100\n|move|p1a: Dusknoir|Ice Punch|p2a: Mandibuzz\n|-supereffective|p2a: Mandibuzz\n|-damage|p2a: Mandibuzz|72\/100\n|-ability|p2a: Mandibuzz|Weak Armor|boost\n|-unboost|p2a: Mandibuzz|def|1\n|-boost|p2a: Mandibuzz|spe|2\n|\n|-heal|p2a: Mandibuzz|78\/100|[from] item: Leftovers\n|-heal|p1a: Dusknoir|59\/100|[from] item: Leftovers\n|upkeep\n|turn|19\n|\n|t:|1698379834\n|move|p2a: Mandibuzz|Foul Play|p1a: Dusknoir\n|-damage|p1a: Dusknoir|19\/100\n|move|p1a: Dusknoir|Ice Punch|p2a: Mandibuzz\n|-supereffective|p2a: Mandibuzz\n|-damage|p2a: Mandibuzz|37\/100\n|-ability|p2a: Mandibuzz|Weak Armor|boost\n|-unboost|p2a: Mandibuzz|def|1\n|-boost|p2a: Mandibuzz|spe|2\n|\n|-heal|p2a: Mandibuzz|43\/100|[from] item: Leftovers\n|-heal|p1a: Dusknoir|25\/100|[from] item: Leftovers\n|upkeep\n|turn|20\n|\n|t:|1698379846\n|move|p2a: Mandibuzz|Foul Play|p1a: Dusknoir\n|-damage|p1a: Dusknoir|0 fnt\n|faint|p1a: Dusknoir\n|\n|-heal|p2a: Mandibuzz|50\/100|[from] item: Leftovers\n|upkeep\n|\n|t:|1698379848\n|switch|p1a: Lycanroc|Lycanroc, M|100\/100\n|turn|21\n|\n|t:|1698379859\n|move|p2a: Mandibuzz|U-turn|p1a: Lycanroc\n|-damage|p1a: Lycanroc|82\/100\n|\n|t:|1698379863\n|switch|p2a: Munkidori|Munkidori, M|21\/100|[from] U-turn\n|move|p1a: Lycanroc|Play Rough|p2a: Munkidori\n|-resisted|p2a: Munkidori\n|-damage|p2a: Munkidori|0 fnt\n|faint|p2a: Munkidori\n|\n|upkeep\n|\n|t:|1698379879\n|switch|p2a: Breloom|Breloom, M|86\/100\n|turn|22\n|\n|t:|1698379884\n|switch|p1a: Skeledirge|Skeledirge, F|68\/100\n|move|p2a: Breloom|Mach Punch|p1a: Skeledirge\n|-immune|p1a: Skeledirge\n|\n|upkeep\n|turn|23\n|\n|t:|1698379890\n|switch|p2a: Mandibuzz|Mandibuzz, F|50\/100\n|move|p1a: Skeledirge|Torch Song|p2a: Mandibuzz\n|-damage|p2a: Mandibuzz|14\/100\n|-boost|p1a: Skeledirge|spa|1\n|\n|-heal|p2a: Mandibuzz|20\/100|[from] item: Leftovers\n|upkeep\n|turn|24\n|\n|t:|1698379899\n|move|p2a: Mandibuzz|Foul Play|p1a: Skeledirge\n|-supereffective|p1a: Skeledirge\n|-damage|p1a: Skeledirge|33\/100\n|move|p1a: Skeledirge|Torch Song|p2a: Mandibuzz\n|-damage|p2a: Mandibuzz|0 fnt\n|-boost|p1a: Skeledirge|spa|1\n|faint|p2a: Mandibuzz\n|\n|upkeep\n|\n|t:|1698379907\n|switch|p2a: Shiftry|Shiftry, M|100\/100\n|turn|25\n|\n|t:|1698379912\n|-terastallize|p2a: Shiftry|Fighting\n|move|p2a: Shiftry|Knock Off|p1a: Skeledirge\n|-supereffective|p1a: Skeledirge\n|-damage|p1a: Skeledirge|0 fnt\n|-enditem|p1a: Skeledirge|Assault Vest|[from] move: Knock Off|[of] p2a: Shiftry\n|faint|p1a: Skeledirge\n|-damage|p2a: Shiftry|91\/100|[from] item: Life Orb\n|\n|upkeep\n|\n|t:|1698379915\n|switch|p1a: Lycanroc|Lycanroc, M|82\/100\n|turn|26\n|\n|t:|1698379937\n|move|p1a: Lycanroc|Play Rough|p2a: Shiftry\n|-supereffective|p2a: Shiftry\n|-damage|p2a: Shiftry|0 fnt\n|faint|p2a: Shiftry\n|\n|upkeep\n|\n|t:|1698379942\n|switch|p2a: Breloom|Breloom, M|86\/100\n|turn|27\n|\n|t:|1698379944\n|move|p2a: Breloom|Mach Punch|p1a: Lycanroc\n|-supereffective|p1a: Lycanroc\n|-damage|p1a: Lycanroc|0 fnt\n|faint|p1a: Lycanroc\n|\n|win|ShanmanT\n|c|\u2606mahcuu|fckkkkkk\n|c|\u2606ShanmanT|gg\n|c|\u2606mahcuu|Aiiight round 222222222222\n|l| currys\n|c|\u2606ShanmanT|round 2 babee\n|l|\u2606ShanmanT\n|l|\u2606mahcuu\n|l| Rival Gary Oak\n|j| currys\n|l| currys\n|j| Rival Gary Oak\n","uploadtime":1698380019,"views":13,"p1id":"mahcuu","p2id":"shanmant","formatid":"gen9ubers","rating":0,"private":0,"password":""}