{"id":"gen9ubers-1979177010","p1":"inertialinitiative","p2":"Troutinspace","format":"[Gen 9] Ubers","log":"|j|\u2606inertialinitiative\n|j|\u2606Troutinspace\n|inactive|Battle timer is ON: inactive players will automatically lose when time's up.\n|t:|1698644652\n|gametype|singles\n|player|p1|inertialinitiative|pokemonranger-gen4|\n|player|p2|Troutinspace|aaron|\n|teamsize|p1|6\n|teamsize|p2|6\n|gen|9\n|tier|[Gen 9] Ubers\n|rated|Tournament battle\n|rule|Sleep Clause Mod: Limit one foe put to sleep\n|rule|Species Clause: Limit one of each Pok\u00e9mon\n|rule|OHKO Clause: OHKO moves are banned\n|rule|Evasion Items Clause: Evasion items are banned\n|rule|Evasion Moves Clause: Evasion moves are banned\n|rule|Endless Battle Clause: Forcing endless battles is banned\n|rule|HP Percentage Mod: HP is shown in percentages\n|clearpoke\n|poke|p1|Koraidon|\n|poke|p1|Grimmsnarl, M|\n|poke|p1|Iron Treads|\n|poke|p1|Kyogre|\n|poke|p1|Annihilape, M|\n|poke|p1|Ursaluna, F|\n|poke|p2|Miraidon|\n|poke|p2|Arceus-Ground|\n|poke|p2|Zacian-*|\n|poke|p2|Giratina-Origin|\n|poke|p2|Skeledirge, F|\n|poke|p2|Iron Treads|\n|teampreview\n|j|*Lady Monita \u263d\n|\n|t:|1698644666\n|start\n|switch|p1a: Iron Treads|Iron Treads|100\/100\n|switch|p2a: Arceus|Arceus-Ground|100\/100\n|turn|1\n|\n|t:|1698644687\n|move|p2a: Arceus|Judgment|p1a: Iron Treads\n|-supereffective|p1a: Iron Treads\n|-enditem|p1a: Iron Treads|Focus Sash\n|-damage|p1a: Iron Treads|1\/100\n|move|p1a: Iron Treads|Earthquake|p2a: Arceus\n|-crit|p2a: Arceus\n|-damage|p2a: Arceus|52\/100\n|\n|upkeep\n|turn|2\n|\n|t:|1698644694\n|-end|p1a: Iron Treads|Quark Drive|[silent]\n|switch|p1a: Annihilape|Annihilape, M|100\/100\n|move|p2a: Arceus|Ice Beam|p1a: Annihilape\n|-damage|p1a: Annihilape|82\/100\n|\n|upkeep\n|turn|3\n|\n|t:|1698644700\n|move|p2a: Arceus|Judgment|p1a: Annihilape\n|-crit|p1a: Annihilape\n|-damage|p1a: Annihilape|31\/100\n|move|p1a: Annihilape|Rage Fist|p2a: Arceus\n|-damage|p2a: Arceus|15\/100\n|\n|upkeep\n|turn|4\n|\n|t:|1698644710\n|move|p2a: Arceus|Judgment|p1a: Annihilape\n|-damage|p1a: Annihilape|0 fnt\n|faint|p1a: Annihilape\n|\n|upkeep\n|\n|t:|1698644714\n|switch|p1a: Koraidon|Koraidon|100\/100\n|-weather|SunnyDay|[from] ability: Orichalcum Pulse|[of] p1a: Koraidon\n|-activate|p1a: Koraidon|Orichalcum Pulse|[source]\n|turn|5\n|\n|t:|1698644719\n|move|p1a: Koraidon|Scale Shot|p2a: Arceus\n|-damage|p2a: Arceus|2\/100\n|-damage|p2a: Arceus|0 fnt\n|faint|p2a: Arceus\n|-hitcount|p2: Arceus|2\n|-unboost|p1a: Koraidon|def|1\n|-boost|p1a: Koraidon|spe|1\n|\n|-weather|SunnyDay|[upkeep]\n|upkeep\n|\n|t:|1698644722\n|switch|p2a: Skeledirge|Skeledirge, F|100\/100\n|turn|6\n|\n|t:|1698644727\n|switch|p1a: Ursaluna|Ursaluna, F|100\/100\n|switch|p2a: Giratina|Giratina-Origin|100\/100\n|\n|-weather|SunnyDay|[upkeep]\n|upkeep\n|turn|7\n|\n|t:|1698644734\n|switch|p1a: Grimmsnarl|Grimmsnarl, M|100\/100\n|move|p2a: Giratina|Will-O-Wisp|p1a: Grimmsnarl\n|-status|p1a: Grimmsnarl|brn\n|\n|-weather|SunnyDay|[upkeep]\n|-damage|p1a: Grimmsnarl|94\/100 brn|[from] brn\n|upkeep\n|turn|8\n|\n|t:|1698644741\n|switch|p2a: Iron Treads|Iron Treads|100\/100\n|move|p1a: Grimmsnarl|Parting Shot|p2a: Iron Treads\n|-unboost|p2a: Iron Treads|atk|1\n|-unboost|p2a: Iron Treads|spa|1\n|\n|t:|1698644747\n|switch|p1a: Kyogre|Kyogre|100\/100|[from] Parting Shot\n|-weather|RainDance|[from] ability: Drizzle|[of] p1a: Kyogre\n|\n|-weather|RainDance|[upkeep]\n|upkeep\n|turn|9\n|\n|t:|1698644753\n|move|p1a: Kyogre|Water Spout|p2a: Iron Treads\n|-supereffective|p2a: Iron Treads\n|-damage|p2a: Iron Treads|0 fnt\n|faint|p2a: Iron Treads\n|-end|p2a: Iron Treads|Quark Drive|[silent]\n|\n|-weather|RainDance|[upkeep]\n|upkeep\n|\n|t:|1698644759\n|switch|p2a: Giratina|Giratina-Origin|100\/100\n|turn|10\n|\n|t:|1698644764\n|switch|p1a: Grimmsnarl|Grimmsnarl, M|94\/100 brn\n|move|p2a: Giratina|Dragon Tail|p1a: Grimmsnarl\n|-immune|p1a: Grimmsnarl\n|\n|-weather|RainDance|[upkeep]\n|-damage|p1a: Grimmsnarl|88\/100 brn|[from] brn\n|upkeep\n|turn|11\n|\n|t:|1698644770\n|switch|p2a: Miraidon|Miraidon|100\/100\n|-fieldstart|move: Electric Terrain|[from] ability: Hadron Engine|[of] p2a: Miraidon\n|move|p1a: Grimmsnarl|Light Screen|p1a: Grimmsnarl\n|-sidestart|p1: inertialinitiative|move: Light Screen\n|\n|-weather|RainDance|[upkeep]\n|-damage|p1a: Grimmsnarl|82\/100 brn|[from] brn\n|upkeep\n|turn|12\n|\n|t:|1698644782\n|move|p1a: Grimmsnarl|Parting Shot|p2a: Miraidon\n|-unboost|p2a: Miraidon|atk|1\n|-unboost|p2a: Miraidon|spa|1\n|\n|t:|1698644806\n|switch|p1a: Iron Treads|Iron Treads|1\/100|[from] Parting Shot\n|-activate|p1a: Iron Treads|ability: Quark Drive\n|-start|p1a: Iron Treads|quarkdrivespe\n|move|p2a: Miraidon|Draco Meteor|p1a: Iron Treads\n|-resisted|p1a: Iron Treads\n|-damage|p1a: Iron Treads|0 fnt\n|-unboost|p2a: Miraidon|spa|2\n|faint|p1a: Iron Treads\n|-end|p1a: Iron Treads|Quark Drive|[silent]\n|\n|-weather|none\n|upkeep\n|\n|t:|1698644813\n|switch|p1a: Kyogre|Kyogre|100\/100\n|-weather|RainDance|[from] ability: Drizzle|[of] p1a: Kyogre\n|turn|13\n|\n|t:|1698644819\n|switch|p2a: Giratina|Giratina-Origin|100\/100\n|move|p1a: Kyogre|Water Spout|p2a: Giratina\n|-resisted|p2a: Giratina\n|-damage|p2a: Giratina|57\/100\n|\n|-weather|RainDance|[upkeep]\n|upkeep\n|turn|14\n|\n|t:|1698644837\n|-terastallize|p1a: Kyogre|Water\n|move|p1a: Kyogre|Water Spout|p2a: Giratina\n|-resisted|p2a: Giratina\n|-damage|p2a: Giratina|0 fnt\n|faint|p2a: Giratina\n|\n|-weather|RainDance|[upkeep]\n|upkeep\n|\n|t:|1698644839\n|switch|p2a: Miraidon|Miraidon|100\/100\n|-activate|p2a: Miraidon|ability: Hadron Engine\n|turn|15\n|\n|t:|1698644846\n|switch|p1a: Ursaluna|Ursaluna, F|100\/100\n|move|p2a: Miraidon|U-turn|p1a: Ursaluna\n|-damage|p1a: Ursaluna|91\/100\n|\n|t:|1698644848\n|switch|p2a: Zacian|Zacian-Crowned|100\/100|[from] U-turn\n|-ability|p2a: Zacian|Intrepid Sword|boost\n|-boost|p2a: Zacian|atk|1\n|\n|-weather|RainDance|[upkeep]\n|-fieldend|move: Electric Terrain\n|upkeep\n|turn|16\n|\n|t:|1698644852\n|-terastallize|p2a: Zacian|Flying\n|move|p2a: Zacian|Swords Dance|p2a: Zacian\n|-boost|p2a: Zacian|atk|2\n|move|p1a: Ursaluna|Earthquake|p2a: Zacian\n|-immune|p2a: Zacian\n|\n|-weather|RainDance|[upkeep]\n|upkeep\n|turn|17\n|\n|t:|1698644858\n|move|p2a: Zacian|Behemoth Blade|p1a: Ursaluna\n|-damage|p1a: Ursaluna|0 fnt\n|faint|p1a: Ursaluna\n|\n|-weather|none\n|upkeep\n|\n|t:|1698644862\n|switch|p1a: Kyogre|Kyogre, tera:Water|100\/100\n|-weather|RainDance|[from] ability: Drizzle|[of] p1a: Kyogre\n|turn|18\n|\n|t:|1698644865\n|switch|p2a: Miraidon|Miraidon|100\/100\n|-fieldstart|move: Electric Terrain|[from] ability: Hadron Engine|[of] p2a: Miraidon\n|move|p1a: Kyogre|Water Spout|p2a: Miraidon\n|-resisted|p2a: Miraidon\n|-damage|p2a: Miraidon|30\/100\n|\n|-weather|RainDance|[upkeep]\n|-sideend|p1: inertialinitiative|move: Light Screen\n|upkeep\n|turn|19\n|\n|t:|1698644872\n|switch|p1a: Koraidon|Koraidon|100\/100\n|-weather|SunnyDay|[from] ability: Orichalcum Pulse|[of] p1a: Koraidon\n|-activate|p1a: Koraidon|Orichalcum Pulse|[source]\n|move|p2a: Miraidon|Electro Drift|p1a: Koraidon\n|-resisted|p1a: Koraidon\n|-damage|p1a: Koraidon|52\/100\n|\n|-weather|SunnyDay|[upkeep]\n|-heal|p1a: Koraidon|58\/100|[from] item: Leftovers\n|upkeep\n|turn|20\n|\n|t:|1698644877\n|switch|p2a: Skeledirge|Skeledirge, F|100\/100\n|move|p1a: Koraidon|Scale Shot|p2a: Skeledirge\n|-damage|p2a: Skeledirge|89\/100\n|-damage|p2a: Skeledirge|78\/100\n|-damage|p2a: Skeledirge|68\/100\n|-damage|p2a: Skeledirge|58\/100\n|-hitcount|p2a: Skeledirge|4\n|-unboost|p1a: Koraidon|def|1\n|-boost|p1a: Koraidon|spe|1\n|\n|-weather|SunnyDay|[upkeep]\n|-heal|p1a: Koraidon|64\/100|[from] item: Leftovers\n|upkeep\n|turn|21\n|\n|t:|1698644888\n|move|p1a: Koraidon|Scale Shot|p2a: Skeledirge\n|-damage|p2a: Skeledirge|47\/100\n|-damage|p2a: Skeledirge|36\/100\n|-damage|p2a: Skeledirge|25\/100\n|-damage|p2a: Skeledirge|14\/100\n|-damage|p2a: Skeledirge|2\/100\n|-hitcount|p2a: Skeledirge|5\n|-unboost|p1a: Koraidon|def|1\n|-boost|p1a: Koraidon|spe|1\n|move|p2a: Skeledirge|Hex|p1a: Koraidon\n|-damage|p1a: Koraidon|39\/100\n|\n|-weather|SunnyDay|[upkeep]\n|-heal|p1a: Koraidon|45\/100|[from] item: Leftovers\n|upkeep\n|turn|22\n|\n|t:|1698644904\n|move|p1a: Koraidon|Iron Head|p2a: Skeledirge\n|-resisted|p2a: Skeledirge\n|-damage|p2a: Skeledirge|0 fnt\n|faint|p2a: Skeledirge\n|\n|-weather|SunnyDay|[upkeep]\n|-heal|p1a: Koraidon|51\/100|[from] item: Leftovers\n|-fieldend|move: Electric Terrain\n|upkeep\n|\n|t:|1698644906\n|switch|p2a: Zacian|Zacian-Crowned, tera:Flying|100\/100\n|turn|23\n|\n|t:|1698644910\n|switch|p1a: Kyogre|Kyogre, tera:Water|100\/100\n|-weather|RainDance|[from] ability: Drizzle|[of] p1a: Kyogre\n|move|p2a: Zacian|Behemoth Blade|p1a: Kyogre\n|-resisted|p1a: Kyogre\n|-damage|p1a: Kyogre|70\/100\n|\n|-weather|RainDance|[upkeep]\n|upkeep\n|turn|24\n|\n|t:|1698644916\n|move|p1a: Kyogre|Water Spout|p2a: Zacian\n|-damage|p2a: Zacian|0 fnt\n|faint|p2a: Zacian\n|\n|-weather|RainDance|[upkeep]\n|upkeep\n|\n|t:|1698644919\n|switch|p2a: Miraidon|Miraidon|30\/100\n|-fieldstart|move: Electric Terrain|[from] ability: Hadron Engine|[of] p2a: Miraidon\n|turn|25\n|\n|t:|1698644921\n|move|p2a: Miraidon|Electro Drift|p1a: Kyogre\n|-supereffective|p1a: Kyogre\n|-damage|p1a: Kyogre|0 fnt\n|faint|p1a: Kyogre\n|\n|-weather|RainDance|[upkeep]\n|upkeep\n|\n|t:|1698644923\n|switch|p1a: Grimmsnarl|Grimmsnarl, M|82\/100 brn\n|turn|26\n|\n|t:|1698644925\n|move|p1a: Grimmsnarl|Light Screen|p1a: Grimmsnarl\n|-sidestart|p1: inertialinitiative|move: Light Screen\n|move|p2a: Miraidon|Electro Drift|p1a: Grimmsnarl\n|-damage|p1a: Grimmsnarl|45\/100 brn\n|\n|-weather|RainDance|[upkeep]\n|-damage|p1a: Grimmsnarl|39\/100 brn|[from] brn\n|upkeep\n|turn|27\n|\n|t:|1698644928\n|move|p1a: Grimmsnarl|Light Screen||[still]\n|-fail|p1a: Grimmsnarl\n|move|p2a: Miraidon|Electro Drift|p1a: Grimmsnarl\n|-damage|p1a: Grimmsnarl|2\/100 brn\n|\n|-weather|none\n|-damage|p1a: Grimmsnarl|0 fnt|[from] brn\n|faint|p1a: Grimmsnarl\n|upkeep\n|\n|t:|1698644930\n|switch|p1a: Koraidon|Koraidon|51\/100\n|-weather|SunnyDay|[from] ability: Orichalcum Pulse|[of] p1a: Koraidon\n|-activate|p1a: Koraidon|Orichalcum Pulse|[source]\n|turn|28\n|\n|t:|1698644932\n|move|p2a: Miraidon|Electro Drift|p1a: Koraidon\n|-resisted|p1a: Koraidon\n|-damage|p1a: Koraidon|28\/100\n|move|p1a: Koraidon|Collision Course|p2a: Miraidon\n|-damage|p2a: Miraidon|0 fnt\n|faint|p2a: Miraidon\n|\n|win|inertialinitiative\n|n|\u2606inertialinitiative|inertialinitiative\n|n|\u2606Troutinspace|troutinspace\n|n|*Lady Monita \u263d|ladymonita\n","uploadtime":1698644933,"views":19,"p1id":"inertialinitiative","p2id":"troutinspace","formatid":"gen9ubers","rating":0,"private":0,"password":""}