{"id":"gen9ubers-1973947041","p1":"navigator16","p2":"raviolee7","format":"[Gen 9] Ubers","log":"|j|\u2606navigator16\n|j|\u2606raviolee7\n|t:|1698031492\n|gametype|singles\n|player|p1|navigator16|1|\n|player|p2|raviolee7|101|\n|teamsize|p1|6\n|teamsize|p2|6\n|gen|9\n|tier|[Gen 9] Ubers\n|rule|Sleep Clause Mod: Limit one foe put to sleep\n|rule|Species Clause: Limit one of each Pok\u00e9mon\n|rule|OHKO Clause: OHKO moves are banned\n|rule|Evasion Items Clause: Evasion items are banned\n|rule|Evasion Moves Clause: Evasion moves are banned\n|rule|Endless Battle Clause: Forcing endless battles is banned\n|rule|HP Percentage Mod: HP is shown in percentages\n|clearpoke\n|poke|p1|Ninetales-Alola, F|\n|poke|p1|Ogerpon-Wellspring, F|\n|poke|p1|Ursaluna-Bloodmoon, M|\n|poke|p1|Gholdengo|\n|poke|p1|Samurott-Hisui, M|\n|poke|p1|Electrode|\n|poke|p2|Garganacl, M|\n|poke|p2|Toxapex, M|\n|poke|p2|Tornadus-Therian, M|\n|poke|p2|Umbreon, M|\n|poke|p2|Lilligant-Hisui, F|\n|poke|p2|Hoopa-Unbound|\n|teampreview\n|\n|t:|1698031533\n|start\n|switch|p1a: Gholdengo|Gholdengo|100\/100\n|switch|p2a: Umbreon|Umbreon, M|100\/100\n|turn|1\n|\n|t:|1698031544\n|move|p1a: Gholdengo|Trick|p2a: Umbreon\n|-activate|p1a: Gholdengo|move: Trick|[of] p2a: Umbreon\n|-item|p2a: Umbreon|Choice Specs|[from] move: Trick\n|-item|p1a: Gholdengo|Leftovers|[from] move: Trick\n|move|p2a: Umbreon|Curse|p2a: Umbreon\n|-unboost|p2a: Umbreon|spe|1\n|-boost|p2a: Umbreon|atk|1\n|-boost|p2a: Umbreon|def|1\n|\n|upkeep\n|turn|2\n|\n|t:|1698031558\n|switch|p2a: Hoopa|Hoopa-Unbound|100\/100\n|move|p1a: Gholdengo|Make It Rain|p2a: Hoopa\n|-damage|p2a: Hoopa|40\/100\n|-unboost|p1a: Gholdengo|spa|1\n|\n|upkeep\n|turn|3\n|\n|t:|1698031572\n|switch|p1a: Ninetales|Ninetales-Alola, F|100\/100\n|-weather|Snow|[from] ability: Snow Warning|[of] p1a: Ninetales\n|move|p2a: Hoopa|Dark Pulse|p1a: Ninetales\n|-resisted|p1a: Ninetales\n|-damage|p1a: Ninetales|63\/100\n|\n|-weather|Snow|[upkeep]\n|upkeep\n|turn|4\n|\n|t:|1698031585\n|switch|p2a: Garganacl|Garganacl, M|100\/100\n|move|p1a: Ninetales|Aurora Veil|p1a: Ninetales\n|-sidestart|p1: navigator16|move: Aurora Veil\n|\n|-weather|Snow|[upkeep]\n|upkeep\n|turn|5\n|\n|t:|1698031603\n|switch|p1a: Gholdengo|Gholdengo|100\/100\n|move|p2a: Garganacl|Iron Defense|p2a: Garganacl\n|-boost|p2a: Garganacl|def|2\n|\n|-weather|Snow|[upkeep]\n|upkeep\n|turn|6\n|\n|t:|1698031613\n|switch|p2a: Umbreon|Umbreon, M|100\/100\n|move|p1a: Gholdengo|Make It Rain|p2a: Umbreon\n|-damage|p2a: Umbreon|63\/100\n|-unboost|p1a: Gholdengo|spa|1\n|\n|-weather|Snow|[upkeep]\n|upkeep\n|turn|7\n|\n|t:|1698031630\n|switch|p1a: Ninetales|Ninetales-Alola, F|63\/100\n|switch|p2a: Hoopa|Hoopa-Unbound|40\/100\n|\n|-weather|none\n|upkeep\n|turn|8\n|\n|t:|1698031642\n|move|p1a: Ninetales|Moonblast|p2a: Hoopa\n|-supereffective|p2a: Hoopa\n|-damage|p2a: Hoopa|0 fnt\n|faint|p2a: Hoopa\n|\n|upkeep\n|j| PrimeMetal\n|\n|t:|1698031653\n|switch|p2a: Garganacl|Garganacl, M|100\/100\n|turn|9\n|\n|t:|1698031662\n|move|p1a: Ninetales|Moonblast|p2a: Garganacl\n|-damage|p2a: Garganacl|83\/100\n|-unboost|p2a: Garganacl|spa|1\n|move|p2a: Garganacl|Salt Cure|p1a: Ninetales\n|-supereffective|p1a: Ninetales\n|-damage|p1a: Ninetales|47\/100\n|-start|p1a: Ninetales|Salt Cure\n|\n|-heal|p2a: Garganacl|89\/100|[from] item: Leftovers\n|-damage|p1a: Ninetales|35\/100|[from] Salt Cure\n|upkeep\n|turn|10\n|\n|t:|1698031672\n|switch|p1a: Gholdengo|Gholdengo|100\/100\n|move|p2a: Garganacl|Salt Cure|p1a: Gholdengo\n|-resisted|p1a: Gholdengo\n|-damage|p1a: Gholdengo|97\/100\n|-start|p1a: Gholdengo|Salt Cure\n|\n|-heal|p1a: Gholdengo|100\/100|[from] item: Leftovers\n|-heal|p2a: Garganacl|95\/100|[from] item: Leftovers\n|-damage|p1a: Gholdengo|76\/100|[from] Salt Cure\n|upkeep\n|turn|11\n|l| PrimeMetal\n|\n|t:|1698031683\n|move|p1a: Gholdengo|Make It Rain|p2a: Garganacl\n|-supereffective|p2a: Garganacl\n|-damage|p2a: Garganacl|4\/100\n|-unboost|p1a: Gholdengo|spa|1\n|move|p2a: Garganacl|Recover|p2a: Garganacl\n|-heal|p2a: Garganacl|54\/100\n|\n|-heal|p1a: Gholdengo|82\/100|[from] item: Leftovers\n|-heal|p2a: Garganacl|60\/100|[from] item: Leftovers\n|-damage|p1a: Gholdengo|57\/100|[from] Salt Cure\n|-sideend|p1: navigator16|move: Aurora Veil\n|upkeep\n|turn|12\n|\n|t:|1698031697\n|move|p1a: Gholdengo|Make It Rain|p2a: Garganacl\n|-supereffective|p2a: Garganacl\n|-damage|p2a: Garganacl|2\/100\n|-unboost|p1a: Gholdengo|spa|1\n|move|p2a: Garganacl|Salt Cure|p1a: Gholdengo\n|-resisted|p1a: Gholdengo\n|-damage|p1a: Gholdengo|49\/100\n|\n|-heal|p1a: Gholdengo|55\/100|[from] item: Leftovers\n|-heal|p2a: Garganacl|8\/100|[from] item: Leftovers\n|-damage|p1a: Gholdengo|31\/100|[from] Salt Cure\n|upkeep\n|turn|13\n|\n|t:|1698031712\n|move|p1a: Gholdengo|Make It Rain|p2a: Garganacl\n|-supereffective|p2a: Garganacl\n|-damage|p2a: Garganacl|0 fnt\n|-unboost|p1a: Gholdengo|spa|1\n|faint|p2a: Garganacl\n|\n|-heal|p1a: Gholdengo|37\/100|[from] item: Leftovers\n|-damage|p1a: Gholdengo|12\/100|[from] Salt Cure\n|upkeep\n|\n|t:|1698031726\n|switch|p2a: Tornadus|Tornadus-Therian, M|100\/100\n|turn|14\n|\n|t:|1698031740\n|move|p2a: Tornadus|U-turn|p1a: Gholdengo\n|-resisted|p1a: Gholdengo\n|-damage|p1a: Gholdengo|8\/100\n|\n|t:|1698031745\n|switch|p2a: Umbreon|Umbreon, M|63\/100|[from] U-turn\n|move|p1a: Gholdengo|Trick|p2a: Umbreon\n|-activate|p1a: Gholdengo|move: Trick|[of] p2a: Umbreon\n|-item|p2a: Umbreon|Leftovers|[from] move: Trick\n|-item|p1a: Gholdengo|Choice Specs|[from] move: Trick\n|\n|-heal|p2a: Umbreon|69\/100|[from] item: Leftovers\n|-damage|p1a: Gholdengo|0 fnt|[from] Salt Cure\n|faint|p1a: Gholdengo\n|upkeep\n|\n|t:|1698031762\n|switch|p1a: Ninetales|Ninetales-Alola, F|35\/100\n|-weather|Snow|[from] ability: Snow Warning|[of] p1a: Ninetales\n|turn|15\n|\n|t:|1698031772\n|move|p1a: Ninetales|Aurora Veil|p1a: Ninetales\n|-sidestart|p1: navigator16|move: Aurora Veil\n|move|p2a: Umbreon|Curse|p2a: Umbreon\n|-unboost|p2a: Umbreon|spe|1\n|-boost|p2a: Umbreon|atk|1\n|-boost|p2a: Umbreon|def|1\n|\n|-weather|Snow|[upkeep]\n|-heal|p2a: Umbreon|75\/100|[from] item: Leftovers\n|upkeep\n|turn|16\n|\n|t:|1698031784\n|move|p1a: Ninetales|Encore|p2a: Umbreon\n|-start|p2a: Umbreon|Encore\n|move|p2a: Umbreon|Curse|p2a: Umbreon\n|-unboost|p2a: Umbreon|spe|1\n|-boost|p2a: Umbreon|atk|1\n|-boost|p2a: Umbreon|def|1\n|\n|-weather|Snow|[upkeep]\n|-heal|p2a: Umbreon|81\/100|[from] item: Leftovers\n|upkeep\n|turn|17\n|\n|t:|1698031792\n|move|p1a: Ninetales|Moonblast|p2a: Umbreon\n|-supereffective|p2a: Umbreon\n|-damage|p2a: Umbreon|51\/100\n|move|p2a: Umbreon|Curse|p2a: Umbreon\n|-unboost|p2a: Umbreon|spe|1\n|-boost|p2a: Umbreon|atk|1\n|-boost|p2a: Umbreon|def|1\n|\n|-weather|Snow|[upkeep]\n|-heal|p2a: Umbreon|57\/100|[from] item: Leftovers\n|upkeep\n|turn|18\n|\n|t:|1698031804\n|switch|p2a: Toxapex|Toxapex, M|100\/100\n|move|p1a: Ninetales|Moonblast|p2a: Toxapex\n|-resisted|p2a: Toxapex\n|-damage|p2a: Toxapex|89\/100\n|\n|-weather|Snow|[upkeep]\n|-heal|p2a: Toxapex|95\/100|[from] item: Leftovers\n|upkeep\n|turn|19\n|\n|t:|1698031814\n|move|p1a: Ninetales|Freeze-Dry|p2a: Toxapex\n|-supereffective|p2a: Toxapex\n|-damage|p2a: Toxapex|60\/100\n|move|p2a: Toxapex|Surf|p1a: Ninetales\n|-damage|p1a: Ninetales|26\/100\n|\n|-weather|none\n|-heal|p2a: Toxapex|66\/100|[from] item: Leftovers\n|upkeep\n|turn|20\n|\n|t:|1698031831\n|move|p1a: Ninetales|Encore|p2a: Toxapex\n|-start|p2a: Toxapex|Encore\n|move|p2a: Toxapex|Surf|p1a: Ninetales\n|-damage|p1a: Ninetales|16\/100\n|\n|-heal|p2a: Toxapex|72\/100|[from] item: Leftovers\n|upkeep\n|turn|21\n|\n|t:|1698031841\n|switch|p1a: Electrode|Electrode|100\/100\n|move|p2a: Toxapex|Surf|p1a: Electrode\n|-damage|p1a: Electrode|86\/100\n|\n|-heal|p2a: Toxapex|78\/100|[from] item: Leftovers\n|upkeep\n|turn|22\n|\n|t:|1698031848\n|switch|p2a: Umbreon|Umbreon, M|57\/100\n|move|p1a: Electrode|Volt Switch|p2a: Umbreon\n|-damage|p2a: Umbreon|42\/100\n|\n|t:|1698031863\n|switch|p1a: Ogerpon|Ogerpon-Wellspring, F|100\/100|[from] Volt Switch\n|\n|-heal|p2a: Umbreon|48\/100|[from] item: Leftovers\n|-sideend|p1: navigator16|move: Aurora Veil\n|upkeep\n|turn|23\n|\n|t:|1698031874\n|move|p1a: Ogerpon|Ivy Cudgel|p2a: Umbreon\n|-damage|p2a: Umbreon|0 fnt\n|faint|p2a: Umbreon\n|\n|upkeep\n|\n|t:|1698031878\n|switch|p2a: Tornadus|Tornadus-Therian, M|100\/100\n|turn|24\n|\n|t:|1698031899\n|switch|p1a: Ursaluna|Ursaluna-Bloodmoon, M|100\/100\n|move|p2a: Tornadus|U-turn|p1a: Ursaluna\n|-damage|p1a: Ursaluna|90\/100\n|\n|t:|1698031906\n|switch|p2a: Lilligant|Lilligant-Hisui, F|100\/100|[from] U-turn\n|\n|upkeep\n|turn|25\n|\n|t:|1698031929\n|move|p2a: Lilligant|Victory Dance|p2a: Lilligant\n|-boost|p2a: Lilligant|atk|1\n|-boost|p2a: Lilligant|def|1\n|-boost|p2a: Lilligant|spe|1\n|move|p1a: Ursaluna|Blood Moon|p2a: Lilligant\n|-damage|p2a: Lilligant|0 fnt\n|faint|p2a: Lilligant\n|\n|upkeep\n|c|\u2606raviolee7|gg\n|-message|raviolee7 forfeited.\n|c|\u2606navigator16|gg\n|\n|win|navigator16\n","uploadtime":1698031945,"views":18,"p1id":"navigator16","p2id":"raviolee7","formatid":"gen9ubers","rating":0,"private":0,"password":""}