{"id":"gen9ubers-1997239064","p1":"rei_Arthur_Rei","p2":"hahahhha","format":"[Gen 9] Ubers","log":"|j|\u2606rei_Arthur_Rei\n|j|\u2606hahahhha\n|t:|1700779127\n|gametype|singles\n|player|p1|rei_Arthur_Rei|steven|1163\n|player|p2|hahahhha|2|1123\n|teamsize|p1|6\n|teamsize|p2|6\n|gen|9\n|tier|[Gen 9] Ubers\n|rated|\n|rule|Sleep Clause Mod: Limit one foe put to sleep\n|rule|Species Clause: Limit one of each Pok\u00e9mon\n|rule|OHKO Clause: OHKO moves are banned\n|rule|Evasion Items Clause: Evasion items are banned\n|rule|Evasion Moves Clause: Evasion moves are banned\n|rule|Endless Battle Clause: Forcing endless battles is banned\n|rule|HP Percentage Mod: HP is shown in percentages\n|clearpoke\n|poke|p1|Glimmora, M|\n|poke|p1|Amoonguss, F|\n|poke|p1|Goodra-Hisui, F|\n|poke|p1|Hatterene, F|\n|poke|p1|Dondozo, M|\n|poke|p1|Zacian-*|\n|poke|p2|Dragonite, M|\n|poke|p2|Gliscor, F|\n|poke|p2|Heatran, F|\n|poke|p2|Flutter Mane|\n|poke|p2|Ursaluna-Bloodmoon, M|\n|poke|p2|Ogerpon-Hearthflame, F|\n|teampreview\n|\n|t:|1700779139\n|start\n|switch|p1a: ??????|Glimmora, M, shiny|100\/100\n|switch|p2a: Ursaluna|Ursaluna-Bloodmoon, M|100\/100\n|turn|1\n|\n|t:|1700779167\n|move|p1a: ??????|Stealth Rock|p2a: Ursaluna\n|-sidestart|p2: hahahhha|move: Stealth Rock\n|move|p2a: Ursaluna|Earth Power|p1a: ??????\n|-supereffective|p1a: ??????\n|-enditem|p1a: ??????|Focus Sash\n|-damage|p1a: ??????|1\/100\n|\n|upkeep\n|turn|2\n|\n|t:|1700779176\n|move|p2a: Ursaluna|Vacuum Wave|p1a: ??????\n|-damage|p1a: ??????|0 fnt\n|faint|p1a: ??????\n|\n|upkeep\n|\n|t:|1700779201\n|switch|p1a: Amoonguss|Amoonguss, F, shiny|100\/100\n|turn|3\n|\n|t:|1700779209\n|switch|p2a: Ogerpon|Ogerpon-Hearthflame, F|100\/100\n|-damage|p2a: Ogerpon|76\/100|[from] Stealth Rock\n|-ability|p2a: Ogerpon|Mold Breaker\n|-terastallize|p1a: Amoonguss|Grass\n|move|p1a: Amoonguss|Spore|p2a: Ogerpon\n|-immune|p2a: Ogerpon\n|\n|upkeep\n|turn|4\n|\n|t:|1700779223\n|move|p2a: Ogerpon|Ivy Cudgel|p1a: Amoonguss|[anim] Ivy Cudgel Fire\n|-supereffective|p1a: Amoonguss\n|-damage|p1a: Amoonguss|9\/100\n|move|p1a: Amoonguss|Sludge Bomb|p2a: Ogerpon\n|-supereffective|p2a: Ogerpon\n|-damage|p2a: Ogerpon|11\/100\n|-status|p2a: Ogerpon|psn\n|\n|-damage|p2a: Ogerpon|0 fnt|[from] psn\n|faint|p2a: Ogerpon\n|upkeep\n|\n|t:|1700779239\n|switch|p2a: Dragonite|Dragonite, M|100\/100\n|-damage|p2a: Dragonite|76\/100|[from] Stealth Rock\n|turn|5\n|\n|t:|1700779245\n|move|p2a: Dragonite|Extreme Speed|p1a: Amoonguss\n|-damage|p1a: Amoonguss|0 fnt\n|-damage|p2a: Dragonite|59\/100|[from] item: Rocky Helmet|[of] p1a: Amoonguss\n|faint|p1a: Amoonguss\n|\n|upkeep\n|\n|t:|1700779256\n|switch|p1a: bruxa|Hatterene, F, shiny|100\/100\n|turn|6\n|\n|t:|1700779263\n|-terastallize|p2a: Dragonite|Normal\n|move|p2a: Dragonite|Dragon Dance|p2a: Dragonite\n|-boost|p2a: Dragonite|atk|1\n|-boost|p2a: Dragonite|spe|1\n|move|p1a: bruxa|Calm Mind|p1a: bruxa\n|-boost|p1a: bruxa|spa|1\n|-boost|p1a: bruxa|spd|1\n|\n|upkeep\n|turn|7\n|\n|t:|1700779278\n|switch|p1a: Baleia azul|Dondozo, M, shiny|100\/100\n|move|p2a: Dragonite|Iron Head|p1a: Baleia azul\n|-resisted|p1a: Baleia azul\n|-damage|p1a: Baleia azul|93\/100\n|\n|-heal|p1a: Baleia azul|99\/100|[from] item: Leftovers\n|upkeep\n|turn|8\n|\n|t:|1700779289\n|move|p2a: Dragonite|Extreme Speed|p1a: Baleia azul\n|-damage|p1a: Baleia azul|79\/100\n|move|p1a: Baleia azul|Curse|p1a: Baleia azul\n|-unboost|p1a: Baleia azul|spe|1\n|-boost|p1a: Baleia azul|atk|1\n|-boost|p1a: Baleia azul|def|1\n|\n|-heal|p1a: Baleia azul|85\/100|[from] item: Leftovers\n|upkeep\n|turn|9\n|\n|t:|1700779302\n|switch|p2a: Gliscor|Gliscor, F, shiny|100\/100\n|-damage|p2a: Gliscor|88\/100|[from] Stealth Rock\n|move|p1a: Baleia azul|Curse|p1a: Baleia azul\n|-unboost|p1a: Baleia azul|spe|1\n|-boost|p1a: Baleia azul|atk|1\n|-boost|p1a: Baleia azul|def|1\n|\n|-heal|p1a: Baleia azul|92\/100|[from] item: Leftovers\n|-status|p2a: Gliscor|tox|[from] item: Toxic Orb\n|upkeep\n|turn|10\n|\n|t:|1700779354\n|move|p2a: Gliscor|Toxic|p1a: Baleia azul|[miss]\n|-miss|p2a: Gliscor|p1a: Baleia azul\n|move|p1a: Baleia azul|Liquidation|p2a: Gliscor\n|-supereffective|p2a: Gliscor\n|-damage|p2a: Gliscor|24\/100 tox\n|\n|-heal|p1a: Baleia azul|98\/100|[from] item: Leftovers\n|-heal|p2a: Gliscor|36\/100 tox|[from] ability: Poison Heal\n|upkeep\n|turn|11\n|\n|t:|1700779378\n|move|p2a: Gliscor|Substitute|p2a: Gliscor\n|-start|p2a: Gliscor|Substitute\n|-damage|p2a: Gliscor|11\/100 tox\n|move|p1a: Baleia azul|Curse|p1a: Baleia azul\n|-unboost|p1a: Baleia azul|spe|1\n|-boost|p1a: Baleia azul|atk|1\n|-boost|p1a: Baleia azul|def|1\n|\n|-heal|p1a: Baleia azul|100\/100|[from] item: Leftovers\n|-heal|p2a: Gliscor|24\/100 tox|[from] ability: Poison Heal\n|upkeep\n|turn|12\n|\n|t:|1700779387\n|move|p2a: Gliscor|Protect|p2a: Gliscor\n|-singleturn|p2a: Gliscor|Protect\n|move|p1a: Baleia azul|Liquidation|p2a: Gliscor\n|-activate|p2a: Gliscor|move: Protect\n|\n|-heal|p2a: Gliscor|36\/100 tox|[from] ability: Poison Heal\n|upkeep\n|turn|13\n|\n|t:|1700779395\n|move|p2a: Gliscor|Toxic|p1a: Baleia azul\n|-status|p1a: Baleia azul|tox\n|move|p1a: Baleia azul|Liquidation|p2a: Gliscor\n|-supereffective|p2a: Gliscor\n|-end|p2a: Gliscor|Substitute\n|\n|-heal|p2a: Gliscor|49\/100 tox|[from] ability: Poison Heal\n|-damage|p1a: Baleia azul|94\/100 tox|[from] psn\n|upkeep\n|turn|14\n|\n|t:|1700779406\n|move|p2a: Gliscor|Protect|p2a: Gliscor\n|-singleturn|p2a: Gliscor|Protect\n|move|p1a: Baleia azul|Liquidation|p2a: Gliscor\n|-activate|p2a: Gliscor|move: Protect\n|\n|-heal|p1a: Baleia azul|100\/100 tox|[from] item: Leftovers\n|-heal|p2a: Gliscor|61\/100 tox|[from] ability: Poison Heal\n|-damage|p1a: Baleia azul|88\/100 tox|[from] psn\n|upkeep\n|turn|15\n|\n|t:|1700779415\n|move|p2a: Gliscor|Substitute|p2a: Gliscor\n|-start|p2a: Gliscor|Substitute\n|-damage|p2a: Gliscor|36\/100 tox\n|move|p1a: Baleia azul|Liquidation|p2a: Gliscor\n|-supereffective|p2a: Gliscor\n|-end|p2a: Gliscor|Substitute\n|\n|-heal|p1a: Baleia azul|94\/100 tox|[from] item: Leftovers\n|-heal|p2a: Gliscor|49\/100 tox|[from] ability: Poison Heal\n|-damage|p1a: Baleia azul|76\/100 tox|[from] psn\n|upkeep\n|turn|16\n|\n|t:|1700779427\n|move|p2a: Gliscor|Protect|p2a: Gliscor\n|-singleturn|p2a: Gliscor|Protect\n|move|p1a: Baleia azul|Curse|p1a: Baleia azul\n|-unboost|p1a: Baleia azul|spe|1\n|-boost|p1a: Baleia azul|atk|1\n|-boost|p1a: Baleia azul|def|1\n|\n|-heal|p1a: Baleia azul|82\/100 tox|[from] item: Leftovers\n|-heal|p2a: Gliscor|61\/100 tox|[from] ability: Poison Heal\n|-damage|p1a: Baleia azul|57\/100 tox|[from] psn\n|upkeep\n|turn|17\n|\n|t:|1700779447\n|move|p2a: Gliscor|Substitute|p2a: Gliscor\n|-start|p2a: Gliscor|Substitute\n|-damage|p2a: Gliscor|36\/100 tox\n|move|p1a: Baleia azul|Curse|p1a: Baleia azul\n|-unboost|p1a: Baleia azul|spe|1\n|-boost|p1a: Baleia azul|atk|1\n|-boost|p1a: Baleia azul|def|1\n|\n|-heal|p1a: Baleia azul|64\/100 tox|[from] item: Leftovers\n|-heal|p2a: Gliscor|49\/100 tox|[from] ability: Poison Heal\n|-damage|p1a: Baleia azul|33\/100 tox|[from] psn\n|upkeep\n|turn|18\n|\n|t:|1700779457\n|move|p2a: Gliscor|Protect|p2a: Gliscor\n|-singleturn|p2a: Gliscor|Protect\n|move|p1a: Baleia azul|Rest|p1a: Baleia azul\n|-status|p1a: Baleia azul|slp|[from] move: Rest\n|-heal|p1a: Baleia azul|100\/100 slp|[silent]\n|\n|-heal|p2a: Gliscor|61\/100 tox|[from] ability: Poison Heal\n|upkeep\n|turn|19\n|\n|t:|1700779466\n|move|p2a: Gliscor|Toxic||[still]\n|-fail|p2a: Gliscor\n|cant|p1a: Baleia azul|slp\n|move|p1a: Baleia azul|Sleep Talk|p1a: Baleia azul\n|move|p1a: Baleia azul|Liquidation|p2a: Gliscor|[from]move: Sleep Talk\n|-supereffective|p2a: Gliscor\n|-end|p2a: Gliscor|Substitute\n|\n|-heal|p2a: Gliscor|73\/100 tox|[from] ability: Poison Heal\n|upkeep\n|turn|20\n|\n|t:|1700779475\n|move|p2a: Gliscor|Substitute|p2a: Gliscor\n|-start|p2a: Gliscor|Substitute\n|-damage|p2a: Gliscor|49\/100 tox\n|cant|p1a: Baleia azul|slp\n|move|p1a: Baleia azul|Sleep Talk|p1a: Baleia azul\n|move|p1a: Baleia azul|Rest||[from]move: Sleep Talk|[still]\n|-fail|p1a: Baleia azul\n|\n|-heal|p2a: Gliscor|61\/100 tox|[from] ability: Poison Heal\n|upkeep\n|turn|21\n|\n|t:|1700779490\n|move|p2a: Gliscor|Earthquake|p1a: Baleia azul\n|-damage|p1a: Baleia azul|96\/100 slp\n|-curestatus|p1a: Baleia azul|slp|[msg]\n|move|p1a: Baleia azul|Sleep Talk||[still]\n|-fail|p1a: Baleia azul\n|\n|-heal|p1a: Baleia azul|100\/100|[from] item: Leftovers\n|-heal|p2a: Gliscor|73\/100 tox|[from] ability: Poison Heal\n|upkeep\n|turn|22\n|\n|t:|1700779500\n|move|p2a: Gliscor|Toxic|p1a: Baleia azul\n|-status|p1a: Baleia azul|tox\n|move|p1a: Baleia azul|Sleep Talk||[still]\n|-fail|p1a: Baleia azul\n|\n|-heal|p2a: Gliscor|86\/100 tox|[from] ability: Poison Heal\n|-damage|p1a: Baleia azul|94\/100 tox|[from] psn\n|upkeep\n|turn|23\n|\n|t:|1700779511\n|move|p2a: Gliscor|Earthquake|p1a: Baleia azul\n|-damage|p1a: Baleia azul|90\/100 tox\n|move|p1a: Baleia azul|Curse|p1a: Baleia azul\n|-unboost|p1a: Baleia azul|spe|1\n|-boost|p1a: Baleia azul|atk|1\n|-boost|p1a: Baleia azul|def|1\n|\n|-heal|p1a: Baleia azul|96\/100 tox|[from] item: Leftovers\n|-heal|p2a: Gliscor|98\/100 tox|[from] ability: Poison Heal\n|-damage|p1a: Baleia azul|83\/100 tox|[from] psn\n|upkeep\n|turn|24\n|\n|t:|1700779522\n|move|p2a: Gliscor|Earthquake|p1a: Baleia azul\n|-damage|p1a: Baleia azul|80\/100 tox\n|move|p1a: Baleia azul|Liquidation|p2a: Gliscor\n|-supereffective|p2a: Gliscor\n|-end|p2a: Gliscor|Substitute\n|\n|-heal|p1a: Baleia azul|86\/100 tox|[from] item: Leftovers\n|-heal|p2a: Gliscor|100\/100 tox|[from] ability: Poison Heal\n|-damage|p1a: Baleia azul|67\/100 tox|[from] psn\n|upkeep\n|turn|25\n|\n|t:|1700779533\n|move|p2a: Gliscor|Substitute|p2a: Gliscor\n|-start|p2a: Gliscor|Substitute\n|-damage|p2a: Gliscor|76\/100 tox\n|move|p1a: Baleia azul|Liquidation|p2a: Gliscor\n|-supereffective|p2a: Gliscor\n|-end|p2a: Gliscor|Substitute\n|\n|-heal|p1a: Baleia azul|74\/100 tox|[from] item: Leftovers\n|-heal|p2a: Gliscor|88\/100 tox|[from] ability: Poison Heal\n|-damage|p1a: Baleia azul|49\/100 tox|[from] psn\n|upkeep\n|turn|26\n|\n|t:|1700779543\n|move|p2a: Gliscor|Protect|p2a: Gliscor\n|-singleturn|p2a: Gliscor|Protect\n|move|p1a: Baleia azul|Rest|p1a: Baleia azul\n|-status|p1a: Baleia azul|slp|[from] move: Rest\n|-heal|p1a: Baleia azul|100\/100 slp|[silent]\n|\n|-heal|p2a: Gliscor|100\/100 tox|[from] ability: Poison Heal\n|upkeep\n|turn|27\n|\n|t:|1700779551\n|move|p2a: Gliscor|Substitute|p2a: Gliscor\n|-start|p2a: Gliscor|Substitute\n|-damage|p2a: Gliscor|76\/100 tox\n|cant|p1a: Baleia azul|slp\n|move|p1a: Baleia azul|Sleep Talk|p1a: Baleia azul\n|move|p1a: Baleia azul|Liquidation|p2a: Gliscor|[from]move: Sleep Talk\n|-supereffective|p2a: Gliscor\n|-end|p2a: Gliscor|Substitute\n|\n|-heal|p2a: Gliscor|88\/100 tox|[from] ability: Poison Heal\n|upkeep\n|turn|28\n|\n|t:|1700779563\n|move|p2a: Gliscor|Substitute|p2a: Gliscor\n|-start|p2a: Gliscor|Substitute\n|-damage|p2a: Gliscor|63\/100 tox\n|cant|p1a: Baleia azul|slp\n|move|p1a: Baleia azul|Sleep Talk|p1a: Baleia azul\n|move|p1a: Baleia azul|Rest||[from]move: Sleep Talk|[still]\n|-fail|p1a: Baleia azul\n|\n|-heal|p2a: Gliscor|76\/100 tox|[from] ability: Poison Heal\n|upkeep\n|turn|29\n|\n|t:|1700779572\n|move|p2a: Gliscor|Earthquake|p1a: Baleia azul\n|-damage|p1a: Baleia azul|96\/100 slp\n|-curestatus|p1a: Baleia azul|slp|[msg]\n|move|p1a: Baleia azul|Sleep Talk||[still]\n|-fail|p1a: Baleia azul\n|\n|-heal|p1a: Baleia azul|100\/100|[from] item: Leftovers\n|-heal|p2a: Gliscor|88\/100 tox|[from] ability: Poison Heal\n|upkeep\n|turn|30\n|\n|t:|1700779583\n|move|p2a: Gliscor|Toxic|p1a: Baleia azul\n|-status|p1a: Baleia azul|tox\n|move|p1a: Baleia azul|Liquidation|p2a: Gliscor\n|-supereffective|p2a: Gliscor\n|-end|p2a: Gliscor|Substitute\n|\n|-heal|p2a: Gliscor|100\/100 tox|[from] ability: Poison Heal\n|-damage|p1a: Baleia azul|94\/100 tox|[from] psn\n|upkeep\n|turn|31\n|\n|t:|1700779591\n|move|p2a: Gliscor|Substitute|p2a: Gliscor\n|-start|p2a: Gliscor|Substitute\n|-damage|p2a: Gliscor|76\/100 tox\n|move|p1a: Baleia azul|Liquidation|p2a: Gliscor\n|-supereffective|p2a: Gliscor\n|-end|p2a: Gliscor|Substitute\n|\n|-heal|p1a: Baleia azul|100\/100 tox|[from] item: Leftovers\n|-heal|p2a: Gliscor|88\/100 tox|[from] ability: Poison Heal\n|-damage|p1a: Baleia azul|88\/100 tox|[from] psn\n|upkeep\n|turn|32\n|\n|t:|1700779601\n|move|p2a: Gliscor|Protect|p2a: Gliscor\n|-singleturn|p2a: Gliscor|Protect\n|move|p1a: Baleia azul|Liquidation|p2a: Gliscor\n|-activate|p2a: Gliscor|move: Protect\n|\n|-heal|p1a: Baleia azul|94\/100 tox|[from] item: Leftovers\n|-heal|p2a: Gliscor|100\/100 tox|[from] ability: Poison Heal\n|-damage|p1a: Baleia azul|76\/100 tox|[from] psn\n|upkeep\n|turn|33\n|\n|t:|1700779611\n|move|p2a: Gliscor|Substitute|p2a: Gliscor\n|-start|p2a: Gliscor|Substitute\n|-damage|p2a: Gliscor|76\/100 tox\n|move|p1a: Baleia azul|Liquidation|p2a: Gliscor\n|-supereffective|p2a: Gliscor\n|-end|p2a: Gliscor|Substitute\n|\n|-heal|p1a: Baleia azul|82\/100 tox|[from] item: Leftovers\n|-heal|p2a: Gliscor|88\/100 tox|[from] ability: Poison Heal\n|-damage|p1a: Baleia azul|57\/100 tox|[from] psn\n|upkeep\n|turn|34\n|\n|t:|1700779624\n|move|p2a: Gliscor|Substitute|p2a: Gliscor\n|-start|p2a: Gliscor|Substitute\n|-damage|p2a: Gliscor|63\/100 tox\n|move|p1a: Baleia azul|Liquidation|p2a: Gliscor\n|-supereffective|p2a: Gliscor\n|-end|p2a: Gliscor|Substitute\n|\n|-heal|p1a: Baleia azul|64\/100 tox|[from] item: Leftovers\n|-heal|p2a: Gliscor|76\/100 tox|[from] ability: Poison Heal\n|-damage|p1a: Baleia azul|33\/100 tox|[from] psn\n|upkeep\n|turn|35\n|\n|t:|1700779636\n|move|p2a: Gliscor|Protect|p2a: Gliscor\n|-singleturn|p2a: Gliscor|Protect\n|move|p1a: Baleia azul|Rest|p1a: Baleia azul\n|-status|p1a: Baleia azul|slp|[from] move: Rest\n|-heal|p1a: Baleia azul|100\/100 slp|[silent]\n|\n|-heal|p2a: Gliscor|88\/100 tox|[from] ability: Poison Heal\n|upkeep\n|turn|36\n|\n|t:|1700779645\n|move|p2a: Gliscor|Substitute|p2a: Gliscor\n|-start|p2a: Gliscor|Substitute\n|-damage|p2a: Gliscor|63\/100 tox\n|cant|p1a: Baleia azul|slp\n|move|p1a: Baleia azul|Sleep Talk|p1a: Baleia azul\n|move|p1a: Baleia azul|Curse|p1a: Baleia azul|[from]move: Sleep Talk\n|\n|-heal|p2a: Gliscor|76\/100 tox|[from] ability: Poison Heal\n|upkeep\n|turn|37\n|\n|t:|1700779670\n|move|p2a: Gliscor|Protect|p2a: Gliscor\n|-singleturn|p2a: Gliscor|Protect\n|cant|p1a: Baleia azul|slp\n|move|p1a: Baleia azul|Sleep Talk|p1a: Baleia azul\n|move|p1a: Baleia azul|Rest||[from]move: Sleep Talk|[still]\n|-fail|p1a: Baleia azul\n|\n|-heal|p2a: Gliscor|88\/100 tox|[from] ability: Poison Heal\n|upkeep\n|turn|38\n|\n|t:|1700779681\n|switch|p1a: caramelo|Zacian-Crowned, shiny|100\/100\n|-ability|p1a: caramelo|Intrepid Sword|boost\n|-boost|p1a: caramelo|atk|1\n|move|p2a: Gliscor|Earthquake|p1a: caramelo\n|-supereffective|p1a: caramelo\n|-damage|p1a: caramelo|43\/100\n|\n|-heal|p2a: Gliscor|100\/100 tox|[from] ability: Poison Heal\n|upkeep\n|turn|39\n|\n|t:|1700779704\n|switch|p1a: Baleia azul|Dondozo, M, shiny|100\/100 slp\n|move|p2a: Gliscor|Earthquake|p1a: Baleia azul\n|-damage|p1a: Baleia azul|86\/100 slp\n|\n|-heal|p1a: Baleia azul|92\/100 slp|[from] item: Leftovers\n|upkeep\n|turn|40\n|\n|t:|1700779713\n|move|p2a: Gliscor|Earthquake|p1a: Baleia azul\n|-crit|p1a: Baleia azul\n|-damage|p1a: Baleia azul|70\/100 slp\n|-curestatus|p1a: Baleia azul|slp|[msg]\n|move|p1a: Baleia azul|Sleep Talk||[still]\n|-fail|p1a: Baleia azul\n|\n|-heal|p1a: Baleia azul|76\/100|[from] item: Leftovers\n|upkeep\n|turn|41\n|\n|t:|1700779722\n|move|p2a: Gliscor|Toxic|p1a: Baleia azul\n|-status|p1a: Baleia azul|tox\n|move|p1a: Baleia azul|Curse|p1a: Baleia azul\n|-unboost|p1a: Baleia azul|spe|1\n|-boost|p1a: Baleia azul|atk|1\n|-boost|p1a: Baleia azul|def|1\n|\n|-heal|p1a: Baleia azul|82\/100 tox|[from] item: Leftovers\n|-damage|p1a: Baleia azul|76\/100 tox|[from] psn\n|upkeep\n|turn|42\n|\n|t:|1700779731\n|move|p2a: Gliscor|Earthquake|p1a: Baleia azul\n|-damage|p1a: Baleia azul|65\/100 tox\n|move|p1a: Baleia azul|Liquidation|p2a: Gliscor\n|-supereffective|p2a: Gliscor\n|-end|p2a: Gliscor|Substitute\n|\n|-heal|p1a: Baleia azul|72\/100 tox|[from] item: Leftovers\n|-damage|p1a: Baleia azul|59\/100 tox|[from] psn\n|upkeep\n|turn|43\n|\n|t:|1700779747\n|move|p2a: Gliscor|Protect|p2a: Gliscor\n|-singleturn|p2a: Gliscor|Protect\n|move|p1a: Baleia azul|Liquidation|p2a: Gliscor\n|-activate|p2a: Gliscor|move: Protect\n|\n|-heal|p1a: Baleia azul|65\/100 tox|[from] item: Leftovers\n|-damage|p1a: Baleia azul|47\/100 tox|[from] psn\n|upkeep\n|turn|44\n|\n|t:|1700779755\n|move|p2a: Gliscor|Substitute|p2a: Gliscor\n|-start|p2a: Gliscor|Substitute\n|-damage|p2a: Gliscor|76\/100 tox\n|move|p1a: Baleia azul|Rest|p1a: Baleia azul\n|-status|p1a: Baleia azul|slp|[from] move: Rest\n|-heal|p1a: Baleia azul|100\/100 slp|[silent]\n|\n|-heal|p2a: Gliscor|88\/100 tox|[from] ability: Poison Heal\n|upkeep\n|turn|45\n|\n|t:|1700779763\n|move|p2a: Gliscor|Earthquake|p1a: Baleia azul\n|-damage|p1a: Baleia azul|90\/100 slp\n|cant|p1a: Baleia azul|slp\n|move|p1a: Baleia azul|Sleep Talk|p1a: Baleia azul\n|move|p1a: Baleia azul|Liquidation|p2a: Gliscor|[from]move: Sleep Talk\n|-supereffective|p2a: Gliscor\n|-end|p2a: Gliscor|Substitute\n|\n|-heal|p1a: Baleia azul|96\/100 slp|[from] item: Leftovers\n|-heal|p2a: Gliscor|100\/100 tox|[from] ability: Poison Heal\n|upkeep\n|turn|46\n|\n|t:|1700779778\n|move|p2a: Gliscor|Substitute|p2a: Gliscor\n|-start|p2a: Gliscor|Substitute\n|-damage|p2a: Gliscor|76\/100 tox\n|cant|p1a: Baleia azul|slp\n|\n|-heal|p1a: Baleia azul|100\/100 slp|[from] item: Leftovers\n|-heal|p2a: Gliscor|88\/100 tox|[from] ability: Poison Heal\n|upkeep\n|turn|47\n|\n|t:|1700779795\n|move|p2a: Gliscor|Protect|p2a: Gliscor\n|-singleturn|p2a: Gliscor|Protect\n|-curestatus|p1a: Baleia azul|slp|[msg]\n|move|p1a: Baleia azul|Curse|p1a: Baleia azul\n|-unboost|p1a: Baleia azul|spe|1\n|-boost|p1a: Baleia azul|atk|1\n|-boost|p1a: Baleia azul|def|1\n|\n|-heal|p2a: Gliscor|100\/100 tox|[from] ability: Poison Heal\n|upkeep\n|turn|48\n|\n|t:|1700779805\n|move|p2a: Gliscor|Earthquake|p1a: Baleia azul\n|-damage|p1a: Baleia azul|93\/100\n|move|p1a: Baleia azul|Curse|p1a: Baleia azul\n|-unboost|p1a: Baleia azul|spe|1\n|-boost|p1a: Baleia azul|atk|1\n|-boost|p1a: Baleia azul|def|1\n|\n|-heal|p1a: Baleia azul|99\/100|[from] item: Leftovers\n|upkeep\n|turn|49\n|\n|t:|1700779816\n|move|p2a: Gliscor|Toxic|p1a: Baleia azul|[miss]\n|-miss|p2a: Gliscor|p1a: Baleia azul\n|move|p1a: Baleia azul|Curse|p1a: Baleia azul\n|-unboost|p1a: Baleia azul|spe|1\n|-boost|p1a: Baleia azul|atk|1\n|-boost|p1a: Baleia azul|def|1\n|\n|-heal|p1a: Baleia azul|100\/100|[from] item: Leftovers\n|upkeep\n|turn|50\n|\n|t:|1700779830\n|switch|p1a: bruxa|Hatterene, F, shiny|100\/100\n|move|p2a: Gliscor|Toxic|p1a: bruxa\n|move|p1a: bruxa|Toxic||[from]ability: Magic Bounce|[still]\n|-fail|p1a: bruxa\n|\n|upkeep\n|turn|51\n|\n|t:|1700779840\n|move|p2a: Gliscor|Earthquake|p1a: bruxa\n|-damage|p1a: bruxa|73\/100\n|move|p1a: bruxa|Draining Kiss|p2a: Gliscor\n|-end|p2a: Gliscor|Substitute\n|-heal|p1a: bruxa|94\/100|[from] drain|[of] p2a: Gliscor\n|\n|-heal|p1a: bruxa|99\/100|[from] item: Leftovers\n|upkeep\n|turn|52\n|\n|t:|1700779853\n|switch|p2a: Heatran|Heatran, F, shiny|100\/100\n|-damage|p2a: Heatran|88\/100|[from] Stealth Rock\n|move|p1a: bruxa|Draining Kiss|p2a: Heatran\n|-resisted|p2a: Heatran\n|-damage|p2a: Heatran|86\/100\n|-heal|p1a: bruxa|100\/100|[from] drain|[of] p2a: Heatran\n|\n|upkeep\n|turn|53\n|\n|t:|1700779863\n|switch|p1a: Baleia azul|Dondozo, M, shiny|100\/100\n|move|p2a: Heatran|Flash Cannon|p1a: Baleia azul\n|-resisted|p1a: Baleia azul\n|-damage|p1a: Baleia azul|85\/100\n|\n|-heal|p1a: Baleia azul|91\/100|[from] item: Leftovers\n|upkeep\n|turn|54\n|\n|t:|1700779873\n|switch|p2a: Gliscor|Gliscor, F, shiny|100\/100 tox\n|-damage|p2a: Gliscor|88\/100 tox|[from] Stealth Rock\n|move|p1a: Baleia azul|Liquidation|p2a: Gliscor\n|-supereffective|p2a: Gliscor\n|-damage|p2a: Gliscor|54\/100 tox\n|-unboost|p2a: Gliscor|def|1\n|\n|-heal|p1a: Baleia azul|97\/100|[from] item: Leftovers\n|-heal|p2a: Gliscor|66\/100 tox|[from] ability: Poison Heal\n|upkeep\n|turn|55\n|\n|t:|1700779889\n|move|p2a: Gliscor|Protect|p2a: Gliscor\n|-singleturn|p2a: Gliscor|Protect\n|move|p1a: Baleia azul|Curse|p1a: Baleia azul\n|-unboost|p1a: Baleia azul|spe|1\n|-boost|p1a: Baleia azul|atk|1\n|-boost|p1a: Baleia azul|def|1\n|\n|-heal|p1a: Baleia azul|100\/100|[from] item: Leftovers\n|-heal|p2a: Gliscor|78\/100 tox|[from] ability: Poison Heal\n|upkeep\n|turn|56\n|\n|t:|1700779898\n|move|p2a: Gliscor|Substitute|p2a: Gliscor\n|-start|p2a: Gliscor|Substitute\n|-damage|p2a: Gliscor|54\/100 tox\n|move|p1a: Baleia azul|Curse|p1a: Baleia azul\n|-unboost|p1a: Baleia azul|spe|1\n|-boost|p1a: Baleia azul|atk|1\n|-boost|p1a: Baleia azul|def|1\n|\n|-heal|p2a: Gliscor|66\/100 tox|[from] ability: Poison Heal\n|upkeep\n|turn|57\n|\n|t:|1700779908\n|switch|p1a: bruxa|Hatterene, F, shiny|100\/100\n|move|p2a: Gliscor|Toxic|p1a: bruxa\n|move|p1a: bruxa|Toxic||[from]ability: Magic Bounce|[still]\n|-fail|p1a: bruxa\n|\n|-heal|p2a: Gliscor|78\/100 tox|[from] ability: Poison Heal\n|upkeep\n|turn|58\n|\n|t:|1700779924\n|move|p2a: Gliscor|Earthquake|p1a: bruxa\n|-damage|p1a: bruxa|75\/100\n|move|p1a: bruxa|Draining Kiss|p2a: Gliscor\n|-end|p2a: Gliscor|Substitute\n|-heal|p1a: bruxa|95\/100|[from] drain|[of] p2a: Gliscor\n|\n|-heal|p1a: bruxa|100\/100|[from] item: Leftovers\n|-heal|p2a: Gliscor|91\/100 tox|[from] ability: Poison Heal\n|upkeep\n|turn|59\n|\n|t:|1700779940\n|switch|p2a: Ursaluna|Ursaluna-Bloodmoon, M|100\/100\n|-damage|p2a: Ursaluna|95\/100|[from] Stealth Rock\n|switch|p1a: caramelo|Zacian-Crowned, shiny|43\/100\n|\n|upkeep\n|turn|60\n|\n|t:|1700779951\n|move|p1a: caramelo|Behemoth Blade|p2a: Ursaluna\n|-damage|p2a: Ursaluna|45\/100\n|move|p2a: Ursaluna|Earth Power|p1a: caramelo\n|-supereffective|p1a: caramelo\n|-damage|p1a: caramelo|0 fnt\n|faint|p1a: caramelo\n|\n|upkeep\n|\n|t:|1700779967\n|switch|p1a: bruxa|Hatterene, F, shiny|100\/100\n|turn|61\n|\n|t:|1700779978\n|move|p2a: Ursaluna|Blood Moon|p1a: bruxa\n|-damage|p1a: bruxa|0 fnt\n|faint|p1a: bruxa\n|\n|upkeep\n|\n|t:|1700779983\n|switch|p1a: Baleia azul|Dondozo, M, shiny|100\/100\n|turn|62\n|\n|t:|1700779988\n|switch|p2a: Gliscor|Gliscor, F, shiny|91\/100 tox\n|-damage|p2a: Gliscor|78\/100 tox|[from] Stealth Rock\n|move|p1a: Baleia azul|Curse|p1a: Baleia azul\n|-unboost|p1a: Baleia azul|spe|1\n|-boost|p1a: Baleia azul|atk|1\n|-boost|p1a: Baleia azul|def|1\n|\n|-heal|p2a: Gliscor|91\/100 tox|[from] ability: Poison Heal\n|upkeep\n|turn|63\n|\n|t:|1700779998\n|move|p2a: Gliscor|Toxic|p1a: Baleia azul\n|-status|p1a: Baleia azul|tox\n|move|p1a: Baleia azul|Curse|p1a: Baleia azul\n|-unboost|p1a: Baleia azul|spe|1\n|-boost|p1a: Baleia azul|atk|1\n|-boost|p1a: Baleia azul|def|1\n|\n|-heal|p2a: Gliscor|100\/100 tox|[from] ability: Poison Heal\n|-damage|p1a: Baleia azul|94\/100 tox|[from] psn\n|upkeep\n|turn|64\n|\n|t:|1700780009\n|switch|p1a: lesma|Goodra-Hisui, F, shiny|100\/100\n|move|p2a: Gliscor|Earthquake|p1a: lesma\n|-supereffective|p1a: lesma\n|-damage|p1a: lesma|49\/100\n|\n|-heal|p1a: lesma|55\/100|[from] item: Leftovers\n|upkeep\n|turn|65\n|\n|t:|1700780018\n|move|p2a: Gliscor|Earthquake|p1a: lesma\n|-supereffective|p1a: lesma\n|-damage|p1a: lesma|1\/100\n|move|p1a: lesma|Dragon Tail|p2a: Gliscor\n|-damage|p2a: Gliscor|89\/100 tox\n|drag|p2a: Dragonite|Dragonite, M, tera:Normal|59\/100\n|-damage|p2a: Dragonite|47\/100|[from] Stealth Rock\n|\n|-heal|p1a: lesma|7\/100|[from] item: Leftovers\n|upkeep\n|turn|66\n|\n|t:|1700780033\n|move|p2a: Dragonite|Extreme Speed|p1a: lesma\n|-resisted|p1a: lesma\n|-damage|p1a: lesma|0 fnt\n|faint|p1a: lesma\n|\n|upkeep\n|\n|t:|1700780037\n|switch|p1a: Baleia azul|Dondozo, M, shiny|94\/100 tox\n|turn|67\n|\n|t:|1700780045\n|switch|p2a: Gliscor|Gliscor, F, shiny|89\/100 tox\n|-damage|p2a: Gliscor|77\/100 tox|[from] Stealth Rock\n|move|p1a: Baleia azul|Curse|p1a: Baleia azul\n|-unboost|p1a: Baleia azul|spe|1\n|-boost|p1a: Baleia azul|atk|1\n|-boost|p1a: Baleia azul|def|1\n|\n|-heal|p1a: Baleia azul|100\/100 tox|[from] item: Leftovers\n|-heal|p2a: Gliscor|89\/100 tox|[from] ability: Poison Heal\n|-damage|p1a: Baleia azul|94\/100 tox|[from] psn\n|upkeep\n|turn|68\n|\n|t:|1700780058\n|move|p2a: Gliscor|Substitute|p2a: Gliscor\n|-start|p2a: Gliscor|Substitute\n|-damage|p2a: Gliscor|65\/100 tox\n|move|p1a: Baleia azul|Curse|p1a: Baleia azul\n|-unboost|p1a: Baleia azul|spe|1\n|-boost|p1a: Baleia azul|atk|1\n|-boost|p1a: Baleia azul|def|1\n|\n|-heal|p1a: Baleia azul|100\/100 tox|[from] item: Leftovers\n|-heal|p2a: Gliscor|77\/100 tox|[from] ability: Poison Heal\n|-damage|p1a: Baleia azul|88\/100 tox|[from] psn\n|upkeep\n|turn|69\n|\n|t:|1700780070\n|move|p2a: Gliscor|Earthquake|p1a: Baleia azul\n|-damage|p1a: Baleia azul|81\/100 tox\n|move|p1a: Baleia azul|Liquidation|p2a: Gliscor\n|-supereffective|p2a: Gliscor\n|-end|p2a: Gliscor|Substitute\n|\n|-heal|p1a: Baleia azul|87\/100 tox|[from] item: Leftovers\n|-heal|p2a: Gliscor|89\/100 tox|[from] ability: Poison Heal\n|-damage|p1a: Baleia azul|69\/100 tox|[from] psn\n|upkeep\n|turn|70\n|\n|t:|1700780083\n|move|p2a: Gliscor|Earthquake|p1a: Baleia azul\n|-damage|p1a: Baleia azul|61\/100 tox\n|move|p1a: Baleia azul|Rest|p1a: Baleia azul\n|-status|p1a: Baleia azul|slp|[from] move: Rest\n|-heal|p1a: Baleia azul|100\/100 slp|[silent]\n|\n|-heal|p2a: Gliscor|100\/100 tox|[from] ability: Poison Heal\n|upkeep\n|turn|71\n|\n|t:|1700780093\n|move|p2a: Gliscor|Substitute|p2a: Gliscor\n|-start|p2a: Gliscor|Substitute\n|-damage|p2a: Gliscor|76\/100 tox\n|cant|p1a: Baleia azul|slp\n|move|p1a: Baleia azul|Sleep Talk|p1a: Baleia azul\n|move|p1a: Baleia azul|Rest||[from]move: Sleep Talk|[still]\n|-fail|p1a: Baleia azul\n|\n|-heal|p2a: Gliscor|88\/100 tox|[from] ability: Poison Heal\n|upkeep\n|turn|72\n|\n|t:|1700780102\n|move|p2a: Gliscor|Protect|p2a: Gliscor\n|-singleturn|p2a: Gliscor|Protect\n|cant|p1a: Baleia azul|slp\n|move|p1a: Baleia azul|Sleep Talk|p1a: Baleia azul\n|move|p1a: Baleia azul|Rest||[from]move: Sleep Talk|[still]\n|-fail|p1a: Baleia azul\n|\n|-heal|p2a: Gliscor|100\/100 tox|[from] ability: Poison Heal\n|upkeep\n|turn|73\n|\n|t:|1700780111\n|move|p2a: Gliscor|Toxic||[still]\n|-fail|p2a: Gliscor\n|-curestatus|p1a: Baleia azul|slp|[msg]\n|move|p1a: Baleia azul|Sleep Talk||[still]\n|-fail|p1a: Baleia azul\n|\n|upkeep\n|turn|74\n|\n|t:|1700780117\n|move|p2a: Gliscor|Toxic|p1a: Baleia azul\n|-status|p1a: Baleia azul|tox\n|move|p1a: Baleia azul|Sleep Talk||[still]\n|-fail|p1a: Baleia azul\n|\n|-damage|p1a: Baleia azul|94\/100 tox|[from] psn\n|upkeep\n|turn|75\n|\n|t:|1700780125\n|move|p2a: Gliscor|Toxic|p1a: Baleia azul\n|-fail|p1a: Baleia azul|tox\n|move|p1a: Baleia azul|Sleep Talk||[still]\n|-fail|p1a: Baleia azul\n|\n|-heal|p1a: Baleia azul|100\/100 tox|[from] item: Leftovers\n|-damage|p1a: Baleia azul|88\/100 tox|[from] psn\n|upkeep\n|turn|76\n|\n|t:|1700780137\n|switch|p2a: Ursaluna|Ursaluna-Bloodmoon, M|45\/100\n|-damage|p2a: Ursaluna|39\/100|[from] Stealth Rock\n|move|p1a: Baleia azul|Rest|p1a: Baleia azul\n|-status|p1a: Baleia azul|slp|[from] move: Rest\n|-heal|p1a: Baleia azul|100\/100 slp|[silent]\n|\n|upkeep\n|turn|77\n|\n|t:|1700780149\n|move|p2a: Ursaluna|Blood Moon|p1a: Baleia azul\n|-damage|p1a: Baleia azul|14\/100 slp\n|cant|p1a: Baleia azul|slp\n|\n|-heal|p1a: Baleia azul|20\/100 slp|[from] item: Leftovers\n|upkeep\n|turn|78\n|\n|t:|1700780156\n|move|p2a: Ursaluna|Hyper Voice|p1a: Baleia azul\n|-damage|p1a: Baleia azul|0 fnt\n|faint|p1a: Baleia azul\n|\n|win|hahahhha\n|raw|rei_Arthur_Rei's rating: 1163 &rarr; <strong>1135<\/strong><br \/>(-28 for losing)\n|raw|hahahhha's rating: 1123 &rarr; <strong>1151<\/strong><br \/>(+28 for winning)\n|l|\u2606hahahhha\n","uploadtime":1700780172,"views":13,"p1id":"reiarthurrei","p2id":"hahahhha","formatid":"gen9ubers","rating":1135,"private":0,"password":""}