{"id":"gen9ubers-1988770804","p1":"GratedsShtickface","p2":"Bestmaindragonite","format":"[Gen 9] Ubers","log":"|j|\u2606GratedsShtickface\n|j|\u2606Bestmaindragonite\n|t:|1699760942\n|gametype|singles\n|player|p1|GratedsShtickface|hiker-gen4|\n|player|p2|Bestmaindragonite|lillie|\n|teamsize|p1|6\n|teamsize|p2|6\n|gen|9\n|tier|[Gen 9] Ubers\n|rule|Sleep Clause Mod: Limit one foe put to sleep\n|rule|Species Clause: Limit one of each Pok\u00e9mon\n|rule|OHKO Clause: OHKO moves are banned\n|rule|Evasion Items Clause: Evasion items are banned\n|rule|Evasion Moves Clause: Evasion moves are banned\n|rule|Endless Battle Clause: Forcing endless battles is banned\n|rule|HP Percentage Mod: HP is shown in percentages\n|clearpoke\n|poke|p1|Basculin-White-Striped, M|\n|poke|p1|Leavanny, F|\n|poke|p1|Meowscarada, M|\n|poke|p1|Chesnaught, M|\n|poke|p1|Tornadus, M|\n|poke|p1|Ludicolo, M|\n|poke|p2|Donphan, F|\n|poke|p2|Magearna|\n|poke|p2|Urshifu-*, M|\n|poke|p2|Ogerpon-Cornerstone, F|\n|poke|p2|Baxcalibur, F|\n|poke|p2|Kommo-o, F|\n|teampreview\n|inactive|Battle timer is ON: inactive players will automatically lose when time's up. (requested by GratedsShtickface)\n|c|\u2606GratedsShtickface|glhf\n|\n|t:|1699760962\n|start\n|switch|p1a: Seamstress|Leavanny, F, shiny|100\/100\n|switch|p2a: Freddy|Urshifu-Rapid-Strike, M|100\/100\n|turn|1\n|j| Kinesquared\n|\n|t:|1699760969\n|move|p2a: Freddy|U-turn|p1a: Seamstress\n|-supereffective|p1a: Seamstress\n|-crit|p1a: Seamstress\n|-enditem|p1a: Seamstress|Focus Sash\n|-damage|p1a: Seamstress|1\/100\n|c| Kinesquared|green pog\n|c|\u2606GratedsShtickface|I take it yours is black?\n|c|\u2606GratedsShtickface|or brown?\n|inactive|Bestmaindragonite has 270 seconds left.\n|c|\u2606Bestmaindragonite|Is gray\n|c|\u2606GratedsShtickface|ah\n|\n|t:|1699761018\n|switch|p2a: Average tusk|Donphan, F|100\/100|[from] U-turn\n|move|p1a: Seamstress|Sticky Web|p2a: Average tusk\n|-sidestart|p2: Bestmaindragonite|move: Sticky Web\n|\n|upkeep\n|turn|2\n|c|\u2606GratedsShtickface|iMaybestupid\n|\n|t:|1699761025\n|move|p2a: Average tusk|Ice Shard|p1a: Seamstress\n|-supereffective|p1a: Seamstress\n|-damage|p1a: Seamstress|0 fnt\n|faint|p1a: Seamstress\n|\n|upkeep\n|\n|t:|1699761037\n|switch|p1a: Chesnaught|Chesnaught, M, shiny|100\/100\n|turn|3\n|j| Pajoomas!\n|inactive|Bestmaindragonite has 270 seconds left.\n|\n|t:|1699761049\n|move|p1a: Chesnaught|Spikes|p2a: Average tusk\n|-sidestart|p2: Bestmaindragonite|Spikes\n|move|p2a: Average tusk|Rapid Spin|p1a: Chesnaught\n|-damage|p1a: Chesnaught|89\/100\n|-boost|p2a: Average tusk|spe|1\n|-sideend|p2: Bestmaindragonite|Spikes|[from] move: Rapid Spin|[of] p2a: Average tusk\n|-sideend|p2: Bestmaindragonite|Sticky Web|[from] move: Rapid Spin|[of] p2a: Average tusk\n|\n|upkeep\n|turn|4\n|inactive|Bestmaindragonite has 270 seconds left.\n|\n|t:|1699761083\n|move|p2a: Average tusk|Ice Shard|p1a: Chesnaught\n|-supereffective|p1a: Chesnaught\n|-damage|p1a: Chesnaught|71\/100\n|move|p1a: Chesnaught|Drain Punch|p2a: Average tusk\n|-damage|p2a: Average tusk|79\/100\n|-heal|p1a: Chesnaught|82\/100|[from] drain|[of] p2a: Average tusk\n|\n|upkeep\n|turn|5\n|\n|t:|1699761101\n|switch|p2a: Magearna-at|Magearna|100\/100\n|move|p1a: Chesnaught|Spikes|p2a: Magearna-at\n|-sidestart|p2: Bestmaindragonite|Spikes\n|\n|upkeep\n|turn|6\n|\n|t:|1699761110\n|switch|p1a: Tornadus|Tornadus, M|100\/100\n|move|p2a: Magearna-at|Draining Kiss|p1a: Tornadus\n|-damage|p1a: Tornadus|61\/100\n|\n|upkeep\n|turn|7\n|\n|t:|1699761116\n|move|p1a: Tornadus|Rain Dance|p1a: Tornadus\n|-weather|RainDance\n|move|p2a: Magearna-at|Volt Switch|p1a: Tornadus\n|-supereffective|p1a: Tornadus\n|-damage|p1a: Tornadus|0 fnt\n|faint|p1a: Tornadus\n|-ability|p2a: Magearna-at|Soul-Heart|boost\n|-boost|p2a: Magearna-at|spa|1\n|\n|t:|1699761129\n|switch|p2a: Kommo-o|Kommo-o, F|100\/100|[from] Volt Switch\n|-damage|p2a: Kommo-o|88\/100|[from] Spikes\n|\n|-weather|RainDance|[upkeep]\n|upkeep\n|j| imperialorder241\n|\n|t:|1699761155\n|switch|p1a: Hempurr|Meowscarada, M, shiny|100\/100\n|turn|8\n|inactive|Bestmaindragonite has 270 seconds left.\n|\n|t:|1699761160\n|switch|p2a: Average tusk|Donphan, F|79\/100\n|move|p1a: Hempurr|Play Rough|p2a: Average tusk\n|-start|p1a: Hempurr|typechange|Fairy|[from] ability: Protean\n|-damage|p2a: Average tusk|35\/100\n|-unboost|p2a: Average tusk|atk|1\n|\n|-weather|RainDance|[upkeep]\n|upkeep\n|turn|9\n|j| ShadowblazinAceP\n|\n|t:|1699761168\n|move|p1a: Hempurr|Play Rough|p2a: Average tusk\n|-damage|p2a: Average tusk|0 fnt\n|faint|p2a: Average tusk\n|\n|-weather|RainDance|[upkeep]\n|upkeep\n|l| ShadowblazinAceP\n|inactive|Bestmaindragonite has 270 seconds left.\n|\n|t:|1699761183\n|switch|p2a: Magearna-at|Magearna|100\/100\n|-damage|p2a: Magearna-at|88\/100|[from] Spikes\n|turn|10\n|inactive|Bestmaindragonite has 270 seconds left.\n|\n|t:|1699761195\n|switch|p1a: Duckweed|Ludicolo, M|100\/100\n|move|p2a: Magearna-at|Flash Cannon|p1a: Duckweed\n|-resisted|p1a: Duckweed\n|-damage|p1a: Duckweed|74\/100\n|\n|-weather|RainDance|[upkeep]\n|upkeep\n|turn|11\n|\n|t:|1699761206\n|move|p1a: Duckweed|Surf|p2a: Magearna-at\n|-damage|p2a: Magearna-at|47\/100\n|-damage|p1a: Duckweed|64\/100|[from] item: Life Orb\n|move|p2a: Magearna-at|Draining Kiss|p1a: Duckweed\n|-damage|p1a: Duckweed|33\/100\n|-heal|p2a: Magearna-at|70\/100|[from] drain|[of] p1a: Duckweed\n|\n|-weather|RainDance|[upkeep]\n|upkeep\n|turn|12\n|\n|t:|1699761216\n|move|p1a: Duckweed|Surf|p2a: Magearna-at\n|-damage|p2a: Magearna-at|24\/100\n|-damage|p1a: Duckweed|23\/100|[from] item: Life Orb\n|move|p2a: Magearna-at|Draining Kiss|p1a: Duckweed\n|-damage|p1a: Duckweed|0 fnt\n|-heal|p2a: Magearna-at|41\/100|[from] drain|[of] p1a: Duckweed\n|faint|p1a: Duckweed\n|-ability|p2a: Magearna-at|Soul-Heart|boost\n|-boost|p2a: Magearna-at|spa|1\n|\n|-weather|RainDance|[upkeep]\n|upkeep\n|\n|t:|1699761219\n|switch|p1a: Basculin|Basculin-White-Striped, M|100\/100\n|-ability|p1a: Basculin|Mold Breaker\n|turn|13\n|\n|t:|1699761232\n|move|p1a: Basculin|Last Respects|p2a: Magearna-at\n|-damage|p2a: Magearna-at|0 fnt\n|faint|p2a: Magearna-at\n|\n|-weather|RainDance|[upkeep]\n|upkeep\n|\n|t:|1699761244\n|switch|p2a: Freddy|Urshifu-Rapid-Strike, M|100\/100\n|-damage|p2a: Freddy|88\/100|[from] Spikes\n|turn|14\n|\n|t:|1699761247\n|-terastallize|p2a: Freddy|Fighting\n|move|p2a: Freddy|Close Combat|p1a: Basculin\n|-damage|p1a: Basculin|0 fnt\n|-unboost|p2a: Freddy|def|1\n|-unboost|p2a: Freddy|spd|1\n|faint|p1a: Basculin\n|\n|-weather|none\n|upkeep\n|\n|t:|1699761252\n|switch|p1a: Hempurr|Meowscarada, M, shiny|100\/100\n|turn|15\n|\n|t:|1699761260\n|move|p2a: Freddy|Close Combat|p1a: Hempurr\n|-supereffective|p1a: Hempurr\n|-damage|p1a: Hempurr|0 fnt\n|-unboost|p2a: Freddy|def|1\n|-unboost|p2a: Freddy|spd|1\n|faint|p1a: Hempurr\n|\n|upkeep\n|\n|t:|1699761263\n|switch|p1a: Chesnaught|Chesnaught, M, shiny|82\/100\n|turn|16\n|c|\u2606Bestmaindragonite|Freddy fazbear time\n|\n|t:|1699761271\n|move|p1a: Chesnaught|Spiky Shield|p1a: Chesnaught\n|-singleturn|p1a: Chesnaught|move: Protect\n|move|p2a: Freddy|Close Combat|p1a: Chesnaught\n|-damage|p1a: Chesnaught|31\/100\n|-unboost|p2a: Freddy|def|1\n|-unboost|p2a: Freddy|spd|1\n|\n|upkeep\n|turn|17\n|c|\u2606GratedsShtickface|I'm getting the bite of 1987, aren't I\n|\n|t:|1699761284\n|move|p2a: Freddy|Close Combat|p1a: Chesnaught\n|-damage|p1a: Chesnaught|0 fnt\n|-unboost|p2a: Freddy|def|1\n|-unboost|p2a: Freddy|spd|1\n|faint|p1a: Chesnaught\n|\n|win|Bestmaindragonite\n|c|\u2606GratedsShtickface|gg\n|c|\u2606Bestmaindragonite|gg\n","uploadtime":1699761294,"views":5,"p1id":"gratedsshtickface","p2id":"bestmaindragonite","formatid":"gen9ubers","rating":0,"private":0,"password":""}