{"id":"gen9ubers-1968375318","p1":"GratedsShtickface","p2":"Finchely","format":"[Gen 9] Ubers","log":"|j|\u2606GratedsShtickface\n|j|\u2606Finchely\n|t:|1697411683\n|gametype|singles\n|player|p1|GratedsShtickface|hiker-gen4|\n|player|p2|Finchely|acetrainerf|\n|teamsize|p1|6\n|teamsize|p2|6\n|gen|9\n|tier|[Gen 9] Ubers\n|rule|Sleep Clause Mod: Limit one foe put to sleep\n|rule|Species Clause: Limit one of each Pok\u00e9mon\n|rule|OHKO Clause: OHKO moves are banned\n|rule|Evasion Items Clause: Evasion items are banned\n|rule|Evasion Moves Clause: Evasion moves are banned\n|rule|Endless Battle Clause: Forcing endless battles is banned\n|rule|HP Percentage Mod: HP is shown in percentages\n|clearpoke\n|poke|p1|Palkia-Origin|\n|poke|p1|Shaymin-Sky|\n|poke|p1|Arceus-Fire|\n|poke|p1|Magearna|\n|poke|p1|Zacian-*|\n|poke|p1|Cyclizar, M|\n|poke|p2|Masquerain, M|\n|poke|p2|Gholdengo|\n|poke|p2|Palafin, F|\n|poke|p2|Chi-Yu|\n|poke|p2|Palkia-Origin|\n|poke|p2|Arceus-Ice|\n|teampreview\n|inactive|Battle timer is ON: inactive players will automatically lose when time's up. (requested by GratedsShtickface)\n|\n|t:|1697411694\n|start\n|switch|p1a: Music Box Doll|Magearna|100\/100\n|switch|p2a: Masquerain|Masquerain, M|100\/100\n|-ability|p2a: Masquerain|Intimidate|boost\n|-unboost|p1a: Music Box Doll|atk|1\n|turn|1\n|\n|t:|1697411700\n|move|p2a: Masquerain|Sticky Web|p1a: Music Box Doll\n|-sidestart|p1: GratedsShtickface|move: Sticky Web\n|move|p1a: Music Box Doll|Volt Switch|p2a: Masquerain\n|-supereffective|p2a: Masquerain\n|-damage|p2a: Masquerain|47\/100\n|\n|t:|1697411704\n|switch|p1a: Flesh Serpent|Cyclizar, M|100\/100|[from] Volt Switch\n|\n|upkeep\n|turn|2\n|\n|t:|1697411709\n|switch|p2a: Gholdengo|Gholdengo|100\/100\n|move|p1a: Flesh Serpent|Rapid Spin|p2a: Gholdengo\n|-immune|p2a: Gholdengo\n|\n|upkeep\n|turn|3\n|\n|t:|1697411714\n|move|p2a: Gholdengo|Make It Rain|p1a: Flesh Serpent\n|-damage|p1a: Flesh Serpent|12\/100\n|-unboost|p2a: Gholdengo|spa|1\n|move|p1a: Flesh Serpent|Knock Off|p2a: Gholdengo\n|-supereffective|p2a: Gholdengo\n|-damage|p2a: Gholdengo|48\/100\n|-enditem|p2a: Gholdengo|Choice Scarf|[from] move: Knock Off|[of] p1a: Flesh Serpent\n|\n|upkeep\n|turn|4\n|\n|t:|1697411730\n|switch|p1a: Music Box Doll|Magearna|100\/100\n|-activate|p1a: Music Box Doll|move: Sticky Web\n|-unboost|p1a: Music Box Doll|spe|1\n|move|p2a: Gholdengo|Make It Rain|p1a: Music Box Doll\n|-damage|p1a: Music Box Doll|70\/100\n|-unboost|p2a: Gholdengo|spa|1\n|\n|-heal|p1a: Music Box Doll|76\/100|[from] item: Leftovers\n|upkeep\n|turn|5\n|\n|t:|1697411737\n|switch|p2a: Palafin|Palafin, F|100\/100\n|move|p1a: Music Box Doll|Thunder Wave|p2a: Palafin\n|-status|p2a: Palafin|par\n|\n|-heal|p1a: Music Box Doll|82\/100|[from] item: Leftovers\n|upkeep\n|turn|6\n|\n|t:|1697411743\n|detailschange|p2a: Palafin|Palafin-Hero, F\n|switch|p2a: Masquerain|Masquerain, M|47\/100\n|-ability|p2a: Masquerain|Intimidate|boost\n|-unboost|p1a: Music Box Doll|atk|1\n|move|p1a: Music Box Doll|Volt Switch|p2a: Masquerain\n|-supereffective|p2a: Masquerain\n|-damage|p2a: Masquerain|0 fnt\n|faint|p2a: Masquerain\n|-ability|p1a: Music Box Doll|Soul-Heart|boost\n|-boost|p1a: Music Box Doll|spa|1\n|\n|t:|1697411746\n|switch|p1a: Flesh Serpent|Cyclizar, M|45\/100|[from] Volt Switch\n|\n|upkeep\n|\n|t:|1697411753\n|switch|p2a: Gholdengo|Gholdengo|48\/100\n|turn|7\n|\n|t:|1697411757\n|switch|p1a: Music Box Doll|Magearna|82\/100\n|-activate|p1a: Music Box Doll|move: Sticky Web\n|-unboost|p1a: Music Box Doll|spe|1\n|move|p2a: Gholdengo|Make It Rain|p1a: Music Box Doll\n|-damage|p1a: Music Box Doll|38\/100\n|-unboost|p2a: Gholdengo|spa|1\n|\n|-heal|p1a: Music Box Doll|44\/100|[from] item: Leftovers\n|upkeep\n|turn|8\n|\n|t:|1697411766\n|switch|p2a: Palafin|Palafin-Hero, F|100\/100 par\n|-activate|p2a: Palafin|ability: Zero to Hero\n|move|p1a: Music Box Doll|Draining Kiss|p2a: Palafin\n|-damage|p2a: Palafin|75\/100 par\n|-heal|p1a: Music Box Doll|61\/100|[from] drain|[of] p2a: Palafin\n|\n|-heal|p2a: Palafin|81\/100 par|[from] item: Leftovers\n|-heal|p1a: Music Box Doll|68\/100|[from] item: Leftovers\n|upkeep\n|turn|9\n|\n|t:|1697411772\n|move|p2a: Palafin|Bulk Up|p2a: Palafin\n|-boost|p2a: Palafin|atk|1\n|-boost|p2a: Palafin|def|1\n|move|p1a: Music Box Doll|Volt Switch|p2a: Palafin\n|-supereffective|p2a: Palafin\n|-damage|p2a: Palafin|34\/100 par\n|\n|t:|1697411775\n|switch|p1a: Flesh Serpent|Cyclizar, M|78\/100|[from] Volt Switch\n|\n|-heal|p2a: Palafin|40\/100 par|[from] item: Leftovers\n|upkeep\n|turn|10\n|\n|t:|1697411778\n|switch|p2a: Gholdengo|Gholdengo|48\/100\n|move|p1a: Flesh Serpent|Rapid Spin|p2a: Gholdengo\n|-immune|p2a: Gholdengo\n|\n|upkeep\n|turn|11\n|\n|t:|1697411785\n|switch|p1a: Music Box Doll|Magearna|68\/100\n|-activate|p1a: Music Box Doll|move: Sticky Web\n|-unboost|p1a: Music Box Doll|spe|1\n|move|p2a: Gholdengo|Make It Rain|p1a: Music Box Doll\n|-damage|p1a: Music Box Doll|29\/100\n|-unboost|p2a: Gholdengo|spa|1\n|\n|-heal|p1a: Music Box Doll|35\/100|[from] item: Leftovers\n|upkeep\n|turn|12\n|\n|t:|1697411789\n|switch|p2a: Palafin|Palafin-Hero, F|40\/100 par\n|move|p1a: Music Box Doll|Draining Kiss|p2a: Palafin\n|-damage|p2a: Palafin|14\/100 par\n|-heal|p1a: Music Box Doll|54\/100|[from] drain|[of] p2a: Palafin\n|\n|-heal|p2a: Palafin|20\/100 par|[from] item: Leftovers\n|-heal|p1a: Music Box Doll|60\/100|[from] item: Leftovers\n|upkeep\n|turn|13\n|\n|t:|1697411794\n|cant|p2a: Palafin|par\n|move|p1a: Music Box Doll|Draining Kiss|p2a: Palafin\n|-damage|p2a: Palafin|0 fnt\n|-heal|p1a: Music Box Doll|74\/100|[from] drain|[of] p2a: Palafin\n|faint|p2a: Palafin\n|-ability|p1a: Music Box Doll|Soul-Heart|boost\n|-boost|p1a: Music Box Doll|spa|1\n|\n|-heal|p1a: Music Box Doll|80\/100|[from] item: Leftovers\n|upkeep\n|\n|t:|1697411805\n|switch|p2a: Chi-Yu|Chi-Yu|100\/100\n|-ability|p2a: Chi-Yu|Beads of Ruin\n|turn|14\n|\n|t:|1697411812\n|move|p2a: Chi-Yu|Overheat|p1a: Music Box Doll\n|-supereffective|p1a: Music Box Doll\n|-damage|p1a: Music Box Doll|0 fnt\n|-unboost|p2a: Chi-Yu|spa|2\n|faint|p1a: Music Box Doll\n|\n|upkeep\n|\n|t:|1697411816\n|switch|p1a: Flesh Serpent|Cyclizar, M|100\/100\n|turn|15\n|\n|t:|1697411819\n|switch|p2a: Gholdengo|Gholdengo|48\/100\n|move|p1a: Flesh Serpent|Knock Off|p2a: Gholdengo\n|-supereffective|p2a: Gholdengo\n|-damage|p2a: Gholdengo|15\/100\n|\n|upkeep\n|turn|16\n|\n|t:|1697411829\n|move|p1a: Flesh Serpent|Shed Tail|p1a: Flesh Serpent\n|-start|p1a: Flesh Serpent|Substitute|[from] move: Shed Tail\n|-damage|p1a: Flesh Serpent|50\/100\n|\n|t:|1697411832\n|switch|p1a: Haxmin|Shaymin-Sky|100\/100|[from] Shed Tail\n|move|p2a: Gholdengo|Make It Rain|p1a: Haxmin\n|-crit|p1a: Haxmin\n|-end|p1a: Haxmin|Substitute\n|-unboost|p2a: Gholdengo|spa|1\n|\n|upkeep\n|turn|17\n|\n|t:|1697411840\n|move|p1a: Haxmin|Earth Power|p2a: Gholdengo\n|-supereffective|p2a: Gholdengo\n|-damage|p2a: Gholdengo|0 fnt\n|faint|p2a: Gholdengo\n|\n|upkeep\n|\n|t:|1697411843\n|switch|p2a: Palkia|Palkia-Origin|100\/100\n|-ability|p2a: Palkia|Pressure\n|turn|18\n|\n|t:|1697411856\n|switch|p1a: Sif|Zacian|100\/100\n|-activate|p1a: Sif|move: Sticky Web\n|-unboost|p1a: Sif|spe|1\n|-ability|p1a: Sif|Intrepid Sword|boost\n|-boost|p1a: Sif|atk|1\n|move|p2a: Palkia|Fire Blast|p1a: Sif\n|-damage|p1a: Sif|58\/100\n|\n|upkeep\n|turn|19\n|\n|t:|1697411861\n|move|p2a: Palkia|Hydro Pump|p1a: Sif|[miss]\n|-miss|p2a: Palkia|p1a: Sif\n|move|p1a: Sif|Play Rough|p2a: Palkia\n|-supereffective|p2a: Palkia\n|-damage|p2a: Palkia|0 fnt\n|faint|p2a: Palkia\n|\n|upkeep\n|\n|t:|1697411867\n|switch|p2a: Arceus|Arceus-Ice|100\/100\n|turn|20\n|\n|t:|1697411870\n|move|p2a: Arceus|Judgment|p1a: Sif\n|-damage|p1a: Sif|0 fnt\n|faint|p1a: Sif\n|\n|upkeep\n|\n|t:|1697411874\n|switch|p1a: Flesh Serpent|Cyclizar, M|83\/100\n|turn|21\n|\n|t:|1697411878\n|move|p1a: Flesh Serpent|Rapid Spin|p2a: Arceus\n|-damage|p2a: Arceus|88\/100\n|-boost|p1a: Flesh Serpent|spe|1\n|-sideend|p1: GratedsShtickface|Sticky Web|[from] move: Rapid Spin|[of] p1a: Flesh Serpent\n|move|p2a: Arceus|Calm Mind|p2a: Arceus\n|-boost|p2a: Arceus|spa|1\n|-boost|p2a: Arceus|spd|1\n|\n|upkeep\n|turn|22\n|\n|t:|1697411885\n|move|p1a: Flesh Serpent|Shed Tail|p1a: Flesh Serpent\n|-start|p1a: Flesh Serpent|Substitute|[from] move: Shed Tail\n|-damage|p1a: Flesh Serpent|33\/100\n|\n|t:|1697411888\n|switch|p1a: Ar\u0441eus-Fighting|Arceus-Fire, shiny|100\/100|[from] Shed Tail\n|move|p2a: Arceus|Calm Mind|p2a: Arceus\n|-boost|p2a: Arceus|spa|1\n|-boost|p2a: Arceus|spd|1\n|\n|upkeep\n|turn|23\n|\n|t:|1697411913\n|move|p2a: Arceus|Thunderbolt|p1a: Ar\u0441eus-Fighting\n|-end|p1a: Ar\u0441eus-Fighting|Substitute\n|move|p1a: Ar\u0441eus-Fighting|Flare Blitz|p2a: Arceus\n|-supereffective|p2a: Arceus\n|-damage|p2a: Arceus|0 fnt\n|faint|p2a: Arceus\n|-damage|p1a: Ar\u0441eus-Fighting|72\/100|[from] Recoil\n|\n|upkeep\n|\n|t:|1697411915\n|switch|p2a: Chi-Yu|Chi-Yu|100\/100\n|-ability|p2a: Chi-Yu|Beads of Ruin\n|turn|24\n|\n|t:|1697411923\n|move|p1a: Ar\u0441eus-Fighting|Earthquake|p2a: Chi-Yu\n|-supereffective|p2a: Chi-Yu\n|-damage|p2a: Chi-Yu|0 fnt\n|faint|p2a: Chi-Yu\n|\n|win|GratedsShtickface\n|c|\u2606Finchely|gg\n|c|\u2606GratedsShtickface|gg\n|c|\u2606GratedsShtickface|wp\n|c|\u2606Finchely|nah\n|c|\u2606Finchely|i played pretyt bad\n|l|\u2606Finchely\n","uploadtime":1697411931,"views":25,"p1id":"gratedsshtickface","p2id":"finchely","formatid":"gen9ubers","rating":0,"private":0,"password":""}