{"id":"gen9ubers-1993073761","p1":"puddle girl","p2":"Empoleon77","format":"[Gen 9] Ubers","log":"|j|\u2606puddle girl\n|j|\u2606Empoleon77\n|t:|1700261753\n|gametype|singles\n|player|p1|puddle girl|parasollady|\n|player|p2|Empoleon77|266|\n|teamsize|p1|6\n|teamsize|p2|6\n|gen|9\n|tier|[Gen 9] Ubers\n|rule|Sleep Clause Mod: Limit one foe put to sleep\n|rule|Species Clause: Limit one of each Pok\u00e9mon\n|rule|OHKO Clause: OHKO moves are banned\n|rule|Evasion Items Clause: Evasion items are banned\n|rule|Evasion Moves Clause: Evasion moves are banned\n|rule|Endless Battle Clause: Forcing endless battles is banned\n|rule|HP Percentage Mod: HP is shown in percentages\n|clearpoke\n|poke|p1|Slowking-Galar, F|\n|poke|p1|Zapdos|\n|poke|p1|Zamazenta-*|\n|poke|p1|Zoroark-Hisui, F|\n|poke|p1|Cinderace, M|\n|poke|p1|Tsareena, F|\n|poke|p2|Great Tusk|\n|poke|p2|Gholdengo|\n|poke|p2|Espeon, M|\n|poke|p2|Samurott-Hisui, M|\n|poke|p2|Dragalge, F|\n|poke|p2|Enamorus, F|\n|teampreview\n|\n|t:|1700261780\n|start\n|switch|p1a: Bretta|Tsareena, F|100\/100\n|switch|p2a: Yoto\u2019s Ghost|Samurott-Hisui, M, shiny|100\/100\n|turn|1\n|\n|t:|1700261796\n|move|p2a: Yoto\u2019s Ghost|Ice Beam|p1a: Bretta\n|-supereffective|p1a: Bretta\n|-damage|p1a: Bretta|53\/100\n|move|p1a: Bretta|Power Whip|p2a: Yoto\u2019s Ghost\n|-supereffective|p2a: Yoto\u2019s Ghost\n|-enditem|p2a: Yoto\u2019s Ghost|Focus Sash\n|-damage|p2a: Yoto\u2019s Ghost|1\/100\n|\n|upkeep\n|turn|2\n|\n|t:|1700261824\n|switch|p2a: Enamorus|Enamorus, F|100\/100\n|move|p1a: Bretta|U-turn|p2a: Enamorus\n|-resisted|p2a: Enamorus\n|-damage|p2a: Enamorus|91\/100\n|\n|t:|1700261838\n|switch|p1a: Slongus|Slowking-Galar, F|100\/100|[from] U-turn\n|\n|upkeep\n|turn|3\n|\n|t:|1700261994\n|switch|p2a: Gholdengo|Gholdengo|100\/100\n|switch|p1a: Zeta|Zapdos, shiny|100\/100\n|\n|upkeep\n|turn|4\n|j| JcPenguin\n|\n|t:|1700262033\n|move|p2a: Gholdengo|Power Gem|p1a: Zeta\n|-supereffective|p1a: Zeta\n|-damage|p1a: Zeta|44\/100\n|move|p1a: Zeta|Volt Switch|p2a: Gholdengo\n|-damage|p2a: Gholdengo|67\/100\n|\n|t:|1700262039\n|switch|p1a: Bretta|Tsareena, F|100\/100|[from] Volt Switch\n|\n|upkeep\n|turn|5\n|\n|t:|1700262114\n|switch|p2a: Dragalge|Dragalge, F|100\/100\n|move|p1a: Bretta|Shadow Ball|p2a: Dragalge\n|-damage|p2a: Dragalge|65\/100\n|\n|-heal|p2a: Dragalge|71\/100|[from] item: Leftovers\n|upkeep\n|turn|6\n|\n|t:|1700262130\n|move|p1a: Bretta|Protect|p1a: Bretta\n|-singleturn|p1a: Bretta|Protect\n|move|p2a: Dragalge|Toxic Spikes|p1a: Bretta\n|-sidestart|p1: puddle girl|move: Toxic Spikes\n|\n|-heal|p2a: Dragalge|77\/100|[from] item: Leftovers\n|upkeep\n|turn|7\n|\n|t:|1700262174\n|switch|p1a: Slongus|Slowking-Galar, F|100\/100\n|-sideend|p1: puddle girl|move: Toxic Spikes|[of] p1a: Slongus\n|move|p2a: Dragalge|Toxic Spikes|p1a: Slongus\n|-sidestart|p1: puddle girl|move: Toxic Spikes\n|\n|-heal|p2a: Dragalge|83\/100|[from] item: Leftovers\n|upkeep\n|turn|8\n|\n|t:|1700262207\n|move|p2a: Dragalge|Draco Meteor|p1a: Slongus\n|-damage|p1a: Slongus|55\/100\n|-unboost|p2a: Dragalge|spa|2\n|move|p1a: Slongus|Future Sight|p2a: Dragalge\n|-start|p1a: Slongus|move: Future Sight\n|\n|-heal|p2a: Dragalge|89\/100|[from] item: Leftovers\n|upkeep\n|turn|9\n|\n|t:|1700262237\n|switch|p1a: Genos|Cinderace, M|100\/100\n|move|p2a: Dragalge|Flip Turn|p1a: Genos\n|-supereffective|p1a: Genos\n|-damage|p1a: Genos|76\/100\n|\n|t:|1700262249\n|switch|p2a: Yoto\u2019s Ghost|Samurott-Hisui, M, shiny|1\/100|[from] Flip Turn\n|\n|upkeep\n|turn|10\n|\n|t:|1700262256\n|move|p2a: Yoto\u2019s Ghost|Aqua Jet|p1a: Genos\n|-supereffective|p1a: Genos\n|-damage|p1a: Genos|23\/100\n|move|p1a: Genos|U-turn|p2a: Yoto\u2019s Ghost\n|-start|p1a: Genos|typechange|Bug|[from] ability: Libero\n|-supereffective|p2a: Yoto\u2019s Ghost\n|-damage|p2a: Yoto\u2019s Ghost|0 fnt\n|faint|p2a: Yoto\u2019s Ghost\n|\n|t:|1700262266\n|switch|p1a: Slongus|Slowking-Galar, F|89\/100|[from] U-turn\n|-sideend|p1: puddle girl|move: Toxic Spikes|[of] p1a: Slongus\n|\n|-hint|Future Sight did not hit because the target is fainted.\n|upkeep\n|\n|t:|1700262277\n|switch|p2a: Great Tusk|Great Tusk|100\/100\n|turn|11\n|\n|t:|1700262290\n|switch|p1a: Zeta|Zapdos, shiny|44\/100\n|move|p2a: Great Tusk|Knock Off|p1a: Zeta\n|-damage|p1a: Zeta|16\/100\n|-status|p2a: Great Tusk|par|[from] ability: Static|[of] p1a: Zeta\n|-enditem|p1a: Zeta|Heavy-Duty Boots|[from] move: Knock Off|[of] p2a: Great Tusk\n|\n|upkeep\n|turn|12\n|\n|t:|1700262306\n|move|p1a: Zeta|Roost|p1a: Zeta\n|-heal|p1a: Zeta|66\/100\n|-singleturn|p1a: Zeta|move: Roost\n|cant|p2a: Great Tusk|par\n|\n|upkeep\n|turn|13\n|\n|t:|1700262318\n|move|p1a: Zeta|Hurricane|p2a: Great Tusk\n|-supereffective|p2a: Great Tusk\n|-damage|p2a: Great Tusk|0 fnt\n|faint|p2a: Great Tusk\n|-end|p2a: Great Tusk|Protosynthesis|[silent]\n|\n|upkeep\n|\n|t:|1700262340\n|switch|p2a: Dragalge|Dragalge, F|89\/100\n|turn|14\n|\n|t:|1700262357\n|move|p1a: Zeta|Volt Switch|p2a: Dragalge\n|-resisted|p2a: Dragalge\n|-damage|p2a: Dragalge|77\/100\n|\n|t:|1700262361\n|switch|p1a: Slongus|Slowking-Galar, F|100\/100|[from] Volt Switch\n|move|p2a: Dragalge|Draco Meteor|p1a: Slongus\n|-damage|p1a: Slongus|55\/100\n|-unboost|p2a: Dragalge|spa|2\n|\n|-heal|p2a: Dragalge|83\/100|[from] item: Leftovers\n|upkeep\n|turn|15\n|\n|t:|1700262377\n|move|p2a: Dragalge|Toxic Spikes|p1a: Slongus\n|-sidestart|p1: puddle girl|move: Toxic Spikes\n|move|p1a: Slongus|Future Sight|p2a: Dragalge\n|-start|p1a: Slongus|move: Future Sight\n|\n|-heal|p2a: Dragalge|89\/100|[from] item: Leftovers\n|upkeep\n|turn|16\n|\n|t:|1700262404\n|move|p2a: Dragalge|Flip Turn|p1a: Slongus\n|-damage|p1a: Slongus|47\/100\n|\n|t:|1700262408\n|switch|p2a: Espeon|Espeon, M|100\/100|[from] Flip Turn\n|move|p1a: Slongus|Chilly Reception|p1a: Slongus\n|-weather|Snow\n|\n|t:|1700262427\n|switch|p1a: Bretta|Tsareena, F|100\/100|[from] Chilly Reception\n|-status|p1a: Bretta|psn\n|\n|-weather|Snow|[upkeep]\n|-damage|p1a: Bretta|88\/100 psn|[from] psn\n|upkeep\n|turn|17\n|\n|t:|1700262443\n|move|p1a: Bretta|Shadow Ball|p2a: Espeon\n|-supereffective|p2a: Espeon\n|-damage|p2a: Espeon|0 fnt\n|faint|p2a: Espeon\n|\n|-weather|Snow|[upkeep]\n|-hint|Future Sight did not hit because the target is fainted.\n|-damage|p1a: Bretta|76\/100 psn|[from] psn\n|upkeep\n|\n|t:|1700262457\n|switch|p2a: Enamorus|Enamorus, F|91\/100\n|turn|18\n|\n|t:|1700262466\n|move|p1a: Bretta|Flamethrower|p2a: Enamorus\n|-damage|p2a: Enamorus|52\/100\n|move|p2a: Enamorus|Mystical Fire|p1a: Bretta\n|-damage|p1a: Bretta|24\/100 psn\n|-unboost|p1a: Bretta|spa|1\n|replace|p1a: Zork|Zoroark-Hisui, F, shiny\n|-end|p1a: Zork|Illusion\n|\n|-weather|Snow|[upkeep]\n|-damage|p1a: Zork|12\/100 psn|[from] psn\n|upkeep\n|turn|19\n|\n|t:|1700262486\n|switch|p2a: Dragalge|Dragalge, F|89\/100\n|move|p1a: Zork|Flamethrower|p2a: Dragalge\n|-resisted|p2a: Dragalge\n|-damage|p2a: Dragalge|80\/100\n|\n|-weather|Snow|[upkeep]\n|-heal|p2a: Dragalge|86\/100|[from] item: Leftovers\n|-damage|p1a: Zork|0 fnt|[from] psn\n|faint|p1a: Zork\n|upkeep\n|\n|t:|1700262495\n|switch|p1a: Slongus|Slowking-Galar, F|81\/100\n|-sideend|p1: puddle girl|move: Toxic Spikes|[of] p1a: Slongus\n|turn|20\n|\n|t:|1700262514\n|move|p2a: Dragalge|Flip Turn|p1a: Slongus\n|-damage|p1a: Slongus|72\/100\n|\n|t:|1700262517\n|switch|p2a: Gholdengo|Gholdengo|67\/100|[from] Flip Turn\n|move|p1a: Slongus|Future Sight|p2a: Gholdengo\n|-start|p1a: Slongus|move: Future Sight\n|\n|-weather|none\n|upkeep\n|turn|21\n|\n|t:|1700262530\n|move|p2a: Gholdengo|Shadow Ball|p1a: Slongus\n|-supereffective|p1a: Slongus\n|-damage|p1a: Slongus|21\/100\n|-unboost|p1a: Slongus|spd|1\n|move|p1a: Slongus|Surf|p2a: Gholdengo\n|-damage|p2a: Gholdengo|43\/100\n|\n|upkeep\n|turn|22\n|\n|t:|1700262541\n|switch|p1a: Zeta|Zapdos, shiny|66\/100\n|move|p2a: Gholdengo|Shadow Ball|p1a: Zeta\n|-damage|p1a: Zeta|22\/100\n|\n|-end|p2a: Gholdengo|move: Future Sight\n|-resisted|p2a: Gholdengo\n|-damage|p2a: Gholdengo|16\/100\n|upkeep\n|turn|23\n|\n|t:|1700262552\n|move|p2a: Gholdengo|Shadow Ball|p1a: Zeta\n|-damage|p1a: Zeta|0 fnt\n|faint|p1a: Zeta\n|\n|upkeep\n|\n|t:|1700262557\n|switch|p1a: Bretta|Tsareena, F|53\/100\n|turn|24\n|\n|t:|1700262563\n|move|p2a: Gholdengo|Shadow Ball|p1a: Bretta\n|-damage|p1a: Bretta|0 fnt\n|faint|p1a: Bretta\n|\n|upkeep\n|\n|t:|1700262570\n|switch|p1a: Slongus|Slowking-Galar, F|54\/100\n|turn|25\n|\n|t:|1700262574\n|move|p2a: Gholdengo|Shadow Ball|p1a: Slongus\n|-supereffective|p1a: Slongus\n|-damage|p1a: Slongus|0 fnt\n|faint|p1a: Slongus\n|\n|upkeep\n|\n|t:|1700262579\n|switch|p1a: Genos|Cinderace, M|23\/100\n|turn|26\n|\n|t:|1700262586\n|move|p2a: Gholdengo|Shadow Ball|p1a: Genos\n|-damage|p1a: Genos|0 fnt\n|faint|p1a: Genos\n|\n|upkeep\n|\n|t:|1700262590\n|switch|p1a: Rook|Zamazenta|100\/100\n|-ability|p1a: Rook|Dauntless Shield|boost\n|-boost|p1a: Rook|def|1\n|turn|27\n|\n|t:|1700262596\n|move|p1a: Rook|Crunch|p2a: Gholdengo\n|-supereffective|p2a: Gholdengo\n|-damage|p2a: Gholdengo|0 fnt\n|faint|p2a: Gholdengo\n|\n|upkeep\n|\n|t:|1700262603\n|switch|p2a: Enamorus|Enamorus, F|52\/100\n|turn|28\n|\n|t:|1700262609\n|move|p1a: Rook|Crunch|p2a: Enamorus\n|-resisted|p2a: Enamorus\n|-damage|p2a: Enamorus|34\/100\n|move|p2a: Enamorus|Moonblast|p1a: Rook\n|-supereffective|p1a: Rook\n|-damage|p1a: Rook|21\/100\n|\n|-heal|p1a: Rook|27\/100|[from] item: Leftovers\n|upkeep\n|turn|29\n|\n|t:|1700262618\n|move|p1a: Rook|Body Press|p2a: Enamorus\n|-resisted|p2a: Enamorus\n|-damage|p2a: Enamorus|14\/100\n|move|p2a: Enamorus|Moonblast|p1a: Rook\n|-supereffective|p1a: Rook\n|-damage|p1a: Rook|0 fnt\n|faint|p1a: Rook\n|\n|win|Empoleon77\n","uploadtime":1700262632,"views":35,"p1id":"puddlegirl","p2id":"empoleon77","formatid":"gen9ubers","rating":0,"private":0,"password":""}