{"id":"gen9ubers-1989462711","p1":"AlicieLizzie","p2":"DangerLeaderLizana","format":"[Gen 9] Ubers","log":"|j|\u2606AlicieLizzie\n|j|\u2606DangerLeaderLizana\n|t:|1699854324\n|gametype|singles\n|player|p1|AlicieLizzie|marnie-masters3|\n|player|p2|DangerLeaderLizana|266|\n|teamsize|p1|6\n|teamsize|p2|6\n|gen|9\n|tier|[Gen 9] Ubers\n|rule|Sleep Clause Mod: Limit one foe put to sleep\n|rule|Species Clause: Limit one of each Pok\u00e9mon\n|rule|OHKO Clause: OHKO moves are banned\n|rule|Evasion Items Clause: Evasion items are banned\n|rule|Evasion Moves Clause: Evasion moves are banned\n|rule|Endless Battle Clause: Forcing endless battles is banned\n|rule|HP Percentage Mod: HP is shown in percentages\n|clearpoke\n|poke|p1|Zacian-*|\n|poke|p1|Baxcalibur, M|\n|poke|p1|Ninetales-Alola, M|\n|poke|p1|Kommo-o, F|\n|poke|p1|Jirachi|\n|poke|p1|Scyther, F|\n|poke|p2|Zamazenta-*|\n|poke|p2|Gallade, M|\n|poke|p2|Cyclizar, F|\n|poke|p2|Pawmot, M|\n|poke|p2|Orthworm, F|\n|poke|p2|Roaring Moon|\n|teampreview\n|inactive|Battle timer is ON: inactive players will automatically lose when time's up. (requested by AlicieLizzie)\n|inactive|DangerLeaderLizana also wants the timer to be on.\n|\n|t:|1699854345\n|start\n|switch|p1a: Ninetales|Ninetales-Alola, M|100\/100\n|switch|p2a: Cyclizar|Cyclizar, F|100\/100\n|-weather|Snow|[from] ability: Snow Warning|[of] p1a: Ninetales\n|turn|1\n|\n|t:|1699854348\n|-terastallize|p2a: Cyclizar|Steel\n|move|p2a: Cyclizar|Taunt|p1a: Ninetales\n|-start|p1a: Ninetales|move: Taunt\n|cant|p1a: Ninetales|move: Taunt|Aurora Veil\n|\n|-weather|Snow|[upkeep]\n|upkeep\n|turn|2\n|\n|t:|1699854356\n|switch|p1a: Jirachi|Jirachi|100\/100\n|move|p2a: Cyclizar|Shed Tail|p2a: Cyclizar\n|-start|p2a: Cyclizar|Substitute|[from] move: Shed Tail\n|-damage|p2a: Cyclizar|50\/100\n|\n|t:|1699854359\n|switch|p2a: Roaring Moon|Roaring Moon|100\/100|[from] Shed Tail\n|-enditem|p2a: Roaring Moon|Booster Energy\n|-activate|p2a: Roaring Moon|ability: Protosynthesis|[fromitem]\n|-start|p2a: Roaring Moon|protosynthesisatk\n|\n|-weather|Snow|[upkeep]\n|upkeep\n|turn|3\n|\n|t:|1699854363\n|move|p1a: Jirachi|Drain Punch|p2a: Roaring Moon\n|-supereffective|p2a: Roaring Moon\n|-crit|p2a: Roaring Moon\n|-end|p2a: Roaring Moon|Substitute\n|move|p2a: Roaring Moon|Dragon Dance|p2a: Roaring Moon\n|-boost|p2a: Roaring Moon|atk|1\n|-boost|p2a: Roaring Moon|spe|1\n|\n|-weather|Snow|[upkeep]\n|upkeep\n|turn|4\n|\n|t:|1699854369\n|move|p2a: Roaring Moon|Knock Off|p1a: Jirachi\n|-supereffective|p1a: Jirachi\n|-damage|p1a: Jirachi|0 fnt\n|-enditem|p1a: Jirachi|Choice Scarf|[from] move: Knock Off|[of] p2a: Roaring Moon\n|faint|p1a: Jirachi\n|\n|-weather|Snow|[upkeep]\n|upkeep\n|\n|t:|1699854384\n|switch|p1a: Ninetales|Ninetales-Alola, M|100\/100\n|turn|5\n|\n|t:|1699854393\n|-terastallize|p1a: Ninetales|Fire\n|move|p2a: Roaring Moon|Iron Head|p1a: Ninetales\n|-resisted|p1a: Ninetales\n|-crit|p1a: Ninetales\n|-damage|p1a: Ninetales|31\/100\n|cant|p1a: Ninetales|flinch\n|\n|-weather|none\n|upkeep\n|turn|6\n|\n|t:|1699854412\n|switch|p1a: Kommo-o|Kommo-o, F|100\/100\n|move|p2a: Roaring Moon|Acrobatics|p1a: Kommo-o\n|-supereffective|p1a: Kommo-o\n|-damage|p1a: Kommo-o|0 fnt\n|faint|p1a: Kommo-o\n|\n|upkeep\n|\n|t:|1699854421\n|switch|p1a: Ninetales|Ninetales-Alola, M, tera:Fire|31\/100\n|-weather|Snow|[from] ability: Snow Warning|[of] p1a: Ninetales\n|turn|7\n|\n|t:|1699854424\n|move|p2a: Roaring Moon|Acrobatics|p1a: Ninetales\n|-damage|p1a: Ninetales|0 fnt\n|faint|p1a: Ninetales\n|\n|-weather|Snow|[upkeep]\n|upkeep\n|\n|t:|1699854429\n|switch|p1a: Baxcalibur|Baxcalibur, M|100\/100\n|turn|8\n|\n|t:|1699854438\n|move|p1a: Baxcalibur|Ice Shard|p2a: Roaring Moon\n|-supereffective|p2a: Roaring Moon\n|-damage|p2a: Roaring Moon|44\/100\n|move|p2a: Roaring Moon|Iron Head|p1a: Baxcalibur\n|-supereffective|p1a: Baxcalibur\n|-damage|p1a: Baxcalibur|16\/100\n|\n|-weather|Snow|[upkeep]\n|upkeep\n|turn|9\n|\n|t:|1699854444\n|move|p1a: Baxcalibur|Ice Shard|p2a: Roaring Moon\n|-supereffective|p2a: Roaring Moon\n|-damage|p2a: Roaring Moon|0 fnt\n|faint|p2a: Roaring Moon\n|-end|p2a: Roaring Moon|Protosynthesis|[silent]\n|\n|-weather|Snow|[upkeep]\n|upkeep\n|\n|t:|1699854449\n|switch|p2a: Cyclizar|Cyclizar, F, tera:Steel|84\/100\n|turn|10\n|\n|t:|1699854455\n|switch|p1a: Scyther|Scyther, F|100\/100\n|move|p2a: Cyclizar|Shed Tail|p2a: Cyclizar\n|-start|p2a: Cyclizar|Substitute|[from] move: Shed Tail\n|-damage|p2a: Cyclizar|33\/100\n|\n|t:|1699854456\n|switch|p2a: Gallade|Gallade, M|100\/100|[from] Shed Tail\n|\n|-weather|Snow|[upkeep]\n|upkeep\n|turn|11\n|\n|t:|1699854460\n|move|p1a: Scyther|Dual Wingbeat|p2a: Gallade\n|-supereffective|p2a: Gallade\n|-end|p2a: Gallade|Substitute\n|-supereffective|p2a: Gallade\n|-enditem|p2a: Gallade|Focus Sash\n|-damage|p2a: Gallade|1\/100\n|-hitcount|p2a: Gallade|2\n|move|p2a: Gallade|Agility|p2a: Gallade\n|-boost|p2a: Gallade|spe|2\n|\n|-weather|none\n|upkeep\n|turn|12\n|\n|t:|1699854468\n|move|p2a: Gallade|Psycho Cut|p1a: Scyther\n|-damage|p1a: Scyther|39\/100\n|move|p1a: Scyther|U-turn|p2a: Gallade\n|-damage|p2a: Gallade|0 fnt\n|faint|p2a: Gallade\n|\n|t:|1699854472\n|switch|p1a: Baxcalibur|Baxcalibur, M|16\/100|[from] U-turn\n|\n|upkeep\n|\n|t:|1699854474\n|switch|p2a: Pawmot|Pawmot, M|100\/100\n|turn|13\n|\n|t:|1699854478\n|move|p2a: Pawmot|Play Rough|p1a: Baxcalibur\n|-supereffective|p1a: Baxcalibur\n|-damage|p1a: Baxcalibur|0 fnt\n|faint|p1a: Baxcalibur\n|\n|upkeep\n|\n|t:|1699854484\n|switch|p1a: Zacian|Zacian|100\/100\n|-ability|p1a: Zacian|Intrepid Sword|boost\n|-boost|p1a: Zacian|atk|1\n|turn|14\n|\n|t:|1699854488\n|move|p1a: Zacian|Close Combat|p2a: Pawmot\n|-damage|p2a: Pawmot|0 fnt\n|-unboost|p1a: Zacian|def|1\n|-unboost|p1a: Zacian|spd|1\n|faint|p2a: Pawmot\n|\n|upkeep\n|\n|t:|1699854491\n|switch|p2a: Zamazenta|Zamazenta|100\/100\n|-ability|p2a: Zamazenta|Dauntless Shield|boost\n|-boost|p2a: Zamazenta|def|1\n|turn|15\n|\n|t:|1699854496\n|move|p1a: Zacian|Close Combat|p2a: Zamazenta\n|-damage|p2a: Zamazenta|49\/100\n|-unboost|p1a: Zacian|def|1\n|-unboost|p1a: Zacian|spd|1\n|move|p2a: Zamazenta|Iron Head|p1a: Zacian\n|-supereffective|p1a: Zacian\n|-damage|p1a: Zacian|0 fnt\n|faint|p1a: Zacian\n|\n|upkeep\n|\n|t:|1699854499\n|switch|p1a: Scyther|Scyther, F|39\/100\n|turn|16\n|\n|t:|1699854502\n|move|p2a: Zamazenta|Iron Head|p1a: Scyther\n|-damage|p1a: Scyther|2\/100\n|move|p1a: Scyther|Dual Wingbeat|p2a: Zamazenta\n|-supereffective|p2a: Zamazenta\n|-damage|p2a: Zamazenta|13\/100\n|-supereffective|p2a: Zamazenta\n|-damage|p2a: Zamazenta|0 fnt\n|faint|p2a: Zamazenta\n|-hitcount|p2: Zamazenta|2\n|\n|upkeep\n|c|\u2606DangerLeaderLizana|Gg\n|\n|t:|1699854507\n|switch|p2a: Orthworm|Orthworm, F|100\/100\n|turn|17\n|\n|t:|1699854510\n|move|p1a: Scyther|Dual Wingbeat|p2a: Orthworm\n|-resisted|p2a: Orthworm\n|-damage|p2a: Orthworm|90\/100\n|-resisted|p2a: Orthworm\n|-damage|p2a: Orthworm|81\/100\n|-hitcount|p2a: Orthworm|2\n|move|p2a: Orthworm|Iron Head|p1a: Scyther\n|-damage|p1a: Scyther|0 fnt\n|faint|p1a: Scyther\n|\n|win|DangerLeaderLizana\n|l|\u2606AlicieLizzie\n|l|\u2606DangerLeaderLizana\n|j|\u2606AlicieLizzie\n|player|p1|AlicieLizzie|marnie-masters3\n","uploadtime":1699854535,"views":21,"p1id":"alicielizzie","p2id":"dangerleaderlizana","formatid":"gen9ubers","rating":0,"private":0,"password":""}