{"id":"gen9ubers-1969847462","p1":"1P1o1s1h1e1","p2":"grasshopper021","format":"[Gen 9] Ubers","log":"|j|\u26061P1o1s1h1e1\n|j|\u2606grasshopper021\n|t:|1697569993\n|gametype|singles\n|player|p1|1P1o1s1h1e1|1|\n|player|p2|grasshopper021|zinnia|\n|teamsize|p1|6\n|teamsize|p2|6\n|gen|9\n|tier|[Gen 9] Ubers\n|rule|Sleep Clause Mod: Limit one foe put to sleep\n|rule|Species Clause: Limit one of each Pok\u00e9mon\n|rule|OHKO Clause: OHKO moves are banned\n|rule|Evasion Items Clause: Evasion items are banned\n|rule|Evasion Moves Clause: Evasion moves are banned\n|rule|Endless Battle Clause: Forcing endless battles is banned\n|rule|HP Percentage Mod: HP is shown in percentages\n|clearpoke\n|poke|p1|Arceus-Rock|\n|poke|p1|Hippowdon, F|\n|poke|p1|Garchomp, F|\n|poke|p1|Magearna|\n|poke|p1|Houndstone, M|\n|poke|p1|Cyclizar, F|\n|poke|p2|Torkoal, F|\n|poke|p2|Chi-Yu|\n|poke|p2|Walking Wake|\n|poke|p2|Hatterene, F|\n|poke|p2|Arceus-Fire|\n|poke|p2|Roaring Moon|\n|teampreview\n|c|\u2606grasshopper021|glhf c:\n|c|\u26061P1o1s1h1e1|u2\n|\n|t:|1697570036\n|start\n|switch|p1a: Cyclizar|Cyclizar, F|100\/100\n|switch|p2a: Walking Wake|Walking Wake|100\/100\n|turn|1\n|\n|t:|1697570080\n|-terastallize|p2a: Walking Wake|Water\n|move|p1a: Cyclizar|Shed Tail|p1a: Cyclizar\n|-start|p1a: Cyclizar|Substitute|[from] move: Shed Tail\n|-damage|p1a: Cyclizar|50\/100\n|\n|t:|1697570089\n|switch|p1a: Magearna|Magearna|100\/100|[from] Shed Tail\n|move|p2a: Walking Wake|Hydro Steam|p1a: Magearna\n|-end|p1a: Magearna|Substitute\n|\n|upkeep\n|turn|2\n|\n|t:|1697570096\n|move|p2a: Walking Wake|Hydro Steam|p1a: Magearna\n|-damage|p1a: Magearna|43\/100\n|move|p1a: Magearna|Thunder Wave|p2a: Walking Wake\n|-status|p2a: Walking Wake|par\n|\n|-heal|p1a: Magearna|49\/100|[from] item: Leftovers\n|upkeep\n|turn|3\n|\n|t:|1697570114\n|move|p1a: Magearna|Draining Kiss|p2a: Walking Wake\n|-damage|p2a: Walking Wake|75\/100 par\n|-heal|p1a: Magearna|67\/100|[from] drain|[of] p2a: Walking Wake\n|move|p2a: Walking Wake|Hydro Steam|p1a: Magearna\n|-damage|p1a: Magearna|16\/100\n|\n|-heal|p1a: Magearna|22\/100|[from] item: Leftovers\n|upkeep\n|turn|4\n|\n|t:|1697570130\n|move|p1a: Magearna|Spikes|p2a: Walking Wake\n|-sidestart|p2: grasshopper021|Spikes\n|cant|p2a: Walking Wake|par\n|\n|-heal|p1a: Magearna|28\/100|[from] item: Leftovers\n|upkeep\n|turn|5\n|\n|t:|1697570139\n|-end|p2a: Walking Wake|Protosynthesis|[silent]\n|switch|p2a: Hatterene|Hatterene, F, shiny|100\/100\n|-damage|p2a: Hatterene|88\/100|[from] Spikes\n|move|p1a: Magearna|Flash Cannon|p2a: Hatterene\n|-supereffective|p2a: Hatterene\n|-damage|p2a: Hatterene|14\/100\n|-enditem|p2a: Hatterene|Eject Button\n|c|\u26061P1o1s1h1e1|lol\n|\n|t:|1697570147\n|switch|p2a: Chi-Yu|Chi-Yu|100\/100\n|-damage|p2a: Chi-Yu|88\/100|[from] Spikes\n|-ability|p2a: Chi-Yu|Beads of Ruin\n|\n|-heal|p1a: Magearna|34\/100|[from] item: Leftovers\n|upkeep\n|turn|6\n|c|\u2606grasshopper021|fuckin got me\n|\n|t:|1697570177\n|move|p2a: Chi-Yu|Flamethrower|p1a: Magearna\n|-supereffective|p1a: Magearna\n|-damage|p1a: Magearna|0 fnt\n|faint|p1a: Magearna\n|\n|upkeep\n|\n|t:|1697570180\n|switch|p1a: Hippowdon|Hippowdon, F|100\/100\n|-weather|Sandstorm|[from] ability: Sand Stream|[of] p1a: Hippowdon\n|turn|7\n|\n|t:|1697570190\n|switch|p2a: Hatterene|Hatterene, F, shiny|14\/100\n|-damage|p2a: Hatterene|1\/100|[from] Spikes\n|switch|p1a: Arceus|Arceus-Rock|100\/100\n|\n|-weather|Sandstorm|[upkeep]\n|-damage|p2a: Hatterene|0 fnt|[from] Sandstorm\n|faint|p2a: Hatterene\n|upkeep\n|\n|t:|1697570211\n|switch|p2a: Torkoal|Torkoal, F|100\/100\n|-damage|p2a: Torkoal|88\/100|[from] Spikes\n|-weather|SunnyDay|[from] ability: Drought|[of] p2a: Torkoal\n|turn|8\n|\n|t:|1697570232\n|switch|p2a: Walking Wake|Walking Wake, tera:Water|75\/100 par\n|-damage|p2a: Walking Wake|62\/100 par|[from] Spikes\n|-activate|p2a: Walking Wake|ability: Protosynthesis\n|-start|p2a: Walking Wake|protosynthesisspa\n|move|p1a: Arceus|Judgment|p2a: Walking Wake\n|-damage|p2a: Walking Wake|1\/100 par\n|\n|-weather|SunnyDay|[upkeep]\n|upkeep\n|turn|9\n|\n|t:|1697570242\n|move|p1a: Arceus|Judgment|p2a: Walking Wake\n|-damage|p2a: Walking Wake|0 fnt\n|faint|p2a: Walking Wake\n|-end|p2a: Walking Wake|Protosynthesis|[silent]\n|\n|-weather|SunnyDay|[upkeep]\n|upkeep\n|\n|t:|1697570250\n|switch|p2a: Chi-Yu|Chi-Yu|88\/100\n|-damage|p2a: Chi-Yu|76\/100|[from] Spikes\n|-ability|p2a: Chi-Yu|Beads of Ruin\n|turn|10\n|\n|t:|1697570267\n|move|p2a: Chi-Yu|Dark Pulse|p1a: Arceus\n|-damage|p1a: Arceus|56\/100\n|move|p1a: Arceus|Judgment|p2a: Chi-Yu\n|-supereffective|p2a: Chi-Yu\n|-damage|p2a: Chi-Yu|0 fnt\n|faint|p2a: Chi-Yu\n|\n|-weather|SunnyDay|[upkeep]\n|upkeep\n|\n|t:|1697570274\n|switch|p2a: Roaring Moon|Roaring Moon|100\/100\n|-damage|p2a: Roaring Moon|88\/100|[from] Spikes\n|-activate|p2a: Roaring Moon|ability: Protosynthesis\n|-start|p2a: Roaring Moon|protosynthesisatk\n|turn|11\n|\n|t:|1697570295\n|switch|p1a: Hippowdon|Hippowdon, F|100\/100\n|-weather|Sandstorm|[from] ability: Sand Stream|[of] p1a: Hippowdon\n|-end|p2a: Roaring Moon|Protosynthesis\n|-enditem|p2a: Roaring Moon|Booster Energy\n|-activate|p2a: Roaring Moon|ability: Protosynthesis|[fromitem]\n|-start|p2a: Roaring Moon|protosynthesisatk\n|move|p2a: Roaring Moon|Dragon Dance|p2a: Roaring Moon\n|-boost|p2a: Roaring Moon|atk|1\n|-boost|p2a: Roaring Moon|spe|1\n|\n|-weather|Sandstorm|[upkeep]\n|-damage|p2a: Roaring Moon|82\/100|[from] Sandstorm\n|upkeep\n|turn|12\n|\n|t:|1697570311\n|move|p2a: Roaring Moon|Acrobatics|p1a: Hippowdon\n|-damage|p1a: Hippowdon|57\/100\n|move|p1a: Hippowdon|Whirlwind|p2a: Roaring Moon\n|-end|p2a: Roaring Moon|Protosynthesis|[silent]\n|drag|p2a: Torkoal|Torkoal, F|88\/100\n|-damage|p2a: Torkoal|76\/100|[from] Spikes\n|-weather|SunnyDay|[from] ability: Drought|[of] p2a: Torkoal\n|\n|-weather|SunnyDay|[upkeep]\n|upkeep\n|turn|13\n|\n|t:|1697570327\n|move|p1a: Hippowdon|Stealth Rock|p2a: Torkoal\n|-sidestart|p2: grasshopper021|move: Stealth Rock\n|move|p2a: Torkoal|Stealth Rock|p1a: Hippowdon\n|-sidestart|p1: 1P1o1s1h1e1|move: Stealth Rock\n|\n|-weather|SunnyDay|[upkeep]\n|upkeep\n|turn|14\n|\n|t:|1697570332\n|switch|p1a: Houndstone|Houndstone, M|100\/100\n|-damage|p1a: Houndstone|88\/100|[from] Stealth Rock\n|move|p2a: Torkoal|Rapid Spin|p1a: Houndstone\n|-immune|p1a: Houndstone\n|\n|-weather|SunnyDay|[upkeep]\n|upkeep\n|turn|15\n|\n|t:|1697570344\n|move|p1a: Houndstone|Play Rough|p2a: Torkoal\n|-resisted|p2a: Torkoal\n|-damage|p2a: Torkoal|64\/100\n|move|p2a: Torkoal|Yawn|p1a: Houndstone\n|-start|p1a: Houndstone|move: Yawn|[of] p2a: Torkoal\n|\n|-weather|SunnyDay|[upkeep]\n|upkeep\n|turn|16\n|\n|t:|1697570355\n|switch|p1a: Garchomp|Garchomp, F|100\/100\n|-damage|p1a: Garchomp|94\/100|[from] Stealth Rock\n|move|p2a: Torkoal|Rapid Spin|p1a: Garchomp\n|-crit|p1a: Garchomp\n|-damage|p1a: Garchomp|80\/100\n|-boost|p2a: Torkoal|spe|1\n|-sideend|p2: grasshopper021|Spikes|[from] move: Rapid Spin|[of] p2a: Torkoal\n|-sideend|p2: grasshopper021|Stealth Rock|[from] move: Rapid Spin|[of] p2a: Torkoal\n|\n|-weather|SunnyDay|[upkeep]\n|upkeep\n|turn|17\n|\n|t:|1697570366\n|switch|p2a: Roaring Moon|Roaring Moon|82\/100\n|-activate|p2a: Roaring Moon|ability: Protosynthesis\n|-start|p2a: Roaring Moon|protosynthesisatk\n|move|p1a: Garchomp|Scale Shot|p2a: Roaring Moon\n|-supereffective|p2a: Roaring Moon\n|-damage|p2a: Roaring Moon|51\/100\n|-supereffective|p2a: Roaring Moon\n|-damage|p2a: Roaring Moon|17\/100\n|-supereffective|p2a: Roaring Moon\n|-damage|p2a: Roaring Moon|0 fnt\n|faint|p2a: Roaring Moon\n|-end|p2a: Roaring Moon|Protosynthesis|[silent]\n|-hitcount|p2: Roaring Moon|3\n|-unboost|p1a: Garchomp|def|1\n|-boost|p1a: Garchomp|spe|1\n|\n|-weather|SunnyDay|[upkeep]\n|upkeep\n|\n|t:|1697570380\n|switch|p2a: Arceus-Wrong Type|Arceus-Fire|100\/100\n|turn|18\n|\n|t:|1697570386\n|move|p1a: Garchomp|Earthquake|p2a: Arceus-Wrong Type\n|-supereffective|p2a: Arceus-Wrong Type\n|-damage|p2a: Arceus-Wrong Type|29\/100\n|move|p2a: Arceus-Wrong Type|Ice Beam|p1a: Garchomp\n|-supereffective|p1a: Garchomp\n|-damage|p1a: Garchomp|0 fnt\n|faint|p1a: Garchomp\n|\n|-weather|SunnyDay|[upkeep]\n|upkeep\n|\n|t:|1697570396\n|switch|p1a: Hippowdon|Hippowdon, F|57\/100\n|-damage|p1a: Hippowdon|51\/100|[from] Stealth Rock\n|-weather|Sandstorm|[from] ability: Sand Stream|[of] p1a: Hippowdon\n|turn|19\n|\n|t:|1697570406\n|switch|p1a: Cyclizar|Cyclizar, F|84\/100\n|move|p2a: Arceus-Wrong Type|Ice Beam|p1a: Cyclizar\n|-supereffective|p1a: Cyclizar\n|-damage|p1a: Cyclizar|0 fnt\n|faint|p1a: Cyclizar\n|\n|-weather|Sandstorm|[upkeep]\n|-damage|p2a: Arceus-Wrong Type|23\/100|[from] Sandstorm\n|upkeep\n|\n|t:|1697570408\n|switch|p1a: Arceus|Arceus-Rock|56\/100\n|-damage|p1a: Arceus|43\/100|[from] Stealth Rock\n|turn|20\n|\n|t:|1697570422\n|switch|p2a: Torkoal|Torkoal, F|64\/100\n|-weather|SunnyDay|[from] ability: Drought|[of] p2a: Torkoal\n|move|p1a: Arceus|Recover|p1a: Arceus\n|-heal|p1a: Arceus|93\/100\n|\n|-weather|SunnyDay|[upkeep]\n|upkeep\n|turn|21\n|\n|t:|1697570432\n|move|p1a: Arceus|Judgment|p2a: Torkoal\n|-supereffective|p2a: Torkoal\n|-damage|p2a: Torkoal|0 fnt\n|faint|p2a: Torkoal\n|\n|-weather|SunnyDay|[upkeep]\n|upkeep\n|\n|t:|1697570437\n|switch|p2a: Arceus-Wrong Type|Arceus-Fire|23\/100\n|turn|22\n|c|\u2606grasshopper021|gg\n|c|\u26061P1o1s1h1e1|gg\n|\n|t:|1697570442\n|switch|p1a: Hippowdon|Hippowdon, F|51\/100\n|-damage|p1a: Hippowdon|45\/100|[from] Stealth Rock\n|-weather|Sandstorm|[from] ability: Sand Stream|[of] p1a: Hippowdon\n|move|p2a: Arceus-Wrong Type|Thunderbolt|p1a: Hippowdon\n|-immune|p1a: Hippowdon\n|\n|-weather|Sandstorm|[upkeep]\n|-damage|p2a: Arceus-Wrong Type|17\/100|[from] Sandstorm\n|upkeep\n|turn|23\n|\n|t:|1697570452\n|move|p2a: Arceus-Wrong Type|Ice Beam|p1a: Hippowdon\n|-supereffective|p1a: Hippowdon\n|-damage|p1a: Hippowdon|0 fnt\n|faint|p1a: Hippowdon\n|\n|-weather|Sandstorm|[upkeep]\n|-damage|p2a: Arceus-Wrong Type|10\/100|[from] Sandstorm\n|upkeep\n|\n|t:|1697570455\n|switch|p1a: Houndstone|Houndstone, M|88\/100\n|-damage|p1a: Houndstone|76\/100|[from] Stealth Rock\n|turn|24\n|\n|t:|1697570462\n|move|p1a: Houndstone|Last Respects|p2a: Arceus-Wrong Type\n|-damage|p2a: Arceus-Wrong Type|0 fnt\n|faint|p2a: Arceus-Wrong Type\n|\n|win|1P1o1s1h1e1\n|l|\u2606grasshopper021\n","uploadtime":1697570490,"views":32,"p1id":"1p1o1s1h1e1","p2id":"grasshopper021","formatid":"gen9ubers","rating":0,"private":0,"password":""}