{"id":"gen9ubers-1999639340","p1":"Aurorecristal","p2":"Roxas RPPLF","format":"[Gen 9] Ubers","log":"|j|\u2606Aurorecristal\n|j|\u2606Roxas RPPLF\n|t:|1701103591\n|gametype|singles\n|player|p1|Aurorecristal|lady|\n|player|p2|Roxas RPPLF|101|\n|teamsize|p1|6\n|teamsize|p2|6\n|gen|9\n|tier|[Gen 9] Ubers\n|rule|Sleep Clause Mod: Limit one foe put to sleep\n|rule|Species Clause: Limit one of each Pok\u00e9mon\n|rule|OHKO Clause: OHKO moves are banned\n|rule|Evasion Items Clause: Evasion items are banned\n|rule|Evasion Moves Clause: Evasion moves are banned\n|rule|Endless Battle Clause: Forcing endless battles is banned\n|rule|HP Percentage Mod: HP is shown in percentages\n|clearpoke\n|poke|p1|Kingambit, M|\n|poke|p1|Ditto|\n|poke|p1|Scream Tail|\n|poke|p1|Alomomola, F|\n|poke|p1|Okidogi, M|\n|poke|p1|Annihilape, M|\n|poke|p2|Miraidon|\n|poke|p2|Iron Leaves|\n|poke|p2|Iron Moth|\n|poke|p2|Iron Hands|\n|poke|p2|Iron Jugulis|\n|poke|p2|Forretress, M|\n|teampreview\n|\n|t:|1701103602\n|start\n|switch|p1a: Angry bird|Annihilape, M|100\/100\n|switch|p2a: Iron Leaves|Iron Leaves|100\/100\n|turn|1\n|c|\u2606Aurorecristal|Hf\n|\n|t:|1701103645\n|move|p2a: Iron Leaves|Psyblade|p1a: Angry bird\n|-supereffective|p1a: Angry bird\n|-damage|p1a: Angry bird|0 fnt\n|faint|p1a: Angry bird\n|\n|upkeep\n|\n|t:|1701103651\n|switch|p1a: My Lord|Kingambit, M|100\/100\n|-activate|p1a: My Lord|ability: Supreme Overlord\n|-start|p1a: My Lord|fallen1|[silent]\n|turn|2\n|c|\u2606Roxas RPPLF|Hf\n|c|\u2606Aurorecristal|Ok j'ai envie de ff\n|c|\u2606Roxas RPPLF|Choqu\u00e9 du ohko en vrai\n|c|\u2606Aurorecristal|Mdr\n|c|\u2606Roxas RPPLF|M\u00eame moi j'ai pas calc que \u00e7a pouvait faire \u00e7a\n|\n|t:|1701103689\n|-end|p1a: My Lord|fallen1|[silent]\n|switch|p1a: Tail'low|Scream Tail|100\/100\n|move|p2a: Iron Leaves|Close Combat|p1a: Tail'low\n|-resisted|p1a: Tail'low\n|-damage|p1a: Tail'low|93\/100\n|-unboost|p2a: Iron Leaves|def|1\n|-unboost|p2a: Iron Leaves|spd|1\n|\n|-heal|p1a: Tail'low|99\/100|[from] item: Leftovers\n|upkeep\n|turn|3\n|c|\u2606Aurorecristal|Je pensais pas non plus\n|\n|t:|1701103720\n|-end|p2a: Iron Leaves|Quark Drive|[silent]\n|switch|p2a: Iron Moth|Iron Moth|100\/100\n|move|p1a: Tail'low|Thunderbolt|p2a: Iron Moth\n|-damage|p2a: Iron Moth|86\/100\n|\n|-heal|p1a: Tail'low|100\/100|[from] item: Leftovers\n|upkeep\n|turn|4\n|\n|t:|1701103730\n|-end|p1a: Tail'low|Protosynthesis|[silent]\n|switch|p1a: Okikitty|Okidogi, M|100\/100\n|move|p2a: Iron Moth|Fiery Dance|p1a: Okikitty\n|-damage|p1a: Okikitty|64\/100\n|-boost|p2a: Iron Moth|spa|1\n|\n|-heal|p1a: Okikitty|70\/100|[from] item: Black Sludge\n|upkeep\n|turn|5\n|\n|t:|1701103749\n|-end|p2a: Iron Moth|Quark Drive|[silent]\n|switch|p2a: Forretress|Forretress, M|100\/100\n|move|p1a: Okikitty|Protect||[still]\n|-fail|p1a: Okikitty\n|\n|-heal|p1a: Okikitty|76\/100|[from] item: Black Sludge\n|upkeep\n|turn|6\n|\n|t:|1701103760\n|move|p1a: Okikitty|Knock Off|p2a: Forretress\n|-damage|p2a: Forretress|82\/100\n|-damage|p1a: Okikitty|59\/100|[from] item: Rocky Helmet|[of] p2a: Forretress\n|-enditem|p2a: Forretress|Rocky Helmet|[from] move: Knock Off|[of] p1a: Okikitty\n|move|p2a: Forretress|Stealth Rock|p1a: Okikitty\n|-sidestart|p1: Aurorecristal|move: Stealth Rock\n|\n|-heal|p1a: Okikitty|65\/100|[from] item: Black Sludge\n|upkeep\n|turn|7\n|\n|t:|1701103771\n|switch|p1a: Lovdisc|Alomomola, F|100\/100\n|-damage|p1a: Lovdisc|88\/100|[from] Stealth Rock\n|move|p2a: Forretress|Volt Switch|p1a: Lovdisc\n|-supereffective|p1a: Lovdisc\n|-damage|p1a: Lovdisc|72\/100\n|\n|t:|1701103787\n|switch|p2a: Iron Leaves|Iron Leaves|100\/100|[from] Volt Switch\n|\n|upkeep\n|turn|8\n|\n|t:|1701103794\n|-terastallize|p1a: Lovdisc|Ghost\n|move|p2a: Iron Leaves|Leaf Blade|p1a: Lovdisc\n|-damage|p1a: Lovdisc|36\/100\n|-damage|p2a: Iron Leaves|84\/100|[from] item: Rocky Helmet|[of] p1a: Lovdisc\n|move|p1a: Lovdisc|Whirlpool|p2a: Iron Leaves\n|-resisted|p2a: Iron Leaves\n|-damage|p2a: Iron Leaves|81\/100\n|-activate|p2a: Iron Leaves|move: Whirlpool|[of] p1a: Lovdisc\n|\n|-damage|p2a: Iron Leaves|69\/100|[from] move: Whirlpool|[partiallytrapped]\n|upkeep\n|turn|9\n|\n|t:|1701103819\n|move|p2a: Iron Leaves|Leaf Blade|p1a: Lovdisc\n|-crit|p1a: Lovdisc\n|-damage|p1a: Lovdisc|0 fnt\n|-damage|p2a: Iron Leaves|52\/100|[from] item: Rocky Helmet|[of] p1a: Lovdisc\n|faint|p1a: Lovdisc\n|\n|-end|p2a: Iron Leaves|Whirlpool|[partiallytrapped]|[silent]\n|upkeep\n|\n|t:|1701103833\n|switch|p1a: My Lord|Kingambit, M|100\/100\n|-damage|p1a: My Lord|94\/100|[from] Stealth Rock\n|-activate|p1a: My Lord|ability: Supreme Overlord\n|-start|p1a: My Lord|fallen2|[silent]\n|turn|10\n|c|\u2606Aurorecristal|Ok\n|\n|t:|1701103839\n|move|p1a: My Lord|Sucker Punch|p2a: Iron Leaves\n|-supereffective|p2a: Iron Leaves\n|-damage|p2a: Iron Leaves|0 fnt\n|faint|p2a: Iron Leaves\n|-end|p2a: Iron Leaves|Quark Drive|[silent]\n|-damage|p1a: My Lord|84\/100|[from] item: Life Orb\n|\n|upkeep\n|c|\u2606Aurorecristal|J'ai compris\n|\n|t:|1701103855\n|switch|p2a: Iron Hands|Iron Hands|100\/100\n|turn|11\n|\n|t:|1701103862\n|-end|p1a: My Lord|fallen2|[silent]\n|switch|p1a: Tail'low|Scream Tail|100\/100\n|-damage|p1a: Tail'low|88\/100|[from] Stealth Rock\n|move|p2a: Iron Hands|Earthquake|p1a: Tail'low\n|-damage|p1a: Tail'low|57\/100\n|\n|-heal|p1a: Tail'low|63\/100|[from] item: Leftovers\n|upkeep\n|turn|12\n|\n|t:|1701103894\n|-end|p2a: Iron Hands|Quark Drive|[silent]\n|switch|p2a: Iron Moth|Iron Moth|86\/100\n|move|p1a: Tail'low|Wish|p1a: Tail'low\n|\n|-heal|p1a: Tail'low|70\/100|[from] item: Leftovers\n|upkeep\n|turn|13\n|c|\u2606Roxas RPPLF|Tu as compris ?\n|\n|t:|1701103952\n|-end|p1a: Tail'low|Protosynthesis|[silent]\n|switch|p1a: Okikitty|Okidogi, M|65\/100\n|-damage|p1a: Okikitty|59\/100|[from] Stealth Rock\n|move|p2a: Iron Moth|Fiery Dance|p1a: Okikitty\n|-damage|p1a: Okikitty|21\/100\n|\n|-heal|p1a: Okikitty|90\/100|[from] move: Wish|[wisher] Tail'low\n|-heal|p1a: Okikitty|96\/100|[from] item: Black Sludge\n|upkeep\n|turn|14\n|c|\u2606Aurorecristal|J'aurais d\u00fb ff t1\n|c|\u2606Aurorecristal|Mdr\n|\n|t:|1701103967\n|move|p2a: Iron Moth|Fiery Dance|p1a: Okikitty\n|-damage|p1a: Okikitty|60\/100\n|-boost|p2a: Iron Moth|spa|1\n|move|p1a: Okikitty|Gunk Shot|p2a: Iron Moth\n|-resisted|p2a: Iron Moth\n|-damage|p2a: Iron Moth|37\/100\n|\n|-heal|p1a: Okikitty|66\/100|[from] item: Black Sludge\n|upkeep\n|turn|15\n|c|\u2606Roxas RPPLF|Tu peux large win la\n|\n|t:|1701103997\n|-end|p2a: Iron Moth|Quark Drive|[silent]\n|switch|p2a: Forretress|Forretress, M|82\/100\n|move|p1a: Okikitty|Psychic Fangs|p2a: Forretress\n|-resisted|p2a: Forretress\n|-damage|p2a: Forretress|74\/100\n|\n|-heal|p1a: Okikitty|72\/100|[from] item: Black Sludge\n|upkeep\n|turn|16\n|c|\u2606Aurorecristal|Franchement non\n|\n|t:|1701104011\n|move|p1a: Okikitty|Protect|p1a: Okikitty\n|-singleturn|p1a: Okikitty|Protect\n|move|p2a: Forretress|Volt Switch|p1a: Okikitty\n|-activate|p1a: Okikitty|move: Protect\n|\n|-heal|p1a: Okikitty|78\/100|[from] item: Black Sludge\n|upkeep\n|turn|17\n|\n|t:|1701104020\n|move|p1a: Okikitty|Knock Off|p2a: Forretress\n|-damage|p2a: Forretress|63\/100\n|move|p2a: Forretress|Volt Switch|p1a: Okikitty\n|-damage|p1a: Okikitty|68\/100\n|c|\u2606Aurorecristal|Tu joues trop bien pour \u00e7a\n|\n|t:|1701104050\n|switch|p2a: Iron Jugulis|Iron Jugulis|100\/100|[from] Volt Switch\n|\n|-heal|p1a: Okikitty|74\/100|[from] item: Black Sludge\n|upkeep\n|turn|18\n|\n|t:|1701104061\n|move|p2a: Iron Jugulis|Earth Power|p1a: Okikitty\n|-supereffective|p1a: Okikitty\n|-damage|p1a: Okikitty|2\/100\n|move|p1a: Okikitty|Gunk Shot|p2a: Iron Jugulis\n|-damage|p2a: Iron Jugulis|30\/100\n|\n|-heal|p1a: Okikitty|8\/100|[from] item: Black Sludge\n|upkeep\n|turn|19\n|\n|t:|1701104070\n|move|p2a: Iron Jugulis|Earth Power|p1a: Okikitty\n|-supereffective|p1a: Okikitty\n|-damage|p1a: Okikitty|0 fnt\n|faint|p1a: Okikitty\n|\n|upkeep\n|c|\u2606Roxas RPPLF|La \u00e7a fait mal ahah\n|\n|t:|1701104078\n|switch|p1a: Tail'low|Scream Tail|70\/100\n|-damage|p1a: Tail'low|57\/100|[from] Stealth Rock\n|turn|20\n|\n|t:|1701104092\n|-end|p2a: Iron Jugulis|Quark Drive|[silent]\n|switch|p2a: Forretress|Forretress, M|63\/100\n|move|p1a: Tail'low|Wish|p1a: Tail'low\n|\n|-heal|p1a: Tail'low|63\/100|[from] item: Leftovers\n|upkeep\n|turn|21\n|\n|t:|1701104102\n|move|p1a: Tail'low|Thunderbolt|p2a: Forretress\n|-damage|p2a: Forretress|38\/100\n|move|p2a: Forretress|Volt Switch|p1a: Tail'low\n|-damage|p1a: Tail'low|56\/100\n|\n|t:|1701104111\n|switch|p2a: Iron Moth|Iron Moth|37\/100|[from] Volt Switch\n|\n|-heal|p1a: Tail'low|100\/100|[from] move: Wish|[wisher] Tail'low\n|upkeep\n|turn|22\n|\n|t:|1701104120\n|move|p2a: Iron Moth|Fiery Dance|p1a: Tail'low\n|-damage|p1a: Tail'low|73\/100\n|-boost|p2a: Iron Moth|spa|1\n|move|p1a: Tail'low|Thunderbolt|p2a: Iron Moth\n|-damage|p2a: Iron Moth|22\/100\n|\n|-heal|p1a: Tail'low|80\/100|[from] item: Leftovers\n|upkeep\n|turn|23\n|\n|t:|1701104150\n|-end|p2a: Iron Moth|Quark Drive|[silent]\n|switch|p2a: Iron Hands|Iron Hands|100\/100\n|move|p1a: Tail'low|Protect||[still]\n|-fail|p1a: Tail'low\n|\n|-heal|p1a: Tail'low|86\/100|[from] item: Leftovers\n|upkeep\n|turn|24\n|\n|t:|1701104159\n|move|p1a: Tail'low|Perish Song|p1a: Tail'low\n|-start|p1a: Tail'low|perish3|[silent]\n|-start|p2a: Iron Hands|perish3|[silent]\n|-fieldactivate|move: Perish Song\n|move|p2a: Iron Hands|Thunder Punch|p1a: Tail'low\n|-damage|p1a: Tail'low|48\/100\n|\n|-heal|p1a: Tail'low|55\/100|[from] item: Leftovers\n|-start|p1a: Tail'low|perish3\n|-start|p2a: Iron Hands|perish3\n|upkeep\n|turn|25\n|\n|t:|1701104179\n|move|p1a: Tail'low|Wish|p1a: Tail'low\n|move|p2a: Iron Hands|Thunder Punch|p1a: Tail'low\n|-damage|p1a: Tail'low|19\/100\n|-status|p1a: Tail'low|par\n|\n|-heal|p1a: Tail'low|25\/100 par|[from] item: Leftovers\n|-start|p1a: Tail'low|perish2\n|-start|p2a: Iron Hands|perish2\n|upkeep\n|turn|26\n|\n|t:|1701104191\n|move|p1a: Tail'low|Protect|p1a: Tail'low\n|-singleturn|p1a: Tail'low|Protect\n|move|p2a: Iron Hands|Thunder Punch|p1a: Tail'low\n|-activate|p1a: Tail'low|move: Protect\n|\n|-heal|p1a: Tail'low|75\/100 par|[from] move: Wish|[wisher] Tail'low\n|-heal|p1a: Tail'low|81\/100 par|[from] item: Leftovers\n|-start|p1a: Tail'low|perish1\n|-start|p2a: Iron Hands|perish1\n|upkeep\n|turn|27\n|\n|t:|1701104203\n|-end|p1a: Tail'low|Protosynthesis|[silent]\n|switch|p1a: Slimy slime|Ditto|100\/100\n|-damage|p1a: Slimy slime|88\/100|[from] Stealth Rock\n|-transform|p1a: Slimy slime|p2a: Iron Hands|[from] ability: Imposter\n|-end|p2a: Iron Hands|Quark Drive|[silent]\n|switch|p2a: Forretress|Forretress, M|38\/100\n|\n|upkeep\n|turn|28\n|\n|t:|1701104215\n|move|p1a: Slimy slime|Thunder Punch|p2a: Forretress\n|-damage|p2a: Forretress|10\/100\n|move|p2a: Forretress|Volt Switch|p1a: Slimy slime\n|-resisted|p1a: Slimy slime\n|-damage|p1a: Slimy slime|80\/100\n|\n|t:|1701104229\n|switch|p2a: Iron Jugulis|Iron Jugulis|30\/100|[from] Volt Switch\n|\n|upkeep\n|turn|29\n|\n|t:|1701104235\n|move|p2a: Iron Jugulis|Earth Power|p1a: Slimy slime\n|-supereffective|p1a: Slimy slime\n|-damage|p1a: Slimy slime|0 fnt\n|faint|p1a: Slimy slime\n|-end|p1a: Slimy slime|Quark Drive|[silent]\n|\n|upkeep\n|\n|t:|1701104240\n|switch|p1a: My Lord|Kingambit, M|84\/100\n|-damage|p1a: My Lord|78\/100|[from] Stealth Rock\n|-activate|p1a: My Lord|ability: Supreme Overlord\n|-start|p1a: My Lord|fallen4|[silent]\n|turn|30\n|\n|t:|1701104250\n|move|p2a: Iron Jugulis|Earth Power|p1a: My Lord\n|-supereffective|p1a: My Lord\n|-damage|p1a: My Lord|0 fnt\n|faint|p1a: My Lord\n|-end|p1a: My Lord|fallen4|[silent]\n|\n|upkeep\n|c|\u2606Roxas RPPLF|Gg\n|-message|Aurorecristal forfeited.\n|\n|win|Roxas RPPLF\n|l|\u2606Aurorecristal\n","uploadtime":1701104261,"views":5,"p1id":"aurorecristal","p2id":"roxasrpplf","formatid":"gen9ubers","rating":0,"private":0,"password":""}