{"id":"gen9ubers-1982843806","p1":"fungoos469","p2":"lionah","format":"[Gen 9] Ubers","log":"|j|\u2606fungoos469\n|j|\u2606lionah\n|t:|1699050473\n|gametype|singles\n|player|p1|fungoos469|169|\n|player|p2|lionah|shauna|\n|teamsize|p1|6\n|teamsize|p2|6\n|gen|9\n|tier|[Gen 9] Ubers\n|rule|Sleep Clause Mod: Limit one foe put to sleep\n|rule|Species Clause: Limit one of each Pok\u00e9mon\n|rule|OHKO Clause: OHKO moves are banned\n|rule|Evasion Items Clause: Evasion items are banned\n|rule|Evasion Moves Clause: Evasion moves are banned\n|rule|Endless Battle Clause: Forcing endless battles is banned\n|rule|HP Percentage Mod: HP is shown in percentages\n|clearpoke\n|poke|p1|Basculegion-F, F|\n|poke|p1|Pelipper, F|\n|poke|p1|Giratina|\n|poke|p1|Magearna|\n|poke|p1|Arceus-Fighting|\n|poke|p1|Chi-Yu|\n|poke|p2|Giratina|\n|poke|p2|Chi-Yu|\n|poke|p2|Arceus-Poison|\n|poke|p2|Magearna-Original|\n|poke|p2|Zacian-*|\n|poke|p2|Uxie|\n|teampreview\n|inactive|Battle timer is ON: inactive players will automatically lose when time's up. (requested by lionah)\n|\n|t:|1699050480\n|start\n|switch|p1a: Pelipper|Pelipper, F, shiny|100\/100\n|switch|p2a: Uxie|Uxie|100\/100\n|turn|1\n|c|\u2606fungoos469|wait why does my pelliper have keen eye?\n|\n|t:|1699050507\n|move|p2a: Uxie|Stealth Rock|p1a: Pelipper\n|-sidestart|p1: fungoos469|move: Stealth Rock\n|move|p1a: Pelipper|U-turn|p2a: Uxie\n|-supereffective|p2a: Uxie\n|-damage|p2a: Uxie|89\/100\n|c|\u2606fungoos469|oh well\n|inactive|fungoos469 has 270 seconds left.\n|\n|t:|1699050519\n|switch|p1a: Chi-Yu|Chi-Yu|100\/100|[from] U-turn\n|-damage|p1a: Chi-Yu|76\/100|[from] Stealth Rock\n|-ability|p1a: Chi-Yu|Beads of Ruin\n|\n|-heal|p2a: Uxie|95\/100|[from] item: Leftovers\n|upkeep\n|turn|2\n|inactive|fungoos469 has 270 seconds left.\n|\n|t:|1699050530\n|switch|p2a: Magearna|Magearna-Original|100\/100\n|move|p1a: Chi-Yu|Dark Pulse|p2a: Magearna\n|-resisted|p2a: Magearna\n|-damage|p2a: Magearna|75\/100\n|\n|-heal|p2a: Magearna|81\/100|[from] item: Leftovers\n|upkeep\n|turn|3\n|inactive|fungoos469 has 270 seconds left.\n|\n|t:|1699050546\n|switch|p1a: Magearna|Magearna|100\/100\n|-damage|p1a: Magearna|94\/100|[from] Stealth Rock\n|move|p2a: Magearna|Thunder Wave|p1a: Magearna|[miss]\n|-miss|p2a: Magearna|p1a: Magearna\n|\n|-heal|p2a: Magearna|87\/100|[from] item: Leftovers\n|-heal|p1a: Magearna|100\/100|[from] item: Leftovers\n|upkeep\n|turn|4\n|inactive|fungoos469 has 270 seconds left.\n|\n|t:|1699050558\n|move|p1a: Magearna|Thunder Wave|p2a: Magearna\n|-status|p2a: Magearna|par\n|move|p2a: Magearna|Volt Switch|p1a: Magearna\n|-damage|p1a: Magearna|83\/100\n|\n|t:|1699050565\n|switch|p2a: Arceus|Arceus-Poison|100\/100|[from] Volt Switch\n|\n|-heal|p1a: Magearna|89\/100|[from] item: Leftovers\n|upkeep\n|turn|5\n|inactive|fungoos469 has 270 seconds left.\n|\n|t:|1699050575\n|move|p2a: Arceus|Taunt|p1a: Magearna\n|-start|p1a: Magearna|move: Taunt\n|cant|p1a: Magearna|move: Taunt|Thunder Wave\n|\n|-heal|p1a: Magearna|95\/100|[from] item: Leftovers\n|upkeep\n|turn|6\n|inactive|fungoos469 has 270 seconds left.\n|\n|t:|1699050587\n|move|p2a: Arceus|Cosmic Power|p2a: Arceus\n|-boost|p2a: Arceus|def|1\n|-boost|p2a: Arceus|spd|1\n|move|p1a: Magearna|Volt Switch|p2a: Arceus\n|-damage|p2a: Arceus|91\/100\n|inactive|fungoos469 has 270 seconds left.\n|\n|t:|1699050593\n|switch|p1a: Giratina|Giratina|100\/100|[from] Volt Switch\n|-damage|p1a: Giratina|88\/100|[from] Stealth Rock\n|-ability|p1a: Giratina|Pressure\n|\n|-heal|p1a: Giratina|94\/100|[from] item: Leftovers\n|upkeep\n|turn|7\n|\n|t:|1699050601\n|move|p2a: Arceus|Taunt|p1a: Giratina\n|-start|p1a: Giratina|move: Taunt\n|move|p1a: Giratina|Dragon Tail|p2a: Arceus\n|-damage|p2a: Arceus|83\/100\n|drag|p2a: Zacian|Zacian|100\/100\n|-ability|p2a: Zacian|Intrepid Sword|boost\n|-boost|p2a: Zacian|atk|1\n|\n|-heal|p1a: Giratina|99\/100|[from] item: Leftovers\n|upkeep\n|turn|8\n|\n|t:|1699050613\n|switch|p1a: Magearna|Magearna|95\/100\n|-damage|p1a: Magearna|89\/100|[from] Stealth Rock\n|move|p2a: Zacian|Play Rough|p1a: Magearna\n|-resisted|p1a: Magearna\n|-damage|p1a: Magearna|69\/100\n|\n|-heal|p1a: Magearna|75\/100|[from] item: Leftovers\n|upkeep\n|turn|9\n|\n|t:|1699050623\n|move|p2a: Zacian|Trailblaze|p1a: Magearna\n|-resisted|p1a: Magearna\n|-damage|p1a: Magearna|67\/100\n|-boost|p2a: Zacian|spe|1\n|move|p1a: Magearna|Thunder Wave|p2a: Zacian\n|-status|p2a: Zacian|par\n|\n|-heal|p1a: Magearna|73\/100|[from] item: Leftovers\n|upkeep\n|turn|10\n|inactive|fungoos469 has 270 seconds left.\n|\n|t:|1699050640\n|cant|p2a: Zacian|par\n|move|p1a: Magearna|Volt Switch|p2a: Zacian\n|-damage|p2a: Zacian|83\/100 par\n|inactive|fungoos469 has 270 seconds left.\n|\n|t:|1699050646\n|switch|p1a: Chi-Yu|Chi-Yu|76\/100|[from] Volt Switch\n|-damage|p1a: Chi-Yu|51\/100|[from] Stealth Rock\n|-ability|p1a: Chi-Yu|Beads of Ruin\n|\n|upkeep\n|turn|11\n|\n|t:|1699050653\n|move|p1a: Chi-Yu|Overheat|p2a: Zacian\n|-damage|p2a: Zacian|0 fnt\n|-unboost|p1a: Chi-Yu|spa|2\n|faint|p2a: Zacian\n|\n|upkeep\n|\n|t:|1699050659\n|switch|p2a: Arceus|Arceus-Poison|83\/100\n|turn|12\n|\n|t:|1699050667\n|switch|p1a: Giratina|Giratina|99\/100\n|-damage|p1a: Giratina|88\/100|[from] Stealth Rock\n|-ability|p1a: Giratina|Pressure\n|move|p2a: Arceus|Cosmic Power|p2a: Arceus\n|-boost|p2a: Arceus|def|1\n|-boost|p2a: Arceus|spd|1\n|\n|-heal|p1a: Giratina|94\/100|[from] item: Leftovers\n|upkeep\n|turn|13\n|\n|t:|1699050680\n|move|p2a: Arceus|Stored Power|p1a: Giratina\n|-damage|p1a: Giratina|87\/100\n|move|p1a: Giratina|Dragon Tail|p2a: Arceus\n|-damage|p2a: Arceus|75\/100\n|drag|p2a: Magearna|Magearna-Original|87\/100 par\n|\n|-heal|p1a: Giratina|93\/100|[from] item: Leftovers\n|-heal|p2a: Magearna|93\/100 par|[from] item: Leftovers\n|upkeep\n|turn|14\n|\n|t:|1699050698\n|switch|p1a: Magearna|Magearna|73\/100\n|-damage|p1a: Magearna|67\/100|[from] Stealth Rock\n|move|p2a: Magearna|Fleur Cannon|p1a: Magearna\n|-resisted|p1a: Magearna\n|-damage|p1a: Magearna|46\/100\n|-unboost|p2a: Magearna|spa|2\n|\n|-heal|p1a: Magearna|52\/100|[from] item: Leftovers\n|-heal|p2a: Magearna|99\/100 par|[from] item: Leftovers\n|upkeep\n|turn|15\n|\n|t:|1699050713\n|move|p1a: Magearna|Volt Switch|p2a: Magearna\n|-damage|p2a: Magearna|87\/100 par\n|\n|t:|1699050717\n|switch|p1a: Giratina|Giratina|93\/100|[from] Volt Switch\n|-damage|p1a: Giratina|81\/100|[from] Stealth Rock\n|-ability|p1a: Giratina|Pressure\n|move|p2a: Magearna|Volt Switch|p1a: Giratina\n|-resisted|p1a: Giratina\n|-damage|p1a: Giratina|78\/100\n|\n|t:|1699050725\n|switch|p2a: Uxie|Uxie|95\/100|[from] Volt Switch\n|\n|-heal|p1a: Giratina|85\/100|[from] item: Leftovers\n|-heal|p2a: Uxie|100\/100|[from] item: Leftovers\n|upkeep\n|turn|16\n|\n|t:|1699050732\n|move|p1a: Giratina|Defog|p2a: Uxie\n|-unboost|p2a: Uxie|evasion|1\n|-sideend|p1: fungoos469|Stealth Rock|[from] move: Defog|[of] p1a: Giratina\n|move|p2a: Uxie|Thunder Wave|p1a: Giratina\n|-status|p1a: Giratina|par\n|\n|-heal|p1a: Giratina|91\/100 par|[from] item: Leftovers\n|upkeep\n|turn|17\n|\n|t:|1699050747\n|switch|p1a: Chi-Yu|Chi-Yu|51\/100\n|-ability|p1a: Chi-Yu|Beads of Ruin\n|move|p2a: Uxie|Knock Off|p1a: Chi-Yu\n|-resisted|p1a: Chi-Yu\n|-damage|p1a: Chi-Yu|37\/100\n|-enditem|p1a: Chi-Yu|Choice Specs|[from] move: Knock Off|[of] p2a: Uxie\n|\n|upkeep\n|turn|18\n|\n|t:|1699050760\n|move|p1a: Chi-Yu|Overheat|p2a: Uxie\n|-damage|p2a: Uxie|39\/100\n|-unboost|p1a: Chi-Yu|spa|2\n|move|p2a: Uxie|Thunder Wave|p1a: Chi-Yu\n|-status|p1a: Chi-Yu|par\n|\n|-heal|p2a: Uxie|45\/100|[from] item: Leftovers\n|upkeep\n|turn|19\n|\n|t:|1699050770\n|move|p2a: Uxie|Stealth Rock|p1a: Chi-Yu\n|-sidestart|p1: fungoos469|move: Stealth Rock\n|move|p1a: Chi-Yu|Dark Pulse|p2a: Uxie\n|-supereffective|p2a: Uxie\n|-damage|p2a: Uxie|10\/100\n|\n|-heal|p2a: Uxie|16\/100|[from] item: Leftovers\n|upkeep\n|turn|20\n|\n|t:|1699050779\n|move|p2a: Uxie|Knock Off|p1a: Chi-Yu\n|-resisted|p1a: Chi-Yu\n|-damage|p1a: Chi-Yu|27\/100 par\n|cant|p1a: Chi-Yu|par\n|\n|-heal|p2a: Uxie|22\/100|[from] item: Leftovers\n|upkeep\n|turn|21\n|\n|t:|1699050792\n|move|p2a: Uxie|Knock Off|p1a: Chi-Yu\n|-resisted|p1a: Chi-Yu\n|-damage|p1a: Chi-Yu|18\/100 par\n|cant|p1a: Chi-Yu|par\n|\n|-heal|p2a: Uxie|28\/100|[from] item: Leftovers\n|upkeep\n|turn|22\n|\n|t:|1699050799\n|move|p2a: Uxie|Knock Off|p1a: Chi-Yu\n|-resisted|p1a: Chi-Yu\n|-damage|p1a: Chi-Yu|8\/100 par\n|move|p1a: Chi-Yu|Dark Pulse|p2a: Uxie\n|-supereffective|p2a: Uxie\n|-damage|p2a: Uxie|0 fnt\n|faint|p2a: Uxie\n|\n|upkeep\n|\n|t:|1699050804\n|switch|p2a: Magearna|Magearna-Original|87\/100 par\n|turn|23\n|\n|t:|1699050810\n|cant|p1a: Chi-Yu|par\n|move|p2a: Magearna|Volt Switch|p1a: Chi-Yu\n|-damage|p1a: Chi-Yu|0 fnt\n|faint|p1a: Chi-Yu\n|-ability|p2a: Magearna|Soul-Heart|boost\n|-boost|p2a: Magearna|spa|1\n|\n|t:|1699050821\n|switch|p2a: Giratina|Giratina|100\/100|[from] Volt Switch\n|-ability|p2a: Giratina|Pressure\n|\n|upkeep\n|\n|t:|1699050840\n|switch|p1a: Giratina|Giratina|91\/100 par\n|-damage|p1a: Giratina|78\/100 par|[from] Stealth Rock\n|-ability|p1a: Giratina|Pressure\n|turn|24\n|\n|t:|1699050858\n|move|p2a: Giratina|Hex|p1a: Giratina\n|-supereffective|p1a: Giratina\n|-damage|p1a: Giratina|43\/100 par\n|cant|p1a: Giratina|par\n|\n|-heal|p1a: Giratina|49\/100 par|[from] item: Leftovers\n|upkeep\n|turn|25\n|\n|t:|1699050865\n|move|p2a: Giratina|Hex|p1a: Giratina\n|-supereffective|p1a: Giratina\n|-damage|p1a: Giratina|8\/100 par\n|cant|p1a: Giratina|par\n|\n|-heal|p1a: Giratina|14\/100 par|[from] item: Leftovers\n|upkeep\n|turn|26\n|\n|t:|1699050874\n|move|p2a: Giratina|Hex|p1a: Giratina\n|-supereffective|p1a: Giratina\n|-damage|p1a: Giratina|0 fnt\n|faint|p1a: Giratina\n|\n|upkeep\n|c|\u2606fungoos469|bruh'\n|\n|t:|1699050884\n|switch|p1a: Basculegion|Basculegion-F, F, shiny|100\/100\n|turn|27\n|c|\u2606lionah|You've gotten so unlucky with the paralizes\n|\n|t:|1699050889\n|move|p1a: Basculegion|Flip Turn|p2a: Giratina\n|-resisted|p2a: Giratina\n|-crit|p2a: Giratina\n|-damage|p2a: Giratina|92\/100\n|\n|t:|1699050898\n|switch|p1a: Magearna|Magearna|52\/100|[from] Flip Turn\n|-damage|p1a: Magearna|46\/100|[from] Stealth Rock\n|move|p2a: Giratina|Thunder Wave|p1a: Magearna\n|-status|p1a: Magearna|par\n|\n|-heal|p1a: Magearna|52\/100 par|[from] item: Leftovers\n|upkeep\n|turn|28\n|\n|t:|1699050908\n|move|p2a: Giratina|Hex|p1a: Magearna\n|-damage|p1a: Magearna|17\/100 par\n|move|p1a: Magearna|Thunder Wave|p2a: Giratina\n|-status|p2a: Giratina|par\n|\n|-heal|p1a: Magearna|23\/100 par|[from] item: Leftovers\n|upkeep\n|turn|29\n|\n|t:|1699050918\n|move|p2a: Giratina|Hex|p1a: Magearna\n|-damage|p1a: Magearna|0 fnt\n|faint|p1a: Magearna\n|\n|upkeep\n|\n|t:|1699050926\n|switch|p1a: Basculegion|Basculegion-F, F, shiny|100\/100\n|turn|30\n|\n|t:|1699050932\n|move|p1a: Basculegion|Last Respects|p2a: Giratina\n|-supereffective|p2a: Giratina\n|-damage|p2a: Giratina|17\/100 par\n|move|p2a: Giratina|Thunder Wave|p1a: Basculegion\n|-status|p1a: Basculegion|par\n|\n|upkeep\n|turn|31\n|\n|t:|1699050947\n|move|p1a: Basculegion|Last Respects|p2a: Giratina\n|-supereffective|p2a: Giratina\n|-damage|p2a: Giratina|0 fnt\n|faint|p2a: Giratina\n|\n|upkeep\n|\n|t:|1699050952\n|switch|p2a: Magearna|Magearna-Original|87\/100 par\n|turn|32\n|\n|t:|1699050956\n|switch|p1a: Pelipper|Pelipper, F, shiny|100\/100\n|-damage|p1a: Pelipper|76\/100|[from] Stealth Rock\n|move|p2a: Magearna|Volt Switch|p1a: Pelipper\n|-supereffective|p1a: Pelipper\n|-damage|p1a: Pelipper|0 fnt\n|faint|p1a: Pelipper\n|-ability|p2a: Magearna|Soul-Heart|boost\n|-boost|p2a: Magearna|spa|1\n|\n|t:|1699050959\n|switch|p2a: Arceus|Arceus-Poison|75\/100|[from] Volt Switch\n|\n|upkeep\n|\n|t:|1699050974\n|switch|p1a: Basculegion|Basculegion-F, F, shiny|100\/100 par\n|turn|33\n|\n|t:|1699050981\n|move|p2a: Arceus|Recover|p2a: Arceus\n|-heal|p2a: Arceus|100\/100\n|move|p1a: Basculegion|Last Respects|p2a: Arceus\n|-damage|p2a: Arceus|35\/100\n|\n|upkeep\n|turn|34\n|\n|t:|1699050990\n|move|p2a: Arceus|Stored Power|p1a: Basculegion\n|-damage|p1a: Basculegion|95\/100 par\n|cant|p1a: Basculegion|par\n|\n|upkeep\n|turn|35\n|\n|t:|1699050996\n|move|p2a: Arceus|Stored Power|p1a: Basculegion\n|-damage|p1a: Basculegion|89\/100 par\n|move|p1a: Basculegion|Flip Turn|p2a: Arceus\n|-damage|p2a: Arceus|19\/100\n|\n|t:|1699051001\n|switch|p1a: Arceus|Arceus-Fighting|100\/100|[from] Flip Turn\n|-damage|p1a: Arceus|94\/100|[from] Stealth Rock\n|\n|upkeep\n|turn|36\n|\n|t:|1699051011\n|move|p2a: Arceus|Recover|p2a: Arceus\n|-heal|p2a: Arceus|69\/100\n|move|p1a: Arceus|Swords Dance|p1a: Arceus\n|-boost|p1a: Arceus|atk|2\n|\n|upkeep\n|turn|37\n|\n|t:|1699051019\n|move|p2a: Arceus|Cosmic Power|p2a: Arceus\n|-boost|p2a: Arceus|def|1\n|-boost|p2a: Arceus|spd|1\n|move|p1a: Arceus|Swords Dance|p1a: Arceus\n|-boost|p1a: Arceus|atk|2\n|\n|upkeep\n|turn|38\n|\n|t:|1699051025\n|move|p2a: Arceus|Cosmic Power|p2a: Arceus\n|-boost|p2a: Arceus|def|1\n|-boost|p2a: Arceus|spd|1\n|move|p1a: Arceus|Swords Dance|p1a: Arceus\n|-boost|p1a: Arceus|atk|2\n|\n|upkeep\n|turn|39\n|\n|t:|1699051032\n|-terastallize|p1a: Arceus|Normal\n|move|p1a: Arceus|Extreme Speed|p2a: Arceus\n|-damage|p2a: Arceus|19\/100\n|move|p2a: Arceus|Stored Power|p1a: Arceus\n|-damage|p1a: Arceus|77\/100\n|\n|upkeep\n|turn|40\n|\n|t:|1699051041\n|move|p1a: Arceus|Extreme Speed|p2a: Arceus\n|-damage|p2a: Arceus|0 fnt\n|faint|p2a: Arceus\n|\n|upkeep\n|\n|t:|1699051043\n|switch|p2a: Magearna|Magearna-Original|87\/100 par\n|turn|41\n|\n|t:|1699051055\n|move|p1a: Arceus|Brick Break|p2a: Magearna\n|-damage|p2a: Magearna|0 fnt\n|faint|p2a: Magearna\n|\n|upkeep\n|\n|t:|1699051057\n|switch|p2a: Chi-Yu|Chi-Yu|100\/100\n|-ability|p2a: Chi-Yu|Beads of Ruin\n|turn|42\n|\n|t:|1699051061\n|-terastallize|p2a: Chi-Yu|Fire\n|move|p1a: Arceus|Extreme Speed|p2a: Chi-Yu\n|-damage|p2a: Chi-Yu|0 fnt\n|faint|p2a: Chi-Yu\n|\n|win|fungoos469\n|c|\u2606fungoos469|gg\n|c|\u2606lionah|gg\n|c|\u2606lionah|wp\n|player|p1|fungoos469|169\n|l|\u2606lionah\n","uploadtime":1699051501,"views":17,"p1id":"fungoos469","p2id":"lionah","formatid":"gen9ubers","rating":0,"private":0,"password":""}