{"id":"gen9ubers-1989584209","p1":"Toasterina","p2":"biryanilover","format":"[Gen 9] Ubers","log":"|j|\u2606Toasterina\n|j|\u2606biryanilover\n|t:|1699874926\n|gametype|singles\n|player|p1|Toasterina|101|1290\n|player|p2|biryanilover|rosa|1203\n|teamsize|p1|6\n|teamsize|p2|6\n|gen|9\n|tier|[Gen 9] Ubers\n|rated|\n|rule|Sleep Clause Mod: Limit one foe put to sleep\n|rule|Species Clause: Limit one of each Pok\u00e9mon\n|rule|OHKO Clause: OHKO moves are banned\n|rule|Evasion Items Clause: Evasion items are banned\n|rule|Evasion Moves Clause: Evasion moves are banned\n|rule|Endless Battle Clause: Forcing endless battles is banned\n|rule|HP Percentage Mod: HP is shown in percentages\n|clearpoke\n|poke|p1|Zacian-*|\n|poke|p1|Koraidon|\n|poke|p1|Flutter Mane|\n|poke|p1|Ogerpon-Hearthflame, F|\n|poke|p1|Chi-Yu|\n|poke|p1|Kingambit, F|\n|poke|p2|Koraidon|\n|poke|p2|Zacian-*|\n|poke|p2|Rayquaza|\n|poke|p2|Miraidon|\n|poke|p2|Calyrex-Ice|\n|poke|p2|Kyogre|\n|teampreview\n|j| Shroud(Dragonite)\n|inactive|Battle timer is ON: inactive players will automatically lose when time's up. (requested by Toasterina)\n|\n|t:|1699874962\n|start\n|switch|p1a: Koraidon|Koraidon|100\/100\n|switch|p2a: Kyogre|Kyogre, shiny|100\/100\n|-weather|SunnyDay|[from] ability: Orichalcum Pulse|[of] p1a: Koraidon\n|-activate|p1a: Koraidon|Orichalcum Pulse|[source]\n|-weather|RainDance|[from] ability: Drizzle|[of] p2a: Kyogre\n|turn|1\n|\n|t:|1699874975\n|move|p1a: Koraidon|U-turn|p2a: Kyogre\n|-damage|p2a: Kyogre|71\/100\n|\n|t:|1699874981\n|switch|p1a: Zacian|Zacian-Crowned|100\/100|[from] U-turn\n|-ability|p1a: Zacian|Intrepid Sword|boost\n|-boost|p1a: Zacian|atk|1\n|move|p2a: Kyogre|Water Spout|p1a: Zacian\n|-damage|p1a: Zacian|7\/100\n|\n|-weather|RainDance|[upkeep]\n|upkeep\n|turn|2\n|\n|t:|1699875010\n|move|p2a: Kyogre|Water Spout|p1a: Zacian\n|-damage|p1a: Zacian|0 fnt\n|faint|p1a: Zacian\n|\n|-weather|RainDance|[upkeep]\n|upkeep\n|\n|t:|1699875016\n|switch|p1a: Koraidon|Koraidon|100\/100\n|-weather|SunnyDay|[from] ability: Orichalcum Pulse|[of] p1a: Koraidon\n|-activate|p1a: Koraidon|Orichalcum Pulse|[source]\n|turn|3\n|\n|t:|1699875035\n|move|p1a: Koraidon|Collision Course|p2a: Kyogre\n|-damage|p2a: Kyogre|0 fnt\n|faint|p2a: Kyogre\n|\n|-weather|SunnyDay|[upkeep]\n|upkeep\n|\n|t:|1699875040\n|switch|p2a: Rayquaza|Rayquaza|100\/100\n|-ability|p2a: Rayquaza|Air Lock\n|turn|4\n|inactive|Toasterina has 120 seconds left.\n|\n|t:|1699875074\n|switch|p1a: Ogerpon|Ogerpon-Hearthflame, F|100\/100\n|-ability|p1a: Ogerpon|Mold Breaker\n|move|p2a: Rayquaza|Dragon Ascent|p1a: Ogerpon\n|-supereffective|p1a: Ogerpon\n|-damage|p1a: Ogerpon|0 fnt\n|-unboost|p2a: Rayquaza|def|1\n|-unboost|p2a: Rayquaza|spd|1\n|faint|p1a: Ogerpon\n|\n|-weather|SunnyDay|[upkeep]\n|upkeep\n|inactive|Toasterina has 120 seconds left.\n|\n|t:|1699875089\n|switch|p1a: Koraidon|Koraidon|100\/100\n|turn|5\n|\n|t:|1699875094\n|move|p1a: Koraidon|Outrage|p2a: Rayquaza\n|-supereffective|p2a: Rayquaza\n|-crit|p2a: Rayquaza\n|-damage|p2a: Rayquaza|0 fnt\n|faint|p2a: Rayquaza\n|\n|-weather|SunnyDay|[upkeep]\n|upkeep\n|\n|t:|1699875098\n|switch|p2a: Zacian|Zacian-Crowned|100\/100\n|-ability|p2a: Zacian|Intrepid Sword|boost\n|-boost|p2a: Zacian|atk|1\n|turn|6\n|\n|t:|1699875105\n|move|p1a: Koraidon|Outrage|p2a: Zacian|[from]lockedmove\n|-immune|p2a: Zacian\n|move|p2a: Zacian|Play Rough|p1a: Koraidon\n|-supereffective|p1a: Koraidon\n|-damage|p1a: Koraidon|0 fnt\n|faint|p1a: Koraidon\n|\n|-weather|SunnyDay|[upkeep]\n|upkeep\n|inactive|Toasterina has 120 seconds left.\n|\n|t:|1699875127\n|switch|p1a: Chi-Yu|Chi-Yu|100\/100\n|-ability|p1a: Chi-Yu|Beads of Ruin\n|turn|7\n|\n|t:|1699875133\n|-terastallize|p2a: Zacian|Fire\n|-terastallize|p1a: Chi-Yu|Fire\n|move|p2a: Zacian|Behemoth Blade|p1a: Chi-Yu\n|-resisted|p1a: Chi-Yu\n|-damage|p1a: Chi-Yu|32\/100\n|move|p1a: Chi-Yu|Fire Blast|p2a: Zacian\n|-resisted|p2a: Zacian\n|-damage|p2a: Zacian|0 fnt\n|faint|p2a: Zacian\n|\n|-weather|none\n|upkeep\n|\n|t:|1699875139\n|switch|p2a: Miraidon|Miraidon|100\/100\n|-fieldstart|move: Electric Terrain|[from] ability: Hadron Engine|[of] p2a: Miraidon\n|turn|8\n|\n|t:|1699875154\n|move|p2a: Miraidon|Electro Drift|p1a: Chi-Yu\n|-damage|p1a: Chi-Yu|0 fnt\n|faint|p1a: Chi-Yu\n|\n|upkeep\n|\n|t:|1699875159\n|switch|p1a: Flutter Mane|Flutter Mane|100\/100\n|turn|9\n|\n|t:|1699875163\n|switch|p2a: Calyrex|Calyrex-Ice|100\/100\n|-ability|p2a: Calyrex|As One\n|-ability|p2a: Calyrex|Unnerve\n|move|p1a: Flutter Mane|Dazzling Gleam|p2a: Calyrex\n|-damage|p2a: Calyrex|59\/100\n|-damage|p1a: Flutter Mane|91\/100|[from] item: Life Orb\n|\n|upkeep\n|turn|10\n|\n|t:|1699875174\n|move|p1a: Flutter Mane|Shadow Ball|p2a: Calyrex\n|-supereffective|p2a: Calyrex\n|-damage|p2a: Calyrex|0 fnt\n|faint|p2a: Calyrex\n|-damage|p1a: Flutter Mane|81\/100|[from] item: Life Orb\n|\n|upkeep\n|\n|t:|1699875178\n|switch|p2a: Koraidon|Koraidon|100\/100\n|-weather|SunnyDay|[from] ability: Orichalcum Pulse|[of] p2a: Koraidon\n|-activate|p1a: Flutter Mane|ability: Protosynthesis\n|-start|p1a: Flutter Mane|protosynthesisspe\n|-activate|p2a: Koraidon|Orichalcum Pulse|[source]\n|turn|11\n|\n|t:|1699875190\n|move|p1a: Flutter Mane|Dazzling Gleam|p2a: Koraidon\n|-supereffective|p2a: Koraidon\n|-damage|p2a: Koraidon|0 fnt\n|faint|p2a: Koraidon\n|-damage|p1a: Flutter Mane|71\/100|[from] item: Life Orb\n|\n|-weather|SunnyDay|[upkeep]\n|upkeep\n|\n|t:|1699875193\n|switch|p2a: Miraidon|Miraidon|100\/100\n|-activate|p2a: Miraidon|ability: Hadron Engine\n|turn|12\n|\n|t:|1699875197\n|move|p1a: Flutter Mane|Dazzling Gleam|p2a: Miraidon\n|-supereffective|p2a: Miraidon\n|-damage|p2a: Miraidon|32\/100\n|-damage|p1a: Flutter Mane|61\/100|[from] item: Life Orb\n|move|p2a: Miraidon|Electro Drift|p1a: Flutter Mane\n|-damage|p1a: Flutter Mane|0 fnt\n|faint|p1a: Flutter Mane\n|-end|p1a: Flutter Mane|Protosynthesis|[silent]\n|\n|-weather|SunnyDay|[upkeep]\n|-fieldend|move: Electric Terrain\n|upkeep\n|\n|t:|1699875200\n|switch|p1a: Kingambit|Kingambit, F|100\/100\n|-activate|p1a: Kingambit|ability: Supreme Overlord\n|-start|p1a: Kingambit|fallen5|[silent]\n|turn|13\n|\n|t:|1699875204\n|move|p1a: Kingambit|Sucker Punch|p2a: Miraidon\n|-damage|p2a: Miraidon|0 fnt\n|faint|p2a: Miraidon\n|\n|win|Toasterina\n|raw|Toasterina's rating: 1290 &rarr; <strong>1309<\/strong><br \/>(+19 for winning)\n|raw|biryanilover's rating: 1203 &rarr; <strong>1184<\/strong><br \/>(-19 for losing)\n|l|\u2606biryanilover\n|c|\u2606Toasterina|g\n|c|\u2606Toasterina|damn\n|c|\u2606Toasterina|coouldnt even say it\n|c|\u2606Toasterina|gg\n","uploadtime":1699875253,"views":13,"p1id":"toasterina","p2id":"biryanilover","formatid":"gen9ubers","rating":1184,"private":0,"password":""}