{"id":"gen9ubers-1980214849","p1":"gettinglaidtoday","p2":"Envymetta_TTV","format":"[Gen 9] Ubers","log":"|j|\u2606gettinglaidtoday\n|j|\u2606Envymetta_TTV\n|t:|1698766901\n|gametype|singles\n|player|p1|gettinglaidtoday|palmer|1421\n|player|p2|Envymetta_TTV|acetrainer-gen4|1425\n|teamsize|p1|6\n|teamsize|p2|6\n|gen|9\n|tier|[Gen 9] Ubers\n|rated|\n|rule|Sleep Clause Mod: Limit one foe put to sleep\n|rule|Species Clause: Limit one of each Pok\u00e9mon\n|rule|OHKO Clause: OHKO moves are banned\n|rule|Evasion Items Clause: Evasion items are banned\n|rule|Evasion Moves Clause: Evasion moves are banned\n|rule|Endless Battle Clause: Forcing endless battles is banned\n|rule|HP Percentage Mod: HP is shown in percentages\n|clearpoke\n|poke|p1|Arceus|\n|poke|p1|Ditto|\n|poke|p1|Miraidon|\n|poke|p1|Grimmsnarl, M|\n|poke|p1|Regieleki|\n|poke|p1|Calyrex-Ice|\n|poke|p2|Shaymin-Sky|\n|poke|p2|Darkrai|\n|poke|p2|Arceus|\n|poke|p2|Dialga-Origin|\n|poke|p2|Giratina-Origin|\n|poke|p2|Garchomp, F|\n|teampreview\n|inactive|Battle timer is ON: inactive players will automatically lose when time's up. (requested by gettinglaidtoday)\n|inactive|Envymetta_TTV has 120 seconds left.\n|\n|t:|1698766939\n|start\n|switch|p1a: Grimmsnarl|Grimmsnarl, M|100\/100\n|switch|p2a: Darkrai|Darkrai, shiny|100\/100\n|turn|1\n|c|\u2606gettinglaidtoday|glhf\n|\n|t:|1698766951\n|move|p1a: Grimmsnarl|Light Screen|p1a: Grimmsnarl\n|-sidestart|p1: gettinglaidtoday|move: Light Screen\n|move|p2a: Darkrai|Hypnosis|p1a: Grimmsnarl\n|-status|p1a: Grimmsnarl|slp|[from] move: Hypnosis\n|\n|-damage|p1a: Grimmsnarl|88\/100 slp|[from] ability: Bad Dreams|[of] p2a: Darkrai\n|upkeep\n|turn|2\n|\n|t:|1698766961\n|switch|p1a: Arceus|Arceus|100\/100\n|move|p2a: Darkrai|Nasty Plot|p2a: Darkrai\n|-boost|p2a: Darkrai|spa|2\n|\n|upkeep\n|turn|3\n|\n|t:|1698766968\n|move|p2a: Darkrai|Nasty Plot|p2a: Darkrai\n|-boost|p2a: Darkrai|spa|2\n|move|p1a: Arceus|Swords Dance|p1a: Arceus\n|-boost|p1a: Arceus|atk|2\n|\n|upkeep\n|turn|4\n|\n|t:|1698766972\n|-terastallize|p2a: Darkrai|Ghost\n|move|p1a: Arceus|Extreme Speed|p2a: Darkrai\n|-immune|p2a: Darkrai\n|move|p2a: Darkrai|Dark Pulse|p1a: Arceus\n|-damage|p1a: Arceus|60\/100\n|\n|-heal|p1a: Arceus|66\/100|[from] item: Leftovers\n|upkeep\n|turn|5\n|\n|t:|1698766980\n|move|p2a: Darkrai|Dark Pulse|p1a: Arceus\n|-damage|p1a: Arceus|26\/100\n|move|p1a: Arceus|Shadow Claw|p2a: Darkrai\n|-supereffective|p2a: Darkrai\n|-crit|p2a: Darkrai\n|-enditem|p2a: Darkrai|Focus Sash\n|-damage|p2a: Darkrai|1\/100\n|\n|-heal|p1a: Arceus|32\/100|[from] item: Leftovers\n|upkeep\n|turn|6\n|\n|t:|1698767003\n|switch|p1a: Grimmsnarl|Grimmsnarl, M|88\/100 slp\n|move|p2a: Darkrai|Dark Pulse|p1a: Grimmsnarl\n|-resisted|p1a: Grimmsnarl\n|-damage|p1a: Grimmsnarl|76\/100 slp\n|\n|-damage|p1a: Grimmsnarl|64\/100 slp|[from] ability: Bad Dreams|[of] p2a: Darkrai\n|upkeep\n|turn|7\n|\n|t:|1698767011\n|cant|p1a: Grimmsnarl|slp\n|move|p2a: Darkrai|Ice Beam|p1a: Grimmsnarl\n|-damage|p1a: Grimmsnarl|29\/100 slp\n|\n|-damage|p1a: Grimmsnarl|17\/100 slp|[from] ability: Bad Dreams|[of] p2a: Darkrai\n|upkeep\n|turn|8\n|\n|t:|1698767019\n|cant|p1a: Grimmsnarl|slp\n|move|p2a: Darkrai|Ice Beam|p1a: Grimmsnarl\n|-crit|p1a: Grimmsnarl\n|-damage|p1a: Grimmsnarl|0 fnt\n|faint|p1a: Grimmsnarl\n|\n|-sideend|p1: gettinglaidtoday|move: Light Screen\n|upkeep\n|\n|t:|1698767024\n|switch|p1a: Regieleki|Regieleki|100\/100\n|turn|9\n|\n|t:|1698767031\n|switch|p2a: Garchomp|Garchomp, F, shiny|100\/100\n|move|p1a: Regieleki|Thunderbolt|p2a: Garchomp\n|-immune|p2a: Garchomp\n|\n|upkeep\n|turn|10\n|\n|t:|1698767042\n|switch|p1a: Arceus|Arceus|32\/100\n|move|p2a: Garchomp|Outrage|p1a: Arceus\n|-damage|p1a: Arceus|0 fnt\n|faint|p1a: Arceus\n|\n|upkeep\n|\n|t:|1698767055\n|switch|p1a: Calyrex|Calyrex-Ice|100\/100\n|-ability|p1a: Calyrex|As One\n|-ability|p1a: Calyrex|Unnerve\n|turn|11\n|\n|t:|1698767060\n|move|p2a: Garchomp|Outrage|p1a: Calyrex|[from]lockedmove\n|-damage|p1a: Calyrex|61\/100\n|-start|p2a: Garchomp|confusion|[fatigue]\n|move|p1a: Calyrex|Trick Room|p1a: Calyrex\n|-fieldstart|move: Trick Room|[of] p1a: Calyrex\n|\n|upkeep\n|turn|12\n|\n|t:|1698767069\n|switch|p2a: Darkrai|Darkrai, shiny, tera:Ghost|1\/100\n|move|p1a: Calyrex|Glacial Lance|p2a: Darkrai\n|-damage|p2a: Darkrai|0 fnt\n|faint|p2a: Darkrai\n|-ability|p1a: Calyrex|Chilling Neigh|boost\n|-boost|p1a: Calyrex|atk|1\n|\n|upkeep\n|\n|t:|1698767081\n|switch|p2a: Dialga|Dialga-Origin, shiny|100\/100\n|-ability|p2a: Dialga|Pressure\n|turn|13\n|\n|t:|1698767090\n|-terastallize|p1a: Calyrex|Psychic\n|move|p1a: Calyrex|High Horsepower|p2a: Dialga\n|-supereffective|p2a: Dialga\n|-crit|p2a: Dialga\n|-damage|p2a: Dialga|0 fnt\n|faint|p2a: Dialga\n|-ability|p1a: Calyrex|Chilling Neigh|boost\n|-boost|p1a: Calyrex|atk|1\n|\n|upkeep\n|\n|t:|1698767097\n|switch|p2a: Shaymin|Shaymin-Sky, shiny|100\/100\n|turn|14\n|\n|t:|1698767100\n|move|p1a: Calyrex|Glacial Lance|p2a: Shaymin\n|-supereffective|p2a: Shaymin\n|-enditem|p2a: Shaymin|Focus Sash\n|-damage|p2a: Shaymin|1\/100\n|move|p2a: Shaymin|Seed Flare|p1a: Calyrex\n|-damage|p1a: Calyrex|16\/100\n|\n|upkeep\n|turn|15\n|\n|t:|1698767113\n|move|p1a: Calyrex|Glacial Lance|p2a: Shaymin\n|-supereffective|p2a: Shaymin\n|-damage|p2a: Shaymin|0 fnt\n|faint|p2a: Shaymin\n|-ability|p1a: Calyrex|Chilling Neigh|boost\n|-boost|p1a: Calyrex|atk|1\n|\n|-fieldend|move: Trick Room\n|upkeep\n|\n|t:|1698767119\n|switch|p2a: Garchomp|Garchomp, F, shiny|100\/100\n|turn|16\n|\n|t:|1698767128\n|move|p2a: Garchomp|Outrage|p1a: Calyrex\n|-damage|p1a: Calyrex|0 fnt\n|faint|p1a: Calyrex\n|\n|upkeep\n|\n|t:|1698767132\n|switch|p1a: Ditto|Ditto|100\/100\n|-transform|p1a: Ditto|p2a: Garchomp|[from] ability: Imposter\n|turn|17\n|\n|t:|1698767137\n|move|p1a: Ditto|Outrage|p2a: Garchomp\n|-supereffective|p2a: Garchomp\n|-damage|p2a: Garchomp|0 fnt\n|-damage|p1a: Ditto|88\/100|[from] ability: Rough Skin|[of] p2a: Garchomp\n|faint|p2a: Garchomp\n|\n|upkeep\n|\n|t:|1698767144\n|switch|p2a: Arceus|Arceus, shiny|100\/100\n|turn|18\n|\n|t:|1698767149\n|move|p1a: Ditto|Outrage|p2a: Arceus|[from]lockedmove\n|-damage|p2a: Arceus|58\/100\n|-start|p1a: Ditto|confusion|[fatigue]\n|move|p2a: Arceus|Swords Dance|p2a: Arceus\n|-boost|p2a: Arceus|atk|2\n|\n|-heal|p2a: Arceus|64\/100|[from] item: Leftovers\n|upkeep\n|turn|19\n|\n|t:|1698767156\n|switch|p1a: Miraidon|Miraidon|100\/100\n|-fieldstart|move: Electric Terrain|[from] ability: Hadron Engine|[of] p1a: Miraidon\n|move|p2a: Arceus|Swords Dance|p2a: Arceus\n|-boost|p2a: Arceus|atk|2\n|\n|-heal|p2a: Arceus|70\/100|[from] item: Leftovers\n|upkeep\n|turn|20\n|\n|t:|1698767162\n|switch|p1a: Regieleki|Regieleki|100\/100\n|move|p2a: Arceus|Extreme Speed|p1a: Regieleki\n|-damage|p1a: Regieleki|0 fnt\n|faint|p1a: Regieleki\n|\n|-heal|p2a: Arceus|76\/100|[from] item: Leftovers\n|upkeep\n|\n|t:|1698767169\n|switch|p1a: Ditto|Ditto|88\/100\n|-transform|p1a: Ditto|p2a: Arceus|[from] ability: Imposter\n|turn|21\n|\n|t:|1698767178\n|switch|p2a: Giratina|Giratina-Origin, shiny|100\/100\n|move|p1a: Ditto|Extreme Speed|p2a: Giratina\n|-immune|p2a: Giratina\n|\n|upkeep\n|turn|22\n|\n|t:|1698767183\n|switch|p1a: Miraidon|Miraidon|100\/100\n|-activate|p1a: Miraidon|ability: Hadron Engine\n|move|p2a: Giratina|Draco Meteor|p1a: Miraidon\n|-supereffective|p1a: Miraidon\n|-damage|p1a: Miraidon|0 fnt\n|-unboost|p2a: Giratina|spa|2\n|faint|p1a: Miraidon\n|\n|upkeep\n|\n|t:|1698767189\n|switch|p1a: Ditto|Ditto|88\/100\n|-transform|p1a: Ditto|p2a: Giratina|[from] ability: Imposter\n|turn|23\n|c|\u2606Envymetta_TTV|Gg\n|c|\u2606gettinglaidtoday|gg\n|-message|gettinglaidtoday forfeited.\n|\n|win|Envymetta_TTV\n|raw|gettinglaidtoday's rating: 1421 &rarr; <strong>1401<\/strong><br \/>(-20 for losing)\n|raw|Envymetta_TTV's rating: 1425 &rarr; <strong>1445<\/strong><br \/>(+20 for winning)\n|l|\u2606gettinglaidtoday\n","uploadtime":1698767204,"views":9,"p1id":"gettinglaidtoday","p2id":"envymettattv","formatid":"gen9ubers","rating":1401,"private":0,"password":""}