{"id":"gen9ubers-1989330914","p1":"BrunoMobBoss","p2":"AVaxgd","format":"[Gen 9] Ubers","log":"|j|\u2606BrunoMobBoss\n|j|\u2606AVaxgd\n|t:|1699837199\n|gametype|singles\n|player|p1|BrunoMobBoss|266|1118\n|player|p2|AVaxgd|170|1000\n|teamsize|p1|6\n|teamsize|p2|6\n|gen|9\n|tier|[Gen 9] Ubers\n|rated|\n|rule|Sleep Clause Mod: Limit one foe put to sleep\n|rule|Species Clause: Limit one of each Pok\u00e9mon\n|rule|OHKO Clause: OHKO moves are banned\n|rule|Evasion Items Clause: Evasion items are banned\n|rule|Evasion Moves Clause: Evasion moves are banned\n|rule|Endless Battle Clause: Forcing endless battles is banned\n|rule|HP Percentage Mod: HP is shown in percentages\n|clearpoke\n|poke|p1|Volcarona, F|\n|poke|p1|Palafin, F|\n|poke|p1|Breloom, F|\n|poke|p1|Cetitan, F|\n|poke|p1|Corviknight, F|\n|poke|p1|Flutter Mane|\n|poke|p2|Annihilape, F|\n|poke|p2|Baxcalibur, F|\n|poke|p2|Palafin, F|\n|poke|p2|Volcarona, M|\n|poke|p2|Kingambit, F|\n|poke|p2|Flutter Mane|\n|teampreview\n|\n|t:|1699837233\n|start\n|switch|p1a: Palafin|Palafin, F|100\/100\n|switch|p2a: Palafin|Palafin, F, shiny|100\/100\n|turn|1\n|c|\u2606AVaxgd|lol\n|\n|t:|1699837240\n|move|p1a: Palafin|Flip Turn|p2a: Palafin\n|-resisted|p2a: Palafin\n|-damage|p2a: Palafin|89\/100\n|\n|t:|1699837247\n|detailschange|p1a: Palafin|Palafin-Hero, F\n|switch|p1a: Breloom|Breloom, F|100\/100|[from] Flip Turn\n|move|p2a: Palafin|Flip Turn|p1a: Breloom\n|-resisted|p1a: Breloom\n|-damage|p1a: Breloom|81\/100\n|\n|t:|1699837258\n|detailschange|p2a: Palafin|Palafin-Hero, F, shiny\n|switch|p2a: Annihilape|Annihilape, F, shiny|100\/100|[from] Flip Turn\n|\n|-status|p1a: Breloom|tox|[from] item: Toxic Orb\n|upkeep\n|turn|2\n|\n|t:|1699837266\n|move|p1a: Breloom|Spore|p2a: Annihilape\n|-status|p2a: Annihilape|slp|[from] move: Spore\n|-enditem|p2a: Annihilape|Chesto Berry|[eat]\n|-curestatus|p2a: Annihilape|slp|[msg]\n|move|p2a: Annihilape|Bulk Up|p2a: Annihilape\n|-boost|p2a: Annihilape|atk|1\n|-boost|p2a: Annihilape|def|1\n|\n|-heal|p1a: Breloom|94\/100 tox|[from] ability: Poison Heal\n|upkeep\n|turn|3\n|\n|t:|1699837281\n|move|p1a: Breloom|Spore|p2a: Annihilape\n|-status|p2a: Annihilape|slp|[from] move: Spore\n|cant|p2a: Annihilape|slp\n|\n|-heal|p1a: Breloom|100\/100 tox|[from] ability: Poison Heal\n|upkeep\n|turn|4\n|\n|t:|1699837293\n|switch|p1a: Corviknight|Corviknight, F|100\/100\n|cant|p2a: Annihilape|slp\n|\n|upkeep\n|turn|5\n|\n|t:|1699837305\n|switch|p2a: Baxcalibur|Baxcalibur, F|100\/100\n|move|p1a: Corviknight|Brave Bird|p2a: Baxcalibur\n|-damage|p2a: Baxcalibur|54\/100\n|-damage|p1a: Corviknight|82\/100|[from] Recoil\n|-heal|p1a: Corviknight|89\/100|[from] item: Shell Bell|[of] p2a: Baxcalibur\n|\n|upkeep\n|turn|6\n|\n|t:|1699837325\n|move|p2a: Baxcalibur|Icicle Spear|p1a: Corviknight\n|-damage|p1a: Corviknight|79\/100\n|-damage|p1a: Corviknight|68\/100\n|-damage|p1a: Corviknight|56\/100\n|-damage|p1a: Corviknight|46\/100\n|-hitcount|p1a: Corviknight|4\n|move|p1a: Corviknight|Steel Wing|p2a: Baxcalibur\n|-supereffective|p2a: Baxcalibur\n|-damage|p2a: Baxcalibur|1\/100\n|-heal|p1a: Corviknight|54\/100|[from] item: Shell Bell|[of] p2a: Baxcalibur\n|\n|upkeep\n|turn|7\n|\n|t:|1699837341\n|move|p2a: Baxcalibur|Glaive Rush|p1a: Corviknight\n|-resisted|p1a: Corviknight\n|-damage|p1a: Corviknight|29\/100\n|-singlemove|p2a: Baxcalibur|Glaive Rush|[silent]\n|move|p1a: Corviknight|Steel Wing|p2a: Baxcalibur\n|-supereffective|p2a: Baxcalibur\n|-damage|p2a: Baxcalibur|0 fnt\n|faint|p2a: Baxcalibur\n|-heal|p1a: Corviknight|29\/100|[from] item: Shell Bell|[of] p2: Baxcalibur\n|\n|upkeep\n|\n|t:|1699837350\n|switch|p2a: Volcarona|Volcarona, M|100\/100\n|turn|8\n|\n|t:|1699837360\n|move|p2a: Volcarona|Fiery Dance|p1a: Corviknight\n|-supereffective|p1a: Corviknight\n|-damage|p1a: Corviknight|0 fnt\n|faint|p1a: Corviknight\n|\n|upkeep\n|\n|t:|1699837366\n|switch|p1a: Palafin|Palafin-Hero, F|100\/100\n|-activate|p1a: Palafin|ability: Zero to Hero\n|turn|9\n|\n|t:|1699837395\n|move|p1a: Palafin|Jet Punch|p2a: Volcarona\n|-supereffective|p2a: Volcarona\n|-damage|p2a: Volcarona|0 fnt\n|faint|p2a: Volcarona\n|\n|upkeep\n|\n|t:|1699837401\n|switch|p2a: Flutter Mane|Flutter Mane, shiny|100\/100\n|-enditem|p2a: Flutter Mane|Booster Energy\n|-activate|p2a: Flutter Mane|ability: Protosynthesis|[fromitem]\n|-start|p2a: Flutter Mane|protosynthesisspe\n|turn|10\n|\n|t:|1699837411\n|move|p2a: Flutter Mane|Thunderbolt|p1a: Palafin\n|-supereffective|p1a: Palafin\n|-damage|p1a: Palafin|33\/100\n|move|p1a: Palafin|Flip Turn|p2a: Flutter Mane\n|-damage|p2a: Flutter Mane|26\/100\n|\n|t:|1699837434\n|switch|p1a: Cetitan|Cetitan, F|100\/100|[from] Flip Turn\n|\n|upkeep\n|turn|11\n|\n|t:|1699837446\n|-end|p2a: Flutter Mane|Protosynthesis|[silent]\n|switch|p2a: Kingambit|Kingambit, F|100\/100\n|-activate|p2a: Kingambit|ability: Supreme Overlord\n|-start|p2a: Kingambit|fallen2|[silent]\n|move|p1a: Cetitan|Ice Spinner|p2a: Kingambit\n|-resisted|p2a: Kingambit\n|-damage|p2a: Kingambit|88\/100\n|\n|upkeep\n|turn|12\n|\n|t:|1699837457\n|-end|p2a: Kingambit|fallen2|[silent]\n|switch|p2a: Palafin|Palafin-Hero, F, shiny|89\/100\n|-activate|p2a: Palafin|ability: Zero to Hero\n|move|p1a: Cetitan|Earthquake|p2a: Palafin\n|-damage|p2a: Palafin|68\/100\n|\n|-heal|p2a: Palafin|74\/100|[from] item: Leftovers\n|upkeep\n|turn|13\n|\n|t:|1699837478\n|switch|p1a: Breloom|Breloom, F|100\/100 tox\n|move|p2a: Palafin|Bulk Up|p2a: Palafin\n|-boost|p2a: Palafin|atk|1\n|-boost|p2a: Palafin|def|1\n|\n|-heal|p2a: Palafin|80\/100|[from] item: Leftovers\n|upkeep\n|turn|14\n|\n|t:|1699837497\n|move|p1a: Breloom|Swords Dance|p1a: Breloom\n|-boost|p1a: Breloom|atk|2\n|move|p2a: Palafin|Flip Turn|p1a: Breloom\n|-resisted|p1a: Breloom\n|-crit|p1a: Breloom\n|-damage|p1a: Breloom|28\/100 tox\n|\n|t:|1699837503\n|switch|p2a: Flutter Mane|Flutter Mane, shiny|26\/100|[from] Flip Turn\n|\n|-heal|p1a: Breloom|40\/100 tox|[from] ability: Poison Heal\n|upkeep\n|turn|15\n|\n|t:|1699837509\n|move|p2a: Flutter Mane|Moonblast|p1a: Breloom\n|-supereffective|p1a: Breloom\n|-damage|p1a: Breloom|0 fnt\n|faint|p1a: Breloom\n|\n|upkeep\n|\n|t:|1699837514\n|switch|p1a: Palafin|Palafin-Hero, F|33\/100\n|turn|16\n|\n|t:|1699837517\n|move|p1a: Palafin|Jet Punch|p2a: Flutter Mane\n|-damage|p2a: Flutter Mane|0 fnt\n|faint|p2a: Flutter Mane\n|-end|p2a: Flutter Mane|Protosynthesis|[silent]\n|\n|upkeep\n|\n|t:|1699837524\n|switch|p2a: Kingambit|Kingambit, F|88\/100\n|-activate|p2a: Kingambit|ability: Supreme Overlord\n|-start|p2a: Kingambit|fallen3|[silent]\n|turn|17\n|\n|t:|1699837531\n|move|p1a: Palafin|Drain Punch|p2a: Kingambit\n|-supereffective|p2a: Kingambit\n|-damage|p2a: Kingambit|0 fnt\n|-heal|p1a: Palafin|81\/100|[from] drain|[of] p2a: Kingambit\n|faint|p2a: Kingambit\n|-end|p2a: Kingambit|fallen3|[silent]\n|\n|upkeep\n|\n|t:|1699837537\n|switch|p2a: Palafin|Palafin-Hero, F, shiny|80\/100\n|turn|18\n|\n|t:|1699837547\n|move|p1a: Palafin|Acrobatics|p2a: Palafin\n|-damage|p2a: Palafin|43\/100\n|move|p2a: Palafin|Bulk Up|p2a: Palafin\n|-boost|p2a: Palafin|atk|1\n|-boost|p2a: Palafin|def|1\n|\n|-heal|p2a: Palafin|49\/100|[from] item: Leftovers\n|upkeep\n|turn|19\n|\n|t:|1699837563\n|move|p1a: Palafin|Acrobatics|p2a: Palafin\n|-damage|p2a: Palafin|25\/100\n|move|p2a: Palafin|Bulk Up|p2a: Palafin\n|-boost|p2a: Palafin|atk|1\n|-boost|p2a: Palafin|def|1\n|\n|-heal|p2a: Palafin|32\/100|[from] item: Leftovers\n|upkeep\n|turn|20\n|\n|t:|1699837572\n|move|p1a: Palafin|Acrobatics|p2a: Palafin\n|-damage|p2a: Palafin|12\/100\n|move|p2a: Palafin|Drain Punch|p1a: Palafin\n|-damage|p1a: Palafin|8\/100\n|-heal|p2a: Palafin|44\/100|[from] drain|[of] p1a: Palafin\n|\n|-heal|p2a: Palafin|50\/100|[from] item: Leftovers\n|upkeep\n|turn|21\n|\n|t:|1699837582\n|move|p1a: Palafin|Acrobatics|p2a: Palafin\n|-damage|p2a: Palafin|29\/100\n|move|p2a: Palafin|Drain Punch|p1a: Palafin\n|-damage|p1a: Palafin|0 fnt\n|-heal|p2a: Palafin|32\/100|[from] drain|[of] p1a: Palafin\n|faint|p1a: Palafin\n|\n|-heal|p2a: Palafin|38\/100|[from] item: Leftovers\n|upkeep\n|\n|t:|1699837591\n|switch|p1a: Volcarona|Volcarona, F|100\/100\n|turn|22\n|\n|t:|1699837600\n|-terastallize|p1a: Volcarona|Grass\n|move|p1a: Volcarona|Giga Drain|p2a: Palafin\n|-supereffective|p2a: Palafin\n|-damage|p2a: Palafin|0 fnt\n|faint|p2a: Palafin\n|\n|upkeep\n|\n|t:|1699837605\n|switch|p2a: Annihilape|Annihilape, F, shiny|100\/100 slp\n|turn|23\n|\n|t:|1699837614\n|move|p1a: Volcarona|Fiery Dance|p2a: Annihilape\n|-damage|p2a: Annihilape|62\/100 slp\n|-curestatus|p2a: Annihilape|slp|[msg]\n|move|p2a: Annihilape|Rage Fist|p1a: Volcarona\n|-damage|p1a: Volcarona|21\/100\n|\n|upkeep\n|turn|24\n|\n|t:|1699837633\n|move|p1a: Volcarona|Giga Drain|p2a: Annihilape\n|-damage|p2a: Annihilape|29\/100\n|-heal|p1a: Volcarona|43\/100|[from] drain|[of] p2a: Annihilape\n|move|p2a: Annihilape|Rage Fist|p1a: Volcarona\n|-damage|p1a: Volcarona|0 fnt\n|faint|p1a: Volcarona\n|\n|upkeep\n|\n|t:|1699837640\n|switch|p1a: Flutter Mane|Flutter Mane|100\/100\n|-enditem|p1a: Flutter Mane|Booster Energy\n|-activate|p1a: Flutter Mane|ability: Protosynthesis|[fromitem]\n|-start|p1a: Flutter Mane|protosynthesisspa\n|turn|25\n|\n|t:|1699837645\n|move|p1a: Flutter Mane|Shadow Ball|p2a: Annihilape\n|-supereffective|p2a: Annihilape\n|-damage|p2a: Annihilape|0 fnt\n|faint|p2a: Annihilape\n|\n|win|BrunoMobBoss\n|raw|BrunoMobBoss's rating: 1118 &rarr; <strong>1135<\/strong><br \/>(+17 for winning)\n|raw|AVaxgd's rating: 1000 &rarr; <strong>1000<\/strong><br \/>(+0 for losing)\n|l|\u2606AVaxgd\n","uploadtime":1699837653,"views":19,"p1id":"brunomobboss","p2id":"avaxgd","formatid":"gen9ubers","rating":1000,"private":0,"password":""}