{"id":"gen9ubers-1989839772","p1":"1P1o1s1h1e1","p2":"OceanicGamer3","format":"[Gen 9] Ubers","log":"|j|\u26061P1o1s1h1e1\n|j|\u2606OceanicGamer3\n|t:|1699900072\n|gametype|singles\n|player|p1|1P1o1s1h1e1|102|\n|player|p2|OceanicGamer3|bugcatcher-gen4dp|\n|teamsize|p1|6\n|teamsize|p2|6\n|gen|9\n|tier|[Gen 9] Ubers\n|rule|Sleep Clause Mod: Limit one foe put to sleep\n|rule|Species Clause: Limit one of each Pok\u00e9mon\n|rule|OHKO Clause: OHKO moves are banned\n|rule|Evasion Items Clause: Evasion items are banned\n|rule|Evasion Moves Clause: Evasion moves are banned\n|rule|Endless Battle Clause: Forcing endless battles is banned\n|rule|HP Percentage Mod: HP is shown in percentages\n|clearpoke\n|poke|p1|Slowking-Galar, F|\n|poke|p1|Blissey, F|\n|poke|p1|Cyclizar, M|\n|poke|p1|Dialga|\n|poke|p1|Quagsire, F|\n|poke|p1|Gholdengo|\n|poke|p2|Houndstone, F|\n|poke|p2|Garchomp, M|\n|poke|p2|Heatran, M|\n|poke|p2|Lycanroc, F|\n|poke|p2|Mandibuzz, F|\n|poke|p2|Hippowdon, M|\n|teampreview\n|c|\u26061P1o1s1h1e1|glhf\n|inactive|Battle timer is ON: inactive players will automatically lose when time's up. (requested by OceanicGamer3)\n|\n|t:|1699900099\n|start\n|switch|p1a: Slowking|Slowking-Galar, F|100\/100\n|switch|p2a: Garchomp|Garchomp, M|100\/100\n|turn|1\n|\n|t:|1699900113\n|switch|p2a: Mandibuzz|Mandibuzz, F|100\/100\n|move|p1a: Slowking|Toxic Spikes|p2a: Mandibuzz\n|-sidestart|p2: OceanicGamer3|move: Toxic Spikes\n|\n|upkeep\n|turn|2\n|\n|t:|1699900122\n|move|p2a: Mandibuzz|Defog|p1a: Slowking\n|-unboost|p1a: Slowking|evasion|1\n|-sideend|p2: OceanicGamer3|Toxic Spikes|[from] move: Defog|[of] p2a: Mandibuzz\n|move|p1a: Slowking|Chilly Reception|p1a: Slowking\n|-weather|Snow\n|\n|t:|1699900127\n|switch|p1a: Dialga|Dialga|100\/100|[from] Chilly Reception\n|-ability|p1a: Dialga|Pressure\n|\n|-weather|Snow|[upkeep]\n|upkeep\n|turn|3\n|\n|t:|1699900144\n|move|p1a: Dialga|Stealth Rock|p2a: Mandibuzz\n|-sidestart|p2: OceanicGamer3|move: Stealth Rock\n|move|p2a: Mandibuzz|U-turn|p1a: Dialga\n|-resisted|p1a: Dialga\n|-damage|p1a: Dialga|96\/100\n|\n|t:|1699900149\n|switch|p2a: Hippowdon|Hippowdon, M|100\/100|[from] U-turn\n|-damage|p2a: Hippowdon|94\/100|[from] Stealth Rock\n|-weather|Sandstorm|[from] ability: Sand Stream|[of] p2a: Hippowdon\n|\n|-weather|Sandstorm|[upkeep]\n|-heal|p1a: Dialga|100\/100|[from] item: Leftovers\n|upkeep\n|turn|4\n|\n|t:|1699900172\n|move|p1a: Dialga|Draco Meteor|p2a: Hippowdon\n|-crit|p2a: Hippowdon\n|-damage|p2a: Hippowdon|0 fnt\n|-unboost|p1a: Dialga|spa|2\n|faint|p2a: Hippowdon\n|\n|-weather|Sandstorm|[upkeep]\n|upkeep\n|c|\u2606OceanicGamer3|Crit :\/\n|c|\u26061P1o1s1h1e1|Well damn\n|\n|t:|1699900187\n|switch|p2a: Lycanroc|Lycanroc, F|100\/100\n|-damage|p2a: Lycanroc|88\/100|[from] Stealth Rock\n|turn|5\n|c|\u26061P1o1s1h1e1|No clue how much that did otherwise\n|\n|t:|1699900196\n|move|p2a: Lycanroc|Swords Dance|p2a: Lycanroc\n|-boost|p2a: Lycanroc|atk|2\n|move|p1a: Dialga|Dragon Tail|p2a: Lycanroc\n|-damage|p2a: Lycanroc|46\/100\n|drag|p2a: Mandibuzz|Mandibuzz, F|100\/100\n|\n|-weather|Sandstorm|[upkeep]\n|upkeep\n|turn|6\n|\n|t:|1699900207\n|switch|p1a: Gholdengo|Gholdengo|100\/100\n|move|p2a: Mandibuzz|Defog|p1a: Gholdengo\n|-immune|p1a: Gholdengo|[from] ability: Good as Gold\n|\n|-weather|Sandstorm|[upkeep]\n|upkeep\n|turn|7\n|\n|t:|1699900216\n|switch|p1a: Cyclizar|Cyclizar, M|100\/100\n|move|p2a: Mandibuzz|U-turn|p1a: Cyclizar\n|-damage|p1a: Cyclizar|85\/100\n|\n|t:|1699900224\n|switch|p2a: Garchomp|Garchomp, M|100\/100|[from] U-turn\n|-damage|p2a: Garchomp|94\/100|[from] Stealth Rock\n|\n|-weather|Sandstorm|[upkeep]\n|-damage|p1a: Cyclizar|79\/100|[from] Sandstorm\n|upkeep\n|turn|8\n|\n|t:|1699900230\n|-terastallize|p1a: Cyclizar|Fairy\n|move|p1a: Cyclizar|Taunt|p2a: Garchomp|[miss]\n|-miss|p1a: Cyclizar|p2a: Garchomp\n|move|p2a: Garchomp|Scale Shot|p1a: Cyclizar\n|-immune|p1a: Cyclizar\n|\n|-weather|Sandstorm|[upkeep]\n|-damage|p1a: Cyclizar|73\/100|[from] Sandstorm\n|upkeep\n|turn|9\n|c|\u26061P1o1s1h1e1|lol\n|\n|t:|1699900243\n|move|p1a: Cyclizar|Shed Tail|p1a: Cyclizar\n|-start|p1a: Cyclizar|Substitute|[from] move: Shed Tail\n|-damage|p1a: Cyclizar|22\/100\n|\n|t:|1699900245\n|switch|p1a: Quagsire|Quagsire, F|100\/100|[from] Shed Tail\n|move|p2a: Garchomp|Iron Head|p1a: Quagsire\n|-resisted|p1a: Quagsire\n|-activate|p1a: Quagsire|move: Substitute|[damage]\n|\n|-weather|Sandstorm|[upkeep]\n|upkeep\n|turn|10\n|c|\u2606OceanicGamer3|Lma\n|\n|t:|1699900255\n|move|p2a: Garchomp|Scale Shot|p1a: Quagsire\n|-activate|p1a: Quagsire|move: Substitute|[damage]\n|-end|p1a: Quagsire|Substitute\n|-damage|p1a: Quagsire|91\/100\n|-damage|p1a: Quagsire|81\/100\n|-damage|p1a: Quagsire|73\/100\n|-hitcount|p1a: Quagsire|5\n|-unboost|p2a: Garchomp|def|1\n|-boost|p2a: Garchomp|spe|1\n|move|p1a: Quagsire|Curse|p1a: Quagsire\n|-unboost|p1a: Quagsire|spe|1\n|-boost|p1a: Quagsire|atk|1\n|-boost|p1a: Quagsire|def|1\n|\n|-weather|none\n|-heal|p1a: Quagsire|79\/100|[from] item: Leftovers\n|upkeep\n|turn|11\n|\n|t:|1699900272\n|switch|p2a: Mandibuzz|Mandibuzz, F|100\/100\n|move|p1a: Quagsire|Curse|p1a: Quagsire\n|-unboost|p1a: Quagsire|spe|1\n|-boost|p1a: Quagsire|atk|1\n|-boost|p1a: Quagsire|def|1\n|\n|-heal|p1a: Quagsire|85\/100|[from] item: Leftovers\n|upkeep\n|turn|12\n|\n|t:|1699900278\n|switch|p2a: Heatran|Heatran, M|100\/100\n|-damage|p2a: Heatran|88\/100|[from] Stealth Rock\n|-item|p2a: Heatran|Air Balloon\n|move|p1a: Quagsire|Spikes|p2a: Heatran\n|-sidestart|p2: OceanicGamer3|Spikes\n|\n|-heal|p1a: Quagsire|91\/100|[from] item: Leftovers\n|upkeep\n|turn|13\n|\n|t:|1699900288\n|switch|p1a: Blissey|Blissey, F|100\/100\n|move|p2a: Heatran|Magma Storm|p1a: Blissey\n|-damage|p1a: Blissey|82\/100\n|-activate|p1a: Blissey|move: Magma Storm|[of] p2a: Heatran\n|\n|-damage|p1a: Blissey|70\/100|[from] move: Magma Storm|[partiallytrapped]\n|upkeep\n|turn|14\n|\n|t:|1699900297\n|move|p2a: Heatran|Will-O-Wisp|p1a: Blissey\n|-status|p1a: Blissey|brn\n|move|p1a: Blissey|Seismic Toss|p2a: Heatran\n|-damage|p2a: Heatran|62\/100\n|-enditem|p2a: Heatran|Air Balloon\n|\n|-damage|p1a: Blissey|63\/100 brn|[from] brn\n|-damage|p1a: Blissey|51\/100 brn|[from] move: Magma Storm|[partiallytrapped]\n|upkeep\n|turn|15\n|\n|t:|1699900317\n|move|p2a: Heatran|Flash Cannon|p1a: Blissey\n|-damage|p1a: Blissey|35\/100 brn\n|move|p1a: Blissey|Soft-Boiled|p1a: Blissey\n|-heal|p1a: Blissey|85\/100 brn\n|\n|-damage|p1a: Blissey|79\/100 brn|[from] brn\n|-damage|p1a: Blissey|66\/100 brn|[from] move: Magma Storm|[partiallytrapped]\n|upkeep\n|turn|16\n|\n|t:|1699900325\n|switch|p2a: Houndstone|Houndstone, F|100\/100\n|-damage|p2a: Houndstone|88\/100|[from] Stealth Rock\n|-damage|p2a: Houndstone|76\/100|[from] Spikes\n|move|p1a: Blissey|Calm Mind|p1a: Blissey\n|-boost|p1a: Blissey|spa|1\n|-boost|p1a: Blissey|spd|1\n|\n|-damage|p1a: Blissey|60\/100 brn|[from] brn\n|-end|p1a: Blissey|Magma Storm|[partiallytrapped]|[silent]\n|upkeep\n|turn|17\n|\n|t:|1699900338\n|-curestatus|p1a: Blissey|brn|[from] ability: Natural Cure\n|switch|p1a: Quagsire|Quagsire, F|91\/100\n|move|p2a: Houndstone|Trick|p1a: Quagsire\n|-activate|p2a: Houndstone|move: Trick|[of] p1a: Quagsire\n|-item|p1a: Quagsire|Choice Band|[from] move: Trick\n|-item|p2a: Houndstone|Leftovers|[from] move: Trick\n|\n|-heal|p2a: Houndstone|82\/100|[from] item: Leftovers\n|upkeep\n|turn|18\n|\n|t:|1699900346\n|move|p2a: Houndstone|Last Respects|p1a: Quagsire\n|-crit|p1a: Quagsire\n|-damage|p1a: Quagsire|40\/100\n|move|p1a: Quagsire|Spikes|p2a: Houndstone\n|-sidestart|p2: OceanicGamer3|Spikes\n|\n|-heal|p2a: Houndstone|88\/100|[from] item: Leftovers\n|upkeep\n|turn|19\n|\n|t:|1699900358\n|switch|p2a: Mandibuzz|Mandibuzz, F|100\/100\n|move|p1a: Quagsire|Spikes|p2a: Mandibuzz\n|-sidestart|p2: OceanicGamer3|Spikes\n|\n|upkeep\n|turn|20\n|\n|t:|1699900366\n|switch|p2a: Heatran|Heatran, M|62\/100\n|-damage|p2a: Heatran|50\/100|[from] Stealth Rock\n|-damage|p2a: Heatran|25\/100|[from] Spikes\n|switch|p1a: Gholdengo|Gholdengo|100\/100\n|\n|upkeep\n|turn|21\n|\n|t:|1699900376\n|move|p1a: Gholdengo|Shadow Ball|p2a: Heatran\n|-damage|p2a: Heatran|0 fnt\n|faint|p2a: Heatran\n|\n|upkeep\n|\n|t:|1699900380\n|switch|p2a: Houndstone|Houndstone, F|88\/100\n|-damage|p2a: Houndstone|76\/100|[from] Stealth Rock\n|-damage|p2a: Houndstone|51\/100|[from] Spikes\n|turn|22\n|\n|t:|1699900387\n|move|p2a: Houndstone|Shadow Sneak|p1a: Gholdengo\n|-supereffective|p1a: Gholdengo\n|-damage|p1a: Gholdengo|66\/100\n|move|p1a: Gholdengo|Shadow Ball|p2a: Houndstone\n|-supereffective|p2a: Houndstone\n|-damage|p2a: Houndstone|0 fnt\n|faint|p2a: Houndstone\n|\n|-heal|p1a: Gholdengo|72\/100|[from] item: Leftovers\n|upkeep\n|\n|t:|1699900396\n|switch|p2a: Lycanroc|Lycanroc, F|46\/100\n|-damage|p2a: Lycanroc|33\/100|[from] Stealth Rock\n|-damage|p2a: Lycanroc|9\/100|[from] Spikes\n|turn|23\n|\n|t:|1699900402\n|switch|p1a: Slowking|Slowking-Galar, F|100\/100\n|move|p2a: Lycanroc|Stone Edge|p1a: Slowking\n|-damage|p1a: Slowking|55\/100\n|-damage|p2a: Lycanroc|0 fnt|[from] item: Life Orb\n|faint|p2a: Lycanroc\n|\n|upkeep\n|\n|t:|1699900410\n|switch|p2a: Mandibuzz|Mandibuzz, F|100\/100\n|turn|24\n|\n|t:|1699900414\n|switch|p1a: Gholdengo|Gholdengo|72\/100\n|move|p2a: Mandibuzz|Defog|p1a: Gholdengo\n|-immune|p1a: Gholdengo|[from] ability: Good as Gold\n|\n|-heal|p1a: Gholdengo|78\/100|[from] item: Leftovers\n|upkeep\n|turn|25\n|\n|t:|1699900419\n|move|p1a: Gholdengo|Nasty Plot|p1a: Gholdengo\n|-boost|p1a: Gholdengo|spa|2\n|move|p2a: Mandibuzz|Defog|p1a: Gholdengo\n|-immune|p1a: Gholdengo|[from] ability: Good as Gold\n|\n|-heal|p1a: Gholdengo|84\/100|[from] item: Leftovers\n|upkeep\n|turn|26\n|c|\u2606OceanicGamer3|I give up\n|-message|OceanicGamer3 forfeited.\n|\n|win|1P1o1s1h1e1\n|l|\u2606OceanicGamer3\n|c|\u26061P1o1s1h1e1|gg\n","uploadtime":1699900433,"views":5,"p1id":"1p1o1s1h1e1","p2id":"oceanicgamer3","formatid":"gen9ubers","rating":0,"private":0,"password":""}