{"id":"gen9ubers-1982085993","p1":"warewolflmka","p2":"85792195wwww","format":"[Gen 9] Ubers","log":"|j|\u2606warewolflmka\n|j|\u203d85792195wwww\n|t:|1698966410\n|gametype|singles\n|player|p1|warewolflmka|hiker-gen4|1303\n|player|p2|85792195wwww|102|1478\n|teamsize|p1|6\n|teamsize|p2|6\n|gen|9\n|tier|[Gen 9] Ubers\n|rated|\n|rule|Sleep Clause Mod: Limit one foe put to sleep\n|rule|Species Clause: Limit one of each Pok\u00e9mon\n|rule|OHKO Clause: OHKO moves are banned\n|rule|Evasion Items Clause: Evasion items are banned\n|rule|Evasion Moves Clause: Evasion moves are banned\n|rule|Endless Battle Clause: Forcing endless battles is banned\n|rule|HP Percentage Mod: HP is shown in percentages\n|clearpoke\n|poke|p1|Koraidon|\n|poke|p1|Flutter Mane|\n|poke|p1|Great Tusk|\n|poke|p1|Groudon|\n|poke|p1|Walking Wake|\n|poke|p1|Magearna|\n|poke|p2|Kyogre|\n|poke|p2|Zacian-*|\n|poke|p2|Arceus|\n|poke|p2|Landorus, M|\n|poke|p2|Koraidon|\n|poke|p2|Ursaluna, F|\n|teampreview\n|inactive|Battle timer is ON: inactive players will automatically lose when time's up. (requested by warewolflmka)\n|\n|t:|1698966424\n|start\n|switch|p1a: Great Tusk|Great Tusk|100\/100\n|switch|p2a: Landorus|Landorus, M|100\/100\n|turn|1\n|\n|t:|1698966431\n|move|p2a: Landorus|Psychic|p1a: Great Tusk\n|-supereffective|p1a: Great Tusk\n|-damage|p1a: Great Tusk|38\/100\n|move|p1a: Great Tusk|Ice Spinner|p2a: Landorus\n|-supereffective|p2a: Landorus\n|-enditem|p2a: Landorus|Focus Sash\n|-damage|p2a: Landorus|1\/100\n|\n|upkeep\n|turn|2\n|\n|t:|1698966447\n|-end|p1a: Great Tusk|Protosynthesis|[silent]\n|switch|p1a: Magearna|Magearna|100\/100\n|move|p2a: Landorus|Earth Power|p1a: Magearna\n|-supereffective|p1a: Magearna\n|-damage|p1a: Magearna|28\/100\n|\n|-heal|p1a: Magearna|34\/100|[from] item: Leftovers\n|upkeep\n|turn|3\n|\n|t:|1698966459\n|switch|p1a: Groudon|Groudon|100\/100\n|-weather|SunnyDay|[from] ability: Drought|[of] p1a: Groudon\n|move|p2a: Landorus|Stealth Rock|p1a: Groudon\n|-sidestart|p1: warewolflmka|move: Stealth Rock\n|\n|-weather|SunnyDay|[upkeep]\n|upkeep\n|turn|4\n|\n|t:|1698966468\n|move|p2a: Landorus|Earth Power|p1a: Groudon\n|-damage|p1a: Groudon|53\/100\n|move|p1a: Groudon|Iron Head|p2a: Landorus\n|-damage|p2a: Landorus|0 fnt\n|faint|p2a: Landorus\n|\n|-weather|SunnyDay|[upkeep]\n|-heal|p1a: Groudon|60\/100|[from] item: Leftovers\n|upkeep\n|\n|t:|1698966479\n|switch|p2a: Kyogre|Kyogre|100\/100\n|-weather|RainDance|[from] ability: Drizzle|[of] p2a: Kyogre\n|turn|5\n|\n|t:|1698966484\n|switch|p1a: Koraidon|Koraidon|100\/100\n|-damage|p1a: Koraidon|94\/100|[from] Stealth Rock\n|-weather|SunnyDay|[from] ability: Orichalcum Pulse|[of] p1a: Koraidon\n|-activate|p1a: Koraidon|Orichalcum Pulse|[source]\n|move|p2a: Kyogre|Water Spout|p1a: Koraidon\n|-resisted|p1a: Koraidon\n|-damage|p1a: Koraidon|74\/100\n|\n|-weather|SunnyDay|[upkeep]\n|upkeep\n|turn|6\n|\n|t:|1698966501\n|switch|p2a: Koraidon|Koraidon|100\/100\n|-activate|p2a: Koraidon|ability: Orichalcum Pulse\n|move|p1a: Koraidon|Collision Course|p2a: Koraidon\n|-damage|p2a: Koraidon|42\/100\n|\n|-weather|SunnyDay|[upkeep]\n|upkeep\n|turn|7\n|\n|t:|1698966518\n|switch|p1a: Walking Wake|Walking Wake|100\/100\n|-damage|p1a: Walking Wake|88\/100|[from] Stealth Rock\n|-activate|p1a: Walking Wake|ability: Protosynthesis\n|-start|p1a: Walking Wake|protosynthesisspe\n|switch|p2a: Kyogre|Kyogre|100\/100\n|-weather|RainDance|[from] ability: Drizzle|[of] p2a: Kyogre\n|-end|p1a: Walking Wake|Protosynthesis\n|\n|-weather|RainDance|[upkeep]\n|upkeep\n|turn|8\n|\n|t:|1698966530\n|move|p2a: Kyogre|Ice Beam|p1a: Walking Wake\n|-damage|p1a: Walking Wake|39\/100\n|move|p1a: Walking Wake|Knock Off|p2a: Kyogre\n|-damage|p2a: Kyogre|73\/100\n|-enditem|p2a: Kyogre|Choice Scarf|[from] move: Knock Off|[of] p1a: Walking Wake\n|-damage|p1a: Walking Wake|29\/100|[from] item: Life Orb\n|\n|-weather|RainDance|[upkeep]\n|upkeep\n|turn|9\n|\n|t:|1698966540\n|-end|p1a: Walking Wake|Protosynthesis|[silent]\n|switch|p1a: Groudon|Groudon|60\/100\n|-damage|p1a: Groudon|53\/100|[from] Stealth Rock\n|-weather|SunnyDay|[from] ability: Drought|[of] p1a: Groudon\n|move|p2a: Kyogre|Ice Beam|p1a: Groudon\n|-supereffective|p1a: Groudon\n|-damage|p1a: Groudon|0 fnt\n|faint|p1a: Groudon\n|\n|-weather|SunnyDay|[upkeep]\n|upkeep\n|\n|t:|1698966551\n|switch|p1a: Koraidon|Koraidon|74\/100\n|-damage|p1a: Koraidon|67\/100|[from] Stealth Rock\n|-activate|p1a: Koraidon|ability: Orichalcum Pulse\n|turn|10\n|\n|t:|1698966562\n|switch|p2a: Ursaluna|Ursaluna, F|100\/100\n|move|p1a: Koraidon|Collision Course|p2a: Ursaluna\n|-supereffective|p2a: Ursaluna\n|-damage|p2a: Ursaluna|0 fnt\n|faint|p2a: Ursaluna\n|\n|-weather|SunnyDay|[upkeep]\n|upkeep\n|l|\u203d85792195wwww\n|inactive|85792195wwww disconnected and has a minute to reconnect!\n|player|p2|\n|inactive|85792195wwww has 30 seconds to reconnect!\n|j|\u203d85792195wwww\n|inactive|85792195wwww reconnected and has 110 seconds left.\n|player|p2|85792195wwww|102\n|\n|t:|1698966617\n|switch|p2a: Zacian|Zacian-Crowned|100\/100\n|-ability|p2a: Zacian|Intrepid Sword|boost\n|-boost|p2a: Zacian|atk|1\n|turn|11\n|\n|t:|1698966632\n|move|p2a: Zacian|Psychic Fangs|p1a: Koraidon\n|-supereffective|p1a: Koraidon\n|-damage|p1a: Koraidon|0 fnt\n|faint|p1a: Koraidon\n|\n|-weather|SunnyDay|[upkeep]\n|upkeep\n|\n|t:|1698966638\n|switch|p1a: Great Tusk|Great Tusk|38\/100\n|-damage|p1a: Great Tusk|35\/100|[from] Stealth Rock\n|-activate|p1a: Great Tusk|ability: Protosynthesis\n|-start|p1a: Great Tusk|protosynthesisatk\n|turn|12\n|\n|t:|1698966645\n|move|p2a: Zacian|Close Combat|p1a: Great Tusk\n|-damage|p1a: Great Tusk|0 fnt\n|-unboost|p2a: Zacian|def|1\n|-unboost|p2a: Zacian|spd|1\n|faint|p1a: Great Tusk\n|-end|p1a: Great Tusk|Protosynthesis|[silent]\n|\n|-weather|SunnyDay|[upkeep]\n|upkeep\n|\n|t:|1698966652\n|switch|p1a: Flutter Mane|Flutter Mane|100\/100\n|-damage|p1a: Flutter Mane|88\/100|[from] Stealth Rock\n|-activate|p1a: Flutter Mane|ability: Protosynthesis\n|-start|p1a: Flutter Mane|protosynthesisspe\n|turn|13\n|inactive|85792195wwww has 120 seconds left.\n|\n|t:|1698966664\n|switch|p2a: Koraidon|Koraidon|42\/100\n|-activate|p2a: Koraidon|ability: Orichalcum Pulse\n|-terastallize|p1a: Flutter Mane|Ghost\n|move|p1a: Flutter Mane|Shadow Ball|p2a: Koraidon\n|-damage|p2a: Koraidon|0 fnt\n|faint|p2a: Koraidon\n|\n|-weather|none\n|-end|p1a: Flutter Mane|Protosynthesis\n|-heal|p1a: Flutter Mane|94\/100|[from] item: Leftovers\n|upkeep\n|inactive|85792195wwww has 120 seconds left.\n|\n|t:|1698966682\n|switch|p2a: Zacian|Zacian-Crowned|100\/100\n|turn|14\n|\n|t:|1698966691\n|move|p2a: Zacian|Behemoth Blade|p1a: Flutter Mane\n|-damage|p1a: Flutter Mane|0 fnt\n|faint|p1a: Flutter Mane\n|-end|p1a: Flutter Mane|Protosynthesis|[silent]\n|\n|upkeep\n|\n|t:|1698966696\n|switch|p1a: Walking Wake|Walking Wake|29\/100\n|-damage|p1a: Walking Wake|16\/100|[from] Stealth Rock\n|turn|15\n|\n|t:|1698966702\n|move|p2a: Zacian|Psychic Fangs|p1a: Walking Wake\n|-damage|p1a: Walking Wake|0 fnt\n|faint|p1a: Walking Wake\n|-end|p1a: Walking Wake|Protosynthesis|[silent]\n|\n|upkeep\n|\n|t:|1698966705\n|switch|p1a: Magearna|Magearna|34\/100\n|-damage|p1a: Magearna|28\/100|[from] Stealth Rock\n|turn|16\n|\n|t:|1698966710\n|move|p2a: Zacian|Close Combat|p1a: Magearna\n|-damage|p1a: Magearna|0 fnt\n|-unboost|p2a: Zacian|def|1\n|-unboost|p2a: Zacian|spd|1\n|faint|p1a: Magearna\n|\n|win|85792195wwww\n|raw|warewolflmka's rating: 1303 &rarr; <strong>1292<\/strong><br \/>(-11 for losing)\n|raw|85792195wwww's rating: 1478 &rarr; <strong>1489<\/strong><br \/>(+11 for winning)\n|c|\u2606warewolflmka|gg\n|l|\u2606warewolflmka\n","uploadtime":1698966719,"views":6,"p1id":"warewolflmka","p2id":"85792195wwww","formatid":"gen9ubers","rating":1292,"private":0,"password":""}