{"id":"gen9ubers-1996958840","p1":"Skotchaud","p2":"Rpplf_Qilin","format":"[Gen 9] Ubers","log":"|j|\u2606Skotchaud\n|j|\u2606Rpplf_Qilin\n|t:|1700749698\n|gametype|singles\n|player|p1|Skotchaud|noland|\n|player|p2|Rpplf_Qilin|ghetsis-gen5bw|\n|teamsize|p1|6\n|teamsize|p2|6\n|gen|9\n|tier|[Gen 9] Ubers\n|rule|Sleep Clause Mod: Limit one foe put to sleep\n|rule|Species Clause: Limit one of each Pok\u00e9mon\n|rule|OHKO Clause: OHKO moves are banned\n|rule|Evasion Items Clause: Evasion items are banned\n|rule|Evasion Moves Clause: Evasion moves are banned\n|rule|Endless Battle Clause: Forcing endless battles is banned\n|rule|HP Percentage Mod: HP is shown in percentages\n|clearpoke\n|poke|p1|Torkoal, F|\n|poke|p1|Walking Wake|\n|poke|p1|Rillaboom, F|\n|poke|p1|Sneasler, F|\n|poke|p1|Ceruledge, M|\n|poke|p1|Dondozo, F|\n|poke|p2|Arceus|\n|poke|p2|Okidogi, M|\n|poke|p2|Grimmsnarl, M|\n|poke|p2|Corviknight, M|\n|poke|p2|Regidrago|\n|poke|p2|Greninja-*, M|\n|teampreview\n|c|\u2606Rpplf_Qilin|Bon match\n|c|\u2606Skotchaud|bon match\n|\n|t:|1700749730\n|start\n|switch|p1a: Torkoal|Torkoal, F|100\/100\n|switch|p2a: Regidrago|Regidrago|100\/100\n|-weather|SunnyDay|[from] ability: Drought|[of] p1a: Torkoal\n|turn|1\n|\n|t:|1700749778\n|switch|p1a: Rillaboom|Rillaboom, F|100\/100\n|-fieldstart|move: Grassy Terrain|[from] ability: Grassy Surge|[of] p1a: Rillaboom\n|move|p2a: Regidrago|Dragon Energy|p1a: Rillaboom\n|-damage|p1a: Rillaboom|0 fnt\n|faint|p1a: Rillaboom\n|\n|-weather|SunnyDay|[upkeep]\n|upkeep\n|\n|t:|1700749788\n|switch|p1a: Walking Wake|Walking Wake|100\/100\n|-activate|p1a: Walking Wake|ability: Protosynthesis\n|-start|p1a: Walking Wake|protosynthesisspe\n|turn|2\n|\n|t:|1700749802\n|switch|p2a: Okidogi|Okidogi, M|100\/100\n|-terastallize|p1a: Walking Wake|Water\n|move|p1a: Walking Wake|Hydro Steam|p2a: Okidogi\n|-damage|p2a: Okidogi|13\/100\n|\n|-weather|SunnyDay|[upkeep]\n|-heal|p2a: Okidogi|19\/100|[from] Grassy Terrain\n|upkeep\n|turn|3\n|\n|t:|1700749814\n|move|p1a: Walking Wake|Hydro Steam|p2a: Okidogi\n|-damage|p2a: Okidogi|0 fnt\n|faint|p2a: Okidogi\n|\n|-weather|SunnyDay|[upkeep]\n|upkeep\n|\n|t:|1700749815\n|switch|p2a: Grimmsnarl|Grimmsnarl, M|100\/100\n|turn|4\n|\n|t:|1700749834\n|-end|p1a: Walking Wake|Protosynthesis|[silent]\n|switch|p1a: La Sweepeuse|Sneasler, F, shiny|100\/100\n|-enditem|p1a: La Sweepeuse|Grassy Seed\n|-boost|p1a: La Sweepeuse|def|1|[from] item: Grassy Seed\n|move|p2a: Grimmsnarl|Light Screen|p2a: Grimmsnarl\n|-sidestart|p2: Rpplf_Qilin|move: Light Screen\n|\n|-weather|SunnyDay|[upkeep]\n|upkeep\n|turn|5\n|\n|t:|1700749845\n|move|p2a: Grimmsnarl|Taunt|p1a: La Sweepeuse\n|-start|p1a: La Sweepeuse|move: Taunt\n|cant|p1a: La Sweepeuse|move: Taunt|Swords Dance\n|\n|-weather|SunnyDay|[upkeep]\n|-fieldend|move: Grassy Terrain\n|upkeep\n|turn|6\n|\n|t:|1700749849\n|move|p2a: Grimmsnarl|Reflect|p2a: Grimmsnarl\n|-sidestart|p2: Rpplf_Qilin|Reflect\n|move|p1a: La Sweepeuse|Acrobatics|p2a: Grimmsnarl\n|-damage|p2a: Grimmsnarl|75\/100\n|\n|-weather|SunnyDay|[upkeep]\n|upkeep\n|turn|7\n|\n|t:|1700749856\n|move|p2a: Grimmsnarl|Parting Shot|p1a: La Sweepeuse\n|-unboost|p1a: La Sweepeuse|atk|1\n|-unboost|p1a: La Sweepeuse|spa|1\n|\n|t:|1700749859\n|switch|p2a: Corviknight|Corviknight, M|100\/100|[from] Parting Shot\n|-ability|p2a: Corviknight|Pressure\n|move|p1a: La Sweepeuse|Close Combat|p2a: Corviknight\n|-damage|p2a: Corviknight|87\/100\n|-unboost|p1a: La Sweepeuse|def|1\n|-unboost|p1a: La Sweepeuse|spd|1\n|-damage|p1a: La Sweepeuse|84\/100|[from] item: Rocky Helmet|[of] p2a: Corviknight\n|\n|-weather|SunnyDay|[upkeep]\n|-end|p1a: La Sweepeuse|move: Taunt\n|upkeep\n|turn|8\n|\n|t:|1700749878\n|move|p1a: La Sweepeuse|Swords Dance|p1a: La Sweepeuse\n|-boost|p1a: La Sweepeuse|atk|2\n|move|p2a: Corviknight|U-turn|p1a: La Sweepeuse\n|-resisted|p1a: La Sweepeuse\n|-damage|p1a: La Sweepeuse|78\/100\n|\n|t:|1700749889\n|switch|p2a: Grimmsnarl|Grimmsnarl, M|75\/100|[from] U-turn\n|\n|-weather|none\n|upkeep\n|turn|9\n|\n|t:|1700749903\n|move|p2a: Grimmsnarl|Parting Shot|p1a: La Sweepeuse\n|-unboost|p1a: La Sweepeuse|atk|1\n|-unboost|p1a: La Sweepeuse|spa|1\n|\n|t:|1700749905\n|switch|p2a: Corviknight|Corviknight, M|87\/100|[from] Parting Shot\n|-ability|p2a: Corviknight|Pressure\n|move|p1a: La Sweepeuse|Swords Dance|p1a: La Sweepeuse\n|-boost|p1a: La Sweepeuse|atk|2\n|\n|upkeep\n|turn|10\n|\n|t:|1700749919\n|move|p1a: La Sweepeuse|Close Combat|p2a: Corviknight\n|-damage|p2a: Corviknight|44\/100\n|-unboost|p1a: La Sweepeuse|def|1\n|-unboost|p1a: La Sweepeuse|spd|1\n|-damage|p1a: La Sweepeuse|61\/100|[from] item: Rocky Helmet|[of] p2a: Corviknight\n|move|p2a: Corviknight|Brave Bird|p1a: La Sweepeuse\n|-supereffective|p1a: La Sweepeuse\n|-damage|p1a: La Sweepeuse|0 fnt\n|faint|p1a: La Sweepeuse\n|-damage|p2a: Corviknight|29\/100|[from] Recoil\n|\n|upkeep\n|\n|t:|1700749933\n|switch|p1a: Torkoal|Torkoal, F|100\/100\n|-weather|SunnyDay|[from] ability: Drought|[of] p1a: Torkoal\n|turn|11\n|\n|t:|1700749950\n|move|p2a: Corviknight|Roost|p2a: Corviknight\n|-heal|p2a: Corviknight|79\/100\n|-singleturn|p2a: Corviknight|move: Roost\n|move|p1a: Torkoal|Yawn|p2a: Corviknight\n|-start|p2a: Corviknight|move: Yawn|[of] p1a: Torkoal\n|\n|-weather|SunnyDay|[upkeep]\n|-sideend|p2: Rpplf_Qilin|move: Light Screen\n|upkeep\n|turn|12\n|\n|t:|1700749966\n|switch|p1a: Walking Wake|Walking Wake, tera:Water|100\/100\n|-activate|p1a: Walking Wake|ability: Protosynthesis\n|-start|p1a: Walking Wake|protosynthesisspe\n|move|p2a: Corviknight|U-turn|p1a: Walking Wake\n|-damage|p1a: Walking Wake|85\/100\n|\n|t:|1700749978\n|switch|p2a: Grimmsnarl|Grimmsnarl, M|75\/100|[from] U-turn\n|\n|-weather|SunnyDay|[upkeep]\n|upkeep\n|turn|13\n|\n|t:|1700749982\n|move|p2a: Grimmsnarl|Light Screen|p2a: Grimmsnarl\n|-sidestart|p2: Rpplf_Qilin|move: Light Screen\n|move|p1a: Walking Wake|Hydro Steam|p2a: Grimmsnarl\n|-damage|p2a: Grimmsnarl|27\/100\n|\n|-weather|SunnyDay|[upkeep]\n|-sideend|p2: Rpplf_Qilin|Reflect\n|upkeep\n|turn|14\n|l|\u2606Rpplf_Qilin\n|player|p2|\n|j|\u2606Rpplf_Qilin\n|player|p2|Rpplf_Qilin|ghetsis-gen5bw\n|\n|t:|1700750014\n|move|p2a: Grimmsnarl|Parting Shot|p1a: Walking Wake\n|-unboost|p1a: Walking Wake|atk|1\n|-unboost|p1a: Walking Wake|spa|1\n|\n|t:|1700750033\n|switch|p2a: Regidrago|Regidrago|100\/100|[from] Parting Shot\n|move|p1a: Walking Wake|Hydro Steam|p2a: Regidrago\n|-resisted|p2a: Regidrago\n|-damage|p2a: Regidrago|76\/100\n|\n|-weather|SunnyDay|[upkeep]\n|upkeep\n|turn|15\n|\n|t:|1700750074\n|-end|p1a: Walking Wake|Protosynthesis|[silent]\n|switch|p1a: Dondozo|Dondozo, F|100\/100\n|move|p2a: Regidrago|Dragon Dance|p2a: Regidrago\n|-boost|p2a: Regidrago|atk|1\n|-boost|p2a: Regidrago|spe|1\n|\n|-weather|SunnyDay|[upkeep]\n|upkeep\n|turn|16\n|\n|t:|1700750085\n|move|p2a: Regidrago|Dragon Energy|p1a: Dondozo\n|-damage|p1a: Dondozo|9\/100\n|move|p1a: Dondozo|Curse|p1a: Dondozo\n|-unboost|p1a: Dondozo|spe|1\n|-boost|p1a: Dondozo|atk|1\n|-boost|p1a: Dondozo|def|1\n|\n|-weather|SunnyDay|[upkeep]\n|upkeep\n|turn|17\n|\n|t:|1700750093\n|move|p2a: Regidrago|Dragon Energy|p1a: Dondozo\n|-damage|p1a: Dondozo|0 fnt\n|faint|p1a: Dondozo\n|\n|-weather|SunnyDay|[upkeep]\n|upkeep\n|\n|t:|1700750098\n|switch|p1a: Jte plante?|Ceruledge, M|100\/100\n|turn|18\n|\n|t:|1700750112\n|move|p2a: Regidrago|Dragon Energy|p1a: Jte plante?\n|-enditem|p1a: Jte plante?|Focus Sash\n|-damage|p1a: Jte plante?|1\/100\n|move|p1a: Jte plante?|Poltergeist|p2a: Regidrago\n|-activate|p2a: Regidrago|move: Poltergeist|Dragon Fang\n|-damage|p2a: Regidrago|10\/100\n|\n|-weather|none\n|upkeep\n|turn|19\n|\n|t:|1700750121\n|move|p1a: Jte plante?|Shadow Sneak|p2a: Regidrago\n|-damage|p2a: Regidrago|0 fnt\n|faint|p2a: Regidrago\n|\n|upkeep\n|\n|t:|1700750125\n|switch|p2a: Greninja|Greninja, M|100\/100\n|turn|20\n|l|\u2606Rpplf_Qilin\n|player|p2|\n|\n|t:|1700750178\n|switch|p1a: Torkoal|Torkoal, F|100\/100\n|-weather|SunnyDay|[from] ability: Drought|[of] p1a: Torkoal\n|move|p2a: Greninja|Dark Pulse|p1a: Torkoal\n|-damage|p1a: Torkoal|42\/100\n|-damage|p2a: Greninja|91\/100|[from] item: Life Orb\n|\n|-weather|SunnyDay|[upkeep]\n|-sideend|p2: Rpplf_Qilin|move: Light Screen\n|upkeep\n|turn|21\n|j|\u2606Rpplf_Qilin\n|player|p2|Rpplf_Qilin|ghetsis-gen5bw\n|\n|t:|1700750191\n|switch|p1a: Walking Wake|Walking Wake, tera:Water|85\/100\n|-activate|p1a: Walking Wake|ability: Protosynthesis\n|-start|p1a: Walking Wake|protosynthesisspe\n|move|p2a: Greninja|Dark Pulse|p1a: Walking Wake\n|-damage|p1a: Walking Wake|29\/100\n|-damage|p2a: Greninja|81\/100|[from] item: Life Orb\n|\n|-weather|SunnyDay|[upkeep]\n|upkeep\n|turn|22\n|\n|t:|1700750213\n|switch|p2a: Corviknight|Corviknight, M|79\/100\n|-ability|p2a: Corviknight|Pressure\n|move|p1a: Walking Wake|Hydro Steam|p2a: Corviknight\n|-crit|p2a: Corviknight\n|-damage|p2a: Corviknight|0 fnt\n|faint|p2a: Corviknight\n|\n|-weather|SunnyDay|[upkeep]\n|upkeep\n|\n|t:|1700750214\n|switch|p2a: Grimmsnarl|Grimmsnarl, M|27\/100\n|turn|23\n|\n|t:|1700750217\n|move|p2a: Grimmsnarl|Light Screen|p2a: Grimmsnarl\n|-sidestart|p2: Rpplf_Qilin|move: Light Screen\n|move|p1a: Walking Wake|Hydro Steam|p2a: Grimmsnarl\n|-damage|p2a: Grimmsnarl|0 fnt\n|faint|p2a: Grimmsnarl\n|\n|-weather|SunnyDay|[upkeep]\n|upkeep\n|\n|t:|1700750231\n|switch|p2a: Greninja|Greninja, M|81\/100\n|turn|24\n|\n|t:|1700750237\n|move|p1a: Walking Wake|Hydro Steam|p2a: Greninja\n|-resisted|p2a: Greninja\n|-damage|p2a: Greninja|35\/100\n|move|p2a: Greninja|Dark Pulse|p1a: Walking Wake\n|-damage|p1a: Walking Wake|0 fnt\n|faint|p1a: Walking Wake\n|-end|p1a: Walking Wake|Protosynthesis|[silent]\n|-ability|p2a: Greninja|Battle Bond|boost\n|-boost|p2a: Greninja|atk|1\n|-boost|p2a: Greninja|spa|1\n|-boost|p2a: Greninja|spe|1\n|-activate|p2a: Greninja|ability: Battle Bond\n|-damage|p2a: Greninja|25\/100|[from] item: Life Orb\n|\n|-weather|SunnyDay|[upkeep]\n|upkeep\n|\n|t:|1700750243\n|switch|p1a: Jte plante?|Ceruledge, M|1\/100\n|turn|25\n|\n|t:|1700750248\n|move|p2a: Greninja|Water Shuriken|p1a: Jte plante?\n|-supereffective|p1a: Jte plante?\n|-damage|p1a: Jte plante?|0 fnt\n|faint|p1a: Jte plante?\n|-hitcount|p1: Jte plante?|1\n|-damage|p2a: Greninja|15\/100|[from] item: Life Orb\n|\n|-weather|SunnyDay|[upkeep]\n|upkeep\n|\n|t:|1700750251\n|switch|p1a: Torkoal|Torkoal, F|42\/100\n|turn|26\n|\n|t:|1700750257\n|move|p2a: Greninja|Dark Pulse|p1a: Torkoal\n|-crit|p1a: Torkoal\n|-damage|p1a: Torkoal|0 fnt\n|faint|p1a: Torkoal\n|-damage|p2a: Greninja|5\/100|[from] item: Life Orb\n|\n|win|Rpplf_Qilin\n|c|\u2606Rpplf_Qilin|Gg\n","uploadtime":1700750260,"views":3,"p1id":"skotchaud","p2id":"rpplfqilin","formatid":"gen9ubers","rating":0,"private":0,"password":""}