{"id":"gen9ubers-1971722705","p1":"chiefbluescreen","p2":"twinbear","format":"[Gen 9] Ubers","log":"|j|\u2606chiefbluescreen\n|j|\u2606twinbear\n|t:|1697764975\n|gametype|singles\n|player|p1|chiefbluescreen|266|\n|player|p2|twinbear|169|\n|teamsize|p1|6\n|teamsize|p2|6\n|gen|9\n|tier|[Gen 9] Ubers\n|rule|Sleep Clause Mod: Limit one foe put to sleep\n|rule|Species Clause: Limit one of each Pok\u00e9mon\n|rule|OHKO Clause: OHKO moves are banned\n|rule|Evasion Items Clause: Evasion items are banned\n|rule|Evasion Moves Clause: Evasion moves are banned\n|rule|Endless Battle Clause: Forcing endless battles is banned\n|rule|HP Percentage Mod: HP is shown in percentages\n|clearpoke\n|poke|p1|Jumpluff, M|\n|poke|p1|Great Tusk|\n|poke|p1|Shiftry, F|\n|poke|p1|Torkoal, M|\n|poke|p1|Heatran, F|\n|poke|p1|Roaring Moon|\n|poke|p2|Dragapult, F|\n|poke|p2|Dragonite, F|\n|poke|p2|Glimmora, F|\n|poke|p2|Kilowattrel, M|\n|poke|p2|Krookodile, M|\n|poke|p2|Zapdos-Galar|\n|teampreview\n|j| NotADragonTrainer\n|c| NotADragonTrainer|hiii\n|j| Yardrok\n|j| LiquidPlazmid77\n|c| LiquidPlazmid77|sup gamers\n|c| Yardrok|Lets go!!!!\n|c|\u2606chiefbluescreen|f6 f6 f6 f6\n|\n|t:|1697765083\n|start\n|switch|p1a: Smite|Shiftry, F|100\/100\n|switch|p2a: Dragonite|Dragonite, F|100\/100\n|turn|1\n|c| Yardrok|As the challenger nick may switch at anytime\n|\n|t:|1697765093\n|move|p1a: Smite|Tailwind|p1a: Smite\n|-sidestart|p1: chiefbluescreen|move: Tailwind\n|-ability|p1a: Smite|Wind Rider|boost\n|-boost|p1a: Smite|atk|1\n|move|p2a: Dragonite|Air Slash|p1a: Smite\n|-supereffective|p1a: Smite\n|-damage|p1a: Smite|7\/100\n|\n|upkeep\n|turn|2\n|\n|t:|1697765113\n|move|p1a: Smite|Explosion|p2a: Dragonite\n|-damage|p2a: Dragonite|59\/100\n|faint|p1a: Smite\n|move|p2a: Dragonite|Roost|p2a: Dragonite\n|-heal|p2a: Dragonite|100\/100\n|-singleturn|p2a: Dragonite|move: Roost\n|\n|upkeep\n|\n|t:|1697765125\n|switch|p1a: ORTC|Great Tusk|100\/100\n|-enditem|p1a: ORTC|Booster Energy\n|-activate|p1a: ORTC|ability: Protosynthesis|[fromitem]\n|-start|p1a: ORTC|protosynthesisatk\n|turn|3\n|\n|t:|1697765183\n|move|p1a: ORTC|Bulk Up|p1a: ORTC\n|-boost|p1a: ORTC|atk|1\n|-boost|p1a: ORTC|def|1\n|move|p2a: Dragonite|Air Slash|p1a: ORTC\n|-supereffective|p1a: ORTC\n|-damage|p1a: ORTC|12\/100\n|\n|upkeep\n|turn|4\n|\n|t:|1697765223\n|switch|p2a: Krookodile|Krookodile, M|100\/100\n|-ability|p2a: Krookodile|Intimidate|boost\n|-unboost|p1a: ORTC|atk|1\n|move|p1a: ORTC|Close Combat|p2a: Krookodile\n|-supereffective|p2a: Krookodile\n|-damage|p2a: Krookodile|0 fnt\n|-unboost|p1a: ORTC|def|1\n|-unboost|p1a: ORTC|spd|1\n|faint|p2a: Krookodile\n|\n|-sideend|p1: chiefbluescreen|move: Tailwind\n|upkeep\n|\n|t:|1697765258\n|switch|p2a: Kilowattrel|Kilowattrel, M|100\/100\n|turn|5\n|\n|t:|1697765264\n|move|p2a: Kilowattrel|Air Slash|p1a: ORTC\n|-supereffective|p1a: ORTC\n|-damage|p1a: ORTC|0 fnt\n|faint|p1a: ORTC\n|-end|p1a: ORTC|Protosynthesis|[silent]\n|-damage|p2a: Kilowattrel|91\/100|[from] item: Life Orb\n|\n|upkeep\n|\n|t:|1697765276\n|switch|p1a: Tabletop Sim|Torkoal, M|100\/100\n|-weather|SunnyDay|[from] ability: Drought|[of] p1a: Tabletop Sim\n|turn|6\n|\n|t:|1697765297\n|switch|p1a: Undertale|Heatran, F|100\/100\n|-item|p1a: Undertale|Air Balloon\n|-terastallize|p2a: Kilowattrel|Ground\n|move|p2a: Kilowattrel|Tera Blast|p1a: Undertale|[anim] Tera Blast Ground\n|-immune|p1a: Undertale\n|\n|-weather|SunnyDay|[upkeep]\n|upkeep\n|turn|7\n|\n|t:|1697765326\n|move|p2a: Kilowattrel|Volt Switch|p1a: Undertale\n|-damage|p1a: Undertale|66\/100\n|-enditem|p1a: Undertale|Air Balloon\n|-damage|p2a: Kilowattrel|81\/100|[from] item: Life Orb\n|c|\u2606chiefbluescreen|can i request timer\n|c| Yardrok|Yes\n|\n|t:|1697765429\n|switch|p2a: Dragonite|Dragonite, F|100\/100|[from] Volt Switch\n|move|p1a: Undertale|Magma Storm|p2a: Dragonite\n|-resisted|p2a: Dragonite\n|-damage|p2a: Dragonite|79\/100\n|-activate|p2a: Dragonite|move: Magma Storm|[of] p1a: Undertale\n|\n|-weather|SunnyDay|[upkeep]\n|-damage|p2a: Dragonite|67\/100|[from] move: Magma Storm|[partiallytrapped]\n|upkeep\n|turn|8\n|c| Yardrok|But\n|inactive|Battle timer is ON: inactive players will automatically lose when time's up. (requested by chiefbluescreen)\n|\n|t:|1697765456\n|move|p2a: Dragonite|Roost|p2a: Dragonite\n|-heal|p2a: Dragonite|100\/100\n|-singleturn|p2a: Dragonite|move: Roost\n|move|p1a: Undertale|Stealth Rock|p2a: Dragonite\n|-sidestart|p2: twinbear|move: Stealth Rock\n|\n|-weather|SunnyDay|[upkeep]\n|-damage|p2a: Dragonite|88\/100|[from] move: Magma Storm|[partiallytrapped]\n|upkeep\n|turn|9\n|\n|t:|1697765466\n|move|p2a: Dragonite|Earthquake|p1a: Undertale\n|-supereffective|p1a: Undertale\n|-damage|p1a: Undertale|0 fnt\n|faint|p1a: Undertale\n|\n|-weather|SunnyDay|[upkeep]\n|-end|p2a: Dragonite|Magma Storm|[partiallytrapped]|[silent]\n|upkeep\n|\n|t:|1697765475\n|switch|p1a: Monster Prom|Roaring Moon|100\/100\n|-activate|p1a: Monster Prom|ability: Protosynthesis\n|-start|p1a: Monster Prom|protosynthesisatk\n|turn|10\n|j| Map217\n|inactive|twinbear has 270 seconds left.\n|\n|t:|1697765517\n|move|p1a: Monster Prom|Rock Slide|p2a: Dragonite\n|-supereffective|p2a: Dragonite\n|-damage|p2a: Dragonite|10\/100\n|move|p2a: Dragonite|Draco Meteor|p1a: Monster Prom\n|-supereffective|p1a: Monster Prom\n|-damage|p1a: Monster Prom|0 fnt\n|-unboost|p2a: Dragonite|spa|2\n|faint|p1a: Monster Prom\n|-end|p1a: Monster Prom|Protosynthesis|[silent]\n|\n|-weather|SunnyDay|[upkeep]\n|upkeep\n|c| NotADragonTrainer|hey pelfreye\n|\n|t:|1697765529\n|switch|p1a: Spore|Jumpluff, M|100\/100\n|turn|11\n|inactive|twinbear has 270 seconds left.\n|c| Map217|hi\n|\n|t:|1697765559\n|move|p1a: Spore|Sleep Powder|p2a: Dragonite\n|-status|p2a: Dragonite|slp|[from] move: Sleep Powder\n|cant|p2a: Dragonite|slp\n|\n|-weather|SunnyDay|[upkeep]\n|upkeep\n|turn|12\n|inactive|twinbear has 240 seconds left.\n|\n|t:|1697765576\n|switch|p2a: Glimmora|Glimmora, F|100\/100\n|-damage|p2a: Glimmora|88\/100|[from] Stealth Rock\n|move|p1a: Spore|Leech Seed|p2a: Glimmora\n|-start|p2a: Glimmora|move: Leech Seed\n|\n|-weather|SunnyDay|[upkeep]\n|-damage|p2a: Glimmora|75\/100|[from] Leech Seed|[of] p1a: Spore\n|upkeep\n|turn|13\n|inactive|twinbear has 240 seconds left.\n|inactive|chiefbluescreen has 270 seconds left.\n|\n|t:|1697765609\n|move|p1a: Spore|Protect|p1a: Spore\n|-singleturn|p1a: Spore|Protect\n|move|p2a: Glimmora|Mortal Spin|p1a: Spore\n|-activate|p1a: Spore|move: Protect\n|\n|-weather|none\n|-damage|p2a: Glimmora|63\/100|[from] Leech Seed|[of] p1a: Spore\n|upkeep\n|turn|14\n|inactive|chiefbluescreen has 270 seconds left.\n|inactive|twinbear has 240 seconds left.\n|\n|t:|1697765628\n|-terastallize|p1a: Spore|Steel\n|move|p1a: Spore|Substitute|p1a: Spore\n|-start|p1a: Spore|Substitute\n|-damage|p1a: Spore|76\/100\n|move|p2a: Glimmora|Mortal Spin|p1a: Spore\n|-immune|p1a: Spore\n|\n|-damage|p2a: Glimmora|50\/100|[from] Leech Seed|[of] p1a: Spore\n|-heal|p1a: Spore|88\/100|[silent]\n|upkeep\n|turn|15\n|inactive|twinbear has 240 seconds left.\n|inactive|chiefbluescreen has 270 seconds left.\n|\n|t:|1697765645\n|move|p1a: Spore|Protect|p1a: Spore\n|-singleturn|p1a: Spore|Protect\n|move|p2a: Glimmora|Earth Power|p1a: Spore\n|-activate|p1a: Spore|move: Protect\n|\n|-damage|p2a: Glimmora|38\/100|[from] Leech Seed|[of] p1a: Spore\n|-heal|p1a: Spore|100\/100|[silent]\n|upkeep\n|turn|16\n|inactive|chiefbluescreen has 270 seconds left.\n|inactive|twinbear has 240 seconds left.\n|c|\u2606twinbear|turn off time\n|inactiveoff|Battle timer is now OFF.\n|c| NotADragonTrainer|za world\n|\n|t:|1697765708\n|move|p1a: Spore|Protect|p1a: Spore\n|-singleturn|p1a: Spore|Protect\n|move|p2a: Glimmora|Earth Power|p1a: Spore\n|-activate|p1a: Spore|move: Protect\n|\n|-damage|p2a: Glimmora|25\/100|[from] Leech Seed|[of] p1a: Spore\n|upkeep\n|turn|17\n|c| Yardrok|GO FOR THE TRIPLE\n|\n|t:|1697765733\n|switch|p2a: Dragapult|Dragapult, F|100\/100\n|-damage|p2a: Dragapult|88\/100|[from] Stealth Rock\n|move|p1a: Spore|Leech Seed|p2a: Dragapult|[miss]\n|-miss|p1a: Spore|p2a: Dragapult\n|\n|upkeep\n|turn|18\n|c|\u2606chiefbluescreen|aaaa\n|\n|t:|1697765743\n|move|p2a: Dragapult|Shadow Ball|p1a: Spore\n|-end|p1a: Spore|Substitute\n|move|p1a: Spore|Leech Seed|p2a: Dragapult\n|-start|p2a: Dragapult|move: Leech Seed\n|\n|-damage|p2a: Dragapult|76\/100|[from] Leech Seed|[of] p1a: Spore\n|upkeep\n|turn|19\n|\n|t:|1697765759\n|move|p2a: Dragapult|Shadow Ball|p1a: Spore\n|-damage|p1a: Spore|64\/100\n|move|p1a: Spore|Substitute|p1a: Spore\n|-start|p1a: Spore|Substitute\n|-damage|p1a: Spore|39\/100\n|\n|-damage|p2a: Dragapult|63\/100|[from] Leech Seed|[of] p1a: Spore\n|-heal|p1a: Spore|51\/100|[silent]\n|upkeep\n|turn|20\n|c|\u2606chiefbluescreen|just me, sub seeding for my life\n|\n|t:|1697765790\n|switch|p2a: Zapdos|Zapdos-Galar|100\/100\n|-damage|p2a: Zapdos|88\/100|[from] Stealth Rock\n|move|p1a: Spore|Protect||[still]\n|-fail|p1a: Spore\n|\n|upkeep\n|turn|21\n|c| LiquidPlazmid77|should've protected before the sub\n|\n|t:|1697765818\n|move|p1a: Spore|Leech Seed|p2a: Zapdos\n|-start|p2a: Zapdos|move: Leech Seed\n|move|p2a: Zapdos|Knock Off|p1a: Spore\n|-end|p1a: Spore|Substitute\n|\n|-damage|p2a: Zapdos|76\/100|[from] Leech Seed|[of] p1a: Spore\n|-heal|p1a: Spore|62\/100|[silent]\n|upkeep\n|turn|22\n|\n|t:|1697765827\n|move|p1a: Spore|Protect|p1a: Spore\n|-singleturn|p1a: Spore|Protect\n|move|p2a: Zapdos|Brave Bird|p1a: Spore\n|-activate|p1a: Spore|move: Protect\n|\n|-damage|p2a: Zapdos|63\/100|[from] Leech Seed|[of] p1a: Spore\n|-heal|p1a: Spore|73\/100|[silent]\n|upkeep\n|turn|23\n|\n|t:|1697765834\n|move|p1a: Spore|Substitute|p1a: Spore\n|-start|p1a: Spore|Substitute\n|-damage|p1a: Spore|49\/100\n|move|p2a: Zapdos|Knock Off|p1a: Spore\n|-end|p1a: Spore|Substitute\n|\n|-damage|p2a: Zapdos|51\/100|[from] Leech Seed|[of] p1a: Spore\n|-heal|p1a: Spore|60\/100|[silent]\n|upkeep\n|turn|24\n|\n|t:|1697765844\n|move|p1a: Spore|Protect|p1a: Spore\n|-singleturn|p1a: Spore|Protect\n|move|p2a: Zapdos|Tailwind|p2a: Zapdos\n|-sidestart|p2: twinbear|move: Tailwind\n|\n|-damage|p2a: Zapdos|38\/100|[from] Leech Seed|[of] p1a: Spore\n|-heal|p1a: Spore|71\/100|[silent]\n|upkeep\n|turn|25\n|\n|t:|1697765851\n|move|p2a: Zapdos|Brave Bird|p1a: Spore\n|-resisted|p1a: Spore\n|-damage|p1a: Spore|34\/100\n|-damage|p2a: Zapdos|24\/100|[from] Recoil\n|move|p1a: Spore|Substitute|p1a: Spore\n|-start|p1a: Spore|Substitute\n|-damage|p1a: Spore|9\/100\n|\n|-damage|p2a: Zapdos|12\/100|[from] Leech Seed|[of] p1a: Spore\n|-heal|p1a: Spore|20\/100|[silent]\n|upkeep\n|turn|26\n|c|\u2606twinbear|omg\n|c|\u2606twinbear|i forgot tera\n|c| Map217|rip\n|\n|t:|1697765886\n|switch|p2a: Dragapult|Dragapult, F|63\/100\n|-damage|p2a: Dragapult|51\/100|[from] Stealth Rock\n|move|p1a: Spore|Leech Seed|p2a: Dragapult\n|-start|p2a: Dragapult|move: Leech Seed\n|\n|-damage|p2a: Dragapult|38\/100|[from] Leech Seed|[of] p1a: Spore\n|-heal|p1a: Spore|32\/100|[silent]\n|upkeep\n|turn|27\n|c|\u2606chiefbluescreen|tera steel was actually a misclick\n|c| Yardrok|Dont say that\n|c|\u2606twinbear|i had game\n|c| NotADragonTrainer|no\n|c| NotADragonTrainer|we dont misclick\n|c| NotADragonTrainer|double down\n|\n|t:|1697765918\n|move|p1a: Spore|Protect|p1a: Spore\n|-singleturn|p1a: Spore|Protect\n|move|p2a: Dragapult|Shadow Ball|p1a: Spore\n|-activate|p1a: Spore|move: Protect\n|\n|-damage|p2a: Dragapult|26\/100|[from] Leech Seed|[of] p1a: Spore\n|-heal|p1a: Spore|43\/100|[silent]\n|-sideend|p2: twinbear|move: Tailwind\n|upkeep\n|turn|28\n|\n|t:|1697765946\n|move|p2a: Dragapult|Shadow Ball|p1a: Spore\n|-end|p1a: Spore|Substitute\n|move|p1a: Spore|Substitute|p1a: Spore\n|-start|p1a: Spore|Substitute\n|-damage|p1a: Spore|18\/100\n|\n|-damage|p2a: Dragapult|14\/100|[from] Leech Seed|[of] p1a: Spore\n|-heal|p1a: Spore|30\/100|[silent]\n|upkeep\n|turn|29\n|\n|t:|1697765980\n|move|p1a: Spore|Protect|p1a: Spore\n|-singleturn|p1a: Spore|Protect\n|move|p2a: Dragapult|Shadow Ball|p1a: Spore\n|-activate|p1a: Spore|move: Protect\n|\n|-damage|p2a: Dragapult|1\/100|[from] Leech Seed|[of] p1a: Spore\n|-heal|p1a: Spore|41\/100|[silent]\n|upkeep\n|turn|30\n|\n|t:|1697765991\n|move|p2a: Dragapult|Shadow Ball|p1a: Spore\n|-end|p1a: Spore|Substitute\n|move|p1a: Spore|Leech Seed||[still]\n|-fail|p1a: Spore\n|\n|-damage|p2a: Dragapult|0 fnt|[from] Leech Seed|[of] p1a: Spore\n|-heal|p1a: Spore|42\/100|[silent]\n|faint|p2a: Dragapult\n|upkeep\n|\n|t:|1697765999\n|switch|p2a: Zapdos|Zapdos-Galar|12\/100\n|-damage|p2a: Zapdos|0 fnt|[from] Stealth Rock\n|faint|p2a: Zapdos\n|c|\u2606twinbear|omg\n|c|\u2606twinbear|fuck forgot it was part flying\n|\n|t:|1697766021\n|switch|p2a: Kilowattrel|Kilowattrel, M, tera:Ground|81\/100\n|-damage|p2a: Kilowattrel|75\/100|[from] Stealth Rock\n|turn|31\n|\n|t:|1697766070\n|move|p1a: Spore|Protect|p1a: Spore\n|-singleturn|p1a: Spore|Protect\n|move|p2a: Kilowattrel|Tera Blast|p1a: Spore|[anim] Tera Blast Ground\n|-activate|p1a: Spore|move: Protect\n|\n|upkeep\n|turn|32\n|c|\u2606chiefbluescreen|sorry i had to pee\n|\n|t:|1697766079\n|move|p2a: Kilowattrel|Tera Blast|p1a: Spore|[anim] Tera Blast Ground\n|-supereffective|p1a: Spore\n|-crit|p1a: Spore\n|-damage|p1a: Spore|0 fnt\n|faint|p1a: Spore\n|-damage|p2a: Kilowattrel|65\/100|[from] item: Life Orb\n|\n|upkeep\n|\n|t:|1697766085\n|switch|p1a: Tabletop Sim|Torkoal, M|100\/100\n|-weather|SunnyDay|[from] ability: Drought|[of] p1a: Tabletop Sim\n|turn|33\n|\n|t:|1697766103\n|move|p2a: Kilowattrel|Tera Blast|p1a: Tabletop Sim|[anim] Tera Blast Ground\n|-supereffective|p1a: Tabletop Sim\n|-damage|p1a: Tabletop Sim|0 fnt\n|faint|p1a: Tabletop Sim\n|-damage|p2a: Kilowattrel|55\/100|[from] item: Life Orb\n|\n|win|twinbear\n|c|\u2606twinbear|gg\n|c|\u2606chiefbluescreen|gg\n","uploadtime":1697766117,"views":21,"p1id":"chiefbluescreen","p2id":"twinbear","formatid":"gen9ubers","rating":0,"private":0,"password":""}