{"id":"gen9ubers-1972079248","p1":"Marciffouette","p2":"TrapLyf","format":"[Gen 9] Ubers","log":"|j|\u2606Marciffouette\n|j|\u2606TrapLyf\n|t:|1697811062\n|gametype|singles\n|player|p1|Marciffouette|mira|1405\n|player|p2|TrapLyf|169|1436\n|teamsize|p1|6\n|teamsize|p2|6\n|gen|9\n|tier|[Gen 9] Ubers\n|rated|\n|rule|Sleep Clause Mod: Limit one foe put to sleep\n|rule|Species Clause: Limit one of each Pok\u00e9mon\n|rule|OHKO Clause: OHKO moves are banned\n|rule|Evasion Items Clause: Evasion items are banned\n|rule|Evasion Moves Clause: Evasion moves are banned\n|rule|Endless Battle Clause: Forcing endless battles is banned\n|rule|HP Percentage Mod: HP is shown in percentages\n|clearpoke\n|poke|p1|Miraidon|\n|poke|p1|Koraidon|\n|poke|p1|Clodsire, M|\n|poke|p1|Skeledirge, F|\n|poke|p1|Corviknight, M|\n|poke|p1|Flutter Mane|\n|poke|p2|Zacian-*|\n|poke|p2|Blissey, F|\n|poke|p2|Koraidon|\n|poke|p2|Great Tusk|\n|poke|p2|Skeledirge, M|\n|poke|p2|Dialga|\n|teampreview\n|inactive|Battle timer is ON: inactive players will automatically lose when time's up. (requested by Marciffouette)\n|\n|t:|1697811082\n|start\n|switch|p1a: Miraidon|Miraidon|100\/100\n|switch|p2a: Koraidon|Koraidon|100\/100\n|-fieldstart|move: Electric Terrain|[from] ability: Hadron Engine|[of] p1a: Miraidon\n|-weather|SunnyDay|[from] ability: Orichalcum Pulse|[of] p2a: Koraidon\n|-activate|p2a: Koraidon|Orichalcum Pulse|[source]\n|turn|1\n|inactive|TrapLyf has 120 seconds left.\n|\n|t:|1697811134\n|switch|p2a: Blissey|Blissey, F|100\/100\n|move|p1a: Miraidon|Draco Meteor|p2a: Blissey\n|-damage|p2a: Blissey|73\/100\n|-unboost|p1a: Miraidon|spa|2\n|\n|-weather|SunnyDay|[upkeep]\n|upkeep\n|turn|2\n|\n|t:|1697811151\n|switch|p1a: Corviknight|Corviknight, M, shiny|100\/100\n|-ability|p1a: Corviknight|Pressure\n|move|p2a: Blissey|Thunder Wave|p1a: Corviknight|[miss]\n|-miss|p2a: Blissey|p1a: Corviknight\n|\n|-weather|SunnyDay|[upkeep]\n|upkeep\n|turn|3\n|\n|t:|1697811162\n|move|p1a: Corviknight|Iron Head|p2a: Blissey\n|-damage|p2a: Blissey|47\/100\n|move|p2a: Blissey|Thunder Wave|p1a: Corviknight\n|-status|p1a: Corviknight|par\n|\n|-weather|SunnyDay|[upkeep]\n|upkeep\n|turn|4\n|\n|t:|1697811169\n|move|p2a: Blissey|Soft-Boiled|p2a: Blissey\n|-heal|p2a: Blissey|97\/100\n|move|p1a: Corviknight|Iron Head|p2a: Blissey\n|-damage|p2a: Blissey|71\/100\n|\n|-weather|SunnyDay|[upkeep]\n|upkeep\n|turn|5\n|inactive|TrapLyf has 120 seconds left.\n|inactive|TrapLyf has 90 seconds left.\n|\n|t:|1697811218\n|switch|p2a: Koraidon|Koraidon|100\/100\n|-activate|p2a: Koraidon|ability: Orichalcum Pulse\n|move|p1a: Corviknight|Iron Head|p2a: Koraidon\n|-damage|p2a: Koraidon|79\/100\n|\n|-weather|none\n|-fieldend|move: Electric Terrain\n|upkeep\n|turn|6\n|\n|t:|1697811226\n|move|p2a: Koraidon|Low Kick|p1a: Corviknight\n|-damage|p1a: Corviknight|57\/100 par\n|move|p1a: Corviknight|U-turn|p2a: Koraidon\n|-resisted|p2a: Koraidon\n|-damage|p2a: Koraidon|72\/100\n|\n|t:|1697811236\n|switch|p1a: Miraidon|Miraidon|100\/100|[from] U-turn\n|-fieldstart|move: Electric Terrain|[from] ability: Hadron Engine|[of] p1a: Miraidon\n|\n|upkeep\n|turn|7\n|\n|t:|1697811240\n|switch|p2a: Blissey|Blissey, F|71\/100\n|move|p1a: Miraidon|Electro Drift|p2a: Blissey\n|-damage|p2a: Blissey|42\/100\n|\n|upkeep\n|turn|8\n|\n|t:|1697811245\n|move|p1a: Miraidon|Electro Drift|p2a: Blissey\n|-damage|p2a: Blissey|13\/100\n|move|p2a: Blissey|Soft-Boiled|p2a: Blissey\n|-heal|p2a: Blissey|63\/100\n|\n|upkeep\n|turn|9\n|\n|t:|1697811251\n|move|p1a: Miraidon|Electro Drift|p2a: Blissey\n|-damage|p2a: Blissey|34\/100\n|move|p2a: Blissey|Soft-Boiled|p2a: Blissey\n|-heal|p2a: Blissey|84\/100\n|\n|upkeep\n|turn|10\n|\n|t:|1697811256\n|switch|p1a: Corviknight|Corviknight, M, shiny|57\/100 par\n|-ability|p1a: Corviknight|Pressure\n|move|p2a: Blissey|Seismic Toss|p1a: Corviknight\n|-damage|p1a: Corviknight|32\/100 par\n|\n|-heal|p1a: Corviknight|39\/100 par|[from] item: Leftovers\n|-fieldend|move: Electric Terrain\n|upkeep\n|turn|11\n|\n|t:|1697811260\n|switch|p2a: Skeledirge|Skeledirge, M|100\/100\n|cant|p1a: Corviknight|par\n|\n|-heal|p1a: Corviknight|45\/100 par|[from] item: Leftovers\n|upkeep\n|turn|12\n|\n|t:|1697811265\n|switch|p1a: Clodsire|Clodsire, M|100\/100\n|move|p2a: Skeledirge|Torch Song|p1a: Clodsire\n|-crit|p1a: Clodsire\n|-damage|p1a: Clodsire|77\/100\n|-boost|p2a: Skeledirge|spa|1\n|\n|-heal|p1a: Clodsire|83\/100|[from] item: Leftovers\n|upkeep\n|turn|13\n|\n|t:|1697811273\n|switch|p2a: Great Tusk|Great Tusk|100\/100\n|move|p1a: Clodsire|Toxic|p2a: Great Tusk\n|-status|p2a: Great Tusk|tox\n|\n|-heal|p1a: Clodsire|90\/100|[from] item: Leftovers\n|-damage|p2a: Great Tusk|94\/100 tox|[from] psn\n|upkeep\n|turn|14\n|\n|t:|1697811277\n|switch|p1a: Corviknight|Corviknight, M, shiny|45\/100 par\n|-ability|p1a: Corviknight|Pressure\n|move|p2a: Great Tusk|Stealth Rock|p1a: Corviknight\n|-sidestart|p1: Marciffouette|move: Stealth Rock\n|\n|-heal|p1a: Corviknight|51\/100 par|[from] item: Leftovers\n|-damage|p2a: Great Tusk|82\/100 tox|[from] psn\n|upkeep\n|turn|15\n|\n|t:|1697811280\n|-end|p2a: Great Tusk|Protosynthesis|[silent]\n|switch|p2a: Skeledirge|Skeledirge, M|100\/100\n|cant|p1a: Corviknight|par\n|\n|-heal|p1a: Corviknight|57\/100 par|[from] item: Leftovers\n|upkeep\n|turn|16\n|\n|t:|1697811283\n|switch|p1a: Clodsire|Clodsire, M|90\/100\n|-damage|p1a: Clodsire|83\/100|[from] Stealth Rock\n|move|p2a: Skeledirge|Will-O-Wisp|p1a: Clodsire|[miss]\n|-miss|p2a: Skeledirge|p1a: Clodsire\n|\n|-heal|p1a: Clodsire|90\/100|[from] item: Leftovers\n|upkeep\n|turn|17\n|\n|t:|1697811293\n|switch|p2a: Great Tusk|Great Tusk|82\/100 tox\n|move|p1a: Clodsire|Stealth Rock|p2a: Great Tusk\n|-sidestart|p2: TrapLyf|move: Stealth Rock\n|\n|-heal|p1a: Clodsire|96\/100|[from] item: Leftovers\n|-damage|p2a: Great Tusk|76\/100 tox|[from] psn\n|upkeep\n|turn|18\n|\n|t:|1697811298\n|switch|p1a: Corviknight|Corviknight, M, shiny|57\/100 par\n|-damage|p1a: Corviknight|45\/100 par|[from] Stealth Rock\n|-ability|p1a: Corviknight|Pressure\n|move|p2a: Great Tusk|Rapid Spin|p1a: Corviknight\n|-resisted|p1a: Corviknight\n|-damage|p1a: Corviknight|40\/100 par\n|-boost|p2a: Great Tusk|spe|1\n|-sideend|p2: TrapLyf|Stealth Rock|[from] move: Rapid Spin|[of] p2a: Great Tusk\n|\n|-heal|p1a: Corviknight|47\/100 par|[from] item: Leftovers\n|-damage|p2a: Great Tusk|63\/100 tox|[from] psn\n|upkeep\n|turn|19\n|\n|t:|1697811300\n|-end|p2a: Great Tusk|Protosynthesis|[silent]\n|switch|p2a: Skeledirge|Skeledirge, M|100\/100\n|move|p1a: Corviknight|Roost|p1a: Corviknight\n|-heal|p1a: Corviknight|97\/100 par\n|-singleturn|p1a: Corviknight|move: Roost\n|\n|-heal|p1a: Corviknight|100\/100 par|[from] item: Leftovers\n|upkeep\n|turn|20\n|\n|t:|1697811307\n|switch|p1a: Clodsire|Clodsire, M|96\/100\n|-damage|p1a: Clodsire|90\/100|[from] Stealth Rock\n|move|p2a: Skeledirge|Torch Song|p1a: Clodsire\n|-damage|p1a: Clodsire|73\/100\n|-boost|p2a: Skeledirge|spa|1\n|\n|-heal|p1a: Clodsire|79\/100|[from] item: Leftovers\n|upkeep\n|turn|21\n|\n|t:|1697811317\n|move|p2a: Skeledirge|Will-O-Wisp|p1a: Clodsire\n|-status|p1a: Clodsire|brn\n|move|p1a: Clodsire|Toxic|p2a: Skeledirge\n|-status|p2a: Skeledirge|tox\n|\n|-heal|p1a: Clodsire|85\/100 brn|[from] item: Leftovers\n|-damage|p2a: Skeledirge|94\/100 tox|[from] psn\n|-damage|p1a: Clodsire|79\/100 brn|[from] brn\n|upkeep\n|turn|22\n|\n|t:|1697811322\n|switch|p1a: Prouchi|Skeledirge, F|100\/100\n|move|p2a: Skeledirge|Hex|p1a: Prouchi\n|-supereffective|p1a: Prouchi\n|-damage|p1a: Prouchi|46\/100\n|\n|-damage|p2a: Skeledirge|82\/100 tox|[from] psn\n|upkeep\n|turn|23\n|\n|t:|1697811350\n|switch|p2a: Blissey|Blissey, F|84\/100\n|switch|p1a: Clodsire|Clodsire, M|79\/100 brn\n|-damage|p1a: Clodsire|73\/100 brn|[from] Stealth Rock\n|\n|-heal|p1a: Clodsire|79\/100 brn|[from] item: Leftovers\n|-damage|p1a: Clodsire|73\/100 brn|[from] brn\n|upkeep\n|turn|24\n|\n|t:|1697811363\n|switch|p1a: Corviknight|Corviknight, M, shiny|100\/100 par\n|-damage|p1a: Corviknight|88\/100 par|[from] Stealth Rock\n|-ability|p1a: Corviknight|Pressure\n|move|p2a: Blissey|Seismic Toss|p1a: Corviknight\n|-damage|p1a: Corviknight|63\/100 par\n|\n|-heal|p1a: Corviknight|69\/100 par|[from] item: Leftovers\n|upkeep\n|turn|25\n|\n|t:|1697811371\n|move|p2a: Blissey|Seismic Toss|p1a: Corviknight\n|-damage|p1a: Corviknight|44\/100 par\n|move|p1a: Corviknight|Defog|p2a: Blissey\n|-unboost|p2a: Blissey|evasion|1\n|-sideend|p1: Marciffouette|Stealth Rock|[from] move: Defog|[of] p1a: Corviknight\n|\n|-heal|p1a: Corviknight|50\/100 par|[from] item: Leftovers\n|upkeep\n|turn|26\n|\n|t:|1697811380\n|switch|p2a: Skeledirge|Skeledirge, M|82\/100 tox\n|cant|p1a: Corviknight|par\n|\n|-heal|p1a: Corviknight|57\/100 par|[from] item: Leftovers\n|-damage|p2a: Skeledirge|76\/100 tox|[from] psn\n|upkeep\n|turn|27\n|\n|t:|1697811392\n|switch|p1a: Clodsire|Clodsire, M|73\/100 brn\n|move|p2a: Skeledirge|Hex|p1a: Clodsire\n|-damage|p1a: Clodsire|46\/100 brn\n|\n|-heal|p1a: Clodsire|52\/100 brn|[from] item: Leftovers\n|-damage|p2a: Skeledirge|64\/100 tox|[from] psn\n|-damage|p1a: Clodsire|46\/100 brn|[from] brn\n|upkeep\n|turn|28\n|inactive|TrapLyf has 120 seconds left.\n|\n|t:|1697811431\n|move|p2a: Skeledirge|Hex|p1a: Clodsire\n|-damage|p1a: Clodsire|23\/100 brn\n|move|p1a: Clodsire|Earthquake|p2a: Skeledirge\n|-supereffective|p2a: Skeledirge\n|-damage|p2a: Skeledirge|47\/100 tox\n|\n|-heal|p1a: Clodsire|29\/100 brn|[from] item: Leftovers\n|-damage|p2a: Skeledirge|29\/100 tox|[from] psn\n|-damage|p1a: Clodsire|23\/100 brn|[from] brn\n|upkeep\n|turn|29\n|\n|t:|1697811439\n|move|p2a: Skeledirge|Hex|p1a: Clodsire\n|-damage|p1a: Clodsire|0 fnt\n|faint|p1a: Clodsire\n|\n|-damage|p2a: Skeledirge|5\/100 tox|[from] psn\n|upkeep\n|\n|t:|1697811464\n|switch|p1a: Koraidon|Koraidon|100\/100\n|-weather|SunnyDay|[from] ability: Orichalcum Pulse|[of] p1a: Koraidon\n|-activate|p1a: Koraidon|Orichalcum Pulse|[source]\n|turn|30\n|\n|t:|1697811480\n|move|p1a: Koraidon|U-turn|p2a: Skeledirge\n|-resisted|p2a: Skeledirge\n|-damage|p2a: Skeledirge|0 fnt\n|faint|p2a: Skeledirge\n|\n|t:|1697811484\n|switch|p1a: Flutter Mane|Flutter Mane|100\/100|[from] U-turn\n|-activate|p1a: Flutter Mane|ability: Protosynthesis\n|-start|p1a: Flutter Mane|protosynthesisspe\n|\n|-weather|SunnyDay|[upkeep]\n|upkeep\n|inactive|TrapLyf has 120 seconds left.\n|\n|t:|1697811521\n|switch|p2a: Blissey|Blissey, F|84\/100\n|turn|31\n|\n|t:|1697811535\n|-end|p1a: Flutter Mane|Protosynthesis|[silent]\n|switch|p1a: Corviknight|Corviknight, M, shiny|57\/100 par\n|-ability|p1a: Corviknight|Pressure\n|move|p2a: Blissey|Thunder Wave|p1a: Corviknight\n|-fail|p1a: Corviknight|par\n|\n|-weather|SunnyDay|[upkeep]\n|-heal|p1a: Corviknight|63\/100 par|[from] item: Leftovers\n|upkeep\n|turn|32\n|\n|t:|1697811545\n|move|p2a: Blissey|Seismic Toss|p1a: Corviknight\n|-damage|p1a: Corviknight|38\/100 par\n|move|p1a: Corviknight|U-turn|p2a: Blissey\n|-damage|p2a: Blissey|70\/100\n|\n|t:|1697811548\n|switch|p1a: Koraidon|Koraidon|100\/100|[from] U-turn\n|-activate|p1a: Koraidon|ability: Orichalcum Pulse\n|\n|-weather|SunnyDay|[upkeep]\n|upkeep\n|turn|33\n|inactive|TrapLyf has 120 seconds left.\n|\n|t:|1697811567\n|switch|p2a: Great Tusk|Great Tusk|63\/100 tox\n|-activate|p2a: Great Tusk|ability: Protosynthesis\n|-start|p2a: Great Tusk|protosynthesisdef\n|move|p1a: Koraidon|Close Combat|p2a: Great Tusk\n|-damage|p2a: Great Tusk|20\/100 tox\n|-unboost|p1a: Koraidon|def|1\n|-unboost|p1a: Koraidon|spd|1\n|\n|-weather|SunnyDay|[upkeep]\n|-damage|p2a: Great Tusk|14\/100 tox|[from] psn\n|upkeep\n|turn|34\n|inactive|TrapLyf has 120 seconds left.\n|\n|t:|1697811577\n|move|p1a: Koraidon|Close Combat|p2a: Great Tusk\n|-damage|p2a: Great Tusk|0 fnt\n|-unboost|p1a: Koraidon|def|1\n|-unboost|p1a: Koraidon|spd|1\n|faint|p2a: Great Tusk\n|-end|p2a: Great Tusk|Protosynthesis|[silent]\n|\n|-weather|none\n|upkeep\n|\n|t:|1697811580\n|switch|p2a: Zacian|Zacian-Crowned|100\/100\n|-ability|p2a: Zacian|Intrepid Sword|boost\n|-boost|p2a: Zacian|atk|1\n|turn|35\n|\n|t:|1697811591\n|switch|p1a: Prouchi|Skeledirge, F|46\/100\n|move|p2a: Zacian|Swords Dance|p2a: Zacian\n|-boost|p2a: Zacian|atk|2\n|\n|upkeep\n|turn|36\n|\n|t:|1697811597\n|switch|p2a: Koraidon|Koraidon|72\/100\n|-weather|SunnyDay|[from] ability: Orichalcum Pulse|[of] p2a: Koraidon\n|-activate|p2a: Koraidon|Orichalcum Pulse|[source]\n|move|p1a: Prouchi|Slack Off|p1a: Prouchi\n|-heal|p1a: Prouchi|96\/100\n|\n|-weather|SunnyDay|[upkeep]\n|upkeep\n|turn|37\n|\n|t:|1697811602\n|move|p2a: Koraidon|Dragon Claw|p1a: Prouchi\n|-damage|p1a: Prouchi|41\/100\n|move|p1a: Prouchi|Will-O-Wisp|p2a: Koraidon\n|-status|p2a: Koraidon|brn\n|\n|-weather|SunnyDay|[upkeep]\n|-damage|p2a: Koraidon|66\/100 brn|[from] brn\n|upkeep\n|turn|38\n|\n|t:|1697811605\n|move|p2a: Koraidon|Dragon Claw|p1a: Prouchi\n|-damage|p1a: Prouchi|15\/100\n|move|p1a: Prouchi|Slack Off|p1a: Prouchi\n|-heal|p1a: Prouchi|65\/100\n|\n|-weather|SunnyDay|[upkeep]\n|-damage|p2a: Koraidon|60\/100 brn|[from] brn\n|upkeep\n|turn|39\n|\n|t:|1697811609\n|move|p2a: Koraidon|Dragon Claw|p1a: Prouchi\n|-damage|p1a: Prouchi|39\/100\n|move|p1a: Prouchi|Slack Off|p1a: Prouchi\n|-heal|p1a: Prouchi|89\/100\n|\n|-weather|SunnyDay|[upkeep]\n|-damage|p2a: Koraidon|54\/100 brn|[from] brn\n|upkeep\n|turn|40\n|\n|t:|1697811616\n|switch|p2a: Dialga|Dialga|100\/100\n|-ability|p2a: Dialga|Pressure\n|move|p1a: Prouchi|Hex|p2a: Dialga\n|-damage|p2a: Dialga|77\/100\n|\n|-weather|none\n|upkeep\n|turn|41\n|\n|t:|1697811622\n|switch|p1a: Corviknight|Corviknight, M, shiny|38\/100 par\n|-ability|p1a: Corviknight|Pressure\n|move|p2a: Dialga|Dragon Pulse|p1a: Corviknight\n|-resisted|p1a: Corviknight\n|-damage|p1a: Corviknight|17\/100 par\n|\n|-heal|p1a: Corviknight|23\/100 par|[from] item: Leftovers\n|upkeep\n|turn|42\n|\n|t:|1697811629\n|move|p2a: Dialga|Dragon Pulse|p1a: Corviknight\n|-resisted|p1a: Corviknight\n|-damage|p1a: Corviknight|0 fnt\n|faint|p1a: Corviknight\n|\n|upkeep\n|\n|t:|1697811636\n|switch|p1a: Koraidon|Koraidon|100\/100\n|-weather|SunnyDay|[from] ability: Orichalcum Pulse|[of] p1a: Koraidon\n|-activate|p1a: Koraidon|Orichalcum Pulse|[source]\n|turn|43\n|\n|t:|1697811643\n|move|p2a: Dialga|Dragon Pulse|p1a: Koraidon\n|-supereffective|p1a: Koraidon\n|-crit|p1a: Koraidon\n|-damage|p1a: Koraidon|0 fnt\n|faint|p1a: Koraidon\n|\n|-weather|SunnyDay|[upkeep]\n|upkeep\n|\n|t:|1697811650\n|switch|p1a: Miraidon|Miraidon|100\/100\n|-fieldstart|move: Electric Terrain|[from] ability: Hadron Engine|[of] p1a: Miraidon\n|turn|44\n|inactive|TrapLyf has 120 seconds left.\n|inactive|TrapLyf has 90 seconds left.\n|inactive|TrapLyf has 60 seconds left.\n|\n|t:|1697811763\n|move|p1a: Miraidon|U-turn|p2a: Dialga\n|-resisted|p2a: Dialga\n|-crit|p2a: Dialga\n|-damage|p2a: Dialga|69\/100\n|\n|t:|1697811766\n|switch|p1a: Flutter Mane|Flutter Mane|100\/100|[from] U-turn\n|-activate|p1a: Flutter Mane|ability: Protosynthesis\n|-start|p1a: Flutter Mane|protosynthesisspe\n|move|p2a: Dialga|Dragon Pulse|p1a: Flutter Mane\n|-immune|p1a: Flutter Mane\n|\n|-weather|SunnyDay|[upkeep]\n|upkeep\n|turn|45\n|\n|t:|1697811770\n|switch|p2a: Koraidon|Koraidon|54\/100 brn\n|-activate|p2a: Koraidon|ability: Orichalcum Pulse\n|move|p1a: Flutter Mane|Psyshock|p2a: Koraidon\n|-supereffective|p2a: Koraidon\n|-damage|p2a: Koraidon|0 fnt\n|faint|p2a: Koraidon\n|-damage|p1a: Flutter Mane|91\/100|[from] item: Life Orb\n|\n|-weather|SunnyDay|[upkeep]\n|upkeep\n|\n|t:|1697811775\n|switch|p2a: Zacian|Zacian-Crowned|100\/100\n|turn|46\n|\n|t:|1697811785\n|-end|p1a: Flutter Mane|Protosynthesis|[silent]\n|switch|p1a: Prouchi|Skeledirge, F|89\/100\n|switch|p2a: Blissey|Blissey, F|70\/100\n|\n|-weather|SunnyDay|[upkeep]\n|upkeep\n|turn|47\n|\n|t:|1697811792\n|move|p1a: Prouchi|Torch Song|p2a: Blissey\n|-damage|p2a: Blissey|56\/100\n|-boost|p1a: Prouchi|spa|1\n|move|p2a: Blissey|Thunder Wave|p1a: Prouchi\n|-status|p1a: Prouchi|par\n|\n|-weather|none\n|upkeep\n|turn|48\n|\n|t:|1697811797\n|move|p2a: Blissey|Soft-Boiled|p2a: Blissey\n|-heal|p2a: Blissey|100\/100\n|move|p1a: Prouchi|Torch Song|p2a: Blissey\n|-crit|p2a: Blissey\n|-damage|p2a: Blissey|81\/100\n|-boost|p1a: Prouchi|spa|1\n|\n|-fieldend|move: Electric Terrain\n|upkeep\n|turn|49\n|\n|t:|1697811801\n|move|p2a: Blissey|Shadow Ball|p1a: Prouchi\n|-supereffective|p1a: Prouchi\n|-damage|p1a: Prouchi|57\/100 par\n|move|p1a: Prouchi|Torch Song|p2a: Blissey\n|-damage|p2a: Blissey|62\/100\n|-boost|p1a: Prouchi|spa|1\n|\n|upkeep\n|turn|50\n|\n|t:|1697811804\n|move|p2a: Blissey|Soft-Boiled|p2a: Blissey\n|-heal|p2a: Blissey|100\/100\n|move|p1a: Prouchi|Slack Off|p1a: Prouchi\n|-heal|p1a: Prouchi|100\/100 par\n|\n|upkeep\n|turn|51\n|\n|t:|1697811811\n|move|p2a: Blissey|Shadow Ball|p1a: Prouchi\n|-supereffective|p1a: Prouchi\n|-damage|p1a: Prouchi|72\/100 par\n|cant|p1a: Prouchi|par\n|\n|upkeep\n|turn|52\n|\n|t:|1697811815\n|move|p2a: Blissey|Shadow Ball|p1a: Prouchi\n|-supereffective|p1a: Prouchi\n|-damage|p1a: Prouchi|41\/100 par\n|cant|p1a: Prouchi|par\n|\n|upkeep\n|turn|53\n|\n|t:|1697811819\n|move|p2a: Blissey|Shadow Ball|p1a: Prouchi\n|-supereffective|p1a: Prouchi\n|-damage|p1a: Prouchi|11\/100 par\n|move|p1a: Prouchi|Slack Off|p1a: Prouchi\n|-heal|p1a: Prouchi|61\/100 par\n|\n|upkeep\n|turn|54\n|\n|t:|1697811823\n|move|p2a: Blissey|Shadow Ball|p1a: Prouchi\n|-supereffective|p1a: Prouchi\n|-damage|p1a: Prouchi|29\/100 par\n|move|p1a: Prouchi|Slack Off|p1a: Prouchi\n|-heal|p1a: Prouchi|79\/100 par\n|\n|upkeep\n|turn|55\n|\n|t:|1697811827\n|switch|p1a: Miraidon|Miraidon|100\/100\n|-fieldstart|move: Electric Terrain|[from] ability: Hadron Engine|[of] p1a: Miraidon\n|move|p2a: Blissey|Shadow Ball|p1a: Miraidon\n|-damage|p1a: Miraidon|88\/100\n|\n|upkeep\n|turn|56\n|\n|t:|1697811834\n|switch|p2a: Dialga|Dialga|69\/100\n|-ability|p2a: Dialga|Pressure\n|move|p1a: Miraidon|U-turn|p2a: Dialga\n|-resisted|p2a: Dialga\n|-damage|p2a: Dialga|63\/100\n|\n|t:|1697811843\n|switch|p1a: Prouchi|Skeledirge, F|79\/100 par|[from] U-turn\n|\n|upkeep\n|turn|57\n|\n|t:|1697811846\n|move|p2a: Dialga|Draco Meteor|p1a: Prouchi\n|-damage|p1a: Prouchi|0 fnt\n|-unboost|p2a: Dialga|spa|2\n|faint|p1a: Prouchi\n|\n|upkeep\n|\n|t:|1697811849\n|switch|p1a: Miraidon|Miraidon|88\/100\n|-activate|p1a: Miraidon|ability: Hadron Engine\n|turn|58\n|\n|t:|1697811854\n|switch|p2a: Blissey|Blissey, F|100\/100\n|-terastallize|p1a: Miraidon|Electric\n|move|p1a: Miraidon|Electro Drift|p2a: Blissey\n|-damage|p2a: Blissey|61\/100\n|\n|upkeep\n|turn|59\n|\n|t:|1697811860\n|move|p1a: Miraidon|Electro Drift|p2a: Blissey\n|-damage|p2a: Blissey|24\/100\n|move|p2a: Blissey|Soft-Boiled|p2a: Blissey\n|-heal|p2a: Blissey|74\/100\n|\n|-fieldend|move: Electric Terrain\n|upkeep\n|turn|60\n|\n|t:|1697811869\n|move|p1a: Miraidon|Electro Drift|p2a: Blissey\n|-damage|p2a: Blissey|51\/100\n|move|p2a: Blissey|Thunder Wave|p1a: Miraidon\n|-immune|p1a: Miraidon\n|\n|upkeep\n|turn|61\n|\n|t:|1697811874\n|switch|p1a: Flutter Mane|Flutter Mane|91\/100\n|move|p2a: Blissey|Soft-Boiled|p2a: Blissey\n|-heal|p2a: Blissey|100\/100\n|\n|upkeep\n|turn|62\n|\n|t:|1697811877\n|move|p1a: Flutter Mane|Calm Mind|p1a: Flutter Mane\n|-boost|p1a: Flutter Mane|spa|1\n|-boost|p1a: Flutter Mane|spd|1\n|move|p2a: Blissey|Thunder Wave|p1a: Flutter Mane\n|-status|p1a: Flutter Mane|par\n|\n|upkeep\n|turn|63\n|\n|t:|1697811882\n|switch|p2a: Zacian|Zacian-Crowned|100\/100\n|move|p1a: Flutter Mane|Psyshock|p2a: Zacian\n|-resisted|p2a: Zacian\n|-damage|p2a: Zacian|75\/100\n|-damage|p1a: Flutter Mane|81\/100 par|[from] item: Life Orb\n|\n|upkeep\n|turn|64\n|\n|t:|1697811889\n|move|p2a: Zacian|Behemoth Blade|p1a: Flutter Mane\n|-supereffective|p1a: Flutter Mane\n|-damage|p1a: Flutter Mane|0 fnt\n|faint|p1a: Flutter Mane\n|-end|p1a: Flutter Mane|Protosynthesis|[silent]\n|\n|upkeep\n|\n|t:|1697811891\n|switch|p1a: Miraidon|Miraidon, tera:Electric|88\/100\n|-fieldstart|move: Electric Terrain|[from] ability: Hadron Engine|[of] p1a: Miraidon\n|turn|65\n|\n|t:|1697811894\n|switch|p2a: Blissey|Blissey, F|100\/100\n|move|p1a: Miraidon|Electro Drift|p2a: Blissey\n|-damage|p2a: Blissey|65\/100\n|\n|upkeep\n|turn|66\n|\n|t:|1697811902\n|move|p1a: Miraidon|Electro Drift|p2a: Blissey\n|-damage|p2a: Blissey|25\/100\n|move|p2a: Blissey|Seismic Toss|p1a: Miraidon\n|-damage|p1a: Miraidon|58\/100\n|\n|upkeep\n|turn|67\n|c|\u2606TrapLyf|gg\n|j| Na2Zn(OH)4\n|-message|Marciffouette forfeited.\n|\n|win|TrapLyf\n|raw|Marciffouette's rating: 1405 &rarr; <strong>1387<\/strong><br \/>(-18 for losing)\n|raw|TrapLyf's rating: 1436 &rarr; <strong>1454<\/strong><br \/>(+18 for winning)\n|l|\u2606Marciffouette\n|l|\u2606TrapLyf\n","uploadtime":1697813937,"views":17,"p1id":"marciffouette","p2id":"traplyf","formatid":"gen9ubers","rating":1387,"private":0,"password":""}