{"id":"gen9ubers-1975519136","p1":"Willish6634","p2":"bandit_tpl","format":"[Gen 9] Ubers","log":"|j|\u2606Willish6634\n|j|\u2606bandit_tpl\n|t:|1698200089\n|gametype|singles\n|player|p1|Willish6634|leon-masters|\n|player|p2|bandit_tpl|sage|\n|teamsize|p1|6\n|teamsize|p2|6\n|gen|9\n|tier|[Gen 9] Ubers\n|rule|Sleep Clause Mod: Limit one foe put to sleep\n|rule|Species Clause: Limit one of each Pok\u00e9mon\n|rule|OHKO Clause: OHKO moves are banned\n|rule|Evasion Items Clause: Evasion items are banned\n|rule|Evasion Moves Clause: Evasion moves are banned\n|rule|Endless Battle Clause: Forcing endless battles is banned\n|rule|HP Percentage Mod: HP is shown in percentages\n|clearpoke\n|poke|p1|Magnezone|\n|poke|p1|Weavile, M|\n|poke|p1|Toedscruel, F|\n|poke|p1|Conkeldurr, F|\n|poke|p1|Dragonite, M|\n|poke|p1|Azelf|\n|poke|p2|Espeon, F|\n|poke|p2|Kingambit, M|\n|poke|p2|Hydreigon, F|\n|poke|p2|Heatran, M|\n|poke|p2|Shaymin-Sky|\n|poke|p2|Cetitan, M|\n|teampreview\n|c|\u2606Willish6634|Glhf\n|j| Judgieiscool\n|j| ampharosaunt11\n|j| Smoocheh\n|\n|t:|1698200127\n|start\n|switch|p1a: Pending|Azelf|100\/100\n|switch|p2a: Heatran|Heatran, M, shiny|100\/100\n|turn|1\n|j| Lillyrosethedemon\n|l| Lillyrosethedemon\n|j| Lillyrosethedemon\n|\n|t:|1698200140\n|move|p1a: Pending|Light Screen|p1a: Pending\n|-sidestart|p1: Willish6634|move: Light Screen\n|move|p2a: Heatran|Magma Storm|p1a: Pending\n|-damage|p1a: Pending|67\/100\n|-activate|p1a: Pending|move: Magma Storm|[of] p2a: Heatran\n|\n|-damage|p1a: Pending|55\/100|[from] move: Magma Storm|[partiallytrapped]\n|upkeep\n|turn|2\n|\n|t:|1698200152\n|move|p1a: Pending|Reflect|p1a: Pending\n|-sidestart|p1: Willish6634|Reflect\n|move|p2a: Heatran|Stealth Rock|p1a: Pending\n|-sidestart|p1: Willish6634|move: Stealth Rock\n|\n|-damage|p1a: Pending|42\/100|[from] move: Magma Storm|[partiallytrapped]\n|upkeep\n|turn|3\n|\n|t:|1698200165\n|move|p1a: Pending|Stealth Rock|p2a: Heatran\n|-sidestart|p2: bandit_tpl|move: Stealth Rock\n|move|p2a: Heatran|Taunt|p1a: Pending\n|-start|p1a: Pending|move: Taunt\n|\n|-damage|p1a: Pending|30\/100|[from] move: Magma Storm|[partiallytrapped]\n|upkeep\n|turn|4\n|\n|t:|1698200174\n|move|p1a: Pending|Explosion|p2a: Heatran\n|-resisted|p2a: Heatran\n|-damage|p2a: Heatran|69\/100\n|faint|p1a: Pending\n|move|p2a: Heatran|Magma Storm|p1: Pending|[notarget]\n|-fail|p2a: Heatran\n|\n|-heal|p2a: Heatran|75\/100|[from] item: Leftovers\n|upkeep\n|c|\u2606Willish6634|BOOM\n|\n|t:|1698200193\n|switch|p1a: Boo-Boo|Dragonite, M|100\/100\n|turn|5\n|\n|t:|1698200203\n|move|p1a: Boo-Boo|Dragon Dance|p1a: Boo-Boo\n|-boost|p1a: Boo-Boo|atk|1\n|-boost|p1a: Boo-Boo|spe|1\n|move|p2a: Heatran|Taunt|p1a: Boo-Boo\n|-start|p1a: Boo-Boo|move: Taunt\n|\n|-heal|p2a: Heatran|81\/100|[from] item: Leftovers\n|upkeep\n|turn|6\n|j| mklgd\n|\n|t:|1698200221\n|switch|p2a: Hydreigon|Hydreigon, F|100\/100\n|-damage|p2a: Hydreigon|88\/100|[from] Stealth Rock\n|move|p1a: Boo-Boo|Earthquake|p2a: Hydreigon\n|-immune|p2a: Hydreigon|[from] ability: Levitate\n|\n|-heal|p2a: Hydreigon|94\/100|[from] item: Leftovers\n|upkeep\n|turn|7\n|\n|t:|1698200259\n|-terastallize|p1a: Boo-Boo|Flying\n|-terastallize|p2a: Hydreigon|Steel\n|move|p1a: Boo-Boo|Tera Blast|p2a: Hydreigon|[anim] Tera Blast Flying\n|-resisted|p2a: Hydreigon\n|-crit|p2a: Hydreigon\n|-damage|p2a: Hydreigon|20\/100\n|move|p2a: Hydreigon|Dark Pulse|p1a: Boo-Boo\n|-damage|p1a: Boo-Boo|90\/100\n|\n|-heal|p2a: Hydreigon|26\/100|[from] item: Leftovers\n|upkeep\n|turn|8\n|\n|t:|1698200275\n|move|p1a: Boo-Boo|Tera Blast|p2a: Hydreigon|[anim] Tera Blast Flying\n|-resisted|p2a: Hydreigon\n|-damage|p2a: Hydreigon|0 fnt\n|faint|p2a: Hydreigon\n|\n|-end|p1a: Boo-Boo|move: Taunt\n|-sideend|p1: Willish6634|move: Light Screen\n|upkeep\n|c|\u2606Willish6634|bonk\n|c| Judgieiscool|double tera wowza\n|\n|t:|1698200290\n|switch|p2a: Cetitan|Cetitan, M, shiny|100\/100\n|-damage|p2a: Cetitan|76\/100|[from] Stealth Rock\n|turn|9\n|\n|t:|1698200302\n|move|p2a: Cetitan|Ice Shard|p1a: Boo-Boo\n|-supereffective|p1a: Boo-Boo\n|-damage|p1a: Boo-Boo|65\/100\n|move|p1a: Boo-Boo|Tera Blast|p2a: Cetitan|[anim] Tera Blast Flying\n|-damage|p2a: Cetitan|0 fnt\n|faint|p2a: Cetitan\n|\n|-sideend|p1: Willish6634|Reflect\n|upkeep\n|\n|t:|1698200322\n|switch|p2a: Kingambit|Kingambit, M, shiny|100\/100\n|-damage|p2a: Kingambit|94\/100|[from] Stealth Rock\n|-activate|p2a: Kingambit|ability: Supreme Overlord\n|-start|p2a: Kingambit|fallen2|[silent]\n|turn|10\n|\n|t:|1698200335\n|move|p2a: Kingambit|Sucker Punch|p1a: Boo-Boo\n|-damage|p1a: Boo-Boo|8\/100\n|move|p1a: Boo-Boo|Earthquake|p2a: Kingambit\n|-supereffective|p2a: Kingambit\n|-damage|p2a: Kingambit|8\/100\n|\n|-heal|p2a: Kingambit|14\/100|[from] item: Leftovers\n|upkeep\n|turn|11\n|\n|t:|1698200348\n|move|p1a: Boo-Boo|Extreme Speed|p2a: Kingambit\n|-resisted|p2a: Kingambit\n|-damage|p2a: Kingambit|0 fnt\n|faint|p2a: Kingambit\n|-end|p2a: Kingambit|fallen2|[silent]\n|\n|upkeep\n|\n|t:|1698200360\n|switch|p2a: Espeon|Espeon, F|100\/100\n|-damage|p2a: Espeon|88\/100|[from] Stealth Rock\n|turn|12\n|\n|t:|1698200366\n|move|p1a: Boo-Boo|Tera Blast|p2a: Espeon|[anim] Tera Blast Flying\n|-damage|p2a: Espeon|0 fnt\n|faint|p2a: Espeon\n|\n|upkeep\n|\n|t:|1698200372\n|switch|p2a: Shaymin|Shaymin-Sky|100\/100\n|-damage|p2a: Shaymin|76\/100|[from] Stealth Rock\n|turn|13\n|\n|t:|1698200381\n|move|p2a: Shaymin|Air Slash|p1a: Boo-Boo\n|-crit|p1a: Boo-Boo\n|-damage|p1a: Boo-Boo|0 fnt\n|faint|p1a: Boo-Boo\n|-damage|p2a: Shaymin|66\/100|[from] item: Life Orb\n|\n|upkeep\n|c|\u2606Willish6634|Dnag\n|\n|t:|1698200393\n|switch|p1a: Magbert|Magnezone|100\/100\n|-damage|p1a: Magbert|94\/100|[from] Stealth Rock\n|turn|14\n|c|\u2606bandit_tpl|Oh tht outsped lmao\n|\n|t:|1698200404\n|move|p2a: Shaymin|Earth Power|p1a: Magbert\n|-supereffective|p1a: Magbert\n|-damage|p1a: Magbert|0 fnt\n|faint|p1a: Magbert\n|-damage|p2a: Shaymin|56\/100|[from] item: Life Orb\n|\n|upkeep\n|c|\u2606Willish6634|Adamant Dnite\n|\n|t:|1698200414\n|switch|p1a: The Chosen One|Weavile, M|100\/100\n|-ability|p1a: The Chosen One|Pressure\n|turn|15\n|\n|t:|1698200420\n|switch|p2a: Heatran|Heatran, M, shiny|81\/100\n|-damage|p2a: Heatran|69\/100|[from] Stealth Rock\n|move|p1a: The Chosen One|Icicle Crash|p2a: Heatran\n|-resisted|p2a: Heatran\n|-damage|p2a: Heatran|60\/100\n|\n|-heal|p2a: Heatran|66\/100|[from] item: Leftovers\n|upkeep\n|turn|16\n|\n|t:|1698200431\n|move|p1a: The Chosen One|Low Kick|p2a: Heatran\n|-supereffective|p2a: Heatran\n|-damage|p2a: Heatran|3\/100\n|move|p2a: Heatran|Magma Storm|p1a: The Chosen One\n|-supereffective|p1a: The Chosen One\n|-damage|p1a: The Chosen One|0 fnt\n|faint|p1a: The Chosen One\n|\n|-heal|p2a: Heatran|9\/100|[from] item: Leftovers\n|upkeep\n|\n|t:|1698200436\n|switch|p1a: Jerry|Toedscruel, F|100\/100\n|-damage|p1a: Jerry|95\/100|[from] Stealth Rock\n|turn|17\n|\n|t:|1698200447\n|move|p1a: Jerry|Earth Power|p2a: Heatran\n|-supereffective|p2a: Heatran\n|-damage|p2a: Heatran|0 fnt\n|faint|p2a: Heatran\n|\n|-heal|p1a: Jerry|100\/100|[from] item: Leftovers\n|upkeep\n|\n|t:|1698200454\n|switch|p2a: Shaymin|Shaymin-Sky|56\/100\n|-damage|p2a: Shaymin|31\/100|[from] Stealth Rock\n|turn|18\n|\n|t:|1698200464\n|move|p2a: Shaymin|Air Slash|p1a: Jerry|[miss]\n|-miss|p2a: Shaymin|p1a: Jerry\n|move|p1a: Jerry|Giga Drain|p2a: Shaymin\n|-resisted|p2a: Shaymin\n|-damage|p2a: Shaymin|22\/100\n|\n|upkeep\n|turn|19\n|c|\u2606bandit_tpl|Gg\n|\n|t:|1698200483\n|move|p2a: Shaymin|Air Slash|p1a: Jerry\n|-supereffective|p1a: Jerry\n|-damage|p1a: Jerry|6\/100\n|-damage|p2a: Shaymin|12\/100|[from] item: Life Orb\n|cant|p1a: Jerry|flinch\n|\n|-heal|p1a: Jerry|12\/100|[from] item: Leftovers\n|upkeep\n|turn|20\n|c|\u2606Willish6634|gg\n|\n|t:|1698200493\n|move|p2a: Shaymin|Air Slash|p1a: Jerry\n|-supereffective|p1a: Jerry\n|-damage|p1a: Jerry|0 fnt\n|faint|p1a: Jerry\n|-damage|p2a: Shaymin|2\/100|[from] item: Life Orb\n|\n|upkeep\n|\n|t:|1698200505\n|switch|p1a: Grandpas House|Conkeldurr, F|100\/100\n|-damage|p1a: Grandpas House|94\/100|[from] Stealth Rock\n|turn|21\n|\n|t:|1698200510\n|move|p1a: Grandpas House|Mach Punch|p2a: Shaymin\n|-resisted|p2a: Shaymin\n|-damage|p2a: Shaymin|0 fnt\n|faint|p2a: Shaymin\n|\n|win|Willish6634\n","uploadtime":1698200516,"views":15,"p1id":"willish6634","p2id":"bandittpl","formatid":"gen9ubers","rating":0,"private":0,"password":""}