{"id":"gen9ubers-1997719415","p1":"0 Morien 0","p2":"Tier Acid","format":"[Gen 9] Ubers","log":"|j|\u26060 Morien 0\n|j|\u2606Tier Acid\n|inactive|Battle timer is ON: inactive players will automatically lose when time's up.\n|t:|1700845380\n|gametype|singles\n|player|p1|0 Morien 0|alec-anime|\n|player|p2|Tier Acid|#omplxisolgaleos|\n|teamsize|p1|6\n|teamsize|p2|6\n|gen|9\n|tier|[Gen 9] Ubers\n|rated|Tournament battle\n|rule|Sleep Clause Mod: Limit one foe put to sleep\n|rule|Species Clause: Limit one of each Pok\u00e9mon\n|rule|OHKO Clause: OHKO moves are banned\n|rule|Evasion Items Clause: Evasion items are banned\n|rule|Evasion Moves Clause: Evasion moves are banned\n|rule|Endless Battle Clause: Forcing endless battles is banned\n|rule|HP Percentage Mod: HP is shown in percentages\n|clearpoke\n|poke|p1|Regieleki|\n|poke|p1|Zacian-*|\n|poke|p1|Eternatus|\n|poke|p1|Ting-Lu|\n|poke|p1|Koraidon|\n|poke|p1|Spectrier|\n|poke|p2|Ribombee, F|\n|poke|p2|Koraidon|\n|poke|p2|Miraidon|\n|poke|p2|Zacian-*|\n|poke|p2|Basculegion, M|\n|poke|p2|Arceus-Ground|\n|teampreview\n|j|*Lady Monita \u2746\n|c|\u2606Tier Acid|hf\n|\n|t:|1700845389\n|start\n|switch|p1a: Regieleki|Regieleki|100\/100\n|switch|p2a: Ribombee|Ribombee, F|100\/100\n|turn|1\n|\n|t:|1700845397\n|move|p1a: Regieleki|Light Screen|p1a: Regieleki\n|-sidestart|p1: 0 Morien 0|move: Light Screen\n|move|p2a: Ribombee|Sticky Web|p1a: Regieleki\n|-sidestart|p1: 0 Morien 0|move: Sticky Web\n|\n|upkeep\n|turn|2\n|\n|t:|1700845404\n|switch|p2a: Basculegion|Basculegion, M|100\/100\n|move|p1a: Regieleki|Reflect|p1a: Regieleki\n|-sidestart|p1: 0 Morien 0|Reflect\n|\n|upkeep\n|turn|3\n|\n|t:|1700845419\n|-terastallize|p2a: Basculegion|Ghost\n|move|p1a: Regieleki|Volt Switch|p2a: Basculegion\n|-damage|p2a: Basculegion|68\/100\n|\n|t:|1700845424\n|switch|p1a: Bulu|Ting-Lu|100\/100|[from] Volt Switch\n|-activate|p1a: Bulu|move: Sticky Web\n|-unboost|p1a: Bulu|spe|1\n|-ability|p1a: Bulu|Vessel of Ruin\n|move|p2a: Basculegion|Liquidation|p1a: Bulu\n|-supereffective|p1a: Bulu\n|-damage|p1a: Bulu|82\/100\n|\n|-heal|p1a: Bulu|88\/100|[from] item: Leftovers\n|upkeep\n|turn|4\n|\n|t:|1700845438\n|switch|p2a: Koraidon|Koraidon|100\/100\n|-weather|SunnyDay|[from] ability: Orichalcum Pulse|[of] p2a: Koraidon\n|-activate|p2a: Koraidon|Orichalcum Pulse|[source]\n|-terastallize|p1a: Bulu|Poison\n|move|p1a: Bulu|Spikes|p2a: Koraidon\n|-sidestart|p2: Tier Acid|Spikes\n|\n|-weather|SunnyDay|[upkeep]\n|-heal|p1a: Bulu|94\/100|[from] item: Leftovers\n|upkeep\n|turn|5\n|\n|t:|1700845449\n|move|p2a: Koraidon|Swords Dance|p2a: Koraidon\n|-boost|p2a: Koraidon|atk|2\n|move|p1a: Bulu|Spikes|p2a: Koraidon\n|-sidestart|p2: Tier Acid|Spikes\n|\n|-weather|SunnyDay|[upkeep]\n|-heal|p1a: Bulu|99\/100|[from] item: Leftovers\n|upkeep\n|turn|6\n|\n|t:|1700845456\n|move|p2a: Koraidon|Scale Shot|p1a: Bulu\n|-crit|p1a: Bulu\n|-damage|p1a: Bulu|79\/100\n|-damage|p1a: Bulu|71\/100\n|-damage|p1a: Bulu|63\/100\n|-damage|p1a: Bulu|55\/100\n|-hitcount|p1a: Bulu|4\n|-unboost|p2a: Koraidon|def|1\n|-boost|p2a: Koraidon|spe|1\n|move|p1a: Bulu|Whirlwind|p2a: Koraidon\n|drag|p2a: Miraidon|Miraidon|100\/100\n|-damage|p2a: Miraidon|84\/100|[from] Spikes\n|-fieldstart|move: Electric Terrain|[from] ability: Hadron Engine|[of] p2a: Miraidon\n|-enditem|p2a: Miraidon|Electric Seed\n|-boost|p2a: Miraidon|def|1|[from] item: Electric Seed\n|\n|-weather|SunnyDay|[upkeep]\n|-heal|p1a: Bulu|62\/100|[from] item: Leftovers\n|upkeep\n|turn|7\n|j| Farce Of The Death\n|c| Farce Of The Death|Tier\n|c|\u2606Tier Acid|hi\n|c| Farce Of The Death|Mooonkey\n|c| Farce Of The Death|Gl\n|c|\u2606Tier Acid|bonobo\n|c|\u2606Tier Acid|tyt\n|\n|t:|1700845476\n|move|p2a: Miraidon|Parabolic Charge|p1a: Bulu\n|-damage|p1a: Bulu|40\/100\n|-heal|p2a: Miraidon|99\/100|[from] drain|[of] p1a: Bulu\n|move|p1a: Bulu|Spikes|p2a: Miraidon\n|-sidestart|p2: Tier Acid|Spikes\n|\n|-weather|SunnyDay|[upkeep]\n|-heal|p1a: Bulu|46\/100|[from] item: Leftovers\n|upkeep\n|turn|8\n|c|\u2606Tier Acid|im jus playing for funsies\n|\n|t:|1700845490\n|move|p2a: Miraidon|Agility|p2a: Miraidon\n|-boost|p2a: Miraidon|spe|2\n|move|p1a: Bulu|Stealth Rock|p2a: Miraidon\n|-sidestart|p2: Tier Acid|move: Stealth Rock\n|\n|-weather|none\n|-heal|p1a: Bulu|53\/100|[from] item: Leftovers\n|-sideend|p1: 0 Morien 0|move: Light Screen\n|upkeep\n|turn|9\n|\n|t:|1700845498\n|move|p2a: Miraidon|Parabolic Charge|p1a: Bulu\n|-damage|p1a: Bulu|10\/100\n|-heal|p2a: Miraidon|100\/100|[from] drain|[of] p1a: Bulu\n|move|p1a: Bulu|Stealth Rock||[still]\n|-fail|p1a: Bulu\n|\n|-heal|p1a: Bulu|16\/100|[from] item: Leftovers\n|-sideend|p1: 0 Morien 0|Reflect\n|upkeep\n|turn|10\n|\n|t:|1700845511\n|move|p2a: Miraidon|Parabolic Charge|p1a: Bulu\n|-damage|p1a: Bulu|0 fnt\n|faint|p1a: Bulu\n|\n|-fieldend|move: Electric Terrain\n|upkeep\n|c|\u26060 Morien 0|Misclick\n|\n|t:|1700845519\n|switch|p1a: Regieleki|Regieleki|100\/100\n|-activate|p1a: Regieleki|move: Sticky Web\n|-unboost|p1a: Regieleki|spe|1\n|turn|11\n|\n|t:|1700845531\n|move|p2a: Miraidon|Calm Mind|p2a: Miraidon\n|-boost|p2a: Miraidon|spa|1\n|-boost|p2a: Miraidon|spd|1\n|move|p1a: Regieleki|Light Screen|p1a: Regieleki\n|-sidestart|p1: 0 Morien 0|move: Light Screen\n|\n|upkeep\n|turn|12\n|\n|t:|1700845537\n|move|p2a: Miraidon|Calm Mind|p2a: Miraidon\n|-boost|p2a: Miraidon|spa|1\n|-boost|p2a: Miraidon|spd|1\n|move|p1a: Regieleki|Rapid Spin|p2a: Miraidon\n|-damage|p2a: Miraidon|95\/100\n|-boost|p1a: Regieleki|spe|1\n|-sideend|p1: 0 Morien 0|Sticky Web|[from] move: Rapid Spin|[of] p1a: Regieleki\n|\n|upkeep\n|turn|13\n|\n|t:|1700845544\n|move|p2a: Miraidon|Calm Mind|p2a: Miraidon\n|-boost|p2a: Miraidon|spa|1\n|-boost|p2a: Miraidon|spd|1\n|move|p1a: Regieleki|Reflect|p1a: Regieleki\n|-sidestart|p1: 0 Morien 0|Reflect\n|\n|upkeep\n|turn|14\n|\n|t:|1700845551\n|move|p2a: Miraidon|Calm Mind|p2a: Miraidon\n|-boost|p2a: Miraidon|spa|1\n|-boost|p2a: Miraidon|spd|1\n|move|p1a: Regieleki|Volt Switch|p2a: Miraidon\n|-resisted|p2a: Miraidon\n|-damage|p2a: Miraidon|93\/100\n|\n|t:|1700845562\n|switch|p1a: Dragirian|Koraidon|100\/100|[from] Volt Switch\n|-weather|SunnyDay|[from] ability: Orichalcum Pulse|[of] p1a: Dragirian\n|-activate|p1a: Dragirian|Orichalcum Pulse|[source]\n|\n|-weather|SunnyDay|[upkeep]\n|upkeep\n|turn|15\n|\n|t:|1700845569\n|move|p2a: Miraidon|Dazzling Gleam|p1a: Dragirian\n|-supereffective|p1a: Dragirian\n|-damage|p1a: Dragirian|0 fnt\n|faint|p1a: Dragirian\n|\n|-weather|SunnyDay|[upkeep]\n|upkeep\n|\n|t:|1700845582\n|switch|p1a: Morien|Zacian-Crowned|100\/100\n|-ability|p1a: Morien|Intrepid Sword|boost\n|-boost|p1a: Morien|atk|1\n|turn|16\n|\n|t:|1700845589\n|move|p2a: Miraidon|Parabolic Charge|p1a: Morien\n|-damage|p1a: Morien|46\/100\n|-heal|p2a: Miraidon|100\/100|[from] drain|[of] p1a: Morien\n|move|p1a: Morien|Play Rough|p2a: Miraidon\n|-supereffective|p2a: Miraidon\n|-damage|p2a: Miraidon|11\/100\n|\n|-weather|SunnyDay|[upkeep]\n|upkeep\n|turn|17\n|j|+avarice\n|\n|t:|1700845599\n|move|p2a: Miraidon|Parabolic Charge|p1a: Morien\n|-damage|p1a: Morien|0 fnt\n|-heal|p2a: Miraidon|31\/100|[from] drain|[of] p1a: Morien\n|faint|p1a: Morien\n|\n|-weather|SunnyDay|[upkeep]\n|upkeep\n|\n|t:|1700845606\n|switch|p1a: Eon|Eternatus, shiny|100\/100\n|-ability|p1a: Eon|Pressure\n|turn|18\n|\n|t:|1700845613\n|move|p2a: Miraidon|Parabolic Charge|p1a: Eon\n|-resisted|p1a: Eon\n|-damage|p1a: Eon|74\/100\n|-heal|p2a: Miraidon|46\/100|[from] drain|[of] p1a: Eon\n|-enditem|p1a: Eon|Eject Button\n|\n|t:|1700845619\n|switch|p1a: Regieleki|Regieleki|100\/100\n|\n|-weather|none\n|-sideend|p1: 0 Morien 0|move: Light Screen\n|upkeep\n|turn|19\n|c|\u2606Tier Acid|gg\n|\n|t:|1700845631\n|move|p2a: Miraidon|Dazzling Gleam|p1a: Regieleki\n|-damage|p1a: Regieleki|0 fnt\n|faint|p1a: Regieleki\n|\n|upkeep\n|\n|t:|1700845636\n|switch|p1a: Eon|Eternatus, shiny|74\/100\n|-ability|p1a: Eon|Pressure\n|turn|20\n|\n|t:|1700845648\n|move|p2a: Miraidon|Dazzling Gleam|p1a: Eon\n|-damage|p1a: Eon|0 fnt\n|faint|p1a: Eon\n|\n|-sideend|p1: 0 Morien 0|Reflect\n|upkeep\n|c|\u26060 Morien 0|Gg\n|\n|t:|1700845664\n|switch|p1a: Cimarron|Spectrier|100\/100\n|turn|21\n|\n|t:|1700845674\n|move|p2a: Miraidon|Parabolic Charge|p1a: Cimarron\n|-damage|p1a: Cimarron|0 fnt\n|-heal|p2a: Miraidon|92\/100|[from] drain|[of] p1a: Cimarron\n|faint|p1a: Cimarron\n|\n|win|Tier Acid\n|n|\u26060 Morien 0|0morien0\n|n|\u2606Tier Acid|tieracid\n|n|*Lady Monita \u2746|ladymonita\n|n| Farce Of The Death|farceofthedeath\n|n|+avarice|avarice\n|l|*Lady Monita \u2746\n|l|\u26060 Morien 0\n|j|\u26060 Morien 0\n|player|p1|0 Morien 0|alec-anime\n","uploadtime":1700845719,"views":3,"p1id":"0morien0","p2id":"tieracid","formatid":"gen9ubers","rating":0,"private":0,"password":""}