{"id":"gen9ubers-1978901279","p1":"RubenPaCe","p2":"mann_treads","format":"[Gen 9] Ubers","log":"|j|\u2606RubenPaCe\n|j|\u2606mann_treads\n|t:|1698608217\n|gametype|singles\n|player|p1|RubenPaCe|camper|\n|player|p2|mann_treads|ariana|\n|teamsize|p1|6\n|teamsize|p2|6\n|gen|9\n|tier|[Gen 9] Ubers\n|rule|Sleep Clause Mod: Limit one foe put to sleep\n|rule|Species Clause: Limit one of each Pok\u00e9mon\n|rule|OHKO Clause: OHKO moves are banned\n|rule|Evasion Items Clause: Evasion items are banned\n|rule|Evasion Moves Clause: Evasion moves are banned\n|rule|Endless Battle Clause: Forcing endless battles is banned\n|rule|HP Percentage Mod: HP is shown in percentages\n|clearpoke\n|poke|p1|Spectrier|\n|poke|p1|Zacian-*|\n|poke|p1|Ursaluna-Bloodmoon, M|\n|poke|p1|Magearna|\n|poke|p1|Arceus-Poison|\n|poke|p1|Giratina|\n|poke|p2|Grimmsnarl, M|\n|poke|p2|Cyclizar, F|\n|poke|p2|Espathra, F|\n|poke|p2|Palkia-Origin|\n|poke|p2|Arceus-Fire|\n|poke|p2|Garchomp, M|\n|teampreview\n|\n|t:|1698608237\n|start\n|switch|p1a: Spectrier|Spectrier|100\/100\n|switch|p2a: Grimmsnarl|Grimmsnarl, M|100\/100\n|turn|1\n|\n|t:|1698608247\n|move|p2a: Grimmsnarl|Taunt|p1a: Spectrier\n|-start|p1a: Spectrier|move: Taunt\n|cant|p1a: Spectrier|move: Taunt|Nasty Plot\n|\n|upkeep\n|turn|2\n|\n|t:|1698608252\n|move|p2a: Grimmsnarl|Light Screen|p2a: Grimmsnarl\n|-sidestart|p2: mann_treads|move: Light Screen\n|move|p1a: Spectrier|Draining Kiss|p2a: Grimmsnarl\n|-supereffective|p2a: Grimmsnarl\n|-damage|p2a: Grimmsnarl|78\/100\n|\n|upkeep\n|turn|3\n|\n|t:|1698608259\n|switch|p1a: Magearna|Magearna|100\/100\n|move|p2a: Grimmsnarl|Reflect|p2a: Grimmsnarl\n|-sidestart|p2: mann_treads|Reflect\n|\n|upkeep\n|turn|4\n|\n|t:|1698608264\n|move|p2a: Grimmsnarl|Taunt|p1a: Magearna\n|-start|p1a: Magearna|move: Taunt\n|cant|p1a: Magearna|move: Taunt|Spikes\n|\n|upkeep\n|turn|5\n|\n|t:|1698608269\n|move|p2a: Grimmsnarl|Parting Shot|p1a: Magearna\n|-unboost|p1a: Magearna|atk|1\n|-unboost|p1a: Magearna|spa|1\n|\n|t:|1698608272\n|switch|p2a: Cyclizar|Cyclizar, F|100\/100|[from] Parting Shot\n|move|p1a: Magearna|Fleur Cannon|p2a: Cyclizar\n|-supereffective|p2a: Cyclizar\n|-damage|p2a: Cyclizar|45\/100\n|-unboost|p1a: Magearna|spa|2\n|\n|upkeep\n|turn|6\n|\n|t:|1698608282\n|switch|p1a: Arceus|Arceus-Poison|100\/100\n|move|p2a: Cyclizar|Knock Off|p1a: Arceus\n|-damage|p1a: Arceus|90\/100\n|\n|upkeep\n|turn|7\n|\n|t:|1698608291\n|switch|p2a: Grimmsnarl|Grimmsnarl, M|78\/100\n|move|p1a: Arceus|Calm Mind|p1a: Arceus\n|-boost|p1a: Arceus|spa|1\n|-boost|p1a: Arceus|spd|1\n|\n|upkeep\n|turn|8\n|\n|t:|1698608297\n|move|p2a: Grimmsnarl|Taunt|p1a: Arceus\n|-start|p1a: Arceus|move: Taunt\n|move|p1a: Arceus|Judgment|p2a: Grimmsnarl\n|-supereffective|p2a: Grimmsnarl\n|-damage|p2a: Grimmsnarl|3\/100\n|\n|upkeep\n|turn|9\n|\n|t:|1698608304\n|move|p2a: Grimmsnarl|Parting Shot|p1a: Arceus\n|-unboost|p1a: Arceus|atk|1\n|-unboost|p1a: Arceus|spa|1\n|\n|t:|1698608311\n|switch|p2a: Cyclizar|Cyclizar, F|78\/100|[from] Parting Shot\n|move|p1a: Arceus|Judgment|p2a: Cyclizar\n|-damage|p2a: Cyclizar|46\/100\n|\n|-sideend|p2: mann_treads|move: Light Screen\n|upkeep\n|turn|10\n|\n|t:|1698608318\n|move|p2a: Cyclizar|U-turn|p1a: Arceus\n|-resisted|p1a: Arceus\n|-damage|p1a: Arceus|85\/100\n|\n|t:|1698608329\n|switch|p2a: Grimmsnarl|Grimmsnarl, M|3\/100|[from] U-turn\n|move|p1a: Arceus|Judgment|p2a: Grimmsnarl\n|-supereffective|p2a: Grimmsnarl\n|-damage|p2a: Grimmsnarl|0 fnt\n|faint|p2a: Grimmsnarl\n|\n|-end|p1a: Arceus|move: Taunt\n|-sideend|p2: mann_treads|Reflect\n|upkeep\n|\n|t:|1698608338\n|switch|p2a: Cyclizar|Cyclizar, F|79\/100\n|turn|11\n|\n|t:|1698608344\n|move|p2a: Cyclizar|Shed Tail|p2a: Cyclizar\n|-start|p2a: Cyclizar|Substitute|[from] move: Shed Tail\n|-damage|p2a: Cyclizar|29\/100\n|\n|t:|1698608347\n|switch|p2a: Garchomp|Garchomp, M|100\/100|[from] Shed Tail\n|move|p1a: Arceus|Judgment|p2a: Garchomp\n|-resisted|p2a: Garchomp\n|-end|p2a: Garchomp|Substitute\n|\n|upkeep\n|turn|12\n|c|\u2606mann_treads|how tf did that do so much\n|c|\u2606RubenPaCe|shed tail is not 50% of Cyclizard's health\n|c|\u2606RubenPaCe|I belive it's only 25%\n|\n|t:|1698608390\n|switch|p1a: Zacian|Zacian|100\/100\n|-ability|p1a: Zacian|Intrepid Sword|boost\n|-boost|p1a: Zacian|atk|1\n|move|p2a: Garchomp|Earthquake|p1a: Zacian\n|-crit|p1a: Zacian\n|-damage|p1a: Zacian|12\/100\n|\n|upkeep\n|turn|13\n|c|\u2606mann_treads|no its def 50%\n|c|\u2606mann_treads|thats the point of the move\n|c|\u2606mann_treads|it makes a sub w 50% of ur hp then switches you out\n|c|\u2606RubenPaCe|really?\n|\n|t:|1698608411\n|move|p1a: Zacian|Play Rough|p2a: Garchomp\n|-supereffective|p2a: Garchomp\n|-damage|p2a: Garchomp|0 fnt\n|-damage|p1a: Zacian|0 fnt|[from] ability: Rough Skin|[of] p2a: Garchomp\n|faint|p2a: Garchomp\n|faint|p1a: Zacian\n|\n|upkeep\n|c|\u2606mann_treads|yes\n|c|\u2606RubenPaCe|then Arceus is jacked\n|\n|t:|1698608423\n|switch|p1a: Giratina|Giratina|100\/100\n|switch|p2a: Cyclizar|Cyclizar, F|62\/100\n|-ability|p1a: Giratina|Pressure\n|turn|14\n|c|\u2606mann_treads|FR\n|\n|t:|1698608438\n|-terastallize|p2a: Cyclizar|Ghost\n|move|p2a: Cyclizar|Shed Tail|p2a: Cyclizar\n|-start|p2a: Cyclizar|Substitute|[from] move: Shed Tail\n|-damage|p2a: Cyclizar|12\/100\n|\n|t:|1698608446\n|switch|p2a: Palkia|Palkia-Origin|100\/100|[from] Shed Tail\n|-ability|p2a: Palkia|Pressure\n|move|p1a: Giratina|Will-O-Wisp||[still]\n|-fail|p1a: Giratina\n|\n|upkeep\n|turn|15\n|\n|t:|1698608454\n|move|p2a: Palkia|Spacial Rend|p1a: Giratina\n|-supereffective|p1a: Giratina\n|-damage|p1a: Giratina|42\/100\n|move|p1a: Giratina|Roar|p2a: Palkia\n|drag|p2a: Cyclizar|Cyclizar, F, tera:Ghost|45\/100\n|\n|upkeep\n|turn|16\n|\n|t:|1698608464\n|switch|p1a: Magearna|Magearna|100\/100\n|move|p2a: Cyclizar|Knock Off|p1a: Magearna\n|-resisted|p1a: Magearna\n|-damage|p1a: Magearna|94\/100\n|-enditem|p1a: Magearna|Leftovers|[from] move: Knock Off|[of] p2a: Cyclizar\n|\n|upkeep\n|turn|17\n|\n|t:|1698608470\n|move|p2a: Cyclizar|U-turn|p1a: Magearna\n|-resisted|p1a: Magearna\n|-damage|p1a: Magearna|91\/100\n|\n|t:|1698608474\n|switch|p2a: Arceus|Arceus-Fire|100\/100|[from] U-turn\n|move|p1a: Magearna|Volt Switch|p2a: Arceus\n|-damage|p2a: Arceus|84\/100\n|\n|t:|1698608478\n|switch|p1a: Ursaluna|Ursaluna-Bloodmoon, M|100\/100|[from] Volt Switch\n|\n|upkeep\n|turn|18\n|\n|t:|1698608488\n|switch|p2a: Palkia|Palkia-Origin|100\/100\n|-ability|p2a: Palkia|Pressure\n|move|p1a: Ursaluna|Earth Power|p2a: Palkia\n|-damage|p2a: Palkia|52\/100\n|-unboost|p2a: Palkia|spd|1\n|\n|upkeep\n|turn|19\n|\n|t:|1698608503\n|move|p2a: Palkia|Hydro Pump|p1a: Ursaluna|[miss]\n|-miss|p2a: Palkia|p1a: Ursaluna\n|move|p1a: Ursaluna|Earth Power|p2a: Palkia\n|-damage|p2a: Palkia|0 fnt\n|faint|p2a: Palkia\n|\n|upkeep\n|c|\u2606RubenPaCe|my plan\n|c|\u2606mann_treads|societyt\n|c|\u2606RubenPaCe|ruinned\n|\n|t:|1698608511\n|switch|p2a: Cyclizar|Cyclizar, F, tera:Ghost|78\/100\n|turn|20\n|\n|t:|1698608519\n|switch|p1a: Giratina|Giratina|42\/100\n|-ability|p1a: Giratina|Pressure\n|move|p2a: Cyclizar|Shed Tail|p2a: Cyclizar\n|-start|p2a: Cyclizar|Substitute|[from] move: Shed Tail\n|-damage|p2a: Cyclizar|28\/100\n|\n|t:|1698608525\n|switch|p2a: Espathra|Espathra, F|100\/100|[from] Shed Tail\n|\n|upkeep\n|turn|21\n|\n|t:|1698608530\n|move|p2a: Espathra|Calm Mind|p2a: Espathra\n|-boost|p2a: Espathra|spa|1\n|-boost|p2a: Espathra|spd|1\n|move|p1a: Giratina|Roar|p2a: Espathra\n|drag|p2a: Arceus|Arceus-Fire|84\/100\n|\n|upkeep\n|turn|22\n|\n|t:|1698608538\n|switch|p1a: Ursaluna|Ursaluna-Bloodmoon, M|100\/100\n|move|p2a: Arceus|Dragon Dance|p2a: Arceus\n|-boost|p2a: Arceus|atk|1\n|-boost|p2a: Arceus|spe|1\n|\n|upkeep\n|turn|23\n|c|\u2606mann_treads|LEAVE ME ALONEEE LET ME SET UP IN PEAVE\n|\n|t:|1698608549\n|move|p2a: Arceus|Flare Blitz|p1a: Ursaluna\n|-damage|p1a: Ursaluna|10\/100\n|-damage|p2a: Arceus|52\/100|[from] Recoil\n|move|p1a: Ursaluna|Earth Power|p2a: Arceus\n|-supereffective|p2a: Arceus\n|-damage|p2a: Arceus|0 fnt\n|faint|p2a: Arceus\n|\n|-heal|p1a: Ursaluna|17\/100|[from] item: Leftovers\n|upkeep\n|c|\u2606mann_treads|ur joking\n|\n|t:|1698608559\n|switch|p2a: Cyclizar|Cyclizar, F, tera:Ghost|62\/100\n|turn|24\n|c|\u2606RubenPaCe|cocaine bear\n|\n|t:|1698608564\n|move|p2a: Cyclizar|Shed Tail|p2a: Cyclizar\n|-start|p2a: Cyclizar|Substitute|[from] move: Shed Tail\n|-damage|p2a: Cyclizar|12\/100\n|c|\u2606mann_treads|this team sucks im never using this again\n|\n|t:|1698608572\n|switch|p2a: Espathra|Espathra, F|100\/100|[from] Shed Tail\n|move|p1a: Ursaluna|Earth Power|p2a: Espathra\n|-end|p2a: Espathra|Substitute\n|\n|-heal|p1a: Ursaluna|23\/100|[from] item: Leftovers\n|upkeep\n|turn|25\n|c|\u2606RubenPaCe|lmao\n|\n|t:|1698608579\n|switch|p1a: Giratina|Giratina|42\/100\n|-ability|p1a: Giratina|Pressure\n|move|p2a: Espathra|Protect||[still]\n|-fail|p2a: Espathra\n|\n|-ability|p2a: Espathra|Speed Boost|boost\n|-boost|p2a: Espathra|spe|1\n|upkeep\n|turn|26\n|\n|t:|1698608587\n|move|p2a: Espathra|Protect|p2a: Espathra\n|-singleturn|p2a: Espathra|Protect\n|move|p1a: Giratina|Roar|p2a: Espathra\n|drag|p2a: Cyclizar|Cyclizar, F, tera:Ghost|45\/100\n|\n|upkeep\n|turn|27\n|\n|t:|1698608593\n|move|p2a: Cyclizar|Knock Off|p1a: Giratina\n|-supereffective|p1a: Giratina\n|-damage|p1a: Giratina|20\/100\n|-enditem|p1a: Giratina|Heavy-Duty Boots|[from] move: Knock Off|[of] p2a: Cyclizar\n|move|p1a: Giratina|Will-O-Wisp|p2a: Cyclizar\n|-status|p2a: Cyclizar|brn\n|\n|-damage|p2a: Cyclizar|39\/100 brn|[from] brn\n|upkeep\n|turn|28\n|c|\u2606mann_treads|ill cry\n|\n|t:|1698608602\n|move|p2a: Cyclizar|Knock Off|p1a: Giratina\n|-supereffective|p1a: Giratina\n|-damage|p1a: Giratina|11\/100\n|move|p1a: Giratina|Will-O-Wisp|p2a: Cyclizar\n|-fail|p2a: Cyclizar|brn\n|\n|-damage|p2a: Cyclizar|32\/100 brn|[from] brn\n|upkeep\n|turn|29\n|\n|t:|1698608609\n|move|p2a: Cyclizar|Knock Off|p1a: Giratina\n|-supereffective|p1a: Giratina\n|-damage|p1a: Giratina|2\/100\n|move|p1a: Giratina|Roar|p2a: Cyclizar\n|drag|p2a: Espathra|Espathra, F|100\/100\n|\n|upkeep\n|turn|30\n|\n|t:|1698608615\n|move|p2a: Espathra|Protect|p2a: Espathra\n|-singleturn|p2a: Espathra|Protect\n|move|p1a: Giratina|Roar|p2a: Espathra\n|drag|p2a: Cyclizar|Cyclizar, F, tera:Ghost|66\/100 brn\n|\n|-damage|p2a: Cyclizar|60\/100 brn|[from] brn\n|upkeep\n|turn|31\n|\n|t:|1698608623\n|move|p2a: Cyclizar|Knock Off|p1a: Giratina\n|-supereffective|p1a: Giratina\n|-damage|p1a: Giratina|0 fnt\n|faint|p1a: Giratina\n|\n|-damage|p2a: Cyclizar|53\/100 brn|[from] brn\n|upkeep\n|\n|t:|1698608624\n|switch|p1a: Spectrier|Spectrier|100\/100\n|turn|32\n|\n|t:|1698608630\n|move|p1a: Spectrier|Shadow Ball|p2a: Cyclizar\n|-supereffective|p2a: Cyclizar\n|-damage|p2a: Cyclizar|0 fnt\n|faint|p2a: Cyclizar\n|-ability|p1a: Spectrier|Grim Neigh|boost\n|-boost|p1a: Spectrier|spa|1\n|\n|upkeep\n|\n|t:|1698608636\n|switch|p2a: Espathra|Espathra, F|100\/100\n|turn|33\n|\n|t:|1698608644\n|move|p2a: Espathra|Protect|p2a: Espathra\n|-singleturn|p2a: Espathra|Protect\n|move|p1a: Spectrier|Shadow Ball|p2a: Espathra\n|-activate|p2a: Espathra|move: Protect\n|\n|-ability|p2a: Espathra|Speed Boost|boost\n|-boost|p2a: Espathra|spe|1\n|upkeep\n|turn|34\n|\n|t:|1698608652\n|move|p2a: Espathra|Calm Mind|p2a: Espathra\n|-boost|p2a: Espathra|spa|1\n|-boost|p2a: Espathra|spd|1\n|move|p1a: Spectrier|Shadow Ball|p2a: Espathra\n|-supereffective|p2a: Espathra\n|-damage|p2a: Espathra|0 fnt\n|faint|p2a: Espathra\n|\n|win|RubenPaCe\n|c|\u2606mann_treads|gg\n|c|\u2606RubenPaCe|gg\n|l|\u2606mann_treads\n|c|\u2606RubenPaCe|bro this game is mad lagging\n|l|\u2606RubenPaCe\n|j|\u2606RubenPaCe\n|player|p1|RubenPaCe|camper\n","uploadtime":1698608699,"views":15,"p1id":"rubenpace","p2id":"manntreads","formatid":"gen9ubers","rating":0,"private":0,"password":""}