{"id":"gen9ubers-1978500570","p1":"Throw Games","p2":"Dilllll","format":"[Gen 9] Ubers","log":"|j|\u2606Throw Games\n|j|\u2606Dilllll\n|t:|1698547142\n|gametype|singles\n|player|p1|Throw Games|clay|1197\n|player|p2|Dilllll|unknown|1114\n|teamsize|p1|6\n|teamsize|p2|6\n|gen|9\n|tier|[Gen 9] Ubers\n|rated|\n|rule|Sleep Clause Mod: Limit one foe put to sleep\n|rule|Species Clause: Limit one of each Pok\u00e9mon\n|rule|OHKO Clause: OHKO moves are banned\n|rule|Evasion Items Clause: Evasion items are banned\n|rule|Evasion Moves Clause: Evasion moves are banned\n|rule|Endless Battle Clause: Forcing endless battles is banned\n|rule|HP Percentage Mod: HP is shown in percentages\n|clearpoke\n|poke|p1|Urshifu-*, M|\n|poke|p1|Flutter Mane|\n|poke|p1|Koraidon|\n|poke|p1|Regieleki|\n|poke|p1|Magearna|\n|poke|p1|Landorus, M|\n|poke|p2|Armarouge, M|\n|poke|p2|Garganacl, F|\n|poke|p2|Iron Jugulis|\n|poke|p2|Thundurus-Therian, M|\n|poke|p2|Roaring Moon|\n|poke|p2|Scizor, F|\n|teampreview\n|inactive|Battle timer is ON: inactive players will automatically lose when time's up. (requested by Throw Games)\n|c|\u2606Dilllll|Well\n|\n|t:|1698547166\n|start\n|switch|p1a: Regieleki|Regieleki|100\/100\n|switch|p2a: Scizor|Scizor, F|100\/100\n|turn|1\n|\n|t:|1698547178\n|move|p1a: Regieleki|Volt Switch|p2a: Scizor\n|-damage|p2a: Scizor|47\/100\n|\n|t:|1698547181\n|switch|p1a: Koraidon|Koraidon|100\/100|[from] Volt Switch\n|-weather|SunnyDay|[from] ability: Orichalcum Pulse|[of] p1a: Koraidon\n|-activate|p1a: Koraidon|Orichalcum Pulse|[source]\n|move|p2a: Scizor|Trailblaze|p1a: Koraidon\n|-resisted|p1a: Koraidon\n|-damage|p1a: Koraidon|83\/100\n|-boost|p2a: Scizor|spe|1\n|\n|-weather|SunnyDay|[upkeep]\n|upkeep\n|turn|2\n|\n|t:|1698547192\n|switch|p2a: Iron Jugulis|Iron Jugulis|100\/100\n|move|p1a: Koraidon|Collision Course|p2a: Iron Jugulis\n|-damage|p2a: Iron Jugulis|0 fnt\n|faint|p2a: Iron Jugulis\n|-end|p2a: Iron Jugulis|Quark Drive|[silent]\n|\n|-weather|SunnyDay|[upkeep]\n|upkeep\n|\n|t:|1698547198\n|switch|p2a: Scizor|Scizor, F|47\/100\n|turn|3\n|\n|t:|1698547203\n|move|p2a: Scizor|Bullet Punch|p1a: Koraidon\n|-damage|p1a: Koraidon|39\/100\n|move|p1a: Koraidon|Collision Course|p2a: Scizor\n|-crit|p2a: Scizor\n|-damage|p2a: Scizor|0 fnt\n|faint|p2a: Scizor\n|\n|-weather|SunnyDay|[upkeep]\n|upkeep\n|\n|t:|1698547207\n|switch|p2a: Roaring Moon|Roaring Moon|100\/100\n|-activate|p2a: Roaring Moon|ability: Protosynthesis\n|-start|p2a: Roaring Moon|protosynthesisspe\n|turn|4\n|\n|t:|1698547211\n|switch|p1a: Regieleki|Regieleki|100\/100\n|move|p2a: Roaring Moon|Dragon Claw|p1a: Regieleki\n|-damage|p1a: Regieleki|24\/100\n|\n|-weather|SunnyDay|[upkeep]\n|upkeep\n|turn|5\n|\n|t:|1698547217\n|switch|p1a: Magearna|Magearna|100\/100\n|move|p2a: Roaring Moon|Dragon Claw|p1a: Magearna\n|-immune|p1a: Magearna\n|\n|-weather|none\n|-end|p2a: Roaring Moon|Protosynthesis\n|upkeep\n|-enditem|p2a: Roaring Moon|Booster Energy\n|-activate|p2a: Roaring Moon|ability: Protosynthesis|[fromitem]\n|-start|p2a: Roaring Moon|protosynthesisspe\n|turn|6\n|\n|t:|1698547227\n|-terastallize|p2a: Roaring Moon|Dragon\n|move|p2a: Roaring Moon|Acrobatics|p1a: Magearna\n|-resisted|p1a: Magearna\n|-damage|p1a: Magearna|86\/100\n|move|p1a: Magearna|Fleur Cannon|p2a: Roaring Moon\n|-supereffective|p2a: Roaring Moon\n|-damage|p2a: Roaring Moon|0 fnt\n|-unboost|p1a: Magearna|spa|2\n|faint|p2a: Roaring Moon\n|-ability|p1a: Magearna|Soul-Heart|boost\n|-boost|p1a: Magearna|spa|1\n|-end|p2a: Roaring Moon|Protosynthesis|[silent]\n|\n|upkeep\n|\n|t:|1698547233\n|switch|p2a: Armarouge|Armarouge, M|100\/100\n|turn|7\n|\n|t:|1698547236\n|move|p2a: Armarouge|Calm Mind|p2a: Armarouge\n|-boost|p2a: Armarouge|spa|1\n|-boost|p2a: Armarouge|spd|1\n|move|p1a: Magearna|Volt Switch|p2a: Armarouge\n|-damage|p2a: Armarouge|89\/100\n|\n|t:|1698547240\n|switch|p1a: Urshifu|Urshifu, M|100\/100|[from] Volt Switch\n|\n|upkeep\n|turn|8\n|\n|t:|1698547247\n|move|p1a: Urshifu|Wicked Blow|p2a: Armarouge\n|-supereffective|p2a: Armarouge\n|-crit|p2a: Armarouge\n|-damage|p2a: Armarouge|0 fnt\n|faint|p2a: Armarouge\n|\n|upkeep\n|\n|t:|1698547250\n|switch|p2a: Garganacl|Garganacl, F, shiny|100\/100\n|turn|9\n|\n|t:|1698547253\n|move|p1a: Urshifu|Wicked Blow|p2a: Garganacl\n|-crit|p2a: Garganacl\n|-damage|p2a: Garganacl|60\/100\n|move|p2a: Garganacl|Salt Cure|p1a: Urshifu\n|-resisted|p1a: Urshifu\n|-damage|p1a: Urshifu|90\/100\n|-start|p1a: Urshifu|Salt Cure\n|\n|-damage|p1a: Urshifu|78\/100|[from] Salt Cure\n|upkeep\n|turn|10\n|\n|t:|1698547261\n|switch|p1a: Flutter Mane|Flutter Mane|100\/100\n|move|p2a: Garganacl|Brick Break|p1a: Flutter Mane\n|-immune|p1a: Flutter Mane\n|\n|upkeep\n|turn|11\n|\n|t:|1698547265\n|-terastallize|p1a: Flutter Mane|Fairy\n|move|p1a: Flutter Mane|Moonblast|p2a: Garganacl\n|-damage|p2a: Garganacl|0 fnt\n|faint|p2a: Garganacl\n|\n|upkeep\n|c|\u2606Throw Games|gg\n|\n|t:|1698547269\n|switch|p2a: Thundurus|Thundurus-Therian, M, shiny|100\/100\n|turn|12\n|\n|t:|1698547273\n|move|p1a: Flutter Mane|Moonblast|p2a: Thundurus\n|-damage|p2a: Thundurus|0 fnt\n|faint|p2a: Thundurus\n|\n|win|Throw Games\n|raw|Throw Games's rating: 1197 &rarr; <strong>1216<\/strong><br \/>(+19 for winning)\n|raw|Dilllll's rating: 1114 &rarr; <strong>1095<\/strong><br \/>(-19 for losing)\n|l|\u2606Dilllll\n","uploadtime":1698547276,"views":7,"p1id":"throwgames","p2id":"dilllll","formatid":"gen9ubers","rating":1095,"private":0,"password":""}