{"id":"gen9ubers-1990885120","p1":"terraxgeb","p2":"heynerdre","format":"[Gen 9] Ubers","log":"|j|\u2606terraxgeb\n|j|\u2606heynerdre\n|t:|1700011298\n|gametype|singles\n|player|p1|terraxgeb|buck|1003\n|player|p2|heynerdre|wallace|1039\n|teamsize|p1|6\n|teamsize|p2|6\n|gen|9\n|tier|[Gen 9] Ubers\n|rated|\n|rule|Sleep Clause Mod: Limit one foe put to sleep\n|rule|Species Clause: Limit one of each Pok\u00e9mon\n|rule|OHKO Clause: OHKO moves are banned\n|rule|Evasion Items Clause: Evasion items are banned\n|rule|Evasion Moves Clause: Evasion moves are banned\n|rule|Endless Battle Clause: Forcing endless battles is banned\n|rule|HP Percentage Mod: HP is shown in percentages\n|clearpoke\n|poke|p1|Umbreon, M|\n|poke|p1|Great Tusk|\n|poke|p1|Iron Bundle|\n|poke|p1|Skeledirge, M|\n|poke|p1|Slowking-Galar, M|\n|poke|p1|Politoed, M|\n|poke|p2|Chi-Yu|\n|poke|p2|Urshifu-*, F|\n|poke|p2|Chien-Pao|\n|poke|p2|Ting-Lu|\n|poke|p2|Kingambit, M|\n|poke|p2|Sableye, F|\n|teampreview\n|inactive|Battle timer is ON: inactive players will automatically lose when time's up. (requested by terraxgeb)\n|\n|t:|1700011307\n|start\n|switch|p1a: Slowking|Slowking-Galar, M|100\/100\n|switch|p2a: Ting-Lu|Ting-Lu|100\/100\n|-ability|p2a: Ting-Lu|Vessel of Ruin\n|turn|1\n|\n|t:|1700011309\n|move|p2a: Ting-Lu|Stealth Rock|p1a: Slowking\n|-sidestart|p1: terraxgeb|move: Stealth Rock\n|move|p1a: Slowking|Toxic Spikes|p2a: Ting-Lu\n|-sidestart|p2: heynerdre|move: Toxic Spikes\n|\n|upkeep\n|turn|2\n|\n|t:|1700011318\n|move|p2a: Ting-Lu|Spikes|p1a: Slowking\n|-sidestart|p1: terraxgeb|Spikes\n|move|p1a: Slowking|Toxic Spikes|p2a: Ting-Lu\n|-sidestart|p2: heynerdre|move: Toxic Spikes\n|\n|upkeep\n|turn|3\n|\n|t:|1700011326\n|move|p2a: Ting-Lu|Spikes|p1a: Slowking\n|-sidestart|p1: terraxgeb|Spikes\n|move|p1a: Slowking|Chilly Reception|p1a: Slowking\n|-weather|Snow\n|\n|t:|1700011335\n|switch|p1a: Iron Bundle|Iron Bundle, shiny|100\/100|[from] Chilly Reception\n|\n|-weather|Snow|[upkeep]\n|upkeep\n|turn|4\n|\n|t:|1700011341\n|switch|p2a: Kingambit|Kingambit, M|100\/100\n|move|p1a: Iron Bundle|Aurora Veil|p1a: Iron Bundle\n|-sidestart|p1: terraxgeb|move: Aurora Veil\n|\n|-weather|Snow|[upkeep]\n|upkeep\n|turn|5\n|\n|t:|1700011351\n|move|p1a: Iron Bundle|Flip Turn|p2a: Kingambit\n|-damage|p2a: Kingambit|89\/100\n|\n|t:|1700011354\n|-end|p1a: Iron Bundle|Quark Drive|[silent]\n|switch|p1a: Great Tusk|Great Tusk|100\/100|[from] Flip Turn\n|-damage|p1a: Great Tusk|98\/100|[from] Stealth Rock\n|-damage|p1a: Great Tusk|81\/100|[from] Spikes\n|move|p2a: Kingambit|Iron Head|p1a: Great Tusk\n|-damage|p1a: Great Tusk|66\/100\n|\n|-weather|Snow|[upkeep]\n|upkeep\n|turn|6\n|\n|t:|1700011362\n|-end|p2a: Kingambit|fallenundefined|[silent]\n|switch|p2a: Sableye|Sableye, F|100\/100\n|move|p1a: Great Tusk|Play Rough|p2a: Sableye|[miss]\n|-miss|p1a: Great Tusk|p2a: Sableye\n|\n|-weather|Snow|[upkeep]\n|upkeep\n|turn|7\n|\n|t:|1700011369\n|move|p2a: Sableye|Will-O-Wisp|p1a: Great Tusk\n|-status|p1a: Great Tusk|brn\n|move|p1a: Great Tusk|Play Rough|p2a: Sableye\n|-supereffective|p2a: Sableye\n|-crit|p2a: Sableye\n|-damage|p2a: Sableye|42\/100\n|\n|-weather|none\n|-damage|p1a: Great Tusk|60\/100 brn|[from] brn\n|upkeep\n|turn|8\n|\n|t:|1700011374\n|move|p2a: Sableye|Recover|p2a: Sableye\n|-heal|p2a: Sableye|92\/100\n|move|p1a: Great Tusk|Play Rough|p2a: Sableye\n|-supereffective|p2a: Sableye\n|-damage|p2a: Sableye|50\/100\n|\n|-damage|p1a: Great Tusk|53\/100 brn|[from] brn\n|-sideend|p1: terraxgeb|move: Aurora Veil\n|upkeep\n|turn|9\n|\n|t:|1700011383\n|move|p2a: Sableye|Recover|p2a: Sableye\n|-heal|p2a: Sableye|99\/100\n|move|p1a: Great Tusk|Play Rough|p2a: Sableye\n|-supereffective|p2a: Sableye\n|-damage|p2a: Sableye|56\/100\n|\n|-damage|p1a: Great Tusk|47\/100 brn|[from] brn\n|upkeep\n|turn|10\n|\n|t:|1700011392\n|move|p2a: Sableye|Recover|p2a: Sableye\n|-heal|p2a: Sableye|100\/100\n|move|p1a: Great Tusk|Play Rough|p2a: Sableye|[miss]\n|-miss|p1a: Great Tusk|p2a: Sableye\n|\n|-damage|p1a: Great Tusk|41\/100 brn|[from] brn\n|upkeep\n|turn|11\n|\n|t:|1700011398\n|move|p1a: Great Tusk|Play Rough|p2a: Sableye\n|-supereffective|p2a: Sableye\n|-damage|p2a: Sableye|61\/100\n|-unboost|p2a: Sableye|atk|1\n|move|p2a: Sableye|Knock Off|p1a: Great Tusk\n|-resisted|p1a: Great Tusk\n|-damage|p1a: Great Tusk|36\/100 brn\n|-enditem|p1a: Great Tusk|Assault Vest|[from] move: Knock Off|[of] p2a: Sableye\n|\n|-damage|p1a: Great Tusk|29\/100 brn|[from] brn\n|upkeep\n|turn|12\n|\n|t:|1700011403\n|move|p2a: Sableye|Recover|p2a: Sableye\n|-heal|p2a: Sableye|100\/100\n|move|p1a: Great Tusk|Play Rough|p2a: Sableye\n|-supereffective|p2a: Sableye\n|-damage|p2a: Sableye|62\/100\n|\n|-damage|p1a: Great Tusk|23\/100 brn|[from] brn\n|upkeep\n|turn|13\n|\n|t:|1700011407\n|move|p2a: Sableye|Recover|p2a: Sableye\n|-heal|p2a: Sableye|100\/100\n|move|p1a: Great Tusk|Play Rough|p2a: Sableye\n|-supereffective|p2a: Sableye\n|-damage|p2a: Sableye|60\/100\n|\n|-damage|p1a: Great Tusk|17\/100 brn|[from] brn\n|upkeep\n|turn|14\n|\n|t:|1700011411\n|move|p2a: Sableye|Recover|p2a: Sableye\n|-heal|p2a: Sableye|100\/100\n|move|p1a: Great Tusk|Play Rough|p2a: Sableye\n|-supereffective|p2a: Sableye\n|-damage|p2a: Sableye|59\/100\n|\n|-damage|p1a: Great Tusk|11\/100 brn|[from] brn\n|upkeep\n|turn|15\n|\n|t:|1700011416\n|move|p2a: Sableye|Recover|p2a: Sableye\n|-heal|p2a: Sableye|100\/100\n|move|p1a: Great Tusk|Play Rough|p2a: Sableye\n|-supereffective|p2a: Sableye\n|-damage|p2a: Sableye|62\/100\n|\n|-damage|p1a: Great Tusk|5\/100 brn|[from] brn\n|upkeep\n|turn|16\n|\n|t:|1700011419\n|move|p2a: Sableye|Recover|p2a: Sableye\n|-heal|p2a: Sableye|100\/100\n|move|p1a: Great Tusk|Rapid Spin|p2a: Sableye\n|-immune|p2a: Sableye\n|\n|-damage|p1a: Great Tusk|0 fnt|[from] brn\n|faint|p1a: Great Tusk\n|-end|p1a: Great Tusk|Protosynthesis|[silent]\n|upkeep\n|n|!terraxgeb|terraxgeb\n|inactive|terraxgeb has 120 seconds left.\n|\n|t:|1700011450\n|switch|p1a: Iron Bundle|Iron Bundle, shiny|100\/100\n|turn|17\n|\n|t:|1700011459\n|switch|p2a: Kingambit|Kingambit, M|89\/100\n|move|p1a: Iron Bundle|Hydro Pump|p2a: Kingambit\n|-damage|p2a: Kingambit|54\/100\n|\n|upkeep\n|turn|18\n|\n|t:|1700011467\n|move|p1a: Iron Bundle|Flip Turn|p2a: Kingambit\n|-damage|p2a: Kingambit|42\/100\n|\n|t:|1700011472\n|-end|p1a: Iron Bundle|Quark Drive|[silent]\n|switch|p1a: Politoed|Politoed, M|100\/100|[from] Flip Turn\n|-damage|p1a: Politoed|88\/100|[from] Stealth Rock\n|-damage|p1a: Politoed|71\/100|[from] Spikes\n|move|p2a: Kingambit|Kowtow Cleave|p1a: Politoed\n|-damage|p1a: Politoed|25\/100\n|-enditem|p1a: Politoed|Aguav Berry|[eat]\n|-heal|p1a: Politoed|59\/100|[from] item: Aguav Berry\n|\n|upkeep\n|turn|19\n|\n|t:|1700011478\n|move|p1a: Politoed|Chilling Water|p2a: Kingambit\n|-damage|p2a: Kingambit|30\/100\n|-unboost|p2a: Kingambit|atk|1\n|move|p2a: Kingambit|Kowtow Cleave|p1a: Politoed\n|-damage|p1a: Politoed|30\/100\n|\n|upkeep\n|turn|20\n|\n|t:|1700011485\n|move|p1a: Politoed|Hydro Pump|p2a: Kingambit\n|-damage|p2a: Kingambit|7\/100\n|move|p2a: Kingambit|Kowtow Cleave|p1a: Politoed\n|-damage|p1a: Politoed|4\/100\n|\n|upkeep\n|turn|21\n|\n|t:|1700011488\n|move|p2a: Kingambit|Sucker Punch|p1a: Politoed\n|-damage|p1a: Politoed|0 fnt\n|faint|p1a: Politoed\n|\n|upkeep\n|\n|t:|1700011492\n|switch|p1a: Iron Bundle|Iron Bundle, shiny|100\/100\n|turn|22\n|\n|t:|1700011509\n|move|p2a: Kingambit|Sucker Punch|p1a: Iron Bundle\n|-damage|p1a: Iron Bundle|67\/100\n|move|p1a: Iron Bundle|Flip Turn|p2a: Kingambit\n|-damage|p2a: Kingambit|0 fnt\n|faint|p2a: Kingambit\n|-end|p2a: Kingambit|fallenundefined|[silent]\n|\n|t:|1700011512\n|-end|p1a: Iron Bundle|Quark Drive|[silent]\n|switch|p1a: Slowking|Slowking-Galar, M|100\/100|[from] Flip Turn\n|-damage|p1a: Slowking|88\/100|[from] Stealth Rock\n|-damage|p1a: Slowking|72\/100|[from] Spikes\n|\n|-heal|p1a: Slowking|78\/100|[from] item: Black Sludge\n|upkeep\n|\n|t:|1700011517\n|switch|p2a: Urshifu|Urshifu, F|100\/100\n|-status|p2a: Urshifu|tox\n|turn|23\n|\n|t:|1700011531\n|move|p2a: Urshifu|Wicked Blow|p1a: Slowking\n|-supereffective|p1a: Slowking\n|-crit|p1a: Slowking\n|-damage|p1a: Slowking|0 fnt\n|faint|p1a: Slowking\n|\n|-damage|p2a: Urshifu|94\/100 tox|[from] psn\n|upkeep\n|\n|t:|1700011533\n|switch|p1a: Iron Bundle|Iron Bundle, shiny|67\/100\n|turn|24\n|\n|t:|1700011538\n|move|p2a: Urshifu|Sucker Punch|p1a: Iron Bundle\n|-damage|p1a: Iron Bundle|20\/100\n|move|p1a: Iron Bundle|Freeze-Dry|p2a: Urshifu\n|-damage|p2a: Urshifu|40\/100 tox\n|\n|-damage|p2a: Urshifu|27\/100 tox|[from] psn\n|upkeep\n|turn|25\n|\n|t:|1700011546\n|-end|p1a: Iron Bundle|Quark Drive|[silent]\n|switch|p1a: Umbreon|Umbreon, M, shiny|100\/100\n|-damage|p1a: Umbreon|88\/100|[from] Stealth Rock\n|-damage|p1a: Umbreon|72\/100|[from] Spikes\n|move|p2a: Urshifu|Drain Punch|p1a: Umbreon\n|-supereffective|p1a: Umbreon\n|-damage|p1a: Umbreon|24\/100\n|-heal|p2a: Urshifu|55\/100 tox|[from] drain|[of] p1a: Umbreon\n|\n|-heal|p1a: Umbreon|30\/100|[from] item: Leftovers\n|-damage|p2a: Urshifu|36\/100 tox|[from] psn\n|upkeep\n|turn|26\n|\n|t:|1700011553\n|-terastallize|p1a: Umbreon|Ghost\n|move|p2a: Urshifu|Drain Punch|p1a: Umbreon\n|-immune|p1a: Umbreon\n|move|p1a: Umbreon|Wish|p1a: Umbreon\n|\n|-heal|p1a: Umbreon|36\/100|[from] item: Leftovers\n|-damage|p2a: Urshifu|12\/100 tox|[from] psn\n|upkeep\n|turn|27\n|\n|t:|1700011565\n|move|p2a: Urshifu|Wicked Blow|p1a: Umbreon\n|-supereffective|p1a: Umbreon\n|-crit|p1a: Umbreon\n|-damage|p1a: Umbreon|0 fnt\n|faint|p1a: Umbreon\n|\n|-damage|p2a: Urshifu|0 fnt|[from] psn\n|faint|p2a: Urshifu\n|upkeep\n|\n|t:|1700011574\n|switch|p2a: Chi-Yu|Chi-Yu|100\/100\n|switch|p1a: \u30e9\u30a6\u30c9\u30dc\u30fc\u30f3|Skeledirge, M, shiny|100\/100\n|-status|p2a: Chi-Yu|tox\n|-ability|p2a: Chi-Yu|Beads of Ruin\n|-damage|p1a: \u30e9\u30a6\u30c9\u30dc\u30fc\u30f3|76\/100|[from] Stealth Rock\n|-damage|p1a: \u30e9\u30a6\u30c9\u30dc\u30fc\u30f3|59\/100|[from] Spikes\n|turn|28\n|\n|t:|1700011592\n|-terastallize|p2a: Chi-Yu|Dark\n|move|p2a: Chi-Yu|Dark Pulse|p1a: \u30e9\u30a6\u30c9\u30dc\u30fc\u30f3\n|-supereffective|p1a: \u30e9\u30a6\u30c9\u30dc\u30fc\u30f3\n|-damage|p1a: \u30e9\u30a6\u30c9\u30dc\u30fc\u30f3|0 fnt\n|faint|p1a: \u30e9\u30a6\u30c9\u30dc\u30fc\u30f3\n|\n|-damage|p2a: Chi-Yu|95\/100 tox|[from] psn\n|upkeep\n|\n|t:|1700011595\n|switch|p1a: Iron Bundle|Iron Bundle, shiny|20\/100\n|turn|29\n|\n|t:|1700011598\n|move|p2a: Chi-Yu|Dark Pulse|p1a: Iron Bundle\n|-damage|p1a: Iron Bundle|0 fnt\n|faint|p1a: Iron Bundle\n|-end|p1a: Iron Bundle|Quark Drive|[silent]\n|\n|win|heynerdre\n|raw|terraxgeb's rating: 1003 &rarr; <strong>1000<\/strong><br \/>(-3 for losing)\n|raw|heynerdre's rating: 1039 &rarr; <strong>1070<\/strong><br \/>(+31 for winning)\n","uploadtime":1700011436,"views":6,"p1id":"terraxgeb","p2id":"heynerdre","formatid":"gen9ubers","rating":1000,"private":0,"password":""}