{"id":"gen9ubers-1988289663","p1":"bodi 69","p2":"Seraphz","format":"[Gen 9] Ubers","log":"|j|\u2606bodi 69\n|j|\u2606Seraphz\n|t:|1699702527\n|gametype|singles\n|player|p1|bodi 69|leon|\n|player|p2|Seraphz|#ptplivdazzlingdiancies|\n|teamsize|p1|6\n|teamsize|p2|6\n|gen|9\n|tier|[Gen 9] Ubers\n|rule|Sleep Clause Mod: Limit one foe put to sleep\n|rule|Species Clause: Limit one of each Pok\u00e9mon\n|rule|OHKO Clause: OHKO moves are banned\n|rule|Evasion Items Clause: Evasion items are banned\n|rule|Evasion Moves Clause: Evasion moves are banned\n|rule|Endless Battle Clause: Forcing endless battles is banned\n|rule|HP Percentage Mod: HP is shown in percentages\n|clearpoke\n|poke|p1|Annihilape, F|\n|poke|p1|Groudon|\n|poke|p1|Ditto|\n|poke|p1|Flutter Mane|\n|poke|p1|Rayquaza|\n|poke|p1|Zacian-*|\n|poke|p2|Koraidon|\n|poke|p2|Miraidon|\n|poke|p2|Landorus-Therian, M|\n|poke|p2|Groudon|\n|poke|p2|Flutter Mane|\n|poke|p2|Kyogre|\n|teampreview\n|inactive|Battle timer is ON: inactive players will automatically lose when time's up. (requested by bodi 69)\n|c|\u2606Seraphz|hf\n|c|\u2606bodi 69|u2\n|\n|t:|1699702549\n|start\n|switch|p1a: Groudon|Groudon|100\/100\n|switch|p2a: Groudon|Groudon|100\/100\n|-weather|SunnyDay|[from] ability: Drought|[of] p2a: Groudon\n|turn|1\n|\n|t:|1699702554\n|move|p2a: Groudon|Will-O-Wisp|p1a: Groudon\n|-status|p1a: Groudon|brn\n|move|p1a: Groudon|Will-O-Wisp|p2a: Groudon\n|-status|p2a: Groudon|brn\n|\n|-weather|SunnyDay|[upkeep]\n|-damage|p2a: Groudon|94\/100 brn|[from] brn\n|-damage|p1a: Groudon|94\/100 brn|[from] brn\n|upkeep\n|turn|2\n|\n|t:|1699702559\n|move|p2a: Groudon|Precipice Blades|p1a: Groudon\n|-damage|p1a: Groudon|75\/100 brn\n|move|p1a: Groudon|Stealth Rock|p2a: Groudon\n|-sidestart|p2: Seraphz|move: Stealth Rock\n|\n|-weather|SunnyDay|[upkeep]\n|-heal|p2a: Groudon|100\/100 brn|[from] item: Leftovers\n|-heal|p1a: Groudon|81\/100 brn|[from] item: Leftovers\n|-damage|p2a: Groudon|94\/100 brn|[from] brn\n|-damage|p1a: Groudon|75\/100 brn|[from] brn\n|upkeep\n|turn|3\n|\n|t:|1699702568\n|switch|p1a: Rayquaza|Rayquaza|100\/100\n|-ability|p1a: Rayquaza|Air Lock\n|move|p2a: Groudon|Stealth Rock|p1a: Rayquaza\n|-sidestart|p1: bodi 69|move: Stealth Rock\n|\n|-weather|SunnyDay|[upkeep]\n|-heal|p2a: Groudon|100\/100 brn|[from] item: Leftovers\n|-damage|p2a: Groudon|94\/100 brn|[from] brn\n|upkeep\n|turn|4\n|\n|t:|1699702573\n|switch|p1a: Groudon|Groudon|75\/100 brn\n|-damage|p1a: Groudon|69\/100 brn|[from] Stealth Rock\n|move|p2a: Groudon|Roar|p1a: Groudon\n|drag|p1a: Ditto|Ditto|100\/100\n|-damage|p1a: Ditto|88\/100|[from] Stealth Rock\n|-transform|p1a: Ditto|p2a: Groudon|[from] ability: Imposter\n|\n|-weather|SunnyDay|[upkeep]\n|-heal|p2a: Groudon|100\/100 brn|[from] item: Leftovers\n|-damage|p2a: Groudon|94\/100 brn|[from] brn\n|upkeep\n|turn|5\n|\n|t:|1699702584\n|switch|p1a: Groudon|Groudon|69\/100 brn\n|-damage|p1a: Groudon|63\/100 brn|[from] Stealth Rock\n|move|p2a: Groudon|Will-O-Wisp|p1a: Groudon\n|-fail|p1a: Groudon|brn\n|\n|-weather|none\n|-heal|p2a: Groudon|100\/100 brn|[from] item: Leftovers\n|-heal|p1a: Groudon|69\/100 brn|[from] item: Leftovers\n|-damage|p2a: Groudon|94\/100 brn|[from] brn\n|-damage|p1a: Groudon|63\/100 brn|[from] brn\n|upkeep\n|turn|6\n|\n|t:|1699702587\n|move|p2a: Groudon|Precipice Blades|p1a: Groudon\n|-damage|p1a: Groudon|43\/100 brn\n|move|p1a: Groudon|Precipice Blades|p2a: Groudon|[miss]\n|-miss|p1a: Groudon|p2a: Groudon\n|\n|-heal|p2a: Groudon|100\/100 brn|[from] item: Leftovers\n|-heal|p1a: Groudon|49\/100 brn|[from] item: Leftovers\n|-damage|p2a: Groudon|94\/100 brn|[from] brn\n|-damage|p1a: Groudon|43\/100 brn|[from] brn\n|upkeep\n|turn|7\n|\n|t:|1699702593\n|move|p2a: Groudon|Precipice Blades|p1a: Groudon\n|-damage|p1a: Groudon|23\/100 brn\n|move|p1a: Groudon|Precipice Blades|p2a: Groudon\n|-damage|p2a: Groudon|79\/100 brn\n|\n|-heal|p2a: Groudon|85\/100 brn|[from] item: Leftovers\n|-heal|p1a: Groudon|29\/100 brn|[from] item: Leftovers\n|-damage|p2a: Groudon|79\/100 brn|[from] brn\n|-damage|p1a: Groudon|23\/100 brn|[from] brn\n|upkeep\n|turn|8\n|j| Lillyshowdo\n|\n|t:|1699702604\n|move|p2a: Groudon|Precipice Blades|p1a: Groudon\n|-damage|p1a: Groudon|5\/100 brn\n|move|p1a: Groudon|Precipice Blades|p2a: Groudon|[miss]\n|-miss|p1a: Groudon|p2a: Groudon\n|\n|-heal|p2a: Groudon|85\/100 brn|[from] item: Leftovers\n|-heal|p1a: Groudon|11\/100 brn|[from] item: Leftovers\n|-damage|p2a: Groudon|79\/100 brn|[from] brn\n|-damage|p1a: Groudon|5\/100 brn|[from] brn\n|upkeep\n|turn|9\n|\n|t:|1699702609\n|switch|p1a: Annihilape|Annihilape, F|100\/100\n|-damage|p1a: Annihilape|94\/100|[from] Stealth Rock\n|move|p2a: Groudon|Precipice Blades|p1a: Annihilape\n|-damage|p1a: Annihilape|67\/100\n|\n|-heal|p2a: Groudon|85\/100 brn|[from] item: Leftovers\n|-damage|p2a: Groudon|79\/100 brn|[from] brn\n|upkeep\n|turn|10\n|\n|t:|1699702615\n|move|p1a: Annihilape|Rage Fist|p2a: Groudon\n|-damage|p2a: Groudon|60\/100 brn\n|move|p2a: Groudon|Will-O-Wisp|p1a: Annihilape\n|-status|p1a: Annihilape|brn\n|\n|-heal|p2a: Groudon|66\/100 brn|[from] item: Leftovers\n|-damage|p1a: Annihilape|61\/100 brn|[from] brn\n|-damage|p2a: Groudon|60\/100 brn|[from] brn\n|upkeep\n|turn|11\n|\n|t:|1699702619\n|move|p1a: Annihilape|Rage Fist|p2a: Groudon\n|-damage|p2a: Groudon|50\/100 brn\n|move|p2a: Groudon|Roar|p1a: Annihilape\n|drag|p1a: Zacian|Zacian-Crowned|100\/100\n|-damage|p1a: Zacian|94\/100|[from] Stealth Rock\n|-ability|p1a: Zacian|Intrepid Sword|boost\n|-boost|p1a: Zacian|atk|1\n|\n|-heal|p2a: Groudon|57\/100 brn|[from] item: Leftovers\n|-damage|p2a: Groudon|50\/100 brn|[from] brn\n|upkeep\n|turn|12\n|\n|t:|1699702625\n|move|p1a: Zacian|Swords Dance|p1a: Zacian\n|-boost|p1a: Zacian|atk|2\n|move|p2a: Groudon|Roar|p1a: Zacian\n|drag|p1a: Rayquaza|Rayquaza|100\/100\n|-damage|p1a: Rayquaza|76\/100|[from] Stealth Rock\n|-ability|p1a: Rayquaza|Air Lock\n|\n|-heal|p2a: Groudon|57\/100 brn|[from] item: Leftovers\n|-damage|p2a: Groudon|50\/100 brn|[from] brn\n|upkeep\n|turn|13\n|\n|t:|1699702634\n|move|p1a: Rayquaza|Dragon Ascent|p2a: Groudon\n|-damage|p2a: Groudon|5\/100 brn\n|-unboost|p1a: Rayquaza|def|1\n|-unboost|p1a: Rayquaza|spd|1\n|-damage|p1a: Rayquaza|66\/100|[from] item: Life Orb\n|move|p2a: Groudon|Roar|p1a: Rayquaza\n|drag|p1a: Flutter Mane|Flutter Mane|100\/100\n|-damage|p1a: Flutter Mane|88\/100|[from] Stealth Rock\n|\n|-heal|p2a: Groudon|11\/100 brn|[from] item: Leftovers\n|-damage|p2a: Groudon|5\/100 brn|[from] brn\n|upkeep\n|turn|14\n|\n|t:|1699702637\n|move|p1a: Flutter Mane|Moonblast|p2a: Groudon\n|-damage|p2a: Groudon|0 fnt\n|faint|p2a: Groudon\n|-damage|p1a: Flutter Mane|78\/100|[from] item: Life Orb\n|\n|upkeep\n|l| Lillyshowdo\n|\n|t:|1699702646\n|switch|p2a: Flutter Mane|Flutter Mane|100\/100\n|turn|15\n|\n|t:|1699702650\n|-terastallize|p1a: Flutter Mane|Fairy\n|move|p2a: Flutter Mane|Shadow Ball|p1a: Flutter Mane\n|-damage|p1a: Flutter Mane|30\/100\n|move|p1a: Flutter Mane|Shadow Ball|p2a: Flutter Mane\n|-supereffective|p2a: Flutter Mane\n|-damage|p2a: Flutter Mane|0 fnt\n|faint|p2a: Flutter Mane\n|-end|p2a: Flutter Mane|Protosynthesis|[silent]\n|-damage|p1a: Flutter Mane|20\/100|[from] item: Life Orb\n|\n|upkeep\n|\n|t:|1699702657\n|switch|p2a: Koraidon|Koraidon|100\/100\n|-damage|p2a: Koraidon|94\/100|[from] Stealth Rock\n|-weather|SunnyDay|[from] ability: Orichalcum Pulse|[of] p2a: Koraidon\n|-activate|p1a: Flutter Mane|ability: Protosynthesis\n|-start|p1a: Flutter Mane|protosynthesisspa\n|-activate|p2a: Koraidon|Orichalcum Pulse|[source]\n|turn|16\n|\n|t:|1699702665\n|-terastallize|p2a: Koraidon|Fire\n|move|p2a: Koraidon|Flare Blitz|p1a: Flutter Mane\n|-damage|p1a: Flutter Mane|0 fnt\n|faint|p1a: Flutter Mane\n|-end|p1a: Flutter Mane|Protosynthesis|[silent]\n|-damage|p2a: Koraidon|89\/100|[from] Recoil\n|\n|-weather|SunnyDay|[upkeep]\n|upkeep\n|\n|t:|1699702672\n|switch|p1a: Annihilape|Annihilape, F|61\/100 brn\n|-damage|p1a: Annihilape|55\/100 brn|[from] Stealth Rock\n|turn|17\n|\n|t:|1699702674\n|move|p2a: Koraidon|Flare Blitz|p1a: Annihilape\n|-damage|p1a: Annihilape|0 fnt\n|faint|p1a: Annihilape\n|-damage|p2a: Koraidon|67\/100|[from] Recoil\n|\n|-weather|SunnyDay|[upkeep]\n|upkeep\n|\n|t:|1699702681\n|switch|p1a: Ditto|Ditto|88\/100\n|-damage|p1a: Ditto|76\/100|[from] Stealth Rock\n|-transform|p1a: Ditto|p2a: Koraidon|[from] ability: Imposter\n|-activate|p1a: Ditto|ability: Orichalcum Pulse\n|-start|p1a: Ditto|typechange|Fighting\/Dragon|[silent]\n|turn|18\n|\n|t:|1699702687\n|switch|p2a: Landorus|Landorus-Therian, M|100\/100\n|-damage|p2a: Landorus|88\/100|[from] Stealth Rock\n|-ability|p2a: Landorus|Intimidate|boost\n|-unboost|p1a: Ditto|atk|1\n|move|p1a: Ditto|Dragon Claw|p2a: Landorus\n|-damage|p2a: Landorus|60\/100\n|-damage|p1a: Ditto|59\/100|[from] item: Rocky Helmet|[of] p2a: Landorus\n|\n|-weather|SunnyDay|[upkeep]\n|upkeep\n|turn|19\n|\n|t:|1699702693\n|switch|p1a: Zacian|Zacian-Crowned|94\/100\n|-damage|p1a: Zacian|88\/100|[from] Stealth Rock\n|move|p2a: Landorus|U-turn|p1a: Zacian\n|-resisted|p1a: Zacian\n|-damage|p1a: Zacian|83\/100\n|\n|t:|1699702696\n|switch|p2a: Koraidon|Koraidon, tera:Fire|67\/100|[from] U-turn\n|-damage|p2a: Koraidon|42\/100|[from] Stealth Rock\n|-activate|p2a: Koraidon|ability: Orichalcum Pulse\n|\n|-weather|SunnyDay|[upkeep]\n|upkeep\n|turn|20\n|\n|t:|1699702699\n|move|p2a: Koraidon|Flare Blitz|p1a: Zacian\n|-supereffective|p1a: Zacian\n|-damage|p1a: Zacian|0 fnt\n|faint|p1a: Zacian\n|-damage|p2a: Koraidon|16\/100|[from] Recoil\n|\n|-weather|none\n|upkeep\n|\n|t:|1699702701\n|switch|p1a: Rayquaza|Rayquaza|66\/100\n|-damage|p1a: Rayquaza|41\/100|[from] Stealth Rock\n|-ability|p1a: Rayquaza|Air Lock\n|turn|21\n|\n|t:|1699702706\n|move|p2a: Koraidon|Flare Blitz|p1a: Rayquaza\n|-resisted|p1a: Rayquaza\n|-damage|p1a: Rayquaza|4\/100\n|-damage|p2a: Koraidon|3\/100|[from] Recoil\n|move|p1a: Rayquaza|Dragon Dance|p1a: Rayquaza\n|-boost|p1a: Rayquaza|atk|1\n|-boost|p1a: Rayquaza|spe|1\n|\n|upkeep\n|turn|22\n|\n|t:|1699702712\n|switch|p2a: Landorus|Landorus-Therian, M|60\/100\n|-damage|p2a: Landorus|48\/100|[from] Stealth Rock\n|-ability|p2a: Landorus|Intimidate|boost\n|-unboost|p1a: Rayquaza|atk|1\n|move|p1a: Rayquaza|Extreme Speed|p2a: Landorus\n|-damage|p2a: Landorus|18\/100\n|-damage|p1a: Rayquaza|0 fnt|[from] item: Rocky Helmet|[of] p2a: Landorus\n|faint|p1a: Rayquaza\n|\n|upkeep\n|\n|t:|1699702717\n|switch|p1a: Ditto|Ditto|59\/100\n|-damage|p1a: Ditto|47\/100|[from] Stealth Rock\n|-transform|p1a: Ditto|p2a: Landorus|[from] ability: Imposter\n|-ability|p1a: Ditto|Intimidate|boost\n|-unboost|p2a: Landorus|atk|1\n|turn|23\n|\n|t:|1699702722\n|move|p1a: Ditto|U-turn|p2a: Landorus\n|-resisted|p2a: Landorus\n|-damage|p2a: Landorus|10\/100\n|-damage|p1a: Ditto|31\/100|[from] item: Rocky Helmet|[of] p2a: Landorus\n|\n|t:|1699702724\n|switch|p1a: Groudon|Groudon|5\/100 brn|[from] U-turn\n|-damage|p1a: Groudon|0 fnt|[from] Stealth Rock\n|faint|p1a: Groudon\n|move|p2a: Landorus|U-turn|p1: Groudon|[notarget]\n|-fail|p2a: Landorus\n|\n|upkeep\n|c|\u2606bodi 69|ggs\n|c|\u2606Seraphz|ggs\n|-message|bodi 69 forfeited.\n|\n|win|Seraphz\n|l|\u2606bodi 69\n","uploadtime":1699702734,"views":68,"p1id":"bodi69","p2id":"seraphz","formatid":"gen9ubers","rating":0,"private":0,"password":""}