{"id":"gen9ubers-1989117080","p1":"ofmon777","p2":"sgrg32","format":"[Gen 9] Ubers","log":"|j|\u2606ofmon777\n|j|\u2606sgrg32\n|t:|1699814061\n|gametype|singles\n|player|p1|ofmon777|gentleman|\n|player|p2|sgrg32|alec-anime|\n|teamsize|p1|6\n|teamsize|p2|6\n|gen|9\n|tier|[Gen 9] Ubers\n|rule|Sleep Clause Mod: Limit one foe put to sleep\n|rule|Species Clause: Limit one of each Pok\u00e9mon\n|rule|OHKO Clause: OHKO moves are banned\n|rule|Evasion Items Clause: Evasion items are banned\n|rule|Evasion Moves Clause: Evasion moves are banned\n|rule|Endless Battle Clause: Forcing endless battles is banned\n|rule|HP Percentage Mod: HP is shown in percentages\n|clearpoke\n|poke|p1|Floatzel, F|\n|poke|p1|Pelipper, M|\n|poke|p1|Walking Wake|\n|poke|p1|Scizor, M|\n|poke|p1|Quaquaval, F|\n|poke|p1|Barraskewda, F|\n|poke|p2|Glaceon, F|\n|poke|p2|Thwackey, M|\n|poke|p2|Bisharp, M|\n|poke|p2|Sinistcha-Masterpiece|\n|poke|p2|Magneton|\n|poke|p2|Cinderace, F|\n|teampreview\n|c|\u2606sgrg32|any backseat gamers\n|\n|t:|1699814136\n|start\n|switch|p1a: Twerking Duck|Quaquaval, F|100\/100\n|switch|p2a: b-tec sandyshocks|Magneton, shiny|100\/100\n|turn|1\n|\n|t:|1699814192\n|move|p2a: b-tec sandyshocks|Volt Switch|p1a: Twerking Duck\n|-supereffective|p1a: Twerking Duck\n|-damage|p1a: Twerking Duck|5\/100\n|\n|t:|1699814210\n|switch|p2a: ice spice|Sinistcha-Masterpiece|100\/100|[from] Volt Switch\n|move|p1a: Twerking Duck|Aqua Step|p2a: ice spice\n|-resisted|p2a: ice spice\n|-damage|p2a: ice spice|87\/100\n|-boost|p1a: Twerking Duck|spe|1\n|-damage|p1a: Twerking Duck|0 fnt|[from] item: Rocky Helmet|[of] p2a: ice spice\n|faint|p1a: Twerking Duck\n|\n|upkeep\n|\n|t:|1699814226\n|switch|p1a: Forcast|Pelipper, M|100\/100\n|-weather|RainDance|[from] ability: Drizzle|[of] p1a: Forcast\n|turn|2\n|\n|t:|1699814234\n|switch|p2a: kingambit at home|Bisharp, M, shiny|100\/100\n|move|p1a: Forcast|Hurricane|p2a: kingambit at home\n|-resisted|p2a: kingambit at home\n|-damage|p2a: kingambit at home|86\/100\n|-start|p2a: kingambit at home|confusion\n|\n|-weather|RainDance|[upkeep]\n|upkeep\n|turn|3\n|\n|t:|1699814243\n|-activate|p2a: kingambit at home|confusion\n|move|p2a: kingambit at home|Thunder Wave|p1a: Forcast\n|-status|p1a: Forcast|par\n|cant|p1a: Forcast|par\n|\n|-weather|RainDance|[upkeep]\n|upkeep\n|turn|4\n|\n|t:|1699814256\n|switch|p2a: furry bait pt2|Glaceon, F|100\/100\n|cant|p1a: Forcast|par\n|\n|-weather|RainDance|[upkeep]\n|upkeep\n|turn|5\n|\n|t:|1699814263\n|switch|p1a: The Zor|Scizor, M|100\/100\n|move|p2a: furry bait pt2|Substitute|p2a: furry bait pt2\n|-start|p2a: furry bait pt2|Substitute\n|-damage|p2a: furry bait pt2|76\/100\n|\n|-weather|RainDance|[upkeep]\n|-heal|p2a: furry bait pt2|82\/100|[from] item: Leftovers\n|upkeep\n|turn|6\n|\n|t:|1699814270\n|-terastallize|p2a: furry bait pt2|Water\n|move|p1a: The Zor|Bullet Punch|p2a: furry bait pt2\n|-resisted|p2a: furry bait pt2\n|-activate|p2a: furry bait pt2|move: Substitute|[damage]\n|-damage|p1a: The Zor|91\/100|[from] item: Life Orb\n|move|p2a: furry bait pt2|Tera Blast|p1a: The Zor|[anim] Tera Blast Water\n|-damage|p1a: The Zor|14\/100\n|\n|-weather|RainDance|[upkeep]\n|-heal|p2a: furry bait pt2|88\/100|[from] item: Leftovers\n|upkeep\n|turn|7\n|j| Hauntly13\n|\n|t:|1699814296\n|move|p2a: furry bait pt2|Tera Blast|p1a: The Zor|[anim] Tera Blast Water\n|-damage|p1a: The Zor|0 fnt\n|faint|p1a: The Zor\n|\n|-weather|RainDance|[upkeep]\n|-heal|p2a: furry bait pt2|94\/100|[from] item: Leftovers\n|upkeep\n|\n|t:|1699814309\n|switch|p1a: Rawr x3|Walking Wake|100\/100\n|-enditem|p1a: Rawr x3|Booster Energy\n|-activate|p1a: Rawr x3|ability: Protosynthesis|[fromitem]\n|-start|p1a: Rawr x3|protosynthesisspe\n|turn|8\n|\n|t:|1699814319\n|move|p1a: Rawr x3|Hurricane|p2a: furry bait pt2\n|-end|p2a: furry bait pt2|Substitute\n|move|p2a: furry bait pt2|Freeze-Dry|p1a: Rawr x3\n|-supereffective|p1a: Rawr x3\n|-damage|p1a: Rawr x3|0 fnt\n|faint|p1a: Rawr x3\n|-end|p1a: Rawr x3|Protosynthesis|[silent]\n|\n|-weather|RainDance|[upkeep]\n|-heal|p2a: furry bait pt2|99\/100|[from] item: Leftovers\n|upkeep\n|\n|t:|1699814334\n|switch|p1a: That Guy|Floatzel, F|100\/100\n|turn|9\n|\n|t:|1699814345\n|-terastallize|p1a: That Guy|Water\n|move|p1a: That Guy|Wave Crash|p2a: furry bait pt2\n|-resisted|p2a: furry bait pt2\n|-damage|p2a: furry bait pt2|25\/100\n|-damage|p1a: That Guy|74\/100|[from] Recoil\n|move|p2a: furry bait pt2|Freeze-Dry|p1a: That Guy\n|-supereffective|p1a: That Guy\n|-damage|p1a: That Guy|0 fnt\n|faint|p1a: That Guy\n|\n|-weather|none\n|-heal|p2a: furry bait pt2|31\/100|[from] item: Leftovers\n|upkeep\n|c|\u2606ofmon777|gg\n|\n|t:|1699814356\n|switch|p1a: ICBM|Barraskewda, F|100\/100\n|turn|10\n|\n|t:|1699814363\n|switch|p2a: ice spice|Sinistcha-Masterpiece|87\/100\n|move|p1a: ICBM|Close Combat|p2a: ice spice\n|-immune|p2a: ice spice\n|\n|upkeep\n|turn|11\n|\n|t:|1699814371\n|switch|p1a: Forcast|Pelipper, M|100\/100 par\n|-weather|RainDance|[from] ability: Drizzle|[of] p1a: Forcast\n|move|p2a: ice spice|Matcha Gotcha|p1a: Forcast\n|-damage|p1a: Forcast|65\/100 par\n|-heal|p2a: ice spice|100\/100|[from] drain|[of] p1a: Forcast\n|\n|-weather|RainDance|[upkeep]\n|upkeep\n|turn|12\n|\n|t:|1699814383\n|move|p2a: ice spice|Hex|p1a: Forcast\n|-damage|p1a: Forcast|9\/100 par\n|move|p1a: Forcast|Hurricane|p2a: ice spice\n|-supereffective|p2a: ice spice\n|-damage|p2a: ice spice|8\/100\n|-start|p2a: ice spice|confusion\n|\n|-weather|RainDance|[upkeep]\n|upkeep\n|turn|13\n|\n|t:|1699814393\n|-activate|p2a: ice spice|confusion\n|-damage|p2a: ice spice|5\/100|[from] confusion\n|move|p1a: Forcast|Roost|p1a: Forcast\n|-heal|p1a: Forcast|59\/100 par\n|-singleturn|p1a: Forcast|move: Roost\n|\n|-weather|RainDance|[upkeep]\n|upkeep\n|turn|14\n|c| Hauntly13|glaceon set is kinda fire\n|\n|t:|1699814404\n|-activate|p2a: ice spice|confusion\n|move|p2a: ice spice|Hex|p1a: Forcast\n|-damage|p1a: Forcast|0 fnt\n|faint|p1a: Forcast\n|\n|-weather|RainDance|[upkeep]\n|upkeep\n|\n|t:|1699814409\n|switch|p1a: ICBM|Barraskewda, F|100\/100\n|turn|15\n|\n|t:|1699814422\n|switch|p2a: MonkeyMonk88|Thwackey, M|100\/100\n|-fieldstart|move: Grassy Terrain|[from] ability: Grassy Surge|[of] p2a: MonkeyMonk88\n|move|p1a: ICBM|Liquidation|p2a: MonkeyMonk88\n|-resisted|p2a: MonkeyMonk88\n|-damage|p2a: MonkeyMonk88|20\/100\n|\n|-weather|RainDance|[upkeep]\n|-heal|p2a: MonkeyMonk88|26\/100|[from] Grassy Terrain\n|upkeep\n|turn|16\n|\n|t:|1699814431\n|move|p2a: MonkeyMonk88|Grassy Glide|p1a: ICBM\n|-supereffective|p1a: ICBM\n|-damage|p1a: ICBM|0 fnt\n|faint|p1a: ICBM\n|\n|win|sgrg32\n|c|\u2606sgrg32|ggs\n|c|\u2606ofmon777|gg\n|l| Hauntly13\n|l|\u2606ofmon777\n","uploadtime":1699814658,"views":51,"p1id":"ofmon777","p2id":"sgrg32","formatid":"gen9ubers","rating":0,"private":0,"password":""}