{"id":"gen9ubers-1973188912","p1":"Laprasrules12","p2":"BeardyBennett","format":"[Gen 9] Ubers","log":"|j|\u2606Laprasrules12\n|j|\u2606BeardyBennett\n|t:|1697937428\n|gametype|singles\n|player|p1|Laprasrules12|lusamine-nihilego|\n|player|p2|BeardyBennett|hiker-gen4|\n|teamsize|p1|6\n|teamsize|p2|6\n|gen|9\n|tier|[Gen 9] Ubers\n|rule|Sleep Clause Mod: Limit one foe put to sleep\n|rule|Species Clause: Limit one of each Pok\u00e9mon\n|rule|OHKO Clause: OHKO moves are banned\n|rule|Evasion Items Clause: Evasion items are banned\n|rule|Evasion Moves Clause: Evasion moves are banned\n|rule|Endless Battle Clause: Forcing endless battles is banned\n|rule|HP Percentage Mod: HP is shown in percentages\n|clearpoke\n|poke|p1|Arceus-Fighting|\n|poke|p1|Espathra, M|\n|poke|p1|Zacian-*|\n|poke|p1|Palkia-Origin|\n|poke|p1|Cyclizar, M|\n|poke|p1|Magearna-Original|\n|poke|p2|Zacian-*|\n|poke|p2|Gholdengo|\n|poke|p2|Gliscor, M|\n|poke|p2|Palkia-Origin|\n|poke|p2|Ogerpon-Wellspring, F|\n|poke|p2|Arceus-Fire|\n|teampreview\n|inactive|Battle timer is ON: inactive players will automatically lose when time's up. (requested by Laprasrules12)\n|inactive|BeardyBennett has 270 seconds left.\n|j| uubers account\n|\n|t:|1697937474\n|start\n|switch|p1a: Say Gex|Cyclizar, M, shiny|100\/100\n|switch|p2a: Arceus|Arceus-Fire|100\/100\n|turn|1\n|\n|t:|1697937479\n|move|p1a: Say Gex|Shed Tail|p1a: Say Gex\n|-start|p1a: Say Gex|Substitute|[from] move: Shed Tail\n|-damage|p1a: Say Gex|50\/100\n|\n|t:|1697937481\n|switch|p1a: The Horse|Palkia-Origin, shiny|100\/100|[from] Shed Tail\n|-ability|p1a: The Horse|Pressure\n|move|p2a: Arceus|Taunt|p1a: The Horse\n|-start|p1a: The Horse|move: Taunt\n|\n|upkeep\n|turn|2\n|\n|t:|1697937502\n|switch|p2a: Zacian|Zacian, shiny|100\/100\n|-ability|p2a: Zacian|Intrepid Sword|boost\n|-boost|p2a: Zacian|atk|1\n|move|p1a: The Horse|Spacial Rend|p2a: Zacian\n|-immune|p2a: Zacian\n|\n|upkeep\n|turn|3\n|\n|t:|1697937510\n|move|p2a: Zacian|Play Rough|p1a: The Horse\n|-supereffective|p1a: The Horse\n|-end|p1a: The Horse|Substitute\n|move|p1a: The Horse|Hydro Pump|p2a: Zacian\n|-damage|p2a: Zacian|55\/100\n|\n|-end|p1a: The Horse|move: Taunt\n|upkeep\n|turn|4\n|\n|t:|1697937523\n|switch|p2a: Gliscor|Gliscor, M, shiny|100\/100\n|move|p1a: The Horse|Hydro Pump|p2a: Gliscor\n|-supereffective|p2a: Gliscor\n|-damage|p2a: Gliscor|0 fnt\n|faint|p2a: Gliscor\n|\n|upkeep\n|\n|t:|1697937531\n|switch|p2a: Zacian|Zacian, shiny|55\/100\n|turn|5\n|\n|t:|1697937536\n|move|p2a: Zacian|Play Rough|p1a: The Horse\n|-supereffective|p1a: The Horse\n|-crit|p1a: The Horse\n|-damage|p1a: The Horse|0 fnt\n|faint|p1a: The Horse\n|\n|upkeep\n|\n|t:|1697937559\n|switch|p1a: Say Gex|Cyclizar, M, shiny|84\/100\n|turn|6\n|\n|t:|1697937575\n|move|p1a: Say Gex|Shed Tail|p1a: Say Gex\n|-start|p1a: Say Gex|Substitute|[from] move: Shed Tail\n|-damage|p1a: Say Gex|34\/100\n|\n|t:|1697937578\n|switch|p1a: Sif|Zacian, shiny|100\/100|[from] Shed Tail\n|-ability|p1a: Sif|Intrepid Sword|boost\n|-boost|p1a: Sif|atk|1\n|move|p2a: Zacian|Iron Head|p1a: Sif\n|-supereffective|p1a: Sif\n|-end|p1a: Sif|Substitute\n|\n|upkeep\n|turn|7\n|\n|t:|1697937593\n|switch|p2a: Arceus|Arceus-Fire|100\/100\n|move|p1a: Sif|Play Rough|p2a: Arceus\n|-resisted|p2a: Arceus\n|-damage|p2a: Arceus|71\/100\n|-damage|p1a: Sif|91\/100|[from] item: Life Orb\n|\n|upkeep\n|turn|8\n|\n|t:|1697937603\n|switch|p1a: Cleopatra|Espathra, M, shiny|100\/100\n|move|p2a: Arceus|Judgment|p1a: Cleopatra\n|-damage|p1a: Cleopatra|29\/100\n|\n|-heal|p1a: Cleopatra|35\/100|[from] item: Leftovers\n|upkeep\n|turn|9\n|\n|t:|1697937609\n|move|p1a: Cleopatra|Protect|p1a: Cleopatra\n|-singleturn|p1a: Cleopatra|Protect\n|move|p2a: Arceus|Judgment|p1a: Cleopatra\n|-activate|p1a: Cleopatra|move: Protect\n|\n|-heal|p1a: Cleopatra|41\/100|[from] item: Leftovers\n|-ability|p1a: Cleopatra|Speed Boost|boost\n|-boost|p1a: Cleopatra|spe|1\n|upkeep\n|turn|10\n|\n|t:|1697937614\n|move|p1a: Cleopatra|Tera Blast|p2a: Arceus\n|-damage|p2a: Arceus|55\/100\n|move|p2a: Arceus|Judgment|p1a: Cleopatra\n|-damage|p1a: Cleopatra|0 fnt\n|faint|p1a: Cleopatra\n|\n|upkeep\n|\n|t:|1697937616\n|switch|p1a: Kratos|Arceus-Fighting, shiny|100\/100\n|turn|11\n|\n|t:|1697937623\n|switch|p2a: Gholdengo|Gholdengo|100\/100\n|move|p1a: Kratos|Body Press|p2a: Gholdengo\n|-immune|p2a: Gholdengo\n|\n|upkeep\n|turn|12\n|\n|t:|1697937633\n|switch|p1a: Pok\u00e9ball|Magearna-Original|100\/100\n|move|p2a: Gholdengo|Make It Rain|p1a: Pok\u00e9ball\n|-damage|p1a: Pok\u00e9ball|59\/100\n|-unboost|p2a: Gholdengo|spa|1\n|\n|-heal|p1a: Pok\u00e9ball|65\/100|[from] item: Leftovers\n|upkeep\n|turn|13\n|\n|t:|1697937643\n|switch|p2a: Arceus|Arceus-Fire|55\/100\n|move|p1a: Pok\u00e9ball|Volt Switch|p2a: Arceus\n|-damage|p2a: Arceus|41\/100\n|\n|t:|1697937646\n|switch|p1a: Sif|Zacian, shiny|91\/100|[from] Volt Switch\n|\n|upkeep\n|turn|14\n|\n|t:|1697937653\n|move|p1a: Sif|Close Combat|p2a: Arceus\n|-damage|p2a: Arceus|7\/100\n|-unboost|p1a: Sif|def|1\n|-unboost|p1a: Sif|spd|1\n|-damage|p1a: Sif|81\/100|[from] item: Life Orb\n|move|p2a: Arceus|Recover|p2a: Arceus\n|-heal|p2a: Arceus|57\/100\n|\n|upkeep\n|turn|15\n|\n|t:|1697937662\n|move|p1a: Sif|Swords Dance|p1a: Sif\n|-boost|p1a: Sif|atk|2\n|move|p2a: Arceus|Recover|p2a: Arceus\n|-heal|p2a: Arceus|100\/100\n|\n|upkeep\n|turn|16\n|\n|t:|1697937666\n|move|p1a: Sif|Close Combat|p2a: Arceus\n|-damage|p2a: Arceus|33\/100\n|-unboost|p1a: Sif|def|1\n|-unboost|p1a: Sif|spd|1\n|-damage|p1a: Sif|71\/100|[from] item: Life Orb\n|move|p2a: Arceus|Judgment|p1a: Sif\n|-damage|p1a: Sif|0 fnt\n|faint|p1a: Sif\n|\n|upkeep\n|\n|t:|1697937670\n|switch|p1a: Kratos|Arceus-Fighting, shiny|100\/100\n|turn|17\n|\n|t:|1697937676\n|switch|p2a: Gholdengo|Gholdengo|100\/100\n|move|p1a: Kratos|Cosmic Power|p1a: Kratos\n|-boost|p1a: Kratos|def|1\n|-boost|p1a: Kratos|spd|1\n|\n|upkeep\n|turn|18\n|\n|t:|1697937681\n|move|p2a: Gholdengo|Trick||[still]\n|-fail|p2a: Gholdengo\n|move|p1a: Kratos|Cosmic Power|p1a: Kratos\n|-boost|p1a: Kratos|def|1\n|-boost|p1a: Kratos|spd|1\n|\n|upkeep\n|turn|19\n|c|\u2606BeardyBennett|Oops\n|c|\u2606BeardyBennett|Lol gg\n|c|\u2606Laprasrules12|Rip\n|\n|t:|1697937696\n|switch|p2a: Zacian|Zacian, shiny|55\/100\n|move|p1a: Kratos|Cosmic Power|p1a: Kratos\n|-boost|p1a: Kratos|def|1\n|-boost|p1a: Kratos|spd|1\n|\n|upkeep\n|turn|20\n|\n|t:|1697937701\n|-terastallize|p1a: Kratos|Poison\n|move|p2a: Zacian|Play Rough|p1a: Kratos\n|-resisted|p1a: Kratos\n|-damage|p1a: Kratos|96\/100\n|-unboost|p1a: Kratos|atk|1\n|move|p1a: Kratos|Body Press|p2a: Zacian\n|-resisted|p2a: Zacian\n|-damage|p2a: Zacian|0 fnt\n|faint|p2a: Zacian\n|\n|upkeep\n|-message|BeardyBennett forfeited.\n|\n|win|Laprasrules12\n|l|\u2606BeardyBennett\n","uploadtime":1697937714,"views":20,"p1id":"laprasrules12","p2id":"beardybennett","formatid":"gen9ubers","rating":0,"private":0,"password":""}