{"id":"gen9ubers-1993531201","p1":"Raiozin","p2":"sonnyr5","format":"[Gen 9] Ubers","log":"|j|\u2606Raiozin\n|j|\u2606sonnyr5\n|t:|1700328652\n|gametype|singles\n|player|p1|Raiozin|gambler|1132\n|player|p2|sonnyr5|red|1040\n|teamsize|p1|6\n|teamsize|p2|6\n|gen|9\n|tier|[Gen 9] Ubers\n|rated|\n|rule|Sleep Clause Mod: Limit one foe put to sleep\n|rule|Species Clause: Limit one of each Pok\u00e9mon\n|rule|OHKO Clause: OHKO moves are banned\n|rule|Evasion Items Clause: Evasion items are banned\n|rule|Evasion Moves Clause: Evasion moves are banned\n|rule|Endless Battle Clause: Forcing endless battles is banned\n|rule|HP Percentage Mod: HP is shown in percentages\n|clearpoke\n|poke|p1|Kommo-o, M|\n|poke|p1|Chien-Pao|\n|poke|p1|Basculegion, M|\n|poke|p1|Espathra, M|\n|poke|p1|Lucario, M|\n|poke|p1|Kyogre|\n|poke|p2|Arceus|\n|poke|p2|Darkrai|\n|poke|p2|Giratina|\n|poke|p2|Kyogre|\n|poke|p2|Dialga|\n|poke|p2|Rayquaza|\n|teampreview\n|\n|t:|1700328668\n|start\n|switch|p1a: Lucario|Lucario, M|100\/100\n|switch|p2a: Giratina|Giratina|100\/100\n|-ability|p2a: Giratina|Pressure\n|turn|1\n|\n|t:|1700328681\n|move|p2a: Giratina|Shadow Sneak|p1a: Lucario\n|-damage|p1a: Lucario|76\/100\n|move|p1a: Lucario|Ice Punch|p2a: Giratina\n|-supereffective|p2a: Giratina\n|-damage|p2a: Giratina|44\/100\n|\n|upkeep\n|turn|2\n|\n|t:|1700328689\n|switch|p2a: Kyogre|Kyogre|100\/100\n|-weather|RainDance|[from] ability: Drizzle|[of] p2a: Kyogre\n|move|p1a: Lucario|Ice Punch|p2a: Kyogre\n|-resisted|p2a: Kyogre\n|-damage|p2a: Kyogre|82\/100\n|\n|-weather|RainDance|[upkeep]\n|upkeep\n|turn|3\n|\n|t:|1700328715\n|switch|p1a: Kyogre|Kyogre|100\/100\n|move|p2a: Kyogre|Calm Mind|p2a: Kyogre\n|-boost|p2a: Kyogre|spa|1\n|-boost|p2a: Kyogre|spd|1\n|\n|-weather|RainDance|[upkeep]\n|upkeep\n|turn|4\n|\n|t:|1700328725\n|switch|p2a: Giratina|Giratina|44\/100\n|-ability|p2a: Giratina|Pressure\n|move|p1a: Kyogre|Thunder|p2a: Giratina\n|-resisted|p2a: Giratina\n|-damage|p2a: Giratina|30\/100\n|-status|p2a: Giratina|par\n|\n|-weather|RainDance|[upkeep]\n|upkeep\n|turn|5\n|\n|t:|1700328736\n|switch|p1a: Chien-Pao|Chien-Pao|100\/100\n|-ability|p1a: Chien-Pao|Sword of Ruin\n|move|p2a: Giratina|Destiny Bond|p2a: Giratina\n|-singlemove|p2a: Giratina|Destiny Bond\n|\n|-weather|RainDance|[upkeep]\n|upkeep\n|turn|6\n|\n|t:|1700328755\n|switch|p1a: Espathra|Espathra, M|100\/100\n|switch|p2a: Kyogre|Kyogre|82\/100\n|\n|-weather|none\n|upkeep\n|turn|7\n|\n|t:|1700328763\n|move|p1a: Espathra|Protect|p1a: Espathra\n|-singleturn|p1a: Espathra|Protect\n|move|p2a: Kyogre|Origin Pulse|p1a: Espathra\n|-activate|p1a: Espathra|move: Protect\n|\n|-ability|p1a: Espathra|Speed Boost|boost\n|-boost|p1a: Espathra|spe|1\n|upkeep\n|turn|8\n|\n|t:|1700328772\n|switch|p2a: Giratina|Giratina|30\/100 par\n|-ability|p2a: Giratina|Pressure\n|move|p1a: Espathra|Calm Mind|p1a: Espathra\n|-boost|p1a: Espathra|spa|1\n|-boost|p1a: Espathra|spd|1\n|\n|-ability|p1a: Espathra|Speed Boost|boost\n|-boost|p1a: Espathra|spe|1\n|upkeep\n|turn|9\n|\n|t:|1700328786\n|move|p1a: Espathra|Protect|p1a: Espathra\n|-singleturn|p1a: Espathra|Protect\n|move|p2a: Giratina|Destiny Bond|p2a: Giratina\n|-singlemove|p2a: Giratina|Destiny Bond\n|\n|-ability|p1a: Espathra|Speed Boost|boost\n|-boost|p1a: Espathra|spe|1\n|upkeep\n|turn|10\n|\n|t:|1700328800\n|-terastallize|p2a: Giratina|Ghost\n|move|p1a: Espathra|Calm Mind|p1a: Espathra\n|-boost|p1a: Espathra|spa|1\n|-boost|p1a: Espathra|spd|1\n|move|p2a: Giratina|Destiny Bond||[still]\n|-fail|p2a: Giratina\n|\n|-ability|p1a: Espathra|Speed Boost|boost\n|-boost|p1a: Espathra|spe|1\n|upkeep\n|turn|11\n|\n|t:|1700328820\n|move|p1a: Espathra|Stored Power|p2a: Giratina\n|-damage|p2a: Giratina|0 fnt\n|faint|p2a: Giratina\n|\n|-ability|p1a: Espathra|Speed Boost|boost\n|-boost|p1a: Espathra|spe|1\n|upkeep\n|\n|t:|1700328828\n|switch|p2a: Kyogre|Kyogre|82\/100\n|-weather|RainDance|[from] ability: Drizzle|[of] p2a: Kyogre\n|turn|12\n|\n|t:|1700328838\n|move|p1a: Espathra|Protect|p1a: Espathra\n|-singleturn|p1a: Espathra|Protect\n|move|p2a: Kyogre|Origin Pulse|p1a: Espathra\n|-activate|p1a: Espathra|move: Protect\n|\n|-weather|RainDance|[upkeep]\n|-ability|p1a: Espathra|Speed Boost|boost\n|-boost|p1a: Espathra|spe|1\n|upkeep\n|turn|13\n|\n|t:|1700328846\n|switch|p2a: Dialga|Dialga|100\/100\n|-ability|p2a: Dialga|Pressure\n|move|p1a: Espathra|Stored Power|p2a: Dialga\n|-resisted|p2a: Dialga\n|-damage|p2a: Dialga|0 fnt\n|faint|p2a: Dialga\n|\n|-weather|RainDance|[upkeep]\n|upkeep\n|-message|sonnyr5 forfeited.\n|\n|win|Raiozin\n|raw|Raiozin's rating: 1132 &rarr; <strong>1151<\/strong><br \/>(+19 for winning)\n|raw|sonnyr5's rating: 1040 &rarr; <strong>1028<\/strong><br \/>(-12 for losing)\n|l|\u2606sonnyr5\n","uploadtime":1700328860,"views":17,"p1id":"raiozin","p2id":"sonnyr5","formatid":"gen9ubers","rating":1028,"private":0,"password":""}