{"id":"gen9ubers-1990954613","p1":"Daniel5ury","p2":"GateKeeper5","format":"[Gen 9] Ubers","log":"|j|\u2606Daniel5ury\n|j|\u2606GateKeeper5\n|t:|1700019332\n|gametype|singles\n|player|p1|Daniel5ury|rosa|1278\n|player|p2|GateKeeper5|hilbert|1214\n|teamsize|p1|6\n|teamsize|p2|6\n|gen|9\n|tier|[Gen 9] Ubers\n|rated|\n|rule|Sleep Clause Mod: Limit one foe put to sleep\n|rule|Species Clause: Limit one of each Pok\u00e9mon\n|rule|OHKO Clause: OHKO moves are banned\n|rule|Evasion Items Clause: Evasion items are banned\n|rule|Evasion Moves Clause: Evasion moves are banned\n|rule|Endless Battle Clause: Forcing endless battles is banned\n|rule|HP Percentage Mod: HP is shown in percentages\n|clearpoke\n|poke|p1|Roaring Moon|\n|poke|p1|Walking Wake|\n|poke|p1|Flutter Mane|\n|poke|p1|Koraidon|\n|poke|p1|Chi-Yu|\n|poke|p1|Arceus-Fire|\n|poke|p2|Mewtwo|\n|poke|p2|Palkia-Origin|\n|poke|p2|Dialga-Origin|\n|poke|p2|Calyrex-Ice|\n|poke|p2|Zacian-*|\n|poke|p2|Groudon|\n|teampreview\n|inactive|Battle timer is ON: inactive players will automatically lose when time's up. (requested by Daniel5ury)\n|\n|t:|1700019357\n|start\n|switch|p1a: Peacock|Koraidon|100\/100\n|switch|p2a: Dialga|Dialga-Origin|100\/100\n|-weather|SunnyDay|[from] ability: Orichalcum Pulse|[of] p1a: Peacock\n|-activate|p1a: Peacock|Orichalcum Pulse|[source]\n|-ability|p2a: Dialga|Pressure\n|turn|1\n|c|\u2606Daniel5ury|\u00bfHow far does your gatekeeping go?\n|c|\u2606GateKeeper5|who knows\n|\n|t:|1700019373\n|move|p1a: Peacock|Collision Course|p2a: Dialga\n|-supereffective|p2a: Dialga\n|-damage|p2a: Dialga|0 fnt\n|faint|p2a: Dialga\n|\n|-weather|SunnyDay|[upkeep]\n|upkeep\n|\n|t:|1700019386\n|switch|p2a: Zacian|Zacian-Crowned|100\/100\n|-ability|p2a: Zacian|Intrepid Sword|boost\n|-boost|p2a: Zacian|atk|1\n|turn|2\n|c|\u2606Daniel5ury|Give me a thing you gatekeep to give me an idea\n|\n|t:|1700019405\n|-terastallize|p1a: Peacock|Fire\n|move|p2a: Zacian|Play Rough|p1a: Peacock\n|-resisted|p1a: Peacock\n|-damage|p1a: Peacock|67\/100\n|move|p1a: Peacock|Flare Blitz|p2a: Zacian\n|-supereffective|p2a: Zacian\n|-damage|p2a: Zacian|0 fnt\n|faint|p2a: Zacian\n|-damage|p1a: Peacock|36\/100|[from] Recoil\n|\n|-weather|SunnyDay|[upkeep]\n|upkeep\n|c|\u2606GateKeeper5|uhh\n|c|\u2606GateKeeper5|idk\n|c|\u2606GateKeeper5|its just a name\n|inactive|GateKeeper5 has 120 seconds left.\n|\n|t:|1700019432\n|switch|p2a: Mewtwo|Mewtwo|100\/100\n|-ability|p2a: Mewtwo|Pressure\n|turn|3\n|c|\u2606Daniel5ury|Oh\n|c|\u2606Daniel5ury|ok\n|c|\u2606Daniel5ury|mb\n|\n|t:|1700019441\n|move|p1a: Peacock|U-turn|p2a: Mewtwo\n|-supereffective|p2a: Mewtwo\n|-damage|p2a: Mewtwo|33\/100\n|\n|t:|1700019444\n|switch|p1a: Sailor Moon|Roaring Moon|100\/100|[from] U-turn\n|-activate|p1a: Sailor Moon|ability: Protosynthesis\n|-start|p1a: Sailor Moon|protosynthesisspe\n|move|p2a: Mewtwo|Psystrike|p1a: Sailor Moon\n|-immune|p1a: Sailor Moon\n|\n|-weather|SunnyDay|[upkeep]\n|upkeep\n|turn|4\n|c|\u2606GateKeeper5|np\n|\n|t:|1700019455\n|move|p1a: Sailor Moon|U-turn|p2a: Mewtwo\n|-supereffective|p2a: Mewtwo\n|-damage|p2a: Mewtwo|0 fnt\n|faint|p2a: Mewtwo\n|\n|t:|1700019460\n|-end|p1a: Sailor Moon|Protosynthesis|[silent]\n|switch|p1a: Peacock|Koraidon, tera:Fire|36\/100|[from] U-turn\n|-activate|p1a: Peacock|ability: Orichalcum Pulse\n|\n|-weather|SunnyDay|[upkeep]\n|upkeep\n|\n|t:|1700019468\n|switch|p2a: Groudon|Groudon|100\/100\n|turn|5\n|\n|t:|1700019474\n|move|p1a: Peacock|U-turn|p2a: Groudon\n|-damage|p2a: Groudon|84\/100\n|\n|t:|1700019480\n|switch|p1a: Walking Dead|Walking Wake|100\/100|[from] U-turn\n|-activate|p1a: Walking Dead|ability: Protosynthesis\n|-start|p1a: Walking Dead|protosynthesisspe\n|move|p2a: Groudon|Spikes|p1a: Walking Dead\n|-sidestart|p1: Daniel5ury|Spikes\n|\n|-weather|SunnyDay|[upkeep]\n|-heal|p2a: Groudon|90\/100|[from] item: Leftovers\n|upkeep\n|turn|6\n|\n|t:|1700019491\n|move|p1a: Walking Dead|Hydro Steam|p2a: Groudon\n|-supereffective|p2a: Groudon\n|-damage|p2a: Groudon|0 fnt\n|faint|p2a: Groudon\n|\n|-weather|SunnyDay|[upkeep]\n|upkeep\n|\n|t:|1700019497\n|switch|p2a: Palkia|Palkia-Origin|100\/100\n|-ability|p2a: Palkia|Pressure\n|turn|7\n|\n|t:|1700019510\n|-end|p1a: Walking Dead|Protosynthesis|[silent]\n|switch|p1a: Nemo|Chi-Yu|100\/100\n|-damage|p1a: Nemo|88\/100|[from] Spikes\n|-ability|p1a: Nemo|Beads of Ruin\n|move|p2a: Palkia|Spacial Rend|p1a: Nemo\n|-damage|p1a: Nemo|1\/100\n|\n|-weather|SunnyDay|[upkeep]\n|upkeep\n|turn|8\n|\n|t:|1700019524\n|move|p2a: Palkia|Thunderbolt|p1a: Nemo\n|-damage|p1a: Nemo|0 fnt\n|faint|p1a: Nemo\n|\n|-weather|none\n|upkeep\n|\n|t:|1700019530\n|switch|p1a: Peso Pluma|Flutter Mane|100\/100\n|-damage|p1a: Peso Pluma|88\/100|[from] Spikes\n|turn|9\n|\n|t:|1700019540\n|move|p1a: Peso Pluma|Moonblast|p2a: Palkia\n|-supereffective|p2a: Palkia\n|-damage|p2a: Palkia|0 fnt\n|faint|p2a: Palkia\n|-damage|p1a: Peso Pluma|78\/100|[from] item: Life Orb\n|\n|upkeep\n|\n|t:|1700019545\n|switch|p2a: Calyrex|Calyrex-Ice|100\/100\n|-ability|p2a: Calyrex|As One\n|-ability|p2a: Calyrex|Unnerve\n|turn|10\n|\n|t:|1700019555\n|-terastallize|p2a: Calyrex|Fire\n|move|p1a: Peso Pluma|Thunder Wave|p2a: Calyrex\n|-status|p2a: Calyrex|par\n|move|p2a: Calyrex|Trick Room|p2a: Calyrex\n|-fieldstart|move: Trick Room|[of] p2a: Calyrex\n|\n|upkeep\n|turn|11\n|\n|t:|1700019572\n|move|p2a: Calyrex|Glacial Lance|p1a: Peso Pluma\n|-damage|p1a: Peso Pluma|0 fnt\n|faint|p1a: Peso Pluma\n|-end|p1a: Peso Pluma|Protosynthesis|[silent]\n|-ability|p2a: Calyrex|Chilling Neigh|boost\n|-boost|p2a: Calyrex|atk|1\n|\n|upkeep\n|\n|t:|1700019581\n|switch|p1a: Arcues|Arceus-Fire|100\/100\n|-damage|p1a: Arcues|88\/100|[from] Spikes\n|turn|12\n|\n|t:|1700019585\n|cant|p2a: Calyrex|par\n|move|p1a: Arcues|Earthquake|p2a: Calyrex\n|-supereffective|p2a: Calyrex\n|-damage|p2a: Calyrex|60\/100 par\n|\n|upkeep\n|turn|13\n|\n|t:|1700019590\n|move|p2a: Calyrex|High Horsepower|p1a: Arcues\n|-supereffective|p1a: Arcues\n|-damage|p1a: Arcues|0 fnt\n|faint|p1a: Arcues\n|-ability|p2a: Calyrex|Chilling Neigh|boost\n|-boost|p2a: Calyrex|atk|1\n|\n|upkeep\n|\n|t:|1700019598\n|switch|p1a: Peacock|Koraidon, tera:Fire|36\/100\n|-damage|p1a: Peacock|23\/100|[from] Spikes\n|-weather|SunnyDay|[from] ability: Orichalcum Pulse|[of] p1a: Peacock\n|-activate|p1a: Peacock|Orichalcum Pulse|[source]\n|turn|14\n|\n|t:|1700019605\n|move|p2a: Calyrex|Glacial Lance|p1a: Peacock\n|-resisted|p1a: Peacock\n|-damage|p1a: Peacock|0 fnt\n|faint|p1a: Peacock\n|-ability|p2a: Calyrex|Chilling Neigh|boost\n|-boost|p2a: Calyrex|atk|1\n|\n|-weather|SunnyDay|[upkeep]\n|-fieldend|move: Trick Room\n|upkeep\n|\n|t:|1700019610\n|switch|p1a: Walking Dead|Walking Wake|100\/100\n|-damage|p1a: Walking Dead|88\/100|[from] Spikes\n|-activate|p1a: Walking Dead|ability: Protosynthesis\n|-start|p1a: Walking Dead|protosynthesisspe\n|turn|15\n|\n|t:|1700019617\n|move|p1a: Walking Dead|Hydro Steam|p2a: Calyrex\n|-supereffective|p2a: Calyrex\n|-damage|p2a: Calyrex|0 fnt\n|faint|p2a: Calyrex\n|\n|win|Daniel5ury\n|raw|Daniel5ury's rating: 1278 &rarr; <strong>1298<\/strong><br \/>(+20 for winning)\n|raw|GateKeeper5's rating: 1214 &rarr; <strong>1194<\/strong><br \/>(-20 for losing)\n|c|\u2606GateKeeper5|gg\n|c|\u2606Daniel5ury|gg\n|c|\u2606Daniel5ury|Discord?\n|c|\u2606GateKeeper5|yea\n|c|\u2606GateKeeper5|i have one\n|c|\u2606GateKeeper5|i never use it\n|c|\u2606Daniel5ury|Alright ummm\n|c|\u2606Daniel5ury|oh\n|c|\u2606Daniel5ury|its alright\n|c|\u2606Daniel5ury|NVM\n|c|\u2606GateKeeper5|ight\n|c|\u2606Daniel5ury|have a good goodnight\n|c|\u2606GateKeeper5|thx\n|c|\u2606Daniel5ury|byeeeeeeeeeeeeeee\n|c|\u2606GateKeeper5|bye\n|l|\u2606GateKeeper5\n","uploadtime":1700019690,"views":8,"p1id":"daniel5ury","p2id":"gatekeeper5","formatid":"gen9ubers","rating":1194,"private":0,"password":""}