{"id":"gen9ubers-1994288603","p1":"Tatepluseight","p2":"Anne Frankkkk","format":"[Gen 9] Ubers","log":"|j|\u2606Tatepluseight\n|j|\u2606Anne Frankkkk\n|t:|1700427400\n|gametype|singles\n|player|p1|Tatepluseight|2|1147\n|player|p2|Anne Frankkkk|hilbert|1289\n|teamsize|p1|6\n|teamsize|p2|6\n|gen|9\n|tier|[Gen 9] Ubers\n|rated|\n|rule|Sleep Clause Mod: Limit one foe put to sleep\n|rule|Species Clause: Limit one of each Pok\u00e9mon\n|rule|OHKO Clause: OHKO moves are banned\n|rule|Evasion Items Clause: Evasion items are banned\n|rule|Evasion Moves Clause: Evasion moves are banned\n|rule|Endless Battle Clause: Forcing endless battles is banned\n|rule|HP Percentage Mod: HP is shown in percentages\n|clearpoke\n|poke|p1|Rayquaza|\n|poke|p1|Zacian-*|\n|poke|p1|Scizor, F|\n|poke|p1|Hatterene, F|\n|poke|p1|Miraidon|\n|poke|p1|Gliscor, F|\n|poke|p2|Regieleki|\n|poke|p2|Kyogre|\n|poke|p2|Chien-Pao|\n|poke|p2|Ribombee, M|\n|poke|p2|Miraidon|\n|poke|p2|Flutter Mane|\n|teampreview\n|inactive|Battle timer is ON: inactive players will automatically lose when time's up. (requested by Tatepluseight)\n|\n|t:|1700427417\n|start\n|switch|p1a: Gliscor|Gliscor, F|100\/100\n|switch|p2a: Bzzzzt|Regieleki, shiny|100\/100\n|turn|1\n|\n|t:|1700427434\n|-terastallize|p2a: Bzzzzt|Ice\n|move|p2a: Bzzzzt|Tera Blast|p1a: Gliscor|[anim] Tera Blast Ice\n|-supereffective|p1a: Gliscor\n|-damage|p1a: Gliscor|0 fnt\n|faint|p1a: Gliscor\n|\n|upkeep\n|inactive|Tatepluseight has 120 seconds left.\n|\n|t:|1700427465\n|switch|p1a: Rayquaza|Rayquaza|100\/100\n|-ability|p1a: Rayquaza|Air Lock\n|turn|2\n|\n|t:|1700427472\n|-terastallize|p1a: Rayquaza|Fire\n|move|p2a: Bzzzzt|Tera Blast|p1a: Rayquaza|[anim] Tera Blast Ice\n|-resisted|p1a: Rayquaza\n|-damage|p1a: Rayquaza|84\/100\n|move|p1a: Rayquaza|Overheat|p2a: Bzzzzt\n|-supereffective|p2a: Bzzzzt\n|-damage|p2a: Bzzzzt|0 fnt\n|-unboost|p1a: Rayquaza|spa|2\n|-enditem|p1a: Rayquaza|White Herb\n|-clearnegativeboost|p1a: Rayquaza|[silent]\n|faint|p2a: Bzzzzt\n|\n|upkeep\n|\n|t:|1700427499\n|switch|p2a: Misdreavius|Flutter Mane, shiny|100\/100\n|-enditem|p2a: Misdreavius|Booster Energy\n|-activate|p2a: Misdreavius|ability: Protosynthesis|[fromitem]\n|-start|p2a: Misdreavius|protosynthesisspe\n|turn|3\n|inactive|Tatepluseight has 120 seconds left.\n|\n|t:|1700427521\n|switch|p1a: Bakdatazzup|Hatterene, F|100\/100\n|move|p2a: Misdreavius|Power Gem|p1a: Bakdatazzup\n|-damage|p1a: Bakdatazzup|68\/100\n|\n|upkeep\n|turn|4\n|\n|t:|1700427526\n|move|p2a: Misdreavius|Calm Mind|p2a: Misdreavius\n|-boost|p2a: Misdreavius|spa|1\n|-boost|p2a: Misdreavius|spd|1\n|move|p1a: Bakdatazzup|Draining Kiss|p2a: Misdreavius\n|-damage|p2a: Misdreavius|83\/100\n|-heal|p1a: Bakdatazzup|81\/100|[from] drain|[of] p2a: Misdreavius\n|\n|upkeep\n|turn|5\n|\n|t:|1700427539\n|move|p2a: Misdreavius|Shadow Ball|p1a: Bakdatazzup\n|-supereffective|p1a: Bakdatazzup\n|-damage|p1a: Bakdatazzup|0 fnt\n|faint|p1a: Bakdatazzup\n|\n|upkeep\n|\n|t:|1700427542\n|switch|p1a: Loosecannon|Scizor, F|100\/100\n|turn|6\n|\n|t:|1700427548\n|move|p1a: Loosecannon|Bullet Punch|p2a: Misdreavius\n|-supereffective|p2a: Misdreavius\n|-damage|p2a: Misdreavius|0 fnt\n|faint|p2a: Misdreavius\n|-end|p2a: Misdreavius|Protosynthesis|[silent]\n|\n|upkeep\n|\n|t:|1700427551\n|switch|p2a: Moonblast|Ribombee, M, shiny|100\/100\n|turn|7\n|\n|t:|1700427558\n|move|p1a: Loosecannon|Bullet Punch|p2a: Moonblast\n|-supereffective|p2a: Moonblast\n|-enditem|p2a: Moonblast|Focus Sash\n|-damage|p2a: Moonblast|1\/100\n|move|p2a: Moonblast|Sticky Web|p1a: Loosecannon\n|-sidestart|p1: Tatepluseight|move: Sticky Web\n|\n|upkeep\n|turn|8\n|\n|t:|1700427561\n|move|p1a: Loosecannon|Bullet Punch|p2a: Moonblast\n|-supereffective|p2a: Moonblast\n|-damage|p2a: Moonblast|0 fnt\n|faint|p2a: Moonblast\n|\n|upkeep\n|\n|t:|1700427563\n|switch|p2a: Cyber Lizard|Miraidon|100\/100\n|-fieldstart|move: Electric Terrain|[from] ability: Hadron Engine|[of] p2a: Cyber Lizard\n|-item|p2a: Cyber Lizard|Air Balloon\n|turn|9\n|inactive|Tatepluseight has 120 seconds left.\n|\n|t:|1700427594\n|move|p2a: Cyber Lizard|Calm Mind|p2a: Cyber Lizard\n|-boost|p2a: Cyber Lizard|spa|1\n|-boost|p2a: Cyber Lizard|spd|1\n|move|p1a: Loosecannon|Knock Off|p2a: Cyber Lizard\n|-damage|p2a: Cyber Lizard|65\/100\n|-enditem|p2a: Cyber Lizard|Air Balloon\n|\n|upkeep\n|turn|10\n|\n|t:|1700427599\n|move|p1a: Loosecannon|Bullet Punch|p2a: Cyber Lizard\n|-resisted|p2a: Cyber Lizard\n|-damage|p2a: Cyber Lizard|47\/100\n|move|p2a: Cyber Lizard|Electro Drift|p1a: Loosecannon\n|-damage|p1a: Loosecannon|0 fnt\n|faint|p1a: Loosecannon\n|\n|upkeep\n|\n|t:|1700427606\n|switch|p1a: Zacian|Zacian-Crowned|100\/100\n|-activate|p1a: Zacian|move: Sticky Web\n|-unboost|p1a: Zacian|spe|1\n|-ability|p1a: Zacian|Intrepid Sword|boost\n|-boost|p1a: Zacian|atk|1\n|turn|11\n|\n|t:|1700427612\n|move|p2a: Cyber Lizard|Electro Drift|p1a: Zacian\n|-damage|p1a: Zacian|0 fnt\n|faint|p1a: Zacian\n|\n|upkeep\n|inactive|Tatepluseight has 120 seconds left.\n|\n|t:|1700427630\n|switch|p1a: Miraidon|Miraidon|100\/100\n|-activate|p1a: Miraidon|move: Sticky Web\n|-unboost|p1a: Miraidon|spe|1\n|-activate|p1a: Miraidon|ability: Hadron Engine\n|turn|12\n|\n|t:|1700427633\n|move|p2a: Cyber Lizard|Dragon Pulse|p1a: Miraidon\n|-supereffective|p1a: Miraidon\n|-crit|p1a: Miraidon\n|-damage|p1a: Miraidon|0 fnt\n|faint|p1a: Miraidon\n|\n|upkeep\n|\n|t:|1700427636\n|switch|p1a: Rayquaza|Rayquaza, tera:Fire|84\/100\n|-activate|p1a: Rayquaza|move: Sticky Web\n|-unboost|p1a: Rayquaza|spe|1\n|-ability|p1a: Rayquaza|Air Lock\n|turn|13\n|\n|t:|1700427641\n|move|p2a: Cyber Lizard|Protect|p2a: Cyber Lizard\n|-singleturn|p2a: Cyber Lizard|Protect\n|move|p1a: Rayquaza|Draco Meteor|p2a: Cyber Lizard\n|-activate|p2a: Cyber Lizard|move: Protect\n|\n|-fieldend|move: Electric Terrain\n|upkeep\n|turn|14\n|\n|t:|1700427664\n|move|p2a: Cyber Lizard|Electro Drift|p1a: Rayquaza\n|-damage|p1a: Rayquaza|13\/100\n|move|p1a: Rayquaza|Draco Meteor|p2a: Cyber Lizard\n|-supereffective|p2a: Cyber Lizard\n|-damage|p2a: Cyber Lizard|0 fnt\n|-unboost|p1a: Rayquaza|spa|2\n|faint|p2a: Cyber Lizard\n|\n|upkeep\n|\n|t:|1700427669\n|switch|p2a: Ice Cat|Chien-Pao|100\/100\n|-ability|p2a: Ice Cat|Sword of Ruin\n|turn|15\n|-message|Tatepluseight forfeited.\n|\n|win|Anne Frankkkk\n|raw|Tatepluseight's rating: 1131 &rarr; <strong>1117<\/strong><br \/>(-14 for losing)\n|raw|Anne Frankkkk's rating: 1289 &rarr; <strong>1303<\/strong><br \/>(+14 for winning)\n|l|\u2606Tatepluseight\n","uploadtime":1700427686,"views":4,"p1id":"tatepluseight","p2id":"annefrankkkk","formatid":"gen9ubers","rating":1117,"private":0,"password":""}