{"id":"gen9ubers-1980408418","p1":"mihnt","p2":"ofmon777","format":"[Gen 9] Ubers","log":"|j|\u2606mihnt\n|j|\u2606ofmon777\n|t:|1698782307\n|gametype|singles\n|player|p1|mihnt|2|\n|player|p2|ofmon777|gentleman|\n|teamsize|p1|6\n|teamsize|p2|6\n|gen|9\n|tier|[Gen 9] Ubers\n|rule|Sleep Clause Mod: Limit one foe put to sleep\n|rule|Species Clause: Limit one of each Pok\u00e9mon\n|rule|OHKO Clause: OHKO moves are banned\n|rule|Evasion Items Clause: Evasion items are banned\n|rule|Evasion Moves Clause: Evasion moves are banned\n|rule|Endless Battle Clause: Forcing endless battles is banned\n|rule|HP Percentage Mod: HP is shown in percentages\n|clearpoke\n|poke|p1|Volbeat, M|\n|poke|p1|Goodra-Hisui, M|\n|poke|p1|Ogerpon-Hearthflame, F|\n|poke|p1|Orthworm, F|\n|poke|p1|Muk-Alola, M|\n|poke|p1|Enamorus-Therian, F|\n|poke|p2|Pelipper, F|\n|poke|p2|Quaquaval, M|\n|poke|p2|Grumpig, M|\n|poke|p2|Floatzel, M|\n|poke|p2|Quagsire, F|\n|poke|p2|Walking Wake|\n|teampreview\n|\n|t:|1698782320\n|start\n|switch|p1a: Volbeat|Volbeat, M|100\/100\n|switch|p2a: Forecast|Pelipper, F|100\/100\n|-weather|RainDance|[from] ability: Drizzle|[of] p2a: Forecast\n|turn|1\n|j| kuronimo\n|c|\u2606mihnt|im reAZdy to get 6-0\n|c| kuronimo|GO MINT GOOO\n|\n|t:|1698782342\n|move|p1a: Volbeat|Thunder Wave|p2a: Forecast\n|-status|p2a: Forecast|par\n|move|p2a: Forecast|U-turn|p1a: Volbeat\n|-damage|p1a: Volbeat|89\/100\n|\n|t:|1698782373\n|switch|p2a: Mr.Pink|Quagsire, F, shiny|100\/100|[from] U-turn\n|\n|-weather|RainDance|[upkeep]\n|upkeep\n|turn|2\n|\n|t:|1698782411\n|move|p1a: Volbeat|Sunny Day|p1a: Volbeat\n|-weather|SunnyDay\n|move|p2a: Mr.Pink|Stealth Rock|p1a: Volbeat\n|-sidestart|p1: mihnt|move: Stealth Rock\n|\n|-weather|SunnyDay|[upkeep]\n|upkeep\n|turn|3\n|\n|t:|1698782433\n|switch|p1a: Enamorus|Enamorus-Therian, F|100\/100\n|-damage|p1a: Enamorus|76\/100|[from] Stealth Rock\n|move|p2a: Mr.Pink|Toxic|p1a: Enamorus\n|-status|p1a: Enamorus|tox\n|\n|-weather|SunnyDay|[upkeep]\n|-damage|p1a: Enamorus|70\/100 tox|[from] psn\n|upkeep\n|turn|4\n|c|\u2606mihnt|lowkey im in a league game rn\n|c|\u2606mihnt|so find somehting to do ifg i dont clicka  move\n|c| kuronimo|LOLL DORK PLAYS LEAGUE\n|c|\u2606mihnt|LOLL\n|\n|t:|1698782504\n|switch|p2a: Forecast|Pelipper, F|100\/100 par\n|-weather|RainDance|[from] ability: Drizzle|[of] p2a: Forecast\n|move|p1a: Enamorus|Grass Knot|p2a: Forecast\n|-damage|p2a: Forecast|69\/100 par\n|\n|-weather|RainDance|[upkeep]\n|-damage|p1a: Enamorus|58\/100 tox|[from] psn\n|upkeep\n|turn|5\n|\n|t:|1698782518\n|move|p1a: Enamorus|Moonblast|p2a: Forecast\n|-damage|p2a: Forecast|0 fnt\n|faint|p2a: Forecast\n|\n|-weather|RainDance|[upkeep]\n|-damage|p1a: Enamorus|40\/100 tox|[from] psn\n|upkeep\n|\n|t:|1698782528\n|switch|p2a: Twerking Duck|Quaquaval, M|100\/100\n|turn|6\n|\n|t:|1698782533\n|move|p2a: Twerking Duck|Aqua Step|p1a: Enamorus\n|-damage|p1a: Enamorus|0 fnt\n|-boost|p2a: Twerking Duck|spe|1\n|faint|p1a: Enamorus\n|-ability|p2a: Twerking Duck|Moxie|boost\n|-boost|p2a: Twerking Duck|atk|1\n|\n|-weather|RainDance|[upkeep]\n|upkeep\n|\n|t:|1698782539\n|switch|p1a: Volbeat|Volbeat, M|89\/100\n|turn|7\n|\n|t:|1698782556\n|move|p1a: Volbeat|Thunder Wave|p2a: Twerking Duck\n|-status|p2a: Twerking Duck|par\n|-enditem|p2a: Twerking Duck|Lum Berry|[eat]\n|-curestatus|p2a: Twerking Duck|par|[msg]\n|move|p2a: Twerking Duck|Swords Dance|p2a: Twerking Duck\n|-boost|p2a: Twerking Duck|atk|2\n|\n|-weather|RainDance|[upkeep]\n|upkeep\n|turn|8\n|\n|t:|1698782589\n|move|p1a: Volbeat|Thunder Wave|p2a: Twerking Duck\n|-status|p2a: Twerking Duck|par\n|move|p2a: Twerking Duck|Aqua Step|p1a: Volbeat\n|-damage|p1a: Volbeat|0 fnt\n|-boost|p2a: Twerking Duck|spe|1\n|faint|p1a: Volbeat\n|-ability|p2a: Twerking Duck|Moxie|boost\n|-boost|p2a: Twerking Duck|atk|1\n|\n|-weather|RainDance|[upkeep]\n|upkeep\n|\n|t:|1698782619\n|switch|p1a: Ogerpon|Ogerpon-Hearthflame, F|100\/100\n|-damage|p1a: Ogerpon|76\/100|[from] Stealth Rock\n|-ability|p1a: Ogerpon|Mold Breaker\n|turn|9\n|\n|t:|1698782635\n|move|p1a: Ogerpon|Wood Hammer|p2a: Twerking Duck\n|-supereffective|p2a: Twerking Duck\n|-crit|p2a: Twerking Duck\n|-damage|p2a: Twerking Duck|0 fnt\n|faint|p2a: Twerking Duck\n|-damage|p1a: Ogerpon|41\/100|[from] Recoil\n|\n|-weather|RainDance|[upkeep]\n|upkeep\n|\n|t:|1698782642\n|switch|p2a: That Guy|Floatzel, M|100\/100\n|turn|10\n|\n|t:|1698782674\n|switch|p1a: Orthworm|Orthworm, F|100\/100\n|-damage|p1a: Orthworm|94\/100|[from] Stealth Rock\n|-terastallize|p2a: That Guy|Water\n|move|p2a: That Guy|Wave Crash|p1a: Orthworm\n|-damage|p1a: Orthworm|0 fnt\n|-damage|p2a: That Guy|84\/100|[from] item: Rocky Helmet|[of] p1a: Orthworm\n|faint|p1a: Orthworm\n|-damage|p2a: That Guy|50\/100|[from] Recoil\n|\n|-weather|RainDance|[upkeep]\n|upkeep\n|\n|t:|1698782688\n|switch|p1a: Goodra|Goodra-Hisui, M|100\/100\n|-damage|p1a: Goodra|94\/100|[from] Stealth Rock\n|turn|11\n|\n|t:|1698782693\n|move|p2a: That Guy|Wave Crash|p1a: Goodra\n|-resisted|p1a: Goodra\n|-damage|p1a: Goodra|12\/100\n|-damage|p2a: That Guy|18\/100|[from] Recoil\n|move|p1a: Goodra|Thunderbolt|p2a: That Guy\n|-supereffective|p2a: That Guy\n|-damage|p2a: That Guy|0 fnt\n|faint|p2a: That Guy\n|\n|-weather|none\n|upkeep\n|\n|t:|1698782704\n|switch|p2a: Rawr x3|Walking Wake|100\/100\n|turn|12\n|\n|t:|1698782713\n|move|p2a: Rawr x3|Hydro Steam|p1a: Goodra\n|-resisted|p1a: Goodra\n|-damage|p1a: Goodra|0 fnt\n|faint|p1a: Goodra\n|\n|upkeep\n|\n|t:|1698782718\n|switch|p1a: Muk|Muk-Alola, M|100\/100\n|-damage|p1a: Muk|88\/100|[from] Stealth Rock\n|turn|13\n|\n|t:|1698782723\n|-end|p2a: Rawr x3|Protosynthesis|[silent]\n|switch|p2a: Mr.Pink|Quagsire, F, shiny|100\/100\n|move|p1a: Muk|Knock Off|p2a: Mr.Pink\n|-damage|p2a: Mr.Pink|71\/100\n|-status|p2a: Mr.Pink|psn|[from] ability: Poison Touch|[of] p1a: Muk\n|-enditem|p2a: Mr.Pink|Leftovers|[from] move: Knock Off|[of] p1a: Muk\n|\n|-damage|p2a: Mr.Pink|58\/100 psn|[from] psn\n|upkeep\n|turn|14\n|j| itay1579\n|\n|t:|1698782767\n|move|p1a: Muk|Poison Jab|p2a: Mr.Pink\n|-resisted|p2a: Mr.Pink\n|-damage|p2a: Mr.Pink|46\/100 psn\n|move|p2a: Mr.Pink|Earthquake|p1a: Muk\n|-supereffective|p1a: Muk\n|-damage|p1a: Muk|27\/100\n|\n|-damage|p2a: Mr.Pink|33\/100 psn|[from] psn\n|upkeep\n|turn|15\n|\n|t:|1698782794\n|move|p1a: Muk|Knock Off|p2a: Mr.Pink\n|-damage|p2a: Mr.Pink|14\/100 psn\n|move|p2a: Mr.Pink|Earthquake|p1a: Muk\n|-supereffective|p1a: Muk\n|-damage|p1a: Muk|0 fnt\n|faint|p1a: Muk\n|\n|-damage|p2a: Mr.Pink|2\/100 psn|[from] psn\n|upkeep\n|\n|t:|1698782798\n|switch|p1a: Ogerpon|Ogerpon-Hearthflame, F|41\/100\n|-damage|p1a: Ogerpon|16\/100|[from] Stealth Rock\n|-ability|p1a: Ogerpon|Mold Breaker\n|turn|16\n|\n|t:|1698782808\n|move|p1a: Ogerpon|Knock Off|p2a: Mr.Pink\n|-damage|p2a: Mr.Pink|0 fnt\n|faint|p2a: Mr.Pink\n|\n|upkeep\n|\n|t:|1698782812\n|switch|p2a: Rawr x3|Walking Wake|100\/100\n|turn|17\n|\n|t:|1698782825\n|move|p1a: Ogerpon|Wood Hammer|p2a: Rawr x3\n|-damage|p2a: Rawr x3|23\/100\n|-damage|p1a: Ogerpon|0 fnt|[from] Recoil\n|faint|p1a: Ogerpon\n|\n|win|ofmon777\n|c|\u2606mihnt|gg\n","uploadtime":1698782837,"views":44,"p1id":"mihnt","p2id":"ofmon777","formatid":"gen9ubers","rating":0,"private":0,"password":""}