{"id":"gen9ubers-1983353119","p1":"1P1o1s1h1e1","p2":"RubenPaCe","format":"[Gen 9] Ubers","log":"|j|\u26061P1o1s1h1e1\n|j|\u2606RubenPaCe\n|t:|1699121221\n|gametype|singles\n|player|p1|1P1o1s1h1e1|265|\n|player|p2|RubenPaCe|camper|\n|teamsize|p1|6\n|teamsize|p2|6\n|gen|9\n|tier|[Gen 9] Ubers\n|rule|Sleep Clause Mod: Limit one foe put to sleep\n|rule|Species Clause: Limit one of each Pok\u00e9mon\n|rule|OHKO Clause: OHKO moves are banned\n|rule|Evasion Items Clause: Evasion items are banned\n|rule|Evasion Moves Clause: Evasion moves are banned\n|rule|Endless Battle Clause: Forcing endless battles is banned\n|rule|HP Percentage Mod: HP is shown in percentages\n|clearpoke\n|poke|p1|Arceus-Ghost|\n|poke|p1|Magearna|\n|poke|p1|Garganacl, M|\n|poke|p1|Sneasler, M|\n|poke|p1|Cyclizar, F|\n|poke|p1|Gyarados, F|\n|poke|p2|Arceus-Ghost|\n|poke|p2|Magearna|\n|poke|p2|Slowking-Galar, M|\n|poke|p2|Palafin, M|\n|poke|p2|Cyclizar, F|\n|poke|p2|Palkia-Origin|\n|teampreview\n|c|\u2606RubenPaCe|ayo is that fucking ghost curse garg\n|c|\u26061P1o1s1h1e1|yes\n|\n|t:|1699121269\n|start\n|switch|p1a: Sneasler|Sneasler, M|100\/100\n|switch|p2a: Arceus|Arceus-Ghost|100\/100\n|turn|1\n|\n|t:|1699121279\n|move|p1a: Sneasler|U-turn|p2a: Arceus\n|-resisted|p2a: Arceus\n|-damage|p2a: Arceus|92\/100\n|\n|t:|1699121282\n|switch|p1a: Garganacl|Garganacl, M|100\/100|[from] U-turn\n|move|p2a: Arceus|Swords Dance|p2a: Arceus\n|-boost|p2a: Arceus|atk|2\n|\n|upkeep\n|turn|2\n|\n|t:|1699121293\n|switch|p2a: Cyclizar|Cyclizar, F|100\/100\n|move|p1a: Garganacl|Curse|p1a: Garganacl\n|-unboost|p1a: Garganacl|spe|1\n|-boost|p1a: Garganacl|atk|1\n|-boost|p1a: Garganacl|def|1\n|\n|upkeep\n|turn|3\n|\n|t:|1699121300\n|move|p2a: Cyclizar|Taunt|p1a: Garganacl\n|-start|p1a: Garganacl|move: Taunt\n|move|p1a: Garganacl|Salt Cure|p2a: Cyclizar\n|-damage|p2a: Cyclizar|69\/100\n|-start|p2a: Cyclizar|Salt Cure\n|\n|-damage|p2a: Cyclizar|57\/100|[from] Salt Cure\n|upkeep\n|turn|4\n|\n|t:|1699121312\n|switch|p1a: Arceus|Arceus-Ghost|100\/100\n|move|p2a: Cyclizar|Shed Tail|p2a: Cyclizar\n|-start|p2a: Cyclizar|Substitute|[from] move: Shed Tail\n|-damage|p2a: Cyclizar|7\/100\n|\n|t:|1699121322\n|switch|p2a: Palkia|Palkia-Origin|100\/100|[from] Shed Tail\n|-ability|p2a: Palkia|Pressure\n|\n|upkeep\n|turn|5\n|\n|t:|1699121327\n|move|p2a: Palkia|Hydro Pump|p1a: Arceus\n|-damage|p1a: Arceus|48\/100\n|move|p1a: Arceus|Roar|p2a: Palkia\n|drag|p2a: Arceus|Arceus-Ghost|92\/100\n|\n|upkeep\n|turn|6\n|\n|t:|1699121339\n|-terastallize|p1a: Arceus|Fairy\n|move|p1a: Arceus|Thunder Wave|p2a: Arceus\n|-status|p2a: Arceus|par\n|cant|p2a: Arceus|par\n|\n|upkeep\n|turn|7\n|\n|t:|1699121344\n|switch|p2a: Palafin|Palafin, M|100\/100\n|move|p1a: Arceus|Recover|p1a: Arceus\n|-heal|p1a: Arceus|98\/100\n|\n|upkeep\n|turn|8\n|\n|t:|1699121347\n|detailschange|p2a: Palafin|Palafin-Hero, M\n|switch|p2a: Arceus|Arceus-Ghost|92\/100 par\n|move|p1a: Arceus|Thunder Wave|p2a: Arceus\n|-fail|p2a: Arceus|par\n|\n|upkeep\n|turn|9\n|\n|t:|1699121353\n|move|p1a: Arceus|Hex|p2a: Arceus\n|-supereffective|p2a: Arceus\n|-damage|p2a: Arceus|0 fnt\n|faint|p2a: Arceus\n|\n|upkeep\n|\n|t:|1699121358\n|switch|p2a: Cyclizar|Cyclizar, F|40\/100\n|turn|10\n|c|\u26061P1o1s1h1e1|zamn\n|\n|t:|1699121364\n|move|p2a: Cyclizar|Knock Off|p1a: Arceus\n|-resisted|p1a: Arceus\n|-damage|p1a: Arceus|94\/100\n|move|p1a: Arceus|Roar|p2a: Cyclizar\n|drag|p2a: Magearna|Magearna|100\/100\n|\n|upkeep\n|turn|11\n|\n|t:|1699121370\n|move|p1a: Arceus|Thunder Wave|p2a: Magearna\n|-status|p2a: Magearna|par\n|move|p2a: Magearna|Spikes|p1a: Arceus\n|-sidestart|p1: 1P1o1s1h1e1|Spikes\n|\n|upkeep\n|turn|12\n|\n|t:|1699121375\n|move|p1a: Arceus|Hex|p2a: Magearna\n|-damage|p2a: Magearna|59\/100 par\n|move|p2a: Magearna|Volt Switch|p1a: Arceus\n|-damage|p1a: Arceus|80\/100\n|\n|t:|1699121378\n|switch|p2a: Cyclizar|Cyclizar, F|73\/100|[from] Volt Switch\n|\n|upkeep\n|turn|13\n|\n|t:|1699121383\n|switch|p1a: Sneasler|Sneasler, M|100\/100\n|-damage|p1a: Sneasler|88\/100|[from] Spikes\n|move|p2a: Cyclizar|Taunt|p1a: Sneasler\n|-start|p1a: Sneasler|move: Taunt\n|\n|upkeep\n|turn|14\n|\n|t:|1699121390\n|switch|p2a: Slowking|Slowking-Galar, M|100\/100\n|move|p1a: Sneasler|U-turn|p2a: Slowking\n|-damage|p2a: Slowking|75\/100\n|\n|t:|1699121397\n|switch|p1a: Magearna|Magearna|100\/100|[from] U-turn\n|-damage|p1a: Magearna|88\/100|[from] Spikes\n|\n|-heal|p1a: Magearna|94\/100|[from] item: Leftovers\n|upkeep\n|turn|15\n|\n|t:|1699121401\n|move|p1a: Magearna|Spikes|p2a: Slowking\n|-sidestart|p2: RubenPaCe|Spikes\n|move|p2a: Slowking|Chilly Reception|p2a: Slowking\n|-weather|Snow\n|\n|t:|1699121404\n|switch|p2a: Palafin|Palafin-Hero, M|100\/100|[from] Chilly Reception\n|-damage|p2a: Palafin|88\/100|[from] Spikes\n|-activate|p2a: Palafin|ability: Zero to Hero\n|\n|-weather|Snow|[upkeep]\n|-heal|p1a: Magearna|99\/100|[from] item: Leftovers\n|upkeep\n|turn|16\n|\n|t:|1699121413\n|move|p2a: Palafin|Wave Crash|p1a: Magearna\n|-damage|p1a: Magearna|6\/100\n|-damage|p2a: Palafin|60\/100|[from] Recoil\n|move|p1a: Magearna|Encore|p2a: Palafin\n|-start|p2a: Palafin|Encore\n|\n|-weather|Snow|[upkeep]\n|-heal|p1a: Magearna|12\/100|[from] item: Leftovers\n|upkeep\n|turn|17\n|\n|t:|1699121421\n|switch|p2a: Cyclizar|Cyclizar, F|100\/100\n|switch|p1a: Gyarados|Gyarados, F|100\/100\n|-ability|p1a: Gyarados|Intimidate|boost\n|-unboost|p2a: Cyclizar|atk|1\n|\n|-weather|Snow|[upkeep]\n|upkeep\n|turn|18\n|\n|t:|1699121430\n|move|p2a: Cyclizar|Rapid Spin|p1a: Gyarados\n|-damage|p1a: Gyarados|90\/100\n|-boost|p2a: Cyclizar|spe|1\n|-sideend|p2: RubenPaCe|Spikes|[from] move: Rapid Spin|[of] p2a: Cyclizar\n|move|p1a: Gyarados|Dragon Dance|p1a: Gyarados\n|-boost|p1a: Gyarados|atk|1\n|-boost|p1a: Gyarados|spe|1\n|\n|-weather|Snow|[upkeep]\n|upkeep\n|turn|19\n|\n|t:|1699121442\n|move|p2a: Cyclizar|Shed Tail|p2a: Cyclizar\n|-start|p2a: Cyclizar|Substitute|[from] move: Shed Tail\n|-damage|p2a: Cyclizar|50\/100\n|\n|t:|1699121443\n|switch|p2a: Palkia|Palkia-Origin|100\/100|[from] Shed Tail\n|-ability|p2a: Palkia|Pressure\n|move|p1a: Gyarados|Earthquake|p2a: Palkia\n|-end|p2a: Palkia|Substitute\n|\n|-weather|none\n|upkeep\n|turn|20\n|\n|t:|1699121453\n|move|p1a: Gyarados|Earthquake|p2a: Palkia\n|-damage|p2a: Palkia|58\/100\n|move|p2a: Palkia|Draco Meteor|p1a: Gyarados\n|-damage|p1a: Gyarados|12\/100\n|-unboost|p2a: Palkia|spa|2\n|\n|upkeep\n|turn|21\n|\n|t:|1699121470\n|switch|p1a: Magearna|Magearna|12\/100\n|-damage|p1a: Magearna|0 fnt|[from] Spikes\n|faint|p1a: Magearna\n|move|p2a: Palkia|Spacial Rend|p1: Magearna|[notarget]\n|-fail|p2a: Palkia\n|\n|upkeep\n|\n|t:|1699121474\n|switch|p1a: Sneasler|Sneasler, M|88\/100\n|-damage|p1a: Sneasler|76\/100|[from] Spikes\n|turn|22\n|\n|t:|1699121486\n|switch|p2a: Slowking|Slowking-Galar, M|100\/100\n|move|p1a: Sneasler|Close Combat|p2a: Slowking\n|-resisted|p2a: Slowking\n|-damage|p2a: Slowking|83\/100\n|-unboost|p1a: Sneasler|def|1\n|-unboost|p1a: Sneasler|spd|1\n|\n|upkeep\n|turn|23\n|\n|t:|1699121495\n|switch|p1a: Cyclizar|Cyclizar, F|100\/100\n|move|p2a: Slowking|Sludge Bomb|p1a: Cyclizar\n|-damage|p1a: Cyclizar|56\/100\n|\n|upkeep\n|turn|24\n|\n|t:|1699121504\n|move|p1a: Cyclizar|Taunt|p2a: Slowking\n|-start|p2a: Slowking|move: Taunt\n|move|p2a: Slowking|Future Sight|p1a: Cyclizar\n|-start|p2a: Slowking|move: Future Sight\n|\n|upkeep\n|turn|25\n|\n|t:|1699121508\n|move|p1a: Cyclizar|Shed Tail|p1a: Cyclizar\n|-start|p1a: Cyclizar|Substitute|[from] move: Shed Tail\n|-damage|p1a: Cyclizar|6\/100\n|\n|t:|1699121511\n|switch|p1a: Garganacl|Garganacl, M|100\/100|[from] Shed Tail\n|-damage|p1a: Garganacl|88\/100|[from] Spikes\n|move|p2a: Slowking|Sludge Bomb|p1a: Garganacl\n|-resisted|p1a: Garganacl\n|-activate|p1a: Garganacl|move: Substitute|[damage]\n|\n|-heal|p1a: Garganacl|94\/100|[from] item: Leftovers\n|upkeep\n|turn|26\n|\n|t:|1699121519\n|switch|p2a: Palkia|Palkia-Origin|58\/100\n|-ability|p2a: Palkia|Pressure\n|move|p1a: Garganacl|Curse|p1a: Garganacl\n|-unboost|p1a: Garganacl|spe|1\n|-boost|p1a: Garganacl|atk|1\n|-boost|p1a: Garganacl|def|1\n|\n|-end|p1a: Garganacl|move: Future Sight\n|-end|p1a: Garganacl|Substitute\n|-heal|p1a: Garganacl|100\/100|[from] item: Leftovers\n|upkeep\n|turn|27\n|\n|t:|1699121529\n|switch|p1a: Gyarados|Gyarados, F|12\/100\n|-ability|p1a: Gyarados|Intimidate|boost\n|-unboost|p2a: Palkia|atk|1\n|move|p2a: Palkia|Hydro Pump|p1a: Gyarados\n|-resisted|p1a: Gyarados\n|-damage|p1a: Gyarados|0 fnt\n|faint|p1a: Gyarados\n|\n|upkeep\n|\n|t:|1699121534\n|switch|p1a: Arceus|Arceus-Ghost, tera:Fairy|80\/100\n|-damage|p1a: Arceus|67\/100|[from] Spikes\n|turn|28\n|\n|t:|1699121540\n|switch|p2a: Magearna|Magearna|59\/100 par\n|move|p1a: Arceus|Thunder Wave|p2a: Magearna\n|-fail|p2a: Magearna|par\n|\n|-heal|p2a: Magearna|65\/100 par|[from] item: Leftovers\n|upkeep\n|turn|29\n|\n|t:|1699121544\n|move|p1a: Arceus|Hex|p2a: Magearna\n|-damage|p2a: Magearna|24\/100 par\n|cant|p2a: Magearna|par\n|\n|-heal|p2a: Magearna|30\/100 par|[from] item: Leftovers\n|upkeep\n|turn|30\n|\n|t:|1699121553\n|move|p1a: Arceus|Thunder Wave|p2a: Magearna\n|-fail|p2a: Magearna|par\n|move|p2a: Magearna|Volt Switch|p1a: Arceus\n|-damage|p1a: Arceus|53\/100\n|\n|t:|1699121554\n|switch|p2a: Cyclizar|Cyclizar, F|84\/100|[from] Volt Switch\n|\n|upkeep\n|turn|31\n|\n|t:|1699121559\n|move|p2a: Cyclizar|Taunt|p1a: Arceus\n|-start|p1a: Arceus|move: Taunt\n|cant|p1a: Arceus|move: Taunt|Recover\n|\n|upkeep\n|turn|32\n|\n|t:|1699121566\n|move|p2a: Cyclizar|Shed Tail|p2a: Cyclizar\n|-start|p2a: Cyclizar|Substitute|[from] move: Shed Tail\n|-damage|p2a: Cyclizar|33\/100\n|\n|t:|1699121570\n|switch|p2a: Palafin|Palafin-Hero, M|60\/100|[from] Shed Tail\n|move|p1a: Arceus|Hex|p2a: Palafin\n|-end|p2a: Palafin|Substitute\n|\n|upkeep\n|turn|33\n|\n|t:|1699121578\n|-terastallize|p2a: Palafin|Water\n|move|p1a: Arceus|Hex|p2a: Palafin\n|-damage|p2a: Palafin|25\/100\n|move|p2a: Palafin|Flip Turn|p1a: Arceus\n|-damage|p1a: Arceus|0 fnt\n|faint|p1a: Arceus\n|\n|t:|1699121586\n|switch|p2a: Cyclizar|Cyclizar, F|67\/100|[from] Flip Turn\n|\n|upkeep\n|\n|t:|1699121592\n|switch|p1a: Cyclizar|Cyclizar, F|40\/100\n|turn|34\n|\n|t:|1699121596\n|move|p2a: Cyclizar|Knock Off|p1a: Cyclizar\n|-damage|p1a: Cyclizar|11\/100\n|-enditem|p1a: Cyclizar|Heavy-Duty Boots|[from] move: Knock Off|[of] p2a: Cyclizar\n|move|p1a: Cyclizar|Rapid Spin|p2a: Cyclizar\n|-damage|p2a: Cyclizar|41\/100\n|-boost|p1a: Cyclizar|spe|1\n|-sideend|p1: 1P1o1s1h1e1|Spikes|[from] move: Rapid Spin|[of] p1a: Cyclizar\n|\n|upkeep\n|turn|35\n|\n|t:|1699121604\n|switch|p1a: Garganacl|Garganacl, M|100\/100\n|move|p2a: Cyclizar|Knock Off|p1a: Garganacl\n|-damage|p1a: Garganacl|89\/100\n|-enditem|p1a: Garganacl|Leftovers|[from] move: Knock Off|[of] p2a: Cyclizar\n|\n|upkeep\n|turn|36\n|\n|t:|1699121613\n|move|p2a: Cyclizar|Taunt|p1a: Garganacl\n|-start|p1a: Garganacl|move: Taunt\n|cant|p1a: Garganacl|move: Taunt|Curse\n|\n|upkeep\n|turn|37\n|\n|t:|1699121620\n|switch|p2a: Magearna|Magearna|30\/100 par\n|move|p1a: Garganacl|Salt Cure|p2a: Magearna\n|-resisted|p2a: Magearna\n|-damage|p2a: Magearna|24\/100 par\n|-start|p2a: Magearna|Salt Cure\n|\n|-heal|p2a: Magearna|30\/100 par|[from] item: Leftovers\n|-damage|p2a: Magearna|5\/100 par|[from] Salt Cure\n|upkeep\n|turn|38\n|\n|t:|1699121626\n|switch|p1a: Cyclizar|Cyclizar, F|45\/100\n|move|p2a: Magearna|Volt Switch|p1a: Cyclizar\n|-resisted|p1a: Cyclizar\n|-damage|p1a: Cyclizar|31\/100\n|\n|t:|1699121628\n|switch|p2a: Palafin|Palafin-Hero, M, tera:Water|25\/100|[from] Volt Switch\n|\n|upkeep\n|turn|39\n|c|\u26061P1o1s1h1e1|damn I think he cleans from here\n|c|\u26061P1o1s1h1e1|gg\n|c|\u2606RubenPaCe|maybe\n|-message|1P1o1s1h1e1 forfeited.\n|\n|win|RubenPaCe\n|c|\u26061P1o1s1h1e1|nah he def does\n|c|\u26061P1o1s1h1e1|banded right\n|c|\u2606RubenPaCe|yeah\n|c|\u26061P1o1s1h1e1|yeah jet punch kills\n|c|\u26061P1o1s1h1e1|everything\n|c|\u2606RubenPaCe|oh garg isn't at full\n|c|\u2606RubenPaCe|then yeah\n","uploadtime":1699121693,"views":9,"p1id":"1p1o1s1h1e1","p2id":"rubenpace","formatid":"gen9ubers","rating":0,"private":0,"password":""}