{"id":"gen9ubers-1982284226","p1":"Perazoa","p2":"Username2344","format":"[Gen 9] Ubers","log":"|j|\u2606Perazoa\n|j|\u2606Username2344\n|t:|1698989760\n|gametype|singles\n|player|p1|Perazoa|dawn|\n|player|p2|Username2344|pokemonranger-gen4|\n|teamsize|p1|6\n|teamsize|p2|6\n|gen|9\n|tier|[Gen 9] Ubers\n|rule|Sleep Clause Mod: Limit one foe put to sleep\n|rule|Species Clause: Limit one of each Pok\u00e9mon\n|rule|OHKO Clause: OHKO moves are banned\n|rule|Evasion Items Clause: Evasion items are banned\n|rule|Evasion Moves Clause: Evasion moves are banned\n|rule|Endless Battle Clause: Forcing endless battles is banned\n|rule|HP Percentage Mod: HP is shown in percentages\n|clearpoke\n|poke|p1|Froslass, F|\n|poke|p1|Grimmsnarl, M|\n|poke|p1|Miraidon|\n|poke|p1|Chien-Pao|\n|poke|p1|Flutter Mane|\n|poke|p1|Iron Moth|\n|poke|p2|Miraidon|\n|poke|p2|Koraidon|\n|poke|p2|Ribombee, M|\n|poke|p2|Chi-Yu|\n|poke|p2|Arceus-Water|\n|poke|p2|Iron Treads|\n|teampreview\n|\n|t:|1698989789\n|start\n|switch|p1a: Froslass|Froslass, F|100\/100\n|switch|p2a: Chi-Yu|Chi-Yu|100\/100\n|-ability|p2a: Chi-Yu|Beads of Ruin\n|turn|1\n|j| Greninja71\n|\n|t:|1698989813\n|switch|p1a: Grimmsnarl|Grimmsnarl, M|100\/100\n|move|p2a: Chi-Yu|Flamethrower|p1a: Grimmsnarl\n|-damage|p1a: Grimmsnarl|52\/100\n|\n|upkeep\n|turn|2\n|\n|t:|1698989825\n|move|p1a: Grimmsnarl|Light Screen|p1a: Grimmsnarl\n|-sidestart|p1: Perazoa|move: Light Screen\n|move|p2a: Chi-Yu|Flamethrower|p1a: Grimmsnarl\n|-damage|p1a: Grimmsnarl|27\/100\n|\n|upkeep\n|turn|3\n|j| Swagata2004\n|\n|t:|1698989834\n|switch|p1a: Iron Moth|Iron Moth|100\/100\n|-enditem|p1a: Iron Moth|Booster Energy\n|-activate|p1a: Iron Moth|ability: Quark Drive|[fromitem]\n|-start|p1a: Iron Moth|quarkdrivespa\n|move|p2a: Chi-Yu|Flamethrower|p1a: Iron Moth\n|-resisted|p1a: Iron Moth\n|-damage|p1a: Iron Moth|82\/100\n|\n|upkeep\n|turn|4\n|j| RnRowlets\n|\n|t:|1698989854\n|switch|p2a: Arceus|Arceus-Water|100\/100\n|move|p1a: Iron Moth|Agility|p1a: Iron Moth\n|-boost|p1a: Iron Moth|spe|2\n|\n|upkeep\n|turn|5\n|\n|t:|1698989867\n|move|p1a: Iron Moth|Fiery Dance|p2a: Arceus\n|-resisted|p2a: Arceus\n|-damage|p2a: Arceus|80\/100\n|move|p2a: Arceus|Judgment|p1a: Iron Moth\n|-supereffective|p1a: Iron Moth\n|-damage|p1a: Iron Moth|34\/100\n|\n|upkeep\n|turn|6\n|\n|t:|1698989893\n|-end|p1a: Iron Moth|Quark Drive|[silent]\n|switch|p1a: Miraidon|Miraidon|100\/100\n|-fieldstart|move: Electric Terrain|[from] ability: Hadron Engine|[of] p1a: Miraidon\n|move|p2a: Arceus|Judgment|p1a: Miraidon\n|-resisted|p1a: Miraidon\n|-damage|p1a: Miraidon|91\/100\n|\n|-heal|p1a: Miraidon|97\/100|[from] item: Leftovers\n|upkeep\n|turn|7\n|\n|t:|1698989916\n|switch|p1a: Iron Moth|Iron Moth|34\/100\n|-activate|p1a: Iron Moth|ability: Quark Drive\n|-start|p1a: Iron Moth|quarkdrivespa\n|move|p2a: Arceus|Recover|p2a: Arceus\n|-heal|p2a: Arceus|100\/100\n|\n|upkeep\n|turn|8\n|\n|t:|1698989930\n|-end|p1a: Iron Moth|Quark Drive|[silent]\n|switch|p1a: Miraidon|Miraidon|97\/100\n|-activate|p1a: Miraidon|ability: Hadron Engine\n|move|p2a: Arceus|Ice Beam|p1a: Miraidon\n|-supereffective|p1a: Miraidon\n|-damage|p1a: Miraidon|78\/100\n|\n|-heal|p1a: Miraidon|84\/100|[from] item: Leftovers\n|upkeep\n|turn|9\n|\n|t:|1698989941\n|switch|p2a: Iron Treads|Iron Treads|100\/100\n|-activate|p2a: Iron Treads|ability: Quark Drive\n|-start|p2a: Iron Treads|quarkdrivespe\n|move|p1a: Miraidon|Parabolic Charge|p2a: Iron Treads\n|-immune|p2a: Iron Treads\n|\n|-heal|p1a: Miraidon|90\/100|[from] item: Leftovers\n|-sideend|p1: Perazoa|move: Light Screen\n|upkeep\n|turn|10\n|\n|t:|1698989953\n|switch|p1a: Grimmsnarl|Grimmsnarl, M|27\/100\n|move|p2a: Iron Treads|Earthquake|p1a: Grimmsnarl\n|-damage|p1a: Grimmsnarl|0 fnt\n|faint|p1a: Grimmsnarl\n|\n|-fieldend|move: Electric Terrain\n|-end|p2a: Iron Treads|Quark Drive\n|upkeep\n|\n|t:|1698989960\n|switch|p1a: Iron Moth|Iron Moth|34\/100\n|turn|11\n|\n|t:|1698989987\n|-end|p2a: Iron Treads|Quark Drive|[silent]\n|switch|p2a: Arceus|Arceus-Water|100\/100\n|move|p1a: Iron Moth|Fiery Dance|p2a: Arceus\n|-resisted|p2a: Arceus\n|-damage|p2a: Arceus|84\/100\n|\n|upkeep\n|turn|12\n|\n|t:|1698989998\n|move|p2a: Arceus|Judgment|p1a: Iron Moth\n|-supereffective|p1a: Iron Moth\n|-crit|p1a: Iron Moth\n|-damage|p1a: Iron Moth|0 fnt\n|faint|p1a: Iron Moth\n|-end|p1a: Iron Moth|Quark Drive|[silent]\n|\n|upkeep\n|\n|t:|1698990014\n|switch|p1a: Miraidon|Miraidon|90\/100\n|-fieldstart|move: Electric Terrain|[from] ability: Hadron Engine|[of] p1a: Miraidon\n|turn|13\n|c|\u2606Perazoa|yeah this seems unwinnable\n|c|\u2606Perazoa|gg\n|\n|t:|1698990051\n|move|p2a: Arceus|Ice Beam|p1a: Miraidon\n|-supereffective|p1a: Miraidon\n|-damage|p1a: Miraidon|52\/100\n|move|p1a: Miraidon|Calm Mind|p1a: Miraidon\n|-boost|p1a: Miraidon|spa|1\n|-boost|p1a: Miraidon|spd|1\n|\n|-heal|p1a: Miraidon|58\/100|[from] item: Leftovers\n|upkeep\n|turn|14\n|\n|t:|1698990060\n|switch|p2a: Iron Treads|Iron Treads|100\/100\n|-activate|p2a: Iron Treads|ability: Quark Drive\n|-start|p2a: Iron Treads|quarkdrivespe\n|move|p1a: Miraidon|Parabolic Charge|p2a: Iron Treads\n|-immune|p2a: Iron Treads\n|\n|-heal|p1a: Miraidon|65\/100|[from] item: Leftovers\n|upkeep\n|turn|15\n|\n|t:|1698990072\n|-terastallize|p1a: Miraidon|Fairy\n|move|p2a: Iron Treads|Earthquake|p1a: Miraidon\n|-damage|p1a: Miraidon|32\/100\n|move|p1a: Miraidon|Dazzling Gleam|p2a: Iron Treads\n|-resisted|p2a: Iron Treads\n|-damage|p2a: Iron Treads|67\/100\n|\n|-heal|p1a: Miraidon|38\/100|[from] item: Leftovers\n|upkeep\n|turn|16\n|\n|t:|1698990081\n|switch|p1a: Froslass|Froslass, F|100\/100\n|move|p2a: Iron Treads|Iron Head|p1a: Froslass\n|-supereffective|p1a: Froslass\n|-enditem|p1a: Froslass|Focus Sash\n|-damage|p1a: Froslass|1\/100\n|\n|upkeep\n|turn|17\n|\n|t:|1698990088\n|move|p2a: Iron Treads|Earthquake|p1a: Froslass\n|-damage|p1a: Froslass|0 fnt\n|faint|p1a: Froslass\n|\n|-fieldend|move: Electric Terrain\n|-end|p2a: Iron Treads|Quark Drive\n|upkeep\n|c|\u2606Perazoa|gg\n|-message|Perazoa forfeited.\n|\n|win|Username2344\n|l|\u2606Perazoa\n|l|\u2606Username2344\n|l| Greninja71\n|l| RnRowlets\n|j|\u2606Username2344\n|player|p2|Username2344|pokemonranger-gen4\n","uploadtime":1698990122,"views":23,"p1id":"perazoa","p2id":"username2344","formatid":"gen9ubers","rating":0,"private":0,"password":""}