{"id":"gen9ubers-1970831304","p1":"Yardrok","p2":"LiquidPlazmid77","format":"[Gen 9] Ubers","log":"|j|\u2606Yardrok\n|j|\u2606LiquidPlazmid77\n|t:|1697671610\n|gametype|singles\n|player|p1|Yardrok|doctor|\n|player|p2|LiquidPlazmid77|nate|\n|teamsize|p1|6\n|teamsize|p2|6\n|gen|9\n|tier|[Gen 9] Ubers\n|rule|Sleep Clause Mod: Limit one foe put to sleep\n|rule|Species Clause: Limit one of each Pok\u00e9mon\n|rule|OHKO Clause: OHKO moves are banned\n|rule|Evasion Items Clause: Evasion items are banned\n|rule|Evasion Moves Clause: Evasion moves are banned\n|rule|Endless Battle Clause: Forcing endless battles is banned\n|rule|HP Percentage Mod: HP is shown in percentages\n|clearpoke\n|poke|p1|Annihilape, M|\n|poke|p1|Samurott-Hisui, F|\n|poke|p1|Muk, F|\n|poke|p1|Golduck, M|\n|poke|p1|Pelipper, M|\n|poke|p1|Electrode-Hisui|\n|poke|p2|Iron Bundle|\n|poke|p2|Ogerpon-Hearthflame, F|\n|poke|p2|Sylveon, F|\n|poke|p2|Sandy Shocks|\n|poke|p2|Maushold-Four|\n|poke|p2|Vikavolt, M|\n|teampreview\n|inactive|Battle timer is ON: inactive players will automatically lose when time's up. (requested by Yardrok)\n|j| twinbear\n|inactive|LiquidPlazmid77 has 270 seconds left.\n|inactiveoff|Battle timer is now OFF.\n|j| NotADragonTrainer\n|inactive|Battle timer is ON: inactive players will automatically lose when time's up. (requested by Yardrok)\n|\n|t:|1697671704\n|start\n|switch|p1a: Samurott|Samurott-Hisui, F|100\/100\n|switch|p2a: The Arbiter|Vikavolt, M|100\/100\n|turn|1\n|\n|t:|1697671718\n|move|p1a: Samurott|Flip Turn|p2a: The Arbiter\n|-damage|p2a: The Arbiter|62\/100\n|\n|t:|1697671723\n|switch|p1a: Muk|Muk, F|100\/100|[from] Flip Turn\n|move|p2a: The Arbiter|Sticky Web|p1a: Muk\n|-sidestart|p1: Yardrok|move: Sticky Web\n|\n|-heal|p2a: The Arbiter|68\/100|[from] item: Leftovers\n|upkeep\n|turn|2\n|inactive|LiquidPlazmid77 has 270 seconds left.\n|\n|t:|1697671755\n|switch|p2a: 343 Guilty Spark|Sandy Shocks, shiny|100\/100\n|move|p1a: Muk|Knock Off|p2a: 343 Guilty Spark\n|-damage|p2a: 343 Guilty Spark|75\/100\n|-enditem|p2a: 343 Guilty Spark|Expert Belt|[from] move: Knock Off|[of] p1a: Muk\n|\n|upkeep\n|turn|3\n|\n|t:|1697671765\n|move|p2a: 343 Guilty Spark|Stealth Rock|p1a: Muk\n|-sidestart|p1: Yardrok|move: Stealth Rock\n|move|p1a: Muk|Giga Drain|p2a: 343 Guilty Spark\n|-supereffective|p2a: 343 Guilty Spark\n|-damage|p2a: 343 Guilty Spark|29\/100\n|\n|upkeep\n|turn|4\n|inactive|LiquidPlazmid77 has 270 seconds left.\n|\n|t:|1697671781\n|move|p2a: 343 Guilty Spark|Earth Power|p1a: Muk\n|-supereffective|p1a: Muk\n|-damage|p1a: Muk|57\/100\n|move|p1a: Muk|Fire Blast|p2a: 343 Guilty Spark\n|-damage|p2a: 343 Guilty Spark|0 fnt\n|faint|p2a: 343 Guilty Spark\n|-end|p2a: 343 Guilty Spark|Protosynthesis|[silent]\n|\n|upkeep\n|inactive|LiquidPlazmid77 has 270 seconds left.\n|\n|t:|1697671795\n|switch|p2a: Flipyap|Maushold-Four, shiny|100\/100\n|turn|5\n|inactive|LiquidPlazmid77 has 270 seconds left.\n|\n|t:|1697671814\n|switch|p1a: Annihilape|Annihilape, M|100\/100\n|-activate|p1a: Annihilape|move: Sticky Web\n|-unboost|p1a: Annihilape|spe|1\n|-ability|p1a: Annihilape|Defiant|boost\n|-boost|p1a: Annihilape|atk|2\n|-damage|p1a: Annihilape|94\/100|[from] Stealth Rock\n|move|p2a: Flipyap|Population Bomb|p1a: Annihilape\n|-immune|p1a: Annihilape\n|\n|upkeep\n|turn|6\n|inactive|LiquidPlazmid77 has 240 seconds left.\n|\n|t:|1697671845\n|-terastallize|p2a: Flipyap|Ghost\n|move|p2a: Flipyap|Shadow Claw|p1a: Annihilape\n|-supereffective|p1a: Annihilape\n|-damage|p1a: Annihilape|48\/100\n|move|p1a: Annihilape|U-turn|p2a: Flipyap\n|-resisted|p2a: Flipyap\n|-damage|p2a: Flipyap|69\/100\n|inactive|Yardrok has 270 seconds left.\n|c| NotADragonTrainer|THATS MY FAMILY LETS GOOOOOOOOOOOOO\n|\n|t:|1697671863\n|switch|p1a: Pelipper|Pelipper, M|100\/100|[from] U-turn\n|-damage|p1a: Pelipper|76\/100|[from] Stealth Rock\n|-weather|RainDance|[from] ability: Drizzle|[of] p1a: Pelipper\n|\n|-weather|RainDance|[upkeep]\n|upkeep\n|turn|7\n|\n|t:|1697671871\n|move|p2a: Flipyap|Population Bomb|p1a: Pelipper\n|-damage|p1a: Pelipper|67\/100\n|-damage|p2a: Flipyap|53\/100|[from] item: Rocky Helmet|[of] p1a: Pelipper\n|-damage|p1a: Pelipper|58\/100\n|-damage|p2a: Flipyap|37\/100|[from] item: Rocky Helmet|[of] p1a: Pelipper\n|-damage|p1a: Pelipper|49\/100\n|-damage|p2a: Flipyap|20\/100|[from] item: Rocky Helmet|[of] p1a: Pelipper\n|-damage|p1a: Pelipper|40\/100\n|-damage|p2a: Flipyap|4\/100|[from] item: Rocky Helmet|[of] p1a: Pelipper\n|-damage|p1a: Pelipper|31\/100\n|-damage|p2a: Flipyap|0 fnt|[from] item: Rocky Helmet|[of] p1a: Pelipper\n|faint|p2a: Flipyap\n|-hitcount|p1a: Pelipper|5\n|move|p1a: Pelipper|Roost|p1a: Pelipper\n|-heal|p1a: Pelipper|81\/100\n|-singleturn|p1a: Pelipper|move: Roost\n|\n|-weather|RainDance|[upkeep]\n|upkeep\n|inactive|LiquidPlazmid77 has 240 seconds left.\n|\n|t:|1697671903\n|switch|p2a: Master Chief|Iron Bundle, shiny|100\/100\n|-enditem|p2a: Master Chief|Booster Energy\n|-activate|p2a: Master Chief|ability: Quark Drive|[fromitem]\n|-start|p2a: Master Chief|quarkdrivespe\n|turn|8\n|\n|t:|1697671921\n|move|p2a: Master Chief|Substitute|p2a: Master Chief\n|-start|p2a: Master Chief|Substitute\n|-damage|p2a: Master Chief|76\/100\n|move|p1a: Pelipper|Hurricane|p2a: Master Chief\n|-end|p2a: Master Chief|Substitute\n|\n|-weather|RainDance|[upkeep]\n|upkeep\n|turn|9\n|\n|t:|1697671928\n|move|p2a: Master Chief|Freeze-Dry|p1a: Pelipper\n|-supereffective|p1a: Pelipper\n|-damage|p1a: Pelipper|0 fnt\n|faint|p1a: Pelipper\n|\n|-weather|RainDance|[upkeep]\n|upkeep\n|\n|t:|1697671938\n|switch|p1a: Muk|Muk, F|57\/100\n|-activate|p1a: Muk|move: Sticky Web\n|-unboost|p1a: Muk|spe|1\n|-damage|p1a: Muk|44\/100|[from] Stealth Rock\n|turn|10\n|inactive|LiquidPlazmid77 has 240 seconds left.\n|\n|t:|1697671943\n|move|p2a: Master Chief|Substitute|p2a: Master Chief\n|-start|p2a: Master Chief|Substitute\n|-damage|p2a: Master Chief|51\/100\n|move|p1a: Muk|Giga Drain|p2a: Master Chief\n|-supereffective|p2a: Master Chief\n|-end|p2a: Master Chief|Substitute\n|-heal|p1a: Muk|52\/100|[from] drain|[of] p2a: Master Chief\n|\n|-weather|none\n|upkeep\n|turn|11\n|inactive|LiquidPlazmid77 has 240 seconds left.\n|j| Keyloada\n|\n|t:|1697671972\n|-end|p2a: Master Chief|Quark Drive|[silent]\n|switch|p2a: The Arbiter|Vikavolt, M|68\/100\n|move|p1a: Muk|Sludge Bomb|p2a: The Arbiter\n|-damage|p2a: The Arbiter|28\/100\n|\n|-heal|p2a: The Arbiter|34\/100|[from] item: Leftovers\n|upkeep\n|turn|12\n|\n|t:|1697671994\n|switch|p1a: Electrode|Electrode-Hisui|100\/100\n|-activate|p1a: Electrode|move: Sticky Web\n|-unboost|p1a: Electrode|spe|1\n|-enditem|p1a: Electrode|Eject Pack\n|-damage|p1a: Electrode|88\/100|[from] Stealth Rock\n|inactive|Yardrok has 270 seconds left.\n|\n|t:|1697672019\n|switch|p1a: Annihilape|Annihilape, M|48\/100\n|-activate|p1a: Annihilape|move: Sticky Web\n|-unboost|p1a: Annihilape|spe|1\n|-ability|p1a: Annihilape|Defiant|boost\n|-boost|p1a: Annihilape|atk|2\n|-damage|p1a: Annihilape|42\/100|[from] Stealth Rock\n|move|p2a: The Arbiter|Thunderbolt|p1a: Annihilape\n|-damage|p1a: Annihilape|0 fnt\n|faint|p1a: Annihilape\n|\n|-heal|p2a: The Arbiter|40\/100|[from] item: Leftovers\n|upkeep\n|\n|t:|1697672046\n|switch|p1a: Golduck|Golduck, M|100\/100\n|-activate|p1a: Golduck|move: Sticky Web\n|-unboost|p1a: Golduck|spe|1\n|-damage|p1a: Golduck|88\/100|[from] Stealth Rock\n|turn|13\n|\n|t:|1697672054\n|-terastallize|p1a: Golduck|Electric\n|move|p2a: The Arbiter|Thunderbolt|p1a: Golduck\n|-resisted|p1a: Golduck\n|-damage|p1a: Golduck|55\/100\n|move|p1a: Golduck|Surf|p2a: The Arbiter\n|-damage|p2a: The Arbiter|0 fnt\n|faint|p2a: The Arbiter\n|-damage|p1a: Golduck|45\/100|[from] item: Life Orb\n|\n|upkeep\n|c| Keyloada|Sick move\n|inactive|LiquidPlazmid77 has 240 seconds left.\n|c| NotADragonTrainer|hiiii david\n|\n|t:|1697672070\n|switch|p2a: Gravemind|Ogerpon-Hearthflame, F|100\/100\n|-ability|p2a: Gravemind|Mold Breaker\n|turn|14\n|\n|t:|1697672075\n|move|p2a: Gravemind|Ivy Cudgel|p1a: Golduck\n|-damage|p1a: Golduck|0 fnt\n|faint|p1a: Golduck\n|\n|upkeep\n|\n|t:|1697672077\n|switch|p1a: Electrode|Electrode-Hisui|88\/100\n|-activate|p1a: Electrode|move: Sticky Web\n|-unboost|p1a: Electrode|spe|1\n|-damage|p1a: Electrode|76\/100|[from] Stealth Rock\n|turn|15\n|c| Keyloada|Hi, I'm watching this while playing Pokemon DND\n|inactive|Yardrok has 270 seconds left.\n|\n|t:|1697672089\n|move|p2a: Gravemind|Ivy Cudgel|p1a: Electrode\n|-supereffective|p1a: Electrode\n|-damage|p1a: Electrode|0 fnt\n|faint|p1a: Electrode\n|\n|upkeep\n|c| NotADragonTrainer|yes\n|\n|t:|1697672091\n|switch|p1a: Samurott|Samurott-Hisui, F|100\/100\n|-activate|p1a: Samurott|move: Sticky Web\n|-unboost|p1a: Samurott|spe|1\n|-damage|p1a: Samurott|88\/100|[from] Stealth Rock\n|turn|16\n|\n|t:|1697672101\n|move|p2a: Gravemind|Horn Leech|p1a: Samurott\n|-supereffective|p1a: Samurott\n|-damage|p1a: Samurott|0 fnt\n|faint|p1a: Samurott\n|\n|upkeep\n|\n|t:|1697672103\n|switch|p1a: Muk|Muk, F|52\/100\n|-activate|p1a: Muk|move: Sticky Web\n|-unboost|p1a: Muk|spe|1\n|-damage|p1a: Muk|40\/100|[from] Stealth Rock\n|turn|17\n|c| NotADragonTrainer|sadge\n|-message|Yardrok forfeited.\n|\n|win|LiquidPlazmid77\n|l|\u2606Yardrok\n","uploadtime":1697672118,"views":25,"p1id":"yardrok","p2id":"liquidplazmid77","formatid":"gen9ubers","rating":0,"private":0,"password":""}