{"id":"gen9ubers-1979699954","p1":"Zapdos Zappers","p2":"PTREevee","format":"[Gen 9] Ubers","log":"|j|\u2606Zapdos Zappers\n|j|\u2606PTREevee\n|t:|1698704491\n|gametype|singles\n|player|p1|Zapdos Zappers|266|\n|player|p2|PTREevee|265|\n|teamsize|p1|6\n|teamsize|p2|6\n|gen|9\n|tier|[Gen 9] Ubers\n|rule|Sleep Clause Mod: Limit one foe put to sleep\n|rule|Species Clause: Limit one of each Pok\u00e9mon\n|rule|OHKO Clause: OHKO moves are banned\n|rule|Evasion Items Clause: Evasion items are banned\n|rule|Evasion Moves Clause: Evasion moves are banned\n|rule|Endless Battle Clause: Forcing endless battles is banned\n|rule|HP Percentage Mod: HP is shown in percentages\n|clearpoke\n|poke|p1|Garchomp, M|\n|poke|p1|Scream Tail|\n|poke|p1|Inteleon, M|\n|poke|p1|Volcanion|\n|poke|p1|Iron Hands|\n|poke|p1|Whiscash, F|\n|poke|p2|Basculegion, M|\n|poke|p2|Iron Bundle|\n|poke|p2|Pelipper, M|\n|poke|p2|Forretress, F|\n|poke|p2|Mudsdale, M|\n|poke|p2|Kilowattrel, M|\n|teampreview\n|c|\u2606Zapdos Zappers|Hello\n|c|\u2606PTREevee|Yo\n|c|\u2606Zapdos Zappers|Mike's joining shortly\n|j| Talonflameredwings\n|c| Talonflameredwings|best of luck ladies and gentiles!\n|j| FerrothornFembots\n|c|\u2606Zapdos Zappers|and there he is lol\n|c|\u2606Zapdos Zappers|Ready to go?\n|c|\u2606PTREevee|yup\n|c| FerrothornFembots|Heyyo! Good Luck Have fun\n|c| FerrothornFembots|!\n|c|\u2606PTREevee|gl\n|c|\u2606Zapdos Zappers|k,good luck!\n|\n|t:|1698704589\n|start\n|switch|p1a: Scream Tail|Scream Tail|100\/100\n|switch|p2a: Pelipper|Pelipper, M, shiny|100\/100\n|-weather|RainDance|[from] ability: Drizzle|[of] p2a: Pelipper\n|turn|1\n|\n|t:|1698704625\n|move|p1a: Scream Tail|Stealth Rock|p2a: Pelipper\n|-sidestart|p2: PTREevee|move: Stealth Rock\n|move|p2a: Pelipper|U-turn|p1a: Scream Tail\n|-damage|p1a: Scream Tail|94\/100\n|\n|t:|1698704634\n|switch|p2a: Forretress|Forretress, F|100\/100|[from] U-turn\n|-damage|p2a: Forretress|88\/100|[from] Stealth Rock\n|\n|-weather|RainDance|[upkeep]\n|-heal|p2a: Forretress|94\/100|[from] item: Leftovers\n|upkeep\n|turn|2\n|\n|t:|1698704659\n|move|p2a: Forretress|Toxic Spikes|p1a: Scream Tail\n|-sidestart|p1: Zapdos Zappers|move: Toxic Spikes\n|move|p1a: Scream Tail|Trick Room|p1a: Scream Tail\n|-fieldstart|move: Trick Room|[of] p1a: Scream Tail\n|\n|-weather|RainDance|[upkeep]\n|-heal|p2a: Forretress|100\/100|[from] item: Leftovers\n|upkeep\n|turn|3\n|\n|t:|1698704690\n|-end|p1a: Scream Tail|Protosynthesis|[silent]\n|switch|p1a: Volcanion|Volcanion|100\/100\n|move|p2a: Forretress|Toxic Spikes|p1a: Volcanion\n|-sidestart|p1: Zapdos Zappers|move: Toxic Spikes\n|\n|-weather|RainDance|[upkeep]\n|upkeep\n|turn|4\n|\n|t:|1698704754\n|move|p2a: Forretress|Volt Switch|p1a: Volcanion\n|-supereffective|p1a: Volcanion\n|-damage|p1a: Volcanion|80\/100\n|\n|t:|1698704824\n|switch|p2a: Mudsdale|Mudsdale, M|100\/100|[from] Volt Switch\n|-damage|p2a: Mudsdale|94\/100|[from] Stealth Rock\n|move|p1a: Volcanion|Steam Eruption|p2a: Mudsdale\n|-supereffective|p2a: Mudsdale\n|-damage|p2a: Mudsdale|0 fnt\n|faint|p2a: Mudsdale\n|\n|-weather|RainDance|[upkeep]\n|upkeep\n|\n|t:|1698704873\n|switch|p2a: Forretress|Forretress, F|100\/100\n|-damage|p2a: Forretress|88\/100|[from] Stealth Rock\n|turn|5\n|\n|t:|1698704881\n|move|p2a: Forretress|Rapid Spin|p1a: Volcanion\n|-damage|p1a: Volcanion|71\/100\n|-boost|p2a: Forretress|spe|1\n|-sideend|p2: PTREevee|Stealth Rock|[from] move: Rapid Spin|[of] p2a: Forretress\n|move|p1a: Volcanion|Flamethrower|p2a: Forretress\n|-supereffective|p2a: Forretress\n|-damage|p2a: Forretress|0 fnt\n|faint|p2a: Forretress\n|\n|-weather|RainDance|[upkeep]\n|upkeep\n|\n|t:|1698704902\n|switch|p2a: Basculegion|Basculegion, M, shiny|100\/100\n|turn|6\n|\n|t:|1698704920\n|move|p1a: Volcanion|Thunder Fang|p2a: Basculegion|[miss]\n|-miss|p1a: Volcanion|p2a: Basculegion\n|move|p2a: Basculegion|Last Respects|p1a: Volcanion\n|-damage|p1a: Volcanion|0 fnt\n|faint|p1a: Volcanion\n|\n|-weather|RainDance|[upkeep]\n|-fieldend|move: Trick Room\n|upkeep\n|\n|t:|1698704947\n|switch|p1a: Iron Hands|Iron Hands|100\/100\n|-item|p1a: Iron Hands|Air Balloon\n|turn|7\n|\n|t:|1698705007\n|switch|p2a: Kilowattrel|Kilowattrel, M|100\/100\n|move|p1a: Iron Hands|Swords Dance|p1a: Iron Hands\n|-boost|p1a: Iron Hands|atk|2\n|\n|-weather|RainDance|[upkeep]\n|upkeep\n|turn|8\n|\n|t:|1698705048\n|move|p2a: Kilowattrel|Hurricane|p1a: Iron Hands\n|-damage|p1a: Iron Hands|56\/100\n|-start|p1a: Iron Hands|confusion\n|-enditem|p1a: Iron Hands|Air Balloon\n|-activate|p1a: Iron Hands|confusion\n|-damage|p1a: Iron Hands|35\/100|[from] confusion\n|\n|-weather|none\n|upkeep\n|turn|9\n|\n|t:|1698705096\n|-end|p1a: Iron Hands|Quark Drive|[silent]\n|switch|p1a: Scream Tail|Scream Tail|94\/100\n|-status|p1a: Scream Tail|tox\n|move|p2a: Kilowattrel|Hurricane|p1a: Scream Tail\n|-damage|p1a: Scream Tail|67\/100 tox\n|-start|p1a: Scream Tail|confusion\n|\n|-damage|p1a: Scream Tail|61\/100 tox|[from] psn\n|upkeep\n|turn|10\n|\n|t:|1698705150\n|switch|p2a: Iron Bundle|Iron Bundle|100\/100\n|-activate|p1a: Scream Tail|confusion\n|move|p1a: Scream Tail|Trick Room|p1a: Scream Tail\n|-fieldstart|move: Trick Room|[of] p1a: Scream Tail\n|\n|-damage|p1a: Scream Tail|48\/100 tox|[from] psn\n|upkeep\n|-enditem|p1a: Scream Tail|Sitrus Berry|[eat]\n|-heal|p1a: Scream Tail|73\/100 tox|[from] item: Sitrus Berry\n|turn|11\n|\n|t:|1698705216\n|-activate|p1a: Scream Tail|confusion\n|-damage|p1a: Scream Tail|70\/100 tox|[from] confusion\n|move|p2a: Iron Bundle|Freeze-Dry|p1a: Scream Tail\n|-damage|p1a: Scream Tail|40\/100 tox\n|\n|-damage|p1a: Scream Tail|21\/100 tox|[from] psn\n|upkeep\n|turn|12\n|\n|t:|1698705226\n|-end|p1a: Scream Tail|confusion\n|move|p1a: Scream Tail|Stealth Rock|p2a: Iron Bundle\n|-sidestart|p2: PTREevee|move: Stealth Rock\n|move|p2a: Iron Bundle|Freeze-Dry|p1a: Scream Tail\n|-damage|p1a: Scream Tail|0 fnt\n|faint|p1a: Scream Tail\n|-end|p1a: Scream Tail|Protosynthesis|[silent]\n|\n|upkeep\n|\n|t:|1698705249\n|switch|p1a: Iron Hands|Iron Hands|35\/100\n|-status|p1a: Iron Hands|tox\n|turn|13\n|\n|t:|1698705303\n|move|p1a: Iron Hands|Drain Punch|p2a: Iron Bundle\n|-supereffective|p2a: Iron Bundle\n|-damage|p2a: Iron Bundle|0 fnt\n|-heal|p1a: Iron Hands|59\/100 tox|[from] drain|[of] p2a: Iron Bundle\n|faint|p2a: Iron Bundle\n|-end|p2a: Iron Bundle|Quark Drive|[silent]\n|\n|-damage|p1a: Iron Hands|53\/100 tox|[from] psn\n|upkeep\n|\n|t:|1698705316\n|switch|p2a: Pelipper|Pelipper, M, shiny|100\/100\n|-damage|p2a: Pelipper|76\/100|[from] Stealth Rock\n|-weather|RainDance|[from] ability: Drizzle|[of] p2a: Pelipper\n|turn|14\n|\n|t:|1698705360\n|switch|p2a: Kilowattrel|Kilowattrel, M|100\/100\n|move|p1a: Iron Hands|Ice Punch|p2a: Kilowattrel\n|-supereffective|p2a: Kilowattrel\n|-damage|p2a: Kilowattrel|0 fnt\n|faint|p2a: Kilowattrel\n|\n|-weather|RainDance|[upkeep]\n|-damage|p1a: Iron Hands|41\/100 tox|[from] psn\n|-fieldend|move: Trick Room\n|upkeep\n|\n|t:|1698705369\n|switch|p2a: Basculegion|Basculegion, M, shiny|100\/100\n|-damage|p2a: Basculegion|88\/100|[from] Stealth Rock\n|turn|15\n|\n|t:|1698705386\n|move|p2a: Basculegion|Last Respects|p1a: Iron Hands\n|-damage|p1a: Iron Hands|0 fnt\n|faint|p1a: Iron Hands\n|-end|p1a: Iron Hands|Quark Drive|[silent]\n|\n|-weather|RainDance|[upkeep]\n|upkeep\n|\n|t:|1698705412\n|switch|p1a: Whiscash|Whiscash, F|100\/100\n|-status|p1a: Whiscash|tox\n|turn|16\n|\n|t:|1698705430\n|move|p2a: Basculegion|Last Respects|p1a: Whiscash\n|-damage|p1a: Whiscash|0 fnt\n|faint|p1a: Whiscash\n|\n|-weather|RainDance|[upkeep]\n|upkeep\n|\n|t:|1698705459\n|switch|p1a: Inteleon|Inteleon, M|100\/100\n|-status|p1a: Inteleon|tox\n|turn|17\n|\n|t:|1698705465\n|move|p2a: Basculegion|Last Respects|p1a: Inteleon\n|-damage|p1a: Inteleon|0 fnt\n|faint|p1a: Inteleon\n|\n|-weather|RainDance|[upkeep]\n|upkeep\n|\n|t:|1698705490\n|switch|p1a: Garchomp|Garchomp, M|100\/100\n|-status|p1a: Garchomp|tox\n|turn|18\n|\n|t:|1698705509\n|move|p2a: Basculegion|Last Respects|p1a: Garchomp\n|-damage|p1a: Garchomp|0 fnt\n|faint|p1a: Garchomp\n|\n|win|PTREevee\n|c|\u2606Zapdos Zappers|GG\n|c| FerrothornFembots|GG\n|c|\u2606PTREevee|gg!\n|c| FerrothornFembots|WOO!\n|c| FerrothornFembots|what a battle boys\n|c| Talonflameredwings|GG guys!\n","uploadtime":1698705524,"views":30,"p1id":"zapdoszappers","p2id":"ptreevee","formatid":"gen9ubers","rating":0,"private":0,"password":""}