{"id":"gen9ubers-1969274658","p1":"TRaSHiNSeCT","p2":"godiamsosorry","format":"[Gen 9] Ubers","log":"|j|\u2606TRaSHiNSeCT\n|j|\u2606godiamsosorry\n|t:|1697508653\n|gametype|singles\n|player|p1|TRaSHiNSeCT|workerice|\n|player|p2|godiamsosorry|scientistf|\n|teamsize|p1|6\n|teamsize|p2|6\n|gen|9\n|tier|[Gen 9] Ubers\n|rule|Sleep Clause Mod: Limit one foe put to sleep\n|rule|Species Clause: Limit one of each Pok\u00e9mon\n|rule|OHKO Clause: OHKO moves are banned\n|rule|Evasion Items Clause: Evasion items are banned\n|rule|Evasion Moves Clause: Evasion moves are banned\n|rule|Endless Battle Clause: Forcing endless battles is banned\n|rule|HP Percentage Mod: HP is shown in percentages\n|clearpoke\n|poke|p1|Slowking-Galar, M|\n|poke|p1|Clefable, M|\n|poke|p1|Moltres|\n|poke|p1|Greninja-*, F|\n|poke|p1|Basculegion, M|\n|poke|p1|Palafin, M|\n|poke|p2|Slowking-Galar, F|\n|poke|p2|Decidueye, M|\n|poke|p2|Medicham, M|\n|poke|p2|Landorus-Therian, M|\n|poke|p2|Zapdos|\n|poke|p2|Samurott-Hisui, M|\n|teampreview\n|\n|t:|1697508662\n|start\n|switch|p1a: Palafin|Palafin, M|100\/100\n|switch|p2a: Samurott|Samurott-Hisui, M|100\/100\n|turn|1\n|\n|t:|1697508670\n|detailschange|p1a: Palafin|Palafin-Hero, M\n|switch|p1a: Greninja|Greninja, F|100\/100\n|move|p2a: Samurott|Air Slash|p1a: Greninja\n|-damage|p1a: Greninja|27\/100\n|\n|upkeep\n|turn|2\n|\n|t:|1697508677\n|switch|p2a: Zapdos|Zapdos|100\/100\n|move|p1a: Greninja|U-turn|p2a: Zapdos\n|-start|p1a: Greninja|typechange|Bug|[from] ability: Protean\n|-resisted|p2a: Zapdos\n|-damage|p2a: Zapdos|77\/100\n|\n|t:|1697508688\n|switch|p1a: Basculegion|Basculegion, M|100\/100|[from] U-turn\n|\n|upkeep\n|turn|3\n|\n|t:|1697508692\n|move|p2a: Zapdos|Wild Charge|p1a: Basculegion\n|-supereffective|p1a: Basculegion\n|-damage|p1a: Basculegion|1\/100\n|-damage|p2a: Zapdos|52\/100|[from] Recoil\n|move|p1a: Basculegion|Shadow Ball|p2a: Zapdos\n|-damage|p2a: Zapdos|0 fnt\n|faint|p2a: Zapdos\n|\n|upkeep\n|\n|t:|1697508699\n|switch|p2a: Samurott|Samurott-Hisui, M|100\/100\n|turn|4\n|\n|t:|1697508707\n|switch|p1a: Clefable|Clefable, M|100\/100\n|move|p2a: Samurott|Air Slash|p1a: Clefable\n|-damage|p1a: Clefable|51\/100\n|\n|-heal|p1a: Clefable|57\/100|[from] item: Leftovers\n|upkeep\n|turn|5\n|\n|t:|1697508717\n|switch|p2a: Decidueye|Decidueye, M|100\/100\n|switch|p1a: Slowking|Slowking-Galar, M|100\/100\n|\n|upkeep\n|turn|6\n|\n|t:|1697508724\n|move|p2a: Decidueye|Shadow Ball|p1a: Slowking\n|-supereffective|p1a: Slowking\n|-damage|p1a: Slowking|67\/100\n|move|p1a: Slowking|Thunder Wave|p2a: Decidueye\n|-status|p2a: Decidueye|par\n|\n|upkeep\n|turn|7\n|\n|t:|1697508733\n|switch|p1a: Clefable|Clefable, M|57\/100\n|move|p2a: Decidueye|Giga Drain|p1a: Clefable\n|-damage|p1a: Clefable|34\/100\n|\n|-heal|p1a: Clefable|40\/100|[from] item: Leftovers\n|upkeep\n|turn|8\n|\n|t:|1697508741\n|switch|p2a: Samurott|Samurott-Hisui, M|100\/100\n|move|p1a: Clefable|Wish|p1a: Clefable\n|\n|-heal|p1a: Clefable|46\/100|[from] item: Leftovers\n|upkeep\n|turn|9\n|\n|t:|1697508764\n|-terastallize|p1a: Clefable|Steel\n|move|p2a: Samurott|Air Slash|p1a: Clefable\n|-resisted|p1a: Clefable\n|-damage|p1a: Clefable|24\/100\n|cant|p1a: Clefable|flinch\n|\n|-heal|p1a: Clefable|74\/100|[from] move: Wish|[wisher] Clefable\n|-heal|p1a: Clefable|80\/100|[from] item: Leftovers\n|upkeep\n|turn|10\n|\n|t:|1697508773\n|switch|p2a: Landorus|Landorus-Therian, M|100\/100\n|-ability|p2a: Landorus|Intimidate|boost\n|-unboost|p1a: Clefable|atk|1\n|move|p1a: Clefable|Wish|p1a: Clefable\n|\n|-heal|p1a: Clefable|86\/100|[from] item: Leftovers\n|upkeep\n|turn|11\n|\n|t:|1697508784\n|switch|p1a: Basculegion|Basculegion, M|1\/100\n|move|p2a: Landorus|Calm Mind|p2a: Landorus\n|-boost|p2a: Landorus|spa|1\n|-boost|p2a: Landorus|spd|1\n|\n|-heal|p1a: Basculegion|53\/100|[from] move: Wish|[wisher] Clefable\n|upkeep\n|turn|12\n|\n|t:|1697508794\n|move|p2a: Landorus|Earth Power|p1a: Basculegion\n|-damage|p1a: Basculegion|0 fnt\n|faint|p1a: Basculegion\n|\n|upkeep\n|\n|t:|1697508799\n|switch|p1a: Greninja|Greninja, F|27\/100\n|turn|13\n|\n|t:|1697508805\n|move|p1a: Greninja|Liquidation|p2a: Landorus\n|-start|p1a: Greninja|typechange|Water|[from] ability: Protean\n|-supereffective|p2a: Landorus\n|-damage|p2a: Landorus|0 fnt\n|faint|p2a: Landorus\n|\n|upkeep\n|\n|t:|1697508815\n|switch|p2a: Samurott|Samurott-Hisui, M|100\/100\n|turn|14\n|\n|t:|1697508823\n|switch|p1a: Slowking|Slowking-Galar, M|99\/100\n|move|p2a: Samurott|Dark Pulse|p1a: Slowking\n|-supereffective|p1a: Slowking\n|-damage|p1a: Slowking|42\/100\n|\n|upkeep\n|turn|15\n|\n|t:|1697508841\n|switch|p1a: Moltres|Moltres|100\/100\n|move|p2a: Samurott|Dark Pulse|p1a: Moltres\n|-damage|p1a: Moltres|45\/100\n|\n|upkeep\n|turn|16\n|\n|t:|1697508854\n|switch|p1a: Greninja|Greninja, F|27\/100\n|move|p2a: Samurott|Dark Pulse|p1a: Greninja\n|-resisted|p1a: Greninja\n|-damage|p1a: Greninja|0 fnt\n|faint|p1a: Greninja\n|\n|upkeep\n|\n|t:|1697508863\n|switch|p1a: Slowking|Slowking-Galar, M|76\/100\n|turn|17\n|\n|t:|1697508867\n|switch|p2a: Decidueye|Decidueye, M|100\/100 par\n|move|p1a: Slowking|Thunder Wave|p2a: Decidueye\n|-fail|p2a: Decidueye|par\n|\n|upkeep\n|turn|18\n|\n|t:|1697508874\n|switch|p2a: Samurott|Samurott-Hisui, M|100\/100\n|move|p1a: Slowking|Taunt|p2a: Samurott\n|-start|p2a: Samurott|move: Taunt\n|\n|upkeep\n|turn|19\n|\n|t:|1697508881\n|switch|p2a: Slowking|Slowking-Galar, F|100\/100\n|move|p1a: Slowking|Thunder Wave|p2a: Slowking\n|-status|p2a: Slowking|par\n|\n|upkeep\n|turn|20\n|\n|t:|1697508887\n|move|p1a: Slowking|Taunt|p2a: Slowking\n|-start|p2a: Slowking|move: Taunt\n|cant|p2a: Slowking|move: Taunt|Chilly Reception\n|\n|upkeep\n|turn|21\n|\n|t:|1697508895\n|switch|p2a: Decidueye|Decidueye, M|100\/100 par\n|move|p1a: Slowking|Chilly Reception|p1a: Slowking\n|-weather|Snow\n|\n|t:|1697508900\n|switch|p1a: Clefable|Clefable, M, tera:Steel|86\/100|[from] Chilly Reception\n|\n|-weather|Snow|[upkeep]\n|-heal|p1a: Clefable|92\/100|[from] item: Leftovers\n|upkeep\n|turn|22\n|\n|t:|1697508905\n|switch|p2a: Slowking|Slowking-Galar, F|100\/100 par\n|move|p1a: Clefable|Knock Off|p2a: Slowking\n|-supereffective|p2a: Slowking\n|-damage|p2a: Slowking|78\/100 par\n|-enditem|p2a: Slowking|Heavy-Duty Boots|[from] move: Knock Off|[of] p1a: Clefable\n|\n|-weather|Snow|[upkeep]\n|-heal|p1a: Clefable|98\/100|[from] item: Leftovers\n|upkeep\n|turn|23\n|\n|t:|1697508915\n|move|p1a: Clefable|Stealth Rock|p2a: Slowking\n|-sidestart|p2: godiamsosorry|move: Stealth Rock\n|cant|p2a: Slowking|par\n|\n|-weather|Snow|[upkeep]\n|-heal|p1a: Clefable|100\/100|[from] item: Leftovers\n|upkeep\n|turn|24\n|\n|t:|1697508921\n|move|p1a: Clefable|Wish|p1a: Clefable\n|move|p2a: Slowking|Chilly Reception|p2a: Slowking\n|\n|t:|1697508925\n|switch|p2a: Samurott|Samurott-Hisui, M|100\/100|[from] Chilly Reception\n|-damage|p2a: Samurott|88\/100|[from] Stealth Rock\n|\n|-weather|Snow|[upkeep]\n|upkeep\n|turn|25\n|\n|t:|1697508931\n|-terastallize|p2a: Samurott|Water\n|move|p2a: Samurott|Hydro Pump|p1a: Clefable\n|-damage|p1a: Clefable|6\/100\n|move|p1a: Clefable|Knock Off|p2a: Samurott\n|-damage|p2a: Samurott|68\/100\n|-enditem|p2a: Samurott|Choice Specs|[from] move: Knock Off|[of] p1a: Clefable\n|\n|-weather|none\n|-heal|p1a: Clefable|56\/100|[from] move: Wish|[wisher] Clefable\n|-heal|p1a: Clefable|62\/100|[from] item: Leftovers\n|upkeep\n|turn|26\n|\n|t:|1697508942\n|switch|p1a: Palafin|Palafin-Hero, M|100\/100\n|-activate|p1a: Palafin|ability: Zero to Hero\n|move|p2a: Samurott|Hydro Pump|p1a: Palafin\n|-resisted|p1a: Palafin\n|-damage|p1a: Palafin|66\/100\n|\n|upkeep\n|turn|27\n|\n|t:|1697508950\n|switch|p2a: Decidueye|Decidueye, M|100\/100 par\n|move|p1a: Palafin|Boomburst|p2a: Decidueye\n|-immune|p2a: Decidueye\n|\n|upkeep\n|turn|28\n|\n|t:|1697508962\n|switch|p1a: Moltres|Moltres|45\/100\n|switch|p2a: Samurott|Samurott-Hisui, M, tera:Water|68\/100\n|-damage|p2a: Samurott|55\/100|[from] Stealth Rock\n|\n|upkeep\n|turn|29\n|\n|t:|1697508970\n|switch|p1a: Slowking|Slowking-Galar, M|100\/100\n|move|p2a: Samurott|Dark Pulse|p1a: Slowking\n|-supereffective|p1a: Slowking\n|-damage|p1a: Slowking|56\/100\n|\n|upkeep\n|turn|30\n|\n|t:|1697508983\n|move|p2a: Samurott|Dark Pulse|p1a: Slowking\n|-supereffective|p1a: Slowking\n|-damage|p1a: Slowking|15\/100\n|move|p1a: Slowking|Foul Play|p2a: Samurott\n|-damage|p2a: Samurott|32\/100\n|\n|upkeep\n|turn|31\n|\n|t:|1697508990\n|switch|p1a: Clefable|Clefable, M, tera:Steel|62\/100\n|move|p2a: Samurott|Air Slash|p1a: Clefable\n|-resisted|p1a: Clefable\n|-damage|p1a: Clefable|48\/100\n|\n|-heal|p1a: Clefable|54\/100|[from] item: Leftovers\n|upkeep\n|turn|32\n|\n|t:|1697508998\n|move|p2a: Samurott|Hydro Pump|p1a: Clefable\n|-damage|p1a: Clefable|0 fnt\n|faint|p1a: Clefable\n|\n|upkeep\n|\n|t:|1697509003\n|switch|p1a: Palafin|Palafin-Hero, M|66\/100\n|turn|33\n|\n|t:|1697509006\n|move|p1a: Palafin|Surf|p2a: Samurott\n|-resisted|p2a: Samurott\n|-damage|p2a: Samurott|1\/100\n|move|p2a: Samurott|Dark Pulse|p1a: Palafin\n|-damage|p1a: Palafin|27\/100\n|\n|upkeep\n|turn|34\n|\n|t:|1697509016\n|switch|p2a: Decidueye|Decidueye, M|100\/100 par\n|move|p1a: Palafin|Draining Kiss|p2a: Decidueye\n|-damage|p2a: Decidueye|89\/100 par\n|-heal|p1a: Palafin|37\/100|[from] drain|[of] p2a: Decidueye\n|\n|upkeep\n|turn|35\n|\n|t:|1697509024\n|switch|p1a: Moltres|Moltres|45\/100\n|cant|p2a: Decidueye|par\n|\n|upkeep\n|turn|36\n|\n|t:|1697509029\n|move|p1a: Moltres|Roost|p1a: Moltres\n|-heal|p1a: Moltres|95\/100\n|-singleturn|p1a: Moltres|move: Roost\n|move|p2a: Decidueye|Shadow Ball|p1a: Moltres\n|-damage|p1a: Moltres|66\/100\n|\n|upkeep\n|turn|37\n|\n|t:|1697509038\n|move|p1a: Moltres|Brave Bird|p2a: Decidueye\n|-supereffective|p2a: Decidueye\n|-damage|p2a: Decidueye|0 fnt\n|faint|p2a: Decidueye\n|-damage|p1a: Moltres|38\/100|[from] Recoil\n|\n|upkeep\n|\n|t:|1697509041\n|switch|p2a: Samurott|Samurott-Hisui, M, tera:Water|1\/100\n|-damage|p2a: Samurott|0 fnt|[from] Stealth Rock\n|faint|p2a: Samurott\n|\n|t:|1697509048\n|switch|p2a: Medicham|Medicham, M|100\/100\n|-damage|p2a: Medicham|94\/100|[from] Stealth Rock\n|turn|38\n|\n|t:|1697509057\n|switch|p1a: Slowking|Slowking-Galar, M|48\/100\n|move|p2a: Medicham|Psycho Cut|p1a: Slowking\n|-damage|p1a: Slowking|0 fnt\n|faint|p1a: Slowking\n|\n|upkeep\n|\n|t:|1697509063\n|switch|p1a: Moltres|Moltres|38\/100\n|turn|39\n|\n|t:|1697509072\n|move|p2a: Medicham|Psycho Cut|p1a: Moltres\n|-damage|p1a: Moltres|7\/100\n|move|p1a: Moltres|Roost|p1a: Moltres\n|-heal|p1a: Moltres|57\/100\n|-singleturn|p1a: Moltres|move: Roost\n|\n|upkeep\n|turn|40\n|\n|t:|1697509079\n|switch|p2a: Slowking|Slowking-Galar, F|100\/100 par\n|-damage|p2a: Slowking|88\/100 par|[from] Stealth Rock\n|move|p1a: Moltres|Will-O-Wisp||[still]\n|-fail|p1a: Moltres\n|\n|upkeep\n|turn|41\n|\n|t:|1697509086\n|move|p1a: Moltres|U-turn|p2a: Slowking\n|-damage|p2a: Slowking|77\/100 par\n|\n|t:|1697509088\n|switch|p1a: Palafin|Palafin-Hero, M|37\/100|[from] U-turn\n|move|p2a: Slowking|Chilly Reception|p2a: Slowking\n|-weather|Snow\n|\n|t:|1697509091\n|switch|p2a: Medicham|Medicham, M|94\/100|[from] Chilly Reception\n|-damage|p2a: Medicham|88\/100|[from] Stealth Rock\n|\n|-weather|Snow|[upkeep]\n|upkeep\n|turn|42\n|\n|t:|1697509104\n|move|p2a: Medicham|Psycho Cut|p1a: Palafin\n|-damage|p1a: Palafin|0 fnt\n|faint|p1a: Palafin\n|\n|-weather|Snow|[upkeep]\n|upkeep\n|\n|t:|1697509109\n|switch|p1a: Moltres|Moltres|57\/100\n|turn|43\n|c|\u2606TRaSHiNSeCT|gg\n|\n|t:|1697509114\n|switch|p2a: Slowking|Slowking-Galar, F|100\/100 par\n|-damage|p2a: Slowking|88\/100 par|[from] Stealth Rock\n|move|p1a: Moltres|Will-O-Wisp||[still]\n|-fail|p1a: Moltres\n|\n|-weather|Snow|[upkeep]\n|upkeep\n|turn|44\n|\n|t:|1697509120\n|move|p1a: Moltres|Brave Bird|p2a: Slowking\n|-damage|p2a: Slowking|56\/100 par\n|-damage|p1a: Moltres|46\/100|[from] Recoil\n|move|p2a: Slowking|Toxic|p1a: Moltres\n|-status|p1a: Moltres|tox\n|\n|-weather|Snow|[upkeep]\n|-damage|p1a: Moltres|40\/100 tox|[from] psn\n|upkeep\n|turn|45\n|\n|t:|1697509128\n|move|p1a: Moltres|Brave Bird|p2a: Slowking\n|-crit|p2a: Slowking\n|-damage|p2a: Slowking|10\/100 par\n|-damage|p1a: Moltres|24\/100 tox|[from] Recoil\n|move|p2a: Slowking|Foul Play|p1a: Moltres\n|-damage|p1a: Moltres|10\/100 tox\n|\n|-weather|none\n|-damage|p1a: Moltres|0 fnt|[from] psn\n|faint|p1a: Moltres\n|\n|win|godiamsosorry\n|upkeep\n|c|\u2606godiamsosorry|Gg.\n|c|\u2606godiamsosorry|I can cross some mons off of my list finally...\n","uploadtime":1697509141,"views":16,"p1id":"trashinsect","p2id":"godiamsosorry","formatid":"gen9ubers","rating":0,"private":0,"password":""}