{"id":"gen9ubers-1976181059","p1":"Endergamer9273","p2":"fire2230900","format":"[Gen 9] Ubers","log":"|j|\u2606Endergamer9273\n|j|\u2606fire2230900\n|t:|1698271095\n|gametype|singles\n|player|p1|Endergamer9273|1|1000\n|player|p2|fire2230900|lucas|1040\n|teamsize|p1|6\n|teamsize|p2|6\n|gen|9\n|tier|[Gen 9] Ubers\n|rated|\n|rule|Sleep Clause Mod: Limit one foe put to sleep\n|rule|Species Clause: Limit one of each Pok\u00e9mon\n|rule|OHKO Clause: OHKO moves are banned\n|rule|Evasion Items Clause: Evasion items are banned\n|rule|Evasion Moves Clause: Evasion moves are banned\n|rule|Endless Battle Clause: Forcing endless battles is banned\n|rule|HP Percentage Mod: HP is shown in percentages\n|clearpoke\n|poke|p1|Rayquaza|\n|poke|p1|Gliscor, M|\n|poke|p1|Hydreigon, M|\n|poke|p1|Blissey, F|\n|poke|p1|Empoleon, F|\n|poke|p1|Ceruledge, M|\n|poke|p2|Annihilape, M|\n|poke|p2|Baxcalibur, M|\n|poke|p2|Arceus-Fire|\n|poke|p2|Darkrai|\n|poke|p2|Shaymin-Sky|\n|poke|p2|Ursaluna-Bloodmoon, M|\n|teampreview\n|inactive|Battle timer is ON: inactive players will automatically lose when time's up. (requested by fire2230900)\n|\n|t:|1698271107\n|start\n|switch|p1a: Glider|Gliscor, M|100\/100\n|switch|p2a: Ursaluna|Ursaluna-Bloodmoon, M|100\/100\n|turn|1\n|c|\u2606fire2230900|glhf\n|\n|t:|1698271121\n|switch|p2a: Baxcalibur|Baxcalibur, M|100\/100\n|move|p1a: Glider|Toxic Spikes|p2a: Baxcalibur\n|-sidestart|p2: fire2230900|move: Toxic Spikes\n|\n|upkeep\n|turn|2\n|\n|t:|1698271132\n|-terastallize|p2a: Baxcalibur|Dragon\n|move|p1a: Glider|Gunk Shot|p2a: Baxcalibur\n|-damage|p2a: Baxcalibur|76\/100\n|move|p2a: Baxcalibur|Ice Beam|p1a: Glider\n|-supereffective|p1a: Glider\n|-damage|p1a: Glider|0 fnt\n|faint|p1a: Glider\n|\n|upkeep\n|\n|t:|1698271150\n|switch|p1a: Emerald|Rayquaza, shiny|100\/100\n|-ability|p1a: Emerald|Air Lock\n|turn|3\n|\n|t:|1698271161\n|-terastallize|p1a: Emerald|Ghost\n|move|p1a: Emerald|Dragon Pulse|p2a: Baxcalibur\n|-supereffective|p2a: Baxcalibur\n|-damage|p2a: Baxcalibur|0 fnt\n|faint|p2a: Baxcalibur\n|\n|upkeep\n|\n|t:|1698271169\n|switch|p2a: Darkrai|Darkrai|100\/100\n|-status|p2a: Darkrai|psn\n|turn|4\n|\n|t:|1698271180\n|move|p2a: Darkrai|Dark Void|p1a: Emerald\n|-status|p1a: Emerald|slp|[from] move: Dark Void\n|cant|p1a: Emerald|slp\n|\n|-damage|p2a: Darkrai|88\/100 psn|[from] psn\n|-damage|p1a: Emerald|88\/100 slp|[from] ability: Bad Dreams|[of] p2a: Darkrai\n|upkeep\n|turn|5\n|\n|t:|1698271196\n|move|p2a: Darkrai|Dream Eater|p1a: Emerald\n|-damage|p1a: Emerald|57\/100 slp\n|-heal|p2a: Darkrai|100\/100 psn|[from] drain|[of] p1a: Emerald\n|-curestatus|p1a: Emerald|slp|[msg]\n|move|p1a: Emerald|Dragon Dance|p1a: Emerald\n|-boost|p1a: Emerald|atk|1\n|-boost|p1a: Emerald|spe|1\n|\n|-heal|p1a: Emerald|63\/100|[from] item: Leftovers\n|-damage|p2a: Darkrai|88\/100 psn|[from] psn\n|upkeep\n|turn|6\n|\n|t:|1698271212\n|move|p1a: Emerald|Dragon Pulse|p2a: Darkrai\n|-damage|p2a: Darkrai|28\/100 psn\n|move|p2a: Darkrai|Dark Pulse|p1a: Emerald\n|-supereffective|p1a: Emerald\n|-damage|p1a: Emerald|0 fnt\n|faint|p1a: Emerald\n|\n|-damage|p2a: Darkrai|15\/100 psn|[from] psn\n|upkeep\n|inactive|Endergamer9273 has 120 seconds left.\n|\n|t:|1698271226\n|switch|p1a: Emperor|Empoleon, F|100\/100\n|turn|7\n|\n|t:|1698271233\n|move|p2a: Darkrai|Thunder|p1a: Emperor|[miss]\n|-miss|p2a: Darkrai|p1a: Emperor\n|move|p1a: Emperor|Ice Spinner|p2a: Darkrai\n|-damage|p2a: Darkrai|0 fnt\n|faint|p2a: Darkrai\n|\n|upkeep\n|\n|t:|1698271243\n|switch|p2a: Annihilape|Annihilape, M, shiny|100\/100\n|-status|p2a: Annihilape|psn\n|turn|8\n|\n|t:|1698271251\n|move|p2a: Annihilape|Stomping Tantrum|p1a: Emperor\n|-supereffective|p1a: Emperor\n|-damage|p1a: Emperor|57\/100\n|move|p1a: Emperor|Hydro Pump|p2a: Annihilape\n|-damage|p2a: Annihilape|53\/100 psn\n|\n|-damage|p2a: Annihilape|41\/100 psn|[from] psn\n|upkeep\n|turn|9\n|\n|t:|1698271262\n|move|p2a: Annihilape|Close Combat|p1a: Emperor\n|-supereffective|p1a: Emperor\n|-damage|p1a: Emperor|0 fnt\n|-unboost|p2a: Annihilape|def|1\n|-unboost|p2a: Annihilape|spd|1\n|faint|p1a: Emperor\n|\n|-damage|p2a: Annihilape|28\/100 psn|[from] psn\n|upkeep\n|\n|t:|1698271273\n|switch|p1a: Blade|Ceruledge, M|100\/100\n|turn|10\n|\n|t:|1698271282\n|move|p1a: Blade|Night Slash|p2a: Annihilape\n|-damage|p2a: Annihilape|0 fnt\n|faint|p2a: Annihilape\n|\n|upkeep\n|\n|t:|1698271290\n|switch|p2a: Ursaluna|Ursaluna-Bloodmoon, M|100\/100\n|-status|p2a: Ursaluna|psn\n|turn|11\n|\n|t:|1698271302\n|move|p1a: Blade|Bitter Blade|p2a: Ursaluna\n|-damage|p2a: Ursaluna|74\/100 psn\n|move|p2a: Ursaluna|Headlong Rush|p1a: Blade\n|-supereffective|p1a: Blade\n|-damage|p1a: Blade|13\/100\n|-unboost|p2a: Ursaluna|def|1\n|-unboost|p2a: Ursaluna|spd|1\n|\n|-damage|p2a: Ursaluna|61\/100 psn|[from] psn\n|upkeep\n|turn|12\n|\n|t:|1698271314\n|move|p1a: Blade|Bitter Blade|p2a: Ursaluna\n|-damage|p2a: Ursaluna|17\/100 psn\n|-heal|p1a: Blade|39\/100|[from] drain|[of] p2a: Ursaluna\n|-heal|p1a: Blade|46\/100|[from] item: Shell Bell|[of] p2a: Ursaluna\n|move|p2a: Ursaluna|Shadow Claw|p1a: Blade\n|-supereffective|p1a: Blade\n|-crit|p1a: Blade\n|-damage|p1a: Blade|0 fnt\n|faint|p1a: Blade\n|\n|-damage|p2a: Ursaluna|5\/100 psn|[from] psn\n|upkeep\n|\n|t:|1698271326\n|switch|p1a: Medic|Blissey, F|100\/100\n|turn|13\n|\n|t:|1698271332\n|move|p2a: Ursaluna|Blood Moon|p1a: Medic\n|-damage|p1a: Medic|78\/100\n|move|p1a: Medic|Drain Punch|p2a: Ursaluna\n|-supereffective|p2a: Ursaluna\n|-crit|p2a: Ursaluna\n|-damage|p2a: Ursaluna|0 fnt\n|-heal|p1a: Medic|79\/100|[from] drain|[of] p2a: Ursaluna\n|faint|p2a: Ursaluna\n|\n|upkeep\n|\n|t:|1698271349\n|switch|p2a: Arceus|Arceus-Fire, shiny|100\/100\n|-status|p2a: Arceus|psn\n|turn|14\n|\n|t:|1698271359\n|move|p2a: Arceus|Aura Sphere|p1a: Medic\n|-supereffective|p1a: Medic\n|-damage|p1a: Medic|61\/100\n|move|p1a: Medic|Drain Punch|p2a: Arceus\n|-damage|p2a: Arceus|96\/100 psn\n|-heal|p1a: Medic|63\/100|[from] drain|[of] p2a: Arceus\n|\n|-damage|p2a: Arceus|84\/100 psn|[from] psn\n|upkeep\n|turn|15\n|\n|t:|1698271374\n|move|p2a: Arceus|Judgment|p1a: Medic\n|-damage|p1a: Medic|43\/100\n|move|p1a: Medic|Light Screen|p1a: Medic\n|-sidestart|p1: Endergamer9273|move: Light Screen\n|\n|-damage|p2a: Arceus|71\/100 psn|[from] psn\n|upkeep\n|turn|16\n|\n|t:|1698271384\n|switch|p1a: Hydra|Hydreigon, M|100\/100\n|move|p2a: Arceus|Dark Pulse|p1a: Hydra\n|-resisted|p1a: Hydra\n|-damage|p1a: Hydra|95\/100\n|\n|-damage|p2a: Arceus|59\/100 psn|[from] psn\n|upkeep\n|turn|17\n|\n|t:|1698271399\n|move|p2a: Arceus|Dazzling Gleam|p1a: Hydra\n|-supereffective|p1a: Hydra\n|-damage|p1a: Hydra|46\/100\n|move|p1a: Hydra|Outrage|p2a: Arceus\n|-damage|p2a: Arceus|19\/100 psn\n|\n|-damage|p2a: Arceus|6\/100 psn|[from] psn\n|upkeep\n|turn|18\n|c|\u2606fire2230900|gg\n|\n|t:|1698271413\n|move|p2a: Arceus|Aura Sphere|p1a: Hydra\n|-supereffective|p1a: Hydra\n|-damage|p1a: Hydra|23\/100\n|move|p1a: Hydra|Outrage|p2a: Arceus|[from]lockedmove\n|-damage|p2a: Arceus|0 fnt\n|faint|p2a: Arceus\n|\n|upkeep\n|\n|t:|1698271421\n|switch|p2a: Shaymin|Shaymin-Sky|100\/100\n|turn|19\n|\n|t:|1698271428\n|move|p2a: Shaymin|Air Slash|p1a: Hydra\n|-damage|p1a: Hydra|7\/100\n|move|p1a: Hydra|Outrage|p2a: Shaymin|[from]lockedmove\n|-damage|p2a: Shaymin|50\/100\n|-enditem|p2a: Shaymin|Sitrus Berry|[eat]\n|-heal|p2a: Shaymin|75\/100|[from] item: Sitrus Berry\n|-start|p1a: Hydra|confusion|[fatigue]\n|-enditem|p1a: Hydra|Lum Berry|[eat]\n|-end|p1a: Hydra|confusion\n|\n|-sideend|p1: Endergamer9273|move: Light Screen\n|upkeep\n|turn|20\n|\n|t:|1698271444\n|move|p2a: Shaymin|Air Slash|p1a: Hydra\n|-crit|p1a: Hydra\n|-damage|p1a: Hydra|0 fnt\n|faint|p1a: Hydra\n|\n|upkeep\n|\n|t:|1698271449\n|switch|p1a: Medic|Blissey, F|43\/100\n|turn|21\n|\n|t:|1698271456\n|move|p2a: Shaymin|Seed Flare|p1a: Medic\n|-damage|p1a: Medic|25\/100\n|-unboost|p1a: Medic|spd|2\n|move|p1a: Medic|Drain Punch|p2a: Shaymin\n|-resisted|p2a: Shaymin\n|-damage|p2a: Shaymin|73\/100\n|-heal|p1a: Medic|25\/100|[from] drain|[of] p2a: Shaymin\n|\n|upkeep\n|turn|22\n|\n|t:|1698271468\n|move|p2a: Shaymin|Seed Bomb|p1a: Medic\n|-damage|p1a: Medic|0 fnt\n|faint|p1a: Medic\n|\n|win|fire2230900\n|raw|Endergamer9273's rating: 1000 &rarr; <strong>1000<\/strong><br \/>(+0 for losing)\n|raw|fire2230900's rating: 1040 &rarr; <strong>1070<\/strong><br \/>(+30 for winning)\n","uploadtime":1698271475,"views":10,"p1id":"endergamer9273","p2id":"fire2230900","formatid":"gen9ubers","rating":1000,"private":0,"password":""}