{"id":"gen9ubers-1996626372","p1":"Kentucky Moonshine","p2":"Electricratman","format":"[Gen 9] Ubers","log":"|j|\u2606Kentucky Moonshine\n|j|\u2606Electricratman\n|t:|1700702238\n|gametype|singles\n|player|p1|Kentucky Moonshine|rancher|\n|player|p2|Electricratman|266|\n|teamsize|p1|6\n|teamsize|p2|6\n|gen|9\n|tier|[Gen 9] Ubers\n|rule|Sleep Clause Mod: Limit one foe put to sleep\n|rule|Species Clause: Limit one of each Pok\u00e9mon\n|rule|OHKO Clause: OHKO moves are banned\n|rule|Evasion Items Clause: Evasion items are banned\n|rule|Evasion Moves Clause: Evasion moves are banned\n|rule|Endless Battle Clause: Forcing endless battles is banned\n|rule|HP Percentage Mod: HP is shown in percentages\n|clearpoke\n|poke|p1|Regidrago|\n|poke|p1|Espathra, M|\n|poke|p1|Yanmega, F|\n|poke|p1|Zarude|\n|poke|p1|Cresselia, F|\n|poke|p1|Mandibuzz, F|\n|poke|p2|Weezing-Galar, M|\n|poke|p2|Magearna|\n|poke|p2|Enamorus-Therian, F|\n|poke|p2|Greninja-*, F|\n|poke|p2|Hawlucha, M|\n|poke|p2|Palafin, M|\n|teampreview\n|c|\u2606Electricratman|Glhf\n|c|\u2606Electricratman|This has been a rough match bro\n|c|\u2606Kentucky Moonshine|Its been fun dude good games\n|c|\u2606Electricratman|It has been fun\n|\n|t:|1700702303\n|start\n|switch|p1a: Regidrago|Regidrago|100\/100\n|switch|p2a: Palafin|Palafin, M|100\/100\n|turn|1\n|\n|t:|1700702315\n|move|p2a: Palafin|Flip Turn|p1a: Regidrago\n|-resisted|p1a: Regidrago\n|-damage|p1a: Regidrago|89\/100\n|\n|t:|1700702326\n|detailschange|p2a: Palafin|Palafin-Hero, M\n|switch|p2a: Greninja|Greninja, F, shiny|100\/100|[from] Flip Turn\n|move|p1a: Regidrago|Dragon Dance|p1a: Regidrago\n|-boost|p1a: Regidrago|atk|1\n|-boost|p1a: Regidrago|spe|1\n|\n|upkeep\n|turn|2\n|\n|t:|1700702345\n|-terastallize|p1a: Regidrago|Steel\n|move|p1a: Regidrago|Dragon Dance|p1a: Regidrago\n|-boost|p1a: Regidrago|atk|1\n|-boost|p1a: Regidrago|spe|1\n|move|p2a: Greninja|U-turn|p1a: Regidrago\n|-start|p2a: Greninja|typechange|Bug|[from] ability: Protean\n|-resisted|p1a: Regidrago\n|-damage|p1a: Regidrago|73\/100\n|c|\u2606Kentucky Moonshine|I was expecting an Ice beam\n|\n|t:|1700702364\n|switch|p2a: Weezing|Weezing-Galar, M|100\/100|[from] U-turn\n|-fieldstart|move: Misty Terrain|[from] ability: Misty Surge|[of] p2a: Weezing\n|\n|upkeep\n|turn|3\n|\n|t:|1700702376\n|move|p1a: Regidrago|Tera Blast|p2a: Weezing|[anim] Tera Blast Steel\n|-supereffective|p2a: Weezing\n|-damage|p2a: Weezing|0 fnt\n|faint|p2a: Weezing\n|\n|upkeep\n|\n|t:|1700702386\n|switch|p2a: Hawlucha|Hawlucha, M, shiny|100\/100\n|-enditem|p2a: Hawlucha|Misty Seed\n|-boost|p2a: Hawlucha|spd|1|[from] item: Misty Seed\n|turn|4\n|\n|t:|1700702395\n|switch|p1a: Mandibuzz|Mandibuzz, F|100\/100\n|move|p2a: Hawlucha|Drain Punch|p1a: Mandibuzz\n|-damage|p1a: Mandibuzz|81\/100\n|\n|-heal|p1a: Mandibuzz|87\/100|[from] item: Leftovers\n|upkeep\n|turn|5\n|\n|t:|1700702405\n|move|p2a: Hawlucha|Thunder Punch|p1a: Mandibuzz\n|-supereffective|p1a: Mandibuzz\n|-damage|p1a: Mandibuzz|60\/100\n|move|p1a: Mandibuzz|Toxic|p2a: Hawlucha\n|-status|p2a: Hawlucha|tox\n|\n|-heal|p1a: Mandibuzz|66\/100|[from] item: Leftovers\n|-damage|p2a: Hawlucha|94\/100 tox|[from] psn\n|upkeep\n|turn|6\n|\n|t:|1700702421\n|move|p2a: Hawlucha|Acrobatics|p1a: Mandibuzz\n|-damage|p1a: Mandibuzz|36\/100\n|move|p1a: Mandibuzz|Roost|p1a: Mandibuzz\n|-heal|p1a: Mandibuzz|86\/100\n|-singleturn|p1a: Mandibuzz|move: Roost\n|\n|-heal|p1a: Mandibuzz|92\/100|[from] item: Leftovers\n|-damage|p2a: Hawlucha|82\/100 tox|[from] psn\n|-fieldend|Misty Terrain\n|upkeep\n|turn|7\n|\n|t:|1700702434\n|move|p2a: Hawlucha|Acrobatics|p1a: Mandibuzz\n|-damage|p1a: Mandibuzz|63\/100\n|move|p1a: Mandibuzz|Knock Off|p2a: Hawlucha\n|-resisted|p2a: Hawlucha\n|-damage|p2a: Hawlucha|71\/100 tox\n|\n|-heal|p1a: Mandibuzz|69\/100|[from] item: Leftovers\n|-damage|p2a: Hawlucha|53\/100 tox|[from] psn\n|upkeep\n|turn|8\n|\n|t:|1700702444\n|move|p2a: Hawlucha|Drain Punch|p1a: Mandibuzz\n|-crit|p1a: Mandibuzz\n|-damage|p1a: Mandibuzz|38\/100\n|-heal|p2a: Hawlucha|75\/100 tox|[from] drain|[of] p1a: Mandibuzz\n|move|p1a: Mandibuzz|Roost|p1a: Mandibuzz\n|-heal|p1a: Mandibuzz|88\/100\n|-singleturn|p1a: Mandibuzz|move: Roost\n|\n|-heal|p1a: Mandibuzz|94\/100|[from] item: Leftovers\n|-damage|p2a: Hawlucha|51\/100 tox|[from] psn\n|upkeep\n|turn|9\n|\n|t:|1700702475\n|move|p2a: Hawlucha|Drain Punch|p1a: Mandibuzz\n|-damage|p1a: Mandibuzz|74\/100\n|-heal|p2a: Hawlucha|65\/100 tox|[from] drain|[of] p1a: Mandibuzz\n|move|p1a: Mandibuzz|Knock Off|p2a: Hawlucha\n|-resisted|p2a: Hawlucha\n|-damage|p2a: Hawlucha|53\/100 tox\n|\n|-heal|p1a: Mandibuzz|80\/100|[from] item: Leftovers\n|-damage|p2a: Hawlucha|23\/100 tox|[from] psn\n|upkeep\n|turn|10\n|\n|t:|1700702491\n|move|p2a: Hawlucha|Lunge|p1a: Mandibuzz\n|-damage|p1a: Mandibuzz|67\/100\n|-unboost|p1a: Mandibuzz|atk|1\n|move|p1a: Mandibuzz|Roost|p1a: Mandibuzz\n|-heal|p1a: Mandibuzz|100\/100\n|-singleturn|p1a: Mandibuzz|move: Roost\n|\n|-damage|p2a: Hawlucha|0 fnt|[from] psn\n|faint|p2a: Hawlucha\n|upkeep\n|\n|t:|1700702515\n|switch|p2a: Enamorus|Enamorus-Therian, F|100\/100\n|turn|11\n|\n|t:|1700702524\n|switch|p2a: Magearna|Magearna|100\/100\n|move|p1a: Mandibuzz|Toxic|p2a: Magearna\n|-immune|p2a: Magearna\n|\n|upkeep\n|turn|12\n|\n|t:|1700702553\n|move|p1a: Mandibuzz|Knock Off|p2a: Magearna\n|-resisted|p2a: Magearna\n|-damage|p2a: Magearna|94\/100\n|-enditem|p2a: Magearna|Leftovers|[from] move: Knock Off|[of] p1a: Mandibuzz\n|move|p2a: Magearna|Shift Gear|p2a: Magearna\n|-boost|p2a: Magearna|spe|2\n|-boost|p2a: Magearna|atk|1\n|\n|upkeep\n|turn|13\n|\n|t:|1700702572\n|switch|p1a: Zarude|Zarude|100\/100\n|move|p2a: Magearna|Shift Gear|p2a: Magearna\n|-boost|p2a: Magearna|spe|2\n|-boost|p2a: Magearna|atk|1\n|\n|upkeep\n|turn|14\n|\n|t:|1700702602\n|move|p2a: Magearna|Draining Kiss|p1a: Zarude\n|-supereffective|p1a: Zarude\n|-damage|p1a: Zarude|45\/100\n|-heal|p2a: Magearna|100\/100|[from] drain|[of] p1a: Zarude\n|move|p1a: Zarude|Swords Dance|p1a: Zarude\n|-boost|p1a: Zarude|atk|2\n|\n|upkeep\n|turn|15\n|\n|t:|1700702610\n|move|p2a: Magearna|Draining Kiss|p1a: Zarude\n|-supereffective|p1a: Zarude\n|-damage|p1a: Zarude|0 fnt\n|faint|p1a: Zarude\n|-ability|p2a: Magearna|Soul-Heart|boost\n|-boost|p2a: Magearna|spa|1\n|\n|upkeep\n|\n|t:|1700702621\n|switch|p1a: Cresselia|Cresselia, F|100\/100\n|turn|16\n|\n|t:|1700702629\n|move|p2a: Magearna|Calm Mind|p2a: Magearna\n|-boost|p2a: Magearna|spa|1\n|-boost|p2a: Magearna|spd|1\n|move|p1a: Cresselia|Calm Mind|p1a: Cresselia\n|-boost|p1a: Cresselia|spa|1\n|-boost|p1a: Cresselia|spd|1\n|\n|upkeep\n|turn|17\n|\n|t:|1700702649\n|move|p2a: Magearna|Calm Mind|p2a: Magearna\n|-boost|p2a: Magearna|spa|1\n|-boost|p2a: Magearna|spd|1\n|move|p1a: Cresselia|Calm Mind|p1a: Cresselia\n|-boost|p1a: Cresselia|spa|1\n|-boost|p1a: Cresselia|spd|1\n|\n|upkeep\n|turn|18\n|\n|t:|1700702657\n|move|p2a: Magearna|Calm Mind|p2a: Magearna\n|-boost|p2a: Magearna|spa|1\n|-boost|p2a: Magearna|spd|1\n|move|p1a: Cresselia|Calm Mind|p1a: Cresselia\n|-boost|p1a: Cresselia|spa|1\n|-boost|p1a: Cresselia|spd|1\n|\n|upkeep\n|turn|19\n|\n|t:|1700702669\n|move|p2a: Magearna|Stored Power|p1a: Cresselia\n|-resisted|p1a: Cresselia\n|-damage|p1a: Cresselia|62\/100\n|move|p1a: Cresselia|Calm Mind|p1a: Cresselia\n|-boost|p1a: Cresselia|spa|1\n|-boost|p1a: Cresselia|spd|1\n|\n|-heal|p1a: Cresselia|68\/100|[from] item: Leftovers\n|upkeep\n|turn|20\n|\n|t:|1700702678\n|move|p2a: Magearna|Calm Mind|p2a: Magearna\n|-boost|p2a: Magearna|spa|1\n|-boost|p2a: Magearna|spd|1\n|move|p1a: Cresselia|Moonlight|p1a: Cresselia\n|-heal|p1a: Cresselia|100\/100\n|\n|upkeep\n|turn|21\n|\n|t:|1700702705\n|move|p2a: Magearna|Calm Mind|p2a: Magearna\n|-boost|p2a: Magearna|spa|1\n|-boost|p2a: Magearna|spd|1\n|move|p1a: Cresselia|Stored Power|p2a: Magearna\n|-resisted|p2a: Magearna\n|-damage|p2a: Magearna|83\/100\n|\n|upkeep\n|turn|22\n|\n|t:|1700702725\n|move|p2a: Magearna|Stored Power|p1a: Cresselia\n|-resisted|p1a: Cresselia\n|-damage|p1a: Cresselia|36\/100\n|move|p1a: Cresselia|Calm Mind|p1a: Cresselia\n|-boost|p1a: Cresselia|spa|1\n|-boost|p1a: Cresselia|spd|1\n|\n|-heal|p1a: Cresselia|42\/100|[from] item: Leftovers\n|upkeep\n|turn|23\n|\n|t:|1700702734\n|move|p2a: Magearna|Stored Power|p1a: Cresselia\n|-resisted|p1a: Cresselia\n|-damage|p1a: Cresselia|0 fnt\n|faint|p1a: Cresselia\n|\n|upkeep\n|\n|t:|1700702744\n|switch|p1a: Regidrago|Regidrago, tera:Steel|73\/100\n|turn|24\n|\n|t:|1700702754\n|-terastallize|p2a: Magearna|Steel\n|move|p2a: Magearna|Stored Power|p1a: Regidrago\n|-resisted|p1a: Regidrago\n|-damage|p1a: Regidrago|0 fnt\n|faint|p1a: Regidrago\n|\n|upkeep\n|\n|t:|1700702760\n|switch|p1a: Yanmega|Yanmega, F|100\/100\n|turn|25\n|\n|t:|1700702763\n|move|p2a: Magearna|Stored Power|p1a: Yanmega\n|-damage|p1a: Yanmega|0 fnt\n|faint|p1a: Yanmega\n|\n|upkeep\n|c|\u2606Kentucky Moonshine|Looks like you got this\n|\n|t:|1700702768\n|switch|p1a: Mandibuzz|Mandibuzz, F|100\/100\n|turn|26\n|\n|t:|1700702772\n|move|p2a: Magearna|Draining Kiss|p1a: Mandibuzz\n|-supereffective|p1a: Mandibuzz\n|-damage|p1a: Mandibuzz|0 fnt\n|-heal|p2a: Magearna|100\/100|[from] drain|[of] p1a: Mandibuzz\n|faint|p1a: Mandibuzz\n|\n|upkeep\n|\n|t:|1700702774\n|switch|p1a: Espathra|Espathra, M|100\/100\n|turn|27\n|\n|t:|1700702780\n|move|p2a: Magearna|Stored Power|p1a: Espathra\n|-resisted|p1a: Espathra\n|-damage|p1a: Espathra|0 fnt\n|faint|p1a: Espathra\n|\n|win|Electricratman\n|c|\u2606Kentucky Moonshine|gg dude\n","uploadtime":1700702792,"views":6,"p1id":"kentuckymoonshine","p2id":"electricratman","formatid":"gen9ubers","rating":0,"private":0,"password":""}