{"id":"gen9ubers-1972950873","p1":"Biden888","p2":"Leovaldezdalton","format":"[Gen 9] Ubers","log":"|j|\u2606Biden888\n|j|\u2606Leovaldezdalton\n|t:|1697912071\n|gametype|singles\n|player|p1|Biden888|102|1101\n|player|p2|Leovaldezdalton|cynthia-gen4|1041\n|teamsize|p1|6\n|teamsize|p2|6\n|gen|9\n|tier|[Gen 9] Ubers\n|rated|\n|rule|Sleep Clause Mod: Limit one foe put to sleep\n|rule|Species Clause: Limit one of each Pok\u00e9mon\n|rule|OHKO Clause: OHKO moves are banned\n|rule|Evasion Items Clause: Evasion items are banned\n|rule|Evasion Moves Clause: Evasion moves are banned\n|rule|Endless Battle Clause: Forcing endless battles is banned\n|rule|HP Percentage Mod: HP is shown in percentages\n|clearpoke\n|poke|p1|Koraidon|\n|poke|p1|Flutter Mane|\n|poke|p1|Chi-Yu|\n|poke|p1|Great Tusk|\n|poke|p1|Zacian-*|\n|poke|p1|Urshifu-*, F|\n|poke|p2|Revavroom, F|\n|poke|p2|Mabosstiff, M|\n|poke|p2|Cyclizar, F|\n|poke|p2|Maushold|\n|poke|p2|Ceruledge, M|\n|poke|p2|Baxcalibur, F|\n|teampreview\n|inactive|Battle timer is ON: inactive players will automatically lose when time's up. (requested by Leovaldezdalton)\n|\n|t:|1697912084\n|start\n|switch|p1a: Koraidon|Koraidon|100\/100\n|switch|p2a: Mabosstiff|Mabosstiff, M|100\/100\n|-weather|SunnyDay|[from] ability: Orichalcum Pulse|[of] p1a: Koraidon\n|-activate|p1a: Koraidon|Orichalcum Pulse|[source]\n|-ability|p2a: Mabosstiff|Intimidate|boost\n|-unboost|p1a: Koraidon|atk|1\n|turn|1\n|\n|t:|1697912107\n|switch|p1a: Flutter Mane|Flutter Mane|100\/100\n|-activate|p1a: Flutter Mane|ability: Protosynthesis\n|-start|p1a: Flutter Mane|protosynthesisspe\n|-terastallize|p2a: Mabosstiff|Fairy\n|move|p2a: Mabosstiff|Play Rough|p1a: Flutter Mane|[miss]\n|-miss|p2a: Mabosstiff|p1a: Flutter Mane\n|\n|-weather|SunnyDay|[upkeep]\n|upkeep\n|turn|2\n|\n|t:|1697912115\n|switch|p2a: Cyclizar|Cyclizar, F|100\/100\n|move|p1a: Flutter Mane|Shadow Ball|p2a: Cyclizar\n|-immune|p2a: Cyclizar\n|\n|-weather|SunnyDay|[upkeep]\n|upkeep\n|turn|3\n|\n|t:|1697912126\n|-end|p1a: Flutter Mane|Protosynthesis|[silent]\n|switch|p1a: Chi-Yu|Chi-Yu|100\/100\n|-ability|p1a: Chi-Yu|Beads of Ruin\n|move|p2a: Cyclizar|Shed Tail|p2a: Cyclizar\n|-start|p2a: Cyclizar|Substitute|[from] move: Shed Tail\n|-damage|p2a: Cyclizar|50\/100\n|\n|t:|1697912131\n|switch|p2a: Maushold|Maushold|100\/100|[from] Shed Tail\n|\n|-weather|SunnyDay|[upkeep]\n|upkeep\n|turn|4\n|\n|t:|1697912136\n|move|p2a: Maushold|Tidy Up|p2a: Maushold\n|-end|p2a: Maushold|Substitute\n|-activate|p2a: Maushold|move: Tidy Up\n|-boost|p2a: Maushold|atk|1\n|-boost|p2a: Maushold|spe|1\n|move|p1a: Chi-Yu|Lava Plume|p2a: Maushold\n|-damage|p2a: Maushold|0 fnt\n|faint|p2a: Maushold\n|\n|-weather|SunnyDay|[upkeep]\n|upkeep\n|\n|t:|1697912148\n|switch|p2a: Cyclizar|Cyclizar, F|83\/100\n|turn|5\n|\n|t:|1697912152\n|move|p2a: Cyclizar|Body Slam|p1a: Chi-Yu\n|-damage|p1a: Chi-Yu|40\/100\n|move|p1a: Chi-Yu|Lava Plume|p2a: Cyclizar\n|-resisted|p2a: Cyclizar\n|-damage|p2a: Cyclizar|0 fnt\n|faint|p2a: Cyclizar\n|\n|-weather|none\n|upkeep\n|\n|t:|1697912159\n|switch|p2a: Ceruledge|Ceruledge, M|100\/100\n|turn|6\n|\n|t:|1697912163\n|switch|p1a: Urshifu|Urshifu-Rapid-Strike, F|100\/100\n|move|p2a: Ceruledge|Swords Dance|p2a: Ceruledge\n|-boost|p2a: Ceruledge|atk|2\n|\n|upkeep\n|turn|7\n|\n|t:|1697912169\n|move|p2a: Ceruledge|Poltergeist|p1a: Urshifu\n|-activate|p1a: Urshifu|move: Poltergeist|Life Orb\n|-damage|p1a: Urshifu|0 fnt\n|faint|p1a: Urshifu\n|-damage|p2a: Ceruledge|91\/100|[from] item: Life Orb\n|\n|upkeep\n|\n|t:|1697912175\n|switch|p1a: Koraidon|Koraidon|100\/100\n|-weather|SunnyDay|[from] ability: Orichalcum Pulse|[of] p1a: Koraidon\n|-activate|p1a: Koraidon|Orichalcum Pulse|[source]\n|turn|8\n|\n|t:|1697912192\n|switch|p1a: Flutter Mane|Flutter Mane|100\/100\n|-activate|p1a: Flutter Mane|ability: Protosynthesis\n|-start|p1a: Flutter Mane|protosynthesisspe\n|move|p2a: Ceruledge|Poltergeist|p1a: Flutter Mane\n|-activate|p1a: Flutter Mane|move: Poltergeist|Choice Specs\n|-supereffective|p1a: Flutter Mane\n|-damage|p1a: Flutter Mane|0 fnt\n|faint|p1a: Flutter Mane\n|-end|p1a: Flutter Mane|Protosynthesis|[silent]\n|-damage|p2a: Ceruledge|81\/100|[from] item: Life Orb\n|\n|-weather|SunnyDay|[upkeep]\n|upkeep\n|\n|t:|1697912195\n|switch|p1a: Zacian|Zacian-Crowned, shiny|100\/100\n|-ability|p1a: Zacian|Intrepid Sword|boost\n|-boost|p1a: Zacian|atk|1\n|turn|9\n|\n|t:|1697912203\n|move|p1a: Zacian|Play Rough|p2a: Ceruledge|[miss]\n|-miss|p1a: Zacian|p2a: Ceruledge\n|move|p2a: Ceruledge|Bitter Blade|p1a: Zacian\n|-supereffective|p1a: Zacian\n|-damage|p1a: Zacian|0 fnt\n|-heal|p2a: Ceruledge|100\/100|[from] drain|[of] p1a: Zacian\n|faint|p1a: Zacian\n|-damage|p2a: Ceruledge|91\/100|[from] item: Life Orb\n|\n|-weather|SunnyDay|[upkeep]\n|upkeep\n|\n|t:|1697912215\n|switch|p1a: Koraidon|Koraidon|100\/100\n|-activate|p1a: Koraidon|ability: Orichalcum Pulse\n|turn|10\n|\n|t:|1697912222\n|move|p1a: Koraidon|Dragon Claw|p2a: Ceruledge\n|-damage|p2a: Ceruledge|16\/100\n|-ability|p2a: Ceruledge|Weak Armor|boost\n|-unboost|p2a: Ceruledge|def|1\n|-boost|p2a: Ceruledge|spe|2\n|move|p2a: Ceruledge|Poltergeist|p1a: Koraidon\n|-activate|p1a: Koraidon|move: Poltergeist|Heavy-Duty Boots\n|-damage|p1a: Koraidon|0 fnt\n|faint|p1a: Koraidon\n|-damage|p2a: Ceruledge|6\/100|[from] item: Life Orb\n|\n|-weather|SunnyDay|[upkeep]\n|upkeep\n|\n|t:|1697912227\n|switch|p1a: Great Tusk|Great Tusk|100\/100\n|-activate|p1a: Great Tusk|ability: Protosynthesis\n|-start|p1a: Great Tusk|protosynthesisatk\n|turn|11\n|\n|t:|1697912232\n|move|p2a: Ceruledge|Poltergeist|p1a: Great Tusk\n|-activate|p1a: Great Tusk|move: Poltergeist|Assault Vest\n|-damage|p1a: Great Tusk|12\/100\n|-damage|p2a: Ceruledge|0 fnt|[from] item: Life Orb\n|faint|p2a: Ceruledge\n|move|p1a: Great Tusk|Play Rough|p2: Ceruledge|[notarget]\n|-fail|p1a: Great Tusk\n|\n|-weather|SunnyDay|[upkeep]\n|upkeep\n|\n|t:|1697912239\n|switch|p2a: Mabosstiff|Mabosstiff, M, tera:Fairy|100\/100\n|-ability|p2a: Mabosstiff|Intimidate|boost\n|-unboost|p1a: Great Tusk|atk|1\n|turn|12\n|\n|t:|1697912248\n|move|p2a: Mabosstiff|Play Rough|p1a: Great Tusk\n|-supereffective|p1a: Great Tusk\n|-damage|p1a: Great Tusk|0 fnt\n|faint|p1a: Great Tusk\n|-end|p1a: Great Tusk|Protosynthesis|[silent]\n|\n|-weather|none\n|upkeep\n|\n|t:|1697912251\n|switch|p1a: Chi-Yu|Chi-Yu|40\/100\n|-ability|p1a: Chi-Yu|Beads of Ruin\n|turn|13\n|c|\u2606Leovaldezdalton|How did you lose this\n|\n|t:|1697912260\n|move|p1a: Chi-Yu|Hex|p2a: Mabosstiff\n|-damage|p2a: Mabosstiff|21\/100\n|move|p2a: Mabosstiff|Play Rough|p1a: Chi-Yu\n|-damage|p1a: Chi-Yu|0 fnt\n|faint|p1a: Chi-Yu\n|\n|win|Leovaldezdalton\n|raw|Biden888's rating: 1101 &rarr; <strong>1072<\/strong><br \/>(-29 for losing)\n|raw|Leovaldezdalton's rating: 1041 &rarr; <strong>1081<\/strong><br \/>(+40 for winning)\n|l|\u2606Biden888\n","uploadtime":1697912272,"views":9,"p1id":"biden888","p2id":"leovaldezdalton","formatid":"gen9ubers","rating":1072,"private":0,"password":""}