{"id":"gen9ubers-1973083515","p1":"Derpyderk","p2":"BossShuckle","format":"[Gen 9] Ubers","log":"|j|\u2606Derpyderk\n|j|\u2606BossShuckle\n|t:|1697925768\n|gametype|singles\n|player|p1|Derpyderk|brycenman|\n|player|p2|BossShuckle|veteran|\n|teamsize|p1|6\n|teamsize|p2|6\n|gen|9\n|tier|[Gen 9] Ubers\n|rule|Sleep Clause Mod: Limit one foe put to sleep\n|rule|Species Clause: Limit one of each Pok\u00e9mon\n|rule|OHKO Clause: OHKO moves are banned\n|rule|Evasion Items Clause: Evasion items are banned\n|rule|Evasion Moves Clause: Evasion moves are banned\n|rule|Endless Battle Clause: Forcing endless battles is banned\n|rule|HP Percentage Mod: HP is shown in percentages\n|clearpoke\n|poke|p1|Dragapult, F|\n|poke|p1|Munkidori, M|\n|poke|p1|Barraskewda, M|\n|poke|p1|Conkeldurr, F|\n|poke|p1|Toedscruel, F|\n|poke|p1|Bombirdier, M|\n|poke|p2|Iron Hands|\n|poke|p2|Bronzong|\n|poke|p2|Tyranitar, M|\n|poke|p2|Brambleghast, M|\n|poke|p2|Slowbro, M|\n|poke|p2|Amoonguss, F|\n|teampreview\n|j| DerekGrish\n|j| KingDuns\n|j| ajpjlm\n|c|\u2606Derpyderk|Mc Drippy activate\n|c| KingDuns|Start\n|inactive|Battle timer is ON: inactive players will automatically lose when time's up. (requested by Derpyderk)\n|\n|t:|1697925827\n|start\n|switch|p1a: Ghost PP|Dragapult, F, shiny|100\/100\n|switch|p2a: Pizza Hut|Tyranitar, M|100\/100\n|-weather|Sandstorm|[from] ability: Sand Stream|[of] p2a: Pizza Hut\n|turn|1\n|c| KingDuns|Shut tf up derick\n|\n|t:|1697925840\n|move|p1a: Ghost PP|Will-O-Wisp|p2a: Pizza Hut\n|-status|p2a: Pizza Hut|brn\n|move|p2a: Pizza Hut|Stealth Rock|p1a: Ghost PP\n|-sidestart|p1: Derpyderk|move: Stealth Rock\n|\n|-weather|Sandstorm|[upkeep]\n|-damage|p1a: Ghost PP|94\/100|[from] Sandstorm\n|-damage|p2a: Pizza Hut|94\/100 brn|[from] brn\n|upkeep\n|turn|2\n|c|\u2606Derpyderk|no u\n|c|\u2606BossShuckle|no u\n|inactive|Derpyderk has 270 seconds left.\n|\n|t:|1697925885\n|move|p1a: Ghost PP|Hex|p2a: Pizza Hut\n|-resisted|p2a: Pizza Hut\n|-damage|p2a: Pizza Hut|81\/100 brn\n|move|p2a: Pizza Hut|Knock Off|p1a: Ghost PP\n|-supereffective|p1a: Ghost PP\n|-enditem|p1a: Ghost PP|Colbur Berry|[eat]\n|-enditem|p1a: Ghost PP|Colbur Berry|[weaken]\n|-damage|p1a: Ghost PP|66\/100\n|\n|-weather|Sandstorm|[upkeep]\n|-damage|p1a: Ghost PP|60\/100|[from] Sandstorm\n|-heal|p2a: Pizza Hut|88\/100 brn|[from] item: Leftovers\n|-damage|p2a: Pizza Hut|81\/100 brn|[from] brn\n|upkeep\n|turn|3\n|\n|t:|1697925898\n|move|p1a: Ghost PP|U-turn|p2a: Pizza Hut\n|-supereffective|p2a: Pizza Hut\n|-damage|p2a: Pizza Hut|54\/100 brn\n|\n|t:|1697925910\n|switch|p1a: Conker-Donker|Conkeldurr, F|100\/100|[from] U-turn\n|-damage|p1a: Conker-Donker|94\/100|[from] Stealth Rock\n|move|p2a: Pizza Hut|Knock Off|p1a: Conker-Donker\n|-resisted|p1a: Conker-Donker\n|-damage|p1a: Conker-Donker|85\/100\n|-enditem|p1a: Conker-Donker|Flame Orb|[from] move: Knock Off|[of] p2a: Pizza Hut\n|\n|-weather|Sandstorm|[upkeep]\n|-damage|p1a: Conker-Donker|79\/100|[from] Sandstorm\n|-heal|p2a: Pizza Hut|60\/100 brn|[from] item: Leftovers\n|-damage|p2a: Pizza Hut|54\/100 brn|[from] brn\n|upkeep\n|turn|4\n|\n|t:|1697925932\n|switch|p2a: SlowJoe|Slowbro, M|100\/100\n|move|p1a: Conker-Donker|Knock Off|p2a: SlowJoe\n|-supereffective|p2a: SlowJoe\n|-enditem|p2a: SlowJoe|Colbur Berry|[eat]\n|-enditem|p2a: SlowJoe|Colbur Berry|[weaken]\n|-damage|p2a: SlowJoe|77\/100\n|\n|-weather|Sandstorm|[upkeep]\n|-damage|p1a: Conker-Donker|73\/100|[from] Sandstorm\n|-damage|p2a: SlowJoe|70\/100|[from] Sandstorm\n|upkeep\n|turn|5\n|inactive|Derpyderk has 240 seconds left.\n|\n|t:|1697925973\n|switch|p1a: Stank Monkey|Munkidori, M|100\/100\n|-damage|p1a: Stank Monkey|88\/100|[from] Stealth Rock\n|move|p2a: SlowJoe|Psychic|p1a: Stank Monkey\n|-damage|p1a: Stank Monkey|54\/100\n|\n|-weather|none\n|upkeep\n|turn|6\n|\n|t:|1697925984\n|switch|p2a: Pizza Hut|Tyranitar, M|54\/100 brn\n|-weather|Sandstorm|[from] ability: Sand Stream|[of] p2a: Pizza Hut\n|move|p1a: Stank Monkey|Substitute|p1a: Stank Monkey\n|-start|p1a: Stank Monkey|Substitute\n|-damage|p1a: Stank Monkey|29\/100\n|\n|-weather|Sandstorm|[upkeep]\n|-damage|p1a: Stank Monkey|23\/100|[from] Sandstorm\n|-heal|p2a: Pizza Hut|60\/100 brn|[from] item: Leftovers\n|-damage|p2a: Pizza Hut|54\/100 brn|[from] brn\n|upkeep\n|turn|7\n|\n|t:|1697925997\n|move|p1a: Stank Monkey|Grass Knot|p2a: Pizza Hut\n|-supereffective|p2a: Pizza Hut\n|-damage|p2a: Pizza Hut|5\/100 brn\n|move|p2a: Pizza Hut|Knock Off|p1a: Stank Monkey\n|-supereffective|p1a: Stank Monkey\n|-end|p1a: Stank Monkey|Substitute\n|\n|-weather|Sandstorm|[upkeep]\n|-damage|p1a: Stank Monkey|17\/100|[from] Sandstorm\n|-heal|p2a: Pizza Hut|12\/100 brn|[from] item: Leftovers\n|-damage|p2a: Pizza Hut|5\/100 brn|[from] brn\n|upkeep\n|turn|8\n|\n|t:|1697926012\n|switch|p2a: Taco Bell|Brambleghast, M|100\/100\n|move|p1a: Stank Monkey|Grass Knot|p2a: Taco Bell\n|-resisted|p2a: Taco Bell\n|-damage|p2a: Taco Bell|93\/100\n|-status|p2a: Taco Bell|tox|[from] ability: Toxic Chain|[of] p1a: Stank Monkey\n|\n|-weather|Sandstorm|[upkeep]\n|-damage|p1a: Stank Monkey|11\/100|[from] Sandstorm\n|-damage|p2a: Taco Bell|87\/100 tox|[from] Sandstorm\n|-damage|p2a: Taco Bell|81\/100 tox|[from] psn\n|upkeep\n|turn|9\n|\n|t:|1697926026\n|move|p2a: Taco Bell|Shadow Sneak|p1a: Stank Monkey\n|-supereffective|p1a: Stank Monkey\n|-damage|p1a: Stank Monkey|0 fnt\n|faint|p1a: Stank Monkey\n|\n|-weather|Sandstorm|[upkeep]\n|-damage|p2a: Taco Bell|75\/100 tox|[from] Sandstorm\n|-damage|p2a: Taco Bell|63\/100 tox|[from] psn\n|upkeep\n|inactive|Derpyderk has 210 seconds left.\n|\n|t:|1697926046\n|switch|p1a: Joe's Sandwich|Bombirdier, M|100\/100\n|-damage|p1a: Joe's Sandwich|76\/100|[from] Stealth Rock\n|turn|10\n|inactive|Derpyderk has 210 seconds left.\n|inactive|BossShuckle has 270 seconds left.\n|\n|t:|1697926080\n|switch|p2a: SlowJoe|Slowbro, M|100\/100\n|move|p1a: Joe's Sandwich|Knock Off|p2a: SlowJoe\n|-supereffective|p2a: SlowJoe\n|-damage|p2a: SlowJoe|73\/100\n|\n|-weather|none\n|-heal|p1a: Joe's Sandwich|82\/100|[from] item: Leftovers\n|upkeep\n|turn|11\n|inactive|Derpyderk has 210 seconds left.\n|inactive|BossShuckle has 270 seconds left.\n|\n|t:|1697926100\n|move|p1a: Joe's Sandwich|Parting Shot|p2a: SlowJoe\n|-unboost|p2a: SlowJoe|atk|1\n|-unboost|p2a: SlowJoe|spa|1\n|\n|t:|1697926106\n|switch|p1a: Conker-Donker|Conkeldurr, F|73\/100|[from] Parting Shot\n|-damage|p1a: Conker-Donker|67\/100|[from] Stealth Rock\n|move|p2a: SlowJoe|Yawn|p1a: Conker-Donker\n|-start|p1a: Conker-Donker|move: Yawn|[of] p2a: SlowJoe\n|\n|upkeep\n|turn|12\n|inactive|Derpyderk has 210 seconds left.\n|\n|t:|1697926128\n|switch|p1a: Ten-Tickles|Toedscruel, F|100\/100\n|-damage|p1a: Ten-Tickles|94\/100|[from] Stealth Rock\n|move|p2a: SlowJoe|Psychic|p1a: Ten-Tickles\n|-damage|p1a: Ten-Tickles|79\/100\n|\n|upkeep\n|turn|13\n|\n|t:|1697926149\n|switch|p2a: Jokes Dead|Amoonguss, F|100\/100\n|move|p1a: Ten-Tickles|Toxic Spikes|p2a: Jokes Dead\n|-sidestart|p2: BossShuckle|move: Toxic Spikes\n|\n|upkeep\n|turn|14\n|inactive|Derpyderk has 180 seconds left.\n|\n|t:|1697926175\n|switch|p1a: Joe's Sandwich|Bombirdier, M|82\/100\n|-damage|p1a: Joe's Sandwich|57\/100|[from] Stealth Rock\n|move|p2a: Jokes Dead|Sludge Bomb|p1a: Joe's Sandwich\n|-damage|p1a: Joe's Sandwich|27\/100\n|\n|-heal|p1a: Joe's Sandwich|33\/100|[from] item: Leftovers\n|upkeep\n|turn|15\n|\n|t:|1697926194\n|switch|p2a: Jail Bird|Bronzong|100\/100\n|move|p1a: Joe's Sandwich|Roost|p1a: Joe's Sandwich\n|-heal|p1a: Joe's Sandwich|83\/100\n|-singleturn|p1a: Joe's Sandwich|move: Roost\n|\n|-heal|p1a: Joe's Sandwich|89\/100|[from] item: Leftovers\n|upkeep\n|turn|16\n|\n|t:|1697926204\n|move|p1a: Joe's Sandwich|Knock Off|p2a: Jail Bird\n|-supereffective|p2a: Jail Bird\n|-damage|p2a: Jail Bird|47\/100\n|-enditem|p2a: Jail Bird|Leftovers|[from] move: Knock Off|[of] p1a: Joe's Sandwich\n|move|p2a: Jail Bird|Calm Mind|p2a: Jail Bird\n|-boost|p2a: Jail Bird|spa|1\n|-boost|p2a: Jail Bird|spd|1\n|\n|-heal|p1a: Joe's Sandwich|96\/100|[from] item: Leftovers\n|upkeep\n|turn|17\n|inactive|BossShuckle has 270 seconds left.\n|\n|t:|1697926237\n|switch|p2a: Pizza Hut|Tyranitar, M|5\/100 brn\n|-weather|Sandstorm|[from] ability: Sand Stream|[of] p2a: Pizza Hut\n|move|p1a: Joe's Sandwich|Parting Shot|p2a: Pizza Hut\n|-unboost|p2a: Pizza Hut|atk|1\n|-unboost|p2a: Pizza Hut|spa|1\n|inactive|Derpyderk has 150 seconds left.\n|\n|t:|1697926248\n|switch|p1a: Ghost PP|Dragapult, F, shiny|60\/100|[from] Parting Shot\n|-damage|p1a: Ghost PP|47\/100|[from] Stealth Rock\n|\n|-weather|Sandstorm|[upkeep]\n|-damage|p1a: Ghost PP|41\/100|[from] Sandstorm\n|-heal|p2a: Pizza Hut|12\/100 brn|[from] item: Leftovers\n|-damage|p2a: Pizza Hut|5\/100 brn|[from] brn\n|upkeep\n|turn|18\n|inactive|Derpyderk has 150 seconds left.\n|inactive|BossShuckle has 270 seconds left.\n|\n|t:|1697926261\n|move|p1a: Ghost PP|Hex|p2a: Pizza Hut\n|-resisted|p2a: Pizza Hut\n|-damage|p2a: Pizza Hut|0 fnt\n|faint|p2a: Pizza Hut\n|\n|-weather|Sandstorm|[upkeep]\n|-damage|p1a: Ghost PP|35\/100|[from] Sandstorm\n|upkeep\n|inactive|BossShuckle has 270 seconds left.\n|\n|t:|1697926267\n|switch|p2a: Taco Bell|Brambleghast, M|63\/100 tox\n|turn|19\n|inactive|Derpyderk has 150 seconds left.\n|inactive|BossShuckle has 270 seconds left.\n|\n|t:|1697926297\n|switch|p1a: Joe's Sandwich|Bombirdier, M|96\/100\n|-damage|p1a: Joe's Sandwich|71\/100|[from] Stealth Rock\n|move|p2a: Taco Bell|Poltergeist|p1a: Joe's Sandwich\n|-activate|p1a: Joe's Sandwich|move: Poltergeist|Leftovers\n|-resisted|p1a: Joe's Sandwich\n|-damage|p1a: Joe's Sandwich|45\/100\n|\n|-weather|Sandstorm|[upkeep]\n|-damage|p2a: Taco Bell|57\/100 tox|[from] Sandstorm\n|-damage|p1a: Joe's Sandwich|39\/100|[from] Sandstorm\n|-heal|p1a: Joe's Sandwich|45\/100|[from] item: Leftovers\n|-damage|p2a: Taco Bell|51\/100 tox|[from] psn\n|upkeep\n|turn|20\n|inactive|BossShuckle has 270 seconds left.\n|inactive|Derpyderk has 150 seconds left.\n|\n|t:|1697926320\n|switch|p2a: Catch Deez|Iron Hands|100\/100\n|-status|p2a: Catch Deez|psn\n|move|p1a: Joe's Sandwich|Roost|p1a: Joe's Sandwich\n|-heal|p1a: Joe's Sandwich|96\/100\n|-singleturn|p1a: Joe's Sandwich|move: Roost\n|\n|-weather|Sandstorm|[upkeep]\n|-damage|p1a: Joe's Sandwich|89\/100|[from] Sandstorm\n|-damage|p2a: Catch Deez|94\/100 psn|[from] Sandstorm\n|-heal|p1a: Joe's Sandwich|96\/100|[from] item: Leftovers\n|-damage|p2a: Catch Deez|82\/100 psn|[from] psn\n|upkeep\n|turn|21\n|inactive|Derpyderk has 150 seconds left.\n|\n|t:|1697926338\n|move|p1a: Joe's Sandwich|Parting Shot|p2a: Catch Deez\n|-unboost|p2a: Catch Deez|atk|1\n|-unboost|p2a: Catch Deez|spa|1\n|\n|t:|1697926352\n|switch|p1a: Conker-Donker|Conkeldurr, F|67\/100|[from] Parting Shot\n|-damage|p1a: Conker-Donker|61\/100|[from] Stealth Rock\n|move|p2a: Catch Deez|Wild Charge|p1a: Conker-Donker\n|-damage|p1a: Conker-Donker|30\/100\n|-damage|p2a: Catch Deez|75\/100 psn|[from] Recoil\n|\n|-weather|none\n|-damage|p2a: Catch Deez|63\/100 psn|[from] psn\n|upkeep\n|turn|22\n|\n|t:|1697926378\n|-end|p2a: Catch Deez|Quark Drive|[silent]\n|switch|p2a: SlowJoe|Slowbro, M|100\/100\n|-status|p2a: SlowJoe|psn\n|move|p1a: Conker-Donker|Drain Punch|p2a: SlowJoe\n|-resisted|p2a: SlowJoe\n|-damage|p2a: SlowJoe|88\/100 psn\n|-heal|p1a: Conker-Donker|36\/100|[from] drain|[of] p2a: SlowJoe\n|\n|-damage|p2a: SlowJoe|76\/100 psn|[from] psn\n|upkeep\n|turn|23\n|\n|t:|1697926394\n|switch|p1a: Joe's Sandwich|Bombirdier, M|96\/100\n|-damage|p1a: Joe's Sandwich|71\/100|[from] Stealth Rock\n|move|p2a: SlowJoe|Psychic|p1a: Joe's Sandwich\n|-immune|p1a: Joe's Sandwich\n|\n|-heal|p1a: Joe's Sandwich|77\/100|[from] item: Leftovers\n|-damage|p2a: SlowJoe|63\/100 psn|[from] psn\n|upkeep\n|turn|24\n|inactive|BossShuckle has 240 seconds left.\n|\n|t:|1697926428\n|switch|p2a: Jokes Dead|Amoonguss, F|100\/100\n|-sideend|p2: BossShuckle|move: Toxic Spikes|[of] p2a: Jokes Dead\n|move|p1a: Joe's Sandwich|Brave Bird|p2a: Jokes Dead\n|-supereffective|p2a: Jokes Dead\n|-damage|p2a: Jokes Dead|28\/100\n|-damage|p1a: Joe's Sandwich|47\/100|[from] Recoil\n|\n|-heal|p1a: Joe's Sandwich|53\/100|[from] item: Leftovers\n|-heal|p2a: Jokes Dead|35\/100|[from] item: Black Sludge\n|upkeep\n|turn|25\n|inactive|BossShuckle has 240 seconds left.\n|\n|t:|1697926442\n|switch|p2a: Jail Bird|Bronzong|47\/100\n|move|p1a: Joe's Sandwich|Brave Bird|p2a: Jail Bird\n|-resisted|p2a: Jail Bird\n|-damage|p2a: Jail Bird|33\/100\n|-damage|p1a: Joe's Sandwich|48\/100|[from] Recoil\n|\n|-heal|p1a: Joe's Sandwich|54\/100|[from] item: Leftovers\n|upkeep\n|turn|26\n|inactive|BossShuckle has 240 seconds left.\n|inactive|Derpyderk has 120 seconds left.\n|inactive|BossShuckle has 210 seconds left.\n|\n|t:|1697926485\n|switch|p2a: Jokes Dead|Amoonguss, F|68\/100\n|move|p1a: Joe's Sandwich|Parting Shot|p2a: Jokes Dead\n|-unboost|p2a: Jokes Dead|atk|1\n|-unboost|p2a: Jokes Dead|spa|1\n|\n|t:|1697926495\n|switch|p1a: Am I Feesh?|Barraskewda, M, shiny|100\/100|[from] Parting Shot\n|-damage|p1a: Am I Feesh?|88\/100|[from] Stealth Rock\n|\n|-heal|p2a: Jokes Dead|74\/100|[from] item: Black Sludge\n|upkeep\n|turn|27\n|inactive|BossShuckle has 210 seconds left.\n|\n|t:|1697926511\n|switch|p2a: SlowJoe|Slowbro, M|96\/100 psn\n|move|p1a: Am I Feesh?|Psychic Fangs|p2a: SlowJoe\n|-resisted|p2a: SlowJoe\n|-damage|p2a: SlowJoe|82\/100 psn\n|\n|-damage|p2a: SlowJoe|69\/100 psn|[from] psn\n|upkeep\n|turn|28\n|inactive|Derpyderk has 120 seconds left.\n|inactive|BossShuckle has 210 seconds left.\n|\n|t:|1697926529\n|switch|p1a: Joe's Sandwich|Bombirdier, M|54\/100\n|-damage|p1a: Joe's Sandwich|30\/100|[from] Stealth Rock\n|move|p2a: SlowJoe|Psychic|p1a: Joe's Sandwich\n|-immune|p1a: Joe's Sandwich\n|\n|-heal|p1a: Joe's Sandwich|36\/100|[from] item: Leftovers\n|-damage|p2a: SlowJoe|57\/100 psn|[from] psn\n|upkeep\n|turn|29\n|inactive|BossShuckle has 210 seconds left.\n|\n|t:|1697926540\n|move|p1a: Joe's Sandwich|Roost|p1a: Joe's Sandwich\n|-heal|p1a: Joe's Sandwich|86\/100\n|-singleturn|p1a: Joe's Sandwich|move: Roost\n|move|p2a: SlowJoe|Foul Play|p1a: Joe's Sandwich\n|-resisted|p1a: Joe's Sandwich\n|-damage|p1a: Joe's Sandwich|75\/100\n|\n|-heal|p1a: Joe's Sandwich|82\/100|[from] item: Leftovers\n|-damage|p2a: SlowJoe|45\/100 psn|[from] psn\n|upkeep\n|turn|30\n|inactive|BossShuckle has 210 seconds left.\n|\n|t:|1697926557\n|switch|p2a: Jokes Dead|Amoonguss, F|100\/100\n|move|p1a: Joe's Sandwich|Brave Bird|p2a: Jokes Dead\n|-supereffective|p2a: Jokes Dead\n|-damage|p2a: Jokes Dead|27\/100\n|-damage|p1a: Joe's Sandwich|51\/100|[from] Recoil\n|\n|-heal|p1a: Joe's Sandwich|57\/100|[from] item: Leftovers\n|-heal|p2a: Jokes Dead|33\/100|[from] item: Black Sludge\n|upkeep\n|turn|31\n|inactive|Derpyderk has 120 seconds left.\n|inactive|BossShuckle has 210 seconds left.\n|c|\u2606Derpyderk|sandwich getting away from ye again joe\n|\n|t:|1697926571\n|switch|p2a: Catch Deez|Iron Hands|63\/100 psn\n|move|p1a: Joe's Sandwich|Brave Bird|p2a: Catch Deez\n|-damage|p2a: Catch Deez|34\/100 psn\n|-damage|p1a: Joe's Sandwich|44\/100|[from] Recoil\n|\n|-heal|p1a: Joe's Sandwich|50\/100|[from] item: Leftovers\n|-damage|p2a: Catch Deez|21\/100 psn|[from] psn\n|upkeep\n|turn|32\n|inactive|Derpyderk has 120 seconds left.\n|inactive|BossShuckle has 210 seconds left.\n|\n|t:|1697926584\n|move|p1a: Joe's Sandwich|Parting Shot|p2a: Catch Deez\n|-unboost|p2a: Catch Deez|atk|1\n|-unboost|p2a: Catch Deez|spa|1\n|\n|t:|1697926587\n|switch|p1a: Conker-Donker|Conkeldurr, F|36\/100|[from] Parting Shot\n|-damage|p1a: Conker-Donker|30\/100|[from] Stealth Rock\n|move|p2a: Catch Deez|Wild Charge|p1a: Conker-Donker\n|-damage|p1a: Conker-Donker|0 fnt\n|faint|p1a: Conker-Donker\n|-damage|p2a: Catch Deez|15\/100 psn|[from] Recoil\n|\n|-damage|p2a: Catch Deez|3\/100 psn|[from] psn\n|upkeep\n|inactive|Derpyderk has 120 seconds left.\n|\n|t:|1697926607\n|switch|p1a: Ten-Tickles|Toedscruel, F|79\/100\n|-damage|p1a: Ten-Tickles|73\/100|[from] Stealth Rock\n|turn|33\n|\n|t:|1697926624\n|move|p1a: Ten-Tickles|Leaf Storm|p2a: Catch Deez\n|-damage|p2a: Catch Deez|0 fnt\n|-unboost|p1a: Ten-Tickles|spa|2\n|faint|p2a: Catch Deez\n|-end|p2a: Catch Deez|Quark Drive|[silent]\n|\n|upkeep\n|\n|t:|1697926630\n|switch|p2a: Jokes Dead|Amoonguss, F|66\/100\n|turn|34\n|\n|t:|1697926654\n|move|p2a: Jokes Dead|Sludge Bomb|p1a: Ten-Tickles\n|-damage|p1a: Ten-Tickles|50\/100\n|move|p1a: Ten-Tickles|Toxic Spikes|p2a: Jokes Dead\n|-sidestart|p2: BossShuckle|move: Toxic Spikes\n|\n|-heal|p2a: Jokes Dead|73\/100|[from] item: Black Sludge\n|upkeep\n|turn|35\n|\n|t:|1697926677\n|switch|p1a: Joe's Sandwich|Bombirdier, M|50\/100\n|-damage|p1a: Joe's Sandwich|25\/100|[from] Stealth Rock\n|move|p2a: Jokes Dead|Sludge Bomb|p1a: Joe's Sandwich\n|-damage|p1a: Joe's Sandwich|0 fnt\n|faint|p1a: Joe's Sandwich\n|\n|-heal|p2a: Jokes Dead|79\/100|[from] item: Black Sludge\n|upkeep\n|inactive|Derpyderk has 90 seconds left.\n|\n|t:|1697926688\n|switch|p1a: Am I Feesh?|Barraskewda, M, shiny|88\/100\n|-damage|p1a: Am I Feesh?|76\/100|[from] Stealth Rock\n|turn|36\n|inactive|BossShuckle has 240 seconds left.\n|inactive|Derpyderk has 90 seconds left.\n|\n|t:|1697926719\n|switch|p2a: SlowJoe|Slowbro, M|78\/100 psn\n|move|p1a: Am I Feesh?|Psychic Fangs|p2a: SlowJoe\n|-resisted|p2a: SlowJoe\n|-damage|p2a: SlowJoe|64\/100 psn\n|\n|-damage|p2a: SlowJoe|52\/100 psn|[from] psn\n|upkeep\n|turn|37\n|inactive|BossShuckle has 240 seconds left.\n|\n|t:|1697926732\n|switch|p1a: Ten-Tickles|Toedscruel, F|50\/100\n|-damage|p1a: Ten-Tickles|44\/100|[from] Stealth Rock\n|move|p2a: SlowJoe|Yawn|p1a: Ten-Tickles\n|-start|p1a: Ten-Tickles|move: Yawn|[of] p2a: SlowJoe\n|\n|-damage|p2a: SlowJoe|39\/100 psn|[from] psn\n|upkeep\n|turn|38\n|inactive|BossShuckle has 240 seconds left.\n|\n|t:|1697926740\n|move|p1a: Ten-Tickles|Rapid Spin|p2a: SlowJoe\n|-damage|p2a: SlowJoe|35\/100 psn\n|-boost|p1a: Ten-Tickles|spe|1\n|-sideend|p1: Derpyderk|Stealth Rock|[from] move: Rapid Spin|[of] p1a: Ten-Tickles\n|move|p2a: SlowJoe|Slack Off|p2a: SlowJoe\n|-heal|p2a: SlowJoe|85\/100 psn\n|\n|-damage|p2a: SlowJoe|72\/100 psn|[from] psn\n|-end|p1a: Ten-Tickles|move: Yawn|[silent]\n|-status|p1a: Ten-Tickles|slp\n|upkeep\n|turn|39\n|inactive|Derpyderk has 90 seconds left.\n|inactive|BossShuckle has 240 seconds left.\n|c| ajpjlm|derick is braindead\n|\n|t:|1697926752\n|cant|p1a: Ten-Tickles|slp\n|move|p2a: SlowJoe|Psychic|p1a: Ten-Tickles\n|-damage|p1a: Ten-Tickles|19\/100 slp\n|\n|-damage|p2a: SlowJoe|60\/100 psn|[from] psn\n|upkeep\n|turn|40\n|c| KingDuns|^\n|inactive|Derpyderk has 90 seconds left.\n|\n|t:|1697926758\n|cant|p1a: Ten-Tickles|slp\n|move|p2a: SlowJoe|Psychic|p1a: Ten-Tickles\n|-damage|p1a: Ten-Tickles|0 fnt\n|faint|p1a: Ten-Tickles\n|\n|-damage|p2a: SlowJoe|47\/100 psn|[from] psn\n|upkeep\n|inactive|Derpyderk has 90 seconds left.\n|\n|t:|1697926775\n|switch|p1a: Ghost PP|Dragapult, F, shiny|35\/100\n|turn|41\n|\n|t:|1697926795\n|switch|p2a: Jail Bird|Bronzong|33\/100\n|move|p1a: Ghost PP|Draco Meteor|p2a: Jail Bird\n|-resisted|p2a: Jail Bird\n|-damage|p2a: Jail Bird|11\/100\n|-unboost|p1a: Ghost PP|spa|2\n|\n|upkeep\n|turn|42\n|inactive|Derpyderk has 90 seconds left.\n|inactive|BossShuckle has 240 seconds left.\n|\n|t:|1697926811\n|move|p1a: Ghost PP|U-turn|p2a: Jail Bird\n|-damage|p2a: Jail Bird|0 fnt\n|faint|p2a: Jail Bird\n|\n|t:|1697926814\n|switch|p1a: Am I Feesh?|Barraskewda, M, shiny|76\/100|[from] U-turn\n|\n|upkeep\n|\n|t:|1697926818\n|switch|p2a: SlowJoe|Slowbro, M|81\/100 psn\n|turn|43\n|\n|t:|1697926825\n|-terastallize|p1a: Am I Feesh?|Water\n|move|p1a: Am I Feesh?|Liquidation|p2a: SlowJoe\n|-resisted|p2a: SlowJoe\n|-damage|p2a: SlowJoe|52\/100 psn\n|move|p2a: SlowJoe|Yawn|p1a: Am I Feesh?\n|-start|p1a: Am I Feesh?|move: Yawn|[of] p2a: SlowJoe\n|\n|-damage|p2a: SlowJoe|39\/100 psn|[from] psn\n|upkeep\n|turn|44\n|\n|t:|1697926834\n|move|p1a: Am I Feesh?|Liquidation|p2a: SlowJoe\n|-resisted|p2a: SlowJoe\n|-damage|p2a: SlowJoe|11\/100 psn\n|move|p2a: SlowJoe|Slack Off|p2a: SlowJoe\n|-heal|p2a: SlowJoe|61\/100 psn\n|\n|-damage|p2a: SlowJoe|48\/100 psn|[from] psn\n|-end|p1a: Am I Feesh?|move: Yawn|[silent]\n|-status|p1a: Am I Feesh?|slp\n|upkeep\n|turn|45\n|inactive|BossShuckle has 270 seconds left.\n|\n|t:|1697926857\n|cant|p1a: Am I Feesh?|slp\n|move|p2a: SlowJoe|Psychic|p1a: Am I Feesh?\n|-damage|p1a: Am I Feesh?|19\/100 slp\n|\n|-damage|p2a: SlowJoe|36\/100 psn|[from] psn\n|upkeep\n|turn|46\n|\n|t:|1697926862\n|-curestatus|p1a: Am I Feesh?|slp|[msg]\n|move|p1a: Am I Feesh?|Liquidation|p2a: SlowJoe\n|-resisted|p2a: SlowJoe\n|-crit|p2a: SlowJoe\n|-damage|p2a: SlowJoe|0 fnt\n|faint|p2a: SlowJoe\n|\n|upkeep\n|\n|t:|1697926871\n|switch|p2a: Jokes Dead|Amoonguss, F|100\/100\n|-sideend|p2: BossShuckle|move: Toxic Spikes|[of] p2a: Jokes Dead\n|turn|47\n|inactive|BossShuckle has 270 seconds left.\n|\n|t:|1697926882\n|move|p1a: Am I Feesh?|Liquidation|p2a: Jokes Dead\n|-resisted|p2a: Jokes Dead\n|-damage|p2a: Jokes Dead|58\/100\n|move|p2a: Jokes Dead|Sludge Bomb|p1a: Am I Feesh?\n|-damage|p1a: Am I Feesh?|0 fnt\n|faint|p1a: Am I Feesh?\n|\n|-heal|p2a: Jokes Dead|65\/100|[from] item: Black Sludge\n|upkeep\n|\n|t:|1697926889\n|switch|p1a: Ghost PP|Dragapult, F, shiny|35\/100\n|turn|48\n|c| KingDuns|Derick why are you so stupid\n|inactive|Derpyderk has 90 seconds left.\n|c|\u2606BossShuckle|leave him alone\n|\n|t:|1697926935\n|move|p1a: Ghost PP|Will-O-Wisp|p2a: Jokes Dead\n|-status|p2a: Jokes Dead|brn\n|move|p2a: Jokes Dead|Foul Play|p1a: Ghost PP\n|-supereffective|p1a: Ghost PP\n|-damage|p1a: Ghost PP|5\/100\n|\n|-heal|p2a: Jokes Dead|71\/100 brn|[from] item: Black Sludge\n|-damage|p2a: Jokes Dead|65\/100 brn|[from] brn\n|upkeep\n|turn|49\n|\n|t:|1697926950\n|move|p1a: Ghost PP|Hex|p2a: Jokes Dead\n|-damage|p2a: Jokes Dead|20\/100 brn\n|move|p2a: Jokes Dead|Foul Play|p1a: Ghost PP\n|-supereffective|p1a: Ghost PP\n|-damage|p1a: Ghost PP|0 fnt\n|faint|p1a: Ghost PP\n|\n|win|BossShuckle\n","uploadtime":1697926955,"views":16,"p1id":"derpyderk","p2id":"bossshuckle","formatid":"gen9ubers","rating":0,"private":0,"password":""}