{"id":"gen9ubers-1995722659","p1":"poke my mom 45","p2":"Slothsaregods","format":"[Gen 9] Ubers","log":"|j|\u2606poke my mom 45\n|j|\u2606Slothsaregods\n|t:|1700597120\n|gametype|singles\n|player|p1|poke my mom 45|youngster-gen4dp|1006\n|player|p2|Slothsaregods|265|1021\n|teamsize|p1|6\n|teamsize|p2|6\n|gen|9\n|tier|[Gen 9] Ubers\n|rated|\n|rule|Sleep Clause Mod: Limit one foe put to sleep\n|rule|Species Clause: Limit one of each Pok\u00e9mon\n|rule|OHKO Clause: OHKO moves are banned\n|rule|Evasion Items Clause: Evasion items are banned\n|rule|Evasion Moves Clause: Evasion moves are banned\n|rule|Endless Battle Clause: Forcing endless battles is banned\n|rule|HP Percentage Mod: HP is shown in percentages\n|clearpoke\n|poke|p1|Baxcalibur, F|\n|poke|p1|Annihilape, M|\n|poke|p1|Palafin, M|\n|poke|p1|Azumarill, F|\n|poke|p1|Iron Valiant|\n|poke|p1|Chien-Pao|\n|poke|p2|Infernape, M|\n|poke|p2|Decidueye-Hisui, M|\n|poke|p2|Palafin, M|\n|poke|p2|Clodsire, M|\n|poke|p2|Giratina|\n|poke|p2|Urshifu-*, M|\n|teampreview\n|\n|t:|1700597125\n|start\n|switch|p1a: Palafin|Palafin, M|100\/100\n|switch|p2a: Palafin|Palafin, M, shiny|100\/100\n|turn|1\n|\n|t:|1700597134\n|detailschange|p1a: Palafin|Palafin-Hero, M\n|switch|p1a: Azumarill|Azumarill, F|100\/100\n|detailschange|p2a: Palafin|Palafin-Hero, M, shiny\n|switch|p2a: Clodsire|Clodsire, M, shiny|100\/100\n|\n|upkeep\n|turn|2\n|inactive|Battle timer is ON: inactive players will automatically lose when time's up. (requested by Slothsaregods)\n|\n|t:|1700597141\n|move|p1a: Azumarill|Belly Drum|p1a: Azumarill\n|-damage|p1a: Azumarill|50\/100\n|-setboost|p1a: Azumarill|atk|6|[from] move: Belly Drum\n|move|p2a: Clodsire|Stealth Rock|p1a: Azumarill\n|-sidestart|p1: poke my mom 45|move: Stealth Rock\n|\n|upkeep\n|turn|3\n|\n|t:|1700597149\n|move|p1a: Azumarill|Hydro Pump|p2a: Clodsire\n|-immune|p2a: Clodsire|[from] ability: Water Absorb\n|move|p2a: Clodsire|Toxic Spikes|p1a: Azumarill\n|-sidestart|p1: poke my mom 45|move: Toxic Spikes\n|\n|upkeep\n|turn|4\n|\n|t:|1700597156\n|move|p1a: Azumarill|Superpower|p2a: Clodsire\n|-resisted|p2a: Clodsire\n|-damage|p2a: Clodsire|74\/100\n|-unboost|p1a: Azumarill|atk|1\n|-unboost|p1a: Azumarill|def|1\n|move|p2a: Clodsire|Toxic Spikes|p1a: Azumarill\n|-sidestart|p1: poke my mom 45|move: Toxic Spikes\n|\n|-heal|p2a: Clodsire|80\/100|[from] item: Black Sludge\n|upkeep\n|turn|5\n|\n|t:|1700597166\n|move|p1a: Azumarill|Superpower|p2a: Clodsire\n|-resisted|p2a: Clodsire\n|-damage|p2a: Clodsire|57\/100\n|-unboost|p1a: Azumarill|atk|1\n|-unboost|p1a: Azumarill|def|1\n|move|p2a: Clodsire|Toxic Spikes||[still]\n|-fail|p2a: Clodsire\n|\n|-heal|p2a: Clodsire|63\/100|[from] item: Black Sludge\n|upkeep\n|turn|6\n|\n|t:|1700597178\n|move|p1a: Azumarill|Superpower|p2a: Clodsire\n|-resisted|p2a: Clodsire\n|-damage|p2a: Clodsire|44\/100\n|-unboost|p1a: Azumarill|atk|1\n|-unboost|p1a: Azumarill|def|1\n|move|p2a: Clodsire|Venoshock|p1a: Azumarill\n|-supereffective|p1a: Azumarill\n|-damage|p1a: Azumarill|29\/100\n|\n|-heal|p2a: Clodsire|50\/100|[from] item: Black Sludge\n|upkeep\n|turn|7\n|\n|t:|1700597190\n|move|p1a: Azumarill|Superpower|p2a: Clodsire\n|-resisted|p2a: Clodsire\n|-damage|p2a: Clodsire|34\/100\n|-unboost|p1a: Azumarill|atk|1\n|-unboost|p1a: Azumarill|def|1\n|move|p2a: Clodsire|Earthquake|p1a: Azumarill\n|-damage|p1a: Azumarill|0 fnt\n|faint|p1a: Azumarill\n|\n|-heal|p2a: Clodsire|41\/100|[from] item: Black Sludge\n|upkeep\n|\n|t:|1700597205\n|switch|p1a: Chien-Pao|Chien-Pao|100\/100\n|-damage|p1a: Chien-Pao|76\/100|[from] Stealth Rock\n|-status|p1a: Chien-Pao|tox\n|-ability|p1a: Chien-Pao|Sword of Ruin\n|turn|8\n|\n|t:|1700597219\n|move|p1a: Chien-Pao|Swords Dance|p1a: Chien-Pao\n|-boost|p1a: Chien-Pao|atk|2\n|move|p2a: Clodsire|Venoshock|p1a: Chien-Pao\n|-damage|p1a: Chien-Pao|40\/100 tox\n|\n|-heal|p2a: Clodsire|47\/100|[from] item: Black Sludge\n|-damage|p1a: Chien-Pao|34\/100 tox|[from] psn\n|upkeep\n|turn|9\n|\n|t:|1700597230\n|move|p1a: Chien-Pao|Ice Fang|p2a: Clodsire\n|-supereffective|p2a: Clodsire\n|-damage|p2a: Clodsire|0 fnt\n|faint|p2a: Clodsire\n|\n|-damage|p1a: Chien-Pao|22\/100 tox|[from] psn\n|upkeep\n|\n|t:|1700597238\n|switch|p2a: Palafin|Palafin-Hero, M, shiny|100\/100\n|-activate|p2a: Palafin|ability: Zero to Hero\n|turn|10\n|\n|t:|1700597245\n|move|p2a: Palafin|Jet Punch|p1a: Chien-Pao\n|-damage|p1a: Chien-Pao|0 fnt\n|faint|p1a: Chien-Pao\n|\n|upkeep\n|\n|t:|1700597254\n|switch|p1a: Baxcalibur|Baxcalibur, F|100\/100\n|-damage|p1a: Baxcalibur|75\/100|[from] Stealth Rock\n|-status|p1a: Baxcalibur|tox\n|turn|11\n|\n|t:|1700597260\n|move|p2a: Palafin|Drain Punch|p1a: Baxcalibur\n|-supereffective|p1a: Baxcalibur\n|-damage|p1a: Baxcalibur|7\/100 tox\n|move|p1a: Baxcalibur|Glaive Rush|p2a: Palafin\n|-damage|p2a: Palafin|28\/100\n|-singlemove|p1a: Baxcalibur|Glaive Rush|[silent]\n|\n|-damage|p1a: Baxcalibur|1\/100 tox|[from] psn\n|upkeep\n|turn|12\n|\n|t:|1700597271\n|move|p2a: Palafin|Drain Punch|p1a: Baxcalibur\n|-supereffective|p1a: Baxcalibur\n|-damage|p1a: Baxcalibur|0 fnt\n|-heal|p2a: Palafin|29\/100|[from] drain|[of] p1a: Baxcalibur\n|faint|p1a: Baxcalibur\n|\n|upkeep\n|\n|t:|1700597277\n|switch|p1a: Annihilape|Annihilape, M|100\/100\n|-damage|p1a: Annihilape|94\/100|[from] Stealth Rock\n|-status|p1a: Annihilape|tox\n|turn|13\n|\n|t:|1700597286\n|move|p2a: Palafin|Jet Punch|p1a: Annihilape\n|-damage|p1a: Annihilape|44\/100 tox\n|move|p1a: Annihilape|Close Combat|p2a: Palafin\n|-damage|p2a: Palafin|0 fnt\n|-unboost|p1a: Annihilape|def|1\n|-unboost|p1a: Annihilape|spd|1\n|faint|p2a: Palafin\n|-damage|p1a: Annihilape|34\/100 tox|[from] item: Life Orb\n|\n|-damage|p1a: Annihilape|28\/100 tox|[from] psn\n|upkeep\n|\n|t:|1700597299\n|switch|p2a: Urshifu|Urshifu, M|100\/100\n|turn|14\n|\n|t:|1700597310\n|move|p2a: Urshifu|Trailblaze|p1a: Annihilape\n|-damage|p1a: Annihilape|0 fnt\n|-boost|p2a: Urshifu|spe|1\n|faint|p1a: Annihilape\n|\n|upkeep\n|\n|t:|1700597316\n|switch|p1a: Iron Valiant|Iron Valiant|100\/100\n|-damage|p1a: Iron Valiant|94\/100|[from] Stealth Rock\n|-status|p1a: Iron Valiant|tox\n|-enditem|p1a: Iron Valiant|Booster Energy\n|-activate|p1a: Iron Valiant|ability: Quark Drive|[fromitem]\n|-start|p1a: Iron Valiant|quarkdriveatk\n|turn|15\n|\n|t:|1700597328\n|move|p2a: Urshifu|Wicked Blow|p1a: Iron Valiant\n|-resisted|p1a: Iron Valiant\n|-crit|p1a: Iron Valiant\n|-damage|p1a: Iron Valiant|73\/100 tox\n|move|p1a: Iron Valiant|Dazzling Gleam|p2a: Urshifu\n|-supereffective|p2a: Urshifu\n|-damage|p2a: Urshifu|0 fnt\n|faint|p2a: Urshifu\n|\n|-damage|p1a: Iron Valiant|67\/100 tox|[from] psn\n|upkeep\n|\n|t:|1700597341\n|switch|p2a: Giratina|Giratina, shiny|100\/100\n|-ability|p2a: Giratina|Pressure\n|turn|16\n|\n|t:|1700597347\n|move|p1a: Iron Valiant|Dazzling Gleam|p2a: Giratina\n|-supereffective|p2a: Giratina\n|-damage|p2a: Giratina|72\/100\n|move|p2a: Giratina|Hex|p1a: Iron Valiant\n|-damage|p1a: Iron Valiant|0 fnt\n|faint|p1a: Iron Valiant\n|-end|p1a: Iron Valiant|Quark Drive|[silent]\n|\n|-heal|p2a: Giratina|78\/100|[from] item: Leftovers\n|upkeep\n|\n|t:|1700597355\n|switch|p1a: Palafin|Palafin-Hero, M|100\/100\n|-damage|p1a: Palafin|88\/100|[from] Stealth Rock\n|-status|p1a: Palafin|tox\n|-activate|p1a: Palafin|ability: Zero to Hero\n|turn|17\n|\n|t:|1700597367\n|move|p1a: Palafin|Wave Crash|p2a: Giratina\n|-resisted|p2a: Giratina\n|-damage|p2a: Giratina|58\/100\n|-damage|p1a: Palafin|80\/100 tox|[from] Recoil\n|move|p2a: Giratina|Hex|p1a: Palafin\n|-damage|p1a: Palafin|31\/100 tox\n|\n|-heal|p2a: Giratina|65\/100|[from] item: Leftovers\n|-damage|p1a: Palafin|25\/100 tox|[from] psn\n|upkeep\n|turn|18\n|c|\u2606poke my mom 45|yo\n|c|\u2606poke my mom 45|Messi or ronldo\n|inactive|poke my mom 45 has 120 seconds left.\n|c|\u2606poke my mom 45|yo\n|c|\u2606poke my mom 45|Messi or ronldo\n|c|\u2606poke my mom 45|pls answer\n|c|\u2606poke my mom 45|pls\n|inactive|poke my mom 45 has 90 seconds left.\n|c|\u2606poke my mom 45|I'm filmilning a YouTube vid\n|inactive|poke my mom 45 has 60 seconds left.\n|c|\u2606poke my mom 45|Messi or Ronlodo\n|inactive|poke my mom 45 has 30 seconds left.\n|c|\u2606poke my mom 45|bruh\n|n|!poke my mom 45|pokemymom45\n|-message|poke my mom 45 forfeited.\n|\n|win|Slothsaregods\n|inactive|poke my mom 45 has 30 seconds left this turn.\n|raw|poke my mom 45's rating: 1006 &rarr; <strong>1000<\/strong><br \/>(-6 for losing)\n|raw|Slothsaregods's rating: 1021 &rarr; <strong>1056<\/strong><br \/>(+35 for winning)\n|l|!poke my mom 45\n","uploadtime":1700597492,"views":0,"p1id":"pokemymom45","p2id":"slothsaregods","formatid":"gen9ubers","rating":1000,"private":0,"password":""}