{"id":"gen9ubers-1985430717","p1":"Dylan in the MA","p2":"Aaron MA","format":"[Gen 9] Ubers","log":"|j|\u2606Dylan in the MA\n|j|\u2606Aaron MA\n|t:|1699374086\n|gametype|singles\n|player|p1|Dylan in the MA|striker|\n|player|p2|Aaron MA|101|\n|teamsize|p1|6\n|teamsize|p2|6\n|gen|9\n|tier|[Gen 9] Ubers\n|rule|Sleep Clause Mod: Limit one foe put to sleep\n|rule|Species Clause: Limit one of each Pok\u00e9mon\n|rule|OHKO Clause: OHKO moves are banned\n|rule|Evasion Items Clause: Evasion items are banned\n|rule|Evasion Moves Clause: Evasion moves are banned\n|rule|Endless Battle Clause: Forcing endless battles is banned\n|rule|HP Percentage Mod: HP is shown in percentages\n|clearpoke\n|poke|p1|Clefable, M|\n|poke|p1|Gliscor, M|\n|poke|p1|Dondozo, F|\n|poke|p1|Heatran, F|\n|poke|p1|Gholdengo|\n|poke|p1|Meowscarada, M|\n|poke|p2|Gliscor, M|\n|poke|p2|Dondozo, M|\n|poke|p2|Wo-Chien|\n|poke|p2|Dragonite, M|\n|poke|p2|Ogerpon-Hearthflame, F|\n|poke|p2|Gholdengo|\n|teampreview\n|\n|t:|1699374103\n|start\n|switch|p1a: Meowscarada|Meowscarada, M|100\/100\n|switch|p2a: Gliscor|Gliscor, M|100\/100\n|turn|1\n|\n|t:|1699374111\n|move|p2a: Gliscor|Protect|p2a: Gliscor\n|-singleturn|p2a: Gliscor|Protect\n|move|p1a: Meowscarada|Knock Off|p2a: Gliscor\n|-start|p1a: Meowscarada|typechange|Dark|[from] ability: Protean\n|-activate|p2a: Gliscor|move: Protect\n|\n|-status|p2a: Gliscor|tox|[from] item: Toxic Orb\n|upkeep\n|turn|2\n|\n|t:|1699374123\n|switch|p1a: Gliscor|Gliscor, M|100\/100\n|move|p2a: Gliscor|Toxic|p1a: Gliscor\n|-status|p1a: Gliscor|tox\n|\n|upkeep\n|turn|3\n|\n|t:|1699374130\n|move|p1a: Gliscor|Spikes|p2a: Gliscor\n|-sidestart|p2: Aaron MA|Spikes\n|move|p2a: Gliscor|Stealth Rock|p1a: Gliscor\n|-sidestart|p1: Dylan in the MA|move: Stealth Rock\n|\n|upkeep\n|turn|4\n|\n|t:|1699374144\n|move|p1a: Gliscor|Spikes|p2a: Gliscor\n|-sidestart|p2: Aaron MA|Spikes\n|move|p2a: Gliscor|Earthquake|p1a: Gliscor\n|-immune|p1a: Gliscor\n|\n|upkeep\n|turn|5\n|\n|t:|1699374154\n|move|p2a: Gliscor|Protect|p2a: Gliscor\n|-singleturn|p2a: Gliscor|Protect\n|move|p1a: Gliscor|Spikes|p2a: Gliscor\n|-sidestart|p2: Aaron MA|Spikes\n|\n|upkeep\n|turn|6\n|\n|t:|1699374172\n|switch|p1a: Gholdengo|Gholdengo|100\/100\n|-damage|p1a: Gholdengo|94\/100|[from] Stealth Rock\n|-item|p1a: Gholdengo|Air Balloon\n|switch|p2a: Malicious Charity|Gholdengo|100\/100\n|-item|p2a: Malicious Charity|Air Balloon\n|\n|upkeep\n|turn|7\n|\n|t:|1699374185\n|switch|p2a: F\u00e9e chier|Wo-Chien|100\/100\n|-damage|p2a: F\u00e9e chier|76\/100|[from] Spikes\n|-ability|p2a: F\u00e9e chier|Tablets of Ruin\n|move|p1a: Gholdengo|Shadow Ball|p2a: F\u00e9e chier\n|-resisted|p2a: F\u00e9e chier\n|-damage|p2a: F\u00e9e chier|68\/100\n|\n|-heal|p2a: F\u00e9e chier|74\/100|[from] item: Leftovers\n|upkeep\n|turn|8\n|\n|t:|1699374197\n|switch|p1a: Gliscor|Gliscor, M|100\/100 tox\n|-damage|p1a: Gliscor|88\/100 tox|[from] Stealth Rock\n|move|p2a: F\u00e9e chier|Knock Off|p1a: Gliscor\n|-damage|p1a: Gliscor|69\/100 tox\n|-enditem|p1a: Gliscor|Toxic Orb|[from] move: Knock Off|[of] p2a: F\u00e9e chier\n|\n|-heal|p2a: F\u00e9e chier|80\/100|[from] item: Leftovers\n|-heal|p1a: Gliscor|81\/100 tox|[from] ability: Poison Heal\n|upkeep\n|turn|9\n|\n|t:|1699374215\n|move|p2a: F\u00e9e chier|Protect|p2a: F\u00e9e chier\n|-singleturn|p2a: F\u00e9e chier|Protect\n|move|p1a: Gliscor|Toxic|p2a: F\u00e9e chier\n|-activate|p2a: F\u00e9e chier|move: Protect\n|\n|-heal|p2a: F\u00e9e chier|86\/100|[from] item: Leftovers\n|-heal|p1a: Gliscor|93\/100 tox|[from] ability: Poison Heal\n|upkeep\n|turn|10\n|\n|t:|1699374226\n|switch|p2a: Gliscor|Gliscor, M|100\/100 tox\n|move|p1a: Gliscor|Toxic|p2a: Gliscor\n|-fail|p2a: Gliscor|tox\n|\n|-heal|p1a: Gliscor|100\/100 tox|[from] ability: Poison Heal\n|upkeep\n|turn|11\n|\n|t:|1699374240\n|switch|p1a: Gholdengo|Gholdengo|94\/100\n|-damage|p1a: Gholdengo|88\/100|[from] Stealth Rock\n|-item|p1a: Gholdengo|Air Balloon\n|switch|p2a: F\u00e9e chier|Wo-Chien|86\/100\n|-damage|p2a: F\u00e9e chier|61\/100|[from] Spikes\n|-ability|p2a: F\u00e9e chier|Tablets of Ruin\n|\n|-heal|p2a: F\u00e9e chier|68\/100|[from] item: Leftovers\n|upkeep\n|turn|12\n|\n|t:|1699374255\n|switch|p1a: Gliscor|Gliscor, M|100\/100 tox\n|-damage|p1a: Gliscor|88\/100 tox|[from] Stealth Rock\n|move|p2a: F\u00e9e chier|Giga Drain|p1a: Gliscor\n|-damage|p1a: Gliscor|56\/100 tox\n|-heal|p2a: F\u00e9e chier|83\/100|[from] drain|[of] p1a: Gliscor\n|\n|-heal|p2a: F\u00e9e chier|89\/100|[from] item: Leftovers\n|-heal|p1a: Gliscor|68\/100 tox|[from] ability: Poison Heal\n|upkeep\n|turn|13\n|\n|t:|1699374275\n|move|p1a: Gliscor|Toxic|p2a: F\u00e9e chier\n|-status|p2a: F\u00e9e chier|tox\n|move|p2a: F\u00e9e chier|Leech Seed|p1a: Gliscor|[miss]\n|-miss|p2a: F\u00e9e chier|p1a: Gliscor\n|\n|-heal|p2a: F\u00e9e chier|95\/100 tox|[from] item: Leftovers\n|-heal|p1a: Gliscor|80\/100 tox|[from] ability: Poison Heal\n|-damage|p2a: F\u00e9e chier|89\/100 tox|[from] psn\n|upkeep\n|turn|14\n|\n|t:|1699374287\n|move|p1a: Gliscor|Protect|p1a: Gliscor\n|-singleturn|p1a: Gliscor|Protect\n|move|p2a: F\u00e9e chier|Giga Drain|p1a: Gliscor\n|-activate|p1a: Gliscor|move: Protect\n|\n|-heal|p2a: F\u00e9e chier|95\/100 tox|[from] item: Leftovers\n|-heal|p1a: Gliscor|93\/100 tox|[from] ability: Poison Heal\n|-damage|p2a: F\u00e9e chier|83\/100 tox|[from] psn\n|upkeep\n|turn|15\n|\n|t:|1699374304\n|move|p1a: Gliscor|Earthquake|p2a: F\u00e9e chier\n|-resisted|p2a: F\u00e9e chier\n|-damage|p2a: F\u00e9e chier|72\/100 tox\n|move|p2a: F\u00e9e chier|Leech Seed|p1a: Gliscor\n|-start|p1a: Gliscor|move: Leech Seed\n|\n|-heal|p2a: F\u00e9e chier|78\/100 tox|[from] item: Leftovers\n|-damage|p1a: Gliscor|80\/100 tox|[from] Leech Seed|[of] p2a: F\u00e9e chier\n|-heal|p2a: F\u00e9e chier|90\/100 tox|[silent]\n|-heal|p1a: Gliscor|93\/100 tox|[from] ability: Poison Heal\n|-damage|p2a: F\u00e9e chier|71\/100 tox|[from] psn\n|upkeep\n|turn|16\n|\n|t:|1699374317\n|move|p1a: Gliscor|Toxic|p2a: F\u00e9e chier\n|-fail|p2a: F\u00e9e chier|tox\n|move|p2a: F\u00e9e chier|Knock Off|p1a: Gliscor\n|-damage|p1a: Gliscor|80\/100 tox\n|\n|-heal|p2a: F\u00e9e chier|78\/100 tox|[from] item: Leftovers\n|-damage|p1a: Gliscor|67\/100 tox|[from] Leech Seed|[of] p2a: F\u00e9e chier\n|-heal|p2a: F\u00e9e chier|89\/100 tox|[silent]\n|-heal|p1a: Gliscor|80\/100 tox|[from] ability: Poison Heal\n|-damage|p2a: F\u00e9e chier|65\/100 tox|[from] psn\n|upkeep\n|turn|17\n|\n|t:|1699374332\n|switch|p1a: Gholdengo|Gholdengo|88\/100\n|-damage|p1a: Gholdengo|82\/100|[from] Stealth Rock\n|-item|p1a: Gholdengo|Air Balloon\n|move|p2a: F\u00e9e chier|Giga Drain|p1a: Gholdengo\n|-resisted|p1a: Gholdengo\n|-damage|p1a: Gholdengo|70\/100\n|-heal|p2a: F\u00e9e chier|71\/100 tox|[from] drain|[of] p1a: Gholdengo\n|-enditem|p1a: Gholdengo|Air Balloon\n|\n|-heal|p2a: F\u00e9e chier|77\/100 tox|[from] item: Leftovers\n|-damage|p2a: F\u00e9e chier|46\/100 tox|[from] psn\n|upkeep\n|turn|18\n|\n|t:|1699374348\n|switch|p1a: Gliscor|Gliscor, M|80\/100 tox\n|-damage|p1a: Gliscor|67\/100 tox|[from] Stealth Rock\n|move|p2a: F\u00e9e chier|Knock Off|p1a: Gliscor\n|-damage|p1a: Gliscor|53\/100 tox\n|\n|-heal|p2a: F\u00e9e chier|52\/100 tox|[from] item: Leftovers\n|-heal|p1a: Gliscor|65\/100 tox|[from] ability: Poison Heal\n|-damage|p2a: F\u00e9e chier|15\/100 tox|[from] psn\n|upkeep\n|turn|19\n|\n|t:|1699374367\n|switch|p1a: Gholdengo|Gholdengo|70\/100\n|-damage|p1a: Gholdengo|64\/100|[from] Stealth Rock\n|move|p2a: F\u00e9e chier|Giga Drain|p1a: Gholdengo\n|-resisted|p1a: Gholdengo\n|-damage|p1a: Gholdengo|51\/100\n|-heal|p2a: F\u00e9e chier|22\/100 tox|[from] drain|[of] p1a: Gholdengo\n|\n|-heal|p2a: F\u00e9e chier|28\/100 tox|[from] item: Leftovers\n|-damage|p2a: F\u00e9e chier|0 fnt|[from] psn\n|faint|p2a: F\u00e9e chier\n|upkeep\n|\n|t:|1699374383\n|switch|p2a: Ogerpon|Ogerpon-Hearthflame, F|100\/100\n|-damage|p2a: Ogerpon|76\/100|[from] Spikes\n|-ability|p2a: Ogerpon|Mold Breaker\n|turn|20\n|\n|t:|1699374394\n|move|p2a: Ogerpon|Swords Dance|p2a: Ogerpon\n|-boost|p2a: Ogerpon|atk|2\n|move|p1a: Gholdengo|Shadow Ball|p2a: Ogerpon\n|-damage|p2a: Ogerpon|37\/100\n|\n|upkeep\n|turn|21\n|\n|t:|1699374404\n|move|p2a: Ogerpon|Ivy Cudgel|p1a: Gholdengo\n|-supereffective|p1a: Gholdengo\n|-damage|p1a: Gholdengo|0 fnt\n|faint|p1a: Gholdengo\n|\n|upkeep\n|\n|t:|1699374409\n|switch|p1a: Meowscarada|Meowscarada, M|100\/100\n|-damage|p1a: Meowscarada|88\/100|[from] Stealth Rock\n|turn|22\n|\n|t:|1699374418\n|move|p1a: Meowscarada|U-turn|p2a: Ogerpon\n|-start|p1a: Meowscarada|typechange|Bug|[from] ability: Protean\n|-damage|p2a: Ogerpon|0 fnt\n|faint|p2a: Ogerpon\n|\n|t:|1699374448\n|switch|p1a: Clefable|Clefable, M|100\/100|[from] U-turn\n|\n|upkeep\n|\n|t:|1699374468\n|switch|p2a: Malicious Charity|Gholdengo|100\/100\n|-item|p2a: Malicious Charity|Air Balloon\n|turn|23\n|\n|t:|1699374481\n|-terastallize|p1a: Clefable|Water\n|move|p2a: Malicious Charity|Make It Rain|p1a: Clefable\n|-resisted|p1a: Clefable\n|-damage|p1a: Clefable|71\/100\n|-unboost|p2a: Malicious Charity|spa|1\n|move|p1a: Clefable|Flamethrower|p2a: Malicious Charity\n|-supereffective|p2a: Malicious Charity\n|-damage|p2a: Malicious Charity|57\/100\n|-enditem|p2a: Malicious Charity|Air Balloon\n|\n|upkeep\n|turn|24\n|\n|t:|1699374515\n|switch|p1a: Gliscor|Gliscor, M|65\/100 tox\n|-damage|p1a: Gliscor|53\/100 tox|[from] Stealth Rock\n|move|p2a: Malicious Charity|Thunderbolt|p1a: Gliscor\n|-immune|p1a: Gliscor\n|\n|-heal|p1a: Gliscor|65\/100 tox|[from] ability: Poison Heal\n|upkeep\n|turn|25\n|\n|t:|1699374554\n|switch|p2a: Gliscor|Gliscor, M|100\/100 tox\n|move|p1a: Gliscor|Protect||[still]\n|-fail|p1a: Gliscor\n|\n|-heal|p1a: Gliscor|78\/100 tox|[from] ability: Poison Heal\n|upkeep\n|turn|26\n|\n|t:|1699374576\n|move|p1a: Gliscor|Toxic|p2a: Gliscor|[miss]\n|-miss|p1a: Gliscor|p2a: Gliscor\n|move|p2a: Gliscor|Toxic|p1a: Gliscor\n|-fail|p1a: Gliscor|tox\n|\n|-heal|p1a: Gliscor|90\/100 tox|[from] ability: Poison Heal\n|upkeep\n|turn|27\n|\n|t:|1699374586\n|move|p1a: Gliscor|Earthquake|p2a: Gliscor\n|-immune|p2a: Gliscor\n|move|p2a: Gliscor|Earthquake|p1a: Gliscor\n|-immune|p1a: Gliscor\n|\n|-heal|p1a: Gliscor|100\/100 tox|[from] ability: Poison Heal\n|upkeep\n|turn|28\n|\n|t:|1699374595\n|move|p1a: Gliscor|Toxic|p2a: Gliscor\n|-fail|p2a: Gliscor|tox\n|move|p2a: Gliscor|Toxic|p1a: Gliscor\n|-fail|p1a: Gliscor|tox\n|\n|upkeep\n|turn|29\n|\n|t:|1699374607\n|move|p1a: Gliscor|Toxic|p2a: Gliscor\n|-fail|p2a: Gliscor|tox\n|move|p2a: Gliscor|Earthquake|p1a: Gliscor\n|-immune|p1a: Gliscor\n|\n|upkeep\n|turn|30\n|\n|t:|1699374615\n|move|p1a: Gliscor|Toxic|p2a: Gliscor\n|-fail|p2a: Gliscor|tox\n|move|p2a: Gliscor|Toxic|p1a: Gliscor\n|-fail|p1a: Gliscor|tox\n|\n|upkeep\n|turn|31\n|\n|t:|1699374624\n|switch|p1a: Aaron Musk|Dondozo, F|100\/100\n|-damage|p1a: Aaron Musk|88\/100|[from] Stealth Rock\n|move|p2a: Gliscor|Earthquake|p1a: Aaron Musk\n|-damage|p1a: Aaron Musk|68\/100\n|\n|upkeep\n|turn|32\n|\n|t:|1699374632\n|move|p2a: Gliscor|Toxic|p1a: Aaron Musk\n|-status|p1a: Aaron Musk|tox\n|move|p1a: Aaron Musk|Avalanche|p2a: Gliscor\n|-supereffective|p2a: Gliscor\n|-damage|p2a: Gliscor|68\/100 tox\n|\n|-heal|p2a: Gliscor|80\/100 tox|[from] ability: Poison Heal\n|-damage|p1a: Aaron Musk|61\/100 tox|[from] psn\n|upkeep\n|turn|33\n|\n|t:|1699374646\n|switch|p2a: Malicious Charity|Gholdengo|57\/100\n|-damage|p2a: Malicious Charity|32\/100|[from] Spikes\n|move|p1a: Aaron Musk|Rest|p1a: Aaron Musk\n|-status|p1a: Aaron Musk|slp|[from] move: Rest\n|-heal|p1a: Aaron Musk|100\/100 slp|[silent]\n|\n|upkeep\n|turn|34\n|\n|t:|1699374656\n|switch|p1a: Heatran|Heatran, F|100\/100\n|-damage|p1a: Heatran|88\/100|[from] Stealth Rock\n|move|p2a: Malicious Charity|Thunderbolt|p1a: Heatran\n|-damage|p1a: Heatran|68\/100\n|\n|-heal|p1a: Heatran|74\/100|[from] item: Leftovers\n|upkeep\n|turn|35\n|\n|t:|1699374670\n|switch|p2a: Gliscor|Gliscor, M|80\/100 tox\n|move|p1a: Heatran|Magma Storm|p2a: Gliscor\n|-damage|p2a: Gliscor|29\/100 tox\n|-activate|p2a: Gliscor|move: Magma Storm|[of] p1a: Heatran\n|\n|-heal|p1a: Heatran|80\/100|[from] item: Leftovers\n|-heal|p2a: Gliscor|41\/100 tox|[from] ability: Poison Heal\n|-damage|p2a: Gliscor|29\/100 tox|[from] move: Magma Storm|[partiallytrapped]\n|upkeep\n|turn|36\n|\n|t:|1699374684\n|switch|p1a: Meowscarada|Meowscarada, M|88\/100\n|-damage|p1a: Meowscarada|76\/100|[from] Stealth Rock\n|move|p2a: Gliscor|Earthquake|p1a: Meowscarada\n|-resisted|p1a: Meowscarada\n|-damage|p1a: Meowscarada|51\/100\n|\n|-heal|p2a: Gliscor|41\/100 tox|[from] ability: Poison Heal\n|-end|p2a: Gliscor|Magma Storm|[partiallytrapped]|[silent]\n|upkeep\n|turn|37\n|\n|t:|1699374703\n|move|p2a: Gliscor|Protect|p2a: Gliscor\n|-singleturn|p2a: Gliscor|Protect\n|move|p1a: Meowscarada|Flower Trick|p2a: Gliscor\n|-start|p1a: Meowscarada|typechange|Grass|[from] ability: Protean\n|-activate|p2a: Gliscor|move: Protect\n|\n|-heal|p2a: Gliscor|54\/100 tox|[from] ability: Poison Heal\n|upkeep\n|turn|38\n|\n|t:|1699374728\n|-terastallize|p2a: Gliscor|Dragon\n|move|p1a: Meowscarada|Flower Trick|p2a: Gliscor\n|-resisted|p2a: Gliscor\n|-crit|p2a: Gliscor\n|-damage|p2a: Gliscor|37\/100 tox\n|move|p2a: Gliscor|Toxic|p1a: Meowscarada\n|-status|p1a: Meowscarada|tox\n|\n|-damage|p1a: Meowscarada|45\/100 tox|[from] psn\n|-heal|p2a: Gliscor|50\/100 tox|[from] ability: Poison Heal\n|upkeep\n|turn|39\n|\n|t:|1699374749\n|switch|p1a: Gliscor|Gliscor, M|100\/100 tox\n|-damage|p1a: Gliscor|88\/100 tox|[from] Stealth Rock\n|move|p2a: Gliscor|Earthquake|p1a: Gliscor\n|-immune|p1a: Gliscor\n|\n|-heal|p1a: Gliscor|100\/100 tox|[from] ability: Poison Heal\n|-heal|p2a: Gliscor|62\/100 tox|[from] ability: Poison Heal\n|upkeep\n|turn|40\n|\n|t:|1699374771\n|move|p1a: Gliscor|Earthquake|p2a: Gliscor\n|-damage|p2a: Gliscor|44\/100 tox\n|move|p2a: Gliscor|Earthquake|p1a: Gliscor\n|-immune|p1a: Gliscor\n|\n|-heal|p2a: Gliscor|56\/100 tox|[from] ability: Poison Heal\n|upkeep\n|turn|41\n|\n|t:|1699374781\n|move|p2a: Gliscor|Protect|p2a: Gliscor\n|-singleturn|p2a: Gliscor|Protect\n|move|p1a: Gliscor|Earthquake|p2a: Gliscor\n|-activate|p2a: Gliscor|move: Protect\n|\n|-heal|p2a: Gliscor|69\/100 tox|[from] ability: Poison Heal\n|upkeep\n|turn|42\n|\n|t:|1699374803\n|switch|p2a: Malicious Charity|Gholdengo|32\/100\n|-damage|p2a: Malicious Charity|7\/100|[from] Spikes\n|move|p1a: Gliscor|Protect||[still]\n|-fail|p1a: Gliscor\n|\n|upkeep\n|turn|43\n|\n|t:|1699374818\n|move|p1a: Gliscor|Earthquake|p2a: Malicious Charity\n|-supereffective|p2a: Malicious Charity\n|-damage|p2a: Malicious Charity|0 fnt\n|faint|p2a: Malicious Charity\n|\n|upkeep\n|\n|t:|1699374829\n|switch|p2a: Dondozo|Dondozo, M|100\/100\n|-damage|p2a: Dondozo|75\/100|[from] Spikes\n|turn|44\n|\n|t:|1699374840\n|move|p1a: Gliscor|Toxic|p2a: Dondozo\n|-status|p2a: Dondozo|tox\n|move|p2a: Dondozo|Curse|p2a: Dondozo\n|-unboost|p2a: Dondozo|spe|1\n|-boost|p2a: Dondozo|atk|1\n|-boost|p2a: Dondozo|def|1\n|\n|-damage|p2a: Dondozo|69\/100 tox|[from] psn\n|upkeep\n|turn|45\n|\n|t:|1699374854\n|switch|p1a: Clefable|Clefable, M, tera:Water|71\/100\n|move|p2a: Dondozo|Curse|p2a: Dondozo\n|-unboost|p2a: Dondozo|spe|1\n|-boost|p2a: Dondozo|atk|1\n|-boost|p2a: Dondozo|def|1\n|\n|-damage|p2a: Dondozo|57\/100 tox|[from] psn\n|upkeep\n|turn|46\n|\n|t:|1699374866\n|move|p1a: Clefable|Calm Mind|p1a: Clefable\n|-boost|p1a: Clefable|spa|1\n|-boost|p1a: Clefable|spd|1\n|move|p2a: Dondozo|Curse|p2a: Dondozo\n|-unboost|p2a: Dondozo|spe|1\n|-boost|p2a: Dondozo|atk|1\n|-boost|p2a: Dondozo|def|1\n|\n|-damage|p2a: Dondozo|39\/100 tox|[from] psn\n|upkeep\n|-enditem|p2a: Dondozo|Sitrus Berry|[eat]\n|-heal|p2a: Dondozo|64\/100 tox|[from] item: Sitrus Berry\n|turn|47\n|\n|t:|1699374883\n|move|p1a: Clefable|Moonblast|p2a: Dondozo\n|-damage|p2a: Dondozo|33\/100 tox\n|move|p2a: Dondozo|Curse|p2a: Dondozo\n|-unboost|p2a: Dondozo|spe|1\n|-boost|p2a: Dondozo|atk|1\n|-boost|p2a: Dondozo|def|1\n|\n|-damage|p2a: Dondozo|8\/100 tox|[from] psn\n|upkeep\n|turn|48\n|\n|t:|1699374894\n|move|p1a: Clefable|Moonblast|p2a: Dondozo\n|-damage|p2a: Dondozo|0 fnt\n|faint|p2a: Dondozo\n|\n|upkeep\n|\n|t:|1699374901\n|switch|p2a: Dragonite|Dragonite, M|100\/100\n|turn|49\n|\n|t:|1699374909\n|move|p2a: Dragonite|Dragon Dance|p2a: Dragonite\n|-boost|p2a: Dragonite|atk|1\n|-boost|p2a: Dragonite|spe|1\n|move|p1a: Clefable|Moonblast|p2a: Dragonite\n|-supereffective|p2a: Dragonite\n|-damage|p2a: Dragonite|51\/100\n|\n|upkeep\n|turn|50\n|\n|t:|1699374922\n|move|p2a: Dragonite|Earthquake|p1a: Clefable\n|-damage|p1a: Clefable|43\/100\n|move|p1a: Clefable|Moonblast|p2a: Dragonite\n|-supereffective|p2a: Dragonite\n|-damage|p2a: Dragonite|0 fnt\n|faint|p2a: Dragonite\n|\n|upkeep\n|\n|t:|1699374931\n|switch|p2a: Gliscor|Gliscor, M, tera:Dragon|69\/100 tox\n|-damage|p2a: Gliscor|44\/100 tox|[from] Spikes\n|turn|51\n|\n|t:|1699374936\n|move|p2a: Gliscor|Toxic|p1a: Clefable\n|-status|p1a: Clefable|tox\n|move|p1a: Clefable|Moonlight|p1a: Clefable\n|-heal|p1a: Clefable|93\/100 tox\n|\n|-heal|p2a: Gliscor|56\/100 tox|[from] ability: Poison Heal\n|-damage|p1a: Clefable|87\/100 tox|[from] psn\n|upkeep\n|turn|52\n|\n|t:|1699374947\n|move|p2a: Gliscor|Protect|p2a: Gliscor\n|-singleturn|p2a: Gliscor|Protect\n|move|p1a: Clefable|Calm Mind|p1a: Clefable\n|-boost|p1a: Clefable|spa|1\n|-boost|p1a: Clefable|spd|1\n|\n|-heal|p2a: Gliscor|69\/100 tox|[from] ability: Poison Heal\n|-damage|p1a: Clefable|75\/100 tox|[from] psn\n|upkeep\n|turn|53\n|\n|t:|1699374958\n|move|p2a: Gliscor|Earthquake|p1a: Clefable\n|-crit|p1a: Clefable\n|-damage|p1a: Clefable|35\/100 tox\n|move|p1a: Clefable|Moonblast|p2a: Gliscor\n|-supereffective|p2a: Gliscor\n|-damage|p2a: Gliscor|0 fnt\n|faint|p2a: Gliscor\n|\n|win|Dylan in the MA\n|l|\u2606Aaron MA\n|j| Skotchaud\n|player|p1|Dylan in the MA|striker\n","uploadtime":1699375145,"views":22,"p1id":"dylaninthema","p2id":"aaronma","formatid":"gen9ubers","rating":0,"private":0,"password":""}