{"id":"gen9ubers-1999447971","p1":"Yellowwwww","p2":"FireRafe24","format":"[Gen 9] Ubers","log":"|j|\u2606Yellowwwww\n|j|\u2606FireRafe24\n|t:|1701082094\n|gametype|singles\n|player|p1|Yellowwwww|psychic-gen4|\n|player|p2|FireRafe24|shelly|\n|teamsize|p1|6\n|teamsize|p2|6\n|gen|9\n|tier|[Gen 9] Ubers\n|rule|Sleep Clause Mod: Limit one foe put to sleep\n|rule|Species Clause: Limit one of each Pok\u00e9mon\n|rule|OHKO Clause: OHKO moves are banned\n|rule|Evasion Items Clause: Evasion items are banned\n|rule|Evasion Moves Clause: Evasion moves are banned\n|rule|Endless Battle Clause: Forcing endless battles is banned\n|rule|HP Percentage Mod: HP is shown in percentages\n|clearpoke\n|poke|p1|Breloom, M|\n|poke|p1|Rotom-Wash|\n|poke|p1|Volcarona, M|\n|poke|p1|Mimikyu, F|\n|poke|p1|Bisharp, M|\n|poke|p1|Jirachi|\n|poke|p2|Iron Bundle|\n|poke|p2|Iron Treads|\n|poke|p2|Slowbro, F|\n|poke|p2|Corviknight, F|\n|poke|p2|Armarouge, F|\n|poke|p2|Dragalge, F|\n|teampreview\n|inactive|Battle timer is ON: inactive players will automatically lose when time's up. (requested by FireRafe24)\n|c|\u2606FireRafe24|gl hf\n|c|\u2606Yellowwwww|glhf\n|\n|t:|1701082116\n|start\n|switch|p1a: Rotom|Rotom-Wash, shiny|100\/100\n|switch|p2a: Pegasister|Dragalge, F|100\/100\n|turn|1\n|j| Ryane65\n|inactive|FireRafe24 has 270 seconds left.\n|\n|t:|1701082161\n|move|p1a: Rotom|Volt Switch|p2a: Pegasister\n|-resisted|p2a: Pegasister\n|-damage|p2a: Pegasister|90\/100\n|c|\u2606FireRafe24|hi ryan\n|inactiveoff|Battle timer is now OFF.\n|c| Ryane65|Hello\n|\n|t:|1701082197\n|switch|p1a: Casino|Jirachi, shiny|100\/100|[from] Volt Switch\n|move|p2a: Pegasister|Toxic Spikes|p1a: Casino\n|-sidestart|p1: Yellowwwww|move: Toxic Spikes\n|\n|-heal|p2a: Pegasister|96\/100|[from] item: Leftovers\n|upkeep\n|turn|2\n|\n|t:|1701082228\n|switch|p2a: Slowgal|Slowbro, F|100\/100\n|move|p1a: Casino|Stealth Rock|p2a: Slowgal\n|-sidestart|p2: FireRafe24|move: Stealth Rock\n|\n|upkeep\n|turn|3\n|\n|t:|1701082237\n|move|p1a: Casino|Wish|p1a: Casino\n|move|p2a: Slowgal|Thunder Wave|p1a: Casino\n|-status|p1a: Casino|par\n|\n|upkeep\n|turn|4\n|\n|t:|1701082279\n|switch|p1a: Rotom|Rotom-Wash, shiny|100\/100\n|move|p2a: Slowgal|Scald|p1a: Rotom\n|-resisted|p1a: Rotom\n|-damage|p1a: Rotom|83\/100\n|\n|-heal|p1a: Rotom|100\/100|[from] move: Wish|[wisher] Casino\n|upkeep\n|turn|5\n|\n|t:|1701082290\n|switch|p2a: Pegasister|Dragalge, F|96\/100\n|-damage|p2a: Pegasister|84\/100|[from] Stealth Rock\n|move|p1a: Rotom|Trick|p2a: Pegasister\n|-activate|p1a: Rotom|move: Trick|[of] p2a: Pegasister\n|-item|p2a: Pegasister|Choice Scarf|[from] move: Trick\n|-item|p1a: Rotom|Leftovers|[from] move: Trick\n|\n|upkeep\n|turn|6\n|\n|t:|1701082302\n|switch|p1a: Casino|Jirachi, shiny|100\/100 par\n|move|p2a: Pegasister|Flip Turn|p1a: Casino\n|-damage|p1a: Casino|92\/100 par\n|\n|t:|1701082322\n|switch|p2a: non binary donphan|Iron Treads|100\/100|[from] Flip Turn\n|-damage|p2a: non binary donphan|97\/100|[from] Stealth Rock\n|\n|-heal|p2a: non binary donphan|100\/100|[from] item: Leftovers\n|upkeep\n|turn|7\n|\n|t:|1701082359\n|switch|p1a: Micheal|Mimikyu, F|100\/100\n|-status|p1a: Micheal|psn\n|move|p2a: non binary donphan|Volt Switch|p1a: Micheal\n|-activate|p1a: Micheal|ability: Disguise\n|-damage|p1a: Micheal|100\/100 psn\n|detailschange|p1a: Micheal|Mimikyu-Busted, F\n|-damage|p1a: Micheal|88\/100 psn|[from] pokemon: Mimikyu-Busted\n|\n|t:|1701082417\n|-end|p2a: non binary donphan|Quark Drive|[silent]\n|switch|p2a: Corvidame|Corviknight, F|100\/100|[from] Volt Switch\n|-damage|p2a: Corvidame|88\/100|[from] Stealth Rock\n|-ability|p2a: Corvidame|Pressure\n|\n|-damage|p1a: Micheal|76\/100 psn|[from] psn\n|upkeep\n|turn|8\n|\n|t:|1701082429\n|move|p1a: Micheal|Will-O-Wisp|p2a: Corvidame\n|-status|p2a: Corvidame|brn\n|move|p2a: Corvidame|U-turn|p1a: Micheal\n|-resisted|p1a: Micheal\n|-damage|p1a: Micheal|73\/100 psn\n|\n|t:|1701082471\n|switch|p2a: non binary donphan|Iron Treads|100\/100|[from] U-turn\n|-damage|p2a: non binary donphan|97\/100|[from] Stealth Rock\n|\n|-heal|p2a: non binary donphan|100\/100|[from] item: Leftovers\n|-damage|p1a: Micheal|61\/100 psn|[from] psn\n|upkeep\n|turn|9\n|\n|t:|1701082480\n|move|p1a: Micheal|Will-O-Wisp|p2a: non binary donphan\n|-status|p2a: non binary donphan|brn\n|move|p2a: non binary donphan|Volt Switch|p1a: Micheal\n|-damage|p1a: Micheal|47\/100 psn\n|\n|t:|1701082483\n|-end|p2a: non binary donphan|Quark Drive|[silent]\n|switch|p2a: nonbinary delibird|Iron Bundle|100\/100|[from] Volt Switch\n|\n|-damage|p1a: Micheal|35\/100 psn|[from] psn\n|upkeep\n|turn|10\n|l| Ryane65\n|\n|t:|1701082542\n|switch|p1a: Casino|Jirachi, shiny|92\/100 par\n|move|p2a: nonbinary delibird|Freeze-Dry|p1a: Casino\n|-resisted|p1a: Casino\n|-damage|p1a: Casino|80\/100 par\n|\n|upkeep\n|turn|11\n|\n|t:|1701082550\n|move|p2a: nonbinary delibird|Flip Turn|p1a: Casino\n|-damage|p1a: Casino|67\/100 par\n|\n|t:|1701082561\n|-end|p2a: nonbinary delibird|Quark Drive|[silent]\n|switch|p2a: Slowgal|Slowbro, F|100\/100|[from] Flip Turn\n|-damage|p2a: Slowgal|88\/100|[from] Stealth Rock\n|move|p1a: Casino|Drain Punch|p2a: Slowgal\n|-resisted|p2a: Slowgal\n|-damage|p2a: Slowgal|83\/100\n|-heal|p1a: Casino|69\/100 par|[from] drain|[of] p2a: Slowgal\n|\n|-heal|p2a: Slowgal|89\/100|[from] item: Leftovers\n|upkeep\n|turn|12\n|\n|t:|1701082571\n|move|p1a: Casino|Wish|p1a: Casino\n|move|p2a: Slowgal|Fire Blast|p1a: Casino\n|-supereffective|p1a: Casino\n|-damage|p1a: Casino|41\/100 par\n|\n|-heal|p2a: Slowgal|95\/100|[from] item: Leftovers\n|upkeep\n|turn|13\n|\n|t:|1701082578\n|switch|p1a: Micheal|Mimikyu-Busted, F|35\/100 psn\n|switch|p2a: non binary donphan|Iron Treads|100\/100 brn\n|-damage|p2a: non binary donphan|97\/100 brn|[from] Stealth Rock\n|\n|-heal|p1a: Micheal|100\/100 psn|[from] move: Wish|[wisher] Casino\n|-heal|p2a: non binary donphan|100\/100 brn|[from] item: Leftovers\n|-damage|p1a: Micheal|88\/100 psn|[from] psn\n|-damage|p2a: non binary donphan|94\/100 brn|[from] brn\n|upkeep\n|turn|14\n|\n|t:|1701082586\n|move|p1a: Micheal|Drain Punch|p2a: non binary donphan\n|-supereffective|p2a: non binary donphan\n|-damage|p2a: non binary donphan|53\/100 brn\n|-heal|p1a: Micheal|100\/100 psn|[from] drain|[of] p2a: non binary donphan\n|move|p2a: non binary donphan|Knock Off|p1a: Micheal\n|-damage|p1a: Micheal|73\/100 psn\n|-enditem|p1a: Micheal|Choice Scarf|[from] move: Knock Off|[of] p2a: non binary donphan\n|\n|-heal|p2a: non binary donphan|59\/100 brn|[from] item: Leftovers\n|-damage|p1a: Micheal|61\/100 psn|[from] psn\n|-damage|p2a: non binary donphan|53\/100 brn|[from] brn\n|upkeep\n|turn|15\n|\n|t:|1701082601\n|move|p2a: non binary donphan|Volt Switch|p1a: Micheal\n|-damage|p1a: Micheal|48\/100 psn\n|\n|t:|1701082607\n|-end|p2a: non binary donphan|Quark Drive|[silent]\n|switch|p2a: Corvidame|Corviknight, F|88\/100 brn|[from] Volt Switch\n|-damage|p2a: Corvidame|75\/100 brn|[from] Stealth Rock\n|-ability|p2a: Corvidame|Pressure\n|move|p1a: Micheal|Wood Hammer|p2a: Corvidame\n|-resisted|p2a: Corvidame\n|-damage|p2a: Corvidame|70\/100 brn\n|-damage|p1a: Micheal|31\/100 psn|[from] item: Rocky Helmet|[of] p2a: Corvidame\n|-damage|p1a: Micheal|28\/100 psn|[from] Recoil\n|\n|-damage|p1a: Micheal|16\/100 psn|[from] psn\n|-damage|p2a: Corvidame|64\/100 brn|[from] brn\n|upkeep\n|turn|16\n|\n|t:|1701082627\n|move|p1a: Micheal|Drain Punch|p2a: Corvidame\n|-damage|p2a: Corvidame|50\/100 brn\n|-heal|p1a: Micheal|27\/100 psn|[from] drain|[of] p2a: Corvidame\n|-damage|p1a: Micheal|11\/100 psn|[from] item: Rocky Helmet|[of] p2a: Corvidame\n|move|p2a: Corvidame|U-turn|p1a: Micheal\n|-resisted|p1a: Micheal\n|-damage|p1a: Micheal|8\/100 psn\n|\n|t:|1701082640\n|switch|p2a: nonbinary delibird|Iron Bundle|100\/100|[from] U-turn\n|\n|-damage|p1a: Micheal|0 fnt|[from] psn\n|faint|p1a: Micheal\n|upkeep\n|\n|t:|1701082686\n|switch|p1a: Breloom|Breloom, M|100\/100\n|-status|p1a: Breloom|psn\n|turn|17\n|\n|t:|1701082727\n|-end|p2a: nonbinary delibird|Quark Drive|[silent]\n|switch|p2a: Pegasister|Dragalge, F|84\/100\n|-damage|p2a: Pegasister|72\/100|[from] Stealth Rock\n|move|p1a: Breloom|Mach Punch|p2a: Pegasister\n|-resisted|p2a: Pegasister\n|-damage|p2a: Pegasister|43\/100\n|\n|-damage|p1a: Breloom|88\/100 psn|[from] psn\n|upkeep\n|turn|18\n|\n|t:|1701082750\n|switch|p1a: Casino|Jirachi, shiny|41\/100 par\n|move|p2a: Pegasister|Flip Turn|p1a: Casino\n|-damage|p1a: Casino|33\/100 par\n|\n|t:|1701082767\n|switch|p2a: nonbinary delibird|Iron Bundle|100\/100|[from] Flip Turn\n|\n|upkeep\n|turn|19\n|\n|t:|1701082777\n|move|p2a: nonbinary delibird|Hydro Pump|p1a: Casino|[miss]\n|-miss|p2a: nonbinary delibird|p1a: Casino\n|move|p1a: Casino|Drain Punch|p2a: nonbinary delibird\n|-supereffective|p2a: nonbinary delibird\n|-damage|p2a: nonbinary delibird|63\/100\n|-heal|p1a: Casino|45\/100 par|[from] drain|[of] p2a: nonbinary delibird\n|\n|upkeep\n|turn|20\n|\n|t:|1701082789\n|move|p2a: nonbinary delibird|Hydro Pump|p1a: Casino\n|-damage|p1a: Casino|8\/100 par\n|move|p1a: Casino|Wish|p1a: Casino\n|\n|upkeep\n|turn|21\n|\n|t:|1701082797\n|move|p1a: Casino|Protect|p1a: Casino\n|-singleturn|p1a: Casino|Protect\n|move|p2a: nonbinary delibird|Freeze-Dry|p1a: Casino\n|-activate|p1a: Casino|move: Protect\n|\n|-heal|p1a: Casino|58\/100 par|[from] move: Wish|[wisher] Casino\n|upkeep\n|turn|22\n|\n|t:|1701082808\n|move|p2a: nonbinary delibird|Flip Turn|p1a: Casino\n|-crit|p1a: Casino\n|-damage|p1a: Casino|40\/100 par\n|\n|t:|1701082813\n|-end|p2a: nonbinary delibird|Quark Drive|[silent]\n|switch|p2a: non binary donphan|Iron Treads|53\/100 brn|[from] Flip Turn\n|-damage|p2a: non binary donphan|49\/100 brn|[from] Stealth Rock\n|move|p1a: Casino|Wish|p1a: Casino\n|\n|-heal|p2a: non binary donphan|56\/100 brn|[from] item: Leftovers\n|-damage|p2a: non binary donphan|49\/100 brn|[from] brn\n|upkeep\n|turn|23\n|\n|t:|1701082832\n|move|p2a: non binary donphan|Rapid Spin|p1a: Casino\n|-resisted|p1a: Casino\n|-damage|p1a: Casino|36\/100 par\n|-boost|p2a: non binary donphan|spe|1\n|-sideend|p2: FireRafe24|Stealth Rock|[from] move: Rapid Spin|[of] p2a: non binary donphan\n|cant|p1a: Casino|par\n|\n|-heal|p1a: Casino|86\/100 par|[from] move: Wish|[wisher] Casino\n|-heal|p2a: non binary donphan|56\/100 brn|[from] item: Leftovers\n|-damage|p2a: non binary donphan|49\/100 brn|[from] brn\n|upkeep\n|turn|24\n|\n|t:|1701082845\n|move|p2a: non binary donphan|Earthquake|p1a: Casino\n|-supereffective|p1a: Casino\n|-damage|p1a: Casino|42\/100 par\n|cant|p1a: Casino|par\n|\n|-heal|p2a: non binary donphan|56\/100 brn|[from] item: Leftovers\n|-damage|p2a: non binary donphan|49\/100 brn|[from] brn\n|upkeep\n|turn|25\n|\n|t:|1701082870\n|switch|p1a: Breloom|Breloom, M|88\/100 psn\n|move|p2a: non binary donphan|Earthquake|p1a: Breloom\n|-resisted|p1a: Breloom\n|-crit|p1a: Breloom\n|-damage|p1a: Breloom|61\/100 psn\n|\n|-heal|p2a: non binary donphan|56\/100 brn|[from] item: Leftovers\n|-damage|p1a: Breloom|48\/100 psn|[from] psn\n|-damage|p2a: non binary donphan|49\/100 brn|[from] brn\n|upkeep\n|turn|26\n|\n|t:|1701082886\n|-end|p2a: non binary donphan|Quark Drive|[silent]\n|switch|p2a: Pegasister|Dragalge, F|43\/100\n|move|p1a: Breloom|Close Combat|p2a: Pegasister\n|-resisted|p2a: Pegasister\n|-damage|p2a: Pegasister|0 fnt\n|-unboost|p1a: Breloom|def|1\n|-unboost|p1a: Breloom|spd|1\n|faint|p2a: Pegasister\n|\n|-damage|p1a: Breloom|36\/100 psn|[from] psn\n|upkeep\n|\n|t:|1701082916\n|switch|p2a: Marlee|Armarouge, F|100\/100\n|turn|27\n|\n|t:|1701082990\n|move|p2a: Marlee|Armor Cannon|p1a: Breloom\n|-supereffective|p1a: Breloom\n|-damage|p1a: Breloom|0 fnt\n|-unboost|p2a: Marlee|def|1\n|-unboost|p2a: Marlee|spd|1\n|faint|p1a: Breloom\n|\n|upkeep\n|\n|t:|1701082995\n|switch|p1a: Rotom|Rotom-Wash, shiny|100\/100\n|turn|28\n|\n|t:|1701083042\n|move|p2a: Marlee|Armor Cannon|p1a: Rotom\n|-resisted|p1a: Rotom\n|-damage|p1a: Rotom|57\/100\n|-unboost|p2a: Marlee|def|1\n|-unboost|p2a: Marlee|spd|1\n|move|p1a: Rotom|Hydro Pump|p2a: Marlee\n|-supereffective|p2a: Marlee\n|-damage|p2a: Marlee|0 fnt\n|faint|p2a: Marlee\n|\n|-heal|p1a: Rotom|63\/100|[from] item: Leftovers\n|upkeep\n|\n|t:|1701083059\n|switch|p2a: nonbinary delibird|Iron Bundle|63\/100\n|turn|29\n|\n|t:|1701083082\n|switch|p1a: C#|Bisharp, M, shiny|100\/100\n|move|p2a: nonbinary delibird|Freeze-Dry|p1a: C#\n|-resisted|p1a: C#\n|-damage|p1a: C#|87\/100\n|\n|upkeep\n|turn|30\n|\n|t:|1701083104\n|-end|p2a: nonbinary delibird|Quark Drive|[silent]\n|switch|p2a: Corvidame|Corviknight, F|50\/100 brn\n|-ability|p2a: Corvidame|Pressure\n|move|p1a: C#|Swords Dance|p1a: C#\n|-boost|p1a: C#|atk|2\n|\n|-damage|p2a: Corvidame|44\/100 brn|[from] brn\n|upkeep\n|turn|31\n|\n|t:|1701083121\n|move|p1a: C#|Night Slash|p2a: Corvidame\n|-damage|p2a: Corvidame|0 fnt\n|-damage|p1a: C#|70\/100|[from] item: Rocky Helmet|[of] p2a: Corvidame\n|faint|p2a: Corvidame\n|\n|upkeep\n|\n|t:|1701083144\n|switch|p2a: Slowgal|Slowbro, F|100\/100\n|turn|32\n|\n|t:|1701083184\n|move|p1a: C#|Night Slash|p2a: Slowgal\n|-supereffective|p2a: Slowgal\n|-damage|p2a: Slowgal|14\/100\n|move|p2a: Slowgal|Thunder Wave|p1a: C#\n|-status|p1a: C#|par\n|\n|-heal|p2a: Slowgal|20\/100|[from] item: Leftovers\n|upkeep\n|turn|33\n|j| Ryane65\n|\n|t:|1701083211\n|switch|p2a: non binary donphan|Iron Treads|49\/100 brn\n|move|p1a: C#|Sucker Punch||[still]\n|-fail|p1a: C#\n|\n|-heal|p2a: non binary donphan|56\/100 brn|[from] item: Leftovers\n|-damage|p2a: non binary donphan|49\/100 brn|[from] brn\n|upkeep\n|turn|34\n|\n|t:|1701083234\n|move|p1a: C#|Sucker Punch|p2a: non binary donphan\n|-damage|p2a: non binary donphan|0 fnt\n|faint|p2a: non binary donphan\n|-end|p2a: non binary donphan|Quark Drive|[silent]\n|\n|upkeep\n|\n|t:|1701083249\n|switch|p2a: nonbinary delibird|Iron Bundle|63\/100\n|turn|35\n|\n|t:|1701083257\n|-end|p2a: nonbinary delibird|Quark Drive|[silent]\n|switch|p2a: Slowgal|Slowbro, F|53\/100\n|move|p1a: C#|Sucker Punch||[still]\n|-fail|p1a: C#\n|\n|-heal|p2a: Slowgal|59\/100|[from] item: Leftovers\n|upkeep\n|turn|36\n|\n|t:|1701083260\n|move|p2a: Slowgal|Slack Off|p2a: Slowgal\n|-heal|p2a: Slowgal|100\/100\n|move|p1a: C#|Night Slash|p2a: Slowgal\n|-supereffective|p2a: Slowgal\n|-damage|p2a: Slowgal|16\/100\n|\n|-heal|p2a: Slowgal|22\/100|[from] item: Leftovers\n|upkeep\n|turn|37\n|\n|t:|1701083274\n|move|p2a: Slowgal|Slack Off|p2a: Slowgal\n|-heal|p2a: Slowgal|72\/100\n|move|p1a: C#|Night Slash|p2a: Slowgal\n|-supereffective|p2a: Slowgal\n|-damage|p2a: Slowgal|0 fnt\n|faint|p2a: Slowgal\n|\n|upkeep\n|\n|t:|1701083277\n|switch|p2a: nonbinary delibird|Iron Bundle|63\/100\n|turn|38\n|c|\u2606FireRafe24|ggwp\n|\n|t:|1701083280\n|cant|p1a: C#|par\n|move|p2a: nonbinary delibird|Hydro Pump|p1a: C#|[miss]\n|-miss|p2a: nonbinary delibird|p1a: C#\n|\n|upkeep\n|turn|39\n|\n|t:|1701083284\n|cant|p1a: C#|par\n|move|p2a: nonbinary delibird|Hydro Pump|p1a: C#\n|-damage|p1a: C#|23\/100 par\n|\n|upkeep\n|turn|40\n|\n|t:|1701083288\n|move|p1a: C#|Sucker Punch|p2a: nonbinary delibird\n|-crit|p2a: nonbinary delibird\n|-damage|p2a: nonbinary delibird|0 fnt\n|faint|p2a: nonbinary delibird\n|-end|p2a: nonbinary delibird|Quark Drive|[silent]\n|\n|win|Yellowwwww\n|c|\u2606Yellowwwww|AGENCY AGENCY&\n|c|\u2606Yellowwwww|RAHAAHHAHAHA\n|c|\u2606Yellowwwww|gg\n|c|\u2606FireRafe24|forgot to put\n|c|\u2606FireRafe24|a 4th move on iron bundle\n|c|\u2606FireRafe24|otherwise i could've pp stalled sucker\n|c|\u2606FireRafe24|maybe\n|l| Ryane65\n","uploadtime":1701083304,"views":39,"p1id":"yellowwwww","p2id":"firerafe24","formatid":"gen9ubers","rating":0,"private":0,"password":""}