{"id":"gen9ubers-1988938542","p1":"Nikolobstar","p2":"F8S","format":"[Gen 9] Ubers","log":"|j|\u2606Nikolobstar\n|j|\u2606F8S\n|t:|1699791284\n|gametype|singles\n|player|p1|Nikolobstar|lucas-gen4pt|\n|player|p2|F8S|blaine|\n|teamsize|p1|6\n|teamsize|p2|6\n|gen|9\n|tier|[Gen 9] Ubers\n|rule|Sleep Clause Mod: Limit one foe put to sleep\n|rule|Species Clause: Limit one of each Pok\u00e9mon\n|rule|OHKO Clause: OHKO moves are banned\n|rule|Evasion Items Clause: Evasion items are banned\n|rule|Evasion Moves Clause: Evasion moves are banned\n|rule|Endless Battle Clause: Forcing endless battles is banned\n|rule|HP Percentage Mod: HP is shown in percentages\n|clearpoke\n|poke|p1|Dragapult, M|\n|poke|p1|Infernape, F|\n|poke|p1|Scizor, M|\n|poke|p1|Torterra, M|\n|poke|p1|Scream Tail|\n|poke|p1|Klefki, F|\n|poke|p2|Gliscor, F|\n|poke|p2|Goodra-Hisui, F|\n|poke|p2|Scizor, F|\n|poke|p2|Tinkaton, F|\n|poke|p2|Cyclizar, F|\n|poke|p2|Typhlosion, F|\n|teampreview\n|inactive|Battle timer is ON: inactive players will automatically lose when time's up. (requested by F8S)\n|j| Corbinc\n|\n|t:|1699791313\n|start\n|switch|p1a: Klefki|Klefki, F|100\/100\n|switch|p2a: Gliscor|Gliscor, F|100\/100\n|turn|1\n|\n|t:|1699791322\n|switch|p1a: Scream Tail|Scream Tail|100\/100\n|move|p2a: Gliscor|Knock Off|p1a: Scream Tail\n|-damage|p1a: Scream Tail|85\/100\n|-enditem|p1a: Scream Tail|Leftovers|[from] move: Knock Off|[of] p2a: Gliscor\n|\n|-status|p2a: Gliscor|tox|[from] item: Toxic Orb\n|upkeep\n|turn|2\n|\n|t:|1699791338\n|move|p1a: Scream Tail|Wish|p1a: Scream Tail\n|move|p2a: Gliscor|Earthquake|p1a: Scream Tail\n|-damage|p1a: Scream Tail|59\/100\n|\n|upkeep\n|turn|3\n|\n|t:|1699791349\n|-terastallize|p1a: Scream Tail|Ice\n|move|p1a: Scream Tail|Ice Beam|p2a: Gliscor\n|-supereffective|p2a: Gliscor\n|-damage|p2a: Gliscor|0 fnt\n|faint|p2a: Gliscor\n|\n|-heal|p1a: Scream Tail|100\/100|[from] move: Wish|[wisher] Scream Tail\n|upkeep\n|inactive|F8S has 270 seconds left.\n|\n|t:|1699791374\n|switch|p2a: Goodra|Goodra-Hisui, F|100\/100\n|turn|4\n|inactive|Nikolobstar has 270 seconds left.\n|\n|t:|1699791417\n|move|p1a: Scream Tail|Ice Beam|p2a: Goodra\n|-damage|p2a: Goodra|89\/100\n|move|p2a: Goodra|Flash Cannon|p1a: Scream Tail\n|-supereffective|p1a: Scream Tail\n|-damage|p1a: Scream Tail|48\/100\n|\n|upkeep\n|turn|5\n|inactive|Nikolobstar has 240 seconds left.\n|\n|t:|1699791454\n|-end|p1a: Scream Tail|Protosynthesis|[silent]\n|switch|p1a: Klefki|Klefki, F|100\/100\n|move|p2a: Goodra|Flamethrower|p1a: Klefki\n|-supereffective|p1a: Klefki\n|-damage|p1a: Klefki|34\/100\n|-status|p1a: Klefki|brn\n|\n|-damage|p1a: Klefki|28\/100 brn|[from] brn\n|upkeep\n|turn|6\n|inactive|Nikolobstar has 240 seconds left.\n|inactive|F8S has 270 seconds left.\n|\n|t:|1699791489\n|switch|p2a: Tinkaton|Tinkaton, F|100\/100\n|-ability|p2a: Tinkaton|Mold Breaker\n|move|p1a: Klefki|Thunder Wave|p2a: Tinkaton\n|-status|p2a: Tinkaton|par\n|\n|-damage|p1a: Klefki|23\/100 brn|[from] brn\n|upkeep\n|turn|7\n|\n|t:|1699791502\n|switch|p1a: Scizor|Scizor, M|100\/100\n|cant|p2a: Tinkaton|par\n|\n|upkeep\n|turn|8\n|\n|t:|1699791520\n|move|p1a: Scizor|Bullet Punch|p2a: Tinkaton\n|-damage|p2a: Tinkaton|75\/100 par\n|move|p2a: Tinkaton|Stealth Rock|p1a: Scizor\n|-sidestart|p1: Nikolobstar|move: Stealth Rock\n|\n|-heal|p2a: Tinkaton|81\/100 par|[from] item: Leftovers\n|upkeep\n|turn|9\n|inactive|Nikolobstar has 210 seconds left.\n|\n|t:|1699791536\n|move|p1a: Scizor|Defog|p2a: Tinkaton\n|-unboost|p2a: Tinkaton|evasion|1\n|-sideend|p1: Nikolobstar|Stealth Rock|[from] move: Defog|[of] p1a: Scizor\n|move|p2a: Tinkaton|Thunder Wave|p1a: Scizor\n|-status|p1a: Scizor|par\n|\n|-heal|p2a: Tinkaton|87\/100 par|[from] item: Leftovers\n|upkeep\n|turn|10\n|\n|t:|1699791546\n|move|p2a: Tinkaton|Knock Off|p1a: Scizor\n|-damage|p1a: Scizor|83\/100 par\n|-enditem|p1a: Scizor|Heavy-Duty Boots|[from] move: Knock Off|[of] p2a: Tinkaton\n|move|p1a: Scizor|Swords Dance|p1a: Scizor\n|-boost|p1a: Scizor|atk|2\n|\n|-heal|p2a: Tinkaton|93\/100 par|[from] item: Leftovers\n|upkeep\n|turn|11\n|\n|t:|1699791554\n|switch|p2a: Goodra|Goodra-Hisui, F|89\/100\n|move|p1a: Scizor|Swords Dance|p1a: Scizor\n|-boost|p1a: Scizor|atk|2\n|\n|upkeep\n|turn|12\n|\n|t:|1699791572\n|-terastallize|p2a: Goodra|Flying\n|move|p2a: Goodra|Flamethrower|p1a: Scizor\n|-supereffective|p1a: Scizor\n|-damage|p1a: Scizor|0 fnt\n|faint|p1a: Scizor\n|\n|upkeep\n|inactive|Nikolobstar has 210 seconds left.\n|inactive|Nikolobstar has 180 seconds left.\n|\n|t:|1699791613\n|switch|p1a: Infernape|Infernape, F|100\/100\n|turn|13\n|inactive|Nikolobstar has 180 seconds left.\n|inactive|F8S has 270 seconds left.\n|inactive|F8S has 240 seconds left.\n|\n|t:|1699791686\n|switch|p2a: Cyclizar|Cyclizar, F|100\/100\n|move|p1a: Infernape|Thunder Punch|p2a: Cyclizar\n|-resisted|p2a: Cyclizar\n|-damage|p2a: Cyclizar|78\/100\n|\n|upkeep\n|turn|14\n|inactive|Nikolobstar has 180 seconds left.\n|\n|t:|1699791702\n|move|p1a: Infernape|Drain Punch|p2a: Cyclizar\n|-supereffective|p2a: Cyclizar\n|-damage|p2a: Cyclizar|0 fnt\n|faint|p2a: Cyclizar\n|\n|upkeep\n|\n|t:|1699791706\n|switch|p2a: Typhlosion|Typhlosion, F|100\/100\n|turn|15\n|inactive|Nikolobstar has 180 seconds left.\n|inactive|Nikolobstar has 150 seconds left.\n|\n|t:|1699791764\n|switch|p1a: Dragapult|Dragapult, M, shiny|100\/100\n|move|p2a: Typhlosion|Extrasensory|p1a: Dragapult\n|-damage|p1a: Dragapult|65\/100\n|\n|upkeep\n|turn|16\n|inactive|F8S has 240 seconds left.\n|inactive|Nikolobstar has 120 seconds left.\n|inactive|Nikolobstar has 90 seconds left.\n|\n|t:|1699791816\n|switch|p2a: Tinkaton|Tinkaton, F|93\/100 par\n|-ability|p2a: Tinkaton|Mold Breaker\n|move|p1a: Dragapult|Hydro Pump|p2a: Tinkaton\n|-damage|p2a: Tinkaton|52\/100 par\n|\n|-heal|p2a: Tinkaton|58\/100 par|[from] item: Leftovers\n|upkeep\n|turn|17\n|inactive|Nikolobstar has 90 seconds left.\n|inactive|F8S has 240 seconds left.\n|\n|t:|1699791829\n|switch|p1a: Klefki|Klefki, F|23\/100 brn\n|move|p2a: Tinkaton|Stealth Rock|p1a: Klefki\n|-sidestart|p1: Nikolobstar|move: Stealth Rock\n|\n|-heal|p2a: Tinkaton|64\/100 par|[from] item: Leftovers\n|-damage|p1a: Klefki|17\/100 brn|[from] brn\n|upkeep\n|turn|18\n|inactive|Nikolobstar has 90 seconds left.\n|\n|t:|1699791868\n|move|p1a: Klefki|Magnet Rise|p1a: Klefki\n|-start|p1a: Klefki|Magnet Rise\n|move|p2a: Tinkaton|Knock Off|p1a: Klefki\n|-resisted|p1a: Klefki\n|-damage|p1a: Klefki|9\/100 brn\n|-enditem|p1a: Klefki|Light Clay|[from] move: Knock Off|[of] p2a: Tinkaton\n|\n|-heal|p2a: Tinkaton|71\/100 par|[from] item: Leftovers\n|-damage|p1a: Klefki|3\/100 brn|[from] brn\n|upkeep\n|turn|19\n|inactive|Nikolobstar has 60 seconds left.\n|inactive|F8S has 240 seconds left.\n|\n|t:|1699791899\n|move|p1a: Klefki|Light Screen|p1a: Klefki\n|-sidestart|p1: Nikolobstar|move: Light Screen\n|move|p2a: Tinkaton|Knock Off|p1a: Klefki\n|-resisted|p1a: Klefki\n|-damage|p1a: Klefki|0 fnt\n|faint|p1a: Klefki\n|\n|-heal|p2a: Tinkaton|77\/100 par|[from] item: Leftovers\n|upkeep\n|inactive|Nikolobstar has 30 seconds left.\n|\n|t:|1699791923\n|switch|p1a: Torterra|Torterra, M|100\/100\n|-damage|p1a: Torterra|94\/100|[from] Stealth Rock\n|turn|20\n|inactive|F8S has 240 seconds left.\n|j| Psyscar\n|\n|t:|1699791948\n|move|p1a: Torterra|Shell Smash|p1a: Torterra\n|-unboost|p1a: Torterra|def|1\n|-unboost|p1a: Torterra|spd|1\n|-boost|p1a: Torterra|atk|2\n|-boost|p1a: Torterra|spa|2\n|-boost|p1a: Torterra|spe|2\n|move|p2a: Tinkaton|Knock Off|p1a: Torterra\n|-damage|p1a: Torterra|69\/100\n|-enditem|p1a: Torterra|Loaded Dice|[from] move: Knock Off|[of] p2a: Tinkaton\n|\n|-heal|p2a: Tinkaton|83\/100 par|[from] item: Leftovers\n|upkeep\n|turn|21\n|inactive|Nikolobstar has 30 seconds left.\n|inactiveoff|Battle timer is now OFF.\n|\n|t:|1699791979\n|move|p1a: Torterra|Earthquake|p2a: Tinkaton\n|-supereffective|p2a: Tinkaton\n|-damage|p2a: Tinkaton|0 fnt\n|faint|p2a: Tinkaton\n|\n|upkeep\n|\n|t:|1699792017\n|switch|p2a: Typhlosion|Typhlosion, F|100\/100\n|turn|22\n|\n|t:|1699792045\n|move|p2a: Typhlosion|Eruption|p1a: Torterra\n|-supereffective|p1a: Torterra\n|-damage|p1a: Torterra|0 fnt\n|faint|p1a: Torterra\n|\n|upkeep\n|\n|t:|1699792064\n|switch|p1a: Infernape|Infernape, F|100\/100\n|-damage|p1a: Infernape|88\/100|[from] Stealth Rock\n|turn|23\n|\n|t:|1699792128\n|switch|p2a: Scizor|Scizor, F|100\/100\n|move|p1a: Infernape|Thunder Punch|p2a: Scizor\n|-damage|p2a: Scizor|69\/100\n|\n|-sideend|p1: Nikolobstar|move: Light Screen\n|upkeep\n|turn|24\n|\n|t:|1699792137\n|move|p2a: Scizor|Bullet Punch|p1a: Infernape\n|-resisted|p1a: Infernape\n|-damage|p1a: Infernape|52\/100\n|-damage|p2a: Scizor|59\/100|[from] item: Life Orb\n|move|p1a: Infernape|Fire Punch|p2a: Scizor\n|-supereffective|p2a: Scizor\n|-damage|p2a: Scizor|0 fnt\n|faint|p2a: Scizor\n|\n|upkeep\n|\n|t:|1699792150\n|switch|p2a: Typhlosion|Typhlosion, F|100\/100\n|turn|25\n|\n|t:|1699792170\n|switch|p1a: Scream Tail|Scream Tail, tera:Ice|48\/100\n|-damage|p1a: Scream Tail|23\/100|[from] Stealth Rock\n|move|p2a: Typhlosion|Extrasensory|p1a: Scream Tail\n|-damage|p1a: Scream Tail|7\/100\n|\n|upkeep\n|turn|26\n|\n|t:|1699792189\n|move|p2a: Typhlosion|Extrasensory|p1a: Scream Tail\n|-damage|p1a: Scream Tail|0 fnt\n|faint|p1a: Scream Tail\n|-end|p1a: Scream Tail|Protosynthesis|[silent]\n|\n|upkeep\n|\n|t:|1699792193\n|switch|p1a: Dragapult|Dragapult, M, shiny|65\/100\n|-damage|p1a: Dragapult|53\/100|[from] Stealth Rock\n|turn|27\n|\n|t:|1699792214\n|switch|p2a: Goodra|Goodra-Hisui, F, tera:Flying|89\/100\n|move|p1a: Dragapult|Draco Meteor|p2a: Goodra\n|-damage|p2a: Goodra|54\/100\n|-unboost|p1a: Dragapult|spa|2\n|\n|upkeep\n|turn|28\n|\n|t:|1699792230\n|switch|p1a: Infernape|Infernape, F|52\/100\n|-damage|p1a: Infernape|40\/100|[from] Stealth Rock\n|move|p2a: Goodra|Ice Beam|p1a: Infernape\n|-resisted|p1a: Infernape\n|-damage|p1a: Infernape|15\/100\n|\n|upkeep\n|turn|29\n|\n|t:|1699792246\n|move|p1a: Infernape|Knock Off|p2a: Goodra\n|-damage|p2a: Goodra|26\/100\n|-enditem|p2a: Goodra|Assault Vest|[from] move: Knock Off|[of] p1a: Infernape\n|move|p2a: Goodra|Flash Cannon|p1a: Infernape\n|-resisted|p1a: Infernape\n|-damage|p1a: Infernape|0 fnt\n|faint|p1a: Infernape\n|\n|upkeep\n|\n|t:|1699792254\n|switch|p1a: Dragapult|Dragapult, M, shiny|53\/100\n|-damage|p1a: Dragapult|40\/100|[from] Stealth Rock\n|turn|30\n|\n|t:|1699792273\n|move|p1a: Dragapult|Hydro Pump|p2a: Goodra\n|-damage|p2a: Goodra|0 fnt\n|faint|p2a: Goodra\n|\n|upkeep\n|\n|t:|1699792276\n|switch|p2a: Typhlosion|Typhlosion, F|100\/100\n|turn|31\n|\n|t:|1699792280\n|move|p2a: Typhlosion|Shadow Ball|p1a: Dragapult\n|-supereffective|p1a: Dragapult\n|-damage|p1a: Dragapult|0 fnt\n|faint|p1a: Dragapult\n|\n|win|F8S\n","uploadtime":1699792287,"views":4,"p1id":"nikolobstar","p2id":"f8s","formatid":"gen9ubers","rating":0,"private":0,"password":""}