{"id":"gen9ubers-1977175048","p1":"Nitro524","p2":"leonissenbaum","format":"[Gen 9] Ubers","log":"|j|\u2606Nitro524\n|j|\u2606leonissenbaum\n|t:|1698381150\n|gametype|singles\n|player|p1|Nitro524|hilbert|\n|player|p2|leonissenbaum|leon|\n|teamsize|p1|6\n|teamsize|p2|6\n|gen|9\n|tier|[Gen 9] Ubers\n|rule|Sleep Clause Mod: Limit one foe put to sleep\n|rule|Species Clause: Limit one of each Pok\u00e9mon\n|rule|OHKO Clause: OHKO moves are banned\n|rule|Evasion Items Clause: Evasion items are banned\n|rule|Evasion Moves Clause: Evasion moves are banned\n|rule|Endless Battle Clause: Forcing endless battles is banned\n|rule|HP Percentage Mod: HP is shown in percentages\n|clearpoke\n|poke|p1|Pelipper, F|\n|poke|p1|Arceus-Poison|\n|poke|p1|Zacian-*|\n|poke|p1|Palkia-Origin|\n|poke|p1|Basculegion-F, F|\n|poke|p1|Shaymin-Sky|\n|poke|p2|Giratina|\n|poke|p2|Gliscor, F|\n|poke|p2|Blissey, F|\n|poke|p2|Dondozo, F|\n|poke|p2|Clefable, M|\n|poke|p2|Espeon, M|\n|teampreview\n|c|\u2606leonissenbaum|from sun to rain haha\n|c|\u2606leonissenbaum|gl!\n|c|\u2606Nitro524|hehe\n|c|\u2606Nitro524|u2!\n|\n|t:|1698381188\n|start\n|switch|p1a: Palkia|Palkia-Origin|100\/100\n|switch|p2a: Gliscor|Gliscor, F|100\/100\n|-ability|p1a: Palkia|Pressure\n|turn|1\n|\n|t:|1698381193\n|move|p2a: Gliscor|Protect|p2a: Gliscor\n|-singleturn|p2a: Gliscor|Protect\n|move|p1a: Palkia|Substitute|p1a: Palkia\n|-start|p1a: Palkia|Substitute\n|-damage|p1a: Palkia|76\/100\n|\n|-status|p2a: Gliscor|tox|[from] item: Toxic Orb\n|upkeep\n|turn|2\n|\n|t:|1698381197\n|switch|p2a: Blissey|Blissey, F|100\/100\n|move|p1a: Palkia|Scale Shot|p2a: Blissey\n|-damage|p2a: Blissey|91\/100\n|-damage|p2a: Blissey|81\/100\n|-hitcount|p2a: Blissey|2\n|-unboost|p1a: Palkia|def|1\n|-boost|p1a: Palkia|spe|1\n|\n|-heal|p2a: Blissey|87\/100|[from] item: Leftovers\n|upkeep\n|turn|3\n|\n|t:|1698381206\n|move|p1a: Palkia|Scale Shot|p2a: Blissey\n|-damage|p2a: Blissey|77\/100\n|-damage|p2a: Blissey|67\/100\n|-damage|p2a: Blissey|57\/100\n|-damage|p2a: Blissey|48\/100\n|-hitcount|p2a: Blissey|4\n|-unboost|p1a: Palkia|def|1\n|-boost|p1a: Palkia|spe|1\n|move|p2a: Blissey|Stealth Rock|p1a: Palkia\n|-sidestart|p1: Nitro524|move: Stealth Rock\n|\n|-heal|p2a: Blissey|54\/100|[from] item: Leftovers\n|upkeep\n|turn|4\n|\n|t:|1698381212\n|move|p1a: Palkia|Scale Shot|p2a: Blissey\n|-damage|p2a: Blissey|45\/100\n|-damage|p2a: Blissey|35\/100\n|-damage|p2a: Blissey|26\/100\n|-hitcount|p2a: Blissey|3\n|-unboost|p1a: Palkia|def|1\n|-boost|p1a: Palkia|spe|1\n|move|p2a: Blissey|Soft-Boiled|p2a: Blissey\n|-heal|p2a: Blissey|76\/100\n|\n|-heal|p2a: Blissey|82\/100|[from] item: Leftovers\n|upkeep\n|turn|5\n|\n|t:|1698381220\n|move|p1a: Palkia|Spacial Rend|p2a: Blissey\n|-damage|p2a: Blissey|60\/100\n|move|p2a: Blissey|Seismic Toss|p1a: Palkia\n|-end|p1a: Palkia|Substitute\n|\n|-heal|p2a: Blissey|66\/100|[from] item: Leftovers\n|upkeep\n|turn|6\n|\n|t:|1698381234\n|switch|p1a: Zacian|Zacian|100\/100\n|-ability|p1a: Zacian|Intrepid Sword|boost\n|-boost|p1a: Zacian|atk|1\n|move|p2a: Blissey|Soft-Boiled|p2a: Blissey\n|-heal|p2a: Blissey|100\/100\n|\n|upkeep\n|turn|7\n|\n|t:|1698381253\n|switch|p2a: Dondozo|Dondozo, F|100\/100\n|move|p1a: Zacian|Close Combat|p2a: Dondozo\n|-damage|p2a: Dondozo|83\/100\n|-unboost|p1a: Zacian|def|1\n|-unboost|p1a: Zacian|spd|1\n|-damage|p1a: Zacian|84\/100|[from] item: Rocky Helmet|[of] p2a: Dondozo\n|\n|upkeep\n|turn|8\n|\n|t:|1698381267\n|switch|p1a: Shaymin|Shaymin-Sky|100\/100\n|move|p2a: Dondozo|Waterfall|p1a: Shaymin\n|-resisted|p1a: Shaymin\n|-damage|p1a: Shaymin|82\/100\n|\n|upkeep\n|turn|9\n|\n|t:|1698381277\n|switch|p2a: Blissey|Blissey, F|100\/100\n|move|p1a: Shaymin|Seed Flare|p2a: Blissey\n|-damage|p2a: Blissey|81\/100\n|-unboost|p2a: Blissey|spd|2\n|\n|-heal|p2a: Blissey|87\/100|[from] item: Leftovers\n|upkeep\n|turn|10\n|\n|t:|1698381280\n|switch|p2a: Gliscor|Gliscor, F|100\/100 tox\n|move|p1a: Shaymin|Air Slash|p2a: Gliscor|[miss]\n|-miss|p1a: Shaymin|p2a: Gliscor\n|\n|upkeep\n|turn|11\n|\n|t:|1698381289\n|move|p1a: Shaymin|Seed Flare|p2a: Gliscor\n|-damage|p2a: Gliscor|52\/100 tox\n|-unboost|p2a: Gliscor|spd|2\n|move|p2a: Gliscor|Knock Off|p1a: Shaymin\n|-damage|p1a: Shaymin|55\/100\n|-enditem|p1a: Shaymin|Heavy-Duty Boots|[from] move: Knock Off|[of] p2a: Gliscor\n|\n|-heal|p2a: Gliscor|65\/100 tox|[from] ability: Poison Heal\n|upkeep\n|turn|12\n|\n|t:|1698381298\n|move|p2a: Gliscor|Protect|p2a: Gliscor\n|-singleturn|p2a: Gliscor|Protect\n|move|p1a: Shaymin|Air Slash|p2a: Gliscor\n|-activate|p2a: Gliscor|move: Protect\n|\n|-heal|p2a: Gliscor|77\/100 tox|[from] ability: Poison Heal\n|upkeep\n|turn|13\n|\n|t:|1698381305\n|switch|p2a: Giratina|Giratina, shiny|100\/100\n|-ability|p2a: Giratina|Pressure\n|move|p1a: Shaymin|Air Slash|p2a: Giratina\n|-damage|p2a: Giratina|84\/100\n|\n|-heal|p2a: Giratina|90\/100|[from] item: Leftovers\n|upkeep\n|turn|14\n|\n|t:|1698381312\n|move|p1a: Shaymin|Seed Flare|p2a: Giratina\n|-resisted|p2a: Giratina\n|-damage|p2a: Giratina|78\/100\n|-unboost|p2a: Giratina|spd|2\n|move|p2a: Giratina|Thunder Wave|p1a: Shaymin\n|-status|p1a: Shaymin|par\n|\n|-heal|p2a: Giratina|84\/100|[from] item: Leftovers\n|upkeep\n|turn|15\n|\n|t:|1698381316\n|switch|p2a: Gliscor|Gliscor, F|77\/100 tox\n|move|p1a: Shaymin|Air Slash|p2a: Gliscor\n|-damage|p2a: Gliscor|45\/100 tox\n|\n|-heal|p2a: Gliscor|57\/100 tox|[from] ability: Poison Heal\n|upkeep\n|turn|16\n|\n|t:|1698381320\n|move|p2a: Gliscor|Protect|p2a: Gliscor\n|-singleturn|p2a: Gliscor|Protect\n|move|p1a: Shaymin|Seed Flare|p2a: Gliscor\n|-activate|p2a: Gliscor|move: Protect\n|\n|-heal|p2a: Gliscor|70\/100 tox|[from] ability: Poison Heal\n|upkeep\n|turn|17\n|\n|t:|1698381323\n|move|p2a: Gliscor|Spikes|p1a: Shaymin\n|-sidestart|p1: Nitro524|Spikes\n|move|p1a: Shaymin|Seed Flare|p2a: Gliscor\n|-damage|p2a: Gliscor|25\/100 tox\n|\n|-heal|p2a: Gliscor|37\/100 tox|[from] ability: Poison Heal\n|upkeep\n|turn|18\n|\n|t:|1698381333\n|move|p2a: Gliscor|Protect|p2a: Gliscor\n|-singleturn|p2a: Gliscor|Protect\n|move|p1a: Shaymin|Air Slash|p2a: Gliscor\n|-activate|p2a: Gliscor|move: Protect\n|\n|-heal|p2a: Gliscor|49\/100 tox|[from] ability: Poison Heal\n|upkeep\n|turn|19\n|\n|t:|1698381352\n|switch|p2a: Giratina|Giratina, shiny|84\/100\n|-ability|p2a: Giratina|Pressure\n|switch|p1a: Pelipper|Pelipper, F|100\/100\n|-damage|p1a: Pelipper|75\/100|[from] Stealth Rock\n|-weather|RainDance|[from] ability: Drizzle|[of] p1a: Pelipper\n|\n|-weather|RainDance|[upkeep]\n|-heal|p2a: Giratina|90\/100|[from] item: Leftovers\n|upkeep\n|turn|20\n|\n|t:|1698381356\n|move|p2a: Giratina|Thunder Wave|p1a: Pelipper\n|-status|p1a: Pelipper|par\n|move|p1a: Pelipper|Knock Off|p2a: Giratina\n|-supereffective|p2a: Giratina\n|-damage|p2a: Giratina|75\/100\n|-enditem|p2a: Giratina|Leftovers|[from] move: Knock Off|[of] p1a: Pelipper\n|\n|-weather|RainDance|[upkeep]\n|upkeep\n|turn|21\n|\n|t:|1698381362\n|move|p2a: Giratina|Hex|p1a: Pelipper\n|-damage|p1a: Pelipper|35\/100 par\n|move|p1a: Pelipper|Knock Off|p2a: Giratina\n|-supereffective|p2a: Giratina\n|-damage|p2a: Giratina|65\/100\n|\n|-weather|RainDance|[upkeep]\n|upkeep\n|turn|22\n|\n|t:|1698381370\n|switch|p1a: Palkia|Palkia-Origin|76\/100\n|-damage|p1a: Palkia|63\/100|[from] Stealth Rock\n|-damage|p1a: Palkia|51\/100|[from] Spikes\n|-ability|p1a: Palkia|Pressure\n|move|p2a: Giratina|Hex|p1a: Palkia\n|-damage|p1a: Palkia|30\/100\n|\n|-weather|RainDance|[upkeep]\n|upkeep\n|turn|23\n|\n|t:|1698381379\n|switch|p2a: Blissey|Blissey, F|87\/100\n|move|p1a: Palkia|Spacial Rend|p2a: Blissey\n|-damage|p2a: Blissey|65\/100\n|\n|-weather|RainDance|[upkeep]\n|-heal|p2a: Blissey|71\/100|[from] item: Leftovers\n|upkeep\n|turn|24\n|\n|t:|1698381383\n|move|p1a: Palkia|Scale Shot|p2a: Blissey|[miss]\n|-miss|p1a: Palkia|p2a: Blissey\n|move|p2a: Blissey|Seismic Toss|p1a: Palkia\n|-damage|p1a: Palkia|0 fnt\n|faint|p1a: Palkia\n|\n|-weather|RainDance|[upkeep]\n|-heal|p2a: Blissey|77\/100|[from] item: Leftovers\n|upkeep\n|\n|t:|1698381391\n|switch|p1a: Arceus|Arceus-Poison|100\/100\n|-damage|p1a: Arceus|88\/100|[from] Stealth Rock\n|-damage|p1a: Arceus|76\/100|[from] Spikes\n|turn|25\n|\n|t:|1698381406\n|switch|p2a: Espeon|Espeon, M|100\/100\n|move|p1a: Arceus|Calm Mind|p1a: Arceus\n|-boost|p1a: Arceus|spa|1\n|-boost|p1a: Arceus|spd|1\n|\n|-weather|RainDance|[upkeep]\n|upkeep\n|turn|26\n|\n|t:|1698381414\n|move|p2a: Espeon|Psyshock|p1a: Arceus\n|-supereffective|p1a: Arceus\n|-damage|p1a: Arceus|34\/100\n|move|p1a: Arceus|Judgment|p2a: Espeon\n|-damage|p2a: Espeon|41\/100\n|\n|-weather|none\n|upkeep\n|turn|27\n|\n|t:|1698381434\n|switch|p1a: Shaymin|Shaymin-Sky|55\/100 par\n|-damage|p1a: Shaymin|30\/100 par|[from] Stealth Rock\n|move|p2a: Espeon|Psyshock|p1a: Shaymin\n|-damage|p1a: Shaymin|0 fnt\n|faint|p1a: Shaymin\n|\n|upkeep\n|\n|t:|1698381445\n|switch|p1a: Zacian|Zacian|84\/100\n|turn|28\n|\n|t:|1698381455\n|switch|p2a: Dondozo|Dondozo, F|83\/100\n|move|p1a: Zacian|Play Rough|p2a: Dondozo\n|-crit|p2a: Dondozo\n|-damage|p2a: Dondozo|52\/100\n|-damage|p1a: Zacian|67\/100|[from] item: Rocky Helmet|[of] p2a: Dondozo\n|\n|upkeep\n|turn|29\n|\n|t:|1698381464\n|move|p1a: Zacian|Play Rough|p2a: Dondozo\n|-damage|p2a: Dondozo|33\/100\n|-damage|p1a: Zacian|51\/100|[from] item: Rocky Helmet|[of] p2a: Dondozo\n|move|p2a: Dondozo|Rest|p2a: Dondozo\n|-status|p2a: Dondozo|slp|[from] move: Rest\n|-heal|p2a: Dondozo|100\/100 slp|[silent]\n|\n|upkeep\n|turn|30\n|\n|t:|1698381473\n|move|p1a: Zacian|Close Combat|p2a: Dondozo\n|-damage|p2a: Dondozo|82\/100 slp\n|-unboost|p1a: Zacian|def|1\n|-unboost|p1a: Zacian|spd|1\n|-damage|p1a: Zacian|34\/100|[from] item: Rocky Helmet|[of] p2a: Dondozo\n|cant|p2a: Dondozo|slp\n|move|p2a: Dondozo|Sleep Talk|p2a: Dondozo\n|move|p2a: Dondozo|Waterfall|p1a: Zacian|[from]move: Sleep Talk\n|-damage|p1a: Zacian|6\/100\n|\n|upkeep\n|turn|31\n|\n|t:|1698381477\n|move|p1a: Zacian|Close Combat|p2a: Dondozo\n|-damage|p2a: Dondozo|65\/100 slp\n|-unboost|p1a: Zacian|def|1\n|-unboost|p1a: Zacian|spd|1\n|-damage|p1a: Zacian|0 fnt|[from] item: Rocky Helmet|[of] p2a: Dondozo\n|faint|p1a: Zacian\n|cant|p2a: Dondozo|slp\n|move|p2a: Dondozo|Sleep Talk|p2a: Dondozo\n|move|p2a: Dondozo|Rest||[from]move: Sleep Talk|[still]\n|-fail|p2a: Dondozo\n|\n|upkeep\n|\n|t:|1698381506\n|switch|p1a: Arceus|Arceus-Poison|34\/100\n|-damage|p1a: Arceus|21\/100|[from] Stealth Rock\n|-damage|p1a: Arceus|9\/100|[from] Spikes\n|turn|32\n|\n|t:|1698381515\n|switch|p2a: Espeon|Espeon, M|41\/100\n|move|p1a: Arceus|Recover|p1a: Arceus\n|-heal|p1a: Arceus|59\/100\n|\n|upkeep\n|turn|33\n|\n|t:|1698381520\n|move|p2a: Espeon|Psyshock|p1a: Arceus\n|-supereffective|p1a: Arceus\n|-damage|p1a: Arceus|13\/100\n|move|p1a: Arceus|Judgment|p2a: Espeon\n|-damage|p2a: Espeon|5\/100\n|\n|upkeep\n|turn|34\n|\n|t:|1698381538\n|-terastallize|p1a: Arceus|Dark\n|move|p2a: Espeon|Psyshock|p1a: Arceus\n|-immune|p1a: Arceus\n|move|p1a: Arceus|Judgment|p2a: Espeon\n|-damage|p2a: Espeon|0 fnt\n|faint|p2a: Espeon\n|\n|upkeep\n|\n|t:|1698381548\n|switch|p2a: Clefable|Clefable, M|100\/100\n|turn|35\n|\n|t:|1698381555\n|move|p1a: Arceus|Recover|p1a: Arceus\n|-heal|p1a: Arceus|63\/100\n|move|p2a: Clefable|Calm Mind|p2a: Clefable\n|-boost|p2a: Clefable|spa|1\n|-boost|p2a: Clefable|spd|1\n|\n|upkeep\n|turn|36\n|\n|t:|1698381559\n|move|p1a: Arceus|Judgment|p2a: Clefable\n|-supereffective|p2a: Clefable\n|-damage|p2a: Clefable|55\/100\n|move|p2a: Clefable|Calm Mind|p2a: Clefable\n|-boost|p2a: Clefable|spa|1\n|-boost|p2a: Clefable|spd|1\n|\n|-heal|p2a: Clefable|61\/100|[from] item: Leftovers\n|upkeep\n|turn|37\n|\n|t:|1698381563\n|move|p1a: Arceus|Judgment|p2a: Clefable\n|-supereffective|p2a: Clefable\n|-damage|p2a: Clefable|30\/100\n|move|p2a: Clefable|Wish|p2a: Clefable\n|\n|-heal|p2a: Clefable|37\/100|[from] item: Leftovers\n|upkeep\n|turn|38\n|\n|t:|1698381566\n|move|p2a: Clefable|Protect|p2a: Clefable\n|-singleturn|p2a: Clefable|Protect\n|move|p1a: Arceus|Judgment|p2a: Clefable\n|-activate|p2a: Clefable|move: Protect\n|\n|-heal|p2a: Clefable|87\/100|[from] move: Wish|[wisher] Clefable\n|-heal|p2a: Clefable|93\/100|[from] item: Leftovers\n|upkeep\n|turn|39\n|\n|t:|1698381572\n|move|p1a: Arceus|Recover|p1a: Arceus\n|-heal|p1a: Arceus|100\/100\n|move|p2a: Clefable|Moonblast|p1a: Arceus\n|-supereffective|p1a: Arceus\n|-damage|p1a: Arceus|22\/100\n|\n|-heal|p2a: Clefable|99\/100|[from] item: Leftovers\n|upkeep\n|turn|40\n|\n|t:|1698381576\n|move|p1a: Arceus|Judgment|p2a: Clefable\n|-supereffective|p2a: Clefable\n|-damage|p2a: Clefable|65\/100\n|move|p2a: Clefable|Moonblast|p1a: Arceus\n|-supereffective|p1a: Arceus\n|-damage|p1a: Arceus|0 fnt\n|faint|p1a: Arceus\n|\n|-heal|p2a: Clefable|71\/100|[from] item: Leftovers\n|upkeep\n|\n|t:|1698381579\n|switch|p1a: Pelipper|Pelipper, F|35\/100 par\n|-damage|p1a: Pelipper|10\/100 par|[from] Stealth Rock\n|-weather|RainDance|[from] ability: Drizzle|[of] p1a: Pelipper\n|turn|41\n|\n|t:|1698381585\n|move|p2a: Clefable|Wish|p2a: Clefable\n|move|p1a: Pelipper|Knock Off|p2a: Clefable\n|-resisted|p2a: Clefable\n|-damage|p2a: Clefable|63\/100\n|-enditem|p2a: Clefable|Leftovers|[from] move: Knock Off|[of] p1a: Pelipper\n|\n|-weather|RainDance|[upkeep]\n|upkeep\n|turn|42\n|\n|t:|1698381594\n|move|p2a: Clefable|Protect|p2a: Clefable\n|-singleturn|p2a: Clefable|Protect\n|cant|p1a: Pelipper|par\n|\n|-weather|RainDance|[upkeep]\n|-heal|p2a: Clefable|100\/100|[from] move: Wish|[wisher] Clefable\n|upkeep\n|turn|43\n|\n|t:|1698381597\n|move|p2a: Clefable|Wish|p2a: Clefable\n|move|p1a: Pelipper|Roost|p1a: Pelipper\n|-heal|p1a: Pelipper|60\/100 par\n|-singleturn|p1a: Pelipper|move: Roost\n|\n|-weather|RainDance|[upkeep]\n|upkeep\n|turn|44\n|\n|t:|1698381601\n|move|p2a: Clefable|Calm Mind|p2a: Clefable\n|-boost|p2a: Clefable|spa|1\n|-boost|p2a: Clefable|spd|1\n|move|p1a: Pelipper|Roost|p1a: Pelipper\n|-heal|p1a: Pelipper|100\/100 par\n|-singleturn|p1a: Pelipper|move: Roost\n|\n|-weather|RainDance|[upkeep]\n|upkeep\n|turn|45\n|\n|t:|1698381605\n|move|p2a: Clefable|Wish|p2a: Clefable\n|move|p1a: Pelipper|Hurricane|p2a: Clefable\n|-damage|p2a: Clefable|91\/100\n|\n|-weather|RainDance|[upkeep]\n|upkeep\n|turn|46\n|\n|t:|1698381611\n|switch|p2a: Gliscor|Gliscor, F|49\/100 tox\n|move|p1a: Pelipper|U-turn|p2a: Gliscor\n|-resisted|p2a: Gliscor\n|-damage|p2a: Gliscor|46\/100 tox\n|\n|t:|1698381615\n|switch|p1a: Basculegion|Basculegion-F, F|100\/100|[from] U-turn\n|-damage|p1a: Basculegion|88\/100|[from] Stealth Rock\n|-damage|p1a: Basculegion|76\/100|[from] Spikes\n|\n|-weather|RainDance|[upkeep]\n|-heal|p2a: Gliscor|100\/100 tox|[from] move: Wish|[wisher] Clefable\n|upkeep\n|turn|47\n|\n|t:|1698381623\n|move|p2a: Gliscor|Protect|p2a: Gliscor\n|-singleturn|p2a: Gliscor|Protect\n|move|p1a: Basculegion|Last Respects|p2a: Gliscor\n|-activate|p2a: Gliscor|move: Protect\n|\n|-weather|RainDance|[upkeep]\n|upkeep\n|turn|48\n|\n|t:|1698381628\n|-terastallize|p2a: Gliscor|Normal\n|move|p1a: Basculegion|Last Respects|p2a: Gliscor\n|-immune|p2a: Gliscor\n|move|p2a: Gliscor|Knock Off|p1a: Basculegion\n|-supereffective|p1a: Basculegion\n|-damage|p1a: Basculegion|20\/100\n|-enditem|p1a: Basculegion|Choice Band|[from] move: Knock Off|[of] p2a: Gliscor\n|\n|-weather|none\n|upkeep\n|turn|49\n|\n|t:|1698381635\n|switch|p1a: Pelipper|Pelipper, F|100\/100 par\n|-damage|p1a: Pelipper|75\/100 par|[from] Stealth Rock\n|-weather|RainDance|[from] ability: Drizzle|[of] p1a: Pelipper\n|move|p2a: Gliscor|Knock Off|p1a: Pelipper\n|-damage|p1a: Pelipper|52\/100 par\n|-enditem|p1a: Pelipper|Damp Rock|[from] move: Knock Off|[of] p2a: Gliscor\n|\n|-weather|RainDance|[upkeep]\n|upkeep\n|turn|50\n|\n|t:|1698381664\n|move|p2a: Gliscor|Spikes|p1a: Pelipper\n|-sidestart|p1: Nitro524|Spikes\n|move|p1a: Pelipper|U-turn|p2a: Gliscor\n|-damage|p2a: Gliscor|93\/100 tox\n|\n|t:|1698381667\n|switch|p1a: Basculegion|Basculegion-F, F|20\/100|[from] U-turn\n|-damage|p1a: Basculegion|8\/100|[from] Stealth Rock\n|-damage|p1a: Basculegion|0 fnt|[from] Spikes\n|faint|p1a: Basculegion\n|\n|-weather|RainDance|[upkeep]\n|-heal|p2a: Gliscor|100\/100 tox|[from] ability: Poison Heal\n|upkeep\n|\n|t:|1698381668\n|switch|p1a: Pelipper|Pelipper, F|52\/100 par\n|-damage|p1a: Pelipper|27\/100 par|[from] Stealth Rock\n|turn|51\n|c|\u2606Nitro524|gg\n|c|\u2606leonissenbaum|gg\n|\n|t:|1698381675\n|move|p2a: Gliscor|Knock Off|p1a: Pelipper\n|-damage|p1a: Pelipper|11\/100 par\n|cant|p1a: Pelipper|par\n|\n|-weather|RainDance|[upkeep]\n|upkeep\n|turn|52\n|\n|t:|1698381712\n|move|p2a: Gliscor|Knock Off|p1a: Pelipper\n|-damage|p1a: Pelipper|0 fnt\n|faint|p1a: Pelipper\n|\n|win|leonissenbaum\n|c|\u2606Nitro524|gg\n|l|\u2606Nitro524\n","uploadtime":1698381717,"views":10,"p1id":"nitro524","p2id":"leonissenbaum","formatid":"gen9ubers","rating":0,"private":0,"password":""}