{"id":"gen9ubers-1999205753","p1":"pearlman","p2":"Emilchelo","format":"[Gen 9] Ubers","log":"|j|\u2606pearlman\n|j|\u203dEmilchelo\n|t:|1701045275\n|gametype|singles\n|player|p1|pearlman|170|1095\n|player|p2|Emilchelo|101|1081\n|teamsize|p1|6\n|teamsize|p2|6\n|gen|9\n|tier|[Gen 9] Ubers\n|rated|\n|rule|Sleep Clause Mod: Limit one foe put to sleep\n|rule|Species Clause: Limit one of each Pok\u00e9mon\n|rule|OHKO Clause: OHKO moves are banned\n|rule|Evasion Items Clause: Evasion items are banned\n|rule|Evasion Moves Clause: Evasion moves are banned\n|rule|Endless Battle Clause: Forcing endless battles is banned\n|rule|HP Percentage Mod: HP is shown in percentages\n|clearpoke\n|poke|p1|Forretress, F|\n|poke|p1|Arcanine, F|\n|poke|p1|Electrode-Hisui|\n|poke|p1|Arbok, M|\n|poke|p1|Wyrdeer, F|\n|poke|p1|Shaymin|\n|poke|p2|Regieleki|\n|poke|p2|Kingambit, M|\n|poke|p2|Arceus|\n|poke|p2|Koraidon|\n|poke|p2|Zacian-*|\n|poke|p2|Kyogre|\n|teampreview\n|inactive|Battle timer is ON: inactive players will automatically lose when time's up. (requested by pearlman)\n|\n|t:|1701045293\n|start\n|switch|p1a: Forretress|Forretress, F|100\/100\n|switch|p2a: Arceus|Arceus|100\/100\n|turn|1\n|\n|t:|1701045302\n|switch|p1a: Arcanine|Arcanine, F|100\/100\n|-ability|p1a: Arcanine|Intimidate|boost\n|-unboost|p2a: Arceus|atk|1\n|move|p2a: Arceus|Cosmic Power|p2a: Arceus\n|-boost|p2a: Arceus|def|1\n|-boost|p2a: Arceus|spd|1\n|\n|upkeep\n|turn|2\n|\n|t:|1701045324\n|move|p2a: Arceus|Cosmic Power|p2a: Arceus\n|-boost|p2a: Arceus|def|1\n|-boost|p2a: Arceus|spd|1\n|move|p1a: Arcanine|Will-O-Wisp|p2a: Arceus\n|-status|p2a: Arceus|brn\n|\n|-damage|p2a: Arceus|94\/100 brn|[from] brn\n|upkeep\n|turn|3\n|\n|t:|1701045336\n|move|p2a: Arceus|Cosmic Power|p2a: Arceus\n|-boost|p2a: Arceus|def|1\n|-boost|p2a: Arceus|spd|1\n|move|p1a: Arcanine|Roar|p2a: Arceus\n|drag|p2a: Kingambit|Kingambit, M|100\/100\n|\n|upkeep\n|turn|4\n|\n|t:|1701045348\n|-end|p2a: Kingambit|fallenundefined|[silent]\n|switch|p2a: Kyogre|Kyogre|100\/100\n|-weather|RainDance|[from] ability: Drizzle|[of] p2a: Kyogre\n|move|p1a: Arcanine|Will-O-Wisp|p2a: Kyogre\n|-status|p2a: Kyogre|brn\n|\n|-weather|RainDance|[upkeep]\n|-damage|p2a: Kyogre|94\/100 brn|[from] brn\n|upkeep\n|turn|5\n|\n|t:|1701045367\n|-terastallize|p1a: Arcanine|Normal\n|move|p1a: Arcanine|Extreme Speed|p2a: Kyogre\n|-crit|p2a: Kyogre\n|-damage|p2a: Kyogre|40\/100 brn\n|move|p2a: Kyogre|Origin Pulse|p1a: Arcanine\n|-damage|p1a: Arcanine|0 fnt\n|faint|p1a: Arcanine\n|\n|-weather|RainDance|[upkeep]\n|-damage|p2a: Kyogre|34\/100 brn|[from] brn\n|upkeep\n|\n|t:|1701045380\n|switch|p1a: Electrode|Electrode-Hisui|100\/100\n|turn|6\n|\n|t:|1701045390\n|move|p1a: Electrode|Leech Seed|p2a: Kyogre\n|-start|p2a: Kyogre|move: Leech Seed\n|move|p2a: Kyogre|Origin Pulse|p1a: Electrode\n|-resisted|p1a: Electrode\n|-damage|p1a: Electrode|13\/100\n|\n|-weather|RainDance|[upkeep]\n|-heal|p1a: Electrode|19\/100|[from] item: Leftovers\n|-damage|p2a: Kyogre|22\/100 brn|[from] Leech Seed|[of] p1a: Electrode\n|-heal|p1a: Electrode|32\/100|[silent]\n|-damage|p2a: Kyogre|16\/100 brn|[from] brn\n|upkeep\n|turn|7\n|\n|t:|1701045406\n|move|p1a: Electrode|Substitute|p1a: Electrode\n|-start|p1a: Electrode|Substitute\n|-damage|p1a: Electrode|8\/100\n|move|p2a: Kyogre|Origin Pulse|p1a: Electrode\n|-resisted|p1a: Electrode\n|-end|p1a: Electrode|Substitute\n|\n|-weather|RainDance|[upkeep]\n|-heal|p1a: Electrode|14\/100|[from] item: Leftovers\n|-damage|p2a: Kyogre|3\/100 brn|[from] Leech Seed|[of] p1a: Electrode\n|-heal|p1a: Electrode|27\/100|[silent]\n|-damage|p2a: Kyogre|0 fnt|[from] brn\n|faint|p2a: Kyogre\n|upkeep\n|\n|t:|1701045422\n|switch|p2a: Regieleki|Regieleki|100\/100\n|turn|8\n|inactive|Emilchelo has 120 seconds left.\n|\n|t:|1701045438\n|move|p2a: Regieleki|Tera Blast|p1a: Electrode\n|-damage|p1a: Electrode|0 fnt\n|faint|p1a: Electrode\n|\n|-weather|none\n|upkeep\n|\n|t:|1701045457\n|switch|p1a: Arbok|Arbok, M|100\/100\n|-ability|p1a: Arbok|Intimidate|boost\n|-unboost|p2a: Regieleki|atk|1\n|turn|9\n|\n|t:|1701045468\n|move|p2a: Regieleki|Volt Switch|p1a: Arbok\n|-damage|p1a: Arbok|20\/100\n|\n|t:|1701045477\n|switch|p2a: Arceus|Arceus|94\/100 brn|[from] Volt Switch\n|move|p1a: Arbok|Earthquake|p2a: Arceus\n|-damage|p2a: Arceus|68\/100 brn\n|\n|-damage|p2a: Arceus|62\/100 brn|[from] brn\n|upkeep\n|turn|10\n|\n|t:|1701045491\n|switch|p1a: Wyrdeer|Wyrdeer, F|100\/100\n|-ability|p1a: Wyrdeer|Intimidate|boost\n|-unboost|p2a: Arceus|atk|1\n|-terastallize|p2a: Arceus|Poison\n|move|p2a: Arceus|Cosmic Power|p2a: Arceus\n|-boost|p2a: Arceus|def|1\n|-boost|p2a: Arceus|spd|1\n|\n|-damage|p2a: Arceus|56\/100 brn|[from] brn\n|upkeep\n|turn|11\n|inactive|Emilchelo has 120 seconds left.\n|\n|t:|1701045510\n|move|p2a: Arceus|Cosmic Power|p2a: Arceus\n|-boost|p2a: Arceus|def|1\n|-boost|p2a: Arceus|spd|1\n|move|p1a: Wyrdeer|Psyshock|p2a: Arceus\n|-supereffective|p2a: Arceus\n|-damage|p2a: Arceus|29\/100 brn\n|-enditem|p2a: Arceus|Weakness Policy\n|-boost|p2a: Arceus|atk|2|[from] item: Weakness Policy\n|-boost|p2a: Arceus|spa|2|[from] item: Weakness Policy\n|\n|-damage|p2a: Arceus|23\/100 brn|[from] brn\n|upkeep\n|turn|12\n|inactive|Emilchelo has 120 seconds left.\n|\n|t:|1701045527\n|move|p2a: Arceus|Recover|p2a: Arceus\n|-heal|p2a: Arceus|73\/100 brn\n|move|p1a: Wyrdeer|Earth Power|p2a: Arceus\n|-supereffective|p2a: Arceus\n|-damage|p2a: Arceus|51\/100 brn\n|\n|-damage|p2a: Arceus|45\/100 brn|[from] brn\n|upkeep\n|turn|13\n|inactive|Emilchelo has 120 seconds left.\n|\n|t:|1701045540\n|switch|p1a: Shaymin|Shaymin|100\/100\n|move|p2a: Arceus|Recover|p2a: Arceus\n|-heal|p2a: Arceus|95\/100 brn\n|\n|-damage|p2a: Arceus|89\/100 brn|[from] brn\n|upkeep\n|turn|14\n|inactive|Emilchelo has 120 seconds left.\n|\n|t:|1701045550\n|move|p2a: Arceus|Stored Power|p1a: Shaymin\n|-damage|p1a: Shaymin|50\/100\n|move|p1a: Shaymin|Leech Seed|p2a: Arceus\n|-start|p2a: Arceus|move: Leech Seed\n|\n|-heal|p1a: Shaymin|57\/100|[from] item: Leftovers\n|-damage|p2a: Arceus|77\/100 brn|[from] Leech Seed|[of] p1a: Shaymin\n|-heal|p1a: Shaymin|70\/100|[silent]\n|-damage|p2a: Arceus|71\/100 brn|[from] brn\n|upkeep\n|turn|15\n|inactive|Emilchelo has 120 seconds left.\n|\n|t:|1701045566\n|move|p2a: Arceus|Cosmic Power|p2a: Arceus\n|-boost|p2a: Arceus|def|1\n|-boost|p2a: Arceus|spd|1\n|move|p1a: Shaymin|Healing Wish|p1a: Shaymin\n|faint|p1a: Shaymin\n|\n|-damage|p2a: Arceus|65\/100 brn|[from] brn\n|upkeep\n|\n|t:|1701045576\n|switch|p1a: Wyrdeer|Wyrdeer, F|100\/100\n|-ability|p1a: Wyrdeer|Intimidate|boost\n|-unboost|p2a: Arceus|atk|1\n|turn|16\n|\n|t:|1701045583\n|move|p2a: Arceus|Earth Power|p1a: Wyrdeer\n|-damage|p1a: Wyrdeer|69\/100\n|move|p1a: Wyrdeer|Psyshock|p2a: Arceus\n|-supereffective|p2a: Arceus\n|-damage|p2a: Arceus|44\/100 brn\n|\n|-damage|p2a: Arceus|32\/100 brn|[from] Leech Seed|[of] p1a: Wyrdeer\n|-heal|p1a: Wyrdeer|82\/100|[silent]\n|-damage|p2a: Arceus|25\/100 brn|[from] brn\n|upkeep\n|turn|17\n|\n|t:|1701045599\n|switch|p2a: Kingambit|Kingambit, M|100\/100\n|-activate|p2a: Kingambit|ability: Supreme Overlord\n|-start|p2a: Kingambit|fallen1|[silent]\n|move|p1a: Wyrdeer|Psyshock|p2a: Kingambit\n|-immune|p2a: Kingambit\n|\n|upkeep\n|turn|18\n|\n|t:|1701045609\n|move|p1a: Wyrdeer|Earth Power|p2a: Kingambit\n|-supereffective|p2a: Kingambit\n|-damage|p2a: Kingambit|38\/100\n|move|p2a: Kingambit|Iron Head|p1a: Wyrdeer\n|-damage|p1a: Wyrdeer|36\/100\n|\n|-heal|p2a: Kingambit|44\/100|[from] item: Leftovers\n|upkeep\n|turn|19\n|\n|t:|1701045622\n|switch|p1a: Arbok|Arbok, M|20\/100\n|-heal|p1a: Arbok|100\/100|[from] move: Healing Wish\n|-ability|p1a: Arbok|Intimidate|boost\n|-unboost|p2a: Kingambit|atk|1\n|move|p2a: Kingambit|Sucker Punch||[still]\n|-fail|p2a: Kingambit\n|\n|-heal|p2a: Kingambit|50\/100|[from] item: Leftovers\n|upkeep\n|turn|20\n|\n|t:|1701045634\n|switch|p1a: Wyrdeer|Wyrdeer, F|36\/100\n|-ability|p1a: Wyrdeer|Intimidate|boost\n|-unboost|p2a: Kingambit|atk|1\n|-end|p2a: Kingambit|fallen1|[silent]\n|switch|p2a: Arceus|Arceus, tera:Poison|25\/100 brn\n|\n|-damage|p2a: Arceus|19\/100 brn|[from] brn\n|upkeep\n|turn|21\n|\n|t:|1701045645\n|move|p2a: Arceus|Recover|p2a: Arceus\n|-heal|p2a: Arceus|69\/100 brn\n|move|p1a: Wyrdeer|Psyshock|p2a: Arceus\n|-supereffective|p2a: Arceus\n|-damage|p2a: Arceus|16\/100 brn\n|\n|-damage|p2a: Arceus|10\/100 brn|[from] brn\n|upkeep\n|turn|22\n|\n|t:|1701045657\n|switch|p2a: Kingambit|Kingambit, M|50\/100\n|-activate|p2a: Kingambit|ability: Supreme Overlord\n|-start|p2a: Kingambit|fallen1|[silent]\n|move|p1a: Wyrdeer|Earth Power|p2a: Kingambit\n|-supereffective|p2a: Kingambit\n|-damage|p2a: Kingambit|0 fnt\n|faint|p2a: Kingambit\n|-end|p2a: Kingambit|fallen1|[silent]\n|\n|upkeep\n|inactive|Emilchelo has 120 seconds left.\n|\n|t:|1701045668\n|switch|p2a: Regieleki|Regieleki|100\/100\n|turn|23\n|\n|t:|1701045674\n|move|p2a: Regieleki|Thunderbolt|p1a: Wyrdeer\n|-damage|p1a: Wyrdeer|0 fnt\n|faint|p1a: Wyrdeer\n|\n|upkeep\n|\n|t:|1701045682\n|switch|p1a: Forretress|Forretress, F|100\/100\n|turn|24\n|\n|t:|1701045687\n|move|p2a: Regieleki|Volt Switch|p1a: Forretress\n|-damage|p1a: Forretress|29\/100\n|\n|t:|1701045691\n|switch|p2a: Koraidon|Koraidon|100\/100|[from] Volt Switch\n|-weather|SunnyDay|[from] ability: Orichalcum Pulse|[of] p2a: Koraidon\n|-activate|p2a: Koraidon|Orichalcum Pulse|[source]\n|move|p1a: Forretress|Earthquake|p2a: Koraidon\n|-damage|p2a: Koraidon|62\/100\n|\n|-weather|SunnyDay|[upkeep]\n|upkeep\n|turn|25\n|\n|t:|1701045704\n|move|p2a: Koraidon|Flare Blitz|p1a: Forretress\n|-supereffective|p1a: Forretress\n|-damage|p1a: Forretress|0 fnt\n|faint|p1a: Forretress\n|-damage|p2a: Koraidon|52\/100|[from] Recoil\n|-damage|p2a: Koraidon|42\/100|[from] item: Life Orb\n|\n|-weather|SunnyDay|[upkeep]\n|upkeep\n|\n|t:|1701045713\n|switch|p1a: Arbok|Arbok, M|100\/100\n|-ability|p1a: Arbok|Intimidate|boost\n|-unboost|p2a: Koraidon|atk|1\n|turn|26\n|\n|t:|1701045720\n|move|p2a: Koraidon|Scale Shot|p1a: Arbok\n|-damage|p1a: Arbok|72\/100\n|-damage|p1a: Arbok|42\/100\n|-damage|p1a: Arbok|15\/100\n|-damage|p1a: Arbok|0 fnt\n|faint|p1a: Arbok\n|-hitcount|p1: Arbok|4\n|-damage|p2a: Koraidon|32\/100|[from] item: Life Orb\n|\n|win|Emilchelo\n|raw|pearlman's rating: 1095 &rarr; <strong>1070<\/strong><br \/>(-25 for losing)\n|raw|Emilchelo's rating: 1081 &rarr; <strong>1110<\/strong><br \/>(+29 for winning)\n|l|\u2606pearlman\n","uploadtime":1701045739,"views":1,"p1id":"pearlman","p2id":"emilchelo","formatid":"gen9ubers","rating":1070,"private":0,"password":""}