{"id":"gen9ubers-1977971004","p1":"HyperMuteki666","p2":"sdafuehirw","format":"[Gen 9] Ubers","log":"|j|\u2606HyperMuteki666\n|j|\u2606sdafuehirw\n|t:|1698475669\n|gametype|singles\n|player|p1|HyperMuteki666|169|1247\n|player|p2|sdafuehirw|2|1255\n|teamsize|p1|6\n|teamsize|p2|6\n|gen|9\n|tier|[Gen 9] Ubers\n|rated|\n|rule|Sleep Clause Mod: Limit one foe put to sleep\n|rule|Species Clause: Limit one of each Pok\u00e9mon\n|rule|OHKO Clause: OHKO moves are banned\n|rule|Evasion Items Clause: Evasion items are banned\n|rule|Evasion Moves Clause: Evasion moves are banned\n|rule|Endless Battle Clause: Forcing endless battles is banned\n|rule|HP Percentage Mod: HP is shown in percentages\n|clearpoke\n|poke|p1|Kyogre|\n|poke|p1|Zacian-*|\n|poke|p1|Miraidon|\n|poke|p1|Ribombee, M|\n|poke|p1|Eternatus|\n|poke|p1|Giratina-Origin|\n|poke|p2|Kleavor, M|\n|poke|p2|Sneasler, M|\n|poke|p2|Gholdengo|\n|poke|p2|Enamorus, F|\n|poke|p2|Dragapult, M|\n|poke|p2|Samurott-Hisui, M|\n|teampreview\n|\n|t:|1698475678\n|start\n|switch|p1a: Ribombee|Ribombee, M|100\/100\n|switch|p2a: Sneasler|Sneasler, M|100\/100\n|turn|1\n|j| pkm hao\n|\n|t:|1698475683\n|move|p2a: Sneasler|U-turn|p1a: Ribombee\n|-resisted|p1a: Ribombee\n|-damage|p1a: Ribombee|77\/100\n|\n|t:|1698475685\n|switch|p2a: Kleavor|Kleavor, M|100\/100|[from] U-turn\n|move|p1a: Ribombee|Reflect|p1a: Ribombee\n|-sidestart|p1: HyperMuteki666|Reflect\n|\n|upkeep\n|turn|2\n|\n|t:|1698475692\n|move|p2a: Kleavor|Stone Axe|p1a: Ribombee\n|-supereffective|p1a: Ribombee\n|-damage|p1a: Ribombee|0 fnt\n|-sidestart|p1: HyperMuteki666|move: Stealth Rock\n|faint|p1a: Ribombee\n|\n|upkeep\n|\n|t:|1698475703\n|switch|p1a: Giratina|Giratina-Origin|100\/100\n|-damage|p1a: Giratina|88\/100|[from] Stealth Rock\n|turn|3\n|\n|t:|1698475708\n|switch|p2a: Gholdengo|Gholdengo|100\/100\n|move|p1a: Giratina|Defog|p2a: Gholdengo\n|-immune|p2a: Gholdengo|[from] ability: Good as Gold\n|\n|upkeep\n|turn|4\n|\n|t:|1698475716\n|move|p2a: Gholdengo|Shadow Ball|p1a: Giratina\n|-supereffective|p1a: Giratina\n|-damage|p1a: Giratina|27\/100\n|move|p1a: Giratina|Calm Mind|p1a: Giratina\n|-boost|p1a: Giratina|spa|1\n|-boost|p1a: Giratina|spd|1\n|\n|upkeep\n|turn|5\n|\n|t:|1698475723\n|move|p2a: Gholdengo|Shadow Ball|p1a: Giratina\n|-supereffective|p1a: Giratina\n|-damage|p1a: Giratina|0 fnt\n|faint|p1a: Giratina\n|\n|-sideend|p1: HyperMuteki666|Reflect\n|upkeep\n|\n|t:|1698475737\n|switch|p1a: Kyogre|Kyogre|100\/100\n|-damage|p1a: Kyogre|88\/100|[from] Stealth Rock\n|-weather|RainDance|[from] ability: Drizzle|[of] p1a: Kyogre\n|turn|6\n|\n|t:|1698475744\n|switch|p2a: Kleavor|Kleavor, M|100\/100\n|move|p1a: Kyogre|Origin Pulse|p2a: Kleavor\n|-supereffective|p2a: Kleavor\n|-damage|p2a: Kleavor|0 fnt\n|faint|p2a: Kleavor\n|\n|-weather|RainDance|[upkeep]\n|upkeep\n|\n|t:|1698475747\n|switch|p2a: Dragapult|Dragapult, M|100\/100\n|turn|7\n|\n|t:|1698475753\n|move|p2a: Dragapult|Thunder|p1a: Kyogre\n|-supereffective|p1a: Kyogre\n|-damage|p1a: Kyogre|44\/100\n|move|p1a: Kyogre|Origin Pulse|p2a: Dragapult\n|-resisted|p2a: Dragapult\n|-damage|p2a: Dragapult|40\/100\n|\n|-weather|RainDance|[upkeep]\n|upkeep\n|turn|8\n|\n|t:|1698475761\n|move|p2a: Dragapult|Thunder|p1a: Kyogre\n|-supereffective|p1a: Kyogre\n|-damage|p1a: Kyogre|0 fnt\n|faint|p1a: Kyogre\n|\n|-weather|RainDance|[upkeep]\n|upkeep\n|\n|t:|1698475767\n|switch|p1a: Miraidon|Miraidon|100\/100\n|-damage|p1a: Miraidon|88\/100|[from] Stealth Rock\n|-fieldstart|move: Electric Terrain|[from] ability: Hadron Engine|[of] p1a: Miraidon\n|turn|9\n|\n|t:|1698475772\n|switch|p2a: Samurott|Samurott-Hisui, M|100\/100\n|move|p1a: Miraidon|Dragon Pulse|p2a: Samurott\n|-damage|p2a: Samurott|0 fnt\n|faint|p2a: Samurott\n|-damage|p1a: Miraidon|78\/100|[from] item: Life Orb\n|\n|-weather|RainDance|[upkeep]\n|upkeep\n|\n|t:|1698475774\n|switch|p2a: Enamorus|Enamorus, F|100\/100\n|turn|10\n|\n|t:|1698475783\n|move|p2a: Enamorus|Moonblast|p1a: Miraidon\n|-supereffective|p1a: Miraidon\n|-damage|p1a: Miraidon|0 fnt\n|faint|p1a: Miraidon\n|\n|-weather|none\n|upkeep\n|\n|t:|1698475790\n|switch|p1a: Zacian|Zacian-Crowned|100\/100\n|-damage|p1a: Zacian|94\/100|[from] Stealth Rock\n|-ability|p1a: Zacian|Intrepid Sword|boost\n|-boost|p1a: Zacian|atk|1\n|turn|11\n|\n|t:|1698475796\n|move|p2a: Enamorus|Moonblast|p1a: Zacian\n|-resisted|p1a: Zacian\n|-damage|p1a: Zacian|69\/100\n|move|p1a: Zacian|Behemoth Blade|p2a: Enamorus\n|-supereffective|p2a: Enamorus\n|-damage|p2a: Enamorus|0 fnt\n|faint|p2a: Enamorus\n|\n|upkeep\n|\n|t:|1698475800\n|switch|p2a: Gholdengo|Gholdengo|100\/100\n|turn|12\n|\n|t:|1698475811\n|move|p2a: Gholdengo|Make It Rain|p1a: Zacian\n|-damage|p1a: Zacian|11\/100\n|-unboost|p2a: Gholdengo|spa|1\n|move|p1a: Zacian|Close Combat|p2a: Gholdengo\n|-immune|p2a: Gholdengo\n|\n|upkeep\n|turn|13\n|l| pkm hao\n|inactive|Battle timer is ON: inactive players will automatically lose when time's up. (requested by sdafuehirw)\n|\n|t:|1698475822\n|move|p2a: Gholdengo|Make It Rain|p1a: Zacian\n|-damage|p1a: Zacian|0 fnt\n|-unboost|p2a: Gholdengo|spa|1\n|faint|p1a: Zacian\n|\n|-fieldend|move: Electric Terrain\n|upkeep\n|\n|t:|1698475829\n|switch|p1a: Eternatus|Eternatus|100\/100\n|-damage|p1a: Eternatus|88\/100|[from] Stealth Rock\n|-ability|p1a: Eternatus|Pressure\n|turn|14\n|\n|t:|1698475840\n|switch|p2a: Dragapult|Dragapult, M|40\/100\n|move|p1a: Eternatus|Agility|p1a: Eternatus\n|-boost|p1a: Eternatus|spe|2\n|\n|-heal|p1a: Eternatus|94\/100|[from] item: Leftovers\n|upkeep\n|turn|15\n|\n|t:|1698475847\n|move|p1a: Eternatus|Dynamax Cannon|p2a: Dragapult\n|-supereffective|p2a: Dragapult\n|-damage|p2a: Dragapult|0 fnt\n|faint|p2a: Dragapult\n|\n|-heal|p1a: Eternatus|100\/100|[from] item: Leftovers\n|upkeep\n|\n|t:|1698475848\n|switch|p2a: Gholdengo|Gholdengo|100\/100\n|turn|16\n|\n|t:|1698475856\n|-terastallize|p2a: Gholdengo|Normal\n|move|p1a: Eternatus|Flamethrower|p2a: Gholdengo\n|-damage|p2a: Gholdengo|54\/100\n|move|p2a: Gholdengo|Psyshock|p1a: Eternatus\n|-supereffective|p1a: Eternatus\n|-damage|p1a: Eternatus|56\/100\n|\n|-heal|p1a: Eternatus|62\/100|[from] item: Leftovers\n|upkeep\n|turn|17\n|\n|t:|1698475874\n|-terastallize|p1a: Eternatus|Steel\n|move|p1a: Eternatus|Dynamax Cannon|p2a: Gholdengo\n|-damage|p2a: Gholdengo|0 fnt\n|faint|p2a: Gholdengo\n|\n|-heal|p1a: Eternatus|68\/100|[from] item: Leftovers\n|upkeep\n|\n|t:|1698475877\n|switch|p2a: Sneasler|Sneasler, M|100\/100\n|turn|18\n|\n|t:|1698475884\n|move|p1a: Eternatus|Dynamax Cannon|p2a: Sneasler\n|-damage|p2a: Sneasler|11\/100\n|move|p2a: Sneasler|Close Combat|p1a: Eternatus\n|-supereffective|p1a: Eternatus\n|-damage|p1a: Eternatus|0 fnt\n|-unboost|p2a: Sneasler|def|1\n|-unboost|p2a: Sneasler|spd|1\n|faint|p1a: Eternatus\n|\n|win|sdafuehirw\n|raw|HyperMuteki666's rating: 1247 &rarr; <strong>1223<\/strong><br \/>(-24 for losing)\n|raw|sdafuehirw's rating: 1255 &rarr; <strong>1279<\/strong><br \/>(+24 for winning)\n|l|\u2606HyperMuteki666\n","uploadtime":1698475918,"views":14,"p1id":"hypermuteki666","p2id":"sdafuehirw","formatid":"gen9ubers","rating":1223,"private":0,"password":""}