{"id":"gen9ubers-1984058598","p1":"Nymmash","p2":"urimisu","format":"[Gen 9] Ubers","log":"|j|\u2606Nymmash\n|j|\u2606urimisu\n|t:|1699214382\n|gametype|singles\n|player|p1|Nymmash|266|\n|player|p2|urimisu|2|\n|teamsize|p1|6\n|teamsize|p2|6\n|gen|9\n|tier|[Gen 9] Ubers\n|rule|Sleep Clause Mod: Limit one foe put to sleep\n|rule|Species Clause: Limit one of each Pok\u00e9mon\n|rule|OHKO Clause: OHKO moves are banned\n|rule|Evasion Items Clause: Evasion items are banned\n|rule|Evasion Moves Clause: Evasion moves are banned\n|rule|Endless Battle Clause: Forcing endless battles is banned\n|rule|HP Percentage Mod: HP is shown in percentages\n|clearpoke\n|poke|p1|Roaring Moon|\n|poke|p1|Ursaluna-Bloodmoon, M|\n|poke|p1|Ninetales-Alola, M|\n|poke|p1|Glimmora, F|\n|poke|p1|Empoleon, F|\n|poke|p1|Alomomola, M|\n|poke|p2|Sylveon, M|\n|poke|p2|Shaymin|\n|poke|p2|Chansey, F|\n|poke|p2|Rotom-Frost|\n|poke|p2|Clodsire, M|\n|poke|p2|Espeon, F|\n|teampreview\n|\n|t:|1699214393\n|start\n|switch|p1a: Glimmora|Glimmora, F|100\/100\n|switch|p2a: Rotom|Rotom-Frost|100\/100\n|turn|1\n|\n|t:|1699214401\n|move|p1a: Glimmora|Stealth Rock|p2a: Rotom\n|-sidestart|p2: urimisu|move: Stealth Rock\n|move|p2a: Rotom|Thunderbolt|p1a: Glimmora\n|-damage|p1a: Glimmora|51\/100\n|\n|upkeep\n|turn|2\n|\n|t:|1699214425\n|move|p1a: Glimmora|Earth Power|p2a: Rotom\n|-immune|p2a: Rotom|[from] ability: Levitate\n|move|p2a: Rotom|Thunderbolt|p1a: Glimmora\n|-damage|p1a: Glimmora|0 fnt\n|faint|p1a: Glimmora\n|\n|upkeep\n|\n|t:|1699214450\n|switch|p1a: Ninetales|Ninetales-Alola, M|100\/100\n|-weather|Snow|[from] ability: Snow Warning|[of] p1a: Ninetales\n|turn|3\n|\n|t:|1699214461\n|move|p1a: Ninetales|Aurora Veil|p1a: Ninetales\n|-sidestart|p1: Nymmash|move: Aurora Veil\n|move|p2a: Rotom|Blizzard|p1a: Ninetales\n|-resisted|p1a: Ninetales\n|-damage|p1a: Ninetales|88\/100\n|\n|-weather|Snow|[upkeep]\n|upkeep\n|turn|4\n|\n|t:|1699214473\n|move|p1a: Ninetales|Freeze-Dry|p2a: Rotom\n|-resisted|p2a: Rotom\n|-damage|p2a: Rotom|87\/100\n|move|p2a: Rotom|Thunderbolt|p1a: Ninetales\n|-damage|p1a: Ninetales|66\/100\n|-status|p1a: Ninetales|par\n|\n|-weather|Snow|[upkeep]\n|upkeep\n|turn|5\n|\n|t:|1699214481\n|move|p2a: Rotom|Thunderbolt|p1a: Ninetales\n|-damage|p1a: Ninetales|45\/100 par\n|move|p1a: Ninetales|Hypnosis|p2a: Rotom|[miss]\n|-miss|p1a: Ninetales|p2a: Rotom\n|\n|-weather|Snow|[upkeep]\n|upkeep\n|turn|6\n|\n|t:|1699214489\n|switch|p1a: Alomomola|Alomomola, M|100\/100\n|move|p2a: Rotom|Thunderbolt|p1a: Alomomola\n|-supereffective|p1a: Alomomola\n|-damage|p1a: Alomomola|51\/100\n|-status|p1a: Alomomola|par\n|\n|-weather|Snow|[upkeep]\n|upkeep\n|turn|7\n|\n|t:|1699214498\n|move|p1a: Alomomola|Protect|p1a: Alomomola\n|-singleturn|p1a: Alomomola|Protect\n|move|p2a: Rotom|Thunderbolt|p1a: Alomomola\n|-activate|p1a: Alomomola|move: Protect\n|\n|-weather|none\n|upkeep\n|turn|8\n|\n|t:|1699214511\n|switch|p1a: Ursaluna|Ursaluna-Bloodmoon, M|100\/100\n|move|p2a: Rotom|Volt Switch|p1a: Ursaluna\n|-immune|p1a: Ursaluna\n|\n|upkeep\n|turn|9\n|\n|t:|1699214522\n|move|p2a: Rotom|Blizzard|p1a: Ursaluna|[miss]\n|-miss|p2a: Rotom|p1a: Ursaluna\n|move|p1a: Ursaluna|Blood Moon|p2a: Rotom\n|-damage|p2a: Rotom|2\/100\n|\n|upkeep\n|turn|10\n|\n|t:|1699214533\n|move|p2a: Rotom|Thunderbolt|p1a: Ursaluna\n|-immune|p1a: Ursaluna\n|move|p1a: Ursaluna|Calm Mind|p1a: Ursaluna\n|-boost|p1a: Ursaluna|spa|1\n|-boost|p1a: Ursaluna|spd|1\n|\n|-sideend|p1: Nymmash|move: Aurora Veil\n|upkeep\n|turn|11\n|\n|t:|1699214540\n|move|p2a: Rotom|Blizzard|p1a: Ursaluna|[miss]\n|-miss|p2a: Rotom|p1a: Ursaluna\n|move|p1a: Ursaluna|Blood Moon|p2a: Rotom\n|-damage|p2a: Rotom|0 fnt\n|faint|p2a: Rotom\n|\n|upkeep\n|\n|t:|1699214556\n|switch|p2a: Chansey|Chansey, F|100\/100\n|-damage|p2a: Chansey|88\/100|[from] Stealth Rock\n|turn|12\n|\n|t:|1699214562\n|move|p1a: Ursaluna|Earth Power|p2a: Chansey\n|-damage|p2a: Chansey|68\/100\n|move|p2a: Chansey|Seismic Toss|p1a: Ursaluna\n|-damage|p1a: Ursaluna|77\/100\n|\n|-heal|p1a: Ursaluna|83\/100|[from] item: Leftovers\n|upkeep\n|turn|13\n|\n|t:|1699214576\n|move|p1a: Ursaluna|Blood Moon|p2a: Chansey\n|-damage|p2a: Chansey|41\/100\n|move|p2a: Chansey|Soft-Boiled|p2a: Chansey\n|-heal|p2a: Chansey|92\/100\n|\n|-heal|p1a: Ursaluna|89\/100|[from] item: Leftovers\n|upkeep\n|turn|14\n|\n|t:|1699214584\n|move|p1a: Ursaluna|Calm Mind|p1a: Ursaluna\n|-boost|p1a: Ursaluna|spa|1\n|-boost|p1a: Ursaluna|spd|1\n|move|p2a: Chansey|Shadow Ball|p1a: Ursaluna\n|-immune|p1a: Ursaluna\n|\n|-heal|p1a: Ursaluna|95\/100|[from] item: Leftovers\n|upkeep\n|turn|15\n|\n|t:|1699214592\n|move|p1a: Ursaluna|Blood Moon|p2a: Chansey\n|-damage|p2a: Chansey|51\/100\n|move|p2a: Chansey|Seismic Toss|p1a: Ursaluna\n|-damage|p1a: Ursaluna|72\/100\n|\n|-heal|p1a: Ursaluna|78\/100|[from] item: Leftovers\n|upkeep\n|turn|16\n|\n|t:|1699214600\n|move|p1a: Ursaluna|Calm Mind|p1a: Ursaluna\n|-boost|p1a: Ursaluna|spa|1\n|-boost|p1a: Ursaluna|spd|1\n|move|p2a: Chansey|Soft-Boiled|p2a: Chansey\n|-heal|p2a: Chansey|100\/100\n|\n|-heal|p1a: Ursaluna|84\/100|[from] item: Leftovers\n|upkeep\n|turn|17\n|\n|t:|1699214608\n|move|p1a: Ursaluna|Blood Moon|p2a: Chansey\n|-damage|p2a: Chansey|49\/100\n|move|p2a: Chansey|Seismic Toss|p1a: Ursaluna\n|-damage|p1a: Ursaluna|61\/100\n|\n|-heal|p1a: Ursaluna|67\/100|[from] item: Leftovers\n|upkeep\n|turn|18\n|\n|t:|1699214615\n|move|p1a: Ursaluna|Calm Mind|p1a: Ursaluna\n|-boost|p1a: Ursaluna|spa|1\n|-boost|p1a: Ursaluna|spd|1\n|move|p2a: Chansey|Soft-Boiled|p2a: Chansey\n|-heal|p2a: Chansey|99\/100\n|\n|-heal|p1a: Ursaluna|73\/100|[from] item: Leftovers\n|upkeep\n|turn|19\n|\n|t:|1699214622\n|move|p1a: Ursaluna|Blood Moon|p2a: Chansey\n|-damage|p2a: Chansey|43\/100\n|move|p2a: Chansey|Seismic Toss|p1a: Ursaluna\n|-damage|p1a: Ursaluna|50\/100\n|\n|-heal|p1a: Ursaluna|56\/100|[from] item: Leftovers\n|upkeep\n|turn|20\n|\n|t:|1699214633\n|move|p1a: Ursaluna|Moonlight|p1a: Ursaluna\n|-heal|p1a: Ursaluna|100\/100\n|move|p2a: Chansey|Soft-Boiled|p2a: Chansey\n|-heal|p2a: Chansey|93\/100\n|\n|upkeep\n|turn|21\n|\n|t:|1699214645\n|switch|p1a: Roaring Moon|Roaring Moon|100\/100\n|-enditem|p1a: Roaring Moon|Booster Energy\n|-activate|p1a: Roaring Moon|ability: Protosynthesis|[fromitem]\n|-start|p1a: Roaring Moon|protosynthesisatk\n|move|p2a: Chansey|Seismic Toss|p1a: Roaring Moon\n|-damage|p1a: Roaring Moon|72\/100\n|\n|upkeep\n|turn|22\n|\n|t:|1699214660\n|move|p1a: Roaring Moon|Dragon Dance|p1a: Roaring Moon\n|-boost|p1a: Roaring Moon|atk|1\n|-boost|p1a: Roaring Moon|spe|1\n|move|p2a: Chansey|Shadow Ball|p1a: Roaring Moon\n|-resisted|p1a: Roaring Moon\n|-damage|p1a: Roaring Moon|67\/100\n|\n|upkeep\n|turn|23\n|\n|t:|1699214667\n|move|p1a: Roaring Moon|Earthquake|p2a: Chansey\n|-damage|p2a: Chansey|48\/100\n|move|p2a: Chansey|Seismic Toss|p1a: Roaring Moon\n|-damage|p1a: Roaring Moon|39\/100\n|\n|upkeep\n|turn|24\n|\n|t:|1699214674\n|move|p1a: Roaring Moon|Earthquake|p2a: Chansey\n|-crit|p2a: Chansey\n|-damage|p2a: Chansey|0 fnt\n|faint|p2a: Chansey\n|\n|upkeep\n|\n|t:|1699214686\n|switch|p2a: Sylveon|Sylveon, M|100\/100\n|-damage|p2a: Sylveon|88\/100|[from] Stealth Rock\n|turn|25\n|c|\u2606urimisu|i love you\n|\n|t:|1699214727\n|-terastallize|p1a: Roaring Moon|Flying\n|move|p1a: Roaring Moon|Earthquake|p2a: Sylveon\n|-damage|p2a: Sylveon|0 fnt\n|faint|p2a: Sylveon\n|\n|upkeep\n|\n|t:|1699214734\n|switch|p2a: Clodsire|Clodsire, M|100\/100\n|-damage|p2a: Clodsire|94\/100|[from] Stealth Rock\n|turn|26\n|\n|t:|1699214744\n|move|p1a: Roaring Moon|Earthquake|p2a: Clodsire\n|-supereffective|p2a: Clodsire\n|-damage|p2a: Clodsire|0 fnt\n|faint|p2a: Clodsire\n|\n|upkeep\n|\n|t:|1699214750\n|switch|p2a: Espeon|Espeon, F|100\/100\n|-damage|p2a: Espeon|88\/100|[from] Stealth Rock\n|turn|27\n|\n|t:|1699214764\n|move|p1a: Roaring Moon|Earthquake|p2a: Espeon\n|-crit|p2a: Espeon\n|-damage|p2a: Espeon|0 fnt\n|faint|p2a: Espeon\n|\n|upkeep\n|c|\u2606urimisu|never mind\n|\n|t:|1699214773\n|switch|p2a: Shaymin|Shaymin|100\/100\n|turn|28\n|\n|t:|1699214779\n|move|p1a: Roaring Moon|Acrobatics|p2a: Shaymin\n|-supereffective|p2a: Shaymin\n|-damage|p2a: Shaymin|0 fnt\n|faint|p2a: Shaymin\n|\n|win|Nymmash\n|c|\u2606urimisu|:(\n","uploadtime":1699214793,"views":4,"p1id":"nymmash","p2id":"urimisu","formatid":"gen9ubers","rating":0,"private":0,"password":""}