{"id":"gen9ubers-1995169993","p1":"UnderdogFluff","p2":"Reduyan","format":"[Gen 9] Ubers","log":"|j|\u2606UnderdogFluff\n|j|\u2606Reduyan\n|t:|1700530413\n|gametype|singles\n|player|p1|UnderdogFluff|ash-kalos|\n|player|p2|Reduyan|102|\n|teamsize|p1|6\n|teamsize|p2|6\n|gen|9\n|tier|[Gen 9] Ubers\n|rated|Tournament battle\n|rule|Sleep Clause Mod: Limit one foe put to sleep\n|rule|Species Clause: Limit one of each Pok\u00e9mon\n|rule|OHKO Clause: OHKO moves are banned\n|rule|Evasion Items Clause: Evasion items are banned\n|rule|Evasion Moves Clause: Evasion moves are banned\n|rule|Endless Battle Clause: Forcing endless battles is banned\n|rule|HP Percentage Mod: HP is shown in percentages\n|clearpoke\n|poke|p1|Rayquaza|\n|poke|p1|Arceus|\n|poke|p1|Groudon|\n|poke|p1|Zacian-*|\n|poke|p1|Miraidon|\n|poke|p1|Glimmora, M|\n|poke|p2|Koraidon|\n|poke|p2|Zacian-*|\n|poke|p2|Miraidon|\n|poke|p2|Ribombee, M|\n|poke|p2|Glimmora, M|\n|poke|p2|Arceus|\n|teampreview\n|inactive|Battle timer is ON: inactive players will automatically lose when time's up. (requested by UnderdogFluff)\n|j|+OreoSpeedruns\n|c|\u2606UnderdogFluff|Glhf!\n|\n|t:|1700530443\n|start\n|switch|p1a: Glimmora|Glimmora, M|100\/100\n|switch|p2a: Glimmora|Glimmora, M|100\/100\n|turn|1\n|j| ThePlumber7\n|j| SaffronSandile\n|j|+corvere\u2665\n|inactive|Reduyan has 120 seconds left.\n|\n|t:|1700530474\n|move|p2a: Glimmora|Stealth Rock|p1a: Glimmora\n|-sidestart|p1: UnderdogFluff|move: Stealth Rock\n|move|p1a: Glimmora|Earth Power|p2a: Glimmora\n|-supereffective|p2a: Glimmora\n|-enditem|p2a: Glimmora|Focus Sash\n|-damage|p2a: Glimmora|1\/100\n|\n|upkeep\n|turn|2\n|\n|t:|1700530483\n|switch|p2a: Zacian|Zacian-Crowned|100\/100\n|-ability|p2a: Zacian|Intrepid Sword|boost\n|-boost|p2a: Zacian|atk|1\n|move|p1a: Glimmora|Power Gem|p2a: Zacian\n|-resisted|p2a: Zacian\n|-damage|p2a: Zacian|82\/100\n|\n|upkeep\n|turn|3\n|\n|t:|1700530496\n|move|p2a: Zacian|Behemoth Blade|p1a: Glimmora\n|-supereffective|p1a: Glimmora\n|-enditem|p1a: Glimmora|Focus Sash\n|-damage|p1a: Glimmora|1\/100\n|-activate|p1a: Glimmora|ability: Toxic Debris\n|-sidestart|p2: Reduyan|move: Toxic Spikes\n|move|p1a: Glimmora|Earth Power|p2a: Zacian\n|-supereffective|p2a: Zacian\n|-damage|p2a: Zacian|26\/100\n|\n|upkeep\n|turn|4\n|\n|t:|1700530506\n|move|p2a: Zacian|Behemoth Blade|p1a: Glimmora\n|-supereffective|p1a: Glimmora\n|-damage|p1a: Glimmora|0 fnt\n|-activate|p1a: Glimmora|ability: Toxic Debris\n|-sidestart|p2: Reduyan|move: Toxic Spikes\n|faint|p1a: Glimmora\n|\n|upkeep\n|\n|t:|1700530517\n|switch|p1a: Zacian|Zacian-Crowned|100\/100\n|-damage|p1a: Zacian|94\/100|[from] Stealth Rock\n|-ability|p1a: Zacian|Intrepid Sword|boost\n|-boost|p1a: Zacian|atk|1\n|turn|5\n|\n|t:|1700530529\n|move|p1a: Zacian|Behemoth Blade|p2a: Zacian\n|-damage|p2a: Zacian|0 fnt\n|faint|p2a: Zacian\n|\n|upkeep\n|\n|t:|1700530547\n|switch|p2a: Glimmora|Glimmora, M|1\/100\n|-sideend|p2: Reduyan|move: Toxic Spikes|[of] p2a: Glimmora\n|turn|6\n|\n|t:|1700530554\n|move|p1a: Zacian|Crunch|p2a: Glimmora\n|-crit|p2a: Glimmora\n|-damage|p2a: Glimmora|0 fnt\n|-activate|p2a: Glimmora|ability: Toxic Debris\n|-sidestart|p1: UnderdogFluff|move: Toxic Spikes\n|faint|p2a: Glimmora\n|\n|upkeep\n|\n|t:|1700530559\n|switch|p2a: Ribombee|Ribombee, M|100\/100\n|turn|7\n|\n|t:|1700530566\n|move|p1a: Zacian|Behemoth Blade|p2a: Ribombee\n|-supereffective|p2a: Ribombee\n|-enditem|p2a: Ribombee|Focus Sash\n|-damage|p2a: Ribombee|1\/100\n|move|p2a: Ribombee|Stun Spore|p1a: Zacian|[miss]\n|-miss|p2a: Ribombee|p1a: Zacian\n|\n|upkeep\n|turn|8\n|\n|t:|1700530574\n|move|p1a: Zacian|Crunch|p2a: Ribombee\n|-resisted|p2a: Ribombee\n|-damage|p2a: Ribombee|0 fnt\n|faint|p2a: Ribombee\n|\n|upkeep\n|\n|t:|1700530601\n|switch|p2a: Arceus|Arceus|100\/100\n|turn|9\n|\n|t:|1700530605\n|move|p1a: Zacian|Behemoth Blade|p2a: Arceus\n|-damage|p2a: Arceus|45\/100\n|move|p2a: Arceus|Earthquake|p1a: Zacian\n|-supereffective|p1a: Zacian\n|-damage|p1a: Zacian|6\/100\n|\n|upkeep\n|turn|10\n|\n|t:|1700530612\n|move|p2a: Arceus|Extreme Speed|p1a: Zacian\n|-resisted|p1a: Zacian\n|-damage|p1a: Zacian|0 fnt\n|faint|p1a: Zacian\n|\n|upkeep\n|\n|t:|1700530619\n|switch|p1a: Arceus|Arceus|100\/100\n|-damage|p1a: Arceus|88\/100|[from] Stealth Rock\n|-status|p1a: Arceus|psn\n|turn|11\n|\n|t:|1700530636\n|-terastallize|p1a: Arceus|Normal\n|move|p1a: Arceus|Extreme Speed|p2a: Arceus\n|-damage|p2a: Arceus|0 fnt\n|faint|p2a: Arceus\n|\n|-damage|p1a: Arceus|76\/100 psn|[from] psn\n|upkeep\n|inactive|Reduyan has 120 seconds left.\n|inactive|Reduyan has 90 seconds left.\n|\n|t:|1700530703\n|switch|p2a: Miraidon|Miraidon|100\/100\n|-fieldstart|move: Electric Terrain|[from] ability: Hadron Engine|[of] p2a: Miraidon\n|turn|12\n|\n|t:|1700530717\n|move|p1a: Arceus|Extreme Speed|p2a: Miraidon\n|-damage|p2a: Miraidon|34\/100\n|move|p2a: Miraidon|Electro Drift|p1a: Arceus\n|-damage|p1a: Arceus|5\/100 psn\n|\n|-heal|p2a: Miraidon|40\/100|[from] item: Leftovers\n|-damage|p1a: Arceus|0 fnt|[from] psn\n|faint|p1a: Arceus\n|upkeep\n|\n|t:|1700530733\n|switch|p1a: Rayquaza|Rayquaza|100\/100\n|-damage|p1a: Rayquaza|76\/100|[from] Stealth Rock\n|-ability|p1a: Rayquaza|Air Lock\n|turn|13\n|\n|t:|1700530744\n|move|p1a: Rayquaza|Extreme Speed|p2a: Miraidon\n|-damage|p2a: Miraidon|0 fnt\n|faint|p2a: Miraidon\n|-damage|p1a: Rayquaza|66\/100|[from] item: Life Orb\n|\n|upkeep\n|\n|t:|1700530750\n|switch|p2a: Koraidon|Koraidon|100\/100\n|-weather|SunnyDay|[from] ability: Orichalcum Pulse|[of] p2a: Koraidon\n|-activate|p2a: Koraidon|Orichalcum Pulse|[source]\n|turn|14\n|\n|t:|1700530770\n|move|p2a: Koraidon|Dragon Claw|p1a: Rayquaza\n|-supereffective|p1a: Rayquaza\n|-crit|p1a: Rayquaza\n|-damage|p1a: Rayquaza|0 fnt\n|faint|p1a: Rayquaza\n|-damage|p2a: Koraidon|91\/100|[from] item: Life Orb\n|\n|-weather|SunnyDay|[upkeep]\n|upkeep\n|c| SaffronSandile|comeback?\n|\n|t:|1700530789\n|switch|p1a: Groudon|Groudon|100\/100\n|-damage|p1a: Groudon|94\/100|[from] Stealth Rock\n|-status|p1a: Groudon|psn\n|turn|15\n|\n|t:|1700530806\n|-terastallize|p2a: Koraidon|Fighting\n|move|p2a: Koraidon|Low Kick|p1a: Groudon\n|-damage|p1a: Groudon|20\/100 psn\n|-damage|p2a: Koraidon|81\/100|[from] item: Life Orb\n|move|p1a: Groudon|Rock Tomb|p2a: Koraidon\n|-resisted|p2a: Koraidon\n|-damage|p2a: Koraidon|72\/100\n|-unboost|p2a: Koraidon|spe|1\n|\n|-weather|SunnyDay|[upkeep]\n|-heal|p1a: Groudon|27\/100 psn|[from] item: Leftovers\n|-damage|p1a: Groudon|14\/100 psn|[from] psn\n|upkeep\n|turn|16\n|\n|t:|1700530820\n|move|p2a: Koraidon|Flame Charge|p1a: Groudon\n|-damage|p1a: Groudon|0 fnt\n|-boost|p2a: Koraidon|spe|1\n|faint|p1a: Groudon\n|-damage|p2a: Koraidon|62\/100|[from] item: Life Orb\n|\n|-weather|SunnyDay|[upkeep]\n|-fieldend|move: Electric Terrain\n|upkeep\n|\n|t:|1700530824\n|switch|p1a: Miraidon|Miraidon|100\/100\n|-damage|p1a: Miraidon|88\/100|[from] Stealth Rock\n|-status|p1a: Miraidon|psn\n|-fieldstart|move: Electric Terrain|[from] ability: Hadron Engine|[of] p1a: Miraidon\n|turn|17\n|\n|t:|1700530830\n|move|p2a: Koraidon|Dragon Claw|p1a: Miraidon\n|-supereffective|p1a: Miraidon\n|-damage|p1a: Miraidon|0 fnt\n|faint|p1a: Miraidon\n|-damage|p2a: Koraidon|52\/100|[from] item: Life Orb\n|\n|win|Reduyan\n|n|\u2606UnderdogFluff|underdogfluff\n|n|\u2606Reduyan|reduyan\n|n| OreoSpeedruns|oreospeedruns\n|n| ThePlumber7|theplumber7\n|n| SaffronSandile|saffronsandile\n|n| corvere\u2665|corvere\n","uploadtime":1700530831,"views":3,"p1id":"underdogfluff","p2id":"reduyan","formatid":"gen9ubers","rating":0,"private":0,"password":""}