{"id":"gen9ubers-1975402536","p1":"PERIKO0729","p2":"bobby1245","format":"[Gen 9] Ubers","log":"|j|\u2606PERIKO0729\n|j|\u2606bobby1245\n|t:|1698187451\n|gametype|singles\n|player|p1|PERIKO0729|lucas|1147\n|player|p2|bobby1245|266|1173\n|teamsize|p1|6\n|teamsize|p2|6\n|gen|9\n|tier|[Gen 9] Ubers\n|rated|\n|rule|Sleep Clause Mod: Limit one foe put to sleep\n|rule|Species Clause: Limit one of each Pok\u00e9mon\n|rule|OHKO Clause: OHKO moves are banned\n|rule|Evasion Items Clause: Evasion items are banned\n|rule|Evasion Moves Clause: Evasion moves are banned\n|rule|Endless Battle Clause: Forcing endless battles is banned\n|rule|HP Percentage Mod: HP is shown in percentages\n|clearpoke\n|poke|p1|Dialga-Origin|\n|poke|p1|Ribombee, M|\n|poke|p1|Giratina-Origin|\n|poke|p1|Arceus|\n|poke|p1|Groudon|\n|poke|p1|Eternatus|\n|poke|p2|Chi-Yu|\n|poke|p2|Miraidon|\n|poke|p2|Arceus-Flying|\n|poke|p2|Landorus, M|\n|poke|p2|Darkrai|\n|poke|p2|Magearna|\n|teampreview\n|inactive|Battle timer is ON: inactive players will automatically lose when time's up. (requested by bobby1245)\n|j| BillyBigly\n|\n|t:|1698187471\n|start\n|switch|p1a: Ribombee|Ribombee, M, shiny|100\/100\n|switch|p2a: Landorus|Landorus, M|100\/100\n|turn|1\n|\n|t:|1698187486\n|move|p1a: Ribombee|Sticky Web|p2a: Landorus\n|-sidestart|p2: bobby1245|move: Sticky Web\n|move|p2a: Landorus|Sludge Bomb|p1a: Ribombee\n|-supereffective|p1a: Ribombee\n|-enditem|p1a: Ribombee|Focus Sash\n|-damage|p1a: Ribombee|1\/100\n|\n|upkeep\n|turn|2\n|\n|t:|1698187493\n|move|p1a: Ribombee|Tailwind|p1a: Ribombee\n|-sidestart|p1: PERIKO0729|move: Tailwind\n|move|p2a: Landorus|Sludge Bomb|p1a: Ribombee\n|-supereffective|p1a: Ribombee\n|-damage|p1a: Ribombee|0 fnt\n|faint|p1a: Ribombee\n|\n|upkeep\n|inactive|PERIKO0729 has 120 seconds left.\n|l| BillyBigly\n|\n|t:|1698187519\n|switch|p1a: Arceus|Arceus, shiny|100\/100\n|turn|3\n|\n|t:|1698187528\n|move|p1a: Arceus|Swords Dance|p1a: Arceus\n|-boost|p1a: Arceus|atk|2\n|move|p2a: Landorus|Earth Power|p1a: Arceus\n|-damage|p1a: Arceus|49\/100\n|\n|upkeep\n|turn|4\n|\n|t:|1698187536\n|move|p1a: Arceus|Extreme Speed|p2a: Landorus\n|-crit|p2a: Landorus\n|-damage|p2a: Landorus|0 fnt\n|faint|p2a: Landorus\n|\n|upkeep\n|\n|t:|1698187545\n|switch|p2a: Magearna|Magearna|100\/100\n|turn|5\n|\n|t:|1698187570\n|move|p1a: Arceus|Shadow Claw|p2a: Magearna\n|-crit|p2a: Magearna\n|-damage|p2a: Magearna|26\/100\n|move|p2a: Magearna|Agility|p2a: Magearna\n|-boost|p2a: Magearna|spe|2\n|\n|-sideend|p1: PERIKO0729|move: Tailwind\n|upkeep\n|turn|6\n|inactive|PERIKO0729 has 120 seconds left.\n|\n|t:|1698187602\n|move|p2a: Magearna|Flash Cannon|p1a: Arceus\n|-damage|p1a: Arceus|17\/100\n|-unboost|p1a: Arceus|spd|1\n|move|p1a: Arceus|Shadow Claw|p2a: Magearna\n|-damage|p2a: Magearna|0 fnt\n|faint|p2a: Magearna\n|\n|upkeep\n|\n|t:|1698187609\n|switch|p2a: Arceus|Arceus-Flying|100\/100\n|turn|7\n|\n|t:|1698187613\n|move|p2a: Arceus|Extreme Speed|p1a: Arceus\n|-damage|p1a: Arceus|0 fnt\n|faint|p1a: Arceus\n|\n|upkeep\n|inactive|PERIKO0729 has 120 seconds left.\n|\n|t:|1698187626\n|switch|p1a: Giratina|Giratina-Origin, shiny|100\/100\n|turn|8\n|inactive|PERIKO0729 has 120 seconds left.\n|\n|t:|1698187636\n|switch|p2a: Darkrai|Darkrai, shiny|100\/100\n|-activate|p2a: Darkrai|move: Sticky Web\n|-unboost|p2a: Darkrai|spe|1\n|move|p1a: Giratina|Shadow Ball|p2a: Darkrai\n|-resisted|p2a: Darkrai\n|-damage|p2a: Darkrai|75\/100\n|-unboost|p2a: Darkrai|spd|1\n|\n|-heal|p2a: Darkrai|81\/100|[from] item: Leftovers\n|upkeep\n|turn|9\n|inactive|PERIKO0729 has 120 seconds left.\n|\n|t:|1698187647\n|move|p1a: Giratina|Draco Meteor|p2a: Darkrai|[miss]\n|-miss|p1a: Giratina|p2a: Darkrai\n|move|p2a: Darkrai|Haze|p2a: Darkrai\n|-clearallboost\n|\n|-heal|p2a: Darkrai|87\/100|[from] item: Leftovers\n|upkeep\n|turn|10\n|inactive|PERIKO0729 has 120 seconds left.\n|\n|t:|1698187667\n|move|p1a: Giratina|Draco Meteor|p2a: Darkrai\n|-damage|p2a: Darkrai|5\/100\n|-unboost|p1a: Giratina|spa|2\n|move|p2a: Darkrai|Will-O-Wisp|p1a: Giratina\n|-status|p1a: Giratina|brn\n|\n|-heal|p2a: Darkrai|12\/100|[from] item: Leftovers\n|-damage|p1a: Giratina|94\/100 brn|[from] brn\n|upkeep\n|turn|11\n|\n|t:|1698187682\n|move|p1a: Giratina|Shadow Sneak|p2a: Darkrai\n|-resisted|p2a: Darkrai\n|-damage|p2a: Darkrai|6\/100\n|move|p2a: Darkrai|Dark Pulse|p1a: Giratina\n|-supereffective|p1a: Giratina\n|-crit|p1a: Giratina\n|-damage|p1a: Giratina|0 fnt\n|faint|p1a: Giratina\n|\n|-heal|p2a: Darkrai|12\/100|[from] item: Leftovers\n|upkeep\n|\n|t:|1698187696\n|switch|p1a: Eternatus|Eternatus|100\/100\n|-ability|p1a: Eternatus|Pressure\n|turn|12\n|\n|t:|1698187711\n|move|p1a: Eternatus|Dynamax Cannon|p2a: Darkrai\n|-damage|p2a: Darkrai|0 fnt\n|faint|p2a: Darkrai\n|\n|upkeep\n|\n|t:|1698187719\n|switch|p2a: Arceus|Arceus-Flying|100\/100\n|turn|13\n|\n|t:|1698187723\n|-terastallize|p1a: Eternatus|Ghost\n|move|p1a: Eternatus|Dynamax Cannon|p2a: Arceus\n|-damage|p2a: Arceus|52\/100\n|move|p2a: Arceus|Dragon Dance|p2a: Arceus\n|-boost|p2a: Arceus|atk|1\n|-boost|p2a: Arceus|spe|1\n|\n|upkeep\n|turn|14\n|inactive|PERIKO0729 has 120 seconds left.\n|\n|t:|1698187732\n|move|p1a: Eternatus|Dynamax Cannon|p2a: Arceus\n|-damage|p2a: Arceus|5\/100\n|move|p2a: Arceus|Earthquake|p1a: Eternatus\n|-damage|p1a: Eternatus|53\/100\n|\n|upkeep\n|turn|15\n|\n|t:|1698187739\n|move|p1a: Eternatus|Dynamax Cannon|p2a: Arceus\n|-damage|p2a: Arceus|0 fnt\n|faint|p2a: Arceus\n|\n|upkeep\n|\n|t:|1698187745\n|switch|p2a: Chi-Yu|Chi-Yu|100\/100\n|-activate|p2a: Chi-Yu|move: Sticky Web\n|-unboost|p2a: Chi-Yu|spe|1\n|-ability|p2a: Chi-Yu|Beads of Ruin\n|turn|16\n|\n|t:|1698187756\n|-terastallize|p2a: Chi-Yu|Fairy\n|move|p1a: Eternatus|Dynamax Cannon|p2a: Chi-Yu\n|-immune|p2a: Chi-Yu\n|move|p2a: Chi-Yu|Tera Blast|p1a: Eternatus|[anim] Tera Blast Fairy\n|-damage|p1a: Eternatus|0 fnt\n|faint|p1a: Eternatus\n|\n|upkeep\n|\n|t:|1698187765\n|switch|p1a: Dialga|Dialga-Origin|100\/100\n|-ability|p1a: Dialga|Pressure\n|turn|17\n|\n|t:|1698187770\n|switch|p2a: Miraidon|Miraidon|100\/100\n|-activate|p2a: Miraidon|move: Sticky Web\n|-unboost|p2a: Miraidon|spe|1\n|-fieldstart|move: Electric Terrain|[from] ability: Hadron Engine|[of] p2a: Miraidon\n|move|p1a: Dialga|Flash Cannon|p2a: Miraidon\n|-resisted|p2a: Miraidon\n|-damage|p2a: Miraidon|73\/100\n|\n|upkeep\n|turn|18\n|inactive|PERIKO0729 has 120 seconds left.\n|\n|t:|1698187801\n|move|p1a: Dialga|Draco Meteor|p2a: Miraidon\n|-supereffective|p2a: Miraidon\n|-damage|p2a: Miraidon|0 fnt\n|-unboost|p1a: Dialga|spa|2\n|faint|p2a: Miraidon\n|\n|upkeep\n|\n|t:|1698187805\n|switch|p2a: Chi-Yu|Chi-Yu, tera:Fairy|100\/100\n|-activate|p2a: Chi-Yu|move: Sticky Web\n|-unboost|p2a: Chi-Yu|spe|1\n|-ability|p2a: Chi-Yu|Beads of Ruin\n|turn|19\n|\n|t:|1698187817\n|switch|p1a: Groudon|Groudon|100\/100\n|-weather|SunnyDay|[from] ability: Drought|[of] p1a: Groudon\n|move|p2a: Chi-Yu|Psychic|p1a: Groudon\n|-damage|p1a: Groudon|58\/100\n|\n|-weather|SunnyDay|[upkeep]\n|-heal|p1a: Groudon|65\/100|[from] item: Leftovers\n|upkeep\n|turn|20\n|\n|t:|1698187829\n|move|p1a: Groudon|Will-O-Wisp|p2a: Chi-Yu\n|-status|p2a: Chi-Yu|brn\n|move|p2a: Chi-Yu|Psychic|p1a: Groudon\n|-damage|p1a: Groudon|21\/100\n|\n|-weather|SunnyDay|[upkeep]\n|-heal|p1a: Groudon|27\/100|[from] item: Leftovers\n|-damage|p2a: Chi-Yu|95\/100 brn|[from] brn\n|upkeep\n|turn|21\n|\n|t:|1698187841\n|move|p1a: Groudon|Protect|p1a: Groudon\n|-singleturn|p1a: Groudon|Protect\n|move|p2a: Chi-Yu|Psychic|p1a: Groudon\n|-activate|p1a: Groudon|move: Protect\n|\n|-weather|SunnyDay|[upkeep]\n|-heal|p1a: Groudon|34\/100|[from] item: Leftovers\n|-damage|p2a: Chi-Yu|89\/100 brn|[from] brn\n|-fieldend|move: Electric Terrain\n|upkeep\n|turn|22\n|inactive|PERIKO0729 has 120 seconds left.\n|\n|t:|1698187862\n|move|p1a: Groudon|Precipice Blades|p2a: Chi-Yu\n|-damage|p2a: Chi-Yu|0 fnt\n|faint|p2a: Chi-Yu\n|\n|win|PERIKO0729\n|raw|PERIKO0729's rating: 1147 &rarr; <strong>1174<\/strong><br \/>(+27 for winning)\n|raw|bobby1245's rating: 1173 &rarr; <strong>1146<\/strong><br \/>(-27 for losing)\n|l|\u2606bobby1245\n","uploadtime":1698187870,"views":12,"p1id":"periko0729","p2id":"bobby1245","formatid":"gen9ubers","rating":1146,"private":0,"password":""}