{"id":"gen9ubers-1995140287","p1":"EvilName","p2":"M1keyyy","format":"[Gen 9] Ubers","log":"|j|\u2606EvilName\n|j|\u203dM1keyyy\n|t:|1700527058\n|gametype|singles\n|player|p1|EvilName|#roaladder|\n|player|p2|M1keyyy|carmine-festival|\n|teamsize|p1|6\n|teamsize|p2|6\n|gen|9\n|tier|[Gen 9] Ubers\n|rated|Tournament battle\n|rule|Sleep Clause Mod: Limit one foe put to sleep\n|rule|Species Clause: Limit one of each Pok\u00e9mon\n|rule|OHKO Clause: OHKO moves are banned\n|rule|Evasion Items Clause: Evasion items are banned\n|rule|Evasion Moves Clause: Evasion moves are banned\n|rule|Endless Battle Clause: Forcing endless battles is banned\n|rule|HP Percentage Mod: HP is shown in percentages\n|clearpoke\n|poke|p1|Skeledirge, F|\n|poke|p1|Clodsire, M|\n|poke|p1|Giratina-Origin|\n|poke|p1|Koraidon|\n|poke|p1|Arceus|\n|poke|p1|Flutter Mane|\n|poke|p2|Eternatus|\n|poke|p2|Arceus|\n|poke|p2|Kyogre|\n|poke|p2|Gliscor, F|\n|poke|p2|Ting-Lu|\n|poke|p2|Koraidon|\n|teampreview\n|inactive|Battle timer is ON: inactive players will automatically lose when time's up. (requested by EvilName)\n|\n|t:|1700527064\n|start\n|switch|p1a: Flutter Mane|Flutter Mane|100\/100\n|switch|p2a: Koraidon|Koraidon|100\/100\n|-weather|SunnyDay|[from] ability: Orichalcum Pulse|[of] p2a: Koraidon\n|-activate|p1a: Flutter Mane|ability: Protosynthesis\n|-start|p1a: Flutter Mane|protosynthesisspe\n|-activate|p2a: Koraidon|Orichalcum Pulse|[source]\n|turn|1\n|\n|t:|1700527077\n|-end|p1a: Flutter Mane|Protosynthesis|[silent]\n|switch|p1a: Skeledirge|Skeledirge, F|100\/100\n|move|p2a: Koraidon|Flare Blitz|p1a: Skeledirge\n|-resisted|p1a: Skeledirge\n|-damage|p1a: Skeledirge|77\/100\n|-damage|p2a: Koraidon|91\/100|[from] Recoil\n|\n|-weather|SunnyDay|[upkeep]\n|upkeep\n|turn|2\n|\n|t:|1700527086\n|switch|p2a: Gliscor|Gliscor, F|100\/100\n|move|p1a: Skeledirge|Will-O-Wisp|p2a: Gliscor\n|-status|p2a: Gliscor|brn\n|\n|-weather|SunnyDay|[upkeep]\n|-damage|p2a: Gliscor|94\/100 brn|[from] brn\n|upkeep\n|turn|3\n|\n|t:|1700527093\n|move|p2a: Gliscor|Spikes|p1a: Skeledirge\n|-sidestart|p1: EvilName|Spikes\n|move|p1a: Skeledirge|Hex|p2a: Gliscor\n|-crit|p2a: Gliscor\n|-damage|p2a: Gliscor|8\/100 brn\n|\n|-weather|SunnyDay|[upkeep]\n|-damage|p2a: Gliscor|1\/100 brn|[from] brn\n|upkeep\n|turn|4\n|\n|t:|1700527099\n|move|p2a: Gliscor|Earthquake|p1a: Skeledirge\n|-supereffective|p1a: Skeledirge\n|-damage|p1a: Skeledirge|59\/100\n|move|p1a: Skeledirge|Slack Off|p1a: Skeledirge\n|-heal|p1a: Skeledirge|100\/100\n|\n|-weather|SunnyDay|[upkeep]\n|-damage|p2a: Gliscor|0 fnt|[from] brn\n|faint|p2a: Gliscor\n|upkeep\n|\n|t:|1700527104\n|switch|p2a: Arceus|Arceus|100\/100\n|turn|5\n|\n|t:|1700527121\n|move|p2a: Arceus|Taunt|p1a: Skeledirge\n|-start|p1a: Skeledirge|move: Taunt\n|cant|p1a: Skeledirge|move: Taunt|Will-O-Wisp\n|\n|-weather|none\n|upkeep\n|turn|6\n|\n|t:|1700527130\n|switch|p1a: Giratina|Giratina-Origin, shiny|100\/100\n|move|p2a: Arceus|Swords Dance|p2a: Arceus\n|-boost|p2a: Arceus|atk|2\n|\n|upkeep\n|turn|7\n|\n|t:|1700527137\n|-terastallize|p1a: Giratina|Steel\n|move|p2a: Arceus|Shadow Claw|p1a: Giratina\n|-damage|p1a: Giratina|65\/100\n|move|p1a: Giratina|Will-O-Wisp|p2a: Arceus\n|-status|p2a: Arceus|brn\n|-enditem|p2a: Arceus|Lum Berry|[eat]\n|-curestatus|p2a: Arceus|brn|[msg]\n|\n|upkeep\n|turn|8\n|\n|t:|1700527147\n|move|p2a: Arceus|Taunt|p1a: Giratina\n|-start|p1a: Giratina|move: Taunt\n|move|p1a: Giratina|Draco Meteor|p2a: Arceus|[miss]\n|-miss|p1a: Giratina|p2a: Arceus\n|\n|upkeep\n|turn|9\n|\n|t:|1700527156\n|switch|p1a: Skeledirge|Skeledirge, F|100\/100\n|move|p2a: Arceus|Swords Dance|p2a: Arceus\n|-boost|p2a: Arceus|atk|2\n|\n|upkeep\n|turn|10\n|\n|t:|1700527162\n|move|p2a: Arceus|Taunt|p1a: Skeledirge\n|-start|p1a: Skeledirge|move: Taunt\n|move|p1a: Skeledirge|Torch Song|p2a: Arceus\n|-damage|p2a: Arceus|79\/100\n|-boost|p1a: Skeledirge|spa|1\n|\n|upkeep\n|turn|11\n|\n|t:|1700527167\n|move|p2a: Arceus|Shadow Claw|p1a: Skeledirge\n|-supereffective|p1a: Skeledirge\n|-damage|p1a: Skeledirge|70\/100\n|move|p1a: Skeledirge|Torch Song|p2a: Arceus\n|-damage|p2a: Arceus|42\/100\n|-boost|p1a: Skeledirge|spa|1\n|\n|upkeep\n|turn|12\n|\n|t:|1700527171\n|move|p2a: Arceus|Shadow Claw|p1a: Skeledirge\n|-supereffective|p1a: Skeledirge\n|-damage|p1a: Skeledirge|42\/100\n|move|p1a: Skeledirge|Torch Song|p2a: Arceus\n|-damage|p2a: Arceus|0 fnt\n|-boost|p1a: Skeledirge|spa|1\n|faint|p2a: Arceus\n|\n|-end|p1a: Skeledirge|move: Taunt\n|upkeep\n|\n|t:|1700527177\n|switch|p2a: Kyogre|Kyogre|100\/100\n|-weather|RainDance|[from] ability: Drizzle|[of] p2a: Kyogre\n|turn|13\n|\n|t:|1700527197\n|switch|p1a: Clodsire|Clodsire, M|100\/100\n|-damage|p1a: Clodsire|88\/100|[from] Spikes\n|move|p2a: Kyogre|Calm Mind|p2a: Kyogre\n|-boost|p2a: Kyogre|spa|1\n|-boost|p2a: Kyogre|spd|1\n|\n|-weather|RainDance|[upkeep]\n|-heal|p1a: Clodsire|94\/100|[from] item: Leftovers\n|upkeep\n|turn|14\n|\n|t:|1700527204\n|move|p2a: Kyogre|Ice Beam|p1a: Clodsire\n|-supereffective|p1a: Clodsire\n|-damage|p1a: Clodsire|50\/100\n|move|p1a: Clodsire|Toxic|p2a: Kyogre\n|-status|p2a: Kyogre|tox\n|\n|-weather|RainDance|[upkeep]\n|-heal|p1a: Clodsire|57\/100|[from] item: Leftovers\n|-damage|p2a: Kyogre|94\/100 tox|[from] psn\n|upkeep\n|turn|15\n|\n|t:|1700527210\n|move|p2a: Kyogre|Calm Mind|p2a: Kyogre\n|-boost|p2a: Kyogre|spa|1\n|-boost|p2a: Kyogre|spd|1\n|move|p1a: Clodsire|Recover|p1a: Clodsire\n|-heal|p1a: Clodsire|100\/100\n|\n|-weather|RainDance|[upkeep]\n|-damage|p2a: Kyogre|82\/100 tox|[from] psn\n|upkeep\n|turn|16\n|\n|t:|1700527225\n|move|p2a: Kyogre|Origin Pulse|p1a: Clodsire\n|-immune|p1a: Clodsire|[from] ability: Water Absorb\n|move|p1a: Clodsire|Stealth Rock|p2a: Kyogre\n|-sidestart|p2: M1keyyy|move: Stealth Rock\n|\n|-weather|RainDance|[upkeep]\n|-damage|p2a: Kyogre|63\/100 tox|[from] psn\n|upkeep\n|turn|17\n|\n|t:|1700527229\n|move|p2a: Kyogre|Ice Beam|p1a: Clodsire\n|-supereffective|p1a: Clodsire\n|-damage|p1a: Clodsire|37\/100\n|-status|p1a: Clodsire|frz\n|cant|p1a: Clodsire|frz\n|\n|-weather|none\n|-heal|p1a: Clodsire|43\/100 frz|[from] item: Leftovers\n|-damage|p2a: Kyogre|39\/100 tox|[from] psn\n|upkeep\n|turn|18\n|\n|t:|1700527235\n|move|p2a: Kyogre|Ice Beam|p1a: Clodsire\n|-supereffective|p1a: Clodsire\n|-damage|p1a: Clodsire|0 fnt\n|faint|p1a: Clodsire\n|\n|-damage|p2a: Kyogre|8\/100 tox|[from] psn\n|upkeep\n|\n|t:|1700527244\n|switch|p1a: Koraidon|Koraidon|100\/100\n|-damage|p1a: Koraidon|88\/100|[from] Spikes\n|-weather|SunnyDay|[from] ability: Orichalcum Pulse|[of] p1a: Koraidon\n|-activate|p1a: Koraidon|Orichalcum Pulse|[source]\n|turn|19\n|\n|t:|1700527251\n|move|p1a: Koraidon|U-turn|p2a: Kyogre\n|-damage|p2a: Kyogre|0 fnt\n|faint|p2a: Kyogre\n|\n|t:|1700527257\n|switch|p1a: Skeledirge|Skeledirge, F|42\/100|[from] U-turn\n|\n|-weather|SunnyDay|[upkeep]\n|upkeep\n|\n|t:|1700527281\n|switch|p2a: Eternatus|Eternatus|100\/100\n|-ability|p2a: Eternatus|Pressure\n|turn|20\n|\n|t:|1700527287\n|move|p2a: Eternatus|Dynamax Cannon|p1a: Skeledirge\n|-damage|p1a: Skeledirge|0 fnt\n|faint|p1a: Skeledirge\n|\n|-weather|SunnyDay|[upkeep]\n|upkeep\n|\n|t:|1700527289\n|switch|p1a: Flutter Mane|Flutter Mane|100\/100\n|-damage|p1a: Flutter Mane|88\/100|[from] Spikes\n|-activate|p1a: Flutter Mane|ability: Protosynthesis\n|-start|p1a: Flutter Mane|protosynthesisspe\n|turn|21\n|\n|t:|1700527295\n|-terastallize|p2a: Eternatus|Fire\n|move|p1a: Flutter Mane|Psyshock|p2a: Eternatus\n|-damage|p2a: Eternatus|71\/100\n|move|p2a: Eternatus|Flamethrower|p1a: Flutter Mane\n|-damage|p1a: Flutter Mane|20\/100\n|\n|-weather|SunnyDay|[upkeep]\n|upkeep\n|turn|22\n|\n|t:|1700527307\n|move|p1a: Flutter Mane|Psyshock|p2a: Eternatus\n|-damage|p2a: Eternatus|42\/100\n|move|p2a: Eternatus|Flamethrower|p1a: Flutter Mane\n|-damage|p1a: Flutter Mane|0 fnt\n|faint|p1a: Flutter Mane\n|-end|p1a: Flutter Mane|Protosynthesis|[silent]\n|\n|-weather|SunnyDay|[upkeep]\n|upkeep\n|\n|t:|1700527309\n|switch|p1a: Koraidon|Koraidon|88\/100\n|-damage|p1a: Koraidon|76\/100|[from] Spikes\n|-activate|p1a: Koraidon|ability: Orichalcum Pulse\n|turn|23\n|\n|t:|1700527319\n|move|p1a: Koraidon|Low Kick|p2a: Eternatus\n|-damage|p2a: Eternatus|0 fnt\n|faint|p2a: Eternatus\n|\n|-weather|none\n|upkeep\n|\n|t:|1700527323\n|switch|p2a: Koraidon|Koraidon|91\/100\n|-damage|p2a: Koraidon|85\/100|[from] Stealth Rock\n|-weather|SunnyDay|[from] ability: Orichalcum Pulse|[of] p2a: Koraidon\n|-activate|p2a: Koraidon|Orichalcum Pulse|[source]\n|turn|24\n|\n|t:|1700527333\n|switch|p1a: Giratina|Giratina-Origin, shiny, tera:Steel|65\/100\n|move|p2a: Koraidon|Low Kick|p1a: Giratina\n|-supereffective|p1a: Giratina\n|-damage|p1a: Giratina|0 fnt\n|faint|p1a: Giratina\n|\n|-weather|SunnyDay|[upkeep]\n|upkeep\n|\n|t:|1700527339\n|switch|p1a: Arceus|Arceus|100\/100\n|-damage|p1a: Arceus|88\/100|[from] Spikes\n|turn|25\n|\n|t:|1700527360\n|move|p1a: Arceus|Extreme Speed|p2a: Koraidon\n|-damage|p2a: Koraidon|43\/100\n|move|p2a: Koraidon|Low Kick|p1a: Arceus\n|-supereffective|p1a: Arceus\n|-damage|p1a: Arceus|0 fnt\n|faint|p1a: Arceus\n|\n|-weather|SunnyDay|[upkeep]\n|upkeep\n|\n|t:|1700527364\n|switch|p1a: Koraidon|Koraidon|76\/100\n|-damage|p1a: Koraidon|64\/100|[from] Spikes\n|-activate|p1a: Koraidon|ability: Orichalcum Pulse\n|turn|26\n|\n|t:|1700527369\n|switch|p2a: Ting-Lu|Ting-Lu|100\/100\n|-damage|p2a: Ting-Lu|94\/100|[from] Stealth Rock\n|-ability|p2a: Ting-Lu|Vessel of Ruin\n|move|p1a: Koraidon|Low Kick|p2a: Ting-Lu\n|-supereffective|p2a: Ting-Lu\n|-damage|p2a: Ting-Lu|0 fnt\n|faint|p2a: Ting-Lu\n|\n|-weather|SunnyDay|[upkeep]\n|upkeep\n|\n|t:|1700527373\n|switch|p2a: Koraidon|Koraidon|43\/100\n|-damage|p2a: Koraidon|37\/100|[from] Stealth Rock\n|-activate|p2a: Koraidon|ability: Orichalcum Pulse\n|turn|27\n|\n|t:|1700527381\n|move|p1a: Koraidon|Low Kick|p2a: Koraidon\n|-damage|p2a: Koraidon|0 fnt\n|faint|p2a: Koraidon\n|\n|win|EvilName\n|n|\u2606EvilName|evilname\n|n|\u203dM1keyyy|m1keyyy\n","uploadtime":1700527382,"views":1,"p1id":"evilname","p2id":"m1keyyy","formatid":"gen9ubers","rating":0,"private":0,"password":""}