{"id":"gen9ubers-1969098792","p1":"corvere\u2665","p2":"EvilMsSmash","format":"[Gen 9] Ubers","log":"|j|\u2606corvere\u2665\n|j|\u2606EvilMsSmash\n|t:|1697489878\n|gametype|singles\n|player|p1|corvere\u2665|anthea|\n|player|p2|EvilMsSmash|nobunaga-conquest|\n|teamsize|p1|6\n|teamsize|p2|6\n|gen|9\n|tier|[Gen 9] Ubers\n|rated|Tournament battle\n|rule|Sleep Clause Mod: Limit one foe put to sleep\n|rule|Species Clause: Limit one of each Pok\u00e9mon\n|rule|OHKO Clause: OHKO moves are banned\n|rule|Evasion Items Clause: Evasion items are banned\n|rule|Evasion Moves Clause: Evasion moves are banned\n|rule|Endless Battle Clause: Forcing endless battles is banned\n|rule|HP Percentage Mod: HP is shown in percentages\n|clearpoke\n|poke|p1|Baxcalibur, F|\n|poke|p1|Koraidon|\n|poke|p1|Rayquaza|\n|poke|p1|Shaymin-Sky|\n|poke|p1|Arceus-Ground|\n|poke|p1|Zacian-*|\n|poke|p2|Kyogre|\n|poke|p2|Koraidon|\n|poke|p2|Iron Treads|\n|poke|p2|Eternatus|\n|poke|p2|Arceus-Fairy|\n|poke|p2|Kingambit, M|\n|teampreview\n|inactive|Battle timer is ON: inactive players will automatically lose when time's up. (requested by corvere\u2665)\n|\n|t:|1697489883\n|start\n|switch|p1a: Rayquaza|Rayquaza|100\/100\n|switch|p2a: Kyogre|Kyogre|100\/100\n|-weather|RainDance|[from] ability: Drizzle|[of] p2a: Kyogre\n|-ability|p1a: Rayquaza|Air Lock\n|turn|1\n|j| Entrocefalo\n|j|+OreoSpeedruns\n|\n|t:|1697489892\n|move|p2a: Kyogre|Ice Beam|p1a: Rayquaza\n|-supereffective|p1a: Rayquaza\n|-enditem|p1a: Rayquaza|Focus Sash\n|-damage|p1a: Rayquaza|1\/100\n|move|p1a: Rayquaza|Dragon Ascent|p2a: Kyogre\n|-damage|p2a: Kyogre|39\/100\n|-unboost|p1a: Rayquaza|def|1\n|-unboost|p1a: Rayquaza|spd|1\n|\n|-weather|RainDance|[upkeep]\n|upkeep\n|turn|2\n|\n|t:|1697489903\n|move|p1a: Rayquaza|Extreme Speed|p2a: Kyogre\n|-damage|p2a: Kyogre|8\/100\n|move|p2a: Kyogre|Ice Beam|p1a: Rayquaza\n|-supereffective|p1a: Rayquaza\n|-damage|p1a: Rayquaza|0 fnt\n|faint|p1a: Rayquaza\n|\n|-weather|RainDance|[upkeep]\n|upkeep\n|\n|t:|1697489908\n|switch|p1a: Baxcalibur|Baxcalibur, F|100\/100\n|turn|3\n|\n|t:|1697489921\n|switch|p2a: Arceus|Arceus-Fairy|100\/100\n|move|p1a: Baxcalibur|Dragon Dance|p1a: Baxcalibur\n|-boost|p1a: Baxcalibur|atk|1\n|-boost|p1a: Baxcalibur|spe|1\n|\n|-weather|RainDance|[upkeep]\n|upkeep\n|turn|4\n|\n|t:|1697489936\n|move|p1a: Baxcalibur|Icicle Spear|p2a: Arceus\n|-damage|p2a: Arceus|87\/100\n|-damage|p2a: Arceus|73\/100\n|-damage|p2a: Arceus|61\/100\n|-damage|p2a: Arceus|48\/100\n|-hitcount|p2a: Arceus|4\n|move|p2a: Arceus|Judgment|p1a: Baxcalibur\n|-supereffective|p1a: Baxcalibur\n|-damage|p1a: Baxcalibur|3\/100\n|\n|-weather|RainDance|[upkeep]\n|upkeep\n|turn|5\n|\n|t:|1697489943\n|move|p1a: Baxcalibur|Icicle Spear|p2a: Arceus\n|-damage|p2a: Arceus|35\/100\n|-damage|p2a: Arceus|22\/100\n|-damage|p2a: Arceus|10\/100\n|-damage|p2a: Arceus|0 fnt\n|faint|p2a: Arceus\n|-hitcount|p2: Arceus|4\n|\n|-weather|none\n|upkeep\n|\n|t:|1697489950\n|switch|p2a: Kingambit|Kingambit, M|100\/100\n|-activate|p2a: Kingambit|ability: Supreme Overlord\n|-start|p2a: Kingambit|fallen1|[silent]\n|turn|6\n|\n|t:|1697489954\n|move|p1a: Baxcalibur|Earthquake|p2a: Kingambit\n|-supereffective|p2a: Kingambit\n|-damage|p2a: Kingambit|8\/100\n|move|p2a: Kingambit|Iron Head|p1a: Baxcalibur\n|-supereffective|p1a: Baxcalibur\n|-damage|p1a: Baxcalibur|0 fnt\n|faint|p1a: Baxcalibur\n|\n|-heal|p2a: Kingambit|14\/100|[from] item: Leftovers\n|upkeep\n|\n|t:|1697489962\n|switch|p1a: Koraidon|Koraidon|100\/100\n|-weather|SunnyDay|[from] ability: Orichalcum Pulse|[of] p1a: Koraidon\n|-activate|p1a: Koraidon|Orichalcum Pulse|[source]\n|turn|7\n|\n|t:|1697489969\n|-end|p2a: Kingambit|fallen1|[silent]\n|switch|p2a: Iron Treads|Iron Treads|100\/100\n|move|p1a: Koraidon|Scale Shot|p2a: Iron Treads\n|-resisted|p2a: Iron Treads\n|-damage|p2a: Iron Treads|93\/100\n|-resisted|p2a: Iron Treads\n|-damage|p2a: Iron Treads|87\/100\n|-resisted|p2a: Iron Treads\n|-damage|p2a: Iron Treads|79\/100\n|-resisted|p2a: Iron Treads\n|-damage|p2a: Iron Treads|72\/100\n|-resisted|p2a: Iron Treads\n|-damage|p2a: Iron Treads|65\/100\n|-hitcount|p2a: Iron Treads|5\n|-unboost|p1a: Koraidon|def|1\n|-boost|p1a: Koraidon|spe|1\n|\n|-weather|SunnyDay|[upkeep]\n|-heal|p2a: Iron Treads|71\/100|[from] item: Leftovers\n|upkeep\n|turn|8\n|\n|t:|1697489976\n|move|p1a: Koraidon|Low Kick|p2a: Iron Treads\n|-supereffective|p2a: Iron Treads\n|-damage|p2a: Iron Treads|0 fnt\n|faint|p2a: Iron Treads\n|-end|p2a: Iron Treads|Quark Drive|[silent]\n|\n|-weather|SunnyDay|[upkeep]\n|upkeep\n|\n|t:|1697489986\n|switch|p2a: Eternatus|Eternatus|100\/100\n|-ability|p2a: Eternatus|Pressure\n|turn|9\n|\n|t:|1697489995\n|-terastallize|p2a: Eternatus|Water\n|move|p1a: Koraidon|Flare Blitz|p2a: Eternatus\n|-resisted|p2a: Eternatus\n|-damage|p2a: Eternatus|65\/100\n|-damage|p1a: Koraidon|86\/100|[from] Recoil\n|move|p2a: Eternatus|Dynamax Cannon|p1a: Koraidon\n|-supereffective|p1a: Koraidon\n|-damage|p1a: Koraidon|0 fnt\n|faint|p1a: Koraidon\n|\n|-weather|SunnyDay|[upkeep]\n|upkeep\n|\n|t:|1697490002\n|switch|p1a: Arceus|Arceus-Ground|100\/100\n|turn|10\n|\n|t:|1697490007\n|move|p2a: Eternatus|Toxic|p1a: Arceus\n|-status|p1a: Arceus|tox\n|move|p1a: Arceus|Dragon Dance|p1a: Arceus\n|-boost|p1a: Arceus|atk|1\n|-boost|p1a: Arceus|spe|1\n|\n|-weather|SunnyDay|[upkeep]\n|-damage|p1a: Arceus|94\/100 tox|[from] psn\n|upkeep\n|turn|11\n|\n|t:|1697490011\n|move|p1a: Arceus|Dragon Dance|p1a: Arceus\n|-boost|p1a: Arceus|atk|1\n|-boost|p1a: Arceus|spe|1\n|move|p2a: Eternatus|Recover|p2a: Eternatus\n|-heal|p2a: Eternatus|100\/100\n|\n|-weather|none\n|-damage|p1a: Arceus|82\/100 tox|[from] psn\n|upkeep\n|turn|12\n|\n|t:|1697490025\n|switch|p2a: Kingambit|Kingambit, M|14\/100\n|-activate|p2a: Kingambit|ability: Supreme Overlord\n|-start|p2a: Kingambit|fallen2|[silent]\n|move|p1a: Arceus|Earthquake|p2a: Kingambit\n|-supereffective|p2a: Kingambit\n|-damage|p2a: Kingambit|0 fnt\n|faint|p2a: Kingambit\n|-end|p2a: Kingambit|fallen2|[silent]\n|\n|-damage|p1a: Arceus|64\/100 tox|[from] psn\n|upkeep\n|\n|t:|1697490033\n|switch|p2a: Eternatus|Eternatus, tera:Water|100\/100\n|-ability|p2a: Eternatus|Pressure\n|turn|13\n|\n|t:|1697490040\n|move|p1a: Arceus|Earthquake|p2a: Eternatus\n|-crit|p2a: Eternatus\n|-damage|p2a: Eternatus|0 fnt\n|faint|p2a: Eternatus\n|\n|-damage|p1a: Arceus|40\/100 tox|[from] psn\n|upkeep\n|\n|t:|1697490044\n|switch|p2a: Kyogre|Kyogre|8\/100\n|-weather|RainDance|[from] ability: Drizzle|[of] p2a: Kyogre\n|turn|14\n|\n|t:|1697490054\n|move|p1a: Arceus|Earthquake|p2a: Kyogre\n|-damage|p2a: Kyogre|0 fnt\n|faint|p2a: Kyogre\n|\n|-weather|RainDance|[upkeep]\n|-damage|p1a: Arceus|9\/100 tox|[from] psn\n|upkeep\n|\n|t:|1697490056\n|switch|p2a: Koraidon|Koraidon|100\/100\n|-weather|SunnyDay|[from] ability: Orichalcum Pulse|[of] p2a: Koraidon\n|-activate|p2a: Koraidon|Orichalcum Pulse|[source]\n|turn|15\n|\n|t:|1697490059\n|move|p1a: Arceus|Outrage|p2a: Koraidon\n|-supereffective|p2a: Koraidon\n|-damage|p2a: Koraidon|0 fnt\n|faint|p2a: Koraidon\n|\n|win|corvere\u2665\n|n|\u2606corvere\u2665|corvere\n|n|\u2606EvilMsSmash|evilmssmash\n|n| Entrocefalo|entrocefalo\n|n| OreoSpeedruns|oreospeedruns\n","uploadtime":1697490060,"views":8,"p1id":"corvere","p2id":"evilmssmash","formatid":"gen9ubers","rating":0,"private":0,"password":""}