{"id":"gen9ubers-1971222147","p1":"Vaxtouwen","p2":"lawwwer","format":"[Gen 9] Ubers","log":"|j|\u2606Vaxtouwen\n|j|\u2606lawwwer\n|t:|1697721217\n|gametype|singles\n|player|p1|Vaxtouwen|ghetsis-gen5bw|1073\n|player|p2|lawwwer|cynthia|1128\n|teamsize|p1|6\n|teamsize|p2|6\n|gen|9\n|tier|[Gen 9] Ubers\n|rated|\n|rule|Sleep Clause Mod: Limit one foe put to sleep\n|rule|Species Clause: Limit one of each Pok\u00e9mon\n|rule|OHKO Clause: OHKO moves are banned\n|rule|Evasion Items Clause: Evasion items are banned\n|rule|Evasion Moves Clause: Evasion moves are banned\n|rule|Endless Battle Clause: Forcing endless battles is banned\n|rule|HP Percentage Mod: HP is shown in percentages\n|clearpoke\n|poke|p1|Cyclizar, M|\n|poke|p1|Dragalge, M|\n|poke|p1|Kommo-o, M|\n|poke|p1|Lycanroc-Midnight, F|\n|poke|p1|Kingambit, M|\n|poke|p1|Chesnaught, M|\n|poke|p2|Arceus-Electric|\n|poke|p2|Cresselia, F|\n|poke|p2|Koraidon|\n|poke|p2|Kingambit, F|\n|poke|p2|Garchomp, M|\n|poke|p2|Palafin, M|\n|teampreview\n|inactive|Battle timer is ON: inactive players will automatically lose when time's up. (requested by lawwwer)\n|\n|t:|1697721223\n|start\n|switch|p1a: Drac\u00f4ve|Cyclizar, M|100\/100\n|switch|p2a: Palafin|Palafin, M, shiny|100\/100\n|turn|1\n|\n|t:|1697721231\n|move|p1a: Drac\u00f4ve|Shed Tail|p1a: Drac\u00f4ve\n|-start|p1a: Drac\u00f4ve|Substitute|[from] move: Shed Tail\n|-damage|p1a: Drac\u00f4ve|50\/100\n|\n|t:|1697721244\n|switch|p1a: M\u00e9notte|Chesnaught, M|100\/100|[from] Shed Tail\n|move|p2a: Palafin|Flip Turn|p1a: M\u00e9notte\n|-resisted|p1a: M\u00e9notte\n|-activate|p1a: M\u00e9notte|move: Substitute|[damage]\n|\n|t:|1697721256\n|detailschange|p2a: Palafin|Palafin-Hero, M, shiny\n|switch|p2a: Garchomp|Garchomp, M|100\/100|[from] Flip Turn\n|\n|upkeep\n|turn|2\n|\n|t:|1697721262\n|move|p2a: Garchomp|Stealth Rock|p1a: M\u00e9notte\n|-sidestart|p1: Vaxtouwen|move: Stealth Rock\n|move|p1a: M\u00e9notte|Spikes|p2a: Garchomp\n|-sidestart|p2: lawwwer|Spikes\n|\n|upkeep\n|turn|3\n|\n|t:|1697721266\n|move|p2a: Garchomp|Spikes|p1a: M\u00e9notte\n|-sidestart|p1: Vaxtouwen|Spikes\n|move|p1a: M\u00e9notte|Spikes|p2a: Garchomp\n|-sidestart|p2: lawwwer|Spikes\n|\n|upkeep\n|turn|4\n|\n|t:|1697721271\n|move|p2a: Garchomp|Spikes|p1a: M\u00e9notte\n|-sidestart|p1: Vaxtouwen|Spikes\n|move|p1a: M\u00e9notte|Spikes|p2a: Garchomp\n|-sidestart|p2: lawwwer|Spikes\n|\n|upkeep\n|turn|5\n|\n|t:|1697721278\n|move|p2a: Garchomp|Spikes|p1a: M\u00e9notte\n|-sidestart|p1: Vaxtouwen|Spikes\n|move|p1a: M\u00e9notte|Leech Seed|p2a: Garchomp\n|-start|p2a: Garchomp|move: Leech Seed\n|\n|-damage|p2a: Garchomp|88\/100|[from] Leech Seed|[of] p1a: M\u00e9notte\n|upkeep\n|turn|6\n|\n|t:|1697721289\n|move|p1a: M\u00e9notte|Spiky Shield|p1a: M\u00e9notte\n|-singleturn|p1a: M\u00e9notte|move: Protect\n|move|p2a: Garchomp|Earthquake|p1a: M\u00e9notte\n|-activate|p1a: M\u00e9notte|move: Protect\n|\n|-damage|p2a: Garchomp|76\/100|[from] Leech Seed|[of] p1a: M\u00e9notte\n|upkeep\n|turn|7\n|\n|t:|1697721304\n|move|p2a: Garchomp|Earthquake|p1a: M\u00e9notte\n|-resisted|p1a: M\u00e9notte\n|-crit|p1a: M\u00e9notte\n|-end|p1a: M\u00e9notte|Substitute\n|move|p1a: M\u00e9notte|Leech Seed|p2a: Garchomp|[miss]\n|-miss|p1a: M\u00e9notte|p2a: Garchomp\n|\n|-damage|p2a: Garchomp|63\/100|[from] Leech Seed|[of] p1a: M\u00e9notte\n|upkeep\n|turn|8\n|\n|t:|1697721312\n|move|p1a: M\u00e9notte|Spiky Shield|p1a: M\u00e9notte\n|-singleturn|p1a: M\u00e9notte|move: Protect\n|move|p2a: Garchomp|Dragon Tail|p1a: M\u00e9notte\n|-activate|p1a: M\u00e9notte|move: Protect\n|-damage|p2a: Garchomp|51\/100|[from] Spiky Shield|[of] p1a: M\u00e9notte\n|\n|-damage|p2a: Garchomp|39\/100|[from] Leech Seed|[of] p1a: M\u00e9notte\n|upkeep\n|turn|9\n|\n|t:|1697721325\n|move|p1a: M\u00e9notte|Synthesis|p1a: M\u00e9notte\n|-fail|p1a: M\u00e9notte|heal\n|move|p2a: Garchomp|Dragon Tail|p1a: M\u00e9notte\n|-damage|p1a: M\u00e9notte|82\/100\n|drag|p1a: Osqu\u00e9non|Kommo-o, M|100\/100\n|-damage|p1a: Osqu\u00e9non|94\/100|[from] Stealth Rock\n|-damage|p1a: Osqu\u00e9non|70\/100|[from] Spikes\n|\n|-damage|p2a: Garchomp|26\/100|[from] Leech Seed|[of] p1a: Osqu\u00e9non\n|-heal|p1a: Osqu\u00e9non|86\/100|[silent]\n|upkeep\n|turn|10\n|\n|t:|1697721355\n|move|p2a: Garchomp|Earthquake|p1a: Osqu\u00e9non\n|-damage|p1a: Osqu\u00e9non|47\/100\n|move|p1a: Osqu\u00e9non|Stealth Rock|p2a: Garchomp\n|-sidestart|p2: lawwwer|move: Stealth Rock\n|\n|-damage|p2a: Garchomp|14\/100|[from] Leech Seed|[of] p1a: Osqu\u00e9non\n|-heal|p1a: Osqu\u00e9non|63\/100|[silent]\n|upkeep\n|turn|11\n|\n|t:|1697721365\n|move|p1a: Osqu\u00e9non|Dragon Dance|p1a: Osqu\u00e9non\n|-boost|p1a: Osqu\u00e9non|atk|1\n|-boost|p1a: Osqu\u00e9non|spe|1\n|move|p2a: Garchomp|Dragon Tail|p1a: Osqu\u00e9non\n|-supereffective|p1a: Osqu\u00e9non\n|-damage|p1a: Osqu\u00e9non|17\/100\n|drag|p1a: Azkh\u00e9nar|Kingambit, M, shiny|100\/100\n|-damage|p1a: Azkh\u00e9nar|94\/100|[from] Stealth Rock\n|-damage|p1a: Azkh\u00e9nar|69\/100|[from] Spikes\n|\n|-damage|p2a: Garchomp|1\/100|[from] Leech Seed|[of] p1a: Azkh\u00e9nar\n|-heal|p1a: Azkh\u00e9nar|82\/100|[silent]\n|upkeep\n|turn|12\n|\n|t:|1697721376\n|move|p1a: Azkh\u00e9nar|Sucker Punch|p2a: Garchomp\n|-damage|p2a: Garchomp|0 fnt\n|-damage|p1a: Azkh\u00e9nar|70\/100|[from] ability: Rough Skin|[of] p2a: Garchomp\n|-damage|p1a: Azkh\u00e9nar|53\/100|[from] item: Rocky Helmet|[of] p2a: Garchomp\n|faint|p2a: Garchomp\n|-heal|p1a: Azkh\u00e9nar|53\/100|[from] item: Shell Bell|[of] p2: Garchomp\n|\n|upkeep\n|\n|t:|1697721385\n|switch|p2a: Palafin|Palafin-Hero, M, shiny|100\/100\n|-damage|p2a: Palafin|76\/100|[from] Spikes\n|-damage|p2a: Palafin|63\/100|[from] Stealth Rock\n|-activate|p2a: Palafin|ability: Zero to Hero\n|turn|13\n|\n|t:|1697721397\n|move|p1a: Azkh\u00e9nar|Sucker Punch|p2a: Palafin\n|-damage|p2a: Palafin|20\/100\n|-heal|p1a: Azkh\u00e9nar|58\/100|[from] item: Shell Bell|[of] p2a: Palafin\n|move|p2a: Palafin|Wave Crash|p1a: Azkh\u00e9nar\n|-damage|p1a: Azkh\u00e9nar|0 fnt\n|faint|p1a: Azkh\u00e9nar\n|-end|p1a: Azkh\u00e9nar|fallenundefined|[silent]\n|-damage|p2a: Palafin|0 fnt|[from] Recoil\n|faint|p2a: Palafin\n|\n|upkeep\n|\n|t:|1697721410\n|switch|p2a: Arceus|Arceus-Electric|100\/100\n|switch|p1a: Drac\u00f4ve|Cyclizar, M|84\/100\n|-damage|p1a: Drac\u00f4ve|71\/100|[from] Stealth Rock\n|-damage|p1a: Drac\u00f4ve|47\/100|[from] Spikes\n|-damage|p2a: Arceus|75\/100|[from] Spikes\n|-damage|p2a: Arceus|63\/100|[from] Stealth Rock\n|turn|14\n|\n|t:|1697721418\n|move|p1a: Drac\u00f4ve|Rapid Spin|p2a: Arceus\n|-damage|p2a: Arceus|41\/100\n|-boost|p1a: Drac\u00f4ve|spe|1\n|-sideend|p1: Vaxtouwen|Spikes|[from] move: Rapid Spin|[of] p1a: Drac\u00f4ve\n|-sideend|p1: Vaxtouwen|Stealth Rock|[from] move: Rapid Spin|[of] p1a: Drac\u00f4ve\n|move|p2a: Arceus|Ice Beam|p1a: Drac\u00f4ve\n|-supereffective|p1a: Drac\u00f4ve\n|-damage|p1a: Drac\u00f4ve|0 fnt\n|faint|p1a: Drac\u00f4ve\n|\n|upkeep\n|\n|t:|1697721434\n|switch|p1a: Kal\u00e8n|Dragalge, M, shiny|100\/100\n|turn|15\n|l|\u2606lawwwer\n|inactive|lawwwer disconnected and has a minute to reconnect!\n|player|p2|\n|inactive|lawwwer has 30 seconds to reconnect!\n|inactive|lawwwer has 20 seconds to reconnect!\n|inactive|lawwwer has 15 seconds to reconnect!\n|inactive|lawwwer has 10 seconds to reconnect!\n|inactive|lawwwer has 5 seconds to reconnect!\n|-message|lawwwer lost due to inactivity.\n|\n|win|Vaxtouwen\n|raw|Vaxtouwen's rating: 1073 &rarr; <strong>1107<\/strong><br \/>(+34 for winning)\n|raw|lawwwer's rating: 1128 &rarr; <strong>1099<\/strong><br \/>(-29 for losing)\n","uploadtime":1697721503,"views":7,"p1id":"vaxtouwen","p2id":"lawwwer","formatid":"gen9ubers","rating":1099,"private":0,"password":""}