{"id":"gen9ubers-1983453428","p1":"the tr4sh man","p2":"JohnLongGone","format":"[Gen 9] Ubers","log":"|j|\u2606the tr4sh man\n|j|\u2606JohnLongGone\n|t:|1699131762\n|gametype|singles\n|player|p1|the tr4sh man|xerosic|\n|player|p2|JohnLongGone|caitlin|\n|teamsize|p1|6\n|teamsize|p2|6\n|gen|9\n|tier|[Gen 9] Ubers\n|rule|Sleep Clause Mod: Limit one foe put to sleep\n|rule|Species Clause: Limit one of each Pok\u00e9mon\n|rule|OHKO Clause: OHKO moves are banned\n|rule|Evasion Items Clause: Evasion items are banned\n|rule|Evasion Moves Clause: Evasion moves are banned\n|rule|Endless Battle Clause: Forcing endless battles is banned\n|rule|HP Percentage Mod: HP is shown in percentages\n|clearpoke\n|poke|p1|Enamorus, F|\n|poke|p1|Slowking-Galar, M|\n|poke|p1|Ursaluna, M|\n|poke|p1|Dialga|\n|poke|p1|Espathra, M|\n|poke|p1|Meowscarada, M|\n|poke|p2|Garchomp, M|\n|poke|p2|Houndstone, M|\n|poke|p2|Hippowdon, M|\n|poke|p2|Magearna|\n|poke|p2|Garganacl, M|\n|poke|p2|Arceus-Grass|\n|teampreview\n|\n|t:|1699131815\n|start\n|switch|p1a: Meowscarada|Meowscarada, M|100\/100\n|switch|p2a: Hippowdon|Hippowdon, M|100\/100\n|-weather|Sandstorm|[from] ability: Sand Stream|[of] p2a: Hippowdon\n|turn|1\n|\n|t:|1699131819\n|switch|p2a: Arceus|Arceus-Grass|100\/100\n|move|p1a: Meowscarada|Taunt|p2a: Arceus\n|-start|p1a: Meowscarada|typechange|Dark|[from] ability: Protean\n|-start|p2a: Arceus|move: Taunt\n|\n|-weather|Sandstorm|[upkeep]\n|-damage|p1a: Meowscarada|94\/100|[from] Sandstorm\n|-damage|p2a: Arceus|94\/100|[from] Sandstorm\n|upkeep\n|turn|2\n|\n|t:|1699131868\n|move|p1a: Meowscarada|Toxic Spikes|p2a: Arceus\n|-sidestart|p2: JohnLongGone|move: Toxic Spikes\n|move|p2a: Arceus|Aura Sphere|p1a: Meowscarada\n|-supereffective|p1a: Meowscarada\n|-damage|p1a: Meowscarada|26\/100\n|\n|-weather|Sandstorm|[upkeep]\n|-damage|p1a: Meowscarada|20\/100|[from] Sandstorm\n|-damage|p2a: Arceus|88\/100|[from] Sandstorm\n|upkeep\n|turn|3\n|\n|t:|1699131877\n|move|p1a: Meowscarada|Toxic Spikes|p2a: Arceus\n|-sidestart|p2: JohnLongGone|move: Toxic Spikes\n|move|p2a: Arceus|Aura Sphere|p1a: Meowscarada\n|-supereffective|p1a: Meowscarada\n|-damage|p1a: Meowscarada|0 fnt\n|faint|p1a: Meowscarada\n|\n|-weather|Sandstorm|[upkeep]\n|-damage|p2a: Arceus|82\/100|[from] Sandstorm\n|-end|p2a: Arceus|move: Taunt\n|upkeep\n|\n|t:|1699131904\n|switch|p1a: Slowking|Slowking-Galar, M|100\/100\n|turn|4\n|\n|t:|1699131925\n|move|p2a: Arceus|Stored Power|p1a: Slowking\n|-damage|p1a: Slowking|96\/100\n|move|p1a: Slowking|Trick Room|p1a: Slowking\n|-fieldstart|move: Trick Room|[of] p1a: Slowking\n|\n|-weather|Sandstorm|[upkeep]\n|-damage|p1a: Slowking|90\/100|[from] Sandstorm\n|-damage|p2a: Arceus|76\/100|[from] Sandstorm\n|upkeep\n|turn|5\n|\n|t:|1699131942\n|move|p2a: Arceus|Calm Mind|p2a: Arceus\n|-boost|p2a: Arceus|spa|1\n|-boost|p2a: Arceus|spd|1\n|move|p1a: Slowking|Chilly Reception|p1a: Slowking\n|-weather|Snow\n|\n|t:|1699131961\n|switch|p1a: Espathra|Espathra, M|100\/100|[from] Chilly Reception\n|\n|-weather|Snow|[upkeep]\n|upkeep\n|turn|6\n|\n|t:|1699131971\n|move|p1a: Espathra|Substitute|p1a: Espathra\n|-start|p1a: Espathra|Substitute\n|-damage|p1a: Espathra|76\/100\n|move|p2a: Arceus|Calm Mind|p2a: Arceus\n|-boost|p2a: Arceus|spa|1\n|-boost|p2a: Arceus|spd|1\n|-ability|p1a: Espathra|Opportunist|boost\n|-boost|p1a: Espathra|spa|1\n|-boost|p1a: Espathra|spd|1\n|\n|-weather|Snow|[upkeep]\n|-heal|p1a: Espathra|82\/100|[from] item: Leftovers\n|upkeep\n|turn|7\n|\n|t:|1699131974\n|move|p1a: Espathra|Lumina Crash|p2a: Arceus\n|-damage|p2a: Arceus|56\/100\n|-unboost|p2a: Arceus|spd|2\n|move|p2a: Arceus|Stored Power|p1a: Espathra\n|-resisted|p1a: Espathra\n|-activate|p1a: Espathra|move: Substitute|[damage]\n|\n|-weather|Snow|[upkeep]\n|-heal|p1a: Espathra|88\/100|[from] item: Leftovers\n|upkeep\n|turn|8\n|\n|t:|1699131982\n|move|p1a: Espathra|Lumina Crash|p2a: Arceus\n|-damage|p2a: Arceus|17\/100\n|-unboost|p2a: Arceus|spd|2\n|move|p2a: Arceus|Stored Power|p1a: Espathra\n|-resisted|p1a: Espathra\n|-end|p1a: Espathra|Substitute\n|\n|-weather|Snow|[upkeep]\n|-heal|p1a: Espathra|94\/100|[from] item: Leftovers\n|-fieldend|move: Trick Room\n|upkeep\n|turn|9\n|\n|t:|1699131991\n|switch|p2a: Magearna|Magearna|100\/100\n|move|p1a: Espathra|Trick Room|p1a: Espathra\n|-fieldstart|move: Trick Room|[of] p1a: Espathra\n|\n|-weather|none\n|-heal|p1a: Espathra|99\/100|[from] item: Leftovers\n|upkeep\n|turn|10\n|\n|t:|1699131999\n|move|p2a: Magearna|Encore|p1a: Espathra\n|-start|p1a: Espathra|Encore\n|move|p1a: Espathra|Trick Room|p1a: Espathra\n|-fieldend|move: Trick Room\n|\n|-heal|p1a: Espathra|100\/100|[from] item: Leftovers\n|upkeep\n|turn|11\n|\n|t:|1699132006\n|move|p2a: Magearna|Volt Switch|p1a: Espathra\n|-damage|p1a: Espathra|84\/100\n|\n|t:|1699132038\n|switch|p2a: Garchomp|Garchomp, M|100\/100|[from] Volt Switch\n|-status|p2a: Garchomp|tox\n|move|p1a: Espathra|Trick Room|p1a: Espathra\n|-fieldstart|move: Trick Room|[of] p1a: Espathra\n|\n|-heal|p1a: Espathra|90\/100|[from] item: Leftovers\n|-damage|p2a: Garchomp|94\/100 tox|[from] psn\n|upkeep\n|turn|12\n|\n|t:|1699132051\n|switch|p1a: Ursaluna|Ursaluna, M|100\/100\n|move|p2a: Garchomp|Swords Dance|p2a: Garchomp\n|-boost|p2a: Garchomp|atk|2\n|\n|-damage|p2a: Garchomp|82\/100 tox|[from] psn\n|-status|p1a: Ursaluna|brn|[from] item: Flame Orb\n|upkeep\n|turn|13\n|\n|t:|1699132080\n|switch|p2a: Garganacl|Garganacl, M|100\/100\n|move|p1a: Ursaluna|Headlong Rush|p2a: Garganacl\n|-supereffective|p2a: Garganacl\n|-damage|p2a: Garganacl|0 fnt\n|-unboost|p1a: Ursaluna|def|1\n|-unboost|p1a: Ursaluna|spd|1\n|faint|p2a: Garganacl\n|\n|-damage|p1a: Ursaluna|94\/100 brn|[from] brn\n|upkeep\n|\n|t:|1699132086\n|switch|p2a: Hippowdon|Hippowdon, M|100\/100\n|-status|p2a: Hippowdon|tox\n|-weather|Sandstorm|[from] ability: Sand Stream|[of] p2a: Hippowdon\n|turn|14\n|\n|t:|1699132090\n|move|p1a: Ursaluna|Facade|p2a: Hippowdon\n|-damage|p2a: Hippowdon|30\/100 tox\n|move|p2a: Hippowdon|Whirlwind|p1a: Ursaluna\n|drag|p1a: Dialga|Dialga|100\/100\n|-ability|p1a: Dialga|Pressure\n|\n|-weather|Sandstorm|[upkeep]\n|-damage|p2a: Hippowdon|24\/100 tox|[from] psn\n|upkeep\n|turn|15\n|\n|t:|1699132097\n|switch|p2a: Garchomp|Garchomp, M|82\/100 tox\n|move|p1a: Dialga|Flash Cannon|p2a: Garchomp\n|-damage|p2a: Garchomp|30\/100 tox\n|\n|-weather|Sandstorm|[upkeep]\n|-damage|p2a: Garchomp|23\/100 tox|[from] psn\n|-fieldend|move: Trick Room\n|upkeep\n|turn|16\n|\n|t:|1699132128\n|move|p2a: Garchomp|Earthquake|p1a: Dialga\n|-supereffective|p1a: Dialga\n|-damage|p1a: Dialga|18\/100\n|move|p1a: Dialga|Trick Room|p1a: Dialga\n|-fieldstart|move: Trick Room|[of] p1a: Dialga\n|\n|-weather|Sandstorm|[upkeep]\n|-damage|p2a: Garchomp|11\/100 tox|[from] psn\n|upkeep\n|turn|17\n|\n|t:|1699132138\n|move|p1a: Dialga|Flash Cannon|p2a: Garchomp|[miss]\n|-miss|p1a: Dialga|p2a: Garchomp\n|move|p2a: Garchomp|Fire Fang|p1a: Dialga\n|-damage|p1a: Dialga|1\/100\n|\n|-weather|Sandstorm|[upkeep]\n|-damage|p2a: Garchomp|0 fnt|[from] psn\n|faint|p2a: Garchomp\n|upkeep\n|c|\u2606the tr4sh man|sand veil is so funny\n|\n|t:|1699132153\n|switch|p2a: Magearna|Magearna|100\/100\n|turn|18\n|\n|t:|1699132158\n|move|p1a: Dialga|Earth Power|p2a: Magearna\n|-supereffective|p2a: Magearna\n|-damage|p2a: Magearna|57\/100\n|move|p2a: Magearna|Fleur Cannon|p1a: Dialga\n|-damage|p1a: Dialga|0 fnt\n|-unboost|p2a: Magearna|spa|2\n|faint|p1a: Dialga\n|-ability|p2a: Magearna|Soul-Heart|boost\n|-boost|p2a: Magearna|spa|1\n|\n|-weather|Sandstorm|[upkeep]\n|-heal|p2a: Magearna|63\/100|[from] item: Leftovers\n|upkeep\n|\n|t:|1699132168\n|switch|p1a: Ursaluna|Ursaluna, M|94\/100 brn\n|turn|19\n|\n|t:|1699132186\n|move|p1a: Ursaluna|Headlong Rush|p2a: Magearna\n|-supereffective|p2a: Magearna\n|-damage|p2a: Magearna|0 fnt\n|-unboost|p1a: Ursaluna|def|1\n|-unboost|p1a: Ursaluna|spd|1\n|faint|p2a: Magearna\n|\n|-weather|Sandstorm|[upkeep]\n|-damage|p1a: Ursaluna|88\/100 brn|[from] brn\n|upkeep\n|\n|t:|1699132188\n|switch|p2a: Arceus|Arceus-Grass|17\/100\n|-status|p2a: Arceus|tox\n|turn|20\n|\n|t:|1699132193\n|switch|p1a: Enamorus|Enamorus, F|100\/100\n|-enditem|p1a: Enamorus|Room Service\n|-boost|p1a: Enamorus|spe|1|[from] item: Room Service\n|move|p2a: Arceus|Recover|p2a: Arceus\n|-heal|p2a: Arceus|67\/100 tox\n|\n|-weather|Sandstorm|[upkeep]\n|-damage|p2a: Arceus|61\/100 tox|[from] Sandstorm\n|-damage|p1a: Enamorus|94\/100|[from] Sandstorm\n|-damage|p2a: Arceus|55\/100 tox|[from] psn\n|-fieldend|move: Trick Room\n|upkeep\n|turn|21\n|\n|t:|1699132195\n|move|p1a: Enamorus|Superpower|p2a: Arceus\n|-damage|p2a: Arceus|36\/100 tox\n|-boost|p1a: Enamorus|atk|1\n|-boost|p1a: Enamorus|def|1\n|move|p2a: Arceus|Calm Mind|p2a: Arceus\n|-boost|p2a: Arceus|spa|1\n|-boost|p2a: Arceus|spd|1\n|\n|-weather|none\n|-damage|p2a: Arceus|24\/100 tox|[from] psn\n|upkeep\n|turn|22\n|\n|t:|1699132201\n|move|p1a: Enamorus|Superpower|p2a: Arceus\n|-damage|p2a: Arceus|0 fnt\n|-boost|p1a: Enamorus|atk|1\n|-boost|p1a: Enamorus|def|1\n|faint|p2a: Arceus\n|\n|upkeep\n|\n|t:|1699132205\n|switch|p2a: Hippowdon|Hippowdon, M|24\/100 tox\n|-weather|Sandstorm|[from] ability: Sand Stream|[of] p2a: Hippowdon\n|turn|23\n|\n|t:|1699132212\n|move|p1a: Enamorus|Superpower|p2a: Hippowdon\n|-damage|p2a: Hippowdon|0 fnt\n|-boost|p1a: Enamorus|atk|1\n|-boost|p1a: Enamorus|def|1\n|faint|p2a: Hippowdon\n|\n|-weather|Sandstorm|[upkeep]\n|-damage|p1a: Enamorus|88\/100|[from] Sandstorm\n|upkeep\n|\n|t:|1699132238\n|switch|p2a: Houndstone|Houndstone, M|100\/100\n|-status|p2a: Houndstone|tox\n|turn|24\n|\n|t:|1699132244\n|-terastallize|p2a: Houndstone|Ghost\n|move|p1a: Enamorus|Substitute|p1a: Enamorus\n|-start|p1a: Enamorus|Substitute\n|-damage|p1a: Enamorus|63\/100\n|move|p2a: Houndstone|Last Respects|p1a: Enamorus\n|-end|p1a: Enamorus|Substitute\n|\n|-weather|Sandstorm|[upkeep]\n|-damage|p1a: Enamorus|57\/100|[from] Sandstorm\n|-damage|p2a: Houndstone|95\/100 tox|[from] psn\n|upkeep\n|turn|25\n|\n|t:|1699132264\n|move|p1a: Enamorus|Substitute|p1a: Enamorus\n|-start|p1a: Enamorus|Substitute\n|-damage|p1a: Enamorus|32\/100\n|move|p2a: Houndstone|Last Respects|p1a: Enamorus\n|-end|p1a: Enamorus|Substitute\n|\n|-weather|Sandstorm|[upkeep]\n|-damage|p1a: Enamorus|26\/100|[from] Sandstorm\n|-damage|p2a: Houndstone|83\/100 tox|[from] psn\n|upkeep\n|turn|26\n|\n|t:|1699132267\n|move|p1a: Enamorus|Play Rough|p2a: Houndstone\n|-damage|p2a: Houndstone|0 fnt\n|faint|p2a: Houndstone\n|\n|win|the tr4sh man\n|c|\u2606the tr4sh man|gg\n","uploadtime":1699132273,"views":7,"p1id":"thetr4shman","p2id":"johnlonggone","formatid":"gen9ubers","rating":0,"private":0,"password":""}