{"id":"gen9ubers-1982066145","p1":"Natnat_24","p2":"Gunmarthemafiabear","format":"[Gen 9] Ubers","log":"|j|\u2606Natnat_24\n|j|\u2606Gunmarthemafiabear\n|t:|1698964458\n|gametype|singles\n|player|p1|Natnat_24|emmet|\n|player|p2|Gunmarthemafiabear|drayden|\n|teamsize|p1|6\n|teamsize|p2|6\n|gen|9\n|tier|[Gen 9] Ubers\n|rule|Sleep Clause Mod: Limit one foe put to sleep\n|rule|Species Clause: Limit one of each Pok\u00e9mon\n|rule|OHKO Clause: OHKO moves are banned\n|rule|Evasion Items Clause: Evasion items are banned\n|rule|Evasion Moves Clause: Evasion moves are banned\n|rule|Endless Battle Clause: Forcing endless battles is banned\n|rule|HP Percentage Mod: HP is shown in percentages\n|clearpoke\n|poke|p1|Kommo-o, M|\n|poke|p1|Ogerpon-Hearthflame, F|\n|poke|p1|Kingambit, F|\n|poke|p1|Staraptor, F|\n|poke|p1|Gliscor, F|\n|poke|p1|Milotic, M|\n|poke|p2|Kommo-o, F|\n|poke|p2|Cramorant, F|\n|poke|p2|Dusknoir, M|\n|poke|p2|Shiftry, F|\n|poke|p2|Poliwrath, F|\n|poke|p2|Chandelure, F|\n|teampreview\n|inactive|Battle timer is ON: inactive players will automatically lose when time's up. (requested by Natnat_24)\n|inactive|Gunmarthemafiabear also wants the timer to be on.\n|\n|t:|1698964478\n|start\n|switch|p1a: Ogerpon|Ogerpon-Hearthflame, F|100\/100\n|switch|p2a: the word|Cramorant, F, shiny|100\/100\n|-ability|p1a: Ogerpon|Mold Breaker\n|turn|1\n|\n|t:|1698964486\n|move|p1a: Ogerpon|U-turn|p2a: the word\n|-resisted|p2a: the word\n|-damage|p2a: the word|77\/100\n|\n|t:|1698964491\n|switch|p1a: Milotic|Milotic, M|100\/100|[from] U-turn\n|move|p2a: the word|Tailwind|p2a: the word\n|-sidestart|p2: Gunmarthemafiabear|move: Tailwind\n|\n|-status|p1a: Milotic|brn|[from] item: Flame Orb\n|upkeep\n|turn|2\n|\n|t:|1698964504\n|move|p2a: the word|Blizzard|p1a: Milotic\n|-resisted|p1a: Milotic\n|-damage|p1a: Milotic|89\/100 brn\n|move|p1a: Milotic|Coil|p1a: Milotic\n|-boost|p1a: Milotic|atk|1\n|-boost|p1a: Milotic|def|1\n|-boost|p1a: Milotic|accuracy|1\n|\n|-damage|p1a: Milotic|83\/100 brn|[from] brn\n|upkeep\n|turn|3\n|\n|t:|1698964516\n|move|p2a: the word|Blizzard|p1a: Milotic\n|-resisted|p1a: Milotic\n|-damage|p1a: Milotic|72\/100 brn\n|move|p1a: Milotic|Coil|p1a: Milotic\n|-boost|p1a: Milotic|atk|1\n|-boost|p1a: Milotic|def|1\n|-boost|p1a: Milotic|accuracy|1\n|\n|-damage|p1a: Milotic|66\/100 brn|[from] brn\n|upkeep\n|turn|4\n|\n|t:|1698964527\n|move|p2a: the word|Blizzard|p1a: Milotic|[miss]\n|-miss|p2a: the word|p1a: Milotic\n|move|p1a: Milotic|Facade|p2a: the word\n|-damage|p2a: the word|0 fnt\n|faint|p2a: the word\n|\n|-damage|p1a: Milotic|60\/100 brn|[from] brn\n|-sideend|p2: Gunmarthemafiabear|move: Tailwind\n|upkeep\n|c|\u2606Natnat_24|Facade milotic !!!\n|\n|t:|1698964539\n|switch|p2a: Pervy sage|Shiftry, F|100\/100\n|turn|5\n|\n|t:|1698964550\n|move|p2a: Pervy sage|Solar Blade||[still]\n|-prepare|p2a: Pervy sage|Solar Blade\n|-enditem|p2a: Pervy sage|Power Herb\n|-anim|p2a: Pervy sage|Solar Blade|p1a: Milotic\n|-supereffective|p1a: Milotic\n|-damage|p1a: Milotic|19\/100 brn\n|move|p1a: Milotic|Facade|p2a: Pervy sage\n|-damage|p2a: Pervy sage|20\/100\n|\n|-damage|p1a: Milotic|13\/100 brn|[from] brn\n|upkeep\n|turn|6\n|\n|t:|1698964561\n|move|p2a: Pervy sage|Leaf Blade|p1a: Milotic\n|-supereffective|p1a: Milotic\n|-damage|p1a: Milotic|0 fnt\n|faint|p1a: Milotic\n|\n|upkeep\n|\n|t:|1698964566\n|switch|p1a: Ogerpon|Ogerpon-Hearthflame, F|100\/100\n|-ability|p1a: Ogerpon|Mold Breaker\n|turn|7\n|\n|t:|1698964572\n|move|p1a: Ogerpon|U-turn|p2a: Pervy sage\n|-supereffective|p2a: Pervy sage\n|-damage|p2a: Pervy sage|0 fnt\n|faint|p2a: Pervy sage\n|\n|t:|1698964578\n|switch|p1a: Gliscor|Gliscor, F|100\/100|[from] U-turn\n|\n|-status|p1a: Gliscor|tox|[from] item: Toxic Orb\n|upkeep\n|\n|t:|1698964589\n|switch|p2a: Kommo-o|Kommo-o, F|100\/100\n|turn|8\n|\n|t:|1698964595\n|move|p1a: Gliscor|Toxic|p2a: Kommo-o\n|-status|p2a: Kommo-o|tox\n|move|p2a: Kommo-o|Dragon Dance|p2a: Kommo-o\n|-boost|p2a: Kommo-o|atk|1\n|-boost|p2a: Kommo-o|spe|1\n|\n|-damage|p2a: Kommo-o|94\/100 tox|[from] psn\n|upkeep\n|turn|9\n|\n|t:|1698964604\n|move|p1a: Gliscor|Protect|p1a: Gliscor\n|-singleturn|p1a: Gliscor|Protect\n|move|p2a: Kommo-o|Dragon Dance|p2a: Kommo-o\n|-boost|p2a: Kommo-o|atk|1\n|-boost|p2a: Kommo-o|spe|1\n|\n|-damage|p2a: Kommo-o|82\/100 tox|[from] psn\n|upkeep\n|turn|10\n|\n|t:|1698964614\n|move|p2a: Kommo-o|Dragon Claw|p1a: Gliscor\n|-damage|p1a: Gliscor|55\/100 tox\n|move|p1a: Gliscor|Substitute|p1a: Gliscor\n|-start|p1a: Gliscor|Substitute\n|-damage|p1a: Gliscor|30\/100 tox\n|\n|-damage|p2a: Kommo-o|64\/100 tox|[from] psn\n|-heal|p1a: Gliscor|43\/100 tox|[from] ability: Poison Heal\n|upkeep\n|turn|11\n|\n|t:|1698964626\n|move|p2a: Kommo-o|Dragon Claw|p1a: Gliscor\n|-end|p1a: Gliscor|Substitute\n|move|p1a: Gliscor|Substitute|p1a: Gliscor\n|-start|p1a: Gliscor|Substitute\n|-damage|p1a: Gliscor|18\/100 tox\n|\n|-damage|p2a: Kommo-o|40\/100 tox|[from] psn\n|-heal|p1a: Gliscor|30\/100 tox|[from] ability: Poison Heal\n|upkeep\n|turn|12\n|\n|t:|1698964636\n|move|p1a: Gliscor|Protect|p1a: Gliscor\n|-singleturn|p1a: Gliscor|Protect\n|move|p2a: Kommo-o|Dragon Claw|p1a: Gliscor\n|-activate|p1a: Gliscor|move: Protect\n|\n|-damage|p2a: Kommo-o|10\/100 tox|[from] psn\n|-heal|p1a: Gliscor|43\/100 tox|[from] ability: Poison Heal\n|upkeep\n|turn|13\n|\n|t:|1698964641\n|move|p2a: Kommo-o|Drain Punch|p1a: Gliscor\n|-resisted|p1a: Gliscor\n|-end|p1a: Gliscor|Substitute\n|-heal|p2a: Kommo-o|24\/100 tox|[from] drain|[of] p1a: Gliscor\n|move|p1a: Gliscor|Substitute|p1a: Gliscor\n|-start|p1a: Gliscor|Substitute\n|-damage|p1a: Gliscor|18\/100 tox\n|\n|-damage|p2a: Kommo-o|0 fnt|[from] psn\n|faint|p2a: Kommo-o\n|-heal|p1a: Gliscor|30\/100 tox|[from] ability: Poison Heal\n|upkeep\n|\n|t:|1698964646\n|switch|p2a: Fred|Poliwrath, F|100\/100\n|turn|14\n|\n|t:|1698964655\n|move|p1a: Gliscor|Protect|p1a: Gliscor\n|-singleturn|p1a: Gliscor|Protect\n|move|p2a: Fred|Liquidation|p1a: Gliscor\n|-activate|p1a: Gliscor|move: Protect\n|\n|-heal|p1a: Gliscor|43\/100 tox|[from] ability: Poison Heal\n|upkeep\n|turn|15\n|\n|t:|1698964664\n|move|p1a: Gliscor|Toxic|p2a: Fred\n|-status|p2a: Fred|tox\n|move|p2a: Fred|Liquidation|p1a: Gliscor\n|-supereffective|p1a: Gliscor\n|-end|p1a: Gliscor|Substitute\n|\n|-heal|p1a: Gliscor|55\/100 tox|[from] ability: Poison Heal\n|-damage|p2a: Fred|94\/100 tox|[from] psn\n|upkeep\n|turn|16\n|\n|t:|1698964675\n|move|p1a: Gliscor|Protect|p1a: Gliscor\n|-singleturn|p1a: Gliscor|Protect\n|move|p2a: Fred|Liquidation|p1a: Gliscor\n|-activate|p1a: Gliscor|move: Protect\n|\n|-heal|p1a: Gliscor|68\/100 tox|[from] ability: Poison Heal\n|-damage|p2a: Fred|82\/100 tox|[from] psn\n|upkeep\n|turn|17\n|\n|t:|1698964685\n|switch|p1a: Kommo-o|Kommo-o, M|100\/100\n|move|p2a: Fred|Liquidation|p1a: Kommo-o\n|-resisted|p1a: Kommo-o\n|-damage|p1a: Kommo-o|81\/100\n|\n|-damage|p2a: Fred|64\/100 tox|[from] psn\n|upkeep\n|turn|18\n|c|\u2606Gunmarthemafiabear|Scumy moves insee\n|c|\u2606Natnat_24|Tru\n|inactive|Gunmarthemafiabear has 270 seconds left.\n|\n|t:|1698964715\n|move|p1a: Kommo-o|Clangorous Soul|p1a: Kommo-o\n|-boost|p1a: Kommo-o|atk|1\n|-boost|p1a: Kommo-o|def|1\n|-boost|p1a: Kommo-o|spa|1\n|-boost|p1a: Kommo-o|spd|1\n|-boost|p1a: Kommo-o|spe|1\n|-damage|p1a: Kommo-o|49\/100\n|-enditem|p1a: Kommo-o|Throat Spray\n|-boost|p1a: Kommo-o|spa|1|[from] item: Throat Spray\n|move|p2a: Fred|Drain Punch|p1a: Kommo-o\n|-crit|p1a: Kommo-o\n|-damage|p1a: Kommo-o|3\/100\n|-heal|p2a: Fred|84\/100 tox|[from] drain|[of] p1a: Kommo-o\n|\n|-damage|p2a: Fred|59\/100 tox|[from] psn\n|upkeep\n|turn|19\n|inactive|Gunmarthemafiabear has 270 seconds left.\n|\n|t:|1698964729\n|move|p1a: Kommo-o|Clanging Scales|p2a: Fred\n|-damage|p2a: Fred|0 fnt\n|faint|p2a: Fred\n|-unboost|p1a: Kommo-o|def|1\n|\n|upkeep\n|inactive|Gunmarthemafiabear has 270 seconds left.\n|\n|t:|1698964735\n|switch|p2a: Nom|Dusknoir, M|100\/100\n|-ability|p2a: Nom|Pressure\n|turn|20\n|\n|t:|1698964741\n|move|p1a: Kommo-o|Clanging Scales|p2a: Nom\n|-damage|p2a: Nom|13\/100\n|-unboost|p1a: Kommo-o|def|1\n|move|p2a: Nom|Brick Break|p1a: Kommo-o\n|-damage|p1a: Kommo-o|0 fnt\n|faint|p1a: Kommo-o\n|\n|upkeep\n|\n|t:|1698964751\n|switch|p1a: Kingambit|Kingambit, F|100\/100\n|-activate|p1a: Kingambit|ability: Supreme Overlord\n|-start|p1a: Kingambit|fallen2|[silent]\n|turn|21\n|\n|t:|1698964755\n|move|p1a: Kingambit|Sucker Punch|p2a: Nom\n|-supereffective|p2a: Nom\n|-damage|p2a: Nom|0 fnt\n|-damage|p1a: Kingambit|84\/100|[from] item: Rocky Helmet|[of] p2a: Nom\n|faint|p2a: Nom\n|\n|upkeep\n|\n|t:|1698964767\n|switch|p2a: Candle|Chandelure, F|100\/100\n|turn|22\n|\n|t:|1698964772\n|-end|p1a: Kingambit|fallen2|[silent]\n|switch|p1a: Gliscor|Gliscor, F|68\/100 tox\n|move|p2a: Candle|Calm Mind|p2a: Candle\n|-boost|p2a: Candle|spa|1\n|-boost|p2a: Candle|spd|1\n|\n|-heal|p1a: Gliscor|80\/100 tox|[from] ability: Poison Heal\n|upkeep\n|turn|23\n|\n|t:|1698964784\n|move|p2a: Candle|Fire Blast|p1a: Gliscor\n|-damage|p1a: Gliscor|0 fnt\n|faint|p1a: Gliscor\n|\n|upkeep\n|\n|t:|1698964792\n|switch|p1a: Staraptor|Staraptor, F|100\/100\n|turn|24\n|\n|t:|1698964796\n|move|p1a: Staraptor|Brave Bird|p2a: Candle\n|-damage|p2a: Candle|15\/100\n|-status|p1a: Staraptor|brn|[from] ability: Flame Body|[of] p2a: Candle\n|-damage|p1a: Staraptor|75\/100 brn|[from] Recoil\n|move|p2a: Candle|Fire Blast|p1a: Staraptor|[miss]\n|-miss|p2a: Candle|p1a: Staraptor\n|\n|-damage|p1a: Staraptor|69\/100 brn|[from] brn\n|upkeep\n|turn|25\n|c|\u2606Natnat_24|rip\n|c|\u2606Natnat_24|gg\n|\n|t:|1698964808\n|move|p1a: Staraptor|Brave Bird|p2a: Candle\n|-damage|p2a: Candle|0 fnt\n|faint|p2a: Candle\n|-damage|p1a: Staraptor|64\/100 brn|[from] Recoil\n|\n|win|Natnat_24\n|l|\u2606Gunmarthemafiabear\n|l|\u2606Natnat_24\n|j|\u2606Gunmarthemafiabear\n|player|p2|Gunmarthemafiabear|drayden\n|j|\u2606Natnat_24\n|player|p1|Natnat_24|emmet\n","uploadtime":1698965516,"views":5,"p1id":"natnat24","p2id":"gunmarthemafiabear","formatid":"gen9ubers","rating":0,"private":0,"password":""}