{"id":"gen9ubers-1988921949","p1":"IlluChaos","p2":"Keksyyy","format":"[Gen 9] Ubers","log":"|j|\u2606IlluChaos\n|j|\u2606Keksyyy\n|t:|1699788282\n|gametype|singles\n|player|p1|IlluChaos|elesa|\n|player|p2|Keksyyy|madame-gen4|\n|teamsize|p1|6\n|teamsize|p2|6\n|gen|9\n|tier|[Gen 9] Ubers\n|rule|Sleep Clause Mod: Limit one foe put to sleep\n|rule|Species Clause: Limit one of each Pok\u00e9mon\n|rule|OHKO Clause: OHKO moves are banned\n|rule|Evasion Items Clause: Evasion items are banned\n|rule|Evasion Moves Clause: Evasion moves are banned\n|rule|Endless Battle Clause: Forcing endless battles is banned\n|rule|HP Percentage Mod: HP is shown in percentages\n|clearpoke\n|poke|p1|Zacian-*|\n|poke|p1|Dondozo, M|\n|poke|p1|Palkia|\n|poke|p1|Mandibuzz, F|\n|poke|p1|Torterra, M|\n|poke|p1|Clodsire, M|\n|poke|p2|Jirachi|\n|poke|p2|Sandy Shocks|\n|poke|p2|Alomomola, F|\n|poke|p2|Sneasler, F|\n|poke|p2|Shaymin-Sky|\n|poke|p2|Goodra-Hisui, M|\n|teampreview\n|c|\u2606IlluChaos|gl hf\n|c|\u2606Keksyyy|Viel Spa\u00df und Erfolg :)\n|\n|t:|1699788376\n|start\n|switch|p1a: Clodsire|Clodsire, M, shiny|100\/100\n|switch|p2a: S'yne|Sneasler, F|100\/100\n|-ability|p2a: S'yne|Pressure\n|turn|1\n|\n|t:|1699788457\n|move|p2a: S'yne|U-turn|p1a: Clodsire\n|-resisted|p1a: Clodsire\n|-damage|p1a: Clodsire|88\/100\n|\n|t:|1699788498\n|switch|p2a: Naofumi Iwatani|Shaymin-Sky|100\/100|[from] U-turn\n|move|p1a: Clodsire|Stealth Rock|p2a: Naofumi Iwatani\n|-sidestart|p2: Keksyyy|move: Stealth Rock\n|\n|-heal|p1a: Clodsire|94\/100|[from] item: Black Sludge\n|upkeep\n|turn|2\n|\n|t:|1699788516\n|move|p2a: Naofumi Iwatani|Substitute|p2a: Naofumi Iwatani\n|-start|p2a: Naofumi Iwatani|Substitute\n|-damage|p2a: Naofumi Iwatani|76\/100\n|move|p1a: Clodsire|Toxic||[still]\n|-fail|p1a: Clodsire\n|\n|-heal|p1a: Clodsire|99\/100|[from] item: Black Sludge\n|upkeep\n|turn|3\n|\n|t:|1699788539\n|switch|p1a: Torterra|Torterra, M, shiny|100\/100\n|move|p2a: Naofumi Iwatani|Air Slash|p1a: Torterra\n|-supereffective|p1a: Torterra\n|-damage|p1a: Torterra|35\/100\n|\n|upkeep\n|turn|4\n|\n|t:|1699788547\n|-terastallize|p1a: Torterra|Steel\n|move|p2a: Naofumi Iwatani|Air Slash|p1a: Torterra\n|-resisted|p1a: Torterra\n|-damage|p1a: Torterra|17\/100\n|cant|p1a: Torterra|flinch\n|\n|upkeep\n|turn|5\n|\n|t:|1699788564\n|move|p2a: Naofumi Iwatani|Air Slash|p1a: Torterra\n|-resisted|p1a: Torterra\n|-damage|p1a: Torterra|0 fnt\n|faint|p1a: Torterra\n|\n|upkeep\n|\n|t:|1699788579\n|switch|p1a: Palkia|Palkia|100\/100\n|-ability|p1a: Palkia|Pressure\n|turn|6\n|\n|t:|1699788587\n|move|p1a: Palkia|Draco Meteor|p2a: Naofumi Iwatani|[miss]\n|-miss|p1a: Palkia|p2a: Naofumi Iwatani\n|move|p2a: Naofumi Iwatani|Leech Seed|p1a: Palkia\n|-start|p1a: Palkia|move: Leech Seed\n|\n|-damage|p1a: Palkia|88\/100|[from] Leech Seed|[of] p2a: Naofumi Iwatani\n|-heal|p2a: Naofumi Iwatani|90\/100|[silent]\n|upkeep\n|turn|7\n|\n|t:|1699788614\n|move|p2a: Naofumi Iwatani|Protect|p2a: Naofumi Iwatani\n|-singleturn|p2a: Naofumi Iwatani|Protect\n|move|p1a: Palkia|Draco Meteor|p2a: Naofumi Iwatani\n|-activate|p2a: Naofumi Iwatani|move: Protect\n|\n|-damage|p1a: Palkia|76\/100|[from] Leech Seed|[of] p2a: Naofumi Iwatani\n|-heal|p2a: Naofumi Iwatani|100\/100|[silent]\n|upkeep\n|turn|8\n|\n|t:|1699788635\n|move|p1a: Palkia|Draco Meteor|p2a: Naofumi Iwatani\n|-end|p2a: Naofumi Iwatani|Substitute\n|-unboost|p1a: Palkia|spa|2\n|move|p2a: Naofumi Iwatani|Substitute|p2a: Naofumi Iwatani\n|-start|p2a: Naofumi Iwatani|Substitute\n|-damage|p2a: Naofumi Iwatani|76\/100\n|\n|-damage|p1a: Palkia|64\/100|[from] Leech Seed|[of] p2a: Naofumi Iwatani\n|-heal|p2a: Naofumi Iwatani|90\/100|[silent]\n|upkeep\n|turn|9\n|\n|t:|1699788668\n|switch|p1a: Mandibuzz|Mandibuzz, F|100\/100\n|move|p2a: Naofumi Iwatani|Protect||[still]\n|-fail|p2a: Naofumi Iwatani\n|\n|upkeep\n|turn|10\n|\n|t:|1699788690\n|move|p2a: Naofumi Iwatani|Leech Seed|p1a: Mandibuzz\n|-start|p1a: Mandibuzz|move: Leech Seed\n|move|p1a: Mandibuzz|Foul Play|p2a: Naofumi Iwatani\n|-activate|p2a: Naofumi Iwatani|move: Substitute|[damage]\n|\n|-damage|p1a: Mandibuzz|88\/100|[from] Leech Seed|[of] p2a: Naofumi Iwatani\n|-heal|p2a: Naofumi Iwatani|100\/100|[silent]\n|upkeep\n|turn|11\n|\n|t:|1699788700\n|move|p2a: Naofumi Iwatani|Air Slash|p1a: Mandibuzz\n|-damage|p1a: Mandibuzz|70\/100\n|cant|p1a: Mandibuzz|flinch\n|\n|-heal|p1a: Mandibuzz|76\/100|[from] item: Leftovers\n|-damage|p1a: Mandibuzz|64\/100|[from] Leech Seed|[of] p2a: Naofumi Iwatani\n|upkeep\n|turn|12\n|\n|t:|1699788707\n|move|p2a: Naofumi Iwatani|Air Slash|p1a: Mandibuzz\n|-damage|p1a: Mandibuzz|45\/100\n|cant|p1a: Mandibuzz|flinch\n|\n|-heal|p1a: Mandibuzz|51\/100|[from] item: Leftovers\n|-damage|p1a: Mandibuzz|38\/100|[from] Leech Seed|[of] p2a: Naofumi Iwatani\n|upkeep\n|turn|13\n|\n|t:|1699788717\n|move|p2a: Naofumi Iwatani|Air Slash|p1a: Mandibuzz\n|-damage|p1a: Mandibuzz|20\/100\n|move|p1a: Mandibuzz|Roost|p1a: Mandibuzz\n|-heal|p1a: Mandibuzz|70\/100\n|-singleturn|p1a: Mandibuzz|move: Roost\n|\n|-heal|p1a: Mandibuzz|76\/100|[from] item: Leftovers\n|-damage|p1a: Mandibuzz|63\/100|[from] Leech Seed|[of] p2a: Naofumi Iwatani\n|upkeep\n|turn|14\n|\n|t:|1699788730\n|switch|p1a: Zacian|Zacian|100\/100\n|-ability|p1a: Zacian|Intrepid Sword|boost\n|-boost|p1a: Zacian|atk|1\n|move|p2a: Naofumi Iwatani|Air Slash|p1a: Zacian\n|-damage|p1a: Zacian|74\/100\n|\n|upkeep\n|turn|15\n|\n|t:|1699788741\n|move|p1a: Zacian|Crunch|p2a: Naofumi Iwatani\n|-end|p2a: Naofumi Iwatani|Substitute\n|move|p2a: Naofumi Iwatani|Leech Seed|p1a: Zacian\n|-start|p1a: Zacian|move: Leech Seed\n|\n|-damage|p1a: Zacian|62\/100|[from] Leech Seed|[of] p2a: Naofumi Iwatani\n|upkeep\n|turn|16\n|\n|t:|1699788758\n|move|p2a: Naofumi Iwatani|Protect|p2a: Naofumi Iwatani\n|-singleturn|p2a: Naofumi Iwatani|Protect\n|move|p1a: Zacian|Crunch|p2a: Naofumi Iwatani\n|-activate|p2a: Naofumi Iwatani|move: Protect\n|\n|-damage|p1a: Zacian|49\/100|[from] Leech Seed|[of] p2a: Naofumi Iwatani\n|upkeep\n|turn|17\n|\n|t:|1699788771\n|move|p1a: Zacian|Crunch|p2a: Naofumi Iwatani\n|-damage|p2a: Naofumi Iwatani|46\/100\n|move|p2a: Naofumi Iwatani|Air Slash|p1a: Zacian\n|-damage|p1a: Zacian|22\/100\n|\n|-damage|p1a: Zacian|10\/100|[from] Leech Seed|[of] p2a: Naofumi Iwatani\n|-heal|p2a: Naofumi Iwatani|59\/100|[silent]\n|upkeep\n|turn|18\n|\n|t:|1699788779\n|switch|p1a: Palkia|Palkia|64\/100\n|-ability|p1a: Palkia|Pressure\n|move|p2a: Naofumi Iwatani|Protect||[still]\n|-fail|p2a: Naofumi Iwatani\n|\n|upkeep\n|turn|19\n|\n|t:|1699788820\n|switch|p2a: Glass|Jirachi, shiny|100\/100\n|-damage|p2a: Glass|94\/100|[from] Stealth Rock\n|move|p1a: Palkia|Draco Meteor|p2a: Glass\n|-resisted|p2a: Glass\n|-damage|p2a: Glass|61\/100\n|-unboost|p1a: Palkia|spa|2\n|\n|upkeep\n|turn|20\n|\n|t:|1699788839\n|switch|p1a: Clodsire|Clodsire, M, shiny|99\/100\n|move|p2a: Glass|Wish|p2a: Glass\n|\n|-heal|p1a: Clodsire|100\/100|[from] item: Black Sludge\n|upkeep\n|turn|21\n|\n|t:|1699788888\n|switch|p2a: Naofumi Iwatani|Shaymin-Sky|59\/100\n|-damage|p2a: Naofumi Iwatani|34\/100|[from] Stealth Rock\n|move|p1a: Clodsire|Earthquake|p2a: Naofumi Iwatani\n|-immune|p2a: Naofumi Iwatani\n|\n|-heal|p2a: Naofumi Iwatani|85\/100|[from] move: Wish|[wisher] Glass\n|upkeep\n|turn|22\n|\n|t:|1699788901\n|switch|p1a: Zacian|Zacian|10\/100\n|move|p2a: Naofumi Iwatani|Substitute|p2a: Naofumi Iwatani\n|-start|p2a: Naofumi Iwatani|Substitute\n|-damage|p2a: Naofumi Iwatani|60\/100\n|\n|upkeep\n|turn|23\n|\n|t:|1699788910\n|move|p1a: Zacian|Crunch|p2a: Naofumi Iwatani\n|-end|p2a: Naofumi Iwatani|Substitute\n|move|p2a: Naofumi Iwatani|Leech Seed|p1a: Zacian\n|-start|p1a: Zacian|move: Leech Seed\n|\n|-damage|p1a: Zacian|0 fnt|[from] Leech Seed|[of] p2a: Naofumi Iwatani\n|-heal|p2a: Naofumi Iwatani|69\/100|[silent]\n|faint|p1a: Zacian\n|upkeep\n|\n|t:|1699788920\n|switch|p1a: Palkia|Palkia|64\/100\n|-ability|p1a: Palkia|Pressure\n|turn|24\n|\n|t:|1699788929\n|move|p2a: Naofumi Iwatani|Protect|p2a: Naofumi Iwatani\n|-singleturn|p2a: Naofumi Iwatani|Protect\n|move|p1a: Palkia|Draco Meteor|p2a: Naofumi Iwatani\n|-activate|p2a: Naofumi Iwatani|move: Protect\n|\n|upkeep\n|turn|25\n|\n|t:|1699788974\n|switch|p1a: Clodsire|Clodsire, M, shiny|100\/100\n|switch|p2a: Melty Q. Melromac|Alomomola, F, shiny|100\/100\n|-damage|p2a: Melty Q. Melromac|88\/100|[from] Stealth Rock\n|\n|upkeep\n|turn|26\n|\n|t:|1699788984\n|move|p2a: Melty Q. Melromac|Wish|p2a: Melty Q. Melromac\n|move|p1a: Clodsire|Toxic|p2a: Melty Q. Melromac\n|-status|p2a: Melty Q. Melromac|tox\n|\n|-damage|p2a: Melty Q. Melromac|82\/100 tox|[from] psn\n|upkeep\n|turn|27\n|\n|t:|1699789004\n|switch|p1a: Palkia|Palkia|64\/100\n|-ability|p1a: Palkia|Pressure\n|move|p2a: Melty Q. Melromac|Flip Turn|p1a: Palkia\n|-resisted|p1a: Palkia\n|-damage|p1a: Palkia|60\/100\n|\n|t:|1699789020\n|switch|p2a: Glass|Jirachi, shiny|61\/100|[from] Flip Turn\n|-damage|p2a: Glass|55\/100|[from] Stealth Rock\n|\n|-heal|p2a: Glass|100\/100|[from] move: Wish|[wisher] Melty Q. Melromac\n|upkeep\n|turn|28\n|\n|t:|1699789055\n|move|p1a: Palkia|Hydro Pump|p2a: Glass\n|-damage|p2a: Glass|51\/100\n|move|p2a: Glass|Cosmic Power|p2a: Glass\n|-boost|p2a: Glass|def|1\n|-boost|p2a: Glass|spd|1\n|\n|upkeep\n|turn|29\n|\n|t:|1699789121\n|switch|p1a: Clodsire|Clodsire, M, shiny|100\/100\n|move|p2a: Glass|Drain Punch|p1a: Clodsire\n|-resisted|p1a: Clodsire\n|-damage|p1a: Clodsire|92\/100\n|-heal|p2a: Glass|56\/100|[from] drain|[of] p1a: Clodsire\n|\n|-heal|p1a: Clodsire|98\/100|[from] item: Black Sludge\n|upkeep\n|turn|30\n|\n|t:|1699789138\n|switch|p2a: Melty Q. Melromac|Alomomola, F, shiny|100\/100 tox\n|-damage|p2a: Melty Q. Melromac|88\/100 tox|[from] Stealth Rock\n|move|p1a: Clodsire|Earthquake|p2a: Melty Q. Melromac\n|-damage|p2a: Melty Q. Melromac|72\/100 tox\n|\n|-heal|p1a: Clodsire|100\/100|[from] item: Black Sludge\n|-damage|p2a: Melty Q. Melromac|66\/100 tox|[from] psn\n|upkeep\n|turn|31\n|\n|t:|1699789182\n|switch|p1a: Dondozo|Dondozo, M|100\/100\n|move|p2a: Melty Q. Melromac|Wish|p2a: Melty Q. Melromac\n|\n|-damage|p2a: Melty Q. Melromac|54\/100 tox|[from] psn\n|upkeep\n|turn|32\n|\n|t:|1699789239\n|move|p2a: Melty Q. Melromac|Flip Turn|p1a: Dondozo\n|-resisted|p1a: Dondozo\n|-damage|p1a: Dondozo|97\/100\n|-damage|p2a: Melty Q. Melromac|37\/100 tox|[from] item: Rocky Helmet|[of] p1a: Dondozo\n|\n|t:|1699789269\n|switch|p2a: Naofumi Iwatani|Shaymin-Sky|69\/100|[from] Flip Turn\n|-damage|p2a: Naofumi Iwatani|45\/100|[from] Stealth Rock\n|move|p1a: Dondozo|Body Press|p2a: Naofumi Iwatani\n|-resisted|p2a: Naofumi Iwatani\n|-damage|p2a: Naofumi Iwatani|32\/100\n|\n|-heal|p2a: Naofumi Iwatani|98\/100|[from] move: Wish|[wisher] Melty Q. Melromac\n|upkeep\n|turn|33\n|\n|t:|1699789313\n|switch|p1a: Palkia|Palkia|60\/100\n|-ability|p1a: Palkia|Pressure\n|move|p2a: Naofumi Iwatani|Leech Seed|p1a: Palkia|[miss]\n|-miss|p2a: Naofumi Iwatani|p1a: Palkia\n|\n|upkeep\n|turn|34\n|\n|t:|1699789359\n|move|p1a: Palkia|Draco Meteor|p2a: Naofumi Iwatani\n|-damage|p2a: Naofumi Iwatani|4\/100\n|-unboost|p1a: Palkia|spa|2\n|move|p2a: Naofumi Iwatani|Leech Seed|p1a: Palkia\n|-start|p1a: Palkia|move: Leech Seed\n|\n|-damage|p1a: Palkia|48\/100|[from] Leech Seed|[of] p2a: Naofumi Iwatani\n|-heal|p2a: Naofumi Iwatani|18\/100|[silent]\n|upkeep\n|turn|35\n|\n|t:|1699789368\n|switch|p1a: Mandibuzz|Mandibuzz, F|63\/100\n|move|p2a: Naofumi Iwatani|Protect||[still]\n|-fail|p2a: Naofumi Iwatani\n|\n|-heal|p1a: Mandibuzz|70\/100|[from] item: Leftovers\n|upkeep\n|turn|36\n|\n|t:|1699789394\n|move|p2a: Naofumi Iwatani|Protect|p2a: Naofumi Iwatani\n|-singleturn|p2a: Naofumi Iwatani|Protect\n|move|p1a: Mandibuzz|Knock Off|p2a: Naofumi Iwatani\n|-activate|p2a: Naofumi Iwatani|move: Protect\n|\n|-heal|p1a: Mandibuzz|76\/100|[from] item: Leftovers\n|upkeep\n|turn|37\n|\n|t:|1699789440\n|move|p2a: Naofumi Iwatani|Leech Seed|p1a: Mandibuzz|[miss]\n|-miss|p2a: Naofumi Iwatani|p1a: Mandibuzz\n|move|p1a: Mandibuzz|Knock Off|p2a: Naofumi Iwatani\n|-damage|p2a: Naofumi Iwatani|0 fnt\n|-enditem|p2a: Naofumi Iwatani|Big Root|[from] move: Knock Off|[of] p1a: Mandibuzz\n|faint|p2a: Naofumi Iwatani\n|\n|-heal|p1a: Mandibuzz|82\/100|[from] item: Leftovers\n|upkeep\n|\n|t:|1699789444\n|switch|p2a: Sadeena|Sandy Shocks|100\/100\n|-damage|p2a: Sadeena|94\/100|[from] Stealth Rock\n|turn|38\n|\n|t:|1699789544\n|switch|p1a: Clodsire|Clodsire, M, shiny|100\/100\n|move|p2a: Sadeena|Volt Switch|p1a: Clodsire\n|-immune|p1a: Clodsire\n|\n|upkeep\n|turn|39\n|\n|t:|1699789556\n|move|p2a: Sadeena|High Horsepower|p1a: Clodsire\n|-supereffective|p1a: Clodsire\n|-damage|p1a: Clodsire|44\/100\n|move|p1a: Clodsire|Earthquake|p2a: Sadeena\n|-supereffective|p2a: Sadeena\n|-damage|p2a: Sadeena|43\/100\n|\n|-heal|p1a: Clodsire|51\/100|[from] item: Black Sludge\n|upkeep\n|turn|40\n|\n|t:|1699789599\n|switch|p1a: Mandibuzz|Mandibuzz, F|82\/100\n|move|p2a: Sadeena|Reflect|p2a: Sadeena\n|-sidestart|p2: Keksyyy|Reflect\n|\n|-heal|p1a: Mandibuzz|88\/100|[from] item: Leftovers\n|upkeep\n|turn|41\n|\n|t:|1699789610\n|move|p2a: Sadeena|Volt Switch|p1a: Mandibuzz\n|-supereffective|p1a: Mandibuzz\n|-damage|p1a: Mandibuzz|58\/100\n|j| Yahoo12\n|l| Yahoo12\n|\n|t:|1699789632\n|-end|p2a: Sadeena|Protosynthesis|[silent]\n|switch|p2a: Melty Q. Melromac|Alomomola, F, shiny|71\/100 tox|[from] Volt Switch\n|-damage|p2a: Melty Q. Melromac|58\/100 tox|[from] Stealth Rock\n|move|p1a: Mandibuzz|Knock Off|p2a: Melty Q. Melromac\n|-damage|p2a: Melty Q. Melromac|51\/100 tox\n|-damage|p1a: Mandibuzz|42\/100|[from] item: Rocky Helmet|[of] p2a: Melty Q. Melromac\n|-enditem|p2a: Melty Q. Melromac|Rocky Helmet|[from] move: Knock Off|[of] p1a: Mandibuzz\n|\n|-heal|p1a: Mandibuzz|48\/100|[from] item: Leftovers\n|-damage|p2a: Melty Q. Melromac|45\/100 tox|[from] psn\n|upkeep\n|turn|42\n|\n|t:|1699789645\n|move|p1a: Mandibuzz|Roost|p1a: Mandibuzz\n|-heal|p1a: Mandibuzz|98\/100\n|-singleturn|p1a: Mandibuzz|move: Roost\n|move|p2a: Melty Q. Melromac|Wish|p2a: Melty Q. Melromac\n|\n|-heal|p1a: Mandibuzz|100\/100|[from] item: Leftovers\n|-damage|p2a: Melty Q. Melromac|33\/100 tox|[from] psn\n|upkeep\n|turn|43\n|\n|t:|1699789657\n|switch|p1a: Clodsire|Clodsire, M, shiny|51\/100\n|move|p2a: Melty Q. Melromac|Flip Turn|p1a: Clodsire\n|-supereffective|p1a: Clodsire\n|-damage|p1a: Clodsire|20\/100\n|\n|t:|1699789730\n|switch|p2a: Sadeena|Sandy Shocks|43\/100|[from] Flip Turn\n|-damage|p2a: Sadeena|37\/100|[from] Stealth Rock\n|\n|-heal|p2a: Sadeena|100\/100|[from] move: Wish|[wisher] Melty Q. Melromac\n|-heal|p1a: Clodsire|26\/100|[from] item: Black Sludge\n|upkeep\n|turn|44\n|\n|t:|1699789741\n|move|p2a: Sadeena|High Horsepower|p1a: Clodsire\n|-supereffective|p1a: Clodsire\n|-damage|p1a: Clodsire|0 fnt\n|faint|p1a: Clodsire\n|\n|upkeep\n|\n|t:|1699789793\n|switch|p1a: Palkia|Palkia|48\/100\n|-ability|p1a: Palkia|Pressure\n|turn|45\n|\n|t:|1699789815\n|-end|p2a: Sadeena|Protosynthesis|[silent]\n|switch|p2a: Ost|Goodra-Hisui, M|100\/100\n|-damage|p2a: Ost|94\/100|[from] Stealth Rock\n|move|p1a: Palkia|Earth Power|p2a: Ost\n|-supereffective|p2a: Ost\n|-damage|p2a: Ost|46\/100\n|\n|-heal|p2a: Ost|52\/100|[from] item: Leftovers\n|upkeep\n|turn|46\n|\n|t:|1699789871\n|switch|p1a: Dondozo|Dondozo, M|97\/100\n|move|p2a: Ost|Body Press|p1a: Dondozo\n|-damage|p1a: Dondozo|86\/100\n|-damage|p2a: Ost|35\/100|[from] item: Rocky Helmet|[of] p1a: Dondozo\n|\n|-heal|p2a: Ost|42\/100|[from] item: Leftovers\n|upkeep\n|turn|47\n|\n|t:|1699789886\n|move|p2a: Ost|Curse|p2a: Ost\n|-unboost|p2a: Ost|spe|1\n|-boost|p2a: Ost|atk|1\n|-boost|p2a: Ost|def|1\n|move|p1a: Dondozo|Yawn|p2a: Ost\n|-start|p2a: Ost|move: Yawn|[of] p1a: Dondozo\n|\n|-heal|p2a: Ost|48\/100|[from] item: Leftovers\n|-sideend|p2: Keksyyy|Reflect\n|upkeep\n|turn|48\n|\n|t:|1699789902\n|move|p1a: Dondozo|Body Press|p2a: Ost\n|-supereffective|p2a: Ost\n|-damage|p2a: Ost|5\/100\n|move|p2a: Ost|Rest|p2a: Ost\n|-status|p2a: Ost|slp|[from] move: Rest\n|-heal|p2a: Ost|100\/100 slp|[silent]\n|\n|-end|p2a: Ost|move: Yawn|[silent]\n|upkeep\n|turn|49\n|\n|t:|1699789936\n|move|p1a: Dondozo|Body Press|p2a: Ost\n|-supereffective|p2a: Ost\n|-damage|p2a: Ost|59\/100 slp\n|cant|p2a: Ost|slp\n|\n|-heal|p2a: Ost|65\/100 slp|[from] item: Leftovers\n|upkeep\n|turn|50\n|\n|t:|1699789946\n|move|p1a: Dondozo|Body Press|p2a: Ost\n|-supereffective|p2a: Ost\n|-damage|p2a: Ost|25\/100 slp\n|cant|p2a: Ost|slp\n|\n|-heal|p2a: Ost|31\/100 slp|[from] item: Leftovers\n|upkeep\n|turn|51\n|\n|t:|1699789965\n|move|p1a: Dondozo|Body Press|p2a: Ost\n|-supereffective|p2a: Ost\n|-damage|p2a: Ost|0 fnt\n|faint|p2a: Ost\n|\n|upkeep\n|\n|t:|1699789980\n|switch|p2a: Sadeena|Sandy Shocks|100\/100\n|-damage|p2a: Sadeena|94\/100|[from] Stealth Rock\n|turn|52\n|\n|t:|1699790006\n|move|p2a: Sadeena|Volt Switch|p1a: Dondozo\n|-supereffective|p1a: Dondozo\n|-damage|p1a: Dondozo|39\/100\n|\n|t:|1699790015\n|-end|p2a: Sadeena|Protosynthesis|[silent]\n|switch|p2a: Glass|Jirachi, shiny|56\/100|[from] Volt Switch\n|-damage|p2a: Glass|50\/100|[from] Stealth Rock\n|move|p1a: Dondozo|Body Press|p2a: Glass\n|-damage|p2a: Glass|26\/100\n|\n|upkeep\n|turn|53\n|\n|t:|1699790042\n|move|p2a: Glass|Wish|p2a: Glass\n|move|p1a: Dondozo|Body Press|p2a: Glass\n|-damage|p2a: Glass|3\/100\n|\n|upkeep\n|turn|54\n|\n|t:|1699790073\n|switch|p2a: Sadeena|Sandy Shocks|94\/100\n|-damage|p2a: Sadeena|88\/100|[from] Stealth Rock\n|move|p1a: Dondozo|Body Press|p2a: Sadeena\n|-damage|p2a: Sadeena|63\/100\n|\n|-heal|p2a: Sadeena|100\/100|[from] move: Wish|[wisher] Glass\n|upkeep\n|turn|55\n|\n|t:|1699790092\n|move|p2a: Sadeena|Volt Switch|p1a: Dondozo\n|-supereffective|p1a: Dondozo\n|-damage|p1a: Dondozo|0 fnt\n|faint|p1a: Dondozo\n|\n|t:|1699790102\n|-end|p2a: Sadeena|Protosynthesis|[silent]\n|switch|p2a: Melty Q. Melromac|Alomomola, F, shiny|66\/100 tox|[from] Volt Switch\n|-damage|p2a: Melty Q. Melromac|54\/100 tox|[from] Stealth Rock\n|\n|-damage|p2a: Melty Q. Melromac|48\/100 tox|[from] psn\n|upkeep\n|\n|t:|1699790111\n|switch|p1a: Palkia|Palkia|48\/100\n|-ability|p1a: Palkia|Pressure\n|turn|56\n|\n|t:|1699790168\n|move|p1a: Palkia|Earth Power|p2a: Melty Q. Melromac\n|-damage|p2a: Melty Q. Melromac|3\/100 tox\n|move|p2a: Melty Q. Melromac|Wish|p2a: Melty Q. Melromac\n|\n|-damage|p2a: Melty Q. Melromac|0 fnt|[from] psn\n|faint|p2a: Melty Q. Melromac\n|upkeep\n|c|\u2606IlluChaos|was ist das f\u00fcr nen Match?\n|c|\u2606Keksyyy|wei\u00df nicht\n|c|\u2606Keksyyy|Dachte ich spiele Stall aber dann kamen pl\u00f6tzlich zweimal Unaware Mons\n|\n|t:|1699790255\n|switch|p2a: Sadeena|Sandy Shocks|100\/100\n|-damage|p2a: Sadeena|94\/100|[from] Stealth Rock\n|turn|57\n|\n|t:|1699790295\n|move|p1a: Palkia|Earth Power|p2a: Sadeena\n|-supereffective|p2a: Sadeena\n|-damage|p2a: Sadeena|10\/100\n|move|p2a: Sadeena|Volt Switch|p1a: Palkia\n|-damage|p1a: Palkia|26\/100\n|c|\u2606IlluChaos|Das 2te Unaware Mon kam erst jetzt dazu xD\n|\n|t:|1699790337\n|-end|p2a: Sadeena|Protosynthesis|[silent]\n|switch|p2a: S'yne|Sneasler, F|100\/100|[from] Volt Switch\n|-damage|p2a: S'yne|95\/100|[from] Stealth Rock\n|-ability|p2a: S'yne|Pressure\n|\n|-heal|p2a: S'yne|100\/100|[from] move: Wish|[wisher] Melty Q. Melromac\n|upkeep\n|turn|58\n|\n|t:|1699790373\n|move|p1a: Palkia|Earth Power|p2a: S'yne\n|-supereffective|p2a: S'yne\n|-damage|p2a: S'yne|0 fnt\n|faint|p2a: S'yne\n|\n|upkeep\n|\n|t:|1699790378\n|switch|p2a: Glass|Jirachi, shiny|3\/100\n|-damage|p2a: Glass|0 fnt|[from] Stealth Rock\n|faint|p2a: Glass\n|\n|t:|1699790382\n|switch|p2a: Sadeena|Sandy Shocks|10\/100\n|-damage|p2a: Sadeena|4\/100|[from] Stealth Rock\n|turn|59\n|\n|t:|1699790396\n|move|p1a: Palkia|Earth Power|p2a: Sadeena\n|-supereffective|p2a: Sadeena\n|-damage|p2a: Sadeena|0 fnt\n|faint|p2a: Sadeena\n|-end|p2a: Sadeena|Protosynthesis|[silent]\n|\n|win|IlluChaos\n|c|\u2606Keksyyy|gg\n|c|\u2606IlluChaos|gg\n|c|\u2606Keksyyy|waren ein paar max Rolls zuviel\n|c|\u2606IlluChaos|echt?\n|c|\u2606IlluChaos|wie mies\n|c|\u2606Keksyyy|JA\n|c|\u2606IlluChaos|schickst du?\n","uploadtime":1699790411,"views":14,"p1id":"illuchaos","p2id":"keksyyy","formatid":"gen9ubers","rating":0,"private":0,"password":""}