{"id":"gen9ubers-1983556948","p1":"pokmebalz","p2":"AubreyOmori1","format":"[Gen 9] Ubers","log":"|j|\u2606pokmebalz\n|j|\u2606AubreyOmori1\n|t:|1699143098\n|gametype|singles\n|player|p1|pokmebalz|170|1262\n|player|p2|AubreyOmori1|roxie|1373\n|teamsize|p1|6\n|teamsize|p2|6\n|gen|9\n|tier|[Gen 9] Ubers\n|rated|\n|rule|Sleep Clause Mod: Limit one foe put to sleep\n|rule|Species Clause: Limit one of each Pok\u00e9mon\n|rule|OHKO Clause: OHKO moves are banned\n|rule|Evasion Items Clause: Evasion items are banned\n|rule|Evasion Moves Clause: Evasion moves are banned\n|rule|Endless Battle Clause: Forcing endless battles is banned\n|rule|HP Percentage Mod: HP is shown in percentages\n|clearpoke\n|poke|p1|Arceus|\n|poke|p1|Clodsire, M|\n|poke|p1|Kyogre|\n|poke|p1|Calyrex-Ice|\n|poke|p1|Regieleki|\n|poke|p1|Meowscarada, F|\n|poke|p2|Ribombee, F|\n|poke|p2|Arceus|\n|poke|p2|Miraidon|\n|poke|p2|Zacian-*|\n|poke|p2|Koraidon|\n|poke|p2|Flutter Mane|\n|teampreview\n|\n|t:|1699143105\n|start\n|switch|p1a: Calyrex|Calyrex-Ice|100\/100\n|switch|p2a: Needle|Ribombee, F, shiny|100\/100\n|-ability|p1a: Calyrex|As One\n|-ability|p1a: Calyrex|Unnerve\n|turn|1\n|inactive|Battle timer is ON: inactive players will automatically lose when time's up. (requested by pokmebalz)\n|\n|t:|1699143110\n|move|p2a: Needle|Sticky Web|p1a: Calyrex\n|-sidestart|p1: pokmebalz|move: Sticky Web\n|move|p1a: Calyrex|Icicle Spear|p2a: Needle\n|-damage|p2a: Needle|70\/100\n|-damage|p2a: Needle|40\/100\n|-hitcount|p2a: Needle|2\n|\n|upkeep\n|turn|2\n|\n|t:|1699143119\n|move|p2a: Needle|Stun Spore|p1a: Calyrex\n|-status|p1a: Calyrex|par\n|move|p1a: Calyrex|High Horsepower|p2a: Needle\n|-resisted|p2a: Needle\n|-damage|p2a: Needle|4\/100\n|\n|upkeep\n|turn|3\n|\n|t:|1699143125\n|move|p2a: Needle|Moonblast|p1a: Calyrex\n|-damage|p1a: Calyrex|82\/100 par\n|move|p1a: Calyrex|Icicle Spear|p2a: Needle\n|-damage|p2a: Needle|0 fnt\n|faint|p2a: Needle\n|-ability|p1a: Calyrex|Chilling Neigh|boost\n|-boost|p1a: Calyrex|atk|1\n|-hitcount|p2: Needle|1\n|\n|upkeep\n|\n|t:|1699143130\n|switch|p2a: Hero|Zacian-Crowned, shiny|100\/100\n|-ability|p2a: Hero|Intrepid Sword|boost\n|-boost|p2a: Hero|atk|1\n|turn|4\n|\n|t:|1699143144\n|switch|p1a: my log|Clodsire, M|100\/100\n|-activate|p1a: my log|move: Sticky Web\n|-unboost|p1a: my log|spe|1\n|move|p2a: Hero|Behemoth Blade|p1a: my log\n|-damage|p1a: my log|50\/100\n|-damage|p2a: Hero|84\/100|[from] item: Rocky Helmet|[of] p1a: my log\n|\n|upkeep\n|turn|5\n|\n|t:|1699143151\n|move|p2a: Hero|Behemoth Blade|p1a: my log\n|-damage|p1a: my log|1\/100\n|-damage|p2a: Hero|67\/100|[from] item: Rocky Helmet|[of] p1a: my log\n|move|p1a: my log|Recover|p1a: my log\n|-heal|p1a: my log|51\/100\n|\n|upkeep\n|turn|6\n|\n|t:|1699143160\n|move|p2a: Hero|Swords Dance|p2a: Hero\n|-boost|p2a: Hero|atk|2\n|move|p1a: my log|Recover|p1a: my log\n|-heal|p1a: my log|100\/100\n|\n|upkeep\n|turn|7\n|\n|t:|1699143164\n|move|p2a: Hero|Behemoth Blade|p1a: my log\n|-damage|p1a: my log|56\/100\n|-damage|p2a: Hero|51\/100|[from] item: Rocky Helmet|[of] p1a: my log\n|move|p1a: my log|Mud-Slap|p2a: Hero\n|-supereffective|p2a: Hero\n|-damage|p2a: Hero|44\/100\n|-unboost|p2a: Hero|accuracy|1\n|\n|upkeep\n|turn|8\n|\n|t:|1699143170\n|move|p2a: Hero|Behemoth Blade|p1a: my log\n|-damage|p1a: my log|10\/100\n|-damage|p2a: Hero|28\/100|[from] item: Rocky Helmet|[of] p1a: my log\n|move|p1a: my log|Recover|p1a: my log\n|-heal|p1a: my log|60\/100\n|\n|upkeep\n|turn|9\n|\n|t:|1699143177\n|move|p2a: Hero|Behemoth Blade|p1a: my log\n|-damage|p1a: my log|14\/100\n|-damage|p2a: Hero|11\/100|[from] item: Rocky Helmet|[of] p1a: my log\n|move|p1a: my log|Recover|p1a: my log\n|-heal|p1a: my log|64\/100\n|\n|upkeep\n|turn|10\n|\n|t:|1699143181\n|move|p2a: Hero|Behemoth Blade|p1a: my log\n|-damage|p1a: my log|19\/100\n|-damage|p2a: Hero|0 fnt|[from] item: Rocky Helmet|[of] p1a: my log\n|faint|p2a: Hero\n|move|p1a: my log|Stealth Rock|p2: Hero\n|-sidestart|p2: AubreyOmori1|move: Stealth Rock\n|\n|upkeep\n|\n|t:|1699143186\n|switch|p2a: Yoshi|Koraidon|100\/100\n|-damage|p2a: Yoshi|94\/100|[from] Stealth Rock\n|-weather|SunnyDay|[from] ability: Orichalcum Pulse|[of] p2a: Yoshi\n|-activate|p2a: Yoshi|Orichalcum Pulse|[source]\n|turn|11\n|\n|t:|1699143193\n|move|p2a: Yoshi|Scale Shot|p1a: my log\n|-damage|p1a: my log|6\/100\n|-damage|p1a: my log|0 fnt\n|faint|p1a: my log\n|-hitcount|p1: my log|2\n|-unboost|p2a: Yoshi|def|1\n|-boost|p2a: Yoshi|spe|1\n|\n|-weather|SunnyDay|[upkeep]\n|upkeep\n|\n|t:|1699143203\n|switch|p1a: Regieleki|Regieleki|100\/100\n|turn|12\n|\n|t:|1699143213\n|-terastallize|p2a: Yoshi|Ghost\n|move|p2a: Yoshi|Swords Dance|p2a: Yoshi\n|-boost|p2a: Yoshi|atk|2\n|move|p1a: Regieleki|Rapid Spin|p2a: Yoshi\n|-immune|p2a: Yoshi\n|\n|-weather|SunnyDay|[upkeep]\n|upkeep\n|turn|13\n|\n|t:|1699143221\n|move|p2a: Yoshi|Scale Shot|p1a: Regieleki\n|-damage|p1a: Regieleki|27\/100\n|-damage|p1a: Regieleki|0 fnt\n|faint|p1a: Regieleki\n|-hitcount|p1: Regieleki|2\n|-unboost|p2a: Yoshi|def|1\n|-boost|p2a: Yoshi|spe|1\n|\n|-weather|SunnyDay|[upkeep]\n|upkeep\n|\n|t:|1699143225\n|switch|p1a: Meowscarada|Meowscarada, F, shiny|100\/100\n|-activate|p1a: Meowscarada|move: Sticky Web\n|-unboost|p1a: Meowscarada|spe|1\n|turn|14\n|\n|t:|1699143229\n|move|p1a: Meowscarada|Sucker Punch|p2a: Yoshi\n|-start|p1a: Meowscarada|typechange|Dark|[from] ability: Protean\n|-supereffective|p2a: Yoshi\n|-damage|p2a: Yoshi|0 fnt\n|faint|p2a: Yoshi\n|\n|-weather|SunnyDay|[upkeep]\n|upkeep\n|\n|t:|1699143234\n|switch|p2a: Robot Flower|Miraidon|100\/100\n|-damage|p2a: Robot Flower|88\/100|[from] Stealth Rock\n|-fieldstart|move: Electric Terrain|[from] ability: Hadron Engine|[of] p2a: Robot Flower\n|turn|15\n|\n|t:|1699143239\n|move|p2a: Robot Flower|Draco Meteor|p1a: Meowscarada\n|-enditem|p1a: Meowscarada|Focus Sash\n|-damage|p1a: Meowscarada|1\/100\n|-unboost|p2a: Robot Flower|spa|2\n|-damage|p2a: Robot Flower|78\/100|[from] item: Life Orb\n|move|p1a: Meowscarada|Knock Off|p2a: Robot Flower\n|-damage|p2a: Robot Flower|25\/100\n|-enditem|p2a: Robot Flower|Life Orb|[from] move: Knock Off|[of] p1a: Meowscarada\n|\n|-weather|none\n|upkeep\n|turn|16\n|\n|t:|1699143250\n|switch|p2a: Shaggy|Arceus|100\/100\n|-damage|p2a: Shaggy|88\/100|[from] Stealth Rock\n|move|p1a: Meowscarada|Sucker Punch||[still]\n|-fail|p1a: Meowscarada\n|\n|upkeep\n|turn|17\n|\n|t:|1699143257\n|switch|p1a: Calyrex|Calyrex-Ice|82\/100 par\n|-ability|p1a: Calyrex|As One\n|-ability|p1a: Calyrex|Unnerve\n|-activate|p1a: Calyrex|move: Sticky Web\n|-unboost|p1a: Calyrex|spe|1\n|move|p2a: Shaggy|Swords Dance|p2a: Shaggy\n|-boost|p2a: Shaggy|atk|2\n|\n|upkeep\n|turn|18\n|\n|t:|1699143267\n|move|p2a: Shaggy|Extreme Speed|p1a: Calyrex\n|-damage|p1a: Calyrex|30\/100 par\n|move|p1a: Calyrex|Crunch|p2a: Shaggy\n|-damage|p2a: Shaggy|64\/100\n|\n|upkeep\n|turn|19\n|\n|t:|1699143274\n|move|p2a: Shaggy|Extreme Speed|p1a: Calyrex\n|-damage|p1a: Calyrex|0 fnt\n|faint|p1a: Calyrex\n|\n|-fieldend|move: Electric Terrain\n|upkeep\n|\n|t:|1699143277\n|switch|p1a: stukinachandelier|Arceus|100\/100\n|-activate|p1a: stukinachandelier|move: Sticky Web\n|-unboost|p1a: stukinachandelier|spe|1\n|turn|20\n|\n|t:|1699143281\n|move|p2a: Shaggy|Taunt|p1a: stukinachandelier\n|-start|p1a: stukinachandelier|move: Taunt\n|cant|p1a: stukinachandelier|move: Taunt|Taunt\n|\n|upkeep\n|turn|21\n|\n|t:|1699143286\n|-terastallize|p1a: stukinachandelier|Normal\n|move|p2a: Shaggy|Extreme Speed|p1a: stukinachandelier\n|-damage|p1a: stukinachandelier|29\/100\n|move|p1a: stukinachandelier|Extreme Speed|p2a: Shaggy\n|-damage|p2a: Shaggy|25\/100\n|\n|-heal|p1a: stukinachandelier|35\/100|[from] item: Leftovers\n|upkeep\n|turn|22\n|\n|t:|1699143297\n|switch|p1a: my knobb|Kyogre, shiny|100\/100\n|-activate|p1a: my knobb|move: Sticky Web\n|-unboost|p1a: my knobb|spe|1\n|-weather|RainDance|[from] ability: Drizzle|[of] p1a: my knobb\n|move|p2a: Shaggy|Extreme Speed|p1a: my knobb\n|-damage|p1a: my knobb|0 fnt\n|faint|p1a: my knobb\n|\n|-weather|RainDance|[upkeep]\n|upkeep\n|\n|t:|1699143300\n|switch|p1a: Meowscarada|Meowscarada, F, shiny|1\/100\n|-activate|p1a: Meowscarada|move: Sticky Web\n|-unboost|p1a: Meowscarada|spe|1\n|turn|23\n|\n|t:|1699143306\n|move|p2a: Shaggy|Extreme Speed|p1a: Meowscarada\n|-damage|p1a: Meowscarada|0 fnt\n|faint|p1a: Meowscarada\n|\n|-weather|RainDance|[upkeep]\n|upkeep\n|c|\u2606AubreyOmori1|gg\n|\n|t:|1699143310\n|switch|p1a: stukinachandelier|Arceus, tera:Normal|35\/100\n|-activate|p1a: stukinachandelier|move: Sticky Web\n|-unboost|p1a: stukinachandelier|spe|1\n|turn|24\n|\n|t:|1699143312\n|move|p2a: Shaggy|Extreme Speed|p1a: stukinachandelier\n|-damage|p1a: stukinachandelier|0 fnt\n|faint|p1a: stukinachandelier\n|\n|win|AubreyOmori1\n|raw|pokmebalz's rating: 1262 &rarr; <strong>1245<\/strong><br \/>(-17 for losing)\n|raw|AubreyOmori1's rating: 1373 &rarr; <strong>1387<\/strong><br \/>(+14 for winning)\n|c|\u2606pokmebalz|gg\n","uploadtime":1699143317,"views":9,"p1id":"pokmebalz","p2id":"aubreyomori1","formatid":"gen9ubers","rating":1245,"private":0,"password":""}