{"id":"gen9ubers-2000671330","p1":"Heero SvV","p2":"wetrat124","format":"[Gen 9] Ubers","log":"|j|\u2606Heero SvV\n|j|\u2606wetrat124\n|t:|1701217002\n|gametype|singles\n|player|p1|Heero SvV|steven|1213\n|player|p2|wetrat124|ghetsis|1248\n|teamsize|p1|6\n|teamsize|p2|6\n|gen|9\n|tier|[Gen 9] Ubers\n|rated|\n|rule|Sleep Clause Mod: Limit one foe put to sleep\n|rule|Species Clause: Limit one of each Pok\u00e9mon\n|rule|OHKO Clause: OHKO moves are banned\n|rule|Evasion Items Clause: Evasion items are banned\n|rule|Evasion Moves Clause: Evasion moves are banned\n|rule|Endless Battle Clause: Forcing endless battles is banned\n|rule|HP Percentage Mod: HP is shown in percentages\n|clearpoke\n|poke|p1|Arceus|\n|poke|p1|Ting-Lu|\n|poke|p1|Azumarill, M|\n|poke|p1|Zacian-*|\n|poke|p1|Koraidon|\n|poke|p1|Kyogre|\n|poke|p2|Sneasler, M|\n|poke|p2|Miraidon|\n|poke|p2|Zacian-*|\n|poke|p2|Annihilape, F|\n|poke|p2|Espathra, F|\n|poke|p2|Volcarona, F|\n|teampreview\n|\n|t:|1701217007\n|start\n|switch|p1a: Koraidon|Koraidon|100\/100\n|switch|p2a: Espathra|Espathra, F|100\/100\n|-weather|SunnyDay|[from] ability: Orichalcum Pulse|[of] p1a: Koraidon\n|-activate|p1a: Koraidon|Orichalcum Pulse|[source]\n|turn|1\n|\n|t:|1701217011\n|-terastallize|p1a: Koraidon|Fire\n|move|p1a: Koraidon|Flare Blitz|p2a: Espathra\n|-damage|p2a: Espathra|0 fnt\n|faint|p2a: Espathra\n|-damage|p1a: Koraidon|69\/100|[from] Recoil\n|\n|-weather|SunnyDay|[upkeep]\n|upkeep\n|\n|t:|1701217031\n|switch|p2a: Zacian|Zacian-Crowned|100\/100\n|-ability|p2a: Zacian|Intrepid Sword|boost\n|-boost|p2a: Zacian|atk|1\n|turn|2\n|\n|t:|1701217033\n|move|p1a: Koraidon|Flare Blitz|p2a: Zacian\n|-supereffective|p2a: Zacian\n|-damage|p2a: Zacian|0 fnt\n|faint|p2a: Zacian\n|-damage|p1a: Koraidon|37\/100|[from] Recoil\n|\n|-weather|SunnyDay|[upkeep]\n|upkeep\n|\n|t:|1701217036\n|switch|p2a: Miraidon|Miraidon|100\/100\n|-fieldstart|move: Electric Terrain|[from] ability: Hadron Engine|[of] p2a: Miraidon\n|turn|3\n|\n|t:|1701217039\n|switch|p1a: Ting-Lu|Ting-Lu|100\/100\n|-ability|p1a: Ting-Lu|Vessel of Ruin\n|move|p2a: Miraidon|Electro Drift|p1a: Ting-Lu\n|-immune|p1a: Ting-Lu\n|\n|-weather|SunnyDay|[upkeep]\n|upkeep\n|turn|4\n|\n|t:|1701217048\n|switch|p2a: Sneasler|Sneasler, M|100\/100\n|-enditem|p2a: Sneasler|Electric Seed\n|-boost|p2a: Sneasler|def|1|[from] item: Electric Seed\n|move|p1a: Ting-Lu|Spikes|p2a: Sneasler\n|-sidestart|p2: wetrat124|Spikes\n|\n|-weather|SunnyDay|[upkeep]\n|upkeep\n|turn|5\n|\n|t:|1701217051\n|move|p2a: Sneasler|Swords Dance|p2a: Sneasler\n|-boost|p2a: Sneasler|atk|2\n|move|p1a: Ting-Lu|Whirlwind|p2a: Sneasler\n|drag|p2a: Annihilape|Annihilape, F|100\/100\n|-damage|p2a: Annihilape|88\/100|[from] Spikes\n|\n|-weather|none\n|upkeep\n|turn|6\n|\n|t:|1701217057\n|switch|p1a: Azumarill|Azumarill, M|100\/100\n|move|p2a: Annihilape|Drain Punch|p1a: Azumarill\n|-resisted|p1a: Azumarill\n|-damage|p1a: Azumarill|86\/100\n|-heal|p2a: Annihilape|95\/100|[from] drain|[of] p1a: Azumarill\n|-damage|p2a: Annihilape|79\/100|[from] item: Rocky Helmet|[of] p1a: Azumarill\n|\n|upkeep\n|turn|7\n|\n|t:|1701217066\n|-terastallize|p2a: Annihilape|Water\n|move|p2a: Annihilape|Bulk Up|p2a: Annihilape\n|-boost|p2a: Annihilape|atk|1\n|-boost|p2a: Annihilape|def|1\n|move|p1a: Azumarill|Encore|p2a: Annihilape\n|-start|p2a: Annihilape|Encore\n|\n|-fieldend|move: Electric Terrain\n|upkeep\n|turn|8\n|\n|t:|1701217076\n|switch|p1a: Kyogre|Kyogre|100\/100\n|-weather|RainDance|[from] ability: Drizzle|[of] p1a: Kyogre\n|move|p2a: Annihilape|Bulk Up|p2a: Annihilape\n|-boost|p2a: Annihilape|atk|1\n|-boost|p2a: Annihilape|def|1\n|\n|-weather|RainDance|[upkeep]\n|upkeep\n|turn|9\n|\n|t:|1701217079\n|move|p1a: Kyogre|Thunder|p2a: Annihilape\n|-supereffective|p2a: Annihilape\n|-damage|p2a: Annihilape|0 fnt\n|faint|p2a: Annihilape\n|\n|-weather|RainDance|[upkeep]\n|upkeep\n|\n|t:|1701217082\n|switch|p2a: Volcarona|Volcarona, F|100\/100\n|turn|10\n|\n|t:|1701217089\n|switch|p1a: Koraidon|Koraidon, tera:Fire|37\/100\n|-weather|SunnyDay|[from] ability: Orichalcum Pulse|[of] p1a: Koraidon\n|-activate|p1a: Koraidon|Orichalcum Pulse|[source]\n|move|p2a: Volcarona|Tera Blast|p1a: Koraidon\n|-damage|p1a: Koraidon|12\/100\n|\n|-weather|SunnyDay|[upkeep]\n|upkeep\n|turn|11\n|\n|t:|1701217095\n|move|p1a: Koraidon|Flare Blitz|p2a: Volcarona\n|-damage|p2a: Volcarona|0 fnt\n|faint|p2a: Volcarona\n|-damage|p1a: Koraidon|0 fnt|[from] Recoil\n|faint|p1a: Koraidon\n|\n|-weather|SunnyDay|[upkeep]\n|upkeep\n|\n|t:|1701217101\n|switch|p1a: Arceus|Arceus|100\/100\n|switch|p2a: Miraidon|Miraidon|100\/100\n|-damage|p2a: Miraidon|88\/100|[from] Spikes\n|-fieldstart|move: Electric Terrain|[from] ability: Hadron Engine|[of] p2a: Miraidon\n|turn|12\n|\n|t:|1701217106\n|switch|p1a: Ting-Lu|Ting-Lu|100\/100\n|-ability|p1a: Ting-Lu|Vessel of Ruin\n|move|p2a: Miraidon|Draco Meteor|p1a: Ting-Lu\n|-damage|p1a: Ting-Lu|46\/100\n|-unboost|p2a: Miraidon|spa|2\n|\n|-weather|SunnyDay|[upkeep]\n|-heal|p1a: Ting-Lu|52\/100|[from] item: Leftovers\n|upkeep\n|turn|13\n|\n|t:|1701217110\n|switch|p2a: Sneasler|Sneasler, M|100\/100\n|-damage|p2a: Sneasler|88\/100|[from] Spikes\n|move|p1a: Ting-Lu|Earthquake|p2a: Sneasler\n|-supereffective|p2a: Sneasler\n|-damage|p2a: Sneasler|0 fnt\n|faint|p2a: Sneasler\n|\n|-weather|SunnyDay|[upkeep]\n|-heal|p1a: Ting-Lu|59\/100|[from] item: Leftovers\n|upkeep\n|-message|wetrat124 forfeited.\n|\n|win|Heero SvV\n|raw|Heero SvV's rating: 1213 &rarr; <strong>1241<\/strong><br \/>(+28 for winning)\n|raw|wetrat124's rating: 1248 &rarr; <strong>1220<\/strong><br \/>(-28 for losing)\n|l|\u2606wetrat124\n","uploadtime":1701217118,"views":3,"p1id":"heerosvv","p2id":"wetrat124","formatid":"gen9ubers","rating":1220,"private":0,"password":""}