{"id":"gen9ubers-1978453941","p1":"Genestealer-harr","p2":"CrackLordGBLN","format":"[Gen 9] Ubers","log":"|j|\u2606Genestealer-harr\n|j|\u2606CrackLordGBLN\n|t:|1698541027\n|gametype|singles\n|player|p1|Genestealer-harr|265|\n|player|p2|CrackLordGBLN|ghetsis|\n|teamsize|p1|6\n|teamsize|p2|6\n|gen|9\n|tier|[Gen 9] Ubers\n|rule|Sleep Clause Mod: Limit one foe put to sleep\n|rule|Species Clause: Limit one of each Pok\u00e9mon\n|rule|OHKO Clause: OHKO moves are banned\n|rule|Evasion Items Clause: Evasion items are banned\n|rule|Evasion Moves Clause: Evasion moves are banned\n|rule|Endless Battle Clause: Forcing endless battles is banned\n|rule|HP Percentage Mod: HP is shown in percentages\n|clearpoke\n|poke|p1|Sneasler, F|\n|poke|p1|Breloom, M|\n|poke|p1|Goodra-Hisui, F|\n|poke|p1|Manaphy|\n|poke|p1|Samurott-Hisui, M|\n|poke|p1|Arceus-Fire|\n|poke|p2|Torkoal, M|\n|poke|p2|Ninetales-Alola, F|\n|poke|p2|Ursaluna-Bloodmoon, M|\n|poke|p2|Chandelure, M|\n|poke|p2|Walking Wake|\n|poke|p2|Pawmot, F|\n|teampreview\n|inactive|Battle timer is ON: inactive players will automatically lose when time's up. (requested by Genestealer-harr)\n|\n|t:|1698541044\n|start\n|switch|p1a: Samurott|Samurott-Hisui, M|100\/100\n|switch|p2a: Buried Alive|Ninetales-Alola, F|100\/100\n|-weather|Snow|[from] ability: Snow Warning|[of] p2a: Buried Alive\n|turn|1\n|\n|t:|1698541059\n|switch|p1a: Manaphy|Manaphy|100\/100\n|move|p2a: Buried Alive|Aurora Veil|p2a: Buried Alive\n|-sidestart|p2: CrackLordGBLN|move: Aurora Veil\n|\n|-weather|Snow|[upkeep]\n|upkeep\n|turn|2\n|\n|t:|1698541070\n|move|p2a: Buried Alive|Nasty Plot|p2a: Buried Alive\n|-boost|p2a: Buried Alive|spa|2\n|move|p1a: Manaphy|Tail Glow|p1a: Manaphy\n|-boost|p1a: Manaphy|spa|3\n|\n|-weather|Snow|[upkeep]\n|upkeep\n|turn|3\n|\n|t:|1698541080\n|move|p2a: Buried Alive|Freeze-Dry|p1a: Manaphy\n|-supereffective|p1a: Manaphy\n|-damage|p1a: Manaphy|24\/100\n|move|p1a: Manaphy|Tail Glow|p1a: Manaphy\n|-boost|p1a: Manaphy|spa|3\n|\n|-weather|Snow|[upkeep]\n|upkeep\n|turn|4\n|\n|t:|1698541089\n|move|p2a: Buried Alive|Freeze-Dry|p1a: Manaphy\n|-supereffective|p1a: Manaphy\n|-damage|p1a: Manaphy|0 fnt\n|faint|p1a: Manaphy\n|\n|-weather|Snow|[upkeep]\n|upkeep\n|\n|t:|1698541095\n|switch|p1a: Sneasler|Sneasler, F|100\/100\n|turn|5\n|\n|t:|1698541106\n|move|p1a: Sneasler|Fake Out|p2a: Buried Alive\n|-enditem|p1a: Sneasler|Normal Gem|[from] gem\n|-damage|p2a: Buried Alive|92\/100\n|cant|p2a: Buried Alive|flinch\n|\n|-weather|none\n|upkeep\n|turn|6\n|\n|t:|1698541120\n|switch|p2a: Headlights|Torkoal, M|100\/100\n|-weather|SunnyDay|[from] ability: Drought|[of] p2a: Headlights\n|move|p1a: Sneasler|Dire Claw|p2a: Headlights\n|-damage|p2a: Headlights|82\/100\n|\n|-weather|SunnyDay|[upkeep]\n|upkeep\n|turn|7\n|\n|t:|1698541136\n|switch|p2a: Really Doe|Chandelure, M|100\/100\n|move|p1a: Sneasler|Close Combat|p2a: Really Doe\n|-immune|p2a: Really Doe\n|\n|-weather|SunnyDay|[upkeep]\n|upkeep\n|turn|8\n|\n|t:|1698541154\n|-terastallize|p1a: Sneasler|Flying\n|move|p1a: Sneasler|Acrobatics|p2a: Really Doe\n|-damage|p2a: Really Doe|66\/100\n|move|p2a: Really Doe|Trick Room|p2a: Really Doe\n|-fieldstart|move: Trick Room|[of] p2a: Really Doe\n|\n|-weather|SunnyDay|[upkeep]\n|-sideend|p2: CrackLordGBLN|move: Aurora Veil\n|upkeep\n|turn|9\n|\n|t:|1698541165\n|move|p2a: Really Doe|Overheat|p1a: Sneasler\n|-crit|p1a: Sneasler\n|-damage|p1a: Sneasler|0 fnt\n|-unboost|p2a: Really Doe|spa|2\n|faint|p1a: Sneasler\n|\n|-weather|SunnyDay|[upkeep]\n|upkeep\n|inactive|Genestealer-harr has 270 seconds left.\n|\n|t:|1698541182\n|switch|p1a: Samurott|Samurott-Hisui, M|100\/100\n|turn|10\n|\n|t:|1698541189\n|move|p2a: Really Doe|Will-O-Wisp|p1a: Samurott\n|-status|p1a: Samurott|brn\n|move|p1a: Samurott|Ceaseless Edge|p2a: Really Doe\n|-supereffective|p2a: Really Doe\n|-damage|p2a: Really Doe|17\/100\n|-sidestart|p2: CrackLordGBLN|Spikes\n|\n|-weather|SunnyDay|[upkeep]\n|-damage|p1a: Samurott|94\/100 brn|[from] brn\n|upkeep\n|turn|11\n|\n|t:|1698541209\n|switch|p2a: King Kunta|Walking Wake|100\/100\n|-damage|p2a: King Kunta|88\/100|[from] Spikes\n|-activate|p2a: King Kunta|ability: Protosynthesis\n|-start|p2a: King Kunta|protosynthesisspe\n|move|p1a: Samurott|Ceaseless Edge|p2a: King Kunta|[miss]\n|-miss|p1a: Samurott|p2a: King Kunta\n|\n|-weather|SunnyDay|[upkeep]\n|-damage|p1a: Samurott|88\/100 brn|[from] brn\n|upkeep\n|turn|12\n|\n|t:|1698541224\n|move|p1a: Samurott|Flip Turn|p2a: King Kunta\n|-resisted|p2a: King Kunta\n|-damage|p2a: King Kunta|86\/100\n|\n|t:|1698541233\n|switch|p1a: Breloom|Breloom, M|100\/100|[from] Flip Turn\n|move|p2a: King Kunta|Draco Meteor|p1a: Breloom\n|-enditem|p1a: Breloom|Focus Sash\n|-damage|p1a: Breloom|1\/100\n|-unboost|p2a: King Kunta|spa|2\n|\n|-weather|SunnyDay|[upkeep]\n|-fieldend|move: Trick Room\n|upkeep\n|turn|13\n|\n|t:|1698541256\n|move|p1a: Breloom|Mach Punch|p2a: King Kunta\n|-damage|p2a: King Kunta|46\/100\n|move|p2a: King Kunta|Draco Meteor|p1a: Breloom\n|-damage|p1a: Breloom|0 fnt\n|-unboost|p2a: King Kunta|spa|2\n|faint|p1a: Breloom\n|\n|-weather|none\n|-end|p2a: King Kunta|Protosynthesis\n|upkeep\n|\n|t:|1698541263\n|switch|p1a: Goodra|Goodra-Hisui, F|100\/100\n|turn|14\n|\n|t:|1698541277\n|-end|p2a: King Kunta|Protosynthesis|[silent]\n|switch|p2a: Headlights|Torkoal, M|82\/100\n|-damage|p2a: Headlights|70\/100|[from] Spikes\n|-weather|SunnyDay|[from] ability: Drought|[of] p2a: Headlights\n|move|p1a: Goodra|Dragon Tail|p2a: Headlights\n|-damage|p2a: Headlights|55\/100\n|drag|p2a: King Kunta|Walking Wake|46\/100\n|-damage|p2a: King Kunta|33\/100|[from] Spikes\n|-activate|p2a: King Kunta|ability: Protosynthesis\n|-start|p2a: King Kunta|protosynthesisspe\n|\n|-weather|SunnyDay|[upkeep]\n|upkeep\n|turn|15\n|\n|t:|1698541296\n|move|p2a: King Kunta|Draco Meteor|p1a: Goodra\n|-damage|p1a: Goodra|46\/100\n|-unboost|p2a: King Kunta|spa|2\n|move|p1a: Goodra|Ice Beam|p2a: King Kunta\n|-damage|p2a: King Kunta|0 fnt\n|faint|p2a: King Kunta\n|-end|p2a: King Kunta|Protosynthesis|[silent]\n|\n|-weather|SunnyDay|[upkeep]\n|upkeep\n|\n|t:|1698541307\n|switch|p2a: knots|Pawmot, F|100\/100\n|-damage|p2a: knots|88\/100|[from] Spikes\n|turn|16\n|\n|t:|1698541317\n|move|p2a: knots|Close Combat|p1a: Goodra\n|-supereffective|p1a: Goodra\n|-damage|p1a: Goodra|0 fnt\n|-unboost|p2a: knots|def|1\n|-unboost|p2a: knots|spd|1\n|faint|p1a: Goodra\n|\n|-weather|SunnyDay|[upkeep]\n|upkeep\n|\n|t:|1698541325\n|switch|p1a: Arceus|Arceus-Fire|100\/100\n|turn|17\n|\n|t:|1698541330\n|move|p1a: Arceus|Calm Mind|p1a: Arceus\n|-boost|p1a: Arceus|spa|1\n|-boost|p1a: Arceus|spd|1\n|move|p2a: knots|Revival Blessing|p2a: knots\n|-enditem|p2a: knots|Leppa Berry|[eat]\n|-activate|p2a: knots|item: Leppa Berry|Revival Blessing|[consumed]\n|\n|t:|1698541336\n|-heal|p2: King Kunta|50\/100|[from] move: Revival Blessing\n|\n|-weather|SunnyDay|[upkeep]\n|upkeep\n|turn|18\n|\n|t:|1698541348\n|move|p1a: Arceus|Calm Mind|p1a: Arceus\n|-boost|p1a: Arceus|spa|1\n|-boost|p1a: Arceus|spd|1\n|move|p2a: knots|Double Shock|p1a: Arceus\n|-damage|p1a: Arceus|69\/100\n|-start|p2a: knots|typechange|???\/Fighting|[from] move: Double Shock\n|\n|-weather|SunnyDay|[upkeep]\n|upkeep\n|turn|19\n|\n|t:|1698541372\n|switch|p2a: Really Doe|Chandelure, M|17\/100\n|move|p1a: Arceus|Judgment|p2a: Really Doe\n|-resisted|p2a: Really Doe\n|-damage|p2a: Really Doe|0 fnt\n|faint|p2a: Really Doe\n|\n|-weather|SunnyDay|[upkeep]\n|upkeep\n|inactive|CrackLordGBLN has 270 seconds left.\n|\n|t:|1698541410\n|switch|p2a: King Kunta|Walking Wake|50\/100\n|-damage|p2a: King Kunta|38\/100|[from] Spikes\n|-activate|p2a: King Kunta|ability: Protosynthesis\n|-start|p2a: King Kunta|protosynthesisspe\n|turn|20\n|\n|t:|1698541421\n|-terastallize|p2a: King Kunta|Water\n|move|p2a: King Kunta|Hydro Steam|p1a: Arceus\n|-supereffective|p1a: Arceus\n|-damage|p1a: Arceus|0 fnt\n|faint|p1a: Arceus\n|\n|-weather|SunnyDay|[upkeep]\n|upkeep\n|\n|t:|1698541427\n|switch|p1a: Samurott|Samurott-Hisui, M|88\/100 brn\n|turn|21\n|\n|t:|1698541436\n|move|p2a: King Kunta|Hydro Steam|p1a: Samurott\n|-resisted|p1a: Samurott\n|-damage|p1a: Samurott|27\/100 brn\n|move|p1a: Samurott|Ceaseless Edge|p2a: King Kunta\n|-damage|p2a: King Kunta|15\/100\n|-sidestart|p2: CrackLordGBLN|Spikes\n|\n|-weather|none\n|-end|p2a: King Kunta|Protosynthesis\n|-damage|p1a: Samurott|21\/100 brn|[from] brn\n|upkeep\n|turn|22\n|\n|t:|1698541447\n|move|p2a: King Kunta|Hydro Steam|p1a: Samurott\n|-resisted|p1a: Samurott\n|-damage|p1a: Samurott|0 fnt\n|faint|p1a: Samurott\n|\n|win|CrackLordGBLN\n","uploadtime":1698541457,"views":11,"p1id":"genestealerharr","p2id":"cracklordgbln","formatid":"gen9ubers","rating":0,"private":0,"password":""}