{"id":"gen9ubers-1974633588","p1":"Sonad~","p2":"Leterte18","format":"[Gen 9] Ubers","log":"|j|\u2606Sonad~\n|j|\u2606Leterte18\n|t:|1698104790\n|gametype|singles\n|player|p1|Sonad~|zinnia|\n|player|p2|Leterte18|1|\n|teamsize|p1|6\n|teamsize|p2|6\n|gen|9\n|tier|[Gen 9] Ubers\n|rule|Sleep Clause Mod: Limit one foe put to sleep\n|rule|Species Clause: Limit one of each Pok\u00e9mon\n|rule|OHKO Clause: OHKO moves are banned\n|rule|Evasion Items Clause: Evasion items are banned\n|rule|Evasion Moves Clause: Evasion moves are banned\n|rule|Endless Battle Clause: Forcing endless battles is banned\n|rule|HP Percentage Mod: HP is shown in percentages\n|clearpoke\n|poke|p1|Ursaluna-Bloodmoon, M|\n|poke|p1|Miraidon|\n|poke|p1|Shaymin-Sky|\n|poke|p1|Urshifu-*, M|\n|poke|p1|Chi-Yu|\n|poke|p1|Zacian-*|\n|poke|p2|Dialga-Origin|\n|poke|p2|Palkia-Origin|\n|poke|p2|Giratina-Origin|\n|poke|p2|Arceus|\n|poke|p2|Groudon|\n|poke|p2|Eternatus|\n|teampreview\n|j| Hand0fD00m\n|c|\u2606Sonad~|ah yes this team\n|c|\u2606Leterte18|Yo gl hf\n|c|\u2606Sonad~|you too!\n|c| Hand0fD00m|gl guys, the winner of this gets top 4 putting you in the money\n|c|\u2606Sonad~|ouuu\n|c|\u2606Sonad~|\ud83d\udd25\n|\n|t:|1698104864\n|start\n|switch|p1a: Miraidon|Miraidon|100\/100\n|switch|p2a: Giratina|Giratina-Origin, shiny|100\/100\n|-fieldstart|move: Electric Terrain|[from] ability: Hadron Engine|[of] p1a: Miraidon\n|turn|1\n|\n|t:|1698104881\n|-terastallize|p2a: Giratina|Ghost\n|move|p1a: Miraidon|Volt Switch|p2a: Giratina\n|-damage|p2a: Giratina|20\/100\n|\n|t:|1698104893\n|switch|p1a: Zacian|Zacian-Crowned|100\/100|[from] Volt Switch\n|-ability|p1a: Zacian|Intrepid Sword|boost\n|-boost|p1a: Zacian|atk|1\n|move|p2a: Giratina|Draco Meteor|p1a: Zacian\n|-immune|p1a: Zacian\n|\n|upkeep\n|turn|2\n|\n|t:|1698104921\n|move|p2a: Giratina|Shadow Sneak|p1a: Zacian\n|-damage|p1a: Zacian|73\/100\n|move|p1a: Zacian|Trailblaze|p2a: Giratina\n|-damage|p2a: Giratina|0 fnt\n|-boost|p1a: Zacian|spe|1\n|faint|p2a: Giratina\n|\n|upkeep\n|\n|t:|1698104941\n|switch|p2a: Eternatus|Eternatus|100\/100\n|-ability|p2a: Eternatus|Pressure\n|turn|3\n|\n|t:|1698104969\n|move|p1a: Zacian|Play Rough|p2a: Eternatus\n|-damage|p2a: Eternatus|31\/100\n|move|p2a: Eternatus|Fire Blast|p1a: Zacian\n|-supereffective|p1a: Zacian\n|-damage|p1a: Zacian|0 fnt\n|faint|p1a: Zacian\n|\n|upkeep\n|\n|t:|1698104987\n|switch|p1a: Miraidon|Miraidon|100\/100\n|-activate|p1a: Miraidon|ability: Hadron Engine\n|turn|4\n|\n|t:|1698105015\n|switch|p2a: Groudon|Groudon|100\/100\n|-weather|SunnyDay|[from] ability: Drought|[of] p2a: Groudon\n|move|p1a: Miraidon|Dazzling Gleam|p2a: Groudon\n|-damage|p2a: Groudon|62\/100\n|\n|-weather|SunnyDay|[upkeep]\n|-heal|p2a: Groudon|68\/100|[from] item: Leftovers\n|upkeep\n|turn|5\n|\n|t:|1698105034\n|switch|p1a: Shaymin|Shaymin-Sky|100\/100\n|move|p2a: Groudon|Will-O-Wisp|p1a: Shaymin|[miss]\n|-miss|p2a: Groudon|p1a: Shaymin\n|\n|-weather|SunnyDay|[upkeep]\n|-heal|p2a: Groudon|75\/100|[from] item: Leftovers\n|-fieldend|move: Electric Terrain\n|upkeep\n|turn|6\n|\n|t:|1698105087\n|move|p2a: Groudon|Protect|p2a: Groudon\n|-singleturn|p2a: Groudon|Protect\n|move|p1a: Shaymin|Air Slash|p2a: Groudon\n|-activate|p2a: Groudon|move: Protect\n|\n|-weather|SunnyDay|[upkeep]\n|-heal|p2a: Groudon|81\/100|[from] item: Leftovers\n|upkeep\n|turn|7\n|c| Hand0fD00m|the troll shaymin\n|c|\u2606Sonad~|xd\n|\n|t:|1698105110\n|switch|p2a: Dialga|Dialga-Origin|100\/100\n|-ability|p2a: Dialga|Pressure\n|move|p1a: Shaymin|Air Slash|p2a: Dialga\n|-resisted|p2a: Dialga\n|-damage|p2a: Dialga|83\/100\n|\n|-weather|SunnyDay|[upkeep]\n|upkeep\n|turn|8\n|c|\u2606Sonad~|can i get 5 flinches in a row?\n|c|\u2606Sonad~|what do we think\n|c| Hand0fD00m|not unlikely\n|\n|t:|1698105149\n|move|p1a: Shaymin|Air Slash|p2a: Dialga\n|-resisted|p2a: Dialga\n|-damage|p2a: Dialga|68\/100\n|cant|p2a: Dialga|flinch\n|\n|-weather|none\n|upkeep\n|turn|9\n|\n|t:|1698105155\n|move|p1a: Shaymin|Air Slash|p2a: Dialga\n|-resisted|p2a: Dialga\n|-damage|p2a: Dialga|53\/100\n|cant|p2a: Dialga|flinch\n|\n|upkeep\n|turn|10\n|c| Hand0fD00m|jfc lol\n|\n|t:|1698105170\n|move|p1a: Shaymin|Air Slash|p2a: Dialga\n|-resisted|p2a: Dialga\n|-damage|p2a: Dialga|37\/100\n|cant|p2a: Dialga|flinch\n|\n|upkeep\n|turn|11\n|j| darkmoju\n|\n|t:|1698105177\n|move|p1a: Shaymin|Air Slash|p2a: Dialga\n|-resisted|p2a: Dialga\n|-damage|p2a: Dialga|21\/100\n|move|p2a: Dialga|Thunder Wave|p1a: Shaymin\n|-status|p1a: Shaymin|par\n|\n|upkeep\n|turn|12\n|c| Hand0fD00m|3 though\n|\n|t:|1698105189\n|move|p1a: Shaymin|Air Slash|p2a: Dialga\n|-resisted|p2a: Dialga\n|-damage|p2a: Dialga|7\/100\n|cant|p2a: Dialga|flinch\n|\n|upkeep\n|turn|13\n|c|\u2606Sonad~|still outspeed lol\n|\n|t:|1698105199\n|move|p1a: Shaymin|Air Slash|p2a: Dialga\n|-resisted|p2a: Dialga\n|-damage|p2a: Dialga|0 fnt\n|faint|p2a: Dialga\n|\n|upkeep\n|c|\u2606Leterte18|4\/5 ain\u2019t bad\n|\n|t:|1698105241\n|switch|p2a: Arceus|Arceus, shiny|100\/100\n|turn|14\n|c| Hand0fD00m|not quite 8 like vs Mar lol\n|c|\u2606Sonad~|was it 8? lmao\n|c|\u2606Sonad~|god dammn\n|\n|t:|1698105295\n|switch|p1a: Chi-Yu|Chi-Yu|100\/100\n|-ability|p1a: Chi-Yu|Beads of Ruin\n|move|p2a: Arceus|Swords Dance|p2a: Arceus\n|-boost|p2a: Arceus|atk|2\n|\n|upkeep\n|turn|15\n|\n|t:|1698105310\n|move|p1a: Chi-Yu|Will-O-Wisp|p2a: Arceus|[miss]\n|-miss|p1a: Chi-Yu|p2a: Arceus\n|move|p2a: Arceus|Taunt|p1a: Chi-Yu\n|-start|p1a: Chi-Yu|move: Taunt\n|\n|upkeep\n|turn|16\n|c|\u2606Sonad~|smh\n|c|\u2606Sonad~|you speed investment aint there tho\n|\n|t:|1698105340\n|move|p1a: Chi-Yu|Flamethrower|p2a: Arceus\n|-damage|p2a: Arceus|56\/100\n|-status|p2a: Arceus|brn\n|move|p2a: Arceus|Swords Dance|p2a: Arceus\n|-boost|p2a: Arceus|atk|2\n|\n|-damage|p2a: Arceus|50\/100 brn|[from] brn\n|upkeep\n|turn|17\n|c|\u2606Sonad~|ayy\n|c| Hand0fD00m|no need for the willo\n|c|\u2606Leterte18|lol gg that\u2019s insane\n|\n|t:|1698105383\n|move|p2a: Arceus|Extreme Speed|p1a: Chi-Yu\n|-enditem|p1a: Chi-Yu|Focus Sash\n|-damage|p1a: Chi-Yu|1\/100\n|move|p1a: Chi-Yu|Flamethrower|p2a: Arceus\n|-damage|p2a: Arceus|1\/100 brn\n|\n|-damage|p2a: Arceus|0 fnt|[from] brn\n|faint|p2a: Arceus\n|upkeep\n|\n|t:|1698105401\n|switch|p2a: Palkia|Palkia-Origin|100\/100\n|-ability|p2a: Palkia|Pressure\n|turn|18\n|\n|t:|1698105417\n|move|p2a: Palkia|Spacial Rend|p1a: Chi-Yu\n|-crit|p1a: Chi-Yu\n|-damage|p1a: Chi-Yu|0 fnt\n|faint|p1a: Chi-Yu\n|\n|upkeep\n|\n|t:|1698105431\n|switch|p1a: Ursaluna|Ursaluna-Bloodmoon, M|100\/100\n|turn|19\n|c| darkmoju|stupid gold fish fr\n|\n|t:|1698105454\n|move|p2a: Palkia|Hydro Pump|p1a: Ursaluna\n|-supereffective|p1a: Ursaluna\n|-damage|p1a: Ursaluna|0 fnt\n|faint|p1a: Ursaluna\n|\n|upkeep\n|c|\u2606Sonad~|oh\n|\n|t:|1698105502\n|switch|p1a: Miraidon|Miraidon|100\/100\n|-fieldstart|move: Electric Terrain|[from] ability: Hadron Engine|[of] p1a: Miraidon\n|turn|20\n|\n|t:|1698105512\n|move|p1a: Miraidon|Dragon Pulse|p2a: Palkia\n|-supereffective|p2a: Palkia\n|-crit|p2a: Palkia\n|-damage|p2a: Palkia|0 fnt\n|faint|p2a: Palkia\n|\n|upkeep\n|c|\u2606Leterte18|Odds that crit mattered ? I don\u2019t think lol\n|\n|t:|1698105547\n|switch|p2a: Groudon|Groudon|81\/100\n|-weather|SunnyDay|[from] ability: Drought|[of] p2a: Groudon\n|turn|21\n|c|\u2606Sonad~|718 SpA\n|\n|t:|1698105555\n|move|p1a: Miraidon|Dragon Pulse|p2a: Groudon\n|-damage|p2a: Groudon|26\/100\n|move|p2a: Groudon|Will-O-Wisp|p1a: Miraidon\n|-status|p1a: Miraidon|brn\n|\n|-weather|SunnyDay|[upkeep]\n|-heal|p2a: Groudon|32\/100|[from] item: Leftovers\n|-damage|p1a: Miraidon|94\/100 brn|[from] brn\n|upkeep\n|turn|22\n|\n|t:|1698105559\n|move|p2a: Groudon|Protect|p2a: Groudon\n|-singleturn|p2a: Groudon|Protect\n|move|p1a: Miraidon|Dragon Pulse|p2a: Groudon\n|-activate|p2a: Groudon|move: Protect\n|\n|-weather|SunnyDay|[upkeep]\n|-heal|p2a: Groudon|38\/100|[from] item: Leftovers\n|-damage|p1a: Miraidon|88\/100 brn|[from] brn\n|upkeep\n|turn|23\n|\n|t:|1698105562\n|move|p1a: Miraidon|Dragon Pulse|p2a: Groudon\n|-damage|p2a: Groudon|0 fnt\n|faint|p2a: Groudon\n|\n|-weather|SunnyDay|[upkeep]\n|-damage|p1a: Miraidon|82\/100 brn|[from] brn\n|upkeep\n|\n|t:|1698105563\n|switch|p2a: Eternatus|Eternatus|31\/100\n|-ability|p2a: Eternatus|Pressure\n|turn|24\n|c| Hand0fD00m|yeah i doubt it mattered\\\n|\n|t:|1698105580\n|-terastallize|p1a: Miraidon|Fairy\n|move|p2a: Eternatus|Dynamax Cannon|p1a: Miraidon\n|-immune|p1a: Miraidon\n|move|p1a: Miraidon|Dragon Pulse|p2a: Eternatus\n|-supereffective|p2a: Eternatus\n|-damage|p2a: Eternatus|0 fnt\n|faint|p2a: Eternatus\n|\n|win|Sonad~\n|c|\u2606Sonad~|gg\n|l| darkmoju\n|l|\u2606Leterte18\n|l|\u2606Sonad~\n","uploadtime":1698105594,"views":5,"p1id":"sonad","p2id":"leterte18","formatid":"gen9ubers","rating":0,"private":0,"password":""}