{"id":"gen9ubers-1996498446","p1":"Matapacocos","p2":"jacothaptrllr","format":"[Gen 9] Ubers","log":"|j|\u2606Matapacocos\n|j|\u2606jacothaptrllr\n|t:|1700687883\n|gametype|singles\n|player|p1|Matapacocos|170|1160\n|player|p2|jacothaptrllr|chuck|1265\n|teamsize|p1|6\n|teamsize|p2|6\n|gen|9\n|tier|[Gen 9] Ubers\n|rated|\n|rule|Sleep Clause Mod: Limit one foe put to sleep\n|rule|Species Clause: Limit one of each Pok\u00e9mon\n|rule|OHKO Clause: OHKO moves are banned\n|rule|Evasion Items Clause: Evasion items are banned\n|rule|Evasion Moves Clause: Evasion moves are banned\n|rule|Endless Battle Clause: Forcing endless battles is banned\n|rule|HP Percentage Mod: HP is shown in percentages\n|clearpoke\n|poke|p1|Great Tusk|\n|poke|p1|Groudon|\n|poke|p1|Ogerpon-Hearthflame, F|\n|poke|p1|Koraidon|\n|poke|p1|Flutter Mane|\n|poke|p1|Mewtwo|\n|poke|p2|Flutter Mane|\n|poke|p2|Miraidon|\n|poke|p2|Kyogre|\n|poke|p2|Skeledirge, F|\n|poke|p2|Chien-Pao|\n|poke|p2|Talonflame, F|\n|teampreview\n|inactive|Battle timer is ON: inactive players will automatically lose when time's up. (requested by jacothaptrllr)\n|\n|t:|1700687896\n|start\n|switch|p1a: Groudon|Groudon|100\/100\n|switch|p2a: Bob Lazar|Miraidon|100\/100\n|-fieldstart|move: Electric Terrain|[from] ability: Hadron Engine|[of] p2a: Bob Lazar\n|-weather|SunnyDay|[from] ability: Drought|[of] p1a: Groudon\n|turn|1\n|\n|t:|1700687910\n|move|p2a: Bob Lazar|Draco Meteor|p1a: Groudon|[miss]\n|-miss|p2a: Bob Lazar|p1a: Groudon\n|move|p1a: Groudon|Earthquake|p2a: Bob Lazar\n|-supereffective|p2a: Bob Lazar\n|-damage|p2a: Bob Lazar|0 fnt\n|faint|p2a: Bob Lazar\n|\n|-weather|SunnyDay|[upkeep]\n|upkeep\n|\n|t:|1700687917\n|switch|p2a: David Grusch|Chien-Pao|100\/100\n|-ability|p2a: David Grusch|Sword of Ruin\n|turn|2\n|\n|t:|1700687922\n|move|p2a: David Grusch|Ice Shard|p1a: Groudon\n|-supereffective|p1a: Groudon\n|-damage|p1a: Groudon|61\/100\n|move|p1a: Groudon|Heat Crash|p2a: David Grusch\n|-supereffective|p2a: David Grusch\n|-damage|p2a: David Grusch|0 fnt\n|faint|p2a: David Grusch\n|\n|-weather|SunnyDay|[upkeep]\n|-heal|p1a: Groudon|68\/100|[from] item: Leftovers\n|upkeep\n|\n|t:|1700687935\n|switch|p2a: Sitchin|Kyogre|100\/100\n|-weather|RainDance|[from] ability: Drizzle|[of] p2a: Sitchin\n|turn|3\n|\n|t:|1700687943\n|switch|p1a: Mewtwo|Mewtwo|100\/100\n|-ability|p1a: Mewtwo|Pressure\n|move|p2a: Sitchin|Origin Pulse|p1a: Mewtwo\n|-damage|p1a: Mewtwo|0 fnt\n|faint|p1a: Mewtwo\n|\n|-weather|RainDance|[upkeep]\n|upkeep\n|\n|t:|1700687952\n|switch|p1a: Groudon|Groudon|68\/100\n|-weather|SunnyDay|[from] ability: Drought|[of] p1a: Groudon\n|turn|4\n|\n|t:|1700687963\n|move|p2a: Sitchin|Origin Pulse|p1a: Groudon\n|-supereffective|p1a: Groudon\n|-damage|p1a: Groudon|18\/100\n|move|p1a: Groudon|Spikes|p2a: Sitchin\n|-sidestart|p2: jacothaptrllr|Spikes\n|\n|-weather|SunnyDay|[upkeep]\n|-heal|p1a: Groudon|24\/100|[from] item: Leftovers\n|upkeep\n|turn|5\n|\n|t:|1700687976\n|switch|p1a: Ogerpon|Ogerpon-Hearthflame, F|100\/100\n|-ability|p1a: Ogerpon|Mold Breaker\n|move|p2a: Sitchin|Water Spout|p1a: Ogerpon\n|-damage|p1a: Ogerpon|41\/100\n|\n|-weather|SunnyDay|[upkeep]\n|-fieldend|move: Electric Terrain\n|upkeep\n|turn|6\n|\n|t:|1700687991\n|move|p1a: Ogerpon|Horn Leech|p2a: Sitchin\n|-supereffective|p2a: Sitchin\n|-damage|p2a: Sitchin|8\/100\n|-heal|p1a: Ogerpon|95\/100|[from] drain|[of] p2a: Sitchin\n|move|p2a: Sitchin|Origin Pulse|p1a: Ogerpon\n|-damage|p1a: Ogerpon|49\/100\n|\n|-weather|SunnyDay|[upkeep]\n|upkeep\n|turn|7\n|\n|t:|1700688006\n|move|p1a: Ogerpon|Knock Off|p2a: Sitchin\n|-damage|p2a: Sitchin|0 fnt\n|-enditem|p2a: Sitchin|Mystic Water|[from] move: Knock Off|[of] p1a: Ogerpon\n|faint|p2a: Sitchin\n|\n|-weather|SunnyDay|[upkeep]\n|upkeep\n|\n|t:|1700688013\n|switch|p2a: Joe rogan|Talonflame, F|100\/100\n|turn|8\n|\n|t:|1700688021\n|switch|p1a: Groudon|Groudon|24\/100\n|move|p2a: Joe rogan|Dual Wingbeat|p1a: Groudon\n|-damage|p1a: Groudon|8\/100\n|-damage|p1a: Groudon|0 fnt\n|faint|p1a: Groudon\n|-hitcount|p1: Groudon|2\n|\n|-weather|none\n|upkeep\n|\n|t:|1700688030\n|switch|p1a: Flutter Mane|Flutter Mane|100\/100\n|turn|9\n|\n|t:|1700688037\n|move|p2a: Joe rogan|Dual Wingbeat|p1a: Flutter Mane\n|-damage|p1a: Flutter Mane|41\/100\n|-damage|p1a: Flutter Mane|0 fnt\n|faint|p1a: Flutter Mane\n|-end|p1a: Flutter Mane|Protosynthesis|[silent]\n|-hitcount|p1: Flutter Mane|2\n|\n|upkeep\n|\n|t:|1700688043\n|switch|p1a: Koraidon|Koraidon|100\/100\n|-weather|SunnyDay|[from] ability: Orichalcum Pulse|[of] p1a: Koraidon\n|-activate|p1a: Koraidon|Orichalcum Pulse|[source]\n|turn|10\n|\n|t:|1700688053\n|move|p2a: Joe rogan|Dual Wingbeat|p1a: Koraidon\n|-supereffective|p1a: Koraidon\n|-damage|p1a: Koraidon|53\/100\n|-supereffective|p1a: Koraidon\n|-damage|p1a: Koraidon|10\/100\n|-hitcount|p1a: Koraidon|2\n|move|p1a: Koraidon|U-turn|p2a: Joe rogan\n|-resisted|p2a: Joe rogan\n|-crit|p2a: Joe rogan\n|-damage|p2a: Joe rogan|81\/100\n|\n|t:|1700688063\n|switch|p1a: Ogerpon|Ogerpon-Hearthflame, F|49\/100|[from] U-turn\n|-ability|p1a: Ogerpon|Mold Breaker\n|\n|-weather|SunnyDay|[upkeep]\n|upkeep\n|turn|11\n|\n|t:|1700688071\n|move|p2a: Joe rogan|Dual Wingbeat|p1a: Ogerpon\n|-supereffective|p1a: Ogerpon\n|-damage|p1a: Ogerpon|0 fnt\n|faint|p1a: Ogerpon\n|-hitcount|p1: Ogerpon|1\n|\n|-weather|SunnyDay|[upkeep]\n|upkeep\n|\n|t:|1700688077\n|switch|p1a: Koraidon|Koraidon|10\/100\n|-activate|p1a: Koraidon|ability: Orichalcum Pulse\n|turn|12\n|c|\u2606jacothaptrllr|JOE ROGAN FTWWWWW\n|\n|t:|1700688083\n|move|p1a: Koraidon|Dragon Claw|p2a: Joe rogan\n|-damage|p2a: Joe rogan|0 fnt\n|faint|p2a: Joe rogan\n|\n|-weather|SunnyDay|[upkeep]\n|upkeep\n|\n|t:|1700688088\n|switch|p2a: Jeremy knapp|Flutter Mane|100\/100\n|-damage|p2a: Jeremy knapp|88\/100|[from] Spikes\n|-activate|p2a: Jeremy knapp|ability: Protosynthesis\n|-start|p2a: Jeremy knapp|protosynthesisspe\n|turn|13\n|\n|t:|1700688093\n|switch|p1a: Great Tusk|Great Tusk|100\/100\n|-activate|p1a: Great Tusk|ability: Protosynthesis\n|-start|p1a: Great Tusk|protosynthesisdef\n|move|p2a: Jeremy knapp|Moonblast|p1a: Great Tusk\n|-supereffective|p1a: Great Tusk\n|-damage|p1a: Great Tusk|0 fnt\n|faint|p1a: Great Tusk\n|-end|p1a: Great Tusk|Protosynthesis|[silent]\n|\n|-weather|SunnyDay|[upkeep]\n|upkeep\n|\n|t:|1700688102\n|switch|p1a: Koraidon|Koraidon|10\/100\n|-activate|p1a: Koraidon|ability: Orichalcum Pulse\n|turn|14\n|\n|t:|1700688106\n|move|p1a: Koraidon|Iron Head|p2a: Jeremy knapp\n|-supereffective|p2a: Jeremy knapp\n|-damage|p2a: Jeremy knapp|0 fnt\n|faint|p2a: Jeremy knapp\n|-end|p2a: Jeremy knapp|Protosynthesis|[silent]\n|\n|-weather|none\n|upkeep\n|\n|t:|1700688109\n|switch|p2a: Graham Hancock|Skeledirge, F|100\/100\n|-damage|p2a: Graham Hancock|88\/100|[from] Spikes\n|turn|15\n|\n|t:|1700688117\n|-terastallize|p2a: Graham Hancock|Water\n|move|p1a: Koraidon|Iron Head|p2a: Graham Hancock\n|-resisted|p2a: Graham Hancock\n|-damage|p2a: Graham Hancock|78\/100\n|move|p2a: Graham Hancock|Shadow Ball|p1a: Koraidon\n|-damage|p1a: Koraidon|0 fnt\n|faint|p1a: Koraidon\n|\n|win|jacothaptrllr\n|raw|Matapacocos's rating: 1160 &rarr; <strong>1142<\/strong><br \/>(-18 for losing)\n|raw|jacothaptrllr's rating: 1265 &rarr; <strong>1283<\/strong><br \/>(+18 for winning)\n|l|\u2606Matapacocos\n|c|\u2606jacothaptrllr|gg\n","uploadtime":1700688128,"views":1,"p1id":"matapacocos","p2id":"jacothaptrllr","formatid":"gen9ubers","rating":1142,"private":0,"password":""}