{"id":"gen9ubers-1988767259","p1":"dumpy lump","p2":"TBalpha22","format":"[Gen 9] Ubers","log":"|j|\u2606dumpy lump\n|j|\u2606TBalpha22\n|t:|1699760502\n|gametype|singles\n|player|p1|dumpy lump|volo|\n|player|p2|TBalpha22|266|\n|teamsize|p1|6\n|teamsize|p2|6\n|gen|9\n|tier|[Gen 9] Ubers\n|rule|Sleep Clause Mod: Limit one foe put to sleep\n|rule|Species Clause: Limit one of each Pok\u00e9mon\n|rule|OHKO Clause: OHKO moves are banned\n|rule|Evasion Items Clause: Evasion items are banned\n|rule|Evasion Moves Clause: Evasion moves are banned\n|rule|Endless Battle Clause: Forcing endless battles is banned\n|rule|HP Percentage Mod: HP is shown in percentages\n|clearpoke\n|poke|p1|Masquerain, F|\n|poke|p1|Zacian-*|\n|poke|p1|Walking Wake|\n|poke|p1|Palafin, M|\n|poke|p1|Sneasler, F|\n|poke|p1|Ceruledge, M|\n|poke|p2|Scizor, F|\n|poke|p2|Crawdaunt, M|\n|poke|p2|Electrode|\n|poke|p2|Bisharp, F|\n|poke|p2|Wugtrio, F|\n|poke|p2|Vivillon, F|\n|teampreview\n|c|\u2606dumpy lump|here we go\n|\n|t:|1699760516\n|start\n|switch|p1a: Menace|Masquerain, F|100\/100\n|switch|p2a: Scizor|Scizor, F|100\/100\n|-ability|p1a: Menace|Intimidate|boost\n|-unboost|p2a: Scizor|atk|1\n|turn|1\n|\n|t:|1699760527\n|move|p1a: Menace|Sticky Web|p2a: Scizor\n|-sidestart|p2: TBalpha22|move: Sticky Web\n|move|p2a: Scizor|U-turn|p1a: Menace\n|-resisted|p1a: Menace\n|-damage|p1a: Menace|67\/100\n|-damage|p2a: Scizor|91\/100|[from] item: Life Orb\n|\n|t:|1699760530\n|switch|p2a: Electrode|Electrode|100\/100|[from] U-turn\n|-activate|p2a: Electrode|move: Sticky Web\n|-unboost|p2a: Electrode|spe|1\n|\n|upkeep\n|turn|2\n|\n|t:|1699760546\n|move|p2a: Electrode|Volt Switch|p1a: Menace\n|-supereffective|p1a: Menace\n|-damage|p1a: Menace|17\/100\n|\n|t:|1699760549\n|switch|p2a: Vivillon|Vivillon, F|100\/100|[from] Volt Switch\n|move|p1a: Menace|Air Slash|p2a: Vivillon\n|-supereffective|p2a: Vivillon\n|-enditem|p2a: Vivillon|Focus Sash\n|-damage|p2a: Vivillon|1\/100\n|\n|upkeep\n|turn|3\n|\n|t:|1699760559\n|move|p1a: Menace|Air Slash|p2a: Vivillon\n|-supereffective|p2a: Vivillon\n|-damage|p2a: Vivillon|0 fnt\n|faint|p2a: Vivillon\n|\n|upkeep\n|\n|t:|1699760564\n|switch|p2a: Scizor|Scizor, F|91\/100\n|-activate|p2a: Scizor|move: Sticky Web\n|-unboost|p2a: Scizor|spe|1\n|turn|4\n|\n|t:|1699760570\n|move|p2a: Scizor|Bullet Punch|p1a: Menace\n|-damage|p1a: Menace|0 fnt\n|faint|p1a: Menace\n|-damage|p2a: Scizor|81\/100|[from] item: Life Orb\n|\n|upkeep\n|\n|t:|1699760573\n|switch|p1a: Man|Palafin, M|100\/100\n|turn|5\n|\n|t:|1699760582\n|switch|p2a: Electrode|Electrode|100\/100\n|-activate|p2a: Electrode|move: Sticky Web\n|-unboost|p2a: Electrode|spe|1\n|move|p1a: Man|Close Combat|p2a: Electrode\n|-damage|p2a: Electrode|61\/100\n|-unboost|p1a: Man|def|1\n|-unboost|p1a: Man|spd|1\n|\n|upkeep\n|turn|6\n|\n|t:|1699760622\n|detailschange|p1a: Man|Palafin-Hero, M\n|switch|p1a: Daisy|Zacian, shiny|100\/100\n|-ability|p1a: Daisy|Intrepid Sword|boost\n|-boost|p1a: Daisy|atk|1\n|move|p2a: Electrode|Rain Dance|p2a: Electrode\n|-weather|RainDance\n|\n|-weather|RainDance|[upkeep]\n|upkeep\n|turn|7\n|j| Kinesquared\n|j| FrostyRandom02\n|j| Pajoomas!\n|\n|t:|1699760642\n|-terastallize|p1a: Daisy|Ground\n|move|p1a: Daisy|Swords Dance|p1a: Daisy\n|-boost|p1a: Daisy|atk|2\n|move|p2a: Electrode|Explosion|p1a: Daisy\n|-damage|p1a: Daisy|70\/100\n|faint|p2a: Electrode\n|\n|-weather|RainDance|[upkeep]\n|upkeep\n|j| GratedsShtickface\n|c| Kinesquared|red team pog\n|\n|t:|1699760647\n|switch|p2a: Crawdaunt|Crawdaunt, M|100\/100\n|-activate|p2a: Crawdaunt|move: Sticky Web\n|-unboost|p2a: Crawdaunt|spe|1\n|turn|8\n|\n|t:|1699760652\n|-terastallize|p2a: Crawdaunt|Water\n|move|p2a: Crawdaunt|Aqua Jet|p1a: Daisy\n|-supereffective|p1a: Daisy\n|-damage|p1a: Daisy|0 fnt\n|faint|p1a: Daisy\n|\n|-weather|RainDance|[upkeep]\n|upkeep\n|c|\u2606dumpy lump|man\n|\n|t:|1699760664\n|switch|p1a: Man|Palafin-Hero, M|100\/100\n|-activate|p1a: Man|ability: Zero to Hero\n|turn|9\n|\n|t:|1699760670\n|switch|p2a: Wugtrio|Wugtrio, F|100\/100\n|-activate|p2a: Wugtrio|move: Sticky Web\n|-unboost|p2a: Wugtrio|spe|1\n|move|p1a: Man|Close Combat|p2a: Wugtrio\n|-damage|p2a: Wugtrio|0 fnt\n|-unboost|p1a: Man|def|1\n|-unboost|p1a: Man|spd|1\n|-ability|p2a: Wugtrio|Gooey\n|-unboost|p1a: Man|spe|1\n|faint|p2a: Wugtrio\n|\n|-weather|RainDance|[upkeep]\n|upkeep\n|\n|t:|1699760685\n|switch|p2a: Bisharp|Bisharp, F|100\/100\n|-activate|p2a: Bisharp|move: Sticky Web\n|-unboost|p2a: Bisharp|spe|1\n|-ability|p2a: Bisharp|Defiant|boost\n|-boost|p2a: Bisharp|atk|2\n|turn|10\n|l| GratedsShtickface\n|\n|t:|1699760704\n|move|p2a: Bisharp|Sucker Punch|p1a: Man\n|-damage|p1a: Man|3\/100\n|move|p1a: Man|Close Combat|p2a: Bisharp\n|-supereffective|p2a: Bisharp\n|-damage|p2a: Bisharp|0 fnt\n|-unboost|p1a: Man|def|1\n|-unboost|p1a: Man|spd|1\n|faint|p2a: Bisharp\n|\n|-weather|RainDance|[upkeep]\n|upkeep\n|c|\u2606dumpy lump|WE TANK THOSE\n|\n|t:|1699760710\n|switch|p2a: Crawdaunt|Crawdaunt, M, tera:Water|100\/100\n|-activate|p2a: Crawdaunt|move: Sticky Web\n|-unboost|p2a: Crawdaunt|spe|1\n|turn|11\n|\n|t:|1699760717\n|move|p1a: Man|Jet Punch|p2a: Crawdaunt\n|-resisted|p2a: Crawdaunt\n|-damage|p2a: Crawdaunt|61\/100\n|move|p2a: Crawdaunt|Aqua Jet|p1a: Man\n|-resisted|p1a: Man\n|-damage|p1a: Man|0 fnt\n|faint|p1a: Man\n|\n|-weather|RainDance|[upkeep]\n|upkeep\n|\n|t:|1699760733\n|switch|p1a: Kaijune|Walking Wake|100\/100\n|-enditem|p1a: Kaijune|Booster Energy\n|-activate|p1a: Kaijune|ability: Protosynthesis|[fromitem]\n|-start|p1a: Kaijune|protosynthesisspa\n|turn|12\n|\n|t:|1699760749\n|switch|p2a: Scizor|Scizor, F|81\/100\n|-activate|p2a: Scizor|move: Sticky Web\n|-unboost|p2a: Scizor|spe|1\n|move|p1a: Kaijune|Hydro Steam|p2a: Scizor\n|-damage|p2a: Scizor|0 fnt\n|faint|p2a: Scizor\n|\n|-weather|RainDance|[upkeep]\n|upkeep\n|\n|t:|1699760756\n|switch|p2a: Crawdaunt|Crawdaunt, M, tera:Water|61\/100\n|-activate|p2a: Crawdaunt|move: Sticky Web\n|-unboost|p2a: Crawdaunt|spe|1\n|turn|13\n|\n|t:|1699760764\n|move|p2a: Crawdaunt|Aqua Jet|p1a: Kaijune\n|-resisted|p1a: Kaijune\n|-damage|p1a: Kaijune|79\/100\n|move|p1a: Kaijune|Dragon Pulse|p2a: Crawdaunt\n|-damage|p2a: Crawdaunt|0 fnt\n|faint|p2a: Crawdaunt\n|\n|win|dumpy lump\n|c|\u2606dumpy lump|ggs\n|c|\u2606TBalpha22|gg\n|l| FrostyRandom02\n|l|\u2606TBalpha22\n|c|\u2606dumpy lump|surprisingly decent team for being cooked up in 10 minutes\n","uploadtime":1699760792,"views":6,"p1id":"dumpylump","p2id":"tbalpha22","formatid":"gen9ubers","rating":0,"private":0,"password":""}