{"id":"gen9ubers-1977140931","p1":"pkpowers310","p2":"Squirshawott","format":"[Gen 9] Ubers","log":"|j|\u2606pkpowers310\n|j|\u2606Squirshawott\n|t:|1698376386\n|gametype|singles\n|player|p1|pkpowers310|crasherwake|\n|player|p2|Squirshawott|hilbert-wonderlauncher|\n|teamsize|p1|6\n|teamsize|p2|6\n|gen|9\n|tier|[Gen 9] Ubers\n|rule|Sleep Clause Mod: Limit one foe put to sleep\n|rule|Species Clause: Limit one of each Pok\u00e9mon\n|rule|OHKO Clause: OHKO moves are banned\n|rule|Evasion Items Clause: Evasion items are banned\n|rule|Evasion Moves Clause: Evasion moves are banned\n|rule|Endless Battle Clause: Forcing endless battles is banned\n|rule|HP Percentage Mod: HP is shown in percentages\n|clearpoke\n|poke|p1|Baxcalibur, F|\n|poke|p1|Chi-Yu|\n|poke|p1|Glimmora, M|\n|poke|p1|Regieleki|\n|poke|p1|Alomomola, F|\n|poke|p1|Amoonguss, F|\n|poke|p2|Raichu, F|\n|poke|p2|Slowking, F|\n|poke|p2|Meowscarada, F|\n|poke|p2|Greninja-*, M|\n|poke|p2|Samurott-Hisui, F|\n|poke|p2|Dachsbun, F|\n|teampreview\n|c|\u2606pkpowers310|Glhf\n|c|\u2606Squirshawott|u2\n|\n|t:|1698376483\n|start\n|switch|p1a: Glimmora|Glimmora, M|100\/100\n|switch|p2a: Slowking|Slowking, F|100\/100\n|turn|1\n|\n|t:|1698376496\n|switch|p1a: Mrs. Blubby|Alomomola, F|100\/100\n|move|p2a: Slowking|Surf|p1a: Mrs. Blubby\n|-resisted|p1a: Mrs. Blubby\n|-damage|p1a: Mrs. Blubby|84\/100\n|\n|-heal|p1a: Mrs. Blubby|90\/100|[from] item: Leftovers\n|upkeep\n|turn|2\n|\n|t:|1698376506\n|move|p1a: Mrs. Blubby|Flip Turn|p2a: Slowking\n|-resisted|p2a: Slowking\n|-damage|p2a: Slowking|92\/100\n|\n|t:|1698376512\n|switch|p1a: Regieleki|Regieleki|100\/100|[from] Flip Turn\n|move|p2a: Slowking|Nasty Plot|p2a: Slowking\n|-boost|p2a: Slowking|spa|2\n|\n|upkeep\n|turn|3\n|\n|t:|1698376550\n|move|p1a: Regieleki|Volt Switch|p2a: Slowking\n|-supereffective|p2a: Slowking\n|-damage|p2a: Slowking|28\/100\n|\n|t:|1698376555\n|switch|p1a: Mrs. Blubby|Alomomola, F|100\/100|[from] Volt Switch\n|move|p2a: Slowking|Surf|p1a: Mrs. Blubby\n|-resisted|p1a: Mrs. Blubby\n|-damage|p1a: Mrs. Blubby|70\/100\n|\n|-heal|p1a: Mrs. Blubby|76\/100|[from] item: Leftovers\n|upkeep\n|turn|4\n|\n|t:|1698376579\n|move|p1a: Mrs. Blubby|Wish|p1a: Mrs. Blubby\n|move|p2a: Slowking|Rest|p2a: Slowking\n|-status|p2a: Slowking|slp|[from] move: Rest\n|-heal|p2a: Slowking|100\/100 slp|[silent]\n|-enditem|p2a: Slowking|Chesto Berry|[eat]\n|-curestatus|p2a: Slowking|slp|[msg]\n|\n|-heal|p1a: Mrs. Blubby|82\/100|[from] item: Leftovers\n|upkeep\n|turn|5\n|\n|t:|1698376602\n|move|p1a: Mrs. Blubby|Flip Turn|p2a: Slowking\n|-resisted|p2a: Slowking\n|-damage|p2a: Slowking|92\/100\n|\n|t:|1698376605\n|switch|p1a: Regieleki|Regieleki|100\/100|[from] Flip Turn\n|move|p2a: Slowking|Psychic|p1a: Regieleki\n|-damage|p1a: Regieleki|0 fnt\n|faint|p1a: Regieleki\n|\n|upkeep\n|\n|t:|1698376615\n|switch|p1a: Mr. Blubby|Chi-Yu|100\/100\n|-ability|p1a: Mr. Blubby|Beads of Ruin\n|turn|6\n|\n|t:|1698376621\n|move|p1a: Mr. Blubby|Dark Pulse|p2a: Slowking\n|-supereffective|p2a: Slowking\n|-damage|p2a: Slowking|0 fnt\n|faint|p2a: Slowking\n|\n|upkeep\n|\n|t:|1698376746\n|switch|p2a: Samurott|Samurott-Hisui, F|100\/100\n|turn|7\n|\n|t:|1698376751\n|switch|p1a: Amoonguss|Amoonguss, F|100\/100\n|move|p2a: Samurott|Ceaseless Edge|p1a: Amoonguss\n|-damage|p1a: Amoonguss|63\/100\n|-sidestart|p1: pkpowers310|Spikes\n|\n|-heal|p1a: Amoonguss|69\/100|[from] item: Black Sludge\n|upkeep\n|turn|8\n|\n|t:|1698376773\n|switch|p2a: Raichu|Raichu, F|100\/100\n|move|p1a: Amoonguss|Spore|p2a: Raichu\n|-status|p2a: Raichu|slp|[from] move: Spore\n|\n|-heal|p1a: Amoonguss|75\/100|[from] item: Black Sludge\n|upkeep\n|turn|9\n|\n|t:|1698376798\n|switch|p1a: Glimmora|Glimmora, M|100\/100\n|-damage|p1a: Glimmora|88\/100|[from] Spikes\n|cant|p2a: Raichu|slp\n|\n|upkeep\n|turn|10\n|\n|t:|1698376805\n|cant|p2a: Raichu|slp\n|move|p1a: Glimmora|Toxic Spikes|p2a: Raichu\n|-sidestart|p2: Squirshawott|move: Toxic Spikes\n|\n|upkeep\n|turn|11\n|\n|t:|1698376815\n|cant|p2a: Raichu|slp\n|move|p1a: Glimmora|Toxic Spikes|p2a: Raichu\n|-sidestart|p2: Squirshawott|move: Toxic Spikes\n|\n|upkeep\n|turn|12\n|\n|t:|1698376819\n|-curestatus|p2a: Raichu|slp|[msg]\n|move|p2a: Raichu|Knock Off|p1a: Glimmora\n|-damage|p1a: Glimmora|65\/100\n|-enditem|p1a: Glimmora|Focus Sash|[from] move: Knock Off|[of] p2a: Raichu\n|move|p1a: Glimmora|Stealth Rock|p2a: Raichu\n|-sidestart|p2: Squirshawott|move: Stealth Rock\n|\n|upkeep\n|turn|13\n|\n|t:|1698376844\n|move|p2a: Raichu|Light Screen|p2a: Raichu\n|-sidestart|p2: Squirshawott|move: Light Screen\n|move|p1a: Glimmora|Mortal Spin|p2a: Raichu\n|-damage|p2a: Raichu|90\/100\n|-status|p2a: Raichu|psn\n|-sideend|p1: pkpowers310|Spikes|[from] move: Mortal Spin|[of] p1a: Glimmora\n|\n|-damage|p2a: Raichu|78\/100 psn|[from] psn\n|upkeep\n|turn|14\n|\n|t:|1698376867\n|move|p2a: Raichu|Reflect|p2a: Raichu\n|-sidestart|p2: Squirshawott|Reflect\n|move|p1a: Glimmora|Power Gem|p2a: Raichu\n|-damage|p2a: Raichu|51\/100 psn\n|\n|-damage|p2a: Raichu|38\/100 psn|[from] psn\n|upkeep\n|turn|15\n|\n|t:|1698376874\n|move|p2a: Raichu|Volt Switch|p1a: Glimmora\n|-damage|p1a: Glimmora|34\/100\n|\n|t:|1698376889\n|switch|p2a: Samurott|Samurott-Hisui, F|100\/100|[from] Volt Switch\n|-status|p2a: Samurott|tox\n|-damage|p2a: Samurott|88\/100 tox|[from] Stealth Rock\n|move|p1a: Glimmora|Power Gem|p2a: Samurott\n|-damage|p2a: Samurott|69\/100 tox\n|\n|-damage|p2a: Samurott|63\/100 tox|[from] psn\n|upkeep\n|turn|16\n|\n|t:|1698376929\n|switch|p1a: Amoonguss|Amoonguss, F|100\/100\n|move|p2a: Samurott|Flip Turn|p1a: Amoonguss\n|-resisted|p1a: Amoonguss\n|-damage|p1a: Amoonguss|90\/100\n|\n|t:|1698376966\n|switch|p2a: Raichu|Raichu, F|38\/100 psn|[from] Flip Turn\n|-damage|p2a: Raichu|26\/100 psn|[from] Stealth Rock\n|\n|-heal|p1a: Amoonguss|96\/100|[from] item: Black Sludge\n|-damage|p2a: Raichu|14\/100 psn|[from] psn\n|upkeep\n|turn|17\n|\n|t:|1698376992\n|move|p1a: Amoonguss|Protect|p1a: Amoonguss\n|-singleturn|p1a: Amoonguss|Protect\n|move|p2a: Raichu|Knock Off|p1a: Amoonguss\n|-activate|p1a: Amoonguss|move: Protect\n|\n|-heal|p1a: Amoonguss|100\/100|[from] item: Black Sludge\n|-damage|p2a: Raichu|1\/100 psn|[from] psn\n|upkeep\n|turn|18\n|\n|t:|1698377000\n|switch|p1a: Glimmora|Glimmora, M|34\/100\n|move|p2a: Raichu|Knock Off|p1a: Glimmora\n|-damage|p1a: Glimmora|18\/100\n|\n|-damage|p2a: Raichu|0 fnt|[from] psn\n|faint|p2a: Raichu\n|upkeep\n|\n|t:|1698377021\n|switch|p2a: Samurott|Samurott-Hisui, F|63\/100 tox\n|-damage|p2a: Samurott|51\/100 tox|[from] Stealth Rock\n|turn|19\n|\n|t:|1698377038\n|switch|p1a: Amoonguss|Amoonguss, F|100\/100\n|move|p2a: Samurott|Ceaseless Edge|p1a: Amoonguss\n|-damage|p1a: Amoonguss|64\/100\n|-sidestart|p1: pkpowers310|Spikes\n|\n|-heal|p1a: Amoonguss|70\/100|[from] item: Black Sludge\n|-damage|p2a: Samurott|45\/100 tox|[from] psn\n|upkeep\n|turn|20\n|\n|t:|1698377050\n|move|p2a: Samurott|Ceaseless Edge|p1a: Amoonguss\n|-damage|p1a: Amoonguss|38\/100\n|-sidestart|p1: pkpowers310|Spikes\n|move|p1a: Amoonguss|Giga Drain|p2a: Samurott\n|-supereffective|p2a: Samurott\n|-damage|p2a: Samurott|25\/100 tox\n|-heal|p1a: Amoonguss|46\/100|[from] drain|[of] p2a: Samurott\n|\n|-heal|p1a: Amoonguss|53\/100|[from] item: Black Sludge\n|-damage|p2a: Samurott|13\/100 tox|[from] psn\n|-sideend|p2: Squirshawott|move: Light Screen\n|upkeep\n|turn|21\n|\n|t:|1698377060\n|move|p1a: Amoonguss|Protect|p1a: Amoonguss\n|-singleturn|p1a: Amoonguss|Protect\n|move|p2a: Samurott|Ceaseless Edge|p1a: Amoonguss\n|-activate|p1a: Amoonguss|move: Protect\n|\n|-heal|p1a: Amoonguss|59\/100|[from] item: Black Sludge\n|-damage|p2a: Samurott|0 fnt|[from] psn\n|faint|p2a: Samurott\n|-sideend|p2: Squirshawott|Reflect\n|upkeep\n|\n|t:|1698377084\n|switch|p2a: Dachsbun|Dachsbun, F|100\/100\n|-status|p2a: Dachsbun|tox\n|-damage|p2a: Dachsbun|88\/100 tox|[from] Stealth Rock\n|turn|22\n|\n|t:|1698377129\n|move|p2a: Dachsbun|Wish|p2a: Dachsbun\n|move|p1a: Amoonguss|Giga Drain|p2a: Dachsbun\n|-damage|p2a: Dachsbun|58\/100 tox\n|-heal|p1a: Amoonguss|70\/100|[from] drain|[of] p2a: Dachsbun\n|\n|-heal|p1a: Amoonguss|76\/100|[from] item: Black Sludge\n|-damage|p2a: Dachsbun|52\/100 tox|[from] psn\n|upkeep\n|turn|23\n|\n|t:|1698377184\n|-terastallize|p2a: Dachsbun|Steel\n|move|p2a: Dachsbun|Yawn|p1a: Amoonguss\n|-start|p1a: Amoonguss|move: Yawn|[of] p2a: Dachsbun\n|move|p1a: Amoonguss|Sludge Bomb|p2a: Dachsbun\n|-immune|p2a: Dachsbun\n|\n|-heal|p2a: Dachsbun|100\/100 tox|[from] move: Wish|[wisher] Dachsbun\n|-heal|p1a: Amoonguss|82\/100|[from] item: Black Sludge\n|-damage|p2a: Dachsbun|89\/100 tox|[from] psn\n|upkeep\n|turn|24\n|\n|t:|1698377198\n|switch|p1a: Mrs. Blubby|Alomomola, F|100\/100\n|-damage|p1a: Mrs. Blubby|84\/100|[from] Spikes\n|move|p2a: Dachsbun|Psychic Fangs|p1a: Mrs. Blubby\n|-crit|p1a: Mrs. Blubby\n|-damage|p1a: Mrs. Blubby|66\/100\n|\n|-heal|p1a: Mrs. Blubby|73\/100|[from] item: Leftovers\n|-damage|p2a: Dachsbun|71\/100 tox|[from] psn\n|upkeep\n|turn|25\n|\n|t:|1698377213\n|move|p2a: Dachsbun|Wish|p2a: Dachsbun\n|move|p1a: Mrs. Blubby|Snowscape|p1a: Mrs. Blubby\n|-weather|Snow\n|\n|-weather|Snow|[upkeep]\n|-heal|p1a: Mrs. Blubby|79\/100|[from] item: Leftovers\n|-damage|p2a: Dachsbun|47\/100 tox|[from] psn\n|upkeep\n|turn|26\n|\n|t:|1698377227\n|move|p2a: Dachsbun|Body Press|p1a: Mrs. Blubby\n|-crit|p1a: Mrs. Blubby\n|-damage|p1a: Mrs. Blubby|46\/100\n|move|p1a: Mrs. Blubby|Flip Turn|p2a: Dachsbun\n|-damage|p2a: Dachsbun|35\/100 tox\n|-enditem|p2a: Dachsbun|Kee Berry|[eat]\n|-boost|p2a: Dachsbun|def|1|[from] item: Kee Berry\n|\n|t:|1698377298\n|switch|p1a: Mr. Blubby|Chi-Yu|100\/100|[from] Flip Turn\n|-damage|p1a: Mr. Blubby|84\/100|[from] Spikes\n|-ability|p1a: Mr. Blubby|Beads of Ruin\n|\n|-weather|Snow|[upkeep]\n|-heal|p2a: Dachsbun|85\/100 tox|[from] move: Wish|[wisher] Dachsbun\n|-damage|p2a: Dachsbun|55\/100 tox|[from] psn\n|upkeep\n|turn|27\n|\n|t:|1698377309\n|move|p1a: Mr. Blubby|Dark Pulse|p2a: Dachsbun\n|-damage|p2a: Dachsbun|0 fnt\n|faint|p2a: Dachsbun\n|\n|-weather|Snow|[upkeep]\n|upkeep\n|\n|t:|1698377316\n|switch|p2a: Greninja|Greninja, M|100\/100\n|-status|p2a: Greninja|tox\n|-damage|p2a: Greninja|88\/100 tox|[from] Stealth Rock\n|turn|28\n|\n|t:|1698377341\n|switch|p1a: Mrs. Blubby|Alomomola, F|80\/100\n|-damage|p1a: Mrs. Blubby|63\/100|[from] Spikes\n|move|p2a: Greninja|Surf|p1a: Mrs. Blubby\n|-resisted|p1a: Mrs. Blubby\n|-damage|p1a: Mrs. Blubby|43\/100\n|-damage|p2a: Greninja|78\/100 tox|[from] item: Life Orb\n|\n|-weather|Snow|[upkeep]\n|-heal|p1a: Mrs. Blubby|49\/100|[from] item: Leftovers\n|-damage|p2a: Greninja|72\/100 tox|[from] psn\n|upkeep\n|turn|29\n|\n|t:|1698377356\n|move|p2a: Greninja|Taunt|p1a: Mrs. Blubby\n|-start|p1a: Mrs. Blubby|move: Taunt\n|cant|p1a: Mrs. Blubby|move: Taunt|Wish\n|\n|-weather|none\n|-heal|p1a: Mrs. Blubby|55\/100|[from] item: Leftovers\n|-damage|p2a: Greninja|60\/100 tox|[from] psn\n|upkeep\n|turn|30\n|\n|t:|1698377410\n|move|p2a: Greninja|Dark Pulse|p1a: Mrs. Blubby\n|-crit|p1a: Mrs. Blubby\n|-damage|p1a: Mrs. Blubby|1\/100\n|-damage|p2a: Greninja|51\/100 tox|[from] item: Life Orb\n|move|p1a: Mrs. Blubby|Flip Turn|p2a: Greninja\n|-resisted|p2a: Greninja\n|-damage|p2a: Greninja|39\/100 tox\n|\n|t:|1698377433\n|switch|p1a: Glimmora|Glimmora, M|18\/100|[from] Flip Turn\n|-damage|p1a: Glimmora|1\/100|[from] Spikes\n|\n|-damage|p2a: Greninja|21\/100 tox|[from] psn\n|upkeep\n|turn|31\n|\n|t:|1698377451\n|move|p2a: Greninja|Dark Pulse|p1a: Glimmora\n|-damage|p1a: Glimmora|0 fnt\n|faint|p1a: Glimmora\n|-ability|p2a: Greninja|Battle Bond|boost\n|-boost|p2a: Greninja|atk|1\n|-boost|p2a: Greninja|spa|1\n|-boost|p2a: Greninja|spe|1\n|-activate|p2a: Greninja|ability: Battle Bond\n|-damage|p2a: Greninja|11\/100 tox|[from] item: Life Orb\n|\n|-damage|p2a: Greninja|0 fnt|[from] psn\n|faint|p2a: Greninja\n|upkeep\n|\n|t:|1698377511\n|switch|p2a: Meowscarada|Meowscarada, F|100\/100\n|switch|p1a: Amoonguss|Amoonguss, F|100\/100\n|-status|p2a: Meowscarada|tox\n|-damage|p2a: Meowscarada|88\/100 tox|[from] Stealth Rock\n|-damage|p1a: Amoonguss|84\/100|[from] Spikes\n|turn|32\n|\n|t:|1698377585\n|move|p1a: Amoonguss|Protect|p1a: Amoonguss\n|-singleturn|p1a: Amoonguss|Protect\n|move|p2a: Meowscarada|Knock Off|p1a: Amoonguss\n|-start|p2a: Meowscarada|typechange|Dark|[from] ability: Protean\n|-activate|p1a: Amoonguss|move: Protect\n|\n|-heal|p1a: Amoonguss|90\/100|[from] item: Black Sludge\n|-damage|p2a: Meowscarada|82\/100 tox|[from] psn\n|upkeep\n|turn|33\n|\n|t:|1698377599\n|move|p2a: Meowscarada|Knock Off|p1a: Amoonguss\n|-damage|p1a: Amoonguss|54\/100\n|-enditem|p1a: Amoonguss|Black Sludge|[from] move: Knock Off|[of] p2a: Meowscarada\n|move|p1a: Amoonguss|Giga Drain|p2a: Meowscarada\n|-damage|p2a: Meowscarada|46\/100 tox\n|-heal|p1a: Amoonguss|67\/100|[from] drain|[of] p2a: Meowscarada\n|\n|-damage|p2a: Meowscarada|34\/100 tox|[from] psn\n|upkeep\n|turn|34\n|\n|t:|1698377624\n|move|p1a: Amoonguss|Protect|p1a: Amoonguss\n|-singleturn|p1a: Amoonguss|Protect\n|move|p2a: Meowscarada|U-turn|p1a: Amoonguss\n|-activate|p1a: Amoonguss|move: Protect\n|\n|-damage|p2a: Meowscarada|15\/100 tox|[from] psn\n|upkeep\n|turn|35\n|\n|t:|1698377676\n|move|p2a: Meowscarada|U-turn|p1a: Amoonguss\n|-damage|p1a: Amoonguss|50\/100\n|move|p1a: Amoonguss|Giga Drain|p2a: Meowscarada\n|-damage|p2a: Meowscarada|0 fnt\n|-heal|p1a: Amoonguss|55\/100|[from] drain|[of] p2a: Meowscarada\n|faint|p2a: Meowscarada\n|\n|win|pkpowers310\n","uploadtime":1698377684,"views":18,"p1id":"pkpowers310","p2id":"squirshawott","formatid":"gen9ubers","rating":0,"private":0,"password":""}