{"id":"gen9ubers-1972488188","p1":"PinkScourge","p2":"BeardyBennett","format":"[Gen 9] Ubers","log":"|j|\u2606PinkScourge\n|j|\u2606BeardyBennett\n|t:|1697848515\n|gametype|singles\n|player|p1|PinkScourge|bede-leader|\n|player|p2|BeardyBennett|hiker-gen4|\n|teamsize|p1|6\n|teamsize|p2|6\n|gen|9\n|tier|[Gen 9] Ubers\n|rule|Sleep Clause Mod: Limit one foe put to sleep\n|rule|Species Clause: Limit one of each Pok\u00e9mon\n|rule|OHKO Clause: OHKO moves are banned\n|rule|Evasion Items Clause: Evasion items are banned\n|rule|Evasion Moves Clause: Evasion moves are banned\n|rule|Endless Battle Clause: Forcing endless battles is banned\n|rule|HP Percentage Mod: HP is shown in percentages\n|clearpoke\n|poke|p1|Scream Tail|\n|poke|p1|Alomomola, F|\n|poke|p1|Zacian-*|\n|poke|p1|Weezing-Galar, M|\n|poke|p1|Gothitelle, M|\n|poke|p1|Arceus-Fire|\n|poke|p2|Cyclizar, M|\n|poke|p2|Urshifu-*, F|\n|poke|p2|Garchomp, F|\n|poke|p2|Volcarona, M|\n|poke|p2|Magearna|\n|poke|p2|Gliscor, M|\n|teampreview\n|inactive|Battle timer is ON: inactive players will automatically lose when time's up. (requested by PinkScourge)\n|c|\u2606BeardyBennett|Gl hf!\n|\n|t:|1697848535\n|start\n|switch|p1a: Gothitelle|Gothitelle, M|100\/100\n|switch|p2a: Gliscor|Gliscor, M|100\/100\n|turn|1\n|c|\u2606PinkScourge|GL HF!\n|\n|t:|1697848544\n|move|p2a: Gliscor|Stealth Rock|p1a: Gothitelle\n|-sidestart|p1: PinkScourge|move: Stealth Rock\n|move|p1a: Gothitelle|Trick|p2a: Gliscor\n|-activate|p1a: Gothitelle|move: Trick|[of] p2a: Gliscor\n|-item|p2a: Gliscor|Choice Specs|[from] move: Trick\n|-item|p1a: Gothitelle|Toxic Orb|[from] move: Trick\n|\n|-status|p1a: Gothitelle|tox|[from] item: Toxic Orb\n|upkeep\n|turn|2\n|\n|t:|1697848554\n|move|p2a: Gliscor|U-turn|p1a: Gothitelle\n|-supereffective|p1a: Gothitelle\n|-damage|p1a: Gothitelle|69\/100 tox\n|\n|t:|1697848559\n|switch|p2a: Magearna|Magearna|100\/100|[from] U-turn\n|move|p1a: Gothitelle|Psychic|p2a: Magearna\n|-resisted|p2a: Magearna\n|-damage|p2a: Magearna|89\/100\n|\n|-damage|p1a: Gothitelle|62\/100 tox|[from] psn\n|upkeep\n|turn|3\n|\n|t:|1697848568\n|switch|p1a: Arceus|Arceus-Fire|100\/100\n|-damage|p1a: Arceus|75\/100|[from] Stealth Rock\n|move|p2a: Magearna|Volt Switch|p1a: Arceus\n|-crit|p1a: Arceus\n|-damage|p1a: Arceus|54\/100\n|\n|t:|1697848578\n|switch|p2a: Cyclizar|Cyclizar, M|100\/100|[from] Volt Switch\n|\n|upkeep\n|turn|4\n|\n|t:|1697848582\n|switch|p1a: Scream Tail|Scream Tail|100\/100\n|-damage|p1a: Scream Tail|88\/100|[from] Stealth Rock\n|move|p2a: Cyclizar|Shed Tail|p2a: Cyclizar\n|-start|p2a: Cyclizar|Substitute|[from] move: Shed Tail\n|-damage|p2a: Cyclizar|50\/100\n|\n|t:|1697848589\n|switch|p2a: Volcarona|Volcarona, M|100\/100|[from] Shed Tail\n|\n|-heal|p1a: Scream Tail|94\/100|[from] item: Leftovers\n|upkeep\n|turn|5\n|\n|t:|1697848592\n|move|p2a: Volcarona|Quiver Dance|p2a: Volcarona\n|-boost|p2a: Volcarona|spa|1\n|-boost|p2a: Volcarona|spd|1\n|-boost|p2a: Volcarona|spe|1\n|move|p1a: Scream Tail|Perish Song|p1a: Scream Tail\n|-start|p1a: Scream Tail|perish3|[silent]\n|-start|p2a: Volcarona|perish3|[silent]\n|-fieldactivate|move: Perish Song\n|\n|-heal|p1a: Scream Tail|100\/100|[from] item: Leftovers\n|-start|p2a: Volcarona|perish3\n|-start|p1a: Scream Tail|perish3\n|upkeep\n|turn|6\n|\n|t:|1697848600\n|move|p1a: Scream Tail|Protect|p1a: Scream Tail\n|-singleturn|p1a: Scream Tail|Protect\n|move|p2a: Volcarona|Bug Buzz|p1a: Scream Tail\n|-activate|p1a: Scream Tail|move: Protect\n|\n|-start|p2a: Volcarona|perish2\n|-start|p1a: Scream Tail|perish2\n|upkeep\n|turn|7\n|\n|t:|1697848609\n|move|p2a: Volcarona|Fiery Dance|p1a: Scream Tail\n|-damage|p1a: Scream Tail|66\/100\n|-boost|p2a: Volcarona|spa|1\n|move|p1a: Scream Tail|Wish|p1a: Scream Tail\n|\n|-heal|p1a: Scream Tail|72\/100|[from] item: Leftovers\n|-start|p2a: Volcarona|perish1\n|-start|p1a: Scream Tail|perish1\n|upkeep\n|turn|8\n|\n|t:|1697848623\n|switch|p2a: Magearna|Magearna|89\/100\n|-end|p1a: Scream Tail|Protosynthesis|[silent]\n|switch|p1a: Arceus|Arceus-Fire|54\/100\n|-damage|p1a: Arceus|29\/100|[from] Stealth Rock\n|\n|-heal|p1a: Arceus|78\/100|[from] move: Wish|[wisher] Scream Tail\n|upkeep\n|turn|9\n|\n|t:|1697848632\n|move|p1a: Arceus|Judgment|p2a: Magearna\n|-supereffective|p2a: Magearna\n|-damage|p2a: Magearna|37\/100\n|move|p2a: Magearna|Volt Switch|p1a: Arceus\n|-crit|p1a: Arceus\n|-damage|p1a: Arceus|57\/100\n|\n|t:|1697848635\n|switch|p2a: Garchomp|Garchomp, F|100\/100|[from] Volt Switch\n|\n|upkeep\n|turn|10\n|\n|t:|1697848667\n|-terastallize|p1a: Arceus|Dark\n|move|p2a: Garchomp|Spikes|p1a: Arceus\n|-sidestart|p1: PinkScourge|Spikes\n|move|p1a: Arceus|Foul Play|p2a: Garchomp\n|-damage|p2a: Garchomp|48\/100\n|-damage|p1a: Arceus|45\/100|[from] ability: Rough Skin|[of] p2a: Garchomp\n|\n|-heal|p2a: Garchomp|54\/100|[from] item: Leftovers\n|upkeep\n|turn|11\n|inactive|BeardyBennett has 270 seconds left.\n|\n|t:|1697848682\n|switch|p1a: Alomomola|Alomomola, F|100\/100\n|-damage|p1a: Alomomola|88\/100|[from] Stealth Rock\n|-damage|p1a: Alomomola|76\/100|[from] Spikes\n|-terastallize|p2a: Garchomp|Fairy\n|move|p2a: Garchomp|Scale Shot|p1a: Alomomola\n|-damage|p1a: Alomomola|67\/100\n|-damage|p1a: Alomomola|59\/100\n|-damage|p1a: Alomomola|51\/100\n|-hitcount|p1a: Alomomola|3\n|-unboost|p2a: Garchomp|def|1\n|-boost|p2a: Garchomp|spe|1\n|\n|-heal|p2a: Garchomp|60\/100|[from] item: Leftovers\n|upkeep\n|turn|12\n|inactive|BeardyBennett has 270 seconds left.\n|\n|t:|1697848700\n|move|p2a: Garchomp|Swords Dance|p2a: Garchomp\n|-boost|p2a: Garchomp|atk|2\n|move|p1a: Alomomola|Wish|p1a: Alomomola\n|\n|-heal|p2a: Garchomp|67\/100|[from] item: Leftovers\n|upkeep\n|turn|13\n|inactive|BeardyBennett has 270 seconds left.\n|\n|t:|1697848714\n|move|p2a: Garchomp|Earthquake|p1a: Alomomola\n|-damage|p1a: Alomomola|0 fnt\n|faint|p1a: Alomomola\n|\n|-heal|p2a: Garchomp|73\/100|[from] item: Leftovers\n|upkeep\n|\n|t:|1697848729\n|switch|p1a: Zacian|Zacian|100\/100\n|-ability|p1a: Zacian|Intrepid Sword|boost\n|-boost|p1a: Zacian|atk|1\n|turn|14\n|\n|t:|1697848740\n|move|p2a: Garchomp|Earthquake|p1a: Zacian\n|-damage|p1a: Zacian|9\/100\n|move|p1a: Zacian|Play Rough|p2a: Garchomp\n|-damage|p2a: Garchomp|0 fnt\n|-damage|p1a: Zacian|0 fnt|[from] ability: Rough Skin|[of] p2a: Garchomp\n|faint|p2a: Garchomp\n|faint|p1a: Zacian\n|\n|upkeep\n|inactive|BeardyBennett has 270 seconds left.\n|\n|t:|1697848763\n|switch|p1a: Weezing|Weezing-Galar, M|100\/100\n|switch|p2a: Cyclizar|Cyclizar, M|84\/100\n|-damage|p1a: Weezing|88\/100|[from] Stealth Rock\n|-damage|p1a: Weezing|76\/100|[from] Spikes\n|-fieldstart|move: Misty Terrain|[from] ability: Misty Surge|[of] p1a: Weezing\n|turn|15\n|\n|t:|1697848769\n|move|p2a: Cyclizar|Shed Tail|p2a: Cyclizar\n|-start|p2a: Cyclizar|Substitute|[from] move: Shed Tail\n|-damage|p2a: Cyclizar|34\/100\n|\n|t:|1697848774\n|switch|p2a: Magearna|Magearna|37\/100|[from] Shed Tail\n|move|p1a: Weezing|Defog|p2a: Magearna\n|-sideend|p1: PinkScourge|Spikes|[from] move: Defog|[of] p1a: Weezing\n|-sideend|p1: PinkScourge|Stealth Rock|[from] move: Defog|[of] p1a: Weezing\n|-fieldend|Misty Terrain\n|\n|-heal|p1a: Weezing|82\/100|[from] item: Leftovers\n|upkeep\n|turn|16\n|\n|t:|1697848786\n|switch|p1a: Scream Tail|Scream Tail|72\/100\n|move|p2a: Magearna|Thunderbolt|p1a: Scream Tail\n|-damage|p1a: Scream Tail|53\/100\n|\n|-heal|p1a: Scream Tail|59\/100|[from] item: Leftovers\n|upkeep\n|turn|17\n|\n|t:|1697848792\n|move|p1a: Scream Tail|Wish|p1a: Scream Tail\n|move|p2a: Magearna|Fleur Cannon|p1a: Scream Tail\n|-damage|p1a: Scream Tail|15\/100\n|-unboost|p2a: Magearna|spa|2\n|\n|-heal|p1a: Scream Tail|21\/100|[from] item: Leftovers\n|upkeep\n|turn|18\n|\n|t:|1697848798\n|move|p1a: Scream Tail|Protect|p1a: Scream Tail\n|-singleturn|p1a: Scream Tail|Protect\n|move|p2a: Magearna|Volt Switch|p1a: Scream Tail\n|-activate|p1a: Scream Tail|move: Protect\n|\n|-heal|p1a: Scream Tail|71\/100|[from] move: Wish|[wisher] Scream Tail\n|-heal|p1a: Scream Tail|77\/100|[from] item: Leftovers\n|upkeep\n|turn|19\n|\n|t:|1697848801\n|move|p1a: Scream Tail|Wish|p1a: Scream Tail\n|move|p2a: Magearna|Volt Switch|p1a: Scream Tail\n|-damage|p1a: Scream Tail|69\/100\n|\n|t:|1697848808\n|switch|p2a: Gliscor|Gliscor, M|100\/100|[from] Volt Switch\n|\n|-heal|p1a: Scream Tail|75\/100|[from] item: Leftovers\n|upkeep\n|turn|20\n|\n|t:|1697848813\n|-end|p1a: Scream Tail|Protosynthesis|[silent]\n|switch|p1a: Arceus|Arceus-Fire, tera:Dark|45\/100\n|move|p2a: Gliscor|Stealth Rock|p1a: Arceus\n|-sidestart|p1: PinkScourge|move: Stealth Rock\n|\n|-heal|p1a: Arceus|94\/100|[from] move: Wish|[wisher] Scream Tail\n|upkeep\n|turn|21\n|\n|t:|1697848823\n|switch|p2a: Volcarona|Volcarona, M|100\/100\n|move|p1a: Arceus|Will-O-Wisp|p2a: Volcarona\n|-immune|p2a: Volcarona\n|\n|upkeep\n|turn|22\n|\n|t:|1697848833\n|move|p2a: Volcarona|Quiver Dance|p2a: Volcarona\n|-boost|p2a: Volcarona|spa|1\n|-boost|p2a: Volcarona|spd|1\n|-boost|p2a: Volcarona|spe|1\n|move|p1a: Arceus|Judgment|p2a: Volcarona\n|-damage|p2a: Volcarona|67\/100\n|\n|upkeep\n|turn|23\n|\n|t:|1697848840\n|switch|p1a: Scream Tail|Scream Tail|75\/100\n|-damage|p1a: Scream Tail|63\/100|[from] Stealth Rock\n|move|p2a: Volcarona|Quiver Dance|p2a: Volcarona\n|-boost|p2a: Volcarona|spa|1\n|-boost|p2a: Volcarona|spd|1\n|-boost|p2a: Volcarona|spe|1\n|\n|-heal|p1a: Scream Tail|69\/100|[from] item: Leftovers\n|upkeep\n|turn|24\n|\n|t:|1697848843\n|move|p2a: Volcarona|Fiery Dance|p1a: Scream Tail\n|-damage|p1a: Scream Tail|25\/100\n|-boost|p2a: Volcarona|spa|1\n|move|p1a: Scream Tail|Perish Song|p1a: Scream Tail\n|-start|p1a: Scream Tail|perish3|[silent]\n|-start|p2a: Volcarona|perish3|[silent]\n|-fieldactivate|move: Perish Song\n|\n|-heal|p1a: Scream Tail|31\/100|[from] item: Leftovers\n|-start|p2a: Volcarona|perish3\n|-start|p1a: Scream Tail|perish3\n|upkeep\n|turn|25\n|\n|t:|1697848850\n|move|p1a: Scream Tail|Protect|p1a: Scream Tail\n|-singleturn|p1a: Scream Tail|Protect\n|move|p2a: Volcarona|Fiery Dance|p1a: Scream Tail\n|-activate|p1a: Scream Tail|move: Protect\n|\n|-heal|p1a: Scream Tail|37\/100|[from] item: Leftovers\n|-start|p2a: Volcarona|perish2\n|-start|p1a: Scream Tail|perish2\n|upkeep\n|turn|26\n|\n|t:|1697848872\n|move|p2a: Volcarona|Fiery Dance|p1a: Scream Tail\n|-damage|p1a: Scream Tail|0 fnt\n|faint|p1a: Scream Tail\n|-end|p1a: Scream Tail|Protosynthesis|[silent]\n|\n|-start|p2a: Volcarona|perish1\n|upkeep\n|\n|t:|1697848874\n|switch|p1a: Gothitelle|Gothitelle, M|62\/100 tox\n|-damage|p1a: Gothitelle|50\/100 tox|[from] Stealth Rock\n|turn|27\n|\n|t:|1697848885\n|move|p1a: Gothitelle|Protect|p1a: Gothitelle\n|-singleturn|p1a: Gothitelle|Protect\n|move|p2a: Volcarona|Bug Buzz|p1a: Gothitelle\n|-activate|p1a: Gothitelle|move: Protect\n|\n|-damage|p1a: Gothitelle|44\/100 tox|[from] psn\n|-start|p2a: Volcarona|perish0\n|faint|p2a: Volcarona\n|upkeep\n|\n|t:|1697848905\n|switch|p2a: Cyclizar|Cyclizar, M|67\/100\n|turn|28\n|\n|t:|1697848910\n|move|p2a: Cyclizar|Shed Tail|p2a: Cyclizar\n|-start|p2a: Cyclizar|Substitute|[from] move: Shed Tail\n|-damage|p2a: Cyclizar|17\/100\n|\n|t:|1697848914\n|switch|p2a: Urshifu|Urshifu, F|100\/100|[from] Shed Tail\n|move|p1a: Gothitelle|Trick||[still]\n|-fail|p1a: Gothitelle\n|\n|-damage|p1a: Gothitelle|32\/100 tox|[from] psn\n|upkeep\n|turn|29\n|\n|t:|1697848920\n|move|p2a: Urshifu|Swords Dance|p2a: Urshifu\n|-boost|p2a: Urshifu|atk|2\n|move|p1a: Gothitelle|Thunderbolt|p2a: Urshifu\n|-end|p2a: Urshifu|Substitute\n|\n|-damage|p1a: Gothitelle|13\/100 tox|[from] psn\n|upkeep\n|turn|30\n|\n|t:|1697848930\n|move|p2a: Urshifu|Swords Dance|p2a: Urshifu\n|-boost|p2a: Urshifu|atk|2\n|move|p1a: Gothitelle|Thunderbolt|p2a: Urshifu\n|-damage|p2a: Urshifu|59\/100\n|\n|-damage|p1a: Gothitelle|0 fnt|[from] psn\n|faint|p1a: Gothitelle\n|upkeep\n|\n|t:|1697848936\n|switch|p1a: Weezing|Weezing-Galar, M|82\/100\n|-damage|p1a: Weezing|70\/100|[from] Stealth Rock\n|-fieldstart|move: Misty Terrain|[from] ability: Misty Surge|[of] p1a: Weezing\n|turn|31\n|\n|t:|1697848941\n|move|p2a: Urshifu|Wicked Blow|p1a: Weezing\n|-resisted|p1a: Weezing\n|-crit|p1a: Weezing\n|-damage|p1a: Weezing|0 fnt\n|faint|p1a: Weezing\n|\n|upkeep\n|\n|t:|1697848944\n|switch|p1a: Arceus|Arceus-Fire, tera:Dark|94\/100\n|-damage|p1a: Arceus|81\/100|[from] Stealth Rock\n|turn|32\n|\n|t:|1697848947\n|move|p2a: Urshifu|Wicked Blow|p1a: Arceus\n|-resisted|p1a: Arceus\n|-crit|p1a: Arceus\n|-damage|p1a: Arceus|9\/100\n|move|p1a: Arceus|Judgment|p2a: Urshifu\n|-damage|p2a: Urshifu|0 fnt\n|faint|p2a: Urshifu\n|\n|upkeep\n|\n|t:|1697848951\n|switch|p2a: Cyclizar|Cyclizar, M|50\/100\n|turn|33\n|\n|t:|1697848953\n|move|p2a: Cyclizar|U-turn|p1a: Arceus\n|-supereffective|p1a: Arceus\n|-damage|p1a: Arceus|0 fnt\n|faint|p1a: Arceus\n|\n|win|BeardyBennett\n|c|\u2606BeardyBennett|Gg\n|c|\u2606PinkScourge|GG\n","uploadtime":1697848961,"views":12,"p1id":"pinkscourge","p2id":"beardybennett","formatid":"gen9ubers","rating":0,"private":0,"password":""}