{"id":"gen9ubers-1998723215","p1":"kadomatsu","p2":"TheKingoftheCucks","format":"[Gen 9] Ubers","log":"|j|\u2606kadomatsu\n|j|\u2606TheKingoftheCucks\n|t:|1700978075\n|gametype|singles\n|player|p1|kadomatsu|leaf-masters|\n|player|p2|TheKingoftheCucks|1|\n|teamsize|p1|6\n|teamsize|p2|6\n|gen|9\n|tier|[Gen 9] Ubers\n|rule|Sleep Clause Mod: Limit one foe put to sleep\n|rule|Species Clause: Limit one of each Pok\u00e9mon\n|rule|OHKO Clause: OHKO moves are banned\n|rule|Evasion Items Clause: Evasion items are banned\n|rule|Evasion Moves Clause: Evasion moves are banned\n|rule|Endless Battle Clause: Forcing endless battles is banned\n|rule|HP Percentage Mod: HP is shown in percentages\n|clearpoke\n|poke|p1|Samurott-Hisui, F|\n|poke|p1|Walking Wake|\n|poke|p1|Empoleon, F|\n|poke|p1|Espeon, F|\n|poke|p1|Zapdos|\n|poke|p1|Pelipper, M|\n|poke|p2|Baxcalibur, F|\n|poke|p2|Abomasnow, F|\n|poke|p2|Cutiefly, F|\n|poke|p2|Qwilfish, M|\n|poke|p2|Sandslash-Alola, M|\n|poke|p2|Annihilape, M|\n|teampreview\n|inactive|Battle timer is ON: inactive players will automatically lose when time's up. (requested by kadomatsu)\n|\n|t:|1700978156\n|start\n|switch|p1a: Espeon|Espeon, F|100\/100\n|switch|p2a: Cutiefly|Cutiefly, F|100\/100\n|turn|1\n|j| Apezilla\n|inactive|kadomatsu has 270 seconds left.\n|\n|t:|1700978189\n|-terastallize|p1a: Espeon|Fairy\n|move|p1a: Espeon|Calm Mind|p1a: Espeon\n|-boost|p1a: Espeon|spa|1\n|-boost|p1a: Espeon|spd|1\n|move|p2a: Cutiefly|Quiver Dance|p2a: Cutiefly\n|-boost|p2a: Cutiefly|spa|1\n|-boost|p2a: Cutiefly|spd|1\n|-boost|p2a: Cutiefly|spe|1\n|\n|upkeep\n|turn|2\n|inactive|kadomatsu has 270 seconds left.\n|\n|t:|1700978212\n|move|p2a: Cutiefly|Bug Buzz|p1a: Espeon\n|-resisted|p1a: Espeon\n|-damage|p1a: Espeon|83\/100\n|move|p1a: Espeon|Calm Mind|p1a: Espeon\n|-boost|p1a: Espeon|spa|1\n|-boost|p1a: Espeon|spd|1\n|\n|upkeep\n|turn|3\n|inactive|kadomatsu has 270 seconds left.\n|inactive|TheKingoftheCucks has 270 seconds left.\n|inactive|kadomatsu has 240 seconds left.\n|\n|t:|1700978275\n|switch|p2a: Abomasnow|Abomasnow, F|100\/100\n|-weather|Snow|[from] ability: Snow Warning|[of] p2a: Abomasnow\n|move|p1a: Espeon|Calm Mind|p1a: Espeon\n|-boost|p1a: Espeon|spa|1\n|-boost|p1a: Espeon|spd|1\n|\n|-weather|Snow|[upkeep]\n|upkeep\n|turn|4\n|inactive|TheKingoftheCucks has 270 seconds left.\n|\n|t:|1700978292\n|move|p1a: Espeon|Stored Power|p2a: Abomasnow\n|-damage|p2a: Abomasnow|0 fnt\n|faint|p2a: Abomasnow\n|\n|-weather|Snow|[upkeep]\n|upkeep\n|\n|t:|1700978298\n|switch|p2a: Sandslash|Sandslash-Alola, M|100\/100\n|turn|5\n|inactive|TheKingoftheCucks has 270 seconds left.\n|inactive|kadomatsu has 210 seconds left.\n|\n|t:|1700978350\n|switch|p1a: Zapdos|Zapdos|100\/100\n|move|p2a: Sandslash|Iron Head|p1a: Zapdos\n|-resisted|p1a: Zapdos\n|-damage|p1a: Zapdos|77\/100\n|-status|p2a: Sandslash|par|[from] ability: Static|[of] p1a: Zapdos\n|\n|-weather|Snow|[upkeep]\n|upkeep\n|turn|6\n|inactive|TheKingoftheCucks has 270 seconds left.\n|inactive|TheKingoftheCucks has 240 seconds left.\n|\n|t:|1700978397\n|switch|p2a: Baxcalibur|Baxcalibur, F|100\/100\n|move|p1a: Zapdos|Volt Switch|p2a: Baxcalibur\n|-resisted|p2a: Baxcalibur\n|-damage|p2a: Baxcalibur|81\/100\n|inactive|kadomatsu has 180 seconds left.\n|\n|t:|1700978429\n|switch|p1a: Pelipper|Pelipper, M|100\/100|[from] Volt Switch\n|-weather|RainDance|[from] ability: Drizzle|[of] p1a: Pelipper\n|\n|-weather|RainDance|[upkeep]\n|upkeep\n|turn|7\n|inactive|TheKingoftheCucks has 240 seconds left.\n|inactive|TheKingoftheCucks has 210 seconds left.\n|\n|t:|1700978470\n|move|p2a: Baxcalibur|Icicle Spear|p1a: Pelipper\n|-crit|p1a: Pelipper\n|-damage|p1a: Pelipper|82\/100\n|-damage|p1a: Pelipper|70\/100\n|-damage|p1a: Pelipper|57\/100\n|-damage|p1a: Pelipper|44\/100\n|-damage|p1a: Pelipper|32\/100\n|-hitcount|p1a: Pelipper|5\n|move|p1a: Pelipper|Soak|p2a: Baxcalibur\n|-start|p2a: Baxcalibur|typechange|Water\n|\n|-weather|RainDance|[upkeep]\n|upkeep\n|turn|8\n|inactive|TheKingoftheCucks has 210 seconds left.\n|inactive|kadomatsu has 150 seconds left.\n|\n|t:|1700978510\n|move|p2a: Baxcalibur|Dragon Dance|p2a: Baxcalibur\n|-boost|p2a: Baxcalibur|atk|1\n|-boost|p2a: Baxcalibur|spe|1\n|move|p1a: Pelipper|Chilling Water|p2a: Baxcalibur\n|-resisted|p2a: Baxcalibur\n|-damage|p2a: Baxcalibur|67\/100\n|-unboost|p2a: Baxcalibur|atk|1\n|\n|-weather|RainDance|[upkeep]\n|upkeep\n|turn|9\n|\n|t:|1700978519\n|move|p2a: Baxcalibur|Icicle Spear|p1a: Pelipper\n|-damage|p1a: Pelipper|24\/100\n|-damage|p1a: Pelipper|16\/100\n|-damage|p1a: Pelipper|7\/100\n|-damage|p1a: Pelipper|0 fnt\n|faint|p1a: Pelipper\n|-hitcount|p1: Pelipper|4\n|\n|-weather|RainDance|[upkeep]\n|upkeep\n|inactive|kadomatsu has 120 seconds left.\n|\n|t:|1700978548\n|switch|p1a: Espeon|Espeon, F, tera:Fairy|83\/100\n|turn|10\n|inactive|kadomatsu has 120 seconds left.\n|\n|t:|1700978563\n|move|p2a: Baxcalibur|Icicle Spear|p1a: Espeon\n|-damage|p1a: Espeon|66\/100\n|-damage|p1a: Espeon|50\/100\n|-damage|p1a: Espeon|33\/100\n|-damage|p1a: Espeon|16\/100\n|-damage|p1a: Espeon|0 fnt\n|faint|p1a: Espeon\n|-hitcount|p1: Espeon|5\n|\n|-weather|RainDance|[upkeep]\n|upkeep\n|inactive|kadomatsu has 90 seconds left.\n|\n|t:|1700978609\n|switch|p1a: Walking Wake|Walking Wake|100\/100\n|-enditem|p1a: Walking Wake|Booster Energy\n|-activate|p1a: Walking Wake|ability: Protosynthesis|[fromitem]\n|-start|p1a: Walking Wake|protosynthesisspa\n|turn|11\n|inactive|kadomatsu has 60 seconds left.\n|\n|t:|1700978649\n|move|p2a: Baxcalibur|Scale Shot|p1a: Walking Wake\n|-supereffective|p1a: Walking Wake\n|-damage|p1a: Walking Wake|75\/100\n|-supereffective|p1a: Walking Wake\n|-damage|p1a: Walking Wake|52\/100\n|-supereffective|p1a: Walking Wake\n|-damage|p1a: Walking Wake|27\/100\n|-supereffective|p1a: Walking Wake\n|-damage|p1a: Walking Wake|6\/100\n|-hitcount|p1a: Walking Wake|4\n|-unboost|p2a: Baxcalibur|def|1\n|-boost|p2a: Baxcalibur|spe|1\n|move|p1a: Walking Wake|Agility|p1a: Walking Wake\n|-boost|p1a: Walking Wake|spe|2\n|\n|-weather|RainDance|[upkeep]\n|upkeep\n|turn|12\n|inactive|TheKingoftheCucks has 180 seconds left.\n|\n|t:|1700978678\n|move|p1a: Walking Wake|Dragon Pulse|p2a: Baxcalibur\n|-damage|p2a: Baxcalibur|10\/100\n|move|p2a: Baxcalibur|Scale Shot|p1a: Walking Wake\n|-supereffective|p1a: Walking Wake\n|-damage|p1a: Walking Wake|0 fnt\n|faint|p1a: Walking Wake\n|-end|p1a: Walking Wake|Protosynthesis|[silent]\n|-hitcount|p1: Walking Wake|1\n|-unboost|p2a: Baxcalibur|def|1\n|-boost|p2a: Baxcalibur|spe|1\n|\n|-weather|RainDance|[upkeep]\n|upkeep\n|inactive|kadomatsu has 30 seconds left.\n|inactive|kadomatsu has 20 seconds left.\n|\n|t:|1700978704\n|switch|p1a: Samurott|Samurott-Hisui, F|100\/100\n|turn|13\n|inactive|kadomatsu has 30 seconds left this turn.\n|inactive|TheKingoftheCucks has 180 seconds left.\n|\n|t:|1700978718\n|move|p2a: Baxcalibur|Scale Shot|p1a: Samurott\n|-damage|p1a: Samurott|86\/100\n|-damage|p1a: Samurott|74\/100\n|-damage|p1a: Samurott|59\/100\n|-crit|p1a: Samurott\n|-damage|p1a: Samurott|39\/100\n|-damage|p1a: Samurott|27\/100\n|-hitcount|p1a: Samurott|5\n|-unboost|p2a: Baxcalibur|def|1\n|-boost|p2a: Baxcalibur|spe|1\n|move|p1a: Samurott|Aqua Cutter|p2a: Baxcalibur\n|-resisted|p2a: Baxcalibur\n|-damage|p2a: Baxcalibur|0 fnt\n|faint|p2a: Baxcalibur\n|-damage|p1a: Samurott|17\/100|[from] item: Life Orb\n|\n|-weather|none\n|upkeep\n|inactive|kadomatsu has 30 seconds left this turn.\n|inactive|TheKingoftheCucks has 180 seconds left.\n|inactive|TheKingoftheCucks has 150 seconds left.\n|\n|t:|1700978780\n|switch|p2a: Qwilfish|Qwilfish, M|100\/100\n|-ability|p2a: Qwilfish|Intimidate|boost\n|-unboost|p1a: Samurott|atk|1\n|turn|14\n|inactive|kadomatsu has 30 seconds left.\n|\n|t:|1700978798\n|switch|p1a: Zapdos|Zapdos|77\/100\n|move|p2a: Qwilfish|Flip Turn|p1a: Zapdos\n|-damage|p1a: Zapdos|52\/100\n|inactive|kadomatsu has 30 seconds left this turn.\n|\n|t:|1700978811\n|switch|p2a: Cutiefly|Cutiefly, F|100\/100|[from] Flip Turn\n|\n|upkeep\n|turn|15\n|inactive|kadomatsu has 30 seconds left.\n|\n|t:|1700978824\n|move|p1a: Zapdos|Volt Switch|p2a: Cutiefly\n|-enditem|p2a: Cutiefly|Focus Sash\n|-damage|p2a: Cutiefly|1\/100\n|inactive|kadomatsu has 30 seconds left.\n|\n|t:|1700978830\n|switch|p1a: Empoleon|Empoleon, F|100\/100|[from] Volt Switch\n|move|p2a: Cutiefly|Sticky Web|p1a: Empoleon\n|-sidestart|p1: kadomatsu|move: Sticky Web\n|\n|upkeep\n|turn|16\n|inactive|kadomatsu has 30 seconds left.\n|\n|t:|1700978846\n|move|p2a: Cutiefly|Thief|p1a: Empoleon\n|-damage|p1a: Empoleon|93\/100\n|-enditem|p1a: Empoleon|Life Orb|[silent]|[from] move: Thief|[of] p2a: Cutiefly\n|-item|p2a: Cutiefly|Life Orb|[from] move: Thief|[of] p1a: Empoleon\n|-damage|p2a: Cutiefly|0 fnt|[from] item: Life Orb\n|faint|p2a: Cutiefly\n|move|p1a: Empoleon|Surf|p2: Cutiefly|[notarget]\n|-fail|p1a: Empoleon\n|\n|upkeep\n|inactive|kadomatsu has 30 seconds left this turn.\n|\n|t:|1700978866\n|switch|p2a: Annihilape|Annihilape, M|100\/100\n|turn|17\n|inactive|kadomatsu has 30 seconds left.\n|inactive|TheKingoftheCucks has 120 seconds left.\n|inactive|kadomatsu has 20 seconds left.\n|\n|t:|1700978888\n|switch|p1a: Zapdos|Zapdos|52\/100\n|move|p2a: Annihilape|Close Combat|p1a: Zapdos\n|-resisted|p1a: Zapdos\n|-damage|p1a: Zapdos|17\/100\n|-unboost|p2a: Annihilape|def|1\n|-unboost|p2a: Annihilape|spd|1\n|\n|upkeep\n|turn|18\n|inactive|kadomatsu has 30 seconds left this turn.\n|inactive|kadomatsu has 20 seconds left.\n|inactive|TheKingoftheCucks has 120 seconds left.\n|\n|t:|1700978908\n|move|p1a: Zapdos|Hurricane|p2a: Annihilape\n|-supereffective|p2a: Annihilape\n|-damage|p2a: Annihilape|0 fnt\n|faint|p2a: Annihilape\n|\n|upkeep\n|inactive|kadomatsu has 25 seconds left this turn.\n|\n|t:|1700978920\n|switch|p2a: Sandslash|Sandslash-Alola, M|100\/100 par\n|turn|19\n|inactive|kadomatsu has 30 seconds left.\n|\n|t:|1700978935\n|move|p1a: Zapdos|Volt Switch|p2a: Sandslash\n|-damage|p2a: Sandslash|52\/100 par\n|inactive|kadomatsu has 30 seconds left this turn.\n|\n|t:|1700978937\n|switch|p1a: Empoleon|Empoleon, F|93\/100|[from] Volt Switch\n|-activate|p1a: Empoleon|move: Sticky Web\n|-unboost|p1a: Empoleon|spe|1\n|-ability|p1a: Empoleon|Competitive|boost\n|-boost|p1a: Empoleon|spa|2\n|cant|p2a: Sandslash|par\n|\n|upkeep\n|turn|20\n|\n|t:|1700978957\n|switch|p2a: Qwilfish|Qwilfish, M|100\/100\n|-ability|p2a: Qwilfish|Intimidate|boost\n|-unboost|p1a: Empoleon|atk|1\n|-ability|p1a: Empoleon|Competitive|boost\n|-boost|p1a: Empoleon|spa|2\n|move|p1a: Empoleon|Surf|p2a: Qwilfish\n|-resisted|p2a: Qwilfish\n|-damage|p2a: Qwilfish|0 fnt\n|faint|p2a: Qwilfish\n|\n|upkeep\n|\n|t:|1700978967\n|switch|p2a: Sandslash|Sandslash-Alola, M|52\/100 par\n|turn|21\n|\n|t:|1700978971\n|move|p1a: Empoleon|Surf|p2a: Sandslash\n|-damage|p2a: Sandslash|0 fnt\n|faint|p2a: Sandslash\n|\n|win|kadomatsu\n","uploadtime":1700978977,"views":6,"p1id":"kadomatsu","p2id":"thekingofthecucks","formatid":"gen9ubers","rating":0,"private":0,"password":""}