{"id":"gen9ubers-1978803118","p1":"XpokVEVO","p2":"SwordIsBored","format":"[Gen 9] Ubers","log":"|j|\u2606XpokVEVO\n|j|\u2606SwordIsBored\n|t:|1698597115\n|gametype|singles\n|player|p1|XpokVEVO|anabel|\n|player|p2|SwordIsBored|irida|\n|teamsize|p1|6\n|teamsize|p2|6\n|gen|9\n|tier|[Gen 9] Ubers\n|rule|Sleep Clause Mod: Limit one foe put to sleep\n|rule|Species Clause: Limit one of each Pok\u00e9mon\n|rule|OHKO Clause: OHKO moves are banned\n|rule|Evasion Items Clause: Evasion items are banned\n|rule|Evasion Moves Clause: Evasion moves are banned\n|rule|Endless Battle Clause: Forcing endless battles is banned\n|rule|HP Percentage Mod: HP is shown in percentages\n|clearpoke\n|poke|p1|Ursaluna, M|\n|poke|p1|Magearna|\n|poke|p1|Dialga|\n|poke|p1|Glastrier|\n|poke|p1|Hoopa-Unbound|\n|poke|p1|Hatterene, F|\n|poke|p2|Ninetales-Alola, F|\n|poke|p2|Arceus-Fire|\n|poke|p2|Espathra, F|\n|poke|p2|Magearna|\n|poke|p2|Hatterene, F|\n|poke|p2|Ursaluna-Bloodmoon, M|\n|teampreview\n|\n|t:|1698597130\n|start\n|switch|p1a: Magearna|Magearna|100\/100\n|switch|p2a: Ursaluna|Ursaluna-Bloodmoon, M|100\/100\n|turn|1\n|inactive|Battle timer is ON: inactive players will automatically lose when time's up. (requested by XpokVEVO)\n|inactiveoff|Battle timer is now OFF.\n|\n|t:|1698597134\n|move|p2a: Ursaluna|Earth Power|p1a: Magearna\n|-supereffective|p1a: Magearna\n|-damage|p1a: Magearna|13\/100\n|move|p1a: Magearna|Trick Room|p1a: Magearna\n|-fieldstart|move: Trick Room|[of] p1a: Magearna\n|\n|-heal|p1a: Magearna|19\/100|[from] item: Leftovers\n|upkeep\n|turn|2\n|\n|t:|1698597139\n|move|p1a: Magearna|Energy Ball|p2a: Ursaluna\n|-supereffective|p2a: Ursaluna\n|-damage|p2a: Ursaluna|15\/100\n|move|p2a: Ursaluna|Blood Moon|p1a: Magearna\n|-resisted|p1a: Magearna\n|-damage|p1a: Magearna|0 fnt\n|faint|p1a: Magearna\n|\n|-heal|p2a: Ursaluna|21\/100|[from] item: Leftovers\n|upkeep\n|\n|t:|1698597143\n|switch|p1a: Glastrier|Glastrier|100\/100\n|turn|3\n|\n|t:|1698597149\n|switch|p2a: Ninetales|Ninetales-Alola, F|100\/100\n|-weather|Snow|[from] ability: Snow Warning|[of] p2a: Ninetales\n|move|p1a: Glastrier|High Horsepower|p2a: Ninetales\n|-damage|p2a: Ninetales|62\/100\n|-damage|p1a: Glastrier|91\/100|[from] item: Life Orb\n|\n|-weather|Snow|[upkeep]\n|upkeep\n|turn|4\n|\n|t:|1698597155\n|move|p1a: Glastrier|Heavy Slam|p2a: Ninetales\n|-supereffective|p2a: Ninetales\n|-damage|p2a: Ninetales|0 fnt\n|faint|p2a: Ninetales\n|-ability|p1a: Glastrier|Chilling Neigh|boost\n|-boost|p1a: Glastrier|atk|1\n|-damage|p1a: Glastrier|81\/100|[from] item: Life Orb\n|\n|-weather|Snow|[upkeep]\n|upkeep\n|\n|t:|1698597164\n|switch|p2a: Hatterene|Hatterene, F|100\/100\n|turn|5\n|\n|t:|1698597172\n|-terastallize|p2a: Hatterene|Water\n|move|p1a: Glastrier|High Horsepower|p2a: Hatterene\n|-damage|p2a: Hatterene|38\/100\n|-damage|p1a: Glastrier|71\/100|[from] item: Life Orb\n|move|p2a: Hatterene|Nuzzle|p1a: Glastrier\n|-damage|p1a: Glastrier|69\/100\n|-status|p1a: Glastrier|par\n|\n|-weather|Snow|[upkeep]\n|-heal|p2a: Hatterene|44\/100|[from] item: Leftovers\n|-fieldend|move: Trick Room\n|upkeep\n|turn|6\n|\n|t:|1698597183\n|move|p2a: Hatterene|Stored Power|p1a: Glastrier\n|-damage|p1a: Glastrier|61\/100 par\n|cant|p1a: Glastrier|par\n|\n|-weather|Snow|[upkeep]\n|-heal|p2a: Hatterene|50\/100|[from] item: Leftovers\n|upkeep\n|turn|7\n|\n|t:|1698597186\n|move|p2a: Hatterene|Draining Kiss|p1a: Glastrier\n|-damage|p1a: Glastrier|44\/100 par\n|-heal|p2a: Hatterene|67\/100|[from] drain|[of] p1a: Glastrier\n|move|p1a: Glastrier|High Horsepower|p2a: Hatterene\n|-damage|p2a: Hatterene|6\/100\n|-damage|p1a: Glastrier|34\/100 par|[from] item: Life Orb\n|\n|-weather|none\n|-heal|p2a: Hatterene|12\/100|[from] item: Leftovers\n|upkeep\n|turn|8\n|c|\u2606SwordIsBored|misclick\n|c|\u2606SwordIsBored|kek\n|\n|t:|1698597193\n|move|p2a: Hatterene|Draining Kiss|p1a: Glastrier\n|-damage|p1a: Glastrier|15\/100 par\n|-heal|p2a: Hatterene|30\/100|[from] drain|[of] p1a: Glastrier\n|cant|p1a: Glastrier|par\n|\n|-heal|p2a: Hatterene|36\/100|[from] item: Leftovers\n|upkeep\n|turn|9\n|\n|t:|1698597197\n|move|p2a: Hatterene|Draining Kiss|p1a: Glastrier\n|-damage|p1a: Glastrier|0 fnt\n|-heal|p2a: Hatterene|50\/100|[from] drain|[of] p1a: Glastrier\n|faint|p1a: Glastrier\n|\n|-heal|p2a: Hatterene|56\/100|[from] item: Leftovers\n|upkeep\n|\n|t:|1698597200\n|switch|p1a: Dialga|Dialga, shiny|100\/100\n|-ability|p1a: Dialga|Pressure\n|turn|10\n|\n|t:|1698597211\n|switch|p2a: Ursaluna|Ursaluna-Bloodmoon, M|21\/100\n|move|p1a: Dialga|Trick Room|p1a: Dialga\n|-fieldstart|move: Trick Room|[of] p1a: Dialga\n|\n|-heal|p2a: Ursaluna|27\/100|[from] item: Leftovers\n|upkeep\n|turn|11\n|\n|t:|1698597217\n|move|p1a: Dialga|Draco Meteor|p2a: Ursaluna\n|-damage|p2a: Ursaluna|0 fnt\n|-unboost|p1a: Dialga|spa|2\n|-enditem|p1a: Dialga|Eject Pack\n|faint|p2a: Ursaluna\n|\n|t:|1698597226\n|switch|p1a: Ursaluna|Ursaluna, M, shiny|100\/100\n|\n|-status|p1a: Ursaluna|brn|[from] item: Flame Orb\n|upkeep\n|\n|t:|1698597255\n|switch|p2a: Espathra|Espathra, F|100\/100\n|turn|12\n|\n|t:|1698597264\n|move|p1a: Ursaluna|Facade|p2a: Espathra\n|-damage|p2a: Espathra|0 fnt\n|faint|p2a: Espathra\n|\n|-damage|p1a: Ursaluna|94\/100 brn|[from] brn\n|upkeep\n|c|\u2606XpokVEVO|Predicted predict\n|\n|t:|1698597276\n|switch|p2a: Magearna|Magearna|100\/100\n|turn|13\n|c|\u2606XpokVEVO|?\n|\n|t:|1698597286\n|move|p1a: Ursaluna|Headlong Rush|p2a: Magearna\n|-supereffective|p2a: Magearna\n|-damage|p2a: Magearna|0 fnt\n|-unboost|p1a: Ursaluna|def|1\n|-unboost|p1a: Ursaluna|spd|1\n|faint|p2a: Magearna\n|\n|-damage|p1a: Ursaluna|88\/100 brn|[from] brn\n|upkeep\n|\n|t:|1698597293\n|switch|p2a: Hatterene|Hatterene, F, tera:Water|56\/100\n|turn|14\n|\n|t:|1698597298\n|move|p1a: Ursaluna|Facade|p2a: Hatterene\n|-damage|p2a: Hatterene|0 fnt\n|faint|p2a: Hatterene\n|\n|-damage|p1a: Ursaluna|82\/100 brn|[from] brn\n|-fieldend|move: Trick Room\n|upkeep\n|\n|t:|1698597301\n|switch|p2a: Arceus|Arceus-Fire|100\/100\n|turn|15\n|\n|t:|1698597304\n|move|p2a: Arceus|Flare Blitz|p1a: Ursaluna\n|-damage|p1a: Ursaluna|3\/100 brn\n|-damage|p2a: Arceus|71\/100|[from] Recoil\n|move|p1a: Ursaluna|Facade|p2a: Arceus\n|-damage|p2a: Arceus|0 fnt\n|faint|p2a: Arceus\n|\n|win|XpokVEVO\n|c|\u2606SwordIsBored|ggs\n|c|\u2606XpokVEVO|Gg\n","uploadtime":1698597312,"views":6,"p1id":"xpokvevo","p2id":"swordisbored","formatid":"gen9ubers","rating":0,"private":0,"password":""}