{"id":"gen9ubers-1988738069","p1":"bennymbs","p2":"frozenly","format":"[Gen 9] Ubers","log":"|j|\u2606bennymbs\n|j|\u2606frozenly\n|t:|1699756827\n|gametype|singles\n|player|p1|bennymbs|mina|\n|player|p2|frozenly|169|\n|teamsize|p1|6\n|teamsize|p2|6\n|gen|9\n|tier|[Gen 9] Ubers\n|rule|Sleep Clause Mod: Limit one foe put to sleep\n|rule|Species Clause: Limit one of each Pok\u00e9mon\n|rule|OHKO Clause: OHKO moves are banned\n|rule|Evasion Items Clause: Evasion items are banned\n|rule|Evasion Moves Clause: Evasion moves are banned\n|rule|Endless Battle Clause: Forcing endless battles is banned\n|rule|HP Percentage Mod: HP is shown in percentages\n|clearpoke\n|poke|p1|Cyclizar, F|\n|poke|p1|Zacian-*|\n|poke|p1|Magearna|\n|poke|p1|Palkia-Origin|\n|poke|p1|Arceus-Fire|\n|poke|p1|Jirachi|\n|poke|p2|Torkoal, F|\n|poke|p2|Walking Wake|\n|poke|p2|Chi-Yu|\n|poke|p2|Arceus-Grass|\n|poke|p2|Zacian-*|\n|poke|p2|Magearna-Original|\n|teampreview\n|inactive|Battle timer is ON: inactive players will automatically lose when time's up. (requested by bennymbs)\n|inactive|bennymbs has 270 seconds left.\n|\n|t:|1699756865\n|start\n|switch|p1a: My GOAT|Cyclizar, F|100\/100\n|switch|p2a: Torkoal|Torkoal, F|100\/100\n|-weather|SunnyDay|[from] ability: Drought|[of] p2a: Torkoal\n|turn|1\n|\n|t:|1699756884\n|move|p1a: My GOAT|Knock Off|p2a: Torkoal\n|-damage|p2a: Torkoal|89\/100\n|-enditem|p2a: Torkoal|Heat Rock|[from] move: Knock Off|[of] p1a: My GOAT\n|move|p2a: Torkoal|Stealth Rock|p1a: My GOAT\n|-sidestart|p1: bennymbs|move: Stealth Rock\n|\n|-weather|SunnyDay|[upkeep]\n|upkeep\n|turn|2\n|\n|t:|1699756912\n|switch|p2a: Zacian|Zacian|100\/100\n|-ability|p2a: Zacian|Intrepid Sword|boost\n|-boost|p2a: Zacian|atk|1\n|move|p1a: My GOAT|Rapid Spin|p2a: Zacian\n|-damage|p2a: Zacian|85\/100\n|-boost|p1a: My GOAT|spe|1\n|-sideend|p1: bennymbs|Stealth Rock|[from] move: Rapid Spin|[of] p1a: My GOAT\n|\n|-weather|SunnyDay|[upkeep]\n|upkeep\n|turn|3\n|\n|t:|1699756923\n|move|p1a: My GOAT|Shed Tail|p1a: My GOAT\n|-start|p1a: My GOAT|Substitute|[from] move: Shed Tail\n|-damage|p1a: My GOAT|50\/100\n|inactive|bennymbs has 270 seconds left.\n|l|\u2606bennymbs\n|inactive|bennymbs disconnected and has 300 seconds to reconnect!\n|player|p1|\n|j|\u2606bennymbs\n|inactive|bennymbs reconnected and has 255 seconds left.\n|player|p1|bennymbs|mina\n|\n|t:|1699756985\n|switch|p1a: Oh Moon and Star|Jirachi|100\/100|[from] Shed Tail\n|move|p2a: Zacian|Play Rough|p1a: Oh Moon and Star|[miss]\n|-miss|p2a: Zacian|p1a: Oh Moon and Star\n|\n|-weather|SunnyDay|[upkeep]\n|upkeep\n|turn|4\n|\n|t:|1699757000\n|switch|p2a: Chi-Yu|Chi-Yu|100\/100\n|-ability|p2a: Chi-Yu|Beads of Ruin\n|move|p1a: Oh Moon and Star|Iron Head|p2a: Chi-Yu\n|-resisted|p2a: Chi-Yu\n|-damage|p2a: Chi-Yu|71\/100\n|\n|-weather|SunnyDay|[upkeep]\n|upkeep\n|turn|5\n|\n|t:|1699757017\n|-terastallize|p1a: Oh Moon and Star|Steel\n|move|p1a: Oh Moon and Star|Iron Head|p2a: Chi-Yu\n|-resisted|p2a: Chi-Yu\n|-damage|p2a: Chi-Yu|30\/100\n|cant|p2a: Chi-Yu|flinch\n|\n|-weather|SunnyDay|[upkeep]\n|upkeep\n|turn|6\n|\n|t:|1699757039\n|switch|p2a: Torkoal|Torkoal, F|89\/100\n|move|p1a: Oh Moon and Star|Iron Head|p2a: Torkoal\n|-resisted|p2a: Torkoal\n|-damage|p2a: Torkoal|75\/100\n|\n|-weather|SunnyDay|[upkeep]\n|upkeep\n|turn|7\n|\n|t:|1699757054\n|move|p1a: Oh Moon and Star|Iron Head|p2a: Torkoal\n|-resisted|p2a: Torkoal\n|-damage|p2a: Torkoal|61\/100\n|cant|p2a: Torkoal|flinch\n|\n|-weather|SunnyDay|[upkeep]\n|upkeep\n|turn|8\n|\n|t:|1699757067\n|switch|p1a: HitsHydro3\/8|Palkia-Origin|100\/100\n|-ability|p1a: HitsHydro3\/8|Pressure\n|move|p2a: Torkoal|Lava Plume|p1a: HitsHydro3\/8\n|-resisted|p1a: HitsHydro3\/8\n|-damage|p1a: HitsHydro3\/8|92\/100\n|\n|-weather|none\n|upkeep\n|turn|9\n|inactive|frozenly has 270 seconds left.\n|\n|t:|1699757092\n|switch|p2a: Magearna|Magearna-Original|100\/100\n|move|p1a: HitsHydro3\/8|Hydro Pump|p2a: Magearna\n|-damage|p2a: Magearna|50\/100\n|\n|-heal|p2a: Magearna|56\/100|[from] item: Leftovers\n|upkeep\n|turn|10\n|inactive|frozenly has 270 seconds left.\n|inactive|frozenly has 240 seconds left.\n|\n|t:|1699757146\n|move|p1a: HitsHydro3\/8|Fire Blast|p2a: Magearna\n|-supereffective|p2a: Magearna\n|-damage|p2a: Magearna|5\/100\n|move|p2a: Magearna|Fleur Cannon|p1a: HitsHydro3\/8\n|-supereffective|p1a: HitsHydro3\/8\n|-damage|p1a: HitsHydro3\/8|0 fnt\n|-unboost|p2a: Magearna|spa|2\n|faint|p1a: HitsHydro3\/8\n|-ability|p2a: Magearna|Soul-Heart|boost\n|-boost|p2a: Magearna|spa|1\n|\n|-heal|p2a: Magearna|11\/100|[from] item: Leftovers\n|upkeep\n|\n|t:|1699757166\n|switch|p1a: Yours truly|Magearna|100\/100\n|turn|11\n|inactive|frozenly has 240 seconds left.\n|\n|t:|1699757174\n|move|p1a: Yours truly|Shift Gear|p1a: Yours truly\n|-boost|p1a: Yours truly|spe|2\n|-boost|p1a: Yours truly|atk|1\n|move|p2a: Magearna|Thunder Wave|p1a: Yours truly\n|-status|p1a: Yours truly|par\n|\n|-heal|p2a: Magearna|17\/100|[from] item: Leftovers\n|upkeep\n|turn|12\n|inactive|frozenly has 240 seconds left.\n|\n|t:|1699757185\n|move|p1a: Yours truly|Shift Gear|p1a: Yours truly\n|-boost|p1a: Yours truly|spe|2\n|-boost|p1a: Yours truly|atk|1\n|move|p2a: Magearna|Volt Switch|p1a: Yours truly\n|-damage|p1a: Yours truly|88\/100 par\n|inactive|frozenly has 240 seconds left.\n|\n|t:|1699757195\n|switch|p2a: Chi-Yu|Chi-Yu|30\/100|[from] Volt Switch\n|-ability|p2a: Chi-Yu|Beads of Ruin\n|\n|-heal|p1a: Yours truly|94\/100 par|[from] item: Leftovers\n|upkeep\n|turn|13\n|inactive|bennymbs has 270 seconds left.\n|\n|t:|1699757204\n|move|p2a: Chi-Yu|Flamethrower|p1a: Yours truly\n|-supereffective|p1a: Yours truly\n|-damage|p1a: Yours truly|0 fnt\n|faint|p1a: Yours truly\n|\n|upkeep\n|inactive|bennymbs has 270 seconds left.\n|\n|t:|1699757214\n|switch|p1a: ThisGirlisOnFire|Arceus-Fire|100\/100\n|turn|14\n|\n|t:|1699757224\n|switch|p2a: Walking Wake|Walking Wake|100\/100\n|move|p1a: ThisGirlisOnFire|Extreme Speed|p2a: Walking Wake\n|-damage|p2a: Walking Wake|69\/100\n|\n|upkeep\n|turn|15\n|inactive|frozenly has 240 seconds left.\n|\n|t:|1699757256\n|switch|p1a: My GOAT|Cyclizar, F|84\/100\n|move|p2a: Walking Wake|Flip Turn|p1a: My GOAT\n|-resisted|p1a: My GOAT\n|-damage|p1a: My GOAT|72\/100\n|\n|t:|1699757264\n|-end|p2a: Walking Wake|Protosynthesis|[silent]\n|switch|p2a: Zacian|Zacian|85\/100|[from] Flip Turn\n|\n|upkeep\n|turn|16\n|\n|t:|1699757286\n|switch|p1a: Oh Moon and Star|Jirachi, tera:Steel|100\/100\n|move|p2a: Zacian|Close Combat|p1a: Oh Moon and Star\n|-supereffective|p1a: Oh Moon and Star\n|-damage|p1a: Oh Moon and Star|26\/100\n|-unboost|p2a: Zacian|def|1\n|-unboost|p2a: Zacian|spd|1\n|\n|upkeep\n|turn|17\n|\n|t:|1699757298\n|switch|p2a: Torkoal|Torkoal, F|61\/100\n|-weather|SunnyDay|[from] ability: Drought|[of] p2a: Torkoal\n|move|p1a: Oh Moon and Star|Iron Head|p2a: Torkoal\n|-resisted|p2a: Torkoal\n|-damage|p2a: Torkoal|49\/100\n|\n|-weather|SunnyDay|[upkeep]\n|upkeep\n|turn|18\n|\n|t:|1699757314\n|switch|p1a: My GOAT|Cyclizar, F|100\/100\n|move|p2a: Torkoal|Will-O-Wisp|p1a: My GOAT|[miss]\n|-miss|p2a: Torkoal|p1a: My GOAT\n|\n|-weather|SunnyDay|[upkeep]\n|upkeep\n|turn|19\n|inactive|bennymbs has 270 seconds left.\n|\n|t:|1699757347\n|move|p1a: My GOAT|Shed Tail|p1a: My GOAT\n|-start|p1a: My GOAT|Substitute|[from] move: Shed Tail\n|-damage|p1a: My GOAT|50\/100\n|\n|t:|1699757349\n|switch|p1a: ThisGirlisOnFire|Arceus-Fire|100\/100|[from] Shed Tail\n|move|p2a: Torkoal|Lava Plume|p1a: ThisGirlisOnFire\n|-resisted|p1a: ThisGirlisOnFire\n|-activate|p1a: ThisGirlisOnFire|move: Substitute|[damage]\n|\n|-weather|SunnyDay|[upkeep]\n|upkeep\n|turn|20\n|\n|t:|1699757359\n|move|p1a: ThisGirlisOnFire|Dragon Dance|p1a: ThisGirlisOnFire\n|-boost|p1a: ThisGirlisOnFire|atk|1\n|-boost|p1a: ThisGirlisOnFire|spe|1\n|move|p2a: Torkoal|Lava Plume|p1a: ThisGirlisOnFire\n|-resisted|p1a: ThisGirlisOnFire\n|-end|p1a: ThisGirlisOnFire|Substitute\n|\n|-weather|SunnyDay|[upkeep]\n|upkeep\n|turn|21\n|\n|t:|1699757372\n|move|p1a: ThisGirlisOnFire|Dragon Dance|p1a: ThisGirlisOnFire\n|-boost|p1a: ThisGirlisOnFire|atk|1\n|-boost|p1a: ThisGirlisOnFire|spe|1\n|move|p2a: Torkoal|Lava Plume|p1a: ThisGirlisOnFire\n|-resisted|p1a: ThisGirlisOnFire\n|-damage|p1a: ThisGirlisOnFire|87\/100\n|\n|-weather|none\n|upkeep\n|turn|22\n|inactive|bennymbs has 270 seconds left.\n|\n|t:|1699757415\n|switch|p2a: Walking Wake|Walking Wake|69\/100\n|move|p1a: ThisGirlisOnFire|Dragon Dance|p1a: ThisGirlisOnFire\n|-boost|p1a: ThisGirlisOnFire|atk|1\n|-boost|p1a: ThisGirlisOnFire|spe|1\n|\n|upkeep\n|turn|23\n|\n|t:|1699757430\n|move|p1a: ThisGirlisOnFire|Earthquake|p2a: Walking Wake\n|-damage|p2a: Walking Wake|0 fnt\n|faint|p2a: Walking Wake\n|-end|p2a: Walking Wake|Protosynthesis|[silent]\n|\n|upkeep\n|\n|t:|1699757441\n|switch|p2a: Arceus|Arceus-Grass|100\/100\n|turn|24\n|inactive|frozenly has 210 seconds left.\n|\n|t:|1699757467\n|-terastallize|p2a: Arceus|Poison\n|move|p1a: ThisGirlisOnFire|Flare Blitz|p2a: Arceus\n|-crit|p2a: Arceus\n|-damage|p2a: Arceus|0 fnt\n|faint|p2a: Arceus\n|-damage|p1a: ThisGirlisOnFire|50\/100|[from] Recoil\n|\n|upkeep\n|\n|t:|1699757475\n|switch|p2a: Zacian|Zacian|85\/100\n|turn|25\n|\n|t:|1699757480\n|move|p1a: ThisGirlisOnFire|Flare Blitz|p2a: Zacian\n|-damage|p2a: Zacian|0 fnt\n|faint|p2a: Zacian\n|-damage|p1a: ThisGirlisOnFire|27\/100|[from] Recoil\n|\n|upkeep\n|\n|t:|1699757490\n|switch|p2a: Magearna|Magearna-Original|17\/100\n|turn|26\n|c|\u2606bennymbs|Ggs\n|inactive|frozenly has 210 seconds left.\n|\n|t:|1699757495\n|move|p1a: ThisGirlisOnFire|Earthquake|p2a: Magearna\n|-supereffective|p2a: Magearna\n|-crit|p2a: Magearna\n|-damage|p2a: Magearna|0 fnt\n|faint|p2a: Magearna\n|\n|upkeep\n|inactive|frozenly has 210 seconds left.\n|-message|frozenly forfeited.\n|\n|win|bennymbs\n|c|\u2606frozenly|wanna go again?\n","uploadtime":1699757513,"views":16,"p1id":"bennymbs","p2id":"frozenly","formatid":"gen9ubers","rating":0,"private":0,"password":""}