{"id":"gen9ubers-1983520638","p1":"CodenameCAT","p2":"Akro Agency","format":"[Gen 9] Ubers","log":"|j|\u2606CodenameCAT\n|j|\u2606Akro Agency\n|t:|1699139077\n|gametype|singles\n|player|p1|CodenameCAT|cogita|\n|player|p2|Akro Agency|caitlin|\n|teamsize|p1|6\n|teamsize|p2|6\n|gen|9\n|tier|[Gen 9] Ubers\n|rule|Sleep Clause Mod: Limit one foe put to sleep\n|rule|Species Clause: Limit one of each Pok\u00e9mon\n|rule|OHKO Clause: OHKO moves are banned\n|rule|Evasion Items Clause: Evasion items are banned\n|rule|Evasion Moves Clause: Evasion moves are banned\n|rule|Endless Battle Clause: Forcing endless battles is banned\n|rule|HP Percentage Mod: HP is shown in percentages\n|clearpoke\n|poke|p1|Magearna|\n|poke|p1|Ursaluna, F|\n|poke|p1|Dialga-Origin|\n|poke|p1|Hatterene, F|\n|poke|p1|Arceus-Fighting|\n|poke|p1|Basculegion-F, F|\n|poke|p2|Grimmsnarl, M|\n|poke|p2|Espathra, F|\n|poke|p2|Zacian-*|\n|poke|p2|Dragonite, M|\n|poke|p2|Maushold|\n|poke|p2|Magearna|\n|teampreview\n|inactive|Battle timer is ON: inactive players will automatically lose when time's up. (requested by CodenameCAT)\n|c|\u2606CodenameCAT|glhf\n|j| 1P1o1s1h1e1\n|j| incredibleking\n|inactive|CodenameCAT has 270 seconds left.\n|c|\u2606Akro Agency|Glhf\n|\n|t:|1699139119\n|start\n|switch|p1a: Magearna|Magearna|100\/100\n|switch|p2a: RAP DEVIL|Grimmsnarl, M|100\/100\n|turn|1\n|c|\u2606CodenameCAT|test\n|\n|t:|1699139129\n|move|p2a: RAP DEVIL|Light Screen|p2a: RAP DEVIL\n|-sidestart|p2: Akro Agency|move: Light Screen\n|move|p1a: Magearna|Spikes|p2a: RAP DEVIL\n|-sidestart|p2: Akro Agency|Spikes\n|\n|upkeep\n|turn|2\n|\n|t:|1699139134\n|move|p2a: RAP DEVIL|Reflect|p2a: RAP DEVIL\n|-sidestart|p2: Akro Agency|Reflect\n|move|p1a: Magearna|Trick Room|p1a: Magearna\n|-fieldstart|move: Trick Room|[of] p1a: Magearna\n|\n|upkeep\n|turn|3\n|\n|t:|1699139140\n|move|p2a: RAP DEVIL|Parting Shot|p1a: Magearna\n|-unboost|p1a: Magearna|atk|1\n|-unboost|p1a: Magearna|spa|1\n|\n|t:|1699139150\n|switch|p2a: Cartman Poker Face|Espathra, F|100\/100|[from] Parting Shot\n|-damage|p2a: Cartman Poker Face|88\/100|[from] Spikes\n|move|p1a: Magearna|Volt Switch|p2a: Cartman Poker Face\n|-damage|p2a: Cartman Poker Face|80\/100\n|\n|t:|1699139156\n|switch|p1a: Ursaluna|Ursaluna, F|100\/100|[from] Volt Switch\n|\n|-heal|p2a: Cartman Poker Face|86\/100|[from] item: Leftovers\n|-status|p1a: Ursaluna|brn|[from] item: Flame Orb\n|upkeep\n|turn|4\n|\n|t:|1699139169\n|move|p2a: Cartman Poker Face|Protect|p2a: Cartman Poker Face\n|-singleturn|p2a: Cartman Poker Face|Protect\n|move|p1a: Ursaluna|Swords Dance|p1a: Ursaluna\n|-boost|p1a: Ursaluna|atk|2\n|\n|-heal|p2a: Cartman Poker Face|92\/100|[from] item: Leftovers\n|-damage|p1a: Ursaluna|94\/100 brn|[from] brn\n|-ability|p2a: Cartman Poker Face|Speed Boost|boost\n|-boost|p2a: Cartman Poker Face|spe|1\n|upkeep\n|turn|5\n|\n|t:|1699139186\n|move|p1a: Ursaluna|Facade|p2a: Cartman Poker Face\n|-damage|p2a: Cartman Poker Face|0 fnt\n|faint|p2a: Cartman Poker Face\n|\n|-damage|p1a: Ursaluna|88\/100 brn|[from] brn\n|upkeep\n|\n|t:|1699139202\n|switch|p2a: literal bot|Magearna|100\/100\n|-damage|p2a: literal bot|88\/100|[from] Spikes\n|turn|6\n|\n|t:|1699139214\n|switch|p2a: :3 user|Dragonite, M|100\/100\n|move|p1a: Ursaluna|Headlong Rush|p2a: :3 user\n|-immune|p2a: :3 user\n|\n|-damage|p1a: Ursaluna|82\/100 brn|[from] brn\n|-fieldend|move: Trick Room\n|upkeep\n|turn|7\n|\n|t:|1699139225\n|move|p2a: :3 user|Dragon Dance|p2a: :3 user\n|-boost|p2a: :3 user|atk|1\n|-boost|p2a: :3 user|spe|1\n|move|p1a: Ursaluna|Facade|p2a: :3 user\n|-damage|p2a: :3 user|27\/100\n|\n|-damage|p1a: Ursaluna|75\/100 brn|[from] brn\n|upkeep\n|turn|8\n|inactive|Akro Agency has 270 seconds left.\n|\n|t:|1699139257\n|move|p2a: :3 user|Roost|p2a: :3 user\n|-heal|p2a: :3 user|78\/100\n|-singleturn|p2a: :3 user|move: Roost\n|move|p1a: Ursaluna|Facade|p2a: :3 user\n|-damage|p2a: :3 user|0 fnt\n|faint|p2a: :3 user\n|\n|-damage|p1a: Ursaluna|69\/100 brn|[from] brn\n|-sideend|p2: Akro Agency|move: Light Screen\n|upkeep\n|c|\u2606Akro Agency|Unfortunate roll\n|inactive|Akro Agency has 240 seconds left.\n|\n|t:|1699139281\n|switch|p2a: literal bot|Magearna|88\/100\n|-damage|p2a: literal bot|76\/100|[from] Spikes\n|turn|9\n|c| 1P1o1s1h1e1|what did he mean by this\n|\n|t:|1699139287\n|move|p2a: literal bot|Ice Beam|p1a: Ursaluna\n|-supereffective|p1a: Ursaluna\n|-damage|p1a: Ursaluna|0 fnt\n|faint|p1a: Ursaluna\n|-ability|p2a: literal bot|Soul-Heart|boost\n|-boost|p2a: literal bot|spa|1\n|\n|-sideend|p2: Akro Agency|Reflect\n|upkeep\n|\n|t:|1699139305\n|switch|p1a: Dialga|Dialga-Origin|100\/100\n|-ability|p1a: Dialga|Pressure\n|turn|10\n|c|\u2606Akro Agency|The facade was a roll to kill dnite?\n|c|\u2606CodenameCAT|no\n|c|\u2606CodenameCAT|it was 150 minimum iirc\n|c|\u2606Akro Agency|Wait shit multiscale\n|c|\u2606Akro Agency|nvm\n|c| incredibleking|yeah, multiscale blocked the first hit by half\n|inactive|Akro Agency has 240 seconds left.\n|\n|t:|1699139332\n|switch|p2a: RAP DEVIL|Grimmsnarl, M|100\/100\n|-damage|p2a: RAP DEVIL|88\/100|[from] Spikes\n|move|p1a: Dialga|Stealth Rock|p2a: RAP DEVIL\n|-sidestart|p2: Akro Agency|move: Stealth Rock\n|\n|upkeep\n|turn|11\n|\n|t:|1699139342\n|switch|p1a: Magearna|Magearna|100\/100\n|move|p2a: RAP DEVIL|Light Screen|p2a: RAP DEVIL\n|-sidestart|p2: Akro Agency|move: Light Screen\n|\n|upkeep\n|turn|12\n|\n|t:|1699139349\n|move|p2a: RAP DEVIL|Reflect|p2a: RAP DEVIL\n|-sidestart|p2: Akro Agency|Reflect\n|move|p1a: Magearna|Trick Room|p1a: Magearna\n|-fieldstart|move: Trick Room|[of] p1a: Magearna\n|\n|upkeep\n|turn|13\n|\n|t:|1699139359\n|move|p2a: RAP DEVIL|Parting Shot|p1a: Magearna\n|-unboost|p1a: Magearna|atk|1\n|-unboost|p1a: Magearna|spa|1\n|\n|t:|1699139365\n|switch|p2a: Mauscarriage|Maushold|100\/100|[from] Parting Shot\n|-damage|p2a: Mauscarriage|88\/100|[from] Spikes\n|-damage|p2a: Mauscarriage|76\/100|[from] Stealth Rock\n|move|p1a: Magearna|Volt Switch|p2a: Mauscarriage\n|-damage|p2a: Mauscarriage|65\/100\n|\n|t:|1699139379\n|switch|p1a: Hatterene|Hatterene, F|100\/100|[from] Volt Switch\n|\n|upkeep\n|turn|14\n|c|\u2606CodenameCAT|brb\n|inactiveoff|Battle timer is now OFF.\n|c|\u2606CodenameCAT|back\n|inactive|Battle timer is ON: inactive players will automatically lose when time's up. (requested by CodenameCAT)\n|\n|t:|1699139487\n|move|p1a: Hatterene|Psyshock|p2a: Mauscarriage\n|-damage|p2a: Mauscarriage|36\/100\n|move|p2a: Mauscarriage|Tidy Up|p2a: Mauscarriage\n|-sideend|p2: Akro Agency|Spikes\n|-sideend|p2: Akro Agency|Stealth Rock\n|-activate|p2a: Mauscarriage|move: Tidy Up\n|-boost|p2a: Mauscarriage|atk|1\n|-boost|p2a: Mauscarriage|spe|1\n|\n|upkeep\n|turn|15\n|inactive|Akro Agency has 270 seconds left.\n|\n|t:|1699139502\n|move|p1a: Hatterene|Healing Wish|p1a: Hatterene\n|faint|p1a: Hatterene\n|move|p2a: Mauscarriage|Population Bomb|p1: Hatterene|[notarget]\n|-fail|p2a: Mauscarriage\n|\n|upkeep\n|\n|t:|1699139504\n|switch|p1a: Arceus|Arceus-Fighting|100\/100\n|turn|16\n|inactive|Akro Agency has 270 seconds left.\n|\n|t:|1699139517\n|switch|p2a: PandaExpressMeat|Zacian|100\/100\n|-ability|p2a: PandaExpressMeat|Intrepid Sword|boost\n|-boost|p2a: PandaExpressMeat|atk|1\n|move|p1a: Arceus|Judgment|p2a: PandaExpressMeat\n|-resisted|p2a: PandaExpressMeat\n|-damage|p2a: PandaExpressMeat|89\/100\n|\n|-fieldend|move: Trick Room\n|upkeep\n|turn|17\n|inactive|Akro Agency has 270 seconds left.\n|\n|t:|1699139529\n|switch|p1a: Magearna|Magearna|100\/100\n|move|p2a: PandaExpressMeat|Swords Dance|p2a: PandaExpressMeat\n|-boost|p2a: PandaExpressMeat|atk|2\n|\n|upkeep\n|turn|18\n|inactive|Akro Agency has 270 seconds left.\n|\n|t:|1699139544\n|-terastallize|p2a: PandaExpressMeat|Fire\n|move|p2a: PandaExpressMeat|Tera Blast|p1a: Magearna|[anim] Tera Blast Fire\n|-supereffective|p1a: Magearna\n|-damage|p1a: Magearna|0 fnt\n|faint|p1a: Magearna\n|\n|-sideend|p2: Akro Agency|move: Light Screen\n|upkeep\n|\n|t:|1699139551\n|switch|p1a: Dialga|Dialga-Origin|100\/100\n|-ability|p1a: Dialga|Pressure\n|turn|19\n|\n|t:|1699139556\n|move|p2a: PandaExpressMeat|Close Combat|p1a: Dialga\n|-supereffective|p1a: Dialga\n|-damage|p1a: Dialga|0 fnt\n|-unboost|p2a: PandaExpressMeat|def|1\n|-unboost|p2a: PandaExpressMeat|spd|1\n|faint|p1a: Dialga\n|\n|-sideend|p2: Akro Agency|Reflect\n|upkeep\n|\n|t:|1699139558\n|switch|p1a: Basculegion|Basculegion-F, F|100\/100\n|turn|20\n|c| 1P1o1s1h1e1|truly the best healing wish OAT\n|\n|t:|1699139577\n|switch|p2a: RAP DEVIL|Grimmsnarl, M|88\/100\n|move|p1a: Basculegion|Flip Turn|p2a: RAP DEVIL\n|-damage|p2a: RAP DEVIL|47\/100\n|\n|t:|1699139580\n|switch|p1a: Arceus|Arceus-Fighting|100\/100|[from] Flip Turn\n|\n|upkeep\n|turn|21\n|\n|t:|1699139592\n|move|p2a: RAP DEVIL|Thunder Wave|p1a: Arceus|[miss]\n|-miss|p2a: RAP DEVIL|p1a: Arceus\n|move|p1a: Arceus|Taunt|p2a: RAP DEVIL\n|-start|p2a: RAP DEVIL|move: Taunt\n|\n|upkeep\n|turn|22\n|c|\u2606CodenameCAT|mb\n|\n|t:|1699139601\n|switch|p2a: Mauscarriage|Maushold|36\/100\n|move|p1a: Arceus|Calm Mind|p1a: Arceus\n|-boost|p1a: Arceus|spa|1\n|-boost|p1a: Arceus|spd|1\n|\n|upkeep\n|turn|23\n|\n|t:|1699139615\n|move|p1a: Arceus|Judgment|p2a: Mauscarriage\n|-supereffective|p2a: Mauscarriage\n|-damage|p2a: Mauscarriage|0 fnt\n|faint|p2a: Mauscarriage\n|\n|upkeep\n|\n|t:|1699139632\n|switch|p2a: RAP DEVIL|Grimmsnarl, M|47\/100\n|turn|24\n|\n|t:|1699139637\n|move|p2a: RAP DEVIL|Light Screen|p2a: RAP DEVIL\n|-sidestart|p2: Akro Agency|move: Light Screen\n|move|p1a: Arceus|Taunt|p2a: RAP DEVIL\n|-start|p2a: RAP DEVIL|move: Taunt\n|\n|upkeep\n|turn|25\n|\n|t:|1699139643\n|switch|p2a: literal bot|Magearna|76\/100\n|move|p1a: Arceus|Judgment|p2a: literal bot\n|-damage|p2a: literal bot|45\/100\n|\n|upkeep\n|turn|26\n|l|\u2606CodenameCAT\n|inactive|CodenameCAT disconnected and has 300 seconds to reconnect!\n|player|p1|\n|j|\u2606CodenameCAT\n|inactive|CodenameCAT reconnected and has 285 seconds left.\n|player|p1|CodenameCAT|cogita\n|\n|t:|1699139678\n|move|p1a: Arceus|Judgment|p2a: literal bot\n|-damage|p2a: literal bot|17\/100\n|move|p2a: literal bot|Fleur Cannon|p1a: Arceus\n|-supereffective|p1a: Arceus\n|-damage|p1a: Arceus|0 fnt\n|-unboost|p2a: literal bot|spa|2\n|faint|p1a: Arceus\n|-ability|p2a: literal bot|Soul-Heart|boost\n|-boost|p2a: literal bot|spa|1\n|\n|upkeep\n|\n|t:|1699139685\n|switch|p1a: Basculegion|Basculegion-F, F|100\/100\n|turn|27\n|\n|t:|1699139694\n|move|p1a: Basculegion|Last Respects|p2a: literal bot\n|-damage|p2a: literal bot|0 fnt\n|faint|p2a: literal bot\n|\n|upkeep\n|\n|t:|1699139699\n|switch|p2a: RAP DEVIL|Grimmsnarl, M|47\/100\n|turn|28\n|\n|t:|1699139706\n|move|p2a: RAP DEVIL|Thunder Wave|p1a: Basculegion|[miss]\n|-miss|p2a: RAP DEVIL|p1a: Basculegion\n|move|p1a: Basculegion|Last Respects|p2a: RAP DEVIL\n|-resisted|p2a: RAP DEVIL\n|-damage|p2a: RAP DEVIL|0 fnt\n|faint|p2a: RAP DEVIL\n|\n|upkeep\n|c|\u2606CodenameCAT|mb\n|c|\u2606Akro Agency|Unfortunate doesn\u2019t begin to describe my series\n|\n|t:|1699139726\n|switch|p2a: PandaExpressMeat|Zacian, tera:Fire|89\/100\n|turn|29\n|c| 1P1o1s1h1e1|my brother\n|c| 1P1o1s1h1e1|you had\n|c| 1P1o1s1h1e1|parting shot\n|c| 1P1o1s1h1e1|and reflect\n|c| incredibleking|or reflect\n|\n|t:|1699139739\n|move|p1a: Basculegion|Last Respects|p2a: PandaExpressMeat\n|-damage|p2a: PandaExpressMeat|0 fnt\n|faint|p2a: PandaExpressMeat\n|\n|win|CodenameCAT\n|c| incredibleking|and then parting\n","uploadtime":1699139749,"views":17,"p1id":"codenamecat","p2id":"akroagency","formatid":"gen9ubers","rating":0,"private":0,"password":""}