{"id":"gen9ubers-1973906583","p1":"nimjaishot","p2":"OreoMan789","format":"[Gen 9] Ubers","log":"|j|\u2606nimjaishot\n|j|\u2606OreoMan789\n|t:|1698026659\n|gametype|singles\n|player|p1|nimjaishot|winona-gen6|\n|player|p2|OreoMan789|gentleman-gen4|\n|teamsize|p1|6\n|teamsize|p2|6\n|gen|9\n|tier|[Gen 9] Ubers\n|rule|Sleep Clause Mod: Limit one foe put to sleep\n|rule|Species Clause: Limit one of each Pok\u00e9mon\n|rule|OHKO Clause: OHKO moves are banned\n|rule|Evasion Items Clause: Evasion items are banned\n|rule|Evasion Moves Clause: Evasion moves are banned\n|rule|Endless Battle Clause: Forcing endless battles is banned\n|rule|HP Percentage Mod: HP is shown in percentages\n|clearpoke\n|poke|p1|Shaymin-Sky|\n|poke|p1|Gholdengo|\n|poke|p1|Arceus-Poison|\n|poke|p1|Zacian-*|\n|poke|p1|Chi-Yu|\n|poke|p1|Cyclizar, F|\n|poke|p2|Urshifu-*, F|\n|poke|p2|Palkia-Origin|\n|poke|p2|Grimmsnarl, M|\n|poke|p2|Arcanine, M|\n|poke|p2|Arceus-Poison|\n|poke|p2|Rotom-Heat|\n|teampreview\n|c|\u2606nimjaishot|gl hf\n|\n|t:|1698026694\n|start\n|switch|p1a: Arceus|Arceus-Poison|100\/100\n|switch|p2a: Grimmsnarl|Grimmsnarl, M, shiny|100\/100\n|turn|1\n|\n|t:|1698026700\n|move|p2a: Grimmsnarl|Thunder Wave|p1a: Arceus\n|-status|p1a: Arceus|par\n|move|p1a: Arceus|Stealth Rock|p2a: Grimmsnarl\n|-sidestart|p2: OreoMan789|move: Stealth Rock\n|\n|upkeep\n|turn|2\n|c|\u2606OreoMan789|gl to you too\n|\n|t:|1698026713\n|move|p2a: Grimmsnarl|Light Screen|p2a: Grimmsnarl\n|-sidestart|p2: OreoMan789|move: Light Screen\n|move|p1a: Arceus|Judgment|p2a: Grimmsnarl\n|-supereffective|p2a: Grimmsnarl\n|-damage|p2a: Grimmsnarl|62\/100\n|\n|upkeep\n|turn|3\n|\n|t:|1698026719\n|move|p2a: Grimmsnarl|Reflect|p2a: Grimmsnarl\n|-sidestart|p2: OreoMan789|Reflect\n|cant|p1a: Arceus|par\n|\n|upkeep\n|turn|4\n|\n|t:|1698026722\n|cant|p1a: Arceus|par\n|move|p2a: Grimmsnarl|Foul Play|p1a: Arceus\n|-damage|p1a: Arceus|74\/100 par\n|\n|upkeep\n|turn|5\n|\n|t:|1698026734\n|move|p1a: Arceus|Will-O-Wisp|p2a: Grimmsnarl\n|-status|p2a: Grimmsnarl|brn\n|move|p2a: Grimmsnarl|Foul Play|p1a: Arceus\n|-damage|p1a: Arceus|60\/100 par\n|\n|-damage|p2a: Grimmsnarl|56\/100 brn|[from] brn\n|upkeep\n|turn|6\n|\n|t:|1698026756\n|move|p1a: Arceus|Judgment|p2a: Grimmsnarl\n|-supereffective|p2a: Grimmsnarl\n|-damage|p2a: Grimmsnarl|16\/100 brn\n|move|p2a: Grimmsnarl|Foul Play|p1a: Arceus\n|-damage|p1a: Arceus|45\/100 par\n|\n|-damage|p2a: Grimmsnarl|10\/100 brn|[from] brn\n|upkeep\n|turn|7\n|\n|t:|1698026760\n|move|p1a: Arceus|Extreme Speed|p2a: Grimmsnarl\n|-damage|p2a: Grimmsnarl|0 fnt\n|faint|p2a: Grimmsnarl\n|\n|upkeep\n|\n|t:|1698026773\n|switch|p2a: Arcanine|Arcanine, M, shiny|100\/100\n|-damage|p2a: Arcanine|76\/100|[from] Stealth Rock\n|-ability|p2a: Arcanine|Intimidate|boost\n|-unboost|p1a: Arceus|atk|1\n|turn|8\n|\n|t:|1698026780\n|move|p2a: Arcanine|Flare Blitz|p1a: Arceus\n|-damage|p1a: Arceus|7\/100 par\n|-damage|p2a: Arcanine|60\/100|[from] Recoil\n|move|p1a: Arceus|Judgment|p2a: Arcanine\n|-damage|p2a: Arcanine|37\/100\n|-enditem|p2a: Arcanine|Sitrus Berry|[eat]\n|-heal|p2a: Arcanine|62\/100|[from] item: Sitrus Berry\n|\n|upkeep\n|turn|9\n|\n|t:|1698026787\n|move|p2a: Arcanine|Extreme Speed|p1a: Arceus\n|-damage|p1a: Arceus|0 fnt\n|faint|p1a: Arceus\n|\n|-sideend|p2: OreoMan789|move: Light Screen\n|upkeep\n|\n|t:|1698026792\n|switch|p1a: Gholdengo|Gholdengo|100\/100\n|turn|10\n|\n|t:|1698026797\n|move|p1a: Gholdengo|Shadow Ball|p2a: Arcanine\n|-damage|p2a: Arcanine|19\/100\n|move|p2a: Arcanine|Flare Blitz|p1a: Gholdengo\n|-supereffective|p1a: Gholdengo\n|-damage|p1a: Gholdengo|0 fnt\n|faint|p1a: Gholdengo\n|-damage|p2a: Arcanine|0 fnt|[from] Recoil\n|faint|p2a: Arcanine\n|\n|-sideend|p2: OreoMan789|Reflect\n|upkeep\n|\n|t:|1698026810\n|switch|p1a: Cyclizar|Cyclizar, F|100\/100\n|switch|p2a: Urshifu|Urshifu-Rapid-Strike, F|100\/100\n|-damage|p2a: Urshifu|94\/100|[from] Stealth Rock\n|turn|11\n|\n|t:|1698026832\n|move|p1a: Cyclizar|Shed Tail|p1a: Cyclizar\n|-start|p1a: Cyclizar|Substitute|[from] move: Shed Tail\n|-damage|p1a: Cyclizar|50\/100\n|\n|t:|1698026836\n|switch|p1a: Shaymin|Shaymin-Sky|100\/100|[from] Shed Tail\n|move|p2a: Urshifu|Trailblaze|p1a: Shaymin\n|-resisted|p1a: Shaymin\n|-activate|p1a: Shaymin|move: Substitute|[damage]\n|-boost|p2a: Urshifu|spe|1\n|\n|upkeep\n|turn|12\n|\n|t:|1698026852\n|switch|p2a: Rotom|Rotom-Heat, shiny|100\/100\n|-damage|p2a: Rotom|76\/100|[from] Stealth Rock\n|move|p1a: Shaymin|Seed Flare|p2a: Rotom\n|-resisted|p2a: Rotom\n|-damage|p2a: Rotom|43\/100\n|-unboost|p2a: Rotom|spd|2\n|\n|-heal|p2a: Rotom|49\/100|[from] item: Leftovers\n|upkeep\n|turn|13\n|\n|t:|1698026867\n|move|p1a: Shaymin|Seed Flare|p2a: Rotom\n|-resisted|p2a: Rotom\n|-damage|p2a: Rotom|0 fnt\n|faint|p2a: Rotom\n|\n|upkeep\n|\n|t:|1698026874\n|switch|p2a: Palkia|Palkia-Origin, shiny|100\/100\n|-damage|p2a: Palkia|88\/100|[from] Stealth Rock\n|-ability|p2a: Palkia|Pressure\n|turn|14\n|\n|t:|1698026880\n|-terastallize|p2a: Palkia|Steel\n|move|p1a: Shaymin|Seed Flare|p2a: Palkia|[miss]\n|-miss|p1a: Shaymin|p2a: Palkia\n|move|p2a: Palkia|Ice Beam|p1a: Shaymin\n|-supereffective|p1a: Shaymin\n|-end|p1a: Shaymin|Substitute\n|\n|upkeep\n|turn|15\n|\n|t:|1698026889\n|switch|p1a: Chi-Yu|Chi-Yu|100\/100\n|-ability|p1a: Chi-Yu|Beads of Ruin\n|move|p2a: Palkia|Ice Beam|p1a: Chi-Yu\n|-resisted|p1a: Chi-Yu\n|-damage|p1a: Chi-Yu|80\/100\n|-status|p1a: Chi-Yu|frz\n|\n|upkeep\n|turn|16\n|c|\u2606OreoMan789|damn\n|\n|t:|1698026895\n|cant|p1a: Chi-Yu|frz\n|move|p2a: Palkia|Surf|p1a: Chi-Yu\n|-supereffective|p1a: Chi-Yu\n|-damage|p1a: Chi-Yu|0 fnt\n|faint|p1a: Chi-Yu\n|\n|upkeep\n|c|\u2606nimjaishot|unfortunate\n|c|\u2606OreoMan789|yeah\n|\n|t:|1698026909\n|switch|p1a: Shaymin|Shaymin-Sky|100\/100\n|turn|17\n|\n|t:|1698026914\n|-terastallize|p1a: Shaymin|Water\n|move|p1a: Shaymin|Earth Power|p2a: Palkia\n|-supereffective|p2a: Palkia\n|-damage|p2a: Palkia|35\/100\n|-unboost|p2a: Palkia|spd|1\n|move|p2a: Palkia|Ice Beam|p1a: Shaymin\n|-resisted|p1a: Shaymin\n|-damage|p1a: Shaymin|77\/100\n|\n|upkeep\n|turn|18\n|\n|t:|1698026924\n|move|p1a: Shaymin|Earth Power|p2a: Palkia\n|-supereffective|p2a: Palkia\n|-damage|p2a: Palkia|0 fnt\n|faint|p2a: Palkia\n|\n|upkeep\n|\n|t:|1698026932\n|switch|p2a: Urshifu|Urshifu-Rapid-Strike, F|94\/100\n|-damage|p2a: Urshifu|88\/100|[from] Stealth Rock\n|turn|19\n|\n|t:|1698026953\n|switch|p1a: Cyclizar|Cyclizar, F|84\/100\n|move|p2a: Urshifu|Trailblaze|p1a: Cyclizar\n|-resisted|p1a: Cyclizar\n|-damage|p1a: Cyclizar|69\/100\n|-boost|p2a: Urshifu|spe|1\n|\n|upkeep\n|turn|20\n|\n|t:|1698026960\n|move|p2a: Urshifu|Close Combat|p1a: Cyclizar\n|-supereffective|p1a: Cyclizar\n|-damage|p1a: Cyclizar|0 fnt\n|-unboost|p2a: Urshifu|def|1\n|-unboost|p2a: Urshifu|spd|1\n|faint|p1a: Cyclizar\n|\n|upkeep\n|\n|t:|1698026966\n|switch|p1a: Shaymin|Shaymin-Sky, tera:Water|77\/100\n|turn|21\n|\n|t:|1698026972\n|move|p1a: Shaymin|Air Slash|p2a: Urshifu\n|-supereffective|p2a: Urshifu\n|-damage|p2a: Urshifu|0 fnt\n|faint|p2a: Urshifu\n|\n|upkeep\n|\n|t:|1698026974\n|switch|p2a: Arceus|Arceus-Poison, shiny|100\/100\n|-damage|p2a: Arceus|88\/100|[from] Stealth Rock\n|turn|22\n|\n|t:|1698026980\n|switch|p1a: Zacian|Zacian|100\/100\n|-ability|p1a: Zacian|Intrepid Sword|boost\n|-boost|p1a: Zacian|atk|1\n|move|p2a: Arceus|Cosmic Power|p2a: Arceus\n|-boost|p2a: Arceus|def|1\n|-boost|p2a: Arceus|spd|1\n|\n|upkeep\n|turn|23\n|\n|t:|1698026988\n|move|p1a: Zacian|Iron Head|p2a: Arceus\n|-damage|p2a: Arceus|62\/100\n|move|p2a: Arceus|Cosmic Power|p2a: Arceus\n|-boost|p2a: Arceus|def|1\n|-boost|p2a: Arceus|spd|1\n|\n|upkeep\n|turn|24\n|\n|t:|1698026992\n|move|p1a: Zacian|Iron Head|p2a: Arceus\n|-damage|p2a: Arceus|42\/100\n|move|p2a: Arceus|Cosmic Power|p2a: Arceus\n|-boost|p2a: Arceus|def|1\n|-boost|p2a: Arceus|spd|1\n|\n|upkeep\n|turn|25\n|\n|t:|1698026996\n|move|p1a: Zacian|Iron Head|p2a: Arceus\n|-damage|p2a: Arceus|26\/100\n|move|p2a: Arceus|Cosmic Power|p2a: Arceus\n|-boost|p2a: Arceus|def|1\n|-boost|p2a: Arceus|spd|1\n|\n|upkeep\n|turn|26\n|\n|t:|1698027001\n|move|p1a: Zacian|Iron Head|p2a: Arceus\n|-damage|p2a: Arceus|13\/100\n|cant|p2a: Arceus|flinch\n|\n|upkeep\n|turn|27\n|c|\u2606OreoMan789|gg\n|\n|t:|1698027008\n|move|p1a: Zacian|Iron Head|p2a: Arceus\n|-damage|p2a: Arceus|0 fnt\n|faint|p2a: Arceus\n|\n|win|nimjaishot\n|c|\u2606nimjaishot|ggs\n|c|\u2606nimjaishot|best of 3 tho\n|player|p2|OreoMan789|gentleman-gen4\n|c|\u2606nimjaishot|you can swap teams if you nneed\n","uploadtime":1698027030,"views":44,"p1id":"nimjaishot","p2id":"oreoman789","formatid":"gen9ubers","rating":0,"private":0,"password":""}