{"id":"gen9ubers-1995934947","p1":"Mucheeezy","p2":"SuezGod","format":"[Gen 9] Ubers","log":"|j|\u2606Mucheeezy\n|j|\u2606SuezGod\n|t:|1700619225\n|gametype|singles\n|player|p1|Mucheeezy|lady-gen4|\n|player|p2|SuezGod|roughneck-gen4|\n|teamsize|p1|6\n|teamsize|p2|6\n|gen|9\n|tier|[Gen 9] Ubers\n|rule|Sleep Clause Mod: Limit one foe put to sleep\n|rule|Species Clause: Limit one of each Pok\u00e9mon\n|rule|OHKO Clause: OHKO moves are banned\n|rule|Evasion Items Clause: Evasion items are banned\n|rule|Evasion Moves Clause: Evasion moves are banned\n|rule|Endless Battle Clause: Forcing endless battles is banned\n|rule|HP Percentage Mod: HP is shown in percentages\n|clearpoke\n|poke|p1|Arcanine-Hisui, F|\n|poke|p1|Rillaboom, M|\n|poke|p1|Sneasler, F|\n|poke|p1|Torkoal, M|\n|poke|p1|Grimmsnarl, M|\n|poke|p1|Rabsca, F|\n|poke|p2|Garchomp, M|\n|poke|p2|Iron Hands|\n|poke|p2|Clodsire, F|\n|poke|p2|Decidueye, F|\n|poke|p2|Gothitelle, M|\n|poke|p2|Houndoom, M|\n|teampreview\n|\n|t:|1700619266\n|start\n|switch|p1a: Grimmsnarl|Grimmsnarl, M|100\/100\n|switch|p2a: Gothitelle|Gothitelle, M|100\/100\n|turn|1\n|\n|t:|1700619277\n|move|p1a: Grimmsnarl|Taunt|p2a: Gothitelle\n|-start|p2a: Gothitelle|move: Taunt\n|cant|p2a: Gothitelle|move: Taunt|Trick\n|\n|upkeep\n|turn|2\n|\n|t:|1700619311\n|switch|p2a: Iron Hands|Iron Hands|100\/100\n|move|p1a: Grimmsnarl|Parting Shot|p2a: Iron Hands\n|-unboost|p2a: Iron Hands|atk|1\n|-unboost|p2a: Iron Hands|spa|1\n|\n|t:|1700619334\n|switch|p1a: Torkoal|Torkoal, M|100\/100|[from] Parting Shot\n|-weather|SunnyDay|[from] ability: Drought|[of] p1a: Torkoal\n|\n|-weather|SunnyDay|[upkeep]\n|upkeep\n|turn|3\n|\n|t:|1700619361\n|move|p2a: Iron Hands|Earthquake|p1a: Torkoal\n|-supereffective|p1a: Torkoal\n|-damage|p1a: Torkoal|59\/100\n|move|p1a: Torkoal|Stealth Rock|p2a: Iron Hands\n|-sidestart|p2: SuezGod|move: Stealth Rock\n|\n|-weather|SunnyDay|[upkeep]\n|upkeep\n|turn|4\n|\n|t:|1700619370\n|move|p2a: Iron Hands|Earthquake|p1a: Torkoal\n|-supereffective|p1a: Torkoal\n|-damage|p1a: Torkoal|17\/100\n|move|p1a: Torkoal|Overheat|p2a: Iron Hands\n|-damage|p2a: Iron Hands|23\/100\n|-unboost|p1a: Torkoal|spa|2\n|-enditem|p1a: Torkoal|Eject Pack\n|\n|t:|1700619397\n|switch|p1a: Rillaboom|Rillaboom, M|100\/100\n|-fieldstart|move: Grassy Terrain|[from] ability: Grassy Surge|[of] p1a: Rillaboom\n|-enditem|p1a: Rillaboom|Grassy Seed\n|-boost|p1a: Rillaboom|def|1|[from] item: Grassy Seed\n|\n|-weather|SunnyDay|[upkeep]\n|-heal|p2a: Iron Hands|29\/100|[from] Grassy Terrain\n|upkeep\n|turn|5\n|\n|t:|1700619441\n|move|p1a: Rillaboom|Knock Off|p2a: Iron Hands\n|-resisted|p2a: Iron Hands\n|-damage|p2a: Iron Hands|20\/100\n|-enditem|p2a: Iron Hands|Heavy-Duty Boots|[from] move: Knock Off|[of] p1a: Rillaboom\n|move|p2a: Iron Hands|Ice Punch|p1a: Rillaboom\n|-supereffective|p1a: Rillaboom\n|-damage|p1a: Rillaboom|80\/100\n|\n|-weather|SunnyDay|[upkeep]\n|-heal|p1a: Rillaboom|86\/100|[from] Grassy Terrain\n|-heal|p2a: Iron Hands|27\/100|[from] Grassy Terrain\n|upkeep\n|turn|6\n|\n|t:|1700619462\n|-end|p2a: Iron Hands|Quark Drive|[silent]\n|switch|p2a: Houndoom|Houndoom, M|100\/100\n|-ability|p2a: Houndoom|Unnerve\n|-damage|p2a: Houndoom|76\/100|[from] Stealth Rock\n|move|p1a: Rillaboom|Drain Punch|p2a: Houndoom\n|-supereffective|p2a: Houndoom\n|-crit|p2a: Houndoom\n|-damage|p2a: Houndoom|0 fnt\n|-heal|p1a: Rillaboom|100\/100|[from] drain|[of] p2a: Houndoom\n|faint|p2a: Houndoom\n|\n|-weather|none\n|upkeep\n|\n|t:|1700619476\n|switch|p2a: Gothitelle|Gothitelle, M|100\/100\n|-damage|p2a: Gothitelle|88\/100|[from] Stealth Rock\n|turn|7\n|\n|t:|1700619481\n|move|p2a: Gothitelle|Trick|p1a: Rillaboom\n|-activate|p2a: Gothitelle|move: Trick|[of] p1a: Rillaboom\n|-item|p1a: Rillaboom|Choice Scarf|[from] move: Trick\n|-enditem|p2a: Gothitelle|Choice Scarf|[silent]|[from] move: Trick\n|move|p1a: Rillaboom|Knock Off|p2a: Gothitelle\n|-supereffective|p2a: Gothitelle\n|-damage|p2a: Gothitelle|41\/100\n|\n|-heal|p2a: Gothitelle|47\/100|[from] Grassy Terrain\n|upkeep\n|turn|8\n|\n|t:|1700619508\n|move|p1a: Rillaboom|Knock Off|p2a: Gothitelle\n|-supereffective|p2a: Gothitelle\n|-damage|p2a: Gothitelle|0 fnt\n|faint|p2a: Gothitelle\n|\n|-fieldend|move: Grassy Terrain\n|upkeep\n|\n|t:|1700619514\n|switch|p2a: Clodsire|Clodsire, F|100\/100\n|-damage|p2a: Clodsire|94\/100|[from] Stealth Rock\n|turn|9\n|\n|t:|1700619518\n|move|p1a: Rillaboom|Knock Off|p2a: Clodsire\n|-damage|p2a: Clodsire|64\/100\n|-enditem|p2a: Clodsire|Black Sludge|[from] move: Knock Off|[of] p1a: Rillaboom\n|move|p2a: Clodsire|Stealth Rock|p1a: Rillaboom\n|-sidestart|p1: Mucheeezy|move: Stealth Rock\n|\n|upkeep\n|turn|10\n|\n|t:|1700619563\n|move|p1a: Rillaboom|Knock Off|p2a: Clodsire\n|-damage|p2a: Clodsire|44\/100\n|move|p2a: Clodsire|Spikes|p1a: Rillaboom\n|-sidestart|p1: Mucheeezy|Spikes\n|\n|upkeep\n|turn|11\n|\n|t:|1700619578\n|switch|p1a: Rabsca|Rabsca, F|100\/100\n|move|p2a: Clodsire|Recover|p2a: Clodsire\n|-heal|p2a: Clodsire|94\/100\n|\n|upkeep\n|turn|12\n|\n|t:|1700619611\n|switch|p2a: Garchomp|Garchomp, M|100\/100\n|-damage|p2a: Garchomp|94\/100|[from] Stealth Rock\n|move|p1a: Rabsca|Psychic|p2a: Garchomp\n|-damage|p2a: Garchomp|45\/100\n|\n|upkeep\n|turn|13\n|\n|t:|1700619630\n|move|p2a: Garchomp|Dragon Claw|p1a: Rabsca\n|-crit|p1a: Rabsca\n|-damage|p1a: Rabsca|34\/100\n|move|p1a: Rabsca|Psychic|p2a: Garchomp\n|-damage|p2a: Garchomp|0 fnt\n|faint|p2a: Garchomp\n|\n|upkeep\n|\n|t:|1700619637\n|switch|p2a: Decidueye|Decidueye, F|100\/100\n|-damage|p2a: Decidueye|88\/100|[from] Stealth Rock\n|turn|14\n|\n|t:|1700619652\n|switch|p1a: Rillaboom|Rillaboom, M|100\/100\n|-damage|p1a: Rillaboom|88\/100|[from] Stealth Rock\n|-damage|p1a: Rillaboom|76\/100|[from] Spikes\n|-fieldstart|move: Grassy Terrain|[from] ability: Grassy Surge|[of] p1a: Rillaboom\n|move|p2a: Decidueye|Swords Dance|p2a: Decidueye\n|-boost|p2a: Decidueye|atk|2\n|\n|-heal|p1a: Rillaboom|82\/100|[from] Grassy Terrain\n|-heal|p2a: Decidueye|94\/100|[from] Grassy Terrain\n|-heal|p2a: Decidueye|99\/100|[from] item: Leftovers\n|upkeep\n|turn|15\n|\n|t:|1700619670\n|move|p1a: Rillaboom|Knock Off|p2a: Decidueye\n|-supereffective|p2a: Decidueye\n|-damage|p2a: Decidueye|36\/100\n|-enditem|p2a: Decidueye|Leftovers|[from] move: Knock Off|[of] p1a: Rillaboom\n|move|p2a: Decidueye|Spirit Shackle|p1a: Rillaboom\n|-damage|p1a: Rillaboom|19\/100\n|-activate|p1a: Rillaboom|trapped\n|\n|-heal|p1a: Rillaboom|25\/100|[from] Grassy Terrain\n|-heal|p2a: Decidueye|42\/100|[from] Grassy Terrain\n|upkeep\n|turn|16\n|\n|t:|1700619680\n|switch|p2a: Clodsire|Clodsire, F|94\/100\n|-damage|p2a: Clodsire|88\/100|[from] Stealth Rock\n|move|p1a: Rillaboom|Knock Off|p2a: Clodsire\n|-damage|p2a: Clodsire|69\/100\n|\n|-heal|p1a: Rillaboom|31\/100|[from] Grassy Terrain\n|-heal|p2a: Clodsire|75\/100|[from] Grassy Terrain\n|upkeep\n|turn|17\n|\n|t:|1700619699\n|switch|p1a: Arcanine|Arcanine-Hisui, F|100\/100\n|-damage|p1a: Arcanine|76\/100|[from] Stealth Rock\n|-damage|p1a: Arcanine|63\/100|[from] Spikes\n|move|p2a: Clodsire|Yawn|p1a: Arcanine\n|-start|p1a: Arcanine|move: Yawn|[of] p2a: Clodsire\n|\n|-heal|p1a: Arcanine|69\/100|[from] Grassy Terrain\n|-heal|p2a: Clodsire|81\/100|[from] Grassy Terrain\n|upkeep\n|turn|18\n|\n|t:|1700619711\n|switch|p2a: Decidueye|Decidueye, F|42\/100\n|-damage|p2a: Decidueye|29\/100|[from] Stealth Rock\n|move|p1a: Arcanine|Flare Blitz|p2a: Decidueye\n|-supereffective|p2a: Decidueye\n|-damage|p2a: Decidueye|0 fnt\n|faint|p2a: Decidueye\n|-damage|p1a: Arcanine|59\/100|[from] item: Life Orb\n|\n|-heal|p1a: Arcanine|65\/100|[from] Grassy Terrain\n|-end|p1a: Arcanine|move: Yawn|[silent]\n|-status|p1a: Arcanine|slp\n|-fieldend|move: Grassy Terrain\n|upkeep\n|\n|t:|1700619723\n|switch|p2a: Iron Hands|Iron Hands|27\/100\n|-damage|p2a: Iron Hands|20\/100|[from] Stealth Rock\n|turn|19\n|\n|t:|1700619748\n|switch|p1a: Sneasler|Sneasler, F|100\/100\n|-damage|p1a: Sneasler|95\/100|[from] Stealth Rock\n|-damage|p1a: Sneasler|82\/100|[from] Spikes\n|move|p2a: Iron Hands|Drain Punch|p1a: Sneasler\n|-resisted|p1a: Sneasler\n|-damage|p1a: Sneasler|37\/100\n|-heal|p2a: Iron Hands|34\/100|[from] drain|[of] p1a: Sneasler\n|\n|upkeep\n|turn|20\n|\n|t:|1700619763\n|move|p1a: Sneasler|Close Combat|p2a: Iron Hands\n|-damage|p2a: Iron Hands|0 fnt\n|-unboost|p1a: Sneasler|def|1\n|-unboost|p1a: Sneasler|spd|1\n|faint|p2a: Iron Hands\n|-end|p2a: Iron Hands|Quark Drive|[silent]\n|\n|upkeep\n|\n|t:|1700619769\n|switch|p2a: Clodsire|Clodsire, F|81\/100\n|-damage|p2a: Clodsire|75\/100|[from] Stealth Rock\n|turn|21\n|\n|t:|1700619778\n|switch|p1a: Grimmsnarl|Grimmsnarl, M|100\/100\n|-damage|p1a: Grimmsnarl|88\/100|[from] Stealth Rock\n|-damage|p1a: Grimmsnarl|76\/100|[from] Spikes\n|move|p2a: Clodsire|Stealth Rock||[still]\n|-fail|p2a: Clodsire\n|\n|upkeep\n|turn|22\n|\n|t:|1700619786\n|move|p1a: Grimmsnarl|Taunt|p2a: Clodsire\n|-start|p2a: Clodsire|move: Taunt\n|cant|p2a: Clodsire|move: Taunt|Spikes\n|\n|upkeep\n|turn|23\n|\n|t:|1700619792\n|move|p1a: Grimmsnarl|Reflect|p1a: Grimmsnarl\n|-sidestart|p1: Mucheeezy|Reflect\n|-activate|p2a: Clodsire|move: Struggle\n|move|p2a: Clodsire|Struggle|p1a: Grimmsnarl\n|-damage|p1a: Grimmsnarl|73\/100\n|-damage|p2a: Clodsire|50\/100|[from] recoil\n|\n|upkeep\n|turn|24\n|\n|t:|1700619797\n|move|p1a: Grimmsnarl|Parting Shot|p2a: Clodsire\n|-unboost|p2a: Clodsire|atk|1\n|-unboost|p2a: Clodsire|spa|1\n|\n|t:|1700619802\n|switch|p1a: Arcanine|Arcanine-Hisui, F|65\/100 slp|[from] Parting Shot\n|-damage|p1a: Arcanine|41\/100 slp|[from] Stealth Rock\n|-damage|p1a: Arcanine|28\/100 slp|[from] Spikes\n|-activate|p2a: Clodsire|move: Struggle\n|move|p2a: Clodsire|Struggle|p1a: Arcanine\n|-damage|p1a: Arcanine|26\/100 slp\n|-damage|p2a: Clodsire|25\/100|[from] recoil\n|\n|-end|p2a: Clodsire|move: Taunt\n|upkeep\n|turn|25\n|\n|t:|1700619813\n|cant|p1a: Arcanine|slp\n|move|p2a: Clodsire|Recover|p2a: Clodsire\n|-heal|p2a: Clodsire|75\/100\n|\n|upkeep\n|turn|26\n|\n|t:|1700619823\n|switch|p1a: Rillaboom|Rillaboom, M|31\/100\n|-damage|p1a: Rillaboom|19\/100|[from] Stealth Rock\n|-damage|p1a: Rillaboom|6\/100|[from] Spikes\n|-fieldstart|move: Grassy Terrain|[from] ability: Grassy Surge|[of] p1a: Rillaboom\n|move|p2a: Clodsire|Spikes|p1a: Rillaboom\n|-sidestart|p1: Mucheeezy|Spikes\n|\n|-heal|p1a: Rillaboom|12\/100|[from] Grassy Terrain\n|-heal|p2a: Clodsire|81\/100|[from] Grassy Terrain\n|upkeep\n|turn|27\n|\n|t:|1700619834\n|move|p1a: Rillaboom|Drum Beating|p2a: Clodsire\n|-damage|p2a: Clodsire|33\/100\n|-unboost|p2a: Clodsire|spe|1\n|move|p2a: Clodsire|Yawn|p1a: Rillaboom\n|-start|p1a: Rillaboom|move: Yawn|[of] p2a: Clodsire\n|\n|-heal|p1a: Rillaboom|19\/100|[from] Grassy Terrain\n|-heal|p2a: Clodsire|40\/100|[from] Grassy Terrain\n|upkeep\n|turn|28\n|\n|t:|1700619843\n|move|p1a: Rillaboom|Drum Beating|p2a: Clodsire\n|-damage|p2a: Clodsire|0 fnt\n|faint|p2a: Clodsire\n|\n|win|Mucheeezy\n|l|\u2606SuezGod\n","uploadtime":1700619907,"views":8,"p1id":"mucheeezy","p2id":"suezgod","formatid":"gen9ubers","rating":0,"private":0,"password":""}