{"id":"gen9ubers-1983007965","p1":"Nitro524","p2":"rtm2","format":"[Gen 9] Ubers","log":"|j|\u2606Nitro524\n|j|\u2606rtm2\n|t:|1699069292\n|gametype|singles\n|player|p1|Nitro524|266|\n|player|p2|rtm2|erika|\n|teamsize|p1|6\n|teamsize|p2|6\n|gen|9\n|tier|[Gen 9] Ubers\n|rule|Sleep Clause Mod: Limit one foe put to sleep\n|rule|Species Clause: Limit one of each Pok\u00e9mon\n|rule|OHKO Clause: OHKO moves are banned\n|rule|Evasion Items Clause: Evasion items are banned\n|rule|Evasion Moves Clause: Evasion moves are banned\n|rule|Endless Battle Clause: Forcing endless battles is banned\n|rule|HP Percentage Mod: HP is shown in percentages\n|clearpoke\n|poke|p1|Meowscarada, M|\n|poke|p1|Grimmsnarl, M|\n|poke|p1|Zacian-*|\n|poke|p1|Arceus-Poison|\n|poke|p1|Espathra, F|\n|poke|p1|Basculegion-F, F|\n|poke|p2|Torkoal, F|\n|poke|p2|Walking Wake|\n|poke|p2|Chi-Yu|\n|poke|p2|Arceus-Grass|\n|poke|p2|Zacian-*|\n|poke|p2|Magearna-Original|\n|teampreview\n|inactive|Battle timer is ON: inactive players will automatically lose when time's up. (requested by rtm2)\n|c|\u2606Nitro524|glhf\n|c|\u2606rtm2|hf\n|\n|t:|1699069323\n|start\n|switch|p1a: Meowscarada|Meowscarada, M|100\/100\n|switch|p2a: Magearna|Magearna-Original|100\/100\n|turn|1\n|\n|t:|1699069330\n|move|p1a: Meowscarada|Taunt|p2a: Magearna\n|-start|p1a: Meowscarada|typechange|Dark|[from] ability: Protean\n|-start|p2a: Magearna|move: Taunt\n|cant|p2a: Magearna|move: Taunt|Spikes\n|\n|upkeep\n|turn|2\n|\n|t:|1699069335\n|move|p1a: Meowscarada|Spikes|p2a: Magearna\n|-sidestart|p2: rtm2|Spikes\n|move|p2a: Magearna|Volt Switch|p1a: Meowscarada\n|-damage|p1a: Meowscarada|67\/100\n|\n|t:|1699069352\n|switch|p2a: Torkoal|Torkoal, F|100\/100|[from] Volt Switch\n|-damage|p2a: Torkoal|88\/100|[from] Spikes\n|-weather|SunnyDay|[from] ability: Drought|[of] p2a: Torkoal\n|\n|-weather|SunnyDay|[upkeep]\n|upkeep\n|turn|3\n|\n|t:|1699069371\n|move|p1a: Meowscarada|U-turn|p2a: Torkoal\n|-resisted|p2a: Torkoal\n|-damage|p2a: Torkoal|82\/100\n|\n|t:|1699069375\n|switch|p1a: Grimmsnarl|Grimmsnarl, M|100\/100|[from] U-turn\n|move|p2a: Torkoal|Lava Plume|p1a: Grimmsnarl\n|-damage|p1a: Grimmsnarl|75\/100\n|-status|p1a: Grimmsnarl|brn\n|\n|-weather|SunnyDay|[upkeep]\n|-damage|p1a: Grimmsnarl|69\/100 brn|[from] brn\n|upkeep\n|turn|4\n|\n|t:|1699069381\n|move|p1a: Grimmsnarl|Light Screen|p1a: Grimmsnarl\n|-sidestart|p1: Nitro524|move: Light Screen\n|move|p2a: Torkoal|Stealth Rock|p1a: Grimmsnarl\n|-sidestart|p1: Nitro524|move: Stealth Rock\n|\n|-weather|SunnyDay|[upkeep]\n|-damage|p1a: Grimmsnarl|63\/100 brn|[from] brn\n|upkeep\n|turn|5\n|\n|t:|1699069385\n|move|p1a: Grimmsnarl|Reflect|p1a: Grimmsnarl\n|-sidestart|p1: Nitro524|Reflect\n|move|p2a: Torkoal|Rapid Spin|p1a: Grimmsnarl\n|-damage|p1a: Grimmsnarl|58\/100 brn\n|-boost|p2a: Torkoal|spe|1\n|-sideend|p2: rtm2|Spikes|[from] move: Rapid Spin|[of] p2a: Torkoal\n|\n|-weather|SunnyDay|[upkeep]\n|-damage|p1a: Grimmsnarl|52\/100 brn|[from] brn\n|upkeep\n|turn|6\n|\n|t:|1699069395\n|switch|p2a: Magearna|Magearna-Original|100\/100\n|move|p1a: Grimmsnarl|Parting Shot|p2a: Magearna\n|-unboost|p2a: Magearna|atk|1\n|-unboost|p2a: Magearna|spa|1\n|\n|t:|1699069421\n|switch|p1a: Meowscarada|Meowscarada, M|67\/100|[from] Parting Shot\n|-damage|p1a: Meowscarada|54\/100|[from] Stealth Rock\n|\n|-weather|SunnyDay|[upkeep]\n|upkeep\n|turn|7\n|\n|t:|1699069430\n|move|p1a: Meowscarada|Taunt|p2a: Magearna\n|-start|p1a: Meowscarada|typechange|Dark|[from] ability: Protean\n|-start|p2a: Magearna|move: Taunt\n|move|p2a: Magearna|Volt Switch|p1a: Meowscarada\n|-damage|p1a: Meowscarada|44\/100\n|\n|t:|1699069447\n|switch|p2a: Chi-Yu|Chi-Yu|100\/100|[from] Volt Switch\n|-ability|p2a: Chi-Yu|Beads of Ruin\n|\n|-weather|SunnyDay|[upkeep]\n|upkeep\n|turn|8\n|\n|t:|1699069459\n|move|p2a: Chi-Yu|Flamethrower|p1a: Meowscarada\n|-damage|p1a: Meowscarada|0 fnt\n|faint|p1a: Meowscarada\n|\n|-weather|SunnyDay|[upkeep]\n|upkeep\n|inactive|Nitro524 has 270 seconds left.\n|c|\u2606rtm2|t\n|\n|t:|1699069496\n|switch|p1a: Arceus|Arceus-Poison|100\/100\n|-damage|p1a: Arceus|88\/100|[from] Stealth Rock\n|turn|9\n|\n|t:|1699069508\n|switch|p2a: Magearna|Magearna-Original|100\/100\n|move|p1a: Arceus|Calm Mind|p1a: Arceus\n|-boost|p1a: Arceus|spa|1\n|-boost|p1a: Arceus|spd|1\n|\n|-weather|none\n|upkeep\n|turn|10\n|\n|t:|1699069515\n|move|p1a: Arceus|Earth Power|p2a: Magearna\n|-supereffective|p2a: Magearna\n|-damage|p2a: Magearna|57\/100\n|move|p2a: Magearna|Thunder Wave|p1a: Arceus\n|-status|p1a: Arceus|par\n|\n|-heal|p2a: Magearna|63\/100|[from] item: Leftovers\n|upkeep\n|turn|11\n|\n|t:|1699069527\n|move|p1a: Arceus|Earth Power|p2a: Magearna\n|-supereffective|p2a: Magearna\n|-crit|p2a: Magearna\n|-damage|p2a: Magearna|0 fnt\n|faint|p2a: Magearna\n|\n|-sideend|p1: Nitro524|move: Light Screen\n|upkeep\n|inactive|rtm2 has 270 seconds left.\n|\n|t:|1699069564\n|switch|p2a: Chi-Yu|Chi-Yu|100\/100\n|-ability|p2a: Chi-Yu|Beads of Ruin\n|turn|12\n|\n|t:|1699069580\n|move|p2a: Chi-Yu|Psychic|p1a: Arceus\n|-supereffective|p1a: Arceus\n|-damage|p1a: Arceus|48\/100 par\n|move|p1a: Arceus|Calm Mind|p1a: Arceus\n|-boost|p1a: Arceus|spa|1\n|-boost|p1a: Arceus|spd|1\n|\n|-sideend|p1: Nitro524|Reflect\n|upkeep\n|turn|13\n|\n|t:|1699069586\n|move|p2a: Chi-Yu|Psychic|p1a: Arceus\n|-supereffective|p1a: Arceus\n|-damage|p1a: Arceus|16\/100 par\n|move|p1a: Arceus|Earth Power|p2a: Chi-Yu\n|-supereffective|p2a: Chi-Yu\n|-damage|p2a: Chi-Yu|0 fnt\n|faint|p2a: Chi-Yu\n|\n|upkeep\n|\n|t:|1699069605\n|switch|p2a: Walking Wake|Walking Wake|100\/100\n|turn|14\n|\n|t:|1699069610\n|move|p2a: Walking Wake|Hydro Steam|p1a: Arceus\n|-damage|p1a: Arceus|0 fnt\n|faint|p1a: Arceus\n|\n|upkeep\n|\n|t:|1699069630\n|switch|p1a: Zacian|Zacian|100\/100\n|-ability|p1a: Zacian|Intrepid Sword|boost\n|-boost|p1a: Zacian|atk|1\n|turn|15\n|inactive|rtm2 has 270 seconds left.\n|\n|t:|1699069639\n|-end|p2a: Walking Wake|Protosynthesis|[silent]\n|switch|p2a: Torkoal|Torkoal, F|82\/100\n|-weather|SunnyDay|[from] ability: Drought|[of] p2a: Torkoal\n|move|p1a: Zacian|Play Rough|p2a: Torkoal\n|-resisted|p2a: Torkoal\n|-damage|p2a: Torkoal|65\/100\n|\n|-weather|SunnyDay|[upkeep]\n|upkeep\n|turn|16\n|\n|t:|1699069667\n|-terastallize|p1a: Zacian|Fire\n|move|p1a: Zacian|Swords Dance|p1a: Zacian\n|-boost|p1a: Zacian|atk|2\n|move|p2a: Torkoal|Will-O-Wisp|p1a: Zacian|[miss]\n|-miss|p2a: Torkoal|p1a: Zacian\n|\n|-weather|SunnyDay|[upkeep]\n|upkeep\n|turn|17\n|inactive|Nitro524 has 270 seconds left.\n|inactive|rtm2 has 270 seconds left.\n|j| the tr4sh man\n|\n|t:|1699069694\n|switch|p2a: Arceus|Arceus-Grass|100\/100\n|move|p1a: Zacian|Swords Dance|p1a: Zacian\n|-boost|p1a: Zacian|atk|2\n|\n|-weather|SunnyDay|[upkeep]\n|upkeep\n|turn|18\n|inactive|Nitro524 has 270 seconds left.\n|inactive|rtm2 has 270 seconds left.\n|\n|t:|1699069701\n|move|p1a: Zacian|Tera Blast|p2a: Arceus|[anim] Tera Blast Fire\n|-supereffective|p2a: Arceus\n|-damage|p2a: Arceus|0 fnt\n|faint|p2a: Arceus\n|\n|-weather|SunnyDay|[upkeep]\n|upkeep\n|inactive|rtm2 has 270 seconds left.\n|\n|t:|1699069729\n|switch|p2a: Walking Wake|Walking Wake|100\/100\n|-activate|p2a: Walking Wake|ability: Protosynthesis\n|-start|p2a: Walking Wake|protosynthesisspe\n|turn|19\n|inactive|Nitro524 has 270 seconds left.\n|inactive|Nitro524 has 240 seconds left.\n|\n|t:|1699069779\n|switch|p1a: Basculegion|Basculegion-F, F|100\/100\n|-damage|p1a: Basculegion|88\/100|[from] Stealth Rock\n|-terastallize|p2a: Walking Wake|Water\n|move|p2a: Walking Wake|Hydro Steam|p1a: Basculegion\n|-resisted|p1a: Basculegion\n|-damage|p1a: Basculegion|23\/100\n|\n|-weather|SunnyDay|[upkeep]\n|upkeep\n|turn|20\n|inactive|Nitro524 has 240 seconds left.\n|\n|t:|1699069806\n|move|p2a: Walking Wake|Hydro Steam|p1a: Basculegion\n|-resisted|p1a: Basculegion\n|-damage|p1a: Basculegion|0 fnt\n|faint|p1a: Basculegion\n|\n|-weather|SunnyDay|[upkeep]\n|upkeep\n|\n|t:|1699069814\n|switch|p1a: Grimmsnarl|Grimmsnarl, M|52\/100 brn\n|-damage|p1a: Grimmsnarl|39\/100 brn|[from] Stealth Rock\n|turn|21\n|j| Leo Justice\n|l| Leo Justice\n|\n|t:|1699069826\n|move|p1a: Grimmsnarl|Light Screen|p1a: Grimmsnarl\n|-sidestart|p1: Nitro524|move: Light Screen\n|move|p2a: Walking Wake|Hydro Steam|p1a: Grimmsnarl\n|-damage|p1a: Grimmsnarl|0 fnt\n|faint|p1a: Grimmsnarl\n|\n|-weather|SunnyDay|[upkeep]\n|upkeep\n|j| Leo Justice\n|j| rutriyououiyiyuyt\n|inactive|Nitro524 has 210 seconds left.\n|l| Leo Justice\n|j| Leo Justice\n|\n|t:|1699069870\n|switch|p1a: Espathra|Espathra, F|100\/100\n|-damage|p1a: Espathra|88\/100|[from] Stealth Rock\n|turn|22\n|inactive|rtm2 has 270 seconds left.\n|\n|t:|1699069880\n|move|p1a: Espathra|Protect|p1a: Espathra\n|-singleturn|p1a: Espathra|Protect\n|move|p2a: Walking Wake|Hydro Steam|p1a: Espathra\n|-activate|p1a: Espathra|move: Protect\n|\n|-weather|none\n|-end|p2a: Walking Wake|Protosynthesis\n|-heal|p1a: Espathra|94\/100|[from] item: Leftovers\n|-ability|p1a: Espathra|Speed Boost|boost\n|-boost|p1a: Espathra|spe|1\n|upkeep\n|turn|23\n|inactive|Nitro524 has 210 seconds left.\n|inactive|rtm2 has 270 seconds left.\n|\n|t:|1699069894\n|-end|p2a: Walking Wake|Protosynthesis|[silent]\n|switch|p2a: Zacian|Zacian|100\/100\n|-ability|p2a: Zacian|Intrepid Sword|boost\n|-boost|p2a: Zacian|atk|1\n|move|p1a: Espathra|Calm Mind|p1a: Espathra\n|-boost|p1a: Espathra|spa|1\n|-boost|p1a: Espathra|spd|1\n|\n|-heal|p1a: Espathra|99\/100|[from] item: Leftovers\n|-ability|p1a: Espathra|Speed Boost|boost\n|-boost|p1a: Espathra|spe|1\n|upkeep\n|turn|24\n|inactive|Nitro524 has 210 seconds left.\n|inactive|rtm2 has 270 seconds left.\n|inactive|Nitro524 has 180 seconds left.\n|l| Leo Justice\n|\n|t:|1699069942\n|move|p1a: Espathra|Protect|p1a: Espathra\n|-singleturn|p1a: Espathra|Protect\n|move|p2a: Zacian|Play Rough|p1a: Espathra\n|-activate|p1a: Espathra|move: Protect\n|\n|-heal|p1a: Espathra|100\/100|[from] item: Leftovers\n|-ability|p1a: Espathra|Speed Boost|boost\n|-boost|p1a: Espathra|spe|1\n|upkeep\n|turn|25\n|inactive|Nitro524 has 180 seconds left.\n|\n|t:|1699069959\n|move|p1a: Espathra|Stored Power|p2a: Zacian\n|-damage|p2a: Zacian|14\/100\n|move|p2a: Zacian|Play Rough|p1a: Espathra\n|-damage|p1a: Espathra|12\/100\n|\n|-heal|p1a: Espathra|18\/100|[from] item: Leftovers\n|-ability|p1a: Espathra|Speed Boost|boost\n|-boost|p1a: Espathra|spe|1\n|upkeep\n|turn|26\n|\n|t:|1699069968\n|move|p1a: Espathra|Stored Power|p2a: Zacian\n|-damage|p2a: Zacian|0 fnt\n|faint|p2a: Zacian\n|\n|-heal|p1a: Espathra|24\/100|[from] item: Leftovers\n|-ability|p1a: Espathra|Speed Boost|boost\n|-boost|p1a: Espathra|spe|1\n|upkeep\n|j| Leo Justice\n|inactive|rtm2 has 270 seconds left.\n|\n|t:|1699069984\n|switch|p2a: Walking Wake|Walking Wake, tera:Water|100\/100\n|turn|27\n|\n|t:|1699069997\n|move|p1a: Espathra|Stored Power|p2a: Walking Wake\n|-damage|p2a: Walking Wake|0 fnt\n|faint|p2a: Walking Wake\n|-end|p2a: Walking Wake|Protosynthesis|[silent]\n|\n|-heal|p1a: Espathra|30\/100|[from] item: Leftovers\n|-ability|p1a: Espathra|Speed Boost|boost\n|-boost|p1a: Espathra|spe|1\n|upkeep\n|c|\u2606Nitro524|gg\n|c|\u2606rtm2|gg\n|\n|t:|1699070001\n|switch|p2a: Torkoal|Torkoal, F|65\/100\n|-weather|SunnyDay|[from] ability: Drought|[of] p2a: Torkoal\n|turn|28\n|\n|t:|1699070011\n|move|p1a: Espathra|Stored Power|p2a: Torkoal\n|-crit|p2a: Torkoal\n|-damage|p2a: Torkoal|0 fnt\n|faint|p2a: Torkoal\n|\n|win|Nitro524\n","uploadtime":1699070014,"views":22,"p1id":"nitro524","p2id":"rtm2","formatid":"gen9ubers","rating":0,"private":0,"password":""}