{"id":"gen9ubers-1981143518","p1":"Leo Justice","p2":"MYDADDOSNTLOVEME","format":"[Gen 9] Ubers","log":"|j|\u2606Leo Justice\n|j|\u2606MYDADDOSNTLOVEME\n|t:|1698867080\n|gametype|singles\n|player|p1|Leo Justice|carmine|\n|player|p2|MYDADDOSNTLOVEME|266|\n|teamsize|p1|6\n|teamsize|p2|6\n|gen|9\n|tier|[Gen 9] Ubers\n|rule|Sleep Clause Mod: Limit one foe put to sleep\n|rule|Species Clause: Limit one of each Pok\u00e9mon\n|rule|OHKO Clause: OHKO moves are banned\n|rule|Evasion Items Clause: Evasion items are banned\n|rule|Evasion Moves Clause: Evasion moves are banned\n|rule|Endless Battle Clause: Forcing endless battles is banned\n|rule|HP Percentage Mod: HP is shown in percentages\n|clearpoke\n|poke|p1|Dialga|\n|poke|p1|Moltres|\n|poke|p1|Palafin, F|\n|poke|p1|Arceus-Ghost|\n|poke|p1|Ogerpon-Wellspring, F|\n|poke|p1|Magearna|\n|poke|p2|Arceus-Ghost|\n|poke|p2|Ninetales-Alola, F|\n|poke|p2|Baxcalibur, F|\n|poke|p2|Zamazenta-*|\n|poke|p2|Manaphy|\n|poke|p2|Chi-Yu|\n|teampreview\n|\n|t:|1698867101\n|start\n|switch|p1a: Palafin|Palafin, F|100\/100\n|switch|p2a: Ninetales|Ninetales-Alola, F|100\/100\n|-weather|Snow|[from] ability: Snow Warning|[of] p2a: Ninetales\n|turn|1\n|\n|t:|1698867108\n|move|p2a: Ninetales|Aurora Veil|p2a: Ninetales\n|-sidestart|p2: MYDADDOSNTLOVEME|move: Aurora Veil\n|move|p1a: Palafin|Flip Turn|p2a: Ninetales\n|-damage|p2a: Ninetales|87\/100\n|\n|t:|1698867112\n|detailschange|p1a: Palafin|Palafin-Hero, F\n|switch|p1a: Dialga|Dialga|100\/100|[from] Flip Turn\n|-ability|p1a: Dialga|Pressure\n|\n|-weather|Snow|[upkeep]\n|upkeep\n|turn|2\n|\n|t:|1698867115\n|move|p2a: Ninetales|Hypnosis|p1a: Dialga|[miss]\n|-miss|p2a: Ninetales|p1a: Dialga\n|move|p1a: Dialga|Stealth Rock|p2a: Ninetales\n|-sidestart|p2: MYDADDOSNTLOVEME|move: Stealth Rock\n|\n|-weather|Snow|[upkeep]\n|upkeep\n|turn|3\n|\n|t:|1698867133\n|switch|p2a: Arceus|Arceus-Ghost|100\/100\n|-damage|p2a: Arceus|88\/100|[from] Stealth Rock\n|move|p1a: Dialga|Flash Cannon|p2a: Arceus\n|-damage|p2a: Arceus|76\/100\n|\n|-weather|Snow|[upkeep]\n|upkeep\n|turn|4\n|\n|t:|1698867140\n|move|p2a: Arceus|Swords Dance|p2a: Arceus\n|-boost|p2a: Arceus|atk|2\n|move|p1a: Dialga|Roar|p2a: Arceus\n|drag|p2a: Baxcalibur|Baxcalibur, F|100\/100\n|-damage|p2a: Baxcalibur|76\/100|[from] Stealth Rock\n|\n|-weather|Snow|[upkeep]\n|-heal|p2a: Baxcalibur|82\/100|[from] ability: Ice Body\n|-heal|p2a: Baxcalibur|88\/100|[from] item: Leftovers\n|upkeep\n|turn|5\n|\n|t:|1698867151\n|switch|p1a: Moltres|Moltres|100\/100\n|-ability|p1a: Moltres|Pressure\n|move|p2a: Baxcalibur|Earthquake|p1a: Moltres\n|-immune|p1a: Moltres\n|\n|-weather|none\n|-heal|p2a: Baxcalibur|94\/100|[from] item: Leftovers\n|upkeep\n|turn|6\n|\n|t:|1698867157\n|switch|p2a: Manaphy|Manaphy|100\/100\n|-damage|p2a: Manaphy|88\/100|[from] Stealth Rock\n|move|p1a: Moltres|Will-O-Wisp|p2a: Manaphy\n|-status|p2a: Manaphy|brn\n|\n|-heal|p2a: Manaphy|94\/100 brn|[from] item: Leftovers\n|-damage|p2a: Manaphy|88\/100 brn|[from] brn\n|upkeep\n|turn|7\n|\n|t:|1698867166\n|switch|p1a: Ogerpon|Ogerpon-Wellspring, F|100\/100\n|move|p2a: Manaphy|Tail Glow|p2a: Manaphy\n|-boost|p2a: Manaphy|spa|3\n|\n|-heal|p2a: Manaphy|94\/100 brn|[from] item: Leftovers\n|-damage|p2a: Manaphy|88\/100 brn|[from] brn\n|upkeep\n|turn|8\n|\n|t:|1698867174\n|-terastallize|p2a: Manaphy|Dragon\n|move|p1a: Ogerpon|Horn Leech|p2a: Manaphy\n|-resisted|p2a: Manaphy\n|-damage|p2a: Manaphy|80\/100 brn\n|move|p2a: Manaphy|Stored Power|p1a: Ogerpon\n|-damage|p1a: Ogerpon|47\/100\n|\n|-heal|p2a: Manaphy|86\/100 brn|[from] item: Leftovers\n|-damage|p2a: Manaphy|80\/100 brn|[from] brn\n|-sideend|p2: MYDADDOSNTLOVEME|move: Aurora Veil\n|upkeep\n|turn|9\n|\n|t:|1698867191\n|move|p1a: Ogerpon|Spikes|p2a: Manaphy\n|-sidestart|p2: MYDADDOSNTLOVEME|Spikes\n|move|p2a: Manaphy|Tail Glow|p2a: Manaphy\n|-boost|p2a: Manaphy|spa|3\n|\n|-heal|p2a: Manaphy|86\/100 brn|[from] item: Leftovers\n|-damage|p2a: Manaphy|80\/100 brn|[from] brn\n|upkeep\n|turn|10\n|\n|t:|1698867200\n|move|p1a: Ogerpon|Spikes|p2a: Manaphy\n|-sidestart|p2: MYDADDOSNTLOVEME|Spikes\n|move|p2a: Manaphy|Stored Power|p1a: Ogerpon\n|-crit|p1a: Ogerpon\n|-damage|p1a: Ogerpon|0 fnt\n|faint|p1a: Ogerpon\n|\n|-heal|p2a: Manaphy|86\/100 brn|[from] item: Leftovers\n|-damage|p2a: Manaphy|80\/100 brn|[from] brn\n|upkeep\n|\n|t:|1698867228\n|switch|p1a: Magearna|Magearna|100\/100\n|turn|11\n|\n|t:|1698867236\n|move|p2a: Manaphy|Stored Power|p1a: Magearna\n|-resisted|p1a: Magearna\n|-damage|p1a: Magearna|50\/100\n|move|p1a: Magearna|Fleur Cannon|p2a: Manaphy\n|-supereffective|p2a: Manaphy\n|-damage|p2a: Manaphy|0 fnt\n|-unboost|p1a: Magearna|spa|2\n|faint|p2a: Manaphy\n|-ability|p1a: Magearna|Soul-Heart|boost\n|-boost|p1a: Magearna|spa|1\n|\n|upkeep\n|\n|t:|1698867247\n|switch|p2a: Ninetales|Ninetales-Alola, F|87\/100\n|-damage|p2a: Ninetales|62\/100|[from] Stealth Rock\n|-damage|p2a: Ninetales|46\/100|[from] Spikes\n|-weather|Snow|[from] ability: Snow Warning|[of] p2a: Ninetales\n|turn|12\n|\n|t:|1698867253\n|switch|p1a: Dialga|Dialga|100\/100\n|-ability|p1a: Dialga|Pressure\n|move|p2a: Ninetales|Aurora Veil|p2a: Ninetales\n|-sidestart|p2: MYDADDOSNTLOVEME|move: Aurora Veil\n|\n|-weather|Snow|[upkeep]\n|upkeep\n|turn|13\n|\n|t:|1698867259\n|move|p2a: Ninetales|Hypnosis|p1a: Dialga\n|-status|p1a: Dialga|slp|[from] move: Hypnosis\n|cant|p1a: Dialga|slp\n|\n|-weather|Snow|[upkeep]\n|upkeep\n|turn|14\n|\n|t:|1698867263\n|switch|p2a: Arceus|Arceus-Ghost|76\/100\n|-damage|p2a: Arceus|63\/100|[from] Stealth Rock\n|-damage|p2a: Arceus|47\/100|[from] Spikes\n|cant|p1a: Dialga|slp\n|\n|-weather|Snow|[upkeep]\n|upkeep\n|turn|15\n|\n|t:|1698867268\n|move|p2a: Arceus|Recover|p2a: Arceus\n|-heal|p2a: Arceus|97\/100\n|-curestatus|p1a: Dialga|slp|[msg]\n|move|p1a: Dialga|Roar|p2a: Arceus\n|drag|p2a: Baxcalibur|Baxcalibur, F|94\/100\n|-damage|p2a: Baxcalibur|70\/100|[from] Stealth Rock\n|-damage|p2a: Baxcalibur|53\/100|[from] Spikes\n|\n|-weather|Snow|[upkeep]\n|-heal|p2a: Baxcalibur|59\/100|[from] ability: Ice Body\n|-heal|p2a: Baxcalibur|65\/100|[from] item: Leftovers\n|upkeep\n|turn|16\n|\n|t:|1698867277\n|switch|p1a: Moltres|Moltres|100\/100\n|-ability|p1a: Moltres|Pressure\n|move|p2a: Baxcalibur|Glaive Rush|p1a: Moltres\n|-damage|p1a: Moltres|49\/100\n|-singlemove|p2a: Baxcalibur|Glaive Rush|[silent]\n|\n|-weather|none\n|-heal|p2a: Baxcalibur|72\/100|[from] item: Leftovers\n|upkeep\n|turn|17\n|\n|t:|1698867286\n|move|p2a: Baxcalibur|Glaive Rush|p1a: Moltres\n|-damage|p1a: Moltres|2\/100\n|-singlemove|p2a: Baxcalibur|Glaive Rush|[silent]\n|move|p1a: Moltres|Will-O-Wisp|p2a: Baxcalibur\n|-status|p2a: Baxcalibur|brn\n|\n|-heal|p2a: Baxcalibur|78\/100 brn|[from] item: Leftovers\n|-damage|p2a: Baxcalibur|72\/100 brn|[from] brn\n|upkeep\n|turn|18\n|\n|t:|1698867292\n|move|p2a: Baxcalibur|Glaive Rush|p1a: Moltres\n|-damage|p1a: Moltres|0 fnt\n|-singlemove|p2a: Baxcalibur|Glaive Rush|[silent]\n|faint|p1a: Moltres\n|\n|-heal|p2a: Baxcalibur|78\/100 brn|[from] item: Leftovers\n|-damage|p2a: Baxcalibur|72\/100 brn|[from] brn\n|upkeep\n|\n|t:|1698867296\n|switch|p1a: Arceus|Arceus-Ghost|100\/100\n|turn|19\n|\n|t:|1698867301\n|move|p1a: Arceus|Swords Dance|p1a: Arceus\n|-boost|p1a: Arceus|atk|2\n|move|p2a: Baxcalibur|Glaive Rush|p1a: Arceus\n|-damage|p1a: Arceus|75\/100\n|-singlemove|p2a: Baxcalibur|Glaive Rush|[silent]\n|\n|-heal|p2a: Baxcalibur|78\/100 brn|[from] item: Leftovers\n|-damage|p2a: Baxcalibur|72\/100 brn|[from] brn\n|-sideend|p2: MYDADDOSNTLOVEME|move: Aurora Veil\n|upkeep\n|turn|20\n|\n|t:|1698867312\n|move|p1a: Arceus|Extreme Speed|p2a: Baxcalibur\n|-damage|p2a: Baxcalibur|0 fnt\n|faint|p2a: Baxcalibur\n|\n|upkeep\n|\n|t:|1698867318\n|switch|p2a: Zamazenta|Zamazenta-Crowned|100\/100\n|-damage|p2a: Zamazenta|97\/100|[from] Stealth Rock\n|-damage|p2a: Zamazenta|81\/100|[from] Spikes\n|-ability|p2a: Zamazenta|Dauntless Shield|boost\n|-boost|p2a: Zamazenta|def|1\n|turn|21\n|\n|t:|1698867322\n|move|p1a: Arceus|Shadow Claw|p2a: Zamazenta\n|-damage|p2a: Zamazenta|40\/100\n|move|p2a: Zamazenta|Roar|p1a: Arceus\n|drag|p1a: Magearna|Magearna|50\/100\n|\n|upkeep\n|turn|22\n|\n|t:|1698867328\n|move|p2a: Zamazenta|Body Press|p1a: Magearna\n|-damage|p1a: Magearna|0 fnt\n|faint|p1a: Magearna\n|\n|upkeep\n|\n|t:|1698867332\n|switch|p1a: Dialga|Dialga|100\/100\n|-ability|p1a: Dialga|Pressure\n|turn|23\n|\n|t:|1698867339\n|switch|p1a: Arceus|Arceus-Ghost|75\/100\n|move|p2a: Zamazenta|Roar|p1a: Arceus\n|drag|p1a: Palafin|Palafin-Hero, F|100\/100\n|-activate|p1a: Palafin|ability: Zero to Hero\n|\n|upkeep\n|turn|24\n|\n|t:|1698867345\n|move|p2a: Zamazenta|Body Press|p1a: Palafin\n|-damage|p1a: Palafin|48\/100\n|move|p1a: Palafin|Flip Turn|p2a: Zamazenta\n|-damage|p2a: Zamazenta|13\/100\n|\n|t:|1698867351\n|switch|p1a: Arceus|Arceus-Ghost|75\/100|[from] Flip Turn\n|\n|upkeep\n|turn|25\n|\n|t:|1698867354\n|move|p2a: Zamazenta|Behemoth Bash|p1a: Arceus\n|-damage|p1a: Arceus|51\/100\n|move|p1a: Arceus|Shadow Claw|p2a: Zamazenta\n|-damage|p2a: Zamazenta|0 fnt\n|faint|p2a: Zamazenta\n|\n|upkeep\n|\n|t:|1698867361\n|switch|p2a: Chi-Yu|Chi-Yu|100\/100\n|-damage|p2a: Chi-Yu|76\/100|[from] Stealth Rock\n|-damage|p2a: Chi-Yu|59\/100|[from] Spikes\n|-ability|p2a: Chi-Yu|Beads of Ruin\n|turn|26\n|\n|t:|1698867372\n|-terastallize|p1a: Arceus|Normal\n|move|p1a: Arceus|Extreme Speed|p2a: Chi-Yu\n|-damage|p2a: Chi-Yu|0 fnt\n|faint|p2a: Chi-Yu\n|\n|upkeep\n|\n|t:|1698867376\n|switch|p2a: Arceus|Arceus-Ghost|97\/100\n|-damage|p2a: Arceus|84\/100|[from] Stealth Rock\n|-damage|p2a: Arceus|68\/100|[from] Spikes\n|turn|27\n|\n|t:|1698867383\n|switch|p1a: Dialga|Dialga|100\/100\n|-ability|p1a: Dialga|Pressure\n|move|p2a: Arceus|Extreme Speed|p1a: Dialga\n|-resisted|p1a: Dialga\n|-damage|p1a: Dialga|91\/100\n|\n|-heal|p1a: Dialga|97\/100|[from] item: Leftovers\n|upkeep\n|turn|28\n|\n|t:|1698867392\n|move|p2a: Arceus|Shadow Claw|p1a: Dialga\n|-damage|p1a: Dialga|65\/100\n|move|p1a: Dialga|Flash Cannon|p2a: Arceus\n|-damage|p2a: Arceus|42\/100\n|\n|-heal|p1a: Dialga|72\/100|[from] item: Leftovers\n|upkeep\n|turn|29\n|\n|t:|1698867400\n|move|p2a: Arceus|Swords Dance|p2a: Arceus\n|-boost|p2a: Arceus|atk|2\n|move|p1a: Dialga|Draco Meteor|p2a: Arceus\n|-damage|p2a: Arceus|0 fnt\n|-unboost|p1a: Dialga|spa|2\n|faint|p2a: Arceus\n|\n|-heal|p1a: Dialga|78\/100|[from] item: Leftovers\n|upkeep\n|\n|t:|1698867402\n|switch|p2a: Ninetales|Ninetales-Alola, F|46\/100\n|-damage|p2a: Ninetales|21\/100|[from] Stealth Rock\n|-damage|p2a: Ninetales|4\/100|[from] Spikes\n|-weather|Snow|[from] ability: Snow Warning|[of] p2a: Ninetales\n|turn|30\n|\n|t:|1698867413\n|move|p2a: Ninetales|Hypnosis|p1a: Dialga|[miss]\n|-miss|p2a: Ninetales|p1a: Dialga\n|move|p1a: Dialga|Flash Cannon|p2a: Ninetales\n|-supereffective|p2a: Ninetales\n|-damage|p2a: Ninetales|0 fnt\n|faint|p2a: Ninetales\n|\n|win|Leo Justice\n","uploadtime":1698867418,"views":21,"p1id":"leojustice","p2id":"mydaddosntloveme","formatid":"gen9ubers","rating":0,"private":0,"password":""}