{"id":"gen9ubers-1974688136","p1":"The_Black_Dog","p2":"BigBabyGerry","format":"[Gen 9] Ubers","log":"|j|\u2606The_Black_Dog\n|j|\u2606BigBabyGerry\n|t:|1698110638\n|gametype|singles\n|player|p1|The_Black_Dog|ghetsis|\n|player|p2|BigBabyGerry|265|\n|teamsize|p1|6\n|teamsize|p2|6\n|gen|9\n|tier|[Gen 9] Ubers\n|rule|Sleep Clause Mod: Limit one foe put to sleep\n|rule|Species Clause: Limit one of each Pok\u00e9mon\n|rule|OHKO Clause: OHKO moves are banned\n|rule|Evasion Items Clause: Evasion items are banned\n|rule|Evasion Moves Clause: Evasion moves are banned\n|rule|Endless Battle Clause: Forcing endless battles is banned\n|rule|HP Percentage Mod: HP is shown in percentages\n|clearpoke\n|poke|p1|Dragapult, M|\n|poke|p1|Cyclizar, F|\n|poke|p1|Breloom, F|\n|poke|p1|Zapdos|\n|poke|p1|Krookodile, F|\n|poke|p1|Heatran, F|\n|poke|p2|Iron Bundle|\n|poke|p2|Roaring Moon|\n|poke|p2|Gengar, M|\n|poke|p2|Arcanine, M|\n|poke|p2|Wigglytuff, M|\n|poke|p2|Tauros-Paldea-Aqua, M|\n|teampreview\n|c|\u2606The_Black_Dog|GL BBG\n|j| Haymaker92\n|j| Du-Gi-Oh\n|c|\u2606BigBabyGerry|glgl\n|c| Haymaker92|gl gl gl\n|c| Du-Gi-Oh|ahh version 1 version 1\n|c|\u2606The_Black_Dog|shall we commence?\n|c| Du-Gi-Oh|PSL...\n|c| Du-Gi-Oh|WAIT FOR IT..\n|c| Du-Gi-Oh|WAIT FOR IT..\n|c| Du-Gi-Oh|Commence!\n|\n|t:|1698110734\n|start\n|switch|p1a: Breloom|Breloom, F, shiny|100\/100\n|switch|p2a: Murphcanine|Arcanine, M, shiny|100\/100\n|-ability|p2a: Murphcanine|Intimidate|boost\n|-unboost|p1a: Breloom|atk|1\n|turn|1\n|c|\u2606The_Black_Dog|the seconf wait for it got me lol\n|\n|t:|1698110763\n|switch|p1a: Zapdos|Zapdos, shiny|100\/100\n|move|p2a: Murphcanine|Flare Blitz|p1a: Zapdos\n|-damage|p1a: Zapdos|33\/100\n|-status|p1a: Zapdos|brn\n|-damage|p2a: Murphcanine|84\/100|[from] item: Rocky Helmet|[of] p1a: Zapdos\n|-damage|p2a: Murphcanine|62\/100|[from] Recoil\n|\n|-damage|p1a: Zapdos|27\/100 brn|[from] brn\n|upkeep\n|turn|2\n|\n|t:|1698110801\n|switch|p1a: Cyclizar|Cyclizar, F, shiny|100\/100\n|move|p2a: Murphcanine|Flare Blitz|p1a: Cyclizar\n|-resisted|p1a: Cyclizar\n|-damage|p1a: Cyclizar|51\/100\n|-damage|p2a: Murphcanine|47\/100|[from] Recoil\n|\n|upkeep\n|turn|3\n|\n|t:|1698110816\n|move|p2a: Murphcanine|Extreme Speed|p1a: Cyclizar\n|-damage|p1a: Cyclizar|3\/100\n|move|p1a: Cyclizar|Knock Off|p2a: Murphcanine\n|-damage|p2a: Murphcanine|0 fnt\n|-enditem|p2a: Murphcanine|Heavy-Duty Boots|[from] move: Knock Off|[of] p1a: Cyclizar\n|faint|p2a: Murphcanine\n|\n|upkeep\n|\n|t:|1698110841\n|switch|p2a: Gengmurphy|Gengar, M, shiny|100\/100\n|turn|4\n|\n|t:|1698110858\n|switch|p1a: GeatGrant|Heatran, F, shiny|100\/100\n|move|p2a: Gengmurphy|Dazzling Gleam|p1a: GeatGrant\n|-resisted|p1a: GeatGrant\n|-damage|p1a: GeatGrant|96\/100\n|\n|-heal|p1a: GeatGrant|100\/100|[from] item: Leftovers\n|upkeep\n|turn|5\n|\n|t:|1698110877\n|switch|p2a: Murph Moon|Roaring Moon, shiny|100\/100\n|move|p1a: GeatGrant|Earth Power|p2a: Murph Moon\n|-damage|p2a: Murph Moon|73\/100\n|\n|-heal|p2a: Murph Moon|79\/100|[from] item: Leftovers\n|upkeep\n|turn|6\n|\n|t:|1698110891\n|switch|p1a: Zapdos|Zapdos, shiny|27\/100 brn\n|move|p2a: Murph Moon|Jaw Lock|p1a: Zapdos\n|-damage|p1a: Zapdos|0 fnt\n|-damage|p2a: Murph Moon|63\/100|[from] item: Rocky Helmet|[of] p1a: Zapdos\n|faint|p1a: Zapdos\n|\n|-heal|p2a: Murph Moon|69\/100|[from] item: Leftovers\n|upkeep\n|\n|t:|1698110915\n|switch|p1a: Breloom|Breloom, F, shiny|100\/100\n|turn|7\n|\n|t:|1698110932\n|-terastallize|p2a: Murph Moon|Fairy\n|move|p1a: Breloom|Mach Punch|p2a: Murph Moon\n|-resisted|p2a: Murph Moon\n|-damage|p2a: Murph Moon|55\/100\n|move|p2a: Murph Moon|Tera Blast|p1a: Breloom|[anim] Tera Blast Fairy\n|-supereffective|p1a: Breloom\n|-enditem|p1a: Breloom|Focus Sash\n|-damage|p1a: Breloom|1\/100\n|\n|-heal|p2a: Murph Moon|61\/100|[from] item: Leftovers\n|upkeep\n|turn|8\n|\n|t:|1698110956\n|switch|p1a: GeatGrant|Heatran, F, shiny|100\/100\n|move|p2a: Murph Moon|Jaw Lock|p1a: GeatGrant\n|-damage|p1a: GeatGrant|65\/100\n|-activate|p2a: Murph Moon|trapped\n|-activate|p1a: GeatGrant|trapped\n|\n|-heal|p2a: Murph Moon|67\/100|[from] item: Leftovers\n|-heal|p1a: GeatGrant|71\/100|[from] item: Leftovers\n|upkeep\n|turn|9\n|\n|t:|1698110972\n|move|p2a: Murph Moon|Earthquake|p1a: GeatGrant\n|-supereffective|p1a: GeatGrant\n|-damage|p1a: GeatGrant|0 fnt\n|faint|p1a: GeatGrant\n|\n|-heal|p2a: Murph Moon|73\/100|[from] item: Leftovers\n|upkeep\n|\n|t:|1698110993\n|switch|p1a: Dragapult|Dragapult, M, shiny|100\/100\n|turn|10\n|\n|t:|1698111011\n|move|p1a: Dragapult|Shadow Ball|p2a: Murph Moon\n|-crit|p2a: Murph Moon\n|-damage|p2a: Murph Moon|29\/100\n|move|p2a: Murph Moon|Tera Blast|p1a: Dragapult|[anim] Tera Blast Fairy\n|-supereffective|p1a: Dragapult\n|-damage|p1a: Dragapult|0 fnt\n|-start|p2a: Murph Moon|Disable|Tera Blast|[from] ability: Cursed Body|[of] p1a: Dragapult\n|faint|p1a: Dragapult\n|\n|-heal|p2a: Murph Moon|35\/100|[from] item: Leftovers\n|upkeep\n|\n|t:|1698111068\n|switch|p1a: Krookodile|Krookodile, F, shiny|100\/100\n|turn|11\n|\n|t:|1698111116\n|-end|p2a: Murph Moon|Protosynthesis|[silent]\n|switch|p2a: Teejaurous|Tauros-Paldea-Aqua, M, shiny|100\/100\n|-ability|p2a: Teejaurous|Intimidate|boost\n|-unboost|p1a: Krookodile|atk|1\n|move|p1a: Krookodile|Earthquake|p2a: Teejaurous\n|-damage|p2a: Teejaurous|67\/100\n|\n|upkeep\n|turn|12\n|\n|t:|1698111141\n|move|p2a: Teejaurous|Wave Crash|p1a: Krookodile\n|-supereffective|p1a: Krookodile\n|-damage|p1a: Krookodile|0 fnt\n|faint|p1a: Krookodile\n|-damage|p2a: Teejaurous|22\/100|[from] Recoil\n|\n|upkeep\n|\n|t:|1698111148\n|switch|p1a: Breloom|Breloom, F, shiny|1\/100\n|turn|13\n|\n|t:|1698111162\n|move|p1a: Breloom|Mach Punch|p2a: Teejaurous\n|-damage|p2a: Teejaurous|0 fnt\n|faint|p2a: Teejaurous\n|\n|upkeep\n|\n|t:|1698111176\n|switch|p2a: Gengmurphy|Gengar, M, shiny|100\/100\n|turn|14\n|\n|t:|1698111182\n|switch|p1a: Cyclizar|Cyclizar, F, shiny|36\/100\n|move|p2a: Gengmurphy|Sludge Bomb|p1a: Cyclizar\n|-damage|p1a: Cyclizar|0 fnt\n|faint|p1a: Cyclizar\n|\n|upkeep\n|\n|t:|1698111188\n|switch|p1a: Breloom|Breloom, F, shiny|1\/100\n|turn|15\n|\n|t:|1698111241\n|move|p2a: Gengmurphy|Sludge Bomb|p1a: Breloom\n|-supereffective|p1a: Breloom\n|-damage|p1a: Breloom|0 fnt\n|faint|p1a: Breloom\n|\n|win|BigBabyGerry\n|c|\u2606The_Black_Dog|gg!\n|c|\u2606BigBabyGerry|gg\n","uploadtime":1698111248,"views":17,"p1id":"theblackdog","p2id":"bigbabygerry","formatid":"gen9ubers","rating":0,"private":0,"password":""}