{"id":"gen9ubers-1987312000","p1":"Antistyx","p2":"blakjac","format":"[Gen 9] Ubers","log":"|j|\u2606Antistyx\n|j|\u2606blakjac\n|t:|1699576204\n|gametype|singles\n|player|p1|Antistyx|gardenia|\n|player|p2|blakjac|burglar|\n|teamsize|p1|6\n|teamsize|p2|6\n|gen|9\n|tier|[Gen 9] Ubers\n|rule|Sleep Clause Mod: Limit one foe put to sleep\n|rule|Species Clause: Limit one of each Pok\u00e9mon\n|rule|OHKO Clause: OHKO moves are banned\n|rule|Evasion Items Clause: Evasion items are banned\n|rule|Evasion Moves Clause: Evasion moves are banned\n|rule|Endless Battle Clause: Forcing endless battles is banned\n|rule|HP Percentage Mod: HP is shown in percentages\n|clearpoke\n|poke|p1|Gengar, M|\n|poke|p1|Zapdos-Galar|\n|poke|p1|Thundurus-Therian, M|\n|poke|p1|Gliscor, M|\n|poke|p1|Goodra-Hisui, M|\n|poke|p1|Ting-Lu|\n|poke|p2|Crawdaunt, F|\n|poke|p2|Heatran, F|\n|poke|p2|Iron Hands|\n|poke|p2|Iron Bundle|\n|poke|p2|Landorus-Therian, M|\n|poke|p2|Rillaboom, F|\n|teampreview\n|j| JCPenguin\n|\n|t:|1699576252\n|start\n|switch|p1a: Ice Cream|Gengar, M, shiny|100\/100\n|switch|p2a: Calrissianiswe|Landorus-Therian, M|100\/100\n|-ability|p2a: Calrissianiswe|Intimidate|boost\n|-unboost|p1a: Ice Cream|atk|1\n|turn|1\n|\n|t:|1699576333\n|switch|p1a: Maple|Goodra-Hisui, M, shiny|100\/100\n|move|p2a: Calrissianiswe|Fly||[still]\n|-prepare|p2a: Calrissianiswe|Fly\n|\n|upkeep\n|turn|2\n|\n|t:|1699576347\n|move|p2a: Calrissianiswe|Fly|p1a: Maple|[from]lockedmove\n|-resisted|p1a: Maple\n|-damage|p1a: Maple|85\/100\n|move|p1a: Maple|Ice Beam|p2a: Calrissianiswe\n|-supereffective|p2a: Calrissianiswe\n|-damage|p2a: Calrissianiswe|0 fnt\n|faint|p2a: Calrissianiswe\n|\n|-heal|p1a: Maple|91\/100|[from] item: Leftovers\n|upkeep\n|\n|t:|1699576412\n|switch|p2a: Warmjog|Heatran, F|100\/100\n|-item|p2a: Warmjog|Air Balloon\n|turn|3\n|\n|t:|1699576420\n|switch|p1a: Beleron|Ting-Lu|100\/100\n|-ability|p1a: Beleron|Vessel of Ruin\n|move|p2a: Warmjog|Stealth Rock|p1a: Beleron\n|-sidestart|p1: Antistyx|move: Stealth Rock\n|\n|upkeep\n|turn|4\n|\n|t:|1699576441\n|switch|p2a: Rigid Bandz|Iron Bundle|100\/100\n|move|p1a: Beleron|Stealth Rock|p2a: Rigid Bandz\n|-sidestart|p2: blakjac|move: Stealth Rock\n|\n|upkeep\n|turn|5\n|\n|t:|1699576467\n|switch|p1a: Maple|Goodra-Hisui, M, shiny|91\/100\n|-damage|p1a: Maple|85\/100|[from] Stealth Rock\n|move|p2a: Rigid Bandz|Ice Beam|p1a: Maple\n|-damage|p1a: Maple|53\/100\n|\n|-heal|p1a: Maple|59\/100|[from] item: Leftovers\n|upkeep\n|turn|6\n|\n|t:|1699576497\n|move|p2a: Rigid Bandz|Flip Turn|p1a: Maple\n|-resisted|p1a: Maple\n|-damage|p1a: Maple|54\/100\n|\n|t:|1699576501\n|-end|p2a: Rigid Bandz|Quark Drive|[silent]\n|switch|p2a: Warmjog|Heatran, F|100\/100|[from] Flip Turn\n|-damage|p2a: Warmjog|88\/100|[from] Stealth Rock\n|-item|p2a: Warmjog|Air Balloon\n|move|p1a: Maple|Flash Cannon|p2a: Warmjog\n|-resisted|p2a: Warmjog\n|-damage|p2a: Warmjog|82\/100\n|-enditem|p2a: Warmjog|Air Balloon\n|\n|-heal|p1a: Maple|60\/100|[from] item: Leftovers\n|upkeep\n|turn|7\n|\n|t:|1699576528\n|switch|p1a: Nevermore|Zapdos-Galar, shiny|100\/100\n|-damage|p1a: Nevermore|88\/100|[from] Stealth Rock\n|move|p2a: Warmjog|Taunt|p1a: Nevermore\n|-start|p1a: Nevermore|move: Taunt\n|\n|upkeep\n|turn|8\n|\n|t:|1699576554\n|switch|p2a: Steel Fade|Iron Hands|100\/100\n|-damage|p2a: Steel Fade|94\/100|[from] Stealth Rock\n|-enditem|p2a: Steel Fade|Booster Energy\n|-activate|p2a: Steel Fade|ability: Quark Drive|[fromitem]\n|-start|p2a: Steel Fade|quarkdriveatk\n|move|p1a: Nevermore|Close Combat|p2a: Steel Fade\n|-damage|p2a: Steel Fade|54\/100\n|-unboost|p1a: Nevermore|def|1\n|-unboost|p1a: Nevermore|spd|1\n|\n|upkeep\n|turn|9\n|\n|t:|1699576569\n|switch|p1a: Beleron|Ting-Lu|100\/100\n|-damage|p1a: Beleron|94\/100|[from] Stealth Rock\n|-ability|p1a: Beleron|Vessel of Ruin\n|move|p2a: Steel Fade|Drain Punch|p1a: Beleron\n|-supereffective|p1a: Beleron\n|-damage|p1a: Beleron|55\/100\n|-heal|p2a: Steel Fade|75\/100|[from] drain|[of] p1a: Beleron\n|\n|-heal|p1a: Beleron|62\/100|[from] item: Leftovers\n|upkeep\n|turn|10\n|\n|t:|1699576597\n|move|p2a: Steel Fade|Drain Punch|p1a: Beleron\n|-supereffective|p1a: Beleron\n|-crit|p1a: Beleron\n|-damage|p1a: Beleron|9\/100\n|-heal|p2a: Steel Fade|100\/100|[from] drain|[of] p1a: Beleron\n|move|p1a: Beleron|Earthquake|p2a: Steel Fade\n|-supereffective|p2a: Steel Fade\n|-damage|p2a: Steel Fade|55\/100\n|\n|-heal|p1a: Beleron|15\/100|[from] item: Leftovers\n|upkeep\n|turn|11\n|\n|t:|1699576613\n|switch|p1a: Ice Cream|Gengar, M, shiny|100\/100\n|-damage|p1a: Ice Cream|88\/100|[from] Stealth Rock\n|move|p2a: Steel Fade|Drain Punch|p1a: Ice Cream\n|-immune|p1a: Ice Cream\n|\n|-heal|p1a: Ice Cream|94\/100|[from] item: Leftovers\n|upkeep\n|turn|12\n|\n|t:|1699576652\n|-end|p2a: Steel Fade|Quark Drive|[silent]\n|switch|p2a: Tumtumshook|Crawdaunt, F|100\/100\n|-damage|p2a: Tumtumshook|88\/100|[from] Stealth Rock\n|move|p1a: Ice Cream|Toxic Spikes|p2a: Tumtumshook\n|-sidestart|p2: blakjac|move: Toxic Spikes\n|\n|-heal|p1a: Ice Cream|100\/100|[from] item: Leftovers\n|upkeep\n|turn|13\n|\n|t:|1699576682\n|-terastallize|p2a: Tumtumshook|Water\n|move|p2a: Tumtumshook|Aqua Jet|p1a: Ice Cream\n|-damage|p1a: Ice Cream|9\/100\n|move|p1a: Ice Cream|Focus Blast|p2a: Tumtumshook\n|-damage|p2a: Tumtumshook|9\/100\n|\n|-heal|p1a: Ice Cream|15\/100|[from] item: Leftovers\n|upkeep\n|turn|14\n|\n|t:|1699576696\n|move|p2a: Tumtumshook|Aqua Jet|p1a: Ice Cream\n|-damage|p1a: Ice Cream|0 fnt\n|faint|p1a: Ice Cream\n|\n|upkeep\n|\n|t:|1699576710\n|switch|p1a: Nevermore|Zapdos-Galar, shiny|88\/100\n|-damage|p1a: Nevermore|76\/100|[from] Stealth Rock\n|turn|15\n|\n|t:|1699576737\n|switch|p2a: Steel Fade|Iron Hands|55\/100\n|-damage|p2a: Steel Fade|49\/100|[from] Stealth Rock\n|-status|p2a: Steel Fade|psn\n|move|p1a: Nevermore|Knock Off|p2a: Steel Fade\n|-resisted|p2a: Steel Fade\n|-damage|p2a: Steel Fade|41\/100 psn\n|\n|-damage|p2a: Steel Fade|29\/100 psn|[from] psn\n|upkeep\n|turn|16\n|\n|t:|1699576755\n|switch|p1a: Jam|Gliscor, M, shiny|100\/100\n|-damage|p1a: Jam|88\/100|[from] Stealth Rock\n|move|p2a: Steel Fade|Drain Punch|p1a: Jam\n|-resisted|p1a: Jam\n|-damage|p1a: Jam|77\/100\n|-heal|p2a: Steel Fade|33\/100 psn|[from] drain|[of] p1a: Jam\n|\n|-damage|p2a: Steel Fade|21\/100 psn|[from] psn\n|-status|p1a: Jam|tox|[from] item: Toxic Orb\n|upkeep\n|turn|17\n|\n|t:|1699576784\n|move|p1a: Jam|Earthquake|p2a: Steel Fade\n|-supereffective|p2a: Steel Fade\n|-damage|p2a: Steel Fade|0 fnt\n|faint|p2a: Steel Fade\n|-end|p2a: Steel Fade|Quark Drive|[silent]\n|\n|-heal|p1a: Jam|89\/100 tox|[from] ability: Poison Heal\n|upkeep\n|\n|t:|1699576793\n|switch|p2a: Rigid Bandz|Iron Bundle|100\/100\n|turn|18\n|\n|t:|1699576814\n|switch|p1a: Beleron|Ting-Lu|15\/100\n|-damage|p1a: Beleron|9\/100|[from] Stealth Rock\n|-ability|p1a: Beleron|Vessel of Ruin\n|move|p2a: Rigid Bandz|Ice Beam|p1a: Beleron\n|-supereffective|p1a: Beleron\n|-damage|p1a: Beleron|0 fnt\n|faint|p1a: Beleron\n|\n|upkeep\n|\n|t:|1699576824\n|switch|p1a: Calibur|Thundurus-Therian, M, shiny|100\/100\n|-damage|p1a: Calibur|76\/100|[from] Stealth Rock\n|turn|19\n|\n|t:|1699576869\n|move|p1a: Calibur|Volt Switch|p2a: Rigid Bandz\n|-supereffective|p2a: Rigid Bandz\n|-damage|p2a: Rigid Bandz|0 fnt\n|faint|p2a: Rigid Bandz\n|-end|p2a: Rigid Bandz|Quark Drive|[silent]\n|\n|t:|1699576880\n|switch|p1a: Jam|Gliscor, M, shiny|89\/100 tox|[from] Volt Switch\n|-damage|p1a: Jam|77\/100 tox|[from] Stealth Rock\n|\n|-heal|p1a: Jam|89\/100 tox|[from] ability: Poison Heal\n|upkeep\n|\n|t:|1699576908\n|switch|p2a: Smallbrookbang|Rillaboom, F|100\/100\n|-damage|p2a: Smallbrookbang|88\/100|[from] Stealth Rock\n|-status|p2a: Smallbrookbang|psn\n|-fieldstart|move: Grassy Terrain|[from] ability: Grassy Surge|[of] p2a: Smallbrookbang\n|turn|20\n|\n|t:|1699576918\n|move|p2a: Smallbrookbang|Leech Seed|p1a: Jam\n|-start|p1a: Jam|move: Leech Seed\n|move|p1a: Jam|Knock Off|p2a: Smallbrookbang\n|-damage|p2a: Smallbrookbang|65\/100 psn\n|-enditem|p2a: Smallbrookbang|Life Orb|[from] move: Knock Off|[of] p1a: Jam\n|\n|-heal|p2a: Smallbrookbang|71\/100 psn|[from] Grassy Terrain\n|-damage|p1a: Jam|77\/100 tox|[from] Leech Seed|[of] p2a: Smallbrookbang\n|-heal|p2a: Smallbrookbang|84\/100 psn|[silent]\n|-damage|p2a: Smallbrookbang|72\/100 psn|[from] psn\n|-heal|p1a: Jam|89\/100 tox|[from] ability: Poison Heal\n|upkeep\n|turn|21\n|\n|t:|1699576937\n|switch|p1a: Maple|Goodra-Hisui, M, shiny|60\/100\n|-damage|p1a: Maple|54\/100|[from] Stealth Rock\n|move|p2a: Smallbrookbang|Protect||[still]\n|-fail|p2a: Smallbrookbang\n|\n|-heal|p2a: Smallbrookbang|78\/100 psn|[from] Grassy Terrain\n|-heal|p1a: Maple|60\/100|[from] Grassy Terrain\n|-heal|p1a: Maple|66\/100|[from] item: Leftovers\n|-damage|p2a: Smallbrookbang|66\/100 psn|[from] psn\n|upkeep\n|turn|22\n|\n|t:|1699576985\n|switch|p2a: Warmjog|Heatran, F|82\/100\n|-damage|p2a: Warmjog|69\/100|[from] Stealth Rock\n|move|p1a: Maple|Ice Beam|p2a: Warmjog\n|-resisted|p2a: Warmjog\n|-crit|p2a: Warmjog\n|-damage|p2a: Warmjog|63\/100\n|\n|-heal|p2a: Warmjog|69\/100|[from] Grassy Terrain\n|-heal|p1a: Maple|72\/100|[from] Grassy Terrain\n|-heal|p1a: Maple|78\/100|[from] item: Leftovers\n|upkeep\n|turn|23\n|\n|t:|1699577029\n|move|p2a: Warmjog|Magma Storm|p1a: Maple\n|-damage|p1a: Maple|48\/100\n|-activate|p1a: Maple|move: Magma Storm|[of] p2a: Warmjog\n|move|p1a: Maple|Dragon Tail|p2a: Warmjog\n|-resisted|p2a: Warmjog\n|-damage|p2a: Warmjog|62\/100\n|-status|p1a: Maple|brn|[from] ability: Flame Body|[of] p2a: Warmjog\n|drag|p2a: Smallbrookbang|Rillaboom, F|66\/100 psn\n|-damage|p2a: Smallbrookbang|53\/100 psn|[from] Stealth Rock\n|\n|-heal|p2a: Smallbrookbang|59\/100 psn|[from] Grassy Terrain\n|-heal|p1a: Maple|54\/100 brn|[from] Grassy Terrain\n|-heal|p1a: Maple|60\/100 brn|[from] item: Leftovers\n|-damage|p2a: Smallbrookbang|47\/100 psn|[from] psn\n|-damage|p1a: Maple|54\/100 brn|[from] brn\n|-end|p1a: Maple|Magma Storm|[partiallytrapped]|[silent]\n|upkeep\n|turn|24\n|\n|t:|1699577052\n|switch|p2a: Warmjog|Heatran, F|62\/100\n|-damage|p2a: Warmjog|50\/100|[from] Stealth Rock\n|move|p1a: Maple|Draco Meteor|p2a: Warmjog\n|-resisted|p2a: Warmjog\n|-damage|p2a: Warmjog|28\/100\n|-unboost|p1a: Maple|spa|2\n|\n|-heal|p2a: Warmjog|34\/100|[from] Grassy Terrain\n|-heal|p1a: Maple|60\/100 brn|[from] Grassy Terrain\n|-heal|p1a: Maple|66\/100 brn|[from] item: Leftovers\n|-damage|p1a: Maple|60\/100 brn|[from] brn\n|-fieldend|move: Grassy Terrain\n|upkeep\n|turn|25\n|\n|t:|1699577078\n|switch|p1a: Jam|Gliscor, M, shiny|89\/100 tox\n|-damage|p1a: Jam|77\/100 tox|[from] Stealth Rock\n|move|p2a: Warmjog|Earth Power|p1a: Jam\n|-immune|p1a: Jam\n|\n|-heal|p1a: Jam|89\/100 tox|[from] ability: Poison Heal\n|upkeep\n|turn|26\n|\n|t:|1699577106\n|move|p2a: Warmjog|Magma Storm|p1a: Jam\n|-damage|p1a: Jam|37\/100 tox\n|-activate|p1a: Jam|move: Magma Storm|[of] p2a: Warmjog\n|move|p1a: Jam|Earthquake|p2a: Warmjog\n|-supereffective|p2a: Warmjog\n|-damage|p2a: Warmjog|0 fnt\n|faint|p2a: Warmjog\n|\n|-heal|p1a: Jam|49\/100 tox|[from] ability: Poison Heal\n|-end|p1a: Jam|Magma Storm|[partiallytrapped]|[silent]\n|upkeep\n|\n|t:|1699577118\n|switch|p2a: Smallbrookbang|Rillaboom, F|47\/100 psn\n|-damage|p2a: Smallbrookbang|35\/100 psn|[from] Stealth Rock\n|-fieldstart|move: Grassy Terrain|[from] ability: Grassy Surge|[of] p2a: Smallbrookbang\n|turn|27\n|\n|t:|1699577129\n|move|p1a: Jam|Protect|p1a: Jam\n|-singleturn|p1a: Jam|Protect\n|move|p2a: Smallbrookbang|Leech Seed|p1a: Jam\n|-activate|p1a: Jam|move: Protect\n|\n|-heal|p2a: Smallbrookbang|41\/100 psn|[from] Grassy Terrain\n|-damage|p2a: Smallbrookbang|29\/100 psn|[from] psn\n|-heal|p1a: Jam|62\/100 tox|[from] ability: Poison Heal\n|upkeep\n|turn|28\n|\n|t:|1699577142\n|move|p2a: Smallbrookbang|Leech Seed|p1a: Jam\n|-start|p1a: Jam|move: Leech Seed\n|move|p1a: Jam|Knock Off|p2a: Smallbrookbang\n|-damage|p2a: Smallbrookbang|12\/100 psn\n|\n|-heal|p2a: Smallbrookbang|18\/100 psn|[from] Grassy Terrain\n|-damage|p1a: Jam|49\/100 tox|[from] Leech Seed|[of] p2a: Smallbrookbang\n|-heal|p2a: Smallbrookbang|31\/100 psn|[silent]\n|-damage|p2a: Smallbrookbang|19\/100 psn|[from] psn\n|-heal|p1a: Jam|62\/100 tox|[from] ability: Poison Heal\n|upkeep\n|turn|29\n|\n|t:|1699577154\n|switch|p1a: Nevermore|Zapdos-Galar, shiny|76\/100\n|-damage|p1a: Nevermore|63\/100|[from] Stealth Rock\n|move|p2a: Smallbrookbang|Protect||[still]\n|-fail|p2a: Smallbrookbang\n|\n|-heal|p2a: Smallbrookbang|25\/100 psn|[from] Grassy Terrain\n|-damage|p2a: Smallbrookbang|13\/100 psn|[from] psn\n|upkeep\n|turn|30\n|\n|t:|1699577170\n|move|p2a: Smallbrookbang|Protect|p2a: Smallbrookbang\n|-singleturn|p2a: Smallbrookbang|Protect\n|move|p1a: Nevermore|Brave Bird|p2a: Smallbrookbang\n|-activate|p2a: Smallbrookbang|move: Protect\n|\n|-heal|p2a: Smallbrookbang|19\/100 psn|[from] Grassy Terrain\n|-damage|p2a: Smallbrookbang|7\/100 psn|[from] psn\n|upkeep\n|turn|31\n|\n|t:|1699577190\n|move|p1a: Nevermore|Brave Bird|p2a: Smallbrookbang\n|-supereffective|p2a: Smallbrookbang\n|-damage|p2a: Smallbrookbang|0 fnt\n|faint|p2a: Smallbrookbang\n|-damage|p1a: Nevermore|61\/100|[from] Recoil\n|\n|-fieldend|move: Grassy Terrain\n|upkeep\n|\n|t:|1699577199\n|switch|p2a: Tumtumshook|Crawdaunt, F, tera:Water|9\/100\n|-damage|p2a: Tumtumshook|0 fnt|[from] Stealth Rock\n|faint|p2a: Tumtumshook\n|\n|win|Antistyx\n","uploadtime":1699577239,"views":13,"p1id":"antistyx","p2id":"blakjac","formatid":"gen9ubers","rating":0,"private":0,"password":""}