{"id":"gen9ubers-1998737931","p1":"kadomatsu","p2":"TheKingoftheCucks","format":"[Gen 9] Ubers","log":"|j|\u2606kadomatsu\n|j|\u2606TheKingoftheCucks\n|t:|1700980717\n|gametype|singles\n|player|p1|kadomatsu|leaf-masters|\n|player|p2|TheKingoftheCucks|1|\n|teamsize|p1|6\n|teamsize|p2|6\n|gen|9\n|tier|[Gen 9] Ubers\n|rule|Sleep Clause Mod: Limit one foe put to sleep\n|rule|Species Clause: Limit one of each Pok\u00e9mon\n|rule|OHKO Clause: OHKO moves are banned\n|rule|Evasion Items Clause: Evasion items are banned\n|rule|Evasion Moves Clause: Evasion moves are banned\n|rule|Endless Battle Clause: Forcing endless battles is banned\n|rule|HP Percentage Mod: HP is shown in percentages\n|clearpoke\n|poke|p1|Samurott-Hisui, F|\n|poke|p1|Walking Wake|\n|poke|p1|Empoleon, M|\n|poke|p1|Espeon, F|\n|poke|p1|Zapdos|\n|poke|p1|Pelipper, F|\n|poke|p2|Slowking, F|\n|poke|p2|Annihilape, F|\n|poke|p2|Baxcalibur, M|\n|poke|p2|Abomasnow, F|\n|poke|p2|Magnezone|\n|poke|p2|Qwilfish, F|\n|teampreview\n|inactive|Battle timer is ON: inactive players will automatically lose when time's up. (requested by kadomatsu)\n|\n|t:|1700980721\n|start\n|switch|p1a: Walking Wake|Walking Wake|100\/100\n|switch|p2a: Abomasnow|Abomasnow, F|100\/100\n|-weather|Snow|[from] ability: Snow Warning|[of] p2a: Abomasnow\n|turn|1\n|\n|t:|1700980739\n|-terastallize|p2a: Abomasnow|Water\n|move|p1a: Walking Wake|Flip Turn|p2a: Abomasnow\n|-resisted|p2a: Abomasnow\n|-damage|p2a: Abomasnow|92\/100\n|\n|t:|1700980746\n|-end|p1a: Walking Wake|Protosynthesis|[silent]\n|switch|p1a: Espeon|Espeon, F|100\/100|[from] Flip Turn\n|move|p2a: Abomasnow|Aurora Veil|p2a: Abomasnow\n|-sidestart|p2: TheKingoftheCucks|move: Aurora Veil\n|\n|-weather|Snow|[upkeep]\n|upkeep\n|turn|2\n|j| Apezilla\n|inactive|kadomatsu has 270 seconds left.\n|\n|t:|1700980794\n|move|p1a: Espeon|Calm Mind|p1a: Espeon\n|-boost|p1a: Espeon|spa|1\n|-boost|p1a: Espeon|spd|1\n|move|p2a: Abomasnow|Blizzard|p1a: Espeon\n|-damage|p1a: Espeon|70\/100\n|\n|-weather|Snow|[upkeep]\n|upkeep\n|turn|3\n|\n|t:|1700980813\n|move|p1a: Espeon|Calm Mind|p1a: Espeon\n|-boost|p1a: Espeon|spa|1\n|-boost|p1a: Espeon|spd|1\n|move|p2a: Abomasnow|Blizzard|p1a: Espeon\n|-damage|p1a: Espeon|47\/100\n|\n|-weather|Snow|[upkeep]\n|upkeep\n|turn|4\n|inactive|kadomatsu has 240 seconds left.\n|\n|t:|1700980845\n|move|p1a: Espeon|Calm Mind|p1a: Espeon\n|-boost|p1a: Espeon|spa|1\n|-boost|p1a: Espeon|spd|1\n|move|p2a: Abomasnow|Blizzard|p1a: Espeon\n|-damage|p1a: Espeon|31\/100\n|\n|-weather|Snow|[upkeep]\n|upkeep\n|turn|5\n|inactive|kadomatsu has 210 seconds left.\n|inactive|TheKingoftheCucks has 270 seconds left.\n|inactive|TheKingoftheCucks has 240 seconds left.\n|inactive|kadomatsu has 180 seconds left.\n|\n|t:|1700980927\n|switch|p2a: Slowking|Slowking, F|100\/100\n|move|p1a: Espeon|Calm Mind|p1a: Espeon\n|-boost|p1a: Espeon|spa|1\n|-boost|p1a: Espeon|spd|1\n|\n|-weather|none\n|upkeep\n|turn|6\n|inactive|kadomatsu has 180 seconds left.\n|inactive|kadomatsu has 150 seconds left.\n|\n|t:|1700980963\n|move|p1a: Espeon|Reflect|p1a: Espeon\n|-sidestart|p1: kadomatsu|Reflect\n|move|p2a: Slowking|Chilly Reception|p2a: Slowking\n|-weather|Snow\n|\n|t:|1700980976\n|switch|p2a: Qwilfish|Qwilfish, F|100\/100|[from] Chilly Reception\n|\n|-weather|Snow|[upkeep]\n|upkeep\n|turn|7\n|inactive|kadomatsu has 150 seconds left.\n|\n|t:|1700981007\n|switch|p1a: Pelipper|Pelipper, F|100\/100\n|-weather|RainDance|[from] ability: Drizzle|[of] p1a: Pelipper\n|move|p2a: Qwilfish|Destiny Bond|p2a: Qwilfish\n|-singlemove|p2a: Qwilfish|Destiny Bond\n|\n|-weather|RainDance|[upkeep]\n|upkeep\n|turn|8\n|inactive|TheKingoftheCucks has 210 seconds left.\n|\n|t:|1700981032\n|move|p2a: Qwilfish|Flip Turn|p1a: Pelipper\n|-resisted|p1a: Pelipper\n|-damage|p1a: Pelipper|95\/100\n|inactive|TheKingoftheCucks has 210 seconds left.\n|\n|t:|1700981047\n|switch|p2a: Magnezone|Magnezone|100\/100|[from] Flip Turn\n|move|p1a: Pelipper|Chilling Water|p2a: Magnezone\n|-damage|p2a: Magnezone|87\/100\n|-unboost|p2a: Magnezone|atk|1\n|\n|-weather|RainDance|[upkeep]\n|-heal|p2a: Magnezone|94\/100|[from] item: Leftovers\n|-sideend|p2: TheKingoftheCucks|move: Aurora Veil\n|upkeep\n|turn|9\n|inactive|TheKingoftheCucks has 210 seconds left.\n|inactive|kadomatsu has 120 seconds left.\n|\n|t:|1700981080\n|switch|p1a: Zapdos|Zapdos|100\/100\n|move|p2a: Magnezone|Thunder|p1a: Zapdos\n|-damage|p1a: Zapdos|29\/100\n|\n|-weather|RainDance|[upkeep]\n|-heal|p2a: Magnezone|99\/100|[from] item: Leftovers\n|upkeep\n|turn|10\n|inactive|kadomatsu has 120 seconds left.\n|\n|t:|1700981089\n|move|p1a: Zapdos|Volt Switch|p2a: Magnezone\n|-resisted|p2a: Magnezone\n|-damage|p2a: Magnezone|81\/100\n|inactive|kadomatsu has 120 seconds left.\n|\n|t:|1700981095\n|switch|p1a: Walking Wake|Walking Wake|100\/100|[from] Volt Switch\n|move|p2a: Magnezone|Thunder|p1a: Walking Wake\n|-damage|p1a: Walking Wake|30\/100\n|\n|-weather|RainDance|[upkeep]\n|-heal|p2a: Magnezone|87\/100|[from] item: Leftovers\n|-sideend|p1: kadomatsu|Reflect\n|upkeep\n|turn|11\n|inactive|kadomatsu has 120 seconds left.\n|\n|t:|1700981109\n|move|p1a: Walking Wake|Scald|p2a: Magnezone\n|-damage|p2a: Magnezone|0 fnt\n|faint|p2a: Magnezone\n|\n|-weather|RainDance|[upkeep]\n|upkeep\n|inactive|TheKingoftheCucks has 210 seconds left.\n|\n|t:|1700981133\n|switch|p2a: Qwilfish|Qwilfish, F|100\/100\n|turn|12\n|inactive|TheKingoftheCucks has 210 seconds left.\n|inactive|kadomatsu has 120 seconds left.\n|\n|t:|1700981169\n|move|p2a: Qwilfish|Gunk Shot|p1a: Walking Wake\n|-damage|p1a: Walking Wake|0 fnt\n|faint|p1a: Walking Wake\n|-end|p1a: Walking Wake|Protosynthesis|[silent]\n|\n|-weather|RainDance|[upkeep]\n|upkeep\n|inactive|kadomatsu has 90 seconds left.\n|\n|t:|1700981197\n|switch|p1a: Pelipper|Pelipper, F|95\/100\n|turn|13\n|\n|t:|1700981202\n|move|p2a: Qwilfish|Flip Turn|p1a: Pelipper\n|-resisted|p1a: Pelipper\n|-damage|p1a: Pelipper|85\/100\n|\n|t:|1700981206\n|switch|p2a: Abomasnow|Abomasnow, F, tera:Water|92\/100|[from] Flip Turn\n|-weather|Snow|[from] ability: Snow Warning|[of] p2a: Abomasnow\n|move|p1a: Pelipper|Chilling Water|p2a: Abomasnow\n|-resisted|p2a: Abomasnow\n|-damage|p2a: Abomasnow|86\/100\n|-unboost|p2a: Abomasnow|atk|1\n|\n|-weather|Snow|[upkeep]\n|upkeep\n|turn|14\n|inactive|kadomatsu has 90 seconds left.\n|\n|t:|1700981246\n|move|p1a: Pelipper|Hurricane|p2a: Abomasnow\n|-damage|p2a: Abomasnow|59\/100\n|move|p2a: Abomasnow|Aurora Veil|p2a: Abomasnow\n|-sidestart|p2: TheKingoftheCucks|move: Aurora Veil\n|\n|-weather|Snow|[upkeep]\n|upkeep\n|turn|15\n|inactive|kadomatsu has 60 seconds left.\n|\n|t:|1700981283\n|switch|p1a: Espeon|Espeon, F|31\/100\n|move|p2a: Abomasnow|Leech Seed|p1a: Espeon\n|move|p1a: Espeon|Leech Seed|p2a: Abomasnow|[from]ability: Magic Bounce\n|-start|p2a: Abomasnow|move: Leech Seed\n|\n|-weather|Snow|[upkeep]\n|-damage|p2a: Abomasnow|47\/100|[from] Leech Seed|[of] p1a: Espeon\n|-heal|p1a: Espeon|48\/100|[silent]\n|upkeep\n|turn|16\n|inactive|TheKingoftheCucks has 240 seconds left.\n|inactive|kadomatsu has 30 seconds left.\n|\n|t:|1700981314\n|switch|p2a: Slowking|Slowking, F|100\/100\n|move|p1a: Espeon|Calm Mind|p1a: Espeon\n|-boost|p1a: Espeon|spa|1\n|-boost|p1a: Espeon|spd|1\n|\n|-weather|Snow|[upkeep]\n|upkeep\n|turn|17\n|inactive|kadomatsu has 30 seconds left.\n|inactive|TheKingoftheCucks has 210 seconds left.\n|inactive|kadomatsu has 20 seconds left.\n|\n|t:|1700981341\n|move|p1a: Espeon|Calm Mind|p1a: Espeon\n|-boost|p1a: Espeon|spa|1\n|-boost|p1a: Espeon|spd|1\n|move|p2a: Slowking|Future Sight|p1a: Espeon\n|-start|p2a: Slowking|move: Future Sight\n|\n|-weather|none\n|upkeep\n|turn|18\n|inactive|kadomatsu has 30 seconds left this turn.\n|\n|t:|1700981347\n|move|p1a: Espeon|Calm Mind|p1a: Espeon\n|-boost|p1a: Espeon|spa|1\n|-boost|p1a: Espeon|spd|1\n|move|p2a: Slowking|Chilly Reception|p2a: Slowking\n|-weather|Snow\n|inactive|kadomatsu has 30 seconds left this turn.\n|inactive|TheKingoftheCucks has 210 seconds left.\n|\n|t:|1700981364\n|switch|p2a: Abomasnow|Abomasnow, F, tera:Water|47\/100|[from] Chilly Reception\n|\n|-weather|Snow|[upkeep]\n|upkeep\n|turn|19\n|inactive|TheKingoftheCucks has 210 seconds left.\n|\n|t:|1700981369\n|move|p2a: Abomasnow|Ice Shard|p1a: Espeon\n|-damage|p1a: Espeon|26\/100\n|-enditem|p1a: Espeon|Kee Berry|[eat]\n|-boost|p1a: Espeon|def|1|[from] item: Kee Berry\n|move|p1a: Espeon|Stored Power|p2a: Abomasnow\n|-damage|p2a: Abomasnow|0 fnt\n|faint|p2a: Abomasnow\n|\n|-weather|Snow|[upkeep]\n|-end|p1a: Espeon|move: Future Sight\n|-resisted|p1a: Espeon\n|-damage|p1a: Espeon|15\/100\n|upkeep\n|inactive|TheKingoftheCucks has 210 seconds left.\n|\n|t:|1700981385\n|switch|p2a: Qwilfish|Qwilfish, F|100\/100\n|turn|20\n|\n|t:|1700981404\n|move|p1a: Espeon|Reflect|p1a: Espeon\n|-sidestart|p1: kadomatsu|Reflect\n|move|p2a: Qwilfish|Flip Turn|p1a: Espeon\n|-damage|p1a: Espeon|5\/100\n|\n|t:|1700981409\n|switch|p2a: Slowking|Slowking, F|100\/100|[from] Flip Turn\n|\n|-weather|Snow|[upkeep]\n|upkeep\n|turn|21\n|inactive|TheKingoftheCucks has 210 seconds left.\n|\n|t:|1700981425\n|-terastallize|p1a: Espeon|Fairy\n|move|p1a: Espeon|Draining Kiss|p2a: Slowking\n|-damage|p2a: Slowking|71\/100\n|-heal|p1a: Espeon|35\/100|[from] drain|[of] p2a: Slowking\n|move|p2a: Slowking|Scald|p1a: Espeon\n|-damage|p1a: Espeon|22\/100\n|\n|-weather|Snow|[upkeep]\n|-heal|p2a: Slowking|77\/100|[from] item: Leftovers\n|-sideend|p2: TheKingoftheCucks|move: Aurora Veil\n|upkeep\n|turn|22\n|inactive|TheKingoftheCucks has 210 seconds left.\n|\n|t:|1700981441\n|move|p1a: Espeon|Draining Kiss|p2a: Slowking\n|-damage|p2a: Slowking|21\/100\n|-heal|p1a: Espeon|80\/100|[from] drain|[of] p2a: Slowking\n|move|p2a: Slowking|Scald|p1a: Espeon\n|-damage|p1a: Espeon|65\/100\n|\n|-weather|none\n|-heal|p2a: Slowking|27\/100|[from] item: Leftovers\n|upkeep\n|turn|23\n|inactive|TheKingoftheCucks has 210 seconds left.\n|inactive|kadomatsu has 30 seconds left.\n|\n|t:|1700981470\n|switch|p2a: Annihilape|Annihilape, F|100\/100\n|move|p1a: Espeon|Draining Kiss|p2a: Annihilape\n|-supereffective|p2a: Annihilape\n|-damage|p2a: Annihilape|0 fnt\n|-heal|p1a: Espeon|100\/100|[from] drain|[of] p2a: Annihilape\n|faint|p2a: Annihilape\n|\n|upkeep\n|inactive|kadomatsu has 30 seconds left this turn.\n|\n|t:|1700981478\n|switch|p2a: Qwilfish|Qwilfish, F|100\/100\n|turn|24\n|\n|t:|1700981485\n|move|p1a: Espeon|Calm Mind|p1a: Espeon\n|-boost|p1a: Espeon|spa|1\n|-boost|p1a: Espeon|spd|1\n|move|p2a: Qwilfish|Destiny Bond|p2a: Qwilfish\n|-singlemove|p2a: Qwilfish|Destiny Bond\n|\n|-sideend|p1: kadomatsu|Reflect\n|upkeep\n|turn|25\n|inactive|TheKingoftheCucks has 210 seconds left.\n|inactive|kadomatsu has 30 seconds left.\n|inactive|kadomatsu has 20 seconds left.\n|\n|t:|1700981514\n|move|p1a: Espeon|Stored Power|p2a: Qwilfish\n|-supereffective|p2a: Qwilfish\n|-enditem|p2a: Qwilfish|Payapa Berry|[eat]\n|-enditem|p2a: Qwilfish|Payapa Berry|[weaken]\n|-damage|p2a: Qwilfish|0 fnt\n|faint|p2a: Qwilfish\n|-activate|p2a: Qwilfish|move: Destiny Bond\n|faint|p1a: Espeon\n|\n|upkeep\n|inactive|kadomatsu has 30 seconds left this turn.\n|inactive|kadomatsu has 20 seconds left.\n|inactive|TheKingoftheCucks has 210 seconds left.\n|\n|t:|1700981532\n|switch|p1a: Pelipper|Pelipper, F|85\/100\n|switch|p2a: Baxcalibur|Baxcalibur, M|100\/100\n|-weather|RainDance|[from] ability: Drizzle|[of] p1a: Pelipper\n|turn|26\n|inactive|kadomatsu has 30 seconds left this turn.\n|inactive|TheKingoftheCucks has 210 seconds left.\n|inactive|kadomatsu has 20 seconds left.\n|\n|t:|1700981559\n|move|p2a: Baxcalibur|Dragon Dance|p2a: Baxcalibur\n|-boost|p2a: Baxcalibur|atk|1\n|-boost|p2a: Baxcalibur|spe|1\n|move|p1a: Pelipper|Soak|p2a: Baxcalibur\n|-start|p2a: Baxcalibur|typechange|Water\n|\n|-weather|RainDance|[upkeep]\n|upkeep\n|turn|27\n|inactive|kadomatsu has 30 seconds left this turn.\n|inactive|TheKingoftheCucks has 180 seconds left.\n|\n|t:|1700981585\n|move|p2a: Baxcalibur|Icicle Spear|p1a: Pelipper\n|-crit|p1a: Pelipper\n|-damage|p1a: Pelipper|67\/100\n|-damage|p1a: Pelipper|55\/100\n|-damage|p1a: Pelipper|43\/100\n|-damage|p1a: Pelipper|30\/100\n|-hitcount|p1a: Pelipper|4\n|move|p1a: Pelipper|Chilling Water|p2a: Baxcalibur\n|-resisted|p2a: Baxcalibur\n|-damage|p2a: Baxcalibur|86\/100\n|-unboost|p2a: Baxcalibur|atk|1\n|\n|-weather|RainDance|[upkeep]\n|upkeep\n|turn|28\n|inactive|kadomatsu has 30 seconds left.\n|inactive|TheKingoftheCucks has 180 seconds left.\n|\n|t:|1700981600\n|move|p2a: Baxcalibur|Dragon Dance|p2a: Baxcalibur\n|-boost|p2a: Baxcalibur|atk|1\n|-boost|p2a: Baxcalibur|spe|1\n|move|p1a: Pelipper|Chilling Water|p2a: Baxcalibur\n|-resisted|p2a: Baxcalibur\n|-damage|p2a: Baxcalibur|73\/100\n|-unboost|p2a: Baxcalibur|atk|1\n|\n|-weather|RainDance|[upkeep]\n|upkeep\n|turn|29\n|\n|t:|1700981612\n|switch|p2a: Slowking|Slowking, F|60\/100\n|move|p1a: Pelipper|Roost|p1a: Pelipper\n|-heal|p1a: Pelipper|80\/100\n|-singleturn|p1a: Pelipper|move: Roost\n|\n|-weather|RainDance|[upkeep]\n|-heal|p2a: Slowking|66\/100|[from] item: Leftovers\n|upkeep\n|turn|30\n|\n|t:|1700981622\n|move|p1a: Pelipper|Soak|p2a: Slowking\n|-start|p2a: Slowking|typechange|Water\n|move|p2a: Slowking|Future Sight|p1a: Pelipper\n|-start|p2a: Slowking|move: Future Sight\n|\n|-weather|RainDance|[upkeep]\n|-heal|p2a: Slowking|72\/100|[from] item: Leftovers\n|upkeep\n|turn|31\n|inactive|TheKingoftheCucks has 180 seconds left.\n|\n|t:|1700981631\n|move|p1a: Pelipper|Chilling Water|p2a: Slowking\n|-resisted|p2a: Slowking\n|-damage|p2a: Slowking|62\/100\n|-unboost|p2a: Slowking|atk|1\n|move|p2a: Slowking|Scald|p1a: Pelipper\n|-resisted|p1a: Pelipper\n|-damage|p1a: Pelipper|49\/100\n|\n|-weather|RainDance|[upkeep]\n|-heal|p2a: Slowking|68\/100|[from] item: Leftovers\n|upkeep\n|turn|32\n|inactive|TheKingoftheCucks has 180 seconds left.\n|\n|t:|1700981647\n|move|p1a: Pelipper|Hurricane|p2a: Slowking\n|-damage|p2a: Slowking|38\/100\n|move|p2a: Slowking|Scald|p1a: Pelipper\n|-resisted|p1a: Pelipper\n|-damage|p1a: Pelipper|21\/100\n|\n|-weather|RainDance|[upkeep]\n|-end|p1a: Pelipper|move: Future Sight\n|-damage|p1a: Pelipper|0 fnt\n|faint|p1a: Pelipper\n|-heal|p2a: Slowking|44\/100|[from] item: Leftovers\n|upkeep\n|\n|t:|1700981651\n|switch|p1a: Samurott|Samurott-Hisui, F|100\/100\n|turn|33\n|inactive|kadomatsu has 60 seconds left.\n|inactive|TheKingoftheCucks has 180 seconds left.\n|\n|t:|1700981671\n|move|p1a: Samurott|Sacred Sword|p2a: Slowking\n|-damage|p2a: Slowking|10\/100\n|move|p2a: Slowking|Slack Off|p2a: Slowking\n|-heal|p2a: Slowking|60\/100\n|\n|-weather|none\n|-heal|p2a: Slowking|66\/100|[from] item: Leftovers\n|upkeep\n|turn|34\n|inactive|TheKingoftheCucks has 180 seconds left.\n|\n|t:|1700981681\n|switch|p1a: Zapdos|Zapdos|29\/100\n|move|p2a: Slowking|Slack Off|p2a: Slowking\n|-heal|p2a: Slowking|100\/100\n|\n|upkeep\n|turn|35\n|inactive|kadomatsu has 60 seconds left.\n|inactive|TheKingoftheCucks has 180 seconds left.\n|\n|t:|1700981697\n|move|p1a: Zapdos|Roost|p1a: Zapdos\n|-heal|p1a: Zapdos|79\/100\n|-singleturn|p1a: Zapdos|move: Roost\n|move|p2a: Slowking|Chilly Reception|p2a: Slowking\n|-weather|Snow\n|\n|t:|1700981704\n|switch|p2a: Baxcalibur|Baxcalibur, M|73\/100|[from] Chilly Reception\n|\n|-weather|Snow|[upkeep]\n|upkeep\n|turn|36\n|inactive|TheKingoftheCucks has 180 seconds left.\n|\n|t:|1700981712\n|move|p1a: Zapdos|Volt Switch|p2a: Baxcalibur\n|-resisted|p2a: Baxcalibur\n|-damage|p2a: Baxcalibur|53\/100\n|\n|t:|1700981715\n|switch|p1a: Samurott|Samurott-Hisui, F|100\/100|[from] Volt Switch\n|move|p2a: Baxcalibur|Dragon Dance|p2a: Baxcalibur\n|-boost|p2a: Baxcalibur|atk|1\n|-boost|p2a: Baxcalibur|spe|1\n|\n|-weather|Snow|[upkeep]\n|upkeep\n|turn|37\n|inactive|TheKingoftheCucks has 180 seconds left.\n|\n|t:|1700981739\n|move|p2a: Baxcalibur|Scale Shot|p1a: Samurott\n|-damage|p1a: Samurott|72\/100\n|-damage|p1a: Samurott|45\/100\n|-damage|p1a: Samurott|12\/100\n|-damage|p1a: Samurott|0 fnt\n|faint|p1a: Samurott\n|-hitcount|p1: Samurott|4\n|-unboost|p2a: Baxcalibur|def|1\n|-boost|p2a: Baxcalibur|spe|1\n|\n|-weather|Snow|[upkeep]\n|upkeep\n|\n|t:|1700981748\n|switch|p1a: Zapdos|Zapdos|79\/100\n|turn|38\n|\n|t:|1700981755\n|move|p2a: Baxcalibur|Icicle Spear|p1a: Zapdos\n|-supereffective|p1a: Zapdos\n|-damage|p1a: Zapdos|18\/100\n|-supereffective|p1a: Zapdos\n|-damage|p1a: Zapdos|0 fnt\n|faint|p1a: Zapdos\n|-hitcount|p1: Zapdos|2\n|\n|-weather|Snow|[upkeep]\n|upkeep\n|\n|t:|1700981758\n|switch|p1a: Empoleon|Empoleon, M|100\/100\n|turn|39\n|\n|t:|1700981764\n|move|p2a: Baxcalibur|Earthquake|p1a: Empoleon\n|-supereffective|p1a: Empoleon\n|-damage|p1a: Empoleon|0 fnt\n|faint|p1a: Empoleon\n|\n|win|TheKingoftheCucks\n|c|\u2606kadomatsu|hjdghskdg\n|c|\u2606TheKingoftheCucks|ggs\n|c|\u2606kadomatsu|gg\n","uploadtime":1700981770,"views":24,"p1id":"kadomatsu","p2id":"thekingofthecucks","formatid":"gen9ubers","rating":0,"private":0,"password":""}