{"id":"gen9ubers-1986660480","p1":"astrodon","p2":"SubjectZaro","format":"[Gen 9] Ubers","log":"|j|\u2606astrodon\n|j|\u2606SubjectZaro\n|t:|1699503839\n|gametype|singles\n|player|p1|astrodon|lusamine-nihilego|1050\n|player|p2|SubjectZaro|101|1038\n|teamsize|p1|6\n|teamsize|p2|6\n|gen|9\n|tier|[Gen 9] Ubers\n|rated|\n|rule|Sleep Clause Mod: Limit one foe put to sleep\n|rule|Species Clause: Limit one of each Pok\u00e9mon\n|rule|OHKO Clause: OHKO moves are banned\n|rule|Evasion Items Clause: Evasion items are banned\n|rule|Evasion Moves Clause: Evasion moves are banned\n|rule|Endless Battle Clause: Forcing endless battles is banned\n|rule|HP Percentage Mod: HP is shown in percentages\n|clearpoke\n|poke|p1|Ogerpon-Hearthflame, F|\n|poke|p1|Ribombee, M|\n|poke|p1|Ting-Lu|\n|poke|p1|Toxapex, F|\n|poke|p1|Trevenant, M|\n|poke|p1|Giratina|\n|poke|p2|Toxapex, M|\n|poke|p2|Chien-Pao|\n|poke|p2|Armarouge, M|\n|poke|p2|Zacian-*|\n|poke|p2|Garganacl, M|\n|poke|p2|Dragonite, F|\n|teampreview\n|inactive|Battle timer is ON: inactive players will automatically lose when time's up. (requested by astrodon)\n|\n|t:|1699503845\n|start\n|switch|p1a: Ribombee|Ribombee, M|100\/100\n|switch|p2a: Garganacl|Garganacl, M|100\/100\n|turn|1\n|\n|t:|1699503854\n|move|p1a: Ribombee|Sticky Web|p2a: Garganacl\n|-sidestart|p2: SubjectZaro|move: Sticky Web\n|move|p2a: Garganacl|Iron Defense|p2a: Garganacl\n|-boost|p2a: Garganacl|def|2\n|\n|upkeep\n|turn|2\n|\n|t:|1699503862\n|move|p1a: Ribombee|Stun Spore|p2a: Garganacl\n|-status|p2a: Garganacl|par\n|cant|p2a: Garganacl|par\n|\n|upkeep\n|turn|3\n|\n|t:|1699503868\n|move|p1a: Ribombee|Tailwind|p1a: Ribombee\n|-sidestart|p1: astrodon|move: Tailwind\n|move|p2a: Garganacl|Salt Cure|p1a: Ribombee\n|-supereffective|p1a: Ribombee\n|-damage|p1a: Ribombee|53\/100\n|-start|p1a: Ribombee|Salt Cure\n|\n|-damage|p1a: Ribombee|41\/100|[from] Salt Cure\n|upkeep\n|turn|4\n|\n|t:|1699503881\n|switch|p1a: Toxapex|Toxapex, F|100\/100\n|move|p2a: Garganacl|Stomping Tantrum|p1a: Toxapex\n|-supereffective|p1a: Toxapex\n|-damage|p1a: Toxapex|77\/100\n|\n|-heal|p1a: Toxapex|83\/100|[from] item: Leftovers\n|upkeep\n|turn|5\n|\n|t:|1699503890\n|move|p1a: Toxapex|Haze|p1a: Toxapex\n|-clearallboost\n|move|p2a: Garganacl|Salt Cure|p1a: Toxapex\n|-damage|p1a: Toxapex|73\/100\n|-start|p1a: Toxapex|Salt Cure\n|\n|-heal|p1a: Toxapex|79\/100|[from] item: Leftovers\n|-damage|p1a: Toxapex|54\/100|[from] Salt Cure\n|upkeep\n|turn|6\n|\n|t:|1699503910\n|switch|p1a: Trevenant|Trevenant, M, shiny|100\/100\n|cant|p2a: Garganacl|par\n|\n|-sideend|p1: astrodon|move: Tailwind\n|upkeep\n|turn|7\n|\n|t:|1699503919\n|move|p1a: Trevenant|Leech Seed|p2a: Garganacl|[miss]\n|-miss|p1a: Trevenant|p2a: Garganacl\n|move|p2a: Garganacl|Iron Defense|p2a: Garganacl\n|-boost|p2a: Garganacl|def|2\n|\n|upkeep\n|turn|8\n|\n|t:|1699503925\n|move|p1a: Trevenant|Leech Seed|p2a: Garganacl\n|-start|p2a: Garganacl|move: Leech Seed\n|move|p2a: Garganacl|Salt Cure|p1a: Trevenant\n|-damage|p1a: Trevenant|84\/100\n|-start|p1a: Trevenant|Salt Cure\n|\n|-damage|p2a: Garganacl|88\/100 par|[from] Leech Seed|[of] p1a: Trevenant\n|-heal|p1a: Trevenant|97\/100|[silent]\n|-damage|p1a: Trevenant|85\/100|[from] Salt Cure\n|upkeep\n|turn|9\n|\n|t:|1699503935\n|move|p1a: Trevenant|Horn Leech|p2a: Garganacl\n|-supereffective|p2a: Garganacl\n|-damage|p2a: Garganacl|64\/100 par\n|-heal|p1a: Trevenant|98\/100|[from] drain|[of] p2a: Garganacl\n|-damage|p1a: Trevenant|81\/100|[from] item: Rocky Helmet|[of] p2a: Garganacl\n|move|p2a: Garganacl|Salt Cure|p1a: Trevenant\n|-damage|p1a: Trevenant|64\/100\n|\n|-damage|p2a: Garganacl|51\/100 par|[from] Leech Seed|[of] p1a: Trevenant\n|-heal|p1a: Trevenant|78\/100|[silent]\n|-damage|p1a: Trevenant|65\/100|[from] Salt Cure\n|upkeep\n|turn|10\n|\n|t:|1699503949\n|move|p1a: Trevenant|Horn Leech|p2a: Garganacl\n|-supereffective|p2a: Garganacl\n|-damage|p2a: Garganacl|26\/100 par\n|-heal|p1a: Trevenant|79\/100|[from] drain|[of] p2a: Garganacl\n|-damage|p1a: Trevenant|63\/100|[from] item: Rocky Helmet|[of] p2a: Garganacl\n|cant|p2a: Garganacl|par\n|\n|-damage|p2a: Garganacl|13\/100 par|[from] Leech Seed|[of] p1a: Trevenant\n|-heal|p1a: Trevenant|76\/100|[silent]\n|-damage|p1a: Trevenant|64\/100|[from] Salt Cure\n|upkeep\n|turn|11\n|\n|t:|1699503972\n|move|p1a: Trevenant|Horn Leech|p2a: Garganacl\n|-supereffective|p2a: Garganacl\n|-damage|p2a: Garganacl|0 fnt\n|-heal|p1a: Trevenant|71\/100|[from] drain|[of] p2a: Garganacl\n|-damage|p1a: Trevenant|54\/100|[from] item: Rocky Helmet|[of] p2a: Garganacl\n|faint|p2a: Garganacl\n|\n|-damage|p1a: Trevenant|42\/100|[from] Salt Cure\n|upkeep\n|-enditem|p1a: Trevenant|Sitrus Berry|[eat]\n|-heal|p1a: Trevenant|67\/100|[from] item: Sitrus Berry\n|\n|t:|1699503981\n|switch|p2a: Zacian|Zacian-Crowned|100\/100\n|-activate|p2a: Zacian|move: Sticky Web\n|-unboost|p2a: Zacian|spe|1\n|-ability|p2a: Zacian|Intrepid Sword|boost\n|-boost|p2a: Zacian|atk|1\n|turn|12\n|\n|t:|1699503993\n|move|p2a: Zacian|Noble Roar|p1a: Trevenant\n|-unboost|p1a: Trevenant|atk|1\n|-unboost|p1a: Trevenant|spa|1\n|move|p1a: Trevenant|Leech Seed|p2a: Zacian\n|-start|p2a: Zacian|move: Leech Seed\n|\n|-damage|p2a: Zacian|88\/100|[from] Leech Seed|[of] p1a: Trevenant\n|-heal|p1a: Trevenant|78\/100|[silent]\n|-damage|p1a: Trevenant|65\/100|[from] Salt Cure\n|upkeep\n|turn|13\n|\n|t:|1699504011\n|move|p2a: Zacian|Behemoth Blade|p1a: Trevenant\n|-damage|p1a: Trevenant|0 fnt\n|faint|p1a: Trevenant\n|\n|upkeep\n|\n|t:|1699504018\n|switch|p1a: Giratina|Giratina|100\/100\n|-ability|p1a: Giratina|Pressure\n|turn|14\n|\n|t:|1699504023\n|move|p2a: Zacian|Trailblaze|p1a: Giratina\n|-resisted|p1a: Giratina\n|-damage|p1a: Giratina|94\/100\n|-boost|p2a: Zacian|spe|1\n|move|p1a: Giratina|Will-O-Wisp|p2a: Zacian\n|-status|p2a: Zacian|brn\n|\n|-heal|p1a: Giratina|99\/100|[from] item: Leftovers\n|-damage|p2a: Zacian|76\/100 brn|[from] Leech Seed|[of] p1a: Giratina\n|-heal|p1a: Giratina|100\/100|[silent]\n|-damage|p2a: Zacian|70\/100 brn|[from] brn\n|upkeep\n|turn|15\n|\n|t:|1699504039\n|move|p2a: Zacian|Noble Roar|p1a: Giratina\n|-unboost|p1a: Giratina|atk|1\n|-unboost|p1a: Giratina|spa|1\n|move|p1a: Giratina|Earthquake|p2a: Zacian\n|-supereffective|p2a: Zacian\n|-damage|p2a: Zacian|44\/100 brn\n|\n|-damage|p2a: Zacian|32\/100 brn|[from] Leech Seed|[of] p1a: Giratina\n|-damage|p2a: Zacian|25\/100 brn|[from] brn\n|upkeep\n|turn|16\n|\n|t:|1699504062\n|switch|p1a: Ogerpon|Ogerpon-Hearthflame, F|100\/100\n|-ability|p1a: Ogerpon|Mold Breaker\n|move|p2a: Zacian|Behemoth Blade|p1a: Ogerpon\n|-resisted|p1a: Ogerpon\n|-damage|p1a: Ogerpon|76\/100\n|\n|-damage|p2a: Zacian|13\/100 brn|[from] Leech Seed|[of] p1a: Ogerpon\n|-heal|p1a: Ogerpon|89\/100|[silent]\n|-damage|p2a: Zacian|7\/100 brn|[from] brn\n|upkeep\n|turn|17\n|\n|t:|1699504076\n|switch|p1a: Toxapex|Toxapex, F|87\/100\n|move|p2a: Zacian|Noble Roar|p1a: Toxapex\n|-unboost|p1a: Toxapex|atk|1\n|-unboost|p1a: Toxapex|spa|1\n|\n|-heal|p1a: Toxapex|94\/100|[from] item: Leftovers\n|-damage|p2a: Zacian|0 fnt|[from] Leech Seed|[of] p1a: Toxapex\n|-heal|p1a: Toxapex|100\/100|[silent]\n|faint|p2a: Zacian\n|upkeep\n|\n|t:|1699504090\n|switch|p2a: Toxapex|Toxapex, M|100\/100\n|-activate|p2a: Toxapex|move: Sticky Web\n|-unboost|p2a: Toxapex|spe|1\n|turn|18\n|\n|t:|1699504105\n|switch|p1a: Ting-Lu|Ting-Lu|100\/100\n|-ability|p1a: Ting-Lu|Vessel of Ruin\n|move|p2a: Toxapex|Stockpile|p2a: Toxapex\n|-start|p2a: Toxapex|stockpile1\n|-boost|p2a: Toxapex|def|1\n|-boost|p2a: Toxapex|spd|1\n|\n|upkeep\n|turn|19\n|\n|t:|1699504119\n|move|p2a: Toxapex|Baneful Bunker|p2a: Toxapex\n|-singleturn|p2a: Toxapex|move: Protect\n|move|p1a: Ting-Lu|Taunt|p2a: Toxapex\n|-activate|p2a: Toxapex|move: Protect\n|\n|upkeep\n|turn|20\n|\n|t:|1699504135\n|move|p2a: Toxapex|Baneful Bunker|p2a: Toxapex\n|-singleturn|p2a: Toxapex|move: Protect\n|move|p1a: Ting-Lu|Taunt|p2a: Toxapex\n|-activate|p2a: Toxapex|move: Protect\n|\n|upkeep\n|turn|21\n|\n|t:|1699504142\n|move|p2a: Toxapex|Baneful Bunker||[still]\n|-fail|p2a: Toxapex\n|move|p1a: Ting-Lu|Taunt|p2a: Toxapex\n|-start|p2a: Toxapex|move: Taunt\n|\n|upkeep\n|turn|22\n|\n|t:|1699504150\n|move|p1a: Ting-Lu|Stealth Rock|p2a: Toxapex\n|-sidestart|p2: SubjectZaro|move: Stealth Rock\n|move|p2a: Toxapex|Chilling Water|p1a: Ting-Lu\n|-supereffective|p1a: Ting-Lu\n|-damage|p1a: Ting-Lu|87\/100\n|-unboost|p1a: Ting-Lu|atk|1\n|\n|-heal|p1a: Ting-Lu|93\/100|[from] item: Leftovers\n|upkeep\n|turn|23\n|\n|t:|1699504160\n|move|p1a: Ting-Lu|Spikes|p2a: Toxapex\n|-sidestart|p2: SubjectZaro|Spikes\n|move|p2a: Toxapex|Chilling Water|p1a: Ting-Lu\n|-supereffective|p1a: Ting-Lu\n|-damage|p1a: Ting-Lu|80\/100\n|-unboost|p1a: Ting-Lu|atk|1\n|\n|-heal|p1a: Ting-Lu|86\/100|[from] item: Leftovers\n|upkeep\n|turn|24\n|\n|t:|1699504168\n|move|p1a: Ting-Lu|Spikes|p2a: Toxapex\n|-sidestart|p2: SubjectZaro|Spikes\n|move|p2a: Toxapex|Chilling Water|p1a: Ting-Lu\n|-supereffective|p1a: Ting-Lu\n|-crit|p1a: Ting-Lu\n|-damage|p1a: Ting-Lu|67\/100\n|-unboost|p1a: Ting-Lu|atk|1\n|\n|-heal|p1a: Ting-Lu|74\/100|[from] item: Leftovers\n|-end|p2a: Toxapex|move: Taunt\n|upkeep\n|turn|25\n|\n|t:|1699504179\n|move|p1a: Ting-Lu|Taunt|p2a: Toxapex\n|-start|p2a: Toxapex|move: Taunt\n|cant|p2a: Toxapex|move: Taunt|Stockpile\n|\n|-heal|p1a: Ting-Lu|80\/100|[from] item: Leftovers\n|upkeep\n|turn|26\n|\n|t:|1699504186\n|move|p1a: Ting-Lu|Spikes|p2a: Toxapex\n|-sidestart|p2: SubjectZaro|Spikes\n|move|p2a: Toxapex|Chilling Water|p1a: Ting-Lu\n|-supereffective|p1a: Ting-Lu\n|-damage|p1a: Ting-Lu|67\/100\n|-unboost|p1a: Ting-Lu|atk|1\n|\n|-heal|p1a: Ting-Lu|73\/100|[from] item: Leftovers\n|upkeep\n|turn|27\n|\n|t:|1699504207\n|switch|p1a: Toxapex|Toxapex, F|100\/100\n|move|p2a: Toxapex|Chilling Water|p1a: Toxapex\n|-resisted|p1a: Toxapex\n|-damage|p1a: Toxapex|96\/100\n|-unboost|p1a: Toxapex|atk|1\n|\n|-heal|p1a: Toxapex|100\/100|[from] item: Leftovers\n|-end|p2a: Toxapex|move: Taunt\n|upkeep\n|turn|28\n|\n|t:|1699504218\n|move|p2a: Toxapex|Baneful Bunker|p2a: Toxapex\n|-singleturn|p2a: Toxapex|move: Protect\n|move|p1a: Toxapex|Toxic Spikes|p2a: Toxapex\n|-sidestart|p2: SubjectZaro|move: Toxic Spikes\n|\n|upkeep\n|turn|29\n|\n|t:|1699504227\n|move|p2a: Toxapex|Stockpile|p2a: Toxapex\n|-start|p2a: Toxapex|stockpile2\n|-boost|p2a: Toxapex|def|1\n|-boost|p2a: Toxapex|spd|1\n|move|p1a: Toxapex|Toxic Spikes|p2a: Toxapex\n|-sidestart|p2: SubjectZaro|move: Toxic Spikes\n|\n|upkeep\n|turn|30\n|\n|t:|1699504235\n|move|p2a: Toxapex|Stockpile|p2a: Toxapex\n|-start|p2a: Toxapex|stockpile3\n|-boost|p2a: Toxapex|def|1\n|-boost|p2a: Toxapex|spd|1\n|move|p1a: Toxapex|Haze|p1a: Toxapex\n|-clearallboost\n|\n|upkeep\n|turn|31\n|\n|t:|1699504250\n|switch|p2a: Chien-Pao|Chien-Pao|100\/100\n|-activate|p2a: Chien-Pao|move: Sticky Web\n|-unboost|p2a: Chien-Pao|spe|1\n|-damage|p2a: Chien-Pao|76\/100|[from] Stealth Rock\n|-damage|p2a: Chien-Pao|51\/100|[from] Spikes\n|-status|p2a: Chien-Pao|tox\n|-ability|p2a: Chien-Pao|Sword of Ruin\n|switch|p1a: Giratina|Giratina|100\/100\n|-ability|p1a: Giratina|Pressure\n|\n|-damage|p2a: Chien-Pao|45\/100 tox|[from] psn\n|upkeep\n|turn|32\n|c|\u2606SubjectZaro|god dam\n|\n|t:|1699504275\n|move|p2a: Chien-Pao|Ice Shard|p1a: Giratina\n|-supereffective|p1a: Giratina\n|-damage|p1a: Giratina|66\/100\n|move|p1a: Giratina|Shadow Force||[still]\n|-prepare|p1a: Giratina|Shadow Force\n|\n|-heal|p1a: Giratina|72\/100|[from] item: Leftovers\n|-damage|p2a: Chien-Pao|33\/100 tox|[from] psn\n|upkeep\n|turn|33\n|\n|t:|1699504284\n|move|p2a: Chien-Pao|Recover|p2a: Chien-Pao\n|-heal|p2a: Chien-Pao|83\/100 tox\n|move|p1a: Giratina|Shadow Force|p2a: Chien-Pao|[from]lockedmove\n|-resisted|p2a: Chien-Pao\n|-damage|p2a: Chien-Pao|56\/100 tox\n|\n|-heal|p1a: Giratina|78\/100|[from] item: Leftovers\n|-damage|p2a: Chien-Pao|38\/100 tox|[from] psn\n|upkeep\n|turn|34\n|\n|t:|1699504296\n|switch|p1a: Toxapex|Toxapex, F|100\/100\n|move|p2a: Chien-Pao|Ice Shard|p1a: Toxapex\n|-resisted|p1a: Toxapex\n|-damage|p1a: Toxapex|93\/100\n|\n|-heal|p1a: Toxapex|99\/100|[from] item: Leftovers\n|-damage|p2a: Chien-Pao|14\/100 tox|[from] psn\n|upkeep\n|turn|35\n|\n|t:|1699504307\n|move|p2a: Chien-Pao|Recover|p2a: Chien-Pao\n|-heal|p2a: Chien-Pao|65\/100 tox\n|move|p1a: Toxapex|Liquidation|p2a: Chien-Pao\n|-damage|p2a: Chien-Pao|39\/100 tox\n|\n|-heal|p1a: Toxapex|100\/100|[from] item: Leftovers\n|-damage|p2a: Chien-Pao|9\/100 tox|[from] psn\n|upkeep\n|turn|36\n|\n|t:|1699504317\n|move|p2a: Chien-Pao|Recover|p2a: Chien-Pao\n|-heal|p2a: Chien-Pao|60\/100 tox\n|move|p1a: Toxapex|Liquidation|p2a: Chien-Pao\n|-damage|p2a: Chien-Pao|30\/100 tox\n|\n|-damage|p2a: Chien-Pao|0 fnt|[from] psn\n|faint|p2a: Chien-Pao\n|upkeep\n|\n|t:|1699504321\n|switch|p2a: Dragonite|Dragonite, F|100\/100\n|-damage|p2a: Dragonite|76\/100|[from] Stealth Rock\n|turn|37\n|\n|t:|1699504336\n|switch|p1a: Giratina|Giratina|78\/100\n|-ability|p1a: Giratina|Pressure\n|move|p2a: Dragonite|Dragon Dance|p2a: Dragonite\n|-boost|p2a: Dragonite|atk|1\n|-boost|p2a: Dragonite|spe|1\n|\n|-heal|p1a: Giratina|84\/100|[from] item: Leftovers\n|upkeep\n|turn|38\n|\n|t:|1699504355\n|move|p1a: Giratina|Will-O-Wisp|p2a: Dragonite\n|-status|p2a: Dragonite|brn\n|move|p2a: Dragonite|Dragon Tail|p1a: Giratina\n|-supereffective|p1a: Giratina\n|-damage|p1a: Giratina|51\/100\n|-damage|p2a: Dragonite|66\/100 brn|[from] item: Life Orb\n|drag|p1a: Ribombee|Ribombee, M|41\/100\n|\n|-damage|p2a: Dragonite|60\/100 brn|[from] brn\n|upkeep\n|turn|39\n|\n|t:|1699504369\n|move|p2a: Dragonite|Dragon Dance|p2a: Dragonite\n|-boost|p2a: Dragonite|atk|1\n|-boost|p2a: Dragonite|spe|1\n|move|p1a: Ribombee|Moonblast|p2a: Dragonite\n|-supereffective|p2a: Dragonite\n|-damage|p2a: Dragonite|0 fnt\n|faint|p2a: Dragonite\n|\n|upkeep\n|\n|t:|1699504373\n|switch|p2a: Armarouge|Armarouge, M|100\/100\n|-activate|p2a: Armarouge|move: Sticky Web\n|-unboost|p2a: Armarouge|spe|1\n|-damage|p2a: Armarouge|76\/100|[from] Stealth Rock\n|-damage|p2a: Armarouge|51\/100|[from] Spikes\n|-status|p2a: Armarouge|tox\n|turn|40\n|\n|t:|1699504397\n|switch|p1a: Ting-Lu|Ting-Lu|73\/100\n|-ability|p1a: Ting-Lu|Vessel of Ruin\n|move|p2a: Armarouge|Calm Mind|p2a: Armarouge\n|-boost|p2a: Armarouge|spa|1\n|-boost|p2a: Armarouge|spd|1\n|\n|-heal|p1a: Ting-Lu|79\/100|[from] item: Leftovers\n|-damage|p2a: Armarouge|45\/100 tox|[from] psn\n|upkeep\n|turn|41\n|\n|t:|1699504411\n|move|p2a: Armarouge|Dragon Pulse|p1a: Ting-Lu\n|-crit|p1a: Ting-Lu\n|-damage|p1a: Ting-Lu|42\/100\n|move|p1a: Ting-Lu|Throat Chop|p2a: Armarouge\n|-supereffective|p2a: Armarouge\n|-damage|p2a: Armarouge|0 fnt\n|faint|p2a: Armarouge\n|\n|-heal|p1a: Ting-Lu|48\/100|[from] item: Leftovers\n|upkeep\n|\n|t:|1699504415\n|switch|p2a: Toxapex|Toxapex, M|100\/100\n|-activate|p2a: Toxapex|move: Sticky Web\n|-unboost|p2a: Toxapex|spe|1\n|-damage|p2a: Toxapex|88\/100|[from] Stealth Rock\n|-damage|p2a: Toxapex|63\/100|[from] Spikes\n|-sideend|p2: SubjectZaro|move: Toxic Spikes|[of] p2a: Toxapex\n|turn|42\n|\n|t:|1699504428\n|move|p2a: Toxapex|Baneful Bunker|p2a: Toxapex\n|-singleturn|p2a: Toxapex|move: Protect\n|move|p1a: Ting-Lu|Taunt|p2a: Toxapex\n|-activate|p2a: Toxapex|move: Protect\n|\n|-heal|p1a: Ting-Lu|54\/100|[from] item: Leftovers\n|upkeep\n|turn|43\n|\n|t:|1699504438\n|move|p1a: Ting-Lu|Taunt|p2a: Toxapex\n|-start|p2a: Toxapex|move: Taunt\n|cant|p2a: Toxapex|move: Taunt|Stockpile\n|\n|-heal|p1a: Ting-Lu|61\/100|[from] item: Leftovers\n|upkeep\n|turn|44\n|\n|t:|1699504448\n|switch|p1a: Giratina|Giratina|51\/100\n|-ability|p1a: Giratina|Pressure\n|move|p2a: Toxapex|Chilling Water|p1a: Giratina\n|-resisted|p1a: Giratina\n|-damage|p1a: Giratina|48\/100\n|-unboost|p1a: Giratina|atk|1\n|\n|-heal|p1a: Giratina|54\/100|[from] item: Leftovers\n|upkeep\n|turn|45\n|\n|t:|1699504460\n|move|p1a: Giratina|Will-O-Wisp|p2a: Toxapex\n|-status|p2a: Toxapex|brn\n|move|p2a: Toxapex|Venoshock|p1a: Giratina\n|-resisted|p1a: Giratina\n|-damage|p1a: Giratina|52\/100\n|\n|-heal|p1a: Giratina|58\/100|[from] item: Leftovers\n|-damage|p2a: Toxapex|57\/100 brn|[from] brn\n|-end|p2a: Toxapex|move: Taunt\n|upkeep\n|turn|46\n|\n|t:|1699504476\n|move|p2a: Toxapex|Baneful Bunker|p2a: Toxapex\n|-singleturn|p2a: Toxapex|move: Protect\n|move|p1a: Giratina|Earthquake|p2a: Toxapex\n|-activate|p2a: Toxapex|move: Protect\n|\n|-heal|p1a: Giratina|64\/100|[from] item: Leftovers\n|-damage|p2a: Toxapex|51\/100 brn|[from] brn\n|upkeep\n|turn|47\n|-message|SubjectZaro forfeited.\n|\n|win|astrodon\n|raw|astrodon's rating: 1050 &rarr; <strong>1081<\/strong><br \/>(+31 for winning)\n|raw|SubjectZaro's rating: 1038 &rarr; <strong>1023<\/strong><br \/>(-15 for losing)\n|l|\u2606SubjectZaro\n","uploadtime":1699504502,"views":5,"p1id":"astrodon","p2id":"subjectzaro","formatid":"gen9ubers","rating":1023,"private":0,"password":""}