{"id":"gen9ubers-1987564192","p1":"1729is56time","p2":"8142e","format":"[Gen 9] Ubers","log":"|j|\u26061729is56time\n|j|\u26068142e\n|t:|1699612731\n|gametype|singles\n|player|p1|1729is56time|lusamine-nihilego|\n|player|p2|8142e|2|\n|teamsize|p1|6\n|teamsize|p2|6\n|gen|9\n|tier|[Gen 9] Ubers\n|rated|Tournament battle\n|rule|Sleep Clause Mod: Limit one foe put to sleep\n|rule|Species Clause: Limit one of each Pok\u00e9mon\n|rule|OHKO Clause: OHKO moves are banned\n|rule|Evasion Items Clause: Evasion items are banned\n|rule|Evasion Moves Clause: Evasion moves are banned\n|rule|Endless Battle Clause: Forcing endless battles is banned\n|rule|HP Percentage Mod: HP is shown in percentages\n|clearpoke\n|poke|p1|Clodsire, M|\n|poke|p1|Giratina-Origin|\n|poke|p1|Skeledirge, M|\n|poke|p1|Koraidon|\n|poke|p1|Kyogre|\n|poke|p1|Arceus-Fairy|\n|poke|p2|Corviknight, M|\n|poke|p2|Blissey, F|\n|poke|p2|Eternatus|\n|poke|p2|Giratina|\n|poke|p2|Dondozo, M|\n|poke|p2|Arceus-Fairy|\n|teampreview\n|inactive|Battle timer is ON: inactive players will automatically lose when time's up. (requested by 1729is56time)\n|j|%shrang\n|c|\u26068142e|hf bitch\n|c|\u26061729is56time|wow\n|c|\u26061729is56time|hf\n|c|\u26068142e|i have 0 respect for you\n|inactive|8142e has 120 seconds left.\n|c|\u26068142e|ever since you act me for being 15 mins late\n|c|\u26061729is56time|oh what will i do now?\n|\n|t:|1699612778\n|start\n|switch|p1a: Koraidon|Koraidon|100\/100\n|switch|p2a: Giratina|Giratina|100\/100\n|-weather|SunnyDay|[from] ability: Orichalcum Pulse|[of] p1a: Koraidon\n|-activate|p1a: Koraidon|Orichalcum Pulse|[source]\n|-ability|p2a: Giratina|Pressure\n|turn|1\n|\n|t:|1699612786\n|move|p1a: Koraidon|U-turn|p2a: Giratina\n|-resisted|p2a: Giratina\n|-damage|p2a: Giratina|93\/100\n|\n|t:|1699612789\n|switch|p1a: Skeledirge|Skeledirge, M|100\/100|[from] U-turn\n|move|p2a: Giratina|Will-O-Wisp|p1a: Skeledirge\n|-immune|p1a: Skeledirge\n|\n|-weather|SunnyDay|[upkeep]\n|-heal|p2a: Giratina|99\/100|[from] item: Leftovers\n|upkeep\n|turn|2\n|\n|t:|1699612793\n|move|p2a: Giratina|Substitute|p2a: Giratina\n|-start|p2a: Giratina|Substitute\n|-damage|p2a: Giratina|74\/100\n|move|p1a: Skeledirge|Will-O-Wisp||[still]\n|-fail|p1a: Skeledirge\n|\n|-weather|SunnyDay|[upkeep]\n|-heal|p2a: Giratina|80\/100|[from] item: Leftovers\n|upkeep\n|turn|3\n|\n|t:|1699612801\n|move|p2a: Giratina|Spite|p1a: Skeledirge\n|-activate|p1a: Skeledirge|move: Spite|Will-O-Wisp|4\n|move|p1a: Skeledirge|Torch Song|p2a: Giratina\n|-resisted|p2a: Giratina\n|-damage|p2a: Giratina|67\/100\n|-boost|p1a: Skeledirge|spa|1\n|\n|-weather|SunnyDay|[upkeep]\n|-heal|p2a: Giratina|73\/100|[from] item: Leftovers\n|upkeep\n|turn|4\n|\n|t:|1699612810\n|move|p2a: Giratina|Spite|p1a: Skeledirge\n|-activate|p1a: Skeledirge|move: Spite|Torch Song|4\n|move|p1a: Skeledirge|Hex|p2a: Giratina\n|-supereffective|p2a: Giratina\n|-end|p2a: Giratina|Substitute\n|\n|-weather|SunnyDay|[upkeep]\n|-heal|p2a: Giratina|79\/100|[from] item: Leftovers\n|upkeep\n|turn|5\n|\n|t:|1699612816\n|move|p2a: Giratina|Protect|p2a: Giratina\n|-singleturn|p2a: Giratina|Protect\n|move|p1a: Skeledirge|Hex|p2a: Giratina\n|-activate|p2a: Giratina|move: Protect\n|\n|-weather|none\n|-heal|p2a: Giratina|85\/100|[from] item: Leftovers\n|upkeep\n|turn|6\n|\n|t:|1699612819\n|move|p2a: Giratina|Substitute|p2a: Giratina\n|-start|p2a: Giratina|Substitute\n|-damage|p2a: Giratina|60\/100\n|move|p1a: Skeledirge|Torch Song|p2a: Giratina\n|-resisted|p2a: Giratina\n|-damage|p2a: Giratina|47\/100\n|-boost|p1a: Skeledirge|spa|1\n|\n|-heal|p2a: Giratina|53\/100|[from] item: Leftovers\n|upkeep\n|turn|7\n|\n|t:|1699612823\n|move|p2a: Giratina|Protect|p2a: Giratina\n|-singleturn|p2a: Giratina|Protect\n|move|p1a: Skeledirge|Hex|p2a: Giratina\n|-activate|p2a: Giratina|move: Protect\n|\n|-heal|p2a: Giratina|59\/100|[from] item: Leftovers\n|upkeep\n|turn|8\n|j| ult4cp staller\n|\n|t:|1699612838\n|switch|p1a: Koraidon|Koraidon|100\/100\n|-weather|SunnyDay|[from] ability: Orichalcum Pulse|[of] p1a: Koraidon\n|-activate|p1a: Koraidon|Orichalcum Pulse|[source]\n|move|p2a: Giratina|Spite||[still]\n|-fail|p2a: Giratina\n|\n|-weather|SunnyDay|[upkeep]\n|-heal|p2a: Giratina|65\/100|[from] item: Leftovers\n|upkeep\n|turn|9\n|\n|t:|1699612841\n|-terastallize|p1a: Koraidon|Fire\n|move|p2a: Giratina|Protect|p2a: Giratina\n|-singleturn|p2a: Giratina|Protect\n|move|p1a: Koraidon|U-turn|p2a: Giratina\n|-activate|p2a: Giratina|move: Protect\n|\n|-weather|SunnyDay|[upkeep]\n|-heal|p2a: Giratina|71\/100|[from] item: Leftovers\n|upkeep\n|turn|10\n|\n|t:|1699612847\n|switch|p1a: Skeledirge|Skeledirge, M|100\/100\n|move|p2a: Giratina|Will-O-Wisp|p1a: Skeledirge\n|-immune|p1a: Skeledirge\n|\n|-weather|SunnyDay|[upkeep]\n|-heal|p2a: Giratina|77\/100|[from] item: Leftovers\n|upkeep\n|turn|11\n|c| ult4cp staller|triple pressure stall\n|\n|t:|1699612858\n|switch|p1a: Koraidon|Koraidon, tera:Fire|100\/100\n|-activate|p1a: Koraidon|ability: Orichalcum Pulse\n|move|p2a: Giratina|Will-O-Wisp|p1a: Koraidon|[miss]\n|-miss|p2a: Giratina|p1a: Koraidon\n|\n|-weather|SunnyDay|[upkeep]\n|-heal|p2a: Giratina|83\/100|[from] item: Leftovers\n|upkeep\n|turn|12\n|\n|t:|1699612863\n|switch|p1a: Skeledirge|Skeledirge, M|100\/100\n|move|p2a: Giratina|Protect||[still]\n|-fail|p2a: Giratina\n|\n|-weather|none\n|-heal|p2a: Giratina|90\/100|[from] item: Leftovers\n|upkeep\n|turn|13\n|\n|t:|1699612867\n|switch|p2a: Blissey|Blissey, F|100\/100\n|switch|p1a: Koraidon|Koraidon, tera:Fire|100\/100\n|-weather|SunnyDay|[from] ability: Orichalcum Pulse|[of] p1a: Koraidon\n|-activate|p1a: Koraidon|Orichalcum Pulse|[source]\n|\n|-weather|SunnyDay|[upkeep]\n|upkeep\n|turn|14\n|\n|t:|1699612872\n|switch|p2a: Giratina|Giratina|90\/100\n|-ability|p2a: Giratina|Pressure\n|move|p1a: Koraidon|Dragon Claw|p2a: Giratina\n|-supereffective|p2a: Giratina\n|-damage|p2a: Giratina|36\/100\n|\n|-weather|SunnyDay|[upkeep]\n|-heal|p2a: Giratina|42\/100|[from] item: Leftovers\n|upkeep\n|turn|15\n|c| ult4cp staller|i use that in ou\n|\n|t:|1699612877\n|switch|p1a: Kyogre|Kyogre|100\/100\n|-weather|RainDance|[from] ability: Drizzle|[of] p1a: Kyogre\n|move|p2a: Giratina|Protect||[still]\n|-fail|p2a: Giratina\n|\n|-weather|RainDance|[upkeep]\n|-heal|p2a: Giratina|48\/100|[from] item: Leftovers\n|upkeep\n|turn|16\n|\n|t:|1699612881\n|move|p2a: Giratina|Protect|p2a: Giratina\n|-singleturn|p2a: Giratina|Protect\n|move|p1a: Kyogre|Water Spout|p2a: Giratina\n|-activate|p2a: Giratina|move: Protect\n|\n|-weather|RainDance|[upkeep]\n|-heal|p2a: Giratina|54\/100|[from] item: Leftovers\n|upkeep\n|turn|17\n|\n|t:|1699612884\n|switch|p2a: Eternatus|Eternatus|100\/100\n|-ability|p2a: Eternatus|Pressure\n|move|p1a: Kyogre|Water Spout|p2a: Eternatus\n|-resisted|p2a: Eternatus\n|-damage|p2a: Eternatus|32\/100\n|\n|-weather|RainDance|[upkeep]\n|-heal|p2a: Eternatus|38\/100|[from] item: Leftovers\n|upkeep\n|turn|18\n|\n|t:|1699612891\n|move|p2a: Eternatus|Recover|p2a: Eternatus\n|-heal|p2a: Eternatus|88\/100\n|move|p1a: Kyogre|Water Spout|p2a: Eternatus\n|-resisted|p2a: Eternatus\n|-damage|p2a: Eternatus|22\/100\n|\n|-weather|RainDance|[upkeep]\n|-heal|p2a: Eternatus|29\/100|[from] item: Leftovers\n|upkeep\n|turn|19\n|l|%shrang\n|\n|t:|1699612903\n|switch|p1a: Clodsire|Clodsire, M|100\/100\n|move|p2a: Eternatus|Recover|p2a: Eternatus\n|-heal|p2a: Eternatus|79\/100\n|\n|-weather|none\n|-heal|p2a: Eternatus|85\/100|[from] item: Leftovers\n|upkeep\n|turn|20\n|j| rookierobbie\n|\n|t:|1699612907\n|switch|p2a: Corviknight|Corviknight, M|100\/100\n|-ability|p2a: Corviknight|Pressure\n|move|p1a: Clodsire|Spikes|p2a: Corviknight\n|-sidestart|p2: 8142e|Spikes\n|\n|upkeep\n|turn|21\n|\n|t:|1699612911\n|switch|p1a: Skeledirge|Skeledirge, M|100\/100\n|move|p2a: Corviknight|Substitute|p2a: Corviknight\n|-start|p2a: Corviknight|Substitute\n|-damage|p2a: Corviknight|75\/100\n|\n|-heal|p2a: Corviknight|82\/100|[from] item: Leftovers\n|upkeep\n|turn|22\n|\n|t:|1699612923\n|switch|p2a: Blissey|Blissey, F|100\/100\n|move|p1a: Skeledirge|Torch Song|p2a: Blissey\n|-damage|p2a: Blissey|92\/100\n|-boost|p1a: Skeledirge|spa|1\n|\n|upkeep\n|turn|23\n|\n|t:|1699612929\n|switch|p1a: Clodsire|Clodsire, M|100\/100\n|move|p2a: Blissey|Stealth Rock|p1a: Clodsire\n|-sidestart|p1: 1729is56time|move: Stealth Rock\n|\n|upkeep\n|turn|24\n|\n|t:|1699612935\n|switch|p2a: Corviknight|Corviknight, M|82\/100\n|-ability|p2a: Corviknight|Pressure\n|move|p1a: Clodsire|Spikes|p2a: Corviknight\n|-sidestart|p2: 8142e|Spikes\n|\n|-heal|p2a: Corviknight|88\/100|[from] item: Leftovers\n|upkeep\n|turn|25\n|\n|t:|1699612939\n|switch|p1a: Skeledirge|Skeledirge, M|100\/100\n|move|p2a: Corviknight|Defog|p1a: Skeledirge\n|-unboost|p1a: Skeledirge|evasion|1\n|-sideend|p1: 1729is56time|Stealth Rock|[from] move: Defog|[of] p2a: Corviknight\n|-sideend|p2: 8142e|Spikes|[from] move: Defog|[of] p2a: Corviknight\n|\n|-heal|p2a: Corviknight|94\/100|[from] item: Leftovers\n|upkeep\n|turn|26\n|\n|t:|1699612944\n|switch|p2a: Blissey|Blissey, F|92\/100\n|switch|p1a: Clodsire|Clodsire, M|100\/100\n|\n|upkeep\n|turn|27\n|\n|t:|1699612948\n|switch|p2a: Corviknight|Corviknight, M|94\/100\n|-ability|p2a: Corviknight|Pressure\n|move|p1a: Clodsire|Spikes|p2a: Corviknight\n|-sidestart|p2: 8142e|Spikes\n|\n|-heal|p2a: Corviknight|100\/100|[from] item: Leftovers\n|upkeep\n|turn|28\n|j|%shrang\n|\n|t:|1699612956\n|switch|p1a: Koraidon|Koraidon, tera:Fire|100\/100\n|-weather|SunnyDay|[from] ability: Orichalcum Pulse|[of] p1a: Koraidon\n|-activate|p1a: Koraidon|Orichalcum Pulse|[source]\n|move|p2a: Corviknight|Defog|p1a: Koraidon\n|-unboost|p1a: Koraidon|evasion|1\n|-sideend|p2: 8142e|Spikes|[from] move: Defog|[of] p2a: Corviknight\n|\n|-weather|SunnyDay|[upkeep]\n|upkeep\n|turn|29\n|\n|t:|1699612966\n|switch|p2a: Dondozo|Dondozo, M|100\/100\n|move|p1a: Koraidon|Flare Blitz|p2a: Dondozo\n|-resisted|p2a: Dondozo\n|-damage|p2a: Dondozo|70\/100\n|-damage|p1a: Koraidon|86\/100|[from] Recoil\n|\n|-weather|SunnyDay|[upkeep]\n|-heal|p2a: Dondozo|76\/100|[from] item: Leftovers\n|upkeep\n|turn|30\n|\n|t:|1699612972\n|switch|p1a: Arceus|Arceus-Fairy|100\/100\n|move|p2a: Dondozo|Protect||[still]\n|-fail|p2a: Dondozo\n|\n|-weather|SunnyDay|[upkeep]\n|-heal|p2a: Dondozo|82\/100|[from] item: Leftovers\n|upkeep\n|turn|31\n|\n|t:|1699612976\n|switch|p2a: Eternatus|Eternatus|85\/100\n|-ability|p2a: Eternatus|Pressure\n|move|p1a: Arceus|Calm Mind|p1a: Arceus\n|-boost|p1a: Arceus|spa|1\n|-boost|p1a: Arceus|spd|1\n|\n|-weather|SunnyDay|[upkeep]\n|-heal|p2a: Eternatus|91\/100|[from] item: Leftovers\n|upkeep\n|turn|32\n|\n|t:|1699612979\n|move|p2a: Eternatus|Toxic|p1a: Arceus\n|-status|p1a: Arceus|tox\n|move|p1a: Arceus|Taunt|p2a: Eternatus\n|-start|p2a: Eternatus|move: Taunt\n|\n|-weather|none\n|-heal|p2a: Eternatus|97\/100|[from] item: Leftovers\n|-damage|p1a: Arceus|94\/100 tox|[from] psn\n|upkeep\n|turn|33\n|\n|t:|1699612982\n|switch|p2a: Corviknight|Corviknight, M|100\/100\n|-ability|p2a: Corviknight|Pressure\n|switch|p1a: Clodsire|Clodsire, M|100\/100\n|\n|upkeep\n|turn|34\n|\n|t:|1699612990\n|switch|p1a: Giratina|Giratina-Origin|100\/100\n|move|p2a: Corviknight|Substitute|p2a: Corviknight\n|-start|p2a: Corviknight|Substitute\n|-damage|p2a: Corviknight|75\/100\n|\n|-heal|p2a: Corviknight|82\/100|[from] item: Leftovers\n|upkeep\n|turn|35\n|\n|t:|1699612994\n|switch|p1a: Skeledirge|Skeledirge, M|100\/100\n|move|p2a: Corviknight|Iron Head|p1a: Skeledirge\n|-resisted|p1a: Skeledirge\n|-damage|p1a: Skeledirge|93\/100\n|\n|-heal|p2a: Corviknight|88\/100|[from] item: Leftovers\n|upkeep\n|turn|36\n|\n|t:|1699613000\n|switch|p2a: Blissey|Blissey, F|92\/100\n|switch|p1a: Clodsire|Clodsire, M|100\/100\n|\n|upkeep\n|turn|37\n|\n|t:|1699613010\n|switch|p2a: Corviknight|Corviknight, M|88\/100\n|-ability|p2a: Corviknight|Pressure\n|move|p1a: Clodsire|Spikes|p2a: Corviknight\n|-sidestart|p2: 8142e|Spikes\n|\n|-heal|p2a: Corviknight|94\/100|[from] item: Leftovers\n|upkeep\n|turn|38\n|\n|t:|1699613015\n|switch|p1a: Kyogre|Kyogre|100\/100\n|-weather|RainDance|[from] ability: Drizzle|[of] p1a: Kyogre\n|move|p2a: Corviknight|Defog|p1a: Kyogre\n|-unboost|p1a: Kyogre|evasion|1\n|-sideend|p2: 8142e|Spikes|[from] move: Defog|[of] p2a: Corviknight\n|\n|-weather|RainDance|[upkeep]\n|-heal|p2a: Corviknight|100\/100|[from] item: Leftovers\n|upkeep\n|turn|39\n|\n|t:|1699613025\n|switch|p2a: Blissey|Blissey, F|92\/100\n|move|p1a: Kyogre|Origin Pulse|p2a: Blissey\n|-damage|p2a: Blissey|45\/100\n|\n|-weather|RainDance|[upkeep]\n|upkeep\n|turn|40\n|\n|t:|1699613028\n|switch|p2a: Eternatus|Eternatus|97\/100\n|-ability|p2a: Eternatus|Pressure\n|move|p1a: Kyogre|Origin Pulse|p2a: Eternatus\n|-resisted|p2a: Eternatus\n|-damage|p2a: Eternatus|50\/100\n|\n|-weather|RainDance|[upkeep]\n|-heal|p2a: Eternatus|57\/100|[from] item: Leftovers\n|upkeep\n|turn|41\n|\n|t:|1699613039\n|switch|p1a: Koraidon|Koraidon, tera:Fire|86\/100\n|-weather|SunnyDay|[from] ability: Orichalcum Pulse|[of] p1a: Koraidon\n|-activate|p1a: Koraidon|Orichalcum Pulse|[source]\n|move|p2a: Eternatus|Substitute|p2a: Eternatus\n|-start|p2a: Eternatus|Substitute\n|-damage|p2a: Eternatus|32\/100\n|\n|-weather|SunnyDay|[upkeep]\n|-heal|p2a: Eternatus|38\/100|[from] item: Leftovers\n|upkeep\n|turn|42\n|\n|t:|1699613048\n|move|p1a: Koraidon|Dragon Claw|p2a: Eternatus\n|-supereffective|p2a: Eternatus\n|-end|p2a: Eternatus|Substitute\n|move|p2a: Eternatus|Recover|p2a: Eternatus\n|-heal|p2a: Eternatus|88\/100\n|\n|-weather|SunnyDay|[upkeep]\n|-heal|p2a: Eternatus|94\/100|[from] item: Leftovers\n|upkeep\n|turn|43\n|\n|t:|1699613052\n|switch|p2a: Corviknight|Corviknight, M|100\/100\n|-ability|p2a: Corviknight|Pressure\n|move|p1a: Koraidon|Dragon Claw|p2a: Corviknight\n|-resisted|p2a: Corviknight\n|-damage|p2a: Corviknight|84\/100\n|\n|-weather|SunnyDay|[upkeep]\n|-heal|p2a: Corviknight|90\/100|[from] item: Leftovers\n|upkeep\n|turn|44\n|\n|t:|1699613057\n|switch|p1a: Kyogre|Kyogre|100\/100\n|-weather|RainDance|[from] ability: Drizzle|[of] p1a: Kyogre\n|switch|p2a: Arceus|Arceus-Fairy|100\/100\n|\n|-weather|RainDance|[upkeep]\n|upkeep\n|turn|45\n|\n|t:|1699613061\n|switch|p2a: Eternatus|Eternatus|94\/100\n|-ability|p2a: Eternatus|Pressure\n|move|p1a: Kyogre|Origin Pulse|p2a: Eternatus\n|-resisted|p2a: Eternatus\n|-damage|p2a: Eternatus|42\/100\n|\n|-weather|RainDance|[upkeep]\n|-heal|p2a: Eternatus|48\/100|[from] item: Leftovers\n|upkeep\n|turn|46\n|\n|t:|1699613067\n|switch|p1a: Clodsire|Clodsire, M|100\/100\n|move|p2a: Eternatus|Recover|p2a: Eternatus\n|-heal|p2a: Eternatus|98\/100\n|\n|-weather|RainDance|[upkeep]\n|-heal|p2a: Eternatus|100\/100|[from] item: Leftovers\n|upkeep\n|turn|47\n|\n|t:|1699613070\n|switch|p2a: Corviknight|Corviknight, M|90\/100\n|-ability|p2a: Corviknight|Pressure\n|switch|p1a: Kyogre|Kyogre|100\/100\n|\n|-weather|RainDance|[upkeep]\n|-heal|p2a: Corviknight|97\/100|[from] item: Leftovers\n|upkeep\n|turn|48\n|\n|t:|1699613074\n|switch|p2a: Blissey|Blissey, F|45\/100\n|move|p1a: Kyogre|Ice Beam|p2a: Blissey\n|-damage|p2a: Blissey|29\/100\n|\n|-weather|none\n|upkeep\n|turn|49\n|l|%shrang\n|\n|t:|1699613079\n|move|p1a: Kyogre|Ice Beam|p2a: Blissey\n|-damage|p2a: Blissey|12\/100\n|-status|p2a: Blissey|frz\n|cant|p2a: Blissey|frz\n|\n|upkeep\n|turn|50\n|c|\u26068142e|lol\n|\n|t:|1699613084\n|-curestatus|p2a: Blissey|frz|[from] ability: Natural Cure\n|switch|p2a: Arceus|Arceus-Fairy|100\/100\n|move|p1a: Kyogre|Ice Beam|p2a: Arceus\n|-damage|p2a: Arceus|62\/100\n|\n|upkeep\n|turn|51\n|\n|t:|1699613090\n|switch|p1a: Koraidon|Koraidon, tera:Fire|86\/100\n|-weather|SunnyDay|[from] ability: Orichalcum Pulse|[of] p1a: Koraidon\n|-activate|p1a: Koraidon|Orichalcum Pulse|[source]\n|move|p2a: Arceus|Recover|p2a: Arceus\n|-heal|p2a: Arceus|100\/100\n|\n|-weather|SunnyDay|[upkeep]\n|upkeep\n|turn|52\n|\n|t:|1699613097\n|move|p1a: Koraidon|U-turn|p2a: Arceus\n|-resisted|p2a: Arceus\n|-damage|p2a: Arceus|92\/100\n|\n|t:|1699613099\n|switch|p1a: Clodsire|Clodsire, M|100\/100|[from] U-turn\n|move|p2a: Arceus|Recover|p2a: Arceus\n|-heal|p2a: Arceus|100\/100\n|\n|-weather|SunnyDay|[upkeep]\n|upkeep\n|turn|53\n|\n|t:|1699613105\n|move|p2a: Arceus|Will-O-Wisp|p1a: Clodsire\n|-status|p1a: Clodsire|brn\n|move|p1a: Clodsire|Spikes|p2a: Arceus\n|-sidestart|p2: 8142e|Spikes\n|\n|-weather|SunnyDay|[upkeep]\n|-damage|p1a: Clodsire|94\/100 brn|[from] brn\n|upkeep\n|turn|54\n|\n|t:|1699613114\n|switch|p1a: Kyogre|Kyogre|100\/100\n|-weather|RainDance|[from] ability: Drizzle|[of] p1a: Kyogre\n|-terastallize|p2a: Arceus|Steel\n|move|p2a: Arceus|Calm Mind|p2a: Arceus\n|-boost|p2a: Arceus|spa|1\n|-boost|p2a: Arceus|spd|1\n|\n|-weather|RainDance|[upkeep]\n|upkeep\n|turn|55\n|\n|t:|1699613128\n|switch|p1a: Koraidon|Koraidon, tera:Fire|86\/100\n|-weather|SunnyDay|[from] ability: Orichalcum Pulse|[of] p1a: Koraidon\n|-activate|p1a: Koraidon|Orichalcum Pulse|[source]\n|move|p2a: Arceus|Calm Mind|p2a: Arceus\n|-boost|p2a: Arceus|spa|1\n|-boost|p2a: Arceus|spd|1\n|\n|-weather|SunnyDay|[upkeep]\n|upkeep\n|turn|56\n|\n|t:|1699613135\n|switch|p2a: Eternatus|Eternatus|100\/100\n|-damage|p2a: Eternatus|88\/100|[from] Spikes\n|-ability|p2a: Eternatus|Pressure\n|move|p1a: Koraidon|Collision Course|p2a: Eternatus\n|-resisted|p2a: Eternatus\n|-damage|p2a: Eternatus|60\/100\n|\n|-weather|SunnyDay|[upkeep]\n|-heal|p2a: Eternatus|66\/100|[from] item: Leftovers\n|upkeep\n|turn|57\n|\n|t:|1699613141\n|switch|p1a: Clodsire|Clodsire, M|94\/100 brn\n|move|p2a: Eternatus|Substitute|p2a: Eternatus\n|-start|p2a: Eternatus|Substitute\n|-damage|p2a: Eternatus|41\/100\n|\n|-weather|SunnyDay|[upkeep]\n|-heal|p2a: Eternatus|47\/100|[from] item: Leftovers\n|-heal|p1a: Clodsire|100\/100 brn|[from] item: Leftovers\n|-damage|p1a: Clodsire|94\/100 brn|[from] brn\n|upkeep\n|turn|58\n|\n|t:|1699613150\n|move|p2a: Eternatus|Recover|p2a: Eternatus\n|-heal|p2a: Eternatus|97\/100\n|move|p1a: Clodsire|Earthquake|p2a: Eternatus\n|-supereffective|p2a: Eternatus\n|-activate|p2a: Eternatus|move: Substitute|[damage]\n|\n|-weather|SunnyDay|[upkeep]\n|-heal|p2a: Eternatus|100\/100|[from] item: Leftovers\n|-heal|p1a: Clodsire|100\/100 brn|[from] item: Leftovers\n|-damage|p1a: Clodsire|94\/100 brn|[from] brn\n|upkeep\n|turn|59\n|\n|t:|1699613166\n|switch|p1a: Arceus|Arceus-Fairy|94\/100 tox\n|move|p2a: Eternatus|Flamethrower|p1a: Arceus\n|-damage|p1a: Arceus|67\/100 tox\n|\n|-weather|none\n|-damage|p1a: Arceus|61\/100 tox|[from] psn\n|upkeep\n|turn|60\n|\n|t:|1699613171\n|move|p2a: Eternatus|Flamethrower|p1a: Arceus\n|-damage|p1a: Arceus|42\/100 tox\n|move|p1a: Arceus|Recover|p1a: Arceus\n|-heal|p1a: Arceus|93\/100 tox\n|\n|-damage|p1a: Arceus|80\/100 tox|[from] psn\n|upkeep\n|turn|61\n|\n|t:|1699613175\n|switch|p1a: Clodsire|Clodsire, M|94\/100 brn\n|move|p2a: Eternatus|Flamethrower|p1a: Clodsire\n|-damage|p1a: Clodsire|80\/100 brn\n|\n|-heal|p1a: Clodsire|86\/100 brn|[from] item: Leftovers\n|-damage|p1a: Clodsire|80\/100 brn|[from] brn\n|upkeep\n|turn|62\n|\n|t:|1699613178\n|move|p2a: Eternatus|Flamethrower|p1a: Clodsire\n|-damage|p1a: Clodsire|64\/100 brn\n|move|p1a: Clodsire|Spikes|p2a: Eternatus\n|-sidestart|p2: 8142e|Spikes\n|\n|-heal|p1a: Clodsire|70\/100 brn|[from] item: Leftovers\n|-damage|p1a: Clodsire|64\/100 brn|[from] brn\n|upkeep\n|turn|63\n|\n|t:|1699613182\n|switch|p2a: Corviknight|Corviknight, M|97\/100\n|-ability|p2a: Corviknight|Pressure\n|move|p1a: Clodsire|Recover|p1a: Clodsire\n|-heal|p1a: Clodsire|100\/100 brn\n|\n|-heal|p2a: Corviknight|100\/100|[from] item: Leftovers\n|-damage|p1a: Clodsire|94\/100 brn|[from] brn\n|upkeep\n|turn|64\n|\n|t:|1699613184\n|switch|p1a: Kyogre|Kyogre|100\/100\n|-weather|RainDance|[from] ability: Drizzle|[of] p1a: Kyogre\n|move|p2a: Corviknight|Substitute|p2a: Corviknight\n|-start|p2a: Corviknight|Substitute\n|-damage|p2a: Corviknight|75\/100\n|\n|-weather|RainDance|[upkeep]\n|-heal|p2a: Corviknight|82\/100|[from] item: Leftovers\n|upkeep\n|turn|65\n|\n|t:|1699613192\n|move|p1a: Kyogre|Thunder|p2a: Corviknight\n|-supereffective|p2a: Corviknight\n|-end|p2a: Corviknight|Substitute\n|move|p2a: Corviknight|Defog|p1a: Kyogre\n|-unboost|p1a: Kyogre|evasion|1\n|-sideend|p2: 8142e|Spikes|[from] move: Defog|[of] p2a: Corviknight\n|\n|-weather|RainDance|[upkeep]\n|-heal|p2a: Corviknight|88\/100|[from] item: Leftovers\n|upkeep\n|turn|66\n|\n|t:|1699613200\n|switch|p2a: Giratina|Giratina|54\/100\n|-ability|p2a: Giratina|Pressure\n|move|p1a: Kyogre|Thunder|p2a: Giratina\n|-resisted|p2a: Giratina\n|-damage|p2a: Giratina|33\/100\n|\n|-weather|RainDance|[upkeep]\n|-heal|p2a: Giratina|39\/100|[from] item: Leftovers\n|upkeep\n|turn|67\n|\n|t:|1699613213\n|switch|p1a: Koraidon|Koraidon, tera:Fire|86\/100\n|-weather|SunnyDay|[from] ability: Orichalcum Pulse|[of] p1a: Koraidon\n|-activate|p1a: Koraidon|Orichalcum Pulse|[source]\n|move|p2a: Giratina|Substitute|p2a: Giratina\n|-start|p2a: Giratina|Substitute\n|-damage|p2a: Giratina|14\/100\n|\n|-weather|SunnyDay|[upkeep]\n|-heal|p2a: Giratina|20\/100|[from] item: Leftovers\n|upkeep\n|turn|68\n|\n|t:|1699613234\n|move|p2a: Giratina|Protect|p2a: Giratina\n|-singleturn|p2a: Giratina|Protect\n|move|p1a: Koraidon|U-turn|p2a: Giratina\n|-activate|p2a: Giratina|move: Protect\n|\n|-weather|SunnyDay|[upkeep]\n|-heal|p2a: Giratina|26\/100|[from] item: Leftovers\n|upkeep\n|turn|69\n|\n|t:|1699613240\n|move|p1a: Koraidon|U-turn|p2a: Giratina\n|-resisted|p2a: Giratina\n|-activate|p2a: Giratina|move: Substitute|[damage]\n|\n|t:|1699613242\n|switch|p1a: Arceus|Arceus-Fairy|80\/100 tox|[from] U-turn\n|move|p2a: Giratina|Will-O-Wisp||[still]\n|-fail|p2a: Giratina\n|\n|-weather|SunnyDay|[upkeep]\n|-heal|p2a: Giratina|32\/100|[from] item: Leftovers\n|-damage|p1a: Arceus|74\/100 tox|[from] psn\n|upkeep\n|turn|70\n|\n|t:|1699613246\n|move|p2a: Giratina|Protect|p2a: Giratina\n|-singleturn|p2a: Giratina|Protect\n|move|p1a: Arceus|Calm Mind|p1a: Arceus\n|-boost|p1a: Arceus|spa|1\n|-boost|p1a: Arceus|spd|1\n|\n|-weather|SunnyDay|[upkeep]\n|-heal|p2a: Giratina|39\/100|[from] item: Leftovers\n|-damage|p1a: Arceus|62\/100 tox|[from] psn\n|upkeep\n|turn|71\n|\n|t:|1699613251\n|move|p1a: Arceus|Taunt|p2a: Giratina\n|-start|p2a: Giratina|move: Taunt\n|cant|p2a: Giratina|move: Taunt|Spite\n|\n|-weather|none\n|-heal|p2a: Giratina|45\/100|[from] item: Leftovers\n|-damage|p1a: Arceus|44\/100 tox|[from] psn\n|upkeep\n|turn|72\n|\n|t:|1699613258\n|switch|p2a: Corviknight|Corviknight, M|88\/100\n|-ability|p2a: Corviknight|Pressure\n|move|p1a: Arceus|Recover|p1a: Arceus\n|-heal|p1a: Arceus|94\/100 tox\n|\n|-heal|p2a: Corviknight|94\/100|[from] item: Leftovers\n|-damage|p1a: Arceus|70\/100 tox|[from] psn\n|upkeep\n|turn|73\n|\n|t:|1699613261\n|switch|p1a: Kyogre|Kyogre|100\/100\n|-weather|RainDance|[from] ability: Drizzle|[of] p1a: Kyogre\n|move|p2a: Corviknight|Substitute|p2a: Corviknight\n|-start|p2a: Corviknight|Substitute\n|-damage|p2a: Corviknight|69\/100\n|\n|-weather|RainDance|[upkeep]\n|-heal|p2a: Corviknight|75\/100|[from] item: Leftovers\n|upkeep\n|turn|74\n|\n|t:|1699613275\n|switch|p1a: Skeledirge|Skeledirge, M|93\/100\n|move|p2a: Corviknight|Iron Head|p1a: Skeledirge\n|-resisted|p1a: Skeledirge\n|-damage|p1a: Skeledirge|86\/100\n|\n|-weather|RainDance|[upkeep]\n|-heal|p2a: Corviknight|82\/100|[from] item: Leftovers\n|upkeep\n|turn|75\n|\n|t:|1699613284\n|switch|p1a: Giratina|Giratina-Origin|100\/100\n|move|p2a: Corviknight|Iron Head|p1a: Giratina\n|-damage|p1a: Giratina|85\/100\n|\n|-weather|RainDance|[upkeep]\n|-heal|p2a: Corviknight|88\/100|[from] item: Leftovers\n|upkeep\n|turn|76\n|\n|t:|1699613295\n|switch|p1a: Koraidon|Koraidon, tera:Fire|86\/100\n|-weather|SunnyDay|[from] ability: Orichalcum Pulse|[of] p1a: Koraidon\n|-activate|p1a: Koraidon|Orichalcum Pulse|[source]\n|move|p2a: Corviknight|Iron Head|p1a: Koraidon\n|-resisted|p1a: Koraidon\n|-damage|p1a: Koraidon|74\/100\n|\n|-weather|SunnyDay|[upkeep]\n|-heal|p2a: Corviknight|94\/100|[from] item: Leftovers\n|upkeep\n|turn|77\n|\n|t:|1699613298\n|move|p1a: Koraidon|U-turn|p2a: Corviknight\n|-resisted|p2a: Corviknight\n|-activate|p2a: Corviknight|move: Substitute|[damage]\n|\n|t:|1699613301\n|switch|p1a: Skeledirge|Skeledirge, M|86\/100|[from] U-turn\n|move|p2a: Corviknight|Iron Head|p1a: Skeledirge\n|-resisted|p1a: Skeledirge\n|-damage|p1a: Skeledirge|78\/100\n|\n|-weather|SunnyDay|[upkeep]\n|-heal|p2a: Corviknight|100\/100|[from] item: Leftovers\n|upkeep\n|turn|78\n|\n|t:|1699613306\n|switch|p2a: Dondozo|Dondozo, M|82\/100\n|move|p1a: Skeledirge|Torch Song|p2a: Dondozo\n|-resisted|p2a: Dondozo\n|-damage|p2a: Dondozo|60\/100\n|-boost|p1a: Skeledirge|spa|1\n|\n|-weather|SunnyDay|[upkeep]\n|-heal|p2a: Dondozo|66\/100|[from] item: Leftovers\n|upkeep\n|turn|79\n|\n|t:|1699613318\n|switch|p1a: Kyogre|Kyogre|100\/100\n|-weather|RainDance|[from] ability: Drizzle|[of] p1a: Kyogre\n|switch|p2a: Eternatus|Eternatus|100\/100\n|-ability|p2a: Eternatus|Pressure\n|\n|-weather|RainDance|[upkeep]\n|upkeep\n|turn|80\n|\n|t:|1699613335\n|switch|p1a: Clodsire|Clodsire, M|94\/100 brn\n|move|p2a: Eternatus|Toxic||[still]\n|-fail|p2a: Eternatus\n|\n|-weather|RainDance|[upkeep]\n|-heal|p1a: Clodsire|100\/100 brn|[from] item: Leftovers\n|-damage|p1a: Clodsire|94\/100 brn|[from] brn\n|upkeep\n|turn|81\n|\n|t:|1699613337\n|move|p2a: Eternatus|Substitute|p2a: Eternatus\n|-start|p2a: Eternatus|Substitute\n|-damage|p2a: Eternatus|76\/100\n|move|p1a: Clodsire|Spikes|p2a: Eternatus\n|-sidestart|p2: 8142e|Spikes\n|\n|-weather|RainDance|[upkeep]\n|-heal|p2a: Eternatus|82\/100|[from] item: Leftovers\n|-heal|p1a: Clodsire|100\/100 brn|[from] item: Leftovers\n|-damage|p1a: Clodsire|94\/100 brn|[from] brn\n|upkeep\n|turn|82\n|\n|t:|1699613340\n|move|p2a: Eternatus|Flamethrower|p1a: Clodsire\n|-damage|p1a: Clodsire|86\/100 brn\n|move|p1a: Clodsire|Spikes|p2a: Eternatus\n|-sidestart|p2: 8142e|Spikes\n|\n|-weather|RainDance|[upkeep]\n|-heal|p2a: Eternatus|88\/100|[from] item: Leftovers\n|-heal|p1a: Clodsire|93\/100 brn|[from] item: Leftovers\n|-damage|p1a: Clodsire|86\/100 brn|[from] brn\n|upkeep\n|turn|83\n|\n|t:|1699613344\n|switch|p1a: Arceus|Arceus-Fairy|70\/100 tox\n|move|p2a: Eternatus|Flamethrower|p1a: Arceus\n|-damage|p1a: Arceus|60\/100 tox\n|\n|-weather|none\n|-heal|p2a: Eternatus|94\/100|[from] item: Leftovers\n|-damage|p1a: Arceus|54\/100 tox|[from] psn\n|upkeep\n|turn|84\n|\n|t:|1699613346\n|move|p2a: Eternatus|Flamethrower|p1a: Arceus\n|-damage|p1a: Arceus|36\/100 tox\n|move|p1a: Arceus|Recover|p1a: Arceus\n|-heal|p1a: Arceus|86\/100 tox\n|\n|-heal|p2a: Eternatus|100\/100|[from] item: Leftovers\n|-damage|p1a: Arceus|74\/100 tox|[from] psn\n|upkeep\n|turn|85\n|\n|t:|1699613348\n|switch|p1a: Clodsire|Clodsire, M|86\/100 brn\n|move|p2a: Eternatus|Flamethrower|p1a: Clodsire\n|-damage|p1a: Clodsire|71\/100 brn\n|\n|-heal|p1a: Clodsire|77\/100 brn|[from] item: Leftovers\n|-damage|p1a: Clodsire|71\/100 brn|[from] brn\n|upkeep\n|turn|86\n|\n|t:|1699613352\n|move|p2a: Eternatus|Flamethrower|p1a: Clodsire\n|-damage|p1a: Clodsire|55\/100 brn\n|move|p1a: Clodsire|Earthquake|p2a: Eternatus\n|-supereffective|p2a: Eternatus\n|-activate|p2a: Eternatus|move: Substitute|[damage]\n|\n|-heal|p1a: Clodsire|61\/100 brn|[from] item: Leftovers\n|-damage|p1a: Clodsire|55\/100 brn|[from] brn\n|upkeep\n|turn|87\n|\n|t:|1699613354\n|move|p2a: Eternatus|Flamethrower|p1a: Clodsire\n|-damage|p1a: Clodsire|38\/100 brn\n|move|p1a: Clodsire|Recover|p1a: Clodsire\n|-heal|p1a: Clodsire|88\/100 brn\n|\n|-heal|p1a: Clodsire|95\/100 brn|[from] item: Leftovers\n|-damage|p1a: Clodsire|88\/100 brn|[from] brn\n|upkeep\n|turn|88\n|\n|t:|1699613358\n|switch|p1a: Arceus|Arceus-Fairy|74\/100 tox\n|move|p2a: Eternatus|Flamethrower|p1a: Arceus\n|-damage|p1a: Arceus|55\/100 tox\n|\n|-damage|p1a: Arceus|49\/100 tox|[from] psn\n|upkeep\n|turn|89\n|j|%shrang\n|j| Dearest Deerling\n|\n|t:|1699613360\n|move|p2a: Eternatus|Flamethrower|p1a: Arceus\n|-damage|p1a: Arceus|31\/100 tox\n|move|p1a: Arceus|Recover|p1a: Arceus\n|-heal|p1a: Arceus|81\/100 tox\n|\n|-damage|p1a: Arceus|69\/100 tox|[from] psn\n|upkeep\n|turn|90\n|\n|t:|1699613364\n|switch|p1a: Clodsire|Clodsire, M|88\/100 brn\n|move|p2a: Eternatus|Flamethrower|p1a: Clodsire\n|-crit|p1a: Clodsire\n|-damage|p1a: Clodsire|65\/100 brn\n|\n|-heal|p1a: Clodsire|71\/100 brn|[from] item: Leftovers\n|-damage|p1a: Clodsire|65\/100 brn|[from] brn\n|upkeep\n|turn|91\n|\n|t:|1699613368\n|switch|p2a: Corviknight|Corviknight, M|100\/100\n|-ability|p2a: Corviknight|Pressure\n|move|p1a: Clodsire|Earthquake|p2a: Corviknight\n|-immune|p2a: Corviknight\n|\n|-heal|p1a: Clodsire|71\/100 brn|[from] item: Leftovers\n|-damage|p1a: Clodsire|65\/100 brn|[from] brn\n|upkeep\n|turn|92\n|\n|t:|1699613371\n|switch|p1a: Kyogre|Kyogre|100\/100\n|-weather|RainDance|[from] ability: Drizzle|[of] p1a: Kyogre\n|move|p2a: Corviknight|Substitute|p2a: Corviknight\n|-start|p2a: Corviknight|Substitute\n|-damage|p2a: Corviknight|75\/100\n|\n|-weather|RainDance|[upkeep]\n|-heal|p2a: Corviknight|82\/100|[from] item: Leftovers\n|upkeep\n|turn|93\n|\n|t:|1699613395\n|move|p1a: Kyogre|Ice Beam|p2a: Corviknight\n|-end|p2a: Corviknight|Substitute\n|move|p2a: Corviknight|Defog|p1a: Kyogre\n|-unboost|p1a: Kyogre|evasion|1\n|-sideend|p2: 8142e|Spikes|[from] move: Defog|[of] p2a: Corviknight\n|\n|-weather|RainDance|[upkeep]\n|-heal|p2a: Corviknight|88\/100|[from] item: Leftovers\n|upkeep\n|turn|94\n|\n|t:|1699613403\n|switch|p2a: Arceus|Arceus-Fairy, tera:Steel|100\/100\n|move|p1a: Kyogre|Ice Beam|p2a: Arceus\n|-resisted|p2a: Arceus\n|-damage|p2a: Arceus|81\/100\n|\n|-weather|RainDance|[upkeep]\n|upkeep\n|turn|95\n|\n|t:|1699613412\n|switch|p2a: Dondozo|Dondozo, M|66\/100\n|switch|p1a: Koraidon|Koraidon, tera:Fire|74\/100\n|-weather|SunnyDay|[from] ability: Orichalcum Pulse|[of] p1a: Koraidon\n|-activate|p1a: Koraidon|Orichalcum Pulse|[source]\n|\n|-weather|SunnyDay|[upkeep]\n|-heal|p2a: Dondozo|72\/100|[from] item: Leftovers\n|upkeep\n|turn|96\n|l|%shrang\n|\n|t:|1699613419\n|switch|p1a: Kyogre|Kyogre|100\/100\n|-weather|RainDance|[from] ability: Drizzle|[of] p1a: Kyogre\n|move|p2a: Dondozo|Protect||[still]\n|-fail|p2a: Dondozo\n|\n|-weather|RainDance|[upkeep]\n|-heal|p2a: Dondozo|78\/100|[from] item: Leftovers\n|upkeep\n|turn|97\n|\n|t:|1699613431\n|move|p2a: Dondozo|Protect|p2a: Dondozo\n|-singleturn|p2a: Dondozo|Protect\n|move|p1a: Kyogre|Thunder|p2a: Dondozo\n|-activate|p2a: Dondozo|move: Protect\n|\n|-weather|RainDance|[upkeep]\n|-heal|p2a: Dondozo|84\/100|[from] item: Leftovers\n|upkeep\n|turn|98\n|\n|t:|1699613437\n|switch|p2a: Giratina|Giratina|45\/100\n|-ability|p2a: Giratina|Pressure\n|move|p1a: Kyogre|Thunder|p2a: Giratina\n|-resisted|p2a: Giratina\n|-damage|p2a: Giratina|24\/100\n|\n|-weather|RainDance|[upkeep]\n|-heal|p2a: Giratina|30\/100|[from] item: Leftovers\n|upkeep\n|turn|99\n|\n|t:|1699613444\n|move|p2a: Giratina|Protect|p2a: Giratina\n|-singleturn|p2a: Giratina|Protect\n|move|p1a: Kyogre|Thunder|p2a: Giratina\n|-activate|p2a: Giratina|move: Protect\n|\n|-weather|RainDance|[upkeep]\n|-heal|p2a: Giratina|36\/100|[from] item: Leftovers\n|upkeep\n|turn|100\n|\n|t:|1699613447\n|move|p1a: Kyogre|Thunder|p2a: Giratina\n|-resisted|p2a: Giratina\n|-damage|p2a: Giratina|15\/100\n|move|p2a: Giratina|Spite|p1a: Kyogre\n|-activate|p1a: Kyogre|move: Spite|Thunder|4\n|\n|-weather|none\n|-heal|p2a: Giratina|21\/100|[from] item: Leftovers\n|upkeep\n|turn|101\n|\n|t:|1699613458\n|switch|p1a: Koraidon|Koraidon, tera:Fire|74\/100\n|-weather|SunnyDay|[from] ability: Orichalcum Pulse|[of] p1a: Koraidon\n|-activate|p1a: Koraidon|Orichalcum Pulse|[source]\n|move|p2a: Giratina|Protect||[still]\n|-fail|p2a: Giratina\n|\n|-weather|SunnyDay|[upkeep]\n|-heal|p2a: Giratina|27\/100|[from] item: Leftovers\n|upkeep\n|turn|102\n|\n|t:|1699613473\n|move|p2a: Giratina|Protect|p2a: Giratina\n|-singleturn|p2a: Giratina|Protect\n|move|p1a: Koraidon|Dragon Claw|p2a: Giratina\n|-activate|p2a: Giratina|move: Protect\n|\n|-weather|SunnyDay|[upkeep]\n|-heal|p2a: Giratina|33\/100|[from] item: Leftovers\n|upkeep\n|turn|103\n|\n|t:|1699613478\n|switch|p1a: Kyogre|Kyogre|100\/100\n|-weather|RainDance|[from] ability: Drizzle|[of] p1a: Kyogre\n|switch|p2a: Corviknight|Corviknight, M|88\/100\n|-ability|p2a: Corviknight|Pressure\n|\n|-weather|RainDance|[upkeep]\n|-heal|p2a: Corviknight|94\/100|[from] item: Leftovers\n|upkeep\n|turn|104\n|\n|t:|1699613487\n|switch|p2a: Blissey|Blissey, F|12\/100\n|move|p1a: Kyogre|Origin Pulse|p2a: Blissey\n|-damage|p2a: Blissey|0 fnt\n|faint|p2a: Blissey\n|\n|-weather|RainDance|[upkeep]\n|upkeep\n|\n|t:|1699613490\n|switch|p2a: Eternatus|Eternatus|100\/100\n|-ability|p2a: Eternatus|Pressure\n|turn|105\n|\n|t:|1699613497\n|switch|p2a: Giratina|Giratina|33\/100\n|-ability|p2a: Giratina|Pressure\n|switch|p1a: Clodsire|Clodsire, M|65\/100 brn\n|\n|-weather|RainDance|[upkeep]\n|-heal|p2a: Giratina|39\/100|[from] item: Leftovers\n|-heal|p1a: Clodsire|71\/100 brn|[from] item: Leftovers\n|-damage|p1a: Clodsire|65\/100 brn|[from] brn\n|upkeep\n|turn|106\n|\n|t:|1699613502\n|move|p2a: Giratina|Substitute|p2a: Giratina\n|-start|p2a: Giratina|Substitute\n|-damage|p2a: Giratina|14\/100\n|move|p1a: Clodsire|Recover|p1a: Clodsire\n|-heal|p1a: Clodsire|100\/100 brn\n|\n|-weather|RainDance|[upkeep]\n|-heal|p2a: Giratina|20\/100|[from] item: Leftovers\n|-damage|p1a: Clodsire|94\/100 brn|[from] brn\n|upkeep\n|turn|107\n|\n|t:|1699613506\n|switch|p1a: Arceus|Arceus-Fairy|69\/100 tox\n|move|p2a: Giratina|Spite||[still]\n|-fail|p2a: Giratina\n|\n|-weather|none\n|-heal|p2a: Giratina|26\/100|[from] item: Leftovers\n|-damage|p1a: Arceus|63\/100 tox|[from] psn\n|upkeep\n|turn|108\n|\n|t:|1699613510\n|move|p2a: Giratina|Protect|p2a: Giratina\n|-singleturn|p2a: Giratina|Protect\n|move|p1a: Arceus|Recover|p1a: Arceus\n|-heal|p1a: Arceus|100\/100 tox\n|\n|-heal|p2a: Giratina|33\/100|[from] item: Leftovers\n|-damage|p1a: Arceus|88\/100 tox|[from] psn\n|upkeep\n|turn|109\n|\n|t:|1699613514\n|move|p1a: Arceus|Taunt|p2a: Giratina\n|-start|p2a: Giratina|move: Taunt\n|cant|p2a: Giratina|move: Taunt|Spite\n|\n|-heal|p2a: Giratina|39\/100|[from] item: Leftovers\n|-damage|p1a: Arceus|70\/100 tox|[from] psn\n|upkeep\n|turn|110\n|\n|t:|1699613517\n|switch|p1a: Koraidon|Koraidon, tera:Fire|74\/100\n|-weather|SunnyDay|[from] ability: Orichalcum Pulse|[of] p1a: Koraidon\n|-activate|p1a: Koraidon|Orichalcum Pulse|[source]\n|switch|p2a: Corviknight|Corviknight, M|94\/100\n|-ability|p2a: Corviknight|Pressure\n|\n|-weather|SunnyDay|[upkeep]\n|-heal|p2a: Corviknight|100\/100|[from] item: Leftovers\n|upkeep\n|turn|111\n|\n|t:|1699613524\n|move|p1a: Koraidon|Flare Blitz|p2a: Corviknight\n|-supereffective|p2a: Corviknight\n|-damage|p2a: Corviknight|0 fnt\n|faint|p2a: Corviknight\n|-damage|p1a: Koraidon|35\/100|[from] Recoil\n|\n|-weather|SunnyDay|[upkeep]\n|upkeep\n|\n|t:|1699613529\n|switch|p2a: Eternatus|Eternatus|100\/100\n|-ability|p2a: Eternatus|Pressure\n|turn|112\n|\n|t:|1699613533\n|switch|p1a: Kyogre|Kyogre|100\/100\n|-weather|RainDance|[from] ability: Drizzle|[of] p1a: Kyogre\n|move|p2a: Eternatus|Flamethrower|p1a: Kyogre\n|-resisted|p1a: Kyogre\n|-damage|p1a: Kyogre|95\/100\n|\n|-weather|RainDance|[upkeep]\n|upkeep\n|turn|113\n|\n|t:|1699613536\n|switch|p1a: Clodsire|Clodsire, M|94\/100 brn\n|move|p2a: Eternatus|Substitute|p2a: Eternatus\n|-start|p2a: Eternatus|Substitute\n|-damage|p2a: Eternatus|76\/100\n|\n|-weather|RainDance|[upkeep]\n|-heal|p2a: Eternatus|82\/100|[from] item: Leftovers\n|-heal|p1a: Clodsire|100\/100 brn|[from] item: Leftovers\n|-damage|p1a: Clodsire|94\/100 brn|[from] brn\n|upkeep\n|turn|114\n|\n|t:|1699613540\n|switch|p1a: Arceus|Arceus-Fairy|70\/100 tox\n|move|p2a: Eternatus|Flamethrower|p1a: Arceus\n|-damage|p1a: Arceus|60\/100 tox\n|\n|-weather|RainDance|[upkeep]\n|-heal|p2a: Eternatus|88\/100|[from] item: Leftovers\n|-damage|p1a: Arceus|54\/100 tox|[from] psn\n|upkeep\n|turn|115\n|\n|t:|1699613542\n|move|p2a: Eternatus|Flamethrower|p1a: Arceus\n|-damage|p1a: Arceus|44\/100 tox\n|move|p1a: Arceus|Recover|p1a: Arceus\n|-heal|p1a: Arceus|94\/100 tox\n|\n|-weather|RainDance|[upkeep]\n|-heal|p2a: Eternatus|94\/100|[from] item: Leftovers\n|-damage|p1a: Arceus|82\/100 tox|[from] psn\n|upkeep\n|turn|116\n|c|\u26068142e|nice hax\n|c|\u26068142e|on bliss\n|c|\u26068142e|bitch\n|\n|t:|1699613554\n|switch|p2a: Arceus|Arceus-Fairy, tera:Steel|81\/100\n|switch|p1a: Clodsire|Clodsire, M|94\/100 brn\n|\n|-weather|none\n|-heal|p1a: Clodsire|100\/100 brn|[from] item: Leftovers\n|-damage|p1a: Clodsire|94\/100 brn|[from] brn\n|upkeep\n|turn|117\n|\n|t:|1699613560\n|move|p2a: Arceus|Calm Mind|p2a: Arceus\n|-boost|p2a: Arceus|spa|1\n|-boost|p2a: Arceus|spd|1\n|move|p1a: Clodsire|Spikes|p2a: Arceus\n|-sidestart|p2: 8142e|Spikes\n|\n|-heal|p1a: Clodsire|100\/100 brn|[from] item: Leftovers\n|-damage|p1a: Clodsire|94\/100 brn|[from] brn\n|upkeep\n|turn|118\n|\n|t:|1699613568\n|switch|p1a: Skeledirge|Skeledirge, M|78\/100\n|move|p2a: Arceus|Judgment|p1a: Skeledirge\n|-resisted|p1a: Skeledirge\n|-damage|p1a: Skeledirge|52\/100\n|\n|upkeep\n|turn|119\n|\n|t:|1699613574\n|switch|p2a: Eternatus|Eternatus|94\/100\n|-damage|p2a: Eternatus|82\/100|[from] Spikes\n|-ability|p2a: Eternatus|Pressure\n|move|p1a: Skeledirge|Slack Off|p1a: Skeledirge\n|-heal|p1a: Skeledirge|100\/100\n|\n|-heal|p2a: Eternatus|88\/100|[from] item: Leftovers\n|upkeep\n|turn|120\n|\n|t:|1699613579\n|switch|p2a: Arceus|Arceus-Fairy, tera:Steel|81\/100\n|-damage|p2a: Arceus|68\/100|[from] Spikes\n|switch|p1a: Clodsire|Clodsire, M|94\/100 brn\n|\n|-heal|p1a: Clodsire|100\/100 brn|[from] item: Leftovers\n|-damage|p1a: Clodsire|94\/100 brn|[from] brn\n|upkeep\n|turn|121\n|\n|t:|1699613582\n|move|p2a: Arceus|Judgment|p1a: Clodsire\n|-resisted|p1a: Clodsire\n|-damage|p1a: Clodsire|81\/100 brn\n|move|p1a: Clodsire|Spikes|p2a: Arceus\n|-sidestart|p2: 8142e|Spikes\n|\n|-heal|p1a: Clodsire|87\/100 brn|[from] item: Leftovers\n|-damage|p1a: Clodsire|81\/100 brn|[from] brn\n|upkeep\n|turn|122\n|\n|t:|1699613587\n|move|p2a: Arceus|Calm Mind|p2a: Arceus\n|-boost|p2a: Arceus|spa|1\n|-boost|p2a: Arceus|spd|1\n|move|p1a: Clodsire|Spikes|p2a: Arceus\n|-sidestart|p2: 8142e|Spikes\n|\n|-heal|p1a: Clodsire|87\/100 brn|[from] item: Leftovers\n|-damage|p1a: Clodsire|81\/100 brn|[from] brn\n|upkeep\n|turn|123\n|\n|t:|1699613591\n|switch|p1a: Skeledirge|Skeledirge, M|100\/100\n|move|p2a: Arceus|Recover|p2a: Arceus\n|-heal|p2a: Arceus|100\/100\n|\n|upkeep\n|turn|124\n|\n|t:|1699613599\n|switch|p2a: Dondozo|Dondozo, M|84\/100\n|-damage|p2a: Dondozo|59\/100|[from] Spikes\n|move|p1a: Skeledirge|Will-O-Wisp|p2a: Dondozo\n|-status|p2a: Dondozo|brn\n|\n|-heal|p2a: Dondozo|65\/100 brn|[from] item: Leftovers\n|-damage|p2a: Dondozo|59\/100 brn|[from] brn\n|upkeep\n|turn|125\n|\n|t:|1699613603\n|move|p2a: Dondozo|Protect|p2a: Dondozo\n|-singleturn|p2a: Dondozo|Protect\n|move|p1a: Skeledirge|Hex|p2a: Dondozo\n|-activate|p2a: Dondozo|move: Protect\n|\n|-heal|p2a: Dondozo|65\/100 brn|[from] item: Leftovers\n|-damage|p2a: Dondozo|59\/100 brn|[from] brn\n|upkeep\n|turn|126\n|\n|t:|1699613606\n|move|p1a: Skeledirge|Hex|p2a: Dondozo\n|-damage|p2a: Dondozo|16\/100 brn\n|move|p2a: Dondozo|Rest|p2a: Dondozo\n|-status|p2a: Dondozo|slp|[from] move: Rest\n|-heal|p2a: Dondozo|100\/100 slp|[silent]\n|\n|upkeep\n|turn|127\n|\n|t:|1699613611\n|switch|p2a: Eternatus|Eternatus|88\/100\n|-damage|p2a: Eternatus|63\/100|[from] Spikes\n|-ability|p2a: Eternatus|Pressure\n|move|p1a: Skeledirge|Hex|p2a: Eternatus\n|-damage|p2a: Eternatus|48\/100\n|\n|-heal|p2a: Eternatus|54\/100|[from] item: Leftovers\n|upkeep\n|turn|128\n|\n|t:|1699613621\n|switch|p1a: Koraidon|Koraidon, tera:Fire|35\/100\n|-weather|SunnyDay|[from] ability: Orichalcum Pulse|[of] p1a: Koraidon\n|-activate|p1a: Koraidon|Orichalcum Pulse|[source]\n|move|p2a: Eternatus|Substitute|p2a: Eternatus\n|-start|p2a: Eternatus|Substitute\n|-damage|p2a: Eternatus|29\/100\n|\n|-weather|SunnyDay|[upkeep]\n|-heal|p2a: Eternatus|35\/100|[from] item: Leftovers\n|upkeep\n|turn|129\n|\n|t:|1699613628\n|move|p1a: Koraidon|U-turn|p2a: Eternatus\n|-resisted|p2a: Eternatus\n|-activate|p2a: Eternatus|move: Substitute|[damage]\n|\n|t:|1699613630\n|switch|p1a: Clodsire|Clodsire, M|81\/100 brn|[from] U-turn\n|move|p2a: Eternatus|Toxic||[still]\n|-fail|p2a: Eternatus\n|\n|-weather|SunnyDay|[upkeep]\n|-heal|p2a: Eternatus|41\/100|[from] item: Leftovers\n|-heal|p1a: Clodsire|87\/100 brn|[from] item: Leftovers\n|-damage|p1a: Clodsire|81\/100 brn|[from] brn\n|upkeep\n|turn|130\n|\n|t:|1699613633\n|switch|p1a: Kyogre|Kyogre|95\/100\n|-weather|RainDance|[from] ability: Drizzle|[of] p1a: Kyogre\n|move|p2a: Eternatus|Recover|p2a: Eternatus\n|-heal|p2a: Eternatus|91\/100\n|\n|-weather|RainDance|[upkeep]\n|-heal|p2a: Eternatus|98\/100|[from] item: Leftovers\n|upkeep\n|turn|131\n|\n|t:|1699613636\n|switch|p1a: Arceus|Arceus-Fairy|82\/100 tox\n|move|p2a: Eternatus|Toxic|p1a: Arceus\n|-fail|p1a: Arceus|tox\n|\n|-weather|RainDance|[upkeep]\n|-heal|p2a: Eternatus|100\/100|[from] item: Leftovers\n|-damage|p1a: Arceus|76\/100 tox|[from] psn\n|upkeep\n|turn|132\n|\n|t:|1699613641\n|move|p2a: Eternatus|Toxic|p1a: Arceus\n|-fail|p1a: Arceus|tox\n|move|p1a: Arceus|Taunt|p2a: Eternatus\n|-start|p2a: Eternatus|move: Taunt\n|\n|-weather|RainDance|[upkeep]\n|-damage|p1a: Arceus|64\/100 tox|[from] psn\n|upkeep\n|turn|133\n|\n|t:|1699613654\n|switch|p1a: Clodsire|Clodsire, M|81\/100 brn\n|move|p2a: Eternatus|Flamethrower|p1a: Clodsire\n|-damage|p1a: Clodsire|73\/100 brn\n|\n|-weather|RainDance|[upkeep]\n|-heal|p1a: Clodsire|80\/100 brn|[from] item: Leftovers\n|-damage|p1a: Clodsire|73\/100 brn|[from] brn\n|upkeep\n|turn|134\n|\n|t:|1699613664\n|move|p2a: Eternatus|Flamethrower|p1a: Clodsire\n|-damage|p1a: Clodsire|66\/100 brn\n|move|p1a: Clodsire|Earthquake|p2a: Eternatus\n|-supereffective|p2a: Eternatus\n|-end|p2a: Eternatus|Substitute\n|\n|-weather|none\n|-heal|p1a: Clodsire|72\/100 brn|[from] item: Leftovers\n|-damage|p1a: Clodsire|66\/100 brn|[from] brn\n|upkeep\n|turn|135\n|inactive|1729is56time has 120 seconds left.\n|\n|t:|1699613700\n|move|p2a: Eternatus|Flamethrower|p1a: Clodsire\n|-damage|p1a: Clodsire|52\/100 brn\n|move|p1a: Clodsire|Recover|p1a: Clodsire\n|-heal|p1a: Clodsire|100\/100 brn\n|\n|-damage|p1a: Clodsire|94\/100 brn|[from] brn\n|-end|p2a: Eternatus|move: Taunt\n|upkeep\n|turn|136\n|\n|t:|1699613707\n|switch|p2a: Arceus|Arceus-Fairy, tera:Steel|100\/100\n|-damage|p2a: Arceus|76\/100|[from] Spikes\n|switch|p1a: Arceus|Arceus-Fairy|64\/100 tox\n|\n|-damage|p1a: Arceus|58\/100 tox|[from] psn\n|upkeep\n|turn|137\n|\n|t:|1699613711\n|move|p1a: Arceus|Recover|p1a: Arceus\n|-heal|p1a: Arceus|100\/100 tox\n|move|p2a: Arceus|Judgment|p1a: Arceus\n|-damage|p1a: Arceus|68\/100 tox\n|\n|-damage|p1a: Arceus|56\/100 tox|[from] psn\n|upkeep\n|turn|138\n|\n|t:|1699613716\n|switch|p1a: Skeledirge|Skeledirge, M|100\/100\n|move|p2a: Arceus|Judgment|p1a: Skeledirge\n|-resisted|p1a: Skeledirge\n|-damage|p1a: Skeledirge|73\/100\n|\n|upkeep\n|turn|139\n|inactive|1729is56time has 120 seconds left.\n|\n|t:|1699613722\n|switch|p2a: Giratina|Giratina|39\/100\n|-damage|p2a: Giratina|14\/100|[from] Spikes\n|-ability|p2a: Giratina|Pressure\n|move|p1a: Skeledirge|Will-O-Wisp|p2a: Giratina\n|-status|p2a: Giratina|brn\n|\n|-heal|p2a: Giratina|20\/100 brn|[from] item: Leftovers\n|-damage|p2a: Giratina|14\/100 brn|[from] brn\n|upkeep\n|turn|140\n|l| Dearest Deerling\n|inactive|1729is56time has 120 seconds left.\n|\n|t:|1699613728\n|move|p2a: Giratina|Spite|p1a: Skeledirge\n|-activate|p1a: Skeledirge|move: Spite|Will-O-Wisp|4\n|move|p1a: Skeledirge|Slack Off|p1a: Skeledirge\n|-heal|p1a: Skeledirge|100\/100\n|\n|-heal|p2a: Giratina|20\/100 brn|[from] item: Leftovers\n|-damage|p2a: Giratina|14\/100 brn|[from] brn\n|upkeep\n|turn|141\n|\n|t:|1699613734\n|switch|p1a: Koraidon|Koraidon, tera:Fire|35\/100\n|-weather|SunnyDay|[from] ability: Orichalcum Pulse|[of] p1a: Koraidon\n|-activate|p1a: Koraidon|Orichalcum Pulse|[source]\n|move|p2a: Giratina|Spite||[still]\n|-fail|p2a: Giratina\n|\n|-weather|SunnyDay|[upkeep]\n|-heal|p2a: Giratina|20\/100 brn|[from] item: Leftovers\n|-damage|p2a: Giratina|14\/100 brn|[from] brn\n|upkeep\n|turn|142\n|\n|t:|1699613738\n|move|p2a: Giratina|Protect|p2a: Giratina\n|-singleturn|p2a: Giratina|Protect\n|move|p1a: Koraidon|Dragon Claw|p2a: Giratina\n|-activate|p2a: Giratina|move: Protect\n|\n|-weather|SunnyDay|[upkeep]\n|-heal|p2a: Giratina|20\/100 brn|[from] item: Leftovers\n|-damage|p2a: Giratina|14\/100 brn|[from] brn\n|upkeep\n|turn|143\n|\n|t:|1699613742\n|switch|p2a: Arceus|Arceus-Fairy, tera:Steel|76\/100\n|-damage|p2a: Arceus|51\/100|[from] Spikes\n|move|p1a: Koraidon|Dragon Claw|p2a: Arceus\n|-resisted|p2a: Arceus\n|-damage|p2a: Arceus|36\/100\n|\n|-weather|SunnyDay|[upkeep]\n|upkeep\n|turn|144\n|\n|t:|1699613745\n|switch|p1a: Skeledirge|Skeledirge, M|100\/100\n|move|p2a: Arceus|Recover|p2a: Arceus\n|-heal|p2a: Arceus|86\/100\n|\n|-weather|SunnyDay|[upkeep]\n|upkeep\n|turn|145\n|\n|t:|1699613750\n|switch|p2a: Eternatus|Eternatus|100\/100\n|-damage|p2a: Eternatus|76\/100|[from] Spikes\n|-ability|p2a: Eternatus|Pressure\n|move|p1a: Skeledirge|Torch Song|p2a: Eternatus\n|-resisted|p2a: Eternatus\n|-damage|p2a: Eternatus|62\/100\n|-boost|p1a: Skeledirge|spa|1\n|\n|-weather|none\n|-heal|p2a: Eternatus|68\/100|[from] item: Leftovers\n|upkeep\n|turn|146\n|\n|t:|1699613755\n|move|p2a: Eternatus|Substitute|p2a: Eternatus\n|-start|p2a: Eternatus|Substitute\n|-damage|p2a: Eternatus|43\/100\n|move|p1a: Skeledirge|Will-O-Wisp||[still]\n|-fail|p1a: Skeledirge\n|\n|-heal|p2a: Eternatus|49\/100|[from] item: Leftovers\n|upkeep\n|turn|147\n|\n|t:|1699613769\n|switch|p1a: Arceus|Arceus-Fairy|56\/100 tox\n|move|p2a: Eternatus|Flamethrower|p1a: Arceus\n|-damage|p1a: Arceus|38\/100 tox\n|\n|-heal|p2a: Eternatus|55\/100|[from] item: Leftovers\n|-damage|p1a: Arceus|32\/100 tox|[from] psn\n|upkeep\n|turn|148\n|\n|t:|1699613771\n|move|p2a: Eternatus|Flamethrower|p1a: Arceus\n|-damage|p1a: Arceus|12\/100 tox\n|move|p1a: Arceus|Recover|p1a: Arceus\n|-heal|p1a: Arceus|63\/100 tox\n|\n|-heal|p2a: Eternatus|62\/100|[from] item: Leftovers\n|-damage|p1a: Arceus|50\/100 tox|[from] psn\n|upkeep\n|turn|149\n|\n|t:|1699613775\n|switch|p1a: Clodsire|Clodsire, M|94\/100 brn\n|move|p2a: Eternatus|Toxic||[still]\n|-fail|p2a: Eternatus\n|\n|-heal|p2a: Eternatus|68\/100|[from] item: Leftovers\n|-heal|p1a: Clodsire|100\/100 brn|[from] item: Leftovers\n|-damage|p1a: Clodsire|94\/100 brn|[from] brn\n|upkeep\n|turn|150\n|j| Dearest Deerling\n|\n|t:|1699613789\n|switch|p1a: Giratina|Giratina-Origin|85\/100\n|move|p2a: Eternatus|Toxic|p1a: Giratina\n|-status|p1a: Giratina|tox\n|\n|-heal|p2a: Eternatus|74\/100|[from] item: Leftovers\n|-damage|p1a: Giratina|79\/100 tox|[from] psn\n|upkeep\n|turn|151\n|\n|t:|1699613792\n|switch|p1a: Clodsire|Clodsire, M|94\/100 brn\n|move|p2a: Eternatus|Toxic||[still]\n|-fail|p2a: Eternatus\n|\n|-heal|p2a: Eternatus|80\/100|[from] item: Leftovers\n|-heal|p1a: Clodsire|100\/100 brn|[from] item: Leftovers\n|-damage|p1a: Clodsire|94\/100 brn|[from] brn\n|upkeep\n|turn|152\n|\n|t:|1699613799\n|switch|p1a: Giratina|Giratina-Origin|79\/100 tox\n|move|p2a: Eternatus|Toxic|p1a: Giratina\n|-fail|p1a: Giratina|tox\n|\n|-heal|p2a: Eternatus|87\/100|[from] item: Leftovers\n|-damage|p1a: Giratina|73\/100 tox|[from] psn\n|upkeep\n|turn|153\n|\n|t:|1699613807\n|switch|p1a: Clodsire|Clodsire, M|94\/100 brn\n|move|p2a: Eternatus|Substitute|p2a: Eternatus\n|-fail|p2a: Eternatus|move: Substitute\n|\n|-heal|p2a: Eternatus|93\/100|[from] item: Leftovers\n|-heal|p1a: Clodsire|100\/100 brn|[from] item: Leftovers\n|-damage|p1a: Clodsire|94\/100 brn|[from] brn\n|upkeep\n|turn|154\n|j|%shrang\n|\n|t:|1699613811\n|switch|p1a: Skeledirge|Skeledirge, M|100\/100\n|move|p2a: Eternatus|Substitute|p2a: Eternatus\n|-fail|p2a: Eternatus|move: Substitute\n|\n|-heal|p2a: Eternatus|99\/100|[from] item: Leftovers\n|upkeep\n|turn|155\n|\n|t:|1699613814\n|switch|p1a: Clodsire|Clodsire, M|94\/100 brn\n|move|p2a: Eternatus|Substitute|p2a: Eternatus\n|-fail|p2a: Eternatus|move: Substitute\n|\n|-heal|p2a: Eternatus|100\/100|[from] item: Leftovers\n|-heal|p1a: Clodsire|100\/100 brn|[from] item: Leftovers\n|-damage|p1a: Clodsire|94\/100 brn|[from] brn\n|upkeep\n|turn|156\n|\n|t:|1699613818\n|switch|p1a: Giratina|Giratina-Origin|73\/100 tox\n|move|p2a: Eternatus|Toxic|p1a: Giratina\n|-fail|p1a: Giratina|tox\n|\n|-damage|p1a: Giratina|67\/100 tox|[from] psn\n|upkeep\n|turn|157\n|c| Dearest Deerling|why is it still going on?\n|\n|t:|1699613821\n|switch|p1a: Skeledirge|Skeledirge, M|100\/100\n|move|p2a: Eternatus|Substitute|p2a: Eternatus\n|-fail|p2a: Eternatus|move: Substitute\n|\n|upkeep\n|turn|158\n|c|\u26068142e|he haxxed\n|c|\u26068142e|thats y\n|c|%shrang|my man is trying to stall without hazards\n|\n|t:|1699613827\n|switch|p1a: Clodsire|Clodsire, M|94\/100 brn\n|move|p2a: Eternatus|Substitute|p2a: Eternatus\n|-fail|p2a: Eternatus|move: Substitute\n|\n|-heal|p1a: Clodsire|100\/100 brn|[from] item: Leftovers\n|-damage|p1a: Clodsire|94\/100 brn|[from] brn\n|upkeep\n|turn|159\n|c|%shrang|lol\n|\n|t:|1699613833\n|switch|p1a: Skeledirge|Skeledirge, M|100\/100\n|move|p2a: Eternatus|Toxic|p1a: Skeledirge\n|-status|p1a: Skeledirge|tox\n|\n|-damage|p1a: Skeledirge|94\/100 tox|[from] psn\n|upkeep\n|turn|160\n|c|\u26068142e|choked\n|c| Dearest Deerling|lol\n|\n|t:|1699613840\n|switch|p1a: Clodsire|Clodsire, M|94\/100 brn\n|move|p2a: Eternatus|Substitute|p2a: Eternatus\n|-fail|p2a: Eternatus|move: Substitute\n|\n|-heal|p1a: Clodsire|100\/100 brn|[from] item: Leftovers\n|-damage|p1a: Clodsire|94\/100 brn|[from] brn\n|upkeep\n|turn|161\n|\n|t:|1699613855\n|switch|p2a: Arceus|Arceus-Fairy, tera:Steel|86\/100\n|-damage|p2a: Arceus|61\/100|[from] Spikes\n|switch|p1a: Skeledirge|Skeledirge, M|94\/100 tox\n|\n|-damage|p1a: Skeledirge|88\/100 tox|[from] psn\n|upkeep\n|turn|162\n|\n|t:|1699613869\n|move|p2a: Arceus|Recover|p2a: Arceus\n|-heal|p2a: Arceus|100\/100\n|move|p1a: Skeledirge|Will-O-Wisp|p2a: Arceus\n|-status|p2a: Arceus|brn\n|\n|-damage|p1a: Skeledirge|76\/100 tox|[from] psn\n|-damage|p2a: Arceus|94\/100 brn|[from] brn\n|upkeep\n|turn|163\n|\n|t:|1699613877\n|switch|p2a: Eternatus|Eternatus|100\/100\n|-damage|p2a: Eternatus|76\/100|[from] Spikes\n|-ability|p2a: Eternatus|Pressure\n|switch|p1a: Clodsire|Clodsire, M|94\/100 brn\n|\n|-heal|p2a: Eternatus|82\/100|[from] item: Leftovers\n|-heal|p1a: Clodsire|100\/100 brn|[from] item: Leftovers\n|-damage|p1a: Clodsire|94\/100 brn|[from] brn\n|upkeep\n|turn|164\n|\n|t:|1699613881\n|switch|p2a: Arceus|Arceus-Fairy, tera:Steel|94\/100 brn\n|-damage|p2a: Arceus|70\/100 brn|[from] Spikes\n|switch|p1a: Skeledirge|Skeledirge, M|76\/100 tox\n|\n|-damage|p1a: Skeledirge|70\/100 tox|[from] psn\n|-damage|p2a: Arceus|63\/100 brn|[from] brn\n|upkeep\n|turn|165\n|\n|t:|1699613887\n|switch|p2a: Eternatus|Eternatus|82\/100\n|-damage|p2a: Eternatus|57\/100|[from] Spikes\n|-ability|p2a: Eternatus|Pressure\n|switch|p1a: Koraidon|Koraidon, tera:Fire|35\/100\n|-weather|SunnyDay|[from] ability: Orichalcum Pulse|[of] p1a: Koraidon\n|-activate|p1a: Koraidon|Orichalcum Pulse|[source]\n|\n|-weather|SunnyDay|[upkeep]\n|-heal|p2a: Eternatus|63\/100|[from] item: Leftovers\n|upkeep\n|turn|166\n|\n|t:|1699613893\n|move|p1a: Koraidon|Dragon Claw|p2a: Eternatus\n|-supereffective|p2a: Eternatus\n|-damage|p2a: Eternatus|0 fnt\n|faint|p2a: Eternatus\n|\n|-weather|SunnyDay|[upkeep]\n|upkeep\n|\n|t:|1699613895\n|switch|p2a: Arceus|Arceus-Fairy, tera:Steel|63\/100 brn\n|-damage|p2a: Arceus|39\/100 brn|[from] Spikes\n|turn|167\n|c|\u26068142e|bg\n|c|\u26061729is56time|GG\n|c|\u26068142e|haxx helped u\n|\n|t:|1699613905\n|switch|p1a: Kyogre|Kyogre|95\/100\n|-weather|RainDance|[from] ability: Drizzle|[of] p1a: Kyogre\n|move|p2a: Arceus|Recover|p2a: Arceus\n|-heal|p2a: Arceus|89\/100 brn\n|\n|-weather|RainDance|[upkeep]\n|-damage|p2a: Arceus|83\/100 brn|[from] brn\n|upkeep\n|turn|168\n|c|\u26068142e|noob\n|-message|8142e forfeited.\n|\n|win|1729is56time\n|n|\u26061729is56time|1729is56time\n|n|\u26068142e|8142e\n|n| ult4cp staller|ult4cpstaller\n|n| rookierobbie|rookierobbie\n|n| Dearest Deerling|dearestdeerling\n|n| shrang|shrang\n","uploadtime":1699613914,"views":12,"p1id":"1729is56time","p2id":"8142e","formatid":"gen9ubers","rating":0,"private":0,"password":""}