{"id":"gen9ubers-1975045594","p1":"tinstinira","p2":"kimmmmmmm66","format":"[Gen 9] Ubers","log":"|j|\u2606tinstinira\n|j|\u2606kimmmmmmm66\n|t:|1698157606\n|gametype|singles\n|player|p1|tinstinira|parasollady-gen4|1049\n|player|p2|kimmmmmmm66|102|1146\n|teamsize|p1|6\n|teamsize|p2|6\n|gen|9\n|tier|[Gen 9] Ubers\n|rated|\n|rule|Sleep Clause Mod: Limit one foe put to sleep\n|rule|Species Clause: Limit one of each Pok\u00e9mon\n|rule|OHKO Clause: OHKO moves are banned\n|rule|Evasion Items Clause: Evasion items are banned\n|rule|Evasion Moves Clause: Evasion moves are banned\n|rule|Endless Battle Clause: Forcing endless battles is banned\n|rule|HP Percentage Mod: HP is shown in percentages\n|clearpoke\n|poke|p1|Giratina-Origin|\n|poke|p1|Miraidon|\n|poke|p1|Koraidon|\n|poke|p1|Ribombee, M|\n|poke|p1|Zacian-*|\n|poke|p1|Great Tusk|\n|poke|p2|Quaquaval, M|\n|poke|p2|Dragapult, M|\n|poke|p2|Espeon, M|\n|poke|p2|Glimmora, F|\n|poke|p2|Ogerpon-Hearthflame, F|\n|poke|p2|Sinistcha|\n|teampreview\n|inactive|Battle timer is ON: inactive players will automatically lose when time's up. (requested by kimmmmmmm66)\n|\n|t:|1698157618\n|start\n|switch|p1a: Great Tusk|Great Tusk|100\/100\n|switch|p2a: Dragapult|Dragapult, M|100\/100\n|turn|1\n|\n|t:|1698157625\n|move|p2a: Dragapult|U-turn|p1a: Great Tusk\n|-resisted|p1a: Great Tusk\n|-damage|p1a: Great Tusk|94\/100\n|\n|t:|1698157630\n|switch|p2a: Espeon|Espeon, M|100\/100|[from] U-turn\n|move|p1a: Great Tusk|Ice Spinner|p2a: Espeon\n|-damage|p2a: Espeon|51\/100\n|\n|upkeep\n|turn|2\n|\n|t:|1698157638\n|-end|p1a: Great Tusk|Protosynthesis|[silent]\n|switch|p1a: Zacian|Zacian-Crowned|100\/100\n|-ability|p1a: Zacian|Intrepid Sword|boost\n|-boost|p1a: Zacian|atk|1\n|move|p2a: Espeon|Psychic|p1a: Zacian\n|-resisted|p1a: Zacian\n|-damage|p1a: Zacian|78\/100\n|\n|upkeep\n|turn|3\n|\n|t:|1698157646\n|switch|p2a: Glimmora|Glimmora, F|100\/100\n|move|p1a: Zacian|Behemoth Blade|p2a: Glimmora\n|-supereffective|p2a: Glimmora\n|-damage|p2a: Glimmora|0 fnt\n|-damage|p1a: Zacian|61\/100|[from] item: Rocky Helmet|[of] p2a: Glimmora\n|-activate|p2a: Glimmora|ability: Toxic Debris\n|-sidestart|p1: tinstinira|move: Toxic Spikes\n|faint|p2a: Glimmora\n|\n|upkeep\n|\n|t:|1698157657\n|switch|p2a: Ogerpon|Ogerpon-Hearthflame, F|100\/100\n|-ability|p2a: Ogerpon|Mold Breaker\n|turn|4\n|\n|t:|1698157663\n|move|p1a: Zacian|Close Combat|p2a: Ogerpon\n|-damage|p2a: Ogerpon|6\/100\n|-unboost|p1a: Zacian|def|1\n|-unboost|p1a: Zacian|spd|1\n|move|p2a: Ogerpon|Ivy Cudgel|p1a: Zacian\n|-supereffective|p1a: Zacian\n|-crit|p1a: Zacian\n|-damage|p1a: Zacian|0 fnt\n|faint|p1a: Zacian\n|\n|upkeep\n|\n|t:|1698157675\n|switch|p1a: Giratina|Giratina-Origin|100\/100\n|turn|5\n|\n|t:|1698157680\n|switch|p2a: Espeon|Espeon, M|51\/100\n|move|p1a: Giratina|Shadow Sneak|p2a: Espeon\n|-supereffective|p2a: Espeon\n|-damage|p2a: Espeon|0 fnt\n|faint|p2a: Espeon\n|\n|upkeep\n|\n|t:|1698157692\n|switch|p2a: Dragapult|Dragapult, M|100\/100\n|turn|6\n|\n|t:|1698157705\n|-terastallize|p1a: Giratina|Fairy\n|move|p2a: Dragapult|Dragon Darts|p1a: Giratina\n|-immune|p1a: Giratina\n|move|p1a: Giratina|Shadow Ball|p2a: Dragapult\n|-supereffective|p2a: Dragapult\n|-damage|p2a: Dragapult|0 fnt\n|faint|p2a: Dragapult\n|\n|upkeep\n|\n|t:|1698157716\n|switch|p2a: Sinistcha|Sinistcha|100\/100\n|turn|7\n|\n|t:|1698157719\n|move|p1a: Giratina|Shadow Ball|p2a: Sinistcha\n|-supereffective|p2a: Sinistcha\n|-damage|p2a: Sinistcha|0 fnt\n|faint|p2a: Sinistcha\n|\n|upkeep\n|-message|kimmmmmmm66 forfeited.\n|\n|win|tinstinira\n|raw|tinstinira's rating: 1049 &rarr; <strong>1091<\/strong><br \/>(+42 for winning)\n|raw|kimmmmmmm66's rating: 1146 &rarr; <strong>1114<\/strong><br \/>(-32 for losing)\n|l|\u2606kimmmmmmm66\n","uploadtime":1698157728,"views":9,"p1id":"tinstinira","p2id":"kimmmmmmm66","formatid":"gen9ubers","rating":1091,"private":0,"password":""}