{"id":"gen9ubers-1992450324","p1":"So Threatening","p2":"Holiss77","format":"[Gen 9] Ubers","log":"|j|\u2606So Threatening\n|j|\u2606Holiss77\n|t:|1700189064\n|gametype|singles\n|player|p1|So Threatening|caitlin|\n|player|p2|Holiss77|lucas|\n|teamsize|p1|6\n|teamsize|p2|6\n|gen|9\n|tier|[Gen 9] Ubers\n|rule|Sleep Clause Mod: Limit one foe put to sleep\n|rule|Species Clause: Limit one of each Pok\u00e9mon\n|rule|OHKO Clause: OHKO moves are banned\n|rule|Evasion Items Clause: Evasion items are banned\n|rule|Evasion Moves Clause: Evasion moves are banned\n|rule|Endless Battle Clause: Forcing endless battles is banned\n|rule|HP Percentage Mod: HP is shown in percentages\n|clearpoke\n|poke|p1|Zamazenta-*|\n|poke|p1|Sandy Shocks|\n|poke|p1|Wo-Chien|\n|poke|p1|Alomomola, F|\n|poke|p1|Talonflame, M|\n|poke|p1|Fezandipiti, M|\n|poke|p2|Ninetales, F|\n|poke|p2|Roaring Moon|\n|poke|p2|Electrode-Hisui|\n|poke|p2|Donphan, F|\n|poke|p2|Ogerpon-Hearthflame, F|\n|poke|p2|Shiftry, M|\n|teampreview\n|c|\u2606So Threatening|glhf\n|j| BPLD\n|c|\u2606Holiss77|Glhf\n|j| TheOtakuOutcast\n|\n|t:|1700189097\n|start\n|switch|p1a: SANDY CROCS|Sandy Shocks|100\/100\n|switch|p2a: MadCueBall|Electrode-Hisui, shiny|100\/100\n|turn|1\n|\n|t:|1700189109\n|-end|p1a: SANDY CROCS|Protosynthesis|[silent]\n|switch|p1a: WOAH|Wo-Chien|100\/100\n|-ability|p1a: WOAH|Tablets of Ruin\n|move|p2a: MadCueBall|Giga Drain|p1a: WOAH\n|-resisted|p1a: WOAH\n|-damage|p1a: WOAH|89\/100\n|\n|-heal|p1a: WOAH|95\/100|[from] item: Leftovers\n|upkeep\n|turn|2\n|\n|t:|1700189115\n|move|p2a: MadCueBall|Thunder Wave|p1a: WOAH\n|-status|p1a: WOAH|par\n|cant|p1a: WOAH|par\n|\n|-heal|p1a: WOAH|100\/100 par|[from] item: Leftovers\n|upkeep\n|turn|3\n|\n|t:|1700189121\n|move|p2a: MadCueBall|Volt Switch|p1a: WOAH\n|-resisted|p1a: WOAH\n|-damage|p1a: WOAH|90\/100 par\n|\n|t:|1700189126\n|switch|p2a: DemonBack|Ogerpon-Hearthflame, F|100\/100|[from] Volt Switch\n|-ability|p2a: DemonBack|Mold Breaker\n|move|p1a: WOAH|Knock Off|p2a: DemonBack\n|-damage|p2a: DemonBack|81\/100\n|\n|-heal|p1a: WOAH|96\/100 par|[from] item: Leftovers\n|upkeep\n|turn|4\n|c|\u2606So Threatening|oh god\n|c| BPLD|LOL\n|c| BPLD|Skip the foreplay\n|c| BPLD|go right in\n|c|\u2606So Threatening|sun isnt even up\n|\n|t:|1700189171\n|switch|p2a: Okami|Ninetales, F, shiny|100\/100\n|-weather|SunnyDay|[from] ability: Drought|[of] p2a: Okami\n|cant|p1a: WOAH|par\n|\n|-weather|SunnyDay|[upkeep]\n|-heal|p1a: WOAH|100\/100 par|[from] item: Leftovers\n|upkeep\n|turn|5\n|c|\u2606So Threatening|lets talk about this\n|c| BPLD|QT our here pleading for his life\n|\n|t:|1700189195\n|-terastallize|p1a: WOAH|Poison\n|move|p2a: Okami|Flamethrower|p1a: WOAH\n|-damage|p1a: WOAH|67\/100 par\n|move|p1a: WOAH|Knock Off|p2a: Okami\n|-damage|p2a: Okami|53\/100\n|-enditem|p2a: Okami|Heavy-Duty Boots|[from] move: Knock Off|[of] p1a: WOAH\n|\n|-weather|SunnyDay|[upkeep]\n|-heal|p1a: WOAH|73\/100 par|[from] item: Leftovers\n|upkeep\n|turn|6\n|j| PorygonTheBot\n|c| PorygonTheBot|Porygon has digitized into the match... booting up... successfully calibrating stats!\n|\n|t:|1700189208\n|move|p2a: Okami|Flamethrower|p1a: WOAH\n|-damage|p1a: WOAH|34\/100 par\n|cant|p1a: WOAH|par\n|\n|-weather|SunnyDay|[upkeep]\n|-heal|p1a: WOAH|40\/100 par|[from] item: Leftovers\n|upkeep\n|turn|7\n|\n|t:|1700189219\n|move|p2a: Okami|Flamethrower|p1a: WOAH\n|-damage|p1a: WOAH|7\/100 par\n|cant|p1a: WOAH|par\n|\n|-weather|SunnyDay|[upkeep]\n|-heal|p1a: WOAH|13\/100 par|[from] item: Leftovers\n|upkeep\n|turn|8\n|c|\u2606So Threatening|yo\n|\n|t:|1700189234\n|switch|p1a: Aloe Vera|Alomomola, F|100\/100\n|move|p2a: Okami|Shadow Ball|p1a: Aloe Vera\n|-damage|p1a: Aloe Vera|76\/100\n|\n|-weather|none\n|upkeep\n|turn|9\n|j| nedgyman\n|l| nedgyman\n|\n|t:|1700189249\n|switch|p2a: MadCueBall|Electrode-Hisui, shiny|100\/100\n|move|p1a: Aloe Vera|Wish|p1a: Aloe Vera\n|\n|upkeep\n|turn|10\n|\n|t:|1700189276\n|switch|p1a: SANDY CROCS|Sandy Shocks|100\/100\n|move|p2a: MadCueBall|Volt Switch|p1a: SANDY CROCS\n|-immune|p1a: SANDY CROCS\n|\n|upkeep\n|turn|11\n|\n|t:|1700189281\n|move|p1a: SANDY CROCS|Stealth Rock|p2a: MadCueBall\n|-sidestart|p2: Holiss77|move: Stealth Rock\n|move|p2a: MadCueBall|Giga Drain|p1a: SANDY CROCS\n|-supereffective|p1a: SANDY CROCS\n|-damage|p1a: SANDY CROCS|29\/100\n|\n|upkeep\n|turn|12\n|j| nedgyman\n|\n|t:|1700189287\n|-end|p1a: SANDY CROCS|Protosynthesis|[silent]\n|switch|p1a: Dipendeez|Fezandipiti, M|100\/100\n|-item|p1a: Dipendeez|Air Balloon\n|move|p2a: MadCueBall|Giga Drain|p1a: Dipendeez\n|-resisted|p1a: Dipendeez\n|-damage|p1a: Dipendeez|90\/100\n|-enditem|p1a: Dipendeez|Air Balloon\n|\n|upkeep\n|turn|13\n|\n|t:|1700189293\n|switch|p2a: Belowaverage Tusks|Donphan, F, shiny|100\/100\n|-damage|p2a: Belowaverage Tusks|94\/100|[from] Stealth Rock\n|switch|p1a: WOAH|Wo-Chien, tera:Poison|13\/100 par\n|-ability|p1a: WOAH|Tablets of Ruin\n|\n|-heal|p1a: WOAH|19\/100 par|[from] item: Leftovers\n|upkeep\n|turn|14\n|\n|t:|1700189304\n|switch|p1a: Aloe Vera|Alomomola, F|100\/100\n|move|p2a: Belowaverage Tusks|Rapid Spin|p1a: Aloe Vera\n|-damage|p1a: Aloe Vera|91\/100\n|-boost|p2a: Belowaverage Tusks|spe|1\n|-damage|p2a: Belowaverage Tusks|78\/100|[from] item: Rocky Helmet|[of] p1a: Aloe Vera\n|-sideend|p2: Holiss77|Stealth Rock|[from] move: Rapid Spin|[of] p2a: Belowaverage Tusks\n|\n|upkeep\n|turn|15\n|j| Seior\n|\n|t:|1700189311\n|switch|p2a: MadCueBall|Electrode-Hisui, shiny|100\/100\n|move|p1a: Aloe Vera|Wish|p1a: Aloe Vera\n|\n|upkeep\n|turn|16\n|\n|t:|1700189319\n|switch|p1a: Dipendeez|Fezandipiti, M|90\/100\n|move|p2a: MadCueBall|Volt Switch|p1a: Dipendeez\n|-damage|p1a: Dipendeez|68\/100\n|\n|t:|1700189330\n|switch|p2a: Roaring 737|Roaring Moon|100\/100|[from] Volt Switch\n|\n|-heal|p1a: Dipendeez|100\/100|[from] move: Wish|[wisher] Aloe Vera\n|upkeep\n|turn|17\n|\n|t:|1700189347\n|switch|p1a: Aloe Vera|Alomomola, F|100\/100\n|move|p2a: Roaring 737|Dragon Dance|p2a: Roaring 737\n|-boost|p2a: Roaring 737|atk|1\n|-boost|p2a: Roaring 737|spe|1\n|\n|upkeep\n|turn|18\n|\n|t:|1700189362\n|move|p2a: Roaring 737|Knock Off|p1a: Aloe Vera\n|-damage|p1a: Aloe Vera|61\/100\n|-damage|p2a: Roaring 737|84\/100|[from] item: Rocky Helmet|[of] p1a: Aloe Vera\n|-enditem|p1a: Aloe Vera|Rocky Helmet|[from] move: Knock Off|[of] p2a: Roaring 737\n|move|p1a: Aloe Vera|Scald|p2a: Roaring 737\n|-resisted|p2a: Roaring 737\n|-damage|p2a: Roaring 737|78\/100\n|\n|upkeep\n|turn|19\n|\n|t:|1700189371\n|-end|p2a: Roaring 737|Protosynthesis|[silent]\n|switch|p2a: MadCueBall|Electrode-Hisui, shiny|100\/100\n|move|p1a: Aloe Vera|Scald|p2a: MadCueBall\n|-resisted|p2a: MadCueBall\n|-damage|p2a: MadCueBall|91\/100\n|\n|upkeep\n|turn|20\n|\n|t:|1700189381\n|switch|p1a: WOAH|Wo-Chien, tera:Poison|19\/100 par\n|-ability|p1a: WOAH|Tablets of Ruin\n|move|p2a: MadCueBall|Volt Switch|p1a: WOAH\n|-damage|p1a: WOAH|0 fnt\n|faint|p1a: WOAH\n|\n|t:|1700189398\n|switch|p2a: Okami|Ninetales, F, shiny|53\/100|[from] Volt Switch\n|-weather|SunnyDay|[from] ability: Drought|[of] p2a: Okami\n|\n|-weather|SunnyDay|[upkeep]\n|upkeep\n|\n|t:|1700189401\n|switch|p1a: SANDY CROCS|Sandy Shocks|29\/100\n|-activate|p1a: SANDY CROCS|ability: Protosynthesis\n|-start|p1a: SANDY CROCS|protosynthesisspa\n|turn|21\n|\n|t:|1700189411\n|switch|p2a: Belowaverage Tusks|Donphan, F, shiny|78\/100\n|move|p1a: SANDY CROCS|Volt Switch|p2a: Belowaverage Tusks\n|-immune|p2a: Belowaverage Tusks\n|\n|-weather|SunnyDay|[upkeep]\n|upkeep\n|turn|22\n|\n|t:|1700189420\n|-end|p1a: SANDY CROCS|Protosynthesis|[silent]\n|switch|p1a: Aloe Vera|Alomomola, F|94\/100\n|switch|p2a: Kozuki|Shiftry, M|100\/100\n|\n|-weather|SunnyDay|[upkeep]\n|upkeep\n|turn|23\n|\n|t:|1700189429\n|switch|p1a: Dipendeez|Fezandipiti, M|100\/100\n|move|p2a: Kozuki|Growth|p2a: Kozuki\n|-boost|p2a: Kozuki|atk|2\n|-boost|p2a: Kozuki|spa|2\n|\n|-weather|SunnyDay|[upkeep]\n|upkeep\n|turn|24\n|\n|t:|1700189438\n|move|p2a: Kozuki|Weather Ball|p1a: Dipendeez\n|-damage|p1a: Dipendeez|44\/100\n|move|p1a: Dipendeez|U-turn|p2a: Kozuki\n|-supereffective|p2a: Kozuki\n|-enditem|p2a: Kozuki|Focus Sash\n|-damage|p2a: Kozuki|1\/100\n|\n|t:|1700189447\n|switch|p1a: I am Speed|Talonflame, M|100\/100|[from] U-turn\n|\n|-weather|none\n|upkeep\n|turn|25\n|\n|t:|1700189461\n|move|p1a: I am Speed|U-turn|p2a: Kozuki\n|-supereffective|p2a: Kozuki\n|-crit|p2a: Kozuki\n|-damage|p2a: Kozuki|0 fnt\n|faint|p2a: Kozuki\n|\n|t:|1700189465\n|switch|p1a: SANDY CROCS|Sandy Shocks|29\/100|[from] U-turn\n|\n|upkeep\n|\n|t:|1700189473\n|switch|p2a: MadCueBall|Electrode-Hisui, shiny|91\/100\n|turn|26\n|\n|t:|1700189487\n|move|p1a: SANDY CROCS|Earth Power|p2a: MadCueBall\n|-damage|p2a: MadCueBall|20\/100\n|move|p2a: MadCueBall|Giga Drain|p1a: SANDY CROCS\n|-supereffective|p1a: SANDY CROCS\n|-damage|p1a: SANDY CROCS|0 fnt\n|-heal|p2a: MadCueBall|40\/100|[from] drain|[of] p1a: SANDY CROCS\n|faint|p1a: SANDY CROCS\n|-end|p1a: SANDY CROCS|Protosynthesis|[silent]\n|\n|upkeep\n|\n|t:|1700189493\n|switch|p1a: I am Speed|Talonflame, M|100\/100\n|turn|27\n|\n|t:|1700189499\n|switch|p2a: Belowaverage Tusks|Donphan, F, shiny|78\/100\n|move|p1a: I am Speed|Brave Bird|p2a: Belowaverage Tusks\n|-damage|p2a: Belowaverage Tusks|39\/100\n|-damage|p1a: I am Speed|89\/100|[from] Recoil\n|\n|upkeep\n|turn|28\n|\n|t:|1700189508\n|switch|p1a: Aloe Vera|Alomomola, F|100\/100\n|switch|p2a: Okami|Ninetales, F, shiny|53\/100\n|-weather|SunnyDay|[from] ability: Drought|[of] p2a: Okami\n|\n|-weather|SunnyDay|[upkeep]\n|upkeep\n|turn|29\n|\n|t:|1700189523\n|switch|p2a: MadCueBall|Electrode-Hisui, shiny|40\/100\n|move|p1a: Aloe Vera|Wish|p1a: Aloe Vera\n|\n|-weather|SunnyDay|[upkeep]\n|upkeep\n|turn|30\n|\n|t:|1700189535\n|move|p2a: MadCueBall|Thunder Wave|p1a: Aloe Vera\n|-status|p1a: Aloe Vera|par\n|move|p1a: Aloe Vera|Flip Turn|p2a: MadCueBall\n|-resisted|p2a: MadCueBall\n|-damage|p2a: MadCueBall|33\/100\n|\n|t:|1700189541\n|switch|p1a: Dipendeez|Fezandipiti, M|44\/100|[from] Flip Turn\n|\n|-weather|SunnyDay|[upkeep]\n|-heal|p1a: Dipendeez|100\/100|[from] move: Wish|[wisher] Aloe Vera\n|upkeep\n|turn|31\n|\n|t:|1700189546\n|move|p2a: MadCueBall|Volt Switch|p1a: Dipendeez\n|-damage|p1a: Dipendeez|80\/100\n|\n|t:|1700189549\n|switch|p2a: Belowaverage Tusks|Donphan, F, shiny|39\/100|[from] Volt Switch\n|move|p1a: Dipendeez|U-turn|p2a: Belowaverage Tusks\n|-damage|p2a: Belowaverage Tusks|29\/100\n|\n|t:|1700189553\n|switch|p1a: Aloe Vera|Alomomola, F|100\/100 par|[from] U-turn\n|\n|-weather|SunnyDay|[upkeep]\n|upkeep\n|turn|32\n|\n|t:|1700189574\n|switch|p2a: DemonBack|Ogerpon-Hearthflame, F|81\/100\n|-ability|p2a: DemonBack|Mold Breaker\n|move|p1a: Aloe Vera|Safeguard|p1a: Aloe Vera\n|-sidestart|p1: So Threatening|Safeguard\n|\n|-weather|none\n|upkeep\n|turn|33\n|\n|t:|1700189583\n|move|p2a: DemonBack|Swords Dance|p2a: DemonBack\n|-boost|p2a: DemonBack|atk|2\n|cant|p1a: Aloe Vera|par\n|\n|upkeep\n|turn|34\n|\n|t:|1700189592\n|move|p2a: DemonBack|Trailblaze|p1a: Aloe Vera\n|-supereffective|p1a: Aloe Vera\n|-damage|p1a: Aloe Vera|48\/100 par\n|-boost|p2a: DemonBack|spe|1\n|cant|p1a: Aloe Vera|par\n|\n|upkeep\n|turn|35\n|c|\u2606So Threatening|sigh\n|\n|t:|1700189601\n|move|p2a: DemonBack|Horn Leech|p1a: Aloe Vera\n|-supereffective|p1a: Aloe Vera\n|-damage|p1a: Aloe Vera|0 fnt\n|-heal|p2a: DemonBack|100\/100|[from] drain|[of] p1a: Aloe Vera\n|faint|p1a: Aloe Vera\n|\n|upkeep\n|\n|t:|1700189603\n|switch|p1a: I am Speed|Talonflame, M|89\/100\n|turn|36\n|\n|t:|1700189609\n|move|p2a: DemonBack|Ivy Cudgel|p1a: I am Speed|[anim] Ivy Cudgel Fire\n|-resisted|p1a: I am Speed\n|-damage|p1a: I am Speed|32\/100\n|move|p1a: I am Speed|Brave Bird|p2a: DemonBack\n|-supereffective|p2a: DemonBack\n|-damage|p2a: DemonBack|3\/100\n|-damage|p1a: I am Speed|5\/100|[from] Recoil\n|\n|-sideend|p1: So Threatening|Safeguard\n|upkeep\n|turn|37\n|\n|t:|1700189622\n|move|p2a: DemonBack|Ivy Cudgel|p1a: I am Speed|[anim] Ivy Cudgel Fire\n|-resisted|p1a: I am Speed\n|-damage|p1a: I am Speed|0 fnt\n|faint|p1a: I am Speed\n|\n|upkeep\n|\n|t:|1700189624\n|switch|p1a: No Ghosts?|Zamazenta-Crowned|100\/100\n|-ability|p1a: No Ghosts?|Dauntless Shield|boost\n|-boost|p1a: No Ghosts?|def|1\n|turn|38\n|\n|t:|1700189630\n|move|p2a: DemonBack|Ivy Cudgel|p1a: No Ghosts?|[anim] Ivy Cudgel Fire\n|-supereffective|p1a: No Ghosts?\n|-damage|p1a: No Ghosts?|15\/100\n|move|p1a: No Ghosts?|Body Press|p2a: DemonBack\n|-damage|p2a: DemonBack|0 fnt\n|faint|p2a: DemonBack\n|\n|upkeep\n|\n|t:|1700189639\n|switch|p2a: MadCueBall|Electrode-Hisui, shiny|33\/100\n|turn|39\n|\n|t:|1700189645\n|move|p2a: MadCueBall|Volt Switch|p1a: No Ghosts?\n|-crit|p1a: No Ghosts?\n|-damage|p1a: No Ghosts?|0 fnt\n|faint|p1a: No Ghosts?\n|\n|t:|1700189651\n|switch|p2a: Roaring 737|Roaring Moon|78\/100|[from] Volt Switch\n|\n|upkeep\n|\n|t:|1700189653\n|switch|p1a: Dipendeez|Fezandipiti, M|80\/100\n|turn|40\n|\n|t:|1700189659\n|move|p2a: Roaring 737|Earthquake|p1a: Dipendeez\n|-supereffective|p1a: Dipendeez\n|-damage|p1a: Dipendeez|8\/100\n|move|p1a: Dipendeez|Moonblast|p2a: Roaring 737\n|-supereffective|p2a: Roaring 737\n|-enditem|p2a: Roaring 737|Roseli Berry|[eat]\n|-enditem|p2a: Roaring 737|Roseli Berry|[weaken]\n|-damage|p2a: Roaring 737|25\/100\n|-status|p2a: Roaring 737|tox|[from] ability: Toxic Chain|[of] p1a: Dipendeez\n|\n|-damage|p2a: Roaring 737|19\/100 tox|[from] psn\n|upkeep\n|turn|41\n|\n|t:|1700189663\n|move|p2a: Roaring 737|Earthquake|p1a: Dipendeez\n|-supereffective|p1a: Dipendeez\n|-damage|p1a: Dipendeez|0 fnt\n|faint|p1a: Dipendeez\n|\n|win|Holiss77\n|c|\u2606So Threatening|gg\n|l| PorygonTheBot\n|c|\u2606Holiss77|Gg\n","uploadtime":1700189664,"views":24,"p1id":"sothreatening","p2id":"holiss77","formatid":"gen9ubers","rating":0,"private":0,"password":""}