{"id":"gen9ubers-1993230727","p1":"Lillyrosethedemon","p2":"Judgie","format":"[Gen 9] Ubers","log":"|j|\u2606Lillyrosethedemon\n|j|\u2606Judgie\n|t:|1700281313\n|gametype|singles\n|player|p1|Lillyrosethedemon|1|\n|player|p2|Judgie|policeman-gen4|\n|teamsize|p1|6\n|teamsize|p2|6\n|gen|9\n|tier|[Gen 9] Ubers\n|rule|Sleep Clause Mod: Limit one foe put to sleep\n|rule|Species Clause: Limit one of each Pok\u00e9mon\n|rule|OHKO Clause: OHKO moves are banned\n|rule|Evasion Items Clause: Evasion items are banned\n|rule|Evasion Moves Clause: Evasion moves are banned\n|rule|Endless Battle Clause: Forcing endless battles is banned\n|rule|HP Percentage Mod: HP is shown in percentages\n|clearpoke\n|poke|p1|Mamoswine, F|\n|poke|p1|Volcarona, F|\n|poke|p1|Hatterene, F|\n|poke|p1|Tsareena, F|\n|poke|p1|Samurott-Hisui, M|\n|poke|p1|Iron Hands|\n|poke|p2|Roaring Moon|\n|poke|p2|Alomomola, M|\n|poke|p2|Chi-Yu|\n|poke|p2|Ribombee, M|\n|poke|p2|Ogerpon-Cornerstone, F|\n|poke|p2|Gliscor, F|\n|teampreview\n|j| Willish6634\n|j| Judgieiscool\n|l| Judgieiscool\n|j| Graviton Forfeit\n|j| mklgd\n|c| Graviton Forfeit|HERE. WE. GO.\n|j| Kentucky Moonshine\n|c| Willish6634|hurr up\n|c|\u2606Judgie|game time\n|inactive|Battle timer is ON: inactive players will automatically lose when time's up. (requested by Judgie)\n|c| Graviton Forfeit|solo Judgie name is nice\n|c| Graviton Forfeit|Good claim\n|j| ampharosaunt11\n|\n|t:|1700281406\n|start\n|switch|p1a: Iron Hands|Iron Hands|100\/100\n|switch|p2a: Roomba|Ribombee, M|100\/100\n|turn|1\n|c|\u2606Judgie|thanks pal\n|\n|t:|1700281420\n|move|p2a: Roomba|Quiver Dance|p2a: Roomba\n|-boost|p2a: Roomba|spa|1\n|-boost|p2a: Roomba|spd|1\n|-boost|p2a: Roomba|spe|1\n|move|p1a: Iron Hands|Substitute|p1a: Iron Hands\n|-start|p1a: Iron Hands|Substitute\n|-damage|p1a: Iron Hands|76\/100\n|\n|-heal|p1a: Iron Hands|82\/100|[from] item: Leftovers\n|upkeep\n|turn|2\n|\n|t:|1700281430\n|move|p2a: Roomba|Sticky Web|p1a: Iron Hands\n|-sidestart|p1: Lillyrosethedemon|move: Sticky Web\n|move|p1a: Iron Hands|Ice Punch|p2a: Roomba\n|-damage|p2a: Roomba|48\/100\n|\n|-heal|p1a: Iron Hands|88\/100|[from] item: Leftovers\n|upkeep\n|turn|3\n|\n|t:|1700281441\n|move|p2a: Roomba|Bug Buzz|p1a: Iron Hands\n|-resisted|p1a: Iron Hands\n|-damage|p1a: Iron Hands|61\/100\n|move|p1a: Iron Hands|Ice Punch|p2a: Roomba\n|-damage|p2a: Roomba|0 fnt\n|faint|p2a: Roomba\n|\n|-heal|p1a: Iron Hands|67\/100|[from] item: Leftovers\n|upkeep\n|c| Graviton Forfeit|wat\n|c| mklgd|ouch\n|c| Graviton Forfeit|where's the blast\n|c| mklgd|if im judgie this is not where i wanna be 3 turns in jim\n|c| Graviton Forfeit|lmao\n|inactive|Judgie has 270 seconds left.\n|c| Graviton Forfeit|fans wanna see a moonblast there\n|\n|t:|1700281485\n|switch|p2a: Vamp|Gliscor, F, shiny|100\/100\n|turn|4\n|\n|t:|1700281493\n|-terastallize|p1a: Iron Hands|Flying\n|move|p2a: Vamp|Protect|p2a: Vamp\n|-singleturn|p2a: Vamp|Protect\n|move|p1a: Iron Hands|Swords Dance|p1a: Iron Hands\n|-boost|p1a: Iron Hands|atk|2\n|\n|-heal|p1a: Iron Hands|73\/100|[from] item: Leftovers\n|-status|p2a: Vamp|tox|[from] item: Toxic Orb\n|upkeep\n|turn|5\n|c|\u2606Judgie|uhnoh\n|inactive|Judgie has 270 seconds left.\n|\n|t:|1700281518\n|move|p2a: Vamp|U-turn|p1a: Iron Hands\n|-resisted|p1a: Iron Hands\n|-activate|p1a: Iron Hands|move: Substitute|[damage]\n|\n|t:|1700281521\n|switch|p2a: Pizza|Alomomola, M|100\/100|[from] U-turn\n|move|p1a: Iron Hands|Ice Punch|p2a: Pizza\n|-resisted|p2a: Pizza\n|-damage|p2a: Pizza|86\/100\n|\n|-heal|p2a: Pizza|92\/100|[from] item: Leftovers\n|-heal|p1a: Iron Hands|79\/100|[from] item: Leftovers\n|upkeep\n|turn|6\n|\n|t:|1700281533\n|move|p2a: Pizza|Scald|p1a: Iron Hands\n|-activate|p1a: Iron Hands|move: Substitute|[damage]\n|move|p1a: Iron Hands|Swords Dance|p1a: Iron Hands\n|-boost|p1a: Iron Hands|atk|2\n|\n|-heal|p2a: Pizza|98\/100|[from] item: Leftovers\n|-heal|p1a: Iron Hands|85\/100|[from] item: Leftovers\n|upkeep\n|turn|7\n|\n|t:|1700281551\n|move|p2a: Pizza|Scald|p1a: Iron Hands\n|-end|p1a: Iron Hands|Substitute\n|move|p1a: Iron Hands|Substitute|p1a: Iron Hands\n|-start|p1a: Iron Hands|Substitute\n|-damage|p1a: Iron Hands|60\/100\n|\n|-heal|p2a: Pizza|100\/100|[from] item: Leftovers\n|-heal|p1a: Iron Hands|66\/100|[from] item: Leftovers\n|upkeep\n|turn|8\n|\n|t:|1700281561\n|move|p2a: Pizza|Scald|p1a: Iron Hands\n|-activate|p1a: Iron Hands|move: Substitute|[damage]\n|move|p1a: Iron Hands|Drain Punch|p2a: Pizza\n|-damage|p2a: Pizza|36\/100\n|-heal|p1a: Iron Hands|99\/100|[from] drain|[of] p2a: Pizza\n|\n|-heal|p2a: Pizza|42\/100|[from] item: Leftovers\n|-heal|p1a: Iron Hands|100\/100|[from] item: Leftovers\n|upkeep\n|turn|9\n|\n|t:|1700281574\n|move|p2a: Pizza|Scald|p1a: Iron Hands\n|-activate|p1a: Iron Hands|move: Substitute|[damage]\n|move|p1a: Iron Hands|Drain Punch|p2a: Pizza\n|-damage|p2a: Pizza|0 fnt\n|faint|p2a: Pizza\n|\n|upkeep\n|\n|t:|1700281587\n|switch|p2a: Raymundo|Roaring Moon|100\/100\n|-enditem|p2a: Raymundo|Booster Energy\n|-activate|p2a: Raymundo|ability: Protosynthesis|[fromitem]\n|-start|p2a: Raymundo|protosynthesisatk\n|turn|10\n|c| mklgd|crank season\n|\n|t:|1700281599\n|move|p2a: Raymundo|Knock Off|p1a: Iron Hands\n|-end|p1a: Iron Hands|Substitute\n|move|p1a: Iron Hands|Ice Punch|p2a: Raymundo\n|-supereffective|p2a: Raymundo\n|-damage|p2a: Raymundo|0 fnt\n|faint|p2a: Raymundo\n|-end|p2a: Raymundo|Protosynthesis|[silent]\n|\n|upkeep\n|\n|t:|1700281607\n|switch|p2a: Shrek Jr.|Ogerpon-Cornerstone, F|100\/100\n|turn|11\n|\n|t:|1700281614\n|move|p2a: Shrek Jr.|Swords Dance|p2a: Shrek Jr.\n|-boost|p2a: Shrek Jr.|atk|2\n|move|p1a: Iron Hands|Drain Punch|p2a: Shrek Jr.\n|-supereffective|p2a: Shrek Jr.\n|-ability|p2a: Shrek Jr.|Sturdy\n|-damage|p2a: Shrek Jr.|1\/100\n|\n|upkeep\n|turn|12\n|\n|t:|1700281626\n|-terastallize|p2a: Shrek Jr.|Rock\n|detailschange|p2a: Shrek Jr.|Ogerpon-Cornerstone-Tera, F, tera:Rock\n|-ability|p2a: Shrek Jr.|Embody Aspect (Cornerstone)|boost\n|-boost|p2a: Shrek Jr.|def|1\n|move|p2a: Shrek Jr.|Ivy Cudgel|p1a: Iron Hands|[anim] Ivy Cudgel Rock\n|-supereffective|p1a: Iron Hands\n|-damage|p1a: Iron Hands|0 fnt\n|faint|p1a: Iron Hands\n|-end|p1a: Iron Hands|Quark Drive|[silent]\n|\n|upkeep\n|\n|t:|1700281638\n|switch|p1a: Mamoswine|Mamoswine, F|100\/100\n|-activate|p1a: Mamoswine|move: Sticky Web\n|-unboost|p1a: Mamoswine|spe|1\n|turn|13\n|\n|t:|1700281662\n|switch|p2a: Judgie Bomb|Chi-Yu|100\/100\n|-ability|p2a: Judgie Bomb|Beads of Ruin\n|move|p1a: Mamoswine|Ice Shard|p2a: Judgie Bomb\n|-resisted|p2a: Judgie Bomb\n|-damage|p2a: Judgie Bomb|84\/100\n|\n|upkeep\n|turn|14\n|\n|t:|1700281680\n|switch|p1a: Tsareena|Tsareena, F|100\/100\n|-activate|p1a: Tsareena|move: Sticky Web\n|-unboost|p1a: Tsareena|spe|1\n|move|p2a: Judgie Bomb|Overheat|p1a: Tsareena\n|-supereffective|p1a: Tsareena\n|-damage|p1a: Tsareena|0 fnt\n|-unboost|p2a: Judgie Bomb|spa|2\n|faint|p1a: Tsareena\n|-damage|p2a: Judgie Bomb|74\/100|[from] item: Life Orb\n|\n|upkeep\n|\n|t:|1700281691\n|switch|p1a: Volcarona|Volcarona, F|100\/100\n|turn|15\n|\n|t:|1700281700\n|switch|p2a: Vamp|Gliscor, F, shiny|100\/100 tox\n|move|p1a: Volcarona|Quiver Dance|p1a: Volcarona\n|-boost|p1a: Volcarona|spa|1\n|-boost|p1a: Volcarona|spd|1\n|-boost|p1a: Volcarona|spe|1\n|\n|upkeep\n|turn|16\n|\n|t:|1700281709\n|move|p1a: Volcarona|Quiver Dance|p1a: Volcarona\n|-boost|p1a: Volcarona|spa|1\n|-boost|p1a: Volcarona|spd|1\n|-boost|p1a: Volcarona|spe|1\n|move|p2a: Vamp|Toxic|p1a: Volcarona\n|-status|p1a: Volcarona|tox\n|\n|-damage|p1a: Volcarona|94\/100 tox|[from] psn\n|upkeep\n|turn|17\n|\n|t:|1700281719\n|move|p1a: Volcarona|Quiver Dance|p1a: Volcarona\n|-boost|p1a: Volcarona|spa|1\n|-boost|p1a: Volcarona|spd|1\n|-boost|p1a: Volcarona|spe|1\n|move|p2a: Vamp|Earthquake|p1a: Volcarona\n|-damage|p1a: Volcarona|65\/100 tox\n|\n|-damage|p1a: Volcarona|53\/100 tox|[from] psn\n|upkeep\n|turn|18\n|\n|t:|1700281729\n|move|p2a: Vamp|Protect|p2a: Vamp\n|-singleturn|p2a: Vamp|Protect\n|move|p1a: Volcarona|Giga Drain|p2a: Vamp\n|-activate|p2a: Vamp|move: Protect\n|\n|-damage|p1a: Volcarona|34\/100 tox|[from] psn\n|upkeep\n|turn|19\n|\n|t:|1700281738\n|move|p1a: Volcarona|Fiery Dance|p2a: Vamp\n|-damage|p2a: Vamp|0 fnt\n|faint|p2a: Vamp\n|\n|-damage|p1a: Volcarona|10\/100 tox|[from] psn\n|upkeep\n|\n|t:|1700281744\n|switch|p2a: Shrek Jr.|Ogerpon-Cornerstone-Tera, F, tera:Rock|1\/100\n|-ability|p2a: Shrek Jr.|Embody Aspect (Cornerstone)|boost\n|-boost|p2a: Shrek Jr.|def|1\n|turn|20\n|\n|t:|1700281751\n|move|p1a: Volcarona|Giga Drain|p2a: Shrek Jr.\n|-supereffective|p2a: Shrek Jr.\n|-damage|p2a: Shrek Jr.|0 fnt\n|-heal|p1a: Volcarona|10\/100 tox|[from] drain|[of] p2a: Shrek Jr.\n|faint|p2a: Shrek Jr.\n|\n|-damage|p1a: Volcarona|0 fnt|[from] psn\n|faint|p1a: Volcarona\n|upkeep\n|\n|t:|1700281763\n|switch|p2a: Judgie Bomb|Chi-Yu|74\/100\n|switch|p1a: Samurott|Samurott-Hisui, M|100\/100\n|-activate|p1a: Samurott|move: Sticky Web\n|-unboost|p1a: Samurott|spe|1\n|-ability|p2a: Judgie Bomb|Beads of Ruin\n|turn|21\n|\n|t:|1700281773\n|switch|p1a: Hatterene|Hatterene, F|100\/100\n|-activate|p1a: Hatterene|move: Sticky Web\n|-unboost|p1a: Hatterene|spe|1\n|move|p2a: Judgie Bomb|Overheat|p1a: Hatterene\n|-damage|p1a: Hatterene|0 fnt\n|-unboost|p2a: Judgie Bomb|spa|2\n|faint|p1a: Hatterene\n|-damage|p2a: Judgie Bomb|64\/100|[from] item: Life Orb\n|\n|upkeep\n|\n|t:|1700281785\n|switch|p1a: Samurott|Samurott-Hisui, M|100\/100\n|-activate|p1a: Samurott|move: Sticky Web\n|-unboost|p1a: Samurott|spe|1\n|turn|22\n|\n|t:|1700281792\n|move|p2a: Judgie Bomb|Overheat|p1a: Samurott\n|-resisted|p1a: Samurott\n|-damage|p1a: Samurott|54\/100\n|-unboost|p2a: Judgie Bomb|spa|2\n|-damage|p2a: Judgie Bomb|54\/100|[from] item: Life Orb\n|move|p1a: Samurott|Aqua Cutter|p2a: Judgie Bomb\n|-supereffective|p2a: Judgie Bomb\n|-damage|p2a: Judgie Bomb|0 fnt\n|faint|p2a: Judgie Bomb\n|\n|win|Lillyrosethedemon\n|c|\u2606Judgie|ggs\n|c| mklgd|SWEET\n|c| mklgd|CHIN\n|c| mklgd|LIULLY\n|l| Graviton Forfeit\n|l|\u2606Judgie\n|l|\u2606Lillyrosethedemon\n|l| Kentucky Moonshine\n|l| ampharosaunt11\n|l| Willish6634\n|l| mklgd\n|j|\u2606Lillyrosethedemon\n|player|p1|Lillyrosethedemon|1\n|l|\u2606Lillyrosethedemon\n|player|p1|\n|j|\u2606Lillyrosethedemon\n|player|p1|Lillyrosethedemon|1\n","uploadtime":1700281804,"views":34,"p1id":"lillyrosethedemon","p2id":"judgie","formatid":"gen9ubers","rating":0,"private":0,"password":""}