{"id":"gen9ubers-1999649436","p1":"ringlord","p2":"Asher Riyao","format":"[Gen 9] Ubers","log":"|j|\u2606ringlord\n|j|\u2606Asher Riyao\n|t:|1701104506\n|gametype|singles\n|player|p1|ringlord|170|\n|player|p2|Asher Riyao|steven|\n|teamsize|p1|6\n|teamsize|p2|6\n|gen|9\n|tier|[Gen 9] Ubers\n|rated|Tournament battle\n|rule|Sleep Clause Mod: Limit one foe put to sleep\n|rule|Species Clause: Limit one of each Pok\u00e9mon\n|rule|OHKO Clause: OHKO moves are banned\n|rule|Evasion Items Clause: Evasion items are banned\n|rule|Evasion Moves Clause: Evasion moves are banned\n|rule|Endless Battle Clause: Forcing endless battles is banned\n|rule|HP Percentage Mod: HP is shown in percentages\n|clearpoke\n|poke|p1|Arceus-Ground|\n|poke|p1|Regieleki|\n|poke|p1|Ditto|\n|poke|p1|Eternatus|\n|poke|p1|Koraidon|\n|poke|p1|Miraidon|\n|poke|p2|Zacian-*|\n|poke|p2|Baxcalibur, M|\n|poke|p2|Groudon|\n|poke|p2|Darkrai|\n|poke|p2|Giratina|\n|poke|p2|Rayquaza|\n|teampreview\n|inactive|Battle timer is ON: inactive players will automatically lose when time's up. (requested by ringlord)\n|\n|t:|1701104521\n|start\n|switch|p1a: Eternatus|Eternatus|100\/100\n|switch|p2a: Groudon|Groudon, shiny|100\/100\n|-ability|p1a: Eternatus|Pressure\n|-weather|SunnyDay|[from] ability: Drought|[of] p2a: Groudon\n|turn|1\n|\n|t:|1701104525\n|move|p1a: Eternatus|Dynamax Cannon|p2a: Groudon\n|-damage|p2a: Groudon|48\/100\n|-damage|p1a: Eternatus|91\/100|[from] item: Life Orb\n|move|p2a: Groudon|Earthquake|p1a: Eternatus\n|-supereffective|p1a: Eternatus\n|-damage|p1a: Eternatus|15\/100\n|\n|-weather|SunnyDay|[upkeep]\n|-heal|p2a: Groudon|54\/100|[from] item: Leftovers\n|upkeep\n|turn|2\n|inactive|Asher Riyao has 120 seconds left.\n|\n|t:|1701104556\n|move|p1a: Eternatus|Dynamax Cannon|p2a: Groudon\n|-damage|p2a: Groudon|0 fnt\n|faint|p2a: Groudon\n|-damage|p1a: Eternatus|5\/100|[from] item: Life Orb\n|\n|-weather|SunnyDay|[upkeep]\n|upkeep\n|inactive|Asher Riyao has 120 seconds left.\n|\n|t:|1701104564\n|switch|p2a: Rayquaza|Rayquaza, shiny|100\/100\n|-ability|p2a: Rayquaza|Air Lock\n|turn|3\n|\n|t:|1701104580\n|move|p2a: Rayquaza|Extreme Speed|p1a: Eternatus\n|-damage|p1a: Eternatus|0 fnt\n|faint|p1a: Eternatus\n|\n|-weather|SunnyDay|[upkeep]\n|upkeep\n|\n|t:|1701104596\n|switch|p1a: Miraidon|Miraidon|100\/100\n|-fieldstart|move: Electric Terrain|[from] ability: Hadron Engine|[of] p1a: Miraidon\n|turn|4\n|\n|t:|1701104604\n|move|p2a: Rayquaza|Earthquake|p1a: Miraidon\n|-supereffective|p1a: Miraidon\n|-damage|p1a: Miraidon|30\/100\n|move|p1a: Miraidon|Draco Meteor|p2a: Rayquaza\n|-supereffective|p2a: Rayquaza\n|-damage|p2a: Rayquaza|0 fnt\n|-unboost|p1a: Miraidon|spa|2\n|faint|p2a: Rayquaza\n|\n|-weather|SunnyDay|[upkeep]\n|upkeep\n|\n|t:|1701104612\n|switch|p2a: Zacian|Zacian-Crowned, shiny|100\/100\n|-ability|p2a: Zacian|Intrepid Sword|boost\n|-boost|p2a: Zacian|atk|1\n|turn|5\n|j| isoptera\n|\n|t:|1701104642\n|switch|p2a: Giratina|Giratina, shiny|100\/100\n|-ability|p2a: Giratina|Pressure\n|move|p1a: Miraidon|Volt Switch|p2a: Giratina\n|-resisted|p2a: Giratina\n|-crit|p2a: Giratina\n|-damage|p2a: Giratina|75\/100\n|\n|t:|1701104649\n|switch|p1a: Koraidon|Koraidon|100\/100|[from] Volt Switch\n|-activate|p1a: Koraidon|ability: Orichalcum Pulse\n|\n|-weather|none\n|-heal|p2a: Giratina|81\/100|[from] item: Leftovers\n|upkeep\n|turn|6\n|j|+its zxc\u266a\n|\n|t:|1701104659\n|move|p1a: Koraidon|Dragon Claw|p2a: Giratina\n|-supereffective|p2a: Giratina\n|-damage|p2a: Giratina|38\/100\n|move|p2a: Giratina|Will-O-Wisp|p1a: Koraidon\n|-status|p1a: Koraidon|brn\n|\n|-heal|p2a: Giratina|44\/100|[from] item: Leftovers\n|-damage|p1a: Koraidon|94\/100 brn|[from] brn\n|upkeep\n|turn|7\n|\n|t:|1701104665\n|move|p1a: Koraidon|Dragon Claw|p2a: Giratina\n|-supereffective|p2a: Giratina\n|-damage|p2a: Giratina|23\/100\n|move|p2a: Giratina|Rest||[still]\n|-activate|p2a: Giratina|move: Electric Terrain\n|-fail|p2a: Giratina\n|\n|-heal|p2a: Giratina|29\/100|[from] item: Leftovers\n|-damage|p1a: Koraidon|88\/100 brn|[from] brn\n|upkeep\n|turn|8\n|\n|t:|1701104673\n|move|p1a: Koraidon|Dragon Claw|p2a: Giratina\n|-supereffective|p2a: Giratina\n|-damage|p2a: Giratina|8\/100\n|move|p2a: Giratina|Dragon Tail|p1a: Koraidon\n|-supereffective|p1a: Koraidon\n|-damage|p1a: Koraidon|53\/100 brn\n|drag|p1a: Ditto|Ditto|100\/100\n|-transform|p1a: Ditto|p2a: Giratina|[from] ability: Imposter\n|-ability|p1a: Ditto|Pressure\n|\n|-heal|p2a: Giratina|14\/100|[from] item: Leftovers\n|-fieldend|move: Electric Terrain\n|upkeep\n|turn|9\n|\n|t:|1701104695\n|switch|p1a: Miraidon|Miraidon|30\/100\n|-fieldstart|move: Electric Terrain|[from] ability: Hadron Engine|[of] p1a: Miraidon\n|move|p2a: Giratina|Rest||[still]\n|-activate|p2a: Giratina|move: Electric Terrain\n|-fail|p2a: Giratina\n|\n|-heal|p2a: Giratina|20\/100|[from] item: Leftovers\n|upkeep\n|turn|10\n|\n|t:|1701104703\n|move|p1a: Miraidon|Electro Drift|p2a: Giratina\n|-resisted|p2a: Giratina\n|-crit|p2a: Giratina\n|-damage|p2a: Giratina|0 fnt\n|faint|p2a: Giratina\n|\n|upkeep\n|\n|t:|1701104721\n|switch|p2a: Zacian|Zacian-Crowned, shiny|100\/100\n|turn|11\n|\n|t:|1701104729\n|move|p2a: Zacian|Play Rough|p1a: Miraidon\n|-supereffective|p1a: Miraidon\n|-damage|p1a: Miraidon|0 fnt\n|faint|p1a: Miraidon\n|\n|upkeep\n|\n|t:|1701104735\n|switch|p1a: Ditto|Ditto|100\/100\n|-transform|p1a: Ditto|p2a: Zacian|[from] ability: Imposter\n|-ability|p1a: Ditto|Intrepid Sword|boost\n|-boost|p1a: Ditto|atk|1\n|turn|12\n|\n|t:|1701104744\n|-terastallize|p2a: Zacian|Fighting\n|move|p1a: Ditto|Behemoth Blade|p2a: Zacian\n|-damage|p2a: Zacian|14\/100\n|move|p2a: Zacian|Close Combat|p1a: Ditto\n|-damage|p1a: Ditto|35\/100\n|-unboost|p2a: Zacian|def|1\n|-unboost|p2a: Zacian|spd|1\n|\n|upkeep\n|turn|13\n|\n|t:|1701104757\n|move|p1a: Ditto|Behemoth Blade|p2a: Zacian\n|-damage|p2a: Zacian|0 fnt\n|faint|p2a: Zacian\n|\n|-fieldend|move: Electric Terrain\n|upkeep\n|\n|t:|1701104762\n|switch|p2a: Darkrai|Darkrai, shiny|100\/100\n|turn|14\n|\n|t:|1701104772\n|move|p1a: Ditto|Behemoth Blade|p2a: Darkrai\n|-damage|p2a: Darkrai|0 fnt\n|faint|p2a: Darkrai\n|\n|upkeep\n|\n|t:|1701104786\n|switch|p2a: Baxcalibur|Baxcalibur, M, shiny|100\/100\n|turn|15\n|\n|t:|1701104791\n|move|p1a: Ditto|Behemoth Blade|p2a: Baxcalibur\n|-supereffective|p2a: Baxcalibur\n|-damage|p2a: Baxcalibur|0 fnt\n|faint|p2a: Baxcalibur\n|\n|win|ringlord\n|n|\u2606ringlord|ringlord\n|n|\u2606Asher Riyao|asherriyao\n|n| isoptera|isoptera\n|n|+its zxc\u266a|itszxc\n","uploadtime":1701104793,"views":6,"p1id":"ringlord","p2id":"asherriyao","formatid":"gen9ubers","rating":0,"private":0,"password":""}