{"id":"gen9ubers-1978134799","p1":"Lidianimel","p2":"pinner651","format":"[Gen 9] Ubers","log":"|j|\u2606Lidianimel\n|j|\u2606pinner651\n|t:|1698503658\n|gametype|singles\n|player|p1|Lidianimel|101|1024\n|player|p2|pinner651|2|1000\n|teamsize|p1|6\n|teamsize|p2|6\n|gen|9\n|tier|[Gen 9] Ubers\n|rated|\n|rule|Sleep Clause Mod: Limit one foe put to sleep\n|rule|Species Clause: Limit one of each Pok\u00e9mon\n|rule|OHKO Clause: OHKO moves are banned\n|rule|Evasion Items Clause: Evasion items are banned\n|rule|Evasion Moves Clause: Evasion moves are banned\n|rule|Endless Battle Clause: Forcing endless battles is banned\n|rule|HP Percentage Mod: HP is shown in percentages\n|clearpoke\n|poke|p1|Mamoswine, F|\n|poke|p1|Pyroar, M|\n|poke|p1|Toxapex, M|\n|poke|p1|Raichu-Alola, F|\n|poke|p1|Frosmoth, F|\n|poke|p1|Great Tusk|\n|poke|p2|Rayquaza|\n|poke|p2|Zapdos|\n|poke|p2|Greninja-*, M|\n|poke|p2|Kyogre|\n|poke|p2|Zacian-*|\n|poke|p2|Lycanroc-Midnight, F|\n|teampreview\n|\n|t:|1698503664\n|start\n|switch|p1a: Raichu|Raichu-Alola, F|100\/100\n|switch|p2a: Greninja|Greninja, M|100\/100\n|-item|p1a: Raichu|Air Balloon\n|turn|1\n|inactive|Battle timer is ON: inactive players will automatically lose when time's up. (requested by Lidianimel)\n|\n|t:|1698503697\n|switch|p2a: Zacian|Zacian|100\/100\n|-ability|p2a: Zacian|Intrepid Sword|boost\n|-boost|p2a: Zacian|atk|1\n|move|p1a: Raichu|Light Screen|p1a: Raichu\n|-sidestart|p1: Lidianimel|move: Light Screen\n|\n|upkeep\n|turn|2\n|\n|t:|1698503706\n|switch|p1a: Toxapex|Toxapex, M|100\/100\n|-terastallize|p2a: Zacian|Fairy\n|move|p2a: Zacian|Moonblast|p1a: Toxapex\n|-resisted|p1a: Toxapex\n|-damage|p1a: Toxapex|93\/100\n|\n|upkeep\n|turn|3\n|\n|t:|1698503719\n|switch|p2a: Zapdos|Zapdos|100\/100\n|-ability|p2a: Zapdos|Pressure\n|move|p1a: Toxapex|Sludge Bomb|p2a: Zapdos\n|-damage|p2a: Zapdos|67\/100\n|\n|-heal|p2a: Zapdos|73\/100|[from] item: Leftovers\n|upkeep\n|turn|4\n|\n|t:|1698503730\n|switch|p1a: Mamoswine|Mamoswine, F|100\/100\n|move|p2a: Zapdos|Brave Bird|p1a: Mamoswine\n|-damage|p1a: Mamoswine|47\/100\n|-damage|p2a: Zapdos|53\/100|[from] Recoil\n|\n|-heal|p2a: Zapdos|60\/100|[from] item: Leftovers\n|upkeep\n|turn|5\n|\n|t:|1698503742\n|move|p2a: Zapdos|Brave Bird|p1a: Mamoswine\n|-damage|p1a: Mamoswine|0 fnt\n|faint|p1a: Mamoswine\n|-damage|p2a: Zapdos|42\/100|[from] Recoil\n|\n|-heal|p2a: Zapdos|49\/100|[from] item: Leftovers\n|-sideend|p1: Lidianimel|move: Light Screen\n|upkeep\n|\n|t:|1698503752\n|switch|p1a: Great Tusk|Great Tusk, shiny|100\/100\n|turn|6\n|\n|t:|1698503757\n|move|p2a: Zapdos|Brave Bird|p1a: Great Tusk\n|-supereffective|p1a: Great Tusk\n|-damage|p1a: Great Tusk|38\/100\n|-damage|p2a: Zapdos|21\/100|[from] Recoil\n|move|p1a: Great Tusk|Head Smash|p2a: Zapdos\n|-supereffective|p2a: Zapdos\n|-damage|p2a: Zapdos|0 fnt\n|faint|p2a: Zapdos\n|-damage|p1a: Great Tusk|30\/100|[from] Recoil\n|\n|upkeep\n|\n|t:|1698503767\n|switch|p2a: Rayquaza|Rayquaza|100\/100\n|-ability|p2a: Rayquaza|Air Lock\n|turn|7\n|\n|t:|1698503777\n|-end|p1a: Great Tusk|Protosynthesis|[silent]\n|switch|p1a: Frosmoth|Frosmoth, F|100\/100\n|move|p2a: Rayquaza|Dragon Ascent|p1a: Frosmoth\n|-supereffective|p1a: Frosmoth\n|-damage|p1a: Frosmoth|0 fnt\n|-unboost|p2a: Rayquaza|def|1\n|-unboost|p2a: Rayquaza|spd|1\n|faint|p1a: Frosmoth\n|\n|upkeep\n|\n|t:|1698503789\n|switch|p1a: Raichu|Raichu-Alola, F|100\/100\n|-item|p1a: Raichu|Air Balloon\n|turn|8\n|\n|t:|1698503800\n|move|p1a: Raichu|Light Screen|p1a: Raichu\n|-sidestart|p1: Lidianimel|move: Light Screen\n|move|p2a: Rayquaza|Earthquake|p1a: Raichu\n|-immune|p1a: Raichu\n|\n|upkeep\n|turn|9\n|\n|t:|1698503808\n|move|p1a: Raichu|Thunderbolt|p2a: Rayquaza\n|-damage|p2a: Rayquaza|41\/100\n|move|p2a: Rayquaza|Fire Blast|p1a: Raichu\n|-damage|p1a: Raichu|66\/100\n|-enditem|p1a: Raichu|Air Balloon\n|\n|upkeep\n|turn|10\n|\n|t:|1698503819\n|move|p1a: Raichu|Thunderbolt|p2a: Rayquaza\n|-damage|p2a: Rayquaza|0 fnt\n|faint|p2a: Rayquaza\n|\n|upkeep\n|\n|t:|1698503824\n|switch|p2a: Lycanroc|Lycanroc-Midnight, F|100\/100\n|turn|11\n|\n|t:|1698503829\n|switch|p1a: Great Tusk|Great Tusk, shiny|30\/100\n|-singleturn|p2a: Lycanroc|move: Focus Punch\n|move|p2a: Lycanroc|Focus Punch|p1a: Great Tusk\n|-damage|p1a: Great Tusk|0 fnt\n|faint|p1a: Great Tusk\n|-end|p1a: Great Tusk|Protosynthesis|[silent]\n|\n|upkeep\n|\n|t:|1698503841\n|switch|p1a: Pyroar|Pyroar, M|100\/100\n|turn|12\n|\n|t:|1698503852\n|-singleturn|p2a: Lycanroc|move: Focus Punch\n|move|p1a: Pyroar|Thunder Fang|p2a: Lycanroc\n|-damage|p2a: Lycanroc|80\/100\n|cant|p2a: Lycanroc|Focus Punch|Focus Punch\n|\n|-sideend|p1: Lidianimel|move: Light Screen\n|upkeep\n|turn|13\n|\n|t:|1698503862\n|switch|p2a: Kyogre|Kyogre|100\/100\n|-weather|RainDance|[from] ability: Drizzle|[of] p2a: Kyogre\n|move|p1a: Pyroar|Thunder Fang|p2a: Kyogre\n|-supereffective|p2a: Kyogre\n|-damage|p2a: Kyogre|72\/100\n|\n|-weather|RainDance|[upkeep]\n|upkeep\n|turn|14\n|\n|t:|1698503872\n|switch|p1a: Raichu|Raichu-Alola, F|66\/100\n|move|p2a: Kyogre|Aqua Tail|p1a: Raichu\n|-damage|p1a: Raichu|0 fnt\n|faint|p1a: Raichu\n|\n|-weather|RainDance|[upkeep]\n|upkeep\n|\n|t:|1698503883\n|switch|p1a: Toxapex|Toxapex, M|100\/100\n|turn|15\n|\n|t:|1698503893\n|switch|p2a: Zacian|Zacian, tera:Fairy|100\/100\n|move|p1a: Toxapex|Sludge Bomb|p2a: Zacian\n|-supereffective|p2a: Zacian\n|-damage|p2a: Zacian|46\/100\n|\n|-weather|RainDance|[upkeep]\n|-heal|p2a: Zacian|52\/100|[from] item: Leftovers\n|upkeep\n|turn|16\n|\n|t:|1698503906\n|move|p2a: Zacian|Moonblast|p1a: Toxapex\n|-resisted|p1a: Toxapex\n|-damage|p1a: Toxapex|86\/100\n|-unboost|p1a: Toxapex|spa|1\n|move|p1a: Toxapex|Sludge Bomb|p2a: Zacian\n|-supereffective|p2a: Zacian\n|-damage|p2a: Zacian|16\/100\n|\n|-weather|RainDance|[upkeep]\n|-heal|p2a: Zacian|22\/100|[from] item: Leftovers\n|upkeep\n|turn|17\n|\n|t:|1698503917\n|move|p2a: Zacian|Focus Blast|p1a: Toxapex\n|-resisted|p1a: Toxapex\n|-damage|p1a: Toxapex|77\/100\n|move|p1a: Toxapex|Sludge Bomb|p2a: Zacian\n|-supereffective|p2a: Zacian\n|-damage|p2a: Zacian|0 fnt\n|faint|p2a: Zacian\n|\n|-weather|none\n|upkeep\n|\n|t:|1698503926\n|switch|p2a: Greninja|Greninja, M|100\/100\n|turn|18\n|\n|t:|1698503932\n|move|p2a: Greninja|Gunk Shot|p1a: Toxapex\n|-resisted|p1a: Toxapex\n|-damage|p1a: Toxapex|66\/100\n|move|p1a: Toxapex|Sludge Bomb|p2a: Greninja\n|-damage|p2a: Greninja|74\/100\n|\n|-heal|p2a: Greninja|80\/100|[from] item: Leftovers\n|upkeep\n|turn|19\n|\n|t:|1698503942\n|move|p2a: Greninja|Blizzard|p1a: Toxapex\n|-resisted|p1a: Toxapex\n|-damage|p1a: Toxapex|55\/100\n|move|p1a: Toxapex|Sludge Bomb|p2a: Greninja\n|-damage|p2a: Greninja|55\/100\n|\n|-heal|p2a: Greninja|61\/100|[from] item: Leftovers\n|upkeep\n|turn|20\n|inactive|pinner651 has 120 seconds left.\n|\n|t:|1698503973\n|move|p2a: Greninja|Hydro Pump|p1a: Toxapex\n|-resisted|p1a: Toxapex\n|-damage|p1a: Toxapex|39\/100\n|move|p1a: Toxapex|Sludge Bomb|p2a: Greninja\n|-damage|p2a: Greninja|34\/100\n|\n|-heal|p2a: Greninja|40\/100|[from] item: Leftovers\n|upkeep\n|turn|21\n|\n|t:|1698503982\n|move|p2a: Greninja|Hydro Pump|p1a: Toxapex\n|-resisted|p1a: Toxapex\n|-damage|p1a: Toxapex|22\/100\n|-enditem|p1a: Toxapex|Aguav Berry|[eat]\n|-heal|p1a: Toxapex|55\/100|[from] item: Aguav Berry\n|move|p1a: Toxapex|Sludge Bomb|p2a: Greninja\n|-damage|p2a: Greninja|14\/100\n|-status|p2a: Greninja|psn\n|\n|-heal|p2a: Greninja|20\/100 psn|[from] item: Leftovers\n|-damage|p2a: Greninja|8\/100 psn|[from] psn\n|upkeep\n|turn|22\n|\n|t:|1698503995\n|move|p2a: Greninja|Rest|p2a: Greninja\n|-status|p2a: Greninja|slp|[from] move: Rest\n|-heal|p2a: Greninja|100\/100 slp|[silent]\n|move|p1a: Toxapex|Sludge Bomb|p2a: Greninja\n|-damage|p2a: Greninja|75\/100 slp\n|\n|-heal|p2a: Greninja|81\/100 slp|[from] item: Leftovers\n|upkeep\n|turn|23\n|\n|t:|1698504009\n|switch|p1a: Pyroar|Pyroar, M|100\/100\n|cant|p2a: Greninja|slp\n|\n|-heal|p2a: Greninja|87\/100 slp|[from] item: Leftovers\n|upkeep\n|turn|24\n|\n|t:|1698504017\n|cant|p2a: Greninja|slp\n|move|p1a: Pyroar|Thunder Fang|p2a: Greninja\n|-supereffective|p2a: Greninja\n|-damage|p2a: Greninja|48\/100 slp\n|\n|-heal|p2a: Greninja|54\/100 slp|[from] item: Leftovers\n|upkeep\n|turn|25\n|\n|t:|1698504026\n|switch|p1a: Toxapex|Toxapex, M|89\/100\n|-curestatus|p2a: Greninja|slp|[msg]\n|move|p2a: Greninja|Rest|p2a: Greninja\n|-status|p2a: Greninja|slp|[from] move: Rest\n|-heal|p2a: Greninja|100\/100 slp|[silent]\n|\n|upkeep\n|turn|26\n|\n|t:|1698504039\n|switch|p2a: Lycanroc|Lycanroc-Midnight, F|80\/100\n|switch|p1a: Pyroar|Pyroar, M|100\/100\n|\n|upkeep\n|turn|27\n|\n|t:|1698504046\n|switch|p1a: Toxapex|Toxapex, M|100\/100\n|move|p2a: Lycanroc|Close Combat|p1a: Toxapex\n|-resisted|p1a: Toxapex\n|-damage|p1a: Toxapex|85\/100\n|-unboost|p2a: Lycanroc|def|1\n|-unboost|p2a: Lycanroc|spd|1\n|\n|upkeep\n|turn|28\n|\n|t:|1698504056\n|switch|p2a: Kyogre|Kyogre|72\/100\n|-weather|RainDance|[from] ability: Drizzle|[of] p2a: Kyogre\n|move|p1a: Toxapex|Liquidation|p2a: Kyogre\n|-resisted|p2a: Kyogre\n|-damage|p2a: Kyogre|59\/100\n|\n|-weather|RainDance|[upkeep]\n|upkeep\n|turn|29\n|\n|t:|1698504066\n|move|p2a: Kyogre|Earthquake|p1a: Toxapex\n|-supereffective|p1a: Toxapex\n|-damage|p1a: Toxapex|28\/100\n|move|p1a: Toxapex|Sludge Bomb|p2a: Kyogre\n|-crit|p2a: Kyogre\n|-damage|p2a: Kyogre|31\/100\n|-status|p2a: Kyogre|psn\n|\n|-weather|RainDance|[upkeep]\n|-damage|p2a: Kyogre|19\/100 psn|[from] psn\n|upkeep\n|turn|30\n|\n|t:|1698504076\n|move|p2a: Kyogre|Earthquake|p1a: Toxapex\n|-supereffective|p1a: Toxapex\n|-damage|p1a: Toxapex|0 fnt\n|faint|p1a: Toxapex\n|\n|-weather|RainDance|[upkeep]\n|-damage|p2a: Kyogre|6\/100 psn|[from] psn\n|upkeep\n|\n|t:|1698504083\n|switch|p1a: Pyroar|Pyroar, M|100\/100\n|turn|31\n|\n|t:|1698504087\n|move|p1a: Pyroar|Thunder Fang|p2a: Kyogre\n|-supereffective|p2a: Kyogre\n|-damage|p2a: Kyogre|0 fnt\n|faint|p2a: Kyogre\n|-ability|p1a: Pyroar|Moxie|boost\n|-boost|p1a: Pyroar|atk|1\n|\n|-weather|RainDance|[upkeep]\n|upkeep\n|\n|t:|1698504098\n|switch|p2a: Lycanroc|Lycanroc-Midnight, F|80\/100\n|turn|32\n|\n|t:|1698504103\n|move|p1a: Pyroar|Thunder Fang|p2a: Lycanroc\n|-damage|p2a: Lycanroc|49\/100\n|move|p2a: Lycanroc|Psychic Fangs|p1a: Pyroar\n|-damage|p1a: Pyroar|59\/100\n|\n|-weather|none\n|upkeep\n|turn|33\n|\n|t:|1698504129\n|move|p1a: Pyroar|Thunder Fang|p2a: Lycanroc\n|-damage|p2a: Lycanroc|19\/100\n|move|p2a: Lycanroc|Psychic Fangs|p1a: Pyroar\n|-damage|p1a: Pyroar|23\/100\n|\n|upkeep\n|turn|34\n|\n|t:|1698504140\n|move|p1a: Pyroar|Thunder Fang|p2a: Lycanroc\n|-damage|p2a: Lycanroc|0 fnt\n|faint|p2a: Lycanroc\n|-ability|p1a: Pyroar|Moxie|boost\n|-boost|p1a: Pyroar|atk|1\n|\n|upkeep\n|\n|t:|1698504146\n|switch|p2a: Greninja|Greninja, M|100\/100 slp\n|turn|35\n|\n|t:|1698504153\n|cant|p2a: Greninja|slp\n|move|p1a: Pyroar|Thunder Fang|p2a: Greninja\n|-supereffective|p2a: Greninja\n|-damage|p2a: Greninja|19\/100 slp\n|\n|-heal|p2a: Greninja|25\/100 slp|[from] item: Leftovers\n|upkeep\n|turn|36\n|\n|t:|1698504163\n|cant|p2a: Greninja|slp\n|move|p1a: Pyroar|Thunder Fang|p2a: Greninja\n|-supereffective|p2a: Greninja\n|-damage|p2a: Greninja|0 fnt\n|faint|p2a: Greninja\n|\n|win|Lidianimel\n|raw|Lidianimel's rating: 1024 &rarr; <strong>1058<\/strong><br \/>(+34 for winning)\n|raw|pinner651's rating: 1000 &rarr; <strong>1000<\/strong><br \/>(+0 for losing)\n","uploadtime":1698504173,"views":6,"p1id":"lidianimel","p2id":"pinner651","formatid":"gen9ubers","rating":1000,"private":0,"password":""}