{"id":"gen9ubers-1996676925","p1":"Thisaintgeo","p2":"abrahamrage","format":"[Gen 9] Ubers","log":"|j|\u2606Thisaintgeo\n|j|\u2606abrahamrage\n|t:|1700708452\n|gametype|singles\n|player|p1|Thisaintgeo|gentleman-gen4|\n|player|p2|abrahamrage|2|\n|teamsize|p1|6\n|teamsize|p2|6\n|gen|9\n|tier|[Gen 9] Ubers\n|rule|Sleep Clause Mod: Limit one foe put to sleep\n|rule|Species Clause: Limit one of each Pok\u00e9mon\n|rule|OHKO Clause: OHKO moves are banned\n|rule|Evasion Items Clause: Evasion items are banned\n|rule|Evasion Moves Clause: Evasion moves are banned\n|rule|Endless Battle Clause: Forcing endless battles is banned\n|rule|HP Percentage Mod: HP is shown in percentages\n|clearpoke\n|poke|p1|Ceruledge, F|\n|poke|p1|Enamorus-Therian, F|\n|poke|p1|Moltres|\n|poke|p1|Quaquaval, M|\n|poke|p1|Sandy Shocks|\n|poke|p1|Chien-Pao|\n|poke|p2|Vaporeon, F|\n|poke|p2|Iron Valiant|\n|poke|p2|Iron Moth|\n|poke|p2|Kilowattrel, M|\n|poke|p2|Scizor, F|\n|poke|p2|Ting-Lu|\n|teampreview\n|c|\u2606Thisaintgeo|hf\n|c|\u2606abrahamrage|its always hf but never glhf\n|c|\u2606abrahamrage|whats up with that\n|c|\u2606Thisaintgeo|Can you post links? My discord updating on my computer lmao\n|c|\u2606abrahamrage|yeah got u\n|c|\u2606Thisaintgeo|I told y'all I hope you all have the worst of luck possible vs me\n|c|\u2606Thisaintgeo|I want all the hax in my favor\n|c|\u2606Thisaintgeo|But I hope you enjoy it\n|c|\u2606Thisaintgeo|Respectfully\n|\n|t:|1700708535\n|start\n|switch|p1a: Jimin|Quaquaval, M|100\/100\n|switch|p2a: Scizor|Scizor, F|100\/100\n|turn|1\n|\n|t:|1700708560\n|move|p1a: Jimin|Aqua Step|p2a: Scizor\n|-damage|p2a: Scizor|59\/100\n|-boost|p1a: Jimin|spe|1\n|move|p2a: Scizor|Aerial Ace|p1a: Jimin\n|-supereffective|p1a: Jimin\n|-damage|p1a: Jimin|0 fnt\n|faint|p1a: Jimin\n|\n|upkeep\n|\n|t:|1700708597\n|switch|p1a: j-hope|Ceruledge, F|100\/100\n|turn|2\n|\n|t:|1700708615\n|switch|p1a: Lalisa|Chien-Pao|100\/100\n|-ability|p1a: Lalisa|Sword of Ruin\n|switch|p2a: Vaporeon|Vaporeon, F|100\/100\n|\n|upkeep\n|turn|3\n|\n|t:|1700708647\n|move|p1a: Lalisa|Substitute|p1a: Lalisa\n|-start|p1a: Lalisa|Substitute\n|-damage|p1a: Lalisa|76\/100\n|move|p2a: Vaporeon|Scald|p1a: Lalisa\n|-end|p1a: Lalisa|Substitute\n|\n|upkeep\n|turn|4\n|\n|t:|1700708718\n|move|p1a: Lalisa|Swords Dance|p1a: Lalisa\n|-boost|p1a: Lalisa|atk|2\n|move|p2a: Vaporeon|Scald|p1a: Lalisa\n|-damage|p1a: Lalisa|28\/100\n|\n|upkeep\n|turn|5\n|\n|t:|1700708807\n|switch|p2a: Iron Moth|Iron Moth|100\/100\n|move|p1a: Lalisa|Substitute|p1a: Lalisa\n|-start|p1a: Lalisa|Substitute\n|-damage|p1a: Lalisa|3\/100\n|-enditem|p1a: Lalisa|Salac Berry|[eat]\n|-boost|p1a: Lalisa|spe|1|[from] item: Salac Berry\n|\n|upkeep\n|turn|6\n|\n|t:|1700708820\n|move|p1a: Lalisa|Crunch|p2a: Iron Moth\n|-damage|p2a: Iron Moth|0 fnt\n|faint|p2a: Iron Moth\n|-end|p2a: Iron Moth|Quark Drive|[silent]\n|\n|upkeep\n|\n|t:|1700708841\n|switch|p2a: Ting-Lu|Ting-Lu|100\/100\n|-ability|p2a: Ting-Lu|Vessel of Ruin\n|turn|7\n|\n|t:|1700708855\n|move|p1a: Lalisa|Ice Spinner|p2a: Ting-Lu\n|-supereffective|p2a: Ting-Lu\n|-damage|p2a: Ting-Lu|9\/100\n|move|p2a: Ting-Lu|Whirlwind|p1a: Lalisa\n|drag|p1a: Ros\u00e9|Sandy Shocks|100\/100\n|\n|-heal|p2a: Ting-Lu|16\/100|[from] item: Leftovers\n|upkeep\n|turn|8\n|\n|t:|1700708887\n|-end|p1a: Ros\u00e9|Protosynthesis|[silent]\n|switch|p1a: Jungkook|Moltres|100\/100\n|move|p2a: Ting-Lu|Stealth Rock|p1a: Jungkook\n|-sidestart|p1: Thisaintgeo|move: Stealth Rock\n|\n|-heal|p2a: Ting-Lu|22\/100|[from] item: Leftovers\n|upkeep\n|turn|9\n|\n|t:|1700708894\n|move|p1a: Jungkook|U-turn|p2a: Ting-Lu\n|-supereffective|p2a: Ting-Lu\n|-damage|p2a: Ting-Lu|10\/100\n|\n|t:|1700708909\n|switch|p1a: Jisoo|Enamorus-Therian, F|100\/100|[from] U-turn\n|move|p2a: Ting-Lu|Rock Tomb|p1a: Jisoo\n|-supereffective|p1a: Jisoo\n|-damage|p1a: Jisoo|75\/100\n|-unboost|p1a: Jisoo|spe|1\n|\n|-heal|p2a: Ting-Lu|16\/100|[from] item: Leftovers\n|upkeep\n|turn|10\n|\n|t:|1700708924\n|move|p1a: Jisoo|Draining Kiss|p2a: Ting-Lu\n|-supereffective|p2a: Ting-Lu\n|-damage|p2a: Ting-Lu|0 fnt\n|-heal|p1a: Jisoo|93\/100|[from] drain|[of] p2a: Ting-Lu\n|faint|p2a: Ting-Lu\n|\n|upkeep\n|\n|t:|1700708980\n|switch|p2a: Kilowattrel|Kilowattrel, M|100\/100\n|turn|11\n|\n|t:|1700709118\n|move|p2a: Kilowattrel|Volt Switch|p1a: Jisoo\n|-supereffective|p1a: Jisoo\n|-damage|p1a: Jisoo|30\/100\n|\n|t:|1700709142\n|switch|p2a: Scizor|Scizor, F|59\/100|[from] Volt Switch\n|move|p1a: Jisoo|Draining Kiss|p2a: Scizor\n|-resisted|p2a: Scizor\n|-damage|p2a: Scizor|43\/100\n|-heal|p1a: Jisoo|41\/100|[from] drain|[of] p2a: Scizor\n|\n|upkeep\n|turn|12\n|\n|t:|1700709171\n|switch|p2a: Kilowattrel|Kilowattrel, M|100\/100\n|switch|p1a: j-hope|Ceruledge, F|100\/100\n|-damage|p1a: j-hope|76\/100|[from] Stealth Rock\n|\n|upkeep\n|turn|13\n|\n|t:|1700709199\n|switch|p2a: Vaporeon|Vaporeon, F|100\/100\n|move|p1a: j-hope|Bitter Blade|p2a: Vaporeon\n|-resisted|p2a: Vaporeon\n|-damage|p2a: Vaporeon|75\/100\n|-heal|p1a: j-hope|96\/100|[from] drain|[of] p2a: Vaporeon\n|\n|-heal|p2a: Vaporeon|82\/100|[from] item: Leftovers\n|upkeep\n|turn|14\n|\n|t:|1700709234\n|move|p1a: j-hope|Sunny Day|p1a: j-hope\n|-weather|SunnyDay\n|move|p2a: Vaporeon|Scald|p1a: j-hope\n|-supereffective|p1a: j-hope\n|-damage|p1a: j-hope|62\/100\n|\n|-weather|SunnyDay|[upkeep]\n|-heal|p2a: Vaporeon|88\/100|[from] item: Leftovers\n|upkeep\n|turn|15\n|\n|t:|1700709250\n|move|p1a: j-hope|Bitter Blade|p2a: Vaporeon\n|-resisted|p2a: Vaporeon\n|-damage|p2a: Vaporeon|50\/100\n|-heal|p1a: j-hope|93\/100|[from] drain|[of] p2a: Vaporeon\n|move|p2a: Vaporeon|Roar|p1a: j-hope\n|drag|p1a: Jisoo|Enamorus-Therian, F|41\/100\n|\n|-weather|SunnyDay|[upkeep]\n|-heal|p2a: Vaporeon|56\/100|[from] item: Leftovers\n|upkeep\n|turn|16\n|c|\u2606Thisaintgeo|ooooo yea\n|c|\u2606Thisaintgeo|you read it right\n|c|\u2606abrahamrage|lol\n|\n|t:|1700709297\n|move|p2a: Vaporeon|Wish|p2a: Vaporeon\n|move|p1a: Jisoo|Mystical Fire|p2a: Vaporeon\n|-resisted|p2a: Vaporeon\n|-damage|p2a: Vaporeon|45\/100\n|-unboost|p2a: Vaporeon|spa|1\n|\n|-weather|SunnyDay|[upkeep]\n|-heal|p2a: Vaporeon|51\/100|[from] item: Leftovers\n|upkeep\n|turn|17\n|\n|t:|1700709326\n|switch|p1a: Ros\u00e9|Sandy Shocks|100\/100\n|-damage|p1a: Ros\u00e9|94\/100|[from] Stealth Rock\n|-activate|p1a: Ros\u00e9|ability: Protosynthesis\n|-start|p1a: Ros\u00e9|protosynthesisspe\n|move|p2a: Vaporeon|Roar|p1a: Ros\u00e9\n|-end|p1a: Ros\u00e9|Protosynthesis|[silent]\n|drag|p1a: j-hope|Ceruledge, F|93\/100\n|-damage|p1a: j-hope|68\/100|[from] Stealth Rock\n|\n|-weather|SunnyDay|[upkeep]\n|-heal|p2a: Vaporeon|100\/100|[from] move: Wish|[wisher] Vaporeon\n|upkeep\n|turn|18\n|\n|t:|1700709415\n|move|p1a: j-hope|Bitter Blade|p2a: Vaporeon\n|-resisted|p2a: Vaporeon\n|-damage|p2a: Vaporeon|61\/100\n|-heal|p1a: j-hope|99\/100|[from] drain|[of] p2a: Vaporeon\n|move|p2a: Vaporeon|Roar|p1a: j-hope\n|drag|p1a: Lalisa|Chien-Pao|3\/100\n|-damage|p1a: Lalisa|0 fnt|[from] Stealth Rock\n|faint|p1a: Lalisa\n|\n|-weather|SunnyDay|[upkeep]\n|-heal|p2a: Vaporeon|68\/100|[from] item: Leftovers\n|upkeep\n|c|\u2606abrahamrage|bruh\n|\n|t:|1700709441\n|switch|p1a: Ros\u00e9|Sandy Shocks|94\/100\n|-damage|p1a: Ros\u00e9|88\/100|[from] Stealth Rock\n|-activate|p1a: Ros\u00e9|ability: Protosynthesis\n|-start|p1a: Ros\u00e9|protosynthesisspe\n|turn|19\n|c|\u2606abrahamrage|u got the sun item too\n|c|\u2606Thisaintgeo|;)\n|c|\u2606abrahamrage|that's fucked up\n|\n|t:|1700709493\n|-end|p1a: Ros\u00e9|Protosynthesis|[silent]\n|switch|p1a: j-hope|Ceruledge, F|99\/100\n|-damage|p1a: j-hope|74\/100|[from] Stealth Rock\n|move|p2a: Vaporeon|Protect||[still]\n|-fail|p2a: Vaporeon\n|\n|-weather|SunnyDay|[upkeep]\n|-heal|p2a: Vaporeon|74\/100|[from] item: Leftovers\n|upkeep\n|turn|20\n|\n|t:|1700709509\n|move|p1a: j-hope|Bitter Blade|p2a: Vaporeon\n|-resisted|p2a: Vaporeon\n|-damage|p2a: Vaporeon|34\/100\n|-heal|p1a: j-hope|100\/100|[from] drain|[of] p2a: Vaporeon\n|move|p2a: Vaporeon|Wish|p2a: Vaporeon\n|\n|-weather|SunnyDay|[upkeep]\n|-heal|p2a: Vaporeon|41\/100|[from] item: Leftovers\n|upkeep\n|turn|21\n|\n|t:|1700709525\n|move|p2a: Vaporeon|Protect|p2a: Vaporeon\n|-singleturn|p2a: Vaporeon|Protect\n|move|p1a: j-hope|Bitter Blade|p2a: Vaporeon\n|-activate|p2a: Vaporeon|move: Protect\n|\n|-weather|none\n|-heal|p2a: Vaporeon|91\/100|[from] move: Wish|[wisher] Vaporeon\n|-heal|p2a: Vaporeon|97\/100|[from] item: Leftovers\n|upkeep\n|turn|22\n|\n|t:|1700709537\n|move|p1a: j-hope|Sunny Day|p1a: j-hope\n|-weather|SunnyDay\n|move|p2a: Vaporeon|Scald|p1a: j-hope\n|-supereffective|p1a: j-hope\n|-damage|p1a: j-hope|80\/100\n|\n|-weather|SunnyDay|[upkeep]\n|-heal|p2a: Vaporeon|100\/100|[from] item: Leftovers\n|upkeep\n|turn|23\n|\n|t:|1700709545\n|move|p1a: j-hope|Bitter Blade|p2a: Vaporeon\n|-resisted|p2a: Vaporeon\n|-damage|p2a: Vaporeon|60\/100\n|-heal|p1a: j-hope|100\/100|[from] drain|[of] p2a: Vaporeon\n|move|p2a: Vaporeon|Wish|p2a: Vaporeon\n|\n|-weather|SunnyDay|[upkeep]\n|-heal|p2a: Vaporeon|66\/100|[from] item: Leftovers\n|upkeep\n|turn|24\n|\n|t:|1700709553\n|move|p2a: Vaporeon|Protect|p2a: Vaporeon\n|-singleturn|p2a: Vaporeon|Protect\n|move|p1a: j-hope|Bitter Blade|p2a: Vaporeon\n|-activate|p2a: Vaporeon|move: Protect\n|\n|-weather|SunnyDay|[upkeep]\n|-heal|p2a: Vaporeon|100\/100|[from] move: Wish|[wisher] Vaporeon\n|upkeep\n|turn|25\n|\n|t:|1700709566\n|move|p1a: j-hope|Bitter Blade|p2a: Vaporeon\n|-resisted|p2a: Vaporeon\n|-damage|p2a: Vaporeon|63\/100\n|move|p2a: Vaporeon|Roar|p1a: j-hope\n|drag|p1a: Jungkook|Moltres|100\/100\n|\n|-weather|SunnyDay|[upkeep]\n|-heal|p2a: Vaporeon|69\/100|[from] item: Leftovers\n|upkeep\n|turn|26\n|c|\u2606abrahamrage|my vaporeon drying up out here\n|\n|t:|1700709606\n|move|p1a: Jungkook|Flamethrower|p2a: Vaporeon\n|-resisted|p2a: Vaporeon\n|-damage|p2a: Vaporeon|49\/100\n|move|p2a: Vaporeon|Wish|p2a: Vaporeon\n|\n|-weather|SunnyDay|[upkeep]\n|-heal|p2a: Vaporeon|55\/100|[from] item: Leftovers\n|upkeep\n|turn|27\n|\n|t:|1700709618\n|switch|p1a: Jisoo|Enamorus-Therian, F|41\/100\n|move|p2a: Vaporeon|Scald|p1a: Jisoo\n|-damage|p1a: Jisoo|30\/100\n|-status|p1a: Jisoo|brn\n|\n|-weather|SunnyDay|[upkeep]\n|-heal|p2a: Vaporeon|100\/100|[from] move: Wish|[wisher] Vaporeon\n|-damage|p1a: Jisoo|24\/100 brn|[from] brn\n|upkeep\n|turn|28\n|c|\u2606Thisaintgeo|omg... I just realized one of my mons didn't have a nature...\n|c|\u2606abrahamrage|lol\n|c|\u2606abrahamrage|i just learned there's 5 neutral natures cuz they lower and raise the same stat\n|\n|t:|1700709727\n|move|p2a: Vaporeon|Scald|p1a: Jisoo\n|-damage|p1a: Jisoo|15\/100 brn\n|move|p1a: Jisoo|Earth Power|p2a: Vaporeon\n|-damage|p2a: Vaporeon|84\/100\n|\n|-weather|SunnyDay|[upkeep]\n|-heal|p2a: Vaporeon|90\/100|[from] item: Leftovers\n|-damage|p1a: Jisoo|9\/100 brn|[from] brn\n|upkeep\n|turn|29\n|\n|t:|1700709737\n|move|p2a: Vaporeon|Wish|p2a: Vaporeon\n|move|p1a: Jisoo|Healing Wish|p1a: Jisoo\n|faint|p1a: Jisoo\n|\n|-weather|none\n|-heal|p2a: Vaporeon|96\/100|[from] item: Leftovers\n|upkeep\n|\n|t:|1700709747\n|switch|p1a: j-hope|Ceruledge, F|100\/100\n|-damage|p1a: j-hope|76\/100|[from] Stealth Rock\n|turn|30\n|c|\u2606abrahamrage|dont u fucking cast it again\n|\n|t:|1700709766\n|move|p1a: j-hope|Sunny Day|p1a: j-hope\n|-weather|SunnyDay\n|move|p2a: Vaporeon|Roar|p1a: j-hope\n|drag|p1a: Ros\u00e9|Sandy Shocks|88\/100\n|-heal|p1a: Ros\u00e9|100\/100|[from] move: Healing Wish\n|-damage|p1a: Ros\u00e9|94\/100|[from] Stealth Rock\n|-activate|p1a: Ros\u00e9|ability: Protosynthesis\n|-start|p1a: Ros\u00e9|protosynthesisspe\n|\n|-weather|SunnyDay|[upkeep]\n|-heal|p2a: Vaporeon|100\/100|[from] move: Wish|[wisher] Vaporeon\n|upkeep\n|turn|31\n|\n|t:|1700709793\n|-end|p1a: Ros\u00e9|Protosynthesis|[silent]\n|switch|p1a: j-hope|Ceruledge, F|76\/100\n|-damage|p1a: j-hope|51\/100|[from] Stealth Rock\n|switch|p2a: Kilowattrel|Kilowattrel, M|100\/100\n|\n|-weather|SunnyDay|[upkeep]\n|upkeep\n|turn|32\n|\n|t:|1700709842\n|move|p2a: Kilowattrel|Volt Switch|p1a: j-hope\n|-damage|p1a: j-hope|11\/100\n|\n|t:|1700709847\n|switch|p2a: Vaporeon|Vaporeon, F|100\/100|[from] Volt Switch\n|move|p1a: j-hope|Bitter Blade|p2a: Vaporeon\n|-resisted|p2a: Vaporeon\n|-damage|p2a: Vaporeon|60\/100\n|-heal|p1a: j-hope|43\/100|[from] drain|[of] p2a: Vaporeon\n|\n|-weather|SunnyDay|[upkeep]\n|-heal|p2a: Vaporeon|67\/100|[from] item: Leftovers\n|upkeep\n|turn|33\n|\n|t:|1700709856\n|move|p1a: j-hope|Bitter Blade|p2a: Vaporeon\n|-resisted|p2a: Vaporeon\n|-damage|p2a: Vaporeon|32\/100\n|-heal|p1a: j-hope|71\/100|[from] drain|[of] p2a: Vaporeon\n|move|p2a: Vaporeon|Wish|p2a: Vaporeon\n|\n|-weather|SunnyDay|[upkeep]\n|-heal|p2a: Vaporeon|38\/100|[from] item: Leftovers\n|upkeep\n|turn|34\n|\n|t:|1700709870\n|switch|p1a: Ros\u00e9|Sandy Shocks|94\/100\n|-damage|p1a: Ros\u00e9|88\/100|[from] Stealth Rock\n|-activate|p1a: Ros\u00e9|ability: Protosynthesis\n|-start|p1a: Ros\u00e9|protosynthesisspe\n|move|p2a: Vaporeon|Protect||[still]\n|-fail|p2a: Vaporeon\n|\n|-weather|SunnyDay|[upkeep]\n|-heal|p2a: Vaporeon|88\/100|[from] move: Wish|[wisher] Vaporeon\n|-heal|p2a: Vaporeon|94\/100|[from] item: Leftovers\n|upkeep\n|turn|35\n|\n|t:|1700709904\n|switch|p2a: Kilowattrel|Kilowattrel, M|100\/100\n|move|p1a: Ros\u00e9|Volt Switch|p2a: Kilowattrel\n|-immune|p2a: Kilowattrel|[from] ability: Volt Absorb\n|\n|-weather|SunnyDay|[upkeep]\n|upkeep\n|turn|36\n|\n|t:|1700709918\n|move|p1a: Ros\u00e9|Volt Switch|p2a: Kilowattrel\n|-immune|p2a: Kilowattrel|[from] ability: Volt Absorb\n|move|p2a: Kilowattrel|Air Slash|p1a: Ros\u00e9\n|-resisted|p1a: Ros\u00e9\n|-damage|p1a: Ros\u00e9|64\/100\n|\n|-weather|SunnyDay|[upkeep]\n|upkeep\n|turn|37\n|c|\u2606Thisaintgeo|LOL whoops\n|c|\u2606abrahamrage|xD\n|\n|t:|1700709940\n|-end|p1a: Ros\u00e9|Protosynthesis|[silent]\n|switch|p1a: j-hope|Ceruledge, F|71\/100\n|-damage|p1a: j-hope|47\/100|[from] Stealth Rock\n|move|p2a: Kilowattrel|Air Slash|p1a: j-hope\n|-damage|p1a: j-hope|5\/100\n|\n|-weather|none\n|upkeep\n|turn|38\n|\n|t:|1700709949\n|move|p2a: Kilowattrel|Volt Switch|p1a: j-hope\n|-crit|p1a: j-hope\n|-damage|p1a: j-hope|0 fnt\n|faint|p1a: j-hope\n|\n|t:|1700709954\n|switch|p2a: Vaporeon|Vaporeon, F|94\/100|[from] Volt Switch\n|\n|-heal|p2a: Vaporeon|100\/100|[from] item: Leftovers\n|upkeep\n|\n|t:|1700709963\n|switch|p1a: Jungkook|Moltres|100\/100\n|turn|39\n|\n|t:|1700709966\n|move|p1a: Jungkook|Hurricane|p2a: Vaporeon\n|-damage|p2a: Vaporeon|69\/100\n|-start|p2a: Vaporeon|confusion\n|-activate|p2a: Vaporeon|confusion\n|-damage|p2a: Vaporeon|63\/100|[from] confusion\n|\n|-heal|p2a: Vaporeon|69\/100|[from] item: Leftovers\n|upkeep\n|turn|40\n|c|\u2606Thisaintgeo|Just hit these next 15 in a row GG ez\n|\n|t:|1700709981\n|-activate|p2a: Vaporeon|confusion\n|-damage|p2a: Vaporeon|64\/100|[from] confusion\n|move|p1a: Jungkook|Hurricane|p2a: Vaporeon\n|-damage|p2a: Vaporeon|32\/100\n|\n|-heal|p2a: Vaporeon|38\/100|[from] item: Leftovers\n|upkeep\n|turn|41\n|c|\u2606abrahamrage|good start\n|\n|t:|1700709999\n|move|p1a: Jungkook|Hurricane|p2a: Vaporeon\n|-damage|p2a: Vaporeon|5\/100\n|-activate|p2a: Vaporeon|confusion\n|move|p2a: Vaporeon|Wish|p2a: Vaporeon\n|\n|-heal|p2a: Vaporeon|11\/100|[from] item: Leftovers\n|upkeep\n|turn|42\n|\n|t:|1700710006\n|-end|p2a: Vaporeon|confusion\n|move|p2a: Vaporeon|Protect|p2a: Vaporeon\n|-singleturn|p2a: Vaporeon|Protect\n|move|p1a: Jungkook|Flamethrower|p2a: Vaporeon\n|-activate|p2a: Vaporeon|move: Protect\n|\n|-heal|p2a: Vaporeon|61\/100|[from] move: Wish|[wisher] Vaporeon\n|-heal|p2a: Vaporeon|67\/100|[from] item: Leftovers\n|upkeep\n|turn|43\n|\n|t:|1700710017\n|move|p1a: Jungkook|Hurricane|p2a: Vaporeon\n|-damage|p2a: Vaporeon|34\/100\n|-start|p2a: Vaporeon|confusion\n|-activate|p2a: Vaporeon|confusion\n|move|p2a: Vaporeon|Wish|p2a: Vaporeon\n|\n|-heal|p2a: Vaporeon|41\/100|[from] item: Leftovers\n|upkeep\n|turn|44\n|c|\u2606Thisaintgeo|omg we don't miss\n|\n|t:|1700710054\n|move|p1a: Jungkook|Hurricane|p2a: Vaporeon\n|-damage|p2a: Vaporeon|9\/100\n|-end|p2a: Vaporeon|confusion\n|move|p2a: Vaporeon|Scald|p1a: Jungkook\n|-supereffective|p1a: Jungkook\n|-damage|p1a: Jungkook|41\/100\n|\n|-heal|p2a: Vaporeon|59\/100|[from] move: Wish|[wisher] Vaporeon\n|-heal|p2a: Vaporeon|65\/100|[from] item: Leftovers\n|upkeep\n|turn|45\n|\n|t:|1700710064\n|move|p1a: Jungkook|Hurricane|p2a: Vaporeon\n|-damage|p2a: Vaporeon|34\/100\n|move|p2a: Vaporeon|Scald|p1a: Jungkook\n|-supereffective|p1a: Jungkook\n|-damage|p1a: Jungkook|0 fnt\n|faint|p1a: Jungkook\n|\n|-heal|p2a: Vaporeon|40\/100|[from] item: Leftovers\n|upkeep\n|c|\u2606Thisaintgeo|ayt gg lol\n|\n|t:|1700710072\n|switch|p1a: Ros\u00e9|Sandy Shocks|64\/100\n|-damage|p1a: Ros\u00e9|58\/100|[from] Stealth Rock\n|turn|46\n|\n|t:|1700710077\n|switch|p2a: Kilowattrel|Kilowattrel, M|100\/100\n|move|p1a: Ros\u00e9|Thunderbolt|p2a: Kilowattrel\n|-immune|p2a: Kilowattrel|[from] ability: Volt Absorb\n|\n|upkeep\n|turn|47\n|c|\u2606abrahamrage|gg\n|\n|t:|1700710082\n|move|p1a: Ros\u00e9|Thunderbolt|p2a: Kilowattrel\n|-immune|p2a: Kilowattrel|[from] ability: Volt Absorb\n|move|p2a: Kilowattrel|Air Slash|p1a: Ros\u00e9\n|-resisted|p1a: Ros\u00e9\n|-damage|p1a: Ros\u00e9|36\/100\n|\n|upkeep\n|turn|48\n|\n|t:|1700710088\n|move|p1a: Ros\u00e9|Thunderbolt|p2a: Kilowattrel\n|-immune|p2a: Kilowattrel|[from] ability: Volt Absorb\n|move|p2a: Kilowattrel|Air Slash|p1a: Ros\u00e9\n|-resisted|p1a: Ros\u00e9\n|-damage|p1a: Ros\u00e9|13\/100\n|\n|upkeep\n|turn|49\n|\n|t:|1700710093\n|move|p1a: Ros\u00e9|Thunderbolt|p2a: Kilowattrel\n|-immune|p2a: Kilowattrel|[from] ability: Volt Absorb\n|move|p2a: Kilowattrel|Air Slash|p1a: Ros\u00e9\n|-resisted|p1a: Ros\u00e9\n|-damage|p1a: Ros\u00e9|0 fnt\n|faint|p1a: Ros\u00e9\n|-end|p1a: Ros\u00e9|Protosynthesis|[silent]\n|\n|win|abrahamrage\n","uploadtime":1700710102,"views":32,"p1id":"thisaintgeo","p2id":"abrahamrage","formatid":"gen9ubers","rating":0,"private":0,"password":""}