{"id":"gen9ubers-1997695113","p1":"ImhoPitit","p2":"Aaron MA","format":"[Gen 9] Ubers","log":"|j|\u2606ImhoPitit\n|j|\u2606Aaron MA\n|t:|1700842694\n|gametype|singles\n|player|p1|ImhoPitit|lucas|\n|player|p2|Aaron MA|170|\n|teamsize|p1|6\n|teamsize|p2|6\n|gen|9\n|tier|[Gen 9] Ubers\n|rule|Sleep Clause Mod: Limit one foe put to sleep\n|rule|Species Clause: Limit one of each Pok\u00e9mon\n|rule|OHKO Clause: OHKO moves are banned\n|rule|Evasion Items Clause: Evasion items are banned\n|rule|Evasion Moves Clause: Evasion moves are banned\n|rule|Endless Battle Clause: Forcing endless battles is banned\n|rule|HP Percentage Mod: HP is shown in percentages\n|clearpoke\n|poke|p1|Enamorus, F|\n|poke|p1|Dragonite, F|\n|poke|p1|Skeledirge, M|\n|poke|p1|Gliscor, F|\n|poke|p1|Iron Valiant|\n|poke|p1|Dragapult, F|\n|poke|p2|Pelipper, F|\n|poke|p2|Kingambit, F|\n|poke|p2|Floatzel, F|\n|poke|p2|Amoonguss, M|\n|poke|p2|Basculegion-F, F|\n|poke|p2|Zapdos|\n|teampreview\n|inactive|Battle timer is ON: inactive players will automatically lose when time's up. (requested by ImhoPitit)\n|j| quentinteug\n|inactive|Aaron MA has 270 seconds left.\n|\n|t:|1700842728\n|start\n|switch|p1a: Vion ?|Dragapult, F|100\/100\n|switch|p2a: Pelipper|Pelipper, F|100\/100\n|-weather|RainDance|[from] ability: Drizzle|[of] p2a: Pelipper\n|turn|1\n|\n|t:|1700842740\n|switch|p2a: Kingambit|Kingambit, F|100\/100\n|move|p1a: Vion ?|Dragon Darts|p2a: Kingambit\n|-resisted|p2a: Kingambit\n|-damage|p2a: Kingambit|85\/100\n|-anim|p1a: Vion ?|Dragon Darts|p2a: Kingambit\n|-resisted|p2a: Kingambit\n|-damage|p2a: Kingambit|71\/100\n|\n|-weather|RainDance|[upkeep]\n|upkeep\n|turn|2\n|j| Skotchaud\n|\n|t:|1700842757\n|switch|p1a: Alucard|Gliscor, F|100\/100\n|-end|p2a: Kingambit|fallenundefined|[silent]\n|switch|p2a: Basculegion|Basculegion-F, F|100\/100\n|\n|-weather|RainDance|[upkeep]\n|-status|p1a: Alucard|tox|[from] item: Toxic Orb\n|upkeep\n|turn|3\n|\n|t:|1700842770\n|move|p1a: Alucard|Protect|p1a: Alucard\n|-singleturn|p1a: Alucard|Protect\n|move|p2a: Basculegion|Surf|p1a: Alucard\n|-activate|p1a: Alucard|move: Protect\n|\n|-weather|RainDance|[upkeep]\n|upkeep\n|turn|4\n|\n|t:|1700842782\n|switch|p1a: Trop mang\u00e9|Dragonite, F|100\/100\n|move|p2a: Basculegion|Surf|p1a: Trop mang\u00e9\n|-resisted|p1a: Trop mang\u00e9\n|-damage|p1a: Trop mang\u00e9|76\/100\n|\n|-weather|RainDance|[upkeep]\n|upkeep\n|turn|5\n|\n|t:|1700842793\n|move|p2a: Basculegion|Surf|p1a: Trop mang\u00e9\n|-resisted|p1a: Trop mang\u00e9\n|-damage|p1a: Trop mang\u00e9|28\/100\n|move|p1a: Trop mang\u00e9|Earthquake|p2a: Basculegion\n|-damage|p2a: Basculegion|51\/100\n|\n|-weather|RainDance|[upkeep]\n|upkeep\n|turn|6\n|\n|t:|1700842806\n|move|p2a: Basculegion|Surf|p1a: Trop mang\u00e9\n|-resisted|p1a: Trop mang\u00e9\n|-damage|p1a: Trop mang\u00e9|0 fnt\n|faint|p1a: Trop mang\u00e9\n|\n|-weather|RainDance|[upkeep]\n|upkeep\n|\n|t:|1700842812\n|switch|p1a: Vion ?|Dragapult, F|100\/100\n|turn|7\n|\n|t:|1700842816\n|move|p2a: Basculegion|Surf|p1a: Vion ?\n|-resisted|p1a: Vion ?\n|-damage|p1a: Vion ?|40\/100\n|move|p1a: Vion ?|Dragon Darts|p2a: Basculegion\n|-damage|p2a: Basculegion|0 fnt\n|faint|p2a: Basculegion\n|\n|-weather|RainDance|[upkeep]\n|upkeep\n|\n|t:|1700842831\n|switch|p2a: Amoonguss|Amoonguss, M|100\/100\n|turn|8\n|\n|t:|1700842839\n|switch|p1a: Alucard|Gliscor, F|100\/100 tox\n|move|p2a: Amoonguss|Giga Drain|p1a: Alucard\n|-damage|p1a: Alucard|72\/100 tox\n|\n|-weather|none\n|-heal|p1a: Alucard|85\/100 tox|[from] ability: Poison Heal\n|upkeep\n|turn|9\n|l| quentinteug\n|\n|t:|1700842850\n|move|p1a: Alucard|Spikes|p2a: Amoonguss\n|-sidestart|p2: Aaron MA|Spikes\n|move|p2a: Amoonguss|Giga Drain|p1a: Alucard\n|-damage|p1a: Alucard|59\/100 tox\n|\n|-heal|p1a: Alucard|71\/100 tox|[from] ability: Poison Heal\n|upkeep\n|turn|10\n|\n|t:|1700842860\n|switch|p2a: Pelipper|Pelipper, F|100\/100\n|-weather|RainDance|[from] ability: Drizzle|[of] p2a: Pelipper\n|move|p1a: Alucard|Spikes|p2a: Pelipper\n|-sidestart|p2: Aaron MA|Spikes\n|\n|-weather|RainDance|[upkeep]\n|-heal|p1a: Alucard|84\/100 tox|[from] ability: Poison Heal\n|upkeep\n|turn|11\n|\n|t:|1700842875\n|move|p1a: Alucard|Spikes|p2a: Pelipper\n|-sidestart|p2: Aaron MA|Spikes\n|move|p2a: Pelipper|Ice Beam|p1a: Alucard\n|-supereffective|p1a: Alucard\n|-damage|p1a: Alucard|0 fnt\n|faint|p1a: Alucard\n|\n|-weather|RainDance|[upkeep]\n|upkeep\n|\n|t:|1700842890\n|switch|p1a: Vion ?|Dragapult, F|40\/100\n|turn|12\n|\n|t:|1700842896\n|move|p1a: Vion ?|Dragon Darts|p2a: Pelipper\n|-damage|p2a: Pelipper|72\/100\n|-anim|p1a: Vion ?|Dragon Darts|p2a: Pelipper\n|-damage|p2a: Pelipper|44\/100\n|move|p2a: Pelipper|U-turn|p1a: Vion ?\n|-resisted|p1a: Vion ?\n|-damage|p1a: Vion ?|34\/100\n|\n|t:|1700842904\n|switch|p2a: Floatzel|Floatzel, F|100\/100|[from] U-turn\n|-damage|p2a: Floatzel|76\/100|[from] Spikes\n|\n|-weather|RainDance|[upkeep]\n|upkeep\n|turn|13\n|\n|t:|1700842915\n|move|p2a: Floatzel|Ice Spinner|p1a: Vion ?\n|-supereffective|p1a: Vion ?\n|-damage|p1a: Vion ?|0 fnt\n|faint|p1a: Vion ?\n|\n|-weather|RainDance|[upkeep]\n|upkeep\n|\n|t:|1700842921\n|switch|p1a: Hisashiburi dana|Skeledirge, M|100\/100\n|turn|14\n|\n|t:|1700842929\n|move|p2a: Floatzel|Wave Crash|p1a: Hisashiburi dana\n|-supereffective|p1a: Hisashiburi dana\n|-damage|p1a: Hisashiburi dana|0 fnt\n|faint|p1a: Hisashiburi dana\n|-damage|p2a: Floatzel|32\/100|[from] Recoil\n|\n|-weather|RainDance|[upkeep]\n|upkeep\n|\n|t:|1700842939\n|switch|p1a: Emo futuriste|Iron Valiant|100\/100\n|-enditem|p1a: Emo futuriste|Booster Energy\n|-activate|p1a: Emo futuriste|ability: Quark Drive|[fromitem]\n|-start|p1a: Emo futuriste|quarkdrivespe\n|turn|15\n|\n|t:|1700842950\n|move|p2a: Floatzel|Wave Crash|p1a: Emo futuriste\n|-damage|p1a: Emo futuriste|0 fnt\n|faint|p1a: Emo futuriste\n|-end|p1a: Emo futuriste|Quark Drive|[silent]\n|-damage|p2a: Floatzel|1\/100|[from] Recoil\n|\n|-weather|RainDance|[upkeep]\n|upkeep\n|\n|t:|1700842956\n|switch|p1a: Boa|Enamorus, F|100\/100\n|turn|16\n|\n|t:|1700842962\n|-terastallize|p1a: Boa|Steel\n|move|p2a: Floatzel|Wave Crash|p1a: Boa\n|-damage|p1a: Boa|0 fnt\n|faint|p1a: Boa\n|-damage|p2a: Floatzel|0 fnt|[from] Recoil\n|faint|p2a: Floatzel\n|\n|win|Aaron MA\n","uploadtime":1700842967,"views":9,"p1id":"imhopitit","p2id":"aaronma","formatid":"gen9ubers","rating":0,"private":0,"password":""}