{"id":"gen9ubers-1989233066","p1":"bsball8806","p2":"dwagonhunter","format":"[Gen 9] Ubers","log":"|j|\u2606bsball8806\n|j|\u2606dwagonhunter\n|t:|1699826169\n|gametype|singles\n|player|p1|bsball8806|marlon|\n|player|p2|dwagonhunter|lance|\n|teamsize|p1|6\n|teamsize|p2|6\n|gen|9\n|tier|[Gen 9] Ubers\n|rule|Sleep Clause Mod: Limit one foe put to sleep\n|rule|Species Clause: Limit one of each Pok\u00e9mon\n|rule|OHKO Clause: OHKO moves are banned\n|rule|Evasion Items Clause: Evasion items are banned\n|rule|Evasion Moves Clause: Evasion moves are banned\n|rule|Endless Battle Clause: Forcing endless battles is banned\n|rule|HP Percentage Mod: HP is shown in percentages\n|clearpoke\n|poke|p1|Dragapult, M|\n|poke|p1|Cinderace, M|\n|poke|p1|Zarude|\n|poke|p1|Fezandipiti, M|\n|poke|p1|Corviknight, M|\n|poke|p1|Quagsire, M|\n|poke|p2|Avalugg-Hisui, F|\n|poke|p2|Ursaluna-Bloodmoon, M|\n|poke|p2|Torterra, F|\n|poke|p2|Alomomola, M|\n|poke|p2|Arcanine-Hisui, F|\n|poke|p2|Bronzong|\n|teampreview\n|c|\u2606bsball8806|gl hf!\n|c|\u2606dwagonhunter|u too\n|\n|t:|1699826252\n|start\n|switch|p1a: Quagsire|Quagsire, M|100\/100\n|switch|p2a: Ursaluna|Ursaluna-Bloodmoon, M|100\/100\n|turn|1\n|\n|t:|1699826285\n|switch|p1a: Corviknight|Corviknight, M|100\/100\n|-ability|p1a: Corviknight|Pressure\n|move|p2a: Ursaluna|Calm Mind|p2a: Ursaluna\n|-boost|p2a: Ursaluna|spa|1\n|-boost|p2a: Ursaluna|spd|1\n|\n|upkeep\n|turn|2\n|\n|t:|1699826325\n|move|p1a: Corviknight|Taunt|p2a: Ursaluna\n|-start|p2a: Ursaluna|move: Taunt\n|move|p2a: Ursaluna|Blood Moon|p1a: Corviknight\n|-resisted|p1a: Corviknight\n|-crit|p1a: Corviknight\n|-damage|p1a: Corviknight|28\/100\n|\n|-heal|p1a: Corviknight|34\/100|[from] item: Leftovers\n|upkeep\n|turn|3\n|\n|t:|1699826350\n|move|p2a: Ursaluna|Vacuum Wave|p1a: Corviknight\n|-damage|p1a: Corviknight|16\/100\n|move|p1a: Corviknight|Body Press|p2a: Ursaluna\n|-supereffective|p2a: Ursaluna\n|-damage|p2a: Ursaluna|76\/100\n|\n|-heal|p1a: Corviknight|23\/100|[from] item: Leftovers\n|-heal|p2a: Ursaluna|82\/100|[from] item: Leftovers\n|upkeep\n|turn|4\n|\n|t:|1699826410\n|move|p1a: Corviknight|Body Press|p2a: Ursaluna\n|-supereffective|p2a: Ursaluna\n|-damage|p2a: Ursaluna|56\/100\n|move|p2a: Ursaluna|Blood Moon|p1a: Corviknight\n|-resisted|p1a: Corviknight\n|-damage|p1a: Corviknight|0 fnt\n|faint|p1a: Corviknight\n|\n|-heal|p2a: Ursaluna|62\/100|[from] item: Leftovers\n|-end|p2a: Ursaluna|move: Taunt\n|upkeep\n|\n|t:|1699826438\n|switch|p1a: Zarude|Zarude|100\/100\n|turn|5\n|\n|t:|1699826450\n|move|p2a: Ursaluna|Vacuum Wave|p1a: Zarude\n|-supereffective|p1a: Zarude\n|-damage|p1a: Zarude|66\/100\n|move|p1a: Zarude|Power Whip|p2a: Ursaluna\n|-supereffective|p2a: Ursaluna\n|-damage|p2a: Ursaluna|0 fnt\n|faint|p2a: Ursaluna\n|\n|upkeep\n|\n|t:|1699826457\n|switch|p2a: Arcanine|Arcanine-Hisui, F|100\/100\n|turn|6\n|\n|t:|1699826475\n|switch|p2a: Torterra|Torterra, F|100\/100\n|move|p1a: Zarude|Stomping Tantrum|p2a: Torterra\n|-resisted|p2a: Torterra\n|-damage|p2a: Torterra|88\/100\n|\n|upkeep\n|turn|7\n|\n|t:|1699826503\n|move|p1a: Zarude|Knock Off|p2a: Torterra\n|-damage|p2a: Torterra|36\/100\n|-enditem|p2a: Torterra|Loaded Dice|[from] move: Knock Off|[of] p1a: Zarude\n|move|p2a: Torterra|Shell Smash|p2a: Torterra\n|-unboost|p2a: Torterra|def|1\n|-unboost|p2a: Torterra|spd|1\n|-boost|p2a: Torterra|atk|2\n|-boost|p2a: Torterra|spa|2\n|-boost|p2a: Torterra|spe|2\n|\n|upkeep\n|turn|8\n|\n|t:|1699826528\n|move|p2a: Torterra|Rock Blast|p1a: Zarude|[miss]\n|-miss|p2a: Torterra|p1a: Zarude\n|move|p1a: Zarude|Close Combat|p2a: Torterra\n|-damage|p2a: Torterra|0 fnt\n|-unboost|p1a: Zarude|def|1\n|-unboost|p1a: Zarude|spd|1\n|faint|p2a: Torterra\n|\n|upkeep\n|c|\u2606bsball8806|sry abt that\n|j| zLayton\n|\n|t:|1699826550\n|switch|p2a: Avalugg|Avalugg-Hisui, F, shiny|100\/100\n|turn|9\n|\n|t:|1699826582\n|move|p1a: Zarude|Knock Off|p2a: Avalugg\n|-damage|p2a: Avalugg|80\/100\n|-enditem|p2a: Avalugg|Heavy-Duty Boots|[from] move: Knock Off|[of] p1a: Zarude\n|move|p2a: Avalugg|Mountain Gale|p1a: Zarude\n|-supereffective|p1a: Zarude\n|-damage|p1a: Zarude|0 fnt\n|faint|p1a: Zarude\n|\n|upkeep\n|j| TheJuicyJake\n|\n|t:|1699826660\n|switch|p1a: Dragapult|Dragapult, M|100\/100\n|turn|10\n|\n|t:|1699826665\n|move|p1a: Dragapult|Shadow Ball|p2a: Avalugg\n|-damage|p2a: Avalugg|0 fnt\n|faint|p2a: Avalugg\n|\n|upkeep\n|\n|t:|1699826668\n|switch|p2a: Arcanine|Arcanine-Hisui, F|100\/100\n|turn|11\n|\n|t:|1699826679\n|switch|p1a: Quagsire|Quagsire, M|100\/100\n|move|p2a: Arcanine|Head Smash|p1a: Quagsire\n|-resisted|p1a: Quagsire\n|-damage|p1a: Quagsire|77\/100\n|\n|-heal|p1a: Quagsire|83\/100|[from] item: Leftovers\n|upkeep\n|turn|12\n|\n|t:|1699826702\n|switch|p2a: Bronzong|Bronzong|100\/100\n|move|p1a: Quagsire|Spikes|p2a: Bronzong\n|-sidestart|p2: dwagonhunter|Spikes\n|\n|-heal|p1a: Quagsire|89\/100|[from] item: Leftovers\n|upkeep\n|turn|13\n|\n|t:|1699826719\n|switch|p1a: Cinderace|Cinderace, M|100\/100\n|move|p2a: Bronzong|Psyshock|p1a: Cinderace\n|-damage|p1a: Cinderace|67\/100\n|\n|upkeep\n|turn|14\n|\n|t:|1699826743\n|move|p1a: Cinderace|Pyro Ball|p2a: Bronzong\n|-supereffective|p2a: Bronzong\n|-damage|p2a: Bronzong|0 fnt\n|faint|p2a: Bronzong\n|\n|upkeep\n|\n|t:|1699826751\n|switch|p2a: Alomomola|Alomomola, M|100\/100\n|-damage|p2a: Alomomola|88\/100|[from] Spikes\n|turn|15\n|\n|t:|1699826773\n|move|p1a: Cinderace|Electro Ball|p2a: Alomomola\n|-start|p1a: Cinderace|typechange|Electric|[from] ability: Libero\n|-supereffective|p2a: Alomomola\n|-damage|p2a: Alomomola|49\/100\n|move|p2a: Alomomola|Scald|p1a: Cinderace\n|-damage|p1a: Cinderace|48\/100\n|\n|upkeep\n|turn|16\n|\n|t:|1699826785\n|move|p1a: Cinderace|Electro Ball|p2a: Alomomola\n|-supereffective|p2a: Alomomola\n|-damage|p2a: Alomomola|8\/100\n|move|p2a: Alomomola|Scald|p1a: Cinderace\n|-damage|p1a: Cinderace|27\/100\n|\n|upkeep\n|turn|17\n|c| TheJuicyJake|lol when did they give him electro ball?\n|\n|t:|1699826792\n|move|p1a: Cinderace|Electro Ball|p2a: Alomomola\n|-supereffective|p2a: Alomomola\n|-damage|p2a: Alomomola|0 fnt\n|faint|p2a: Alomomola\n|\n|upkeep\n|\n|t:|1699826794\n|switch|p2a: Arcanine|Arcanine-Hisui, F|100\/100\n|-damage|p2a: Arcanine|88\/100|[from] Spikes\n|turn|18\n|\n|t:|1699826802\n|switch|p1a: Quagsire|Quagsire, M|89\/100\n|move|p2a: Arcanine|Head Smash|p1a: Quagsire\n|-resisted|p1a: Quagsire\n|-damage|p1a: Quagsire|64\/100\n|\n|-heal|p1a: Quagsire|70\/100|[from] item: Leftovers\n|upkeep\n|turn|19\n|\n|t:|1699826807\n|move|p2a: Arcanine|Head Smash|p1a: Quagsire\n|-resisted|p1a: Quagsire\n|-damage|p1a: Quagsire|43\/100\n|move|p1a: Quagsire|Earthquake|p2a: Arcanine\n|-supereffective|p2a: Arcanine\n|-damage|p2a: Arcanine|0 fnt\n|faint|p2a: Arcanine\n|\n|win|bsball8806\n","uploadtime":1699826812,"views":33,"p1id":"bsball8806","p2id":"dwagonhunter","formatid":"gen9ubers","rating":0,"private":0,"password":""}