{"id":"gen9ubers-1984428306","p1":"Mackarp129","p2":"Hydrolucario","format":"[Gen 9] Ubers","log":"|j|\u2606Mackarp129\n|j|\u2606Hydrolucario\n|t:|1699261961\n|gametype|singles\n|player|p1|Mackarp129|marley|\n|player|p2|Hydrolucario|266|\n|teamsize|p1|6\n|teamsize|p2|6\n|gen|9\n|tier|[Gen 9] Ubers\n|rule|Sleep Clause Mod: Limit one foe put to sleep\n|rule|Species Clause: Limit one of each Pok\u00e9mon\n|rule|OHKO Clause: OHKO moves are banned\n|rule|Evasion Items Clause: Evasion items are banned\n|rule|Evasion Moves Clause: Evasion moves are banned\n|rule|Endless Battle Clause: Forcing endless battles is banned\n|rule|HP Percentage Mod: HP is shown in percentages\n|clearpoke\n|poke|p1|Corviknight, F|\n|poke|p1|Greninja-*, M|\n|poke|p1|Hawlucha, F|\n|poke|p1|Espeon, F|\n|poke|p1|Grimmsnarl, M|\n|poke|p1|Naclstack, F|\n|poke|p2|Iron Treads|\n|poke|p2|Dachsbun, M|\n|poke|p2|Ogerpon, F|\n|poke|p2|Vaporeon, F|\n|poke|p2|Okidogi, M|\n|poke|p2|Roaring Moon|\n|teampreview\n|c|\u2606Hydrolucario|sorry steak was undercooked so i cooked it a bit longer\n|c|\u2606Mackarp129|all g\n|\n|t:|1699261993\n|start\n|switch|p1a: Naclstack|Naclstack, F|100\/100\n|switch|p2a: Ogerpon|Ogerpon, F|100\/100\n|turn|1\n|\n|t:|1699262002\n|switch|p1a: Hawlucha|Hawlucha, F|100\/100\n|move|p2a: Ogerpon|U-turn|p1a: Hawlucha\n|-resisted|p1a: Hawlucha\n|-damage|p1a: Hawlucha|92\/100\n|\n|t:|1699262019\n|switch|p2a: Dachsbun|Dachsbun, M|100\/100|[from] U-turn\n|\n|upkeep\n|turn|2\n|\n|t:|1699262027\n|-terastallize|p1a: Hawlucha|Flying\n|move|p1a: Hawlucha|Sky Attack||[still]\n|-prepare|p1a: Hawlucha|Sky Attack\n|-enditem|p1a: Hawlucha|Power Herb\n|-anim|p1a: Hawlucha|Sky Attack|p2a: Dachsbun|[miss]\n|-miss|p1a: Hawlucha|p2a: Dachsbun\n|move|p2a: Dachsbun|Draining Kiss|p1a: Hawlucha\n|-damage|p1a: Hawlucha|72\/100\n|\n|upkeep\n|turn|3\n|\n|t:|1699262044\n|move|p1a: Hawlucha|Iron Head|p2a: Dachsbun\n|-supereffective|p2a: Dachsbun\n|-damage|p2a: Dachsbun|55\/100\n|move|p2a: Dachsbun|Wish|p2a: Dachsbun\n|\n|-heal|p2a: Dachsbun|61\/100|[from] item: Leftovers\n|upkeep\n|turn|4\n|\n|t:|1699262057\n|move|p1a: Hawlucha|Acrobatics|p2a: Dachsbun\n|-damage|p2a: Dachsbun|2\/100\n|move|p2a: Dachsbun|Draining Kiss|p1a: Hawlucha\n|-damage|p1a: Hawlucha|53\/100\n|-heal|p2a: Dachsbun|15\/100|[from] drain|[of] p1a: Hawlucha\n|\n|-heal|p2a: Dachsbun|65\/100|[from] move: Wish|[wisher] Dachsbun\n|-heal|p2a: Dachsbun|71\/100|[from] item: Leftovers\n|upkeep\n|turn|5\n|\n|t:|1699262066\n|move|p2a: Dachsbun|Protect|p2a: Dachsbun\n|-singleturn|p2a: Dachsbun|Protect\n|move|p1a: Hawlucha|Iron Head|p2a: Dachsbun\n|-activate|p2a: Dachsbun|move: Protect\n|\n|-heal|p2a: Dachsbun|77\/100|[from] item: Leftovers\n|upkeep\n|turn|6\n|\n|t:|1699262079\n|move|p1a: Hawlucha|Iron Head|p2a: Dachsbun\n|-supereffective|p2a: Dachsbun\n|-damage|p2a: Dachsbun|34\/100\n|move|p2a: Dachsbun|Wish|p2a: Dachsbun\n|\n|-heal|p2a: Dachsbun|39\/100|[from] item: Leftovers\n|upkeep\n|turn|7\n|\n|t:|1699262088\n|move|p2a: Dachsbun|Protect|p2a: Dachsbun\n|-singleturn|p2a: Dachsbun|Protect\n|move|p1a: Hawlucha|Acrobatics|p2a: Dachsbun\n|-activate|p2a: Dachsbun|move: Protect\n|\n|-heal|p2a: Dachsbun|89\/100|[from] move: Wish|[wisher] Dachsbun\n|-heal|p2a: Dachsbun|95\/100|[from] item: Leftovers\n|upkeep\n|turn|8\n|\n|t:|1699262092\n|move|p1a: Hawlucha|Iron Head|p2a: Dachsbun\n|-supereffective|p2a: Dachsbun\n|-damage|p2a: Dachsbun|53\/100\n|move|p2a: Dachsbun|Draining Kiss|p1a: Hawlucha\n|-damage|p1a: Hawlucha|35\/100\n|-heal|p2a: Dachsbun|66\/100|[from] drain|[of] p1a: Hawlucha\n|\n|-heal|p2a: Dachsbun|72\/100|[from] item: Leftovers\n|upkeep\n|turn|9\n|\n|t:|1699262099\n|move|p2a: Dachsbun|Protect|p2a: Dachsbun\n|-singleturn|p2a: Dachsbun|Protect\n|move|p1a: Hawlucha|Iron Head|p2a: Dachsbun\n|-activate|p2a: Dachsbun|move: Protect\n|\n|-heal|p2a: Dachsbun|78\/100|[from] item: Leftovers\n|upkeep\n|turn|10\n|\n|t:|1699262105\n|move|p1a: Hawlucha|Iron Head|p2a: Dachsbun\n|-supereffective|p2a: Dachsbun\n|-damage|p2a: Dachsbun|29\/100\n|move|p2a: Dachsbun|Wish|p2a: Dachsbun\n|\n|-heal|p2a: Dachsbun|35\/100|[from] item: Leftovers\n|upkeep\n|turn|11\n|\n|t:|1699262127\n|switch|p1a: Grimmsnarl|Grimmsnarl, M|100\/100\n|move|p2a: Dachsbun|Protect||[still]\n|-fail|p2a: Dachsbun\n|\n|-heal|p2a: Dachsbun|85\/100|[from] move: Wish|[wisher] Dachsbun\n|-heal|p2a: Dachsbun|91\/100|[from] item: Leftovers\n|upkeep\n|turn|12\n|\n|t:|1699262137\n|move|p1a: Grimmsnarl|Light Screen|p1a: Grimmsnarl\n|-sidestart|p1: Mackarp129|move: Light Screen\n|move|p2a: Dachsbun|Draining Kiss|p1a: Grimmsnarl\n|-supereffective|p1a: Grimmsnarl\n|-damage|p1a: Grimmsnarl|90\/100\n|-heal|p2a: Dachsbun|100\/100|[from] drain|[of] p1a: Grimmsnarl\n|\n|upkeep\n|turn|13\n|\n|t:|1699262147\n|switch|p2a: Iron Treads|Iron Treads|100\/100\n|move|p1a: Grimmsnarl|Reflect|p1a: Grimmsnarl\n|-sidestart|p1: Mackarp129|Reflect\n|\n|upkeep\n|turn|14\n|\n|t:|1699262154\n|move|p1a: Grimmsnarl|Parting Shot|p2a: Iron Treads\n|-unboost|p2a: Iron Treads|atk|1\n|-unboost|p2a: Iron Treads|spa|1\n|\n|t:|1699262162\n|switch|p1a: Corviknight|Corviknight, F|100\/100|[from] Parting Shot\n|move|p2a: Iron Treads|Volt Switch|p1a: Corviknight\n|-supereffective|p1a: Corviknight\n|-damage|p1a: Corviknight|88\/100\n|\n|t:|1699262181\n|-end|p2a: Iron Treads|Quark Drive|[silent]\n|switch|p2a: Vaporeon|Vaporeon, F|100\/100|[from] Volt Switch\n|\n|upkeep\n|turn|15\n|\n|t:|1699262185\n|move|p2a: Vaporeon|Calm Mind|p2a: Vaporeon\n|-boost|p2a: Vaporeon|spa|1\n|-boost|p2a: Vaporeon|spd|1\n|move|p1a: Corviknight|Tailwind|p1a: Corviknight\n|-sidestart|p1: Mackarp129|move: Tailwind\n|\n|upkeep\n|turn|16\n|\n|t:|1699262200\n|switch|p1a: Greninja|Greninja, M|100\/100\n|move|p2a: Vaporeon|Calm Mind|p2a: Vaporeon\n|-boost|p2a: Vaporeon|spa|1\n|-boost|p2a: Vaporeon|spd|1\n|\n|upkeep\n|turn|17\n|\n|t:|1699262206\n|move|p1a: Greninja|Dark Pulse|p2a: Vaporeon\n|-damage|p2a: Vaporeon|89\/100\n|move|p2a: Vaporeon|Aqua Ring|p2a: Vaporeon\n|-start|p2a: Vaporeon|Aqua Ring\n|\n|-heal|p2a: Vaporeon|96\/100|[from] item: Leftovers\n|-heal|p2a: Vaporeon|100\/100|[from] Aqua Ring\n|upkeep\n|turn|18\n|\n|t:|1699262220\n|switch|p1a: Naclstack|Naclstack, F|100\/100\n|move|p2a: Vaporeon|Calm Mind|p2a: Vaporeon\n|-boost|p2a: Vaporeon|spa|1\n|-boost|p2a: Vaporeon|spd|1\n|\n|-sideend|p1: Mackarp129|move: Tailwind\n|upkeep\n|turn|19\n|\n|t:|1699262227\n|move|p2a: Vaporeon|Scald|p1a: Naclstack\n|-supereffective|p1a: Naclstack\n|-damage|p1a: Naclstack|36\/100\n|move|p1a: Naclstack|Salt Cure|p2a: Vaporeon\n|-damage|p2a: Vaporeon|90\/100\n|-start|p2a: Vaporeon|Salt Cure\n|\n|-heal|p2a: Vaporeon|96\/100|[from] item: Leftovers\n|-heal|p2a: Vaporeon|100\/100|[from] Aqua Ring\n|-damage|p2a: Vaporeon|75\/100|[from] Salt Cure\n|-sideend|p1: Mackarp129|move: Light Screen\n|upkeep\n|turn|20\n|\n|t:|1699262240\n|switch|p1a: Greninja|Greninja, M|100\/100\n|move|p2a: Vaporeon|Scald|p1a: Greninja\n|-resisted|p1a: Greninja\n|-damage|p1a: Greninja|39\/100\n|\n|-heal|p2a: Vaporeon|82\/100|[from] item: Leftovers\n|-heal|p2a: Vaporeon|88\/100|[from] Aqua Ring\n|-damage|p2a: Vaporeon|63\/100|[from] Salt Cure\n|-sideend|p1: Mackarp129|Reflect\n|upkeep\n|turn|21\n|\n|t:|1699262254\n|switch|p1a: Naclstack|Naclstack, F|36\/100\n|move|p2a: Vaporeon|Scald|p1a: Naclstack\n|-supereffective|p1a: Naclstack\n|-damage|p1a: Naclstack|0 fnt\n|faint|p1a: Naclstack\n|\n|-heal|p2a: Vaporeon|69\/100|[from] item: Leftovers\n|-heal|p2a: Vaporeon|75\/100|[from] Aqua Ring\n|-damage|p2a: Vaporeon|50\/100|[from] Salt Cure\n|upkeep\n|\n|t:|1699262265\n|switch|p1a: Grimmsnarl|Grimmsnarl, M|90\/100\n|turn|22\n|\n|t:|1699262274\n|switch|p2a: Dachsbun|Dachsbun, M|100\/100\n|move|p1a: Grimmsnarl|Light Screen|p1a: Grimmsnarl\n|-sidestart|p1: Mackarp129|move: Light Screen\n|\n|upkeep\n|turn|23\n|\n|t:|1699262280\n|move|p1a: Grimmsnarl|Parting Shot|p2a: Dachsbun\n|-unboost|p2a: Dachsbun|atk|1\n|-unboost|p2a: Dachsbun|spa|1\n|\n|t:|1699262286\n|switch|p1a: Corviknight|Corviknight, F|88\/100|[from] Parting Shot\n|move|p2a: Dachsbun|Wish|p2a: Dachsbun\n|\n|upkeep\n|turn|24\n|\n|t:|1699262291\n|switch|p2a: Vaporeon|Vaporeon, F|50\/100\n|move|p1a: Corviknight|Iron Defense|p1a: Corviknight\n|-boost|p1a: Corviknight|def|2\n|\n|-heal|p2a: Vaporeon|85\/100|[from] move: Wish|[wisher] Dachsbun\n|-heal|p2a: Vaporeon|91\/100|[from] item: Leftovers\n|upkeep\n|turn|25\n|\n|t:|1699262308\n|move|p2a: Vaporeon|Scald|p1a: Corviknight\n|-damage|p1a: Corviknight|73\/100\n|move|p1a: Corviknight|Body Press|p2a: Vaporeon\n|-damage|p2a: Vaporeon|37\/100\n|\n|-heal|p2a: Vaporeon|44\/100|[from] item: Leftovers\n|upkeep\n|turn|26\n|\n|t:|1699262319\n|switch|p2a: Okidogi|Okidogi, M|100\/100\n|move|p1a: Corviknight|Body Press|p2a: Okidogi\n|-resisted|p2a: Okidogi\n|-damage|p2a: Okidogi|77\/100\n|\n|upkeep\n|turn|27\n|\n|t:|1699262327\n|-terastallize|p2a: Okidogi|Electric\n|move|p2a: Okidogi|Tera Blast|p1a: Corviknight|[anim] Tera Blast Electric\n|-supereffective|p1a: Corviknight\n|-damage|p1a: Corviknight|29\/100\n|move|p1a: Corviknight|Iron Defense|p1a: Corviknight\n|-boost|p1a: Corviknight|def|2\n|\n|upkeep\n|turn|28\n|\n|t:|1699262339\n|move|p2a: Okidogi|Tera Blast|p1a: Corviknight|[anim] Tera Blast Electric\n|-supereffective|p1a: Corviknight\n|-damage|p1a: Corviknight|4\/100\n|move|p1a: Corviknight|Roost|p1a: Corviknight\n|-heal|p1a: Corviknight|54\/100\n|-singleturn|p1a: Corviknight|move: Roost\n|\n|upkeep\n|turn|29\n|\n|t:|1699262349\n|move|p2a: Okidogi|Tera Blast|p1a: Corviknight|[anim] Tera Blast Electric\n|-supereffective|p1a: Corviknight\n|-damage|p1a: Corviknight|27\/100\n|move|p1a: Corviknight|Roost|p1a: Corviknight\n|-heal|p1a: Corviknight|77\/100\n|-singleturn|p1a: Corviknight|move: Roost\n|\n|-sideend|p1: Mackarp129|move: Light Screen\n|upkeep\n|turn|30\n|\n|t:|1699262361\n|switch|p2a: Dachsbun|Dachsbun, M|100\/100\n|move|p1a: Corviknight|Body Press|p2a: Dachsbun\n|-resisted|p2a: Dachsbun\n|-damage|p2a: Dachsbun|65\/100\n|\n|-heal|p2a: Dachsbun|71\/100|[from] item: Leftovers\n|upkeep\n|turn|31\n|\n|t:|1699262370\n|move|p2a: Dachsbun|Snarl|p1a: Corviknight\n|-damage|p1a: Corviknight|69\/100\n|-ability|p1a: Corviknight|Mirror Armor\n|-unboost|p2a: Dachsbun|spa|1\n|move|p1a: Corviknight|Body Press|p2a: Dachsbun\n|-resisted|p2a: Dachsbun\n|-damage|p2a: Dachsbun|35\/100\n|\n|-heal|p2a: Dachsbun|41\/100|[from] item: Leftovers\n|upkeep\n|turn|32\n|\n|t:|1699262380\n|move|p2a: Dachsbun|Wish|p2a: Dachsbun\n|move|p1a: Corviknight|Iron Defense|p1a: Corviknight\n|-boost|p1a: Corviknight|def|2\n|\n|-heal|p2a: Dachsbun|47\/100|[from] item: Leftovers\n|upkeep\n|turn|33\n|\n|t:|1699262385\n|move|p2a: Dachsbun|Protect|p2a: Dachsbun\n|-singleturn|p2a: Dachsbun|Protect\n|move|p1a: Corviknight|Body Press|p2a: Dachsbun\n|-activate|p2a: Dachsbun|move: Protect\n|\n|-heal|p2a: Dachsbun|97\/100|[from] move: Wish|[wisher] Dachsbun\n|-heal|p2a: Dachsbun|100\/100|[from] item: Leftovers\n|upkeep\n|turn|34\n|\n|t:|1699262389\n|move|p2a: Dachsbun|Draining Kiss|p1a: Corviknight\n|-resisted|p1a: Corviknight\n|-damage|p1a: Corviknight|65\/100\n|-damage|p2a: Dachsbun|84\/100|[from] item: Rocky Helmet|[of] p1a: Corviknight\n|move|p1a: Corviknight|Body Press|p2a: Dachsbun\n|-resisted|p2a: Dachsbun\n|-damage|p2a: Dachsbun|34\/100\n|\n|-heal|p2a: Dachsbun|40\/100|[from] item: Leftovers\n|upkeep\n|turn|35\n|\n|t:|1699262398\n|move|p2a: Dachsbun|Protect|p2a: Dachsbun\n|-singleturn|p2a: Dachsbun|Protect\n|move|p1a: Corviknight|Tailwind|p1a: Corviknight\n|-sidestart|p1: Mackarp129|move: Tailwind\n|\n|-heal|p2a: Dachsbun|46\/100|[from] item: Leftovers\n|upkeep\n|turn|36\n|\n|t:|1699262409\n|switch|p2a: Vaporeon|Vaporeon, F|44\/100\n|move|p1a: Corviknight|Body Press|p2a: Vaporeon\n|-damage|p2a: Vaporeon|0 fnt\n|faint|p2a: Vaporeon\n|\n|upkeep\n|\n|t:|1699262411\n|switch|p2a: Dachsbun|Dachsbun, M|46\/100\n|turn|37\n|\n|t:|1699262418\n|move|p2a: Dachsbun|Protect|p2a: Dachsbun\n|-singleturn|p2a: Dachsbun|Protect\n|move|p1a: Corviknight|Roost|p1a: Corviknight\n|-heal|p1a: Corviknight|100\/100\n|-singleturn|p1a: Corviknight|move: Roost\n|\n|-heal|p2a: Dachsbun|52\/100|[from] item: Leftovers\n|upkeep\n|turn|38\n|\n|t:|1699262427\n|move|p1a: Corviknight|Body Press|p2a: Dachsbun\n|-resisted|p2a: Dachsbun\n|-damage|p2a: Dachsbun|5\/100\n|move|p2a: Dachsbun|Wish|p2a: Dachsbun\n|\n|-heal|p2a: Dachsbun|11\/100|[from] item: Leftovers\n|-sideend|p1: Mackarp129|move: Tailwind\n|upkeep\n|turn|39\n|\n|t:|1699262433\n|move|p2a: Dachsbun|Protect|p2a: Dachsbun\n|-singleturn|p2a: Dachsbun|Protect\n|move|p1a: Corviknight|Tailwind|p1a: Corviknight\n|-sidestart|p1: Mackarp129|move: Tailwind\n|\n|-heal|p2a: Dachsbun|61\/100|[from] move: Wish|[wisher] Dachsbun\n|-heal|p2a: Dachsbun|67\/100|[from] item: Leftovers\n|upkeep\n|turn|40\n|\n|t:|1699262441\n|move|p1a: Corviknight|Body Press|p2a: Dachsbun\n|-resisted|p2a: Dachsbun\n|-damage|p2a: Dachsbun|19\/100\n|move|p2a: Dachsbun|Wish|p2a: Dachsbun\n|\n|-heal|p2a: Dachsbun|25\/100|[from] item: Leftovers\n|upkeep\n|turn|41\n|\n|t:|1699262449\n|move|p2a: Dachsbun|Protect|p2a: Dachsbun\n|-singleturn|p2a: Dachsbun|Protect\n|move|p1a: Corviknight|Body Press|p2a: Dachsbun\n|-activate|p2a: Dachsbun|move: Protect\n|\n|-heal|p2a: Dachsbun|75\/100|[from] move: Wish|[wisher] Dachsbun\n|-heal|p2a: Dachsbun|81\/100|[from] item: Leftovers\n|upkeep\n|turn|42\n|\n|t:|1699262457\n|move|p1a: Corviknight|Body Press|p2a: Dachsbun\n|-resisted|p2a: Dachsbun\n|-damage|p2a: Dachsbun|29\/100\n|move|p2a: Dachsbun|Wish|p2a: Dachsbun\n|\n|-heal|p2a: Dachsbun|35\/100|[from] item: Leftovers\n|-sideend|p1: Mackarp129|move: Tailwind\n|upkeep\n|turn|43\n|\n|t:|1699262470\n|move|p2a: Dachsbun|Protect|p2a: Dachsbun\n|-singleturn|p2a: Dachsbun|Protect\n|move|p1a: Corviknight|Tailwind|p1a: Corviknight\n|-sidestart|p1: Mackarp129|move: Tailwind\n|\n|-heal|p2a: Dachsbun|85\/100|[from] move: Wish|[wisher] Dachsbun\n|-heal|p2a: Dachsbun|91\/100|[from] item: Leftovers\n|upkeep\n|turn|44\n|\n|t:|1699262484\n|move|p1a: Corviknight|Iron Defense|p1a: Corviknight\n|-boost|p1a: Corviknight|def|0\n|move|p2a: Dachsbun|Wish|p2a: Dachsbun\n|\n|-heal|p2a: Dachsbun|97\/100|[from] item: Leftovers\n|upkeep\n|turn|45\n|\n|t:|1699262490\n|move|p1a: Corviknight|Iron Defense|p1a: Corviknight\n|-boost|p1a: Corviknight|def|0\n|move|p2a: Dachsbun|Snarl|p1a: Corviknight\n|-damage|p1a: Corviknight|93\/100\n|-ability|p1a: Corviknight|Mirror Armor\n|-unboost|p2a: Dachsbun|spa|1\n|\n|-heal|p2a: Dachsbun|100\/100|[from] move: Wish|[wisher] Dachsbun\n|upkeep\n|turn|46\n|\n|t:|1699262502\n|move|p1a: Corviknight|Iron Defense|p1a: Corviknight\n|-boost|p1a: Corviknight|def|0\n|move|p2a: Dachsbun|Snarl|p1a: Corviknight\n|-damage|p1a: Corviknight|88\/100\n|-ability|p1a: Corviknight|Mirror Armor\n|-unboost|p2a: Dachsbun|spa|1\n|\n|-sideend|p1: Mackarp129|move: Tailwind\n|upkeep\n|turn|47\n|\n|t:|1699262512\n|move|p2a: Dachsbun|Snarl|p1a: Corviknight\n|-damage|p1a: Corviknight|84\/100\n|-ability|p1a: Corviknight|Mirror Armor\n|-unboost|p2a: Dachsbun|spa|1\n|move|p1a: Corviknight|Tailwind|p1a: Corviknight\n|-sidestart|p1: Mackarp129|move: Tailwind\n|\n|upkeep\n|turn|48\n|\n|t:|1699262519\n|move|p1a: Corviknight|Body Press|p2a: Dachsbun\n|-resisted|p2a: Dachsbun\n|-damage|p2a: Dachsbun|50\/100\n|move|p2a: Dachsbun|Snarl|p1a: Corviknight\n|-damage|p1a: Corviknight|80\/100\n|-ability|p1a: Corviknight|Mirror Armor\n|-unboost|p2a: Dachsbun|spa|1\n|\n|-heal|p2a: Dachsbun|56\/100|[from] item: Leftovers\n|upkeep\n|turn|49\n|\n|t:|1699262532\n|move|p1a: Corviknight|Iron Defense|p1a: Corviknight\n|-boost|p1a: Corviknight|def|0\n|move|p2a: Dachsbun|Wish|p2a: Dachsbun\n|\n|-heal|p2a: Dachsbun|62\/100|[from] item: Leftovers\n|upkeep\n|turn|50\n|\n|t:|1699262539\n|move|p1a: Corviknight|Iron Defense|p1a: Corviknight\n|-boost|p1a: Corviknight|def|0\n|move|p2a: Dachsbun|Snarl|p1a: Corviknight\n|-damage|p1a: Corviknight|77\/100\n|-ability|p1a: Corviknight|Mirror Armor\n|-unboost|p2a: Dachsbun|spa|1\n|\n|-heal|p2a: Dachsbun|100\/100|[from] move: Wish|[wisher] Dachsbun\n|-sideend|p1: Mackarp129|move: Tailwind\n|upkeep\n|turn|51\n|\n|t:|1699262555\n|move|p2a: Dachsbun|Snarl|p1a: Corviknight\n|-damage|p1a: Corviknight|75\/100\n|-ability|p1a: Corviknight|Mirror Armor\n|-unboost|p2a: Dachsbun|spa|1\n|move|p1a: Corviknight|Iron Defense|p1a: Corviknight\n|-boost|p1a: Corviknight|def|0\n|\n|upkeep\n|turn|52\n|\n|t:|1699262566\n|switch|p2a: Iron Treads|Iron Treads|100\/100\n|move|p1a: Corviknight|Tailwind|p1a: Corviknight\n|-sidestart|p1: Mackarp129|move: Tailwind\n|\n|upkeep\n|turn|53\n|\n|t:|1699262571\n|-end|p2a: Iron Treads|Quark Drive|[silent]\n|switch|p2a: Dachsbun|Dachsbun, M|100\/100\n|move|p1a: Corviknight|Body Press|p2a: Dachsbun\n|-resisted|p2a: Dachsbun\n|-damage|p2a: Dachsbun|53\/100\n|\n|-heal|p2a: Dachsbun|59\/100|[from] item: Leftovers\n|upkeep\n|turn|54\n|\n|t:|1699262579\n|move|p2a: Dachsbun|Protect|p2a: Dachsbun\n|-singleturn|p2a: Dachsbun|Protect\n|move|p1a: Corviknight|Body Press|p2a: Dachsbun\n|-activate|p2a: Dachsbun|move: Protect\n|\n|-heal|p2a: Dachsbun|65\/100|[from] item: Leftovers\n|upkeep\n|turn|55\n|\n|t:|1699262585\n|move|p1a: Corviknight|Iron Defense|p1a: Corviknight\n|-boost|p1a: Corviknight|def|0\n|move|p2a: Dachsbun|Wish|p2a: Dachsbun\n|\n|-heal|p2a: Dachsbun|71\/100|[from] item: Leftovers\n|-sideend|p1: Mackarp129|move: Tailwind\n|upkeep\n|turn|56\n|\n|t:|1699262591\n|move|p2a: Dachsbun|Snarl|p1a: Corviknight\n|-damage|p1a: Corviknight|66\/100\n|-ability|p1a: Corviknight|Mirror Armor\n|-unboost|p2a: Dachsbun|spa|1\n|move|p1a: Corviknight|Tailwind|p1a: Corviknight\n|-sidestart|p1: Mackarp129|move: Tailwind\n|\n|-heal|p2a: Dachsbun|100\/100|[from] move: Wish|[wisher] Dachsbun\n|upkeep\n|turn|57\n|c|\u2606Mackarp129|so hows your day\n|\n|t:|1699262603\n|move|p1a: Corviknight|Roost|p1a: Corviknight\n|-heal|p1a: Corviknight|100\/100\n|-singleturn|p1a: Corviknight|move: Roost\n|move|p2a: Dachsbun|Snarl|p1a: Corviknight\n|-damage|p1a: Corviknight|95\/100\n|-ability|p1a: Corviknight|Mirror Armor\n|-unboost|p2a: Dachsbun|spa|1\n|\n|upkeep\n|turn|58\n|c|\u2606Hydrolucario|yeah alright\n|\n|t:|1699262613\n|move|p1a: Corviknight|Iron Defense|p1a: Corviknight\n|-boost|p1a: Corviknight|def|0\n|move|p2a: Dachsbun|Snarl|p1a: Corviknight\n|-damage|p1a: Corviknight|90\/100\n|-ability|p1a: Corviknight|Mirror Armor\n|-unboost|p2a: Dachsbun|spa|1\n|\n|upkeep\n|turn|59\n|c|\u2606Hydrolucario|you do much today or not really?\n|c|\u2606Mackarp129|not really\n|\n|t:|1699262636\n|move|p1a: Corviknight|Iron Defense|p1a: Corviknight\n|-boost|p1a: Corviknight|def|0\n|move|p2a: Dachsbun|Snarl|p1a: Corviknight\n|-damage|p1a: Corviknight|87\/100\n|-ability|p1a: Corviknight|Mirror Armor\n|-unboost|p2a: Dachsbun|spa|1\n|\n|-sideend|p1: Mackarp129|move: Tailwind\n|upkeep\n|turn|60\n|\n|t:|1699262645\n|switch|p2a: Iron Treads|Iron Treads|100\/100\n|move|p1a: Corviknight|Body Press|p2a: Iron Treads\n|-supereffective|p2a: Iron Treads\n|-crit|p2a: Iron Treads\n|-damage|p2a: Iron Treads|0 fnt\n|faint|p2a: Iron Treads\n|-end|p2a: Iron Treads|Quark Drive|[silent]\n|\n|upkeep\n|\n|t:|1699262648\n|switch|p2a: Dachsbun|Dachsbun, M|100\/100\n|turn|61\n|\n|t:|1699262656\n|move|p2a: Dachsbun|Snarl|p1a: Corviknight\n|-damage|p1a: Corviknight|79\/100\n|-ability|p1a: Corviknight|Mirror Armor\n|-unboost|p2a: Dachsbun|spa|1\n|move|p1a: Corviknight|Tailwind|p1a: Corviknight\n|-sidestart|p1: Mackarp129|move: Tailwind\n|\n|upkeep\n|turn|62\n|\n|t:|1699262665\n|move|p1a: Corviknight|Iron Defense|p1a: Corviknight\n|-boost|p1a: Corviknight|def|0\n|move|p2a: Dachsbun|Snarl|p1a: Corviknight\n|-damage|p1a: Corviknight|74\/100\n|-ability|p1a: Corviknight|Mirror Armor\n|-unboost|p2a: Dachsbun|spa|1\n|\n|upkeep\n|turn|63\n|\n|t:|1699262681\n|switch|p2a: Ogerpon|Ogerpon, F|100\/100\n|move|p1a: Corviknight|Tailwind||[still]\n|-fail|p1a: Corviknight\n|\n|upkeep\n|turn|64\n|\n|t:|1699262687\n|move|p2a: Ogerpon|Spikes|p1a: Corviknight\n|-sidestart|p1: Mackarp129|Spikes\n|move|p1a: Corviknight|Roost|p1a: Corviknight\n|-heal|p1a: Corviknight|100\/100\n|-singleturn|p1a: Corviknight|move: Roost\n|\n|-sideend|p1: Mackarp129|move: Tailwind\n|upkeep\n|turn|65\n|\n|t:|1699262694\n|switch|p2a: Dachsbun|Dachsbun, M|100\/100\n|move|p1a: Corviknight|Tailwind|p1a: Corviknight\n|-sidestart|p1: Mackarp129|move: Tailwind\n|\n|upkeep\n|turn|66\n|\n|t:|1699262701\n|switch|p1a: Greninja|Greninja, M|39\/100\n|-damage|p1a: Greninja|27\/100|[from] Spikes\n|move|p2a: Dachsbun|Snarl|p1a: Greninja\n|-resisted|p1a: Greninja\n|-damage|p1a: Greninja|20\/100\n|-unboost|p1a: Greninja|spa|1\n|\n|upkeep\n|turn|67\n|\n|t:|1699262709\n|move|p1a: Greninja|Hydro Pump|p2a: Dachsbun\n|-damage|p2a: Dachsbun|72\/100\n|move|p2a: Dachsbun|Draining Kiss|p1a: Greninja\n|-supereffective|p1a: Greninja\n|-damage|p1a: Greninja|0 fnt\n|-heal|p2a: Dachsbun|85\/100|[from] drain|[of] p1a: Greninja\n|faint|p1a: Greninja\n|\n|-heal|p2a: Dachsbun|91\/100|[from] item: Leftovers\n|upkeep\n|c|\u2606Mackarp129|how tf\n|c|\u2606Mackarp129|did you take that little\n|c|\u2606Hydrolucario|sp.def invested\n|c|\u2606Mackarp129|thats actually kinda insane\n|\n|t:|1699262735\n|switch|p1a: Espeon|Espeon, F|100\/100\n|-damage|p1a: Espeon|88\/100|[from] Spikes\n|turn|68\n|\n|t:|1699262739\n|move|p1a: Espeon|Calm Mind|p1a: Espeon\n|-boost|p1a: Espeon|spa|1\n|-boost|p1a: Espeon|spd|1\n|move|p2a: Dachsbun|Snarl|p1a: Espeon\n|-supereffective|p1a: Espeon\n|-damage|p1a: Espeon|77\/100\n|-unboost|p1a: Espeon|spa|1\n|\n|-heal|p1a: Espeon|83\/100|[from] item: Leftovers\n|-heal|p2a: Dachsbun|97\/100|[from] item: Leftovers\n|-sideend|p1: Mackarp129|move: Tailwind\n|upkeep\n|turn|69\n|\n|t:|1699262749\n|move|p1a: Espeon|Calm Mind|p1a: Espeon\n|-boost|p1a: Espeon|spa|1\n|-boost|p1a: Espeon|spd|1\n|move|p2a: Dachsbun|Snarl|p1a: Espeon\n|-supereffective|p1a: Espeon\n|-damage|p1a: Espeon|74\/100\n|-unboost|p1a: Espeon|spa|1\n|\n|-heal|p1a: Espeon|80\/100|[from] item: Leftovers\n|-heal|p2a: Dachsbun|100\/100|[from] item: Leftovers\n|upkeep\n|turn|70\n|\n|t:|1699262759\n|switch|p2a: Ogerpon|Ogerpon, F|100\/100\n|move|p1a: Espeon|Calm Mind|p1a: Espeon\n|-boost|p1a: Espeon|spa|1\n|-boost|p1a: Espeon|spd|1\n|\n|-heal|p1a: Espeon|86\/100|[from] item: Leftovers\n|upkeep\n|turn|71\n|\n|t:|1699262767\n|move|p2a: Ogerpon|U-turn|p1a: Espeon\n|-supereffective|p1a: Espeon\n|-crit|p1a: Espeon\n|-damage|p1a: Espeon|14\/100\n|\n|t:|1699262769\n|switch|p2a: Dachsbun|Dachsbun, M|100\/100|[from] U-turn\n|move|p1a: Espeon|Stored Power|p2a: Dachsbun\n|-damage|p2a: Dachsbun|40\/100\n|\n|-heal|p1a: Espeon|20\/100|[from] item: Leftovers\n|-heal|p2a: Dachsbun|46\/100|[from] item: Leftovers\n|upkeep\n|turn|72\n|\n|t:|1699262781\n|move|p2a: Dachsbun|Protect|p2a: Dachsbun\n|-singleturn|p2a: Dachsbun|Protect\n|move|p1a: Espeon|Morning Sun|p1a: Espeon\n|-heal|p1a: Espeon|70\/100\n|\n|-heal|p1a: Espeon|76\/100|[from] item: Leftovers\n|-heal|p2a: Dachsbun|52\/100|[from] item: Leftovers\n|upkeep\n|turn|73\n|\n|t:|1699262795\n|switch|p1a: Hawlucha|Hawlucha, F, tera:Flying|35\/100\n|move|p2a: Dachsbun|Wish|p2a: Dachsbun\n|\n|-heal|p2a: Dachsbun|58\/100|[from] item: Leftovers\n|upkeep\n|turn|74\n|\n|t:|1699262802\n|move|p1a: Hawlucha|Sky Attack||[still]\n|-prepare|p1a: Hawlucha|Sky Attack\n|move|p2a: Dachsbun|Draining Kiss|p1a: Hawlucha\n|-damage|p1a: Hawlucha|18\/100\n|-heal|p2a: Dachsbun|70\/100|[from] drain|[of] p1a: Hawlucha\n|\n|-heal|p2a: Dachsbun|100\/100|[from] move: Wish|[wisher] Dachsbun\n|upkeep\n|turn|75\n|\n|t:|1699262810\n|move|p2a: Dachsbun|Protect|p2a: Dachsbun\n|-singleturn|p2a: Dachsbun|Protect\n|move|p1a: Hawlucha|Sky Attack|p2a: Dachsbun|[from]lockedmove\n|-activate|p2a: Dachsbun|move: Protect\n|\n|upkeep\n|turn|76\n|\n|t:|1699262817\n|move|p1a: Hawlucha|Iron Head|p2a: Dachsbun\n|-supereffective|p2a: Dachsbun\n|-damage|p2a: Dachsbun|55\/100\n|move|p2a: Dachsbun|Draining Kiss|p1a: Hawlucha\n|-damage|p1a: Hawlucha|0 fnt\n|-heal|p2a: Dachsbun|67\/100|[from] drain|[of] p1a: Hawlucha\n|faint|p1a: Hawlucha\n|\n|-heal|p2a: Dachsbun|73\/100|[from] item: Leftovers\n|upkeep\n|\n|t:|1699262826\n|switch|p1a: Grimmsnarl|Grimmsnarl, M|90\/100\n|-damage|p1a: Grimmsnarl|77\/100|[from] Spikes\n|turn|77\n|\n|t:|1699262837\n|switch|p2a: Ogerpon|Ogerpon, F|100\/100\n|move|p1a: Grimmsnarl|Body Slam|p2a: Ogerpon\n|-damage|p2a: Ogerpon|70\/100\n|\n|upkeep\n|turn|78\n|\n|t:|1699262847\n|move|p1a: Grimmsnarl|Parting Shot|p2a: Ogerpon\n|-unboost|p2a: Ogerpon|atk|1\n|-ability|p2a: Ogerpon|Defiant|boost\n|-boost|p2a: Ogerpon|atk|2\n|-unboost|p2a: Ogerpon|spa|1\n|-ability|p2a: Ogerpon|Defiant|boost\n|-boost|p2a: Ogerpon|atk|2\n|\n|t:|1699262857\n|switch|p1a: Corviknight|Corviknight, F|100\/100|[from] Parting Shot\n|move|p2a: Ogerpon|U-turn|p1a: Corviknight\n|-resisted|p1a: Corviknight\n|-damage|p1a: Corviknight|91\/100\n|-damage|p2a: Ogerpon|54\/100|[from] item: Rocky Helmet|[of] p1a: Corviknight\n|\n|t:|1699262865\n|switch|p2a: Okidogi|Okidogi, M, tera:Electric|77\/100|[from] U-turn\n|\n|upkeep\n|turn|79\n|\n|t:|1699262870\n|move|p2a: Okidogi|Tera Blast|p1a: Corviknight|[anim] Tera Blast Electric\n|-supereffective|p1a: Corviknight\n|-damage|p1a: Corviknight|13\/100\n|move|p1a: Corviknight|Iron Defense|p1a: Corviknight\n|-boost|p1a: Corviknight|def|2\n|\n|upkeep\n|turn|80\n|\n|t:|1699262879\n|switch|p1a: Grimmsnarl|Grimmsnarl, M|77\/100\n|-damage|p1a: Grimmsnarl|65\/100|[from] Spikes\n|move|p2a: Okidogi|Tera Blast|p1a: Grimmsnarl|[anim] Tera Blast Electric\n|-damage|p1a: Grimmsnarl|8\/100\n|-status|p1a: Grimmsnarl|tox|[from] ability: Toxic Chain|[of] p2a: Okidogi\n|\n|-damage|p1a: Grimmsnarl|2\/100 tox|[from] psn\n|upkeep\n|turn|81\n|\n|t:|1699262890\n|switch|p2a: Roaring Moon|Roaring Moon|100\/100\n|-enditem|p2a: Roaring Moon|Booster Energy\n|-activate|p2a: Roaring Moon|ability: Protosynthesis|[fromitem]\n|-start|p2a: Roaring Moon|protosynthesisatk\n|move|p1a: Grimmsnarl|Reflect|p1a: Grimmsnarl\n|-sidestart|p1: Mackarp129|Reflect\n|\n|-damage|p1a: Grimmsnarl|0 fnt|[from] psn\n|faint|p1a: Grimmsnarl\n|upkeep\n|\n|t:|1699262897\n|switch|p1a: Corviknight|Corviknight, F|13\/100\n|turn|82\n|\n|t:|1699262907\n|move|p2a: Roaring Moon|Dragon Dance|p2a: Roaring Moon\n|-boost|p2a: Roaring Moon|atk|1\n|-boost|p2a: Roaring Moon|spe|1\n|move|p1a: Corviknight|Body Press|p2a: Roaring Moon\n|-supereffective|p2a: Roaring Moon\n|-damage|p2a: Roaring Moon|35\/100\n|\n|upkeep\n|turn|83\n|\n|t:|1699262914\n|move|p2a: Roaring Moon|Dragon Dance|p2a: Roaring Moon\n|-boost|p2a: Roaring Moon|atk|1\n|-boost|p2a: Roaring Moon|spe|1\n|move|p1a: Corviknight|Iron Defense|p1a: Corviknight\n|-boost|p1a: Corviknight|def|2\n|\n|upkeep\n|turn|84\n|\n|t:|1699262921\n|move|p2a: Roaring Moon|Dragon Dance|p2a: Roaring Moon\n|-boost|p2a: Roaring Moon|atk|1\n|-boost|p2a: Roaring Moon|spe|1\n|move|p1a: Corviknight|Iron Defense|p1a: Corviknight\n|-boost|p1a: Corviknight|def|2\n|\n|upkeep\n|turn|85\n|\n|t:|1699262929\n|move|p2a: Roaring Moon|Tera Blast|p1a: Corviknight\n|-resisted|p1a: Corviknight\n|-damage|p1a: Corviknight|8\/100\n|move|p1a: Corviknight|Tailwind|p1a: Corviknight\n|-sidestart|p1: Mackarp129|move: Tailwind\n|\n|upkeep\n|turn|86\n|\n|t:|1699262935\n|move|p2a: Roaring Moon|Tera Blast|p1a: Corviknight\n|-resisted|p1a: Corviknight\n|-damage|p1a: Corviknight|2\/100\n|move|p1a: Corviknight|Iron Defense|p1a: Corviknight\n|-boost|p1a: Corviknight|def|2\n|\n|upkeep\n|turn|87\n|\n|t:|1699262942\n|move|p2a: Roaring Moon|Tera Blast|p1a: Corviknight\n|-resisted|p1a: Corviknight\n|-damage|p1a: Corviknight|0 fnt\n|faint|p1a: Corviknight\n|\n|upkeep\n|\n|t:|1699262946\n|switch|p1a: Espeon|Espeon, F|76\/100\n|-damage|p1a: Espeon|64\/100|[from] Spikes\n|turn|88\n|\n|t:|1699262951\n|move|p2a: Roaring Moon|Jaw Lock|p1a: Espeon\n|-supereffective|p1a: Espeon\n|-crit|p1a: Espeon\n|-damage|p1a: Espeon|0 fnt\n|faint|p1a: Espeon\n|\n|win|Hydrolucario\n|c|\u2606Hydrolucario|gg\n|c|\u2606Mackarp129|im not gg's that\n|c|\u2606Mackarp129|you played that\n|c|\u2606Mackarp129|so fucking lame\n|c|\u2606Hydrolucario|hey man\n|c|\u2606Hydrolucario|win con\n|c|\u2606Mackarp129|actually\n|c|\u2606Mackarp129|get a life\n|c|\u2606Hydrolucario|u2 man\n","uploadtime":1699262979,"views":15,"p1id":"mackarp129","p2id":"hydrolucario","formatid":"gen9ubers","rating":0,"private":0,"password":""}