{"id":"gen9ubers-1993769258","p1":"rectreemz","p2":"SFHSFH","format":"[Gen 9] Ubers","log":"|j|\u2606rectreemz\n|j|\u2606SFHSFH\n|t:|1700355075\n|gametype|singles\n|player|p1|rectreemz|101|1123\n|player|p2|SFHSFH|youngster|1252\n|teamsize|p1|6\n|teamsize|p2|6\n|gen|9\n|tier|[Gen 9] Ubers\n|rated|\n|rule|Sleep Clause Mod: Limit one foe put to sleep\n|rule|Species Clause: Limit one of each Pok\u00e9mon\n|rule|OHKO Clause: OHKO moves are banned\n|rule|Evasion Items Clause: Evasion items are banned\n|rule|Evasion Moves Clause: Evasion moves are banned\n|rule|Endless Battle Clause: Forcing endless battles is banned\n|rule|HP Percentage Mod: HP is shown in percentages\n|clearpoke\n|poke|p1|Koraidon|\n|poke|p1|Flutter Mane|\n|poke|p1|Miraidon|\n|poke|p1|Skeledirge, F|\n|poke|p1|Landorus, M|\n|poke|p1|Giratina-Origin|\n|poke|p2|Ogerpon-Hearthflame, F|\n|poke|p2|Regieleki|\n|poke|p2|Ditto|\n|poke|p2|Espathra, F|\n|poke|p2|Groudon|\n|poke|p2|Kyogre|\n|teampreview\n|inactive|Battle timer is ON: inactive players will automatically lose when time's up. (requested by rectreemz)\n|\n|t:|1700355081\n|start\n|switch|p1a: Landorus|Landorus, M|100\/100\n|switch|p2a: Groudon|Groudon|100\/100\n|-weather|SunnyDay|[from] ability: Drought|[of] p2a: Groudon\n|turn|1\n|\n|t:|1700355089\n|move|p1a: Landorus|Stealth Rock|p2a: Groudon\n|-sidestart|p2: SFHSFH|move: Stealth Rock\n|move|p2a: Groudon|Stealth Rock|p1a: Landorus\n|-sidestart|p1: rectreemz|move: Stealth Rock\n|\n|-weather|SunnyDay|[upkeep]\n|upkeep\n|turn|2\n|\n|t:|1700355092\n|switch|p2a: Kyogre|Kyogre|100\/100\n|-damage|p2a: Kyogre|88\/100|[from] Stealth Rock\n|-weather|RainDance|[from] ability: Drizzle|[of] p2a: Kyogre\n|move|p1a: Landorus|Nasty Plot|p1a: Landorus\n|-boost|p1a: Landorus|spa|2\n|\n|-weather|RainDance|[upkeep]\n|upkeep\n|turn|3\n|\n|t:|1700355097\n|move|p1a: Landorus|Earth Power|p2a: Kyogre\n|-damage|p2a: Kyogre|25\/100\n|move|p2a: Kyogre|Ice Beam|p1a: Landorus\n|-supereffective|p1a: Landorus\n|-damage|p1a: Landorus|0 fnt\n|faint|p1a: Landorus\n|\n|-weather|RainDance|[upkeep]\n|upkeep\n|\n|t:|1700355103\n|switch|p1a: Koraidon|Koraidon|100\/100\n|-damage|p1a: Koraidon|94\/100|[from] Stealth Rock\n|-weather|SunnyDay|[from] ability: Orichalcum Pulse|[of] p1a: Koraidon\n|-activate|p1a: Koraidon|Orichalcum Pulse|[source]\n|turn|4\n|\n|t:|1700355111\n|switch|p2a: Groudon|Groudon|100\/100\n|-damage|p2a: Groudon|94\/100|[from] Stealth Rock\n|move|p1a: Koraidon|U-turn|p2a: Groudon\n|-damage|p2a: Groudon|71\/100\n|\n|t:|1700355115\n|switch|p1a: Flutter Mane|Flutter Mane|100\/100|[from] U-turn\n|-damage|p1a: Flutter Mane|88\/100|[from] Stealth Rock\n|-activate|p1a: Flutter Mane|ability: Protosynthesis\n|-start|p1a: Flutter Mane|protosynthesisspe\n|\n|-weather|SunnyDay|[upkeep]\n|upkeep\n|turn|5\n|j| Semiterete\n|\n|t:|1700355136\n|move|p1a: Flutter Mane|Moonblast|p2a: Groudon\n|-damage|p2a: Groudon|0 fnt\n|faint|p2a: Groudon\n|\n|-weather|SunnyDay|[upkeep]\n|upkeep\n|\n|t:|1700355145\n|switch|p2a: Ditto|Ditto|100\/100\n|-damage|p2a: Ditto|88\/100|[from] Stealth Rock\n|-transform|p2a: Ditto|p1a: Flutter Mane|[from] ability: Imposter\n|turn|6\n|\n|t:|1700355157\n|-terastallize|p1a: Flutter Mane|Water\n|move|p1a: Flutter Mane|Moonblast|p2a: Ditto\n|-damage|p2a: Ditto|23\/100\n|move|p2a: Ditto|Shadow Ball|p1a: Flutter Mane\n|-damage|p1a: Flutter Mane|45\/100\n|\n|-weather|SunnyDay|[upkeep]\n|upkeep\n|turn|7\n|\n|t:|1700355172\n|move|p2a: Ditto|Shadow Ball|p1a: Flutter Mane\n|-damage|p1a: Flutter Mane|0 fnt\n|faint|p1a: Flutter Mane\n|-end|p1a: Flutter Mane|Protosynthesis|[silent]\n|\n|-weather|SunnyDay|[upkeep]\n|upkeep\n|\n|t:|1700355180\n|switch|p1a: Miraidon|Miraidon|100\/100\n|-damage|p1a: Miraidon|88\/100|[from] Stealth Rock\n|-fieldstart|move: Electric Terrain|[from] ability: Hadron Engine|[of] p1a: Miraidon\n|turn|8\n|\n|t:|1700355183\n|move|p2a: Ditto|Shadow Ball|p1a: Miraidon\n|-damage|p1a: Miraidon|52\/100\n|move|p1a: Miraidon|Electro Drift|p2a: Ditto\n|-damage|p2a: Ditto|0 fnt\n|faint|p2a: Ditto\n|-end|p2a: Ditto|Protosynthesis|[silent]\n|\n|-weather|none\n|upkeep\n|\n|t:|1700355185\n|switch|p2a: Regieleki|Regieleki|100\/100\n|-damage|p2a: Regieleki|88\/100|[from] Stealth Rock\n|-item|p2a: Regieleki|Air Balloon\n|turn|9\n|\n|t:|1700355194\n|switch|p1a: Skeledirge|Skeledirge, F|100\/100\n|move|p2a: Regieleki|Rapid Spin|p1a: Skeledirge\n|-immune|p1a: Skeledirge\n|\n|upkeep\n|turn|10\n|\n|t:|1700355200\n|move|p2a: Regieleki|Volt Switch|p1a: Skeledirge\n|-damage|p1a: Skeledirge|71\/100\n|\n|t:|1700355205\n|switch|p2a: Ogerpon|Ogerpon-Hearthflame, F|100\/100|[from] Volt Switch\n|-damage|p2a: Ogerpon|76\/100|[from] Stealth Rock\n|-ability|p2a: Ogerpon|Mold Breaker\n|move|p1a: Skeledirge|Torch Song|p2a: Ogerpon\n|-damage|p2a: Ogerpon|42\/100\n|-boost|p1a: Skeledirge|spa|1\n|\n|upkeep\n|turn|11\n|\n|t:|1700355215\n|-terastallize|p2a: Ogerpon|Fire\n|detailschange|p2a: Ogerpon|Ogerpon-Hearthflame-Tera, F, tera:Fire\n|-ability|p2a: Ogerpon|Embody Aspect (Hearthflame)|boost\n|-boost|p2a: Ogerpon|atk|1\n|move|p2a: Ogerpon|Stomping Tantrum|p1a: Skeledirge\n|-supereffective|p1a: Skeledirge\n|-damage|p1a: Skeledirge|23\/100\n|move|p1a: Skeledirge|Torch Song|p2a: Ogerpon\n|-resisted|p2a: Ogerpon\n|-damage|p2a: Ogerpon|17\/100\n|-boost|p1a: Skeledirge|spa|1\n|\n|upkeep\n|turn|12\n|\n|t:|1700355225\n|switch|p1a: Giratina|Giratina-Origin|100\/100\n|-damage|p1a: Giratina|88\/100|[from] Stealth Rock\n|move|p2a: Ogerpon|Stomping Tantrum|p1a: Giratina\n|-immune|p1a: Giratina|[from] ability: Levitate\n|\n|-fieldend|move: Electric Terrain\n|upkeep\n|turn|13\n|\n|t:|1700355232\n|move|p2a: Ogerpon|Horn Leech|p1a: Giratina\n|-resisted|p1a: Giratina\n|-damage|p1a: Giratina|66\/100\n|-heal|p2a: Ogerpon|35\/100|[from] drain|[of] p1a: Giratina\n|move|p1a: Giratina|Thunder Wave|p2a: Ogerpon\n|-status|p2a: Ogerpon|par\n|\n|upkeep\n|turn|14\n|\n|t:|1700355239\n|switch|p1a: Skeledirge|Skeledirge, F|23\/100\n|move|p2a: Ogerpon|Ivy Cudgel|p1a: Skeledirge|[anim] Ivy Cudgel Fire\n|-resisted|p1a: Skeledirge\n|-damage|p1a: Skeledirge|0 fnt\n|faint|p1a: Skeledirge\n|\n|upkeep\n|\n|t:|1700355246\n|switch|p1a: Koraidon|Koraidon|94\/100\n|-damage|p1a: Koraidon|88\/100|[from] Stealth Rock\n|-weather|SunnyDay|[from] ability: Orichalcum Pulse|[of] p1a: Koraidon\n|-activate|p1a: Koraidon|Orichalcum Pulse|[source]\n|turn|15\n|\n|t:|1700355258\n|move|p1a: Koraidon|Outrage|p2a: Ogerpon\n|-damage|p2a: Ogerpon|0 fnt\n|faint|p2a: Ogerpon\n|\n|-weather|SunnyDay|[upkeep]\n|upkeep\n|\n|t:|1700355273\n|switch|p2a: Regieleki|Regieleki|88\/100\n|-damage|p2a: Regieleki|76\/100|[from] Stealth Rock\n|-item|p2a: Regieleki|Air Balloon\n|turn|16\n|\n|t:|1700355279\n|move|p1a: Koraidon|Outrage|p2a: Regieleki|[from]lockedmove\n|-damage|p2a: Regieleki|0 fnt\n|-enditem|p2a: Regieleki|Air Balloon\n|faint|p2a: Regieleki\n|\n|-weather|SunnyDay|[upkeep]\n|upkeep\n|\n|t:|1700355282\n|switch|p2a: Espathra|Espathra, F|100\/100\n|-damage|p2a: Espathra|88\/100|[from] Stealth Rock\n|turn|17\n|\n|t:|1700355285\n|move|p1a: Koraidon|Outrage|p2a: Espathra|[from]lockedmove\n|-damage|p2a: Espathra|16\/100\n|-start|p1a: Koraidon|confusion|[fatigue]\n|move|p2a: Espathra|Roost|p2a: Espathra\n|-heal|p2a: Espathra|66\/100\n|-singleturn|p2a: Espathra|move: Roost\n|\n|-weather|SunnyDay|[upkeep]\n|-heal|p2a: Espathra|72\/100|[from] item: Leftovers\n|-ability|p2a: Espathra|Speed Boost|boost\n|-boost|p2a: Espathra|spe|1\n|upkeep\n|turn|18\n|\n|t:|1700355293\n|-activate|p1a: Koraidon|confusion\n|-damage|p1a: Koraidon|74\/100|[from] confusion\n|move|p2a: Espathra|Calm Mind|p2a: Espathra\n|-boost|p2a: Espathra|spa|1\n|-boost|p2a: Espathra|spd|1\n|\n|-weather|SunnyDay|[upkeep]\n|-heal|p2a: Espathra|78\/100|[from] item: Leftovers\n|-ability|p2a: Espathra|Speed Boost|boost\n|-boost|p2a: Espathra|spe|1\n|upkeep\n|turn|19\n|\n|t:|1700355304\n|-activate|p1a: Koraidon|confusion\n|move|p1a: Koraidon|Outrage|p2a: Espathra\n|-damage|p2a: Espathra|2\/100\n|move|p2a: Espathra|Calm Mind|p2a: Espathra\n|-boost|p2a: Espathra|spa|1\n|-boost|p2a: Espathra|spd|1\n|\n|-weather|none\n|-heal|p2a: Espathra|8\/100|[from] item: Leftovers\n|-ability|p2a: Espathra|Speed Boost|boost\n|-boost|p2a: Espathra|spe|1\n|upkeep\n|turn|20\n|\n|t:|1700355310\n|move|p2a: Espathra|Stored Power|p1a: Koraidon\n|-supereffective|p1a: Koraidon\n|-damage|p1a: Koraidon|0 fnt\n|faint|p1a: Koraidon\n|\n|-heal|p2a: Espathra|14\/100|[from] item: Leftovers\n|-ability|p2a: Espathra|Speed Boost|boost\n|-boost|p2a: Espathra|spe|1\n|upkeep\n|\n|t:|1700355313\n|switch|p1a: Giratina|Giratina-Origin|66\/100\n|-damage|p1a: Giratina|54\/100|[from] Stealth Rock\n|turn|21\n|\n|t:|1700355324\n|move|p2a: Espathra|Dazzling Gleam|p1a: Giratina\n|-supereffective|p1a: Giratina\n|-damage|p1a: Giratina|0 fnt\n|faint|p1a: Giratina\n|\n|-heal|p2a: Espathra|20\/100|[from] item: Leftovers\n|-ability|p2a: Espathra|Speed Boost|boost\n|-boost|p2a: Espathra|spe|1\n|upkeep\n|-message|rectreemz forfeited.\n|\n|win|SFHSFH\n|raw|rectreemz's rating: 1123 &rarr; <strong>1107<\/strong><br \/>(-16 for losing)\n|raw|SFHSFH's rating: 1252 &rarr; <strong>1268<\/strong><br \/>(+16 for winning)\n|l|\u2606rectreemz\n|l|\u2606SFHSFH\n","uploadtime":1700355485,"views":14,"p1id":"rectreemz","p2id":"sfhsfh","formatid":"gen9ubers","rating":1107,"private":0,"password":""}