{"id":"gen9ubers-1979139095","p1":"hhuuvv","p2":"navigator16","format":"[Gen 9] Ubers","log":"|j|\u2606hhuuvv\n|j|\u2606navigator16\n|t:|1698637644\n|gametype|singles\n|player|p1|hhuuvv|hoopster|\n|player|p2|navigator16|1|\n|teamsize|p1|6\n|teamsize|p2|6\n|gen|9\n|tier|[Gen 9] Ubers\n|rule|Sleep Clause Mod: Limit one foe put to sleep\n|rule|Species Clause: Limit one of each Pok\u00e9mon\n|rule|OHKO Clause: OHKO moves are banned\n|rule|Evasion Items Clause: Evasion items are banned\n|rule|Evasion Moves Clause: Evasion moves are banned\n|rule|Endless Battle Clause: Forcing endless battles is banned\n|rule|HP Percentage Mod: HP is shown in percentages\n|clearpoke\n|poke|p1|Brute Bonnet|\n|poke|p1|Munkidori, M|\n|poke|p1|Thundurus, M|\n|poke|p1|Torkoal, M|\n|poke|p1|Walking Wake|\n|poke|p1|Ursaluna, M|\n|poke|p2|Ninetales-Alola, M|\n|poke|p2|Ursaluna-Bloodmoon, M|\n|poke|p2|Samurott-Hisui, M|\n|poke|p2|Golem-Alola, M|\n|poke|p2|Dudunsparce-*, F|\n|poke|p2|Ogerpon-Wellspring, F|\n|teampreview\n|\n|t:|1698637669\n|start\n|switch|p1a: Munkidori|Munkidori, M|100\/100\n|switch|p2a: Ogerpon|Ogerpon-Wellspring, F|100\/100\n|turn|1\n|inactive|Battle timer is ON: inactive players will automatically lose when time's up. (requested by hhuuvv)\n|\n|t:|1698637705\n|move|p1a: Munkidori|Fake Out|p2a: Ogerpon\n|-damage|p2a: Ogerpon|92\/100\n|-status|p2a: Ogerpon|tox|[from] ability: Toxic Chain|[of] p1a: Munkidori\n|cant|p2a: Ogerpon|flinch\n|\n|-damage|p2a: Ogerpon|86\/100 tox|[from] psn\n|upkeep\n|turn|2\n|\n|t:|1698637729\n|move|p2a: Ogerpon|Ivy Cudgel|p1a: Munkidori\n|-damage|p1a: Munkidori|11\/100\n|move|p1a: Munkidori|U-turn|p2a: Ogerpon\n|-supereffective|p2a: Ogerpon\n|-damage|p2a: Ogerpon|57\/100 tox\n|\n|t:|1698637740\n|switch|p1a: Thundurus|Thundurus, M, shiny|100\/100|[from] U-turn\n|\n|-damage|p2a: Ogerpon|45\/100 tox|[from] psn\n|upkeep\n|turn|3\n|\n|t:|1698637764\n|switch|p2a: Ninetales|Ninetales-Alola, M|100\/100\n|-weather|Snow|[from] ability: Snow Warning|[of] p2a: Ninetales\n|move|p1a: Thundurus|Sunny Day|p1a: Thundurus\n|-weather|SunnyDay\n|\n|-weather|SunnyDay|[upkeep]\n|upkeep\n|turn|4\n|\n|t:|1698637780\n|move|p1a: Thundurus|Thunder Wave|p2a: Ninetales\n|-status|p2a: Ninetales|par\n|move|p2a: Ninetales|Freeze-Dry|p1a: Thundurus\n|-supereffective|p1a: Thundurus\n|-damage|p1a: Thundurus|30\/100\n|\n|-weather|SunnyDay|[upkeep]\n|upkeep\n|turn|5\n|inactive|navigator16 has 270 seconds left.\n|inactive|hhuuvv has 270 seconds left.\n|\n|t:|1698637808\n|move|p1a: Thundurus|Thunderbolt|p2a: Ninetales\n|-damage|p2a: Ninetales|47\/100 par\n|move|p2a: Ninetales|Freeze-Dry|p1a: Thundurus\n|-supereffective|p1a: Thundurus\n|-damage|p1a: Thundurus|0 fnt\n|faint|p1a: Thundurus\n|\n|-weather|SunnyDay|[upkeep]\n|upkeep\n|\n|t:|1698637837\n|switch|p1a: Walking Wake|Walking Wake|100\/100\n|-activate|p1a: Walking Wake|ability: Protosynthesis\n|-start|p1a: Walking Wake|protosynthesisspa\n|turn|6\n|inactive|navigator16 has 270 seconds left.\n|\n|t:|1698637868\n|switch|p2a: Dudunsparce|Dudunsparce, F|100\/100\n|move|p1a: Walking Wake|Hydro Steam|p2a: Dudunsparce\n|-damage|p2a: Dudunsparce|47\/100\n|\n|-weather|SunnyDay|[upkeep]\n|-heal|p2a: Dudunsparce|54\/100|[from] item: Leftovers\n|upkeep\n|turn|7\n|\n|t:|1698637886\n|switch|p2a: Ninetales|Ninetales-Alola, M|47\/100 par\n|-weather|Snow|[from] ability: Snow Warning|[of] p2a: Ninetales\n|-end|p1a: Walking Wake|Protosynthesis\n|move|p1a: Walking Wake|Draco Meteor|p2a: Ninetales\n|-immune|p2a: Ninetales\n|\n|-weather|Snow|[upkeep]\n|upkeep\n|turn|8\n|\n|t:|1698637903\n|move|p1a: Walking Wake|Flamethrower|p2a: Ninetales\n|-supereffective|p2a: Ninetales\n|-damage|p2a: Ninetales|0 fnt\n|faint|p2a: Ninetales\n|\n|-weather|Snow|[upkeep]\n|upkeep\n|inactive|navigator16 has 240 seconds left.\n|\n|t:|1698637920\n|switch|p2a: Dudunsparce|Dudunsparce, F|54\/100\n|turn|9\n|\n|t:|1698637930\n|-end|p1a: Walking Wake|Protosynthesis|[silent]\n|switch|p1a: Torkoal|Torkoal, M, shiny|100\/100\n|-weather|SunnyDay|[from] ability: Drought|[of] p1a: Torkoal\n|move|p2a: Dudunsparce|Roost|p2a: Dudunsparce\n|-heal|p2a: Dudunsparce|100\/100\n|-singleturn|p2a: Dudunsparce|move: Roost\n|\n|-weather|SunnyDay|[upkeep]\n|upkeep\n|turn|10\n|\n|t:|1698637944\n|move|p2a: Dudunsparce|Coil|p2a: Dudunsparce\n|-boost|p2a: Dudunsparce|atk|1\n|-boost|p2a: Dudunsparce|def|1\n|-boost|p2a: Dudunsparce|accuracy|1\n|move|p1a: Torkoal|Body Press|p2a: Dudunsparce\n|-supereffective|p2a: Dudunsparce\n|-damage|p2a: Dudunsparce|62\/100\n|\n|-weather|SunnyDay|[upkeep]\n|-heal|p2a: Dudunsparce|68\/100|[from] item: Leftovers\n|upkeep\n|turn|11\n|inactive|navigator16 has 240 seconds left.\n|\n|t:|1698637961\n|switch|p1a: Munkidori|Munkidori, M|11\/100\n|move|p2a: Dudunsparce|Roost|p2a: Dudunsparce\n|-heal|p2a: Dudunsparce|100\/100\n|-singleturn|p2a: Dudunsparce|move: Roost\n|\n|-weather|SunnyDay|[upkeep]\n|upkeep\n|turn|12\n|inactive|navigator16 has 240 seconds left.\n|\n|t:|1698637978\n|move|p1a: Munkidori|Fake Out|p2a: Dudunsparce\n|-damage|p2a: Dudunsparce|96\/100\n|-status|p2a: Dudunsparce|tox|[from] ability: Toxic Chain|[of] p1a: Munkidori\n|cant|p2a: Dudunsparce|flinch\n|\n|-weather|SunnyDay|[upkeep]\n|-heal|p2a: Dudunsparce|100\/100 tox|[from] item: Leftovers\n|-damage|p2a: Dudunsparce|94\/100 tox|[from] psn\n|upkeep\n|turn|13\n|inactive|hhuuvv has 240 seconds left.\n|\n|t:|1698638005\n|move|p1a: Munkidori|Psychic|p2a: Dudunsparce\n|-damage|p2a: Dudunsparce|60\/100 tox\n|move|p2a: Dudunsparce|Body Slam|p1a: Munkidori\n|-damage|p1a: Munkidori|0 fnt\n|faint|p1a: Munkidori\n|\n|-weather|none\n|-heal|p2a: Dudunsparce|66\/100 tox|[from] item: Leftovers\n|-damage|p2a: Dudunsparce|54\/100 tox|[from] psn\n|upkeep\n|inactive|hhuuvv has 240 seconds left.\n|\n|t:|1698638017\n|switch|p1a: Torkoal|Torkoal, M, shiny|100\/100\n|-weather|SunnyDay|[from] ability: Drought|[of] p1a: Torkoal\n|turn|14\n|inactive|hhuuvv has 240 seconds left.\n|\n|t:|1698638031\n|switch|p2a: Ogerpon|Ogerpon-Wellspring, F|45\/100 tox\n|move|p1a: Torkoal|Body Press|p2a: Ogerpon\n|-damage|p2a: Ogerpon|4\/100 tox\n|\n|-weather|SunnyDay|[upkeep]\n|-damage|p2a: Ogerpon|0 fnt|[from] psn\n|faint|p2a: Ogerpon\n|upkeep\n|inactive|navigator16 has 240 seconds left.\n|\n|t:|1698638075\n|switch|p2a: Golem|Golem-Alola, M|100\/100\n|-item|p2a: Golem|Air Balloon\n|turn|15\n|\n|t:|1698638086\n|-terastallize|p2a: Golem|Flying\n|move|p2a: Golem|Earthquake|p1a: Torkoal\n|-supereffective|p1a: Torkoal\n|-damage|p1a: Torkoal|60\/100\n|move|p1a: Torkoal|Body Press|p2a: Golem\n|-resisted|p2a: Golem\n|-damage|p2a: Golem|86\/100\n|-enditem|p2a: Golem|Air Balloon\n|\n|-weather|SunnyDay|[upkeep]\n|upkeep\n|turn|16\n|inactive|hhuuvv has 240 seconds left.\n|\n|t:|1698638101\n|switch|p1a: Brute Bonnet|Brute Bonnet|100\/100\n|-activate|p1a: Brute Bonnet|ability: Protosynthesis\n|-start|p1a: Brute Bonnet|protosynthesisatk\n|move|p2a: Golem|Earthquake|p1a: Brute Bonnet\n|-resisted|p1a: Brute Bonnet\n|-damage|p1a: Brute Bonnet|88\/100\n|\n|-weather|SunnyDay|[upkeep]\n|-heal|p1a: Brute Bonnet|94\/100|[from] item: Leftovers\n|upkeep\n|turn|17\n|inactive|hhuuvv has 240 seconds left.\n|inactive|navigator16 has 210 seconds left.\n|\n|t:|1698638119\n|move|p2a: Golem|Body Press|p1a: Brute Bonnet\n|-supereffective|p1a: Brute Bonnet\n|-damage|p1a: Brute Bonnet|57\/100\n|move|p1a: Brute Bonnet|Spore|p2a: Golem\n|-status|p2a: Golem|slp|[from] move: Spore\n|\n|-weather|SunnyDay|[upkeep]\n|-heal|p1a: Brute Bonnet|63\/100|[from] item: Leftovers\n|upkeep\n|turn|18\n|inactive|hhuuvv has 240 seconds left.\n|inactive|navigator16 has 210 seconds left.\n|\n|t:|1698638138\n|cant|p2a: Golem|slp\n|move|p1a: Brute Bonnet|Zen Headbutt|p2a: Golem|[miss]\n|-miss|p1a: Brute Bonnet|p2a: Golem\n|\n|-weather|none\n|-end|p1a: Brute Bonnet|Protosynthesis\n|-heal|p1a: Brute Bonnet|70\/100|[from] item: Leftovers\n|upkeep\n|turn|19\n|inactive|hhuuvv has 240 seconds left.\n|\n|t:|1698638148\n|-end|p1a: Brute Bonnet|Protosynthesis|[silent]\n|switch|p1a: Torkoal|Torkoal, M, shiny|60\/100\n|-weather|SunnyDay|[from] ability: Drought|[of] p1a: Torkoal\n|cant|p2a: Golem|slp\n|\n|-weather|SunnyDay|[upkeep]\n|upkeep\n|turn|20\n|inactive|hhuuvv has 240 seconds left.\n|\n|t:|1698638159\n|switch|p1a: Walking Wake|Walking Wake|100\/100\n|-activate|p1a: Walking Wake|ability: Protosynthesis\n|-start|p1a: Walking Wake|protosynthesisspa\n|cant|p2a: Golem|slp\n|\n|-weather|SunnyDay|[upkeep]\n|upkeep\n|turn|21\n|inactive|hhuuvv has 240 seconds left.\n|\n|t:|1698638169\n|move|p1a: Walking Wake|Hydro Steam|p2a: Golem\n|-damage|p2a: Golem|0 fnt\n|faint|p2a: Golem\n|\n|-weather|SunnyDay|[upkeep]\n|upkeep\n|inactive|navigator16 has 210 seconds left.\n|\n|t:|1698638190\n|switch|p2a: Samurott|Samurott-Hisui, M|100\/100\n|turn|22\n|\n|t:|1698638196\n|move|p1a: Walking Wake|Draco Meteor|p2a: Samurott\n|-enditem|p2a: Samurott|Focus Sash\n|-damage|p2a: Samurott|1\/100\n|-unboost|p1a: Walking Wake|spa|2\n|-enditem|p1a: Walking Wake|White Herb\n|-clearnegativeboost|p1a: Walking Wake|[silent]\n|move|p2a: Samurott|Ceaseless Edge|p1a: Walking Wake\n|-damage|p1a: Walking Wake|51\/100\n|-sidestart|p1: hhuuvv|Spikes\n|\n|-weather|SunnyDay|[upkeep]\n|upkeep\n|turn|23\n|inactive|navigator16 has 210 seconds left.\n|\n|t:|1698638225\n|move|p2a: Samurott|Aqua Jet|p1a: Walking Wake\n|-resisted|p1a: Walking Wake\n|-crit|p1a: Walking Wake\n|-damage|p1a: Walking Wake|48\/100\n|move|p1a: Walking Wake|Hydro Steam|p2a: Samurott\n|-resisted|p2a: Samurott\n|-damage|p2a: Samurott|0 fnt\n|faint|p2a: Samurott\n|\n|-weather|none\n|-end|p1a: Walking Wake|Protosynthesis\n|upkeep\n|\n|t:|1698638231\n|switch|p2a: Dudunsparce|Dudunsparce, F|54\/100 tox\n|turn|24\n|inactive|navigator16 has 210 seconds left.\n|\n|t:|1698638253\n|-end|p1a: Walking Wake|Protosynthesis|[silent]\n|switch|p1a: Torkoal|Torkoal, M, shiny|60\/100\n|-weather|SunnyDay|[from] ability: Drought|[of] p1a: Torkoal\n|move|p2a: Dudunsparce|Dragon Tail|p1a: Torkoal\n|-damage|p1a: Torkoal|52\/100\n|drag|p1a: Brute Bonnet|Brute Bonnet|70\/100\n|-damage|p1a: Brute Bonnet|57\/100|[from] Spikes\n|-activate|p1a: Brute Bonnet|ability: Protosynthesis\n|-start|p1a: Brute Bonnet|protosynthesisatk\n|\n|-weather|SunnyDay|[upkeep]\n|-heal|p2a: Dudunsparce|60\/100 tox|[from] item: Leftovers\n|-heal|p1a: Brute Bonnet|63\/100|[from] item: Leftovers\n|-damage|p2a: Dudunsparce|54\/100 tox|[from] psn\n|upkeep\n|turn|25\n|inactive|hhuuvv has 240 seconds left.\n|inactive|navigator16 has 210 seconds left.\n|\n|t:|1698638276\n|-terastallize|p1a: Brute Bonnet|Fire\n|move|p1a: Brute Bonnet|Tera Blast|p2a: Dudunsparce|[anim] Tera Blast Fire\n|-damage|p2a: Dudunsparce|0 fnt\n|faint|p2a: Dudunsparce\n|\n|-weather|SunnyDay|[upkeep]\n|-heal|p1a: Brute Bonnet|69\/100|[from] item: Leftovers\n|upkeep\n|\n|t:|1698638279\n|switch|p2a: Ursaluna|Ursaluna-Bloodmoon, M|100\/100\n|turn|26\n|inactive|hhuuvv has 240 seconds left.\n|\n|t:|1698638291\n|move|p2a: Ursaluna|Calm Mind|p2a: Ursaluna\n|-boost|p2a: Ursaluna|spa|1\n|-boost|p2a: Ursaluna|spd|1\n|move|p1a: Brute Bonnet|Spore|p2a: Ursaluna\n|-status|p2a: Ursaluna|slp|[from] move: Spore\n|\n|-weather|SunnyDay|[upkeep]\n|-heal|p1a: Brute Bonnet|75\/100|[from] item: Leftovers\n|upkeep\n|turn|27\n|\n|t:|1698638300\n|cant|p2a: Ursaluna|slp\n|move|p1a: Brute Bonnet|Seed Bomb|p2a: Ursaluna\n|-supereffective|p2a: Ursaluna\n|-damage|p2a: Ursaluna|20\/100 slp\n|\n|-weather|SunnyDay|[upkeep]\n|-heal|p2a: Ursaluna|26\/100 slp|[from] item: Leftovers\n|-heal|p1a: Brute Bonnet|81\/100|[from] item: Leftovers\n|upkeep\n|turn|28\n|\n|t:|1698638311\n|cant|p2a: Ursaluna|slp\n|move|p1a: Brute Bonnet|Seed Bomb|p2a: Ursaluna\n|-supereffective|p2a: Ursaluna\n|-damage|p2a: Ursaluna|0 fnt\n|faint|p2a: Ursaluna\n|\n|win|hhuuvv\n","uploadtime":1698638317,"views":17,"p1id":"hhuuvv","p2id":"navigator16","formatid":"gen9ubers","rating":0,"private":0,"password":""}