{"id":"gen9ubers-1970675923","p1":"Albaz Brand","p2":"IrishPenguin","format":"[Gen 9] Ubers","log":"|j|\u2606Albaz Brand\n|j|\u2606IrishPenguin\n|t:|1697657354\n|gametype|singles\n|player|p1|Albaz Brand|bellelba|\n|player|p2|IrishPenguin|ash|\n|teamsize|p1|6\n|teamsize|p2|6\n|gen|9\n|tier|[Gen 9] Ubers\n|rule|Sleep Clause Mod: Limit one foe put to sleep\n|rule|Species Clause: Limit one of each Pok\u00e9mon\n|rule|OHKO Clause: OHKO moves are banned\n|rule|Evasion Items Clause: Evasion items are banned\n|rule|Evasion Moves Clause: Evasion moves are banned\n|rule|Endless Battle Clause: Forcing endless battles is banned\n|rule|HP Percentage Mod: HP is shown in percentages\n|clearpoke\n|poke|p1|Spectrier|\n|poke|p1|Zacian-*|\n|poke|p1|Palkia-Origin|\n|poke|p1|Roaring Moon|\n|poke|p1|Iron Moth|\n|poke|p1|Palafin, F|\n|poke|p2|Volcanion|\n|poke|p2|Magearna|\n|poke|p2|Zacian-*|\n|poke|p2|Dialga|\n|poke|p2|Shaymin-Sky|\n|poke|p2|Gholdengo|\n|teampreview\n|inactive|Battle timer is ON: inactive players will automatically lose when time's up. (requested by IrishPenguin)\n|c|\u2606Albaz Brand|GLHF\n|\n|t:|1697657371\n|start\n|switch|p1a: Spectrier|Spectrier|100\/100\n|switch|p2a: Shaymin|Shaymin-Sky, shiny|100\/100\n|turn|1\n|\n|t:|1697657380\n|move|p1a: Spectrier|Shadow Ball|p2a: Shaymin\n|-damage|p2a: Shaymin|45\/100\n|-unboost|p2a: Shaymin|spd|1\n|move|p2a: Shaymin|Seed Flare|p1a: Spectrier\n|-damage|p1a: Spectrier|27\/100\n|-unboost|p1a: Spectrier|spd|2\n|\n|-heal|p1a: Spectrier|34\/100|[from] item: Leftovers\n|upkeep\n|turn|2\n|\n|t:|1697657388\n|switch|p2a: Dialga|Dialga|100\/100\n|-ability|p2a: Dialga|Pressure\n|move|p1a: Spectrier|Shadow Ball|p2a: Dialga\n|-damage|p2a: Dialga|71\/100\n|-unboost|p2a: Dialga|spd|1\n|\n|-heal|p1a: Spectrier|40\/100|[from] item: Leftovers\n|-heal|p2a: Dialga|77\/100|[from] item: Leftovers\n|upkeep\n|turn|3\n|\n|t:|1697657404\n|-terastallize|p1a: Spectrier|Fighting\n|move|p1a: Spectrier|Tera Blast|p2a: Dialga|[anim] Tera Blast Fighting\n|-supereffective|p2a: Dialga\n|-damage|p2a: Dialga|0 fnt\n|faint|p2a: Dialga\n|-ability|p1a: Spectrier|Grim Neigh|boost\n|-boost|p1a: Spectrier|spa|1\n|\n|-heal|p1a: Spectrier|46\/100|[from] item: Leftovers\n|upkeep\n|\n|t:|1697657414\n|switch|p2a: Zacian|Zacian, shiny|100\/100\n|-ability|p2a: Zacian|Intrepid Sword|boost\n|-boost|p2a: Zacian|atk|1\n|turn|4\n|\n|t:|1697657418\n|move|p2a: Zacian|Play Rough|p1a: Spectrier\n|-supereffective|p1a: Spectrier\n|-damage|p1a: Spectrier|0 fnt\n|faint|p1a: Spectrier\n|\n|upkeep\n|\n|t:|1697657423\n|switch|p1a: Palafin|Palafin, F|100\/100\n|turn|5\n|j| GerrytheHeeHo\n|\n|t:|1697657432\n|move|p2a: Zacian|Swords Dance|p2a: Zacian\n|-boost|p2a: Zacian|atk|2\n|move|p1a: Palafin|Flip Turn|p2a: Zacian\n|-damage|p2a: Zacian|67\/100\n|\n|t:|1697657442\n|detailschange|p1a: Palafin|Palafin-Hero, F\n|switch|p1a: Iron Moth|Iron Moth|100\/100|[from] Flip Turn\n|-enditem|p1a: Iron Moth|Booster Energy\n|-activate|p1a: Iron Moth|ability: Quark Drive|[fromitem]\n|-start|p1a: Iron Moth|quarkdrivespe\n|\n|upkeep\n|turn|6\n|\n|t:|1697657459\n|-terastallize|p2a: Zacian|Fire\n|move|p1a: Iron Moth|Sludge Wave|p2a: Zacian\n|-damage|p2a: Zacian|25\/100\n|move|p2a: Zacian|Play Rough|p1a: Iron Moth\n|-resisted|p1a: Iron Moth\n|-damage|p1a: Iron Moth|54\/100\n|\n|upkeep\n|turn|7\n|\n|t:|1697657466\n|switch|p2a: Gholdengo|Gholdengo|100\/100\n|-item|p2a: Gholdengo|Air Balloon\n|move|p1a: Iron Moth|Sludge Wave|p2a: Gholdengo\n|-immune|p2a: Gholdengo\n|\n|upkeep\n|turn|8\n|\n|t:|1697657472\n|switch|p2a: Volcanion|Volcanion|100\/100\n|move|p1a: Iron Moth|Fiery Dance|p2a: Volcanion\n|-resisted|p2a: Volcanion\n|-damage|p2a: Volcanion|93\/100\n|\n|upkeep\n|turn|9\n|\n|t:|1697657479\n|move|p1a: Iron Moth|Sludge Wave|p2a: Volcanion\n|-damage|p2a: Volcanion|57\/100\n|move|p2a: Volcanion|Steam Eruption|p1a: Iron Moth\n|-supereffective|p1a: Iron Moth\n|-damage|p1a: Iron Moth|0 fnt\n|faint|p1a: Iron Moth\n|-end|p1a: Iron Moth|Quark Drive|[silent]\n|\n|upkeep\n|\n|t:|1697657487\n|switch|p1a: Palkia|Palkia-Origin|100\/100\n|-ability|p1a: Palkia|Pressure\n|turn|10\n|\n|t:|1697657493\n|move|p2a: Volcanion|Protect|p2a: Volcanion\n|-singleturn|p2a: Volcanion|Protect\n|move|p1a: Palkia|Earth Power|p2a: Volcanion\n|-activate|p2a: Volcanion|move: Protect\n|\n|upkeep\n|turn|11\n|\n|t:|1697657509\n|switch|p2a: Gholdengo|Gholdengo|100\/100\n|-item|p2a: Gholdengo|Air Balloon\n|move|p1a: Palkia|Spacial Rend|p2a: Gholdengo\n|-resisted|p2a: Gholdengo\n|-damage|p2a: Gholdengo|74\/100\n|-enditem|p2a: Gholdengo|Air Balloon\n|\n|upkeep\n|turn|12\n|\n|t:|1697657516\n|move|p1a: Palkia|Earth Power|p2a: Gholdengo\n|-supereffective|p2a: Gholdengo\n|-damage|p2a: Gholdengo|27\/100\n|move|p2a: Gholdengo|Thunder Wave|p1a: Palkia\n|-status|p1a: Palkia|par\n|\n|upkeep\n|turn|13\n|\n|t:|1697657522\n|move|p2a: Gholdengo|Recover|p2a: Gholdengo\n|-heal|p2a: Gholdengo|77\/100\n|move|p1a: Palkia|Earth Power|p2a: Gholdengo\n|-supereffective|p2a: Gholdengo\n|-damage|p2a: Gholdengo|24\/100\n|\n|upkeep\n|turn|14\n|\n|t:|1697657527\n|switch|p2a: Shaymin|Shaymin-Sky, shiny|45\/100\n|move|p1a: Palkia|Hydro Pump|p2a: Shaymin\n|-resisted|p2a: Shaymin\n|-damage|p2a: Shaymin|0 fnt\n|faint|p2a: Shaymin\n|\n|upkeep\n|\n|t:|1697657531\n|switch|p2a: Zacian|Zacian, shiny, tera:Fire|25\/100\n|turn|15\n|\n|t:|1697657535\n|move|p2a: Zacian|Play Rough|p1a: Palkia\n|-supereffective|p1a: Palkia\n|-damage|p1a: Palkia|14\/100 par\n|move|p1a: Palkia|Hydro Pump|p2a: Zacian\n|-supereffective|p2a: Zacian\n|-damage|p2a: Zacian|0 fnt\n|faint|p2a: Zacian\n|\n|upkeep\n|\n|t:|1697657541\n|switch|p2a: Magearna|Magearna|100\/100\n|turn|16\n|\n|t:|1697657545\n|move|p1a: Palkia|Earth Power|p2a: Magearna\n|-supereffective|p2a: Magearna\n|-damage|p2a: Magearna|47\/100\n|move|p2a: Magearna|Draining Kiss|p1a: Palkia\n|-supereffective|p1a: Palkia\n|-damage|p1a: Palkia|0 fnt\n|-heal|p2a: Magearna|55\/100|[from] drain|[of] p1a: Palkia\n|faint|p1a: Palkia\n|-ability|p2a: Magearna|Soul-Heart|boost\n|-boost|p2a: Magearna|spa|1\n|\n|-heal|p2a: Magearna|61\/100|[from] item: Leftovers\n|upkeep\n|\n|t:|1697657554\n|switch|p1a: Palafin|Palafin-Hero, F|100\/100\n|-activate|p1a: Palafin|ability: Zero to Hero\n|turn|17\n|\n|t:|1697657564\n|switch|p1a: Roaring Moon|Roaring Moon|100\/100\n|-enditem|p1a: Roaring Moon|Booster Energy\n|-activate|p1a: Roaring Moon|ability: Protosynthesis|[fromitem]\n|-start|p1a: Roaring Moon|protosynthesisspe\n|switch|p2a: Volcanion|Volcanion|57\/100\n|\n|upkeep\n|turn|18\n|\n|t:|1697657573\n|move|p1a: Roaring Moon|Earthquake|p2a: Volcanion\n|-supereffective|p2a: Volcanion\n|-crit|p2a: Volcanion\n|-damage|p2a: Volcanion|0 fnt\n|faint|p2a: Volcanion\n|\n|upkeep\n|\n|t:|1697657576\n|switch|p2a: Magearna|Magearna|61\/100\n|turn|19\n|\n|t:|1697657581\n|move|p1a: Roaring Moon|Earthquake|p2a: Magearna\n|-supereffective|p2a: Magearna\n|-damage|p2a: Magearna|18\/100\n|move|p2a: Magearna|Draining Kiss|p1a: Roaring Moon\n|-supereffective|p1a: Roaring Moon\n|-damage|p1a: Roaring Moon|24\/100\n|-heal|p2a: Magearna|74\/100|[from] drain|[of] p1a: Roaring Moon\n|\n|-heal|p2a: Magearna|80\/100|[from] item: Leftovers\n|upkeep\n|turn|20\n|\n|t:|1697657588\n|move|p1a: Roaring Moon|Iron Head|p2a: Magearna\n|-damage|p2a: Magearna|63\/100\n|move|p2a: Magearna|Draining Kiss|p1a: Roaring Moon\n|-supereffective|p1a: Roaring Moon\n|-damage|p1a: Roaring Moon|0 fnt\n|-heal|p2a: Magearna|80\/100|[from] drain|[of] p1a: Roaring Moon\n|faint|p1a: Roaring Moon\n|-ability|p2a: Magearna|Soul-Heart|boost\n|-boost|p2a: Magearna|spa|1\n|-end|p1a: Roaring Moon|Protosynthesis|[silent]\n|\n|-heal|p2a: Magearna|86\/100|[from] item: Leftovers\n|upkeep\n|\n|t:|1697657597\n|switch|p1a: Zacian|Zacian|100\/100\n|-ability|p1a: Zacian|Intrepid Sword|boost\n|-boost|p1a: Zacian|atk|1\n|turn|21\n|\n|t:|1697657601\n|move|p1a: Zacian|Swords Dance|p1a: Zacian\n|-boost|p1a: Zacian|atk|2\n|move|p2a: Magearna|Flash Cannon|p1a: Zacian\n|-supereffective|p1a: Zacian\n|-damage|p1a: Zacian|9\/100\n|\n|-heal|p2a: Magearna|92\/100|[from] item: Leftovers\n|upkeep\n|turn|22\n|\n|t:|1697657606\n|move|p1a: Zacian|Close Combat|p2a: Magearna\n|-damage|p2a: Magearna|13\/100\n|-unboost|p1a: Zacian|def|1\n|-unboost|p1a: Zacian|spd|1\n|-damage|p1a: Zacian|0 fnt|[from] item: Life Orb\n|faint|p1a: Zacian\n|-ability|p2a: Magearna|Soul-Heart|boost\n|-boost|p2a: Magearna|spa|1\n|move|p2a: Magearna|Draining Kiss|p1: Zacian|[notarget]\n|-fail|p2a: Magearna\n|\n|-heal|p2a: Magearna|19\/100|[from] item: Leftovers\n|upkeep\n|\n|t:|1697657610\n|switch|p1a: Palafin|Palafin-Hero, F|100\/100\n|turn|23\n|\n|t:|1697657612\n|move|p1a: Palafin|Wave Crash|p2a: Magearna\n|-crit|p2a: Magearna\n|-damage|p2a: Magearna|0 fnt\n|faint|p2a: Magearna\n|-damage|p1a: Palafin|94\/100|[from] Recoil\n|\n|upkeep\n|c|\u2606IrishPenguin|Gg\n|c|\u2606Albaz Brand|GGs\n|\n|t:|1697657618\n|switch|p2a: Gholdengo|Gholdengo|24\/100\n|turn|24\n|\n|t:|1697657621\n|move|p1a: Palafin|Wave Crash|p2a: Gholdengo\n|-damage|p2a: Gholdengo|0 fnt\n|faint|p2a: Gholdengo\n|-damage|p1a: Palafin|86\/100|[from] Recoil\n|\n|win|Albaz Brand\n|l|\u2606IrishPenguin\n|l| GerrytheHeeHo\n|c|\u2606Albaz Brand|the double switch was crazy\n|l|\u2606Albaz Brand\n|j|\u2606Albaz Brand\n|player|p1|Albaz Brand|bellelba\n","uploadtime":1697657664,"views":21,"p1id":"albazbrand","p2id":"irishpenguin","formatid":"gen9ubers","rating":0,"private":0,"password":""}