{"id":"gen9ubers-1970791422","p1":"iboxedyou","p2":"Darcia","format":"[Gen 9] Ubers","log":"|j|\u2606iboxedyou\n|j|\u2606Darcia\n|t:|1697667546\n|gametype|singles\n|player|p1|iboxedyou|265|\n|player|p2|Darcia|grimsley|\n|teamsize|p1|6\n|teamsize|p2|6\n|gen|9\n|tier|[Gen 9] Ubers\n|rule|Sleep Clause Mod: Limit one foe put to sleep\n|rule|Species Clause: Limit one of each Pok\u00e9mon\n|rule|OHKO Clause: OHKO moves are banned\n|rule|Evasion Items Clause: Evasion items are banned\n|rule|Evasion Moves Clause: Evasion moves are banned\n|rule|Endless Battle Clause: Forcing endless battles is banned\n|rule|HP Percentage Mod: HP is shown in percentages\n|clearpoke\n|poke|p1|Enamorus, F|\n|poke|p1|Regidrago|\n|poke|p1|Hariyama, F|\n|poke|p1|Chi-Yu|\n|poke|p1|Kricketune, M|\n|poke|p1|Rillaboom, M|\n|poke|p2|Regieleki|\n|poke|p2|Zoroark-Hisui, M|\n|poke|p2|Okidogi, M|\n|poke|p2|Scyther, M|\n|poke|p2|Weavile, F|\n|poke|p2|Mismagius, F|\n|teampreview\n|\n|t:|1697667662\n|start\n|switch|p1a: Hariyama|Hariyama, F|100\/100\n|switch|p2a: Blade|Scyther, M|100\/100\n|turn|1\n|\n|t:|1697667684\n|move|p2a: Blade|Dual Wingbeat|p1a: Hariyama\n|-supereffective|p1a: Hariyama\n|-damage|p1a: Hariyama|35\/100\n|-supereffective|p1a: Hariyama\n|-damage|p1a: Hariyama|0 fnt\n|faint|p1a: Hariyama\n|-hitcount|p1: Hariyama|2\n|\n|upkeep\n|\n|t:|1697667695\n|switch|p1a: Regidrago|Regidrago|100\/100\n|turn|2\n|\n|t:|1697667715\n|switch|p2a: Raijin|Regieleki|100\/100\n|-terastallize|p1a: Regidrago|Dragon\n|move|p1a: Regidrago|Dragon Energy|p2a: Raijin\n|-damage|p2a: Raijin|0 fnt\n|faint|p2a: Raijin\n|\n|upkeep\n|\n|t:|1697667725\n|switch|p2a: Blair|Mismagius, F|100\/100\n|turn|3\n|\n|t:|1697667734\n|switch|p1a: Rillaboom|Rillaboom, M|100\/100\n|-fieldstart|move: Grassy Terrain|[from] ability: Grassy Surge|[of] p1a: Rillaboom\n|-terastallize|p2a: Blair|Fairy\n|move|p2a: Blair|Substitute|p2a: Blair\n|-start|p2a: Blair|Substitute\n|-damage|p2a: Blair|76\/100\n|\n|upkeep\n|turn|4\n|\n|t:|1697667745\n|move|p2a: Blair|Shadow Ball|p1a: Rillaboom\n|-damage|p1a: Rillaboom|72\/100\n|move|p1a: Rillaboom|Knock Off|p2a: Blair\n|-resisted|p2a: Blair\n|-end|p2a: Blair|Substitute\n|\n|-heal|p1a: Rillaboom|78\/100|[from] Grassy Terrain\n|upkeep\n|turn|5\n|\n|t:|1697667759\n|switch|p2a: Tsubasa|Okidogi, M|100\/100\n|move|p1a: Rillaboom|Drum Beating|p2a: Tsubasa\n|-resisted|p2a: Tsubasa\n|-damage|p2a: Tsubasa|79\/100\n|-unboost|p2a: Tsubasa|spe|1\n|\n|-heal|p1a: Rillaboom|85\/100|[from] Grassy Terrain\n|-heal|p2a: Tsubasa|85\/100|[from] Grassy Terrain\n|upkeep\n|turn|6\n|\n|t:|1697667774\n|move|p1a: Rillaboom|High Horsepower|p2a: Tsubasa\n|-supereffective|p2a: Tsubasa\n|-damage|p2a: Tsubasa|36\/100\n|move|p2a: Tsubasa|Gunk Shot|p1a: Rillaboom\n|-supereffective|p1a: Rillaboom\n|-damage|p1a: Rillaboom|0 fnt\n|faint|p1a: Rillaboom\n|\n|-heal|p2a: Tsubasa|42\/100|[from] Grassy Terrain\n|upkeep\n|\n|t:|1697667793\n|switch|p1a: Chi-Yu|Chi-Yu|100\/100\n|-ability|p1a: Chi-Yu|Beads of Ruin\n|turn|7\n|\n|t:|1697667804\n|move|p1a: Chi-Yu|Flamethrower|p2a: Tsubasa\n|-damage|p2a: Tsubasa|0 fnt\n|faint|p2a: Tsubasa\n|\n|-fieldend|move: Grassy Terrain\n|upkeep\n|\n|t:|1697667813\n|switch|p2a: Blair|Mismagius, F|100\/100\n|-start|p2a: Blair|typechange|Fairy|[silent]\n|turn|8\n|\n|t:|1697667835\n|switch|p1a: Enamorus|Enamorus, F|100\/100\n|move|p2a: Blair|Knock Off|p1a: Enamorus\n|-resisted|p1a: Enamorus\n|-damage|p1a: Enamorus|84\/100\n|-enditem|p1a: Enamorus|Leftovers|[from] move: Knock Off|[of] p2a: Blair\n|\n|upkeep\n|turn|9\n|\n|t:|1697667859\n|move|p2a: Blair|Hyper Voice|p1a: Enamorus\n|-damage|p1a: Enamorus|24\/100\n|move|p1a: Enamorus|Substitute|p1a: Enamorus\n|-fail|p1a: Enamorus|move: Substitute|[weak]\n|\n|upkeep\n|turn|10\n|\n|t:|1697667879\n|move|p2a: Blair|Hyper Voice|p1a: Enamorus\n|-damage|p1a: Enamorus|0 fnt\n|faint|p1a: Enamorus\n|\n|upkeep\n|\n|t:|1697667891\n|switch|p1a: Kricketune|Kricketune, M|100\/100\n|turn|11\n|\n|t:|1697667898\n|switch|p2a: Blade|Scyther, M|100\/100\n|move|p1a: Kricketune|Pounce|p2a: Blade\n|-resisted|p2a: Blade\n|-damage|p2a: Blade|87\/100\n|-unboost|p2a: Blade|spe|1\n|\n|upkeep\n|turn|12\n|\n|t:|1697667914\n|move|p1a: Kricketune|Sticky Web|p2a: Blade\n|-sidestart|p2: Darcia|move: Sticky Web\n|move|p2a: Blade|Dual Wingbeat|p1a: Kricketune\n|-supereffective|p1a: Kricketune\n|-enditem|p1a: Kricketune|Focus Sash\n|-damage|p1a: Kricketune|1\/100\n|-supereffective|p1a: Kricketune\n|-damage|p1a: Kricketune|0 fnt\n|faint|p1a: Kricketune\n|-hitcount|p1: Kricketune|2\n|\n|upkeep\n|\n|t:|1697667925\n|switch|p1a: Chi-Yu|Chi-Yu|100\/100\n|-ability|p1a: Chi-Yu|Beads of Ruin\n|turn|13\n|\n|t:|1697667936\n|move|p1a: Chi-Yu|Flamethrower|p2a: Blade\n|-supereffective|p2a: Blade\n|-damage|p2a: Blade|0 fnt\n|faint|p2a: Blade\n|\n|upkeep\n|\n|t:|1697667947\n|switch|p2a: Kula|Weavile, F|100\/100\n|-activate|p2a: Kula|move: Sticky Web\n|-unboost|p2a: Kula|spe|1\n|turn|14\n|\n|t:|1697667953\n|move|p1a: Chi-Yu|Flamethrower|p2a: Kula\n|-supereffective|p2a: Kula\n|-enditem|p2a: Kula|Focus Sash\n|-damage|p2a: Kula|1\/100\n|move|p2a: Kula|Low Kick|p1a: Chi-Yu\n|-supereffective|p1a: Chi-Yu\n|-damage|p1a: Chi-Yu|80\/100\n|\n|upkeep\n|turn|15\n|\n|t:|1697667969\n|move|p2a: Kula|Ice Shard|p1a: Chi-Yu\n|-resisted|p1a: Chi-Yu\n|-damage|p1a: Chi-Yu|63\/100\n|move|p1a: Chi-Yu|Flamethrower|p2a: Kula\n|-supereffective|p2a: Kula\n|-damage|p2a: Kula|0 fnt\n|faint|p2a: Kula\n|\n|upkeep\n|\n|t:|1697667982\n|switch|p2a: Blair|Mismagius, F|100\/100\n|-activate|p2a: Blair|move: Sticky Web\n|-unboost|p2a: Blair|spe|1\n|turn|16\n|\n|t:|1697667987\n|move|p1a: Chi-Yu|Flamethrower|p2a: Blair\n|-enditem|p2a: Blair|Focus Sash\n|-damage|p2a: Blair|1\/100\n|replace|p2a: Ace|Zoroark-Hisui, M\n|-end|p2a: Ace|Illusion\n|move|p2a: Ace|Hyper Voice|p1a: Chi-Yu\n|-damage|p1a: Chi-Yu|14\/100\n|\n|upkeep\n|turn|17\n|\n|t:|1697668006\n|move|p1a: Chi-Yu|Flamethrower|p2a: Ace\n|-damage|p2a: Ace|0 fnt\n|faint|p2a: Ace\n|\n|upkeep\n|\n|t:|1697668011\n|switch|p2a: Blair|Mismagius, F, tera:Fairy|76\/100\n|turn|18\n|\n|t:|1697668015\n|move|p2a: Blair|Draining Kiss|p1a: Chi-Yu\n|-damage|p1a: Chi-Yu|0 fnt\n|-heal|p2a: Blair|86\/100|[from] drain|[of] p1a: Chi-Yu\n|faint|p1a: Chi-Yu\n|\n|upkeep\n|\n|t:|1697668021\n|switch|p1a: Regidrago|Regidrago, tera:Dragon|100\/100\n|turn|19\n|\n|t:|1697668031\n|move|p1a: Regidrago|Ancient Power|p2a: Blair\n|-damage|p2a: Blair|63\/100\n|move|p2a: Blair|Draining Kiss|p1a: Regidrago\n|-supereffective|p1a: Regidrago\n|-damage|p1a: Regidrago|26\/100\n|-heal|p2a: Blair|100\/100|[from] drain|[of] p1a: Regidrago\n|\n|upkeep\n|turn|20\n|\n|t:|1697668039\n|move|p1a: Regidrago|Ancient Power|p2a: Blair\n|-crit|p2a: Blair\n|-damage|p2a: Blair|69\/100\n|move|p2a: Blair|Draining Kiss|p1a: Regidrago\n|-supereffective|p1a: Regidrago\n|-damage|p1a: Regidrago|0 fnt\n|-heal|p2a: Blair|100\/100|[from] drain|[of] p1a: Regidrago\n|faint|p1a: Regidrago\n|\n|win|Darcia\n","uploadtime":1697668054,"views":25,"p1id":"iboxedyou","p2id":"darcia","formatid":"gen9ubers","rating":0,"private":0,"password":""}