{"id":"gen9ubers-1975835168","p1":"Bellatrix2022","p2":"Roman25","format":"[Gen 9] Ubers","log":"|j|\u2606Bellatrix2022\n|j|\u2606Roman25\n|t:|1698242441\n|gametype|singles\n|player|p1|Bellatrix2022|1|\n|player|p2|Roman25|2|\n|teamsize|p1|6\n|teamsize|p2|6\n|gen|9\n|tier|[Gen 9] Ubers\n|rule|Sleep Clause Mod: Limit one foe put to sleep\n|rule|Species Clause: Limit one of each Pok\u00e9mon\n|rule|OHKO Clause: OHKO moves are banned\n|rule|Evasion Items Clause: Evasion items are banned\n|rule|Evasion Moves Clause: Evasion moves are banned\n|rule|Endless Battle Clause: Forcing endless battles is banned\n|rule|HP Percentage Mod: HP is shown in percentages\n|clearpoke\n|poke|p1|Ninetales, F|\n|poke|p1|Toedscruel, M|\n|poke|p1|Ceruledge, M|\n|poke|p1|Baxcalibur, M|\n|poke|p1|Kleavor, F|\n|poke|p1|Hydreigon, F|\n|poke|p2|Glimmet, F|\n|poke|p2|Heatran, F|\n|poke|p2|Corviknight, F|\n|poke|p2|Amoonguss, F|\n|poke|p2|Gholdengo|\n|poke|p2|Honchkrow, M|\n|teampreview\n|l|\u2606Bellatrix2022\n|player|p1|\n|j|\u2606Bellatrix2022\n|player|p1|Bellatrix2022|1\n|inactive|Battle timer is ON: inactive players will automatically lose when time's up. (requested by Roman25)\n|\n|t:|1698242496\n|start\n|switch|p1a: Ninetales|Ninetales, F, shiny|100\/100\n|switch|p2a: Glimmet|Glimmet, F|100\/100\n|-weather|SunnyDay|[from] ability: Drought|[of] p1a: Ninetales\n|turn|1\n|\n|t:|1698242520\n|move|p1a: Ninetales|Flamethrower|p2a: Glimmet\n|-resisted|p2a: Glimmet\n|-damage|p2a: Glimmet|42\/100\n|move|p2a: Glimmet|Stealth Rock|p1a: Ninetales\n|-sidestart|p1: Bellatrix2022|move: Stealth Rock\n|\n|-weather|SunnyDay|[upkeep]\n|upkeep\n|turn|2\n|\n|t:|1698242530\n|switch|p2a: Heatran|Heatran, F|100\/100\n|move|p1a: Ninetales|Flamethrower|p2a: Heatran\n|-start|p2a: Heatran|ability: Flash Fire\n|\n|-weather|SunnyDay|[upkeep]\n|upkeep\n|turn|3\n|inactive|Bellatrix2022 has 270 seconds left.\n|\n|t:|1698242556\n|switch|p1a: Hydreigon|Hydreigon, F|100\/100\n|-damage|p1a: Hydreigon|88\/100|[from] Stealth Rock\n|move|p2a: Heatran|Substitute|p2a: Heatran\n|-start|p2a: Heatran|Substitute\n|-damage|p2a: Heatran|76\/100\n|\n|-weather|SunnyDay|[upkeep]\n|-heal|p2a: Heatran|82\/100|[from] item: Leftovers\n|upkeep\n|turn|4\n|inactive|Bellatrix2022 has 270 seconds left.\n|\n|t:|1698242572\n|move|p1a: Hydreigon|Earth Power|p2a: Heatran\n|-supereffective|p2a: Heatran\n|-end|p2a: Heatran|Substitute\n|move|p2a: Heatran|Magma Storm|p1a: Hydreigon\n|-resisted|p1a: Hydreigon\n|-damage|p1a: Hydreigon|9\/100\n|-activate|p1a: Hydreigon|move: Magma Storm|[of] p2a: Heatran\n|\n|-weather|SunnyDay|[upkeep]\n|-heal|p2a: Heatran|88\/100|[from] item: Leftovers\n|-damage|p1a: Hydreigon|0 fnt|[from] move: Magma Storm|[partiallytrapped]\n|faint|p1a: Hydreigon\n|upkeep\n|\n|t:|1698242588\n|switch|p1a: Toedscruel|Toedscruel, M|100\/100\n|turn|5\n|\n|t:|1698242596\n|-terastallize|p2a: Heatran|Grass\n|move|p1a: Toedscruel|Rapid Spin|p2a: Heatran\n|-damage|p2a: Heatran|81\/100\n|-boost|p1a: Toedscruel|spe|1\n|-sideend|p1: Bellatrix2022|Stealth Rock|[from] move: Rapid Spin|[of] p1a: Toedscruel\n|move|p2a: Heatran|Magma Storm|p1a: Toedscruel\n|-supereffective|p1a: Toedscruel\n|-damage|p1a: Toedscruel|0 fnt\n|faint|p1a: Toedscruel\n|\n|-weather|SunnyDay|[upkeep]\n|-heal|p2a: Heatran|88\/100|[from] item: Leftovers\n|upkeep\n|\n|t:|1698242611\n|switch|p1a: Kleavor|Kleavor, F|100\/100\n|turn|6\n|\n|t:|1698242621\n|-end|p2a: Heatran|ability: Flash Fire|[silent]\n|switch|p2a: Glimmet|Glimmet, F|42\/100\n|-terastallize|p1a: Kleavor|Bug\n|move|p1a: Kleavor|X-Scissor|p2a: Glimmet\n|-resisted|p2a: Glimmet\n|-damage|p2a: Glimmet|0 fnt\n|-activate|p2a: Glimmet|ability: Toxic Debris\n|-sidestart|p1: Bellatrix2022|move: Toxic Spikes\n|faint|p2a: Glimmet\n|\n|-weather|SunnyDay|[upkeep]\n|upkeep\n|\n|t:|1698242649\n|switch|p2a: Gholdengo|Gholdengo|100\/100\n|turn|7\n|\n|t:|1698242656\n|switch|p1a: Ninetales|Ninetales, F, shiny|100\/100\n|-status|p1a: Ninetales|psn\n|move|p2a: Gholdengo|Shadow Ball|p1a: Ninetales\n|-damage|p1a: Ninetales|18\/100 psn\n|\n|-weather|SunnyDay|[upkeep]\n|-damage|p1a: Ninetales|5\/100 psn|[from] psn\n|upkeep\n|turn|8\n|inactive|Bellatrix2022 has 270 seconds left.\n|\n|t:|1698242687\n|switch|p2a: Heatran|Heatran, F, tera:Grass|88\/100\n|move|p1a: Ninetales|Will-O-Wisp|p2a: Heatran\n|-start|p2a: Heatran|ability: Flash Fire\n|\n|-weather|none\n|-heal|p2a: Heatran|94\/100|[from] item: Leftovers\n|-damage|p1a: Ninetales|0 fnt|[from] psn\n|faint|p1a: Ninetales\n|upkeep\n|inactive|Bellatrix2022 has 240 seconds left.\n|\n|t:|1698242719\n|switch|p1a: Ceruledge|Ceruledge, M|100\/100\n|-status|p1a: Ceruledge|psn\n|turn|9\n|\n|t:|1698242731\n|move|p1a: Ceruledge|Poison Jab|p2a: Heatran\n|-supereffective|p2a: Heatran\n|-damage|p2a: Heatran|44\/100\n|move|p2a: Heatran|Substitute|p2a: Heatran\n|-start|p2a: Heatran|Substitute\n|-damage|p2a: Heatran|19\/100\n|\n|-heal|p2a: Heatran|25\/100|[from] item: Leftovers\n|-damage|p1a: Ceruledge|88\/100 psn|[from] psn\n|upkeep\n|turn|10\n|\n|t:|1698242742\n|move|p1a: Ceruledge|Poison Jab|p2a: Heatran\n|-supereffective|p2a: Heatran\n|-end|p2a: Heatran|Substitute\n|move|p2a: Heatran|Earth Power|p1a: Ceruledge\n|-supereffective|p1a: Ceruledge\n|-damage|p1a: Ceruledge|43\/100 psn\n|\n|-heal|p2a: Heatran|31\/100|[from] item: Leftovers\n|-damage|p1a: Ceruledge|30\/100 psn|[from] psn\n|upkeep\n|turn|11\n|inactive|Bellatrix2022 has 210 seconds left.\n|l|\u2606Bellatrix2022\n|inactive|Bellatrix2022 disconnected and has 300 seconds to reconnect!\n|player|p1|\n|inactive|Bellatrix2022 has 270 seconds to reconnect!\n|j|\u2606Bellatrix2022\n|inactive|Bellatrix2022 reconnected and has 210 seconds left.\n|player|p1|Bellatrix2022|1\n|\n|t:|1698242826\n|move|p1a: Ceruledge|Poison Jab|p2a: Heatran\n|-supereffective|p2a: Heatran\n|-damage|p2a: Heatran|0 fnt\n|faint|p2a: Heatran\n|\n|-damage|p1a: Ceruledge|18\/100 psn|[from] psn\n|upkeep\n|\n|t:|1698242839\n|switch|p2a: Honchkrow|Honchkrow, M|100\/100\n|turn|12\n|\n|t:|1698242853\n|move|p1a: Ceruledge|Bitter Blade|p2a: Honchkrow\n|-damage|p2a: Honchkrow|35\/100\n|-heal|p1a: Ceruledge|55\/100 psn|[from] drain|[of] p2a: Honchkrow\n|move|p2a: Honchkrow|Substitute|p2a: Honchkrow\n|-start|p2a: Honchkrow|Substitute\n|-damage|p2a: Honchkrow|10\/100\n|\n|-damage|p1a: Ceruledge|43\/100 psn|[from] psn\n|upkeep\n|turn|13\n|\n|t:|1698242872\n|move|p2a: Honchkrow|Sucker Punch|p1a: Ceruledge\n|-supereffective|p1a: Ceruledge\n|-damage|p1a: Ceruledge|0 fnt\n|faint|p1a: Ceruledge\n|-ability|p2a: Honchkrow|Moxie|boost\n|-boost|p2a: Honchkrow|atk|1\n|\n|upkeep\n|inactive|Bellatrix2022 has 180 seconds left.\n|\n|t:|1698242884\n|switch|p1a: Baxcalibur|Baxcalibur, M|100\/100\n|-status|p1a: Baxcalibur|psn\n|turn|14\n|\n|t:|1698242892\n|move|p1a: Baxcalibur|Dragon Dance|p1a: Baxcalibur\n|-boost|p1a: Baxcalibur|atk|1\n|-boost|p1a: Baxcalibur|spe|1\n|move|p2a: Honchkrow|Night Slash|p1a: Baxcalibur\n|-damage|p1a: Baxcalibur|38\/100 psn\n|\n|-damage|p1a: Baxcalibur|25\/100 psn|[from] psn\n|upkeep\n|turn|15\n|\n|t:|1698242904\n|move|p2a: Honchkrow|Sucker Punch|p1a: Baxcalibur\n|-damage|p1a: Baxcalibur|0 fnt\n|faint|p1a: Baxcalibur\n|-ability|p2a: Honchkrow|Moxie|boost\n|-boost|p2a: Honchkrow|atk|1\n|\n|upkeep\n|\n|t:|1698242910\n|switch|p1a: Kleavor|Kleavor, F, tera:Bug|100\/100\n|-status|p1a: Kleavor|psn\n|turn|16\n|\n|t:|1698242920\n|move|p2a: Honchkrow|Sucker Punch|p1a: Kleavor\n|-damage|p1a: Kleavor|0 fnt\n|faint|p1a: Kleavor\n|\n|win|Roman25\n|l|\u2606Bellatrix2022\n","uploadtime":1698243466,"views":19,"p1id":"bellatrix2022","p2id":"roman25","formatid":"gen9ubers","rating":0,"private":0,"password":""}