{"id":"gen9ubers-1989124251","p1":"iboxedyou","p2":"Garrysfriendlarry","format":"[Gen 9] Ubers","log":"|j|\u2606iboxedyou\n|j|\u2606Garrysfriendlarry\n|t:|1699814831\n|gametype|singles\n|player|p1|iboxedyou|101|\n|player|p2|Garrysfriendlarry|emmet|\n|teamsize|p1|6\n|teamsize|p2|6\n|gen|9\n|tier|[Gen 9] Ubers\n|rule|Sleep Clause Mod: Limit one foe put to sleep\n|rule|Species Clause: Limit one of each Pok\u00e9mon\n|rule|OHKO Clause: OHKO moves are banned\n|rule|Evasion Items Clause: Evasion items are banned\n|rule|Evasion Moves Clause: Evasion moves are banned\n|rule|Endless Battle Clause: Forcing endless battles is banned\n|rule|HP Percentage Mod: HP is shown in percentages\n|clearpoke\n|poke|p1|Dondozo, M|\n|poke|p1|Staraptor, M|\n|poke|p1|Iron Moth|\n|poke|p1|Vikavolt, M|\n|poke|p1|Gastrodon, F|\n|poke|p1|Regidrago|\n|poke|p2|Ting-Lu|\n|poke|p2|Slowbro-Galar, F|\n|poke|p2|Diancie|\n|poke|p2|Samurott-Hisui, M|\n|poke|p2|Dragonite, M|\n|poke|p2|Annihilape, F|\n|teampreview\n|\n|t:|1699814847\n|start\n|switch|p1a: Regidrago|Regidrago|100\/100\n|switch|p2a: Samurott|Samurott-Hisui, M|100\/100\n|turn|1\n|c|\u2606Garrysfriendlarry|Glhf!\n|\n|t:|1699814886\n|switch|p2a: Diancie|Diancie|100\/100\n|move|p1a: Regidrago|Dragon Dance|p1a: Regidrago\n|-boost|p1a: Regidrago|atk|1\n|-boost|p1a: Regidrago|spe|1\n|\n|upkeep\n|turn|2\n|\n|t:|1699814896\n|-terastallize|p2a: Diancie|Steel\n|move|p1a: Regidrago|Earthquake|p2a: Diancie\n|-supereffective|p2a: Diancie\n|-damage|p2a: Diancie|24\/100\n|move|p2a: Diancie|Play Rough|p1a: Regidrago\n|-supereffective|p1a: Regidrago\n|-damage|p1a: Regidrago|12\/100\n|\n|-heal|p2a: Diancie|30\/100|[from] item: Leftovers\n|upkeep\n|turn|3\n|\n|t:|1699814910\n|switch|p2a: Dragonite|Dragonite, M|100\/100\n|move|p1a: Regidrago|Earthquake|p2a: Dragonite\n|-immune|p2a: Dragonite\n|\n|upkeep\n|turn|4\n|\n|t:|1699814918\n|move|p2a: Dragonite|Extreme Speed|p1a: Regidrago\n|-damage|p1a: Regidrago|0 fnt\n|faint|p1a: Regidrago\n|\n|upkeep\n|\n|t:|1699814936\n|switch|p1a: Staraptor|Staraptor, M|100\/100\n|turn|5\n|\n|t:|1699814947\n|switch|p2a: Slowbro|Slowbro-Galar, F|100\/100\n|move|p1a: Staraptor|Double-Edge|p2a: Slowbro\n|-damage|p2a: Slowbro|47\/100\n|-damage|p1a: Staraptor|78\/100|[from] Recoil\n|\n|upkeep\n|turn|6\n|\n|t:|1699814961\n|switch|p2a: Ting-Lu|Ting-Lu|100\/100\n|-ability|p2a: Ting-Lu|Vessel of Ruin\n|move|p1a: Staraptor|Double-Edge|p2a: Ting-Lu\n|-damage|p2a: Ting-Lu|62\/100\n|-damage|p1a: Staraptor|58\/100|[from] Recoil\n|\n|-heal|p2a: Ting-Lu|69\/100|[from] item: Leftovers\n|upkeep\n|turn|7\n|\n|t:|1699814976\n|switch|p1a: Gastrodon|Gastrodon, F|100\/100\n|switch|p2a: Slowbro|Slowbro-Galar, F|80\/100\n|\n|upkeep\n|turn|8\n|\n|t:|1699814989\n|switch|p2a: Samurott|Samurott-Hisui, M|100\/100\n|move|p1a: Gastrodon|Stealth Rock|p2a: Samurott\n|-sidestart|p2: Garrysfriendlarry|move: Stealth Rock\n|\n|upkeep\n|turn|9\n|\n|t:|1699814995\n|move|p2a: Samurott|Ceaseless Edge|p1a: Gastrodon\n|-damage|p1a: Gastrodon|44\/100\n|-sidestart|p1: iboxedyou|Spikes\n|move|p1a: Gastrodon|Yawn|p2a: Samurott\n|-start|p2a: Samurott|move: Yawn|[of] p1a: Gastrodon\n|\n|-heal|p1a: Gastrodon|50\/100|[from] item: Leftovers\n|upkeep\n|turn|10\n|\n|t:|1699815009\n|switch|p1a: Vikavolt|Vikavolt, M|100\/100\n|move|p2a: Samurott|Ceaseless Edge|p1a: Vikavolt|[miss]\n|-miss|p2a: Samurott|p1a: Vikavolt\n|\n|-end|p2a: Samurott|move: Yawn|[silent]\n|-status|p2a: Samurott|slp\n|upkeep\n|turn|11\n|\n|t:|1699815037\n|switch|p2a: Slowbro|Slowbro-Galar, F|100\/100\n|-damage|p2a: Slowbro|88\/100|[from] Stealth Rock\n|-terastallize|p1a: Vikavolt|Electric\n|move|p1a: Vikavolt|Discharge|p2a: Slowbro\n|-damage|p2a: Slowbro|35\/100\n|-status|p2a: Slowbro|par\n|\n|upkeep\n|turn|12\n|\n|t:|1699815055\n|switch|p2a: Ting-Lu|Ting-Lu|69\/100\n|-damage|p2a: Ting-Lu|62\/100|[from] Stealth Rock\n|-ability|p2a: Ting-Lu|Vessel of Ruin\n|move|p1a: Vikavolt|Bug Buzz|p2a: Ting-Lu\n|-supereffective|p2a: Ting-Lu\n|-damage|p2a: Ting-Lu|11\/100\n|\n|-heal|p2a: Ting-Lu|17\/100|[from] item: Leftovers\n|upkeep\n|turn|13\n|\n|t:|1699815073\n|move|p1a: Vikavolt|Bug Buzz|p2a: Ting-Lu\n|-supereffective|p2a: Ting-Lu\n|-damage|p2a: Ting-Lu|0 fnt\n|faint|p2a: Ting-Lu\n|\n|upkeep\n|\n|t:|1699815080\n|switch|p2a: Dragonite|Dragonite, M|100\/100\n|turn|14\n|\n|t:|1699815084\n|move|p2a: Dragonite|Dragon Dance|p2a: Dragonite\n|-boost|p2a: Dragonite|atk|1\n|-boost|p2a: Dragonite|spe|1\n|move|p1a: Vikavolt|Discharge|p2a: Dragonite\n|-damage|p2a: Dragonite|72\/100\n|\n|upkeep\n|turn|15\n|\n|t:|1699815093\n|move|p2a: Dragonite|Dragon Claw|p1a: Vikavolt\n|-damage|p1a: Vikavolt|37\/100\n|-enditem|p1a: Vikavolt|Sitrus Berry|[eat]\n|-heal|p1a: Vikavolt|61\/100|[from] item: Sitrus Berry\n|move|p1a: Vikavolt|Discharge|p2a: Dragonite\n|-damage|p2a: Dragonite|12\/100\n|\n|upkeep\n|turn|16\n|\n|t:|1699815107\n|switch|p1a: Dondozo|Dondozo, M|100\/100\n|-damage|p1a: Dondozo|88\/100|[from] Spikes\n|move|p2a: Dragonite|Dragon Claw|p1a: Dondozo\n|-damage|p1a: Dondozo|69\/100\n|\n|-heal|p1a: Dondozo|75\/100|[from] item: Leftovers\n|upkeep\n|turn|17\n|\n|t:|1699815119\n|switch|p2a: Annihilape|Annihilape, F|100\/100\n|-damage|p2a: Annihilape|94\/100|[from] Stealth Rock\n|move|p1a: Dondozo|Wave Crash|p2a: Annihilape\n|-damage|p2a: Annihilape|51\/100\n|-damage|p1a: Dondozo|63\/100|[from] Recoil\n|\n|-heal|p1a: Dondozo|70\/100|[from] item: Leftovers\n|upkeep\n|turn|18\n|\n|t:|1699815134\n|move|p2a: Annihilape|Drain Punch|p1a: Dondozo\n|-damage|p1a: Dondozo|56\/100\n|-heal|p2a: Annihilape|59\/100|[from] drain|[of] p1a: Dondozo\n|move|p1a: Dondozo|Wave Crash|p2a: Annihilape\n|-damage|p2a: Annihilape|22\/100\n|-damage|p1a: Dondozo|46\/100|[from] Recoil\n|\n|-heal|p1a: Dondozo|52\/100|[from] item: Leftovers\n|upkeep\n|turn|19\n|\n|t:|1699815145\n|move|p2a: Annihilape|Rest|p2a: Annihilape\n|-status|p2a: Annihilape|slp|[from] move: Rest\n|-enditem|p2a: Annihilape|Lum Berry|[eat]\n|-curestatus|p2a: Annihilape|slp|[msg]\n|-heal|p2a: Annihilape|100\/100|[silent]\n|move|p1a: Dondozo|Wave Crash|p2a: Annihilape\n|-damage|p2a: Annihilape|61\/100\n|-damage|p1a: Dondozo|41\/100|[from] Recoil\n|\n|-heal|p1a: Dondozo|48\/100|[from] item: Leftovers\n|upkeep\n|turn|20\n|\n|t:|1699815157\n|move|p1a: Dondozo|Protect|p1a: Dondozo\n|-singleturn|p1a: Dondozo|Protect\n|move|p2a: Annihilape|Rage Fist|p1a: Dondozo\n|-activate|p1a: Dondozo|move: Protect\n|\n|-heal|p1a: Dondozo|54\/100|[from] item: Leftovers\n|upkeep\n|turn|21\n|\n|t:|1699815168\n|move|p2a: Annihilape|Rage Fist|p1a: Dondozo\n|-damage|p1a: Dondozo|20\/100\n|move|p1a: Dondozo|Wave Crash|p2a: Annihilape\n|-damage|p2a: Annihilape|23\/100\n|-damage|p1a: Dondozo|9\/100|[from] Recoil\n|\n|-heal|p1a: Dondozo|16\/100|[from] item: Leftovers\n|upkeep\n|turn|22\n|\n|t:|1699815188\n|move|p2a: Annihilape|Rest|p2a: Annihilape\n|-status|p2a: Annihilape|slp|[from] move: Rest\n|-heal|p2a: Annihilape|100\/100 slp|[silent]\n|move|p1a: Dondozo|Wave Crash|p2a: Annihilape\n|-damage|p2a: Annihilape|61\/100 slp\n|-damage|p1a: Dondozo|4\/100|[from] Recoil\n|\n|-heal|p1a: Dondozo|11\/100|[from] item: Leftovers\n|upkeep\n|turn|23\n|\n|t:|1699815200\n|cant|p2a: Annihilape|slp\n|move|p1a: Dondozo|Wave Crash|p2a: Annihilape\n|-damage|p2a: Annihilape|24\/100 slp\n|-damage|p1a: Dondozo|0 fnt|[from] Recoil\n|faint|p1a: Dondozo\n|\n|upkeep\n|\n|t:|1699815209\n|switch|p1a: Iron Moth|Iron Moth|100\/100\n|-damage|p1a: Iron Moth|88\/100|[from] Spikes\n|-enditem|p1a: Iron Moth|Booster Energy\n|-activate|p1a: Iron Moth|ability: Quark Drive|[fromitem]\n|-start|p1a: Iron Moth|quarkdrivespe\n|turn|24\n|\n|t:|1699815220\n|move|p1a: Iron Moth|Substitute|p1a: Iron Moth\n|-start|p1a: Iron Moth|Substitute\n|-damage|p1a: Iron Moth|63\/100\n|cant|p2a: Annihilape|slp\n|\n|upkeep\n|turn|25\n|\n|t:|1699815227\n|move|p1a: Iron Moth|Fiery Dance|p2a: Annihilape\n|-damage|p2a: Annihilape|0 fnt\n|faint|p2a: Annihilape\n|\n|upkeep\n|\n|t:|1699815236\n|switch|p2a: Dragonite|Dragonite, M|12\/100\n|turn|26\n|\n|t:|1699815245\n|move|p2a: Dragonite|Extreme Speed|p1a: Iron Moth\n|-end|p1a: Iron Moth|Substitute\n|move|p1a: Iron Moth|Fiery Dance|p2a: Dragonite\n|-resisted|p2a: Dragonite\n|-damage|p2a: Dragonite|0 fnt\n|-boost|p1a: Iron Moth|spa|1\n|faint|p2a: Dragonite\n|\n|upkeep\n|\n|t:|1699815257\n|switch|p2a: Slowbro|Slowbro-Galar, F|69\/100 par\n|-damage|p2a: Slowbro|56\/100 par|[from] Stealth Rock\n|turn|27\n|\n|t:|1699815267\n|move|p1a: Iron Moth|Substitute|p1a: Iron Moth\n|-start|p1a: Iron Moth|Substitute\n|-damage|p1a: Iron Moth|38\/100\n|cant|p2a: Slowbro|par\n|\n|upkeep\n|turn|28\n|c|\u2606Garrysfriendlarry|Sigh\n|c|\u2606Garrysfriendlarry|Gg lol\n|\n|t:|1699815278\n|move|p1a: Iron Moth|Fiery Dance|p2a: Slowbro\n|-damage|p2a: Slowbro|7\/100 par\n|-boost|p1a: Iron Moth|spa|1\n|move|p2a: Slowbro|Psychic|p1a: Iron Moth\n|-supereffective|p1a: Iron Moth\n|-end|p1a: Iron Moth|Substitute\n|\n|upkeep\n|turn|29\n|\n|t:|1699815287\n|switch|p2a: Diancie|Diancie, tera:Steel|30\/100\n|-damage|p2a: Diancie|24\/100|[from] Stealth Rock\n|move|p1a: Iron Moth|Fiery Dance|p2a: Diancie\n|-supereffective|p2a: Diancie\n|-damage|p2a: Diancie|0 fnt\n|faint|p2a: Diancie\n|\n|upkeep\n|\n|t:|1699815297\n|switch|p2a: Slowbro|Slowbro-Galar, F|40\/100 par\n|-damage|p2a: Slowbro|28\/100 par|[from] Stealth Rock\n|turn|30\n|\n|t:|1699815301\n|move|p1a: Iron Moth|Fiery Dance|p2a: Slowbro\n|-damage|p2a: Slowbro|0 fnt\n|-boost|p1a: Iron Moth|spa|1\n|faint|p2a: Slowbro\n|\n|upkeep\n|\n|t:|1699815307\n|switch|p2a: Samurott|Samurott-Hisui, M|100\/100 slp\n|-damage|p2a: Samurott|88\/100 slp|[from] Stealth Rock\n|turn|31\n|\n|t:|1699815312\n|move|p1a: Iron Moth|Discharge|p2a: Samurott\n|-supereffective|p2a: Samurott\n|-damage|p2a: Samurott|0 fnt\n|faint|p2a: Samurott\n|\n|win|iboxedyou\n|l|\u2606Garrysfriendlarry\n","uploadtime":1699815322,"views":50,"p1id":"iboxedyou","p2id":"garrysfriendlarry","formatid":"gen9ubers","rating":0,"private":0,"password":""}