{"id":"gen9ubers-1980248047","p1":"neokoa","p2":"Blake-Mamba","format":"[Gen 9] Ubers","log":"|j|\u2606neokoa\n|j|\u2606Blake-Mamba\n|t:|1698769458\n|gametype|singles\n|player|p1|neokoa|265|1433\n|player|p2|Blake-Mamba|juan|1397\n|teamsize|p1|6\n|teamsize|p2|6\n|gen|9\n|tier|[Gen 9] Ubers\n|rated|\n|rule|Sleep Clause Mod: Limit one foe put to sleep\n|rule|Species Clause: Limit one of each Pok\u00e9mon\n|rule|OHKO Clause: OHKO moves are banned\n|rule|Evasion Items Clause: Evasion items are banned\n|rule|Evasion Moves Clause: Evasion moves are banned\n|rule|Endless Battle Clause: Forcing endless battles is banned\n|rule|HP Percentage Mod: HP is shown in percentages\n|clearpoke\n|poke|p1|Blissey, F|\n|poke|p1|Skeledirge, M|\n|poke|p1|Koraidon|\n|poke|p1|Arceus|\n|poke|p1|Iron Bundle|\n|poke|p1|Palkia|\n|poke|p2|Ogerpon-Hearthflame, F|\n|poke|p2|Vikavolt, M|\n|poke|p2|Kommo-o, M|\n|poke|p2|Ursaluna-Bloodmoon, M|\n|poke|p2|Yanmega, F|\n|poke|p2|Chandelure, F|\n|teampreview\n|\n|t:|1698769462\n|start\n|switch|p1a: The Emperor|Iron Bundle|100\/100\n|switch|p2a: Vikavolt|Vikavolt, M|100\/100\n|turn|1\n|-activate|p2a: Vikavolt|item: Quick Claw\n|\n|t:|1698769468\n|move|p2a: Vikavolt|Sticky Web|p1a: The Emperor\n|-sidestart|p1: neokoa|move: Sticky Web\n|move|p1a: The Emperor|Taunt|p2a: Vikavolt\n|-start|p2a: Vikavolt|move: Taunt\n|\n|upkeep\n|turn|2\n|inactive|Battle timer is ON: inactive players will automatically lose when time's up. (requested by Blake-Mamba)\n|\n|t:|1698769485\n|move|p1a: The Emperor|Flip Turn|p2a: Vikavolt\n|-damage|p2a: Vikavolt|84\/100\n|\n|t:|1698769487\n|-end|p1a: The Emperor|Quark Drive|[silent]\n|switch|p1a: Godsibb|Arceus|100\/100|[from] Flip Turn\n|-activate|p1a: Godsibb|move: Sticky Web\n|-unboost|p1a: Godsibb|spe|1\n|move|p2a: Vikavolt|Thunder|p1a: Godsibb\n|-damage|p1a: Godsibb|56\/100\n|\n|upkeep\n|turn|3\n|\n|t:|1698769496\n|move|p1a: Godsibb|Dragon Dance|p1a: Godsibb\n|-boost|p1a: Godsibb|atk|1\n|-boost|p1a: Godsibb|spe|1\n|move|p2a: Vikavolt|Thunder|p1a: Godsibb\n|-damage|p1a: Godsibb|5\/100\n|\n|upkeep\n|turn|4\n|\n|t:|1698769506\n|-terastallize|p1a: Godsibb|Normal\n|move|p1a: Godsibb|Extreme Speed|p2a: Vikavolt\n|-damage|p2a: Vikavolt|0 fnt\n|faint|p2a: Vikavolt\n|\n|upkeep\n|\n|t:|1698769515\n|switch|p2a: Chandelure|Chandelure, F|100\/100\n|turn|5\n|\n|t:|1698769518\n|move|p2a: Chandelure|Flamethrower|p1a: Godsibb\n|-damage|p1a: Godsibb|0 fnt\n|faint|p1a: Godsibb\n|\n|upkeep\n|\n|t:|1698769527\n|switch|p1a: Find the Flame|Koraidon|100\/100\n|-activate|p1a: Find the Flame|move: Sticky Web\n|-unboost|p1a: Find the Flame|spe|1\n|-weather|SunnyDay|[from] ability: Orichalcum Pulse|[of] p1a: Find the Flame\n|-activate|p1a: Find the Flame|Orichalcum Pulse|[source]\n|turn|6\n|\n|t:|1698769539\n|move|p2a: Chandelure|Flamethrower|p1a: Find the Flame\n|-resisted|p1a: Find the Flame\n|-damage|p1a: Find the Flame|61\/100\n|move|p1a: Find the Flame|Scale Shot|p2a: Chandelure\n|-damage|p2a: Chandelure|75\/100\n|-damage|p2a: Chandelure|48\/100\n|-damage|p2a: Chandelure|20\/100\n|-damage|p2a: Chandelure|0 fnt\n|faint|p2a: Chandelure\n|-hitcount|p2: Chandelure|4\n|-unboost|p1a: Find the Flame|def|1\n|-boost|p1a: Find the Flame|spe|1\n|\n|-weather|SunnyDay|[upkeep]\n|upkeep\n|\n|t:|1698769557\n|switch|p2a: Yanmega|Yanmega, F, shiny|100\/100\n|turn|7\n|j| I registered this\n|\n|t:|1698769561\n|move|p2a: Yanmega|Protect|p2a: Yanmega\n|-singleturn|p2a: Yanmega|Protect\n|move|p1a: Find the Flame|Flare Blitz|p2a: Yanmega\n|-activate|p2a: Yanmega|move: Protect\n|\n|-weather|SunnyDay|[upkeep]\n|-ability|p2a: Yanmega|Speed Boost|boost\n|-boost|p2a: Yanmega|spe|1\n|upkeep\n|turn|8\n|\n|t:|1698769573\n|move|p2a: Yanmega|Air Slash|p1a: Find the Flame\n|-supereffective|p1a: Find the Flame\n|-damage|p1a: Find the Flame|0 fnt\n|faint|p1a: Find the Flame\n|\n|-weather|SunnyDay|[upkeep]\n|-ability|p2a: Yanmega|Speed Boost|boost\n|-boost|p2a: Yanmega|spe|1\n|upkeep\n|\n|t:|1698769576\n|switch|p1a: Chase the Light|Blissey, F|100\/100\n|turn|9\n|\n|t:|1698769583\n|switch|p2a: Kommo-o|Kommo-o, M|100\/100\n|move|p1a: Chase the Light|Thunder Wave|p2a: Kommo-o\n|-status|p2a: Kommo-o|par\n|\n|-weather|SunnyDay|[upkeep]\n|upkeep\n|turn|10\n|\n|t:|1698769594\n|switch|p1a: Bury the Light|Skeledirge, M|100\/100\n|move|p2a: Kommo-o|Outrage|p1a: Bury the Light\n|-damage|p1a: Bury the Light|62\/100\n|\n|-weather|none\n|upkeep\n|turn|11\n|\n|t:|1698769602\n|move|p1a: Bury the Light|Hex|p2a: Kommo-o\n|-damage|p2a: Kommo-o|55\/100 par\n|move|p2a: Kommo-o|Outrage|p1a: Bury the Light|[from]lockedmove\n|-damage|p1a: Bury the Light|25\/100\n|-start|p2a: Kommo-o|confusion|[fatigue]\n|\n|-heal|p2a: Kommo-o|62\/100 par|[from] item: Leftovers\n|upkeep\n|turn|12\n|\n|t:|1698769612\n|switch|p2a: Ursaluna|Ursaluna-Bloodmoon, M|100\/100\n|move|p1a: Bury the Light|Slack Off|p1a: Bury the Light\n|-heal|p1a: Bury the Light|75\/100\n|\n|upkeep\n|turn|13\n|\n|t:|1698769619\n|move|p1a: Bury the Light|Will-O-Wisp|p2a: Ursaluna\n|-status|p2a: Ursaluna|brn\n|move|p2a: Ursaluna|Blood Moon|p1a: Bury the Light\n|-crit|p1a: Bury the Light\n|-damage|p1a: Bury the Light|0 fnt\n|faint|p1a: Bury the Light\n|\n|-damage|p2a: Ursaluna|94\/100 brn|[from] brn\n|upkeep\n|\n|t:|1698769626\n|switch|p1a: Number One|Palkia|100\/100\n|-activate|p1a: Number One|move: Sticky Web\n|-unboost|p1a: Number One|spe|1\n|-ability|p1a: Number One|Pressure\n|turn|14\n|\n|t:|1698769637\n|move|p1a: Number One|Hydro Pump|p2a: Ursaluna\n|-supereffective|p2a: Ursaluna\n|-crit|p2a: Ursaluna\n|-damage|p2a: Ursaluna|0 fnt\n|faint|p2a: Ursaluna\n|\n|upkeep\n|\n|t:|1698769645\n|switch|p2a: Yanmega|Yanmega, F, shiny|100\/100\n|turn|15\n|\n|t:|1698769649\n|move|p2a: Yanmega|Protect|p2a: Yanmega\n|-singleturn|p2a: Yanmega|Protect\n|move|p1a: Number One|Thunderbolt|p2a: Yanmega\n|-activate|p2a: Yanmega|move: Protect\n|\n|-ability|p2a: Yanmega|Speed Boost|boost\n|-boost|p2a: Yanmega|spe|1\n|upkeep\n|turn|16\n|\n|t:|1698769658\n|-terastallize|p2a: Yanmega|Ground\n|move|p2a: Yanmega|Bug Buzz|p1a: Number One\n|-damage|p1a: Number One|60\/100\n|-enditem|p2a: Yanmega|Throat Spray\n|-boost|p2a: Yanmega|spa|1|[from] item: Throat Spray\n|move|p1a: Number One|Thunderbolt|p2a: Yanmega\n|-immune|p2a: Yanmega\n|\n|-heal|p1a: Number One|66\/100|[from] item: Leftovers\n|-ability|p2a: Yanmega|Speed Boost|boost\n|-boost|p2a: Yanmega|spe|1\n|upkeep\n|turn|17\n|\n|t:|1698769670\n|switch|p1a: Chase the Light|Blissey, F|100\/100\n|move|p2a: Yanmega|Bug Buzz|p1a: Chase the Light\n|-damage|p1a: Chase the Light|78\/100\n|\n|-ability|p2a: Yanmega|Speed Boost|boost\n|-boost|p2a: Yanmega|spe|1\n|upkeep\n|turn|18\n|\n|t:|1698769679\n|move|p2a: Yanmega|Air Slash|p1a: Chase the Light\n|-damage|p1a: Chase the Light|59\/100\n|move|p1a: Chase the Light|Stealth Rock|p2a: Yanmega\n|-sidestart|p2: Blake-Mamba|move: Stealth Rock\n|\n|-ability|p2a: Yanmega|Speed Boost|boost\n|-boost|p2a: Yanmega|spe|1\n|upkeep\n|turn|19\n|\n|t:|1698769687\n|move|p2a: Yanmega|Air Slash|p1a: Chase the Light\n|-damage|p1a: Chase the Light|41\/100\n|cant|p1a: Chase the Light|flinch\n|\n|-ability|p2a: Yanmega|Speed Boost|boost\n|-boost|p2a: Yanmega|spe|1\n|upkeep\n|turn|20\n|\n|t:|1698769695\n|move|p2a: Yanmega|Bug Buzz|p1a: Chase the Light\n|-damage|p1a: Chase the Light|19\/100\n|move|p1a: Chase the Light|Soft-Boiled|p1a: Chase the Light\n|-heal|p1a: Chase the Light|69\/100\n|\n|-ability|p2a: Yanmega|Speed Boost|boost\n|-boost|p2a: Yanmega|spe|1\n|upkeep\n|turn|21\n|\n|t:|1698769703\n|move|p2a: Yanmega|Bug Buzz|p1a: Chase the Light\n|-damage|p1a: Chase the Light|48\/100\n|move|p1a: Chase the Light|Seismic Toss|p2a: Yanmega\n|-damage|p2a: Yanmega|69\/100\n|\n|upkeep\n|turn|22\n|\n|t:|1698769710\n|move|p2a: Yanmega|Air Slash|p1a: Chase the Light\n|-damage|p1a: Chase the Light|29\/100\n|cant|p1a: Chase the Light|flinch\n|\n|upkeep\n|turn|23\n|\n|t:|1698769715\n|move|p2a: Yanmega|Air Slash|p1a: Chase the Light\n|-damage|p1a: Chase the Light|13\/100\n|move|p1a: Chase the Light|Soft-Boiled|p1a: Chase the Light\n|-heal|p1a: Chase the Light|63\/100\n|\n|upkeep\n|turn|24\n|\n|t:|1698769721\n|move|p2a: Yanmega|Bug Buzz|p1a: Chase the Light\n|-damage|p1a: Chase the Light|41\/100\n|move|p1a: Chase the Light|Soft-Boiled|p1a: Chase the Light\n|-heal|p1a: Chase the Light|91\/100\n|\n|upkeep\n|turn|25\n|\n|t:|1698769728\n|move|p2a: Yanmega|Bug Buzz|p1a: Chase the Light\n|-damage|p1a: Chase the Light|68\/100\n|move|p1a: Chase the Light|Seismic Toss|p2a: Yanmega\n|-damage|p2a: Yanmega|37\/100\n|\n|upkeep\n|turn|26\n|\n|t:|1698769734\n|move|p2a: Yanmega|Bug Buzz|p1a: Chase the Light\n|-damage|p1a: Chase the Light|47\/100\n|move|p1a: Chase the Light|Seismic Toss|p2a: Yanmega\n|-damage|p2a: Yanmega|5\/100\n|\n|upkeep\n|turn|27\n|\n|t:|1698769741\n|move|p2a: Yanmega|Air Slash|p1a: Chase the Light\n|-damage|p1a: Chase the Light|29\/100\n|move|p1a: Chase the Light|Soft-Boiled|p1a: Chase the Light\n|-heal|p1a: Chase the Light|79\/100\n|\n|upkeep\n|turn|28\n|\n|t:|1698769747\n|move|p2a: Yanmega|Air Slash|p1a: Chase the Light\n|-damage|p1a: Chase the Light|62\/100\n|move|p1a: Chase the Light|Seismic Toss|p2a: Yanmega\n|-damage|p2a: Yanmega|0 fnt\n|faint|p2a: Yanmega\n|\n|upkeep\n|\n|t:|1698769755\n|switch|p2a: Ogerpon|Ogerpon-Hearthflame, F|100\/100\n|-damage|p2a: Ogerpon|76\/100|[from] Stealth Rock\n|-ability|p2a: Ogerpon|Mold Breaker\n|turn|29\n|\n|t:|1698769760\n|move|p2a: Ogerpon|Ivy Cudgel|p1a: Chase the Light\n|-damage|p1a: Chase the Light|0 fnt\n|faint|p1a: Chase the Light\n|\n|upkeep\n|\n|t:|1698769763\n|switch|p1a: Number One|Palkia|66\/100\n|-activate|p1a: Number One|move: Sticky Web\n|-unboost|p1a: Number One|spe|1\n|-ability|p1a: Number One|Pressure\n|turn|30\n|\n|t:|1698769770\n|move|p2a: Ogerpon|Play Rough|p1a: Number One|[miss]\n|-miss|p2a: Ogerpon|p1a: Number One\n|move|p1a: Number One|Draco Meteor|p2a: Ogerpon\n|-damage|p2a: Ogerpon|0 fnt\n|-unboost|p1a: Number One|spa|2\n|faint|p2a: Ogerpon\n|\n|-heal|p1a: Number One|72\/100|[from] item: Leftovers\n|upkeep\n|c|\u2606Blake-Mamba|Damn , really ?\n|\n|t:|1698769790\n|switch|p2a: Kommo-o|Kommo-o, M|62\/100 par\n|-damage|p2a: Kommo-o|55\/100 par|[from] Stealth Rock\n|turn|31\n|\n|t:|1698769796\n|switch|p1a: The Emperor|Iron Bundle|100\/100\n|-activate|p1a: The Emperor|move: Sticky Web\n|-unboost|p1a: The Emperor|spe|1\n|move|p2a: Kommo-o|Clangorous Soul|p2a: Kommo-o\n|-boost|p2a: Kommo-o|atk|1\n|-boost|p2a: Kommo-o|def|1\n|-boost|p2a: Kommo-o|spa|1\n|-boost|p2a: Kommo-o|spd|1\n|-boost|p2a: Kommo-o|spe|1\n|-damage|p2a: Kommo-o|23\/100 par\n|\n|-heal|p2a: Kommo-o|29\/100 par|[from] item: Leftovers\n|upkeep\n|turn|32\n|\n|t:|1698769808\n|move|p1a: The Emperor|Freeze-Dry|p2a: Kommo-o\n|-supereffective|p2a: Kommo-o\n|-damage|p2a: Kommo-o|0 fnt\n|faint|p2a: Kommo-o\n|\n|win|neokoa\n|raw|neokoa's rating: 1433 &rarr; <strong>1451<\/strong><br \/>(+18 for winning)\n|raw|Blake-Mamba's rating: 1397 &rarr; <strong>1379<\/strong><br \/>(-18 for losing)\n|c|\u2606Blake-Mamba|Gg Ig\n|c|\u2606neokoa|gg\n","uploadtime":1698769818,"views":14,"p1id":"neokoa","p2id":"blakemamba","formatid":"gen9ubers","rating":1379,"private":0,"password":""}