{"id":"gen9ubers-1999852538","p1":"jgdfnjkbgkdfj","p2":"Ohhimissed","format":"[Gen 9] Ubers","log":"|j|\u2606jgdfnjkbgkdfj\n|j|\u2606Ohhimissed\n|t:|1701122870\n|gametype|singles\n|player|p1|jgdfnjkbgkdfj|265|1000\n|player|p2|Ohhimissed|steven|1000\n|teamsize|p1|6\n|teamsize|p2|6\n|gen|9\n|tier|[Gen 9] Ubers\n|rated|\n|rule|Sleep Clause Mod: Limit one foe put to sleep\n|rule|Species Clause: Limit one of each Pok\u00e9mon\n|rule|OHKO Clause: OHKO moves are banned\n|rule|Evasion Items Clause: Evasion items are banned\n|rule|Evasion Moves Clause: Evasion moves are banned\n|rule|Endless Battle Clause: Forcing endless battles is banned\n|rule|HP Percentage Mod: HP is shown in percentages\n|clearpoke\n|poke|p1|Kingambit, F|\n|poke|p1|Greninja-*, M|\n|poke|p1|Annihilape, F|\n|poke|p1|Toxapex, F|\n|poke|p1|Gliscor, F|\n|poke|p1|Urshifu-*, M|\n|poke|p2|Garchomp, M|\n|poke|p2|Landorus-Therian, M|\n|poke|p2|Chien-Pao|\n|poke|p2|Heatran, F|\n|poke|p2|Zacian-*|\n|poke|p2|Urshifu-*, F|\n|teampreview\n|\n|t:|1701122878\n|start\n|switch|p1a: Toxapex|Toxapex, F|100\/100\n|switch|p2a: Landorus|Landorus-Therian, M|100\/100\n|-ability|p2a: Landorus|Intimidate|boost\n|-unboost|p1a: Toxapex|atk|1\n|turn|1\n|\n|t:|1701122886\n|-terastallize|p1a: Toxapex|Fairy\n|move|p2a: Landorus|Taunt|p1a: Toxapex\n|-start|p1a: Toxapex|move: Taunt\n|cant|p1a: Toxapex|move: Taunt|Stockpile\n|\n|upkeep\n|turn|2\n|\n|t:|1701122894\n|move|p2a: Landorus|Stealth Rock|p1a: Toxapex\n|-sidestart|p1: jgdfnjkbgkdfj|move: Stealth Rock\n|move|p1a: Toxapex|Spit Up||[still]\n|-fail|p1a: Toxapex\n|\n|upkeep\n|turn|3\n|\n|t:|1701122901\n|switch|p2a: Zacian|Zacian-Crowned|100\/100\n|-ability|p2a: Zacian|Intrepid Sword|boost\n|-boost|p2a: Zacian|atk|1\n|move|p1a: Toxapex|Spit Up||[still]\n|-fail|p1a: Toxapex\n|\n|-end|p1a: Toxapex|move: Taunt\n|upkeep\n|turn|4\n|inactive|Battle timer is ON: inactive players will automatically lose when time's up. (requested by jgdfnjkbgkdfj)\n|\n|t:|1701122910\n|move|p1a: Toxapex|Baneful Bunker|p1a: Toxapex\n|-singleturn|p1a: Toxapex|move: Protect\n|move|p2a: Zacian|Behemoth Blade|p1a: Toxapex\n|-activate|p1a: Toxapex|move: Protect\n|\n|upkeep\n|turn|5\n|\n|t:|1701122917\n|move|p2a: Zacian|Behemoth Blade|p1a: Toxapex\n|-supereffective|p1a: Toxapex\n|-enditem|p1a: Toxapex|Focus Sash\n|-damage|p1a: Toxapex|1\/100\n|move|p1a: Toxapex|Stockpile|p1a: Toxapex\n|-start|p1a: Toxapex|stockpile1\n|-boost|p1a: Toxapex|def|1\n|-boost|p1a: Toxapex|spd|1\n|\n|upkeep\n|turn|6\n|\n|t:|1701122922\n|move|p1a: Toxapex|Baneful Bunker|p1a: Toxapex\n|-singleturn|p1a: Toxapex|move: Protect\n|move|p2a: Zacian|Behemoth Blade|p1a: Toxapex\n|-activate|p1a: Toxapex|move: Protect\n|\n|upkeep\n|turn|7\n|\n|t:|1701122930\n|move|p2a: Zacian|Behemoth Blade|p1a: Toxapex\n|-supereffective|p1a: Toxapex\n|-damage|p1a: Toxapex|0 fnt\n|faint|p1a: Toxapex\n|\n|upkeep\n|\n|t:|1701122933\n|switch|p1a: Urshifu|Urshifu-Rapid-Strike, M|100\/100\n|-damage|p1a: Urshifu|94\/100|[from] Stealth Rock\n|turn|8\n|\n|t:|1701122938\n|move|p2a: Zacian|Wild Charge|p1a: Urshifu\n|-supereffective|p1a: Urshifu\n|-damage|p1a: Urshifu|0 fnt\n|faint|p1a: Urshifu\n|-damage|p2a: Zacian|76\/100|[from] Recoil\n|\n|upkeep\n|\n|t:|1701122945\n|switch|p1a: Greninja|Greninja, M|100\/100\n|-damage|p1a: Greninja|88\/100|[from] Stealth Rock\n|turn|9\n|\n|t:|1701122948\n|move|p2a: Zacian|Wild Charge|p1a: Greninja\n|-supereffective|p1a: Greninja\n|-damage|p1a: Greninja|0 fnt\n|faint|p1a: Greninja\n|-damage|p2a: Zacian|57\/100|[from] Recoil\n|\n|upkeep\n|\n|t:|1701122953\n|switch|p1a: Gliscor|Gliscor, F|100\/100\n|-damage|p1a: Gliscor|88\/100|[from] Stealth Rock\n|turn|10\n|\n|t:|1701122957\n|move|p2a: Zacian|Behemoth Blade|p1a: Gliscor\n|-damage|p1a: Gliscor|24\/100\n|move|p1a: Gliscor|Rock Tomb|p2a: Zacian\n|-resisted|p2a: Zacian\n|-damage|p2a: Zacian|51\/100\n|-unboost|p2a: Zacian|spe|1\n|\n|upkeep\n|turn|11\n|\n|t:|1701122964\n|move|p1a: Gliscor|Substitute|p1a: Gliscor\n|-fail|p1a: Gliscor|move: Substitute|[weak]\n|move|p2a: Zacian|Behemoth Blade|p1a: Gliscor\n|-damage|p1a: Gliscor|0 fnt\n|faint|p1a: Gliscor\n|\n|upkeep\n|\n|t:|1701122968\n|switch|p1a: Annihilape|Annihilape, F|100\/100\n|-damage|p1a: Annihilape|94\/100|[from] Stealth Rock\n|turn|12\n|\n|t:|1701122973\n|move|p2a: Zacian|Play Rough|p1a: Annihilape|[miss]\n|-miss|p2a: Zacian|p1a: Annihilape\n|move|p1a: Annihilape|Rage Fist|p2a: Zacian\n|-damage|p2a: Zacian|29\/100\n|\n|upkeep\n|turn|13\n|\n|t:|1701122980\n|move|p2a: Zacian|Play Rough|p1a: Annihilape\n|-supereffective|p1a: Annihilape\n|-damage|p1a: Annihilape|0 fnt\n|faint|p1a: Annihilape\n|\n|upkeep\n|\n|t:|1701122983\n|switch|p1a: Kingambit|Kingambit, F|100\/100\n|-damage|p1a: Kingambit|94\/100|[from] Stealth Rock\n|-activate|p1a: Kingambit|ability: Supreme Overlord\n|-start|p1a: Kingambit|fallen5|[silent]\n|turn|14\n|\n|t:|1701122990\n|move|p2a: Zacian|Sacred Sword|p1a: Kingambit\n|-supereffective|p1a: Kingambit\n|-damage|p1a: Kingambit|0 fnt\n|faint|p1a: Kingambit\n|-end|p1a: Kingambit|fallen5|[silent]\n|\n|win|Ohhimissed\n|raw|jgdfnjkbgkdfj's rating: 1000 &rarr; <strong>1000<\/strong><br \/>(+0 for losing)\n|raw|Ohhimissed's rating: 1000 &rarr; <strong>1040<\/strong><br \/>(+40 for winning)\n|c|\u2606Ohhimissed|ummm\n|l|\u2606jgdfnjkbgkdfj\n","uploadtime":1701123014,"views":3,"p1id":"jgdfnjkbgkdfj","p2id":"ohhimissed","formatid":"gen9ubers","rating":1000,"private":0,"password":""}