{"id":"gen9ubers-1977005832","p1":"MeteorAsh15","p2":"SamuraiJackinOff","format":"[Gen 9] Ubers","log":"|j|\u2606MeteorAsh15\n|j|\u2606SamuraiJackinOff\n|t:|1698361014\n|gametype|singles\n|player|p1|MeteorAsh15|nate|1251\n|player|p2|SamuraiJackinOff|brycen|1317\n|teamsize|p1|6\n|teamsize|p2|6\n|gen|9\n|tier|[Gen 9] Ubers\n|rated|\n|rule|Sleep Clause Mod: Limit one foe put to sleep\n|rule|Species Clause: Limit one of each Pok\u00e9mon\n|rule|OHKO Clause: OHKO moves are banned\n|rule|Evasion Items Clause: Evasion items are banned\n|rule|Evasion Moves Clause: Evasion moves are banned\n|rule|Endless Battle Clause: Forcing endless battles is banned\n|rule|HP Percentage Mod: HP is shown in percentages\n|clearpoke\n|poke|p1|Baxcalibur, F|\n|poke|p1|Ninetales-Alola, F|\n|poke|p1|Koraidon|\n|poke|p1|Zacian-*|\n|poke|p1|Tornadus, M|\n|poke|p1|Ribombee, F|\n|poke|p2|Kingambit, M|\n|poke|p2|Koraidon|\n|poke|p2|Zacian-*|\n|poke|p2|Skeledirge, F|\n|poke|p2|Ting-Lu|\n|poke|p2|Arceus-Fairy|\n|teampreview\n|inactive|Battle timer is ON: inactive players will automatically lose when time's up. (requested by MeteorAsh15)\n|\n|t:|1698361045\n|start\n|switch|p1a: Ribombee|Ribombee, F, shiny|100\/100\n|switch|p2a: Koraidon|Koraidon|100\/100\n|-weather|SunnyDay|[from] ability: Orichalcum Pulse|[of] p2a: Koraidon\n|-activate|p2a: Koraidon|Orichalcum Pulse|[source]\n|turn|1\n|\n|t:|1698361055\n|move|p2a: Koraidon|U-turn|p1a: Ribombee\n|-resisted|p1a: Ribombee\n|-damage|p1a: Ribombee|48\/100\n|\n|t:|1698361058\n|switch|p2a: Zacian|Zacian-Crowned|100\/100|[from] U-turn\n|-ability|p2a: Zacian|Intrepid Sword|boost\n|-boost|p2a: Zacian|atk|1\n|move|p1a: Ribombee|Sticky Web|p2a: Zacian\n|-sidestart|p2: SamuraiJackinOff|move: Sticky Web\n|\n|-weather|SunnyDay|[upkeep]\n|upkeep\n|turn|2\n|\n|t:|1698361068\n|move|p2a: Zacian|Behemoth Blade|p1a: Ribombee\n|-supereffective|p1a: Ribombee\n|-damage|p1a: Ribombee|0 fnt\n|faint|p1a: Ribombee\n|\n|-weather|SunnyDay|[upkeep]\n|upkeep\n|\n|t:|1698361075\n|switch|p1a: Tornadus|Tornadus, M, shiny|100\/100\n|turn|3\n|\n|t:|1698361080\n|move|p1a: Tornadus|Tailwind|p1a: Tornadus\n|-sidestart|p1: MeteorAsh15|move: Tailwind\n|move|p2a: Zacian|Behemoth Blade|p1a: Tornadus\n|-damage|p1a: Tornadus|11\/100\n|\n|-weather|SunnyDay|[upkeep]\n|upkeep\n|turn|4\n|\n|t:|1698361088\n|move|p1a: Tornadus|Heat Wave|p2a: Zacian\n|-supereffective|p2a: Zacian\n|-crit|p2a: Zacian\n|-damage|p2a: Zacian|0 fnt\n|faint|p2a: Zacian\n|\n|-weather|SunnyDay|[upkeep]\n|upkeep\n|\n|t:|1698361111\n|switch|p2a: Arceus|Arceus-Fairy|100\/100\n|-activate|p2a: Arceus|move: Sticky Web\n|-unboost|p2a: Arceus|spe|1\n|turn|5\n|\n|t:|1698361116\n|move|p1a: Tornadus|Heat Wave|p2a: Arceus\n|-damage|p2a: Arceus|73\/100\n|move|p2a: Arceus|Calm Mind|p2a: Arceus\n|-boost|p2a: Arceus|spa|1\n|-boost|p2a: Arceus|spd|1\n|\n|-weather|none\n|upkeep\n|turn|6\n|\n|t:|1698361125\n|move|p1a: Tornadus|Bleakwind Storm|p2a: Arceus\n|-damage|p2a: Arceus|54\/100\n|move|p2a: Arceus|Recover|p2a: Arceus\n|-heal|p2a: Arceus|100\/100\n|\n|-sideend|p1: MeteorAsh15|move: Tailwind\n|upkeep\n|turn|7\n|\n|t:|1698361134\n|move|p1a: Tornadus|Tailwind|p1a: Tornadus\n|-sidestart|p1: MeteorAsh15|move: Tailwind\n|move|p2a: Arceus|Calm Mind|p2a: Arceus\n|-boost|p2a: Arceus|spa|1\n|-boost|p2a: Arceus|spd|1\n|\n|upkeep\n|turn|8\n|\n|t:|1698361144\n|switch|p1a: Zacian|Zacian-Crowned, shiny|100\/100\n|-ability|p1a: Zacian|Intrepid Sword|boost\n|-boost|p1a: Zacian|atk|1\n|move|p2a: Arceus|Judgment|p1a: Zacian\n|-resisted|p1a: Zacian\n|-damage|p1a: Zacian|50\/100\n|\n|upkeep\n|turn|9\n|\n|t:|1698361152\n|-terastallize|p2a: Arceus|Poison\n|move|p1a: Zacian|Behemoth Blade|p2a: Arceus\n|-damage|p2a: Arceus|50\/100\n|move|p2a: Arceus|Earth Power|p1a: Zacian\n|-supereffective|p1a: Zacian\n|-damage|p1a: Zacian|0 fnt\n|faint|p1a: Zacian\n|\n|upkeep\n|\n|t:|1698361163\n|switch|p1a: Koraidon|Koraidon|100\/100\n|-weather|SunnyDay|[from] ability: Orichalcum Pulse|[of] p1a: Koraidon\n|-activate|p1a: Koraidon|Orichalcum Pulse|[source]\n|turn|10\n|\n|t:|1698361172\n|switch|p2a: Skeledirge|Skeledirge, F|100\/100\n|move|p1a: Koraidon|Flare Blitz|p2a: Skeledirge\n|-resisted|p2a: Skeledirge\n|-damage|p2a: Skeledirge|74\/100\n|-damage|p1a: Koraidon|90\/100|[from] Recoil\n|\n|-weather|SunnyDay|[upkeep]\n|-sideend|p1: MeteorAsh15|move: Tailwind\n|upkeep\n|turn|11\n|\n|t:|1698361187\n|move|p1a: Koraidon|Dragon Claw|p2a: Skeledirge\n|-damage|p2a: Skeledirge|42\/100\n|move|p2a: Skeledirge|Torch Song|p1a: Koraidon\n|-resisted|p1a: Koraidon\n|-crit|p1a: Koraidon\n|-damage|p1a: Koraidon|58\/100\n|-boost|p2a: Skeledirge|spa|1\n|\n|-weather|SunnyDay|[upkeep]\n|upkeep\n|turn|12\n|\n|t:|1698361198\n|move|p1a: Koraidon|Dragon Claw|p2a: Skeledirge\n|-damage|p2a: Skeledirge|4\/100\n|move|p2a: Skeledirge|Slack Off|p2a: Skeledirge\n|-heal|p2a: Skeledirge|54\/100\n|\n|-weather|SunnyDay|[upkeep]\n|upkeep\n|turn|13\n|\n|t:|1698361207\n|switch|p1a: Ninetales|Ninetales-Alola, F|100\/100\n|-weather|Snow|[from] ability: Snow Warning|[of] p1a: Ninetales\n|move|p2a: Skeledirge|Slack Off|p2a: Skeledirge\n|-heal|p2a: Skeledirge|100\/100\n|\n|-weather|Snow|[upkeep]\n|upkeep\n|turn|14\n|\n|t:|1698361217\n|switch|p2a: Arceus|Arceus-Fairy, tera:Poison|50\/100\n|-activate|p2a: Arceus|move: Sticky Web\n|-unboost|p2a: Arceus|spe|1\n|move|p1a: Ninetales|Encore||[still]\n|-fail|p1a: Ninetales\n|\n|-weather|Snow|[upkeep]\n|upkeep\n|turn|15\n|\n|t:|1698361226\n|move|p1a: Ninetales|Aurora Veil|p1a: Ninetales\n|-sidestart|p1: MeteorAsh15|move: Aurora Veil\n|move|p2a: Arceus|Recover|p2a: Arceus\n|-heal|p2a: Arceus|99\/100\n|\n|-weather|Snow|[upkeep]\n|upkeep\n|turn|16\n|\n|t:|1698361241\n|switch|p2a: Ting-Lu|Ting-Lu|100\/100\n|-activate|p2a: Ting-Lu|move: Sticky Web\n|-unboost|p2a: Ting-Lu|spe|1\n|-ability|p2a: Ting-Lu|Vessel of Ruin\n|move|p1a: Ninetales|Encore||[still]\n|-fail|p1a: Ninetales\n|\n|-weather|Snow|[upkeep]\n|upkeep\n|turn|17\n|\n|t:|1698361251\n|move|p1a: Ninetales|Hypnosis|p2a: Ting-Lu|[miss]\n|-miss|p1a: Ninetales|p2a: Ting-Lu\n|move|p2a: Ting-Lu|Spikes|p1a: Ninetales\n|-sidestart|p1: MeteorAsh15|Spikes\n|\n|-weather|none\n|upkeep\n|turn|18\n|\n|t:|1698361258\n|move|p1a: Ninetales|Hypnosis|p2a: Ting-Lu\n|-status|p2a: Ting-Lu|slp|[from] move: Hypnosis\n|cant|p2a: Ting-Lu|slp\n|\n|upkeep\n|turn|19\n|\n|t:|1698361266\n|switch|p1a: Tornadus|Tornadus, M, shiny|11\/100\n|switch|p2a: Arceus|Arceus-Fairy, tera:Poison|99\/100\n|-activate|p2a: Arceus|move: Sticky Web\n|-unboost|p2a: Arceus|spe|1\n|\n|upkeep\n|turn|20\n|\n|t:|1698361281\n|move|p1a: Tornadus|Bleakwind Storm|p2a: Arceus\n|-crit|p2a: Arceus\n|-damage|p2a: Arceus|59\/100\n|move|p2a: Arceus|Calm Mind|p2a: Arceus\n|-boost|p2a: Arceus|spa|1\n|-boost|p2a: Arceus|spd|1\n|\n|upkeep\n|turn|21\n|\n|t:|1698361289\n|move|p1a: Tornadus|Bleakwind Storm|p2a: Arceus\n|-damage|p2a: Arceus|42\/100\n|-unboost|p2a: Arceus|spe|1\n|move|p2a: Arceus|Recover|p2a: Arceus\n|-heal|p2a: Arceus|92\/100\n|\n|upkeep\n|turn|22\n|\n|t:|1698361299\n|move|p1a: Tornadus|U-turn|p2a: Arceus\n|-resisted|p2a: Arceus\n|-damage|p2a: Arceus|87\/100\n|\n|t:|1698361302\n|switch|p1a: Ninetales|Ninetales-Alola, F|100\/100|[from] U-turn\n|-damage|p1a: Ninetales|88\/100|[from] Spikes\n|-weather|Snow|[from] ability: Snow Warning|[of] p1a: Ninetales\n|move|p2a: Arceus|Recover|p2a: Arceus\n|-heal|p2a: Arceus|100\/100\n|\n|-weather|Snow|[upkeep]\n|-sideend|p1: MeteorAsh15|move: Aurora Veil\n|upkeep\n|turn|23\n|\n|t:|1698361315\n|switch|p2a: Kingambit|Kingambit, M|100\/100\n|-activate|p2a: Kingambit|move: Sticky Web\n|-unboost|p2a: Kingambit|spe|1\n|-activate|p2a: Kingambit|ability: Supreme Overlord\n|-start|p2a: Kingambit|fallen1|[silent]\n|move|p1a: Ninetales|Aurora Veil|p1a: Ninetales\n|-sidestart|p1: MeteorAsh15|move: Aurora Veil\n|\n|-weather|Snow|[upkeep]\n|upkeep\n|turn|24\n|\n|t:|1698361325\n|move|p1a: Ninetales|Hypnosis|p2a: Kingambit|[miss]\n|-miss|p1a: Ninetales|p2a: Kingambit\n|move|p2a: Kingambit|Iron Head|p1a: Ninetales\n|-supereffective|p1a: Ninetales\n|-damage|p1a: Ninetales|0 fnt\n|faint|p1a: Ninetales\n|\n|-weather|Snow|[upkeep]\n|upkeep\n|\n|t:|1698361334\n|switch|p1a: Baxcalibur|Baxcalibur, F|100\/100\n|-damage|p1a: Baxcalibur|88\/100|[from] Spikes\n|turn|25\n|\n|t:|1698361342\n|move|p1a: Baxcalibur|Swords Dance|p1a: Baxcalibur\n|-boost|p1a: Baxcalibur|atk|2\n|move|p2a: Kingambit|Swords Dance|p2a: Kingambit\n|-boost|p2a: Kingambit|atk|2\n|\n|-weather|Snow|[upkeep]\n|upkeep\n|turn|26\n|\n|t:|1698361350\n|move|p2a: Kingambit|Sucker Punch|p1a: Baxcalibur\n|-damage|p1a: Baxcalibur|57\/100\n|move|p1a: Baxcalibur|Earthquake|p2a: Kingambit\n|-supereffective|p2a: Kingambit\n|-damage|p2a: Kingambit|0 fnt\n|faint|p2a: Kingambit\n|-end|p2a: Kingambit|fallen1|[silent]\n|\n|-weather|none\n|upkeep\n|\n|t:|1698361361\n|switch|p2a: Skeledirge|Skeledirge, F|100\/100\n|turn|27\n|\n|t:|1698361364\n|move|p1a: Baxcalibur|Earthquake|p2a: Skeledirge\n|-supereffective|p2a: Skeledirge\n|-crit|p2a: Skeledirge\n|-damage|p2a: Skeledirge|33\/100\n|move|p2a: Skeledirge|Torch Song|p1a: Baxcalibur\n|-damage|p1a: Baxcalibur|43\/100\n|-boost|p2a: Skeledirge|spa|1\n|-ability|p1a: Baxcalibur|Thermal Exchange|boost\n|-boost|p1a: Baxcalibur|atk|1\n|\n|upkeep\n|turn|28\n|-message|SamuraiJackinOff forfeited.\n|\n|win|MeteorAsh15\n|raw|MeteorAsh15's rating: 1251 &rarr; <strong>1281<\/strong><br \/>(+30 for winning)\n|raw|SamuraiJackinOff's rating: 1317 &rarr; <strong>1293<\/strong><br \/>(-24 for losing)\n|l|\u2606SamuraiJackinOff\n|c|\u2606MeteorAsh15|Loser\n","uploadtime":1698361415,"views":8,"p1id":"meteorash15","p2id":"samuraijackinoff","formatid":"gen9ubers","rating":1281,"private":0,"password":""}