{"id":"gen9ubers-1998706046","p1":"Lemon Ras","p2":"LALHelix","format":"[Gen 9] Ubers","log":"|j|\u2606Lemon Ras\n|j|\u2606LALHelix\n|t:|1700975339\n|gametype|singles\n|player|p1|Lemon Ras|102|\n|player|p2|LALHelix|1|\n|teamsize|p1|6\n|teamsize|p2|6\n|gen|9\n|tier|[Gen 9] Ubers\n|rule|Sleep Clause Mod: Limit one foe put to sleep\n|rule|Species Clause: Limit one of each Pok\u00e9mon\n|rule|OHKO Clause: OHKO moves are banned\n|rule|Evasion Items Clause: Evasion items are banned\n|rule|Evasion Moves Clause: Evasion moves are banned\n|rule|Endless Battle Clause: Forcing endless battles is banned\n|rule|HP Percentage Mod: HP is shown in percentages\n|clearpoke\n|poke|p1|Zoroark-Hisui, M|\n|poke|p1|Gyarados, M|\n|poke|p1|Toxapex, F|\n|poke|p1|Articuno-Galar|\n|poke|p1|Ting-Lu|\n|poke|p1|Meowscarada, M|\n|poke|p2|Samurott-Hisui, F|\n|poke|p2|Sneasler, M|\n|poke|p2|Sandy Shocks|\n|poke|p2|Walking Wake|\n|poke|p2|Torkoal, F|\n|poke|p2|Moltres|\n|teampreview\n|\n|t:|1700975394\n|start\n|switch|p1a: Meowscarada|Meowscarada, M|100\/100\n|switch|p2a: Samurott|Samurott-Hisui, F, shiny|100\/100\n|turn|1\n|\n|t:|1700975409\n|move|p1a: Meowscarada|Flower Trick|p2a: Samurott\n|-start|p1a: Meowscarada|typechange|Grass|[from] ability: Protean\n|-supereffective|p2a: Samurott\n|-crit|p2a: Samurott\n|-enditem|p2a: Samurott|Focus Sash\n|-damage|p2a: Samurott|1\/100\n|-damage|p1a: Meowscarada|91\/100|[from] item: Life Orb\n|move|p2a: Samurott|Ceaseless Edge|p1a: Meowscarada\n|-damage|p1a: Meowscarada|18\/100\n|-sidestart|p1: Lemon Ras|Spikes\n|\n|upkeep\n|turn|2\n|j| Lageon\n|\n|t:|1700975424\n|move|p2a: Samurott|Sucker Punch|p1a: Meowscarada\n|-damage|p1a: Meowscarada|0 fnt\n|faint|p1a: Meowscarada\n|\n|upkeep\n|j| Jangod67\n|\n|t:|1700975436\n|switch|p1a: Articuno|Articuno-Galar, shiny|100\/100\n|turn|3\n|\n|t:|1700975441\n|move|p2a: Samurott|Sucker Punch|p1a: Articuno\n|-supereffective|p1a: Articuno\n|-damage|p1a: Articuno|16\/100\n|move|p1a: Articuno|Air Slash|p2a: Samurott\n|-damage|p2a: Samurott|0 fnt\n|faint|p2a: Samurott\n|\n|-heal|p1a: Articuno|22\/100|[from] item: Leftovers\n|upkeep\n|\n|t:|1700975449\n|switch|p2a: Sneasler|Sneasler, M, shiny|100\/100\n|turn|4\n|\n|t:|1700975472\n|switch|p1a: Toxapex|Toxapex, F, shiny|100\/100\n|-damage|p1a: Toxapex|88\/100|[from] Spikes\n|move|p2a: Sneasler|Fake Out|p1a: Toxapex\n|-damage|p1a: Toxapex|79\/100\n|\n|-heal|p1a: Toxapex|85\/100|[from] item: Black Sludge\n|upkeep\n|turn|5\n|\n|t:|1700975490\n|move|p1a: Toxapex|Baneful Bunker|p1a: Toxapex\n|-singleturn|p1a: Toxapex|move: Protect\n|move|p2a: Sneasler|U-turn|p1a: Toxapex\n|-activate|p1a: Toxapex|move: Protect\n|\n|-heal|p1a: Toxapex|91\/100|[from] item: Black Sludge\n|upkeep\n|turn|6\n|\n|t:|1700975506\n|move|p2a: Sneasler|Dire Claw|p1a: Toxapex\n|-resisted|p1a: Toxapex\n|-crit|p1a: Toxapex\n|-damage|p1a: Toxapex|70\/100\n|move|p1a: Toxapex|Liquidation|p2a: Sneasler\n|-damage|p2a: Sneasler|71\/100\n|-unboost|p2a: Sneasler|def|1\n|\n|-heal|p1a: Toxapex|76\/100|[from] item: Black Sludge\n|upkeep\n|turn|7\n|\n|t:|1700975525\n|switch|p2a: Torkoal|Torkoal, F, shiny|100\/100\n|-weather|SunnyDay|[from] ability: Drought|[of] p2a: Torkoal\n|move|p1a: Toxapex|Liquidation|p2a: Torkoal\n|-supereffective|p2a: Torkoal\n|-damage|p2a: Torkoal|90\/100\n|-unboost|p2a: Torkoal|def|1\n|\n|-weather|SunnyDay|[upkeep]\n|-heal|p1a: Toxapex|82\/100|[from] item: Black Sludge\n|upkeep\n|turn|8\n|\n|t:|1700975540\n|move|p1a: Toxapex|Baneful Bunker|p1a: Toxapex\n|-singleturn|p1a: Toxapex|move: Protect\n|move|p2a: Torkoal|Will-O-Wisp|p1a: Toxapex\n|-activate|p1a: Toxapex|move: Protect\n|\n|-weather|SunnyDay|[upkeep]\n|-heal|p1a: Toxapex|88\/100|[from] item: Black Sludge\n|upkeep\n|turn|9\n|\n|t:|1700975550\n|move|p1a: Toxapex|Toxic|p2a: Torkoal\n|-status|p2a: Torkoal|tox\n|move|p2a: Torkoal|Will-O-Wisp|p1a: Toxapex\n|-status|p1a: Toxapex|brn\n|\n|-weather|SunnyDay|[upkeep]\n|-heal|p1a: Toxapex|94\/100 brn|[from] item: Black Sludge\n|-damage|p2a: Torkoal|84\/100 tox|[from] psn\n|-damage|p1a: Toxapex|88\/100 brn|[from] brn\n|upkeep\n|turn|10\n|\n|t:|1700975561\n|switch|p2a: Sandy Shocks|Sandy Shocks, shiny|100\/100\n|-activate|p2a: Sandy Shocks|ability: Protosynthesis\n|-start|p2a: Sandy Shocks|protosynthesisspa\n|move|p1a: Toxapex|Baneful Bunker||[still]\n|-fail|p1a: Toxapex\n|\n|-weather|SunnyDay|[upkeep]\n|-heal|p1a: Toxapex|94\/100 brn|[from] item: Black Sludge\n|-damage|p1a: Toxapex|88\/100 brn|[from] brn\n|upkeep\n|turn|11\n|\n|t:|1700975572\n|move|p2a: Sandy Shocks|Stealth Rock|p1a: Toxapex\n|-sidestart|p1: Lemon Ras|move: Stealth Rock\n|move|p1a: Toxapex|Toxic|p2a: Sandy Shocks\n|-status|p2a: Sandy Shocks|tox\n|\n|-weather|SunnyDay|[upkeep]\n|-heal|p1a: Toxapex|94\/100 brn|[from] item: Black Sludge\n|-damage|p2a: Sandy Shocks|94\/100 tox|[from] psn\n|-damage|p1a: Toxapex|88\/100 brn|[from] brn\n|upkeep\n|turn|12\n|\n|t:|1700975582\n|move|p1a: Toxapex|Baneful Bunker|p1a: Toxapex\n|-singleturn|p1a: Toxapex|move: Protect\n|move|p2a: Sandy Shocks|Volt Switch|p1a: Toxapex\n|-activate|p1a: Toxapex|move: Protect\n|\n|-weather|SunnyDay|[upkeep]\n|-heal|p1a: Toxapex|94\/100 brn|[from] item: Black Sludge\n|-damage|p2a: Sandy Shocks|82\/100 tox|[from] psn\n|-damage|p1a: Toxapex|88\/100 brn|[from] brn\n|upkeep\n|turn|13\n|\n|t:|1700975593\n|move|p2a: Sandy Shocks|Volt Switch|p1a: Toxapex\n|-supereffective|p1a: Toxapex\n|-damage|p1a: Toxapex|0 fnt\n|faint|p1a: Toxapex\n|\n|t:|1700975603\n|-end|p2a: Sandy Shocks|Protosynthesis|[silent]\n|switch|p2a: Torkoal|Torkoal, F, shiny|84\/100 tox|[from] Volt Switch\n|\n|-weather|SunnyDay|[upkeep]\n|-damage|p2a: Torkoal|78\/100 tox|[from] psn\n|upkeep\n|\n|t:|1700975636\n|switch|p1a: Ting-Lu|Ting-Lu|100\/100\n|-damage|p1a: Ting-Lu|88\/100|[from] Spikes\n|-damage|p1a: Ting-Lu|82\/100|[from] Stealth Rock\n|-ability|p1a: Ting-Lu|Vessel of Ruin\n|turn|14\n|\n|t:|1700975644\n|switch|p2a: Moltres|Moltres, shiny|100\/100\n|move|p1a: Ting-Lu|Earthquake|p2a: Moltres\n|-immune|p2a: Moltres\n|\n|-weather|none\n|-heal|p1a: Ting-Lu|88\/100|[from] item: Leftovers\n|upkeep\n|turn|15\n|\n|t:|1700975658\n|move|p1a: Ting-Lu|Protect|p1a: Ting-Lu\n|-singleturn|p1a: Ting-Lu|Protect\n|move|p2a: Moltres|U-turn|p1a: Ting-Lu\n|-activate|p1a: Ting-Lu|move: Protect\n|\n|-heal|p1a: Ting-Lu|94\/100|[from] item: Leftovers\n|upkeep\n|turn|16\n|\n|t:|1700975667\n|move|p2a: Moltres|U-turn|p1a: Ting-Lu\n|-supereffective|p1a: Ting-Lu\n|-damage|p1a: Ting-Lu|83\/100\n|\n|t:|1700975677\n|switch|p2a: Torkoal|Torkoal, F, shiny|78\/100 tox|[from] U-turn\n|-weather|SunnyDay|[from] ability: Drought|[of] p2a: Torkoal\n|move|p1a: Ting-Lu|Ruination|p2a: Torkoal\n|-damage|p2a: Torkoal|39\/100 tox\n|\n|-weather|SunnyDay|[upkeep]\n|-heal|p1a: Ting-Lu|89\/100|[from] item: Leftovers\n|-damage|p2a: Torkoal|33\/100 tox|[from] psn\n|upkeep\n|turn|17\n|\n|t:|1700975695\n|move|p1a: Ting-Lu|Protect|p1a: Ting-Lu\n|-singleturn|p1a: Ting-Lu|Protect\n|move|p2a: Torkoal|Body Press|p1a: Ting-Lu\n|-activate|p1a: Ting-Lu|move: Protect\n|\n|-weather|SunnyDay|[upkeep]\n|-heal|p1a: Ting-Lu|95\/100|[from] item: Leftovers\n|-damage|p2a: Torkoal|21\/100 tox|[from] psn\n|upkeep\n|turn|18\n|\n|t:|1700975716\n|switch|p2a: Walking Wake|Walking Wake|100\/100\n|-activate|p2a: Walking Wake|ability: Protosynthesis\n|-start|p2a: Walking Wake|protosynthesisspa\n|move|p1a: Ting-Lu|Heavy Slam|p2a: Walking Wake\n|-resisted|p2a: Walking Wake\n|-damage|p2a: Walking Wake|93\/100\n|\n|-weather|SunnyDay|[upkeep]\n|-heal|p1a: Ting-Lu|100\/100|[from] item: Leftovers\n|upkeep\n|turn|19\n|\n|t:|1700975743\n|switch|p1a: Gyarados|Gyarados, M, shiny|100\/100\n|-damage|p1a: Gyarados|76\/100|[from] Stealth Rock\n|-ability|p1a: Gyarados|Intimidate|boost\n|-unboost|p2a: Walking Wake|atk|1\n|move|p2a: Walking Wake|Hydro Steam|p1a: Gyarados\n|-resisted|p1a: Gyarados\n|-damage|p1a: Gyarados|11\/100\n|\n|-weather|SunnyDay|[upkeep]\n|-heal|p1a: Gyarados|17\/100|[from] item: Leftovers\n|upkeep\n|turn|20\n|\n|t:|1700975755\n|move|p2a: Walking Wake|Hydro Steam|p1a: Gyarados\n|-resisted|p1a: Gyarados\n|-damage|p1a: Gyarados|0 fnt\n|faint|p1a: Gyarados\n|\n|-weather|SunnyDay|[upkeep]\n|upkeep\n|\n|t:|1700975765\n|switch|p1a: Articuno|Articuno-Galar, shiny|22\/100\n|-damage|p1a: Articuno|0 fnt|[from] Stealth Rock\n|faint|p1a: Articuno\n|\n|t:|1700975784\n|switch|p1a: Ting-Lu|Ting-Lu|100\/100\n|-damage|p1a: Ting-Lu|88\/100|[from] Spikes\n|-damage|p1a: Ting-Lu|76\/100|[from] Stealth Rock\n|turn|21\n|\n|t:|1700975812\n|move|p2a: Walking Wake|Hydro Steam|p1a: Ting-Lu\n|-damage|p1a: Ting-Lu|0 fnt\n|replace|p1a: Zoroark|Zoroark-Hisui, M, shiny\n|-end|p1a: Zoroark|Illusion\n|faint|p1a: Zoroark\n|\n|-weather|SunnyDay|[upkeep]\n|upkeep\n|\n|t:|1700975819\n|switch|p1a: Ting-Lu|Ting-Lu|100\/100\n|-damage|p1a: Ting-Lu|88\/100|[from] Spikes\n|-damage|p1a: Ting-Lu|82\/100|[from] Stealth Rock\n|-ability|p1a: Ting-Lu|Vessel of Ruin\n|turn|22\n|\n|t:|1700975830\n|move|p1a: Ting-Lu|Protect|p1a: Ting-Lu\n|-singleturn|p1a: Ting-Lu|Protect\n|move|p2a: Walking Wake|Hydro Steam|p1a: Ting-Lu\n|-activate|p1a: Ting-Lu|move: Protect\n|\n|-weather|SunnyDay|[upkeep]\n|-heal|p1a: Ting-Lu|88\/100|[from] item: Leftovers\n|upkeep\n|turn|23\n|\n|t:|1700975852\n|move|p2a: Walking Wake|Hydro Steam|p1a: Ting-Lu\n|-supereffective|p1a: Ting-Lu\n|-damage|p1a: Ting-Lu|0 fnt\n|faint|p1a: Ting-Lu\n|\n|win|LALHelix\n|l| Jangod67\n|l| Lageon\n|l|\u2606Lemon Ras\n","uploadtime":1700975939,"views":5,"p1id":"lemonras","p2id":"lalhelix","formatid":"gen9ubers","rating":0,"private":0,"password":""}