{"id":"gen9ubers-1983279073","p1":"Flavt","p2":"LITLE0","format":"[Gen 9] Ubers","log":"|j|\u2606Flavt\n|j|\u2606LITLE0\n|t:|1699113530\n|gametype|singles\n|player|p1|Flavt|101|1268\n|player|p2|LITLE0|brock|1194\n|teamsize|p1|6\n|teamsize|p2|6\n|gen|9\n|tier|[Gen 9] Ubers\n|rated|\n|rule|Sleep Clause Mod: Limit one foe put to sleep\n|rule|Species Clause: Limit one of each Pok\u00e9mon\n|rule|OHKO Clause: OHKO moves are banned\n|rule|Evasion Items Clause: Evasion items are banned\n|rule|Evasion Moves Clause: Evasion moves are banned\n|rule|Endless Battle Clause: Forcing endless battles is banned\n|rule|HP Percentage Mod: HP is shown in percentages\n|clearpoke\n|poke|p1|Clefable, F|\n|poke|p1|Annihilape, M|\n|poke|p1|Great Tusk|\n|poke|p1|Thundurus-Therian, M|\n|poke|p1|Kingambit, M|\n|poke|p1|Iron Moth|\n|poke|p2|Azelf|\n|poke|p2|Chansey, F|\n|poke|p2|Dondozo, M|\n|poke|p2|Miraidon|\n|poke|p2|Sneasler, F|\n|poke|p2|Skeledirge, M|\n|teampreview\n|\n|t:|1699113544\n|start\n|switch|p1a: Kami|Thundurus-Therian, M, shiny|100\/100\n|switch|p2a: Azelf|Azelf|100\/100\n|turn|1\n|\n|t:|1699113551\n|move|p1a: Kami|Volt Switch|p2a: Azelf\n|-damage|p2a: Azelf|50\/100\n|\n|t:|1699113555\n|switch|p1a: Nobunaga|Kingambit, M, shiny|100\/100|[from] Volt Switch\n|move|p2a: Azelf|Light Screen|p2a: Azelf\n|-sidestart|p2: LITLE0|move: Light Screen\n|\n|upkeep\n|turn|2\n|\n|t:|1699113561\n|move|p2a: Azelf|Reflect|p2a: Azelf\n|-sidestart|p2: LITLE0|Reflect\n|move|p1a: Nobunaga|Kowtow Cleave|p2a: Azelf\n|-supereffective|p2a: Azelf\n|-damage|p2a: Azelf|0 fnt\n|faint|p2a: Azelf\n|\n|upkeep\n|\n|t:|1699113569\n|switch|p2a: Miraidon|Miraidon|100\/100\n|-fieldstart|move: Electric Terrain|[from] ability: Hadron Engine|[of] p2a: Miraidon\n|turn|3\n|\n|t:|1699113575\n|-end|p1a: Nobunaga|fallenundefined|[silent]\n|switch|p1a: Kami|Thundurus-Therian, M, shiny|100\/100\n|move|p2a: Miraidon|Agility|p2a: Miraidon\n|-boost|p2a: Miraidon|spe|2\n|\n|upkeep\n|turn|4\n|\n|t:|1699113588\n|switch|p1a: Nobunaga|Kingambit, M, shiny|100\/100\n|move|p2a: Miraidon|Calm Mind|p2a: Miraidon\n|-boost|p2a: Miraidon|spa|1\n|-boost|p2a: Miraidon|spd|1\n|\n|upkeep\n|turn|5\n|\n|t:|1699113595\n|move|p2a: Miraidon|Calm Mind|p2a: Miraidon\n|-boost|p2a: Miraidon|spa|1\n|-boost|p2a: Miraidon|spd|1\n|move|p1a: Nobunaga|Kowtow Cleave|p2a: Miraidon\n|-damage|p2a: Miraidon|84\/100\n|\n|upkeep\n|turn|6\n|\n|t:|1699113604\n|move|p2a: Miraidon|Calm Mind|p2a: Miraidon\n|-boost|p2a: Miraidon|spa|1\n|-boost|p2a: Miraidon|spd|1\n|move|p1a: Nobunaga|Kowtow Cleave|p2a: Miraidon\n|-damage|p2a: Miraidon|69\/100\n|\n|upkeep\n|turn|7\n|\n|t:|1699113612\n|move|p2a: Miraidon|Parabolic Charge|p1a: Nobunaga\n|-damage|p1a: Nobunaga|0 fnt\n|-heal|p2a: Miraidon|100\/100|[from] drain|[of] p1a: Nobunaga\n|faint|p1a: Nobunaga\n|-end|p1a: Nobunaga|fallenundefined|[silent]\n|\n|-fieldend|move: Electric Terrain\n|upkeep\n|inactive|Battle timer is ON: inactive players will automatically lose when time's up. (requested by LITLE0)\n|\n|t:|1699113661\n|switch|p1a: Kawabanga|Great Tusk, shiny|100\/100\n|turn|8\n|\n|t:|1699113678\n|move|p2a: Miraidon|Dazzling Gleam|p1a: Kawabanga\n|-supereffective|p1a: Kawabanga\n|-damage|p1a: Kawabanga|0 fnt\n|faint|p1a: Kawabanga\n|-end|p1a: Kawabanga|Protosynthesis|[silent]\n|\n|-sideend|p2: LITLE0|move: Light Screen\n|upkeep\n|\n|t:|1699113685\n|switch|p1a: Fairytail|Clefable, F, shiny|100\/100\n|turn|9\n|\n|t:|1699113690\n|move|p2a: Miraidon|Parabolic Charge|p1a: Fairytail\n|-damage|p1a: Fairytail|75\/100\n|move|p1a: Fairytail|Calm Mind|p1a: Fairytail\n|-boost|p1a: Fairytail|spa|1\n|-boost|p1a: Fairytail|spd|1\n|\n|-heal|p1a: Fairytail|81\/100|[from] item: Leftovers\n|-sideend|p2: LITLE0|Reflect\n|upkeep\n|turn|10\n|\n|t:|1699113699\n|switch|p2a: Skeledirge|Skeledirge, M|100\/100\n|move|p1a: Fairytail|Moonblast|p2a: Skeledirge\n|-resisted|p2a: Skeledirge\n|-damage|p2a: Skeledirge|85\/100\n|\n|-heal|p2a: Skeledirge|91\/100|[from] item: Leftovers\n|-heal|p1a: Fairytail|88\/100|[from] item: Leftovers\n|upkeep\n|turn|11\n|\n|t:|1699113712\n|switch|p1a: Akuma|Annihilape, M, shiny|100\/100\n|move|p2a: Skeledirge|Will-O-Wisp|p1a: Akuma\n|-status|p1a: Akuma|brn\n|\n|-heal|p2a: Skeledirge|97\/100|[from] item: Leftovers\n|-damage|p1a: Akuma|94\/100 brn|[from] brn\n|upkeep\n|turn|12\n|\n|t:|1699113723\n|switch|p2a: Miraidon|Miraidon|100\/100\n|-fieldstart|move: Electric Terrain|[from] ability: Hadron Engine|[of] p2a: Miraidon\n|move|p1a: Akuma|Bulk Up|p1a: Akuma\n|-boost|p1a: Akuma|atk|1\n|-boost|p1a: Akuma|def|1\n|\n|-damage|p1a: Akuma|88\/100 brn|[from] brn\n|upkeep\n|turn|13\n|\n|t:|1699113735\n|move|p2a: Miraidon|Dazzling Gleam|p1a: Akuma\n|-supereffective|p1a: Akuma\n|-damage|p1a: Akuma|48\/100 brn\n|move|p1a: Akuma|Bulk Up|p1a: Akuma\n|-boost|p1a: Akuma|atk|1\n|-boost|p1a: Akuma|def|1\n|\n|-damage|p1a: Akuma|41\/100 brn|[from] brn\n|upkeep\n|turn|14\n|\n|t:|1699113745\n|move|p2a: Miraidon|Dazzling Gleam|p1a: Akuma\n|-supereffective|p1a: Akuma\n|-damage|p1a: Akuma|4\/100 brn\n|move|p1a: Akuma|Rest||[still]\n|-activate|p1a: Akuma|move: Electric Terrain\n|-fail|p1a: Akuma\n|\n|-damage|p1a: Akuma|0 fnt|[from] brn\n|faint|p1a: Akuma\n|upkeep\n|\n|t:|1699113754\n|switch|p1a: Fairytail|Clefable, F, shiny|88\/100\n|turn|15\n|\n|t:|1699113759\n|switch|p2a: Sneasler|Sneasler, F, shiny|100\/100\n|-enditem|p2a: Sneasler|Electric Seed\n|-boost|p2a: Sneasler|def|1|[from] item: Electric Seed\n|move|p1a: Fairytail|Moonblast|p2a: Sneasler\n|-crit|p2a: Sneasler\n|-damage|p2a: Sneasler|6\/100\n|\n|-heal|p1a: Fairytail|94\/100|[from] item: Leftovers\n|upkeep\n|turn|16\n|\n|t:|1699113769\n|move|p2a: Sneasler|Dire Claw|p1a: Fairytail\n|-supereffective|p1a: Fairytail\n|-damage|p1a: Fairytail|0 fnt\n|faint|p1a: Fairytail\n|\n|-fieldend|move: Electric Terrain\n|upkeep\n|\n|t:|1699113776\n|switch|p1a: Kami|Thundurus-Therian, M, shiny|100\/100\n|turn|17\n|\n|t:|1699113781\n|move|p2a: Sneasler|Dire Claw|p1a: Kami\n|-damage|p1a: Kami|36\/100\n|move|p1a: Kami|Volt Switch|p2a: Sneasler\n|-damage|p2a: Sneasler|0 fnt\n|faint|p2a: Sneasler\n|\n|t:|1699113788\n|switch|p1a: Robot Bug|Iron Moth, shiny|100\/100|[from] Volt Switch\n|-enditem|p1a: Robot Bug|Booster Energy\n|-activate|p1a: Robot Bug|ability: Quark Drive|[fromitem]\n|-start|p1a: Robot Bug|quarkdrivespe\n|\n|upkeep\n|\n|t:|1699113797\n|switch|p2a: Dondozo|Dondozo, M|100\/100\n|turn|18\n|\n|t:|1699113802\n|-terastallize|p1a: Robot Bug|Grass\n|move|p1a: Robot Bug|Energy Ball|p2a: Dondozo\n|-supereffective|p2a: Dondozo\n|-damage|p2a: Dondozo|42\/100\n|move|p2a: Dondozo|Curse|p2a: Dondozo\n|-unboost|p2a: Dondozo|spe|1\n|-boost|p2a: Dondozo|atk|1\n|-boost|p2a: Dondozo|def|1\n|\n|-heal|p2a: Dondozo|48\/100|[from] item: Leftovers\n|upkeep\n|turn|19\n|\n|t:|1699113814\n|-terastallize|p2a: Dondozo|Grass\n|move|p1a: Robot Bug|Energy Ball|p2a: Dondozo\n|-resisted|p2a: Dondozo\n|-damage|p2a: Dondozo|34\/100\n|move|p2a: Dondozo|Avalanche|p1a: Robot Bug\n|-supereffective|p1a: Robot Bug\n|-damage|p1a: Robot Bug|0 fnt\n|faint|p1a: Robot Bug\n|-end|p1a: Robot Bug|Quark Drive|[silent]\n|\n|-heal|p2a: Dondozo|40\/100|[from] item: Leftovers\n|upkeep\n|\n|t:|1699113826\n|switch|p1a: Kami|Thundurus-Therian, M, shiny|36\/100\n|turn|20\n|\n|t:|1699113831\n|switch|p2a: Chansey|Chansey, F|100\/100\n|move|p1a: Kami|Sludge Bomb|p2a: Chansey\n|-damage|p2a: Chansey|89\/100\n|\n|upkeep\n|turn|21\n|-message|Flavt forfeited.\n|\n|win|LITLE0\n|raw|Flavt's rating: 1268 &rarr; <strong>1238<\/strong><br \/>(-30 for losing)\n|raw|LITLE0's rating: 1194 &rarr; <strong>1224<\/strong><br \/>(+30 for winning)\n|l|\u2606Flavt\n","uploadtime":1699113840,"views":5,"p1id":"flavt","p2id":"litle0","formatid":"gen9ubers","rating":1224,"private":0,"password":""}