{"id":"gen9ubers-1985134689","p1":"KirboTurbo_1289","p2":"Coutinh0","format":"[Gen 9] Ubers","log":"|j|\u203dKirboTurbo_1289\n|j|\u2606Coutinh0\n|t:|1699336036\n|gametype|singles\n|player|p1|KirboTurbo_1289|170|1133\n|player|p2|Coutinh0|red|1000\n|teamsize|p1|6\n|teamsize|p2|6\n|gen|9\n|tier|[Gen 9] Ubers\n|rated|\n|rule|Sleep Clause Mod: Limit one foe put to sleep\n|rule|Species Clause: Limit one of each Pok\u00e9mon\n|rule|OHKO Clause: OHKO moves are banned\n|rule|Evasion Items Clause: Evasion items are banned\n|rule|Evasion Moves Clause: Evasion moves are banned\n|rule|Endless Battle Clause: Forcing endless battles is banned\n|rule|HP Percentage Mod: HP is shown in percentages\n|clearpoke\n|poke|p1|Miraidon|\n|poke|p1|Grimmsnarl, M|\n|poke|p1|Koraidon|\n|poke|p1|Palafin, F|\n|poke|p1|Ditto|\n|poke|p1|Glimmora, F|\n|poke|p2|Garchomp, M|\n|poke|p2|Jolteon, M|\n|poke|p2|Toxapex, F|\n|poke|p2|Charizard, M|\n|poke|p2|Gardevoir, F|\n|poke|p2|Spiritomb, F|\n|teampreview\n|c|\u2606Coutinh0|boa sorte\n|inactive|Battle timer is ON: inactive players will automatically lose when time's up. (requested by KirboTurbo_1289)\n|\n|t:|1699336065\n|start\n|switch|p1a: Glimmora|Glimmora, F|100\/100\n|switch|p2a: Garchomp|Garchomp, M|100\/100\n|turn|1\n|\n|t:|1699336078\n|move|p2a: Garchomp|Earthquake|p1a: Glimmora\n|-supereffective|p1a: Glimmora\n|-crit|p1a: Glimmora\n|-damage|p1a: Glimmora|0 fnt\n|-activate|p1a: Glimmora|ability: Toxic Debris\n|-sidestart|p2: Coutinh0|move: Toxic Spikes\n|faint|p1a: Glimmora\n|\n|upkeep\n|\n|t:|1699336085\n|switch|p1a: Grimmsnarl|Grimmsnarl, M|100\/100\n|turn|2\n|\n|t:|1699336092\n|move|p1a: Grimmsnarl|Reflect|p1a: Grimmsnarl\n|-sidestart|p1: KirboTurbo_1289|Reflect\n|move|p2a: Garchomp|Poison Jab|p1a: Grimmsnarl\n|-supereffective|p1a: Grimmsnarl\n|-damage|p1a: Grimmsnarl|71\/100\n|\n|upkeep\n|turn|3\n|\n|t:|1699336105\n|switch|p2a: Toxapex|Toxapex, F|100\/100\n|-sideend|p2: Coutinh0|move: Toxic Spikes|[of] p2a: Toxapex\n|move|p1a: Grimmsnarl|Light Screen|p1a: Grimmsnarl\n|-sidestart|p1: KirboTurbo_1289|move: Light Screen\n|\n|upkeep\n|turn|4\n|\n|t:|1699336112\n|move|p1a: Grimmsnarl|Parting Shot|p2a: Toxapex\n|-unboost|p2a: Toxapex|atk|1\n|-unboost|p2a: Toxapex|spa|1\n|\n|t:|1699336117\n|switch|p1a: Palafin|Palafin, F|100\/100|[from] Parting Shot\n|move|p2a: Toxapex|Poison Jab|p1a: Palafin\n|-damage|p1a: Palafin|91\/100\n|-status|p1a: Palafin|psn\n|\n|-damage|p1a: Palafin|79\/100 psn|[from] psn\n|upkeep\n|turn|5\n|\n|t:|1699336127\n|switch|p2a: Jolteon|Jolteon, M|100\/100\n|move|p1a: Palafin|Flip Turn|p2a: Jolteon\n|-damage|p2a: Jolteon|38\/100\n|\n|t:|1699336131\n|detailschange|p1a: Palafin|Palafin-Hero, F\n|switch|p1a: Koraidon|Koraidon|100\/100|[from] Flip Turn\n|-weather|SunnyDay|[from] ability: Orichalcum Pulse|[of] p1a: Koraidon\n|-activate|p1a: Koraidon|Orichalcum Pulse|[source]\n|\n|-weather|SunnyDay|[upkeep]\n|upkeep\n|turn|6\n|\n|t:|1699336144\n|switch|p2a: Charizard|Charizard, M|100\/100\n|move|p1a: Koraidon|Swords Dance|p1a: Koraidon\n|-boost|p1a: Koraidon|atk|2\n|\n|-weather|SunnyDay|[upkeep]\n|upkeep\n|turn|7\n|\n|t:|1699336153\n|move|p1a: Koraidon|Dragon Claw|p2a: Charizard\n|-damage|p2a: Charizard|0 fnt\n|faint|p2a: Charizard\n|-damage|p1a: Koraidon|91\/100|[from] item: Life Orb\n|\n|-weather|SunnyDay|[upkeep]\n|upkeep\n|\n|t:|1699336160\n|switch|p2a: Garchomp|Garchomp, M|100\/100\n|turn|8\n|\n|t:|1699336164\n|move|p1a: Koraidon|Dragon Claw|p2a: Garchomp\n|-supereffective|p2a: Garchomp\n|-damage|p2a: Garchomp|0 fnt\n|faint|p2a: Garchomp\n|-damage|p1a: Koraidon|81\/100|[from] item: Life Orb\n|\n|-weather|SunnyDay|[upkeep]\n|upkeep\n|\n|t:|1699336173\n|switch|p2a: Jolteon|Jolteon, M|38\/100\n|turn|9\n|\n|t:|1699336184\n|move|p2a: Jolteon|Electro Ball|p1a: Koraidon\n|-resisted|p1a: Koraidon\n|-damage|p1a: Koraidon|74\/100\n|move|p1a: Koraidon|Swords Dance|p1a: Koraidon\n|-boost|p1a: Koraidon|atk|2\n|\n|-weather|none\n|-sideend|p1: KirboTurbo_1289|Reflect\n|upkeep\n|turn|10\n|\n|t:|1699336196\n|switch|p2a: Toxapex|Toxapex, F|100\/100\n|move|p1a: Koraidon|Flame Charge|p2a: Toxapex\n|-resisted|p2a: Toxapex\n|-damage|p2a: Toxapex|74\/100\n|-boost|p1a: Koraidon|spe|1\n|-damage|p1a: Koraidon|64\/100|[from] item: Life Orb\n|\n|-heal|p2a: Toxapex|80\/100|[from] item: Leftovers\n|-sideend|p1: KirboTurbo_1289|move: Light Screen\n|upkeep\n|turn|11\n|\n|t:|1699336206\n|move|p1a: Koraidon|Dragon Claw|p2a: Toxapex\n|-damage|p2a: Toxapex|0 fnt\n|faint|p2a: Toxapex\n|-damage|p1a: Koraidon|54\/100|[from] item: Life Orb\n|\n|upkeep\n|\n|t:|1699336212\n|switch|p2a: Gardevoir|Gardevoir, F|100\/100\n|turn|12\n|\n|t:|1699336216\n|move|p1a: Koraidon|Flame Charge|p2a: Gardevoir\n|-damage|p2a: Gardevoir|0 fnt\n|-boost|p1a: Koraidon|spe|1\n|faint|p2a: Gardevoir\n|-damage|p1a: Koraidon|44\/100|[from] item: Life Orb\n|\n|upkeep\n|\n|t:|1699336223\n|switch|p2a: Spiritomb|Spiritomb, F|100\/100\n|turn|13\n|\n|t:|1699336230\n|move|p1a: Koraidon|Dragon Claw|p2a: Spiritomb\n|-damage|p2a: Spiritomb|0 fnt\n|faint|p2a: Spiritomb\n|-damage|p1a: Koraidon|35\/100|[from] item: Life Orb\n|\n|upkeep\n|\n|t:|1699336236\n|switch|p2a: Jolteon|Jolteon, M|38\/100\n|turn|14\n|\n|t:|1699336242\n|move|p1a: Koraidon|Flame Charge|p2a: Jolteon\n|-damage|p2a: Jolteon|0 fnt\n|-boost|p1a: Koraidon|spe|1\n|faint|p2a: Jolteon\n|-damage|p1a: Koraidon|25\/100|[from] item: Life Orb\n|\n|win|KirboTurbo_1289\n|raw|KirboTurbo_1289's rating: 1133 &rarr; <strong>1149<\/strong><br \/>(+16 for winning)\n|raw|Coutinh0's rating: 1000 &rarr; <strong>1000<\/strong><br \/>(+0 for losing)\n|l|\u2606Coutinh0\n","uploadtime":1699336345,"views":9,"p1id":"kirboturbo1289","p2id":"coutinh0","formatid":"gen9ubers","rating":1000,"private":0,"password":""}