{"id":"gen9ubers-1968013354","p1":"trialteam98","p2":"samuca0072","format":"[Gen 9] Ubers","log":"|j|\u2606trialteam98\n|j|\u2606samuca0072\n|t:|1697374130\n|gametype|singles\n|player|p1|trialteam98|lady-gen4|1108\n|player|p2|samuca0072|n|1241\n|teamsize|p1|6\n|teamsize|p2|6\n|gen|9\n|tier|[Gen 9] Ubers\n|rated|\n|rule|Sleep Clause Mod: Limit one foe put to sleep\n|rule|Species Clause: Limit one of each Pok\u00e9mon\n|rule|OHKO Clause: OHKO moves are banned\n|rule|Evasion Items Clause: Evasion items are banned\n|rule|Evasion Moves Clause: Evasion moves are banned\n|rule|Endless Battle Clause: Forcing endless battles is banned\n|rule|HP Percentage Mod: HP is shown in percentages\n|clearpoke\n|poke|p1|Flutter Mane|\n|poke|p1|Misdreavus, F|\n|poke|p1|Mismagius, F|\n|poke|p1|Gardevoir, M|\n|poke|p1|Gallade, M|\n|poke|p1|Iron Valiant|\n|poke|p2|Darkrai|\n|poke|p2|Zacian-*|\n|poke|p2|Corviknight, M|\n|poke|p2|Toxapex, F|\n|poke|p2|Arceus|\n|poke|p2|Palkia-Origin|\n|teampreview\n|\n|t:|1697374137\n|start\n|switch|p1a: Mismagius|Mismagius, F|100\/100\n|switch|p2a: Toxapex|Toxapex, F, shiny|100\/100\n|turn|1\n|\n|t:|1697374148\n|move|p1a: Mismagius|Thunder Wave|p2a: Toxapex\n|-status|p2a: Toxapex|par\n|cant|p2a: Toxapex|par\n|\n|upkeep\n|turn|2\n|\n|t:|1697374154\n|move|p1a: Mismagius|Hex|p2a: Toxapex\n|-damage|p2a: Toxapex|42\/100 par\n|-damage|p1a: Mismagius|91\/100|[from] item: Life Orb\n|move|p2a: Toxapex|Toxic|p1a: Mismagius\n|-status|p1a: Mismagius|tox\n|\n|-heal|p2a: Toxapex|48\/100 par|[from] item: Leftovers\n|-damage|p1a: Mismagius|84\/100 tox|[from] psn\n|upkeep\n|turn|3\n|\n|t:|1697374165\n|switch|p2a: Arceus|Arceus, shiny|100\/100\n|move|p1a: Mismagius|Thunderbolt|p2a: Arceus\n|-damage|p2a: Arceus|72\/100\n|-damage|p1a: Mismagius|74\/100 tox|[from] item: Life Orb\n|\n|-heal|p2a: Arceus|78\/100|[from] item: Leftovers\n|-damage|p1a: Mismagius|62\/100 tox|[from] psn\n|upkeep\n|turn|4\n|\n|t:|1697374175\n|move|p1a: Mismagius|Will-O-Wisp|p2a: Arceus|[miss]\n|-miss|p1a: Mismagius|p2a: Arceus\n|move|p2a: Arceus|Shadow Claw|p1a: Mismagius\n|-supereffective|p1a: Mismagius\n|-damage|p1a: Mismagius|0 fnt\n|faint|p1a: Mismagius\n|\n|-heal|p2a: Arceus|84\/100|[from] item: Leftovers\n|upkeep\n|\n|t:|1697374185\n|switch|p1a: Misdreavus|Misdreavus, F|100\/100\n|turn|5\n|inactive|Battle timer is ON: inactive players will automatically lose when time's up. (requested by trialteam98)\n|\n|t:|1697374204\n|move|p1a: Misdreavus|Endure|p1a: Misdreavus\n|-singleturn|p1a: Misdreavus|move: Endure\n|move|p2a: Arceus|Shadow Claw|p1a: Misdreavus\n|-supereffective|p1a: Misdreavus\n|-damage|p1a: Misdreavus|18\/100\n|\n|-heal|p2a: Arceus|90\/100|[from] item: Leftovers\n|upkeep\n|turn|6\n|-enditem|p1a: Misdreavus|Custap Berry|[eat]\n|-activate|p1a: Misdreavus|item: Custap Berry|[consumed]\n|\n|t:|1697374215\n|switch|p2a: Toxapex|Toxapex, F, shiny|81\/100 par\n|move|p1a: Misdreavus|Destiny Bond|p1a: Misdreavus\n|-singlemove|p1a: Misdreavus|Destiny Bond\n|\n|-heal|p2a: Toxapex|87\/100 par|[from] item: Leftovers\n|upkeep\n|turn|7\n|\n|t:|1697374225\n|move|p1a: Misdreavus|Memento|p2a: Toxapex\n|-unboost|p2a: Toxapex|atk|2\n|-unboost|p2a: Toxapex|spa|2\n|faint|p1a: Misdreavus\n|move|p2a: Toxapex|Toxic Spikes|p1: Misdreavus\n|-sidestart|p1: trialteam98|move: Toxic Spikes\n|\n|-heal|p2a: Toxapex|94\/100 par|[from] item: Leftovers\n|upkeep\n|\n|t:|1697374246\n|switch|p1a: Gardevoir|Gardevoir, M|100\/100\n|-status|p1a: Gardevoir|psn\n|turn|8\n|\n|t:|1697374254\n|-terastallize|p2a: Toxapex|Ground\n|move|p1a: Gardevoir|Psychic|p2a: Toxapex\n|-damage|p2a: Toxapex|55\/100 par\n|cant|p2a: Toxapex|par\n|\n|-heal|p2a: Toxapex|61\/100 par|[from] item: Leftovers\n|-damage|p1a: Gardevoir|88\/100 psn|[from] psn\n|upkeep\n|turn|9\n|\n|t:|1697374264\n|switch|p1a: Gallade|Gallade, M|100\/100\n|-status|p1a: Gallade|psn\n|move|p2a: Toxapex|Toxic Spikes|p1a: Gallade\n|-sidestart|p1: trialteam98|move: Toxic Spikes\n|\n|-heal|p2a: Toxapex|67\/100 par|[from] item: Leftovers\n|-damage|p1a: Gallade|88\/100 psn|[from] psn\n|upkeep\n|turn|10\n|\n|t:|1697374275\n|move|p1a: Gallade|Agility|p1a: Gallade\n|-boost|p1a: Gallade|spe|2\n|move|p2a: Toxapex|Toxic||[still]\n|-fail|p2a: Toxapex\n|\n|-heal|p2a: Toxapex|74\/100 par|[from] item: Leftovers\n|-damage|p1a: Gallade|76\/100 psn|[from] psn\n|upkeep\n|turn|11\n|\n|t:|1697374286\n|move|p1a: Gallade|Aqua Cutter|p2a: Toxapex\n|-supereffective|p2a: Toxapex\n|-damage|p2a: Toxapex|9\/100 par\n|-damage|p1a: Gallade|66\/100 psn|[from] item: Life Orb\n|move|p2a: Toxapex|Surf|p1a: Gallade\n|-damage|p1a: Gallade|55\/100 psn\n|\n|-heal|p2a: Toxapex|16\/100 par|[from] item: Leftovers\n|-damage|p1a: Gallade|43\/100 psn|[from] psn\n|upkeep\n|turn|12\n|\n|t:|1697374306\n|switch|p2a: Palkia|Palkia-Origin, shiny|100\/100\n|-ability|p2a: Palkia|Pressure\n|move|p1a: Gallade|Leaf Blade|p2a: Palkia\n|-damage|p2a: Palkia|29\/100\n|-damage|p1a: Gallade|33\/100 psn|[from] item: Life Orb\n|\n|-damage|p1a: Gallade|21\/100 psn|[from] psn\n|upkeep\n|turn|13\n|\n|t:|1697374318\n|switch|p2a: Corviknight|Corviknight, M, shiny|100\/100\n|-ability|p2a: Corviknight|Pressure\n|move|p1a: Gallade|Leaf Blade|p2a: Corviknight\n|-resisted|p2a: Corviknight\n|-damage|p2a: Corviknight|91\/100\n|-damage|p1a: Gallade|4\/100 psn|[from] item: Rocky Helmet|[of] p2a: Corviknight\n|-damage|p1a: Gallade|0 fnt|[from] item: Life Orb\n|faint|p1a: Gallade\n|\n|upkeep\n|\n|t:|1697374328\n|switch|p1a: Gardevoir|Gardevoir, M|88\/100 psn\n|turn|14\n|\n|t:|1697374334\n|move|p1a: Gardevoir|Mystical Fire|p2a: Corviknight\n|-supereffective|p2a: Corviknight\n|-damage|p2a: Corviknight|40\/100\n|-unboost|p2a: Corviknight|spa|1\n|move|p2a: Corviknight|Iron Defense|p2a: Corviknight\n|-boost|p2a: Corviknight|def|2\n|\n|-damage|p1a: Gardevoir|76\/100 psn|[from] psn\n|upkeep\n|turn|15\n|\n|t:|1697374344\n|switch|p2a: Toxapex|Toxapex, F, shiny, tera:Ground|49\/100 par\n|move|p1a: Gardevoir|Mystical Fire|p2a: Toxapex\n|-damage|p2a: Toxapex|29\/100 par\n|-unboost|p2a: Toxapex|spa|1\n|\n|-heal|p2a: Toxapex|35\/100 par|[from] item: Leftovers\n|-damage|p1a: Gardevoir|64\/100 psn|[from] psn\n|upkeep\n|turn|16\n|\n|t:|1697374362\n|switch|p1a: Flutter Mane|Flutter Mane|100\/100\n|-enditem|p1a: Flutter Mane|Booster Energy\n|-activate|p1a: Flutter Mane|ability: Protosynthesis|[fromitem]\n|-start|p1a: Flutter Mane|protosynthesisspe\n|-status|p1a: Flutter Mane|tox\n|cant|p2a: Toxapex|par\n|\n|-heal|p2a: Toxapex|42\/100 par|[from] item: Leftovers\n|-damage|p1a: Flutter Mane|95\/100 tox|[from] psn\n|upkeep\n|turn|17\n|\n|t:|1697374374\n|move|p1a: Flutter Mane|Moonblast|p2a: Toxapex\n|-damage|p2a: Toxapex|5\/100 par\n|move|p2a: Toxapex|Recover|p2a: Toxapex\n|-heal|p2a: Toxapex|55\/100 par\n|\n|-heal|p2a: Toxapex|61\/100 par|[from] item: Leftovers\n|-damage|p1a: Flutter Mane|83\/100 tox|[from] psn\n|upkeep\n|turn|18\n|\n|t:|1697374384\n|switch|p2a: Corviknight|Corviknight, M, shiny|40\/100\n|-ability|p2a: Corviknight|Pressure\n|move|p1a: Flutter Mane|Shadow Ball|p2a: Corviknight\n|-damage|p2a: Corviknight|0 fnt\n|faint|p2a: Corviknight\n|\n|-damage|p1a: Flutter Mane|65\/100 tox|[from] psn\n|upkeep\n|\n|t:|1697374395\n|switch|p2a: Arceus|Arceus, shiny|90\/100\n|turn|19\n|\n|t:|1697374399\n|move|p1a: Flutter Mane|Moonblast|p2a: Arceus\n|-damage|p2a: Arceus|52\/100\n|move|p2a: Arceus|Shadow Claw|p1a: Flutter Mane\n|-supereffective|p1a: Flutter Mane\n|-damage|p1a: Flutter Mane|0 fnt\n|faint|p1a: Flutter Mane\n|-end|p1a: Flutter Mane|Protosynthesis|[silent]\n|\n|-heal|p2a: Arceus|58\/100|[from] item: Leftovers\n|upkeep\n|\n|t:|1697374406\n|switch|p1a: Iron Valiant|Iron Valiant|100\/100\n|-status|p1a: Iron Valiant|tox\n|-enditem|p1a: Iron Valiant|Booster Energy\n|-activate|p1a: Iron Valiant|ability: Quark Drive|[fromitem]\n|-start|p1a: Iron Valiant|quarkdrivespe\n|turn|20\n|\n|t:|1697374429\n|switch|p2a: Toxapex|Toxapex, F, shiny, tera:Ground|94\/100 par\n|-terastallize|p1a: Iron Valiant|Steel\n|move|p1a: Iron Valiant|Swords Dance|p1a: Iron Valiant\n|-boost|p1a: Iron Valiant|atk|2\n|\n|-heal|p2a: Toxapex|100\/100 par|[from] item: Leftovers\n|-damage|p1a: Iron Valiant|94\/100 tox|[from] psn\n|upkeep\n|turn|21\n|\n|t:|1697374446\n|move|p1a: Iron Valiant|Ice Punch|p2a: Toxapex\n|-supereffective|p2a: Toxapex\n|-damage|p2a: Toxapex|31\/100 par\n|cant|p2a: Toxapex|par\n|\n|-heal|p2a: Toxapex|37\/100 par|[from] item: Leftovers\n|-damage|p1a: Iron Valiant|82\/100 tox|[from] psn\n|upkeep\n|turn|22\n|inactive|samuca0072 has 120 seconds left.\n|\n|t:|1697374469\n|switch|p2a: Zacian|Zacian-Crowned, shiny|100\/100\n|-ability|p2a: Zacian|Intrepid Sword|boost\n|-boost|p2a: Zacian|atk|1\n|move|p1a: Iron Valiant|Swords Dance|p1a: Iron Valiant\n|-boost|p1a: Iron Valiant|atk|2\n|\n|-damage|p1a: Iron Valiant|63\/100 tox|[from] psn\n|upkeep\n|turn|23\n|inactive|samuca0072 has 120 seconds left.\n|\n|t:|1697374481\n|move|p1a: Iron Valiant|Drain Punch|p2a: Zacian\n|-damage|p2a: Zacian|0 fnt\n|-heal|p1a: Iron Valiant|100\/100 tox|[from] drain|[of] p2a: Zacian\n|faint|p2a: Zacian\n|\n|-damage|p1a: Iron Valiant|76\/100 tox|[from] psn\n|upkeep\n|\n|t:|1697374496\n|switch|p2a: Toxapex|Toxapex, F, shiny, tera:Ground|70\/100 par\n|turn|24\n|\n|t:|1697374501\n|move|p1a: Iron Valiant|Ice Punch|p2a: Toxapex\n|-supereffective|p2a: Toxapex\n|-damage|p2a: Toxapex|0 fnt\n|faint|p2a: Toxapex\n|\n|-damage|p1a: Iron Valiant|44\/100 tox|[from] psn\n|upkeep\n|\n|t:|1697374515\n|switch|p2a: Arceus|Arceus, shiny|58\/100\n|turn|25\n|\n|t:|1697374518\n|move|p2a: Arceus|Extreme Speed|p1a: Iron Valiant\n|-resisted|p1a: Iron Valiant\n|-crit|p1a: Iron Valiant\n|-damage|p1a: Iron Valiant|1\/100 tox\n|move|p1a: Iron Valiant|Drain Punch|p2a: Arceus\n|-supereffective|p2a: Arceus\n|-damage|p2a: Arceus|0 fnt\n|-heal|p1a: Iron Valiant|39\/100 tox|[from] drain|[of] p2a: Arceus\n|faint|p2a: Arceus\n|\n|-damage|p1a: Iron Valiant|1\/100 tox|[from] psn\n|upkeep\n|inactive|samuca0072 has 120 seconds left.\n|\n|t:|1697374531\n|switch|p2a: Palkia|Palkia-Origin, shiny|29\/100\n|-ability|p2a: Palkia|Pressure\n|turn|26\n|inactive|samuca0072 has 120 seconds left.\n|\n|t:|1697374537\n|move|p1a: Iron Valiant|Drain Punch|p2a: Palkia\n|-damage|p2a: Palkia|0 fnt\n|-heal|p1a: Iron Valiant|17\/100 tox|[from] drain|[of] p2a: Palkia\n|faint|p2a: Palkia\n|\n|-damage|p1a: Iron Valiant|0 fnt|[from] psn\n|faint|p1a: Iron Valiant\n|-end|p1a: Iron Valiant|Quark Drive|[silent]\n|upkeep\n|inactive|samuca0072 has 120 seconds left.\n|\n|t:|1697374551\n|switch|p2a: Darkrai|Darkrai|100\/100\n|switch|p1a: Gardevoir|Gardevoir, M|64\/100 psn\n|turn|27\n|\n|t:|1697374556\n|move|p1a: Gardevoir|Moonblast|p2a: Darkrai\n|-supereffective|p2a: Darkrai\n|-damage|p2a: Darkrai|0 fnt\n|faint|p2a: Darkrai\n|\n|win|trialteam98\n|raw|trialteam98's rating: 1108 &rarr; <strong>1142<\/strong><br \/>(+34 for winning)\n|raw|samuca0072's rating: 1241 &rarr; <strong>1207<\/strong><br \/>(-34 for losing)\n","uploadtime":1697374561,"views":12,"p1id":"trialteam98","p2id":"samuca0072","formatid":"gen9ubers","rating":1142,"private":0,"password":""}