{"id":"gen9ubers-1976374849","p1":"sub to chompy","p2":"slainey","format":"[Gen 9] Ubers","log":"|j|\u2606sub to chompy\n|j|\u2606slainey@!\n|t:|1698293052\n|gametype|singles\n|player|p1|sub to chompy|2|\n|player|p2|slainey|emma|\n|teamsize|p1|2\n|teamsize|p2|1\n|gen|9\n|tier|[Gen 9] Ubers\n|rule|Sleep Clause Mod: Limit one foe put to sleep\n|rule|Species Clause: Limit one of each Pok\u00e9mon\n|rule|OHKO Clause: OHKO moves are banned\n|rule|Evasion Items Clause: Evasion items are banned\n|rule|Evasion Moves Clause: Evasion moves are banned\n|rule|Endless Battle Clause: Forcing endless battles is banned\n|rule|HP Percentage Mod: HP is shown in percentages\n|clearpoke\n|poke|p1|Arceus-Ice|\n|poke|p1|Garganacl, F|\n|poke|p2|Dialga|\n|teampreview\n|\n|t:|1698293061\n|start\n|switch|p1a: Garganacl|Garganacl, F|100\/100\n|switch|p2a: Dialga|Dialga|100\/100\n|-ability|p2a: Dialga|Pressure\n|turn|1\n|\n|t:|1698293076\n|switch|p1a: Arceus|Arceus-Ice|100\/100\n|move|p2a: Dialga|Roar|p1a: Arceus\n|drag|p1a: Garganacl|Garganacl, F|100\/100\n|\n|upkeep\n|turn|2\n|\n|t:|1698293084\n|switch|p1a: Arceus|Arceus-Ice|100\/100\n|move|p2a: Dialga|Stealth Rock|p1a: Arceus\n|-sidestart|p1: sub to chompy|move: Stealth Rock\n|\n|upkeep\n|turn|3\n|\n|t:|1698293091\n|move|p1a: Arceus|Judgment|p2a: Dialga\n|-damage|p2a: Dialga|70\/100\n|move|p2a: Dialga|Flash Cannon|p1a: Arceus\n|-supereffective|p1a: Arceus\n|-damage|p1a: Arceus|43\/100\n|-unboost|p1a: Arceus|spd|1\n|\n|-heal|p2a: Dialga|76\/100|[from] item: Leftovers\n|upkeep\n|turn|4\n|\n|t:|1698293101\n|move|p1a: Arceus|Calm Mind|p1a: Arceus\n|-boost|p1a: Arceus|spa|1\n|-boost|p1a: Arceus|spd|1\n|move|p2a: Dialga|Dragon Tail|p1a: Arceus\n|-damage|p1a: Arceus|29\/100\n|drag|p1a: Garganacl|Garganacl, F|100\/100\n|-damage|p1a: Garganacl|88\/100|[from] Stealth Rock\n|\n|-heal|p2a: Dialga|82\/100|[from] item: Leftovers\n|-heal|p1a: Garganacl|94\/100|[from] item: Leftovers\n|upkeep\n|turn|5\n|\n|t:|1698293116\n|move|p1a: Garganacl|Protect|p1a: Garganacl\n|-singleturn|p1a: Garganacl|Protect\n|move|p2a: Dialga|Roar|p1a: Garganacl\n|drag|p1a: Arceus|Arceus-Ice|29\/100\n|-damage|p1a: Arceus|4\/100|[from] Stealth Rock\n|\n|-heal|p2a: Dialga|88\/100|[from] item: Leftovers\n|upkeep\n|turn|6\n|\n|t:|1698293131\n|-terastallize|p1a: Arceus|Electric\n|move|p1a: Arceus|Thunderbolt|p2a: Dialga\n|-resisted|p2a: Dialga\n|-damage|p2a: Dialga|77\/100\n|move|p2a: Dialga|Dragon Tail|p1a: Arceus|[miss]\n|-miss|p2a: Dialga|p1a: Arceus\n|\n|-heal|p2a: Dialga|83\/100|[from] item: Leftovers\n|upkeep\n|turn|7\n|\n|t:|1698293141\n|move|p1a: Arceus|Recover|p1a: Arceus\n|-heal|p1a: Arceus|55\/100\n|move|p2a: Dialga|Flash Cannon|p1a: Arceus\n|-resisted|p1a: Arceus\n|-damage|p1a: Arceus|40\/100\n|\n|-heal|p2a: Dialga|90\/100|[from] item: Leftovers\n|upkeep\n|turn|8\n|\n|t:|1698293148\n|move|p1a: Arceus|Calm Mind|p1a: Arceus\n|-boost|p1a: Arceus|spa|1\n|-boost|p1a: Arceus|spd|1\n|move|p2a: Dialga|Dragon Tail|p1a: Arceus\n|-damage|p1a: Arceus|27\/100\n|drag|p1a: Garganacl|Garganacl, F|94\/100\n|-damage|p1a: Garganacl|82\/100|[from] Stealth Rock\n|\n|-heal|p2a: Dialga|96\/100|[from] item: Leftovers\n|-heal|p1a: Garganacl|88\/100|[from] item: Leftovers\n|upkeep\n|turn|9\n|-message|sub to chompy forfeited.\n|\n|win|slainey\n","uploadtime":1698293163,"views":17,"p1id":"subtochompy","p2id":"slainey","formatid":"gen9ubers","rating":0,"private":0,"password":""}