{"id":"gen9ubers-1969161368","p1":"SenkTheMoth","p2":"Fireblitz15","format":"[Gen 9] Ubers","log":"|j|\u2606SenkTheMoth\n|j|\u2606Fireblitz15\n|t:|1697495722\n|gametype|singles\n|player|p1|SenkTheMoth|dawn-gen4pt|\n|player|p2|Fireblitz15|2|\n|teamsize|p1|6\n|teamsize|p2|6\n|gen|9\n|tier|[Gen 9] Ubers\n|rule|Sleep Clause Mod: Limit one foe put to sleep\n|rule|Species Clause: Limit one of each Pok\u00e9mon\n|rule|OHKO Clause: OHKO moves are banned\n|rule|Evasion Items Clause: Evasion items are banned\n|rule|Evasion Moves Clause: Evasion moves are banned\n|rule|Endless Battle Clause: Forcing endless battles is banned\n|rule|HP Percentage Mod: HP is shown in percentages\n|clearpoke\n|poke|p1|Zacian-*|\n|poke|p1|Magearna|\n|poke|p1|Palkia-Origin|\n|poke|p1|Gholdengo|\n|poke|p1|Arceus-Electric|\n|poke|p1|Goodra-Hisui, M|\n|poke|p2|Masquerain, F|\n|poke|p2|Palafin, F|\n|poke|p2|Gholdengo|\n|poke|p2|Arceus-Fire|\n|poke|p2|Manaphy|\n|poke|p2|Landorus, M|\n|teampreview\n|\n|t:|1697495732\n|start\n|switch|p1a: Magearna|Magearna|100\/100\n|switch|p2a: Masquerain|Masquerain, F|100\/100\n|-ability|p2a: Masquerain|Intimidate|boost\n|-unboost|p1a: Magearna|atk|1\n|turn|1\n|\n|t:|1697495739\n|move|p2a: Masquerain|Sticky Web|p1a: Magearna\n|-sidestart|p1: SenkTheMoth|move: Sticky Web\n|move|p1a: Magearna|Spikes|p2a: Masquerain\n|-sidestart|p2: Fireblitz15|Spikes\n|\n|upkeep\n|turn|2\n|\n|t:|1697495745\n|move|p2a: Masquerain|Stun Spore|p1a: Magearna\n|-status|p1a: Magearna|par\n|move|p1a: Magearna|Thunder Wave|p2a: Masquerain\n|-status|p2a: Masquerain|par\n|\n|upkeep\n|turn|3\n|\n|t:|1697495752\n|switch|p2a: Landorus|Landorus, M|100\/100\n|move|p1a: Magearna|Ice Beam|p2a: Landorus\n|-supereffective|p2a: Landorus\n|-damage|p2a: Landorus|0 fnt\n|faint|p2a: Landorus\n|-ability|p1a: Magearna|Soul-Heart|boost\n|-boost|p1a: Magearna|spa|1\n|\n|upkeep\n|\n|t:|1697495761\n|switch|p2a: Manaphy|Manaphy|100\/100\n|-damage|p2a: Manaphy|88\/100|[from] Spikes\n|turn|4\n|\n|t:|1697495767\n|switch|p1a: Big Man|Goodra-Hisui, M|100\/100\n|-activate|p1a: Big Man|move: Sticky Web\n|-unboost|p1a: Big Man|spe|1\n|move|p2a: Manaphy|Substitute|p2a: Manaphy\n|-start|p2a: Manaphy|Substitute\n|-damage|p2a: Manaphy|63\/100\n|\n|-heal|p2a: Manaphy|69\/100|[from] item: Leftovers\n|upkeep\n|turn|5\n|\n|t:|1697495778\n|move|p2a: Manaphy|Tail Glow|p2a: Manaphy\n|-boost|p2a: Manaphy|spa|3\n|move|p1a: Big Man|Curse|p1a: Big Man\n|-unboost|p1a: Big Man|spe|1\n|-boost|p1a: Big Man|atk|1\n|-boost|p1a: Big Man|def|1\n|\n|-heal|p2a: Manaphy|75\/100|[from] item: Leftovers\n|upkeep\n|turn|6\n|\n|t:|1697495787\n|move|p2a: Manaphy|Tail Glow|p2a: Manaphy\n|-boost|p2a: Manaphy|spa|3\n|move|p1a: Big Man|Earthquake|p2a: Manaphy\n|-end|p2a: Manaphy|Substitute\n|\n|-heal|p2a: Manaphy|82\/100|[from] item: Leftovers\n|upkeep\n|turn|7\n|\n|t:|1697495795\n|move|p2a: Manaphy|Stored Power|p1a: Big Man\n|-resisted|p1a: Big Man\n|-damage|p1a: Big Man|66\/100\n|move|p1a: Big Man|Dragon Tail|p2a: Manaphy\n|-damage|p2a: Manaphy|61\/100\n|drag|p2a: Gholdengo|Gholdengo|100\/100\n|-damage|p2a: Gholdengo|88\/100|[from] Spikes\n|\n|-heal|p1a: Big Man|72\/100|[from] item: Leftovers\n|upkeep\n|turn|8\n|\n|t:|1697495804\n|move|p2a: Gholdengo|Trick|p1a: Big Man\n|-activate|p2a: Gholdengo|move: Trick|[of] p1a: Big Man\n|-item|p1a: Big Man|Choice Scarf|[from] move: Trick\n|-item|p2a: Gholdengo|Leftovers|[from] move: Trick\n|move|p1a: Big Man|Earthquake|p2a: Gholdengo\n|-supereffective|p2a: Gholdengo\n|-damage|p2a: Gholdengo|8\/100\n|\n|-heal|p2a: Gholdengo|14\/100|[from] item: Leftovers\n|upkeep\n|turn|9\n|\n|t:|1697495816\n|switch|p1a: Magearna|Magearna|100\/100 par\n|-activate|p1a: Magearna|move: Sticky Web\n|-unboost|p1a: Magearna|spe|1\n|-terastallize|p2a: Gholdengo|Flying\n|move|p2a: Gholdengo|Shadow Ball|p1a: Magearna\n|-damage|p1a: Magearna|67\/100 par\n|\n|-heal|p2a: Gholdengo|20\/100|[from] item: Leftovers\n|-heal|p1a: Magearna|73\/100 par|[from] item: Leftovers\n|upkeep\n|turn|10\n|\n|t:|1697495827\n|move|p2a: Gholdengo|Make It Rain|p1a: Magearna\n|-damage|p1a: Magearna|23\/100 par\n|-unboost|p2a: Gholdengo|spa|1\n|move|p1a: Magearna|Draining Kiss|p2a: Gholdengo\n|-damage|p2a: Gholdengo|0 fnt\n|-heal|p1a: Magearna|36\/100 par|[from] drain|[of] p2a: Gholdengo\n|faint|p2a: Gholdengo\n|-ability|p1a: Magearna|Soul-Heart|boost\n|-boost|p1a: Magearna|spa|1\n|\n|-heal|p1a: Magearna|42\/100 par|[from] item: Leftovers\n|upkeep\n|\n|t:|1697495842\n|switch|p2a: Arceus|Arceus-Fire|100\/100\n|-damage|p2a: Arceus|88\/100|[from] Spikes\n|turn|11\n|j| somebodyuknow2\n|\n|t:|1697495848\n|move|p2a: Arceus|Earthquake|p1a: Magearna\n|-supereffective|p1a: Magearna\n|-damage|p1a: Magearna|0 fnt\n|faint|p1a: Magearna\n|\n|upkeep\n|\n|t:|1697495859\n|switch|p1a: Palkia|Palkia-Origin|100\/100\n|-activate|p1a: Palkia|move: Sticky Web\n|-unboost|p1a: Palkia|spe|1\n|-ability|p1a: Palkia|Pressure\n|turn|12\n|l| somebodyuknow2\n|\n|t:|1697495867\n|switch|p2a: Masquerain|Masquerain, F|100\/100 par\n|-ability|p2a: Masquerain|Intimidate|boost\n|-unboost|p1a: Palkia|atk|1\n|move|p1a: Palkia|Surf|p2a: Masquerain\n|-damage|p2a: Masquerain|23\/100 par\n|\n|upkeep\n|turn|13\n|\n|t:|1697495876\n|move|p1a: Palkia|Substitute|p1a: Palkia\n|-start|p1a: Palkia|Substitute\n|-damage|p1a: Palkia|76\/100\n|move|p2a: Masquerain|Stun Spore||[still]\n|-fail|p2a: Masquerain\n|\n|upkeep\n|turn|14\n|\n|t:|1697495881\n|move|p1a: Palkia|Surf|p2a: Masquerain\n|-damage|p2a: Masquerain|0 fnt\n|faint|p2a: Masquerain\n|\n|upkeep\n|\n|t:|1697495888\n|switch|p2a: Palafin|Palafin, F|100\/100\n|-damage|p2a: Palafin|88\/100|[from] Spikes\n|turn|15\n|\n|t:|1697495894\n|detailschange|p2a: Palafin|Palafin-Hero, F\n|switch|p2a: Manaphy|Manaphy|61\/100\n|-damage|p2a: Manaphy|49\/100|[from] Spikes\n|move|p1a: Palkia|Thunderbolt|p2a: Manaphy\n|-supereffective|p2a: Manaphy\n|-damage|p2a: Manaphy|0 fnt\n|faint|p2a: Manaphy\n|\n|upkeep\n|\n|t:|1697495902\n|switch|p2a: Arceus|Arceus-Fire|88\/100\n|-damage|p2a: Arceus|76\/100|[from] Spikes\n|turn|16\n|\n|t:|1697495906\n|move|p2a: Arceus|Earthquake|p1a: Palkia\n|-end|p1a: Palkia|Substitute\n|move|p1a: Palkia|Surf|p2a: Arceus\n|-supereffective|p2a: Arceus\n|-damage|p2a: Arceus|0 fnt\n|faint|p2a: Arceus\n|\n|upkeep\n|\n|t:|1697495912\n|switch|p2a: Palafin|Palafin-Hero, F|88\/100\n|-damage|p2a: Palafin|76\/100|[from] Spikes\n|-activate|p2a: Palafin|ability: Zero to Hero\n|turn|17\n|c|\u2606Fireblitz15|gg\n|c|\u2606SenkTheMoth|gg\n|\n|t:|1697495918\n|move|p2a: Palafin|Close Combat|p1a: Palkia\n|-damage|p1a: Palkia|0 fnt\n|-unboost|p2a: Palafin|def|1\n|-unboost|p2a: Palafin|spd|1\n|faint|p1a: Palkia\n|\n|upkeep\n|\n|t:|1697495922\n|switch|p1a: Gholdengo|Gholdengo|100\/100\n|-activate|p1a: Gholdengo|move: Sticky Web\n|-unboost|p1a: Gholdengo|spe|1\n|turn|18\n|\n|t:|1697495927\n|move|p2a: Palafin|Close Combat|p1a: Gholdengo\n|-immune|p1a: Gholdengo\n|move|p1a: Gholdengo|Shadow Ball|p2a: Palafin\n|-damage|p2a: Palafin|3\/100\n|\n|upkeep\n|turn|19\n|\n|t:|1697495933\n|move|p2a: Palafin|Close Combat|p1a: Gholdengo\n|-immune|p1a: Gholdengo\n|move|p1a: Gholdengo|Shadow Ball|p2a: Palafin\n|-damage|p2a: Palafin|0 fnt\n|faint|p2a: Palafin\n|\n|win|SenkTheMoth\n|l|\u2606Fireblitz15\n|c|\u2606SenkTheMoth|i'll post the vod\n","uploadtime":1697495959,"views":14,"p1id":"senkthemoth","p2id":"fireblitz15","formatid":"gen9ubers","rating":0,"private":0,"password":""}