{"id":"gen9ubers-1991432033","p1":"mystori_","p2":"SpaceManSlumped","format":"[Gen 9] Ubers","log":"|j|\u2606mystori_\n|j|\u2606SpaceManSlumped\n|t:|1700076597\n|gametype|singles\n|player|p1|mystori_|shauntal|1088\n|player|p2|SpaceManSlumped|burglar|1190\n|teamsize|p1|6\n|teamsize|p2|6\n|gen|9\n|tier|[Gen 9] Ubers\n|rated|\n|rule|Sleep Clause Mod: Limit one foe put to sleep\n|rule|Species Clause: Limit one of each Pok\u00e9mon\n|rule|OHKO Clause: OHKO moves are banned\n|rule|Evasion Items Clause: Evasion items are banned\n|rule|Evasion Moves Clause: Evasion moves are banned\n|rule|Endless Battle Clause: Forcing endless battles is banned\n|rule|HP Percentage Mod: HP is shown in percentages\n|clearpoke\n|poke|p1|Sliggoo, M|\n|poke|p1|Ditto|\n|poke|p1|Pawniard, M|\n|poke|p1|Kirlia, F|\n|poke|p1|Ralts, M|\n|poke|p1|Empoleon, M|\n|poke|p2|Lilligant, F|\n|poke|p2|Gyarados, F|\n|poke|p2|Grimmsnarl, M|\n|poke|p2|Palafin, M|\n|poke|p2|Koraidon|\n|poke|p2|Tyranitar, F|\n|teampreview\n|inactive|Battle timer is ON: inactive players will automatically lose when time's up. (requested by mystori_)\n|\n|t:|1700076611\n|start\n|switch|p1a: Escargoon|Sliggoo, M|100\/100\n|switch|p2a: Lilligant|Lilligant, F|100\/100\n|turn|1\n|\n|t:|1700076624\n|switch|p1a: Tuff|Ralts, M|100\/100\n|move|p2a: Lilligant|Sleep Powder|p1a: Tuff\n|-status|p1a: Tuff|slp|[from] move: Sleep Powder\n|\n|upkeep\n|turn|2\n|\n|t:|1700076632\n|move|p2a: Lilligant|Quiver Dance|p2a: Lilligant\n|-boost|p2a: Lilligant|spa|1\n|-boost|p2a: Lilligant|spd|1\n|-boost|p2a: Lilligant|spe|1\n|cant|p1a: Tuff|slp\n|\n|upkeep\n|turn|3\n|\n|t:|1700076638\n|move|p2a: Lilligant|Quiver Dance|p2a: Lilligant\n|-boost|p2a: Lilligant|spa|1\n|-boost|p2a: Lilligant|spd|1\n|-boost|p2a: Lilligant|spe|1\n|cant|p1a: Tuff|slp\n|\n|upkeep\n|turn|4\n|\n|t:|1700076644\n|move|p2a: Lilligant|Quiver Dance|p2a: Lilligant\n|-boost|p2a: Lilligant|spa|1\n|-boost|p2a: Lilligant|spd|1\n|-boost|p2a: Lilligant|spe|1\n|-curestatus|p1a: Tuff|slp|[msg]\n|move|p1a: Tuff|Trick Room|p1a: Tuff\n|-fieldstart|move: Trick Room|[of] p1a: Tuff\n|\n|upkeep\n|turn|5\n|\n|t:|1700076650\n|move|p1a: Tuff|Encore|p2a: Lilligant\n|-start|p2a: Lilligant|Encore\n|move|p2a: Lilligant|Quiver Dance|p2a: Lilligant\n|-boost|p2a: Lilligant|spa|1\n|-boost|p2a: Lilligant|spd|1\n|-boost|p2a: Lilligant|spe|1\n|\n|upkeep\n|turn|6\n|\n|t:|1700076662\n|switch|p1a: Meta Knight|Pawniard, M, shiny|100\/100\n|switch|p2a: Tyranitar|Tyranitar, F|100\/100\n|-weather|Sandstorm|[from] ability: Sand Stream|[of] p2a: Tyranitar\n|\n|-weather|Sandstorm|[upkeep]\n|upkeep\n|turn|7\n|\n|t:|1700076674\n|-terastallize|p1a: Meta Knight|Flying\n|move|p1a: Meta Knight|Swords Dance|p1a: Meta Knight\n|-boost|p1a: Meta Knight|atk|2\n|move|p2a: Tyranitar|Earthquake|p1a: Meta Knight\n|-immune|p1a: Meta Knight\n|\n|-weather|Sandstorm|[upkeep]\n|-damage|p1a: Meta Knight|94\/100|[from] Sandstorm\n|upkeep\n|turn|8\n|\n|t:|1700076683\n|-terastallize|p2a: Tyranitar|Steel\n|move|p1a: Meta Knight|Brick Break|p2a: Tyranitar\n|-supereffective|p2a: Tyranitar\n|-damage|p2a: Tyranitar|19\/100\n|-enditem|p2a: Tyranitar|Weakness Policy\n|-boost|p2a: Tyranitar|atk|2|[from] item: Weakness Policy\n|-boost|p2a: Tyranitar|spa|2|[from] item: Weakness Policy\n|move|p2a: Tyranitar|Dragon Dance|p2a: Tyranitar\n|-boost|p2a: Tyranitar|atk|1\n|-boost|p2a: Tyranitar|spe|1\n|\n|-weather|Sandstorm|[upkeep]\n|-damage|p1a: Meta Knight|88\/100|[from] Sandstorm\n|-fieldend|move: Trick Room\n|upkeep\n|turn|9\n|\n|t:|1700076694\n|move|p1a: Meta Knight|Sucker Punch|p2a: Tyranitar\n|-crit|p2a: Tyranitar\n|-damage|p2a: Tyranitar|0 fnt\n|faint|p2a: Tyranitar\n|\n|-weather|Sandstorm|[upkeep]\n|-damage|p1a: Meta Knight|82\/100|[from] Sandstorm\n|upkeep\n|\n|t:|1700076699\n|switch|p2a: Grimmsnarl|Grimmsnarl, M|100\/100\n|turn|10\n|\n|t:|1700076702\n|move|p2a: Grimmsnarl|Thunder Wave|p1a: Meta Knight\n|-status|p1a: Meta Knight|par\n|move|p1a: Meta Knight|Iron Head|p2a: Grimmsnarl\n|-supereffective|p2a: Grimmsnarl\n|-crit|p2a: Grimmsnarl\n|-damage|p2a: Grimmsnarl|0 fnt\n|faint|p2a: Grimmsnarl\n|\n|-weather|none\n|upkeep\n|\n|t:|1700076713\n|switch|p2a: Palafin|Palafin, M|100\/100\n|turn|11\n|\n|t:|1700076719\n|move|p1a: Meta Knight|Sucker Punch|p2a: Palafin\n|-damage|p2a: Palafin|18\/100\n|move|p2a: Palafin|Flip Turn|p1a: Meta Knight\n|-damage|p1a: Meta Knight|54\/100 par\n|l|\u2606SpaceManSlumped\n|inactive|SpaceManSlumped disconnected and has a minute to reconnect!\n|player|p2|\n|j|\u2606SpaceManSlumped\n|inactive|SpaceManSlumped reconnected and has 145 seconds left.\n|player|p2|SpaceManSlumped|burglar\n|\n|t:|1700076742\n|detailschange|p2a: Palafin|Palafin-Hero, M\n|switch|p2a: Gyarados|Gyarados, F|100\/100|[from] Flip Turn\n|\n|upkeep\n|turn|12\n|\n|t:|1700076751\n|move|p2a: Gyarados|Dragon Dance|p2a: Gyarados\n|-boost|p2a: Gyarados|atk|1\n|-boost|p2a: Gyarados|spe|1\n|cant|p1a: Meta Knight|par\n|\n|upkeep\n|turn|13\n|\n|t:|1700076761\n|move|p2a: Gyarados|Waterfall|p1a: Meta Knight\n|-damage|p1a: Meta Knight|0 fnt\n|faint|p1a: Meta Knight\n|-ability|p2a: Gyarados|Moxie|boost\n|-boost|p2a: Gyarados|atk|1\n|\n|upkeep\n|\n|t:|1700076771\n|switch|p1a: Kirby|Ditto|100\/100\n|-transform|p1a: Kirby|p2a: Gyarados|[from] ability: Imposter\n|turn|14\n|\n|t:|1700076784\n|move|p2a: Gyarados|Dragon Dance|p2a: Gyarados\n|-boost|p2a: Gyarados|atk|1\n|-boost|p2a: Gyarados|spe|1\n|move|p1a: Kirby|Waterfall|p2a: Gyarados\n|-resisted|p2a: Gyarados\n|-damage|p2a: Gyarados|30\/100\n|-enditem|p2a: Gyarados|Sitrus Berry|[eat]\n|-heal|p2a: Gyarados|55\/100|[from] item: Sitrus Berry\n|-damage|p1a: Kirby|90\/100|[from] item: Life Orb\n|\n|upkeep\n|turn|15\n|\n|t:|1700076796\n|move|p2a: Gyarados|Iron Head|p1a: Kirby\n|-resisted|p1a: Kirby\n|-damage|p1a: Kirby|46\/100\n|move|p1a: Kirby|Waterfall|p2a: Gyarados\n|-resisted|p2a: Gyarados\n|-damage|p2a: Gyarados|0 fnt\n|faint|p2a: Gyarados\n|-ability|p1a: Kirby|Moxie|boost\n|-boost|p1a: Kirby|atk|1\n|-damage|p1a: Kirby|36\/100|[from] item: Life Orb\n|\n|upkeep\n|\n|t:|1700076805\n|switch|p2a: Lilligant|Lilligant, F|100\/100\n|turn|16\n|\n|t:|1700076811\n|move|p1a: Kirby|Iron Head|p2a: Lilligant\n|-damage|p2a: Lilligant|0 fnt\n|faint|p2a: Lilligant\n|-ability|p1a: Kirby|Moxie|boost\n|-boost|p1a: Kirby|atk|1\n|-damage|p1a: Kirby|26\/100|[from] item: Life Orb\n|\n|upkeep\n|\n|t:|1700076814\n|switch|p2a: Palafin|Palafin-Hero, M|18\/100\n|-activate|p2a: Palafin|ability: Zero to Hero\n|turn|17\n|\n|t:|1700076825\n|move|p2a: Palafin|Jet Punch|p1a: Kirby\n|-resisted|p1a: Kirby\n|-damage|p1a: Kirby|0 fnt\n|faint|p1a: Kirby\n|\n|upkeep\n|\n|t:|1700076830\n|switch|p1a: King Dedede|Empoleon, M, shiny|100\/100\n|turn|18\n|\n|t:|1700076834\n|switch|p2a: Koraidon|Koraidon|100\/100\n|-weather|SunnyDay|[from] ability: Orichalcum Pulse|[of] p2a: Koraidon\n|-activate|p2a: Koraidon|Orichalcum Pulse|[source]\n|move|p1a: King Dedede|Aqua Jet|p2a: Koraidon\n|-resisted|p2a: Koraidon\n|-damage|p2a: Koraidon|97\/100\n|\n|-weather|SunnyDay|[upkeep]\n|upkeep\n|turn|19\n|\n|t:|1700076844\n|switch|p1a: Tiff|Kirlia, F|100\/100\n|-activate|p1a: Tiff|ability: Orichalcum Pulse\n|-ability|p1a: Tiff|Orichalcum Pulse|[from] ability: Trace|[of] p2a: Koraidon\n|move|p2a: Koraidon|Collision Course|p1a: Tiff\n|-resisted|p1a: Tiff\n|-damage|p1a: Tiff|78\/100\n|\n|-weather|SunnyDay|[upkeep]\n|upkeep\n|turn|20\n|\n|t:|1700076857\n|switch|p2a: Palafin|Palafin-Hero, M|18\/100\n|move|p1a: Tiff|Stored Power|p2a: Palafin\n|-damage|p2a: Palafin|13\/100\n|\n|-weather|SunnyDay|[upkeep]\n|upkeep\n|turn|21\n|\n|t:|1700076866\n|switch|p1a: Escargoon|Sliggoo, M|100\/100\n|move|p2a: Palafin|Jet Punch|p1a: Escargoon\n|-resisted|p1a: Escargoon\n|-damage|p1a: Escargoon|87\/100\n|\n|-weather|SunnyDay|[upkeep]\n|upkeep\n|turn|22\n|\n|t:|1700076873\n|move|p2a: Palafin|Jet Punch|p1a: Escargoon\n|-resisted|p1a: Escargoon\n|-damage|p1a: Escargoon|71\/100\n|move|p1a: Escargoon|Acid Armor|p1a: Escargoon\n|-boost|p1a: Escargoon|def|2\n|\n|-weather|none\n|upkeep\n|turn|23\n|\n|t:|1700076880\n|switch|p2a: Koraidon|Koraidon|97\/100\n|-weather|SunnyDay|[from] ability: Orichalcum Pulse|[of] p2a: Koraidon\n|-activate|p2a: Koraidon|Orichalcum Pulse|[source]\n|move|p1a: Escargoon|Toxic|p2a: Koraidon\n|-status|p2a: Koraidon|tox\n|\n|-weather|SunnyDay|[upkeep]\n|-damage|p2a: Koraidon|91\/100 tox|[from] psn\n|upkeep\n|turn|24\n|\n|t:|1700076888\n|move|p2a: Koraidon|Iron Head|p1a: Escargoon\n|-damage|p1a: Escargoon|46\/100\n|move|p1a: Escargoon|Acid Armor|p1a: Escargoon\n|-boost|p1a: Escargoon|def|2\n|\n|-weather|SunnyDay|[upkeep]\n|-damage|p2a: Koraidon|79\/100 tox|[from] psn\n|upkeep\n|turn|25\n|\n|t:|1700076895\n|move|p2a: Koraidon|Iron Head|p1a: Escargoon\n|-damage|p1a: Escargoon|30\/100\n|move|p1a: Escargoon|Rest|p1a: Escargoon\n|-status|p1a: Escargoon|slp|[from] move: Rest\n|-heal|p1a: Escargoon|100\/100 slp|[silent]\n|\n|-weather|SunnyDay|[upkeep]\n|-damage|p2a: Koraidon|60\/100 tox|[from] psn\n|upkeep\n|turn|26\n|\n|t:|1700076904\n|switch|p2a: Palafin|Palafin-Hero, M|13\/100\n|cant|p1a: Escargoon|slp\n|\n|-weather|SunnyDay|[upkeep]\n|upkeep\n|turn|27\n|\n|t:|1700076909\n|move|p2a: Palafin|Outrage|p1a: Escargoon\n|-supereffective|p1a: Escargoon\n|-damage|p1a: Escargoon|41\/100 slp\n|cant|p1a: Escargoon|slp\n|\n|-weather|none\n|upkeep\n|turn|28\n|\n|t:|1700076918\n|switch|p1a: Tiff|Kirlia, F|78\/100\n|move|p2a: Palafin|Outrage|p1a: Tiff|[from]lockedmove\n|-immune|p1a: Tiff\n|-start|p2a: Palafin|confusion|[fatigue]\n|\n|upkeep\n|turn|29\n|\n|t:|1700076928\n|-activate|p2a: Palafin|confusion\n|move|p2a: Palafin|Outrage|p1a: Tiff\n|-immune|p1a: Tiff\n|move|p1a: Tiff|Stored Power|p2a: Palafin\n|-damage|p2a: Palafin|6\/100\n|\n|upkeep\n|turn|30\n|\n|t:|1700076934\n|-end|p2a: Palafin|confusion\n|move|p2a: Palafin|Outrage|p1a: Tiff\n|-immune|p1a: Tiff\n|move|p1a: Tiff|Calm Mind|p1a: Tiff\n|-boost|p1a: Tiff|spa|1\n|-boost|p1a: Tiff|spd|1\n|\n|upkeep\n|turn|31\n|\n|t:|1700076941\n|switch|p2a: Koraidon|Koraidon|60\/100 tox\n|-weather|SunnyDay|[from] ability: Orichalcum Pulse|[of] p1a: Tiff\n|-activate|p1a: Tiff|Orichalcum Pulse|[source]\n|-ability|p1a: Tiff|Orichalcum Pulse|[from] ability: Trace|[of] p2a: Koraidon\n|-activate|p2a: Koraidon|ability: Orichalcum Pulse\n|move|p1a: Tiff|Calm Mind|p1a: Tiff\n|-boost|p1a: Tiff|spa|1\n|-boost|p1a: Tiff|spd|1\n|\n|-weather|SunnyDay|[upkeep]\n|-damage|p2a: Koraidon|54\/100 tox|[from] psn\n|upkeep\n|turn|32\n|\n|t:|1700076953\n|move|p2a: Koraidon|Iron Head|p1a: Tiff\n|-supereffective|p1a: Tiff\n|-damage|p1a: Tiff|0 fnt\n|faint|p1a: Tiff\n|\n|-weather|SunnyDay|[upkeep]\n|-damage|p2a: Koraidon|42\/100 tox|[from] psn\n|upkeep\n|\n|t:|1700076959\n|switch|p1a: Tuff|Ralts, M|100\/100\n|turn|33\n|\n|t:|1700076962\n|move|p2a: Koraidon|Iron Head|p1a: Tuff\n|-supereffective|p1a: Tuff\n|-enditem|p1a: Tuff|Focus Sash\n|-damage|p1a: Tuff|1\/100\n|move|p1a: Tuff|Trick Room|p1a: Tuff\n|-fieldstart|move: Trick Room|[of] p1a: Tuff\n|\n|-weather|SunnyDay|[upkeep]\n|-damage|p2a: Koraidon|23\/100 tox|[from] psn\n|upkeep\n|turn|34\n|\n|t:|1700076969\n|move|p1a: Tuff|Destiny Bond|p1a: Tuff\n|-singlemove|p1a: Tuff|Destiny Bond\n|move|p2a: Koraidon|Iron Head|p1a: Tuff\n|-supereffective|p1a: Tuff\n|-damage|p1a: Tuff|0 fnt\n|faint|p1a: Tuff\n|-activate|p1a: Tuff|move: Destiny Bond\n|faint|p2a: Koraidon\n|\n|-weather|SunnyDay|[upkeep]\n|upkeep\n|\n|t:|1700076977\n|switch|p1a: King Dedede|Empoleon, M, shiny|100\/100\n|switch|p2a: Palafin|Palafin-Hero, M|6\/100\n|turn|35\n|\n|t:|1700076982\n|move|p1a: King Dedede|Aqua Jet|p2a: Palafin\n|-resisted|p2a: Palafin\n|-crit|p2a: Palafin\n|-damage|p2a: Palafin|0 fnt\n|faint|p2a: Palafin\n|\n|win|mystori_\n|raw|mystori_'s rating: 1088 &rarr; <strong>1122<\/strong><br \/>(+34 for winning)\n|raw|SpaceManSlumped's rating: 1190 &rarr; <strong>1158<\/strong><br \/>(-32 for losing)\n|c|\u2606mystori_|gg\n|l|\u2606SpaceManSlumped\n","uploadtime":1700076991,"views":6,"p1id":"mystori","p2id":"spacemanslumped","formatid":"gen9ubers","rating":1122,"private":0,"password":""}