{"id":"gen9ubers-1978688332","p1":"DoctorSnowman","p2":"Buizel%100","format":"[Gen 9] Ubers","log":"|j|\u2606DoctorSnowman\n|j|\u2606Buizel%100\n|t:|1698581741\n|gametype|singles\n|player|p1|DoctorSnowman|265|\n|player|p2|Buizel%100|101|\n|teamsize|p1|6\n|teamsize|p2|6\n|gen|9\n|tier|[Gen 9] Ubers\n|rule|Sleep Clause Mod: Limit one foe put to sleep\n|rule|Species Clause: Limit one of each Pok\u00e9mon\n|rule|OHKO Clause: OHKO moves are banned\n|rule|Evasion Items Clause: Evasion items are banned\n|rule|Evasion Moves Clause: Evasion moves are banned\n|rule|Endless Battle Clause: Forcing endless battles is banned\n|rule|HP Percentage Mod: HP is shown in percentages\n|clearpoke\n|poke|p1|Great Tusk|\n|poke|p1|Noivern, M|\n|poke|p1|Azumarill, M|\n|poke|p1|Quagsire, F|\n|poke|p1|Jolteon, M|\n|poke|p1|Muk, F|\n|poke|p2|Mew|\n|poke|p2|Milotic, M|\n|poke|p2|Inteleon, M|\n|poke|p2|Ribombee, F|\n|poke|p2|Leafeon, F|\n|poke|p2|Mismagius, F|\n|teampreview\n|c|\u2606DoctorSnowman|glhf!\n|c|\u2606Buizel%100|Glhf\n|\n|t:|1698581790\n|start\n|switch|p1a: Noivern|Noivern, M|100\/100\n|switch|p2a: Ribombee|Ribombee, F|100\/100\n|turn|1\n|\n|t:|1698581800\n|move|p1a: Noivern|Flamethrower|p2a: Ribombee\n|-supereffective|p2a: Ribombee\n|-damage|p2a: Ribombee|8\/100\n|move|p2a: Ribombee|Sticky Web|p1a: Noivern\n|-sidestart|p1: DoctorSnowman|move: Sticky Web\n|\n|upkeep\n|turn|2\n|\n|t:|1698581814\n|move|p1a: Noivern|U-turn|p2a: Ribombee\n|-resisted|p2a: Ribombee\n|-damage|p2a: Ribombee|0 fnt\n|faint|p2a: Ribombee\n|\n|t:|1698581823\n|switch|p1a: Muk|Muk, F|100\/100|[from] U-turn\n|-activate|p1a: Muk|move: Sticky Web\n|-unboost|p1a: Muk|spe|1\n|\n|upkeep\n|\n|t:|1698581836\n|switch|p2a: Mew|Mew|100\/100\n|turn|3\n|j| stealthr2\n|j| marvin1\n|\n|t:|1698581869\n|switch|p1a: Noivern|Noivern, M|100\/100\n|move|p2a: Mew|Iron Defense|p2a: Mew\n|-boost|p2a: Mew|def|2\n|\n|upkeep\n|turn|4\n|\n|t:|1698581879\n|move|p1a: Noivern|Draco Meteor|p2a: Mew\n|-damage|p2a: Mew|53\/100\n|-unboost|p1a: Noivern|spa|2\n|move|p2a: Mew|Calm Mind|p2a: Mew\n|-boost|p2a: Mew|spa|1\n|-boost|p2a: Mew|spd|1\n|\n|-heal|p2a: Mew|59\/100|[from] item: Leftovers\n|upkeep\n|turn|5\n|\n|t:|1698581887\n|move|p1a: Noivern|U-turn|p2a: Mew\n|-supereffective|p2a: Mew\n|-damage|p2a: Mew|49\/100\n|\n|t:|1698581892\n|switch|p1a: Great Tusk|Great Tusk|100\/100|[from] U-turn\n|-activate|p1a: Great Tusk|move: Sticky Web\n|-unboost|p1a: Great Tusk|spe|1\n|move|p2a: Mew|Calm Mind|p2a: Mew\n|-boost|p2a: Mew|spa|1\n|-boost|p2a: Mew|spd|1\n|\n|-heal|p2a: Mew|55\/100|[from] item: Leftovers\n|upkeep\n|turn|6\n|\n|t:|1698581916\n|move|p2a: Mew|Iron Defense|p2a: Mew\n|-boost|p2a: Mew|def|2\n|move|p1a: Great Tusk|Headlong Rush|p2a: Mew\n|-damage|p2a: Mew|26\/100\n|-unboost|p1a: Great Tusk|def|1\n|-unboost|p1a: Great Tusk|spd|1\n|\n|-heal|p2a: Mew|33\/100|[from] item: Leftovers\n|upkeep\n|turn|7\n|\n|t:|1698581933\n|move|p2a: Mew|Giga Drain|p1a: Great Tusk\n|-supereffective|p1a: Great Tusk\n|-damage|p1a: Great Tusk|0 fnt\n|-heal|p2a: Mew|79\/100|[from] drain|[of] p1a: Great Tusk\n|faint|p1a: Great Tusk\n|-end|p1a: Great Tusk|Protosynthesis|[silent]\n|\n|-heal|p2a: Mew|85\/100|[from] item: Leftovers\n|upkeep\n|\n|t:|1698581946\n|switch|p1a: Jolteon|Jolteon, M, shiny|100\/100\n|-activate|p1a: Jolteon|move: Sticky Web\n|-unboost|p1a: Jolteon|spe|1\n|turn|8\n|\n|t:|1698581955\n|move|p1a: Jolteon|Yawn|p2a: Mew\n|-start|p2a: Mew|move: Yawn|[of] p1a: Jolteon\n|move|p2a: Mew|Calm Mind|p2a: Mew\n|-boost|p2a: Mew|spa|1\n|-boost|p2a: Mew|spd|1\n|\n|-heal|p2a: Mew|91\/100|[from] item: Leftovers\n|upkeep\n|turn|9\n|\n|t:|1698581967\n|move|p1a: Jolteon|Thunderbolt|p2a: Mew\n|-crit|p2a: Mew\n|-damage|p2a: Mew|18\/100\n|-status|p2a: Mew|par\n|-activate|p2a: Mew|ability: Synchronize\n|-immune|p1a: Jolteon\n|-damage|p1a: Jolteon|91\/100|[from] item: Life Orb\n|move|p2a: Mew|Stored Power|p1a: Jolteon\n|-damage|p1a: Jolteon|0 fnt\n|faint|p1a: Jolteon\n|\n|-heal|p2a: Mew|24\/100 par|[from] item: Leftovers\n|-end|p2a: Mew|move: Yawn|[silent]\n|upkeep\n|c| marvin1|crit mattered\n|c| stealthr2|hahahaha\n|c| stealthr2|that para\n|\n|t:|1698581985\n|switch|p1a: Azumarill|Azumarill, M, shiny|100\/100\n|-activate|p1a: Azumarill|move: Sticky Web\n|-unboost|p1a: Azumarill|spe|1\n|turn|10\n|\n|t:|1698581990\n|move|p1a: Azumarill|Aqua Jet|p2a: Mew\n|-damage|p2a: Mew|17\/100 par\n|move|p2a: Mew|Giga Drain|p1a: Azumarill\n|-supereffective|p1a: Azumarill\n|-damage|p1a: Azumarill|0 fnt\n|-heal|p2a: Mew|67\/100 par|[from] drain|[of] p1a: Azumarill\n|faint|p1a: Azumarill\n|\n|-heal|p2a: Mew|73\/100 par|[from] item: Leftovers\n|upkeep\n|l| stealthr2\n|c|\u2606DoctorSnowman|para destroyed me!\n|c|\u2606DoctorSnowman|ah well\n|\n|t:|1698582018\n|switch|p1a: Noivern|Noivern, M|100\/100\n|turn|11\n|\n|t:|1698582035\n|move|p1a: Noivern|Draco Meteor|p2a: Mew\n|-damage|p2a: Mew|53\/100 par\n|-unboost|p1a: Noivern|spa|2\n|move|p2a: Mew|Stored Power|p1a: Noivern\n|-damage|p1a: Noivern|0 fnt\n|faint|p1a: Noivern\n|\n|-heal|p2a: Mew|59\/100 par|[from] item: Leftovers\n|upkeep\n|\n|t:|1698582045\n|switch|p1a: Quagsire|Quagsire, F|100\/100\n|-activate|p1a: Quagsire|move: Sticky Web\n|-unboost|p1a: Quagsire|spe|1\n|turn|12\n|\n|t:|1698582053\n|move|p2a: Mew|Giga Drain|p1a: Quagsire\n|-supereffective|p1a: Quagsire\n|-damage|p1a: Quagsire|0 fnt\n|-heal|p2a: Mew|100\/100 par|[from] drain|[of] p1a: Quagsire\n|faint|p1a: Quagsire\n|\n|upkeep\n|\n|t:|1698582058\n|switch|p1a: Muk|Muk, F|100\/100\n|-activate|p1a: Muk|move: Sticky Web\n|-unboost|p1a: Muk|spe|1\n|turn|13\n|\n|t:|1698582067\n|cant|p2a: Mew|par\n|move|p1a: Muk|Poison Jab|p2a: Mew\n|-damage|p2a: Mew|92\/100 par\n|\n|-heal|p2a: Mew|98\/100 par|[from] item: Leftovers\n|upkeep\n|turn|14\n|\n|t:|1698582082\n|move|p2a: Mew|Stored Power|p1a: Muk\n|-supereffective|p1a: Muk\n|-damage|p1a: Muk|0 fnt\n|faint|p1a: Muk\n|\n|win|Buizel%100\n|c|\u2606DoctorSnowman|gg\n|l| marvin1\n|c|\u2606Buizel%100|Gg\n","uploadtime":1698582098,"views":35,"p1id":"doctorsnowman","p2id":"buizel100","formatid":"gen9ubers","rating":0,"private":0,"password":""}