{"id":"gen9ubers-1990863857","p1":"Wha1efish","p2":"RektCactus","format":"[Gen 9] Ubers","log":"|j|\u2606Wha1efish\n|j|\u2606RektCactus\n|t:|1700008936\n|gametype|singles\n|player|p1|Wha1efish|cynthia-gen4|\n|player|p2|RektCactus|266|\n|teamsize|p1|6\n|teamsize|p2|6\n|gen|9\n|tier|[Gen 9] Ubers\n|rule|Sleep Clause Mod: Limit one foe put to sleep\n|rule|Species Clause: Limit one of each Pok\u00e9mon\n|rule|OHKO Clause: OHKO moves are banned\n|rule|Evasion Items Clause: Evasion items are banned\n|rule|Evasion Moves Clause: Evasion moves are banned\n|rule|Endless Battle Clause: Forcing endless battles is banned\n|rule|HP Percentage Mod: HP is shown in percentages\n|clearpoke\n|poke|p1|Jirachi|\n|poke|p1|Hydreigon, F|\n|poke|p1|Espathra, M|\n|poke|p1|Weezing-Galar, M|\n|poke|p1|Thundurus, M|\n|poke|p1|Gastrodon, M|\n|poke|p2|Sneasler, F|\n|poke|p2|Landorus-Therian, M|\n|poke|p2|Glimmora, M|\n|poke|p2|Heatran, M|\n|poke|p2|Ogerpon-Hearthflame, F|\n|poke|p2|Urshifu-*, F|\n|teampreview\n|\n|t:|1700008990\n|start\n|switch|p1a: Espathra|Espathra, M|100\/100\n|switch|p2a: Glimmora|Glimmora, M|100\/100\n|turn|1\n|\n|t:|1700009011\n|move|p1a: Espathra|Lumina Crash|p2a: Glimmora\n|-supereffective|p2a: Glimmora\n|-enditem|p2a: Glimmora|Focus Sash\n|-damage|p2a: Glimmora|1\/100\n|-unboost|p2a: Glimmora|spd|2\n|move|p2a: Glimmora|Power Gem|p1a: Espathra\n|-damage|p1a: Espathra|37\/100\n|\n|-ability|p1a: Espathra|Speed Boost|boost\n|-boost|p1a: Espathra|spe|1\n|upkeep\n|turn|2\n|\n|t:|1700009057\n|move|p1a: Espathra|Lumina Crash|p2a: Glimmora\n|-supereffective|p2a: Glimmora\n|-damage|p2a: Glimmora|0 fnt\n|faint|p2a: Glimmora\n|\n|-ability|p1a: Espathra|Speed Boost|boost\n|-boost|p1a: Espathra|spe|1\n|upkeep\n|j| Nyamonya\n|\n|t:|1700009075\n|switch|p2a: Heatran|Heatran, M|100\/100\n|-item|p2a: Heatran|Air Balloon\n|turn|3\n|\n|t:|1700009114\n|move|p1a: Espathra|Lumina Crash|p2a: Heatran\n|-resisted|p2a: Heatran\n|-damage|p2a: Heatran|87\/100\n|-unboost|p2a: Heatran|spd|2\n|-enditem|p2a: Heatran|Air Balloon\n|move|p2a: Heatran|Magma Storm|p1a: Espathra|[miss]\n|-miss|p2a: Heatran|p1a: Espathra\n|\n|-ability|p1a: Espathra|Speed Boost|boost\n|-boost|p1a: Espathra|spe|1\n|upkeep\n|turn|4\n|\n|t:|1700009123\n|move|p1a: Espathra|Lumina Crash|p2a: Heatran\n|-resisted|p2a: Heatran\n|-damage|p2a: Heatran|59\/100\n|-unboost|p2a: Heatran|spd|2\n|move|p2a: Heatran|Magma Storm|p1a: Espathra|[miss]\n|-miss|p2a: Heatran|p1a: Espathra\n|\n|-ability|p1a: Espathra|Speed Boost|boost\n|-boost|p1a: Espathra|spe|1\n|upkeep\n|turn|5\n|\n|t:|1700009134\n|move|p1a: Espathra|Lumina Crash|p2a: Heatran\n|-resisted|p2a: Heatran\n|-damage|p2a: Heatran|17\/100\n|-unboost|p2a: Heatran|spd|2\n|move|p2a: Heatran|Magma Storm|p1a: Espathra\n|-damage|p1a: Espathra|0 fnt\n|faint|p1a: Espathra\n|\n|upkeep\n|\n|t:|1700009145\n|switch|p1a: Hydreigon|Hydreigon, F|100\/100\n|turn|6\n|\n|t:|1700009150\n|move|p1a: Hydreigon|Dark Pulse|p2a: Heatran\n|-damage|p2a: Heatran|0 fnt\n|faint|p2a: Heatran\n|\n|upkeep\n|\n|t:|1700009153\n|switch|p2a: Ogerpon|Ogerpon-Hearthflame, F|100\/100\n|-ability|p2a: Ogerpon|Mold Breaker\n|turn|7\n|\n|t:|1700009164\n|move|p2a: Ogerpon|Swords Dance|p2a: Ogerpon\n|-boost|p2a: Ogerpon|atk|2\n|move|p1a: Hydreigon|Dark Pulse|p2a: Ogerpon\n|-damage|p2a: Ogerpon|31\/100\n|\n|upkeep\n|turn|8\n|\n|t:|1700009173\n|move|p2a: Ogerpon|Play Rough|p1a: Hydreigon\n|-supereffective|p1a: Hydreigon\n|-damage|p1a: Hydreigon|0 fnt\n|faint|p1a: Hydreigon\n|\n|upkeep\n|\n|t:|1700009179\n|switch|p1a: Thundurus|Thundurus, M|100\/100\n|turn|9\n|\n|t:|1700009199\n|switch|p2a: Landorus|Landorus-Therian, M|100\/100\n|-ability|p2a: Landorus|Intimidate|boost\n|-unboost|p1a: Thundurus|atk|1\n|-terastallize|p1a: Thundurus|Ice\n|move|p1a: Thundurus|Tera Blast|p2a: Landorus|[anim] Tera Blast Ice\n|-supereffective|p2a: Landorus\n|-damage|p2a: Landorus|0 fnt\n|faint|p2a: Landorus\n|\n|upkeep\n|\n|t:|1700009221\n|switch|p2a: Sneasler|Sneasler, F|100\/100\n|turn|10\n|\n|t:|1700009244\n|move|p1a: Thundurus|Thunderbolt|p2a: Sneasler\n|-damage|p2a: Sneasler|36\/100\n|-status|p2a: Sneasler|par\n|move|p2a: Sneasler|Close Combat|p1a: Thundurus\n|-supereffective|p1a: Thundurus\n|-damage|p1a: Thundurus|0 fnt\n|-unboost|p2a: Sneasler|def|1\n|-unboost|p2a: Sneasler|spd|1\n|-enditem|p2a: Sneasler|White Herb\n|-clearnegativeboost|p2a: Sneasler|[silent]\n|faint|p1a: Thundurus\n|\n|upkeep\n|\n|t:|1700009251\n|switch|p1a: Jirachi|Jirachi|100\/100\n|turn|11\n|\n|t:|1700009277\n|switch|p2a: Urshifu|Urshifu, F|100\/100\n|move|p1a: Jirachi|Iron Head|p2a: Urshifu\n|-damage|p2a: Urshifu|64\/100\n|\n|upkeep\n|turn|12\n|\n|t:|1700009289\n|switch|p1a: Weezing|Weezing-Galar, M|100\/100\n|move|p2a: Urshifu|Wicked Blow|p1a: Weezing\n|-resisted|p1a: Weezing\n|-crit|p1a: Weezing\n|-damage|p1a: Weezing|67\/100\n|\n|-heal|p1a: Weezing|73\/100|[from] item: Black Sludge\n|upkeep\n|turn|13\n|\n|t:|1700009297\n|switch|p2a: Sneasler|Sneasler, F|36\/100 par\n|move|p1a: Weezing|Strange Steam|p2a: Sneasler\n|-damage|p2a: Sneasler|0 fnt\n|faint|p2a: Sneasler\n|\n|-heal|p1a: Weezing|79\/100|[from] item: Black Sludge\n|upkeep\n|\n|t:|1700009320\n|switch|p2a: Urshifu|Urshifu, F|64\/100\n|turn|14\n|\n|t:|1700009324\n|move|p2a: Urshifu|Wicked Blow|p1a: Weezing\n|-resisted|p1a: Weezing\n|-crit|p1a: Weezing\n|-damage|p1a: Weezing|47\/100\n|move|p1a: Weezing|Strange Steam|p2a: Urshifu\n|-supereffective|p2a: Urshifu\n|-damage|p2a: Urshifu|0 fnt\n|faint|p2a: Urshifu\n|\n|-heal|p1a: Weezing|53\/100|[from] item: Black Sludge\n|upkeep\n|\n|t:|1700009330\n|switch|p2a: Ogerpon|Ogerpon-Hearthflame, F|31\/100\n|-ability|p2a: Ogerpon|Mold Breaker\n|turn|15\n|\n|t:|1700009339\n|move|p2a: Ogerpon|Ivy Cudgel|p1a: Weezing|[anim] Ivy Cudgel Fire\n|-damage|p1a: Weezing|12\/100\n|move|p1a: Weezing|Sludge Bomb|p2a: Ogerpon\n|-supereffective|p2a: Ogerpon\n|-damage|p2a: Ogerpon|0 fnt\n|faint|p2a: Ogerpon\n|\n|win|Wha1efish\n","uploadtime":1700009348,"views":17,"p1id":"wha1efish","p2id":"rektcactus","formatid":"gen9ubers","rating":0,"private":0,"password":""}