{"id":"gen9ubers-1985501528","p1":"Autismo27","p2":"Hunterthegamemaker","format":"[Gen 9] Ubers","log":"|j|\u2606Autismo27\n|j|\u2606Hunterthegamemaker\n|t:|1699379871\n|gametype|singles\n|player|p1|Autismo27|benga|1035\n|player|p2|Hunterthegamemaker|dancer|1000\n|teamsize|p1|6\n|teamsize|p2|6\n|gen|9\n|tier|[Gen 9] Ubers\n|rated|\n|rule|Sleep Clause Mod: Limit one foe put to sleep\n|rule|Species Clause: Limit one of each Pok\u00e9mon\n|rule|OHKO Clause: OHKO moves are banned\n|rule|Evasion Items Clause: Evasion items are banned\n|rule|Evasion Moves Clause: Evasion moves are banned\n|rule|Endless Battle Clause: Forcing endless battles is banned\n|rule|HP Percentage Mod: HP is shown in percentages\n|clearpoke\n|poke|p1|Tyranitar, F|\n|poke|p1|Kommo-o, M|\n|poke|p1|Lycanroc, M|\n|poke|p1|Ogerpon-Hearthflame, F|\n|poke|p1|Kingambit, M|\n|poke|p1|Baxcalibur, F|\n|poke|p2|Iron Valiant|\n|poke|p2|Breloom, F|\n|poke|p2|Ceruledge, F|\n|poke|p2|Articuno-Galar|\n|poke|p2|Samurott-Hisui, M|\n|poke|p2|Kommo-o, M|\n|teampreview\n|\n|t:|1699379877\n|start\n|switch|p1a: Tyranitar|Tyranitar, F|100\/100\n|switch|p2a: Ceruledge|Ceruledge, F|100\/100\n|-weather|Sandstorm|[from] ability: Sand Stream|[of] p1a: Tyranitar\n|turn|1\n|\n|t:|1699379889\n|move|p2a: Ceruledge|Iron Defense|p2a: Ceruledge\n|-boost|p2a: Ceruledge|def|2\n|move|p1a: Tyranitar|High Horsepower|p2a: Ceruledge\n|-supereffective|p2a: Ceruledge\n|-damage|p2a: Ceruledge|53\/100\n|\n|-weather|Sandstorm|[upkeep]\n|-damage|p2a: Ceruledge|47\/100|[from] Sandstorm\n|-heal|p2a: Ceruledge|53\/100|[from] item: Leftovers\n|upkeep\n|turn|2\n|\n|t:|1699379898\n|move|p2a: Ceruledge|Iron Defense|p2a: Ceruledge\n|-boost|p2a: Ceruledge|def|2\n|move|p1a: Tyranitar|Knock Off|p2a: Ceruledge\n|-supereffective|p2a: Ceruledge\n|-damage|p2a: Ceruledge|7\/100\n|-enditem|p2a: Ceruledge|Leftovers|[from] move: Knock Off|[of] p1a: Tyranitar\n|\n|-weather|Sandstorm|[upkeep]\n|-damage|p2a: Ceruledge|1\/100|[from] Sandstorm\n|upkeep\n|turn|3\n|\n|t:|1699379909\n|move|p2a: Ceruledge|Close Combat|p1a: Tyranitar\n|-supereffective|p1a: Tyranitar\n|-damage|p1a: Tyranitar|0 fnt\n|-unboost|p2a: Ceruledge|def|1\n|-unboost|p2a: Ceruledge|spd|1\n|faint|p1a: Tyranitar\n|\n|-weather|Sandstorm|[upkeep]\n|-damage|p2a: Ceruledge|0 fnt|[from] Sandstorm\n|faint|p2a: Ceruledge\n|upkeep\n|\n|t:|1699379945\n|switch|p2a: Articuno|Articuno-Galar|100\/100\n|switch|p1a: Lycanroc|Lycanroc, M|100\/100\n|turn|4\n|\n|t:|1699379955\n|move|p2a: Articuno|Protect|p2a: Articuno\n|-singleturn|p2a: Articuno|Protect\n|move|p1a: Lycanroc|Rock Blast|p2a: Articuno\n|-activate|p2a: Articuno|move: Protect\n|\n|-weather|Sandstorm|[upkeep]\n|-damage|p2a: Articuno|94\/100|[from] Sandstorm\n|upkeep\n|turn|5\n|\n|t:|1699379964\n|move|p1a: Lycanroc|Rock Blast|p2a: Articuno\n|-supereffective|p2a: Articuno\n|-damage|p2a: Articuno|72\/100\n|-supereffective|p2a: Articuno\n|-damage|p2a: Articuno|48\/100\n|-supereffective|p2a: Articuno\n|-damage|p2a: Articuno|24\/100\n|-supereffective|p2a: Articuno\n|-damage|p2a: Articuno|0 fnt\n|faint|p2a: Articuno\n|-hitcount|p2: Articuno|4\n|\n|-weather|none\n|upkeep\n|\n|t:|1699379974\n|switch|p2a: Breloom|Breloom, F|100\/100\n|turn|6\n|\n|t:|1699379988\n|move|p1a: Lycanroc|Play Rough|p2a: Breloom\n|-supereffective|p2a: Breloom\n|-damage|p2a: Breloom|24\/100\n|-unboost|p2a: Breloom|atk|1\n|move|p2a: Breloom|Zen Headbutt|p1a: Lycanroc\n|-damage|p1a: Lycanroc|69\/100\n|\n|upkeep\n|turn|7\n|\n|t:|1699380006\n|move|p1a: Lycanroc|Crunch|p2a: Breloom\n|-resisted|p2a: Breloom\n|-damage|p2a: Breloom|6\/100\n|move|p2a: Breloom|Spore|p1a: Lycanroc\n|-status|p1a: Lycanroc|slp|[from] move: Spore\n|\n|upkeep\n|turn|8\n|\n|t:|1699380016\n|cant|p1a: Lycanroc|slp\n|move|p2a: Breloom|Leaf Storm|p1a: Lycanroc\n|-supereffective|p1a: Lycanroc\n|-damage|p1a: Lycanroc|0 fnt\n|-unboost|p2a: Breloom|spa|2\n|faint|p1a: Lycanroc\n|\n|upkeep\n|\n|t:|1699380023\n|switch|p1a: Ogerpon|Ogerpon-Hearthflame, F|100\/100\n|-ability|p1a: Ogerpon|Mold Breaker\n|turn|9\n|\n|t:|1699380028\n|-terastallize|p1a: Ogerpon|Fire\n|detailschange|p1a: Ogerpon|Ogerpon-Hearthflame-Tera, F, tera:Fire\n|-ability|p1a: Ogerpon|Embody Aspect (Hearthflame)|boost\n|-boost|p1a: Ogerpon|atk|1\n|move|p1a: Ogerpon|Trailblaze|p2a: Breloom\n|-resisted|p2a: Breloom\n|-damage|p2a: Breloom|0 fnt\n|-boost|p1a: Ogerpon|spe|1\n|faint|p2a: Breloom\n|\n|upkeep\n|\n|t:|1699380042\n|switch|p2a: Iron Valiant|Iron Valiant|100\/100\n|turn|10\n|\n|t:|1699380050\n|move|p1a: Ogerpon|Ivy Cudgel|p2a: Iron Valiant\n|-damage|p2a: Iron Valiant|0 fnt\n|faint|p2a: Iron Valiant\n|-end|p2a: Iron Valiant|Quark Drive|[silent]\n|\n|upkeep\n|\n|t:|1699380053\n|switch|p2a: Kommo-o|Kommo-o, M|100\/100\n|turn|11\n|\n|t:|1699380060\n|move|p1a: Ogerpon|Brick Break|p2a: Kommo-o\n|-damage|p2a: Kommo-o|67\/100\n|move|p2a: Kommo-o|Dragon Dance|p2a: Kommo-o\n|-boost|p2a: Kommo-o|atk|1\n|-boost|p2a: Kommo-o|spe|1\n|\n|upkeep\n|turn|12\n|\n|t:|1699380068\n|move|p1a: Ogerpon|Ivy Cudgel|p2a: Kommo-o\n|-resisted|p2a: Kommo-o\n|-damage|p2a: Kommo-o|23\/100\n|move|p2a: Kommo-o|Clanging Scales|p1a: Ogerpon\n|-damage|p1a: Ogerpon|54\/100\n|-unboost|p2a: Kommo-o|def|1\n|\n|upkeep\n|turn|13\n|\n|t:|1699380076\n|move|p1a: Ogerpon|Ivy Cudgel|p2a: Kommo-o\n|-resisted|p2a: Kommo-o\n|-damage|p2a: Kommo-o|0 fnt\n|faint|p2a: Kommo-o\n|\n|upkeep\n|\n|t:|1699380080\n|switch|p2a: Samurott|Samurott-Hisui, M|100\/100\n|turn|14\n|\n|t:|1699380087\n|move|p2a: Samurott|Protect|p2a: Samurott\n|-singleturn|p2a: Samurott|Protect\n|move|p1a: Ogerpon|Wood Hammer|p2a: Samurott\n|-activate|p2a: Samurott|move: Protect\n|\n|upkeep\n|turn|15\n|l|\u2606Hunterthegamemaker\n|player|p2|\n|inactive|Battle timer is ON: inactive players will automatically lose when time's up. (requested by Autismo27)\n|inactive|Hunterthegamemaker has 30 seconds to reconnect!\n|inactive|Hunterthegamemaker has 20 seconds to reconnect!\n|inactive|Hunterthegamemaker has 15 seconds to reconnect!\n|inactive|Hunterthegamemaker has 10 seconds to reconnect!\n|inactive|Hunterthegamemaker has 5 seconds to reconnect!\n|-message|Hunterthegamemaker lost due to inactivity.\n|\n|win|Autismo27\n|raw|Autismo27's rating: 1035 &rarr; <strong>1066<\/strong><br \/>(+31 for winning)\n|raw|Hunterthegamemaker's rating: 1000 &rarr; <strong>1000<\/strong><br \/>(+0 for losing)\n","uploadtime":1699380229,"views":11,"p1id":"autismo27","p2id":"hunterthegamemaker","formatid":"gen9ubers","rating":1000,"private":0,"password":""}