{"id":"gen9ubers-1993429466","p1":"sword over shield","p2":"Shadow2054","format":"[Gen 9] Ubers","log":"|j|\u2606sword over shield\n|j|\u2606Shadow2054\n|t:|1700316790\n|gametype|singles\n|player|p1|sword over shield|2|\n|player|p2|Shadow2054|medium|\n|teamsize|p1|6\n|teamsize|p2|6\n|gen|9\n|tier|[Gen 9] Ubers\n|rule|Sleep Clause Mod: Limit one foe put to sleep\n|rule|Species Clause: Limit one of each Pok\u00e9mon\n|rule|OHKO Clause: OHKO moves are banned\n|rule|Evasion Items Clause: Evasion items are banned\n|rule|Evasion Moves Clause: Evasion moves are banned\n|rule|Endless Battle Clause: Forcing endless battles is banned\n|rule|HP Percentage Mod: HP is shown in percentages\n|clearpoke\n|poke|p1|Arceus-Dark|\n|poke|p1|Alomomola, F|\n|poke|p1|Magearna|\n|poke|p1|Slowking-Galar, F|\n|poke|p1|Cresselia, F|\n|poke|p1|Quagsire, F|\n|poke|p2|Cresselia, F|\n|poke|p2|Crawdaunt, F|\n|poke|p2|Ursaluna-Bloodmoon, M|\n|poke|p2|Iron Hands|\n|poke|p2|Chandelure, F|\n|poke|p2|Indeedee-F, F|\n|teampreview\n|\n|t:|1700316830\n|start\n|switch|p1a: Alomomola|Alomomola, F|100\/100\n|switch|p2a: Ursaluna|Ursaluna-Bloodmoon, M|100\/100\n|turn|1\n|\n|t:|1700316855\n|-terastallize|p2a: Ursaluna|Normal\n|move|p1a: Alomomola|Flip Turn|p2a: Ursaluna\n|-damage|p2a: Ursaluna|89\/100\n|\n|t:|1700316871\n|switch|p1a: Slowking|Slowking-Galar, F|100\/100|[from] Flip Turn\n|move|p2a: Ursaluna|Blood Moon|p1a: Slowking\n|-damage|p1a: Slowking|23\/100\n|-damage|p2a: Ursaluna|80\/100|[from] item: Life Orb\n|\n|upkeep\n|turn|2\n|\n|t:|1700316883\n|move|p2a: Ursaluna|Hyper Voice|p1a: Slowking\n|-damage|p1a: Slowking|0 fnt\n|faint|p1a: Slowking\n|-damage|p2a: Ursaluna|70\/100|[from] item: Life Orb\n|\n|upkeep\n|\n|t:|1700316900\n|switch|p1a: Arceus|Arceus-Dark|100\/100\n|turn|3\n|\n|t:|1700316917\n|move|p1a: Arceus|Cosmic Power|p1a: Arceus\n|-boost|p1a: Arceus|def|1\n|-boost|p1a: Arceus|spd|1\n|move|p2a: Ursaluna|Blood Moon|p1a: Arceus\n|-damage|p1a: Arceus|38\/100\n|-damage|p2a: Ursaluna|60\/100|[from] item: Life Orb\n|\n|upkeep\n|turn|4\n|\n|t:|1700316972\n|switch|p2a: Iron Hands|Iron Hands|100\/100\n|-enditem|p2a: Iron Hands|Booster Energy\n|-activate|p2a: Iron Hands|ability: Quark Drive|[fromitem]\n|-start|p2a: Iron Hands|quarkdriveatk\n|move|p1a: Arceus|Recover|p1a: Arceus\n|-heal|p1a: Arceus|88\/100\n|\n|upkeep\n|turn|5\n|\n|t:|1700316995\n|-terastallize|p1a: Arceus|Poison\n|move|p1a: Arceus|Cosmic Power|p1a: Arceus\n|-boost|p1a: Arceus|def|1\n|-boost|p1a: Arceus|spd|1\n|move|p2a: Iron Hands|Swords Dance|p2a: Iron Hands\n|-boost|p2a: Iron Hands|atk|2\n|\n|upkeep\n|turn|6\n|\n|t:|1700317044\n|move|p1a: Arceus|Cosmic Power|p1a: Arceus\n|-boost|p1a: Arceus|def|1\n|-boost|p1a: Arceus|spd|1\n|move|p2a: Iron Hands|Swords Dance|p2a: Iron Hands\n|-boost|p2a: Iron Hands|atk|2\n|\n|upkeep\n|turn|7\n|\n|t:|1700317056\n|move|p1a: Arceus|Foul Play|p2a: Iron Hands\n|-resisted|p2a: Iron Hands\n|-damage|p2a: Iron Hands|36\/100\n|move|p2a: Iron Hands|Wild Charge|p1a: Arceus\n|-damage|p1a: Arceus|30\/100\n|-damage|p2a: Iron Hands|23\/100|[from] Recoil\n|\n|upkeep\n|turn|8\n|\n|t:|1700317066\n|move|p1a: Arceus|Foul Play|p2a: Iron Hands\n|-resisted|p2a: Iron Hands\n|-damage|p2a: Iron Hands|0 fnt\n|faint|p2a: Iron Hands\n|-end|p2a: Iron Hands|Quark Drive|[silent]\n|\n|upkeep\n|\n|t:|1700317089\n|switch|p2a: Chandelure|Chandelure, F, shiny|100\/100\n|turn|9\n|\n|t:|1700317108\n|move|p1a: Arceus|Recover|p1a: Arceus\n|-heal|p1a: Arceus|80\/100\n|move|p2a: Chandelure|Trick Room|p2a: Chandelure\n|-fieldstart|move: Trick Room|[of] p2a: Chandelure\n|\n|upkeep\n|turn|10\n|\n|t:|1700317136\n|move|p2a: Chandelure|Flamethrower|p1a: Arceus\n|-damage|p1a: Arceus|61\/100\n|-damage|p2a: Chandelure|91\/100|[from] item: Life Orb\n|move|p1a: Arceus|Cosmic Power|p1a: Arceus\n|-boost|p1a: Arceus|def|1\n|-boost|p1a: Arceus|spd|1\n|\n|upkeep\n|turn|11\n|\n|t:|1700317149\n|switch|p2a: Ursaluna|Ursaluna-Bloodmoon, M, tera:Normal|60\/100\n|move|p1a: Arceus|Recover|p1a: Arceus\n|-heal|p1a: Arceus|100\/100\n|\n|upkeep\n|turn|12\n|\n|t:|1700317164\n|move|p2a: Ursaluna|Blood Moon|p1a: Arceus\n|-damage|p1a: Arceus|68\/100\n|-damage|p2a: Ursaluna|50\/100|[from] item: Life Orb\n|move|p1a: Arceus|Body Press|p2a: Ursaluna\n|-supereffective|p2a: Ursaluna\n|-damage|p2a: Ursaluna|0 fnt\n|faint|p2a: Ursaluna\n|\n|upkeep\n|\n|t:|1700317186\n|switch|p2a: Crawdaunt|Crawdaunt, F, shiny|100\/100\n|turn|13\n|\n|t:|1700317206\n|move|p2a: Crawdaunt|Swords Dance|p2a: Crawdaunt\n|-boost|p2a: Crawdaunt|atk|2\n|move|p1a: Arceus|Recover|p1a: Arceus\n|-heal|p1a: Arceus|100\/100\n|\n|-fieldend|move: Trick Room\n|upkeep\n|turn|14\n|\n|t:|1700317219\n|move|p1a: Arceus|Body Press|p2a: Crawdaunt\n|-supereffective|p2a: Crawdaunt\n|-enditem|p2a: Crawdaunt|Focus Sash\n|-damage|p2a: Crawdaunt|1\/100\n|move|p2a: Crawdaunt|Crabhammer|p1a: Arceus|[miss]\n|-miss|p2a: Crawdaunt|p1a: Arceus\n|\n|upkeep\n|turn|15\n|\n|t:|1700317227\n|move|p2a: Crawdaunt|Aqua Jet|p1a: Arceus\n|-damage|p1a: Arceus|87\/100\n|move|p1a: Arceus|Foul Play|p2a: Crawdaunt\n|-resisted|p2a: Crawdaunt\n|-damage|p2a: Crawdaunt|0 fnt\n|faint|p2a: Crawdaunt\n|\n|upkeep\n|\n|t:|1700317254\n|switch|p2a: Indeedee|Indeedee-F, F|100\/100\n|-fieldstart|move: Psychic Terrain|[from] ability: Psychic Surge|[of] p2a: Indeedee\n|turn|16\n|\n|t:|1700317267\n|move|p1a: Arceus|Foul Play|p2a: Indeedee\n|-supereffective|p2a: Indeedee\n|-damage|p2a: Indeedee|27\/100\n|move|p2a: Indeedee|Body Slam|p1a: Arceus\n|-damage|p1a: Arceus|83\/100\n|\n|upkeep\n|turn|17\n|\n|t:|1700317278\n|move|p1a: Arceus|Foul Play|p2a: Indeedee\n|-supereffective|p2a: Indeedee\n|-damage|p2a: Indeedee|0 fnt\n|faint|p2a: Indeedee\n|\n|upkeep\n|-message|Shadow2054 forfeited.\n|\n|win|sword over shield\n|l|\u2606Shadow2054\n|j|\u2606Shadow2054\n|player|p2|Shadow2054|medium\n","uploadtime":1700317297,"views":34,"p1id":"swordovershield","p2id":"shadow2054","formatid":"gen9ubers","rating":0,"private":0,"password":""}