{"id":"gen9ubers-1975654495","p1":"MeteorAsh15","p2":"iacosta","format":"[Gen 9] Ubers","log":"|j|\u2606MeteorAsh15\n|j|\u2606iacosta\n|t:|1698220033\n|gametype|singles\n|player|p1|MeteorAsh15|2|1135\n|player|p2|iacosta|2|1000\n|teamsize|p1|6\n|teamsize|p2|6\n|gen|9\n|tier|[Gen 9] Ubers\n|rated|\n|rule|Sleep Clause Mod: Limit one foe put to sleep\n|rule|Species Clause: Limit one of each Pok\u00e9mon\n|rule|OHKO Clause: OHKO moves are banned\n|rule|Evasion Items Clause: Evasion items are banned\n|rule|Evasion Moves Clause: Evasion moves are banned\n|rule|Endless Battle Clause: Forcing endless battles is banned\n|rule|HP Percentage Mod: HP is shown in percentages\n|clearpoke\n|poke|p1|Dragapult, F|\n|poke|p1|Walking Wake|\n|poke|p1|Sneasler, F|\n|poke|p1|Gholdengo|\n|poke|p1|Gliscor, M|\n|poke|p1|Ribombee, F|\n|poke|p2|Chien-Pao|\n|poke|p2|Gholdengo|\n|poke|p2|Tyranitar, M|\n|poke|p2|Quaquaval, F|\n|poke|p2|Amoonguss, F|\n|poke|p2|Iron Treads|\n|teampreview\n|inactive|Battle timer is ON: inactive players will automatically lose when time's up. (requested by MeteorAsh15)\n|inactive|iacosta has 120 seconds left.\n|\n|t:|1698220087\n|start\n|switch|p1a: Ribombee|Ribombee, F, shiny|100\/100\n|switch|p2a: Tyranitar|Tyranitar, M|100\/100\n|-weather|Sandstorm|[from] ability: Sand Stream|[of] p2a: Tyranitar\n|turn|1\n|\n|t:|1698220098\n|move|p1a: Ribombee|Sticky Web|p2a: Tyranitar\n|-sidestart|p2: iacosta|move: Sticky Web\n|move|p2a: Tyranitar|Fire Punch|p1a: Ribombee\n|-supereffective|p1a: Ribombee\n|-damage|p1a: Ribombee|39\/100\n|\n|-weather|Sandstorm|[upkeep]\n|-damage|p1a: Ribombee|33\/100|[from] Sandstorm\n|upkeep\n|turn|2\n|\n|t:|1698220108\n|move|p1a: Ribombee|Tailwind|p1a: Ribombee\n|-sidestart|p1: MeteorAsh15|move: Tailwind\n|move|p2a: Tyranitar|Fire Punch|p1a: Ribombee\n|-supereffective|p1a: Ribombee\n|-damage|p1a: Ribombee|0 fnt\n|faint|p1a: Ribombee\n|\n|-weather|Sandstorm|[upkeep]\n|upkeep\n|\n|t:|1698220121\n|switch|p1a: Gliscor|Gliscor, M, shiny|100\/100\n|turn|3\n|\n|t:|1698220147\n|switch|p2a: Amoonguss|Amoonguss, F|100\/100\n|-activate|p2a: Amoonguss|move: Sticky Web\n|-unboost|p2a: Amoonguss|spe|1\n|move|p1a: Gliscor|Swords Dance|p1a: Gliscor\n|-boost|p1a: Gliscor|atk|2\n|\n|-weather|Sandstorm|[upkeep]\n|-damage|p2a: Amoonguss|94\/100|[from] Sandstorm\n|-heal|p2a: Amoonguss|100\/100|[from] item: Black Sludge\n|-status|p1a: Gliscor|tox|[from] item: Toxic Orb\n|upkeep\n|turn|4\n|\n|t:|1698220160\n|move|p1a: Gliscor|Knock Off|p2a: Amoonguss\n|-damage|p2a: Amoonguss|65\/100\n|-enditem|p2a: Amoonguss|Black Sludge|[from] move: Knock Off|[of] p1a: Gliscor\n|move|p2a: Amoonguss|Sludge Bomb|p1a: Gliscor\n|-resisted|p1a: Gliscor\n|-damage|p1a: Gliscor|80\/100 tox\n|\n|-weather|Sandstorm|[upkeep]\n|-damage|p2a: Amoonguss|58\/100|[from] Sandstorm\n|-heal|p1a: Gliscor|92\/100 tox|[from] ability: Poison Heal\n|upkeep\n|turn|5\n|\n|t:|1698220174\n|move|p1a: Gliscor|Earthquake|p2a: Amoonguss\n|-damage|p2a: Amoonguss|0 fnt\n|faint|p2a: Amoonguss\n|\n|-weather|none\n|-heal|p1a: Gliscor|100\/100 tox|[from] ability: Poison Heal\n|-sideend|p1: MeteorAsh15|move: Tailwind\n|upkeep\n|\n|t:|1698220177\n|switch|p2a: Quaquaval|Quaquaval, F|100\/100\n|-activate|p2a: Quaquaval|move: Sticky Web\n|-unboost|p2a: Quaquaval|spe|1\n|turn|6\n|\n|t:|1698220190\n|-terastallize|p2a: Quaquaval|Water\n|move|p1a: Gliscor|Earthquake|p2a: Quaquaval\n|-damage|p2a: Quaquaval|0 fnt\n|faint|p2a: Quaquaval\n|\n|upkeep\n|-message|iacosta forfeited.\n|\n|win|MeteorAsh15\n|raw|MeteorAsh15's rating: 1135 &rarr; <strong>1151<\/strong><br \/>(+16 for winning)\n|raw|iacosta's rating: 1000 &rarr; <strong>1000<\/strong><br \/>(+0 for losing)\n|l|\u2606iacosta\n|c|\u2606MeteorAsh15|Lol\n","uploadtime":1698220205,"views":10,"p1id":"meteorash15","p2id":"iacosta","formatid":"gen9ubers","rating":1000,"private":0,"password":""}