{"id":"gen9ubers-1977657507","p1":"bryenw","p2":"chriscanway","format":"[Gen 9] Ubers","log":"|j|\u2606bryenw\n|j|\u2606chriscanway\n|t:|1698435899\n|gametype|singles\n|player|p1|bryenw|1|\n|player|p2|chriscanway|ethan|\n|teamsize|p1|6\n|teamsize|p2|6\n|gen|9\n|tier|[Gen 9] Ubers\n|rule|Sleep Clause Mod: Limit one foe put to sleep\n|rule|Species Clause: Limit one of each Pok\u00e9mon\n|rule|OHKO Clause: OHKO moves are banned\n|rule|Evasion Items Clause: Evasion items are banned\n|rule|Evasion Moves Clause: Evasion moves are banned\n|rule|Endless Battle Clause: Forcing endless battles is banned\n|rule|HP Percentage Mod: HP is shown in percentages\n|clearpoke\n|poke|p1|Heatran, F|\n|poke|p1|Volcarona, F|\n|poke|p1|Magearna|\n|poke|p1|Urshifu-*, M|\n|poke|p1|Shaymin-Sky|\n|poke|p1|Palkia-Origin|\n|poke|p2|Gliscor, M|\n|poke|p2|Cyclizar, M|\n|poke|p2|Chi-Yu|\n|poke|p2|Espathra, M|\n|poke|p2|Ogerpon-Wellspring, F|\n|poke|p2|Zacian-*|\n|teampreview\n|inactive|Battle timer is ON: inactive players will automatically lose when time's up. (requested by bryenw)\n|inactive|chriscanway has 270 seconds left.\n|\n|t:|1698435938\n|start\n|switch|p1a: Urshifu|Urshifu, M|100\/100\n|switch|p2a: Chi-Yu|Chi-Yu|100\/100\n|-ability|p2a: Chi-Yu|Beads of Ruin\n|turn|1\n|\n|t:|1698435957\n|-terastallize|p2a: Chi-Yu|Fire\n|move|p2a: Chi-Yu|Flamethrower|p1a: Urshifu\n|-damage|p1a: Urshifu|0 fnt\n|faint|p1a: Urshifu\n|\n|upkeep\n|\n|t:|1698435962\n|switch|p1a: Heatran|Heatran, F|100\/100\n|turn|2\n|\n|t:|1698435966\n|switch|p2a: Ogerpon|Ogerpon-Wellspring, F|100\/100\n|move|p1a: Heatran|Magma Storm|p2a: Ogerpon\n|-damage|p2a: Ogerpon|53\/100\n|-activate|p2a: Ogerpon|move: Magma Storm|[of] p1a: Heatran\n|\n|-damage|p2a: Ogerpon|40\/100|[from] move: Magma Storm|[partiallytrapped]\n|upkeep\n|turn|3\n|\n|t:|1698435973\n|move|p2a: Ogerpon|Swords Dance|p2a: Ogerpon\n|-boost|p2a: Ogerpon|atk|2\n|move|p1a: Heatran|Will-O-Wisp|p2a: Ogerpon\n|-status|p2a: Ogerpon|brn\n|\n|-damage|p2a: Ogerpon|34\/100 brn|[from] brn\n|-damage|p2a: Ogerpon|22\/100 brn|[from] move: Magma Storm|[partiallytrapped]\n|upkeep\n|turn|4\n|\n|t:|1698435982\n|switch|p1a: Palkia|Palkia-Origin|100\/100\n|-ability|p1a: Palkia|Pressure\n|move|p2a: Ogerpon|Power Whip|p1a: Palkia\n|-damage|p1a: Palkia|24\/100\n|\n|-damage|p2a: Ogerpon|16\/100 brn|[from] brn\n|-end|p2a: Ogerpon|Magma Storm|[partiallytrapped]|[silent]\n|upkeep\n|turn|5\n|\n|t:|1698435998\n|move|p2a: Ogerpon|Power Whip|p1a: Palkia\n|-damage|p1a: Palkia|0 fnt\n|faint|p1a: Palkia\n|\n|-damage|p2a: Ogerpon|10\/100 brn|[from] brn\n|upkeep\n|\n|t:|1698436004\n|switch|p1a: Shaymin|Shaymin-Sky|100\/100\n|turn|6\n|\n|t:|1698436010\n|move|p1a: Shaymin|Substitute|p1a: Shaymin\n|-start|p1a: Shaymin|Substitute\n|-damage|p1a: Shaymin|75\/100\n|move|p2a: Ogerpon|Knock Off|p1a: Shaymin\n|-end|p1a: Shaymin|Substitute\n|\n|-heal|p1a: Shaymin|82\/100|[from] item: Leftovers\n|-damage|p2a: Ogerpon|4\/100 brn|[from] brn\n|upkeep\n|turn|7\n|\n|t:|1698436019\n|move|p1a: Shaymin|Air Slash|p2a: Ogerpon\n|-supereffective|p2a: Ogerpon\n|-damage|p2a: Ogerpon|0 fnt\n|faint|p2a: Ogerpon\n|\n|-heal|p1a: Shaymin|88\/100|[from] item: Leftovers\n|upkeep\n|\n|t:|1698436023\n|switch|p2a: Chi-Yu|Chi-Yu, tera:Fire|100\/100\n|-ability|p2a: Chi-Yu|Beads of Ruin\n|turn|8\n|\n|t:|1698436029\n|switch|p1a: Magearna|Magearna|100\/100\n|move|p2a: Chi-Yu|Dark Pulse|p1a: Magearna\n|-resisted|p1a: Magearna\n|-damage|p1a: Magearna|84\/100\n|\n|upkeep\n|turn|9\n|\n|t:|1698436039\n|switch|p2a: Gliscor|Gliscor, M|100\/100\n|move|p1a: Magearna|Volt Switch|p2a: Gliscor\n|-immune|p2a: Gliscor\n|\n|-status|p2a: Gliscor|tox|[from] item: Toxic Orb\n|upkeep\n|turn|10\n|\n|t:|1698436045\n|move|p2a: Gliscor|Spikes|p1a: Magearna\n|-sidestart|p1: bryenw|Spikes\n|move|p1a: Magearna|Fleur Cannon|p2a: Gliscor\n|-damage|p2a: Gliscor|14\/100 tox\n|-unboost|p1a: Magearna|spa|2\n|\n|-heal|p2a: Gliscor|27\/100 tox|[from] ability: Poison Heal\n|upkeep\n|turn|11\n|\n|t:|1698436053\n|switch|p2a: Chi-Yu|Chi-Yu, tera:Fire|100\/100\n|-ability|p2a: Chi-Yu|Beads of Ruin\n|move|p1a: Magearna|Draining Kiss|p2a: Chi-Yu\n|-resisted|p2a: Chi-Yu\n|-damage|p2a: Chi-Yu|93\/100\n|-heal|p1a: Magearna|88\/100|[from] drain|[of] p2a: Chi-Yu\n|\n|upkeep\n|turn|12\n|\n|t:|1698436062\n|switch|p1a: Heatran|Heatran, F|100\/100\n|-damage|p1a: Heatran|88\/100|[from] Spikes\n|move|p2a: Chi-Yu|Dark Pulse|p1a: Heatran\n|-damage|p1a: Heatran|47\/100\n|\n|-heal|p1a: Heatran|54\/100|[from] item: Leftovers\n|upkeep\n|turn|13\n|\n|t:|1698436078\n|switch|p2a: Cyclizar|Cyclizar, M|100\/100\n|move|p1a: Heatran|Earth Power|p2a: Cyclizar\n|-damage|p2a: Cyclizar|67\/100\n|\n|-heal|p1a: Heatran|60\/100|[from] item: Leftovers\n|upkeep\n|turn|14\n|\n|t:|1698436084\n|move|p2a: Cyclizar|Shed Tail|p2a: Cyclizar\n|-start|p2a: Cyclizar|Substitute|[from] move: Shed Tail\n|-damage|p2a: Cyclizar|17\/100\n|\n|t:|1698436088\n|switch|p2a: Espathra|Espathra, M|100\/100|[from] Shed Tail\n|move|p1a: Heatran|Earth Power|p2a: Espathra\n|-end|p2a: Espathra|Substitute\n|\n|-heal|p1a: Heatran|66\/100|[from] item: Leftovers\n|upkeep\n|turn|15\n|\n|t:|1698436105\n|switch|p1a: Volcarona|Volcarona, F|100\/100\n|-damage|p1a: Volcarona|88\/100|[from] Spikes\n|move|p2a: Espathra|Protect||[still]\n|-fail|p2a: Espathra\n|\n|-heal|p1a: Volcarona|94\/100|[from] item: Leftovers\n|-ability|p2a: Espathra|Speed Boost|boost\n|-boost|p2a: Espathra|spe|1\n|upkeep\n|turn|16\n|\n|t:|1698436108\n|move|p2a: Espathra|Calm Mind|p2a: Espathra\n|-boost|p2a: Espathra|spa|1\n|-boost|p2a: Espathra|spd|1\n|move|p1a: Volcarona|Quiver Dance|p1a: Volcarona\n|-boost|p1a: Volcarona|spa|1\n|-boost|p1a: Volcarona|spd|1\n|-boost|p1a: Volcarona|spe|1\n|\n|-heal|p1a: Volcarona|100\/100|[from] item: Leftovers\n|-ability|p2a: Espathra|Speed Boost|boost\n|-boost|p2a: Espathra|spe|1\n|upkeep\n|turn|17\n|\n|t:|1698436114\n|move|p2a: Espathra|Calm Mind|p2a: Espathra\n|-boost|p2a: Espathra|spa|1\n|-boost|p2a: Espathra|spd|1\n|move|p1a: Volcarona|Fiery Dance|p2a: Espathra\n|-damage|p2a: Espathra|62\/100\n|-boost|p1a: Volcarona|spa|1\n|\n|-ability|p2a: Espathra|Speed Boost|boost\n|-boost|p2a: Espathra|spe|1\n|upkeep\n|turn|18\n|\n|t:|1698436123\n|move|p2a: Espathra|Stored Power|p1a: Volcarona\n|-damage|p1a: Volcarona|38\/100\n|move|p1a: Volcarona|Quiver Dance|p1a: Volcarona\n|-boost|p1a: Volcarona|spa|1\n|-boost|p1a: Volcarona|spd|1\n|-boost|p1a: Volcarona|spe|1\n|\n|-heal|p1a: Volcarona|45\/100|[from] item: Leftovers\n|-ability|p2a: Espathra|Speed Boost|boost\n|-boost|p2a: Espathra|spe|1\n|upkeep\n|turn|19\n|\n|t:|1698436132\n|move|p2a: Espathra|Stored Power|p1a: Volcarona\n|-damage|p1a: Volcarona|0 fnt\n|faint|p1a: Volcarona\n|\n|-ability|p2a: Espathra|Speed Boost|boost\n|-boost|p2a: Espathra|spe|1\n|upkeep\n|\n|t:|1698436135\n|switch|p1a: Heatran|Heatran, F|66\/100\n|-damage|p1a: Heatran|54\/100|[from] Spikes\n|turn|20\n|\n|t:|1698436141\n|move|p2a: Espathra|Calm Mind|p2a: Espathra\n|-boost|p2a: Espathra|spa|1\n|-boost|p2a: Espathra|spd|1\n|move|p1a: Heatran|Magma Storm|p2a: Espathra\n|-damage|p2a: Espathra|41\/100\n|-activate|p2a: Espathra|move: Magma Storm|[of] p1a: Heatran\n|\n|-heal|p1a: Heatran|60\/100|[from] item: Leftovers\n|-damage|p2a: Espathra|28\/100|[from] move: Magma Storm|[partiallytrapped]\n|-ability|p2a: Espathra|Speed Boost|boost\n|-boost|p2a: Espathra|spe|1\n|upkeep\n|turn|21\n|\n|t:|1698436147\n|move|p2a: Espathra|Stored Power|p1a: Heatran\n|-resisted|p1a: Heatran\n|-damage|p1a: Heatran|0 fnt\n|faint|p1a: Heatran\n|\n|-end|p2a: Espathra|Magma Storm|[partiallytrapped]|[silent]\n|upkeep\n|\n|t:|1698436153\n|switch|p1a: Magearna|Magearna|88\/100\n|-damage|p1a: Magearna|76\/100|[from] Spikes\n|turn|22\n|\n|t:|1698436160\n|move|p2a: Espathra|Stored Power|p1a: Magearna\n|-resisted|p1a: Magearna\n|-damage|p1a: Magearna|17\/100\n|move|p1a: Magearna|Fleur Cannon|p2a: Espathra\n|-damage|p2a: Espathra|0 fnt\n|-unboost|p1a: Magearna|spa|2\n|faint|p2a: Espathra\n|-ability|p1a: Magearna|Soul-Heart|boost\n|-boost|p1a: Magearna|spa|1\n|\n|upkeep\n|\n|t:|1698436169\n|switch|p2a: Chi-Yu|Chi-Yu, tera:Fire|93\/100\n|-ability|p2a: Chi-Yu|Beads of Ruin\n|turn|23\n|\n|t:|1698436174\n|move|p2a: Chi-Yu|Flamethrower|p1a: Magearna\n|-supereffective|p1a: Magearna\n|-damage|p1a: Magearna|0 fnt\n|faint|p1a: Magearna\n|\n|upkeep\n|\n|t:|1698436176\n|switch|p1a: Shaymin|Shaymin-Sky|88\/100\n|turn|24\n|\n|t:|1698436182\n|-terastallize|p1a: Shaymin|Water\n|move|p2a: Chi-Yu|Flamethrower|p1a: Shaymin\n|-resisted|p1a: Shaymin\n|-damage|p1a: Shaymin|31\/100\n|move|p1a: Shaymin|Leech Seed|p2a: Chi-Yu\n|-start|p2a: Chi-Yu|move: Leech Seed\n|\n|-heal|p1a: Shaymin|37\/100|[from] item: Leftovers\n|-damage|p2a: Chi-Yu|80\/100|[from] Leech Seed|[of] p1a: Shaymin\n|-heal|p1a: Shaymin|45\/100|[silent]\n|upkeep\n|turn|25\n|\n|t:|1698436193\n|move|p2a: Chi-Yu|Flamethrower|p1a: Shaymin\n|-resisted|p1a: Shaymin\n|-damage|p1a: Shaymin|0 fnt\n|faint|p1a: Shaymin\n|\n|win|chriscanway\n|c|\u2606bryenw|gg\n|c|\u2606chriscanway|gg\n|l|\u2606chriscanway\n","uploadtime":1698436199,"views":16,"p1id":"bryenw","p2id":"chriscanway","formatid":"gen9ubers","rating":0,"private":0,"password":""}