{"id":"gen9ubers-1984322409","p1":"Buzzwardo","p2":"ofmon777","format":"[Gen 9] Ubers","log":"|j|\u2606Buzzwardo\n|j|\u2606ofmon777\n|t:|1699243592\n|gametype|singles\n|player|p1|Buzzwardo|chuck|\n|player|p2|ofmon777|170|\n|teamsize|p1|6\n|teamsize|p2|6\n|gen|9\n|tier|[Gen 9] Ubers\n|rule|Sleep Clause Mod: Limit one foe put to sleep\n|rule|Species Clause: Limit one of each Pok\u00e9mon\n|rule|OHKO Clause: OHKO moves are banned\n|rule|Evasion Items Clause: Evasion items are banned\n|rule|Evasion Moves Clause: Evasion moves are banned\n|rule|Endless Battle Clause: Forcing endless battles is banned\n|rule|HP Percentage Mod: HP is shown in percentages\n|clearpoke\n|poke|p1|Ogerpon-Wellspring, F|\n|poke|p1|Illumise, F|\n|poke|p1|Chansey, F|\n|poke|p1|Conkeldurr, M|\n|poke|p1|Grafaiai, M|\n|poke|p1|Gengar, F|\n|poke|p2|Walking Wake|\n|poke|p2|Pelipper, M|\n|poke|p2|Scizor, F|\n|poke|p2|Floatzel, M|\n|poke|p2|Chesnaught, M|\n|poke|p2|Quaquaval, M|\n|teampreview\n|\n|t:|1699243600\n|start\n|switch|p1a: Illumise|Illumise, F|100\/100\n|switch|p2a: Forecast|Pelipper, M|100\/100\n|-weather|RainDance|[from] ability: Drizzle|[of] p2a: Forecast\n|turn|1\n|\n|t:|1699243608\n|move|p1a: Illumise|Thunder|p2a: Forecast\n|-supereffective|p2a: Forecast\n|-damage|p2a: Forecast|0 fnt\n|faint|p2a: Forecast\n|\n|-weather|RainDance|[upkeep]\n|upkeep\n|j| sgrg32\n|\n|t:|1699243672\n|switch|p2a: The Zor|Scizor, F|100\/100\n|turn|2\n|c| sgrg32|ILLUMISE THE GOAT\n|\n|t:|1699243680\n|move|p1a: Illumise|Thunder Wave|p2a: The Zor|[miss]\n|-miss|p1a: Illumise|p2a: The Zor\n|move|p2a: The Zor|Swords Dance|p2a: The Zor\n|-boost|p2a: The Zor|atk|2\n|\n|-weather|RainDance|[upkeep]\n|upkeep\n|turn|3\n|c|\u2606Buzzwardo|well shit\n|c|\u2606Buzzwardo|this aint good\n|c| sgrg32|fire blast illimuse abt to cook\n|c|\u2606Buzzwardo|imagine\n|c|\u2606Buzzwardo|Brits take forever\n|\n|t:|1699243787\n|switch|p1a: Grafaiai|Grafaiai, M|100\/100\n|move|p2a: The Zor|Bullet Punch|p1a: Grafaiai\n|-enditem|p1a: Grafaiai|Focus Sash\n|-damage|p1a: Grafaiai|1\/100\n|-damage|p2a: The Zor|91\/100|[from] item: Life Orb\n|\n|-weather|RainDance|[upkeep]\n|upkeep\n|turn|4\n|c|\u2606Buzzwardo|they slow af\n|\n|t:|1699243799\n|move|p1a: Grafaiai|Encore|p2a: The Zor\n|-start|p2a: The Zor|Encore\n|move|p2a: The Zor|Bullet Punch|p1a: Grafaiai\n|-damage|p1a: Grafaiai|0 fnt\n|faint|p1a: Grafaiai\n|-damage|p2a: The Zor|81\/100|[from] item: Life Orb\n|\n|-weather|RainDance|[upkeep]\n|upkeep\n|\n|t:|1699243801\n|switch|p1a: Ogerpon|Ogerpon-Wellspring, F|100\/100\n|turn|5\n|\n|t:|1699243818\n|move|p2a: The Zor|Bullet Punch|p1a: Ogerpon\n|-resisted|p1a: Ogerpon\n|-damage|p1a: Ogerpon|53\/100\n|-damage|p2a: The Zor|71\/100|[from] item: Life Orb\n|move|p1a: Ogerpon|Leech Seed|p2a: The Zor\n|-start|p2a: The Zor|move: Leech Seed\n|\n|-weather|RainDance|[upkeep]\n|-damage|p2a: The Zor|58\/100|[from] Leech Seed|[of] p1a: Ogerpon\n|-heal|p1a: Ogerpon|63\/100|[silent]\n|upkeep\n|turn|6\n|\n|t:|1699243827\n|move|p1a: Ogerpon|Spiky Shield|p1a: Ogerpon\n|-singleturn|p1a: Ogerpon|move: Protect\n|move|p2a: The Zor|Bullet Punch|p1a: Ogerpon\n|-activate|p1a: Ogerpon|move: Protect\n|-damage|p2a: The Zor|46\/100|[from] Spiky Shield|[of] p1a: Ogerpon\n|\n|-weather|RainDance|[upkeep]\n|-damage|p2a: The Zor|33\/100|[from] Leech Seed|[of] p1a: Ogerpon\n|-heal|p1a: Ogerpon|72\/100|[silent]\n|-end|p2a: The Zor|Encore\n|upkeep\n|turn|7\n|\n|t:|1699243847\n|move|p1a: Ogerpon|Play Rough|p2a: The Zor\n|-resisted|p2a: The Zor\n|-damage|p2a: The Zor|16\/100\n|move|p2a: The Zor|Close Combat|p1a: Ogerpon\n|-damage|p1a: Ogerpon|0 fnt\n|-unboost|p2a: The Zor|def|1\n|-unboost|p2a: The Zor|spd|1\n|faint|p1a: Ogerpon\n|-damage|p2a: The Zor|6\/100|[from] item: Life Orb\n|\n|-weather|RainDance|[upkeep]\n|upkeep\n|\n|t:|1699243859\n|switch|p1a: Conkeldurr|Conkeldurr, M|100\/100\n|turn|8\n|\n|t:|1699243869\n|move|p1a: Conkeldurr|Mach Punch|p2a: The Zor\n|-damage|p2a: The Zor|0 fnt\n|faint|p2a: The Zor\n|\n|-weather|none\n|upkeep\n|\n|t:|1699243878\n|switch|p2a: God's Drunk Bird|Quaquaval, M|100\/100\n|turn|9\n|\n|t:|1699243885\n|move|p1a: Conkeldurr|Mach Punch|p2a: God's Drunk Bird\n|-damage|p2a: God's Drunk Bird|52\/100\n|move|p2a: God's Drunk Bird|Brave Bird|p1a: Conkeldurr\n|-supereffective|p1a: Conkeldurr\n|-damage|p1a: Conkeldurr|28\/100\n|-damage|p2a: God's Drunk Bird|25\/100|[from] Recoil\n|\n|upkeep\n|turn|10\n|j| Ch3sc0\n|c| Ch3sc0|heyyyyyyyyyyyyyyyyyyyy\n|\n|t:|1699243907\n|switch|p2a: Big Steve|Chesnaught, M|100\/100\n|move|p1a: Conkeldurr|Mach Punch|p2a: Big Steve\n|-damage|p2a: Big Steve|74\/100\n|\n|-heal|p2a: Big Steve|80\/100|[from] item: Leftovers\n|upkeep\n|turn|11\n|\n|t:|1699243919\n|switch|p1a: Illumise|Illumise, F|100\/100\n|move|p2a: Big Steve|Body Press|p1a: Illumise\n|-resisted|p1a: Illumise\n|-damage|p1a: Illumise|63\/100\n|\n|-heal|p2a: Big Steve|87\/100|[from] item: Leftovers\n|upkeep\n|turn|12\n|\n|t:|1699243930\n|move|p1a: Illumise|Thunder Wave|p2a: Big Steve\n|-status|p2a: Big Steve|par\n|move|p2a: Big Steve|Earthquake|p1a: Illumise\n|-resisted|p1a: Illumise\n|-damage|p1a: Illumise|44\/100\n|\n|-heal|p2a: Big Steve|93\/100 par|[from] item: Leftovers\n|upkeep\n|turn|13\n|\n|t:|1699243943\n|move|p1a: Illumise|Thunder|p2a: Big Steve|[miss]\n|-miss|p1a: Illumise|p2a: Big Steve\n|move|p2a: Big Steve|Body Press|p1a: Illumise\n|-resisted|p1a: Illumise\n|-damage|p1a: Illumise|9\/100\n|\n|-heal|p2a: Big Steve|99\/100 par|[from] item: Leftovers\n|upkeep\n|turn|14\n|\n|t:|1699243951\n|move|p1a: Illumise|Thunder|p2a: Big Steve\n|-resisted|p2a: Big Steve\n|-damage|p2a: Big Steve|82\/100 par\n|move|p2a: Big Steve|Body Press|p1a: Illumise\n|-resisted|p1a: Illumise\n|-damage|p1a: Illumise|0 fnt\n|faint|p1a: Illumise\n|\n|-heal|p2a: Big Steve|88\/100 par|[from] item: Leftovers\n|upkeep\n|\n|t:|1699243956\n|switch|p1a: Conkeldurr|Conkeldurr, M|28\/100\n|turn|15\n|\n|t:|1699243962\n|move|p1a: Conkeldurr|Drain Punch|p2a: Big Steve\n|-damage|p2a: Big Steve|39\/100 par\n|-heal|p1a: Conkeldurr|50\/100|[from] drain|[of] p2a: Big Steve\n|move|p2a: Big Steve|Earthquake|p1a: Conkeldurr\n|-damage|p1a: Conkeldurr|30\/100\n|\n|-heal|p2a: Big Steve|45\/100 par|[from] item: Leftovers\n|upkeep\n|turn|16\n|\n|t:|1699243977\n|switch|p2a: God's Drunk Bird|Quaquaval, M|25\/100\n|move|p1a: Conkeldurr|Drain Punch|p2a: God's Drunk Bird\n|-damage|p2a: God's Drunk Bird|0 fnt\n|-heal|p1a: Conkeldurr|41\/100|[from] drain|[of] p2a: God's Drunk Bird\n|faint|p2a: God's Drunk Bird\n|\n|upkeep\n|\n|t:|1699243985\n|switch|p2a: That Guy|Floatzel, M|100\/100\n|turn|17\n|\n|t:|1699243992\n|switch|p1a: GorlockElDestroyer|Chansey, F|100\/100\n|-terastallize|p2a: That Guy|Water\n|move|p2a: That Guy|Wave Crash|p1a: GorlockElDestroyer\n|-damage|p1a: GorlockElDestroyer|30\/100\n|-damage|p2a: That Guy|48\/100|[from] Recoil\n|\n|upkeep\n|turn|18\n|\n|t:|1699244000\n|move|p2a: That Guy|Wave Crash|p1a: GorlockElDestroyer\n|-damage|p1a: GorlockElDestroyer|0 fnt\n|faint|p1a: GorlockElDestroyer\n|-damage|p2a: That Guy|26\/100|[from] Recoil\n|\n|upkeep\n|\n|t:|1699244060\n|switch|p1a: Gengar|Gengar, F|100\/100\n|turn|19\n|\n|t:|1699244064\n|move|p1a: Gengar|Thunderbolt|p2a: That Guy\n|-supereffective|p2a: That Guy\n|-damage|p2a: That Guy|0 fnt\n|faint|p2a: That Guy\n|\n|upkeep\n|\n|t:|1699244069\n|switch|p2a: Big Steve|Chesnaught, M|45\/100 par\n|turn|20\n|\n|t:|1699244130\n|move|p1a: Gengar|Thunderbolt|p2a: Big Steve\n|-resisted|p2a: Big Steve\n|-damage|p2a: Big Steve|28\/100 par\n|move|p2a: Big Steve|Synthesis|p2a: Big Steve\n|-heal|p2a: Big Steve|78\/100 par\n|\n|-heal|p2a: Big Steve|84\/100 par|[from] item: Leftovers\n|upkeep\n|turn|21\n|\n|t:|1699244138\n|switch|p1a: Conkeldurr|Conkeldurr, M|41\/100\n|move|p2a: Big Steve|Earthquake|p1a: Conkeldurr\n|-damage|p1a: Conkeldurr|19\/100\n|\n|-heal|p2a: Big Steve|90\/100 par|[from] item: Leftovers\n|upkeep\n|turn|22\n|\n|t:|1699244144\n|move|p1a: Conkeldurr|Drain Punch|p2a: Big Steve\n|-damage|p2a: Big Steve|41\/100 par\n|-heal|p1a: Conkeldurr|41\/100|[from] drain|[of] p2a: Big Steve\n|move|p2a: Big Steve|Earthquake|p1a: Conkeldurr\n|-damage|p1a: Conkeldurr|21\/100\n|\n|-heal|p2a: Big Steve|47\/100 par|[from] item: Leftovers\n|upkeep\n|turn|23\n|\n|t:|1699244158\n|move|p1a: Conkeldurr|Drain Punch|p2a: Big Steve\n|-damage|p2a: Big Steve|0 fnt\n|-heal|p1a: Conkeldurr|43\/100|[from] drain|[of] p2a: Big Steve\n|faint|p2a: Big Steve\n|\n|upkeep\n|\n|t:|1699244171\n|switch|p2a: Rawr x3|Walking Wake|100\/100\n|turn|24\n|\n|t:|1699244186\n|move|p2a: Rawr x3|Dragon Pulse|p1a: Conkeldurr\n|-damage|p1a: Conkeldurr|0 fnt\n|faint|p1a: Conkeldurr\n|\n|upkeep\n|\n|t:|1699244191\n|switch|p1a: Gengar|Gengar, F|100\/100\n|turn|25\n|\n|t:|1699244196\n|move|p1a: Gengar|Shadow Ball|p2a: Rawr x3\n|-damage|p2a: Rawr x3|49\/100\n|move|p2a: Rawr x3|Dragon Pulse|p1a: Gengar\n|-damage|p1a: Gengar|0 fnt\n|faint|p1a: Gengar\n|\n|win|ofmon777\n|c|\u2606Buzzwardo|gg\n|l|\u2606Buzzwardo\n|c|\u2606ofmon777|gg\n","uploadtime":1699244207,"views":33,"p1id":"buzzwardo","p2id":"ofmon777","formatid":"gen9ubers","rating":0,"private":0,"password":""}