{"id":"gen9ubers-1973622633","p1":"rosescope","p2":"pearlman","format":"[Gen 9] Ubers","log":"|j|\u2606rosescope\n|j|\u2606pearlman\n|t:|1697997119\n|gametype|singles\n|player|p1|rosescope|burglar|1156\n|player|p2|pearlman|2|1119\n|teamsize|p1|6\n|teamsize|p2|6\n|gen|9\n|tier|[Gen 9] Ubers\n|rated|\n|rule|Sleep Clause Mod: Limit one foe put to sleep\n|rule|Species Clause: Limit one of each Pok\u00e9mon\n|rule|OHKO Clause: OHKO moves are banned\n|rule|Evasion Items Clause: Evasion items are banned\n|rule|Evasion Moves Clause: Evasion moves are banned\n|rule|Endless Battle Clause: Forcing endless battles is banned\n|rule|HP Percentage Mod: HP is shown in percentages\n|clearpoke\n|poke|p1|Sneasler, M|\n|poke|p1|Rillaboom, M|\n|poke|p1|Iron Treads|\n|poke|p1|Glimmora, F|\n|poke|p1|Kingambit, F|\n|poke|p1|Iron Bundle|\n|poke|p2|Skeledirge, M|\n|poke|p2|Cacturne, M|\n|poke|p2|Weezing-Galar, M|\n|poke|p2|Dugtrio, M|\n|poke|p2|Dusclops, M|\n|poke|p2|Salazzle, F|\n|teampreview\n|inactive|Battle timer is ON: inactive players will automatically lose when time's up. (requested by pearlman)\n|c|\u2606pearlman|Gl hf\n|\n|t:|1697997134\n|start\n|switch|p1a: Glimmora|Glimmora, F|100\/100\n|switch|p2a: Salazzle|Salazzle, F|100\/100\n|turn|1\n|\n|t:|1697997143\n|move|p2a: Salazzle|Toxic|p1a: Glimmora\n|-status|p1a: Glimmora|tox\n|move|p1a: Glimmora|Stealth Rock|p2a: Salazzle\n|-sidestart|p2: pearlman|move: Stealth Rock\n|\n|-damage|p1a: Glimmora|94\/100 tox|[from] psn\n|upkeep\n|turn|2\n|\n|t:|1697997151\n|move|p2a: Salazzle|Encore|p1a: Glimmora\n|-start|p1a: Glimmora|Encore\n|move|p1a: Glimmora|Stealth Rock||[still]\n|-fail|p1a: Glimmora\n|\n|-damage|p1a: Glimmora|82\/100 tox|[from] psn\n|upkeep\n|turn|3\n|\n|t:|1697997159\n|move|p2a: Salazzle|Toxic|p1a: Glimmora\n|-fail|p1a: Glimmora|tox\n|move|p1a: Glimmora|Stealth Rock||[still]\n|-fail|p1a: Glimmora\n|\n|-damage|p1a: Glimmora|63\/100 tox|[from] psn\n|upkeep\n|turn|4\n|\n|t:|1697997168\n|move|p2a: Salazzle|Substitute|p2a: Salazzle\n|-start|p2a: Salazzle|Substitute\n|-damage|p2a: Salazzle|76\/100\n|move|p1a: Glimmora|Stealth Rock||[still]\n|-fail|p1a: Glimmora\n|\n|-heal|p2a: Salazzle|82\/100|[from] item: Leftovers\n|-damage|p1a: Glimmora|39\/100 tox|[from] psn\n|-end|p1a: Glimmora|Encore\n|upkeep\n|turn|5\n|\n|t:|1697997183\n|move|p2a: Salazzle|Encore|p1a: Glimmora\n|-start|p1a: Glimmora|Encore\n|move|p1a: Glimmora|Stealth Rock||[still]\n|-fail|p1a: Glimmora\n|\n|-heal|p2a: Salazzle|88\/100|[from] item: Leftovers\n|-damage|p1a: Glimmora|8\/100 tox|[from] psn\n|upkeep\n|turn|6\n|\n|t:|1697997194\n|move|p2a: Salazzle|Toxic|p1a: Glimmora\n|-fail|p1a: Glimmora|tox\n|move|p1a: Glimmora|Stealth Rock||[still]\n|-fail|p1a: Glimmora\n|\n|-heal|p2a: Salazzle|94\/100|[from] item: Leftovers\n|-damage|p1a: Glimmora|0 fnt|[from] psn\n|faint|p1a: Glimmora\n|upkeep\n|\n|t:|1697997205\n|switch|p1a: Iron Treads|Iron Treads|100\/100\n|turn|7\n|\n|t:|1697997213\n|move|p2a: Salazzle|Toxic|p1a: Iron Treads\n|-status|p1a: Iron Treads|tox\n|move|p1a: Iron Treads|Earthquake|p2a: Salazzle\n|-supereffective|p2a: Salazzle\n|-end|p2a: Salazzle|Substitute\n|\n|-heal|p2a: Salazzle|100\/100|[from] item: Leftovers\n|-damage|p1a: Iron Treads|94\/100 tox|[from] psn\n|upkeep\n|turn|8\n|\n|t:|1697997228\n|-terastallize|p2a: Salazzle|Flying\n|move|p2a: Salazzle|Substitute|p2a: Salazzle\n|-start|p2a: Salazzle|Substitute\n|-damage|p2a: Salazzle|76\/100\n|move|p1a: Iron Treads|Earthquake|p2a: Salazzle\n|-immune|p2a: Salazzle\n|\n|-heal|p2a: Salazzle|82\/100|[from] item: Leftovers\n|-damage|p1a: Iron Treads|82\/100 tox|[from] psn\n|upkeep\n|turn|9\n|\n|t:|1697997239\n|move|p2a: Salazzle|Encore|p1a: Iron Treads\n|-start|p1a: Iron Treads|Encore\n|move|p1a: Iron Treads|Earthquake|p2a: Salazzle\n|-immune|p2a: Salazzle\n|\n|-heal|p2a: Salazzle|88\/100|[from] item: Leftovers\n|-damage|p1a: Iron Treads|64\/100 tox|[from] psn\n|upkeep\n|turn|10\n|\n|t:|1697997251\n|-end|p1a: Iron Treads|Quark Drive|[silent]\n|switch|p1a: Iron Bundle|Iron Bundle|100\/100\n|move|p2a: Salazzle|Toxic|p1a: Iron Bundle\n|-status|p1a: Iron Bundle|tox\n|\n|-heal|p2a: Salazzle|94\/100|[from] item: Leftovers\n|-damage|p1a: Iron Bundle|95\/100 tox|[from] psn\n|upkeep\n|turn|11\n|\n|t:|1697997264\n|move|p2a: Salazzle|Protect|p2a: Salazzle\n|-singleturn|p2a: Salazzle|Protect\n|move|p1a: Iron Bundle|Ice Beam|p2a: Salazzle\n|-activate|p2a: Salazzle|move: Protect\n|\n|-heal|p2a: Salazzle|100\/100|[from] item: Leftovers\n|-damage|p1a: Iron Bundle|83\/100 tox|[from] psn\n|upkeep\n|turn|12\n|\n|t:|1697997274\n|move|p1a: Iron Bundle|Ice Beam|p2a: Salazzle\n|-supereffective|p2a: Salazzle\n|-end|p2a: Salazzle|Substitute\n|-damage|p1a: Iron Bundle|73\/100 tox|[from] item: Life Orb\n|move|p2a: Salazzle|Substitute|p2a: Salazzle\n|-start|p2a: Salazzle|Substitute\n|-damage|p2a: Salazzle|76\/100\n|\n|-heal|p2a: Salazzle|82\/100|[from] item: Leftovers\n|-damage|p1a: Iron Bundle|55\/100 tox|[from] psn\n|upkeep\n|turn|13\n|\n|t:|1697997291\n|-end|p1a: Iron Bundle|Quark Drive|[silent]\n|switch|p1a: Iron Treads|Iron Treads|64\/100 tox\n|move|p2a: Salazzle|Protect||[still]\n|-fail|p2a: Salazzle\n|\n|-heal|p2a: Salazzle|88\/100|[from] item: Leftovers\n|-damage|p1a: Iron Treads|58\/100 tox|[from] psn\n|upkeep\n|turn|14\n|\n|t:|1697997302\n|move|p2a: Salazzle|Protect|p2a: Salazzle\n|-singleturn|p2a: Salazzle|Protect\n|move|p1a: Iron Treads|Rapid Spin|p2a: Salazzle\n|-activate|p2a: Salazzle|move: Protect\n|\n|-heal|p2a: Salazzle|94\/100|[from] item: Leftovers\n|-damage|p1a: Iron Treads|45\/100 tox|[from] psn\n|upkeep\n|turn|15\n|\n|t:|1697997313\n|move|p2a: Salazzle|Encore|p1a: Iron Treads\n|-start|p1a: Iron Treads|Encore\n|move|p1a: Iron Treads|Rapid Spin|p2a: Salazzle\n|-activate|p2a: Salazzle|move: Substitute|[damage]\n|-boost|p1a: Iron Treads|spe|1\n|\n|-heal|p2a: Salazzle|100\/100|[from] item: Leftovers\n|-damage|p1a: Iron Treads|27\/100 tox|[from] psn\n|upkeep\n|turn|16\n|\n|t:|1697997329\n|move|p1a: Iron Treads|Rapid Spin|p2a: Salazzle\n|-end|p2a: Salazzle|Substitute\n|-boost|p1a: Iron Treads|spe|1\n|move|p2a: Salazzle|Toxic|p1a: Iron Treads\n|-fail|p1a: Iron Treads|tox\n|\n|-damage|p1a: Iron Treads|2\/100 tox|[from] psn\n|upkeep\n|turn|17\n|\n|t:|1697997338\n|move|p1a: Iron Treads|Rapid Spin|p2a: Salazzle\n|-damage|p2a: Salazzle|77\/100\n|-boost|p1a: Iron Treads|spe|1\n|move|p2a: Salazzle|Substitute|p2a: Salazzle\n|-start|p2a: Salazzle|Substitute\n|-damage|p2a: Salazzle|53\/100\n|\n|-heal|p2a: Salazzle|59\/100|[from] item: Leftovers\n|-damage|p1a: Iron Treads|0 fnt|[from] psn\n|faint|p1a: Iron Treads\n|-end|p1a: Iron Treads|Quark Drive|[silent]\n|upkeep\n|\n|t:|1697997351\n|switch|p1a: Iron Bundle|Iron Bundle|55\/100 tox\n|turn|18\n|\n|t:|1697997359\n|move|p2a: Salazzle|Protect|p2a: Salazzle\n|-singleturn|p2a: Salazzle|Protect\n|move|p1a: Iron Bundle|Ice Beam|p2a: Salazzle\n|-activate|p2a: Salazzle|move: Protect\n|\n|-heal|p2a: Salazzle|65\/100|[from] item: Leftovers\n|-damage|p1a: Iron Bundle|49\/100 tox|[from] psn\n|upkeep\n|turn|19\n|\n|t:|1697997368\n|move|p1a: Iron Bundle|Ice Beam|p2a: Salazzle\n|-supereffective|p2a: Salazzle\n|-end|p2a: Salazzle|Substitute\n|-damage|p1a: Iron Bundle|39\/100 tox|[from] item: Life Orb\n|move|p2a: Salazzle|Substitute|p2a: Salazzle\n|-start|p2a: Salazzle|Substitute\n|-damage|p2a: Salazzle|40\/100\n|\n|-heal|p2a: Salazzle|47\/100|[from] item: Leftovers\n|-damage|p1a: Iron Bundle|28\/100 tox|[from] psn\n|upkeep\n|turn|20\n|\n|t:|1697997384\n|move|p2a: Salazzle|Protect|p2a: Salazzle\n|-singleturn|p2a: Salazzle|Protect\n|move|p1a: Iron Bundle|Ice Beam|p2a: Salazzle\n|-activate|p2a: Salazzle|move: Protect\n|\n|-heal|p2a: Salazzle|53\/100|[from] item: Leftovers\n|-damage|p1a: Iron Bundle|10\/100 tox|[from] psn\n|upkeep\n|turn|21\n|\n|t:|1697997394\n|move|p1a: Iron Bundle|Ice Beam|p2a: Salazzle\n|-supereffective|p2a: Salazzle\n|-end|p2a: Salazzle|Substitute\n|-damage|p1a: Iron Bundle|0 fnt|[from] item: Life Orb\n|faint|p1a: Iron Bundle\n|-end|p1a: Iron Bundle|Quark Drive|[silent]\n|move|p2a: Salazzle|Substitute|p2a: Salazzle\n|-start|p2a: Salazzle|Substitute\n|-damage|p2a: Salazzle|28\/100\n|\n|-heal|p2a: Salazzle|34\/100|[from] item: Leftovers\n|upkeep\n|\n|t:|1697997407\n|switch|p1a: Rillaboom|Rillaboom, M|100\/100\n|-fieldstart|move: Grassy Terrain|[from] ability: Grassy Surge|[of] p1a: Rillaboom\n|turn|22\n|\n|t:|1697997414\n|move|p2a: Salazzle|Toxic|p1a: Rillaboom\n|-status|p1a: Rillaboom|tox\n|move|p1a: Rillaboom|Drum Beating|p2a: Salazzle\n|-resisted|p2a: Salazzle\n|-end|p2a: Salazzle|Substitute\n|\n|-heal|p2a: Salazzle|40\/100|[from] item: Leftovers\n|-damage|p1a: Rillaboom|94\/100 tox|[from] psn\n|upkeep\n|turn|23\n|\n|t:|1697997428\n|move|p2a: Salazzle|Protect|p2a: Salazzle\n|-singleturn|p2a: Salazzle|Protect\n|move|p1a: Rillaboom|Drum Beating|p2a: Salazzle\n|-activate|p2a: Salazzle|move: Protect\n|\n|-heal|p2a: Salazzle|47\/100|[from] item: Leftovers\n|-heal|p1a: Rillaboom|100\/100 tox|[from] Grassy Terrain\n|-damage|p1a: Rillaboom|88\/100 tox|[from] psn\n|upkeep\n|turn|24\n|\n|t:|1697997438\n|move|p2a: Salazzle|Substitute|p2a: Salazzle\n|-start|p2a: Salazzle|Substitute\n|-damage|p2a: Salazzle|22\/100\n|move|p1a: Rillaboom|Drum Beating|p2a: Salazzle\n|-resisted|p2a: Salazzle\n|-end|p2a: Salazzle|Substitute\n|\n|-heal|p2a: Salazzle|28\/100|[from] item: Leftovers\n|-heal|p1a: Rillaboom|94\/100 tox|[from] Grassy Terrain\n|-damage|p1a: Rillaboom|76\/100 tox|[from] psn\n|upkeep\n|turn|25\n|\n|t:|1697997452\n|move|p2a: Salazzle|Protect|p2a: Salazzle\n|-singleturn|p2a: Salazzle|Protect\n|move|p1a: Rillaboom|Drum Beating|p2a: Salazzle\n|-activate|p2a: Salazzle|move: Protect\n|\n|-heal|p2a: Salazzle|34\/100|[from] item: Leftovers\n|-heal|p1a: Rillaboom|82\/100 tox|[from] Grassy Terrain\n|-damage|p1a: Rillaboom|58\/100 tox|[from] psn\n|upkeep\n|turn|26\n|\n|t:|1697997463\n|move|p2a: Salazzle|Substitute|p2a: Salazzle\n|-start|p2a: Salazzle|Substitute\n|-damage|p2a: Salazzle|9\/100\n|move|p1a: Rillaboom|Drum Beating|p2a: Salazzle\n|-resisted|p2a: Salazzle\n|-end|p2a: Salazzle|Substitute\n|\n|-heal|p2a: Salazzle|16\/100|[from] item: Leftovers\n|-heal|p1a: Rillaboom|64\/100 tox|[from] Grassy Terrain\n|-damage|p1a: Rillaboom|34\/100 tox|[from] psn\n|upkeep\n|turn|27\n|\n|t:|1697997475\n|move|p2a: Salazzle|Protect|p2a: Salazzle\n|-singleturn|p2a: Salazzle|Protect\n|move|p1a: Rillaboom|Drum Beating|p2a: Salazzle\n|-activate|p2a: Salazzle|move: Protect\n|\n|-heal|p2a: Salazzle|22\/100|[from] item: Leftovers\n|-heal|p1a: Rillaboom|40\/100 tox|[from] Grassy Terrain\n|-damage|p1a: Rillaboom|3\/100 tox|[from] psn\n|upkeep\n|turn|28\n|\n|t:|1697997485\n|move|p2a: Salazzle|Protect||[still]\n|-fail|p2a: Salazzle\n|move|p1a: Rillaboom|Drum Beating|p2a: Salazzle\n|-resisted|p2a: Salazzle\n|-damage|p2a: Salazzle|0 fnt\n|faint|p2a: Salazzle\n|\n|-heal|p1a: Rillaboom|9\/100 tox|[from] Grassy Terrain\n|-damage|p1a: Rillaboom|0 fnt|[from] psn\n|faint|p1a: Rillaboom\n|upkeep\n|c|\u2606rosescope|fucking finally\n|c|\u2606pearlman|NOOOOOOOOO!\n|\n|t:|1697997501\n|switch|p2a: Weezing|Weezing-Galar, M, shiny|100\/100\n|switch|p1a: Sneasler|Sneasler, M|100\/100\n|-ability|p2a: Weezing|Neutralizing Gas\n|-enditem|p1a: Sneasler|Grassy Seed\n|-boost|p1a: Sneasler|def|1|[from] item: Grassy Seed\n|-damage|p2a: Weezing|88\/100|[from] Stealth Rock\n|turn|29\n|\n|t:|1697997515\n|move|p1a: Sneasler|Swords Dance|p1a: Sneasler\n|-boost|p1a: Sneasler|atk|2\n|move|p2a: Weezing|Will-O-Wisp|p1a: Sneasler|[miss]\n|-miss|p2a: Weezing|p1a: Sneasler\n|\n|-heal|p2a: Weezing|94\/100|[from] Grassy Terrain\n|-heal|p2a: Weezing|99\/100|[from] item: Black Sludge\n|-fieldend|move: Grassy Terrain\n|upkeep\n|turn|30\n|\n|t:|1697997527\n|move|p1a: Sneasler|Dire Claw|p2a: Weezing\n|-damage|p2a: Weezing|25\/100\n|move|p2a: Weezing|Will-O-Wisp|p1a: Sneasler|[miss]\n|-miss|p2a: Weezing|p1a: Sneasler\n|\n|-heal|p2a: Weezing|31\/100|[from] item: Black Sludge\n|upkeep\n|turn|31\n|\n|t:|1697997536\n|move|p1a: Sneasler|Dire Claw|p2a: Weezing\n|-damage|p2a: Weezing|0 fnt\n|faint|p2a: Weezing\n|-end|p2a: Weezing|ability: Neutralizing Gas\n|\n|upkeep\n|\n|t:|1697997542\n|switch|p2a: Dusclops|Dusclops, M|100\/100\n|-damage|p2a: Dusclops|88\/100|[from] Stealth Rock\n|-ability|p2a: Dusclops|Pressure\n|turn|32\n|\n|t:|1697997555\n|-terastallize|p1a: Sneasler|Flying\n|move|p1a: Sneasler|Acrobatics|p2a: Dusclops\n|-damage|p2a: Dusclops|2\/100\n|move|p2a: Dusclops|Will-O-Wisp|p1a: Sneasler\n|-status|p1a: Sneasler|brn\n|\n|-damage|p1a: Sneasler|94\/100 brn|[from] brn\n|upkeep\n|turn|33\n|\n|t:|1697997568\n|move|p1a: Sneasler|Acrobatics|p2a: Dusclops\n|-damage|p2a: Dusclops|0 fnt\n|faint|p2a: Dusclops\n|\n|-damage|p1a: Sneasler|88\/100 brn|[from] brn\n|upkeep\n|\n|t:|1697997576\n|switch|p2a: Dugtrio|Dugtrio, M|100\/100\n|-damage|p2a: Dugtrio|94\/100|[from] Stealth Rock\n|turn|34\n|\n|t:|1697997581\n|move|p2a: Dugtrio|Substitute|p2a: Dugtrio\n|-start|p2a: Dugtrio|Substitute\n|-damage|p2a: Dugtrio|69\/100\n|move|p1a: Sneasler|Acrobatics|p2a: Dugtrio\n|-end|p2a: Dugtrio|Substitute\n|\n|-heal|p2a: Dugtrio|76\/100|[from] item: Leftovers\n|-damage|p1a: Sneasler|82\/100 brn|[from] brn\n|upkeep\n|turn|35\n|\n|t:|1697997594\n|move|p2a: Dugtrio|Protect|p2a: Dugtrio\n|-singleturn|p2a: Dugtrio|Protect\n|move|p1a: Sneasler|Acrobatics|p2a: Dugtrio\n|-activate|p2a: Dugtrio|move: Protect\n|\n|-heal|p2a: Dugtrio|82\/100|[from] item: Leftovers\n|-damage|p1a: Sneasler|76\/100 brn|[from] brn\n|upkeep\n|turn|36\n|\n|t:|1697997603\n|move|p2a: Dugtrio|Substitute|p2a: Dugtrio\n|-start|p2a: Dugtrio|Substitute\n|-damage|p2a: Dugtrio|57\/100\n|move|p1a: Sneasler|Acrobatics|p2a: Dugtrio\n|-end|p2a: Dugtrio|Substitute\n|\n|-heal|p2a: Dugtrio|63\/100|[from] item: Leftovers\n|-damage|p1a: Sneasler|70\/100 brn|[from] brn\n|upkeep\n|turn|37\n|c|\u2606rosescope|bro.\n|\n|t:|1697997614\n|switch|p2a: Skeledirge|Skeledirge, M|100\/100\n|-damage|p2a: Skeledirge|75\/100|[from] Stealth Rock\n|move|p1a: Sneasler|Acrobatics|p2a: Skeledirge\n|-damage|p2a: Skeledirge|51\/100\n|\n|-heal|p2a: Skeledirge|57\/100|[from] item: Leftovers\n|-damage|p1a: Sneasler|64\/100 brn|[from] brn\n|upkeep\n|turn|38\n|c|\u2606pearlman|Ok, i switch\n|\n|t:|1697997625\n|move|p1a: Sneasler|Acrobatics|p2a: Skeledirge\n|-damage|p2a: Skeledirge|33\/100\n|move|p2a: Skeledirge|Slack Off|p2a: Skeledirge\n|-heal|p2a: Skeledirge|83\/100\n|\n|-heal|p2a: Skeledirge|89\/100|[from] item: Leftovers\n|-damage|p1a: Sneasler|57\/100 brn|[from] brn\n|upkeep\n|turn|39\n|\n|t:|1697997634\n|move|p1a: Sneasler|Acrobatics|p2a: Skeledirge\n|-damage|p2a: Skeledirge|62\/100\n|move|p2a: Skeledirge|Curse|p1a: Sneasler\n|-start|p1a: Sneasler|Curse|[of] p2a: Skeledirge\n|-damage|p2a: Skeledirge|12\/100\n|\n|-heal|p2a: Skeledirge|18\/100|[from] item: Leftovers\n|-damage|p1a: Sneasler|51\/100 brn|[from] brn\n|-damage|p1a: Sneasler|26\/100 brn|[from] Curse\n|upkeep\n|turn|40\n|\n|t:|1697997646\n|move|p2a: Skeledirge|Protect|p2a: Skeledirge\n|-singleturn|p2a: Skeledirge|Protect\n|move|p1a: Sneasler|Acrobatics|p2a: Skeledirge\n|-activate|p2a: Skeledirge|move: Protect\n|\n|-heal|p2a: Skeledirge|24\/100|[from] item: Leftovers\n|-damage|p1a: Sneasler|20\/100 brn|[from] brn\n|-damage|p1a: Sneasler|0 fnt|[from] Curse\n|faint|p1a: Sneasler\n|upkeep\n|\n|t:|1697997655\n|switch|p1a: Kingambit|Kingambit, F|100\/100\n|-activate|p1a: Kingambit|ability: Supreme Overlord\n|-start|p1a: Kingambit|fallen5|[silent]\n|turn|41\n|\n|t:|1697997661\n|move|p2a: Skeledirge|Will-O-Wisp|p1a: Kingambit|[miss]\n|-miss|p2a: Skeledirge|p1a: Kingambit\n|move|p1a: Kingambit|Kowtow Cleave|p2a: Skeledirge\n|-supereffective|p2a: Skeledirge\n|-damage|p2a: Skeledirge|0 fnt\n|faint|p2a: Skeledirge\n|\n|upkeep\n|c|\u2606pearlman|3 will o mist...\n|\n|t:|1697997674\n|switch|p2a: Cacturne|Cacturne, M|100\/100\n|-damage|p2a: Cacturne|88\/100|[from] Stealth Rock\n|turn|42\n|\n|t:|1697997681\n|move|p2a: Cacturne|Leech Seed|p1a: Kingambit\n|-start|p1a: Kingambit|move: Leech Seed\n|move|p1a: Kingambit|Swords Dance|p1a: Kingambit\n|-boost|p1a: Kingambit|atk|2\n|\n|-damage|p1a: Kingambit|88\/100|[from] Leech Seed|[of] p2a: Cacturne\n|-heal|p2a: Cacturne|100\/100|[silent]\n|upkeep\n|turn|43\n|c|\u2606rosescope|oh hell nah\n|\n|t:|1697997691\n|move|p2a: Cacturne|Sucker Punch|p1a: Kingambit\n|-resisted|p1a: Kingambit\n|-damage|p1a: Kingambit|78\/100\n|move|p1a: Kingambit|Kowtow Cleave|p2a: Cacturne\n|-resisted|p2a: Cacturne\n|-enditem|p2a: Cacturne|Focus Sash\n|-damage|p2a: Cacturne|1\/100\n|\n|-damage|p1a: Kingambit|66\/100|[from] Leech Seed|[of] p2a: Cacturne\n|-heal|p2a: Cacturne|14\/100|[silent]\n|upkeep\n|turn|44\n|\n|t:|1697997705\n|move|p2a: Cacturne|Spiky Shield|p2a: Cacturne\n|-singleturn|p2a: Cacturne|move: Protect\n|move|p1a: Kingambit|Kowtow Cleave|p2a: Cacturne\n|-activate|p2a: Cacturne|move: Protect\n|-damage|p1a: Kingambit|53\/100|[from] Spiky Shield|[of] p2a: Cacturne\n|\n|-damage|p1a: Kingambit|41\/100|[from] Leech Seed|[of] p2a: Cacturne\n|-heal|p2a: Cacturne|28\/100|[silent]\n|upkeep\n|turn|45\n|\n|t:|1697997715\n|move|p2a: Cacturne|Sucker Punch|p1a: Kingambit\n|-resisted|p1a: Kingambit\n|-damage|p1a: Kingambit|31\/100\n|move|p1a: Kingambit|Kowtow Cleave|p2a: Cacturne\n|-resisted|p2a: Cacturne\n|-damage|p2a: Cacturne|0 fnt\n|faint|p2a: Cacturne\n|\n|upkeep\n|\n|t:|1697997723\n|switch|p2a: Dugtrio|Dugtrio, M|63\/100\n|-damage|p2a: Dugtrio|57\/100|[from] Stealth Rock\n|turn|46\n|\n|t:|1697997730\n|move|p2a: Dugtrio|Protect|p2a: Dugtrio\n|-singleturn|p2a: Dugtrio|Protect\n|move|p1a: Kingambit|Kowtow Cleave|p2a: Dugtrio\n|-activate|p2a: Dugtrio|move: Protect\n|\n|-heal|p2a: Dugtrio|63\/100|[from] item: Leftovers\n|-damage|p1a: Kingambit|18\/100|[from] Leech Seed|[of] p2a: Dugtrio\n|-heal|p2a: Dugtrio|80\/100|[silent]\n|upkeep\n|turn|47\n|\n|t:|1697997739\n|move|p2a: Dugtrio|Substitute|p2a: Dugtrio\n|-start|p2a: Dugtrio|Substitute\n|-damage|p2a: Dugtrio|55\/100\n|move|p1a: Kingambit|Kowtow Cleave|p2a: Dugtrio\n|-end|p2a: Dugtrio|Substitute\n|\n|-heal|p2a: Dugtrio|61\/100|[from] item: Leftovers\n|-damage|p1a: Kingambit|6\/100|[from] Leech Seed|[of] p2a: Dugtrio\n|-heal|p2a: Dugtrio|78\/100|[silent]\n|upkeep\n|turn|48\n|c|\u2606pearlman|Gg\n|\n|t:|1697997750\n|move|p1a: Kingambit|Sucker Punch|p2a: Dugtrio\n|-damage|p2a: Dugtrio|0 fnt\n|faint|p2a: Dugtrio\n|\n|win|rosescope\n|raw|rosescope's rating: 1156 &rarr; <strong>1178<\/strong><br \/>(+22 for winning)\n|raw|pearlman's rating: 1119 &rarr; <strong>1097<\/strong><br \/>(-22 for losing)\n|c|\u2606rosescope|XD\n|c|\u2606pearlman|I crapped^^\n|c|\u2606pearlman|XD\n|c|\u2606pearlman|GG\n|c|\u2606rosescope|lets fucking go\n|c|\u2606rosescope|gg\n|c|\u2606pearlman|I know its a shitty strat\n|c|\u2606rosescope|i almost forfitted\n|c|\u2606pearlman|But the uber meta is often just legend spammers, so\n|c|\u2606rosescope|yeah\n|c|\u2606pearlman|I drive some crazy\n|l|\u2606pearlman\n","uploadtime":1697997855,"views":15,"p1id":"rosescope","p2id":"pearlman","formatid":"gen9ubers","rating":1097,"private":0,"password":""}