{"id":"gen9ubers-1998996949","p1":"Nouuuuuunas","p2":"Anne Frankkkk","format":"[Gen 9] Ubers","log":"|j|\u2606Nouuuuuunas\n|j|\u2606Anne Frankkkk\n|t:|1701022120\n|gametype|singles\n|player|p1|Nouuuuuunas|n|1054\n|player|p2|Anne Frankkkk|hilbert|1160\n|teamsize|p1|6\n|teamsize|p2|6\n|gen|9\n|tier|[Gen 9] Ubers\n|rated|\n|rule|Sleep Clause Mod: Limit one foe put to sleep\n|rule|Species Clause: Limit one of each Pok\u00e9mon\n|rule|OHKO Clause: OHKO moves are banned\n|rule|Evasion Items Clause: Evasion items are banned\n|rule|Evasion Moves Clause: Evasion moves are banned\n|rule|Endless Battle Clause: Forcing endless battles is banned\n|rule|HP Percentage Mod: HP is shown in percentages\n|clearpoke\n|poke|p1|Volcarona, F|\n|poke|p1|Breloom, M|\n|poke|p1|Chien-Pao|\n|poke|p1|Espathra, F|\n|poke|p1|Weezing, F|\n|poke|p1|Chansey, F|\n|poke|p2|Regieleki|\n|poke|p2|Kyogre|\n|poke|p2|Chien-Pao|\n|poke|p2|Ribombee, M|\n|poke|p2|Miraidon|\n|poke|p2|Flutter Mane|\n|teampreview\n|inactive|Battle timer is ON: inactive players will automatically lose when time's up. (requested by Anne Frankkkk)\n|\n|t:|1701022139\n|start\n|switch|p1a: Chansey|Chansey, F|100\/100\n|switch|p2a: Moonblast|Ribombee, M, shiny|100\/100\n|turn|1\n|\n|t:|1701022146\n|switch|p1a: Breloom|Breloom, M, shiny|100\/100\n|move|p2a: Moonblast|Sticky Web|p1a: Breloom\n|-sidestart|p1: Nouuuuuunas|move: Sticky Web\n|\n|-status|p1a: Breloom|tox|[from] item: Toxic Orb\n|upkeep\n|turn|2\n|\n|t:|1701022153\n|move|p2a: Moonblast|Moonblast|p1a: Breloom\n|-supereffective|p1a: Breloom\n|-damage|p1a: Breloom|0 fnt\n|faint|p1a: Breloom\n|\n|upkeep\n|\n|t:|1701022165\n|switch|p1a: Chansey|Chansey, F|100\/100\n|-activate|p1a: Chansey|move: Sticky Web\n|-unboost|p1a: Chansey|spe|1\n|turn|3\n|\n|t:|1701022173\n|move|p2a: Moonblast|Moonblast|p1a: Chansey\n|-damage|p1a: Chansey|90\/100\n|move|p1a: Chansey|Stealth Rock|p2a: Moonblast\n|-sidestart|p2: Anne Frankkkk|move: Stealth Rock\n|\n|upkeep\n|turn|4\n|\n|t:|1701022190\n|move|p2a: Moonblast|Moonblast|p1a: Chansey\n|-damage|p1a: Chansey|79\/100\n|-unboost|p1a: Chansey|spa|1\n|move|p1a: Chansey|Seismic Toss|p2a: Moonblast\n|-damage|p2a: Moonblast|62\/100\n|\n|upkeep\n|turn|5\n|\n|t:|1701022197\n|move|p2a: Moonblast|Bug Buzz|p1a: Chansey\n|-damage|p1a: Chansey|69\/100\n|move|p1a: Chansey|Seismic Toss|p2a: Moonblast\n|-damage|p2a: Moonblast|24\/100\n|\n|upkeep\n|turn|6\n|\n|t:|1701022203\n|move|p2a: Moonblast|Bug Buzz|p1a: Chansey\n|-damage|p1a: Chansey|60\/100\n|move|p1a: Chansey|Seismic Toss|p2a: Moonblast\n|-damage|p2a: Moonblast|0 fnt\n|faint|p2a: Moonblast\n|\n|upkeep\n|\n|t:|1701022206\n|switch|p2a: Bzzzzt|Regieleki, shiny|100\/100\n|-damage|p2a: Bzzzzt|88\/100|[from] Stealth Rock\n|turn|7\n|\n|t:|1701022214\n|move|p2a: Bzzzzt|Rapid Spin|p1a: Chansey\n|-damage|p1a: Chansey|43\/100\n|-boost|p2a: Bzzzzt|spe|1\n|-sideend|p2: Anne Frankkkk|Stealth Rock|[from] move: Rapid Spin|[of] p2a: Bzzzzt\n|move|p1a: Chansey|Soft-Boiled|p1a: Chansey\n|-heal|p1a: Chansey|93\/100\n|\n|upkeep\n|turn|8\n|\n|t:|1701022223\n|switch|p1a: Weezing|Weezing, F|100\/100\n|move|p2a: Bzzzzt|Rapid Spin|p1a: Weezing\n|-damage|p1a: Weezing|93\/100\n|-boost|p2a: Bzzzzt|spe|1\n|\n|-heal|p1a: Weezing|99\/100|[from] item: Black Sludge\n|upkeep\n|turn|9\n|\n|t:|1701022232\n|move|p2a: Bzzzzt|Thunder Cage|p1a: Weezing\n|-damage|p1a: Weezing|12\/100\n|-activate|p1a: Weezing|move: Thunder Cage|[of] p2a: Bzzzzt\n|move|p1a: Weezing|Substitute|p1a: Weezing\n|-fail|p1a: Weezing|move: Substitute|[weak]\n|\n|-heal|p1a: Weezing|18\/100|[from] item: Black Sludge\n|-damage|p1a: Weezing|6\/100|[from] move: Thunder Cage|[partiallytrapped]\n|upkeep\n|turn|10\n|\n|t:|1701022242\n|move|p2a: Bzzzzt|Volt Switch|p1a: Weezing\n|-damage|p1a: Weezing|0 fnt\n|faint|p1a: Weezing\n|\n|t:|1701022250\n|switch|p2a: Ice Cat|Chien-Pao|100\/100|[from] Volt Switch\n|-ability|p2a: Ice Cat|Sword of Ruin\n|\n|upkeep\n|\n|t:|1701022260\n|switch|p1a: Volcarona|Volcarona, F|100\/100\n|turn|11\n|\n|t:|1701022264\n|move|p2a: Ice Cat|Swords Dance|p2a: Ice Cat\n|-boost|p2a: Ice Cat|atk|2\n|move|p1a: Volcarona|Quiver Dance|p1a: Volcarona\n|-boost|p1a: Volcarona|spa|1\n|-boost|p1a: Volcarona|spd|1\n|-boost|p1a: Volcarona|spe|1\n|\n|upkeep\n|turn|12\n|\n|t:|1701022271\n|move|p1a: Volcarona|Fiery Dance|p2a: Ice Cat\n|-supereffective|p2a: Ice Cat\n|-enditem|p2a: Ice Cat|Focus Sash\n|-damage|p2a: Ice Cat|1\/100\n|move|p2a: Ice Cat|Swords Dance|p2a: Ice Cat\n|-boost|p2a: Ice Cat|atk|2\n|\n|upkeep\n|turn|13\n|\n|t:|1701022279\n|move|p2a: Ice Cat|Sucker Punch|p1a: Volcarona\n|-damage|p1a: Volcarona|0 fnt\n|-status|p2a: Ice Cat|brn|[from] ability: Flame Body|[of] p1a: Volcarona\n|faint|p1a: Volcarona\n|\n|-damage|p2a: Ice Cat|0 fnt|[from] brn\n|faint|p2a: Ice Cat\n|upkeep\n|\n|t:|1701022287\n|switch|p2a: OHKO|Kyogre|100\/100\n|switch|p1a: Espathra|Espathra, F|100\/100\n|-weather|RainDance|[from] ability: Drizzle|[of] p2a: OHKO\n|-activate|p1a: Espathra|move: Sticky Web\n|-unboost|p1a: Espathra|spe|1\n|turn|14\n|\n|t:|1701022295\n|move|p2a: OHKO|Water Spout|p1a: Espathra\n|-damage|p1a: Espathra|0 fnt\n|faint|p1a: Espathra\n|\n|-weather|RainDance|[upkeep]\n|upkeep\n|\n|t:|1701022306\n|switch|p1a: Chansey|Chansey, F|93\/100\n|-activate|p1a: Chansey|move: Sticky Web\n|-unboost|p1a: Chansey|spe|1\n|turn|15\n|\n|t:|1701022312\n|-terastallize|p2a: OHKO|Water\n|move|p2a: OHKO|Water Spout|p1a: Chansey\n|-damage|p1a: Chansey|32\/100\n|move|p1a: Chansey|Seismic Toss|p2a: OHKO\n|-damage|p2a: OHKO|71\/100\n|\n|-weather|RainDance|[upkeep]\n|upkeep\n|turn|16\n|\n|t:|1701022321\n|move|p2a: OHKO|Water Spout|p1a: Chansey\n|-damage|p1a: Chansey|0 fnt\n|faint|p1a: Chansey\n|\n|-weather|RainDance|[upkeep]\n|upkeep\n|\n|t:|1701022326\n|switch|p1a: Chien-Pao|Chien-Pao|100\/100\n|-activate|p1a: Chien-Pao|move: Sticky Web\n|-unboost|p1a: Chien-Pao|spe|1\n|-ability|p1a: Chien-Pao|Sword of Ruin\n|turn|17\n|\n|t:|1701022337\n|move|p1a: Chien-Pao|Sucker Punch|p2a: OHKO\n|-damage|p2a: OHKO|5\/100\n|-damage|p1a: Chien-Pao|91\/100|[from] item: Life Orb\n|move|p2a: OHKO|Water Spout|p1a: Chien-Pao\n|-damage|p1a: Chien-Pao|69\/100\n|\n|-weather|RainDance|[upkeep]\n|upkeep\n|turn|18\n|\n|t:|1701022348\n|move|p1a: Chien-Pao|Sucker Punch|p2a: OHKO\n|-damage|p2a: OHKO|0 fnt\n|faint|p2a: OHKO\n|-damage|p1a: Chien-Pao|59\/100|[from] item: Life Orb\n|\n|-weather|none\n|upkeep\n|\n|t:|1701022353\n|switch|p2a: Cyber Lizard|Miraidon|100\/100\n|-fieldstart|move: Electric Terrain|[from] ability: Hadron Engine|[of] p2a: Cyber Lizard\n|-item|p2a: Cyber Lizard|Air Balloon\n|turn|19\n|\n|t:|1701022362\n|move|p2a: Cyber Lizard|Electro Drift|p1a: Chien-Pao\n|-damage|p1a: Chien-Pao|0 fnt\n|faint|p1a: Chien-Pao\n|\n|win|Anne Frankkkk\n|raw|Nouuuuuunas's rating: 1054 &rarr; <strong>1041<\/strong><br \/>(-13 for losing)\n|raw|Anne Frankkkk's rating: 1160 &rarr; <strong>1178<\/strong><br \/>(+18 for winning)\n|l|\u2606Nouuuuuunas\n","uploadtime":1701022369,"views":2,"p1id":"nouuuuuunas","p2id":"annefrankkkk","formatid":"gen9ubers","rating":1041,"private":0,"password":""}