{"id":"gen9ubers-1994451843","p1":"cartoon cat 44","p2":"bhjkb gh","format":"[Gen 9] Ubers","log":"|j|\u2606cartoon cat 44\n|j|\u2606bhjkb gh\n|t:|1700445481\n|gametype|singles\n|player|p1|cartoon cat 44|red|1047\n|player|p2|bhjkb gh|170|1078\n|teamsize|p1|6\n|teamsize|p2|6\n|gen|9\n|tier|[Gen 9] Ubers\n|rated|\n|rule|Sleep Clause Mod: Limit one foe put to sleep\n|rule|Species Clause: Limit one of each Pok\u00e9mon\n|rule|OHKO Clause: OHKO moves are banned\n|rule|Evasion Items Clause: Evasion items are banned\n|rule|Evasion Moves Clause: Evasion moves are banned\n|rule|Endless Battle Clause: Forcing endless battles is banned\n|rule|HP Percentage Mod: HP is shown in percentages\n|clearpoke\n|poke|p1|Koraidon|\n|poke|p1|Miraidon|\n|poke|p1|Palkia|\n|poke|p1|Giratina-Origin|\n|poke|p1|Charizard, F|\n|poke|p1|Gardevoir, F|\n|poke|p2|Miraidon|\n|poke|p2|Koraidon|\n|poke|p2|Ting-Lu|\n|poke|p2|Zacian-*|\n|poke|p2|Skeledirge, F|\n|poke|p2|Arceus-Fairy|\n|teampreview\n|inactive|Battle timer is ON: inactive players will automatically lose when time's up. (requested by cartoon cat 44)\n|\n|t:|1700445497\n|start\n|switch|p1a: Charizard|Charizard, F, shiny|100\/100\n|switch|p2a: Miraidon|Miraidon|100\/100\n|-fieldstart|move: Electric Terrain|[from] ability: Hadron Engine|[of] p2a: Miraidon\n|turn|1\n|\n|t:|1700445503\n|move|p2a: Miraidon|Electro Drift|p1a: Charizard\n|-supereffective|p1a: Charizard\n|-damage|p1a: Charizard|0 fnt\n|-damage|p2a: Miraidon|84\/100|[from] item: Rocky Helmet|[of] p1a: Charizard\n|faint|p1a: Charizard\n|\n|upkeep\n|\n|t:|1700445508\n|switch|p1a: Gardevoir|Gardevoir, F|100\/100\n|-activate|p1a: Gardevoir|ability: Hadron Engine\n|-ability|p1a: Gardevoir|Hadron Engine|[from] ability: Trace|[of] p2a: Miraidon\n|turn|2\n|\n|t:|1700445514\n|move|p2a: Miraidon|Electro Drift|p1a: Gardevoir\n|-damage|p1a: Gardevoir|0 fnt\n|-damage|p2a: Miraidon|68\/100|[from] item: Rocky Helmet|[of] p1a: Gardevoir\n|faint|p1a: Gardevoir\n|\n|upkeep\n|\n|t:|1700445518\n|switch|p1a: Koraidon|Koraidon|100\/100\n|-weather|SunnyDay|[from] ability: Orichalcum Pulse|[of] p1a: Koraidon\n|-activate|p1a: Koraidon|Orichalcum Pulse|[source]\n|turn|3\n|\n|t:|1700445525\n|switch|p2a: Skeledirge|Skeledirge, F|100\/100\n|move|p1a: Koraidon|Collision Course|p2a: Skeledirge\n|-immune|p2a: Skeledirge\n|\n|-weather|SunnyDay|[upkeep]\n|upkeep\n|turn|4\n|\n|t:|1700445533\n|switch|p1a: Palkia|Palkia|100\/100\n|move|p2a: Skeledirge|Will-O-Wisp|p1a: Palkia\n|-status|p1a: Palkia|brn\n|\n|-weather|SunnyDay|[upkeep]\n|-damage|p1a: Palkia|94\/100 brn|[from] brn\n|upkeep\n|turn|5\n|\n|t:|1700445558\n|switch|p2a: Miraidon|Miraidon|68\/100\n|-activate|p2a: Miraidon|ability: Hadron Engine\n|move|p1a: Palkia|Draco Meteor|p2a: Miraidon|[miss]\n|-miss|p1a: Palkia|p2a: Miraidon\n|\n|-weather|SunnyDay|[upkeep]\n|-damage|p1a: Palkia|88\/100 brn|[from] brn\n|-fieldend|move: Electric Terrain\n|upkeep\n|turn|6\n|c|\u2606cartoon cat 44|Vc e muito boa meus parabens\n|\n|t:|1700445578\n|move|p2a: Miraidon|Dragon Pulse|p1a: Palkia\n|-supereffective|p1a: Palkia\n|-damage|p1a: Palkia|0 fnt\n|faint|p1a: Palkia\n|\n|-weather|SunnyDay|[upkeep]\n|upkeep\n|\n|t:|1700445582\n|switch|p1a: Giratina|Giratina-Origin|100\/100\n|turn|7\n|\n|t:|1700445586\n|move|p2a: Miraidon|Dragon Pulse|p1a: Giratina\n|-supereffective|p1a: Giratina\n|-damage|p1a: Giratina|12\/100\n|move|p1a: Giratina|Draco Meteor|p2a: Miraidon\n|-supereffective|p2a: Miraidon\n|-damage|p2a: Miraidon|0 fnt\n|-unboost|p1a: Giratina|spa|2\n|faint|p2a: Miraidon\n|\n|-weather|none\n|upkeep\n|\n|t:|1700445594\n|switch|p2a: Koraidon|Koraidon|100\/100\n|-weather|SunnyDay|[from] ability: Orichalcum Pulse|[of] p2a: Koraidon\n|-activate|p2a: Koraidon|Orichalcum Pulse|[source]\n|turn|8\n|\n|t:|1700445598\n|move|p2a: Koraidon|Dragon Claw|p1a: Giratina\n|-supereffective|p1a: Giratina\n|-damage|p1a: Giratina|0 fnt\n|faint|p1a: Giratina\n|\n|-weather|SunnyDay|[upkeep]\n|upkeep\n|\n|t:|1700445602\n|switch|p1a: Miraidon|Miraidon|100\/100\n|-fieldstart|move: Electric Terrain|[from] ability: Hadron Engine|[of] p1a: Miraidon\n|turn|9\n|\n|t:|1700445604\n|move|p2a: Koraidon|Dragon Claw|p1a: Miraidon\n|-supereffective|p1a: Miraidon\n|-damage|p1a: Miraidon|10\/100\n|-damage|p2a: Koraidon|84\/100|[from] item: Rocky Helmet|[of] p1a: Miraidon\n|move|p1a: Miraidon|Electro Drift|p2a: Koraidon\n|-resisted|p2a: Koraidon\n|-damage|p2a: Koraidon|44\/100\n|\n|-weather|SunnyDay|[upkeep]\n|upkeep\n|turn|10\n|\n|t:|1700445612\n|move|p2a: Koraidon|Dragon Claw|p1a: Miraidon\n|-supereffective|p1a: Miraidon\n|-damage|p1a: Miraidon|0 fnt\n|-damage|p2a: Koraidon|27\/100|[from] item: Rocky Helmet|[of] p1a: Miraidon\n|faint|p1a: Miraidon\n|\n|-weather|SunnyDay|[upkeep]\n|upkeep\n|\n|t:|1700445614\n|switch|p1a: Koraidon|Koraidon|100\/100\n|-activate|p1a: Koraidon|ability: Orichalcum Pulse\n|turn|11\n|\n|t:|1700445618\n|move|p2a: Koraidon|Dragon Claw|p1a: Koraidon\n|-supereffective|p1a: Koraidon\n|-damage|p1a: Koraidon|15\/100\n|-damage|p2a: Koraidon|11\/100|[from] item: Rocky Helmet|[of] p1a: Koraidon\n|move|p1a: Koraidon|Collision Course|p2a: Koraidon\n|-damage|p2a: Koraidon|0 fnt\n|faint|p2a: Koraidon\n|\n|-weather|SunnyDay|[upkeep]\n|upkeep\n|\n|t:|1700445626\n|switch|p2a: Arceus|Arceus-Fairy|100\/100\n|turn|12\n|\n|t:|1700445632\n|-terastallize|p1a: Koraidon|Fighting\n|move|p2a: Arceus|Judgment|p1a: Koraidon\n|-supereffective|p1a: Koraidon\n|-damage|p1a: Koraidon|0 fnt\n|faint|p1a: Koraidon\n|\n|win|bhjkb gh\n|raw|cartoon cat 44's rating: 1047 &rarr; <strong>1031<\/strong><br \/>(-16 for losing)\n|raw|bhjkb gh's rating: 1078 &rarr; <strong>1104<\/strong><br \/>(+26 for winning)\n","uploadtime":1700445638,"views":5,"p1id":"cartooncat44","p2id":"bhjkbgh","formatid":"gen9ubers","rating":1031,"private":0,"password":""}