{"id":"gen9ubers-1973919934","p1":"Thmonster","p2":"Blake-Mamba","format":"[Gen 9] Ubers","log":"|j|\u203dThmonster\n|j|\u2606Blake-Mamba\n|t:|1698028179\n|gametype|singles\n|player|p1|Thmonster|101|1361\n|player|p2|Blake-Mamba|juan|1233\n|teamsize|p1|6\n|teamsize|p2|6\n|gen|9\n|tier|[Gen 9] Ubers\n|rated|\n|rule|Sleep Clause Mod: Limit one foe put to sleep\n|rule|Species Clause: Limit one of each Pok\u00e9mon\n|rule|OHKO Clause: OHKO moves are banned\n|rule|Evasion Items Clause: Evasion items are banned\n|rule|Evasion Moves Clause: Evasion moves are banned\n|rule|Endless Battle Clause: Forcing endless battles is banned\n|rule|HP Percentage Mod: HP is shown in percentages\n|clearpoke\n|poke|p1|Ursaluna-Bloodmoon, M|\n|poke|p1|Arceus|\n|poke|p1|Dialga-Origin|\n|poke|p1|Chien-Pao|\n|poke|p1|Zacian-*|\n|poke|p1|Landorus, M|\n|poke|p2|Ogerpon-Hearthflame, F|\n|poke|p2|Vikavolt, F|\n|poke|p2|Kommo-o, F|\n|poke|p2|Ursaluna-Bloodmoon, M|\n|poke|p2|Yanmega, F|\n|poke|p2|Chandelure, M|\n|teampreview\n|inactive|Battle timer is ON: inactive players will automatically lose when time's up. (requested by Blake-Mamba)\n|\n|t:|1698028184\n|start\n|switch|p1a: Dialga|Dialga-Origin|100\/100\n|switch|p2a: Vikavolt|Vikavolt, F|100\/100\n|-ability|p1a: Dialga|Pressure\n|turn|1\n|\n|t:|1698028192\n|move|p1a: Dialga|Dragon Pulse|p2a: Vikavolt\n|-damage|p2a: Vikavolt|23\/100\n|move|p2a: Vikavolt|Sticky Web|p1a: Dialga\n|-sidestart|p1: Thmonster|move: Sticky Web\n|\n|upkeep\n|turn|2\n|\n|t:|1698028201\n|move|p1a: Dialga|Dragon Pulse|p2a: Vikavolt\n|-damage|p2a: Vikavolt|0 fnt\n|faint|p2a: Vikavolt\n|\n|upkeep\n|\n|t:|1698028207\n|switch|p2a: Kommo-o|Kommo-o, F|100\/100\n|turn|3\n|\n|t:|1698028214\n|-terastallize|p2a: Kommo-o|Steel\n|move|p1a: Dialga|Flash Cannon|p2a: Kommo-o\n|-resisted|p2a: Kommo-o\n|-damage|p2a: Kommo-o|74\/100\n|move|p2a: Kommo-o|Clangorous Soul|p2a: Kommo-o\n|-boost|p2a: Kommo-o|atk|1\n|-boost|p2a: Kommo-o|def|1\n|-boost|p2a: Kommo-o|spa|1\n|-boost|p2a: Kommo-o|spd|1\n|-boost|p2a: Kommo-o|spe|1\n|-damage|p2a: Kommo-o|41\/100\n|\n|-heal|p2a: Kommo-o|47\/100|[from] item: Leftovers\n|upkeep\n|turn|4\n|\n|t:|1698028228\n|move|p2a: Kommo-o|Drain Punch|p1a: Dialga\n|-supereffective|p1a: Dialga\n|-damage|p1a: Dialga|9\/100\n|-heal|p2a: Kommo-o|91\/100|[from] drain|[of] p1a: Dialga\n|move|p1a: Dialga|Aura Sphere|p2a: Kommo-o\n|-immune|p2a: Kommo-o|[from] ability: Bulletproof\n|\n|-heal|p2a: Kommo-o|98\/100|[from] item: Leftovers\n|upkeep\n|turn|5\n|\n|t:|1698028255\n|move|p2a: Kommo-o|Clangorous Soul|p2a: Kommo-o\n|-boost|p2a: Kommo-o|atk|1\n|-boost|p2a: Kommo-o|def|1\n|-boost|p2a: Kommo-o|spa|1\n|-boost|p2a: Kommo-o|spd|1\n|-boost|p2a: Kommo-o|spe|1\n|-damage|p2a: Kommo-o|65\/100\n|move|p1a: Dialga|Thunderbolt|p2a: Kommo-o\n|-crit|p2a: Kommo-o\n|-damage|p2a: Kommo-o|18\/100\n|\n|-heal|p2a: Kommo-o|25\/100|[from] item: Leftovers\n|upkeep\n|turn|6\n|\n|t:|1698028266\n|move|p2a: Kommo-o|Drain Punch|p1a: Dialga\n|-supereffective|p1a: Dialga\n|-damage|p1a: Dialga|0 fnt\n|-heal|p2a: Kommo-o|29\/100|[from] drain|[of] p1a: Dialga\n|faint|p1a: Dialga\n|\n|-heal|p2a: Kommo-o|35\/100|[from] item: Leftovers\n|upkeep\n|inactive|Thmonster has 120 seconds left.\n|\n|t:|1698028283\n|switch|p1a: Chien-Pao|Chien-Pao|100\/100\n|-activate|p1a: Chien-Pao|move: Sticky Web\n|-unboost|p1a: Chien-Pao|spe|1\n|-ability|p1a: Chien-Pao|Sword of Ruin\n|turn|7\n|\n|t:|1698028288\n|move|p1a: Chien-Pao|Sucker Punch|p2a: Kommo-o\n|-damage|p2a: Kommo-o|10\/100\n|-damage|p1a: Chien-Pao|91\/100|[from] item: Life Orb\n|move|p2a: Kommo-o|Drain Punch|p1a: Chien-Pao\n|-supereffective|p1a: Chien-Pao\n|-damage|p1a: Chien-Pao|0 fnt\n|-heal|p2a: Kommo-o|49\/100|[from] drain|[of] p1a: Chien-Pao\n|faint|p1a: Chien-Pao\n|\n|-heal|p2a: Kommo-o|55\/100|[from] item: Leftovers\n|upkeep\n|\n|t:|1698028299\n|switch|p1a: Arceus|Arceus, shiny|100\/100\n|-activate|p1a: Arceus|move: Sticky Web\n|-unboost|p1a: Arceus|spe|1\n|turn|8\n|\n|t:|1698028304\n|-terastallize|p1a: Arceus|Ghost\n|move|p2a: Kommo-o|Drain Punch|p1a: Arceus\n|-immune|p1a: Arceus\n|move|p1a: Arceus|Dragon Tail|p2a: Kommo-o\n|-resisted|p2a: Kommo-o\n|-damage|p2a: Kommo-o|50\/100\n|drag|p2a: Yanmega|Yanmega, F, shiny|100\/100\n|\n|upkeep\n|turn|9\n|\n|t:|1698028317\n|move|p2a: Yanmega|Air Slash|p1a: Arceus\n|-damage|p1a: Arceus|73\/100\n|cant|p1a: Arceus|flinch\n|\n|-ability|p2a: Yanmega|Speed Boost|boost\n|-boost|p2a: Yanmega|spe|1\n|upkeep\n|turn|10\n|\n|t:|1698028332\n|move|p2a: Yanmega|Air Slash|p1a: Arceus\n|-damage|p1a: Arceus|46\/100\n|cant|p1a: Arceus|flinch\n|\n|-ability|p2a: Yanmega|Speed Boost|boost\n|-boost|p2a: Yanmega|spe|1\n|upkeep\n|turn|11\n|\n|t:|1698028342\n|move|p2a: Yanmega|Air Slash|p1a: Arceus\n|-damage|p1a: Arceus|20\/100\n|move|p1a: Arceus|Swords Dance|p1a: Arceus\n|-boost|p1a: Arceus|atk|2\n|\n|-ability|p2a: Yanmega|Speed Boost|boost\n|-boost|p2a: Yanmega|spe|1\n|upkeep\n|turn|12\n|\n|t:|1698028350\n|switch|p2a: Chandelure|Chandelure, M|100\/100\n|move|p1a: Arceus|Extreme Speed|p2a: Chandelure\n|-immune|p2a: Chandelure\n|\n|upkeep\n|turn|13\n|\n|t:|1698028371\n|move|p2a: Chandelure|Flamethrower|p1a: Arceus\n|-damage|p1a: Arceus|0 fnt\n|faint|p1a: Arceus\n|\n|upkeep\n|\n|t:|1698028376\n|switch|p1a: Landorus|Landorus, M|100\/100\n|turn|14\n|\n|t:|1698028379\n|move|p2a: Chandelure|Flamethrower|p1a: Landorus\n|-crit|p1a: Landorus\n|-damage|p1a: Landorus|0 fnt\n|faint|p1a: Landorus\n|\n|upkeep\n|\n|t:|1698028388\n|switch|p1a: Zacian|Zacian-Crowned|100\/100\n|-activate|p1a: Zacian|move: Sticky Web\n|-unboost|p1a: Zacian|spe|1\n|-ability|p1a: Zacian|Intrepid Sword|boost\n|-boost|p1a: Zacian|atk|1\n|turn|15\n|\n|t:|1698028404\n|move|p2a: Chandelure|Flamethrower|p1a: Zacian\n|-supereffective|p1a: Zacian\n|-damage|p1a: Zacian|1\/100\n|move|p1a: Zacian|Wild Charge|p2a: Chandelure\n|-damage|p2a: Chandelure|24\/100\n|-damage|p1a: Zacian|0 fnt|[from] Recoil\n|faint|p1a: Zacian\n|\n|upkeep\n|\n|t:|1698028411\n|switch|p1a: Ursaluna|Ursaluna-Bloodmoon, M|100\/100\n|-activate|p1a: Ursaluna|move: Sticky Web\n|-unboost|p1a: Ursaluna|spe|1\n|turn|16\n|\n|t:|1698028417\n|switch|p2a: Kommo-o|Kommo-o, F, tera:Steel|50\/100\n|move|p1a: Ursaluna|Vacuum Wave|p2a: Kommo-o\n|-supereffective|p2a: Kommo-o\n|-damage|p2a: Kommo-o|12\/100\n|-damage|p1a: Ursaluna|90\/100|[from] item: Life Orb\n|\n|-heal|p2a: Kommo-o|18\/100|[from] item: Leftovers\n|upkeep\n|turn|17\n|\n|t:|1698028426\n|move|p1a: Ursaluna|Vacuum Wave|p2a: Kommo-o\n|-supereffective|p2a: Kommo-o\n|-damage|p2a: Kommo-o|0 fnt\n|faint|p2a: Kommo-o\n|-damage|p1a: Ursaluna|80\/100|[from] item: Life Orb\n|\n|upkeep\n|\n|t:|1698028433\n|switch|p2a: Chandelure|Chandelure, M|24\/100\n|turn|18\n|j| Nujii\n|inactive|Thmonster has 120 seconds left.\n|l| Nujii\n|\n|t:|1698028469\n|move|p1a: Ursaluna|Vacuum Wave|p2a: Chandelure\n|-damage|p2a: Chandelure|0 fnt\n|faint|p2a: Chandelure\n|-damage|p1a: Ursaluna|70\/100|[from] item: Life Orb\n|\n|upkeep\n|c|\u2606Blake-Mamba|I didn\u2019t know it got vacuum wave , pretty cool tbh\n|\n|t:|1698028483\n|switch|p2a: Ogerpon|Ogerpon-Hearthflame, F|100\/100\n|-ability|p2a: Ogerpon|Mold Breaker\n|turn|19\n|inactive|Thmonster has 120 seconds left.\n|\n|t:|1698028501\n|move|p2a: Ogerpon|Horn Leech|p1a: Ursaluna\n|-supereffective|p1a: Ursaluna\n|-damage|p1a: Ursaluna|6\/100\n|move|p1a: Ursaluna|Blood Moon|p2a: Ogerpon\n|-damage|p2a: Ogerpon|0 fnt\n|faint|p2a: Ogerpon\n|-damage|p1a: Ursaluna|0 fnt|[from] item: Life Orb\n|faint|p1a: Ursaluna\n|\n|win|Blake-Mamba\n|raw|Thmonster's rating: 1361 &rarr; <strong>1334<\/strong><br \/>(-27 for losing)\n|raw|Blake-Mamba's rating: 1233 &rarr; <strong>1267<\/strong><br \/>(+34 for winning)\n|c|\u2606Blake-Mamba|Gg\n|l|\u203dThmonster\n","uploadtime":1698028522,"views":15,"p1id":"thmonster","p2id":"blakemamba","formatid":"gen9ubers","rating":1267,"private":0,"password":""}