{"id":"gen9ubers-1987870093","p1":"Pickedman","p2":"Rei_darkness","format":"[Gen 9] Ubers","log":"|j|\u2606Pickedman\n|j|\u2606Rei_darkness\n|t:|1699644428\n|gametype|singles\n|player|p1|Pickedman|zinnia|\n|player|p2|Rei_darkness|drayden|\n|teamsize|p1|6\n|teamsize|p2|6\n|gen|9\n|tier|[Gen 9] Ubers\n|rule|Sleep Clause Mod: Limit one foe put to sleep\n|rule|Species Clause: Limit one of each Pok\u00e9mon\n|rule|OHKO Clause: OHKO moves are banned\n|rule|Evasion Items Clause: Evasion items are banned\n|rule|Evasion Moves Clause: Evasion moves are banned\n|rule|Endless Battle Clause: Forcing endless battles is banned\n|rule|HP Percentage Mod: HP is shown in percentages\n|clearpoke\n|poke|p1|Falinks|\n|poke|p1|Darkrai|\n|poke|p1|Calyrex-Ice|\n|poke|p1|Annihilape, M|\n|poke|p1|Magearna|\n|poke|p1|Moltres|\n|poke|p2|Slowbro-Galar, F|\n|poke|p2|Azelf|\n|poke|p2|Victreebel, F|\n|poke|p2|Scovillain, F|\n|poke|p2|Koraidon|\n|poke|p2|Noivern, F|\n|teampreview\n|c|\u2606Rei_darkness|m\n|c|\u2606Pickedman|m\n|c|\u2606Rei_darkness|isnt calyrex ice banned\n|c|\u2606Rei_darkness|its fine\n|c|\u2606Rei_darkness|but\n|c|\u2606Pickedman|it's not\n|c|\u2606Rei_darkness|i must be stupid then\n|c|\u2606Rei_darkness|misremember\n|\n|t:|1699644476\n|start\n|switch|p1a: Annihilape|Annihilape, M|100\/100\n|switch|p2a: actualboxleg|Koraidon|100\/100\n|-weather|SunnyDay|[from] ability: Orichalcum Pulse|[of] p2a: actualboxleg\n|-activate|p2a: actualboxleg|Orichalcum Pulse|[source]\n|turn|1\n|c|\u2606Rei_darkness|youre right\n|c|\u2606Rei_darkness|im sutpid\n|\n|t:|1699644499\n|move|p2a: actualboxleg|Fire Blast|p1a: Annihilape\n|-damage|p1a: Annihilape|73\/100\n|move|p1a: Annihilape|Stealth Rock|p2a: actualboxleg\n|-sidestart|p2: Rei_darkness|move: Stealth Rock\n|\n|-weather|SunnyDay|[upkeep]\n|-heal|p1a: Annihilape|80\/100|[from] item: Leftovers\n|upkeep\n|turn|2\n|\n|t:|1699644506\n|switch|p2a: This>Geezing|Noivern, F|100\/100\n|-item|p1a: Annihilape|Leftovers|[from] ability: Frisk|[of] p2a: This>Geezing|[identify]\n|move|p1a: Annihilape|Night Shade|p2a: This>Geezing\n|-damage|p2a: This>Geezing|74\/100\n|\n|-weather|SunnyDay|[upkeep]\n|-heal|p1a: Annihilape|86\/100|[from] item: Leftovers\n|upkeep\n|turn|3\n|\n|t:|1699644518\n|move|p1a: Annihilape|Final Gambit|p2a: This>Geezing\n|-damage|p2a: This>Geezing|0 fnt\n|faint|p1a: Annihilape\n|faint|p2a: This>Geezing\n|\n|-weather|SunnyDay|[upkeep]\n|upkeep\n|\n|t:|1699644536\n|switch|p2a: Azelf|Azelf|100\/100\n|switch|p1a: Darkrai|Darkrai|100\/100\n|-damage|p2a: Azelf|88\/100|[from] Stealth Rock\n|turn|4\n|\n|t:|1699644541\n|move|p1a: Darkrai|Knock Off|p2a: Azelf\n|-supereffective|p2a: Azelf\n|-damage|p2a: Azelf|0 fnt\n|-enditem|p2a: Azelf|Choice Band|[from] move: Knock Off|[of] p1a: Darkrai\n|faint|p2a: Azelf\n|\n|-weather|SunnyDay|[upkeep]\n|upkeep\n|\n|t:|1699644550\n|switch|p2a: actualboxleg|Koraidon|100\/100\n|-damage|p2a: actualboxleg|94\/100|[from] Stealth Rock\n|-activate|p2a: actualboxleg|ability: Orichalcum Pulse\n|turn|5\n|\n|t:|1699644555\n|switch|p1a: Moltres|Moltres|100\/100\n|move|p2a: actualboxleg|Solar Beam||[still]\n|-prepare|p2a: actualboxleg|Solar Beam\n|-anim|p2a: actualboxleg|Solar Beam|p1a: Moltres\n|-resisted|p1a: Moltres\n|-damage|p1a: Moltres|95\/100\n|\n|-weather|SunnyDay|[upkeep]\n|upkeep\n|turn|6\n|\n|t:|1699644560\n|move|p2a: actualboxleg|Ancient Power|p1a: Moltres\n|-supereffective|p1a: Moltres\n|-damage|p1a: Moltres|52\/100\n|move|p1a: Moltres|U-turn|p2a: actualboxleg\n|-resisted|p2a: actualboxleg\n|-damage|p2a: actualboxleg|88\/100\n|\n|t:|1699644567\n|switch|p1a: Magearna|Magearna|100\/100|[from] U-turn\n|\n|-weather|SunnyDay|[upkeep]\n|upkeep\n|turn|7\n|\n|t:|1699644571\n|move|p2a: actualboxleg|Fire Blast|p1a: Magearna\n|-supereffective|p1a: Magearna\n|-damage|p1a: Magearna|31\/100\n|move|p1a: Magearna|Play Rough|p2a: actualboxleg\n|-supereffective|p2a: actualboxleg\n|-damage|p2a: actualboxleg|0 fnt\n|faint|p2a: actualboxleg\n|-ability|p1a: Magearna|Soul-Heart|boost\n|-boost|p1a: Magearna|spa|1\n|\n|-weather|SunnyDay|[upkeep]\n|upkeep\n|\n|t:|1699644576\n|switch|p2a: gen9shitmon|Scovillain, F|100\/100\n|-damage|p2a: gen9shitmon|76\/100|[from] Stealth Rock\n|turn|8\n|\n|t:|1699644580\n|switch|p1a: Moltres|Moltres|52\/100\n|move|p2a: gen9shitmon|Growth|p2a: gen9shitmon\n|-boost|p2a: gen9shitmon|atk|2\n|-boost|p2a: gen9shitmon|spa|2\n|\n|-weather|none\n|upkeep\n|turn|9\n|\n|t:|1699644589\n|move|p2a: gen9shitmon|Lash Out|p1a: Moltres\n|-damage|p1a: Moltres|7\/100\n|move|p1a: Moltres|Roost|p1a: Moltres\n|-heal|p1a: Moltres|57\/100\n|-singleturn|p1a: Moltres|move: Roost\n|\n|upkeep\n|turn|10\n|\n|t:|1699644596\n|move|p2a: gen9shitmon|Lash Out|p1a: Moltres\n|-damage|p1a: Moltres|8\/100\n|move|p1a: Moltres|Flare Blitz|p2a: gen9shitmon\n|-damage|p2a: gen9shitmon|6\/100\n|-damage|p1a: Moltres|0 fnt|[from] Recoil\n|faint|p1a: Moltres\n|\n|upkeep\n|\n|t:|1699644607\n|switch|p1a: Darkrai|Darkrai|100\/100\n|turn|11\n|\n|t:|1699644612\n|move|p1a: Darkrai|Knock Off|p2a: gen9shitmon\n|-crit|p2a: gen9shitmon\n|-damage|p2a: gen9shitmon|0 fnt\n|-enditem|p2a: gen9shitmon|Focus Sash|[from] move: Knock Off|[of] p1a: Darkrai\n|faint|p2a: gen9shitmon\n|\n|upkeep\n|\n|t:|1699644613\n|switch|p2a: Cowgurl|Slowbro-Galar, F|100\/100\n|-damage|p2a: Cowgurl|88\/100|[from] Stealth Rock\n|turn|12\n|\n|t:|1699644619\n|-terastallize|p2a: Cowgurl|Fire\n|move|p1a: Darkrai|Knock Off|p2a: Cowgurl\n|-damage|p2a: Cowgurl|51\/100\n|-enditem|p2a: Cowgurl|Quick Claw|[from] move: Knock Off|[of] p1a: Darkrai\n|move|p2a: Cowgurl|Nasty Plot|p2a: Cowgurl\n|-boost|p2a: Cowgurl|spa|2\n|\n|upkeep\n|turn|13\n|-activate|p2a: Cowgurl|ability: Quick Draw\n|\n|t:|1699644627\n|move|p2a: Cowgurl|Fire Blast|p1a: Darkrai\n|-damage|p1a: Darkrai|0 fnt\n|faint|p1a: Darkrai\n|\n|upkeep\n|c|\u2606Rei_darkness|this is like, the aerodactyl of contrarian mons\n|c|\u2606Rei_darkness|if theres a glowbro theres a small hope\n|\n|t:|1699644662\n|switch|p1a: Calyrex|Calyrex-Ice|100\/100\n|-ability|p1a: Calyrex|As One\n|-ability|p1a: Calyrex|Unnerve\n|turn|14\n|\n|t:|1699644667\n|-terastallize|p1a: Calyrex|Fairy\n|move|p1a: Calyrex|Calm Mind|p1a: Calyrex\n|-boost|p1a: Calyrex|spa|1\n|-boost|p1a: Calyrex|spd|1\n|move|p2a: Cowgurl|Fire Blast|p1a: Calyrex\n|-damage|p1a: Calyrex|51\/100\n|\n|-heal|p1a: Calyrex|57\/100|[from] item: Leftovers\n|upkeep\n|turn|15\n|\n|t:|1699644685\n|move|p1a: Calyrex|Calm Mind|p1a: Calyrex\n|-boost|p1a: Calyrex|spa|1\n|-boost|p1a: Calyrex|spd|1\n|move|p2a: Cowgurl|Psyshock|p1a: Calyrex\n|-damage|p1a: Calyrex|11\/100\n|\n|-heal|p1a: Calyrex|17\/100|[from] item: Leftovers\n|upkeep\n|turn|16\n|-activate|p2a: Cowgurl|ability: Quick Draw\n|\n|t:|1699644730\n|move|p2a: Cowgurl|Psyshock|p1a: Calyrex\n|-damage|p1a: Calyrex|0 fnt\n|faint|p1a: Calyrex\n|\n|upkeep\n|\n|t:|1699644735\n|switch|p1a: Magearna|Magearna|31\/100\n|turn|17\n|\n|t:|1699644744\n|move|p1a: Magearna|Iron Head|p2a: Cowgurl\n|-resisted|p2a: Cowgurl\n|-damage|p2a: Cowgurl|26\/100\n|move|p2a: Cowgurl|Fire Blast|p1a: Magearna\n|-supereffective|p1a: Magearna\n|-damage|p1a: Magearna|0 fnt\n|faint|p1a: Magearna\n|\n|upkeep\n|\n|t:|1699644749\n|switch|p1a: Falinks|Falinks|100\/100\n|turn|18\n|\n|t:|1699644756\n|move|p1a: Falinks|Uproar|p2a: Cowgurl\n|-damage|p2a: Cowgurl|1\/100\n|-start|p1a: Falinks|Uproar\n|-enditem|p1a: Falinks|Throat Spray\n|-boost|p1a: Falinks|spa|1|[from] item: Throat Spray\n|move|p2a: Cowgurl|Psyshock|p1a: Falinks\n|-supereffective|p1a: Falinks\n|-damage|p1a: Falinks|0 fnt\n|faint|p1a: Falinks\n|\n|win|Rei_darkness\n|c|\u2606Pickedman|gg\n|l|\u2606Pickedman\n|c|\u2606Rei_darkness|glowbro goat\n","uploadtime":1699644766,"views":16,"p1id":"pickedman","p2id":"reidarkness","formatid":"gen9ubers","rating":0,"private":0,"password":""}