{"id":"gen9ubers-1996506193","p1":"dialiboboss_yt","p2":"Tatertank","format":"[Gen 9] Ubers","log":"|j|\u2606dialiboboss_yt\n|j|\u2606Tatertank\n|t:|1700688665\n|gametype|singles\n|player|p1|dialiboboss_yt|101|\n|player|p2|Tatertank|169|\n|teamsize|p1|6\n|teamsize|p2|6\n|gen|9\n|tier|[Gen 9] Ubers\n|rule|Sleep Clause Mod: Limit one foe put to sleep\n|rule|Species Clause: Limit one of each Pok\u00e9mon\n|rule|OHKO Clause: OHKO moves are banned\n|rule|Evasion Items Clause: Evasion items are banned\n|rule|Evasion Moves Clause: Evasion moves are banned\n|rule|Endless Battle Clause: Forcing endless battles is banned\n|rule|HP Percentage Mod: HP is shown in percentages\n|clearpoke\n|poke|p1|Ting-Lu|\n|poke|p1|Magnezone|\n|poke|p1|Ogerpon-Cornerstone, F|\n|poke|p1|Hippowdon, M|\n|poke|p1|Orthworm, F|\n|poke|p1|Lucario, M|\n|poke|p2|Milotic, F|\n|poke|p2|Gliscor, M|\n|poke|p2|Breloom, F|\n|poke|p2|Heatran, F|\n|poke|p2|Salamence, M|\n|poke|p2|Slither Wing|\n|teampreview\n|\n|t:|1700688685\n|start\n|switch|p1a: star platnium|Lucario, M|100\/100\n|switch|p2a: Slither Wing|Slither Wing|100\/100\n|turn|1\n|inactive|Battle timer is ON: inactive players will automatically lose when time's up. (requested by Tatertank)\n|\n|t:|1700688695\n|move|p1a: star platnium|Flash Cannon|p2a: Slither Wing\n|-damage|p2a: Slither Wing|57\/100\n|move|p2a: Slither Wing|Bulk Up|p2a: Slither Wing\n|-boost|p2a: Slither Wing|atk|1\n|-boost|p2a: Slither Wing|def|1\n|\n|upkeep\n|turn|2\n|\n|t:|1700688703\n|move|p1a: star platnium|Flash Cannon|p2a: Slither Wing\n|-damage|p2a: Slither Wing|15\/100\n|move|p2a: Slither Wing|Flame Charge|p1a: star platnium\n|-supereffective|p1a: star platnium\n|-damage|p1a: star platnium|14\/100\n|-boost|p2a: Slither Wing|spe|1\n|\n|upkeep\n|turn|3\n|\n|t:|1700688712\n|move|p2a: Slither Wing|Flame Charge|p1a: star platnium\n|-supereffective|p1a: star platnium\n|-damage|p1a: star platnium|0 fnt\n|-boost|p2a: Slither Wing|spe|1\n|faint|p1a: star platnium\n|\n|upkeep\n|\n|t:|1700688728\n|switch|p1a: the sun|Hippowdon, M|100\/100\n|-weather|Sandstorm|[from] ability: Sand Stream|[of] p1a: the sun\n|turn|4\n|\n|t:|1700688736\n|move|p1a: the sun|Protect|p1a: the sun\n|-singleturn|p1a: the sun|Protect\n|move|p2a: Slither Wing|Close Combat|p1a: the sun\n|-activate|p1a: the sun|move: Protect\n|\n|-weather|Sandstorm|[upkeep]\n|-damage|p2a: Slither Wing|9\/100|[from] Sandstorm\n|upkeep\n|turn|5\n|\n|t:|1700688746\n|move|p2a: Slither Wing|Close Combat|p1a: the sun\n|-damage|p1a: the sun|53\/100\n|-unboost|p2a: Slither Wing|def|1\n|-unboost|p2a: Slither Wing|spd|1\n|move|p1a: the sun|Earthquake|p2a: Slither Wing\n|-resisted|p2a: Slither Wing\n|-damage|p2a: Slither Wing|0 fnt\n|faint|p2a: Slither Wing\n|-end|p2a: Slither Wing|Protosynthesis|[silent]\n|\n|-weather|Sandstorm|[upkeep]\n|upkeep\n|\n|t:|1700688756\n|switch|p2a: Gliscor|Gliscor, M, shiny|100\/100\n|turn|6\n|\n|t:|1700688758\n|move|p2a: Gliscor|Swords Dance|p2a: Gliscor\n|-boost|p2a: Gliscor|atk|2\n|move|p1a: the sun|Yawn|p2a: Gliscor\n|-start|p2a: Gliscor|move: Yawn|[of] p1a: the sun\n|\n|-weather|Sandstorm|[upkeep]\n|-status|p2a: Gliscor|tox|[from] item: Toxic Orb\n|upkeep\n|turn|7\n|\n|t:|1700688767\n|move|p1a: the sun|Protect|p1a: the sun\n|-singleturn|p1a: the sun|Protect\n|move|p2a: Gliscor|Facade|p1a: the sun\n|-activate|p1a: the sun|move: Protect\n|\n|-weather|Sandstorm|[upkeep]\n|-end|p2a: Gliscor|move: Yawn|[silent]\n|upkeep\n|turn|8\n|\n|t:|1700688786\n|move|p2a: Gliscor|Facade|p1a: the sun\n|-damage|p1a: the sun|14\/100\n|move|p1a: the sun|Body Press|p2a: Gliscor\n|-resisted|p2a: Gliscor\n|-damage|p2a: Gliscor|87\/100 tox\n|\n|-weather|Sandstorm|[upkeep]\n|-heal|p2a: Gliscor|99\/100 tox|[from] ability: Poison Heal\n|upkeep\n|turn|9\n|\n|t:|1700688801\n|move|p1a: the sun|Protect|p1a: the sun\n|-singleturn|p1a: the sun|Protect\n|move|p2a: Gliscor|Facade|p1a: the sun\n|-activate|p1a: the sun|move: Protect\n|\n|-weather|Sandstorm|[upkeep]\n|-heal|p2a: Gliscor|100\/100 tox|[from] ability: Poison Heal\n|upkeep\n|turn|10\n|\n|t:|1700688809\n|move|p2a: Gliscor|Facade|p1a: the sun\n|-crit|p1a: the sun\n|-damage|p1a: the sun|0 fnt\n|faint|p1a: the sun\n|\n|-weather|Sandstorm|[upkeep]\n|upkeep\n|\n|t:|1700688823\n|switch|p1a: heirophant green|Ting-Lu|100\/100\n|-ability|p1a: heirophant green|Vessel of Ruin\n|turn|11\n|inactive|dialiboboss_yt has 270 seconds left.\n|\n|t:|1700688849\n|move|p2a: Gliscor|Facade|p1a: heirophant green\n|-damage|p1a: heirophant green|69\/100\n|move|p1a: heirophant green|Heavy Slam|p2a: Gliscor\n|-damage|p2a: Gliscor|72\/100 tox\n|\n|-weather|none\n|-heal|p2a: Gliscor|84\/100 tox|[from] ability: Poison Heal\n|upkeep\n|turn|12\n|inactive|dialiboboss_yt has 270 seconds left.\n|\n|t:|1700688861\n|move|p2a: Gliscor|Swords Dance|p2a: Gliscor\n|-boost|p2a: Gliscor|atk|2\n|move|p1a: heirophant green|Heavy Slam|p2a: Gliscor\n|-damage|p2a: Gliscor|57\/100 tox\n|\n|-heal|p2a: Gliscor|69\/100 tox|[from] ability: Poison Heal\n|upkeep\n|turn|13\n|inactive|dialiboboss_yt has 270 seconds left.\n|\n|t:|1700688869\n|move|p2a: Gliscor|Protect|p2a: Gliscor\n|-singleturn|p2a: Gliscor|Protect\n|move|p1a: heirophant green|Heavy Slam|p2a: Gliscor\n|-activate|p2a: Gliscor|move: Protect\n|\n|-heal|p2a: Gliscor|81\/100 tox|[from] ability: Poison Heal\n|upkeep\n|turn|14\n|\n|t:|1700688875\n|move|p2a: Gliscor|Facade|p1a: heirophant green\n|-damage|p1a: heirophant green|23\/100\n|-enditem|p1a: heirophant green|Aguav Berry|[eat]\n|-heal|p1a: heirophant green|57\/100|[from] item: Aguav Berry\n|move|p1a: heirophant green|Heavy Slam|p2a: Gliscor\n|-damage|p2a: Gliscor|50\/100 tox\n|\n|-heal|p2a: Gliscor|63\/100 tox|[from] ability: Poison Heal\n|upkeep\n|turn|15\n|\n|t:|1700688882\n|move|p2a: Gliscor|Protect|p2a: Gliscor\n|-singleturn|p2a: Gliscor|Protect\n|move|p1a: heirophant green|Heavy Slam|p2a: Gliscor\n|-activate|p2a: Gliscor|move: Protect\n|\n|-heal|p2a: Gliscor|75\/100 tox|[from] ability: Poison Heal\n|upkeep\n|turn|16\n|\n|t:|1700688885\n|move|p2a: Gliscor|Facade|p1a: heirophant green\n|-damage|p1a: heirophant green|12\/100\n|move|p1a: heirophant green|Heavy Slam|p2a: Gliscor\n|-damage|p2a: Gliscor|45\/100 tox\n|\n|-heal|p2a: Gliscor|57\/100 tox|[from] ability: Poison Heal\n|upkeep\n|turn|17\n|\n|t:|1700688891\n|move|p2a: Gliscor|Facade|p1a: heirophant green\n|-damage|p1a: heirophant green|0 fnt\n|faint|p1a: heirophant green\n|\n|-heal|p2a: Gliscor|70\/100 tox|[from] ability: Poison Heal\n|upkeep\n|\n|t:|1700688909\n|switch|p1a: stray cat|Ogerpon-Cornerstone, F|100\/100\n|turn|18\n|\n|t:|1700688931\n|move|p1a: stray cat|Ivy Cudgel|p2a: Gliscor|[anim] Ivy Cudgel Rock\n|-damage|p2a: Gliscor|11\/100 tox\n|move|p2a: Gliscor|Earthquake|p1a: stray cat\n|-ability|p1a: stray cat|Sturdy\n|-damage|p1a: stray cat|1\/100\n|\n|-heal|p2a: Gliscor|24\/100 tox|[from] ability: Poison Heal\n|upkeep\n|turn|19\n|\n|t:|1700688939\n|move|p2a: Gliscor|Protect|p2a: Gliscor\n|-singleturn|p2a: Gliscor|Protect\n|move|p1a: stray cat|Ivy Cudgel|p2a: Gliscor|[anim] Ivy Cudgel Rock\n|-activate|p2a: Gliscor|move: Protect\n|\n|-heal|p2a: Gliscor|36\/100 tox|[from] ability: Poison Heal\n|upkeep\n|turn|20\n|\n|t:|1700688948\n|switch|p2a: Breloom|Breloom, F|100\/100\n|move|p1a: stray cat|Ivy Cudgel|p2a: Breloom|[anim] Ivy Cudgel Rock\n|-resisted|p2a: Breloom\n|-damage|p2a: Breloom|54\/100\n|\n|upkeep\n|turn|21\n|\n|t:|1700688955\n|switch|p1a: super fly|Magnezone|100\/100\n|move|p2a: Breloom|Mach Punch|p1a: super fly\n|-supereffective|p1a: super fly\n|-damage|p1a: super fly|61\/100\n|\n|-heal|p1a: super fly|68\/100|[from] item: Leftovers\n|upkeep\n|turn|22\n|\n|t:|1700688964\n|move|p2a: Breloom|Spore|p1a: super fly\n|-status|p1a: super fly|slp|[from] move: Spore\n|cant|p1a: super fly|slp\n|\n|-heal|p1a: super fly|74\/100 slp|[from] item: Leftovers\n|upkeep\n|turn|23\n|\n|t:|1700688967\n|switch|p2a: Gliscor|Gliscor, M, shiny|36\/100 tox\n|cant|p1a: super fly|slp\n|\n|-heal|p1a: super fly|80\/100 slp|[from] item: Leftovers\n|-heal|p2a: Gliscor|49\/100 tox|[from] ability: Poison Heal\n|upkeep\n|turn|24\n|\n|t:|1700688975\n|move|p2a: Gliscor|Swords Dance|p2a: Gliscor\n|-boost|p2a: Gliscor|atk|2\n|-curestatus|p1a: super fly|slp|[msg]\n|move|p1a: super fly|Flash Cannon|p2a: Gliscor\n|-damage|p2a: Gliscor|0 fnt\n|faint|p2a: Gliscor\n|\n|-heal|p1a: super fly|86\/100|[from] item: Leftovers\n|upkeep\n|\n|t:|1700688983\n|switch|p2a: Heatran|Heatran, F|100\/100\n|turn|25\n|\n|t:|1700688986\n|move|p2a: Heatran|Magma Storm|p1a: super fly\n|-supereffective|p1a: super fly\n|-damage|p1a: super fly|0 fnt\n|faint|p1a: super fly\n|\n|upkeep\n|\n|t:|1700688995\n|switch|p1a: rhcp|Orthworm, F|100\/100\n|turn|26\n|\n|t:|1700689006\n|-terastallize|p1a: rhcp|Electric\n|move|p2a: Heatran|Stealth Rock|p1a: rhcp\n|-sidestart|p1: dialiboboss_yt|move: Stealth Rock\n|move|p1a: rhcp|Coil|p1a: rhcp\n|-boost|p1a: rhcp|atk|1\n|-boost|p1a: rhcp|def|1\n|-boost|p1a: rhcp|accuracy|1\n|\n|upkeep\n|turn|27\n|\n|t:|1700689013\n|move|p2a: Heatran|Taunt|p1a: rhcp\n|-start|p1a: rhcp|move: Taunt\n|move|p1a: rhcp|Earthquake|p2a: Heatran\n|-supereffective|p2a: Heatran\n|-damage|p2a: Heatran|0 fnt\n|faint|p2a: Heatran\n|\n|upkeep\n|\n|t:|1700689022\n|switch|p2a: Milotic|Milotic, F, shiny|100\/100\n|turn|28\n|\n|t:|1700689027\n|-terastallize|p2a: Milotic|Grass\n|move|p2a: Milotic|Scald|p1a: rhcp\n|-damage|p1a: rhcp|57\/100\n|move|p1a: rhcp|Tera Blast|p2a: Milotic|[anim] Tera Blast Electric\n|-resisted|p2a: Milotic\n|-damage|p2a: Milotic|81\/100\n|\n|-heal|p2a: Milotic|88\/100|[from] item: Leftovers\n|-heal|p1a: rhcp|64\/100|[from] item: Leftovers\n|upkeep\n|turn|29\n|\n|t:|1700689041\n|move|p2a: Milotic|Scald|p1a: rhcp\n|-damage|p1a: rhcp|21\/100\n|move|p1a: rhcp|Body Press|p2a: Milotic\n|-damage|p2a: Milotic|58\/100\n|\n|-heal|p2a: Milotic|64\/100|[from] item: Leftovers\n|-heal|p1a: rhcp|27\/100|[from] item: Leftovers\n|-end|p1a: rhcp|move: Taunt\n|upkeep\n|turn|30\n|\n|t:|1700689064\n|move|p2a: Milotic|Scald|p1a: rhcp\n|-damage|p1a: rhcp|0 fnt\n|faint|p1a: rhcp\n|\n|-heal|p2a: Milotic|71\/100|[from] item: Leftovers\n|upkeep\n|\n|t:|1700689075\n|switch|p1a: stray cat|Ogerpon-Cornerstone, F|1\/100\n|-damage|p1a: stray cat|0 fnt|[from] Stealth Rock\n|faint|p1a: stray cat\n|\n|win|Tatertank\n","uploadtime":1700689083,"views":2,"p1id":"dialibobossyt","p2id":"tatertank","formatid":"gen9ubers","rating":0,"private":0,"password":""}