{"id":"gen9ubers-1980521215","p1":"WARIOROFLIBERATION","p2":"rev832","format":"[Gen 9] Ubers","log":"|j|\u2606WARIOROFLIBERATION\n|j|\u203drev832\n|t:|1698793110\n|gametype|singles\n|player|p1|WARIOROFLIBERATION|red-gen2|1148\n|player|p2|rev832|266|1149\n|teamsize|p1|6\n|teamsize|p2|6\n|gen|9\n|tier|[Gen 9] Ubers\n|rated|\n|rule|Sleep Clause Mod: Limit one foe put to sleep\n|rule|Species Clause: Limit one of each Pok\u00e9mon\n|rule|OHKO Clause: OHKO moves are banned\n|rule|Evasion Items Clause: Evasion items are banned\n|rule|Evasion Moves Clause: Evasion moves are banned\n|rule|Endless Battle Clause: Forcing endless battles is banned\n|rule|HP Percentage Mod: HP is shown in percentages\n|clearpoke\n|poke|p1|Ursaluna, M|\n|poke|p1|Calyrex-Ice|\n|poke|p1|Magearna|\n|poke|p1|Basculegion, M|\n|poke|p1|Hatterene, F|\n|poke|p1|Dialga-Origin|\n|poke|p2|Koraidon|\n|poke|p2|Roaring Moon|\n|poke|p2|Ogerpon-Hearthflame, F|\n|poke|p2|Flutter Mane|\n|poke|p2|Shaymin-Sky|\n|poke|p2|Regieleki|\n|teampreview\n|inactive|Battle timer is ON: inactive players will automatically lose when time's up. (requested by rev832)\n|inactive|WARIOROFLIBERATION has 120 seconds left.\n|\n|t:|1698793159\n|start\n|switch|p1a: BAJRANGAAAAA GUN\ud83d\udd2b|Hatterene, F|100\/100\n|switch|p2a: Shaymin|Shaymin-Sky|100\/100\n|turn|1\n|\n|t:|1698793165\n|switch|p1a: BAJRANGA GUNN\ud83d\udd2b|Dialga-Origin, shiny|100\/100\n|-ability|p1a: BAJRANGA GUNN\ud83d\udd2b|Pressure\n|move|p2a: Shaymin|Air Slash|p1a: BAJRANGA GUNN\ud83d\udd2b\n|-resisted|p1a: BAJRANGA GUNN\ud83d\udd2b\n|-damage|p1a: BAJRANGA GUNN\ud83d\udd2b|87\/100\n|\n|upkeep\n|turn|2\n|\n|t:|1698793171\n|move|p2a: Shaymin|Earth Power|p1a: BAJRANGA GUNN\ud83d\udd2b\n|-supereffective|p1a: BAJRANGA GUNN\ud83d\udd2b\n|-damage|p1a: BAJRANGA GUNN\ud83d\udd2b|44\/100\n|move|p1a: BAJRANGA GUNN\ud83d\udd2b|Trick Room|p1a: BAJRANGA GUNN\ud83d\udd2b\n|-fieldstart|move: Trick Room|[of] p1a: BAJRANGA GUNN\ud83d\udd2b\n|\n|upkeep\n|turn|3\n|\n|t:|1698793178\n|move|p1a: BAJRANGA GUNN\ud83d\udd2b|Stealth Rock|p2a: Shaymin\n|-sidestart|p2: rev832|move: Stealth Rock\n|move|p2a: Shaymin|Earth Power|p1a: BAJRANGA GUNN\ud83d\udd2b\n|-supereffective|p1a: BAJRANGA GUNN\ud83d\udd2b\n|-damage|p1a: BAJRANGA GUNN\ud83d\udd2b|1\/100\n|\n|upkeep\n|turn|4\n|\n|t:|1698793185\n|move|p1a: BAJRANGA GUNN\ud83d\udd2b|Steel Beam|p2a: Shaymin\n|-damage|p2a: Shaymin|0 fnt\n|-damage|p1a: BAJRANGA GUNN\ud83d\udd2b|0 fnt|[from] steelbeam\n|faint|p1a: BAJRANGA GUNN\ud83d\udd2b\n|faint|p2a: Shaymin\n|\n|upkeep\n|inactive|WARIOROFLIBERATION has 120 seconds left.\n|\n|t:|1698793239\n|switch|p1a: BAJRANGAAAA GUN\ud83d\udd2b|Basculegion, M, shiny|100\/100\n|switch|p2a: Flutter Mane|Flutter Mane|100\/100\n|-damage|p2a: Flutter Mane|88\/100|[from] Stealth Rock\n|turn|5\n|\n|t:|1698793246\n|move|p1a: BAJRANGAAAA GUN\ud83d\udd2b|Last Respects|p2a: Flutter Mane\n|-supereffective|p2a: Flutter Mane\n|-damage|p2a: Flutter Mane|0 fnt\n|faint|p2a: Flutter Mane\n|-end|p2a: Flutter Mane|Protosynthesis|[silent]\n|\n|upkeep\n|\n|t:|1698793249\n|switch|p2a: Roaring Moon|Roaring Moon|100\/100\n|-damage|p2a: Roaring Moon|88\/100|[from] Stealth Rock\n|turn|6\n|inactive|WARIOROFLIBERATION has 120 seconds left.\n|\n|t:|1698793269\n|move|p1a: BAJRANGAAAA GUN\ud83d\udd2b|Last Respects|p2a: Roaring Moon\n|-resisted|p2a: Roaring Moon\n|-damage|p2a: Roaring Moon|18\/100\n|move|p2a: Roaring Moon|Dragon Dance|p2a: Roaring Moon\n|-boost|p2a: Roaring Moon|atk|1\n|-boost|p2a: Roaring Moon|spe|1\n|\n|-fieldend|move: Trick Room\n|upkeep\n|turn|7\n|\n|t:|1698793278\n|switch|p1a: BAJRANGAA GUN\ud83d\udd2b|Calyrex-Ice|100\/100\n|-ability|p1a: BAJRANGAA GUN\ud83d\udd2b|As One\n|-ability|p1a: BAJRANGAA GUN\ud83d\udd2b|Unnerve\n|move|p2a: Roaring Moon|Knock Off|p1a: BAJRANGAA GUN\ud83d\udd2b\n|-supereffective|p1a: BAJRANGAA GUN\ud83d\udd2b\n|-damage|p1a: BAJRANGAA GUN\ud83d\udd2b|12\/100\n|-enditem|p1a: BAJRANGAA GUN\ud83d\udd2b|Life Orb|[from] move: Knock Off|[of] p2a: Roaring Moon\n|\n|upkeep\n|turn|8\n|inactive|WARIOROFLIBERATION has 120 seconds left.\n|\n|t:|1698793288\n|move|p2a: Roaring Moon|Iron Head|p1a: BAJRANGAA GUN\ud83d\udd2b\n|-supereffective|p1a: BAJRANGAA GUN\ud83d\udd2b\n|-damage|p1a: BAJRANGAA GUN\ud83d\udd2b|0 fnt\n|faint|p1a: BAJRANGAA GUN\ud83d\udd2b\n|\n|upkeep\n|inactive|WARIOROFLIBERATION has 90 seconds left.\n|\n|t:|1698793325\n|switch|p1a: BAJRANGAAAAA GUN\ud83d\udd2b|Hatterene, F|100\/100\n|turn|9\n|\n|t:|1698793329\n|move|p2a: Roaring Moon|Iron Head|p1a: BAJRANGAAAAA GUN\ud83d\udd2b\n|-supereffective|p1a: BAJRANGAAAAA GUN\ud83d\udd2b\n|-damage|p1a: BAJRANGAAAAA GUN\ud83d\udd2b|11\/100\n|move|p1a: BAJRANGAAAAA GUN\ud83d\udd2b|Trick Room|p1a: BAJRANGAAAAA GUN\ud83d\udd2b\n|-fieldstart|move: Trick Room|[of] p1a: BAJRANGAAAAA GUN\ud83d\udd2b\n|\n|upkeep\n|turn|10\n|\n|t:|1698793334\n|move|p1a: BAJRANGAAAAA GUN\ud83d\udd2b|Healing Wish|p1a: BAJRANGAAAAA GUN\ud83d\udd2b\n|faint|p1a: BAJRANGAAAAA GUN\ud83d\udd2b\n|move|p2a: Roaring Moon|Iron Head|p1: BAJRANGAAAAA GUN\ud83d\udd2b|[notarget]\n|-fail|p2a: Roaring Moon\n|\n|upkeep\n|\n|t:|1698793345\n|switch|p1a: BAJRANGAAAA GUN\ud83d\udd2b|Basculegion, M, shiny|100\/100\n|turn|11\n|\n|t:|1698793351\n|move|p1a: BAJRANGAAAA GUN\ud83d\udd2b|Last Respects|p2a: Roaring Moon\n|-resisted|p2a: Roaring Moon\n|-damage|p2a: Roaring Moon|0 fnt\n|faint|p2a: Roaring Moon\n|-end|p2a: Roaring Moon|Protosynthesis|[silent]\n|\n|upkeep\n|-message|rev832 forfeited.\n|\n|win|WARIOROFLIBERATION\n|raw|WARIOROFLIBERATION's rating: 1148 &rarr; <strong>1173<\/strong><br \/>(+25 for winning)\n|raw|rev832's rating: 1149 &rarr; <strong>1124<\/strong><br \/>(-25 for losing)\n|l|\u203drev832\n","uploadtime":1698793377,"views":12,"p1id":"wariorofliberation","p2id":"rev832","formatid":"gen9ubers","rating":1124,"private":0,"password":""}