{"id":"gen9ubers-1998849946","p1":"Meepbiscuit","p2":"MasterEvi","format":"[Gen 9] Ubers","log":"|j|\u2606Meepbiscuit\n|j|\u2606MasterEvi\n|t:|1701002896\n|gametype|singles\n|player|p1|Meepbiscuit|dawn-gen4pt|1054\n|player|p2|MasterEvi|acetrainerf|1000\n|teamsize|p1|6\n|teamsize|p2|6\n|gen|9\n|tier|[Gen 9] Ubers\n|rated|\n|rule|Sleep Clause Mod: Limit one foe put to sleep\n|rule|Species Clause: Limit one of each Pok\u00e9mon\n|rule|OHKO Clause: OHKO moves are banned\n|rule|Evasion Items Clause: Evasion items are banned\n|rule|Evasion Moves Clause: Evasion moves are banned\n|rule|Endless Battle Clause: Forcing endless battles is banned\n|rule|HP Percentage Mod: HP is shown in percentages\n|clearpoke\n|poke|p1|Corviknight, M|\n|poke|p1|Ting-Lu|\n|poke|p1|Skeledirge, M|\n|poke|p1|Blissey, F|\n|poke|p1|Miraidon|\n|poke|p1|Gothitelle, M|\n|poke|p2|Baxcalibur, F|\n|poke|p2|Ursaluna-Bloodmoon, M|\n|poke|p2|Cinderace, M|\n|poke|p2|Blissey, F|\n|poke|p2|Ogerpon-Wellspring, F|\n|poke|p2|Eternatus|\n|teampreview\n|\n|t:|1701002904\n|start\n|switch|p1a: Gothitelle|Gothitelle, M|100\/100\n|switch|p2a: Ursaluna|Ursaluna-Bloodmoon, M|100\/100\n|turn|1\n|\n|t:|1701002911\n|switch|p1a: Corviknight|Corviknight, M|100\/100\n|-ability|p1a: Corviknight|Pressure\n|move|p2a: Ursaluna|Substitute|p2a: Ursaluna\n|-start|p2a: Ursaluna|Substitute\n|-damage|p2a: Ursaluna|76\/100\n|\n|-heal|p2a: Ursaluna|82\/100|[from] item: Leftovers\n|upkeep\n|turn|2\n|\n|t:|1701002921\n|-singleturn|p2a: Ursaluna|move: Focus Punch\n|move|p1a: Corviknight|Body Press|p2a: Ursaluna\n|-supereffective|p2a: Ursaluna\n|-end|p2a: Ursaluna|Substitute\n|move|p2a: Ursaluna|Focus Punch|p1a: Corviknight\n|-damage|p1a: Corviknight|76\/100\n|-damage|p2a: Ursaluna|65\/100|[from] item: Rocky Helmet|[of] p1a: Corviknight\n|\n|-heal|p2a: Ursaluna|71\/100|[from] item: Leftovers\n|upkeep\n|turn|3\n|\n|t:|1701002934\n|switch|p2a: Eternatus|Eternatus|100\/100\n|-ability|p2a: Eternatus|Pressure\n|move|p1a: Corviknight|Body Press|p2a: Eternatus\n|-resisted|p2a: Eternatus\n|-damage|p2a: Eternatus|90\/100\n|\n|-heal|p2a: Eternatus|97\/100|[from] item: Black Sludge\n|upkeep\n|turn|4\n|\n|t:|1701002942\n|switch|p1a: Blissey|Blissey, F|100\/100\n|move|p2a: Eternatus|Reflect|p2a: Eternatus\n|-sidestart|p2: MasterEvi|Reflect\n|\n|-heal|p2a: Eternatus|100\/100|[from] item: Black Sludge\n|upkeep\n|turn|5\n|\n|t:|1701002949\n|move|p2a: Eternatus|Light Screen|p2a: Eternatus\n|-sidestart|p2: MasterEvi|move: Light Screen\n|move|p1a: Blissey|Thunder Wave|p2a: Eternatus\n|-status|p2a: Eternatus|par\n|\n|upkeep\n|turn|6\n|\n|t:|1701002956\n|switch|p2a: Blissey|Blissey, F|100\/100\n|move|p1a: Blissey|Seismic Toss|p2a: Blissey\n|-damage|p2a: Blissey|86\/100\n|\n|-heal|p2a: Blissey|93\/100|[from] item: Leftovers\n|upkeep\n|turn|7\n|\n|t:|1701002964\n|switch|p1a: Ting-Lu|Ting-Lu|100\/100\n|-ability|p1a: Ting-Lu|Vessel of Ruin\n|move|p2a: Blissey|Heal Bell|p2a: Blissey\n|-activate|p2a: Blissey|move: Heal Bell\n|-curestatus|p2: Eternatus|par|[msg]\n|\n|-heal|p2a: Blissey|99\/100|[from] item: Leftovers\n|upkeep\n|turn|8\n|\n|t:|1701002977\n|switch|p2a: Ogerpon|Ogerpon-Wellspring, F|100\/100\n|move|p1a: Ting-Lu|Spikes|p2a: Ogerpon\n|-sidestart|p2: MasterEvi|Spikes\n|\n|-sideend|p2: MasterEvi|Reflect\n|upkeep\n|turn|9\n|\n|t:|1701002986\n|switch|p1a: Corviknight|Corviknight, M|76\/100\n|-ability|p1a: Corviknight|Pressure\n|move|p2a: Ogerpon|Knock Off|p1a: Corviknight\n|-damage|p1a: Corviknight|54\/100\n|-damage|p2a: Ogerpon|84\/100|[from] item: Rocky Helmet|[of] p1a: Corviknight\n|-enditem|p1a: Corviknight|Rocky Helmet|[from] move: Knock Off|[of] p2a: Ogerpon\n|\n|-sideend|p2: MasterEvi|move: Light Screen\n|upkeep\n|turn|10\n|\n|t:|1701002998\n|move|p2a: Ogerpon|Ivy Cudgel|p1a: Corviknight|[anim] Ivy Cudgel Water\n|-damage|p1a: Corviknight|17\/100\n|move|p1a: Corviknight|Roost|p1a: Corviknight\n|-heal|p1a: Corviknight|67\/100\n|-singleturn|p1a: Corviknight|move: Roost\n|\n|upkeep\n|turn|11\n|\n|t:|1701003010\n|-terastallize|p2a: Ogerpon|Water\n|detailschange|p2a: Ogerpon|Ogerpon-Wellspring-Tera, F, tera:Water\n|-ability|p2a: Ogerpon|Embody Aspect (Wellspring)|boost\n|-boost|p2a: Ogerpon|spd|1\n|move|p2a: Ogerpon|Ivy Cudgel|p1a: Corviknight|[anim] Ivy Cudgel Water\n|-damage|p1a: Corviknight|21\/100\n|move|p1a: Corviknight|U-turn|p2a: Ogerpon\n|-crit|p2a: Ogerpon\n|-damage|p2a: Ogerpon|54\/100\n|\n|t:|1701003022\n|switch|p1a: Miraidon|Miraidon|100\/100|[from] U-turn\n|-fieldstart|move: Electric Terrain|[from] ability: Hadron Engine|[of] p1a: Miraidon\n|\n|upkeep\n|turn|12\n|\n|t:|1701003029\n|switch|p2a: Ursaluna|Ursaluna-Bloodmoon, M|71\/100\n|-damage|p2a: Ursaluna|59\/100|[from] Spikes\n|move|p1a: Miraidon|U-turn|p2a: Ursaluna\n|-damage|p2a: Ursaluna|51\/100\n|\n|t:|1701003033\n|switch|p1a: Gothitelle|Gothitelle, M|100\/100|[from] U-turn\n|\n|-heal|p2a: Ursaluna|57\/100|[from] item: Leftovers\n|upkeep\n|turn|13\n|\n|t:|1701003044\n|move|p1a: Gothitelle|Psychic|p2a: Ursaluna\n|-damage|p2a: Ursaluna|0 fnt\n|faint|p2a: Ursaluna\n|\n|upkeep\n|\n|t:|1701003050\n|switch|p2a: Blissey|Blissey, F|99\/100\n|-damage|p2a: Blissey|86\/100|[from] Spikes\n|turn|14\n|\n|t:|1701003057\n|switch|p1a: Corviknight|Corviknight, M|21\/100\n|-ability|p1a: Corviknight|Pressure\n|move|p2a: Blissey|Seismic Toss|p1a: Corviknight\n|-damage|p1a: Corviknight|0 fnt\n|faint|p1a: Corviknight\n|\n|-heal|p2a: Blissey|93\/100|[from] item: Leftovers\n|upkeep\n|\n|t:|1701003064\n|switch|p1a: Ting-Lu|Ting-Lu|100\/100\n|-ability|p1a: Ting-Lu|Vessel of Ruin\n|turn|15\n|\n|t:|1701003069\n|switch|p2a: Eternatus|Eternatus|100\/100\n|-damage|p2a: Eternatus|88\/100|[from] Spikes\n|-ability|p2a: Eternatus|Pressure\n|move|p1a: Ting-Lu|Spikes|p2a: Eternatus\n|-sidestart|p2: MasterEvi|Spikes\n|\n|-heal|p2a: Eternatus|94\/100|[from] item: Black Sludge\n|-fieldend|move: Electric Terrain\n|upkeep\n|turn|16\n|\n|t:|1701003080\n|move|p2a: Eternatus|Light Screen|p2a: Eternatus\n|-sidestart|p2: MasterEvi|move: Light Screen\n|move|p1a: Ting-Lu|Ruination|p2a: Eternatus\n|-damage|p2a: Eternatus|47\/100\n|\n|-heal|p2a: Eternatus|54\/100|[from] item: Black Sludge\n|upkeep\n|turn|17\n|\n|t:|1701003086\n|move|p2a: Eternatus|Reflect|p2a: Eternatus\n|-sidestart|p2: MasterEvi|Reflect\n|move|p1a: Ting-Lu|Ruination|p2a: Eternatus\n|-damage|p2a: Eternatus|27\/100\n|\n|-heal|p2a: Eternatus|33\/100|[from] item: Black Sludge\n|upkeep\n|turn|18\n|\n|t:|1701003093\n|move|p2a: Eternatus|Recover|p2a: Eternatus\n|-heal|p2a: Eternatus|83\/100\n|move|p1a: Ting-Lu|Earthquake|p2a: Eternatus\n|-supereffective|p2a: Eternatus\n|-damage|p2a: Eternatus|53\/100\n|\n|-heal|p2a: Eternatus|60\/100|[from] item: Black Sludge\n|upkeep\n|turn|19\n|\n|t:|1701003104\n|move|p2a: Eternatus|Recover|p2a: Eternatus\n|-heal|p2a: Eternatus|100\/100\n|move|p1a: Ting-Lu|Spikes|p2a: Eternatus\n|-sidestart|p2: MasterEvi|Spikes\n|\n|upkeep\n|turn|20\n|\n|t:|1701003113\n|switch|p2a: Cinderace|Cinderace, M|100\/100\n|move|p1a: Ting-Lu|Ruination|p2a: Cinderace\n|-damage|p2a: Cinderace|51\/100\n|\n|-sideend|p2: MasterEvi|move: Light Screen\n|upkeep\n|turn|21\n|\n|t:|1701003124\n|move|p2a: Cinderace|Court Change|p2a: Cinderace\n|-start|p2a: Cinderace|typechange|Normal|[from] ability: Libero\n|-swapsideconditions\n|-activate|p2a: Cinderace|move: Court Change\n|move|p1a: Ting-Lu|Spikes|p2a: Cinderace\n|-sidestart|p2: MasterEvi|Spikes\n|\n|-sideend|p1: Meepbiscuit|Reflect\n|upkeep\n|turn|22\n|\n|t:|1701003133\n|move|p2a: Cinderace|Pyro Ball|p1a: Ting-Lu\n|-damage|p1a: Ting-Lu|80\/100\n|move|p1a: Ting-Lu|Spikes|p2a: Cinderace\n|-sidestart|p2: MasterEvi|Spikes\n|\n|-heal|p1a: Ting-Lu|87\/100|[from] item: Leftovers\n|upkeep\n|turn|23\n|\n|t:|1701003142\n|move|p2a: Cinderace|High Jump Kick|p1a: Ting-Lu\n|-supereffective|p1a: Ting-Lu\n|-damage|p1a: Ting-Lu|42\/100\n|move|p1a: Ting-Lu|Spikes|p2a: Cinderace\n|-sidestart|p2: MasterEvi|Spikes\n|\n|-heal|p1a: Ting-Lu|48\/100|[from] item: Leftovers\n|upkeep\n|turn|24\n|\n|t:|1701003148\n|move|p1a: Ting-Lu|Protect|p1a: Ting-Lu\n|-singleturn|p1a: Ting-Lu|Protect\n|move|p2a: Cinderace|Super Fang|p1a: Ting-Lu\n|-activate|p1a: Ting-Lu|move: Protect\n|\n|-heal|p1a: Ting-Lu|54\/100|[from] item: Leftovers\n|upkeep\n|turn|25\n|\n|t:|1701003157\n|move|p2a: Cinderace|Super Fang|p1a: Ting-Lu\n|-damage|p1a: Ting-Lu|28\/100\n|move|p1a: Ting-Lu|Earthquake|p2a: Cinderace\n|-damage|p2a: Cinderace|0 fnt\n|faint|p2a: Cinderace\n|\n|-heal|p1a: Ting-Lu|34\/100|[from] item: Leftovers\n|upkeep\n|\n|t:|1701003165\n|switch|p2a: Ogerpon|Ogerpon-Wellspring-Tera, F, tera:Water|54\/100\n|-damage|p2a: Ogerpon|29\/100|[from] Spikes\n|-ability|p2a: Ogerpon|Embody Aspect (Wellspring)|boost\n|-boost|p2a: Ogerpon|spd|1\n|turn|26\n|\n|t:|1701003176\n|move|p1a: Ting-Lu|Protect|p1a: Ting-Lu\n|-singleturn|p1a: Ting-Lu|Protect\n|move|p2a: Ogerpon|Ivy Cudgel|p1a: Ting-Lu|[anim] Ivy Cudgel Water\n|-activate|p1a: Ting-Lu|move: Protect\n|\n|-heal|p1a: Ting-Lu|40\/100|[from] item: Leftovers\n|upkeep\n|turn|27\n|\n|t:|1701003186\n|switch|p1a: Miraidon|Miraidon|100\/100\n|-damage|p1a: Miraidon|76\/100|[from] Spikes\n|-fieldstart|move: Electric Terrain|[from] ability: Hadron Engine|[of] p1a: Miraidon\n|move|p2a: Ogerpon|Ivy Cudgel|p1a: Miraidon|[anim] Ivy Cudgel Water\n|-resisted|p1a: Miraidon\n|-damage|p1a: Miraidon|35\/100\n|\n|upkeep\n|turn|28\n|\n|t:|1701003200\n|switch|p2a: Blissey|Blissey, F|93\/100\n|-damage|p2a: Blissey|68\/100|[from] Spikes\n|move|p1a: Miraidon|Draco Meteor|p2a: Blissey\n|-damage|p2a: Blissey|42\/100\n|-unboost|p1a: Miraidon|spa|2\n|\n|-heal|p2a: Blissey|48\/100|[from] item: Leftovers\n|upkeep\n|turn|29\n|\n|t:|1701003210\n|switch|p1a: Skeledirge|Skeledirge, M|100\/100\n|move|p2a: Blissey|Soft-Boiled|p2a: Blissey\n|-heal|p2a: Blissey|98\/100\n|\n|-heal|p2a: Blissey|100\/100|[from] item: Leftovers\n|upkeep\n|turn|30\n|\n|t:|1701003222\n|switch|p2a: Eternatus|Eternatus|100\/100\n|-damage|p2a: Eternatus|75\/100|[from] Spikes\n|-ability|p2a: Eternatus|Pressure\n|move|p1a: Skeledirge|Torch Song|p2a: Eternatus\n|-resisted|p2a: Eternatus\n|-damage|p2a: Eternatus|64\/100\n|-boost|p1a: Skeledirge|spa|1\n|\n|-heal|p2a: Eternatus|70\/100|[from] item: Black Sludge\n|upkeep\n|turn|31\n|\n|t:|1701003233\n|move|p2a: Eternatus|Light Screen|p2a: Eternatus\n|-sidestart|p2: MasterEvi|move: Light Screen\n|move|p1a: Skeledirge|Earth Power|p2a: Eternatus\n|-supereffective|p2a: Eternatus\n|-crit|p2a: Eternatus\n|-damage|p2a: Eternatus|0 fnt\n|faint|p2a: Eternatus\n|\n|-fieldend|move: Electric Terrain\n|upkeep\n|\n|t:|1701003240\n|switch|p2a: Ogerpon|Ogerpon-Wellspring-Tera, F, tera:Water|29\/100\n|-damage|p2a: Ogerpon|4\/100|[from] Spikes\n|-ability|p2a: Ogerpon|Embody Aspect (Wellspring)|boost\n|-boost|p2a: Ogerpon|spd|1\n|turn|32\n|\n|t:|1701003248\n|-terastallize|p1a: Skeledirge|Water\n|move|p2a: Ogerpon|Knock Off|p1a: Skeledirge\n|-damage|p1a: Skeledirge|77\/100\n|-enditem|p1a: Skeledirge|Heavy-Duty Boots|[from] move: Knock Off|[of] p2a: Ogerpon\n|move|p1a: Skeledirge|Torch Song|p2a: Ogerpon\n|-resisted|p2a: Ogerpon\n|-damage|p2a: Ogerpon|0 fnt\n|-boost|p1a: Skeledirge|spa|1\n|faint|p2a: Ogerpon\n|\n|upkeep\n|\n|t:|1701003270\n|switch|p2a: Blissey|Blissey, F|100\/100\n|-damage|p2a: Blissey|76\/100|[from] Spikes\n|turn|33\n|\n|t:|1701003275\n|move|p1a: Skeledirge|Will-O-Wisp|p2a: Blissey|[miss]\n|-miss|p1a: Skeledirge|p2a: Blissey\n|move|p2a: Blissey|Seismic Toss|p1a: Skeledirge\n|-damage|p1a: Skeledirge|53\/100\n|\n|-heal|p2a: Blissey|82\/100|[from] item: Leftovers\n|upkeep\n|turn|34\n|\n|t:|1701003283\n|move|p1a: Skeledirge|Will-O-Wisp|p2a: Blissey\n|-status|p2a: Blissey|brn\n|move|p2a: Blissey|Seismic Toss|p1a: Skeledirge\n|-damage|p1a: Skeledirge|29\/100\n|\n|-heal|p2a: Blissey|88\/100 brn|[from] item: Leftovers\n|-damage|p2a: Blissey|82\/100 brn|[from] brn\n|upkeep\n|turn|35\n|\n|t:|1701003291\n|move|p1a: Skeledirge|Slack Off|p1a: Skeledirge\n|-heal|p1a: Skeledirge|79\/100\n|move|p2a: Blissey|Seismic Toss|p1a: Skeledirge\n|-damage|p1a: Skeledirge|54\/100\n|\n|-heal|p2a: Blissey|88\/100 brn|[from] item: Leftovers\n|-damage|p2a: Blissey|82\/100 brn|[from] brn\n|-sideend|p2: MasterEvi|move: Light Screen\n|upkeep\n|turn|36\n|\n|t:|1701003302\n|move|p1a: Skeledirge|Torch Song|p2a: Blissey\n|-damage|p2a: Blissey|64\/100 brn\n|-boost|p1a: Skeledirge|spa|1\n|move|p2a: Blissey|Seismic Toss|p1a: Skeledirge\n|-damage|p1a: Skeledirge|30\/100\n|\n|-heal|p2a: Blissey|70\/100 brn|[from] item: Leftovers\n|-damage|p2a: Blissey|64\/100 brn|[from] brn\n|upkeep\n|turn|37\n|\n|t:|1701003311\n|-curestatus|p2a: Blissey|brn|[from] ability: Natural Cure\n|switch|p2a: Baxcalibur|Baxcalibur, F|100\/100\n|-damage|p2a: Baxcalibur|76\/100|[from] Spikes\n|move|p1a: Skeledirge|Slack Off|p1a: Skeledirge\n|-heal|p1a: Skeledirge|80\/100\n|\n|upkeep\n|turn|38\n|\n|t:|1701003324\n|move|p2a: Baxcalibur|Dragon Claw|p1a: Skeledirge\n|-damage|p1a: Skeledirge|48\/100\n|move|p1a: Skeledirge|Earth Power|p2a: Baxcalibur\n|-damage|p2a: Baxcalibur|13\/100\n|\n|upkeep\n|turn|39\n|\n|t:|1701003333\n|move|p2a: Baxcalibur|Dragon Claw|p1a: Skeledirge\n|-damage|p1a: Skeledirge|18\/100\n|move|p1a: Skeledirge|Slack Off|p1a: Skeledirge\n|-heal|p1a: Skeledirge|68\/100\n|\n|upkeep\n|turn|40\n|\n|t:|1701003340\n|move|p2a: Baxcalibur|Earthquake|p1a: Skeledirge\n|-damage|p1a: Skeledirge|42\/100\n|move|p1a: Skeledirge|Earth Power|p2a: Baxcalibur\n|-damage|p2a: Baxcalibur|0 fnt\n|faint|p2a: Baxcalibur\n|\n|upkeep\n|\n|t:|1701003346\n|switch|p2a: Blissey|Blissey, F|64\/100\n|-damage|p2a: Blissey|39\/100|[from] Spikes\n|turn|41\n|\n|t:|1701003350\n|move|p1a: Skeledirge|Torch Song|p2a: Blissey\n|-damage|p2a: Blissey|17\/100\n|-boost|p1a: Skeledirge|spa|1\n|move|p2a: Blissey|Soft-Boiled|p2a: Blissey\n|-heal|p2a: Blissey|67\/100\n|\n|-heal|p2a: Blissey|73\/100|[from] item: Leftovers\n|upkeep\n|turn|42\n|\n|t:|1701003359\n|move|p1a: Skeledirge|Torch Song|p2a: Blissey\n|-damage|p2a: Blissey|47\/100\n|-boost|p1a: Skeledirge|spa|1\n|move|p2a: Blissey|Seismic Toss|p1a: Skeledirge\n|-damage|p1a: Skeledirge|18\/100\n|\n|-heal|p2a: Blissey|53\/100|[from] item: Leftovers\n|upkeep\n|turn|43\n|\n|t:|1701003367\n|move|p1a: Skeledirge|Slack Off|p1a: Skeledirge\n|-heal|p1a: Skeledirge|68\/100\n|move|p2a: Blissey|Seismic Toss|p1a: Skeledirge\n|-damage|p1a: Skeledirge|44\/100\n|\n|-heal|p2a: Blissey|59\/100|[from] item: Leftovers\n|upkeep\n|turn|44\n|\n|t:|1701003375\n|move|p1a: Skeledirge|Torch Song|p2a: Blissey\n|-damage|p2a: Blissey|30\/100\n|-boost|p1a: Skeledirge|spa|1\n|move|p2a: Blissey|Soft-Boiled|p2a: Blissey\n|-heal|p2a: Blissey|80\/100\n|\n|-heal|p2a: Blissey|86\/100|[from] item: Leftovers\n|upkeep\n|turn|45\n|\n|t:|1701003385\n|move|p1a: Skeledirge|Slack Off|p1a: Skeledirge\n|-heal|p1a: Skeledirge|94\/100\n|move|p2a: Blissey|Seismic Toss|p1a: Skeledirge\n|-damage|p1a: Skeledirge|70\/100\n|\n|-heal|p2a: Blissey|92\/100|[from] item: Leftovers\n|upkeep\n|turn|46\n|\n|t:|1701003392\n|move|p1a: Skeledirge|Earth Power|p2a: Blissey\n|-damage|p2a: Blissey|67\/100\n|move|p2a: Blissey|Seismic Toss|p1a: Skeledirge\n|-damage|p1a: Skeledirge|45\/100\n|\n|-heal|p2a: Blissey|74\/100|[from] item: Leftovers\n|upkeep\n|turn|47\n|\n|t:|1701003399\n|move|p1a: Skeledirge|Will-O-Wisp|p2a: Blissey\n|-status|p2a: Blissey|brn\n|move|p2a: Blissey|Seismic Toss|p1a: Skeledirge\n|-damage|p1a: Skeledirge|21\/100\n|\n|-heal|p2a: Blissey|80\/100 brn|[from] item: Leftovers\n|-damage|p2a: Blissey|74\/100 brn|[from] brn\n|upkeep\n|turn|48\n|\n|t:|1701003407\n|move|p1a: Skeledirge|Slack Off|p1a: Skeledirge\n|-heal|p1a: Skeledirge|71\/100\n|move|p2a: Blissey|Seismic Toss|p1a: Skeledirge\n|-damage|p1a: Skeledirge|47\/100\n|\n|-heal|p2a: Blissey|80\/100 brn|[from] item: Leftovers\n|-damage|p2a: Blissey|74\/100 brn|[from] brn\n|upkeep\n|turn|49\n|\n|t:|1701003416\n|move|p1a: Skeledirge|Earth Power|p2a: Blissey\n|-damage|p2a: Blissey|49\/100 brn\n|move|p2a: Blissey|Seismic Toss|p1a: Skeledirge\n|-damage|p1a: Skeledirge|23\/100\n|\n|-heal|p2a: Blissey|55\/100 brn|[from] item: Leftovers\n|-damage|p2a: Blissey|49\/100 brn|[from] brn\n|upkeep\n|turn|50\n|\n|t:|1701003425\n|move|p1a: Skeledirge|Slack Off|p1a: Skeledirge\n|-heal|p1a: Skeledirge|73\/100\n|move|p2a: Blissey|Soft-Boiled|p2a: Blissey\n|-heal|p2a: Blissey|99\/100 brn\n|\n|-heal|p2a: Blissey|100\/100 brn|[from] item: Leftovers\n|-damage|p2a: Blissey|94\/100 brn|[from] brn\n|upkeep\n|turn|51\n|\n|t:|1701003434\n|move|p1a: Skeledirge|Earth Power|p2a: Blissey\n|-damage|p2a: Blissey|68\/100 brn\n|move|p2a: Blissey|Fire Blast|p1a: Skeledirge\n|-resisted|p1a: Skeledirge\n|-damage|p1a: Skeledirge|63\/100\n|\n|-heal|p2a: Blissey|74\/100 brn|[from] item: Leftovers\n|-damage|p2a: Blissey|68\/100 brn|[from] brn\n|upkeep\n|turn|52\n|\n|t:|1701003446\n|move|p1a: Skeledirge|Earth Power|p2a: Blissey\n|-damage|p2a: Blissey|43\/100 brn\n|move|p2a: Blissey|Seismic Toss|p1a: Skeledirge\n|-damage|p1a: Skeledirge|39\/100\n|\n|-heal|p2a: Blissey|49\/100 brn|[from] item: Leftovers\n|-damage|p2a: Blissey|43\/100 brn|[from] brn\n|upkeep\n|turn|53\n|\n|t:|1701003455\n|move|p1a: Skeledirge|Earth Power|p2a: Blissey\n|-damage|p2a: Blissey|19\/100 brn\n|-unboost|p2a: Blissey|spd|1\n|move|p2a: Blissey|Soft-Boiled|p2a: Blissey\n|-heal|p2a: Blissey|69\/100 brn\n|\n|-heal|p2a: Blissey|75\/100 brn|[from] item: Leftovers\n|-damage|p2a: Blissey|69\/100 brn|[from] brn\n|upkeep\n|turn|54\n|\n|t:|1701003464\n|move|p1a: Skeledirge|Slack Off|p1a: Skeledirge\n|-heal|p1a: Skeledirge|89\/100\n|move|p2a: Blissey|Seismic Toss|p1a: Skeledirge\n|-damage|p1a: Skeledirge|64\/100\n|\n|-heal|p2a: Blissey|75\/100 brn|[from] item: Leftovers\n|-damage|p2a: Blissey|69\/100 brn|[from] brn\n|upkeep\n|turn|55\n|\n|t:|1701003472\n|move|p1a: Skeledirge|Earth Power|p2a: Blissey\n|-damage|p2a: Blissey|42\/100 brn\n|move|p2a: Blissey|Soft-Boiled|p2a: Blissey\n|-heal|p2a: Blissey|92\/100 brn\n|\n|-heal|p2a: Blissey|98\/100 brn|[from] item: Leftovers\n|-damage|p2a: Blissey|92\/100 brn|[from] brn\n|upkeep\n|turn|56\n|\n|t:|1701003489\n|move|p1a: Skeledirge|Earth Power|p2a: Blissey\n|-damage|p2a: Blissey|65\/100 brn\n|move|p2a: Blissey|Seismic Toss|p1a: Skeledirge\n|-damage|p1a: Skeledirge|40\/100\n|\n|-heal|p2a: Blissey|71\/100 brn|[from] item: Leftovers\n|-damage|p2a: Blissey|65\/100 brn|[from] brn\n|upkeep\n|turn|57\n|\n|t:|1701003497\n|move|p1a: Skeledirge|Earth Power|p2a: Blissey\n|-damage|p2a: Blissey|42\/100 brn\n|move|p2a: Blissey|Seismic Toss|p1a: Skeledirge\n|-damage|p1a: Skeledirge|16\/100\n|\n|-heal|p2a: Blissey|48\/100 brn|[from] item: Leftovers\n|-damage|p2a: Blissey|42\/100 brn|[from] brn\n|upkeep\n|turn|58\n|\n|t:|1701003505\n|move|p1a: Skeledirge|Earth Power|p2a: Blissey\n|-damage|p2a: Blissey|18\/100 brn\n|move|p2a: Blissey|Soft-Boiled|p2a: Blissey\n|-heal|p2a: Blissey|68\/100 brn\n|\n|-heal|p2a: Blissey|74\/100 brn|[from] item: Leftovers\n|-damage|p2a: Blissey|68\/100 brn|[from] brn\n|upkeep\n|turn|59\n|\n|t:|1701003513\n|move|p1a: Skeledirge|Earth Power|p2a: Blissey\n|-damage|p2a: Blissey|43\/100 brn\n|move|p2a: Blissey|Seismic Toss|p1a: Skeledirge\n|-damage|p1a: Skeledirge|0 fnt\n|faint|p1a: Skeledirge\n|\n|-heal|p2a: Blissey|49\/100 brn|[from] item: Leftovers\n|-damage|p2a: Blissey|43\/100 brn|[from] brn\n|upkeep\n|\n|t:|1701003518\n|switch|p1a: Miraidon|Miraidon|35\/100\n|-damage|p1a: Miraidon|10\/100|[from] Spikes\n|-fieldstart|move: Electric Terrain|[from] ability: Hadron Engine|[of] p1a: Miraidon\n|turn|60\n|\n|t:|1701003525\n|move|p1a: Miraidon|Electro Drift|p2a: Blissey\n|-damage|p2a: Blissey|5\/100 brn\n|move|p2a: Blissey|Seismic Toss|p1a: Miraidon\n|-damage|p1a: Miraidon|0 fnt\n|faint|p1a: Miraidon\n|\n|-heal|p2a: Blissey|11\/100 brn|[from] item: Leftovers\n|-damage|p2a: Blissey|5\/100 brn|[from] brn\n|upkeep\n|\n|t:|1701003535\n|switch|p1a: Gothitelle|Gothitelle, M|100\/100\n|-damage|p1a: Gothitelle|76\/100|[from] Spikes\n|turn|61\n|\n|t:|1701003539\n|move|p1a: Gothitelle|Psychic|p2a: Blissey\n|-damage|p2a: Blissey|0 fnt\n|faint|p2a: Blissey\n|\n|win|Meepbiscuit\n|raw|Meepbiscuit's rating: 1054 &rarr; <strong>1081<\/strong><br \/>(+27 for winning)\n|raw|MasterEvi's rating: 1000 &rarr; <strong>1000<\/strong><br \/>(+0 for losing)\n|c|\u2606Meepbiscuit|g\n|c|\u2606MasterEvi|gg\n|c|\u2606Meepbiscuit|gg\n|l|\u2606Meepbiscuit\n","uploadtime":1701003546,"views":15,"p1id":"meepbiscuit","p2id":"masterevi","formatid":"gen9ubers","rating":1000,"private":0,"password":""}