{"id":"gen9ubers-1982060455","p1":"Passoire21","p2":"85792195wwww","format":"[Gen 9] Ubers","log":"|j|\u2606Passoire21\n|j|\u203d85792195wwww\n|t:|1698963910\n|gametype|singles\n|player|p1|Passoire21|ninjaboy|1248\n|player|p2|85792195wwww|102|1384\n|teamsize|p1|6\n|teamsize|p2|6\n|gen|9\n|tier|[Gen 9] Ubers\n|rated|\n|rule|Sleep Clause Mod: Limit one foe put to sleep\n|rule|Species Clause: Limit one of each Pok\u00e9mon\n|rule|OHKO Clause: OHKO moves are banned\n|rule|Evasion Items Clause: Evasion items are banned\n|rule|Evasion Moves Clause: Evasion moves are banned\n|rule|Endless Battle Clause: Forcing endless battles is banned\n|rule|HP Percentage Mod: HP is shown in percentages\n|clearpoke\n|poke|p1|Arceus-Ground|\n|poke|p1|Annihilape, M|\n|poke|p1|Zacian-*|\n|poke|p1|Miraidon|\n|poke|p1|Koraidon|\n|poke|p1|Rayquaza|\n|poke|p2|Kyogre|\n|poke|p2|Zacian-*|\n|poke|p2|Arceus|\n|poke|p2|Landorus, M|\n|poke|p2|Koraidon|\n|poke|p2|Ursaluna, F|\n|teampreview\n|\n|t:|1698963914\n|start\n|switch|p1a: Annihilape|Annihilape, M|100\/100\n|switch|p2a: Landorus|Landorus, M|100\/100\n|turn|1\n|inactive|Battle timer is ON: inactive players will automatically lose when time's up. (requested by Passoire21)\n|\n|t:|1698963922\n|move|p2a: Landorus|Stealth Rock|p1a: Annihilape\n|-sidestart|p1: Passoire21|move: Stealth Rock\n|move|p1a: Annihilape|Taunt|p2a: Landorus\n|-start|p2a: Landorus|move: Taunt\n|\n|upkeep\n|turn|2\n|\n|t:|1698963928\n|move|p2a: Landorus|Psychic|p1a: Annihilape\n|-supereffective|p1a: Annihilape\n|-damage|p1a: Annihilape|35\/100\n|move|p1a: Annihilape|Stealth Rock|p2a: Landorus\n|-sidestart|p2: 85792195wwww|move: Stealth Rock\n|\n|upkeep\n|turn|3\n|\n|t:|1698963948\n|move|p2a: Landorus|Earth Power|p1a: Annihilape\n|-damage|p1a: Annihilape|0 fnt\n|faint|p1a: Annihilape\n|\n|upkeep\n|\n|t:|1698963958\n|switch|p1a: Koraidon|Koraidon|100\/100\n|-damage|p1a: Koraidon|94\/100|[from] Stealth Rock\n|-weather|SunnyDay|[from] ability: Orichalcum Pulse|[of] p1a: Koraidon\n|-activate|p1a: Koraidon|Orichalcum Pulse|[source]\n|turn|4\n|\n|t:|1698963966\n|switch|p2a: Zacian|Zacian-Crowned|100\/100\n|-damage|p2a: Zacian|94\/100|[from] Stealth Rock\n|-ability|p2a: Zacian|Intrepid Sword|boost\n|-boost|p2a: Zacian|atk|1\n|move|p1a: Koraidon|Flame Charge|p2a: Zacian\n|-supereffective|p2a: Zacian\n|-damage|p2a: Zacian|32\/100\n|-boost|p1a: Koraidon|spe|1\n|\n|-weather|SunnyDay|[upkeep]\n|-heal|p1a: Koraidon|100\/100|[from] item: Leftovers\n|upkeep\n|turn|5\n|\n|t:|1698963979\n|switch|p2a: Kyogre|Kyogre|100\/100\n|-damage|p2a: Kyogre|88\/100|[from] Stealth Rock\n|-weather|RainDance|[from] ability: Drizzle|[of] p2a: Kyogre\n|move|p1a: Koraidon|Flame Charge|p2a: Kyogre\n|-resisted|p2a: Kyogre\n|-damage|p2a: Kyogre|83\/100\n|-boost|p1a: Koraidon|spe|1\n|\n|-weather|RainDance|[upkeep]\n|upkeep\n|turn|6\n|\n|t:|1698963999\n|move|p1a: Koraidon|Collision Course|p2a: Kyogre\n|-crit|p2a: Kyogre\n|-damage|p2a: Kyogre|4\/100\n|move|p2a: Kyogre|Ice Beam|p1a: Koraidon\n|-supereffective|p1a: Koraidon\n|-damage|p1a: Koraidon|27\/100\n|\n|-weather|RainDance|[upkeep]\n|-heal|p1a: Koraidon|33\/100|[from] item: Leftovers\n|upkeep\n|turn|7\n|\n|t:|1698964010\n|move|p1a: Koraidon|Flame Charge|p2a: Kyogre\n|-resisted|p2a: Kyogre\n|-damage|p2a: Kyogre|0 fnt\n|-boost|p1a: Koraidon|spe|1\n|faint|p2a: Kyogre\n|\n|-weather|RainDance|[upkeep]\n|-heal|p1a: Koraidon|39\/100|[from] item: Leftovers\n|upkeep\n|\n|t:|1698964019\n|switch|p2a: Arceus|Arceus|100\/100\n|-damage|p2a: Arceus|88\/100|[from] Stealth Rock\n|turn|8\n|\n|t:|1698964025\n|move|p2a: Arceus|Extreme Speed|p1a: Koraidon\n|-damage|p1a: Koraidon|0 fnt\n|faint|p1a: Koraidon\n|-damage|p2a: Arceus|78\/100|[from] item: Life Orb\n|\n|-weather|RainDance|[upkeep]\n|upkeep\n|\n|t:|1698964039\n|switch|p1a: Arceus|Arceus-Ground|100\/100\n|-damage|p1a: Arceus|94\/100|[from] Stealth Rock\n|turn|9\n|\n|t:|1698964046\n|move|p2a: Arceus|Swords Dance|p2a: Arceus\n|-boost|p2a: Arceus|atk|2\n|move|p1a: Arceus|Dragon Dance|p1a: Arceus\n|-boost|p1a: Arceus|atk|1\n|-boost|p1a: Arceus|spe|1\n|\n|-weather|none\n|upkeep\n|turn|10\n|\n|t:|1698964054\n|-terastallize|p2a: Arceus|Normal\n|move|p2a: Arceus|Extreme Speed|p1a: Arceus\n|-damage|p1a: Arceus|0 fnt\n|faint|p1a: Arceus\n|-damage|p2a: Arceus|68\/100|[from] item: Life Orb\n|\n|upkeep\n|\n|t:|1698964066\n|switch|p1a: Zacian|Zacian-Crowned|100\/100\n|-damage|p1a: Zacian|94\/100|[from] Stealth Rock\n|-ability|p1a: Zacian|Intrepid Sword|boost\n|-boost|p1a: Zacian|atk|1\n|turn|11\n|\n|t:|1698964076\n|move|p2a: Arceus|Extreme Speed|p1a: Zacian\n|-resisted|p1a: Zacian\n|-damage|p1a: Zacian|27\/100\n|-damage|p2a: Arceus|58\/100|[from] item: Life Orb\n|move|p1a: Zacian|Play Rough|p2a: Arceus\n|-damage|p2a: Arceus|0 fnt\n|faint|p2a: Arceus\n|\n|upkeep\n|\n|t:|1698964089\n|switch|p2a: Zacian|Zacian-Crowned|32\/100\n|-damage|p2a: Zacian|25\/100|[from] Stealth Rock\n|turn|12\n|\n|t:|1698964100\n|move|p2a: Zacian|Behemoth Blade|p1a: Zacian\n|-crit|p1a: Zacian\n|-damage|p1a: Zacian|0 fnt\n|faint|p1a: Zacian\n|\n|upkeep\n|\n|t:|1698964109\n|switch|p1a: Miraidon|Miraidon|100\/100\n|-damage|p1a: Miraidon|88\/100|[from] Stealth Rock\n|-fieldstart|move: Electric Terrain|[from] ability: Hadron Engine|[of] p1a: Miraidon\n|turn|13\n|\n|t:|1698964124\n|switch|p2a: Ursaluna|Ursaluna, F|100\/100\n|-damage|p2a: Ursaluna|94\/100|[from] Stealth Rock\n|move|p1a: Miraidon|Electro Drift|p2a: Ursaluna\n|-immune|p2a: Ursaluna\n|\n|-status|p2a: Ursaluna|brn|[from] item: Flame Orb\n|upkeep\n|turn|14\n|\n|t:|1698964135\n|switch|p1a: Rayquaza|Rayquaza|100\/100\n|-damage|p1a: Rayquaza|76\/100|[from] Stealth Rock\n|-ability|p1a: Rayquaza|Air Lock\n|move|p2a: Ursaluna|Facade|p1a: Rayquaza\n|-damage|p1a: Rayquaza|0 fnt\n|faint|p1a: Rayquaza\n|\n|-damage|p2a: Ursaluna|88\/100 brn|[from] brn\n|upkeep\n|\n|t:|1698964147\n|switch|p1a: Miraidon|Miraidon|88\/100\n|-damage|p1a: Miraidon|76\/100|[from] Stealth Rock\n|-activate|p1a: Miraidon|ability: Hadron Engine\n|turn|15\n|\n|t:|1698964153\n|-terastallize|p1a: Miraidon|Fairy\n|move|p1a: Miraidon|Dazzling Gleam|p2a: Ursaluna\n|-damage|p2a: Ursaluna|33\/100 brn\n|move|p2a: Ursaluna|Headlong Rush|p1a: Miraidon\n|-damage|p1a: Miraidon|0 fnt\n|-unboost|p2a: Ursaluna|def|1\n|-unboost|p2a: Ursaluna|spd|1\n|faint|p1a: Miraidon\n|\n|win|85792195wwww\n|raw|Passoire21's rating: 1248 &rarr; <strong>1232<\/strong><br \/>(-16 for losing)\n|raw|85792195wwww's rating: 1384 &rarr; <strong>1397<\/strong><br \/>(+13 for winning)\n|l|\u2606Passoire21\n","uploadtime":1698964201,"views":10,"p1id":"passoire21","p2id":"85792195wwww","formatid":"gen9ubers","rating":1232,"private":0,"password":""}