{"id":"gen9ubers-1990857974","p1":"king0fallkarp","p2":"Anne Frankkkk","format":"[Gen 9] Ubers","log":"|j|\u2606king0fallkarp\n|j|\u2606Anne Frankkkk\n|t:|1700008292\n|gametype|singles\n|player|p1|king0fallkarp|170|1093\n|player|p2|Anne Frankkkk|hilbert|1217\n|teamsize|p1|6\n|teamsize|p2|6\n|gen|9\n|tier|[Gen 9] Ubers\n|rated|\n|rule|Sleep Clause Mod: Limit one foe put to sleep\n|rule|Species Clause: Limit one of each Pok\u00e9mon\n|rule|OHKO Clause: OHKO moves are banned\n|rule|Evasion Items Clause: Evasion items are banned\n|rule|Evasion Moves Clause: Evasion moves are banned\n|rule|Endless Battle Clause: Forcing endless battles is banned\n|rule|HP Percentage Mod: HP is shown in percentages\n|clearpoke\n|poke|p1|Iron Moth|\n|poke|p1|Iron Bundle|\n|poke|p1|Iron Hands|\n|poke|p1|Iron Jugulis|\n|poke|p1|Iron Thorns|\n|poke|p1|Iron Valiant|\n|poke|p2|Iron Hands|\n|poke|p2|Kyogre|\n|poke|p2|Chien-Pao|\n|poke|p2|Ribombee, F|\n|poke|p2|Miraidon|\n|poke|p2|Flutter Mane|\n|teampreview\n|c|\u2606king0fallkarp|\u2227t |\u0251st \u217fy dr\u0259a\u217f \u0131s with\u0131n rea\u0254h...\u0251nd you\u2019re no7 g\u0259tting \u0131n the way!\"\n|\n|t:|1700008300\n|start\n|switch|p1a: Iron Moth|Iron Moth|100\/100\n|switch|p2a: Moonblast|Ribombee, F, shiny|100\/100\n|turn|1\n|inactive|Battle timer is ON: inactive players will automatically lose when time's up. (requested by Anne Frankkkk)\n|\n|t:|1700008306\n|move|p2a: Moonblast|Sticky Web|p1a: Iron Moth\n|-sidestart|p1: king0fallkarp|move: Sticky Web\n|move|p1a: Iron Moth|Fiery Dance|p2a: Moonblast\n|-supereffective|p2a: Moonblast\n|-enditem|p2a: Moonblast|Focus Sash\n|-damage|p2a: Moonblast|1\/100\n|\n|upkeep\n|turn|2\n|\n|t:|1700008314\n|move|p2a: Moonblast|Stun Spore|p1a: Iron Moth\n|-status|p1a: Iron Moth|par\n|move|p1a: Iron Moth|Fiery Dance|p2a: Moonblast\n|-supereffective|p2a: Moonblast\n|-damage|p2a: Moonblast|0 fnt\n|faint|p2a: Moonblast\n|\n|upkeep\n|\n|t:|1700008322\n|switch|p2a: OHKO|Kyogre|100\/100\n|-weather|RainDance|[from] ability: Drizzle|[of] p2a: OHKO\n|turn|3\n|\n|t:|1700008326\n|move|p2a: OHKO|Water Spout|p1a: Iron Moth\n|-supereffective|p1a: Iron Moth\n|-enditem|p1a: Iron Moth|Focus Sash\n|-damage|p1a: Iron Moth|1\/100 par\n|move|p1a: Iron Moth|Discharge|p2a: OHKO\n|-supereffective|p2a: OHKO\n|-damage|p2a: OHKO|53\/100\n|-status|p2a: OHKO|par\n|\n|-weather|RainDance|[upkeep]\n|upkeep\n|turn|4\n|\n|t:|1700008336\n|move|p1a: Iron Moth|Discharge|p2a: OHKO\n|-supereffective|p2a: OHKO\n|-damage|p2a: OHKO|1\/100 par\n|cant|p2a: OHKO|par\n|\n|-weather|RainDance|[upkeep]\n|upkeep\n|turn|5\n|\n|t:|1700008343\n|cant|p1a: Iron Moth|par\n|move|p2a: OHKO|Water Spout|p1a: Iron Moth\n|-supereffective|p1a: Iron Moth\n|-damage|p1a: Iron Moth|0 fnt\n|faint|p1a: Iron Moth\n|-end|p1a: Iron Moth|Quark Drive|[silent]\n|\n|-weather|RainDance|[upkeep]\n|upkeep\n|\n|t:|1700008349\n|switch|p1a: Iron Bundle|Iron Bundle|100\/100\n|-activate|p1a: Iron Bundle|move: Sticky Web\n|-unboost|p1a: Iron Bundle|spe|1\n|turn|6\n|\n|t:|1700008362\n|move|p1a: Iron Bundle|Freeze-Dry|p2a: OHKO\n|-supereffective|p2a: OHKO\n|-damage|p2a: OHKO|0 fnt\n|faint|p2a: OHKO\n|-damage|p1a: Iron Bundle|91\/100|[from] item: Life Orb\n|\n|-weather|RainDance|[upkeep]\n|upkeep\n|\n|t:|1700008369\n|switch|p2a: Big Boy|Iron Hands, shiny|100\/100\n|turn|7\n|\n|t:|1700008377\n|move|p2a: Big Boy|Fake Out|p1a: Iron Bundle\n|-damage|p1a: Iron Bundle|71\/100\n|cant|p1a: Iron Bundle|flinch\n|\n|-weather|none\n|upkeep\n|turn|8\n|\n|t:|1700008380\n|move|p1a: Iron Bundle|Water Pulse|p2a: Big Boy\n|-damage|p2a: Big Boy|75\/100\n|-damage|p1a: Iron Bundle|61\/100|[from] item: Life Orb\n|move|p2a: Big Boy|Brick Break|p1a: Iron Bundle\n|-supereffective|p1a: Iron Bundle\n|-damage|p1a: Iron Bundle|0 fnt\n|faint|p1a: Iron Bundle\n|-end|p1a: Iron Bundle|Quark Drive|[silent]\n|\n|upkeep\n|\n|t:|1700008388\n|switch|p1a: Iron Hands|Iron Hands|100\/100\n|-activate|p1a: Iron Hands|move: Sticky Web\n|-unboost|p1a: Iron Hands|spe|1\n|turn|9\n|\n|t:|1700008396\n|move|p1a: Iron Hands|Fake Out|p2a: Big Boy\n|-damage|p2a: Big Boy|66\/100\n|cant|p2a: Big Boy|flinch\n|\n|upkeep\n|turn|10\n|\n|t:|1700008404\n|move|p2a: Big Boy|Brick Break|p1a: Iron Hands\n|-damage|p1a: Iron Hands|72\/100\n|move|p1a: Iron Hands|Drain Punch|p2a: Big Boy\n|-damage|p2a: Big Boy|36\/100\n|-heal|p1a: Iron Hands|87\/100|[from] drain|[of] p2a: Big Boy\n|\n|upkeep\n|turn|11\n|\n|t:|1700008414\n|move|p2a: Big Boy|Brick Break|p1a: Iron Hands\n|-damage|p1a: Iron Hands|57\/100\n|move|p1a: Iron Hands|Drain Punch|p2a: Big Boy\n|-damage|p2a: Big Boy|7\/100\n|-heal|p1a: Iron Hands|72\/100|[from] drain|[of] p2a: Big Boy\n|\n|upkeep\n|turn|12\n|\n|t:|1700008421\n|move|p2a: Big Boy|Brick Break|p1a: Iron Hands\n|-damage|p1a: Iron Hands|45\/100\n|move|p1a: Iron Hands|Drain Punch|p2a: Big Boy\n|-damage|p2a: Big Boy|0 fnt\n|-heal|p1a: Iron Hands|48\/100|[from] drain|[of] p2a: Big Boy\n|faint|p2a: Big Boy\n|-end|p2a: Big Boy|Quark Drive|[silent]\n|\n|upkeep\n|\n|t:|1700008424\n|switch|p2a: Misdreavius|Flutter Mane, shiny|100\/100\n|-enditem|p2a: Misdreavius|Booster Energy\n|-activate|p2a: Misdreavius|ability: Protosynthesis|[fromitem]\n|-start|p2a: Misdreavius|protosynthesisspe\n|turn|13\n|\n|t:|1700008433\n|move|p2a: Misdreavius|Moonblast|p1a: Iron Hands\n|-supereffective|p1a: Iron Hands\n|-damage|p1a: Iron Hands|0 fnt\n|faint|p1a: Iron Hands\n|-end|p1a: Iron Hands|Quark Drive|[silent]\n|\n|upkeep\n|\n|t:|1700008438\n|switch|p1a: Iron Jugulis|Iron Jugulis|100\/100\n|turn|14\n|\n|t:|1700008443\n|move|p2a: Misdreavius|Moonblast|p1a: Iron Jugulis\n|-supereffective|p1a: Iron Jugulis\n|-damage|p1a: Iron Jugulis|0 fnt\n|faint|p1a: Iron Jugulis\n|-end|p1a: Iron Jugulis|Quark Drive|[silent]\n|\n|upkeep\n|\n|t:|1700008448\n|switch|p1a: Iron Thorns|Iron Thorns|100\/100\n|-activate|p1a: Iron Thorns|move: Sticky Web\n|-unboost|p1a: Iron Thorns|spe|1\n|turn|15\n|\n|t:|1700008458\n|move|p2a: Misdreavius|Moonblast|p1a: Iron Thorns\n|-damage|p1a: Iron Thorns|43\/100\n|move|p1a: Iron Thorns|Stone Edge|p2a: Misdreavius\n|-damage|p2a: Misdreavius|0 fnt\n|faint|p2a: Misdreavius\n|-end|p2a: Misdreavius|Protosynthesis|[silent]\n|\n|-heal|p1a: Iron Thorns|49\/100|[from] item: Leftovers\n|upkeep\n|\n|t:|1700008464\n|switch|p2a: Ice Cat|Chien-Pao|100\/100\n|-ability|p2a: Ice Cat|Sword of Ruin\n|turn|16\n|\n|t:|1700008470\n|move|p2a: Ice Cat|Swords Dance|p2a: Ice Cat\n|-boost|p2a: Ice Cat|atk|2\n|move|p1a: Iron Thorns|Brick Break|p2a: Ice Cat\n|-supereffective|p2a: Ice Cat\n|-crit|p2a: Ice Cat\n|-enditem|p2a: Ice Cat|Focus Sash\n|-damage|p2a: Ice Cat|1\/100\n|\n|-heal|p1a: Iron Thorns|55\/100|[from] item: Leftovers\n|upkeep\n|turn|17\n|\n|t:|1700008480\n|move|p2a: Ice Cat|Sacred Sword|p1a: Iron Thorns\n|-supereffective|p1a: Iron Thorns\n|-damage|p1a: Iron Thorns|0 fnt\n|faint|p1a: Iron Thorns\n|-end|p1a: Iron Thorns|Quark Drive|[silent]\n|\n|upkeep\n|\n|t:|1700008486\n|switch|p1a: Iron Valiant|Iron Valiant|100\/100\n|-activate|p1a: Iron Valiant|move: Sticky Web\n|-unboost|p1a: Iron Valiant|spe|1\n|-enditem|p1a: Iron Valiant|Booster Energy\n|-activate|p1a: Iron Valiant|ability: Quark Drive|[fromitem]\n|-start|p1a: Iron Valiant|quarkdriveatk\n|turn|18\n|\n|t:|1700008494\n|-terastallize|p1a: Iron Valiant|Steel\n|move|p2a: Ice Cat|Ice Spinner|p1a: Iron Valiant\n|-resisted|p1a: Iron Valiant\n|-damage|p1a: Iron Valiant|22\/100\n|move|p1a: Iron Valiant|Spirit Break|p2a: Ice Cat\n|-supereffective|p2a: Ice Cat\n|-damage|p2a: Ice Cat|0 fnt\n|faint|p2a: Ice Cat\n|\n|upkeep\n|\n|t:|1700008497\n|switch|p2a: Cyber Lizard|Miraidon|100\/100\n|-fieldstart|move: Electric Terrain|[from] ability: Hadron Engine|[of] p2a: Cyber Lizard\n|-item|p2a: Cyber Lizard|Air Balloon\n|turn|19\n|\n|t:|1700008506\n|move|p2a: Cyber Lizard|Electro Drift|p1a: Iron Valiant\n|-damage|p1a: Iron Valiant|0 fnt\n|faint|p1a: Iron Valiant\n|-end|p1a: Iron Valiant|Quark Drive|[silent]\n|\n|win|Anne Frankkkk\n|raw|king0fallkarp's rating: 1093 &rarr; <strong>1076<\/strong><br \/>(-17 for losing)\n|raw|Anne Frankkkk's rating: 1194 &rarr; <strong>1212<\/strong><br \/>(+18 for winning)\n|c|\u2606king0fallkarp|g\n","uploadtime":1700008513,"views":5,"p1id":"king0fallkarp","p2id":"annefrankkkk","formatid":"gen9ubers","rating":1076,"private":0,"password":""}