{"id":"gen9ubers-1999130731","p1":"Jayster13","p2":"PredicateCape21","format":"[Gen 9] Ubers","log":"|j|\u2606Jayster13\n|j|\u2606PredicateCape21\n|t:|1701036455\n|gametype|singles\n|player|p1|Jayster13|1|\n|player|p2|PredicateCape21|102|\n|teamsize|p1|6\n|teamsize|p2|6\n|gen|9\n|tier|[Gen 9] Ubers\n|rule|Sleep Clause Mod: Limit one foe put to sleep\n|rule|Species Clause: Limit one of each Pok\u00e9mon\n|rule|OHKO Clause: OHKO moves are banned\n|rule|Evasion Items Clause: Evasion items are banned\n|rule|Evasion Moves Clause: Evasion moves are banned\n|rule|Endless Battle Clause: Forcing endless battles is banned\n|rule|HP Percentage Mod: HP is shown in percentages\n|clearpoke\n|poke|p1|Weezing-Galar, M|\n|poke|p1|Armarouge, F|\n|poke|p1|Zapdos-Galar|\n|poke|p1|Pincurchin, M|\n|poke|p1|Raichu-Alola, F|\n|poke|p1|Ting-Lu|\n|poke|p2|Ninetales, F|\n|poke|p2|Salamence, F|\n|poke|p2|Ursaluna, F|\n|poke|p2|Skeledirge, F|\n|poke|p2|Scovillain, M|\n|poke|p2|Yanmega, F|\n|teampreview\n|\n|t:|1701036480\n|start\n|switch|p1a: Ting-Lu|Ting-Lu|100\/100\n|switch|p2a: Salamence|Salamence, F|100\/100\n|-ability|p1a: Ting-Lu|Vessel of Ruin\n|turn|1\n|\n|t:|1701036499\n|move|p2a: Salamence|Earthquake|p1a: Ting-Lu\n|-damage|p1a: Ting-Lu|86\/100\n|move|p1a: Ting-Lu|Stealth Rock|p2a: Salamence\n|-sidestart|p2: PredicateCape21|move: Stealth Rock\n|\n|-heal|p1a: Ting-Lu|93\/100|[from] item: Leftovers\n|upkeep\n|turn|2\n|\n|t:|1701036514\n|switch|p2a: Ursaluna|Ursaluna, F|100\/100\n|-damage|p2a: Ursaluna|94\/100|[from] Stealth Rock\n|move|p1a: Ting-Lu|Earthquake|p2a: Ursaluna\n|-damage|p2a: Ursaluna|67\/100\n|\n|-heal|p1a: Ting-Lu|99\/100|[from] item: Leftovers\n|-status|p2a: Ursaluna|brn|[from] item: Flame Orb\n|upkeep\n|turn|3\n|\n|t:|1701036525\n|move|p2a: Ursaluna|Swords Dance|p2a: Ursaluna\n|-boost|p2a: Ursaluna|atk|2\n|move|p1a: Ting-Lu|Whirlwind|p2a: Ursaluna\n|drag|p2a: Ninetales|Ninetales, F|100\/100\n|-damage|p2a: Ninetales|76\/100|[from] Stealth Rock\n|-weather|SunnyDay|[from] ability: Drought|[of] p2a: Ninetales\n|\n|-weather|SunnyDay|[upkeep]\n|-heal|p1a: Ting-Lu|100\/100|[from] item: Leftovers\n|upkeep\n|turn|4\n|\n|t:|1701036535\n|move|p2a: Ninetales|Solar Beam||[still]\n|-prepare|p2a: Ninetales|Solar Beam\n|-anim|p2a: Ninetales|Solar Beam|p1a: Ting-Lu\n|-supereffective|p1a: Ting-Lu\n|-damage|p1a: Ting-Lu|64\/100\n|move|p1a: Ting-Lu|Earthquake|p2a: Ninetales\n|-supereffective|p2a: Ninetales\n|-damage|p2a: Ninetales|0 fnt\n|faint|p2a: Ninetales\n|\n|-weather|SunnyDay|[upkeep]\n|-heal|p1a: Ting-Lu|70\/100|[from] item: Leftovers\n|upkeep\n|\n|t:|1701036554\n|switch|p2a: Yanmega|Yanmega, F|100\/100\n|-damage|p2a: Yanmega|51\/100|[from] Stealth Rock\n|turn|5\n|\n|t:|1701036559\n|move|p2a: Yanmega|Giga Drain|p1a: Ting-Lu\n|-supereffective|p1a: Ting-Lu\n|-damage|p1a: Ting-Lu|25\/100\n|-heal|p2a: Yanmega|88\/100|[from] drain|[of] p1a: Ting-Lu\n|-damage|p2a: Yanmega|78\/100|[from] item: Life Orb\n|move|p1a: Ting-Lu|Whirlwind|p2a: Yanmega\n|drag|p2a: Scovillain|Scovillain, M|100\/100\n|-damage|p2a: Scovillain|76\/100|[from] Stealth Rock\n|\n|-weather|SunnyDay|[upkeep]\n|-heal|p1a: Ting-Lu|31\/100|[from] item: Leftovers\n|upkeep\n|turn|6\n|\n|t:|1701036569\n|move|p2a: Scovillain|Seed Bomb|p1a: Ting-Lu\n|-supereffective|p1a: Ting-Lu\n|-damage|p1a: Ting-Lu|0 fnt\n|faint|p1a: Ting-Lu\n|\n|-weather|SunnyDay|[upkeep]\n|upkeep\n|\n|t:|1701036583\n|switch|p1a: Zapdos|Zapdos-Galar|100\/100\n|turn|7\n|\n|t:|1701036607\n|switch|p2a: Salamence|Salamence, F|100\/100\n|-damage|p2a: Salamence|76\/100|[from] Stealth Rock\n|move|p1a: Zapdos|Brave Bird|p2a: Salamence\n|-damage|p2a: Salamence|5\/100\n|-damage|p1a: Zapdos|76\/100|[from] Recoil\n|\n|-weather|SunnyDay|[upkeep]\n|upkeep\n|turn|8\n|\n|t:|1701036620\n|switch|p1a: Weezing|Weezing-Galar, M|100\/100\n|move|p2a: Salamence|Outrage|p1a: Weezing\n|-immune|p1a: Weezing\n|\n|-weather|SunnyDay|[upkeep]\n|upkeep\n|turn|9\n|\n|t:|1701036630\n|switch|p2a: Skeledirge|Skeledirge, F|100\/100\n|-damage|p2a: Skeledirge|76\/100|[from] Stealth Rock\n|move|p1a: Weezing|Strange Steam|p2a: Skeledirge\n|-resisted|p2a: Skeledirge\n|-damage|p2a: Skeledirge|66\/100\n|-start|p2a: Skeledirge|confusion\n|\n|-weather|SunnyDay|[upkeep]\n|-heal|p2a: Skeledirge|72\/100|[from] item: Leftovers\n|upkeep\n|turn|10\n|\n|t:|1701036645\n|switch|p1a: Armarouge|Armarouge, F|100\/100\n|-activate|p2a: Skeledirge|confusion\n|move|p2a: Skeledirge|Torch Song|p1a: Armarouge\n|-resisted|p1a: Armarouge\n|-damage|p1a: Armarouge|69\/100\n|-boost|p2a: Skeledirge|spa|1\n|\n|-weather|none\n|-heal|p2a: Skeledirge|78\/100|[from] item: Leftovers\n|upkeep\n|turn|11\n|\n|t:|1701036661\n|move|p1a: Armarouge|Psychic|p2a: Skeledirge\n|-damage|p2a: Skeledirge|40\/100\n|-end|p2a: Skeledirge|confusion\n|move|p2a: Skeledirge|Torch Song|p1a: Armarouge\n|-resisted|p1a: Armarouge\n|-damage|p1a: Armarouge|40\/100\n|-boost|p2a: Skeledirge|spa|1\n|\n|-heal|p2a: Skeledirge|46\/100|[from] item: Leftovers\n|upkeep\n|turn|12\n|\n|t:|1701036676\n|move|p1a: Armarouge|Psychic|p2a: Skeledirge\n|-damage|p2a: Skeledirge|7\/100\n|move|p2a: Skeledirge|Slack Off|p2a: Skeledirge\n|-heal|p2a: Skeledirge|57\/100\n|\n|-heal|p2a: Skeledirge|63\/100|[from] item: Leftovers\n|upkeep\n|turn|13\n|\n|t:|1701036692\n|move|p1a: Armarouge|Destiny Bond|p1a: Armarouge\n|-singlemove|p1a: Armarouge|Destiny Bond\n|move|p2a: Skeledirge|Torch Song|p1a: Armarouge\n|-resisted|p1a: Armarouge\n|-damage|p1a: Armarouge|1\/100\n|-boost|p2a: Skeledirge|spa|1\n|\n|-heal|p2a: Skeledirge|69\/100|[from] item: Leftovers\n|upkeep\n|turn|14\n|c|\u2606PredicateCape21|lol\n|\n|t:|1701036701\n|move|p1a: Armarouge|Psychic|p2a: Skeledirge\n|-damage|p2a: Skeledirge|34\/100\n|move|p2a: Skeledirge|Slack Off|p2a: Skeledirge\n|-heal|p2a: Skeledirge|84\/100\n|\n|-heal|p2a: Skeledirge|91\/100|[from] item: Leftovers\n|upkeep\n|turn|15\n|\n|t:|1701036708\n|move|p1a: Armarouge|Destiny Bond|p1a: Armarouge\n|-singlemove|p1a: Armarouge|Destiny Bond\n|move|p2a: Skeledirge|Slack Off|p2a: Skeledirge\n|-heal|p2a: Skeledirge|100\/100\n|\n|upkeep\n|turn|16\n|\n|t:|1701036716\n|move|p1a: Armarouge|Psychic|p2a: Skeledirge\n|-damage|p2a: Skeledirge|67\/100\n|move|p2a: Skeledirge|Torch Song|p1a: Armarouge\n|-resisted|p1a: Armarouge\n|-damage|p1a: Armarouge|0 fnt\n|-boost|p2a: Skeledirge|spa|1\n|faint|p1a: Armarouge\n|\n|-heal|p2a: Skeledirge|73\/100|[from] item: Leftovers\n|upkeep\n|\n|t:|1701036728\n|switch|p1a: Zapdos|Zapdos-Galar|76\/100\n|turn|17\n|\n|t:|1701036739\n|move|p1a: Zapdos|U-turn|p2a: Skeledirge\n|-resisted|p2a: Skeledirge\n|-damage|p2a: Skeledirge|69\/100\n|\n|t:|1701036742\n|switch|p1a: Pincurchin|Pincurchin, M|100\/100|[from] U-turn\n|-fieldstart|move: Electric Terrain|[from] ability: Electric Surge|[of] p1a: Pincurchin\n|move|p2a: Skeledirge|Torch Song|p1a: Pincurchin\n|-damage|p1a: Pincurchin|0 fnt\n|-boost|p2a: Skeledirge|spa|1\n|faint|p1a: Pincurchin\n|\n|-heal|p2a: Skeledirge|75\/100|[from] item: Leftovers\n|upkeep\n|\n|t:|1701036746\n|switch|p1a: Raichu|Raichu-Alola, F|100\/100\n|turn|18\n|c|\u2606PredicateCape21|flammenwerferkrokodile\n|\n|t:|1701036764\n|-terastallize|p1a: Raichu|Psychic\n|move|p1a: Raichu|Nasty Plot|p1a: Raichu\n|-boost|p1a: Raichu|spa|2\n|move|p2a: Skeledirge|Torch Song|p1a: Raichu\n|-enditem|p1a: Raichu|Focus Sash\n|-damage|p1a: Raichu|1\/100\n|-boost|p2a: Skeledirge|spa|1\n|\n|-heal|p2a: Skeledirge|81\/100|[from] item: Leftovers\n|upkeep\n|turn|19\n|\n|t:|1701036776\n|move|p1a: Raichu|Psychic|p2a: Skeledirge\n|-damage|p2a: Skeledirge|45\/100\n|move|p2a: Skeledirge|Torch Song|p1a: Raichu\n|-damage|p1a: Raichu|0 fnt\n|faint|p1a: Raichu\n|\n|-heal|p2a: Skeledirge|51\/100|[from] item: Leftovers\n|upkeep\n|\n|t:|1701036782\n|switch|p1a: Zapdos|Zapdos-Galar|76\/100\n|turn|20\n|\n|t:|1701036787\n|move|p1a: Zapdos|Knock Off|p2a: Skeledirge\n|-supereffective|p2a: Skeledirge\n|-damage|p2a: Skeledirge|0 fnt\n|-enditem|p2a: Skeledirge|Leftovers|[from] move: Knock Off|[of] p1a: Zapdos\n|faint|p2a: Skeledirge\n|\n|upkeep\n|\n|t:|1701036804\n|switch|p2a: Yanmega|Yanmega, F|78\/100\n|-damage|p2a: Yanmega|28\/100|[from] Stealth Rock\n|turn|21\n|\n|t:|1701036808\n|move|p2a: Yanmega|Protect|p2a: Yanmega\n|-singleturn|p2a: Yanmega|Protect\n|move|p1a: Zapdos|Knock Off|p2a: Yanmega\n|-activate|p2a: Yanmega|move: Protect\n|\n|-ability|p2a: Yanmega|Speed Boost|boost\n|-boost|p2a: Yanmega|spe|1\n|upkeep\n|turn|22\n|\n|t:|1701036815\n|move|p1a: Zapdos|Knock Off|p2a: Yanmega\n|-damage|p2a: Yanmega|0 fnt\n|-enditem|p2a: Yanmega|Life Orb|[from] move: Knock Off|[of] p1a: Zapdos\n|faint|p2a: Yanmega\n|\n|upkeep\n|\n|t:|1701036818\n|switch|p2a: Ursaluna|Ursaluna, F|67\/100 brn\n|-damage|p2a: Ursaluna|61\/100 brn|[from] Stealth Rock\n|turn|23\n|\n|t:|1701036828\n|switch|p1a: Weezing|Weezing-Galar, M|100\/100\n|move|p2a: Ursaluna|Body Slam|p1a: Weezing\n|-damage|p1a: Weezing|53\/100\n|\n|-heal|p1a: Weezing|59\/100|[from] item: Black Sludge\n|-damage|p2a: Ursaluna|55\/100 brn|[from] brn\n|upkeep\n|turn|24\n|\n|t:|1701036838\n|move|p1a: Weezing|Strange Steam|p2a: Ursaluna\n|-damage|p2a: Ursaluna|31\/100 brn\n|move|p2a: Ursaluna|Body Slam|p1a: Weezing\n|-damage|p1a: Weezing|11\/100\n|\n|-heal|p1a: Weezing|17\/100|[from] item: Black Sludge\n|-damage|p2a: Ursaluna|25\/100 brn|[from] brn\n|-fieldend|move: Electric Terrain\n|upkeep\n|turn|25\n|\n|t:|1701036853\n|switch|p2a: Scovillain|Scovillain, M|76\/100\n|-damage|p2a: Scovillain|51\/100|[from] Stealth Rock\n|move|p1a: Weezing|Pain Split|p2a: Scovillain\n|-sethp|p2a: Scovillain|36\/100|[from] move: Pain Split|[silent]\n|-sethp|p1a: Weezing|29\/100|[from] move: Pain Split\n|\n|-heal|p1a: Weezing|35\/100|[from] item: Black Sludge\n|upkeep\n|turn|26\n|\n|t:|1701036864\n|move|p2a: Scovillain|Stomping Tantrum|p1a: Weezing\n|-immune|p1a: Weezing|[from] ability: Levitate\n|move|p1a: Weezing|Strange Steam|p2a: Scovillain\n|-resisted|p2a: Scovillain\n|-damage|p2a: Scovillain|12\/100\n|\n|-heal|p1a: Weezing|41\/100|[from] item: Black Sludge\n|upkeep\n|turn|27\n|c|\u2606PredicateCape21|right\n|\n|t:|1701036871\n|move|p2a: Scovillain|Stomping Tantrum|p1a: Weezing\n|-immune|p1a: Weezing|[from] ability: Levitate\n|move|p1a: Weezing|Strange Steam|p2a: Scovillain\n|-resisted|p2a: Scovillain\n|-damage|p2a: Scovillain|0 fnt\n|faint|p2a: Scovillain\n|\n|-heal|p1a: Weezing|47\/100|[from] item: Black Sludge\n|upkeep\n|\n|t:|1701036874\n|switch|p2a: Salamence|Salamence, F|5\/100\n|-damage|p2a: Salamence|0 fnt|[from] Stealth Rock\n|faint|p2a: Salamence\n|\n|t:|1701036876\n|switch|p2a: Ursaluna|Ursaluna, F|25\/100 brn\n|-damage|p2a: Ursaluna|19\/100 brn|[from] Stealth Rock\n|turn|28\n|\n|t:|1701036883\n|move|p1a: Weezing|Strange Steam|p2a: Ursaluna\n|-damage|p2a: Ursaluna|0 fnt\n|faint|p2a: Ursaluna\n|\n|win|Jayster13\n|c|\u2606PredicateCape21|gg\n|c|\u2606PredicateCape21|gnight\n|l|\u2606PredicateCape21\n","uploadtime":1701036920,"views":34,"p1id":"jayster13","p2id":"predicatecape21","formatid":"gen9ubers","rating":0,"private":0,"password":""}