{"id":"gen9ubers-1995327684","p1":"Slark 888","p2":"djkslaf","format":"[Gen 9] Ubers","log":"|j|\u2606Slark 888\n|j|\u2606djkslaf\n|t:|1700554375\n|gametype|singles\n|player|p1|Slark 888|red|1052\n|player|p2|djkslaf|lyra|1068\n|teamsize|p1|6\n|teamsize|p2|6\n|gen|9\n|tier|[Gen 9] Ubers\n|rated|\n|rule|Sleep Clause Mod: Limit one foe put to sleep\n|rule|Species Clause: Limit one of each Pok\u00e9mon\n|rule|OHKO Clause: OHKO moves are banned\n|rule|Evasion Items Clause: Evasion items are banned\n|rule|Evasion Moves Clause: Evasion moves are banned\n|rule|Endless Battle Clause: Forcing endless battles is banned\n|rule|HP Percentage Mod: HP is shown in percentages\n|clearpoke\n|poke|p1|Koraidon|\n|poke|p1|Flutter Mane|\n|poke|p1|Great Tusk|\n|poke|p1|Magearna|\n|poke|p1|Arceus|\n|poke|p1|Miraidon|\n|poke|p2|Miraidon|\n|poke|p2|Ditto|\n|poke|p2|Kyogre|\n|poke|p2|Koraidon|\n|poke|p2|Iron Bundle|\n|poke|p2|Shaymin-Sky|\n|teampreview\n|\n|t:|1700554400\n|start\n|switch|p1a: Arceus|Arceus|100\/100\n|switch|p2a: Miraidon|Miraidon|100\/100\n|-fieldstart|move: Electric Terrain|[from] ability: Hadron Engine|[of] p2a: Miraidon\n|turn|1\n|inactive|Battle timer is ON: inactive players will automatically lose when time's up. (requested by Slark 888)\n|inactive|djkslaf also wants the timer to be on.\n|\n|t:|1700554412\n|move|p1a: Arceus|Extreme Speed|p2a: Miraidon\n|-damage|p2a: Miraidon|44\/100\n|move|p2a: Miraidon|Volt Switch|p1a: Arceus\n|-damage|p1a: Arceus|59\/100\n|\n|t:|1700554418\n|switch|p2a: Iron Bundle|Iron Bundle|100\/100|[from] Volt Switch\n|-activate|p2a: Iron Bundle|ability: Quark Drive\n|-start|p2a: Iron Bundle|quarkdrivespa\n|\n|upkeep\n|turn|2\n|\n|t:|1700554442\n|move|p2a: Iron Bundle|Ice Beam|p1a: Arceus\n|-damage|p1a: Arceus|11\/100\n|move|p1a: Arceus|Stealth Rock|p2a: Iron Bundle\n|-sidestart|p2: djkslaf|move: Stealth Rock\n|\n|upkeep\n|turn|3\n|\n|t:|1700554452\n|switch|p1a: Magearna|Magearna|100\/100\n|move|p2a: Iron Bundle|Ice Beam|p1a: Magearna\n|-resisted|p1a: Magearna\n|-damage|p1a: Magearna|87\/100\n|\n|upkeep\n|turn|4\n|\n|t:|1700554463\n|-end|p2a: Iron Bundle|Quark Drive|[silent]\n|switch|p2a: Ditto|Ditto|100\/100\n|-damage|p2a: Ditto|88\/100|[from] Stealth Rock\n|-transform|p2a: Ditto|p1a: Magearna|[from] ability: Imposter\n|move|p1a: Magearna|Volt Switch|p2a: Ditto\n|-damage|p2a: Ditto|70\/100\n|inactive|Slark 888 has 120 seconds left.\n|\n|t:|1700554493\n|switch|p1a: Miraidon|Miraidon|100\/100|[from] Volt Switch\n|-activate|p1a: Miraidon|ability: Hadron Engine\n|\n|upkeep\n|turn|5\n|inactive|Slark 888 has 120 seconds left.\n|\n|t:|1700554510\n|switch|p2a: Koraidon|Koraidon|100\/100\n|-damage|p2a: Koraidon|94\/100|[from] Stealth Rock\n|-weather|SunnyDay|[from] ability: Orichalcum Pulse|[of] p2a: Koraidon\n|-activate|p2a: Koraidon|Orichalcum Pulse|[source]\n|move|p1a: Miraidon|Electro Drift|p2a: Koraidon\n|-resisted|p2a: Koraidon\n|-damage|p2a: Koraidon|23\/100\n|\n|-weather|SunnyDay|[upkeep]\n|-fieldend|move: Electric Terrain\n|upkeep\n|turn|6\n|inactive|Slark 888 has 120 seconds left.\n|\n|t:|1700554539\n|switch|p1a: Great Tusk|Great Tusk|100\/100\n|-activate|p1a: Great Tusk|ability: Protosynthesis\n|-start|p1a: Great Tusk|protosynthesisdef\n|move|p2a: Koraidon|Collision Course|p1a: Great Tusk\n|-damage|p1a: Great Tusk|68\/100\n|\n|-weather|SunnyDay|[upkeep]\n|-heal|p1a: Great Tusk|74\/100|[from] item: Leftovers\n|upkeep\n|turn|7\n|\n|t:|1700554561\n|move|p2a: Koraidon|Collision Course|p1a: Great Tusk\n|-damage|p1a: Great Tusk|43\/100\n|move|p1a: Great Tusk|Rapid Spin|p2a: Koraidon\n|-damage|p2a: Koraidon|9\/100\n|-boost|p1a: Great Tusk|spe|1\n|\n|-weather|SunnyDay|[upkeep]\n|-heal|p1a: Great Tusk|49\/100|[from] item: Leftovers\n|upkeep\n|turn|8\n|\n|t:|1700554571\n|move|p2a: Koraidon|Collision Course|p1a: Great Tusk\n|-damage|p1a: Great Tusk|16\/100\n|move|p1a: Great Tusk|Bulk Up|p1a: Great Tusk\n|-boost|p1a: Great Tusk|atk|1\n|-boost|p1a: Great Tusk|def|1\n|\n|-weather|SunnyDay|[upkeep]\n|-heal|p1a: Great Tusk|22\/100|[from] item: Leftovers\n|upkeep\n|turn|9\n|inactive|Slark 888 has 90 seconds left.\n|\n|t:|1700554594\n|move|p2a: Koraidon|Collision Course|p1a: Great Tusk\n|-damage|p1a: Great Tusk|1\/100\n|move|p1a: Great Tusk|Rapid Spin|p2a: Koraidon\n|-damage|p2a: Koraidon|0 fnt\n|-boost|p1a: Great Tusk|spe|1\n|faint|p2a: Koraidon\n|\n|-weather|none\n|-end|p1a: Great Tusk|Protosynthesis\n|-heal|p1a: Great Tusk|7\/100|[from] item: Leftovers\n|upkeep\n|\n|t:|1700554606\n|switch|p2a: Ditto|Ditto|70\/100\n|-damage|p2a: Ditto|58\/100|[from] Stealth Rock\n|-transform|p2a: Ditto|p1a: Great Tusk|[from] ability: Imposter\n|turn|10\n|inactive|Slark 888 has 90 seconds left.\n|\n|t:|1700554642\n|move|p2a: Ditto|Headlong Rush|p1a: Great Tusk\n|-damage|p1a: Great Tusk|0 fnt\n|-unboost|p2a: Ditto|def|1\n|-unboost|p2a: Ditto|spd|1\n|faint|p1a: Great Tusk\n|-end|p1a: Great Tusk|Protosynthesis|[silent]\n|\n|upkeep\n|inactive|Slark 888 has 60 seconds left.\n|\n|t:|1700554668\n|switch|p1a: Arceus|Arceus|11\/100\n|turn|11\n|l|\u2606Slark 888\n|inactive|Slark 888 disconnected and has a minute to reconnect!\n|player|p1|\n|inactive|Slark 888 has 30 seconds left.\n|j|\u2606Slark 888\n|inactive|Slark 888 reconnected and has 25 seconds left.\n|player|p1|Slark 888|red\n|inactive|Slark 888 has 20 seconds left.\n|\n|t:|1700554711\n|move|p1a: Arceus|Extreme Speed|p2a: Ditto\n|-damage|p2a: Ditto|18\/100\n|move|p2a: Ditto|Headlong Rush|p1a: Arceus\n|-damage|p1a: Arceus|0 fnt\n|-unboost|p2a: Ditto|def|1\n|-unboost|p2a: Ditto|spd|1\n|faint|p1a: Arceus\n|\n|upkeep\n|inactive|Slark 888 has 25 seconds left this turn.\n|inactive|Slark 888 has 20 seconds left.\n|inactive|Slark 888 has 15 seconds left.\n|\n|t:|1700554725\n|switch|p1a: Koraidon|Koraidon|100\/100\n|-weather|SunnyDay|[from] ability: Orichalcum Pulse|[of] p1a: Koraidon\n|-activate|p1a: Koraidon|Orichalcum Pulse|[source]\n|turn|12\n|inactive|Slark 888 has 25 seconds left this turn.\n|inactive|Slark 888 has 20 seconds left.\n|inactive|Slark 888 has 15 seconds left.\n|inactive|Slark 888 has 10 seconds left.\n|inactive|Slark 888 has 5 seconds left.\n|\n|t:|1700554747\n|move|p2a: Ditto|Headlong Rush|p1a: Koraidon\n|-damage|p1a: Koraidon|20\/100\n|-unboost|p2a: Ditto|def|1\n|-unboost|p2a: Ditto|spd|1\n|move|p1a: Koraidon|Collision Course|p2a: Ditto\n|-damage|p2a: Ditto|0 fnt\n|faint|p2a: Ditto\n|-end|p2a: Ditto|Protosynthesis|[silent]\n|\n|-weather|SunnyDay|[upkeep]\n|upkeep\n|inactive|Slark 888 has 10 seconds left this turn.\n|\n|t:|1700554759\n|switch|p2a: Shaymin|Shaymin-Sky|100\/100\n|-damage|p2a: Shaymin|76\/100|[from] Stealth Rock\n|turn|13\n|inactive|Slark 888 has 20 seconds left this turn.\n|inactive|Slark 888 has 15 seconds left.\n|inactive|Slark 888 has 10 seconds left.\n|\n|t:|1700554771\n|move|p2a: Shaymin|Air Slash|p1a: Koraidon\n|-supereffective|p1a: Koraidon\n|-damage|p1a: Koraidon|0 fnt\n|faint|p1a: Koraidon\n|\n|-weather|SunnyDay|[upkeep]\n|upkeep\n|inactive|Slark 888 has 15 seconds left this turn.\n|inactive|Slark 888 has 10 seconds left.\n|\n|t:|1700554776\n|switch|p1a: Flutter Mane|Flutter Mane, shiny|100\/100\n|-activate|p1a: Flutter Mane|ability: Protosynthesis\n|-start|p1a: Flutter Mane|protosynthesisspe\n|turn|14\n|inactive|Slark 888 has 20 seconds left this turn.\n|inactive|Slark 888 has 15 seconds left.\n|\n|t:|1700554783\n|move|p1a: Flutter Mane|Moonblast|p2a: Shaymin\n|-damage|p2a: Shaymin|0 fnt\n|faint|p2a: Shaymin\n|-damage|p1a: Flutter Mane|91\/100|[from] item: Life Orb\n|\n|-weather|SunnyDay|[upkeep]\n|upkeep\n|inactive|Slark 888 has 20 seconds left this turn.\n|\n|t:|1700554796\n|switch|p2a: Miraidon|Miraidon|44\/100\n|-damage|p2a: Miraidon|32\/100|[from] Stealth Rock\n|-fieldstart|move: Electric Terrain|[from] ability: Hadron Engine|[of] p2a: Miraidon\n|turn|15\n|inactive|Slark 888 has 30 seconds left this turn.\n|inactive|Slark 888 has 20 seconds left.\n|\n|t:|1700554806\n|move|p2a: Miraidon|Electro Drift|p1a: Flutter Mane\n|-damage|p1a: Flutter Mane|0 fnt\n|faint|p1a: Flutter Mane\n|-end|p1a: Flutter Mane|Protosynthesis|[silent]\n|\n|-weather|SunnyDay|[upkeep]\n|upkeep\n|inactive|Slark 888 has 25 seconds left this turn.\n|inactive|Slark 888 has 20 seconds left.\n|inactive|Slark 888 has 15 seconds left.\n|inactive|Slark 888 has 10 seconds left.\n|\n|t:|1700554822\n|switch|p1a: Miraidon|Miraidon|100\/100\n|-activate|p1a: Miraidon|ability: Hadron Engine\n|turn|16\n|inactive|Slark 888 has 20 seconds left this turn.\n|inactive|Slark 888 has 15 seconds left.\n|\n|t:|1700554830\n|move|p2a: Miraidon|Electro Drift|p1a: Miraidon\n|-resisted|p1a: Miraidon\n|-damage|p1a: Miraidon|81\/100\n|move|p1a: Miraidon|Electro Drift|p2a: Miraidon\n|-resisted|p2a: Miraidon\n|-damage|p2a: Miraidon|0 fnt\n|faint|p2a: Miraidon\n|\n|-weather|SunnyDay|[upkeep]\n|upkeep\n|inactive|Slark 888 has 20 seconds left this turn.\n|\n|t:|1700554845\n|switch|p2a: Kyogre|Kyogre|100\/100\n|-damage|p2a: Kyogre|88\/100|[from] Stealth Rock\n|-weather|RainDance|[from] ability: Drizzle|[of] p2a: Kyogre\n|turn|17\n|inactive|Slark 888 has 30 seconds left this turn.\n|inactive|Slark 888 has 20 seconds left.\n|\n|t:|1700554860\n|-terastallize|p1a: Miraidon|Fairy\n|move|p2a: Kyogre|Water Spout|p1a: Miraidon\n|-damage|p1a: Miraidon|0 fnt\n|faint|p1a: Miraidon\n|\n|-weather|RainDance|[upkeep]\n|upkeep\n|inactive|Slark 888 has 25 seconds left this turn.\n|inactive|Slark 888 has 20 seconds left.\n|\n|t:|1700554867\n|switch|p1a: Magearna|Magearna|87\/100\n|turn|18\n|inactive|Slark 888 has 30 seconds left this turn.\n|\n|t:|1700554871\n|move|p2a: Kyogre|Water Spout|p1a: Magearna\n|-damage|p1a: Magearna|40\/100\n|move|p1a: Magearna|Volt Switch|p2a: Kyogre\n|-supereffective|p2a: Kyogre\n|-damage|p2a: Kyogre|47\/100\n|\n|-weather|RainDance|[upkeep]\n|upkeep\n|turn|19\n|\n|t:|1700554879\n|-terastallize|p2a: Kyogre|Water\n|move|p2a: Kyogre|Water Spout|p1a: Magearna\n|-damage|p1a: Magearna|4\/100\n|move|p1a: Magearna|Volt Switch|p2a: Kyogre\n|-supereffective|p2a: Kyogre\n|-damage|p2a: Kyogre|8\/100\n|\n|-weather|RainDance|[upkeep]\n|-fieldend|move: Electric Terrain\n|upkeep\n|turn|20\n|-message|Slark 888 forfeited.\n|\n|win|djkslaf\n|raw|Slark 888's rating: 1052 &rarr; <strong>1035<\/strong><br \/>(-17 for losing)\n|raw|djkslaf's rating: 1068 &rarr; <strong>1096<\/strong><br \/>(+28 for winning)\n|l|\u2606Slark 888\n","uploadtime":1700554892,"views":1,"p1id":"slark888","p2id":"djkslaf","formatid":"gen9ubers","rating":1035,"private":0,"password":""}