{"id":"gen9ubers-1996905950","p1":"Vincent RPPLF","p2":"RPPLF_Qilin","format":"[Gen 9] Ubers","log":"|j|\u2606Vincent RPPLF\n|j|\u2606RPPLF_Qilin\n|t:|1700743083\n|gametype|singles\n|player|p1|Vincent RPPLF|ghetsis-gen5bw|\n|player|p2|RPPLF_Qilin|1|\n|teamsize|p1|6\n|teamsize|p2|6\n|gen|9\n|tier|[Gen 9] Ubers\n|rule|Sleep Clause Mod: Limit one foe put to sleep\n|rule|Species Clause: Limit one of each Pok\u00e9mon\n|rule|OHKO Clause: OHKO moves are banned\n|rule|Evasion Items Clause: Evasion items are banned\n|rule|Evasion Moves Clause: Evasion moves are banned\n|rule|Endless Battle Clause: Forcing endless battles is banned\n|rule|HP Percentage Mod: HP is shown in percentages\n|clearpoke\n|poke|p1|Magnezone|\n|poke|p1|Cinderace, M|\n|poke|p1|Clefable, M|\n|poke|p1|Blissey, F|\n|poke|p1|Roaring Moon|\n|poke|p1|Conkeldurr, M|\n|poke|p2|Arceus|\n|poke|p2|Okidogi, M|\n|poke|p2|Grimmsnarl, M|\n|poke|p2|Corviknight, M|\n|poke|p2|Regidrago|\n|poke|p2|Greninja-*, M|\n|teampreview\n|\n|t:|1700743148\n|start\n|switch|p1a: Magnezone|Magnezone|100\/100\n|switch|p2a: Grimmsnarl|Grimmsnarl, M|100\/100\n|turn|1\n|\n|t:|1700743162\n|move|p2a: Grimmsnarl|Parting Shot|p1a: Magnezone\n|-unboost|p1a: Magnezone|atk|1\n|-unboost|p1a: Magnezone|spa|1\n|\n|t:|1700743168\n|switch|p2a: Okidogi|Okidogi, M|100\/100|[from] Parting Shot\n|move|p1a: Magnezone|Volt Switch|p2a: Okidogi\n|-damage|p2a: Okidogi|70\/100\n|\n|t:|1700743182\n|switch|p1a: Conkeldurr|Conkeldurr, M|100\/100|[from] Volt Switch\n|\n|-status|p1a: Conkeldurr|brn|[from] item: Flame Orb\n|upkeep\n|turn|2\n|\n|t:|1700743192\n|switch|p2a: Corviknight|Corviknight, M|100\/100\n|-ability|p2a: Corviknight|Pressure\n|move|p1a: Conkeldurr|Facade|p2a: Corviknight\n|-resisted|p2a: Corviknight\n|-damage|p2a: Corviknight|74\/100\n|-damage|p1a: Conkeldurr|84\/100 brn|[from] item: Rocky Helmet|[of] p2a: Corviknight\n|\n|-damage|p1a: Conkeldurr|78\/100 brn|[from] brn\n|upkeep\n|turn|3\n|\n|t:|1700743206\n|switch|p1a: Magnezone|Magnezone|100\/100\n|move|p2a: Corviknight|U-turn|p1a: Magnezone\n|-resisted|p1a: Magnezone\n|-damage|p1a: Magnezone|93\/100\n|\n|t:|1700743217\n|switch|p2a: Okidogi|Okidogi, M|70\/100|[from] U-turn\n|\n|upkeep\n|turn|4\n|\n|t:|1700743225\n|move|p1a: Magnezone|Volt Switch|p2a: Okidogi\n|-damage|p2a: Okidogi|26\/100\n|\n|t:|1700743236\n|switch|p1a: Clefable|Clefable, M|100\/100|[from] Volt Switch\n|move|p2a: Okidogi|Knock Off|p1a: Clefable\n|-resisted|p1a: Clefable\n|-damage|p1a: Clefable|86\/100\n|-damage|p2a: Okidogi|10\/100|[from] item: Rocky Helmet|[of] p1a: Clefable\n|-status|p1a: Clefable|tox|[from] ability: Toxic Chain|[of] p2a: Okidogi\n|-enditem|p1a: Clefable|Rocky Helmet|[from] move: Knock Off|[of] p2a: Okidogi\n|\n|-damage|p1a: Clefable|80\/100 tox|[from] psn\n|upkeep\n|turn|5\n|\n|t:|1700743246\n|switch|p1a: Magnezone|Magnezone|93\/100\n|move|p2a: Okidogi|Poison Jab|p1a: Magnezone\n|-immune|p1a: Magnezone\n|\n|upkeep\n|turn|6\n|\n|t:|1700743254\n|move|p1a: Magnezone|Volt Switch|p2a: Okidogi\n|-damage|p2a: Okidogi|0 fnt\n|faint|p2a: Okidogi\n|\n|t:|1700743267\n|switch|p1a: Cinderace|Cinderace, M|100\/100|[from] Volt Switch\n|\n|upkeep\n|\n|t:|1700743279\n|switch|p2a: Greninja|Greninja, M|100\/100\n|turn|7\n|\n|t:|1700743286\n|switch|p2a: Grimmsnarl|Grimmsnarl, M|100\/100\n|switch|p1a: Blissey|Blissey, F|100\/100\n|\n|upkeep\n|turn|8\n|\n|t:|1700743295\n|move|p2a: Grimmsnarl|Reflect|p2a: Grimmsnarl\n|-sidestart|p2: RPPLF_Qilin|Reflect\n|move|p1a: Blissey|Thunder Wave|p2a: Grimmsnarl\n|-status|p2a: Grimmsnarl|par\n|\n|upkeep\n|turn|9\n|\n|t:|1700743300\n|switch|p1a: Cinderace|Cinderace, M|100\/100\n|cant|p2a: Grimmsnarl|par\n|\n|upkeep\n|turn|10\n|\n|t:|1700743305\n|move|p2a: Grimmsnarl|Taunt|p1a: Cinderace\n|-start|p1a: Cinderace|move: Taunt\n|cant|p1a: Cinderace|move: Taunt|Court Change\n|\n|upkeep\n|turn|11\n|\n|t:|1700743318\n|move|p2a: Grimmsnarl|Parting Shot|p1a: Cinderace\n|-unboost|p1a: Cinderace|atk|1\n|-unboost|p1a: Cinderace|spa|1\n|\n|t:|1700743344\n|switch|p2a: Arceus|Arceus|100\/100|[from] Parting Shot\n|move|p1a: Cinderace|U-turn|p2a: Arceus\n|-start|p1a: Cinderace|typechange|Bug|[from] ability: Libero\n|-damage|p2a: Arceus|93\/100\n|l|\u2606Vincent RPPLF\n|player|p1|\n|j|\u2606Vincent RPPLF\n|player|p1|Vincent RPPLF|ghetsis-gen5bw\n|\n|t:|1700743653\n|switch|p1a: Conkeldurr|Conkeldurr, M|78\/100 brn|[from] U-turn\n|\n|-heal|p2a: Arceus|99\/100|[from] item: Leftovers\n|-damage|p1a: Conkeldurr|72\/100 brn|[from] brn\n|upkeep\n|turn|12\n|l|\u2606Vincent RPPLF\n|player|p1|\n|j|\u2606Vincent RPPLF\n|player|p1|Vincent RPPLF|ghetsis-gen5bw\n|\n|t:|1700743731\n|-terastallize|p2a: Arceus|Ghost\n|move|p2a: Arceus|Swords Dance|p2a: Arceus\n|-boost|p2a: Arceus|atk|2\n|move|p1a: Conkeldurr|Knock Off|p2a: Arceus\n|-supereffective|p2a: Arceus\n|-damage|p2a: Arceus|59\/100\n|-enditem|p2a: Arceus|Leftovers|[from] move: Knock Off|[of] p1a: Conkeldurr\n|\n|-damage|p1a: Conkeldurr|66\/100 brn|[from] brn\n|upkeep\n|turn|13\n|\n|t:|1700743745\n|switch|p1a: Blissey|Blissey, F|100\/100\n|move|p2a: Arceus|Shadow Claw|p1a: Blissey\n|-immune|p1a: Blissey\n|\n|upkeep\n|turn|14\n|\n|t:|1700743752\n|-terastallize|p1a: Blissey|Ghost\n|move|p2a: Arceus|Extreme Speed|p1a: Blissey\n|-immune|p1a: Blissey\n|move|p1a: Blissey|Thunder Wave|p2a: Arceus\n|-status|p2a: Arceus|par\n|\n|upkeep\n|turn|15\n|\n|t:|1700743763\n|switch|p1a: Clefable|Clefable, M|80\/100 tox\n|move|p2a: Arceus|Shadow Claw|p1a: Clefable\n|-damage|p1a: Clefable|49\/100 tox\n|\n|-damage|p1a: Clefable|43\/100 tox|[from] psn\n|-sideend|p2: RPPLF_Qilin|Reflect\n|upkeep\n|turn|16\n|\n|t:|1700743797\n|move|p2a: Arceus|Extreme Speed|p1a: Clefable\n|-damage|p1a: Clefable|11\/100 tox\n|move|p1a: Clefable|Moonlight|p1a: Clefable\n|-heal|p1a: Clefable|61\/100 tox\n|\n|-damage|p1a: Clefable|49\/100 tox|[from] psn\n|upkeep\n|turn|17\n|\n|t:|1700743809\n|move|p2a: Arceus|Extreme Speed|p1a: Clefable\n|-damage|p1a: Clefable|19\/100 tox\n|move|p1a: Clefable|Moonlight|p1a: Clefable\n|-heal|p1a: Clefable|69\/100 tox\n|\n|-damage|p1a: Clefable|50\/100 tox|[from] psn\n|upkeep\n|turn|18\n|\n|t:|1700743814\n|move|p2a: Arceus|Extreme Speed|p1a: Clefable\n|-damage|p1a: Clefable|20\/100 tox\n|move|p1a: Clefable|Moonlight|p1a: Clefable\n|-heal|p1a: Clefable|70\/100 tox\n|\n|-damage|p1a: Clefable|45\/100 tox|[from] psn\n|upkeep\n|turn|19\n|\n|t:|1700743819\n|move|p2a: Arceus|Extreme Speed|p1a: Clefable\n|-damage|p1a: Clefable|14\/100 tox\n|move|p1a: Clefable|Moonlight|p1a: Clefable\n|-heal|p1a: Clefable|64\/100 tox\n|\n|-damage|p1a: Clefable|34\/100 tox|[from] psn\n|upkeep\n|turn|20\n|\n|t:|1700743822\n|cant|p2a: Arceus|par\n|move|p1a: Clefable|Moonlight|p1a: Clefable\n|-heal|p1a: Clefable|84\/100 tox\n|\n|-damage|p1a: Clefable|47\/100 tox|[from] psn\n|upkeep\n|turn|21\n|\n|t:|1700743853\n|switch|p1a: Magnezone|Magnezone|93\/100\n|move|p2a: Arceus|Extreme Speed|p1a: Magnezone\n|-resisted|p1a: Magnezone\n|-damage|p1a: Magnezone|47\/100\n|\n|upkeep\n|turn|22\n|\n|t:|1700743870\n|move|p1a: Magnezone|Volt Switch|p2a: Arceus\n|-damage|p2a: Arceus|16\/100 par\n|\n|t:|1700743917\n|switch|p1a: Roaring Moon|Roaring Moon|100\/100|[from] Volt Switch\n|-enditem|p1a: Roaring Moon|Booster Energy\n|-activate|p1a: Roaring Moon|ability: Protosynthesis|[fromitem]\n|-start|p1a: Roaring Moon|protosynthesisatk\n|move|p2a: Arceus|Shadow Claw|p1a: Roaring Moon\n|-resisted|p1a: Roaring Moon\n|-crit|p1a: Roaring Moon\n|-damage|p1a: Roaring Moon|32\/100\n|\n|upkeep\n|turn|23\n|\n|t:|1700743931\n|-end|p1a: Roaring Moon|Protosynthesis|[silent]\n|switch|p1a: Blissey|Blissey, F, tera:Ghost|100\/100\n|move|p2a: Arceus|Extreme Speed|p1a: Blissey\n|-immune|p1a: Blissey\n|\n|upkeep\n|turn|24\n|\n|t:|1700743949\n|switch|p1a: Roaring Moon|Roaring Moon|32\/100\n|cant|p2a: Arceus|par\n|\n|upkeep\n|turn|25\n|\n|t:|1700743955\n|cant|p2a: Arceus|par\n|move|p1a: Roaring Moon|Knock Off|p2a: Arceus\n|-supereffective|p2a: Arceus\n|-damage|p2a: Arceus|0 fnt\n|faint|p2a: Arceus\n|\n|upkeep\n|\n|t:|1700743967\n|switch|p2a: Regidrago|Regidrago|100\/100\n|turn|26\n|\n|t:|1700743978\n|-end|p1a: Roaring Moon|Protosynthesis|[silent]\n|switch|p1a: Blissey|Blissey, F, tera:Ghost|100\/100\n|move|p2a: Regidrago|Dragon Dance|p2a: Regidrago\n|-boost|p2a: Regidrago|atk|1\n|-boost|p2a: Regidrago|spe|1\n|\n|upkeep\n|turn|27\n|\n|t:|1700744006\n|switch|p1a: Magnezone|Magnezone|47\/100\n|move|p2a: Regidrago|Dragon Claw|p1a: Magnezone\n|-resisted|p1a: Magnezone\n|-damage|p1a: Magnezone|10\/100\n|\n|upkeep\n|turn|28\n|\n|t:|1700744016\n|move|p2a: Regidrago|Dragon Claw|p1a: Magnezone\n|-resisted|p1a: Magnezone\n|-damage|p1a: Magnezone|0 fnt\n|faint|p1a: Magnezone\n|\n|upkeep\n|\n|t:|1700744021\n|switch|p1a: Clefable|Clefable, M|47\/100 tox\n|turn|29\n|\n|t:|1700744029\n|move|p2a: Regidrago|Tera Blast|p1a: Clefable\n|-damage|p1a: Clefable|24\/100 tox\n|move|p1a: Clefable|Moonlight|p1a: Clefable\n|-heal|p1a: Clefable|74\/100 tox\n|\n|-damage|p1a: Clefable|68\/100 tox|[from] psn\n|upkeep\n|turn|30\n|\n|t:|1700744039\n|switch|p2a: Corviknight|Corviknight, M|74\/100\n|-ability|p2a: Corviknight|Pressure\n|move|p1a: Clefable|Moonblast|p2a: Corviknight\n|-resisted|p2a: Corviknight\n|-damage|p2a: Corviknight|58\/100\n|\n|-damage|p1a: Clefable|56\/100 tox|[from] psn\n|upkeep\n|turn|31\n|\n|t:|1700744044\n|switch|p1a: Cinderace|Cinderace, M|100\/100\n|move|p2a: Corviknight|Roost|p2a: Corviknight\n|-heal|p2a: Corviknight|100\/100\n|-singleturn|p2a: Corviknight|move: Roost\n|\n|upkeep\n|turn|32\n|\n|t:|1700744052\n|switch|p2a: Grimmsnarl|Grimmsnarl, M|100\/100 par\n|move|p1a: Cinderace|Pyro Ball|p2a: Grimmsnarl\n|-damage|p2a: Grimmsnarl|25\/100 par\n|\n|upkeep\n|turn|33\n|\n|t:|1700744065\n|move|p2a: Grimmsnarl|Reflect|p2a: Grimmsnarl\n|-sidestart|p2: RPPLF_Qilin|Reflect\n|move|p1a: Cinderace|Pyro Ball|p2a: Grimmsnarl\n|-damage|p2a: Grimmsnarl|0 fnt\n|faint|p2a: Grimmsnarl\n|\n|upkeep\n|\n|t:|1700744070\n|switch|p2a: Greninja|Greninja, M|100\/100\n|turn|34\n|\n|t:|1700744078\n|switch|p1a: Blissey|Blissey, F, tera:Ghost|100\/100\n|move|p2a: Greninja|Dark Pulse|p1a: Blissey\n|-supereffective|p1a: Blissey\n|-damage|p1a: Blissey|66\/100\n|-damage|p2a: Greninja|91\/100|[from] item: Life Orb\n|\n|-heal|p1a: Blissey|72\/100|[from] item: Leftovers\n|upkeep\n|turn|35\n|\n|t:|1700744088\n|move|p2a: Greninja|Dark Pulse|p1a: Blissey\n|-supereffective|p1a: Blissey\n|-damage|p1a: Blissey|38\/100\n|-damage|p2a: Greninja|81\/100|[from] item: Life Orb\n|move|p1a: Blissey|Thunder Wave|p2a: Greninja\n|-status|p2a: Greninja|par\n|\n|-heal|p1a: Blissey|44\/100|[from] item: Leftovers\n|upkeep\n|turn|36\n|\n|t:|1700744098\n|move|p2a: Greninja|Dark Pulse|p1a: Blissey\n|-supereffective|p1a: Blissey\n|-damage|p1a: Blissey|11\/100\n|-damage|p2a: Greninja|71\/100 par|[from] item: Life Orb\n|cant|p1a: Blissey|flinch\n|\n|-heal|p1a: Blissey|17\/100|[from] item: Leftovers\n|upkeep\n|turn|37\n|\n|t:|1700744108\n|cant|p2a: Greninja|par\n|move|p1a: Blissey|Soft-Boiled|p1a: Blissey\n|-heal|p1a: Blissey|67\/100\n|\n|-heal|p1a: Blissey|74\/100|[from] item: Leftovers\n|upkeep\n|turn|38\n|\n|t:|1700744117\n|move|p2a: Greninja|Dark Pulse|p1a: Blissey\n|-supereffective|p1a: Blissey\n|-damage|p1a: Blissey|37\/100\n|-damage|p2a: Greninja|61\/100 par|[from] item: Life Orb\n|move|p1a: Blissey|Seismic Toss|p2a: Greninja\n|-damage|p2a: Greninja|26\/100 par\n|\n|-heal|p1a: Blissey|43\/100|[from] item: Leftovers\n|upkeep\n|turn|39\n|\n|t:|1700744121\n|cant|p2a: Greninja|par\n|move|p1a: Blissey|Soft-Boiled|p1a: Blissey\n|-heal|p1a: Blissey|93\/100\n|\n|-heal|p1a: Blissey|99\/100|[from] item: Leftovers\n|upkeep\n|turn|40\n|\n|t:|1700744126\n|cant|p2a: Greninja|par\n|move|p1a: Blissey|Seismic Toss|p2a: Greninja\n|-damage|p2a: Greninja|0 fnt\n|faint|p2a: Greninja\n|\n|-heal|p1a: Blissey|100\/100|[from] item: Leftovers\n|-sideend|p2: RPPLF_Qilin|Reflect\n|upkeep\n|\n|t:|1700744128\n|switch|p2a: Regidrago|Regidrago|100\/100\n|turn|41\n|\n|t:|1700744142\n|move|p2a: Regidrago|Dragon Dance|p2a: Regidrago\n|-boost|p2a: Regidrago|atk|1\n|-boost|p2a: Regidrago|spe|1\n|move|p1a: Blissey|Thunder Wave|p2a: Regidrago\n|-status|p2a: Regidrago|par\n|\n|upkeep\n|turn|42\n|\n|t:|1700744159\n|switch|p1a: Clefable|Clefable, M|56\/100 tox\n|cant|p2a: Regidrago|par\n|\n|-damage|p1a: Clefable|49\/100 tox|[from] psn\n|upkeep\n|turn|43\n|\n|t:|1700744188\n|switch|p2a: Corviknight|Corviknight, M|100\/100\n|-ability|p2a: Corviknight|Pressure\n|move|p1a: Clefable|Moonblast|p2a: Corviknight\n|-resisted|p2a: Corviknight\n|-damage|p2a: Corviknight|86\/100\n|\n|-damage|p1a: Clefable|37\/100 tox|[from] psn\n|upkeep\n|turn|44\n|\n|t:|1700744192\n|move|p2a: Corviknight|U-turn|p1a: Clefable\n|-resisted|p1a: Clefable\n|-damage|p1a: Clefable|31\/100 tox\n|\n|t:|1700744195\n|switch|p2a: Regidrago|Regidrago|100\/100 par|[from] U-turn\n|move|p1a: Clefable|Moonlight|p1a: Clefable\n|-heal|p1a: Clefable|81\/100 tox\n|\n|-damage|p1a: Clefable|63\/100 tox|[from] psn\n|upkeep\n|turn|45\n|\n|t:|1700744203\n|switch|p2a: Corviknight|Corviknight, M|86\/100\n|-ability|p2a: Corviknight|Pressure\n|move|p1a: Clefable|Moonblast|p2a: Corviknight\n|-resisted|p2a: Corviknight\n|-damage|p2a: Corviknight|71\/100\n|-unboost|p2a: Corviknight|spa|1\n|\n|-damage|p1a: Clefable|39\/100 tox|[from] psn\n|upkeep\n|turn|46\n|\n|t:|1700744216\n|switch|p1a: Cinderace|Cinderace, M|100\/100\n|move|p2a: Corviknight|U-turn|p1a: Cinderace\n|-resisted|p1a: Cinderace\n|-damage|p1a: Cinderace|90\/100\n|\n|t:|1700744222\n|switch|p2a: Regidrago|Regidrago|100\/100 par|[from] U-turn\n|\n|upkeep\n|turn|47\n|\n|t:|1700744228\n|move|p1a: Cinderace|U-turn|p2a: Regidrago\n|-start|p1a: Cinderace|typechange|Bug|[from] ability: Libero\n|-damage|p2a: Regidrago|66\/100 par\n|\n|t:|1700744230\n|switch|p1a: Blissey|Blissey, F, tera:Ghost|100\/100|[from] U-turn\n|move|p2a: Regidrago|Dragon Energy|p1a: Blissey\n|-damage|p1a: Blissey|72\/100\n|\n|-heal|p1a: Blissey|79\/100|[from] item: Leftovers\n|upkeep\n|turn|48\n|\n|t:|1700744240\n|move|p1a: Blissey|Seismic Toss|p2a: Regidrago\n|-damage|p2a: Regidrago|48\/100 par\n|move|p2a: Regidrago|Dragon Claw|p1a: Blissey\n|-damage|p1a: Blissey|35\/100\n|\n|-heal|p1a: Blissey|41\/100|[from] item: Leftovers\n|upkeep\n|turn|49\n|\n|t:|1700744250\n|move|p1a: Blissey|Soft-Boiled|p1a: Blissey\n|-heal|p1a: Blissey|91\/100\n|move|p2a: Regidrago|Dragon Dance|p2a: Regidrago\n|-boost|p2a: Regidrago|atk|1\n|-boost|p2a: Regidrago|spe|1\n|\n|-heal|p1a: Blissey|98\/100|[from] item: Leftovers\n|upkeep\n|turn|50\n|\n|t:|1700744256\n|move|p2a: Regidrago|Dragon Claw|p1a: Blissey\n|-damage|p1a: Blissey|31\/100\n|move|p1a: Blissey|Seismic Toss|p2a: Regidrago\n|-damage|p2a: Regidrago|30\/100 par\n|\n|-heal|p1a: Blissey|38\/100|[from] item: Leftovers\n|upkeep\n|turn|51\n|\n|t:|1700744267\n|cant|p2a: Regidrago|par\n|move|p1a: Blissey|Seismic Toss|p2a: Regidrago\n|-damage|p2a: Regidrago|11\/100 par\n|\n|-heal|p1a: Blissey|44\/100|[from] item: Leftovers\n|upkeep\n|turn|52\n|\n|t:|1700744278\n|move|p2a: Regidrago|Dragon Claw|p1a: Blissey\n|-damage|p1a: Blissey|0 fnt\n|faint|p1a: Blissey\n|\n|upkeep\n|\n|t:|1700744285\n|switch|p1a: Conkeldurr|Conkeldurr, M|66\/100 brn\n|turn|53\n|\n|t:|1700744288\n|switch|p2a: Corviknight|Corviknight, M|71\/100\n|-ability|p2a: Corviknight|Pressure\n|move|p1a: Conkeldurr|Mach Punch|p2a: Corviknight\n|-damage|p2a: Corviknight|52\/100\n|-damage|p1a: Conkeldurr|50\/100 brn|[from] item: Rocky Helmet|[of] p2a: Corviknight\n|\n|-damage|p1a: Conkeldurr|44\/100 brn|[from] brn\n|upkeep\n|turn|54\n|\n|t:|1700744295\n|move|p1a: Conkeldurr|Close Combat|p2a: Corviknight\n|-damage|p2a: Corviknight|0 fnt\n|-unboost|p1a: Conkeldurr|def|1\n|-unboost|p1a: Conkeldurr|spd|1\n|-damage|p1a: Conkeldurr|27\/100 brn|[from] item: Rocky Helmet|[of] p2a: Corviknight\n|faint|p2a: Corviknight\n|\n|-damage|p1a: Conkeldurr|21\/100 brn|[from] brn\n|upkeep\n|\n|t:|1700744299\n|switch|p2a: Regidrago|Regidrago|11\/100 par\n|turn|55\n|c|\u2606RPPLF_Qilin|Gg\n|c|\u2606Vincent RPPLF|Gg\n|\n|t:|1700744312\n|move|p1a: Conkeldurr|Mach Punch|p2a: Regidrago\n|-damage|p2a: Regidrago|0 fnt\n|faint|p2a: Regidrago\n|\n|win|Vincent RPPLF\n","uploadtime":1700744319,"views":5,"p1id":"vincentrpplf","p2id":"rpplfqilin","formatid":"gen9ubers","rating":0,"private":0,"password":""}