{"id":"gen9ubers-1985459672","p1":"FungamerX","p2":"Laxwood","format":"[Gen 9] Ubers","log":"|j|\u2606FungamerX\n|j|\u2606Laxwood\n|t:|1699376466\n|gametype|singles\n|player|p1|FungamerX|169|1000\n|player|p2|Laxwood|266|1094\n|teamsize|p1|6\n|teamsize|p2|6\n|gen|9\n|tier|[Gen 9] Ubers\n|rated|\n|rule|Sleep Clause Mod: Limit one foe put to sleep\n|rule|Species Clause: Limit one of each Pok\u00e9mon\n|rule|OHKO Clause: OHKO moves are banned\n|rule|Evasion Items Clause: Evasion items are banned\n|rule|Evasion Moves Clause: Evasion moves are banned\n|rule|Endless Battle Clause: Forcing endless battles is banned\n|rule|HP Percentage Mod: HP is shown in percentages\n|clearpoke\n|poke|p1|Scream Tail|\n|poke|p1|Toxel, M|\n|poke|p1|Garchomp, M|\n|poke|p1|Ursaluna-Bloodmoon, M|\n|poke|p1|Espeon, F|\n|poke|p1|Dragapult, F|\n|poke|p2|Ogerpon-Hearthflame, F|\n|poke|p2|Landorus, M|\n|poke|p2|Tyranitar, F|\n|poke|p2|Zamazenta-*|\n|poke|p2|Arceus-Ground|\n|poke|p2|Palafin, F|\n|teampreview\n|c|\u2606FungamerX|helloooo pls mercy\n|c|\u2606Laxwood|lol\n|c|\u2606Laxwood|not the klutzipoo pokemon\n|\n|t:|1699376505\n|start\n|switch|p1a: Ursaluna|Ursaluna-Bloodmoon, M|100\/100\n|switch|p2a: Palafin|Palafin, F|100\/100\n|turn|1\n|c|\u2606FungamerX|im playing from my brothers computer this is my first time\n|j| Itsmeheats\n|\n|t:|1699376534\n|move|p2a: Palafin|Flip Turn|p1a: Ursaluna\n|-supereffective|p1a: Ursaluna\n|-damage|p1a: Ursaluna|51\/100\n|c|\u2606Laxwood|uh ok\n|\n|t:|1699376545\n|detailschange|p2a: Palafin|Palafin-Hero, F\n|switch|p2a: Ogerpon|Ogerpon-Hearthflame, F|100\/100|[from] Flip Turn\n|-ability|p2a: Ogerpon|Mold Breaker\n|move|p1a: Ursaluna|Blood Moon|p2a: Ogerpon\n|-damage|p2a: Ogerpon|0 fnt\n|faint|p2a: Ogerpon\n|\n|upkeep\n|c|\u2606FungamerX|;(\n|c|\u2606Laxwood|youch\n|\n|t:|1699376554\n|switch|p2a: Palafin|Palafin-Hero, F|100\/100\n|-activate|p2a: Palafin|ability: Zero to Hero\n|turn|2\n|\n|t:|1699376565\n|switch|p1a: Garchomp|Garchomp, M|100\/100\n|move|p2a: Palafin|Flip Turn|p1a: Garchomp\n|-damage|p1a: Garchomp|54\/100\n|-damage|p2a: Palafin|88\/100|[from] ability: Rough Skin|[of] p1a: Garchomp\n|\n|t:|1699376581\n|switch|p2a: Arceus|Arceus-Ground|100\/100|[from] Flip Turn\n|\n|upkeep\n|turn|3\n|\n|t:|1699376591\n|move|p2a: Arceus|Ice Beam|p1a: Garchomp\n|-supereffective|p1a: Garchomp\n|-damage|p1a: Garchomp|0 fnt\n|faint|p1a: Garchomp\n|\n|upkeep\n|\n|t:|1699376600\n|switch|p1a: Toxel|Toxel, M|100\/100\n|turn|4\n|\n|t:|1699376610\n|switch|p2a: Tyranitar|Tyranitar, F|100\/100\n|-weather|Sandstorm|[from] ability: Sand Stream|[of] p2a: Tyranitar\n|move|p1a: Toxel|Acid|p2a: Tyranitar\n|-resisted|p2a: Tyranitar\n|-damage|p2a: Tyranitar|98\/100\n|\n|-weather|Sandstorm|[upkeep]\n|-damage|p1a: Toxel|95\/100|[from] Sandstorm\n|upkeep\n|turn|5\n|\n|t:|1699376640\n|move|p2a: Tyranitar|Stealth Rock|p1a: Toxel\n|-sidestart|p1: FungamerX|move: Stealth Rock\n|move|p1a: Toxel|Nuzzle|p2a: Tyranitar\n|-damage|p2a: Tyranitar|95\/100\n|-status|p2a: Tyranitar|par\n|\n|-weather|Sandstorm|[upkeep]\n|-damage|p1a: Toxel|89\/100|[from] Sandstorm\n|upkeep\n|turn|6\n|\n|t:|1699376655\n|switch|p1a: Scream Tail|Scream Tail|100\/100\n|-damage|p1a: Scream Tail|88\/100|[from] Stealth Rock\n|switch|p2a: Landorus|Landorus, M|100\/100\n|\n|-weather|Sandstorm|[upkeep]\n|-damage|p1a: Scream Tail|82\/100|[from] Sandstorm\n|upkeep\n|turn|7\n|\n|t:|1699376670\n|move|p2a: Landorus|Earth Power|p1a: Scream Tail\n|-damage|p1a: Scream Tail|27\/100\n|-unboost|p1a: Scream Tail|spd|1\n|-damage|p2a: Landorus|91\/100|[from] item: Life Orb\n|move|p1a: Scream Tail|Blizzard|p2a: Landorus|[miss]\n|-miss|p1a: Scream Tail|p2a: Landorus\n|\n|-weather|Sandstorm|[upkeep]\n|-damage|p1a: Scream Tail|21\/100|[from] Sandstorm\n|upkeep\n|turn|8\n|c|\u2606Laxwood|oh\n|\n|t:|1699376687\n|-end|p1a: Scream Tail|Protosynthesis|[silent]\n|switch|p1a: Dragapult|Dragapult, F|100\/100\n|-damage|p1a: Dragapult|88\/100|[from] Stealth Rock\n|move|p2a: Landorus|Earth Power|p1a: Dragapult\n|-damage|p1a: Dragapult|0 fnt\n|faint|p1a: Dragapult\n|-damage|p2a: Landorus|81\/100|[from] item: Life Orb\n|\n|-weather|Sandstorm|[upkeep]\n|upkeep\n|\n|t:|1699376698\n|switch|p1a: Espeon|Espeon, F|100\/100\n|-damage|p1a: Espeon|88\/100|[from] Stealth Rock\n|turn|9\n|\n|t:|1699376719\n|move|p1a: Espeon|Giga Impact|p2a: Landorus\n|-damage|p2a: Landorus|28\/100\n|-mustrecharge|p1a: Espeon\n|-damage|p1a: Espeon|78\/100|[from] item: Life Orb\n|move|p2a: Landorus|Earth Power|p1a: Espeon\n|-damage|p1a: Espeon|0 fnt\n|faint|p1a: Espeon\n|-damage|p2a: Landorus|18\/100|[from] item: Life Orb\n|\n|-weather|Sandstorm|[upkeep]\n|upkeep\n|c|\u2606Laxwood|well\n|\n|t:|1699376729\n|switch|p1a: Toxel|Toxel, M|89\/100\n|-damage|p1a: Toxel|76\/100|[from] Stealth Rock\n|turn|10\n|c|\u2606Laxwood|thats interesting\n|\n|t:|1699376739\n|move|p2a: Landorus|Earth Power|p1a: Toxel\n|-supereffective|p1a: Toxel\n|-damage|p1a: Toxel|0 fnt\n|faint|p1a: Toxel\n|-damage|p2a: Landorus|9\/100|[from] item: Life Orb\n|\n|-weather|Sandstorm|[upkeep]\n|upkeep\n|\n|t:|1699376752\n|switch|p1a: Ursaluna|Ursaluna-Bloodmoon, M|51\/100\n|-damage|p1a: Ursaluna|45\/100|[from] Stealth Rock\n|turn|11\n|\n|t:|1699376761\n|move|p2a: Landorus|Earth Power|p1a: Ursaluna\n|-crit|p1a: Ursaluna\n|-damage|p1a: Ursaluna|0 fnt\n|faint|p1a: Ursaluna\n|-damage|p2a: Landorus|0 fnt|[from] item: Life Orb\n|faint|p2a: Landorus\n|\n|-weather|none\n|upkeep\n|\n|t:|1699376770\n|switch|p2a: Palafin|Palafin-Hero, F|88\/100\n|switch|p1a: Scream Tail|Scream Tail|21\/100\n|-damage|p1a: Scream Tail|8\/100|[from] Stealth Rock\n|turn|12\n|\n|t:|1699376781\n|move|p2a: Palafin|Jet Punch|p1a: Scream Tail\n|-damage|p1a: Scream Tail|0 fnt\n|faint|p1a: Scream Tail\n|-end|p1a: Scream Tail|Protosynthesis|[silent]\n|\n|win|Laxwood\n|raw|FungamerX's rating: 1000 &rarr; <strong>1000<\/strong><br \/>(+0 for losing)\n|raw|Laxwood's rating: 1094 &rarr; <strong>1113<\/strong><br \/>(+19 for winning)\n","uploadtime":1699376789,"views":5,"p1id":"fungamerx","p2id":"laxwood","formatid":"gen9ubers","rating":1000,"private":0,"password":""}