{"id":"gen9ubers-1979868440","p1":"BLACK METAL 3","p2":"Astyr.Pygos","format":"[Gen 9] Ubers","log":"|j|\u2606BLACK METAL 3\n|j|\u2606Astyr.Pygos\n|t:|1698722075\n|gametype|singles\n|player|p1|BLACK METAL 3|clerk|\n|player|p2|Astyr.Pygos|hilda|\n|teamsize|p1|6\n|teamsize|p2|6\n|gen|9\n|tier|[Gen 9] Ubers\n|rule|Sleep Clause Mod: Limit one foe put to sleep\n|rule|Species Clause: Limit one of each Pok\u00e9mon\n|rule|OHKO Clause: OHKO moves are banned\n|rule|Evasion Items Clause: Evasion items are banned\n|rule|Evasion Moves Clause: Evasion moves are banned\n|rule|Endless Battle Clause: Forcing endless battles is banned\n|rule|HP Percentage Mod: HP is shown in percentages\n|clearpoke\n|poke|p1|Espathra, M|\n|poke|p1|Garganacl, F|\n|poke|p1|Salazzle, F|\n|poke|p1|Rillaboom, M|\n|poke|p1|Rotom-Heat|\n|poke|p1|Dragapult, F|\n|poke|p2|Clodsire, M|\n|poke|p2|Grimmsnarl, M|\n|poke|p2|Toxapex, F|\n|poke|p2|Iron Valiant|\n|poke|p2|Ceruledge, F|\n|poke|p2|Tatsugiri, M|\n|teampreview\n|j| Squirshawott\n|\n|t:|1698722329\n|start\n|switch|p1a: Easy Bake!|Rotom-Heat|100\/100\n|switch|p2a: Iron Valiant|Iron Valiant|100\/100\n|-enditem|p2a: Iron Valiant|Booster Energy\n|-activate|p2a: Iron Valiant|ability: Quark Drive|[fromitem]\n|-start|p2a: Iron Valiant|quarkdrivespe\n|turn|1\n|j| pkpowers310\n|j| slugmaaa\n|\n|t:|1698722394\n|-end|p2a: Iron Valiant|Quark Drive|[silent]\n|switch|p2a: Clodsire|Clodsire, M|100\/100\n|move|p1a: Easy Bake!|Light Screen|p1a: Easy Bake!\n|-sidestart|p1: BLACK METAL 3|move: Light Screen\n|\n|upkeep\n|turn|2\n|\n|t:|1698722426\n|switch|p1a: Whomp|Garganacl, F|100\/100\n|move|p2a: Clodsire|Yawn|p1a: Whomp\n|-immune|p1a: Whomp|[from] ability: Purifying Salt\n|\n|upkeep\n|turn|3\n|\n|t:|1698722453\n|move|p1a: Whomp|Salt Cure|p2a: Clodsire\n|-resisted|p2a: Clodsire\n|-damage|p2a: Clodsire|93\/100\n|-start|p2a: Clodsire|Salt Cure\n|move|p2a: Clodsire|Earthquake|p1a: Whomp\n|-supereffective|p1a: Whomp\n|-damage|p1a: Whomp|63\/100\n|\n|-heal|p1a: Whomp|69\/100|[from] item: Leftovers\n|-heal|p2a: Clodsire|99\/100|[from] item: Black Sludge\n|-damage|p2a: Clodsire|86\/100|[from] Salt Cure\n|upkeep\n|turn|4\n|\n|t:|1698722465\n|move|p1a: Whomp|Curse|p1a: Whomp\n|-unboost|p1a: Whomp|spe|1\n|-boost|p1a: Whomp|atk|1\n|-boost|p1a: Whomp|def|1\n|move|p2a: Clodsire|Poison Jab|p1a: Whomp\n|-resisted|p1a: Whomp\n|-damage|p1a: Whomp|61\/100\n|\n|-heal|p2a: Clodsire|93\/100|[from] item: Black Sludge\n|-heal|p1a: Whomp|67\/100|[from] item: Leftovers\n|-damage|p2a: Clodsire|80\/100|[from] Salt Cure\n|upkeep\n|turn|5\n|\n|t:|1698722510\n|move|p2a: Clodsire|Earthquake|p1a: Whomp\n|-supereffective|p1a: Whomp\n|-damage|p1a: Whomp|33\/100\n|move|p1a: Whomp|Recover|p1a: Whomp\n|-heal|p1a: Whomp|83\/100\n|\n|-heal|p2a: Clodsire|86\/100|[from] item: Black Sludge\n|-heal|p1a: Whomp|89\/100|[from] item: Leftovers\n|-damage|p2a: Clodsire|74\/100|[from] Salt Cure\n|upkeep\n|turn|6\n|\n|t:|1698722526\n|move|p2a: Clodsire|Earthquake|p1a: Whomp\n|-supereffective|p1a: Whomp\n|-damage|p1a: Whomp|48\/100\n|move|p1a: Whomp|Curse|p1a: Whomp\n|-unboost|p1a: Whomp|spe|1\n|-boost|p1a: Whomp|atk|1\n|-boost|p1a: Whomp|def|1\n|\n|-heal|p2a: Clodsire|80\/100|[from] item: Black Sludge\n|-heal|p1a: Whomp|54\/100|[from] item: Leftovers\n|-damage|p2a: Clodsire|68\/100|[from] Salt Cure\n|upkeep\n|turn|7\n|c|\u2606BLACK METAL 3|ohhhh\n|c| slugmaaa|poop\n|\n|t:|1698722612\n|move|p2a: Clodsire|Earthquake|p1a: Whomp\n|-supereffective|p1a: Whomp\n|-damage|p1a: Whomp|17\/100\n|move|p1a: Whomp|Recover|p1a: Whomp\n|-heal|p1a: Whomp|67\/100\n|\n|-heal|p2a: Clodsire|74\/100|[from] item: Black Sludge\n|-heal|p1a: Whomp|73\/100|[from] item: Leftovers\n|-damage|p2a: Clodsire|61\/100|[from] Salt Cure\n|upkeep\n|turn|8\n|\n|t:|1698722623\n|move|p2a: Clodsire|Earthquake|p1a: Whomp\n|-supereffective|p1a: Whomp\n|-damage|p1a: Whomp|34\/100\n|move|p1a: Whomp|Stone Edge|p2a: Clodsire\n|-resisted|p2a: Clodsire\n|-damage|p2a: Clodsire|41\/100\n|\n|-heal|p2a: Clodsire|48\/100|[from] item: Black Sludge\n|-heal|p1a: Whomp|41\/100|[from] item: Leftovers\n|-damage|p2a: Clodsire|35\/100|[from] Salt Cure\n|-sideend|p1: BLACK METAL 3|move: Light Screen\n|upkeep\n|turn|9\n|j| Sol CPU\n|\n|t:|1698722641\n|switch|p1a: Easy Bake!|Rotom-Heat|100\/100\n|move|p2a: Clodsire|Earthquake|p1a: Easy Bake!\n|-immune|p1a: Easy Bake!|[from] ability: Levitate\n|\n|-heal|p2a: Clodsire|41\/100|[from] item: Black Sludge\n|-damage|p2a: Clodsire|29\/100|[from] Salt Cure\n|upkeep\n|turn|10\n|\n|t:|1698722665\n|switch|p2a: Toxapex|Toxapex, F|100\/100\n|move|p1a: Easy Bake!|Reflect|p1a: Easy Bake!\n|-sidestart|p1: BLACK METAL 3|Reflect\n|\n|upkeep\n|turn|11\n|\n|t:|1698722702\n|switch|p2a: Grimmsnarl|Grimmsnarl, M|100\/100\n|move|p1a: Easy Bake!|Light Screen|p1a: Easy Bake!\n|-sidestart|p1: BLACK METAL 3|move: Light Screen\n|\n|upkeep\n|turn|12\n|\n|t:|1698722720\n|move|p1a: Easy Bake!|Thunder Wave|p2a: Grimmsnarl\n|-status|p2a: Grimmsnarl|par\n|move|p2a: Grimmsnarl|Crunch|p1a: Easy Bake!\n|-damage|p1a: Easy Bake!|83\/100\n|-unboost|p1a: Easy Bake!|def|1\n|\n|upkeep\n|turn|13\n|\n|t:|1698722737\n|cant|p2a: Grimmsnarl|par\n|move|p1a: Easy Bake!|Volt Switch|p2a: Grimmsnarl\n|-damage|p2a: Grimmsnarl|83\/100 par\n|\n|t:|1698722753\n|switch|p1a: Junebug|Rillaboom, M|100\/100|[from] Volt Switch\n|-fieldstart|move: Grassy Terrain|[from] ability: Grassy Surge|[of] p1a: Junebug\n|\n|-heal|p2a: Grimmsnarl|89\/100 par|[from] Grassy Terrain\n|-heal|p2a: Grimmsnarl|95\/100 par|[from] item: Leftovers\n|upkeep\n|turn|14\n|\n|t:|1698722762\n|move|p2a: Grimmsnarl|Reflect|p2a: Grimmsnarl\n|-sidestart|p2: Astyr.Pygos|Reflect\n|move|p1a: Junebug|Knock Off|p2a: Grimmsnarl\n|-resisted|p2a: Grimmsnarl\n|-damage|p2a: Grimmsnarl|89\/100 par\n|-enditem|p2a: Grimmsnarl|Leftovers|[from] move: Knock Off|[of] p1a: Junebug\n|\n|-heal|p2a: Grimmsnarl|95\/100 par|[from] Grassy Terrain\n|upkeep\n|turn|15\n|\n|t:|1698722789\n|move|p2a: Grimmsnarl|Light Screen|p2a: Grimmsnarl\n|-sidestart|p2: Astyr.Pygos|move: Light Screen\n|move|p1a: Junebug|U-turn|p2a: Grimmsnarl\n|-damage|p2a: Grimmsnarl|80\/100 par\n|\n|t:|1698722809\n|switch|p1a: Whomp|Garganacl, F|41\/100|[from] U-turn\n|\n|-heal|p1a: Whomp|47\/100|[from] Grassy Terrain\n|-heal|p1a: Whomp|53\/100|[from] item: Leftovers\n|-heal|p2a: Grimmsnarl|86\/100 par|[from] Grassy Terrain\n|upkeep\n|turn|16\n|\n|t:|1698722897\n|move|p2a: Grimmsnarl|Taunt|p1a: Whomp\n|-start|p1a: Whomp|move: Taunt\n|move|p1a: Whomp|Salt Cure|p2a: Grimmsnarl\n|-damage|p2a: Grimmsnarl|77\/100 par\n|-start|p2a: Grimmsnarl|Salt Cure\n|\n|-heal|p1a: Whomp|59\/100|[from] Grassy Terrain\n|-heal|p1a: Whomp|65\/100|[from] item: Leftovers\n|-heal|p2a: Grimmsnarl|83\/100 par|[from] Grassy Terrain\n|-damage|p2a: Grimmsnarl|70\/100 par|[from] Salt Cure\n|upkeep\n|turn|17\n|\n|t:|1698722995\n|switch|p2a: Toxapex|Toxapex, F|100\/100\n|move|p1a: Whomp|Stone Edge|p2a: Toxapex\n|-damage|p2a: Toxapex|90\/100\n|\n|-heal|p1a: Whomp|72\/100|[from] Grassy Terrain\n|-heal|p1a: Whomp|78\/100|[from] item: Leftovers\n|-heal|p2a: Toxapex|96\/100|[from] Grassy Terrain\n|-sideend|p1: BLACK METAL 3|Reflect\n|-fieldend|move: Grassy Terrain\n|upkeep\n|turn|18\n|\n|t:|1698723016\n|move|p1a: Whomp|Salt Cure|p2a: Toxapex\n|-damage|p2a: Toxapex|91\/100\n|-start|p2a: Toxapex|Salt Cure\n|move|p2a: Toxapex|Toxic|p1a: Whomp\n|-immune|p1a: Whomp|[from] ability: Purifying Salt\n|\n|-heal|p1a: Whomp|84\/100|[from] item: Leftovers\n|-damage|p2a: Toxapex|67\/100|[from] Salt Cure\n|-end|p1a: Whomp|move: Taunt\n|-sideend|p2: Astyr.Pygos|Reflect\n|-sideend|p1: BLACK METAL 3|move: Light Screen\n|upkeep\n|turn|19\n|\n|t:|1698723028\n|move|p1a: Whomp|Curse|p1a: Whomp\n|-unboost|p1a: Whomp|spe|1\n|-boost|p1a: Whomp|atk|1\n|-boost|p1a: Whomp|def|1\n|move|p2a: Toxapex|Surf|p1a: Whomp\n|-supereffective|p1a: Whomp\n|-damage|p1a: Whomp|59\/100\n|\n|-heal|p1a: Whomp|65\/100|[from] item: Leftovers\n|-damage|p2a: Toxapex|42\/100|[from] Salt Cure\n|-sideend|p2: Astyr.Pygos|move: Light Screen\n|upkeep\n|turn|20\n|\n|t:|1698723049\n|switch|p2a: Clodsire|Clodsire, M|29\/100\n|move|p1a: Whomp|Salt Cure|p2a: Clodsire\n|-resisted|p2a: Clodsire\n|-damage|p2a: Clodsire|21\/100\n|-start|p2a: Clodsire|Salt Cure\n|\n|-heal|p2a: Clodsire|27\/100|[from] item: Black Sludge\n|-heal|p1a: Whomp|71\/100|[from] item: Leftovers\n|-damage|p2a: Clodsire|15\/100|[from] Salt Cure\n|upkeep\n|turn|21\n|\n|t:|1698723060\n|move|p2a: Clodsire|Recover|p2a: Clodsire\n|-heal|p2a: Clodsire|65\/100\n|move|p1a: Whomp|Stone Edge|p2a: Clodsire\n|-resisted|p2a: Clodsire\n|-damage|p2a: Clodsire|46\/100\n|\n|-heal|p2a: Clodsire|52\/100|[from] item: Black Sludge\n|-heal|p1a: Whomp|77\/100|[from] item: Leftovers\n|-damage|p2a: Clodsire|40\/100|[from] Salt Cure\n|upkeep\n|turn|22\n|\n|t:|1698723078\n|move|p2a: Clodsire|Recover|p2a: Clodsire\n|-heal|p2a: Clodsire|90\/100\n|move|p1a: Whomp|Stone Edge|p2a: Clodsire\n|-resisted|p2a: Clodsire\n|-damage|p2a: Clodsire|69\/100\n|\n|-heal|p2a: Clodsire|75\/100|[from] item: Black Sludge\n|-heal|p1a: Whomp|83\/100|[from] item: Leftovers\n|-damage|p2a: Clodsire|63\/100|[from] Salt Cure\n|upkeep\n|turn|23\n|\n|t:|1698723137\n|switch|p1a: Junebug|Rillaboom, M|100\/100\n|-fieldstart|move: Grassy Terrain|[from] ability: Grassy Surge|[of] p1a: Junebug\n|move|p2a: Clodsire|Poison Jab|p1a: Junebug\n|-supereffective|p1a: Junebug\n|-damage|p1a: Junebug|57\/100\n|-status|p1a: Junebug|psn\n|\n|-heal|p1a: Junebug|63\/100 psn|[from] Grassy Terrain\n|-heal|p2a: Clodsire|69\/100|[from] Grassy Terrain\n|-heal|p2a: Clodsire|75\/100|[from] item: Black Sludge\n|-damage|p1a: Junebug|51\/100 psn|[from] psn\n|-damage|p2a: Clodsire|63\/100|[from] Salt Cure\n|upkeep\n|turn|24\n|\n|t:|1698723217\n|move|p1a: Junebug|High Horsepower|p2a: Clodsire\n|-supereffective|p2a: Clodsire\n|-damage|p2a: Clodsire|0 fnt\n|faint|p2a: Clodsire\n|\n|-heal|p1a: Junebug|57\/100 psn|[from] Grassy Terrain\n|-damage|p1a: Junebug|45\/100 psn|[from] psn\n|upkeep\n|\n|t:|1698723231\n|switch|p2a: Ceruledge|Ceruledge, F|100\/100\n|turn|25\n|\n|t:|1698723259\n|switch|p1a: Easy Bake!|Rotom-Heat|83\/100\n|move|p2a: Ceruledge|Bitter Blade|p1a: Easy Bake!\n|-resisted|p1a: Easy Bake!\n|-damage|p1a: Easy Bake!|49\/100\n|-damage|p2a: Ceruledge|91\/100|[from] item: Life Orb\n|\n|-heal|p2a: Ceruledge|97\/100|[from] Grassy Terrain\n|upkeep\n|turn|26\n|\n|t:|1698723275\n|move|p1a: Easy Bake!|Reflect|p1a: Easy Bake!\n|-sidestart|p1: BLACK METAL 3|Reflect\n|move|p2a: Ceruledge|Shadow Claw|p1a: Easy Bake!\n|-damage|p1a: Easy Bake!|22\/100\n|-damage|p2a: Ceruledge|87\/100|[from] item: Life Orb\n|\n|-heal|p2a: Ceruledge|93\/100|[from] Grassy Terrain\n|upkeep\n|turn|27\n|\n|t:|1698723303\n|switch|p1a: Whomp|Garganacl, F|83\/100\n|move|p2a: Ceruledge|Shadow Claw|p1a: Whomp\n|-crit|p1a: Whomp\n|-damage|p1a: Whomp|60\/100\n|-damage|p2a: Ceruledge|83\/100|[from] item: Life Orb\n|\n|-heal|p2a: Ceruledge|89\/100|[from] Grassy Terrain\n|-heal|p1a: Whomp|66\/100|[from] Grassy Terrain\n|-heal|p1a: Whomp|72\/100|[from] item: Leftovers\n|-fieldend|move: Grassy Terrain\n|upkeep\n|turn|28\n|\n|t:|1698723383\n|switch|p2a: Grimmsnarl|Grimmsnarl, M|70\/100 par\n|move|p1a: Whomp|Salt Cure|p2a: Grimmsnarl\n|-damage|p2a: Grimmsnarl|53\/100 par\n|-start|p2a: Grimmsnarl|Salt Cure\n|\n|-heal|p1a: Whomp|78\/100|[from] item: Leftovers\n|-damage|p2a: Grimmsnarl|41\/100 par|[from] Salt Cure\n|upkeep\n|turn|29\n|\n|t:|1698723392\n|move|p2a: Grimmsnarl|Reflect|p2a: Grimmsnarl\n|-sidestart|p2: Astyr.Pygos|Reflect\n|move|p1a: Whomp|Stone Edge|p2a: Grimmsnarl\n|-damage|p2a: Grimmsnarl|20\/100 par\n|\n|-heal|p1a: Whomp|85\/100|[from] item: Leftovers\n|-damage|p2a: Grimmsnarl|7\/100 par|[from] Salt Cure\n|upkeep\n|turn|30\n|\n|t:|1698723399\n|cant|p2a: Grimmsnarl|par\n|move|p1a: Whomp|Curse|p1a: Whomp\n|-unboost|p1a: Whomp|spe|1\n|-boost|p1a: Whomp|atk|1\n|-boost|p1a: Whomp|def|1\n|\n|-heal|p1a: Whomp|91\/100|[from] item: Leftovers\n|-damage|p2a: Grimmsnarl|0 fnt|[from] Salt Cure\n|faint|p2a: Grimmsnarl\n|upkeep\n|\n|t:|1698723473\n|switch|p2a: Iron Valiant|Iron Valiant|100\/100\n|turn|31\n|\n|t:|1698723481\n|move|p2a: Iron Valiant|Energy Ball|p1a: Whomp\n|-supereffective|p1a: Whomp\n|-damage|p1a: Whomp|52\/100\n|move|p1a: Whomp|Salt Cure|p2a: Iron Valiant\n|-resisted|p2a: Iron Valiant\n|-damage|p2a: Iron Valiant|93\/100\n|-start|p2a: Iron Valiant|Salt Cure\n|\n|-heal|p1a: Whomp|58\/100|[from] item: Leftovers\n|-damage|p2a: Iron Valiant|81\/100|[from] Salt Cure\n|upkeep\n|turn|32\n|\n|t:|1698723493\n|move|p2a: Iron Valiant|Energy Ball|p1a: Whomp\n|-supereffective|p1a: Whomp\n|-damage|p1a: Whomp|16\/100\n|move|p1a: Whomp|Recover|p1a: Whomp\n|-heal|p1a: Whomp|66\/100\n|\n|-heal|p1a: Whomp|73\/100|[from] item: Leftovers\n|-damage|p2a: Iron Valiant|68\/100|[from] Salt Cure\n|upkeep\n|turn|33\n|\n|t:|1698723503\n|move|p2a: Iron Valiant|Aura Sphere|p1a: Whomp\n|-supereffective|p1a: Whomp\n|-damage|p1a: Whomp|25\/100\n|move|p1a: Whomp|Recover|p1a: Whomp\n|-heal|p1a: Whomp|75\/100\n|\n|-heal|p1a: Whomp|81\/100|[from] item: Leftovers\n|-damage|p2a: Iron Valiant|56\/100|[from] Salt Cure\n|-sideend|p1: BLACK METAL 3|Reflect\n|-sideend|p2: Astyr.Pygos|Reflect\n|upkeep\n|turn|34\n|\n|t:|1698723520\n|move|p2a: Iron Valiant|Aura Sphere|p1a: Whomp\n|-supereffective|p1a: Whomp\n|-damage|p1a: Whomp|27\/100\n|move|p1a: Whomp|Recover|p1a: Whomp\n|-heal|p1a: Whomp|77\/100\n|\n|-heal|p1a: Whomp|83\/100|[from] item: Leftovers\n|-damage|p2a: Iron Valiant|43\/100|[from] Salt Cure\n|upkeep\n|turn|35\n|\n|t:|1698723531\n|move|p2a: Iron Valiant|Aura Sphere|p1a: Whomp\n|-supereffective|p1a: Whomp\n|-damage|p1a: Whomp|35\/100\n|move|p1a: Whomp|Recover|p1a: Whomp\n|-heal|p1a: Whomp|85\/100\n|\n|-heal|p1a: Whomp|92\/100|[from] item: Leftovers\n|-damage|p2a: Iron Valiant|31\/100|[from] Salt Cure\n|upkeep\n|turn|36\n|\n|t:|1698723539\n|move|p2a: Iron Valiant|Aura Sphere|p1a: Whomp\n|-supereffective|p1a: Whomp\n|-damage|p1a: Whomp|37\/100\n|move|p1a: Whomp|Stone Edge|p2a: Iron Valiant\n|-resisted|p2a: Iron Valiant\n|-crit|p2a: Iron Valiant\n|-damage|p2a: Iron Valiant|0 fnt\n|faint|p2a: Iron Valiant\n|-end|p2a: Iron Valiant|Quark Drive|[silent]\n|\n|-heal|p1a: Whomp|43\/100|[from] item: Leftovers\n|upkeep\n|\n|t:|1698723548\n|switch|p2a: Tatsugiri|Tatsugiri, M|100\/100\n|turn|37\n|\n|t:|1698723567\n|-terastallize|p2a: Tatsugiri|Steel\n|move|p2a: Tatsugiri|Dragon Pulse|p1a: Whomp\n|-damage|p1a: Whomp|15\/100\n|move|p1a: Whomp|Salt Cure|p2a: Tatsugiri\n|-resisted|p2a: Tatsugiri\n|-damage|p2a: Tatsugiri|82\/100\n|-start|p2a: Tatsugiri|Salt Cure\n|\n|-heal|p1a: Whomp|21\/100|[from] item: Leftovers\n|-damage|p2a: Tatsugiri|58\/100|[from] Salt Cure\n|upkeep\n|turn|38\n|\n|t:|1698723584\n|switch|p1a: Junebug|Rillaboom, M|45\/100 psn\n|-fieldstart|move: Grassy Terrain|[from] ability: Grassy Surge|[of] p1a: Junebug\n|move|p2a: Tatsugiri|Dragon Pulse|p1a: Junebug\n|-damage|p1a: Junebug|10\/100 psn\n|\n|-heal|p2a: Tatsugiri|64\/100|[from] Grassy Terrain\n|-heal|p1a: Junebug|16\/100 psn|[from] Grassy Terrain\n|-damage|p1a: Junebug|4\/100 psn|[from] psn\n|-damage|p2a: Tatsugiri|39\/100|[from] Salt Cure\n|upkeep\n|turn|39\n|\n|t:|1698723600\n|move|p2a: Tatsugiri|Dragon Pulse|p1a: Junebug\n|-damage|p1a: Junebug|0 fnt\n|faint|p1a: Junebug\n|\n|-heal|p2a: Tatsugiri|45\/100|[from] Grassy Terrain\n|-damage|p2a: Tatsugiri|20\/100|[from] Salt Cure\n|upkeep\n|\n|t:|1698723613\n|switch|p1a: Lord Shen|Espathra, M|100\/100\n|-enditem|p1a: Lord Shen|Grassy Seed\n|-boost|p1a: Lord Shen|def|1|[from] item: Grassy Seed\n|turn|40\n|\n|t:|1698723627\n|switch|p2a: Toxapex|Toxapex, F|75\/100\n|move|p1a: Lord Shen|Calm Mind|p1a: Lord Shen\n|-boost|p1a: Lord Shen|spa|1\n|-boost|p1a: Lord Shen|spd|1\n|\n|-heal|p2a: Toxapex|81\/100|[from] Grassy Terrain\n|-ability|p1a: Lord Shen|Speed Boost|boost\n|-boost|p1a: Lord Shen|spe|1\n|upkeep\n|turn|41\n|\n|t:|1698723637\n|move|p1a: Lord Shen|Stored Power|p2a: Toxapex\n|-supereffective|p2a: Toxapex\n|-damage|p2a: Toxapex|0 fnt\n|faint|p2a: Toxapex\n|\n|-ability|p1a: Lord Shen|Speed Boost|boost\n|-boost|p1a: Lord Shen|spe|1\n|upkeep\n|\n|t:|1698723643\n|switch|p2a: Ceruledge|Ceruledge, F|89\/100\n|turn|42\n|\n|t:|1698723649\n|move|p1a: Lord Shen|Stored Power|p2a: Ceruledge\n|-damage|p2a: Ceruledge|26\/100\n|move|p2a: Ceruledge|Shadow Claw|p1a: Lord Shen\n|-supereffective|p1a: Lord Shen\n|-damage|p1a: Lord Shen|43\/100\n|-damage|p2a: Ceruledge|17\/100|[from] item: Life Orb\n|\n|-heal|p1a: Lord Shen|49\/100|[from] Grassy Terrain\n|-heal|p2a: Ceruledge|23\/100|[from] Grassy Terrain\n|-fieldend|move: Grassy Terrain\n|-ability|p1a: Lord Shen|Speed Boost|boost\n|-boost|p1a: Lord Shen|spe|1\n|upkeep\n|turn|43\n|\n|t:|1698723662\n|move|p1a: Lord Shen|Stored Power|p2a: Ceruledge\n|-damage|p2a: Ceruledge|0 fnt\n|faint|p2a: Ceruledge\n|\n|-ability|p1a: Lord Shen|Speed Boost|boost\n|-boost|p1a: Lord Shen|spe|1\n|upkeep\n|\n|t:|1698723667\n|switch|p2a: Tatsugiri|Tatsugiri, M, tera:Steel|20\/100\n|turn|44\n|\n|t:|1698723670\n|move|p1a: Lord Shen|Stored Power|p2a: Tatsugiri\n|-resisted|p2a: Tatsugiri\n|-damage|p2a: Tatsugiri|0 fnt\n|faint|p2a: Tatsugiri\n|\n|win|BLACK METAL 3\n","uploadtime":1698723678,"views":16,"p1id":"blackmetal3","p2id":"astyrpygos","formatid":"gen9ubers","rating":0,"private":0,"password":""}