{"id":"gen9ubers-1994316874","p1":"GSiLVAZ","p2":"LITLE0","format":"[Gen 9] Ubers","log":"|j|\u2606GSiLVAZ\n|j|\u2606LITLE0\n|t:|1700430390\n|gametype|singles\n|player|p1|GSiLVAZ|dancer|1244\n|player|p2|LITLE0|brock|1132\n|teamsize|p1|6\n|teamsize|p2|6\n|gen|9\n|tier|[Gen 9] Ubers\n|rated|\n|rule|Sleep Clause Mod: Limit one foe put to sleep\n|rule|Species Clause: Limit one of each Pok\u00e9mon\n|rule|OHKO Clause: OHKO moves are banned\n|rule|Evasion Items Clause: Evasion items are banned\n|rule|Evasion Moves Clause: Evasion moves are banned\n|rule|Endless Battle Clause: Forcing endless battles is banned\n|rule|HP Percentage Mod: HP is shown in percentages\n|clearpoke\n|poke|p1|Landorus-Therian, M|\n|poke|p1|Regieleki|\n|poke|p1|Skeledirge, F|\n|poke|p1|Magearna|\n|poke|p1|Koraidon|\n|poke|p1|Iron Bundle|\n|poke|p2|Amoonguss, M|\n|poke|p2|Ceruledge, F|\n|poke|p2|Cyclizar, M|\n|poke|p2|Dondozo, M|\n|poke|p2|Gliscor, M|\n|poke|p2|Zacian-*|\n|teampreview\n|\n|t:|1700430424\n|start\n|switch|p1a: Iron Bundle|Iron Bundle|100\/100\n|switch|p2a: Cyclizar|Cyclizar, M|100\/100\n|turn|1\n|\n|t:|1700430451\n|switch|p2a: Zacian|Zacian-Crowned|100\/100\n|-ability|p2a: Zacian|Intrepid Sword|boost\n|-boost|p2a: Zacian|atk|1\n|move|p1a: Iron Bundle|Freeze-Dry|p2a: Zacian\n|-resisted|p2a: Zacian\n|-damage|p2a: Zacian|77\/100\n|\n|upkeep\n|turn|2\n|\n|t:|1700430467\n|-end|p1a: Iron Bundle|Quark Drive|[silent]\n|switch|p1a: Landorus|Landorus-Therian, M|100\/100\n|-ability|p1a: Landorus|Intimidate|boost\n|-unboost|p2a: Zacian|atk|1\n|move|p2a: Zacian|Swords Dance|p2a: Zacian\n|-boost|p2a: Zacian|atk|2\n|\n|upkeep\n|turn|3\n|\n|t:|1700430474\n|move|p2a: Zacian|Play Rough|p1a: Landorus\n|-damage|p1a: Landorus|0 fnt\n|faint|p1a: Landorus\n|\n|upkeep\n|\n|t:|1700430478\n|switch|p1a: Skeledirge|Skeledirge, F|100\/100\n|turn|4\n|\n|t:|1700430489\n|switch|p2a: Dondozo|Dondozo, M|100\/100\n|move|p1a: Skeledirge|Hex|p2a: Dondozo\n|-damage|p2a: Dondozo|77\/100\n|\n|-heal|p2a: Dondozo|83\/100|[from] item: Leftovers\n|upkeep\n|turn|5\n|\n|t:|1700430501\n|move|p1a: Skeledirge|Will-O-Wisp|p2a: Dondozo\n|-status|p2a: Dondozo|brn\n|move|p2a: Dondozo|Liquidation|p1a: Skeledirge\n|-supereffective|p1a: Skeledirge\n|-damage|p1a: Skeledirge|75\/100\n|-unboost|p1a: Skeledirge|def|1\n|\n|-heal|p2a: Dondozo|89\/100 brn|[from] item: Leftovers\n|-damage|p2a: Dondozo|83\/100 brn|[from] brn\n|upkeep\n|turn|6\n|\n|t:|1700430510\n|switch|p1a: Iron Bundle|Iron Bundle|100\/100\n|move|p2a: Dondozo|Rest|p2a: Dondozo\n|-status|p2a: Dondozo|slp|[from] move: Rest\n|-heal|p2a: Dondozo|100\/100 slp|[silent]\n|\n|upkeep\n|turn|7\n|\n|t:|1700430547\n|switch|p2a: Ceruledge|Ceruledge, F|100\/100\n|move|p1a: Iron Bundle|Freeze-Dry|p2a: Ceruledge\n|-resisted|p2a: Ceruledge\n|-damage|p2a: Ceruledge|69\/100\n|\n|upkeep\n|turn|8\n|\n|t:|1700430556\n|-end|p1a: Iron Bundle|Quark Drive|[silent]\n|switch|p1a: Regieleki|Regieleki|100\/100\n|move|p2a: Ceruledge|Endure||[still]\n|-fail|p2a: Ceruledge\n|\n|upkeep\n|turn|9\n|\n|t:|1700430568\n|switch|p1a: Iron Bundle|Iron Bundle|100\/100\n|switch|p2a: Gliscor|Gliscor, M|100\/100\n|\n|-status|p2a: Gliscor|tox|[from] item: Toxic Orb\n|upkeep\n|turn|10\n|\n|t:|1700430582\n|move|p2a: Gliscor|Protect|p2a: Gliscor\n|-singleturn|p2a: Gliscor|Protect\n|move|p1a: Iron Bundle|Ice Beam|p2a: Gliscor\n|-activate|p2a: Gliscor|move: Protect\n|\n|upkeep\n|turn|11\n|\n|t:|1700430592\n|switch|p2a: Ceruledge|Ceruledge, F|69\/100\n|move|p1a: Iron Bundle|Ice Beam|p2a: Ceruledge\n|-resisted|p2a: Ceruledge\n|-damage|p2a: Ceruledge|29\/100\n|\n|upkeep\n|turn|12\n|\n|t:|1700430597\n|move|p2a: Ceruledge|Shadow Sneak|p1a: Iron Bundle\n|-damage|p1a: Iron Bundle|72\/100\n|move|p1a: Iron Bundle|Ice Beam|p2a: Ceruledge\n|-resisted|p2a: Ceruledge\n|-damage|p2a: Ceruledge|0 fnt\n|faint|p2a: Ceruledge\n|\n|upkeep\n|\n|t:|1700430604\n|switch|p2a: Zacian|Zacian-Crowned|77\/100\n|turn|13\n|\n|t:|1700430610\n|-end|p1a: Iron Bundle|Quark Drive|[silent]\n|switch|p1a: Regieleki|Regieleki|100\/100\n|move|p2a: Zacian|Behemoth Blade|p1a: Regieleki\n|-resisted|p1a: Regieleki\n|-damage|p1a: Regieleki|38\/100\n|\n|upkeep\n|turn|14\n|\n|t:|1700430622\n|-terastallize|p2a: Zacian|Ground\n|move|p1a: Regieleki|Thunderbolt|p2a: Zacian\n|-immune|p2a: Zacian\n|move|p2a: Zacian|Tera Blast|p1a: Regieleki|[anim] Tera Blast Ground\n|-supereffective|p1a: Regieleki\n|-damage|p1a: Regieleki|0 fnt\n|faint|p1a: Regieleki\n|\n|upkeep\n|\n|t:|1700430635\n|switch|p1a: Skeledirge|Skeledirge, F|75\/100\n|turn|15\n|\n|t:|1700430642\n|switch|p2a: Gliscor|Gliscor, M|100\/100 tox\n|-terastallize|p1a: Skeledirge|Fairy\n|move|p1a: Skeledirge|Torch Song|p2a: Gliscor\n|-damage|p2a: Gliscor|58\/100 tox\n|-boost|p1a: Skeledirge|spa|1\n|\n|-heal|p2a: Gliscor|71\/100 tox|[from] ability: Poison Heal\n|upkeep\n|turn|16\n|\n|t:|1700430652\n|switch|p1a: Magearna|Magearna|100\/100\n|move|p2a: Gliscor|Protect||[still]\n|-fail|p2a: Gliscor\n|\n|-heal|p2a: Gliscor|83\/100 tox|[from] ability: Poison Heal\n|upkeep\n|turn|17\n|\n|t:|1700430655\n|move|p2a: Gliscor|Earthquake|p1a: Magearna\n|-supereffective|p1a: Magearna\n|-damage|p1a: Magearna|41\/100\n|move|p1a: Magearna|Reflect|p1a: Magearna\n|-sidestart|p1: GSiLVAZ|Reflect\n|\n|-heal|p2a: Gliscor|95\/100 tox|[from] ability: Poison Heal\n|upkeep\n|turn|18\n|\n|t:|1700430663\n|move|p2a: Gliscor|Earthquake|p1a: Magearna\n|-supereffective|p1a: Magearna\n|-damage|p1a: Magearna|10\/100\n|move|p1a: Magearna|Draining Kiss|p2a: Gliscor\n|-damage|p2a: Gliscor|63\/100 tox\n|-heal|p1a: Magearna|29\/100|[from] drain|[of] p2a: Gliscor\n|\n|-heal|p2a: Gliscor|76\/100 tox|[from] ability: Poison Heal\n|upkeep\n|turn|19\n|\n|t:|1700430671\n|move|p2a: Gliscor|Earthquake|p1a: Magearna\n|-supereffective|p1a: Magearna\n|-damage|p1a: Magearna|0 fnt\n|faint|p1a: Magearna\n|\n|-heal|p2a: Gliscor|88\/100 tox|[from] ability: Poison Heal\n|upkeep\n|\n|t:|1700430673\n|switch|p1a: Iron Bundle|Iron Bundle|72\/100\n|turn|20\n|\n|t:|1700430685\n|move|p2a: Gliscor|Protect|p2a: Gliscor\n|-singleturn|p2a: Gliscor|Protect\n|move|p1a: Iron Bundle|Freeze-Dry|p2a: Gliscor\n|-activate|p2a: Gliscor|move: Protect\n|\n|-heal|p2a: Gliscor|100\/100 tox|[from] ability: Poison Heal\n|upkeep\n|turn|21\n|\n|t:|1700430698\n|switch|p2a: Amoonguss|Amoonguss, M|100\/100\n|move|p1a: Iron Bundle|Freeze-Dry|p2a: Amoonguss\n|-supereffective|p2a: Amoonguss\n|-damage|p2a: Amoonguss|31\/100\n|\n|-heal|p2a: Amoonguss|37\/100|[from] item: Leftovers\n|upkeep\n|turn|22\n|\n|t:|1700430705\n|move|p2a: Amoonguss|Protect|p2a: Amoonguss\n|-singleturn|p2a: Amoonguss|Protect\n|move|p1a: Iron Bundle|Freeze-Dry|p2a: Amoonguss\n|-activate|p2a: Amoonguss|move: Protect\n|\n|-heal|p2a: Amoonguss|43\/100|[from] item: Leftovers\n|upkeep\n|turn|23\n|\n|t:|1700430715\n|switch|p2a: Cyclizar|Cyclizar, M|100\/100\n|move|p1a: Iron Bundle|Freeze-Dry|p2a: Cyclizar\n|-supereffective|p2a: Cyclizar\n|-damage|p2a: Cyclizar|0 fnt\n|faint|p2a: Cyclizar\n|\n|upkeep\n|\n|t:|1700430724\n|switch|p2a: Amoonguss|Amoonguss, M|76\/100\n|turn|24\n|\n|t:|1700430728\n|move|p1a: Iron Bundle|Freeze-Dry|p2a: Amoonguss\n|-supereffective|p2a: Amoonguss\n|-damage|p2a: Amoonguss|6\/100\n|move|p2a: Amoonguss|Spore|p1a: Iron Bundle\n|-status|p1a: Iron Bundle|slp|[from] move: Spore\n|\n|-heal|p2a: Amoonguss|12\/100|[from] item: Leftovers\n|-sideend|p1: GSiLVAZ|Reflect\n|upkeep\n|turn|25\n|\n|t:|1700430736\n|switch|p2a: Zacian|Zacian-Crowned, tera:Ground|77\/100\n|cant|p1a: Iron Bundle|slp\n|\n|upkeep\n|turn|26\n|\n|t:|1700430743\n|-end|p1a: Iron Bundle|Quark Drive|[silent]\n|switch|p1a: Koraidon|Koraidon|100\/100\n|-weather|SunnyDay|[from] ability: Orichalcum Pulse|[of] p1a: Koraidon\n|-activate|p1a: Koraidon|Orichalcum Pulse|[source]\n|move|p2a: Zacian|Tera Blast|p1a: Koraidon|[anim] Tera Blast Ground\n|-damage|p1a: Koraidon|62\/100\n|\n|-weather|SunnyDay|[upkeep]\n|upkeep\n|turn|27\n|\n|t:|1700430750\n|move|p2a: Zacian|Play Rough|p1a: Koraidon\n|-supereffective|p1a: Koraidon\n|-damage|p1a: Koraidon|0 fnt\n|faint|p1a: Koraidon\n|\n|-weather|SunnyDay|[upkeep]\n|upkeep\n|\n|t:|1700430753\n|switch|p1a: Skeledirge|Skeledirge, F, tera:Fairy|75\/100\n|turn|28\n|\n|t:|1700430765\n|switch|p2a: Gliscor|Gliscor, M|100\/100 tox\n|move|p1a: Skeledirge|Will-O-Wisp||[still]\n|-fail|p1a: Skeledirge\n|\n|-weather|SunnyDay|[upkeep]\n|upkeep\n|turn|29\n|\n|t:|1700430775\n|move|p2a: Gliscor|Toxic|p1a: Skeledirge\n|-status|p1a: Skeledirge|tox\n|move|p1a: Skeledirge|Torch Song|p2a: Gliscor\n|-damage|p2a: Gliscor|36\/100 tox\n|-boost|p1a: Skeledirge|spa|1\n|\n|-weather|SunnyDay|[upkeep]\n|-heal|p2a: Gliscor|49\/100 tox|[from] ability: Poison Heal\n|-damage|p1a: Skeledirge|69\/100 tox|[from] psn\n|upkeep\n|turn|30\n|\n|t:|1700430786\n|switch|p1a: Iron Bundle|Iron Bundle|72\/100 slp\n|move|p2a: Gliscor|Protect||[still]\n|-fail|p2a: Gliscor\n|\n|-weather|none\n|-heal|p2a: Gliscor|61\/100 tox|[from] ability: Poison Heal\n|upkeep\n|turn|31\n|\n|t:|1700430796\n|cant|p1a: Iron Bundle|slp\n|move|p2a: Gliscor|Knock Off|p1a: Iron Bundle\n|-damage|p1a: Iron Bundle|38\/100 slp\n|-enditem|p1a: Iron Bundle|Choice Specs|[from] move: Knock Off|[of] p2a: Gliscor\n|\n|-heal|p2a: Gliscor|73\/100 tox|[from] ability: Poison Heal\n|upkeep\n|turn|32\n|\n|t:|1700430807\n|cant|p1a: Iron Bundle|slp\n|move|p2a: Gliscor|Knock Off|p1a: Iron Bundle\n|-damage|p1a: Iron Bundle|16\/100 slp\n|\n|-heal|p2a: Gliscor|86\/100 tox|[from] ability: Poison Heal\n|upkeep\n|turn|33\n|\n|t:|1700430813\n|move|p2a: Gliscor|Protect|p2a: Gliscor\n|-singleturn|p2a: Gliscor|Protect\n|-curestatus|p1a: Iron Bundle|slp|[msg]\n|move|p1a: Iron Bundle|Ice Beam|p2a: Gliscor\n|-activate|p2a: Gliscor|move: Protect\n|\n|-heal|p2a: Gliscor|98\/100 tox|[from] ability: Poison Heal\n|upkeep\n|turn|34\n|\n|t:|1700430822\n|switch|p2a: Dondozo|Dondozo, M|100\/100 slp\n|move|p1a: Iron Bundle|Ice Beam|p2a: Dondozo\n|-resisted|p2a: Dondozo\n|-damage|p2a: Dondozo|78\/100 slp\n|\n|-heal|p2a: Dondozo|84\/100 slp|[from] item: Leftovers\n|upkeep\n|turn|35\n|\n|t:|1700430830\n|move|p1a: Iron Bundle|Freeze-Dry|p2a: Dondozo\n|-supereffective|p2a: Dondozo\n|-damage|p2a: Dondozo|16\/100 slp\n|cant|p2a: Dondozo|slp\n|move|p2a: Dondozo|Sleep Talk|p2a: Dondozo\n|move|p2a: Dondozo|Body Press|p1a: Iron Bundle|[from]move: Sleep Talk\n|-supereffective|p1a: Iron Bundle\n|-damage|p1a: Iron Bundle|0 fnt\n|faint|p1a: Iron Bundle\n|-end|p1a: Iron Bundle|Quark Drive|[silent]\n|\n|-heal|p2a: Dondozo|22\/100 slp|[from] item: Leftovers\n|upkeep\n|-message|GSiLVAZ forfeited.\n|\n|win|LITLE0\n|raw|GSiLVAZ's rating: 1244 &rarr; <strong>1211<\/strong><br \/>(-33 for losing)\n|raw|LITLE0's rating: 1132 &rarr; <strong>1165<\/strong><br \/>(+33 for winning)\n|l|\u2606GSiLVAZ\n","uploadtime":1700430845,"views":3,"p1id":"gsilvaz","p2id":"litle0","formatid":"gen9ubers","rating":1165,"private":0,"password":""}