{"id":"gen9ubers-1979123631","p1":"rutriyououiyiyuyt","p2":"leonissenbaum","format":"[Gen 9] Ubers","log":"|j|\u2606rutriyououiyiyuyt\n|j|\u2606leonissenbaum\n|t:|1698635380\n|gametype|singles\n|player|p1|rutriyououiyiyuyt|elesa|\n|player|p2|leonissenbaum|leon|\n|teamsize|p1|6\n|teamsize|p2|6\n|gen|9\n|tier|[Gen 9] Ubers\n|rule|Sleep Clause Mod: Limit one foe put to sleep\n|rule|Species Clause: Limit one of each Pok\u00e9mon\n|rule|OHKO Clause: OHKO moves are banned\n|rule|Evasion Items Clause: Evasion items are banned\n|rule|Evasion Moves Clause: Evasion moves are banned\n|rule|Endless Battle Clause: Forcing endless battles is banned\n|rule|HP Percentage Mod: HP is shown in percentages\n|clearpoke\n|poke|p1|Meowscarada, F|\n|poke|p1|Ninetales-Alola, M|\n|poke|p1|Arceus-Poison|\n|poke|p1|Gholdengo|\n|poke|p1|Urshifu-*, M|\n|poke|p1|Ogerpon-Wellspring, F|\n|poke|p2|Giratina|\n|poke|p2|Gliscor, M|\n|poke|p2|Blissey, F|\n|poke|p2|Dondozo, F|\n|poke|p2|Clefable, M|\n|poke|p2|Espeon, F|\n|teampreview\n|j| Pajoomas!\n|c|\u2606leonissenbaum|gl!\n|c|\u2606rutriyououiyiyuyt|u2\n|\n|t:|1698635404\n|start\n|switch|p1a: Meowscarada|Meowscarada, F|100\/100\n|switch|p2a: Espeon|Espeon, F|100\/100\n|turn|1\n|c| Pajoomas!|the one piece is reaaal\n|\n|t:|1698635415\n|switch|p1a: Urshifu|Urshifu, M|100\/100\n|-terastallize|p2a: Espeon|Fighting\n|move|p2a: Espeon|Trick|p1a: Urshifu\n|-activate|p2a: Espeon|move: Trick|[of] p1a: Urshifu\n|-item|p1a: Urshifu|Choice Scarf|[from] move: Trick\n|-item|p2a: Espeon|Black Glasses|[from] move: Trick\n|\n|upkeep\n|turn|2\n|\n|t:|1698635438\n|switch|p1a: Ninetales|Ninetales-Alola, M|100\/100\n|-weather|Snow|[from] ability: Snow Warning|[of] p1a: Ninetales\n|switch|p2a: Dondozo|Dondozo, F|100\/100\n|\n|-weather|Snow|[upkeep]\n|upkeep\n|turn|3\n|\n|t:|1698635446\n|switch|p2a: Blissey|Blissey, F|100\/100\n|move|p1a: Ninetales|Freeze-Dry|p2a: Blissey\n|-damage|p2a: Blissey|91\/100\n|\n|-weather|Snow|[upkeep]\n|-heal|p2a: Blissey|97\/100|[from] item: Leftovers\n|upkeep\n|turn|4\n|\n|t:|1698635451\n|switch|p1a: Ogerpon|Ogerpon-Wellspring, F|100\/100\n|move|p2a: Blissey|Stealth Rock|p1a: Ogerpon\n|-sidestart|p1: rutriyououiyiyuyt|move: Stealth Rock\n|\n|-weather|Snow|[upkeep]\n|-heal|p2a: Blissey|100\/100|[from] item: Leftovers\n|upkeep\n|turn|5\n|\n|t:|1698635462\n|switch|p2a: Giratina|Giratina, shiny|100\/100\n|-ability|p2a: Giratina|Pressure\n|move|p1a: Ogerpon|Power Whip|p2a: Giratina\n|-resisted|p2a: Giratina\n|-damage|p2a: Giratina|78\/100\n|\n|-weather|Snow|[upkeep]\n|-heal|p2a: Giratina|85\/100|[from] item: Leftovers\n|upkeep\n|turn|6\n|\n|t:|1698635476\n|switch|p1a: Gholdengo|Gholdengo|100\/100\n|-damage|p1a: Gholdengo|94\/100|[from] Stealth Rock\n|move|p2a: Giratina|Thunder Wave|p1a: Gholdengo\n|-immune|p1a: Gholdengo|[from] ability: Good as Gold\n|\n|-weather|none\n|-heal|p2a: Giratina|91\/100|[from] item: Leftovers\n|upkeep\n|turn|7\n|\n|t:|1698635483\n|switch|p2a: Blissey|Blissey, F|100\/100\n|move|p1a: Gholdengo|Thunder Wave|p2a: Blissey\n|-status|p2a: Blissey|par\n|\n|upkeep\n|turn|8\n|\n|t:|1698635486\n|move|p1a: Gholdengo|Focus Blast|p2a: Blissey\n|-supereffective|p2a: Blissey\n|-damage|p2a: Blissey|72\/100 par\n|move|p2a: Blissey|Shadow Ball|p1a: Gholdengo\n|-supereffective|p1a: Gholdengo\n|-damage|p1a: Gholdengo|66\/100\n|\n|-heal|p2a: Blissey|78\/100 par|[from] item: Leftovers\n|upkeep\n|turn|9\n|\n|t:|1698635495\n|switch|p1a: Ogerpon|Ogerpon-Wellspring, F|100\/100\n|-damage|p1a: Ogerpon|88\/100|[from] Stealth Rock\n|move|p2a: Blissey|Shadow Ball|p1a: Ogerpon\n|-damage|p1a: Ogerpon|70\/100\n|\n|-heal|p2a: Blissey|85\/100 par|[from] item: Leftovers\n|upkeep\n|turn|10\n|\n|t:|1698635503\n|-curestatus|p2a: Blissey|par|[from] ability: Natural Cure\n|switch|p2a: Giratina|Giratina, shiny|91\/100\n|-ability|p2a: Giratina|Pressure\n|move|p1a: Ogerpon|Swords Dance|p1a: Ogerpon\n|-boost|p1a: Ogerpon|atk|2\n|\n|-heal|p2a: Giratina|97\/100|[from] item: Leftovers\n|upkeep\n|turn|11\n|\n|t:|1698635508\n|move|p1a: Ogerpon|Knock Off|p2a: Giratina\n|-supereffective|p2a: Giratina\n|-damage|p2a: Giratina|5\/100\n|-enditem|p2a: Giratina|Leftovers|[from] move: Knock Off|[of] p1a: Ogerpon\n|move|p2a: Giratina|Thunder Wave|p1a: Ogerpon\n|-status|p1a: Ogerpon|par\n|\n|upkeep\n|turn|12\n|\n|t:|1698635540\n|move|p2a: Giratina|Hex|p1a: Ogerpon\n|-damage|p1a: Ogerpon|14\/100 par\n|move|p1a: Ogerpon|Knock Off|p2a: Giratina\n|-supereffective|p2a: Giratina\n|-damage|p2a: Giratina|0 fnt\n|faint|p2a: Giratina\n|\n|upkeep\n|\n|t:|1698635549\n|switch|p2a: Gliscor|Gliscor, M|100\/100\n|turn|13\n|\n|t:|1698635552\n|move|p2a: Gliscor|Protect|p2a: Gliscor\n|-singleturn|p2a: Gliscor|Protect\n|cant|p1a: Ogerpon|par\n|\n|-status|p2a: Gliscor|tox|[from] item: Toxic Orb\n|upkeep\n|turn|14\n|\n|t:|1698635555\n|switch|p2a: Dondozo|Dondozo, F|100\/100\n|move|p1a: Ogerpon|Ivy Cudgel|p2a: Dondozo\n|-resisted|p2a: Dondozo\n|-damage|p2a: Dondozo|86\/100\n|\n|upkeep\n|turn|15\n|\n|t:|1698635560\n|move|p1a: Ogerpon|Power Whip|p2a: Dondozo\n|-supereffective|p2a: Dondozo\n|-crit|p2a: Dondozo\n|-damage|p2a: Dondozo|0 fnt\n|-damage|p1a: Ogerpon|0 fnt|[from] item: Rocky Helmet|[of] p2a: Dondozo\n|faint|p2a: Dondozo\n|faint|p1a: Ogerpon\n|\n|upkeep\n|c|\u2606leonissenbaum|aaa the crit\n|c|\u2606leonissenbaum|o well\n|c|\u2606rutriyououiyiyuyt|tbf that was a lucky roll on giratina\n|\n|t:|1698635589\n|switch|p1a: Urshifu|Urshifu, M|100\/100\n|switch|p2a: Gliscor|Gliscor, M|100\/100 tox\n|-damage|p1a: Urshifu|94\/100|[from] Stealth Rock\n|turn|16\n|\n|t:|1698635597\n|switch|p1a: Ninetales|Ninetales-Alola, M|100\/100\n|-damage|p1a: Ninetales|76\/100|[from] Stealth Rock\n|-weather|Snow|[from] ability: Snow Warning|[of] p1a: Ninetales\n|move|p2a: Gliscor|Protect||[still]\n|-fail|p2a: Gliscor\n|\n|-weather|Snow|[upkeep]\n|upkeep\n|turn|17\n|\n|t:|1698635609\n|move|p2a: Gliscor|Protect|p2a: Gliscor\n|-singleturn|p2a: Gliscor|Protect\n|move|p1a: Ninetales|Aurora Veil|p1a: Ninetales\n|-sidestart|p1: rutriyououiyiyuyt|move: Aurora Veil\n|\n|-weather|Snow|[upkeep]\n|upkeep\n|turn|18\n|\n|t:|1698635621\n|switch|p1a: Urshifu|Urshifu, M|94\/100\n|-damage|p1a: Urshifu|88\/100|[from] Stealth Rock\n|switch|p2a: Blissey|Blissey, F|85\/100\n|\n|-weather|Snow|[upkeep]\n|-heal|p2a: Blissey|91\/100|[from] item: Leftovers\n|upkeep\n|turn|19\n|\n|t:|1698635628\n|switch|p2a: Clefable|Clefable, M|100\/100\n|move|p1a: Urshifu|Close Combat|p2a: Clefable\n|-resisted|p2a: Clefable\n|-damage|p2a: Clefable|64\/100\n|-unboost|p1a: Urshifu|def|1\n|-unboost|p1a: Urshifu|spd|1\n|\n|-weather|Snow|[upkeep]\n|-heal|p2a: Clefable|71\/100|[from] item: Leftovers\n|upkeep\n|turn|20\n|\n|t:|1698635632\n|switch|p1a: Gholdengo|Gholdengo|66\/100\n|-damage|p1a: Gholdengo|60\/100|[from] Stealth Rock\n|move|p2a: Clefable|Wish|p2a: Clefable\n|\n|-weather|none\n|-heal|p2a: Clefable|77\/100|[from] item: Leftovers\n|upkeep\n|turn|21\n|\n|t:|1698635661\n|switch|p2a: Blissey|Blissey, F|91\/100\n|move|p1a: Gholdengo|Thunder Wave|p2a: Blissey\n|-status|p2a: Blissey|par\n|\n|-heal|p2a: Blissey|100\/100 par|[from] move: Wish|[wisher] Clefable\n|-sideend|p1: rutriyououiyiyuyt|move: Aurora Veil\n|upkeep\n|turn|22\n|\n|t:|1698635667\n|switch|p1a: Arceus|Arceus-Poison|100\/100\n|-damage|p1a: Arceus|88\/100|[from] Stealth Rock\n|cant|p2a: Blissey|par\n|\n|upkeep\n|turn|23\n|\n|t:|1698635676\n|-curestatus|p2a: Blissey|par|[from] ability: Natural Cure\n|switch|p2a: Clefable|Clefable, M|77\/100\n|move|p1a: Arceus|Poison Jab|p2a: Clefable\n|-supereffective|p2a: Clefable\n|-damage|p2a: Clefable|0 fnt\n|faint|p2a: Clefable\n|\n|upkeep\n|\n|t:|1698635678\n|switch|p2a: Gliscor|Gliscor, M|100\/100 tox\n|turn|24\n|c| Pajoomas!|rip\n|\n|t:|1698635686\n|switch|p1a: Ninetales|Ninetales-Alola, M|76\/100\n|-damage|p1a: Ninetales|51\/100|[from] Stealth Rock\n|-weather|Snow|[from] ability: Snow Warning|[of] p1a: Ninetales\n|move|p2a: Gliscor|Spikes|p1a: Ninetales\n|-sidestart|p1: rutriyououiyiyuyt|Spikes\n|\n|-weather|Snow|[upkeep]\n|upkeep\n|turn|25\n|\n|t:|1698635703\n|switch|p2a: Blissey|Blissey, F|100\/100\n|move|p1a: Ninetales|Freeze-Dry|p2a: Blissey\n|-damage|p2a: Blissey|92\/100\n|\n|-weather|Snow|[upkeep]\n|-heal|p2a: Blissey|98\/100|[from] item: Leftovers\n|upkeep\n|turn|26\n|\n|t:|1698635708\n|switch|p1a: Urshifu|Urshifu, M|88\/100\n|-damage|p1a: Urshifu|82\/100|[from] Stealth Rock\n|-damage|p1a: Urshifu|70\/100|[from] Spikes\n|move|p2a: Blissey|Seismic Toss|p1a: Urshifu\n|-damage|p1a: Urshifu|40\/100\n|\n|-weather|Snow|[upkeep]\n|-heal|p2a: Blissey|100\/100|[from] item: Leftovers\n|upkeep\n|turn|27\n|\n|t:|1698635719\n|switch|p2a: Gliscor|Gliscor, M|100\/100 tox\n|move|p1a: Urshifu|Wicked Blow|p2a: Gliscor\n|-crit|p2a: Gliscor\n|-damage|p2a: Gliscor|48\/100 tox\n|\n|-weather|Snow|[upkeep]\n|-heal|p2a: Gliscor|60\/100 tox|[from] ability: Poison Heal\n|upkeep\n|turn|28\n|\n|t:|1698635725\n|move|p2a: Gliscor|Protect|p2a: Gliscor\n|-singleturn|p2a: Gliscor|Protect\n|move|p1a: Urshifu|Wicked Blow|p2a: Gliscor\n|-crit|p2a: Gliscor\n|-damage|p2a: Gliscor|7\/100 tox\n|\n|-weather|none\n|-heal|p2a: Gliscor|20\/100 tox|[from] ability: Poison Heal\n|upkeep\n|turn|29\n|c|\u2606leonissenbaum|o right i forgot\n|c|\u2606rutriyououiyiyuyt|yeah it happens\n|\n|t:|1698635739\n|switch|p2a: Espeon|Espeon, F, tera:Fighting|100\/100\n|move|p1a: Urshifu|Wicked Blow|p2a: Espeon\n|-resisted|p2a: Espeon\n|-crit|p2a: Espeon\n|-damage|p2a: Espeon|50\/100\n|\n|upkeep\n|turn|30\n|\n|t:|1698635745\n|move|p1a: Urshifu|Wicked Blow|p2a: Espeon\n|-resisted|p2a: Espeon\n|-crit|p2a: Espeon\n|-damage|p2a: Espeon|0 fnt\n|faint|p2a: Espeon\n|\n|upkeep\n|\n|t:|1698635752\n|switch|p2a: Blissey|Blissey, F|100\/100\n|turn|31\n|\n|t:|1698635755\n|move|p1a: Urshifu|Wicked Blow|p2a: Blissey\n|-crit|p2a: Blissey\n|-damage|p2a: Blissey|35\/100\n|move|p2a: Blissey|Seismic Toss|p1a: Urshifu\n|-damage|p1a: Urshifu|11\/100\n|\n|-heal|p2a: Blissey|42\/100|[from] item: Leftovers\n|upkeep\n|turn|32\n|\n|t:|1698635759\n|move|p1a: Urshifu|Wicked Blow|p2a: Blissey\n|-crit|p2a: Blissey\n|-damage|p2a: Blissey|0 fnt\n|faint|p2a: Blissey\n|\n|upkeep\n|c|\u2606leonissenbaum|gg\n|\n|t:|1698635763\n|switch|p2a: Gliscor|Gliscor, M|20\/100 tox\n|turn|33\n|c|\u2606rutriyououiyiyuyt|gg\n|\n|t:|1698635766\n|move|p1a: Urshifu|Wicked Blow|p2a: Gliscor\n|-crit|p2a: Gliscor\n|-damage|p2a: Gliscor|0 fnt\n|faint|p2a: Gliscor\n|\n|win|rutriyououiyiyuyt\n","uploadtime":1698635769,"views":19,"p1id":"rutriyououiyiyuyt","p2id":"leonissenbaum","formatid":"gen9ubers","rating":0,"private":0,"password":""}