{"id":"gen9ubers-1980375729","p1":"clorboycoctopus","p2":"lolgz","format":"[Gen 9] Ubers","log":"|j|\u2606clorboycoctopus\n|j|\u2606lolgz\n|t:|1698779511\n|gametype|singles\n|player|p1|clorboycoctopus|blackbelt-gen4dp|\n|player|p2|lolgz|265|\n|teamsize|p1|6\n|teamsize|p2|6\n|gen|9\n|tier|[Gen 9] Ubers\n|rule|Sleep Clause Mod: Limit one foe put to sleep\n|rule|Species Clause: Limit one of each Pok\u00e9mon\n|rule|OHKO Clause: OHKO moves are banned\n|rule|Evasion Items Clause: Evasion items are banned\n|rule|Evasion Moves Clause: Evasion moves are banned\n|rule|Endless Battle Clause: Forcing endless battles is banned\n|rule|HP Percentage Mod: HP is shown in percentages\n|clearpoke\n|poke|p1|Spectrier|\n|poke|p1|Masquerain, M|\n|poke|p1|Cyclizar, F|\n|poke|p1|Landorus, M|\n|poke|p1|Zacian-*|\n|poke|p1|Arceus-Fire|\n|poke|p2|Magearna|\n|poke|p2|Zacian-*|\n|poke|p2|Cyclizar, M|\n|poke|p2|Garchomp, F|\n|poke|p2|Volcarona, F|\n|poke|p2|Palkia-Origin|\n|teampreview\n|inactive|Battle timer is ON: inactive players will automatically lose when time's up. (requested by lolgz)\n|\n|t:|1698779518\n|start\n|switch|p1a: Masquerain|Masquerain, M|100\/100\n|switch|p2a: Magearna|Magearna|100\/100\n|-ability|p1a: Masquerain|Intimidate|boost\n|-unboost|p2a: Magearna|atk|1\n|turn|1\n|\n|t:|1698779525\n|move|p1a: Masquerain|Stun Spore|p2a: Magearna\n|-status|p2a: Magearna|par\n|move|p2a: Magearna|Shift Gear|p2a: Magearna\n|-boost|p2a: Magearna|spe|2\n|-boost|p2a: Magearna|atk|1\n|\n|upkeep\n|turn|2\n|\n|t:|1698779528\n|move|p1a: Masquerain|Sticky Web|p2a: Magearna\n|-sidestart|p2: lolgz|move: Sticky Web\n|move|p2a: Magearna|Shift Gear|p2a: Magearna\n|-boost|p2a: Magearna|spe|2\n|-boost|p2a: Magearna|atk|1\n|\n|upkeep\n|turn|3\n|\n|t:|1698779530\n|move|p1a: Masquerain|Chilling Water|p2a: Magearna\n|-damage|p2a: Magearna|87\/100 par\n|-unboost|p2a: Magearna|atk|1\n|move|p2a: Magearna|Calm Mind|p2a: Magearna\n|-boost|p2a: Magearna|spa|1\n|-boost|p2a: Magearna|spd|1\n|\n|-heal|p2a: Magearna|93\/100 par|[from] item: Leftovers\n|upkeep\n|turn|4\n|\n|t:|1698779532\n|move|p1a: Masquerain|Haze|p1a: Masquerain\n|-clearallboost\n|move|p2a: Magearna|Calm Mind|p2a: Magearna\n|-boost|p2a: Magearna|spa|1\n|-boost|p2a: Magearna|spd|1\n|\n|-heal|p2a: Magearna|99\/100 par|[from] item: Leftovers\n|upkeep\n|turn|5\n|\n|t:|1698779536\n|move|p1a: Masquerain|Haze|p1a: Masquerain\n|-clearallboost\n|cant|p2a: Magearna|par\n|\n|-heal|p2a: Magearna|100\/100 par|[from] item: Leftovers\n|upkeep\n|turn|6\n|\n|t:|1698779549\n|switch|p2a: Palkia|Palkia-Origin|100\/100\n|-activate|p2a: Palkia|move: Sticky Web\n|-unboost|p2a: Palkia|spe|1\n|-ability|p2a: Palkia|Pressure\n|move|p1a: Masquerain|Chilling Water|p2a: Palkia\n|-resisted|p2a: Palkia\n|-damage|p2a: Palkia|97\/100\n|-unboost|p2a: Palkia|atk|1\n|\n|upkeep\n|turn|7\n|\n|t:|1698779552\n|move|p1a: Masquerain|Stun Spore|p2a: Palkia\n|-status|p2a: Palkia|par\n|move|p2a: Palkia|Fire Blast|p1a: Masquerain\n|-supereffective|p1a: Masquerain\n|-enditem|p1a: Masquerain|Focus Sash\n|-damage|p1a: Masquerain|1\/100\n|\n|upkeep\n|turn|8\n|\n|t:|1698779561\n|move|p1a: Masquerain|Chilling Water|p2a: Palkia\n|-resisted|p2a: Palkia\n|-damage|p2a: Palkia|94\/100 par\n|-unboost|p2a: Palkia|atk|1\n|move|p2a: Palkia|Hydro Pump|p1a: Masquerain\n|-damage|p1a: Masquerain|0 fnt\n|faint|p1a: Masquerain\n|\n|upkeep\n|\n|t:|1698779579\n|switch|p1a: Cyclizar|Cyclizar, F|100\/100\n|turn|9\n|\n|t:|1698779581\n|move|p1a: Cyclizar|Shed Tail|p1a: Cyclizar\n|-start|p1a: Cyclizar|Substitute|[from] move: Shed Tail\n|-damage|p1a: Cyclizar|50\/100\n|\n|t:|1698779591\n|switch|p1a: Zacian|Zacian|100\/100|[from] Shed Tail\n|-ability|p1a: Zacian|Intrepid Sword|boost\n|-boost|p1a: Zacian|atk|1\n|move|p2a: Palkia|Draco Meteor|p1a: Zacian\n|-immune|p1a: Zacian\n|\n|upkeep\n|turn|10\n|\n|t:|1698779596\n|-terastallize|p2a: Palkia|Fairy\n|move|p1a: Zacian|Play Rough|p2a: Palkia|[miss]\n|-miss|p1a: Zacian|p2a: Palkia\n|cant|p2a: Palkia|par\n|\n|upkeep\n|turn|11\n|\n|t:|1698779603\n|move|p1a: Zacian|Play Rough|p2a: Palkia\n|-damage|p2a: Palkia|0 fnt\n|faint|p2a: Palkia\n|\n|upkeep\n|\n|t:|1698779608\n|switch|p2a: Magearna|Magearna|100\/100 par\n|-activate|p2a: Magearna|move: Sticky Web\n|-unboost|p2a: Magearna|spe|1\n|turn|12\n|\n|t:|1698779619\n|move|p1a: Zacian|Play Rough|p2a: Magearna\n|-resisted|p2a: Magearna\n|-damage|p2a: Magearna|67\/100 par\n|move|p2a: Magearna|Calm Mind|p2a: Magearna\n|-boost|p2a: Magearna|spa|1\n|-boost|p2a: Magearna|spd|1\n|\n|-heal|p2a: Magearna|74\/100 par|[from] item: Leftovers\n|upkeep\n|turn|13\n|\n|t:|1698779622\n|move|p1a: Zacian|Play Rough|p2a: Magearna\n|-resisted|p2a: Magearna\n|-damage|p2a: Magearna|41\/100 par\n|move|p2a: Magearna|Shift Gear|p2a: Magearna\n|-boost|p2a: Magearna|spe|2\n|-boost|p2a: Magearna|atk|1\n|\n|-heal|p2a: Magearna|47\/100 par|[from] item: Leftovers\n|upkeep\n|turn|14\n|\n|t:|1698779625\n|move|p1a: Zacian|Play Rough|p2a: Magearna\n|-resisted|p2a: Magearna\n|-damage|p2a: Magearna|17\/100 par\n|cant|p2a: Magearna|par\n|\n|-heal|p2a: Magearna|23\/100 par|[from] item: Leftovers\n|upkeep\n|turn|15\n|\n|t:|1698779629\n|move|p1a: Zacian|Play Rough|p2a: Magearna\n|-resisted|p2a: Magearna\n|-damage|p2a: Magearna|0 fnt\n|faint|p2a: Magearna\n|\n|upkeep\n|\n|t:|1698779635\n|switch|p2a: Cyclizar|Cyclizar, M|100\/100\n|-activate|p2a: Cyclizar|move: Sticky Web\n|-unboost|p2a: Cyclizar|spe|1\n|turn|16\n|\n|t:|1698779637\n|move|p1a: Zacian|Play Rough|p2a: Cyclizar\n|-supereffective|p2a: Cyclizar\n|-damage|p2a: Cyclizar|0 fnt\n|faint|p2a: Cyclizar\n|\n|upkeep\n|\n|t:|1698779640\n|switch|p2a: Volcarona|Volcarona, F|100\/100\n|turn|17\n|\n|t:|1698779643\n|move|p1a: Zacian|Play Rough|p2a: Volcarona\n|-resisted|p2a: Volcarona\n|-crit|p2a: Volcarona\n|-damage|p2a: Volcarona|0 fnt\n|-status|p1a: Zacian|brn|[from] ability: Flame Body|[of] p2a: Volcarona\n|faint|p2a: Volcarona\n|\n|-damage|p1a: Zacian|94\/100 brn|[from] brn\n|upkeep\n|\n|t:|1698779646\n|switch|p2a: Zacian|Zacian|100\/100\n|-activate|p2a: Zacian|move: Sticky Web\n|-unboost|p2a: Zacian|spe|1\n|-ability|p2a: Zacian|Intrepid Sword|boost\n|-boost|p2a: Zacian|atk|1\n|turn|18\n|\n|t:|1698779647\n|move|p1a: Zacian|Play Rough|p2a: Zacian\n|-damage|p2a: Zacian|55\/100\n|move|p2a: Zacian|Play Rough|p1a: Zacian\n|-end|p1a: Zacian|Substitute\n|\n|-damage|p1a: Zacian|88\/100 brn|[from] brn\n|upkeep\n|turn|19\n|\n|t:|1698779650\n|move|p1a: Zacian|Play Rough|p2a: Zacian\n|-damage|p2a: Zacian|9\/100\n|move|p2a: Zacian|Play Rough|p1a: Zacian\n|-damage|p1a: Zacian|0 fnt\n|faint|p1a: Zacian\n|\n|upkeep\n|\n|t:|1698779658\n|switch|p1a: Arceus|Arceus-Fire|100\/100\n|turn|20\n|\n|t:|1698779667\n|move|p1a: Arceus|Wild Charge|p2a: Zacian\n|-damage|p2a: Zacian|0 fnt\n|faint|p2a: Zacian\n|-damage|p1a: Arceus|99\/100|[from] Recoil\n|\n|upkeep\n|\n|t:|1698779669\n|switch|p2a: Garchomp|Garchomp, F|100\/100\n|-activate|p2a: Garchomp|move: Sticky Web\n|-unboost|p2a: Garchomp|spe|1\n|turn|21\n|\n|t:|1698779674\n|move|p1a: Arceus|Dragon Dance|p1a: Arceus\n|-boost|p1a: Arceus|atk|1\n|-boost|p1a: Arceus|spe|1\n|move|p2a: Garchomp|Scale Shot|p1a: Arceus\n|-damage|p1a: Arceus|89\/100\n|-damage|p1a: Arceus|79\/100\n|-damage|p1a: Arceus|68\/100\n|-damage|p1a: Arceus|58\/100\n|-hitcount|p1a: Arceus|4\n|-unboost|p2a: Garchomp|def|1\n|-boost|p2a: Garchomp|spe|1\n|\n|upkeep\n|turn|22\n|\n|t:|1698779678\n|move|p1a: Arceus|Flare Blitz|p2a: Garchomp\n|-resisted|p2a: Garchomp\n|-damage|p2a: Garchomp|27\/100\n|-damage|p1a: Arceus|45\/100|[from] ability: Rough Skin|[of] p2a: Garchomp\n|-damage|p1a: Arceus|23\/100|[from] Recoil\n|move|p2a: Garchomp|Scale Shot|p1a: Arceus\n|-damage|p1a: Arceus|13\/100\n|-damage|p1a: Arceus|2\/100\n|-damage|p1a: Arceus|0 fnt\n|faint|p1a: Arceus\n|-hitcount|p1: Arceus|3\n|-unboost|p2a: Garchomp|def|1\n|-boost|p2a: Garchomp|spe|1\n|\n|upkeep\n|\n|t:|1698779686\n|switch|p1a: Landorus|Landorus, M|100\/100\n|turn|23\n|\n|t:|1698779688\n|move|p2a: Garchomp|Scale Shot|p1a: Landorus\n|-damage|p1a: Landorus|84\/100\n|-damage|p1a: Landorus|68\/100\n|-damage|p1a: Landorus|54\/100\n|-damage|p1a: Landorus|39\/100\n|-hitcount|p1a: Landorus|4\n|-unboost|p2a: Garchomp|def|1\n|-boost|p2a: Garchomp|spe|1\n|move|p1a: Landorus|Earth Power|p2a: Garchomp\n|-damage|p2a: Garchomp|0 fnt\n|faint|p2a: Garchomp\n|\n|win|clorboycoctopus\n|l|\u2606lolgz\n","uploadtime":1698779737,"views":9,"p1id":"clorboycoctopus","p2id":"lolgz","formatid":"gen9ubers","rating":0,"private":0,"password":""}