{"id":"gen9ubers-1978432612","p1":"asome123","p2":"manchas06","format":"[Gen 9] Ubers","log":"|j|\u2606asome123\n|j|\u2606manchas06\n|t:|1698538231\n|gametype|singles\n|player|p1|asome123|guitarist|1000\n|player|p2|manchas06|saturn|1085\n|teamsize|p1|6\n|teamsize|p2|6\n|gen|9\n|tier|[Gen 9] Ubers\n|rated|\n|rule|Sleep Clause Mod: Limit one foe put to sleep\n|rule|Species Clause: Limit one of each Pok\u00e9mon\n|rule|OHKO Clause: OHKO moves are banned\n|rule|Evasion Items Clause: Evasion items are banned\n|rule|Evasion Moves Clause: Evasion moves are banned\n|rule|Endless Battle Clause: Forcing endless battles is banned\n|rule|HP Percentage Mod: HP is shown in percentages\n|clearpoke\n|poke|p1|Regieleki|\n|poke|p1|Toxapex, F|\n|poke|p1|Dialga|\n|poke|p1|Magearna-Original|\n|poke|p1|Urshifu-*, M|\n|poke|p1|Dragapult, M|\n|poke|p2|Gholdengo|\n|poke|p2|Dragapult, F|\n|poke|p2|Maushold|\n|poke|p2|Cinderace, M|\n|poke|p2|Amoonguss, F|\n|poke|p2|Tinkaton, F|\n|teampreview\n|\n|t:|1698538245\n|start\n|switch|p1a: Toxapex|Toxapex, F|100\/100\n|switch|p2a: Amoonguss|Amoonguss, F|100\/100\n|turn|1\n|\n|t:|1698538261\n|move|p1a: Toxapex|Toxic Spikes|p2a: Amoonguss\n|-sidestart|p2: manchas06|move: Toxic Spikes\n|move|p2a: Amoonguss|Spore|p1a: Toxapex\n|-status|p1a: Toxapex|slp|[from] move: Spore\n|\n|upkeep\n|turn|2\n|\n|t:|1698538282\n|switch|p1a: Dialga|Dialga|100\/100\n|-ability|p1a: Dialga|Pressure\n|move|p2a: Amoonguss|Energy Ball|p1a: Dialga\n|-resisted|p1a: Dialga\n|-damage|p1a: Dialga|95\/100\n|-unboost|p1a: Dialga|spd|1\n|\n|upkeep\n|turn|3\n|inactive|Battle timer is ON: inactive players will automatically lose when time's up. (requested by asome123)\n|\n|t:|1698538297\n|move|p1a: Dialga|Flamethrower|p2a: Amoonguss\n|-supereffective|p2a: Amoonguss\n|-damage|p2a: Amoonguss|34\/100\n|-status|p2a: Amoonguss|brn\n|move|p2a: Amoonguss|Spore|p1a: Dialga\n|-message|Sleep Clause Mod activated.\n|-hint|Sleep Clause Mod prevents players from putting more than one of their opponent's Pok\u00e9mon to sleep at a time\n|\n|-damage|p2a: Amoonguss|28\/100 brn|[from] brn\n|upkeep\n|turn|4\n|\n|t:|1698538315\n|switch|p2a: Maushold|Maushold|100\/100\n|-status|p2a: Maushold|psn\n|move|p1a: Dialga|Dragon Pulse|p2a: Maushold\n|-damage|p2a: Maushold|29\/100 psn\n|\n|-damage|p2a: Maushold|16\/100 psn|[from] psn\n|upkeep\n|turn|5\n|\n|t:|1698538330\n|move|p2a: Maushold|Population Bomb|p1a: Dialga\n|-resisted|p1a: Dialga\n|-damage|p1a: Dialga|92\/100\n|-resisted|p1a: Dialga\n|-damage|p1a: Dialga|88\/100\n|-resisted|p1a: Dialga\n|-damage|p1a: Dialga|85\/100\n|-resisted|p1a: Dialga\n|-damage|p1a: Dialga|82\/100\n|-resisted|p1a: Dialga\n|-damage|p1a: Dialga|79\/100\n|-resisted|p1a: Dialga\n|-damage|p1a: Dialga|76\/100\n|-resisted|p1a: Dialga\n|-damage|p1a: Dialga|73\/100\n|-resisted|p1a: Dialga\n|-damage|p1a: Dialga|70\/100\n|-resisted|p1a: Dialga\n|-damage|p1a: Dialga|67\/100\n|-resisted|p1a: Dialga\n|-damage|p1a: Dialga|63\/100\n|-hitcount|p1a: Dialga|10\n|move|p1a: Dialga|Dragon Tail|p2a: Maushold\n|-crit|p2a: Maushold\n|-damage|p2a: Maushold|0 fnt\n|faint|p2a: Maushold\n|\n|upkeep\n|inactive|manchas06 has 120 seconds left.\n|\n|t:|1698538364\n|switch|p2a: Dragapult|Dragapult, F|100\/100\n|-status|p2a: Dragapult|psn\n|turn|6\n|\n|t:|1698538384\n|move|p2a: Dragapult|Dragon Dance|p2a: Dragapult\n|-boost|p2a: Dragapult|atk|1\n|-boost|p2a: Dragapult|spe|1\n|move|p1a: Dialga|Dragon Tail|p2a: Dragapult\n|-supereffective|p2a: Dragapult\n|-damage|p2a: Dragapult|26\/100 psn\n|drag|p2a: Amoonguss|Amoonguss, F|28\/100 brn\n|-sideend|p2: manchas06|move: Toxic Spikes|[of] p2a: Amoonguss\n|\n|-damage|p2a: Amoonguss|21\/100 brn|[from] brn\n|upkeep\n|turn|7\n|\n|t:|1698538401\n|move|p2a: Amoonguss|Spore|p1a: Dialga\n|-message|Sleep Clause Mod activated.\n|-hint|Sleep Clause Mod prevents players from putting more than one of their opponent's Pok\u00e9mon to sleep at a time\n|move|p1a: Dialga|Dragon Tail|p2a: Amoonguss\n|-damage|p2a: Amoonguss|0 fnt\n|faint|p2a: Amoonguss\n|\n|upkeep\n|inactive|manchas06 has 90 seconds left.\n|\n|t:|1698538418\n|switch|p2a: Tinkaton|Tinkaton, F|100\/100\n|-ability|p2a: Tinkaton|Mold Breaker\n|turn|8\n|\n|t:|1698538433\n|-terastallize|p1a: Dialga|Steel\n|-terastallize|p2a: Tinkaton|Steel\n|move|p1a: Dialga|Flamethrower|p2a: Tinkaton\n|-supereffective|p2a: Tinkaton\n|-damage|p2a: Tinkaton|50\/100\n|move|p2a: Tinkaton|Gigaton Hammer|p1a: Dialga\n|-resisted|p1a: Dialga\n|-damage|p1a: Dialga|34\/100\n|\n|upkeep\n|turn|9\n|inactive|manchas06 has 90 seconds left.\n|\n|t:|1698538456\n|move|p2a: Tinkaton|Protect|p2a: Tinkaton\n|-singleturn|p2a: Tinkaton|Protect\n|move|p1a: Dialga|Flamethrower|p2a: Tinkaton\n|-activate|p2a: Tinkaton|move: Protect\n|\n|upkeep\n|turn|10\n|inactive|manchas06 has 90 seconds left.\n|\n|t:|1698538470\n|switch|p2a: Gholdengo|Gholdengo|100\/100\n|move|p1a: Dialga|Flamethrower|p2a: Gholdengo\n|-supereffective|p2a: Gholdengo\n|-damage|p2a: Gholdengo|28\/100\n|\n|upkeep\n|turn|11\n|inactive|manchas06 has 90 seconds left.\n|\n|t:|1698538483\n|move|p1a: Dialga|Flamethrower|p2a: Gholdengo\n|-supereffective|p2a: Gholdengo\n|-damage|p2a: Gholdengo|0 fnt\n|faint|p2a: Gholdengo\n|\n|upkeep\n|\n|t:|1698538490\n|switch|p2a: Cinderace|Cinderace, M|100\/100\n|turn|12\n|inactive|manchas06 has 90 seconds left.\n|\n|t:|1698538499\n|move|p2a: Cinderace|High Jump Kick|p1a: Dialga|[miss]\n|-miss|p2a: Cinderace|p1a: Dialga\n|-damage|p2a: Cinderace|51\/100|[from] highjumpkick\n|move|p1a: Dialga|Dragon Pulse|p2a: Cinderace\n|-damage|p2a: Cinderace|0 fnt\n|faint|p2a: Cinderace\n|\n|upkeep\n|inactive|manchas06 has 90 seconds left.\n|\n|t:|1698538515\n|switch|p2a: Tinkaton|Tinkaton, F, tera:Steel|50\/100\n|-ability|p2a: Tinkaton|Mold Breaker\n|turn|13\n|\n|t:|1698538523\n|move|p2a: Tinkaton|Protect|p2a: Tinkaton\n|-singleturn|p2a: Tinkaton|Protect\n|move|p1a: Dialga|Flamethrower|p2a: Tinkaton\n|-activate|p2a: Tinkaton|move: Protect\n|\n|upkeep\n|turn|14\n|inactive|manchas06 has 90 seconds left.\n|\n|t:|1698538535\n|switch|p2a: Dragapult|Dragapult, F|26\/100 psn\n|move|p1a: Dialga|Flamethrower|p2a: Dragapult\n|-resisted|p2a: Dragapult\n|-damage|p2a: Dragapult|5\/100 psn\n|\n|-damage|p2a: Dragapult|0 fnt|[from] psn\n|faint|p2a: Dragapult\n|upkeep\n|\n|t:|1698538549\n|switch|p2a: Tinkaton|Tinkaton, F, tera:Steel|50\/100\n|-ability|p2a: Tinkaton|Mold Breaker\n|turn|15\n|\n|t:|1698538557\n|move|p1a: Dialga|Flamethrower|p2a: Tinkaton\n|-supereffective|p2a: Tinkaton\n|-damage|p2a: Tinkaton|0 fnt\n|faint|p2a: Tinkaton\n|\n|win|asome123\n|raw|asome123's rating: 1000 &rarr; <strong>1047<\/strong><br \/>(+47 for winning)\n|raw|manchas06's rating: 1057 &rarr; <strong>1035<\/strong><br \/>(-22 for losing)\n|l|\u2606manchas06\n","uploadtime":1698538568,"views":11,"p1id":"asome123","p2id":"manchas06","formatid":"gen9ubers","rating":1035,"private":0,"password":""}