{"id":"gen9ubers-1994492781","p1":"trillbo","p2":"something482","format":"[Gen 9] Ubers","log":"|j|\u2606trillbo\n|j|\u2606something482\n|t:|1700450326\n|gametype|singles\n|player|p1|trillbo|gentleman|\n|player|p2|something482|victor|\n|teamsize|p1|6\n|teamsize|p2|6\n|gen|9\n|tier|[Gen 9] Ubers\n|rule|Sleep Clause Mod: Limit one foe put to sleep\n|rule|Species Clause: Limit one of each Pok\u00e9mon\n|rule|OHKO Clause: OHKO moves are banned\n|rule|Evasion Items Clause: Evasion items are banned\n|rule|Evasion Moves Clause: Evasion moves are banned\n|rule|Endless Battle Clause: Forcing endless battles is banned\n|rule|HP Percentage Mod: HP is shown in percentages\n|clearpoke\n|poke|p1|Torkoal, M|\n|poke|p1|Sandy Shocks|\n|poke|p1|Walking Wake|\n|poke|p1|Clefable, F|\n|poke|p1|Rotom-Wash|\n|poke|p1|Brute Bonnet|\n|poke|p2|Cyclizar, F|\n|poke|p2|Chien-Pao|\n|poke|p2|Glimmora, M|\n|poke|p2|Pawmot, M|\n|poke|p2|Dragapult, M|\n|poke|p2|Gholdengo|\n|teampreview\n|j| Lillyrosethedemon\n|j| Judgieiscool\n|c|\u2606something482|gl hf!\n|j| Redneck Heaven\n|c|\u2606trillbo|u2\n|c| Judgieiscool|let\u2019s go sandy\n|c| Judgieiscool|sandy shocks sweep INCOMINH\n|j| ampharosaunt11\n|c|\u2606trillbo|could b\n|j| Willish6634\n|\n|t:|1700450393\n|start\n|switch|p1a: Torkoal|Torkoal, M|100\/100\n|switch|p2a: Nyoom|Dragapult, M, shiny|100\/100\n|-weather|SunnyDay|[from] ability: Drought|[of] p1a: Torkoal\n|turn|1\n|j| Graviton Forfeit\n|\n|t:|1700450415\n|move|p2a: Nyoom|Dragon Darts|p1a: Torkoal\n|-damage|p1a: Torkoal|85\/100\n|-anim|p2a: Nyoom|Dragon Darts|p1a: Torkoal\n|-damage|p1a: Torkoal|71\/100\n|move|p1a: Torkoal|Stealth Rock|p2a: Nyoom\n|-sidestart|p2: something482|move: Stealth Rock\n|\n|-weather|SunnyDay|[upkeep]\n|upkeep\n|turn|2\n|\n|t:|1700450435\n|move|p2a: Nyoom|Dragon Darts|p1a: Torkoal\n|-damage|p1a: Torkoal|58\/100\n|-anim|p2a: Nyoom|Dragon Darts|p1a: Torkoal\n|-damage|p1a: Torkoal|43\/100\n|move|p1a: Torkoal|Yawn|p2a: Nyoom\n|-start|p2a: Nyoom|move: Yawn|[of] p1a: Torkoal\n|\n|-weather|SunnyDay|[upkeep]\n|upkeep\n|turn|3\n|c| Graviton Forfeit|got a dart for ya\n|\n|t:|1700450448\n|switch|p2a: Rawk|Glimmora, M|100\/100\n|-damage|p2a: Rawk|88\/100|[from] Stealth Rock\n|switch|p1a: Rotom|Rotom-Wash|100\/100\n|\n|-weather|SunnyDay|[upkeep]\n|upkeep\n|turn|4\n|c|\u2606trillbo|lol\n|\n|t:|1700450462\n|switch|p2a: Pawmot|Pawmot, M|100\/100\n|-damage|p2a: Pawmot|94\/100|[from] Stealth Rock\n|move|p1a: Rotom|Hydro Pump|p2a: Pawmot\n|-damage|p2a: Pawmot|58\/100\n|\n|-weather|SunnyDay|[upkeep]\n|upkeep\n|turn|5\n|\n|t:|1700450496\n|move|p2a: Pawmot|Double Shock|p1a: Rotom\n|-damage|p1a: Rotom|59\/100\n|-start|p2a: Pawmot|typechange|???\/Fighting|[from] move: Double Shock\n|move|p1a: Rotom|Will-O-Wisp|p2a: Pawmot|[miss]\n|-miss|p1a: Rotom|p2a: Pawmot\n|\n|-weather|SunnyDay|[upkeep]\n|-heal|p1a: Rotom|65\/100|[from] item: Leftovers\n|upkeep\n|turn|6\n|c| Graviton Forfeit|omg\n|\n|t:|1700450514\n|switch|p2a: Rawk|Glimmora, M|88\/100\n|-damage|p2a: Rawk|76\/100|[from] Stealth Rock\n|move|p1a: Rotom|Will-O-Wisp|p2a: Rawk\n|-status|p2a: Rawk|brn\n|\n|-weather|SunnyDay|[upkeep]\n|-heal|p1a: Rotom|72\/100|[from] item: Leftovers\n|-damage|p2a: Rawk|70\/100 brn|[from] brn\n|upkeep\n|turn|7\n|j| abGodc\n|inactive|Battle timer is ON: inactive players will automatically lose when time's up. (requested by trillbo)\n|\n|t:|1700450547\n|move|p1a: Rotom|Protect|p1a: Rotom\n|-singleturn|p1a: Rotom|Protect\n|move|p2a: Rawk|Mortal Spin|p1a: Rotom\n|-activate|p1a: Rotom|move: Protect\n|\n|-weather|SunnyDay|[upkeep]\n|-heal|p1a: Rotom|78\/100|[from] item: Leftovers\n|-damage|p2a: Rawk|63\/100 brn|[from] brn\n|upkeep\n|turn|8\n|\n|t:|1700450570\n|switch|p2a: mover|Cyclizar, F|100\/100\n|-damage|p2a: mover|88\/100|[from] Stealth Rock\n|-terastallize|p1a: Rotom|Steel\n|move|p1a: Rotom|Hydro Pump|p2a: mover\n|-resisted|p2a: mover\n|-damage|p2a: mover|73\/100\n|\n|-weather|none\n|-heal|p1a: Rotom|84\/100|[from] item: Leftovers\n|upkeep\n|turn|9\n|inactive|something482 has 270 seconds left.\n|\n|t:|1700450619\n|move|p2a: mover|Knock Off|p1a: Rotom\n|-damage|p1a: Rotom|64\/100\n|-enditem|p1a: Rotom|Leftovers|[from] move: Knock Off|[of] p2a: mover\n|move|p1a: Rotom|Hydro Pump|p2a: mover\n|-resisted|p2a: mover\n|-damage|p2a: mover|37\/100\n|\n|upkeep\n|turn|10\n|l| abGodc\n|\n|t:|1700450632\n|switch|p2a: Nyoom|Dragapult, M, shiny|100\/100\n|-damage|p2a: Nyoom|88\/100|[from] Stealth Rock\n|move|p1a: Rotom|Will-O-Wisp|p2a: Nyoom\n|-status|p2a: Nyoom|brn\n|\n|-damage|p2a: Nyoom|82\/100 brn|[from] brn\n|upkeep\n|turn|11\n|\n|t:|1700450641\n|move|p1a: Rotom|Protect|p1a: Rotom\n|-singleturn|p1a: Rotom|Protect\n|move|p2a: Nyoom|Thunder Wave|p1a: Rotom\n|-activate|p1a: Rotom|move: Protect\n|\n|-damage|p2a: Nyoom|76\/100 brn|[from] brn\n|upkeep\n|turn|12\n|\n|t:|1700450649\n|move|p2a: Nyoom|Thunder Wave|p1a: Rotom\n|-status|p1a: Rotom|par\n|move|p1a: Rotom|Volt Switch|p2a: Nyoom\n|-resisted|p2a: Nyoom\n|-damage|p2a: Nyoom|59\/100 brn\n|\n|t:|1700450655\n|switch|p1a: Torkoal|Torkoal, M|43\/100|[from] Volt Switch\n|-weather|SunnyDay|[from] ability: Drought|[of] p1a: Torkoal\n|\n|-weather|SunnyDay|[upkeep]\n|-damage|p2a: Nyoom|53\/100 brn|[from] brn\n|upkeep\n|turn|13\n|c| Graviton Forfeit|\"doing all that switching\" - lil stallion tpl season 3\n|inactive|something482 has 270 seconds left.\n|\n|t:|1700450670\n|switch|p1a: Brute Bonnet|Brute Bonnet|100\/100\n|-activate|p1a: Brute Bonnet|ability: Protosynthesis\n|-start|p1a: Brute Bonnet|protosynthesisatk\n|move|p2a: Nyoom|Thunder Wave|p1a: Brute Bonnet|[miss]\n|-miss|p2a: Nyoom|p1a: Brute Bonnet\n|\n|-weather|SunnyDay|[upkeep]\n|-damage|p2a: Nyoom|47\/100 brn|[from] brn\n|upkeep\n|turn|14\n|\n|t:|1700450679\n|move|p2a: Nyoom|U-turn|p1a: Brute Bonnet\n|-supereffective|p1a: Brute Bonnet\n|-damage|p1a: Brute Bonnet|60\/100\n|\n|t:|1700450682\n|switch|p2a: Rawk|Glimmora, M|63\/100 brn|[from] U-turn\n|-damage|p2a: Rawk|51\/100 brn|[from] Stealth Rock\n|move|p1a: Brute Bonnet|Bullet Seed|p2a: Rawk\n|-damage|p2a: Rawk|29\/100 brn\n|-activate|p2a: Rawk|ability: Toxic Debris\n|-sidestart|p1: trillbo|move: Toxic Spikes\n|-damage|p2a: Rawk|8\/100 brn\n|-activate|p2a: Rawk|ability: Toxic Debris\n|-sidestart|p1: trillbo|move: Toxic Spikes\n|-damage|p2a: Rawk|0 fnt\n|faint|p2a: Rawk\n|-hitcount|p2: Rawk|3\n|\n|-weather|SunnyDay|[upkeep]\n|upkeep\n|inactive|something482 has 270 seconds left.\n|\n|t:|1700450698\n|switch|p2a: Lion-O|Chien-Pao|100\/100\n|-damage|p2a: Lion-O|76\/100|[from] Stealth Rock\n|-ability|p2a: Lion-O|Sword of Ruin\n|turn|15\n|\n|t:|1700450718\n|move|p2a: Lion-O|Ice Shard|p1a: Brute Bonnet\n|-supereffective|p1a: Brute Bonnet\n|-damage|p1a: Brute Bonnet|0 fnt\n|faint|p1a: Brute Bonnet\n|-end|p1a: Brute Bonnet|Protosynthesis|[silent]\n|-damage|p2a: Lion-O|66\/100|[from] item: Life Orb\n|\n|-weather|SunnyDay|[upkeep]\n|upkeep\n|\n|t:|1700450733\n|switch|p1a: Walking Wake|Walking Wake|100\/100\n|-status|p1a: Walking Wake|tox\n|-activate|p1a: Walking Wake|ability: Protosynthesis\n|-start|p1a: Walking Wake|protosynthesisspe\n|turn|16\n|inactive|something482 has 270 seconds left.\n|\n|t:|1700450765\n|move|p1a: Walking Wake|Flamethrower|p2a: Lion-O\n|-supereffective|p2a: Lion-O\n|-damage|p2a: Lion-O|0 fnt\n|faint|p2a: Lion-O\n|\n|-weather|SunnyDay|[upkeep]\n|-damage|p1a: Walking Wake|94\/100 tox|[from] psn\n|upkeep\n|\n|t:|1700450773\n|switch|p2a: Nyoom|Dragapult, M, shiny|47\/100 brn\n|-damage|p2a: Nyoom|35\/100 brn|[from] Stealth Rock\n|turn|17\n|\n|t:|1700450778\n|move|p1a: Walking Wake|Flamethrower|p2a: Nyoom\n|-resisted|p2a: Nyoom\n|-damage|p2a: Nyoom|0 fnt\n|faint|p2a: Nyoom\n|\n|-weather|SunnyDay|[upkeep]\n|-damage|p1a: Walking Wake|82\/100 tox|[from] psn\n|upkeep\n|inactive|something482 has 270 seconds left.\n|\n|t:|1700450791\n|switch|p2a: DaveNBusters|Gholdengo|100\/100\n|-damage|p2a: DaveNBusters|94\/100|[from] Stealth Rock\n|turn|18\n|l| ampharosaunt11\n|inactive|something482 has 270 seconds left.\n|c| Graviton Forfeit|\"Mama there goes that man\"\n|\n|t:|1700450796\n|-terastallize|p2a: DaveNBusters|Water\n|move|p1a: Walking Wake|Flamethrower|p2a: DaveNBusters\n|-resisted|p2a: DaveNBusters\n|-damage|p2a: DaveNBusters|60\/100\n|move|p2a: DaveNBusters|Nasty Plot|p2a: DaveNBusters\n|-boost|p2a: DaveNBusters|spa|2\n|\n|-weather|SunnyDay|[upkeep]\n|-heal|p2a: DaveNBusters|66\/100|[from] item: Leftovers\n|-damage|p1a: Walking Wake|64\/100 tox|[from] psn\n|upkeep\n|turn|19\n|j| ampharosaunt11\n|inactive|trillbo has 270 seconds left.\n|\n|t:|1700450832\n|move|p1a: Walking Wake|Flamethrower|p2a: DaveNBusters\n|-resisted|p2a: DaveNBusters\n|-damage|p2a: DaveNBusters|32\/100\n|-status|p2a: DaveNBusters|brn\n|move|p2a: DaveNBusters|Recover|p2a: DaveNBusters\n|-heal|p2a: DaveNBusters|82\/100 brn\n|\n|-weather|none\n|-end|p1a: Walking Wake|Protosynthesis\n|-heal|p2a: DaveNBusters|88\/100 brn|[from] item: Leftovers\n|-damage|p1a: Walking Wake|39\/100 tox|[from] psn\n|-damage|p2a: DaveNBusters|82\/100 brn|[from] brn\n|upkeep\n|turn|20\n|inactive|trillbo has 270 seconds left.\n|\n|t:|1700450842\n|-end|p1a: Walking Wake|Protosynthesis|[silent]\n|switch|p1a: Torkoal|Torkoal, M|43\/100\n|-status|p1a: Torkoal|tox\n|-weather|SunnyDay|[from] ability: Drought|[of] p1a: Torkoal\n|move|p2a: DaveNBusters|Recover|p2a: DaveNBusters\n|-heal|p2a: DaveNBusters|100\/100 brn\n|\n|-weather|SunnyDay|[upkeep]\n|-damage|p1a: Torkoal|37\/100 tox|[from] psn\n|-damage|p2a: DaveNBusters|94\/100 brn|[from] brn\n|upkeep\n|turn|21\n|inactive|trillbo has 270 seconds left.\n|\n|t:|1700450853\n|move|p2a: DaveNBusters|Shadow Ball|p1a: Torkoal\n|-damage|p1a: Torkoal|0 fnt\n|faint|p1a: Torkoal\n|\n|-weather|SunnyDay|[upkeep]\n|-heal|p2a: DaveNBusters|100\/100 brn|[from] item: Leftovers\n|-damage|p2a: DaveNBusters|94\/100 brn|[from] brn\n|upkeep\n|\n|t:|1700450877\n|switch|p1a: Sandy Shocks|Sandy Shocks|100\/100\n|-status|p1a: Sandy Shocks|tox\n|-activate|p1a: Sandy Shocks|ability: Protosynthesis\n|-start|p1a: Sandy Shocks|protosynthesisspa\n|turn|22\n|\n|t:|1700450894\n|move|p1a: Sandy Shocks|Thunderbolt|p2a: DaveNBusters\n|-supereffective|p2a: DaveNBusters\n|-damage|p2a: DaveNBusters|0 fnt\n|faint|p2a: DaveNBusters\n|\n|-weather|SunnyDay|[upkeep]\n|-damage|p1a: Sandy Shocks|94\/100 tox|[from] psn\n|upkeep\n|inactive|something482 has 270 seconds left.\n|\n|t:|1700450904\n|switch|p2a: Pawmot|Pawmot, M|58\/100\n|-damage|p2a: Pawmot|52\/100|[from] Stealth Rock\n|turn|23\n|\n|t:|1700450910\n|move|p2a: Pawmot|Revival Blessing|p2a: Pawmot\n|\n|t:|1700450913\n|-heal|p2: Lion-O|50\/100|[from] move: Revival Blessing\n|move|p1a: Sandy Shocks|Earth Power|p2a: Pawmot\n|-supereffective|p2a: Pawmot\n|-damage|p2a: Pawmot|0 fnt\n|faint|p2a: Pawmot\n|\n|-weather|SunnyDay|[upkeep]\n|-damage|p1a: Sandy Shocks|82\/100 tox|[from] psn\n|upkeep\n|\n|t:|1700450922\n|switch|p2a: mover|Cyclizar, F|70\/100\n|-damage|p2a: mover|57\/100|[from] Stealth Rock\n|turn|24\n|\n|t:|1700450933\n|move|p2a: mover|Shed Tail|p2a: mover\n|-start|p2a: mover|Substitute|[from] move: Shed Tail\n|-damage|p2a: mover|7\/100\n|\n|t:|1700450936\n|switch|p2a: Lion-O|Chien-Pao|50\/100|[from] Shed Tail\n|-damage|p2a: Lion-O|25\/100|[from] Stealth Rock\n|-ability|p2a: Lion-O|Sword of Ruin\n|move|p1a: Sandy Shocks|Volt Switch|p2a: Lion-O\n|-end|p2a: Lion-O|Substitute\n|c|\u2606something482|lol gg\n|c| Graviton Forfeit|too much switchin\n|inactive|trillbo has 270 seconds left.\n|\n|t:|1700450957\n|-end|p1a: Sandy Shocks|Protosynthesis|[silent]\n|switch|p1a: Clefable|Clefable, F|100\/100|[from] Volt Switch\n|-status|p1a: Clefable|tox\n|\n|-weather|SunnyDay|[upkeep]\n|upkeep\n|turn|25\n|c|\u2606something482|yea 100%\n|\n|t:|1700450966\n|move|p1a: Clefable|Protect|p1a: Clefable\n|-singleturn|p1a: Clefable|Protect\n|move|p2a: Lion-O|Swords Dance|p2a: Lion-O\n|-boost|p2a: Lion-O|atk|2\n|\n|-weather|SunnyDay|[upkeep]\n|upkeep\n|turn|26\n|c| Willish6634|not enough switchin -Some mf with 4 regen mons\n|c| Willish6634|i dont mean mack\n|c| Willish6634|its a random dude i met on ladder\n|inactive|something482 has 270 seconds left.\n|\n|t:|1700450996\n|move|p2a: Lion-O|Crunch|p1a: Clefable\n|-resisted|p1a: Clefable\n|-crit|p1a: Clefable\n|-damage|p1a: Clefable|0 fnt\n|faint|p1a: Clefable\n|-damage|p2a: Lion-O|15\/100|[from] item: Life Orb\n|\n|-weather|SunnyDay|[upkeep]\n|upkeep\n|c| Graviton Forfeit|regen this\n|c| ampharosaunt11|\"Protecting for no reason\" - Marge\n|c| Judgieiscool|lmao\n|inactive|trillbo has 270 seconds left.\n|\n|t:|1700451022\n|switch|p1a: Rotom|Rotom-Wash, tera:Steel|64\/100 par\n|turn|27\n|inactive|trillbo has 270 seconds left.\n|\n|t:|1700451030\n|move|p2a: Lion-O|Crunch|p1a: Rotom\n|-crit|p1a: Rotom\n|-damage|p1a: Rotom|0 fnt\n|faint|p1a: Rotom\n|-damage|p2a: Lion-O|5\/100|[from] item: Life Orb\n|\n|-weather|none\n|upkeep\n|c| Graviton Forfeit|\"Driving lessons going great\" - Rupert Scousington\n|inactive|trillbo has 270 seconds left.\n|\n|t:|1700451036\n|switch|p1a: Sandy Shocks|Sandy Shocks|82\/100 tox\n|turn|28\n|\n|t:|1700451041\n|move|p2a: Lion-O|Ice Shard|p1a: Sandy Shocks\n|-supereffective|p1a: Sandy Shocks\n|-damage|p1a: Sandy Shocks|0 fnt\n|faint|p1a: Sandy Shocks\n|-end|p1a: Sandy Shocks|Protosynthesis|[silent]\n|-damage|p2a: Lion-O|0 fnt|[from] item: Life Orb\n|faint|p2a: Lion-O\n|\n|upkeep\n|\n|t:|1700451049\n|switch|p2a: mover|Cyclizar, F|40\/100\n|switch|p1a: Walking Wake|Walking Wake|39\/100 tox\n|-damage|p2a: mover|28\/100|[from] Stealth Rock\n|turn|29\n|\n|t:|1700451061\n|move|p2a: mover|Dragon Claw|p1a: Walking Wake\n|-supereffective|p1a: Walking Wake\n|-damage|p1a: Walking Wake|0 fnt\n|faint|p1a: Walking Wake\n|-end|p1a: Walking Wake|Protosynthesis|[silent]\n|\n|win|something482\n|c|\u2606something482|GG\n|c| Graviton Forfeit|OMG\n|c|\u2606trillbo|gg\n|l| Lillyrosethedemon\n|c| Graviton Forfeit|no way\n|l| Judgieiscool\n|l| Willish6634\n|l| ampharosaunt11\n|c|\u2606something482|IM JUST AS SHOCKED\n|l| Redneck Heaven\n|l|\u2606trillbo\n|l| Graviton Forfeit\n","uploadtime":1700451073,"views":25,"p1id":"trillbo","p2id":"something482","formatid":"gen9ubers","rating":0,"private":0,"password":""}