{"id":"gen9ubers-1977850849","p1":"warewolflmka","p2":"Blake-Mamba","format":"[Gen 9] Ubers","log":"|j|\u2606warewolflmka\n|j|\u2606Blake-Mamba\n|t:|1698457375\n|gametype|singles\n|player|p1|warewolflmka|hiker-gen4|1063\n|player|p2|Blake-Mamba|juan|1291\n|teamsize|p1|6\n|teamsize|p2|6\n|gen|9\n|tier|[Gen 9] Ubers\n|rated|\n|rule|Sleep Clause Mod: Limit one foe put to sleep\n|rule|Species Clause: Limit one of each Pok\u00e9mon\n|rule|OHKO Clause: OHKO moves are banned\n|rule|Evasion Items Clause: Evasion items are banned\n|rule|Evasion Moves Clause: Evasion moves are banned\n|rule|Endless Battle Clause: Forcing endless battles is banned\n|rule|HP Percentage Mod: HP is shown in percentages\n|clearpoke\n|poke|p1|Koraidon|\n|poke|p1|Flutter Mane|\n|poke|p1|Great Tusk|\n|poke|p1|Groudon|\n|poke|p1|Walking Wake|\n|poke|p1|Magearna|\n|poke|p2|Ogerpon-Hearthflame, F|\n|poke|p2|Vikavolt, F|\n|poke|p2|Kommo-o, F|\n|poke|p2|Ursaluna-Bloodmoon, M|\n|poke|p2|Yanmega, F|\n|poke|p2|Chandelure, M|\n|teampreview\n|inactive|Battle timer is ON: inactive players will automatically lose when time's up. (requested by warewolflmka)\n|\n|t:|1698457386\n|start\n|switch|p1a: Koraidon|Koraidon|100\/100\n|switch|p2a: Vikavolt|Vikavolt, F|100\/100\n|-weather|SunnyDay|[from] ability: Orichalcum Pulse|[of] p1a: Koraidon\n|-activate|p1a: Koraidon|Orichalcum Pulse|[source]\n|turn|1\n|\n|t:|1698457396\n|move|p1a: Koraidon|Flame Charge|p2a: Vikavolt\n|-supereffective|p2a: Vikavolt\n|-damage|p2a: Vikavolt|32\/100\n|-boost|p1a: Koraidon|spe|1\n|move|p2a: Vikavolt|Sticky Web|p1a: Koraidon\n|-sidestart|p1: warewolflmka|move: Sticky Web\n|\n|-weather|SunnyDay|[upkeep]\n|upkeep\n|turn|2\n|\n|t:|1698457405\n|move|p1a: Koraidon|Flame Charge|p2a: Vikavolt\n|-supereffective|p2a: Vikavolt\n|-damage|p2a: Vikavolt|0 fnt\n|-boost|p1a: Koraidon|spe|1\n|faint|p2a: Vikavolt\n|\n|-weather|SunnyDay|[upkeep]\n|upkeep\n|\n|t:|1698457422\n|switch|p2a: Kommo-o|Kommo-o, F|100\/100\n|turn|3\n|\n|t:|1698457427\n|-terastallize|p2a: Kommo-o|Steel\n|move|p1a: Koraidon|Dragon Claw|p2a: Kommo-o\n|-resisted|p2a: Kommo-o\n|-damage|p2a: Kommo-o|78\/100\n|move|p2a: Kommo-o|Outrage|p1a: Koraidon\n|-supereffective|p1a: Koraidon\n|-damage|p1a: Koraidon|0 fnt\n|faint|p1a: Koraidon\n|\n|-weather|SunnyDay|[upkeep]\n|-heal|p2a: Kommo-o|85\/100|[from] item: Leftovers\n|upkeep\n|\n|t:|1698457437\n|switch|p1a: Magearna|Magearna|100\/100\n|-activate|p1a: Magearna|move: Sticky Web\n|-unboost|p1a: Magearna|spe|1\n|turn|4\n|\n|t:|1698457453\n|move|p2a: Kommo-o|Outrage|p1a: Magearna|[from]lockedmove\n|-immune|p1a: Magearna\n|-start|p2a: Kommo-o|confusion|[fatigue]\n|move|p1a: Magearna|Shift Gear|p1a: Magearna\n|-boost|p1a: Magearna|spe|2\n|-boost|p1a: Magearna|atk|1\n|\n|-weather|SunnyDay|[upkeep]\n|-heal|p2a: Kommo-o|91\/100|[from] item: Leftovers\n|upkeep\n|turn|5\n|\n|t:|1698457464\n|switch|p2a: Chandelure|Chandelure, M|100\/100\n|move|p1a: Magearna|Calm Mind|p1a: Magearna\n|-boost|p1a: Magearna|spa|1\n|-boost|p1a: Magearna|spd|1\n|\n|-weather|SunnyDay|[upkeep]\n|upkeep\n|turn|6\n|\n|t:|1698457472\n|move|p2a: Chandelure|Overheat|p1a: Magearna\n|-supereffective|p1a: Magearna\n|-damage|p1a: Magearna|0 fnt\n|-unboost|p2a: Chandelure|spa|2\n|faint|p1a: Magearna\n|\n|-weather|SunnyDay|[upkeep]\n|upkeep\n|\n|t:|1698457479\n|switch|p1a: Flutter Mane|Flutter Mane|100\/100\n|-activate|p1a: Flutter Mane|move: Sticky Web\n|-unboost|p1a: Flutter Mane|spe|1\n|-activate|p1a: Flutter Mane|ability: Protosynthesis\n|-start|p1a: Flutter Mane|protosynthesisspa\n|turn|7\n|\n|t:|1698457486\n|switch|p2a: Ursaluna|Ursaluna-Bloodmoon, M|100\/100\n|move|p1a: Flutter Mane|Shadow Ball|p2a: Ursaluna\n|-immune|p2a: Ursaluna\n|\n|-weather|SunnyDay|[upkeep]\n|upkeep\n|turn|8\n|-message|warewolflmka forfeited.\n|\n|win|Blake-Mamba\n|raw|warewolflmka's rating: 1063 &rarr; <strong>1055<\/strong><br \/>(-8 for losing)\n|raw|Blake-Mamba's rating: 1291 &rarr; <strong>1302<\/strong><br \/>(+11 for winning)\n|l|\u2606warewolflmka\n","uploadtime":1698457500,"views":8,"p1id":"warewolflmka","p2id":"blakemamba","formatid":"gen9ubers","rating":1055,"private":0,"password":""}