{"id":"gen9ubers-1970826732","p1":"ZachMcD","p2":"Scottowo","format":"[Gen 9] Ubers","log":"|j|\u2606ZachMcD\n|j|\u2606Scottowo\n|t:|1697671127\n|gametype|singles\n|player|p1|ZachMcD|giovanni|\n|player|p2|Scottowo|elesa-gen5bw2|\n|teamsize|p1|6\n|teamsize|p2|6\n|gen|9\n|tier|[Gen 9] Ubers\n|rule|Sleep Clause Mod: Limit one foe put to sleep\n|rule|Species Clause: Limit one of each Pok\u00e9mon\n|rule|OHKO Clause: OHKO moves are banned\n|rule|Evasion Items Clause: Evasion items are banned\n|rule|Evasion Moves Clause: Evasion moves are banned\n|rule|Endless Battle Clause: Forcing endless battles is banned\n|rule|HP Percentage Mod: HP is shown in percentages\n|clearpoke\n|poke|p1|Enamorus, F|\n|poke|p1|Ogerpon-Hearthflame, F|\n|poke|p1|Gholdengo|\n|poke|p1|Slowbro, M|\n|poke|p1|Krookodile, M|\n|poke|p1|Hariyama, M|\n|poke|p2|Weavile, M|\n|poke|p2|Qwilfish-Hisui, M|\n|poke|p2|Mandibuzz, F|\n|poke|p2|Appletun, M|\n|poke|p2|Quaquaval, M|\n|poke|p2|Iron Treads|\n|teampreview\n|j| Digdude\n|j| KaoVT\n|c| KaoVT|DIGDUDE??\n|c|\u2606ZachMcD|glhf bud :)\n|c|\u2606Scottowo|u2 mang\n|c| Digdude|me!\n|c| Digdude|zach iss bad like harry!!\n|c|\u2606ZachMcD|D:\n|\n|t:|1697671272\n|start\n|switch|p1a: Snakebit|Enamorus, F|100\/100\n|switch|p2a: Jolyne|Mandibuzz, F|100\/100\n|turn|1\n|\n|t:|1697671341\n|move|p1a: Snakebit|Moonblast|p2a: Jolyne\n|-supereffective|p2a: Jolyne\n|-damage|p2a: Jolyne|44\/100\n|move|p2a: Jolyne|U-turn|p1a: Snakebit\n|-resisted|p1a: Snakebit\n|-damage|p1a: Snakebit|96\/100\n|\n|t:|1697671360\n|switch|p2a: Joseph|Iron Treads|100\/100|[from] U-turn\n|\n|upkeep\n|turn|2\n|j| Oliverpup\n|l| Oliverpup\n|j| Oliverpup\n|\n|t:|1697671414\n|switch|p1a: Shlackin'|Slowbro, M|100\/100\n|move|p2a: Joseph|Heavy Slam|p1a: Shlackin'\n|-resisted|p1a: Shlackin'\n|-damage|p1a: Shlackin'|91\/100\n|\n|upkeep\n|turn|3\n|j| Normohh\n|\n|t:|1697671482\n|-end|p2a: Joseph|Quark Drive|[silent]\n|switch|p2a: Jolyne|Mandibuzz, F|44\/100\n|move|p1a: Shlackin'|Scald|p2a: Jolyne\n|-damage|p2a: Jolyne|27\/100\n|\n|upkeep\n|turn|4\n|\n|t:|1697671497\n|move|p2a: Jolyne|Roost|p2a: Jolyne\n|-heal|p2a: Jolyne|77\/100\n|-singleturn|p2a: Jolyne|move: Roost\n|move|p1a: Shlackin'|Thunder Wave|p2a: Jolyne\n|-status|p2a: Jolyne|par\n|\n|upkeep\n|turn|5\n|\n|t:|1697671552\n|move|p2a: Jolyne|U-turn|p1a: Shlackin'\n|-supereffective|p1a: Shlackin'\n|-damage|p1a: Shlackin'|79\/100\n|\n|t:|1697671555\n|switch|p2a: Jonathan|Weavile, M|100\/100|[from] U-turn\n|move|p1a: Shlackin'|Scald|p2a: Jonathan\n|-damage|p2a: Jonathan|62\/100\n|-status|p2a: Jonathan|brn\n|-enditem|p2a: Jonathan|Lum Berry|[eat]\n|-curestatus|p2a: Jonathan|brn|[msg]\n|\n|upkeep\n|turn|6\n|\n|t:|1697671615\n|switch|p2a: Jolyne|Mandibuzz, F|77\/100 par\n|move|p1a: Shlackin'|Body Press|p2a: Jolyne\n|-damage|p2a: Jolyne|55\/100 par\n|\n|upkeep\n|turn|7\n|\n|t:|1697671632\n|move|p2a: Jolyne|Roost|p2a: Jolyne\n|-heal|p2a: Jolyne|100\/100 par\n|-singleturn|p2a: Jolyne|move: Roost\n|move|p1a: Shlackin'|Slack Off|p1a: Shlackin'\n|-heal|p1a: Shlackin'|100\/100\n|\n|upkeep\n|turn|8\n|j| justinrockin\n|\n|t:|1697671677\n|switch|p1a: Surfin' USA|Gholdengo|100\/100\n|move|p2a: Jolyne|Toxic|p1a: Surfin' USA\n|-immune|p1a: Surfin' USA|[from] ability: Good as Gold\n|\n|upkeep\n|turn|9\n|\n|t:|1697671746\n|move|p1a: Surfin' USA|Make It Rain|p2a: Jolyne\n|-damage|p2a: Jolyne|60\/100 par\n|-unboost|p1a: Surfin' USA|spa|1\n|move|p2a: Jolyne|U-turn|p1a: Surfin' USA\n|-resisted|p1a: Surfin' USA\n|-damage|p1a: Surfin' USA|98\/100\n|\n|t:|1697671765\n|switch|p2a: Joseph|Iron Treads|100\/100|[from] U-turn\n|\n|upkeep\n|turn|10\n|\n|t:|1697671830\n|switch|p1a: Shlackin'|Slowbro, M|100\/100\n|move|p2a: Joseph|Earthquake|p1a: Shlackin'\n|-damage|p1a: Shlackin'|78\/100\n|\n|upkeep\n|turn|11\n|\n|t:|1697671888\n|-end|p2a: Joseph|Quark Drive|[silent]\n|switch|p2a: Jolyne|Mandibuzz, F|60\/100 par\n|switch|p1a: Snakebit|Enamorus, F|96\/100\n|\n|upkeep\n|turn|12\n|\n|t:|1697671906\n|switch|p2a: Joseph|Iron Treads|100\/100\n|move|p1a: Snakebit|Moonblast|p2a: Joseph\n|-resisted|p2a: Joseph\n|-damage|p2a: Joseph|86\/100\n|\n|upkeep\n|turn|13\n|\n|t:|1697671965\n|switch|p1a: Shlackin'|Slowbro, M|78\/100\n|-end|p2a: Joseph|Quark Drive|[silent]\n|switch|p2a: Jolyne|Mandibuzz, F|60\/100 par\n|\n|upkeep\n|turn|14\n|\n|t:|1697671977\n|move|p2a: Jolyne|Roost|p2a: Jolyne\n|-heal|p2a: Jolyne|100\/100 par\n|-singleturn|p2a: Jolyne|move: Roost\n|move|p1a: Shlackin'|Scald|p2a: Jolyne\n|-damage|p2a: Jolyne|84\/100 par\n|\n|upkeep\n|turn|15\n|\n|t:|1697671989\n|switch|p1a: Surfin' USA|Gholdengo|98\/100\n|move|p2a: Jolyne|Toxic|p1a: Surfin' USA\n|-immune|p1a: Surfin' USA|[from] ability: Good as Gold\n|\n|upkeep\n|turn|16\n|\n|t:|1697671999\n|move|p1a: Surfin' USA|Nasty Plot|p1a: Surfin' USA\n|-boost|p1a: Surfin' USA|spa|2\n|move|p2a: Jolyne|Roost|p2a: Jolyne\n|-heal|p2a: Jolyne|100\/100 par\n|-singleturn|p2a: Jolyne|move: Roost\n|\n|upkeep\n|turn|17\n|\n|t:|1697672013\n|move|p1a: Surfin' USA|Make It Rain|p2a: Jolyne\n|-damage|p2a: Jolyne|17\/100 par\n|-unboost|p1a: Surfin' USA|spa|1\n|move|p2a: Jolyne|U-turn|p1a: Surfin' USA\n|-resisted|p1a: Surfin' USA\n|-damage|p1a: Surfin' USA|95\/100\n|\n|t:|1697672020\n|switch|p2a: Joseph|Iron Treads|86\/100|[from] U-turn\n|\n|upkeep\n|turn|18\n|\n|t:|1697672027\n|switch|p1a: Shlackin'|Slowbro, M|78\/100\n|move|p2a: Joseph|Earthquake|p1a: Shlackin'\n|-damage|p1a: Shlackin'|57\/100\n|\n|upkeep\n|turn|19\n|l| Digdude\n|j| Digdude\n|c| Oliverpup|And there dig goes\n|c| Oliverpup|And back\n|c| Digdude|Ollie!\n|c| Oliverpup|Tis I\n|\n|t:|1697672142\n|-end|p2a: Joseph|Quark Drive|[silent]\n|switch|p2a: Josuke|Appletun, M|100\/100\n|move|p1a: Shlackin'|Scald|p2a: Josuke\n|-resisted|p2a: Josuke\n|-damage|p2a: Josuke|94\/100\n|-status|p2a: Josuke|brn\n|\n|-heal|p2a: Josuke|99\/100 brn|[from] item: Leftovers\n|-damage|p2a: Josuke|94\/100 brn|[from] brn\n|upkeep\n|turn|20\n|c| Oliverpup|dig is legally the only one allowed to still call me Ollie\n|j| hatev2\n|c| hatev2|hey dig\n|c| Digdude|hello friends big battle time\n|\n|t:|1697672185\n|switch|p1a: Surfin' USA|Gholdengo|95\/100\n|move|p2a: Josuke|Apple Acid|p1a: Surfin' USA\n|-resisted|p1a: Surfin' USA\n|-damage|p1a: Surfin' USA|80\/100\n|-unboost|p1a: Surfin' USA|spd|1\n|\n|-heal|p2a: Josuke|99\/100 brn|[from] item: Leftovers\n|-damage|p2a: Josuke|94\/100 brn|[from] brn\n|upkeep\n|turn|21\n|\n|t:|1697672194\n|move|p1a: Surfin' USA|Shadow Ball|p2a: Josuke\n|-crit|p2a: Josuke\n|-damage|p2a: Josuke|28\/100 brn\n|move|p2a: Josuke|Dragon Tail|p1a: Surfin' USA\n|-resisted|p1a: Surfin' USA\n|-damage|p1a: Surfin' USA|76\/100\n|drag|p1a: Kero|Krookodile, M|100\/100\n|-ability|p1a: Kero|Intimidate|boost\n|-unboost|p2a: Josuke|atk|1\n|\n|-heal|p2a: Josuke|34\/100 brn|[from] item: Leftovers\n|-damage|p2a: Josuke|28\/100 brn|[from] brn\n|upkeep\n|turn|22\n|\n|t:|1697672208\n|move|p2a: Josuke|Protect|p2a: Josuke\n|-singleturn|p2a: Josuke|Protect\n|move|p1a: Kero|Knock Off|p2a: Josuke\n|-activate|p2a: Josuke|move: Protect\n|\n|-heal|p2a: Josuke|34\/100 brn|[from] item: Leftovers\n|-damage|p2a: Josuke|28\/100 brn|[from] brn\n|upkeep\n|turn|23\n|\n|t:|1697672291\n|switch|p1a: Surfin' USA|Gholdengo|76\/100\n|switch|p2a: Jolyne|Mandibuzz, F|17\/100 par\n|\n|upkeep\n|turn|24\n|\n|t:|1697672302\n|move|p1a: Surfin' USA|Thunderbolt|p2a: Jolyne\n|-supereffective|p2a: Jolyne\n|-damage|p2a: Jolyne|0 fnt\n|faint|p2a: Jolyne\n|\n|upkeep\n|\n|t:|1697672314\n|switch|p2a: Joseph|Iron Treads|86\/100\n|turn|25\n|\n|t:|1697672378\n|switch|p1a: BALD!|Hariyama, M|100\/100\n|move|p2a: Joseph|Earthquake|p1a: BALD!\n|-damage|p1a: BALD!|63\/100\n|\n|upkeep\n|turn|26\n|j| Kahooter\n|\n|t:|1697672450\n|-end|p2a: Joseph|Quark Drive|[silent]\n|switch|p2a: Giorno|Quaquaval, M|100\/100\n|move|p1a: BALD!|Drain Punch|p2a: Giorno\n|-damage|p2a: Giorno|50\/100\n|-heal|p1a: BALD!|79\/100|[from] drain|[of] p2a: Giorno\n|\n|upkeep\n|turn|27\n|c| Kahooter|Hey Zach you should win cause im eating McDonalds\n|c|\u2606ZachMcD|Ratio.\n|\n|t:|1697672465\n|move|p2a: Giorno|Brave Bird|p1a: BALD!\n|-supereffective|p1a: BALD!\n|-damage|p1a: BALD!|0 fnt\n|faint|p1a: BALD!\n|-ability|p2a: Giorno|Moxie|boost\n|-boost|p2a: Giorno|atk|1\n|-damage|p2a: Giorno|9\/100|[from] Recoil\n|\n|upkeep\n|c| Kahooter|ok lose then\n|\n|t:|1697672473\n|switch|p1a: Snakebit|Enamorus, F|96\/100\n|turn|28\n|\n|t:|1697672516\n|move|p1a: Snakebit|Earth Power|p2a: Giorno\n|-damage|p2a: Giorno|0 fnt\n|faint|p2a: Giorno\n|\n|upkeep\n|\n|t:|1697672547\n|switch|p2a: Jonathan|Weavile, M|62\/100\n|turn|29\n|\n|t:|1697672577\n|switch|p1a: Surfin' USA|Gholdengo|76\/100\n|move|p2a: Jonathan|Swords Dance|p2a: Jonathan\n|-boost|p2a: Jonathan|atk|2\n|\n|upkeep\n|turn|30\n|\n|t:|1697672597\n|move|p2a: Jonathan|Knock Off|p1a: Surfin' USA\n|-supereffective|p1a: Surfin' USA\n|-damage|p1a: Surfin' USA|0 fnt\n|-enditem|p1a: Surfin' USA|Kasib Berry|[from] move: Knock Off|[of] p2a: Jonathan\n|faint|p1a: Surfin' USA\n|\n|upkeep\n|\n|t:|1697672599\n|switch|p1a: Kero|Krookodile, M|100\/100\n|-ability|p1a: Kero|Intimidate|boost\n|-unboost|p2a: Jonathan|atk|1\n|turn|31\n|j| The ShaqtusLOL\n|\n|t:|1697672657\n|switch|p2a: Jotaro|Qwilfish-Hisui, M, shiny|100\/100\n|-ability|p2a: Jotaro|Intimidate|boost\n|-unboost|p1a: Kero|atk|1\n|move|p1a: Kero|Earthquake|p2a: Jotaro\n|-supereffective|p2a: Jotaro\n|-damage|p2a: Jotaro|50\/100\n|\n|upkeep\n|turn|32\n|l| KaoVT\n|\n|t:|1697672779\n|move|p1a: Kero|Earthquake|p2a: Jotaro\n|-supereffective|p2a: Jotaro\n|-damage|p2a: Jotaro|0 fnt\n|faint|p2a: Jotaro\n|\n|upkeep\n|\n|t:|1697672782\n|switch|p2a: Josuke|Appletun, M|28\/100 brn\n|turn|33\n|l| Oliverpup\n|\n|t:|1697672785\n|switch|p1a: Angy|Ogerpon-Hearthflame, F|100\/100\n|-ability|p1a: Angy|Mold Breaker\n|move|p2a: Josuke|Recover|p2a: Josuke\n|-heal|p2a: Josuke|78\/100 brn\n|\n|-heal|p2a: Josuke|84\/100 brn|[from] item: Leftovers\n|-damage|p2a: Josuke|78\/100 brn|[from] brn\n|upkeep\n|turn|34\n|j| Oliverpup\n|\n|t:|1697672809\n|move|p1a: Angy|Knock Off|p2a: Josuke\n|-crit|p2a: Josuke\n|-damage|p2a: Josuke|38\/100 brn\n|-enditem|p2a: Josuke|Leftovers|[from] move: Knock Off|[of] p1a: Angy\n|move|p2a: Josuke|Dragon Tail|p1a: Angy\n|-damage|p1a: Angy|89\/100\n|drag|p1a: Snakebit|Enamorus, F|96\/100\n|\n|-damage|p2a: Josuke|32\/100 brn|[from] brn\n|upkeep\n|turn|35\n|\n|t:|1697672836\n|switch|p1a: Shlackin'|Slowbro, M|57\/100\n|move|p2a: Josuke|Protect||[still]\n|-fail|p2a: Josuke\n|\n|-damage|p2a: Josuke|25\/100 brn|[from] brn\n|upkeep\n|turn|36\n|c|\u2606Scottowo|such a hard match up man :(\n|c|\u2606ZachMcD|I wish I had regen on bro but I forgor LOL\n|c|\u2606Scottowo|LOL\n|\n|t:|1697672857\n|move|p1a: Shlackin'|Slack Off|p1a: Shlackin'\n|-heal|p1a: Shlackin'|100\/100\n|move|p2a: Josuke|Recover|p2a: Josuke\n|-heal|p2a: Josuke|75\/100 brn\n|\n|-damage|p2a: Josuke|69\/100 brn|[from] brn\n|upkeep\n|turn|37\n|c|\u2606Scottowo|i noticed...\n|c| hatev2|i have been lost the whole time why you didnt bring regen LOL\n|c| hatev2|theory crafting and shit\n|c|\u2606ZachMcD|I just messed up and thought it'd just have it right away\n|c|\u2606Scottowo|also double crit doesnt help >:(\n|\n|t:|1697672890\n|switch|p1a: Snakebit|Enamorus, F|96\/100\n|move|p2a: Josuke|Recover|p2a: Josuke\n|-heal|p2a: Josuke|100\/100 brn\n|\n|-damage|p2a: Josuke|94\/100 brn|[from] brn\n|upkeep\n|turn|38\n|\n|t:|1697672895\n|move|p2a: Josuke|Protect|p2a: Josuke\n|-singleturn|p2a: Josuke|Protect\n|move|p1a: Snakebit|Moonblast|p2a: Josuke\n|-activate|p2a: Josuke|move: Protect\n|\n|-damage|p2a: Josuke|88\/100 brn|[from] brn\n|upkeep\n|turn|39\n|\n|t:|1697672899\n|switch|p1a: Shlackin'|Slowbro, M|100\/100\n|switch|p2a: Joseph|Iron Treads|86\/100\n|\n|upkeep\n|turn|40\n|\n|t:|1697672905\n|-end|p2a: Joseph|Quark Drive|[silent]\n|switch|p2a: Josuke|Appletun, M|88\/100 brn\n|move|p1a: Shlackin'|Thunder Wave||[still]\n|-fail|p1a: Shlackin'\n|\n|-damage|p2a: Josuke|82\/100 brn|[from] brn\n|upkeep\n|turn|41\n|\n|t:|1697672911\n|move|p1a: Shlackin'|Scald|p2a: Josuke\n|-resisted|p2a: Josuke\n|-damage|p2a: Josuke|76\/100 brn\n|move|p2a: Josuke|Apple Acid|p1a: Shlackin'\n|-supereffective|p1a: Shlackin'\n|-damage|p1a: Shlackin'|41\/100\n|-unboost|p1a: Shlackin'|spd|1\n|\n|-damage|p2a: Josuke|70\/100 brn|[from] brn\n|upkeep\n|turn|42\n|\n|t:|1697672935\n|switch|p1a: Angy|Ogerpon-Hearthflame, F|89\/100\n|-ability|p1a: Angy|Mold Breaker\n|move|p2a: Josuke|Recover|p2a: Josuke\n|-heal|p2a: Josuke|100\/100 brn\n|\n|-damage|p2a: Josuke|94\/100 brn|[from] brn\n|upkeep\n|turn|43\n|j| LOLWhale\n|\n|t:|1697672945\n|move|p1a: Angy|Horn Leech|p2a: Josuke\n|-resisted|p2a: Josuke\n|-damage|p2a: Josuke|87\/100 brn\n|-heal|p1a: Angy|94\/100|[from] drain|[of] p2a: Josuke\n|move|p2a: Josuke|Dragon Tail|p1a: Angy\n|-damage|p1a: Angy|83\/100\n|drag|p1a: Shlackin'|Slowbro, M|41\/100\n|\n|-damage|p2a: Josuke|80\/100 brn|[from] brn\n|upkeep\n|turn|44\n|\n|t:|1697672954\n|switch|p1a: Snakebit|Enamorus, F|96\/100\n|move|p2a: Josuke|Apple Acid|p1a: Snakebit\n|-resisted|p1a: Snakebit\n|-damage|p1a: Snakebit|78\/100\n|-boost|p1a: Snakebit|spd|1\n|\n|-damage|p2a: Josuke|74\/100 brn|[from] brn\n|upkeep\n|turn|45\n|\n|t:|1697672962\n|move|p2a: Josuke|Protect|p2a: Josuke\n|-singleturn|p2a: Josuke|Protect\n|move|p1a: Snakebit|Earth Power|p2a: Josuke\n|-activate|p2a: Josuke|move: Protect\n|\n|-damage|p2a: Josuke|68\/100 brn|[from] brn\n|upkeep\n|turn|46\n|\n|t:|1697672984\n|switch|p1a: Angy|Ogerpon-Hearthflame, F|83\/100\n|-ability|p1a: Angy|Mold Breaker\n|move|p2a: Josuke|Recover|p2a: Josuke\n|-heal|p2a: Josuke|100\/100 brn\n|\n|-damage|p2a: Josuke|94\/100 brn|[from] brn\n|upkeep\n|turn|47\n|\n|t:|1697672990\n|move|p1a: Angy|Horn Leech|p2a: Josuke\n|-resisted|p2a: Josuke\n|-damage|p2a: Josuke|86\/100 brn\n|-heal|p1a: Angy|89\/100|[from] drain|[of] p2a: Josuke\n|move|p2a: Josuke|Dragon Tail|p1a: Angy\n|-damage|p1a: Angy|78\/100\n|drag|p1a: Snakebit|Enamorus, F|78\/100\n|\n|-damage|p2a: Josuke|80\/100 brn|[from] brn\n|upkeep\n|turn|48\n|\n|t:|1697672997\n|switch|p1a: Kero|Krookodile, M|100\/100\n|-ability|p1a: Kero|Intimidate|boost\n|-unboost|p2a: Josuke|atk|1\n|move|p2a: Josuke|Protect||[still]\n|-fail|p2a: Josuke\n|\n|-damage|p2a: Josuke|74\/100 brn|[from] brn\n|upkeep\n|turn|49\n|c| LOLWhale|Fuck you digdude\n|c| hatev2|WOAH\n|c| hatev2|whatd he do\n|c| Normohh|no no\n|c| Digdude|Harry you are bad and should feel bad\n|c| Normohh|let him cook\n|c| LOLWhale|He is just a cunt\n|\n|t:|1697673028\n|move|p2a: Josuke|Protect|p2a: Josuke\n|-singleturn|p2a: Josuke|Protect\n|move|p1a: Kero|Taunt|p2a: Josuke\n|-activate|p2a: Josuke|move: Protect\n|\n|-damage|p2a: Josuke|68\/100 brn|[from] brn\n|upkeep\n|turn|50\n|c| hatev2|actually you know what fuck digdude\n|c| LOLWhale|And an American cunt at that\n|c| hatev2|REAL\n|\n|t:|1697673039\n|move|p1a: Kero|Taunt|p2a: Josuke\n|-start|p2a: Josuke|move: Taunt\n|move|p2a: Josuke|Apple Acid|p1a: Kero\n|-supereffective|p1a: Kero\n|-damage|p1a: Kero|24\/100\n|-unboost|p1a: Kero|spd|1\n|\n|-damage|p2a: Josuke|62\/100 brn|[from] brn\n|upkeep\n|turn|51\n|c| hatev2|fuckin americans\n|c| Digdude|people turning on me all of a sudden\n|c| hatev2|i will devour your ass\n|\n|t:|1697673058\n|switch|p1a: Snakebit|Enamorus, F|78\/100\n|switch|p2a: Joseph|Iron Treads|86\/100\n|\n|upkeep\n|turn|52\n|\n|t:|1697673068\n|switch|p1a: Angy|Ogerpon-Hearthflame, F|78\/100\n|-ability|p1a: Angy|Mold Breaker\n|move|p2a: Joseph|Heavy Slam|p1a: Angy\n|-resisted|p1a: Angy\n|-crit|p1a: Angy\n|-damage|p1a: Angy|33\/100\n|\n|upkeep\n|turn|53\n|\n|t:|1697673080\n|-end|p2a: Joseph|Quark Drive|[silent]\n|switch|p2a: Josuke|Appletun, M|62\/100 brn\n|move|p1a: Angy|Horn Leech|p2a: Josuke\n|-resisted|p2a: Josuke\n|-damage|p2a: Josuke|54\/100 brn\n|-heal|p1a: Angy|38\/100|[from] drain|[of] p2a: Josuke\n|\n|-damage|p2a: Josuke|48\/100 brn|[from] brn\n|upkeep\n|turn|54\n|\n|t:|1697673089\n|move|p1a: Angy|Ivy Cudgel|p2a: Josuke\n|-damage|p2a: Josuke|7\/100 brn\n|move|p2a: Josuke|Recover|p2a: Josuke\n|-heal|p2a: Josuke|57\/100 brn\n|\n|-damage|p2a: Josuke|51\/100 brn|[from] brn\n|upkeep\n|turn|55\n|\n|t:|1697673095\n|move|p1a: Angy|Ivy Cudgel|p2a: Josuke\n|-damage|p2a: Josuke|8\/100 brn\n|move|p2a: Josuke|Recover|p2a: Josuke\n|-heal|p2a: Josuke|58\/100 brn\n|\n|-damage|p2a: Josuke|52\/100 brn|[from] brn\n|upkeep\n|turn|56\n|\n|t:|1697673145\n|move|p1a: Angy|Ivy Cudgel|p2a: Josuke\n|-damage|p2a: Josuke|13\/100 brn\n|move|p2a: Josuke|Dragon Tail|p1a: Angy\n|-damage|p1a: Angy|27\/100\n|drag|p1a: Shlackin'|Slowbro, M|41\/100\n|\n|-damage|p2a: Josuke|7\/100 brn|[from] brn\n|upkeep\n|turn|57\n|\n|t:|1697673168\n|move|p1a: Shlackin'|Slack Off|p1a: Shlackin'\n|-heal|p1a: Shlackin'|91\/100\n|move|p2a: Josuke|Apple Acid|p1a: Shlackin'\n|-supereffective|p1a: Shlackin'\n|-damage|p1a: Shlackin'|32\/100\n|-unboost|p1a: Shlackin'|spd|1\n|\n|-damage|p2a: Josuke|0 fnt|[from] brn\n|faint|p2a: Josuke\n|upkeep\n|l| LOLWhale\n|\n|t:|1697673239\n|switch|p2a: Jonathan|Weavile, M|62\/100\n|turn|58\n|\n|t:|1697673244\n|move|p2a: Jonathan|Knock Off|p1a: Shlackin'\n|-supereffective|p1a: Shlackin'\n|-enditem|p1a: Shlackin'|Colbur Berry|[eat]\n|-enditem|p1a: Shlackin'|Colbur Berry|[weaken]\n|-damage|p1a: Shlackin'|4\/100\n|move|p1a: Shlackin'|Slack Off|p1a: Shlackin'\n|-heal|p1a: Shlackin'|54\/100\n|\n|upkeep\n|turn|59\n|c|\u2606Scottowo|fuckin colbur bro\n|c|\u2606Scottowo|i hate slowbro\n|c|\u2606ZachMcD|lmao\n|c|\u2606Scottowo|if you werent colbur i won right there\n|c|\u2606Scottowo|:\/\n|c|\u2606ZachMcD|ye that's why I brought it\n|\n|t:|1697673347\n|move|p2a: Jonathan|Knock Off|p1a: Shlackin'\n|-supereffective|p1a: Shlackin'\n|-crit|p1a: Shlackin'\n|-damage|p1a: Shlackin'|0 fnt\n|faint|p1a: Shlackin'\n|\n|upkeep\n|c|\u2606ZachMcD|You know\n|c| hatev2|waaaaaaaaaaaaaaaaaaaaaaaaaaaaa\n|c|\u2606ZachMcD|I said right before that \"He can still crit\"\n|\n|t:|1697673367\n|switch|p1a: Kero|Krookodile, M|24\/100\n|-ability|p1a: Kero|Intimidate|boost\n|-unboost|p2a: Jonathan|atk|1\n|turn|60\n|c| hatev2|that crit went INSANE\n|\n|t:|1697673377\n|switch|p1a: Angy|Ogerpon-Hearthflame, F|27\/100\n|-ability|p1a: Angy|Mold Breaker\n|move|p2a: Jonathan|Ice Shard|p1a: Angy\n|-damage|p1a: Angy|8\/100\n|\n|upkeep\n|turn|61\n|\n|t:|1697673385\n|move|p2a: Jonathan|Ice Shard|p1a: Angy\n|-damage|p1a: Angy|0 fnt\n|faint|p1a: Angy\n|\n|upkeep\n|\n|t:|1697673387\n|switch|p1a: Kero|Krookodile, M|24\/100\n|-ability|p1a: Kero|Intimidate|boost\n|-unboost|p2a: Jonathan|atk|1\n|turn|62\n|\n|t:|1697673391\n|switch|p2a: Joseph|Iron Treads|86\/100\n|move|p1a: Kero|Earthquake|p2a: Joseph\n|-supereffective|p2a: Joseph\n|-damage|p2a: Joseph|0 fnt\n|faint|p2a: Joseph\n|-end|p2a: Joseph|Quark Drive|[silent]\n|\n|upkeep\n|\n|t:|1697673392\n|switch|p2a: Jonathan|Weavile, M|62\/100\n|turn|63\n|\n|t:|1697673399\n|move|p2a: Jonathan|Ice Shard|p1a: Kero\n|-supereffective|p1a: Kero\n|-damage|p1a: Kero|0 fnt\n|faint|p1a: Kero\n|\n|upkeep\n|\n|t:|1697673400\n|switch|p1a: Snakebit|Enamorus, F|78\/100\n|turn|64\n|\n|t:|1697673407\n|move|p2a: Jonathan|Ice Shard|p1a: Snakebit\n|-supereffective|p1a: Snakebit\n|-damage|p1a: Snakebit|17\/100\n|move|p1a: Snakebit|Moonblast|p2a: Jonathan\n|-supereffective|p2a: Jonathan\n|-damage|p2a: Jonathan|0 fnt\n|faint|p2a: Jonathan\n|\n|win|ZachMcD\n|c|\u2606ZachMcD|jesus, gg lmao\n|c| Normohh|ggs\n|c| hatev2|that was a fucking battle\n|c|\u2606Scottowo|for such a hard match up\n|c|\u2606Scottowo|i did amazing imo\n|c| hatev2|GG's in the chat\n|c|\u2606Scottowo|gg zach\n|c|\u2606ZachMcD|That would have been so much easier with regen LOL\n|c|\u2606Scottowo|ik xP\n|l| Oliverpup\n|c|\u2606ZachMcD|You did very well though\n|c|\u2606ZachMcD|Very very well\n|c| hatev2|if scott crit the ice shard the gods would be looking down upon him today\n|c|\u2606ZachMcD|I'd have shot my computer\n","uploadtime":1697673453,"views":37,"p1id":"zachmcd","p2id":"scottowo","formatid":"gen9ubers","rating":0,"private":0,"password":""}