{"id":"gen9ubers-1977607830","p1":"RubenPaCe","p2":"XpokVEVO","format":"[Gen 9] Ubers","log":"|j|\u2606RubenPaCe\n|j|\u2606XpokVEVO\n|t:|1698431424\n|gametype|singles\n|player|p1|RubenPaCe|169|\n|player|p2|XpokVEVO|mustard|\n|teamsize|p1|6\n|teamsize|p2|6\n|gen|9\n|tier|[Gen 9] Ubers\n|rule|Sleep Clause Mod: Limit one foe put to sleep\n|rule|Species Clause: Limit one of each Pok\u00e9mon\n|rule|OHKO Clause: OHKO moves are banned\n|rule|Evasion Items Clause: Evasion items are banned\n|rule|Evasion Moves Clause: Evasion moves are banned\n|rule|Endless Battle Clause: Forcing endless battles is banned\n|rule|HP Percentage Mod: HP is shown in percentages\n|clearpoke\n|poke|p1|Meowscarada, M|\n|poke|p1|Grimmsnarl, M|\n|poke|p1|Zacian-*|\n|poke|p1|Arceus-Poison|\n|poke|p1|Magearna|\n|poke|p1|Basculegion-F, F|\n|poke|p2|Arceus-Fire|\n|poke|p2|Cyclizar, F|\n|poke|p2|Magearna|\n|poke|p2|Spectrier|\n|poke|p2|Zacian-*|\n|poke|p2|Espathra, M|\n|teampreview\n|c|\u2606RubenPaCe|if it isn't best UUbers horse, Spectrier\n|\n|t:|1698431441\n|start\n|switch|p1a: Meowscarada|Meowscarada, M|100\/100\n|switch|p2a: Akira|Cyclizar, F|100\/100\n|turn|1\n|c|\u2606XpokVEVO|test\n|\n|t:|1698431478\n|move|p2a: Akira|Shed Tail|p2a: Akira\n|-start|p2a: Akira|Substitute|[from] move: Shed Tail\n|-damage|p2a: Akira|50\/100\n|\n|t:|1698431485\n|switch|p2a: Ar\u0441eus-Fighting|Arceus-Fire, shiny|100\/100|[from] Shed Tail\n|move|p1a: Meowscarada|Knock Off|p2a: Ar\u0441eus-Fighting\n|-start|p1a: Meowscarada|typechange|Dark|[from] ability: Protean\n|-activate|p2a: Ar\u0441eus-Fighting|move: Substitute|[damage]\n|\n|upkeep\n|turn|2\n|\n|t:|1698431489\n|move|p1a: Meowscarada|Taunt|p2a: Ar\u0441eus-Fighting\n|-start|p2a: Ar\u0441eus-Fighting|move: Taunt\n|cant|p2a: Ar\u0441eus-Fighting|move: Taunt|Dragon Dance\n|\n|upkeep\n|turn|3\n|c|\u2606RubenPaCe|that nickname threw me off for a second\n|\n|t:|1698431507\n|move|p1a: Meowscarada|Knock Off|p2a: Ar\u0441eus-Fighting\n|-end|p2a: Ar\u0441eus-Fighting|Substitute\n|move|p2a: Ar\u0441eus-Fighting|Flare Blitz|p1a: Meowscarada\n|-enditem|p1a: Meowscarada|Focus Sash\n|-damage|p1a: Meowscarada|1\/100\n|-damage|p2a: Ar\u0441eus-Fighting|75\/100|[from] Recoil\n|\n|upkeep\n|turn|4\n|\n|t:|1698431512\n|move|p1a: Meowscarada|Spikes|p2a: Ar\u0441eus-Fighting\n|-sidestart|p2: XpokVEVO|Spikes\n|move|p2a: Ar\u0441eus-Fighting|Tera Blast|p1a: Meowscarada\n|-damage|p1a: Meowscarada|0 fnt\n|faint|p1a: Meowscarada\n|\n|-end|p2a: Ar\u0441eus-Fighting|move: Taunt\n|upkeep\n|c|\u2606XpokVEVO|and i have set that IS actually arceus fighting\n|\n|t:|1698431529\n|switch|p1a: Basculegion|Basculegion-F, F|100\/100\n|turn|5\n|c|\u2606XpokVEVO|still phys so i ddance\n|c|\u2606XpokVEVO|scarf legion\n|c|\u2606RubenPaCe|you know it\n|\n|t:|1698431545\n|switch|p2a: Akira|Cyclizar, F|84\/100\n|-damage|p2a: Akira|71\/100|[from] Spikes\n|move|p1a: Basculegion|Flip Turn|p2a: Akira\n|-resisted|p2a: Akira\n|-damage|p2a: Akira|46\/100\n|c|\u2606RubenPaCe|but\n|c|\u2606RubenPaCe|not the regular set\n|\n|t:|1698431567\n|switch|p1a: Grimmsnarl|Grimmsnarl, M|100\/100|[from] Flip Turn\n|\n|upkeep\n|turn|6\n|c|\u2606XpokVEVO|hydro pump last respects flip turn\n|c|\u2606XpokVEVO|ice beam\n|\n|t:|1698431615\n|move|p1a: Grimmsnarl|Reflect|p1a: Grimmsnarl\n|-sidestart|p1: RubenPaCe|Reflect\n|move|p2a: Akira|Taunt|p1a: Grimmsnarl\n|-start|p1a: Grimmsnarl|move: Taunt\n|\n|upkeep\n|turn|7\n|c|\u2606RubenPaCe|I had ice beam\n|\n|t:|1698431625\n|switch|p2a: Emo Fluttershy|Spectrier|100\/100\n|-damage|p2a: Emo Fluttershy|88\/100|[from] Spikes\n|move|p1a: Grimmsnarl|Spirit Break|p2a: Emo Fluttershy\n|-damage|p2a: Emo Fluttershy|47\/100\n|-unboost|p2a: Emo Fluttershy|spa|1\n|\n|upkeep\n|turn|8\n|c|\u2606RubenPaCe|but I realized that it didn't really hit that hard\n|\n|t:|1698431638\n|move|p2a: Emo Fluttershy|Draining Kiss|p1a: Grimmsnarl\n|-supereffective|p1a: Grimmsnarl\n|-damage|p1a: Grimmsnarl|74\/100\n|-heal|p2a: Emo Fluttershy|70\/100|[from] drain|[of] p1a: Grimmsnarl\n|-damage|p2a: Emo Fluttershy|60\/100|[from] item: Life Orb\n|move|p1a: Grimmsnarl|Spirit Break|p2a: Emo Fluttershy\n|-damage|p2a: Emo Fluttershy|17\/100\n|-unboost|p2a: Emo Fluttershy|spa|1\n|\n|upkeep\n|turn|9\n|\n|t:|1698431646\n|switch|p1a: Arceus|Arceus-Poison|100\/100\n|move|p2a: Emo Fluttershy|Nasty Plot|p2a: Emo Fluttershy\n|-boost|p2a: Emo Fluttershy|spa|2\n|\n|upkeep\n|turn|10\n|\n|t:|1698431654\n|move|p2a: Emo Fluttershy|Shadow Ball|p1a: Arceus\n|-damage|p1a: Arceus|64\/100\n|-damage|p2a: Emo Fluttershy|7\/100|[from] item: Life Orb\n|move|p1a: Arceus|Judgment|p2a: Emo Fluttershy\n|-resisted|p2a: Emo Fluttershy\n|-damage|p2a: Emo Fluttershy|0 fnt\n|faint|p2a: Emo Fluttershy\n|\n|upkeep\n|\n|t:|1698431661\n|switch|p2a: Aunt Fanny|Magearna|100\/100\n|-damage|p2a: Aunt Fanny|88\/100|[from] Spikes\n|turn|11\n|\n|t:|1698431663\n|move|p1a: Arceus|Taunt|p2a: Aunt Fanny\n|-start|p2a: Aunt Fanny|move: Taunt\n|cant|p2a: Aunt Fanny|move: Taunt|Thunder Wave\n|\n|upkeep\n|turn|12\n|\n|t:|1698431666\n|move|p1a: Arceus|Calm Mind|p1a: Arceus\n|-boost|p1a: Arceus|spa|1\n|-boost|p1a: Arceus|spd|1\n|move|p2a: Aunt Fanny|Flash Cannon|p1a: Arceus\n|-crit|p1a: Arceus\n|-damage|p1a: Arceus|16\/100\n|\n|upkeep\n|turn|13\n|c|\u2606XpokVEVO|i feel bad\n|c|\u2606RubenPaCe|don't\n|\n|t:|1698431674\n|move|p1a: Arceus|Earth Power|p2a: Aunt Fanny\n|-supereffective|p2a: Aunt Fanny\n|-damage|p2a: Aunt Fanny|15\/100\n|-enditem|p2a: Aunt Fanny|Weakness Policy\n|-boost|p2a: Aunt Fanny|atk|2|[from] item: Weakness Policy\n|-boost|p2a: Aunt Fanny|spa|2|[from] item: Weakness Policy\n|move|p2a: Aunt Fanny|Flash Cannon|p1a: Arceus\n|-damage|p1a: Arceus|0 fnt\n|faint|p1a: Arceus\n|-ability|p2a: Aunt Fanny|Soul-Heart|boost\n|-boost|p2a: Aunt Fanny|spa|1\n|\n|-end|p2a: Aunt Fanny|move: Taunt\n|-sideend|p1: RubenPaCe|Reflect\n|upkeep\n|c|\u2606XpokVEVO|too bad it dies now\n|\n|t:|1698431689\n|switch|p1a: Basculegion|Basculegion-F, F|100\/100\n|turn|14\n|\n|t:|1698431693\n|move|p1a: Basculegion|Flip Turn|p2a: Aunt Fanny\n|-damage|p2a: Aunt Fanny|0 fnt\n|faint|p2a: Aunt Fanny\n|\n|t:|1698431706\n|switch|p1a: Zacian|Zacian|100\/100|[from] Flip Turn\n|-ability|p1a: Zacian|Intrepid Sword|boost\n|-boost|p1a: Zacian|atk|1\n|\n|upkeep\n|\n|t:|1698431780\n|switch|p2a: Akira|Cyclizar, F|80\/100\n|-damage|p2a: Akira|67\/100|[from] Spikes\n|turn|15\n|\n|t:|1698431788\n|move|p2a: Akira|Shed Tail|p2a: Akira\n|-start|p2a: Akira|Substitute|[from] move: Shed Tail\n|-damage|p2a: Akira|17\/100\n|\n|t:|1698431798\n|switch|p2a: Ar\u0441eus-Fighting|Arceus-Fire, shiny|75\/100|[from] Shed Tail\n|-damage|p2a: Ar\u0441eus-Fighting|63\/100|[from] Spikes\n|move|p1a: Zacian|Play Rough|p2a: Ar\u0441eus-Fighting\n|-resisted|p2a: Ar\u0441eus-Fighting\n|-end|p2a: Ar\u0441eus-Fighting|Substitute\n|\n|upkeep\n|turn|16\n|\n|t:|1698431812\n|move|p1a: Zacian|Close Combat|p2a: Ar\u0441eus-Fighting\n|-damage|p2a: Ar\u0441eus-Fighting|14\/100\n|-unboost|p1a: Zacian|def|1\n|-unboost|p1a: Zacian|spd|1\n|move|p2a: Ar\u0441eus-Fighting|Dragon Dance|p2a: Ar\u0441eus-Fighting\n|-boost|p2a: Ar\u0441eus-Fighting|atk|1\n|-boost|p2a: Ar\u0441eus-Fighting|spe|1\n|\n|upkeep\n|turn|17\n|\n|t:|1698431820\n|switch|p1a: Grimmsnarl|Grimmsnarl, M|74\/100\n|move|p2a: Ar\u0441eus-Fighting|Flare Blitz|p1a: Grimmsnarl\n|-damage|p1a: Grimmsnarl|0 fnt\n|faint|p1a: Grimmsnarl\n|-damage|p2a: Ar\u0441eus-Fighting|0 fnt|[from] Recoil\n|faint|p2a: Ar\u0441eus-Fighting\n|\n|upkeep\n|\n|t:|1698431833\n|switch|p2a: Princess|Zacian, shiny|100\/100\n|switch|p1a: Basculegion|Basculegion-F, F|100\/100\n|-damage|p2a: Princess|88\/100|[from] Spikes\n|-ability|p2a: Princess|Intrepid Sword|boost\n|-boost|p2a: Princess|atk|1\n|turn|18\n|\n|t:|1698431844\n|-terastallize|p2a: Princess|Dark\n|move|p1a: Basculegion|Wave Crash|p2a: Princess\n|-damage|p2a: Princess|28\/100\n|-damage|p1a: Basculegion|82\/100|[from] Recoil\n|move|p2a: Princess|Crunch|p1a: Basculegion\n|-supereffective|p1a: Basculegion\n|-damage|p1a: Basculegion|0 fnt\n|faint|p1a: Basculegion\n|\n|upkeep\n|\n|t:|1698431862\n|switch|p1a: Magearna|Magearna|100\/100\n|turn|19\n|\n|t:|1698431933\n|switch|p2a: Akira|Cyclizar, F|50\/100\n|-damage|p2a: Akira|38\/100|[from] Spikes\n|move|p1a: Magearna|Shift Gear|p1a: Magearna\n|-boost|p1a: Magearna|spe|2\n|-boost|p1a: Magearna|atk|1\n|\n|upkeep\n|turn|20\n|\n|t:|1698431938\n|move|p2a: Akira|Taunt|p1a: Magearna\n|-start|p1a: Magearna|move: Taunt\n|cant|p1a: Magearna|move: Taunt|Shift Gear\n|\n|upkeep\n|turn|21\n|\n|t:|1698431946\n|switch|p2a: Princess|Zacian, shiny, tera:Dark|28\/100\n|-damage|p2a: Princess|16\/100|[from] Spikes\n|move|p1a: Magearna|Draining Kiss|p2a: Princess\n|-supereffective|p2a: Princess\n|-damage|p2a: Princess|0 fnt\n|faint|p2a: Princess\n|-ability|p1a: Magearna|Soul-Heart|boost\n|-boost|p1a: Magearna|spa|1\n|\n|upkeep\n|\n|t:|1698431949\n|switch|p2a: Akira|Cyclizar, F|71\/100\n|-damage|p2a: Akira|58\/100|[from] Spikes\n|turn|22\n|\n|t:|1698431953\n|move|p2a: Akira|Shed Tail|p2a: Akira\n|-start|p2a: Akira|Substitute|[from] move: Shed Tail\n|-damage|p2a: Akira|8\/100\n|\n|t:|1698431955\n|switch|p2a: Emu War|Espathra, M|100\/100|[from] Shed Tail\n|-damage|p2a: Emu War|88\/100|[from] Spikes\n|move|p1a: Magearna|Draining Kiss|p2a: Emu War\n|-end|p2a: Emu War|Substitute\n|\n|-end|p1a: Magearna|move: Taunt\n|upkeep\n|turn|23\n|\n|t:|1698431960\n|move|p1a: Magearna|Calm Mind|p1a: Magearna\n|-boost|p1a: Magearna|spa|1\n|-boost|p1a: Magearna|spd|1\n|move|p2a: Emu War|Calm Mind|p2a: Emu War\n|-boost|p2a: Emu War|spa|1\n|-boost|p2a: Emu War|spd|1\n|\n|-ability|p2a: Emu War|Speed Boost|boost\n|-boost|p2a: Emu War|spe|1\n|upkeep\n|turn|24\n|\n|t:|1698431962\n|move|p2a: Emu War|Calm Mind|p2a: Emu War\n|-boost|p2a: Emu War|spa|1\n|-boost|p2a: Emu War|spd|1\n|move|p1a: Magearna|Calm Mind|p1a: Magearna\n|-boost|p1a: Magearna|spa|1\n|-boost|p1a: Magearna|spd|1\n|\n|-ability|p2a: Emu War|Speed Boost|boost\n|-boost|p2a: Emu War|spe|1\n|upkeep\n|turn|25\n|\n|t:|1698431965\n|move|p2a: Emu War|Calm Mind|p2a: Emu War\n|-boost|p2a: Emu War|spa|1\n|-boost|p2a: Emu War|spd|1\n|move|p1a: Magearna|Shift Gear|p1a: Magearna\n|-boost|p1a: Magearna|spe|2\n|-boost|p1a: Magearna|atk|1\n|\n|-ability|p2a: Emu War|Speed Boost|boost\n|-boost|p2a: Emu War|spe|1\n|upkeep\n|turn|26\n|\n|t:|1698431974\n|move|p2a: Emu War|Calm Mind|p2a: Emu War\n|-boost|p2a: Emu War|spa|1\n|-boost|p2a: Emu War|spd|1\n|move|p1a: Magearna|Calm Mind|p1a: Magearna\n|-boost|p1a: Magearna|spa|1\n|-boost|p1a: Magearna|spd|1\n|\n|-ability|p2a: Emu War|Speed Boost|boost\n|-boost|p2a: Emu War|spe|1\n|upkeep\n|turn|27\n|c|\u2606RubenPaCe|I don't like where this is going\n|c|\u2606XpokVEVO|WHY WOULD YOU DO THIS\n|c|\u2606XpokVEVO|YOU DOOMED YOURSELF\n|c|\u2606XpokVEVO|ITS OVER\n|\n|t:|1698431985\n|move|p2a: Emu War|Calm Mind|p2a: Emu War\n|-boost|p2a: Emu War|spa|1\n|-boost|p2a: Emu War|spd|1\n|move|p1a: Magearna|Stored Power|p2a: Emu War\n|-resisted|p2a: Emu War\n|-damage|p2a: Emu War|32\/100\n|\n|-ability|p2a: Emu War|Speed Boost|boost\n|-boost|p2a: Emu War|spe|1\n|upkeep\n|turn|28\n|\n|t:|1698431989\n|move|p2a: Emu War|Protect|p2a: Emu War\n|-singleturn|p2a: Emu War|Protect\n|move|p1a: Magearna|Stored Power|p2a: Emu War\n|-activate|p2a: Emu War|move: Protect\n|\n|-ability|p2a: Emu War|Speed Boost|boost\n|-boost|p2a: Emu War|spe|1\n|upkeep\n|turn|29\n|\n|t:|1698431991\n|move|p2a: Emu War|Stored Power|p1a: Magearna\n|-resisted|p1a: Magearna\n|-damage|p1a: Magearna|7\/100\n|move|p1a: Magearna|Stored Power|p2a: Emu War\n|-resisted|p2a: Emu War\n|-damage|p2a: Emu War|0 fnt\n|faint|p2a: Emu War\n|-ability|p1a: Magearna|Soul-Heart|boost\n|-boost|p1a: Magearna|spa|1\n|\n|-heal|p1a: Magearna|13\/100|[from] item: Leftovers\n|upkeep\n|c|\u2606RubenPaCe|god\n|c|\u2606XpokVEVO|WAIT\n|c|\u2606XpokVEVO|CYCLIZAR.....PROTECT HYPER OFFENSE\n|\n|t:|1698432002\n|switch|p2a: Akira|Cyclizar, F|41\/100\n|-damage|p2a: Akira|29\/100|[from] Spikes\n|turn|30\n|c|\u2606RubenPaCe|expertly ev'd\n|\n|t:|1698432007\n|move|p2a: Akira|U-turn|p1a: Magearna\n|-resisted|p1a: Magearna\n|-damage|p1a: Magearna|10\/100\n|move|p1a: Magearna|Draining Kiss|p2a: Akira\n|-supereffective|p2a: Akira\n|-damage|p2a: Akira|0 fnt\n|-heal|p1a: Magearna|31\/100|[from] drain|[of] p2a: Akira\n|faint|p2a: Akira\n|\n|win|RubenPaCe\n|c|\u2606RubenPaCe|gg\n","uploadtime":1698432019,"views":25,"p1id":"rubenpace","p2id":"xpokvevo","formatid":"gen9ubers","rating":0,"private":0,"password":""}