{"id":"gen9ubers-1988039504","p1":"Dracyo","p2":"Anonymous Pulsar","format":"[Gen 9] Ubers","log":"|j|\u2606Dracyo\n|j|\u2606Anonymous Pulsar\n|t:|1699662176\n|gametype|singles\n|player|p1|Dracyo|cyrus-masters|\n|player|p2|Anonymous Pulsar|saturn|\n|teamsize|p1|6\n|teamsize|p2|6\n|gen|9\n|tier|[Gen 9] Ubers\n|rule|Sleep Clause Mod: Limit one foe put to sleep\n|rule|Species Clause: Limit one of each Pok\u00e9mon\n|rule|OHKO Clause: OHKO moves are banned\n|rule|Evasion Items Clause: Evasion items are banned\n|rule|Evasion Moves Clause: Evasion moves are banned\n|rule|Endless Battle Clause: Forcing endless battles is banned\n|rule|HP Percentage Mod: HP is shown in percentages\n|clearpoke\n|poke|p1|Koraidon|\n|poke|p1|Arceus-Ground|\n|poke|p1|Zacian-*|\n|poke|p1|Dialga-Origin|\n|poke|p1|Mandibuzz, F|\n|poke|p1|Miraidon|\n|poke|p2|Giratina-Origin|\n|poke|p2|Skeledirge, M|\n|poke|p2|Clodsire, F|\n|poke|p2|Arceus-Fairy|\n|poke|p2|Zacian-*|\n|poke|p2|Koraidon|\n|teampreview\n|c|\u2606Anonymous Pulsar|Give me a sec sorry\n|c|\u2606Dracyo|ok\n|c|\u2606Anonymous Pulsar|Sorry about that\n|c|\u2606Anonymous Pulsar|Good to go now\n|c|\u2606Dracyo|ok\n|\n|t:|1699662536\n|start\n|switch|p1a: Toothless|Koraidon|100\/100\n|switch|p2a: Acrid|Zacian-Crowned|100\/100\n|-weather|SunnyDay|[from] ability: Orichalcum Pulse|[of] p1a: Toothless\n|-activate|p1a: Toothless|Orichalcum Pulse|[source]\n|-ability|p2a: Acrid|Intrepid Sword|boost\n|-boost|p2a: Acrid|atk|1\n|turn|1\n|c|\u2606Dracyo|also, you're koraidon is scarfed, right?\n|j| patty176\n|\n|t:|1699662551\n|-terastallize|p2a: Acrid|Fire\n|move|p1a: Toothless|U-turn|p2a: Acrid\n|-resisted|p2a: Acrid\n|-damage|p2a: Acrid|84\/100\n|\n|t:|1699662555\n|switch|p1a: Jolyne|Mandibuzz, F|100\/100|[from] U-turn\n|move|p2a: Acrid|Play Rough|p1a: Jolyne\n|-supereffective|p1a: Jolyne\n|-damage|p1a: Jolyne|6\/100\n|\n|-weather|SunnyDay|[upkeep]\n|-heal|p1a: Jolyne|13\/100|[from] item: Leftovers\n|upkeep\n|turn|2\n|\n|t:|1699662563\n|move|p2a: Acrid|Behemoth Blade|p1a: Jolyne\n|-damage|p1a: Jolyne|0 fnt\n|faint|p1a: Jolyne\n|\n|-weather|SunnyDay|[upkeep]\n|upkeep\n|c|\u2606Anonymous Pulsar|IDK maybe\n|\n|t:|1699662574\n|switch|p1a: Honse|Dialga-Origin, shiny|100\/100\n|-ability|p1a: Honse|Pressure\n|turn|3\n|\n|t:|1699662592\n|move|p2a: Acrid|Play Rough|p1a: Honse\n|-damage|p1a: Honse|42\/100\n|move|p1a: Honse|Draco Meteor|p2a: Acrid|[miss]\n|-miss|p1a: Honse|p2a: Acrid\n|\n|-weather|SunnyDay|[upkeep]\n|upkeep\n|turn|4\n|c|\u2606Dracyo|that miss hurts\n|\n|t:|1699662617\n|-terastallize|p1a: Honse|Steel\n|move|p2a: Acrid|Play Rough|p1a: Honse\n|-resisted|p1a: Honse\n|-damage|p1a: Honse|12\/100\n|move|p1a: Honse|Draco Meteor|p2a: Acrid|[miss]\n|-miss|p1a: Honse|p2a: Acrid\n|\n|-weather|SunnyDay|[upkeep]\n|upkeep\n|turn|5\n|c|\u2606Anonymous Pulsar|The will of hax is sadly not mine to control\n|c|\u2606Dracyo|OH COME ON\n|\n|t:|1699662636\n|move|p2a: Acrid|Behemoth Blade|p1a: Honse\n|-resisted|p1a: Honse\n|-damage|p1a: Honse|0 fnt\n|faint|p1a: Honse\n|\n|-weather|none\n|upkeep\n|\n|t:|1699662645\n|switch|p1a: Sif|Zacian-Crowned, shiny|100\/100\n|-ability|p1a: Sif|Intrepid Sword|boost\n|-boost|p1a: Sif|atk|1\n|turn|6\n|\n|t:|1699662652\n|move|p2a: Acrid|Behemoth Blade|p1a: Sif\n|-damage|p1a: Sif|24\/100\n|move|p1a: Sif|Sacred Sword|p2a: Acrid\n|-damage|p2a: Acrid|31\/100\n|\n|upkeep\n|turn|7\n|\n|t:|1699662661\n|switch|p1a: Toothless|Koraidon|100\/100\n|-weather|SunnyDay|[from] ability: Orichalcum Pulse|[of] p1a: Toothless\n|-activate|p1a: Toothless|Orichalcum Pulse|[source]\n|move|p2a: Acrid|Behemoth Blade|p1a: Toothless\n|-damage|p1a: Toothless|24\/100\n|\n|-weather|SunnyDay|[upkeep]\n|upkeep\n|turn|8\n|\n|t:|1699662673\n|switch|p2a: Ancient Wisp|Skeledirge, M|100\/100\n|move|p1a: Toothless|Dragon Claw|p2a: Ancient Wisp\n|-damage|p2a: Ancient Wisp|66\/100\n|\n|-weather|SunnyDay|[upkeep]\n|upkeep\n|turn|9\n|\n|t:|1699662685\n|switch|p1a: Steve|Arceus-Ground, shiny|100\/100\n|move|p2a: Ancient Wisp|Earth Power|p1a: Steve\n|-damage|p1a: Steve|87\/100\n|\n|-weather|SunnyDay|[upkeep]\n|upkeep\n|turn|10\n|\n|t:|1699662695\n|move|p1a: Steve|Calm Mind|p1a: Steve\n|-boost|p1a: Steve|spa|1\n|-boost|p1a: Steve|spd|1\n|move|p2a: Ancient Wisp|Torch Song|p1a: Steve\n|-damage|p1a: Steve|55\/100\n|-boost|p2a: Ancient Wisp|spa|1\n|\n|-weather|SunnyDay|[upkeep]\n|upkeep\n|turn|11\n|\n|t:|1699662699\n|move|p1a: Steve|Judgment|p2a: Ancient Wisp\n|-supereffective|p2a: Ancient Wisp\n|-damage|p2a: Ancient Wisp|0 fnt\n|faint|p2a: Ancient Wisp\n|\n|-weather|none\n|upkeep\n|\n|t:|1699662714\n|switch|p2a: Toxic Beast|Clodsire, F|100\/100\n|turn|12\n|\n|t:|1699662719\n|switch|p1a: Sif|Zacian-Crowned, shiny|24\/100\n|move|p2a: Toxic Beast|Toxic|p1a: Sif\n|-immune|p1a: Sif\n|\n|upkeep\n|turn|13\n|\n|t:|1699662732\n|switch|p2a: Acrid|Zacian-Crowned, tera:Fire|31\/100\n|move|p1a: Sif|Behemoth Blade|p2a: Acrid\n|-resisted|p2a: Acrid\n|-damage|p2a: Acrid|5\/100\n|\n|upkeep\n|turn|14\n|\n|t:|1699662737\n|move|p2a: Acrid|Behemoth Blade|p1a: Sif\n|-damage|p1a: Sif|0 fnt\n|faint|p1a: Sif\n|\n|upkeep\n|\n|t:|1699662739\n|switch|p1a: Toothless|Koraidon|24\/100\n|-weather|SunnyDay|[from] ability: Orichalcum Pulse|[of] p1a: Toothless\n|-activate|p1a: Toothless|Orichalcum Pulse|[source]\n|turn|15\n|\n|t:|1699662745\n|move|p1a: Toothless|U-turn|p2a: Acrid\n|-resisted|p2a: Acrid\n|-damage|p2a: Acrid|0 fnt\n|faint|p2a: Acrid\n|\n|t:|1699662748\n|switch|p1a: Steve|Arceus-Ground, shiny|55\/100|[from] U-turn\n|\n|-weather|SunnyDay|[upkeep]\n|upkeep\n|\n|t:|1699662752\n|switch|p2a: Toxic Beast|Clodsire, F|100\/100\n|turn|16\n|\n|t:|1699662755\n|move|p1a: Steve|Judgment|p2a: Toxic Beast\n|-supereffective|p2a: Toxic Beast\n|-damage|p2a: Toxic Beast|46\/100\n|move|p2a: Toxic Beast|Toxic|p1a: Steve\n|-status|p1a: Steve|tox\n|\n|-weather|SunnyDay|[upkeep]\n|-heal|p2a: Toxic Beast|52\/100|[from] item: Leftovers\n|-damage|p1a: Steve|49\/100 tox|[from] psn\n|upkeep\n|turn|17\n|\n|t:|1699662761\n|switch|p2a: Imp Overlord|Giratina-Origin, shiny|100\/100\n|move|p1a: Steve|Judgment|p2a: Imp Overlord\n|-immune|p2a: Imp Overlord|[from] ability: Levitate\n|\n|-weather|SunnyDay|[upkeep]\n|-damage|p1a: Steve|37\/100 tox|[from] psn\n|upkeep\n|turn|18\n|\n|t:|1699662767\n|move|p1a: Steve|Recover|p1a: Steve\n|-heal|p1a: Steve|87\/100 tox\n|move|p2a: Imp Overlord|Hex|p1a: Steve\n|-damage|p1a: Steve|36\/100 tox\n|\n|-weather|SunnyDay|[upkeep]\n|-damage|p1a: Steve|18\/100 tox|[from] psn\n|upkeep\n|turn|19\n|\n|t:|1699662771\n|move|p1a: Steve|Ice Beam|p2a: Imp Overlord\n|-supereffective|p2a: Imp Overlord\n|-damage|p2a: Imp Overlord|67\/100\n|move|p2a: Imp Overlord|Hex|p1a: Steve\n|-damage|p1a: Steve|0 fnt\n|faint|p1a: Steve\n|\n|-weather|none\n|upkeep\n|\n|t:|1699662774\n|switch|p1a: T-100|Miraidon|100\/100\n|-fieldstart|move: Electric Terrain|[from] ability: Hadron Engine|[of] p1a: T-100\n|turn|20\n|\n|t:|1699662780\n|move|p1a: T-100|Electro Drift|p2a: Imp Overlord\n|-resisted|p2a: Imp Overlord\n|-damage|p2a: Imp Overlord|24\/100\n|move|p2a: Imp Overlord|Draco Meteor|p1a: T-100\n|-supereffective|p1a: T-100\n|-damage|p1a: T-100|0 fnt\n|-unboost|p2a: Imp Overlord|spa|2\n|faint|p1a: T-100\n|\n|upkeep\n|\n|t:|1699662782\n|switch|p1a: Toothless|Koraidon|24\/100\n|-weather|SunnyDay|[from] ability: Orichalcum Pulse|[of] p1a: Toothless\n|-activate|p1a: Toothless|Orichalcum Pulse|[source]\n|turn|21\n|\n|t:|1699662786\n|move|p1a: Toothless|Dragon Claw|p2a: Imp Overlord\n|-supereffective|p2a: Imp Overlord\n|-damage|p2a: Imp Overlord|0 fnt\n|faint|p2a: Imp Overlord\n|\n|-weather|SunnyDay|[upkeep]\n|upkeep\n|\n|t:|1699662790\n|switch|p2a: Providence|Arceus-Fairy|100\/100\n|turn|22\n|c|\u2606Dracyo|im actually annoyed by that rng\n|c|\u2606Dracyo|i missed two dracos\n|-message|Dracyo forfeited.\n|\n|win|Anonymous Pulsar\n|l|\u2606Dracyo\n|l| patty176\n|j| patty176\n|l| patty176\n|l|\u2606Anonymous Pulsar\n|j|\u2606Anonymous Pulsar\n|player|p2|Anonymous Pulsar|saturn\n","uploadtime":1699663697,"views":7,"p1id":"dracyo","p2id":"anonymouspulsar","formatid":"gen9ubers","rating":0,"private":0,"password":""}