{"id":"gen9ubers-1999754663","p1":"Hiram1234","p2":"ZidosP","format":"[Gen 9] Ubers","log":"|j|\u2606Hiram1234\n|j|\u2606ZidosP\n|t:|1701113752\n|gametype|singles\n|player|p1|Hiram1234|steven|1116\n|player|p2|ZidosP|265|1030\n|teamsize|p1|6\n|teamsize|p2|6\n|gen|9\n|tier|[Gen 9] Ubers\n|rated|\n|rule|Sleep Clause Mod: Limit one foe put to sleep\n|rule|Species Clause: Limit one of each Pok\u00e9mon\n|rule|OHKO Clause: OHKO moves are banned\n|rule|Evasion Items Clause: Evasion items are banned\n|rule|Evasion Moves Clause: Evasion moves are banned\n|rule|Endless Battle Clause: Forcing endless battles is banned\n|rule|HP Percentage Mod: HP is shown in percentages\n|clearpoke\n|poke|p1|Meowscarada, F|\n|poke|p1|Kommo-o, M|\n|poke|p1|Arceus|\n|poke|p1|Ribombee, M|\n|poke|p1|Glaceon, M|\n|poke|p1|Mewtwo|\n|poke|p2|Manaphy|\n|poke|p2|Cinderace, M|\n|poke|p2|Toxapex, M|\n|poke|p2|Dunsparce, M|\n|poke|p2|Luxray, M|\n|poke|p2|Blissey, F|\n|teampreview\n|inactive|Battle timer is ON: inactive players will automatically lose when time's up. (requested by Hiram1234)\n|\n|t:|1701113759\n|start\n|switch|p1a: Ribombee|Ribombee, M, shiny|100\/100\n|switch|p2a: Manaphy|Manaphy|100\/100\n|turn|1\n|\n|t:|1701113767\n|move|p1a: Ribombee|Sticky Web|p2a: Manaphy\n|-sidestart|p2: ZidosP|move: Sticky Web\n|move|p2a: Manaphy|Take Heart|p2a: Manaphy\n|-boost|p2a: Manaphy|spa|1\n|-boost|p2a: Manaphy|spd|1\n|\n|upkeep\n|turn|2\n|\n|t:|1701113775\n|move|p1a: Ribombee|Moonblast|p2a: Manaphy\n|-damage|p2a: Manaphy|82\/100\n|move|p2a: Manaphy|Whirlpool|p1a: Ribombee\n|-damage|p1a: Ribombee|74\/100\n|-activate|p1a: Ribombee|move: Whirlpool|[of] p2a: Manaphy\n|\n|-heal|p2a: Manaphy|88\/100|[from] item: Leftovers\n|-damage|p1a: Ribombee|61\/100|[from] move: Whirlpool|[partiallytrapped]\n|upkeep\n|turn|3\n|\n|t:|1701113787\n|move|p1a: Ribombee|Moonblast|p2a: Manaphy\n|-damage|p2a: Manaphy|69\/100\n|move|p2a: Manaphy|Take Heart|p2a: Manaphy\n|-boost|p2a: Manaphy|spa|1\n|-boost|p2a: Manaphy|spd|1\n|\n|-heal|p2a: Manaphy|75\/100|[from] item: Leftovers\n|-damage|p1a: Ribombee|49\/100|[from] move: Whirlpool|[partiallytrapped]\n|upkeep\n|turn|4\n|\n|t:|1701113798\n|move|p1a: Ribombee|Moonblast|p2a: Manaphy\n|-damage|p2a: Manaphy|61\/100\n|move|p2a: Manaphy|Aqua Ring|p2a: Manaphy\n|-start|p2a: Manaphy|Aqua Ring\n|\n|-heal|p2a: Manaphy|67\/100|[from] item: Leftovers\n|-heal|p2a: Manaphy|74\/100|[from] Aqua Ring\n|-damage|p1a: Ribombee|37\/100|[from] move: Whirlpool|[partiallytrapped]\n|upkeep\n|turn|5\n|\n|t:|1701113812\n|move|p1a: Ribombee|Moonblast|p2a: Manaphy\n|-damage|p2a: Manaphy|59\/100\n|-unboost|p2a: Manaphy|spa|1\n|move|p2a: Manaphy|Take Heart|p2a: Manaphy\n|-boost|p2a: Manaphy|spa|1\n|-boost|p2a: Manaphy|spd|1\n|\n|-heal|p2a: Manaphy|66\/100|[from] item: Leftovers\n|-heal|p2a: Manaphy|72\/100|[from] Aqua Ring\n|-damage|p1a: Ribombee|25\/100|[from] move: Whirlpool|[partiallytrapped]\n|upkeep\n|turn|6\n|\n|t:|1701113826\n|move|p1a: Ribombee|Moonblast|p2a: Manaphy\n|-damage|p2a: Manaphy|60\/100\n|move|p2a: Manaphy|Whirlpool|p1a: Ribombee|[miss]\n|-miss|p2a: Manaphy|p1a: Ribombee\n|\n|-heal|p2a: Manaphy|66\/100|[from] item: Leftovers\n|-heal|p2a: Manaphy|72\/100|[from] Aqua Ring\n|-damage|p1a: Ribombee|12\/100|[from] move: Whirlpool|[partiallytrapped]\n|upkeep\n|turn|7\n|\n|t:|1701113838\n|move|p1a: Ribombee|Moonblast|p2a: Manaphy\n|-damage|p2a: Manaphy|60\/100\n|move|p2a: Manaphy|Acid Armor|p2a: Manaphy\n|-boost|p2a: Manaphy|def|2\n|\n|-heal|p2a: Manaphy|66\/100|[from] item: Leftovers\n|-heal|p2a: Manaphy|73\/100|[from] Aqua Ring\n|-end|p1a: Ribombee|Whirlpool|[partiallytrapped]\n|upkeep\n|turn|8\n|\n|t:|1701113848\n|move|p1a: Ribombee|Moonblast|p2a: Manaphy\n|-damage|p2a: Manaphy|61\/100\n|move|p2a: Manaphy|Acid Armor|p2a: Manaphy\n|-boost|p2a: Manaphy|def|2\n|\n|-heal|p2a: Manaphy|67\/100|[from] item: Leftovers\n|-heal|p2a: Manaphy|74\/100|[from] Aqua Ring\n|upkeep\n|turn|9\n|\n|t:|1701113858\n|move|p1a: Ribombee|Moonblast|p2a: Manaphy\n|-damage|p2a: Manaphy|62\/100\n|-unboost|p2a: Manaphy|spa|1\n|move|p2a: Manaphy|Take Heart|p2a: Manaphy\n|-boost|p2a: Manaphy|spa|1\n|-boost|p2a: Manaphy|spd|1\n|\n|-heal|p2a: Manaphy|68\/100|[from] item: Leftovers\n|-heal|p2a: Manaphy|74\/100|[from] Aqua Ring\n|upkeep\n|turn|10\n|\n|t:|1701113871\n|move|p1a: Ribombee|Moonblast|p2a: Manaphy\n|-damage|p2a: Manaphy|64\/100\n|move|p2a: Manaphy|Take Heart|p2a: Manaphy\n|-boost|p2a: Manaphy|spa|1\n|-boost|p2a: Manaphy|spd|1\n|\n|-heal|p2a: Manaphy|71\/100|[from] item: Leftovers\n|-heal|p2a: Manaphy|77\/100|[from] Aqua Ring\n|upkeep\n|turn|11\n|\n|t:|1701113881\n|move|p1a: Ribombee|Moonblast|p2a: Manaphy\n|-damage|p2a: Manaphy|69\/100\n|move|p2a: Manaphy|Take Heart|p2a: Manaphy\n|-boost|p2a: Manaphy|spa|1\n|-boost|p2a: Manaphy|spd|1\n|\n|-heal|p2a: Manaphy|75\/100|[from] item: Leftovers\n|-heal|p2a: Manaphy|81\/100|[from] Aqua Ring\n|upkeep\n|turn|12\n|\n|t:|1701113892\n|move|p1a: Ribombee|Moonblast|p2a: Manaphy\n|-damage|p2a: Manaphy|75\/100\n|move|p2a: Manaphy|Acid Armor|p2a: Manaphy\n|-boost|p2a: Manaphy|def|2\n|\n|-heal|p2a: Manaphy|81\/100|[from] item: Leftovers\n|-heal|p2a: Manaphy|87\/100|[from] Aqua Ring\n|upkeep\n|turn|13\n|\n|t:|1701113901\n|move|p1a: Ribombee|Moonblast|p2a: Manaphy\n|-damage|p2a: Manaphy|80\/100\n|move|p2a: Manaphy|Whirlpool|p1a: Ribombee\n|-damage|p1a: Ribombee|0 fnt\n|faint|p1a: Ribombee\n|\n|-heal|p2a: Manaphy|86\/100|[from] item: Leftovers\n|-heal|p2a: Manaphy|92\/100|[from] Aqua Ring\n|upkeep\n|\n|t:|1701113913\n|switch|p1a: Meowscarada|Meowscarada, F, shiny|100\/100\n|turn|14\n|\n|t:|1701113916\n|move|p1a: Meowscarada|Flower Trick|p2a: Manaphy\n|-supereffective|p2a: Manaphy\n|-crit|p2a: Manaphy\n|-damage|p2a: Manaphy|22\/100\n|move|p2a: Manaphy|Whirlpool|p1a: Meowscarada\n|-resisted|p1a: Meowscarada\n|-damage|p1a: Meowscarada|76\/100\n|-activate|p1a: Meowscarada|move: Whirlpool|[of] p2a: Manaphy\n|\n|-heal|p2a: Manaphy|28\/100|[from] item: Leftovers\n|-heal|p2a: Manaphy|34\/100|[from] Aqua Ring\n|-damage|p1a: Meowscarada|63\/100|[from] move: Whirlpool|[partiallytrapped]\n|upkeep\n|turn|15\n|\n|t:|1701113930\n|move|p1a: Meowscarada|Flower Trick|p2a: Manaphy\n|-supereffective|p2a: Manaphy\n|-crit|p2a: Manaphy\n|-damage|p2a: Manaphy|0 fnt\n|faint|p2a: Manaphy\n|\n|-end|p1a: Meowscarada|Whirlpool|[partiallytrapped]|[silent]\n|upkeep\n|\n|t:|1701113943\n|switch|p2a: Dunsparce|Dunsparce, M|100\/100\n|-activate|p2a: Dunsparce|move: Sticky Web\n|-unboost|p2a: Dunsparce|spe|1\n|turn|16\n|\n|t:|1701113963\n|move|p1a: Meowscarada|Flower Trick|p2a: Dunsparce\n|-crit|p2a: Dunsparce\n|-damage|p2a: Dunsparce|69\/100\n|move|p2a: Dunsparce|Coil|p2a: Dunsparce\n|-boost|p2a: Dunsparce|atk|1\n|-boost|p2a: Dunsparce|def|1\n|-boost|p2a: Dunsparce|accuracy|1\n|\n|upkeep\n|turn|17\n|\n|t:|1701113971\n|move|p1a: Meowscarada|Flower Trick|p2a: Dunsparce\n|-crit|p2a: Dunsparce\n|-damage|p2a: Dunsparce|38\/100\n|move|p2a: Dunsparce|Roost|p2a: Dunsparce\n|-heal|p2a: Dunsparce|88\/100\n|-singleturn|p2a: Dunsparce|move: Roost\n|\n|upkeep\n|turn|18\n|\n|t:|1701113981\n|move|p1a: Meowscarada|Flower Trick|p2a: Dunsparce\n|-crit|p2a: Dunsparce\n|-damage|p2a: Dunsparce|59\/100\n|move|p2a: Dunsparce|Hyper Drill|p1a: Meowscarada\n|-damage|p1a: Meowscarada|2\/100\n|\n|upkeep\n|turn|19\n|\n|t:|1701113988\n|move|p1a: Meowscarada|Flower Trick|p2a: Dunsparce\n|-crit|p2a: Dunsparce\n|-damage|p2a: Dunsparce|13\/100\n|move|p2a: Dunsparce|Roost|p2a: Dunsparce\n|-heal|p2a: Dunsparce|63\/100\n|-singleturn|p2a: Dunsparce|move: Roost\n|\n|upkeep\n|turn|20\n|\n|t:|1701113996\n|move|p1a: Meowscarada|Flower Trick|p2a: Dunsparce\n|-crit|p2a: Dunsparce\n|-damage|p2a: Dunsparce|11\/100\n|move|p2a: Dunsparce|Roost|p2a: Dunsparce\n|-heal|p2a: Dunsparce|61\/100\n|-singleturn|p2a: Dunsparce|move: Roost\n|\n|upkeep\n|turn|21\n|\n|t:|1701114009\n|move|p1a: Meowscarada|Flower Trick|p2a: Dunsparce\n|-crit|p2a: Dunsparce\n|-damage|p2a: Dunsparce|10\/100\n|move|p2a: Dunsparce|Roost|p2a: Dunsparce\n|-heal|p2a: Dunsparce|60\/100\n|-singleturn|p2a: Dunsparce|move: Roost\n|\n|upkeep\n|turn|22\n|\n|t:|1701114020\n|move|p1a: Meowscarada|Flower Trick|p2a: Dunsparce\n|-crit|p2a: Dunsparce\n|-damage|p2a: Dunsparce|11\/100\n|move|p2a: Dunsparce|Hyper Drill|p1a: Meowscarada\n|-damage|p1a: Meowscarada|0 fnt\n|faint|p1a: Meowscarada\n|\n|upkeep\n|\n|t:|1701114029\n|switch|p1a: Glaceon|Glaceon, M, shiny|100\/100\n|turn|23\n|\n|t:|1701114033\n|move|p1a: Glaceon|Snowscape|p1a: Glaceon\n|-weather|Snow\n|move|p2a: Dunsparce|Roost|p2a: Dunsparce\n|-heal|p2a: Dunsparce|61\/100\n|-singleturn|p2a: Dunsparce|move: Roost\n|\n|-weather|Snow|[upkeep]\n|upkeep\n|turn|24\n|\n|t:|1701114044\n|move|p1a: Glaceon|Chilling Water|p2a: Dunsparce\n|-damage|p2a: Dunsparce|50\/100\n|-unboost|p2a: Dunsparce|atk|1\n|move|p2a: Dunsparce|Amnesia|p2a: Dunsparce\n|-boost|p2a: Dunsparce|spd|2\n|\n|-weather|Snow|[upkeep]\n|upkeep\n|turn|25\n|\n|t:|1701114054\n|move|p1a: Glaceon|Chilling Water|p2a: Dunsparce\n|-damage|p2a: Dunsparce|44\/100\n|-unboost|p2a: Dunsparce|atk|1\n|move|p2a: Dunsparce|Amnesia|p2a: Dunsparce\n|-boost|p2a: Dunsparce|spd|2\n|\n|-weather|Snow|[upkeep]\n|upkeep\n|turn|26\n|\n|t:|1701114063\n|move|p1a: Glaceon|Blizzard|p2a: Dunsparce\n|-damage|p2a: Dunsparce|31\/100\n|-status|p2a: Dunsparce|frz\n|cant|p2a: Dunsparce|frz\n|\n|-weather|Snow|[upkeep]\n|upkeep\n|turn|27\n|\n|t:|1701114073\n|move|p1a: Glaceon|Blizzard|p2a: Dunsparce\n|-damage|p2a: Dunsparce|17\/100 frz\n|-curestatus|p2a: Dunsparce|frz|[msg]\n|move|p2a: Dunsparce|Roost|p2a: Dunsparce\n|-heal|p2a: Dunsparce|67\/100\n|-singleturn|p2a: Dunsparce|move: Roost\n|\n|-weather|none\n|upkeep\n|turn|28\n|\n|t:|1701114083\n|move|p1a: Glaceon|Blizzard|p2a: Dunsparce|[miss]\n|-miss|p1a: Glaceon|p2a: Dunsparce\n|move|p2a: Dunsparce|Amnesia|p2a: Dunsparce\n|-boost|p2a: Dunsparce|spd|2\n|\n|upkeep\n|turn|29\n|\n|t:|1701114095\n|move|p1a: Glaceon|Snowscape|p1a: Glaceon\n|-weather|Snow\n|move|p2a: Dunsparce|Roost|p2a: Dunsparce\n|-heal|p2a: Dunsparce|100\/100\n|-singleturn|p2a: Dunsparce|move: Roost\n|\n|-weather|Snow|[upkeep]\n|upkeep\n|turn|30\n|\n|t:|1701114105\n|move|p1a: Glaceon|Blizzard|p2a: Dunsparce\n|-damage|p2a: Dunsparce|92\/100\n|move|p2a: Dunsparce|Coil|p2a: Dunsparce\n|-boost|p2a: Dunsparce|atk|1\n|-boost|p2a: Dunsparce|def|1\n|-boost|p2a: Dunsparce|accuracy|1\n|\n|-weather|Snow|[upkeep]\n|upkeep\n|turn|31\n|\n|t:|1701114116\n|move|p1a: Glaceon|Blizzard|p2a: Dunsparce\n|-damage|p2a: Dunsparce|81\/100\n|move|p2a: Dunsparce|Coil|p2a: Dunsparce\n|-boost|p2a: Dunsparce|atk|1\n|-boost|p2a: Dunsparce|def|1\n|-boost|p2a: Dunsparce|accuracy|1\n|\n|-weather|Snow|[upkeep]\n|upkeep\n|turn|32\n|\n|t:|1701114126\n|move|p1a: Glaceon|Chilling Water|p2a: Dunsparce\n|-crit|p2a: Dunsparce\n|-damage|p2a: Dunsparce|62\/100\n|-unboost|p2a: Dunsparce|atk|1\n|move|p2a: Dunsparce|Coil|p2a: Dunsparce\n|-boost|p2a: Dunsparce|atk|1\n|-boost|p2a: Dunsparce|def|1\n|-boost|p2a: Dunsparce|accuracy|1\n|\n|-weather|Snow|[upkeep]\n|upkeep\n|turn|33\n|\n|t:|1701114141\n|move|p1a: Glaceon|Blizzard|p2a: Dunsparce\n|-damage|p2a: Dunsparce|52\/100\n|move|p2a: Dunsparce|Coil|p2a: Dunsparce\n|-boost|p2a: Dunsparce|atk|1\n|-boost|p2a: Dunsparce|def|1\n|-boost|p2a: Dunsparce|accuracy|1\n|\n|-weather|none\n|upkeep\n|turn|34\n|\n|t:|1701114155\n|move|p1a: Glaceon|Blizzard|p2a: Dunsparce\n|-damage|p2a: Dunsparce|42\/100\n|move|p2a: Dunsparce|Roost|p2a: Dunsparce\n|-heal|p2a: Dunsparce|92\/100\n|-singleturn|p2a: Dunsparce|move: Roost\n|\n|upkeep\n|turn|35\n|\n|t:|1701114162\n|move|p1a: Glaceon|Snowscape|p1a: Glaceon\n|-weather|Snow\n|move|p2a: Dunsparce|Hyper Drill|p1a: Glaceon\n|-damage|p1a: Glaceon|67\/100\n|\n|-weather|Snow|[upkeep]\n|-heal|p1a: Glaceon|73\/100|[from] item: Leftovers\n|upkeep\n|turn|36\n|\n|t:|1701114173\n|move|p1a: Glaceon|Blizzard|p2a: Dunsparce\n|-damage|p2a: Dunsparce|83\/100\n|move|p2a: Dunsparce|Hyper Drill|p1a: Glaceon\n|-damage|p1a: Glaceon|39\/100\n|\n|-weather|Snow|[upkeep]\n|-heal|p1a: Glaceon|45\/100|[from] item: Leftovers\n|upkeep\n|turn|37\n|\n|t:|1701114183\n|move|p1a: Glaceon|Chilling Water|p2a: Dunsparce\n|-damage|p2a: Dunsparce|80\/100\n|-unboost|p2a: Dunsparce|atk|1\n|move|p2a: Dunsparce|Hyper Drill|p1a: Glaceon\n|-damage|p1a: Glaceon|20\/100\n|\n|-weather|Snow|[upkeep]\n|-heal|p1a: Glaceon|26\/100|[from] item: Leftovers\n|upkeep\n|turn|38\n|\n|t:|1701114198\n|move|p1a: Glaceon|Chilling Water|p2a: Dunsparce\n|-damage|p2a: Dunsparce|76\/100\n|-unboost|p2a: Dunsparce|atk|1\n|move|p2a: Dunsparce|Hyper Drill|p1a: Glaceon\n|-damage|p1a: Glaceon|10\/100\n|\n|-weather|Snow|[upkeep]\n|-heal|p1a: Glaceon|16\/100|[from] item: Leftovers\n|upkeep\n|turn|39\n|\n|t:|1701114208\n|move|p1a: Glaceon|Chilling Water|p2a: Dunsparce\n|-damage|p2a: Dunsparce|74\/100\n|-unboost|p2a: Dunsparce|atk|1\n|move|p2a: Dunsparce|Hyper Drill|p1a: Glaceon\n|-damage|p1a: Glaceon|5\/100\n|\n|-weather|none\n|-heal|p1a: Glaceon|11\/100|[from] item: Leftovers\n|upkeep\n|turn|40\n|\n|t:|1701114218\n|move|p1a: Glaceon|Chilling Water|p2a: Dunsparce\n|-damage|p2a: Dunsparce|70\/100\n|-unboost|p2a: Dunsparce|atk|1\n|move|p2a: Dunsparce|Hyper Drill|p1a: Glaceon\n|-damage|p1a: Glaceon|0 fnt\n|faint|p1a: Glaceon\n|\n|upkeep\n|\n|t:|1701114229\n|switch|p1a: Arceus|Arceus, shiny|100\/100\n|turn|41\n|\n|t:|1701114235\n|-terastallize|p1a: Arceus|Ghost\n|move|p1a: Arceus|Waterfall|p2a: Dunsparce\n|-damage|p2a: Dunsparce|65\/100\n|cant|p2a: Dunsparce|flinch\n|\n|upkeep\n|turn|42\n|\n|t:|1701114245\n|move|p1a: Arceus|Waterfall|p2a: Dunsparce\n|-damage|p2a: Dunsparce|60\/100\n|move|p2a: Dunsparce|Coil|p2a: Dunsparce\n|-boost|p2a: Dunsparce|atk|1\n|-boost|p2a: Dunsparce|def|1\n|-boost|p2a: Dunsparce|accuracy|1\n|\n|upkeep\n|turn|43\n|\n|t:|1701114263\n|move|p1a: Arceus|Waterfall|p2a: Dunsparce\n|-damage|p2a: Dunsparce|54\/100\n|move|p2a: Dunsparce|Coil|p2a: Dunsparce\n|-boost|p2a: Dunsparce|atk|1\n|-boost|p2a: Dunsparce|def|0\n|-boost|p2a: Dunsparce|accuracy|0\n|\n|upkeep\n|turn|44\n|\n|t:|1701114274\n|move|p1a: Arceus|Waterfall|p2a: Dunsparce\n|-damage|p2a: Dunsparce|50\/100\n|move|p2a: Dunsparce|Coil|p2a: Dunsparce\n|-boost|p2a: Dunsparce|atk|1\n|-boost|p2a: Dunsparce|def|0\n|-boost|p2a: Dunsparce|accuracy|0\n|\n|upkeep\n|turn|45\n|\n|t:|1701114282\n|move|p1a: Arceus|Waterfall|p2a: Dunsparce\n|-damage|p2a: Dunsparce|45\/100\n|move|p2a: Dunsparce|Coil|p2a: Dunsparce\n|-boost|p2a: Dunsparce|atk|1\n|-boost|p2a: Dunsparce|def|0\n|-boost|p2a: Dunsparce|accuracy|0\n|\n|upkeep\n|turn|46\n|\n|t:|1701114291\n|move|p1a: Arceus|Waterfall|p2a: Dunsparce\n|-damage|p2a: Dunsparce|40\/100\n|move|p2a: Dunsparce|Coil|p2a: Dunsparce\n|-boost|p2a: Dunsparce|atk|1\n|-boost|p2a: Dunsparce|def|0\n|-boost|p2a: Dunsparce|accuracy|0\n|\n|upkeep\n|turn|47\n|\n|t:|1701114298\n|move|p1a: Arceus|Dragon Dance|p1a: Arceus\n|-boost|p1a: Arceus|atk|1\n|-boost|p1a: Arceus|spe|1\n|move|p2a: Dunsparce|Coil|p2a: Dunsparce\n|-boost|p2a: Dunsparce|atk|1\n|-boost|p2a: Dunsparce|def|0\n|-boost|p2a: Dunsparce|accuracy|0\n|\n|upkeep\n|turn|48\n|\n|t:|1701114306\n|move|p1a: Arceus|Dragon Dance|p1a: Arceus\n|-boost|p1a: Arceus|atk|1\n|-boost|p1a: Arceus|spe|1\n|move|p2a: Dunsparce|Coil|p2a: Dunsparce\n|-boost|p2a: Dunsparce|atk|1\n|-boost|p2a: Dunsparce|def|0\n|-boost|p2a: Dunsparce|accuracy|0\n|\n|upkeep\n|turn|49\n|\n|t:|1701114317\n|switch|p2a: Luxray|Luxray, M|100\/100\n|-activate|p2a: Luxray|move: Sticky Web\n|-unboost|p2a: Luxray|spe|1\n|move|p1a: Arceus|Dragon Dance|p1a: Arceus\n|-boost|p1a: Arceus|atk|1\n|-boost|p1a: Arceus|spe|1\n|\n|-status|p2a: Luxray|brn|[from] item: Flame Orb\n|upkeep\n|turn|50\n|\n|t:|1701114327\n|move|p1a: Arceus|Waterfall|p2a: Luxray\n|-damage|p2a: Luxray|14\/100 brn\n|move|p2a: Luxray|Roar|p1a: Arceus\n|drag|p1a: Kommo-o|Kommo-o, M, shiny|100\/100\n|\n|-damage|p2a: Luxray|8\/100 brn|[from] brn\n|upkeep\n|turn|51\n|\n|t:|1701114338\n|move|p1a: Kommo-o|Clangorous Soul|p1a: Kommo-o\n|-boost|p1a: Kommo-o|atk|1\n|-boost|p1a: Kommo-o|def|1\n|-boost|p1a: Kommo-o|spa|1\n|-boost|p1a: Kommo-o|spd|1\n|-boost|p1a: Kommo-o|spe|1\n|-damage|p1a: Kommo-o|68\/100\n|move|p2a: Luxray|Wild Charge|p1a: Kommo-o\n|-resisted|p1a: Kommo-o\n|-damage|p1a: Kommo-o|45\/100\n|-damage|p2a: Luxray|4\/100 brn|[from] Recoil\n|\n|-damage|p2a: Luxray|0 fnt|[from] brn\n|faint|p2a: Luxray\n|upkeep\n|\n|t:|1701114357\n|switch|p2a: Toxapex|Toxapex, M|100\/100\n|-activate|p2a: Toxapex|move: Sticky Web\n|-unboost|p2a: Toxapex|spe|1\n|turn|52\n|\n|t:|1701114369\n|move|p1a: Kommo-o|Clangorous Soul|p1a: Kommo-o\n|-boost|p1a: Kommo-o|atk|1\n|-boost|p1a: Kommo-o|def|1\n|-boost|p1a: Kommo-o|spa|1\n|-boost|p1a: Kommo-o|spd|1\n|-boost|p1a: Kommo-o|spe|1\n|-damage|p1a: Kommo-o|12\/100\n|move|p2a: Toxapex|Toxic|p1a: Kommo-o\n|-status|p1a: Kommo-o|tox\n|\n|-damage|p1a: Kommo-o|6\/100 tox|[from] psn\n|upkeep\n|turn|53\n|\n|t:|1701114381\n|move|p1a: Kommo-o|Dragon Claw|p2a: Toxapex\n|-damage|p2a: Toxapex|43\/100\n|-damage|p1a: Kommo-o|0 fnt|[from] item: Rocky Helmet|[of] p2a: Toxapex\n|faint|p1a: Kommo-o\n|move|p2a: Toxapex|Stockpile|p2a: Toxapex\n|-start|p2a: Toxapex|stockpile1\n|-boost|p2a: Toxapex|def|1\n|-boost|p2a: Toxapex|spd|1\n|\n|upkeep\n|c|\u2606Hiram1234|Bruh\n|c|\u2606Hiram1234|U a staller?\n|\n|t:|1701114404\n|switch|p1a: Mewtwo|Mewtwo, shiny|100\/100\n|-ability|p1a: Mewtwo|Unnerve\n|turn|54\n|c|\u2606ZidosP|kinda\n|\n|t:|1701114413\n|move|p1a: Mewtwo|Psystrike|p2a: Toxapex\n|-supereffective|p2a: Toxapex\n|-damage|p2a: Toxapex|0 fnt\n|faint|p2a: Toxapex\n|-damage|p1a: Mewtwo|91\/100|[from] item: Life Orb\n|\n|upkeep\n|c|\u2606Hiram1234|Bruh\n|\n|t:|1701114424\n|switch|p2a: Blissey|Blissey, F|100\/100\n|-activate|p2a: Blissey|move: Sticky Web\n|-unboost|p2a: Blissey|spe|1\n|turn|55\n|\n|t:|1701114436\n|move|p1a: Mewtwo|Psystrike|p2a: Blissey\n|-damage|p2a: Blissey|0 fnt\n|faint|p2a: Blissey\n|-damage|p1a: Mewtwo|81\/100|[from] item: Life Orb\n|\n|upkeep\n|\n|t:|1701114443\n|switch|p2a: Cinderace|Cinderace, M|100\/100\n|-activate|p2a: Cinderace|move: Sticky Web\n|-unboost|p2a: Cinderace|spe|1\n|turn|56\n|\n|t:|1701114460\n|move|p1a: Mewtwo|Psystrike|p2a: Cinderace\n|-damage|p2a: Cinderace|0 fnt\n|faint|p2a: Cinderace\n|-damage|p1a: Mewtwo|71\/100|[from] item: Life Orb\n|\n|upkeep\n|c|\u2606ZidosP|well ggs\n|\n|t:|1701114470\n|switch|p2a: Dunsparce|Dunsparce, M|40\/100\n|-activate|p2a: Dunsparce|move: Sticky Web\n|-unboost|p2a: Dunsparce|spe|1\n|turn|57\n|c|\u2606Hiram1234|Gg\n|\n|t:|1701114477\n|move|p1a: Mewtwo|Aura Sphere|p2a: Dunsparce\n|-supereffective|p2a: Dunsparce\n|-damage|p2a: Dunsparce|0 fnt\n|faint|p2a: Dunsparce\n|-damage|p1a: Mewtwo|61\/100|[from] item: Life Orb\n|\n|win|Hiram1234\n|raw|Hiram1234's rating: 1116 &rarr; <strong>1135<\/strong><br \/>(+19 for winning)\n|raw|ZidosP's rating: 1030 &rarr; <strong>1019<\/strong><br \/>(-11 for losing)\n|l|\u2606ZidosP\n","uploadtime":1701114489,"views":2,"p1id":"hiram1234","p2id":"zidosp","formatid":"gen9ubers","rating":1019,"private":0,"password":""}