{"id":"gen9ubers-1971098254","p1":"Chippy_monkee","p2":"Bruhitsjhian","format":"[Gen 9] Ubers","log":"|j|\u2606Chippy_monkee\n|j|\u2606Bruhitsjhian\n|t:|1697705954\n|gametype|singles\n|player|p1|Chippy_monkee|dawn|1081\n|player|p2|Bruhitsjhian|169|1076\n|teamsize|p1|6\n|teamsize|p2|6\n|gen|9\n|tier|[Gen 9] Ubers\n|rated|\n|rule|Sleep Clause Mod: Limit one foe put to sleep\n|rule|Species Clause: Limit one of each Pok\u00e9mon\n|rule|OHKO Clause: OHKO moves are banned\n|rule|Evasion Items Clause: Evasion items are banned\n|rule|Evasion Moves Clause: Evasion moves are banned\n|rule|Endless Battle Clause: Forcing endless battles is banned\n|rule|HP Percentage Mod: HP is shown in percentages\n|clearpoke\n|poke|p1|Ursaluna-Bloodmoon, M|\n|poke|p1|Ambipom, F|\n|poke|p1|Zoroark-Hisui, F|\n|poke|p1|Arboliva, M|\n|poke|p1|Braviary, M|\n|poke|p1|Farigiraf, M|\n|poke|p2|Dragapult, M|\n|poke|p2|Miraidon|\n|poke|p2|Kingambit, M|\n|poke|p2|Arceus|\n|poke|p2|Zacian-*|\n|poke|p2|Cyclizar, M|\n|teampreview\n|\n|t:|1697705963\n|start\n|switch|p1a: Ambipom|Ambipom, F|100\/100\n|switch|p2a: Cyclizar|Cyclizar, M, shiny|100\/100\n|turn|1\n|\n|t:|1697705971\n|move|p1a: Ambipom|Fake Out|p2a: Cyclizar\n|-damage|p2a: Cyclizar|51\/100\n|-enditem|p2a: Cyclizar|Eject Button\n|\n|t:|1697705982\n|switch|p2a: Dragapult|Dragapult, M, shiny|100\/100\n|\n|upkeep\n|turn|2\n|\n|t:|1697705990\n|move|p2a: Dragapult|Dragon Darts|p1a: Ambipom\n|-damage|p1a: Ambipom|65\/100\n|-anim|p2a: Dragapult|Dragon Darts|p1a: Ambipom\n|-damage|p1a: Ambipom|30\/100\n|move|p1a: Ambipom|Knock Off|p2a: Dragapult\n|-supereffective|p2a: Dragapult\n|-damage|p2a: Dragapult|6\/100\n|-enditem|p2a: Dragapult|Focus Sash|[from] move: Knock Off|[of] p1a: Ambipom\n|\n|upkeep\n|turn|3\n|\n|t:|1697706017\n|switch|p1a: Ursaluna|Ursaluna-Bloodmoon, M|100\/100\n|move|p2a: Dragapult|Dragon Darts|p1a: Ursaluna\n|-damage|p1a: Ursaluna|86\/100\n|-anim|p2a: Dragapult|Dragon Darts|p1a: Ursaluna\n|-damage|p1a: Ursaluna|72\/100\n|\n|upkeep\n|turn|4\n|\n|t:|1697706029\n|move|p2a: Dragapult|Flamethrower|p1a: Ursaluna\n|-damage|p1a: Ursaluna|41\/100\n|move|p1a: Ursaluna|Earth Power|p2a: Dragapult\n|-damage|p2a: Dragapult|0 fnt\n|faint|p2a: Dragapult\n|\n|upkeep\n|\n|t:|1697706037\n|switch|p2a: Cyclizar|Cyclizar, M, shiny|51\/100\n|turn|5\n|\n|t:|1697706047\n|move|p1a: Ursaluna|Vacuum Wave|p2a: Cyclizar\n|-supereffective|p2a: Cyclizar\n|-damage|p2a: Cyclizar|0 fnt\n|faint|p2a: Cyclizar\n|\n|upkeep\n|\n|t:|1697706063\n|switch|p2a: Arceus|Arceus|100\/100\n|turn|6\n|\n|t:|1697706068\n|move|p1a: Ursaluna|Vacuum Wave|p2a: Arceus\n|-supereffective|p2a: Arceus\n|-damage|p2a: Arceus|76\/100\n|move|p2a: Arceus|Earthquake|p1a: Ursaluna\n|-damage|p1a: Ursaluna|8\/100\n|-damage|p2a: Arceus|66\/100|[from] item: Life Orb\n|\n|upkeep\n|turn|7\n|\n|t:|1697706079\n|move|p2a: Arceus|Extreme Speed|p1a: Ursaluna\n|-damage|p1a: Ursaluna|0 fnt\n|faint|p1a: Ursaluna\n|-damage|p2a: Arceus|56\/100|[from] item: Life Orb\n|\n|upkeep\n|\n|t:|1697706089\n|switch|p1a: Braviary|Braviary, M|100\/100\n|turn|8\n|\n|t:|1697706096\n|move|p2a: Arceus|Gunk Shot|p1a: Braviary\n|-damage|p1a: Braviary|47\/100\n|-damage|p2a: Arceus|46\/100|[from] item: Life Orb\n|move|p1a: Braviary|Superpower|p2a: Arceus\n|-supereffective|p2a: Arceus\n|-damage|p2a: Arceus|0 fnt\n|-unboost|p1a: Braviary|atk|1\n|-unboost|p1a: Braviary|def|1\n|faint|p2a: Arceus\n|\n|upkeep\n|\n|t:|1697706106\n|switch|p2a: Miraidon|Miraidon|100\/100\n|-fieldstart|move: Electric Terrain|[from] ability: Hadron Engine|[of] p2a: Miraidon\n|turn|9\n|\n|t:|1697706139\n|switch|p1a: Farigiraf|Farigiraf, M|100\/100\n|move|p2a: Miraidon|Volt Switch|p1a: Farigiraf\n|-damage|p1a: Farigiraf|22\/100\n|-enditem|p1a: Farigiraf|Sitrus Berry|[eat]\n|-heal|p1a: Farigiraf|47\/100|[from] item: Sitrus Berry\n|\n|t:|1697706149\n|switch|p2a: Zacian|Zacian-Crowned, shiny|100\/100|[from] Volt Switch\n|-ability|p2a: Zacian|Intrepid Sword|boost\n|-boost|p2a: Zacian|atk|1\n|\n|upkeep\n|turn|10\n|\n|t:|1697706160\n|move|p2a: Zacian|Swords Dance|p2a: Zacian\n|-boost|p2a: Zacian|atk|2\n|move|p1a: Farigiraf|Nasty Plot|p1a: Farigiraf\n|-boost|p1a: Farigiraf|spa|2\n|\n|-activate|p1a: Farigiraf|ability: Cud Chew\n|-enditem|p1a: Farigiraf|Sitrus Berry|[eat]\n|-heal|p1a: Farigiraf|72\/100|[from] item: Sitrus Berry\n|upkeep\n|turn|11\n|\n|t:|1697706179\n|move|p2a: Zacian|Behemoth Blade|p1a: Farigiraf\n|-damage|p1a: Farigiraf|0 fnt\n|faint|p1a: Farigiraf\n|\n|upkeep\n|\n|t:|1697706183\n|switch|p1a: Ambipom|Ambipom, F|30\/100\n|turn|12\n|\n|t:|1697706188\n|move|p1a: Ambipom|Fake Out|p2a: Zacian\n|-resisted|p2a: Zacian\n|-damage|p2a: Zacian|87\/100\n|cant|p2a: Zacian|flinch\n|\n|upkeep\n|turn|13\n|\n|t:|1697706206\n|move|p2a: Zacian|Play Rough|p1a: Ambipom\n|-damage|p1a: Ambipom|0 fnt\n|faint|p1a: Ambipom\n|\n|-fieldend|move: Electric Terrain\n|upkeep\n|\n|t:|1697706219\n|switch|p1a: Braviary|Braviary, M|100\/100\n|turn|14\n|\n|t:|1697706235\n|move|p2a: Zacian|Swords Dance|p2a: Zacian\n|-boost|p2a: Zacian|atk|2\n|move|p1a: Braviary|Flamethrower|p2a: Zacian\n|-supereffective|p2a: Zacian\n|-damage|p2a: Zacian|34\/100\n|\n|upkeep\n|turn|15\n|\n|t:|1697706247\n|move|p2a: Zacian|Behemoth Blade|p1a: Braviary\n|-damage|p1a: Braviary|0 fnt\n|replace|p1a: Zoroark|Zoroark-Hisui, F\n|-end|p1a: Zoroark|Illusion\n|faint|p1a: Zoroark\n|\n|upkeep\n|\n|t:|1697706252\n|switch|p1a: Braviary|Braviary, M|47\/100\n|turn|16\n|\n|t:|1697706259\n|move|p2a: Zacian|Behemoth Blade|p1a: Braviary\n|-damage|p1a: Braviary|0 fnt\n|faint|p1a: Braviary\n|\n|upkeep\n|\n|t:|1697706262\n|switch|p1a: Arboliva|Arboliva, M|100\/100\n|turn|17\n|\n|t:|1697706266\n|-terastallize|p1a: Arboliva|Fire\n|move|p2a: Zacian|Sacred Sword|p1a: Arboliva\n|-damage|p1a: Arboliva|0 fnt\n|faint|p1a: Arboliva\n|\n|win|Bruhitsjhian\n|raw|Chippy_monkee's rating: 1081 &rarr; <strong>1059<\/strong><br \/>(-22 for losing)\n|raw|Bruhitsjhian's rating: 1076 &rarr; <strong>1105<\/strong><br \/>(+29 for winning)\n|l|\u2606Chippy_monkee\n","uploadtime":1697706275,"views":9,"p1id":"chippymonkee","p2id":"bruhitsjhian","formatid":"gen9ubers","rating":1059,"private":0,"password":""}