{"id":"gen9ubers-1978700029","p1":"RubenPaCe","p2":"XpokVEVO","format":"[Gen 9] Ubers","log":"|j|\u2606RubenPaCe\n|j|\u2606XpokVEVO\n|t:|1698583659\n|gametype|singles\n|player|p1|RubenPaCe|camper|\n|player|p2|XpokVEVO|rika|\n|teamsize|p1|6\n|teamsize|p2|6\n|gen|9\n|tier|[Gen 9] Ubers\n|rule|Sleep Clause Mod: Limit one foe put to sleep\n|rule|Species Clause: Limit one of each Pok\u00e9mon\n|rule|OHKO Clause: OHKO moves are banned\n|rule|Evasion Items Clause: Evasion items are banned\n|rule|Evasion Moves Clause: Evasion moves are banned\n|rule|Endless Battle Clause: Forcing endless battles is banned\n|rule|HP Percentage Mod: HP is shown in percentages\n|clearpoke\n|poke|p1|Spectrier|\n|poke|p1|Zacian-*|\n|poke|p1|Ursaluna-Bloodmoon, M|\n|poke|p1|Magearna|\n|poke|p1|Arceus-Poison|\n|poke|p1|Giratina|\n|poke|p2|Ursaluna, F|\n|poke|p2|Magearna|\n|poke|p2|Dialga|\n|poke|p2|Glastrier|\n|poke|p2|Hoopa-Unbound|\n|poke|p2|Hatterene, F|\n|teampreview\n|\n|t:|1698583673\n|start\n|switch|p1a: Arceus|Arceus-Poison|100\/100\n|switch|p2a: Aunt Fanny|Magearna|100\/100\n|turn|1\n|\n|t:|1698583679\n|move|p1a: Arceus|Earth Power|p2a: Aunt Fanny\n|-supereffective|p2a: Aunt Fanny\n|-damage|p2a: Aunt Fanny|59\/100\n|-unboost|p2a: Aunt Fanny|spd|1\n|move|p2a: Aunt Fanny|Trick Room|p2a: Aunt Fanny\n|-fieldstart|move: Trick Room|[of] p2a: Aunt Fanny\n|\n|-heal|p2a: Aunt Fanny|65\/100|[from] item: Leftovers\n|upkeep\n|turn|2\n|\n|t:|1698583683\n|switch|p1a: Ursaluna|Ursaluna-Bloodmoon, M|100\/100\n|move|p2a: Aunt Fanny|Volt Switch|p1a: Ursaluna\n|-immune|p1a: Ursaluna\n|\n|-heal|p2a: Aunt Fanny|71\/100|[from] item: Leftovers\n|upkeep\n|turn|3\n|\n|t:|1698583690\n|move|p2a: Aunt Fanny|Fleur Cannon|p1a: Ursaluna\n|-damage|p1a: Ursaluna|5\/100\n|-unboost|p2a: Aunt Fanny|spa|2\n|move|p1a: Ursaluna|Blood Moon|p2a: Aunt Fanny\n|-resisted|p2a: Aunt Fanny\n|-crit|p2a: Aunt Fanny\n|-damage|p2a: Aunt Fanny|0 fnt\n|faint|p2a: Aunt Fanny\n|\n|-heal|p1a: Ursaluna|11\/100|[from] item: Leftovers\n|upkeep\n|\n|t:|1698583697\n|switch|p2a: PUBL|Glastrier|100\/100\n|turn|4\n|\n|t:|1698583702\n|move|p2a: PUBL|Crunch|p1a: Ursaluna\n|-damage|p1a: Ursaluna|0 fnt\n|faint|p1a: Ursaluna\n|-ability|p2a: PUBL|Chilling Neigh|boost\n|-boost|p2a: PUBL|atk|1\n|-damage|p2a: PUBL|91\/100|[from] item: Life Orb\n|\n|upkeep\n|\n|t:|1698583708\n|switch|p1a: Magearna|Magearna|100\/100\n|turn|5\n|\n|t:|1698583710\n|move|p2a: PUBL|High Horsepower|p1a: Magearna\n|-supereffective|p1a: Magearna\n|-damage|p1a: Magearna|5\/100\n|-damage|p2a: PUBL|81\/100|[from] item: Life Orb\n|move|p1a: Magearna|Volt Switch|p2a: PUBL\n|-damage|p2a: PUBL|66\/100\n|\n|t:|1698583714\n|switch|p1a: Zacian|Zacian|100\/100|[from] Volt Switch\n|-ability|p1a: Zacian|Intrepid Sword|boost\n|-boost|p1a: Zacian|atk|1\n|\n|-fieldend|move: Trick Room\n|upkeep\n|turn|6\n|\n|t:|1698583720\n|move|p1a: Zacian|Swords Dance|p1a: Zacian\n|-boost|p1a: Zacian|atk|2\n|move|p2a: PUBL|Heavy Slam|p1a: Zacian\n|-supereffective|p1a: Zacian\n|-damage|p1a: Zacian|0 fnt\n|faint|p1a: Zacian\n|-ability|p2a: PUBL|Chilling Neigh|boost\n|-boost|p2a: PUBL|atk|1\n|-damage|p2a: PUBL|56\/100|[from] item: Life Orb\n|\n|upkeep\n|\n|t:|1698583734\n|switch|p1a: Arceus|Arceus-Poison|100\/100\n|turn|7\n|\n|t:|1698583737\n|move|p1a: Arceus|Judgment|p2a: PUBL\n|-damage|p2a: PUBL|16\/100\n|move|p2a: PUBL|High Horsepower|p1a: Arceus\n|-supereffective|p1a: Arceus\n|-damage|p1a: Arceus|0 fnt\n|faint|p1a: Arceus\n|-ability|p2a: PUBL|Chilling Neigh|boost\n|-boost|p2a: PUBL|atk|1\n|-damage|p2a: PUBL|6\/100|[from] item: Life Orb\n|\n|upkeep\n|\n|t:|1698583742\n|switch|p1a: Spectrier|Spectrier|100\/100\n|turn|8\n|\n|t:|1698583770\n|move|p1a: Spectrier|Tera Blast|p2a: PUBL\n|-damage|p2a: PUBL|0 fnt\n|faint|p2a: PUBL\n|-ability|p1a: Spectrier|Grim Neigh|boost\n|-boost|p1a: Spectrier|spa|1\n|\n|upkeep\n|\n|t:|1698583775\n|switch|p2a: ItWILLuseTrickRoom|Hatterene, F, shiny|100\/100\n|turn|9\n|\n|t:|1698583777\n|move|p1a: Spectrier|Shadow Ball|p2a: ItWILLuseTrickRoom\n|-supereffective|p2a: ItWILLuseTrickRoom\n|-enditem|p2a: ItWILLuseTrickRoom|Focus Sash\n|-damage|p2a: ItWILLuseTrickRoom|1\/100\n|-unboost|p2a: ItWILLuseTrickRoom|spd|1\n|move|p2a: ItWILLuseTrickRoom|Trick Room|p2a: ItWILLuseTrickRoom\n|-fieldstart|move: Trick Room|[of] p2a: ItWILLuseTrickRoom\n|\n|upkeep\n|turn|10\n|\n|t:|1698583781\n|move|p2a: ItWILLuseTrickRoom|Misty Explosion|p1a: Spectrier\n|-damage|p1a: Spectrier|30\/100\n|faint|p2a: ItWILLuseTrickRoom\n|move|p1a: Spectrier|Substitute|p1a: Spectrier\n|-start|p1a: Spectrier|Substitute\n|-damage|p1a: Spectrier|5\/100\n|\n|upkeep\n|c|\u2606XpokVEVO|Holy moly\n|c|\u2606RubenPaCe|big horse\n|\n|t:|1698583795\n|switch|p2a: ThingThtShouldNotB|Hoopa-Unbound|100\/100\n|turn|11\n|\n|t:|1698583799\n|move|p2a: ThingThtShouldNotB|Hyperspace Fury|p1a: Spectrier\n|-supereffective|p1a: Spectrier\n|-damage|p1a: Spectrier|0 fnt\n|-unboost|p2a: ThingThtShouldNotB|def|1\n|faint|p1a: Spectrier\n|-damage|p2a: ThingThtShouldNotB|91\/100|[from] item: Life Orb\n|\n|upkeep\n|\n|t:|1698583806\n|switch|p1a: Magearna|Magearna|5\/100\n|turn|12\n|\n|t:|1698583811\n|move|p2a: ThingThtShouldNotB|Hyperspace Fury|p1a: Magearna\n|-resisted|p1a: Magearna\n|-damage|p1a: Magearna|0 fnt\n|-unboost|p2a: ThingThtShouldNotB|def|1\n|faint|p1a: Magearna\n|-damage|p2a: ThingThtShouldNotB|81\/100|[from] item: Life Orb\n|\n|upkeep\n|\n|t:|1698583812\n|switch|p1a: Giratina|Giratina|100\/100\n|-ability|p1a: Giratina|Pressure\n|turn|13\n|\n|t:|1698583816\n|-terastallize|p1a: Giratina|Fairy\n|move|p2a: ThingThtShouldNotB|Hyperspace Fury|p1a: Giratina\n|-resisted|p1a: Giratina\n|-damage|p1a: Giratina|75\/100\n|-unboost|p2a: ThingThtShouldNotB|def|1\n|-damage|p2a: ThingThtShouldNotB|71\/100|[from] item: Life Orb\n|move|p1a: Giratina|Will-O-Wisp|p2a: ThingThtShouldNotB\n|-status|p2a: ThingThtShouldNotB|brn\n|\n|-damage|p2a: ThingThtShouldNotB|65\/100 brn|[from] brn\n|-fieldend|move: Trick Room\n|upkeep\n|turn|14\n|\n|t:|1698583818\n|move|p1a: Giratina|Hex|p2a: ThingThtShouldNotB\n|-damage|p2a: ThingThtShouldNotB|27\/100 brn\n|move|p2a: ThingThtShouldNotB|Gunk Shot|p1a: Giratina\n|-supereffective|p1a: Giratina\n|-damage|p1a: Giratina|38\/100\n|-damage|p2a: ThingThtShouldNotB|17\/100 brn|[from] item: Life Orb\n|\n|-damage|p2a: ThingThtShouldNotB|11\/100 brn|[from] brn\n|upkeep\n|turn|15\n|\n|t:|1698583821\n|move|p1a: Giratina|Hex|p2a: ThingThtShouldNotB\n|-damage|p2a: ThingThtShouldNotB|0 fnt\n|faint|p2a: ThingThtShouldNotB\n|\n|upkeep\n|\n|t:|1698583825\n|switch|p2a: ONEPUUUUNCH|Ursaluna, F, shiny|100\/100\n|turn|16\n|c|\u2606RubenPaCe|damn I really threw with the zacian SD\n|\n|t:|1698583834\n|move|p2a: ONEPUUUUNCH|Headlong Rush|p1a: Giratina\n|-damage|p1a: Giratina|1\/100\n|-unboost|p2a: ONEPUUUUNCH|def|1\n|-unboost|p2a: ONEPUUUUNCH|spd|1\n|move|p1a: Giratina|Roar|p2a: ONEPUUUUNCH\n|drag|p2a: Gootbye|Dialga, shiny|100\/100\n|-ability|p2a: Gootbye|Pressure\n|\n|upkeep\n|turn|17\n|c|\u2606RubenPaCe|gg\n|\n|t:|1698583840\n|move|p1a: Giratina|Hex|p2a: Gootbye\n|-damage|p2a: Gootbye|80\/100\n|move|p2a: Gootbye|Flash Cannon|p1a: Giratina\n|-supereffective|p1a: Giratina\n|-damage|p1a: Giratina|0 fnt\n|faint|p1a: Giratina\n|\n|win|XpokVEVO\n","uploadtime":1698583847,"views":18,"p1id":"rubenpace","p2id":"xpokvevo","formatid":"gen9ubers","rating":0,"private":0,"password":""}