{"id":"gen9ubers-1976631266","p1":"vh7f","p2":"Taygonspazz","format":"[Gen 9] Ubers","log":"|j|\u2606vh7f\n|j|\u2606Taygonspazz\n|t:|1698328863\n|gametype|singles\n|player|p1|vh7f|rocketexecutive-gen2|1069\n|player|p2|Taygonspazz|steven|1068\n|teamsize|p1|6\n|teamsize|p2|6\n|gen|9\n|tier|[Gen 9] Ubers\n|rated|\n|rule|Sleep Clause Mod: Limit one foe put to sleep\n|rule|Species Clause: Limit one of each Pok\u00e9mon\n|rule|OHKO Clause: OHKO moves are banned\n|rule|Evasion Items Clause: Evasion items are banned\n|rule|Evasion Moves Clause: Evasion moves are banned\n|rule|Endless Battle Clause: Forcing endless battles is banned\n|rule|HP Percentage Mod: HP is shown in percentages\n|clearpoke\n|poke|p1|Iron Bundle|\n|poke|p1|Chien-Pao|\n|poke|p1|Ninetales-Alola, M|\n|poke|p1|Baxcalibur, F|\n|poke|p1|Calyrex-Ice|\n|poke|p1|Basculegion-F, F|\n|poke|p2|Kyogre|\n|poke|p2|Koraidon|\n|poke|p2|Iron Bundle|\n|poke|p2|Iron Valiant|\n|poke|p2|Flutter Mane|\n|poke|p2|Miraidon|\n|teampreview\n|inactive|Battle timer is ON: inactive players will automatically lose when time's up. (requested by Taygonspazz)\n|\n|t:|1698328879\n|start\n|switch|p1a: Chien-Pao|Chien-Pao|100\/100\n|switch|p2a: Koraidon|Koraidon|100\/100\n|-ability|p1a: Chien-Pao|Sword of Ruin\n|-weather|SunnyDay|[from] ability: Orichalcum Pulse|[of] p2a: Koraidon\n|-activate|p2a: Koraidon|Orichalcum Pulse|[source]\n|turn|1\n|\n|t:|1698328909\n|move|p1a: Chien-Pao|Sucker Punch|p2a: Koraidon\n|-resisted|p2a: Koraidon\n|-damage|p2a: Koraidon|78\/100\n|-damage|p1a: Chien-Pao|91\/100|[from] item: Life Orb\n|move|p2a: Koraidon|U-turn|p1a: Chien-Pao\n|-supereffective|p1a: Chien-Pao\n|-damage|p1a: Chien-Pao|0 fnt\n|faint|p1a: Chien-Pao\n|inactive|Taygonspazz has 120 seconds left.\n|\n|t:|1698328936\n|switch|p2a: Flutter Mane|Flutter Mane, shiny|100\/100|[from] U-turn\n|-activate|p2a: Flutter Mane|ability: Protosynthesis\n|-start|p2a: Flutter Mane|protosynthesisspe\n|\n|-weather|SunnyDay|[upkeep]\n|upkeep\n|inactive|vh7f has 120 seconds left.\n|\n|t:|1698328959\n|switch|p1a: Ninetales|Ninetales-Alola, M|100\/100\n|-weather|Snow|[from] ability: Snow Warning|[of] p1a: Ninetales\n|-end|p2a: Flutter Mane|Protosynthesis\n|turn|2\n|inactive|Taygonspazz has 120 seconds left.\n|\n|t:|1698328973\n|move|p2a: Flutter Mane|Mystical Fire|p1a: Ninetales\n|-supereffective|p1a: Ninetales\n|-damage|p1a: Ninetales|12\/100\n|-unboost|p1a: Ninetales|spa|1\n|-damage|p2a: Flutter Mane|91\/100|[from] item: Life Orb\n|move|p1a: Ninetales|Aurora Veil|p1a: Ninetales\n|-sidestart|p1: vh7f|move: Aurora Veil\n|\n|-weather|Snow|[upkeep]\n|upkeep\n|turn|3\n|inactive|vh7f has 120 seconds left.\n|\n|t:|1698328989\n|switch|p1a: Baxcalibur|Baxcalibur, F, shiny|100\/100\n|move|p2a: Flutter Mane|Mystical Fire|p1a: Baxcalibur\n|-damage|p1a: Baxcalibur|82\/100\n|-unboost|p1a: Baxcalibur|spa|1\n|-ability|p1a: Baxcalibur|Thermal Exchange|boost\n|-boost|p1a: Baxcalibur|atk|1\n|-damage|p2a: Flutter Mane|81\/100|[from] item: Life Orb\n|\n|-weather|Snow|[upkeep]\n|upkeep\n|turn|4\n|inactive|Taygonspazz has 120 seconds left.\n|\n|t:|1698329011\n|-terastallize|p2a: Flutter Mane|Fairy\n|move|p2a: Flutter Mane|Moonblast|p1a: Baxcalibur\n|-supereffective|p1a: Baxcalibur\n|-damage|p1a: Baxcalibur|0 fnt\n|faint|p1a: Baxcalibur\n|-damage|p2a: Flutter Mane|71\/100|[from] item: Life Orb\n|\n|-weather|Snow|[upkeep]\n|upkeep\n|inactive|vh7f has 120 seconds left.\n|\n|t:|1698329039\n|switch|p1a: Calyrex|Calyrex-Ice|100\/100\n|-ability|p1a: Calyrex|As One\n|-ability|p1a: Calyrex|Unnerve\n|turn|5\n|\n|t:|1698329047\n|move|p2a: Flutter Mane|Shadow Ball|p1a: Calyrex\n|-supereffective|p1a: Calyrex\n|-damage|p1a: Calyrex|59\/100\n|-enditem|p1a: Calyrex|Weakness Policy\n|-boost|p1a: Calyrex|atk|2|[from] item: Weakness Policy\n|-boost|p1a: Calyrex|spa|2|[from] item: Weakness Policy\n|-damage|p2a: Flutter Mane|61\/100|[from] item: Life Orb\n|move|p1a: Calyrex|Agility|p1a: Calyrex\n|-boost|p1a: Calyrex|spe|2\n|\n|-weather|Snow|[upkeep]\n|upkeep\n|turn|6\n|inactive|Taygonspazz has 120 seconds left.\n|\n|t:|1698329076\n|-end|p2a: Flutter Mane|Protosynthesis|[silent]\n|switch|p2a: Kyogre|Kyogre, shiny|100\/100\n|-weather|RainDance|[from] ability: Drizzle|[of] p2a: Kyogre\n|move|p1a: Calyrex|Glacial Lance|p2a: Kyogre\n|-resisted|p2a: Kyogre\n|-damage|p2a: Kyogre|37\/100\n|\n|-weather|RainDance|[upkeep]\n|-heal|p2a: Kyogre|43\/100|[from] item: Leftovers\n|upkeep\n|turn|7\n|inactive|Taygonspazz has 120 seconds left.\n|\n|t:|1698329096\n|move|p1a: Calyrex|Glacial Lance|p2a: Kyogre\n|-resisted|p2a: Kyogre\n|-damage|p2a: Kyogre|0 fnt\n|faint|p2a: Kyogre\n|-ability|p1a: Calyrex|Chilling Neigh|boost\n|-boost|p1a: Calyrex|atk|1\n|\n|-weather|RainDance|[upkeep]\n|upkeep\n|\n|t:|1698329101\n|switch|p2a: Iron Bundle|Iron Bundle, shiny|100\/100\n|turn|8\n|\n|t:|1698329120\n|move|p1a: Calyrex|Close Combat|p2a: Iron Bundle\n|-supereffective|p2a: Iron Bundle\n|-damage|p2a: Iron Bundle|0 fnt\n|-unboost|p1a: Calyrex|def|1\n|-unboost|p1a: Calyrex|spd|1\n|faint|p2a: Iron Bundle\n|-end|p2a: Iron Bundle|Quark Drive|[silent]\n|-ability|p1a: Calyrex|Chilling Neigh|boost\n|-boost|p1a: Calyrex|atk|1\n|\n|-weather|RainDance|[upkeep]\n|upkeep\n|\n|t:|1698329127\n|switch|p2a: Miraidon|Miraidon|100\/100\n|-fieldstart|move: Electric Terrain|[from] ability: Hadron Engine|[of] p2a: Miraidon\n|turn|9\n|\n|t:|1698329137\n|-terastallize|p1a: Calyrex|Ground\n|move|p1a: Calyrex|High Horsepower|p2a: Miraidon\n|-supereffective|p2a: Miraidon\n|-crit|p2a: Miraidon\n|-damage|p2a: Miraidon|0 fnt\n|faint|p2a: Miraidon\n|-ability|p1a: Calyrex|Chilling Neigh|boost\n|-boost|p1a: Calyrex|atk|1\n|\n|-weather|RainDance|[upkeep]\n|-sideend|p1: vh7f|move: Aurora Veil\n|upkeep\n|-message|Taygonspazz forfeited.\n|\n|win|vh7f\n|raw|vh7f's rating: 1095 &rarr; <strong>1119<\/strong><br \/>(+24 for winning)\n|raw|Taygonspazz's rating: 1068 &rarr; <strong>1049<\/strong><br \/>(-19 for losing)\n|l|\u2606Taygonspazz\n","uploadtime":1698329153,"views":8,"p1id":"vh7f","p2id":"taygonspazz","formatid":"gen9ubers","rating":1049,"private":0,"password":""}