{"id":"gen9ubers-1984867373","p1":"Ryriss","p2":"Harlem Foxtrotter","format":"[Gen 9] Ubers","log":"|j|\u2606Ryriss\n|j|\u2606Harlem Foxtrotter\n|t:|1699305880\n|gametype|singles\n|player|p1|Ryriss|hilbert-wonderlauncher|1532\n|player|p2|Harlem Foxtrotter|ghetsis|1430\n|teamsize|p1|6\n|teamsize|p2|6\n|gen|9\n|tier|[Gen 9] Ubers\n|rated|\n|rule|Sleep Clause Mod: Limit one foe put to sleep\n|rule|Species Clause: Limit one of each Pok\u00e9mon\n|rule|OHKO Clause: OHKO moves are banned\n|rule|Evasion Items Clause: Evasion items are banned\n|rule|Evasion Moves Clause: Evasion moves are banned\n|rule|Endless Battle Clause: Forcing endless battles is banned\n|rule|HP Percentage Mod: HP is shown in percentages\n|clearpoke\n|poke|p1|Arceus-Fire|\n|poke|p1|Giratina-Origin|\n|poke|p1|Dialga-Origin|\n|poke|p1|Koraidon|\n|poke|p1|Miraidon|\n|poke|p1|Sneasler, F|\n|poke|p2|Koraidon|\n|poke|p2|Roaring Moon|\n|poke|p2|Flutter Mane|\n|poke|p2|Walking Wake|\n|poke|p2|Great Tusk|\n|poke|p2|Slither Wing|\n|teampreview\n|inactive|Battle timer is ON: inactive players will automatically lose when time's up. (requested by Harlem Foxtrotter)\n|inactive|Ryriss has 120 seconds left.\n|inactive|Ryriss has 90 seconds left.\n|\n|t:|1699305950\n|start\n|switch|p1a: Giratina|Giratina-Origin|100\/100\n|switch|p2a: JESUSAURUS REX|Walking Wake|100\/100\n|turn|1\n|\n|t:|1699305961\n|switch|p1a: Dialga|Dialga-Origin|100\/100\n|-ability|p1a: Dialga|Pressure\n|move|p2a: JESUSAURUS REX|Flip Turn|p1a: Dialga\n|-resisted|p1a: Dialga\n|-damage|p1a: Dialga|95\/100\n|\n|t:|1699305977\n|-end|p2a: JESUSAURUS REX|Protosynthesis|[silent]\n|switch|p2a: MR HARLEY DAVIDSON|Koraidon|100\/100|[from] Flip Turn\n|-weather|SunnyDay|[from] ability: Orichalcum Pulse|[of] p2a: MR HARLEY DAVIDSON\n|-activate|p2a: MR HARLEY DAVIDSON|Orichalcum Pulse|[source]\n|\n|-weather|SunnyDay|[upkeep]\n|upkeep\n|turn|2\n|\n|t:|1699305986\n|switch|p1a: Arceus|Arceus-Fire|100\/100\n|move|p2a: MR HARLEY DAVIDSON|Close Combat|p1a: Arceus\n|-crit|p1a: Arceus\n|-damage|p1a: Arceus|32\/100\n|-unboost|p2a: MR HARLEY DAVIDSON|def|1\n|-unboost|p2a: MR HARLEY DAVIDSON|spd|1\n|\n|-weather|SunnyDay|[upkeep]\n|upkeep\n|turn|3\n|\n|t:|1699305993\n|switch|p1a: Giratina|Giratina-Origin|100\/100\n|move|p2a: MR HARLEY DAVIDSON|Close Combat|p1a: Giratina\n|-immune|p1a: Giratina\n|\n|-weather|SunnyDay|[upkeep]\n|upkeep\n|turn|4\n|\n|t:|1699305999\n|move|p2a: MR HARLEY DAVIDSON|U-turn|p1a: Giratina\n|-resisted|p1a: Giratina\n|-damage|p1a: Giratina|88\/100\n|\n|t:|1699306006\n|switch|p2a: #1 fairy weak team|Flutter Mane, shiny|100\/100|[from] U-turn\n|-activate|p2a: #1 fairy weak team|ability: Protosynthesis\n|-start|p2a: #1 fairy weak team|protosynthesisspe\n|move|p1a: Giratina|Draco Meteor|p2a: #1 fairy weak team\n|-immune|p2a: #1 fairy weak team\n|\n|-weather|SunnyDay|[upkeep]\n|upkeep\n|turn|5\n|\n|t:|1699306017\n|-end|p2a: #1 fairy weak team|Protosynthesis|[silent]\n|switch|p2a: IRRELEPHANT|Great Tusk, shiny|100\/100\n|-activate|p2a: IRRELEPHANT|ability: Protosynthesis\n|-start|p2a: IRRELEPHANT|protosynthesisatk\n|move|p1a: Giratina|Shadow Sneak|p2a: IRRELEPHANT\n|-damage|p2a: IRRELEPHANT|86\/100\n|\n|-weather|SunnyDay|[upkeep]\n|upkeep\n|turn|6\n|\n|t:|1699306023\n|move|p2a: IRRELEPHANT|Ice Spinner|p1a: Giratina\n|-supereffective|p1a: Giratina\n|-damage|p1a: Giratina|44\/100\n|move|p1a: Giratina|Draco Meteor|p2a: IRRELEPHANT\n|-damage|p2a: IRRELEPHANT|39\/100\n|-unboost|p1a: Giratina|spa|2\n|\n|-weather|SunnyDay|[upkeep]\n|upkeep\n|turn|7\n|\n|t:|1699306036\n|switch|p1a: Arceus|Arceus-Fire|32\/100\n|move|p2a: IRRELEPHANT|Ice Spinner|p1a: Arceus\n|-resisted|p1a: Arceus\n|-damage|p1a: Arceus|24\/100\n|\n|-weather|SunnyDay|[upkeep]\n|upkeep\n|turn|8\n|\n|t:|1699306045\n|switch|p1a: Giratina|Giratina-Origin|44\/100\n|move|p2a: IRRELEPHANT|Headlong Rush|p1a: Giratina\n|-immune|p1a: Giratina|[from] ability: Levitate\n|\n|-weather|none\n|-end|p2a: IRRELEPHANT|Protosynthesis\n|upkeep\n|turn|9\n|\n|t:|1699306050\n|move|p2a: IRRELEPHANT|Ice Spinner|p1a: Giratina\n|-supereffective|p1a: Giratina\n|-damage|p1a: Giratina|12\/100\n|move|p1a: Giratina|Draco Meteor|p2a: IRRELEPHANT|[miss]\n|-miss|p1a: Giratina|p2a: IRRELEPHANT\n|\n|upkeep\n|turn|10\n|\n|t:|1699306057\n|move|p2a: IRRELEPHANT|Ice Spinner|p1a: Giratina\n|-supereffective|p1a: Giratina\n|-damage|p1a: Giratina|0 fnt\n|faint|p1a: Giratina\n|\n|upkeep\n|\n|t:|1699306068\n|switch|p1a: Miraidon|Miraidon|100\/100\n|-fieldstart|move: Electric Terrain|[from] ability: Hadron Engine|[of] p1a: Miraidon\n|-enditem|p1a: Miraidon|Electric Seed\n|-boost|p1a: Miraidon|def|1|[from] item: Electric Seed\n|turn|11\n|\n|t:|1699306079\n|move|p1a: Miraidon|Dragon Pulse|p2a: IRRELEPHANT\n|-damage|p2a: IRRELEPHANT|5\/100\n|move|p2a: IRRELEPHANT|Headlong Rush|p1a: Miraidon\n|-supereffective|p1a: Miraidon\n|-damage|p1a: Miraidon|30\/100\n|-unboost|p2a: IRRELEPHANT|def|1\n|-unboost|p2a: IRRELEPHANT|spd|1\n|\n|upkeep\n|turn|12\n|\n|t:|1699306085\n|move|p1a: Miraidon|Dragon Pulse|p2a: IRRELEPHANT\n|-damage|p2a: IRRELEPHANT|0 fnt\n|faint|p2a: IRRELEPHANT\n|-end|p2a: IRRELEPHANT|Protosynthesis|[silent]\n|\n|upkeep\n|\n|t:|1699306102\n|switch|p2a: TOP G SLITHMA MALE|Slither Wing, shiny|100\/100\n|turn|13\n|\n|t:|1699306110\n|switch|p1a: Arceus|Arceus-Fire|24\/100\n|move|p2a: TOP G SLITHMA MALE|First Impression|p1a: Arceus\n|-resisted|p1a: Arceus\n|-damage|p1a: Arceus|3\/100\n|\n|upkeep\n|turn|14\n|\n|t:|1699306117\n|-end|p2a: TOP G SLITHMA MALE|Protosynthesis|[silent]\n|switch|p2a: Voring Moon \ud83d\ude0b|Roaring Moon, shiny|100\/100\n|move|p1a: Arceus|Recover|p1a: Arceus\n|-heal|p1a: Arceus|53\/100\n|\n|upkeep\n|turn|15\n|\n|t:|1699306122\n|move|p2a: Voring Moon \ud83d\ude0b|Earthquake|p1a: Arceus\n|-supereffective|p1a: Arceus\n|-damage|p1a: Arceus|5\/100\n|move|p1a: Arceus|Swords Dance|p1a: Arceus\n|-boost|p1a: Arceus|atk|2\n|\n|-fieldend|move: Electric Terrain\n|upkeep\n|turn|16\n|\n|t:|1699306130\n|move|p2a: Voring Moon \ud83d\ude0b|Knock Off|p1a: Arceus\n|-damage|p1a: Arceus|0 fnt\n|faint|p1a: Arceus\n|\n|upkeep\n|\n|t:|1699306134\n|switch|p1a: Miraidon|Miraidon|30\/100\n|-fieldstart|move: Electric Terrain|[from] ability: Hadron Engine|[of] p1a: Miraidon\n|turn|17\n|\n|t:|1699306142\n|move|p1a: Miraidon|Dragon Pulse|p2a: Voring Moon \ud83d\ude0b\n|-supereffective|p2a: Voring Moon \ud83d\ude0b\n|-damage|p2a: Voring Moon \ud83d\ude0b|0 fnt\n|faint|p2a: Voring Moon \ud83d\ude0b\n|-end|p2a: Voring Moon \ud83d\ude0b|Protosynthesis|[silent]\n|\n|upkeep\n|\n|t:|1699306168\n|switch|p2a: TOP G SLITHMA MALE|Slither Wing, shiny|100\/100\n|turn|18\n|\n|t:|1699306179\n|move|p1a: Miraidon|Electro Drift|p2a: TOP G SLITHMA MALE\n|-damage|p2a: TOP G SLITHMA MALE|24\/100\n|move|p2a: TOP G SLITHMA MALE|U-turn|p1a: Miraidon\n|-damage|p1a: Miraidon|0 fnt\n|faint|p1a: Miraidon\n|\n|t:|1699306185\n|-end|p2a: TOP G SLITHMA MALE|Protosynthesis|[silent]\n|switch|p2a: MR HARLEY DAVIDSON|Koraidon|100\/100|[from] U-turn\n|-weather|SunnyDay|[from] ability: Orichalcum Pulse|[of] p2a: MR HARLEY DAVIDSON\n|-activate|p2a: MR HARLEY DAVIDSON|Orichalcum Pulse|[source]\n|\n|-weather|SunnyDay|[upkeep]\n|upkeep\n|\n|t:|1699306188\n|switch|p1a: Sneasler|Sneasler, F|100\/100\n|-enditem|p1a: Sneasler|Electric Seed\n|-boost|p1a: Sneasler|def|1|[from] item: Electric Seed\n|turn|19\n|\n|t:|1699306194\n|move|p1a: Sneasler|Swords Dance|p1a: Sneasler\n|-boost|p1a: Sneasler|atk|2\n|move|p2a: MR HARLEY DAVIDSON|Flare Blitz|p1a: Sneasler\n|-damage|p1a: Sneasler|31\/100\n|-damage|p2a: MR HARLEY DAVIDSON|80\/100|[from] Recoil\n|\n|-weather|SunnyDay|[upkeep]\n|upkeep\n|turn|20\n|\n|t:|1699306201\n|move|p1a: Sneasler|Low Kick|p2a: MR HARLEY DAVIDSON\n|-damage|p2a: MR HARLEY DAVIDSON|0 fnt\n|faint|p2a: MR HARLEY DAVIDSON\n|\n|-weather|SunnyDay|[upkeep]\n|upkeep\n|\n|t:|1699306203\n|switch|p2a: JESUSAURUS REX|Walking Wake|100\/100\n|-activate|p2a: JESUSAURUS REX|ability: Protosynthesis\n|-start|p2a: JESUSAURUS REX|protosynthesisspe\n|turn|21\n|\n|t:|1699306210\n|move|p2a: JESUSAURUS REX|Hydro Steam|p1a: Sneasler\n|-crit|p1a: Sneasler\n|-damage|p1a: Sneasler|0 fnt\n|faint|p1a: Sneasler\n|\n|-weather|SunnyDay|[upkeep]\n|-fieldend|move: Electric Terrain\n|upkeep\n|\n|t:|1699306219\n|switch|p1a: Dialga|Dialga-Origin|95\/100\n|-ability|p1a: Dialga|Pressure\n|turn|22\n|\n|t:|1699306241\n|-terastallize|p2a: JESUSAURUS REX|Ground\n|move|p2a: JESUSAURUS REX|Hydro Steam|p1a: Dialga\n|-resisted|p1a: Dialga\n|-damage|p1a: Dialga|76\/100\n|move|p1a: Dialga|Steel Beam|p2a: JESUSAURUS REX\n|-damage|p2a: JESUSAURUS REX|0 fnt\n|-damage|p1a: Dialga|26\/100|[from] steelbeam\n|faint|p2a: JESUSAURUS REX\n|-end|p2a: JESUSAURUS REX|Protosynthesis|[silent]\n|\n|-weather|SunnyDay|[upkeep]\n|upkeep\n|\n|t:|1699306249\n|switch|p2a: #1 fairy weak team|Flutter Mane, shiny|100\/100\n|-activate|p2a: #1 fairy weak team|ability: Protosynthesis\n|-start|p2a: #1 fairy weak team|protosynthesisspe\n|turn|23\n|\n|t:|1699306257\n|move|p2a: #1 fairy weak team|Moonblast|p1a: Dialga\n|-damage|p1a: Dialga|0 fnt\n|faint|p1a: Dialga\n|\n|-weather|SunnyDay|[upkeep]\n|upkeep\n|\n|t:|1699306258\n|switch|p1a: Koraidon|Koraidon|100\/100\n|-activate|p1a: Koraidon|ability: Orichalcum Pulse\n|turn|24\n|-message|Ryriss forfeited.\n|\n|win|Harlem Foxtrotter\n|raw|Ryriss's rating: 1532 &rarr; <strong>1506<\/strong><br \/>(-26 for losing)\n|raw|Harlem Foxtrotter's rating: 1430 &rarr; <strong>1456<\/strong><br \/>(+26 for winning)\n|l|\u2606Ryriss\n","uploadtime":1699306267,"views":6,"p1id":"ryriss","p2id":"harlemfoxtrotter","formatid":"gen9ubers","rating":1456,"private":0,"password":""}