{"id":"gen9ubers-1991673192","p1":"Prince Shannon","p2":"default0","format":"[Gen 9] Ubers","log":"|j|\u2606Prince Shannon\n|j|\u2606default0\n|t:|1700101067\n|gametype|singles\n|player|p1|Prince Shannon|roark|\n|player|p2|default0|skierf-gen4dp|\n|teamsize|p1|6\n|teamsize|p2|6\n|gen|9\n|tier|[Gen 9] Ubers\n|rated|Tournament battle\n|rule|Sleep Clause Mod: Limit one foe put to sleep\n|rule|Species Clause: Limit one of each Pok\u00e9mon\n|rule|OHKO Clause: OHKO moves are banned\n|rule|Evasion Items Clause: Evasion items are banned\n|rule|Evasion Moves Clause: Evasion moves are banned\n|rule|Endless Battle Clause: Forcing endless battles is banned\n|rule|HP Percentage Mod: HP is shown in percentages\n|clearpoke\n|poke|p1|Koraidon|\n|poke|p1|Greninja-*, M|\n|poke|p1|Arceus-Ground|\n|poke|p1|Zacian-*|\n|poke|p1|Kyogre|\n|poke|p1|Miraidon|\n|poke|p2|Koraidon|\n|poke|p2|Flutter Mane|\n|poke|p2|Ting-Lu|\n|poke|p2|Ceruledge, F|\n|poke|p2|Miraidon|\n|poke|p2|Arceus-Ground|\n|teampreview\n|j| isoptera\n|\n|t:|1700101099\n|start\n|switch|p1a: Greninja|Greninja, M|100\/100\n|switch|p2a: Koraidon|Koraidon|100\/100\n|-weather|SunnyDay|[from] ability: Orichalcum Pulse|[of] p2a: Koraidon\n|-activate|p2a: Koraidon|Orichalcum Pulse|[source]\n|turn|1\n|\n|t:|1700101118\n|move|p2a: Koraidon|Scale Shot|p1a: Greninja\n|-damage|p1a: Greninja|69\/100\n|-damage|p1a: Greninja|37\/100\n|-damage|p1a: Greninja|6\/100\n|-damage|p1a: Greninja|0 fnt\n|faint|p1a: Greninja\n|-hitcount|p1: Greninja|4\n|-unboost|p2a: Koraidon|def|1\n|-boost|p2a: Koraidon|spe|1\n|\n|-weather|SunnyDay|[upkeep]\n|upkeep\n|\n|t:|1700101135\n|switch|p1a: Kyogre|Kyogre|100\/100\n|-weather|RainDance|[from] ability: Drizzle|[of] p1a: Kyogre\n|turn|2\n|\n|t:|1700101148\n|switch|p2a: Miraidon|Miraidon|100\/100\n|-fieldstart|move: Electric Terrain|[from] ability: Hadron Engine|[of] p2a: Miraidon\n|move|p1a: Kyogre|Ice Beam|p2a: Miraidon\n|-supereffective|p2a: Miraidon\n|-damage|p2a: Miraidon|42\/100\n|-status|p2a: Miraidon|frz\n|\n|-weather|RainDance|[upkeep]\n|upkeep\n|turn|3\n|\n|t:|1700101156\n|move|p1a: Kyogre|Ice Beam|p2a: Miraidon\n|-supereffective|p2a: Miraidon\n|-damage|p2a: Miraidon|0 fnt\n|faint|p2a: Miraidon\n|\n|-weather|RainDance|[upkeep]\n|upkeep\n|\n|t:|1700101159\n|switch|p2a: Ceruledge|Ceruledge, F|100\/100\n|turn|4\n|\n|t:|1700101163\n|switch|p1a: Arceus|Arceus-Ground|100\/100\n|move|p2a: Ceruledge|Swords Dance|p2a: Ceruledge\n|-boost|p2a: Ceruledge|atk|2\n|\n|-weather|RainDance|[upkeep]\n|upkeep\n|turn|5\n|\n|t:|1700101174\n|move|p1a: Arceus|Earthquake|p2a: Ceruledge\n|-supereffective|p2a: Ceruledge\n|-enditem|p2a: Ceruledge|Focus Sash\n|-damage|p2a: Ceruledge|1\/100\n|-ability|p2a: Ceruledge|Weak Armor|boost\n|-unboost|p2a: Ceruledge|def|1\n|-boost|p2a: Ceruledge|spe|2\n|move|p2a: Ceruledge|Poltergeist|p1a: Arceus\n|-activate|p1a: Arceus|move: Poltergeist|Earth Plate\n|-damage|p1a: Arceus|11\/100\n|\n|-weather|RainDance|[upkeep]\n|upkeep\n|turn|6\n|\n|t:|1700101186\n|move|p2a: Ceruledge|Bitter Blade|p1a: Arceus\n|-damage|p1a: Arceus|0 fnt\n|-heal|p2a: Ceruledge|8\/100|[from] drain|[of] p1a: Arceus\n|faint|p1a: Arceus\n|\n|-weather|none\n|-fieldend|move: Electric Terrain\n|upkeep\n|\n|t:|1700101191\n|switch|p1a: Koraidon|Koraidon|100\/100\n|-weather|SunnyDay|[from] ability: Orichalcum Pulse|[of] p1a: Koraidon\n|-activate|p1a: Koraidon|Orichalcum Pulse|[source]\n|turn|7\n|\n|t:|1700101203\n|move|p2a: Ceruledge|Poltergeist|p1a: Koraidon|[miss]\n|-miss|p2a: Ceruledge|p1a: Koraidon\n|move|p1a: Koraidon|Dragon Claw|p2a: Ceruledge\n|-crit|p2a: Ceruledge\n|-damage|p2a: Ceruledge|0 fnt\n|faint|p2a: Ceruledge\n|\n|-weather|SunnyDay|[upkeep]\n|upkeep\n|\n|t:|1700101210\n|switch|p2a: Flutter Mane|Flutter Mane|100\/100\n|-activate|p2a: Flutter Mane|ability: Protosynthesis\n|-start|p2a: Flutter Mane|protosynthesisspe\n|turn|8\n|\n|t:|1700101224\n|switch|p1a: Zacian|Zacian-Crowned|100\/100\n|-ability|p1a: Zacian|Intrepid Sword|boost\n|-boost|p1a: Zacian|atk|1\n|move|p2a: Flutter Mane|Substitute|p2a: Flutter Mane\n|-start|p2a: Flutter Mane|Substitute\n|-damage|p2a: Flutter Mane|76\/100\n|\n|-weather|SunnyDay|[upkeep]\n|upkeep\n|turn|9\n|\n|t:|1700101229\n|move|p2a: Flutter Mane|Shadow Ball|p1a: Zacian\n|-damage|p1a: Zacian|47\/100\n|-damage|p2a: Flutter Mane|66\/100|[from] item: Life Orb\n|move|p1a: Zacian|Behemoth Blade|p2a: Flutter Mane\n|-supereffective|p2a: Flutter Mane\n|-end|p2a: Flutter Mane|Substitute\n|\n|-weather|SunnyDay|[upkeep]\n|upkeep\n|turn|10\n|\n|t:|1700101243\n|switch|p1a: Kyogre|Kyogre|100\/100\n|-weather|RainDance|[from] ability: Drizzle|[of] p1a: Kyogre\n|-end|p2a: Flutter Mane|Protosynthesis\n|move|p2a: Flutter Mane|Shadow Ball|p1a: Kyogre\n|-damage|p1a: Kyogre|59\/100\n|-damage|p2a: Flutter Mane|56\/100|[from] item: Life Orb\n|\n|-weather|RainDance|[upkeep]\n|upkeep\n|turn|11\n|\n|t:|1700101249\n|-end|p2a: Flutter Mane|Protosynthesis|[silent]\n|switch|p2a: Koraidon|Koraidon|100\/100\n|-weather|SunnyDay|[from] ability: Orichalcum Pulse|[of] p2a: Koraidon\n|-activate|p2a: Koraidon|Orichalcum Pulse|[source]\n|move|p1a: Kyogre|Origin Pulse|p2a: Koraidon\n|-resisted|p2a: Koraidon\n|-damage|p2a: Koraidon|86\/100\n|\n|-weather|SunnyDay|[upkeep]\n|upkeep\n|turn|12\n|\n|t:|1700101263\n|switch|p1a: Zacian|Zacian-Crowned|47\/100\n|move|p2a: Koraidon|Flare Blitz|p1a: Zacian\n|-supereffective|p1a: Zacian\n|-crit|p1a: Zacian\n|-damage|p1a: Zacian|0 fnt\n|faint|p1a: Zacian\n|-damage|p2a: Koraidon|71\/100|[from] Recoil\n|\n|-weather|SunnyDay|[upkeep]\n|upkeep\n|\n|t:|1700101275\n|switch|p1a: Kyogre|Kyogre|59\/100\n|-weather|RainDance|[from] ability: Drizzle|[of] p1a: Kyogre\n|turn|13\n|\n|t:|1700101284\n|switch|p2a: Flutter Mane|Flutter Mane|56\/100\n|move|p1a: Kyogre|Ice Beam|p2a: Flutter Mane\n|-crit|p2a: Flutter Mane\n|-damage|p2a: Flutter Mane|0 fnt\n|faint|p2a: Flutter Mane\n|-end|p2a: Flutter Mane|Protosynthesis|[silent]\n|\n|-weather|RainDance|[upkeep]\n|upkeep\n|\n|t:|1700101295\n|switch|p2a: Ting-Lu|Ting-Lu|100\/100\n|-ability|p2a: Ting-Lu|Vessel of Ruin\n|turn|14\n|\n|t:|1700101299\n|switch|p1a: Koraidon|Koraidon|100\/100\n|-weather|SunnyDay|[from] ability: Orichalcum Pulse|[of] p1a: Koraidon\n|-activate|p1a: Koraidon|Orichalcum Pulse|[source]\n|move|p2a: Ting-Lu|Earthquake|p1a: Koraidon\n|-damage|p1a: Koraidon|70\/100\n|\n|-weather|SunnyDay|[upkeep]\n|-heal|p1a: Koraidon|76\/100|[from] item: Leftovers\n|upkeep\n|turn|15\n|\n|t:|1700101326\n|switch|p2a: Arceus|Arceus-Ground|100\/100\n|move|p1a: Koraidon|Taunt|p2a: Arceus\n|-start|p2a: Arceus|move: Taunt\n|\n|-weather|SunnyDay|[upkeep]\n|-heal|p1a: Koraidon|82\/100|[from] item: Leftovers\n|upkeep\n|turn|16\n|\n|t:|1700101330\n|move|p1a: Koraidon|Swords Dance|p1a: Koraidon\n|-boost|p1a: Koraidon|atk|2\n|move|p2a: Arceus|Judgment|p1a: Koraidon\n|-damage|p1a: Koraidon|33\/100\n|\n|-weather|SunnyDay|[upkeep]\n|-heal|p1a: Koraidon|40\/100|[from] item: Leftovers\n|upkeep\n|turn|17\n|\n|t:|1700101335\n|move|p1a: Koraidon|Dragon Claw|p2a: Arceus\n|-damage|p2a: Arceus|40\/100\n|move|p2a: Arceus|Judgment|p1a: Koraidon\n|-damage|p1a: Koraidon|0 fnt\n|faint|p1a: Koraidon\n|\n|-weather|SunnyDay|[upkeep]\n|-end|p2a: Arceus|move: Taunt\n|upkeep\n|\n|t:|1700101339\n|switch|p1a: Miraidon|Miraidon|100\/100\n|-fieldstart|move: Electric Terrain|[from] ability: Hadron Engine|[of] p1a: Miraidon\n|turn|18\n|j| klefkwi\n|\n|t:|1700101366\n|-terastallize|p1a: Miraidon|Fairy\n|move|p1a: Miraidon|Agility|p1a: Miraidon\n|-boost|p1a: Miraidon|spe|2\n|move|p2a: Arceus|Judgment|p1a: Miraidon\n|-damage|p1a: Miraidon|65\/100\n|\n|-weather|none\n|upkeep\n|turn|19\n|\n|t:|1700101372\n|move|p1a: Miraidon|Dazzling Gleam|p2a: Arceus\n|-damage|p2a: Arceus|0 fnt\n|faint|p2a: Arceus\n|-damage|p1a: Miraidon|55\/100|[from] item: Life Orb\n|\n|upkeep\n|\n|t:|1700101379\n|switch|p2a: Ting-Lu|Ting-Lu|100\/100\n|-ability|p2a: Ting-Lu|Vessel of Ruin\n|turn|20\n|c|\u2606Prince Shannon|nice avatar dream\n|c| klefkwi|ty\n|\n|t:|1700101408\n|move|p1a: Miraidon|Dazzling Gleam|p2a: Ting-Lu\n|-supereffective|p2a: Ting-Lu\n|-damage|p2a: Ting-Lu|29\/100\n|-damage|p1a: Miraidon|45\/100|[from] item: Life Orb\n|move|p2a: Ting-Lu|Earthquake|p1a: Miraidon\n|-damage|p1a: Miraidon|15\/100\n|\n|-heal|p2a: Ting-Lu|35\/100|[from] item: Leftovers\n|upkeep\n|turn|21\n|\n|t:|1700101415\n|move|p1a: Miraidon|Dazzling Gleam|p2a: Ting-Lu\n|-supereffective|p2a: Ting-Lu\n|-damage|p2a: Ting-Lu|0 fnt\n|faint|p2a: Ting-Lu\n|-damage|p1a: Miraidon|5\/100|[from] item: Life Orb\n|\n|upkeep\n|\n|t:|1700101417\n|switch|p2a: Koraidon|Koraidon|71\/100\n|-weather|SunnyDay|[from] ability: Orichalcum Pulse|[of] p2a: Koraidon\n|-activate|p2a: Koraidon|Orichalcum Pulse|[source]\n|turn|22\n|c|\u2606default0|literally forgot tera existed\n|\n|t:|1700101436\n|-terastallize|p2a: Koraidon|Steel\n|move|p1a: Miraidon|Dazzling Gleam|p2a: Koraidon\n|-resisted|p2a: Koraidon\n|-damage|p2a: Koraidon|27\/100\n|-damage|p1a: Miraidon|0 fnt|[from] item: Life Orb\n|faint|p1a: Miraidon\n|move|p2a: Koraidon|Swords Dance|p2a: Koraidon\n|-boost|p2a: Koraidon|atk|2\n|\n|-weather|SunnyDay|[upkeep]\n|-fieldend|move: Electric Terrain\n|upkeep\n|\n|t:|1700101441\n|switch|p1a: Kyogre|Kyogre|59\/100\n|-weather|RainDance|[from] ability: Drizzle|[of] p1a: Kyogre\n|turn|23\n|c|\u2606Prince Shannon|gg\n|\n|t:|1700101450\n|move|p1a: Kyogre|Water Spout|p2a: Koraidon\n|-damage|p2a: Koraidon|0 fnt\n|faint|p2a: Koraidon\n|\n|win|Prince Shannon\n|n|\u2606Prince Shannon|princeshannon\n|n|\u2606default0|default0\n|n| isoptera|isoptera\n|n| klefkwi|klefkwi\n","uploadtime":1700101450,"views":5,"p1id":"princeshannon","p2id":"default0","formatid":"gen9ubers","rating":0,"private":0,"password":""}