{"id":"gen9ubers-1997620958","p1":"Ethan Vover","p2":"CelesteMtn","format":"[Gen 9] Ubers","log":"|j|\u2606Ethan Vover\n|j|\u2606CelesteMtn\n|t:|1700834007\n|gametype|singles\n|player|p1|Ethan Vover|ethan|1172\n|player|p2|CelesteMtn|lady|1173\n|teamsize|p1|6\n|teamsize|p2|6\n|gen|9\n|tier|[Gen 9] Ubers\n|rated|\n|rule|Sleep Clause Mod: Limit one foe put to sleep\n|rule|Species Clause: Limit one of each Pok\u00e9mon\n|rule|OHKO Clause: OHKO moves are banned\n|rule|Evasion Items Clause: Evasion items are banned\n|rule|Evasion Moves Clause: Evasion moves are banned\n|rule|Endless Battle Clause: Forcing endless battles is banned\n|rule|HP Percentage Mod: HP is shown in percentages\n|clearpoke\n|poke|p1|Ursaluna-Bloodmoon, M|\n|poke|p1|Ceruledge, M|\n|poke|p1|Ninetales-Alola, M|\n|poke|p1|Arcanine-Hisui, M|\n|poke|p1|Corviknight, M|\n|poke|p1|Sneasler, M|\n|poke|p2|Miraidon|\n|poke|p2|Sneasler, F|\n|poke|p2|Iron Bundle|\n|poke|p2|Koraidon|\n|poke|p2|Iron Treads|\n|poke|p2|Arceus-Ground|\n|teampreview\n|inactive|Battle timer is ON: inactive players will automatically lose when time's up. (requested by CelesteMtn)\n|\n|t:|1700834020\n|start\n|switch|p1a: Ninetales|Ninetales-Alola, M|100\/100\n|switch|p2a: Iron Bundle|Iron Bundle|100\/100\n|-weather|Snow|[from] ability: Snow Warning|[of] p1a: Ninetales\n|turn|1\n|\n|t:|1700834027\n|move|p2a: Iron Bundle|Hydro Pump|p1a: Ninetales\n|-damage|p1a: Ninetales|34\/100\n|move|p1a: Ninetales|Moonblast|p2a: Iron Bundle\n|-damage|p2a: Iron Bundle|27\/100\n|\n|-weather|Snow|[upkeep]\n|upkeep\n|turn|2\n|\n|t:|1700834034\n|move|p2a: Iron Bundle|Hydro Pump|p1a: Ninetales\n|-crit|p1a: Ninetales\n|-damage|p1a: Ninetales|0 fnt\n|faint|p1a: Ninetales\n|\n|-weather|Snow|[upkeep]\n|upkeep\n|\n|t:|1700834047\n|switch|p1a: Ceruledge|Ceruledge, M|100\/100\n|turn|3\n|\n|t:|1700834051\n|move|p2a: Iron Bundle|Hydro Pump|p1a: Ceruledge\n|-supereffective|p1a: Ceruledge\n|-enditem|p1a: Ceruledge|Focus Sash\n|-damage|p1a: Ceruledge|1\/100\n|move|p1a: Ceruledge|Swords Dance|p1a: Ceruledge\n|-boost|p1a: Ceruledge|atk|2\n|\n|-weather|Snow|[upkeep]\n|upkeep\n|turn|4\n|\n|t:|1700834056\n|move|p1a: Ceruledge|Shadow Sneak|p2a: Iron Bundle\n|-damage|p2a: Iron Bundle|0 fnt\n|faint|p2a: Iron Bundle\n|-end|p2a: Iron Bundle|Quark Drive|[silent]\n|\n|-weather|Snow|[upkeep]\n|upkeep\n|\n|t:|1700834069\n|switch|p2a: Iron Treads|Iron Treads|100\/100\n|-enditem|p2a: Iron Treads|Booster Energy\n|-activate|p2a: Iron Treads|ability: Quark Drive|[fromitem]\n|-start|p2a: Iron Treads|quarkdrivespe\n|turn|5\n|\n|t:|1700834075\n|move|p2a: Iron Treads|Stealth Rock|p1a: Ceruledge\n|-sidestart|p1: Ethan Vover|move: Stealth Rock\n|move|p1a: Ceruledge|Bitter Blade|p2a: Iron Treads\n|-supereffective|p2a: Iron Treads\n|-damage|p2a: Iron Treads|0 fnt\n|-heal|p1a: Ceruledge|56\/100|[from] drain|[of] p2a: Iron Treads\n|faint|p2a: Iron Treads\n|-end|p2a: Iron Treads|Quark Drive|[silent]\n|\n|-weather|none\n|upkeep\n|\n|t:|1700834084\n|switch|p2a: Koraidon|Koraidon|100\/100\n|-weather|SunnyDay|[from] ability: Orichalcum Pulse|[of] p2a: Koraidon\n|-activate|p2a: Koraidon|Orichalcum Pulse|[source]\n|turn|6\n|\n|t:|1700834090\n|move|p2a: Koraidon|Scale Shot|p1a: Ceruledge|[miss]\n|-miss|p2a: Koraidon|p1a: Ceruledge\n|move|p1a: Ceruledge|Bitter Blade|p2a: Koraidon\n|-resisted|p2a: Koraidon\n|-damage|p2a: Koraidon|39\/100\n|-heal|p1a: Ceruledge|92\/100|[from] drain|[of] p2a: Koraidon\n|\n|-weather|SunnyDay|[upkeep]\n|upkeep\n|turn|7\n|\n|t:|1700834096\n|move|p1a: Ceruledge|Shadow Sneak|p2a: Koraidon\n|-damage|p2a: Koraidon|0 fnt\n|faint|p2a: Koraidon\n|\n|-weather|SunnyDay|[upkeep]\n|upkeep\n|\n|t:|1700834098\n|switch|p2a: Miraidon|Miraidon|100\/100\n|-fieldstart|move: Electric Terrain|[from] ability: Hadron Engine|[of] p2a: Miraidon\n|turn|8\n|\n|t:|1700834103\n|move|p2a: Miraidon|Electro Drift|p1a: Ceruledge\n|-crit|p1a: Ceruledge\n|-damage|p1a: Ceruledge|0 fnt\n|faint|p1a: Ceruledge\n|\n|-weather|SunnyDay|[upkeep]\n|upkeep\n|\n|t:|1700834105\n|switch|p1a: Ursaluna|Ursaluna-Bloodmoon, M|100\/100\n|-damage|p1a: Ursaluna|94\/100|[from] Stealth Rock\n|turn|9\n|\n|t:|1700834113\n|switch|p2a: Arceus|Arceus-Ground|100\/100\n|move|p1a: Ursaluna|Earth Power|p2a: Arceus\n|-damage|p2a: Arceus|64\/100\n|\n|-weather|SunnyDay|[upkeep]\n|-heal|p1a: Ursaluna|100\/100|[from] item: Leftovers\n|upkeep\n|turn|10\n|\n|t:|1700834116\n|move|p2a: Arceus|Dragon Dance|p2a: Arceus\n|-boost|p2a: Arceus|atk|1\n|-boost|p2a: Arceus|spe|1\n|move|p1a: Ursaluna|Blood Moon|p2a: Arceus\n|-damage|p2a: Arceus|10\/100\n|\n|-weather|none\n|upkeep\n|turn|11\n|\n|t:|1700834118\n|move|p2a: Arceus|Recover|p2a: Arceus\n|-heal|p2a: Arceus|61\/100\n|move|p1a: Ursaluna|Earth Power|p2a: Arceus\n|-damage|p2a: Arceus|22\/100\n|\n|upkeep\n|turn|12\n|\n|t:|1700834121\n|move|p2a: Arceus|Recover|p2a: Arceus\n|-heal|p2a: Arceus|72\/100\n|move|p1a: Ursaluna|Blood Moon|p2a: Arceus\n|-damage|p2a: Arceus|17\/100\n|\n|-fieldend|move: Electric Terrain\n|upkeep\n|turn|13\n|\n|t:|1700834123\n|move|p2a: Arceus|Recover|p2a: Arceus\n|-heal|p2a: Arceus|67\/100\n|move|p1a: Ursaluna|Earth Power|p2a: Arceus\n|-damage|p2a: Arceus|30\/100\n|\n|upkeep\n|turn|14\n|\n|t:|1700834126\n|move|p2a: Arceus|Earthquake|p1a: Ursaluna\n|-damage|p1a: Ursaluna|39\/100\n|move|p1a: Ursaluna|Blood Moon|p2a: Arceus\n|-damage|p2a: Arceus|0 fnt\n|faint|p2a: Arceus\n|\n|-heal|p1a: Ursaluna|45\/100|[from] item: Leftovers\n|upkeep\n|\n|t:|1700834129\n|switch|p2a: Sneasler|Sneasler, F, shiny|100\/100\n|turn|15\n|\n|t:|1700834133\n|move|p1a: Ursaluna|Protect|p1a: Ursaluna\n|-singleturn|p1a: Ursaluna|Protect\n|move|p2a: Sneasler|Close Combat|p1a: Ursaluna\n|-activate|p1a: Ursaluna|move: Protect\n|\n|-heal|p1a: Ursaluna|52\/100|[from] item: Leftovers\n|upkeep\n|turn|16\n|\n|t:|1700834147\n|switch|p1a: Sneasler|Sneasler, M|100\/100\n|-damage|p1a: Sneasler|95\/100|[from] Stealth Rock\n|move|p2a: Sneasler|Close Combat|p1a: Sneasler\n|-resisted|p1a: Sneasler\n|-damage|p1a: Sneasler|38\/100\n|-unboost|p2a: Sneasler|def|1\n|-unboost|p2a: Sneasler|spd|1\n|\n|upkeep\n|turn|17\n|\n|t:|1700834151\n|move|p2a: Sneasler|Acrobatics|p1a: Sneasler\n|-supereffective|p1a: Sneasler\n|-damage|p1a: Sneasler|0 fnt\n|faint|p1a: Sneasler\n|\n|upkeep\n|\n|t:|1700834155\n|switch|p1a: Corviknight|Corviknight, M|100\/100\n|-damage|p1a: Corviknight|88\/100|[from] Stealth Rock\n|turn|18\n|\n|t:|1700834160\n|move|p2a: Sneasler|Close Combat|p1a: Corviknight\n|-damage|p1a: Corviknight|44\/100\n|-unboost|p2a: Sneasler|def|1\n|-unboost|p2a: Sneasler|spd|1\n|move|p1a: Corviknight|Brave Bird|p2a: Sneasler\n|-supereffective|p2a: Sneasler\n|-damage|p2a: Sneasler|0 fnt\n|faint|p2a: Sneasler\n|-damage|p1a: Corviknight|19\/100|[from] Recoil\n|\n|-heal|p1a: Corviknight|26\/100|[from] item: Leftovers\n|upkeep\n|\n|t:|1700834164\n|switch|p2a: Miraidon|Miraidon|100\/100\n|-fieldstart|move: Electric Terrain|[from] ability: Hadron Engine|[of] p2a: Miraidon\n|turn|19\n|\n|t:|1700834173\n|-terastallize|p2a: Miraidon|Fairy\n|move|p2a: Miraidon|Dazzling Gleam|p1a: Corviknight\n|-resisted|p1a: Corviknight\n|-damage|p1a: Corviknight|0 fnt\n|faint|p1a: Corviknight\n|\n|upkeep\n|\n|t:|1700834179\n|switch|p1a: Arcanine|Arcanine-Hisui, M|100\/100\n|-damage|p1a: Arcanine|75\/100|[from] Stealth Rock\n|turn|20\n|\n|t:|1700834185\n|move|p1a: Arcanine|Head Smash|p2a: Miraidon|[miss]\n|-miss|p1a: Arcanine|p2a: Miraidon\n|move|p2a: Miraidon|Dazzling Gleam|p1a: Arcanine\n|-resisted|p1a: Arcanine\n|-damage|p1a: Arcanine|21\/100\n|\n|upkeep\n|turn|21\n|\n|t:|1700834189\n|move|p1a: Arcanine|Head Smash|p2a: Miraidon\n|-damage|p2a: Miraidon|23\/100\n|move|p2a: Miraidon|Dazzling Gleam|p1a: Arcanine\n|-resisted|p1a: Arcanine\n|-damage|p1a: Arcanine|0 fnt\n|faint|p1a: Arcanine\n|\n|upkeep\n|\n|t:|1700834192\n|switch|p1a: Ursaluna|Ursaluna-Bloodmoon, M|52\/100\n|-damage|p1a: Ursaluna|45\/100|[from] Stealth Rock\n|turn|22\n|\n|t:|1700834195\n|move|p1a: Ursaluna|Protect|p1a: Ursaluna\n|-singleturn|p1a: Ursaluna|Protect\n|move|p2a: Miraidon|Dazzling Gleam|p1a: Ursaluna\n|-activate|p1a: Ursaluna|move: Protect\n|\n|-heal|p1a: Ursaluna|52\/100|[from] item: Leftovers\n|upkeep\n|turn|23\n|\n|t:|1700834198\n|move|p2a: Miraidon|Dazzling Gleam|p1a: Ursaluna\n|-damage|p1a: Ursaluna|0 fnt\n|faint|p1a: Ursaluna\n|\n|win|CelesteMtn\n|raw|Ethan Vover's rating: 1172 &rarr; <strong>1147<\/strong><br \/>(-25 for losing)\n|raw|CelesteMtn's rating: 1173 &rarr; <strong>1198<\/strong><br \/>(+25 for winning)\n|l|\u2606Ethan Vover\n","uploadtime":1700834207,"views":2,"p1id":"ethanvover","p2id":"celestemtn","formatid":"gen9ubers","rating":1147,"private":0,"password":""}