{"id":"gen9ubers-1971958003","p1":"Wssi","p2":"Na2Zn(OH)4","format":"[Gen 9] Ubers","log":"|j|\u2606Wssi\n|j|\u2606Na2Zn(OH)4\n|t:|1697797727\n|gametype|singles\n|player|p1|Wssi|backpacker|1544\n|player|p2|Na2Zn(OH)4|dawn-contest|1489\n|teamsize|p1|6\n|teamsize|p2|6\n|gen|9\n|tier|[Gen 9] Ubers\n|rated|\n|rule|Sleep Clause Mod: Limit one foe put to sleep\n|rule|Species Clause: Limit one of each Pok\u00e9mon\n|rule|OHKO Clause: OHKO moves are banned\n|rule|Evasion Items Clause: Evasion items are banned\n|rule|Evasion Moves Clause: Evasion moves are banned\n|rule|Endless Battle Clause: Forcing endless battles is banned\n|rule|HP Percentage Mod: HP is shown in percentages\n|clearpoke\n|poke|p1|Zacian-*|\n|poke|p1|Koraidon|\n|poke|p1|Glimmora, M|\n|poke|p1|Arceus|\n|poke|p1|Groudon|\n|poke|p1|Miraidon|\n|poke|p2|Zacian-*|\n|poke|p2|Landorus-Therian, M|\n|poke|p2|Ting-Lu|\n|poke|p2|Miraidon|\n|poke|p2|Hatterene, F|\n|poke|p2|Arceus-Ghost|\n|teampreview\n|inactive|Battle timer is ON: inactive players will automatically lose when time's up. (requested by Wssi)\n|j| EpicGamer069420\n|\n|t:|1697797752\n|start\n|switch|p1a: Glimmora|Glimmora, M|100\/100\n|switch|p2a: Miraidon|Miraidon|100\/100\n|-fieldstart|move: Electric Terrain|[from] ability: Hadron Engine|[of] p2a: Miraidon\n|turn|1\n|\n|t:|1697797776\n|switch|p1a: Groudon|Groudon|100\/100\n|-weather|SunnyDay|[from] ability: Drought|[of] p1a: Groudon\n|move|p2a: Miraidon|Volt Switch|p1a: Groudon\n|-immune|p1a: Groudon\n|\n|-weather|SunnyDay|[upkeep]\n|upkeep\n|turn|2\n|inactive|Wssi has 120 seconds left.\n|inactive|Na2Zn(OH)4 has 120 seconds left.\n|\n|t:|1697797813\n|switch|p2a: Hatterene|Hatterene, F|100\/100\n|switch|p1a: Glimmora|Glimmora, M|100\/100\n|\n|-weather|SunnyDay|[upkeep]\n|upkeep\n|turn|3\n|inactive|Na2Zn(OH)4 has 120 seconds left.\n|\n|t:|1697797819\n|move|p1a: Glimmora|Sludge Wave|p2a: Hatterene\n|-supereffective|p2a: Hatterene\n|-damage|p2a: Hatterene|0 fnt\n|faint|p2a: Hatterene\n|\n|-weather|SunnyDay|[upkeep]\n|upkeep\n|inactive|Na2Zn(OH)4 has 120 seconds left.\n|\n|t:|1697797832\n|switch|p2a: Arceus|Arceus-Ghost|100\/100\n|turn|4\n|\n|t:|1697797837\n|move|p2a: Arceus|Taunt|p1a: Glimmora\n|-start|p1a: Glimmora|move: Taunt\n|move|p1a: Glimmora|Mortal Spin|p2a: Arceus\n|-resisted|p2a: Arceus\n|-damage|p2a: Arceus|98\/100\n|-status|p2a: Arceus|psn\n|\n|-weather|SunnyDay|[upkeep]\n|-damage|p2a: Arceus|86\/100 psn|[from] psn\n|upkeep\n|turn|5\n|\n|t:|1697797846\n|move|p2a: Arceus|Judgment|p1a: Glimmora\n|-damage|p1a: Glimmora|26\/100\n|move|p1a: Glimmora|Earth Power|p2a: Arceus\n|-damage|p2a: Arceus|67\/100 psn\n|-unboost|p2a: Arceus|spd|1\n|\n|-weather|none\n|-damage|p2a: Arceus|55\/100 psn|[from] psn\n|-fieldend|move: Electric Terrain\n|upkeep\n|turn|6\n|\n|t:|1697797855\n|move|p2a: Arceus|Recover|p2a: Arceus\n|-heal|p2a: Arceus|100\/100 psn\n|move|p1a: Glimmora|Earth Power|p2a: Arceus\n|-damage|p2a: Arceus|71\/100 psn\n|\n|-damage|p2a: Arceus|59\/100 psn|[from] psn\n|-end|p1a: Glimmora|move: Taunt\n|upkeep\n|turn|7\n|\n|t:|1697797860\n|move|p2a: Arceus|Judgment|p1a: Glimmora\n|-damage|p1a: Glimmora|0 fnt\n|faint|p1a: Glimmora\n|\n|-damage|p2a: Arceus|46\/100 psn|[from] psn\n|upkeep\n|\n|t:|1697797874\n|switch|p1a: Zacian|Zacian-Crowned|100\/100\n|-ability|p1a: Zacian|Intrepid Sword|boost\n|-boost|p1a: Zacian|atk|1\n|turn|8\n|\n|t:|1697797882\n|move|p1a: Zacian|Swords Dance|p1a: Zacian\n|-boost|p1a: Zacian|atk|2\n|move|p2a: Arceus|Will-O-Wisp|p1a: Zacian\n|-status|p1a: Zacian|brn\n|\n|-damage|p2a: Arceus|34\/100 psn|[from] psn\n|-damage|p1a: Zacian|94\/100 brn|[from] brn\n|upkeep\n|turn|9\n|\n|t:|1697797892\n|switch|p2a: Landorus|Landorus-Therian, M|100\/100\n|-ability|p2a: Landorus|Intimidate|boost\n|-unboost|p1a: Zacian|atk|1\n|move|p1a: Zacian|Swords Dance|p1a: Zacian\n|-boost|p1a: Zacian|atk|2\n|\n|-damage|p1a: Zacian|88\/100 brn|[from] brn\n|upkeep\n|turn|10\n|\n|t:|1697797900\n|move|p1a: Zacian|Play Rough|p2a: Landorus\n|-damage|p2a: Landorus|49\/100\n|-damage|p1a: Zacian|72\/100 brn|[from] item: Rocky Helmet|[of] p2a: Landorus\n|move|p2a: Landorus|Earthquake|p1a: Zacian\n|-supereffective|p1a: Zacian\n|-damage|p1a: Zacian|0 fnt\n|faint|p1a: Zacian\n|\n|upkeep\n|\n|t:|1697797910\n|switch|p1a: Miraidon|Miraidon|100\/100\n|-fieldstart|move: Electric Terrain|[from] ability: Hadron Engine|[of] p1a: Miraidon\n|turn|11\n|\n|t:|1697797914\n|switch|p2a: Ting-Lu|Ting-Lu|100\/100\n|-ability|p2a: Ting-Lu|Vessel of Ruin\n|move|p1a: Miraidon|Draco Meteor|p2a: Ting-Lu\n|-crit|p2a: Ting-Lu\n|-damage|p2a: Ting-Lu|46\/100\n|-unboost|p1a: Miraidon|spa|2\n|\n|-heal|p2a: Ting-Lu|52\/100|[from] item: Leftovers\n|upkeep\n|turn|12\n|\n|t:|1697797928\n|switch|p1a: Koraidon|Koraidon|100\/100\n|-weather|SunnyDay|[from] ability: Orichalcum Pulse|[of] p1a: Koraidon\n|-activate|p1a: Koraidon|Orichalcum Pulse|[source]\n|switch|p2a: Miraidon|Miraidon|100\/100\n|-activate|p2a: Miraidon|ability: Hadron Engine\n|\n|-weather|SunnyDay|[upkeep]\n|upkeep\n|turn|13\n|\n|t:|1697797948\n|switch|p1a: Arceus|Arceus|100\/100\n|move|p2a: Miraidon|Draco Meteor|p1a: Arceus\n|-damage|p1a: Arceus|35\/100\n|-unboost|p2a: Miraidon|spa|2\n|\n|-weather|SunnyDay|[upkeep]\n|upkeep\n|turn|14\n|\n|t:|1697797965\n|switch|p2a: Arceus|Arceus-Ghost|34\/100 psn\n|move|p1a: Arceus|Recover|p1a: Arceus\n|-heal|p1a: Arceus|85\/100\n|\n|-weather|SunnyDay|[upkeep]\n|-damage|p2a: Arceus|21\/100 psn|[from] psn\n|upkeep\n|turn|15\n|\n|t:|1697797972\n|switch|p1a: Miraidon|Miraidon|100\/100\n|-activate|p1a: Miraidon|ability: Hadron Engine\n|move|p2a: Arceus|Will-O-Wisp|p1a: Miraidon\n|-status|p1a: Miraidon|brn\n|\n|-weather|SunnyDay|[upkeep]\n|-damage|p2a: Arceus|9\/100 psn|[from] psn\n|-damage|p1a: Miraidon|94\/100 brn|[from] brn\n|-fieldend|move: Electric Terrain\n|upkeep\n|turn|16\n|inactive|Na2Zn(OH)4 has 120 seconds left.\n|\n|t:|1697798009\n|switch|p2a: Ting-Lu|Ting-Lu|52\/100\n|-ability|p2a: Ting-Lu|Vessel of Ruin\n|move|p1a: Miraidon|Solar Beam||[still]\n|-prepare|p1a: Miraidon|Solar Beam\n|-anim|p1a: Miraidon|Solar Beam|p2a: Ting-Lu\n|-supereffective|p2a: Ting-Lu\n|-damage|p2a: Ting-Lu|17\/100\n|\n|-weather|none\n|-heal|p2a: Ting-Lu|23\/100|[from] item: Leftovers\n|-damage|p1a: Miraidon|88\/100 brn|[from] brn\n|upkeep\n|turn|17\n|inactive|Na2Zn(OH)4 has 120 seconds left.\n|\n|t:|1697798024\n|switch|p2a: Landorus|Landorus-Therian, M|49\/100\n|-ability|p2a: Landorus|Intimidate|boost\n|-unboost|p1a: Miraidon|atk|1\n|move|p1a: Miraidon|Draco Meteor|p2a: Landorus\n|-damage|p2a: Landorus|0 fnt\n|-unboost|p1a: Miraidon|spa|2\n|faint|p2a: Landorus\n|\n|-damage|p1a: Miraidon|82\/100 brn|[from] brn\n|upkeep\n|inactive|Na2Zn(OH)4 has 90 seconds left.\n|\n|t:|1697798056\n|switch|p2a: Miraidon|Miraidon|100\/100\n|-fieldstart|move: Electric Terrain|[from] ability: Hadron Engine|[of] p2a: Miraidon\n|turn|18\n|j| ZowwyCafe\u2764\n|\n|t:|1697798068\n|switch|p1a: Arceus|Arceus|85\/100\n|move|p2a: Miraidon|Draco Meteor|p1a: Arceus\n|-damage|p1a: Arceus|23\/100\n|-unboost|p2a: Miraidon|spa|2\n|\n|upkeep\n|turn|19\n|\n|t:|1697798078\n|move|p2a: Miraidon|Draco Meteor|p1a: Arceus\n|-damage|p1a: Arceus|0 fnt\n|-unboost|p2a: Miraidon|spa|2\n|faint|p1a: Arceus\n|\n|upkeep\n|\n|t:|1697798103\n|switch|p1a: Miraidon|Miraidon|82\/100 brn\n|-activate|p1a: Miraidon|ability: Hadron Engine\n|turn|20\n|\n|t:|1697798118\n|switch|p2a: Ting-Lu|Ting-Lu|23\/100\n|-ability|p2a: Ting-Lu|Vessel of Ruin\n|move|p1a: Miraidon|Draco Meteor|p2a: Ting-Lu\n|-damage|p2a: Ting-Lu|0 fnt\n|-unboost|p1a: Miraidon|spa|2\n|faint|p2a: Ting-Lu\n|\n|-damage|p1a: Miraidon|76\/100 brn|[from] brn\n|upkeep\n|inactive|Na2Zn(OH)4 has 90 seconds left.\n|\n|t:|1697798142\n|switch|p2a: Zacian|Zacian-Crowned|100\/100\n|-ability|p2a: Zacian|Intrepid Sword|boost\n|-boost|p2a: Zacian|atk|1\n|turn|21\n|inactive|Na2Zn(OH)4 has 90 seconds left.\n|\n|t:|1697798150\n|switch|p1a: Groudon|Groudon|100\/100\n|-weather|SunnyDay|[from] ability: Drought|[of] p1a: Groudon\n|move|p2a: Zacian|Substitute|p2a: Zacian\n|-start|p2a: Zacian|Substitute\n|-damage|p2a: Zacian|76\/100\n|\n|-weather|SunnyDay|[upkeep]\n|upkeep\n|turn|22\n|\n|t:|1697798154\n|-terastallize|p2a: Zacian|Flying\n|move|p2a: Zacian|Swords Dance|p2a: Zacian\n|-boost|p2a: Zacian|atk|2\n|move|p1a: Groudon|Earthquake|p2a: Zacian\n|-immune|p2a: Zacian\n|\n|-weather|SunnyDay|[upkeep]\n|-fieldend|move: Electric Terrain\n|upkeep\n|turn|23\n|\n|t:|1697798159\n|move|p2a: Zacian|Behemoth Blade|p1a: Groudon\n|-damage|p1a: Groudon|35\/100\n|move|p1a: Groudon|Heat Crash|p2a: Zacian\n|-end|p2a: Zacian|Substitute\n|\n|-weather|SunnyDay|[upkeep]\n|-heal|p1a: Groudon|41\/100|[from] item: Leftovers\n|upkeep\n|turn|24\n|\n|t:|1697798164\n|move|p2a: Zacian|Behemoth Blade|p1a: Groudon\n|-damage|p1a: Groudon|0 fnt\n|faint|p1a: Groudon\n|\n|-weather|SunnyDay|[upkeep]\n|upkeep\n|\n|t:|1697798175\n|switch|p1a: Koraidon|Koraidon|100\/100\n|-activate|p1a: Koraidon|ability: Orichalcum Pulse\n|turn|25\n|inactive|Na2Zn(OH)4 has 120 seconds left.\n|\n|t:|1697798194\n|switch|p2a: Arceus|Arceus-Ghost|9\/100 psn\n|-terastallize|p1a: Koraidon|Fire\n|move|p1a: Koraidon|Flare Blitz|p2a: Arceus\n|-damage|p2a: Arceus|0 fnt\n|faint|p2a: Arceus\n|-damage|p1a: Koraidon|97\/100|[from] Recoil\n|\n|-weather|none\n|upkeep\n|\n|t:|1697798199\n|switch|p2a: Miraidon|Miraidon|100\/100\n|-fieldstart|move: Electric Terrain|[from] ability: Hadron Engine|[of] p2a: Miraidon\n|turn|26\n|inactive|Na2Zn(OH)4 has 120 seconds left.\n|\n|t:|1697798209\n|switch|p1a: Miraidon|Miraidon|76\/100 brn\n|-activate|p1a: Miraidon|ability: Hadron Engine\n|move|p2a: Miraidon|Draco Meteor|p1a: Miraidon\n|-supereffective|p1a: Miraidon\n|-damage|p1a: Miraidon|0 fnt\n|-unboost|p2a: Miraidon|spa|2\n|faint|p1a: Miraidon\n|\n|upkeep\n|\n|t:|1697798212\n|switch|p1a: Koraidon|Koraidon, tera:Fire|97\/100\n|-weather|SunnyDay|[from] ability: Orichalcum Pulse|[of] p1a: Koraidon\n|-activate|p1a: Koraidon|Orichalcum Pulse|[source]\n|turn|27\n|inactive|Na2Zn(OH)4 has 120 seconds left.\n|inactive|Na2Zn(OH)4 has 90 seconds left.\n|\n|t:|1697798277\n|switch|p2a: Zacian|Zacian-Crowned, tera:Flying|76\/100\n|move|p1a: Koraidon|Outrage|p2a: Zacian\n|-crit|p2a: Zacian\n|-damage|p2a: Zacian|0 fnt\n|faint|p2a: Zacian\n|\n|-weather|SunnyDay|[upkeep]\n|upkeep\n|\n|t:|1697798279\n|switch|p2a: Miraidon|Miraidon|100\/100\n|-activate|p2a: Miraidon|ability: Hadron Engine\n|turn|28\n|\n|t:|1697798300\n|move|p1a: Koraidon|Outrage|p2a: Miraidon|[from]lockedmove\n|-supereffective|p2a: Miraidon\n|-damage|p2a: Miraidon|0 fnt\n|faint|p2a: Miraidon\n|-start|p1a: Koraidon|confusion|[fatigue]\n|\n|win|Wssi\n|raw|Wssi's rating: 1544 &rarr; <strong>1561<\/strong><br \/>(+17 for winning)\n|raw|Na2Zn(OH)4's rating: 1489 &rarr; <strong>1472<\/strong><br \/>(-17 for losing)\n|c|\u2606Wssi|Scarf koraidon\n|c|\u2606Wssi|Gg\n|c|\u2606Na2Zn(OH)4|gg\n|c|\u2606Na2Zn(OH)4|wp\n|l| ZowwyCafe\u2764\n|l| EpicGamer069420\n|l|\u2606Wssi\n|j| EpicGamer069420\n|l| EpicGamer069420\n|j| EpicGamer069420\n|l| EpicGamer069420\n|j| EpicGamer069420\n|l| EpicGamer069420\n","uploadtime":1697800276,"views":8,"p1id":"wssi","p2id":"na2znoh4","formatid":"gen9ubers","rating":1472,"private":0,"password":""}