{"id":"gen9ubers-1977763061","p1":"pokegirl457","p2":"It'sFission","format":"[Gen 9] Ubers","log":"|j|\u2606pokegirl457\n|j|\u2606It'sFission\n|t:|1698446692\n|gametype|singles\n|player|p1|pokegirl457|iris-gen5bw2|1059\n|player|p2|It'sFission|ethan|1035\n|teamsize|p1|6\n|teamsize|p2|6\n|gen|9\n|tier|[Gen 9] Ubers\n|rated|\n|rule|Sleep Clause Mod: Limit one foe put to sleep\n|rule|Species Clause: Limit one of each Pok\u00e9mon\n|rule|OHKO Clause: OHKO moves are banned\n|rule|Evasion Items Clause: Evasion items are banned\n|rule|Evasion Moves Clause: Evasion moves are banned\n|rule|Endless Battle Clause: Forcing endless battles is banned\n|rule|HP Percentage Mod: HP is shown in percentages\n|clearpoke\n|poke|p1|Ogerpon-Hearthflame, F|\n|poke|p1|Miraidon|\n|poke|p1|Maushold-Four|\n|poke|p1|Polteageist-Antique|\n|poke|p1|Palafin, M|\n|poke|p1|Landorus-Therian, M|\n|poke|p2|Diglett, F|\n|poke|p2|Houndstone, M|\n|poke|p2|Tyranitar, F|\n|poke|p2|Ariados, F|\n|poke|p2|Glimmora, F|\n|poke|p2|Basculegion, M|\n|teampreview\n|\n|t:|1698446703\n|start\n|switch|p1a: Palafin|Palafin, M, shiny|100\/100\n|switch|p2a: Dicclett|Diglett, F|100\/100\n|turn|1\n|\n|t:|1698446716\n|move|p1a: Palafin|Flip Turn|p2a: Dicclett\n|-supereffective|p2a: Dicclett\n|-damage|p2a: Dicclett|0 fnt\n|faint|p2a: Dicclett\n|\n|t:|1698446722\n|detailschange|p1a: Palafin|Palafin-Hero, M, shiny\n|switch|p1a: Ogerpon|Ogerpon-Hearthflame, F|100\/100|[from] Flip Turn\n|-ability|p1a: Ogerpon|Mold Breaker\n|\n|upkeep\n|\n|t:|1698446728\n|switch|p2a: Fk knows|Glimmora, F|100\/100\n|turn|2\n|-activate|p2a: Fk knows|item: Quick Claw\n|\n|t:|1698446732\n|move|p2a: Fk knows|Gunk Shot|p1a: Ogerpon\n|-supereffective|p1a: Ogerpon\n|-damage|p1a: Ogerpon|36\/100\n|move|p1a: Ogerpon|Horn Leech|p2a: Fk knows\n|-damage|p2a: Fk knows|59\/100\n|-heal|p1a: Ogerpon|57\/100|[from] drain|[of] p2a: Fk knows\n|-activate|p2a: Fk knows|ability: Toxic Debris\n|-sidestart|p1: pokegirl457|move: Toxic Spikes\n|\n|upkeep\n|turn|3\n|\n|t:|1698446743\n|switch|p1a: Lando T|Landorus-Therian, M, shiny|100\/100\n|-ability|p1a: Lando T|Intimidate|boost\n|-unboost|p2a: Fk knows|atk|1\n|move|p2a: Fk knows|Gunk Shot|p1a: Lando T\n|-resisted|p1a: Lando T\n|-damage|p1a: Lando T|90\/100\n|\n|upkeep\n|turn|4\n|\n|t:|1698446752\n|move|p1a: Lando T|Earthquake|p2a: Fk knows\n|-supereffective|p2a: Fk knows\n|-damage|p2a: Fk knows|0 fnt\n|-activate|p2a: Fk knows|ability: Toxic Debris\n|-sidestart|p1: pokegirl457|move: Toxic Spikes\n|faint|p2a: Fk knows\n|\n|upkeep\n|\n|t:|1698446760\n|switch|p2a: MilesCholares|Ariados, F|100\/100\n|turn|5\n|\n|t:|1698446766\n|switch|p1a: Ogerpon|Ogerpon-Hearthflame, F|57\/100\n|-status|p1a: Ogerpon|tox\n|-ability|p1a: Ogerpon|Mold Breaker\n|move|p2a: MilesCholares|Sticky Web|p1a: Ogerpon\n|-sidestart|p1: pokegirl457|move: Sticky Web\n|\n|-damage|p1a: Ogerpon|51\/100 tox|[from] psn\n|upkeep\n|turn|6\n|\n|t:|1698446779\n|move|p1a: Ogerpon|Swords Dance|p1a: Ogerpon\n|-boost|p1a: Ogerpon|atk|2\n|move|p2a: MilesCholares|Disable|p1a: Ogerpon\n|-start|p1a: Ogerpon|Disable|Swords Dance\n|\n|-damage|p1a: Ogerpon|39\/100 tox|[from] psn\n|upkeep\n|turn|7\n|\n|t:|1698446800\n|move|p1a: Ogerpon|Ivy Cudgel|p2a: MilesCholares\n|-supereffective|p2a: MilesCholares\n|-damage|p2a: MilesCholares|0 fnt\n|faint|p2a: MilesCholares\n|\n|-damage|p1a: Ogerpon|21\/100 tox|[from] psn\n|upkeep\n|\n|t:|1698446811\n|switch|p2a: AngryFishy|Basculegion, M|100\/100\n|-ability|p2a: AngryFishy|Mold Breaker\n|turn|8\n|\n|t:|1698446821\n|move|p1a: Ogerpon|Horn Leech|p2a: AngryFishy\n|-supereffective|p2a: AngryFishy\n|-damage|p2a: AngryFishy|0 fnt\n|-heal|p1a: Ogerpon|85\/100 tox|[from] drain|[of] p2a: AngryFishy\n|faint|p2a: AngryFishy\n|\n|-damage|p1a: Ogerpon|61\/100 tox|[from] psn\n|upkeep\n|\n|t:|1698446827\n|switch|p2a: Tanky boi|Tyranitar, F|100\/100\n|-weather|Sandstorm|[from] ability: Sand Stream|[of] p2a: Tanky boi\n|turn|9\n|\n|t:|1698446831\n|move|p1a: Ogerpon|Horn Leech|p2a: Tanky boi\n|-supereffective|p2a: Tanky boi\n|-crit|p2a: Tanky boi\n|-damage|p2a: Tanky boi|0 fnt\n|-heal|p1a: Ogerpon|100\/100 tox|[from] drain|[of] p2a: Tanky boi\n|faint|p2a: Tanky boi\n|\n|-weather|Sandstorm|[upkeep]\n|-damage|p1a: Ogerpon|95\/100 tox|[from] Sandstorm\n|-damage|p1a: Ogerpon|65\/100 tox|[from] psn\n|upkeep\n|\n|t:|1698446840\n|switch|p2a: GrimReapurr|Houndstone, M|100\/100\n|turn|10\n|\n|t:|1698446848\n|switch|p1a: Miraidon|Miraidon|100\/100\n|-status|p1a: Miraidon|tox\n|-activate|p1a: Miraidon|move: Sticky Web\n|-unboost|p1a: Miraidon|spe|1\n|-fieldstart|move: Electric Terrain|[from] ability: Hadron Engine|[of] p1a: Miraidon\n|-terastallize|p2a: GrimReapurr|Ghost\n|move|p2a: GrimReapurr|Last Respects|p1a: Miraidon\n|-damage|p1a: Miraidon|0 fnt\n|faint|p1a: Miraidon\n|\n|-weather|Sandstorm|[upkeep]\n|upkeep\n|inactive|Battle timer is ON: inactive players will automatically lose when time's up. (requested by It'sFission)\n|inactive|pokegirl457 also wants the timer to be on.\n|\n|t:|1698446916\n|switch|p1a: Maushold|Maushold-Four|100\/100\n|-status|p1a: Maushold|tox\n|-activate|p1a: Maushold|move: Sticky Web\n|-unboost|p1a: Maushold|spe|1\n|turn|11\n|\n|t:|1698446921\n|move|p2a: GrimReapurr|Substitute|p2a: GrimReapurr\n|-start|p2a: GrimReapurr|Substitute\n|-damage|p2a: GrimReapurr|76\/100\n|move|p1a: Maushold|Crunch|p2a: GrimReapurr\n|-supereffective|p2a: GrimReapurr\n|-end|p2a: GrimReapurr|Substitute\n|\n|-weather|Sandstorm|[upkeep]\n|-damage|p1a: Maushold|94\/100 tox|[from] Sandstorm\n|-damage|p1a: Maushold|88\/100 tox|[from] psn\n|upkeep\n|turn|12\n|\n|t:|1698446930\n|move|p2a: GrimReapurr|Substitute|p2a: GrimReapurr\n|-start|p2a: GrimReapurr|Substitute\n|-damage|p2a: GrimReapurr|51\/100\n|move|p1a: Maushold|Crunch|p2a: GrimReapurr\n|-supereffective|p2a: GrimReapurr\n|-end|p2a: GrimReapurr|Substitute\n|\n|-weather|Sandstorm|[upkeep]\n|-damage|p1a: Maushold|82\/100 tox|[from] Sandstorm\n|-damage|p1a: Maushold|69\/100 tox|[from] psn\n|upkeep\n|turn|13\n|\n|t:|1698446941\n|move|p2a: GrimReapurr|Substitute|p2a: GrimReapurr\n|-start|p2a: GrimReapurr|Substitute\n|-damage|p2a: GrimReapurr|26\/100\n|move|p1a: Maushold|Crunch|p2a: GrimReapurr\n|-supereffective|p2a: GrimReapurr\n|-end|p2a: GrimReapurr|Substitute\n|\n|-weather|none\n|-damage|p1a: Maushold|51\/100 tox|[from] psn\n|upkeep\n|turn|14\n|\n|t:|1698446948\n|move|p2a: GrimReapurr|Rest||[still]\n|-activate|p2a: GrimReapurr|move: Electric Terrain\n|-fail|p2a: GrimReapurr\n|move|p1a: Maushold|Crunch|p2a: GrimReapurr\n|-supereffective|p2a: GrimReapurr\n|-crit|p2a: GrimReapurr\n|-damage|p2a: GrimReapurr|0 fnt\n|faint|p2a: GrimReapurr\n|\n|win|pokegirl457\n|raw|pokegirl457's rating: 1059 &rarr; <strong>1088<\/strong><br \/>(+29 for winning)\n|raw|It&apos;sFission's rating: 1035 &rarr; <strong>1021<\/strong><br \/>(-14 for losing)\n|c|\u2606pokegirl457|gg\n|l|\u2606It'sFission\n","uploadtime":1698446960,"views":6,"p1id":"pokegirl457","p2id":"itsfission","formatid":"gen9ubers","rating":1021,"private":0,"password":""}