{"id":"gen9ubers-1980000446","p1":"Aipom Hoshino","p2":"KonoRyanDa","format":"[Gen 9] Ubers","log":"|j|\u2606Aipom Hoshino\n|j|\u2606KonoRyanDa\n|t:|1698744544\n|gametype|singles\n|player|p1|Aipom Hoshino|lady-gen4|\n|player|p2|KonoRyanDa|swimmerf-gen4|\n|teamsize|p1|6\n|teamsize|p2|6\n|gen|9\n|tier|[Gen 9] Ubers\n|rule|Sleep Clause Mod: Limit one foe put to sleep\n|rule|Species Clause: Limit one of each Pok\u00e9mon\n|rule|OHKO Clause: OHKO moves are banned\n|rule|Evasion Items Clause: Evasion items are banned\n|rule|Evasion Moves Clause: Evasion moves are banned\n|rule|Endless Battle Clause: Forcing endless battles is banned\n|rule|HP Percentage Mod: HP is shown in percentages\n|clearpoke\n|poke|p1|Pelipper, M|\n|poke|p1|Basculegion-F, F|\n|poke|p1|Arceus-Grass|\n|poke|p1|Palkia-Origin|\n|poke|p1|Magearna|\n|poke|p1|Palafin, M|\n|poke|p2|Pelipper, F|\n|poke|p2|Palafin, M|\n|poke|p2|Basculegion-F, F|\n|poke|p2|Dialga|\n|poke|p2|Zacian-*|\n|poke|p2|Cyclizar, F|\n|teampreview\n|inactive|Battle timer is ON: inactive players will automatically lose when time's up. (requested by Aipom Hoshino)\n|inactive|KonoRyanDa has 270 seconds left.\n|inactive|KonoRyanDa has 240 seconds left.\n|\n|t:|1698744640\n|start\n|switch|p1a: Magearna|Magearna|100\/100\n|switch|p2a: \u4e56\u72d7\u72d7~|Zacian|100\/100\n|-ability|p2a: \u4e56\u72d7\u72d7~|Intrepid Sword|boost\n|-boost|p2a: \u4e56\u72d7\u72d7~|atk|1\n|turn|1\n|\n|t:|1698744649\n|move|p2a: \u4e56\u72d7\u72d7~|Substitute|p2a: \u4e56\u72d7\u72d7~\n|-start|p2a: \u4e56\u72d7\u72d7~|Substitute\n|-damage|p2a: \u4e56\u72d7\u72d7~|76\/100\n|move|p1a: Magearna|Encore|p2a: \u4e56\u72d7\u72d7~\n|-start|p2a: \u4e56\u72d7\u72d7~|Encore\n|\n|-heal|p2a: \u4e56\u72d7\u72d7~|82\/100|[from] item: Leftovers\n|upkeep\n|turn|2\n|inactive|KonoRyanDa has 270 seconds left.\n|\n|t:|1698744681\n|switch|p2a: ZA WARUDO|Dialga|100\/100\n|-ability|p2a: ZA WARUDO|Pressure\n|switch|p1a: Palafin|Palafin, M|100\/100\n|\n|upkeep\n|turn|3\n|inactive|KonoRyanDa has 270 seconds left.\n|\n|t:|1698744691\n|move|p1a: Palafin|Flip Turn|p2a: ZA WARUDO\n|-resisted|p2a: ZA WARUDO\n|-damage|p2a: ZA WARUDO|91\/100\n|\n|t:|1698744694\n|detailschange|p1a: Palafin|Palafin-Hero, M\n|switch|p1a: Pelipper|Pelipper, M|100\/100|[from] Flip Turn\n|-weather|RainDance|[from] ability: Drizzle|[of] p1a: Pelipper\n|move|p2a: ZA WARUDO|Thunder Wave|p1a: Pelipper\n|-status|p1a: Pelipper|par\n|\n|-weather|RainDance|[upkeep]\n|-heal|p2a: ZA WARUDO|97\/100|[from] item: Leftovers\n|upkeep\n|turn|4\n|\n|t:|1698744703\n|move|p2a: ZA WARUDO|Stealth Rock|p1a: Pelipper\n|-sidestart|p1: Aipom Hoshino|move: Stealth Rock\n|move|p1a: Pelipper|U-turn|p2a: ZA WARUDO\n|-resisted|p2a: ZA WARUDO\n|-damage|p2a: ZA WARUDO|95\/100\n|\n|t:|1698744732\n|switch|p1a: Palafin|Palafin-Hero, M|100\/100|[from] U-turn\n|-damage|p1a: Palafin|88\/100|[from] Stealth Rock\n|-activate|p1a: Palafin|ability: Zero to Hero\n|\n|-weather|RainDance|[upkeep]\n|-heal|p2a: ZA WARUDO|100\/100|[from] item: Leftovers\n|upkeep\n|turn|5\n|inactive|KonoRyanDa has 270 seconds left.\n|inactive|KonoRyanDa has 240 seconds left.\n|\n|t:|1698744807\n|switch|p2a: weather report|Pelipper, F|100\/100\n|move|p1a: Palafin|Flip Turn|p2a: weather report\n|-resisted|p2a: weather report\n|-damage|p2a: weather report|55\/100\n|\n|t:|1698744814\n|switch|p1a: Magearna|Magearna|100\/100|[from] Flip Turn\n|-damage|p1a: Magearna|94\/100|[from] Stealth Rock\n|\n|-weather|RainDance|[upkeep]\n|-heal|p1a: Magearna|100\/100|[from] item: Leftovers\n|upkeep\n|turn|6\n|inactive|KonoRyanDa has 210 seconds left.\n|inactive|KonoRyanDa has 180 seconds left.\n|\n|t:|1698744887\n|move|p1a: Magearna|Volt Switch|p2a: weather report\n|-supereffective|p2a: weather report\n|-damage|p2a: weather report|0 fnt\n|faint|p2a: weather report\n|-ability|p1a: Magearna|Soul-Heart|boost\n|-boost|p1a: Magearna|spa|1\n|\n|t:|1698744898\n|switch|p1a: Palafin|Palafin-Hero, M|88\/100|[from] Volt Switch\n|-damage|p1a: Palafin|76\/100|[from] Stealth Rock\n|\n|-weather|RainDance|[upkeep]\n|upkeep\n|\n|t:|1698744925\n|switch|p2a: scary monsters|Cyclizar, F|100\/100\n|turn|7\n|\n|t:|1698744936\n|-terastallize|p1a: Palafin|Water\n|move|p1a: Palafin|Jet Punch|p2a: scary monsters\n|-resisted|p2a: scary monsters\n|-damage|p2a: scary monsters|4\/100\n|move|p2a: scary monsters|Draco Meteor|p1a: Palafin\n|-damage|p1a: Palafin|36\/100\n|-unboost|p2a: scary monsters|spa|2\n|\n|-weather|RainDance|[upkeep]\n|upkeep\n|turn|8\n|inactive|KonoRyanDa has 150 seconds left.\n|\n|t:|1698744967\n|move|p1a: Palafin|Jet Punch|p2a: scary monsters\n|-resisted|p2a: scary monsters\n|-damage|p2a: scary monsters|0 fnt\n|faint|p2a: scary monsters\n|\n|-weather|RainDance|[upkeep]\n|upkeep\n|\n|t:|1698744995\n|switch|p2a: i saved emporio|Palafin, M|100\/100\n|turn|9\n|\n|t:|1698745007\n|move|p2a: i saved emporio|Jet Punch|p1a: Palafin\n|-resisted|p1a: Palafin\n|-damage|p1a: Palafin|22\/100\n|move|p1a: Palafin|Jet Punch|p2a: i saved emporio\n|-resisted|p2a: i saved emporio\n|-damage|p2a: i saved emporio|23\/100\n|\n|-weather|RainDance|[upkeep]\n|-heal|p2a: i saved emporio|29\/100|[from] item: Leftovers\n|upkeep\n|turn|10\n|\n|t:|1698745022\n|detailschange|p2a: i saved emporio|Palafin-Hero, M\n|switch|p2a: ZA WARUDO|Dialga|100\/100\n|-ability|p2a: ZA WARUDO|Pressure\n|move|p1a: Palafin|Jet Punch|p2a: ZA WARUDO\n|-resisted|p2a: ZA WARUDO\n|-damage|p2a: ZA WARUDO|66\/100\n|\n|-weather|none\n|-heal|p2a: ZA WARUDO|72\/100|[from] item: Leftovers\n|upkeep\n|turn|11\n|\n|t:|1698745044\n|switch|p1a: Magearna|Magearna|100\/100\n|-damage|p1a: Magearna|94\/100|[from] Stealth Rock\n|move|p2a: ZA WARUDO|Thunder Wave|p1a: Magearna\n|-status|p1a: Magearna|par\n|\n|-heal|p2a: ZA WARUDO|78\/100|[from] item: Leftovers\n|-heal|p1a: Magearna|100\/100 par|[from] item: Leftovers\n|upkeep\n|turn|12\n|inactive|KonoRyanDa has 120 seconds left.\n|inactive|KonoRyanDa has 90 seconds left.\n|inactive|KonoRyanDa has 60 seconds left.\n|\n|t:|1698745119\n|switch|p2a: i saved emporio|Palafin-Hero, M|29\/100\n|-activate|p2a: i saved emporio|ability: Zero to Hero\n|move|p1a: Magearna|Volt Switch|p2a: i saved emporio\n|-supereffective|p2a: i saved emporio\n|-damage|p2a: i saved emporio|0 fnt\n|faint|p2a: i saved emporio\n|-ability|p1a: Magearna|Soul-Heart|boost\n|-boost|p1a: Magearna|spa|1\n|\n|t:|1698745128\n|switch|p1a: Palafin|Palafin-Hero, M, tera:Water|22\/100|[from] Volt Switch\n|-damage|p1a: Palafin|9\/100|[from] Stealth Rock\n|\n|upkeep\n|inactive|KonoRyanDa has 60 seconds left.\n|\n|t:|1698745166\n|switch|p2a: catch the rainbow|Basculegion-F, F|100\/100\n|turn|13\n|\n|t:|1698745184\n|move|p2a: catch the rainbow|Aqua Jet|p1a: Palafin\n|-resisted|p1a: Palafin\n|-crit|p1a: Palafin\n|-damage|p1a: Palafin|0 fnt\n|faint|p1a: Palafin\n|\n|upkeep\n|inactive|Aipom Hoshino has 270 seconds left.\n|\n|t:|1698745225\n|switch|p1a: Magearna|Magearna|100\/100 par\n|-damage|p1a: Magearna|94\/100 par|[from] Stealth Rock\n|turn|14\n|\n|t:|1698745249\n|switch|p2a: ZA WARUDO|Dialga|78\/100\n|-ability|p2a: ZA WARUDO|Pressure\n|cant|p1a: Magearna|par\n|\n|-heal|p2a: ZA WARUDO|84\/100|[from] item: Leftovers\n|-heal|p1a: Magearna|100\/100 par|[from] item: Leftovers\n|upkeep\n|turn|15\n|\n|t:|1698745261\n|cant|p1a: Magearna|par\n|move|p2a: ZA WARUDO|Roar|p1a: Magearna\n|drag|p1a: Basculegion|Basculegion-F, F|100\/100\n|-damage|p1a: Basculegion|88\/100|[from] Stealth Rock\n|\n|-heal|p2a: ZA WARUDO|91\/100|[from] item: Leftovers\n|upkeep\n|turn|16\n|inactive|Aipom Hoshino has 270 seconds left.\n|\n|t:|1698745291\n|move|p1a: Basculegion|Flip Turn|p2a: ZA WARUDO\n|-resisted|p2a: ZA WARUDO\n|-crit|p2a: ZA WARUDO\n|-damage|p2a: ZA WARUDO|76\/100\n|\n|t:|1698745295\n|switch|p1a: Pelipper|Pelipper, M|100\/100 par|[from] Flip Turn\n|-damage|p1a: Pelipper|75\/100 par|[from] Stealth Rock\n|-weather|RainDance|[from] ability: Drizzle|[of] p1a: Pelipper\n|move|p2a: ZA WARUDO|Thunder Wave|p1a: Pelipper\n|-fail|p1a: Pelipper|par\n|\n|-weather|RainDance|[upkeep]\n|-heal|p2a: ZA WARUDO|82\/100|[from] item: Leftovers\n|upkeep\n|turn|17\n|\n|t:|1698745317\n|switch|p2a: catch the rainbow|Basculegion-F, F|100\/100\n|move|p1a: Pelipper|Hurricane|p2a: catch the rainbow\n|-damage|p2a: catch the rainbow|57\/100\n|\n|-weather|RainDance|[upkeep]\n|upkeep\n|turn|18\n|inactive|Aipom Hoshino has 240 seconds left.\n|\n|t:|1698745374\n|move|p2a: catch the rainbow|Last Respects|p1a: Pelipper\n|-damage|p1a: Pelipper|0 fnt\n|faint|p1a: Pelipper\n|\n|-weather|RainDance|[upkeep]\n|upkeep\n|\n|t:|1698745378\n|switch|p1a: Magearna|Magearna|100\/100 par\n|-damage|p1a: Magearna|94\/100 par|[from] Stealth Rock\n|turn|19\n|\n|t:|1698745382\n|move|p2a: catch the rainbow|Last Respects|p1a: Magearna\n|-damage|p1a: Magearna|19\/100 par\n|move|p1a: Magearna|Volt Switch|p2a: catch the rainbow\n|-supereffective|p2a: catch the rainbow\n|-damage|p2a: catch the rainbow|9\/100\n|\n|t:|1698745387\n|switch|p1a: Basculegion|Basculegion-F, F|88\/100|[from] Volt Switch\n|-damage|p1a: Basculegion|76\/100|[from] Stealth Rock\n|\n|-weather|RainDance|[upkeep]\n|upkeep\n|turn|20\n|inactive|KonoRyanDa has 60 seconds left.\n|\n|t:|1698745403\n|switch|p2a: ZA WARUDO|Dialga|82\/100\n|-ability|p2a: ZA WARUDO|Pressure\n|move|p1a: Basculegion|Aqua Jet|p2a: ZA WARUDO\n|-resisted|p2a: ZA WARUDO\n|-damage|p2a: ZA WARUDO|72\/100\n|\n|-weather|RainDance|[upkeep]\n|-heal|p2a: ZA WARUDO|78\/100|[from] item: Leftovers\n|upkeep\n|turn|21\n|\n|t:|1698745416\n|switch|p1a: Magearna|Magearna|19\/100 par\n|-damage|p1a: Magearna|13\/100 par|[from] Stealth Rock\n|move|p2a: ZA WARUDO|Thunder Wave|p1a: Magearna\n|-fail|p1a: Magearna|par\n|\n|-weather|RainDance|[upkeep]\n|-heal|p2a: ZA WARUDO|85\/100|[from] item: Leftovers\n|-heal|p1a: Magearna|19\/100 par|[from] item: Leftovers\n|upkeep\n|turn|22\n|\n|t:|1698745434\n|cant|p1a: Magearna|par\n|move|p2a: ZA WARUDO|Roar|p1a: Magearna\n|drag|p1a: Palkia|Palkia-Origin|100\/100\n|-damage|p1a: Palkia|88\/100|[from] Stealth Rock\n|-ability|p1a: Palkia|Pressure\n|\n|-weather|RainDance|[upkeep]\n|-heal|p2a: ZA WARUDO|91\/100|[from] item: Leftovers\n|upkeep\n|turn|23\n|inactive|KonoRyanDa has 60 seconds left.\n|\n|t:|1698745456\n|move|p1a: Palkia|Substitute|p1a: Palkia\n|-start|p1a: Palkia|Substitute\n|-damage|p1a: Palkia|63\/100\n|move|p2a: ZA WARUDO|Thunder Wave||[still]\n|-fail|p2a: ZA WARUDO\n|\n|-weather|none\n|-heal|p2a: ZA WARUDO|97\/100|[from] item: Leftovers\n|upkeep\n|turn|24\n|\n|t:|1698745461\n|move|p1a: Palkia|Spacial Rend|p2a: ZA WARUDO\n|-damage|p2a: ZA WARUDO|35\/100\n|move|p2a: ZA WARUDO|Roar|p1a: Palkia\n|drag|p1a: Arceus|Arceus-Grass|100\/100\n|-damage|p1a: Arceus|88\/100|[from] Stealth Rock\n|\n|-heal|p2a: ZA WARUDO|42\/100|[from] item: Leftovers\n|upkeep\n|turn|25\n|inactive|KonoRyanDa has 60 seconds left.\n|\n|t:|1698745494\n|move|p1a: Arceus|Earth Power|p2a: ZA WARUDO\n|-supereffective|p2a: ZA WARUDO\n|-damage|p2a: ZA WARUDO|0 fnt\n|faint|p2a: ZA WARUDO\n|\n|upkeep\n|\n|t:|1698745500\n|switch|p2a: \u4e56\u72d7\u72d7~|Zacian|82\/100\n|turn|26\n|inactive|KonoRyanDa has 30 seconds left.\n|inactive|KonoRyanDa has 20 seconds left.\n|inactive|Aipom Hoshino has 270 seconds left.\n|inactive|KonoRyanDa has 15 seconds left.\n|\n|t:|1698745534\n|move|p2a: \u4e56\u72d7\u72d7~|Swords Dance|p2a: \u4e56\u72d7\u72d7~\n|-boost|p2a: \u4e56\u72d7\u72d7~|atk|2\n|move|p1a: Arceus|Judgment|p2a: \u4e56\u72d7\u72d7~\n|-damage|p2a: \u4e56\u72d7\u72d7~|21\/100\n|\n|-heal|p2a: \u4e56\u72d7\u72d7~|27\/100|[from] item: Leftovers\n|upkeep\n|turn|27\n|inactive|KonoRyanDa has 25 seconds left this turn.\n|inactive|KonoRyanDa has 20 seconds left.\n|\n|t:|1698745544\n|move|p2a: \u4e56\u72d7\u72d7~|Play Rough|p1a: Arceus\n|-damage|p1a: Arceus|35\/100\n|move|p1a: Arceus|Judgment|p2a: \u4e56\u72d7\u72d7~\n|-damage|p2a: \u4e56\u72d7\u72d7~|0 fnt\n|faint|p2a: \u4e56\u72d7\u72d7~\n|\n|upkeep\n|inactive|KonoRyanDa has 25 seconds left this turn.\n|inactive|KonoRyanDa has 20 seconds left.\n|c|\u2606KonoRyanDa|ggs\n|inactive|KonoRyanDa has 15 seconds left.\n|\n|t:|1698745554\n|switch|p2a: catch the rainbow|Basculegion-F, F|9\/100\n|turn|28\n|inactive|KonoRyanDa has 25 seconds left this turn.\n|\n|t:|1698745558\n|move|p2a: catch the rainbow|Aqua Jet|p1a: Arceus\n|-resisted|p1a: Arceus\n|-damage|p1a: Arceus|27\/100\n|move|p1a: Arceus|Judgment|p2a: catch the rainbow\n|-supereffective|p2a: catch the rainbow\n|-damage|p2a: catch the rainbow|0 fnt\n|faint|p2a: catch the rainbow\n|\n|win|Aipom Hoshino\n|inactive|KonoRyanDa has 30 seconds left this turn.\n|c|\u2606Aipom Hoshino|gg\n","uploadtime":1698745565,"views":46,"p1id":"aipomhoshino","p2id":"konoryanda","formatid":"gen9ubers","rating":0,"private":0,"password":""}