{"id":"gen9ubers-1979777843","p1":"1P1o1s1h1e1","p2":"Albaz Brand","format":"[Gen 9] Ubers","log":"|j|\u26061P1o1s1h1e1\n|j|\u2606Albaz Brand\n|t:|1698712252\n|gametype|singles\n|player|p1|1P1o1s1h1e1|101|\n|player|p2|Albaz Brand|bellelba|\n|teamsize|p1|6\n|teamsize|p2|6\n|gen|9\n|tier|[Gen 9] Ubers\n|rule|Sleep Clause Mod: Limit one foe put to sleep\n|rule|Species Clause: Limit one of each Pok\u00e9mon\n|rule|OHKO Clause: OHKO moves are banned\n|rule|Evasion Items Clause: Evasion items are banned\n|rule|Evasion Moves Clause: Evasion moves are banned\n|rule|Endless Battle Clause: Forcing endless battles is banned\n|rule|HP Percentage Mod: HP is shown in percentages\n|clearpoke\n|poke|p1|Rillaboom, M|\n|poke|p1|Espathra, F|\n|poke|p1|Sneasler, M|\n|poke|p1|Magearna|\n|poke|p1|Cyclizar, F|\n|poke|p1|Arceus-Fire|\n|poke|p2|Torkoal, M|\n|poke|p2|Spectrier|\n|poke|p2|Roaring Moon|\n|poke|p2|Walking Wake|\n|poke|p2|Iron Moth|\n|poke|p2|Zacian-*|\n|teampreview\n|\n|t:|1698712273\n|start\n|switch|p1a: Cyclizar|Cyclizar, F|100\/100\n|switch|p2a: Roaring Moon|Roaring Moon|100\/100\n|-enditem|p2a: Roaring Moon|Booster Energy\n|-activate|p2a: Roaring Moon|ability: Protosynthesis|[fromitem]\n|-start|p2a: Roaring Moon|protosynthesisatk\n|turn|1\n|\n|t:|1698712279\n|move|p1a: Cyclizar|Taunt|p2a: Roaring Moon\n|-start|p2a: Roaring Moon|move: Taunt\n|cant|p2a: Roaring Moon|move: Taunt|Dragon Dance\n|\n|upkeep\n|turn|2\n|\n|t:|1698712289\n|move|p1a: Cyclizar|Shed Tail|p1a: Cyclizar\n|-start|p1a: Cyclizar|Substitute|[from] move: Shed Tail\n|-damage|p1a: Cyclizar|50\/100\n|\n|t:|1698712292\n|switch|p1a: Rillaboom|Rillaboom, M|100\/100|[from] Shed Tail\n|-fieldstart|move: Grassy Terrain|[from] ability: Grassy Surge|[of] p1a: Rillaboom\n|move|p2a: Roaring Moon|Dragon Claw|p1a: Rillaboom\n|-end|p1a: Rillaboom|Substitute\n|\n|upkeep\n|turn|3\n|\n|t:|1698712316\n|switch|p1a: Espathra|Espathra, F|100\/100\n|-enditem|p1a: Espathra|Grassy Seed\n|-boost|p1a: Espathra|def|1|[from] item: Grassy Seed\n|move|p2a: Roaring Moon|Knock Off|p1a: Espathra\n|-supereffective|p1a: Espathra\n|-damage|p1a: Espathra|33\/100\n|\n|-heal|p1a: Espathra|40\/100|[from] Grassy Terrain\n|-end|p2a: Roaring Moon|move: Taunt\n|upkeep\n|turn|4\n|\n|t:|1698712326\n|move|p1a: Espathra|Protect|p1a: Espathra\n|-singleturn|p1a: Espathra|Protect\n|move|p2a: Roaring Moon|Dragon Dance|p2a: Roaring Moon\n|-boost|p2a: Roaring Moon|atk|1\n|-boost|p2a: Roaring Moon|spe|1\n|\n|-heal|p1a: Espathra|46\/100|[from] Grassy Terrain\n|-ability|p1a: Espathra|Speed Boost|boost\n|-boost|p1a: Espathra|spe|1\n|upkeep\n|turn|5\n|\n|t:|1698712336\n|-terastallize|p1a: Espathra|Fairy\n|move|p2a: Roaring Moon|Knock Off|p1a: Espathra\n|-resisted|p1a: Espathra\n|-damage|p1a: Espathra|22\/100\n|move|p1a: Espathra|Dazzling Gleam|p2a: Roaring Moon\n|-supereffective|p2a: Roaring Moon\n|-damage|p2a: Roaring Moon|0 fnt\n|faint|p2a: Roaring Moon\n|-end|p2a: Roaring Moon|Protosynthesis|[silent]\n|\n|-heal|p1a: Espathra|28\/100|[from] Grassy Terrain\n|-ability|p1a: Espathra|Speed Boost|boost\n|-boost|p1a: Espathra|spe|1\n|upkeep\n|\n|t:|1698712344\n|switch|p2a: Torkoal|Torkoal, M|100\/100\n|-weather|SunnyDay|[from] ability: Drought|[of] p2a: Torkoal\n|turn|6\n|\n|t:|1698712350\n|move|p1a: Espathra|Calm Mind|p1a: Espathra\n|-boost|p1a: Espathra|spa|1\n|-boost|p1a: Espathra|spd|1\n|move|p2a: Torkoal|Will-O-Wisp|p1a: Espathra\n|-status|p1a: Espathra|brn\n|\n|-weather|SunnyDay|[upkeep]\n|-heal|p1a: Espathra|34\/100 brn|[from] Grassy Terrain\n|-damage|p1a: Espathra|28\/100 brn|[from] brn\n|-fieldend|move: Grassy Terrain\n|-ability|p1a: Espathra|Speed Boost|boost\n|-boost|p1a: Espathra|spe|1\n|upkeep\n|turn|7\n|\n|t:|1698712358\n|move|p1a: Espathra|Stored Power|p2a: Torkoal\n|-damage|p2a: Torkoal|10\/100\n|move|p2a: Torkoal|Clear Smog|p1a: Espathra\n|-supereffective|p1a: Espathra\n|-damage|p1a: Espathra|10\/100 brn\n|-clearboost|p1a: Espathra\n|\n|-weather|SunnyDay|[upkeep]\n|-damage|p1a: Espathra|4\/100 brn|[from] brn\n|-ability|p1a: Espathra|Speed Boost|boost\n|-boost|p1a: Espathra|spe|1\n|upkeep\n|turn|8\n|\n|t:|1698712366\n|move|p1a: Espathra|Dazzling Gleam|p2a: Torkoal\n|-resisted|p2a: Torkoal\n|-damage|p2a: Torkoal|0 fnt\n|faint|p2a: Torkoal\n|\n|-weather|SunnyDay|[upkeep]\n|-damage|p1a: Espathra|0 fnt|[from] brn\n|faint|p1a: Espathra\n|upkeep\n|\n|t:|1698712375\n|switch|p1a: Rillaboom|Rillaboom, M|100\/100\n|switch|p2a: Iron Moth|Iron Moth, shiny|100\/100\n|-fieldstart|move: Grassy Terrain|[from] ability: Grassy Surge|[of] p1a: Rillaboom\n|-enditem|p2a: Iron Moth|Booster Energy\n|-activate|p2a: Iron Moth|ability: Quark Drive|[fromitem]\n|-start|p2a: Iron Moth|quarkdrivespe\n|turn|9\n|\n|t:|1698712381\n|switch|p1a: Arceus|Arceus-Fire|100\/100\n|move|p2a: Iron Moth|Fiery Dance|p1a: Arceus\n|-resisted|p1a: Arceus\n|-crit|p1a: Arceus\n|-damage|p1a: Arceus|71\/100\n|\n|-weather|SunnyDay|[upkeep]\n|-heal|p1a: Arceus|77\/100|[from] Grassy Terrain\n|upkeep\n|turn|10\n|\n|t:|1698712389\n|-end|p2a: Iron Moth|Quark Drive|[silent]\n|switch|p2a: Walking Wake|Walking Wake|100\/100\n|-activate|p2a: Walking Wake|ability: Protosynthesis\n|-start|p2a: Walking Wake|protosynthesisspe\n|move|p1a: Arceus|Earth Power|p2a: Walking Wake\n|-damage|p2a: Walking Wake|73\/100\n|\n|-weather|SunnyDay|[upkeep]\n|-heal|p2a: Walking Wake|80\/100|[from] Grassy Terrain\n|-heal|p1a: Arceus|84\/100|[from] Grassy Terrain\n|upkeep\n|turn|11\n|\n|t:|1698712420\n|switch|p1a: Rillaboom|Rillaboom, M|100\/100\n|move|p2a: Walking Wake|Hydro Steam|p1a: Rillaboom\n|-resisted|p1a: Rillaboom\n|-damage|p1a: Rillaboom|38\/100\n|\n|-weather|SunnyDay|[upkeep]\n|-heal|p2a: Walking Wake|86\/100|[from] Grassy Terrain\n|-heal|p1a: Rillaboom|44\/100|[from] Grassy Terrain\n|upkeep\n|turn|12\n|\n|t:|1698712429\n|move|p1a: Rillaboom|Grassy Glide|p2a: Walking Wake\n|-damage|p2a: Walking Wake|22\/100\n|move|p2a: Walking Wake|Hydro Steam|p1a: Rillaboom\n|-resisted|p1a: Rillaboom\n|-damage|p1a: Rillaboom|0 fnt\n|faint|p1a: Rillaboom\n|\n|-weather|SunnyDay|[upkeep]\n|-heal|p2a: Walking Wake|28\/100|[from] Grassy Terrain\n|upkeep\n|\n|t:|1698712433\n|switch|p1a: Sneasler|Sneasler, M, shiny|100\/100\n|-enditem|p1a: Sneasler|Grassy Seed\n|-boost|p1a: Sneasler|def|1|[from] item: Grassy Seed\n|turn|13\n|\n|t:|1698712446\n|-end|p2a: Walking Wake|Protosynthesis|[silent]\n|switch|p2a: Iron Moth|Iron Moth, shiny|100\/100\n|move|p1a: Sneasler|Dire Claw|p2a: Iron Moth\n|-resisted|p2a: Iron Moth\n|-damage|p2a: Iron Moth|65\/100\n|-status|p2a: Iron Moth|slp\n|\n|-weather|none\n|-heal|p2a: Iron Moth|71\/100 slp|[from] Grassy Terrain\n|-fieldend|move: Grassy Terrain\n|upkeep\n|turn|14\n|\n|t:|1698712452\n|move|p1a: Sneasler|Swords Dance|p1a: Sneasler\n|-boost|p1a: Sneasler|atk|2\n|cant|p2a: Iron Moth|slp\n|\n|upkeep\n|turn|15\n|\n|t:|1698712457\n|move|p1a: Sneasler|Acrobatics|p2a: Iron Moth\n|-damage|p2a: Iron Moth|0 fnt\n|faint|p2a: Iron Moth\n|-end|p2a: Iron Moth|Quark Drive|[silent]\n|\n|upkeep\n|\n|t:|1698712464\n|switch|p2a: Zacian|Zacian|100\/100\n|-ability|p2a: Zacian|Intrepid Sword|boost\n|-boost|p2a: Zacian|atk|1\n|turn|16\n|\n|t:|1698712472\n|move|p1a: Sneasler|Dire Claw|p2a: Zacian\n|-supereffective|p2a: Zacian\n|-damage|p2a: Zacian|0 fnt\n|faint|p2a: Zacian\n|\n|upkeep\n|\n|t:|1698712479\n|switch|p2a: Walking Wake|Walking Wake|28\/100\n|turn|17\n|\n|t:|1698712481\n|move|p1a: Sneasler|Dire Claw|p2a: Walking Wake\n|-damage|p2a: Walking Wake|0 fnt\n|faint|p2a: Walking Wake\n|-end|p2a: Walking Wake|Protosynthesis|[silent]\n|\n|upkeep\n|\n|t:|1698712485\n|switch|p2a: Spectrier|Spectrier|100\/100\n|turn|18\n|\n|t:|1698712495\n|-terastallize|p2a: Spectrier|Fighting\n|move|p1a: Sneasler|Acrobatics|p2a: Spectrier\n|-supereffective|p2a: Spectrier\n|-damage|p2a: Spectrier|0 fnt\n|faint|p2a: Spectrier\n|\n|win|1P1o1s1h1e1\n|l|\u2606Albaz Brand\n","uploadtime":1698712511,"views":10,"p1id":"1p1o1s1h1e1","p2id":"albazbrand","formatid":"gen9ubers","rating":0,"private":0,"password":""}