{"id":"gen9ubers-1997354441","p1":"disciple of blahaj","p2":"Syrup_Arts","format":"[Gen 9] Ubers","log":"|j|\u2606disciple of blahaj\n|j|\u2606Syrup_Arts\n|t:|1700793303\n|gametype|singles\n|player|p1|disciple of blahaj|beauty-gen6xy|1000\n|player|p2|Syrup_Arts|1|1000\n|teamsize|p1|6\n|teamsize|p2|6\n|gen|9\n|tier|[Gen 9] Ubers\n|rated|\n|rule|Sleep Clause Mod: Limit one foe put to sleep\n|rule|Species Clause: Limit one of each Pok\u00e9mon\n|rule|OHKO Clause: OHKO moves are banned\n|rule|Evasion Items Clause: Evasion items are banned\n|rule|Evasion Moves Clause: Evasion moves are banned\n|rule|Endless Battle Clause: Forcing endless battles is banned\n|rule|HP Percentage Mod: HP is shown in percentages\n|clearpoke\n|poke|p1|Sneasler, F|\n|poke|p1|Miraidon|\n|poke|p1|Volcarona, F|\n|poke|p1|Espathra, F|\n|poke|p1|Iron Bundle|\n|poke|p1|Altaria, F|\n|poke|p2|Ogerpon-Hearthflame, F|\n|poke|p2|Magearna|\n|poke|p2|Urshifu-*, M|\n|poke|p2|Dragapult, F|\n|poke|p2|Kingambit, M|\n|poke|p2|Ursaluna-Bloodmoon, M|\n|teampreview\n|\n|t:|1700793340\n|start\n|switch|p1a: Cleo|Espathra, F, shiny|100\/100\n|switch|p2a: Ursaluna|Ursaluna-Bloodmoon, M|100\/100\n|turn|1\n|inactive|Battle timer is ON: inactive players will automatically lose when time's up. (requested by disciple of blahaj)\n|\n|t:|1700793362\n|move|p1a: Cleo|Calm Mind|p1a: Cleo\n|-boost|p1a: Cleo|spa|1\n|-boost|p1a: Cleo|spd|1\n|move|p2a: Ursaluna|Calm Mind|p2a: Ursaluna\n|-boost|p2a: Ursaluna|spa|1\n|-boost|p2a: Ursaluna|spd|1\n|\n|-ability|p1a: Cleo|Speed Boost|boost\n|-boost|p1a: Cleo|spe|1\n|upkeep\n|turn|2\n|\n|t:|1700793368\n|move|p1a: Cleo|Calm Mind|p1a: Cleo\n|-boost|p1a: Cleo|spa|1\n|-boost|p1a: Cleo|spd|1\n|move|p2a: Ursaluna|Calm Mind|p2a: Ursaluna\n|-boost|p2a: Ursaluna|spa|1\n|-boost|p2a: Ursaluna|spd|1\n|\n|-ability|p1a: Cleo|Speed Boost|boost\n|-boost|p1a: Cleo|spe|1\n|upkeep\n|turn|3\n|\n|t:|1700793375\n|move|p1a: Cleo|Calm Mind|p1a: Cleo\n|-boost|p1a: Cleo|spa|1\n|-boost|p1a: Cleo|spd|1\n|move|p2a: Ursaluna|Calm Mind|p2a: Ursaluna\n|-boost|p2a: Ursaluna|spa|1\n|-boost|p2a: Ursaluna|spd|1\n|\n|-ability|p1a: Cleo|Speed Boost|boost\n|-boost|p1a: Cleo|spe|1\n|upkeep\n|turn|4\n|\n|t:|1700793384\n|move|p1a: Cleo|Calm Mind|p1a: Cleo\n|-boost|p1a: Cleo|spa|1\n|-boost|p1a: Cleo|spd|1\n|move|p2a: Ursaluna|Calm Mind|p2a: Ursaluna\n|-boost|p2a: Ursaluna|spa|1\n|-boost|p2a: Ursaluna|spd|1\n|\n|-ability|p1a: Cleo|Speed Boost|boost\n|-boost|p1a: Cleo|spe|1\n|upkeep\n|turn|5\n|\n|t:|1700793389\n|move|p1a: Cleo|Calm Mind|p1a: Cleo\n|-boost|p1a: Cleo|spa|1\n|-boost|p1a: Cleo|spd|1\n|move|p2a: Ursaluna|Calm Mind|p2a: Ursaluna\n|-boost|p2a: Ursaluna|spa|1\n|-boost|p2a: Ursaluna|spd|1\n|\n|-ability|p1a: Cleo|Speed Boost|boost\n|-boost|p1a: Cleo|spe|1\n|upkeep\n|turn|6\n|\n|t:|1700793396\n|move|p1a: Cleo|Calm Mind|p1a: Cleo\n|-boost|p1a: Cleo|spa|1\n|-boost|p1a: Cleo|spd|1\n|move|p2a: Ursaluna|Calm Mind|p2a: Ursaluna\n|-boost|p2a: Ursaluna|spa|1\n|-boost|p2a: Ursaluna|spd|1\n|\n|-ability|p1a: Cleo|Speed Boost|boost\n|-boost|p1a: Cleo|spe|1\n|upkeep\n|turn|7\n|\n|t:|1700793411\n|move|p1a: Cleo|Stored Power|p2a: Ursaluna\n|-damage|p2a: Ursaluna|0 fnt\n|faint|p2a: Ursaluna\n|\n|upkeep\n|\n|t:|1700793423\n|switch|p2a: Kingambit|Kingambit, M|100\/100\n|-activate|p2a: Kingambit|ability: Supreme Overlord\n|-start|p2a: Kingambit|fallen1|[silent]\n|turn|8\n|\n|t:|1700793429\n|-terastallize|p1a: Cleo|Fairy\n|move|p1a: Cleo|Dazzling Gleam|p2a: Kingambit\n|-damage|p2a: Kingambit|0 fnt\n|faint|p2a: Kingambit\n|-end|p2a: Kingambit|fallen1|[silent]\n|\n|upkeep\n|\n|t:|1700793437\n|switch|p2a: Magearna|Magearna|100\/100\n|turn|9\n|\n|t:|1700793443\n|switch|p2a: Urshifu|Urshifu-Rapid-Strike, M|100\/100\n|move|p1a: Cleo|Stored Power|p2a: Urshifu\n|-supereffective|p2a: Urshifu\n|-damage|p2a: Urshifu|0 fnt\n|faint|p2a: Urshifu\n|\n|upkeep\n|\n|t:|1700793445\n|switch|p2a: Dragapult|Dragapult, F|100\/100\n|turn|10\n|\n|t:|1700793453\n|move|p1a: Cleo|Stored Power|p2a: Dragapult\n|-damage|p2a: Dragapult|0 fnt\n|faint|p2a: Dragapult\n|\n|upkeep\n|\n|t:|1700793463\n|switch|p2a: Magearna|Magearna|100\/100\n|turn|11\n|\n|t:|1700793466\n|move|p1a: Cleo|Stored Power|p2a: Magearna\n|-resisted|p2a: Magearna\n|-damage|p2a: Magearna|0 fnt\n|faint|p2a: Magearna\n|\n|upkeep\n|\n|t:|1700793469\n|switch|p2a: Ogerpon|Ogerpon-Hearthflame, F|100\/100\n|-ability|p2a: Ogerpon|Mold Breaker\n|turn|12\n|\n|t:|1700793476\n|-terastallize|p2a: Ogerpon|Fire\n|detailschange|p2a: Ogerpon|Ogerpon-Hearthflame-Tera, F, tera:Fire\n|-ability|p2a: Ogerpon|Embody Aspect (Hearthflame)|boost\n|-boost|p2a: Ogerpon|atk|1\n|move|p1a: Cleo|Stored Power|p2a: Ogerpon\n|-damage|p2a: Ogerpon|0 fnt\n|faint|p2a: Ogerpon\n|\n|win|disciple of blahaj\n|raw|disciple of blahaj's rating: 1000 &rarr; <strong>1040<\/strong><br \/>(+40 for winning)\n|raw|Syrup_Arts's rating: 1000 &rarr; <strong>1000<\/strong><br \/>(+0 for losing)\n|l|\u2606Syrup_Arts\n","uploadtime":1700793825,"views":4,"p1id":"discipleofblahaj","p2id":"syruparts","formatid":"gen9ubers","rating":1000,"private":0,"password":""}