{"id":"gen9ubers-1995727639","p1":"Skotchaud","p2":"Passemonde RPPLF","format":"[Gen 9] Ubers","log":"|j|\u2606Skotchaud\n|j|\u2606Passemonde RPPLF\n|t:|1700597571\n|gametype|singles\n|player|p1|Skotchaud|noland|\n|player|p2|Passemonde RPPLF|rood|\n|teamsize|p1|6\n|teamsize|p2|6\n|gen|9\n|tier|[Gen 9] Ubers\n|rule|Sleep Clause Mod: Limit one foe put to sleep\n|rule|Species Clause: Limit one of each Pok\u00e9mon\n|rule|OHKO Clause: OHKO moves are banned\n|rule|Evasion Items Clause: Evasion items are banned\n|rule|Evasion Moves Clause: Evasion moves are banned\n|rule|Endless Battle Clause: Forcing endless battles is banned\n|rule|HP Percentage Mod: HP is shown in percentages\n|clearpoke\n|poke|p1|Chien-Pao|\n|poke|p1|Corviknight, F|\n|poke|p1|Slowking-Galar, F|\n|poke|p1|Zoroark-Hisui, M|\n|poke|p1|Cinderace, F|\n|poke|p1|Dragapult, M|\n|poke|p2|Clefable, F|\n|poke|p2|Avalugg, F|\n|poke|p2|Crawdaunt, M|\n|poke|p2|Slowking-Galar, F|\n|poke|p2|Eternatus|\n|poke|p2|Landorus-Therian, M|\n|teampreview\n|\n|t:|1700597623\n|start\n|switch|p1a: Chien-Pao|Chien-Pao|100\/100\n|switch|p2a: Landorus|Landorus-Therian, M|100\/100\n|-ability|p2a: Landorus|Intimidate|boost\n|-unboost|p1a: Chien-Pao|atk|1\n|turn|1\n|\n|t:|1700597634\n|move|p1a: Chien-Pao|Hyper Voice|p2a: Landorus\n|-damage|p2a: Landorus|36\/100\n|move|p2a: Landorus|U-turn|p1a: Chien-Pao\n|-resisted|p1a: Chien-Pao\n|-damage|p1a: Chien-Pao|75\/100\n|replace|p1a: Zoroark|Zoroark-Hisui, M\n|-end|p1a: Zoroark|Illusion\n|\n|t:|1700597673\n|switch|p2a: Eau revoir|Slowking-Galar, F|100\/100|[from] U-turn\n|\n|upkeep\n|turn|2\n|\n|t:|1700597686\n|switch|p1a: Chien-Pao|Chien-Pao|100\/100\n|-ability|p1a: Chien-Pao|Sword of Ruin\n|move|p2a: Eau revoir|Chilly Reception|p2a: Eau revoir\n|-weather|Snow\n|\n|t:|1700597699\n|switch|p2a: Dragon berg|Avalugg, F|100\/100|[from] Chilly Reception\n|\n|-weather|Snow|[upkeep]\n|upkeep\n|turn|3\n|\n|t:|1700597725\n|switch|p1a: Cinderace|Cinderace, F|100\/100\n|move|p2a: Dragon berg|Body Press|p1a: Cinderace\n|-damage|p1a: Cinderace|47\/100\n|\n|-weather|Snow|[upkeep]\n|upkeep\n|turn|4\n|\n|t:|1700597736\n|move|p1a: Cinderace|Pyro Ball|p2a: Dragon berg\n|-supereffective|p2a: Dragon berg\n|-damage|p2a: Dragon berg|69\/100\n|move|p2a: Dragon berg|Avalanche|p1a: Cinderace\n|-resisted|p1a: Cinderace\n|-damage|p1a: Cinderace|15\/100\n|\n|-weather|Snow|[upkeep]\n|-heal|p2a: Dragon berg|75\/100|[from] ability: Ice Body\n|upkeep\n|turn|5\n|\n|t:|1700597750\n|move|p1a: Cinderace|Pyro Ball|p2a: Dragon berg\n|-supereffective|p2a: Dragon berg\n|-damage|p2a: Dragon berg|29\/100\n|move|p2a: Dragon berg|Avalanche|p1a: Cinderace\n|-resisted|p1a: Cinderace\n|-damage|p1a: Cinderace|0 fnt\n|faint|p1a: Cinderace\n|\n|-weather|Snow|[upkeep]\n|-heal|p2a: Dragon berg|35\/100|[from] ability: Ice Body\n|upkeep\n|\n|t:|1700597767\n|switch|p1a: Dragapult|Dragapult, M|100\/100\n|turn|6\n|\n|t:|1700597780\n|switch|p2a: Eau revoir|Slowking-Galar, F|100\/100\n|move|p1a: Dragapult|Shadow Ball|p2a: Eau revoir\n|-supereffective|p2a: Eau revoir\n|-damage|p2a: Eau revoir|30\/100\n|-unboost|p2a: Eau revoir|spd|1\n|-enditem|p2a: Eau revoir|Sitrus Berry|[eat]\n|-heal|p2a: Eau revoir|55\/100|[from] item: Sitrus Berry\n|\n|-weather|none\n|upkeep\n|turn|7\n|\n|t:|1700597795\n|move|p1a: Dragapult|Shadow Ball|p2a: Eau revoir\n|-supereffective|p2a: Eau revoir\n|-damage|p2a: Eau revoir|0 fnt\n|faint|p2a: Eau revoir\n|\n|upkeep\n|\n|t:|1700597810\n|switch|p2a: Eau chiotte|Crawdaunt, M|100\/100\n|turn|8\n|\n|t:|1700597815\n|switch|p1a: Corviknight|Corviknight, F|100\/100\n|move|p2a: Eau chiotte|Swords Dance|p2a: Eau chiotte\n|-boost|p2a: Eau chiotte|atk|2\n|\n|upkeep\n|turn|9\n|\n|t:|1700597835\n|-terastallize|p2a: Eau chiotte|Water\n|-terastallize|p1a: Corviknight|Dragon\n|move|p2a: Eau chiotte|Swords Dance|p2a: Eau chiotte\n|-boost|p2a: Eau chiotte|atk|2\n|move|p1a: Corviknight|Brave Bird|p2a: Eau chiotte\n|-damage|p2a: Eau chiotte|52\/100\n|-damage|p1a: Corviknight|88\/100|[from] Recoil\n|\n|upkeep\n|turn|10\n|\n|t:|1700597847\n|move|p2a: Eau chiotte|Knock Off|p1a: Corviknight\n|-damage|p1a: Corviknight|0 fnt\n|-damage|p2a: Eau chiotte|35\/100|[from] item: Rocky Helmet|[of] p1a: Corviknight\n|-enditem|p1a: Corviknight|Rocky Helmet|[from] move: Knock Off|[of] p2a: Eau chiotte\n|faint|p1a: Corviknight\n|\n|upkeep\n|\n|t:|1700597896\n|switch|p1a: Dragapult|Dragapult, M|100\/100\n|turn|11\n|\n|t:|1700597902\n|move|p2a: Eau chiotte|Aqua Jet|p1a: Dragapult\n|-resisted|p1a: Dragapult\n|-damage|p1a: Dragapult|16\/100\n|move|p1a: Dragapult|Shadow Ball|p2a: Eau chiotte\n|-damage|p2a: Eau chiotte|0 fnt\n|faint|p2a: Eau chiotte\n|\n|upkeep\n|\n|t:|1700597920\n|switch|p2a: Landorus|Landorus-Therian, M|36\/100\n|-ability|p2a: Landorus|Intimidate|boost\n|-unboost|p1a: Dragapult|atk|1\n|turn|12\n|\n|t:|1700597970\n|move|p2a: Landorus|Earthquake|p1a: Dragapult\n|-damage|p1a: Dragapult|0 fnt\n|faint|p1a: Dragapult\n|\n|upkeep\n|\n|t:|1700597973\n|switch|p1a: Chien-Pao|Chien-Pao|75\/100\n|turn|13\n|\n|t:|1700597980\n|move|p1a: Chien-Pao|Hyper Voice|p2a: Landorus\n|-damage|p2a: Landorus|0 fnt\n|faint|p2a: Landorus\n|\n|upkeep\n|\n|t:|1700597989\n|switch|p2a: Eternatus|Eternatus|100\/100\n|-ability|p2a: Eternatus|Pressure\n|turn|14\n|\n|t:|1700597995\n|switch|p1a: Slowking|Slowking-Galar, F|100\/100\n|move|p2a: Eternatus|Cosmic Power|p2a: Eternatus\n|-boost|p2a: Eternatus|def|1\n|-boost|p2a: Eternatus|spd|1\n|\n|upkeep\n|turn|15\n|\n|t:|1700598003\n|move|p2a: Eternatus|Cosmic Power|p2a: Eternatus\n|-boost|p2a: Eternatus|def|1\n|-boost|p2a: Eternatus|spd|1\n|move|p1a: Slowking|Future Sight|p2a: Eternatus\n|-start|p1a: Slowking|move: Future Sight\n|\n|upkeep\n|turn|16\n|\n|t:|1700598011\n|move|p2a: Eternatus|Cosmic Power|p2a: Eternatus\n|-boost|p2a: Eternatus|def|1\n|-boost|p2a: Eternatus|spd|1\n|move|p1a: Slowking|Ice Beam|p2a: Eternatus\n|-supereffective|p2a: Eternatus\n|-damage|p2a: Eternatus|87\/100\n|-status|p2a: Eternatus|frz\n|\n|-heal|p2a: Eternatus|93\/100 frz|[from] item: Leftovers\n|upkeep\n|turn|17\n|\n|t:|1700598022\n|cant|p2a: Eternatus|frz\n|move|p1a: Slowking|Chilly Reception|p1a: Slowking\n|-weather|Snow\n|\n|t:|1700598028\n|switch|p1a: Chien-Pao|Chien-Pao|100\/100|[from] Chilly Reception\n|-ability|p1a: Chien-Pao|Sword of Ruin\n|\n|-weather|Snow|[upkeep]\n|-end|p2a: Eternatus|move: Future Sight\n|-supereffective|p2a: Eternatus\n|-crit|p2a: Eternatus\n|-damage|p2a: Eternatus|0 fnt\n|faint|p2a: Eternatus\n|upkeep\n|\n|t:|1700598039\n|switch|p2a: Eau mon dieu|Clefable, F|100\/100\n|turn|18\n|\n|t:|1700598053\n|move|p1a: Chien-Pao|Ice Spinner|p2a: Eau mon dieu\n|-damage|p2a: Eau mon dieu|59\/100\n|move|p2a: Eau mon dieu|Draining Kiss|p1a: Chien-Pao\n|-supereffective|p1a: Chien-Pao\n|-damage|p1a: Chien-Pao|45\/100\n|-heal|p2a: Eau mon dieu|92\/100|[from] drain|[of] p1a: Chien-Pao\n|\n|-weather|Snow|[upkeep]\n|upkeep\n|turn|19\n|\n|t:|1700598066\n|switch|p1a: Slowking|Slowking-Galar, F|100\/100\n|move|p2a: Eau mon dieu|Calm Mind|p2a: Eau mon dieu\n|-boost|p2a: Eau mon dieu|spa|1\n|-boost|p2a: Eau mon dieu|spd|1\n|\n|-weather|Snow|[upkeep]\n|upkeep\n|turn|20\n|\n|t:|1700598077\n|move|p2a: Eau mon dieu|Calm Mind|p2a: Eau mon dieu\n|-boost|p2a: Eau mon dieu|spa|1\n|-boost|p2a: Eau mon dieu|spd|1\n|move|p1a: Slowking|Sludge Bomb|p2a: Eau mon dieu\n|-supereffective|p2a: Eau mon dieu\n|-damage|p2a: Eau mon dieu|59\/100\n|\n|-weather|Snow|[upkeep]\n|upkeep\n|turn|21\n|\n|t:|1700598088\n|move|p2a: Eau mon dieu|Calm Mind|p2a: Eau mon dieu\n|-boost|p2a: Eau mon dieu|spa|1\n|-boost|p2a: Eau mon dieu|spd|1\n|move|p1a: Slowking|Sludge Bomb|p2a: Eau mon dieu\n|-supereffective|p2a: Eau mon dieu\n|-damage|p2a: Eau mon dieu|31\/100\n|\n|-weather|none\n|upkeep\n|turn|22\n|\n|t:|1700598097\n|move|p2a: Eau mon dieu|Moonlight|p2a: Eau mon dieu\n|-heal|p2a: Eau mon dieu|81\/100\n|move|p1a: Slowking|Chilly Reception|p1a: Slowking\n|-weather|Snow\n|\n|t:|1700598104\n|switch|p1a: Chien-Pao|Chien-Pao|45\/100|[from] Chilly Reception\n|-ability|p1a: Chien-Pao|Sword of Ruin\n|\n|-weather|Snow|[upkeep]\n|upkeep\n|turn|23\n|\n|t:|1700598112\n|move|p1a: Chien-Pao|Ice Spinner|p2a: Eau mon dieu\n|-damage|p2a: Eau mon dieu|38\/100\n|move|p2a: Eau mon dieu|Draining Kiss|p1a: Chien-Pao\n|-supereffective|p1a: Chien-Pao\n|-damage|p1a: Chien-Pao|0 fnt\n|-heal|p2a: Eau mon dieu|65\/100|[from] drain|[of] p1a: Chien-Pao\n|faint|p1a: Chien-Pao\n|\n|-weather|Snow|[upkeep]\n|upkeep\n|\n|t:|1700598118\n|switch|p1a: Slowking|Slowking-Galar, F|100\/100\n|turn|24\n|\n|t:|1700598126\n|move|p2a: Eau mon dieu|Calm Mind|p2a: Eau mon dieu\n|-boost|p2a: Eau mon dieu|spa|1\n|-boost|p2a: Eau mon dieu|spd|1\n|move|p1a: Slowking|Sludge Bomb|p2a: Eau mon dieu\n|-supereffective|p2a: Eau mon dieu\n|-damage|p2a: Eau mon dieu|42\/100\n|\n|-weather|Snow|[upkeep]\n|upkeep\n|turn|25\n|\n|t:|1700598139\n|move|p2a: Eau mon dieu|Calm Mind|p2a: Eau mon dieu\n|-boost|p2a: Eau mon dieu|spa|1\n|-boost|p2a: Eau mon dieu|spd|1\n|move|p1a: Slowking|Sludge Bomb|p2a: Eau mon dieu\n|-supereffective|p2a: Eau mon dieu\n|-damage|p2a: Eau mon dieu|21\/100\n|\n|-weather|Snow|[upkeep]\n|upkeep\n|turn|26\n|\n|t:|1700598149\n|move|p2a: Eau mon dieu|Moonlight|p2a: Eau mon dieu\n|-heal|p2a: Eau mon dieu|46\/100\n|move|p1a: Slowking|Sludge Bomb|p2a: Eau mon dieu\n|-supereffective|p2a: Eau mon dieu\n|-damage|p2a: Eau mon dieu|26\/100\n|\n|-weather|none\n|upkeep\n|turn|27\n|\n|t:|1700598158\n|move|p2a: Eau mon dieu|Moonlight|p2a: Eau mon dieu\n|-heal|p2a: Eau mon dieu|76\/100\n|move|p1a: Slowking|Sludge Bomb|p2a: Eau mon dieu\n|-supereffective|p2a: Eau mon dieu\n|-damage|p2a: Eau mon dieu|55\/100\n|\n|upkeep\n|turn|28\n|\n|t:|1700598170\n|move|p2a: Eau mon dieu|Calm Mind|p2a: Eau mon dieu\n|-boost|p2a: Eau mon dieu|spa|1\n|-boost|p2a: Eau mon dieu|spd|1\n|move|p1a: Slowking|Sludge Bomb|p2a: Eau mon dieu\n|-supereffective|p2a: Eau mon dieu\n|-damage|p2a: Eau mon dieu|38\/100\n|\n|upkeep\n|turn|29\n|\n|t:|1700598182\n|move|p2a: Eau mon dieu|Flamethrower|p1a: Slowking\n|-damage|p1a: Slowking|46\/100\n|-enditem|p1a: Slowking|Eject Button\n|\n|t:|1700598187\n|switch|p1a: Slowking|Slowking-Galar, F|75\/100\n|\n|upkeep\n|turn|30\n|\n|t:|1700598198\n|move|p1a: Slowking|Hyper Voice|p2a: Eau mon dieu\n|-damage|p2a: Eau mon dieu|25\/100\n|move|p2a: Eau mon dieu|Moonlight|p2a: Eau mon dieu\n|-heal|p2a: Eau mon dieu|75\/100\n|\n|upkeep\n|turn|31\n|\n|t:|1700598207\n|move|p1a: Slowking|Hyper Voice|p2a: Eau mon dieu\n|-damage|p2a: Eau mon dieu|63\/100\n|move|p2a: Eau mon dieu|Draining Kiss|p1a: Slowking\n|-damage|p1a: Slowking|0 fnt\n|-heal|p2a: Eau mon dieu|100\/100|[from] drain|[of] p1a: Slowking\n|replace|p1a: Zoroark|Zoroark-Hisui, M\n|-end|p1a: Zoroark|Illusion\n|faint|p1a: Zoroark\n|\n|upkeep\n|\n|t:|1700598225\n|switch|p1a: Slowking|Slowking-Galar, F|79\/100\n|turn|32\n|\n|t:|1700598229\n|move|p2a: Eau mon dieu|Flamethrower|p1a: Slowking\n|-damage|p1a: Slowking|30\/100\n|move|p1a: Slowking|Sludge Bomb|p2a: Eau mon dieu\n|-supereffective|p2a: Eau mon dieu\n|-damage|p2a: Eau mon dieu|82\/100\n|\n|upkeep\n|turn|33\n|\n|t:|1700598237\n|move|p2a: Eau mon dieu|Flamethrower|p1a: Slowking\n|-damage|p1a: Slowking|0 fnt\n|faint|p1a: Slowking\n|\n|win|Passemonde RPPLF\n","uploadtime":1700598244,"views":13,"p1id":"skotchaud","p2id":"passemonderpplf","formatid":"gen9ubers","rating":0,"private":0,"password":""}