{"id":"gen9ubers-1968747227","p1":"tomas.horna","p2":"Watertown","format":"[Gen 9] Ubers","log":"|j|\u2606tomas.horna\n|j|\u2606Watertown\n|t:|1697460871\n|gametype|singles\n|player|p1|tomas.horna|lance|1159\n|player|p2|Watertown|bugcatcher-gen4dp|1129\n|teamsize|p1|6\n|teamsize|p2|6\n|gen|9\n|tier|[Gen 9] Ubers\n|rated|\n|rule|Sleep Clause Mod: Limit one foe put to sleep\n|rule|Species Clause: Limit one of each Pok\u00e9mon\n|rule|OHKO Clause: OHKO moves are banned\n|rule|Evasion Items Clause: Evasion items are banned\n|rule|Evasion Moves Clause: Evasion moves are banned\n|rule|Endless Battle Clause: Forcing endless battles is banned\n|rule|HP Percentage Mod: HP is shown in percentages\n|clearpoke\n|poke|p1|Rayquaza|\n|poke|p1|Annihilape, F|\n|poke|p1|Infernape, M|\n|poke|p1|Mewtwo|\n|poke|p1|Arceus|\n|poke|p1|Cyclizar, F|\n|poke|p2|Klefki, M|\n|poke|p2|Gardevoir, F|\n|poke|p2|Ditto|\n|poke|p2|Maushold-Four|\n|poke|p2|Rabsca, M|\n|poke|p2|Iron Hands|\n|teampreview\n|inactive|Battle timer is ON: inactive players will automatically lose when time's up. (requested by tomas.horna)\n|\n|t:|1697460887\n|start\n|switch|p1a: Cyclizar|Cyclizar, F|100\/100\n|switch|p2a: Ditto|Ditto|100\/100\n|-transform|p2a: Ditto|p1a: Cyclizar|[from] ability: Imposter\n|turn|1\n|\n|t:|1697460894\n|move|p2a: Ditto|Dragon Claw|p1a: Cyclizar\n|-supereffective|p1a: Cyclizar\n|-damage|p1a: Cyclizar|0 fnt\n|faint|p1a: Cyclizar\n|\n|upkeep\n|\n|t:|1697460898\n|switch|p1a: Vegeta|Annihilape, F|100\/100\n|turn|2\n|\n|t:|1697460904\n|switch|p2a: Klefki|Klefki, M|100\/100\n|move|p1a: Vegeta|Bulk Up|p1a: Vegeta\n|-boost|p1a: Vegeta|atk|1\n|-boost|p1a: Vegeta|def|1\n|\n|upkeep\n|turn|3\n|\n|t:|1697460910\n|move|p2a: Klefki|Reflect|p2a: Klefki\n|-sidestart|p2: Watertown|Reflect\n|move|p1a: Vegeta|Bulk Up|p1a: Vegeta\n|-boost|p1a: Vegeta|atk|1\n|-boost|p1a: Vegeta|def|1\n|\n|upkeep\n|turn|4\n|j| Domin0999\n|\n|t:|1697460916\n|switch|p2a: Gardevoir|Gardevoir, F|100\/100\n|-ability|p2a: Gardevoir|Vital Spirit|[from] ability: Trace|[of] p1a: Vegeta\n|move|p1a: Vegeta|Bulk Up|p1a: Vegeta\n|-boost|p1a: Vegeta|atk|1\n|-boost|p1a: Vegeta|def|1\n|\n|upkeep\n|turn|5\n|l| Domin0999\n|\n|t:|1697460922\n|-terastallize|p1a: Vegeta|Steel\n|move|p2a: Gardevoir|Moonblast|p1a: Vegeta\n|-resisted|p1a: Vegeta\n|-damage|p1a: Vegeta|79\/100\n|-unboost|p1a: Vegeta|spa|1\n|move|p1a: Vegeta|Rage Fist|p2a: Gardevoir\n|-supereffective|p2a: Gardevoir\n|-damage|p2a: Gardevoir|0 fnt\n|faint|p2a: Gardevoir\n|\n|-heal|p1a: Vegeta|85\/100|[from] item: Leftovers\n|upkeep\n|\n|t:|1697460926\n|switch|p2a: Ditto|Ditto|100\/100\n|-transform|p2a: Ditto|p1a: Vegeta|[from] ability: Imposter\n|-start|p2a: Ditto|typechange|Fighting\/Ghost|[silent]\n|turn|6\n|\n|t:|1697460935\n|switch|p1a: Shenron|Rayquaza|100\/100\n|-ability|p1a: Shenron|Air Lock\n|move|p2a: Ditto|Drain Punch|p1a: Shenron\n|-resisted|p1a: Shenron\n|-damage|p1a: Shenron|45\/100\n|\n|upkeep\n|turn|7\n|\n|t:|1697460947\n|move|p1a: Shenron|Extreme Speed|p2a: Ditto\n|-immune|p2a: Ditto\n|move|p2a: Ditto|Drain Punch|p1a: Shenron\n|-resisted|p1a: Shenron\n|-damage|p1a: Shenron|0 fnt\n|faint|p1a: Shenron\n|\n|upkeep\n|\n|t:|1697460957\n|switch|p1a: Frieza|Mewtwo|100\/100\n|-ability|p1a: Frieza|Pressure\n|turn|8\n|\n|t:|1697460965\n|move|p1a: Frieza|Psystrike|p2a: Ditto\n|-supereffective|p2a: Ditto\n|-damage|p2a: Ditto|24\/100\n|move|p2a: Ditto|Drain Punch|p1a: Frieza\n|-resisted|p1a: Frieza\n|-damage|p1a: Frieza|48\/100\n|-heal|p2a: Ditto|55\/100|[from] drain|[of] p1a: Frieza\n|\n|upkeep\n|turn|9\n|\n|t:|1697460973\n|switch|p2a: Klefki|Klefki, M|100\/100\n|move|p1a: Frieza|Ice Beam|p2a: Klefki\n|-resisted|p2a: Klefki\n|-damage|p2a: Klefki|78\/100\n|\n|upkeep\n|turn|10\n|\n|t:|1697460979\n|move|p2a: Klefki|Light Screen|p2a: Klefki\n|-sidestart|p2: Watertown|move: Light Screen\n|move|p1a: Frieza|Aura Sphere|p2a: Klefki\n|-damage|p2a: Klefki|60\/100\n|\n|-sideend|p2: Watertown|Reflect\n|upkeep\n|turn|11\n|\n|t:|1697460984\n|move|p1a: Frieza|Flamethrower|p2a: Klefki\n|-supereffective|p2a: Klefki\n|-damage|p2a: Klefki|11\/100\n|move|p2a: Klefki|Play Rough|p1a: Frieza|[miss]\n|-miss|p2a: Klefki|p1a: Frieza\n|\n|upkeep\n|turn|12\n|\n|t:|1697460991\n|move|p1a: Frieza|Psystrike|p2a: Klefki\n|-resisted|p2a: Klefki\n|-damage|p2a: Klefki|0 fnt\n|faint|p2a: Klefki\n|\n|upkeep\n|\n|t:|1697460996\n|switch|p2a: Maushold|Maushold-Four|100\/100\n|turn|13\n|\n|t:|1697460999\n|move|p1a: Frieza|Psystrike|p2a: Maushold\n|-damage|p2a: Maushold|55\/100\n|move|p2a: Maushold|Tidy Up|p2a: Maushold\n|-boost|p2a: Maushold|atk|1\n|-boost|p2a: Maushold|spe|1\n|\n|upkeep\n|turn|14\n|\n|t:|1697461004\n|move|p2a: Maushold|Population Bomb|p1a: Frieza\n|-damage|p1a: Frieza|29\/100\n|-damage|p1a: Frieza|12\/100\n|-damage|p1a: Frieza|0 fnt\n|faint|p1a: Frieza\n|-hitcount|p1: Frieza|3\n|\n|upkeep\n|\n|t:|1697461007\n|switch|p1a: Vegeta|Annihilape, F, tera:Steel|85\/100\n|turn|15\n|\n|t:|1697461013\n|move|p2a: Maushold|Taunt|p1a: Vegeta\n|-start|p1a: Vegeta|move: Taunt\n|move|p1a: Vegeta|Drain Punch|p2a: Maushold\n|-supereffective|p2a: Maushold\n|-damage|p2a: Maushold|0 fnt\n|-heal|p1a: Vegeta|100\/100|[from] drain|[of] p2a: Maushold\n|faint|p2a: Maushold\n|\n|upkeep\n|\n|t:|1697461019\n|switch|p2a: Iron Hands|Iron Hands|100\/100\n|turn|16\n|\n|t:|1697461024\n|move|p1a: Vegeta|Drain Punch|p2a: Iron Hands\n|-damage|p2a: Iron Hands|78\/100\n|move|p2a: Iron Hands|Close Combat|p1a: Vegeta\n|-supereffective|p1a: Vegeta\n|-crit|p1a: Vegeta\n|-damage|p1a: Vegeta|0 fnt\n|-unboost|p2a: Iron Hands|def|1\n|-unboost|p2a: Iron Hands|spd|1\n|faint|p1a: Vegeta\n|\n|upkeep\n|\n|t:|1697461034\n|switch|p1a: Son Goku|Infernape, M|100\/100\n|turn|17\n|\n|t:|1697461037\n|move|p1a: Son Goku|Flamethrower|p2a: Iron Hands\n|-damage|p2a: Iron Hands|48\/100\n|move|p2a: Iron Hands|Close Combat|p1a: Son Goku\n|-enditem|p1a: Son Goku|Focus Sash\n|-damage|p1a: Son Goku|1\/100\n|-unboost|p2a: Iron Hands|def|1\n|-unboost|p2a: Iron Hands|spd|1\n|\n|-sideend|p2: Watertown|move: Light Screen\n|upkeep\n|turn|18\n|\n|t:|1697461043\n|-end|p2a: Iron Hands|Quark Drive|[silent]\n|switch|p2a: Ditto|Ditto|55\/100\n|-transform|p2a: Ditto|p1a: Son Goku|[from] ability: Imposter\n|move|p1a: Son Goku|Flamethrower|p2a: Ditto\n|-resisted|p2a: Ditto\n|-damage|p2a: Ditto|12\/100\n|\n|upkeep\n|turn|19\n|\n|t:|1697461049\n|switch|p1a: Arceus|Arceus|100\/100\n|move|p2a: Ditto|Vacuum Wave|p1a: Arceus\n|-supereffective|p1a: Arceus\n|-damage|p1a: Arceus|76\/100\n|\n|-heal|p1a: Arceus|82\/100|[from] item: Leftovers\n|upkeep\n|turn|20\n|\n|t:|1697461053\n|switch|p2a: Rabsca|Rabsca, M|100\/100\n|move|p1a: Arceus|Extreme Speed|p2a: Rabsca\n|-damage|p2a: Rabsca|53\/100\n|\n|-heal|p1a: Arceus|88\/100|[from] item: Leftovers\n|upkeep\n|turn|21\n|\n|t:|1697461063\n|move|p1a: Arceus|Shadow Claw|p2a: Rabsca\n|-supereffective|p2a: Rabsca\n|-crit|p2a: Rabsca\n|-damage|p2a: Rabsca|0 fnt\n|faint|p2a: Rabsca\n|\n|-heal|p1a: Arceus|94\/100|[from] item: Leftovers\n|upkeep\n|\n|t:|1697461065\n|switch|p2a: Ditto|Ditto|12\/100\n|-transform|p2a: Ditto|p1a: Arceus|[from] ability: Imposter\n|turn|22\n|\n|t:|1697461069\n|-terastallize|p2a: Ditto|Normal\n|move|p2a: Ditto|Extreme Speed|p1a: Arceus\n|-damage|p1a: Arceus|53\/100\n|move|p1a: Arceus|Extreme Speed|p2a: Ditto\n|-damage|p2a: Ditto|0 fnt\n|faint|p2a: Ditto\n|\n|-heal|p1a: Arceus|59\/100|[from] item: Leftovers\n|upkeep\n|\n|t:|1697461074\n|switch|p2a: Iron Hands|Iron Hands|48\/100\n|turn|23\n|\n|t:|1697461079\n|move|p1a: Arceus|Extreme Speed|p2a: Iron Hands\n|-damage|p2a: Iron Hands|23\/100\n|move|p2a: Iron Hands|Wild Charge|p1a: Arceus\n|-damage|p1a: Arceus|9\/100\n|-damage|p2a: Iron Hands|12\/100|[from] Recoil\n|\n|-heal|p1a: Arceus|15\/100|[from] item: Leftovers\n|upkeep\n|turn|24\n|-message|Watertown forfeited.\n|\n|win|tomas.horna\n|raw|tomas.horna's rating: 1159 &rarr; <strong>1182<\/strong><br \/>(+23 for winning)\n|raw|Watertown's rating: 1129 &rarr; <strong>1106<\/strong><br \/>(-23 for losing)\n|l|\u2606Watertown\n","uploadtime":1697461097,"views":15,"p1id":"tomashorna","p2id":"watertown","formatid":"gen9ubers","rating":1106,"private":0,"password":""}