{"id":"gen9ubers-1984978557","p1":"Kikugi256","p2":"godiamsosorry","format":"[Gen 9] Ubers","log":"|j|\u2606Kikugi256\n|j|\u2606godiamsosorry\n|t:|1699316965\n|gametype|singles\n|player|p1|Kikugi256|collector|\n|player|p2|godiamsosorry|lady|\n|teamsize|p1|6\n|teamsize|p2|6\n|gen|9\n|tier|[Gen 9] Ubers\n|rule|Sleep Clause Mod: Limit one foe put to sleep\n|rule|Species Clause: Limit one of each Pok\u00e9mon\n|rule|OHKO Clause: OHKO moves are banned\n|rule|Evasion Items Clause: Evasion items are banned\n|rule|Evasion Moves Clause: Evasion moves are banned\n|rule|Endless Battle Clause: Forcing endless battles is banned\n|rule|HP Percentage Mod: HP is shown in percentages\n|clearpoke\n|poke|p1|Palafin, M|\n|poke|p1|Houndstone, M|\n|poke|p1|Hippowdon, M|\n|poke|p1|Probopass, F|\n|poke|p1|Gliscor, M|\n|poke|p1|Gholdengo|\n|poke|p2|Cyclizar, M|\n|poke|p2|Basculegion, M|\n|poke|p2|Garchomp, F|\n|poke|p2|Slowking-Galar, M|\n|poke|p2|Palafin, M|\n|poke|p2|Greninja-*, M|\n|teampreview\n|\n|t:|1699316978\n|start\n|switch|p1a: \u6cb3\u9a6c\u517d|Hippowdon, M|100\/100\n|switch|p2a: Cyclizar|Cyclizar, M|100\/100\n|-weather|Sandstorm|[from] ability: Sand Stream|[of] p1a: \u6cb3\u9a6c\u517d\n|turn|1\n|\n|t:|1699316994\n|move|p2a: Cyclizar|Shed Tail|p2a: Cyclizar\n|-start|p2a: Cyclizar|Substitute|[from] move: Shed Tail\n|-damage|p2a: Cyclizar|50\/100\n|\n|t:|1699316998\n|switch|p2a: Basculegion|Basculegion, M, shiny|100\/100|[from] Shed Tail\n|move|p1a: \u6cb3\u9a6c\u517d|Stealth Rock|p2a: Basculegion\n|-sidestart|p2: godiamsosorry|move: Stealth Rock\n|\n|-weather|Sandstorm|[upkeep]\n|-damage|p2a: Basculegion|94\/100|[from] Sandstorm\n|upkeep\n|turn|2\n|\n|t:|1699317012\n|move|p2a: Basculegion|Liquidation|p1a: \u6cb3\u9a6c\u517d\n|-supereffective|p1a: \u6cb3\u9a6c\u517d\n|-damage|p1a: \u6cb3\u9a6c\u517d|44\/100\n|move|p1a: \u6cb3\u9a6c\u517d|Whirlwind|p2a: Basculegion\n|drag|p2a: Slowking|Slowking-Galar, M|100\/100\n|\n|-weather|Sandstorm|[upkeep]\n|-damage|p2a: Slowking|94\/100|[from] Sandstorm\n|upkeep\n|turn|3\n|\n|t:|1699317026\n|switch|p1a: \u5929\u874e\u738b|Gliscor, M|100\/100\n|move|p2a: Slowking|Chilly Reception|p2a: Slowking\n|-weather|Snow\n|\n|t:|1699317035\n|switch|p2a: Garchomp|Garchomp, F|100\/100|[from] Chilly Reception\n|-damage|p2a: Garchomp|94\/100|[from] Stealth Rock\n|\n|-weather|Snow|[upkeep]\n|upkeep\n|turn|4\n|\n|t:|1699317045\n|move|p2a: Garchomp|Swords Dance|p2a: Garchomp\n|-boost|p2a: Garchomp|atk|2\n|move|p1a: \u5929\u874e\u738b|Toxic Spikes|p2a: Garchomp\n|-sidestart|p2: godiamsosorry|move: Toxic Spikes\n|\n|-weather|Snow|[upkeep]\n|upkeep\n|turn|5\n|\n|t:|1699317053\n|move|p2a: Garchomp|Scale Shot|p1a: \u5929\u874e\u738b\n|-damage|p1a: \u5929\u874e\u738b|74\/100\n|-damage|p1a: \u5929\u874e\u738b|48\/100\n|-damage|p1a: \u5929\u874e\u738b|22\/100\n|-enditem|p1a: \u5929\u874e\u738b|Aguav Berry|[eat]\n|-heal|p1a: \u5929\u874e\u738b|56\/100|[from] item: Aguav Berry\n|-damage|p1a: \u5929\u874e\u738b|31\/100\n|-damage|p1a: \u5929\u874e\u738b|4\/100\n|-hitcount|p1a: \u5929\u874e\u738b|5\n|-unboost|p2a: Garchomp|def|1\n|-boost|p2a: Garchomp|spe|1\n|move|p1a: \u5929\u874e\u738b|Toxic Spikes|p2a: Garchomp\n|-sidestart|p2: godiamsosorry|move: Toxic Spikes\n|\n|-weather|Snow|[upkeep]\n|upkeep\n|turn|6\n|\n|t:|1699317077\n|move|p2a: Garchomp|Iron Head|p1a: \u5929\u874e\u738b\n|-damage|p1a: \u5929\u874e\u738b|0 fnt\n|faint|p1a: \u5929\u874e\u738b\n|\n|-weather|Snow|[upkeep]\n|upkeep\n|\n|t:|1699317103\n|switch|p1a: \u6cb3\u9a6c\u517d|Hippowdon, M|44\/100\n|-weather|Sandstorm|[from] ability: Sand Stream|[of] p1a: \u6cb3\u9a6c\u517d\n|turn|7\n|\n|t:|1699317112\n|move|p2a: Garchomp|Scale Shot|p1a: \u6cb3\u9a6c\u517d\n|-damage|p1a: \u6cb3\u9a6c\u517d|31\/100\n|-damage|p1a: \u6cb3\u9a6c\u517d|17\/100\n|-damage|p1a: \u6cb3\u9a6c\u517d|3\/100\n|-crit|p1a: \u6cb3\u9a6c\u517d\n|-damage|p1a: \u6cb3\u9a6c\u517d|0 fnt\n|faint|p1a: \u6cb3\u9a6c\u517d\n|-hitcount|p1: \u6cb3\u9a6c\u517d|4\n|-unboost|p2a: Garchomp|def|1\n|-boost|p2a: Garchomp|spe|1\n|\n|-weather|Sandstorm|[upkeep]\n|upkeep\n|\n|t:|1699317124\n|switch|p1a: \u6d77\u8c5a\u4fe0|Palafin, M|100\/100\n|turn|8\n|\n|t:|1699317129\n|move|p2a: Garchomp|Scale Shot|p1a: \u6d77\u8c5a\u4fe0|[miss]\n|-miss|p2a: Garchomp|p1a: \u6d77\u8c5a\u4fe0\n|move|p1a: \u6d77\u8c5a\u4fe0|Liquidation|p2a: Garchomp\n|-damage|p2a: Garchomp|29\/100\n|-unboost|p2a: Garchomp|def|1\n|-damage|p1a: \u6d77\u8c5a\u4fe0|88\/100|[from] ability: Rough Skin|[of] p2a: Garchomp\n|\n|-weather|Sandstorm|[upkeep]\n|upkeep\n|turn|9\n|\n|t:|1699317142\n|-terastallize|p2a: Garchomp|Water\n|move|p2a: Garchomp|Scale Shot|p1a: \u6d77\u8c5a\u4fe0\n|-damage|p1a: \u6d77\u8c5a\u4fe0|58\/100\n|-damage|p1a: \u6d77\u8c5a\u4fe0|31\/100\n|-damage|p1a: \u6d77\u8c5a\u4fe0|0 fnt\n|faint|p1a: \u6d77\u8c5a\u4fe0\n|-hitcount|p1: \u6d77\u8c5a\u4fe0|3\n|-unboost|p2a: Garchomp|def|1\n|-boost|p2a: Garchomp|spe|1\n|\n|-weather|Sandstorm|[upkeep]\n|-damage|p2a: Garchomp|23\/100|[from] Sandstorm\n|upkeep\n|\n|t:|1699317180\n|switch|p1a: \u8d5b\u5bcc\u8c6a|Gholdengo|100\/100\n|turn|10\n|\n|t:|1699317193\n|move|p2a: Garchomp|Iron Head|p1a: \u8d5b\u5bcc\u8c6a\n|-resisted|p1a: \u8d5b\u5bcc\u8c6a\n|-damage|p1a: \u8d5b\u5bcc\u8c6a|69\/100\n|move|p1a: \u8d5b\u5bcc\u8c6a|Make It Rain|p2a: Garchomp\n|-resisted|p2a: Garchomp\n|-damage|p2a: Garchomp|0 fnt\n|-unboost|p1a: \u8d5b\u5bcc\u8c6a|spa|1\n|faint|p2a: Garchomp\n|\n|-weather|Sandstorm|[upkeep]\n|upkeep\n|\n|t:|1699317200\n|switch|p2a: Slowking|Slowking-Galar, M|100\/100\n|-sideend|p2: godiamsosorry|move: Toxic Spikes|[of] p2a: Slowking\n|turn|11\n|\n|t:|1699317216\n|move|p1a: \u8d5b\u5bcc\u8c6a|Nasty Plot|p1a: \u8d5b\u5bcc\u8c6a\n|-boost|p1a: \u8d5b\u5bcc\u8c6a|spa|2\n|move|p2a: Slowking|Chilly Reception|p2a: Slowking\n|-weather|Snow\n|\n|t:|1699317219\n|switch|p2a: Greninja|Greninja, M|100\/100|[from] Chilly Reception\n|\n|-weather|Snow|[upkeep]\n|upkeep\n|turn|12\n|\n|t:|1699317237\n|move|p2a: Greninja|Dark Pulse|p1a: \u8d5b\u5bcc\u8c6a\n|-supereffective|p1a: \u8d5b\u5bcc\u8c6a\n|-damage|p1a: \u8d5b\u5bcc\u8c6a|0 fnt\n|faint|p1a: \u8d5b\u5bcc\u8c6a\n|-ability|p2a: Greninja|Battle Bond|boost\n|-boost|p2a: Greninja|atk|1\n|-boost|p2a: Greninja|spa|1\n|-boost|p2a: Greninja|spe|1\n|-activate|p2a: Greninja|ability: Battle Bond\n|\n|-weather|Snow|[upkeep]\n|upkeep\n|\n|t:|1699317248\n|switch|p1a: \u5893\u626c\u72ac|Houndstone, M|100\/100\n|turn|13\n|\n|t:|1699317258\n|move|p2a: Greninja|Dark Pulse|p1a: \u5893\u626c\u72ac\n|-supereffective|p1a: \u5893\u626c\u72ac\n|-damage|p1a: \u5893\u626c\u72ac|0 fnt\n|faint|p1a: \u5893\u626c\u72ac\n|\n|-weather|Snow|[upkeep]\n|upkeep\n|\n|t:|1699317264\n|switch|p1a: \u5927\u671d\u5317\u9f3b|Probopass, F|100\/100\n|turn|14\n|\n|t:|1699317272\n|-terastallize|p1a: \u5927\u671d\u5317\u9f3b|Fighting\n|move|p2a: Greninja|Surf|p1a: \u5927\u671d\u5317\u9f3b\n|-damage|p1a: \u5927\u671d\u5317\u9f3b|59\/100\n|move|p1a: \u5927\u671d\u5317\u9f3b|Body Press|p2a: Greninja\n|-supereffective|p2a: Greninja\n|-crit|p2a: Greninja\n|-damage|p2a: Greninja|0 fnt\n|faint|p2a: Greninja\n|\n|-weather|Snow|[upkeep]\n|upkeep\n|\n|t:|1699317283\n|switch|p2a: Slowking|Slowking-Galar, M|100\/100\n|turn|15\n|\n|t:|1699317302\n|move|p1a: \u5927\u671d\u5317\u9f3b|Flash Cannon|p2a: Slowking\n|-damage|p2a: Slowking|74\/100\n|move|p2a: Slowking|Future Sight|p1a: \u5927\u671d\u5317\u9f3b\n|-start|p2a: Slowking|move: Future Sight\n|\n|-weather|none\n|upkeep\n|turn|16\n|\n|t:|1699317311\n|switch|p2a: Basculegion|Basculegion, M, shiny|94\/100\n|-damage|p2a: Basculegion|82\/100|[from] Stealth Rock\n|move|p1a: \u5927\u671d\u5317\u9f3b|Body Press|p2a: Basculegion\n|-immune|p2a: Basculegion\n|\n|upkeep\n|turn|17\n|\n|t:|1699317323\n|move|p2a: Basculegion|Last Respects|p1a: \u5927\u671d\u5317\u9f3b\n|-damage|p1a: \u5927\u671d\u5317\u9f3b|0 fnt\n|faint|p1a: \u5927\u671d\u5317\u9f3b\n|\n|win|godiamsosorry\n|c|\u2606godiamsosorry|Gg\n","uploadtime":1699317329,"views":7,"p1id":"kikugi256","p2id":"godiamsosorry","formatid":"gen9ubers","rating":0,"private":0,"password":""}