{"id":"gen9ubers-1979162268","p1":"vh7f","p2":"thygreenbean","format":"[Gen 9] Ubers","log":"|j|\u2606vh7f\n|j|\u2606thygreenbean\n|t:|1698641609\n|gametype|singles\n|player|p1|vh7f|rocketexecutive-gen2|1144\n|player|p2|thygreenbean|baker|1155\n|teamsize|p1|6\n|teamsize|p2|6\n|gen|9\n|tier|[Gen 9] Ubers\n|rated|\n|rule|Sleep Clause Mod: Limit one foe put to sleep\n|rule|Species Clause: Limit one of each Pok\u00e9mon\n|rule|OHKO Clause: OHKO moves are banned\n|rule|Evasion Items Clause: Evasion items are banned\n|rule|Evasion Moves Clause: Evasion moves are banned\n|rule|Endless Battle Clause: Forcing endless battles is banned\n|rule|HP Percentage Mod: HP is shown in percentages\n|clearpoke\n|poke|p1|Iron Bundle|\n|poke|p1|Chien-Pao|\n|poke|p1|Ninetales-Alola, M|\n|poke|p1|Baxcalibur, F|\n|poke|p1|Calyrex-Ice|\n|poke|p1|Basculegion-F, F|\n|poke|p2|Arceus-Fairy|\n|poke|p2|Hatterene, F|\n|poke|p2|Zacian-*|\n|poke|p2|Magearna|\n|poke|p2|Flutter Mane|\n|poke|p2|Clefable, F|\n|teampreview\n|\n|t:|1698641624\n|start\n|switch|p1a: Iron Bundle|Iron Bundle|100\/100\n|switch|p2a: funny bunny|Magearna|100\/100\n|turn|1\n|\n|t:|1698641629\n|move|p1a: Iron Bundle|Hydro Pump|p2a: funny bunny\n|-damage|p2a: funny bunny|25\/100\n|move|p2a: funny bunny|Shift Gear|p2a: funny bunny\n|-boost|p2a: funny bunny|spe|2\n|-boost|p2a: funny bunny|atk|1\n|\n|upkeep\n|turn|2\n|\n|t:|1698641634\n|move|p2a: funny bunny|Draining Kiss|p1a: Iron Bundle\n|-damage|p1a: Iron Bundle|49\/100\n|-heal|p2a: funny bunny|56\/100|[from] drain|[of] p1a: Iron Bundle\n|move|p1a: Iron Bundle|Hydro Pump|p2a: funny bunny\n|-damage|p2a: funny bunny|0 fnt\n|faint|p2a: funny bunny\n|\n|upkeep\n|\n|t:|1698641644\n|switch|p2a: AROOOOUUUUU|Zacian-Crowned|100\/100\n|-ability|p2a: AROOOOUUUUU|Intrepid Sword|boost\n|-boost|p2a: AROOOOUUUUU|atk|1\n|turn|3\n|\n|t:|1698641654\n|move|p2a: AROOOOUUUUU|Behemoth Blade|p1a: Iron Bundle\n|-damage|p1a: Iron Bundle|0 fnt\n|faint|p1a: Iron Bundle\n|-end|p1a: Iron Bundle|Quark Drive|[silent]\n|\n|upkeep\n|\n|t:|1698641662\n|switch|p1a: Ninetales|Ninetales-Alola, M|100\/100\n|-weather|Snow|[from] ability: Snow Warning|[of] p1a: Ninetales\n|turn|4\n|\n|t:|1698641668\n|-terastallize|p1a: Ninetales|Water\n|move|p2a: AROOOOUUUUU|Behemoth Blade|p1a: Ninetales\n|-resisted|p1a: Ninetales\n|-damage|p1a: Ninetales|35\/100\n|move|p1a: Ninetales|Aurora Veil|p1a: Ninetales\n|-sidestart|p1: vh7f|move: Aurora Veil\n|\n|-weather|Snow|[upkeep]\n|upkeep\n|turn|5\n|\n|t:|1698641679\n|switch|p2a: Flutter Mane|Flutter Mane|100\/100\n|-enditem|p2a: Flutter Mane|Booster Energy\n|-activate|p2a: Flutter Mane|ability: Protosynthesis|[fromitem]\n|-start|p2a: Flutter Mane|protosynthesisspe\n|move|p1a: Ninetales|Blizzard|p2a: Flutter Mane\n|-damage|p2a: Flutter Mane|57\/100\n|\n|-weather|Snow|[upkeep]\n|upkeep\n|turn|6\n|\n|t:|1698641685\n|switch|p1a: Calyrex|Calyrex-Ice|100\/100\n|-ability|p1a: Calyrex|As One\n|-ability|p1a: Calyrex|Unnerve\n|move|p2a: Flutter Mane|Calm Mind|p2a: Flutter Mane\n|-boost|p2a: Flutter Mane|spa|1\n|-boost|p2a: Flutter Mane|spd|1\n|\n|-weather|Snow|[upkeep]\n|upkeep\n|turn|7\n|\n|t:|1698641694\n|move|p2a: Flutter Mane|Mystical Fire|p1a: Calyrex\n|-supereffective|p1a: Calyrex\n|-damage|p1a: Calyrex|70\/100\n|-unboost|p1a: Calyrex|spa|1\n|-enditem|p1a: Calyrex|Weakness Policy\n|-boost|p1a: Calyrex|atk|2|[from] item: Weakness Policy\n|-boost|p1a: Calyrex|spa|2|[from] item: Weakness Policy\n|move|p1a: Calyrex|Glacial Lance|p2a: Flutter Mane\n|-damage|p2a: Flutter Mane|0 fnt\n|faint|p2a: Flutter Mane\n|-end|p2a: Flutter Mane|Protosynthesis|[silent]\n|-ability|p1a: Calyrex|Chilling Neigh|boost\n|-boost|p1a: Calyrex|atk|1\n|\n|-weather|Snow|[upkeep]\n|upkeep\n|\n|t:|1698641706\n|switch|p2a: AROOOOUUUUU|Zacian-Crowned|100\/100\n|turn|8\n|\n|t:|1698641709\n|move|p2a: AROOOOUUUUU|Behemoth Blade|p1a: Calyrex\n|-supereffective|p1a: Calyrex\n|-damage|p1a: Calyrex|44\/100\n|move|p1a: Calyrex|High Horsepower|p2a: AROOOOUUUUU\n|-supereffective|p2a: AROOOOUUUUU\n|-damage|p2a: AROOOOUUUUU|0 fnt\n|faint|p2a: AROOOOUUUUU\n|-ability|p1a: Calyrex|Chilling Neigh|boost\n|-boost|p1a: Calyrex|atk|1\n|\n|-weather|none\n|upkeep\n|\n|t:|1698641713\n|switch|p2a: Clefable|Clefable, F|100\/100\n|turn|9\n|-message|thygreenbean forfeited.\n|\n|win|vh7f\n|raw|vh7f's rating: 1144 &rarr; <strong>1170<\/strong><br \/>(+26 for winning)\n|raw|thygreenbean's rating: 1155 &rarr; <strong>1129<\/strong><br \/>(-26 for losing)\n|l|\u2606thygreenbean\n","uploadtime":1698641737,"views":11,"p1id":"vh7f","p2id":"thygreenbean","formatid":"gen9ubers","rating":1129,"private":0,"password":""}