{"id":"gen9ubers-1980503613","p1":"JohnLongGone","p2":"XpokVEVO","format":"[Gen 9] Ubers","log":"|j|\u2606JohnLongGone\n|j|\u2606XpokVEVO\n|t:|1698791278\n|gametype|singles\n|player|p1|JohnLongGone|caitlin|\n|player|p2|XpokVEVO|mustard|\n|teamsize|p1|6\n|teamsize|p2|6\n|gen|9\n|tier|[Gen 9] Ubers\n|rule|Sleep Clause Mod: Limit one foe put to sleep\n|rule|Species Clause: Limit one of each Pok\u00e9mon\n|rule|OHKO Clause: OHKO moves are banned\n|rule|Evasion Items Clause: Evasion items are banned\n|rule|Evasion Moves Clause: Evasion moves are banned\n|rule|Endless Battle Clause: Forcing endless battles is banned\n|rule|HP Percentage Mod: HP is shown in percentages\n|clearpoke\n|poke|p1|Cyclizar, M|\n|poke|p1|Grimmsnarl, M|\n|poke|p1|Magearna|\n|poke|p1|Zacian-*|\n|poke|p1|Arceus-Fire|\n|poke|p1|Basculegion-F, F|\n|poke|p2|Arceus-Fire|\n|poke|p2|Cyclizar, F|\n|poke|p2|Espathra, F|\n|poke|p2|Magearna|\n|poke|p2|Zacian-*|\n|poke|p2|Roaring Moon|\n|teampreview\n|inactive|Battle timer is ON: inactive players will automatically lose when time's up. (requested by XpokVEVO)\n|c|\u2606XpokVEVO|scarf last respects?\n|\n|t:|1698791298\n|start\n|switch|p1a: Grimmsnarl|Grimmsnarl, M|100\/100\n|switch|p2a: Akira|Cyclizar, F|100\/100\n|turn|1\n|\n|t:|1698791303\n|move|p1a: Grimmsnarl|Taunt|p2a: Akira\n|-start|p2a: Akira|move: Taunt\n|move|p2a: Akira|Knock Off|p1a: Grimmsnarl\n|-resisted|p1a: Grimmsnarl\n|-damage|p1a: Grimmsnarl|94\/100\n|-enditem|p1a: Grimmsnarl|Light Clay|[from] move: Knock Off|[of] p2a: Akira\n|\n|upkeep\n|turn|2\n|\n|t:|1698791322\n|switch|p2a: Aunt Fanny|Magearna|100\/100\n|move|p1a: Grimmsnarl|Reflect|p1a: Grimmsnarl\n|-sidestart|p1: JohnLongGone|Reflect\n|\n|upkeep\n|turn|3\n|\n|t:|1698791326\n|move|p1a: Grimmsnarl|Parting Shot|p2a: Aunt Fanny\n|-unboost|p2a: Aunt Fanny|atk|1\n|-unboost|p2a: Aunt Fanny|spa|1\n|\n|t:|1698791334\n|switch|p1a: Arceus|Arceus-Fire|100\/100|[from] Parting Shot\n|move|p2a: Aunt Fanny|Shift Gear|p2a: Aunt Fanny\n|-boost|p2a: Aunt Fanny|spe|2\n|-boost|p2a: Aunt Fanny|atk|1\n|\n|upkeep\n|turn|4\n|\n|t:|1698791338\n|move|p2a: Aunt Fanny|Thunder Wave|p1a: Arceus\n|-status|p1a: Arceus|par\n|move|p1a: Arceus|Dragon Dance|p1a: Arceus\n|-boost|p1a: Arceus|atk|1\n|-boost|p1a: Arceus|spe|1\n|\n|upkeep\n|turn|5\n|\n|t:|1698791346\n|switch|p2a: Ar\u0441eus-Fighting|Arceus-Fire, shiny|100\/100\n|move|p1a: Arceus|Flare Blitz|p2a: Ar\u0441eus-Fighting\n|-resisted|p2a: Ar\u0441eus-Fighting\n|-damage|p2a: Ar\u0441eus-Fighting|60\/100\n|-damage|p1a: Arceus|85\/100 par|[from] Recoil\n|\n|upkeep\n|turn|6\n|\n|t:|1698791351\n|move|p2a: Ar\u0441eus-Fighting|Dragon Dance|p2a: Ar\u0441eus-Fighting\n|-boost|p2a: Ar\u0441eus-Fighting|atk|1\n|-boost|p2a: Ar\u0441eus-Fighting|spe|1\n|move|p1a: Arceus|Earthquake|p2a: Ar\u0441eus-Fighting\n|-supereffective|p2a: Ar\u0441eus-Fighting\n|-damage|p2a: Ar\u0441eus-Fighting|0 fnt\n|faint|p2a: Ar\u0441eus-Fighting\n|\n|-sideend|p1: JohnLongGone|Reflect\n|upkeep\n|c|\u2606XpokVEVO|DUDE\n|c|\u2606XpokVEVO|MISIONPUT\n|c|\u2606XpokVEVO|MISINPUUUUT\n|c|\u2606XpokVEVO|THIS FUCKI\n|c|\u2606XpokVEVO|oh i died anyways\n|c|\u2606XpokVEVO|becasue roar is minus\n|c|\u2606XpokVEVO|lol\n|\n|t:|1698791373\n|switch|p2a: Akira|Cyclizar, F|100\/100\n|turn|7\n|\n|t:|1698791377\n|move|p2a: Akira|Shed Tail|p2a: Akira\n|-start|p2a: Akira|Substitute|[from] move: Shed Tail\n|-damage|p2a: Akira|50\/100\n|\n|t:|1698791381\n|switch|p2a: Roaring Peak|Roaring Moon|100\/100|[from] Shed Tail\n|-enditem|p2a: Roaring Peak|Booster Energy\n|-activate|p2a: Roaring Peak|ability: Protosynthesis|[fromitem]\n|-start|p2a: Roaring Peak|protosynthesisspe\n|move|p1a: Arceus|Dragon Dance|p1a: Arceus\n|-boost|p1a: Arceus|atk|1\n|-boost|p1a: Arceus|spe|1\n|\n|upkeep\n|turn|8\n|\n|t:|1698791386\n|move|p2a: Roaring Peak|Dragon Dance|p2a: Roaring Peak\n|-boost|p2a: Roaring Peak|atk|1\n|-boost|p2a: Roaring Peak|spe|1\n|cant|p1a: Arceus|par\n|\n|upkeep\n|turn|9\n|c|\u2606XpokVEVO|gg\n|c|\u2606XpokVEVO|its all over\n|\n|t:|1698791405\n|-terastallize|p1a: Arceus|Water\n|move|p2a: Roaring Peak|Dragon Dance|p2a: Roaring Peak\n|-boost|p2a: Roaring Peak|atk|1\n|-boost|p2a: Roaring Peak|spe|1\n|move|p1a: Arceus|Earthquake|p2a: Roaring Peak\n|-crit|p2a: Roaring Peak\n|-end|p2a: Roaring Peak|Substitute\n|\n|upkeep\n|turn|10\n|\n|t:|1698791421\n|-terastallize|p2a: Roaring Peak|Flying\n|move|p2a: Roaring Peak|Acrobatics|p1a: Arceus\n|-damage|p1a: Arceus|0 fnt\n|faint|p1a: Arceus\n|\n|upkeep\n|\n|t:|1698791446\n|switch|p1a: Grimmsnarl|Grimmsnarl, M|94\/100\n|turn|11\n|\n|t:|1698791451\n|move|p1a: Grimmsnarl|Reflect|p1a: Grimmsnarl\n|-sidestart|p1: JohnLongGone|Reflect\n|move|p2a: Roaring Peak|Dragon Dance|p2a: Roaring Peak\n|-boost|p2a: Roaring Peak|atk|1\n|-boost|p2a: Roaring Peak|spe|1\n|\n|upkeep\n|turn|12\n|\n|t:|1698791474\n|move|p1a: Grimmsnarl|Taunt|p2a: Roaring Peak\n|-start|p2a: Roaring Peak|move: Taunt\n|cant|p2a: Roaring Peak|move: Taunt|Dragon Dance\n|\n|upkeep\n|turn|13\n|c|\u2606XpokVEVO|smart?\n|c|\u2606XpokVEVO|idk\n|\n|t:|1698791487\n|move|p1a: Grimmsnarl|Parting Shot|p2a: Roaring Peak\n|-unboost|p2a: Roaring Peak|atk|1\n|-unboost|p2a: Roaring Peak|spa|1\n|\n|t:|1698791489\n|switch|p1a: Zacian|Zacian|100\/100|[from] Parting Shot\n|-ability|p1a: Zacian|Intrepid Sword|boost\n|-boost|p1a: Zacian|atk|1\n|move|p2a: Roaring Peak|Acrobatics|p1a: Zacian\n|-damage|p1a: Zacian|47\/100\n|\n|upkeep\n|turn|14\n|c|\u2606XpokVEVO|yeah smart\n|c|\u2606XpokVEVO|im boostless now\n|\n|t:|1698791494\n|move|p2a: Roaring Peak|Acrobatics|p1a: Zacian\n|-damage|p1a: Zacian|0 fnt\n|faint|p1a: Zacian\n|\n|-end|p2a: Roaring Peak|move: Taunt\n|upkeep\n|\n|t:|1698791496\n|switch|p1a: Magearna|Magearna|100\/100\n|turn|15\n|\n|t:|1698791500\n|move|p2a: Roaring Peak|Earthquake|p1a: Magearna\n|-supereffective|p1a: Magearna\n|-damage|p1a: Magearna|53\/100\n|-enditem|p1a: Magearna|Weakness Policy\n|-boost|p1a: Magearna|atk|2|[from] item: Weakness Policy\n|-boost|p1a: Magearna|spa|2|[from] item: Weakness Policy\n|move|p1a: Magearna|Shift Gear|p1a: Magearna\n|-boost|p1a: Magearna|spe|2\n|-boost|p1a: Magearna|atk|1\n|\n|-sideend|p1: JohnLongGone|Reflect\n|upkeep\n|turn|16\n|c|\u2606XpokVEVO|YEAAAH\n|c|\u2606XpokVEVO|FINALLY ANOTHER WEAKNESS POLICY CHAD\n|c|\u2606XpokVEVO|YOU STILL DIE\n|c|\u2606XpokVEVO|BUT BASED\n|\n|t:|1698791514\n|move|p2a: Roaring Peak|Earthquake|p1a: Magearna\n|-supereffective|p1a: Magearna\n|-damage|p1a: Magearna|0 fnt\n|faint|p1a: Magearna\n|\n|upkeep\n|\n|t:|1698791520\n|switch|p1a: Grimmsnarl|Grimmsnarl, M|94\/100\n|turn|17\n|\n|t:|1698791524\n|move|p1a: Grimmsnarl|Reflect|p1a: Grimmsnarl\n|-sidestart|p1: JohnLongGone|Reflect\n|move|p2a: Roaring Peak|Dragon Dance|p2a: Roaring Peak\n|-boost|p2a: Roaring Peak|atk|1\n|-boost|p2a: Roaring Peak|spe|1\n|\n|upkeep\n|turn|18\n|\n|t:|1698791543\n|move|p1a: Grimmsnarl|Parting Shot|p2a: Roaring Peak\n|-unboost|p2a: Roaring Peak|atk|1\n|-unboost|p2a: Roaring Peak|spa|1\n|\n|t:|1698791545\n|switch|p1a: Cyclizar|Cyclizar, M|100\/100|[from] Parting Shot\n|move|p2a: Roaring Peak|Knock Off|p1a: Cyclizar\n|-damage|p1a: Cyclizar|21\/100\n|-enditem|p1a: Cyclizar|Choice Scarf|[from] move: Knock Off|[of] p2a: Roaring Peak\n|\n|upkeep\n|turn|19\n|\n|t:|1698791554\n|move|p2a: Roaring Peak|Dragon Dance|p2a: Roaring Peak\n|-boost|p2a: Roaring Peak|atk|1\n|-boost|p2a: Roaring Peak|spe|1\n|move|p1a: Cyclizar|U-turn|p2a: Roaring Peak\n|-resisted|p2a: Roaring Peak\n|-damage|p2a: Roaring Peak|90\/100\n|\n|t:|1698791556\n|switch|p1a: Grimmsnarl|Grimmsnarl, M|94\/100|[from] U-turn\n|\n|upkeep\n|turn|20\n|\n|t:|1698791559\n|move|p1a: Grimmsnarl|Taunt|p2a: Roaring Peak\n|-start|p2a: Roaring Peak|move: Taunt\n|move|p2a: Roaring Peak|Knock Off|p1a: Grimmsnarl\n|-resisted|p1a: Grimmsnarl\n|-damage|p1a: Grimmsnarl|80\/100\n|\n|upkeep\n|turn|21\n|\n|t:|1698791562\n|move|p1a: Grimmsnarl|Parting Shot|p2a: Roaring Peak\n|-unboost|p2a: Roaring Peak|atk|1\n|-unboost|p2a: Roaring Peak|spa|1\n|\n|t:|1698791571\n|switch|p1a: Cyclizar|Cyclizar, M|54\/100|[from] Parting Shot\n|move|p2a: Roaring Peak|Acrobatics|p1a: Cyclizar\n|-damage|p1a: Cyclizar|0 fnt\n|faint|p1a: Cyclizar\n|\n|-sideend|p1: JohnLongGone|Reflect\n|upkeep\n|\n|t:|1698791577\n|switch|p1a: Grimmsnarl|Grimmsnarl, M|80\/100\n|turn|22\n|\n|t:|1698791588\n|move|p1a: Grimmsnarl|Reflect|p1a: Grimmsnarl\n|-sidestart|p1: JohnLongGone|Reflect\n|move|p2a: Roaring Peak|Acrobatics|p1a: Grimmsnarl\n|-damage|p1a: Grimmsnarl|14\/100\n|\n|-end|p2a: Roaring Peak|move: Taunt\n|upkeep\n|turn|23\n|\n|t:|1698791592\n|move|p1a: Grimmsnarl|Taunt|p2a: Roaring Peak\n|-start|p2a: Roaring Peak|move: Taunt\n|cant|p2a: Roaring Peak|move: Taunt|Dragon Dance\n|\n|upkeep\n|turn|24\n|\n|t:|1698791594\n|move|p1a: Grimmsnarl|Parting Shot|p2a: Roaring Peak\n|-unboost|p2a: Roaring Peak|atk|1\n|-unboost|p2a: Roaring Peak|spa|1\n|\n|t:|1698791595\n|switch|p1a: Basculegion|Basculegion-F, F|100\/100|[from] Parting Shot\n|move|p2a: Roaring Peak|Acrobatics|p1a: Basculegion\n|-damage|p1a: Basculegion|48\/100\n|\n|-heal|p1a: Basculegion|54\/100|[from] item: Leftovers\n|upkeep\n|turn|25\n|\n|t:|1698791604\n|move|p2a: Roaring Peak|Acrobatics|p1a: Basculegion\n|-damage|p1a: Basculegion|0 fnt\n|faint|p1a: Basculegion\n|\n|-end|p2a: Roaring Peak|move: Taunt\n|upkeep\n|\n|t:|1698791606\n|switch|p1a: Grimmsnarl|Grimmsnarl, M|14\/100\n|turn|26\n|-message|JohnLongGone forfeited.\n|\n|win|XpokVEVO\n|l|\u2606JohnLongGone\n","uploadtime":1698791611,"views":11,"p1id":"johnlonggone","p2id":"xpokvevo","formatid":"gen9ubers","rating":0,"private":0,"password":""}