{"id":"gen9ubers-1979545736","p1":"Rei_darkness","p2":"Pickedman","format":"[Gen 9] Ubers","log":"|j|\u2606Rei_darkness\n|j|\u2606Pickedman\n|t:|1698691169\n|gametype|singles\n|player|p1|Rei_darkness|drayden|\n|player|p2|Pickedman|zinnia|\n|teamsize|p1|6\n|teamsize|p2|6\n|gen|9\n|tier|[Gen 9] Ubers\n|rule|Sleep Clause Mod: Limit one foe put to sleep\n|rule|Species Clause: Limit one of each Pok\u00e9mon\n|rule|OHKO Clause: OHKO moves are banned\n|rule|Evasion Items Clause: Evasion items are banned\n|rule|Evasion Moves Clause: Evasion moves are banned\n|rule|Endless Battle Clause: Forcing endless battles is banned\n|rule|HP Percentage Mod: HP is shown in percentages\n|clearpoke\n|poke|p1|Slowbro-Galar, F|\n|poke|p1|Klefki, M|\n|poke|p1|Arcanine, M|\n|poke|p1|Victreebel, F|\n|poke|p1|Scovillain, F|\n|poke|p1|Koraidon|\n|poke|p2|Inteleon, F|\n|poke|p2|Gallade, M|\n|poke|p2|Darkrai|\n|poke|p2|Blissey, F|\n|poke|p2|Walking Wake|\n|poke|p2|Grimmsnarl, M|\n|teampreview\n|\n|t:|1698691176\n|start\n|switch|p1a: actualboxleg|Koraidon|100\/100\n|switch|p2a: Inteleon|Inteleon, F|100\/100\n|-weather|SunnyDay|[from] ability: Orichalcum Pulse|[of] p1a: actualboxleg\n|-activate|p1a: actualboxleg|Orichalcum Pulse|[source]\n|turn|1\n|\n|t:|1698691182\n|move|p1a: actualboxleg|Fire Spin|p2a: Inteleon\n|-resisted|p2a: Inteleon\n|-damage|p2a: Inteleon|89\/100\n|-activate|p2a: Inteleon|move: Fire Spin|[of] p1a: actualboxleg\n|move|p2a: Inteleon|Icicle Spear|p1a: actualboxleg\n|-supereffective|p1a: actualboxleg\n|-damage|p1a: actualboxleg|87\/100\n|-supereffective|p1a: actualboxleg\n|-damage|p1a: actualboxleg|74\/100\n|-supereffective|p1a: actualboxleg\n|-damage|p1a: actualboxleg|61\/100\n|-supereffective|p1a: actualboxleg\n|-crit|p1a: actualboxleg\n|-damage|p1a: actualboxleg|30\/100\n|-hitcount|p1a: actualboxleg|4\n|\n|-weather|SunnyDay|[upkeep]\n|-damage|p2a: Inteleon|77\/100|[from] move: Fire Spin|[partiallytrapped]\n|upkeep\n|turn|2\n|\n|t:|1698691196\n|move|p1a: actualboxleg|Solar Beam||[still]\n|-prepare|p1a: actualboxleg|Solar Beam\n|-anim|p1a: actualboxleg|Solar Beam|p2a: Inteleon\n|-supereffective|p2a: Inteleon\n|-damage|p2a: Inteleon|0 fnt\n|faint|p2a: Inteleon\n|\n|-weather|SunnyDay|[upkeep]\n|upkeep\n|\n|t:|1698691204\n|switch|p2a: Blissey|Blissey, F|100\/100\n|turn|3\n|\n|t:|1698691224\n|switch|p1a: gen1shitmon|Victreebel, F|100\/100\n|move|p2a: Blissey|Stealth Rock|p1a: gen1shitmon\n|-sidestart|p1: Rei_darkness|move: Stealth Rock\n|\n|-weather|SunnyDay|[upkeep]\n|upkeep\n|turn|4\n|\n|t:|1698691239\n|move|p1a: gen1shitmon|Growth|p1a: gen1shitmon\n|-boost|p1a: gen1shitmon|atk|2\n|-boost|p1a: gen1shitmon|spa|2\n|move|p2a: Blissey|Thunder Wave|p1a: gen1shitmon\n|-status|p1a: gen1shitmon|par\n|\n|-weather|SunnyDay|[upkeep]\n|upkeep\n|turn|5\n|\n|t:|1698691247\n|move|p1a: gen1shitmon|Growth|p1a: gen1shitmon\n|-boost|p1a: gen1shitmon|atk|2\n|-boost|p1a: gen1shitmon|spa|2\n|move|p2a: Blissey|Seismic Toss|p1a: gen1shitmon\n|-damage|p1a: gen1shitmon|67\/100 par\n|\n|-weather|SunnyDay|[upkeep]\n|upkeep\n|turn|6\n|\n|t:|1698691256\n|move|p1a: gen1shitmon|Solar Beam||[still]\n|-prepare|p1a: gen1shitmon|Solar Beam\n|-anim|p1a: gen1shitmon|Solar Beam|p2a: Blissey\n|-damage|p2a: Blissey|42\/100\n|move|p2a: Blissey|Seismic Toss|p1a: gen1shitmon\n|-damage|p1a: gen1shitmon|34\/100 par\n|\n|-weather|SunnyDay|[upkeep]\n|upkeep\n|turn|7\n|\n|t:|1698691263\n|switch|p2a: Grimmsnarl|Grimmsnarl, M|100\/100\n|move|p1a: gen1shitmon|Solar Beam||[still]\n|-prepare|p1a: gen1shitmon|Solar Beam\n|-anim|p1a: gen1shitmon|Solar Beam|p2a: Grimmsnarl\n|-damage|p2a: Grimmsnarl|0 fnt\n|faint|p2a: Grimmsnarl\n|\n|-weather|SunnyDay|[upkeep]\n|upkeep\n|\n|t:|1698691277\n|switch|p2a: Walking Wake|Walking Wake|100\/100\n|-activate|p2a: Walking Wake|ability: Protosynthesis\n|-start|p2a: Walking Wake|protosynthesisspe\n|turn|8\n|\n|t:|1698691284\n|move|p2a: Walking Wake|Knock Off|p1a: gen1shitmon\n|-crit|p1a: gen1shitmon\n|-damage|p1a: gen1shitmon|0 fnt\n|-enditem|p1a: gen1shitmon|Focus Sash|[from] move: Knock Off|[of] p2a: Walking Wake\n|faint|p1a: gen1shitmon\n|\n|-weather|none\n|-end|p2a: Walking Wake|Protosynthesis\n|upkeep\n|\n|t:|1698691286\n|switch|p1a: I die now|Klefki, M|100\/100\n|-damage|p1a: I die now|95\/100|[from] Stealth Rock\n|turn|9\n|\n|t:|1698691290\n|move|p1a: I die now|Reflect|p1a: I die now\n|-sidestart|p1: Rei_darkness|Reflect\n|move|p2a: Walking Wake|Roar|p1a: I die now\n|drag|p1a: gen9shitmon|Scovillain, F|100\/100\n|-damage|p1a: gen9shitmon|76\/100|[from] Stealth Rock\n|\n|upkeep\n|turn|10\n|\n|t:|1698691297\n|move|p2a: Walking Wake|Noble Roar|p1a: gen9shitmon\n|-unboost|p1a: gen9shitmon|atk|1\n|-unboost|p1a: gen9shitmon|spa|1\n|move|p1a: gen9shitmon|Seed Bomb|p2a: Walking Wake\n|-damage|p2a: Walking Wake|77\/100\n|\n|upkeep\n|turn|11\n|\n|t:|1698691306\n|switch|p1a: actualboxleg|Koraidon|30\/100\n|-damage|p1a: actualboxleg|24\/100|[from] Stealth Rock\n|-weather|SunnyDay|[from] ability: Orichalcum Pulse|[of] p1a: actualboxleg\n|-activate|p2a: Walking Wake|ability: Protosynthesis\n|-start|p2a: Walking Wake|protosynthesisspe\n|-activate|p1a: actualboxleg|Orichalcum Pulse|[source]\n|move|p2a: Walking Wake|Noble Roar|p1a: actualboxleg\n|-unboost|p1a: actualboxleg|atk|1\n|-unboost|p1a: actualboxleg|spa|1\n|\n|-weather|SunnyDay|[upkeep]\n|upkeep\n|turn|12\n|\n|t:|1698691310\n|move|p2a: Walking Wake|Knock Off|p1a: actualboxleg\n|-resisted|p1a: actualboxleg\n|-damage|p1a: actualboxleg|20\/100\n|-enditem|p1a: actualboxleg|Heat Rock|[from] move: Knock Off|[of] p2a: Walking Wake\n|move|p1a: actualboxleg|Draco Meteor|p2a: Walking Wake\n|-supereffective|p2a: Walking Wake\n|-damage|p2a: Walking Wake|3\/100\n|-unboost|p1a: actualboxleg|spa|2\n|\n|-weather|SunnyDay|[upkeep]\n|upkeep\n|turn|13\n|\n|t:|1698691318\n|move|p2a: Walking Wake|Flip Turn|p1a: actualboxleg\n|-resisted|p1a: actualboxleg\n|-damage|p1a: actualboxleg|19\/100\n|\n|t:|1698691323\n|-end|p2a: Walking Wake|Protosynthesis|[silent]\n|switch|p2a: Blissey|Blissey, F|42\/100|[from] Flip Turn\n|move|p1a: actualboxleg|Solar Beam||[still]\n|-prepare|p1a: actualboxleg|Solar Beam\n|-anim|p1a: actualboxleg|Solar Beam|p2a: Blissey\n|-damage|p2a: Blissey|38\/100\n|\n|-weather|SunnyDay|[upkeep]\n|upkeep\n|turn|14\n|\n|t:|1698691333\n|switch|p1a: I die now|Klefki, M|95\/100\n|-damage|p1a: I die now|89\/100|[from] Stealth Rock\n|move|p2a: Blissey|Soft-Boiled|p2a: Blissey\n|-heal|p2a: Blissey|88\/100\n|\n|-weather|SunnyDay|[upkeep]\n|upkeep\n|turn|15\n|\n|t:|1698691348\n|move|p1a: I die now|Light Screen|p1a: I die now\n|-sidestart|p1: Rei_darkness|move: Light Screen\n|move|p2a: Blissey|Soft-Boiled|p2a: Blissey\n|-heal|p2a: Blissey|100\/100\n|\n|-weather|SunnyDay|[upkeep]\n|upkeep\n|turn|16\n|\n|t:|1698691356\n|switch|p1a: Cowgurl|Slowbro-Galar, F|100\/100\n|-damage|p1a: Cowgurl|88\/100|[from] Stealth Rock\n|move|p2a: Blissey|Seismic Toss|p1a: Cowgurl\n|-damage|p1a: Cowgurl|63\/100\n|\n|-weather|SunnyDay|[upkeep]\n|-sideend|p1: Rei_darkness|Reflect\n|upkeep\n|turn|17\n|\n|t:|1698691368\n|move|p2a: Blissey|Thunder Wave|p1a: Cowgurl\n|-status|p1a: Cowgurl|par\n|move|p1a: Cowgurl|Nasty Plot|p1a: Cowgurl\n|-boost|p1a: Cowgurl|spa|2\n|\n|-weather|SunnyDay|[upkeep]\n|upkeep\n|turn|18\n|c|\u2606Pickedman|where belly drum\n|-activate|p1a: Cowgurl|ability: Quick Draw\n|\n|t:|1698691379\n|move|p1a: Cowgurl|Psyshock|p2a: Blissey\n|-damage|p2a: Blissey|31\/100\n|move|p2a: Blissey|Seismic Toss|p1a: Cowgurl\n|-damage|p1a: Cowgurl|37\/100 par\n|\n|-weather|none\n|upkeep\n|turn|19\n|\n|t:|1698691387\n|switch|p2a: Darkrai|Darkrai|100\/100\n|cant|p1a: Cowgurl|par\n|\n|upkeep\n|turn|20\n|\n|t:|1698691395\n|move|p2a: Darkrai|Knock Off|p1a: Cowgurl\n|-supereffective|p1a: Cowgurl\n|-crit|p1a: Cowgurl\n|-damage|p1a: Cowgurl|0 fnt\n|-enditem|p1a: Cowgurl|Quick Claw|[from] move: Knock Off|[of] p2a: Darkrai\n|faint|p1a: Cowgurl\n|-damage|p2a: Darkrai|91\/100|[from] item: Life Orb\n|\n|upkeep\n|\n|t:|1698691405\n|switch|p1a: actualboxleg|Koraidon|19\/100\n|-damage|p1a: actualboxleg|13\/100|[from] Stealth Rock\n|-weather|SunnyDay|[from] ability: Orichalcum Pulse|[of] p1a: actualboxleg\n|-activate|p1a: actualboxleg|Orichalcum Pulse|[source]\n|turn|21\n|\n|t:|1698691415\n|move|p1a: actualboxleg|Solar Beam||[still]\n|-prepare|p1a: actualboxleg|Solar Beam\n|-anim|p1a: actualboxleg|Solar Beam|p2a: Darkrai\n|-damage|p2a: Darkrai|49\/100\n|move|p2a: Darkrai|Swords Dance|p2a: Darkrai\n|-boost|p2a: Darkrai|atk|2\n|\n|-weather|SunnyDay|[upkeep]\n|upkeep\n|turn|22\n|\n|t:|1698691423\n|move|p1a: actualboxleg|Draco Meteor|p2a: Darkrai|[miss]\n|-miss|p1a: actualboxleg|p2a: Darkrai\n|move|p2a: Darkrai|Knock Off|p1a: actualboxleg\n|-resisted|p1a: actualboxleg\n|-damage|p1a: actualboxleg|0 fnt\n|faint|p1a: actualboxleg\n|-damage|p2a: Darkrai|39\/100|[from] item: Life Orb\n|\n|-weather|SunnyDay|[upkeep]\n|-sideend|p1: Rei_darkness|move: Light Screen\n|upkeep\n|\n|t:|1698691431\n|switch|p1a: gen9shitmon|Scovillain, F|76\/100\n|-damage|p1a: gen9shitmon|51\/100|[from] Stealth Rock\n|turn|23\n|c|\u2606Pickedman|thanks draco meteor\n|\n|t:|1698691438\n|move|p1a: gen9shitmon|Fire Fang|p2a: Darkrai\n|-damage|p2a: Darkrai|0 fnt\n|faint|p2a: Darkrai\n|\n|-weather|SunnyDay|[upkeep]\n|upkeep\n|\n|t:|1698691443\n|switch|p2a: Walking Wake|Walking Wake|3\/100\n|-activate|p2a: Walking Wake|ability: Protosynthesis\n|-start|p2a: Walking Wake|protosynthesisspe\n|turn|24\n|c|\u2606Rei_darkness|average dm moment\n|\n|t:|1698691448\n|move|p2a: Walking Wake|Noble Roar|p1a: gen9shitmon\n|-unboost|p1a: gen9shitmon|atk|1\n|-unboost|p1a: gen9shitmon|spa|1\n|move|p1a: gen9shitmon|Seed Bomb|p2a: Walking Wake\n|-damage|p2a: Walking Wake|0 fnt\n|faint|p2a: Walking Wake\n|-end|p2a: Walking Wake|Protosynthesis|[silent]\n|\n|-weather|SunnyDay|[upkeep]\n|upkeep\n|\n|t:|1698691453\n|switch|p2a: Gallade|Gallade, M|100\/100\n|turn|25\n|\n|t:|1698691459\n|move|p1a: gen9shitmon|Growth|p1a: gen9shitmon\n|-boost|p1a: gen9shitmon|atk|2\n|-boost|p1a: gen9shitmon|spa|2\n|move|p2a: Gallade|Bulk Up|p2a: Gallade\n|-boost|p2a: Gallade|atk|1\n|-boost|p2a: Gallade|def|1\n|\n|-weather|none\n|upkeep\n|turn|26\n|\n|t:|1698691466\n|move|p1a: gen9shitmon|Fire Fang|p2a: Gallade\n|-crit|p2a: Gallade\n|-damage|p2a: Gallade|34\/100\n|move|p2a: Gallade|Bulk Up|p2a: Gallade\n|-boost|p2a: Gallade|atk|1\n|-boost|p2a: Gallade|def|1\n|\n|-heal|p2a: Gallade|40\/100|[from] item: Leftovers\n|upkeep\n|turn|27\n|\n|t:|1698691475\n|-terastallize|p1a: gen9shitmon|Fire\n|move|p1a: gen9shitmon|Fire Fang|p2a: Gallade\n|-damage|p2a: Gallade|8\/100\n|move|p2a: Gallade|Stored Power|p1a: gen9shitmon\n|-damage|p1a: gen9shitmon|9\/100\n|\n|-heal|p2a: Gallade|14\/100|[from] item: Leftovers\n|upkeep\n|turn|28\n|\n|t:|1698691479\n|move|p1a: gen9shitmon|Fire Fang|p2a: Gallade\n|-damage|p2a: Gallade|0 fnt\n|faint|p2a: Gallade\n|\n|upkeep\n|c|\u2606Pickedman|ggwp\n|\n|t:|1698691483\n|switch|p2a: Blissey|Blissey, F|31\/100\n|turn|29\n|\n|t:|1698691488\n|move|p1a: gen9shitmon|Fire Fang|p2a: Blissey\n|-damage|p2a: Blissey|0 fnt\n|faint|p2a: Blissey\n|\n|win|Rei_darkness\n|l|\u2606Pickedman\n","uploadtime":1698691491,"views":17,"p1id":"reidarkness","p2id":"pickedman","formatid":"gen9ubers","rating":0,"private":0,"password":""}