{"id":"gen9ubers-1980528842","p1":"Donjozo","p2":"Koreki","format":"[Gen 9] Ubers","log":"|j|\u2606Donjozo\n|j|\u2606Koreki\n|t:|1698793927\n|gametype|singles\n|player|p1|Donjozo|brycen|\n|player|p2|Koreki|tate|\n|teamsize|p1|6\n|teamsize|p2|6\n|gen|9\n|tier|[Gen 9] Ubers\n|rule|Sleep Clause Mod: Limit one foe put to sleep\n|rule|Species Clause: Limit one of each Pok\u00e9mon\n|rule|OHKO Clause: OHKO moves are banned\n|rule|Evasion Items Clause: Evasion items are banned\n|rule|Evasion Moves Clause: Evasion moves are banned\n|rule|Endless Battle Clause: Forcing endless battles is banned\n|rule|HP Percentage Mod: HP is shown in percentages\n|clearpoke\n|poke|p1|Dondozo, F|\n|poke|p1|Landorus-Therian, M|\n|poke|p1|Tyranitar, M|\n|poke|p1|Grimmsnarl, M|\n|poke|p1|Lycanroc, M|\n|poke|p1|Delibird, F|\n|poke|p2|Rotom-Wash|\n|poke|p2|Dragapult, F|\n|poke|p2|Samurott, M|\n|poke|p2|Tornadus-Therian, M|\n|poke|p2|Iron Hands|\n|poke|p2|Mew|\n|teampreview\n|inactive|Battle timer is ON: inactive players will automatically lose when time's up. (requested by Koreki)\n|\n|t:|1698793954\n|start\n|switch|p1a: Alastor|Grimmsnarl, M|100\/100\n|switch|p2a: Man who would|Rotom-Wash, shiny|100\/100\n|turn|1\n|\n|t:|1698793972\n|move|p1a: Alastor|Light Screen|p1a: Alastor\n|-sidestart|p1: Donjozo|move: Light Screen\n|move|p2a: Man who would|Volt Switch|p1a: Alastor\n|-damage|p1a: Alastor|91\/100\n|\n|t:|1698793978\n|switch|p2a: Forceps|Samurott, M, shiny|100\/100|[from] Volt Switch\n|\n|upkeep\n|turn|2\n|\n|t:|1698793984\n|move|p1a: Alastor|Thunder Wave|p2a: Forceps\n|-status|p2a: Forceps|par\n|move|p2a: Forceps|Brick Break|p1a: Alastor\n|-sideend|p1: Donjozo|move: Light Screen\n|-damage|p1a: Alastor|63\/100\n|\n|upkeep\n|turn|3\n|\n|t:|1698793999\n|switch|p1a: Donjozo|Dondozo, F|100\/100\n|cant|p2a: Forceps|par\n|\n|upkeep\n|turn|4\n|\n|t:|1698794010\n|switch|p2a: Man who would|Rotom-Wash, shiny|100\/100\n|move|p1a: Donjozo|Wave Crash|p2a: Man who would\n|-resisted|p2a: Man who would\n|-damage|p2a: Man who would|83\/100\n|-damage|p1a: Donjozo|97\/100|[from] Recoil\n|\n|-heal|p2a: Man who would|89\/100|[from] item: Leftovers\n|-heal|p1a: Donjozo|100\/100|[from] item: Leftovers\n|upkeep\n|turn|5\n|\n|t:|1698794023\n|switch|p1a: $$YUNGTHUGGOKU$$|Landorus-Therian, M|100\/100\n|-ability|p1a: $$YUNGTHUGGOKU$$|Intimidate|boost\n|-unboost|p2a: Man who would|atk|1\n|move|p2a: Man who would|Will-O-Wisp|p1a: $$YUNGTHUGGOKU$$\n|-status|p1a: $$YUNGTHUGGOKU$$|brn\n|\n|-heal|p2a: Man who would|96\/100|[from] item: Leftovers\n|-damage|p1a: $$YUNGTHUGGOKU$$|95\/100 brn|[from] brn\n|upkeep\n|turn|6\n|\n|t:|1698794032\n|move|p1a: $$YUNGTHUGGOKU$$|U-turn|p2a: Man who would\n|-damage|p2a: Man who would|85\/100\n|\n|t:|1698794054\n|switch|p1a: Alastor|Grimmsnarl, M|63\/100|[from] U-turn\n|move|p2a: Man who would|Hydro Pump|p1a: Alastor|[miss]\n|-miss|p2a: Man who would|p1a: Alastor\n|\n|-heal|p2a: Man who would|91\/100|[from] item: Leftovers\n|upkeep\n|turn|7\n|\n|t:|1698794067\n|move|p1a: Alastor|Light Screen|p1a: Alastor\n|-sidestart|p1: Donjozo|move: Light Screen\n|move|p2a: Man who would|Volt Switch|p1a: Alastor\n|-damage|p1a: Alastor|53\/100\n|\n|t:|1698794080\n|switch|p2a: Huge Hands Hans|Iron Hands|100\/100|[from] Volt Switch\n|\n|upkeep\n|turn|8\n|\n|t:|1698794088\n|move|p1a: Alastor|Spirit Break|p2a: Huge Hands Hans\n|-supereffective|p2a: Huge Hands Hans\n|-damage|p2a: Huge Hands Hans|64\/100\n|-unboost|p2a: Huge Hands Hans|spa|1\n|move|p2a: Huge Hands Hans|Swords Dance|p2a: Huge Hands Hans\n|-boost|p2a: Huge Hands Hans|atk|2\n|\n|-heal|p2a: Huge Hands Hans|70\/100|[from] item: Leftovers\n|upkeep\n|turn|9\n|\n|t:|1698794099\n|move|p1a: Alastor|Spirit Break|p2a: Huge Hands Hans\n|-supereffective|p2a: Huge Hands Hans\n|-damage|p2a: Huge Hands Hans|35\/100\n|-unboost|p2a: Huge Hands Hans|spa|1\n|move|p2a: Huge Hands Hans|Drain Punch|p1a: Alastor\n|-damage|p1a: Alastor|0 fnt\n|-heal|p2a: Huge Hands Hans|55\/100|[from] drain|[of] p1a: Alastor\n|faint|p1a: Alastor\n|\n|-heal|p2a: Huge Hands Hans|61\/100|[from] item: Leftovers\n|upkeep\n|inactive|Donjozo has 270 seconds left.\n|\n|t:|1698794132\n|switch|p1a: Donjozo|Dondozo, F|100\/100\n|turn|10\n|inactive|Donjozo has 270 seconds left.\n|inactive|Koreki has 270 seconds left.\n|inactive|Koreki has 240 seconds left.\n|\n|t:|1698794209\n|switch|p1a: Sacktacular|Delibird, F|100\/100\n|move|p2a: Huge Hands Hans|Thunder Punch|p1a: Sacktacular\n|-supereffective|p1a: Sacktacular\n|-enditem|p1a: Sacktacular|Focus Sash\n|-damage|p1a: Sacktacular|1\/100\n|\n|-heal|p2a: Huge Hands Hans|68\/100|[from] item: Leftovers\n|upkeep\n|turn|11\n|inactive|Koreki has 210 seconds left.\n|\n|t:|1698794236\n|move|p1a: Sacktacular|Destiny Bond|p1a: Sacktacular\n|-singlemove|p1a: Sacktacular|Destiny Bond\n|move|p2a: Huge Hands Hans|Thunder Punch|p1a: Sacktacular\n|-supereffective|p1a: Sacktacular\n|-crit|p1a: Sacktacular\n|-damage|p1a: Sacktacular|0 fnt\n|faint|p1a: Sacktacular\n|-activate|p1a: Sacktacular|move: Destiny Bond\n|faint|p2a: Huge Hands Hans\n|-end|p2a: Huge Hands Hans|Quark Drive|[silent]\n|\n|upkeep\n|\n|t:|1698794246\n|switch|p1a: Xebec|Tyranitar, M|100\/100\n|switch|p2a: Man who would|Rotom-Wash, shiny|91\/100\n|-weather|Sandstorm|[from] ability: Sand Stream|[of] p1a: Xebec\n|turn|12\n|\n|t:|1698794255\n|move|p2a: Man who would|Volt Switch|p1a: Xebec\n|-damage|p1a: Xebec|93\/100\n|\n|t:|1698794258\n|switch|p2a: Forceps|Samurott, M, shiny|100\/100 par|[from] Volt Switch\n|move|p1a: Xebec|Knock Off|p2a: Forceps\n|-damage|p2a: Forceps|46\/100 par\n|-enditem|p2a: Forceps|Assault Vest|[from] move: Knock Off|[of] p1a: Xebec\n|\n|-weather|Sandstorm|[upkeep]\n|-damage|p2a: Forceps|40\/100 par|[from] Sandstorm\n|upkeep\n|turn|13\n|\n|t:|1698794268\n|move|p1a: Xebec|Earthquake|p2a: Forceps\n|-damage|p2a: Forceps|0 fnt\n|faint|p2a: Forceps\n|\n|-weather|Sandstorm|[upkeep]\n|upkeep\n|\n|t:|1698794272\n|switch|p2a: Sane Cat|Mew, shiny|100\/100\n|turn|14\n|\n|t:|1698794277\n|switch|p2a: Man who would|Rotom-Wash, shiny|91\/100\n|move|p1a: Xebec|Knock Off|p2a: Man who would\n|-damage|p2a: Man who would|45\/100\n|-enditem|p2a: Man who would|Leftovers|[from] move: Knock Off|[of] p1a: Xebec\n|\n|-weather|Sandstorm|[upkeep]\n|-damage|p2a: Man who would|38\/100|[from] Sandstorm\n|-sideend|p1: Donjozo|move: Light Screen\n|upkeep\n|turn|15\n|\n|t:|1698794289\n|move|p2a: Man who would|Will-O-Wisp|p1a: Xebec\n|-status|p1a: Xebec|brn\n|move|p1a: Xebec|Knock Off|p2a: Man who would\n|-damage|p2a: Man who would|23\/100\n|\n|-weather|Sandstorm|[upkeep]\n|-damage|p2a: Man who would|17\/100|[from] Sandstorm\n|-damage|p1a: Xebec|87\/100 brn|[from] brn\n|upkeep\n|turn|16\n|\n|t:|1698794296\n|move|p2a: Man who would|Hydro Pump|p1a: Xebec\n|-supereffective|p1a: Xebec\n|-damage|p1a: Xebec|41\/100 brn\n|move|p1a: Xebec|Stealth Rock|p2a: Man who would\n|-sidestart|p2: Koreki|move: Stealth Rock\n|\n|-weather|Sandstorm|[upkeep]\n|-damage|p2a: Man who would|10\/100|[from] Sandstorm\n|-damage|p1a: Xebec|34\/100 brn|[from] brn\n|upkeep\n|turn|17\n|\n|t:|1698794305\n|move|p2a: Man who would|Hydro Pump|p1a: Xebec\n|-supereffective|p1a: Xebec\n|-damage|p1a: Xebec|0 fnt\n|faint|p1a: Xebec\n|\n|-weather|Sandstorm|[upkeep]\n|-damage|p2a: Man who would|4\/100|[from] Sandstorm\n|upkeep\n|\n|t:|1698794308\n|switch|p1a: Barkrock Odogma|Lycanroc, M|100\/100\n|turn|18\n|\n|t:|1698794317\n|move|p1a: Barkrock Odogma|Crunch|p2a: Man who would\n|-damage|p2a: Man who would|0 fnt\n|faint|p2a: Man who would\n|\n|-weather|Sandstorm|[upkeep]\n|upkeep\n|\n|t:|1698794321\n|switch|p2a: Cryptic Slytherer|Dragapult, F|100\/100\n|-damage|p2a: Cryptic Slytherer|88\/100|[from] Stealth Rock\n|turn|19\n|\n|t:|1698794326\n|move|p1a: Barkrock Odogma|Crunch|p2a: Cryptic Slytherer\n|-supereffective|p2a: Cryptic Slytherer\n|-crit|p2a: Cryptic Slytherer\n|-damage|p2a: Cryptic Slytherer|0 fnt\n|faint|p2a: Cryptic Slytherer\n|\n|-weather|none\n|upkeep\n|\n|t:|1698794331\n|switch|p2a: Sane Cat|Mew, shiny|100\/100\n|-damage|p2a: Sane Cat|88\/100|[from] Stealth Rock\n|turn|20\n|\n|t:|1698794335\n|move|p1a: Barkrock Odogma|Crunch|p2a: Sane Cat\n|-supereffective|p2a: Sane Cat\n|-damage|p2a: Sane Cat|3\/100\n|move|p2a: Sane Cat|Aura Sphere|p1a: Barkrock Odogma\n|-supereffective|p1a: Barkrock Odogma\n|-damage|p1a: Barkrock Odogma|41\/100\n|\n|-heal|p2a: Sane Cat|9\/100|[from] item: Leftovers\n|upkeep\n|turn|21\n|\n|t:|1698794340\n|move|p1a: Barkrock Odogma|Crunch|p2a: Sane Cat\n|-supereffective|p2a: Sane Cat\n|-damage|p2a: Sane Cat|0 fnt\n|faint|p2a: Sane Cat\n|\n|upkeep\n|\n|t:|1698794344\n|switch|p2a: O Great Winged Won|Tornadus-Therian, M, shiny|100\/100\n|turn|22\n|\n|t:|1698794347\n|move|p1a: Barkrock Odogma|Crunch|p2a: O Great Winged Won\n|-damage|p2a: O Great Winged Won|51\/100\n|move|p2a: O Great Winged Won|Focus Blast|p1a: Barkrock Odogma\n|-supereffective|p1a: Barkrock Odogma\n|-damage|p1a: Barkrock Odogma|0 fnt\n|faint|p1a: Barkrock Odogma\n|\n|upkeep\n|\n|t:|1698794352\n|switch|p1a: $$YUNGTHUGGOKU$$|Landorus-Therian, M|95\/100 brn\n|-ability|p1a: $$YUNGTHUGGOKU$$|Intimidate|boost\n|-unboost|p2a: O Great Winged Won|atk|1\n|turn|23\n|\n|t:|1698794357\n|move|p1a: $$YUNGTHUGGOKU$$|Stone Edge|p2a: O Great Winged Won\n|-supereffective|p2a: O Great Winged Won\n|-crit|p2a: O Great Winged Won\n|-damage|p2a: O Great Winged Won|0 fnt\n|faint|p2a: O Great Winged Won\n|\n|win|Donjozo\n","uploadtime":1698794396,"views":27,"p1id":"donjozo","p2id":"koreki","formatid":"gen9ubers","rating":0,"private":0,"password":""}