{"id":"gen9ubers-1971626367","p1":"wamkou","p2":"Underhours","format":"[Gen 9] Ubers","log":"|j|\u2606wamkou\n|j|\u2606Underhours\n|t:|1697754741\n|gametype|singles\n|player|p1|wamkou|elesa-masters2|\n|player|p2|Underhours|brock-gen2|\n|teamsize|p1|6\n|teamsize|p2|6\n|gen|9\n|tier|[Gen 9] Ubers\n|rule|Sleep Clause Mod: Limit one foe put to sleep\n|rule|Species Clause: Limit one of each Pok\u00e9mon\n|rule|OHKO Clause: OHKO moves are banned\n|rule|Evasion Items Clause: Evasion items are banned\n|rule|Evasion Moves Clause: Evasion moves are banned\n|rule|Endless Battle Clause: Forcing endless battles is banned\n|rule|HP Percentage Mod: HP is shown in percentages\n|clearpoke\n|poke|p1|Torkoal, M|\n|poke|p1|Chi-Yu|\n|poke|p1|Arceus-Fire|\n|poke|p1|Zacian-*|\n|poke|p1|Shaymin-Sky|\n|poke|p1|Walking Wake|\n|poke|p2|Masquerain, F|\n|poke|p2|Palkia-Origin|\n|poke|p2|Landorus, M|\n|poke|p2|Zacian-*|\n|poke|p2|Gholdengo|\n|poke|p2|Cyclizar, M|\n|teampreview\n|c|\u2606Underhours|nice sun\n|inactive|Battle timer is ON: inactive players will automatically lose when time's up. (requested by Underhours)\n|\n|t:|1697754754\n|start\n|switch|p1a: Torkoal|Torkoal, M|100\/100\n|switch|p2a: Masquerain|Masquerain, F|100\/100\n|-ability|p2a: Masquerain|Intimidate|boost\n|-unboost|p1a: Torkoal|atk|1\n|-weather|SunnyDay|[from] ability: Drought|[of] p1a: Torkoal\n|turn|1\n|\n|t:|1697754777\n|move|p1a: Torkoal|Lava Plume|p2a: Masquerain\n|-supereffective|p2a: Masquerain\n|-damage|p2a: Masquerain|8\/100\n|move|p2a: Masquerain|Whirlwind|p1a: Torkoal\n|drag|p1a: Walking Wake|Walking Wake|100\/100\n|-activate|p1a: Walking Wake|ability: Protosynthesis\n|-start|p1a: Walking Wake|protosynthesisspe\n|\n|-weather|SunnyDay|[upkeep]\n|upkeep\n|turn|2\n|inactive|Underhours has 270 seconds left.\n|c|\u2606Underhours|wait how did tork outspeed\n|c|\u2606Underhours|lmao wait\n|c|\u2606Underhours|whirlwind neg priority\n|inactive|Underhours has 240 seconds left.\n|c|\u2606Underhours|nvm\n|\n|t:|1697754838\n|move|p1a: Walking Wake|Hydro Steam|p2a: Masquerain\n|-damage|p2a: Masquerain|0 fnt\n|faint|p2a: Masquerain\n|\n|-weather|SunnyDay|[upkeep]\n|upkeep\n|\n|t:|1697754842\n|switch|p2a: Cyclizar|Cyclizar, M|100\/100\n|turn|3\n|\n|t:|1697754849\n|-end|p1a: Walking Wake|Protosynthesis|[silent]\n|switch|p1a: Zacian|Zacian|100\/100\n|-ability|p1a: Zacian|Intrepid Sword|boost\n|-boost|p1a: Zacian|atk|1\n|move|p2a: Cyclizar|Shed Tail|p2a: Cyclizar\n|-start|p2a: Cyclizar|Substitute|[from] move: Shed Tail\n|-damage|p2a: Cyclizar|50\/100\n|\n|t:|1697754864\n|switch|p2a: Gholdengo|Gholdengo|100\/100|[from] Shed Tail\n|-item|p2a: Gholdengo|Air Balloon\n|\n|-weather|SunnyDay|[upkeep]\n|upkeep\n|turn|4\n|\n|t:|1697754877\n|-terastallize|p1a: Zacian|Steel\n|move|p1a: Zacian|Crunch|p2a: Gholdengo\n|-supereffective|p2a: Gholdengo\n|-end|p2a: Gholdengo|Substitute\n|-enditem|p2a: Gholdengo|Air Balloon\n|move|p2a: Gholdengo|Nasty Plot|p2a: Gholdengo\n|-boost|p2a: Gholdengo|spa|2\n|\n|-weather|SunnyDay|[upkeep]\n|upkeep\n|turn|5\n|\n|t:|1697754890\n|switch|p2a: Zacian|Zacian|100\/100\n|-ability|p2a: Zacian|Intrepid Sword|boost\n|-boost|p2a: Zacian|atk|1\n|move|p1a: Zacian|Crunch|p2a: Zacian\n|-resisted|p2a: Zacian\n|-damage|p2a: Zacian|74\/100\n|\n|-weather|SunnyDay|[upkeep]\n|upkeep\n|turn|6\n|inactive|wamkou has 270 seconds left.\n|\n|t:|1697754928\n|switch|p1a: Torkoal|Torkoal, M|100\/100\n|move|p2a: Zacian|Close Combat|p1a: Torkoal\n|-damage|p1a: Torkoal|56\/100\n|-unboost|p2a: Zacian|def|1\n|-unboost|p2a: Zacian|spd|1\n|\n|-weather|SunnyDay|[upkeep]\n|upkeep\n|turn|7\n|inactive|wamkou has 270 seconds left.\n|\n|t:|1697754937\n|switch|p2a: Palkia|Palkia-Origin|100\/100\n|-ability|p2a: Palkia|Pressure\n|move|p1a: Torkoal|Will-O-Wisp|p2a: Palkia|[miss]\n|-miss|p1a: Torkoal|p2a: Palkia\n|\n|-weather|SunnyDay|[upkeep]\n|upkeep\n|turn|8\n|inactive|wamkou has 270 seconds left.\n|\n|t:|1697754947\n|switch|p1a: Walking Wake|Walking Wake|100\/100\n|-activate|p1a: Walking Wake|ability: Protosynthesis\n|-start|p1a: Walking Wake|protosynthesisspe\n|move|p2a: Palkia|Substitute|p2a: Palkia\n|-start|p2a: Palkia|Substitute\n|-damage|p2a: Palkia|76\/100\n|\n|-weather|none\n|-end|p1a: Walking Wake|Protosynthesis\n|upkeep\n|turn|9\n|inactive|wamkou has 270 seconds left.\n|\n|t:|1697754966\n|-end|p1a: Walking Wake|Protosynthesis|[silent]\n|switch|p1a: Zacian|Zacian, tera:Steel|100\/100\n|move|p2a: Palkia|Scale Shot|p1a: Zacian|[miss]\n|-miss|p2a: Palkia|p1a: Zacian\n|\n|upkeep\n|turn|10\n|inactive|wamkou has 270 seconds left.\n|\n|t:|1697754974\n|move|p1a: Zacian|Play Rough|p2a: Palkia\n|-supereffective|p2a: Palkia\n|-end|p2a: Palkia|Substitute\n|move|p2a: Palkia|Hydro Pump|p1a: Zacian|[miss]\n|-miss|p2a: Palkia|p1a: Zacian\n|\n|upkeep\n|turn|11\n|inactive|Underhours has 270 seconds left.\n|c|\u2606wamkou|unlucky\n|\n|t:|1697754988\n|switch|p2a: Gholdengo|Gholdengo|100\/100\n|move|p1a: Zacian|Play Rough|p2a: Gholdengo|[miss]\n|-miss|p1a: Zacian|p2a: Gholdengo\n|\n|upkeep\n|turn|12\n|inactive|Underhours has 270 seconds left.\n|\n|t:|1697755005\n|switch|p1a: Torkoal|Torkoal, M|56\/100\n|-weather|SunnyDay|[from] ability: Drought|[of] p1a: Torkoal\n|move|p2a: Gholdengo|Shadow Ball|p1a: Torkoal\n|-damage|p1a: Torkoal|19\/100\n|-unboost|p1a: Torkoal|spd|1\n|\n|-weather|SunnyDay|[upkeep]\n|upkeep\n|turn|13\n|inactive|wamkou has 270 seconds left.\n|\n|t:|1697755024\n|switch|p1a: Arceus|Arceus-Fire|100\/100\n|move|p2a: Gholdengo|Make It Rain|p1a: Arceus\n|-resisted|p1a: Arceus\n|-damage|p1a: Arceus|78\/100\n|-unboost|p2a: Gholdengo|spa|1\n|\n|-weather|SunnyDay|[upkeep]\n|upkeep\n|turn|14\n|inactive|Underhours has 270 seconds left.\n|inactive|wamkou has 270 seconds left.\n|\n|t:|1697755039\n|switch|p2a: Palkia|Palkia-Origin|76\/100\n|-ability|p2a: Palkia|Pressure\n|move|p1a: Arceus|Dragon Dance|p1a: Arceus\n|-boost|p1a: Arceus|atk|1\n|-boost|p1a: Arceus|spe|1\n|\n|-weather|SunnyDay|[upkeep]\n|upkeep\n|turn|15\n|inactive|Underhours has 270 seconds left.\n|inactive|wamkou has 270 seconds left.\n|\n|t:|1697755059\n|move|p1a: Arceus|Earthquake|p2a: Palkia\n|-damage|p2a: Palkia|21\/100\n|move|p2a: Palkia|Substitute|p2a: Palkia\n|-fail|p2a: Palkia|move: Substitute|[weak]\n|\n|-weather|SunnyDay|[upkeep]\n|upkeep\n|turn|16\n|\n|t:|1697755066\n|move|p1a: Arceus|Earthquake|p2a: Palkia\n|-damage|p2a: Palkia|0 fnt\n|faint|p2a: Palkia\n|\n|-weather|SunnyDay|[upkeep]\n|upkeep\n|\n|t:|1697755072\n|switch|p2a: Landorus|Landorus, M|100\/100\n|turn|17\n|\n|t:|1697755082\n|move|p1a: Arceus|Flare Blitz|p2a: Landorus\n|-damage|p2a: Landorus|0 fnt\n|faint|p2a: Landorus\n|-damage|p1a: Arceus|51\/100|[from] Recoil\n|\n|-weather|SunnyDay|[upkeep]\n|upkeep\n|\n|t:|1697755089\n|switch|p2a: Cyclizar|Cyclizar, M|84\/100\n|turn|18\n|\n|t:|1697755098\n|move|p2a: Cyclizar|Shed Tail|p2a: Cyclizar\n|-start|p2a: Cyclizar|Substitute|[from] move: Shed Tail\n|-damage|p2a: Cyclizar|34\/100\n|\n|t:|1697755102\n|switch|p2a: Zacian|Zacian|74\/100|[from] Shed Tail\n|move|p1a: Arceus|Earthquake|p2a: Zacian\n|-end|p2a: Zacian|Substitute\n|\n|-weather|SunnyDay|[upkeep]\n|upkeep\n|turn|19\n|c|\u2606Underhours|gg\n|-message|Underhours forfeited.\n|\n|win|wamkou\n|c|\u2606wamkou|gg\n","uploadtime":1697755132,"views":20,"p1id":"wamkou","p2id":"underhours","formatid":"gen9ubers","rating":0,"private":0,"password":""}