{"id":"gen9ubers-1968336436","p1":"Leo Justice","p2":"XpokVEVO","format":"[Gen 9] Ubers","log":"|j|\u2606Leo Justice\n|j|\u2606XpokVEVO\n|t:|1697407455\n|gametype|singles\n|player|p1|Leo Justice|pokemonranger-gen4|\n|player|p2|XpokVEVO|marshal|\n|teamsize|p1|6\n|teamsize|p2|6\n|gen|9\n|tier|[Gen 9] Ubers\n|rule|Sleep Clause Mod: Limit one foe put to sleep\n|rule|Species Clause: Limit one of each Pok\u00e9mon\n|rule|OHKO Clause: OHKO moves are banned\n|rule|Evasion Items Clause: Evasion items are banned\n|rule|Evasion Moves Clause: Evasion moves are banned\n|rule|Endless Battle Clause: Forcing endless battles is banned\n|rule|HP Percentage Mod: HP is shown in percentages\n|clearpoke\n|poke|p1|Tyranitar, F|\n|poke|p1|Houndstone, F|\n|poke|p1|Landorus, M|\n|poke|p1|Dialga|\n|poke|p1|Giratina|\n|poke|p1|Magearna|\n|poke|p2|Arceus-Fire|\n|poke|p2|Shaymin-Sky|\n|poke|p2|Cyclizar, F|\n|poke|p2|Espathra, M|\n|poke|p2|Magearna|\n|poke|p2|Urshifu-*, M|\n|teampreview\n|\n|t:|1697407466\n|start\n|switch|p1a: Tyranitar|Tyranitar, F|100\/100\n|switch|p2a: Cyclizar|Cyclizar, F|100\/100\n|-weather|Sandstorm|[from] ability: Sand Stream|[of] p1a: Tyranitar\n|turn|1\n|\n|t:|1697407474\n|move|p2a: Cyclizar|Taunt|p1a: Tyranitar\n|-start|p1a: Tyranitar|move: Taunt\n|cant|p1a: Tyranitar|move: Taunt|Stealth Rock\n|\n|-weather|Sandstorm|[upkeep]\n|-damage|p2a: Cyclizar|94\/100|[from] Sandstorm\n|upkeep\n|turn|2\n|\n|t:|1697407484\n|move|p2a: Cyclizar|Knock Off|p1a: Tyranitar\n|-resisted|p1a: Tyranitar\n|-damage|p1a: Tyranitar|92\/100\n|-enditem|p1a: Tyranitar|Smooth Rock|[from] move: Knock Off|[of] p2a: Cyclizar\n|move|p1a: Tyranitar|Knock Off|p2a: Cyclizar\n|-damage|p2a: Cyclizar|16\/100\n|-enditem|p2a: Cyclizar|Aguav Berry|[from] move: Knock Off|[of] p1a: Tyranitar\n|\n|-weather|Sandstorm|[upkeep]\n|-damage|p2a: Cyclizar|10\/100|[from] Sandstorm\n|upkeep\n|turn|3\n|c|\u2606XpokVEVO|Holey moley\n|\n|t:|1697407502\n|move|p2a: Cyclizar|Rapid Spin|p1a: Tyranitar\n|-resisted|p1a: Tyranitar\n|-damage|p1a: Tyranitar|86\/100\n|-boost|p2a: Cyclizar|spe|1\n|move|p1a: Tyranitar|Knock Off|p2a: Cyclizar\n|-damage|p2a: Cyclizar|0 fnt\n|faint|p2a: Cyclizar\n|\n|-weather|Sandstorm|[upkeep]\n|-end|p1a: Tyranitar|move: Taunt\n|upkeep\n|\n|t:|1697407521\n|switch|p2a: Urshifu|Urshifu, M|100\/100\n|turn|4\n|\n|t:|1697407528\n|switch|p1a: Magearna|Magearna|100\/100\n|move|p2a: Urshifu|Trailblaze|p1a: Magearna\n|-resisted|p1a: Magearna\n|-damage|p1a: Magearna|93\/100\n|-boost|p2a: Urshifu|spe|1\n|-damage|p2a: Urshifu|91\/100|[from] item: Life Orb\n|\n|-weather|Sandstorm|[upkeep]\n|-damage|p2a: Urshifu|84\/100|[from] Sandstorm\n|-heal|p1a: Magearna|99\/100|[from] item: Leftovers\n|upkeep\n|turn|5\n|\n|t:|1697407537\n|-terastallize|p2a: Urshifu|Steel\n|move|p2a: Urshifu|Iron Head|p1a: Magearna\n|-damage|p1a: Magearna|61\/100\n|-damage|p2a: Urshifu|74\/100|[from] item: Life Orb\n|move|p1a: Magearna|Spikes|p2a: Urshifu\n|-sidestart|p2: XpokVEVO|Spikes\n|\n|-weather|Sandstorm|[upkeep]\n|-heal|p1a: Magearna|67\/100|[from] item: Leftovers\n|upkeep\n|turn|6\n|\n|t:|1697407553\n|move|p2a: Urshifu|Iron Head|p1a: Magearna\n|-damage|p1a: Magearna|29\/100\n|-damage|p2a: Urshifu|65\/100|[from] item: Life Orb\n|move|p1a: Magearna|Draining Kiss|p2a: Urshifu\n|-resisted|p2a: Urshifu\n|-damage|p2a: Urshifu|50\/100\n|-heal|p1a: Magearna|40\/100|[from] drain|[of] p2a: Urshifu\n|\n|-weather|Sandstorm|[upkeep]\n|-heal|p1a: Magearna|46\/100|[from] item: Leftovers\n|upkeep\n|turn|7\n|\n|t:|1697407575\n|move|p2a: Urshifu|Close Combat|p1a: Magearna\n|-damage|p1a: Magearna|0 fnt\n|-unboost|p2a: Urshifu|def|1\n|-unboost|p2a: Urshifu|spd|1\n|faint|p1a: Magearna\n|-damage|p2a: Urshifu|40\/100|[from] item: Life Orb\n|\n|-weather|Sandstorm|[upkeep]\n|upkeep\n|\n|t:|1697407580\n|switch|p1a: Houndstone|Houndstone, F|100\/100\n|turn|8\n|\n|t:|1697407584\n|move|p1a: Houndstone|Last Respects|p2a: Urshifu\n|-crit|p2a: Urshifu\n|-damage|p2a: Urshifu|0 fnt\n|faint|p2a: Urshifu\n|\n|-weather|none\n|upkeep\n|\n|t:|1697407591\n|switch|p2a: Magearna|Magearna|100\/100\n|-damage|p2a: Magearna|88\/100|[from] Spikes\n|turn|9\n|\n|t:|1697407602\n|switch|p1a: Dialga|Dialga|100\/100\n|-ability|p1a: Dialga|Pressure\n|move|p2a: Magearna|Shift Gear|p2a: Magearna\n|-boost|p2a: Magearna|spe|2\n|-boost|p2a: Magearna|atk|1\n|\n|upkeep\n|turn|10\n|\n|t:|1697407608\n|move|p2a: Magearna|Draining Kiss|p1a: Dialga\n|-damage|p1a: Dialga|72\/100\n|-heal|p2a: Magearna|100\/100|[from] drain|[of] p1a: Dialga\n|-damage|p2a: Magearna|91\/100|[from] item: Life Orb\n|move|p1a: Dialga|Earth Power|p2a: Magearna\n|-supereffective|p2a: Magearna\n|-damage|p2a: Magearna|8\/100\n|\n|-heal|p1a: Dialga|78\/100|[from] item: Leftovers\n|upkeep\n|turn|11\n|\n|t:|1697407619\n|move|p2a: Magearna|Fleur Cannon|p1a: Dialga\n|-damage|p1a: Dialga|0 fnt\n|-unboost|p2a: Magearna|spa|2\n|faint|p1a: Dialga\n|-ability|p2a: Magearna|Soul-Heart|boost\n|-boost|p2a: Magearna|spa|1\n|-damage|p2a: Magearna|0 fnt|[from] item: Life Orb\n|faint|p2a: Magearna\n|\n|upkeep\n|\n|t:|1697407630\n|switch|p1a: Tyranitar|Tyranitar, F|86\/100\n|switch|p2a: Shaymin|Shaymin-Sky, shiny|100\/100\n|-weather|Sandstorm|[from] ability: Sand Stream|[of] p1a: Tyranitar\n|turn|12\n|\n|t:|1697407637\n|move|p2a: Shaymin|Seed Flare|p1a: Tyranitar\n|-supereffective|p1a: Tyranitar\n|-damage|p1a: Tyranitar|0 fnt\n|faint|p1a: Tyranitar\n|-damage|p2a: Shaymin|91\/100|[from] item: Life Orb\n|\n|-weather|Sandstorm|[upkeep]\n|-damage|p2a: Shaymin|84\/100|[from] Sandstorm\n|upkeep\n|\n|t:|1697407656\n|switch|p1a: Houndstone|Houndstone, F|100\/100\n|turn|13\n|c|\u2606XpokVEVO|Just\n|c|\u2606XpokVEVO|Yeahm\n|\n|t:|1697407669\n|move|p1a: Houndstone|Last Respects|p2a: Shaymin\n|-damage|p2a: Shaymin|0 fnt\n|faint|p2a: Shaymin\n|\n|-weather|Sandstorm|[upkeep]\n|upkeep\n|\n|t:|1697407672\n|switch|p2a: Espathra|Espathra, M|100\/100\n|-damage|p2a: Espathra|88\/100|[from] Spikes\n|turn|14\n|\n|t:|1697407678\n|move|p1a: Houndstone|Substitute|p1a: Houndstone\n|-start|p1a: Houndstone|Substitute\n|-damage|p1a: Houndstone|76\/100\n|move|p2a: Espathra|Stored Power|p1a: Houndstone\n|-activate|p1a: Houndstone|move: Substitute|[damage]\n|\n|-weather|Sandstorm|[upkeep]\n|-damage|p2a: Espathra|82\/100|[from] Sandstorm\n|-ability|p2a: Espathra|Speed Boost|boost\n|-boost|p2a: Espathra|spe|1\n|upkeep\n|turn|15\n|\n|t:|1697407680\n|move|p1a: Houndstone|Last Respects|p2a: Espathra\n|-supereffective|p2a: Espathra\n|-damage|p2a: Espathra|0 fnt\n|faint|p2a: Espathra\n|\n|-weather|Sandstorm|[upkeep]\n|upkeep\n|\n|t:|1697407682\n|switch|p2a: Arceus-Fight\u0131ng|Arceus-Fire, shiny|100\/100\n|-damage|p2a: Arceus-Fight\u0131ng|88\/100|[from] Spikes\n|turn|16\n|\n|t:|1697407686\n|move|p1a: Houndstone|Last Respects|p2a: Arceus-Fight\u0131ng\n|-damage|p2a: Arceus-Fight\u0131ng|26\/100\n|move|p2a: Arceus-Fight\u0131ng|Flare Blitz|p1a: Houndstone\n|-end|p1a: Houndstone|Substitute\n|-damage|p2a: Arceus-Fight\u0131ng|23\/100|[from] Recoil|[of] p1a: Houndstone\n|\n|-weather|none\n|upkeep\n|turn|17\n|\n|t:|1697407693\n|switch|p1a: Giratina|Giratina|100\/100\n|-ability|p1a: Giratina|Pressure\n|move|p2a: Arceus-Fight\u0131ng|Flare Blitz|p1a: Giratina\n|-resisted|p1a: Giratina\n|-damage|p1a: Giratina|81\/100\n|-damage|p2a: Arceus-Fight\u0131ng|14\/100|[from] Recoil\n|\n|upkeep\n|turn|18\n|\n|t:|1697407696\n|move|p2a: Arceus-Fight\u0131ng|Flare Blitz|p1a: Giratina\n|-resisted|p1a: Giratina\n|-damage|p1a: Giratina|59\/100\n|-damage|p2a: Arceus-Fight\u0131ng|5\/100|[from] Recoil\n|move|p1a: Giratina|Shadow Ball|p2a: Arceus-Fight\u0131ng\n|-damage|p2a: Arceus-Fight\u0131ng|0 fnt\n|faint|p2a: Arceus-Fight\u0131ng\n|\n|win|Leo Justice\n|l|\u2606XpokVEVO\n|c|\u2606Leo Justice|GG\n","uploadtime":1697407709,"views":24,"p1id":"leojustice","p2id":"xpokvevo","formatid":"gen9ubers","rating":0,"private":0,"password":""}