{"id":"gen9ubers-1968386231","p1":"apa aja sih2","p2":"Bellatrix2022","format":"[Gen 9] Ubers","log":"|j|\u2606apa aja sih2\n|j|\u2606Bellatrix2022\n|t:|1697412930\n|gametype|singles\n|player|p1|apa aja sih2|170|1151\n|player|p2|Bellatrix2022|169|1045\n|teamsize|p1|6\n|teamsize|p2|4\n|gen|9\n|tier|[Gen 9] Ubers\n|rated|\n|rule|Sleep Clause Mod: Limit one foe put to sleep\n|rule|Species Clause: Limit one of each Pok\u00e9mon\n|rule|OHKO Clause: OHKO moves are banned\n|rule|Evasion Items Clause: Evasion items are banned\n|rule|Evasion Moves Clause: Evasion moves are banned\n|rule|Endless Battle Clause: Forcing endless battles is banned\n|rule|HP Percentage Mod: HP is shown in percentages\n|clearpoke\n|poke|p1|Ogerpon-Hearthflame, F|\n|poke|p1|Ursaluna-Bloodmoon, M|\n|poke|p1|Baxcalibur, F|\n|poke|p1|Koraidon|\n|poke|p1|Flutter Mane|\n|poke|p1|Walking Wake|\n|poke|p2|Grimmsnarl, M|\n|poke|p2|Hydreigon, M|\n|poke|p2|Garchomp, F|\n|poke|p2|Gengar, F|\n|teampreview\n|inactive|Battle timer is ON: inactive players will automatically lose when time's up. (requested by apa aja sih2)\n|\n|t:|1697412941\n|start\n|switch|p1a: Koraidon|Koraidon|100\/100\n|switch|p2a: Grimmsnarl|Grimmsnarl, M|100\/100\n|-weather|SunnyDay|[from] ability: Orichalcum Pulse|[of] p1a: Koraidon\n|-activate|p1a: Koraidon|Orichalcum Pulse|[source]\n|turn|1\n|\n|t:|1697412952\n|move|p2a: Grimmsnarl|Reflect|p2a: Grimmsnarl\n|-sidestart|p2: Bellatrix2022|Reflect\n|move|p1a: Koraidon|U-turn|p2a: Grimmsnarl\n|-damage|p2a: Grimmsnarl|81\/100\n|\n|t:|1697412958\n|switch|p1a: Cocaine bear|Ursaluna-Bloodmoon, M|100\/100|[from] U-turn\n|\n|-weather|SunnyDay|[upkeep]\n|upkeep\n|turn|2\n|\n|t:|1697412964\n|move|p2a: Grimmsnarl|Trick|p1a: Cocaine bear\n|-activate|p2a: Grimmsnarl|move: Trick|[of] p1a: Cocaine bear\n|-item|p1a: Cocaine bear|Ring Target|[from] move: Trick\n|-item|p2a: Grimmsnarl|Wise Glasses|[from] move: Trick\n|move|p1a: Cocaine bear|Blood Moon|p2a: Grimmsnarl\n|-damage|p2a: Grimmsnarl|21\/100\n|\n|-weather|SunnyDay|[upkeep]\n|upkeep\n|turn|3\n|\n|t:|1697412973\n|move|p2a: Grimmsnarl|Light Screen|p2a: Grimmsnarl\n|-sidestart|p2: Bellatrix2022|move: Light Screen\n|move|p1a: Cocaine bear|Earth Power|p2a: Grimmsnarl\n|-damage|p2a: Grimmsnarl|0 fnt\n|faint|p2a: Grimmsnarl\n|\n|-weather|SunnyDay|[upkeep]\n|upkeep\n|\n|t:|1697412981\n|switch|p2a: Gengar|Gengar, F|100\/100\n|turn|4\n|\n|t:|1697412986\n|move|p2a: Gengar|Shadow Ball|p1a: Cocaine bear\n|-damage|p1a: Cocaine bear|44\/100\n|-unboost|p1a: Cocaine bear|spd|1\n|move|p1a: Cocaine bear|Earth Power|p2a: Gengar\n|-supereffective|p2a: Gengar\n|-damage|p2a: Gengar|10\/100\n|\n|-weather|SunnyDay|[upkeep]\n|upkeep\n|turn|5\n|\n|t:|1697412999\n|-terastallize|p1a: Cocaine bear|Fighting\n|move|p1a: Cocaine bear|Vacuum Wave|p2a: Gengar\n|-resisted|p2a: Gengar\n|-damage|p2a: Gengar|0 fnt\n|-start|p1a: Cocaine bear|Disable|Vacuum Wave|[from] ability: Cursed Body|[of] p2a: Gengar\n|faint|p2a: Gengar\n|\n|-weather|SunnyDay|[upkeep]\n|-sideend|p2: Bellatrix2022|Reflect\n|upkeep\n|\n|t:|1697413015\n|switch|p2a: Garchomp|Garchomp, F|100\/100\n|turn|6\n|\n|t:|1697413024\n|move|p2a: Garchomp|Earthquake|p1a: Cocaine bear\n|-damage|p1a: Cocaine bear|8\/100\n|move|p1a: Cocaine bear|Moonblast|p2a: Garchomp\n|-supereffective|p2a: Garchomp\n|-damage|p2a: Garchomp|60\/100\n|-unboost|p2a: Garchomp|spa|1\n|\n|-weather|SunnyDay|[upkeep]\n|upkeep\n|turn|7\n|\n|t:|1697413034\n|move|p2a: Garchomp|Earthquake|p1a: Cocaine bear\n|-damage|p1a: Cocaine bear|0 fnt\n|faint|p1a: Cocaine bear\n|\n|-weather|SunnyDay|[upkeep]\n|-sideend|p2: Bellatrix2022|move: Light Screen\n|upkeep\n|\n|t:|1697413038\n|switch|p1a: Koraidon|Koraidon|100\/100\n|-activate|p1a: Koraidon|ability: Orichalcum Pulse\n|turn|8\n|\n|t:|1697413048\n|move|p1a: Koraidon|Outrage|p2a: Garchomp\n|-supereffective|p2a: Garchomp\n|-damage|p2a: Garchomp|0 fnt\n|-damage|p1a: Koraidon|88\/100|[from] ability: Rough Skin|[of] p2a: Garchomp\n|-damage|p1a: Koraidon|72\/100|[from] item: Rocky Helmet|[of] p2a: Garchomp\n|faint|p2a: Garchomp\n|\n|-weather|none\n|upkeep\n|\n|t:|1697413062\n|switch|p2a: Hydreigon|Hydreigon, M|100\/100\n|turn|9\n|c|\u2606apa aja sih2|gg\n|\n|t:|1697413070\n|move|p1a: Koraidon|Outrage|p2a: Hydreigon|[from]lockedmove\n|-supereffective|p2a: Hydreigon\n|-crit|p2a: Hydreigon\n|-damage|p2a: Hydreigon|0 fnt\n|faint|p2a: Hydreigon\n|-start|p1a: Koraidon|confusion|[fatigue]\n|\n|win|apa aja sih2\n|raw|apa aja sih2's rating: 1151 &rarr; <strong>1169<\/strong><br \/>(+18 for winning)\n|raw|Bellatrix2022's rating: 1045 &rarr; <strong>1033<\/strong><br \/>(-12 for losing)\n|l|\u2606apa aja sih2\n","uploadtime":1697413087,"views":13,"p1id":"apaajasih2","p2id":"bellatrix2022","formatid":"gen9ubers","rating":1033,"private":0,"password":""}