{"id":"gen9ubers-1984398771","p1":"grass knot zygarde","p2":"Literal_Kaleb","format":"[Gen 9] Ubers","log":"|j|\u2606grass knot zygarde\n|j|\u2606Literal_Kaleb\n|t:|1699256609\n|gametype|singles\n|player|p1|grass knot zygarde|dawn|1150\n|player|p2|Literal_Kaleb|allister-masters|1071\n|teamsize|p1|6\n|teamsize|p2|6\n|gen|9\n|tier|[Gen 9] Ubers\n|rated|\n|rule|Sleep Clause Mod: Limit one foe put to sleep\n|rule|Species Clause: Limit one of each Pok\u00e9mon\n|rule|OHKO Clause: OHKO moves are banned\n|rule|Evasion Items Clause: Evasion items are banned\n|rule|Evasion Moves Clause: Evasion moves are banned\n|rule|Endless Battle Clause: Forcing endless battles is banned\n|rule|HP Percentage Mod: HP is shown in percentages\n|clearpoke\n|poke|p1|Ribombee, F|\n|poke|p1|Ogerpon-Hearthflame, F|\n|poke|p1|Koraidon|\n|poke|p1|Zacian-*|\n|poke|p1|Flutter Mane|\n|poke|p1|Miraidon|\n|poke|p2|Ogerpon-Hearthflame, F|\n|poke|p2|Koraidon|\n|poke|p2|Lilligant-Hisui, F|\n|poke|p2|Walking Wake|\n|poke|p2|Typhlosion-Hisui, F|\n|poke|p2|Armarouge, M|\n|teampreview\n|inactive|Battle timer is ON: inactive players will automatically lose when time's up. (requested by Literal_Kaleb)\n|inactive|grass knot zygarde also wants the timer to be on.\n|\n|t:|1699256625\n|start\n|switch|p1a: ohio rizz|Ribombee, F, shiny|100\/100\n|switch|p2a: Koraidon|Koraidon|100\/100\n|-weather|SunnyDay|[from] ability: Orichalcum Pulse|[of] p2a: Koraidon\n|-activate|p2a: Koraidon|Orichalcum Pulse|[source]\n|turn|1\n|\n|t:|1699256633\n|move|p2a: Koraidon|Flare Blitz|p1a: ohio rizz\n|-supereffective|p1a: ohio rizz\n|-enditem|p1a: ohio rizz|Focus Sash\n|-damage|p1a: ohio rizz|1\/100\n|-damage|p2a: Koraidon|75\/100|[from] Recoil\n|move|p1a: ohio rizz|Sticky Web|p2a: Koraidon\n|-sidestart|p2: Literal_Kaleb|move: Sticky Web\n|\n|-weather|SunnyDay|[upkeep]\n|upkeep\n|turn|2\n|j| incrediblegassygem\n|\n|t:|1699256637\n|move|p2a: Koraidon|Dragon Claw|p1a: ohio rizz\n|-immune|p1a: ohio rizz\n|move|p1a: ohio rizz|Moonblast|p2a: Koraidon\n|-supereffective|p2a: Koraidon\n|-damage|p2a: Koraidon|0 fnt\n|faint|p2a: Koraidon\n|\n|-weather|SunnyDay|[upkeep]\n|upkeep\n|c|\u2606grass knot zygarde|okay?\n|c|\u2606Literal_Kaleb|i am blind\n|\n|t:|1699256655\n|switch|p2a: Lilligant|Lilligant-Hisui, F|100\/100\n|-activate|p2a: Lilligant|move: Sticky Web\n|-unboost|p2a: Lilligant|spe|1\n|turn|3\n|c|\u2606grass knot zygarde|its amazing brother\n|c|\u2606Literal_Kaleb|it is not lol\n|c|\u2606Literal_Kaleb|my ass thought of sun team but ou and lilligant\n|\n|t:|1699256678\n|move|p2a: Lilligant|Poison Jab|p1a: ohio rizz\n|-supereffective|p1a: ohio rizz\n|-damage|p1a: ohio rizz|0 fnt\n|faint|p1a: ohio rizz\n|\n|-weather|SunnyDay|[upkeep]\n|upkeep\n|c|\u2606grass knot zygarde|very cool\n|\n|t:|1699256688\n|switch|p1a: Flutter Mane|Flutter Mane, shiny|100\/100\n|-activate|p1a: Flutter Mane|ability: Protosynthesis\n|-start|p1a: Flutter Mane|protosynthesisspe\n|turn|4\n|\n|t:|1699256692\n|move|p1a: Flutter Mane|Moonblast|p2a: Lilligant\n|-supereffective|p2a: Lilligant\n|-damage|p2a: Lilligant|0 fnt\n|faint|p2a: Lilligant\n|-damage|p1a: Flutter Mane|91\/100|[from] item: Life Orb\n|\n|-weather|SunnyDay|[upkeep]\n|upkeep\n|c| incrediblegassygem|they ain't believe in us!\n|\n|t:|1699256706\n|switch|p2a: Ogerpon|Ogerpon-Hearthflame, F|100\/100\n|-activate|p2a: Ogerpon|move: Sticky Web\n|-unboost|p2a: Ogerpon|spe|1\n|-ability|p2a: Ogerpon|Mold Breaker\n|turn|5\n|c| incrediblegassygem|juice world diiiiid\n|c| incrediblegassygem|we the best music!\n|c|\u2606Literal_Kaleb|what\n|c| incrediblegassygem|dj khaled\n|\n|t:|1699256716\n|move|p1a: Flutter Mane|Shadow Ball|p2a: Ogerpon\n|-damage|p2a: Ogerpon|30\/100\n|-damage|p1a: Flutter Mane|81\/100|[from] item: Life Orb\n|move|p2a: Ogerpon|Ivy Cudgel|p1a: Flutter Mane\n|-damage|p1a: Flutter Mane|0 fnt\n|faint|p1a: Flutter Mane\n|-end|p1a: Flutter Mane|Protosynthesis|[silent]\n|\n|-weather|SunnyDay|[upkeep]\n|upkeep\n|\n|t:|1699256724\n|switch|p1a: Miraidon|Miraidon|100\/100\n|-fieldstart|move: Electric Terrain|[from] ability: Hadron Engine|[of] p1a: Miraidon\n|-enditem|p1a: Miraidon|Electric Seed\n|-boost|p1a: Miraidon|def|1|[from] item: Electric Seed\n|turn|6\n|\n|t:|1699256734\n|move|p1a: Miraidon|Calm Mind|p1a: Miraidon\n|-boost|p1a: Miraidon|spa|1\n|-boost|p1a: Miraidon|spd|1\n|move|p2a: Ogerpon|Ivy Cudgel|p1a: Miraidon\n|-resisted|p1a: Miraidon\n|-damage|p1a: Miraidon|74\/100\n|\n|-weather|SunnyDay|[upkeep]\n|upkeep\n|turn|7\n|\n|t:|1699256738\n|move|p1a: Miraidon|Parabolic Charge|p2a: Ogerpon\n|-resisted|p2a: Ogerpon\n|-damage|p2a: Ogerpon|0 fnt\n|-heal|p1a: Miraidon|85\/100|[from] drain|[of] p2a: Ogerpon\n|faint|p2a: Ogerpon\n|\n|-weather|SunnyDay|[upkeep]\n|upkeep\n|c| incrediblegassygem|use ice punch\n|\n|t:|1699256749\n|switch|p2a: Walking Wake|Walking Wake|100\/100\n|-activate|p2a: Walking Wake|move: Sticky Web\n|-unboost|p2a: Walking Wake|spe|1\n|-activate|p2a: Walking Wake|ability: Protosynthesis\n|-start|p2a: Walking Wake|protosynthesisspa\n|turn|8\n|c|\u2606Literal_Kaleb|the only ice move i have is ice spinner on lilligant lol\n|c| incrediblegassygem|use frost breath\n|c|\u2606Literal_Kaleb|sure man\n|\n|t:|1699256779\n|move|p1a: Miraidon|Dragon Pulse|p2a: Walking Wake\n|-supereffective|p2a: Walking Wake\n|-damage|p2a: Walking Wake|0 fnt\n|faint|p2a: Walking Wake\n|-end|p2a: Walking Wake|Protosynthesis|[silent]\n|\n|-weather|none\n|upkeep\n|c|\u2606grass knot zygarde|who is this guy\n|c| incrediblegassygem|why didn't u tera fairy\n|c| incrediblegassygem|lol..\n|inactive|Literal_Kaleb has 120 seconds left.\n|c|\u2606Literal_Kaleb|good question\n|\n|t:|1699256793\n|switch|p2a: Armarouge|Armarouge, M|100\/100\n|-activate|p2a: Armarouge|move: Sticky Web\n|-unboost|p2a: Armarouge|spe|1\n|turn|9\n|c| incrediblegassygem|grass knot zygarde i know u since we were 15\n|inactive|Literal_Kaleb has 120 seconds left.\n|\n|t:|1699256814\n|move|p1a: Miraidon|Parabolic Charge|p2a: Armarouge\n|-damage|p2a: Armarouge|0 fnt\n|-heal|p1a: Miraidon|100\/100|[from] drain|[of] p2a: Armarouge\n|faint|p2a: Armarouge\n|\n|upkeep\n|c| incrediblegassygem|i know ur name is fatthew obesellone\n|c|\u2606Literal_Kaleb|should i try with typsh\n|c|\u2606grass knot zygarde|i have no idea who this guy is\n|\n|t:|1699256837\n|switch|p2a: Typhlosion|Typhlosion-Hisui, F|100\/100\n|-activate|p2a: Typhlosion|move: Sticky Web\n|-unboost|p2a: Typhlosion|spe|1\n|turn|10\n|c| incrediblegassygem|im him\n|c| incrediblegassygem|arr arr\n|c|\u2606Literal_Kaleb|jamal\n|\n|t:|1699256852\n|-terastallize|p1a: Miraidon|Dragon\n|move|p2a: Typhlosion|Eruption|p1a: Miraidon\n|-resisted|p1a: Miraidon\n|-damage|p1a: Miraidon|83\/100\n|move|p1a: Miraidon|Dragon Pulse|p2a: Typhlosion\n|-damage|p2a: Typhlosion|0 fnt\n|faint|p2a: Typhlosion\n|\n|win|grass knot zygarde\n|raw|grass knot zygarde's rating: 1150 &rarr; <strong>1169<\/strong><br \/>(+19 for winning)\n|raw|Literal_Kaleb's rating: 1071 &rarr; <strong>1055<\/strong><br \/>(-16 for losing)\n|c|\u2606Literal_Kaleb|gg lol\n|c|\u2606grass knot zygarde|gg\n","uploadtime":1699256866,"views":4,"p1id":"grassknotzygarde","p2id":"literalkaleb","formatid":"gen9ubers","rating":1055,"private":0,"password":""}