{"id":"gen9ubers-1990645074","p1":"bareraptor","p2":"kzootops","format":"[Gen 9] Ubers","log":"|j|\u2606bareraptor\n|j|\u2606kzootops\n|t:|1699988325\n|gametype|singles\n|player|p1|bareraptor|170|\n|player|p2|kzootops|rood|\n|teamsize|p1|6\n|teamsize|p2|6\n|gen|9\n|tier|[Gen 9] Ubers\n|rule|Sleep Clause Mod: Limit one foe put to sleep\n|rule|Species Clause: Limit one of each Pok\u00e9mon\n|rule|OHKO Clause: OHKO moves are banned\n|rule|Evasion Items Clause: Evasion items are banned\n|rule|Evasion Moves Clause: Evasion moves are banned\n|rule|Endless Battle Clause: Forcing endless battles is banned\n|rule|HP Percentage Mod: HP is shown in percentages\n|clearpoke\n|poke|p1|Ogerpon-Hearthflame, F|\n|poke|p1|Cyclizar, M|\n|poke|p1|Krookodile, F|\n|poke|p1|Zamazenta-*|\n|poke|p1|Slowking-Galar, M|\n|poke|p1|Alomomola, F|\n|poke|p2|Thundurus-Therian, M|\n|poke|p2|Ting-Lu|\n|poke|p2|Quaquaval, F|\n|poke|p2|Forretress, M|\n|poke|p2|Bellibolt, F|\n|poke|p2|Goodra, M|\n|teampreview\n|c|\u2606kzootops|have fun!\n|c|\u2606bareraptor|gl hf!!!\n|c|\u2606bareraptor|Oh, no joe\n|c|\u2606kzootops|wanted to bring the happy belli this week :)\n|j| Bogaes\n|c|\u2606kzootops|smiles > strats\n|\n|t:|1699988427\n|start\n|switch|p1a: Krookodile|Krookodile, F|100\/100\n|switch|p2a: Quaquaval|Quaquaval, F|100\/100\n|-ability|p1a: Krookodile|Intimidate|boost\n|-unboost|p2a: Quaquaval|atk|1\n|turn|1\n|j| phonedazl\n|\n|t:|1699988466\n|switch|p1a: Alomomola|Alomomola, F|100\/100\n|move|p2a: Quaquaval|Flip Turn|p1a: Alomomola\n|-resisted|p1a: Alomomola\n|-damage|p1a: Alomomola|95\/100\n|-damage|p2a: Quaquaval|84\/100|[from] item: Rocky Helmet|[of] p1a: Alomomola\n|\n|t:|1699988494\n|switch|p2a: Bellibolt|Bellibolt, F|100\/100|[from] Flip Turn\n|\n|upkeep\n|turn|2\n|n| phonedazl|phonedazl\n|\n|t:|1699988563\n|switch|p1a: Slowking|Slowking-Galar, M|100\/100\n|move|p2a: Bellibolt|Chilling Water|p1a: Slowking\n|-damage|p1a: Slowking|94\/100\n|-unboost|p1a: Slowking|atk|1\n|\n|upkeep\n|turn|3\n|\n|t:|1699988588\n|move|p2a: Bellibolt|Volt Switch|p1a: Slowking\n|-damage|p1a: Slowking|79\/100\n|\n|t:|1699988611\n|switch|p2a: Goodra|Goodra, M|100\/100|[from] Volt Switch\n|move|p1a: Slowking|Sludge Bomb|p2a: Goodra\n|-damage|p2a: Goodra|87\/100\n|-status|p2a: Goodra|psn\n|\n|-damage|p2a: Goodra|75\/100 psn|[from] psn\n|upkeep\n|turn|4\n|\n|t:|1699988672\n|switch|p1a: Krookodile|Krookodile, F|100\/100\n|-ability|p1a: Krookodile|Intimidate|boost\n|-unboost|p2a: Goodra|atk|1\n|move|p2a: Goodra|Knock Off|p1a: Krookodile\n|-resisted|p1a: Krookodile\n|-damage|p1a: Krookodile|91\/100\n|-enditem|p1a: Krookodile|Choice Scarf|[from] move: Knock Off|[of] p2a: Goodra\n|\n|-damage|p2a: Goodra|62\/100 psn|[from] psn\n|upkeep\n|turn|5\n|\n|t:|1699988700\n|switch|p2a: Ting-Lu|Ting-Lu|100\/100\n|-ability|p2a: Ting-Lu|Vessel of Ruin\n|move|p1a: Krookodile|Knock Off|p2a: Ting-Lu\n|-resisted|p2a: Ting-Lu\n|-damage|p2a: Ting-Lu|91\/100\n|-enditem|p2a: Ting-Lu|Leftovers|[from] move: Knock Off|[of] p1a: Krookodile\n|\n|upkeep\n|turn|6\n|\n|t:|1699988761\n|switch|p1a: Zamazenta|Zamazenta|100\/100\n|-ability|p1a: Zamazenta|Dauntless Shield|boost\n|-boost|p1a: Zamazenta|def|1\n|move|p2a: Ting-Lu|Stealth Rock|p1a: Zamazenta\n|-sidestart|p1: bareraptor|move: Stealth Rock\n|\n|upkeep\n|turn|7\n|\n|t:|1699988793\n|move|p1a: Zamazenta|Close Combat|p2a: Ting-Lu\n|-supereffective|p2a: Ting-Lu\n|-damage|p2a: Ting-Lu|40\/100\n|-unboost|p1a: Zamazenta|def|1\n|-unboost|p1a: Zamazenta|spd|1\n|move|p2a: Ting-Lu|Earthquake|p1a: Zamazenta\n|-damage|p1a: Zamazenta|70\/100\n|\n|upkeep\n|turn|8\n|\n|t:|1699988817\n|switch|p2a: Forretress|Forretress, M|100\/100\n|move|p1a: Zamazenta|Close Combat|p2a: Forretress\n|-damage|p2a: Forretress|62\/100\n|-unboost|p1a: Zamazenta|def|1\n|-unboost|p1a: Zamazenta|spd|1\n|-damage|p1a: Zamazenta|54\/100|[from] item: Rocky Helmet|[of] p2a: Forretress\n|\n|upkeep\n|turn|9\n|\n|t:|1699988837\n|switch|p1a: Cyclizar|Cyclizar, M|100\/100\n|move|p2a: Forretress|Earthquake|p1a: Cyclizar\n|-damage|p1a: Cyclizar|71\/100\n|\n|upkeep\n|turn|10\n|\n|t:|1699988866\n|move|p1a: Cyclizar|Rapid Spin|p2a: Forretress\n|-resisted|p2a: Forretress\n|-damage|p2a: Forretress|57\/100\n|-boost|p1a: Cyclizar|spe|1\n|-damage|p1a: Cyclizar|54\/100|[from] item: Rocky Helmet|[of] p2a: Forretress\n|-sideend|p1: bareraptor|Stealth Rock|[from] move: Rapid Spin|[of] p1a: Cyclizar\n|move|p2a: Forretress|Volt Switch|p1a: Cyclizar\n|-resisted|p1a: Cyclizar\n|-damage|p1a: Cyclizar|47\/100\n|\n|t:|1699988899\n|switch|p2a: Bellibolt|Bellibolt, F|100\/100|[from] Volt Switch\n|\n|upkeep\n|turn|11\n|\n|t:|1699988908\n|switch|p1a: Slowking|Slowking-Galar, M|100\/100\n|move|p2a: Bellibolt|Discharge|p1a: Slowking\n|-damage|p1a: Slowking|87\/100\n|\n|upkeep\n|turn|12\n|\n|t:|1699988929\n|move|p2a: Bellibolt|Sucker Punch|p1a: Slowking\n|-supereffective|p1a: Slowking\n|-damage|p1a: Slowking|63\/100\n|move|p1a: Slowking|Sludge Bomb|p2a: Bellibolt\n|-damage|p2a: Bellibolt|78\/100\n|-start|p2a: Bellibolt|Charge|Sludge Bomb|[from] ability: Electromorphosis\n|\n|upkeep\n|turn|13\n|\n|t:|1699988953\n|switch|p1a: Krookodile|Krookodile, F|91\/100\n|-ability|p1a: Krookodile|Intimidate|boost\n|-unboost|p2a: Bellibolt|atk|1\n|move|p2a: Bellibolt|Discharge|p1a: Krookodile\n|-immune|p1a: Krookodile\n|-end|p2a: Bellibolt|Charge|[silent]\n|\n|upkeep\n|turn|14\n|\n|t:|1699989001\n|move|p1a: Krookodile|Earthquake|p2a: Bellibolt\n|-supereffective|p2a: Bellibolt\n|-damage|p2a: Bellibolt|0 fnt\n|faint|p2a: Bellibolt\n|\n|upkeep\n|\n|t:|1699989006\n|switch|p2a: Quaquaval|Quaquaval, F|84\/100\n|turn|15\n|\n|t:|1699989060\n|move|p2a: Quaquaval|Close Combat|p1a: Krookodile\n|-supereffective|p1a: Krookodile\n|-damage|p1a: Krookodile|0 fnt\n|-unboost|p2a: Quaquaval|def|1\n|-unboost|p2a: Quaquaval|spd|1\n|faint|p1a: Krookodile\n|-ability|p2a: Quaquaval|Moxie|boost\n|-boost|p2a: Quaquaval|atk|1\n|\n|upkeep\n|\n|t:|1699989081\n|switch|p1a: Slowking|Slowking-Galar, M|96\/100\n|turn|16\n|\n|t:|1699989105\n|switch|p2a: Forretress|Forretress, M|57\/100\n|move|p1a: Slowking|Psychic|p2a: Forretress\n|-resisted|p2a: Forretress\n|-damage|p2a: Forretress|34\/100\n|\n|upkeep\n|turn|17\n|\n|t:|1699989122\n|move|p2a: Forretress|Stealth Rock|p1a: Slowking\n|-sidestart|p1: bareraptor|move: Stealth Rock\n|move|p1a: Slowking|Flamethrower|p2a: Forretress\n|-supereffective|p2a: Forretress\n|-damage|p2a: Forretress|0 fnt\n|faint|p2a: Forretress\n|\n|upkeep\n|\n|t:|1699989132\n|switch|p2a: Thundurus|Thundurus-Therian, M|100\/100\n|turn|18\n|\n|t:|1699989160\n|move|p2a: Thundurus|Psychic|p1a: Slowking\n|-damage|p1a: Slowking|76\/100\n|move|p1a: Slowking|Sludge Bomb|p2a: Thundurus\n|-damage|p2a: Thundurus|54\/100\n|-status|p2a: Thundurus|psn\n|\n|-damage|p2a: Thundurus|42\/100 psn|[from] psn\n|upkeep\n|turn|19\n|\n|t:|1699989184\n|switch|p2a: Ting-Lu|Ting-Lu|40\/100\n|-ability|p2a: Ting-Lu|Vessel of Ruin\n|move|p1a: Slowking|Sludge Bomb|p2a: Ting-Lu\n|-resisted|p2a: Ting-Lu\n|-damage|p2a: Ting-Lu|31\/100\n|\n|upkeep\n|turn|20\n|\n|t:|1699989201\n|switch|p1a: Cyclizar|Cyclizar, M|80\/100\n|move|p2a: Ting-Lu|Earthquake|p1a: Cyclizar\n|-damage|p1a: Cyclizar|29\/100\n|\n|upkeep\n|turn|21\n|\n|t:|1699989221\n|move|p1a: Cyclizar|Rapid Spin|p2a: Ting-Lu\n|-damage|p2a: Ting-Lu|24\/100\n|-boost|p1a: Cyclizar|spe|1\n|-sideend|p1: bareraptor|Stealth Rock|[from] move: Rapid Spin|[of] p1a: Cyclizar\n|move|p2a: Ting-Lu|Earthquake|p1a: Cyclizar\n|-damage|p1a: Cyclizar|0 fnt\n|faint|p1a: Cyclizar\n|\n|upkeep\n|\n|t:|1699989227\n|switch|p1a: Zamazenta|Zamazenta|54\/100\n|turn|22\n|\n|t:|1699989250\n|move|p1a: Zamazenta|Close Combat|p2a: Ting-Lu\n|-supereffective|p2a: Ting-Lu\n|-damage|p2a: Ting-Lu|0 fnt\n|-unboost|p1a: Zamazenta|def|1\n|-unboost|p1a: Zamazenta|spd|1\n|faint|p2a: Ting-Lu\n|\n|upkeep\n|\n|t:|1699989264\n|switch|p2a: Quaquaval|Quaquaval, F|84\/100\n|turn|23\n|\n|t:|1699989269\n|switch|p1a: Alomomola|Alomomola, F|100\/100\n|move|p2a: Quaquaval|Aqua Step|p1a: Alomomola\n|-resisted|p1a: Alomomola\n|-damage|p1a: Alomomola|90\/100\n|-boost|p2a: Quaquaval|spe|1\n|-damage|p2a: Quaquaval|68\/100|[from] item: Rocky Helmet|[of] p1a: Alomomola\n|\n|upkeep\n|turn|24\n|\n|t:|1699989279\n|switch|p2a: Thundurus|Thundurus-Therian, M|42\/100 psn\n|move|p1a: Alomomola|Wish|p1a: Alomomola\n|\n|-damage|p2a: Thundurus|30\/100 psn|[from] psn\n|upkeep\n|turn|25\n|\n|t:|1699989320\n|switch|p1a: Slowking|Slowking-Galar, M|100\/100\n|move|p2a: Thundurus|Thunderbolt|p1a: Slowking\n|-damage|p1a: Slowking|69\/100\n|\n|-heal|p1a: Slowking|100\/100|[from] move: Wish|[wisher] Alomomola\n|-damage|p2a: Thundurus|17\/100 psn|[from] psn\n|upkeep\n|turn|26\n|\n|t:|1699989334\n|move|p2a: Thundurus|Thunderbolt|p1a: Slowking\n|-damage|p1a: Slowking|73\/100\n|move|p1a: Slowking|Sludge Bomb|p2a: Thundurus\n|-damage|p2a: Thundurus|0 fnt\n|faint|p2a: Thundurus\n|\n|upkeep\n|\n|t:|1699989341\n|switch|p2a: Goodra|Goodra, M|62\/100 psn\n|turn|27\n|\n|t:|1699989353\n|switch|p1a: Ogerpon|Ogerpon-Hearthflame, F|100\/100\n|-ability|p1a: Ogerpon|Mold Breaker\n|move|p2a: Goodra|Flamethrower|p1a: Ogerpon\n|-damage|p1a: Ogerpon|66\/100\n|\n|-damage|p2a: Goodra|50\/100 psn|[from] psn\n|upkeep\n|turn|28\n|\n|t:|1699989368\n|-terastallize|p1a: Ogerpon|Fire\n|detailschange|p1a: Ogerpon|Ogerpon-Hearthflame-Tera, F, tera:Fire\n|-ability|p1a: Ogerpon|Embody Aspect (Hearthflame)|boost\n|-boost|p1a: Ogerpon|atk|1\n|move|p1a: Ogerpon|Trailblaze|p2a: Goodra\n|-ability|p2a: Goodra|Sap Sipper|boost\n|-boost|p2a: Goodra|atk|1\n|move|p2a: Goodra|Draco Meteor|p1a: Ogerpon\n|-damage|p1a: Ogerpon|0 fnt\n|-unboost|p2a: Goodra|spa|2\n|faint|p1a: Ogerpon\n|\n|-damage|p2a: Goodra|38\/100 psn|[from] psn\n|upkeep\n|c|\u2606bareraptor|whoops forgot about that\n|\n|t:|1699989383\n|switch|p1a: Zamazenta|Zamazenta|54\/100\n|turn|29\n|\n|t:|1699989393\n|move|p1a: Zamazenta|Close Combat|p2a: Goodra\n|-damage|p2a: Goodra|0 fnt\n|-unboost|p1a: Zamazenta|def|1\n|-unboost|p1a: Zamazenta|spd|1\n|faint|p2a: Goodra\n|\n|upkeep\n|\n|t:|1699989399\n|switch|p2a: Quaquaval|Quaquaval, F|68\/100\n|turn|30\n|\n|t:|1699989402\n|switch|p1a: Alomomola|Alomomola, F|100\/100\n|move|p2a: Quaquaval|Close Combat|p1a: Alomomola\n|-damage|p1a: Alomomola|70\/100\n|-unboost|p2a: Quaquaval|def|1\n|-unboost|p2a: Quaquaval|spd|1\n|-damage|p2a: Quaquaval|51\/100|[from] item: Rocky Helmet|[of] p1a: Alomomola\n|\n|upkeep\n|turn|31\n|c|\u2606kzootops|gg\n|\n|t:|1699989410\n|move|p2a: Quaquaval|Close Combat|p1a: Alomomola\n|-damage|p1a: Alomomola|39\/100\n|-unboost|p2a: Quaquaval|def|1\n|-unboost|p2a: Quaquaval|spd|1\n|-damage|p2a: Quaquaval|35\/100|[from] item: Rocky Helmet|[of] p1a: Alomomola\n|move|p1a: Alomomola|Wish|p1a: Alomomola\n|\n|upkeep\n|turn|32\n|c|\u2606bareraptor|gg\n|\n|t:|1699989426\n|move|p1a: Alomomola|Protect|p1a: Alomomola\n|-singleturn|p1a: Alomomola|Protect\n|move|p2a: Quaquaval|Close Combat|p1a: Alomomola\n|-activate|p1a: Alomomola|move: Protect\n|\n|-heal|p1a: Alomomola|89\/100|[from] move: Wish|[wisher] Alomomola\n|upkeep\n|turn|33\n|l| phonedazl\n|\n|t:|1699989433\n|move|p2a: Quaquaval|Close Combat|p1a: Alomomola\n|-damage|p1a: Alomomola|57\/100\n|-unboost|p2a: Quaquaval|def|1\n|-unboost|p2a: Quaquaval|spd|1\n|-damage|p2a: Quaquaval|19\/100|[from] item: Rocky Helmet|[of] p1a: Alomomola\n|move|p1a: Alomomola|Wish|p1a: Alomomola\n|\n|upkeep\n|turn|34\n|\n|t:|1699989446\n|move|p2a: Quaquaval|Close Combat|p1a: Alomomola\n|-damage|p1a: Alomomola|26\/100\n|-unboost|p2a: Quaquaval|def|1\n|-unboost|p2a: Quaquaval|spd|1\n|-damage|p2a: Quaquaval|2\/100|[from] item: Rocky Helmet|[of] p1a: Alomomola\n|move|p1a: Alomomola|Ice Beam|p2a: Quaquaval\n|-resisted|p2a: Quaquaval\n|-damage|p2a: Quaquaval|0 fnt\n|faint|p2a: Quaquaval\n|\n|win|bareraptor\n","uploadtime":1699989456,"views":36,"p1id":"bareraptor","p2id":"kzootops","formatid":"gen9ubers","rating":0,"private":0,"password":""}