{"id":"gen9ubers-1988275035","p1":"Dracoignius97","p2":"marvin1","format":"[Gen 9] Ubers","log":"|j|\u2606Dracoignius97\n|j|\u2606marvin1\n|t:|1699699672\n|gametype|singles\n|player|p1|Dracoignius97|steven|\n|player|p2|marvin1|gladion-stance|\n|teamsize|p1|6\n|teamsize|p2|6\n|gen|9\n|tier|[Gen 9] Ubers\n|rule|Sleep Clause Mod: Limit one foe put to sleep\n|rule|Species Clause: Limit one of each Pok\u00e9mon\n|rule|OHKO Clause: OHKO moves are banned\n|rule|Evasion Items Clause: Evasion items are banned\n|rule|Evasion Moves Clause: Evasion moves are banned\n|rule|Endless Battle Clause: Forcing endless battles is banned\n|rule|HP Percentage Mod: HP is shown in percentages\n|clearpoke\n|poke|p1|Ninetales-Alola, F|\n|poke|p1|Crawdaunt, F|\n|poke|p1|Squawkabilly-Blue, M|\n|poke|p1|Appletun, M|\n|poke|p1|Arcanine-Hisui, F|\n|poke|p1|Gurdurr, F|\n|poke|p2|Gliscor, M|\n|poke|p2|Gallade, M|\n|poke|p2|Kingambit, M|\n|poke|p2|Vaporeon, M|\n|poke|p2|Slowking-Galar, M|\n|poke|p2|Drifblim, F|\n|teampreview\n|j| justawal\n|c|\u2606Dracoignius97|glhf\n|c|\u2606marvin1|you too\n|\n|t:|1699699753\n|start\n|switch|p1a: Kyuki|Ninetales-Alola, F, shiny|100\/100\n|switch|p2a: shin ramyun|Kingambit, M|100\/100\n|-weather|Snow|[from] ability: Snow Warning|[of] p1a: Kyuki\n|turn|1\n|j| Too Many Caps\n|\n|t:|1699699793\n|switch|p1a: Smith|Appletun, M, shiny|100\/100\n|move|p2a: shin ramyun|Iron Head|p1a: Smith\n|-damage|p1a: Smith|71\/100\n|\n|-weather|Snow|[upkeep]\n|-heal|p1a: Smith|78\/100|[from] item: Leftovers\n|upkeep\n|turn|2\n|j| nicneg\n|\n|t:|1699699846\n|switch|p2a: emperor|Slowking-Galar, M|100\/100\n|move|p1a: Smith|Leech Seed|p2a: emperor\n|-start|p2a: emperor|move: Leech Seed\n|\n|-weather|Snow|[upkeep]\n|-heal|p1a: Smith|84\/100|[from] item: Leftovers\n|-damage|p2a: emperor|88\/100|[from] Leech Seed|[of] p1a: Smith\n|-heal|p1a: Smith|95\/100|[silent]\n|upkeep\n|turn|3\n|l| Too Many Caps\n|j| thatguy_313\n|l| justawal\n|\n|t:|1699699908\n|switch|p1a: Arnie|Gurdurr, F|100\/100\n|move|p2a: emperor|Sludge Bomb|p1a: Arnie\n|-damage|p1a: Arnie|56\/100\n|\n|-weather|Snow|[upkeep]\n|-damage|p2a: emperor|76\/100|[from] Leech Seed|[of] p1a: Arnie\n|-heal|p1a: Arnie|69\/100|[silent]\n|upkeep\n|turn|4\n|\n|t:|1699699961\n|switch|p2a: alucard|Gliscor, M|100\/100\n|move|p1a: Arnie|Knock Off|p2a: alucard\n|-damage|p2a: alucard|82\/100\n|-enditem|p2a: alucard|Toxic Orb|[from] move: Knock Off|[of] p1a: Arnie\n|\n|-weather|Snow|[upkeep]\n|upkeep\n|turn|5\n|\n|t:|1699699998\n|move|p2a: alucard|Protect|p2a: alucard\n|-singleturn|p2a: alucard|Protect\n|move|p1a: Arnie|Ice Punch|p2a: alucard\n|-activate|p2a: alucard|move: Protect\n|\n|-weather|none\n|upkeep\n|turn|6\n|\n|t:|1699700036\n|switch|p2a: gnome|Gallade, M|100\/100\n|move|p1a: Arnie|Knock Off|p2a: gnome\n|-damage|p2a: gnome|41\/100\n|-enditem|p2a: gnome|Life Orb|[from] move: Knock Off|[of] p1a: Arnie\n|\n|upkeep\n|turn|7\n|\n|t:|1699700064\n|switch|p1a: Smith|Appletun, M, shiny|95\/100\n|move|p2a: gnome|Psycho Cut|p1a: Smith\n|-damage|p1a: Smith|59\/100\n|\n|-heal|p1a: Smith|65\/100|[from] item: Leftovers\n|upkeep\n|turn|8\n|\n|t:|1699700085\n|move|p2a: gnome|Ice Punch|p1a: Smith\n|-supereffective|p1a: Smith\n|-damage|p1a: Smith|28\/100\n|move|p1a: Smith|Recover|p1a: Smith\n|-heal|p1a: Smith|78\/100\n|\n|-heal|p1a: Smith|84\/100|[from] item: Leftovers\n|upkeep\n|turn|9\n|\n|t:|1699700115\n|switch|p2a: emperor|Slowking-Galar, M|100\/100\n|move|p1a: Smith|Apple Acid|p2a: emperor\n|-resisted|p2a: emperor\n|-damage|p2a: emperor|94\/100\n|-unboost|p2a: emperor|spd|1\n|\n|-heal|p1a: Smith|91\/100|[from] item: Leftovers\n|upkeep\n|turn|10\n|\n|t:|1699700178\n|switch|p1a: Henry|Squawkabilly-Blue, M|100\/100\n|move|p2a: emperor|Sludge Bomb|p1a: Henry\n|-damage|p1a: Henry|8\/100\n|\n|-status|p1a: Henry|brn|[from] item: Flame Orb\n|upkeep\n|turn|11\n|\n|t:|1699700240\n|switch|p2a: alucard|Gliscor, M|82\/100\n|move|p1a: Henry|Tailwind|p1a: Henry\n|-sidestart|p1: Dracoignius97|move: Tailwind\n|\n|-damage|p1a: Henry|2\/100 brn|[from] brn\n|upkeep\n|turn|12\n|\n|t:|1699700258\n|move|p1a: Henry|Facade|p2a: alucard\n|-damage|p2a: alucard|28\/100\n|move|p2a: alucard|Toxic Spikes|p1a: Henry\n|-sidestart|p1: Dracoignius97|move: Toxic Spikes\n|\n|-damage|p1a: Henry|0 fnt|[from] brn\n|faint|p1a: Henry\n|upkeep\n|\n|t:|1699700278\n|switch|p1a: Komainu|Arcanine-Hisui, F|100\/100\n|-item|p1a: Komainu|Air Balloon\n|turn|13\n|\n|t:|1699700322\n|move|p2a: alucard|Protect|p2a: alucard\n|-singleturn|p2a: alucard|Protect\n|move|p1a: Komainu|Flare Blitz|p2a: alucard\n|-activate|p2a: alucard|move: Protect\n|\n|upkeep\n|turn|14\n|\n|t:|1699700354\n|move|p1a: Komainu|Flare Blitz|p2a: alucard\n|-damage|p2a: alucard|0 fnt\n|faint|p2a: alucard\n|\n|-sideend|p1: Dracoignius97|move: Tailwind\n|upkeep\n|\n|t:|1699700385\n|switch|p2a: mr dolphin|Vaporeon, M|100\/100\n|turn|15\n|\n|t:|1699700412\n|-terastallize|p1a: Komainu|Grass\n|move|p1a: Komainu|Tera Blast|p2a: mr dolphin|[anim] Tera Blast Grass\n|-supereffective|p2a: mr dolphin\n|-damage|p2a: mr dolphin|33\/100\n|move|p2a: mr dolphin|Scald|p1a: Komainu\n|-resisted|p1a: Komainu\n|-damage|p1a: Komainu|81\/100\n|-enditem|p1a: Komainu|Air Balloon\n|\n|-heal|p2a: mr dolphin|39\/100|[from] item: Leftovers\n|upkeep\n|turn|16\n|\n|t:|1699700452\n|switch|p2a: ice cream|Drifblim, F|100\/100\n|move|p1a: Komainu|Tera Blast|p2a: ice cream|[anim] Tera Blast Grass\n|-resisted|p2a: ice cream\n|-damage|p2a: ice cream|75\/100\n|\n|upkeep\n|turn|17\n|\n|t:|1699700468\n|move|p1a: Komainu|Head Smash|p2a: ice cream\n|-supereffective|p2a: ice cream\n|-damage|p2a: ice cream|0 fnt\n|faint|p2a: ice cream\n|\n|upkeep\n|\n|t:|1699700482\n|switch|p2a: emperor|Slowking-Galar, M|100\/100\n|turn|18\n|\n|t:|1699700549\n|move|p1a: Komainu|Flare Blitz|p2a: emperor\n|-damage|p2a: emperor|45\/100\n|move|p2a: emperor|Sludge Bomb|p1a: Komainu\n|-supereffective|p1a: Komainu\n|-damage|p1a: Komainu|0 fnt\n|faint|p1a: Komainu\n|\n|upkeep\n|\n|t:|1699700562\n|switch|p1a: Daunting|Crawdaunt, F|100\/100\n|-status|p1a: Daunting|psn\n|turn|19\n|\n|t:|1699700575\n|switch|p2a: gnome|Gallade, M|41\/100\n|move|p1a: Daunting|Knock Off|p2a: gnome\n|-damage|p2a: gnome|0 fnt\n|faint|p2a: gnome\n|\n|-damage|p1a: Daunting|88\/100 psn|[from] psn\n|upkeep\n|\n|t:|1699700677\n|switch|p2a: shin ramyun|Kingambit, M|100\/100\n|turn|20\n|\n|t:|1699700761\n|move|p1a: Daunting|Knock Off|p2a: shin ramyun\n|-resisted|p2a: shin ramyun\n|-crit|p2a: shin ramyun\n|-damage|p2a: shin ramyun|45\/100\n|-enditem|p2a: shin ramyun|Lum Berry|[from] move: Knock Off|[of] p1a: Daunting\n|move|p2a: shin ramyun|Brick Break|p1a: Daunting\n|-supereffective|p1a: Daunting\n|-damage|p1a: Daunting|15\/100 psn\n|\n|-damage|p1a: Daunting|3\/100 psn|[from] psn\n|upkeep\n|turn|21\n|\n|t:|1699700777\n|switch|p1a: Smith|Appletun, M, shiny|91\/100\n|-status|p1a: Smith|psn\n|move|p2a: shin ramyun|Sucker Punch||[still]\n|-fail|p2a: shin ramyun\n|\n|-heal|p1a: Smith|97\/100 psn|[from] item: Leftovers\n|-damage|p1a: Smith|84\/100 psn|[from] psn\n|upkeep\n|turn|22\n|\n|t:|1699700819\n|switch|p2a: emperor|Slowking-Galar, M|79\/100\n|move|p1a: Smith|Leech Seed|p2a: emperor\n|-start|p2a: emperor|move: Leech Seed\n|\n|-heal|p1a: Smith|90\/100 psn|[from] item: Leftovers\n|-damage|p2a: emperor|66\/100|[from] Leech Seed|[of] p1a: Smith\n|-heal|p1a: Smith|100\/100 psn|[silent]\n|-damage|p1a: Smith|88\/100 psn|[from] psn\n|upkeep\n|turn|23\n|\n|t:|1699700836\n|switch|p1a: Arnie|Gurdurr, F|69\/100\n|-status|p1a: Arnie|psn\n|move|p2a: emperor|Sludge Bomb|p1a: Arnie\n|-damage|p1a: Arnie|21\/100 psn\n|\n|-damage|p2a: emperor|54\/100|[from] Leech Seed|[of] p1a: Arnie\n|-heal|p1a: Arnie|34\/100 psn|[silent]\n|-damage|p1a: Arnie|22\/100 psn|[from] psn\n|upkeep\n|turn|24\n|\n|t:|1699700869\n|switch|p2a: mr dolphin|Vaporeon, M|39\/100\n|move|p1a: Arnie|Knock Off|p2a: mr dolphin\n|-damage|p2a: mr dolphin|12\/100\n|-enditem|p2a: mr dolphin|Leftovers|[from] move: Knock Off|[of] p1a: Arnie\n|\n|-damage|p1a: Arnie|9\/100 psn|[from] psn\n|upkeep\n|turn|25\n|\n|t:|1699700908\n|move|p2a: mr dolphin|Wish|p2a: mr dolphin\n|move|p1a: Arnie|Defog|p2a: mr dolphin\n|-unboost|p2a: mr dolphin|evasion|1\n|-sideend|p1: Dracoignius97|Toxic Spikes|[from] move: Defog|[of] p1a: Arnie\n|\n|-damage|p1a: Arnie|0 fnt|[from] psn\n|faint|p1a: Arnie\n|upkeep\n|\n|t:|1699700918\n|switch|p1a: Smith|Appletun, M, shiny|88\/100 psn\n|turn|26\n|\n|t:|1699700930\n|switch|p2a: shin ramyun|Kingambit, M|45\/100\n|move|p1a: Smith|Leech Seed|p2a: shin ramyun\n|-start|p2a: shin ramyun|move: Leech Seed\n|\n|-heal|p2a: shin ramyun|100\/100|[from] move: Wish|[wisher] mr dolphin\n|-heal|p1a: Smith|94\/100 psn|[from] item: Leftovers\n|-damage|p2a: shin ramyun|88\/100|[from] Leech Seed|[of] p1a: Smith\n|-heal|p1a: Smith|100\/100 psn|[silent]\n|-damage|p1a: Smith|88\/100 psn|[from] psn\n|upkeep\n|turn|27\n|\n|t:|1699700942\n|switch|p2a: emperor|Slowking-Galar, M|87\/100\n|move|p1a: Smith|Body Press|p2a: emperor\n|-resisted|p2a: emperor\n|-damage|p2a: emperor|82\/100\n|\n|-heal|p1a: Smith|94\/100 psn|[from] item: Leftovers\n|-damage|p1a: Smith|82\/100 psn|[from] psn\n|upkeep\n|turn|28\n|\n|t:|1699700976\n|move|p1a: Smith|Apple Acid|p2a: emperor\n|-resisted|p2a: emperor\n|-damage|p2a: emperor|75\/100\n|-unboost|p2a: emperor|spd|1\n|move|p2a: emperor|Sludge Bomb|p1a: Smith\n|-supereffective|p1a: Smith\n|-damage|p1a: Smith|0 fnt\n|faint|p1a: Smith\n|\n|upkeep\n|\n|t:|1699700985\n|switch|p1a: Kyuki|Ninetales-Alola, F, shiny|100\/100\n|-weather|Snow|[from] ability: Snow Warning|[of] p1a: Kyuki\n|turn|29\n|\n|t:|1699701001\n|switch|p2a: shin ramyun|Kingambit, M|88\/100\n|move|p1a: Kyuki|Blizzard|p2a: shin ramyun\n|-resisted|p2a: shin ramyun\n|-damage|p2a: shin ramyun|69\/100\n|\n|-weather|Snow|[upkeep]\n|upkeep\n|turn|30\n|\n|t:|1699701007\n|move|p1a: Kyuki|Aurora Veil|p1a: Kyuki\n|-sidestart|p1: Dracoignius97|move: Aurora Veil\n|move|p2a: shin ramyun|Iron Head|p1a: Kyuki\n|-supereffective|p1a: Kyuki\n|-damage|p1a: Kyuki|2\/100\n|\n|-weather|Snow|[upkeep]\n|upkeep\n|turn|31\n|\n|t:|1699701012\n|move|p1a: Kyuki|Blizzard|p2a: shin ramyun\n|-resisted|p2a: shin ramyun\n|-damage|p2a: shin ramyun|49\/100\n|move|p2a: shin ramyun|Brick Break|p1a: Kyuki\n|-sideend|p1: Dracoignius97|move: Aurora Veil\n|-damage|p1a: Kyuki|0 fnt\n|faint|p1a: Kyuki\n|\n|-weather|Snow|[upkeep]\n|upkeep\n|c|\u2606Dracoignius97|gg\n|\n|t:|1699701022\n|switch|p1a: Daunting|Crawdaunt, F|3\/100 psn\n|turn|32\n|\n|t:|1699701034\n|move|p2a: shin ramyun|Sucker Punch|p1a: Daunting\n|-resisted|p1a: Daunting\n|-damage|p1a: Daunting|0 fnt\n|faint|p1a: Daunting\n|\n|win|marvin1\n|l| nicneg\n|c|\u2606marvin1|gg\n","uploadtime":1699701044,"views":14,"p1id":"dracoignius97","p2id":"marvin1","formatid":"gen9ubers","rating":0,"private":0,"password":""}