{"id":"gen9ubers-1987982229","p1":"helloyg","p2":"IchiNiAndKevin!","format":"[Gen 9] Ubers","log":"|j|\u2606helloyg\n|j|\u2606IchiNiAndKevin!\n|t:|1699655716\n|gametype|singles\n|player|p1|helloyg|169|1000\n|player|p2|IchiNiAndKevin!|irida|1087\n|teamsize|p1|6\n|teamsize|p2|6\n|gen|9\n|tier|[Gen 9] Ubers\n|rated|\n|rule|Sleep Clause Mod: Limit one foe put to sleep\n|rule|Species Clause: Limit one of each Pok\u00e9mon\n|rule|OHKO Clause: OHKO moves are banned\n|rule|Evasion Items Clause: Evasion items are banned\n|rule|Evasion Moves Clause: Evasion moves are banned\n|rule|Endless Battle Clause: Forcing endless battles is banned\n|rule|HP Percentage Mod: HP is shown in percentages\n|clearpoke\n|poke|p1|Kommo-o, M|\n|poke|p1|Dragapult, M|\n|poke|p1|Torterra, M|\n|poke|p1|Zapdos-Galar|\n|poke|p1|Skeledirge, M|\n|poke|p1|Decidueye-Hisui, M|\n|poke|p2|Groudon|\n|poke|p2|Iron Hands|\n|poke|p2|Arceus-Dragon|\n|poke|p2|Eternatus|\n|poke|p2|Giratina-Origin|\n|poke|p2|Zamazenta-*|\n|teampreview\n|inactive|Battle timer is ON: inactive players will automatically lose when time's up. (requested by IchiNiAndKevin!)\n|\n|t:|1699655726\n|start\n|switch|p1a: Decidueye|Decidueye-Hisui, M, shiny|100\/100\n|switch|p2a: Arceus|Arceus-Dragon|100\/100\n|turn|1\n|\n|t:|1699655735\n|move|p2a: Arceus|Substitute|p2a: Arceus\n|-start|p2a: Arceus|Substitute\n|-damage|p2a: Arceus|76\/100\n|move|p1a: Decidueye|Leaf Storm|p2a: Arceus|[miss]\n|-miss|p1a: Decidueye|p2a: Arceus\n|\n|upkeep\n|turn|2\n|\n|t:|1699655743\n|move|p2a: Arceus|Swords Dance|p2a: Arceus\n|-boost|p2a: Arceus|atk|2\n|move|p1a: Decidueye|Leaf Storm|p2a: Arceus\n|-resisted|p2a: Arceus\n|-activate|p2a: Arceus|move: Substitute|[damage]\n|-unboost|p1a: Decidueye|spa|2\n|\n|upkeep\n|turn|3\n|\n|t:|1699655763\n|move|p2a: Arceus|Swords Dance|p2a: Arceus\n|-boost|p2a: Arceus|atk|2\n|move|p1a: Decidueye|Leaf Storm|p2a: Arceus\n|-resisted|p2a: Arceus\n|-end|p2a: Arceus|Substitute\n|-unboost|p1a: Decidueye|spa|2\n|\n|upkeep\n|turn|4\n|\n|t:|1699655774\n|move|p2a: Arceus|Substitute|p2a: Arceus\n|-start|p2a: Arceus|Substitute\n|-damage|p2a: Arceus|51\/100\n|move|p1a: Decidueye|Leaf Storm|p2a: Arceus\n|-resisted|p2a: Arceus\n|-activate|p2a: Arceus|move: Substitute|[damage]\n|-unboost|p1a: Decidueye|spa|2\n|\n|upkeep\n|turn|5\n|\n|t:|1699655784\n|move|p2a: Arceus|Swords Dance|p2a: Arceus\n|-boost|p2a: Arceus|atk|2\n|move|p1a: Decidueye|Focus Blast|p2a: Arceus\n|-activate|p2a: Arceus|move: Substitute|[damage]\n|\n|upkeep\n|turn|6\n|\n|t:|1699655794\n|-singleturn|p1a: Decidueye|move: Focus Punch\n|move|p2a: Arceus|Extreme Speed|p1a: Decidueye\n|-damage|p1a: Decidueye|0 fnt\n|faint|p1a: Decidueye\n|\n|upkeep\n|\n|t:|1699655804\n|switch|p1a: Zapdos|Zapdos-Galar, shiny|100\/100\n|turn|7\n|\n|t:|1699655815\n|move|p2a: Arceus|Extreme Speed|p1a: Zapdos\n|-damage|p1a: Zapdos|0 fnt\n|faint|p1a: Zapdos\n|\n|upkeep\n|\n|t:|1699655822\n|switch|p1a: Dragapult|Dragapult, M, shiny|100\/100\n|turn|8\n|\n|t:|1699655828\n|move|p1a: Dragapult|Draco Meteor|p2a: Arceus\n|-supereffective|p2a: Arceus\n|-end|p2a: Arceus|Substitute\n|-unboost|p1a: Dragapult|spa|2\n|move|p2a: Arceus|Judgment|p1a: Dragapult\n|-supereffective|p1a: Dragapult\n|-damage|p1a: Dragapult|0 fnt\n|faint|p1a: Dragapult\n|\n|upkeep\n|\n|t:|1699655838\n|switch|p1a: Kommo-o|Kommo-o, M, shiny|100\/100\n|turn|9\n|\n|t:|1699655842\n|move|p2a: Arceus|Extreme Speed|p1a: Kommo-o\n|-damage|p1a: Kommo-o|0 fnt\n|faint|p1a: Kommo-o\n|\n|upkeep\n|\n|t:|1699655848\n|switch|p1a: Torterra|Torterra, M, shiny|100\/100\n|turn|10\n|\n|t:|1699655857\n|move|p2a: Arceus|Extreme Speed|p1a: Torterra\n|-damage|p1a: Torterra|35\/100\n|move|p1a: Torterra|Earthquake|p2a: Arceus\n|-damage|p2a: Arceus|22\/100\n|\n|-heal|p1a: Torterra|41\/100|[from] item: Leftovers\n|upkeep\n|turn|11\n|\n|t:|1699655865\n|move|p2a: Arceus|Extreme Speed|p1a: Torterra\n|-damage|p1a: Torterra|0 fnt\n|faint|p1a: Torterra\n|\n|upkeep\n|\n|t:|1699655871\n|switch|p1a: Skeledirge|Skeledirge, M, shiny|100\/100\n|turn|12\n|\n|t:|1699655876\n|move|p2a: Arceus|Judgment|p1a: Skeledirge\n|-damage|p1a: Skeledirge|69\/100\n|move|p1a: Skeledirge|Fire Blast|p2a: Arceus\n|-resisted|p2a: Arceus\n|-damage|p2a: Arceus|3\/100\n|\n|upkeep\n|turn|13\n|\n|t:|1699655884\n|move|p2a: Arceus|Judgment|p1a: Skeledirge\n|-damage|p1a: Skeledirge|35\/100\n|move|p1a: Skeledirge|Fire Blast|p2a: Arceus\n|-resisted|p2a: Arceus\n|-damage|p2a: Arceus|0 fnt\n|faint|p2a: Arceus\n|\n|upkeep\n|\n|t:|1699655887\n|switch|p2a: Groudon|Groudon|100\/100\n|-weather|SunnyDay|[from] ability: Drought|[of] p2a: Groudon\n|turn|14\n|\n|t:|1699655895\n|move|p2a: Groudon|Precipice Blades|p1a: Skeledirge\n|-supereffective|p1a: Skeledirge\n|-damage|p1a: Skeledirge|0 fnt\n|faint|p1a: Skeledirge\n|\n|win|IchiNiAndKevin!\n|raw|helloyg's rating: 1000 &rarr; <strong>1000<\/strong><br \/>(+0 for losing)\n|raw|IchiNiAndKevin!'s rating: 1087 &rarr; <strong>1107<\/strong><br \/>(+20 for winning)\n","uploadtime":1699655899,"views":4,"p1id":"helloyg","p2id":"ichiniandkevin","formatid":"gen9ubers","rating":1000,"private":0,"password":""}