{"id":"gen9ubers-1978447429","p1":"1P1o1s1h1e1","p2":"Genestealer-harr","format":"[Gen 9] Ubers","log":"|j|\u26061P1o1s1h1e1\n|j|\u2606Genestealer-harr\n|t:|1698540175\n|gametype|singles\n|player|p1|1P1o1s1h1e1|2|\n|player|p2|Genestealer-harr|265|\n|teamsize|p1|6\n|teamsize|p2|6\n|gen|9\n|tier|[Gen 9] Ubers\n|rule|Sleep Clause Mod: Limit one foe put to sleep\n|rule|Species Clause: Limit one of each Pok\u00e9mon\n|rule|OHKO Clause: OHKO moves are banned\n|rule|Evasion Items Clause: Evasion items are banned\n|rule|Evasion Moves Clause: Evasion moves are banned\n|rule|Endless Battle Clause: Forcing endless battles is banned\n|rule|HP Percentage Mod: HP is shown in percentages\n|clearpoke\n|poke|p1|Wo-Chien|\n|poke|p1|Arceus-Poison|\n|poke|p1|Magearna|\n|poke|p1|Ursaluna-Bloodmoon, M|\n|poke|p1|Sneasler, F|\n|poke|p1|Scream Tail|\n|poke|p2|Sneasler, F|\n|poke|p2|Breloom, F|\n|poke|p2|Goodra-Hisui, F|\n|poke|p2|Manaphy|\n|poke|p2|Kommo-o, F|\n|poke|p2|Arceus-Fire|\n|teampreview\n|inactive|Battle timer is ON: inactive players will automatically lose when time's up. (requested by Genestealer-harr)\n|\n|t:|1698540199\n|start\n|switch|p1a: sheIsSuchABadBi-|Sneasler, F, shiny|100\/100\n|switch|p2a: Manaphy|Manaphy|100\/100\n|turn|1\n|\n|t:|1698540211\n|move|p1a: sheIsSuchABadBi-|Switcheroo|p2a: Manaphy\n|-activate|p1a: sheIsSuchABadBi-|move: Trick|[of] p2a: Manaphy\n|-item|p2a: Manaphy|Choice Scarf|[from] move: Switcheroo\n|-item|p1a: sheIsSuchABadBi-|Mental Herb|[from] move: Switcheroo\n|move|p2a: Manaphy|Tail Glow|p2a: Manaphy\n|-boost|p2a: Manaphy|spa|3\n|\n|upkeep\n|turn|2\n|\n|t:|1698540240\n|switch|p2a: Sneasler|Sneasler, F|100\/100\n|move|p1a: sheIsSuchABadBi-|U-turn|p2a: Sneasler\n|-resisted|p2a: Sneasler\n|-damage|p2a: Sneasler|91\/100\n|\n|t:|1698540246\n|switch|p1a: Purple Guy (FNAF)|Arceus-Poison|100\/100|[from] U-turn\n|\n|upkeep\n|turn|3\n|inactive|Genestealer-harr has 270 seconds left.\n|\n|t:|1698540279\n|switch|p2a: Kommo-o|Kommo-o, F, shiny|100\/100\n|move|p1a: Purple Guy (FNAF)|Will-O-Wisp|p2a: Kommo-o\n|-status|p2a: Kommo-o|brn\n|\n|-damage|p2a: Kommo-o|94\/100 brn|[from] brn\n|upkeep\n|turn|4\n|\n|t:|1698540288\n|move|p1a: Purple Guy (FNAF)|Taunt|p2a: Kommo-o\n|-start|p2a: Kommo-o|move: Taunt\n|cant|p2a: Kommo-o|move: Taunt|Clangorous Soul\n|\n|-damage|p2a: Kommo-o|88\/100 brn|[from] brn\n|upkeep\n|turn|5\n|inactive|Genestealer-harr has 270 seconds left.\n|\n|t:|1698540305\n|switch|p2a: Manaphy|Manaphy|100\/100\n|move|p1a: Purple Guy (FNAF)|Gunk Shot|p2a: Manaphy|[miss]\n|-miss|p1a: Purple Guy (FNAF)|p2a: Manaphy\n|\n|upkeep\n|turn|6\n|\n|t:|1698540313\n|-terastallize|p2a: Manaphy|Ground\n|move|p2a: Manaphy|Tera Blast|p1a: Purple Guy (FNAF)|[anim] Tera Blast Ground\n|-supereffective|p1a: Purple Guy (FNAF)\n|-damage|p1a: Purple Guy (FNAF)|54\/100\n|move|p1a: Purple Guy (FNAF)|Gunk Shot|p2a: Manaphy\n|-resisted|p2a: Manaphy\n|-damage|p2a: Manaphy|71\/100\n|\n|upkeep\n|turn|7\n|\n|t:|1698540324\n|switch|p1a: Mangle (FNAF)|Wo-Chien|100\/100\n|-ability|p1a: Mangle (FNAF)|Tablets of Ruin\n|move|p2a: Manaphy|Tera Blast|p1a: Mangle (FNAF)|[anim] Tera Blast Ground\n|-resisted|p1a: Mangle (FNAF)\n|-damage|p1a: Mangle (FNAF)|91\/100\n|\n|-heal|p1a: Mangle (FNAF)|97\/100|[from] item: Leftovers\n|upkeep\n|turn|8\n|\n|t:|1698540337\n|switch|p2a: Kommo-o|Kommo-o, F, shiny|88\/100 brn\n|move|p1a: Mangle (FNAF)|Leech Seed|p2a: Kommo-o|[miss]\n|-miss|p1a: Mangle (FNAF)|p2a: Kommo-o\n|\n|-heal|p1a: Mangle (FNAF)|100\/100|[from] item: Leftovers\n|-damage|p2a: Kommo-o|82\/100 brn|[from] brn\n|upkeep\n|turn|9\n|\n|t:|1698540348\n|move|p2a: Kommo-o|Clangorous Soul|p2a: Kommo-o\n|-boost|p2a: Kommo-o|atk|1\n|-boost|p2a: Kommo-o|def|1\n|-boost|p2a: Kommo-o|spa|1\n|-boost|p2a: Kommo-o|spd|1\n|-boost|p2a: Kommo-o|spe|1\n|-damage|p2a: Kommo-o|49\/100 brn\n|-enditem|p2a: Kommo-o|Throat Spray\n|-boost|p2a: Kommo-o|spa|1|[from] item: Throat Spray\n|move|p1a: Mangle (FNAF)|Substitute|p1a: Mangle (FNAF)\n|-start|p1a: Mangle (FNAF)|Substitute\n|-damage|p1a: Mangle (FNAF)|76\/100\n|\n|-heal|p1a: Mangle (FNAF)|82\/100|[from] item: Leftovers\n|-damage|p2a: Kommo-o|43\/100 brn|[from] brn\n|upkeep\n|turn|10\n|\n|t:|1698540361\n|move|p1a: Mangle (FNAF)|Protect|p1a: Mangle (FNAF)\n|-singleturn|p1a: Mangle (FNAF)|Protect\n|move|p2a: Kommo-o|Flamethrower|p1a: Mangle (FNAF)\n|-activate|p1a: Mangle (FNAF)|move: Protect\n|\n|-heal|p1a: Mangle (FNAF)|88\/100|[from] item: Leftovers\n|-damage|p2a: Kommo-o|37\/100 brn|[from] brn\n|upkeep\n|turn|11\n|\n|t:|1698540370\n|move|p2a: Kommo-o|Flamethrower|p1a: Mangle (FNAF)\n|-supereffective|p1a: Mangle (FNAF)\n|-end|p1a: Mangle (FNAF)|Substitute\n|move|p1a: Mangle (FNAF)|Leech Seed|p2a: Kommo-o\n|-start|p2a: Kommo-o|move: Leech Seed\n|\n|-heal|p1a: Mangle (FNAF)|94\/100|[from] item: Leftovers\n|-damage|p2a: Kommo-o|24\/100 brn|[from] Leech Seed|[of] p1a: Mangle (FNAF)\n|-heal|p1a: Mangle (FNAF)|100\/100|[silent]\n|-damage|p2a: Kommo-o|18\/100 brn|[from] brn\n|upkeep\n|turn|12\n|\n|t:|1698540381\n|move|p2a: Kommo-o|Boomburst|p1a: Mangle (FNAF)\n|-damage|p1a: Mangle (FNAF)|59\/100\n|move|p1a: Mangle (FNAF)|Substitute|p1a: Mangle (FNAF)\n|-start|p1a: Mangle (FNAF)|Substitute\n|-damage|p1a: Mangle (FNAF)|34\/100\n|\n|-heal|p1a: Mangle (FNAF)|40\/100|[from] item: Leftovers\n|-damage|p2a: Kommo-o|6\/100 brn|[from] Leech Seed|[of] p1a: Mangle (FNAF)\n|-heal|p1a: Mangle (FNAF)|50\/100|[silent]\n|-damage|p2a: Kommo-o|0 fnt|[from] brn\n|faint|p2a: Kommo-o\n|upkeep\n|\n|t:|1698540400\n|switch|p2a: Goodra|Goodra-Hisui, F|100\/100\n|turn|13\n|\n|t:|1698540409\n|move|p1a: Mangle (FNAF)|Leech Seed|p2a: Goodra\n|-start|p2a: Goodra|move: Leech Seed\n|move|p2a: Goodra|Fire Blast|p1a: Mangle (FNAF)\n|-supereffective|p1a: Mangle (FNAF)\n|-end|p1a: Mangle (FNAF)|Substitute\n|\n|-heal|p1a: Mangle (FNAF)|56\/100|[from] item: Leftovers\n|-damage|p2a: Goodra|88\/100|[from] Leech Seed|[of] p1a: Mangle (FNAF)\n|-heal|p1a: Mangle (FNAF)|66\/100|[silent]\n|upkeep\n|turn|14\n|\n|t:|1698540418\n|move|p1a: Mangle (FNAF)|Protect|p1a: Mangle (FNAF)\n|-singleturn|p1a: Mangle (FNAF)|Protect\n|move|p2a: Goodra|Fire Blast|p1a: Mangle (FNAF)\n|-activate|p1a: Mangle (FNAF)|move: Protect\n|\n|-heal|p1a: Mangle (FNAF)|72\/100|[from] item: Leftovers\n|-damage|p2a: Goodra|76\/100|[from] Leech Seed|[of] p1a: Mangle (FNAF)\n|-heal|p1a: Mangle (FNAF)|82\/100|[silent]\n|upkeep\n|turn|15\n|\n|t:|1698540429\n|move|p1a: Mangle (FNAF)|Knock Off|p2a: Goodra\n|-damage|p2a: Goodra|51\/100\n|-enditem|p2a: Goodra|Assault Vest|[from] move: Knock Off|[of] p1a: Mangle (FNAF)\n|move|p2a: Goodra|Fire Blast|p1a: Mangle (FNAF)\n|-supereffective|p1a: Mangle (FNAF)\n|-damage|p1a: Mangle (FNAF)|43\/100\n|\n|-heal|p1a: Mangle (FNAF)|49\/100|[from] item: Leftovers\n|-damage|p2a: Goodra|39\/100|[from] Leech Seed|[of] p1a: Mangle (FNAF)\n|-heal|p1a: Mangle (FNAF)|59\/100|[silent]\n|upkeep\n|turn|16\n|\n|t:|1698540439\n|move|p1a: Mangle (FNAF)|Protect|p1a: Mangle (FNAF)\n|-singleturn|p1a: Mangle (FNAF)|Protect\n|move|p2a: Goodra|Fire Blast|p1a: Mangle (FNAF)\n|-activate|p1a: Mangle (FNAF)|move: Protect\n|\n|-heal|p1a: Mangle (FNAF)|65\/100|[from] item: Leftovers\n|-damage|p2a: Goodra|26\/100|[from] Leech Seed|[of] p1a: Mangle (FNAF)\n|-heal|p1a: Mangle (FNAF)|75\/100|[silent]\n|upkeep\n|turn|17\n|\n|t:|1698540448\n|move|p1a: Mangle (FNAF)|Substitute|p1a: Mangle (FNAF)\n|-start|p1a: Mangle (FNAF)|Substitute\n|-damage|p1a: Mangle (FNAF)|50\/100\n|move|p2a: Goodra|Fire Blast|p1a: Mangle (FNAF)\n|-supereffective|p1a: Mangle (FNAF)\n|-end|p1a: Mangle (FNAF)|Substitute\n|\n|-heal|p1a: Mangle (FNAF)|56\/100|[from] item: Leftovers\n|-damage|p2a: Goodra|14\/100|[from] Leech Seed|[of] p1a: Mangle (FNAF)\n|-heal|p1a: Mangle (FNAF)|66\/100|[silent]\n|upkeep\n|turn|18\n|\n|t:|1698540462\n|move|p1a: Mangle (FNAF)|Protect|p1a: Mangle (FNAF)\n|-singleturn|p1a: Mangle (FNAF)|Protect\n|move|p2a: Goodra|Fire Blast|p1a: Mangle (FNAF)\n|-activate|p1a: Mangle (FNAF)|move: Protect\n|\n|-heal|p1a: Mangle (FNAF)|72\/100|[from] item: Leftovers\n|-damage|p2a: Goodra|2\/100|[from] Leech Seed|[of] p1a: Mangle (FNAF)\n|-heal|p1a: Mangle (FNAF)|82\/100|[silent]\n|upkeep\n|turn|19\n|\n|t:|1698540470\n|move|p1a: Mangle (FNAF)|Knock Off|p2a: Goodra\n|-damage|p2a: Goodra|0 fnt\n|faint|p2a: Goodra\n|\n|-heal|p1a: Mangle (FNAF)|88\/100|[from] item: Leftovers\n|upkeep\n|inactive|Genestealer-harr has 270 seconds left.\n|\n|t:|1698540502\n|switch|p2a: Sneasler|Sneasler, F|91\/100\n|turn|20\n|\n|t:|1698540508\n|move|p2a: Sneasler|Fake Out|p1a: Mangle (FNAF)\n|-enditem|p2a: Sneasler|Normal Gem|[from] gem\n|-damage|p1a: Mangle (FNAF)|76\/100\n|cant|p1a: Mangle (FNAF)|flinch\n|\n|-heal|p1a: Mangle (FNAF)|82\/100|[from] item: Leftovers\n|upkeep\n|turn|21\n|\n|t:|1698540513\n|move|p2a: Sneasler|Close Combat|p1a: Mangle (FNAF)\n|-supereffective|p1a: Mangle (FNAF)\n|-crit|p1a: Mangle (FNAF)\n|-damage|p1a: Mangle (FNAF)|0 fnt\n|-unboost|p2a: Sneasler|def|1\n|-unboost|p2a: Sneasler|spd|1\n|faint|p1a: Mangle (FNAF)\n|\n|upkeep\n|\n|t:|1698540519\n|switch|p1a: sheIsSuchABadBi-|Sneasler, F, shiny|100\/100\n|turn|22\n|\n|t:|1698540525\n|-terastallize|p1a: sheIsSuchABadBi-|Fighting\n|move|p2a: Sneasler|Acrobatics|p1a: sheIsSuchABadBi-\n|-supereffective|p1a: sheIsSuchABadBi-\n|-damage|p1a: sheIsSuchABadBi-|0 fnt\n|faint|p1a: sheIsSuchABadBi-\n|\n|upkeep\n|\n|t:|1698540538\n|switch|p1a: Cupcake (FNAF)|Scream Tail|100\/100\n|turn|23\n|\n|t:|1698540548\n|move|p2a: Sneasler|Dire Claw|p1a: Cupcake (FNAF)\n|-supereffective|p1a: Cupcake (FNAF)\n|-damage|p1a: Cupcake (FNAF)|48\/100\n|move|p1a: Cupcake (FNAF)|Wish|p1a: Cupcake (FNAF)\n|\n|-heal|p1a: Cupcake (FNAF)|54\/100|[from] item: Leftovers\n|upkeep\n|turn|24\n|\n|t:|1698540555\n|-end|p1a: Cupcake (FNAF)|Protosynthesis|[silent]\n|switch|p1a: Purple Guy (FNAF)|Arceus-Poison|54\/100\n|move|p2a: Sneasler|Dire Claw|p1a: Purple Guy (FNAF)\n|-resisted|p1a: Purple Guy (FNAF)\n|-damage|p1a: Purple Guy (FNAF)|42\/100\n|-status|p1a: Purple Guy (FNAF)|par\n|\n|-heal|p1a: Purple Guy (FNAF)|91\/100 par|[from] move: Wish|[wisher] Cupcake (FNAF)\n|upkeep\n|turn|25\n|\n|t:|1698540572\n|move|p2a: Sneasler|Acrobatics|p1a: Purple Guy (FNAF)\n|-crit|p1a: Purple Guy (FNAF)\n|-damage|p1a: Purple Guy (FNAF)|59\/100 par\n|move|p1a: Purple Guy (FNAF)|Will-O-Wisp|p2a: Sneasler\n|-status|p2a: Sneasler|brn\n|\n|-damage|p2a: Sneasler|85\/100 brn|[from] brn\n|upkeep\n|turn|26\n|\n|t:|1698540584\n|switch|p2a: Manaphy|Manaphy, tera:Ground|71\/100\n|move|p1a: Purple Guy (FNAF)|Recover|p1a: Purple Guy (FNAF)\n|-heal|p1a: Purple Guy (FNAF)|100\/100 par\n|\n|upkeep\n|turn|27\n|\n|t:|1698540598\n|switch|p1a: Freddy (FNAF)|Ursaluna-Bloodmoon, M|100\/100\n|move|p2a: Manaphy|Tera Blast|p1a: Freddy (FNAF)|[anim] Tera Blast Ground\n|-damage|p1a: Freddy (FNAF)|73\/100\n|\n|-heal|p1a: Freddy (FNAF)|79\/100|[from] item: Leftovers\n|upkeep\n|turn|28\n|\n|t:|1698540607\n|switch|p2a: Sneasler|Sneasler, F|85\/100 brn\n|move|p1a: Freddy (FNAF)|Calm Mind|p1a: Freddy (FNAF)\n|-boost|p1a: Freddy (FNAF)|spa|1\n|-boost|p1a: Freddy (FNAF)|spd|1\n|\n|-heal|p1a: Freddy (FNAF)|85\/100|[from] item: Leftovers\n|-damage|p2a: Sneasler|79\/100 brn|[from] brn\n|upkeep\n|turn|29\n|\n|t:|1698540624\n|move|p2a: Sneasler|Close Combat|p1a: Freddy (FNAF)\n|-supereffective|p1a: Freddy (FNAF)\n|-damage|p1a: Freddy (FNAF)|39\/100\n|-unboost|p2a: Sneasler|def|1\n|-unboost|p2a: Sneasler|spd|1\n|move|p1a: Freddy (FNAF)|Hyper Voice|p2a: Sneasler\n|-damage|p2a: Sneasler|0 fnt\n|faint|p2a: Sneasler\n|\n|-heal|p1a: Freddy (FNAF)|45\/100|[from] item: Leftovers\n|upkeep\n|\n|t:|1698540644\n|switch|p2a: Manaphy|Manaphy, tera:Ground|71\/100\n|turn|30\n|\n|t:|1698540650\n|move|p2a: Manaphy|Scald|p1a: Freddy (FNAF)\n|-supereffective|p1a: Freddy (FNAF)\n|-damage|p1a: Freddy (FNAF)|3\/100\n|-status|p1a: Freddy (FNAF)|brn\n|move|p1a: Freddy (FNAF)|Moonlight|p1a: Freddy (FNAF)\n|-heal|p1a: Freddy (FNAF)|53\/100 brn\n|\n|-heal|p1a: Freddy (FNAF)|59\/100 brn|[from] item: Leftovers\n|-damage|p1a: Freddy (FNAF)|53\/100 brn|[from] brn\n|upkeep\n|turn|31\n|\n|t:|1698540662\n|move|p2a: Manaphy|Scald|p1a: Freddy (FNAF)\n|-supereffective|p1a: Freddy (FNAF)\n|-damage|p1a: Freddy (FNAF)|18\/100 brn\n|move|p1a: Freddy (FNAF)|Moonlight|p1a: Freddy (FNAF)\n|-heal|p1a: Freddy (FNAF)|68\/100 brn\n|\n|-heal|p1a: Freddy (FNAF)|74\/100 brn|[from] item: Leftovers\n|-damage|p1a: Freddy (FNAF)|68\/100 brn|[from] brn\n|upkeep\n|turn|32\n|\n|t:|1698540675\n|switch|p2a: Breloom|Breloom, F|100\/100\n|move|p1a: Freddy (FNAF)|Calm Mind|p1a: Freddy (FNAF)\n|-boost|p1a: Freddy (FNAF)|spa|1\n|-boost|p1a: Freddy (FNAF)|spd|1\n|\n|-heal|p1a: Freddy (FNAF)|74\/100 brn|[from] item: Leftovers\n|-damage|p1a: Freddy (FNAF)|68\/100 brn|[from] brn\n|upkeep\n|turn|33\n|\n|t:|1698540688\n|switch|p1a: Bonnie (FNAF)|Magearna|100\/100\n|move|p2a: Breloom|Bullet Seed|p1a: Bonnie (FNAF)\n|-resisted|p1a: Bonnie (FNAF)\n|-crit|p1a: Bonnie (FNAF)\n|-damage|p1a: Bonnie (FNAF)|86\/100\n|-resisted|p1a: Bonnie (FNAF)\n|-damage|p1a: Bonnie (FNAF)|77\/100\n|-resisted|p1a: Bonnie (FNAF)\n|-damage|p1a: Bonnie (FNAF)|69\/100\n|-resisted|p1a: Bonnie (FNAF)\n|-damage|p1a: Bonnie (FNAF)|60\/100\n|-resisted|p1a: Bonnie (FNAF)\n|-damage|p1a: Bonnie (FNAF)|50\/100\n|-hitcount|p1a: Bonnie (FNAF)|5\n|\n|-heal|p1a: Bonnie (FNAF)|57\/100|[from] item: Leftovers\n|upkeep\n|turn|34\n|\n|t:|1698540703\n|move|p2a: Breloom|Spore|p1a: Bonnie (FNAF)\n|-status|p1a: Bonnie (FNAF)|slp|[from] move: Spore\n|cant|p1a: Bonnie (FNAF)|slp\n|\n|-heal|p1a: Bonnie (FNAF)|63\/100 slp|[from] item: Leftovers\n|upkeep\n|turn|35\n|\n|t:|1698540708\n|switch|p1a: Purple Guy (FNAF)|Arceus-Poison|100\/100 par\n|move|p2a: Breloom|Bullet Seed|p1a: Purple Guy (FNAF)\n|-resisted|p1a: Purple Guy (FNAF)\n|-damage|p1a: Purple Guy (FNAF)|94\/100 par\n|-resisted|p1a: Purple Guy (FNAF)\n|-damage|p1a: Purple Guy (FNAF)|89\/100 par\n|-resisted|p1a: Purple Guy (FNAF)\n|-damage|p1a: Purple Guy (FNAF)|83\/100 par\n|-hitcount|p1a: Purple Guy (FNAF)|3\n|\n|upkeep\n|turn|36\n|\n|t:|1698540718\n|move|p2a: Breloom|Rock Tomb|p1a: Purple Guy (FNAF)\n|-damage|p1a: Purple Guy (FNAF)|66\/100 par\n|-unboost|p1a: Purple Guy (FNAF)|spe|1\n|cant|p1a: Purple Guy (FNAF)|par\n|\n|upkeep\n|turn|37\n|\n|t:|1698540725\n|move|p2a: Breloom|Rock Tomb|p1a: Purple Guy (FNAF)\n|-damage|p1a: Purple Guy (FNAF)|49\/100 par\n|-unboost|p1a: Purple Guy (FNAF)|spe|1\n|move|p1a: Purple Guy (FNAF)|Will-O-Wisp|p2a: Breloom\n|-status|p2a: Breloom|brn\n|\n|-damage|p2a: Breloom|94\/100 brn|[from] brn\n|upkeep\n|turn|38\n|\n|t:|1698540731\n|move|p2a: Breloom|Rock Tomb|p1a: Purple Guy (FNAF)\n|-damage|p1a: Purple Guy (FNAF)|39\/100 par\n|-unboost|p1a: Purple Guy (FNAF)|spe|1\n|move|p1a: Purple Guy (FNAF)|Recover|p1a: Purple Guy (FNAF)\n|-heal|p1a: Purple Guy (FNAF)|89\/100 par\n|\n|-damage|p2a: Breloom|88\/100 brn|[from] brn\n|upkeep\n|turn|39\n|\n|t:|1698540742\n|switch|p2a: Arceus|Arceus-Fire|100\/100\n|cant|p1a: Purple Guy (FNAF)|par\n|\n|upkeep\n|turn|40\n|\n|t:|1698540747\n|move|p2a: Arceus|Calm Mind|p2a: Arceus\n|-boost|p2a: Arceus|spa|1\n|-boost|p2a: Arceus|spd|1\n|move|p1a: Purple Guy (FNAF)|Gunk Shot|p2a: Arceus\n|-damage|p2a: Arceus|60\/100\n|\n|upkeep\n|turn|41\n|\n|t:|1698540753\n|move|p2a: Arceus|Calm Mind|p2a: Arceus\n|-boost|p2a: Arceus|spa|1\n|-boost|p2a: Arceus|spd|1\n|move|p1a: Purple Guy (FNAF)|Gunk Shot|p2a: Arceus\n|-damage|p2a: Arceus|16\/100\n|\n|upkeep\n|turn|42\n|\n|t:|1698540763\n|move|p2a: Arceus|Judgment|p1a: Purple Guy (FNAF)\n|-damage|p1a: Purple Guy (FNAF)|13\/100 par\n|move|p1a: Purple Guy (FNAF)|Gunk Shot|p2a: Arceus\n|-damage|p2a: Arceus|0 fnt\n|faint|p2a: Arceus\n|\n|upkeep\n|\n|t:|1698540774\n|switch|p2a: Breloom|Breloom, F|88\/100 brn\n|turn|43\n|\n|t:|1698540783\n|move|p2a: Breloom|Rock Tomb|p1a: Purple Guy (FNAF)\n|-damage|p1a: Purple Guy (FNAF)|4\/100 par\n|-unboost|p1a: Purple Guy (FNAF)|spe|1\n|move|p1a: Purple Guy (FNAF)|Recover|p1a: Purple Guy (FNAF)\n|-heal|p1a: Purple Guy (FNAF)|54\/100 par\n|\n|-damage|p2a: Breloom|82\/100 brn|[from] brn\n|upkeep\n|turn|44\n|\n|t:|1698540795\n|switch|p2a: Manaphy|Manaphy, tera:Ground|71\/100\n|move|p1a: Purple Guy (FNAF)|Recover|p1a: Purple Guy (FNAF)\n|-heal|p1a: Purple Guy (FNAF)|100\/100 par\n|\n|upkeep\n|turn|45\n|\n|t:|1698540802\n|move|p2a: Manaphy|Tera Blast|p1a: Purple Guy (FNAF)|[anim] Tera Blast Ground\n|-supereffective|p1a: Purple Guy (FNAF)\n|-damage|p1a: Purple Guy (FNAF)|55\/100 par\n|move|p1a: Purple Guy (FNAF)|Gunk Shot|p2a: Manaphy|[miss]\n|-miss|p1a: Purple Guy (FNAF)|p2a: Manaphy\n|\n|upkeep\n|turn|46\n|\n|t:|1698540815\n|switch|p1a: Cupcake (FNAF)|Scream Tail|54\/100\n|move|p2a: Manaphy|Tera Blast|p1a: Cupcake (FNAF)|[anim] Tera Blast Ground\n|-damage|p1a: Cupcake (FNAF)|30\/100\n|\n|-heal|p1a: Cupcake (FNAF)|36\/100|[from] item: Leftovers\n|upkeep\n|turn|47\n|\n|t:|1698540823\n|move|p2a: Manaphy|Tera Blast|p1a: Cupcake (FNAF)|[anim] Tera Blast Ground\n|-damage|p1a: Cupcake (FNAF)|14\/100\n|move|p1a: Cupcake (FNAF)|Wish|p1a: Cupcake (FNAF)\n|\n|-heal|p1a: Cupcake (FNAF)|20\/100|[from] item: Leftovers\n|upkeep\n|turn|48\n|\n|t:|1698540828\n|move|p1a: Cupcake (FNAF)|Protect|p1a: Cupcake (FNAF)\n|-singleturn|p1a: Cupcake (FNAF)|Protect\n|move|p2a: Manaphy|Tera Blast|p1a: Cupcake (FNAF)|[anim] Tera Blast Ground\n|-activate|p1a: Cupcake (FNAF)|move: Protect\n|\n|-heal|p1a: Cupcake (FNAF)|70\/100|[from] move: Wish|[wisher] Cupcake (FNAF)\n|-heal|p1a: Cupcake (FNAF)|76\/100|[from] item: Leftovers\n|upkeep\n|turn|49\n|\n|t:|1698540840\n|switch|p2a: Breloom|Breloom, F|82\/100 brn\n|move|p1a: Cupcake (FNAF)|Wish|p1a: Cupcake (FNAF)\n|\n|-heal|p1a: Cupcake (FNAF)|83\/100|[from] item: Leftovers\n|-damage|p2a: Breloom|76\/100 brn|[from] brn\n|upkeep\n|turn|50\n|\n|t:|1698540846\n|move|p1a: Cupcake (FNAF)|Dazzling Gleam|p2a: Breloom\n|-supereffective|p2a: Breloom\n|-damage|p2a: Breloom|5\/100 brn\n|move|p2a: Breloom|Rock Tomb|p1a: Cupcake (FNAF)\n|-damage|p1a: Cupcake (FNAF)|73\/100\n|-unboost|p1a: Cupcake (FNAF)|spe|1\n|\n|-heal|p1a: Cupcake (FNAF)|100\/100|[from] move: Wish|[wisher] Cupcake (FNAF)\n|-damage|p2a: Breloom|0 fnt|[from] brn\n|faint|p2a: Breloom\n|upkeep\n|\n|t:|1698540854\n|switch|p2a: Manaphy|Manaphy, tera:Ground|71\/100\n|turn|51\n|\n|t:|1698540860\n|move|p2a: Manaphy|Scald|p1a: Cupcake (FNAF)\n|-damage|p1a: Cupcake (FNAF)|75\/100\n|move|p1a: Cupcake (FNAF)|Dazzling Gleam|p2a: Manaphy\n|-damage|p2a: Manaphy|49\/100\n|\n|-heal|p1a: Cupcake (FNAF)|82\/100|[from] item: Leftovers\n|upkeep\n|turn|52\n|\n|t:|1698540865\n|move|p2a: Manaphy|Scald|p1a: Cupcake (FNAF)\n|-damage|p1a: Cupcake (FNAF)|57\/100\n|move|p1a: Cupcake (FNAF)|Dazzling Gleam|p2a: Manaphy\n|-damage|p2a: Manaphy|29\/100\n|\n|-heal|p1a: Cupcake (FNAF)|64\/100|[from] item: Leftovers\n|upkeep\n|turn|53\n|\n|t:|1698540869\n|move|p2a: Manaphy|Scald|p1a: Cupcake (FNAF)\n|-damage|p1a: Cupcake (FNAF)|37\/100\n|move|p1a: Cupcake (FNAF)|Dazzling Gleam|p2a: Manaphy\n|-damage|p2a: Manaphy|10\/100\n|\n|-heal|p1a: Cupcake (FNAF)|43\/100|[from] item: Leftovers\n|upkeep\n|turn|54\n|\n|t:|1698540876\n|move|p2a: Manaphy|Scald|p1a: Cupcake (FNAF)\n|-damage|p1a: Cupcake (FNAF)|19\/100\n|-status|p1a: Cupcake (FNAF)|brn\n|move|p1a: Cupcake (FNAF)|Dazzling Gleam|p2a: Manaphy\n|-damage|p2a: Manaphy|0 fnt\n|faint|p2a: Manaphy\n|\n|win|1P1o1s1h1e1\n|l|\u2606Genestealer-harr\n","uploadtime":1698540889,"views":15,"p1id":"1p1o1s1h1e1","p2id":"genestealerharr","formatid":"gen9ubers","rating":0,"private":0,"password":""}