{"id":"gen9ubers-1998077805","p1":"happysh","p2":"dreepy airlines","format":"[Gen 9] Ubers","log":"|j|\u2606happysh\n|j|\u2606dreepy airlines\n|inactive|Battle timer is ON: inactive players will automatically lose when time's up.\n|t:|1700887718\n|gametype|singles\n|player|p1|happysh|lucas|\n|player|p2|dreepy airlines|waitress-gen6|\n|teamsize|p1|6\n|teamsize|p2|6\n|gen|9\n|tier|[Gen 9] Ubers\n|rated|Tournament battle\n|rule|Sleep Clause Mod: Limit one foe put to sleep\n|rule|Species Clause: Limit one of each Pok\u00e9mon\n|rule|OHKO Clause: OHKO moves are banned\n|rule|Evasion Items Clause: Evasion items are banned\n|rule|Evasion Moves Clause: Evasion moves are banned\n|rule|Endless Battle Clause: Forcing endless battles is banned\n|rule|HP Percentage Mod: HP is shown in percentages\n|clearpoke\n|poke|p1|Walking Wake|\n|poke|p1|Koraidon|\n|poke|p1|Flutter Mane|\n|poke|p1|Iron Hands|\n|poke|p1|Iron Moth|\n|poke|p1|Miraidon|\n|poke|p2|Koraidon|\n|poke|p2|Flutter Mane|\n|poke|p2|Iron Treads|\n|poke|p2|Iron Valiant|\n|poke|p2|Miraidon|\n|poke|p2|Scream Tail|\n|teampreview\n|j|*Lady Monita \u2746\n|inactive|happysh also wants the timer to be on.\n|inactive|dreepy airlines also wants the timer to be on.\n|\n|t:|1700887738\n|start\n|switch|p1a: livepouncereaction|Iron Moth|100\/100\n|switch|p2a: Iron Treads|Iron Treads, shiny|100\/100\n|turn|1\n|\n|t:|1700887758\n|move|p1a: livepouncereaction|Fiery Dance|p2a: Iron Treads\n|-supereffective|p2a: Iron Treads\n|-damage|p2a: Iron Treads|29\/100\n|-boost|p1a: livepouncereaction|spa|1\n|move|p2a: Iron Treads|Stealth Rock|p1a: livepouncereaction\n|-sidestart|p1: happysh|move: Stealth Rock\n|\n|-heal|p2a: Iron Treads|35\/100|[from] item: Leftovers\n|upkeep\n|turn|2\n|\n|t:|1700887779\n|-end|p2a: Iron Treads|Quark Drive|[silent]\n|switch|p2a: Miraidon|Miraidon|100\/100\n|-fieldstart|move: Electric Terrain|[from] ability: Hadron Engine|[of] p2a: Miraidon\n|-activate|p1a: livepouncereaction|ability: Quark Drive\n|-start|p1a: livepouncereaction|quarkdrivespa\n|move|p1a: livepouncereaction|Fiery Dance|p2a: Miraidon\n|-resisted|p2a: Miraidon\n|-damage|p2a: Miraidon|68\/100\n|\n|-heal|p2a: Miraidon|74\/100|[from] item: Leftovers\n|upkeep\n|turn|3\n|\n|t:|1700887783\n|move|p1a: livepouncereaction|Sludge Wave|p2a: Miraidon\n|-damage|p2a: Miraidon|0 fnt\n|faint|p2a: Miraidon\n|\n|upkeep\n|\n|t:|1700887800\n|switch|p2a: Flutter Mane|Flutter Mane, shiny|100\/100\n|turn|4\n|\n|t:|1700887815\n|move|p2a: Flutter Mane|Psyshock|p1a: livepouncereaction\n|-supereffective|p1a: livepouncereaction\n|-damage|p1a: livepouncereaction|0 fnt\n|faint|p1a: livepouncereaction\n|-end|p1a: livepouncereaction|Quark Drive|[silent]\n|\n|upkeep\n|\n|t:|1700887825\n|switch|p1a: Iron Hands|Iron Hands|100\/100\n|-damage|p1a: Iron Hands|94\/100|[from] Stealth Rock\n|-activate|p1a: Iron Hands|ability: Quark Drive\n|-start|p1a: Iron Hands|quarkdriveatk\n|turn|5\n|j| Bunnysai\n|\n|t:|1700887842\n|-end|p2a: Flutter Mane|Protosynthesis|[silent]\n|switch|p2a: Iron Treads|Iron Treads, shiny|35\/100\n|-activate|p2a: Iron Treads|ability: Quark Drive\n|-start|p2a: Iron Treads|quarkdrivespd\n|move|p1a: Iron Hands|Thunder Punch|p2a: Iron Treads\n|-immune|p2a: Iron Treads\n|\n|-heal|p2a: Iron Treads|41\/100|[from] item: Leftovers\n|-heal|p1a: Iron Hands|100\/100|[from] item: Leftovers\n|upkeep\n|turn|6\n|\n|t:|1700887866\n|move|p2a: Iron Treads|Earthquake|p1a: Iron Hands\n|-supereffective|p1a: Iron Hands\n|-damage|p1a: Iron Hands|56\/100\n|move|p1a: Iron Hands|Thunder Punch|p2a: Iron Treads\n|-immune|p2a: Iron Treads\n|\n|-heal|p2a: Iron Treads|47\/100|[from] item: Leftovers\n|-heal|p1a: Iron Hands|62\/100|[from] item: Leftovers\n|-fieldend|move: Electric Terrain\n|-end|p2a: Iron Treads|Quark Drive\n|-end|p1a: Iron Hands|Quark Drive\n|upkeep\n|turn|7\n|\n|t:|1700887871\n|move|p2a: Iron Treads|Knock Off|p1a: Iron Hands\n|-resisted|p1a: Iron Hands\n|-damage|p1a: Iron Hands|55\/100\n|-enditem|p1a: Iron Hands|Leftovers|[from] move: Knock Off|[of] p2a: Iron Treads\n|move|p1a: Iron Hands|Drain Punch|p2a: Iron Treads\n|-supereffective|p2a: Iron Treads\n|-damage|p2a: Iron Treads|0 fnt\n|-heal|p1a: Iron Hands|72\/100|[from] drain|[of] p2a: Iron Treads\n|faint|p2a: Iron Treads\n|-end|p2a: Iron Treads|Quark Drive|[silent]\n|\n|upkeep\n|\n|t:|1700887879\n|switch|p2a: Flutter Mane|Flutter Mane, shiny|100\/100\n|turn|8\n|\n|t:|1700887882\n|move|p1a: Iron Hands|Protect|p1a: Iron Hands\n|-singleturn|p1a: Iron Hands|Protect\n|move|p2a: Flutter Mane|Moonblast|p1a: Iron Hands\n|-activate|p1a: Iron Hands|move: Protect\n|\n|upkeep\n|turn|9\n|\n|t:|1700887886\n|move|p2a: Flutter Mane|Moonblast|p1a: Iron Hands\n|-supereffective|p1a: Iron Hands\n|-damage|p1a: Iron Hands|0 fnt\n|faint|p1a: Iron Hands\n|-end|p1a: Iron Hands|Quark Drive|[silent]\n|\n|upkeep\n|\n|t:|1700887896\n|switch|p1a: Miraidon|Miraidon|100\/100\n|-damage|p1a: Miraidon|88\/100|[from] Stealth Rock\n|-fieldstart|move: Electric Terrain|[from] ability: Hadron Engine|[of] p1a: Miraidon\n|turn|10\n|\n|t:|1700887901\n|-terastallize|p1a: Miraidon|Fairy\n|move|p2a: Flutter Mane|Moonblast|p1a: Miraidon\n|-damage|p1a: Miraidon|19\/100\n|move|p1a: Miraidon|Agility|p1a: Miraidon\n|-boost|p1a: Miraidon|spe|2\n|\n|-heal|p1a: Miraidon|25\/100|[from] item: Leftovers\n|upkeep\n|turn|11\n|\n|t:|1700887906\n|move|p1a: Miraidon|Electro Drift|p2a: Flutter Mane\n|-damage|p2a: Flutter Mane|0 fnt\n|faint|p2a: Flutter Mane\n|-end|p2a: Flutter Mane|Protosynthesis|[silent]\n|\n|-heal|p1a: Miraidon|31\/100|[from] item: Leftovers\n|upkeep\n|j| NWpopeye\n|c|\u2606dreepy airlines|that kills\n|c|\u2606dreepy airlines|craz\n|\n|t:|1700887921\n|switch|p2a: Koraidon|Koraidon|100\/100\n|-weather|SunnyDay|[from] ability: Orichalcum Pulse|[of] p2a: Koraidon\n|-activate|p2a: Koraidon|Orichalcum Pulse|[source]\n|turn|12\n|\n|t:|1700887930\n|-terastallize|p2a: Koraidon|Fire\n|move|p1a: Miraidon|Dazzling Gleam|p2a: Koraidon\n|-resisted|p2a: Koraidon\n|-damage|p2a: Koraidon|71\/100\n|move|p2a: Koraidon|Flame Charge|p1a: Miraidon\n|-damage|p1a: Miraidon|0 fnt\n|-boost|p2a: Koraidon|spe|1\n|faint|p1a: Miraidon\n|\n|-weather|SunnyDay|[upkeep]\n|-heal|p2a: Koraidon|78\/100|[from] item: Leftovers\n|upkeep\n|\n|t:|1700887934\n|switch|p1a: Walking Wake|Walking Wake|100\/100\n|-damage|p1a: Walking Wake|88\/100|[from] Stealth Rock\n|-activate|p1a: Walking Wake|ability: Protosynthesis\n|-start|p1a: Walking Wake|protosynthesisspe\n|turn|13\n|\n|t:|1700887938\n|move|p2a: Koraidon|Dragon Claw|p1a: Walking Wake\n|-supereffective|p1a: Walking Wake\n|-damage|p1a: Walking Wake|0 fnt\n|faint|p1a: Walking Wake\n|-end|p1a: Walking Wake|Protosynthesis|[silent]\n|\n|-weather|SunnyDay|[upkeep]\n|-heal|p2a: Koraidon|84\/100|[from] item: Leftovers\n|upkeep\n|\n|t:|1700887942\n|switch|p1a: Flutter Mane|Flutter Mane|100\/100\n|-damage|p1a: Flutter Mane|88\/100|[from] Stealth Rock\n|-activate|p1a: Flutter Mane|ability: Protosynthesis\n|-start|p1a: Flutter Mane|protosynthesisspe\n|turn|14\n|\n|t:|1700887948\n|move|p2a: Koraidon|Flame Charge|p1a: Flutter Mane\n|-damage|p1a: Flutter Mane|0 fnt\n|-boost|p2a: Koraidon|spe|1\n|faint|p1a: Flutter Mane\n|-end|p1a: Flutter Mane|Protosynthesis|[silent]\n|\n|-weather|SunnyDay|[upkeep]\n|-heal|p2a: Koraidon|90\/100|[from] item: Leftovers\n|-fieldend|move: Electric Terrain\n|upkeep\n|\n|t:|1700887951\n|switch|p1a: Koraidon|Koraidon|100\/100\n|-damage|p1a: Koraidon|94\/100|[from] Stealth Rock\n|-activate|p1a: Koraidon|ability: Orichalcum Pulse\n|turn|15\n|c|\u2606happysh|gg\n|c|\u2606dreepy airlines|gg\n|\n|t:|1700887958\n|move|p2a: Koraidon|Dragon Claw|p1a: Koraidon\n|-supereffective|p1a: Koraidon\n|-crit|p1a: Koraidon\n|-damage|p1a: Koraidon|0 fnt\n|faint|p1a: Koraidon\n|\n|win|dreepy airlines\n|n|\u2606happysh|happysh\n|n|\u2606dreepy airlines|dreepyairlines\n|n|*Lady Monita \u2746|ladymonita\n|n| Bunnysai|bunnysai\n|n| NWpopeye|nwpopeye\n","uploadtime":1700887959,"views":1,"p1id":"happysh","p2id":"dreepyairlines","formatid":"gen9ubers","rating":0,"private":0,"password":""}