{"id":"gen9ubers-1998214476","p1":"marvin1","p2":"Lewkzor","format":"[Gen 9] Ubers","log":"|j|\u2606marvin1\n|j|\u2606Lewkzor\n|t:|1700913974\n|gametype|singles\n|player|p1|marvin1|rika|\n|player|p2|Lewkzor|170|\n|teamsize|p1|6\n|teamsize|p2|6\n|gen|9\n|tier|[Gen 9] Ubers\n|rule|Sleep Clause Mod: Limit one foe put to sleep\n|rule|Species Clause: Limit one of each Pok\u00e9mon\n|rule|OHKO Clause: OHKO moves are banned\n|rule|Evasion Items Clause: Evasion items are banned\n|rule|Evasion Moves Clause: Evasion moves are banned\n|rule|Endless Battle Clause: Forcing endless battles is banned\n|rule|HP Percentage Mod: HP is shown in percentages\n|clearpoke\n|poke|p1|Vaporeon, M|\n|poke|p1|Gliscor, F|\n|poke|p1|Sneasel, F|\n|poke|p1|Gallade, M|\n|poke|p1|Drifblim, M|\n|poke|p1|Kingambit, M|\n|poke|p2|Hippowdon, M|\n|poke|p2|Scizor, M|\n|poke|p2|Snorlax, M|\n|poke|p2|Sandaconda, M|\n|poke|p2|Probopass, M|\n|poke|p2|Magnezone|\n|teampreview\n|j| Nicneg\n|j| stealthr2\n|\n|t:|1700914066\n|start\n|switch|p1a: jungle|Gliscor, F|100\/100\n|switch|p2a: Hippowdon|Hippowdon, M|100\/100\n|-weather|Sandstorm|[from] ability: Sand Stream|[of] p2a: Hippowdon\n|turn|1\n|\n|t:|1700914097\n|move|p1a: jungle|Substitute|p1a: jungle\n|-start|p1a: jungle|Substitute\n|-damage|p1a: jungle|76\/100\n|move|p2a: Hippowdon|Stealth Rock|p1a: jungle\n|-sidestart|p1: marvin1|move: Stealth Rock\n|\n|-weather|Sandstorm|[upkeep]\n|-status|p1a: jungle|tox|[from] item: Toxic Orb\n|upkeep\n|turn|2\n|\n|t:|1700914123\n|switch|p2a: Sandaconda|Sandaconda, M|100\/100\n|move|p1a: jungle|Swords Dance|p1a: jungle\n|-boost|p1a: jungle|atk|2\n|\n|-weather|Sandstorm|[upkeep]\n|-heal|p1a: jungle|88\/100 tox|[from] ability: Poison Heal\n|upkeep\n|turn|3\n|\n|t:|1700914185\n|move|p1a: jungle|Swords Dance|p1a: jungle\n|-boost|p1a: jungle|atk|2\n|move|p2a: Sandaconda|Stone Edge|p1a: jungle\n|-activate|p1a: jungle|move: Substitute|[damage]\n|\n|-weather|Sandstorm|[upkeep]\n|-heal|p1a: jungle|99\/100 tox|[from] ability: Poison Heal\n|upkeep\n|turn|4\n|\n|t:|1700914211\n|move|p1a: jungle|Earthquake|p2a: Sandaconda\n|-damage|p2a: Sandaconda|8\/100\n|move|p2a: Sandaconda|Stone Edge|p1a: jungle\n|-end|p1a: jungle|Substitute\n|\n|-weather|Sandstorm|[upkeep]\n|-heal|p1a: jungle|100\/100 tox|[from] ability: Poison Heal\n|upkeep\n|turn|5\n|\n|t:|1700914236\n|switch|p2a: Probopass|Probopass, M|100\/100\n|-item|p2a: Probopass|Air Balloon\n|move|p1a: jungle|Substitute|p1a: jungle\n|-start|p1a: jungle|Substitute\n|-damage|p1a: jungle|76\/100 tox\n|\n|-weather|none\n|-heal|p1a: jungle|88\/100 tox|[from] ability: Poison Heal\n|upkeep\n|turn|6\n|\n|t:|1700914247\n|move|p1a: jungle|Facade|p2a: Probopass\n|-resisted|p2a: Probopass\n|-damage|p2a: Probopass|73\/100\n|-enditem|p2a: Probopass|Air Balloon\n|move|p2a: Probopass|Flash Cannon|p1a: jungle\n|-end|p1a: jungle|Substitute\n|\n|-heal|p1a: jungle|99\/100 tox|[from] ability: Poison Heal\n|upkeep\n|turn|7\n|\n|t:|1700914263\n|move|p1a: jungle|Substitute|p1a: jungle\n|-start|p1a: jungle|Substitute\n|-damage|p1a: jungle|75\/100 tox\n|move|p2a: Probopass|Flash Cannon|p1a: jungle\n|-end|p1a: jungle|Substitute\n|\n|-heal|p1a: jungle|88\/100 tox|[from] ability: Poison Heal\n|upkeep\n|turn|8\n|\n|t:|1700914272\n|move|p1a: jungle|Earthquake|p2a: Probopass\n|-supereffective|p2a: Probopass\n|-damage|p2a: Probopass|0 fnt\n|faint|p2a: Probopass\n|\n|-heal|p1a: jungle|99\/100 tox|[from] ability: Poison Heal\n|upkeep\n|\n|t:|1700914297\n|switch|p2a: Scizor|Scizor, M|100\/100\n|turn|9\n|\n|t:|1700914328\n|move|p2a: Scizor|Bullet Punch|p1a: jungle\n|-damage|p1a: jungle|60\/100 tox\n|-damage|p2a: Scizor|91\/100|[from] item: Life Orb\n|move|p1a: jungle|Substitute|p1a: jungle\n|-start|p1a: jungle|Substitute\n|-damage|p1a: jungle|35\/100 tox\n|\n|-heal|p1a: jungle|48\/100 tox|[from] ability: Poison Heal\n|upkeep\n|turn|10\n|\n|t:|1700914338\n|move|p2a: Scizor|Bullet Punch|p1a: jungle\n|-end|p1a: jungle|Substitute\n|-damage|p2a: Scizor|81\/100|[from] item: Life Orb\n|move|p1a: jungle|Earthquake|p2a: Scizor\n|-damage|p2a: Scizor|0 fnt\n|faint|p2a: Scizor\n|\n|-heal|p1a: jungle|60\/100 tox|[from] ability: Poison Heal\n|upkeep\n|\n|t:|1700914357\n|switch|p2a: Magnezone|Magnezone|100\/100\n|turn|11\n|\n|t:|1700914366\n|move|p1a: jungle|Earthquake|p2a: Magnezone\n|-supereffective|p2a: Magnezone\n|-damage|p2a: Magnezone|0 fnt\n|faint|p2a: Magnezone\n|\n|-heal|p1a: jungle|72\/100 tox|[from] ability: Poison Heal\n|upkeep\n|\n|t:|1700914375\n|switch|p2a: Snorlax|Snorlax, M|100\/100\n|turn|12\n|\n|t:|1700914379\n|move|p1a: jungle|Substitute|p1a: jungle\n|-start|p1a: jungle|Substitute\n|-damage|p1a: jungle|47\/100 tox\n|move|p2a: Snorlax|Curse|p2a: Snorlax\n|-unboost|p2a: Snorlax|spe|1\n|-boost|p2a: Snorlax|atk|1\n|-boost|p2a: Snorlax|def|1\n|\n|-heal|p1a: jungle|60\/100 tox|[from] ability: Poison Heal\n|upkeep\n|turn|13\n|\n|t:|1700914392\n|move|p1a: jungle|Earthquake|p2a: Snorlax\n|-damage|p2a: Snorlax|34\/100\n|move|p2a: Snorlax|Curse|p2a: Snorlax\n|-unboost|p2a: Snorlax|spe|1\n|-boost|p2a: Snorlax|atk|1\n|-boost|p2a: Snorlax|def|1\n|\n|-heal|p2a: Snorlax|41\/100|[from] item: Leftovers\n|-heal|p1a: jungle|72\/100 tox|[from] ability: Poison Heal\n|upkeep\n|turn|14\n|\n|t:|1700914402\n|move|p1a: jungle|Earthquake|p2a: Snorlax\n|-damage|p2a: Snorlax|0 fnt\n|faint|p2a: Snorlax\n|\n|-heal|p1a: jungle|84\/100 tox|[from] ability: Poison Heal\n|upkeep\n|\n|t:|1700914410\n|switch|p2a: Sandaconda|Sandaconda, M|8\/100\n|turn|15\n|\n|t:|1700914415\n|move|p1a: jungle|Facade|p2a: Sandaconda\n|-damage|p2a: Sandaconda|0 fnt\n|-damage|p1a: jungle|67\/100 tox|[from] item: Rocky Helmet|[of] p2a: Sandaconda\n|faint|p2a: Sandaconda\n|\n|-heal|p1a: jungle|80\/100 tox|[from] ability: Poison Heal\n|upkeep\n|\n|t:|1700914423\n|switch|p2a: Hippowdon|Hippowdon, M|100\/100\n|-weather|Sandstorm|[from] ability: Sand Stream|[of] p2a: Hippowdon\n|turn|16\n|\n|t:|1700914428\n|move|p1a: jungle|Earthquake|p2a: Hippowdon\n|-damage|p2a: Hippowdon|23\/100\n|move|p2a: Hippowdon|Roar|p1a: jungle\n|drag|p1a: acacia|Drifblim, M|100\/100\n|\n|-weather|Sandstorm|[upkeep]\n|-damage|p1a: acacia|94\/100|[from] Sandstorm\n|-heal|p2a: Hippowdon|29\/100|[from] item: Leftovers\n|upkeep\n|turn|17\n|\n|t:|1700914441\n|move|p1a: acacia|Night Shade|p2a: Hippowdon\n|-damage|p2a: Hippowdon|5\/100\n|move|p2a: Hippowdon|Earthquake|p1a: acacia\n|-immune|p1a: acacia\n|\n|-weather|Sandstorm|[upkeep]\n|-damage|p1a: acacia|88\/100|[from] Sandstorm\n|-heal|p2a: Hippowdon|11\/100|[from] item: Leftovers\n|upkeep\n|turn|18\n|c| Nicneg|Probs shoulda tried that earlier!\n|\n|t:|1700914455\n|move|p1a: acacia|Night Shade|p2a: Hippowdon\n|-damage|p2a: Hippowdon|0 fnt\n|faint|p2a: Hippowdon\n|\n|win|marvin1\n|c|\u2606marvin1|gg\n","uploadtime":1700914462,"views":13,"p1id":"marvin1","p2id":"lewkzor","formatid":"gen9ubers","rating":0,"private":0,"password":""}