{"id":"gen9ubers-1968107931","p1":"Superison","p2":"Undead_Redhead","format":"[Gen 9] Ubers","log":"|j|\u2606Superison\n|j|\u2606Undead_Redhead\n|t:|1697385107\n|gametype|singles\n|player|p1|Superison|266|\n|player|p2|Undead_Redhead|flannery|\n|teamsize|p1|6\n|teamsize|p2|6\n|gen|9\n|tier|[Gen 9] Ubers\n|rule|Sleep Clause Mod: Limit one foe put to sleep\n|rule|Species Clause: Limit one of each Pok\u00e9mon\n|rule|OHKO Clause: OHKO moves are banned\n|rule|Evasion Items Clause: Evasion items are banned\n|rule|Evasion Moves Clause: Evasion moves are banned\n|rule|Endless Battle Clause: Forcing endless battles is banned\n|rule|HP Percentage Mod: HP is shown in percentages\n|clearpoke\n|poke|p1|Ursaluna-Bloodmoon, M|\n|poke|p1|Sneasler, M|\n|poke|p1|Rillaboom, F|\n|poke|p1|Samurott-Hisui, F|\n|poke|p1|Mew|\n|poke|p1|Cloyster, F|\n|poke|p2|Salamence, M|\n|poke|p2|Klawf, M|\n|poke|p2|Zapdos|\n|poke|p2|Dusclops, M|\n|poke|p2|Clefable, F|\n|poke|p2|Volcanion|\n|teampreview\n|c|\u2606Undead_Redhead|Good luck! :3\n|c|\u2606Superison|ty hf :D\n|\n|t:|1697385159\n|start\n|switch|p1a: Cloyster|Cloyster, F|100\/100\n|switch|p2a: Clefable|Clefable, F|100\/100\n|turn|1\n|\n|t:|1697385169\n|switch|p1a: Ursaluna|Ursaluna-Bloodmoon, M|100\/100\n|move|p2a: Clefable|Stealth Rock|p1a: Ursaluna\n|-sidestart|p1: Superison|move: Stealth Rock\n|\n|upkeep\n|turn|2\n|\n|t:|1697385177\n|move|p2a: Clefable|Knock Off|p1a: Ursaluna\n|-damage|p1a: Ursaluna|89\/100\n|-enditem|p1a: Ursaluna|Leftovers|[from] move: Knock Off|[of] p2a: Clefable\n|move|p1a: Ursaluna|Blood Moon|p2a: Clefable\n|-damage|p2a: Clefable|45\/100\n|\n|-heal|p2a: Clefable|51\/100|[from] item: Leftovers\n|upkeep\n|turn|3\n|\n|t:|1697385195\n|move|p2a: Clefable|Moonlight|p2a: Clefable\n|-heal|p2a: Clefable|100\/100\n|move|p1a: Ursaluna|Hyper Voice|p2a: Clefable\n|-damage|p2a: Clefable|64\/100\n|\n|-heal|p2a: Clefable|71\/100|[from] item: Leftovers\n|upkeep\n|turn|4\n|\n|t:|1697385204\n|move|p2a: Clefable|Moonblast|p1a: Ursaluna\n|-damage|p1a: Ursaluna|53\/100\n|move|p1a: Ursaluna|Blood Moon|p2a: Clefable\n|-damage|p2a: Clefable|16\/100\n|\n|-heal|p2a: Clefable|22\/100|[from] item: Leftovers\n|upkeep\n|turn|5\n|\n|t:|1697385215\n|move|p1a: Ursaluna|Hyper Voice|p2a: Clefable\n|-damage|p2a: Clefable|0 fnt\n|faint|p2a: Clefable\n|\n|upkeep\n|\n|t:|1697385237\n|switch|p2a: Zapdos|Zapdos|100\/100\n|turn|6\n|\n|t:|1697385243\n|move|p2a: Zapdos|Hurricane|p1a: Ursaluna\n|-damage|p1a: Ursaluna|0 fnt\n|faint|p1a: Ursaluna\n|\n|upkeep\n|\n|t:|1697385252\n|switch|p1a: Mew|Mew|100\/100\n|-damage|p1a: Mew|88\/100|[from] Stealth Rock\n|turn|7\n|j| SeishinVS\n|\n|t:|1697385265\n|move|p1a: Mew|Ice Beam|p2a: Zapdos\n|-supereffective|p2a: Zapdos\n|-damage|p2a: Zapdos|49\/100\n|move|p2a: Zapdos|Thunder Wave|p1a: Mew\n|-status|p1a: Mew|par\n|-activate|p1a: Mew|ability: Synchronize\n|-immune|p2a: Zapdos\n|\n|upkeep\n|turn|8\n|\n|t:|1697385276\n|move|p2a: Zapdos|Volt Switch|p1a: Mew\n|-damage|p1a: Mew|52\/100 par\n|\n|t:|1697385281\n|switch|p2a: Klawf|Klawf, M|100\/100|[from] Volt Switch\n|move|p1a: Mew|Ice Beam|p2a: Klawf\n|-damage|p2a: Klawf|56\/100\n|\n|upkeep\n|turn|9\n|c| SeishinVS|Gameing\n|\n|t:|1697385308\n|move|p1a: Mew|Ice Beam|p2a: Klawf\n|-damage|p2a: Klawf|14\/100\n|-ability|p2a: Klawf|Anger Shell|boost\n|-boost|p2a: Klawf|atk|1\n|-boost|p2a: Klawf|spa|1\n|-boost|p2a: Klawf|spe|1\n|-unboost|p2a: Klawf|def|1\n|-unboost|p2a: Klawf|spd|1\n|move|p2a: Klawf|Knock Off|p1a: Mew\n|-supereffective|p1a: Mew\n|-damage|p1a: Mew|0 fnt\n|-enditem|p1a: Mew|Choice Scarf|[from] move: Knock Off|[of] p2a: Klawf\n|faint|p1a: Mew\n|\n|upkeep\n|\n|t:|1697385321\n|switch|p1a: Rillaboom|Rillaboom, F|100\/100\n|-damage|p1a: Rillaboom|88\/100|[from] Stealth Rock\n|-fieldstart|move: Grassy Terrain|[from] ability: Grassy Surge|[of] p1a: Rillaboom\n|turn|10\n|\n|t:|1697385337\n|move|p1a: Rillaboom|Grassy Glide|p2a: Klawf\n|-supereffective|p2a: Klawf\n|-damage|p2a: Klawf|0 fnt\n|faint|p2a: Klawf\n|\n|-heal|p1a: Rillaboom|94\/100|[from] Grassy Terrain\n|upkeep\n|\n|t:|1697385352\n|switch|p2a: Volcanion|Volcanion|100\/100\n|turn|11\n|\n|t:|1697385361\n|move|p1a: Rillaboom|Grassy Glide|p2a: Volcanion\n|-damage|p2a: Volcanion|74\/100\n|move|p2a: Volcanion|Flamethrower|p1a: Rillaboom\n|-supereffective|p1a: Rillaboom\n|-damage|p1a: Rillaboom|0 fnt\n|faint|p1a: Rillaboom\n|\n|-heal|p2a: Volcanion|80\/100|[from] Grassy Terrain\n|upkeep\n|\n|t:|1697385377\n|switch|p1a: Samurott|Samurott-Hisui, F|100\/100\n|-damage|p1a: Samurott|88\/100|[from] Stealth Rock\n|turn|12\n|\n|t:|1697385400\n|move|p1a: Samurott|Knock Off|p2a: Volcanion\n|-damage|p2a: Volcanion|51\/100\n|-enditem|p2a: Volcanion|Assault Vest|[from] move: Knock Off|[of] p1a: Samurott\n|move|p2a: Volcanion|Earth Power|p1a: Samurott\n|-damage|p1a: Samurott|68\/100\n|\n|-heal|p1a: Samurott|74\/100|[from] Grassy Terrain\n|-heal|p2a: Volcanion|57\/100|[from] Grassy Terrain\n|upkeep\n|turn|13\n|\n|t:|1697385415\n|move|p1a: Samurott|Ceaseless Edge|p2a: Volcanion\n|-damage|p2a: Volcanion|30\/100\n|-sidestart|p2: Undead_Redhead|Spikes\n|move|p2a: Volcanion|Steam Eruption|p1a: Samurott\n|-resisted|p1a: Samurott\n|-damage|p1a: Samurott|56\/100\n|-status|p1a: Samurott|brn\n|\n|-heal|p1a: Samurott|62\/100 brn|[from] Grassy Terrain\n|-heal|p2a: Volcanion|36\/100|[from] Grassy Terrain\n|-damage|p1a: Samurott|56\/100 brn|[from] brn\n|upkeep\n|turn|14\n|\n|t:|1697385433\n|move|p1a: Samurott|Ceaseless Edge|p2a: Volcanion\n|-damage|p2a: Volcanion|21\/100\n|-sidestart|p2: Undead_Redhead|Spikes\n|move|p2a: Volcanion|Earth Power|p1a: Samurott\n|-damage|p1a: Samurott|36\/100 brn\n|\n|-heal|p1a: Samurott|42\/100 brn|[from] Grassy Terrain\n|-heal|p2a: Volcanion|27\/100|[from] Grassy Terrain\n|-damage|p1a: Samurott|36\/100 brn|[from] brn\n|-fieldend|move: Grassy Terrain\n|upkeep\n|turn|15\n|\n|t:|1697385445\n|move|p1a: Samurott|Ceaseless Edge|p2a: Volcanion\n|-damage|p2a: Volcanion|14\/100\n|-sidestart|p2: Undead_Redhead|Spikes\n|move|p2a: Volcanion|Earth Power|p1a: Samurott\n|-damage|p1a: Samurott|17\/100 brn\n|\n|-damage|p1a: Samurott|11\/100 brn|[from] brn\n|upkeep\n|turn|16\n|\n|t:|1697385458\n|move|p1a: Samurott|Ceaseless Edge|p2a: Volcanion\n|-damage|p2a: Volcanion|0 fnt\n|faint|p2a: Volcanion\n|\n|-damage|p1a: Samurott|4\/100 brn|[from] brn\n|upkeep\n|\n|t:|1697385471\n|switch|p2a: Dusclops|Dusclops, M|100\/100\n|-damage|p2a: Dusclops|75\/100|[from] Spikes\n|-ability|p2a: Dusclops|Pressure\n|turn|17\n|\n|t:|1697385479\n|move|p2a: Dusclops|Protect|p2a: Dusclops\n|-singleturn|p2a: Dusclops|Protect\n|move|p1a: Samurott|Knock Off|p2a: Dusclops\n|-activate|p2a: Dusclops|move: Protect\n|\n|-damage|p1a: Samurott|0 fnt|[from] brn\n|faint|p1a: Samurott\n|upkeep\n|\n|t:|1697385480\n|switch|p1a: Cloyster|Cloyster, F|100\/100\n|-damage|p1a: Cloyster|76\/100|[from] Stealth Rock\n|turn|18\n|\n|t:|1697385501\n|move|p1a: Cloyster|Shell Smash|p1a: Cloyster\n|-unboost|p1a: Cloyster|def|1\n|-unboost|p1a: Cloyster|spd|1\n|-boost|p1a: Cloyster|atk|2\n|-boost|p1a: Cloyster|spa|2\n|-boost|p1a: Cloyster|spe|2\n|move|p2a: Dusclops|Substitute|p2a: Dusclops\n|-start|p2a: Dusclops|Substitute\n|-damage|p2a: Dusclops|50\/100\n|\n|upkeep\n|turn|19\n|\n|t:|1697385511\n|move|p1a: Cloyster|Icicle Spear|p2a: Dusclops\n|-activate|p2a: Dusclops|move: Substitute|[damage]\n|-end|p2a: Dusclops|Substitute\n|-damage|p2a: Dusclops|36\/100\n|-damage|p2a: Dusclops|22\/100\n|-damage|p2a: Dusclops|6\/100\n|-hitcount|p2a: Dusclops|5\n|move|p2a: Dusclops|Pain Split|p1a: Cloyster\n|-sethp|p1a: Cloyster|42\/100|[from] move: Pain Split|[silent]\n|-sethp|p2a: Dusclops|35\/100|[from] move: Pain Split\n|\n|upkeep\n|turn|20\n|\n|t:|1697385527\n|move|p2a: Dusclops|Protect|p2a: Dusclops\n|-singleturn|p2a: Dusclops|Protect\n|move|p1a: Cloyster|Icicle Spear|p2a: Dusclops\n|-activate|p2a: Dusclops|move: Protect\n|\n|upkeep\n|turn|21\n|\n|t:|1697385564\n|move|p1a: Cloyster|Icicle Spear|p2a: Dusclops\n|-damage|p2a: Dusclops|21\/100\n|-damage|p2a: Dusclops|7\/100\n|-damage|p2a: Dusclops|0 fnt\n|faint|p2a: Dusclops\n|-hitcount|p2: Dusclops|3\n|\n|upkeep\n|\n|t:|1697385577\n|switch|p2a: Salamence|Salamence, M|100\/100\n|turn|22\n|\n|t:|1697385600\n|move|p1a: Cloyster|Icicle Spear|p2a: Salamence\n|-supereffective|p2a: Salamence\n|-enditem|p2a: Salamence|Focus Sash\n|-damage|p2a: Salamence|1\/100\n|-supereffective|p2a: Salamence\n|-damage|p2a: Salamence|0 fnt\n|faint|p2a: Salamence\n|-hitcount|p2: Salamence|2\n|\n|upkeep\n|\n|t:|1697385609\n|switch|p2a: Zapdos|Zapdos|49\/100\n|turn|23\n|\n|t:|1697385615\n|move|p1a: Cloyster|Icicle Spear|p2a: Zapdos\n|-supereffective|p2a: Zapdos\n|-damage|p2a: Zapdos|0 fnt\n|faint|p2a: Zapdos\n|-hitcount|p2: Zapdos|1\n|\n|win|Superison\n|c| SeishinVS|Are we gambleing?\n|c|\u2606Superison|ggs\n|c|\u2606Undead_Redhead|Gg :3\n|c|\u2606Superison|huh? D:\n|c| SeishinVS|Dice\n|c|\u2606Superison|:3\n|c|\u2606Superison|Skill link\n|c| SeishinVS|O right\n|c| SeishinVS|I forgot that was a ability\n|c|\u2606Undead_Redhead|Skill issue for me hehe\n|c|\u2606Superison|nah nah D:\n|c|\u2606Undead_Redhead|No no not in mean way, because skill link hehe\n|c|\u2606Superison|ah haha\n|c|\u2606Superison|it\n|c|\u2606Superison|has been fun :D\n|c|\u2606Undead_Redhead|Thank you <3\n|c|\u2606Superison|ty too <3\n|c| SeishinVS|Was a really good game\n|c|\u2606Superison|hf at work later\n|l| SeishinVS\n|c|\u2606Undead_Redhead|Do we need to do anything else?\n|c|\u2606Superison|i got link\n|c|\u2606Undead_Redhead|This is my first draft\n|c|\u2606Undead_Redhead|Okii :3\n|c|\u2606Superison|i hope to see more of ya :D\n|l|\u2606Undead_Redhead\n","uploadtime":1697385633,"views":40,"p1id":"superison","p2id":"undeadredhead","formatid":"gen9ubers","rating":0,"private":0,"password":""}