{"id":"gen9ubers-1984296401","p1":"TBalpha22","p2":"pkfire fx","format":"[Gen 9] Ubers","log":"|j|\u2606TBalpha22\n|j|\u2606pkfire fx\n|t:|1699240324\n|gametype|singles\n|player|p1|TBalpha22|juggler|\n|player|p2|pkfire fx|170|\n|teamsize|p1|6\n|teamsize|p2|6\n|gen|9\n|tier|[Gen 9] Ubers\n|rule|Sleep Clause Mod: Limit one foe put to sleep\n|rule|Species Clause: Limit one of each Pok\u00e9mon\n|rule|OHKO Clause: OHKO moves are banned\n|rule|Evasion Items Clause: Evasion items are banned\n|rule|Evasion Moves Clause: Evasion moves are banned\n|rule|Endless Battle Clause: Forcing endless battles is banned\n|rule|HP Percentage Mod: HP is shown in percentages\n|clearpoke\n|poke|p1|Volcarona, F|\n|poke|p1|Cyclizar, F|\n|poke|p1|Masquerain, M|\n|poke|p1|Arceus-Dark|\n|poke|p1|Blissey, F|\n|poke|p1|Gliscor, M|\n|poke|p2|Magearna|\n|poke|p2|Ursaluna, M|\n|poke|p2|Dialga|\n|poke|p2|Hoopa-Unbound|\n|poke|p2|Cinderace, M|\n|poke|p2|Cresselia, F|\n|teampreview\n|\n|t:|1699240339\n|start\n|switch|p1a: Masquerain|Masquerain, M|100\/100\n|switch|p2a: Cresselia|Cresselia, F|100\/100\n|-ability|p1a: Masquerain|Intimidate|boost\n|-unboost|p2a: Cresselia|atk|1\n|turn|1\n|\n|t:|1699240348\n|move|p1a: Masquerain|Bug Buzz|p2a: Cresselia\n|-supereffective|p2a: Cresselia\n|-damage|p2a: Cresselia|48\/100\n|move|p2a: Cresselia|Moonblast|p1a: Masquerain\n|-crit|p1a: Masquerain\n|-damage|p1a: Masquerain|62\/100\n|\n|-heal|p2a: Cresselia|54\/100|[from] item: Leftovers\n|upkeep\n|turn|2\n|\n|t:|1699240355\n|switch|p2a: Magearna|Magearna|100\/100\n|move|p1a: Masquerain|Bug Buzz|p2a: Magearna\n|-resisted|p2a: Magearna\n|-damage|p2a: Magearna|93\/100\n|\n|-heal|p2a: Magearna|99\/100|[from] item: Leftovers\n|upkeep\n|turn|3\n|\n|t:|1699240362\n|move|p1a: Masquerain|Sticky Web|p2a: Magearna\n|-sidestart|p2: pkfire fx|move: Sticky Web\n|move|p2a: Magearna|Trick Room|p2a: Magearna\n|-fieldstart|move: Trick Room|[of] p2a: Magearna\n|\n|-heal|p2a: Magearna|100\/100|[from] item: Leftovers\n|upkeep\n|turn|4\n|\n|t:|1699240370\n|switch|p2a: Ursaluna|Ursaluna, M|100\/100\n|-activate|p2a: Ursaluna|move: Sticky Web\n|-unboost|p2a: Ursaluna|spe|1\n|move|p1a: Masquerain|Hurricane|p2a: Ursaluna|[miss]\n|-miss|p1a: Masquerain|p2a: Ursaluna\n|\n|-status|p2a: Ursaluna|brn|[from] item: Flame Orb\n|upkeep\n|turn|5\n|\n|t:|1699240379\n|move|p2a: Ursaluna|Facade|p1a: Masquerain\n|-damage|p1a: Masquerain|0 fnt\n|faint|p1a: Masquerain\n|\n|-damage|p2a: Ursaluna|94\/100 brn|[from] brn\n|upkeep\n|\n|t:|1699240390\n|switch|p1a: Gliscor|Gliscor, M|100\/100\n|turn|6\n|\n|t:|1699240396\n|move|p2a: Ursaluna|Substitute|p2a: Ursaluna\n|-start|p2a: Ursaluna|Substitute\n|-damage|p2a: Ursaluna|70\/100 brn\n|move|p1a: Gliscor|Knock Off|p2a: Ursaluna\n|-activate|p2a: Ursaluna|move: Substitute|[damage]\n|\n|-damage|p2a: Ursaluna|64\/100 brn|[from] brn\n|-status|p1a: Gliscor|tox|[from] item: Toxic Orb\n|upkeep\n|turn|7\n|\n|t:|1699240403\n|move|p2a: Ursaluna|Facade|p1a: Gliscor\n|-crit|p1a: Gliscor\n|-damage|p1a: Gliscor|0 fnt\n|faint|p1a: Gliscor\n|\n|-damage|p2a: Ursaluna|58\/100 brn|[from] brn\n|-fieldend|move: Trick Room\n|upkeep\n|\n|t:|1699240413\n|switch|p1a: Arceus|Arceus-Dark|100\/100\n|turn|8\n|\n|t:|1699240418\n|move|p1a: Arceus|Earth Power|p2a: Ursaluna\n|-end|p2a: Ursaluna|Substitute\n|move|p2a: Ursaluna|Facade|p1a: Arceus\n|-damage|p1a: Arceus|1\/100\n|\n|-damage|p2a: Ursaluna|51\/100 brn|[from] brn\n|upkeep\n|turn|9\n|\n|t:|1699240428\n|switch|p2a: Hoopa|Hoopa-Unbound|100\/100\n|-activate|p2a: Hoopa|move: Sticky Web\n|-unboost|p2a: Hoopa|spe|1\n|move|p1a: Arceus|Judgment|p2a: Hoopa\n|-damage|p2a: Hoopa|71\/100\n|\n|upkeep\n|turn|10\n|\n|t:|1699240439\n|move|p1a: Arceus|Extreme Speed|p2a: Hoopa\n|-damage|p2a: Hoopa|32\/100\n|move|p2a: Hoopa|Drain Punch|p1a: Arceus\n|-supereffective|p1a: Arceus\n|-damage|p1a: Arceus|0 fnt\n|-heal|p2a: Hoopa|32\/100|[from] drain|[of] p1a: Arceus\n|faint|p1a: Arceus\n|\n|upkeep\n|\n|t:|1699240445\n|switch|p1a: Cyclizar|Cyclizar, F|100\/100\n|turn|11\n|\n|t:|1699240462\n|move|p1a: Cyclizar|U-turn|p2a: Hoopa\n|-supereffective|p2a: Hoopa\n|-damage|p2a: Hoopa|0 fnt\n|faint|p2a: Hoopa\n|\n|t:|1699240465\n|switch|p1a: Blissey|Blissey, F|100\/100|[from] U-turn\n|\n|upkeep\n|\n|t:|1699240479\n|switch|p2a: Cinderace|Cinderace, M|100\/100\n|turn|12\n|\n|t:|1699240487\n|move|p2a: Cinderace|Pyro Ball|p1a: Blissey\n|-damage|p1a: Blissey|49\/100\n|move|p1a: Blissey|Thunder Wave|p2a: Cinderace\n|-status|p2a: Cinderace|par\n|\n|-heal|p1a: Blissey|55\/100|[from] item: Leftovers\n|upkeep\n|turn|13\n|\n|t:|1699240495\n|move|p2a: Cinderace|Pyro Ball|p1a: Blissey\n|-damage|p1a: Blissey|3\/100\n|move|p1a: Blissey|Soft-Boiled|p1a: Blissey\n|-heal|p1a: Blissey|53\/100\n|\n|-heal|p1a: Blissey|59\/100|[from] item: Leftovers\n|upkeep\n|turn|14\n|\n|t:|1699240539\n|switch|p2a: Magearna|Magearna|100\/100\n|-activate|p2a: Magearna|move: Sticky Web\n|-unboost|p2a: Magearna|spe|1\n|switch|p1a: Cyclizar|Cyclizar, F|100\/100\n|\n|upkeep\n|turn|15\n|\n|t:|1699240575\n|move|p1a: Cyclizar|Shed Tail|p1a: Cyclizar\n|-start|p1a: Cyclizar|Substitute|[from] move: Shed Tail\n|-damage|p1a: Cyclizar|50\/100\n|\n|t:|1699240577\n|switch|p1a: Blissey|Blissey, F|59\/100|[from] Shed Tail\n|move|p2a: Magearna|Trick Room|p2a: Magearna\n|-fieldstart|move: Trick Room|[of] p2a: Magearna\n|\n|-heal|p1a: Blissey|65\/100|[from] item: Leftovers\n|upkeep\n|turn|16\n|\n|t:|1699240601\n|move|p2a: Magearna|Volt Switch|p1a: Blissey\n|-activate|p1a: Blissey|move: Substitute|[damage]\n|\n|t:|1699240613\n|switch|p2a: Cinderace|Cinderace, M|100\/100 par|[from] Volt Switch\n|move|p1a: Blissey|Seismic Toss|p2a: Cinderace\n|-damage|p2a: Cinderace|68\/100 par\n|\n|-heal|p1a: Blissey|71\/100|[from] item: Leftovers\n|upkeep\n|turn|17\n|\n|t:|1699240622\n|move|p1a: Blissey|Seismic Toss|p2a: Cinderace\n|-damage|p2a: Cinderace|35\/100 par\n|cant|p2a: Cinderace|par\n|\n|-heal|p1a: Blissey|77\/100|[from] item: Leftovers\n|upkeep\n|turn|18\n|\n|t:|1699240640\n|switch|p2a: Cresselia|Cresselia, F|54\/100\n|move|p1a: Blissey|Seismic Toss|p2a: Cresselia\n|-damage|p2a: Cresselia|31\/100\n|\n|-heal|p1a: Blissey|83\/100|[from] item: Leftovers\n|-heal|p2a: Cresselia|37\/100|[from] item: Leftovers\n|upkeep\n|turn|19\n|\n|t:|1699240651\n|move|p1a: Blissey|Seismic Toss|p2a: Cresselia\n|-damage|p2a: Cresselia|15\/100\n|move|p2a: Cresselia|Moonlight|p2a: Cresselia\n|-heal|p2a: Cresselia|65\/100\n|\n|-heal|p1a: Blissey|90\/100|[from] item: Leftovers\n|-heal|p2a: Cresselia|71\/100|[from] item: Leftovers\n|-fieldend|move: Trick Room\n|upkeep\n|turn|20\n|\n|t:|1699240656\n|move|p2a: Cresselia|Calm Mind|p2a: Cresselia\n|-boost|p2a: Cresselia|spa|1\n|-boost|p2a: Cresselia|spd|1\n|move|p1a: Blissey|Stealth Rock|p2a: Cresselia\n|-sidestart|p2: pkfire fx|move: Stealth Rock\n|\n|-heal|p2a: Cresselia|77\/100|[from] item: Leftovers\n|-heal|p1a: Blissey|96\/100|[from] item: Leftovers\n|upkeep\n|turn|21\n|\n|t:|1699240660\n|move|p2a: Cresselia|Calm Mind|p2a: Cresselia\n|-boost|p2a: Cresselia|spa|1\n|-boost|p2a: Cresselia|spd|1\n|move|p1a: Blissey|Thunder Wave|p2a: Cresselia\n|-status|p2a: Cresselia|par\n|\n|-heal|p1a: Blissey|100\/100|[from] item: Leftovers\n|-heal|p2a: Cresselia|83\/100 par|[from] item: Leftovers\n|upkeep\n|turn|22\n|\n|t:|1699240666\n|move|p1a: Blissey|Seismic Toss|p2a: Cresselia\n|-damage|p2a: Cresselia|61\/100 par\n|move|p2a: Cresselia|Calm Mind|p2a: Cresselia\n|-boost|p2a: Cresselia|spa|1\n|-boost|p2a: Cresselia|spd|1\n|\n|-heal|p2a: Cresselia|67\/100 par|[from] item: Leftovers\n|upkeep\n|turn|23\n|\n|t:|1699240696\n|move|p1a: Blissey|Seismic Toss|p2a: Cresselia\n|-damage|p2a: Cresselia|44\/100 par\n|move|p2a: Cresselia|Moonblast|p1a: Blissey\n|-end|p1a: Blissey|Substitute\n|\n|-heal|p2a: Cresselia|50\/100 par|[from] item: Leftovers\n|upkeep\n|turn|24\n|\n|t:|1699240704\n|move|p1a: Blissey|Seismic Toss|p2a: Cresselia\n|-damage|p2a: Cresselia|28\/100 par\n|move|p2a: Cresselia|Moonlight|p2a: Cresselia\n|-heal|p2a: Cresselia|78\/100 par\n|\n|-heal|p2a: Cresselia|84\/100 par|[from] item: Leftovers\n|upkeep\n|turn|25\n|\n|t:|1699240711\n|move|p1a: Blissey|Seismic Toss|p2a: Cresselia\n|-damage|p2a: Cresselia|61\/100 par\n|move|p2a: Cresselia|Moonblast|p1a: Blissey\n|-damage|p1a: Blissey|85\/100\n|\n|-heal|p1a: Blissey|91\/100|[from] item: Leftovers\n|-heal|p2a: Cresselia|67\/100 par|[from] item: Leftovers\n|upkeep\n|turn|26\n|\n|t:|1699240740\n|move|p1a: Blissey|Seismic Toss|p2a: Cresselia\n|-damage|p2a: Cresselia|45\/100 par\n|cant|p2a: Cresselia|par\n|\n|-heal|p1a: Blissey|98\/100|[from] item: Leftovers\n|-heal|p2a: Cresselia|51\/100 par|[from] item: Leftovers\n|upkeep\n|turn|27\n|\n|t:|1699240757\n|switch|p2a: Cinderace|Cinderace, M|35\/100 par\n|move|p1a: Blissey|Seismic Toss|p2a: Cinderace\n|-damage|p2a: Cinderace|2\/100 par\n|\n|-heal|p1a: Blissey|100\/100|[from] item: Leftovers\n|upkeep\n|turn|28\n|\n|t:|1699240767\n|move|p2a: Cinderace|Court Change|p2a: Cinderace\n|-start|p2a: Cinderace|typechange|Normal|[from] ability: Libero\n|-swapsideconditions\n|-activate|p2a: Cinderace|move: Court Change\n|move|p1a: Blissey|Seismic Toss|p2a: Cinderace\n|-damage|p2a: Cinderace|0 fnt\n|faint|p2a: Cinderace\n|\n|upkeep\n|\n|t:|1699240771\n|switch|p2a: Ursaluna|Ursaluna, M|51\/100 brn\n|turn|29\n|\n|t:|1699240797\n|move|p1a: Blissey|Stealth Rock|p2a: Ursaluna\n|-sidestart|p2: pkfire fx|move: Stealth Rock\n|move|p2a: Ursaluna|Facade|p1a: Blissey\n|-damage|p1a: Blissey|0 fnt\n|faint|p1a: Blissey\n|\n|-damage|p2a: Ursaluna|45\/100 brn|[from] brn\n|upkeep\n|\n|t:|1699240801\n|switch|p1a: Cyclizar|Cyclizar, F|84\/100\n|-activate|p1a: Cyclizar|move: Sticky Web\n|-unboost|p1a: Cyclizar|spe|1\n|-damage|p1a: Cyclizar|71\/100|[from] Stealth Rock\n|turn|30\n|\n|t:|1699240831\n|move|p1a: Cyclizar|Knock Off|p2a: Ursaluna\n|-damage|p2a: Ursaluna|30\/100 brn\n|-enditem|p2a: Ursaluna|Flame Orb|[from] move: Knock Off|[of] p1a: Cyclizar\n|move|p2a: Ursaluna|Facade|p1a: Cyclizar\n|-damage|p1a: Cyclizar|0 fnt\n|faint|p1a: Cyclizar\n|\n|-damage|p2a: Ursaluna|24\/100 brn|[from] brn\n|upkeep\n|\n|t:|1699240836\n|switch|p1a: Volcarona|Volcarona, F|100\/100\n|turn|31\n|\n|t:|1699240885\n|switch|p2a: Magearna|Magearna|100\/100\n|-damage|p2a: Magearna|94\/100|[from] Stealth Rock\n|move|p1a: Volcarona|Fiery Dance|p2a: Magearna\n|-supereffective|p2a: Magearna\n|-damage|p2a: Magearna|23\/100\n|\n|-heal|p2a: Magearna|29\/100|[from] item: Leftovers\n|upkeep\n|turn|32\n|\n|t:|1699240901\n|-terastallize|p2a: Magearna|Water\n|move|p1a: Volcarona|Fiery Dance|p2a: Magearna\n|-resisted|p2a: Magearna\n|-damage|p2a: Magearna|11\/100\n|move|p2a: Magearna|Trick Room|p2a: Magearna\n|-fieldstart|move: Trick Room|[of] p2a: Magearna\n|\n|-heal|p2a: Magearna|17\/100|[from] item: Leftovers\n|upkeep\n|turn|33\n|\n|t:|1699240939\n|move|p2a: Magearna|Encore|p1a: Volcarona\n|-start|p1a: Volcarona|Encore\n|move|p1a: Volcarona|Fiery Dance|p2a: Magearna\n|-resisted|p2a: Magearna\n|-damage|p2a: Magearna|1\/100\n|\n|-heal|p2a: Magearna|7\/100|[from] item: Leftovers\n|upkeep\n|turn|34\n|\n|t:|1699240949\n|move|p2a: Magearna|Fleur Cannon|p1a: Volcarona\n|-resisted|p1a: Volcarona\n|-damage|p1a: Volcarona|71\/100\n|-unboost|p2a: Magearna|spa|2\n|move|p1a: Volcarona|Fiery Dance|p2a: Magearna\n|-resisted|p2a: Magearna\n|-damage|p2a: Magearna|0 fnt\n|-boost|p1a: Volcarona|spa|1\n|faint|p2a: Magearna\n|\n|upkeep\n|\n|t:|1699240952\n|switch|p2a: Ursaluna|Ursaluna, M|24\/100 brn\n|-damage|p2a: Ursaluna|18\/100 brn|[from] Stealth Rock\n|turn|35\n|\n|t:|1699240960\n|-terastallize|p1a: Volcarona|Grass\n|move|p2a: Ursaluna|Facade|p1a: Volcarona\n|-damage|p1a: Volcarona|0 fnt\n|faint|p1a: Volcarona\n|\n|win|pkfire fx\n|c|\u2606TBalpha22|gg\n|c|\u2606pkfire fx|gg\n","uploadtime":1699240967,"views":21,"p1id":"tbalpha22","p2id":"pkfirefx","formatid":"gen9ubers","rating":0,"private":0,"password":""}