{"id":"gen9ubers-1995355628","p1":"red1998poke","p2":"00OO00OO00OO","format":"[Gen 9] Ubers","log":"|j|\u2606red1998poke\n|j|\u260600OO00OO00OO\n|t:|1700559002\n|gametype|singles\n|player|p1|red1998poke|101|1067\n|player|p2|00OO00OO00OO|emmet|1074\n|teamsize|p1|6\n|teamsize|p2|6\n|gen|9\n|tier|[Gen 9] Ubers\n|rated|\n|rule|Sleep Clause Mod: Limit one foe put to sleep\n|rule|Species Clause: Limit one of each Pok\u00e9mon\n|rule|OHKO Clause: OHKO moves are banned\n|rule|Evasion Items Clause: Evasion items are banned\n|rule|Evasion Moves Clause: Evasion moves are banned\n|rule|Endless Battle Clause: Forcing endless battles is banned\n|rule|HP Percentage Mod: HP is shown in percentages\n|clearpoke\n|poke|p1|Dunsparce, M|\n|poke|p1|Gliscor, M|\n|poke|p1|Glimmora, M|\n|poke|p1|Gyarados, M|\n|poke|p1|Enamorus-Therian, F|\n|poke|p1|Cinderace, M|\n|poke|p2|Arceus|\n|poke|p2|Annihilape, F|\n|poke|p2|Landorus, M|\n|poke|p2|Urshifu-*, F|\n|poke|p2|Magearna|\n|poke|p2|Ogerpon-Cornerstone, F|\n|teampreview\n|inactive|Battle timer is ON: inactive players will automatically lose when time's up. (requested by 00OO00OO00OO)\n|\n|t:|1700559023\n|start\n|switch|p1a: Glimmora|Glimmora, M|100\/100\n|switch|p2a: Magearna|Magearna|100\/100\n|turn|1\n|\n|t:|1700559032\n|move|p1a: Glimmora|Stealth Rock|p2a: Magearna\n|-sidestart|p2: 00OO00OO00OO|move: Stealth Rock\n|move|p2a: Magearna|Spikes|p1a: Glimmora\n|-sidestart|p1: red1998poke|Spikes\n|\n|upkeep\n|turn|2\n|\n|t:|1700559061\n|switch|p1a: Cinderace|Cinderace, M|100\/100\n|move|p2a: Magearna|Thunder Wave|p1a: Cinderace\n|-status|p1a: Cinderace|par\n|\n|upkeep\n|turn|3\n|\n|t:|1700559068\n|move|p1a: Cinderace|Pyro Ball|p2a: Magearna|[miss]\n|-miss|p1a: Cinderace|p2a: Magearna\n|move|p2a: Magearna|Spikes|p1a: Cinderace\n|-sidestart|p1: red1998poke|Spikes\n|\n|upkeep\n|turn|4\n|\n|t:|1700559073\n|move|p1a: Cinderace|Pyro Ball|p2a: Magearna\n|-supereffective|p2a: Magearna\n|-damage|p2a: Magearna|0 fnt\n|faint|p2a: Magearna\n|\n|upkeep\n|\n|t:|1700559093\n|switch|p2a: Arceus|Arceus, shiny|100\/100\n|-damage|p2a: Arceus|88\/100|[from] Stealth Rock\n|turn|5\n|\n|t:|1700559099\n|-terastallize|p2a: Arceus|Normal\n|move|p2a: Arceus|Extreme Speed|p1a: Cinderace\n|-damage|p1a: Cinderace|0 fnt\n|faint|p1a: Cinderace\n|\n|upkeep\n|\n|t:|1700559105\n|switch|p1a: Glimmora|Glimmora, M|100\/100\n|-damage|p1a: Glimmora|84\/100|[from] Spikes\n|turn|6\n|\n|t:|1700559109\n|move|p2a: Arceus|Extreme Speed|p1a: Glimmora\n|-resisted|p1a: Glimmora\n|-damage|p1a: Glimmora|32\/100\n|-activate|p1a: Glimmora|ability: Toxic Debris\n|-sidestart|p2: 00OO00OO00OO|move: Toxic Spikes\n|move|p1a: Glimmora|Mortal Spin|p2a: Arceus\n|-damage|p2a: Arceus|84\/100\n|-status|p2a: Arceus|psn\n|-sideend|p1: red1998poke|Spikes|[from] move: Mortal Spin|[of] p1a: Glimmora\n|\n|-damage|p2a: Arceus|71\/100 psn|[from] psn\n|upkeep\n|turn|7\n|\n|t:|1700559128\n|move|p2a: Arceus|Extreme Speed|p1a: Glimmora\n|-resisted|p1a: Glimmora\n|-damage|p1a: Glimmora|0 fnt\n|-activate|p1a: Glimmora|ability: Toxic Debris\n|-sidestart|p2: 00OO00OO00OO|move: Toxic Spikes\n|faint|p1a: Glimmora\n|\n|-damage|p2a: Arceus|59\/100 psn|[from] psn\n|upkeep\n|\n|t:|1700559134\n|switch|p1a: Gliscor|Gliscor, M|100\/100\n|turn|8\n|\n|t:|1700559138\n|move|p1a: Gliscor|Protect|p1a: Gliscor\n|-singleturn|p1a: Gliscor|Protect\n|move|p2a: Arceus|Extreme Speed|p1a: Gliscor\n|-activate|p1a: Gliscor|move: Protect\n|\n|-damage|p2a: Arceus|46\/100 psn|[from] psn\n|-status|p1a: Gliscor|tox|[from] item: Toxic Orb\n|upkeep\n|turn|9\n|\n|t:|1700559147\n|move|p2a: Arceus|Extreme Speed|p1a: Gliscor\n|-damage|p1a: Gliscor|50\/100 tox\n|move|p1a: Gliscor|Swords Dance|p1a: Gliscor\n|-boost|p1a: Gliscor|atk|2\n|\n|-damage|p2a: Arceus|34\/100 psn|[from] psn\n|-heal|p1a: Gliscor|63\/100 tox|[from] ability: Poison Heal\n|upkeep\n|turn|10\n|\n|t:|1700559156\n|move|p1a: Gliscor|Protect|p1a: Gliscor\n|-singleturn|p1a: Gliscor|Protect\n|move|p2a: Arceus|Extreme Speed|p1a: Gliscor\n|-activate|p1a: Gliscor|move: Protect\n|\n|-damage|p2a: Arceus|21\/100 psn|[from] psn\n|-heal|p1a: Gliscor|75\/100 tox|[from] ability: Poison Heal\n|upkeep\n|turn|11\n|\n|t:|1700559164\n|move|p1a: Gliscor|Protect||[still]\n|-fail|p1a: Gliscor\n|move|p2a: Arceus|Extreme Speed|p1a: Gliscor\n|-damage|p1a: Gliscor|21\/100 tox\n|\n|-damage|p2a: Arceus|9\/100 psn|[from] psn\n|-heal|p1a: Gliscor|33\/100 tox|[from] ability: Poison Heal\n|upkeep\n|turn|12\n|\n|t:|1700559177\n|move|p1a: Gliscor|Protect|p1a: Gliscor\n|-singleturn|p1a: Gliscor|Protect\n|move|p2a: Arceus|Extreme Speed|p1a: Gliscor\n|-activate|p1a: Gliscor|move: Protect\n|\n|-damage|p2a: Arceus|0 fnt|[from] psn\n|faint|p2a: Arceus\n|-heal|p1a: Gliscor|46\/100 tox|[from] ability: Poison Heal\n|upkeep\n|\n|t:|1700559196\n|switch|p2a: Ogerpon|Ogerpon-Cornerstone, F|100\/100\n|-damage|p2a: Ogerpon|88\/100|[from] Stealth Rock\n|-status|p2a: Ogerpon|tox\n|turn|13\n|\n|t:|1700559210\n|move|p2a: Ogerpon|Ivy Cudgel|p1a: Gliscor|[anim] Ivy Cudgel Rock\n|-damage|p1a: Gliscor|9\/100 tox\n|move|p1a: Gliscor|Earthquake|p2a: Ogerpon\n|-damage|p2a: Ogerpon|15\/100 tox\n|\n|-damage|p2a: Ogerpon|9\/100 tox|[from] psn\n|-heal|p1a: Gliscor|22\/100 tox|[from] ability: Poison Heal\n|upkeep\n|turn|14\n|\n|t:|1700559220\n|move|p1a: Gliscor|Protect|p1a: Gliscor\n|-singleturn|p1a: Gliscor|Protect\n|move|p2a: Ogerpon|Horn Leech|p1a: Gliscor\n|-activate|p1a: Gliscor|move: Protect\n|\n|-damage|p2a: Ogerpon|0 fnt|[from] psn\n|faint|p2a: Ogerpon\n|-heal|p1a: Gliscor|34\/100 tox|[from] ability: Poison Heal\n|upkeep\n|\n|t:|1700559230\n|switch|p2a: Urshifu|Urshifu-Rapid-Strike, F|100\/100\n|-damage|p2a: Urshifu|94\/100|[from] Stealth Rock\n|-status|p2a: Urshifu|tox\n|turn|15\n|\n|t:|1700559251\n|move|p2a: Urshifu|Surging Strikes|p1a: Gliscor\n|-supereffective|p1a: Gliscor\n|-crit|p1a: Gliscor\n|-damage|p1a: Gliscor|0 fnt\n|faint|p1a: Gliscor\n|-hitcount|p1: Gliscor|1\n|\n|-damage|p2a: Urshifu|88\/100 tox|[from] psn\n|upkeep\n|\n|t:|1700559265\n|switch|p1a: Dunsparce|Dunsparce, M|100\/100\n|turn|16\n|\n|t:|1700559272\n|switch|p2a: Annihilape|Annihilape, F|100\/100\n|-damage|p2a: Annihilape|94\/100|[from] Stealth Rock\n|-status|p2a: Annihilape|tox\n|move|p1a: Dunsparce|Roost||[still]\n|-fail|p1a: Dunsparce|heal\n|\n|-heal|p2a: Annihilape|100\/100 tox|[from] item: Leftovers\n|-damage|p2a: Annihilape|94\/100 tox|[from] psn\n|upkeep\n|turn|17\n|\n|t:|1700559284\n|-terastallize|p1a: Dunsparce|Poison\n|move|p2a: Annihilape|Drain Punch|p1a: Dunsparce\n|-resisted|p1a: Dunsparce\n|-damage|p1a: Dunsparce|90\/100\n|-heal|p2a: Annihilape|99\/100 tox|[from] drain|[of] p1a: Dunsparce\n|move|p1a: Dunsparce|Coil|p1a: Dunsparce\n|-boost|p1a: Dunsparce|atk|1\n|-boost|p1a: Dunsparce|def|1\n|-boost|p1a: Dunsparce|accuracy|1\n|\n|-heal|p2a: Annihilape|100\/100 tox|[from] item: Leftovers\n|-damage|p2a: Annihilape|88\/100 tox|[from] psn\n|upkeep\n|turn|18\n|\n|t:|1700559299\n|move|p2a: Annihilape|Taunt|p1a: Dunsparce\n|-start|p1a: Dunsparce|move: Taunt\n|cant|p1a: Dunsparce|move: Taunt|Coil\n|\n|-heal|p2a: Annihilape|94\/100 tox|[from] item: Leftovers\n|-damage|p2a: Annihilape|76\/100 tox|[from] psn\n|upkeep\n|turn|19\n|\n|t:|1700559316\n|switch|p2a: Landorus|Landorus, M|100\/100\n|-damage|p2a: Landorus|88\/100|[from] Stealth Rock\n|move|p1a: Dunsparce|Stored Power|p2a: Landorus\n|-damage|p2a: Landorus|71\/100\n|\n|upkeep\n|turn|20\n|\n|t:|1700559324\n|move|p2a: Landorus|Earth Power|p1a: Dunsparce\n|-supereffective|p1a: Dunsparce\n|-damage|p1a: Dunsparce|8\/100\n|move|p1a: Dunsparce|Stored Power|p2a: Landorus\n|-damage|p2a: Landorus|53\/100\n|\n|-end|p1a: Dunsparce|move: Taunt\n|upkeep\n|turn|21\n|\n|t:|1700559337\n|switch|p1a: Enamorus|Enamorus-Therian, F|100\/100\n|move|p2a: Landorus|Earth Power|p1a: Enamorus\n|-immune|p1a: Enamorus\n|\n|upkeep\n|turn|22\n|\n|t:|1700559364\n|move|p2a: Landorus|Psychic|p1a: Enamorus\n|-damage|p1a: Enamorus|67\/100\n|move|p1a: Enamorus|Calm Mind|p1a: Enamorus\n|-boost|p1a: Enamorus|spa|1\n|-boost|p1a: Enamorus|spd|1\n|\n|-heal|p1a: Enamorus|73\/100|[from] item: Leftovers\n|upkeep\n|turn|23\n|inactive|00OO00OO00OO has 120 seconds left.\n|\n|t:|1700559379\n|move|p2a: Landorus|Psychic|p1a: Enamorus\n|-crit|p1a: Enamorus\n|-damage|p1a: Enamorus|20\/100\n|move|p1a: Enamorus|Draining Kiss|p2a: Landorus\n|-damage|p2a: Landorus|11\/100\n|-heal|p1a: Enamorus|49\/100|[from] drain|[of] p2a: Landorus\n|\n|-heal|p1a: Enamorus|55\/100|[from] item: Leftovers\n|upkeep\n|turn|24\n|\n|t:|1700559388\n|move|p2a: Landorus|Psychic|p1a: Enamorus\n|-damage|p1a: Enamorus|32\/100\n|move|p1a: Enamorus|Draining Kiss|p2a: Landorus\n|-damage|p2a: Landorus|0 fnt\n|-heal|p1a: Enamorus|39\/100|[from] drain|[of] p2a: Landorus\n|faint|p2a: Landorus\n|\n|-heal|p1a: Enamorus|45\/100|[from] item: Leftovers\n|upkeep\n|inactive|00OO00OO00OO has 120 seconds left.\n|\n|t:|1700559405\n|switch|p2a: Urshifu|Urshifu-Rapid-Strike, F|88\/100 tox\n|-damage|p2a: Urshifu|82\/100 tox|[from] Stealth Rock\n|turn|25\n|\n|t:|1700559411\n|switch|p1a: Dunsparce|Dunsparce, M, tera:Poison|8\/100\n|move|p2a: Urshifu|Poison Jab|p1a: Dunsparce\n|-resisted|p1a: Dunsparce\n|-damage|p1a: Dunsparce|0 fnt\n|faint|p1a: Dunsparce\n|\n|-damage|p2a: Urshifu|76\/100 tox|[from] psn\n|upkeep\n|\n|t:|1700559427\n|switch|p1a: Enamorus|Enamorus-Therian, F|45\/100\n|turn|26\n|\n|t:|1700559431\n|move|p2a: Urshifu|Poison Jab|p1a: Enamorus\n|-supereffective|p1a: Enamorus\n|-damage|p1a: Enamorus|0 fnt\n|faint|p1a: Enamorus\n|\n|-damage|p2a: Urshifu|64\/100 tox|[from] psn\n|upkeep\n|\n|t:|1700559434\n|switch|p1a: Gyarados|Gyarados, M|100\/100\n|turn|27\n|\n|t:|1700559442\n|move|p2a: Urshifu|Poison Jab|p1a: Gyarados\n|-crit|p1a: Gyarados\n|-damage|p1a: Gyarados|19\/100\n|-status|p1a: Gyarados|psn\n|move|p1a: Gyarados|Dragon Dance|p1a: Gyarados\n|-boost|p1a: Gyarados|atk|1\n|-boost|p1a: Gyarados|spe|1\n|\n|-heal|p1a: Gyarados|25\/100 psn|[from] item: Leftovers\n|-damage|p1a: Gyarados|13\/100 psn|[from] psn\n|-damage|p2a: Urshifu|45\/100 tox|[from] psn\n|upkeep\n|turn|28\n|\n|t:|1700559455\n|move|p1a: Gyarados|Earthquake|p2a: Urshifu\n|-damage|p2a: Urshifu|0 fnt\n|faint|p2a: Urshifu\n|-ability|p1a: Gyarados|Moxie|boost\n|-boost|p1a: Gyarados|atk|1\n|\n|-heal|p1a: Gyarados|19\/100 psn|[from] item: Leftovers\n|-damage|p1a: Gyarados|7\/100 psn|[from] psn\n|upkeep\n|\n|t:|1700559463\n|switch|p2a: Annihilape|Annihilape, F|76\/100 tox\n|-damage|p2a: Annihilape|70\/100 tox|[from] Stealth Rock\n|turn|29\n|\n|t:|1700559476\n|move|p1a: Gyarados|Waterfall|p2a: Annihilape\n|-damage|p2a: Annihilape|0 fnt\n|faint|p2a: Annihilape\n|\n|win|red1998poke\n|raw|red1998poke's rating: 1067 &rarr; <strong>1098<\/strong><br \/>(+31 for winning)\n|raw|00OO00OO00OO's rating: 1074 &rarr; <strong>1052<\/strong><br \/>(-22 for losing)\n|c|\u260600OO00OO00OO|gg\n|c|\u2606red1998poke|GG\n","uploadtime":1700559495,"views":0,"p1id":"red1998poke","p2id":"00oo00oo00oo","formatid":"gen9ubers","rating":1052,"private":0,"password":""}