{"id":"gen9ubers-1988954520","p1":"F8S","p2":"tomisginger","format":"[Gen 9] Ubers","log":"|j|\u2606F8S\n|j|\u2606tomisginger\n|t:|1699793950\n|gametype|singles\n|player|p1|F8S|blaine|\n|player|p2|tomisginger|alder|\n|teamsize|p1|6\n|teamsize|p2|6\n|gen|9\n|tier|[Gen 9] Ubers\n|rule|Sleep Clause Mod: Limit one foe put to sleep\n|rule|Species Clause: Limit one of each Pok\u00e9mon\n|rule|OHKO Clause: OHKO moves are banned\n|rule|Evasion Items Clause: Evasion items are banned\n|rule|Evasion Moves Clause: Evasion moves are banned\n|rule|Endless Battle Clause: Forcing endless battles is banned\n|rule|HP Percentage Mod: HP is shown in percentages\n|clearpoke\n|poke|p1|Gliscor, M|\n|poke|p1|Goodra-Hisui, F|\n|poke|p1|Scizor, M|\n|poke|p1|Tinkaton, F|\n|poke|p1|Cyclizar, M|\n|poke|p1|Typhlosion, M|\n|poke|p2|Clefable, F|\n|poke|p2|Lokix, F|\n|poke|p2|Sinistcha|\n|poke|p2|Inteleon, F|\n|poke|p2|Avalugg, M|\n|poke|p2|Espeon, F|\n|teampreview\n|inactive|Battle timer is ON: inactive players will automatically lose when time's up. (requested by F8S)\n|j| Nikolobstar\n|j| Corbinc\n|inactive|tomisginger has 270 seconds left.\n|\n|t:|1699794003\n|start\n|switch|p1a: Tinkaton|Tinkaton, F|100\/100\n|switch|p2a: Sinistcha|Sinistcha|100\/100\n|-ability|p1a: Tinkaton|Mold Breaker\n|turn|1\n|\n|t:|1699794021\n|move|p1a: Tinkaton|Thunder Wave|p2a: Sinistcha\n|-status|p2a: Sinistcha|par\n|move|p2a: Sinistcha|Matcha Gotcha|p1a: Tinkaton|[miss]\n|-miss|p2a: Sinistcha|p1a: Tinkaton\n|\n|upkeep\n|turn|2\n|\n|t:|1699794032\n|move|p1a: Tinkaton|Stealth Rock|p2a: Sinistcha\n|-sidestart|p2: tomisginger|move: Stealth Rock\n|move|p2a: Sinistcha|Matcha Gotcha|p1a: Tinkaton\n|-resisted|p1a: Tinkaton\n|-damage|p1a: Tinkaton|86\/100\n|-status|p1a: Tinkaton|brn\n|\n|-heal|p1a: Tinkaton|92\/100 brn|[from] item: Leftovers\n|-damage|p1a: Tinkaton|86\/100 brn|[from] brn\n|upkeep\n|turn|3\n|\n|t:|1699794040\n|move|p1a: Tinkaton|Knock Off|p2a: Sinistcha\n|-supereffective|p2a: Sinistcha\n|-damage|p2a: Sinistcha|89\/100 par\n|-enditem|p2a: Sinistcha|Leftovers|[from] move: Knock Off|[of] p1a: Tinkaton\n|move|p2a: Sinistcha|Calm Mind|p2a: Sinistcha\n|-boost|p2a: Sinistcha|spa|1\n|-boost|p2a: Sinistcha|spd|1\n|\n|-heal|p1a: Tinkaton|92\/100 brn|[from] item: Leftovers\n|-damage|p1a: Tinkaton|86\/100 brn|[from] brn\n|upkeep\n|turn|4\n|\n|t:|1699794069\n|switch|p1a: Goodra|Goodra-Hisui, F|100\/100\n|cant|p2a: Sinistcha|par\n|\n|upkeep\n|turn|5\n|\n|t:|1699794092\n|move|p1a: Goodra|Flamethrower|p2a: Sinistcha\n|-supereffective|p2a: Sinistcha\n|-damage|p2a: Sinistcha|66\/100 par\n|move|p2a: Sinistcha|Calm Mind|p2a: Sinistcha\n|-boost|p2a: Sinistcha|spa|1\n|-boost|p2a: Sinistcha|spd|1\n|\n|upkeep\n|turn|6\n|\n|t:|1699794099\n|move|p1a: Goodra|Flamethrower|p2a: Sinistcha\n|-supereffective|p2a: Sinistcha\n|-damage|p2a: Sinistcha|46\/100 par\n|move|p2a: Sinistcha|Calm Mind|p2a: Sinistcha\n|-boost|p2a: Sinistcha|spa|1\n|-boost|p2a: Sinistcha|spd|1\n|\n|upkeep\n|turn|7\n|inactive|tomisginger has 270 seconds left.\n|\n|t:|1699794127\n|move|p1a: Goodra|Flamethrower|p2a: Sinistcha\n|-supereffective|p2a: Sinistcha\n|-damage|p2a: Sinistcha|33\/100 par\n|move|p2a: Sinistcha|Strength Sap|p1a: Goodra\n|-unboost|p1a: Goodra|atk|1\n|-heal|p2a: Sinistcha|86\/100 par\n|\n|upkeep\n|turn|8\n|\n|t:|1699794149\n|move|p1a: Goodra|Flamethrower|p2a: Sinistcha\n|-supereffective|p2a: Sinistcha\n|-damage|p2a: Sinistcha|72\/100 par\n|move|p2a: Sinistcha|Shadow Ball|p1a: Goodra\n|-damage|p1a: Goodra|68\/100\n|\n|upkeep\n|turn|9\n|\n|t:|1699794160\n|move|p1a: Goodra|Flamethrower|p2a: Sinistcha\n|-supereffective|p2a: Sinistcha\n|-damage|p2a: Sinistcha|58\/100 par\n|move|p2a: Sinistcha|Calm Mind|p2a: Sinistcha\n|-boost|p2a: Sinistcha|spa|1\n|-boost|p2a: Sinistcha|spd|1\n|\n|upkeep\n|turn|10\n|\n|t:|1699794166\n|move|p1a: Goodra|Flamethrower|p2a: Sinistcha\n|-supereffective|p2a: Sinistcha\n|-damage|p2a: Sinistcha|47\/100 par\n|move|p2a: Sinistcha|Shadow Ball|p1a: Goodra\n|-damage|p1a: Goodra|26\/100\n|\n|upkeep\n|turn|11\n|\n|t:|1699794173\n|move|p1a: Goodra|Flamethrower|p2a: Sinistcha\n|-supereffective|p2a: Sinistcha\n|-damage|p2a: Sinistcha|35\/100 par\n|move|p2a: Sinistcha|Strength Sap|p1a: Goodra\n|-unboost|p1a: Goodra|atk|1\n|-heal|p2a: Sinistcha|70\/100 par\n|\n|upkeep\n|turn|12\n|\n|t:|1699794180\n|move|p1a: Goodra|Flamethrower|p2a: Sinistcha\n|-supereffective|p2a: Sinistcha\n|-damage|p2a: Sinistcha|57\/100 par\n|move|p2a: Sinistcha|Shadow Ball|p1a: Goodra\n|-damage|p1a: Goodra|0 fnt\n|faint|p1a: Goodra\n|\n|upkeep\n|\n|t:|1699794185\n|switch|p1a: Typhlosion|Typhlosion, M|100\/100\n|turn|13\n|inactive|F8S has 270 seconds left.\n|inactive|tomisginger has 270 seconds left.\n|inactive|F8S has 240 seconds left.\n|\n|t:|1699794255\n|-terastallize|p1a: Typhlosion|Fire\n|move|p1a: Typhlosion|Flamethrower|p2a: Sinistcha\n|-supereffective|p2a: Sinistcha\n|-damage|p2a: Sinistcha|36\/100 par\n|move|p2a: Sinistcha|Shadow Ball|p1a: Typhlosion\n|-damage|p1a: Typhlosion|0 fnt\n|faint|p1a: Typhlosion\n|\n|upkeep\n|\n|t:|1699794261\n|switch|p1a: Scizor|Scizor, M|100\/100\n|turn|14\n|\n|t:|1699794269\n|move|p1a: Scizor|Bullet Punch|p2a: Sinistcha\n|-damage|p2a: Sinistcha|5\/100 par\n|-damage|p1a: Scizor|91\/100|[from] item: Life Orb\n|move|p2a: Sinistcha|Strength Sap|p1a: Scizor\n|-unboost|p1a: Scizor|atk|1\n|-heal|p2a: Sinistcha|100\/100 par\n|\n|upkeep\n|turn|15\n|inactive|F8S has 240 seconds left.\n|\n|t:|1699794292\n|move|p1a: Scizor|Swords Dance|p1a: Scizor\n|-boost|p1a: Scizor|atk|2\n|move|p2a: Sinistcha|Shadow Ball|p1a: Scizor\n|-damage|p1a: Scizor|0 fnt\n|faint|p1a: Scizor\n|\n|upkeep\n|\n|t:|1699794304\n|switch|p1a: Cyclizar|Cyclizar, M|100\/100\n|turn|16\n|\n|t:|1699794309\n|move|p1a: Cyclizar|U-turn|p2a: Sinistcha\n|-damage|p2a: Sinistcha|90\/100 par\n|\n|t:|1699794313\n|switch|p1a: Gliscor|Gliscor, M|100\/100|[from] U-turn\n|cant|p2a: Sinistcha|par\n|\n|-status|p1a: Gliscor|tox|[from] item: Toxic Orb\n|upkeep\n|turn|17\n|inactive|F8S has 240 seconds left.\n|\n|t:|1699794328\n|move|p1a: Gliscor|Earthquake|p2a: Sinistcha\n|-resisted|p2a: Sinistcha\n|-damage|p2a: Sinistcha|80\/100 par\n|cant|p2a: Sinistcha|par\n|\n|upkeep\n|turn|18\n|\n|t:|1699794336\n|move|p1a: Gliscor|Earthquake|p2a: Sinistcha\n|-resisted|p2a: Sinistcha\n|-damage|p2a: Sinistcha|69\/100 par\n|move|p2a: Sinistcha|Shadow Ball|p1a: Gliscor\n|-damage|p1a: Gliscor|0 fnt\n|faint|p1a: Gliscor\n|\n|upkeep\n|\n|t:|1699794339\n|switch|p1a: Cyclizar|Cyclizar, M|100\/100\n|turn|19\n|\n|t:|1699794345\n|move|p1a: Cyclizar|Knock Off|p2a: Sinistcha\n|-supereffective|p2a: Sinistcha\n|-damage|p2a: Sinistcha|48\/100 par\n|move|p2a: Sinistcha|Matcha Gotcha|p1a: Cyclizar\n|-resisted|p1a: Cyclizar\n|-damage|p1a: Cyclizar|52\/100\n|-heal|p2a: Sinistcha|73\/100 par|[from] drain|[of] p1a: Cyclizar\n|\n|upkeep\n|turn|20\n|\n|t:|1699794350\n|move|p1a: Cyclizar|Knock Off|p2a: Sinistcha\n|-supereffective|p2a: Sinistcha\n|-damage|p2a: Sinistcha|51\/100 par\n|move|p2a: Sinistcha|Matcha Gotcha|p1a: Cyclizar\n|-resisted|p1a: Cyclizar\n|-damage|p1a: Cyclizar|7\/100\n|-heal|p2a: Sinistcha|74\/100 par|[from] drain|[of] p1a: Cyclizar\n|\n|upkeep\n|turn|21\n|\n|t:|1699794356\n|move|p1a: Cyclizar|Knock Off|p2a: Sinistcha\n|-supereffective|p2a: Sinistcha\n|-damage|p2a: Sinistcha|55\/100 par\n|move|p2a: Sinistcha|Matcha Gotcha|p1a: Cyclizar\n|-resisted|p1a: Cyclizar\n|-damage|p1a: Cyclizar|0 fnt\n|-heal|p2a: Sinistcha|59\/100 par|[from] drain|[of] p1a: Cyclizar\n|faint|p1a: Cyclizar\n|\n|upkeep\n|\n|t:|1699794359\n|switch|p1a: Tinkaton|Tinkaton, F|86\/100 brn\n|-ability|p1a: Tinkaton|Mold Breaker\n|turn|22\n|\n|t:|1699794364\n|move|p1a: Tinkaton|Knock Off|p2a: Sinistcha\n|-supereffective|p2a: Sinistcha\n|-damage|p2a: Sinistcha|50\/100 par\n|move|p2a: Sinistcha|Shadow Ball|p1a: Tinkaton\n|-damage|p1a: Tinkaton|9\/100 brn\n|\n|-heal|p1a: Tinkaton|15\/100 brn|[from] item: Leftovers\n|-damage|p1a: Tinkaton|9\/100 brn|[from] brn\n|upkeep\n|turn|23\n|\n|t:|1699794373\n|move|p1a: Tinkaton|Knock Off|p2a: Sinistcha\n|-supereffective|p2a: Sinistcha\n|-damage|p2a: Sinistcha|42\/100 par\n|move|p2a: Sinistcha|Shadow Ball|p1a: Tinkaton\n|-damage|p1a: Tinkaton|0 fnt\n|faint|p1a: Tinkaton\n|\n|win|tomisginger\n","uploadtime":1699794377,"views":12,"p1id":"f8s","p2id":"tomisginger","formatid":"gen9ubers","rating":0,"private":0,"password":""}