{"id":"gen9ubers-1969271820","p1":"CoolioM8","p2":"Albaz Brand","format":"[Gen 9] Ubers","log":"|j|\u2606CoolioM8\n|j|\u2606Albaz Brand\n|t:|1697508355\n|gametype|singles\n|player|p1|CoolioM8|caitlin-masters|\n|player|p2|Albaz Brand|bellelba|\n|teamsize|p1|6\n|teamsize|p2|6\n|gen|9\n|tier|[Gen 9] Ubers\n|rule|Sleep Clause Mod: Limit one foe put to sleep\n|rule|Species Clause: Limit one of each Pok\u00e9mon\n|rule|OHKO Clause: OHKO moves are banned\n|rule|Evasion Items Clause: Evasion items are banned\n|rule|Evasion Moves Clause: Evasion moves are banned\n|rule|Endless Battle Clause: Forcing endless battles is banned\n|rule|HP Percentage Mod: HP is shown in percentages\n|clearpoke\n|poke|p1|Palafin, M|\n|poke|p1|Ninetales-Alola, F|\n|poke|p1|Moltres|\n|poke|p1|Cyclizar, M|\n|poke|p1|Magearna|\n|poke|p1|Garchomp, M|\n|poke|p2|Spectrier|\n|poke|p2|Zacian-*|\n|poke|p2|Palkia-Origin|\n|poke|p2|Urshifu-*, M|\n|poke|p2|Iron Moth|\n|poke|p2|Pelipper, F|\n|teampreview\n|c|\u2606Albaz Brand|glhf\n|c|\u2606CoolioM8|u 2\n|\n|t:|1697508383\n|start\n|switch|p1a: PLUS ULTRA|Palafin, M|100\/100\n|switch|p2a: Iron Moth|Iron Moth|100\/100\n|-enditem|p2a: Iron Moth|Booster Energy\n|-activate|p2a: Iron Moth|ability: Quark Drive|[fromitem]\n|-start|p2a: Iron Moth|quarkdrivespe\n|turn|1\n|\n|t:|1697508392\n|detailschange|p1a: PLUS ULTRA|Palafin-Hero, M\n|switch|p1a: Get Lucky|Moltres|100\/100\n|-ability|p1a: Get Lucky|Pressure\n|-terastallize|p2a: Iron Moth|Grass\n|move|p2a: Iron Moth|Energy Ball|p1a: Get Lucky\n|-resisted|p1a: Get Lucky\n|-damage|p1a: Get Lucky|92\/100\n|\n|upkeep\n|turn|2\n|\n|t:|1697508401\n|move|p2a: Iron Moth|Sludge Wave|p1a: Get Lucky\n|-damage|p1a: Get Lucky|60\/100\n|move|p1a: Get Lucky|Hurricane|p2a: Iron Moth|[miss]\n|-miss|p1a: Get Lucky|p2a: Iron Moth\n|\n|upkeep\n|turn|3\n|\n|t:|1697508409\n|-end|p2a: Iron Moth|Quark Drive|[silent]\n|switch|p2a: Pelipper|Pelipper, F|100\/100\n|-weather|RainDance|[from] ability: Drizzle|[of] p2a: Pelipper\n|move|p1a: Get Lucky|Roost|p1a: Get Lucky\n|-heal|p1a: Get Lucky|100\/100\n|-singleturn|p1a: Get Lucky|move: Roost\n|\n|-weather|RainDance|[upkeep]\n|upkeep\n|turn|4\n|\n|t:|1697508415\n|switch|p1a: Stacy's Mom|Ninetales-Alola, F|100\/100\n|-weather|Snow|[from] ability: Snow Warning|[of] p1a: Stacy's Mom\n|move|p2a: Pelipper|Weather Ball|p1a: Stacy's Mom\n|-resisted|p1a: Stacy's Mom\n|-damage|p1a: Stacy's Mom|85\/100\n|\n|-weather|Snow|[upkeep]\n|upkeep\n|turn|5\n|c|\u2606Albaz Brand|hahahah\n|c|\u2606Albaz Brand|stacys mom has got it going on\n|\n|t:|1697508440\n|switch|p2a: Urshifu|Urshifu, M|100\/100\n|move|p1a: Stacy's Mom|Aurora Veil|p1a: Stacy's Mom\n|-sidestart|p1: CoolioM8|move: Aurora Veil\n|\n|-weather|Snow|[upkeep]\n|upkeep\n|turn|6\n|\n|t:|1697508450\n|move|p1a: Stacy's Mom|Moonblast|p2a: Urshifu\n|-supereffective|p2a: Urshifu\n|-damage|p2a: Urshifu|0 fnt\n|faint|p2a: Urshifu\n|\n|-weather|Snow|[upkeep]\n|upkeep\n|\n|t:|1697508454\n|switch|p2a: Pelipper|Pelipper, F|100\/100\n|-weather|RainDance|[from] ability: Drizzle|[of] p2a: Pelipper\n|turn|7\n|c|\u2606CoolioM8|every ice type be singing that\n|\n|t:|1697508460\n|switch|p1a: Akira|Cyclizar, M|100\/100\n|move|p2a: Pelipper|U-turn|p1a: Akira\n|-damage|p1a: Akira|93\/100\n|\n|t:|1697508475\n|switch|p2a: Zacian|Zacian|100\/100|[from] U-turn\n|-ability|p2a: Zacian|Intrepid Sword|boost\n|-boost|p2a: Zacian|atk|1\n|\n|-weather|RainDance|[upkeep]\n|upkeep\n|turn|8\n|\n|t:|1697508484\n|move|p2a: Zacian|Swords Dance|p2a: Zacian\n|-boost|p2a: Zacian|atk|2\n|move|p1a: Akira|Knock Off|p2a: Zacian\n|-resisted|p2a: Zacian\n|-damage|p2a: Zacian|90\/100\n|-enditem|p2a: Zacian|Life Orb|[from] move: Knock Off|[of] p1a: Akira\n|\n|-weather|RainDance|[upkeep]\n|upkeep\n|turn|9\n|\n|t:|1697508488\n|move|p2a: Zacian|Play Rough|p1a: Akira\n|-supereffective|p1a: Akira\n|-damage|p1a: Akira|0 fnt\n|faint|p1a: Akira\n|\n|-weather|RainDance|[upkeep]\n|upkeep\n|\n|t:|1697508491\n|switch|p1a: Get Lucky|Moltres|100\/100\n|-ability|p1a: Get Lucky|Pressure\n|turn|10\n|\n|t:|1697508494\n|move|p2a: Zacian|Crunch|p1a: Get Lucky\n|-damage|p1a: Get Lucky|71\/100\n|move|p1a: Get Lucky|Will-O-Wisp|p2a: Zacian\n|-status|p2a: Zacian|brn\n|\n|-weather|RainDance|[upkeep]\n|-damage|p2a: Zacian|84\/100 brn|[from] brn\n|upkeep\n|turn|11\n|\n|t:|1697508499\n|switch|p2a: Palkia|Palkia-Origin|100\/100\n|-ability|p2a: Palkia|Pressure\n|move|p1a: Get Lucky|Hurricane|p2a: Palkia\n|-damage|p2a: Palkia|61\/100\n|-start|p2a: Palkia|confusion\n|\n|-weather|none\n|upkeep\n|turn|12\n|\n|t:|1697508508\n|switch|p1a: Stacy's Mom|Ninetales-Alola, F|85\/100\n|-weather|Snow|[from] ability: Snow Warning|[of] p1a: Stacy's Mom\n|-activate|p2a: Palkia|confusion\n|-damage|p2a: Palkia|52\/100|[from] confusion\n|\n|-weather|Snow|[upkeep]\n|-sideend|p1: CoolioM8|move: Aurora Veil\n|upkeep\n|turn|13\n|\n|t:|1697508519\n|switch|p2a: Spectrier|Spectrier|100\/100\n|move|p1a: Stacy's Mom|Aurora Veil|p1a: Stacy's Mom\n|-sidestart|p1: CoolioM8|move: Aurora Veil\n|\n|-weather|Snow|[upkeep]\n|upkeep\n|turn|14\n|\n|t:|1697508527\n|move|p2a: Spectrier|Shadow Ball|p1a: Stacy's Mom\n|-damage|p1a: Stacy's Mom|57\/100\n|move|p1a: Stacy's Mom|Moonblast|p2a: Spectrier\n|-damage|p2a: Spectrier|59\/100\n|\n|-weather|Snow|[upkeep]\n|-heal|p2a: Spectrier|65\/100|[from] item: Leftovers\n|upkeep\n|turn|15\n|\n|t:|1697508535\n|switch|p2a: Iron Moth|Iron Moth, tera:Grass|100\/100\n|switch|p1a: PLUS ULTRA|Palafin-Hero, M|100\/100\n|-activate|p1a: PLUS ULTRA|ability: Zero to Hero\n|\n|-weather|Snow|[upkeep]\n|upkeep\n|turn|16\n|\n|t:|1697508542\n|move|p2a: Iron Moth|Energy Ball|p1a: PLUS ULTRA\n|-supereffective|p1a: PLUS ULTRA\n|-damage|p1a: PLUS ULTRA|46\/100\n|move|p1a: PLUS ULTRA|Flip Turn|p2a: Iron Moth\n|-resisted|p2a: Iron Moth\n|-damage|p2a: Iron Moth|51\/100\n|\n|t:|1697508545\n|switch|p1a: Garchover|Garchomp, M|100\/100|[from] Flip Turn\n|\n|-weather|none\n|upkeep\n|turn|17\n|\n|t:|1697508551\n|move|p2a: Iron Moth|Dazzling Gleam|p1a: Garchover\n|-supereffective|p1a: Garchover\n|-damage|p1a: Garchover|72\/100\n|move|p1a: Garchover|Scale Shot|p2a: Iron Moth\n|-damage|p2a: Iron Moth|31\/100\n|-damage|p2a: Iron Moth|11\/100\n|-damage|p2a: Iron Moth|0 fnt\n|faint|p2a: Iron Moth\n|-end|p2a: Iron Moth|Quark Drive|[silent]\n|-hitcount|p2: Iron Moth|3\n|-unboost|p1a: Garchover|def|1\n|-boost|p1a: Garchover|spe|1\n|\n|upkeep\n|\n|t:|1697508560\n|switch|p2a: Pelipper|Pelipper, F|100\/100\n|-weather|RainDance|[from] ability: Drizzle|[of] p2a: Pelipper\n|turn|18\n|\n|t:|1697508564\n|move|p1a: Garchover|Swords Dance|p1a: Garchover\n|-boost|p1a: Garchover|atk|2\n|move|p2a: Pelipper|Ice Beam|p1a: Garchover\n|-supereffective|p1a: Garchover\n|-damage|p1a: Garchover|24\/100\n|\n|-weather|RainDance|[upkeep]\n|upkeep\n|turn|19\n|\n|t:|1697508571\n|move|p1a: Garchover|Scale Shot|p2a: Pelipper\n|-damage|p2a: Pelipper|77\/100\n|-damage|p2a: Pelipper|52\/100\n|-damage|p2a: Pelipper|27\/100\n|-damage|p2a: Pelipper|3\/100\n|-hitcount|p2a: Pelipper|4\n|-unboost|p1a: Garchover|def|1\n|-boost|p1a: Garchover|spe|1\n|move|p2a: Pelipper|Ice Beam|p1a: Garchover\n|-supereffective|p1a: Garchover\n|-damage|p1a: Garchover|0 fnt\n|faint|p1a: Garchover\n|\n|-weather|RainDance|[upkeep]\n|-heal|p2a: Pelipper|9\/100|[from] item: Leftovers\n|upkeep\n|\n|t:|1697508585\n|switch|p1a: PLUS ULTRA|Palafin-Hero, M|46\/100\n|turn|20\n|\n|t:|1697508588\n|move|p1a: PLUS ULTRA|Flip Turn|p2a: Pelipper\n|-resisted|p2a: Pelipper\n|-damage|p2a: Pelipper|0 fnt\n|faint|p2a: Pelipper\n|\n|t:|1697508591\n|switch|p1a: Stacy's Mom|Ninetales-Alola, F|57\/100|[from] Flip Turn\n|-weather|Snow|[from] ability: Snow Warning|[of] p1a: Stacy's Mom\n|\n|-weather|Snow|[upkeep]\n|-sideend|p1: CoolioM8|move: Aurora Veil\n|upkeep\n|\n|t:|1697508597\n|switch|p2a: Spectrier|Spectrier|65\/100\n|turn|21\n|\n|t:|1697508604\n|move|p2a: Spectrier|Shadow Ball|p1a: Stacy's Mom\n|-damage|p1a: Stacy's Mom|6\/100\n|-unboost|p1a: Stacy's Mom|spd|1\n|move|p1a: Stacy's Mom|Aurora Veil|p1a: Stacy's Mom\n|-sidestart|p1: CoolioM8|move: Aurora Veil\n|\n|-weather|Snow|[upkeep]\n|-heal|p2a: Spectrier|71\/100|[from] item: Leftovers\n|upkeep\n|turn|22\n|\n|t:|1697508609\n|move|p2a: Spectrier|Nasty Plot|p2a: Spectrier\n|-boost|p2a: Spectrier|spa|2\n|move|p1a: Stacy's Mom|Moonblast|p2a: Spectrier\n|-damage|p2a: Spectrier|30\/100\n|-unboost|p2a: Spectrier|spa|1\n|\n|-weather|Snow|[upkeep]\n|-heal|p2a: Spectrier|36\/100|[from] item: Leftovers\n|upkeep\n|turn|23\n|\n|t:|1697508613\n|move|p2a: Spectrier|Shadow Ball|p1a: Stacy's Mom\n|-damage|p1a: Stacy's Mom|0 fnt\n|faint|p1a: Stacy's Mom\n|-ability|p2a: Spectrier|Grim Neigh|boost\n|-boost|p2a: Spectrier|spa|1\n|\n|-weather|Snow|[upkeep]\n|-heal|p2a: Spectrier|42\/100|[from] item: Leftovers\n|upkeep\n|\n|t:|1697508617\n|switch|p1a: PLUS ULTRA|Palafin-Hero, M|46\/100\n|turn|24\n|\n|t:|1697508619\n|move|p1a: PLUS ULTRA|Jet Punch|p2a: Spectrier\n|-damage|p2a: Spectrier|0 fnt\n|faint|p2a: Spectrier\n|\n|-weather|none\n|upkeep\n|\n|t:|1697508623\n|switch|p2a: Zacian|Zacian|84\/100 brn\n|turn|25\n|\n|t:|1697508630\n|switch|p1a: Get Lucky|Moltres|71\/100\n|-ability|p1a: Get Lucky|Pressure\n|move|p2a: Zacian|Play Rough|p1a: Get Lucky\n|-resisted|p1a: Get Lucky\n|-damage|p1a: Get Lucky|66\/100\n|\n|-damage|p2a: Zacian|78\/100 brn|[from] brn\n|upkeep\n|turn|26\n|\n|t:|1697508637\n|move|p2a: Zacian|Crunch|p1a: Get Lucky\n|-damage|p1a: Get Lucky|59\/100\n|-unboost|p1a: Get Lucky|def|1\n|move|p1a: Get Lucky|Hurricane|p2a: Zacian\n|-damage|p2a: Zacian|35\/100 brn\n|\n|-damage|p2a: Zacian|29\/100 brn|[from] brn\n|upkeep\n|turn|27\n|\n|t:|1697508646\n|move|p2a: Zacian|Crunch|p1a: Get Lucky\n|-damage|p1a: Get Lucky|49\/100\n|move|p1a: Get Lucky|Hurricane|p2a: Zacian\n|-damage|p2a: Zacian|0 fnt\n|faint|p2a: Zacian\n|\n|upkeep\n|\n|t:|1697508649\n|switch|p2a: Palkia|Palkia-Origin|52\/100\n|-ability|p2a: Palkia|Pressure\n|turn|28\n|\n|t:|1697508671\n|move|p2a: Palkia|Surf|p1a: Get Lucky\n|-supereffective|p1a: Get Lucky\n|-damage|p1a: Get Lucky|7\/100\n|move|p1a: Get Lucky|Hurricane|p2a: Palkia|[miss]\n|-miss|p1a: Get Lucky|p2a: Palkia\n|\n|-sideend|p1: CoolioM8|move: Aurora Veil\n|upkeep\n|turn|29\n|\n|t:|1697508677\n|move|p2a: Palkia|Surf|p1a: Get Lucky\n|-supereffective|p1a: Get Lucky\n|-damage|p1a: Get Lucky|0 fnt\n|faint|p1a: Get Lucky\n|\n|upkeep\n|\n|t:|1697508679\n|switch|p1a: Tik Tok|Magearna|100\/100\n|turn|30\n|\n|t:|1697508687\n|move|p2a: Palkia|Surf|p1a: Tik Tok\n|-damage|p1a: Tik Tok|49\/100\n|move|p1a: Tik Tok|Dazzling Gleam|p2a: Palkia\n|-supereffective|p2a: Palkia\n|-damage|p2a: Palkia|0 fnt\n|faint|p2a: Palkia\n|\n|win|CoolioM8\n|c|\u2606CoolioM8|ggwp\n|c|\u2606Albaz Brand|ggs\n|l|\u2606Albaz Brand\n","uploadtime":1697508701,"views":25,"p1id":"cooliom8","p2id":"albazbrand","formatid":"gen9ubers","rating":0,"private":0,"password":""}