{"id":"gen9ubers-1986570303","p1":"Starki1902","p2":"Fuzzeken","format":"[Gen 9] Ubers","log":"|j|\u2606Starki1902\n|j|\u2606Fuzzeken\n|t:|1699493147\n|gametype|singles\n|player|p1|Starki1902|1|1154\n|player|p2|Fuzzeken|hilbert|1100\n|teamsize|p1|6\n|teamsize|p2|6\n|gen|9\n|tier|[Gen 9] Ubers\n|rated|\n|rule|Sleep Clause Mod: Limit one foe put to sleep\n|rule|Species Clause: Limit one of each Pok\u00e9mon\n|rule|OHKO Clause: OHKO moves are banned\n|rule|Evasion Items Clause: Evasion items are banned\n|rule|Evasion Moves Clause: Evasion moves are banned\n|rule|Endless Battle Clause: Forcing endless battles is banned\n|rule|HP Percentage Mod: HP is shown in percentages\n|clearpoke\n|poke|p1|Ditto|\n|poke|p1|Ursaluna-Bloodmoon, M|\n|poke|p1|Riolu, F|\n|poke|p1|Dragonite, F|\n|poke|p1|Zamazenta-*|\n|poke|p1|Arceus-Ghost|\n|poke|p2|Iron Valiant|\n|poke|p2|Miraidon|\n|poke|p2|Great Tusk|\n|poke|p2|Skeledirge, M|\n|poke|p2|Chien-Pao|\n|poke|p2|Corviknight, M|\n|teampreview\n|\n|t:|1699493172\n|start\n|switch|p1a: Riolu|Riolu, F|100\/100\n|switch|p2a: Miraidon|Miraidon|100\/100\n|-fieldstart|move: Electric Terrain|[from] ability: Hadron Engine|[of] p2a: Miraidon\n|turn|1\n|\n|t:|1699493185\n|move|p2a: Miraidon|Agility|p2a: Miraidon\n|-boost|p2a: Miraidon|spe|2\n|move|p1a: Riolu|Counter||[still]\n|-fail|p1a: Riolu\n|\n|upkeep\n|turn|2\n|\n|t:|1699493203\n|switch|p1a: Ditto|Ditto, shiny|100\/100\n|-transform|p1a: Ditto|p2a: Miraidon|[from] ability: Imposter\n|-activate|p1a: Ditto|ability: Hadron Engine\n|-terastallize|p2a: Miraidon|Fairy\n|move|p2a: Miraidon|Electro Drift|p1a: Ditto\n|-resisted|p1a: Ditto\n|-damage|p1a: Ditto|74\/100\n|\n|upkeep\n|turn|3\n|\n|t:|1699493220\n|move|p2a: Miraidon|Dazzling Gleam|p1a: Ditto\n|-supereffective|p1a: Ditto\n|-crit|p1a: Ditto\n|-damage|p1a: Ditto|0 fnt\n|faint|p1a: Ditto\n|\n|upkeep\n|\n|t:|1699493228\n|switch|p1a: Zamazenta|Zamazenta-Crowned|100\/100\n|-ability|p1a: Zamazenta|Dauntless Shield|boost\n|-boost|p1a: Zamazenta|def|1\n|turn|4\n|\n|t:|1699493234\n|move|p2a: Miraidon|Electro Drift|p1a: Zamazenta\n|-damage|p1a: Zamazenta|47\/100\n|move|p1a: Zamazenta|Iron Defense|p1a: Zamazenta\n|-boost|p1a: Zamazenta|def|2\n|\n|upkeep\n|turn|5\n|\n|t:|1699493243\n|move|p2a: Miraidon|Electro Drift|p1a: Zamazenta\n|-damage|p1a: Zamazenta|0 fnt\n|faint|p1a: Zamazenta\n|\n|-fieldend|move: Electric Terrain\n|upkeep\n|\n|t:|1699493249\n|switch|p1a: Dragonite|Dragonite, F|100\/100\n|turn|6\n|\n|t:|1699493255\n|switch|p1a: Ursaluna|Ursaluna-Bloodmoon, M|100\/100\n|move|p2a: Miraidon|Dazzling Gleam|p1a: Ursaluna\n|-damage|p1a: Ursaluna|48\/100\n|\n|upkeep\n|turn|7\n|\n|t:|1699493266\n|move|p2a: Miraidon|Calm Mind|p2a: Miraidon\n|-boost|p2a: Miraidon|spa|1\n|-boost|p2a: Miraidon|spd|1\n|move|p1a: Ursaluna|Blood Moon|p2a: Miraidon\n|-damage|p2a: Miraidon|57\/100\n|\n|-heal|p2a: Miraidon|64\/100|[from] item: Leftovers\n|upkeep\n|turn|8\n|\n|t:|1699493277\n|switch|p1a: Arceus|Arceus-Ghost|100\/100\n|move|p2a: Miraidon|Dazzling Gleam|p1a: Arceus\n|-damage|p1a: Arceus|47\/100\n|\n|-heal|p2a: Miraidon|70\/100|[from] item: Leftovers\n|upkeep\n|turn|9\n|\n|t:|1699493291\n|move|p2a: Miraidon|Dazzling Gleam|p1a: Arceus\n|-damage|p1a: Arceus|0 fnt\n|faint|p1a: Arceus\n|\n|-heal|p2a: Miraidon|76\/100|[from] item: Leftovers\n|upkeep\n|\n|t:|1699493299\n|switch|p1a: Riolu|Riolu, F|100\/100\n|turn|10\n|\n|t:|1699493305\n|move|p2a: Miraidon|Dazzling Gleam|p1a: Riolu\n|-supereffective|p1a: Riolu\n|-enditem|p1a: Riolu|Focus Sash\n|-damage|p1a: Riolu|1\/100\n|move|p1a: Riolu|Final Gambit|p2a: Miraidon\n|-damage|p2a: Miraidon|76\/100\n|faint|p1a: Riolu\n|\n|-heal|p2a: Miraidon|82\/100|[from] item: Leftovers\n|upkeep\n|\n|t:|1699493318\n|switch|p1a: Ursaluna|Ursaluna-Bloodmoon, M|48\/100\n|turn|11\n|\n|t:|1699493322\n|move|p2a: Miraidon|Dazzling Gleam|p1a: Ursaluna\n|-damage|p1a: Ursaluna|0 fnt\n|faint|p1a: Ursaluna\n|\n|-heal|p2a: Miraidon|88\/100|[from] item: Leftovers\n|upkeep\n|\n|t:|1699493325\n|switch|p1a: Dragonite|Dragonite, F|100\/100\n|turn|12\n|\n|t:|1699493331\n|move|p2a: Miraidon|Dazzling Gleam|p1a: Dragonite\n|-supereffective|p1a: Dragonite\n|-damage|p1a: Dragonite|33\/100\n|-enditem|p1a: Dragonite|Weakness Policy\n|-boost|p1a: Dragonite|atk|2|[from] item: Weakness Policy\n|-boost|p1a: Dragonite|spa|2|[from] item: Weakness Policy\n|move|p1a: Dragonite|Dragon Dance|p1a: Dragonite\n|-boost|p1a: Dragonite|atk|1\n|-boost|p1a: Dragonite|spe|1\n|\n|-heal|p2a: Miraidon|94\/100|[from] item: Leftovers\n|upkeep\n|turn|13\n|\n|t:|1699493345\n|move|p1a: Dragonite|Extreme Speed|p2a: Miraidon\n|-damage|p2a: Miraidon|36\/100\n|move|p2a: Miraidon|Dazzling Gleam|p1a: Dragonite\n|-supereffective|p1a: Dragonite\n|-crit|p1a: Dragonite\n|-damage|p1a: Dragonite|0 fnt\n|faint|p1a: Dragonite\n|\n|win|Fuzzeken\n|raw|Starki1902's rating: 1154 &rarr; <strong>1125<\/strong><br \/>(-29 for losing)\n|raw|Fuzzeken's rating: 1100 &rarr; <strong>1129<\/strong><br \/>(+29 for winning)\n|l|\u2606Starki1902\n","uploadtime":1699493357,"views":17,"p1id":"starki1902","p2id":"fuzzeken","formatid":"gen9ubers","rating":1125,"private":0,"password":""}