{"id":"gen9ubers-1980440025","p1":"mann_treads","p2":"ttkilla","format":"[Gen 9] Ubers","log":"|j|\u2606mann_treads\n|j|\u2606ttkilla\n|t:|1698785105\n|gametype|singles\n|player|p1|mann_treads|ariana|\n|player|p2|ttkilla|cameraman|\n|teamsize|p1|6\n|teamsize|p2|6\n|gen|9\n|tier|[Gen 9] Ubers\n|rule|Sleep Clause Mod: Limit one foe put to sleep\n|rule|Species Clause: Limit one of each Pok\u00e9mon\n|rule|OHKO Clause: OHKO moves are banned\n|rule|Evasion Items Clause: Evasion items are banned\n|rule|Evasion Moves Clause: Evasion moves are banned\n|rule|Endless Battle Clause: Forcing endless battles is banned\n|rule|HP Percentage Mod: HP is shown in percentages\n|clearpoke\n|poke|p1|Talonflame, F|\n|poke|p1|Blissey, F|\n|poke|p1|Dondozo, F|\n|poke|p1|Arceus-Grass|\n|poke|p1|Gliscor, F|\n|poke|p1|Slowking, M|\n|poke|p2|Roaring Moon|\n|poke|p2|Landorus, M|\n|poke|p2|Palkia-Origin|\n|poke|p2|Garganacl, M|\n|poke|p2|Arceus-Fire|\n|poke|p2|Spectrier|\n|teampreview\n|c|\u2606ttkilla|glhf\n|c|\u2606mann_treads|glhf\n|\n|t:|1698785122\n|start\n|switch|p1a: Blissey|Blissey, F|100\/100\n|switch|p2a: Garganacl|Garganacl, M|100\/100\n|turn|1\n|\n|t:|1698785129\n|move|p1a: Blissey|Stealth Rock|p2a: Garganacl\n|-sidestart|p2: ttkilla|move: Stealth Rock\n|move|p2a: Garganacl|Salt Cure|p1a: Blissey\n|-damage|p1a: Blissey|74\/100\n|-start|p1a: Blissey|Salt Cure\n|\n|-damage|p1a: Blissey|62\/100|[from] Salt Cure\n|upkeep\n|turn|2\n|\n|t:|1698785137\n|switch|p1a: Gliscor|Gliscor, F|100\/100\n|move|p2a: Garganacl|Iron Defense|p2a: Garganacl\n|-boost|p2a: Garganacl|def|2\n|\n|-status|p1a: Gliscor|tox|[from] item: Toxic Orb\n|upkeep\n|turn|3\n|\n|t:|1698785145\n|move|p1a: Gliscor|Toxic Spikes|p2a: Garganacl\n|-sidestart|p2: ttkilla|move: Toxic Spikes\n|move|p2a: Garganacl|Salt Cure|p1a: Gliscor\n|-damage|p1a: Gliscor|89\/100 tox\n|-start|p1a: Gliscor|Salt Cure\n|\n|-heal|p1a: Gliscor|100\/100 tox|[from] ability: Poison Heal\n|-damage|p1a: Gliscor|88\/100 tox|[from] Salt Cure\n|upkeep\n|turn|4\n|\n|t:|1698785152\n|move|p1a: Gliscor|Toxic Spikes|p2a: Garganacl\n|-sidestart|p2: ttkilla|move: Toxic Spikes\n|move|p2a: Garganacl|Iron Defense|p2a: Garganacl\n|-boost|p2a: Garganacl|def|2\n|\n|-heal|p1a: Gliscor|100\/100 tox|[from] ability: Poison Heal\n|-damage|p1a: Gliscor|88\/100 tox|[from] Salt Cure\n|upkeep\n|turn|5\n|\n|t:|1698785163\n|move|p1a: Gliscor|Knock Off|p2a: Garganacl\n|-damage|p2a: Garganacl|93\/100\n|-enditem|p2a: Garganacl|Leftovers|[from] move: Knock Off|[of] p1a: Gliscor\n|move|p2a: Garganacl|Iron Defense|p2a: Garganacl\n|-boost|p2a: Garganacl|def|2\n|\n|-heal|p1a: Gliscor|100\/100 tox|[from] ability: Poison Heal\n|-damage|p1a: Gliscor|88\/100 tox|[from] Salt Cure\n|upkeep\n|turn|6\n|\n|t:|1698785179\n|switch|p1a: Slowking|Slowking, M|100\/100\n|move|p2a: Garganacl|Body Press|p1a: Slowking\n|-resisted|p1a: Slowking\n|-damage|p1a: Slowking|54\/100\n|\n|upkeep\n|turn|7\n|\n|t:|1698785189\n|-terastallize|p2a: Garganacl|Water\n|-terastallize|p1a: Slowking|Fairy\n|move|p2a: Garganacl|Salt Cure|p1a: Slowking\n|-damage|p1a: Slowking|40\/100\n|-start|p1a: Slowking|Salt Cure\n|move|p1a: Slowking|Slack Off|p1a: Slowking\n|-heal|p1a: Slowking|90\/100\n|\n|-damage|p1a: Slowking|77\/100|[from] Salt Cure\n|upkeep\n|turn|8\n|\n|t:|1698785202\n|move|p2a: Garganacl|Body Press|p1a: Slowking\n|-resisted|p1a: Slowking\n|-damage|p1a: Slowking|32\/100\n|move|p1a: Slowking|Scald|p2a: Garganacl\n|-resisted|p2a: Garganacl\n|-crit|p2a: Garganacl\n|-damage|p2a: Garganacl|80\/100\n|\n|-damage|p1a: Slowking|20\/100|[from] Salt Cure\n|upkeep\n|turn|9\n|\n|t:|1698785221\n|switch|p1a: Dondozo|Dondozo, F|100\/100\n|move|p2a: Garganacl|Body Press|p1a: Dondozo\n|-damage|p1a: Dondozo|90\/100\n|\n|-heal|p1a: Dondozo|96\/100|[from] item: Leftovers\n|upkeep\n|turn|10\n|\n|t:|1698785229\n|move|p2a: Garganacl|Salt Cure|p1a: Dondozo\n|-crit|p1a: Dondozo\n|-damage|p1a: Dondozo|87\/100\n|-start|p1a: Dondozo|Salt Cure\n|move|p1a: Dondozo|Curse|p1a: Dondozo\n|-unboost|p1a: Dondozo|spe|1\n|-boost|p1a: Dondozo|atk|1\n|-boost|p1a: Dondozo|def|1\n|\n|-heal|p1a: Dondozo|93\/100|[from] item: Leftovers\n|-damage|p1a: Dondozo|68\/100|[from] Salt Cure\n|upkeep\n|turn|11\n|\n|t:|1698785239\n|move|p2a: Garganacl|Body Press|p1a: Dondozo\n|-damage|p1a: Dondozo|61\/100\n|move|p1a: Dondozo|Curse|p1a: Dondozo\n|-unboost|p1a: Dondozo|spe|1\n|-boost|p1a: Dondozo|atk|1\n|-boost|p1a: Dondozo|def|1\n|\n|-heal|p1a: Dondozo|68\/100|[from] item: Leftovers\n|-damage|p1a: Dondozo|43\/100|[from] Salt Cure\n|upkeep\n|turn|12\n|\n|t:|1698785248\n|move|p2a: Garganacl|Body Press|p1a: Dondozo\n|-damage|p1a: Dondozo|37\/100\n|move|p1a: Dondozo|Liquidation|p2a: Garganacl\n|-resisted|p2a: Garganacl\n|-damage|p2a: Garganacl|60\/100\n|\n|-heal|p1a: Dondozo|44\/100|[from] item: Leftovers\n|-damage|p1a: Dondozo|19\/100|[from] Salt Cure\n|upkeep\n|turn|13\n|\n|t:|1698785261\n|switch|p2a: Landorus|Landorus, M|100\/100\n|-damage|p2a: Landorus|88\/100|[from] Stealth Rock\n|move|p1a: Dondozo|Liquidation|p2a: Landorus\n|-supereffective|p2a: Landorus\n|-damage|p2a: Landorus|0 fnt\n|faint|p2a: Landorus\n|\n|-heal|p1a: Dondozo|25\/100|[from] item: Leftovers\n|-damage|p1a: Dondozo|0 fnt|[from] Salt Cure\n|faint|p1a: Dondozo\n|upkeep\n|\n|t:|1698785277\n|switch|p2a: Palkia|Palkia-Origin|100\/100\n|switch|p1a: Slowking|Slowking, M, tera:Fairy|53\/100\n|-damage|p2a: Palkia|88\/100|[from] Stealth Rock\n|-status|p2a: Palkia|tox\n|-ability|p2a: Palkia|Pressure\n|turn|14\n|\n|t:|1698785285\n|move|p2a: Palkia|Hydro Pump|p1a: Slowking\n|-damage|p1a: Slowking|11\/100\n|move|p1a: Slowking|Slack Off|p1a: Slowking\n|-heal|p1a: Slowking|61\/100\n|\n|-damage|p2a: Palkia|82\/100 tox|[from] psn\n|upkeep\n|turn|15\n|\n|t:|1698785293\n|move|p2a: Palkia|Hydro Pump|p1a: Slowking\n|-damage|p1a: Slowking|14\/100\n|move|p1a: Slowking|Calm Mind|p1a: Slowking\n|-boost|p1a: Slowking|spa|1\n|-boost|p1a: Slowking|spd|1\n|\n|-damage|p2a: Palkia|69\/100 tox|[from] psn\n|upkeep\n|turn|16\n|\n|t:|1698785300\n|switch|p1a: Arceus|Arceus-Grass, shiny|100\/100\n|move|p2a: Palkia|Tera Blast|p1a: Arceus\n|-damage|p1a: Arceus|80\/100\n|\n|-damage|p2a: Palkia|51\/100 tox|[from] psn\n|upkeep\n|turn|17\n|\n|t:|1698785308\n|move|p2a: Palkia|Draco Meteor|p1a: Arceus|[miss]\n|-miss|p2a: Palkia|p1a: Arceus\n|move|p1a: Arceus|Cosmic Power|p1a: Arceus\n|-boost|p1a: Arceus|def|1\n|-boost|p1a: Arceus|spd|1\n|\n|-damage|p2a: Palkia|26\/100 tox|[from] psn\n|upkeep\n|turn|18\n|\n|t:|1698785318\n|switch|p2a: Roaring Moon|Roaring Moon|100\/100\n|-damage|p2a: Roaring Moon|88\/100|[from] Stealth Rock\n|-status|p2a: Roaring Moon|tox\n|-enditem|p2a: Roaring Moon|Booster Energy\n|-activate|p2a: Roaring Moon|ability: Protosynthesis|[fromitem]\n|-start|p2a: Roaring Moon|protosynthesisspe\n|move|p1a: Arceus|Cosmic Power|p1a: Arceus\n|-boost|p1a: Arceus|def|1\n|-boost|p1a: Arceus|spd|1\n|\n|-damage|p2a: Roaring Moon|82\/100 tox|[from] psn\n|upkeep\n|turn|19\n|\n|t:|1698785330\n|move|p2a: Roaring Moon|Knock Off|p1a: Arceus\n|-damage|p1a: Arceus|68\/100\n|move|p1a: Arceus|Body Press|p2a: Roaring Moon\n|-supereffective|p2a: Roaring Moon\n|-damage|p2a: Roaring Moon|0 fnt\n|faint|p2a: Roaring Moon\n|-end|p2a: Roaring Moon|Protosynthesis|[silent]\n|\n|upkeep\n|\n|t:|1698785335\n|switch|p2a: Arceus|Arceus-Fire|100\/100\n|-damage|p2a: Arceus|76\/100|[from] Stealth Rock\n|-status|p2a: Arceus|tox\n|turn|20\n|\n|t:|1698785348\n|move|p1a: Arceus|Cosmic Power|p1a: Arceus\n|-boost|p1a: Arceus|def|1\n|-boost|p1a: Arceus|spd|1\n|move|p2a: Arceus|Flare Blitz|p1a: Arceus\n|-supereffective|p1a: Arceus\n|-damage|p1a: Arceus|23\/100\n|-damage|p2a: Arceus|61\/100 tox|[from] Recoil\n|\n|-damage|p2a: Arceus|55\/100 tox|[from] psn\n|upkeep\n|turn|21\n|\n|t:|1698785356\n|move|p1a: Arceus|Recover|p1a: Arceus\n|-heal|p1a: Arceus|73\/100\n|move|p2a: Arceus|Flare Blitz|p1a: Arceus\n|-supereffective|p1a: Arceus\n|-damage|p1a: Arceus|30\/100\n|-damage|p2a: Arceus|40\/100 tox|[from] Recoil\n|\n|-damage|p2a: Arceus|28\/100 tox|[from] psn\n|upkeep\n|turn|22\n|\n|t:|1698785364\n|move|p1a: Arceus|Recover|p1a: Arceus\n|-heal|p1a: Arceus|80\/100\n|move|p2a: Arceus|Flare Blitz|p1a: Arceus\n|-supereffective|p1a: Arceus\n|-damage|p1a: Arceus|39\/100\n|-damage|p2a: Arceus|15\/100 tox|[from] Recoil\n|\n|-damage|p2a: Arceus|0 fnt|[from] psn\n|faint|p2a: Arceus\n|upkeep\n|\n|t:|1698785368\n|switch|p2a: Spectrier|Spectrier|100\/100\n|turn|23\n|\n|t:|1698785376\n|move|p2a: Spectrier|Shadow Ball|p1a: Arceus\n|-damage|p1a: Arceus|26\/100\n|move|p1a: Arceus|Stored Power|p2a: Spectrier\n|-damage|p2a: Spectrier|35\/100\n|\n|upkeep\n|turn|24\n|\n|t:|1698785384\n|move|p2a: Spectrier|Shadow Ball|p1a: Arceus\n|-damage|p1a: Arceus|14\/100\n|move|p1a: Arceus|Recover|p1a: Arceus\n|-heal|p1a: Arceus|64\/100\n|\n|upkeep\n|turn|25\n|\n|t:|1698785389\n|move|p2a: Spectrier|Shadow Ball|p1a: Arceus\n|-damage|p1a: Arceus|52\/100\n|move|p1a: Arceus|Stored Power|p2a: Spectrier\n|-damage|p2a: Spectrier|0 fnt\n|faint|p2a: Spectrier\n|\n|upkeep\n|\n|t:|1698785392\n|switch|p2a: Palkia|Palkia-Origin|26\/100 tox\n|-damage|p2a: Palkia|13\/100 tox|[from] Stealth Rock\n|-ability|p2a: Palkia|Pressure\n|turn|26\n|c|\u2606ttkilla|gg\n|-message|ttkilla forfeited.\n|\n|win|mann_treads\n|l|\u2606ttkilla\n|c|\u2606mann_treads|gg\n","uploadtime":1698785408,"views":10,"p1id":"manntreads","p2id":"ttkilla","formatid":"gen9ubers","rating":0,"private":0,"password":""}