{"id":"gen9ubers-1971422973","p1":"cottonwaffle1","p2":"EriorYT","format":"[Gen 9] Ubers","log":"|j|\u2606cottonwaffle1\n|j|\u2606EriorYT\n|t:|1697737296\n|gametype|singles\n|player|p1|cottonwaffle1|1|1134\n|player|p2|EriorYT|n-masters|1195\n|teamsize|p1|6\n|teamsize|p2|6\n|gen|9\n|tier|[Gen 9] Ubers\n|rated|\n|rule|Sleep Clause Mod: Limit one foe put to sleep\n|rule|Species Clause: Limit one of each Pok\u00e9mon\n|rule|OHKO Clause: OHKO moves are banned\n|rule|Evasion Items Clause: Evasion items are banned\n|rule|Evasion Moves Clause: Evasion moves are banned\n|rule|Endless Battle Clause: Forcing endless battles is banned\n|rule|HP Percentage Mod: HP is shown in percentages\n|clearpoke\n|poke|p1|Skeledirge, M|\n|poke|p1|Corviknight, F|\n|poke|p1|Hydreigon, F|\n|poke|p1|Groudon|\n|poke|p1|Iron Valiant|\n|poke|p1|Volcarona, F|\n|poke|p2|Iron Bundle|\n|poke|p2|Toxapex, M|\n|poke|p2|Corviknight, M|\n|poke|p2|Miraidon|\n|poke|p2|Koraidon|\n|poke|p2|Blissey, F|\n|teampreview\n|inactive|Battle timer is ON: inactive players will automatically lose when time's up. (requested by EriorYT)\n|\n|t:|1697737313\n|start\n|switch|p1a: Groudon|Groudon|100\/100\n|switch|p2a: Blissey|Blissey, F|100\/100\n|-weather|SunnyDay|[from] ability: Drought|[of] p1a: Groudon\n|turn|1\n|\n|t:|1697737323\n|switch|p2a: Corviknight|Corviknight, M|100\/100\n|-ability|p2a: Corviknight|Pressure\n|move|p1a: Groudon|Swords Dance|p1a: Groudon\n|-boost|p1a: Groudon|atk|2\n|\n|-weather|SunnyDay|[upkeep]\n|upkeep\n|turn|2\n|\n|t:|1697737329\n|move|p1a: Groudon|Fire Punch|p2a: Corviknight\n|-supereffective|p2a: Corviknight\n|-damage|p2a: Corviknight|0 fnt\n|faint|p2a: Corviknight\n|\n|-weather|SunnyDay|[upkeep]\n|upkeep\n|\n|t:|1697737336\n|switch|p2a: Iron Bundle|Iron Bundle|100\/100\n|turn|3\n|\n|t:|1697737348\n|move|p2a: Iron Bundle|Hydro Pump|p1a: Groudon\n|-supereffective|p1a: Groudon\n|-damage|p1a: Groudon|44\/100\n|-enditem|p1a: Groudon|Weakness Policy\n|-boost|p1a: Groudon|atk|2|[from] item: Weakness Policy\n|-boost|p1a: Groudon|spa|2|[from] item: Weakness Policy\n|move|p1a: Groudon|Brick Break|p2a: Iron Bundle\n|-supereffective|p2a: Iron Bundle\n|-damage|p2a: Iron Bundle|0 fnt\n|faint|p2a: Iron Bundle\n|-end|p2a: Iron Bundle|Quark Drive|[silent]\n|\n|-weather|SunnyDay|[upkeep]\n|upkeep\n|\n|t:|1697737356\n|switch|p2a: Miraidon|Miraidon|100\/100\n|-fieldstart|move: Electric Terrain|[from] ability: Hadron Engine|[of] p2a: Miraidon\n|turn|4\n|\n|t:|1697737363\n|move|p2a: Miraidon|Draco Meteor|p1a: Groudon\n|-damage|p1a: Groudon|0 fnt\n|-unboost|p2a: Miraidon|spa|2\n|faint|p1a: Groudon\n|-damage|p2a: Miraidon|91\/100|[from] item: Life Orb\n|\n|-weather|SunnyDay|[upkeep]\n|upkeep\n|\n|t:|1697737371\n|switch|p1a: Iron Valiant|Iron Valiant|100\/100\n|-activate|p1a: Iron Valiant|ability: Quark Drive\n|-start|p1a: Iron Valiant|quarkdrivespe\n|turn|5\n|\n|t:|1697737392\n|switch|p2a: Toxapex|Toxapex, M|100\/100\n|-terastallize|p1a: Iron Valiant|Fairy\n|move|p1a: Iron Valiant|Spirit Break|p2a: Toxapex\n|-resisted|p2a: Toxapex\n|-damage|p2a: Toxapex|86\/100\n|-unboost|p2a: Toxapex|spa|1\n|-damage|p1a: Iron Valiant|84\/100|[from] item: Rocky Helmet|[of] p2a: Toxapex\n|\n|-weather|none\n|upkeep\n|turn|6\n|\n|t:|1697737409\n|-terastallize|p2a: Toxapex|Ground\n|move|p1a: Iron Valiant|Thunder Punch|p2a: Toxapex\n|-immune|p2a: Toxapex\n|move|p2a: Toxapex|Toxic|p1a: Iron Valiant\n|-status|p1a: Iron Valiant|tox\n|\n|-damage|p1a: Iron Valiant|78\/100 tox|[from] psn\n|upkeep\n|turn|7\n|\n|t:|1697737414\n|move|p1a: Iron Valiant|Drain Punch|p2a: Toxapex\n|-damage|p2a: Toxapex|61\/100\n|-heal|p1a: Iron Valiant|91\/100 tox|[from] drain|[of] p2a: Toxapex\n|-damage|p1a: Iron Valiant|74\/100 tox|[from] item: Rocky Helmet|[of] p2a: Toxapex\n|move|p2a: Toxapex|Surf|p1a: Iron Valiant\n|-damage|p1a: Iron Valiant|50\/100 tox\n|\n|-damage|p1a: Iron Valiant|38\/100 tox|[from] psn\n|upkeep\n|turn|8\n|\n|t:|1697737421\n|move|p1a: Iron Valiant|Drain Punch|p2a: Toxapex\n|-damage|p2a: Toxapex|36\/100\n|-heal|p1a: Iron Valiant|51\/100 tox|[from] drain|[of] p2a: Toxapex\n|-damage|p1a: Iron Valiant|34\/100 tox|[from] item: Rocky Helmet|[of] p2a: Toxapex\n|move|p2a: Toxapex|Recover|p2a: Toxapex\n|-heal|p2a: Toxapex|86\/100\n|\n|-damage|p1a: Iron Valiant|15\/100 tox|[from] psn\n|-fieldend|move: Electric Terrain\n|-end|p1a: Iron Valiant|Quark Drive\n|upkeep\n|-enditem|p1a: Iron Valiant|Booster Energy\n|-activate|p1a: Iron Valiant|ability: Quark Drive|[fromitem]\n|-start|p1a: Iron Valiant|quarkdrivespe\n|turn|9\n|\n|t:|1697737426\n|move|p1a: Iron Valiant|Drain Punch|p2a: Toxapex\n|-damage|p2a: Toxapex|61\/100\n|-heal|p1a: Iron Valiant|29\/100 tox|[from] drain|[of] p2a: Toxapex\n|-damage|p1a: Iron Valiant|12\/100 tox|[from] item: Rocky Helmet|[of] p2a: Toxapex\n|move|p2a: Toxapex|Recover|p2a: Toxapex\n|-heal|p2a: Toxapex|100\/100\n|\n|-damage|p1a: Iron Valiant|0 fnt|[from] psn\n|faint|p1a: Iron Valiant\n|-end|p1a: Iron Valiant|Quark Drive|[silent]\n|upkeep\n|\n|t:|1697737432\n|switch|p1a: Volcarona|Volcarona, F|100\/100\n|turn|10\n|\n|t:|1697737445\n|switch|p2a: Blissey|Blissey, F|100\/100\n|move|p1a: Volcarona|Giga Drain|p2a: Blissey\n|-damage|p2a: Blissey|89\/100\n|-damage|p1a: Volcarona|91\/100|[from] item: Life Orb\n|\n|upkeep\n|turn|11\n|\n|t:|1697737464\n|move|p1a: Volcarona|Fiery Dance|p2a: Blissey\n|-damage|p2a: Blissey|71\/100\n|-boost|p1a: Volcarona|spa|1\n|-damage|p1a: Volcarona|81\/100|[from] item: Life Orb\n|move|p2a: Blissey|Thunder Wave|p1a: Volcarona\n|-status|p1a: Volcarona|par\n|\n|upkeep\n|turn|12\n|\n|t:|1697737483\n|move|p1a: Volcarona|Giga Drain|p2a: Blissey\n|-damage|p2a: Blissey|54\/100\n|-heal|p1a: Volcarona|98\/100 par|[from] drain|[of] p2a: Blissey\n|-damage|p1a: Volcarona|88\/100 par|[from] item: Life Orb\n|move|p2a: Blissey|Shadow Ball|p1a: Volcarona\n|-damage|p1a: Volcarona|73\/100 par\n|-unboost|p1a: Volcarona|spd|1\n|\n|upkeep\n|turn|13\n|\n|t:|1697737492\n|move|p1a: Volcarona|Giga Drain|p2a: Blissey\n|-damage|p2a: Blissey|35\/100\n|-heal|p1a: Volcarona|92\/100 par|[from] drain|[of] p2a: Blissey\n|-damage|p1a: Volcarona|83\/100 par|[from] item: Life Orb\n|move|p2a: Blissey|Soft-Boiled|p2a: Blissey\n|-heal|p2a: Blissey|85\/100\n|\n|upkeep\n|turn|14\n|\n|t:|1697737505\n|switch|p1a: Skeledirge|Skeledirge, M|100\/100\n|move|p2a: Blissey|Shadow Ball|p1a: Skeledirge\n|-supereffective|p1a: Skeledirge\n|-damage|p1a: Skeledirge|67\/100\n|-enditem|p1a: Skeledirge|Weakness Policy\n|-boost|p1a: Skeledirge|atk|2|[from] item: Weakness Policy\n|-boost|p1a: Skeledirge|spa|2|[from] item: Weakness Policy\n|\n|upkeep\n|turn|15\n|\n|t:|1697737510\n|move|p1a: Skeledirge|Torch Song|p2a: Blissey\n|-damage|p2a: Blissey|58\/100\n|-boost|p1a: Skeledirge|spa|1\n|move|p2a: Blissey|Thunder Wave|p1a: Skeledirge|[miss]\n|-miss|p2a: Blissey|p1a: Skeledirge\n|\n|upkeep\n|turn|16\n|\n|t:|1697737517\n|move|p1a: Skeledirge|Torch Song|p2a: Blissey\n|-damage|p2a: Blissey|25\/100\n|-boost|p1a: Skeledirge|spa|1\n|move|p2a: Blissey|Thunder Wave|p1a: Skeledirge\n|-status|p1a: Skeledirge|par\n|\n|upkeep\n|turn|17\n|\n|t:|1697737523\n|move|p2a: Blissey|Soft-Boiled|p2a: Blissey\n|-heal|p2a: Blissey|75\/100\n|cant|p1a: Skeledirge|par\n|\n|upkeep\n|turn|18\n|\n|t:|1697737527\n|move|p2a: Blissey|Shadow Ball|p1a: Skeledirge\n|-supereffective|p1a: Skeledirge\n|-damage|p1a: Skeledirge|35\/100 par\n|cant|p1a: Skeledirge|par\n|\n|upkeep\n|turn|19\n|\n|t:|1697737532\n|move|p2a: Blissey|Shadow Ball|p1a: Skeledirge\n|-supereffective|p1a: Skeledirge\n|-damage|p1a: Skeledirge|7\/100 par\n|cant|p1a: Skeledirge|par\n|\n|upkeep\n|turn|20\n|c|\u2606EriorYT|DX\n|\n|t:|1697737538\n|move|p2a: Blissey|Shadow Ball|p1a: Skeledirge\n|-supereffective|p1a: Skeledirge\n|-damage|p1a: Skeledirge|0 fnt\n|faint|p1a: Skeledirge\n|\n|upkeep\n|\n|t:|1697737542\n|switch|p1a: Corviknight|Corviknight, F, shiny|100\/100\n|turn|21\n|\n|t:|1697737547\n|move|p1a: Corviknight|Light Screen|p1a: Corviknight\n|-sidestart|p1: cottonwaffle1|move: Light Screen\n|move|p2a: Blissey|Thunder Wave|p1a: Corviknight\n|-status|p1a: Corviknight|par\n|\n|upkeep\n|turn|22\n|\n|t:|1697737550\n|move|p2a: Blissey|Shadow Ball|p1a: Corviknight\n|-damage|p1a: Corviknight|94\/100 par\n|move|p1a: Corviknight|Reflect|p1a: Corviknight\n|-sidestart|p1: cottonwaffle1|Reflect\n|\n|upkeep\n|turn|23\n|\n|t:|1697737555\n|move|p2a: Blissey|Shadow Ball|p1a: Corviknight\n|-damage|p1a: Corviknight|89\/100 par\n|move|p1a: Corviknight|U-turn|p2a: Blissey\n|-damage|p2a: Blissey|63\/100\n|\n|t:|1697737562\n|switch|p1a: Hydreigon|Hydreigon, F|100\/100|[from] U-turn\n|\n|upkeep\n|turn|24\n|\n|t:|1697737567\n|move|p1a: Hydreigon|Nasty Plot|p1a: Hydreigon\n|-boost|p1a: Hydreigon|spa|2\n|move|p2a: Blissey|Soft-Boiled|p2a: Blissey\n|-heal|p2a: Blissey|100\/100\n|\n|upkeep\n|turn|25\n|\n|t:|1697737572\n|move|p1a: Hydreigon|Nasty Plot|p1a: Hydreigon\n|-boost|p1a: Hydreigon|spa|2\n|move|p2a: Blissey|Thunder Wave|p1a: Hydreigon\n|-status|p1a: Hydreigon|par\n|\n|upkeep\n|turn|26\n|\n|t:|1697737575\n|move|p1a: Hydreigon|Nasty Plot|p1a: Hydreigon\n|-boost|p1a: Hydreigon|spa|2\n|move|p2a: Blissey|Seismic Toss|p1a: Hydreigon\n|-damage|p1a: Hydreigon|70\/100 par\n|\n|upkeep\n|turn|27\n|\n|t:|1697737580\n|move|p1a: Hydreigon|Dark Pulse|p2a: Blissey\n|-damage|p2a: Blissey|41\/100\n|-damage|p1a: Hydreigon|60\/100 par|[from] item: Life Orb\n|move|p2a: Blissey|Seismic Toss|p1a: Hydreigon\n|-damage|p1a: Hydreigon|29\/100 par\n|\n|upkeep\n|turn|28\n|\n|t:|1697737582\n|move|p1a: Hydreigon|Dark Pulse|p2a: Blissey\n|-crit|p2a: Blissey\n|-damage|p2a: Blissey|0 fnt\n|faint|p2a: Blissey\n|-damage|p1a: Hydreigon|19\/100 par|[from] item: Life Orb\n|\n|-sideend|p1: cottonwaffle1|move: Light Screen\n|upkeep\n|\n|t:|1697737590\n|switch|p2a: Miraidon|Miraidon|91\/100\n|-fieldstart|move: Electric Terrain|[from] ability: Hadron Engine|[of] p2a: Miraidon\n|turn|29\n|\n|t:|1697737599\n|move|p2a: Miraidon|Parabolic Charge|p1a: Hydreigon\n|-resisted|p1a: Hydreigon\n|-damage|p1a: Hydreigon|0 fnt\n|-heal|p2a: Miraidon|99\/100|[from] drain|[of] p1a: Hydreigon\n|faint|p1a: Hydreigon\n|-damage|p2a: Miraidon|90\/100|[from] item: Life Orb\n|\n|-sideend|p1: cottonwaffle1|Reflect\n|upkeep\n|\n|t:|1697737601\n|switch|p1a: Corviknight|Corviknight, F, shiny|89\/100 par\n|turn|30\n|\n|t:|1697737605\n|move|p2a: Miraidon|Parabolic Charge|p1a: Corviknight\n|-supereffective|p1a: Corviknight\n|-damage|p1a: Corviknight|0 fnt\n|-heal|p2a: Miraidon|100\/100|[from] drain|[of] p1a: Corviknight\n|faint|p1a: Corviknight\n|-damage|p2a: Miraidon|91\/100|[from] item: Life Orb\n|\n|upkeep\n|\n|t:|1697737608\n|switch|p1a: Volcarona|Volcarona, F|83\/100 par\n|turn|31\n|\n|t:|1697737612\n|move|p2a: Miraidon|Draco Meteor|p1a: Volcarona\n|-damage|p1a: Volcarona|0 fnt\n|-unboost|p2a: Miraidon|spa|2\n|faint|p1a: Volcarona\n|-damage|p2a: Miraidon|81\/100|[from] item: Life Orb\n|\n|win|EriorYT\n|raw|cottonwaffle1's rating: 1134 &rarr; <strong>1113<\/strong><br \/>(-21 for losing)\n|raw|EriorYT's rating: 1195 &rarr; <strong>1216<\/strong><br \/>(+21 for winning)\n|l|\u2606cottonwaffle1\n","uploadtime":1697737620,"views":10,"p1id":"cottonwaffle1","p2id":"erioryt","formatid":"gen9ubers","rating":1113,"private":0,"password":""}