{"id":"gen9ubers-1968040816","p1":"BOB2357","p2":"trialteam98","format":"[Gen 9] Ubers","log":"|j|\u2606BOB2357\n|j|\u2606trialteam98\n|t:|1697377760\n|gametype|singles\n|player|p1|BOB2357|caitlin|1136\n|player|p2|trialteam98|lady-gen4|1036\n|teamsize|p1|6\n|teamsize|p2|6\n|gen|9\n|tier|[Gen 9] Ubers\n|rated|\n|rule|Sleep Clause Mod: Limit one foe put to sleep\n|rule|Species Clause: Limit one of each Pok\u00e9mon\n|rule|OHKO Clause: OHKO moves are banned\n|rule|Evasion Items Clause: Evasion items are banned\n|rule|Evasion Moves Clause: Evasion moves are banned\n|rule|Endless Battle Clause: Forcing endless battles is banned\n|rule|HP Percentage Mod: HP is shown in percentages\n|clearpoke\n|poke|p1|Iron Bundle|\n|poke|p1|Palafin, F|\n|poke|p1|Urshifu-*, F|\n|poke|p1|Regieleki|\n|poke|p1|Ribombee, M|\n|poke|p1|Landorus, M|\n|poke|p2|Flutter Mane|\n|poke|p2|Misdreavus, F|\n|poke|p2|Mismagius, F|\n|poke|p2|Gardevoir, M|\n|poke|p2|Gallade, M|\n|poke|p2|Iron Valiant|\n|teampreview\n|\n|t:|1697377773\n|start\n|switch|p1a: Ribombee|Ribombee, M|100\/100\n|switch|p2a: Mismagius|Mismagius, F|100\/100\n|turn|1\n|\n|t:|1697377779\n|move|p1a: Ribombee|Sticky Web|p2a: Mismagius\n|-sidestart|p2: trialteam98|move: Sticky Web\n|move|p2a: Mismagius|Thunder Wave|p1a: Ribombee\n|-status|p1a: Ribombee|par\n|\n|upkeep\n|turn|2\n|\n|t:|1697377783\n|move|p2a: Mismagius|Hex|p1a: Ribombee\n|-enditem|p1a: Ribombee|Focus Sash\n|-damage|p1a: Ribombee|1\/100 par\n|-damage|p2a: Mismagius|91\/100|[from] item: Life Orb\n|cant|p1a: Ribombee|par\n|\n|upkeep\n|turn|3\n|\n|t:|1697377791\n|move|p2a: Mismagius|Hex|p1a: Ribombee\n|-damage|p1a: Ribombee|0 fnt\n|faint|p1a: Ribombee\n|-damage|p2a: Mismagius|81\/100|[from] item: Life Orb\n|\n|upkeep\n|\n|t:|1697377796\n|switch|p1a: Urshifu|Urshifu, F|100\/100\n|turn|4\n|\n|t:|1697377801\n|move|p2a: Mismagius|Will-O-Wisp|p1a: Urshifu|[miss]\n|-miss|p2a: Mismagius|p1a: Urshifu\n|move|p1a: Urshifu|Wicked Blow|p2a: Mismagius\n|-supereffective|p2a: Mismagius\n|-crit|p2a: Mismagius\n|-damage|p2a: Mismagius|0 fnt\n|faint|p2a: Mismagius\n|\n|upkeep\n|\n|t:|1697377806\n|switch|p2a: Misdreavus|Misdreavus, F|100\/100\n|turn|5\n|\n|t:|1697377809\n|move|p2a: Misdreavus|Endure|p2a: Misdreavus\n|-singleturn|p2a: Misdreavus|move: Endure\n|move|p1a: Urshifu|Wicked Blow|p2a: Misdreavus\n|-supereffective|p2a: Misdreavus\n|-crit|p2a: Misdreavus\n|-activate|p2a: Misdreavus|move: Endure\n|-damage|p2a: Misdreavus|1\/100\n|\n|upkeep\n|turn|6\n|-enditem|p2a: Misdreavus|Custap Berry|[eat]\n|-activate|p2a: Misdreavus|item: Custap Berry|[consumed]\n|\n|t:|1697377814\n|move|p2a: Misdreavus|Destiny Bond|p2a: Misdreavus\n|-singlemove|p2a: Misdreavus|Destiny Bond\n|move|p1a: Urshifu|Wicked Blow|p2a: Misdreavus\n|-supereffective|p2a: Misdreavus\n|-crit|p2a: Misdreavus\n|-damage|p2a: Misdreavus|0 fnt\n|faint|p2a: Misdreavus\n|-activate|p2a: Misdreavus|move: Destiny Bond\n|faint|p1a: Urshifu\n|\n|upkeep\n|\n|t:|1697377837\n|switch|p2a: Gallade|Gallade, M|100\/100\n|switch|p1a: Iron Bundle|Iron Bundle|100\/100\n|-activate|p2a: Gallade|move: Sticky Web\n|-unboost|p2a: Gallade|spe|1\n|turn|7\n|\n|t:|1697377847\n|move|p1a: Iron Bundle|Hydro Pump|p2a: Gallade\n|-damage|p2a: Gallade|17\/100\n|move|p2a: Gallade|Leaf Blade|p1a: Iron Bundle\n|-supereffective|p1a: Iron Bundle\n|-damage|p1a: Iron Bundle|0 fnt\n|faint|p1a: Iron Bundle\n|-end|p1a: Iron Bundle|Quark Drive|[silent]\n|-damage|p2a: Gallade|7\/100|[from] item: Life Orb\n|\n|upkeep\n|\n|t:|1697377853\n|switch|p1a: Regieleki|Regieleki|100\/100\n|turn|8\n|\n|t:|1697377859\n|move|p1a: Regieleki|Thunderbolt|p2a: Gallade\n|-damage|p2a: Gallade|0 fnt\n|faint|p2a: Gallade\n|\n|upkeep\n|\n|t:|1697377864\n|switch|p2a: Gardevoir|Gardevoir, M|100\/100\n|-activate|p2a: Gardevoir|move: Sticky Web\n|-unboost|p2a: Gardevoir|spe|1\n|turn|9\n|\n|t:|1697377867\n|move|p1a: Regieleki|Thunderbolt|p2a: Gardevoir\n|-damage|p2a: Gardevoir|43\/100\n|move|p2a: Gardevoir|Moonblast|p1a: Regieleki\n|-damage|p1a: Regieleki|8\/100\n|\n|upkeep\n|turn|10\n|\n|t:|1697377874\n|move|p1a: Regieleki|Thunderbolt|p2a: Gardevoir\n|-damage|p2a: Gardevoir|0 fnt\n|faint|p2a: Gardevoir\n|\n|upkeep\n|\n|t:|1697377878\n|switch|p2a: Flutter Mane|Flutter Mane|100\/100\n|-activate|p2a: Flutter Mane|move: Sticky Web\n|-unboost|p2a: Flutter Mane|spe|1\n|-enditem|p2a: Flutter Mane|Booster Energy\n|-activate|p2a: Flutter Mane|ability: Protosynthesis|[fromitem]\n|-start|p2a: Flutter Mane|protosynthesisspa\n|turn|11\n|\n|t:|1697377881\n|move|p1a: Regieleki|Thunderbolt|p2a: Flutter Mane\n|-damage|p2a: Flutter Mane|47\/100\n|move|p2a: Flutter Mane|Moonblast|p1a: Regieleki\n|-damage|p1a: Regieleki|0 fnt\n|faint|p1a: Regieleki\n|\n|upkeep\n|\n|t:|1697377885\n|switch|p1a: Landorus|Landorus, M|100\/100\n|turn|12\n|\n|t:|1697377888\n|move|p1a: Landorus|Sludge Bomb|p2a: Flutter Mane\n|-damage|p2a: Flutter Mane|0 fnt\n|faint|p2a: Flutter Mane\n|-end|p2a: Flutter Mane|Protosynthesis|[silent]\n|\n|upkeep\n|\n|t:|1697377891\n|switch|p2a: Iron Valiant|Iron Valiant|100\/100\n|-activate|p2a: Iron Valiant|move: Sticky Web\n|-unboost|p2a: Iron Valiant|spe|1\n|-enditem|p2a: Iron Valiant|Booster Energy\n|-activate|p2a: Iron Valiant|ability: Quark Drive|[fromitem]\n|-start|p2a: Iron Valiant|quarkdriveatk\n|turn|13\n|\n|t:|1697377899\n|-terastallize|p2a: Iron Valiant|Steel\n|move|p1a: Landorus|Sludge Bomb|p2a: Iron Valiant\n|-immune|p2a: Iron Valiant\n|move|p2a: Iron Valiant|Ice Punch|p1a: Landorus\n|-supereffective|p1a: Landorus\n|-damage|p1a: Landorus|0 fnt\n|faint|p1a: Landorus\n|\n|upkeep\n|\n|t:|1697377901\n|switch|p1a: Palafin|Palafin, F|100\/100\n|turn|14\n|\n|t:|1697377912\n|move|p1a: Palafin|Drain Punch|p2a: Iron Valiant\n|-supereffective|p2a: Iron Valiant\n|-damage|p2a: Iron Valiant|54\/100\n|move|p2a: Iron Valiant|Swords Dance|p2a: Iron Valiant\n|-boost|p2a: Iron Valiant|atk|2\n|\n|upkeep\n|turn|15\n|\n|t:|1697377917\n|move|p1a: Palafin|Drain Punch|p2a: Iron Valiant\n|-supereffective|p2a: Iron Valiant\n|-damage|p2a: Iron Valiant|4\/100\n|move|p2a: Iron Valiant|Drain Punch|p1a: Palafin\n|-damage|p1a: Palafin|0 fnt\n|-heal|p2a: Iron Valiant|68\/100|[from] drain|[of] p1a: Palafin\n|faint|p1a: Palafin\n|\n|win|trialteam98\n|raw|BOB2357's rating: 1136 &rarr; <strong>1104<\/strong><br \/>(-32 for losing)\n|raw|trialteam98's rating: 1036 &rarr; <strong>1080<\/strong><br \/>(+44 for winning)\n|l|\u2606BOB2357\n","uploadtime":1697377924,"views":14,"p1id":"bob2357","p2id":"trialteam98","formatid":"gen9ubers","rating":1080,"private":0,"password":""}