{"id":"gen9ubers-1993309094","p1":"Vecol","p2":"Defog Conk Enjoyer","format":"[Gen 9] Ubers","log":"|j|\u2606Vecol\n|j|\u2606Defog Conk Enjoyer\n|t:|1700295235\n|gametype|singles\n|player|p1|Vecol|crasherwake|1281\n|player|p2|Defog Conk Enjoyer|supernerd|1388\n|teamsize|p1|6\n|teamsize|p2|6\n|gen|9\n|tier|[Gen 9] Ubers\n|rated|\n|rule|Sleep Clause Mod: Limit one foe put to sleep\n|rule|Species Clause: Limit one of each Pok\u00e9mon\n|rule|OHKO Clause: OHKO moves are banned\n|rule|Evasion Items Clause: Evasion items are banned\n|rule|Evasion Moves Clause: Evasion moves are banned\n|rule|Endless Battle Clause: Forcing endless battles is banned\n|rule|HP Percentage Mod: HP is shown in percentages\n|clearpoke\n|poke|p1|Chien-Pao|\n|poke|p1|Zacian-*|\n|poke|p1|Regieleki|\n|poke|p1|Skeledirge, F|\n|poke|p1|Ting-Lu|\n|poke|p1|Kyogre|\n|poke|p2|Zacian-*|\n|poke|p2|Koraidon|\n|poke|p2|Miraidon|\n|poke|p2|Arceus|\n|poke|p2|Groudon|\n|poke|p2|Eternatus|\n|teampreview\n|inactive|Battle timer is ON: inactive players will automatically lose when time's up. (requested by Vecol)\n|\n|t:|1700295247\n|start\n|switch|p1a: Ting-Lu|Ting-Lu|100\/100\n|switch|p2a: Gorilla|Groudon|100\/100\n|-weather|SunnyDay|[from] ability: Drought|[of] p2a: Gorilla\n|-ability|p1a: Ting-Lu|Vessel of Ruin\n|turn|1\n|\n|t:|1700295254\n|move|p2a: Gorilla|Will-O-Wisp|p1a: Ting-Lu\n|-status|p1a: Ting-Lu|brn\n|move|p1a: Ting-Lu|Stealth Rock|p2a: Gorilla\n|-sidestart|p2: Defog Conk Enjoyer|move: Stealth Rock\n|\n|-weather|SunnyDay|[upkeep]\n|-damage|p1a: Ting-Lu|94\/100 brn|[from] brn\n|upkeep\n|turn|2\n|\n|t:|1700295257\n|move|p2a: Gorilla|Stealth Rock|p1a: Ting-Lu\n|-sidestart|p1: Vecol|move: Stealth Rock\n|move|p1a: Ting-Lu|Spikes|p2a: Gorilla\n|-sidestart|p2: Defog Conk Enjoyer|Spikes\n|\n|-weather|SunnyDay|[upkeep]\n|-heal|p1a: Ting-Lu|100\/100 brn|[from] item: Leftovers\n|-damage|p1a: Ting-Lu|94\/100 brn|[from] brn\n|upkeep\n|turn|3\n|\n|t:|1700295265\n|switch|p2a: Sad Wheels|Koraidon|100\/100\n|-damage|p2a: Sad Wheels|94\/100|[from] Stealth Rock\n|-damage|p2a: Sad Wheels|82\/100|[from] Spikes\n|-activate|p2a: Sad Wheels|ability: Orichalcum Pulse\n|move|p1a: Ting-Lu|Ruination|p2a: Sad Wheels\n|-damage|p2a: Sad Wheels|41\/100\n|\n|-weather|SunnyDay|[upkeep]\n|-heal|p2a: Sad Wheels|47\/100|[from] item: Leftovers\n|-heal|p1a: Ting-Lu|100\/100 brn|[from] item: Leftovers\n|-damage|p1a: Ting-Lu|94\/100 brn|[from] brn\n|upkeep\n|turn|4\n|\n|t:|1700295271\n|switch|p1a: Skeledirge|Skeledirge, F|100\/100\n|move|p2a: Sad Wheels|Collision Course|p1a: Skeledirge\n|-immune|p1a: Skeledirge\n|\n|-weather|SunnyDay|[upkeep]\n|-heal|p2a: Sad Wheels|54\/100|[from] item: Leftovers\n|upkeep\n|turn|5\n|\n|t:|1700295277\n|move|p2a: Sad Wheels|Swords Dance|p2a: Sad Wheels\n|-boost|p2a: Sad Wheels|atk|2\n|move|p1a: Skeledirge|Will-O-Wisp|p2a: Sad Wheels\n|-status|p2a: Sad Wheels|brn\n|\n|-weather|none\n|-heal|p2a: Sad Wheels|60\/100 brn|[from] item: Leftovers\n|-damage|p2a: Sad Wheels|54\/100 brn|[from] brn\n|upkeep\n|turn|6\n|\n|t:|1700295281\n|move|p2a: Sad Wheels|Scale Shot|p1a: Skeledirge\n|-damage|p1a: Skeledirge|96\/100\n|-damage|p1a: Skeledirge|92\/100\n|-damage|p1a: Skeledirge|89\/100\n|-hitcount|p1a: Skeledirge|3\n|-unboost|p2a: Sad Wheels|def|1\n|-boost|p2a: Sad Wheels|spe|1\n|move|p1a: Skeledirge|Hex|p2a: Sad Wheels\n|-damage|p2a: Sad Wheels|7\/100 brn\n|\n|-heal|p2a: Sad Wheels|13\/100 brn|[from] item: Leftovers\n|-damage|p2a: Sad Wheels|7\/100 brn|[from] brn\n|upkeep\n|turn|7\n|\n|t:|1700295285\n|move|p2a: Sad Wheels|Scale Shot|p1a: Skeledirge\n|-damage|p1a: Skeledirge|84\/100\n|-damage|p1a: Skeledirge|80\/100\n|-damage|p1a: Skeledirge|76\/100\n|-damage|p1a: Skeledirge|72\/100\n|-damage|p1a: Skeledirge|68\/100\n|-hitcount|p1a: Skeledirge|5\n|-unboost|p2a: Sad Wheels|def|1\n|-boost|p2a: Sad Wheels|spe|1\n|move|p1a: Skeledirge|Slack Off|p1a: Skeledirge\n|-heal|p1a: Skeledirge|100\/100\n|\n|-heal|p2a: Sad Wheels|13\/100 brn|[from] item: Leftovers\n|-damage|p2a: Sad Wheels|7\/100 brn|[from] brn\n|upkeep\n|turn|8\n|\n|t:|1700295292\n|move|p2a: Sad Wheels|Scale Shot|p1a: Skeledirge\n|-damage|p1a: Skeledirge|96\/100\n|-damage|p1a: Skeledirge|92\/100\n|-damage|p1a: Skeledirge|88\/100\n|-damage|p1a: Skeledirge|84\/100\n|-hitcount|p1a: Skeledirge|4\n|-unboost|p2a: Sad Wheels|def|1\n|-boost|p2a: Sad Wheels|spe|1\n|move|p1a: Skeledirge|Torch Song|p2a: Sad Wheels\n|-resisted|p2a: Sad Wheels\n|-damage|p2a: Sad Wheels|0 fnt\n|-boost|p1a: Skeledirge|spa|1\n|faint|p2a: Sad Wheels\n|\n|upkeep\n|\n|t:|1700295294\n|switch|p2a: Gorilla|Groudon|100\/100\n|-damage|p2a: Gorilla|94\/100|[from] Stealth Rock\n|-damage|p2a: Gorilla|82\/100|[from] Spikes\n|-weather|SunnyDay|[from] ability: Drought|[of] p2a: Gorilla\n|turn|9\n|\n|t:|1700295300\n|switch|p1a: Ting-Lu|Ting-Lu|94\/100 brn\n|-damage|p1a: Ting-Lu|88\/100 brn|[from] Stealth Rock\n|-ability|p1a: Ting-Lu|Vessel of Ruin\n|move|p2a: Gorilla|Precipice Blades|p1a: Ting-Lu\n|-damage|p1a: Ting-Lu|46\/100 brn\n|\n|-weather|SunnyDay|[upkeep]\n|-heal|p1a: Ting-Lu|52\/100 brn|[from] item: Leftovers\n|-damage|p1a: Ting-Lu|46\/100 brn|[from] brn\n|upkeep\n|turn|10\n|\n|t:|1700295306\n|move|p2a: Gorilla|Precipice Blades|p1a: Ting-Lu\n|-damage|p1a: Ting-Lu|7\/100 brn\n|move|p1a: Ting-Lu|Ruination|p2a: Gorilla\n|-damage|p2a: Gorilla|41\/100\n|\n|-weather|SunnyDay|[upkeep]\n|-heal|p1a: Ting-Lu|13\/100 brn|[from] item: Leftovers\n|-damage|p1a: Ting-Lu|7\/100 brn|[from] brn\n|upkeep\n|turn|11\n|\n|t:|1700295309\n|move|p2a: Gorilla|Fire Punch|p1a: Ting-Lu\n|-damage|p1a: Ting-Lu|0 fnt\n|faint|p1a: Ting-Lu\n|\n|-weather|SunnyDay|[upkeep]\n|upkeep\n|\n|t:|1700295319\n|switch|p1a: Kyogre|Kyogre|100\/100\n|-damage|p1a: Kyogre|88\/100|[from] Stealth Rock\n|-weather|RainDance|[from] ability: Drizzle|[of] p1a: Kyogre\n|turn|12\n|\n|t:|1700295324\n|move|p1a: Kyogre|Water Spout|p2a: Gorilla\n|-supereffective|p2a: Gorilla\n|-damage|p2a: Gorilla|0 fnt\n|faint|p2a: Gorilla\n|\n|-weather|RainDance|[upkeep]\n|upkeep\n|\n|t:|1700295329\n|switch|p2a: Terminus|Eternatus|100\/100\n|-damage|p2a: Terminus|88\/100|[from] Stealth Rock\n|-damage|p2a: Terminus|76\/100|[from] Spikes\n|-ability|p2a: Terminus|Pressure\n|turn|13\n|\n|t:|1700295336\n|switch|p1a: Zacian|Zacian-Crowned|100\/100\n|-damage|p1a: Zacian|94\/100|[from] Stealth Rock\n|-ability|p1a: Zacian|Intrepid Sword|boost\n|-boost|p1a: Zacian|atk|1\n|move|p2a: Terminus|Light Screen|p2a: Terminus\n|-sidestart|p2: Defog Conk Enjoyer|move: Light Screen\n|\n|-weather|RainDance|[upkeep]\n|upkeep\n|turn|14\n|\n|t:|1700295342\n|move|p1a: Zacian|Behemoth Blade|p2a: Terminus\n|-damage|p2a: Terminus|11\/100\n|move|p2a: Terminus|Reflect|p2a: Terminus\n|-sidestart|p2: Defog Conk Enjoyer|Reflect\n|\n|-weather|RainDance|[upkeep]\n|upkeep\n|turn|15\n|\n|t:|1700295349\n|move|p1a: Zacian|Swords Dance|p1a: Zacian\n|-boost|p1a: Zacian|atk|2\n|move|p2a: Terminus|Recover|p2a: Terminus\n|-heal|p2a: Terminus|61\/100\n|\n|-weather|RainDance|[upkeep]\n|upkeep\n|turn|16\n|\n|t:|1700295355\n|move|p1a: Zacian|Behemoth Blade|p2a: Terminus\n|-damage|p2a: Terminus|4\/100\n|move|p2a: Terminus|Recover|p2a: Terminus\n|-heal|p2a: Terminus|54\/100\n|\n|-weather|none\n|upkeep\n|turn|17\n|\n|t:|1700295366\n|switch|p2a: Happy Wheels|Miraidon|100\/100\n|-damage|p2a: Happy Wheels|88\/100|[from] Stealth Rock\n|-damage|p2a: Happy Wheels|76\/100|[from] Spikes\n|-fieldstart|move: Electric Terrain|[from] ability: Hadron Engine|[of] p2a: Happy Wheels\n|move|p1a: Zacian|Swords Dance|p1a: Zacian\n|-boost|p1a: Zacian|atk|2\n|\n|upkeep\n|turn|18\n|\n|t:|1700295374\n|-terastallize|p2a: Happy Wheels|Electric\n|move|p1a: Zacian|Close Combat|p2a: Happy Wheels\n|-damage|p2a: Happy Wheels|0 fnt\n|-unboost|p1a: Zacian|def|1\n|-unboost|p1a: Zacian|spd|1\n|faint|p2a: Happy Wheels\n|\n|upkeep\n|-message|Defog Conk Enjoyer forfeited.\n|\n|win|Vecol\n|raw|Vecol's rating: 1281 &rarr; <strong>1313<\/strong><br \/>(+32 for winning)\n|raw|Defog Conk Enjoyer's rating: 1388 &rarr; <strong>1362<\/strong><br \/>(-26 for losing)\n|c|\u2606Vecol|Cool\n|l|\u2606Defog Conk Enjoyer\n","uploadtime":1700295386,"views":15,"p1id":"vecol","p2id":"defogconkenjoyer","formatid":"gen9ubers","rating":1313,"private":0,"password":""}