{"id":"gen9ubers-1996482857","p1":"Skotchaud","p2":"Roxas RPPLF","format":"[Gen 9] Ubers","log":"|j|\u2606Skotchaud\n|j|\u2606Roxas RPPLF\n|t:|1700686355\n|gametype|singles\n|player|p1|Skotchaud|noland|\n|player|p2|Roxas RPPLF|supernerd|\n|teamsize|p1|6\n|teamsize|p2|6\n|gen|9\n|tier|[Gen 9] Ubers\n|rule|Sleep Clause Mod: Limit one foe put to sleep\n|rule|Species Clause: Limit one of each Pok\u00e9mon\n|rule|OHKO Clause: OHKO moves are banned\n|rule|Evasion Items Clause: Evasion items are banned\n|rule|Evasion Moves Clause: Evasion moves are banned\n|rule|Endless Battle Clause: Forcing endless battles is banned\n|rule|HP Percentage Mod: HP is shown in percentages\n|clearpoke\n|poke|p1|Cresselia, F|\n|poke|p1|Iron Hands|\n|poke|p1|Hatterene, F|\n|poke|p1|Iron Thorns|\n|poke|p1|Ursaluna, F|\n|poke|p1|Slowking-Galar, M|\n|poke|p2|Miraidon|\n|poke|p2|Iron Leaves|\n|poke|p2|Iron Moth|\n|poke|p2|Iron Hands|\n|poke|p2|Iron Jugulis|\n|poke|p2|Forretress, F|\n|teampreview\n|\n|t:|1700686386\n|start\n|switch|p1a: Cresselia|Cresselia, F|100\/100\n|switch|p2a: Miraidon|Miraidon|100\/100\n|-fieldstart|move: Electric Terrain|[from] ability: Hadron Engine|[of] p2a: Miraidon\n|turn|1\n|\n|t:|1700686397\n|move|p2a: Miraidon|Electro Drift|p1a: Cresselia\n|-damage|p1a: Cresselia|39\/100\n|move|p1a: Cresselia|Trick Room|p1a: Cresselia\n|-fieldstart|move: Trick Room|[of] p1a: Cresselia\n|\n|upkeep\n|turn|2\n|\n|t:|1700686429\n|switch|p1a: Ursaluna|Ursaluna, F|100\/100\n|switch|p2a: Forretress|Forretress, F|100\/100\n|\n|-status|p1a: Ursaluna|brn|[from] item: Flame Orb\n|upkeep\n|turn|3\n|\n|t:|1700686440\n|move|p2a: Forretress|Body Press|p1a: Ursaluna\n|-supereffective|p1a: Ursaluna\n|-crit|p1a: Ursaluna\n|-damage|p1a: Ursaluna|34\/100 brn\n|move|p1a: Ursaluna|Fire Punch|p2a: Forretress\n|-supereffective|p2a: Forretress\n|-ability|p2a: Forretress|Sturdy\n|-damage|p2a: Forretress|1\/100\n|-status|p2a: Forretress|brn\n|-damage|p1a: Ursaluna|17\/100 brn|[from] item: Rocky Helmet|[of] p2a: Forretress\n|\n|-damage|p2a: Forretress|0 fnt|[from] brn\n|faint|p2a: Forretress\n|-damage|p1a: Ursaluna|11\/100 brn|[from] brn\n|upkeep\n|c|\u2606Roxas RPPLF|Ce burn qui fait win un tour de frappe :)\n|\n|t:|1700686491\n|switch|p2a: Iron Hands|Iron Hands|100\/100\n|-activate|p2a: Iron Hands|ability: Quark Drive\n|-start|p2a: Iron Hands|quarkdriveatk\n|turn|4\n|\n|t:|1700686541\n|switch|p1a: Cresselia|Cresselia, F|39\/100\n|move|p2a: Iron Hands|Drain Punch|p1a: Cresselia\n|-resisted|p1a: Cresselia\n|-damage|p1a: Cresselia|24\/100\n|\n|upkeep\n|turn|5\n|\n|t:|1700686553\n|move|p2a: Iron Hands|Thunder Punch|p1a: Cresselia\n|-damage|p1a: Cresselia|0 fnt\n|faint|p1a: Cresselia\n|\n|-fieldend|move: Trick Room\n|upkeep\n|\n|t:|1700686561\n|switch|p1a: Hatterene|Hatterene, F|100\/100\n|turn|6\n|\n|t:|1700686575\n|-terastallize|p2a: Iron Hands|Ground\n|move|p2a: Iron Hands|Thunder Punch|p1a: Hatterene\n|-crit|p1a: Hatterene\n|-enditem|p1a: Hatterene|Focus Sash\n|-damage|p1a: Hatterene|1\/100\n|move|p1a: Hatterene|Trick Room|p1a: Hatterene\n|-fieldstart|move: Trick Room|[of] p1a: Hatterene\n|\n|upkeep\n|turn|7\n|\n|t:|1700686593\n|move|p1a: Hatterene|Healing Wish|p1a: Hatterene\n|faint|p1a: Hatterene\n|move|p2a: Iron Hands|Drain Punch|p1: Hatterene|[notarget]\n|-fail|p2a: Iron Hands\n|\n|upkeep\n|\n|t:|1700686599\n|switch|p1a: Ursaluna|Ursaluna, F|11\/100 brn\n|-heal|p1a: Ursaluna|100\/100|[from] move: Healing Wish\n|turn|8\n|\n|t:|1700686627\n|move|p2a: Iron Hands|Drain Punch|p1a: Ursaluna\n|-supereffective|p1a: Ursaluna\n|-damage|p1a: Ursaluna|12\/100\n|move|p1a: Ursaluna|Swords Dance|p1a: Ursaluna\n|-boost|p1a: Ursaluna|atk|2\n|\n|-fieldend|move: Electric Terrain\n|-end|p2a: Iron Hands|Quark Drive\n|-status|p1a: Ursaluna|brn|[from] item: Flame Orb\n|upkeep\n|turn|9\n|\n|t:|1700686644\n|move|p2a: Iron Hands|Earthquake|p1a: Ursaluna\n|-damage|p1a: Ursaluna|0 fnt\n|faint|p1a: Ursaluna\n|\n|upkeep\n|\n|t:|1700686652\n|switch|p1a: Iron Hands|Iron Hands|100\/100\n|turn|10\n|\n|t:|1700686666\n|-terastallize|p1a: Iron Hands|Fairy\n|move|p1a: Iron Hands|Ice Punch|p2a: Iron Hands\n|-supereffective|p2a: Iron Hands\n|-damage|p2a: Iron Hands|59\/100\n|move|p2a: Iron Hands|Earthquake|p1a: Iron Hands\n|-damage|p1a: Iron Hands|61\/100\n|\n|-fieldend|move: Trick Room\n|upkeep\n|turn|11\n|\n|t:|1700686684\n|-end|p2a: Iron Hands|Quark Drive|[silent]\n|switch|p2a: Iron Moth|Iron Moth|100\/100\n|move|p1a: Iron Hands|Drain Punch|p2a: Iron Moth\n|-resisted|p2a: Iron Moth\n|-damage|p2a: Iron Moth|68\/100\n|-heal|p1a: Iron Hands|72\/100|[from] drain|[of] p2a: Iron Moth\n|\n|upkeep\n|turn|12\n|\n|t:|1700686698\n|-end|p1a: Iron Hands|Quark Drive|[silent]\n|switch|p1a: Slowking|Slowking-Galar, M|100\/100\n|move|p2a: Iron Moth|Sludge Wave|p1a: Slowking\n|-resisted|p1a: Slowking\n|-damage|p1a: Slowking|85\/100\n|\n|-heal|p1a: Slowking|92\/100|[from] item: Black Sludge\n|upkeep\n|turn|13\n|\n|t:|1700686712\n|-end|p2a: Iron Moth|Quark Drive|[silent]\n|switch|p2a: Miraidon|Miraidon|100\/100\n|-fieldstart|move: Electric Terrain|[from] ability: Hadron Engine|[of] p2a: Miraidon\n|move|p1a: Slowking|Future Sight|p2a: Miraidon\n|-start|p1a: Slowking|move: Future Sight\n|\n|-heal|p1a: Slowking|98\/100|[from] item: Black Sludge\n|upkeep\n|turn|14\n|\n|t:|1700686733\n|move|p2a: Miraidon|Taunt|p1a: Slowking\n|-start|p1a: Slowking|move: Taunt\n|cant|p1a: Slowking|move: Taunt|Trick Room\n|\n|-heal|p1a: Slowking|100\/100|[from] item: Black Sludge\n|upkeep\n|turn|15\n|\n|t:|1700686743\n|move|p2a: Miraidon|Electro Drift|p1a: Slowking\n|-damage|p1a: Slowking|43\/100\n|move|p1a: Slowking|Sludge Bomb|p2a: Miraidon\n|-damage|p2a: Miraidon|70\/100\n|\n|-end|p2a: Miraidon|move: Future Sight\n|-damage|p2a: Miraidon|28\/100\n|-heal|p1a: Slowking|49\/100|[from] item: Black Sludge\n|upkeep\n|turn|16\n|\n|t:|1700686761\n|move|p2a: Miraidon|Electro Drift|p1a: Slowking\n|-crit|p1a: Slowking\n|-damage|p1a: Slowking|0 fnt\n|faint|p1a: Slowking\n|\n|upkeep\n|\n|t:|1700686768\n|switch|p1a: Iron Hands|Iron Hands, tera:Fairy|72\/100\n|-activate|p1a: Iron Hands|ability: Quark Drive\n|-start|p1a: Iron Hands|quarkdriveatk\n|turn|17\n|\n|t:|1700686776\n|move|p2a: Miraidon|Electro Drift|p1a: Iron Hands\n|-damage|p1a: Iron Hands|12\/100\n|move|p1a: Iron Hands|Ice Punch|p2a: Miraidon\n|-supereffective|p2a: Miraidon\n|-damage|p2a: Miraidon|0 fnt\n|faint|p2a: Miraidon\n|\n|upkeep\n|\n|t:|1700686795\n|switch|p2a: Iron Jugulis|Iron Jugulis|100\/100\n|-activate|p2a: Iron Jugulis|ability: Quark Drive\n|-start|p2a: Iron Jugulis|quarkdrivespe\n|turn|18\n|\n|t:|1700686801\n|move|p2a: Iron Jugulis|Earth Power|p1a: Iron Hands\n|-damage|p1a: Iron Hands|0 fnt\n|faint|p1a: Iron Hands\n|-end|p1a: Iron Hands|Quark Drive|[silent]\n|\n|upkeep\n|\n|t:|1700686803\n|switch|p1a: Iron Thorns|Iron Thorns|100\/100\n|-activate|p1a: Iron Thorns|ability: Quark Drive\n|-start|p1a: Iron Thorns|quarkdriveatk\n|turn|19\n|\n|t:|1700686812\n|move|p2a: Iron Jugulis|Earth Power|p1a: Iron Thorns\n|-supereffective|p1a: Iron Thorns\n|-damage|p1a: Iron Thorns|0 fnt\n|faint|p1a: Iron Thorns\n|-end|p1a: Iron Thorns|Quark Drive|[silent]\n|\n|win|Roxas RPPLF\n|c|\u2606Roxas RPPLF|Gg\n","uploadtime":1700686820,"views":14,"p1id":"skotchaud","p2id":"roxasrpplf","formatid":"gen9ubers","rating":0,"private":0,"password":""}