{"id":"gen9ubers-1983471666","p1":"natorsa","p2":"matorsa","format":"[Gen 9] Ubers","log":"|j|\u2606natorsa\n|j|\u2606matorsa\n|t:|1699133703\n|gametype|singles\n|player|p1|natorsa|1|\n|player|p2|matorsa|102|\n|teamsize|p1|6\n|teamsize|p2|6\n|gen|9\n|tier|[Gen 9] Ubers\n|rule|Sleep Clause Mod: Limit one foe put to sleep\n|rule|Species Clause: Limit one of each Pok\u00e9mon\n|rule|OHKO Clause: OHKO moves are banned\n|rule|Evasion Items Clause: Evasion items are banned\n|rule|Evasion Moves Clause: Evasion moves are banned\n|rule|Endless Battle Clause: Forcing endless battles is banned\n|rule|HP Percentage Mod: HP is shown in percentages\n|clearpoke\n|poke|p1|Noivern, F|\n|poke|p1|Houndoom, M|\n|poke|p1|Sinistcha|\n|poke|p1|Milotic, M|\n|poke|p1|Lucario, M|\n|poke|p1|Gardevoir, M|\n|poke|p2|Skeledirge, F|\n|poke|p2|Tinkaton, F|\n|poke|p2|Toedscruel, M|\n|poke|p2|Dondozo, F|\n|poke|p2|Bellibolt, M|\n|poke|p2|Flamigo, F|\n|teampreview\n|\n|t:|1699134615\n|start\n|switch|p1a: Sinistcha|Sinistcha|100\/100\n|switch|p2a: Tinkaton|Tinkaton, F|100\/100\n|-ability|p2a: Tinkaton|Mold Breaker\n|turn|1\n|\n|t:|1699134633\n|switch|p2a: Dondozo|Dondozo, F|100\/100\n|switch|p1a: Houndoom|Houndoom, M|100\/100\n|-ability|p1a: Houndoom|Unnerve\n|\n|upkeep\n|turn|2\n|\n|t:|1699134641\n|switch|p1a: Sinistcha|Sinistcha|100\/100\n|move|p2a: Dondozo|Avalanche|p1a: Sinistcha\n|-supereffective|p1a: Sinistcha\n|-crit|p1a: Sinistcha\n|-damage|p1a: Sinistcha|55\/100\n|\n|-heal|p1a: Sinistcha|61\/100|[from] item: Leftovers\n|upkeep\n|turn|3\n|\n|t:|1699134652\n|switch|p2a: Toedscruel|Toedscruel, M|100\/100\n|move|p1a: Sinistcha|Shadow Ball|p2a: Toedscruel\n|-damage|p2a: Toedscruel|62\/100\n|\n|-heal|p1a: Sinistcha|67\/100|[from] item: Leftovers\n|upkeep\n|turn|4\n|\n|t:|1699134660\n|move|p2a: Toedscruel|Dazzling Gleam|p1a: Sinistcha\n|-damage|p1a: Sinistcha|38\/100\n|-damage|p2a: Toedscruel|52\/100|[from] item: Life Orb\n|move|p1a: Sinistcha|Shadow Ball|p2a: Toedscruel\n|-damage|p2a: Toedscruel|15\/100\n|\n|-heal|p1a: Sinistcha|44\/100|[from] item: Leftovers\n|upkeep\n|turn|5\n|\n|t:|1699134670\n|switch|p2a: Bellibolt|Bellibolt, M|100\/100\n|move|p1a: Sinistcha|Shadow Ball|p2a: Bellibolt\n|-damage|p2a: Bellibolt|63\/100\n|-start|p2a: Bellibolt|Charge|Shadow Ball|[from] ability: Electromorphosis\n|\n|-heal|p1a: Sinistcha|50\/100|[from] item: Leftovers\n|upkeep\n|turn|6\n|\n|t:|1699134687\n|switch|p2a: Tinkaton|Tinkaton, F|100\/100\n|-ability|p2a: Tinkaton|Mold Breaker\n|move|p1a: Sinistcha|Shadow Ball|p2a: Tinkaton\n|-damage|p2a: Tinkaton|68\/100\n|\n|-heal|p1a: Sinistcha|56\/100|[from] item: Leftovers\n|upkeep\n|turn|7\n|\n|t:|1699134694\n|move|p2a: Tinkaton|Play Rough|p1a: Sinistcha|[miss]\n|-miss|p2a: Tinkaton|p1a: Sinistcha\n|move|p1a: Sinistcha|Shadow Ball|p2a: Tinkaton\n|-damage|p2a: Tinkaton|36\/100\n|-unboost|p2a: Tinkaton|spd|1\n|-enditem|p2a: Tinkaton|Sitrus Berry|[eat]\n|-heal|p2a: Tinkaton|61\/100|[from] item: Sitrus Berry\n|\n|-heal|p1a: Sinistcha|62\/100|[from] item: Leftovers\n|upkeep\n|turn|8\n|\n|t:|1699134700\n|move|p2a: Tinkaton|Play Rough|p1a: Sinistcha\n|-damage|p1a: Sinistcha|31\/100\n|move|p1a: Sinistcha|Shadow Ball|p2a: Tinkaton\n|-damage|p2a: Tinkaton|6\/100\n|\n|-heal|p1a: Sinistcha|37\/100|[from] item: Leftovers\n|upkeep\n|turn|9\n|\n|t:|1699134716\n|switch|p1a: Lucario|Lucario, M|100\/100\n|move|p2a: Tinkaton|Gigaton Hammer|p1a: Lucario\n|-resisted|p1a: Lucario\n|-damage|p1a: Lucario|55\/100\n|\n|upkeep\n|turn|10\n|\n|t:|1699134732\n|move|p1a: Lucario|Zen Headbutt|p2a: Tinkaton\n|-resisted|p2a: Tinkaton\n|-damage|p2a: Tinkaton|0 fnt\n|faint|p2a: Tinkaton\n|-damage|p1a: Lucario|46\/100|[from] item: Life Orb\n|\n|upkeep\n|\n|t:|1699134737\n|switch|p2a: Skeledirge|Skeledirge, F|100\/100\n|turn|11\n|\n|t:|1699134744\n|switch|p1a: Milotic|Milotic, M|100\/100\n|move|p2a: Skeledirge|Shadow Ball|p1a: Milotic\n|-damage|p1a: Milotic|65\/100\n|-damage|p2a: Skeledirge|91\/100|[from] item: Life Orb\n|\n|-heal|p1a: Milotic|71\/100|[from] item: Leftovers\n|upkeep\n|turn|12\n|\n|t:|1699134763\n|switch|p2a: Dondozo|Dondozo, F|100\/100\n|move|p1a: Milotic|Scald|p2a: Dondozo\n|-resisted|p2a: Dondozo\n|-damage|p2a: Dondozo|90\/100\n|\n|-heal|p1a: Milotic|77\/100|[from] item: Leftovers\n|upkeep\n|turn|13\n|\n|t:|1699134779\n|switch|p2a: Toedscruel|Toedscruel, M|15\/100\n|move|p1a: Milotic|Recover|p1a: Milotic\n|-heal|p1a: Milotic|100\/100\n|\n|upkeep\n|turn|14\n|\n|t:|1699134787\n|move|p2a: Toedscruel|Energy Ball|p1a: Milotic\n|-supereffective|p1a: Milotic\n|-damage|p1a: Milotic|31\/100\n|-damage|p2a: Toedscruel|5\/100|[from] item: Life Orb\n|move|p1a: Milotic|Scald|p2a: Toedscruel\n|-damage|p2a: Toedscruel|0 fnt\n|faint|p2a: Toedscruel\n|\n|-heal|p1a: Milotic|37\/100|[from] item: Leftovers\n|upkeep\n|\n|t:|1699134799\n|switch|p2a: Flamigo|Flamigo, F|100\/100\n|turn|15\n|\n|t:|1699134812\n|move|p2a: Flamigo|Brave Bird|p1a: Milotic\n|-damage|p1a: Milotic|0 fnt\n|faint|p1a: Milotic\n|-damage|p2a: Flamigo|85\/100|[from] Recoil\n|\n|upkeep\n|\n|t:|1699134823\n|switch|p1a: Sinistcha|Sinistcha|37\/100\n|turn|16\n|\n|t:|1699134831\n|move|p2a: Flamigo|Brave Bird|p1a: Sinistcha\n|-supereffective|p1a: Sinistcha\n|-damage|p1a: Sinistcha|0 fnt\n|faint|p1a: Sinistcha\n|-damage|p2a: Flamigo|71\/100|[from] Recoil\n|\n|upkeep\n|\n|t:|1699134839\n|switch|p1a: Gardevoir|Gardevoir, M|100\/100\n|turn|17\n|\n|t:|1699134845\n|move|p2a: Flamigo|U-turn|p1a: Gardevoir\n|-damage|p1a: Gardevoir|70\/100\n|\n|t:|1699134851\n|switch|p2a: Skeledirge|Skeledirge, F|91\/100|[from] U-turn\n|move|p1a: Gardevoir|Thunderbolt|p2a: Skeledirge\n|-damage|p2a: Skeledirge|59\/100\n|\n|upkeep\n|turn|18\n|\n|t:|1699134864\n|switch|p1a: Houndoom|Houndoom, M|100\/100\n|-ability|p1a: Houndoom|Unnerve\n|move|p2a: Skeledirge|Earth Power|p1a: Houndoom\n|-supereffective|p1a: Houndoom\n|-damage|p1a: Houndoom|6\/100\n|-enditem|p1a: Houndoom|Sitrus Berry|[eat]\n|-heal|p1a: Houndoom|31\/100|[from] item: Sitrus Berry\n|-damage|p2a: Skeledirge|49\/100|[from] item: Life Orb\n|\n|upkeep\n|turn|19\n|\n|t:|1699134882\n|switch|p1a: Noivern|Noivern, F|100\/100\n|move|p2a: Skeledirge|Shadow Ball|p1a: Noivern\n|-damage|p1a: Noivern|33\/100\n|-damage|p2a: Skeledirge|39\/100|[from] item: Life Orb\n|\n|upkeep\n|turn|20\n|\n|t:|1699134895\n|move|p1a: Noivern|Air Slash|p2a: Skeledirge\n|-damage|p2a: Skeledirge|0 fnt\n|faint|p2a: Skeledirge\n|-damage|p1a: Noivern|23\/100|[from] item: Life Orb\n|\n|upkeep\n|\n|t:|1699134902\n|switch|p2a: Bellibolt|Bellibolt, M|63\/100\n|turn|21\n|\n|t:|1699134908\n|move|p1a: Noivern|Boomburst|p2a: Bellibolt\n|-damage|p2a: Bellibolt|13\/100\n|-start|p2a: Bellibolt|Charge|Boomburst|[from] ability: Electromorphosis\n|-enditem|p2a: Bellibolt|Sitrus Berry|[eat]\n|-heal|p2a: Bellibolt|38\/100|[from] item: Sitrus Berry\n|-damage|p1a: Noivern|13\/100|[from] item: Life Orb\n|move|p2a: Bellibolt|Thunderbolt|p1a: Noivern\n|-damage|p1a: Noivern|0 fnt\n|faint|p1a: Noivern\n|-end|p2a: Bellibolt|Charge|[silent]\n|\n|upkeep\n|\n|t:|1699134925\n|switch|p1a: Gardevoir|Gardevoir, M|70\/100\n|turn|22\n|\n|t:|1699134937\n|move|p1a: Gardevoir|Moonblast|p2a: Bellibolt\n|-damage|p2a: Bellibolt|0 fnt\n|faint|p2a: Bellibolt\n|\n|upkeep\n|\n|t:|1699134943\n|switch|p2a: Flamigo|Flamigo, F|71\/100\n|turn|23\n|\n|t:|1699134950\n|move|p2a: Flamigo|Brave Bird|p1a: Gardevoir\n|-damage|p1a: Gardevoir|0 fnt\n|faint|p1a: Gardevoir\n|-damage|p2a: Flamigo|46\/100|[from] Recoil\n|\n|upkeep\n|\n|t:|1699134958\n|switch|p1a: Houndoom|Houndoom, M|31\/100\n|-ability|p1a: Houndoom|Unnerve\n|turn|24\n|\n|t:|1699134964\n|move|p1a: Houndoom|Flamethrower|p2a: Flamigo\n|-damage|p2a: Flamigo|1\/100\n|move|p2a: Flamigo|Close Combat|p1a: Houndoom\n|-supereffective|p1a: Houndoom\n|-damage|p1a: Houndoom|0 fnt\n|-unboost|p2a: Flamigo|def|1\n|-unboost|p2a: Flamigo|spd|1\n|faint|p1a: Houndoom\n|\n|upkeep\n|\n|t:|1699134976\n|switch|p1a: Lucario|Lucario, M|46\/100\n|turn|25\n|\n|t:|1699134988\n|move|p1a: Lucario|Meteor Mash|p2a: Flamigo\n|-damage|p2a: Flamigo|0 fnt\n|faint|p2a: Flamigo\n|-damage|p1a: Lucario|36\/100|[from] item: Life Orb\n|\n|upkeep\n|\n|t:|1699134995\n|switch|p2a: Dondozo|Dondozo, F|90\/100\n|turn|26\n|\n|t:|1699135006\n|move|p1a: Lucario|Meteor Mash|p2a: Dondozo\n|-resisted|p2a: Dondozo\n|-damage|p2a: Dondozo|75\/100\n|-damage|p1a: Lucario|26\/100|[from] item: Life Orb\n|move|p2a: Dondozo|Earthquake|p1a: Lucario\n|-supereffective|p1a: Lucario\n|-damage|p1a: Lucario|0 fnt\n|faint|p1a: Lucario\n|\n|win|matorsa\n","uploadtime":1699135018,"views":10,"p1id":"natorsa","p2id":"matorsa","formatid":"gen9ubers","rating":0,"private":0,"password":""}