{"id":"gen9ubers-1991521147","p1":"Meowscrada","p2":"geesegoose","format":"[Gen 9] Ubers","log":"|j|\u2606Meowscrada\n|j|\u2606geesegoose\n|t:|1700084571\n|gametype|singles\n|player|p1|Meowscrada|265|1049\n|player|p2|geesegoose|101|1000\n|teamsize|p1|6\n|teamsize|p2|6\n|gen|9\n|tier|[Gen 9] Ubers\n|rated|\n|rule|Sleep Clause Mod: Limit one foe put to sleep\n|rule|Species Clause: Limit one of each Pok\u00e9mon\n|rule|OHKO Clause: OHKO moves are banned\n|rule|Evasion Items Clause: Evasion items are banned\n|rule|Evasion Moves Clause: Evasion moves are banned\n|rule|Endless Battle Clause: Forcing endless battles is banned\n|rule|HP Percentage Mod: HP is shown in percentages\n|clearpoke\n|poke|p1|Gliscor, M|\n|poke|p1|Mewtwo|\n|poke|p1|Arceus-Steel|\n|poke|p1|Giratina-Origin|\n|poke|p1|Darkrai|\n|poke|p1|Miraidon|\n|poke|p2|Baxcalibur, F|\n|poke|p2|Ninetales-Alola, M|\n|poke|p2|Jirachi|\n|poke|p2|Sandy Shocks|\n|poke|p2|Mandibuzz, F|\n|poke|p2|Dondozo, M|\n|teampreview\n|\n|t:|1700084587\n|start\n|switch|p1a: Gliscor|Gliscor, M, shiny|100\/100\n|switch|p2a: Jirachi|Jirachi|100\/100\n|turn|1\n|inactive|Battle timer is ON: inactive players will automatically lose when time's up. (requested by geesegoose)\n|\n|t:|1700084602\n|move|p1a: Gliscor|Protect|p1a: Gliscor\n|-singleturn|p1a: Gliscor|Protect\n|move|p2a: Jirachi|Trick|p1a: Gliscor\n|-activate|p1a: Gliscor|move: Protect\n|\n|-status|p1a: Gliscor|tox|[from] item: Toxic Orb\n|upkeep\n|turn|2\n|\n|t:|1700084612\n|move|p2a: Jirachi|Trick|p1a: Gliscor\n|-activate|p2a: Jirachi|move: Trick|[of] p1a: Gliscor\n|-item|p1a: Gliscor|Choice Scarf|[from] move: Trick\n|-item|p2a: Jirachi|Toxic Orb|[from] move: Trick\n|move|p1a: Gliscor|Toxic Spikes|p2a: Jirachi\n|-sidestart|p2: geesegoose|move: Toxic Spikes\n|\n|upkeep\n|turn|3\n|\n|t:|1700084619\n|move|p1a: Gliscor|Toxic Spikes|p2a: Jirachi\n|-sidestart|p2: geesegoose|move: Toxic Spikes\n|move|p2a: Jirachi|Ice Punch|p1a: Gliscor\n|-supereffective|p1a: Gliscor\n|-damage|p1a: Gliscor|26\/100 tox\n|\n|-heal|p1a: Gliscor|38\/100 tox|[from] ability: Poison Heal\n|upkeep\n|turn|4\n|\n|t:|1700084644\n|switch|p1a: Darkrai|Darkrai, shiny|100\/100\n|switch|p2a: Mandibuzz|Mandibuzz, F|100\/100\n|\n|upkeep\n|turn|5\n|\n|t:|1700084651\n|move|p1a: Darkrai|Dark Void|p2a: Mandibuzz|[miss]\n|-miss|p1a: Darkrai|p2a: Mandibuzz\n|move|p2a: Mandibuzz|Defog|p1a: Darkrai\n|-unboost|p1a: Darkrai|evasion|1\n|-sideend|p2: geesegoose|Toxic Spikes|[from] move: Defog|[of] p2a: Mandibuzz\n|\n|upkeep\n|turn|6\n|\n|t:|1700084661\n|move|p1a: Darkrai|Dark Void|p2a: Mandibuzz|[miss]\n|-miss|p1a: Darkrai|p2a: Mandibuzz\n|move|p2a: Mandibuzz|U-turn|p1a: Darkrai\n|-supereffective|p1a: Darkrai\n|-damage|p1a: Darkrai|77\/100\n|\n|t:|1700084670\n|switch|p2a: Ninetales|Ninetales-Alola, M|100\/100|[from] U-turn\n|-weather|Snow|[from] ability: Snow Warning|[of] p2a: Ninetales\n|\n|-weather|Snow|[upkeep]\n|upkeep\n|turn|7\n|\n|t:|1700084685\n|switch|p1a: Miraidon|Miraidon|100\/100\n|-fieldstart|move: Electric Terrain|[from] ability: Hadron Engine|[of] p1a: Miraidon\n|move|p2a: Ninetales|Aurora Veil|p2a: Ninetales\n|-sidestart|p2: geesegoose|move: Aurora Veil\n|\n|-weather|Snow|[upkeep]\n|upkeep\n|turn|8\n|\n|t:|1700084710\n|move|p2a: Ninetales|Blizzard|p1a: Miraidon\n|-supereffective|p1a: Miraidon\n|-crit|p1a: Miraidon\n|-damage|p1a: Miraidon|5\/100\n|-status|p1a: Miraidon|frz\n|cant|p1a: Miraidon|frz\n|\n|-weather|Snow|[upkeep]\n|upkeep\n|turn|9\n|c|\u2606geesegoose|my bad man\n|\n|t:|1700084719\n|switch|p1a: Mewtwo|Mewtwo, shiny|100\/100\n|-ability|p1a: Mewtwo|Pressure\n|move|p2a: Ninetales|Moonblast|p1a: Mewtwo\n|-damage|p1a: Mewtwo|69\/100\n|\n|-weather|Snow|[upkeep]\n|upkeep\n|turn|10\n|\n|t:|1700084740\n|move|p2a: Ninetales|Blizzard|p1a: Mewtwo\n|-damage|p1a: Mewtwo|29\/100\n|move|p1a: Mewtwo|Psystrike|p2a: Ninetales\n|-damage|p2a: Ninetales|72\/100\n|\n|-weather|none\n|upkeep\n|turn|11\n|\n|t:|1700084752\n|switch|p2a: Mandibuzz|Mandibuzz, F|100\/100\n|switch|p1a: Gliscor|Gliscor, M, shiny|38\/100 tox\n|\n|-heal|p1a: Gliscor|51\/100 tox|[from] ability: Poison Heal\n|-sideend|p2: geesegoose|move: Aurora Veil\n|-fieldend|move: Electric Terrain\n|upkeep\n|turn|12\n|inactive|geesegoose has 120 seconds left.\n|\n|t:|1700084812\n|move|p1a: Gliscor|Protect|p1a: Gliscor\n|-singleturn|p1a: Gliscor|Protect\n|move|p2a: Mandibuzz|Foul Play|p1a: Gliscor\n|-activate|p1a: Gliscor|move: Protect\n|\n|-heal|p1a: Gliscor|63\/100 tox|[from] ability: Poison Heal\n|upkeep\n|turn|13\n|\n|t:|1700084820\n|move|p1a: Gliscor|Protect|p1a: Gliscor\n|-singleturn|p1a: Gliscor|Protect\n|move|p2a: Mandibuzz|Foul Play|p1a: Gliscor\n|-activate|p1a: Gliscor|move: Protect\n|\n|-heal|p1a: Gliscor|76\/100 tox|[from] ability: Poison Heal\n|upkeep\n|turn|14\n|\n|t:|1700084830\n|switch|p2a: Ninetales|Ninetales-Alola, M|72\/100\n|-weather|Snow|[from] ability: Snow Warning|[of] p2a: Ninetales\n|move|p1a: Gliscor|Protect||[still]\n|-fail|p1a: Gliscor\n|\n|-weather|Snow|[upkeep]\n|-heal|p1a: Gliscor|88\/100 tox|[from] ability: Poison Heal\n|upkeep\n|turn|15\n|\n|t:|1700084843\n|switch|p1a: Giratina|Giratina-Origin, shiny|100\/100\n|move|p2a: Ninetales|Aurora Veil|p2a: Ninetales\n|-sidestart|p2: geesegoose|move: Aurora Veil\n|\n|-weather|Snow|[upkeep]\n|upkeep\n|turn|16\n|\n|t:|1700084849\n|move|p2a: Ninetales|Blizzard|p1a: Giratina\n|-supereffective|p1a: Giratina\n|-damage|p1a: Giratina|39\/100\n|move|p1a: Giratina|Shadow Force||[still]\n|-prepare|p1a: Giratina|Shadow Force\n|\n|-weather|Snow|[upkeep]\n|upkeep\n|turn|17\n|\n|t:|1700084861\n|switch|p2a: Mandibuzz|Mandibuzz, F|100\/100\n|move|p1a: Giratina|Shadow Force|p2a: Mandibuzz|[from]lockedmove\n|-resisted|p2a: Mandibuzz\n|-damage|p2a: Mandibuzz|91\/100\n|\n|-weather|Snow|[upkeep]\n|upkeep\n|turn|18\n|\n|t:|1700084870\n|switch|p1a: Arceus|Arceus-Steel, shiny|100\/100\n|move|p2a: Mandibuzz|Foul Play|p1a: Arceus\n|-damage|p1a: Arceus|71\/100\n|\n|-weather|none\n|upkeep\n|turn|19\n|\n|t:|1700084879\n|switch|p2a: Sandy Shocks|Sandy Shocks|100\/100\n|move|p1a: Arceus|Judgment|p2a: Sandy Shocks\n|-resisted|p2a: Sandy Shocks\n|-damage|p2a: Sandy Shocks|84\/100\n|\n|-sideend|p2: geesegoose|move: Aurora Veil\n|upkeep\n|turn|20\n|\n|t:|1700084887\n|move|p2a: Sandy Shocks|Stealth Rock|p1a: Arceus\n|-sidestart|p1: Meowscrada|move: Stealth Rock\n|move|p1a: Arceus|Stealth Rock|p2a: Sandy Shocks\n|-sidestart|p2: geesegoose|move: Stealth Rock\n|\n|upkeep\n|turn|21\n|\n|t:|1700084906\n|-end|p2a: Sandy Shocks|Protosynthesis|[silent]\n|switch|p2a: Dondozo|Dondozo, M|100\/100\n|move|p1a: Arceus|Stealth Rock||[still]\n|-fail|p1a: Arceus\n|\n|upkeep\n|turn|22\n|\n|t:|1700084913\n|move|p1a: Arceus|Shadow Claw|p2a: Dondozo\n|-damage|p2a: Dondozo|90\/100\n|move|p2a: Dondozo|Body Press|p1a: Arceus\n|-supereffective|p1a: Arceus\n|-damage|p1a: Arceus|37\/100\n|\n|upkeep\n|turn|23\n|\n|t:|1700084920\n|move|p1a: Arceus|Judgment|p2a: Dondozo\n|-resisted|p2a: Dondozo\n|-damage|p2a: Dondozo|68\/100\n|move|p2a: Dondozo|Body Press|p1a: Arceus\n|-supereffective|p1a: Arceus\n|-crit|p1a: Arceus\n|-damage|p1a: Arceus|0 fnt\n|faint|p1a: Arceus\n|\n|upkeep\n|\n|t:|1700084930\n|switch|p1a: Giratina|Giratina-Origin, shiny|39\/100\n|-damage|p1a: Giratina|26\/100|[from] Stealth Rock\n|turn|24\n|\n|t:|1700084954\n|switch|p2a: Mandibuzz|Mandibuzz, F|91\/100\n|move|p1a: Giratina|Shadow Force||[still]\n|-prepare|p1a: Giratina|Shadow Force\n|\n|upkeep\n|turn|25\n|\n|t:|1700084965\n|move|p1a: Giratina|Shadow Force|p2a: Mandibuzz|[from]lockedmove\n|-resisted|p2a: Mandibuzz\n|-damage|p2a: Mandibuzz|70\/100\n|move|p2a: Mandibuzz|Foul Play|p1a: Giratina\n|-supereffective|p1a: Giratina\n|-damage|p1a: Giratina|0 fnt\n|faint|p1a: Giratina\n|\n|upkeep\n|\n|t:|1700084973\n|switch|p1a: Gliscor|Gliscor, M, shiny|88\/100 tox\n|-damage|p1a: Gliscor|76\/100 tox|[from] Stealth Rock\n|turn|26\n|inactive|geesegoose has 120 seconds left.\n|inactive|geesegoose has 90 seconds left.\n|\n|t:|1700085062\n|move|p1a: Gliscor|Knock Off|p2a: Mandibuzz\n|-resisted|p2a: Mandibuzz\n|-damage|p2a: Mandibuzz|62\/100\n|-enditem|p2a: Mandibuzz|Heavy-Duty Boots|[from] move: Knock Off|[of] p1a: Gliscor\n|move|p2a: Mandibuzz|Foul Play|p1a: Gliscor\n|-damage|p1a: Gliscor|43\/100 tox\n|\n|-heal|p1a: Gliscor|56\/100 tox|[from] ability: Poison Heal\n|upkeep\n|turn|27\n|inactive|geesegoose has 60 seconds left.\n|\n|t:|1700085077\n|move|p1a: Gliscor|Knock Off|p2a: Mandibuzz\n|-resisted|p2a: Mandibuzz\n|-damage|p2a: Mandibuzz|57\/100\n|move|p2a: Mandibuzz|Foul Play|p1a: Gliscor\n|-damage|p1a: Gliscor|23\/100 tox\n|\n|-heal|p1a: Gliscor|36\/100 tox|[from] ability: Poison Heal\n|upkeep\n|turn|28\n|\n|t:|1700085087\n|switch|p1a: Darkrai|Darkrai, shiny|77\/100\n|-damage|p1a: Darkrai|64\/100|[from] Stealth Rock\n|move|p2a: Mandibuzz|Foul Play|p1a: Darkrai\n|-resisted|p1a: Darkrai\n|-damage|p1a: Darkrai|46\/100\n|\n|upkeep\n|turn|29\n|\n|t:|1700085098\n|switch|p2a: Jirachi|Jirachi|100\/100\n|-damage|p2a: Jirachi|94\/100|[from] Stealth Rock\n|move|p1a: Darkrai|Ice Beam|p2a: Jirachi\n|-resisted|p2a: Jirachi\n|-damage|p2a: Jirachi|81\/100\n|\n|upkeep\n|turn|30\n|\n|t:|1700085113\n|move|p2a: Jirachi|Iron Head|p1a: Darkrai\n|-damage|p1a: Darkrai|7\/100\n|cant|p1a: Darkrai|flinch\n|\n|upkeep\n|turn|31\n|\n|t:|1700085119\n|move|p2a: Jirachi|Iron Head|p1a: Darkrai\n|-damage|p1a: Darkrai|0 fnt\n|faint|p1a: Darkrai\n|\n|upkeep\n|\n|t:|1700085126\n|switch|p1a: Mewtwo|Mewtwo, shiny|29\/100\n|-damage|p1a: Mewtwo|17\/100|[from] Stealth Rock\n|-ability|p1a: Mewtwo|Pressure\n|turn|32\n|inactive|geesegoose has 90 seconds left.\n|\n|t:|1700085143\n|switch|p2a: Baxcalibur|Baxcalibur, F|100\/100\n|-damage|p2a: Baxcalibur|76\/100|[from] Stealth Rock\n|move|p1a: Mewtwo|Shadow Ball|p2a: Baxcalibur\n|-damage|p2a: Baxcalibur|49\/100\n|-unboost|p2a: Baxcalibur|spd|1\n|\n|upkeep\n|turn|33\n|\n|t:|1700085152\n|move|p1a: Mewtwo|Protect|p1a: Mewtwo\n|-singleturn|p1a: Mewtwo|Protect\n|move|p2a: Baxcalibur|Dragon Dance|p2a: Baxcalibur\n|-boost|p2a: Baxcalibur|atk|1\n|-boost|p2a: Baxcalibur|spe|1\n|\n|upkeep\n|turn|34\n|\n|t:|1700085158\n|move|p1a: Mewtwo|Protect|p1a: Mewtwo\n|-singleturn|p1a: Mewtwo|Protect\n|move|p2a: Baxcalibur|Icicle Spear|p1a: Mewtwo\n|-activate|p1a: Mewtwo|move: Protect\n|\n|upkeep\n|turn|35\n|\n|t:|1700085164\n|move|p2a: Baxcalibur|Icicle Spear|p1a: Mewtwo\n|-damage|p1a: Mewtwo|0 fnt\n|faint|p1a: Mewtwo\n|-hitcount|p1: Mewtwo|1\n|\n|upkeep\n|\n|t:|1700085168\n|switch|p1a: Miraidon|Miraidon|5\/100 frz\n|-damage|p1a: Miraidon|0 fnt|[from] Stealth Rock\n|faint|p1a: Miraidon\n|\n|t:|1700085173\n|switch|p1a: Gliscor|Gliscor, M, shiny|36\/100 tox\n|-damage|p1a: Gliscor|23\/100 tox|[from] Stealth Rock\n|turn|36\n|\n|t:|1700085180\n|move|p2a: Baxcalibur|Icicle Spear|p1a: Gliscor\n|-supereffective|p1a: Gliscor\n|-damage|p1a: Gliscor|0 fnt\n|faint|p1a: Gliscor\n|-hitcount|p1: Gliscor|1\n|\n|win|geesegoose\n|raw|Meowscrada's rating: 1049 &rarr; <strong>1029<\/strong><br \/>(-20 for losing)\n|raw|geesegoose's rating: 1000 &rarr; <strong>1046<\/strong><br \/>(+46 for winning)\n","uploadtime":1700085185,"views":12,"p1id":"meowscrada","p2id":"geesegoose","formatid":"gen9ubers","rating":1029,"private":0,"password":""}