{"id":"gen9ubers-1998371686","p1":"red1998poke","p2":"ErnadShadow","format":"[Gen 9] Ubers","log":"|j|\u2606red1998poke\n|j|\u2606ErnadShadow\n|t:|1700934912\n|gametype|singles\n|player|p1|red1998poke|101|1076\n|player|p2|ErnadShadow|juggler|1284\n|teamsize|p1|6\n|teamsize|p2|6\n|gen|9\n|tier|[Gen 9] Ubers\n|rated|\n|rule|Sleep Clause Mod: Limit one foe put to sleep\n|rule|Species Clause: Limit one of each Pok\u00e9mon\n|rule|OHKO Clause: OHKO moves are banned\n|rule|Evasion Items Clause: Evasion items are banned\n|rule|Evasion Moves Clause: Evasion moves are banned\n|rule|Endless Battle Clause: Forcing endless battles is banned\n|rule|HP Percentage Mod: HP is shown in percentages\n|clearpoke\n|poke|p1|Dunsparce, M|\n|poke|p1|Gliscor, M|\n|poke|p1|Glimmora, M|\n|poke|p1|Gyarados, M|\n|poke|p1|Enamorus-Therian, F|\n|poke|p1|Cinderace, M|\n|poke|p2|Corviknight, M|\n|poke|p2|Gastrodon-East, F|\n|poke|p2|Heatran, M|\n|poke|p2|Rillaboom, M|\n|poke|p2|Scizor, F|\n|poke|p2|Cetitan, F|\n|teampreview\n|\n|t:|1700934930\n|start\n|switch|p1a: Glimmora|Glimmora, M|100\/100\n|switch|p2a: Cetitan|Cetitan, F|100\/100\n|turn|1\n|\n|t:|1700934934\n|move|p1a: Glimmora|Power Gem|p2a: Cetitan\n|-supereffective|p2a: Cetitan\n|-damage|p2a: Cetitan|0 fnt\n|faint|p2a: Cetitan\n|\n|upkeep\n|\n|t:|1700934940\n|switch|p2a: Heatran|Heatran, M, shiny|100\/100\n|turn|2\n|\n|t:|1700934946\n|switch|p1a: Dunsparce|Dunsparce, M|100\/100\n|move|p2a: Heatran|Earth Power|p1a: Dunsparce\n|-damage|p1a: Dunsparce|86\/100\n|-unboost|p1a: Dunsparce|spd|1\n|\n|upkeep\n|turn|3\n|\n|t:|1700934958\n|switch|p1a: Gliscor|Gliscor, M|100\/100\n|move|p2a: Heatran|Will-O-Wisp|p1a: Gliscor\n|-status|p1a: Gliscor|brn\n|\n|-damage|p1a: Gliscor|94\/100 brn|[from] brn\n|upkeep\n|turn|4\n|\n|t:|1700934971\n|move|p1a: Gliscor|Knock Off|p2a: Heatran\n|-damage|p2a: Heatran|92\/100\n|-enditem|p2a: Heatran|Leftovers|[from] move: Knock Off|[of] p1a: Gliscor\n|move|p2a: Heatran|Stealth Rock|p1a: Gliscor\n|-sidestart|p1: red1998poke|move: Stealth Rock\n|\n|-damage|p1a: Gliscor|88\/100 brn|[from] brn\n|upkeep\n|turn|5\n|\n|t:|1700934981\n|move|p1a: Gliscor|Knock Off|p2a: Heatran\n|-damage|p2a: Heatran|85\/100\n|move|p2a: Heatran|Magma Storm|p1a: Gliscor|[miss]\n|-miss|p2a: Heatran|p1a: Gliscor\n|\n|-damage|p1a: Gliscor|82\/100 brn|[from] brn\n|upkeep\n|turn|6\n|\n|t:|1700934987\n|move|p1a: Gliscor|Swords Dance|p1a: Gliscor\n|-boost|p1a: Gliscor|atk|2\n|move|p2a: Heatran|Magma Storm|p1a: Gliscor\n|-damage|p1a: Gliscor|33\/100 brn\n|-activate|p1a: Gliscor|move: Magma Storm|[of] p2a: Heatran\n|\n|-damage|p1a: Gliscor|26\/100 brn|[from] brn\n|-damage|p1a: Gliscor|14\/100 brn|[from] move: Magma Storm|[partiallytrapped]\n|upkeep\n|turn|7\n|\n|t:|1700934998\n|switch|p2a: Corviknight|Corviknight, M, shiny|100\/100\n|move|p1a: Gliscor|Earthquake|p2a: Corviknight\n|-immune|p2a: Corviknight\n|\n|-damage|p1a: Gliscor|8\/100 brn|[from] brn\n|-end|p1a: Gliscor|Magma Storm|[partiallytrapped]|[silent]\n|upkeep\n|turn|8\n|\n|t:|1700935003\n|move|p1a: Gliscor|Knock Off|p2a: Corviknight\n|-damage|p2a: Corviknight|87\/100\n|-damage|p1a: Gliscor|0 fnt|[from] item: Rocky Helmet|[of] p2a: Corviknight\n|faint|p1a: Gliscor\n|move|p2a: Corviknight|U-turn|p1: Gliscor|[notarget]\n|-fail|p2a: Corviknight\n|\n|upkeep\n|\n|t:|1700935011\n|switch|p1a: Glimmora|Glimmora, M|100\/100\n|-damage|p1a: Glimmora|88\/100|[from] Stealth Rock\n|turn|9\n|\n|t:|1700935017\n|switch|p2a: Heatran|Heatran, M, shiny|85\/100\n|move|p1a: Glimmora|Stealth Rock|p2a: Heatran\n|-sidestart|p2: ErnadShadow|move: Stealth Rock\n|\n|upkeep\n|turn|10\n|\n|t:|1700935022\n|move|p1a: Glimmora|Power Gem|p2a: Heatran\n|-damage|p2a: Heatran|56\/100\n|move|p2a: Heatran|Magma Storm|p1a: Glimmora\n|-resisted|p1a: Glimmora\n|-damage|p1a: Glimmora|58\/100\n|-activate|p1a: Glimmora|move: Magma Storm|[of] p2a: Heatran\n|\n|-damage|p1a: Glimmora|45\/100|[from] move: Magma Storm|[partiallytrapped]\n|upkeep\n|turn|11\n|\n|t:|1700935028\n|move|p1a: Glimmora|Power Gem|p2a: Heatran\n|-damage|p2a: Heatran|28\/100\n|move|p2a: Heatran|Earth Power|p1a: Glimmora\n|-supereffective|p1a: Glimmora\n|-damage|p1a: Glimmora|0 fnt\n|faint|p1a: Glimmora\n|\n|upkeep\n|\n|t:|1700935040\n|switch|p1a: Gyarados|Gyarados, M|100\/100\n|-damage|p1a: Gyarados|75\/100|[from] Stealth Rock\n|turn|12\n|\n|t:|1700935044\n|-terastallize|p2a: Heatran|Flying\n|move|p1a: Gyarados|Dragon Dance|p1a: Gyarados\n|-boost|p1a: Gyarados|atk|1\n|-boost|p1a: Gyarados|spe|1\n|move|p2a: Heatran|Will-O-Wisp|p1a: Gyarados\n|-status|p1a: Gyarados|brn\n|\n|-heal|p1a: Gyarados|82\/100 brn|[from] item: Leftovers\n|-damage|p1a: Gyarados|75\/100 brn|[from] brn\n|upkeep\n|turn|13\n|\n|t:|1700935057\n|move|p1a: Gyarados|Dragon Dance|p1a: Gyarados\n|-boost|p1a: Gyarados|atk|1\n|-boost|p1a: Gyarados|spe|1\n|move|p2a: Heatran|Magma Storm|p1a: Gyarados|[miss]\n|-miss|p2a: Heatran|p1a: Gyarados\n|\n|-heal|p1a: Gyarados|82\/100 brn|[from] item: Leftovers\n|-damage|p1a: Gyarados|75\/100 brn|[from] brn\n|upkeep\n|turn|14\n|\n|t:|1700935069\n|move|p1a: Gyarados|Waterfall|p2a: Heatran\n|-damage|p2a: Heatran|0 fnt\n|faint|p2a: Heatran\n|-ability|p1a: Gyarados|Moxie|boost\n|-boost|p1a: Gyarados|atk|1\n|\n|-heal|p1a: Gyarados|82\/100 brn|[from] item: Leftovers\n|-damage|p1a: Gyarados|75\/100 brn|[from] brn\n|upkeep\n|\n|t:|1700935075\n|switch|p2a: Rillaboom|Rillaboom, M|100\/100\n|-damage|p2a: Rillaboom|88\/100|[from] Stealth Rock\n|-fieldstart|move: Grassy Terrain|[from] ability: Grassy Surge|[of] p2a: Rillaboom\n|turn|15\n|\n|t:|1700935082\n|move|p2a: Rillaboom|Fake Out|p1a: Gyarados\n|-damage|p1a: Gyarados|59\/100 brn\n|cant|p1a: Gyarados|flinch\n|\n|-heal|p1a: Gyarados|65\/100 brn|[from] item: Leftovers\n|-heal|p2a: Rillaboom|94\/100|[from] Grassy Terrain\n|-damage|p1a: Gyarados|59\/100 brn|[from] brn\n|upkeep\n|turn|16\n|\n|t:|1700935087\n|move|p1a: Gyarados|Ice Fang|p2a: Rillaboom\n|-supereffective|p2a: Rillaboom\n|-damage|p2a: Rillaboom|35\/100\n|move|p2a: Rillaboom|Knock Off|p1a: Gyarados\n|-damage|p1a: Gyarados|19\/100 brn\n|-enditem|p1a: Gyarados|Leftovers|[from] move: Knock Off|[of] p2a: Rillaboom\n|\n|-heal|p2a: Rillaboom|41\/100|[from] Grassy Terrain\n|-damage|p1a: Gyarados|13\/100 brn|[from] brn\n|upkeep\n|turn|17\n|\n|t:|1700935097\n|move|p2a: Rillaboom|Grassy Glide|p1a: Gyarados\n|-damage|p1a: Gyarados|0 fnt\n|faint|p1a: Gyarados\n|\n|-heal|p2a: Rillaboom|47\/100|[from] Grassy Terrain\n|upkeep\n|\n|t:|1700935109\n|switch|p1a: Enamorus|Enamorus-Therian, F|100\/100\n|-damage|p1a: Enamorus|75\/100|[from] Stealth Rock\n|turn|18\n|\n|t:|1700935114\n|switch|p2a: Scizor|Scizor, F, shiny|100\/100\n|-damage|p2a: Scizor|88\/100|[from] Stealth Rock\n|move|p1a: Enamorus|Iron Defense|p1a: Enamorus\n|-boost|p1a: Enamorus|def|2\n|\n|-heal|p2a: Scizor|94\/100|[from] Grassy Terrain\n|-heal|p1a: Enamorus|82\/100|[from] item: Leftovers\n|upkeep\n|turn|19\n|\n|t:|1700935121\n|-terastallize|p1a: Enamorus|Steel\n|move|p2a: Scizor|Bullet Punch|p1a: Enamorus\n|-resisted|p1a: Enamorus\n|-damage|p1a: Enamorus|70\/100\n|move|p1a: Enamorus|Mystical Fire|p2a: Scizor\n|-supereffective|p2a: Scizor\n|-damage|p2a: Scizor|0 fnt\n|faint|p2a: Scizor\n|\n|-heal|p1a: Enamorus|77\/100|[from] Grassy Terrain\n|-heal|p1a: Enamorus|83\/100|[from] item: Leftovers\n|-fieldend|move: Grassy Terrain\n|upkeep\n|\n|t:|1700935128\n|switch|p2a: Gastrodon|Gastrodon-East, F, shiny|100\/100\n|-damage|p2a: Gastrodon|94\/100|[from] Stealth Rock\n|turn|20\n|\n|t:|1700935136\n|move|p1a: Enamorus|Calm Mind|p1a: Enamorus\n|-boost|p1a: Enamorus|spa|1\n|-boost|p1a: Enamorus|spd|1\n|move|p2a: Gastrodon|Yawn|p1a: Enamorus\n|-start|p1a: Enamorus|move: Yawn|[of] p2a: Gastrodon\n|\n|-heal|p1a: Enamorus|89\/100|[from] item: Leftovers\n|-heal|p2a: Gastrodon|100\/100|[from] item: Leftovers\n|upkeep\n|turn|21\n|\n|t:|1700935150\n|switch|p2a: Rillaboom|Rillaboom, M|47\/100\n|-damage|p2a: Rillaboom|35\/100|[from] Stealth Rock\n|-fieldstart|move: Grassy Terrain|[from] ability: Grassy Surge|[of] p2a: Rillaboom\n|move|p1a: Enamorus|Draining Kiss|p2a: Rillaboom\n|-damage|p2a: Rillaboom|3\/100\n|-heal|p1a: Enamorus|100\/100|[from] drain|[of] p2a: Rillaboom\n|\n|-heal|p2a: Rillaboom|10\/100|[from] Grassy Terrain\n|-end|p1a: Enamorus|move: Yawn|[silent]\n|-status|p1a: Enamorus|slp\n|upkeep\n|turn|22\n|\n|t:|1700935160\n|move|p2a: Rillaboom|Knock Off|p1a: Enamorus\n|-damage|p1a: Enamorus|85\/100 slp\n|-enditem|p1a: Enamorus|Leftovers|[from] move: Knock Off|[of] p2a: Rillaboom\n|cant|p1a: Enamorus|slp\n|\n|-heal|p2a: Rillaboom|16\/100|[from] Grassy Terrain\n|-heal|p1a: Enamorus|92\/100 slp|[from] Grassy Terrain\n|upkeep\n|turn|23\n|\n|t:|1700935163\n|move|p2a: Rillaboom|High Horsepower|p1a: Enamorus\n|-supereffective|p1a: Enamorus\n|-damage|p1a: Enamorus|60\/100 slp\n|-curestatus|p1a: Enamorus|slp|[msg]\n|move|p1a: Enamorus|Draining Kiss|p2a: Rillaboom\n|-damage|p2a: Rillaboom|0 fnt\n|-heal|p1a: Enamorus|72\/100|[from] drain|[of] p2a: Rillaboom\n|faint|p2a: Rillaboom\n|\n|-heal|p1a: Enamorus|78\/100|[from] Grassy Terrain\n|upkeep\n|\n|t:|1700935169\n|switch|p2a: Corviknight|Corviknight, M, shiny|87\/100\n|-damage|p2a: Corviknight|75\/100|[from] Stealth Rock\n|turn|24\n|\n|t:|1700935183\n|move|p2a: Corviknight|Body Press|p1a: Enamorus\n|-supereffective|p1a: Enamorus\n|-damage|p1a: Enamorus|54\/100\n|move|p1a: Enamorus|Mystical Fire|p2a: Corviknight\n|-supereffective|p2a: Corviknight\n|-damage|p2a: Corviknight|10\/100\n|-ability|p2a: Corviknight|Mirror Armor\n|-unboost|p1a: Enamorus|spa|1\n|\n|-heal|p1a: Enamorus|60\/100|[from] Grassy Terrain\n|upkeep\n|turn|25\n|\n|t:|1700935191\n|move|p2a: Corviknight|Body Press|p1a: Enamorus\n|-supereffective|p1a: Enamorus\n|-crit|p1a: Enamorus\n|-damage|p1a: Enamorus|0 fnt\n|faint|p1a: Enamorus\n|\n|-fieldend|move: Grassy Terrain\n|upkeep\n|\n|t:|1700935199\n|switch|p1a: Cinderace|Cinderace, M|100\/100\n|turn|26\n|\n|t:|1700935205\n|move|p1a: Cinderace|Pyro Ball|p2a: Corviknight\n|-supereffective|p2a: Corviknight\n|-damage|p2a: Corviknight|0 fnt\n|faint|p2a: Corviknight\n|\n|upkeep\n|\n|t:|1700935207\n|switch|p2a: Gastrodon|Gastrodon-East, F, shiny|100\/100\n|-damage|p2a: Gastrodon|94\/100|[from] Stealth Rock\n|turn|27\n|\n|t:|1700935212\n|move|p1a: Cinderace|Pyro Ball|p2a: Gastrodon\n|-resisted|p2a: Gastrodon\n|-damage|p2a: Gastrodon|65\/100\n|move|p2a: Gastrodon|Yawn|p1a: Cinderace\n|-start|p1a: Cinderace|move: Yawn|[of] p2a: Gastrodon\n|\n|-heal|p2a: Gastrodon|71\/100|[from] item: Leftovers\n|upkeep\n|turn|28\n|\n|t:|1700935218\n|move|p1a: Cinderace|Pyro Ball|p2a: Gastrodon\n|-resisted|p2a: Gastrodon\n|-damage|p2a: Gastrodon|40\/100\n|move|p2a: Gastrodon|Recover|p2a: Gastrodon\n|-heal|p2a: Gastrodon|90\/100\n|\n|-heal|p2a: Gastrodon|96\/100|[from] item: Leftovers\n|-end|p1a: Cinderace|move: Yawn|[silent]\n|-status|p1a: Cinderace|slp\n|upkeep\n|turn|29\n|\n|t:|1700935223\n|switch|p1a: Dunsparce|Dunsparce, M|86\/100\n|-damage|p1a: Dunsparce|73\/100|[from] Stealth Rock\n|move|p2a: Gastrodon|Chilling Water|p1a: Dunsparce\n|-damage|p1a: Dunsparce|65\/100\n|-unboost|p1a: Dunsparce|atk|1\n|\n|-heal|p2a: Gastrodon|100\/100|[from] item: Leftovers\n|upkeep\n|turn|30\n|\n|t:|1700935227\n|move|p1a: Dunsparce|Toxic|p2a: Gastrodon\n|-status|p2a: Gastrodon|tox\n|move|p2a: Gastrodon|Chilling Water|p1a: Dunsparce\n|-damage|p1a: Dunsparce|56\/100\n|-unboost|p1a: Dunsparce|atk|1\n|\n|-damage|p2a: Gastrodon|94\/100 tox|[from] psn\n|upkeep\n|turn|31\n|\n|t:|1700935232\n|move|p1a: Dunsparce|Roost|p1a: Dunsparce\n|-heal|p1a: Dunsparce|100\/100\n|-singleturn|p1a: Dunsparce|move: Roost\n|move|p2a: Gastrodon|Sludge Bomb|p1a: Dunsparce\n|-damage|p1a: Dunsparce|90\/100\n|-status|p1a: Dunsparce|psn\n|\n|-heal|p2a: Gastrodon|100\/100 tox|[from] item: Leftovers\n|-damage|p1a: Dunsparce|77\/100 psn|[from] psn\n|-damage|p2a: Gastrodon|88\/100 tox|[from] psn\n|upkeep\n|turn|32\n|\n|t:|1700935241\n|switch|p1a: Cinderace|Cinderace, M|100\/100 slp\n|move|p2a: Gastrodon|Sludge Bomb|p1a: Cinderace\n|-damage|p1a: Cinderace|72\/100 slp\n|\n|-heal|p2a: Gastrodon|94\/100 tox|[from] item: Leftovers\n|-damage|p2a: Gastrodon|76\/100 tox|[from] psn\n|upkeep\n|turn|33\n|\n|t:|1700935248\n|cant|p1a: Cinderace|slp\n|move|p2a: Gastrodon|Chilling Water|p1a: Cinderace\n|-supereffective|p1a: Cinderace\n|-damage|p1a: Cinderace|23\/100 slp\n|-unboost|p1a: Cinderace|atk|1\n|\n|-heal|p2a: Gastrodon|82\/100 tox|[from] item: Leftovers\n|-damage|p2a: Gastrodon|58\/100 tox|[from] psn\n|upkeep\n|turn|34\n|\n|t:|1700935252\n|switch|p1a: Dunsparce|Dunsparce, M|77\/100 psn\n|-damage|p1a: Dunsparce|65\/100 psn|[from] Stealth Rock\n|move|p2a: Gastrodon|Sludge Bomb|p1a: Dunsparce\n|-damage|p1a: Dunsparce|54\/100 psn\n|\n|-heal|p2a: Gastrodon|64\/100 tox|[from] item: Leftovers\n|-damage|p1a: Dunsparce|42\/100 psn|[from] psn\n|-damage|p2a: Gastrodon|33\/100 tox|[from] psn\n|upkeep\n|turn|35\n|\n|t:|1700935255\n|move|p1a: Dunsparce|Roost|p1a: Dunsparce\n|-heal|p1a: Dunsparce|92\/100 psn\n|-singleturn|p1a: Dunsparce|move: Roost\n|move|p2a: Gastrodon|Recover|p2a: Gastrodon\n|-heal|p2a: Gastrodon|83\/100 tox\n|\n|-heal|p2a: Gastrodon|89\/100 tox|[from] item: Leftovers\n|-damage|p1a: Dunsparce|79\/100 psn|[from] psn\n|-damage|p2a: Gastrodon|53\/100 tox|[from] psn\n|upkeep\n|turn|36\n|-message|ErnadShadow forfeited.\n|\n|win|red1998poke\n|raw|red1998poke's rating: 1076 &rarr; <strong>1120<\/strong><br \/>(+44 for winning)\n|raw|ErnadShadow's rating: 1284 &rarr; <strong>1246<\/strong><br \/>(-38 for losing)\n|l|\u2606ErnadShadow\n","uploadtime":1700935285,"views":8,"p1id":"red1998poke","p2id":"ernadshadow","formatid":"gen9ubers","rating":1120,"private":0,"password":""}