{"id":"gen9ubers-1969285216","p1":"Fellow06","p2":"babynogalXD","format":"[Gen 9] Ubers","log":"|j|\u2606Fellow06\n|j|\u2606babynogalXD\n|t:|1697509775\n|gametype|singles\n|player|p1|Fellow06|zinnia|\n|player|p2|babynogalXD|hilbert|\n|teamsize|p1|6\n|teamsize|p2|6\n|gen|9\n|tier|[Gen 9] Ubers\n|rule|Sleep Clause Mod: Limit one foe put to sleep\n|rule|Species Clause: Limit one of each Pok\u00e9mon\n|rule|OHKO Clause: OHKO moves are banned\n|rule|Evasion Items Clause: Evasion items are banned\n|rule|Evasion Moves Clause: Evasion moves are banned\n|rule|Endless Battle Clause: Forcing endless battles is banned\n|rule|HP Percentage Mod: HP is shown in percentages\n|clearpoke\n|poke|p1|Zacian-*|\n|poke|p1|Dragapult, M|\n|poke|p1|Shaymin-Sky|\n|poke|p1|Goodra-Hisui, F|\n|poke|p1|Kleavor, F|\n|poke|p1|Palkia-Origin|\n|poke|p2|Arceus-Ice|\n|poke|p2|Zacian-*|\n|poke|p2|Giratina|\n|poke|p2|Magearna|\n|poke|p2|Gliscor, M|\n|poke|p2|Spectrier|\n|teampreview\n|inactive|Battle timer is ON: inactive players will automatically lose when time's up. (requested by Fellow06)\n|c|\u2606Fellow06|G.l.h.f.\n|\n|t:|1697509784\n|start\n|switch|p1a: Aggregation|Kleavor, F, shiny|100\/100\n|switch|p2a: Gliscor|Gliscor, M|100\/100\n|turn|1\n|c|\u2606Fellow06|I'll post the replay.\n|c|\u2606babynogalXD|u2\n|\n|t:|1697509790\n|move|p2a: Gliscor|Protect|p2a: Gliscor\n|-singleturn|p2a: Gliscor|Protect\n|move|p1a: Aggregation|Swords Dance|p1a: Aggregation\n|-boost|p1a: Aggregation|atk|2\n|\n|-status|p2a: Gliscor|tox|[from] item: Toxic Orb\n|upkeep\n|turn|2\n|\n|t:|1697509800\n|move|p1a: Aggregation|Stone Axe|p2a: Gliscor\n|-damage|p2a: Gliscor|39\/100 tox\n|-sidestart|p2: babynogalXD|move: Stealth Rock\n|move|p2a: Gliscor|Toxic Spikes|p1a: Aggregation\n|-sidestart|p1: Fellow06|move: Toxic Spikes\n|\n|-heal|p2a: Gliscor|51\/100 tox|[from] ability: Poison Heal\n|upkeep\n|turn|3\n|\n|t:|1697509811\n|switch|p2a: Giratina|Giratina|100\/100\n|-damage|p2a: Giratina|88\/100|[from] Stealth Rock\n|-ability|p2a: Giratina|Pressure\n|move|p1a: Aggregation|Stone Axe|p2a: Giratina\n|-damage|p2a: Giratina|25\/100\n|\n|-heal|p2a: Giratina|31\/100|[from] item: Leftovers\n|upkeep\n|turn|4\n|\n|t:|1697509820\n|move|p2a: Giratina|Poltergeist|p1a: Aggregation\n|-activate|p1a: Aggregation|move: Poltergeist|Focus Sash\n|-damage|p1a: Aggregation|36\/100\n|move|p1a: Aggregation|Stone Axe|p2a: Giratina\n|-damage|p2a: Giratina|0 fnt\n|faint|p2a: Giratina\n|\n|upkeep\n|\n|t:|1697509836\n|switch|p2a: Spectrier|Spectrier|100\/100\n|-damage|p2a: Spectrier|88\/100|[from] Stealth Rock\n|turn|5\n|\n|t:|1697509841\n|switch|p1a: Brieftrager|Goodra-Hisui, F, shiny|100\/100\n|move|p2a: Spectrier|Hex|p1a: Brieftrager\n|-damage|p1a: Brieftrager|85\/100\n|\n|-heal|p2a: Spectrier|94\/100|[from] item: Leftovers\n|upkeep\n|turn|6\n|\n|t:|1697509845\n|move|p2a: Spectrier|Substitute|p2a: Spectrier\n|-start|p2a: Spectrier|Substitute\n|-damage|p2a: Spectrier|69\/100\n|move|p1a: Brieftrager|Dragon Tail|p2a: Spectrier\n|-end|p2a: Spectrier|Substitute\n|\n|-heal|p2a: Spectrier|76\/100|[from] item: Leftovers\n|upkeep\n|turn|7\n|\n|t:|1697509853\n|switch|p2a: Magearna|Magearna|100\/100\n|-damage|p2a: Magearna|94\/100|[from] Stealth Rock\n|move|p1a: Brieftrager|Gyro Ball|p2a: Magearna\n|-damage|p2a: Magearna|83\/100\n|\n|upkeep\n|turn|8\n|\n|t:|1697509861\n|move|p2a: Magearna|Fleur Cannon|p1a: Brieftrager\n|-damage|p1a: Brieftrager|60\/100\n|-unboost|p2a: Magearna|spa|2\n|move|p1a: Brieftrager|Earthquake|p2a: Magearna\n|-supereffective|p2a: Magearna\n|-damage|p2a: Magearna|30\/100\n|\n|upkeep\n|turn|9\n|\n|t:|1697509867\n|move|p2a: Magearna|Volt Switch|p1a: Brieftrager\n|-resisted|p1a: Brieftrager\n|-damage|p1a: Brieftrager|58\/100\n|\n|t:|1697509871\n|switch|p2a: Gliscor|Gliscor, M|51\/100 tox|[from] Volt Switch\n|-damage|p2a: Gliscor|39\/100 tox|[from] Stealth Rock\n|move|p1a: Brieftrager|Ice Spinner|p2a: Gliscor\n|-supereffective|p2a: Gliscor\n|-damage|p2a: Gliscor|0 fnt\n|faint|p2a: Gliscor\n|\n|upkeep\n|\n|t:|1697509889\n|switch|p2a: Arceus|Arceus-Ice|100\/100\n|-damage|p2a: Arceus|76\/100|[from] Stealth Rock\n|turn|10\n|\n|t:|1697509905\n|move|p2a: Arceus|Judgment|p1a: Brieftrager\n|-damage|p1a: Brieftrager|30\/100\n|move|p1a: Brieftrager|Gyro Ball|p2a: Arceus\n|-supereffective|p2a: Arceus\n|-damage|p2a: Arceus|15\/100\n|\n|upkeep\n|turn|11\n|\n|t:|1697509912\n|switch|p2a: Magearna|Magearna|30\/100\n|-damage|p2a: Magearna|24\/100|[from] Stealth Rock\n|move|p1a: Brieftrager|Dragon Tail|p2a: Magearna\n|-immune|p2a: Magearna\n|\n|upkeep\n|turn|12\n|\n|t:|1697509919\n|move|p2a: Magearna|Fleur Cannon|p1a: Brieftrager\n|-damage|p1a: Brieftrager|7\/100\n|-unboost|p2a: Magearna|spa|2\n|move|p1a: Brieftrager|Gyro Ball|p2a: Magearna\n|-damage|p2a: Magearna|14\/100\n|\n|upkeep\n|turn|13\n|\n|t:|1697509923\n|move|p2a: Magearna|Fleur Cannon|p1a: Brieftrager\n|-damage|p1a: Brieftrager|0 fnt\n|-unboost|p2a: Magearna|spa|2\n|faint|p1a: Brieftrager\n|-ability|p2a: Magearna|Soul-Heart|boost\n|-boost|p2a: Magearna|spa|1\n|\n|upkeep\n|\n|t:|1697509940\n|switch|p1a: Don't Say Anything|Dragapult, M|100\/100\n|-status|p1a: Don't Say Anything|psn\n|turn|14\n|\n|t:|1697509943\n|move|p1a: Don't Say Anything|Shadow Ball|p2a: Magearna\n|-damage|p2a: Magearna|0 fnt\n|faint|p2a: Magearna\n|\n|-damage|p1a: Don't Say Anything|88\/100 psn|[from] psn\n|upkeep\n|\n|t:|1697509948\n|switch|p2a: Zacian|Zacian|100\/100\n|-damage|p2a: Zacian|88\/100|[from] Stealth Rock\n|-ability|p2a: Zacian|Intrepid Sword|boost\n|-boost|p2a: Zacian|atk|1\n|turn|15\n|\n|t:|1697509951\n|move|p2a: Zacian|Play Rough|p1a: Don't Say Anything|[miss]\n|-miss|p2a: Zacian|p1a: Don't Say Anything\n|move|p1a: Don't Say Anything|Shadow Ball|p2a: Zacian\n|-damage|p2a: Zacian|33\/100\n|-unboost|p2a: Zacian|spd|1\n|\n|-damage|p1a: Don't Say Anything|76\/100 psn|[from] psn\n|upkeep\n|turn|16\n|\n|t:|1697509953\n|move|p2a: Zacian|Play Rough|p1a: Don't Say Anything\n|-supereffective|p1a: Don't Say Anything\n|-damage|p1a: Don't Say Anything|0 fnt\n|faint|p1a: Don't Say Anything\n|\n|upkeep\n|c|\u2606Fellow06|Sorry about that.\n|\n|t:|1697509964\n|switch|p1a: Stop Dreaming|Zacian, shiny|100\/100\n|-status|p1a: Stop Dreaming|psn\n|-ability|p1a: Stop Dreaming|Intrepid Sword|boost\n|-boost|p1a: Stop Dreaming|atk|1\n|turn|17\n|c|\u2606babynogalXD|its ok\n|\n|t:|1697509973\n|move|p2a: Zacian|Play Rough|p1a: Stop Dreaming\n|-crit|p1a: Stop Dreaming\n|-damage|p1a: Stop Dreaming|10\/100 psn\n|move|p1a: Stop Dreaming|Play Rough|p2a: Zacian\n|-damage|p2a: Zacian|0 fnt\n|faint|p2a: Zacian\n|\n|-damage|p1a: Stop Dreaming|0 fnt|[from] psn\n|faint|p1a: Stop Dreaming\n|upkeep\n|\n|t:|1697509980\n|switch|p1a: Exhumation|Shaymin-Sky, shiny|100\/100\n|switch|p2a: Spectrier|Spectrier|76\/100\n|-damage|p2a: Spectrier|63\/100|[from] Stealth Rock\n|turn|18\n|\n|t:|1697509984\n|move|p2a: Spectrier|Hex|p1a: Exhumation\n|-damage|p1a: Exhumation|52\/100\n|move|p1a: Exhumation|Seed Flare|p2a: Spectrier\n|-damage|p2a: Spectrier|0 fnt\n|faint|p2a: Spectrier\n|\n|upkeep\n|c|\u2606babynogalXD|gg\n|\n|t:|1697509991\n|switch|p2a: Arceus|Arceus-Ice|15\/100\n|-damage|p2a: Arceus|0 fnt|[from] Stealth Rock\n|faint|p2a: Arceus\n|\n|win|Fellow06\n|c|\u2606Fellow06|G.g.w.p.\n","uploadtime":1697509998,"views":25,"p1id":"fellow06","p2id":"babynogalxd","formatid":"gen9ubers","rating":0,"private":0,"password":""}