{"id":"gen9ubers-1973747803","p1":"GratedsShtickface","p2":"1P1o1s1h1e1","format":"[Gen 9] Ubers","log":"|j|\u2606GratedsShtickface\n|j|\u26061P1o1s1h1e1\n|t:|1698009385\n|gametype|singles\n|player|p1|GratedsShtickface|hiker-gen4|\n|player|p2|1P1o1s1h1e1|102|\n|teamsize|p1|6\n|teamsize|p2|6\n|gen|9\n|tier|[Gen 9] Ubers\n|rule|Sleep Clause Mod: Limit one foe put to sleep\n|rule|Species Clause: Limit one of each Pok\u00e9mon\n|rule|OHKO Clause: OHKO moves are banned\n|rule|Evasion Items Clause: Evasion items are banned\n|rule|Evasion Moves Clause: Evasion moves are banned\n|rule|Endless Battle Clause: Forcing endless battles is banned\n|rule|HP Percentage Mod: HP is shown in percentages\n|clearpoke\n|poke|p1|Shaymin-Sky|\n|poke|p1|Masquerain, M|\n|poke|p1|Chi-Yu|\n|poke|p1|Magearna|\n|poke|p1|Urshifu-*, M|\n|poke|p1|Arceus-Poison|\n|poke|p2|Dialga-Origin|\n|poke|p2|Rillaboom, M|\n|poke|p2|Arceus-Fire|\n|poke|p2|Espathra, F|\n|poke|p2|Donphan, F|\n|poke|p2|Sneasler, F|\n|teampreview\n|inactive|Battle timer is ON: inactive players will automatically lose when time's up. (requested by GratedsShtickface)\n|\n|t:|1698009400\n|start\n|switch|p1a: Web Designer|Masquerain, M, shiny|100\/100\n|switch|p2a: Dialga|Dialga-Origin|100\/100\n|-ability|p1a: Web Designer|Intimidate|boost\n|-unboost|p2a: Dialga|atk|1\n|-ability|p2a: Dialga|Pressure\n|turn|1\n|\n|t:|1698009410\n|switch|p2a: Rock 5ever|Donphan, F|100\/100\n|move|p1a: Web Designer|Sticky Web|p2a: Rock 5ever\n|-sidestart|p2: 1P1o1s1h1e1|move: Sticky Web\n|\n|upkeep\n|turn|2\n|\n|t:|1698009421\n|move|p1a: Web Designer|Bug Buzz|p2a: Rock 5ever\n|-damage|p2a: Rock 5ever|43\/100\n|move|p2a: Rock 5ever|Stealth Rock|p1a: Web Designer\n|-sidestart|p1: GratedsShtickface|move: Stealth Rock\n|\n|upkeep\n|turn|3\n|\n|t:|1698009434\n|-terastallize|p2a: Rock 5ever|Ghost\n|move|p1a: Web Designer|Bug Buzz|p2a: Rock 5ever\n|-resisted|p2a: Rock 5ever\n|-damage|p2a: Rock 5ever|17\/100\n|move|p2a: Rock 5ever|Rapid Spin|p1a: Web Designer\n|-damage|p1a: Web Designer|78\/100\n|-boost|p2a: Rock 5ever|spe|1\n|-sideend|p2: 1P1o1s1h1e1|Sticky Web|[from] move: Rapid Spin|[of] p2a: Rock 5ever\n|\n|upkeep\n|turn|4\n|-enditem|p2a: Rock 5ever|Custap Berry|[eat]\n|-activate|p2a: Rock 5ever|item: Custap Berry|[consumed]\n|\n|t:|1698009450\n|move|p2a: Rock 5ever|Endeavor|p1a: Web Designer\n|-damage|p1a: Web Designer|16\/100\n|move|p1a: Web Designer|Bug Buzz|p2a: Rock 5ever\n|-resisted|p2a: Rock 5ever\n|-damage|p2a: Rock 5ever|0 fnt\n|faint|p2a: Rock 5ever\n|\n|upkeep\n|inactive|1P1o1s1h1e1 has 270 seconds left.\n|\n|t:|1698009479\n|switch|p2a: Sneasler|Sneasler, F, shiny|100\/100\n|turn|5\n|\n|t:|1698009485\n|move|p2a: Sneasler|Dire Claw|p1a: Web Designer\n|-damage|p1a: Web Designer|0 fnt\n|faint|p1a: Web Designer\n|\n|upkeep\n|\n|t:|1698009496\n|switch|p1a: Funny Fish|Chi-Yu|100\/100\n|-damage|p1a: Funny Fish|76\/100|[from] Stealth Rock\n|-ability|p1a: Funny Fish|Beads of Ruin\n|turn|6\n|\n|t:|1698009520\n|move|p1a: Funny Fish|Psychic|p2a: Sneasler\n|-supereffective|p2a: Sneasler\n|-damage|p2a: Sneasler|0 fnt\n|faint|p2a: Sneasler\n|\n|upkeep\n|\n|t:|1698009527\n|switch|p2a: Espathra|Espathra, F|100\/100\n|turn|7\n|\n|t:|1698009535\n|switch|p1a: Haxmin|Shaymin-Sky|100\/100\n|-damage|p1a: Haxmin|76\/100|[from] Stealth Rock\n|move|p2a: Espathra|Calm Mind|p2a: Espathra\n|-boost|p2a: Espathra|spa|1\n|-boost|p2a: Espathra|spd|1\n|\n|-ability|p2a: Espathra|Speed Boost|boost\n|-boost|p2a: Espathra|spe|1\n|upkeep\n|turn|8\n|\n|t:|1698009545\n|move|p2a: Espathra|Calm Mind|p2a: Espathra\n|-boost|p2a: Espathra|spa|1\n|-boost|p2a: Espathra|spd|1\n|move|p1a: Haxmin|Leech Seed|p2a: Espathra\n|-start|p2a: Espathra|move: Leech Seed\n|\n|-damage|p2a: Espathra|88\/100|[from] Leech Seed|[of] p1a: Haxmin\n|-heal|p1a: Haxmin|89\/100|[silent]\n|-ability|p2a: Espathra|Speed Boost|boost\n|-boost|p2a: Espathra|spe|1\n|upkeep\n|turn|9\n|\n|t:|1698009551\n|move|p2a: Espathra|Stored Power|p1a: Haxmin\n|-damage|p1a: Haxmin|0 fnt\n|faint|p1a: Haxmin\n|\n|-ability|p2a: Espathra|Speed Boost|boost\n|-boost|p2a: Espathra|spe|1\n|upkeep\n|\n|t:|1698009558\n|switch|p1a: Music Box Doll|Magearna|100\/100\n|turn|10\n|\n|t:|1698009570\n|move|p2a: Espathra|Protect|p2a: Espathra\n|-singleturn|p2a: Espathra|Protect\n|move|p1a: Music Box Doll|Thunder Wave|p2a: Espathra\n|-activate|p2a: Espathra|move: Protect\n|\n|-damage|p2a: Espathra|76\/100|[from] Leech Seed|[of] p1a: Music Box Doll\n|-ability|p2a: Espathra|Speed Boost|boost\n|-boost|p2a: Espathra|spe|1\n|upkeep\n|turn|11\n|\n|t:|1698009578\n|move|p2a: Espathra|Calm Mind|p2a: Espathra\n|-boost|p2a: Espathra|spa|1\n|-boost|p2a: Espathra|spd|1\n|move|p1a: Music Box Doll|Thunder Wave|p2a: Espathra\n|-status|p2a: Espathra|par\n|\n|-damage|p2a: Espathra|63\/100 par|[from] Leech Seed|[of] p1a: Music Box Doll\n|-ability|p2a: Espathra|Speed Boost|boost\n|-boost|p2a: Espathra|spe|1\n|upkeep\n|turn|12\n|\n|t:|1698009591\n|move|p2a: Espathra|Dazzling Gleam|p1a: Music Box Doll\n|-resisted|p1a: Music Box Doll\n|-damage|p1a: Music Box Doll|86\/100\n|move|p1a: Music Box Doll|Volt Switch|p2a: Espathra\n|-damage|p2a: Espathra|52\/100 par\n|\n|t:|1698009599\n|switch|p1a: Funny Fish|Chi-Yu|76\/100|[from] Volt Switch\n|-damage|p1a: Funny Fish|51\/100|[from] Stealth Rock\n|-ability|p1a: Funny Fish|Beads of Ruin\n|\n|-damage|p2a: Espathra|40\/100 par|[from] Leech Seed|[of] p1a: Funny Fish\n|-heal|p1a: Funny Fish|69\/100|[silent]\n|-ability|p2a: Espathra|Speed Boost|boost\n|-boost|p2a: Espathra|spe|1\n|upkeep\n|turn|13\n|\n|t:|1698009615\n|cant|p2a: Espathra|par\n|move|p1a: Funny Fish|Flamethrower|p2a: Espathra\n|-damage|p2a: Espathra|3\/100 par\n|\n|-damage|p2a: Espathra|0 fnt|[from] Leech Seed|[of] p1a: Funny Fish\n|-heal|p1a: Funny Fish|73\/100|[silent]\n|faint|p2a: Espathra\n|upkeep\n|\n|t:|1698009619\n|switch|p2a: Arceus|Arceus-Fire|100\/100\n|turn|14\n|\n|t:|1698009627\n|switch|p1a: Smokey|Urshifu-Rapid-Strike, M|100\/100\n|-damage|p1a: Smokey|94\/100|[from] Stealth Rock\n|move|p2a: Arceus|Dragon Dance|p2a: Arceus\n|-boost|p2a: Arceus|atk|1\n|-boost|p2a: Arceus|spe|1\n|\n|upkeep\n|turn|15\n|inactive|GratedsShtickface has 270 seconds left.\n|\n|t:|1698009659\n|switch|p2a: Rillaboom|Rillaboom, M|100\/100\n|-fieldstart|move: Grassy Terrain|[from] ability: Grassy Surge|[of] p2a: Rillaboom\n|move|p1a: Smokey|Close Combat|p2a: Rillaboom\n|-damage|p2a: Rillaboom|36\/100\n|-unboost|p1a: Smokey|def|1\n|-unboost|p1a: Smokey|spd|1\n|\n|-heal|p1a: Smokey|100\/100|[from] Grassy Terrain\n|-heal|p2a: Rillaboom|42\/100|[from] Grassy Terrain\n|upkeep\n|turn|16\n|\n|t:|1698009668\n|switch|p1a: Music Box Doll|Magearna|86\/100\n|move|p2a: Rillaboom|U-turn|p1a: Music Box Doll\n|-resisted|p1a: Music Box Doll\n|-damage|p1a: Music Box Doll|80\/100\n|\n|t:|1698009673\n|switch|p2a: Arceus|Arceus-Fire|100\/100|[from] U-turn\n|\n|-heal|p1a: Music Box Doll|86\/100|[from] Grassy Terrain\n|upkeep\n|turn|17\n|\n|t:|1698009679\n|move|p2a: Arceus|Flare Blitz|p1a: Music Box Doll\n|-supereffective|p1a: Music Box Doll\n|-damage|p1a: Music Box Doll|0 fnt\n|faint|p1a: Music Box Doll\n|-damage|p2a: Arceus|74\/100|[from] Recoil\n|\n|-heal|p2a: Arceus|80\/100|[from] Grassy Terrain\n|upkeep\n|\n|t:|1698009689\n|switch|p1a: Funny Fish|Chi-Yu|73\/100\n|-damage|p1a: Funny Fish|48\/100|[from] Stealth Rock\n|-ability|p1a: Funny Fish|Beads of Ruin\n|turn|18\n|\n|t:|1698009714\n|move|p1a: Funny Fish|Flamethrower|p2a: Arceus\n|-resisted|p2a: Arceus\n|-damage|p2a: Arceus|54\/100\n|move|p2a: Arceus|Dragon Dance|p2a: Arceus\n|-boost|p2a: Arceus|atk|1\n|-boost|p2a: Arceus|spe|1\n|\n|-heal|p2a: Arceus|60\/100|[from] Grassy Terrain\n|-heal|p1a: Funny Fish|54\/100|[from] Grassy Terrain\n|upkeep\n|turn|19\n|\n|t:|1698009727\n|move|p2a: Arceus|Earthquake|p1a: Funny Fish\n|-supereffective|p1a: Funny Fish\n|-damage|p1a: Funny Fish|0 fnt\n|faint|p1a: Funny Fish\n|\n|-heal|p2a: Arceus|66\/100|[from] Grassy Terrain\n|-fieldend|move: Grassy Terrain\n|upkeep\n|\n|t:|1698009732\n|switch|p1a: Smokey|Urshifu-Rapid-Strike, M|100\/100\n|-damage|p1a: Smokey|94\/100|[from] Stealth Rock\n|turn|20\n|\n|t:|1698009745\n|move|p2a: Arceus|Flare Blitz|p1a: Smokey\n|-resisted|p1a: Smokey\n|-damage|p1a: Smokey|37\/100\n|-damage|p2a: Arceus|49\/100|[from] Recoil\n|move|p1a: Smokey|Close Combat|p2a: Arceus\n|-damage|p2a: Arceus|4\/100\n|-unboost|p1a: Smokey|def|1\n|-unboost|p1a: Smokey|spd|1\n|\n|upkeep\n|turn|21\n|\n|t:|1698009754\n|move|p1a: Smokey|Aqua Jet|p2a: Arceus\n|-supereffective|p2a: Arceus\n|-damage|p2a: Arceus|0 fnt\n|faint|p2a: Arceus\n|\n|upkeep\n|\n|t:|1698009756\n|switch|p2a: Rillaboom|Rillaboom, M|42\/100\n|-fieldstart|move: Grassy Terrain|[from] ability: Grassy Surge|[of] p2a: Rillaboom\n|turn|22\n|\n|t:|1698009764\n|switch|p1a: Ar\u0441eus-Dragon|Arceus-Poison, shiny|100\/100\n|-damage|p1a: Ar\u0441eus-Dragon|88\/100|[from] Stealth Rock\n|move|p2a: Rillaboom|Grassy Glide|p1a: Ar\u0441eus-Dragon\n|-resisted|p1a: Ar\u0441eus-Dragon\n|-damage|p1a: Ar\u0441eus-Dragon|70\/100\n|\n|-heal|p2a: Rillaboom|48\/100|[from] Grassy Terrain\n|-heal|p1a: Ar\u0441eus-Dragon|76\/100|[from] Grassy Terrain\n|upkeep\n|turn|23\n|\n|t:|1698009772\n|switch|p2a: Dialga|Dialga-Origin|100\/100\n|-ability|p2a: Dialga|Pressure\n|move|p1a: Ar\u0441eus-Dragon|Gunk Shot|p2a: Dialga\n|-immune|p2a: Dialga\n|\n|-heal|p1a: Ar\u0441eus-Dragon|82\/100|[from] Grassy Terrain\n|upkeep\n|turn|24\n|\n|t:|1698009779\n|move|p1a: Ar\u0441eus-Dragon|Taunt|p2a: Dialga\n|-start|p2a: Dialga|move: Taunt\n|move|p2a: Dialga|Draco Meteor|p1a: Ar\u0441eus-Dragon\n|-damage|p1a: Ar\u0441eus-Dragon|15\/100\n|-unboost|p2a: Dialga|spa|2\n|\n|-heal|p1a: Ar\u0441eus-Dragon|21\/100|[from] Grassy Terrain\n|upkeep\n|turn|25\n|\n|t:|1698009790\n|move|p1a: Ar\u0441eus-Dragon|Liquidation|p2a: Dialga\n|-resisted|p2a: Dialga\n|-damage|p2a: Dialga|89\/100\n|move|p2a: Dialga|Earth Power|p1a: Ar\u0441eus-Dragon\n|-supereffective|p1a: Ar\u0441eus-Dragon\n|-damage|p1a: Ar\u0441eus-Dragon|0 fnt\n|faint|p1a: Ar\u0441eus-Dragon\n|\n|-heal|p2a: Dialga|95\/100|[from] Grassy Terrain\n|upkeep\n|\n|t:|1698009796\n|switch|p1a: Smokey|Urshifu-Rapid-Strike, M|37\/100\n|-damage|p1a: Smokey|31\/100|[from] Stealth Rock\n|turn|26\n|\n|t:|1698009804\n|move|p1a: Smokey|Close Combat|p2a: Dialga\n|-supereffective|p2a: Dialga\n|-damage|p2a: Dialga|1\/100\n|-unboost|p1a: Smokey|def|1\n|-unboost|p1a: Smokey|spd|1\n|move|p2a: Dialga|Draco Meteor|p1a: Smokey\n|-damage|p1a: Smokey|0 fnt\n|-unboost|p2a: Dialga|spa|2\n|faint|p1a: Smokey\n|\n|win|1P1o1s1h1e1\n|c|\u2606GratedsShtickface|gg\n|c|\u26061P1o1s1h1e1|gg\n","uploadtime":1698009813,"views":11,"p1id":"gratedsshtickface","p2id":"1p1o1s1h1e1","formatid":"gen9ubers","rating":0,"private":0,"password":""}