{"id":"gen9ubers-1984076252","p1":"guess the memes","p2":"FoxDragon22","format":"[Gen 9] Ubers","log":"|j|\u2606guess the memes\n|j|\u2606FoxDragon22\n|t:|1699216224\n|gametype|singles\n|player|p1|guess the memes|acetrainerf|\n|player|p2|FoxDragon22|acetrainerf-gen4dp|\n|teamsize|p1|6\n|teamsize|p2|6\n|gen|9\n|tier|[Gen 9] Ubers\n|rule|Sleep Clause Mod: Limit one foe put to sleep\n|rule|Species Clause: Limit one of each Pok\u00e9mon\n|rule|OHKO Clause: OHKO moves are banned\n|rule|Evasion Items Clause: Evasion items are banned\n|rule|Evasion Moves Clause: Evasion moves are banned\n|rule|Endless Battle Clause: Forcing endless battles is banned\n|rule|HP Percentage Mod: HP is shown in percentages\n|clearpoke\n|poke|p1|Arceus-Poison|\n|poke|p1|Cyclizar, F|\n|poke|p1|Magearna|\n|poke|p1|Espathra, F|\n|poke|p1|Zacian-*|\n|poke|p1|Gliscor, M|\n|poke|p2|Arceus-Grass|\n|poke|p2|Dialga|\n|poke|p2|Zacian-*|\n|poke|p2|Palkia-Origin|\n|poke|p2|Gliscor, M|\n|poke|p2|Dragonite, F|\n|teampreview\n|\n|t:|1699216250\n|start\n|switch|p1a: Cyclizar|Cyclizar, F|100\/100\n|switch|p2a: Palkia|Palkia-Origin|100\/100\n|-ability|p2a: Palkia|Pressure\n|turn|1\n|\n|t:|1699216263\n|move|p1a: Cyclizar|Shed Tail|p1a: Cyclizar\n|-start|p1a: Cyclizar|Substitute|[from] move: Shed Tail\n|-damage|p1a: Cyclizar|50\/100\n|\n|t:|1699216267\n|switch|p1a: Magearna|Magearna|100\/100|[from] Shed Tail\n|move|p2a: Palkia|Spacial Rend|p1a: Magearna\n|-immune|p1a: Magearna\n|\n|upkeep\n|turn|2\n|\n|t:|1699216275\n|move|p2a: Palkia|Earth Power|p1a: Magearna\n|-supereffective|p1a: Magearna\n|-end|p1a: Magearna|Substitute\n|move|p1a: Magearna|Calm Mind|p1a: Magearna\n|-boost|p1a: Magearna|spa|1\n|-boost|p1a: Magearna|spd|1\n|\n|upkeep\n|turn|3\n|\n|t:|1699216282\n|move|p2a: Palkia|Earth Power|p1a: Magearna\n|-supereffective|p1a: Magearna\n|-damage|p1a: Magearna|68\/100\n|move|p1a: Magearna|Calm Mind|p1a: Magearna\n|-boost|p1a: Magearna|spa|1\n|-boost|p1a: Magearna|spd|1\n|\n|-heal|p1a: Magearna|74\/100|[from] item: Leftovers\n|upkeep\n|turn|4\n|\n|t:|1699216303\n|switch|p2a: Gliscor|Gliscor, M|100\/100\n|move|p1a: Magearna|Iron Defense|p1a: Magearna\n|-boost|p1a: Magearna|def|2\n|\n|-heal|p1a: Magearna|80\/100|[from] item: Leftovers\n|-status|p2a: Gliscor|tox|[from] item: Toxic Orb\n|upkeep\n|turn|5\n|\n|t:|1699216316\n|move|p2a: Gliscor|Knock Off|p1a: Magearna\n|-resisted|p1a: Magearna\n|-damage|p1a: Magearna|75\/100\n|-enditem|p1a: Magearna|Leftovers|[from] move: Knock Off|[of] p2a: Gliscor\n|move|p1a: Magearna|Calm Mind|p1a: Magearna\n|-boost|p1a: Magearna|spa|1\n|-boost|p1a: Magearna|spd|1\n|\n|upkeep\n|turn|6\n|\n|t:|1699216325\n|move|p2a: Gliscor|Earthquake|p1a: Magearna\n|-supereffective|p1a: Magearna\n|-damage|p1a: Magearna|43\/100\n|move|p1a: Magearna|Calm Mind|p1a: Magearna\n|-boost|p1a: Magearna|spa|1\n|-boost|p1a: Magearna|spd|1\n|\n|upkeep\n|turn|7\n|\n|t:|1699216332\n|move|p2a: Gliscor|Earthquake|p1a: Magearna\n|-supereffective|p1a: Magearna\n|-damage|p1a: Magearna|14\/100\n|move|p1a: Magearna|Draining Kiss|p2a: Gliscor\n|-damage|p2a: Gliscor|8\/100 tox\n|-heal|p1a: Magearna|69\/100|[from] drain|[of] p2a: Gliscor\n|\n|-heal|p2a: Gliscor|20\/100 tox|[from] ability: Poison Heal\n|upkeep\n|turn|8\n|\n|t:|1699216346\n|move|p2a: Gliscor|Earthquake|p1a: Magearna\n|-supereffective|p1a: Magearna\n|-damage|p1a: Magearna|36\/100\n|move|p1a: Magearna|Draining Kiss|p2a: Gliscor\n|-damage|p2a: Gliscor|0 fnt\n|-heal|p1a: Magearna|48\/100|[from] drain|[of] p2a: Gliscor\n|faint|p2a: Gliscor\n|-ability|p1a: Magearna|Soul-Heart|boost\n|-boost|p1a: Magearna|spa|1\n|\n|upkeep\n|\n|t:|1699216377\n|switch|p2a: Dragonite|Dragonite, F|100\/100\n|turn|9\n|\n|t:|1699216387\n|-terastallize|p2a: Dragonite|Normal\n|-terastallize|p1a: Magearna|Ghost\n|move|p2a: Dragonite|Earthquake|p1a: Magearna\n|-damage|p1a: Magearna|36\/100\n|move|p1a: Magearna|Draining Kiss|p2a: Dragonite\n|-damage|p2a: Dragonite|62\/100\n|-heal|p1a: Magearna|62\/100|[from] drain|[of] p2a: Dragonite\n|\n|upkeep\n|turn|10\n|\n|t:|1699216402\n|switch|p2a: Zacian|Zacian|100\/100\n|-ability|p2a: Zacian|Intrepid Sword|boost\n|-boost|p2a: Zacian|atk|1\n|move|p1a: Magearna|Draining Kiss|p2a: Zacian\n|-damage|p2a: Zacian|26\/100\n|-heal|p1a: Magearna|100\/100|[from] drain|[of] p2a: Zacian\n|\n|upkeep\n|turn|11\n|\n|t:|1699216414\n|move|p2a: Zacian|Crunch|p1a: Magearna\n|-supereffective|p1a: Magearna\n|-damage|p1a: Magearna|75\/100\n|move|p1a: Magearna|Stored Power|p2a: Zacian\n|-damage|p2a: Zacian|0 fnt\n|faint|p2a: Zacian\n|-ability|p1a: Magearna|Soul-Heart|boost\n|-boost|p1a: Magearna|spa|1\n|\n|upkeep\n|\n|t:|1699216428\n|switch|p2a: Dialga|Dialga|100\/100\n|-ability|p2a: Dialga|Pressure\n|turn|12\n|\n|t:|1699216441\n|move|p1a: Magearna|Stored Power|p2a: Dialga\n|-resisted|p2a: Dialga\n|-damage|p2a: Dialga|0 fnt\n|faint|p2a: Dialga\n|\n|upkeep\n|\n|t:|1699216448\n|switch|p2a: Dragonite|Dragonite, F, tera:Normal|62\/100\n|turn|13\n|\n|t:|1699216453\n|move|p2a: Dragonite|Roost|p2a: Dragonite\n|-heal|p2a: Dragonite|100\/100\n|move|p1a: Magearna|Draining Kiss|p2a: Dragonite\n|-damage|p2a: Dragonite|51\/100\n|-heal|p1a: Magearna|100\/100|[from] drain|[of] p2a: Dragonite\n|\n|upkeep\n|turn|14\n|\n|t:|1699216466\n|move|p2a: Dragonite|Earthquake|p1a: Magearna\n|-damage|p1a: Magearna|89\/100\n|move|p1a: Magearna|Stored Power|p2a: Dragonite\n|-damage|p2a: Dragonite|0 fnt\n|faint|p2a: Dragonite\n|\n|upkeep\n|\n|t:|1699216475\n|switch|p2a: Arceus|Arceus-Grass|100\/100\n|turn|15\n|\n|t:|1699216480\n|move|p2a: Arceus|Calm Mind|p2a: Arceus\n|-boost|p2a: Arceus|spa|1\n|-boost|p2a: Arceus|spd|1\n|move|p1a: Magearna|Draining Kiss|p2a: Arceus\n|-damage|p2a: Arceus|65\/100\n|-heal|p1a: Magearna|100\/100|[from] drain|[of] p2a: Arceus\n|\n|upkeep\n|turn|16\n|\n|t:|1699216488\n|move|p2a: Arceus|Calm Mind|p2a: Arceus\n|-boost|p2a: Arceus|spa|1\n|-boost|p2a: Arceus|spd|1\n|move|p1a: Magearna|Stored Power|p2a: Arceus\n|-damage|p2a: Arceus|0 fnt\n|faint|p2a: Arceus\n|\n|upkeep\n|\n|t:|1699216496\n|switch|p2a: Palkia|Palkia-Origin|100\/100\n|-ability|p2a: Palkia|Pressure\n|turn|17\n|\n|t:|1699216501\n|move|p2a: Palkia|Spacial Rend|p1a: Magearna\n|-damage|p1a: Magearna|82\/100\n|move|p1a: Magearna|Draining Kiss|p2a: Palkia\n|-supereffective|p2a: Palkia\n|-damage|p2a: Palkia|0 fnt\n|-heal|p1a: Magearna|100\/100|[from] drain|[of] p2a: Palkia\n|faint|p2a: Palkia\n|\n|win|guess the memes\n|c|\u2606guess the memes|gg\n|l|\u2606guess the memes\n|l|\u2606FoxDragon22\n|j|\u2606guess the memes\n|player|p1|guess the memes|acetrainerf\n","uploadtime":1699216553,"views":31,"p1id":"guessthememes","p2id":"foxdragon22","formatid":"gen9ubers","rating":0,"private":0,"password":""}