{"id":"gen9ubers-1969830405","p1":"grasshopper021","p2":"IrishPenguin","format":"[Gen 9] Ubers","log":"|j|\u2606grasshopper021\n|j|\u2606IrishPenguin\n|t:|1697568636\n|gametype|singles\n|player|p1|grasshopper021|zinnia|\n|player|p2|IrishPenguin|ash|\n|teamsize|p1|6\n|teamsize|p2|6\n|gen|9\n|tier|[Gen 9] Ubers\n|rule|Sleep Clause Mod: Limit one foe put to sleep\n|rule|Species Clause: Limit one of each Pok\u00e9mon\n|rule|OHKO Clause: OHKO moves are banned\n|rule|Evasion Items Clause: Evasion items are banned\n|rule|Evasion Moves Clause: Evasion moves are banned\n|rule|Endless Battle Clause: Forcing endless battles is banned\n|rule|HP Percentage Mod: HP is shown in percentages\n|clearpoke\n|poke|p1|Torkoal, F|\n|poke|p1|Chi-Yu|\n|poke|p1|Walking Wake|\n|poke|p1|Hatterene, F|\n|poke|p1|Arceus-Fire|\n|poke|p1|Roaring Moon|\n|poke|p2|Ogerpon-Wellspring, F|\n|poke|p2|Magearna|\n|poke|p2|Zacian-*|\n|poke|p2|Dialga|\n|poke|p2|Shaymin-Sky|\n|poke|p2|Gholdengo|\n|teampreview\n|inactive|Battle timer is ON: inactive players will automatically lose when time's up. (requested by IrishPenguin)\n|c|\u2606IrishPenguin|Glhf\n|c|\u2606grasshopper021|glhf c:\n|\n|t:|1697568662\n|start\n|switch|p1a: Torkoal|Torkoal, F|100\/100\n|switch|p2a: Shaymin|Shaymin-Sky, shiny|100\/100\n|-weather|SunnyDay|[from] ability: Drought|[of] p1a: Torkoal\n|turn|1\n|\n|t:|1697568682\n|switch|p1a: Chi-Yu|Chi-Yu|100\/100\n|-ability|p1a: Chi-Yu|Beads of Ruin\n|move|p2a: Shaymin|Substitute|p2a: Shaymin\n|-start|p2a: Shaymin|Substitute\n|-damage|p2a: Shaymin|76\/100\n|\n|-weather|SunnyDay|[upkeep]\n|upkeep\n|turn|2\n|inactive|IrishPenguin has 270 seconds left.\n|\n|t:|1697568728\n|move|p1a: Chi-Yu|Flamethrower|p2a: Shaymin\n|-supereffective|p2a: Shaymin\n|-crit|p2a: Shaymin\n|-end|p2a: Shaymin|Substitute\n|move|p2a: Shaymin|Leech Seed|p1a: Chi-Yu\n|-start|p1a: Chi-Yu|move: Leech Seed\n|\n|-weather|SunnyDay|[upkeep]\n|-damage|p1a: Chi-Yu|88\/100|[from] Leech Seed|[of] p2a: Shaymin\n|-heal|p2a: Shaymin|85\/100|[silent]\n|upkeep\n|turn|3\n|\n|t:|1697568738\n|switch|p2a: Dialga|Dialga|100\/100\n|-ability|p2a: Dialga|Pressure\n|move|p1a: Chi-Yu|Flamethrower|p2a: Dialga\n|-damage|p2a: Dialga|38\/100\n|\n|-weather|SunnyDay|[upkeep]\n|-heal|p2a: Dialga|44\/100|[from] item: Leftovers\n|-damage|p1a: Chi-Yu|76\/100|[from] Leech Seed|[of] p2a: Dialga\n|-heal|p2a: Dialga|52\/100|[silent]\n|upkeep\n|turn|4\n|\n|t:|1697568756\n|move|p1a: Chi-Yu|Flamethrower|p2a: Dialga\n|-damage|p2a: Dialga|0 fnt\n|faint|p2a: Dialga\n|\n|-weather|SunnyDay|[upkeep]\n|upkeep\n|\n|t:|1697568761\n|switch|p2a: Zacian|Zacian, shiny|100\/100\n|-ability|p2a: Zacian|Intrepid Sword|boost\n|-boost|p2a: Zacian|atk|1\n|turn|5\n|\n|t:|1697568776\n|-terastallize|p1a: Chi-Yu|Fire\n|-terastallize|p2a: Zacian|Fire\n|move|p1a: Chi-Yu|Flamethrower|p2a: Zacian\n|-resisted|p2a: Zacian\n|-damage|p2a: Zacian|34\/100\n|move|p2a: Zacian|Close Combat|p1a: Chi-Yu\n|-damage|p1a: Chi-Yu|0 fnt\n|-unboost|p2a: Zacian|def|1\n|-unboost|p2a: Zacian|spd|1\n|faint|p1a: Chi-Yu\n|\n|-weather|SunnyDay|[upkeep]\n|upkeep\n|inactive|grasshopper021 has 270 seconds left.\n|\n|t:|1697568808\n|switch|p1a: Hatterene|Hatterene, F, shiny|100\/100\n|turn|6\n|inactive|grasshopper021 has 270 seconds left.\n|inactive|IrishPenguin has 270 seconds left.\n|\n|t:|1697568833\n|move|p2a: Zacian|Tera Blast|p1a: Hatterene|[anim] Tera Blast Fire\n|-damage|p1a: Hatterene|17\/100\n|-enditem|p1a: Hatterene|Eject Button\n|inactive|grasshopper021 has 270 seconds left.\n|\n|t:|1697568849\n|switch|p1a: Torkoal|Torkoal, F|100\/100\n|\n|-weather|SunnyDay|[upkeep]\n|upkeep\n|turn|7\n|\n|t:|1697568870\n|switch|p2a: Ogerpon|Ogerpon-Wellspring, F|100\/100\n|move|p1a: Torkoal|Yawn|p2a: Ogerpon\n|-start|p2a: Ogerpon|move: Yawn|[of] p1a: Torkoal\n|\n|-weather|SunnyDay|[upkeep]\n|upkeep\n|turn|8\n|inactive|grasshopper021 has 270 seconds left.\n|\n|t:|1697568882\n|move|p2a: Ogerpon|U-turn|p1a: Torkoal\n|-resisted|p1a: Torkoal\n|-damage|p1a: Torkoal|93\/100\n|inactive|IrishPenguin has 240 seconds left.\n|\n|t:|1697568918\n|switch|p2a: Gholdengo|Gholdengo|100\/100|[from] U-turn\n|-item|p2a: Gholdengo|Air Balloon\n|move|p1a: Torkoal|Stealth Rock|p2a: Gholdengo\n|-sidestart|p2: IrishPenguin|move: Stealth Rock\n|\n|-weather|none\n|upkeep\n|turn|9\n|\n|t:|1697568926\n|move|p2a: Gholdengo|Shadow Ball|p1a: Torkoal\n|-damage|p1a: Torkoal|41\/100\n|move|p1a: Torkoal|Lava Plume|p2a: Gholdengo\n|-supereffective|p2a: Gholdengo\n|-damage|p2a: Gholdengo|66\/100\n|-status|p2a: Gholdengo|brn\n|-enditem|p2a: Gholdengo|Air Balloon\n|\n|-damage|p2a: Gholdengo|59\/100 brn|[from] brn\n|upkeep\n|turn|10\n|inactive|grasshopper021 has 270 seconds left.\n|\n|t:|1697568947\n|switch|p1a: Hatterene|Hatterene, F, shiny|17\/100\n|move|p2a: Gholdengo|Shadow Ball|p1a: Hatterene\n|-supereffective|p1a: Hatterene\n|-damage|p1a: Hatterene|0 fnt\n|faint|p1a: Hatterene\n|\n|-damage|p2a: Gholdengo|53\/100 brn|[from] brn\n|upkeep\n|inactive|grasshopper021 has 270 seconds left.\n|\n|t:|1697568958\n|switch|p1a: Roaring Moon|Roaring Moon|100\/100\n|-enditem|p1a: Roaring Moon|Booster Energy\n|-activate|p1a: Roaring Moon|ability: Protosynthesis|[fromitem]\n|-start|p1a: Roaring Moon|protosynthesisatk\n|turn|11\n|\n|t:|1697568975\n|move|p1a: Roaring Moon|Dragon Dance|p1a: Roaring Moon\n|-boost|p1a: Roaring Moon|atk|1\n|-boost|p1a: Roaring Moon|spe|1\n|move|p2a: Gholdengo|Thunder Wave|p1a: Roaring Moon\n|-status|p1a: Roaring Moon|par\n|\n|-damage|p2a: Gholdengo|47\/100 brn|[from] brn\n|upkeep\n|turn|12\n|\n|t:|1697568982\n|switch|p2a: Magearna|Magearna|100\/100\n|-damage|p2a: Magearna|94\/100|[from] Stealth Rock\n|move|p1a: Roaring Moon|Dragon Dance|p1a: Roaring Moon\n|-boost|p1a: Roaring Moon|atk|1\n|-boost|p1a: Roaring Moon|spe|1\n|\n|-heal|p2a: Magearna|100\/100|[from] item: Leftovers\n|upkeep\n|turn|13\n|\n|t:|1697569002\n|-end|p1a: Roaring Moon|Protosynthesis|[silent]\n|switch|p1a: Arceus-Wrong Type|Arceus-Fire|100\/100\n|move|p2a: Magearna|Draining Kiss|p1a: Arceus-Wrong Type\n|-resisted|p1a: Arceus-Wrong Type\n|-damage|p1a: Arceus-Wrong Type|94\/100\n|\n|upkeep\n|turn|14\n|\n|t:|1697569011\n|switch|p2a: Ogerpon|Ogerpon-Wellspring, F|100\/100\n|-damage|p2a: Ogerpon|88\/100|[from] Stealth Rock\n|move|p1a: Arceus-Wrong Type|Judgment|p2a: Ogerpon\n|-damage|p2a: Ogerpon|20\/100\n|\n|upkeep\n|turn|15\n|inactive|IrishPenguin has 240 seconds left.\n|\n|t:|1697569018\n|move|p2a: Ogerpon|Ivy Cudgel|p1a: Arceus-Wrong Type\n|-supereffective|p1a: Arceus-Wrong Type\n|-damage|p1a: Arceus-Wrong Type|10\/100\n|move|p1a: Arceus-Wrong Type|Judgment|p2a: Ogerpon\n|-damage|p2a: Ogerpon|0 fnt\n|faint|p2a: Ogerpon\n|\n|upkeep\n|inactive|IrishPenguin has 240 seconds left.\n|\n|t:|1697569031\n|switch|p2a: Shaymin|Shaymin-Sky, shiny|85\/100\n|turn|16\n|inactive|IrishPenguin has 240 seconds left.\n|\n|t:|1697569039\n|switch|p1a: Torkoal|Torkoal, F|41\/100\n|-weather|SunnyDay|[from] ability: Drought|[of] p1a: Torkoal\n|move|p2a: Shaymin|Air Slash|p1a: Torkoal\n|-damage|p1a: Torkoal|0 fnt\n|faint|p1a: Torkoal\n|\n|-weather|SunnyDay|[upkeep]\n|upkeep\n|\n|t:|1697569047\n|switch|p1a: Walking Wake|Walking Wake|100\/100\n|-activate|p1a: Walking Wake|ability: Protosynthesis\n|-start|p1a: Walking Wake|protosynthesisspa\n|turn|17\n|\n|t:|1697569060\n|switch|p2a: Gholdengo|Gholdengo|47\/100 brn\n|-damage|p2a: Gholdengo|41\/100 brn|[from] Stealth Rock\n|move|p1a: Walking Wake|Flamethrower|p2a: Gholdengo\n|-supereffective|p2a: Gholdengo\n|-damage|p2a: Gholdengo|0 fnt\n|faint|p2a: Gholdengo\n|\n|-weather|SunnyDay|[upkeep]\n|upkeep\n|inactive|IrishPenguin has 240 seconds left.\n|\n|t:|1697569077\n|switch|p2a: Zacian|Zacian, shiny, tera:Fire|34\/100\n|turn|18\n|\n|t:|1697569085\n|move|p2a: Zacian|Play Rough|p1a: Walking Wake\n|-supereffective|p1a: Walking Wake\n|-damage|p1a: Walking Wake|8\/100\n|move|p1a: Walking Wake|Flamethrower|p2a: Zacian\n|-resisted|p2a: Zacian\n|-damage|p2a: Zacian|0 fnt\n|faint|p2a: Zacian\n|\n|-weather|SunnyDay|[upkeep]\n|upkeep\n|inactive|IrishPenguin has 240 seconds left.\n|\n|t:|1697569097\n|switch|p2a: Shaymin|Shaymin-Sky, shiny|85\/100\n|turn|19\n|\n|t:|1697569101\n|move|p2a: Shaymin|Air Slash|p1a: Walking Wake\n|-damage|p1a: Walking Wake|0 fnt\n|faint|p1a: Walking Wake\n|-end|p1a: Walking Wake|Protosynthesis|[silent]\n|\n|-weather|SunnyDay|[upkeep]\n|upkeep\n|\n|t:|1697569106\n|switch|p1a: Roaring Moon|Roaring Moon|100\/100 par\n|-activate|p1a: Roaring Moon|ability: Protosynthesis\n|-start|p1a: Roaring Moon|protosynthesisatk\n|turn|20\n|\n|t:|1697569120\n|move|p2a: Shaymin|Air Slash|p1a: Roaring Moon\n|-damage|p1a: Roaring Moon|68\/100 par\n|cant|p1a: Roaring Moon|flinch\n|\n|-weather|SunnyDay|[upkeep]\n|upkeep\n|turn|21\n|\n|t:|1697569125\n|move|p2a: Shaymin|Air Slash|p1a: Roaring Moon\n|-damage|p1a: Roaring Moon|33\/100 par\n|cant|p1a: Roaring Moon|flinch\n|\n|-weather|SunnyDay|[upkeep]\n|upkeep\n|turn|22\n|inactive|IrishPenguin has 270 seconds left.\n|\n|t:|1697569138\n|move|p2a: Shaymin|Air Slash|p1a: Roaring Moon\n|-crit|p1a: Roaring Moon\n|-damage|p1a: Roaring Moon|0 fnt\n|faint|p1a: Roaring Moon\n|-end|p1a: Roaring Moon|Protosynthesis|[silent]\n|\n|-weather|SunnyDay|[upkeep]\n|upkeep\n|c|\u2606grasshopper021|gg\n|\n|t:|1697569145\n|switch|p1a: Arceus-Wrong Type|Arceus-Fire|10\/100\n|turn|23\n|c|\u2606IrishPenguin|Gg\n|\n|t:|1697569154\n|move|p2a: Shaymin|Air Slash|p1a: Arceus-Wrong Type\n|-damage|p1a: Arceus-Wrong Type|0 fnt\n|faint|p1a: Arceus-Wrong Type\n|\n|win|IrishPenguin\n","uploadtime":1697569158,"views":23,"p1id":"grasshopper021","p2id":"irishpenguin","formatid":"gen9ubers","rating":0,"private":0,"password":""}