{"id":"gen9ubers-1976994169","p1":"PinkScourge","p2":"IrishPenguin","format":"[Gen 9] Ubers","log":"|j|\u2606PinkScourge\n|j|\u2606IrishPenguin\n|t:|1698359774\n|gametype|singles\n|player|p1|PinkScourge|bede-leader|\n|player|p2|IrishPenguin|ash|\n|teamsize|p1|6\n|teamsize|p2|6\n|gen|9\n|tier|[Gen 9] Ubers\n|rule|Sleep Clause Mod: Limit one foe put to sleep\n|rule|Species Clause: Limit one of each Pok\u00e9mon\n|rule|OHKO Clause: OHKO moves are banned\n|rule|Evasion Items Clause: Evasion items are banned\n|rule|Evasion Moves Clause: Evasion moves are banned\n|rule|Endless Battle Clause: Forcing endless battles is banned\n|rule|HP Percentage Mod: HP is shown in percentages\n|clearpoke\n|poke|p1|Sylveon, M|\n|poke|p1|Alomomola, F|\n|poke|p1|Weezing-Galar, F|\n|poke|p1|Grimmsnarl, M|\n|poke|p1|Zacian-*|\n|poke|p1|Magearna|\n|poke|p2|Volcanion|\n|poke|p2|Magearna|\n|poke|p2|Zacian-*|\n|poke|p2|Dialga|\n|poke|p2|Shaymin-Sky|\n|poke|p2|Gholdengo|\n|teampreview\n|inactive|Battle timer is ON: inactive players will automatically lose when time's up. (requested by PinkScourge)\n|inactive|IrishPenguin also wants the timer to be on.\n|inactive|IrishPenguin has 270 seconds left.\n|c|\u2606IrishPenguin|Glhf Im intrigued by your team\n|\n|t:|1698359820\n|start\n|switch|p1a: Magearna|Magearna|100\/100\n|switch|p2a: Shaymin|Shaymin-Sky, shiny|100\/100\n|turn|1\n|\n|t:|1698359837\n|move|p2a: Shaymin|Substitute|p2a: Shaymin\n|-start|p2a: Shaymin|Substitute\n|-damage|p2a: Shaymin|76\/100\n|move|p1a: Magearna|Fleur Cannon|p2a: Shaymin\n|-end|p2a: Shaymin|Substitute\n|-unboost|p1a: Magearna|spa|2\n|\n|upkeep\n|turn|2\n|\n|t:|1698359843\n|switch|p2a: Volcanion|Volcanion|100\/100\n|move|p1a: Magearna|Fleur Cannon|p2a: Volcanion\n|-resisted|p2a: Volcanion\n|-damage|p2a: Volcanion|80\/100\n|-unboost|p1a: Magearna|spa|2\n|\n|upkeep\n|turn|3\n|\n|t:|1698359852\n|switch|p2a: Shaymin|Shaymin-Sky, shiny|76\/100\n|switch|p1a: Alomomola|Alomomola, F|100\/100\n|\n|upkeep\n|turn|4\n|\n|t:|1698359863\n|switch|p1a: Grimmsnarl|Grimmsnarl, M, shiny|100\/100\n|move|p2a: Shaymin|Substitute|p2a: Shaymin\n|-start|p2a: Shaymin|Substitute\n|-damage|p2a: Shaymin|51\/100\n|\n|upkeep\n|turn|5\n|\n|t:|1698359868\n|move|p1a: Grimmsnarl|Light Screen|p1a: Grimmsnarl\n|-sidestart|p1: PinkScourge|move: Light Screen\n|move|p2a: Shaymin|Leech Seed|p1a: Grimmsnarl|[miss]\n|-miss|p2a: Shaymin|p1a: Grimmsnarl\n|\n|upkeep\n|turn|6\n|\n|t:|1698359872\n|move|p1a: Grimmsnarl|Reflect|p1a: Grimmsnarl\n|-sidestart|p1: PinkScourge|Reflect\n|move|p2a: Shaymin|Leech Seed|p1a: Grimmsnarl\n|-start|p1a: Grimmsnarl|move: Leech Seed\n|\n|-damage|p1a: Grimmsnarl|88\/100|[from] Leech Seed|[of] p2a: Shaymin\n|-heal|p2a: Shaymin|65\/100|[silent]\n|upkeep\n|turn|7\n|\n|t:|1698359876\n|move|p1a: Grimmsnarl|Parting Shot|p2a: Shaymin\n|-unboost|p2a: Shaymin|atk|1\n|-unboost|p2a: Shaymin|spa|1\n|\n|t:|1698359878\n|switch|p1a: Sylveon|Sylveon, M|100\/100|[from] Parting Shot\n|move|p2a: Shaymin|Leech Seed|p1a: Sylveon\n|-start|p1a: Sylveon|move: Leech Seed\n|\n|-damage|p1a: Sylveon|88\/100|[from] Leech Seed|[of] p2a: Shaymin\n|-heal|p2a: Shaymin|79\/100|[silent]\n|upkeep\n|turn|8\n|\n|t:|1698359881\n|move|p2a: Shaymin|Air Slash|p1a: Sylveon\n|-damage|p1a: Sylveon|80\/100\n|cant|p1a: Sylveon|flinch\n|\n|-heal|p1a: Sylveon|86\/100|[from] item: Leftovers\n|-damage|p1a: Sylveon|74\/100|[from] Leech Seed|[of] p2a: Shaymin\n|-heal|p2a: Shaymin|94\/100|[silent]\n|upkeep\n|turn|9\n|\n|t:|1698359891\n|switch|p1a: Magearna|Magearna|100\/100\n|move|p2a: Shaymin|Air Slash|p1a: Magearna\n|-resisted|p1a: Magearna\n|-damage|p1a: Magearna|96\/100\n|\n|upkeep\n|turn|10\n|\n|t:|1698359896\n|move|p2a: Shaymin|Leech Seed|p1a: Magearna|[miss]\n|-miss|p2a: Shaymin|p1a: Magearna\n|move|p1a: Magearna|Draining Kiss|p2a: Shaymin\n|-end|p2a: Shaymin|Substitute\n|-heal|p1a: Magearna|100\/100|[from] drain|[of] p2a: Shaymin\n|\n|upkeep\n|turn|11\n|\n|t:|1698359908\n|switch|p2a: Volcanion|Volcanion|80\/100\n|move|p1a: Magearna|Draining Kiss|p2a: Volcanion\n|-resisted|p2a: Volcanion\n|-damage|p2a: Volcanion|64\/100\n|\n|upkeep\n|turn|12\n|\n|t:|1698359915\n|switch|p1a: Alomomola|Alomomola, F|100\/100\n|move|p2a: Volcanion|Flamethrower|p1a: Alomomola\n|-resisted|p1a: Alomomola\n|-damage|p1a: Alomomola|92\/100\n|-status|p1a: Alomomola|brn\n|\n|-damage|p1a: Alomomola|86\/100 brn|[from] brn\n|-sideend|p1: PinkScourge|move: Light Screen\n|upkeep\n|turn|13\n|\n|t:|1698359921\n|switch|p2a: Dialga|Dialga|100\/100\n|-ability|p2a: Dialga|Pressure\n|move|p1a: Alomomola|Flip Turn|p2a: Dialga\n|-resisted|p2a: Dialga\n|-damage|p2a: Dialga|98\/100\n|\n|t:|1698359927\n|switch|p1a: Zacian|Zacian|100\/100|[from] Flip Turn\n|-ability|p1a: Zacian|Intrepid Sword|boost\n|-boost|p1a: Zacian|atk|1\n|\n|-heal|p2a: Dialga|100\/100|[from] item: Leftovers\n|-sideend|p1: PinkScourge|Reflect\n|upkeep\n|turn|14\n|\n|t:|1698359945\n|switch|p2a: Gholdengo|Gholdengo|100\/100\n|-item|p2a: Gholdengo|Air Balloon\n|move|p1a: Zacian|Play Rough|p2a: Gholdengo\n|-resisted|p2a: Gholdengo\n|-damage|p2a: Gholdengo|50\/100\n|-enditem|p2a: Gholdengo|Air Balloon\n|\n|upkeep\n|turn|15\n|\n|t:|1698359958\n|move|p1a: Zacian|Play Rough|p2a: Gholdengo\n|-resisted|p2a: Gholdengo\n|-damage|p2a: Gholdengo|4\/100\n|move|p2a: Gholdengo|Make It Rain|p1a: Zacian\n|-supereffective|p1a: Zacian\n|-damage|p1a: Zacian|2\/100\n|-unboost|p2a: Gholdengo|spa|1\n|\n|upkeep\n|turn|16\n|\n|t:|1698359968\n|move|p1a: Zacian|Play Rough|p2a: Gholdengo\n|-resisted|p2a: Gholdengo\n|-damage|p2a: Gholdengo|0 fnt\n|faint|p2a: Gholdengo\n|\n|upkeep\n|\n|t:|1698359976\n|switch|p2a: Volcanion|Volcanion|64\/100\n|turn|17\n|\n|t:|1698359984\n|switch|p1a: Alomomola|Alomomola, F|100\/100 brn\n|move|p2a: Volcanion|Flamethrower|p1a: Alomomola\n|-resisted|p1a: Alomomola\n|-damage|p1a: Alomomola|83\/100 brn\n|\n|-damage|p1a: Alomomola|77\/100 brn|[from] brn\n|upkeep\n|turn|18\n|\n|t:|1698359988\n|switch|p2a: Shaymin|Shaymin-Sky, shiny|94\/100\n|move|p1a: Alomomola|Wish|p1a: Alomomola\n|\n|-damage|p1a: Alomomola|71\/100 brn|[from] brn\n|upkeep\n|turn|19\n|\n|t:|1698359997\n|move|p2a: Shaymin|Substitute|p2a: Shaymin\n|-start|p2a: Shaymin|Substitute\n|-damage|p2a: Shaymin|69\/100\n|move|p1a: Alomomola|Flip Turn|p2a: Shaymin\n|-resisted|p2a: Shaymin\n|-activate|p2a: Shaymin|move: Substitute|[damage]\n|\n|t:|1698360001\n|switch|p1a: Zacian|Zacian|2\/100|[from] Flip Turn\n|\n|-heal|p1a: Zacian|76\/100|[from] move: Wish|[wisher] Alomomola\n|upkeep\n|turn|20\n|\n|t:|1698360014\n|move|p1a: Zacian|Play Rough|p2a: Shaymin\n|-end|p2a: Shaymin|Substitute\n|move|p2a: Shaymin|Seed Flare|p1a: Zacian\n|-damage|p1a: Zacian|24\/100\n|-unboost|p1a: Zacian|spd|2\n|\n|upkeep\n|turn|21\n|\n|t:|1698360022\n|switch|p2a: Magearna|Magearna|100\/100\n|move|p1a: Zacian|Play Rough|p2a: Magearna\n|-resisted|p2a: Magearna\n|-damage|p2a: Magearna|79\/100\n|\n|-heal|p2a: Magearna|85\/100|[from] item: Leftovers\n|upkeep\n|turn|22\n|inactive|PinkScourge has 270 seconds left.\n|l|\u2606PinkScourge\n|inactive|PinkScourge disconnected and has 300 seconds to reconnect!\n|player|p1|\n|j|\u2606PinkScourge\n|inactive|PinkScourge reconnected and has 270 seconds left.\n|player|p1|PinkScourge|bede-leader\n|\n|t:|1698360063\n|switch|p1a: Magearna|Magearna|100\/100\n|move|p2a: Magearna|Spikes|p1a: Magearna\n|-sidestart|p1: PinkScourge|Spikes\n|\n|-heal|p2a: Magearna|91\/100|[from] item: Leftovers\n|upkeep\n|turn|23\n|inactive|PinkScourge has 270 seconds left.\n|\n|t:|1698360069\n|switch|p2a: Volcanion|Volcanion|64\/100\n|move|p1a: Magearna|Volt Switch|p2a: Volcanion\n|-supereffective|p2a: Volcanion\n|-damage|p2a: Volcanion|5\/100\n|inactive|PinkScourge has 270 seconds left.\n|\n|t:|1698360079\n|switch|p1a: Alomomola|Alomomola, F|100\/100 brn|[from] Volt Switch\n|-damage|p1a: Alomomola|88\/100 brn|[from] Spikes\n|\n|-damage|p1a: Alomomola|82\/100 brn|[from] brn\n|upkeep\n|turn|24\n|\n|t:|1698360084\n|move|p2a: Volcanion|Steam Eruption|p1a: Alomomola\n|-resisted|p1a: Alomomola\n|-damage|p1a: Alomomola|62\/100 brn\n|move|p1a: Alomomola|Wish|p1a: Alomomola\n|\n|-damage|p1a: Alomomola|56\/100 brn|[from] brn\n|upkeep\n|turn|25\n|\n|t:|1698360089\n|move|p2a: Volcanion|Steam Eruption|p1a: Alomomola\n|-resisted|p1a: Alomomola\n|-damage|p1a: Alomomola|33\/100 brn\n|move|p1a: Alomomola|Flip Turn|p2a: Volcanion\n|-heal|p2a: Volcanion|29\/100|[from] ability: Water Absorb|[of] p1a: Alomomola\n|\n|-heal|p1a: Alomomola|83\/100 brn|[from] move: Wish|[wisher] Alomomola\n|-damage|p1a: Alomomola|77\/100 brn|[from] brn\n|upkeep\n|turn|26\n|\n|t:|1698360096\n|switch|p2a: Shaymin|Shaymin-Sky, shiny|69\/100\n|move|p1a: Alomomola|Mirror Coat||[still]\n|-fail|p1a: Alomomola\n|\n|-damage|p1a: Alomomola|71\/100 brn|[from] brn\n|upkeep\n|turn|27\n|\n|t:|1698360105\n|switch|p1a: Grimmsnarl|Grimmsnarl, M, shiny|88\/100\n|-damage|p1a: Grimmsnarl|76\/100|[from] Spikes\n|move|p2a: Shaymin|Seed Flare|p1a: Grimmsnarl\n|-damage|p1a: Grimmsnarl|28\/100\n|\n|upkeep\n|turn|28\n|\n|t:|1698360119\n|switch|p2a: Volcanion|Volcanion|29\/100\n|move|p1a: Grimmsnarl|Parting Shot|p2a: Volcanion\n|-unboost|p2a: Volcanion|atk|1\n|-unboost|p2a: Volcanion|spa|1\n|\n|t:|1698360125\n|switch|p1a: Alomomola|Alomomola, F|100\/100 brn|[from] Parting Shot\n|-damage|p1a: Alomomola|88\/100 brn|[from] Spikes\n|\n|-damage|p1a: Alomomola|82\/100 brn|[from] brn\n|upkeep\n|turn|29\n|\n|t:|1698360131\n|move|p2a: Volcanion|Protect|p2a: Volcanion\n|-singleturn|p2a: Volcanion|Protect\n|move|p1a: Alomomola|Wish|p1a: Alomomola\n|\n|-damage|p1a: Alomomola|76\/100 brn|[from] brn\n|upkeep\n|turn|30\n|\n|t:|1698360141\n|move|p2a: Volcanion|Steam Eruption|p1a: Alomomola\n|-resisted|p1a: Alomomola\n|-damage|p1a: Alomomola|61\/100 brn\n|move|p1a: Alomomola|Mirror Coat|p2a: Volcanion\n|-damage|p2a: Volcanion|0 fnt\n|faint|p2a: Volcanion\n|\n|-heal|p1a: Alomomola|100\/100 brn|[from] move: Wish|[wisher] Alomomola\n|-damage|p1a: Alomomola|94\/100 brn|[from] brn\n|upkeep\n|\n|t:|1698360148\n|switch|p2a: Shaymin|Shaymin-Sky, shiny|69\/100\n|turn|31\n|\n|t:|1698360160\n|switch|p1a: Magearna|Magearna|100\/100\n|-damage|p1a: Magearna|88\/100|[from] Spikes\n|move|p2a: Shaymin|Substitute|p2a: Shaymin\n|-start|p2a: Shaymin|Substitute\n|-damage|p2a: Shaymin|44\/100\n|\n|upkeep\n|turn|32\n|\n|t:|1698360174\n|move|p2a: Shaymin|Air Slash|p1a: Magearna\n|-resisted|p1a: Magearna\n|-damage|p1a: Magearna|72\/100\n|move|p1a: Magearna|Draining Kiss|p2a: Shaymin\n|-crit|p2a: Shaymin\n|-end|p2a: Shaymin|Substitute\n|-heal|p1a: Magearna|90\/100|[from] drain|[of] p2a: Shaymin\n|\n|upkeep\n|turn|33\n|\n|t:|1698360179\n|switch|p2a: Magearna|Magearna|91\/100\n|move|p1a: Magearna|Draining Kiss|p2a: Magearna\n|-resisted|p2a: Magearna\n|-damage|p2a: Magearna|72\/100\n|-heal|p1a: Magearna|100\/100|[from] drain|[of] p2a: Magearna\n|\n|-heal|p2a: Magearna|78\/100|[from] item: Leftovers\n|upkeep\n|turn|34\n|\n|t:|1698360197\n|move|p1a: Magearna|Draining Kiss|p2a: Magearna\n|-resisted|p2a: Magearna\n|-damage|p2a: Magearna|61\/100\n|move|p2a: Magearna|Spikes|p1a: Magearna\n|-sidestart|p1: PinkScourge|Spikes\n|\n|-heal|p2a: Magearna|67\/100|[from] item: Leftovers\n|upkeep\n|turn|35\n|\n|t:|1698360202\n|move|p2a: Magearna|Spikes|p1a: Magearna\n|-sidestart|p1: PinkScourge|Spikes\n|move|p1a: Magearna|Draining Kiss|p2a: Magearna\n|-resisted|p2a: Magearna\n|-damage|p2a: Magearna|49\/100\n|\n|-heal|p2a: Magearna|55\/100|[from] item: Leftovers\n|upkeep\n|turn|36\n|\n|t:|1698360206\n|move|p2a: Magearna|Draining Kiss|p1a: Magearna\n|-resisted|p1a: Magearna\n|-damage|p1a: Magearna|92\/100\n|-heal|p2a: Magearna|61\/100|[from] drain|[of] p1a: Magearna\n|move|p1a: Magearna|Draining Kiss|p2a: Magearna\n|-resisted|p2a: Magearna\n|-damage|p2a: Magearna|44\/100\n|-heal|p1a: Magearna|100\/100|[from] drain|[of] p2a: Magearna\n|\n|-heal|p2a: Magearna|50\/100|[from] item: Leftovers\n|upkeep\n|turn|37\n|\n|t:|1698360215\n|switch|p2a: Dialga|Dialga|100\/100\n|-ability|p2a: Dialga|Pressure\n|-terastallize|p1a: Magearna|Fairy\n|move|p1a: Magearna|Draining Kiss|p2a: Dialga\n|-damage|p2a: Dialga|54\/100\n|\n|-heal|p2a: Dialga|60\/100|[from] item: Leftovers\n|upkeep\n|turn|38\n|\n|t:|1698360218\n|move|p2a: Dialga|Flash Cannon|p1a: Magearna\n|-supereffective|p1a: Magearna\n|-damage|p1a: Magearna|32\/100\n|move|p1a: Magearna|Draining Kiss|p2a: Dialga\n|-damage|p2a: Dialga|16\/100\n|-heal|p1a: Magearna|69\/100|[from] drain|[of] p2a: Dialga\n|\n|-heal|p2a: Dialga|22\/100|[from] item: Leftovers\n|upkeep\n|turn|39\n|\n|t:|1698360228\n|switch|p1a: Alomomola|Alomomola, F|100\/100 brn\n|-damage|p1a: Alomomola|76\/100 brn|[from] Spikes\n|move|p2a: Dialga|Flash Cannon|p1a: Alomomola\n|-resisted|p1a: Alomomola\n|-damage|p1a: Alomomola|58\/100 brn\n|\n|-heal|p2a: Dialga|28\/100|[from] item: Leftovers\n|-damage|p1a: Alomomola|52\/100 brn|[from] brn\n|upkeep\n|turn|40\n|\n|t:|1698360234\n|move|p2a: Dialga|Draco Meteor|p1a: Alomomola\n|-damage|p1a: Alomomola|0 fnt\n|-unboost|p2a: Dialga|spa|2\n|faint|p1a: Alomomola\n|\n|-heal|p2a: Dialga|34\/100|[from] item: Leftovers\n|upkeep\n|\n|t:|1698360238\n|switch|p1a: Magearna|Magearna, tera:Fairy|69\/100\n|-damage|p1a: Magearna|44\/100|[from] Spikes\n|turn|41\n|\n|t:|1698360247\n|move|p2a: Dialga|Flash Cannon|p1a: Magearna\n|-supereffective|p1a: Magearna\n|-damage|p1a: Magearna|13\/100\n|move|p1a: Magearna|Draining Kiss|p2a: Dialga\n|-damage|p2a: Dialga|0 fnt\n|-heal|p1a: Magearna|41\/100|[from] drain|[of] p2a: Dialga\n|faint|p2a: Dialga\n|-ability|p1a: Magearna|Soul-Heart|boost\n|-boost|p1a: Magearna|spa|1\n|\n|upkeep\n|\n|t:|1698360265\n|switch|p2a: Shaymin|Shaymin-Sky, shiny|44\/100\n|turn|42\n|\n|t:|1698360272\n|move|p2a: Shaymin|Seed Flare|p1a: Magearna|[miss]\n|-miss|p2a: Shaymin|p1a: Magearna\n|move|p1a: Magearna|Draining Kiss|p2a: Shaymin\n|-damage|p2a: Shaymin|0 fnt\n|-heal|p1a: Magearna|72\/100|[from] drain|[of] p2a: Shaymin\n|faint|p2a: Shaymin\n|-ability|p1a: Magearna|Soul-Heart|boost\n|-boost|p1a: Magearna|spa|1\n|\n|upkeep\n|c|\u2606IrishPenguin|That miss sucks\n|\n|t:|1698360290\n|switch|p2a: Zacian|Zacian, shiny|100\/100\n|-ability|p2a: Zacian|Intrepid Sword|boost\n|-boost|p2a: Zacian|atk|1\n|turn|43\n|c|\u2606PinkScourge|Yeah...\n|\n|t:|1698360314\n|-terastallize|p2a: Zacian|Fire\n|move|p2a: Zacian|Play Rough|p1a: Magearna\n|-damage|p1a: Magearna|12\/100\n|move|p1a: Magearna|Draining Kiss|p2a: Zacian\n|-resisted|p2a: Zacian\n|-damage|p2a: Zacian|36\/100\n|-heal|p1a: Magearna|55\/100|[from] drain|[of] p2a: Zacian\n|\n|upkeep\n|turn|44\n|\n|t:|1698360323\n|move|p2a: Zacian|Play Rough|p1a: Magearna\n|-damage|p1a: Magearna|0 fnt\n|faint|p1a: Magearna\n|\n|upkeep\n|\n|t:|1698360328\n|switch|p1a: Weezing|Weezing-Galar, F|100\/100\n|-fieldstart|move: Misty Terrain|[from] ability: Misty Surge|[of] p1a: Weezing\n|turn|45\n|\n|t:|1698360334\n|move|p2a: Zacian|Tera Blast|p1a: Weezing|[anim] Tera Blast Fire\n|-damage|p1a: Weezing|61\/100\n|move|p1a: Weezing|Haze|p1a: Weezing\n|-clearallboost\n|\n|upkeep\n|turn|46\n|\n|t:|1698360340\n|switch|p2a: Magearna|Magearna|50\/100\n|move|p1a: Weezing|Gunk Shot|p2a: Magearna\n|-immune|p2a: Magearna\n|\n|-heal|p2a: Magearna|56\/100|[from] item: Leftovers\n|upkeep\n|turn|47\n|\n|t:|1698360343\n|move|p2a: Magearna|Flash Cannon|p1a: Weezing\n|-supereffective|p1a: Weezing\n|-damage|p1a: Weezing|0 fnt\n|faint|p1a: Weezing\n|-ability|p2a: Magearna|Soul-Heart|boost\n|-boost|p2a: Magearna|spa|1\n|\n|-heal|p2a: Magearna|62\/100|[from] item: Leftovers\n|upkeep\n|\n|t:|1698360358\n|switch|p1a: Grimmsnarl|Grimmsnarl, M, shiny|28\/100\n|-damage|p1a: Grimmsnarl|3\/100|[from] Spikes\n|turn|48\n|\n|t:|1698360362\n|move|p1a: Grimmsnarl|Light Screen|p1a: Grimmsnarl\n|-sidestart|p1: PinkScourge|move: Light Screen\n|move|p2a: Magearna|Draining Kiss|p1a: Grimmsnarl\n|-supereffective|p1a: Grimmsnarl\n|-damage|p1a: Grimmsnarl|0 fnt\n|-heal|p2a: Magearna|65\/100|[from] drain|[of] p1a: Grimmsnarl\n|faint|p1a: Grimmsnarl\n|-ability|p2a: Magearna|Soul-Heart|boost\n|-boost|p2a: Magearna|spa|1\n|\n|-heal|p2a: Magearna|71\/100|[from] item: Leftovers\n|upkeep\n|\n|t:|1698360366\n|switch|p1a: Sylveon|Sylveon, M|74\/100\n|-damage|p1a: Sylveon|49\/100|[from] Spikes\n|turn|49\n|\n|t:|1698360369\n|move|p2a: Magearna|Flash Cannon|p1a: Sylveon\n|-supereffective|p1a: Sylveon\n|-damage|p1a: Sylveon|11\/100\n|move|p1a: Sylveon|Wish|p1a: Sylveon\n|\n|-heal|p2a: Magearna|77\/100|[from] item: Leftovers\n|-heal|p1a: Sylveon|17\/100|[from] item: Leftovers\n|-fieldend|Misty Terrain\n|upkeep\n|turn|50\n|\n|t:|1698360384\n|switch|p2a: Zacian|Zacian, shiny, tera:Fire|36\/100\n|move|p1a: Sylveon|Protect||[still]\n|-fail|p1a: Sylveon\n|\n|-heal|p1a: Sylveon|67\/100|[from] move: Wish|[wisher] Sylveon\n|-heal|p1a: Sylveon|73\/100|[from] item: Leftovers\n|upkeep\n|turn|51\n|\n|t:|1698360386\n|move|p2a: Zacian|Play Rough|p1a: Sylveon|[miss]\n|-miss|p2a: Zacian|p1a: Sylveon\n|move|p1a: Sylveon|Wish|p1a: Sylveon\n|\n|-heal|p1a: Sylveon|79\/100|[from] item: Leftovers\n|upkeep\n|turn|52\n|c|\u2606IrishPenguin|Are you kidding me\n|\n|t:|1698360397\n|move|p2a: Zacian|Swords Dance|p2a: Zacian\n|-boost|p2a: Zacian|atk|2\n|move|p1a: Sylveon|Hyper Voice|p2a: Zacian\n|-resisted|p2a: Zacian\n|-damage|p2a: Zacian|17\/100\n|\n|-heal|p1a: Sylveon|100\/100|[from] move: Wish|[wisher] Sylveon\n|upkeep\n|turn|53\n|\n|t:|1698360404\n|move|p2a: Zacian|Play Rough|p1a: Sylveon\n|-damage|p1a: Sylveon|23\/100\n|move|p1a: Sylveon|Hyper Voice|p2a: Zacian\n|-resisted|p2a: Zacian\n|-damage|p2a: Zacian|0 fnt\n|faint|p2a: Zacian\n|\n|-heal|p1a: Sylveon|29\/100|[from] item: Leftovers\n|upkeep\n|\n|t:|1698360407\n|switch|p2a: Magearna|Magearna|77\/100\n|turn|54\n|\n|t:|1698360414\n|move|p1a: Sylveon|Protect|p1a: Sylveon\n|-singleturn|p1a: Sylveon|Protect\n|move|p2a: Magearna|Flash Cannon|p1a: Sylveon\n|-activate|p1a: Sylveon|move: Protect\n|\n|-heal|p2a: Magearna|83\/100|[from] item: Leftovers\n|-heal|p1a: Sylveon|35\/100|[from] item: Leftovers\n|upkeep\n|turn|55\n|\n|t:|1698360418\n|move|p2a: Magearna|Flash Cannon|p1a: Sylveon\n|-supereffective|p1a: Sylveon\n|-damage|p1a: Sylveon|15\/100\n|-unboost|p1a: Sylveon|spd|1\n|move|p1a: Sylveon|Wish|p1a: Sylveon\n|\n|-heal|p2a: Magearna|89\/100|[from] item: Leftovers\n|-heal|p1a: Sylveon|22\/100|[from] item: Leftovers\n|-sideend|p1: PinkScourge|move: Light Screen\n|upkeep\n|turn|56\n|\n|t:|1698360421\n|move|p1a: Sylveon|Protect|p1a: Sylveon\n|-singleturn|p1a: Sylveon|Protect\n|move|p2a: Magearna|Flash Cannon|p1a: Sylveon\n|-activate|p1a: Sylveon|move: Protect\n|\n|-heal|p1a: Sylveon|72\/100|[from] move: Wish|[wisher] Sylveon\n|-heal|p2a: Magearna|95\/100|[from] item: Leftovers\n|-heal|p1a: Sylveon|78\/100|[from] item: Leftovers\n|upkeep\n|turn|57\n|\n|t:|1698360428\n|move|p2a: Magearna|Flash Cannon|p1a: Sylveon\n|-supereffective|p1a: Sylveon\n|-damage|p1a: Sylveon|12\/100\n|move|p1a: Sylveon|Wish|p1a: Sylveon\n|\n|-heal|p2a: Magearna|100\/100|[from] item: Leftovers\n|-heal|p1a: Sylveon|18\/100|[from] item: Leftovers\n|upkeep\n|turn|58\n|\n|t:|1698360436\n|move|p1a: Sylveon|Protect|p1a: Sylveon\n|-singleturn|p1a: Sylveon|Protect\n|move|p2a: Magearna|Draining Kiss|p1a: Sylveon\n|-activate|p1a: Sylveon|move: Protect\n|\n|-heal|p1a: Sylveon|68\/100|[from] move: Wish|[wisher] Sylveon\n|-heal|p1a: Sylveon|74\/100|[from] item: Leftovers\n|upkeep\n|turn|59\n|\n|t:|1698360438\n|move|p2a: Magearna|Flash Cannon|p1a: Sylveon\n|-supereffective|p1a: Sylveon\n|-damage|p1a: Sylveon|10\/100\n|move|p1a: Sylveon|Wish|p1a: Sylveon\n|\n|-heal|p1a: Sylveon|16\/100|[from] item: Leftovers\n|upkeep\n|turn|60\n|\n|t:|1698360442\n|move|p1a: Sylveon|Protect|p1a: Sylveon\n|-singleturn|p1a: Sylveon|Protect\n|move|p2a: Magearna|Draining Kiss|p1a: Sylveon\n|-activate|p1a: Sylveon|move: Protect\n|\n|-heal|p1a: Sylveon|66\/100|[from] move: Wish|[wisher] Sylveon\n|-heal|p1a: Sylveon|72\/100|[from] item: Leftovers\n|upkeep\n|turn|61\n|\n|t:|1698360444\n|move|p2a: Magearna|Flash Cannon|p1a: Sylveon\n|-supereffective|p1a: Sylveon\n|-damage|p1a: Sylveon|15\/100\n|move|p1a: Sylveon|Wish|p1a: Sylveon\n|\n|-heal|p1a: Sylveon|21\/100|[from] item: Leftovers\n|upkeep\n|turn|62\n|\n|t:|1698360447\n|move|p1a: Sylveon|Protect|p1a: Sylveon\n|-singleturn|p1a: Sylveon|Protect\n|move|p2a: Magearna|Draining Kiss|p1a: Sylveon\n|-activate|p1a: Sylveon|move: Protect\n|\n|-heal|p1a: Sylveon|71\/100|[from] move: Wish|[wisher] Sylveon\n|-heal|p1a: Sylveon|77\/100|[from] item: Leftovers\n|upkeep\n|turn|63\n|\n|t:|1698360450\n|move|p2a: Magearna|Flash Cannon|p1a: Sylveon\n|-supereffective|p1a: Sylveon\n|-damage|p1a: Sylveon|12\/100\n|move|p1a: Sylveon|Wish|p1a: Sylveon\n|\n|-heal|p1a: Sylveon|18\/100|[from] item: Leftovers\n|upkeep\n|turn|64\n|\n|t:|1698360453\n|move|p1a: Sylveon|Protect|p1a: Sylveon\n|-singleturn|p1a: Sylveon|Protect\n|move|p2a: Magearna|Draining Kiss|p1a: Sylveon\n|-activate|p1a: Sylveon|move: Protect\n|\n|-heal|p1a: Sylveon|68\/100|[from] move: Wish|[wisher] Sylveon\n|-heal|p1a: Sylveon|74\/100|[from] item: Leftovers\n|upkeep\n|turn|65\n|\n|t:|1698360457\n|move|p2a: Magearna|Flash Cannon|p1a: Sylveon\n|-supereffective|p1a: Sylveon\n|-damage|p1a: Sylveon|9\/100\n|move|p1a: Sylveon|Wish|p1a: Sylveon\n|\n|-heal|p1a: Sylveon|15\/100|[from] item: Leftovers\n|upkeep\n|turn|66\n|\n|t:|1698360459\n|move|p1a: Sylveon|Protect|p1a: Sylveon\n|-singleturn|p1a: Sylveon|Protect\n|move|p2a: Magearna|Draining Kiss|p1a: Sylveon\n|-activate|p1a: Sylveon|move: Protect\n|\n|-heal|p1a: Sylveon|65\/100|[from] move: Wish|[wisher] Sylveon\n|-heal|p1a: Sylveon|71\/100|[from] item: Leftovers\n|upkeep\n|turn|67\n|\n|t:|1698360463\n|move|p2a: Magearna|Flash Cannon|p1a: Sylveon\n|-supereffective|p1a: Sylveon\n|-damage|p1a: Sylveon|5\/100\n|move|p1a: Sylveon|Wish|p1a: Sylveon\n|\n|-heal|p1a: Sylveon|11\/100|[from] item: Leftovers\n|upkeep\n|turn|68\n|\n|t:|1698360465\n|move|p1a: Sylveon|Protect|p1a: Sylveon\n|-singleturn|p1a: Sylveon|Protect\n|move|p2a: Magearna|Draining Kiss|p1a: Sylveon\n|-activate|p1a: Sylveon|move: Protect\n|\n|-heal|p1a: Sylveon|61\/100|[from] move: Wish|[wisher] Sylveon\n|-heal|p1a: Sylveon|68\/100|[from] item: Leftovers\n|upkeep\n|turn|69\n|\n|t:|1698360469\n|move|p2a: Magearna|Flash Cannon|p1a: Sylveon\n|-supereffective|p1a: Sylveon\n|-damage|p1a: Sylveon|4\/100\n|move|p1a: Sylveon|Wish|p1a: Sylveon\n|\n|-heal|p1a: Sylveon|10\/100|[from] item: Leftovers\n|upkeep\n|turn|70\n|\n|t:|1698360474\n|move|p1a: Sylveon|Protect|p1a: Sylveon\n|-singleturn|p1a: Sylveon|Protect\n|move|p2a: Magearna|Draining Kiss|p1a: Sylveon\n|-activate|p1a: Sylveon|move: Protect\n|\n|-heal|p1a: Sylveon|60\/100|[from] move: Wish|[wisher] Sylveon\n|-heal|p1a: Sylveon|66\/100|[from] item: Leftovers\n|upkeep\n|turn|71\n|\n|t:|1698360479\n|move|p2a: Magearna|Flash Cannon|p1a: Sylveon\n|-supereffective|p1a: Sylveon\n|-damage|p1a: Sylveon|8\/100\n|move|p1a: Sylveon|Wish|p1a: Sylveon\n|\n|-heal|p1a: Sylveon|14\/100|[from] item: Leftovers\n|upkeep\n|turn|72\n|\n|t:|1698360481\n|move|p1a: Sylveon|Protect|p1a: Sylveon\n|-singleturn|p1a: Sylveon|Protect\n|move|p2a: Magearna|Draining Kiss|p1a: Sylveon\n|-activate|p1a: Sylveon|move: Protect\n|\n|-heal|p1a: Sylveon|64\/100|[from] move: Wish|[wisher] Sylveon\n|-heal|p1a: Sylveon|70\/100|[from] item: Leftovers\n|upkeep\n|turn|73\n|\n|t:|1698360487\n|move|p2a: Magearna|Flash Cannon|p1a: Sylveon\n|-supereffective|p1a: Sylveon\n|-damage|p1a: Sylveon|10\/100\n|move|p1a: Sylveon|Wish|p1a: Sylveon\n|\n|-heal|p1a: Sylveon|16\/100|[from] item: Leftovers\n|upkeep\n|turn|74\n|\n|t:|1698360490\n|move|p1a: Sylveon|Protect|p1a: Sylveon\n|-singleturn|p1a: Sylveon|Protect\n|move|p2a: Magearna|Draining Kiss|p1a: Sylveon\n|-activate|p1a: Sylveon|move: Protect\n|\n|-heal|p1a: Sylveon|66\/100|[from] move: Wish|[wisher] Sylveon\n|-heal|p1a: Sylveon|72\/100|[from] item: Leftovers\n|upkeep\n|turn|75\n|\n|t:|1698360501\n|move|p2a: Magearna|Ice Beam|p1a: Sylveon\n|-damage|p1a: Sylveon|49\/100\n|move|p1a: Sylveon|Wish|p1a: Sylveon\n|\n|-heal|p1a: Sylveon|55\/100|[from] item: Leftovers\n|upkeep\n|turn|76\n|\n|t:|1698360505\n|move|p1a: Sylveon|Protect|p1a: Sylveon\n|-singleturn|p1a: Sylveon|Protect\n|move|p2a: Magearna|Ice Beam|p1a: Sylveon\n|-activate|p1a: Sylveon|move: Protect\n|\n|-heal|p1a: Sylveon|100\/100|[from] move: Wish|[wisher] Sylveon\n|upkeep\n|turn|77\n|\n|t:|1698360519\n|move|p2a: Magearna|Ice Beam|p1a: Sylveon\n|-damage|p1a: Sylveon|79\/100\n|move|p1a: Sylveon|Hyper Voice|p2a: Magearna\n|-resisted|p2a: Magearna\n|-damage|p2a: Magearna|82\/100\n|\n|-heal|p2a: Magearna|88\/100|[from] item: Leftovers\n|-heal|p1a: Sylveon|85\/100|[from] item: Leftovers\n|upkeep\n|turn|78\n|\n|t:|1698360524\n|move|p2a: Magearna|Ice Beam|p1a: Sylveon\n|-damage|p1a: Sylveon|63\/100\n|move|p1a: Sylveon|Hyper Voice|p2a: Magearna\n|-resisted|p2a: Magearna\n|-damage|p2a: Magearna|73\/100\n|\n|-heal|p2a: Magearna|79\/100|[from] item: Leftovers\n|-heal|p1a: Sylveon|69\/100|[from] item: Leftovers\n|upkeep\n|turn|79\n|\n|t:|1698360527\n|move|p1a: Sylveon|Protect|p1a: Sylveon\n|-singleturn|p1a: Sylveon|Protect\n|move|p2a: Magearna|Ice Beam|p1a: Sylveon\n|-activate|p1a: Sylveon|move: Protect\n|\n|-heal|p2a: Magearna|85\/100|[from] item: Leftovers\n|-heal|p1a: Sylveon|75\/100|[from] item: Leftovers\n|upkeep\n|turn|80\n|\n|t:|1698360533\n|move|p2a: Magearna|Ice Beam|p1a: Sylveon\n|-damage|p1a: Sylveon|50\/100\n|move|p1a: Sylveon|Wish|p1a: Sylveon\n|\n|-heal|p2a: Magearna|91\/100|[from] item: Leftovers\n|-heal|p1a: Sylveon|56\/100|[from] item: Leftovers\n|upkeep\n|turn|81\n|\n|t:|1698360539\n|move|p2a: Magearna|Spikes||[still]\n|-fail|p2a: Magearna\n|move|p1a: Sylveon|Hyper Voice|p2a: Magearna\n|-resisted|p2a: Magearna\n|-damage|p2a: Magearna|74\/100\n|\n|-heal|p1a: Sylveon|100\/100|[from] move: Wish|[wisher] Sylveon\n|-heal|p2a: Magearna|80\/100|[from] item: Leftovers\n|upkeep\n|turn|82\n|\n|t:|1698360548\n|switch|p1a: Zacian|Zacian|24\/100\n|-damage|p1a: Zacian|0 fnt|[from] Spikes\n|faint|p1a: Zacian\n|-ability|p2a: Magearna|Soul-Heart|boost\n|-boost|p2a: Magearna|spa|1\n|move|p2a: Magearna|Spikes||[still]\n|-fail|p2a: Magearna\n|\n|-heal|p2a: Magearna|86\/100|[from] item: Leftovers\n|upkeep\n|\n|t:|1698360553\n|switch|p1a: Sylveon|Sylveon, M|100\/100\n|-damage|p1a: Sylveon|76\/100|[from] Spikes\n|turn|83\n|\n|t:|1698360559\n|move|p2a: Magearna|Spikes||[still]\n|-fail|p2a: Magearna\n|move|p1a: Sylveon|Wish|p1a: Sylveon\n|\n|-heal|p2a: Magearna|92\/100|[from] item: Leftovers\n|-heal|p1a: Sylveon|82\/100|[from] item: Leftovers\n|upkeep\n|turn|84\n|\n|t:|1698360562\n|move|p2a: Magearna|Ice Beam|p1a: Sylveon\n|-damage|p1a: Sylveon|60\/100\n|move|p1a: Sylveon|Hyper Voice|p2a: Magearna\n|-resisted|p2a: Magearna\n|-damage|p2a: Magearna|76\/100\n|\n|-heal|p1a: Sylveon|100\/100|[from] move: Wish|[wisher] Sylveon\n|-heal|p2a: Magearna|82\/100|[from] item: Leftovers\n|upkeep\n|turn|85\n|\n|t:|1698360566\n|move|p2a: Magearna|Ice Beam|p1a: Sylveon\n|-damage|p1a: Sylveon|78\/100\n|move|p1a: Sylveon|Hyper Voice|p2a: Magearna\n|-resisted|p2a: Magearna\n|-damage|p2a: Magearna|67\/100\n|\n|-heal|p2a: Magearna|73\/100|[from] item: Leftovers\n|-heal|p1a: Sylveon|84\/100|[from] item: Leftovers\n|upkeep\n|turn|86\n|\n|t:|1698360570\n|move|p2a: Magearna|Ice Beam|p1a: Sylveon\n|-damage|p1a: Sylveon|60\/100\n|move|p1a: Sylveon|Hyper Voice|p2a: Magearna\n|-resisted|p2a: Magearna\n|-damage|p2a: Magearna|55\/100\n|\n|-heal|p2a: Magearna|61\/100|[from] item: Leftovers\n|-heal|p1a: Sylveon|66\/100|[from] item: Leftovers\n|upkeep\n|turn|87\n|\n|t:|1698360575\n|move|p2a: Magearna|Spikes||[still]\n|-fail|p2a: Magearna\n|move|p1a: Sylveon|Hyper Voice|p2a: Magearna\n|-resisted|p2a: Magearna\n|-damage|p2a: Magearna|46\/100\n|\n|-heal|p2a: Magearna|52\/100|[from] item: Leftovers\n|-heal|p1a: Sylveon|73\/100|[from] item: Leftovers\n|upkeep\n|turn|88\n|\n|t:|1698360579\n|move|p2a: Magearna|Draining Kiss|p1a: Sylveon\n|-damage|p1a: Sylveon|53\/100\n|-heal|p2a: Magearna|68\/100|[from] drain|[of] p1a: Sylveon\n|move|p1a: Sylveon|Hyper Voice|p2a: Magearna\n|-resisted|p2a: Magearna\n|-damage|p2a: Magearna|51\/100\n|\n|-heal|p2a: Magearna|57\/100|[from] item: Leftovers\n|-heal|p1a: Sylveon|59\/100|[from] item: Leftovers\n|upkeep\n|turn|89\n|\n|t:|1698360585\n|move|p2a: Magearna|Ice Beam|p1a: Sylveon\n|-damage|p1a: Sylveon|36\/100\n|move|p1a: Sylveon|Hyper Voice|p2a: Magearna\n|-resisted|p2a: Magearna\n|-damage|p2a: Magearna|42\/100\n|\n|-heal|p2a: Magearna|48\/100|[from] item: Leftovers\n|-heal|p1a: Sylveon|42\/100|[from] item: Leftovers\n|upkeep\n|turn|90\n|\n|t:|1698360593\n|move|p1a: Sylveon|Protect|p1a: Sylveon\n|-singleturn|p1a: Sylveon|Protect\n|move|p2a: Magearna|Flash Cannon|p1a: Sylveon\n|-activate|p1a: Sylveon|move: Protect\n|\n|-heal|p2a: Magearna|54\/100|[from] item: Leftovers\n|-heal|p1a: Sylveon|48\/100|[from] item: Leftovers\n|upkeep\n|turn|91\n|\n|t:|1698360597\n|move|p2a: Magearna|Flash Cannon|p1a: Sylveon\n|-supereffective|p1a: Sylveon\n|-damage|p1a: Sylveon|0 fnt\n|faint|p1a: Sylveon\n|\n|win|IrishPenguin\n|c|\u2606PinkScourge|GG\n|c|\u2606IrishPenguin|Gg wp\n","uploadtime":1698360606,"views":10,"p1id":"pinkscourge","p2id":"irishpenguin","formatid":"gen9ubers","rating":0,"private":0,"password":""}