{"id":"gen9ubers-1970668365","p1":"Albaz Brand","p2":"IspamObjection","format":"[Gen 9] Ubers","log":"|j|\u2606Albaz Brand\n|j|\u2606IspamObjection\n|t:|1697656747\n|gametype|singles\n|player|p1|Albaz Brand|bellelba|\n|player|p2|IspamObjection|lance-gen2|\n|teamsize|p1|6\n|teamsize|p2|6\n|gen|9\n|tier|[Gen 9] Ubers\n|rule|Sleep Clause Mod: Limit one foe put to sleep\n|rule|Species Clause: Limit one of each Pok\u00e9mon\n|rule|OHKO Clause: OHKO moves are banned\n|rule|Evasion Items Clause: Evasion items are banned\n|rule|Evasion Moves Clause: Evasion moves are banned\n|rule|Endless Battle Clause: Forcing endless battles is banned\n|rule|HP Percentage Mod: HP is shown in percentages\n|clearpoke\n|poke|p1|Spectrier|\n|poke|p1|Zacian-*|\n|poke|p1|Palkia-Origin|\n|poke|p1|Roaring Moon|\n|poke|p1|Iron Moth|\n|poke|p1|Palafin, M|\n|poke|p2|Giratina|\n|poke|p2|Garchomp, F|\n|poke|p2|Espathra, F|\n|poke|p2|Cyclizar, F|\n|poke|p2|Urshifu-*, F|\n|poke|p2|Chi-Yu|\n|teampreview\n|c|\u2606Albaz Brand|GKHF\n|c|\u2606Albaz Brand|GL*\n|\n|t:|1697656821\n|start\n|switch|p1a: Spectrier|Spectrier|100\/100\n|switch|p2a: Garchover|Garchomp, F|100\/100\n|turn|1\n|\n|t:|1697656837\n|move|p1a: Spectrier|Shadow Ball|p2a: Garchover\n|-damage|p2a: Garchover|55\/100\n|move|p2a: Garchover|Stealth Rock|p1a: Spectrier\n|-sidestart|p1: Albaz Brand|move: Stealth Rock\n|\n|upkeep\n|turn|2\n|\n|t:|1697656847\n|move|p1a: Spectrier|Shadow Ball|p2a: Garchover\n|-damage|p2a: Garchover|6\/100\n|move|p2a: Garchover|Spikes|p1a: Spectrier\n|-sidestart|p1: Albaz Brand|Spikes\n|\n|upkeep\n|turn|3\n|\n|t:|1697656856\n|move|p1a: Spectrier|Shadow Ball|p2a: Garchover\n|-damage|p2a: Garchover|0 fnt\n|faint|p2a: Garchover\n|-ability|p1a: Spectrier|Grim Neigh|boost\n|-boost|p1a: Spectrier|spa|1\n|\n|upkeep\n|\n|t:|1697656859\n|switch|p2a: Giratina|Giratina|100\/100\n|-ability|p2a: Giratina|Pressure\n|turn|4\n|\n|t:|1697656865\n|-terastallize|p1a: Spectrier|Fighting\n|-terastallize|p2a: Giratina|Normal\n|move|p1a: Spectrier|Nasty Plot|p1a: Spectrier\n|-boost|p1a: Spectrier|spa|2\n|move|p2a: Giratina|Roar|p1a: Spectrier\n|drag|p1a: Palafin|Palafin, M|100\/100\n|-damage|p1a: Palafin|88\/100|[from] Stealth Rock\n|-damage|p1a: Palafin|76\/100|[from] Spikes\n|\n|upkeep\n|turn|5\n|\n|t:|1697656878\n|move|p1a: Palafin|Close Combat|p2a: Giratina\n|-supereffective|p2a: Giratina\n|-damage|p2a: Giratina|63\/100\n|-unboost|p1a: Palafin|def|1\n|-unboost|p1a: Palafin|spd|1\n|move|p2a: Giratina|Roar|p1a: Palafin\n|detailschange|p1a: Palafin|Palafin-Hero, M\n|drag|p1a: Zacian|Zacian|100\/100\n|-damage|p1a: Zacian|88\/100|[from] Stealth Rock\n|-damage|p1a: Zacian|76\/100|[from] Spikes\n|-ability|p1a: Zacian|Intrepid Sword|boost\n|-boost|p1a: Zacian|atk|1\n|\n|-heal|p2a: Giratina|69\/100|[from] item: Leftovers\n|upkeep\n|turn|6\n|\n|t:|1697656917\n|move|p1a: Zacian|Close Combat|p2a: Giratina\n|-supereffective|p2a: Giratina\n|-damage|p2a: Giratina|0 fnt\n|-unboost|p1a: Zacian|def|1\n|-unboost|p1a: Zacian|spd|1\n|faint|p2a: Giratina\n|-damage|p1a: Zacian|66\/100|[from] item: Life Orb\n|\n|upkeep\n|\n|t:|1697656951\n|switch|p2a: Urshifu|Urshifu-Rapid-Strike, F|100\/100\n|turn|7\n|\n|t:|1697656975\n|move|p2a: Urshifu|Surging Strikes|p1a: Zacian\n|-crit|p1a: Zacian\n|-damage|p1a: Zacian|36\/100\n|-crit|p1a: Zacian\n|-damage|p1a: Zacian|6\/100\n|-crit|p1a: Zacian\n|-damage|p1a: Zacian|0 fnt\n|faint|p1a: Zacian\n|-hitcount|p1: Zacian|3\n|\n|upkeep\n|\n|t:|1697656980\n|switch|p1a: Palkia|Palkia-Origin|100\/100\n|-damage|p1a: Palkia|88\/100|[from] Stealth Rock\n|-damage|p1a: Palkia|76\/100|[from] Spikes\n|-ability|p1a: Palkia|Pressure\n|turn|8\n|\n|t:|1697657009\n|switch|p2a: Cyclizar|Cyclizar, F|100\/100\n|move|p1a: Palkia|Spacial Rend|p2a: Cyclizar\n|-supereffective|p2a: Cyclizar\n|-crit|p2a: Cyclizar\n|-damage|p2a: Cyclizar|0 fnt\n|faint|p2a: Cyclizar\n|\n|upkeep\n|\n|t:|1697657012\n|switch|p2a: Espathra|Espathra, F|100\/100\n|turn|9\n|\n|t:|1697657016\n|move|p1a: Palkia|Surf|p2a: Espathra\n|-damage|p2a: Espathra|13\/100\n|move|p2a: Espathra|Calm Mind|p2a: Espathra\n|-boost|p2a: Espathra|spa|1\n|-boost|p2a: Espathra|spd|1\n|\n|-heal|p2a: Espathra|19\/100|[from] item: Leftovers\n|-ability|p2a: Espathra|Speed Boost|boost\n|-boost|p2a: Espathra|spe|1\n|upkeep\n|turn|10\n|\n|t:|1697657031\n|move|p2a: Espathra|Roost|p2a: Espathra\n|-heal|p2a: Espathra|70\/100\n|-singleturn|p2a: Espathra|move: Roost\n|move|p1a: Palkia|Surf|p2a: Espathra\n|-damage|p2a: Espathra|13\/100\n|\n|-heal|p2a: Espathra|19\/100|[from] item: Leftovers\n|-ability|p2a: Espathra|Speed Boost|boost\n|-boost|p2a: Espathra|spe|1\n|upkeep\n|turn|11\n|\n|t:|1697657049\n|move|p2a: Espathra|Roost|p2a: Espathra\n|-heal|p2a: Espathra|69\/100\n|-singleturn|p2a: Espathra|move: Roost\n|move|p1a: Palkia|Spacial Rend|p2a: Espathra\n|-damage|p2a: Espathra|0 fnt\n|faint|p2a: Espathra\n|\n|upkeep\n|\n|t:|1697657057\n|switch|p2a: Urshifu|Urshifu-Rapid-Strike, F|100\/100\n|turn|12\n|\n|t:|1697657061\n|move|p2a: Urshifu|Close Combat|p1a: Palkia\n|-damage|p1a: Palkia|5\/100\n|-unboost|p2a: Urshifu|def|1\n|-unboost|p2a: Urshifu|spd|1\n|move|p1a: Palkia|Spacial Rend|p2a: Urshifu\n|-damage|p2a: Urshifu|0 fnt\n|faint|p2a: Urshifu\n|\n|upkeep\n|\n|t:|1697657087\n|switch|p2a: Chi-Yu|Chi-Yu|100\/100\n|-ability|p2a: Chi-Yu|Beads of Ruin\n|turn|13\n|\n|t:|1697657108\n|move|p2a: Chi-Yu|Dark Pulse|p1a: Palkia\n|-damage|p1a: Palkia|0 fnt\n|faint|p1a: Palkia\n|\n|upkeep\n|\n|t:|1697657124\n|switch|p1a: Roaring Moon|Roaring Moon|100\/100\n|-damage|p1a: Roaring Moon|88\/100|[from] Stealth Rock\n|-damage|p1a: Roaring Moon|76\/100|[from] Spikes\n|-enditem|p1a: Roaring Moon|Booster Energy\n|-activate|p1a: Roaring Moon|ability: Protosynthesis|[fromitem]\n|-start|p1a: Roaring Moon|protosynthesisspe\n|turn|14\n|\n|t:|1697657129\n|move|p1a: Roaring Moon|Earthquake|p2a: Chi-Yu\n|-supereffective|p2a: Chi-Yu\n|-crit|p2a: Chi-Yu\n|-damage|p2a: Chi-Yu|0 fnt\n|faint|p2a: Chi-Yu\n|\n|win|Albaz Brand\n","uploadtime":1697657133,"views":23,"p1id":"albazbrand","p2id":"ispamobjection","formatid":"gen9ubers","rating":0,"private":0,"password":""}