{"id":"gen9ubers-1983236059","p1":"thegroomsmen","p2":"stressPig","format":"[Gen 9] Ubers","log":"|j|\u2606thegroomsmen\n|j|\u2606stressPig\n|t:|1699108797\n|gametype|singles\n|player|p1|thegroomsmen|cynthia-gen4|\n|player|p2|stressPig|volkner|\n|teamsize|p1|6\n|teamsize|p2|6\n|gen|9\n|tier|[Gen 9] Ubers\n|rule|Sleep Clause Mod: Limit one foe put to sleep\n|rule|Species Clause: Limit one of each Pok\u00e9mon\n|rule|OHKO Clause: OHKO moves are banned\n|rule|Evasion Items Clause: Evasion items are banned\n|rule|Evasion Moves Clause: Evasion moves are banned\n|rule|Endless Battle Clause: Forcing endless battles is banned\n|rule|HP Percentage Mod: HP is shown in percentages\n|clearpoke\n|poke|p1|Greninja-*, F|\n|poke|p1|Rillaboom, F|\n|poke|p1|Spiritomb, M|\n|poke|p1|Mesprit|\n|poke|p1|Lycanroc-Dusk, F|\n|poke|p1|Talonflame, M|\n|poke|p2|Bronzong|\n|poke|p2|Overqwil, M|\n|poke|p2|Kleavor, M|\n|poke|p2|Sylveon, F|\n|poke|p2|Jolteon, M|\n|poke|p2|Sawsbuck-Winter, M|\n|teampreview\n|j| GROOMS_654321\n|\n|t:|1699108825\n|start\n|switch|p1a: Mesprit|Mesprit|100\/100\n|switch|p2a: The Yellow Flash|Jolteon, M|100\/100\n|turn|1\n|\n|t:|1699108913\n|move|p2a: The Yellow Flash|Volt Switch|p1a: Mesprit\n|-damage|p1a: Mesprit|84\/100\n|\n|t:|1699108942\n|switch|p2a: Pikeru|Sylveon, F|100\/100|[from] Volt Switch\n|move|p1a: Mesprit|U-turn|p2a: Pikeru\n|-resisted|p2a: Pikeru\n|-damage|p2a: Pikeru|94\/100\n|\n|t:|1699108992\n|switch|p1a: Greninja|Greninja, F|100\/100|[from] U-turn\n|\n|-heal|p2a: Pikeru|100\/100|[from] item: Leftovers\n|upkeep\n|turn|2\n|\n|t:|1699109029\n|move|p2a: Pikeru|Protect|p2a: Pikeru\n|-singleturn|p2a: Pikeru|Protect\n|move|p1a: Greninja|U-turn|p2a: Pikeru\n|-start|p1a: Greninja|typechange|Bug|[from] ability: Protean\n|-activate|p2a: Pikeru|move: Protect\n|\n|upkeep\n|turn|3\n|\n|t:|1699109062\n|move|p1a: Greninja|U-turn|p2a: Pikeru\n|-resisted|p2a: Pikeru\n|-damage|p2a: Pikeru|91\/100\n|\n|t:|1699109066\n|switch|p1a: Mesprit|Mesprit|84\/100|[from] U-turn\n|move|p2a: Pikeru|Hyper Voice|p1a: Mesprit\n|-damage|p1a: Mesprit|65\/100\n|\n|-heal|p2a: Pikeru|97\/100|[from] item: Leftovers\n|upkeep\n|turn|4\n|\n|t:|1699109127\n|move|p1a: Mesprit|Expanding Force|p2a: Pikeru\n|-damage|p2a: Pikeru|80\/100\n|move|p2a: Pikeru|Wish|p2a: Pikeru\n|\n|-heal|p2a: Pikeru|87\/100|[from] item: Leftovers\n|upkeep\n|turn|5\n|\n|t:|1699109185\n|move|p1a: Mesprit|U-turn|p2a: Pikeru\n|-resisted|p2a: Pikeru\n|-damage|p2a: Pikeru|80\/100\n|\n|t:|1699109190\n|switch|p1a: Rillaboom|Rillaboom, F|100\/100|[from] U-turn\n|-fieldstart|move: Grassy Terrain|[from] ability: Grassy Surge|[of] p1a: Rillaboom\n|-enditem|p1a: Rillaboom|Grassy Seed\n|-boost|p1a: Rillaboom|def|1|[from] item: Grassy Seed\n|move|p2a: Pikeru|Yawn|p1a: Rillaboom\n|-start|p1a: Rillaboom|move: Yawn|[of] p2a: Pikeru\n|\n|-heal|p2a: Pikeru|100\/100|[from] move: Wish|[wisher] Pikeru\n|upkeep\n|turn|6\n|\n|t:|1699109218\n|switch|p1a: Mesprit|Mesprit|65\/100\n|move|p2a: Pikeru|Protect||[still]\n|-fail|p2a: Pikeru\n|\n|upkeep\n|turn|7\n|\n|t:|1699109226\n|move|p1a: Mesprit|Shadow Ball|p2a: Pikeru\n|-damage|p2a: Pikeru|88\/100\n|move|p2a: Pikeru|Yawn|p1a: Mesprit\n|-start|p1a: Mesprit|move: Yawn|[of] p2a: Pikeru\n|\n|-heal|p2a: Pikeru|94\/100|[from] Grassy Terrain\n|-heal|p2a: Pikeru|99\/100|[from] item: Leftovers\n|upkeep\n|turn|8\n|\n|t:|1699109235\n|move|p1a: Mesprit|Shadow Ball|p2a: Pikeru\n|-damage|p2a: Pikeru|89\/100\n|move|p2a: Pikeru|Hyper Voice|p1a: Mesprit\n|-damage|p1a: Mesprit|46\/100\n|\n|-heal|p2a: Pikeru|95\/100|[from] Grassy Terrain\n|-heal|p2a: Pikeru|100\/100|[from] item: Leftovers\n|-end|p1a: Mesprit|move: Yawn|[silent]\n|-status|p1a: Mesprit|slp\n|upkeep\n|turn|9\n|\n|t:|1699109262\n|switch|p1a: Rillaboom|Rillaboom, F|100\/100\n|switch|p2a: TenaciousDeezNutz|Kleavor, M, shiny|100\/100\n|\n|-fieldend|move: Grassy Terrain\n|upkeep\n|turn|10\n|\n|t:|1699109315\n|move|p2a: TenaciousDeezNutz|Rock Tomb|p1a: Rillaboom\n|-damage|p1a: Rillaboom|73\/100\n|-unboost|p1a: Rillaboom|spe|1\n|move|p1a: Rillaboom|Acrobatics|p2a: TenaciousDeezNutz\n|-damage|p2a: TenaciousDeezNutz|59\/100\n|\n|upkeep\n|turn|11\n|\n|t:|1699109323\n|switch|p2a: Pikeru|Sylveon, F|100\/100\n|move|p1a: Rillaboom|Drum Beating|p2a: Pikeru\n|-damage|p2a: Pikeru|65\/100\n|-unboost|p2a: Pikeru|spe|1\n|\n|-heal|p2a: Pikeru|71\/100|[from] item: Leftovers\n|upkeep\n|turn|12\n|\n|t:|1699109333\n|move|p1a: Rillaboom|Knock Off|p2a: Pikeru\n|-resisted|p2a: Pikeru\n|-damage|p2a: Pikeru|56\/100\n|-enditem|p2a: Pikeru|Leftovers|[from] move: Knock Off|[of] p1a: Rillaboom\n|move|p2a: Pikeru|Wish|p2a: Pikeru\n|\n|upkeep\n|turn|13\n|\n|t:|1699109341\n|move|p2a: Pikeru|Protect|p2a: Pikeru\n|-singleturn|p2a: Pikeru|Protect\n|move|p1a: Rillaboom|Drum Beating|p2a: Pikeru\n|-activate|p2a: Pikeru|move: Protect\n|\n|-heal|p2a: Pikeru|100\/100|[from] move: Wish|[wisher] Pikeru\n|upkeep\n|turn|14\n|\n|t:|1699109350\n|move|p1a: Rillaboom|Drum Beating|p2a: Pikeru\n|-damage|p2a: Pikeru|62\/100\n|-unboost|p2a: Pikeru|spe|1\n|move|p2a: Pikeru|Yawn|p1a: Rillaboom\n|-start|p1a: Rillaboom|move: Yawn|[of] p2a: Pikeru\n|\n|upkeep\n|turn|15\n|\n|t:|1699109360\n|move|p1a: Rillaboom|Drum Beating|p2a: Pikeru\n|-damage|p2a: Pikeru|26\/100\n|-unboost|p2a: Pikeru|spe|1\n|move|p2a: Pikeru|Wish|p2a: Pikeru\n|\n|-end|p1a: Rillaboom|move: Yawn|[silent]\n|-message|Sleep Clause Mod activated.\n|-hint|Sleep Clause Mod prevents players from putting more than one of their opponent's Pok\u00e9mon to sleep at a time\n|upkeep\n|turn|16\n|\n|t:|1699109378\n|switch|p2a: Just the Tip|Overqwil, M|100\/100\n|-ability|p2a: Just the Tip|Intimidate|boost\n|-unboost|p1a: Rillaboom|atk|1\n|move|p1a: Rillaboom|Drum Beating|p2a: Just the Tip\n|-resisted|p2a: Just the Tip\n|-damage|p2a: Just the Tip|91\/100\n|-unboost|p2a: Just the Tip|spe|1\n|\n|-heal|p2a: Just the Tip|100\/100|[from] move: Wish|[wisher] Pikeru\n|upkeep\n|turn|17\n|\n|t:|1699109397\n|switch|p1a: Mesprit|Mesprit|46\/100 slp\n|move|p2a: Just the Tip|Barb Barrage|p1a: Mesprit\n|-damage|p1a: Mesprit|26\/100 slp\n|\n|upkeep\n|turn|18\n|\n|t:|1699109407\n|switch|p1a: Spiritomb|Spiritomb, M|100\/100\n|-ability|p1a: Spiritomb|Pressure\n|move|p2a: Just the Tip|Barb Barrage|p1a: Spiritomb\n|-resisted|p1a: Spiritomb\n|-damage|p1a: Spiritomb|89\/100\n|-status|p1a: Spiritomb|psn\n|\n|-heal|p1a: Spiritomb|95\/100 psn|[from] item: Leftovers\n|-damage|p1a: Spiritomb|83\/100 psn|[from] psn\n|upkeep\n|turn|19\n|\n|t:|1699109420\n|move|p2a: Just the Tip|Taunt|p1a: Spiritomb\n|-start|p1a: Spiritomb|move: Taunt\n|cant|p1a: Spiritomb|move: Taunt|Taunt\n|\n|-heal|p1a: Spiritomb|89\/100 psn|[from] item: Leftovers\n|-damage|p1a: Spiritomb|76\/100 psn|[from] psn\n|upkeep\n|turn|20\n|\n|t:|1699109448\n|switch|p1a: Lycanroc|Lycanroc-Dusk, F|100\/100\n|move|p2a: Just the Tip|Barb Barrage|p1a: Lycanroc\n|-resisted|p1a: Lycanroc\n|-damage|p1a: Lycanroc|82\/100\n|-status|p1a: Lycanroc|psn\n|\n|-damage|p1a: Lycanroc|69\/100 psn|[from] psn\n|upkeep\n|turn|21\n|\n|t:|1699109470\n|switch|p2a: Potemkin|Bronzong, shiny|100\/100\n|move|p1a: Lycanroc|Swords Dance|p1a: Lycanroc\n|-boost|p1a: Lycanroc|atk|2\n|\n|-damage|p1a: Lycanroc|57\/100 psn|[from] psn\n|upkeep\n|turn|22\n|\n|t:|1699109482\n|move|p1a: Lycanroc|Crunch|p2a: Potemkin\n|-supereffective|p2a: Potemkin\n|-enditem|p2a: Potemkin|Colbur Berry|[eat]\n|-enditem|p2a: Potemkin|Colbur Berry|[weaken]\n|-damage|p2a: Potemkin|29\/100\n|-damage|p1a: Lycanroc|47\/100 psn|[from] item: Life Orb\n|move|p2a: Potemkin|Body Press|p1a: Lycanroc\n|-supereffective|p1a: Lycanroc\n|-damage|p1a: Lycanroc|0 fnt\n|faint|p1a: Lycanroc\n|\n|upkeep\n|\n|t:|1699109496\n|switch|p1a: Rillaboom|Rillaboom, F|73\/100\n|-fieldstart|move: Grassy Terrain|[from] ability: Grassy Surge|[of] p1a: Rillaboom\n|turn|23\n|\n|t:|1699109514\n|switch|p2a: Just the Tip|Overqwil, M|100\/100\n|-ability|p2a: Just the Tip|Intimidate|boost\n|-unboost|p1a: Rillaboom|atk|1\n|move|p1a: Rillaboom|Knock Off|p2a: Just the Tip\n|-resisted|p2a: Just the Tip\n|-damage|p2a: Just the Tip|93\/100\n|-enditem|p2a: Just the Tip|Chesto Berry|[from] move: Knock Off|[of] p1a: Rillaboom\n|\n|-heal|p2a: Just the Tip|99\/100|[from] Grassy Terrain\n|-heal|p1a: Rillaboom|79\/100|[from] Grassy Terrain\n|upkeep\n|turn|24\n|\n|t:|1699109527\n|move|p1a: Rillaboom|Drain Punch|p2a: Just the Tip\n|-damage|p2a: Just the Tip|87\/100\n|-heal|p1a: Rillaboom|86\/100|[from] drain|[of] p2a: Just the Tip\n|move|p2a: Just the Tip|Barb Barrage|p1a: Rillaboom\n|-supereffective|p1a: Rillaboom\n|-damage|p1a: Rillaboom|50\/100\n|\n|-heal|p2a: Just the Tip|94\/100|[from] Grassy Terrain\n|-heal|p1a: Rillaboom|56\/100|[from] Grassy Terrain\n|upkeep\n|turn|25\n|\n|t:|1699109552\n|switch|p1a: Mesprit|Mesprit|26\/100 slp\n|move|p2a: Just the Tip|Barb Barrage|p1a: Mesprit\n|-damage|p1a: Mesprit|6\/100 slp\n|\n|-heal|p2a: Just the Tip|99\/100|[from] Grassy Terrain\n|upkeep\n|turn|26\n|\n|t:|1699109562\n|cant|p1a: Mesprit|slp\n|move|p2a: Just the Tip|Barb Barrage|p1a: Mesprit\n|-damage|p1a: Mesprit|0 fnt\n|faint|p1a: Mesprit\n|\n|-heal|p2a: Just the Tip|100\/100|[from] Grassy Terrain\n|upkeep\n|\n|t:|1699109583\n|switch|p1a: Talonflame|Talonflame, M|100\/100\n|turn|27\n|\n|t:|1699109601\n|move|p1a: Talonflame|Flare Blitz|p2a: Just the Tip\n|-damage|p2a: Just the Tip|67\/100\n|-damage|p1a: Talonflame|87\/100|[from] Recoil\n|move|p2a: Just the Tip|Barb Barrage|p1a: Talonflame\n|-damage|p1a: Talonflame|56\/100\n|-status|p1a: Talonflame|psn\n|\n|-heal|p2a: Just the Tip|73\/100|[from] Grassy Terrain\n|-damage|p1a: Talonflame|44\/100 psn|[from] psn\n|-fieldend|move: Grassy Terrain\n|upkeep\n|turn|28\n|\n|t:|1699109615\n|move|p1a: Talonflame|Will-O-Wisp|p2a: Just the Tip\n|-status|p2a: Just the Tip|brn\n|move|p2a: Just the Tip|Barb Barrage|p1a: Talonflame\n|-damage|p1a: Talonflame|12\/100 psn\n|\n|-damage|p1a: Talonflame|0 fnt|[from] psn\n|faint|p1a: Talonflame\n|-damage|p2a: Just the Tip|67\/100 brn|[from] brn\n|upkeep\n|\n|t:|1699109629\n|switch|p1a: Greninja|Greninja, F|100\/100\n|turn|29\n|\n|t:|1699109640\n|switch|p2a: Potemkin|Bronzong, shiny|29\/100\n|move|p1a: Greninja|U-turn|p2a: Potemkin\n|-start|p1a: Greninja|typechange|Bug|[from] ability: Protean\n|-damage|p2a: Potemkin|13\/100\n|j| KingRenegade\n|\n|t:|1699109647\n|switch|p1a: Spiritomb|Spiritomb, M|76\/100 psn|[from] U-turn\n|-ability|p1a: Spiritomb|Pressure\n|\n|-heal|p1a: Spiritomb|82\/100 psn|[from] item: Leftovers\n|-damage|p1a: Spiritomb|70\/100 psn|[from] psn\n|upkeep\n|turn|30\n|\n|t:|1699109666\n|move|p1a: Spiritomb|Will-O-Wisp|p2a: Potemkin\n|-status|p2a: Potemkin|brn\n|move|p2a: Potemkin|Rest|p2a: Potemkin\n|-status|p2a: Potemkin|slp|[from] move: Rest\n|-heal|p2a: Potemkin|100\/100 slp|[silent]\n|\n|-heal|p1a: Spiritomb|76\/100 psn|[from] item: Leftovers\n|-damage|p1a: Spiritomb|64\/100 psn|[from] psn\n|upkeep\n|turn|31\n|\n|t:|1699109679\n|move|p1a: Spiritomb|Hex|p2a: Potemkin\n|-supereffective|p2a: Potemkin\n|-damage|p2a: Potemkin|45\/100 slp\n|cant|p2a: Potemkin|slp\n|\n|-heal|p1a: Spiritomb|70\/100 psn|[from] item: Leftovers\n|-damage|p1a: Spiritomb|58\/100 psn|[from] psn\n|upkeep\n|turn|32\n|\n|t:|1699109694\n|move|p1a: Spiritomb|Hex|p2a: Potemkin\n|-supereffective|p2a: Potemkin\n|-damage|p2a: Potemkin|0 fnt\n|faint|p2a: Potemkin\n|\n|-heal|p1a: Spiritomb|64\/100 psn|[from] item: Leftovers\n|-damage|p1a: Spiritomb|51\/100 psn|[from] psn\n|upkeep\n|\n|t:|1699109703\n|switch|p2a: Just the Tip|Overqwil, M|67\/100 brn\n|-ability|p2a: Just the Tip|Intimidate|boost\n|-unboost|p1a: Spiritomb|atk|1\n|turn|33\n|\n|t:|1699109714\n|move|p2a: Just the Tip|Taunt|p1a: Spiritomb\n|-start|p1a: Spiritomb|move: Taunt\n|move|p1a: Spiritomb|Hex|p2a: Just the Tip\n|-resisted|p2a: Just the Tip\n|-damage|p2a: Just the Tip|38\/100 brn\n|\n|-heal|p1a: Spiritomb|57\/100 psn|[from] item: Leftovers\n|-damage|p1a: Spiritomb|45\/100 psn|[from] psn\n|-damage|p2a: Just the Tip|32\/100 brn|[from] brn\n|upkeep\n|turn|34\n|\n|t:|1699109726\n|move|p2a: Just the Tip|Barb Barrage|p1a: Spiritomb\n|-resisted|p1a: Spiritomb\n|-crit|p1a: Spiritomb\n|-damage|p1a: Spiritomb|29\/100 psn\n|move|p1a: Spiritomb|Hex|p2a: Just the Tip\n|-resisted|p2a: Just the Tip\n|-damage|p2a: Just the Tip|7\/100 brn\n|\n|-heal|p1a: Spiritomb|35\/100 psn|[from] item: Leftovers\n|-damage|p1a: Spiritomb|23\/100 psn|[from] psn\n|-damage|p2a: Just the Tip|1\/100 brn|[from] brn\n|upkeep\n|turn|35\n|\n|t:|1699109742\n|switch|p2a: Pikeru|Sylveon, F|26\/100\n|switch|p1a: Rillaboom|Rillaboom, F|56\/100\n|-fieldstart|move: Grassy Terrain|[from] ability: Grassy Surge|[of] p1a: Rillaboom\n|\n|-heal|p1a: Rillaboom|62\/100|[from] Grassy Terrain\n|-heal|p2a: Pikeru|32\/100|[from] Grassy Terrain\n|upkeep\n|turn|36\n|\n|t:|1699109753\n|move|p1a: Rillaboom|Drum Beating|p2a: Pikeru\n|-damage|p2a: Pikeru|0 fnt\n|faint|p2a: Pikeru\n|\n|-heal|p1a: Rillaboom|69\/100|[from] Grassy Terrain\n|upkeep\n|\n|t:|1699109760\n|switch|p2a: TenaciousDeezNutz|Kleavor, M, shiny|59\/100\n|turn|37\n|\n|t:|1699109765\n|move|p2a: TenaciousDeezNutz|X-Scissor|p1a: Rillaboom\n|-supereffective|p1a: Rillaboom\n|-damage|p1a: Rillaboom|0 fnt\n|faint|p1a: Rillaboom\n|\n|-heal|p2a: TenaciousDeezNutz|65\/100|[from] Grassy Terrain\n|upkeep\n|\n|t:|1699109771\n|switch|p1a: Greninja|Greninja, F|100\/100\n|turn|38\n|\n|t:|1699109779\n|switch|p2a: Just the Tip|Overqwil, M|1\/100 brn\n|-ability|p2a: Just the Tip|Intimidate|boost\n|-unboost|p1a: Greninja|atk|1\n|move|p1a: Greninja|Water Shuriken|p2a: Just the Tip\n|-start|p1a: Greninja|typechange|Water|[from] ability: Protean\n|-damage|p2a: Just the Tip|0 fnt\n|faint|p2a: Just the Tip\n|-hitcount|p2: Just the Tip|1\n|\n|upkeep\n|\n|t:|1699109788\n|switch|p2a: The Yellow Flash|Jolteon, M|100\/100\n|turn|39\n|\n|t:|1699109796\n|switch|p1a: Spiritomb|Spiritomb, M|23\/100 psn\n|-ability|p1a: Spiritomb|Pressure\n|move|p2a: The Yellow Flash|Discharge|p1a: Spiritomb\n|-damage|p1a: Spiritomb|0 fnt\n|faint|p1a: Spiritomb\n|\n|-fieldend|move: Grassy Terrain\n|upkeep\n|\n|t:|1699109809\n|switch|p1a: Greninja|Greninja, F|100\/100\n|turn|40\n|\n|t:|1699109817\n|move|p1a: Greninja|Water Shuriken|p2a: The Yellow Flash\n|-start|p1a: Greninja|typechange|Water|[from] ability: Protean\n|-damage|p2a: The Yellow Flash|90\/100\n|-damage|p2a: The Yellow Flash|80\/100\n|-damage|p2a: The Yellow Flash|70\/100\n|-crit|p2a: The Yellow Flash\n|-damage|p2a: The Yellow Flash|54\/100\n|-hitcount|p2a: The Yellow Flash|4\n|move|p2a: The Yellow Flash|Discharge|p1a: Greninja\n|-supereffective|p1a: Greninja\n|-damage|p1a: Greninja|0 fnt\n|faint|p1a: Greninja\n|\n|win|stressPig\n","uploadtime":1699109843,"views":15,"p1id":"thegroomsmen","p2id":"stresspig","formatid":"gen9ubers","rating":0,"private":0,"password":""}