{"id":"gen9ubers-1973806514","p1":"Anne Frankkkk","p2":"RoboDriveisthebest","format":"[Gen 9] Ubers","log":"|j|\u2606Anne Frankkkk\n|j|\u2606RoboDriveisthebest\n|t:|1698015489\n|gametype|singles\n|player|p1|Anne Frankkkk|hilbert|1124\n|player|p2|RoboDriveisthebest|nate|1064\n|teamsize|p1|6\n|teamsize|p2|6\n|gen|9\n|tier|[Gen 9] Ubers\n|rated|\n|rule|Sleep Clause Mod: Limit one foe put to sleep\n|rule|Species Clause: Limit one of each Pok\u00e9mon\n|rule|OHKO Clause: OHKO moves are banned\n|rule|Evasion Items Clause: Evasion items are banned\n|rule|Evasion Moves Clause: Evasion moves are banned\n|rule|Endless Battle Clause: Forcing endless battles is banned\n|rule|HP Percentage Mod: HP is shown in percentages\n|clearpoke\n|poke|p1|Iron Hands|\n|poke|p1|Kyogre|\n|poke|p1|Chien-Pao|\n|poke|p1|Ribombee, M|\n|poke|p1|Miraidon|\n|poke|p1|Iron Moth|\n|poke|p2|Ogerpon-Hearthflame, F|\n|poke|p2|Groudon|\n|poke|p2|Walking Wake|\n|poke|p2|Calyrex-Ice|\n|poke|p2|Basculegion, M|\n|poke|p2|Gliscor, F|\n|teampreview\n|inactive|Battle timer is ON: inactive players will automatically lose when time's up. (requested by Anne Frankkkk)\n|\n|t:|1698015510\n|start\n|switch|p1a: Ribombee|Ribombee, M, shiny|100\/100\n|switch|p2a: Calyrex|Calyrex-Ice|100\/100\n|-ability|p2a: Calyrex|As One\n|-ability|p2a: Calyrex|Unnerve\n|turn|1\n|\n|t:|1698015516\n|move|p1a: Ribombee|Sticky Web|p2a: Calyrex\n|-sidestart|p2: RoboDriveisthebest|move: Sticky Web\n|move|p2a: Calyrex|Trick Room|p2a: Calyrex\n|-fieldstart|move: Trick Room|[of] p2a: Calyrex\n|\n|upkeep\n|turn|2\n|\n|t:|1698015524\n|-terastallize|p2a: Calyrex|Fire\n|move|p2a: Calyrex|Glacial Lance|p1a: Ribombee\n|-enditem|p1a: Ribombee|Focus Sash\n|-damage|p1a: Ribombee|1\/100\n|move|p1a: Ribombee|Bug Buzz|p2a: Calyrex\n|-resisted|p2a: Calyrex\n|-damage|p2a: Calyrex|88\/100\n|\n|upkeep\n|turn|3\n|\n|t:|1698015533\n|move|p2a: Calyrex|Glacial Lance|p1a: Ribombee\n|-damage|p1a: Ribombee|0 fnt\n|faint|p1a: Ribombee\n|-ability|p2a: Calyrex|Chilling Neigh|boost\n|-boost|p2a: Calyrex|atk|1\n|\n|upkeep\n|\n|t:|1698015537\n|switch|p1a: Iron Hands|Iron Hands, shiny|100\/100\n|turn|4\n|\n|t:|1698015541\n|move|p1a: Iron Hands|Fake Out|p2a: Calyrex\n|-damage|p2a: Calyrex|78\/100\n|cant|p2a: Calyrex|flinch\n|\n|upkeep\n|turn|5\n|\n|t:|1698015548\n|move|p2a: Calyrex|High Horsepower|p1a: Iron Hands\n|-supereffective|p1a: Iron Hands\n|-damage|p1a: Iron Hands|19\/100\n|move|p1a: Iron Hands|Drain Punch|p2a: Calyrex\n|-damage|p2a: Calyrex|51\/100\n|-heal|p1a: Iron Hands|30\/100|[from] drain|[of] p2a: Calyrex\n|\n|-fieldend|move: Trick Room\n|upkeep\n|turn|6\n|\n|t:|1698015554\n|move|p1a: Iron Hands|Drain Punch|p2a: Calyrex\n|-damage|p2a: Calyrex|23\/100\n|-heal|p1a: Iron Hands|41\/100|[from] drain|[of] p2a: Calyrex\n|move|p2a: Calyrex|High Horsepower|p1a: Iron Hands\n|-supereffective|p1a: Iron Hands\n|-damage|p1a: Iron Hands|0 fnt\n|faint|p1a: Iron Hands\n|-end|p1a: Iron Hands|Quark Drive|[silent]\n|-ability|p2a: Calyrex|Chilling Neigh|boost\n|-boost|p2a: Calyrex|atk|1\n|\n|upkeep\n|\n|t:|1698015569\n|switch|p1a: Miraidon|Miraidon|100\/100\n|-fieldstart|move: Electric Terrain|[from] ability: Hadron Engine|[of] p1a: Miraidon\n|-item|p1a: Miraidon|Air Balloon\n|turn|7\n|\n|t:|1698015577\n|switch|p2a: Gliscor|Gliscor, F|100\/100\n|move|p1a: Miraidon|Electro Drift|p2a: Gliscor\n|-immune|p2a: Gliscor\n|\n|-status|p2a: Gliscor|tox|[from] item: Toxic Orb\n|upkeep\n|turn|8\n|\n|t:|1698015583\n|move|p1a: Miraidon|Dragon Pulse|p2a: Gliscor\n|-damage|p2a: Gliscor|14\/100 tox\n|move|p2a: Gliscor|Toxic Spikes|p1a: Miraidon\n|-sidestart|p1: Anne Frankkkk|move: Toxic Spikes\n|\n|-heal|p2a: Gliscor|26\/100 tox|[from] ability: Poison Heal\n|upkeep\n|turn|9\n|\n|t:|1698015589\n|move|p1a: Miraidon|Dragon Pulse|p2a: Gliscor\n|-damage|p2a: Gliscor|0 fnt\n|faint|p2a: Gliscor\n|\n|upkeep\n|\n|t:|1698015597\n|switch|p2a: Groudon|Groudon|100\/100\n|-activate|p2a: Groudon|move: Sticky Web\n|-unboost|p2a: Groudon|spe|1\n|-weather|SunnyDay|[from] ability: Drought|[of] p2a: Groudon\n|turn|10\n|\n|t:|1698015602\n|move|p1a: Miraidon|Dragon Pulse|p2a: Groudon\n|-damage|p2a: Groudon|39\/100\n|move|p2a: Groudon|Heat Crash|p1a: Miraidon\n|-resisted|p1a: Miraidon\n|-damage|p1a: Miraidon|78\/100\n|-enditem|p1a: Miraidon|Air Balloon\n|\n|-weather|SunnyDay|[upkeep]\n|upkeep\n|turn|11\n|\n|t:|1698015611\n|move|p1a: Miraidon|Dragon Pulse|p2a: Groudon\n|-damage|p2a: Groudon|0 fnt\n|faint|p2a: Groudon\n|\n|-weather|SunnyDay|[upkeep]\n|-fieldend|move: Electric Terrain\n|upkeep\n|\n|t:|1698015620\n|switch|p2a: Ogerpon|Ogerpon-Hearthflame, F|100\/100\n|-activate|p2a: Ogerpon|move: Sticky Web\n|-unboost|p2a: Ogerpon|spe|1\n|-ability|p2a: Ogerpon|Mold Breaker\n|turn|12\n|\n|t:|1698015624\n|move|p1a: Miraidon|Dragon Pulse|p2a: Ogerpon\n|-damage|p2a: Ogerpon|51\/100\n|move|p2a: Ogerpon|Ivy Cudgel|p1a: Miraidon\n|-resisted|p1a: Miraidon\n|-damage|p1a: Miraidon|32\/100\n|\n|-weather|SunnyDay|[upkeep]\n|upkeep\n|turn|13\n|\n|t:|1698015630\n|move|p1a: Miraidon|Dragon Pulse|p2a: Ogerpon\n|-damage|p2a: Ogerpon|0 fnt\n|faint|p2a: Ogerpon\n|\n|-weather|SunnyDay|[upkeep]\n|upkeep\n|\n|t:|1698015637\n|switch|p2a: Walking Wake|Walking Wake|100\/100\n|-activate|p2a: Walking Wake|move: Sticky Web\n|-unboost|p2a: Walking Wake|spe|1\n|-activate|p2a: Walking Wake|ability: Protosynthesis\n|-start|p2a: Walking Wake|protosynthesisspa\n|turn|14\n|\n|t:|1698015642\n|move|p1a: Miraidon|Dragon Pulse|p2a: Walking Wake\n|-supereffective|p2a: Walking Wake\n|-damage|p2a: Walking Wake|0 fnt\n|faint|p2a: Walking Wake\n|-end|p2a: Walking Wake|Protosynthesis|[silent]\n|\n|-weather|SunnyDay|[upkeep]\n|upkeep\n|\n|t:|1698015644\n|switch|p2a: Calyrex|Calyrex-Ice, tera:Fire|23\/100\n|-ability|p2a: Calyrex|As One\n|-ability|p2a: Calyrex|Unnerve\n|turn|15\n|\n|t:|1698015651\n|move|p1a: Miraidon|Electro Drift|p2a: Calyrex\n|-damage|p2a: Calyrex|0 fnt\n|faint|p2a: Calyrex\n|\n|-weather|SunnyDay|[upkeep]\n|upkeep\n|\n|t:|1698015655\n|switch|p2a: Basculegion|Basculegion, M|100\/100\n|-activate|p2a: Basculegion|move: Sticky Web\n|-unboost|p2a: Basculegion|spe|1\n|turn|16\n|\n|t:|1698015657\n|move|p1a: Miraidon|Electro Drift|p2a: Basculegion\n|-supereffective|p2a: Basculegion\n|-damage|p2a: Basculegion|0 fnt\n|faint|p2a: Basculegion\n|\n|win|Anne Frankkkk\n|raw|Anne Frankkkk's rating: 1124 &rarr; <strong>1145<\/strong><br \/>(+21 for winning)\n|raw|RoboDriveisthebest's rating: 1064 &rarr; <strong>1048<\/strong><br \/>(-16 for losing)\n|l|\u2606RoboDriveisthebest\n","uploadtime":1698015664,"views":9,"p1id":"annefrankkkk","p2id":"robodriveisthebest","formatid":"gen9ubers","rating":1048,"private":0,"password":""}