{"id":"gen9ubers-1983070466","p1":"Citrusfunk","p2":"aurontato","format":"[Gen 9] Ubers","log":"|j|\u2606Citrusfunk\n|j|\u2606aurontato\n|t:|1699079357\n|gametype|singles\n|player|p1|Citrusfunk|alec-anime|1097\n|player|p2|aurontato|265|1069\n|teamsize|p1|6\n|teamsize|p2|6\n|gen|9\n|tier|[Gen 9] Ubers\n|rated|\n|rule|Sleep Clause Mod: Limit one foe put to sleep\n|rule|Species Clause: Limit one of each Pok\u00e9mon\n|rule|OHKO Clause: OHKO moves are banned\n|rule|Evasion Items Clause: Evasion items are banned\n|rule|Evasion Moves Clause: Evasion moves are banned\n|rule|Endless Battle Clause: Forcing endless battles is banned\n|rule|HP Percentage Mod: HP is shown in percentages\n|clearpoke\n|poke|p1|Charizard, M|\n|poke|p1|Crawdaunt, M|\n|poke|p1|Ursaluna-Bloodmoon, M|\n|poke|p1|Kommo-o, M|\n|poke|p1|Ninetales-Alola, M|\n|poke|p1|Sinistcha|\n|poke|p2|Ceruledge, F|\n|poke|p2|Torterra, F|\n|poke|p2|Iron Valiant|\n|poke|p2|Volcarona, F|\n|poke|p2|Kingambit, M|\n|poke|p2|Orthworm, M|\n|teampreview\n|\n|t:|1699079364\n|start\n|switch|p1a: Cool ass freezer|Ninetales-Alola, M|100\/100\n|switch|p2a: Torterra|Torterra, F|100\/100\n|-weather|Snow|[from] ability: Snow Warning|[of] p1a: Cool ass freezer\n|turn|1\n|inactive|Battle timer is ON: inactive players will automatically lose when time's up. (requested by Citrusfunk)\n|\n|t:|1699079373\n|-terastallize|p2a: Torterra|Rock\n|move|p1a: Cool ass freezer|Aurora Veil|p1a: Cool ass freezer\n|-sidestart|p1: Citrusfunk|move: Aurora Veil\n|move|p2a: Torterra|Stone Edge|p1a: Cool ass freezer\n|-supereffective|p1a: Cool ass freezer\n|-damage|p1a: Cool ass freezer|55\/100\n|\n|-weather|Snow|[upkeep]\n|upkeep\n|turn|2\n|\n|t:|1699079384\n|switch|p1a: Nightmare Freddy|Ursaluna-Bloodmoon, M|100\/100\n|move|p2a: Torterra|Shell Smash|p2a: Torterra\n|-unboost|p2a: Torterra|def|1\n|-unboost|p2a: Torterra|spd|1\n|-boost|p2a: Torterra|atk|2\n|-boost|p2a: Torterra|spa|2\n|-boost|p2a: Torterra|spe|2\n|-enditem|p2a: Torterra|White Herb\n|-clearnegativeboost|p2a: Torterra|[silent]\n|\n|-weather|Snow|[upkeep]\n|upkeep\n|turn|3\n|\n|t:|1699079399\n|move|p2a: Torterra|Wood Hammer|p1a: Nightmare Freddy\n|-supereffective|p1a: Nightmare Freddy\n|-damage|p1a: Nightmare Freddy|19\/100\n|-damage|p2a: Torterra|66\/100|[from] Recoil\n|move|p1a: Nightmare Freddy|Earth Power|p2a: Torterra\n|-supereffective|p2a: Torterra\n|-damage|p2a: Torterra|0 fnt\n|faint|p2a: Torterra\n|\n|-weather|Snow|[upkeep]\n|-heal|p1a: Nightmare Freddy|25\/100|[from] item: Leftovers\n|upkeep\n|\n|t:|1699079416\n|switch|p2a: Orthworm|Orthworm, M|100\/100\n|turn|4\n|\n|t:|1699079420\n|move|p2a: Orthworm|Body Press|p1a: Nightmare Freddy\n|-supereffective|p1a: Nightmare Freddy\n|-damage|p1a: Nightmare Freddy|5\/100\n|move|p1a: Nightmare Freddy|Earth Power|p2a: Orthworm\n|-immune|p2a: Orthworm|[from] ability: Earth Eater\n|\n|-weather|Snow|[upkeep]\n|-heal|p1a: Nightmare Freddy|11\/100|[from] item: Leftovers\n|upkeep\n|turn|5\n|\n|t:|1699079439\n|move|p1a: Nightmare Freddy|Vacuum Wave|p2a: Orthworm\n|-supereffective|p2a: Orthworm\n|-damage|p2a: Orthworm|35\/100\n|move|p2a: Orthworm|Coil|p2a: Orthworm\n|-boost|p2a: Orthworm|atk|1\n|-boost|p2a: Orthworm|def|1\n|-boost|p2a: Orthworm|accuracy|1\n|\n|-weather|none\n|-heal|p1a: Nightmare Freddy|17\/100|[from] item: Leftovers\n|upkeep\n|turn|6\n|\n|t:|1699079451\n|move|p1a: Nightmare Freddy|Vacuum Wave|p2a: Orthworm\n|-supereffective|p2a: Orthworm\n|-damage|p2a: Orthworm|0 fnt\n|faint|p2a: Orthworm\n|\n|-heal|p1a: Nightmare Freddy|23\/100|[from] item: Leftovers\n|upkeep\n|\n|t:|1699079466\n|switch|p2a: Iron Valiant|Iron Valiant|100\/100\n|-enditem|p2a: Iron Valiant|Booster Energy\n|-activate|p2a: Iron Valiant|ability: Quark Drive|[fromitem]\n|-start|p2a: Iron Valiant|quarkdrivespe\n|turn|7\n|\n|t:|1699079471\n|move|p2a: Iron Valiant|Aura Sphere|p1a: Nightmare Freddy\n|-supereffective|p1a: Nightmare Freddy\n|-damage|p1a: Nightmare Freddy|0 fnt\n|faint|p1a: Nightmare Freddy\n|\n|upkeep\n|\n|t:|1699079482\n|switch|p1a: Lean|Sinistcha|100\/100\n|turn|8\n|\n|t:|1699079489\n|-terastallize|p1a: Lean|Poison\n|move|p2a: Iron Valiant|Moonblast|p1a: Lean\n|-resisted|p1a: Lean\n|-damage|p1a: Lean|86\/100\n|move|p1a: Lean|Calm Mind|p1a: Lean\n|-boost|p1a: Lean|spa|1\n|-boost|p1a: Lean|spd|1\n|\n|-heal|p1a: Lean|92\/100|[from] item: Leftovers\n|-sideend|p1: Citrusfunk|move: Aurora Veil\n|upkeep\n|turn|9\n|\n|t:|1699079501\n|move|p2a: Iron Valiant|Knock Off|p1a: Lean\n|-damage|p1a: Lean|70\/100\n|-enditem|p1a: Lean|Leftovers|[from] move: Knock Off|[of] p2a: Iron Valiant\n|move|p1a: Lean|Calm Mind|p1a: Lean\n|-boost|p1a: Lean|spa|1\n|-boost|p1a: Lean|spd|1\n|\n|upkeep\n|turn|10\n|\n|t:|1699079509\n|move|p2a: Iron Valiant|Aura Sphere|p1a: Lean\n|-resisted|p1a: Lean\n|-damage|p1a: Lean|59\/100\n|move|p1a: Lean|Iron Defense|p1a: Lean\n|-boost|p1a: Lean|def|2\n|\n|upkeep\n|turn|11\n|\n|t:|1699079524\n|-end|p2a: Iron Valiant|Quark Drive|[silent]\n|switch|p2a: Kingambit|Kingambit, M|100\/100\n|-activate|p2a: Kingambit|ability: Supreme Overlord\n|-start|p2a: Kingambit|fallen2|[silent]\n|move|p1a: Lean|Strength Sap|p2a: Kingambit\n|-unboost|p2a: Kingambit|atk|1\n|-heal|p1a: Lean|100\/100\n|\n|upkeep\n|turn|12\n|\n|t:|1699079540\n|move|p2a: Kingambit|Thunder Wave|p1a: Lean\n|-status|p1a: Lean|par\n|move|p1a: Lean|Iron Defense|p1a: Lean\n|-boost|p1a: Lean|def|2\n|\n|upkeep\n|turn|13\n|\n|t:|1699079559\n|move|p2a: Kingambit|Kowtow Cleave|p1a: Lean\n|-damage|p1a: Lean|88\/100 par\n|move|p1a: Lean|Iron Defense|p1a: Lean\n|-boost|p1a: Lean|def|2\n|\n|upkeep\n|turn|14\n|\n|t:|1699079567\n|move|p2a: Kingambit|Kowtow Cleave|p1a: Lean\n|-damage|p1a: Lean|80\/100 par\n|move|p1a: Lean|Strength Sap|p2a: Kingambit\n|-unboost|p2a: Kingambit|atk|1\n|-heal|p1a: Lean|100\/100 par\n|\n|upkeep\n|turn|15\n|\n|t:|1699079586\n|-end|p2a: Kingambit|fallen2|[silent]\n|switch|p2a: Volcarona|Volcarona, F|100\/100\n|move|p1a: Lean|Calm Mind|p1a: Lean\n|-boost|p1a: Lean|spa|1\n|-boost|p1a: Lean|spd|1\n|\n|upkeep\n|turn|16\n|\n|t:|1699079594\n|move|p2a: Volcarona|Quiver Dance|p2a: Volcarona\n|-boost|p2a: Volcarona|spa|1\n|-boost|p2a: Volcarona|spd|1\n|-boost|p2a: Volcarona|spe|1\n|move|p1a: Lean|Calm Mind|p1a: Lean\n|-boost|p1a: Lean|spa|1\n|-boost|p1a: Lean|spd|1\n|\n|upkeep\n|turn|17\n|\n|t:|1699079601\n|move|p2a: Volcarona|Quiver Dance|p2a: Volcarona\n|-boost|p2a: Volcarona|spa|1\n|-boost|p2a: Volcarona|spd|1\n|-boost|p2a: Volcarona|spe|1\n|cant|p1a: Lean|par\n|\n|upkeep\n|turn|18\n|\n|t:|1699079614\n|move|p2a: Volcarona|Quiver Dance|p2a: Volcarona\n|-boost|p2a: Volcarona|spa|1\n|-boost|p2a: Volcarona|spd|1\n|-boost|p2a: Volcarona|spe|1\n|move|p1a: Lean|Calm Mind|p1a: Lean\n|-boost|p1a: Lean|spa|1\n|-boost|p1a: Lean|spd|1\n|\n|upkeep\n|turn|19\n|\n|t:|1699079622\n|move|p2a: Volcarona|Quiver Dance|p2a: Volcarona\n|-boost|p2a: Volcarona|spa|1\n|-boost|p2a: Volcarona|spd|1\n|-boost|p2a: Volcarona|spe|1\n|move|p1a: Lean|Calm Mind|p1a: Lean\n|-boost|p1a: Lean|spa|1\n|-boost|p1a: Lean|spd|1\n|\n|upkeep\n|turn|20\n|\n|t:|1699079629\n|move|p2a: Volcarona|Quiver Dance|p2a: Volcarona\n|-boost|p2a: Volcarona|spa|1\n|-boost|p2a: Volcarona|spd|1\n|-boost|p2a: Volcarona|spe|1\n|move|p1a: Lean|Matcha Gotcha|p2a: Volcarona\n|-resisted|p2a: Volcarona\n|-damage|p2a: Volcarona|88\/100\n|\n|upkeep\n|turn|21\n|\n|t:|1699079637\n|move|p2a: Volcarona|Quiver Dance|p2a: Volcarona\n|-boost|p2a: Volcarona|spa|1\n|-boost|p2a: Volcarona|spd|1\n|-boost|p2a: Volcarona|spe|1\n|cant|p1a: Lean|par\n|\n|upkeep\n|turn|22\n|\n|t:|1699079645\n|move|p2a: Volcarona|Flamethrower|p1a: Lean\n|-damage|p1a: Lean|74\/100 par\n|move|p1a: Lean|Matcha Gotcha|p2a: Volcarona\n|-resisted|p2a: Volcarona\n|-damage|p2a: Volcarona|77\/100\n|-heal|p1a: Lean|79\/100 par|[from] drain|[of] p2a: Volcarona\n|\n|upkeep\n|turn|23\n|\n|t:|1699079657\n|move|p2a: Volcarona|Bug Buzz|p1a: Lean\n|-resisted|p1a: Lean\n|-damage|p1a: Lean|51\/100 par\n|move|p1a: Lean|Strength Sap|p2a: Volcarona\n|-unboost|p2a: Volcarona|atk|1\n|-heal|p1a: Lean|83\/100 par\n|\n|upkeep\n|turn|24\n|\n|t:|1699079666\n|move|p2a: Volcarona|Bug Buzz|p1a: Lean\n|-resisted|p1a: Lean\n|-damage|p1a: Lean|56\/100 par\n|move|p1a: Lean|Matcha Gotcha|p2a: Volcarona\n|-resisted|p2a: Volcarona\n|-damage|p2a: Volcarona|65\/100\n|-heal|p1a: Lean|61\/100 par|[from] drain|[of] p2a: Volcarona\n|\n|upkeep\n|turn|25\n|\n|t:|1699079675\n|move|p2a: Volcarona|Bug Buzz|p1a: Lean\n|-resisted|p1a: Lean\n|-damage|p1a: Lean|33\/100 par\n|move|p1a: Lean|Strength Sap|p2a: Volcarona\n|-unboost|p2a: Volcarona|atk|1\n|-heal|p1a: Lean|55\/100 par\n|\n|upkeep\n|turn|26\n|\n|t:|1699079684\n|move|p2a: Volcarona|Bug Buzz|p1a: Lean\n|-resisted|p1a: Lean\n|-damage|p1a: Lean|25\/100 par\n|move|p1a: Lean|Matcha Gotcha|p2a: Volcarona\n|-resisted|p2a: Volcarona\n|-damage|p2a: Volcarona|52\/100\n|-heal|p1a: Lean|31\/100 par|[from] drain|[of] p2a: Volcarona\n|\n|upkeep\n|turn|27\n|\n|t:|1699079692\n|move|p2a: Volcarona|Bug Buzz|p1a: Lean\n|-resisted|p1a: Lean\n|-damage|p1a: Lean|1\/100 par\n|cant|p1a: Lean|par\n|\n|upkeep\n|turn|28\n|\n|t:|1699079699\n|move|p2a: Volcarona|Morning Sun|p2a: Volcarona\n|-heal|p2a: Volcarona|100\/100\n|move|p1a: Lean|Matcha Gotcha|p2a: Volcarona\n|-resisted|p2a: Volcarona\n|-damage|p2a: Volcarona|90\/100\n|-heal|p1a: Lean|6\/100 par|[from] drain|[of] p2a: Volcarona\n|\n|upkeep\n|turn|29\n|\n|t:|1699079707\n|move|p2a: Volcarona|Bug Buzz|p1a: Lean\n|-resisted|p1a: Lean\n|-damage|p1a: Lean|0 fnt\n|faint|p1a: Lean\n|\n|upkeep\n|\n|t:|1699079710\n|switch|p1a: Red Lobster|Crawdaunt, M|100\/100\n|turn|30\n|\n|t:|1699079727\n|move|p1a: Red Lobster|Aqua Jet|p2a: Volcarona\n|-supereffective|p2a: Volcarona\n|-damage|p2a: Volcarona|0 fnt\n|faint|p2a: Volcarona\n|-damage|p1a: Red Lobster|91\/100|[from] item: Life Orb\n|\n|upkeep\n|\n|t:|1699079738\n|switch|p2a: Iron Valiant|Iron Valiant|100\/100\n|turn|31\n|\n|t:|1699079745\n|switch|p1a: Cool ass freezer|Ninetales-Alola, M|55\/100\n|-weather|Snow|[from] ability: Snow Warning|[of] p1a: Cool ass freezer\n|move|p2a: Iron Valiant|Aura Sphere|p1a: Cool ass freezer\n|-damage|p1a: Cool ass freezer|9\/100\n|\n|-weather|Snow|[upkeep]\n|upkeep\n|turn|32\n|\n|t:|1699079755\n|move|p2a: Iron Valiant|Aura Sphere|p1a: Cool ass freezer\n|-damage|p1a: Cool ass freezer|0 fnt\n|faint|p1a: Cool ass freezer\n|\n|-weather|Snow|[upkeep]\n|upkeep\n|\n|t:|1699079762\n|switch|p1a: Dab Torch|Charizard, M|100\/100\n|turn|33\n|\n|t:|1699079775\n|move|p2a: Iron Valiant|Moonblast|p1a: Dab Torch\n|-resisted|p1a: Dab Torch\n|-damage|p1a: Dab Torch|69\/100\n|move|p1a: Dab Torch|Air Slash|p2a: Iron Valiant\n|-supereffective|p2a: Iron Valiant\n|-damage|p2a: Iron Valiant|0 fnt\n|faint|p2a: Iron Valiant\n|-end|p2a: Iron Valiant|Quark Drive|[silent]\n|\n|-weather|Snow|[upkeep]\n|upkeep\n|\n|t:|1699079790\n|switch|p2a: Ceruledge|Ceruledge, F|100\/100\n|turn|34\n|\n|t:|1699079794\n|move|p1a: Dab Torch|Air Slash|p2a: Ceruledge\n|-damage|p2a: Ceruledge|53\/100\n|move|p2a: Ceruledge|Swords Dance|p2a: Ceruledge\n|-boost|p2a: Ceruledge|atk|2\n|\n|-weather|Snow|[upkeep]\n|upkeep\n|turn|35\n|\n|t:|1699079806\n|move|p1a: Dab Torch|Dragon Pulse|p2a: Ceruledge\n|-crit|p2a: Ceruledge\n|-damage|p2a: Ceruledge|0 fnt\n|faint|p2a: Ceruledge\n|\n|-weather|none\n|upkeep\n|c|\u2606aurontato|Lucky\n|\n|t:|1699079819\n|switch|p2a: Kingambit|Kingambit, M|100\/100\n|-activate|p2a: Kingambit|ability: Supreme Overlord\n|-start|p2a: Kingambit|fallen5|[silent]\n|turn|36\n|\n|t:|1699079826\n|move|p1a: Dab Torch|Flamethrower|p2a: Kingambit\n|-supereffective|p2a: Kingambit\n|-damage|p2a: Kingambit|0 fnt\n|faint|p2a: Kingambit\n|-end|p2a: Kingambit|fallen5|[silent]\n|\n|win|Citrusfunk\n|raw|Citrusfunk's rating: 1097 &rarr; <strong>1120<\/strong><br \/>(+23 for winning)\n|raw|aurontato's rating: 1069 &rarr; <strong>1050<\/strong><br \/>(-19 for losing)\n|c|\u2606Citrusfunk|Gg\n|l|\u2606aurontato\n","uploadtime":1699079851,"views":7,"p1id":"citrusfunk","p2id":"aurontato","formatid":"gen9ubers","rating":1050,"private":0,"password":""}