{"id":"gen9ubers-1979091330","p1":"uubers account","p2":"yomaalt","format":"[Gen 9] Ubers","log":"|j|\u2606uubers account\n|j|\u2606yomaalt\n|t:|1698631029\n|gametype|singles\n|player|p1|uubers account|266|\n|player|p2|yomaalt|1|\n|teamsize|p1|6\n|teamsize|p2|6\n|gen|9\n|tier|[Gen 9] Ubers\n|rule|Sleep Clause Mod: Limit one foe put to sleep\n|rule|Species Clause: Limit one of each Pok\u00e9mon\n|rule|OHKO Clause: OHKO moves are banned\n|rule|Evasion Items Clause: Evasion items are banned\n|rule|Evasion Moves Clause: Evasion moves are banned\n|rule|Endless Battle Clause: Forcing endless battles is banned\n|rule|HP Percentage Mod: HP is shown in percentages\n|clearpoke\n|poke|p1|Arceus-Dark|\n|poke|p1|Magearna|\n|poke|p1|Palafin, M|\n|poke|p1|Gliscor, F|\n|poke|p1|Chi-Yu|\n|poke|p1|Giratina|\n|poke|p2|Palkia-Origin|\n|poke|p2|Urshifu-*, M|\n|poke|p2|Shaymin-Sky|\n|poke|p2|Chi-Yu|\n|poke|p2|Ogerpon-Wellspring, F|\n|poke|p2|Zacian-*|\n|teampreview\n|j| leonissenbaum\n|j| fwuffypetsowo\n|c|\u2606uubers account|glhf\n|j| Kabunger\n|\n|t:|1698631050\n|start\n|switch|p1a: Magearna|Magearna|100\/100\n|switch|p2a: Chi-Yu|Chi-Yu|100\/100\n|-ability|p2a: Chi-Yu|Beads of Ruin\n|turn|1\n|\n|t:|1698631074\n|switch|p1a: Giratina|Giratina|100\/100\n|-ability|p1a: Giratina|Pressure\n|move|p2a: Chi-Yu|Dark Pulse|p1a: Giratina\n|-supereffective|p1a: Giratina\n|-damage|p1a: Giratina|24\/100\n|\n|-heal|p1a: Giratina|30\/100|[from] item: Leftovers\n|upkeep\n|turn|2\n|j| FrostyRandom02\n|j| nimjaishot\n|c|\u2606uubers account|I just got read twice in 1 turn\n|\n|t:|1698631089\n|move|p2a: Chi-Yu|Dark Pulse|p1a: Giratina\n|-supereffective|p1a: Giratina\n|-damage|p1a: Giratina|0 fnt\n|faint|p1a: Giratina\n|\n|upkeep\n|\n|t:|1698631092\n|switch|p1a: Palafin|Palafin, M|100\/100\n|turn|3\n|\n|t:|1698631096\n|move|p1a: Palafin|Jet Punch|p2a: Chi-Yu\n|-supereffective|p2a: Chi-Yu\n|-damage|p2a: Chi-Yu|0 fnt\n|faint|p2a: Chi-Yu\n|\n|upkeep\n|\n|t:|1698631099\n|switch|p2a: Shaymin|Shaymin-Sky|100\/100\n|turn|4\n|\n|t:|1698631106\n|detailschange|p1a: Palafin|Palafin-Hero, M\n|switch|p1a: Chi-Yu|Chi-Yu|100\/100\n|-ability|p1a: Chi-Yu|Beads of Ruin\n|move|p2a: Shaymin|Earth Power|p1a: Chi-Yu\n|-supereffective|p1a: Chi-Yu\n|-damage|p1a: Chi-Yu|11\/100\n|-unboost|p1a: Chi-Yu|spd|1\n|-damage|p2a: Shaymin|91\/100|[from] item: Life Orb\n|\n|upkeep\n|turn|5\n|\n|t:|1698631112\n|switch|p2a: Palkia|Palkia-Origin|100\/100\n|-ability|p2a: Palkia|Pressure\n|move|p1a: Chi-Yu|Flamethrower|p2a: Palkia\n|-resisted|p2a: Palkia\n|-damage|p2a: Palkia|85\/100\n|\n|upkeep\n|turn|6\n|\n|t:|1698631118\n|switch|p1a: Arceus|Arceus-Dark|100\/100\n|move|p2a: Palkia|Hydro Pump|p1a: Arceus\n|-crit|p1a: Arceus\n|-damage|p1a: Arceus|21\/100\n|\n|upkeep\n|turn|7\n|c| leonissenbaum|life orb shaymin?\n|c|\u2606uubers account|crit\n|\n|t:|1698631123\n|move|p2a: Palkia|Spacial Rend|p1a: Arceus\n|-crit|p1a: Arceus\n|-damage|p1a: Arceus|0 fnt\n|faint|p1a: Arceus\n|\n|upkeep\n|c| leonissenbaum|how are you supposed to win with 50 flinches that way\n|j| CrackLordGBLN\n|\n|t:|1698631137\n|switch|p1a: Chi-Yu|Chi-Yu|11\/100\n|-ability|p1a: Chi-Yu|Beads of Ruin\n|turn|8\n|c|\u2606yomaalt|i threw this team together so long ago i forgot\n|\n|t:|1698631143\n|-terastallize|p1a: Chi-Yu|Fairy\n|move|p1a: Chi-Yu|Tera Blast|p2a: Palkia|[anim] Tera Blast Fairy\n|-supereffective|p2a: Palkia\n|-damage|p2a: Palkia|0 fnt\n|faint|p2a: Palkia\n|\n|upkeep\n|\n|t:|1698631147\n|switch|p2a: Urshifu|Urshifu-Rapid-Strike, M|100\/100\n|turn|9\n|\n|t:|1698631153\n|switch|p1a: Magearna|Magearna|100\/100\n|move|p2a: Urshifu|Aqua Jet|p1a: Magearna\n|-damage|p1a: Magearna|87\/100\n|\n|-heal|p1a: Magearna|93\/100|[from] item: Leftovers\n|upkeep\n|turn|10\n|\n|t:|1698631160\n|switch|p2a: Shaymin|Shaymin-Sky|91\/100\n|move|p1a: Magearna|Thunder Wave|p2a: Shaymin\n|-status|p2a: Shaymin|par\n|\n|-heal|p1a: Magearna|99\/100|[from] item: Leftovers\n|upkeep\n|turn|11\n|\n|t:|1698631165\n|move|p2a: Shaymin|Air Slash|p1a: Magearna\n|-resisted|p1a: Magearna\n|-damage|p1a: Magearna|78\/100\n|-damage|p2a: Shaymin|81\/100 par|[from] item: Life Orb\n|move|p1a: Magearna|Spikes|p2a: Shaymin\n|-sidestart|p2: yomaalt|Spikes\n|\n|-heal|p1a: Magearna|84\/100|[from] item: Leftovers\n|upkeep\n|turn|12\n|c|\u2606yomaalt|aw :(\n|j| Kinesquared\n|\n|t:|1698631175\n|move|p2a: Shaymin|Earth Power|p1a: Magearna\n|-supereffective|p1a: Magearna\n|-damage|p1a: Magearna|18\/100\n|-damage|p2a: Shaymin|71\/100 par|[from] item: Life Orb\n|move|p1a: Magearna|Spikes|p2a: Shaymin\n|-sidestart|p2: yomaalt|Spikes\n|\n|-heal|p1a: Magearna|24\/100|[from] item: Leftovers\n|upkeep\n|turn|13\n|j| Vazquez 2.0\n|\n|t:|1698631186\n|move|p2a: Shaymin|Earth Power|p1a: Magearna\n|-supereffective|p1a: Magearna\n|-damage|p1a: Magearna|0 fnt\n|faint|p1a: Magearna\n|-damage|p2a: Shaymin|61\/100 par|[from] item: Life Orb\n|\n|upkeep\n|c| Vazquez 2.0|GAMING\n|c|\u2606uubers account|can i get 1 para please\n|c|\u2606yomaalt|truw shaymin gameplay!!\n|c|\u2606yomaalt|nuh u\n|c| Vazquez 2.0|you get ZERO PARAS\n|\n|t:|1698631206\n|switch|p1a: Chi-Yu|Chi-Yu, tera:Fairy|11\/100\n|-ability|p1a: Chi-Yu|Beads of Ruin\n|turn|14\n|c|\u2606yomaalt|ok so now we use the power of HOPES AND PRAYERS!!\n|\n|t:|1698631212\n|move|p1a: Chi-Yu|Tera Blast|p2a: Shaymin|[anim] Tera Blast Fairy\n|-damage|p2a: Shaymin|0 fnt\n|faint|p2a: Shaymin\n|\n|upkeep\n|\n|t:|1698631217\n|switch|p2a: Zacian|Zacian|100\/100\n|-damage|p2a: Zacian|84\/100|[from] Spikes\n|-ability|p2a: Zacian|Intrepid Sword|boost\n|-boost|p2a: Zacian|atk|1\n|turn|15\n|c|\u2606uubers account|lol\n|c| CrackLordGBLN|Shaymin more like shaymid\n|\n|t:|1698631230\n|switch|p1a: Gliscor|Gliscor, F|100\/100\n|move|p2a: Zacian|Iron Head|p1a: Gliscor\n|-crit|p1a: Gliscor\n|-damage|p1a: Gliscor|54\/100\n|\n|-heal|p2a: Zacian|90\/100|[from] item: Leftovers\n|-status|p1a: Gliscor|tox|[from] item: Toxic Orb\n|upkeep\n|turn|16\n|c|\u2606yomaalt|pray to GOD that zacian lives this zacian lives\n|c|\u2606yomaalt|GLISCOR\n|c|\u2606uubers account|how many crits can 1 person get\n|\n|t:|1698631245\n|move|p2a: Zacian|Play Rough|p1a: Gliscor\n|-damage|p1a: Gliscor|0 fnt\n|faint|p1a: Gliscor\n|\n|-heal|p2a: Zacian|96\/100|[from] item: Leftovers\n|upkeep\n|c|\u2606yomaalt|RUN EM 1S\n|c| Vazquez 2.0|crit mattered i think\n|c|\u2606uubers account|that crit mattered too\n|c|\u2606yomaalt|i thin\n|c|\u2606yomaalt|crit maybe mattered\n|c| leonissenbaum|look qbking\n|c|\u2606yomaalt|i'm not sure\n|c| leonissenbaum|when you have shaymin on your side\n|\n|t:|1698631273\n|switch|p1a: Chi-Yu|Chi-Yu, tera:Fairy|11\/100\n|-ability|p1a: Chi-Yu|Beads of Ruin\n|turn|17\n|c| leonissenbaum|you get blessed by the god of luck\n|\n|t:|1698631277\n|move|p1a: Chi-Yu|Overheat|p2a: Zacian\n|-damage|p2a: Zacian|9\/100\n|-unboost|p1a: Chi-Yu|spa|2\n|move|p2a: Zacian|Iron Head|p1a: Chi-Yu\n|-supereffective|p1a: Chi-Yu\n|-damage|p1a: Chi-Yu|0 fnt\n|faint|p1a: Chi-Yu\n|\n|-heal|p2a: Zacian|15\/100|[from] item: Leftovers\n|upkeep\n|\n|t:|1698631283\n|switch|p1a: Palafin|Palafin-Hero, M|100\/100\n|-activate|p1a: Palafin|ability: Zero to Hero\n|turn|18\n|c|\u2606yomaalt|ZACIAN LIVES????????????????????????\n|c|\u2606uubers account|yes\n|c| Vazquez 2.0|ggs\n|\n|t:|1698631290\n|move|p2a: Zacian|Close Combat|p1a: Palafin\n|-damage|p1a: Palafin|52\/100\n|-unboost|p2a: Zacian|def|1\n|-unboost|p2a: Zacian|spd|1\n|move|p1a: Palafin|Close Combat|p2a: Zacian\n|-resisted|p2a: Zacian\n|-damage|p2a: Zacian|0 fnt\n|-unboost|p1a: Palafin|def|1\n|-unboost|p1a: Palafin|spd|1\n|faint|p2a: Zacian\n|\n|upkeep\n|c|\u2606uubers account|that fucking crit\n|\n|t:|1698631292\n|switch|p2a: Ogerpon|Ogerpon-Wellspring, F|100\/100\n|-damage|p2a: Ogerpon|84\/100|[from] Spikes\n|turn|19\n|\n|t:|1698631295\n|move|p2a: Ogerpon|Horn Leech|p1a: Palafin\n|-supereffective|p1a: Palafin\n|-damage|p1a: Palafin|0 fnt\n|-heal|p2a: Ogerpon|100\/100|[from] drain|[of] p1a: Palafin\n|faint|p1a: Palafin\n|\n|win|yomaalt\n|c|\u2606yomaalt|sorry\n|l| Kabunger\n|l| Kinesquared\n|c| Vazquez 2.0|game 3 baby\n|l| FrostyRandom02\n|l| nimjaishot\n|l| Vazquez 2.0\n|l| CrackLordGBLN\n|l|\u2606yomaalt\n|j|\u2606yomaalt\n|player|p2|yomaalt|1\n|l| fwuffypetsowo\n","uploadtime":1698631985,"views":29,"p1id":"uubersaccount","p2id":"yomaalt","formatid":"gen9ubers","rating":0,"private":0,"password":""}