{"id":"gen9ubers-1999780013","p1":"Dragon Master Rosa","p2":"Blitz2656","format":"[Gen 9] Ubers","log":"|j|\u2606Dragon Master Rosa\n|j|\u2606Blitz2656\n|t:|1701115995\n|gametype|singles\n|player|p1|Dragon Master Rosa|dragontamer-gen9|\n|player|p2|Blitz2656|mustard-master|\n|teamsize|p1|6\n|teamsize|p2|6\n|gen|9\n|tier|[Gen 9] Ubers\n|rule|Sleep Clause Mod: Limit one foe put to sleep\n|rule|Species Clause: Limit one of each Pok\u00e9mon\n|rule|OHKO Clause: OHKO moves are banned\n|rule|Evasion Items Clause: Evasion items are banned\n|rule|Evasion Moves Clause: Evasion moves are banned\n|rule|Endless Battle Clause: Forcing endless battles is banned\n|rule|HP Percentage Mod: HP is shown in percentages\n|clearpoke\n|poke|p1|Iron Hands|\n|poke|p1|Slowking-Galar, M|\n|poke|p1|Zoroark-Hisui, M|\n|poke|p1|Palafin, M|\n|poke|p1|Greninja-*, M|\n|poke|p1|Weezing-Galar, F|\n|poke|p2|Palafin, F|\n|poke|p2|Medicham, M|\n|poke|p2|Tornadus-Therian, M|\n|poke|p2|Yanma, M|\n|poke|p2|Thundurus, M|\n|poke|p2|Ursaluna-Bloodmoon, M|\n|teampreview\n|inactive|Battle timer is ON: inactive players will automatically lose when time's up. (requested by Blitz2656)\n|inactive|Dragon Master Rosa has 270 seconds left.\n|inactive|Blitz2656 has 270 seconds left.\n|j| Rei_darkness\n|c|\u2606Blitz2656|gl\n|inactive|Dragon Master Rosa has 240 seconds left.\n|inactive|Dragon Master Rosa has 210 seconds left.\n|inactiveoff|Battle timer is now OFF.\n|\n|t:|1701116102\n|start\n|switch|p1a: Black Pete|Palafin, M|100\/100\n|switch|p2a: Tornadus|Tornadus-Therian, M|100\/100\n|turn|1\n|\n|t:|1701116113\n|switch|p1a: Mary Bonnet|Weezing-Galar, F|100\/100\n|move|p2a: Tornadus|Knock Off|p1a: Mary Bonnet\n|-resisted|p1a: Mary Bonnet\n|-damage|p1a: Mary Bonnet|93\/100\n|-enditem|p1a: Mary Bonnet|Leftovers|[from] move: Knock Off|[of] p2a: Tornadus\n|\n|upkeep\n|turn|2\n|\n|t:|1701116124\n|move|p2a: Tornadus|U-turn|p1a: Mary Bonnet\n|-resisted|p1a: Mary Bonnet\n|-damage|p1a: Mary Bonnet|90\/100\n|\n|t:|1701116126\n|switch|p2a: Freddy Fastbear|Ursaluna-Bloodmoon, M|100\/100|[from] U-turn\n|move|p1a: Mary Bonnet|Will-O-Wisp|p2a: Freddy Fastbear|[miss]\n|-miss|p1a: Mary Bonnet|p2a: Freddy Fastbear\n|\n|upkeep\n|turn|3\n|c|\u2606Blitz2656|pleasd dont\n|\n|t:|1701116144\n|switch|p2a: Palafin|Palafin, F|100\/100\n|move|p1a: Mary Bonnet|Will-O-Wisp|p2a: Palafin\n|-status|p2a: Palafin|brn\n|\n|-damage|p2a: Palafin|94\/100 brn|[from] brn\n|upkeep\n|turn|4\n|\n|t:|1701116153\n|switch|p1a: Izzy Hands|Iron Hands|100\/100\n|move|p2a: Palafin|Surf|p1a: Izzy Hands\n|-damage|p1a: Izzy Hands|70\/100\n|\n|-damage|p2a: Palafin|88\/100 brn|[from] brn\n|upkeep\n|turn|5\n|\n|t:|1701116162\n|detailschange|p2a: Palafin|Palafin-Hero, F\n|switch|p2a: Freddy Fastbear|Ursaluna-Bloodmoon, M|100\/100\n|move|p1a: Izzy Hands|Volt Switch|p2a: Freddy Fastbear\n|-immune|p2a: Freddy Fastbear\n|\n|upkeep\n|turn|6\n|\n|t:|1701116169\n|-end|p1a: Izzy Hands|Quark Drive|[silent]\n|switch|p1a: Mary Bonnet|Weezing-Galar, F|90\/100\n|move|p2a: Freddy Fastbear|Body Slam|p1a: Mary Bonnet\n|-damage|p1a: Mary Bonnet|69\/100\n|\n|upkeep\n|turn|7\n|\n|t:|1701116182\n|switch|p1a: Black Pete|Palafin, M|100\/100\n|move|p2a: Freddy Fastbear|Body Slam|p1a: Black Pete\n|-damage|p1a: Black Pete|32\/100\n|replace|p1a: Blackbeard|Zoroark-Hisui, M\n|-end|p1a: Blackbeard|Illusion\n|\n|upkeep\n|turn|8\n|\n|t:|1701116193\n|move|p1a: Blackbeard|Crunch|p2a: Freddy Fastbear\n|-damage|p2a: Freddy Fastbear|84\/100\n|move|p2a: Freddy Fastbear|Body Slam|p1a: Blackbeard\n|-damage|p1a: Blackbeard|0 fnt\n|faint|p1a: Blackbeard\n|\n|-heal|p2a: Freddy Fastbear|90\/100|[from] item: Leftovers\n|upkeep\n|\n|t:|1701116197\n|switch|p1a: Black Pete|Palafin, M|100\/100\n|turn|9\n|\n|t:|1701116208\n|switch|p2a: Yanma|Yanma, M|100\/100\n|move|p1a: Black Pete|Surf|p2a: Yanma\n|-damage|p2a: Yanma|57\/100\n|\n|upkeep\n|turn|10\n|\n|t:|1701116214\n|detailschange|p1a: Black Pete|Palafin-Hero, M\n|switch|p1a: Izzy Hands|Iron Hands|70\/100\n|move|p2a: Yanma|Hypnosis|p1a: Izzy Hands\n|-status|p1a: Izzy Hands|slp|[from] move: Hypnosis\n|\n|-ability|p2a: Yanma|Speed Boost|boost\n|-boost|p2a: Yanma|spe|1\n|upkeep\n|turn|11\n|\n|t:|1701116218\n|-end|p1a: Izzy Hands|Quark Drive|[silent]\n|switch|p1a: Black Pete|Palafin-Hero, M|100\/100\n|-activate|p1a: Black Pete|ability: Zero to Hero\n|move|p2a: Yanma|Swords Dance|p2a: Yanma\n|-boost|p2a: Yanma|atk|2\n|\n|-ability|p2a: Yanma|Speed Boost|boost\n|-boost|p2a: Yanma|spe|1\n|upkeep\n|turn|12\n|\n|t:|1701116229\n|move|p2a: Yanma|Leech Life|p1a: Black Pete\n|-damage|p1a: Black Pete|60\/100\n|-heal|p2a: Yanma|78\/100|[from] drain|[of] p1a: Black Pete\n|move|p1a: Black Pete|Boomburst|p2a: Yanma\n|-damage|p2a: Yanma|5\/100\n|\n|-ability|p2a: Yanma|Speed Boost|boost\n|-boost|p2a: Yanma|spe|1\n|upkeep\n|turn|13\n|\n|t:|1701116233\n|switch|p1a: Stede Bonnet|Slowking-Galar, M|100\/100\n|move|p2a: Yanma|Leech Life|p1a: Stede Bonnet\n|-damage|p1a: Stede Bonnet|59\/100\n|-heal|p2a: Yanma|30\/100|[from] drain|[of] p1a: Stede Bonnet\n|\n|-heal|p1a: Stede Bonnet|65\/100|[from] item: Leftovers\n|-ability|p2a: Yanma|Speed Boost|boost\n|-boost|p2a: Yanma|spe|1\n|upkeep\n|turn|14\n|\n|t:|1701116238\n|move|p2a: Yanma|Leech Life|p1a: Stede Bonnet\n|-damage|p1a: Stede Bonnet|23\/100\n|-heal|p2a: Yanma|55\/100|[from] drain|[of] p1a: Stede Bonnet\n|move|p1a: Stede Bonnet|Foul Play|p2a: Yanma\n|-damage|p2a: Yanma|26\/100\n|\n|-heal|p1a: Stede Bonnet|29\/100|[from] item: Leftovers\n|-ability|p2a: Yanma|Speed Boost|boost\n|-boost|p2a: Yanma|spe|1\n|upkeep\n|turn|15\n|\n|t:|1701116242\n|switch|p1a: Mary Bonnet|Weezing-Galar, F|69\/100\n|move|p2a: Yanma|Leech Life|p1a: Mary Bonnet\n|-resisted|p1a: Mary Bonnet\n|-damage|p1a: Mary Bonnet|63\/100\n|-heal|p2a: Yanma|30\/100|[from] drain|[of] p1a: Mary Bonnet\n|\n|-ability|p2a: Yanma|Speed Boost|boost\n|-boost|p2a: Yanma|spe|1\n|upkeep\n|turn|16\n|\n|t:|1701116248\n|move|p2a: Yanma|Aerial Ace|p1a: Mary Bonnet\n|-damage|p1a: Mary Bonnet|43\/100\n|move|p1a: Mary Bonnet|Clear Smog|p2a: Yanma\n|-damage|p2a: Yanma|12\/100\n|-clearboost|p2a: Yanma\n|\n|-ability|p2a: Yanma|Speed Boost|boost\n|-boost|p2a: Yanma|spe|1\n|upkeep\n|turn|17\n|\n|t:|1701116255\n|move|p2a: Yanma|Swords Dance|p2a: Yanma\n|-boost|p2a: Yanma|atk|2\n|move|p1a: Mary Bonnet|Clear Smog|p2a: Yanma\n|-damage|p2a: Yanma|0 fnt\n|-clearboost|p2a: Yanma\n|faint|p2a: Yanma\n|\n|upkeep\n|\n|t:|1701116265\n|switch|p2a: Palafin|Palafin-Hero, F|88\/100 brn\n|-activate|p2a: Palafin|ability: Zero to Hero\n|turn|18\n|\n|t:|1701116268\n|-terastallize|p2a: Palafin|Normal\n|move|p2a: Palafin|Boomburst|p1a: Mary Bonnet\n|-damage|p1a: Mary Bonnet|0 fnt\n|faint|p1a: Mary Bonnet\n|\n|-damage|p2a: Palafin|82\/100 brn|[from] brn\n|upkeep\n|\n|t:|1701116274\n|switch|p1a: Jim|Greninja, M|100\/100\n|turn|19\n|\n|t:|1701116289\n|move|p1a: Jim|Liquidation|p2a: Palafin\n|-start|p1a: Jim|typechange|Water|[from] ability: Protean\n|-damage|p2a: Palafin|32\/100 brn\n|-unboost|p2a: Palafin|def|1\n|move|p2a: Palafin|Boomburst|p1a: Jim\n|-damage|p1a: Jim|0 fnt\n|faint|p1a: Jim\n|\n|-damage|p2a: Palafin|25\/100 brn|[from] brn\n|upkeep\n|\n|t:|1701116295\n|switch|p1a: Black Pete|Palafin-Hero, M|60\/100\n|turn|20\n|\n|t:|1701116297\n|move|p1a: Black Pete|Boomburst|p2a: Palafin\n|-damage|p2a: Palafin|0 fnt\n|faint|p2a: Palafin\n|\n|upkeep\n|\n|t:|1701116313\n|switch|p2a: Thundurus|Thundurus, M|100\/100\n|turn|21\n|\n|t:|1701116317\n|-terastallize|p1a: Black Pete|Normal\n|move|p2a: Thundurus|Thunder Wave|p1a: Black Pete\n|-status|p1a: Black Pete|par\n|move|p1a: Black Pete|Boomburst|p2a: Thundurus\n|-crit|p2a: Thundurus\n|-damage|p2a: Thundurus|0 fnt\n|faint|p2a: Thundurus\n|\n|upkeep\n|\n|t:|1701116327\n|switch|p2a: Medicham|Medicham, M|100\/100\n|turn|22\n|\n|t:|1701116331\n|switch|p1a: Izzy Hands|Iron Hands|70\/100 slp\n|move|p2a: Medicham|Psycho Cut|p1a: Izzy Hands\n|-supereffective|p1a: Izzy Hands\n|-damage|p1a: Izzy Hands|1\/100 slp\n|\n|upkeep\n|turn|23\n|\n|t:|1701116335\n|move|p2a: Medicham|Psycho Cut|p1a: Izzy Hands\n|-supereffective|p1a: Izzy Hands\n|-damage|p1a: Izzy Hands|0 fnt\n|faint|p1a: Izzy Hands\n|-end|p1a: Izzy Hands|Quark Drive|[silent]\n|\n|upkeep\n|\n|t:|1701116337\n|switch|p1a: Stede Bonnet|Slowking-Galar, M|62\/100\n|turn|24\n|\n|t:|1701116339\n|move|p2a: Medicham|Psycho Cut|p1a: Stede Bonnet\n|-damage|p1a: Stede Bonnet|11\/100\n|move|p1a: Stede Bonnet|Slack Off|p1a: Stede Bonnet\n|-heal|p1a: Stede Bonnet|61\/100\n|\n|-heal|p1a: Stede Bonnet|67\/100|[from] item: Leftovers\n|upkeep\n|turn|25\n|\n|t:|1701116345\n|move|p2a: Medicham|Psycho Cut|p1a: Stede Bonnet\n|-damage|p1a: Stede Bonnet|19\/100\n|move|p1a: Stede Bonnet|Slack Off|p1a: Stede Bonnet\n|-heal|p1a: Stede Bonnet|69\/100\n|\n|-heal|p1a: Stede Bonnet|75\/100|[from] item: Leftovers\n|upkeep\n|turn|26\n|\n|t:|1701116356\n|switch|p2a: Freddy Fastbear|Ursaluna-Bloodmoon, M|90\/100\n|move|p1a: Stede Bonnet|Chilly Reception|p1a: Stede Bonnet\n|-weather|Snow\n|\n|t:|1701116357\n|switch|p1a: Black Pete|Palafin-Hero, M, tera:Normal|60\/100 par|[from] Chilly Reception\n|\n|-weather|Snow|[upkeep]\n|-heal|p2a: Freddy Fastbear|97\/100|[from] item: Leftovers\n|upkeep\n|turn|27\n|\n|t:|1701116362\n|move|p1a: Black Pete|Surf|p2a: Freddy Fastbear\n|-supereffective|p2a: Freddy Fastbear\n|-damage|p2a: Freddy Fastbear|0 fnt\n|faint|p2a: Freddy Fastbear\n|\n|-weather|Snow|[upkeep]\n|upkeep\n|\n|t:|1701116373\n|switch|p2a: Tornadus|Tornadus-Therian, M|100\/100\n|turn|28\n|\n|t:|1701116377\n|move|p2a: Tornadus|Knock Off|p1a: Black Pete\n|-damage|p1a: Black Pete|31\/100 par\n|-enditem|p1a: Black Pete|Choice Specs|[from] move: Knock Off|[of] p2a: Tornadus\n|cant|p1a: Black Pete|par\n|\n|-weather|Snow|[upkeep]\n|upkeep\n|turn|29\n|\n|t:|1701116382\n|move|p2a: Tornadus|Bulk Up|p2a: Tornadus\n|-boost|p2a: Tornadus|atk|1\n|-boost|p2a: Tornadus|def|1\n|move|p1a: Black Pete|Boomburst|p2a: Tornadus\n|-damage|p2a: Tornadus|24\/100\n|-enditem|p2a: Tornadus|Red Card|[of] p1a: Black Pete\n|drag|p1a: Stede Bonnet|Slowking-Galar, M|100\/100\n|\n|-weather|Snow|[upkeep]\n|upkeep\n|turn|30\n|\n|t:|1701116387\n|move|p2a: Tornadus|Knock Off|p1a: Stede Bonnet\n|-supereffective|p1a: Stede Bonnet\n|-damage|p1a: Stede Bonnet|25\/100\n|-enditem|p1a: Stede Bonnet|Leftovers|[from] move: Knock Off|[of] p2a: Tornadus\n|move|p1a: Stede Bonnet|Foul Play|p2a: Tornadus\n|-damage|p2a: Tornadus|0 fnt\n|faint|p2a: Tornadus\n|\n|-weather|none\n|upkeep\n|\n|t:|1701116393\n|switch|p2a: Medicham|Medicham, M|100\/100\n|turn|31\n|\n|t:|1701116396\n|switch|p1a: Black Pete|Palafin-Hero, M, tera:Normal|31\/100 par\n|move|p2a: Medicham|Psycho Cut|p1a: Black Pete\n|-crit|p1a: Black Pete\n|-damage|p1a: Black Pete|0 fnt\n|faint|p1a: Black Pete\n|\n|upkeep\n|\n|t:|1701116398\n|switch|p1a: Stede Bonnet|Slowking-Galar, M|59\/100\n|turn|32\n|\n|t:|1701116399\n|move|p2a: Medicham|Psycho Cut|p1a: Stede Bonnet\n|-damage|p1a: Stede Bonnet|9\/100\n|move|p1a: Stede Bonnet|Slack Off|p1a: Stede Bonnet\n|-heal|p1a: Stede Bonnet|59\/100\n|\n|upkeep\n|turn|33\n|\n|t:|1701116404\n|move|p2a: Medicham|Psycho Cut|p1a: Stede Bonnet\n|-damage|p1a: Stede Bonnet|12\/100\n|move|p1a: Stede Bonnet|Slack Off|p1a: Stede Bonnet\n|-heal|p1a: Stede Bonnet|62\/100\n|\n|upkeep\n|turn|34\n|\n|t:|1701116407\n|move|p2a: Medicham|Psycho Cut|p1a: Stede Bonnet\n|-damage|p1a: Stede Bonnet|14\/100\n|move|p1a: Stede Bonnet|Slack Off|p1a: Stede Bonnet\n|-heal|p1a: Stede Bonnet|64\/100\n|\n|upkeep\n|turn|35\n|\n|t:|1701116409\n|move|p2a: Medicham|Psycho Cut|p1a: Stede Bonnet\n|-damage|p1a: Stede Bonnet|17\/100\n|move|p1a: Stede Bonnet|Foul Play|p2a: Medicham\n|-damage|p2a: Medicham|63\/100\n|\n|upkeep\n|turn|36\n|\n|t:|1701116410\n|move|p2a: Medicham|Psycho Cut|p1a: Stede Bonnet\n|-crit|p1a: Stede Bonnet\n|-damage|p1a: Stede Bonnet|0 fnt\n|faint|p1a: Stede Bonnet\n|\n|win|Blitz2656\n|c|\u2606Dragon Master Rosa|ggwp\n","uploadtime":1701116415,"views":9,"p1id":"dragonmasterrosa","p2id":"blitz2656","formatid":"gen9ubers","rating":0,"private":0,"password":""}