{"id":"gen9ubers-1994540545","p1":"Scottowo","p2":"Aaron_Naps","format":"[Gen 9] Ubers","log":"|j|\u2606Scottowo\n|j|\u2606Aaron_Naps\n|t:|1700456762\n|gametype|singles\n|player|p1|Scottowo|elesa-gen5bw2|\n|player|p2|Aaron_Naps|dawn|\n|teamsize|p1|6\n|teamsize|p2|6\n|gen|9\n|tier|[Gen 9] Ubers\n|rule|Sleep Clause Mod: Limit one foe put to sleep\n|rule|Species Clause: Limit one of each Pok\u00e9mon\n|rule|OHKO Clause: OHKO moves are banned\n|rule|Evasion Items Clause: Evasion items are banned\n|rule|Evasion Moves Clause: Evasion moves are banned\n|rule|Endless Battle Clause: Forcing endless battles is banned\n|rule|HP Percentage Mod: HP is shown in percentages\n|clearpoke\n|poke|p1|Kingambit, F|\n|poke|p1|Slowbro, F|\n|poke|p1|Vikavolt, M|\n|poke|p1|Weezing-Galar, M|\n|poke|p1|Ogerpon-Cornerstone, F|\n|poke|p1|Garchomp, F|\n|poke|p2|Iron Valiant|\n|poke|p2|Heatran, M|\n|poke|p2|Mew|\n|poke|p2|Cryogonal|\n|poke|p2|Slowking-Galar, M|\n|poke|p2|Zapdos|\n|teampreview\n|c|\u2606Aaron_Naps|gl bud bud\n|c|\u2606Scottowo|u2\n|\n|t:|1700456859\n|start\n|switch|p1a: Doc Ock|Ogerpon-Cornerstone, F|100\/100\n|switch|p2a: Slowking|Slowking-Galar, M|100\/100\n|turn|1\n|\n|t:|1700456896\n|move|p1a: Doc Ock|Knock Off|p2a: Slowking\n|-supereffective|p2a: Slowking\n|-damage|p2a: Slowking|38\/100\n|-enditem|p2a: Slowking|Assault Vest|[from] move: Knock Off|[of] p1a: Doc Ock\n|move|p2a: Slowking|Ice Beam|p1a: Doc Ock\n|-supereffective|p1a: Doc Ock\n|-damage|p1a: Doc Ock|46\/100\n|\n|upkeep\n|turn|2\n|\n|t:|1700456944\n|switch|p2a: Iron Valiant|Iron Valiant|100\/100\n|-enditem|p2a: Iron Valiant|Booster Energy\n|-activate|p2a: Iron Valiant|ability: Quark Drive|[fromitem]\n|-start|p2a: Iron Valiant|quarkdrivespe\n|move|p1a: Doc Ock|Ivy Cudgel|p2a: Iron Valiant|[anim] Ivy Cudgel Rock\n|-resisted|p2a: Iron Valiant\n|-crit|p2a: Iron Valiant\n|-damage|p2a: Iron Valiant|39\/100\n|\n|upkeep\n|turn|3\n|\n|t:|1700456979\n|switch|p1a: Mysterio|Weezing-Galar, M|100\/100\n|move|p2a: Iron Valiant|Moonblast|p1a: Mysterio\n|-resisted|p1a: Mysterio\n|-damage|p1a: Mysterio|65\/100\n|-unboost|p1a: Mysterio|spa|1\n|\n|-heal|p1a: Mysterio|71\/100|[from] item: Black Sludge\n|upkeep\n|turn|4\n|\n|t:|1700457041\n|-end|p2a: Iron Valiant|Quark Drive|[silent]\n|switch|p2a: Slowking|Slowking-Galar, M|71\/100\n|move|p1a: Mysterio|Strange Steam|p2a: Slowking\n|-resisted|p2a: Slowking\n|-damage|p2a: Slowking|62\/100\n|-start|p2a: Slowking|confusion\n|\n|-heal|p1a: Mysterio|78\/100|[from] item: Black Sludge\n|upkeep\n|turn|5\n|\n|t:|1700457061\n|switch|p1a: Vulture|Kingambit, F|100\/100\n|-activate|p2a: Slowking|confusion\n|move|p2a: Slowking|Flamethrower|p1a: Vulture\n|-supereffective|p1a: Vulture\n|-damage|p1a: Vulture|73\/100\n|\n|upkeep\n|turn|6\n|c|\u2606Scottowo|27\n|\n|t:|1700457090\n|switch|p2a: Zapdos|Zapdos|100\/100\n|move|p1a: Vulture|Kowtow Cleave|p2a: Zapdos\n|-damage|p2a: Zapdos|65\/100\n|-damage|p1a: Vulture|56\/100|[from] item: Rocky Helmet|[of] p2a: Zapdos\n|\n|upkeep\n|turn|7\n|\n|t:|1700457116\n|-end|p1a: Vulture|fallenundefined|[silent]\n|switch|p1a: Sandman|Garchomp, F|100\/100\n|move|p2a: Zapdos|Roost|p2a: Zapdos\n|-heal|p2a: Zapdos|100\/100\n|-singleturn|p2a: Zapdos|move: Roost\n|\n|upkeep\n|turn|8\n|\n|t:|1700457175\n|switch|p2a: Slowking|Slowking-Galar, M|96\/100\n|move|p1a: Sandman|Stone Edge|p2a: Slowking\n|-damage|p2a: Slowking|69\/100\n|\n|upkeep\n|turn|9\n|\n|t:|1700457200\n|switch|p1a: Kraven the Hunter|Slowbro, F|100\/100\n|switch|p2a: Heatran|Heatran, M|100\/100\n|-item|p2a: Heatran|Air Balloon\n|\n|upkeep\n|turn|10\n|\n|t:|1700457209\n|switch|p2a: Zapdos|Zapdos|100\/100\n|move|p1a: Kraven the Hunter|Yawn|p2a: Zapdos\n|-start|p2a: Zapdos|move: Yawn|[of] p1a: Kraven the Hunter\n|\n|upkeep\n|turn|11\n|\n|t:|1700457257\n|switch|p2a: Mew|Mew|100\/100\n|move|p1a: Kraven the Hunter|Future Sight|p2a: Mew\n|-start|p1a: Kraven the Hunter|move: Future Sight\n|\n|upkeep\n|turn|12\n|\n|t:|1700457267\n|switch|p1a: Vulture|Kingambit, F|56\/100\n|move|p2a: Mew|Swords Dance|p2a: Mew\n|-boost|p2a: Mew|atk|2\n|\n|upkeep\n|turn|13\n|\n|t:|1700457297\n|move|p1a: Vulture|Sucker Punch|p2a: Mew\n|-supereffective|p2a: Mew\n|-damage|p2a: Mew|36\/100\n|move|p2a: Mew|U-turn|p1a: Vulture\n|-damage|p1a: Vulture|20\/100\n|\n|t:|1700457317\n|switch|p2a: Cryogonal|Cryogonal|100\/100|[from] U-turn\n|\n|-end|p2a: Cryogonal|move: Future Sight\n|-crit|p2a: Cryogonal\n|-damage|p2a: Cryogonal|48\/100\n|upkeep\n|turn|14\n|\n|t:|1700457364\n|switch|p2a: Zapdos|Zapdos|100\/100\n|move|p1a: Vulture|Iron Head|p2a: Zapdos\n|-resisted|p2a: Zapdos\n|-damage|p2a: Zapdos|85\/100\n|-damage|p1a: Vulture|3\/100|[from] item: Rocky Helmet|[of] p2a: Zapdos\n|-status|p1a: Vulture|par|[from] ability: Static|[of] p2a: Zapdos\n|\n|upkeep\n|turn|15\n|\n|t:|1700457382\n|move|p1a: Vulture|Sucker Punch|p2a: Zapdos\n|-damage|p2a: Zapdos|55\/100\n|-damage|p1a: Vulture|0 fnt|[from] item: Rocky Helmet|[of] p2a: Zapdos\n|faint|p1a: Vulture\n|-end|p1a: Vulture|fallenundefined|[silent]\n|move|p2a: Zapdos|Volt Switch|p1: Vulture|[notarget]\n|-fail|p2a: Zapdos\n|\n|upkeep\n|\n|t:|1700457482\n|switch|p1a: Doc Ock|Ogerpon-Cornerstone, F|46\/100\n|turn|16\n|\n|t:|1700457514\n|move|p1a: Doc Ock|Ivy Cudgel|p2a: Zapdos|[anim] Ivy Cudgel Rock\n|-supereffective|p2a: Zapdos\n|-damage|p2a: Zapdos|0 fnt\n|faint|p2a: Zapdos\n|\n|upkeep\n|\n|t:|1700457519\n|switch|p2a: Iron Valiant|Iron Valiant|39\/100\n|turn|17\n|\n|t:|1700457559\n|switch|p1a: Mysterio|Weezing-Galar, M|78\/100\n|move|p2a: Iron Valiant|Aura Sphere|p1a: Mysterio\n|-resisted|p1a: Mysterio\n|-damage|p1a: Mysterio|64\/100\n|\n|-heal|p1a: Mysterio|70\/100|[from] item: Black Sludge\n|upkeep\n|turn|18\n|\n|t:|1700457603\n|-end|p2a: Iron Valiant|Quark Drive|[silent]\n|switch|p2a: Slowking|Slowking-Galar, M|100\/100\n|move|p1a: Mysterio|Strange Steam|p2a: Slowking\n|-resisted|p2a: Slowking\n|-damage|p2a: Slowking|89\/100\n|-start|p2a: Slowking|confusion\n|\n|-heal|p1a: Mysterio|77\/100|[from] item: Black Sludge\n|upkeep\n|turn|19\n|\n|t:|1700457614\n|switch|p1a: Kraven the Hunter|Slowbro, F|100\/100\n|-activate|p2a: Slowking|confusion\n|move|p2a: Slowking|Ice Beam|p1a: Kraven the Hunter\n|-resisted|p1a: Kraven the Hunter\n|-damage|p1a: Kraven the Hunter|91\/100\n|\n|upkeep\n|turn|20\n|\n|t:|1700457626\n|move|p1a: Kraven the Hunter|Future Sight|p2a: Slowking\n|-start|p1a: Kraven the Hunter|move: Future Sight\n|-activate|p2a: Slowking|confusion\n|-damage|p2a: Slowking|85\/100|[from] confusion\n|\n|upkeep\n|turn|21\n|\n|t:|1700457639\n|move|p1a: Kraven the Hunter|Yawn|p2a: Slowking\n|-start|p2a: Slowking|move: Yawn|[of] p1a: Kraven the Hunter\n|-end|p2a: Slowking|confusion\n|move|p2a: Slowking|Sludge Bomb|p1a: Kraven the Hunter\n|-damage|p1a: Kraven the Hunter|65\/100\n|-status|p1a: Kraven the Hunter|psn\n|\n|-damage|p1a: Kraven the Hunter|53\/100 psn|[from] psn\n|upkeep\n|turn|22\n|\n|t:|1700457721\n|switch|p1a: Sandman|Garchomp, F|100\/100\n|switch|p2a: Mew|Mew|36\/100\n|\n|-end|p2a: Mew|move: Future Sight\n|-resisted|p2a: Mew\n|-damage|p2a: Mew|18\/100\n|-heal|p2a: Mew|24\/100|[from] item: Leftovers\n|upkeep\n|turn|23\n|\n|t:|1700457784\n|switch|p2a: Heatran|Heatran, M|100\/100\n|-item|p2a: Heatran|Air Balloon\n|move|p1a: Sandman|Liquidation|p2a: Heatran\n|-supereffective|p2a: Heatran\n|-damage|p2a: Heatran|63\/100\n|-enditem|p2a: Heatran|Air Balloon\n|\n|upkeep\n|turn|24\n|\n|t:|1700457851\n|switch|p1a: Electro|Vikavolt, M|100\/100\n|switch|p2a: Cryogonal|Cryogonal|48\/100\n|\n|upkeep\n|turn|25\n|\n|t:|1700457866\n|-terastallize|p1a: Electro|Electric\n|move|p2a: Cryogonal|Ice Beam|p1a: Electro\n|-damage|p1a: Electro|43\/100\n|move|p1a: Electro|Thunderbolt|p2a: Cryogonal\n|-damage|p2a: Cryogonal|0 fnt\n|faint|p2a: Cryogonal\n|\n|upkeep\n|\n|t:|1700457875\n|switch|p2a: Iron Valiant|Iron Valiant|39\/100\n|turn|26\n|\n|t:|1700457894\n|move|p2a: Iron Valiant|Moonblast|p1a: Electro\n|-damage|p1a: Electro|0 fnt\n|faint|p1a: Electro\n|\n|upkeep\n|\n|t:|1700457896\n|switch|p1a: Sandman|Garchomp, F|100\/100\n|turn|27\n|\n|t:|1700457920\n|-end|p2a: Iron Valiant|Quark Drive|[silent]\n|switch|p2a: Mew|Mew|24\/100\n|move|p1a: Sandman|Earthquake|p2a: Mew\n|-damage|p2a: Mew|0 fnt\n|faint|p2a: Mew\n|\n|upkeep\n|\n|t:|1700457926\n|switch|p2a: Slowking|Slowking-Galar, M|100\/100\n|turn|28\n|\n|t:|1700457942\n|switch|p1a: Kraven the Hunter|Slowbro, F|86\/100 psn\n|move|p2a: Slowking|Ice Beam|p1a: Kraven the Hunter\n|-resisted|p1a: Kraven the Hunter\n|-damage|p1a: Kraven the Hunter|78\/100 psn\n|\n|-damage|p1a: Kraven the Hunter|65\/100 psn|[from] psn\n|upkeep\n|turn|29\n|\n|t:|1700457977\n|switch|p2a: Iron Valiant|Iron Valiant|39\/100\n|move|p1a: Kraven the Hunter|Scald|p2a: Iron Valiant\n|-damage|p2a: Iron Valiant|0 fnt\n|faint|p2a: Iron Valiant\n|-end|p2a: Iron Valiant|Quark Drive|[silent]\n|\n|-damage|p1a: Kraven the Hunter|53\/100 psn|[from] psn\n|upkeep\n|\n|t:|1700457983\n|switch|p2a: Slowking|Slowking-Galar, M|100\/100\n|turn|30\n|\n|t:|1700457989\n|move|p2a: Slowking|Sludge Bomb|p1a: Kraven the Hunter\n|-damage|p1a: Kraven the Hunter|26\/100 psn\n|move|p1a: Kraven the Hunter|Slack Off|p1a: Kraven the Hunter\n|-heal|p1a: Kraven the Hunter|76\/100 psn\n|\n|-damage|p1a: Kraven the Hunter|64\/100 psn|[from] psn\n|upkeep\n|turn|31\n|\n|t:|1700458001\n|move|p1a: Kraven the Hunter|Scald|p2a: Slowking\n|-damage|p2a: Slowking|79\/100\n|move|p2a: Slowking|Sludge Bomb|p1a: Kraven the Hunter\n|-damage|p1a: Kraven the Hunter|36\/100 psn\n|\n|-damage|p1a: Kraven the Hunter|23\/100 psn|[from] psn\n|upkeep\n|turn|32\n|\n|t:|1700458015\n|move|p2a: Slowking|Sludge Bomb|p1a: Kraven the Hunter\n|-damage|p1a: Kraven the Hunter|0 fnt\n|faint|p1a: Kraven the Hunter\n|\n|upkeep\n|\n|t:|1700458020\n|switch|p1a: Sandman|Garchomp, F|100\/100\n|turn|33\n|\n|t:|1700458027\n|switch|p2a: Heatran|Heatran, M|63\/100\n|move|p1a: Sandman|Earthquake|p2a: Heatran\n|-supereffective|p2a: Heatran\n|-damage|p2a: Heatran|0 fnt\n|faint|p2a: Heatran\n|\n|upkeep\n|\n|t:|1700458031\n|switch|p2a: Slowking|Slowking-Galar, M|100\/100\n|turn|34\n|\n|t:|1700458043\n|move|p1a: Sandman|Earthquake|p2a: Slowking\n|-supereffective|p2a: Slowking\n|-damage|p2a: Slowking|22\/100\n|move|p2a: Slowking|Ice Beam|p1a: Sandman\n|-supereffective|p1a: Sandman\n|-damage|p1a: Sandman|0 fnt\n|faint|p1a: Sandman\n|\n|upkeep\n|\n|t:|1700458045\n|switch|p1a: Doc Ock|Ogerpon-Cornerstone, F|46\/100\n|turn|35\n|\n|t:|1700458050\n|move|p1a: Doc Ock|Ivy Cudgel|p2a: Slowking|[anim] Ivy Cudgel Rock\n|-damage|p2a: Slowking|0 fnt\n|faint|p2a: Slowking\n|\n|win|Scottowo\n|c|\u2606Aaron_Naps|gg\n|c|\u2606Scottowo|gg\n|l|\u2606Aaron_Naps\n","uploadtime":1700458141,"views":7,"p1id":"scottowo","p2id":"aaronnaps","formatid":"gen9ubers","rating":0,"private":0,"password":""}