{"id":"gen9ubers-1973913350","p1":"Pickedman","p2":"starfire77","format":"[Gen 9] Ubers","log":"|j|\u2606Pickedman\n|j|\u2606starfire77\n|inactive|Battle timer is ON: inactive players will automatically lose when time's up.\n|t:|1698027422\n|gametype|singles\n|player|p1|Pickedman|zinnia|\n|player|p2|starfire77|hoopster|\n|teamsize|p1|6\n|teamsize|p2|6\n|gen|9\n|tier|[Gen 9] Ubers\n|rated|Tournament battle\n|rule|Sleep Clause Mod: Limit one foe put to sleep\n|rule|Species Clause: Limit one of each Pok\u00e9mon\n|rule|OHKO Clause: OHKO moves are banned\n|rule|Evasion Items Clause: Evasion items are banned\n|rule|Evasion Moves Clause: Evasion moves are banned\n|rule|Endless Battle Clause: Forcing endless battles is banned\n|rule|HP Percentage Mod: HP is shown in percentages\n|clearpoke\n|poke|p1|Koraidon|\n|poke|p1|Ting-Lu|\n|poke|p1|Giratina-Origin|\n|poke|p1|Zacian-*|\n|poke|p1|Chien-Pao|\n|poke|p1|Skeledirge, M|\n|poke|p2|Talonflame, M|\n|poke|p2|Flutter Mane|\n|poke|p2|Miraidon|\n|poke|p2|Koraidon|\n|poke|p2|Indeedee, M|\n|poke|p2|Basculegion, M|\n|teampreview\n|j|*Lady Monita \u263d\n|inactive|starfire77 also wants the timer to be on.\n|inactive|Pickedman has 120 seconds left.\n|\n|t:|1698027472\n|start\n|switch|p1a: Ting-Lu|Ting-Lu|100\/100\n|switch|p2a: Koraidon|Koraidon|100\/100\n|-weather|SunnyDay|[from] ability: Orichalcum Pulse|[of] p2a: Koraidon\n|-activate|p2a: Koraidon|Orichalcum Pulse|[source]\n|-ability|p1a: Ting-Lu|Vessel of Ruin\n|turn|1\n|\n|t:|1698027481\n|switch|p1a: Skeledirge|Skeledirge, M|100\/100\n|move|p2a: Koraidon|Collision Course|p1a: Skeledirge\n|-immune|p1a: Skeledirge\n|\n|-weather|SunnyDay|[upkeep]\n|upkeep\n|turn|2\n|\n|t:|1698027490\n|move|p2a: Koraidon|Scale Shot|p1a: Skeledirge\n|-damage|p1a: Skeledirge|89\/100\n|-damage|p1a: Skeledirge|78\/100\n|-damage|p1a: Skeledirge|67\/100\n|-damage|p1a: Skeledirge|55\/100\n|-damage|p1a: Skeledirge|45\/100\n|-hitcount|p1a: Skeledirge|5\n|-unboost|p2a: Koraidon|def|1\n|-boost|p2a: Koraidon|spe|1\n|move|p1a: Skeledirge|Will-O-Wisp|p2a: Koraidon\n|-status|p2a: Koraidon|brn\n|\n|-weather|SunnyDay|[upkeep]\n|-damage|p2a: Koraidon|94\/100 brn|[from] brn\n|upkeep\n|turn|3\n|\n|t:|1698027501\n|move|p2a: Koraidon|Scale Shot|p1a: Skeledirge\n|-damage|p1a: Skeledirge|39\/100\n|-damage|p1a: Skeledirge|34\/100\n|-damage|p1a: Skeledirge|29\/100\n|-damage|p1a: Skeledirge|23\/100\n|-hitcount|p1a: Skeledirge|4\n|-unboost|p2a: Koraidon|def|1\n|-boost|p2a: Koraidon|spe|1\n|move|p1a: Skeledirge|Slack Off|p1a: Skeledirge\n|-heal|p1a: Skeledirge|73\/100\n|\n|-weather|SunnyDay|[upkeep]\n|-damage|p2a: Koraidon|88\/100 brn|[from] brn\n|upkeep\n|turn|4\n|\n|t:|1698027525\n|switch|p2a: Flutter Mane|Flutter Mane|100\/100\n|-activate|p2a: Flutter Mane|ability: Protosynthesis\n|-start|p2a: Flutter Mane|protosynthesisspe\n|move|p1a: Skeledirge|Hex|p2a: Flutter Mane\n|-supereffective|p2a: Flutter Mane\n|-damage|p2a: Flutter Mane|50\/100\n|\n|-weather|SunnyDay|[upkeep]\n|upkeep\n|turn|5\n|\n|t:|1698027531\n|switch|p1a: Ting-Lu|Ting-Lu|100\/100\n|-ability|p1a: Ting-Lu|Vessel of Ruin\n|move|p2a: Flutter Mane|Shadow Ball|p1a: Ting-Lu\n|-resisted|p1a: Ting-Lu\n|-damage|p1a: Ting-Lu|93\/100\n|\n|-weather|none\n|-end|p2a: Flutter Mane|Protosynthesis\n|upkeep\n|-enditem|p2a: Flutter Mane|Booster Energy\n|-activate|p2a: Flutter Mane|ability: Protosynthesis|[fromitem]\n|-start|p2a: Flutter Mane|protosynthesisspe\n|turn|6\n|\n|t:|1698027544\n|move|p2a: Flutter Mane|Draining Kiss|p1a: Ting-Lu\n|-supereffective|p1a: Ting-Lu\n|-crit|p1a: Ting-Lu\n|-damage|p1a: Ting-Lu|63\/100\n|-heal|p2a: Flutter Mane|96\/100|[from] drain|[of] p1a: Ting-Lu\n|move|p1a: Ting-Lu|Heavy Slam|p2a: Flutter Mane\n|-supereffective|p2a: Flutter Mane\n|-damage|p2a: Flutter Mane|0 fnt\n|faint|p2a: Flutter Mane\n|-end|p2a: Flutter Mane|Protosynthesis|[silent]\n|\n|upkeep\n|\n|t:|1698027563\n|switch|p2a: Miraidon|Miraidon|100\/100\n|-fieldstart|move: Electric Terrain|[from] ability: Hadron Engine|[of] p2a: Miraidon\n|turn|7\n|\n|t:|1698027567\n|move|p2a: Miraidon|Dazzling Gleam|p1a: Ting-Lu\n|-supereffective|p1a: Ting-Lu\n|-damage|p1a: Ting-Lu|36\/100\n|move|p1a: Ting-Lu|Earthquake|p2a: Miraidon\n|-supereffective|p2a: Miraidon\n|-damage|p2a: Miraidon|10\/100\n|\n|upkeep\n|turn|8\n|\n|t:|1698027574\n|move|p2a: Miraidon|Dazzling Gleam|p1a: Ting-Lu\n|-supereffective|p1a: Ting-Lu\n|-damage|p1a: Ting-Lu|11\/100\n|move|p1a: Ting-Lu|Earthquake|p2a: Miraidon\n|-supereffective|p2a: Miraidon\n|-crit|p2a: Miraidon\n|-damage|p2a: Miraidon|0 fnt\n|faint|p2a: Miraidon\n|\n|upkeep\n|\n|t:|1698027590\n|switch|p2a: Koraidon|Koraidon|88\/100 brn\n|-weather|SunnyDay|[from] ability: Orichalcum Pulse|[of] p2a: Koraidon\n|-activate|p2a: Koraidon|Orichalcum Pulse|[source]\n|turn|9\n|\n|t:|1698027598\n|switch|p1a: Skeledirge|Skeledirge, M|73\/100\n|move|p2a: Koraidon|Scale Shot|p1a: Skeledirge\n|-crit|p1a: Skeledirge\n|-damage|p1a: Skeledirge|65\/100\n|-damage|p1a: Skeledirge|60\/100\n|-damage|p1a: Skeledirge|55\/100\n|-damage|p1a: Skeledirge|50\/100\n|-hitcount|p1a: Skeledirge|4\n|-unboost|p2a: Koraidon|def|1\n|-boost|p2a: Koraidon|spe|1\n|\n|-weather|SunnyDay|[upkeep]\n|-damage|p2a: Koraidon|82\/100 brn|[from] brn\n|upkeep\n|turn|10\n|\n|t:|1698027607\n|move|p2a: Koraidon|Ice Fang|p1a: Skeledirge\n|-resisted|p1a: Skeledirge\n|-damage|p1a: Skeledirge|45\/100\n|move|p1a: Skeledirge|Slack Off|p1a: Skeledirge\n|-heal|p1a: Skeledirge|95\/100\n|\n|-weather|SunnyDay|[upkeep]\n|-damage|p2a: Koraidon|76\/100 brn|[from] brn\n|upkeep\n|turn|11\n|\n|t:|1698027626\n|switch|p2a: Talonflame|Talonflame, M, shiny|100\/100\n|move|p1a: Skeledirge|Hex|p2a: Talonflame\n|-damage|p2a: Talonflame|67\/100\n|\n|-weather|SunnyDay|[upkeep]\n|-fieldend|move: Electric Terrain\n|upkeep\n|turn|12\n|\n|t:|1698027633\n|move|p2a: Talonflame|Will-O-Wisp|p1a: Skeledirge\n|-immune|p1a: Skeledirge\n|move|p1a: Skeledirge|Hex|p2a: Talonflame\n|-crit|p2a: Talonflame\n|-damage|p2a: Talonflame|21\/100\n|\n|-weather|SunnyDay|[upkeep]\n|upkeep\n|turn|13\n|\n|t:|1698027648\n|move|p2a: Talonflame|Dual Wingbeat|p1a: Skeledirge\n|-damage|p1a: Skeledirge|88\/100\n|-damage|p1a: Skeledirge|81\/100\n|-hitcount|p1a: Skeledirge|2\n|move|p1a: Skeledirge|Torch Song|p2a: Talonflame\n|-resisted|p2a: Talonflame\n|-damage|p2a: Talonflame|0 fnt\n|-boost|p1a: Skeledirge|spa|1\n|faint|p2a: Talonflame\n|\n|-weather|none\n|upkeep\n|\n|t:|1698027652\n|switch|p2a: Indeedee|Indeedee, M|100\/100\n|-fieldstart|move: Psychic Terrain|[from] ability: Psychic Surge|[of] p2a: Indeedee\n|turn|14\n|\n|t:|1698027655\n|move|p2a: Indeedee|Healing Wish|p2a: Indeedee\n|faint|p2a: Indeedee\n|move|p1a: Skeledirge|Torch Song|p2: Indeedee|[notarget]\n|-fail|p1a: Skeledirge\n|\n|upkeep\n|\n|t:|1698027665\n|switch|p2a: Basculegion|Basculegion, M|100\/100\n|turn|15\n|\n|t:|1698027670\n|switch|p1a: Ting-Lu|Ting-Lu|11\/100\n|-ability|p1a: Ting-Lu|Vessel of Ruin\n|move|p2a: Basculegion|Agility|p2a: Basculegion\n|-boost|p2a: Basculegion|spe|2\n|\n|upkeep\n|turn|16\n|\n|t:|1698027678\n|move|p2a: Basculegion|Last Respects|p1a: Ting-Lu\n|-resisted|p1a: Ting-Lu\n|-damage|p1a: Ting-Lu|0 fnt\n|faint|p1a: Ting-Lu\n|\n|upkeep\n|\n|t:|1698027685\n|switch|p1a: Chien-Pao|Chien-Pao|100\/100\n|-ability|p1a: Chien-Pao|Sword of Ruin\n|turn|17\n|\n|t:|1698027698\n|-terastallize|p2a: Basculegion|Fighting\n|move|p2a: Basculegion|Tera Blast|p1a: Chien-Pao|[anim] Tera Blast Fighting\n|-supereffective|p1a: Chien-Pao\n|-enditem|p1a: Chien-Pao|Focus Sash\n|-damage|p1a: Chien-Pao|1\/100\n|move|p1a: Chien-Pao|Ice Spinner|p2a: Basculegion\n|-damage|p2a: Basculegion|37\/100\n|-fieldend|move: Psychic Terrain\n|\n|upkeep\n|turn|18\n|\n|t:|1698027710\n|move|p2a: Basculegion|Aqua Jet|p1a: Chien-Pao\n|-damage|p1a: Chien-Pao|0 fnt\n|faint|p1a: Chien-Pao\n|\n|upkeep\n|\n|t:|1698027733\n|switch|p1a: Zacian|Zacian-Crowned|100\/100\n|-ability|p1a: Zacian|Intrepid Sword|boost\n|-boost|p1a: Zacian|atk|1\n|turn|19\n|\n|t:|1698027741\n|-terastallize|p1a: Zacian|Dark\n|move|p2a: Basculegion|Last Respects|p1a: Zacian\n|-resisted|p1a: Zacian\n|-damage|p1a: Zacian|44\/100\n|move|p1a: Zacian|Behemoth Blade|p2a: Basculegion\n|-damage|p2a: Basculegion|0 fnt\n|faint|p2a: Basculegion\n|\n|upkeep\n|\n|t:|1698027748\n|switch|p2a: Koraidon|Koraidon|76\/100 brn\n|-heal|p2a: Koraidon|100\/100|[from] move: Healing Wish\n|-weather|SunnyDay|[from] ability: Orichalcum Pulse|[of] p2a: Koraidon\n|-activate|p2a: Koraidon|Orichalcum Pulse|[source]\n|turn|20\n|\n|t:|1698027755\n|move|p1a: Zacian|Play Rough|p2a: Koraidon\n|-supereffective|p2a: Koraidon\n|-damage|p2a: Koraidon|0 fnt\n|faint|p2a: Koraidon\n|\n|win|Pickedman\n|n|\u2606Pickedman|pickedman\n|n|\u2606starfire77|starfire77\n|n|*Lady Monita \u263d|ladymonita\n|l|*Lady Monita \u263d\n|c|\u2606starfire77|gg\n|c|\u2606Pickedman|gg\n|l|\u2606Pickedman\n|l|\u2606starfire77\n|j| exotic64\n|l| exotic64\n|j|\u2606Pickedman\n|player|p1|Pickedman|zinnia\n","uploadtime":1698028281,"views":14,"p1id":"pickedman","p2id":"starfire77","formatid":"gen9ubers","rating":0,"private":0,"password":""}