{"id":"gen9ubers-1997833126","p1":"leonissenbaum","p2":"yuramas","format":"[Gen 9] Ubers","log":"|j|\u2606leonissenbaum\n|j|\u2606yuramas\n|t:|1700857640\n|gametype|singles\n|player|p1|leonissenbaum|leon|\n|player|p2|yuramas|266|\n|teamsize|p1|6\n|teamsize|p2|6\n|gen|9\n|tier|[Gen 9] Ubers\n|rule|Sleep Clause Mod: Limit one foe put to sleep\n|rule|Species Clause: Limit one of each Pok\u00e9mon\n|rule|OHKO Clause: OHKO moves are banned\n|rule|Evasion Items Clause: Evasion items are banned\n|rule|Evasion Moves Clause: Evasion moves are banned\n|rule|Endless Battle Clause: Forcing endless battles is banned\n|rule|HP Percentage Mod: HP is shown in percentages\n|clearpoke\n|poke|p1|Crocalor, F|\n|poke|p1|Zamazenta-*|\n|poke|p1|Amoonguss, M|\n|poke|p1|Clefable, M|\n|poke|p1|Blissey, F|\n|poke|p1|Espeon, M|\n|poke|p2|Iron Moth|\n|poke|p2|Houndstone, F|\n|poke|p2|Magearna|\n|poke|p2|Palafin, M|\n|poke|p2|Landorus, M|\n|poke|p2|Arceus-Dragon|\n|teampreview\n|c|\u2606leonissenbaum|gl!\n|c|\u2606yuramas|you too!\n|j| Leo Justice\n|c| Leo Justice|Go leon use your NU level shitmons\n|c|\u2606leonissenbaum|NU gang will save the day\n|\n|t:|1700857730\n|start\n|switch|p1a: Amoonguss|Amoonguss, M|100\/100\n|switch|p2a: Landorus|Landorus, M|100\/100\n|turn|1\n|c| Leo Justice|Uh oh landorus\n|\n|t:|1700857748\n|switch|p2a: Houndstone|Houndstone, F|100\/100\n|move|p1a: Amoonguss|Toxic|p2a: Houndstone\n|-status|p2a: Houndstone|tox\n|\n|-damage|p2a: Houndstone|94\/100 tox|[from] psn\n|upkeep\n|turn|2\n|\n|t:|1700857763\n|switch|p2a: Iron Moth|Iron Moth|100\/100\n|-enditem|p2a: Iron Moth|Booster Energy\n|-activate|p2a: Iron Moth|ability: Quark Drive|[fromitem]\n|-start|p2a: Iron Moth|quarkdrivespe\n|move|p1a: Amoonguss|Clear Smog|p2a: Iron Moth\n|-resisted|p2a: Iron Moth\n|-damage|p2a: Iron Moth|93\/100\n|-clearboost|p2a: Iron Moth\n|\n|upkeep\n|turn|3\n|j| angl3r\n|l| angl3r\n|\n|t:|1700857843\n|-end|p2a: Iron Moth|Quark Drive|[silent]\n|switch|p2a: Palafin|Palafin, M|100\/100\n|move|p1a: Amoonguss|Spore|p2a: Palafin\n|-status|p2a: Palafin|slp|[from] move: Spore\n|\n|upkeep\n|turn|4\n|\n|t:|1700857863\n|detailschange|p2a: Palafin|Palafin-Hero, M\n|switch|p2a: Magearna|Magearna|100\/100\n|switch|p1a: Clefable|Clefable, M|100\/100\n|\n|upkeep\n|turn|5\n|\n|t:|1700857871\n|switch|p1a: Espeon|Espeon, M|100\/100\n|move|p2a: Magearna|Thunder Wave|p1a: Espeon\n|move|p1a: Espeon|Thunder Wave|p2a: Magearna|[from]ability: Magic Bounce\n|-status|p2a: Magearna|par\n|\n|upkeep\n|turn|6\n|\n|t:|1700857878\n|move|p1a: Espeon|Trick|p2a: Magearna\n|-activate|p1a: Espeon|move: Trick|[of] p2a: Magearna\n|-item|p2a: Magearna|Choice Scarf|[from] move: Trick\n|-item|p1a: Espeon|Leftovers|[from] move: Trick\n|move|p2a: Magearna|Volt Switch|p1a: Espeon\n|-damage|p1a: Espeon|85\/100\n|\n|t:|1700857917\n|switch|p2a: Arceus|Arceus-Dragon|100\/100|[from] Volt Switch\n|\n|-heal|p1a: Espeon|91\/100|[from] item: Leftovers\n|upkeep\n|turn|7\n|\n|t:|1700857946\n|switch|p1a: Amoonguss|Amoonguss, M|100\/100\n|move|p2a: Arceus|Earthquake|p1a: Amoonguss\n|-damage|p1a: Amoonguss|76\/100\n|\n|upkeep\n|turn|8\n|\n|t:|1700857956\n|switch|p2a: Magearna|Magearna|100\/100 par\n|move|p1a: Amoonguss|Toxic||[still]\n|-fail|p1a: Amoonguss\n|\n|upkeep\n|turn|9\n|\n|t:|1700857961\n|switch|p1a: Espeon|Espeon, M|91\/100\n|move|p2a: Magearna|Volt Switch|p1a: Espeon\n|-damage|p1a: Espeon|75\/100\n|\n|t:|1700857976\n|switch|p2a: Landorus|Landorus, M|100\/100|[from] Volt Switch\n|\n|-heal|p1a: Espeon|81\/100|[from] item: Leftovers\n|upkeep\n|turn|10\n|\n|t:|1700857997\n|move|p2a: Landorus|Earth Power|p1a: Espeon\n|-damage|p1a: Espeon|23\/100\n|move|p1a: Espeon|Psyshock|p2a: Landorus\n|-damage|p2a: Landorus|63\/100\n|\n|-heal|p1a: Espeon|29\/100|[from] item: Leftovers\n|upkeep\n|turn|11\n|\n|t:|1700858046\n|switch|p1a: Blissey|Blissey, F|100\/100\n|move|p2a: Landorus|Earth Power|p1a: Blissey\n|-damage|p1a: Blissey|74\/100\n|\n|-heal|p1a: Blissey|80\/100|[from] item: Leftovers\n|upkeep\n|turn|12\n|\n|t:|1700858052\n|move|p2a: Landorus|Focus Blast|p1a: Blissey\n|-supereffective|p1a: Blissey\n|-damage|p1a: Blissey|35\/100\n|move|p1a: Blissey|Seismic Toss|p2a: Landorus\n|-damage|p2a: Landorus|31\/100\n|\n|-heal|p1a: Blissey|41\/100|[from] item: Leftovers\n|upkeep\n|turn|13\n|c| Leo Justice|If you die from this focus miss you can say they\u2019re haxxing you leon\n|c|\u2606leonissenbaum|lmao\n|c|\u2606leonissenbaum|also announcement went out pog\n|\n|t:|1700858133\n|switch|p2a: Palafin|Palafin-Hero, M|100\/100 slp\n|-activate|p2a: Palafin|ability: Zero to Hero\n|switch|p1a: Zamazenta|Zamazenta-Crowned|100\/100\n|-ability|p1a: Zamazenta|Dauntless Shield|boost\n|-boost|p1a: Zamazenta|def|1\n|\n|upkeep\n|turn|14\n|\n|t:|1700858155\n|move|p1a: Zamazenta|Body Press|p2a: Palafin\n|-damage|p2a: Palafin|42\/100 slp\n|cant|p2a: Palafin|slp\n|\n|-heal|p2a: Palafin|49\/100 slp|[from] item: Leftovers\n|upkeep\n|turn|15\n|\n|t:|1700858159\n|switch|p2a: Houndstone|Houndstone, F|94\/100 tox\n|move|p1a: Zamazenta|Body Press|p2a: Houndstone\n|-immune|p2a: Houndstone\n|\n|-heal|p2a: Houndstone|100\/100 tox|[from] item: Leftovers\n|-damage|p2a: Houndstone|94\/100 tox|[from] psn\n|upkeep\n|turn|16\n|\n|t:|1700858174\n|switch|p1a: Amoonguss|Amoonguss, M|100\/100\n|move|p2a: Houndstone|Roar|p1a: Amoonguss\n|drag|p1a: Blissey|Blissey, F|41\/100\n|\n|-heal|p2a: Houndstone|100\/100 tox|[from] item: Leftovers\n|-heal|p1a: Blissey|47\/100|[from] item: Leftovers\n|-damage|p2a: Houndstone|88\/100 tox|[from] psn\n|upkeep\n|turn|17\n|\n|t:|1700858181\n|move|p2a: Houndstone|Body Press|p1a: Blissey\n|-supereffective|p1a: Blissey\n|-damage|p1a: Blissey|0 fnt\n|faint|p1a: Blissey\n|\n|-heal|p2a: Houndstone|94\/100 tox|[from] item: Leftovers\n|-damage|p2a: Houndstone|76\/100 tox|[from] psn\n|upkeep\n|\n|t:|1700858197\n|switch|p1a: Clefable|Clefable, M|100\/100\n|turn|18\n|\n|t:|1700858206\n|switch|p2a: Iron Moth|Iron Moth|93\/100\n|move|p1a: Clefable|Stealth Rock|p2a: Iron Moth\n|-sidestart|p2: yuramas|move: Stealth Rock\n|\n|upkeep\n|turn|19\n|\n|t:|1700858258\n|move|p2a: Iron Moth|Fiery Dance|p1a: Clefable\n|-damage|p1a: Clefable|71\/100\n|move|p1a: Clefable|Calm Mind|p1a: Clefable\n|-boost|p1a: Clefable|spa|1\n|-boost|p1a: Clefable|spd|1\n|\n|-heal|p1a: Clefable|77\/100|[from] item: Leftovers\n|upkeep\n|turn|20\n|\n|t:|1700858271\n|move|p2a: Iron Moth|Sludge Wave|p1a: Clefable\n|-supereffective|p1a: Clefable\n|-damage|p1a: Clefable|34\/100\n|move|p1a: Clefable|Calm Mind|p1a: Clefable\n|-boost|p1a: Clefable|spa|1\n|-boost|p1a: Clefable|spd|1\n|\n|-heal|p1a: Clefable|40\/100|[from] item: Leftovers\n|upkeep\n|turn|21\n|\n|t:|1700858279\n|move|p2a: Iron Moth|Sludge Wave|p1a: Clefable\n|-supereffective|p1a: Clefable\n|-damage|p1a: Clefable|5\/100\n|move|p1a: Clefable|Moonlight|p1a: Clefable\n|-heal|p1a: Clefable|55\/100\n|\n|-heal|p1a: Clefable|61\/100|[from] item: Leftovers\n|upkeep\n|turn|22\n|\n|t:|1700858323\n|-end|p2a: Iron Moth|Quark Drive|[silent]\n|switch|p2a: Houndstone|Houndstone, F|76\/100 tox\n|-damage|p2a: Houndstone|64\/100 tox|[from] Stealth Rock\n|move|p1a: Clefable|Moonlight|p1a: Clefable\n|-heal|p1a: Clefable|100\/100\n|\n|-heal|p2a: Houndstone|70\/100 tox|[from] item: Leftovers\n|-damage|p2a: Houndstone|64\/100 tox|[from] psn\n|upkeep\n|turn|23\n|\n|t:|1700858336\n|move|p1a: Clefable|Moonblast|p2a: Houndstone\n|-damage|p2a: Houndstone|2\/100 tox\n|-unboost|p2a: Houndstone|spa|1\n|move|p2a: Houndstone|Roar|p1a: Clefable\n|drag|p1a: Crocalor|Crocalor, F|100\/100\n|\n|-heal|p2a: Houndstone|8\/100 tox|[from] item: Leftovers\n|-damage|p2a: Houndstone|0 fnt|[from] psn\n|faint|p2a: Houndstone\n|upkeep\n|\n|t:|1700858355\n|switch|p2a: Landorus|Landorus, M|31\/100\n|-damage|p2a: Landorus|19\/100|[from] Stealth Rock\n|turn|24\n|\n|t:|1700858365\n|-terastallize|p1a: Crocalor|Flying\n|move|p2a: Landorus|Earth Power|p1a: Crocalor\n|-immune|p1a: Crocalor\n|move|p1a: Crocalor|Flamethrower|p2a: Landorus\n|-damage|p2a: Landorus|0 fnt\n|faint|p2a: Landorus\n|\n|upkeep\n|\n|t:|1700858380\n|switch|p2a: Magearna|Magearna|100\/100 par\n|-damage|p2a: Magearna|94\/100 par|[from] Stealth Rock\n|turn|25\n|\n|t:|1700858387\n|switch|p1a: Espeon|Espeon, M|29\/100\n|move|p2a: Magearna|Volt Switch|p1a: Espeon\n|-damage|p1a: Espeon|13\/100\n|\n|t:|1700858428\n|switch|p2a: Iron Moth|Iron Moth|93\/100|[from] Volt Switch\n|-damage|p2a: Iron Moth|68\/100|[from] Stealth Rock\n|\n|-heal|p1a: Espeon|19\/100|[from] item: Leftovers\n|upkeep\n|turn|26\n|\n|t:|1700858446\n|-terastallize|p2a: Iron Moth|Fire\n|move|p2a: Iron Moth|Fiery Dance|p1a: Espeon\n|-damage|p1a: Espeon|0 fnt\n|faint|p1a: Espeon\n|\n|upkeep\n|\n|t:|1700858453\n|switch|p1a: Zamazenta|Zamazenta-Crowned|100\/100\n|turn|27\n|\n|t:|1700858463\n|move|p1a: Zamazenta|Body Press|p2a: Iron Moth\n|-damage|p2a: Iron Moth|6\/100\n|move|p2a: Iron Moth|Fiery Dance|p1a: Zamazenta\n|-supereffective|p1a: Zamazenta\n|-damage|p1a: Zamazenta|24\/100\n|\n|upkeep\n|turn|28\n|\n|t:|1700858476\n|move|p1a: Zamazenta|Body Press|p2a: Iron Moth\n|-damage|p2a: Iron Moth|0 fnt\n|faint|p2a: Iron Moth\n|-end|p2a: Iron Moth|Quark Drive|[silent]\n|\n|upkeep\n|\n|t:|1700858499\n|switch|p2a: Arceus|Arceus-Dragon|100\/100\n|-damage|p2a: Arceus|88\/100|[from] Stealth Rock\n|turn|29\n|\n|t:|1700858549\n|switch|p1a: Crocalor|Crocalor, F, tera:Flying|100\/100\n|move|p2a: Arceus|Earthquake|p1a: Crocalor\n|-immune|p1a: Crocalor\n|\n|upkeep\n|turn|30\n|\n|t:|1700858554\n|switch|p2a: Magearna|Magearna|94\/100 par\n|-damage|p2a: Magearna|88\/100 par|[from] Stealth Rock\n|move|p1a: Crocalor|Will-O-Wisp||[still]\n|-fail|p1a: Crocalor\n|\n|upkeep\n|turn|31\n|\n|t:|1700858567\n|switch|p1a: Clefable|Clefable, M|100\/100\n|move|p2a: Magearna|Volt Switch|p1a: Clefable\n|-damage|p1a: Clefable|88\/100\n|\n|t:|1700858576\n|switch|p2a: Palafin|Palafin-Hero, M|49\/100 slp|[from] Volt Switch\n|-damage|p2a: Palafin|36\/100 slp|[from] Stealth Rock\n|\n|-heal|p2a: Palafin|42\/100 slp|[from] item: Leftovers\n|-heal|p1a: Clefable|94\/100|[from] item: Leftovers\n|upkeep\n|turn|32\n|\n|t:|1700858597\n|switch|p1a: Amoonguss|Amoonguss, M|100\/100\n|-curestatus|p2a: Palafin|slp|[msg]\n|move|p2a: Palafin|Jet Punch|p1a: Amoonguss\n|-resisted|p1a: Amoonguss\n|-damage|p1a: Amoonguss|87\/100\n|-damage|p2a: Palafin|26\/100|[from] item: Rocky Helmet|[of] p1a: Amoonguss\n|\n|-heal|p2a: Palafin|32\/100|[from] item: Leftovers\n|upkeep\n|turn|33\n|\n|t:|1700858611\n|switch|p2a: Magearna|Magearna|88\/100 par\n|-damage|p2a: Magearna|82\/100 par|[from] Stealth Rock\n|move|p1a: Amoonguss|Toxic||[still]\n|-fail|p1a: Amoonguss\n|\n|upkeep\n|turn|34\n|\n|t:|1700858630\n|switch|p1a: Clefable|Clefable, M|94\/100\n|move|p2a: Magearna|Spikes|p1a: Clefable\n|-sidestart|p1: leonissenbaum|Spikes\n|\n|-heal|p1a: Clefable|99\/100|[from] item: Leftovers\n|upkeep\n|turn|35\n|\n|t:|1700858648\n|switch|p1a: Zamazenta|Zamazenta-Crowned|24\/100\n|-damage|p1a: Zamazenta|11\/100|[from] Spikes\n|switch|p2a: Palafin|Palafin-Hero, M|32\/100\n|-damage|p2a: Palafin|20\/100|[from] Stealth Rock\n|\n|-heal|p2a: Palafin|26\/100|[from] item: Leftovers\n|upkeep\n|turn|36\n|\n|t:|1700858703\n|move|p2a: Palafin|Jet Punch|p1a: Zamazenta\n|-damage|p1a: Zamazenta|0 fnt\n|faint|p1a: Zamazenta\n|\n|-heal|p2a: Palafin|32\/100|[from] item: Leftovers\n|upkeep\n|\n|t:|1700858710\n|switch|p1a: Amoonguss|Amoonguss, M|100\/100\n|-damage|p1a: Amoonguss|88\/100|[from] Spikes\n|turn|37\n|\n|t:|1700858729\n|switch|p2a: Magearna|Magearna|82\/100 par\n|-damage|p2a: Magearna|76\/100 par|[from] Stealth Rock\n|switch|p1a: Clefable|Clefable, M|99\/100\n|-damage|p1a: Clefable|88\/100|[from] Spikes\n|\n|-heal|p1a: Clefable|94\/100|[from] item: Leftovers\n|upkeep\n|turn|38\n|\n|t:|1700858740\n|move|p1a: Clefable|Calm Mind|p1a: Clefable\n|-boost|p1a: Clefable|spa|1\n|-boost|p1a: Clefable|spd|1\n|cant|p2a: Magearna|par\n|\n|-heal|p1a: Clefable|99\/100|[from] item: Leftovers\n|upkeep\n|turn|39\n|\n|t:|1700858751\n|move|p1a: Clefable|Moonblast|p2a: Magearna\n|-resisted|p2a: Magearna\n|-damage|p2a: Magearna|61\/100 par\n|-unboost|p2a: Magearna|spa|1\n|move|p2a: Magearna|Volt Switch|p1a: Clefable\n|-damage|p1a: Clefable|91\/100\n|c|\u2606yuramas|shit\n|\n|t:|1700858796\n|switch|p2a: Palafin|Palafin-Hero, M|32\/100|[from] Volt Switch\n|-damage|p2a: Palafin|20\/100|[from] Stealth Rock\n|\n|-heal|p2a: Palafin|26\/100|[from] item: Leftovers\n|-heal|p1a: Clefable|97\/100|[from] item: Leftovers\n|upkeep\n|turn|40\n|\n|t:|1700858805\n|switch|p2a: Magearna|Magearna|61\/100 par\n|-damage|p2a: Magearna|55\/100 par|[from] Stealth Rock\n|move|p1a: Clefable|Moonblast|p2a: Magearna\n|-resisted|p2a: Magearna\n|-damage|p2a: Magearna|41\/100 par\n|-unboost|p2a: Magearna|spa|1\n|\n|-heal|p1a: Clefable|100\/100|[from] item: Leftovers\n|upkeep\n|turn|41\n|\n|t:|1700858816\n|move|p1a: Clefable|Calm Mind|p1a: Clefable\n|-boost|p1a: Clefable|spa|1\n|-boost|p1a: Clefable|spd|1\n|move|p2a: Magearna|Volt Switch|p1a: Clefable\n|-damage|p1a: Clefable|94\/100\n|\n|t:|1700858822\n|switch|p2a: Palafin|Palafin-Hero, M|26\/100|[from] Volt Switch\n|-damage|p2a: Palafin|13\/100|[from] Stealth Rock\n|\n|-heal|p2a: Palafin|20\/100|[from] item: Leftovers\n|-heal|p1a: Clefable|99\/100|[from] item: Leftovers\n|upkeep\n|turn|42\n|\n|t:|1700858825\n|move|p2a: Palafin|Encore|p1a: Clefable\n|-start|p1a: Clefable|Encore\n|move|p1a: Clefable|Calm Mind|p1a: Clefable\n|-boost|p1a: Clefable|spa|1\n|-boost|p1a: Clefable|spd|1\n|\n|-heal|p2a: Palafin|26\/100|[from] item: Leftovers\n|-heal|p1a: Clefable|100\/100|[from] item: Leftovers\n|upkeep\n|turn|43\n|\n|t:|1700858833\n|switch|p1a: Amoonguss|Amoonguss, M|100\/100\n|-damage|p1a: Amoonguss|88\/100|[from] Spikes\n|move|p2a: Palafin|Jet Punch|p1a: Amoonguss\n|-resisted|p1a: Amoonguss\n|-damage|p1a: Amoonguss|75\/100\n|-damage|p2a: Palafin|9\/100|[from] item: Rocky Helmet|[of] p1a: Amoonguss\n|\n|-heal|p2a: Palafin|15\/100|[from] item: Leftovers\n|upkeep\n|turn|44\n|\n|t:|1700858844\n|switch|p2a: Magearna|Magearna|41\/100 par\n|-damage|p2a: Magearna|35\/100 par|[from] Stealth Rock\n|switch|p1a: Clefable|Clefable, M|100\/100\n|-damage|p1a: Clefable|88\/100|[from] Spikes\n|\n|-heal|p1a: Clefable|94\/100|[from] item: Leftovers\n|upkeep\n|turn|45\n|\n|t:|1700858859\n|move|p1a: Clefable|Moonblast|p2a: Magearna\n|-resisted|p2a: Magearna\n|-damage|p2a: Magearna|24\/100 par\n|move|p2a: Magearna|Volt Switch|p1a: Clefable\n|-damage|p1a: Clefable|81\/100\n|\n|t:|1700858870\n|switch|p2a: Palafin|Palafin-Hero, M|15\/100|[from] Volt Switch\n|-damage|p2a: Palafin|3\/100|[from] Stealth Rock\n|\n|-heal|p2a: Palafin|9\/100|[from] item: Leftovers\n|-heal|p1a: Clefable|87\/100|[from] item: Leftovers\n|upkeep\n|turn|46\n|\n|t:|1700858880\n|move|p2a: Palafin|Jet Punch|p1a: Clefable\n|-damage|p1a: Clefable|44\/100\n|move|p1a: Clefable|Moonblast|p2a: Palafin\n|-damage|p2a: Palafin|0 fnt\n|faint|p2a: Palafin\n|\n|-heal|p1a: Clefable|50\/100|[from] item: Leftovers\n|upkeep\n|\n|t:|1700858883\n|switch|p2a: Arceus|Arceus-Dragon|88\/100\n|-damage|p2a: Arceus|76\/100|[from] Stealth Rock\n|turn|47\n|\n|t:|1700858893\n|move|p2a: Arceus|Earthquake|p1a: Clefable\n|-damage|p1a: Clefable|13\/100\n|move|p1a: Clefable|Moonlight|p1a: Clefable\n|-heal|p1a: Clefable|63\/100\n|\n|-heal|p1a: Clefable|69\/100|[from] item: Leftovers\n|upkeep\n|turn|48\n|\n|t:|1700858903\n|move|p2a: Arceus|Earthquake|p1a: Clefable\n|-damage|p1a: Clefable|31\/100\n|move|p1a: Clefable|Moonblast|p2a: Arceus\n|-supereffective|p2a: Arceus\n|-damage|p2a: Arceus|30\/100\n|\n|-heal|p1a: Clefable|37\/100|[from] item: Leftovers\n|upkeep\n|turn|49\n|\n|t:|1700858928\n|switch|p1a: Crocalor|Crocalor, F, tera:Flying|100\/100\n|move|p2a: Arceus|Earthquake|p1a: Crocalor\n|-immune|p1a: Crocalor\n|\n|upkeep\n|turn|50\n|\n|t:|1700858934\n|switch|p2a: Magearna|Magearna|24\/100 par\n|-damage|p2a: Magearna|18\/100 par|[from] Stealth Rock\n|move|p1a: Crocalor|Flamethrower|p2a: Magearna\n|-supereffective|p2a: Magearna\n|-damage|p2a: Magearna|0 fnt\n|faint|p2a: Magearna\n|\n|upkeep\n|\n|t:|1700858936\n|switch|p2a: Arceus|Arceus-Dragon|30\/100\n|-damage|p2a: Arceus|18\/100|[from] Stealth Rock\n|turn|51\n|c|\u2606yuramas|gg\n|\n|t:|1700858943\n|move|p2a: Arceus|Outrage|p1a: Crocalor\n|-damage|p1a: Crocalor|57\/100\n|move|p1a: Crocalor|Will-O-Wisp|p2a: Arceus\n|-status|p2a: Arceus|brn\n|\n|-damage|p2a: Arceus|12\/100 brn|[from] brn\n|upkeep\n|turn|52\n|c|\u2606leonissenbaum|gg\n|\n|t:|1700858949\n|move|p2a: Arceus|Outrage|p1a: Crocalor|[from]lockedmove\n|-damage|p1a: Crocalor|38\/100\n|move|p1a: Crocalor|Flamethrower|p2a: Arceus\n|-resisted|p2a: Arceus\n|-damage|p2a: Arceus|1\/100 brn\n|\n|-damage|p2a: Arceus|0 fnt|[from] brn\n|faint|p2a: Arceus\n|\n|win|leonissenbaum\n|upkeep\n","uploadtime":1700858964,"views":8,"p1id":"leonissenbaum","p2id":"yuramas","formatid":"gen9ubers","rating":0,"private":0,"password":""}