{"id":"gen9ubers-1976271296","p1":"godiamsosorry","p2":"Scampton","format":"[Gen 9] Ubers","log":"|j|\u2606godiamsosorry\n|j|\u2606Scampton\n|t:|1698280788\n|gametype|singles\n|player|p1|godiamsosorry|scientistf|\n|player|p2|Scampton|clown|\n|teamsize|p1|6\n|teamsize|p2|6\n|gen|9\n|tier|[Gen 9] Ubers\n|rule|Sleep Clause Mod: Limit one foe put to sleep\n|rule|Species Clause: Limit one of each Pok\u00e9mon\n|rule|OHKO Clause: OHKO moves are banned\n|rule|Evasion Items Clause: Evasion items are banned\n|rule|Evasion Moves Clause: Evasion moves are banned\n|rule|Endless Battle Clause: Forcing endless battles is banned\n|rule|HP Percentage Mod: HP is shown in percentages\n|clearpoke\n|poke|p1|Klefki, F|\n|poke|p1|Medicham, F|\n|poke|p1|Zoroark-Hisui, F|\n|poke|p1|Palafin, F|\n|poke|p1|Enamorus, F|\n|poke|p1|Toedscruel, F|\n|poke|p2|Ribombee, M|\n|poke|p2|Delibird, F|\n|poke|p2|Slowking-Galar, M|\n|poke|p2|Palafin, F|\n|poke|p2|Enamorus, F|\n|poke|p2|Medicham, M|\n|teampreview\n|\n|t:|1698280802\n|start\n|switch|p1a: Klefki|Klefki, F, shiny|100\/100\n|switch|p2a: Enamorus|Enamorus, F|100\/100\n|turn|1\n|\n|t:|1698280816\n|switch|p2a: Palafin|Palafin, F|100\/100\n|move|p1a: Klefki|Thunder Wave|p2a: Palafin\n|-status|p2a: Palafin|par\n|\n|upkeep\n|turn|2\n|\n|t:|1698280822\n|move|p1a: Klefki|Light Screen|p1a: Klefki\n|-sidestart|p1: godiamsosorry|move: Light Screen\n|cant|p2a: Palafin|par\n|\n|upkeep\n|turn|3\n|\n|t:|1698280827\n|detailschange|p2a: Palafin|Palafin-Hero, F\n|switch|p2a: Slowking|Slowking-Galar, M|100\/100\n|move|p1a: Klefki|Reflect|p1a: Klefki\n|-sidestart|p1: godiamsosorry|Reflect\n|\n|upkeep\n|turn|4\n|\n|t:|1698280831\n|move|p1a: Klefki|Thunder Wave|p2a: Slowking\n|-status|p2a: Slowking|par\n|move|p2a: Slowking|Chilly Reception|p2a: Slowking\n|-weather|Snow\n|\n|t:|1698280845\n|switch|p2a: Delibird|Delibird, F|100\/100|[from] Chilly Reception\n|\n|-weather|Snow|[upkeep]\n|upkeep\n|turn|5\n|\n|t:|1698280849\n|move|p2a: Delibird|Brick Break|p1a: Klefki\n|-sideend|p1: godiamsosorry|Reflect\n|-sideend|p1: godiamsosorry|move: Light Screen\n|-damage|p1a: Klefki|73\/100\n|move|p1a: Klefki|Flash Cannon|p2a: Delibird\n|-supereffective|p2a: Delibird\n|-damage|p2a: Delibird|0 fnt\n|faint|p2a: Delibird\n|\n|-weather|Snow|[upkeep]\n|upkeep\n|\n|t:|1698280866\n|switch|p2a: Medicham|Medicham, M|100\/100\n|turn|6\n|\n|t:|1698280870\n|move|p2a: Medicham|Fake Out|p1a: Klefki\n|-resisted|p1a: Klefki\n|-damage|p1a: Klefki|67\/100\n|cant|p1a: Klefki|flinch\n|\n|-weather|Snow|[upkeep]\n|upkeep\n|turn|7\n|\n|t:|1698280875\n|move|p1a: Klefki|Reflect|p1a: Klefki\n|-sidestart|p1: godiamsosorry|Reflect\n|move|p2a: Medicham|Close Combat|p1a: Klefki\n|-damage|p1a: Klefki|35\/100\n|-unboost|p2a: Medicham|def|1\n|-unboost|p2a: Medicham|spd|1\n|\n|-weather|Snow|[upkeep]\n|upkeep\n|turn|8\n|\n|t:|1698280881\n|move|p2a: Medicham|Close Combat|p1a: Klefki\n|-damage|p1a: Klefki|2\/100\n|-unboost|p2a: Medicham|def|1\n|-unboost|p2a: Medicham|spd|1\n|move|p1a: Klefki|Flash Cannon|p2a: Medicham\n|-damage|p2a: Medicham|46\/100\n|\n|-weather|none\n|upkeep\n|turn|9\n|\n|t:|1698280887\n|move|p1a: Klefki|Light Screen|p1a: Klefki\n|-sidestart|p1: godiamsosorry|move: Light Screen\n|move|p2a: Medicham|Close Combat|p1a: Klefki\n|-damage|p1a: Klefki|0 fnt\n|-unboost|p2a: Medicham|def|1\n|-unboost|p2a: Medicham|spd|1\n|faint|p1a: Klefki\n|\n|upkeep\n|\n|t:|1698280889\n|switch|p1a: Enamorus|Enamorus, F|100\/100\n|turn|10\n|\n|t:|1698280894\n|switch|p2a: Slowking|Slowking-Galar, M|100\/100 par\n|move|p1a: Enamorus|Substitute|p1a: Enamorus\n|-start|p1a: Enamorus|Substitute\n|-damage|p1a: Enamorus|76\/100\n|\n|-heal|p1a: Enamorus|82\/100|[from] item: Leftovers\n|upkeep\n|turn|11\n|\n|t:|1698280897\n|move|p1a: Enamorus|Superpower|p2a: Slowking\n|-resisted|p2a: Slowking\n|-crit|p2a: Slowking\n|-damage|p2a: Slowking|90\/100 par\n|-boost|p1a: Enamorus|atk|1\n|-boost|p1a: Enamorus|def|1\n|cant|p2a: Slowking|par\n|\n|-heal|p1a: Enamorus|88\/100|[from] item: Leftovers\n|upkeep\n|turn|12\n|\n|t:|1698280902\n|move|p1a: Enamorus|Superpower|p2a: Slowking\n|-resisted|p2a: Slowking\n|-damage|p2a: Slowking|80\/100 par\n|-boost|p1a: Enamorus|atk|1\n|-boost|p1a: Enamorus|def|1\n|move|p2a: Slowking|Poison Jab|p1a: Enamorus\n|-supereffective|p1a: Enamorus\n|-activate|p1a: Enamorus|move: Substitute|[damage]\n|\n|-heal|p1a: Enamorus|94\/100|[from] item: Leftovers\n|upkeep\n|turn|13\n|\n|t:|1698280905\n|move|p1a: Enamorus|Superpower|p2a: Slowking\n|-resisted|p2a: Slowking\n|-damage|p2a: Slowking|66\/100 par\n|-boost|p1a: Enamorus|atk|1\n|-boost|p1a: Enamorus|def|1\n|move|p2a: Slowking|Foul Play|p1a: Enamorus\n|-resisted|p1a: Enamorus\n|-end|p1a: Enamorus|Substitute\n|\n|-heal|p1a: Enamorus|100\/100|[from] item: Leftovers\n|upkeep\n|turn|14\n|\n|t:|1698280912\n|move|p1a: Enamorus|Substitute|p1a: Enamorus\n|-start|p1a: Enamorus|Substitute\n|-damage|p1a: Enamorus|76\/100\n|move|p2a: Slowking|Foul Play|p1a: Enamorus\n|-resisted|p1a: Enamorus\n|-activate|p1a: Enamorus|move: Substitute|[damage]\n|\n|-heal|p1a: Enamorus|82\/100|[from] item: Leftovers\n|-sideend|p1: godiamsosorry|Reflect\n|upkeep\n|turn|15\n|\n|t:|1698280914\n|move|p1a: Enamorus|Superpower|p2a: Slowking\n|-resisted|p2a: Slowking\n|-damage|p2a: Slowking|48\/100 par\n|-boost|p1a: Enamorus|atk|1\n|-boost|p1a: Enamorus|def|1\n|move|p2a: Slowking|Foul Play|p1a: Enamorus\n|-resisted|p1a: Enamorus\n|-end|p1a: Enamorus|Substitute\n|\n|-heal|p1a: Enamorus|88\/100|[from] item: Leftovers\n|upkeep\n|turn|16\n|\n|t:|1698280921\n|move|p1a: Enamorus|Substitute|p1a: Enamorus\n|-start|p1a: Enamorus|Substitute\n|-damage|p1a: Enamorus|63\/100\n|cant|p2a: Slowking|par\n|\n|-heal|p1a: Enamorus|69\/100|[from] item: Leftovers\n|-sideend|p1: godiamsosorry|move: Light Screen\n|upkeep\n|turn|17\n|\n|t:|1698280924\n|switch|p2a: Palafin|Palafin-Hero, F|100\/100 par\n|-activate|p2a: Palafin|ability: Zero to Hero\n|move|p1a: Enamorus|Iron Head|p2a: Palafin\n|-resisted|p2a: Palafin\n|-damage|p2a: Palafin|63\/100 par\n|\n|-heal|p1a: Enamorus|76\/100|[from] item: Leftovers\n|upkeep\n|turn|18\n|\n|t:|1698280932\n|-terastallize|p2a: Palafin|Ghost\n|move|p1a: Enamorus|Superpower|p2a: Palafin\n|-immune|p2a: Palafin\n|move|p2a: Palafin|Boomburst|p1a: Enamorus\n|-damage|p1a: Enamorus|0 fnt\n|faint|p1a: Enamorus\n|\n|upkeep\n|\n|t:|1698280934\n|switch|p1a: Medicham|Medicham, F|100\/100\n|turn|19\n|\n|t:|1698280940\n|switch|p2a: Slowking|Slowking-Galar, M|81\/100 par\n|move|p1a: Medicham|Shadow Sneak|p2a: Slowking\n|-supereffective|p2a: Slowking\n|-damage|p2a: Slowking|54\/100 par\n|\n|upkeep\n|turn|20\n|\n|t:|1698280947\n|move|p1a: Medicham|Knock Off|p2a: Slowking\n|-supereffective|p2a: Slowking\n|-damage|p2a: Slowking|12\/100 par\n|-enditem|p2a: Slowking|Heavy-Duty Boots|[from] move: Knock Off|[of] p1a: Medicham\n|move|p2a: Slowking|Toxic|p1a: Medicham\n|-status|p1a: Medicham|tox\n|\n|-damage|p1a: Medicham|95\/100 tox|[from] psn\n|upkeep\n|turn|21\n|\n|t:|1698280955\n|switch|p2a: Ribombee|Ribombee, M|100\/100\n|move|p1a: Medicham|U-turn|p2a: Ribombee\n|-resisted|p2a: Ribombee\n|-damage|p2a: Ribombee|79\/100\n|\n|t:|1698280958\n|switch|p1a: Medicham|Medicham, F|100\/100|[from] U-turn\n|\n|upkeep\n|turn|22\n|\n|t:|1698280964\n|move|p1a: Medicham|Rock Slide|p2a: Ribombee\n|-supereffective|p2a: Ribombee\n|-damage|p2a: Ribombee|0 fnt\n|faint|p2a: Ribombee\n|\n|upkeep\n|\n|t:|1698280973\n|switch|p2a: Medicham|Medicham, M|46\/100\n|turn|23\n|\n|t:|1698280979\n|switch|p1a: Medicham|Medicham, F|95\/100 tox\n|move|p2a: Medicham|Fake Out|p1a: Medicham\n|-immune|p1a: Medicham\n|\n|-damage|p1a: Medicham|89\/100 tox|[from] psn\n|upkeep\n|turn|24\n|\n|t:|1698280993\n|move|p1a: Medicham|Body Slam|p2a: Medicham\n|-damage|p2a: Medicham|0 fnt\n|faint|p2a: Medicham\n|\n|-damage|p1a: Medicham|77\/100 tox|[from] psn\n|upkeep\n|\n|t:|1698281007\n|switch|p2a: Palafin|Palafin-Hero, F, tera:Ghost|63\/100 par\n|turn|25\n|\n|t:|1698281011\n|move|p1a: Medicham|Knock Off|p2a: Palafin\n|-supereffective|p2a: Palafin\n|-damage|p2a: Palafin|2\/100 par\n|-enditem|p2a: Palafin|Choice Specs|[from] move: Knock Off|[of] p1a: Medicham\n|move|p2a: Palafin|Blizzard|p1a: Medicham\n|-damage|p1a: Medicham|0 fnt\n|replace|p1a: Zoroark|Zoroark-Hisui, F\n|-end|p1a: Zoroark|Illusion\n|faint|p1a: Zoroark\n|\n|upkeep\n|\n|t:|1698281019\n|switch|p1a: Palafin|Palafin, F|100\/100\n|turn|26\n|\n|t:|1698281024\n|detailschange|p1a: Palafin|Palafin-Hero, F\n|switch|p1a: Toedscruel|Toedscruel, F|100\/100\n|switch|p2a: Slowking|Slowking-Galar, M|46\/100 par\n|\n|upkeep\n|turn|27\n|\n|t:|1698281030\n|switch|p2a: Palafin|Palafin-Hero, F, tera:Ghost|2\/100 par\n|move|p1a: Toedscruel|Spore||[still]\n|-fail|p1a: Toedscruel\n|\n|upkeep\n|turn|28\n|\n|t:|1698281036\n|move|p1a: Toedscruel|Knock Off|p2a: Palafin\n|-supereffective|p2a: Palafin\n|-damage|p2a: Palafin|0 fnt\n|faint|p2a: Palafin\n|\n|upkeep\n|\n|t:|1698281042\n|switch|p2a: Slowking|Slowking-Galar, M|79\/100 par\n|turn|29\n|\n|t:|1698281046\n|move|p2a: Slowking|Toxic|p1a: Toedscruel\n|-status|p1a: Toedscruel|tox\n|move|p1a: Toedscruel|Leech Seed|p2a: Slowking\n|-start|p2a: Slowking|move: Leech Seed\n|\n|-damage|p2a: Slowking|66\/100 par|[from] Leech Seed|[of] p1a: Toedscruel\n|-damage|p1a: Toedscruel|94\/100 tox|[from] psn\n|upkeep\n|turn|30\n|\n|t:|1698281050\n|move|p2a: Slowking|Chilly Reception|p2a: Slowking\n|-weather|Snow\n|\n|t:|1698281052\n|switch|p2a: Enamorus|Enamorus, F|100\/100|[from] Chilly Reception\n|move|p1a: Toedscruel|Spore|p2a: Enamorus\n|-status|p2a: Enamorus|slp|[from] move: Spore\n|\n|-weather|Snow|[upkeep]\n|-damage|p1a: Toedscruel|82\/100 tox|[from] psn\n|upkeep\n|turn|31\n|\n|t:|1698281055\n|switch|p1a: Palafin|Palafin-Hero, F|100\/100\n|-activate|p1a: Palafin|ability: Zero to Hero\n|cant|p2a: Enamorus|slp\n|\n|-weather|Snow|[upkeep]\n|upkeep\n|turn|32\n|\n|t:|1698281058\n|switch|p2a: Slowking|Slowking-Galar, M|99\/100 par\n|-terastallize|p1a: Palafin|Normal\n|move|p1a: Palafin|Boomburst|p2a: Slowking\n|-damage|p2a: Slowking|19\/100 par\n|\n|-weather|Snow|[upkeep]\n|upkeep\n|turn|33\n|\n|t:|1698281061\n|move|p1a: Palafin|Boomburst|p2a: Slowking\n|-damage|p2a: Slowking|0 fnt\n|faint|p2a: Slowking\n|\n|-weather|Snow|[upkeep]\n|upkeep\n|\n|t:|1698281062\n|switch|p2a: Enamorus|Enamorus, F|100\/100 slp\n|turn|34\n|\n|t:|1698281064\n|-curestatus|p2a: Enamorus|slp|[msg]\n|move|p2a: Enamorus|Superpower|p1a: Palafin\n|-supereffective|p1a: Palafin\n|-damage|p1a: Palafin|0 fnt\n|-boost|p2a: Enamorus|atk|1\n|-boost|p2a: Enamorus|def|1\n|faint|p1a: Palafin\n|-damage|p2a: Enamorus|91\/100|[from] item: Life Orb\n|\n|-weather|none\n|upkeep\n|c|\u2606godiamsosorry|LMAO\n|c|\u2606godiamsosorry|Gg\n|\n|t:|1698281071\n|switch|p1a: Medicham|Medicham, F|100\/100\n|turn|35\n|c|\u2606Scampton|ggs\n|\n|t:|1698281078\n|move|p1a: Medicham|Rock Slide|p2a: Enamorus\n|-supereffective|p2a: Enamorus\n|-damage|p2a: Enamorus|17\/100\n|move|p2a: Enamorus|Play Rough|p1a: Medicham\n|-supereffective|p1a: Medicham\n|-damage|p1a: Medicham|0 fnt\n|faint|p1a: Medicham\n|-damage|p2a: Enamorus|8\/100|[from] item: Life Orb\n|\n|upkeep\n|\n|t:|1698281083\n|switch|p1a: Toedscruel|Toedscruel, F|82\/100 tox\n|turn|36\n|\n|t:|1698281093\n|move|p2a: Enamorus|Superpower|p1a: Toedscruel\n|-damage|p1a: Toedscruel|0 fnt\n|-boost|p2a: Enamorus|atk|1\n|-boost|p2a: Enamorus|def|1\n|faint|p1a: Toedscruel\n|-damage|p2a: Enamorus|0 fnt|[from] item: Life Orb\n|faint|p2a: Enamorus\n|\n|win|Scampton\n|c|\u2606godiamsosorry|Upload to the sus channel...\n","uploadtime":1698281100,"views":19,"p1id":"godiamsosorry","p2id":"scampton","formatid":"gen9ubers","rating":0,"private":0,"password":""}