{"id":"gen9ubers-1979802148","p1":"FatalOblivion","p2":"WowACow","format":"[Gen 9] Ubers","log":"|j|\u2606FatalOblivion\n|j|\u2606WowACow\n|t:|1698714736\n|gametype|singles\n|player|p1|FatalOblivion|marley|\n|player|p2|WowACow|hooligans|\n|teamsize|p1|6\n|teamsize|p2|6\n|gen|9\n|tier|[Gen 9] Ubers\n|rule|Sleep Clause Mod: Limit one foe put to sleep\n|rule|Species Clause: Limit one of each Pok\u00e9mon\n|rule|OHKO Clause: OHKO moves are banned\n|rule|Evasion Items Clause: Evasion items are banned\n|rule|Evasion Moves Clause: Evasion moves are banned\n|rule|Endless Battle Clause: Forcing endless battles is banned\n|rule|HP Percentage Mod: HP is shown in percentages\n|clearpoke\n|poke|p1|Dragapult, F|\n|poke|p1|Palafin, F|\n|poke|p1|Ribombee, F|\n|poke|p1|Iron Valiant|\n|poke|p1|Enamorus, F|\n|poke|p1|Arceus|\n|poke|p2|Iron Valiant|\n|poke|p2|Magearna|\n|poke|p2|Groudon|\n|poke|p2|Greninja-*, M|\n|poke|p2|Rayquaza|\n|poke|p2|Arceus|\n|teampreview\n|inactive|Battle timer is ON: inactive players will automatically lose when time's up. (requested by FatalOblivion)\n|c|\u2606FatalOblivion|Took you long enough\n|\n|t:|1698714747\n|start\n|switch|p1a: Ribombee|Ribombee, F|100\/100\n|switch|p2a: Arceus|Arceus|100\/100\n|turn|1\n|c|\u2606WowACow|Sorry\n|\n|t:|1698714754\n|move|p1a: Ribombee|Sticky Web|p2a: Arceus\n|-sidestart|p2: WowACow|move: Sticky Web\n|move|p2a: Arceus|Reflect|p2a: Arceus\n|-sidestart|p2: WowACow|Reflect\n|\n|upkeep\n|turn|2\n|\n|t:|1698714757\n|move|p1a: Ribombee|Stun Spore|p2a: Arceus\n|-status|p2a: Arceus|par\n|move|p2a: Arceus|Light Screen|p2a: Arceus\n|-sidestart|p2: WowACow|move: Light Screen\n|\n|upkeep\n|turn|3\n|\n|t:|1698714762\n|move|p1a: Ribombee|U-turn|p2a: Arceus\n|-damage|p2a: Arceus|94\/100 par\n|\n|t:|1698714765\n|switch|p1a: Iron Valiant|Iron Valiant|100\/100|[from] U-turn\n|-enditem|p1a: Iron Valiant|Booster Energy\n|-activate|p1a: Iron Valiant|ability: Quark Drive|[fromitem]\n|-start|p1a: Iron Valiant|quarkdrivespe\n|move|p2a: Arceus|Taunt|p1a: Iron Valiant\n|-start|p1a: Iron Valiant|move: Taunt\n|\n|upkeep\n|turn|4\n|\n|t:|1698714775\n|switch|p2a: Magearna|Magearna|100\/100\n|-activate|p2a: Magearna|move: Sticky Web\n|-unboost|p2a: Magearna|spe|1\n|move|p1a: Iron Valiant|Aura Sphere|p2a: Magearna\n|-damage|p2a: Magearna|82\/100\n|\n|-heal|p2a: Magearna|88\/100|[from] item: Leftovers\n|upkeep\n|turn|5\n|c|\u2606WowACow|Mic testing\n|inactive|FatalOblivion has 270 seconds left.\n|c|\u2606WowACow|Ok it works\n|inactive|FatalOblivion has 240 seconds left.\n|\n|t:|1698714840\n|-end|p1a: Iron Valiant|Quark Drive|[silent]\n|switch|p1a: Arceus|Arceus|100\/100\n|move|p2a: Magearna|Shift Gear|p2a: Magearna\n|-boost|p2a: Magearna|spe|2\n|-boost|p2a: Magearna|atk|1\n|\n|-heal|p2a: Magearna|94\/100|[from] item: Leftovers\n|upkeep\n|turn|6\n|inactive|FatalOblivion has 240 seconds left.\n|\n|t:|1698714846\n|move|p2a: Magearna|Shift Gear|p2a: Magearna\n|-boost|p2a: Magearna|spe|2\n|-boost|p2a: Magearna|atk|1\n|move|p1a: Arceus|Swords Dance|p1a: Arceus\n|-boost|p1a: Arceus|atk|2\n|\n|-heal|p2a: Magearna|99\/100|[from] item: Leftovers\n|upkeep\n|turn|7\n|\n|t:|1698714851\n|-terastallize|p2a: Magearna|Steel\n|move|p2a: Magearna|Iron Head|p1a: Arceus\n|-damage|p1a: Arceus|32\/100\n|cant|p1a: Arceus|flinch\n|\n|-heal|p2a: Magearna|100\/100|[from] item: Leftovers\n|upkeep\n|turn|8\n|c|\u2606FatalOblivion|Bruh\n|c|\u2606WowACow|Hehe\n|inactive|FatalOblivion has 240 seconds left.\n|c|\u2606WowACow|Did it even ko\n|\n|t:|1698714885\n|move|p1a: Arceus|Extreme Speed|p2a: Magearna\n|-resisted|p2a: Magearna\n|-damage|p2a: Magearna|74\/100\n|move|p2a: Magearna|Iron Head|p1a: Arceus\n|-damage|p1a: Arceus|0 fnt\n|faint|p1a: Arceus\n|-ability|p2a: Magearna|Soul-Heart|boost\n|-boost|p2a: Magearna|spa|1\n|\n|-heal|p2a: Magearna|80\/100|[from] item: Leftovers\n|-sideend|p2: WowACow|Reflect\n|upkeep\n|\n|t:|1698714887\n|switch|p1a: Ribombee|Ribombee, F|100\/100\n|turn|9\n|c|\u2606WowACow|Oh it did\n|\n|t:|1698714895\n|move|p2a: Magearna|Shift Gear|p2a: Magearna\n|-boost|p2a: Magearna|spe|2\n|-boost|p2a: Magearna|atk|1\n|move|p1a: Ribombee|Stun Spore|p2a: Magearna\n|-status|p2a: Magearna|par\n|\n|-heal|p2a: Magearna|86\/100 par|[from] item: Leftovers\n|-sideend|p2: WowACow|move: Light Screen\n|upkeep\n|turn|10\n|inactive|FatalOblivion has 240 seconds left.\n|\n|t:|1698714910\n|move|p2a: Magearna|Shift Gear|p2a: Magearna\n|-boost|p2a: Magearna|spe|1\n|-boost|p2a: Magearna|atk|1\n|move|p1a: Ribombee|U-turn|p2a: Magearna\n|-resisted|p2a: Magearna\n|-damage|p2a: Magearna|75\/100 par\n|inactive|FatalOblivion has 240 seconds left.\n|c|\u2606WowACow|Ok now faster than scarf enam\n|\n|t:|1698714922\n|switch|p1a: Dragapult|Dragapult, F|100\/100|[from] U-turn\n|\n|-heal|p2a: Magearna|81\/100 par|[from] item: Leftovers\n|upkeep\n|turn|11\n|\n|t:|1698714924\n|move|p2a: Magearna|Play Rough|p1a: Dragapult|[miss]\n|-miss|p2a: Magearna|p1a: Dragapult\n|move|p1a: Dragapult|Shadow Ball|p2a: Magearna\n|-damage|p2a: Magearna|32\/100 par\n|-unboost|p2a: Magearna|spd|1\n|\n|-heal|p2a: Magearna|38\/100 par|[from] item: Leftovers\n|upkeep\n|turn|12\n|c|\u2606WowACow|Makes up for it\n|\n|t:|1698714931\n|cant|p2a: Magearna|par\n|move|p1a: Dragapult|Shadow Ball|p2a: Magearna\n|-damage|p2a: Magearna|0 fnt\n|faint|p2a: Magearna\n|\n|upkeep\n|c|\u2606FatalOblivion|Let's go\n|\n|t:|1698714937\n|switch|p2a: Greninja|Greninja, M|100\/100\n|-activate|p2a: Greninja|move: Sticky Web\n|-unboost|p2a: Greninja|spe|1\n|turn|13\n|c|\u2606FatalOblivion|Bish\n|\n|t:|1698714942\n|switch|p1a: Enamorus|Enamorus, F|100\/100\n|move|p2a: Greninja|Liquidation|p1a: Enamorus\n|-damage|p1a: Enamorus|41\/100\n|\n|-heal|p1a: Enamorus|48\/100|[from] item: Leftovers\n|upkeep\n|turn|14\n|inactive|FatalOblivion has 270 seconds left.\n|\n|t:|1698714954\n|move|p1a: Enamorus|Superpower|p2a: Greninja\n|-supereffective|p2a: Greninja\n|-damage|p2a: Greninja|0 fnt\n|-boost|p1a: Enamorus|atk|1\n|-boost|p1a: Enamorus|def|1\n|faint|p2a: Greninja\n|\n|-heal|p1a: Enamorus|54\/100|[from] item: Leftovers\n|upkeep\n|\n|t:|1698714957\n|switch|p2a: Rayquaza|Rayquaza|100\/100\n|-ability|p2a: Rayquaza|Air Lock\n|turn|15\n|\n|t:|1698714961\n|move|p2a: Rayquaza|Extreme Speed|p1a: Enamorus\n|-crit|p1a: Enamorus\n|-damage|p1a: Enamorus|0 fnt\n|faint|p1a: Enamorus\n|\n|upkeep\n|c|\u2606WowACow|Hah\n|c|\u2606FatalOblivion|.....\n|\n|t:|1698714971\n|switch|p1a: Dragapult|Dragapult, F|100\/100\n|turn|16\n|c|\u2606WowACow|Choice band go\n|\n|t:|1698714980\n|move|p1a: Dragapult|Shadow Ball|p2a: Rayquaza\n|-damage|p2a: Rayquaza|47\/100\n|move|p2a: Rayquaza|Scale Shot|p1a: Dragapult\n|-supereffective|p1a: Dragapult\n|-damage|p1a: Dragapult|54\/100\n|-supereffective|p1a: Dragapult\n|-damage|p1a: Dragapult|13\/100\n|-supereffective|p1a: Dragapult\n|-damage|p1a: Dragapult|0 fnt\n|faint|p1a: Dragapult\n|-hitcount|p1: Dragapult|3\n|-unboost|p2a: Rayquaza|def|1\n|-boost|p2a: Rayquaza|spe|1\n|\n|upkeep\n|\n|t:|1698714987\n|switch|p1a: Iron Valiant|Iron Valiant|100\/100\n|turn|17\n|\n|t:|1698714991\n|move|p2a: Rayquaza|Dragon Ascent|p1a: Iron Valiant\n|-supereffective|p1a: Iron Valiant\n|-damage|p1a: Iron Valiant|0 fnt\n|-unboost|p2a: Rayquaza|def|1\n|-unboost|p2a: Rayquaza|spd|1\n|faint|p1a: Iron Valiant\n|-end|p1a: Iron Valiant|Quark Drive|[silent]\n|\n|upkeep\n|\n|t:|1698714994\n|switch|p1a: Ribombee|Ribombee, F|100\/100\n|turn|18\n|\n|t:|1698715001\n|switch|p2a: Arceus|Arceus|94\/100 par\n|-activate|p2a: Arceus|move: Sticky Web\n|-unboost|p2a: Arceus|spe|1\n|move|p1a: Ribombee|Acrobatics|p2a: Arceus\n|-damage|p2a: Arceus|86\/100 par\n|\n|upkeep\n|turn|19\n|\n|t:|1698715006\n|move|p1a: Ribombee|U-turn|p2a: Arceus\n|-damage|p2a: Arceus|72\/100 par\n|\n|t:|1698715008\n|switch|p1a: Palafin|Palafin, F|100\/100|[from] U-turn\n|move|p2a: Arceus|Healing Wish|p2a: Arceus\n|faint|p2a: Arceus\n|\n|upkeep\n|c|\u2606FatalOblivion|The hax this game\n|\n|t:|1698715013\n|switch|p2a: Rayquaza|Rayquaza|47\/100\n|-heal|p2a: Rayquaza|100\/100|[from] move: Healing Wish\n|-ability|p2a: Rayquaza|Air Lock\n|turn|20\n|\n|t:|1698715019\n|move|p1a: Palafin|Ice Beam|p2a: Rayquaza\n|-supereffective|p2a: Rayquaza\n|-damage|p2a: Rayquaza|28\/100\n|move|p2a: Rayquaza|Scale Shot|p1a: Palafin\n|-damage|p1a: Palafin|80\/100\n|-damage|p1a: Palafin|59\/100\n|-damage|p1a: Palafin|39\/100\n|-damage|p1a: Palafin|18\/100\n|-damage|p1a: Palafin|0 fnt\n|faint|p1a: Palafin\n|-hitcount|p1: Palafin|5\n|-unboost|p2a: Rayquaza|def|1\n|-boost|p2a: Rayquaza|spe|1\n|\n|upkeep\n|c|\u2606FatalOblivion|Yea\n|-message|FatalOblivion forfeited.\n|\n|win|WowACow\n|l|\u2606FatalOblivion\n|c|\u2606WowACow|Gg\n","uploadtime":1698715051,"views":19,"p1id":"fataloblivion","p2id":"wowacow","formatid":"gen9ubers","rating":0,"private":0,"password":""}