{"id":"gen9ubers-1976218873","p1":"kirimissing","p2":"Nitro524","format":"[Gen 9] Ubers","log":"|j|\u2606kirimissing\n|j|\u2606Nitro524\n|t:|1698275039\n|gametype|singles\n|player|p1|kirimissing|raifort|\n|player|p2|Nitro524|170|\n|teamsize|p1|6\n|teamsize|p2|6\n|gen|9\n|tier|[Gen 9] Ubers\n|rule|Sleep Clause Mod: Limit one foe put to sleep\n|rule|Species Clause: Limit one of each Pok\u00e9mon\n|rule|OHKO Clause: OHKO moves are banned\n|rule|Evasion Items Clause: Evasion items are banned\n|rule|Evasion Moves Clause: Evasion moves are banned\n|rule|Endless Battle Clause: Forcing endless battles is banned\n|rule|HP Percentage Mod: HP is shown in percentages\n|clearpoke\n|poke|p1|Scizor, M|\n|poke|p1|Haxorus, F|\n|poke|p1|Ninetales-Alola, F|\n|poke|p1|Espathra, F|\n|poke|p1|Volcarona, M|\n|poke|p1|Alomomola, M|\n|poke|p2|Zacian-*|\n|poke|p2|Palkia-Origin|\n|poke|p2|Shaymin-Sky|\n|poke|p2|Chi-Yu|\n|poke|p2|Cyclizar, F|\n|poke|p2|Magearna|\n|teampreview\n|\n|t:|1698275053\n|start\n|switch|p1a: Alomomola|Alomomola, M|100\/100\n|switch|p2a: Cyclizar|Cyclizar, F|100\/100\n|turn|1\n|\n|t:|1698275066\n|switch|p1a: Espathra|Espathra, F|100\/100\n|move|p2a: Cyclizar|Taunt|p1a: Espathra\n|-start|p1a: Espathra|move: Taunt\n|\n|upkeep\n|turn|2\n|\n|t:|1698275070\n|switch|p1a: Ninetales|Ninetales-Alola, F|100\/100\n|-weather|Snow|[from] ability: Snow Warning|[of] p1a: Ninetales\n|move|p2a: Cyclizar|Shed Tail|p2a: Cyclizar\n|-start|p2a: Cyclizar|Substitute|[from] move: Shed Tail\n|-damage|p2a: Cyclizar|50\/100\n|\n|t:|1698275080\n|switch|p2a: Magearna|Magearna|100\/100|[from] Shed Tail\n|\n|-weather|Snow|[upkeep]\n|upkeep\n|turn|3\n|\n|t:|1698275083\n|-terastallize|p1a: Ninetales|Fire\n|move|p2a: Magearna|Calm Mind|p2a: Magearna\n|-boost|p2a: Magearna|spa|1\n|-boost|p2a: Magearna|spd|1\n|move|p1a: Ninetales|Roar|p2a: Magearna\n|drag|p2a: Palkia|Palkia-Origin|100\/100\n|-ability|p2a: Palkia|Pressure\n|\n|-weather|Snow|[upkeep]\n|upkeep\n|turn|4\n|\n|t:|1698275098\n|switch|p1a: Alomomola|Alomomola, M|100\/100\n|move|p2a: Palkia|Hydro Pump|p1a: Alomomola\n|-resisted|p1a: Alomomola\n|-damage|p1a: Alomomola|75\/100\n|\n|-weather|Snow|[upkeep]\n|-heal|p1a: Alomomola|81\/100|[from] item: Leftovers\n|upkeep\n|turn|5\n|c|\u2606Nitro524|the de-alolafication of ninetales\n|\n|t:|1698275110\n|move|p2a: Palkia|Substitute|p2a: Palkia\n|-start|p2a: Palkia|Substitute\n|-damage|p2a: Palkia|76\/100\n|move|p1a: Alomomola|Flip Turn|p2a: Palkia\n|-resisted|p2a: Palkia\n|-activate|p2a: Palkia|move: Substitute|[damage]\n|c|\u2606kirimissing|ye lol\n|\n|t:|1698275126\n|switch|p1a: Espathra|Espathra, F|100\/100|[from] Flip Turn\n|\n|-weather|Snow|[upkeep]\n|upkeep\n|turn|6\n|\n|t:|1698275132\n|move|p1a: Espathra|Protect|p1a: Espathra\n|-singleturn|p1a: Espathra|Protect\n|move|p2a: Palkia|Scale Shot|p1a: Espathra\n|-activate|p1a: Espathra|move: Protect\n|\n|-weather|none\n|-ability|p1a: Espathra|Speed Boost|boost\n|-boost|p1a: Espathra|spe|1\n|upkeep\n|turn|7\n|\n|t:|1698275137\n|switch|p1a: Ninetales|Ninetales-Alola, F, tera:Fire|100\/100\n|-weather|Snow|[from] ability: Snow Warning|[of] p1a: Ninetales\n|move|p2a: Palkia|Scale Shot|p1a: Ninetales|[miss]\n|-miss|p2a: Palkia|p1a: Ninetales\n|\n|-weather|Snow|[upkeep]\n|upkeep\n|turn|8\n|\n|t:|1698275145\n|move|p2a: Palkia|Hydro Pump|p1a: Ninetales\n|-supereffective|p1a: Ninetales\n|-damage|p1a: Ninetales|0 fnt\n|faint|p1a: Ninetales\n|\n|-weather|Snow|[upkeep]\n|upkeep\n|c|\u2606kirimissing|damn\n|c|\u2606kirimissing|i think i loose\n|\n|t:|1698275169\n|switch|p1a: Haxorus|Haxorus, F, shiny|100\/100\n|-ability|p1a: Haxorus|Mold Breaker\n|turn|9\n|c|\u2606Nitro524|i've been building thse teams for a fat minute now\n|c|\u2606Nitro524|these\n|\n|t:|1698275186\n|move|p2a: Palkia|Scale Shot|p1a: Haxorus\n|-supereffective|p1a: Haxorus\n|-damage|p1a: Haxorus|79\/100\n|-supereffective|p1a: Haxorus\n|-damage|p1a: Haxorus|57\/100\n|-hitcount|p1a: Haxorus|2\n|-unboost|p2a: Palkia|def|1\n|-boost|p2a: Palkia|spe|1\n|move|p1a: Haxorus|Scale Shot|p2a: Palkia\n|-supereffective|p2a: Palkia\n|-end|p2a: Palkia|Substitute\n|-supereffective|p2a: Palkia\n|-damage|p2a: Palkia|30\/100\n|-supereffective|p2a: Palkia\n|-crit|p2a: Palkia\n|-damage|p2a: Palkia|0 fnt\n|faint|p2a: Palkia\n|-hitcount|p2: Palkia|3\n|-unboost|p1a: Haxorus|def|1\n|-boost|p1a: Haxorus|spe|1\n|\n|-weather|Snow|[upkeep]\n|upkeep\n|\n|t:|1698275191\n|switch|p2a: Zacian|Zacian|100\/100\n|-ability|p2a: Zacian|Intrepid Sword|boost\n|-boost|p2a: Zacian|atk|1\n|turn|10\n|c|\u2606kirimissing|oop maybe not\n|c|\u2606kirimissing|thats not a loaded dice\n|c|\u2606Nitro524|alas\n|\n|t:|1698275214\n|switch|p1a: Alomomola|Alomomola, M|100\/100\n|move|p2a: Zacian|Play Rough|p1a: Alomomola\n|-damage|p1a: Alomomola|46\/100\n|\n|-weather|Snow|[upkeep]\n|-heal|p1a: Alomomola|52\/100|[from] item: Leftovers\n|upkeep\n|turn|11\n|c|\u2606Nitro524|no item for palkio\n|\n|t:|1698275220\n|move|p2a: Zacian|Swords Dance|p2a: Zacian\n|-boost|p2a: Zacian|atk|2\n|move|p1a: Alomomola|Wish|p1a: Alomomola\n|\n|-weather|none\n|-heal|p1a: Alomomola|58\/100|[from] item: Leftovers\n|upkeep\n|turn|12\n|\n|t:|1698275225\n|switch|p1a: Scizor|Scizor, M|100\/100\n|move|p2a: Zacian|Swords Dance|p2a: Zacian\n|-boost|p2a: Zacian|atk|2\n|\n|upkeep\n|turn|13\n|\n|t:|1698275232\n|move|p1a: Scizor|Bullet Punch|p2a: Zacian\n|-supereffective|p2a: Zacian\n|-damage|p2a: Zacian|19\/100\n|-damage|p1a: Scizor|91\/100|[from] item: Life Orb\n|move|p2a: Zacian|Close Combat|p1a: Scizor\n|-damage|p1a: Scizor|0 fnt\n|-unboost|p2a: Zacian|def|1\n|-unboost|p2a: Zacian|spd|1\n|faint|p1a: Scizor\n|\n|upkeep\n|\n|t:|1698275237\n|switch|p1a: Espathra|Espathra, F|100\/100\n|turn|14\n|\n|t:|1698275241\n|move|p1a: Espathra|Protect|p1a: Espathra\n|-singleturn|p1a: Espathra|Protect\n|move|p2a: Zacian|Play Rough|p1a: Espathra\n|-activate|p1a: Espathra|move: Protect\n|\n|-ability|p1a: Espathra|Speed Boost|boost\n|-boost|p1a: Espathra|spe|1\n|upkeep\n|turn|15\n|\n|t:|1698275248\n|move|p1a: Espathra|Stored Power|p2a: Zacian\n|-damage|p2a: Zacian|0 fnt\n|faint|p2a: Zacian\n|-damage|p1a: Espathra|91\/100|[from] item: Life Orb\n|\n|-ability|p1a: Espathra|Speed Boost|boost\n|-boost|p1a: Espathra|spe|1\n|upkeep\n|\n|t:|1698275252\n|switch|p2a: Chi-Yu|Chi-Yu|100\/100\n|-ability|p2a: Chi-Yu|Beads of Ruin\n|turn|16\n|\n|t:|1698275257\n|move|p1a: Espathra|Protect|p1a: Espathra\n|-singleturn|p1a: Espathra|Protect\n|move|p2a: Chi-Yu|Dark Pulse|p1a: Espathra\n|-activate|p1a: Espathra|move: Protect\n|\n|-ability|p1a: Espathra|Speed Boost|boost\n|-boost|p1a: Espathra|spe|1\n|upkeep\n|turn|17\n|\n|t:|1698275270\n|switch|p1a: Haxorus|Haxorus, F, shiny|57\/100\n|-ability|p1a: Haxorus|Mold Breaker\n|move|p2a: Chi-Yu|Dark Pulse|p1a: Haxorus\n|-damage|p1a: Haxorus|0 fnt\n|faint|p1a: Haxorus\n|\n|upkeep\n|\n|t:|1698275273\n|switch|p1a: Volcarona|Volcarona, M|100\/100\n|turn|18\n|\n|t:|1698275289\n|move|p2a: Chi-Yu|Dark Pulse|p1a: Volcarona\n|-damage|p1a: Volcarona|37\/100\n|move|p1a: Volcarona|Quiver Dance|p1a: Volcarona\n|-boost|p1a: Volcarona|spa|1\n|-boost|p1a: Volcarona|spd|1\n|-boost|p1a: Volcarona|spe|1\n|\n|upkeep\n|turn|19\n|\n|t:|1698275310\n|switch|p2a: Magearna|Magearna|100\/100\n|move|p1a: Volcarona|Quiver Dance|p1a: Volcarona\n|-boost|p1a: Volcarona|spa|1\n|-boost|p1a: Volcarona|spd|1\n|-boost|p1a: Volcarona|spe|1\n|\n|upkeep\n|turn|20\n|\n|t:|1698275327\n|-terastallize|p2a: Magearna|Water\n|move|p1a: Volcarona|Fiery Dance|p2a: Magearna\n|-resisted|p2a: Magearna\n|-damage|p2a: Magearna|65\/100\n|move|p2a: Magearna|Calm Mind|p2a: Magearna\n|-boost|p2a: Magearna|spa|1\n|-boost|p2a: Magearna|spd|1\n|\n|-heal|p2a: Magearna|71\/100|[from] item: Leftovers\n|upkeep\n|turn|21\n|\n|t:|1698275337\n|move|p1a: Volcarona|Giga Drain|p2a: Magearna\n|-supereffective|p2a: Magearna\n|-damage|p2a: Magearna|6\/100\n|-heal|p1a: Volcarona|75\/100|[from] drain|[of] p2a: Magearna\n|move|p2a: Magearna|Calm Mind|p2a: Magearna\n|-boost|p2a: Magearna|spa|1\n|-boost|p2a: Magearna|spd|1\n|\n|-heal|p2a: Magearna|12\/100|[from] item: Leftovers\n|upkeep\n|turn|22\n|\n|t:|1698275349\n|switch|p2a: Shaymin|Shaymin-Sky|100\/100\n|move|p1a: Volcarona|Giga Drain|p2a: Shaymin\n|-resisted|p2a: Shaymin\n|-damage|p2a: Shaymin|83\/100\n|-heal|p1a: Volcarona|84\/100|[from] drain|[of] p2a: Shaymin\n|\n|upkeep\n|turn|23\n|\n|t:|1698275355\n|move|p1a: Volcarona|Fiery Dance|p2a: Shaymin\n|-supereffective|p2a: Shaymin\n|-damage|p2a: Shaymin|0 fnt\n|-boost|p1a: Volcarona|spa|1\n|faint|p2a: Shaymin\n|\n|upkeep\n|\n|t:|1698275359\n|switch|p2a: Cyclizar|Cyclizar, F|84\/100\n|turn|24\n|\n|t:|1698275365\n|move|p1a: Volcarona|Tera Blast|p2a: Cyclizar\n|-damage|p2a: Cyclizar|0 fnt\n|faint|p2a: Cyclizar\n|\n|upkeep\n|\n|t:|1698275369\n|switch|p2a: Chi-Yu|Chi-Yu|100\/100\n|-ability|p2a: Chi-Yu|Beads of Ruin\n|turn|25\n|\n|t:|1698275379\n|move|p1a: Volcarona|Tera Blast|p2a: Chi-Yu\n|-damage|p2a: Chi-Yu|11\/100\n|move|p2a: Chi-Yu|Dark Pulse|p1a: Volcarona\n|-damage|p1a: Volcarona|53\/100\n|\n|upkeep\n|turn|26\n|\n|t:|1698275384\n|switch|p2a: Magearna|Magearna, tera:Water|12\/100\n|move|p1a: Volcarona|Tera Blast|p2a: Magearna\n|-damage|p2a: Magearna|0 fnt\n|faint|p2a: Magearna\n|\n|upkeep\n|\n|t:|1698275386\n|switch|p2a: Chi-Yu|Chi-Yu|11\/100\n|-ability|p2a: Chi-Yu|Beads of Ruin\n|turn|27\n|\n|t:|1698275388\n|move|p1a: Volcarona|Tera Blast|p2a: Chi-Yu\n|-damage|p2a: Chi-Yu|0 fnt\n|faint|p2a: Chi-Yu\n|\n|win|kirimissing\n|c|\u2606Nitro524|ggs\n|c|\u2606kirimissing|ggs volcarona is too stronk with 1 quiver\n|c|\u2606Nitro524|oh definitely\n|c|\u2606kirimissing|let alone 2\n|c|\u2606Nitro524|absolutely love using it\n|c|\u2606kirimissing|2\/3?\n|c|\u2606Nitro524|sure\n|l|\u2606kirimissing\n","uploadtime":1698275457,"views":9,"p1id":"kirimissing","p2id":"nitro524","formatid":"gen9ubers","rating":0,"private":0,"password":""}