{"id":"gen9ubers-1984173019","p1":"mann_treads","p2":"GratedsShtickface","format":"[Gen 9] Ubers","log":"|j|\u2606mann_treads\n|j|\u2606GratedsShtickface\n|t:|1699226396\n|gametype|singles\n|player|p1|mann_treads|ariana|\n|player|p2|GratedsShtickface|hiker-gen4|\n|teamsize|p1|6\n|teamsize|p2|6\n|gen|9\n|tier|[Gen 9] Ubers\n|rule|Sleep Clause Mod: Limit one foe put to sleep\n|rule|Species Clause: Limit one of each Pok\u00e9mon\n|rule|OHKO Clause: OHKO moves are banned\n|rule|Evasion Items Clause: Evasion items are banned\n|rule|Evasion Moves Clause: Evasion moves are banned\n|rule|Endless Battle Clause: Forcing endless battles is banned\n|rule|HP Percentage Mod: HP is shown in percentages\n|clearpoke\n|poke|p1|Pelipper, F|\n|poke|p1|Overqwil, F|\n|poke|p1|Walking Wake|\n|poke|p1|Zapdos|\n|poke|p1|Arceus-Grass|\n|poke|p1|Zacian-*|\n|poke|p2|Rillaboom, M|\n|poke|p2|Sneasler, M|\n|poke|p2|Espathra, M|\n|poke|p2|Magearna|\n|poke|p2|Arceus-Fire|\n|poke|p2|Palafin, M|\n|teampreview\n|c|\u2606GratedsShtickface|glhf\n|c|\u2606mann_treads|glhf\n|\n|t:|1699226421\n|start\n|switch|p1a: Pelipper|Pelipper, F|100\/100\n|switch|p2a: Magearna|Magearna|100\/100\n|-weather|RainDance|[from] ability: Drizzle|[of] p1a: Pelipper\n|turn|1\n|\n|t:|1699226429\n|move|p2a: Magearna|Thunder Wave|p1a: Pelipper\n|-status|p1a: Pelipper|par\n|cant|p1a: Pelipper|par\n|\n|-weather|RainDance|[upkeep]\n|upkeep\n|turn|2\n|\n|t:|1699226435\n|move|p2a: Magearna|Spikes|p1a: Pelipper\n|-sidestart|p1: mann_treads|Spikes\n|move|p1a: Pelipper|U-turn|p2a: Magearna\n|-resisted|p2a: Magearna\n|-damage|p2a: Magearna|99\/100\n|\n|t:|1699226441\n|switch|p1a: Arceus|Arceus-Grass|100\/100|[from] U-turn\n|-damage|p1a: Arceus|88\/100|[from] Spikes\n|\n|-weather|RainDance|[upkeep]\n|-heal|p2a: Magearna|100\/100|[from] item: Leftovers\n|upkeep\n|turn|3\n|\n|t:|1699226455\n|move|p1a: Arceus|Calm Mind|p1a: Arceus\n|-boost|p1a: Arceus|spa|1\n|-boost|p1a: Arceus|spd|1\n|move|p2a: Magearna|Spikes|p1a: Arceus\n|-sidestart|p1: mann_treads|Spikes\n|\n|-weather|RainDance|[upkeep]\n|upkeep\n|turn|4\n|\n|t:|1699226460\n|move|p1a: Arceus|Calm Mind|p1a: Arceus\n|-boost|p1a: Arceus|spa|1\n|-boost|p1a: Arceus|spd|1\n|move|p2a: Magearna|Volt Switch|p1a: Arceus\n|-resisted|p1a: Arceus\n|-damage|p1a: Arceus|85\/100\n|\n|t:|1699226478\n|switch|p2a: Random Finizen|Palafin, M|100\/100|[from] Volt Switch\n|\n|-weather|RainDance|[upkeep]\n|upkeep\n|turn|5\n|\n|t:|1699226489\n|detailschange|p2a: Random Finizen|Palafin-Hero, M\n|switch|p2a: Harambe|Rillaboom, M|100\/100\n|-fieldstart|move: Grassy Terrain|[from] ability: Grassy Surge|[of] p2a: Harambe\n|move|p1a: Arceus|Judgment|p2a: Harambe\n|-resisted|p2a: Harambe\n|-damage|p2a: Harambe|10\/100\n|\n|-weather|RainDance|[upkeep]\n|-heal|p1a: Arceus|91\/100|[from] Grassy Terrain\n|-heal|p2a: Harambe|16\/100|[from] Grassy Terrain\n|upkeep\n|turn|6\n|\n|t:|1699226501\n|switch|p2a: Magearna|Magearna|100\/100\n|move|p1a: Arceus|Earth Power|p2a: Magearna\n|-supereffective|p2a: Magearna\n|-damage|p2a: Magearna|24\/100\n|\n|-weather|RainDance|[upkeep]\n|-heal|p1a: Arceus|97\/100|[from] Grassy Terrain\n|-heal|p2a: Magearna|30\/100|[from] Grassy Terrain\n|-heal|p2a: Magearna|36\/100|[from] item: Leftovers\n|upkeep\n|turn|7\n|\n|t:|1699226508\n|move|p1a: Arceus|Judgment|p2a: Magearna\n|-resisted|p2a: Magearna\n|-damage|p2a: Magearna|0 fnt\n|faint|p2a: Magearna\n|\n|-weather|RainDance|[upkeep]\n|-heal|p1a: Arceus|100\/100|[from] Grassy Terrain\n|upkeep\n|\n|t:|1699226513\n|switch|p2a: Haha Long Boi|Sneasler, M, shiny|100\/100\n|-enditem|p2a: Haha Long Boi|Grassy Seed\n|-boost|p2a: Haha Long Boi|def|1|[from] item: Grassy Seed\n|turn|8\n|\n|t:|1699226522\n|-terastallize|p2a: Haha Long Boi|Flying\n|-terastallize|p1a: Arceus|Normal\n|move|p2a: Haha Long Boi|Swords Dance|p2a: Haha Long Boi\n|-boost|p2a: Haha Long Boi|atk|2\n|move|p1a: Arceus|Calm Mind|p1a: Arceus\n|-boost|p1a: Arceus|spa|1\n|-boost|p1a: Arceus|spd|1\n|\n|-weather|none\n|upkeep\n|turn|9\n|\n|t:|1699226532\n|move|p2a: Haha Long Boi|Close Combat|p1a: Arceus\n|-supereffective|p1a: Arceus\n|-damage|p1a: Arceus|0 fnt\n|-unboost|p2a: Haha Long Boi|def|1\n|-unboost|p2a: Haha Long Boi|spd|1\n|faint|p1a: Arceus\n|\n|-fieldend|move: Grassy Terrain\n|upkeep\n|\n|t:|1699226539\n|switch|p1a: Pelipper|Pelipper, F|100\/100 par\n|-weather|RainDance|[from] ability: Drizzle|[of] p1a: Pelipper\n|turn|10\n|\n|t:|1699226545\n|move|p2a: Haha Long Boi|Acrobatics|p1a: Pelipper\n|-damage|p1a: Pelipper|0 fnt\n|faint|p1a: Pelipper\n|\n|-weather|RainDance|[upkeep]\n|upkeep\n|\n|t:|1699226552\n|switch|p1a: Zapdos|Zapdos|100\/100\n|turn|11\n|\n|t:|1699226563\n|move|p2a: Haha Long Boi|Dire Claw|p1a: Zapdos\n|-damage|p1a: Zapdos|0 fnt\n|-status|p2a: Haha Long Boi|par|[from] ability: Static|[of] p1a: Zapdos\n|faint|p1a: Zapdos\n|\n|-weather|RainDance|[upkeep]\n|upkeep\n|\n|t:|1699226570\n|switch|p1a: Zacian|Zacian|100\/100\n|-damage|p1a: Zacian|84\/100|[from] Spikes\n|-ability|p1a: Zacian|Intrepid Sword|boost\n|-boost|p1a: Zacian|atk|1\n|turn|12\n|\n|t:|1699226576\n|move|p1a: Zacian|Play Rough|p2a: Haha Long Boi\n|-damage|p2a: Haha Long Boi|0 fnt\n|faint|p2a: Haha Long Boi\n|\n|-weather|RainDance|[upkeep]\n|upkeep\n|\n|t:|1699226595\n|switch|p2a: Random Finizen|Palafin-Hero, M|100\/100\n|-activate|p2a: Random Finizen|ability: Zero to Hero\n|turn|13\n|\n|t:|1699226621\n|switch|p1a: Walking Wake|Walking Wake|100\/100\n|-damage|p1a: Walking Wake|84\/100|[from] Spikes\n|-enditem|p1a: Walking Wake|Booster Energy\n|-activate|p1a: Walking Wake|ability: Protosynthesis|[fromitem]\n|-start|p1a: Walking Wake|protosynthesisspe\n|move|p2a: Random Finizen|Jet Punch|p1a: Walking Wake\n|-resisted|p1a: Walking Wake\n|-damage|p1a: Walking Wake|63\/100\n|\n|-weather|RainDance|[upkeep]\n|upkeep\n|turn|14\n|\n|t:|1699226637\n|move|p2a: Random Finizen|Jet Punch|p1a: Walking Wake\n|-resisted|p1a: Walking Wake\n|-damage|p1a: Walking Wake|40\/100\n|move|p1a: Walking Wake|Draco Meteor|p2a: Random Finizen|[miss]\n|-miss|p1a: Walking Wake|p2a: Random Finizen\n|\n|-weather|RainDance|[upkeep]\n|upkeep\n|turn|15\n|c|\u2606mann_treads|wtf\n|c|\u2606mann_treads|evil\n|\n|t:|1699226646\n|move|p2a: Random Finizen|Jet Punch|p1a: Walking Wake\n|-resisted|p1a: Walking Wake\n|-damage|p1a: Walking Wake|18\/100\n|move|p1a: Walking Wake|Draco Meteor|p2a: Random Finizen\n|-damage|p2a: Random Finizen|26\/100\n|-unboost|p1a: Walking Wake|spa|2\n|\n|-weather|RainDance|[upkeep]\n|upkeep\n|turn|16\n|c|\u2606GratedsShtickface|bruh\n|c|\u2606mann_treads|can u not use jet punch pls\n|\n|t:|1699226656\n|move|p2a: Random Finizen|Jet Punch|p1a: Walking Wake\n|-resisted|p1a: Walking Wake\n|-damage|p1a: Walking Wake|0 fnt\n|faint|p1a: Walking Wake\n|-end|p1a: Walking Wake|Protosynthesis|[silent]\n|\n|-weather|RainDance|[upkeep]\n|upkeep\n|c|\u2606mann_treads|:(\n|\n|t:|1699226663\n|switch|p1a: Zacian|Zacian|84\/100\n|-damage|p1a: Zacian|67\/100|[from] Spikes\n|turn|17\n|c|\u2606GratedsShtickface|I'm choice locked\n|c|\u2606mann_treads|ah\n|\n|t:|1699226670\n|move|p2a: Random Finizen|Jet Punch|p1a: Zacian\n|-damage|p1a: Zacian|0 fnt\n|faint|p1a: Zacian\n|\n|-weather|none\n|upkeep\n|\n|t:|1699226674\n|switch|p1a: Overqwil|Overqwil, F|100\/100\n|-damage|p1a: Overqwil|84\/100|[from] Spikes\n|turn|18\n|\n|t:|1699226689\n|move|p2a: Random Finizen|Jet Punch|p1a: Overqwil\n|-damage|p1a: Overqwil|17\/100\n|move|p1a: Overqwil|Swords Dance|p1a: Overqwil\n|-boost|p1a: Overqwil|atk|2\n|\n|upkeep\n|turn|19\n|c|\u2606mann_treads|gg\n|c|\u2606GratedsShtickface|Thank you, random finizen\n|\n|t:|1699226696\n|move|p2a: Random Finizen|Jet Punch|p1a: Overqwil\n|-damage|p1a: Overqwil|0 fnt\n|faint|p1a: Overqwil\n|\n|win|GratedsShtickface\n|c|\u2606GratedsShtickface|gg\n|l|\u2606mann_treads\n","uploadtime":1699226701,"views":16,"p1id":"manntreads","p2id":"gratedsshtickface","formatid":"gen9ubers","rating":0,"private":0,"password":""}