{"id":"gen9ubers-1967844976","p1":"Takatk","p2":"default0","format":"[Gen 9] Ubers","log":"|j|\u2606Takatk\n|j|\u2606default0\n|inactive|Battle timer is ON: inactive players will automatically lose when time's up.\n|t:|1697345801\n|gametype|singles\n|player|p1|Takatk|#scl3spartans|\n|player|p2|default0|skierf-gen4dp|\n|teamsize|p1|6\n|teamsize|p2|6\n|gen|9\n|tier|[Gen 9] Ubers\n|rated|Tournament battle\n|rule|Sleep Clause Mod: Limit one foe put to sleep\n|rule|Species Clause: Limit one of each Pok\u00e9mon\n|rule|OHKO Clause: OHKO moves are banned\n|rule|Evasion Items Clause: Evasion items are banned\n|rule|Evasion Moves Clause: Evasion moves are banned\n|rule|Endless Battle Clause: Forcing endless battles is banned\n|rule|HP Percentage Mod: HP is shown in percentages\n|clearpoke\n|poke|p1|Koraidon|\n|poke|p1|Miraidon|\n|poke|p1|Eternatus|\n|poke|p1|Kingambit, F|\n|poke|p1|Zacian-*|\n|poke|p1|Landorus-Therian, M|\n|poke|p2|Ting-Lu|\n|poke|p2|Eternatus|\n|poke|p2|Mewtwo|\n|poke|p2|Gliscor, M|\n|poke|p2|Arceus-Fairy|\n|poke|p2|Miraidon|\n|teampreview\n|j|*Lady Monita \u263d\n|inactive|Takatk also wants the timer to be on.\n|j| BB-8-NU\n|j| Troutinspace\n|c|\u2606Takatk|hf\n|\n|t:|1697345819\n|start\n|switch|p1a: Koraidon|Koraidon|100\/100\n|switch|p2a: Gliscor|Gliscor, M|100\/100\n|-weather|SunnyDay|[from] ability: Orichalcum Pulse|[of] p1a: Koraidon\n|-activate|p1a: Koraidon|Orichalcum Pulse|[source]\n|turn|1\n|c|\u2606default0|hf\n|\n|t:|1697345829\n|move|p1a: Koraidon|U-turn|p2a: Gliscor\n|-resisted|p2a: Gliscor\n|-damage|p2a: Gliscor|91\/100\n|j| Goomy Guy12345\n|\n|t:|1697345837\n|switch|p1a: Eternatus|Eternatus|100\/100|[from] U-turn\n|-ability|p1a: Eternatus|Pressure\n|move|p2a: Gliscor|Knock Off|p1a: Eternatus\n|-damage|p1a: Eternatus|84\/100\n|-enditem|p1a: Eternatus|Life Orb|[from] move: Knock Off|[of] p2a: Gliscor\n|\n|-weather|SunnyDay|[upkeep]\n|-status|p2a: Gliscor|tox|[from] item: Toxic Orb\n|upkeep\n|turn|2\n|\n|t:|1697345850\n|move|p2a: Gliscor|Protect|p2a: Gliscor\n|-singleturn|p2a: Gliscor|Protect\n|move|p1a: Eternatus|Dynamax Cannon|p2a: Gliscor\n|-activate|p2a: Gliscor|move: Protect\n|\n|-weather|SunnyDay|[upkeep]\n|-heal|p2a: Gliscor|100\/100 tox|[from] ability: Poison Heal\n|upkeep\n|turn|3\n|j| ZowwyCafe\u2764\n|\n|t:|1697345858\n|switch|p2a: Ting-Lu|Ting-Lu|100\/100\n|-ability|p2a: Ting-Lu|Vessel of Ruin\n|move|p1a: Eternatus|Dynamax Cannon|p2a: Ting-Lu\n|-damage|p2a: Ting-Lu|75\/100\n|\n|-weather|SunnyDay|[upkeep]\n|-heal|p2a: Ting-Lu|82\/100|[from] item: Leftovers\n|upkeep\n|turn|4\n|\n|t:|1697345864\n|switch|p1a: Landorus|Landorus-Therian, M|100\/100\n|-ability|p1a: Landorus|Intimidate|boost\n|-unboost|p2a: Ting-Lu|atk|1\n|move|p2a: Ting-Lu|Spikes|p1a: Landorus\n|-sidestart|p1: Takatk|Spikes\n|\n|-weather|SunnyDay|[upkeep]\n|-heal|p2a: Ting-Lu|88\/100|[from] item: Leftovers\n|upkeep\n|turn|5\n|\n|t:|1697345869\n|switch|p2a: Arceus|Arceus-Fairy|100\/100\n|move|p1a: Landorus|Stealth Rock|p2a: Arceus\n|-sidestart|p2: default0|move: Stealth Rock\n|\n|-weather|none\n|upkeep\n|turn|6\n|\n|t:|1697345873\n|move|p2a: Arceus|Stealth Rock|p1a: Landorus\n|-sidestart|p1: Takatk|move: Stealth Rock\n|move|p1a: Landorus|U-turn|p2a: Arceus\n|-resisted|p2a: Arceus\n|-crit|p2a: Arceus\n|-damage|p2a: Arceus|92\/100\n|\n|t:|1697345876\n|switch|p1a: Zacian|Zacian-Crowned|100\/100|[from] U-turn\n|-damage|p1a: Zacian|88\/100|[from] Spikes\n|-damage|p1a: Zacian|82\/100|[from] Stealth Rock\n|-ability|p1a: Zacian|Intrepid Sword|boost\n|-boost|p1a: Zacian|atk|1\n|\n|upkeep\n|turn|7\n|\n|t:|1697345881\n|switch|p2a: Gliscor|Gliscor, M|100\/100 tox\n|-damage|p2a: Gliscor|88\/100 tox|[from] Stealth Rock\n|move|p1a: Zacian|Swords Dance|p1a: Zacian\n|-boost|p1a: Zacian|atk|2\n|\n|-heal|p2a: Gliscor|100\/100 tox|[from] ability: Poison Heal\n|upkeep\n|turn|8\n|j| deadassyo\n|\n|t:|1697345896\n|move|p1a: Zacian|Behemoth Blade|p2a: Gliscor\n|-crit|p2a: Gliscor\n|-damage|p2a: Gliscor|0 fnt\n|faint|p2a: Gliscor\n|\n|upkeep\n|\n|t:|1697345903\n|switch|p2a: Miraidon|Miraidon|100\/100\n|-damage|p2a: Miraidon|88\/100|[from] Stealth Rock\n|-fieldstart|move: Electric Terrain|[from] ability: Hadron Engine|[of] p2a: Miraidon\n|turn|9\n|\n|t:|1697345909\n|switch|p1a: Landorus|Landorus-Therian, M|100\/100\n|-damage|p1a: Landorus|88\/100|[from] Stealth Rock\n|-ability|p1a: Landorus|Intimidate|boost\n|-unboost|p2a: Miraidon|atk|1\n|move|p2a: Miraidon|Volt Switch|p1a: Landorus\n|-immune|p1a: Landorus\n|\n|upkeep\n|turn|10\n|\n|t:|1697345919\n|switch|p2a: Ting-Lu|Ting-Lu|88\/100\n|-damage|p2a: Ting-Lu|82\/100|[from] Stealth Rock\n|-ability|p2a: Ting-Lu|Vessel of Ruin\n|move|p1a: Landorus|U-turn|p2a: Ting-Lu\n|-supereffective|p2a: Ting-Lu\n|-damage|p2a: Ting-Lu|57\/100\n|\n|t:|1697345926\n|switch|p1a: Koraidon|Koraidon|100\/100|[from] U-turn\n|-damage|p1a: Koraidon|88\/100|[from] Spikes\n|-damage|p1a: Koraidon|82\/100|[from] Stealth Rock\n|-weather|SunnyDay|[from] ability: Orichalcum Pulse|[of] p1a: Koraidon\n|-activate|p1a: Koraidon|Orichalcum Pulse|[source]\n|\n|-weather|SunnyDay|[upkeep]\n|-heal|p2a: Ting-Lu|63\/100|[from] item: Leftovers\n|upkeep\n|turn|11\n|\n|t:|1697345933\n|switch|p2a: Arceus|Arceus-Fairy|92\/100\n|-damage|p2a: Arceus|80\/100|[from] Stealth Rock\n|move|p1a: Koraidon|U-turn|p2a: Arceus\n|-resisted|p2a: Arceus\n|-damage|p2a: Arceus|71\/100\n|\n|t:|1697345934\n|switch|p1a: Zacian|Zacian-Crowned|82\/100|[from] U-turn\n|-damage|p1a: Zacian|70\/100|[from] Spikes\n|-damage|p1a: Zacian|64\/100|[from] Stealth Rock\n|\n|-weather|SunnyDay|[upkeep]\n|upkeep\n|turn|12\n|\n|t:|1697345942\n|switch|p2a: Miraidon|Miraidon|88\/100\n|-damage|p2a: Miraidon|76\/100|[from] Stealth Rock\n|-activate|p2a: Miraidon|ability: Hadron Engine\n|move|p1a: Zacian|Behemoth Blade|p2a: Miraidon\n|-resisted|p2a: Miraidon\n|-damage|p2a: Miraidon|48\/100\n|\n|-weather|SunnyDay|[upkeep]\n|upkeep\n|turn|13\n|\n|t:|1697345953\n|switch|p1a: Eternatus|Eternatus|84\/100\n|-damage|p1a: Eternatus|72\/100|[from] Spikes\n|-damage|p1a: Eternatus|59\/100|[from] Stealth Rock\n|-ability|p1a: Eternatus|Pressure\n|move|p2a: Miraidon|U-turn|p1a: Eternatus\n|-resisted|p1a: Eternatus\n|-damage|p1a: Eternatus|54\/100\n|j| Royal5888\n|\n|t:|1697345960\n|switch|p2a: Mewtwo|Mewtwo|100\/100|[from] U-turn\n|-ability|p2a: Mewtwo|Pressure\n|\n|-weather|SunnyDay|[upkeep]\n|-fieldend|move: Electric Terrain\n|upkeep\n|turn|14\n|\n|t:|1697345967\n|move|p2a: Mewtwo|Psystrike|p1a: Eternatus\n|-supereffective|p1a: Eternatus\n|-damage|p1a: Eternatus|0 fnt\n|faint|p1a: Eternatus\n|\n|-weather|none\n|upkeep\n|\n|t:|1697345971\n|switch|p1a: Koraidon|Koraidon|82\/100\n|-damage|p1a: Koraidon|70\/100|[from] Spikes\n|-damage|p1a: Koraidon|64\/100|[from] Stealth Rock\n|-weather|SunnyDay|[from] ability: Orichalcum Pulse|[of] p1a: Koraidon\n|-activate|p1a: Koraidon|Orichalcum Pulse|[source]\n|turn|15\n|\n|t:|1697345988\n|switch|p2a: Ting-Lu|Ting-Lu|63\/100\n|-damage|p2a: Ting-Lu|57\/100|[from] Stealth Rock\n|-ability|p2a: Ting-Lu|Vessel of Ruin\n|move|p1a: Koraidon|U-turn|p2a: Ting-Lu\n|-supereffective|p2a: Ting-Lu\n|-damage|p2a: Ting-Lu|22\/100\n|\n|t:|1697345995\n|switch|p1a: Miraidon|Miraidon|100\/100|[from] U-turn\n|-damage|p1a: Miraidon|88\/100|[from] Spikes\n|-damage|p1a: Miraidon|76\/100|[from] Stealth Rock\n|-fieldstart|move: Electric Terrain|[from] ability: Hadron Engine|[of] p1a: Miraidon\n|\n|-weather|SunnyDay|[upkeep]\n|-heal|p2a: Ting-Lu|28\/100|[from] item: Leftovers\n|upkeep\n|turn|16\n|\n|t:|1697346008\n|move|p1a: Miraidon|Dragon Pulse|p2a: Ting-Lu\n|-damage|p2a: Ting-Lu|0 fnt\n|faint|p2a: Ting-Lu\n|-damage|p1a: Miraidon|66\/100|[from] item: Life Orb\n|\n|-weather|SunnyDay|[upkeep]\n|upkeep\n|\n|t:|1697346017\n|switch|p2a: Miraidon|Miraidon|48\/100\n|-damage|p2a: Miraidon|35\/100|[from] Stealth Rock\n|-activate|p2a: Miraidon|ability: Hadron Engine\n|turn|17\n|\n|t:|1697346023\n|move|p2a: Miraidon|Draco Meteor|p1a: Miraidon\n|-supereffective|p1a: Miraidon\n|-damage|p1a: Miraidon|0 fnt\n|-unboost|p2a: Miraidon|spa|2\n|faint|p1a: Miraidon\n|\n|-weather|SunnyDay|[upkeep]\n|upkeep\n|\n|t:|1697346032\n|switch|p1a: Zacian|Zacian-Crowned|64\/100\n|-damage|p1a: Zacian|51\/100|[from] Spikes\n|-damage|p1a: Zacian|45\/100|[from] Stealth Rock\n|turn|18\n|\n|t:|1697346038\n|switch|p2a: Eternatus|Eternatus|100\/100\n|-ability|p2a: Eternatus|Pressure\n|move|p1a: Zacian|Swords Dance|p1a: Zacian\n|-boost|p1a: Zacian|atk|2\n|\n|-weather|SunnyDay|[upkeep]\n|upkeep\n|turn|19\n|\n|t:|1697346043\n|move|p1a: Zacian|Behemoth Blade|p2a: Eternatus\n|-crit|p2a: Eternatus\n|-damage|p2a: Eternatus|0 fnt\n|faint|p2a: Eternatus\n|\n|-weather|none\n|-fieldend|move: Electric Terrain\n|upkeep\n|j| TheWholeHorse\n|\n|t:|1697346048\n|switch|p2a: Miraidon|Miraidon|35\/100\n|-damage|p2a: Miraidon|23\/100|[from] Stealth Rock\n|-fieldstart|move: Electric Terrain|[from] ability: Hadron Engine|[of] p2a: Miraidon\n|turn|20\n|\n|t:|1697346070\n|move|p2a: Miraidon|Volt Switch|p1a: Zacian\n|-damage|p1a: Zacian|0 fnt\n|faint|p1a: Zacian\n|\n|t:|1697346080\n|switch|p2a: Arceus|Arceus-Fairy|71\/100|[from] Volt Switch\n|-damage|p2a: Arceus|59\/100|[from] Stealth Rock\n|\n|upkeep\n|\n|t:|1697346085\n|switch|p1a: Kingambit|Kingambit, F|100\/100\n|-damage|p1a: Kingambit|94\/100|[from] Stealth Rock\n|-activate|p1a: Kingambit|ability: Supreme Overlord\n|-start|p1a: Kingambit|fallen3|[silent]\n|-item|p1a: Kingambit|Air Balloon\n|turn|21\n|\n|t:|1697346093\n|move|p2a: Arceus|Judgment|p1a: Kingambit\n|-damage|p1a: Kingambit|50\/100\n|-enditem|p1a: Kingambit|Air Balloon\n|move|p1a: Kingambit|Iron Head|p2a: Arceus\n|-supereffective|p2a: Arceus\n|-damage|p2a: Arceus|3\/100\n|\n|upkeep\n|turn|22\n|\n|t:|1697346098\n|move|p2a: Arceus|Judgment|p1a: Kingambit\n|-damage|p1a: Kingambit|2\/100\n|move|p1a: Kingambit|Iron Head|p2a: Arceus\n|-supereffective|p2a: Arceus\n|-damage|p2a: Arceus|0 fnt\n|faint|p2a: Arceus\n|\n|upkeep\n|\n|t:|1697346108\n|switch|p2a: Mewtwo|Mewtwo|100\/100\n|-ability|p2a: Mewtwo|Pressure\n|turn|23\n|\n|t:|1697346115\n|-terastallize|p2a: Mewtwo|Ground\n|move|p2a: Mewtwo|Earth Power|p1a: Kingambit\n|-supereffective|p1a: Kingambit\n|-damage|p1a: Kingambit|0 fnt\n|faint|p1a: Kingambit\n|-end|p1a: Kingambit|fallen3|[silent]\n|\n|upkeep\n|\n|t:|1697346126\n|switch|p1a: Koraidon|Koraidon|64\/100\n|-damage|p1a: Koraidon|51\/100|[from] Spikes\n|-damage|p1a: Koraidon|45\/100|[from] Stealth Rock\n|-weather|SunnyDay|[from] ability: Orichalcum Pulse|[of] p1a: Koraidon\n|-activate|p1a: Koraidon|Orichalcum Pulse|[source]\n|turn|24\n|\n|t:|1697346130\n|-terastallize|p1a: Koraidon|Fire\n|move|p1a: Koraidon|Flare Blitz|p2a: Mewtwo\n|-damage|p2a: Mewtwo|0 fnt\n|faint|p2a: Mewtwo\n|-damage|p1a: Koraidon|8\/100|[from] Recoil\n|\n|-weather|SunnyDay|[upkeep]\n|-fieldend|move: Electric Terrain\n|upkeep\n|\n|t:|1697346135\n|switch|p2a: Miraidon|Miraidon|23\/100\n|-damage|p2a: Miraidon|11\/100|[from] Stealth Rock\n|-fieldstart|move: Electric Terrain|[from] ability: Hadron Engine|[of] p2a: Miraidon\n|turn|25\n|\n|t:|1697346140\n|move|p1a: Koraidon|Flare Blitz|p2a: Miraidon\n|-resisted|p2a: Miraidon\n|-crit|p2a: Miraidon\n|-damage|p2a: Miraidon|0 fnt\n|faint|p2a: Miraidon\n|-damage|p1a: Koraidon|5\/100|[from] Recoil\n|\n|win|Takatk\n|n|\u2606Takatk|takatk\n|n|\u2606default0|default0\n|n|*Lady Monita \u263d|ladymonita\n|n| BB-8-NU|bb8nu\n|n| Troutinspace|troutinspace\n|n| Goomy Guy12345|goomyguy12345\n|n| ZowwyCafe\u2764|zowwycafe\n|n| deadassyo|deadassyo\n|n| Royal5888|royal5888\n|n| TheWholeHorse|thewholehorse\n","uploadtime":1697346141,"views":29,"p1id":"takatk","p2id":"default0","formatid":"gen9ubers","rating":0,"private":0,"password":""}