{"id":"gen9ubers-1999249659","p1":"ubbbber","p2":"MrOuOxd","format":"[Gen 9] Ubers","log":"|j|\u2606ubbbber\n|j|\u2606MrOuOxd\n|t:|1701050647\n|gametype|singles\n|player|p1|ubbbber|ingo|1080\n|player|p2|MrOuOxd|guitarist|1042\n|teamsize|p1|6\n|teamsize|p2|6\n|gen|9\n|tier|[Gen 9] Ubers\n|rated|\n|rule|Sleep Clause Mod: Limit one foe put to sleep\n|rule|Species Clause: Limit one of each Pok\u00e9mon\n|rule|OHKO Clause: OHKO moves are banned\n|rule|Evasion Items Clause: Evasion items are banned\n|rule|Evasion Moves Clause: Evasion moves are banned\n|rule|Endless Battle Clause: Forcing endless battles is banned\n|rule|HP Percentage Mod: HP is shown in percentages\n|clearpoke\n|poke|p1|Baxcalibur, M|\n|poke|p1|Ceruledge, M|\n|poke|p1|Amoonguss, M|\n|poke|p1|Sneasler, M|\n|poke|p1|Landorus-Therian, M|\n|poke|p1|Kingambit, M|\n|poke|p2|Greninja-*, F|\n|poke|p2|Milotic, F|\n|poke|p2|Goodra-Hisui, F|\n|poke|p2|Dragapult, F|\n|poke|p2|Espathra, F|\n|poke|p2|Iron Jugulis|\n|teampreview\n|\n|t:|1701050669\n|start\n|switch|p1a: Sneasler|Sneasler, M|100\/100\n|switch|p2a: Milotic|Milotic, F, shiny|100\/100\n|turn|1\n|\n|t:|1701050679\n|move|p1a: Sneasler|Swords Dance|p1a: Sneasler\n|-boost|p1a: Sneasler|atk|2\n|move|p2a: Milotic|Hydro Pump|p1a: Sneasler\n|-damage|p1a: Sneasler|50\/100\n|\n|upkeep\n|turn|2\n|\n|t:|1701050693\n|move|p1a: Sneasler|Dire Claw|p2a: Milotic\n|-damage|p2a: Milotic|18\/100\n|-status|p2a: Milotic|psn\n|move|p2a: Milotic|Haze|p2a: Milotic\n|-clearallboost\n|\n|-heal|p2a: Milotic|24\/100 psn|[from] item: Leftovers\n|-damage|p2a: Milotic|12\/100 psn|[from] psn\n|upkeep\n|turn|3\n|\n|t:|1701050705\n|move|p1a: Sneasler|Dire Claw|p2a: Milotic\n|-damage|p2a: Milotic|0 fnt\n|faint|p2a: Milotic\n|\n|upkeep\n|\n|t:|1701050711\n|switch|p2a: Espathra|Espathra, F, shiny|100\/100\n|turn|4\n|\n|t:|1701050716\n|move|p1a: Sneasler|Dire Claw|p2a: Espathra\n|-damage|p2a: Espathra|32\/100\n|-status|p2a: Espathra|par\n|move|p2a: Espathra|Lumina Crash|p1a: Sneasler\n|-supereffective|p1a: Sneasler\n|-damage|p1a: Sneasler|0 fnt\n|faint|p1a: Sneasler\n|\n|upkeep\n|\n|t:|1701050727\n|switch|p1a: Ceruledge|Ceruledge, M|100\/100\n|turn|5\n|\n|t:|1701050735\n|switch|p2a: Goodra|Goodra-Hisui, F|100\/100\n|move|p1a: Ceruledge|Bitter Blade|p2a: Goodra\n|-damage|p2a: Goodra|64\/100\n|\n|upkeep\n|turn|6\n|\n|t:|1701050744\n|-terastallize|p1a: Ceruledge|Fighting\n|move|p1a: Ceruledge|Swords Dance|p1a: Ceruledge\n|-boost|p1a: Ceruledge|atk|2\n|move|p2a: Goodra|Earthquake|p1a: Ceruledge\n|-damage|p1a: Ceruledge|70\/100\n|-ability|p1a: Ceruledge|Weak Armor|boost\n|-unboost|p1a: Ceruledge|def|1\n|-boost|p1a: Ceruledge|spe|2\n|\n|upkeep\n|turn|7\n|\n|t:|1701050760\n|move|p1a: Ceruledge|Bitter Blade|p2a: Goodra\n|-damage|p2a: Goodra|0 fnt\n|-heal|p1a: Ceruledge|100\/100|[from] drain|[of] p2a: Goodra\n|faint|p2a: Goodra\n|\n|upkeep\n|\n|t:|1701050771\n|switch|p2a: Dragapult|Dragapult, F, shiny|100\/100\n|turn|8\n|\n|t:|1701050776\n|move|p1a: Ceruledge|Poltergeist|p2a: Dragapult\n|-activate|p2a: Dragapult|move: Poltergeist|Choice Band\n|-supereffective|p2a: Dragapult\n|-damage|p2a: Dragapult|0 fnt\n|faint|p2a: Dragapult\n|\n|upkeep\n|\n|t:|1701050783\n|switch|p2a: Iron Jugulis|Iron Jugulis|100\/100\n|-enditem|p2a: Iron Jugulis|Booster Energy\n|-activate|p2a: Iron Jugulis|ability: Quark Drive|[fromitem]\n|-start|p2a: Iron Jugulis|quarkdrivespa\n|turn|9\n|\n|t:|1701050795\n|move|p1a: Ceruledge|Close Combat|p2a: Iron Jugulis\n|-damage|p2a: Iron Jugulis|0 fnt\n|-unboost|p1a: Ceruledge|def|1\n|-unboost|p1a: Ceruledge|spd|1\n|faint|p2a: Iron Jugulis\n|-end|p2a: Iron Jugulis|Quark Drive|[silent]\n|\n|upkeep\n|\n|t:|1701050802\n|switch|p2a: Greninja|Greninja, F, shiny|100\/100\n|turn|10\n|\n|t:|1701050807\n|move|p1a: Ceruledge|Close Combat|p2a: Greninja\n|-supereffective|p2a: Greninja\n|-damage|p2a: Greninja|0 fnt\n|-unboost|p1a: Ceruledge|def|1\n|-unboost|p1a: Ceruledge|spd|1\n|faint|p2a: Greninja\n|\n|upkeep\n|\n|t:|1701050815\n|switch|p2a: Espathra|Espathra, F, shiny|32\/100 par\n|turn|11\n|\n|t:|1701050820\n|move|p1a: Ceruledge|Poltergeist|p2a: Espathra\n|-activate|p2a: Espathra|move: Poltergeist|Choice Specs\n|-supereffective|p2a: Espathra\n|-damage|p2a: Espathra|0 fnt\n|faint|p2a: Espathra\n|\n|win|ubbbber\n|raw|ubbbber's rating: 1080 &rarr; <strong>1105<\/strong><br \/>(+25 for winning)\n|raw|MrOuOxd's rating: 1042 &rarr; <strong>1027<\/strong><br \/>(-15 for losing)\n|l|\u2606MrOuOxd\n","uploadtime":1701050829,"views":1,"p1id":"ubbbber","p2id":"mrouoxd","formatid":"gen9ubers","rating":1027,"private":0,"password":""}