{"id":"gen9ubers-1981221134","p1":"Gnarly Ari","p2":"Worst luck person","format":"[Gen 9] Ubers","log":"|j|\u2606Gnarly Ari\n|j|\u2606Worst luck person\n|t:|1698873697\n|gametype|singles\n|player|p1|Gnarly Ari|maylene|1030\n|player|p2|Worst luck person|winona|1078\n|teamsize|p1|6\n|teamsize|p2|6\n|gen|9\n|tier|[Gen 9] Ubers\n|rated|\n|rule|Sleep Clause Mod: Limit one foe put to sleep\n|rule|Species Clause: Limit one of each Pok\u00e9mon\n|rule|OHKO Clause: OHKO moves are banned\n|rule|Evasion Items Clause: Evasion items are banned\n|rule|Evasion Moves Clause: Evasion moves are banned\n|rule|Endless Battle Clause: Forcing endless battles is banned\n|rule|HP Percentage Mod: HP is shown in percentages\n|clearpoke\n|poke|p1|Slither Wing|\n|poke|p1|Gallade, M|\n|poke|p1|Talonflame, F|\n|poke|p1|Clefable, F|\n|poke|p1|Gothitelle, M|\n|poke|p1|Manaphy|\n|poke|p2|Dragonite, M|\n|poke|p2|Salamence, M|\n|poke|p2|Bombirdier, F|\n|poke|p2|Gyarados, M|\n|poke|p2|Hawlucha, F|\n|poke|p2|Gliscor, F|\n|teampreview\n|inactive|Battle timer is ON: inactive players will automatically lose when time's up. (requested by Worst luck person)\n|\n|t:|1698873712\n|start\n|switch|p1a: Slither Wing|Slither Wing|100\/100\n|switch|p2a: Salamence|Salamence, M|100\/100\n|-ability|p2a: Salamence|Intimidate|boost\n|-unboost|p1a: Slither Wing|atk|1\n|turn|1\n|\n|t:|1698873724\n|move|p2a: Salamence|Dragon Dance|p2a: Salamence\n|-boost|p2a: Salamence|atk|1\n|-boost|p2a: Salamence|spe|1\n|move|p1a: Slither Wing|Earthquake|p2a: Salamence\n|-immune|p2a: Salamence\n|\n|upkeep\n|turn|2\n|\n|t:|1698873731\n|move|p1a: Slither Wing|First Impression||[still]\n|-hint|First Impression only works on your first turn out.\n|-fail|p1a: Slither Wing\n|move|p2a: Salamence|Dragon Dance|p2a: Salamence\n|-boost|p2a: Salamence|atk|1\n|-boost|p2a: Salamence|spe|1\n|\n|upkeep\n|turn|3\n|\n|t:|1698873738\n|move|p2a: Salamence|Dragon Dance|p2a: Salamence\n|-boost|p2a: Salamence|atk|1\n|-boost|p2a: Salamence|spe|1\n|move|p1a: Slither Wing|Close Combat|p2a: Salamence\n|-resisted|p2a: Salamence\n|-damage|p2a: Salamence|61\/100\n|-unboost|p1a: Slither Wing|def|1\n|-unboost|p1a: Slither Wing|spd|1\n|-damage|p1a: Slither Wing|91\/100|[from] item: Life Orb\n|\n|upkeep\n|turn|4\n|\n|t:|1698873753\n|move|p2a: Salamence|Dual Wingbeat|p1a: Slither Wing\n|-supereffective|p1a: Slither Wing\n|-damage|p1a: Slither Wing|0 fnt\n|faint|p1a: Slither Wing\n|-end|p1a: Slither Wing|Protosynthesis|[silent]\n|-hitcount|p1: Slither Wing|1\n|-damage|p2a: Salamence|51\/100|[from] item: Life Orb\n|\n|upkeep\n|\n|t:|1698873761\n|switch|p1a: Clefable|Clefable, F|100\/100\n|turn|5\n|\n|t:|1698873767\n|move|p2a: Salamence|Iron Head|p1a: Clefable\n|-supereffective|p1a: Clefable\n|-damage|p1a: Clefable|0 fnt\n|faint|p1a: Clefable\n|-damage|p2a: Salamence|41\/100|[from] item: Life Orb\n|\n|upkeep\n|\n|t:|1698873782\n|switch|p1a: Manaphy|Manaphy|100\/100\n|turn|6\n|\n|t:|1698873788\n|move|p2a: Salamence|Dragon Claw|p1a: Manaphy\n|-damage|p1a: Manaphy|0 fnt\n|faint|p1a: Manaphy\n|-damage|p2a: Salamence|31\/100|[from] item: Life Orb\n|\n|upkeep\n|\n|t:|1698873797\n|switch|p1a: Gallade|Gallade, M|100\/100\n|turn|7\n|\n|t:|1698873803\n|move|p2a: Salamence|Dual Wingbeat|p1a: Gallade\n|-supereffective|p1a: Gallade\n|-damage|p1a: Gallade|0 fnt\n|faint|p1a: Gallade\n|-hitcount|p1: Gallade|1\n|-damage|p2a: Salamence|21\/100|[from] item: Life Orb\n|\n|upkeep\n|\n|t:|1698873810\n|switch|p1a: Gothitelle|Gothitelle, M|100\/100\n|turn|8\n|\n|t:|1698873814\n|move|p2a: Salamence|Dragon Claw|p1a: Gothitelle\n|-damage|p1a: Gothitelle|0 fnt\n|faint|p1a: Gothitelle\n|-damage|p2a: Salamence|11\/100|[from] item: Life Orb\n|\n|upkeep\n|\n|t:|1698873820\n|switch|p1a: Talonflame|Talonflame, F|100\/100\n|turn|9\n|\n|t:|1698873829\n|move|p1a: Talonflame|Dual Wingbeat|p2a: Salamence\n|-damage|p2a: Salamence|0 fnt\n|faint|p2a: Salamence\n|-hitcount|p2: Salamence|1\n|\n|upkeep\n|\n|t:|1698873853\n|switch|p2a: Dragonite|Dragonite, M|100\/100\n|turn|10\n|\n|t:|1698873862\n|move|p2a: Dragonite|Extreme Speed|p1a: Talonflame\n|-damage|p1a: Talonflame|56\/100\n|move|p1a: Talonflame|Brave Bird|p2a: Dragonite\n|-damage|p2a: Dragonite|75\/100\n|-damage|p1a: Talonflame|47\/100|[from] Recoil\n|\n|upkeep\n|turn|11\n|\n|t:|1698873879\n|move|p1a: Talonflame|Flare Blitz|p2a: Dragonite\n|-resisted|p2a: Dragonite\n|-damage|p2a: Dragonite|43\/100\n|-damage|p1a: Talonflame|36\/100|[from] Recoil\n|move|p2a: Dragonite|Dragon Dance|p2a: Dragonite\n|-boost|p2a: Dragonite|atk|1\n|-boost|p2a: Dragonite|spe|1\n|\n|upkeep\n|turn|12\n|\n|t:|1698873886\n|move|p2a: Dragonite|Dragon Dance|p2a: Dragonite\n|-boost|p2a: Dragonite|atk|1\n|-boost|p2a: Dragonite|spe|1\n|move|p1a: Talonflame|Flare Blitz|p2a: Dragonite\n|-resisted|p2a: Dragonite\n|-damage|p2a: Dragonite|12\/100\n|-damage|p1a: Talonflame|24\/100|[from] Recoil\n|\n|upkeep\n|turn|13\n|\n|t:|1698873894\n|move|p2a: Dragonite|Dragon Dance|p2a: Dragonite\n|-boost|p2a: Dragonite|atk|1\n|-boost|p2a: Dragonite|spe|1\n|move|p1a: Talonflame|Flare Blitz|p2a: Dragonite\n|-resisted|p2a: Dragonite\n|-damage|p2a: Dragonite|0 fnt\n|faint|p2a: Dragonite\n|-damage|p1a: Talonflame|20\/100|[from] Recoil\n|\n|upkeep\n|\n|t:|1698873902\n|switch|p2a: Gyarados|Gyarados, M|100\/100\n|-ability|p2a: Gyarados|Intimidate|boost\n|-unboost|p1a: Talonflame|atk|1\n|turn|14\n|\n|t:|1698873912\n|switch|p2a: Bombirdier|Bombirdier, F|100\/100\n|move|p1a: Talonflame|Dual Wingbeat|p2a: Bombirdier\n|-damage|p2a: Bombirdier|83\/100\n|-damage|p2a: Bombirdier|66\/100\n|-hitcount|p2a: Bombirdier|2\n|\n|upkeep\n|turn|15\n|\n|t:|1698873921\n|switch|p2a: Gyarados|Gyarados, M|100\/100\n|-ability|p2a: Gyarados|Intimidate|boost\n|-unboost|p1a: Talonflame|atk|1\n|move|p1a: Talonflame|Brave Bird|p2a: Gyarados\n|-damage|p2a: Gyarados|66\/100\n|-damage|p1a: Talonflame|8\/100|[from] Recoil\n|\n|upkeep\n|turn|16\n|\n|t:|1698873931\n|switch|p2a: Bombirdier|Bombirdier, F|66\/100\n|move|p1a: Talonflame|Dual Wingbeat|p2a: Bombirdier\n|-damage|p2a: Bombirdier|55\/100\n|-damage|p2a: Bombirdier|43\/100\n|-hitcount|p2a: Bombirdier|2\n|\n|upkeep\n|turn|17\n|\n|t:|1698873938\n|switch|p2a: Gyarados|Gyarados, M|66\/100\n|-ability|p2a: Gyarados|Intimidate|boost\n|-unboost|p1a: Talonflame|atk|1\n|move|p1a: Talonflame|Dual Wingbeat|p2a: Gyarados\n|-damage|p2a: Gyarados|58\/100\n|-damage|p2a: Gyarados|49\/100\n|-hitcount|p2a: Gyarados|2\n|\n|upkeep\n|turn|18\n|\n|t:|1698873946\n|switch|p2a: Bombirdier|Bombirdier, F|43\/100\n|move|p1a: Talonflame|Dual Wingbeat|p2a: Bombirdier\n|-damage|p2a: Bombirdier|34\/100\n|-damage|p2a: Bombirdier|24\/100\n|-hitcount|p2a: Bombirdier|2\n|\n|upkeep\n|turn|19\n|\n|t:|1698873960\n|switch|p2a: Gyarados|Gyarados, M|49\/100\n|-ability|p2a: Gyarados|Intimidate|boost\n|-unboost|p1a: Talonflame|atk|1\n|move|p1a: Talonflame|Dual Wingbeat|p2a: Gyarados\n|-damage|p2a: Gyarados|41\/100\n|-damage|p2a: Gyarados|34\/100\n|-hitcount|p2a: Gyarados|2\n|\n|upkeep\n|turn|20\n|\n|t:|1698873973\n|switch|p2a: Bombirdier|Bombirdier, F|24\/100\n|move|p1a: Talonflame|Swords Dance|p1a: Talonflame\n|-boost|p1a: Talonflame|atk|2\n|\n|upkeep\n|turn|21\n|\n|t:|1698873986\n|switch|p2a: Gyarados|Gyarados, M|34\/100\n|-ability|p2a: Gyarados|Intimidate|boost\n|-unboost|p1a: Talonflame|atk|1\n|move|p1a: Talonflame|Swords Dance|p1a: Talonflame\n|-boost|p1a: Talonflame|atk|2\n|\n|upkeep\n|turn|22\n|\n|t:|1698873998\n|switch|p2a: Bombirdier|Bombirdier, F|24\/100\n|move|p1a: Talonflame|Dual Wingbeat|p2a: Bombirdier\n|-damage|p2a: Bombirdier|7\/100\n|-damage|p2a: Bombirdier|0 fnt\n|faint|p2a: Bombirdier\n|-hitcount|p2: Bombirdier|2\n|\n|upkeep\n|\n|t:|1698874003\n|switch|p2a: Gyarados|Gyarados, M|34\/100\n|-ability|p2a: Gyarados|Intimidate|boost\n|-unboost|p1a: Talonflame|atk|1\n|turn|23\n|\n|t:|1698874008\n|move|p1a: Talonflame|Dual Wingbeat|p2a: Gyarados\n|-damage|p2a: Gyarados|24\/100\n|-damage|p2a: Gyarados|13\/100\n|-hitcount|p2a: Gyarados|2\n|move|p2a: Gyarados|Dragon Dance|p2a: Gyarados\n|-boost|p2a: Gyarados|atk|1\n|-boost|p2a: Gyarados|spe|1\n|\n|upkeep\n|turn|24\n|\n|t:|1698874016\n|move|p2a: Gyarados|Dragon Dance|p2a: Gyarados\n|-boost|p2a: Gyarados|atk|1\n|-boost|p2a: Gyarados|spe|1\n|move|p1a: Talonflame|Dual Wingbeat|p2a: Gyarados\n|-damage|p2a: Gyarados|2\/100\n|-damage|p2a: Gyarados|0 fnt\n|faint|p2a: Gyarados\n|-hitcount|p2: Gyarados|2\n|\n|upkeep\n|\n|t:|1698874022\n|switch|p2a: Hawlucha|Hawlucha, F|100\/100\n|turn|25\n|\n|t:|1698874028\n|move|p1a: Talonflame|Dual Wingbeat|p2a: Hawlucha\n|-supereffective|p2a: Hawlucha\n|-damage|p2a: Hawlucha|76\/100\n|-supereffective|p2a: Hawlucha\n|-damage|p2a: Hawlucha|53\/100\n|-hitcount|p2a: Hawlucha|2\n|move|p2a: Hawlucha|Close Combat|p1a: Talonflame\n|-resisted|p1a: Talonflame\n|-damage|p1a: Talonflame|0 fnt\n|-unboost|p2a: Hawlucha|def|1\n|-unboost|p2a: Hawlucha|spd|1\n|-enditem|p2a: Hawlucha|White Herb\n|-clearnegativeboost|p2a: Hawlucha|[silent]\n|faint|p1a: Talonflame\n|\n|win|Worst luck person\n|raw|Gnarly Ari's rating: 1030 &rarr; <strong>1017<\/strong><br \/>(-13 for losing)\n|raw|Worst luck person's rating: 1078 &rarr; <strong>1102<\/strong><br \/>(+24 for winning)\n|l|\u2606Gnarly Ari\n|l|\u2606Worst luck person\n|j|\u2606Worst luck person\n|player|p2|Worst luck person|winona\n","uploadtime":1698874067,"views":9,"p1id":"gnarlyari","p2id":"worstluckperson","formatid":"gen9ubers","rating":1017,"private":0,"password":""}