{"id":"gen9ubers-1998544512","p1":"Axelish","p2":"Cranberry1","format":"[Gen 9] Ubers","log":"|j|\u2606Axelish\n|j|\u2606Cranberry1\n|t:|1700954500\n|gametype|singles\n|player|p1|Axelish|2|1000\n|player|p2|Cranberry1|steven|1000\n|teamsize|p1|6\n|teamsize|p2|6\n|gen|9\n|tier|[Gen 9] Ubers\n|rated|\n|rule|Sleep Clause Mod: Limit one foe put to sleep\n|rule|Species Clause: Limit one of each Pok\u00e9mon\n|rule|OHKO Clause: OHKO moves are banned\n|rule|Evasion Items Clause: Evasion items are banned\n|rule|Evasion Moves Clause: Evasion moves are banned\n|rule|Endless Battle Clause: Forcing endless battles is banned\n|rule|HP Percentage Mod: HP is shown in percentages\n|clearpoke\n|poke|p1|Charizard, F|\n|poke|p1|Urshifu-*, M|\n|poke|p1|Darkrai|\n|poke|p1|Giratina|\n|poke|p1|Cresselia, F|\n|poke|p1|Kyogre|\n|poke|p2|Zamazenta-*|\n|poke|p2|Sneasler, F|\n|poke|p2|Zacian-*|\n|poke|p2|Arceus-Bug|\n|poke|p2|Urshifu-*, F|\n|poke|p2|Ursaluna-Bloodmoon, M|\n|teampreview\n|\n|t:|1700954524\n|start\n|switch|p1a: Giratina|Giratina|100\/100\n|switch|p2a: Zacian|Zacian|100\/100\n|-ability|p2a: Zacian|Intrepid Sword|boost\n|-boost|p2a: Zacian|atk|1\n|-ability|p1a: Giratina|Pressure\n|turn|1\n|\n|t:|1700954535\n|switch|p1a: Charizard|Charizard, F|100\/100\n|move|p2a: Zacian|Crunch|p1a: Charizard\n|-damage|p1a: Charizard|28\/100\n|-unboost|p1a: Charizard|def|1\n|\n|upkeep\n|turn|2\n|\n|t:|1700954539\n|move|p2a: Zacian|Crunch|p1a: Charizard\n|-damage|p1a: Charizard|0 fnt\n|faint|p1a: Charizard\n|\n|upkeep\n|\n|t:|1700954544\n|switch|p1a: Urshifu|Urshifu-Rapid-Strike, M|100\/100\n|turn|3\n|\n|t:|1700954548\n|move|p2a: Zacian|Crunch|p1a: Urshifu\n|-resisted|p1a: Urshifu\n|-damage|p1a: Urshifu|74\/100\n|move|p1a: Urshifu|Close Combat|p2a: Zacian\n|-resisted|p2a: Zacian\n|-damage|p2a: Zacian|76\/100\n|-unboost|p1a: Urshifu|def|1\n|-unboost|p1a: Urshifu|spd|1\n|\n|upkeep\n|turn|4\n|\n|t:|1700954558\n|move|p2a: Zacian|Crunch|p1a: Urshifu\n|-resisted|p1a: Urshifu\n|-damage|p1a: Urshifu|35\/100\n|move|p1a: Urshifu|Surging Strikes|p2a: Zacian\n|-crit|p2a: Zacian\n|-damage|p2a: Zacian|60\/100\n|-crit|p2a: Zacian\n|-damage|p2a: Zacian|44\/100\n|-crit|p2a: Zacian\n|-damage|p2a: Zacian|28\/100\n|-hitcount|p2a: Zacian|3\n|\n|upkeep\n|turn|5\n|\n|t:|1700954568\n|move|p2a: Zacian|Crunch|p1a: Urshifu\n|-resisted|p1a: Urshifu\n|-damage|p1a: Urshifu|0 fnt\n|faint|p1a: Urshifu\n|\n|upkeep\n|\n|t:|1700954574\n|switch|p1a: Giratina|Giratina|100\/100\n|-ability|p1a: Giratina|Pressure\n|turn|6\n|\n|t:|1700954576\n|move|p2a: Zacian|Crunch|p1a: Giratina\n|-supereffective|p1a: Giratina\n|-damage|p1a: Giratina|25\/100\n|move|p1a: Giratina|Shadow Ball|p2a: Zacian\n|-damage|p2a: Zacian|1\/100\n|\n|upkeep\n|turn|7\n|\n|t:|1700954584\n|move|p2a: Zacian|Crunch|p1a: Giratina\n|-supereffective|p1a: Giratina\n|-damage|p1a: Giratina|0 fnt\n|faint|p1a: Giratina\n|\n|upkeep\n|\n|t:|1700954587\n|switch|p1a: Cresselia|Cresselia, F|100\/100\n|turn|8\n|\n|t:|1700954590\n|move|p2a: Zacian|Crunch|p1a: Cresselia\n|-supereffective|p1a: Cresselia\n|-damage|p1a: Cresselia|15\/100\n|move|p1a: Cresselia|Power Gem|p2a: Zacian\n|-damage|p2a: Zacian|0 fnt\n|faint|p2a: Zacian\n|\n|upkeep\n|\n|t:|1700954594\n|switch|p2a: Sneasler|Sneasler, F|100\/100\n|turn|9\n|\n|t:|1700954598\n|move|p2a: Sneasler|Fake Out|p1a: Cresselia\n|-damage|p1a: Cresselia|5\/100\n|-status|p1a: Cresselia|psn|[from] ability: Poison Touch|[of] p2a: Sneasler\n|cant|p1a: Cresselia|flinch\n|\n|-damage|p1a: Cresselia|0 fnt|[from] psn\n|faint|p1a: Cresselia\n|upkeep\n|\n|t:|1700954606\n|switch|p1a: Kyogre|Kyogre|100\/100\n|-weather|RainDance|[from] ability: Drizzle|[of] p1a: Kyogre\n|turn|10\n|\n|t:|1700954615\n|move|p2a: Sneasler|Dire Claw|p1a: Kyogre\n|-damage|p1a: Kyogre|57\/100\n|-status|p1a: Kyogre|psn|[from] ability: Poison Touch|[of] p2a: Sneasler\n|move|p1a: Kyogre|Origin Pulse|p2a: Sneasler\n|-damage|p2a: Sneasler|0 fnt\n|faint|p2a: Sneasler\n|\n|-weather|RainDance|[upkeep]\n|-damage|p1a: Kyogre|44\/100 psn|[from] psn\n|upkeep\n|\n|t:|1700954625\n|switch|p2a: Zamazenta|Zamazenta-Crowned|100\/100\n|-ability|p2a: Zamazenta|Dauntless Shield|boost\n|-boost|p2a: Zamazenta|def|1\n|turn|11\n|\n|t:|1700954631\n|move|p2a: Zamazenta|Iron Defense|p2a: Zamazenta\n|-boost|p2a: Zamazenta|def|2\n|move|p1a: Kyogre|Origin Pulse|p2a: Zamazenta\n|-damage|p2a: Zamazenta|41\/100\n|\n|-weather|RainDance|[upkeep]\n|-damage|p1a: Kyogre|32\/100 psn|[from] psn\n|upkeep\n|turn|12\n|\n|t:|1700954639\n|move|p2a: Zamazenta|Body Press|p1a: Kyogre\n|-damage|p1a: Kyogre|0 fnt\n|faint|p1a: Kyogre\n|\n|-weather|RainDance|[upkeep]\n|upkeep\n|\n|t:|1700954643\n|switch|p1a: Darkrai|Darkrai|100\/100\n|turn|13\n|\n|t:|1700954655\n|move|p2a: Zamazenta|Rest|p2a: Zamazenta\n|-status|p2a: Zamazenta|slp|[from] move: Rest\n|-heal|p2a: Zamazenta|100\/100 slp|[silent]\n|move|p1a: Darkrai|Dark Pulse|p2a: Zamazenta\n|-resisted|p2a: Zamazenta\n|-damage|p2a: Zamazenta|88\/100 slp\n|\n|-weather|RainDance|[upkeep]\n|-damage|p2a: Zamazenta|76\/100 slp|[from] ability: Bad Dreams|[of] p1a: Darkrai\n|upkeep\n|turn|14\n|l|\u2606Axelish\n|player|p1|\n|inactive|Battle timer is ON: inactive players will automatically lose when time's up. (requested by Cranberry1)\n|inactive|Axelish has 30 seconds to reconnect!\n|inactive|Axelish has 20 seconds to reconnect!\n|inactive|Axelish has 15 seconds to reconnect!\n|inactive|Axelish has 10 seconds to reconnect!\n|inactive|Axelish has 5 seconds to reconnect!\n|-message|Axelish lost due to inactivity.\n|\n|win|Cranberry1\n|raw|Axelish's rating: 1000 &rarr; <strong>1000<\/strong><br \/>(+0 for losing)\n|raw|Cranberry1's rating: 1000 &rarr; <strong>1040<\/strong><br \/>(+40 for winning)\n","uploadtime":1700954762,"views":8,"p1id":"axelish","p2id":"cranberry1","formatid":"gen9ubers","rating":1000,"private":0,"password":""}