{"id":"gen9ubers-1983926089","p1":"IDaHAN","p2":"mann_treads","format":"[Gen 9] Ubers","log":"|j|\u2606IDaHAN\n|j|\u2606mann_treads\n|t:|1699200715\n|gametype|singles\n|player|p1|IDaHAN|ethan|\n|player|p2|mann_treads|ariana|\n|teamsize|p1|6\n|teamsize|p2|6\n|gen|9\n|tier|[Gen 9] Ubers\n|rule|Sleep Clause Mod: Limit one foe put to sleep\n|rule|Species Clause: Limit one of each Pok\u00e9mon\n|rule|OHKO Clause: OHKO moves are banned\n|rule|Evasion Items Clause: Evasion items are banned\n|rule|Evasion Moves Clause: Evasion moves are banned\n|rule|Endless Battle Clause: Forcing endless battles is banned\n|rule|HP Percentage Mod: HP is shown in percentages\n|clearpoke\n|poke|p1|Magearna|\n|poke|p1|Zacian-*|\n|poke|p1|Arceus-Fighting|\n|poke|p1|Cyclizar, M|\n|poke|p1|Volcarona, M|\n|poke|p1|Spectrier|\n|poke|p2|Torkoal, M|\n|poke|p2|Lilligant-Hisui, F|\n|poke|p2|Roaring Moon|\n|poke|p2|Walking Wake|\n|poke|p2|Volcarona, F|\n|poke|p2|Zacian-*|\n|teampreview\n|inactive|Battle timer is ON: inactive players will automatically lose when time's up. (requested by IDaHAN)\n|c|\u2606mann_treads|there we go\n|\n|t:|1699200739\n|start\n|switch|p1a: Magearna|Magearna|100\/100\n|switch|p2a: Torkoal|Torkoal, M|100\/100\n|-weather|SunnyDay|[from] ability: Drought|[of] p2a: Torkoal\n|turn|1\n|\n|t:|1699200748\n|move|p1a: Magearna|Spikes|p2a: Torkoal\n|-sidestart|p2: mann_treads|Spikes\n|move|p2a: Torkoal|Yawn|p1a: Magearna\n|-start|p1a: Magearna|move: Yawn|[of] p2a: Torkoal\n|\n|-weather|SunnyDay|[upkeep]\n|upkeep\n|turn|2\n|\n|t:|1699200753\n|move|p1a: Magearna|Volt Switch|p2a: Torkoal\n|-damage|p2a: Torkoal|75\/100\n|\n|t:|1699200772\n|switch|p1a: Cyclizar|Cyclizar, M|100\/100|[from] Volt Switch\n|move|p2a: Torkoal|Stealth Rock|p1a: Cyclizar\n|-sidestart|p1: IDaHAN|move: Stealth Rock\n|\n|-weather|SunnyDay|[upkeep]\n|upkeep\n|turn|3\n|\n|t:|1699200781\n|switch|p2a: Walking Wake|Walking Wake|100\/100\n|-damage|p2a: Walking Wake|88\/100|[from] Spikes\n|-activate|p2a: Walking Wake|ability: Protosynthesis\n|-start|p2a: Walking Wake|protosynthesisspe\n|move|p1a: Cyclizar|Rapid Spin|p2a: Walking Wake\n|-damage|p2a: Walking Wake|73\/100\n|-boost|p1a: Cyclizar|spe|1\n|-sideend|p1: IDaHAN|Stealth Rock|[from] move: Rapid Spin|[of] p1a: Cyclizar\n|\n|-weather|SunnyDay|[upkeep]\n|upkeep\n|turn|4\n|\n|t:|1699200808\n|move|p1a: Cyclizar|Rapid Spin|p2a: Walking Wake\n|-damage|p2a: Walking Wake|56\/100\n|-boost|p1a: Cyclizar|spe|1\n|move|p2a: Walking Wake|Hydro Steam|p1a: Cyclizar\n|-resisted|p1a: Cyclizar\n|-damage|p1a: Cyclizar|37\/100\n|\n|-weather|SunnyDay|[upkeep]\n|upkeep\n|turn|5\n|c|\u2606IDaHAN|FUCk\n|c|\u2606IDaHAN|misclick\n|c|\u2606mann_treads|LOL\n|\n|t:|1699200818\n|move|p1a: Cyclizar|U-turn|p2a: Walking Wake\n|-damage|p2a: Walking Wake|41\/100\n|\n|t:|1699200823\n|switch|p1a: Zacian|Zacian|100\/100|[from] U-turn\n|-ability|p1a: Zacian|Intrepid Sword|boost\n|-boost|p1a: Zacian|atk|1\n|move|p2a: Walking Wake|Hydro Steam|p1a: Zacian\n|-damage|p1a: Zacian|19\/100\n|\n|-weather|SunnyDay|[upkeep]\n|upkeep\n|turn|6\n|\n|t:|1699200835\n|-end|p2a: Walking Wake|Protosynthesis|[silent]\n|switch|p2a: Lilligant|Lilligant-Hisui, F|100\/100\n|move|p1a: Zacian|Play Rough|p2a: Lilligant\n|-supereffective|p2a: Lilligant\n|-damage|p2a: Lilligant|0 fnt\n|faint|p2a: Lilligant\n|\n|-weather|SunnyDay|[upkeep]\n|upkeep\n|\n|t:|1699200847\n|switch|p2a: Zacian|Zacian|100\/100\n|-damage|p2a: Zacian|88\/100|[from] Spikes\n|-ability|p2a: Zacian|Intrepid Sword|boost\n|-boost|p2a: Zacian|atk|1\n|turn|7\n|c|\u2606mann_treads|the duel of the ages\n|inactive|IDaHAN has 270 seconds left.\n|\n|t:|1699200874\n|move|p2a: Zacian|Play Rough|p1a: Zacian\n|-damage|p1a: Zacian|0 fnt\n|faint|p1a: Zacian\n|\n|-weather|SunnyDay|[upkeep]\n|upkeep\n|inactive|IDaHAN has 270 seconds left.\n|\n|t:|1699200880\n|switch|p1a: Magearna|Magearna|100\/100\n|turn|8\n|\n|t:|1699200891\n|switch|p2a: Walking Wake|Walking Wake|41\/100\n|-damage|p2a: Walking Wake|29\/100|[from] Spikes\n|-activate|p2a: Walking Wake|ability: Protosynthesis\n|-start|p2a: Walking Wake|protosynthesisspe\n|move|p1a: Magearna|Thunder Wave|p2a: Walking Wake\n|-status|p2a: Walking Wake|par\n|\n|-weather|none\n|-end|p2a: Walking Wake|Protosynthesis\n|upkeep\n|turn|9\n|\n|t:|1699200900\n|-end|p2a: Walking Wake|Protosynthesis|[silent]\n|switch|p2a: Torkoal|Torkoal, M|75\/100\n|-damage|p2a: Torkoal|63\/100|[from] Spikes\n|-weather|SunnyDay|[from] ability: Drought|[of] p2a: Torkoal\n|move|p1a: Magearna|Draining Kiss|p2a: Torkoal\n|-resisted|p2a: Torkoal\n|-damage|p2a: Torkoal|49\/100\n|\n|-weather|SunnyDay|[upkeep]\n|upkeep\n|turn|10\n|\n|t:|1699200910\n|move|p1a: Magearna|Volt Switch|p2a: Torkoal\n|-damage|p2a: Torkoal|24\/100\n|\n|t:|1699200913\n|switch|p1a: Volcarona|Volcarona, M|100\/100|[from] Volt Switch\n|move|p2a: Torkoal|Lava Plume|p1a: Volcarona\n|-damage|p1a: Volcarona|61\/100\n|\n|-weather|SunnyDay|[upkeep]\n|upkeep\n|turn|11\n|\n|t:|1699200921\n|move|p1a: Volcarona|Quiver Dance|p1a: Volcarona\n|-boost|p1a: Volcarona|spa|1\n|-boost|p1a: Volcarona|spd|1\n|-boost|p1a: Volcarona|spe|1\n|move|p2a: Torkoal|Yawn|p1a: Volcarona\n|-start|p1a: Volcarona|move: Yawn|[of] p2a: Torkoal\n|\n|-weather|SunnyDay|[upkeep]\n|upkeep\n|turn|12\n|\n|t:|1699200929\n|switch|p2a: Walking Wake|Walking Wake|29\/100 par\n|-damage|p2a: Walking Wake|16\/100 par|[from] Spikes\n|-activate|p2a: Walking Wake|ability: Protosynthesis\n|-start|p2a: Walking Wake|protosynthesisspe\n|move|p1a: Volcarona|Flamethrower|p2a: Walking Wake\n|-resisted|p2a: Walking Wake\n|-damage|p2a: Walking Wake|0 fnt\n|faint|p2a: Walking Wake\n|-end|p2a: Walking Wake|Protosynthesis|[silent]\n|\n|-weather|SunnyDay|[upkeep]\n|-end|p1a: Volcarona|move: Yawn|[silent]\n|-status|p1a: Volcarona|slp\n|upkeep\n|\n|t:|1699200940\n|switch|p2a: Roaring Moon|Roaring Moon|100\/100\n|-damage|p2a: Roaring Moon|88\/100|[from] Spikes\n|-activate|p2a: Roaring Moon|ability: Protosynthesis\n|-start|p2a: Roaring Moon|protosynthesisatk\n|turn|13\n|\n|t:|1699200950\n|cant|p1a: Volcarona|slp\n|move|p2a: Roaring Moon|Dragon Dance|p2a: Roaring Moon\n|-boost|p2a: Roaring Moon|atk|1\n|-boost|p2a: Roaring Moon|spe|1\n|\n|-weather|SunnyDay|[upkeep]\n|upkeep\n|turn|14\n|\n|t:|1699200953\n|move|p2a: Roaring Moon|Dragon Dance|p2a: Roaring Moon\n|-boost|p2a: Roaring Moon|atk|1\n|-boost|p2a: Roaring Moon|spe|1\n|cant|p1a: Volcarona|slp\n|\n|-weather|SunnyDay|[upkeep]\n|upkeep\n|turn|15\n|\n|t:|1699200959\n|move|p2a: Roaring Moon|Knock Off|p1a: Volcarona\n|-damage|p1a: Volcarona|0 fnt\n|-enditem|p1a: Volcarona|Heavy-Duty Boots|[from] move: Knock Off|[of] p2a: Roaring Moon\n|faint|p1a: Volcarona\n|\n|-weather|SunnyDay|[upkeep]\n|upkeep\n|\n|t:|1699200961\n|switch|p1a: Magearna|Magearna|100\/100\n|turn|16\n|\n|t:|1699200966\n|move|p2a: Roaring Moon|Earthquake|p1a: Magearna\n|-supereffective|p1a: Magearna\n|-damage|p1a: Magearna|0 fnt\n|faint|p1a: Magearna\n|\n|-weather|none\n|-end|p2a: Roaring Moon|Protosynthesis\n|upkeep\n|\n|t:|1699200975\n|switch|p1a: Spectrier|Spectrier|100\/100\n|turn|17\n|\n|t:|1699200978\n|-terastallize|p1a: Spectrier|Fairy\n|move|p2a: Roaring Moon|Knock Off|p1a: Spectrier\n|-resisted|p1a: Spectrier\n|-damage|p1a: Spectrier|14\/100\n|-enditem|p1a: Spectrier|Spell Tag|[from] move: Knock Off|[of] p2a: Roaring Moon\n|move|p1a: Spectrier|Tera Blast|p2a: Roaring Moon|[anim] Tera Blast Fairy\n|-supereffective|p2a: Roaring Moon\n|-damage|p2a: Roaring Moon|0 fnt\n|faint|p2a: Roaring Moon\n|-end|p2a: Roaring Moon|Protosynthesis|[silent]\n|-ability|p1a: Spectrier|Grim Neigh|boost\n|-boost|p1a: Spectrier|spa|1\n|\n|upkeep\n|\n|t:|1699200988\n|switch|p2a: Torkoal|Torkoal, M|24\/100\n|-damage|p2a: Torkoal|12\/100|[from] Spikes\n|-weather|SunnyDay|[from] ability: Drought|[of] p2a: Torkoal\n|turn|18\n|\n|t:|1699200999\n|move|p1a: Spectrier|Shadow Ball|p2a: Torkoal\n|-damage|p2a: Torkoal|0 fnt\n|faint|p2a: Torkoal\n|-ability|p1a: Spectrier|Grim Neigh|boost\n|-boost|p1a: Spectrier|spa|1\n|\n|-weather|SunnyDay|[upkeep]\n|upkeep\n|\n|t:|1699201005\n|switch|p2a: Zacian|Zacian|88\/100\n|-damage|p2a: Zacian|76\/100|[from] Spikes\n|turn|19\n|\n|t:|1699201021\n|move|p2a: Zacian|Close Combat|p1a: Spectrier\n|-resisted|p1a: Spectrier\n|-crit|p1a: Spectrier\n|-damage|p1a: Spectrier|0 fnt\n|-unboost|p2a: Zacian|def|1\n|-unboost|p2a: Zacian|spd|1\n|faint|p1a: Spectrier\n|\n|-weather|SunnyDay|[upkeep]\n|upkeep\n|\n|t:|1699201030\n|switch|p1a: Arceus|Arceus-Fighting|100\/100\n|turn|20\n|\n|t:|1699201034\n|move|p2a: Zacian|Close Combat|p1a: Arceus\n|-damage|p1a: Arceus|67\/100\n|-unboost|p2a: Zacian|def|1\n|-unboost|p2a: Zacian|spd|1\n|move|p1a: Arceus|Cosmic Power|p1a: Arceus\n|-boost|p1a: Arceus|def|1\n|-boost|p1a: Arceus|spd|1\n|\n|-weather|SunnyDay|[upkeep]\n|upkeep\n|turn|21\n|\n|t:|1699201043\n|switch|p2a: Volcarona|Volcarona, F|100\/100\n|move|p1a: Arceus|Cosmic Power|p1a: Arceus\n|-boost|p1a: Arceus|def|1\n|-boost|p1a: Arceus|spd|1\n|\n|-weather|SunnyDay|[upkeep]\n|upkeep\n|turn|22\n|\n|t:|1699201058\n|move|p2a: Volcarona|Quiver Dance|p2a: Volcarona\n|-boost|p2a: Volcarona|spa|1\n|-boost|p2a: Volcarona|spd|1\n|-boost|p2a: Volcarona|spe|1\n|move|p1a: Arceus|Cosmic Power|p1a: Arceus\n|-boost|p1a: Arceus|def|1\n|-boost|p1a: Arceus|spd|1\n|\n|-weather|SunnyDay|[upkeep]\n|upkeep\n|turn|23\n|\n|t:|1699201063\n|move|p2a: Volcarona|Quiver Dance|p2a: Volcarona\n|-boost|p2a: Volcarona|spa|1\n|-boost|p2a: Volcarona|spd|1\n|-boost|p2a: Volcarona|spe|1\n|move|p1a: Arceus|Body Press|p2a: Volcarona\n|-resisted|p2a: Volcarona\n|-damage|p2a: Volcarona|33\/100\n|\n|-weather|SunnyDay|[upkeep]\n|upkeep\n|turn|24\n|\n|t:|1699201066\n|move|p2a: Volcarona|Morning Sun|p2a: Volcarona\n|-heal|p2a: Volcarona|99\/100\n|move|p1a: Arceus|Body Press|p2a: Volcarona\n|-resisted|p2a: Volcarona\n|-damage|p2a: Volcarona|32\/100\n|-status|p1a: Arceus|brn|[from] ability: Flame Body|[of] p2a: Volcarona\n|\n|-weather|SunnyDay|[upkeep]\n|-damage|p1a: Arceus|61\/100 brn|[from] brn\n|upkeep\n|turn|25\n|\n|t:|1699201076\n|move|p2a: Volcarona|Morning Sun|p2a: Volcarona\n|-heal|p2a: Volcarona|99\/100\n|move|p1a: Arceus|Recover|p1a: Arceus\n|-heal|p1a: Arceus|100\/100 brn\n|\n|-weather|none\n|-damage|p1a: Arceus|94\/100 brn|[from] brn\n|upkeep\n|turn|26\n|\n|t:|1699201084\n|move|p2a: Volcarona|Quiver Dance|p2a: Volcarona\n|-boost|p2a: Volcarona|spa|1\n|-boost|p2a: Volcarona|spd|1\n|-boost|p2a: Volcarona|spe|1\n|move|p1a: Arceus|Cosmic Power|p1a: Arceus\n|-boost|p1a: Arceus|def|1\n|-boost|p1a: Arceus|spd|1\n|\n|-damage|p1a: Arceus|88\/100 brn|[from] brn\n|upkeep\n|turn|27\n|\n|t:|1699201087\n|move|p2a: Volcarona|Quiver Dance|p2a: Volcarona\n|-boost|p2a: Volcarona|spa|1\n|-boost|p2a: Volcarona|spd|1\n|-boost|p2a: Volcarona|spe|1\n|move|p1a: Arceus|Cosmic Power|p1a: Arceus\n|-boost|p1a: Arceus|def|1\n|-boost|p1a: Arceus|spd|1\n|\n|-damage|p1a: Arceus|82\/100 brn|[from] brn\n|upkeep\n|turn|28\n|\n|t:|1699201090\n|move|p2a: Volcarona|Quiver Dance|p2a: Volcarona\n|-boost|p2a: Volcarona|spa|1\n|-boost|p2a: Volcarona|spd|1\n|-boost|p2a: Volcarona|spe|1\n|move|p1a: Arceus|Cosmic Power|p1a: Arceus\n|-boost|p1a: Arceus|def|1\n|-boost|p1a: Arceus|spd|1\n|\n|-damage|p1a: Arceus|76\/100 brn|[from] brn\n|upkeep\n|turn|29\n|\n|t:|1699201092\n|move|p2a: Volcarona|Quiver Dance|p2a: Volcarona\n|-boost|p2a: Volcarona|spa|1\n|-boost|p2a: Volcarona|spd|1\n|-boost|p2a: Volcarona|spe|1\n|move|p1a: Arceus|Body Press|p2a: Volcarona\n|-resisted|p2a: Volcarona\n|-crit|p2a: Volcarona\n|-damage|p2a: Volcarona|30\/100\n|\n|-damage|p1a: Arceus|70\/100 brn|[from] brn\n|upkeep\n|turn|30\n|\n|t:|1699201094\n|move|p2a: Volcarona|Morning Sun|p2a: Volcarona\n|-heal|p2a: Volcarona|80\/100\n|move|p1a: Arceus|Body Press|p2a: Volcarona\n|-resisted|p2a: Volcarona\n|-crit|p2a: Volcarona\n|-damage|p2a: Volcarona|5\/100\n|\n|-damage|p1a: Arceus|64\/100 brn|[from] brn\n|upkeep\n|turn|31\n|\n|t:|1699201105\n|move|p2a: Volcarona|Flamethrower|p1a: Arceus\n|-damage|p1a: Arceus|36\/100 brn\n|move|p1a: Arceus|Recover|p1a: Arceus\n|-heal|p1a: Arceus|86\/100 brn\n|\n|-damage|p1a: Arceus|80\/100 brn|[from] brn\n|upkeep\n|turn|32\n|\n|t:|1699201113\n|move|p2a: Volcarona|Flamethrower|p1a: Arceus\n|-damage|p1a: Arceus|52\/100 brn\n|move|p1a: Arceus|Body Press|p2a: Volcarona\n|-resisted|p2a: Volcarona\n|-damage|p2a: Volcarona|0 fnt\n|faint|p2a: Volcarona\n|\n|-damage|p1a: Arceus|46\/100 brn|[from] brn\n|upkeep\n|\n|t:|1699201124\n|switch|p2a: Zacian|Zacian|76\/100\n|-damage|p2a: Zacian|64\/100|[from] Spikes\n|turn|33\n|c|\u2606IDaHAN|this comes down to if zacian can ko a +4 arceus fighting\n|c|\u2606IDaHAN|blatantly op vs blatantly op\n|c|\u2606mann_treads|it sure does\n|c|\u2606IDaHAN|I love this format so much\n|c|\u2606mann_treads|LOL\n|\n|t:|1699201149\n|move|p2a: Zacian|Play Rough|p1a: Arceus\n|-supereffective|p1a: Arceus\n|-damage|p1a: Arceus|27\/100 brn\n|move|p1a: Arceus|Stored Power|p2a: Zacian\n|-crit|p2a: Zacian\n|-damage|p2a: Zacian|0 fnt\n|faint|p2a: Zacian\n|\n|win|IDaHAN\n|c|\u2606mann_treads|gg\n|c|\u2606IDaHAN|gg\n|c|\u2606IDaHAN|well played\n","uploadtime":1699201159,"views":9,"p1id":"idahan","p2id":"manntreads","formatid":"gen9ubers","rating":0,"private":0,"password":""}