{"id":"gen9ubers-1977711438","p1":"YDWf","p2":"la viuda alegre","format":"[Gen 9] Ubers","log":"|j|\u2606YDWf\n|j|\u2606la viuda alegre\n|t:|1698441103\n|gametype|singles\n|player|p1|YDWf|psychic|1028\n|player|p2|la viuda alegre|teacher|1186\n|teamsize|p1|6\n|teamsize|p2|6\n|gen|9\n|tier|[Gen 9] Ubers\n|rated|\n|rule|Sleep Clause Mod: Limit one foe put to sleep\n|rule|Species Clause: Limit one of each Pok\u00e9mon\n|rule|OHKO Clause: OHKO moves are banned\n|rule|Evasion Items Clause: Evasion items are banned\n|rule|Evasion Moves Clause: Evasion moves are banned\n|rule|Endless Battle Clause: Forcing endless battles is banned\n|rule|HP Percentage Mod: HP is shown in percentages\n|clearpoke\n|poke|p1|Umbreon, M|\n|poke|p1|Hydreigon, F|\n|poke|p1|Weezing-Galar, M|\n|poke|p1|Garganacl, F|\n|poke|p1|Gastrodon, F|\n|poke|p1|Great Tusk|\n|poke|p2|Flutter Mane|\n|poke|p2|Grimmsnarl, M|\n|poke|p2|Arceus|\n|poke|p2|Miraidon|\n|poke|p2|Clodsire, M|\n|poke|p2|Hatterene, F|\n|teampreview\n|inactive|Battle timer is ON: inactive players will automatically lose when time's up. (requested by la viuda alegre)\n|\n|t:|1698441107\n|start\n|switch|p1a: Umbreon|Umbreon, M|100\/100\n|switch|p2a: rebotitos|Hatterene, F, shiny|100\/100\n|turn|1\n|\n|t:|1698441119\n|move|p1a: Umbreon|Mean Look|p2a: rebotitos\n|move|p2a: rebotitos|Mean Look|p1a: Umbreon|[from]ability: Magic Bounce\n|-activate|p1a: Umbreon|trapped\n|move|p2a: rebotitos|Trick|p1a: Umbreon\n|-activate|p2a: rebotitos|move: Trick|[of] p1a: Umbreon\n|-item|p1a: Umbreon|Choice Scarf|[from] move: Trick\n|-item|p2a: rebotitos|Leftovers|[from] move: Trick\n|\n|upkeep\n|turn|2\n|\n|t:|1698441132\n|move|p1a: Umbreon|Curse|p1a: Umbreon\n|-unboost|p1a: Umbreon|spe|1\n|-boost|p1a: Umbreon|atk|1\n|-boost|p1a: Umbreon|def|1\n|move|p2a: rebotitos|Nuzzle|p1a: Umbreon\n|-damage|p1a: Umbreon|98\/100\n|-status|p1a: Umbreon|par\n|-activate|p1a: Umbreon|ability: Synchronize\n|-status|p2a: rebotitos|par\n|\n|upkeep\n|turn|3\n|\n|t:|1698441157\n|switch|p2a: molestio|Grimmsnarl, M|100\/100\n|move|p1a: Umbreon|Curse|p1a: Umbreon\n|-unboost|p1a: Umbreon|spe|1\n|-boost|p1a: Umbreon|atk|1\n|-boost|p1a: Umbreon|def|1\n|\n|upkeep\n|turn|4\n|\n|t:|1698441167\n|switch|p1a: Garganacl|Garganacl, F|100\/100\n|move|p2a: molestio|Light Screen|p2a: molestio\n|-sidestart|p2: la viuda alegre|move: Light Screen\n|\n|upkeep\n|turn|5\n|\n|t:|1698441179\n|move|p2a: molestio|Taunt|p1a: Garganacl\n|-start|p1a: Garganacl|move: Taunt\n|cant|p1a: Garganacl|move: Taunt|Iron Defense\n|\n|upkeep\n|turn|6\n|\n|t:|1698441186\n|move|p2a: molestio|Reflect|p2a: molestio\n|-sidestart|p2: la viuda alegre|Reflect\n|move|p1a: Garganacl|Salt Cure|p2a: molestio\n|-damage|p2a: molestio|95\/100\n|-start|p2a: molestio|Salt Cure\n|\n|-damage|p2a: molestio|82\/100|[from] Salt Cure\n|upkeep\n|turn|7\n|\n|t:|1698441197\n|move|p2a: molestio|Parting Shot|p1a: Garganacl\n|-unboost|p1a: Garganacl|atk|1\n|-unboost|p1a: Garganacl|spa|1\n|\n|t:|1698441202\n|switch|p2a: melenaleteo|Flutter Mane|100\/100|[from] Parting Shot\n|move|p1a: Garganacl|Salt Cure|p2a: melenaleteo\n|-damage|p2a: melenaleteo|91\/100\n|-start|p2a: melenaleteo|Salt Cure\n|\n|-damage|p2a: melenaleteo|79\/100|[from] Salt Cure\n|-end|p1a: Garganacl|move: Taunt\n|upkeep\n|turn|8\n|\n|t:|1698441215\n|move|p2a: melenaleteo|Perish Song|p2a: melenaleteo\n|-start|p1a: Garganacl|perish3|[silent]\n|-start|p2a: melenaleteo|perish3|[silent]\n|-fieldactivate|move: Perish Song\n|move|p1a: Garganacl|Iron Defense|p1a: Garganacl\n|-boost|p1a: Garganacl|def|2\n|\n|-damage|p2a: melenaleteo|66\/100|[from] Salt Cure\n|-start|p2a: melenaleteo|perish3\n|-start|p1a: Garganacl|perish3\n|upkeep\n|turn|9\n|\n|t:|1698441228\n|move|p2a: melenaleteo|Memento|p1a: Garganacl\n|-unboost|p1a: Garganacl|atk|2\n|-unboost|p1a: Garganacl|spa|2\n|faint|p2a: melenaleteo\n|-end|p2a: melenaleteo|Protosynthesis|[silent]\n|move|p1a: Garganacl|Salt Cure|p2: melenaleteo|[notarget]\n|-fail|p1a: Garganacl\n|\n|-start|p1a: Garganacl|perish2\n|upkeep\n|\n|t:|1698441239\n|switch|p2a: molestio|Grimmsnarl, M|82\/100\n|turn|10\n|\n|t:|1698441244\n|switch|p1a: Hydreigon|Hydreigon, F|100\/100\n|move|p2a: molestio|Parting Shot|p1a: Hydreigon\n|-hint|Since gen 7, Dark is immune to Prankster moves.\n|-immune|p1a: Hydreigon\n|\n|upkeep\n|turn|11\n|\n|t:|1698441255\n|switch|p1a: Weezing|Weezing-Galar, M|100\/100\n|switch|p2a: no lo dejes crecer|Arceus|100\/100\n|\n|-sideend|p2: la viuda alegre|move: Light Screen\n|upkeep\n|turn|12\n|\n|t:|1698441265\n|move|p2a: no lo dejes crecer|Cosmic Power|p2a: no lo dejes crecer\n|-boost|p2a: no lo dejes crecer|def|1\n|-boost|p2a: no lo dejes crecer|spd|1\n|move|p1a: Weezing|Curse|p1a: Weezing\n|-unboost|p1a: Weezing|spe|1\n|-boost|p1a: Weezing|atk|1\n|-boost|p1a: Weezing|def|1\n|\n|upkeep\n|turn|13\n|\n|t:|1698441276\n|move|p2a: no lo dejes crecer|Cosmic Power|p2a: no lo dejes crecer\n|-boost|p2a: no lo dejes crecer|def|1\n|-boost|p2a: no lo dejes crecer|spd|1\n|move|p1a: Weezing|Curse|p1a: Weezing\n|-unboost|p1a: Weezing|spe|1\n|-boost|p1a: Weezing|atk|1\n|-boost|p1a: Weezing|def|1\n|\n|-sideend|p2: la viuda alegre|Reflect\n|upkeep\n|turn|14\n|\n|t:|1698441288\n|move|p2a: no lo dejes crecer|Cosmic Power|p2a: no lo dejes crecer\n|-boost|p2a: no lo dejes crecer|def|1\n|-boost|p2a: no lo dejes crecer|spd|1\n|move|p1a: Weezing|Curse|p1a: Weezing\n|-unboost|p1a: Weezing|spe|1\n|-boost|p1a: Weezing|atk|1\n|-boost|p1a: Weezing|def|1\n|\n|upkeep\n|turn|15\n|\n|t:|1698441311\n|move|p2a: no lo dejes crecer|Cosmic Power|p2a: no lo dejes crecer\n|-boost|p2a: no lo dejes crecer|def|1\n|-boost|p2a: no lo dejes crecer|spd|1\n|move|p1a: Weezing|Curse|p1a: Weezing\n|-unboost|p1a: Weezing|spe|1\n|-boost|p1a: Weezing|atk|1\n|-boost|p1a: Weezing|def|1\n|\n|upkeep\n|turn|16\n|\n|t:|1698441324\n|switch|p1a: Garganacl|Garganacl, F|100\/100\n|move|p2a: no lo dejes crecer|Cosmic Power|p2a: no lo dejes crecer\n|-boost|p2a: no lo dejes crecer|def|1\n|-boost|p2a: no lo dejes crecer|spd|1\n|\n|upkeep\n|turn|17\n|\n|t:|1698441332\n|move|p2a: no lo dejes crecer|Stored Power|p1a: Garganacl\n|-damage|p1a: Garganacl|64\/100\n|move|p1a: Garganacl|Iron Defense|p1a: Garganacl\n|-boost|p1a: Garganacl|def|2\n|\n|-heal|p1a: Garganacl|70\/100|[from] item: Leftovers\n|upkeep\n|turn|18\n|\n|t:|1698441349\n|move|p2a: no lo dejes crecer|Stored Power|p1a: Garganacl\n|-damage|p1a: Garganacl|32\/100\n|move|p1a: Garganacl|Recover|p1a: Garganacl\n|-heal|p1a: Garganacl|82\/100\n|\n|-heal|p1a: Garganacl|89\/100|[from] item: Leftovers\n|upkeep\n|turn|19\n|\n|t:|1698441361\n|move|p2a: no lo dejes crecer|Stored Power|p1a: Garganacl\n|-damage|p1a: Garganacl|55\/100\n|move|p1a: Garganacl|Salt Cure|p2a: no lo dejes crecer\n|-damage|p2a: no lo dejes crecer|97\/100\n|-start|p2a: no lo dejes crecer|Salt Cure\n|\n|-heal|p1a: Garganacl|62\/100|[from] item: Leftovers\n|-damage|p2a: no lo dejes crecer|85\/100|[from] Salt Cure\n|upkeep\n|turn|20\n|\n|t:|1698441375\n|move|p2a: no lo dejes crecer|Stored Power|p1a: Garganacl\n|-damage|p1a: Garganacl|25\/100\n|move|p1a: Garganacl|Recover|p1a: Garganacl\n|-heal|p1a: Garganacl|75\/100\n|\n|-heal|p1a: Garganacl|81\/100|[from] item: Leftovers\n|-damage|p2a: no lo dejes crecer|72\/100|[from] Salt Cure\n|upkeep\n|turn|21\n|c|\u2606la viuda alegre|6 left\n|\n|t:|1698441392\n|move|p2a: no lo dejes crecer|Stored Power|p1a: Garganacl\n|-damage|p1a: Garganacl|45\/100\n|move|p1a: Garganacl|Iron Defense|p1a: Garganacl\n|-boost|p1a: Garganacl|def|2\n|\n|-heal|p1a: Garganacl|51\/100|[from] item: Leftovers\n|-damage|p2a: no lo dejes crecer|60\/100|[from] Salt Cure\n|upkeep\n|turn|22\n|\n|t:|1698441405\n|move|p2a: no lo dejes crecer|Stored Power|p1a: Garganacl\n|-damage|p1a: Garganacl|15\/100\n|move|p1a: Garganacl|Recover|p1a: Garganacl\n|-heal|p1a: Garganacl|65\/100\n|\n|-heal|p1a: Garganacl|71\/100|[from] item: Leftovers\n|-damage|p2a: no lo dejes crecer|48\/100|[from] Salt Cure\n|upkeep\n|turn|23\n|c|\u2606la viuda alegre|5\n|inactive|YDWf has 120 seconds left.\n|\n|t:|1698441434\n|move|p2a: no lo dejes crecer|Recover|p2a: no lo dejes crecer\n|-heal|p2a: no lo dejes crecer|98\/100\n|move|p1a: Garganacl|Recover|p1a: Garganacl\n|-heal|p1a: Garganacl|100\/100\n|\n|-damage|p2a: no lo dejes crecer|86\/100|[from] Salt Cure\n|upkeep\n|turn|24\n|c|\u2606la viuda alegre|4\n|\n|t:|1698441445\n|move|p2a: no lo dejes crecer|Cosmic Power|p2a: no lo dejes crecer\n|-boost|p2a: no lo dejes crecer|def|1\n|-boost|p2a: no lo dejes crecer|spd|1\n|move|p1a: Garganacl|Iron Defense|p1a: Garganacl\n|-boost|p1a: Garganacl|def|2\n|\n|-damage|p2a: no lo dejes crecer|73\/100|[from] Salt Cure\n|upkeep\n|turn|25\n|\n|t:|1698441456\n|move|p2a: no lo dejes crecer|Stored Power|p1a: Garganacl\n|-damage|p1a: Garganacl|58\/100\n|move|p1a: Garganacl|Body Press|p2a: no lo dejes crecer\n|-supereffective|p2a: no lo dejes crecer\n|-damage|p2a: no lo dejes crecer|36\/100\n|-enditem|p2a: no lo dejes crecer|Weakness Policy\n|-boost|p2a: no lo dejes crecer|atk|2|[from] item: Weakness Policy\n|-boost|p2a: no lo dejes crecer|spa|2|[from] item: Weakness Policy\n|\n|-heal|p1a: Garganacl|64\/100|[from] item: Leftovers\n|-damage|p2a: no lo dejes crecer|23\/100|[from] Salt Cure\n|upkeep\n|turn|26\n|\n|t:|1698441470\n|move|p2a: no lo dejes crecer|Stored Power|p1a: Garganacl\n|-damage|p1a: Garganacl|0 fnt\n|faint|p1a: Garganacl\n|\n|-damage|p2a: no lo dejes crecer|11\/100|[from] Salt Cure\n|upkeep\n|inactive|YDWf has 90 seconds left.\n|\n|t:|1698441508\n|switch|p1a: Great Tusk|Great Tusk|100\/100\n|turn|27\n|\n|t:|1698441513\n|move|p2a: no lo dejes crecer|Recover|p2a: no lo dejes crecer\n|-heal|p2a: no lo dejes crecer|61\/100\n|move|p1a: Great Tusk|Close Combat|p2a: no lo dejes crecer\n|-supereffective|p2a: no lo dejes crecer\n|-damage|p2a: no lo dejes crecer|21\/100\n|-unboost|p1a: Great Tusk|def|1\n|-unboost|p1a: Great Tusk|spd|1\n|\n|-damage|p2a: no lo dejes crecer|9\/100|[from] Salt Cure\n|upkeep\n|turn|28\n|inactive|YDWf has 90 seconds left.\n|\n|t:|1698441525\n|move|p2a: no lo dejes crecer|Stored Power|p1a: Great Tusk\n|-supereffective|p1a: Great Tusk\n|-damage|p1a: Great Tusk|0 fnt\n|faint|p1a: Great Tusk\n|-end|p1a: Great Tusk|Protosynthesis|[silent]\n|\n|-damage|p2a: no lo dejes crecer|0 fnt|[from] Salt Cure\n|faint|p2a: no lo dejes crecer\n|upkeep\n|inactive|YDWf has 90 seconds left.\n|\n|t:|1698441556\n|switch|p2a: molestio|Grimmsnarl, M|82\/100\n|switch|p1a: Gastrodon|Gastrodon, F|100\/100\n|turn|29\n|\n|t:|1698441566\n|move|p2a: molestio|Light Screen|p2a: molestio\n|-sidestart|p2: la viuda alegre|move: Light Screen\n|move|p1a: Gastrodon|Acid Armor|p1a: Gastrodon\n|-boost|p1a: Gastrodon|def|2\n|\n|upkeep\n|turn|30\n|\n|t:|1698441581\n|move|p2a: molestio|Taunt|p1a: Gastrodon\n|-start|p1a: Gastrodon|move: Taunt\n|move|p1a: Gastrodon|Surf|p2a: molestio\n|-damage|p2a: molestio|65\/100\n|\n|upkeep\n|turn|31\n|\n|t:|1698441589\n|move|p2a: molestio|Reflect|p2a: molestio\n|-sidestart|p2: la viuda alegre|Reflect\n|move|p1a: Gastrodon|Ice Beam|p2a: molestio\n|-damage|p2a: molestio|56\/100\n|\n|upkeep\n|turn|32\n|\n|t:|1698441596\n|move|p2a: molestio|Parting Shot|p1a: Gastrodon\n|-unboost|p1a: Gastrodon|atk|1\n|-unboost|p1a: Gastrodon|spa|1\n|\n|t:|1698441605\n|switch|p2a: soponcio|Clodsire, M|100\/100|[from] Parting Shot\n|move|p1a: Gastrodon|Ice Beam|p2a: soponcio\n|-supereffective|p2a: soponcio\n|-damage|p2a: soponcio|90\/100\n|\n|-heal|p2a: soponcio|96\/100|[from] item: Leftovers\n|-end|p1a: Gastrodon|move: Taunt\n|upkeep\n|turn|33\n|inactive|YDWf has 90 seconds left.\n|inactive|YDWf has 60 seconds left.\n|\n|t:|1698441643\n|switch|p1a: Umbreon|Umbreon, M|98\/100 par\n|move|p2a: soponcio|Toxic||[still]\n|-fail|p2a: soponcio\n|\n|-heal|p2a: soponcio|100\/100|[from] item: Leftovers\n|upkeep\n|turn|34\n|inactive|YDWf has 60 seconds left.\n|\n|t:|1698441657\n|switch|p2a: rebotitos|Hatterene, F, shiny|100\/100 par\n|move|p1a: Umbreon|Crunch|p2a: rebotitos\n|-damage|p2a: rebotitos|92\/100 par\n|\n|-heal|p2a: rebotitos|98\/100 par|[from] item: Leftovers\n|upkeep\n|turn|35\n|inactive|YDWf has 60 seconds left.\n|\n|t:|1698441667\n|move|p1a: Umbreon|Crunch|p2a: rebotitos\n|-damage|p2a: rebotitos|90\/100 par\n|-unboost|p2a: rebotitos|def|1\n|cant|p2a: rebotitos|par\n|\n|-heal|p2a: rebotitos|96\/100 par|[from] item: Leftovers\n|upkeep\n|turn|36\n|inactive|YDWf has 60 seconds left.\n|\n|t:|1698441677\n|move|p1a: Umbreon|Crunch|p2a: rebotitos\n|-damage|p2a: rebotitos|84\/100 par\n|move|p2a: rebotitos|Dazzling Gleam|p1a: Umbreon\n|-supereffective|p1a: Umbreon\n|-damage|p1a: Umbreon|60\/100 par\n|\n|-heal|p2a: rebotitos|90\/100 par|[from] item: Leftovers\n|-sideend|p2: la viuda alegre|move: Light Screen\n|upkeep\n|turn|37\n|inactive|YDWf has 60 seconds left.\n|\n|t:|1698441697\n|switch|p1a: Gastrodon|Gastrodon, F|100\/100\n|cant|p2a: rebotitos|par\n|\n|-heal|p2a: rebotitos|96\/100 par|[from] item: Leftovers\n|upkeep\n|turn|38\n|inactive|YDWf has 60 seconds left.\n|inactive|la viuda alegre has 120 seconds left.\n|\n|t:|1698441730\n|switch|p2a: molestio|Grimmsnarl, M|56\/100\n|move|p1a: Gastrodon|Surf|p2a: molestio\n|-damage|p2a: molestio|24\/100\n|\n|-sideend|p2: la viuda alegre|Reflect\n|upkeep\n|turn|39\n|\n|t:|1698441740\n|move|p2a: molestio|Light Screen|p2a: molestio\n|-sidestart|p2: la viuda alegre|move: Light Screen\n|move|p1a: Gastrodon|Surf|p2a: molestio\n|-damage|p2a: molestio|8\/100\n|\n|upkeep\n|turn|40\n|\n|t:|1698441748\n|move|p2a: molestio|Parting Shot|p1a: Gastrodon\n|-unboost|p1a: Gastrodon|atk|1\n|-unboost|p1a: Gastrodon|spa|1\n|\n|t:|1698441751\n|switch|p2a: cretino dragontino|Miraidon|100\/100|[from] Parting Shot\n|-fieldstart|move: Electric Terrain|[from] ability: Hadron Engine|[of] p2a: cretino dragontino\n|move|p1a: Gastrodon|Surf|p2a: cretino dragontino\n|-resisted|p2a: cretino dragontino\n|-damage|p2a: cretino dragontino|96\/100\n|\n|upkeep\n|turn|41\n|\n|t:|1698441770\n|-terastallize|p2a: cretino dragontino|Electric\n|move|p2a: cretino dragontino|Calm Mind|p2a: cretino dragontino\n|-boost|p2a: cretino dragontino|spa|1\n|-boost|p2a: cretino dragontino|spd|1\n|move|p1a: Gastrodon|Recover||[still]\n|-fail|p1a: Gastrodon|heal\n|\n|upkeep\n|turn|42\n|\n|t:|1698441781\n|move|p2a: cretino dragontino|Calm Mind|p2a: cretino dragontino\n|-boost|p2a: cretino dragontino|spa|1\n|-boost|p2a: cretino dragontino|spd|1\n|move|p1a: Gastrodon|Ice Beam|p2a: cretino dragontino\n|-damage|p2a: cretino dragontino|93\/100\n|\n|upkeep\n|turn|43\n|inactive|YDWf has 60 seconds left.\n|\n|t:|1698441815\n|switch|p1a: Hydreigon|Hydreigon, F|100\/100\n|move|p2a: cretino dragontino|Dazzling Gleam|p1a: Hydreigon\n|-supereffective|p1a: Hydreigon\n|-damage|p1a: Hydreigon|0 fnt\n|faint|p1a: Hydreigon\n|-damage|p2a: cretino dragontino|83\/100|[from] item: Life Orb\n|\n|upkeep\n|inactive|YDWf has 30 seconds left.\n|inactive|YDWf has 20 seconds left.\n|\n|t:|1698441853\n|switch|p1a: Weezing|Weezing-Galar, M|100\/100\n|turn|44\n|inactive|YDWf has 30 seconds left this turn.\n|inactive|YDWf has 20 seconds left.\n|\n|t:|1698441866\n|move|p2a: cretino dragontino|Electro Drift|p1a: Weezing\n|-damage|p1a: Weezing|0 fnt\n|faint|p1a: Weezing\n|-damage|p2a: cretino dragontino|73\/100|[from] item: Life Orb\n|\n|-fieldend|move: Electric Terrain\n|upkeep\n|inactive|YDWf has 25 seconds left this turn.\n|inactive|YDWf has 20 seconds left.\n|inactive|YDWf has 15 seconds left.\n|\n|t:|1698441879\n|switch|p1a: Gastrodon|Gastrodon, F|100\/100\n|turn|45\n|inactive|YDWf has 25 seconds left this turn.\n|inactive|YDWf has 20 seconds left.\n|\n|t:|1698441885\n|move|p2a: cretino dragontino|Dazzling Gleam|p1a: Gastrodon\n|-damage|p1a: Gastrodon|50\/100\n|-damage|p2a: cretino dragontino|63\/100|[from] item: Life Orb\n|move|p1a: Gastrodon|Ice Beam|p2a: cretino dragontino\n|-damage|p2a: cretino dragontino|59\/100\n|\n|-heal|p1a: Gastrodon|56\/100|[from] item: Leftovers\n|upkeep\n|turn|46\n|inactive|YDWf has 30 seconds left this turn.\n|inactive|YDWf has 20 seconds left.\n|inactive|YDWf has 15 seconds left.\n|\n|t:|1698441904\n|move|p2a: cretino dragontino|Calm Mind|p2a: cretino dragontino\n|-boost|p2a: cretino dragontino|spa|1\n|-boost|p2a: cretino dragontino|spd|1\n|move|p1a: Gastrodon|Recover|p1a: Gastrodon\n|-heal|p1a: Gastrodon|100\/100\n|\n|-sideend|p2: la viuda alegre|move: Light Screen\n|upkeep\n|turn|47\n|inactive|YDWf has 25 seconds left this turn.\n|inactive|YDWf has 20 seconds left.\n|inactive|YDWf has 15 seconds left.\n|\n|t:|1698441914\n|move|p2a: cretino dragontino|Calm Mind|p2a: cretino dragontino\n|-boost|p2a: cretino dragontino|spa|1\n|-boost|p2a: cretino dragontino|spd|1\n|move|p1a: Gastrodon|Ice Beam|p2a: cretino dragontino\n|-damage|p2a: cretino dragontino|53\/100\n|-status|p2a: cretino dragontino|frz\n|\n|upkeep\n|turn|48\n|inactive|YDWf has 25 seconds left this turn.\n|inactive|YDWf has 20 seconds left.\n|inactive|YDWf has 15 seconds left.\n|\n|t:|1698441926\n|cant|p2a: cretino dragontino|frz\n|move|p1a: Gastrodon|Surf|p2a: cretino dragontino\n|-damage|p2a: cretino dragontino|45\/100 frz\n|\n|upkeep\n|turn|49\n|inactive|YDWf has 25 seconds left this turn.\n|inactive|YDWf has 20 seconds left.\n|\n|t:|1698441933\n|cant|p2a: cretino dragontino|frz\n|move|p1a: Gastrodon|Surf|p2a: cretino dragontino\n|-damage|p2a: cretino dragontino|36\/100 frz\n|\n|upkeep\n|turn|50\n|inactive|YDWf has 30 seconds left this turn.\n|\n|t:|1698441942\n|cant|p2a: cretino dragontino|frz\n|move|p1a: Gastrodon|Surf|p2a: cretino dragontino\n|-damage|p2a: cretino dragontino|27\/100 frz\n|\n|upkeep\n|turn|51\n|inactive|YDWf has 30 seconds left.\n|\n|t:|1698441954\n|-terastallize|p1a: Gastrodon|Water\n|-curestatus|p2a: cretino dragontino|frz|[msg]\n|move|p2a: cretino dragontino|Dazzling Gleam|p1a: Gastrodon\n|-damage|p1a: Gastrodon|28\/100\n|-damage|p2a: cretino dragontino|17\/100|[from] item: Life Orb\n|move|p1a: Gastrodon|Surf|p2a: cretino dragontino\n|-damage|p2a: cretino dragontino|6\/100\n|\n|-heal|p1a: Gastrodon|34\/100|[from] item: Leftovers\n|upkeep\n|turn|52\n|inactive|YDWf has 30 seconds left.\n|inactive|YDWf has 20 seconds left.\n|\n|t:|1698441974\n|move|p2a: cretino dragontino|Dazzling Gleam|p1a: Gastrodon\n|-damage|p1a: Gastrodon|0 fnt\n|faint|p1a: Gastrodon\n|-damage|p2a: cretino dragontino|0 fnt|[from] item: Life Orb\n|faint|p2a: cretino dragontino\n|\n|upkeep\n|inactive|YDWf has 30 seconds left this turn.\n|c|\u2606la viuda alegre|oh my god talk about a one trick pony\n|c|\u2606la viuda alegre|not even with luck \ud83d\ude2d\n|inactive|YDWf has 20 seconds left.\n|\n|t:|1698441987\n|switch|p2a: soponcio|Clodsire, M|100\/100\n|switch|p1a: Umbreon|Umbreon, M|60\/100 par\n|turn|53\n|inactive|YDWf has 30 seconds left this turn.\n|inactive|YDWf has 20 seconds left.\n|\n|t:|1698441997\n|move|p1a: Umbreon|Crunch|p2a: soponcio\n|-damage|p2a: soponcio|81\/100\n|move|p2a: soponcio|Earthquake|p1a: Umbreon\n|-damage|p1a: Umbreon|38\/100 par\n|\n|-heal|p2a: soponcio|87\/100|[from] item: Leftovers\n|upkeep\n|turn|54\n|inactive|YDWf has 30 seconds left this turn.\n|inactive|YDWf has 20 seconds left.\n|\n|t:|1698442008\n|move|p1a: Umbreon|Crunch|p2a: soponcio\n|-damage|p2a: soponcio|66\/100\n|move|p2a: soponcio|Earthquake|p1a: Umbreon\n|-damage|p1a: Umbreon|17\/100 par\n|\n|-heal|p2a: soponcio|72\/100|[from] item: Leftovers\n|upkeep\n|turn|55\n|inactive|YDWf has 30 seconds left this turn.\n|inactive|YDWf has 20 seconds left.\n|\n|t:|1698442020\n|move|p1a: Umbreon|Crunch|p2a: soponcio\n|-damage|p2a: soponcio|53\/100\n|move|p2a: soponcio|Earthquake|p1a: Umbreon\n|-damage|p1a: Umbreon|0 fnt\n|faint|p1a: Umbreon\n|\n|win|la viuda alegre\n|inactive|YDWf has 25 seconds left this turn.\n|raw|YDWf's rating: 1028 &rarr; <strong>1020<\/strong><br \/>(-8 for losing)\n|raw|la viuda alegre's rating: 1186 &rarr; <strong>1200<\/strong><br \/>(+14 for winning)\n|c|\u2606la viuda alegre|I'm definitely uploading this\n","uploadtime":1698442032,"views":8,"p1id":"ydwf","p2id":"laviudaalegre","formatid":"gen9ubers","rating":1020,"private":0,"password":""}