{"id":"gen9ubers-1999864261","p1":"GrandestStar","p2":"Anderew1","format":"[Gen 9] Ubers","log":"|j|\u2606GrandestStar\n|j|\u2606Anderew1\n|t:|1701124073\n|gametype|singles\n|player|p1|GrandestStar|aromalady|\n|player|p2|Anderew1|ghetsis|\n|teamsize|p1|6\n|teamsize|p2|6\n|gen|9\n|tier|[Gen 9] Ubers\n|rule|Sleep Clause Mod: Limit one foe put to sleep\n|rule|Species Clause: Limit one of each Pok\u00e9mon\n|rule|OHKO Clause: OHKO moves are banned\n|rule|Evasion Items Clause: Evasion items are banned\n|rule|Evasion Moves Clause: Evasion moves are banned\n|rule|Endless Battle Clause: Forcing endless battles is banned\n|rule|HP Percentage Mod: HP is shown in percentages\n|clearpoke\n|poke|p1|Tatsugiri, M|\n|poke|p1|Revavroom, M|\n|poke|p1|Iron Bundle|\n|poke|p1|Meloetta|\n|poke|p1|Slither Wing|\n|poke|p1|Oricorio-Pom-Pom, M|\n|poke|p2|Samurott-Hisui, M|\n|poke|p2|Rillaboom, F|\n|poke|p2|Quaquaval, F|\n|poke|p2|Weezing-Galar, M|\n|poke|p2|Ursaluna-Bloodmoon, M|\n|poke|p2|Cinderace, M|\n|teampreview\n|inactive|Battle timer is ON: inactive players will automatically lose when time's up. (requested by Anderew1)\n|c|\u2606Anderew1|glhf!\n|inactive|Anderew1 has 270 seconds left.\n|c|\u2606GrandestStar|gl!!\n|\n|t:|1701124110\n|start\n|switch|p1a: Sugarsnap|Meloetta|100\/100\n|switch|p2a: Quaquaval|Quaquaval, F|100\/100\n|turn|1\n|inactive|Anderew1 has 270 seconds left.\n|\n|t:|1701124163\n|switch|p2a: wanna spike?|Samurott-Hisui, M|100\/100\n|move|p1a: Sugarsnap|Energy Ball|p2a: wanna spike?\n|-supereffective|p2a: wanna spike?\n|-damage|p2a: wanna spike?|5\/100\n|\n|upkeep\n|turn|2\n|\n|t:|1701124186\n|switch|p1a: Blackberry|Revavroom, M|100\/100\n|move|p2a: wanna spike?|Ceaseless Edge|p1a: Blackberry\n|-damage|p1a: Blackberry|54\/100\n|-sidestart|p1: GrandestStar|Spikes\n|\n|-heal|p1a: Blackberry|60\/100|[from] item: Leftovers\n|upkeep\n|turn|3\n|inactive|Anderew1 has 240 seconds left.\n|\n|t:|1701124205\n|move|p2a: wanna spike?|Ceaseless Edge|p1a: Blackberry\n|-damage|p1a: Blackberry|9\/100\n|-sidestart|p1: GrandestStar|Spikes\n|move|p1a: Blackberry|Poison Jab|p2a: wanna spike?\n|-damage|p2a: wanna spike?|0 fnt\n|faint|p2a: wanna spike?\n|\n|-heal|p1a: Blackberry|15\/100|[from] item: Leftovers\n|upkeep\n|inactive|Anderew1 has 240 seconds left.\n|\n|t:|1701124215\n|switch|p2a: Quaquaval|Quaquaval, F|100\/100\n|turn|4\n|inactive|GrandestStar has 270 seconds left.\n|\n|t:|1701124241\n|switch|p1a: Sashimi|Tatsugiri, M|100\/100\n|move|p2a: Quaquaval|Knock Off|p1a: Sashimi\n|-damage|p1a: Sashimi|37\/100\n|-enditem|p1a: Sashimi|Heavy-Duty Boots|[from] move: Knock Off|[of] p2a: Quaquaval\n|\n|upkeep\n|turn|5\n|\n|t:|1701124257\n|move|p2a: Quaquaval|Knock Off|p1a: Sashimi\n|-damage|p1a: Sashimi|0 fnt\n|faint|p1a: Sashimi\n|-ability|p2a: Quaquaval|Moxie|boost\n|-boost|p2a: Quaquaval|atk|1\n|\n|upkeep\n|inactive|GrandestStar has 270 seconds left.\n|\n|t:|1701124274\n|switch|p1a: Fruit Gummy|Oricorio-Pom-Pom, M|100\/100\n|turn|6\n|inactive|GrandestStar has 270 seconds left.\n|inactive|Anderew1 has 240 seconds left.\n|\n|t:|1701124296\n|switch|p2a: Ursaluna|Ursaluna-Bloodmoon, M|100\/100\n|move|p1a: Fruit Gummy|Revelation Dance|p2a: Ursaluna\n|-immune|p2a: Ursaluna\n|\n|upkeep\n|turn|7\n|inactive|GrandestStar has 270 seconds left.\n|inactive|Anderew1 has 240 seconds left.\n|\n|t:|1701124334\n|switch|p1a: Twix|Slither Wing|100\/100\n|move|p2a: Ursaluna|Blood Moon|p1a: Twix\n|-damage|p1a: Twix|42\/100\n|\n|upkeep\n|turn|8\n|inactive|GrandestStar has 270 seconds left.\n|\n|t:|1701124348\n|switch|p2a: Weezing|Weezing-Galar, M|100\/100\n|-ability|p2a: Weezing|Neutralizing Gas\n|move|p1a: Twix|Morning Sun|p1a: Twix\n|-heal|p1a: Twix|92\/100\n|\n|upkeep\n|turn|9\n|\n|t:|1701124359\n|move|p1a: Twix|Earthquake|p2a: Weezing\n|-supereffective|p2a: Weezing\n|-damage|p2a: Weezing|47\/100\n|move|p2a: Weezing|Strange Steam|p1a: Twix\n|-supereffective|p1a: Twix\n|-damage|p1a: Twix|40\/100\n|\n|-heal|p2a: Weezing|53\/100|[from] item: Leftovers\n|upkeep\n|turn|10\n|inactive|Anderew1 has 210 seconds left.\n|\n|t:|1701124377\n|-end|p2a: Weezing|ability: Neutralizing Gas\n|switch|p2a: Rillaboom|Rillaboom, F|100\/100\n|-fieldstart|move: Grassy Terrain|[from] ability: Grassy Surge|[of] p2a: Rillaboom\n|-enditem|p2a: Rillaboom|Grassy Seed\n|-boost|p2a: Rillaboom|def|1|[from] item: Grassy Seed\n|move|p1a: Twix|Morning Sun|p1a: Twix\n|-heal|p1a: Twix|90\/100\n|\n|-heal|p1a: Twix|96\/100|[from] Grassy Terrain\n|upkeep\n|turn|11\n|\n|t:|1701124389\n|move|p2a: Rillaboom|Acrobatics|p1a: Twix\n|-supereffective|p1a: Twix\n|-crit|p1a: Twix\n|-damage|p1a: Twix|0 fnt\n|faint|p1a: Twix\n|-end|p1a: Twix|Protosynthesis|[silent]\n|\n|upkeep\n|\n|t:|1701124396\n|switch|p1a: Fruit Gummy|Oricorio-Pom-Pom, M|100\/100\n|turn|12\n|\n|t:|1701124408\n|switch|p2a: Weezing|Weezing-Galar, M|53\/100\n|-ability|p2a: Weezing|Neutralizing Gas\n|move|p1a: Fruit Gummy|Air Slash|p2a: Weezing\n|-damage|p2a: Weezing|29\/100\n|\n|-heal|p2a: Weezing|35\/100|[from] Grassy Terrain\n|-heal|p2a: Weezing|41\/100|[from] item: Leftovers\n|upkeep\n|turn|13\n|\n|t:|1701124420\n|move|p1a: Fruit Gummy|Air Slash|p2a: Weezing\n|-damage|p2a: Weezing|17\/100\n|move|p2a: Weezing|Strange Steam|p1a: Fruit Gummy\n|-damage|p1a: Fruit Gummy|65\/100\n|\n|-heal|p2a: Weezing|23\/100|[from] Grassy Terrain\n|-heal|p2a: Weezing|29\/100|[from] item: Leftovers\n|upkeep\n|turn|14\n|\n|t:|1701124430\n|move|p1a: Fruit Gummy|Air Slash|p2a: Weezing\n|-damage|p2a: Weezing|5\/100\n|move|p2a: Weezing|Strange Steam|p1a: Fruit Gummy\n|-damage|p1a: Fruit Gummy|28\/100\n|-start|p1a: Fruit Gummy|confusion\n|\n|-heal|p2a: Weezing|11\/100|[from] Grassy Terrain\n|-heal|p2a: Weezing|17\/100|[from] item: Leftovers\n|-fieldend|move: Grassy Terrain\n|upkeep\n|turn|15\n|\n|t:|1701124439\n|-activate|p1a: Fruit Gummy|confusion\n|move|p1a: Fruit Gummy|Air Slash|p2a: Weezing\n|-damage|p2a: Weezing|0 fnt\n|faint|p2a: Weezing\n|-end|p2a: Weezing|ability: Neutralizing Gas\n|\n|upkeep\n|\n|t:|1701124460\n|switch|p2a: Cinderace|Cinderace, M|100\/100\n|turn|16\n|\n|t:|1701124463\n|move|p2a: Cinderace|Pyro Ball|p1a: Fruit Gummy\n|-damage|p1a: Fruit Gummy|0 fnt\n|faint|p1a: Fruit Gummy\n|\n|upkeep\n|\n|t:|1701124467\n|switch|p1a: Sprite Cranberry|Iron Bundle|100\/100\n|turn|17\n|\n|t:|1701124474\n|move|p2a: Cinderace|Pyro Ball|p1a: Sprite Cranberry\n|-damage|p1a: Sprite Cranberry|22\/100\n|move|p1a: Sprite Cranberry|Hydro Pump|p2a: Cinderace|[miss]\n|-miss|p1a: Sprite Cranberry|p2a: Cinderace\n|\n|upkeep\n|turn|18\n|c|\u2606GrandestStar|a\n|\n|t:|1701124485\n|move|p2a: Cinderace|Pyro Ball|p1a: Sprite Cranberry\n|-damage|p1a: Sprite Cranberry|0 fnt\n|faint|p1a: Sprite Cranberry\n|-end|p1a: Sprite Cranberry|Quark Drive|[silent]\n|\n|upkeep\n|c|\u2606Anderew1|damn\n|\n|t:|1701124489\n|switch|p1a: Sugarsnap|Meloetta|100\/100\n|-damage|p1a: Sugarsnap|84\/100|[from] Spikes\n|turn|19\n|c|\u2606Anderew1|thats a tough miss\n|\n|t:|1701124494\n|move|p2a: Cinderace|Pyro Ball|p1a: Sugarsnap\n|-damage|p1a: Sugarsnap|22\/100\n|move|p1a: Sugarsnap|Psychic|p2a: Cinderace\n|-damage|p2a: Cinderace|38\/100\n|\n|-heal|p1a: Sugarsnap|29\/100|[from] item: Leftovers\n|upkeep\n|turn|20\n|\n|t:|1701124501\n|move|p2a: Cinderace|Pyro Ball|p1a: Sugarsnap\n|-damage|p1a: Sugarsnap|0 fnt\n|faint|p1a: Sugarsnap\n|\n|upkeep\n|\n|t:|1701124504\n|switch|p1a: Blackberry|Revavroom, M|15\/100\n|-damage|p1a: Blackberry|0 fnt|[from] Spikes\n|faint|p1a: Blackberry\n|\n|win|Anderew1\n|c|\u2606Anderew1|gg\n|c|\u2606GrandestStar|gg\n","uploadtime":1701124512,"views":17,"p1id":"grandeststar","p2id":"anderew1","formatid":"gen9ubers","rating":0,"private":0,"password":""}