{"id":"gen9ubers-1979273814","p1":"Kindyy","p2":"TGA","format":"[Gen 9] Ubers","log":"|j|\u2606Kindyy\n|j|\u2606TGA\n|inactive|Battle timer is ON: inactive players will automatically lose when time's up.\n|t:|1698664725\n|gametype|singles\n|player|p1|Kindyy|lillie-masters|\n|player|p2|TGA|#capplixvenomicons|\n|teamsize|p1|6\n|teamsize|p2|6\n|gen|9\n|tier|[Gen 9] Ubers\n|rated|Tournament battle\n|rule|Sleep Clause Mod: Limit one foe put to sleep\n|rule|Species Clause: Limit one of each Pok\u00e9mon\n|rule|OHKO Clause: OHKO moves are banned\n|rule|Evasion Items Clause: Evasion items are banned\n|rule|Evasion Moves Clause: Evasion moves are banned\n|rule|Endless Battle Clause: Forcing endless battles is banned\n|rule|HP Percentage Mod: HP is shown in percentages\n|clearpoke\n|poke|p1|Arceus-Ground|\n|poke|p1|Annihilape, M|\n|poke|p1|Zacian-*|\n|poke|p1|Miraidon|\n|poke|p1|Koraidon|\n|poke|p1|Rayquaza|\n|poke|p2|Koraidon|\n|poke|p2|Zacian-*|\n|poke|p2|Miraidon|\n|poke|p2|Ribombee, M|\n|poke|p2|Glimmora, M|\n|poke|p2|Arceus|\n|teampreview\n|j|*Lady Monita \u263d\n|inactive|TGA also wants the timer to be on.\n|c|\u2606TGA|Hf\n|\n|t:|1698664737\n|start\n|switch|p1a: Annihilape|Annihilape, M|100\/100\n|switch|p2a: Glimmora|Glimmora, M|100\/100\n|turn|1\n|c|\u2606Kindyy|Gl\n|\n|t:|1698664757\n|move|p1a: Annihilape|Taunt|p2a: Glimmora\n|-start|p2a: Glimmora|move: Taunt\n|cant|p2a: Glimmora|move: Taunt|Stealth Rock\n|\n|upkeep\n|turn|2\n|j| ZowwyCafe\u2764\n|\n|t:|1698664768\n|switch|p2a: Ribombee|Ribombee, M|100\/100\n|move|p1a: Annihilape|Stealth Rock|p2a: Ribombee\n|-sidestart|p2: TGA|move: Stealth Rock\n|\n|upkeep\n|turn|3\n|\n|t:|1698664774\n|move|p2a: Ribombee|Sticky Web|p1a: Annihilape\n|-sidestart|p1: Kindyy|move: Sticky Web\n|move|p1a: Annihilape|Final Gambit|p2a: Ribombee\n|-enditem|p2a: Ribombee|Focus Sash\n|-damage|p2a: Ribombee|1\/100\n|faint|p1a: Annihilape\n|\n|upkeep\n|\n|t:|1698664783\n|switch|p1a: Rayquaza|Rayquaza|100\/100\n|-ability|p1a: Rayquaza|Air Lock\n|turn|4\n|j| cheese miestro\n|\n|t:|1698664788\n|move|p1a: Rayquaza|Extreme Speed|p2a: Ribombee\n|-damage|p2a: Ribombee|0 fnt\n|faint|p2a: Ribombee\n|\n|upkeep\n|\n|t:|1698664791\n|switch|p2a: Glimmora|Glimmora, M|100\/100\n|-damage|p2a: Glimmora|88\/100|[from] Stealth Rock\n|turn|5\n|l| cheese miestro\n|\n|t:|1698664803\n|move|p1a: Rayquaza|Earthquake|p2a: Glimmora\n|-supereffective|p2a: Glimmora\n|-damage|p2a: Glimmora|0 fnt\n|-activate|p2a: Glimmora|ability: Toxic Debris\n|-sidestart|p1: Kindyy|move: Toxic Spikes\n|faint|p2a: Glimmora\n|\n|upkeep\n|\n|t:|1698664816\n|switch|p2a: Miraidon|Miraidon|100\/100\n|-damage|p2a: Miraidon|88\/100|[from] Stealth Rock\n|-fieldstart|move: Electric Terrain|[from] ability: Hadron Engine|[of] p2a: Miraidon\n|turn|6\n|\n|t:|1698664823\n|-terastallize|p2a: Miraidon|Flying\n|move|p2a: Miraidon|Dragon Pulse|p1a: Rayquaza\n|-supereffective|p1a: Rayquaza\n|-enditem|p1a: Rayquaza|Focus Sash\n|-damage|p1a: Rayquaza|1\/100\n|move|p1a: Rayquaza|Earthquake|p2a: Miraidon\n|-immune|p2a: Miraidon\n|\n|-heal|p2a: Miraidon|94\/100|[from] item: Leftovers\n|upkeep\n|turn|7\n|\n|t:|1698664833\n|move|p1a: Rayquaza|Extreme Speed|p2a: Miraidon\n|-damage|p2a: Miraidon|67\/100\n|move|p2a: Miraidon|Dragon Pulse|p1a: Rayquaza\n|-supereffective|p1a: Rayquaza\n|-damage|p1a: Rayquaza|0 fnt\n|faint|p1a: Rayquaza\n|\n|-heal|p2a: Miraidon|73\/100|[from] item: Leftovers\n|upkeep\n|\n|t:|1698664851\n|switch|p1a: Miraidon|Miraidon|100\/100\n|-activate|p1a: Miraidon|move: Sticky Web\n|-unboost|p1a: Miraidon|spe|1\n|-status|p1a: Miraidon|psn\n|-activate|p1a: Miraidon|ability: Hadron Engine\n|turn|8\n|\n|t:|1698664875\n|switch|p2a: Koraidon|Koraidon|100\/100\n|-damage|p2a: Koraidon|94\/100|[from] Stealth Rock\n|-weather|SunnyDay|[from] ability: Orichalcum Pulse|[of] p2a: Koraidon\n|-activate|p2a: Koraidon|Orichalcum Pulse|[source]\n|-terastallize|p1a: Miraidon|Fairy\n|move|p1a: Miraidon|Electro Drift|p2a: Koraidon\n|-resisted|p2a: Koraidon\n|-damage|p2a: Koraidon|52\/100\n|\n|-weather|SunnyDay|[upkeep]\n|-damage|p1a: Miraidon|88\/100 psn|[from] psn\n|upkeep\n|turn|9\n|\n|t:|1698664890\n|move|p2a: Koraidon|Low Kick|p1a: Miraidon\n|-resisted|p1a: Miraidon\n|-damage|p1a: Miraidon|35\/100 psn\n|-damage|p2a: Koraidon|42\/100|[from] item: Life Orb\n|move|p1a: Miraidon|Electro Drift|p2a: Koraidon\n|-resisted|p2a: Koraidon\n|-damage|p2a: Koraidon|0 fnt\n|faint|p2a: Koraidon\n|\n|-weather|SunnyDay|[upkeep]\n|-damage|p1a: Miraidon|22\/100 psn|[from] psn\n|upkeep\n|\n|t:|1698664906\n|switch|p2a: Zacian|Zacian-Crowned|100\/100\n|-damage|p2a: Zacian|94\/100|[from] Stealth Rock\n|-ability|p2a: Zacian|Intrepid Sword|boost\n|-boost|p2a: Zacian|atk|1\n|turn|10\n|\n|t:|1698664911\n|move|p2a: Zacian|Behemoth Blade|p1a: Miraidon\n|-supereffective|p1a: Miraidon\n|-damage|p1a: Miraidon|0 fnt\n|faint|p1a: Miraidon\n|\n|-weather|SunnyDay|[upkeep]\n|-fieldend|move: Electric Terrain\n|upkeep\n|\n|t:|1698664915\n|switch|p1a: Arceus|Arceus-Ground|100\/100\n|-activate|p1a: Arceus|move: Sticky Web\n|-unboost|p1a: Arceus|spe|1\n|-status|p1a: Arceus|psn\n|turn|11\n|\n|t:|1698664922\n|move|p2a: Zacian|Behemoth Blade|p1a: Arceus\n|-damage|p1a: Arceus|39\/100 psn\n|move|p1a: Arceus|Earthquake|p2a: Zacian\n|-supereffective|p2a: Zacian\n|-damage|p2a: Zacian|0 fnt\n|faint|p2a: Zacian\n|\n|-weather|SunnyDay|[upkeep]\n|-damage|p1a: Arceus|27\/100 psn|[from] psn\n|upkeep\n|\n|t:|1698664925\n|switch|p2a: Arceus|Arceus|100\/100\n|-damage|p2a: Arceus|88\/100|[from] Stealth Rock\n|turn|12\n|\n|t:|1698664933\n|move|p2a: Arceus|Swords Dance|p2a: Arceus\n|-boost|p2a: Arceus|atk|2\n|move|p1a: Arceus|Earthquake|p2a: Arceus\n|-damage|p2a: Arceus|46\/100\n|\n|-weather|none\n|-damage|p1a: Arceus|14\/100 psn|[from] psn\n|upkeep\n|turn|13\n|\n|t:|1698664940\n|move|p2a: Arceus|Extreme Speed|p1a: Arceus\n|-damage|p1a: Arceus|0 fnt\n|faint|p1a: Arceus\n|\n|upkeep\n|\n|t:|1698664948\n|switch|p1a: Zacian|Zacian-Crowned|100\/100\n|-activate|p1a: Zacian|move: Sticky Web\n|-unboost|p1a: Zacian|spe|1\n|-ability|p1a: Zacian|Intrepid Sword|boost\n|-boost|p1a: Zacian|atk|1\n|turn|14\n|inactive|TGA has 120 seconds left.\n|\n|t:|1698664983\n|move|p2a: Arceus|Earthquake|p1a: Zacian\n|-supereffective|p1a: Zacian\n|-damage|p1a: Zacian|0 fnt\n|faint|p1a: Zacian\n|\n|upkeep\n|c|\u2606Kindyy|Gg\n|\n|t:|1698664995\n|switch|p1a: Koraidon|Koraidon|100\/100\n|-activate|p1a: Koraidon|move: Sticky Web\n|-unboost|p1a: Koraidon|spe|1\n|-status|p1a: Koraidon|psn\n|-weather|SunnyDay|[from] ability: Orichalcum Pulse|[of] p1a: Koraidon\n|-activate|p1a: Koraidon|Orichalcum Pulse|[source]\n|turn|15\n|\n|t:|1698665001\n|move|p2a: Arceus|Extreme Speed|p1a: Koraidon\n|-damage|p1a: Koraidon|27\/100 psn\n|move|p1a: Koraidon|Scale Shot|p2a: Arceus\n|-damage|p2a: Arceus|33\/100\n|-damage|p2a: Arceus|21\/100\n|-damage|p2a: Arceus|10\/100\n|-damage|p2a: Arceus|0 fnt\n|faint|p2a: Arceus\n|-hitcount|p2: Arceus|4\n|-unboost|p1a: Koraidon|def|1\n|-boost|p1a: Koraidon|spe|1\n|\n|-weather|SunnyDay|[upkeep]\n|-damage|p1a: Koraidon|15\/100 psn|[from] psn\n|upkeep\n|\n|t:|1698665005\n|switch|p2a: Miraidon|Miraidon, tera:Flying|73\/100\n|-damage|p2a: Miraidon|48\/100|[from] Stealth Rock\n|-fieldstart|move: Electric Terrain|[from] ability: Hadron Engine|[of] p2a: Miraidon\n|turn|16\n|\n|t:|1698665012\n|move|p1a: Koraidon|Scale Shot|p2a: Miraidon\n|-damage|p2a: Miraidon|32\/100\n|-damage|p2a: Miraidon|14\/100\n|-damage|p2a: Miraidon|0 fnt\n|faint|p2a: Miraidon\n|-hitcount|p2: Miraidon|3\n|\n|win|Kindyy\n|n|\u2606Kindyy|kindyy\n|n|\u2606TGA|tga\n|n|*Lady Monita \u263d|ladymonita\n|n| ZowwyCafe\u2764|zowwycafe\n|l|*Lady Monita \u263d\n|c|\u2606TGA|gg\n|l|\u2606TGA\n","uploadtime":1698665022,"views":9,"p1id":"kindyy","p2id":"tga","formatid":"gen9ubers","rating":0,"private":0,"password":""}