{"id":"gen9ubers-1982772089","p1":"MeteorAsh15","p2":"ShadowVoid4534","format":"[Gen 9] Ubers","log":"|j|\u2606MeteorAsh15\n|j|\u2606ShadowVoid4534\n|t:|1699043399\n|gametype|singles\n|player|p1|MeteorAsh15|nate|1330\n|player|p2|ShadowVoid4534|palmer|1379\n|teamsize|p1|6\n|teamsize|p2|6\n|gen|9\n|tier|[Gen 9] Ubers\n|rated|\n|rule|Sleep Clause Mod: Limit one foe put to sleep\n|rule|Species Clause: Limit one of each Pok\u00e9mon\n|rule|OHKO Clause: OHKO moves are banned\n|rule|Evasion Items Clause: Evasion items are banned\n|rule|Evasion Moves Clause: Evasion moves are banned\n|rule|Endless Battle Clause: Forcing endless battles is banned\n|rule|HP Percentage Mod: HP is shown in percentages\n|clearpoke\n|poke|p1|Baxcalibur, F|\n|poke|p1|Ninetales-Alola, F|\n|poke|p1|Koraidon|\n|poke|p1|Zacian-*|\n|poke|p1|Tornadus, M|\n|poke|p1|Ribombee, F|\n|poke|p2|Uxie|\n|poke|p2|Mew|\n|poke|p2|Jirachi|\n|poke|p2|Manaphy|\n|poke|p2|Urshifu-*, F|\n|poke|p2|Miraidon|\n|teampreview\n|inactive|Battle timer is ON: inactive players will automatically lose when time's up. (requested by ShadowVoid4534)\n|\n|t:|1699043406\n|start\n|switch|p1a: Ribombee|Ribombee, F, shiny|100\/100\n|switch|p2a: Jirachi|Jirachi|100\/100\n|turn|1\n|\n|t:|1699043413\n|move|p1a: Ribombee|Sticky Web|p2a: Jirachi\n|-sidestart|p2: ShadowVoid4534|move: Sticky Web\n|move|p2a: Jirachi|Doom Desire|p1a: Ribombee\n|-start|p2a: Jirachi|Doom Desire\n|\n|upkeep\n|turn|2\n|\n|t:|1699043419\n|move|p1a: Ribombee|Tailwind|p1a: Ribombee\n|-sidestart|p1: MeteorAsh15|move: Tailwind\n|move|p2a: Jirachi|Calm Mind|p2a: Jirachi\n|-boost|p2a: Jirachi|spa|1\n|-boost|p2a: Jirachi|spd|1\n|\n|upkeep\n|turn|3\n|\n|t:|1699043426\n|move|p1a: Ribombee|Stun Spore|p2a: Jirachi\n|-status|p2a: Jirachi|par\n|move|p2a: Jirachi|Calm Mind|p2a: Jirachi\n|-boost|p2a: Jirachi|spa|1\n|-boost|p2a: Jirachi|spd|1\n|\n|-end|p1a: Ribombee|move: Doom Desire\n|-supereffective|p1a: Ribombee\n|-enditem|p1a: Ribombee|Focus Sash\n|-damage|p1a: Ribombee|1\/100\n|upkeep\n|turn|4\n|\n|t:|1699043439\n|move|p1a: Ribombee|Imprison|p1a: Ribombee\n|-start|p1a: Ribombee|move: Imprison\n|move|p2a: Jirachi|Energy Ball|p1a: Ribombee\n|-resisted|p1a: Ribombee\n|-damage|p1a: Ribombee|0 fnt\n|faint|p1a: Ribombee\n|\n|upkeep\n|\n|t:|1699043449\n|switch|p1a: Koraidon|Koraidon|100\/100\n|-weather|SunnyDay|[from] ability: Orichalcum Pulse|[of] p1a: Koraidon\n|-activate|p1a: Koraidon|Orichalcum Pulse|[source]\n|turn|5\n|\n|t:|1699043454\n|move|p1a: Koraidon|Flare Blitz|p2a: Jirachi\n|-supereffective|p2a: Jirachi\n|-enditem|p2a: Jirachi|Focus Sash\n|-damage|p2a: Jirachi|1\/100 par\n|-damage|p1a: Koraidon|68\/100|[from] Recoil\n|move|p2a: Jirachi|Psychic|p1a: Koraidon\n|-supereffective|p1a: Koraidon\n|-damage|p1a: Koraidon|0 fnt\n|faint|p1a: Koraidon\n|\n|-weather|SunnyDay|[upkeep]\n|-sideend|p1: MeteorAsh15|move: Tailwind\n|upkeep\n|\n|t:|1699043470\n|switch|p1a: Zacian|Zacian-Crowned, shiny|100\/100\n|-ability|p1a: Zacian|Intrepid Sword|boost\n|-boost|p1a: Zacian|atk|1\n|turn|6\n|\n|t:|1699043474\n|move|p1a: Zacian|Crunch|p2a: Jirachi\n|-supereffective|p2a: Jirachi\n|-damage|p2a: Jirachi|0 fnt\n|faint|p2a: Jirachi\n|\n|-weather|SunnyDay|[upkeep]\n|upkeep\n|\n|t:|1699043476\n|switch|p2a: Uxie|Uxie|100\/100\n|turn|7\n|\n|t:|1699043484\n|move|p1a: Zacian|Crunch|p2a: Uxie\n|-supereffective|p2a: Uxie\n|-damage|p2a: Uxie|34\/100\n|-unboost|p2a: Uxie|def|1\n|move|p2a: Uxie|Thunder Wave|p1a: Zacian\n|-status|p1a: Zacian|par\n|\n|-weather|SunnyDay|[upkeep]\n|-heal|p2a: Uxie|41\/100|[from] item: Leftovers\n|upkeep\n|turn|8\n|\n|t:|1699043495\n|move|p2a: Uxie|Stealth Rock|p1a: Zacian\n|-sidestart|p1: MeteorAsh15|move: Stealth Rock\n|move|p1a: Zacian|Behemoth Blade|p2a: Uxie\n|-crit|p2a: Uxie\n|-damage|p2a: Uxie|0 fnt\n|faint|p2a: Uxie\n|\n|-weather|SunnyDay|[upkeep]\n|upkeep\n|\n|t:|1699043500\n|switch|p2a: Mew|Mew|100\/100\n|-activate|p2a: Mew|move: Sticky Web\n|-unboost|p2a: Mew|spe|1\n|turn|9\n|\n|t:|1699043507\n|move|p2a: Mew|Shadow Ball|p1a: Zacian\n|-damage|p1a: Zacian|78\/100 par\n|move|p1a: Zacian|Behemoth Blade|p2a: Mew\n|-damage|p2a: Mew|21\/100\n|-enditem|p2a: Mew|Salac Berry|[eat]\n|-boost|p2a: Mew|spe|1|[from] item: Salac Berry\n|\n|-weather|none\n|upkeep\n|turn|10\n|\n|t:|1699043517\n|move|p2a: Mew|Shadow Ball|p1a: Zacian\n|-damage|p1a: Zacian|57\/100 par\n|-unboost|p1a: Zacian|spd|1\n|cant|p1a: Zacian|par\n|\n|upkeep\n|turn|11\n|\n|t:|1699043525\n|move|p2a: Mew|Shadow Ball|p1a: Zacian\n|-damage|p1a: Zacian|22\/100 par\n|move|p1a: Zacian|Crunch|p2a: Mew\n|-supereffective|p2a: Mew\n|-damage|p2a: Mew|0 fnt\n|faint|p2a: Mew\n|\n|upkeep\n|\n|t:|1699043531\n|switch|p2a: Manaphy|Manaphy|100\/100\n|-activate|p2a: Manaphy|move: Sticky Web\n|-unboost|p2a: Manaphy|spe|1\n|turn|12\n|\n|t:|1699043537\n|cant|p1a: Zacian|par\n|move|p2a: Manaphy|Scald|p1a: Zacian\n|-damage|p1a: Zacian|0 fnt\n|faint|p1a: Zacian\n|\n|upkeep\n|\n|t:|1699043545\n|switch|p1a: Ninetales|Ninetales-Alola, F|100\/100\n|-damage|p1a: Ninetales|75\/100|[from] Stealth Rock\n|-weather|Snow|[from] ability: Snow Warning|[of] p1a: Ninetales\n|turn|13\n|\n|t:|1699043551\n|move|p1a: Ninetales|Freeze-Dry|p2a: Manaphy\n|-supereffective|p2a: Manaphy\n|-damage|p2a: Manaphy|51\/100\n|-enditem|p2a: Manaphy|Weakness Policy\n|-boost|p2a: Manaphy|atk|2|[from] item: Weakness Policy\n|-boost|p2a: Manaphy|spa|2|[from] item: Weakness Policy\n|move|p2a: Manaphy|Tail Glow|p2a: Manaphy\n|-boost|p2a: Manaphy|spa|3\n|\n|-weather|Snow|[upkeep]\n|upkeep\n|turn|14\n|\n|t:|1699043562\n|move|p1a: Ninetales|Hypnosis|p2a: Manaphy|[miss]\n|-miss|p1a: Ninetales|p2a: Manaphy\n|move|p2a: Manaphy|Scald|p1a: Ninetales\n|-damage|p1a: Ninetales|0 fnt\n|faint|p1a: Ninetales\n|\n|-weather|Snow|[upkeep]\n|upkeep\n|\n|t:|1699043572\n|switch|p1a: Baxcalibur|Baxcalibur, F|100\/100\n|-damage|p1a: Baxcalibur|76\/100|[from] Stealth Rock\n|turn|15\n|\n|t:|1699043577\n|move|p1a: Baxcalibur|Scale Shot|p2a: Manaphy\n|-damage|p2a: Manaphy|40\/100\n|-damage|p2a: Manaphy|29\/100\n|-damage|p2a: Manaphy|17\/100\n|-damage|p2a: Manaphy|4\/100\n|-hitcount|p2a: Manaphy|4\n|-unboost|p1a: Baxcalibur|def|1\n|-boost|p1a: Baxcalibur|spe|1\n|move|p2a: Manaphy|Shadow Ball|p1a: Baxcalibur\n|-damage|p1a: Baxcalibur|0 fnt\n|faint|p1a: Baxcalibur\n|\n|-weather|Snow|[upkeep]\n|upkeep\n|-message|MeteorAsh15 forfeited.\n|\n|win|ShadowVoid4534\n|raw|MeteorAsh15's rating: 1330 &rarr; <strong>1313<\/strong><br \/>(-17 for losing)\n|raw|ShadowVoid4534's rating: 1379 &rarr; <strong>1396<\/strong><br \/>(+17 for winning)\n|l|\u2606MeteorAsh15\n|l|\u2606ShadowVoid4534\n||Ladder isn't responding, score probably updated but might not have (Connection error).\n|j| MewchiisCanon\n","uploadtime":1699043707,"views":8,"p1id":"meteorash15","p2id":"shadowvoid4534","formatid":"gen9ubers","rating":1313,"private":0,"password":""}