{"id":"gen9ubers-1971280842","p1":"Vario 64\u2606\u5f61","p2":"Leo Justice","format":"[Gen 9] Ubers","log":"|j|\u2606Vario 64\u2606\u5f61\n|j|\u2606Leo Justice\n|t:|1697726183\n|gametype|singles\n|player|p1|Vario 64\u2606\u5f61|ghetsis|\n|player|p2|Leo Justice|carmine|\n|teamsize|p1|6\n|teamsize|p2|6\n|gen|9\n|tier|[Gen 9] Ubers\n|rule|Sleep Clause Mod: Limit one foe put to sleep\n|rule|Species Clause: Limit one of each Pok\u00e9mon\n|rule|OHKO Clause: OHKO moves are banned\n|rule|Evasion Items Clause: Evasion items are banned\n|rule|Evasion Moves Clause: Evasion moves are banned\n|rule|Endless Battle Clause: Forcing endless battles is banned\n|rule|HP Percentage Mod: HP is shown in percentages\n|clearpoke\n|poke|p1|Pelipper, F|\n|poke|p1|Basculegion-F, F|\n|poke|p1|Magearna|\n|poke|p1|Shaymin-Sky|\n|poke|p1|Poliwrath, M|\n|poke|p1|Politoed, M|\n|poke|p2|Scream Tail|\n|poke|p2|Toedscruel, F|\n|poke|p2|Dondozo, F|\n|poke|p2|Magearna|\n|poke|p2|Blissey, F|\n|poke|p2|Giratina|\n|teampreview\n|\n|t:|1697726196\n|start\n|switch|p1a: Shaymin|Shaymin-Sky|100\/100\n|switch|p2a: Magearna|Magearna|100\/100\n|turn|1\n|\n|t:|1697726202\n|move|p1a: Shaymin|Substitute|p1a: Shaymin\n|-start|p1a: Shaymin|Substitute\n|-damage|p1a: Shaymin|76\/100\n|move|p2a: Magearna|Eerie Impulse||[still]\n|-fail|p2a: Magearna\n|\n|-heal|p1a: Shaymin|82\/100|[from] item: Leftovers\n|upkeep\n|turn|2\n|\n|t:|1697726212\n|move|p1a: Shaymin|Earth Power|p2a: Magearna\n|-supereffective|p2a: Magearna\n|-damage|p2a: Magearna|64\/100\n|-unboost|p2a: Magearna|spd|1\n|move|p2a: Magearna|Spikes|p1a: Shaymin\n|-sidestart|p1: Vario 64\u2606\u5f61|Spikes\n|\n|-heal|p1a: Shaymin|88\/100|[from] item: Leftovers\n|-heal|p2a: Magearna|70\/100|[from] item: Leftovers\n|upkeep\n|turn|3\n|\n|t:|1697726222\n|switch|p2a: Toedscruel|Toedscruel, F|100\/100\n|move|p1a: Shaymin|Earth Power|p2a: Toedscruel\n|-resisted|p2a: Toedscruel\n|-damage|p2a: Toedscruel|92\/100\n|\n|-heal|p1a: Shaymin|94\/100|[from] item: Leftovers\n|-heal|p2a: Toedscruel|98\/100|[from] item: Leftovers\n|upkeep\n|turn|4\n|\n|t:|1697726233\n|switch|p2a: Magearna|Magearna|70\/100\n|move|p1a: Shaymin|Air Slash|p2a: Magearna\n|-resisted|p2a: Magearna\n|-damage|p2a: Magearna|60\/100\n|\n|-heal|p1a: Shaymin|99\/100|[from] item: Leftovers\n|-heal|p2a: Magearna|66\/100|[from] item: Leftovers\n|upkeep\n|turn|5\n|\n|t:|1697726241\n|switch|p2a: Toedscruel|Toedscruel, F|98\/100\n|move|p1a: Shaymin|Earth Power|p2a: Toedscruel\n|-resisted|p2a: Toedscruel\n|-damage|p2a: Toedscruel|89\/100\n|-unboost|p2a: Toedscruel|spd|1\n|\n|-heal|p1a: Shaymin|100\/100|[from] item: Leftovers\n|-heal|p2a: Toedscruel|95\/100|[from] item: Leftovers\n|upkeep\n|turn|6\n|\n|t:|1697726251\n|switch|p2a: Scream Tail|Scream Tail|100\/100\n|move|p1a: Shaymin|Seed Flare|p2a: Scream Tail\n|-damage|p2a: Scream Tail|67\/100\n|\n|-heal|p2a: Scream Tail|73\/100|[from] item: Leftovers\n|upkeep\n|turn|7\n|\n|t:|1697726258\n|move|p1a: Shaymin|Air Slash|p2a: Scream Tail\n|-damage|p2a: Scream Tail|53\/100\n|cant|p2a: Scream Tail|flinch\n|\n|-heal|p2a: Scream Tail|59\/100|[from] item: Leftovers\n|upkeep\n|turn|8\n|\n|t:|1697726264\n|move|p2a: Scream Tail|Protect|p2a: Scream Tail\n|-singleturn|p2a: Scream Tail|Protect\n|move|p1a: Shaymin|Earth Power|p2a: Scream Tail\n|-activate|p2a: Scream Tail|move: Protect\n|\n|-heal|p2a: Scream Tail|66\/100|[from] item: Leftovers\n|upkeep\n|turn|9\n|\n|t:|1697726270\n|move|p1a: Shaymin|Earth Power|p2a: Scream Tail\n|-damage|p2a: Scream Tail|51\/100\n|move|p2a: Scream Tail|Wish|p2a: Scream Tail\n|\n|-heal|p2a: Scream Tail|57\/100|[from] item: Leftovers\n|upkeep\n|turn|10\n|\n|t:|1697726279\n|move|p1a: Shaymin|Seed Flare|p2a: Scream Tail\n|-damage|p2a: Scream Tail|25\/100\n|-unboost|p2a: Scream Tail|spd|2\n|move|p2a: Scream Tail|Encore|p1a: Shaymin\n|-start|p1a: Shaymin|Encore\n|\n|-heal|p2a: Scream Tail|75\/100|[from] move: Wish|[wisher] Scream Tail\n|-heal|p2a: Scream Tail|81\/100|[from] item: Leftovers\n|upkeep\n|turn|11\n|\n|t:|1697726288\n|-end|p2a: Scream Tail|Protosynthesis|[silent]\n|switch|p2a: Giratina|Giratina|100\/100\n|-ability|p2a: Giratina|Pressure\n|move|p1a: Shaymin|Seed Flare|p2a: Giratina\n|-resisted|p2a: Giratina\n|-damage|p2a: Giratina|87\/100\n|-unboost|p2a: Giratina|spd|2\n|\n|upkeep\n|turn|12\n|\n|t:|1697726300\n|switch|p2a: Scream Tail|Scream Tail|81\/100\n|move|p1a: Shaymin|Seed Flare|p2a: Scream Tail\n|-crit|p2a: Scream Tail\n|-damage|p2a: Scream Tail|32\/100\n|-unboost|p2a: Scream Tail|spd|2\n|\n|-heal|p2a: Scream Tail|38\/100|[from] item: Leftovers\n|upkeep\n|turn|13\n|\n|t:|1697726313\n|switch|p1a: Pelipper|Pelipper, F|100\/100\n|-weather|RainDance|[from] ability: Drizzle|[of] p1a: Pelipper\n|-end|p2a: Scream Tail|Protosynthesis|[silent]\n|switch|p2a: Giratina|Giratina|87\/100\n|-ability|p2a: Giratina|Pressure\n|\n|-weather|RainDance|[upkeep]\n|upkeep\n|turn|14\n|\n|t:|1697726317\n|move|p2a: Giratina|Will-O-Wisp|p1a: Pelipper\n|-status|p1a: Pelipper|brn\n|move|p1a: Pelipper|Knock Off|p2a: Giratina\n|-supereffective|p2a: Giratina\n|-damage|p2a: Giratina|79\/100\n|-enditem|p2a: Giratina|Heavy-Duty Boots|[from] move: Knock Off|[of] p1a: Pelipper\n|\n|-weather|RainDance|[upkeep]\n|-damage|p1a: Pelipper|94\/100 brn|[from] brn\n|upkeep\n|turn|15\n|\n|t:|1697726326\n|move|p1a: Pelipper|U-turn|p2a: Giratina\n|-resisted|p2a: Giratina\n|-damage|p2a: Giratina|78\/100\n|\n|t:|1697726329\n|switch|p1a: Magearna|Magearna|100\/100|[from] U-turn\n|-damage|p1a: Magearna|88\/100|[from] Spikes\n|move|p2a: Giratina|Roar|p1a: Magearna\n|drag|p1a: Poliwrath|Poliwrath, M|100\/100\n|-damage|p1a: Poliwrath|88\/100|[from] Spikes\n|\n|-weather|RainDance|[upkeep]\n|upkeep\n|turn|16\n|\n|t:|1697726339\n|switch|p1a: Magearna|Magearna|88\/100\n|-damage|p1a: Magearna|76\/100|[from] Spikes\n|move|p2a: Giratina|Will-O-Wisp|p1a: Magearna\n|-status|p1a: Magearna|brn\n|\n|-weather|RainDance|[upkeep]\n|-heal|p1a: Magearna|82\/100 brn|[from] item: Leftovers\n|-damage|p1a: Magearna|76\/100 brn|[from] brn\n|upkeep\n|turn|17\n|\n|t:|1697726347\n|switch|p2a: Toedscruel|Toedscruel, F|95\/100\n|move|p1a: Magearna|Spikes|p2a: Toedscruel\n|-sidestart|p2: Leo Justice|Spikes\n|\n|-weather|none\n|-heal|p2a: Toedscruel|100\/100|[from] item: Leftovers\n|-heal|p1a: Magearna|82\/100 brn|[from] item: Leftovers\n|-damage|p1a: Magearna|76\/100 brn|[from] brn\n|upkeep\n|turn|18\n|\n|t:|1697726359\n|switch|p1a: Basculegion|Basculegion-F, F|100\/100\n|-damage|p1a: Basculegion|88\/100|[from] Spikes\n|move|p2a: Toedscruel|Knock Off|p1a: Basculegion\n|-supereffective|p1a: Basculegion\n|-damage|p1a: Basculegion|53\/100\n|-enditem|p1a: Basculegion|Choice Band|[from] move: Knock Off|[of] p2a: Toedscruel\n|\n|upkeep\n|turn|19\n|\n|t:|1697726375\n|switch|p1a: Shaymin|Shaymin-Sky|100\/100\n|switch|p2a: Dondozo|Dondozo, F|100\/100\n|\n|upkeep\n|turn|20\n|\n|t:|1697726386\n|switch|p2a: Magearna|Magearna|66\/100\n|-damage|p2a: Magearna|54\/100|[from] Spikes\n|move|p1a: Shaymin|Substitute|p1a: Shaymin\n|-start|p1a: Shaymin|Substitute\n|-damage|p1a: Shaymin|76\/100\n|\n|-heal|p1a: Shaymin|82\/100|[from] item: Leftovers\n|-heal|p2a: Magearna|60\/100|[from] item: Leftovers\n|upkeep\n|turn|21\n|\n|t:|1697726395\n|move|p1a: Shaymin|Earth Power|p2a: Magearna\n|-supereffective|p2a: Magearna\n|-damage|p2a: Magearna|22\/100\n|move|p2a: Magearna|Draining Kiss|p1a: Shaymin\n|-end|p1a: Shaymin|Substitute\n|-heal|p2a: Magearna|40\/100|[from] drain|[of] p1a: Shaymin\n|\n|-heal|p1a: Shaymin|88\/100|[from] item: Leftovers\n|-heal|p2a: Magearna|46\/100|[from] item: Leftovers\n|upkeep\n|turn|22\n|\n|t:|1697726409\n|switch|p2a: Blissey|Blissey, F|100\/100\n|-damage|p2a: Blissey|88\/100|[from] Spikes\n|move|p1a: Shaymin|Air Slash|p2a: Blissey\n|-damage|p2a: Blissey|77\/100\n|\n|-heal|p1a: Shaymin|94\/100|[from] item: Leftovers\n|-heal|p2a: Blissey|83\/100|[from] item: Leftovers\n|upkeep\n|turn|23\n|\n|t:|1697726416\n|switch|p1a: Magearna|Magearna|76\/100 brn\n|-damage|p1a: Magearna|63\/100 brn|[from] Spikes\n|move|p2a: Blissey|Stealth Rock|p1a: Magearna\n|-sidestart|p1: Vario 64\u2606\u5f61|move: Stealth Rock\n|\n|-heal|p1a: Magearna|69\/100 brn|[from] item: Leftovers\n|-heal|p2a: Blissey|89\/100|[from] item: Leftovers\n|-damage|p1a: Magearna|63\/100 brn|[from] brn\n|upkeep\n|turn|24\n|\n|t:|1697726424\n|switch|p2a: Toedscruel|Toedscruel, F|100\/100\n|-damage|p2a: Toedscruel|88\/100|[from] Spikes\n|move|p1a: Magearna|Fleur Cannon|p2a: Toedscruel\n|-damage|p2a: Toedscruel|57\/100\n|-unboost|p1a: Magearna|spa|2\n|\n|-heal|p2a: Toedscruel|63\/100|[from] item: Leftovers\n|-heal|p1a: Magearna|69\/100 brn|[from] item: Leftovers\n|-damage|p1a: Magearna|63\/100 brn|[from] brn\n|upkeep\n|turn|25\n|\n|t:|1697726434\n|switch|p1a: Politoed|Politoed, M|100\/100\n|-damage|p1a: Politoed|88\/100|[from] Spikes\n|-damage|p1a: Politoed|76\/100|[from] Stealth Rock\n|-weather|RainDance|[from] ability: Drizzle|[of] p1a: Politoed\n|move|p2a: Toedscruel|Rapid Spin|p1a: Politoed\n|-damage|p1a: Politoed|64\/100\n|-boost|p2a: Toedscruel|spe|1\n|-sideend|p2: Leo Justice|Spikes|[from] move: Rapid Spin|[of] p2a: Toedscruel\n|\n|-weather|RainDance|[upkeep]\n|-heal|p2a: Toedscruel|69\/100|[from] item: Leftovers\n|upkeep\n|turn|26\n|\n|t:|1697726444\n|move|p1a: Politoed|Ice Beam|p2a: Toedscruel\n|-supereffective|p2a: Toedscruel\n|-damage|p2a: Toedscruel|11\/100\n|move|p2a: Toedscruel|Toxic Spikes|p1a: Politoed\n|-sidestart|p1: Vario 64\u2606\u5f61|move: Toxic Spikes\n|\n|-weather|RainDance|[upkeep]\n|-heal|p2a: Toedscruel|17\/100|[from] item: Leftovers\n|upkeep\n|turn|27\n|\n|t:|1697726453\n|switch|p1a: Shaymin|Shaymin-Sky|94\/100\n|-damage|p1a: Shaymin|69\/100|[from] Stealth Rock\n|switch|p2a: Scream Tail|Scream Tail|38\/100\n|\n|-weather|RainDance|[upkeep]\n|-heal|p1a: Shaymin|75\/100|[from] item: Leftovers\n|-heal|p2a: Scream Tail|44\/100|[from] item: Leftovers\n|upkeep\n|turn|28\n|\n|t:|1697726463\n|move|p1a: Shaymin|Air Slash|p2a: Scream Tail\n|-damage|p2a: Scream Tail|24\/100\n|move|p2a: Scream Tail|Wish|p2a: Scream Tail\n|\n|-weather|RainDance|[upkeep]\n|-heal|p1a: Shaymin|81\/100|[from] item: Leftovers\n|-heal|p2a: Scream Tail|30\/100|[from] item: Leftovers\n|upkeep\n|turn|29\n|\n|t:|1697726472\n|-terastallize|p1a: Shaymin|Grass\n|move|p2a: Scream Tail|Protect|p2a: Scream Tail\n|-singleturn|p2a: Scream Tail|Protect\n|move|p1a: Shaymin|Air Slash|p2a: Scream Tail\n|-activate|p2a: Scream Tail|move: Protect\n|\n|-weather|none\n|-heal|p2a: Scream Tail|80\/100|[from] move: Wish|[wisher] Scream Tail\n|-heal|p1a: Shaymin|88\/100|[from] item: Leftovers\n|-heal|p2a: Scream Tail|86\/100|[from] item: Leftovers\n|upkeep\n|turn|30\n|\n|t:|1697726487\n|move|p1a: Shaymin|Seed Flare|p2a: Scream Tail\n|-damage|p2a: Scream Tail|47\/100\n|move|p2a: Scream Tail|Encore|p1a: Shaymin\n|-start|p1a: Shaymin|Encore\n|\n|-heal|p1a: Shaymin|94\/100|[from] item: Leftovers\n|-heal|p2a: Scream Tail|53\/100|[from] item: Leftovers\n|upkeep\n|turn|31\n|\n|t:|1697726493\n|switch|p1a: Pelipper|Pelipper, F|94\/100 brn\n|-weather|RainDance|[from] ability: Drizzle|[of] p1a: Pelipper\n|-end|p2a: Scream Tail|Protosynthesis|[silent]\n|switch|p2a: Giratina|Giratina|78\/100\n|-ability|p2a: Giratina|Pressure\n|\n|-weather|RainDance|[upkeep]\n|-damage|p1a: Pelipper|88\/100 brn|[from] brn\n|upkeep\n|turn|32\n|\n|t:|1697726505\n|move|p2a: Giratina|Hex|p1a: Pelipper\n|-damage|p1a: Pelipper|24\/100 brn\n|move|p1a: Pelipper|Hurricane|p2a: Giratina\n|-damage|p2a: Giratina|63\/100\n|\n|-weather|RainDance|[upkeep]\n|-damage|p1a: Pelipper|18\/100 brn|[from] brn\n|upkeep\n|turn|33\n|\n|t:|1697726517\n|move|p2a: Giratina|Hex|p1a: Pelipper\n|-damage|p1a: Pelipper|0 fnt\n|faint|p1a: Pelipper\n|\n|-weather|RainDance|[upkeep]\n|upkeep\n|\n|t:|1697726519\n|switch|p1a: Basculegion|Basculegion-F, F|53\/100\n|-damage|p1a: Basculegion|41\/100|[from] Spikes\n|-damage|p1a: Basculegion|28\/100|[from] Stealth Rock\n|-status|p1a: Basculegion|psn\n|turn|34\n|\n|t:|1697726525\n|switch|p2a: Dondozo|Dondozo, F|100\/100\n|move|p1a: Basculegion|Liquidation|p2a: Dondozo\n|-resisted|p2a: Dondozo\n|-damage|p2a: Dondozo|87\/100\n|\n|-weather|RainDance|[upkeep]\n|-damage|p1a: Basculegion|16\/100 psn|[from] psn\n|upkeep\n|turn|35\n|\n|t:|1697726534\n|move|p1a: Basculegion|Last Respects|p2a: Dondozo\n|-damage|p2a: Dondozo|67\/100\n|move|p2a: Dondozo|Body Press|p1a: Basculegion\n|-immune|p1a: Basculegion\n|\n|-weather|none\n|-damage|p1a: Basculegion|4\/100 psn|[from] psn\n|upkeep\n|turn|36\n|c|\u2606Vario 64\u2606\u5f61|Alright, i concede\n|c|\u2606Leo Justice|Really?\n|c|\u2606Vario 64\u2606\u5f61|No hazard removal and i threw my breaker into the trash\n|c|\u2606Vario 64\u2606\u5f61|Yeah this was wp though\n|c|\u2606Leo Justice|ggs then\n|c|\u2606Vario 64\u2606\u5f61|Gotta respect well played stall\n|c|\u2606Vario 64\u2606\u5f61|Gg homie\n|-message|Vario 64\u2606\u5f61 forfeited.\n|\n|win|Leo Justice\n|l|\u2606Vario 64\u2606\u5f61\n","uploadtime":1697726588,"views":8,"p1id":"vario64","p2id":"leojustice","formatid":"gen9ubers","rating":0,"private":0,"password":""}