{"id":"gen9ubers-1989281243","p1":"VigilanteVigoroth","p2":"ash mars","format":"[Gen 9] Ubers","log":"|j|\u2606VigilanteVigoroth\n|j|\u2606ash mars\n|t:|1699831431\n|gametype|singles\n|player|p1|VigilanteVigoroth|#teamvictini|\n|player|p2|ash mars|jasmine|\n|teamsize|p1|6\n|teamsize|p2|6\n|gen|9\n|tier|[Gen 9] Ubers\n|rule|Sleep Clause Mod: Limit one foe put to sleep\n|rule|Species Clause: Limit one of each Pok\u00e9mon\n|rule|OHKO Clause: OHKO moves are banned\n|rule|Evasion Items Clause: Evasion items are banned\n|rule|Evasion Moves Clause: Evasion moves are banned\n|rule|Endless Battle Clause: Forcing endless battles is banned\n|rule|HP Percentage Mod: HP is shown in percentages\n|clearpoke\n|poke|p1|Garganacl, F|\n|poke|p1|Arceus-Dark|\n|poke|p1|Masquerain, M|\n|poke|p1|Gholdengo|\n|poke|p1|Zacian-*|\n|poke|p1|Amoonguss, M|\n|poke|p2|Arceus-Ice|\n|poke|p2|Magearna|\n|poke|p2|Palkia-Origin|\n|poke|p2|Palafin, M|\n|poke|p2|Houndstone, M|\n|poke|p2|Tyranitar, M|\n|teampreview\n|inactive|Battle timer is ON: inactive players will automatically lose when time's up. (requested by ash mars)\n|c|\u2606VigilanteVigoroth|gl\n|c|\u2606ash mars|hfhf\n|j| Leo Justice\n|inactive|VigilanteVigoroth has 270 seconds left.\n|inactive|ash mars has 270 seconds left.\n|l| Leo Justice\n|\n|t:|1699831463\n|start\n|switch|p1a: Masquerain|Masquerain, M|100\/100\n|switch|p2a: Magearna|Magearna|100\/100\n|-ability|p1a: Masquerain|Intimidate|boost\n|-unboost|p2a: Magearna|atk|1\n|turn|1\n|\n|t:|1699831479\n|move|p1a: Masquerain|Stun Spore|p2a: Magearna\n|-status|p2a: Magearna|par\n|cant|p2a: Magearna|par\n|\n|upkeep\n|turn|2\n|\n|t:|1699831483\n|move|p1a: Masquerain|Sticky Web|p2a: Magearna\n|-sidestart|p2: ash mars|move: Sticky Web\n|cant|p2a: Magearna|par\n|\n|upkeep\n|turn|3\n|\n|t:|1699831486\n|move|p1a: Masquerain|U-turn|p2a: Magearna\n|-resisted|p2a: Magearna\n|-damage|p2a: Magearna|98\/100 par\n|\n|t:|1699831495\n|switch|p1a: Gholdengo|Gholdengo|100\/100|[from] U-turn\n|move|p2a: Magearna|Calm Mind|p2a: Magearna\n|-boost|p2a: Magearna|spa|1\n|-boost|p2a: Magearna|spd|1\n|\n|-heal|p2a: Magearna|100\/100 par|[from] item: Leftovers\n|upkeep\n|turn|4\n|\n|t:|1699831521\n|switch|p2a: Palafin|Palafin, M|100\/100\n|-activate|p2a: Palafin|move: Sticky Web\n|-unboost|p2a: Palafin|spe|1\n|move|p1a: Gholdengo|Trick|p2a: Palafin\n|-activate|p1a: Gholdengo|move: Trick|[of] p2a: Palafin\n|-item|p2a: Palafin|Choice Scarf|[from] move: Trick\n|-item|p1a: Gholdengo|Choice Band|[from] move: Trick\n|\n|upkeep\n|turn|5\n|\n|t:|1699831534\n|move|p2a: Palafin|Flip Turn|p1a: Gholdengo\n|-damage|p1a: Gholdengo|76\/100\n|\n|t:|1699831543\n|detailschange|p2a: Palafin|Palafin-Hero, M\n|switch|p2a: Arceus|Arceus-Ice, shiny|100\/100|[from] Flip Turn\n|-activate|p2a: Arceus|move: Sticky Web\n|-unboost|p2a: Arceus|spe|1\n|move|p1a: Gholdengo|Make It Rain|p2a: Arceus\n|-supereffective|p2a: Arceus\n|-damage|p2a: Arceus|13\/100\n|-unboost|p1a: Gholdengo|spa|1\n|\n|upkeep\n|turn|6\n|\n|t:|1699831561\n|switch|p2a: Palafin|Palafin-Hero, M|100\/100\n|-activate|p2a: Palafin|move: Sticky Web\n|-unboost|p2a: Palafin|spe|1\n|-activate|p2a: Palafin|ability: Zero to Hero\n|move|p1a: Gholdengo|Make It Rain|p2a: Palafin\n|-resisted|p2a: Palafin\n|-damage|p2a: Palafin|77\/100\n|-unboost|p1a: Gholdengo|spa|1\n|\n|upkeep\n|turn|7\n|\n|t:|1699831568\n|switch|p1a: Masquerain|Masquerain, M|100\/100\n|-ability|p1a: Masquerain|Intimidate|boost\n|-unboost|p2a: Palafin|atk|1\n|move|p2a: Palafin|Flip Turn|p1a: Masquerain\n|-damage|p1a: Masquerain|65\/100\n|inactive|ash mars has 270 seconds left.\n|\n|t:|1699831604\n|switch|p2a: Magearna|Magearna|100\/100 par|[from] Flip Turn\n|-activate|p2a: Magearna|move: Sticky Web\n|-unboost|p2a: Magearna|spe|1\n|\n|upkeep\n|turn|8\n|\n|t:|1699831610\n|move|p1a: Masquerain|U-turn|p2a: Magearna\n|-resisted|p2a: Magearna\n|-damage|p2a: Magearna|98\/100 par\n|\n|t:|1699831612\n|switch|p1a: Garganacl|Garganacl, F|100\/100|[from] U-turn\n|cant|p2a: Magearna|par\n|\n|-heal|p2a: Magearna|100\/100 par|[from] item: Leftovers\n|upkeep\n|turn|9\n|\n|t:|1699831619\n|switch|p2a: Arceus|Arceus-Ice, shiny|13\/100\n|-activate|p2a: Arceus|move: Sticky Web\n|-unboost|p2a: Arceus|spe|1\n|move|p1a: Garganacl|Salt Cure|p2a: Arceus\n|-supereffective|p2a: Arceus\n|-damage|p2a: Arceus|0 fnt\n|faint|p2a: Arceus\n|\n|upkeep\n|\n|t:|1699831626\n|switch|p2a: Palkia|Palkia-Origin|100\/100\n|-activate|p2a: Palkia|move: Sticky Web\n|-unboost|p2a: Palkia|spe|1\n|-ability|p2a: Palkia|Pressure\n|turn|10\n|\n|t:|1699831636\n|switch|p1a: Amoonguss|Amoonguss, M|100\/100\n|move|p2a: Palkia|Substitute|p2a: Palkia\n|-start|p2a: Palkia|Substitute\n|-damage|p2a: Palkia|76\/100\n|\n|upkeep\n|turn|11\n|j| IcyTheScreamer\n|\n|t:|1699831650\n|move|p2a: Palkia|Fire Blast|p1a: Amoonguss|[miss]\n|-miss|p2a: Palkia|p1a: Amoonguss\n|move|p1a: Amoonguss|Foul Play|p2a: Palkia\n|-activate|p2a: Palkia|move: Substitute|[damage]\n|\n|upkeep\n|turn|12\n|\n|t:|1699831658\n|move|p2a: Palkia|Fire Blast|p1a: Amoonguss|[miss]\n|-miss|p2a: Palkia|p1a: Amoonguss\n|move|p1a: Amoonguss|Foul Play|p2a: Palkia\n|-end|p2a: Palkia|Substitute\n|\n|upkeep\n|turn|13\n|c| IcyTheScreamer|Funny mushroom gaming?\n|c|\u2606ash mars|jesus fucking christ\n|c|\u2606ash mars|3\/4 on full paras and 2\/2 on fire blast dodges\n|\n|t:|1699831688\n|switch|p1a: Arceus|Arceus-Dark|100\/100\n|move|p2a: Palkia|Substitute|p2a: Palkia\n|-start|p2a: Palkia|Substitute\n|-damage|p2a: Palkia|51\/100\n|\n|upkeep\n|turn|14\n|c|\u2606ash mars|wild\n|\n|t:|1699831694\n|move|p1a: Arceus|Judgment|p2a: Palkia\n|-end|p2a: Palkia|Substitute\n|move|p2a: Palkia|Spacial Rend|p1a: Arceus\n|-damage|p1a: Arceus|52\/100\n|\n|upkeep\n|turn|15\n|\n|t:|1699831710\n|switch|p2a: Tyranitar|Tyranitar, M|100\/100\n|-activate|p2a: Tyranitar|move: Sticky Web\n|-unboost|p2a: Tyranitar|spe|1\n|-weather|Sandstorm|[from] ability: Sand Stream|[of] p2a: Tyranitar\n|move|p1a: Arceus|Judgment|p2a: Tyranitar\n|-resisted|p2a: Tyranitar\n|-damage|p2a: Tyranitar|92\/100\n|\n|-weather|Sandstorm|[upkeep]\n|-damage|p1a: Arceus|46\/100|[from] Sandstorm\n|upkeep\n|turn|16\n|\n|t:|1699831724\n|move|p1a: Arceus|Will-O-Wisp|p2a: Tyranitar\n|-status|p2a: Tyranitar|brn\n|move|p2a: Tyranitar|Stealth Rock|p1a: Arceus\n|-sidestart|p1: VigilanteVigoroth|move: Stealth Rock\n|\n|-weather|Sandstorm|[upkeep]\n|-damage|p1a: Arceus|39\/100|[from] Sandstorm\n|-damage|p2a: Tyranitar|85\/100 brn|[from] brn\n|upkeep\n|turn|17\n|\n|t:|1699831732\n|switch|p2a: Magearna|Magearna|100\/100 par\n|-activate|p2a: Magearna|move: Sticky Web\n|-unboost|p2a: Magearna|spe|1\n|move|p1a: Arceus|Recover|p1a: Arceus\n|-heal|p1a: Arceus|89\/100\n|\n|-weather|Sandstorm|[upkeep]\n|-damage|p1a: Arceus|83\/100|[from] Sandstorm\n|upkeep\n|turn|18\n|\n|t:|1699831739\n|switch|p1a: Gholdengo|Gholdengo|76\/100\n|-damage|p1a: Gholdengo|70\/100|[from] Stealth Rock\n|cant|p2a: Magearna|par\n|\n|-weather|Sandstorm|[upkeep]\n|upkeep\n|turn|19\n|\n|t:|1699831747\n|switch|p2a: Palafin|Palafin-Hero, M|77\/100\n|-activate|p2a: Palafin|move: Sticky Web\n|-unboost|p2a: Palafin|spe|1\n|move|p1a: Gholdengo|Trick|p2a: Palafin\n|-activate|p1a: Gholdengo|move: Trick|[of] p2a: Palafin\n|-item|p2a: Palafin|Choice Band|[from] move: Trick\n|-item|p1a: Gholdengo|Choice Scarf|[from] move: Trick\n|\n|-weather|Sandstorm|[upkeep]\n|-damage|p2a: Palafin|71\/100|[from] Sandstorm\n|upkeep\n|turn|20\n|\n|t:|1699831761\n|move|p1a: Gholdengo|Thunderbolt|p2a: Palafin\n|-supereffective|p2a: Palafin\n|-damage|p2a: Palafin|1\/100\n|move|p2a: Palafin|Ice Punch|p1a: Gholdengo\n|-resisted|p1a: Gholdengo\n|-damage|p1a: Gholdengo|46\/100\n|\n|-weather|Sandstorm|[upkeep]\n|-damage|p2a: Palafin|0 fnt|[from] Sandstorm\n|faint|p2a: Palafin\n|upkeep\n|\n|t:|1699831767\n|switch|p2a: Houndstone|Houndstone, M|100\/100\n|-activate|p2a: Houndstone|move: Sticky Web\n|-unboost|p2a: Houndstone|spe|1\n|turn|21\n|c| IcyTheScreamer|Funny dog gaming\n|\n|t:|1699831797\n|move|p1a: Gholdengo|Thunderbolt|p2a: Houndstone\n|-damage|p2a: Houndstone|63\/100\n|move|p2a: Houndstone|Last Respects|p1a: Gholdengo\n|-supereffective|p1a: Gholdengo\n|-damage|p1a: Gholdengo|0 fnt\n|faint|p1a: Gholdengo\n|\n|-weather|Sandstorm|[upkeep]\n|upkeep\n|\n|t:|1699831804\n|switch|p1a: Masquerain|Masquerain, M|65\/100\n|-damage|p1a: Masquerain|15\/100|[from] Stealth Rock\n|-ability|p1a: Masquerain|Intimidate|boost\n|-unboost|p2a: Houndstone|atk|1\n|turn|22\n|\n|t:|1699831813\n|move|p2a: Houndstone|Last Respects|p1a: Masquerain\n|-damage|p1a: Masquerain|0 fnt\n|faint|p1a: Masquerain\n|\n|-weather|none\n|upkeep\n|\n|t:|1699831817\n|switch|p1a: Garganacl|Garganacl, F|100\/100\n|-damage|p1a: Garganacl|88\/100|[from] Stealth Rock\n|turn|23\n|\n|t:|1699831840\n|switch|p2a: Magearna|Magearna|100\/100 par\n|-activate|p2a: Magearna|move: Sticky Web\n|-unboost|p2a: Magearna|spe|1\n|move|p1a: Garganacl|Salt Cure|p2a: Magearna\n|-resisted|p2a: Magearna\n|-damage|p2a: Magearna|95\/100 par\n|-start|p2a: Magearna|Salt Cure\n|\n|-heal|p1a: Garganacl|94\/100|[from] item: Leftovers\n|-heal|p2a: Magearna|100\/100 par|[from] item: Leftovers\n|-damage|p2a: Magearna|75\/100 par|[from] Salt Cure\n|upkeep\n|turn|24\n|\n|t:|1699831855\n|-terastallize|p1a: Garganacl|Water\n|move|p1a: Garganacl|Curse|p1a: Garganacl\n|-unboost|p1a: Garganacl|spe|1\n|-boost|p1a: Garganacl|atk|1\n|-boost|p1a: Garganacl|def|1\n|move|p2a: Magearna|Draining Kiss|p1a: Garganacl\n|-damage|p1a: Garganacl|80\/100\n|-heal|p2a: Magearna|87\/100 par|[from] drain|[of] p1a: Garganacl\n|\n|-heal|p2a: Magearna|93\/100 par|[from] item: Leftovers\n|-heal|p1a: Garganacl|86\/100|[from] item: Leftovers\n|-damage|p2a: Magearna|68\/100 par|[from] Salt Cure\n|upkeep\n|turn|25\n|\n|t:|1699831871\n|switch|p2a: Palkia|Palkia-Origin|51\/100\n|-activate|p2a: Palkia|move: Sticky Web\n|-unboost|p2a: Palkia|spe|1\n|-ability|p2a: Palkia|Pressure\n|move|p1a: Garganacl|Salt Cure|p2a: Palkia\n|-damage|p2a: Palkia|28\/100\n|-start|p2a: Palkia|Salt Cure\n|\n|-heal|p1a: Garganacl|93\/100|[from] item: Leftovers\n|-damage|p2a: Palkia|3\/100|[from] Salt Cure\n|upkeep\n|turn|26\n|\n|t:|1699831887\n|switch|p1a: Zacian|Zacian|100\/100\n|-ability|p1a: Zacian|Intrepid Sword|boost\n|-boost|p1a: Zacian|atk|1\n|move|p2a: Palkia|Spacial Rend|p1a: Zacian\n|-immune|p1a: Zacian\n|\n|-damage|p2a: Palkia|0 fnt|[from] Salt Cure\n|faint|p2a: Palkia\n|upkeep\n|\n|t:|1699831893\n|switch|p2a: Tyranitar|Tyranitar, M|85\/100 brn\n|-activate|p2a: Tyranitar|move: Sticky Web\n|-unboost|p2a: Tyranitar|spe|1\n|-weather|Sandstorm|[from] ability: Sand Stream|[of] p2a: Tyranitar\n|turn|27\n|\n|t:|1699831907\n|switch|p2a: Magearna|Magearna|68\/100 par\n|-activate|p2a: Magearna|move: Sticky Web\n|-unboost|p2a: Magearna|spe|1\n|move|p1a: Zacian|Swords Dance|p1a: Zacian\n|-boost|p1a: Zacian|atk|2\n|\n|-weather|Sandstorm|[upkeep]\n|-damage|p1a: Zacian|94\/100|[from] Sandstorm\n|-heal|p2a: Magearna|74\/100 par|[from] item: Leftovers\n|upkeep\n|turn|28\n|\n|t:|1699831914\n|move|p1a: Zacian|Crunch|p2a: Magearna\n|-resisted|p2a: Magearna\n|-damage|p2a: Magearna|48\/100 par\n|move|p2a: Magearna|Draining Kiss|p1a: Zacian\n|-damage|p1a: Zacian|73\/100\n|-heal|p2a: Magearna|63\/100 par|[from] drain|[of] p1a: Zacian\n|\n|-weather|Sandstorm|[upkeep]\n|-damage|p1a: Zacian|67\/100|[from] Sandstorm\n|-heal|p2a: Magearna|69\/100 par|[from] item: Leftovers\n|upkeep\n|turn|29\n|\n|t:|1699831920\n|move|p1a: Zacian|Crunch|p2a: Magearna\n|-resisted|p2a: Magearna\n|-damage|p2a: Magearna|43\/100 par\n|cant|p2a: Magearna|par\n|\n|-weather|Sandstorm|[upkeep]\n|-damage|p1a: Zacian|60\/100|[from] Sandstorm\n|-heal|p2a: Magearna|49\/100 par|[from] item: Leftovers\n|upkeep\n|turn|30\n|\n|t:|1699831924\n|move|p1a: Zacian|Crunch|p2a: Magearna\n|-resisted|p2a: Magearna\n|-damage|p2a: Magearna|25\/100 par\n|move|p2a: Magearna|Draining Kiss|p1a: Zacian\n|-damage|p1a: Zacian|42\/100\n|-heal|p2a: Magearna|38\/100 par|[from] drain|[of] p1a: Zacian\n|\n|-weather|Sandstorm|[upkeep]\n|-damage|p1a: Zacian|36\/100|[from] Sandstorm\n|-heal|p2a: Magearna|44\/100 par|[from] item: Leftovers\n|upkeep\n|turn|31\n|\n|t:|1699831932\n|switch|p2a: Houndstone|Houndstone, M|63\/100\n|-activate|p2a: Houndstone|move: Sticky Web\n|-unboost|p2a: Houndstone|spe|1\n|move|p1a: Zacian|Crunch|p2a: Houndstone\n|-supereffective|p2a: Houndstone\n|-damage|p2a: Houndstone|0 fnt\n|faint|p2a: Houndstone\n|\n|-weather|Sandstorm|[upkeep]\n|-damage|p1a: Zacian|30\/100|[from] Sandstorm\n|upkeep\n|\n|t:|1699831934\n|switch|p2a: Magearna|Magearna|44\/100 par\n|-activate|p2a: Magearna|move: Sticky Web\n|-unboost|p2a: Magearna|spe|1\n|turn|32\n|\n|t:|1699831936\n|move|p1a: Zacian|Crunch|p2a: Magearna\n|-resisted|p2a: Magearna\n|-damage|p2a: Magearna|21\/100 par\n|-unboost|p2a: Magearna|def|1\n|move|p2a: Magearna|Draining Kiss|p1a: Zacian\n|-damage|p1a: Zacian|8\/100\n|-heal|p2a: Magearna|36\/100 par|[from] drain|[of] p1a: Zacian\n|\n|-weather|Sandstorm|[upkeep]\n|-damage|p1a: Zacian|1\/100|[from] Sandstorm\n|-heal|p2a: Magearna|42\/100 par|[from] item: Leftovers\n|upkeep\n|turn|33\n|\n|t:|1699831942\n|move|p1a: Zacian|Crunch|p2a: Magearna\n|-resisted|p2a: Magearna\n|-damage|p2a: Magearna|2\/100 par\n|move|p2a: Magearna|Draining Kiss|p1a: Zacian\n|-damage|p1a: Zacian|0 fnt\n|-heal|p2a: Magearna|3\/100 par|[from] drain|[of] p1a: Zacian\n|faint|p1a: Zacian\n|-ability|p2a: Magearna|Soul-Heart|boost\n|-boost|p2a: Magearna|spa|1\n|\n|-weather|Sandstorm|[upkeep]\n|-heal|p2a: Magearna|9\/100 par|[from] item: Leftovers\n|upkeep\n|\n|t:|1699831950\n|switch|p1a: Arceus|Arceus-Dark|83\/100\n|-damage|p1a: Arceus|71\/100|[from] Stealth Rock\n|turn|34\n|inactive|ash mars has 270 seconds left.\n|\n|t:|1699832009\n|move|p1a: Arceus|Judgment|p2a: Magearna\n|-resisted|p2a: Magearna\n|-crit|p2a: Magearna\n|-damage|p2a: Magearna|0 fnt\n|faint|p2a: Magearna\n|\n|-weather|none\n|upkeep\n|\n|t:|1699832010\n|switch|p2a: Tyranitar|Tyranitar, M|85\/100 brn\n|-activate|p2a: Tyranitar|move: Sticky Web\n|-unboost|p2a: Tyranitar|spe|1\n|-weather|Sandstorm|[from] ability: Sand Stream|[of] p2a: Tyranitar\n|turn|35\n|\n|t:|1699832015\n|move|p1a: Arceus|Taunt|p2a: Tyranitar\n|-start|p2a: Tyranitar|move: Taunt\n|move|p2a: Tyranitar|Stone Edge|p1a: Arceus\n|-damage|p1a: Arceus|56\/100\n|\n|-weather|Sandstorm|[upkeep]\n|-damage|p1a: Arceus|50\/100|[from] Sandstorm\n|-damage|p2a: Tyranitar|79\/100 brn|[from] brn\n|upkeep\n|turn|36\n|\n|t:|1699832035\n|move|p1a: Arceus|Recover|p1a: Arceus\n|-heal|p1a: Arceus|99\/100\n|move|p2a: Tyranitar|Stone Edge|p1a: Arceus\n|-damage|p1a: Arceus|87\/100\n|\n|-weather|Sandstorm|[upkeep]\n|-damage|p1a: Arceus|80\/100|[from] Sandstorm\n|-damage|p2a: Tyranitar|73\/100 brn|[from] brn\n|upkeep\n|turn|37\n|c|\u2606ash mars|gg\n|-message|ash mars forfeited.\n|\n|win|VigilanteVigoroth\n|c|\u2606VigilanteVigoroth|gg\n|c| IcyTheScreamer|gg\n|l| IcyTheScreamer\n|l|\u2606VigilanteVigoroth\n","uploadtime":1699833046,"views":34,"p1id":"vigilantevigoroth","p2id":"ashmars","formatid":"gen9ubers","rating":0,"private":0,"password":""}