{"id":"gen9ubers-1995464085","p1":"lil bro driving","p2":"ThePlumber7","format":"[Gen 9] Ubers","log":"|j|\u2606lil bro driving\n|j|\u2606ThePlumber7\n|t:|1700573741\n|gametype|singles\n|player|p1|lil bro driving|petrel|1242\n|player|p2|ThePlumber7|pokemonranger-gen4|1285\n|teamsize|p1|6\n|teamsize|p2|6\n|gen|9\n|tier|[Gen 9] Ubers\n|rated|\n|rule|Sleep Clause Mod: Limit one foe put to sleep\n|rule|Species Clause: Limit one of each Pok\u00e9mon\n|rule|OHKO Clause: OHKO moves are banned\n|rule|Evasion Items Clause: Evasion items are banned\n|rule|Evasion Moves Clause: Evasion moves are banned\n|rule|Endless Battle Clause: Forcing endless battles is banned\n|rule|HP Percentage Mod: HP is shown in percentages\n|clearpoke\n|poke|p1|Iron Bundle|\n|poke|p1|Clefable, M|\n|poke|p1|Miraidon|\n|poke|p1|Skeledirge, M|\n|poke|p1|Blissey, F|\n|poke|p1|Gliscor, M|\n|poke|p2|Skeledirge, M|\n|poke|p2|Arceus-Fairy|\n|poke|p2|Ursaluna-Bloodmoon, M|\n|poke|p2|Grafaiai, F|\n|poke|p2|Zacian-*|\n|poke|p2|Arboliva, F|\n|teampreview\n|inactive|Battle timer is ON: inactive players will automatically lose when time's up. (requested by lil bro driving)\n|\n|t:|1700573756\n|start\n|switch|p1a: Miraidon|Miraidon|100\/100\n|switch|p2a: Ursaluna|Ursaluna-Bloodmoon, M|100\/100\n|-fieldstart|move: Electric Terrain|[from] ability: Hadron Engine|[of] p1a: Miraidon\n|turn|1\n|\n|t:|1700573760\n|move|p1a: Miraidon|Draco Meteor|p2a: Ursaluna\n|-damage|p2a: Ursaluna|0 fnt\n|-unboost|p1a: Miraidon|spa|2\n|faint|p2a: Ursaluna\n|\n|upkeep\n|\n|t:|1700573767\n|switch|p2a: Arboliva|Arboliva, F|100\/100\n|turn|2\n|\n|t:|1700573782\n|switch|p1a: Blissey|Blissey, F|100\/100\n|move|p2a: Arboliva|Terrain Pulse|p1a: Blissey\n|-damage|p1a: Blissey|87\/100\n|\n|upkeep\n|turn|3\n|\n|t:|1700573799\n|switch|p2a: Zacian|Zacian-Crowned|100\/100\n|-ability|p2a: Zacian|Intrepid Sword|boost\n|-boost|p2a: Zacian|atk|1\n|move|p1a: Blissey|Stealth Rock|p2a: Zacian\n|-sidestart|p2: ThePlumber7|move: Stealth Rock\n|\n|upkeep\n|turn|4\n|\n|t:|1700573807\n|switch|p1a: Skeledirge|Skeledirge, M|100\/100\n|move|p2a: Zacian|Trailblaze|p1a: Skeledirge\n|-resisted|p1a: Skeledirge\n|-damage|p1a: Skeledirge|95\/100\n|-boost|p2a: Zacian|spe|1\n|\n|upkeep\n|turn|5\n|\n|t:|1700573816\n|switch|p2a: Skeledirge|Skeledirge, M|100\/100\n|move|p1a: Skeledirge|Will-O-Wisp|p2a: Skeledirge\n|-immune|p2a: Skeledirge\n|\n|-fieldend|move: Electric Terrain\n|upkeep\n|turn|6\n|\n|t:|1700573822\n|switch|p1a: Miraidon|Miraidon|100\/100\n|-fieldstart|move: Electric Terrain|[from] ability: Hadron Engine|[of] p1a: Miraidon\n|move|p2a: Skeledirge|Hex|p1a: Miraidon\n|-damage|p1a: Miraidon|78\/100\n|\n|upkeep\n|turn|7\n|\n|t:|1700573837\n|switch|p2a: Arboliva|Arboliva, F|100\/100\n|-damage|p2a: Arboliva|88\/100|[from] Stealth Rock\n|move|p1a: Miraidon|Electro Drift|p2a: Arboliva\n|-resisted|p2a: Arboliva\n|-damage|p2a: Arboliva|46\/100\n|-fieldstart|move: Grassy Terrain|[from] ability: Seed Sower|[of] p2a: Arboliva\n|\n|-heal|p1a: Miraidon|84\/100|[from] Grassy Terrain\n|-heal|p2a: Arboliva|52\/100|[from] Grassy Terrain\n|-heal|p2a: Arboliva|58\/100|[from] item: Leftovers\n|upkeep\n|turn|8\n|\n|t:|1700573851\n|move|p1a: Miraidon|U-turn|p2a: Arboliva\n|-supereffective|p2a: Arboliva\n|-damage|p2a: Arboliva|31\/100\n|\n|t:|1700573855\n|switch|p1a: Blissey|Blissey, F|87\/100|[from] U-turn\n|move|p2a: Arboliva|Terrain Pulse|p1a: Blissey\n|-damage|p1a: Blissey|66\/100\n|\n|-heal|p1a: Blissey|73\/100|[from] Grassy Terrain\n|-heal|p2a: Arboliva|37\/100|[from] Grassy Terrain\n|-heal|p2a: Arboliva|43\/100|[from] item: Leftovers\n|upkeep\n|turn|9\n|\n|t:|1700573863\n|move|p1a: Blissey|Thunder Wave|p2a: Arboliva\n|-status|p2a: Arboliva|par\n|move|p2a: Arboliva|Terrain Pulse|p1a: Blissey\n|-damage|p1a: Blissey|52\/100\n|\n|-heal|p1a: Blissey|58\/100|[from] Grassy Terrain\n|-heal|p2a: Arboliva|50\/100 par|[from] Grassy Terrain\n|-heal|p2a: Arboliva|56\/100 par|[from] item: Leftovers\n|upkeep\n|turn|10\n|\n|t:|1700573868\n|move|p1a: Blissey|Soft-Boiled|p1a: Blissey\n|-heal|p1a: Blissey|100\/100\n|cant|p2a: Arboliva|par\n|\n|-heal|p2a: Arboliva|62\/100 par|[from] Grassy Terrain\n|-heal|p2a: Arboliva|68\/100 par|[from] item: Leftovers\n|upkeep\n|turn|11\n|\n|t:|1700573875\n|switch|p1a: Gliscor|Gliscor, M|100\/100\n|move|p2a: Arboliva|Growth|p2a: Arboliva\n|-boost|p2a: Arboliva|atk|1\n|-boost|p2a: Arboliva|spa|1\n|\n|-heal|p2a: Arboliva|74\/100 par|[from] Grassy Terrain\n|-heal|p2a: Arboliva|80\/100 par|[from] item: Leftovers\n|-fieldend|move: Grassy Terrain\n|-status|p1a: Gliscor|tox|[from] item: Toxic Orb\n|upkeep\n|turn|12\n|\n|t:|1700573888\n|move|p1a: Gliscor|Spikes|p2a: Arboliva\n|-sidestart|p2: ThePlumber7|Spikes\n|move|p2a: Arboliva|Hyper Voice|p1a: Gliscor\n|-damage|p1a: Gliscor|11\/100 tox\n|\n|-heal|p2a: Arboliva|86\/100 par|[from] item: Leftovers\n|-heal|p1a: Gliscor|23\/100 tox|[from] ability: Poison Heal\n|upkeep\n|turn|13\n|\n|t:|1700573895\n|move|p1a: Gliscor|Knock Off|p2a: Arboliva\n|-damage|p2a: Arboliva|65\/100 par\n|-fieldstart|move: Grassy Terrain|[from] ability: Seed Sower|[of] p2a: Arboliva\n|-enditem|p2a: Arboliva|Leftovers|[from] move: Knock Off|[of] p1a: Gliscor\n|cant|p2a: Arboliva|par\n|\n|-heal|p2a: Arboliva|71\/100 par|[from] Grassy Terrain\n|-heal|p1a: Gliscor|36\/100 tox|[from] ability: Poison Heal\n|upkeep\n|turn|14\n|\n|t:|1700573901\n|move|p1a: Gliscor|Protect|p1a: Gliscor\n|-singleturn|p1a: Gliscor|Protect\n|move|p2a: Arboliva|Hyper Voice|p1a: Gliscor\n|-activate|p1a: Gliscor|move: Protect\n|\n|-heal|p2a: Arboliva|77\/100 par|[from] Grassy Terrain\n|-heal|p1a: Gliscor|48\/100 tox|[from] ability: Poison Heal\n|upkeep\n|turn|15\n|\n|t:|1700573904\n|move|p1a: Gliscor|U-turn|p2a: Arboliva\n|-supereffective|p2a: Arboliva\n|-damage|p2a: Arboliva|46\/100 par\n|\n|t:|1700573912\n|switch|p1a: Skeledirge|Skeledirge, M|95\/100|[from] U-turn\n|move|p2a: Arboliva|Hyper Voice|p1a: Skeledirge\n|-immune|p1a: Skeledirge\n|\n|-heal|p1a: Skeledirge|100\/100|[from] Grassy Terrain\n|-heal|p2a: Arboliva|52\/100 par|[from] Grassy Terrain\n|upkeep\n|turn|16\n|\n|t:|1700573927\n|switch|p2a: Skeledirge|Skeledirge, M|100\/100\n|move|p1a: Skeledirge|Torch Song|p2a: Skeledirge\n|-resisted|p2a: Skeledirge\n|-damage|p2a: Skeledirge|86\/100\n|-boost|p1a: Skeledirge|spa|1\n|\n|-heal|p2a: Skeledirge|92\/100|[from] Grassy Terrain\n|upkeep\n|turn|17\n|\n|t:|1700573931\n|move|p2a: Skeledirge|Hex|p1a: Skeledirge\n|-supereffective|p1a: Skeledirge\n|-damage|p1a: Skeledirge|45\/100\n|move|p1a: Skeledirge|Shadow Ball|p2a: Skeledirge\n|-supereffective|p2a: Skeledirge\n|-damage|p2a: Skeledirge|31\/100\n|\n|-heal|p2a: Skeledirge|37\/100|[from] Grassy Terrain\n|-heal|p1a: Skeledirge|51\/100|[from] Grassy Terrain\n|-fieldend|move: Grassy Terrain\n|upkeep\n|turn|18\n|\n|t:|1700573941\n|switch|p1a: Blissey|Blissey, F|100\/100\n|move|p2a: Skeledirge|Hex|p1a: Blissey\n|-immune|p1a: Blissey\n|\n|upkeep\n|turn|19\n|\n|t:|1700573946\n|switch|p2a: Zacian|Zacian-Crowned|100\/100\n|-damage|p2a: Zacian|94\/100|[from] Stealth Rock\n|-damage|p2a: Zacian|82\/100|[from] Spikes\n|move|p1a: Blissey|Thunder Wave|p2a: Zacian\n|-status|p2a: Zacian|par\n|\n|upkeep\n|turn|20\n|\n|t:|1700573952\n|switch|p1a: Gliscor|Gliscor, M|48\/100 tox\n|move|p2a: Zacian|Behemoth Blade|p1a: Gliscor\n|-damage|p1a: Gliscor|13\/100 tox\n|\n|-heal|p1a: Gliscor|26\/100 tox|[from] ability: Poison Heal\n|upkeep\n|turn|21\n|\n|t:|1700573959\n|move|p1a: Gliscor|Protect|p1a: Gliscor\n|-singleturn|p1a: Gliscor|Protect\n|move|p2a: Zacian|Behemoth Blade|p1a: Gliscor\n|-activate|p1a: Gliscor|move: Protect\n|\n|-heal|p1a: Gliscor|38\/100 tox|[from] ability: Poison Heal\n|upkeep\n|turn|22\n|\n|t:|1700573969\n|switch|p1a: Skeledirge|Skeledirge, M|51\/100\n|move|p2a: Zacian|Behemoth Blade|p1a: Skeledirge\n|-resisted|p1a: Skeledirge\n|-damage|p1a: Skeledirge|34\/100\n|\n|upkeep\n|turn|23\n|\n|t:|1700573975\n|move|p2a: Zacian|Behemoth Blade|p1a: Skeledirge\n|-resisted|p1a: Skeledirge\n|-damage|p1a: Skeledirge|18\/100\n|move|p1a: Skeledirge|Slack Off|p1a: Skeledirge\n|-heal|p1a: Skeledirge|68\/100\n|\n|upkeep\n|turn|24\n|\n|t:|1700573981\n|switch|p2a: Arceus|Arceus-Fairy|100\/100\n|-damage|p2a: Arceus|88\/100|[from] Stealth Rock\n|-damage|p2a: Arceus|76\/100|[from] Spikes\n|move|p1a: Skeledirge|Shadow Ball|p2a: Arceus\n|-damage|p2a: Arceus|57\/100\n|\n|upkeep\n|turn|25\n|\n|t:|1700573991\n|move|p2a: Arceus|Recover|p2a: Arceus\n|-heal|p2a: Arceus|100\/100\n|move|p1a: Skeledirge|Will-O-Wisp|p2a: Arceus\n|-status|p2a: Arceus|brn\n|\n|-damage|p2a: Arceus|94\/100 brn|[from] brn\n|upkeep\n|turn|26\n|\n|t:|1700574002\n|move|p2a: Arceus|Judgment|p1a: Skeledirge\n|-resisted|p1a: Skeledirge\n|-damage|p1a: Skeledirge|41\/100\n|move|p1a: Skeledirge|Slack Off|p1a: Skeledirge\n|-heal|p1a: Skeledirge|91\/100\n|\n|-damage|p2a: Arceus|88\/100 brn|[from] brn\n|upkeep\n|turn|27\n|\n|t:|1700574008\n|switch|p1a: Blissey|Blissey, F|100\/100\n|move|p2a: Arceus|Judgment|p1a: Blissey\n|-damage|p1a: Blissey|87\/100\n|\n|-damage|p2a: Arceus|82\/100 brn|[from] brn\n|upkeep\n|turn|28\n|\n|t:|1700574013\n|move|p2a: Arceus|Cosmic Power|p2a: Arceus\n|-boost|p2a: Arceus|def|1\n|-boost|p2a: Arceus|spd|1\n|move|p1a: Blissey|Seismic Toss|p2a: Arceus\n|-damage|p2a: Arceus|60\/100 brn\n|\n|-damage|p2a: Arceus|54\/100 brn|[from] brn\n|upkeep\n|turn|29\n|\n|t:|1700574020\n|switch|p1a: Miraidon|Miraidon|84\/100\n|-fieldstart|move: Electric Terrain|[from] ability: Hadron Engine|[of] p1a: Miraidon\n|move|p2a: Arceus|Cosmic Power|p2a: Arceus\n|-boost|p2a: Arceus|def|1\n|-boost|p2a: Arceus|spd|1\n|\n|-damage|p2a: Arceus|48\/100 brn|[from] brn\n|upkeep\n|turn|30\n|\n|t:|1700574026\n|move|p1a: Miraidon|Electro Drift|p2a: Arceus\n|-damage|p2a: Arceus|21\/100 brn\n|move|p2a: Arceus|Recover|p2a: Arceus\n|-heal|p2a: Arceus|71\/100 brn\n|\n|-damage|p2a: Arceus|64\/100 brn|[from] brn\n|upkeep\n|turn|31\n|\n|t:|1700574035\n|move|p1a: Miraidon|Electro Drift|p2a: Arceus\n|-damage|p2a: Arceus|36\/100 brn\n|move|p2a: Arceus|Recover|p2a: Arceus\n|-heal|p2a: Arceus|86\/100 brn\n|\n|-damage|p2a: Arceus|80\/100 brn|[from] brn\n|upkeep\n|turn|32\n|\n|t:|1700574040\n|move|p1a: Miraidon|Electro Drift|p2a: Arceus\n|-damage|p2a: Arceus|52\/100 brn\n|move|p2a: Arceus|Cosmic Power|p2a: Arceus\n|-boost|p2a: Arceus|def|1\n|-boost|p2a: Arceus|spd|1\n|\n|-damage|p2a: Arceus|46\/100 brn|[from] brn\n|upkeep\n|turn|33\n|\n|t:|1700574056\n|move|p1a: Miraidon|Electro Drift|p2a: Arceus\n|-damage|p2a: Arceus|22\/100 brn\n|move|p2a: Arceus|Recover|p2a: Arceus\n|-heal|p2a: Arceus|72\/100 brn\n|\n|-damage|p2a: Arceus|66\/100 brn|[from] brn\n|-fieldend|move: Electric Terrain\n|upkeep\n|turn|34\n|\n|t:|1700574063\n|move|p1a: Miraidon|Volt Switch|p2a: Arceus\n|-damage|p2a: Arceus|56\/100 brn\n|\n|t:|1700574071\n|switch|p1a: Skeledirge|Skeledirge, M|91\/100|[from] Volt Switch\n|move|p2a: Arceus|Cosmic Power|p2a: Arceus\n|-boost|p2a: Arceus|def|1\n|-boost|p2a: Arceus|spd|1\n|\n|-damage|p2a: Arceus|50\/100 brn|[from] brn\n|upkeep\n|turn|35\n|\n|t:|1700574076\n|move|p2a: Arceus|Recover|p2a: Arceus\n|-heal|p2a: Arceus|99\/100 brn\n|move|p1a: Skeledirge|Torch Song|p2a: Arceus\n|-damage|p2a: Arceus|81\/100 brn\n|-boost|p1a: Skeledirge|spa|1\n|\n|-damage|p2a: Arceus|75\/100 brn|[from] brn\n|upkeep\n|turn|36\n|\n|t:|1700574081\n|move|p2a: Arceus|Judgment|p1a: Skeledirge\n|-resisted|p1a: Skeledirge\n|-damage|p1a: Skeledirge|68\/100\n|move|p1a: Skeledirge|Torch Song|p2a: Arceus\n|-damage|p2a: Arceus|48\/100 brn\n|-boost|p1a: Skeledirge|spa|1\n|\n|-damage|p2a: Arceus|42\/100 brn|[from] brn\n|upkeep\n|turn|37\n|\n|t:|1700574084\n|move|p2a: Arceus|Judgment|p1a: Skeledirge\n|-resisted|p1a: Skeledirge\n|-damage|p1a: Skeledirge|43\/100\n|move|p1a: Skeledirge|Slack Off|p1a: Skeledirge\n|-heal|p1a: Skeledirge|93\/100\n|\n|-damage|p2a: Arceus|36\/100 brn|[from] brn\n|upkeep\n|turn|38\n|\n|t:|1700574088\n|move|p2a: Arceus|Judgment|p1a: Skeledirge\n|-resisted|p1a: Skeledirge\n|-damage|p1a: Skeledirge|66\/100\n|move|p1a: Skeledirge|Torch Song|p2a: Arceus\n|-damage|p2a: Arceus|3\/100 brn\n|-boost|p1a: Skeledirge|spa|1\n|\n|-damage|p2a: Arceus|0 fnt|[from] brn\n|faint|p2a: Arceus\n|upkeep\n|\n|t:|1700574091\n|switch|p2a: Grafaiai|Grafaiai, F|100\/100\n|-damage|p2a: Grafaiai|88\/100|[from] Stealth Rock\n|-damage|p2a: Grafaiai|76\/100|[from] Spikes\n|turn|39\n|\n|t:|1700574099\n|move|p2a: Grafaiai|Protect|p2a: Grafaiai\n|-singleturn|p2a: Grafaiai|Protect\n|move|p1a: Skeledirge|Torch Song|p2a: Grafaiai\n|-activate|p2a: Grafaiai|move: Protect\n|\n|-heal|p2a: Grafaiai|82\/100|[from] item: Leftovers\n|upkeep\n|turn|40\n|\n|t:|1700574105\n|move|p2a: Grafaiai|Toxic|p1a: Skeledirge\n|-status|p1a: Skeledirge|tox\n|move|p1a: Skeledirge|Torch Song|p2a: Grafaiai\n|-damage|p2a: Grafaiai|0 fnt\n|-boost|p1a: Skeledirge|spa|1\n|faint|p2a: Grafaiai\n|\n|-damage|p1a: Skeledirge|60\/100 tox|[from] psn\n|upkeep\n|j| pika2333\n|\n|t:|1700574112\n|switch|p2a: Skeledirge|Skeledirge, M|37\/100\n|turn|41\n|\n|t:|1700574118\n|switch|p1a: Miraidon|Miraidon|84\/100\n|-fieldstart|move: Electric Terrain|[from] ability: Hadron Engine|[of] p1a: Miraidon\n|move|p2a: Skeledirge|Hex|p1a: Miraidon\n|-damage|p1a: Miraidon|61\/100\n|\n|upkeep\n|turn|42\n|\n|t:|1700574124\n|move|p1a: Miraidon|Electro Drift|p2a: Skeledirge\n|-damage|p2a: Skeledirge|0 fnt\n|faint|p2a: Skeledirge\n|\n|upkeep\n|-message|ThePlumber7 forfeited.\n|\n|win|lil bro driving\n|raw|lil bro driving's rating: 1242 &rarr; <strong>1270<\/strong><br \/>(+28 for winning)\n|raw|ThePlumber7's rating: 1285 &rarr; <strong>1257<\/strong><br \/>(-28 for losing)\n|l|\u2606ThePlumber7\n","uploadtime":1700574133,"views":1,"p1id":"lilbrodriving","p2id":"theplumber7","formatid":"gen9ubers","rating":1257,"private":0,"password":""}