{"id":"gen9ubers-1976029769","p1":"hannah_xyz","p2":"pronerdgaming","format":"[Gen 9] Ubers","log":"|j|\u2606hannah_xyz\n|j|\u2606pronerdgaming\n|t:|1698257852\n|gametype|singles\n|player|p1|hannah_xyz|steven|\n|player|p2|pronerdgaming|265|\n|teamsize|p1|6\n|teamsize|p2|6\n|gen|9\n|tier|[Gen 9] Ubers\n|rule|Sleep Clause Mod: Limit one foe put to sleep\n|rule|Species Clause: Limit one of each Pok\u00e9mon\n|rule|OHKO Clause: OHKO moves are banned\n|rule|Evasion Items Clause: Evasion items are banned\n|rule|Evasion Moves Clause: Evasion moves are banned\n|rule|Endless Battle Clause: Forcing endless battles is banned\n|rule|HP Percentage Mod: HP is shown in percentages\n|clearpoke\n|poke|p1|Chi-Yu|\n|poke|p1|Torkoal, M|\n|poke|p1|Roaring Moon|\n|poke|p1|Walking Wake|\n|poke|p1|Arceus-Fire|\n|poke|p1|Leafeon, M|\n|poke|p2|Arceus-Ice|\n|poke|p2|Masquerain, F|\n|poke|p2|Giratina|\n|poke|p2|Shaymin-Sky|\n|poke|p2|Zacian-*|\n|poke|p2|Dondozo, M|\n|teampreview\n|\n|t:|1698257878\n|start\n|switch|p1a: Arceus|Arceus-Fire|100\/100\n|switch|p2a: Masquerain|Masquerain, F|100\/100\n|-ability|p2a: Masquerain|Intimidate|boost\n|-unboost|p1a: Arceus|atk|1\n|turn|1\n|inactive|Battle timer is ON: inactive players will automatically lose when time's up. (requested by hannah_xyz)\n|\n|t:|1698257885\n|move|p1a: Arceus|Taunt|p2a: Masquerain\n|-start|p2a: Masquerain|move: Taunt\n|cant|p2a: Masquerain|move: Taunt|Tailwind\n|\n|upkeep\n|turn|2\n|\n|t:|1698257895\n|switch|p2a: Dondozo|Dondozo, M|100\/100\n|move|p1a: Arceus|Dragon Dance|p1a: Arceus\n|-boost|p1a: Arceus|atk|1\n|-boost|p1a: Arceus|spe|1\n|\n|upkeep\n|turn|3\n|\n|t:|1698257907\n|switch|p1a: Torkoal|Torkoal, M|100\/100\n|-weather|SunnyDay|[from] ability: Drought|[of] p1a: Torkoal\n|move|p2a: Dondozo|Wave Crash|p1a: Torkoal\n|-supereffective|p1a: Torkoal\n|-damage|p1a: Torkoal|55\/100\n|-damage|p2a: Dondozo|90\/100|[from] Recoil\n|\n|-weather|SunnyDay|[upkeep]\n|-heal|p2a: Dondozo|97\/100|[from] item: Leftovers\n|upkeep\n|turn|4\n|\n|t:|1698257918\n|move|p2a: Dondozo|Wave Crash|p1a: Torkoal\n|-supereffective|p1a: Torkoal\n|-damage|p1a: Torkoal|13\/100\n|-damage|p2a: Dondozo|87\/100|[from] Recoil\n|move|p1a: Torkoal|Stealth Rock|p2a: Dondozo\n|-sidestart|p2: pronerdgaming|move: Stealth Rock\n|\n|-weather|SunnyDay|[upkeep]\n|-heal|p2a: Dondozo|93\/100|[from] item: Leftovers\n|upkeep\n|turn|5\n|\n|t:|1698257924\n|switch|p1a: Walking Wake|Walking Wake|100\/100\n|-activate|p1a: Walking Wake|ability: Protosynthesis\n|-start|p1a: Walking Wake|protosynthesisspe\n|move|p2a: Dondozo|Wave Crash|p1a: Walking Wake\n|-resisted|p1a: Walking Wake\n|-damage|p1a: Walking Wake|93\/100\n|-damage|p2a: Dondozo|91\/100|[from] Recoil\n|\n|-weather|SunnyDay|[upkeep]\n|-heal|p2a: Dondozo|98\/100|[from] item: Leftovers\n|upkeep\n|turn|6\n|\n|t:|1698257931\n|move|p1a: Walking Wake|Hydro Steam|p2a: Dondozo\n|-resisted|p2a: Dondozo\n|-damage|p2a: Dondozo|56\/100\n|move|p2a: Dondozo|Heavy Slam|p1a: Walking Wake\n|-resisted|p1a: Walking Wake\n|-damage|p1a: Walking Wake|85\/100\n|\n|-weather|SunnyDay|[upkeep]\n|-heal|p2a: Dondozo|62\/100|[from] item: Leftovers\n|upkeep\n|turn|7\n|\n|t:|1698257941\n|-end|p1a: Walking Wake|Protosynthesis|[silent]\n|switch|p1a: Leafeon|Leafeon, M|100\/100\n|switch|p2a: Giratina|Giratina|100\/100\n|-damage|p2a: Giratina|88\/100|[from] Stealth Rock\n|-ability|p2a: Giratina|Pressure\n|\n|-weather|SunnyDay|[upkeep]\n|upkeep\n|turn|8\n|\n|t:|1698257945\n|move|p1a: Leafeon|Knock Off|p2a: Giratina\n|-supereffective|p2a: Giratina\n|-damage|p2a: Giratina|52\/100\n|-damage|p1a: Leafeon|84\/100|[from] item: Rocky Helmet|[of] p2a: Giratina\n|-enditem|p2a: Giratina|Rocky Helmet|[from] move: Knock Off|[of] p1a: Leafeon\n|move|p2a: Giratina|Will-O-Wisp|p1a: Leafeon\n|-status|p1a: Leafeon|brn\n|\n|-weather|SunnyDay|[upkeep]\n|-damage|p1a: Leafeon|78\/100 brn|[from] brn\n|upkeep\n|turn|9\n|\n|t:|1698257950\n|move|p1a: Leafeon|Wish|p1a: Leafeon\n|move|p2a: Giratina|Defog|p1a: Leafeon\n|-unboost|p1a: Leafeon|evasion|1\n|-sideend|p2: pronerdgaming|Stealth Rock|[from] move: Defog|[of] p2a: Giratina\n|\n|-weather|SunnyDay|[upkeep]\n|-damage|p1a: Leafeon|72\/100 brn|[from] brn\n|upkeep\n|turn|10\n|\n|t:|1698257957\n|switch|p1a: Walking Wake|Walking Wake|85\/100\n|-activate|p1a: Walking Wake|ability: Protosynthesis\n|-start|p1a: Walking Wake|protosynthesisspe\n|move|p2a: Giratina|Dragon Claw|p1a: Walking Wake\n|-supereffective|p1a: Walking Wake\n|-damage|p1a: Walking Wake|21\/100\n|\n|-weather|none\n|-end|p1a: Walking Wake|Protosynthesis\n|-heal|p1a: Walking Wake|67\/100|[from] move: Wish|[wisher] Leafeon\n|upkeep\n|turn|11\n|\n|t:|1698257963\n|switch|p2a: Zacian|Zacian|100\/100\n|-ability|p2a: Zacian|Intrepid Sword|boost\n|-boost|p2a: Zacian|atk|1\n|move|p1a: Walking Wake|Dragon Pulse|p2a: Zacian\n|-immune|p2a: Zacian\n|\n|upkeep\n|turn|12\n|\n|t:|1698257968\n|-end|p1a: Walking Wake|Protosynthesis|[silent]\n|switch|p1a: Torkoal|Torkoal, M|13\/100\n|-weather|SunnyDay|[from] ability: Drought|[of] p1a: Torkoal\n|move|p2a: Zacian|Swords Dance|p2a: Zacian\n|-boost|p2a: Zacian|atk|2\n|\n|-weather|SunnyDay|[upkeep]\n|upkeep\n|turn|13\n|\n|t:|1698257974\n|move|p2a: Zacian|Close Combat|p1a: Torkoal\n|-damage|p1a: Torkoal|0 fnt\n|-unboost|p2a: Zacian|def|1\n|-unboost|p2a: Zacian|spd|1\n|faint|p1a: Torkoal\n|-damage|p2a: Zacian|91\/100|[from] item: Life Orb\n|\n|-weather|SunnyDay|[upkeep]\n|upkeep\n|inactive|hannah_xyz has 270 seconds left.\n|\n|t:|1698258033\n|switch|p1a: Walking Wake|Walking Wake|67\/100\n|-activate|p1a: Walking Wake|ability: Protosynthesis\n|-start|p1a: Walking Wake|protosynthesisspe\n|turn|14\n|\n|t:|1698258041\n|move|p1a: Walking Wake|Flamethrower|p2a: Zacian\n|-damage|p2a: Zacian|0 fnt\n|faint|p2a: Zacian\n|\n|-weather|SunnyDay|[upkeep]\n|upkeep\n|inactive|pronerdgaming has 270 seconds left.\n|\n|t:|1698258072\n|switch|p2a: Arceus|Arceus-Ice|100\/100\n|turn|15\n|\n|t:|1698258077\n|-end|p1a: Walking Wake|Protosynthesis|[silent]\n|switch|p1a: Leafeon|Leafeon, M|72\/100 brn\n|-terastallize|p2a: Arceus|Electric\n|move|p2a: Arceus|Calm Mind|p2a: Arceus\n|-boost|p2a: Arceus|spa|1\n|-boost|p2a: Arceus|spd|1\n|\n|-weather|SunnyDay|[upkeep]\n|-damage|p1a: Leafeon|66\/100 brn|[from] brn\n|upkeep\n|turn|16\n|inactive|hannah_xyz has 270 seconds left.\n|\n|t:|1698258087\n|move|p1a: Leafeon|Solar Blade||[still]\n|-prepare|p1a: Leafeon|Solar Blade\n|-anim|p1a: Leafeon|Solar Blade|p2a: Arceus\n|-damage|p2a: Arceus|81\/100\n|move|p2a: Arceus|Judgment|p1a: Leafeon\n|-supereffective|p1a: Leafeon\n|-damage|p1a: Leafeon|0 fnt\n|faint|p1a: Leafeon\n|\n|-weather|SunnyDay|[upkeep]\n|upkeep\n|inactive|hannah_xyz has 270 seconds left.\n|\n|t:|1698258095\n|switch|p1a: Roaring Moon|Roaring Moon|100\/100\n|-activate|p1a: Roaring Moon|ability: Protosynthesis\n|-start|p1a: Roaring Moon|protosynthesisspe\n|turn|17\n|\n|t:|1698258098\n|move|p1a: Roaring Moon|Earthquake|p2a: Arceus\n|-supereffective|p2a: Arceus\n|-damage|p2a: Arceus|12\/100\n|move|p2a: Arceus|Judgment|p1a: Roaring Moon\n|-supereffective|p1a: Roaring Moon\n|-damage|p1a: Roaring Moon|0 fnt\n|faint|p1a: Roaring Moon\n|-end|p1a: Roaring Moon|Protosynthesis|[silent]\n|\n|-weather|SunnyDay|[upkeep]\n|upkeep\n|\n|t:|1698258106\n|switch|p1a: Walking Wake|Walking Wake|67\/100\n|-activate|p1a: Walking Wake|ability: Protosynthesis\n|-start|p1a: Walking Wake|protosynthesisspe\n|turn|18\n|\n|t:|1698258112\n|switch|p2a: Masquerain|Masquerain, F|100\/100\n|-ability|p2a: Masquerain|Intimidate|boost\n|-unboost|p1a: Walking Wake|atk|1\n|move|p1a: Walking Wake|Dragon Pulse|p2a: Masquerain\n|-damage|p2a: Masquerain|21\/100\n|\n|-weather|SunnyDay|[upkeep]\n|upkeep\n|turn|19\n|\n|t:|1698258118\n|move|p1a: Walking Wake|Dragon Pulse|p2a: Masquerain\n|-crit|p2a: Masquerain\n|-damage|p2a: Masquerain|0 fnt\n|faint|p2a: Masquerain\n|\n|-weather|none\n|-end|p1a: Walking Wake|Protosynthesis\n|upkeep\n|\n|t:|1698258123\n|switch|p2a: Shaymin|Shaymin-Sky|100\/100\n|turn|20\n|\n|t:|1698258129\n|-end|p1a: Walking Wake|Protosynthesis|[silent]\n|switch|p1a: Arceus|Arceus-Fire|100\/100\n|move|p2a: Shaymin|Leech Seed|p1a: Arceus\n|-start|p1a: Arceus|move: Leech Seed\n|\n|-damage|p1a: Arceus|88\/100|[from] Leech Seed|[of] p2a: Shaymin\n|upkeep\n|turn|21\n|\n|t:|1698258135\n|switch|p2a: Dondozo|Dondozo, M|62\/100\n|move|p1a: Arceus|Dragon Dance|p1a: Arceus\n|-boost|p1a: Arceus|atk|1\n|-boost|p1a: Arceus|spe|1\n|\n|-heal|p2a: Dondozo|69\/100|[from] item: Leftovers\n|-damage|p1a: Arceus|76\/100|[from] Leech Seed|[of] p2a: Dondozo\n|-heal|p2a: Dondozo|79\/100|[silent]\n|upkeep\n|turn|22\n|\n|t:|1698258146\n|move|p1a: Arceus|Earthquake|p2a: Dondozo\n|-damage|p2a: Dondozo|56\/100\n|move|p2a: Dondozo|Wave Crash|p1a: Arceus\n|-supereffective|p1a: Arceus\n|-damage|p1a: Arceus|0 fnt\n|faint|p1a: Arceus\n|-damage|p2a: Dondozo|36\/100|[from] Recoil\n|\n|-heal|p2a: Dondozo|42\/100|[from] item: Leftovers\n|upkeep\n|inactive|hannah_xyz has 270 seconds left.\n|\n|t:|1698258184\n|switch|p1a: Walking Wake|Walking Wake|67\/100\n|turn|23\n|\n|t:|1698258200\n|move|p1a: Walking Wake|Dragon Pulse|p2a: Dondozo\n|-damage|p2a: Dondozo|0 fnt\n|faint|p2a: Dondozo\n|\n|upkeep\n|\n|t:|1698258203\n|switch|p2a: Shaymin|Shaymin-Sky|100\/100\n|turn|24\n|\n|t:|1698258212\n|move|p2a: Shaymin|Leech Seed|p1a: Walking Wake\n|-start|p1a: Walking Wake|move: Leech Seed\n|move|p1a: Walking Wake|Dragon Pulse|p2a: Shaymin\n|-damage|p2a: Shaymin|36\/100\n|\n|-damage|p1a: Walking Wake|55\/100|[from] Leech Seed|[of] p2a: Shaymin\n|-heal|p2a: Shaymin|46\/100|[silent]\n|upkeep\n|turn|25\n|inactive|hannah_xyz has 270 seconds left.\n|\n|t:|1698258224\n|move|p2a: Shaymin|Synthesis|p2a: Shaymin\n|-heal|p2a: Shaymin|96\/100\n|move|p1a: Walking Wake|Dragon Pulse|p2a: Shaymin\n|-damage|p2a: Shaymin|21\/100\n|\n|-damage|p1a: Walking Wake|43\/100|[from] Leech Seed|[of] p2a: Shaymin\n|-heal|p2a: Shaymin|32\/100|[silent]\n|upkeep\n|turn|26\n|\n|t:|1698258233\n|move|p2a: Shaymin|Synthesis|p2a: Shaymin\n|-heal|p2a: Shaymin|82\/100\n|move|p1a: Walking Wake|Dragon Pulse|p2a: Shaymin\n|-damage|p2a: Shaymin|9\/100\n|\n|-damage|p1a: Walking Wake|30\/100|[from] Leech Seed|[of] p2a: Shaymin\n|-heal|p2a: Shaymin|19\/100|[silent]\n|upkeep\n|turn|27\n|\n|t:|1698258246\n|move|p2a: Shaymin|Air Slash|p1a: Walking Wake\n|-damage|p1a: Walking Wake|0 fnt\n|faint|p1a: Walking Wake\n|-end|p1a: Walking Wake|Protosynthesis|[silent]\n|\n|upkeep\n|\n|t:|1698258248\n|switch|p1a: Chi-Yu|Chi-Yu|100\/100\n|-ability|p1a: Chi-Yu|Beads of Ruin\n|turn|28\n|\n|t:|1698258256\n|move|p1a: Chi-Yu|Dark Pulse|p2a: Shaymin\n|-damage|p2a: Shaymin|0 fnt\n|faint|p2a: Shaymin\n|\n|upkeep\n|\n|t:|1698258266\n|switch|p2a: Arceus|Arceus-Ice, tera:Electric|12\/100\n|turn|29\n|\n|t:|1698258280\n|move|p1a: Chi-Yu|Dark Pulse|p2a: Arceus\n|-damage|p2a: Arceus|0 fnt\n|faint|p2a: Arceus\n|\n|upkeep\n|\n|t:|1698258283\n|switch|p2a: Giratina|Giratina|52\/100\n|-ability|p2a: Giratina|Pressure\n|turn|30\n|\n|t:|1698258286\n|move|p1a: Chi-Yu|Dark Pulse|p2a: Giratina\n|-supereffective|p2a: Giratina\n|-damage|p2a: Giratina|0 fnt\n|faint|p2a: Giratina\n|\n|win|hannah_xyz\n|c|\u2606pronerdgaming|gg\n|c|\u2606hannah_xyz|gg\n|c|\u2606pronerdgaming|Good set\n","uploadtime":1698258293,"views":23,"p1id":"hannahxyz","p2id":"pronerdgaming","formatid":"gen9ubers","rating":0,"private":0,"password":""}