{"id":"gen9ubers-1970849181","p1":"masterash","p2":"Dixian","format":"[Gen 9] Ubers","log":"|j|\u2606masterash\n|j|\u2606Dixian\n|t:|1697673484\n|gametype|singles\n|player|p1|masterash|ash|1109\n|player|p2|Dixian|2|1109\n|teamsize|p1|6\n|teamsize|p2|6\n|gen|9\n|tier|[Gen 9] Ubers\n|rated|\n|rule|Sleep Clause Mod: Limit one foe put to sleep\n|rule|Species Clause: Limit one of each Pok\u00e9mon\n|rule|OHKO Clause: OHKO moves are banned\n|rule|Evasion Items Clause: Evasion items are banned\n|rule|Evasion Moves Clause: Evasion moves are banned\n|rule|Endless Battle Clause: Forcing endless battles is banned\n|rule|HP Percentage Mod: HP is shown in percentages\n|clearpoke\n|poke|p1|Meowscarada, M|\n|poke|p1|Tinkaton, F|\n|poke|p1|Annihilape, M|\n|poke|p1|Scream Tail|\n|poke|p1|Iron Moth|\n|poke|p1|Palafin, F|\n|poke|p2|Ursaring, M|\n|poke|p2|Greninja-*, F|\n|poke|p2|Gliscor, M|\n|poke|p2|Mimikyu, F|\n|poke|p2|Talonflame, M|\n|poke|p2|Toxapex, F|\n|teampreview\n|\n|t:|1697673493\n|start\n|switch|p1a: Tinkaton|Tinkaton, F|100\/100\n|switch|p2a: Talonflame|Talonflame, M|100\/100\n|-ability|p1a: Tinkaton|Mold Breaker\n|turn|1\n|\n|t:|1697673524\n|move|p2a: Talonflame|Flame Charge|p1a: Tinkaton\n|-supereffective|p1a: Tinkaton\n|-damage|p1a: Tinkaton|73\/100\n|-boost|p2a: Talonflame|spe|1\n|move|p1a: Tinkaton|Knock Off|p2a: Talonflame\n|-damage|p2a: Talonflame|79\/100\n|-enditem|p2a: Talonflame|Assault Vest|[from] move: Knock Off|[of] p1a: Tinkaton\n|\n|-heal|p1a: Tinkaton|79\/100|[from] item: Leftovers\n|upkeep\n|turn|2\n|\n|t:|1697673563\n|switch|p1a: Scream Tail|Scream Tail|100\/100\n|move|p2a: Talonflame|Flare Blitz|p1a: Scream Tail\n|-damage|p1a: Scream Tail|80\/100\n|-damage|p2a: Talonflame|62\/100|[from] item: Rocky Helmet|[of] p1a: Scream Tail\n|-damage|p2a: Talonflame|54\/100|[from] Recoil\n|\n|upkeep\n|turn|3\n|\n|t:|1697673592\n|move|p2a: Talonflame|U-turn|p1a: Scream Tail\n|-damage|p1a: Scream Tail|72\/100\n|-damage|p2a: Talonflame|38\/100|[from] item: Rocky Helmet|[of] p1a: Scream Tail\n|\n|t:|1697673620\n|switch|p2a: Mimikyu|Mimikyu, F|100\/100|[from] U-turn\n|move|p1a: Scream Tail|Stealth Rock|p2a: Mimikyu\n|-sidestart|p2: Dixian|move: Stealth Rock\n|\n|upkeep\n|turn|4\n|\n|t:|1697673628\n|move|p2a: Mimikyu|Swords Dance|p2a: Mimikyu\n|-boost|p2a: Mimikyu|atk|2\n|move|p1a: Scream Tail|Wish|p1a: Scream Tail\n|\n|upkeep\n|turn|5\n|\n|t:|1697673645\n|-end|p1a: Scream Tail|Protosynthesis|[silent]\n|switch|p1a: Annihilape|Annihilape, M|100\/100\n|move|p2a: Mimikyu|Swords Dance|p2a: Mimikyu\n|-boost|p2a: Mimikyu|atk|2\n|\n|upkeep\n|turn|6\n|\n|t:|1697673664\n|-terastallize|p1a: Annihilape|Fairy\n|move|p2a: Mimikyu|Shadow Sneak|p1a: Annihilape\n|-damage|p1a: Annihilape|40\/100\n|-damage|p2a: Mimikyu|91\/100|[from] item: Life Orb\n|move|p1a: Annihilape|Rage Fist|p2a: Mimikyu\n|-activate|p2a: Mimikyu|ability: Disguise\n|-damage|p2a: Mimikyu|91\/100\n|detailschange|p2a: Mimikyu|Mimikyu-Busted, F\n|-damage|p2a: Mimikyu|78\/100|[from] pokemon: Mimikyu-Busted\n|\n|-heal|p1a: Annihilape|47\/100|[from] item: Leftovers\n|upkeep\n|turn|7\n|\n|t:|1697673678\n|move|p2a: Mimikyu|Shadow Sneak|p1a: Annihilape\n|-damage|p1a: Annihilape|0 fnt\n|faint|p1a: Annihilape\n|-damage|p2a: Mimikyu|68\/100|[from] item: Life Orb\n|\n|upkeep\n|\n|t:|1697673682\n|switch|p1a: Palafin|Palafin, F|100\/100\n|turn|8\n|\n|t:|1697673709\n|detailschange|p1a: Palafin|Palafin-Hero, F\n|switch|p1a: Scream Tail|Scream Tail|72\/100\n|move|p2a: Mimikyu|Drain Punch|p1a: Scream Tail\n|-resisted|p1a: Scream Tail\n|-damage|p1a: Scream Tail|61\/100\n|-heal|p2a: Mimikyu|78\/100|[from] drain|[of] p1a: Scream Tail\n|-damage|p2a: Mimikyu|62\/100|[from] item: Rocky Helmet|[of] p1a: Scream Tail\n|-damage|p2a: Mimikyu|52\/100|[from] item: Life Orb\n|\n|upkeep\n|turn|9\n|\n|t:|1697673721\n|move|p2a: Mimikyu|Shadow Sneak|p1a: Scream Tail\n|-supereffective|p1a: Scream Tail\n|-damage|p1a: Scream Tail|0 fnt\n|-damage|p2a: Mimikyu|36\/100|[from] item: Rocky Helmet|[of] p1a: Scream Tail\n|faint|p1a: Scream Tail\n|-end|p1a: Scream Tail|Protosynthesis|[silent]\n|-damage|p2a: Mimikyu|26\/100|[from] item: Life Orb\n|\n|upkeep\n|\n|t:|1697673732\n|switch|p1a: Palafin|Palafin-Hero, F|100\/100\n|-activate|p1a: Palafin|ability: Zero to Hero\n|turn|10\n|\n|t:|1697673750\n|move|p1a: Palafin|Jet Punch|p2a: Mimikyu\n|-damage|p2a: Mimikyu|0 fnt\n|faint|p2a: Mimikyu\n|\n|upkeep\n|\n|t:|1697673765\n|switch|p2a: Toxapex|Toxapex, F|100\/100\n|-damage|p2a: Toxapex|88\/100|[from] Stealth Rock\n|turn|11\n|\n|t:|1697673774\n|switch|p1a: Tinkaton|Tinkaton, F|79\/100\n|-ability|p1a: Tinkaton|Mold Breaker\n|move|p2a: Toxapex|Baneful Bunker||[still]\n|-fail|p2a: Toxapex\n|\n|-heal|p1a: Tinkaton|86\/100|[from] item: Leftovers\n|-heal|p2a: Toxapex|94\/100|[from] item: Leftovers\n|upkeep\n|turn|12\n|\n|t:|1697673785\n|move|p2a: Toxapex|Baneful Bunker|p2a: Toxapex\n|-singleturn|p2a: Toxapex|move: Protect\n|move|p1a: Tinkaton|Encore|p2a: Toxapex\n|-activate|p2a: Toxapex|move: Protect\n|\n|-heal|p1a: Tinkaton|92\/100|[from] item: Leftovers\n|-heal|p2a: Toxapex|100\/100|[from] item: Leftovers\n|upkeep\n|turn|13\n|\n|t:|1697673795\n|move|p1a: Tinkaton|Encore|p2a: Toxapex\n|-start|p2a: Toxapex|Encore\n|move|p2a: Toxapex|Baneful Bunker||[still]\n|-fail|p2a: Toxapex\n|\n|-heal|p1a: Tinkaton|98\/100|[from] item: Leftovers\n|upkeep\n|turn|14\n|\n|t:|1697673815\n|move|p2a: Toxapex|Baneful Bunker|p2a: Toxapex\n|-singleturn|p2a: Toxapex|move: Protect\n|move|p1a: Tinkaton|Swords Dance|p1a: Tinkaton\n|-boost|p1a: Tinkaton|atk|2\n|\n|-heal|p1a: Tinkaton|100\/100|[from] item: Leftovers\n|upkeep\n|turn|15\n|\n|t:|1697673827\n|move|p2a: Toxapex|Baneful Bunker||[still]\n|-fail|p2a: Toxapex\n|move|p1a: Tinkaton|Swords Dance|p1a: Tinkaton\n|-boost|p1a: Tinkaton|atk|2\n|\n|-end|p2a: Toxapex|Encore\n|upkeep\n|turn|16\n|\n|t:|1697673836\n|move|p1a: Tinkaton|Swords Dance|p1a: Tinkaton\n|-boost|p1a: Tinkaton|atk|2\n|move|p2a: Toxapex|Toxic Spikes|p1a: Tinkaton\n|-sidestart|p1: masterash|move: Toxic Spikes\n|\n|upkeep\n|turn|17\n|\n|t:|1697673843\n|move|p1a: Tinkaton|Encore|p2a: Toxapex\n|-start|p2a: Toxapex|Encore\n|move|p2a: Toxapex|Toxic Spikes|p1a: Tinkaton\n|-sidestart|p1: masterash|move: Toxic Spikes\n|\n|upkeep\n|turn|18\n|\n|t:|1697673849\n|move|p1a: Tinkaton|Knock Off|p2a: Toxapex\n|-damage|p2a: Toxapex|44\/100\n|-enditem|p2a: Toxapex|Leftovers|[from] move: Knock Off|[of] p1a: Tinkaton\n|move|p2a: Toxapex|Toxic Spikes||[still]\n|-fail|p2a: Toxapex\n|\n|upkeep\n|turn|19\n|\n|t:|1697673856\n|move|p1a: Tinkaton|Gigaton Hammer|p2a: Toxapex\n|-resisted|p2a: Toxapex\n|-damage|p2a: Toxapex|0 fnt\n|faint|p2a: Toxapex\n|\n|upkeep\n|\n|t:|1697673862\n|switch|p2a: Gliscor|Gliscor, M|100\/100\n|-damage|p2a: Gliscor|88\/100|[from] Stealth Rock\n|turn|20\n|\n|t:|1697673868\n|move|p2a: Gliscor|Earthquake|p1a: Tinkaton\n|-supereffective|p1a: Tinkaton\n|-damage|p1a: Tinkaton|28\/100\n|move|p1a: Tinkaton|Knock Off|p2a: Gliscor\n|-damage|p2a: Gliscor|42\/100\n|-enditem|p2a: Gliscor|Toxic Orb|[from] move: Knock Off|[of] p1a: Tinkaton\n|\n|-heal|p1a: Tinkaton|34\/100|[from] item: Leftovers\n|upkeep\n|turn|21\n|\n|t:|1697673879\n|move|p2a: Gliscor|Earthquake|p1a: Tinkaton\n|-supereffective|p1a: Tinkaton\n|-damage|p1a: Tinkaton|0 fnt\n|faint|p1a: Tinkaton\n|\n|upkeep\n|\n|t:|1697673891\n|switch|p1a: Iron Moth|Iron Moth|100\/100\n|-sideend|p1: masterash|move: Toxic Spikes|[of] p1a: Iron Moth\n|-enditem|p1a: Iron Moth|Booster Energy\n|-activate|p1a: Iron Moth|ability: Quark Drive|[fromitem]\n|-start|p1a: Iron Moth|quarkdrivespa\n|turn|22\n|\n|t:|1697673915\n|move|p2a: Gliscor|Protect|p2a: Gliscor\n|-singleturn|p2a: Gliscor|Protect\n|move|p1a: Iron Moth|Fiery Dance|p2a: Gliscor\n|-activate|p2a: Gliscor|move: Protect\n|\n|upkeep\n|turn|23\n|\n|t:|1697673924\n|move|p1a: Iron Moth|Fiery Dance|p2a: Gliscor\n|-damage|p2a: Gliscor|0 fnt\n|faint|p2a: Gliscor\n|\n|upkeep\n|\n|t:|1697673936\n|switch|p2a: Ursaring|Ursaring, M|100\/100\n|-damage|p2a: Ursaring|88\/100|[from] Stealth Rock\n|turn|24\n|\n|t:|1697673942\n|move|p2a: Ursaring|Protect|p2a: Ursaring\n|-singleturn|p2a: Ursaring|Protect\n|move|p1a: Iron Moth|Sludge Wave|p2a: Ursaring\n|-activate|p2a: Ursaring|move: Protect\n|\n|-status|p2a: Ursaring|tox|[from] item: Toxic Orb\n|upkeep\n|turn|25\n|\n|t:|1697673952\n|move|p1a: Iron Moth|Sludge Wave|p2a: Ursaring\n|-damage|p2a: Ursaring|17\/100 tox\n|move|p2a: Ursaring|Facade|p1a: Iron Moth\n|-damage|p1a: Iron Moth|0 fnt\n|faint|p1a: Iron Moth\n|-end|p1a: Iron Moth|Quark Drive|[silent]\n|\n|-damage|p2a: Ursaring|11\/100 tox|[from] psn\n|upkeep\n|\n|t:|1697673959\n|switch|p1a: Meowscarada|Meowscarada, M|100\/100\n|turn|26\n|\n|t:|1697673966\n|move|p1a: Meowscarada|Trailblaze|p2a: Ursaring\n|-start|p1a: Meowscarada|typechange|Grass|[from] ability: Protean\n|-damage|p2a: Ursaring|0 fnt\n|-boost|p1a: Meowscarada|spe|1\n|faint|p2a: Ursaring\n|\n|upkeep\n|\n|t:|1697673980\n|switch|p2a: Talonflame|Talonflame, M|38\/100\n|-damage|p2a: Talonflame|0 fnt|[from] Stealth Rock\n|faint|p2a: Talonflame\n|\n|t:|1697673984\n|switch|p2a: Greninja|Greninja, F|100\/100\n|-damage|p2a: Greninja|88\/100|[from] Stealth Rock\n|turn|27\n|c|\u2606masterash|GG\n|\n|t:|1697674000\n|move|p1a: Meowscarada|Flower Trick|p2a: Greninja\n|-supereffective|p2a: Greninja\n|-crit|p2a: Greninja\n|-damage|p2a: Greninja|0 fnt\n|faint|p2a: Greninja\n|\n|win|masterash\n|raw|masterash's rating: 1109 &rarr; <strong>1134<\/strong><br \/>(+25 for winning)\n|raw|Dixian's rating: 1109 &rarr; <strong>1084<\/strong><br \/>(-25 for losing)\n","uploadtime":1697674013,"views":13,"p1id":"masterash","p2id":"dixian","formatid":"gen9ubers","rating":1084,"private":0,"password":""}