{"id":"gen9ubers-1970715260","p1":"Skrrt2099","p2":"Goliospod2","format":"[Gen 9] Ubers","log":"|j|\u2606Skrrt2099\n|j|\u2606Goliospod2\n|t:|1697660599\n|gametype|singles\n|player|p1|Skrrt2099|striker|\n|player|p2|Goliospod2|steven|\n|teamsize|p1|6\n|teamsize|p2|6\n|gen|9\n|tier|[Gen 9] Ubers\n|rule|Sleep Clause Mod: Limit one foe put to sleep\n|rule|Species Clause: Limit one of each Pok\u00e9mon\n|rule|OHKO Clause: OHKO moves are banned\n|rule|Evasion Items Clause: Evasion items are banned\n|rule|Evasion Moves Clause: Evasion moves are banned\n|rule|Endless Battle Clause: Forcing endless battles is banned\n|rule|HP Percentage Mod: HP is shown in percentages\n|clearpoke\n|poke|p1|Iron Leaves|\n|poke|p1|Ceruledge, M|\n|poke|p1|Magnezone|\n|poke|p1|Urshifu-*, M|\n|poke|p1|Blissey, F|\n|poke|p1|Hoopa-Unbound|\n|poke|p2|Palafin, M|\n|poke|p2|Sneasler, M|\n|poke|p2|Corviknight, M|\n|poke|p2|Crawdaunt, M|\n|poke|p2|Amoonguss, M|\n|poke|p2|Hawlucha, F|\n|teampreview\n|j| TripleCx3\n|\n|t:|1697660641\n|start\n|switch|p1a: Dal\u00e9 Zelda Dal\u00e9|Blissey, F|100\/100\n|switch|p2a: Corviknight|Corviknight, M|100\/100\n|turn|1\n|\n|t:|1697660660\n|move|p2a: Corviknight|Agility|p2a: Corviknight\n|-boost|p2a: Corviknight|spe|2\n|move|p1a: Dal\u00e9 Zelda Dal\u00e9|Stealth Rock|p2a: Corviknight\n|-sidestart|p2: Goliospod2|move: Stealth Rock\n|\n|upkeep\n|turn|2\n|\n|t:|1697660667\n|move|p2a: Corviknight|Hurricane|p1a: Dal\u00e9 Zelda Dal\u00e9\n|-damage|p1a: Dal\u00e9 Zelda Dal\u00e9|93\/100\n|move|p1a: Dal\u00e9 Zelda Dal\u00e9|Thunder Wave|p2a: Corviknight\n|-status|p2a: Corviknight|par\n|\n|upkeep\n|turn|3\n|c| TripleCx3|Big Damage\n|\n|t:|1697660697\n|switch|p2a: Hawlucha|Hawlucha, F|100\/100\n|-damage|p2a: Hawlucha|88\/100|[from] Stealth Rock\n|-ability|p2a: Hawlucha|Mold Breaker\n|move|p1a: Dal\u00e9 Zelda Dal\u00e9|Seismic Toss|p2a: Hawlucha\n|-damage|p2a: Hawlucha|54\/100\n|\n|-heal|p2a: Hawlucha|60\/100|[from] item: Leftovers\n|upkeep\n|turn|4\n|j| RandomGuyNo7\n|c| RandomGuyNo7|Not the special corv\n|\n|t:|1697660713\n|-terastallize|p1a: Dal\u00e9 Zelda Dal\u00e9|Ghost\n|move|p2a: Hawlucha|Body Slam|p1a: Dal\u00e9 Zelda Dal\u00e9\n|-immune|p1a: Dal\u00e9 Zelda Dal\u00e9\n|move|p1a: Dal\u00e9 Zelda Dal\u00e9|Thunder Wave|p2a: Hawlucha\n|-status|p2a: Hawlucha|par\n|\n|-heal|p2a: Hawlucha|66\/100 par|[from] item: Leftovers\n|upkeep\n|turn|5\n|\n|t:|1697660725\n|move|p1a: Dal\u00e9 Zelda Dal\u00e9|Seismic Toss|p2a: Hawlucha\n|-damage|p2a: Hawlucha|33\/100 par\n|move|p2a: Hawlucha|Defog|p1a: Dal\u00e9 Zelda Dal\u00e9\n|-unboost|p1a: Dal\u00e9 Zelda Dal\u00e9|evasion|1\n|-sideend|p2: Goliospod2|Stealth Rock|[from] move: Defog|[of] p2a: Hawlucha\n|\n|-heal|p2a: Hawlucha|39\/100 par|[from] item: Leftovers\n|upkeep\n|turn|6\n|\n|t:|1697660737\n|move|p1a: Dal\u00e9 Zelda Dal\u00e9|Seismic Toss|p2a: Hawlucha\n|-damage|p2a: Hawlucha|5\/100 par\n|move|p2a: Hawlucha|Body Slam|p1a: Dal\u00e9 Zelda Dal\u00e9\n|-immune|p1a: Dal\u00e9 Zelda Dal\u00e9\n|\n|-heal|p2a: Hawlucha|11\/100 par|[from] item: Leftovers\n|upkeep\n|turn|7\n|c| TripleCx3|Agility Hurricane Corv moment\n|\n|t:|1697660755\n|switch|p2a: Amoonguss|Amoonguss, M|100\/100\n|move|p1a: Dal\u00e9 Zelda Dal\u00e9|Seismic Toss|p2a: Amoonguss\n|-damage|p2a: Amoonguss|73\/100\n|\n|upkeep\n|turn|8\n|\n|t:|1697660788\n|switch|p1a: Hoe Magnet|Magnezone|100\/100\n|move|p2a: Amoonguss|Sludge Bomb|p1a: Hoe Magnet\n|-immune|p1a: Hoe Magnet\n|\n|upkeep\n|turn|9\n|\n|t:|1697660796\n|move|p1a: Hoe Magnet|Flash Cannon|p2a: Amoonguss\n|-crit|p2a: Amoonguss\n|-damage|p2a: Amoonguss|1\/100\n|move|p2a: Amoonguss|Giga Drain|p1a: Hoe Magnet\n|-resisted|p1a: Hoe Magnet\n|-damage|p1a: Hoe Magnet|87\/100\n|-heal|p2a: Amoonguss|6\/100|[from] drain|[of] p1a: Hoe Magnet\n|\n|upkeep\n|turn|10\n|\n|t:|1697660808\n|switch|p2a: Crawdaunt|Crawdaunt, M|100\/100\n|move|p1a: Hoe Magnet|Tera Blast|p2a: Crawdaunt\n|-damage|p2a: Crawdaunt|15\/100\n|\n|upkeep\n|turn|11\n|c| RandomGuyNo7|SIR\n|\n|t:|1697660821\n|move|p2a: Crawdaunt|Aqua Jet|p1a: Hoe Magnet\n|-damage|p1a: Hoe Magnet|69\/100\n|move|p1a: Hoe Magnet|Volt Switch|p2a: Crawdaunt\n|-supereffective|p2a: Crawdaunt\n|-damage|p2a: Crawdaunt|0 fnt\n|faint|p2a: Crawdaunt\n|\n|t:|1697660829\n|switch|p1a: 1000\u00b0 Nife :)|Ceruledge, M|100\/100|[from] Volt Switch\n|\n|upkeep\n|\n|t:|1697660837\n|switch|p2a: Palafin|Palafin, M|100\/100\n|turn|12\n|\n|t:|1697660847\n|move|p1a: 1000\u00b0 Nife :)|Swords Dance|p1a: 1000\u00b0 Nife :)\n|-boost|p1a: 1000\u00b0 Nife :)|atk|2\n|move|p2a: Palafin|Rain Dance|p2a: Palafin\n|-weather|RainDance\n|\n|-weather|RainDance|[upkeep]\n|upkeep\n|turn|13\n|\n|t:|1697660854\n|move|p1a: 1000\u00b0 Nife :)|Swords Dance|p1a: 1000\u00b0 Nife :)\n|-boost|p1a: 1000\u00b0 Nife :)|atk|2\n|move|p2a: Palafin|Hydro Pump|p1a: 1000\u00b0 Nife :)|[miss]\n|-miss|p2a: Palafin|p1a: 1000\u00b0 Nife :)\n|\n|-weather|RainDance|[upkeep]\n|upkeep\n|turn|14\n|c| TripleCx3|rain Dance?\n|\n|t:|1697660862\n|move|p1a: 1000\u00b0 Nife :)|Swords Dance|p1a: 1000\u00b0 Nife :)\n|-boost|p1a: 1000\u00b0 Nife :)|atk|2\n|move|p2a: Palafin|Draining Kiss|p1a: 1000\u00b0 Nife :)\n|-resisted|p1a: 1000\u00b0 Nife :)\n|-damage|p1a: 1000\u00b0 Nife :)|97\/100\n|\n|-weather|RainDance|[upkeep]\n|upkeep\n|turn|15\n|c| TripleCx3|Special paladin\n|\n|t:|1697660871\n|move|p1a: 1000\u00b0 Nife :)|Bitter Blade|p2a: Palafin\n|-resisted|p2a: Palafin\n|-damage|p2a: Palafin|39\/100\n|-heal|p1a: 1000\u00b0 Nife :)|100\/100|[from] drain|[of] p2a: Palafin\n|move|p2a: Palafin|Hydro Pump|p1a: 1000\u00b0 Nife :)\n|-supereffective|p1a: 1000\u00b0 Nife :)\n|-damage|p1a: 1000\u00b0 Nife :)|26\/100\n|\n|-weather|RainDance|[upkeep]\n|upkeep\n|turn|16\n|c| TripleCx3|what in gods name\n|\n|t:|1697660881\n|move|p1a: 1000\u00b0 Nife :)|Bitter Blade|p2a: Palafin\n|-resisted|p2a: Palafin\n|-damage|p2a: Palafin|0 fnt\n|-heal|p1a: 1000\u00b0 Nife :)|49\/100|[from] drain|[of] p2a: Palafin\n|faint|p2a: Palafin\n|\n|-weather|none\n|upkeep\n|\n|t:|1697660891\n|switch|p2a: Sneasler|Sneasler, M|100\/100\n|turn|17\n|\n|t:|1697660899\n|move|p1a: 1000\u00b0 Nife :)|Shadow Sneak|p2a: Sneasler\n|-damage|p2a: Sneasler|0 fnt\n|faint|p2a: Sneasler\n|\n|upkeep\n|\n|t:|1697660905\n|switch|p2a: Amoonguss|Amoonguss, M|6\/100\n|turn|18\n|c| TripleCx3|I have no words\n|c| RandomGuyNo7|Here we go\n|\n|t:|1697660911\n|move|p1a: 1000\u00b0 Nife :)|Bitter Blade|p2a: Amoonguss\n|-supereffective|p2a: Amoonguss\n|-damage|p2a: Amoonguss|0 fnt\n|-heal|p1a: 1000\u00b0 Nife :)|52\/100|[from] drain|[of] p2a: Amoonguss\n|-status|p1a: 1000\u00b0 Nife :)|par|[from] ability: Effect Spore|[of] p2a: Amoonguss\n|faint|p2a: Amoonguss\n|\n|upkeep\n|\n|t:|1697660919\n|switch|p2a: Corviknight|Corviknight, M|100\/100 par\n|turn|19\n|c| RandomGuyNo7|Nice\n|\n|t:|1697660927\n|move|p1a: 1000\u00b0 Nife :)|Bitter Blade|p2a: Corviknight\n|-supereffective|p2a: Corviknight\n|-damage|p2a: Corviknight|0 fnt\n|-heal|p1a: 1000\u00b0 Nife :)|100\/100 par|[from] drain|[of] p2a: Corviknight\n|faint|p2a: Corviknight\n|\n|upkeep\n|c| TripleCx3|para mattered\n|\n|t:|1697660936\n|switch|p2a: Hawlucha|Hawlucha, F|11\/100 par\n|-ability|p2a: Hawlucha|Mold Breaker\n|turn|20\n|\n|t:|1697660948\n|-terastallize|p2a: Hawlucha|Fighting\n|move|p1a: 1000\u00b0 Nife :)|Shadow Sneak|p2a: Hawlucha\n|-damage|p2a: Hawlucha|0 fnt\n|faint|p2a: Hawlucha\n|\n|win|Skrrt2099\n","uploadtime":1697660955,"views":13,"p1id":"skrrt2099","p2id":"goliospod2","formatid":"gen9ubers","rating":0,"private":0,"password":""}