{"id":"gen9ubers-1988751600","p1":"Aipom Hoshino","p2":"MythicSword","format":"[Gen 9] Ubers","log":"|j|\u2606Aipom Hoshino\n|j|\u2606MythicSword\n|t:|1699758513\n|gametype|singles\n|player|p1|Aipom Hoshino|lady-gen4|\n|player|p2|MythicSword|265|\n|teamsize|p1|6\n|teamsize|p2|6\n|gen|9\n|tier|[Gen 9] Ubers\n|rule|Sleep Clause Mod: Limit one foe put to sleep\n|rule|Species Clause: Limit one of each Pok\u00e9mon\n|rule|OHKO Clause: OHKO moves are banned\n|rule|Evasion Items Clause: Evasion items are banned\n|rule|Evasion Moves Clause: Evasion moves are banned\n|rule|Endless Battle Clause: Forcing endless battles is banned\n|rule|HP Percentage Mod: HP is shown in percentages\n|clearpoke\n|poke|p1|Houndstone, F|\n|poke|p1|Arceus-Psychic|\n|poke|p1|Zacian-*|\n|poke|p1|Cyclizar, M|\n|poke|p1|Shaymin-Sky|\n|poke|p1|Palkia-Origin|\n|poke|p2|Torkoal, M|\n|poke|p2|Walking Wake|\n|poke|p2|Chi-Yu|\n|poke|p2|Arceus-Grass|\n|poke|p2|Zacian-*|\n|poke|p2|Magearna-Original|\n|teampreview\n|inactive|Battle timer is ON: inactive players will automatically lose when time's up. (requested by Aipom Hoshino)\n|c|\u2606MythicSword|I forgot the bans changed sorry\n|c|\u2606Aipom Hoshino|alg\n|\n|t:|1699758546\n|start\n|switch|p1a: Cyclizar|Cyclizar, M|100\/100\n|switch|p2a: Torkoal|Torkoal, M|100\/100\n|-weather|SunnyDay|[from] ability: Drought|[of] p2a: Torkoal\n|turn|1\n|\n|t:|1699758560\n|switch|p2a: Chi-Yu|Chi-Yu|100\/100\n|-ability|p2a: Chi-Yu|Beads of Ruin\n|move|p1a: Cyclizar|Shed Tail|p1a: Cyclizar\n|-start|p1a: Cyclizar|Substitute|[from] move: Shed Tail\n|-damage|p1a: Cyclizar|50\/100\n|inactive|Aipom Hoshino has 270 seconds left.\n|\n|t:|1699758603\n|switch|p1a: Zacian|Zacian|100\/100|[from] Shed Tail\n|-ability|p1a: Zacian|Intrepid Sword|boost\n|-boost|p1a: Zacian|atk|1\n|\n|-weather|SunnyDay|[upkeep]\n|upkeep\n|turn|2\n|\n|t:|1699758614\n|switch|p2a: Magearna|Magearna-Original|100\/100\n|move|p1a: Zacian|Close Combat|p2a: Magearna\n|-damage|p2a: Magearna|29\/100\n|-unboost|p1a: Zacian|def|1\n|-unboost|p1a: Zacian|spd|1\n|\n|-weather|SunnyDay|[upkeep]\n|-heal|p2a: Magearna|35\/100|[from] item: Leftovers\n|upkeep\n|turn|3\n|\n|t:|1699758627\n|move|p1a: Zacian|Close Combat|p2a: Magearna\n|-damage|p2a: Magearna|0 fnt\n|-unboost|p1a: Zacian|def|1\n|-unboost|p1a: Zacian|spd|1\n|faint|p2a: Magearna\n|\n|-weather|SunnyDay|[upkeep]\n|upkeep\n|\n|t:|1699758647\n|switch|p2a: Zacian|Zacian|100\/100\n|-ability|p2a: Zacian|Intrepid Sword|boost\n|-boost|p2a: Zacian|atk|1\n|turn|4\n|inactive|Aipom Hoshino has 270 seconds left.\n|\n|t:|1699758679\n|move|p1a: Zacian|Close Combat|p2a: Zacian\n|-resisted|p2a: Zacian\n|-damage|p2a: Zacian|62\/100\n|-unboost|p1a: Zacian|def|1\n|-unboost|p1a: Zacian|spd|1\n|move|p2a: Zacian|Play Rough|p1a: Zacian\n|-end|p1a: Zacian|Substitute\n|\n|-weather|SunnyDay|[upkeep]\n|upkeep\n|turn|5\n|\n|t:|1699758689\n|switch|p1a: Arceus|Arceus-Psychic|100\/100\n|move|p2a: Zacian|Play Rough|p1a: Arceus\n|-damage|p1a: Arceus|58\/100\n|\n|-weather|SunnyDay|[upkeep]\n|upkeep\n|turn|6\n|\n|t:|1699758697\n|move|p2a: Zacian|Swords Dance|p2a: Zacian\n|-boost|p2a: Zacian|atk|2\n|move|p1a: Arceus|Recover|p1a: Arceus\n|-heal|p1a: Arceus|100\/100\n|\n|-weather|SunnyDay|[upkeep]\n|upkeep\n|turn|7\n|\n|t:|1699758710\n|-terastallize|p1a: Arceus|Poison\n|move|p2a: Zacian|Play Rough|p1a: Arceus\n|-resisted|p1a: Arceus\n|-damage|p1a: Arceus|64\/100\n|-unboost|p1a: Arceus|atk|1\n|move|p1a: Arceus|Cosmic Power|p1a: Arceus\n|-boost|p1a: Arceus|def|1\n|-boost|p1a: Arceus|spd|1\n|\n|-weather|SunnyDay|[upkeep]\n|upkeep\n|turn|8\n|\n|t:|1699758732\n|move|p2a: Zacian|Swords Dance|p2a: Zacian\n|-boost|p2a: Zacian|atk|2\n|move|p1a: Arceus|Cosmic Power|p1a: Arceus\n|-boost|p1a: Arceus|def|1\n|-boost|p1a: Arceus|spd|1\n|\n|-weather|none\n|upkeep\n|turn|9\n|\n|t:|1699758743\n|move|p2a: Zacian|Play Rough|p1a: Arceus\n|-resisted|p1a: Arceus\n|-damage|p1a: Arceus|40\/100\n|move|p1a: Arceus|Stored Power|p2a: Zacian\n|-damage|p2a: Zacian|16\/100\n|\n|upkeep\n|turn|10\n|\n|t:|1699758761\n|-terastallize|p2a: Zacian|Fire\n|move|p2a: Zacian|Tera Blast|p1a: Arceus|[anim] Tera Blast Fire\n|-damage|p1a: Arceus|0 fnt\n|faint|p1a: Arceus\n|\n|upkeep\n|inactive|Aipom Hoshino has 270 seconds left.\n|\n|t:|1699758787\n|switch|p1a: Houndstone|Houndstone, F|100\/100\n|turn|11\n|inactive|MythicSword has 270 seconds left.\n|\n|t:|1699758816\n|move|p1a: Houndstone|Shadow Sneak|p2a: Zacian\n|-damage|p2a: Zacian|0 fnt\n|faint|p2a: Zacian\n|\n|upkeep\n|\n|t:|1699758819\n|switch|p2a: Chi-Yu|Chi-Yu|100\/100\n|-ability|p2a: Chi-Yu|Beads of Ruin\n|turn|12\n|inactive|MythicSword has 270 seconds left.\n|\n|t:|1699758838\n|move|p1a: Houndstone|Shadow Sneak|p2a: Chi-Yu\n|-resisted|p2a: Chi-Yu\n|-damage|p2a: Chi-Yu|87\/100\n|move|p2a: Chi-Yu|Dark Pulse|p1a: Houndstone\n|-supereffective|p1a: Houndstone\n|-damage|p1a: Houndstone|0 fnt\n|faint|p1a: Houndstone\n|\n|upkeep\n|\n|t:|1699758842\n|switch|p1a: Zacian|Zacian|100\/100\n|turn|13\n|\n|t:|1699758846\n|switch|p2a: Torkoal|Torkoal, M|100\/100\n|-weather|SunnyDay|[from] ability: Drought|[of] p2a: Torkoal\n|move|p1a: Zacian|Close Combat|p2a: Torkoal\n|-damage|p2a: Torkoal|65\/100\n|-unboost|p1a: Zacian|def|1\n|-unboost|p1a: Zacian|spd|1\n|\n|-weather|SunnyDay|[upkeep]\n|upkeep\n|turn|14\n|\n|t:|1699758855\n|switch|p1a: Cyclizar|Cyclizar, M|84\/100\n|move|p2a: Torkoal|Lava Plume|p1a: Cyclizar\n|-resisted|p1a: Cyclizar\n|-damage|p1a: Cyclizar|54\/100\n|\n|-weather|SunnyDay|[upkeep]\n|upkeep\n|turn|15\n|\n|t:|1699758872\n|switch|p2a: Arceus|Arceus-Grass|100\/100\n|move|p1a: Cyclizar|Shed Tail|p1a: Cyclizar\n|-start|p1a: Cyclizar|Substitute|[from] move: Shed Tail\n|-damage|p1a: Cyclizar|4\/100\n|\n|t:|1699758877\n|switch|p1a: Shaymin|Shaymin-Sky|100\/100|[from] Shed Tail\n|\n|-weather|SunnyDay|[upkeep]\n|upkeep\n|turn|16\n|inactive|MythicSword has 270 seconds left.\n|\n|t:|1699758922\n|switch|p2a: Torkoal|Torkoal, M|65\/100\n|move|p1a: Shaymin|Air Slash|p2a: Torkoal\n|-crit|p2a: Torkoal\n|-damage|p2a: Torkoal|0 fnt\n|faint|p2a: Torkoal\n|\n|-weather|SunnyDay|[upkeep]\n|upkeep\n|\n|t:|1699758942\n|switch|p2a: Walking Wake|Walking Wake|100\/100\n|-activate|p2a: Walking Wake|ability: Protosynthesis\n|-start|p2a: Walking Wake|protosynthesisspe\n|turn|17\n|c|\u2606MythicSword|casino time\n|\n|t:|1699758962\n|move|p2a: Walking Wake|Flamethrower|p1a: Shaymin\n|-supereffective|p1a: Shaymin\n|-end|p1a: Shaymin|Substitute\n|move|p1a: Shaymin|Seed Flare|p2a: Walking Wake\n|-damage|p2a: Walking Wake|29\/100\n|-unboost|p2a: Walking Wake|spd|2\n|\n|-weather|SunnyDay|[upkeep]\n|upkeep\n|turn|18\n|\n|t:|1699758984\n|switch|p1a: Cyclizar|Cyclizar, M|37\/100\n|move|p2a: Walking Wake|Flamethrower|p1a: Cyclizar\n|-resisted|p1a: Cyclizar\n|-damage|p1a: Cyclizar|0 fnt\n|faint|p1a: Cyclizar\n|\n|-weather|SunnyDay|[upkeep]\n|upkeep\n|inactive|Aipom Hoshino has 270 seconds left.\n|\n|t:|1699759002\n|switch|p1a: Zacian|Zacian|100\/100\n|turn|19\n|\n|t:|1699759006\n|move|p2a: Walking Wake|Flamethrower|p1a: Zacian\n|-damage|p1a: Zacian|37\/100\n|move|p1a: Zacian|Play Rough|p2a: Walking Wake\n|-supereffective|p2a: Walking Wake\n|-damage|p2a: Walking Wake|0 fnt\n|faint|p2a: Walking Wake\n|-end|p2a: Walking Wake|Protosynthesis|[silent]\n|\n|-weather|SunnyDay|[upkeep]\n|upkeep\n|\n|t:|1699759015\n|switch|p2a: Chi-Yu|Chi-Yu|87\/100\n|-ability|p2a: Chi-Yu|Beads of Ruin\n|turn|20\n|\n|t:|1699759024\n|move|p2a: Chi-Yu|Flamethrower|p1a: Zacian\n|-damage|p1a: Zacian|0 fnt\n|faint|p1a: Zacian\n|\n|-weather|none\n|upkeep\n|\n|t:|1699759026\n|switch|p1a: Palkia|Palkia-Origin|100\/100\n|-ability|p1a: Palkia|Pressure\n|turn|21\n|\n|t:|1699759033\n|switch|p2a: Arceus|Arceus-Grass|100\/100\n|move|p1a: Palkia|Spacial Rend|p2a: Arceus|[miss]\n|-miss|p1a: Palkia|p2a: Arceus\n|\n|upkeep\n|turn|22\n|\n|t:|1699759038\n|switch|p1a: Shaymin|Shaymin-Sky|100\/100\n|move|p2a: Arceus|Calm Mind|p2a: Arceus\n|-boost|p2a: Arceus|spa|1\n|-boost|p2a: Arceus|spd|1\n|\n|upkeep\n|turn|23\n|\n|t:|1699759057\n|move|p1a: Shaymin|Air Slash|p2a: Arceus\n|-supereffective|p2a: Arceus\n|-damage|p2a: Arceus|68\/100\n|move|p2a: Arceus|Calm Mind|p2a: Arceus\n|-boost|p2a: Arceus|spa|1\n|-boost|p2a: Arceus|spd|1\n|\n|upkeep\n|turn|24\n|\n|t:|1699759062\n|move|p1a: Shaymin|Seed Flare|p2a: Arceus\n|-resisted|p2a: Arceus\n|-damage|p2a: Arceus|58\/100\n|-unboost|p2a: Arceus|spd|2\n|move|p2a: Arceus|Recover|p2a: Arceus\n|-heal|p2a: Arceus|100\/100\n|\n|upkeep\n|turn|25\n|\n|t:|1699759070\n|move|p1a: Shaymin|Air Slash|p2a: Arceus\n|-supereffective|p2a: Arceus\n|-crit|p2a: Arceus\n|-damage|p2a: Arceus|26\/100\n|cant|p2a: Arceus|flinch\n|\n|upkeep\n|turn|26\n|\n|t:|1699759077\n|move|p1a: Shaymin|Air Slash|p2a: Arceus\n|-supereffective|p2a: Arceus\n|-damage|p2a: Arceus|0 fnt\n|faint|p2a: Arceus\n|\n|upkeep\n|\n|t:|1699759079\n|switch|p2a: Chi-Yu|Chi-Yu|87\/100\n|-ability|p2a: Chi-Yu|Beads of Ruin\n|turn|27\n|\n|t:|1699759084\n|move|p2a: Chi-Yu|Dark Pulse|p1a: Shaymin\n|-damage|p1a: Shaymin|14\/100\n|move|p1a: Shaymin|Earth Power|p2a: Chi-Yu\n|-supereffective|p2a: Chi-Yu\n|-damage|p2a: Chi-Yu|13\/100\n|\n|upkeep\n|turn|28\n|\n|t:|1699759090\n|move|p2a: Chi-Yu|Dark Pulse|p1a: Shaymin\n|-damage|p1a: Shaymin|0 fnt\n|faint|p1a: Shaymin\n|\n|upkeep\n|\n|t:|1699759092\n|switch|p1a: Palkia|Palkia-Origin|100\/100\n|-ability|p1a: Palkia|Pressure\n|turn|29\n|\n|t:|1699759096\n|move|p2a: Chi-Yu|Dark Pulse|p1a: Palkia\n|-damage|p1a: Palkia|43\/100\n|move|p1a: Palkia|Earth Power|p2a: Chi-Yu\n|-supereffective|p2a: Chi-Yu\n|-crit|p2a: Chi-Yu\n|-damage|p2a: Chi-Yu|0 fnt\n|faint|p2a: Chi-Yu\n|\n|win|Aipom Hoshino\n|c|\u2606Aipom Hoshino|gg\n|l|\u2606Aipom Hoshino\n|c|\u2606MythicSword|gg\n","uploadtime":1699759107,"views":21,"p1id":"aipomhoshino","p2id":"mythicsword","formatid":"gen9ubers","rating":0,"private":0,"password":""}