{"id":"gen9ubers-1990645069","p1":"MessiMeli","p2":"SunShinyReys","format":"[Gen 9] Ubers","log":"|j|\u2606MessiMeli\n|j|\u2606SunShinyReys\n|t:|1699988325\n|gametype|singles\n|player|p1|MessiMeli|rocketgrunt|\n|player|p2|SunShinyReys|burglar|\n|teamsize|p1|6\n|teamsize|p2|6\n|gen|9\n|tier|[Gen 9] Ubers\n|rule|Sleep Clause Mod: Limit one foe put to sleep\n|rule|Species Clause: Limit one of each Pok\u00e9mon\n|rule|OHKO Clause: OHKO moves are banned\n|rule|Evasion Items Clause: Evasion items are banned\n|rule|Evasion Moves Clause: Evasion moves are banned\n|rule|Endless Battle Clause: Forcing endless battles is banned\n|rule|HP Percentage Mod: HP is shown in percentages\n|clearpoke\n|poke|p1|Gliscor, F|\n|poke|p1|Goodra-Hisui, M|\n|poke|p1|Jolteon, F|\n|poke|p1|Ribombee, M|\n|poke|p1|Lucario, M|\n|poke|p1|Okidogi, M|\n|poke|p2|Chi-Yu|\n|poke|p2|Tsareena, F|\n|poke|p2|Scizor, M|\n|poke|p2|Slowking, M|\n|poke|p2|Beartic, M|\n|poke|p2|Blissey, F|\n|teampreview\n|j| ThatGuyAltro\n|j| Lass Starling\n|c| Lass Starling|GO REY GO\n|j| KaoVT\n|c| Lass Starling|SCALD EM GOOD\n|j| DivogoJota\n|j| The ShaqtusLOL\n|\n|t:|1699988441\n|start\n|switch|p1a: Artichokey|Okidogi, M|100\/100\n|switch|p2a: Iron Man|Scizor, M|100\/100\n|turn|1\n|\n|t:|1699988464\n|move|p1a: Artichokey|Fire Punch|p2a: Iron Man\n|-supereffective|p2a: Iron Man\n|-damage|p2a: Iron Man|0 fnt\n|faint|p2a: Iron Man\n|\n|upkeep\n|c| Lass Starling|endgame moment for Iron Man :S\n|\n|t:|1699988498\n|switch|p2a: Ghoti|Chi-Yu|100\/100\n|-ability|p2a: Ghoti|Beads of Ruin\n|turn|2\n|c|\u2606MessiMeli|:snap:\n|\n|t:|1699988525\n|switch|p1a: Smoke 420 Eryday|Goodra-Hisui, M|100\/100\n|move|p2a: Ghoti|Overheat|p1a: Smoke 420 Eryday\n|-damage|p1a: Smoke 420 Eryday|58\/100\n|-unboost|p2a: Ghoti|spa|2\n|\n|upkeep\n|turn|3\n|\n|t:|1699988563\n|switch|p2a: Nurse|Blissey, F|100\/100\n|move|p1a: Smoke 420 Eryday|Earthquake|p2a: Nurse\n|-damage|p2a: Nurse|80\/100\n|\n|-heal|p2a: Nurse|86\/100|[from] item: Leftovers\n|upkeep\n|turn|4\n|\n|t:|1699988581\n|switch|p1a: Britney B****|Gliscor, F, shiny|100\/100\n|move|p2a: Nurse|Thunder Wave|p1a: Britney B****\n|-immune|p1a: Britney B****\n|\n|-heal|p2a: Nurse|92\/100|[from] item: Leftovers\n|-status|p1a: Britney B****|tox|[from] item: Toxic Orb\n|upkeep\n|turn|5\n|\n|t:|1699988598\n|move|p1a: Britney B****|Toxic Spikes|p2a: Nurse\n|-sidestart|p2: SunShinyReys|move: Toxic Spikes\n|move|p2a: Nurse|Stealth Rock|p1a: Britney B****\n|-sidestart|p1: MessiMeli|move: Stealth Rock\n|\n|-heal|p2a: Nurse|98\/100|[from] item: Leftovers\n|upkeep\n|turn|6\n|\n|t:|1699988604\n|move|p1a: Britney B****|Toxic Spikes|p2a: Nurse\n|-sidestart|p2: SunShinyReys|move: Toxic Spikes\n|move|p2a: Nurse|Seismic Toss|p1a: Britney B****\n|-damage|p1a: Britney B****|72\/100 tox\n|\n|-heal|p2a: Nurse|100\/100|[from] item: Leftovers\n|-heal|p1a: Britney B****|85\/100 tox|[from] ability: Poison Heal\n|upkeep\n|turn|7\n|\n|t:|1699988612\n|move|p1a: Britney B****|Stealth Rock|p2a: Nurse\n|-sidestart|p2: SunShinyReys|move: Stealth Rock\n|move|p2a: Nurse|Seismic Toss|p1a: Britney B****\n|-damage|p1a: Britney B****|56\/100 tox\n|\n|-heal|p1a: Britney B****|69\/100 tox|[from] ability: Poison Heal\n|upkeep\n|turn|8\n|\n|t:|1699988618\n|move|p1a: Britney B****|Protect|p1a: Britney B****\n|-singleturn|p1a: Britney B****|Protect\n|move|p2a: Nurse|Seismic Toss|p1a: Britney B****\n|-activate|p1a: Britney B****|move: Protect\n|\n|-heal|p1a: Britney B****|81\/100 tox|[from] ability: Poison Heal\n|upkeep\n|turn|9\n|\n|t:|1699988625\n|move|p1a: Britney B****|Earthquake|p2a: Nurse\n|-damage|p2a: Nurse|71\/100\n|move|p2a: Nurse|Seismic Toss|p1a: Britney B****\n|-damage|p1a: Britney B****|53\/100 tox\n|\n|-heal|p2a: Nurse|77\/100|[from] item: Leftovers\n|-heal|p1a: Britney B****|65\/100 tox|[from] ability: Poison Heal\n|upkeep\n|turn|10\n|\n|t:|1699988633\n|move|p1a: Britney B****|Protect|p1a: Britney B****\n|-singleturn|p1a: Britney B****|Protect\n|move|p2a: Nurse|Seismic Toss|p1a: Britney B****\n|-activate|p1a: Britney B****|move: Protect\n|\n|-heal|p2a: Nurse|83\/100|[from] item: Leftovers\n|-heal|p1a: Britney B****|78\/100 tox|[from] ability: Poison Heal\n|upkeep\n|turn|11\n|\n|t:|1699988645\n|move|p1a: Britney B****|Earthquake|p2a: Nurse\n|-damage|p2a: Nurse|56\/100\n|move|p2a: Nurse|Seismic Toss|p1a: Britney B****\n|-damage|p1a: Britney B****|50\/100 tox\n|\n|-heal|p2a: Nurse|62\/100|[from] item: Leftovers\n|-heal|p1a: Britney B****|62\/100 tox|[from] ability: Poison Heal\n|upkeep\n|turn|12\n|\n|t:|1699988653\n|move|p1a: Britney B****|Earthquake|p2a: Nurse\n|-damage|p2a: Nurse|35\/100\n|move|p2a: Nurse|Seismic Toss|p1a: Britney B****\n|-damage|p1a: Britney B****|34\/100 tox\n|\n|-heal|p2a: Nurse|41\/100|[from] item: Leftovers\n|-heal|p1a: Britney B****|46\/100 tox|[from] ability: Poison Heal\n|upkeep\n|turn|13\n|\n|t:|1699988665\n|switch|p1a: Artichokey|Okidogi, M|100\/100\n|-damage|p1a: Artichokey|95\/100|[from] Stealth Rock\n|move|p2a: Nurse|Seismic Toss|p1a: Artichokey\n|-damage|p1a: Artichokey|63\/100\n|\n|-heal|p2a: Nurse|48\/100|[from] item: Leftovers\n|upkeep\n|turn|14\n|\n|t:|1699988679\n|switch|p2a: ScaldKing|Slowking, M|100\/100\n|move|p1a: Artichokey|Close Combat|p2a: ScaldKing\n|-resisted|p2a: ScaldKing\n|-damage|p2a: ScaldKing|78\/100\n|-unboost|p1a: Artichokey|def|1\n|-unboost|p1a: Artichokey|spd|1\n|\n|upkeep\n|turn|15\n|\n|t:|1699988707\n|switch|p1a: Smoke 420 Eryday|Goodra-Hisui, M|58\/100\n|-damage|p1a: Smoke 420 Eryday|52\/100|[from] Stealth Rock\n|move|p2a: ScaldKing|Scald|p1a: Smoke 420 Eryday\n|-resisted|p1a: Smoke 420 Eryday\n|-damage|p1a: Smoke 420 Eryday|47\/100\n|-status|p1a: Smoke 420 Eryday|brn\n|\n|-damage|p1a: Smoke 420 Eryday|41\/100 brn|[from] brn\n|upkeep\n|turn|16\n|\n|t:|1699988749\n|switch|p1a: Artichokey|Okidogi, M|63\/100\n|-damage|p1a: Artichokey|57\/100|[from] Stealth Rock\n|move|p2a: ScaldKing|Slack Off|p2a: ScaldKing\n|-heal|p2a: ScaldKing|100\/100\n|\n|upkeep\n|turn|17\n|\n|t:|1699988759\n|move|p1a: Artichokey|Knock Off|p2a: ScaldKing\n|-supereffective|p2a: ScaldKing\n|-damage|p2a: ScaldKing|45\/100\n|-status|p2a: ScaldKing|tox|[from] ability: Toxic Chain|[of] p1a: Artichokey\n|-enditem|p2a: ScaldKing|Heavy-Duty Boots|[from] move: Knock Off|[of] p1a: Artichokey\n|move|p2a: ScaldKing|Scald|p1a: Artichokey\n|-damage|p1a: Artichokey|24\/100\n|-status|p1a: Artichokey|brn\n|\n|-damage|p2a: ScaldKing|39\/100 tox|[from] psn\n|-damage|p1a: Artichokey|18\/100 brn|[from] brn\n|upkeep\n|turn|18\n|\n|t:|1699988777\n|move|p1a: Artichokey|Knock Off|p2a: ScaldKing\n|-supereffective|p2a: ScaldKing\n|-damage|p2a: ScaldKing|22\/100 tox\n|move|p2a: ScaldKing|Slack Off|p2a: ScaldKing\n|-heal|p2a: ScaldKing|72\/100 tox\n|\n|-damage|p2a: ScaldKing|60\/100 tox|[from] psn\n|-damage|p1a: Artichokey|12\/100 brn|[from] brn\n|upkeep\n|turn|19\n|\n|t:|1699988798\n|move|p1a: Artichokey|Knock Off|p2a: ScaldKing\n|-supereffective|p2a: ScaldKing\n|-damage|p2a: ScaldKing|43\/100 tox\n|move|p2a: ScaldKing|Scald|p1a: Artichokey\n|-damage|p1a: Artichokey|0 fnt\n|faint|p1a: Artichokey\n|\n|-damage|p2a: ScaldKing|24\/100 tox|[from] psn\n|upkeep\n|\n|t:|1699988832\n|switch|p1a: Nuclear Rat|Jolteon, F, shiny|100\/100\n|-damage|p1a: Nuclear Rat|88\/100|[from] Stealth Rock\n|turn|20\n|\n|t:|1699988845\n|switch|p2a: Lady Legasus|Tsareena, F|100\/100\n|-terastallize|p1a: Nuclear Rat|Electric\n|move|p1a: Nuclear Rat|Thunderbolt|p2a: Lady Legasus\n|-resisted|p2a: Lady Legasus\n|-damage|p2a: Lady Legasus|68\/100\n|\n|upkeep\n|turn|21\n|\n|t:|1699988861\n|move|p1a: Nuclear Rat|Volt Switch|p2a: Lady Legasus\n|-resisted|p2a: Lady Legasus\n|-damage|p2a: Lady Legasus|42\/100\n|\n|t:|1699988873\n|switch|p1a: SSJ Beerus|Lucario, M, shiny|100\/100|[from] Volt Switch\n|-damage|p1a: SSJ Beerus|98\/100|[from] Stealth Rock\n|move|p2a: Lady Legasus|Rapid Spin|p1a: SSJ Beerus\n|-resisted|p1a: SSJ Beerus\n|-damage|p1a: SSJ Beerus|83\/100\n|-boost|p2a: Lady Legasus|spe|1\n|-sideend|p2: SunShinyReys|Toxic Spikes|[from] move: Rapid Spin|[of] p2a: Lady Legasus\n|-sideend|p2: SunShinyReys|Stealth Rock|[from] move: Rapid Spin|[of] p2a: Lady Legasus\n|\n|upkeep\n|turn|22\n|\n|t:|1699988891\n|switch|p2a: ScaldKing|Slowking, M|58\/100 tox\n|move|p1a: SSJ Beerus|Meteor Mash|p2a: ScaldKing\n|-resisted|p2a: ScaldKing\n|-damage|p2a: ScaldKing|43\/100 tox\n|\n|-damage|p2a: ScaldKing|37\/100 tox|[from] psn\n|upkeep\n|turn|23\n|\n|t:|1699988919\n|switch|p1a: Nuclear Rat|Jolteon, F, shiny, tera:Electric|88\/100\n|-damage|p1a: Nuclear Rat|76\/100|[from] Stealth Rock\n|move|p2a: ScaldKing|Slack Off|p2a: ScaldKing\n|-heal|p2a: ScaldKing|87\/100 tox\n|\n|-damage|p2a: ScaldKing|75\/100 tox|[from] psn\n|upkeep\n|turn|24\n|\n|t:|1699988934\n|switch|p2a: Lady Legasus|Tsareena, F|42\/100\n|move|p1a: Nuclear Rat|Thunderbolt|p2a: Lady Legasus\n|-resisted|p2a: Lady Legasus\n|-damage|p2a: Lady Legasus|6\/100\n|\n|upkeep\n|turn|25\n|\n|t:|1699988953\n|move|p1a: Nuclear Rat|Volt Switch|p2a: Lady Legasus\n|-resisted|p2a: Lady Legasus\n|-damage|p2a: Lady Legasus|0 fnt\n|faint|p2a: Lady Legasus\n|\n|t:|1699988955\n|switch|p1a: Britney B****|Gliscor, F, shiny|46\/100 tox|[from] Volt Switch\n|-damage|p1a: Britney B****|34\/100 tox|[from] Stealth Rock\n|\n|-heal|p1a: Britney B****|46\/100 tox|[from] ability: Poison Heal\n|upkeep\n|\n|t:|1699988989\n|switch|p2a: Ghoti|Chi-Yu|100\/100\n|-ability|p2a: Ghoti|Beads of Ruin\n|turn|26\n|\n|t:|1699988997\n|move|p1a: Britney B****|Protect|p1a: Britney B****\n|-singleturn|p1a: Britney B****|Protect\n|move|p2a: Ghoti|Flamethrower|p1a: Britney B****\n|-activate|p1a: Britney B****|move: Protect\n|\n|-heal|p1a: Britney B****|59\/100 tox|[from] ability: Poison Heal\n|upkeep\n|turn|27\n|\n|t:|1699989022\n|switch|p1a: Smoke 420 Eryday|Goodra-Hisui, M|41\/100 brn\n|-damage|p1a: Smoke 420 Eryday|35\/100 brn|[from] Stealth Rock\n|move|p2a: Ghoti|Flamethrower|p1a: Smoke 420 Eryday\n|-damage|p1a: Smoke 420 Eryday|7\/100 brn\n|\n|-damage|p1a: Smoke 420 Eryday|1\/100 brn|[from] brn\n|upkeep\n|turn|28\n|\n|t:|1699989031\n|move|p2a: Ghoti|Flamethrower|p1a: Smoke 420 Eryday\n|-damage|p1a: Smoke 420 Eryday|0 fnt\n|faint|p1a: Smoke 420 Eryday\n|\n|upkeep\n|\n|t:|1699989058\n|switch|p1a: SSJ Beerus|Lucario, M, shiny|83\/100\n|-damage|p1a: SSJ Beerus|81\/100|[from] Stealth Rock\n|turn|29\n|\n|t:|1699989080\n|move|p2a: Ghoti|Flamethrower|p1a: SSJ Beerus\n|-supereffective|p1a: SSJ Beerus\n|-damage|p1a: SSJ Beerus|0 fnt\n|faint|p1a: SSJ Beerus\n|\n|upkeep\n|c|\u2606SunShinyReys|Now calc vs fissure\n|\n|t:|1699989117\n|switch|p1a: Britney B****|Gliscor, F, shiny|59\/100 tox\n|-damage|p1a: Britney B****|46\/100 tox|[from] Stealth Rock\n|turn|30\n|\n|t:|1699989122\n|move|p1a: Britney B****|Protect|p1a: Britney B****\n|-singleturn|p1a: Britney B****|Protect\n|move|p2a: Ghoti|Flamethrower|p1a: Britney B****\n|-activate|p1a: Britney B****|move: Protect\n|\n|-heal|p1a: Britney B****|59\/100 tox|[from] ability: Poison Heal\n|upkeep\n|turn|31\n|\n|t:|1699989136\n|move|p2a: Ghoti|Flamethrower|p1a: Britney B****\n|-damage|p1a: Britney B****|0 fnt\n|faint|p1a: Britney B****\n|\n|upkeep\n|\n|t:|1699989138\n|switch|p1a: Planting B|Ribombee, M|100\/100\n|-damage|p1a: Planting B|76\/100|[from] Stealth Rock\n|turn|32\n|\n|t:|1699989142\n|move|p2a: Ghoti|Flamethrower|p1a: Planting B\n|-supereffective|p1a: Planting B\n|-crit|p1a: Planting B\n|-damage|p1a: Planting B|0 fnt\n|faint|p1a: Planting B\n|\n|upkeep\n|\n|t:|1699989144\n|switch|p1a: Nuclear Rat|Jolteon, F, shiny, tera:Electric|76\/100\n|-damage|p1a: Nuclear Rat|64\/100|[from] Stealth Rock\n|turn|33\n|c|\u2606MessiMeli|ggs\n|\n|t:|1699989150\n|move|p2a: Ghoti|Flamethrower|p1a: Nuclear Rat\n|-damage|p1a: Nuclear Rat|0 fnt\n|faint|p1a: Nuclear Rat\n|\n|win|SunShinyReys\n|c| DivogoJota|the feesh\n|c|\u2606SunShinyReys|gg\n|c| DivogoJota|gg\n","uploadtime":1699989159,"views":22,"p1id":"messimeli","p2id":"sunshinyreys","formatid":"gen9ubers","rating":0,"private":0,"password":""}