{"id":"gen9ubers-1991560329","p1":"V_T0rnadus","p2":"klaiber","format":"[Gen 9] Ubers","log":"|j|\u2606V_T0rnadus\n|j|\u2606klaiber\n|t:|1700088428\n|gametype|singles\n|player|p1|V_T0rnadus|youngcouple|1057\n|player|p2|klaiber|wattson|1047\n|teamsize|p1|6\n|teamsize|p2|6\n|gen|9\n|tier|[Gen 9] Ubers\n|rated|\n|rule|Sleep Clause Mod: Limit one foe put to sleep\n|rule|Species Clause: Limit one of each Pok\u00e9mon\n|rule|OHKO Clause: OHKO moves are banned\n|rule|Evasion Items Clause: Evasion items are banned\n|rule|Evasion Moves Clause: Evasion moves are banned\n|rule|Endless Battle Clause: Forcing endless battles is banned\n|rule|HP Percentage Mod: HP is shown in percentages\n|clearpoke\n|poke|p1|Miraidon|\n|poke|p1|Chien-Pao|\n|poke|p1|Volcarona, F|\n|poke|p1|Iron Bundle|\n|poke|p1|Chi-Yu|\n|poke|p1|Baxcalibur, M|\n|poke|p2|Luxray, F|\n|poke|p2|Eelektross, M|\n|poke|p2|Magnezone|\n|poke|p2|Jolteon, F|\n|poke|p2|Thundurus-Therian, M|\n|poke|p2|Regieleki|\n|teampreview\n|\n|t:|1700088446\n|start\n|switch|p1a: Baxcalibur|Baxcalibur, M|100\/100\n|switch|p2a: Luxray|Luxray, F|100\/100\n|turn|1\n|\n|t:|1700088456\n|move|p1a: Baxcalibur|Earthquake|p2a: Luxray\n|-supereffective|p2a: Luxray\n|-damage|p2a: Luxray|10\/100\n|move|p2a: Luxray|Roar|p1a: Baxcalibur\n|drag|p1a: Chien-Pao|Chien-Pao|100\/100\n|-ability|p1a: Chien-Pao|Sword of Ruin\n|\n|upkeep\n|turn|2\n|\n|t:|1700088470\n|move|p2a: Luxray|Quick Attack|p1a: Chien-Pao\n|-damage|p1a: Chien-Pao|86\/100\n|move|p1a: Chien-Pao|Icicle Crash|p2a: Luxray\n|-damage|p2a: Luxray|0 fnt\n|faint|p2a: Luxray\n|\n|upkeep\n|\n|t:|1700088480\n|switch|p2a: Magnezone|Magnezone|100\/100\n|turn|3\n|\n|t:|1700088488\n|move|p1a: Chien-Pao|Sacred Sword|p2a: Magnezone\n|-supereffective|p2a: Magnezone\n|-damage|p2a: Magnezone|25\/100\n|move|p2a: Magnezone|Thunder Wave|p1a: Chien-Pao\n|-status|p1a: Chien-Pao|par\n|\n|upkeep\n|turn|4\n|\n|t:|1700088495\n|move|p2a: Magnezone|Flash Cannon|p1a: Chien-Pao\n|-supereffective|p1a: Chien-Pao\n|-damage|p1a: Chien-Pao|0 fnt\n|faint|p1a: Chien-Pao\n|\n|upkeep\n|\n|t:|1700088501\n|switch|p1a: Baxcalibur|Baxcalibur, M|100\/100\n|turn|5\n|\n|t:|1700088504\n|move|p1a: Baxcalibur|Earthquake|p2a: Magnezone\n|-supereffective|p2a: Magnezone\n|-damage|p2a: Magnezone|0 fnt\n|faint|p2a: Magnezone\n|\n|upkeep\n|\n|t:|1700088510\n|switch|p2a: Eelektross|Eelektross, M|100\/100\n|turn|6\n|\n|t:|1700088533\n|move|p1a: Baxcalibur|Icicle Spear|p2a: Eelektross\n|-damage|p2a: Eelektross|86\/100\n|-damage|p2a: Eelektross|69\/100\n|-damage|p2a: Eelektross|54\/100\n|-damage|p2a: Eelektross|38\/100\n|-damage|p2a: Eelektross|24\/100\n|-hitcount|p2a: Eelektross|5\n|move|p2a: Eelektross|Flamethrower|p1a: Baxcalibur\n|-damage|p1a: Baxcalibur|75\/100\n|-ability|p1a: Baxcalibur|Thermal Exchange|boost\n|-boost|p1a: Baxcalibur|atk|1\n|\n|upkeep\n|turn|7\n|\n|t:|1700088546\n|move|p1a: Baxcalibur|Icicle Spear|p2a: Eelektross\n|-damage|p2a: Eelektross|2\/100\n|-damage|p2a: Eelektross|0 fnt\n|faint|p2a: Eelektross\n|-hitcount|p2: Eelektross|2\n|\n|upkeep\n|\n|t:|1700088560\n|switch|p2a: Regieleki|Regieleki|100\/100\n|turn|8\n|\n|t:|1700088566\n|move|p2a: Regieleki|Substitute|p2a: Regieleki\n|-start|p2a: Regieleki|Substitute\n|-damage|p2a: Regieleki|76\/100\n|move|p1a: Baxcalibur|Earthquake|p2a: Regieleki\n|-supereffective|p2a: Regieleki\n|-end|p2a: Regieleki|Substitute\n|\n|-heal|p2a: Regieleki|82\/100|[from] item: Leftovers\n|upkeep\n|turn|9\n|\n|t:|1700088579\n|move|p2a: Regieleki|Electro Ball|p1a: Baxcalibur\n|-resisted|p1a: Baxcalibur\n|-damage|p1a: Baxcalibur|59\/100\n|move|p1a: Baxcalibur|Earthquake|p2a: Regieleki\n|-supereffective|p2a: Regieleki\n|-crit|p2a: Regieleki\n|-damage|p2a: Regieleki|0 fnt\n|faint|p2a: Regieleki\n|\n|upkeep\n|\n|t:|1700088588\n|switch|p2a: Jolteon|Jolteon, F|100\/100\n|turn|10\n|\n|t:|1700088594\n|move|p1a: Baxcalibur|Earthquake|p2a: Jolteon\n|-supereffective|p2a: Jolteon\n|-crit|p2a: Jolteon\n|-damage|p2a: Jolteon|0 fnt\n|faint|p2a: Jolteon\n|\n|upkeep\n|\n|t:|1700088598\n|switch|p2a: Thundurus|Thundurus-Therian, M|100\/100\n|turn|11\n|\n|t:|1700088602\n|move|p1a: Baxcalibur|Icicle Spear|p2a: Thundurus\n|-supereffective|p2a: Thundurus\n|-damage|p2a: Thundurus|43\/100\n|-supereffective|p2a: Thundurus\n|-damage|p2a: Thundurus|0 fnt\n|faint|p2a: Thundurus\n|-hitcount|p2: Thundurus|2\n|\n|win|V_T0rnadus\n|raw|V_T0rnadus's rating: 1057 &rarr; <strong>1088<\/strong><br \/>(+31 for winning)\n|raw|klaiber's rating: 1047 &rarr; <strong>1030<\/strong><br \/>(-17 for losing)\n|l|\u2606klaiber\n","uploadtime":1700088611,"views":7,"p1id":"vt0rnadus","p2id":"klaiber","formatid":"gen9ubers","rating":1030,"private":0,"password":""}