{"id":"gen9ubers-1976558474","p1":"Zenovix","p2":"End3rStorm","format":"[Gen 9] Ubers","log":"|j|\u2606Zenovix\n|j|\u2606End3rStorm\n|t:|1698321570\n|gametype|singles\n|player|p1|Zenovix|2|1065\n|player|p2|End3rStorm|2|1048\n|teamsize|p1|6\n|teamsize|p2|6\n|gen|9\n|tier|[Gen 9] Ubers\n|rated|\n|rule|Sleep Clause Mod: Limit one foe put to sleep\n|rule|Species Clause: Limit one of each Pok\u00e9mon\n|rule|OHKO Clause: OHKO moves are banned\n|rule|Evasion Items Clause: Evasion items are banned\n|rule|Evasion Moves Clause: Evasion moves are banned\n|rule|Endless Battle Clause: Forcing endless battles is banned\n|rule|HP Percentage Mod: HP is shown in percentages\n|clearpoke\n|poke|p1|Houndstone, F|\n|poke|p1|Tyranitar, F|\n|poke|p1|Trevenant, M|\n|poke|p1|Mew|\n|poke|p1|Maushold-Four|\n|poke|p1|Breloom, M|\n|poke|p2|Tornadus, M|\n|poke|p2|Rillaboom, M|\n|poke|p2|Ogerpon-Hearthflame, F|\n|poke|p2|Kommo-o, F|\n|poke|p2|Gliscor, F|\n|poke|p2|Samurott-Hisui, F|\n|teampreview\n|\n|t:|1698321577\n|start\n|switch|p1a: Breloom|Breloom, M|100\/100\n|switch|p2a: Rillaboom|Rillaboom, M|100\/100\n|-fieldstart|move: Grassy Terrain|[from] ability: Grassy Surge|[of] p2a: Rillaboom\n|turn|1\n|\n|t:|1698321589\n|switch|p1a: Trevenant|Trevenant, M|100\/100\n|move|p2a: Rillaboom|Fake Out|p1a: Trevenant\n|-immune|p1a: Trevenant\n|\n|upkeep\n|turn|2\n|\n|t:|1698321599\n|move|p2a: Rillaboom|Knock Off|p1a: Trevenant\n|-supereffective|p1a: Trevenant\n|-damage|p1a: Trevenant|28\/100\n|-enditem|p1a: Trevenant|Jaboca Berry|[eat]\n|-damage|p2a: Rillaboom|88\/100|[from] item: Jaboca Berry|[of] p1a: Trevenant\n|move|p1a: Trevenant|Poltergeist|p2a: Rillaboom\n|-activate|p2a: Rillaboom|move: Poltergeist|Leftovers\n|-damage|p2a: Rillaboom|28\/100\n|\n|-heal|p2a: Rillaboom|34\/100|[from] Grassy Terrain\n|-heal|p2a: Rillaboom|40\/100|[from] item: Leftovers\n|-heal|p1a: Trevenant|34\/100|[from] Grassy Terrain\n|upkeep\n|turn|3\n|\n|t:|1698321619\n|move|p2a: Rillaboom|Knock Off|p1a: Trevenant\n|-supereffective|p1a: Trevenant\n|-damage|p1a: Trevenant|0 fnt\n|faint|p1a: Trevenant\n|\n|-heal|p2a: Rillaboom|47\/100|[from] Grassy Terrain\n|-heal|p2a: Rillaboom|53\/100|[from] item: Leftovers\n|upkeep\n|\n|t:|1698321624\n|switch|p1a: Mew|Mew, shiny|100\/100\n|turn|4\n|inactive|Battle timer is ON: inactive players will automatically lose when time's up. (requested by Zenovix)\n|\n|t:|1698321659\n|move|p1a: Mew|Draining Kiss|p2a: Rillaboom\n|-damage|p2a: Rillaboom|33\/100\n|move|p2a: Rillaboom|Knock Off|p1a: Mew\n|-supereffective|p1a: Mew\n|-damage|p1a: Mew|29\/100\n|-enditem|p1a: Mew|Weakness Policy\n|-boost|p1a: Mew|atk|2|[from] item: Weakness Policy\n|-boost|p1a: Mew|spa|2|[from] item: Weakness Policy\n|\n|-heal|p1a: Mew|35\/100|[from] Grassy Terrain\n|-heal|p2a: Rillaboom|40\/100|[from] Grassy Terrain\n|-heal|p2a: Rillaboom|46\/100|[from] item: Leftovers\n|upkeep\n|turn|5\n|\n|t:|1698321679\n|-terastallize|p1a: Mew|Fairy\n|move|p1a: Mew|Draining Kiss|p2a: Rillaboom\n|-damage|p2a: Rillaboom|0 fnt\n|-heal|p1a: Mew|69\/100|[from] drain|[of] p2a: Rillaboom\n|faint|p2a: Rillaboom\n|\n|-heal|p1a: Mew|75\/100|[from] Grassy Terrain\n|-fieldend|move: Grassy Terrain\n|upkeep\n|\n|t:|1698321703\n|switch|p2a: Ogerpon|Ogerpon-Hearthflame, F|100\/100\n|-ability|p2a: Ogerpon|Mold Breaker\n|turn|6\n|inactive|Zenovix has 120 seconds left.\n|\n|t:|1698321731\n|move|p2a: Ogerpon|Ivy Cudgel|p1a: Mew\n|-damage|p1a: Mew|19\/100\n|move|p1a: Mew|Dragon Pulse|p2a: Ogerpon\n|-damage|p2a: Ogerpon|38\/100\n|\n|upkeep\n|turn|7\n|inactive|Zenovix has 120 seconds left.\n|\n|t:|1698321754\n|switch|p1a: Breloom|Breloom, M|100\/100\n|move|p2a: Ogerpon|Ivy Cudgel|p1a: Breloom\n|-supereffective|p1a: Breloom\n|-damage|p1a: Breloom|0 fnt\n|faint|p1a: Breloom\n|\n|upkeep\n|\n|t:|1698321760\n|switch|p1a: Maushold|Maushold-Four|100\/100\n|turn|8\n|\n|t:|1698321766\n|switch|p2a: Tornadus|Tornadus, M|100\/100\n|move|p1a: Maushold|Population Bomb|p2a: Tornadus\n|-damage|p2a: Tornadus|82\/100\n|-crit|p2a: Tornadus\n|-damage|p2a: Tornadus|58\/100\n|-damage|p2a: Tornadus|40\/100\n|-damage|p2a: Tornadus|22\/100\n|-crit|p2a: Tornadus\n|-damage|p2a: Tornadus|0 fnt\n|faint|p2a: Tornadus\n|-hitcount|p2: Tornadus|5\n|\n|upkeep\n|\n|t:|1698321787\n|switch|p2a: Ogerpon|Ogerpon-Hearthflame, F|38\/100\n|-ability|p2a: Ogerpon|Mold Breaker\n|turn|9\n|\n|t:|1698321793\n|move|p1a: Maushold|Population Bomb|p2a: Ogerpon\n|-damage|p2a: Ogerpon|23\/100\n|-damage|p2a: Ogerpon|8\/100\n|-damage|p2a: Ogerpon|0 fnt\n|faint|p2a: Ogerpon\n|-hitcount|p2: Ogerpon|3\n|\n|upkeep\n|\n|t:|1698321796\n|switch|p2a: Gliscor|Gliscor, F|100\/100\n|turn|10\n|\n|t:|1698321812\n|move|p2a: Gliscor|Protect|p2a: Gliscor\n|-singleturn|p2a: Gliscor|Protect\n|move|p1a: Maushold|Population Bomb|p2a: Gliscor\n|-activate|p2a: Gliscor|move: Protect\n|\n|-status|p2a: Gliscor|tox|[from] item: Toxic Orb\n|upkeep\n|turn|11\n|\n|t:|1698321820\n|move|p1a: Maushold|Population Bomb|p2a: Gliscor\n|-damage|p2a: Gliscor|90\/100 tox\n|-damage|p2a: Gliscor|78\/100 tox\n|-hitcount|p2a: Gliscor|2\n|move|p2a: Gliscor|Earthquake|p1a: Maushold\n|-damage|p1a: Maushold|45\/100\n|\n|-heal|p1a: Maushold|51\/100|[from] item: Leftovers\n|-heal|p2a: Gliscor|91\/100 tox|[from] ability: Poison Heal\n|upkeep\n|turn|12\n|\n|t:|1698321830\n|move|p1a: Maushold|Population Bomb|p2a: Gliscor\n|-damage|p2a: Gliscor|79\/100 tox\n|-damage|p2a: Gliscor|69\/100 tox\n|-damage|p2a: Gliscor|58\/100 tox\n|-damage|p2a: Gliscor|47\/100 tox\n|-damage|p2a: Gliscor|35\/100 tox\n|-damage|p2a: Gliscor|24\/100 tox\n|-damage|p2a: Gliscor|13\/100 tox\n|-damage|p2a: Gliscor|2\/100 tox\n|-damage|p2a: Gliscor|0 fnt\n|faint|p2a: Gliscor\n|-hitcount|p2: Gliscor|9\n|\n|-heal|p1a: Maushold|58\/100|[from] item: Leftovers\n|upkeep\n|\n|t:|1698321842\n|switch|p2a: Kommo-o|Kommo-o, F|100\/100\n|turn|13\n|\n|t:|1698321851\n|move|p1a: Maushold|Play Rough|p2a: Kommo-o\n|-supereffective|p2a: Kommo-o\n|-damage|p2a: Kommo-o|13\/100\n|move|p2a: Kommo-o|Clanging Scales|p1a: Maushold\n|-damage|p1a: Maushold|0 fnt\n|faint|p1a: Maushold\n|-unboost|p2a: Kommo-o|def|1\n|-enditem|p2a: Kommo-o|Throat Spray\n|-boost|p2a: Kommo-o|spa|1|[from] item: Throat Spray\n|\n|upkeep\n|\n|t:|1698321860\n|switch|p1a: Mew|Mew, shiny, tera:Fairy|19\/100\n|turn|14\n|\n|t:|1698321867\n|move|p2a: Kommo-o|Protect|p2a: Kommo-o\n|-singleturn|p2a: Kommo-o|Protect\n|move|p1a: Mew|Draining Kiss|p2a: Kommo-o\n|-activate|p2a: Kommo-o|move: Protect\n|\n|upkeep\n|turn|15\n|\n|t:|1698321872\n|move|p1a: Mew|Draining Kiss|p2a: Kommo-o\n|-supereffective|p2a: Kommo-o\n|-damage|p2a: Kommo-o|0 fnt\n|-heal|p1a: Mew|27\/100|[from] drain|[of] p2a: Kommo-o\n|faint|p2a: Kommo-o\n|\n|upkeep\n|\n|t:|1698321875\n|switch|p2a: Samurott|Samurott-Hisui, F|100\/100\n|turn|16\n|\n|t:|1698321892\n|move|p1a: Mew|Draining Kiss|p2a: Samurott\n|-supereffective|p2a: Samurott\n|-damage|p2a: Samurott|15\/100\n|-heal|p1a: Mew|87\/100|[from] drain|[of] p2a: Samurott\n|-enditem|p2a: Samurott|Salac Berry|[eat]\n|-boost|p2a: Samurott|spe|1|[from] item: Salac Berry\n|move|p2a: Samurott|Razor Shell|p1a: Mew\n|-damage|p1a: Mew|38\/100\n|\n|upkeep\n|turn|17\n|\n|t:|1698321903\n|move|p2a: Samurott|Razor Shell|p1a: Mew|[miss]\n|-miss|p2a: Samurott|p1a: Mew\n|move|p1a: Mew|Draining Kiss|p2a: Samurott\n|-supereffective|p2a: Samurott\n|-damage|p2a: Samurott|0 fnt\n|-heal|p1a: Mew|48\/100|[from] drain|[of] p2a: Samurott\n|faint|p2a: Samurott\n|\n|win|Zenovix\n|raw|Zenovix's rating: 1065 &rarr; <strong>1094<\/strong><br \/>(+29 for winning)\n|raw|End3rStorm's rating: 1048 &rarr; <strong>1032<\/strong><br \/>(-16 for losing)\n|l|\u2606End3rStorm\n|c|\u2606Zenovix|gg\n","uploadtime":1698321919,"views":7,"p1id":"zenovix","p2id":"end3rstorm","formatid":"gen9ubers","rating":1032,"private":0,"password":""}