{"id":"gen9ubers-1995545679","p1":"xgcl","p2":"Anne Frankkkk","format":"[Gen 9] Ubers","log":"|j|\u2606xgcl\n|j|\u2606Anne Frankkkk\n|t:|1700581635\n|gametype|singles\n|player|p1|xgcl|ingo|1283\n|player|p2|Anne Frankkkk|hilbert|1250\n|teamsize|p1|6\n|teamsize|p2|6\n|gen|9\n|tier|[Gen 9] Ubers\n|rated|\n|rule|Sleep Clause Mod: Limit one foe put to sleep\n|rule|Species Clause: Limit one of each Pok\u00e9mon\n|rule|OHKO Clause: OHKO moves are banned\n|rule|Evasion Items Clause: Evasion items are banned\n|rule|Evasion Moves Clause: Evasion moves are banned\n|rule|Endless Battle Clause: Forcing endless battles is banned\n|rule|HP Percentage Mod: HP is shown in percentages\n|clearpoke\n|poke|p1|Miraidon|\n|poke|p1|Zacian-*|\n|poke|p1|Flutter Mane|\n|poke|p1|Zamazenta-*|\n|poke|p1|Ogerpon-Hearthflame, F|\n|poke|p1|Koraidon|\n|poke|p2|Regieleki|\n|poke|p2|Kyogre|\n|poke|p2|Chien-Pao|\n|poke|p2|Ribombee, F|\n|poke|p2|Miraidon|\n|poke|p2|Flutter Mane|\n|teampreview\n|inactive|Battle timer is ON: inactive players will automatically lose when time's up. (requested by xgcl)\n|inactive|xgcl has 120 seconds left.\n|\n|t:|1700581666\n|start\n|switch|p1a: Ogerpon|Ogerpon-Hearthflame, F|100\/100\n|switch|p2a: Moonblast|Ribombee, F, shiny|100\/100\n|-ability|p1a: Ogerpon|Mold Breaker\n|turn|1\n|\n|t:|1700581678\n|move|p2a: Moonblast|Sticky Web|p1a: Ogerpon\n|-sidestart|p1: xgcl|move: Sticky Web\n|move|p1a: Ogerpon|Ivy Cudgel|p2a: Moonblast|[anim] Ivy Cudgel Fire\n|-supereffective|p2a: Moonblast\n|-enditem|p2a: Moonblast|Focus Sash\n|-damage|p2a: Moonblast|1\/100\n|\n|upkeep\n|turn|2\n|\n|t:|1700581683\n|move|p2a: Moonblast|Bug Buzz|p1a: Ogerpon\n|-damage|p1a: Ogerpon|56\/100\n|move|p1a: Ogerpon|Trailblaze|p2a: Moonblast\n|-resisted|p2a: Moonblast\n|-damage|p2a: Moonblast|0 fnt\n|-boost|p1a: Ogerpon|spe|1\n|faint|p2a: Moonblast\n|\n|upkeep\n|\n|t:|1700581698\n|switch|p2a: Cyber Lizard|Miraidon|100\/100\n|-fieldstart|move: Electric Terrain|[from] ability: Hadron Engine|[of] p2a: Cyber Lizard\n|-item|p2a: Cyber Lizard|Air Balloon\n|turn|3\n|\n|t:|1700581704\n|move|p1a: Ogerpon|Ivy Cudgel|p2a: Cyber Lizard|[anim] Ivy Cudgel Fire\n|-resisted|p2a: Cyber Lizard\n|-damage|p2a: Cyber Lizard|71\/100\n|-enditem|p2a: Cyber Lizard|Air Balloon\n|move|p2a: Cyber Lizard|Electro Drift|p1a: Ogerpon\n|-resisted|p1a: Ogerpon\n|-damage|p1a: Ogerpon|0 fnt\n|faint|p1a: Ogerpon\n|\n|upkeep\n|\n|t:|1700581711\n|switch|p1a: Zamazenta|Zamazenta-Crowned|100\/100\n|-activate|p1a: Zamazenta|move: Sticky Web\n|-unboost|p1a: Zamazenta|spe|1\n|-ability|p1a: Zamazenta|Dauntless Shield|boost\n|-boost|p1a: Zamazenta|def|1\n|turn|4\n|\n|t:|1700581717\n|move|p2a: Cyber Lizard|Electro Drift|p1a: Zamazenta\n|-damage|p1a: Zamazenta|34\/100\n|move|p1a: Zamazenta|Body Press|p2a: Cyber Lizard\n|-damage|p2a: Cyber Lizard|0 fnt\n|faint|p2a: Cyber Lizard\n|\n|upkeep\n|\n|t:|1700581722\n|switch|p2a: Bzzzzt|Regieleki, shiny|100\/100\n|turn|5\n|\n|t:|1700581725\n|move|p2a: Bzzzzt|Thunderbolt|p1a: Zamazenta\n|-damage|p1a: Zamazenta|0 fnt\n|faint|p1a: Zamazenta\n|\n|upkeep\n|\n|t:|1700581729\n|switch|p1a: Zacian|Zacian-Crowned|100\/100\n|-activate|p1a: Zacian|move: Sticky Web\n|-unboost|p1a: Zacian|spe|1\n|-ability|p1a: Zacian|Intrepid Sword|boost\n|-boost|p1a: Zacian|atk|1\n|turn|6\n|\n|t:|1700581736\n|move|p2a: Bzzzzt|Thunderbolt|p1a: Zacian\n|-damage|p1a: Zacian|25\/100\n|move|p1a: Zacian|Play Rough|p2a: Bzzzzt\n|-damage|p2a: Bzzzzt|0 fnt\n|faint|p2a: Bzzzzt\n|\n|upkeep\n|\n|t:|1700581744\n|switch|p2a: Misdreavius|Flutter Mane, shiny|100\/100\n|-enditem|p2a: Misdreavius|Booster Energy\n|-activate|p2a: Misdreavius|ability: Protosynthesis|[fromitem]\n|-start|p2a: Misdreavius|protosynthesisspe\n|turn|7\n|\n|t:|1700581747\n|move|p2a: Misdreavius|Shadow Ball|p1a: Zacian\n|-damage|p1a: Zacian|0 fnt\n|faint|p1a: Zacian\n|\n|-fieldend|move: Electric Terrain\n|upkeep\n|\n|t:|1700581754\n|switch|p1a: Koraidon|Koraidon|100\/100\n|-activate|p1a: Koraidon|move: Sticky Web\n|-unboost|p1a: Koraidon|spe|1\n|-weather|SunnyDay|[from] ability: Orichalcum Pulse|[of] p1a: Koraidon\n|-activate|p1a: Koraidon|Orichalcum Pulse|[source]\n|turn|8\n|\n|t:|1700581765\n|-terastallize|p1a: Koraidon|Fire\n|move|p2a: Misdreavius|Moonblast|p1a: Koraidon\n|-resisted|p1a: Koraidon\n|-damage|p1a: Koraidon|75\/100\n|-unboost|p1a: Koraidon|spa|1\n|move|p1a: Koraidon|Shadow Claw|p2a: Misdreavius\n|-supereffective|p2a: Misdreavius\n|-damage|p2a: Misdreavius|0 fnt\n|faint|p2a: Misdreavius\n|-end|p2a: Misdreavius|Protosynthesis|[silent]\n|\n|-weather|SunnyDay|[upkeep]\n|upkeep\n|\n|t:|1700581773\n|switch|p2a: Ice Cat|Chien-Pao|100\/100\n|-ability|p2a: Ice Cat|Sword of Ruin\n|turn|9\n|\n|t:|1700581778\n|switch|p1a: Flutter Mane|Flutter Mane|100\/100\n|-activate|p1a: Flutter Mane|move: Sticky Web\n|-unboost|p1a: Flutter Mane|spe|1\n|-activate|p1a: Flutter Mane|ability: Protosynthesis\n|-start|p1a: Flutter Mane|protosynthesisspa\n|move|p2a: Ice Cat|Swords Dance|p2a: Ice Cat\n|-boost|p2a: Ice Cat|atk|2\n|\n|-weather|SunnyDay|[upkeep]\n|upkeep\n|turn|10\n|\n|t:|1700581783\n|move|p2a: Ice Cat|Sucker Punch|p1a: Flutter Mane\n|-damage|p1a: Flutter Mane|0 fnt\n|faint|p1a: Flutter Mane\n|-end|p1a: Flutter Mane|Protosynthesis|[silent]\n|\n|-weather|SunnyDay|[upkeep]\n|upkeep\n|\n|t:|1700581786\n|switch|p1a: Koraidon|Koraidon, tera:Fire|75\/100\n|-activate|p1a: Koraidon|move: Sticky Web\n|-unboost|p1a: Koraidon|spe|1\n|-activate|p1a: Koraidon|ability: Orichalcum Pulse\n|turn|11\n|\n|t:|1700581792\n|move|p1a: Koraidon|Collision Course|p2a: Ice Cat\n|-supereffective|p2a: Ice Cat\n|-enditem|p2a: Ice Cat|Focus Sash\n|-damage|p2a: Ice Cat|1\/100\n|move|p2a: Ice Cat|Swords Dance|p2a: Ice Cat\n|-boost|p2a: Ice Cat|atk|2\n|\n|-weather|SunnyDay|[upkeep]\n|upkeep\n|turn|12\n|\n|t:|1700581797\n|move|p2a: Ice Cat|Sucker Punch|p1a: Koraidon\n|-damage|p1a: Koraidon|0 fnt\n|faint|p1a: Koraidon\n|\n|-weather|none\n|upkeep\n|\n|t:|1700581799\n|switch|p1a: Miraidon|Miraidon|100\/100\n|-activate|p1a: Miraidon|move: Sticky Web\n|-unboost|p1a: Miraidon|spe|1\n|-fieldstart|move: Electric Terrain|[from] ability: Hadron Engine|[of] p1a: Miraidon\n|turn|13\n|\n|t:|1700581803\n|move|p2a: Ice Cat|Ice Spinner|p1a: Miraidon\n|-supereffective|p1a: Miraidon\n|-damage|p1a: Miraidon|0 fnt\n|-fieldend|move: Electric Terrain\n|faint|p1a: Miraidon\n|\n|win|Anne Frankkkk\n|raw|xgcl's rating: 1283 &rarr; <strong>1256<\/strong><br \/>(-27 for losing)\n|raw|Anne Frankkkk's rating: 1250 &rarr; <strong>1277<\/strong><br \/>(+27 for winning)\n|l|\u2606xgcl\n","uploadtime":1700581811,"views":0,"p1id":"xgcl","p2id":"annefrankkkk","formatid":"gen9ubers","rating":1256,"private":0,"password":""}