{"id":"gen9ubers-1973885454","p1":"iron tusk 69","p2":"BlinkPlaysVGC","format":"[Gen 9] Ubers","log":"|j|\u2606iron tusk 69\n|j|\u2606BlinkPlaysVGC\n|t:|1698024305\n|gametype|singles\n|player|p1|iron tusk 69|biker-gen4|\n|player|p2|BlinkPlaysVGC|ghetsis|\n|teamsize|p1|6\n|teamsize|p2|6\n|gen|9\n|tier|[Gen 9] Ubers\n|rated|Tournament battle\n|rule|Sleep Clause Mod: Limit one foe put to sleep\n|rule|Species Clause: Limit one of each Pok\u00e9mon\n|rule|OHKO Clause: OHKO moves are banned\n|rule|Evasion Items Clause: Evasion items are banned\n|rule|Evasion Moves Clause: Evasion moves are banned\n|rule|Endless Battle Clause: Forcing endless battles is banned\n|rule|HP Percentage Mod: HP is shown in percentages\n|clearpoke\n|poke|p1|Arceus-Ground|\n|poke|p1|Miraidon|\n|poke|p1|Koraidon|\n|poke|p1|Iron Treads|\n|poke|p1|Chien-Pao|\n|poke|p1|Lechonk, L1, M|\n|poke|p2|Arceus|\n|poke|p2|Koraidon|\n|poke|p2|Zacian-*|\n|poke|p2|Miraidon|\n|poke|p2|Landorus-Therian, M|\n|poke|p2|Ting-Lu|\n|teampreview\n|\n|t:|1698024322\n|start\n|switch|p1a: Arceus|Arceus-Ground|100\/100\n|switch|p2a: Ting-Lu|Ting-Lu|100\/100\n|-ability|p2a: Ting-Lu|Vessel of Ruin\n|turn|1\n|inactive|Battle timer is ON: inactive players will automatically lose when time's up. (requested by iron tusk 69)\n|\n|t:|1698024334\n|move|p1a: Arceus|Dragon Dance|p1a: Arceus\n|-boost|p1a: Arceus|atk|1\n|-boost|p1a: Arceus|spe|1\n|move|p2a: Ting-Lu|Spikes|p1a: Arceus\n|-sidestart|p1: iron tusk 69|Spikes\n|\n|upkeep\n|turn|2\n|\n|t:|1698024341\n|move|p1a: Arceus|Earthquake|p2a: Ting-Lu\n|-damage|p2a: Ting-Lu|54\/100\n|move|p2a: Ting-Lu|Whirlwind|p1a: Arceus\n|drag|p1a: Koraidon|Koraidon|100\/100\n|-damage|p1a: Koraidon|88\/100|[from] Spikes\n|-weather|SunnyDay|[from] ability: Orichalcum Pulse|[of] p1a: Koraidon\n|-activate|p1a: Koraidon|Orichalcum Pulse|[source]\n|\n|-weather|SunnyDay|[upkeep]\n|-heal|p2a: Ting-Lu|60\/100|[from] item: Leftovers\n|upkeep\n|turn|3\n|\n|t:|1698024355\n|-terastallize|p2a: Ting-Lu|Poison\n|move|p1a: Koraidon|U-turn|p2a: Ting-Lu\n|-resisted|p2a: Ting-Lu\n|-damage|p2a: Ting-Lu|46\/100\n|\n|t:|1698024358\n|switch|p1a: Arceus|Arceus-Ground|100\/100|[from] U-turn\n|-damage|p1a: Arceus|88\/100|[from] Spikes\n|move|p2a: Ting-Lu|Spikes|p1a: Arceus\n|-sidestart|p1: iron tusk 69|Spikes\n|\n|-weather|SunnyDay|[upkeep]\n|-heal|p2a: Ting-Lu|52\/100|[from] item: Leftovers\n|upkeep\n|turn|4\n|\n|t:|1698024369\n|switch|p2a: Landorus|Landorus-Therian, M|100\/100\n|-ability|p2a: Landorus|Intimidate|boost\n|-unboost|p1a: Arceus|atk|1\n|move|p1a: Arceus|Dragon Dance|p1a: Arceus\n|-boost|p1a: Arceus|atk|1\n|-boost|p1a: Arceus|spe|1\n|\n|-weather|SunnyDay|[upkeep]\n|upkeep\n|turn|5\n|\n|t:|1698024380\n|switch|p1a: Koraidon|Koraidon|88\/100\n|-damage|p1a: Koraidon|72\/100|[from] Spikes\n|-activate|p1a: Koraidon|ability: Orichalcum Pulse\n|move|p2a: Landorus|Stealth Rock|p1a: Koraidon\n|-sidestart|p1: iron tusk 69|move: Stealth Rock\n|\n|-weather|SunnyDay|[upkeep]\n|upkeep\n|turn|6\n|j| righteous light\n|\n|t:|1698024391\n|switch|p2a: Ting-Lu|Ting-Lu, tera:Poison|52\/100\n|-ability|p2a: Ting-Lu|Vessel of Ruin\n|move|p1a: Koraidon|Flare Blitz|p2a: Ting-Lu\n|-damage|p2a: Ting-Lu|0 fnt\n|faint|p2a: Ting-Lu\n|-damage|p1a: Koraidon|46\/100|[from] Recoil\n|\n|-weather|none\n|upkeep\n|\n|t:|1698024401\n|switch|p2a: Landorus|Landorus-Therian, M|100\/100\n|-ability|p2a: Landorus|Intimidate|boost\n|-unboost|p1a: Koraidon|atk|1\n|turn|7\n|\n|t:|1698024416\n|switch|p1a: Arceus|Arceus-Ground|88\/100\n|-damage|p1a: Arceus|72\/100|[from] Spikes\n|-damage|p1a: Arceus|65\/100|[from] Stealth Rock\n|move|p2a: Landorus|Earthquake|p1a: Arceus\n|-damage|p1a: Arceus|26\/100\n|\n|upkeep\n|turn|8\n|\n|t:|1698024429\n|move|p1a: Arceus|Recover|p1a: Arceus\n|-heal|p1a: Arceus|76\/100\n|move|p2a: Landorus|Taunt|p1a: Arceus\n|-start|p1a: Arceus|move: Taunt\n|\n|upkeep\n|turn|9\n|\n|t:|1698024436\n|switch|p1a: Chien-Pao|Chien-Pao|100\/100\n|-ability|p1a: Chien-Pao|Sword of Ruin\n|move|p2a: Landorus|Earthquake|p1a: Chien-Pao\n|-damage|p1a: Chien-Pao|41\/100\n|\n|upkeep\n|turn|10\n|\n|t:|1698024446\n|switch|p2a: Arceus|Arceus|100\/100\n|move|p1a: Chien-Pao|Ice Shard|p2a: Arceus\n|-damage|p2a: Arceus|83\/100\n|\n|-heal|p2a: Arceus|89\/100|[from] item: Leftovers\n|upkeep\n|turn|11\n|\n|t:|1698024454\n|move|p1a: Chien-Pao|Sacred Sword|p2a: Arceus\n|-supereffective|p2a: Arceus\n|-damage|p2a: Arceus|37\/100\n|move|p2a: Arceus|Swords Dance|p2a: Arceus\n|-boost|p2a: Arceus|atk|2\n|\n|-heal|p2a: Arceus|43\/100|[from] item: Leftovers\n|upkeep\n|turn|12\n|\n|t:|1698024462\n|move|p2a: Arceus|Extreme Speed|p1a: Chien-Pao\n|-damage|p1a: Chien-Pao|0 fnt\n|faint|p1a: Chien-Pao\n|\n|-heal|p2a: Arceus|49\/100|[from] item: Leftovers\n|upkeep\n|\n|t:|1698024478\n|switch|p1a: Iron Treads|Iron Treads|100\/100\n|-damage|p1a: Iron Treads|84\/100|[from] Spikes\n|-damage|p1a: Iron Treads|81\/100|[from] Stealth Rock\n|turn|13\n|\n|t:|1698024498\n|move|p2a: Arceus|Extreme Speed|p1a: Iron Treads\n|-resisted|p1a: Iron Treads\n|-damage|p1a: Iron Treads|48\/100\n|move|p1a: Iron Treads|Rapid Spin|p2a: Arceus\n|-damage|p2a: Arceus|40\/100\n|-boost|p1a: Iron Treads|spe|1\n|-sideend|p1: iron tusk 69|Spikes|[from] move: Rapid Spin|[of] p1a: Iron Treads\n|-sideend|p1: iron tusk 69|Stealth Rock|[from] move: Rapid Spin|[of] p1a: Iron Treads\n|\n|-heal|p2a: Arceus|46\/100|[from] item: Leftovers\n|upkeep\n|turn|14\n|\n|t:|1698024516\n|move|p2a: Arceus|Extreme Speed|p1a: Iron Treads\n|-resisted|p1a: Iron Treads\n|-damage|p1a: Iron Treads|12\/100\n|move|p1a: Iron Treads|Knock Off|p2a: Arceus\n|-damage|p2a: Arceus|28\/100\n|-enditem|p2a: Arceus|Leftovers|[from] move: Knock Off|[of] p1a: Iron Treads\n|\n|upkeep\n|turn|15\n|\n|t:|1698024524\n|move|p2a: Arceus|Extreme Speed|p1a: Iron Treads\n|-resisted|p1a: Iron Treads\n|-damage|p1a: Iron Treads|0 fnt\n|faint|p1a: Iron Treads\n|-end|p1a: Iron Treads|Quark Drive|[silent]\n|\n|upkeep\n|\n|t:|1698024549\n|switch|p1a: Arceus|Arceus-Ground|76\/100\n|turn|16\n|\n|t:|1698024553\n|move|p2a: Arceus|Extreme Speed|p1a: Arceus\n|-damage|p1a: Arceus|14\/100\n|move|p1a: Arceus|Earthquake|p2a: Arceus\n|-damage|p2a: Arceus|0 fnt\n|faint|p2a: Arceus\n|\n|upkeep\n|\n|t:|1698024560\n|switch|p2a: Landorus|Landorus-Therian, M|100\/100\n|-ability|p2a: Landorus|Intimidate|boost\n|-unboost|p1a: Arceus|atk|1\n|turn|17\n|inactive|iron tusk 69 has 120 seconds left.\n|\n|t:|1698024612\n|switch|p1a: Temp6T|Lechonk, L1, M|100\/100\n|move|p2a: Landorus|U-turn|p1a: Temp6T\n|-enditem|p1a: Temp6T|Focus Sash\n|-damage|p1a: Temp6T|9\/100\n|j| Kaen Daiko\n|c|\u2606BlinkPlaysVGC|whats going on here\n|\n|t:|1698024634\n|switch|p2a: Koraidon|Koraidon|100\/100|[from] U-turn\n|-weather|SunnyDay|[from] ability: Orichalcum Pulse|[of] p2a: Koraidon\n|-activate|p2a: Koraidon|Orichalcum Pulse|[source]\n|\n|-weather|SunnyDay|[upkeep]\n|upkeep\n|turn|18\n|c| Kaen Daiko|lechonk the goat\n|c|\u2606BlinkPlaysVGC|figuring out sixth team member\n|inactive|iron tusk 69 has 90 seconds left.\n|c|\u2606BlinkPlaysVGC|?\n|\n|t:|1698024667\n|move|p2a: Koraidon|Low Kick|p1a: Temp6T\n|-supereffective|p1a: Temp6T\n|-damage|p1a: Temp6T|0 fnt\n|faint|p1a: Temp6T\n|\n|-weather|SunnyDay|[upkeep]\n|upkeep\n|\n|t:|1698024674\n|switch|p1a: Miraidon|Miraidon|100\/100\n|-fieldstart|move: Electric Terrain|[from] ability: Hadron Engine|[of] p1a: Miraidon\n|turn|19\n|inactive|iron tusk 69 has 90 seconds left.\n|\n|t:|1698024685\n|switch|p2a: Zacian|Zacian-Crowned, shiny|100\/100\n|-ability|p2a: Zacian|Intrepid Sword|boost\n|-boost|p2a: Zacian|atk|1\n|-terastallize|p1a: Miraidon|Electric\n|move|p1a: Miraidon|Volt Switch|p2a: Zacian\n|-damage|p2a: Zacian|0 fnt\n|faint|p2a: Zacian\n|\n|t:|1698024689\n|switch|p1a: Arceus|Arceus-Ground|14\/100|[from] Volt Switch\n|\n|-weather|SunnyDay|[upkeep]\n|upkeep\n|\n|t:|1698024698\n|switch|p2a: Landorus|Landorus-Therian, M|100\/100\n|-ability|p2a: Landorus|Intimidate|boost\n|-unboost|p1a: Arceus|atk|1\n|turn|20\n|\n|t:|1698024712\n|move|p1a: Arceus|Recover|p1a: Arceus\n|-heal|p1a: Arceus|64\/100\n|move|p2a: Landorus|Earthquake|p1a: Arceus\n|-damage|p1a: Arceus|27\/100\n|\n|-weather|SunnyDay|[upkeep]\n|upkeep\n|turn|21\n|\n|t:|1698024718\n|move|p1a: Arceus|Recover|p1a: Arceus\n|-heal|p1a: Arceus|77\/100\n|move|p2a: Landorus|Taunt|p1a: Arceus\n|-start|p1a: Arceus|move: Taunt\n|\n|-weather|none\n|upkeep\n|turn|22\n|\n|t:|1698024743\n|switch|p1a: Koraidon|Koraidon|46\/100\n|-weather|SunnyDay|[from] ability: Orichalcum Pulse|[of] p1a: Koraidon\n|-activate|p1a: Koraidon|Orichalcum Pulse|[source]\n|move|p2a: Landorus|Earthquake|p1a: Koraidon\n|-damage|p1a: Koraidon|0 fnt\n|faint|p1a: Koraidon\n|\n|-weather|SunnyDay|[upkeep]\n|upkeep\n|\n|t:|1698024745\n|switch|p1a: Miraidon|Miraidon, tera:Electric|100\/100\n|-activate|p1a: Miraidon|ability: Hadron Engine\n|turn|23\n|\n|t:|1698024766\n|move|p1a: Miraidon|Overheat|p2a: Landorus\n|-damage|p2a: Landorus|0 fnt\n|-unboost|p1a: Miraidon|spa|2\n|faint|p2a: Landorus\n|\n|-weather|SunnyDay|[upkeep]\n|-fieldend|move: Electric Terrain\n|upkeep\n|\n|t:|1698024774\n|switch|p2a: Koraidon|Koraidon|100\/100\n|-activate|p2a: Koraidon|ability: Orichalcum Pulse\n|turn|24\n|inactive|iron tusk 69 has 120 seconds left.\n|inactive|BlinkPlaysVGC has 120 seconds left.\n|inactive|iron tusk 69 has 90 seconds left.\n|inactive|BlinkPlaysVGC has 90 seconds left.\n|inactive|iron tusk 69 has 60 seconds left.\n|l| righteous light\n|\n|t:|1698024849\n|switch|p1a: Arceus|Arceus-Ground|77\/100\n|move|p2a: Koraidon|Low Kick|p1a: Arceus\n|-damage|p1a: Arceus|15\/100\n|\n|-weather|SunnyDay|[upkeep]\n|upkeep\n|turn|25\n|\n|t:|1698024855\n|move|p2a: Koraidon|Low Kick|p1a: Arceus\n|-damage|p1a: Arceus|0 fnt\n|faint|p1a: Arceus\n|\n|-weather|SunnyDay|[upkeep]\n|upkeep\n|\n|t:|1698024857\n|switch|p1a: Miraidon|Miraidon, tera:Electric|100\/100\n|-fieldstart|move: Electric Terrain|[from] ability: Hadron Engine|[of] p1a: Miraidon\n|turn|26\n|\n|t:|1698024863\n|move|p2a: Koraidon|Low Kick|p1a: Miraidon\n|-damage|p1a: Miraidon|17\/100\n|move|p1a: Miraidon|Electro Drift|p2a: Koraidon\n|-resisted|p2a: Koraidon\n|-damage|p2a: Koraidon|1\/100\n|\n|-weather|none\n|upkeep\n|turn|27\n|inactive|BlinkPlaysVGC has 90 seconds left.\n|c|\u2606BlinkPlaysVGC|holy shit\n|\n|t:|1698024874\n|move|p2a: Koraidon|Low Kick|p1a: Miraidon\n|-damage|p1a: Miraidon|0 fnt\n|faint|p1a: Miraidon\n|\n|win|BlinkPlaysVGC\n|n|\u2606iron tusk 69|irontusk69\n|n|\u2606BlinkPlaysVGC|blinkplaysvgc\n|n| Kaen Daiko|kaendaiko\n","uploadtime":1698024879,"views":9,"p1id":"irontusk69","p2id":"blinkplaysvgc","formatid":"gen9ubers","rating":0,"private":0,"password":""}