{"id":"gen9ubers-1977492739","p1":"ox04","p2":"VGCLTE Don Bozo","format":"[Gen 9] Ubers","log":"|j|\u2606ox04\n|j|\u2606VGCLTE Don Bozo\n|t:|1698421707\n|gametype|singles\n|player|p1|ox04|hugh|\n|player|p2|VGCLTE Don Bozo|ariana|\n|teamsize|p1|6\n|teamsize|p2|6\n|gen|9\n|tier|[Gen 9] Ubers\n|rated|Tournament battle\n|rule|Sleep Clause Mod: Limit one foe put to sleep\n|rule|Species Clause: Limit one of each Pok\u00e9mon\n|rule|OHKO Clause: OHKO moves are banned\n|rule|Evasion Items Clause: Evasion items are banned\n|rule|Evasion Moves Clause: Evasion moves are banned\n|rule|Endless Battle Clause: Forcing endless battles is banned\n|rule|HP Percentage Mod: HP is shown in percentages\n|clearpoke\n|poke|p1|Miraidon|\n|poke|p1|Kyogre|\n|poke|p1|Arceus-Fairy|\n|poke|p1|Clodsire, F|\n|poke|p1|Gliscor, F|\n|poke|p1|Corviknight, F|\n|poke|p2|Koraidon|\n|poke|p2|Gliscor, M|\n|poke|p2|Miraidon|\n|poke|p2|Iron Bundle|\n|poke|p2|Arceus-Fairy|\n|poke|p2|Zamazenta-*|\n|teampreview\n|inactive|Battle timer is ON: inactive players will automatically lose when time's up. (requested by VGCLTE Don Bozo)\n|c|\u2606VGCLTE Don Bozo|hf\n|c|\u2606ox04|u2\n|\n|t:|1698421732\n|start\n|switch|p1a: Arceus|Arceus-Fairy|100\/100\n|switch|p2a: Miraidon|Miraidon|100\/100\n|-fieldstart|move: Electric Terrain|[from] ability: Hadron Engine|[of] p2a: Miraidon\n|turn|1\n|\n|t:|1698421736\n|move|p2a: Miraidon|U-turn|p1a: Arceus\n|-resisted|p1a: Arceus\n|-damage|p1a: Arceus|97\/100\n|\n|t:|1698421747\n|switch|p2a: Arceus|Arceus-Fairy|100\/100|[from] U-turn\n|move|p1a: Arceus|Stealth Rock|p2a: Arceus\n|-sidestart|p2: VGCLTE Don Bozo|move: Stealth Rock\n|\n|upkeep\n|turn|2\n|\n|t:|1698421753\n|switch|p2a: Miraidon|Miraidon|100\/100\n|-activate|p2a: Miraidon|ability: Hadron Engine\n|move|p1a: Arceus|Thunder Wave|p2a: Miraidon\n|-immune|p2a: Miraidon\n|\n|upkeep\n|turn|3\n|j| ult4cp staller\n|\n|t:|1698421760\n|switch|p1a: Clodsire|Clodsire, F|100\/100\n|move|p2a: Miraidon|U-turn|p1a: Clodsire\n|-resisted|p1a: Clodsire\n|-damage|p1a: Clodsire|93\/100\n|\n|t:|1698421764\n|switch|p2a: Gliscor|Gliscor, M|100\/100|[from] U-turn\n|-damage|p2a: Gliscor|88\/100|[from] Stealth Rock\n|\n|-status|p2a: Gliscor|tox|[from] item: Toxic Orb\n|upkeep\n|turn|4\n|\n|t:|1698421767\n|switch|p1a: Gliscor|Gliscor, F|100\/100\n|move|p2a: Gliscor|Spikes|p1a: Gliscor\n|-sidestart|p1: ox04|Spikes\n|\n|-heal|p2a: Gliscor|100\/100 tox|[from] ability: Poison Heal\n|-status|p1a: Gliscor|tox|[from] item: Toxic Orb\n|upkeep\n|turn|5\n|\n|t:|1698421774\n|switch|p2a: Iron Bundle|Iron Bundle|100\/100\n|-activate|p2a: Iron Bundle|ability: Quark Drive\n|-start|p2a: Iron Bundle|quarkdrivespe\n|move|p1a: Gliscor|Taunt|p2a: Iron Bundle\n|-start|p2a: Iron Bundle|move: Taunt\n|\n|-fieldend|move: Electric Terrain\n|-end|p2a: Iron Bundle|Quark Drive\n|upkeep\n|turn|6\n|\n|t:|1698421781\n|switch|p1a: Arceus|Arceus-Fairy|97\/100\n|-damage|p1a: Arceus|84\/100|[from] Spikes\n|move|p2a: Iron Bundle|Freeze-Dry|p1a: Arceus\n|-damage|p1a: Arceus|63\/100\n|\n|upkeep\n|turn|7\n|\n|t:|1698421785\n|move|p2a: Iron Bundle|Flip Turn|p1a: Arceus\n|-damage|p1a: Arceus|55\/100\n|\n|t:|1698421798\n|-end|p2a: Iron Bundle|Quark Drive|[silent]\n|switch|p2a: Miraidon|Miraidon|100\/100|[from] Flip Turn\n|-fieldstart|move: Electric Terrain|[from] ability: Hadron Engine|[of] p2a: Miraidon\n|move|p1a: Arceus|Judgment|p2a: Miraidon\n|-supereffective|p2a: Miraidon\n|-damage|p2a: Miraidon|7\/100\n|\n|upkeep\n|turn|8\n|l| ult4cp staller\n|\n|t:|1698421806\n|switch|p1a: Corviknight|Corviknight, F, shiny|100\/100\n|-ability|p1a: Corviknight|Pressure\n|move|p2a: Miraidon|Electro Drift|p1a: Corviknight\n|-supereffective|p1a: Corviknight\n|-damage|p1a: Corviknight|0 fnt\n|-damage|p2a: Miraidon|0 fnt|[from] item: Rocky Helmet|[of] p1a: Corviknight\n|faint|p1a: Corviknight\n|faint|p2a: Miraidon\n|\n|upkeep\n|\n|t:|1698421822\n|switch|p2a: Koraidon|Koraidon|100\/100\n|switch|p1a: Gliscor|Gliscor, F|100\/100 tox\n|-damage|p2a: Koraidon|94\/100|[from] Stealth Rock\n|-weather|SunnyDay|[from] ability: Orichalcum Pulse|[of] p2a: Koraidon\n|-activate|p2a: Koraidon|Orichalcum Pulse|[source]\n|turn|9\n|j| ult4cp staller\n|\n|t:|1698421835\n|move|p2a: Koraidon|Flare Blitz|p1a: Gliscor\n|-damage|p1a: Gliscor|36\/100 tox\n|-damage|p2a: Koraidon|72\/100|[from] Recoil\n|move|p1a: Gliscor|Toxic|p2a: Koraidon\n|-status|p2a: Koraidon|tox\n|\n|-weather|SunnyDay|[upkeep]\n|-damage|p2a: Koraidon|66\/100 tox|[from] psn\n|-heal|p1a: Gliscor|49\/100 tox|[from] ability: Poison Heal\n|upkeep\n|turn|10\n|\n|t:|1698421840\n|switch|p2a: Iron Bundle|Iron Bundle|100\/100\n|-activate|p2a: Iron Bundle|ability: Quark Drive\n|-start|p2a: Iron Bundle|quarkdrivespe\n|move|p1a: Gliscor|Protect||[still]\n|-fail|p1a: Gliscor\n|\n|-weather|SunnyDay|[upkeep]\n|-heal|p1a: Gliscor|61\/100 tox|[from] ability: Poison Heal\n|upkeep\n|turn|11\n|\n|t:|1698421843\n|move|p1a: Gliscor|Protect|p1a: Gliscor\n|-singleturn|p1a: Gliscor|Protect\n|move|p2a: Iron Bundle|Freeze-Dry|p1a: Gliscor\n|-activate|p1a: Gliscor|move: Protect\n|\n|-weather|SunnyDay|[upkeep]\n|-heal|p1a: Gliscor|74\/100 tox|[from] ability: Poison Heal\n|-fieldend|move: Electric Terrain\n|-end|p2a: Iron Bundle|Quark Drive\n|upkeep\n|turn|12\n|\n|t:|1698421849\n|switch|p1a: Clodsire|Clodsire, F|93\/100\n|-damage|p1a: Clodsire|81\/100|[from] Spikes\n|move|p2a: Iron Bundle|Freeze-Dry|p1a: Clodsire\n|-supereffective|p1a: Clodsire\n|-damage|p1a: Clodsire|46\/100\n|\n|-weather|SunnyDay|[upkeep]\n|upkeep\n|turn|13\n|\n|t:|1698421862\n|-end|p2a: Iron Bundle|Quark Drive|[silent]\n|switch|p2a: Gliscor|Gliscor, M|100\/100 tox\n|-damage|p2a: Gliscor|88\/100 tox|[from] Stealth Rock\n|move|p1a: Clodsire|Recover|p1a: Clodsire\n|-heal|p1a: Clodsire|96\/100\n|\n|-weather|none\n|-heal|p2a: Gliscor|100\/100 tox|[from] ability: Poison Heal\n|upkeep\n|turn|14\n|\n|t:|1698421874\n|switch|p2a: Koraidon|Koraidon|66\/100 tox\n|-damage|p2a: Koraidon|60\/100 tox|[from] Stealth Rock\n|-weather|SunnyDay|[from] ability: Orichalcum Pulse|[of] p2a: Koraidon\n|-activate|p2a: Koraidon|Orichalcum Pulse|[source]\n|switch|p1a: Gliscor|Gliscor, F|74\/100 tox\n|\n|-weather|SunnyDay|[upkeep]\n|-damage|p2a: Koraidon|54\/100 tox|[from] psn\n|-heal|p1a: Gliscor|86\/100 tox|[from] ability: Poison Heal\n|upkeep\n|turn|15\n|\n|t:|1698421879\n|-terastallize|p2a: Koraidon|Fire\n|move|p1a: Gliscor|Protect|p1a: Gliscor\n|-singleturn|p1a: Gliscor|Protect\n|move|p2a: Koraidon|Flare Blitz|p1a: Gliscor\n|-activate|p1a: Gliscor|move: Protect\n|\n|-weather|SunnyDay|[upkeep]\n|-damage|p2a: Koraidon|42\/100 tox|[from] psn\n|-heal|p1a: Gliscor|99\/100 tox|[from] ability: Poison Heal\n|upkeep\n|turn|16\n|\n|t:|1698421906\n|switch|p2a: Arceus|Arceus-Fairy|100\/100\n|-damage|p2a: Arceus|88\/100|[from] Stealth Rock\n|switch|p1a: Kyogre|Kyogre|100\/100\n|-damage|p1a: Kyogre|88\/100|[from] Spikes\n|-weather|RainDance|[from] ability: Drizzle|[of] p1a: Kyogre\n|\n|-weather|RainDance|[upkeep]\n|-heal|p1a: Kyogre|94\/100|[from] item: Leftovers\n|upkeep\n|turn|17\n|\n|t:|1698421918\n|move|p2a: Arceus|Calm Mind|p2a: Arceus\n|-boost|p2a: Arceus|spa|1\n|-boost|p2a: Arceus|spd|1\n|move|p1a: Kyogre|Surf|p2a: Arceus\n|-damage|p2a: Arceus|59\/100\n|\n|-weather|RainDance|[upkeep]\n|-heal|p1a: Kyogre|100\/100|[from] item: Leftovers\n|upkeep\n|turn|18\n|\n|t:|1698421923\n|switch|p1a: Clodsire|Clodsire, F|96\/100\n|-damage|p1a: Clodsire|83\/100|[from] Spikes\n|move|p2a: Arceus|Earth Power|p1a: Clodsire\n|-supereffective|p1a: Clodsire\n|-damage|p1a: Clodsire|46\/100\n|-unboost|p1a: Clodsire|spd|1\n|\n|-weather|RainDance|[upkeep]\n|upkeep\n|turn|19\n|\n|t:|1698421928\n|switch|p1a: Gliscor|Gliscor, F|99\/100 tox\n|move|p2a: Arceus|Recover|p2a: Arceus\n|-heal|p2a: Arceus|100\/100\n|\n|-weather|RainDance|[upkeep]\n|-heal|p1a: Gliscor|100\/100 tox|[from] ability: Poison Heal\n|upkeep\n|turn|20\n|\n|t:|1698421931\n|move|p1a: Gliscor|Toxic|p2a: Arceus|[miss]\n|-miss|p1a: Gliscor|p2a: Arceus\n|move|p2a: Arceus|Judgment|p1a: Gliscor\n|-damage|p1a: Gliscor|14\/100 tox\n|\n|-weather|none\n|-heal|p1a: Gliscor|27\/100 tox|[from] ability: Poison Heal\n|upkeep\n|turn|21\n|\n|t:|1698421936\n|move|p1a: Gliscor|Toxic|p2a: Arceus\n|-status|p2a: Arceus|tox\n|move|p2a: Arceus|Judgment|p1a: Gliscor\n|-damage|p1a: Gliscor|0 fnt\n|faint|p1a: Gliscor\n|\n|-damage|p2a: Arceus|94\/100 tox|[from] psn\n|upkeep\n|\n|t:|1698421945\n|switch|p1a: Arceus|Arceus-Fairy|55\/100\n|-damage|p1a: Arceus|43\/100|[from] Spikes\n|turn|22\n|\n|t:|1698421948\n|move|p1a: Arceus|Recover|p1a: Arceus\n|-heal|p1a: Arceus|93\/100\n|move|p2a: Arceus|Judgment|p1a: Arceus\n|-damage|p1a: Arceus|41\/100\n|\n|-damage|p2a: Arceus|82\/100 tox|[from] psn\n|upkeep\n|turn|23\n|\n|t:|1698421959\n|switch|p2a: Gliscor|Gliscor, M|100\/100 tox\n|-damage|p2a: Gliscor|88\/100 tox|[from] Stealth Rock\n|move|p1a: Arceus|Recover|p1a: Arceus\n|-heal|p1a: Arceus|91\/100\n|\n|-heal|p2a: Gliscor|100\/100 tox|[from] ability: Poison Heal\n|upkeep\n|turn|24\n|inactive|ox04 has 120 seconds left.\n|\n|t:|1698422002\n|move|p1a: Arceus|Judgment|p2a: Gliscor\n|-damage|p2a: Gliscor|59\/100 tox\n|move|p2a: Gliscor|Toxic|p1a: Arceus\n|-status|p1a: Arceus|tox\n|\n|-damage|p1a: Arceus|85\/100 tox|[from] psn\n|-heal|p2a: Gliscor|71\/100 tox|[from] ability: Poison Heal\n|upkeep\n|turn|25\n|c|\u2606ox04|oh no\n|\n|t:|1698422010\n|move|p2a: Gliscor|Protect|p2a: Gliscor\n|-singleturn|p2a: Gliscor|Protect\n|move|p1a: Arceus|Judgment|p2a: Gliscor\n|-activate|p2a: Gliscor|move: Protect\n|\n|-damage|p1a: Arceus|73\/100 tox|[from] psn\n|-heal|p2a: Gliscor|84\/100 tox|[from] ability: Poison Heal\n|upkeep\n|turn|26\n|c|\u2606ox04|ban gliscor please\n|inactive|VGCLTE Don Bozo has 120 seconds left.\n|\n|t:|1698422040\n|move|p1a: Arceus|Judgment|p2a: Gliscor\n|-damage|p2a: Gliscor|43\/100 tox\n|move|p2a: Gliscor|Spikes|p1a: Arceus\n|-sidestart|p1: ox04|Spikes\n|\n|-damage|p1a: Arceus|55\/100 tox|[from] psn\n|-heal|p2a: Gliscor|55\/100 tox|[from] ability: Poison Heal\n|upkeep\n|turn|27\n|j| Makers Manhattan\n|\n|t:|1698422053\n|move|p2a: Gliscor|Protect|p2a: Gliscor\n|-singleturn|p2a: Gliscor|Protect\n|move|p1a: Arceus|Judgment|p2a: Gliscor\n|-activate|p2a: Gliscor|move: Protect\n|\n|-damage|p1a: Arceus|30\/100 tox|[from] psn\n|-heal|p2a: Gliscor|67\/100 tox|[from] ability: Poison Heal\n|upkeep\n|turn|28\n|\n|t:|1698422062\n|switch|p2a: Zamazenta|Zamazenta-Crowned|100\/100\n|-damage|p2a: Zamazenta|97\/100|[from] Stealth Rock\n|-ability|p2a: Zamazenta|Dauntless Shield|boost\n|-boost|p2a: Zamazenta|def|1\n|move|p1a: Arceus|Judgment|p2a: Zamazenta\n|-damage|p2a: Zamazenta|73\/100\n|\n|-damage|p1a: Arceus|0 fnt|[from] psn\n|faint|p1a: Arceus\n|upkeep\n|\n|t:|1698422070\n|switch|p1a: Miraidon|Miraidon|100\/100\n|-damage|p1a: Miraidon|84\/100|[from] Spikes\n|-fieldstart|move: Electric Terrain|[from] ability: Hadron Engine|[of] p1a: Miraidon\n|turn|29\n|\n|t:|1698422078\n|move|p1a: Miraidon|Overheat|p2a: Zamazenta\n|-supereffective|p2a: Zamazenta\n|-damage|p2a: Zamazenta|11\/100\n|-unboost|p1a: Miraidon|spa|2\n|move|p2a: Zamazenta|Body Press|p1a: Miraidon\n|-damage|p1a: Miraidon|30\/100\n|\n|upkeep\n|turn|30\n|\n|t:|1698422085\n|move|p1a: Miraidon|Overheat|p2a: Zamazenta\n|-supereffective|p2a: Zamazenta\n|-damage|p2a: Zamazenta|0 fnt\n|-unboost|p1a: Miraidon|spa|2\n|faint|p2a: Zamazenta\n|\n|upkeep\n|\n|t:|1698422106\n|switch|p2a: Arceus|Arceus-Fairy|82\/100 tox\n|-damage|p2a: Arceus|70\/100 tox|[from] Stealth Rock\n|turn|31\n|\n|t:|1698422122\n|switch|p1a: Clodsire|Clodsire, F|46\/100\n|-damage|p1a: Clodsire|30\/100|[from] Spikes\n|move|p2a: Arceus|Calm Mind|p2a: Arceus\n|-boost|p2a: Arceus|spa|1\n|-boost|p2a: Arceus|spd|1\n|\n|-damage|p2a: Arceus|63\/100 tox|[from] psn\n|upkeep\n|turn|32\n|\n|t:|1698422125\n|move|p2a: Arceus|Earth Power|p1a: Clodsire\n|-supereffective|p1a: Clodsire\n|-damage|p1a: Clodsire|0 fnt\n|faint|p1a: Clodsire\n|\n|-damage|p2a: Arceus|51\/100 tox|[from] psn\n|upkeep\n|\n|t:|1698422127\n|switch|p1a: Kyogre|Kyogre|100\/100\n|-damage|p1a: Kyogre|84\/100|[from] Spikes\n|-weather|RainDance|[from] ability: Drizzle|[of] p1a: Kyogre\n|turn|33\n|\n|t:|1698422133\n|move|p2a: Arceus|Judgment|p1a: Kyogre\n|-damage|p1a: Kyogre|37\/100\n|move|p1a: Kyogre|Calm Mind|p1a: Kyogre\n|-boost|p1a: Kyogre|spa|1\n|-boost|p1a: Kyogre|spd|1\n|\n|-weather|RainDance|[upkeep]\n|-heal|p1a: Kyogre|43\/100|[from] item: Leftovers\n|-damage|p2a: Arceus|33\/100 tox|[from] psn\n|-fieldend|move: Electric Terrain\n|upkeep\n|turn|34\n|\n|t:|1698422137\n|move|p2a: Arceus|Judgment|p1a: Kyogre\n|-damage|p1a: Kyogre|13\/100\n|move|p1a: Kyogre|Surf|p2a: Arceus\n|-damage|p2a: Arceus|0 fnt\n|faint|p2a: Arceus\n|\n|-weather|RainDance|[upkeep]\n|-heal|p1a: Kyogre|19\/100|[from] item: Leftovers\n|upkeep\n|c|\u2606ox04|ah dang\n|c|\u2606ox04|messed up\n|\n|t:|1698422141\n|switch|p2a: Koraidon|Koraidon, tera:Fire|42\/100 tox\n|-damage|p2a: Koraidon|17\/100 tox|[from] Stealth Rock\n|-weather|SunnyDay|[from] ability: Orichalcum Pulse|[of] p2a: Koraidon\n|-activate|p2a: Koraidon|Orichalcum Pulse|[source]\n|turn|35\n|\n|t:|1698422147\n|move|p2a: Koraidon|Flare Blitz|p1a: Kyogre\n|-resisted|p1a: Kyogre\n|-damage|p1a: Kyogre|0 fnt\n|faint|p1a: Kyogre\n|-damage|p2a: Koraidon|9\/100 tox|[from] Recoil\n|\n|-weather|SunnyDay|[upkeep]\n|-damage|p2a: Koraidon|3\/100 tox|[from] psn\n|upkeep\n|\n|t:|1698422148\n|switch|p1a: Miraidon|Miraidon|30\/100\n|-damage|p1a: Miraidon|14\/100|[from] Spikes\n|-fieldstart|move: Electric Terrain|[from] ability: Hadron Engine|[of] p1a: Miraidon\n|turn|36\n|c|\u2606ox04|gg\n|\n|t:|1698422150\n|move|p1a: Miraidon|Draco Meteor|p2a: Koraidon\n|-damage|p2a: Koraidon|0 fnt\n|-unboost|p1a: Miraidon|spa|2\n|faint|p2a: Koraidon\n|\n|-weather|SunnyDay|[upkeep]\n|upkeep\n|c|\u2606VGCLTE Don Bozo|gg\n|\n|t:|1698422155\n|switch|p2a: Iron Bundle|Iron Bundle|100\/100\n|-activate|p2a: Iron Bundle|ability: Quark Drive\n|-start|p2a: Iron Bundle|quarkdrivespe\n|turn|37\n|\n|t:|1698422157\n|move|p2a: Iron Bundle|Freeze-Dry|p1a: Miraidon\n|-supereffective|p1a: Miraidon\n|-damage|p1a: Miraidon|0 fnt\n|faint|p1a: Miraidon\n|\n|win|VGCLTE Don Bozo\n|n|\u2606ox04|ox04\n|n|\u2606VGCLTE Don Bozo|vgcltedonbozo\n|n| ult4cp staller|ult4cpstaller\n|n| Makers Manhattan|makersmanhattan\n|l|\u2606ox04\n|l|\u2606VGCLTE Don Bozo\n|l| Makers Manhattan\n|j|\u2606ox04\n|player|p1|ox04|hugh\n","uploadtime":1698422158,"views":30,"p1id":"ox04","p2id":"vgcltedonbozo","formatid":"gen9ubers","rating":0,"private":0,"password":""}