{"id":"gen9ubers-1975066434","p1":"JAW333","p2":"thegaurdian05","format":"[Gen 9] Ubers","log":"|j|\u2606JAW333\n|j|\u2606thegaurdian05\n|t:|1698159268\n|gametype|singles\n|player|p1|JAW333|lucas|1353\n|player|p2|thegaurdian05|brycen|1416\n|teamsize|p1|6\n|teamsize|p2|6\n|gen|9\n|tier|[Gen 9] Ubers\n|rated|\n|rule|Sleep Clause Mod: Limit one foe put to sleep\n|rule|Species Clause: Limit one of each Pok\u00e9mon\n|rule|OHKO Clause: OHKO moves are banned\n|rule|Evasion Items Clause: Evasion items are banned\n|rule|Evasion Moves Clause: Evasion moves are banned\n|rule|Endless Battle Clause: Forcing endless battles is banned\n|rule|HP Percentage Mod: HP is shown in percentages\n|clearpoke\n|poke|p1|Ogerpon-Hearthflame, F|\n|poke|p1|Koraidon|\n|poke|p1|Flutter Mane|\n|poke|p1|Torkoal, M|\n|poke|p1|Walking Wake|\n|poke|p1|Great Tusk|\n|poke|p2|Ting-Lu|\n|poke|p2|Skeledirge, F|\n|poke|p2|Miraidon|\n|poke|p2|Koraidon|\n|poke|p2|Arceus-Fairy|\n|poke|p2|Zacian-*|\n|teampreview\n|inactive|Battle timer is ON: inactive players will automatically lose when time's up. (requested by JAW333)\n|\n|t:|1698159321\n|start\n|switch|p1a: Torkoal|Torkoal, M|100\/100\n|switch|p2a: Miraidon|Miraidon|100\/100\n|-fieldstart|move: Electric Terrain|[from] ability: Hadron Engine|[of] p2a: Miraidon\n|-weather|SunnyDay|[from] ability: Drought|[of] p1a: Torkoal\n|turn|1\n|\n|t:|1698159334\n|switch|p1a: Great Tusk|Great Tusk|100\/100\n|-activate|p1a: Great Tusk|ability: Protosynthesis\n|-start|p1a: Great Tusk|protosynthesisatk\n|move|p2a: Miraidon|Electro Drift|p1a: Great Tusk\n|-immune|p1a: Great Tusk\n|\n|-weather|SunnyDay|[upkeep]\n|upkeep\n|turn|2\n|\n|t:|1698159344\n|switch|p2a: Arceus|Arceus-Fairy|100\/100\n|move|p1a: Great Tusk|Headlong Rush|p2a: Arceus\n|-damage|p2a: Arceus|39\/100\n|-unboost|p1a: Great Tusk|def|1\n|-unboost|p1a: Great Tusk|spd|1\n|\n|-weather|SunnyDay|[upkeep]\n|upkeep\n|turn|3\n|\n|t:|1698159354\n|-end|p1a: Great Tusk|Protosynthesis|[silent]\n|switch|p1a: Ogerpon|Ogerpon-Hearthflame, F|100\/100\n|-ability|p1a: Ogerpon|Mold Breaker\n|move|p2a: Arceus|Recover|p2a: Arceus\n|-heal|p2a: Arceus|89\/100\n|\n|-weather|SunnyDay|[upkeep]\n|upkeep\n|turn|4\n|\n|t:|1698159361\n|switch|p2a: Skeledirge|Skeledirge, F|100\/100\n|move|p1a: Ogerpon|Ivy Cudgel|p2a: Skeledirge\n|-resisted|p2a: Skeledirge\n|-damage|p2a: Skeledirge|63\/100\n|\n|-weather|SunnyDay|[upkeep]\n|upkeep\n|turn|5\n|\n|t:|1698159367\n|move|p1a: Ogerpon|Knock Off|p2a: Skeledirge\n|-supereffective|p2a: Skeledirge\n|-damage|p2a: Skeledirge|3\/100\n|-enditem|p2a: Skeledirge|Heavy-Duty Boots|[from] move: Knock Off|[of] p1a: Ogerpon\n|move|p2a: Skeledirge|Slack Off|p2a: Skeledirge\n|-heal|p2a: Skeledirge|53\/100\n|\n|-weather|SunnyDay|[upkeep]\n|-fieldend|move: Electric Terrain\n|upkeep\n|turn|6\n|\n|t:|1698159374\n|move|p1a: Ogerpon|U-turn|p2a: Skeledirge\n|-resisted|p2a: Skeledirge\n|-damage|p2a: Skeledirge|47\/100\n|\n|t:|1698159379\n|switch|p1a: Walking Wake|Walking Wake|100\/100|[from] U-turn\n|-activate|p1a: Walking Wake|ability: Protosynthesis\n|-start|p1a: Walking Wake|protosynthesisspe\n|move|p2a: Skeledirge|Slack Off|p2a: Skeledirge\n|-heal|p2a: Skeledirge|98\/100\n|\n|-weather|SunnyDay|[upkeep]\n|upkeep\n|turn|7\n|\n|t:|1698159388\n|switch|p2a: Miraidon|Miraidon|100\/100\n|-fieldstart|move: Electric Terrain|[from] ability: Hadron Engine|[of] p2a: Miraidon\n|move|p1a: Walking Wake|Hydro Steam|p2a: Miraidon\n|-resisted|p2a: Miraidon\n|-damage|p2a: Miraidon|60\/100\n|\n|-weather|SunnyDay|[upkeep]\n|upkeep\n|turn|8\n|\n|t:|1698159399\n|-end|p1a: Walking Wake|Protosynthesis|[silent]\n|switch|p1a: Flutter Mane|Flutter Mane|100\/100\n|-activate|p1a: Flutter Mane|ability: Protosynthesis\n|-start|p1a: Flutter Mane|protosynthesisspe\n|move|p2a: Miraidon|Draco Meteor|p1a: Flutter Mane\n|-immune|p1a: Flutter Mane\n|\n|-weather|none\n|-end|p1a: Flutter Mane|Protosynthesis\n|upkeep\n|turn|9\n|\n|t:|1698159409\n|switch|p2a: Ting-Lu|Ting-Lu|100\/100\n|-ability|p2a: Ting-Lu|Vessel of Ruin\n|move|p1a: Flutter Mane|Moonblast|p2a: Ting-Lu\n|-supereffective|p2a: Ting-Lu\n|-damage|p2a: Ting-Lu|25\/100\n|-unboost|p2a: Ting-Lu|spa|1\n|-damage|p1a: Flutter Mane|91\/100|[from] item: Life Orb\n|\n|-heal|p2a: Ting-Lu|31\/100|[from] item: Leftovers\n|upkeep\n|turn|10\n|\n|t:|1698159420\n|-end|p1a: Flutter Mane|Protosynthesis|[silent]\n|switch|p1a: Torkoal|Torkoal, M|100\/100\n|-weather|SunnyDay|[from] ability: Drought|[of] p1a: Torkoal\n|move|p2a: Ting-Lu|Earthquake|p1a: Torkoal\n|-supereffective|p1a: Torkoal\n|-damage|p1a: Torkoal|60\/100\n|\n|-weather|SunnyDay|[upkeep]\n|-heal|p2a: Ting-Lu|37\/100|[from] item: Leftovers\n|upkeep\n|turn|11\n|\n|t:|1698159444\n|move|p2a: Ting-Lu|Earthquake|p1a: Torkoal\n|-supereffective|p1a: Torkoal\n|-damage|p1a: Torkoal|16\/100\n|move|p1a: Torkoal|Stealth Rock|p2a: Ting-Lu\n|-sidestart|p2: thegaurdian05|move: Stealth Rock\n|\n|-weather|SunnyDay|[upkeep]\n|-heal|p2a: Ting-Lu|43\/100|[from] item: Leftovers\n|-fieldend|move: Electric Terrain\n|upkeep\n|turn|12\n|\n|t:|1698159453\n|switch|p1a: Walking Wake|Walking Wake|100\/100\n|-activate|p1a: Walking Wake|ability: Protosynthesis\n|-start|p1a: Walking Wake|protosynthesisspe\n|move|p2a: Ting-Lu|Earthquake|p1a: Walking Wake\n|-damage|p1a: Walking Wake|62\/100\n|\n|-weather|SunnyDay|[upkeep]\n|-heal|p2a: Ting-Lu|50\/100|[from] item: Leftovers\n|upkeep\n|turn|13\n|\n|t:|1698159462\n|move|p1a: Walking Wake|Dragon Pulse|p2a: Ting-Lu\n|-damage|p2a: Ting-Lu|8\/100\n|move|p2a: Ting-Lu|Earthquake|p1a: Walking Wake\n|-damage|p1a: Walking Wake|24\/100\n|\n|-weather|SunnyDay|[upkeep]\n|-heal|p2a: Ting-Lu|15\/100|[from] item: Leftovers\n|upkeep\n|turn|14\n|\n|t:|1698159469\n|move|p1a: Walking Wake|Dragon Pulse|p2a: Ting-Lu\n|-damage|p2a: Ting-Lu|0 fnt\n|faint|p2a: Ting-Lu\n|\n|-weather|SunnyDay|[upkeep]\n|upkeep\n|\n|t:|1698159473\n|switch|p2a: Arceus|Arceus-Fairy|89\/100\n|-damage|p2a: Arceus|76\/100|[from] Stealth Rock\n|turn|15\n|\n|t:|1698159478\n|-end|p1a: Walking Wake|Protosynthesis|[silent]\n|switch|p1a: Torkoal|Torkoal, M|16\/100\n|move|p2a: Arceus|Judgment|p1a: Torkoal\n|-resisted|p1a: Torkoal\n|-damage|p1a: Torkoal|0 fnt\n|faint|p1a: Torkoal\n|\n|-weather|SunnyDay|[upkeep]\n|upkeep\n|\n|t:|1698159486\n|switch|p1a: Ogerpon|Ogerpon-Hearthflame, F|100\/100\n|-ability|p1a: Ogerpon|Mold Breaker\n|turn|16\n|\n|t:|1698159492\n|switch|p2a: Skeledirge|Skeledirge, F|98\/100\n|-damage|p2a: Skeledirge|73\/100|[from] Stealth Rock\n|move|p1a: Ogerpon|Ivy Cudgel|p2a: Skeledirge\n|-resisted|p2a: Skeledirge\n|-damage|p2a: Skeledirge|38\/100\n|\n|-weather|SunnyDay|[upkeep]\n|upkeep\n|turn|17\n|\n|t:|1698159499\n|move|p1a: Ogerpon|Knock Off|p2a: Skeledirge\n|-supereffective|p2a: Skeledirge\n|-damage|p2a: Skeledirge|0 fnt\n|faint|p2a: Skeledirge\n|\n|-weather|none\n|upkeep\n|\n|t:|1698159505\n|switch|p2a: Koraidon|Koraidon|100\/100\n|-damage|p2a: Koraidon|94\/100|[from] Stealth Rock\n|-weather|SunnyDay|[from] ability: Orichalcum Pulse|[of] p2a: Koraidon\n|-activate|p2a: Koraidon|Orichalcum Pulse|[source]\n|turn|18\n|\n|t:|1698159519\n|switch|p1a: Flutter Mane|Flutter Mane|91\/100\n|-activate|p1a: Flutter Mane|ability: Protosynthesis\n|-start|p1a: Flutter Mane|protosynthesisspe\n|move|p2a: Koraidon|Flame Charge|p1a: Flutter Mane\n|-damage|p1a: Flutter Mane|0 fnt\n|-boost|p2a: Koraidon|spe|1\n|faint|p1a: Flutter Mane\n|-end|p1a: Flutter Mane|Protosynthesis|[silent]\n|-damage|p2a: Koraidon|84\/100|[from] item: Life Orb\n|\n|-weather|SunnyDay|[upkeep]\n|upkeep\n|\n|t:|1698159530\n|switch|p1a: Great Tusk|Great Tusk|100\/100\n|-activate|p1a: Great Tusk|ability: Protosynthesis\n|-start|p1a: Great Tusk|protosynthesisatk\n|turn|19\n|\n|t:|1698159537\n|move|p2a: Koraidon|Swords Dance|p2a: Koraidon\n|-boost|p2a: Koraidon|atk|2\n|move|p1a: Great Tusk|Ice Spinner|p2a: Koraidon\n|-supereffective|p2a: Koraidon\n|-damage|p2a: Koraidon|16\/100\n|\n|-weather|SunnyDay|[upkeep]\n|upkeep\n|turn|20\n|\n|t:|1698159543\n|move|p2a: Koraidon|Collision Course|p1a: Great Tusk\n|-damage|p1a: Great Tusk|0 fnt\n|faint|p1a: Great Tusk\n|-end|p1a: Great Tusk|Protosynthesis|[silent]\n|-damage|p2a: Koraidon|6\/100|[from] item: Life Orb\n|\n|-weather|SunnyDay|[upkeep]\n|upkeep\n|\n|t:|1698159562\n|switch|p1a: Ogerpon|Ogerpon-Hearthflame, F|100\/100\n|-ability|p1a: Ogerpon|Mold Breaker\n|turn|21\n|j| Funni gen 3 boi\n|c| Funni gen 3 boi|I see the stall mons have died I'm getting to the interesting part\n|inactive|thegaurdian05 has 120 seconds left.\n|c| Funni gen 3 boi|Maybe except the arceus\n|inactive|thegaurdian05 has 90 seconds left.\n|\n|t:|1698159624\n|move|p2a: Koraidon|Collision Course|p1a: Ogerpon\n|-damage|p1a: Ogerpon|0 fnt\n|faint|p1a: Ogerpon\n|-damage|p2a: Koraidon|0 fnt|[from] item: Life Orb\n|faint|p2a: Koraidon\n|\n|-weather|SunnyDay|[upkeep]\n|upkeep\n|inactive|thegaurdian05 has 90 seconds left.\n|c|\u2606thegaurdian05|maybe\n|\n|t:|1698159638\n|switch|p2a: Miraidon|Miraidon|60\/100\n|switch|p1a: Walking Wake|Walking Wake|24\/100\n|-damage|p2a: Miraidon|48\/100|[from] Stealth Rock\n|-fieldstart|move: Electric Terrain|[from] ability: Hadron Engine|[of] p2a: Miraidon\n|-activate|p1a: Walking Wake|ability: Protosynthesis\n|-start|p1a: Walking Wake|protosynthesisspe\n|turn|22\n|\n|t:|1698159646\n|move|p2a: Miraidon|Draco Meteor|p1a: Walking Wake\n|-supereffective|p1a: Walking Wake\n|-damage|p1a: Walking Wake|0 fnt\n|-unboost|p2a: Miraidon|spa|2\n|faint|p1a: Walking Wake\n|-end|p1a: Walking Wake|Protosynthesis|[silent]\n|\n|-weather|none\n|upkeep\n|c|\u2606thegaurdian05|but scarf puts in work\n|\n|t:|1698159652\n|switch|p1a: Koraidon|Koraidon|100\/100\n|-weather|SunnyDay|[from] ability: Orichalcum Pulse|[of] p1a: Koraidon\n|-activate|p1a: Koraidon|Orichalcum Pulse|[source]\n|turn|23\n|c| Funni gen 3 boi|Oh I was too late\n|c| Funni gen 3 boi|Well gg yall\n|\n|t:|1698159659\n|-terastallize|p2a: Miraidon|Fairy\n|-terastallize|p1a: Koraidon|Steel\n|move|p2a: Miraidon|Draco Meteor|p1a: Koraidon\n|-resisted|p1a: Koraidon\n|-damage|p1a: Koraidon|76\/100\n|-unboost|p2a: Miraidon|spa|2\n|move|p1a: Koraidon|Collision Course|p2a: Miraidon\n|-resisted|p2a: Miraidon\n|-damage|p2a: Miraidon|9\/100\n|\n|-weather|SunnyDay|[upkeep]\n|upkeep\n|turn|24\n|c|\u2606thegaurdian05|gg\n|c|\u2606thegaurdian05|perhaps\n|\n|t:|1698159670\n|switch|p2a: Zacian|Zacian-Crowned|100\/100\n|-damage|p2a: Zacian|94\/100|[from] Stealth Rock\n|-ability|p2a: Zacian|Intrepid Sword|boost\n|-boost|p2a: Zacian|atk|1\n|move|p1a: Koraidon|Iron Head|p2a: Zacian\n|-crit|p2a: Zacian\n|-damage|p2a: Zacian|20\/100\n|\n|-weather|SunnyDay|[upkeep]\n|upkeep\n|turn|25\n|\n|t:|1698159679\n|move|p2a: Zacian|Play Rough|p1a: Koraidon\n|-resisted|p1a: Koraidon\n|-damage|p1a: Koraidon|42\/100\n|move|p1a: Koraidon|Iron Head|p2a: Zacian\n|-crit|p2a: Zacian\n|-damage|p2a: Zacian|0 fnt\n|faint|p2a: Zacian\n|\n|-weather|SunnyDay|[upkeep]\n|upkeep\n|\n|t:|1698159682\n|switch|p2a: Miraidon|Miraidon, tera:Fairy|9\/100\n|-damage|p2a: Miraidon|0 fnt|[from] Stealth Rock\n|faint|p2a: Miraidon\n|\n|t:|1698159684\n|switch|p2a: Arceus|Arceus-Fairy|76\/100\n|-damage|p2a: Arceus|64\/100|[from] Stealth Rock\n|turn|26\n|c| Funni gen 3 boi|No way you might win this\n|c|\u2606thegaurdian05|nice tera\n|c|\u2606JAW333|thanks\n|c| Funni gen 3 boi|DAMN YOU WIN WITH IRON\n|c|\u2606thegaurdian05|nah u win\n|c| Funni gen 3 boi|No way he faster JAW\n|\n|t:|1698159709\n|move|p1a: Koraidon|Iron Head|p2a: Arceus\n|-supereffective|p2a: Arceus\n|-crit|p2a: Arceus\n|-damage|p2a: Arceus|0 fnt\n|faint|p2a: Arceus\n|\n|win|JAW333\n|raw|JAW333's rating: 1353 &rarr; <strong>1377<\/strong><br \/>(+24 for winning)\n|raw|thegaurdian05's rating: 1416 &rarr; <strong>1392<\/strong><br \/>(-24 for losing)\n|c|\u2606JAW333|gg\n|c|\u2606thegaurdian05|gg\n|c| Funni gen 3 boi|That was one hell of a UNO reverse\n|l|\u2606thegaurdian05\n|c| Funni gen 3 boi|damn good game\n|c|\u2606JAW333|i try\n|l|\u2606JAW333\n","uploadtime":1698159721,"views":10,"p1id":"jaw333","p2id":"thegaurdian05","formatid":"gen9ubers","rating":1377,"private":0,"password":""}