{"id":"gen9ubers-1983468191","p1":"HinaKagiyama1","p2":"ttkilla","format":"[Gen 9] Ubers","log":"|j|\u2606HinaKagiyama1\n|j|\u2606ttkilla\n|t:|1699133316\n|gametype|singles\n|player|p1|HinaKagiyama1|2|\n|player|p2|ttkilla|cameraman|\n|teamsize|p1|6\n|teamsize|p2|6\n|gen|9\n|tier|[Gen 9] Ubers\n|rule|Sleep Clause Mod: Limit one foe put to sleep\n|rule|Species Clause: Limit one of each Pok\u00e9mon\n|rule|OHKO Clause: OHKO moves are banned\n|rule|Evasion Items Clause: Evasion items are banned\n|rule|Evasion Moves Clause: Evasion moves are banned\n|rule|Endless Battle Clause: Forcing endless battles is banned\n|rule|HP Percentage Mod: HP is shown in percentages\n|clearpoke\n|poke|p1|Tyranitar, M|\n|poke|p1|Arceus-Rock|\n|poke|p1|Garchomp, M|\n|poke|p1|Donphan, M|\n|poke|p1|Magearna|\n|poke|p1|Houndstone, M|\n|poke|p2|Zacian-*|\n|poke|p2|Chi-Yu|\n|poke|p2|Cyclizar, M|\n|poke|p2|Arceus-Ghost|\n|poke|p2|Baxcalibur, F|\n|poke|p2|Ogerpon-Wellspring, F|\n|teampreview\n|c|\u2606ttkilla|round 2\n|c|\u2606HinaKagiyama1|Lets dew dis\n|\n|t:|1699133331\n|start\n|switch|p1a: Uwu orb|Magearna|100\/100\n|switch|p2a: Chi-Yu|Chi-Yu|100\/100\n|-ability|p2a: Chi-Yu|Beads of Ruin\n|turn|1\n|\n|t:|1699133356\n|switch|p1a: DREAM ON|Tyranitar, M|100\/100\n|-weather|Sandstorm|[from] ability: Sand Stream|[of] p1a: DREAM ON\n|move|p2a: Chi-Yu|Overheat|p1a: DREAM ON|[miss]\n|-miss|p2a: Chi-Yu|p1a: DREAM ON\n|\n|-weather|Sandstorm|[upkeep]\n|-damage|p2a: Chi-Yu|95\/100|[from] Sandstorm\n|upkeep\n|turn|2\n|\n|t:|1699133365\n|switch|p2a: Zacian|Zacian|100\/100\n|-ability|p2a: Zacian|Intrepid Sword|boost\n|-boost|p2a: Zacian|atk|1\n|move|p1a: DREAM ON|Stealth Rock|p2a: Zacian\n|-sidestart|p2: ttkilla|move: Stealth Rock\n|\n|-weather|Sandstorm|[upkeep]\n|-damage|p2a: Zacian|94\/100|[from] Sandstorm\n|-heal|p2a: Zacian|100\/100|[from] item: Leftovers\n|upkeep\n|turn|3\n|\n|t:|1699133378\n|move|p2a: Zacian|Swords Dance|p2a: Zacian\n|-boost|p2a: Zacian|atk|2\n|move|p1a: DREAM ON|Thunder Wave|p2a: Zacian\n|-status|p2a: Zacian|par\n|\n|-weather|Sandstorm|[upkeep]\n|-damage|p2a: Zacian|94\/100 par|[from] Sandstorm\n|-heal|p2a: Zacian|100\/100 par|[from] item: Leftovers\n|upkeep\n|turn|4\n|c|\u2606HinaKagiyama1|Nah\n|\n|t:|1699133385\n|switch|p1a: Uwu orb|Magearna|100\/100\n|move|p2a: Zacian|Play Rough|p1a: Uwu orb\n|-resisted|p1a: Uwu orb\n|-damage|p1a: Uwu orb|53\/100\n|\n|-weather|Sandstorm|[upkeep]\n|-damage|p2a: Zacian|94\/100 par|[from] Sandstorm\n|-heal|p2a: Zacian|100\/100 par|[from] item: Leftovers\n|-heal|p1a: Uwu orb|59\/100|[from] item: Leftovers\n|upkeep\n|turn|5\n|\n|t:|1699133391\n|-terastallize|p2a: Zacian|Steel\n|move|p2a: Zacian|Iron Head|p1a: Uwu orb\n|-damage|p1a: Uwu orb|0 fnt\n|faint|p1a: Uwu orb\n|\n|-weather|Sandstorm|[upkeep]\n|upkeep\n|\n|t:|1699133397\n|switch|p1a: Cynthia DREAM ON|Garchomp, M|100\/100\n|turn|6\n|\n|t:|1699133405\n|-terastallize|p1a: Cynthia DREAM ON|Steel\n|move|p1a: Cynthia DREAM ON|Earthquake|p2a: Zacian\n|-supereffective|p2a: Zacian\n|-damage|p2a: Zacian|8\/100 par\n|move|p2a: Zacian|Play Rough|p1a: Cynthia DREAM ON|[miss]\n|-miss|p2a: Zacian|p1a: Cynthia DREAM ON\n|\n|-weather|Sandstorm|[upkeep]\n|-heal|p2a: Zacian|14\/100 par|[from] item: Leftovers\n|upkeep\n|turn|7\n|\n|t:|1699133410\n|move|p1a: Cynthia DREAM ON|Swords Dance|p1a: Cynthia DREAM ON\n|-boost|p1a: Cynthia DREAM ON|atk|2\n|move|p2a: Zacian|Play Rough|p1a: Cynthia DREAM ON\n|-resisted|p1a: Cynthia DREAM ON\n|-damage|p1a: Cynthia DREAM ON|42\/100\n|\n|-weather|Sandstorm|[upkeep]\n|-heal|p2a: Zacian|20\/100 par|[from] item: Leftovers\n|upkeep\n|turn|8\n|\n|t:|1699133416\n|move|p1a: Cynthia DREAM ON|Scale Shot|p2a: Zacian\n|-resisted|p2a: Zacian\n|-damage|p2a: Zacian|9\/100 par\n|-resisted|p2a: Zacian\n|-damage|p2a: Zacian|0 fnt\n|faint|p2a: Zacian\n|-hitcount|p2: Zacian|2\n|-unboost|p1a: Cynthia DREAM ON|def|1\n|-boost|p1a: Cynthia DREAM ON|spe|1\n|\n|-weather|none\n|upkeep\n|\n|t:|1699133419\n|switch|p2a: Ogerpon|Ogerpon-Wellspring, F|100\/100\n|-damage|p2a: Ogerpon|88\/100|[from] Stealth Rock\n|turn|9\n|\n|t:|1699133430\n|move|p1a: Cynthia DREAM ON|Scale Shot|p2a: Ogerpon\n|-damage|p2a: Ogerpon|52\/100\n|-damage|p2a: Ogerpon|21\/100\n|-damage|p2a: Ogerpon|0 fnt\n|faint|p2a: Ogerpon\n|-hitcount|p2: Ogerpon|3\n|-unboost|p1a: Cynthia DREAM ON|def|1\n|-boost|p1a: Cynthia DREAM ON|spe|1\n|\n|upkeep\n|\n|t:|1699133437\n|switch|p2a: Arceus|Arceus-Ghost|100\/100\n|-damage|p2a: Arceus|88\/100|[from] Stealth Rock\n|turn|10\n|\n|t:|1699133453\n|move|p1a: Cynthia DREAM ON|Scale Shot|p2a: Arceus\n|-damage|p2a: Arceus|72\/100\n|-damage|p2a: Arceus|56\/100\n|-damage|p2a: Arceus|37\/100\n|-damage|p2a: Arceus|19\/100\n|-damage|p2a: Arceus|0 fnt\n|faint|p2a: Arceus\n|-hitcount|p2: Arceus|5\n|-unboost|p1a: Cynthia DREAM ON|def|1\n|-boost|p1a: Cynthia DREAM ON|spe|1\n|\n|upkeep\n|\n|t:|1699133466\n|switch|p2a: Chi-Yu|Chi-Yu|95\/100\n|-ability|p2a: Chi-Yu|Beads of Ruin\n|turn|11\n|\n|t:|1699133477\n|move|p1a: Cynthia DREAM ON|Earthquake|p2a: Chi-Yu\n|-supereffective|p2a: Chi-Yu\n|-damage|p2a: Chi-Yu|0 fnt\n|faint|p2a: Chi-Yu\n|\n|upkeep\n|\n|t:|1699133479\n|switch|p2a: Baxcalibur|Baxcalibur, F|100\/100\n|turn|12\n|\n|t:|1699133482\n|move|p1a: Cynthia DREAM ON|Scale Shot|p2a: Baxcalibur|[miss]\n|-miss|p1a: Cynthia DREAM ON|p2a: Baxcalibur\n|move|p2a: Baxcalibur|Scale Shot|p1a: Cynthia DREAM ON\n|-resisted|p1a: Cynthia DREAM ON\n|-damage|p1a: Cynthia DREAM ON|23\/100\n|-resisted|p1a: Cynthia DREAM ON\n|-damage|p1a: Cynthia DREAM ON|6\/100\n|-hitcount|p1a: Cynthia DREAM ON|2\n|-unboost|p2a: Baxcalibur|def|1\n|-boost|p2a: Baxcalibur|spe|1\n|\n|upkeep\n|turn|13\n|c|\u2606HinaKagiyama1|:D\n|c|\u2606HinaKagiyama1|how\n|c|\u2606ttkilla|:(\n|\n|t:|1699133492\n|move|p1a: Cynthia DREAM ON|Scale Shot|p2a: Baxcalibur|[miss]\n|-miss|p1a: Cynthia DREAM ON|p2a: Baxcalibur\n|move|p2a: Baxcalibur|Scale Shot|p1a: Cynthia DREAM ON\n|-resisted|p1a: Cynthia DREAM ON\n|-damage|p1a: Cynthia DREAM ON|0 fnt\n|faint|p1a: Cynthia DREAM ON\n|-hitcount|p1: Cynthia DREAM ON|1\n|-unboost|p2a: Baxcalibur|def|1\n|-boost|p2a: Baxcalibur|spe|1\n|\n|upkeep\n|c|\u2606ttkilla|yooo\n|c|\u2606HinaKagiyama1|Well\n|\n|t:|1699133498\n|switch|p1a: Donphozo|Donphan, M|100\/100\n|turn|14\n|\n|t:|1699133503\n|switch|p2a: Cyclizar|Cyclizar, M|100\/100\n|move|p1a: Donphozo|Earthquake|p2a: Cyclizar\n|-damage|p2a: Cyclizar|17\/100\n|\n|upkeep\n|turn|15\n|\n|t:|1699133521\n|move|p1a: Donphozo|Ice Shard|p2a: Cyclizar\n|-supereffective|p2a: Cyclizar\n|-damage|p2a: Cyclizar|0 fnt\n|faint|p2a: Cyclizar\n|\n|upkeep\n|\n|t:|1699133523\n|switch|p2a: Baxcalibur|Baxcalibur, F|100\/100\n|turn|16\n|\n|t:|1699133526\n|move|p2a: Baxcalibur|Swords Dance|p2a: Baxcalibur\n|-boost|p2a: Baxcalibur|atk|2\n|move|p1a: Donphozo|Knock Off|p2a: Baxcalibur\n|-crit|p2a: Baxcalibur\n|-damage|p2a: Baxcalibur|53\/100\n|-enditem|p2a: Baxcalibur|Heavy-Duty Boots|[from] move: Knock Off|[of] p1a: Donphozo\n|\n|upkeep\n|turn|17\n|\n|t:|1699133529\n|move|p2a: Baxcalibur|Scale Shot|p1a: Donphozo\n|-damage|p1a: Donphozo|80\/100\n|-damage|p1a: Donphozo|59\/100\n|-damage|p1a: Donphozo|38\/100\n|-damage|p1a: Donphozo|15\/100\n|-damage|p1a: Donphozo|0 fnt\n|faint|p1a: Donphozo\n|-hitcount|p1: Donphozo|5\n|-unboost|p2a: Baxcalibur|def|1\n|-boost|p2a: Baxcalibur|spe|1\n|\n|upkeep\n|\n|t:|1699133532\n|switch|p1a: DREAM ON|Tyranitar, M|100\/100\n|-weather|Sandstorm|[from] ability: Sand Stream|[of] p1a: DREAM ON\n|turn|18\n|\n|t:|1699133536\n|move|p2a: Baxcalibur|Iron Head|p1a: DREAM ON\n|-supereffective|p1a: DREAM ON\n|-damage|p1a: DREAM ON|4\/100\n|move|p1a: DREAM ON|Stone Edge|p2a: Baxcalibur\n|-supereffective|p2a: Baxcalibur\n|-crit|p2a: Baxcalibur\n|-damage|p2a: Baxcalibur|0 fnt\n|faint|p2a: Baxcalibur\n|\n|win|HinaKagiyama1\n|l|\u2606ttkilla\n|l|\u2606HinaKagiyama1\n|j|\u2606ttkilla\n|player|p2|ttkilla|cameraman\n","uploadtime":1699134041,"views":13,"p1id":"hinakagiyama1","p2id":"ttkilla","formatid":"gen9ubers","rating":0,"private":0,"password":""}