{"id":"gen9ubers-1983970223","p1":"wyvernl0rd","p2":"Leo Justice","format":"[Gen 9] Ubers","log":"|j|\u2606wyvernl0rd\n|j|\u2606Leo Justice\n|t:|1699205365\n|gametype|singles\n|player|p1|wyvernl0rd|winona|\n|player|p2|Leo Justice|carmine|\n|teamsize|p1|6\n|teamsize|p2|6\n|gen|9\n|tier|[Gen 9] Ubers\n|rule|Sleep Clause Mod: Limit one foe put to sleep\n|rule|Species Clause: Limit one of each Pok\u00e9mon\n|rule|OHKO Clause: OHKO moves are banned\n|rule|Evasion Items Clause: Evasion items are banned\n|rule|Evasion Moves Clause: Evasion moves are banned\n|rule|Endless Battle Clause: Forcing endless battles is banned\n|rule|HP Percentage Mod: HP is shown in percentages\n|clearpoke\n|poke|p1|Toedscruel, F|\n|poke|p1|Gholdengo|\n|poke|p1|Arceus-Poison|\n|poke|p1|Shaymin-Sky|\n|poke|p1|Palkia-Origin|\n|poke|p1|Zacian-*|\n|poke|p2|Blissey, F|\n|poke|p2|Moltres|\n|poke|p2|Arceus-Poison|\n|poke|p2|Garganacl, M|\n|poke|p2|Magearna|\n|poke|p2|Cyclizar, F|\n|teampreview\n|c|\u2606wyvernl0rd|glhf\n|c|\u2606Leo Justice|Gl\n|\n|t:|1699205391\n|start\n|switch|p1a: Toedscruel|Toedscruel, F|100\/100\n|switch|p2a: Cyclizar|Cyclizar, F|100\/100\n|turn|1\n|\n|t:|1699205411\n|move|p2a: Cyclizar|Taunt|p1a: Toedscruel\n|-start|p1a: Toedscruel|move: Taunt\n|cant|p1a: Toedscruel|move: Taunt|Spikes\n|\n|upkeep\n|turn|2\n|\n|t:|1699205421\n|move|p2a: Cyclizar|Knock Off|p1a: Toedscruel\n|-damage|p1a: Toedscruel|65\/100\n|-enditem|p1a: Toedscruel|Focus Sash|[from] move: Knock Off|[of] p2a: Cyclizar\n|move|p1a: Toedscruel|Earth Power|p2a: Cyclizar\n|-crit|p2a: Cyclizar\n|-damage|p2a: Cyclizar|26\/100\n|\n|upkeep\n|turn|3\n|\n|t:|1699205430\n|switch|p2a: Moltres|Moltres|100\/100\n|switch|p1a: Palkia|Palkia-Origin, shiny|100\/100\n|-ability|p1a: Palkia|Pressure\n|\n|upkeep\n|turn|4\n|\n|t:|1699205437\n|switch|p1a: Toedscruel|Toedscruel, F|65\/100\n|switch|p2a: Blissey|Blissey, F|100\/100\n|\n|upkeep\n|turn|5\n|\n|t:|1699205441\n|move|p2a: Blissey|Stealth Rock|p1a: Toedscruel\n|-sidestart|p1: wyvernl0rd|move: Stealth Rock\n|move|p1a: Toedscruel|Spore|p2a: Blissey\n|-status|p2a: Blissey|slp|[from] move: Spore\n|\n|upkeep\n|turn|6\n|\n|t:|1699205448\n|-curestatus|p2a: Blissey|slp|[from] ability: Natural Cure\n|switch|p2a: Cyclizar|Cyclizar, F|59\/100\n|move|p1a: Toedscruel|Rapid Spin|p2a: Cyclizar\n|-crit|p2a: Cyclizar\n|-damage|p2a: Cyclizar|44\/100\n|-boost|p1a: Toedscruel|spe|1\n|-sideend|p1: wyvernl0rd|Stealth Rock|[from] move: Rapid Spin|[of] p1a: Toedscruel\n|\n|upkeep\n|turn|7\n|\n|t:|1699205453\n|move|p1a: Toedscruel|Earth Power|p2a: Cyclizar\n|-damage|p2a: Cyclizar|0 fnt\n|faint|p2a: Cyclizar\n|\n|upkeep\n|\n|t:|1699205463\n|switch|p2a: Magearna|Magearna|100\/100\n|turn|8\n|\n|t:|1699205465\n|move|p1a: Toedscruel|Earth Power|p2a: Magearna\n|-supereffective|p2a: Magearna\n|-damage|p2a: Magearna|62\/100\n|move|p2a: Magearna|Ice Beam|p1a: Toedscruel\n|-supereffective|p1a: Toedscruel\n|-damage|p1a: Toedscruel|0 fnt\n|faint|p1a: Toedscruel\n|-ability|p2a: Magearna|Soul-Heart|boost\n|-boost|p2a: Magearna|spa|1\n|\n|-heal|p2a: Magearna|68\/100|[from] item: Leftovers\n|upkeep\n|\n|t:|1699205477\n|switch|p1a: Palkia|Palkia-Origin, shiny|100\/100\n|-ability|p1a: Palkia|Pressure\n|turn|9\n|\n|t:|1699205485\n|move|p1a: Palkia|Fire Blast|p2a: Magearna\n|-supereffective|p2a: Magearna\n|-damage|p2a: Magearna|17\/100\n|move|p2a: Magearna|Draining Kiss|p1a: Palkia\n|-supereffective|p1a: Palkia\n|-damage|p1a: Palkia|41\/100\n|-heal|p2a: Magearna|57\/100|[from] drain|[of] p1a: Palkia\n|\n|-heal|p2a: Magearna|63\/100|[from] item: Leftovers\n|upkeep\n|turn|10\n|\n|t:|1699205495\n|-terastallize|p1a: Palkia|Fire\n|move|p1a: Palkia|Fire Blast|p2a: Magearna\n|-supereffective|p2a: Magearna\n|-damage|p2a: Magearna|0 fnt\n|faint|p2a: Magearna\n|\n|upkeep\n|\n|t:|1699205502\n|switch|p2a: Blissey|Blissey, F|100\/100\n|turn|11\n|\n|t:|1699205509\n|switch|p1a: Arceus|Arceus-Poison|100\/100\n|move|p2a: Blissey|Stealth Rock|p1a: Arceus\n|-sidestart|p1: wyvernl0rd|move: Stealth Rock\n|\n|upkeep\n|turn|12\n|\n|t:|1699205523\n|move|p1a: Arceus|Taunt|p2a: Blissey\n|-start|p2a: Blissey|move: Taunt\n|cant|p2a: Blissey|move: Taunt|Thunder Wave\n|\n|upkeep\n|turn|13\n|\n|t:|1699205538\n|switch|p1a: Shaymin|Shaymin-Sky|100\/100\n|switch|p2a: Garganacl|Garganacl, M|100\/100\n|\n|upkeep\n|turn|14\n|\n|t:|1699205544\n|move|p1a: Shaymin|Seed Flare|p2a: Garganacl\n|-supereffective|p2a: Garganacl\n|-damage|p2a: Garganacl|20\/100\n|move|p2a: Garganacl|Salt Cure|p1a: Shaymin\n|-supereffective|p1a: Shaymin\n|-damage|p1a: Shaymin|65\/100\n|-start|p1a: Shaymin|Salt Cure\n|\n|-heal|p2a: Garganacl|26\/100|[from] item: Leftovers\n|-damage|p1a: Shaymin|53\/100|[from] Salt Cure\n|upkeep\n|turn|15\n|\n|t:|1699205556\n|switch|p1a: Gholdengo|Gholdengo|100\/100\n|-damage|p1a: Gholdengo|94\/100|[from] Stealth Rock\n|switch|p2a: Arceus|Arceus-Poison|100\/100\n|\n|upkeep\n|turn|16\n|\n|t:|1699205571\n|move|p1a: Gholdengo|Make It Rain|p2a: Arceus\n|-damage|p2a: Arceus|63\/100\n|-unboost|p1a: Gholdengo|spa|1\n|move|p2a: Arceus|Recover|p2a: Arceus\n|-heal|p2a: Arceus|100\/100\n|\n|upkeep\n|turn|17\n|\n|t:|1699205580\n|switch|p1a: Arceus|Arceus-Poison|100\/100\n|-damage|p1a: Arceus|88\/100|[from] Stealth Rock\n|switch|p2a: Blissey|Blissey, F|100\/100\n|\n|upkeep\n|turn|18\n|\n|t:|1699205587\n|move|p1a: Arceus|Taunt|p2a: Blissey\n|-start|p2a: Blissey|move: Taunt\n|move|p2a: Blissey|Seismic Toss|p1a: Arceus\n|-damage|p1a: Arceus|66\/100\n|\n|upkeep\n|turn|19\n|\n|t:|1699205594\n|move|p1a: Arceus|Earth Power|p2a: Blissey\n|-damage|p2a: Blissey|93\/100\n|-unboost|p2a: Blissey|spd|1\n|move|p2a: Blissey|Seismic Toss|p1a: Arceus\n|-damage|p1a: Arceus|43\/100\n|\n|upkeep\n|turn|20\n|\n|t:|1699205604\n|switch|p1a: Gholdengo|Gholdengo|94\/100\n|-damage|p1a: Gholdengo|88\/100|[from] Stealth Rock\n|switch|p2a: Moltres|Moltres|100\/100\n|\n|upkeep\n|turn|21\n|\n|t:|1699205616\n|switch|p2a: Blissey|Blissey, F|93\/100\n|move|p1a: Gholdengo|Trick|p2a: Blissey\n|-activate|p1a: Gholdengo|move: Trick|[of] p2a: Blissey\n|-item|p2a: Blissey|Choice Scarf|[from] move: Trick\n|-item|p1a: Gholdengo|Heavy-Duty Boots|[from] move: Trick\n|\n|upkeep\n|turn|22\n|c|\u2606Leo Justice|its over\n|c|\u2606Leo Justice|gg\n|c|\u2606Leo Justice|U have *all* the stall breakers\n|c|\u2606Leo Justice|I swear\n|c|\u2606Leo Justice|Choice scarf Gholdengo\n|c|\u2606Leo Justice|Skymin\n|c|\u2606Leo Justice|And taunt arc\n|-message|Leo Justice forfeited.\n|\n|win|wyvernl0rd\n","uploadtime":1699205657,"views":13,"p1id":"wyvernl0rd","p2id":"leojustice","formatid":"gen9ubers","rating":0,"private":0,"password":""}