{"id":"gen9ubers-1977653278","p1":"Circolwyrde","p2":"ravensoot","format":"[Gen 9] Ubers","log":"|j|\u2606Circolwyrde\n|j|\u2606ravensoot\n|t:|1698435496\n|gametype|singles\n|player|p1|Circolwyrde|swimmer-gen4dp|\n|player|p2|ravensoot|guitarist|\n|teamsize|p1|6\n|teamsize|p2|6\n|gen|9\n|tier|[Gen 9] Ubers\n|rule|Sleep Clause Mod: Limit one foe put to sleep\n|rule|Species Clause: Limit one of each Pok\u00e9mon\n|rule|OHKO Clause: OHKO moves are banned\n|rule|Evasion Items Clause: Evasion items are banned\n|rule|Evasion Moves Clause: Evasion moves are banned\n|rule|Endless Battle Clause: Forcing endless battles is banned\n|rule|HP Percentage Mod: HP is shown in percentages\n|clearpoke\n|poke|p1|Arceus-Poison|\n|poke|p1|Giratina|\n|poke|p1|Magearna|\n|poke|p1|Landorus, M|\n|poke|p1|Urshifu-*, M|\n|poke|p1|Chi-Yu|\n|poke|p2|Hippowdon, F|\n|poke|p2|Houndstone, M|\n|poke|p2|Zamazenta-*|\n|poke|p2|Goodra-Hisui, M|\n|poke|p2|Ogerpon-Cornerstone, F|\n|poke|p2|Shaymin-Sky|\n|teampreview\n|inactive|Battle timer is ON: inactive players will automatically lose when time's up. (requested by ravensoot)\n|c|\u2606ravensoot|behold\n|c|\u2606Circolwyrde|sand?????\n|c|\u2606Circolwyrde|thats crazy\n|c|\u2606ravensoot|HEHEHEHEE\n|inactive|Circolwyrde has 270 seconds left.\n|\n|t:|1698435530\n|start\n|switch|p1a: Urshifu|Urshifu-Rapid-Strike, M|100\/100\n|switch|p2a: Ogerpon|Ogerpon-Cornerstone, F|100\/100\n|turn|1\n|\n|t:|1698435553\n|move|p2a: Ogerpon|U-turn|p1a: Urshifu\n|-resisted|p1a: Urshifu\n|-damage|p1a: Urshifu|86\/100\n|inactive|ravensoot has 270 seconds left.\n|\n|t:|1698435601\n|switch|p2a: Goodra|Goodra-Hisui, M|100\/100|[from] U-turn\n|move|p1a: Urshifu|Close Combat|p2a: Goodra\n|-supereffective|p2a: Goodra\n|-damage|p2a: Goodra|0 fnt\n|-unboost|p1a: Urshifu|def|1\n|-unboost|p1a: Urshifu|spd|1\n|faint|p2a: Goodra\n|\n|upkeep\n|c|\u2606Circolwyrde|incorrect guess lmao\n|\n|t:|1698435610\n|switch|p2a: Shaymin|Shaymin-Sky|100\/100\n|turn|2\n|c|\u2606ravensoot|yikes\n|c|\u2606Circolwyrde|uh oh\n|c|\u2606Circolwyrde|the one they call cringe\n|c|\u2606ravensoot|imagine if i went houndstone\n|c|\u2606Circolwyrde|coulda been good\n|\n|t:|1698435636\n|switch|p1a: Magearna|Magearna|100\/100\n|move|p2a: Shaymin|Seed Flare|p1a: Magearna\n|-resisted|p1a: Magearna\n|-damage|p1a: Magearna|75\/100\n|-unboost|p1a: Magearna|spd|2\n|\n|-heal|p1a: Magearna|82\/100|[from] item: Leftovers\n|upkeep\n|turn|3\n|\n|t:|1698435654\n|switch|p2a: Hippowdon|Hippowdon, F|100\/100\n|-weather|Sandstorm|[from] ability: Sand Stream|[of] p2a: Hippowdon\n|move|p1a: Magearna|Ice Beam|p2a: Hippowdon\n|-supereffective|p2a: Hippowdon\n|-damage|p2a: Hippowdon|44\/100\n|\n|-weather|Sandstorm|[upkeep]\n|-heal|p1a: Magearna|88\/100|[from] item: Leftovers\n|upkeep\n|turn|4\n|\n|t:|1698435666\n|switch|p1a: Arceus|Arceus-Poison|100\/100\n|switch|p2a: Zamazenta|Zamazenta-Crowned|100\/100\n|-ability|p2a: Zamazenta|Dauntless Shield|boost\n|-boost|p2a: Zamazenta|def|1\n|\n|-weather|Sandstorm|[upkeep]\n|-damage|p1a: Arceus|94\/100|[from] Sandstorm\n|upkeep\n|turn|5\n|\n|t:|1698435681\n|switch|p1a: Chi-Yu|Chi-Yu|100\/100\n|-ability|p1a: Chi-Yu|Beads of Ruin\n|move|p2a: Zamazenta|Behemoth Bash|p1a: Chi-Yu\n|-resisted|p1a: Chi-Yu\n|-damage|p1a: Chi-Yu|70\/100\n|\n|-weather|Sandstorm|[upkeep]\n|-damage|p1a: Chi-Yu|64\/100|[from] Sandstorm\n|upkeep\n|turn|6\n|\n|t:|1698435691\n|-terastallize|p2a: Zamazenta|Fighting\n|move|p1a: Chi-Yu|Flamethrower|p2a: Zamazenta\n|-damage|p2a: Zamazenta|48\/100\n|move|p2a: Zamazenta|Body Press|p1a: Chi-Yu\n|-supereffective|p1a: Chi-Yu\n|-damage|p1a: Chi-Yu|0 fnt\n|faint|p1a: Chi-Yu\n|\n|-weather|Sandstorm|[upkeep]\n|-damage|p2a: Zamazenta|42\/100|[from] Sandstorm\n|upkeep\n|\n|t:|1698435711\n|switch|p1a: Landorus|Landorus, M|100\/100\n|turn|7\n|\n|t:|1698435715\n|move|p2a: Zamazenta|Trailblaze|p1a: Landorus\n|-damage|p1a: Landorus|84\/100\n|-boost|p2a: Zamazenta|spe|1\n|move|p1a: Landorus|Earth Power|p2a: Zamazenta\n|-damage|p2a: Zamazenta|0 fnt\n|faint|p2a: Zamazenta\n|\n|-weather|Sandstorm|[upkeep]\n|upkeep\n|c|\u2606Circolwyrde|trailblaze is brave af\n|c|\u2606ravensoot|yuh\n|inactive|ravensoot has 240 seconds left.\n|\n|t:|1698435742\n|switch|p2a: Shaymin|Shaymin-Sky|100\/100\n|turn|8\n|inactive|ravensoot has 240 seconds left.\n|\n|t:|1698435762\n|switch|p1a: Magearna|Magearna|88\/100\n|move|p2a: Shaymin|Dazzling Gleam|p1a: Magearna\n|-resisted|p1a: Magearna\n|-damage|p1a: Magearna|75\/100\n|\n|-weather|Sandstorm|[upkeep]\n|-damage|p2a: Shaymin|94\/100|[from] Sandstorm\n|-heal|p1a: Magearna|81\/100|[from] item: Leftovers\n|upkeep\n|turn|9\n|\n|t:|1698435774\n|switch|p2a: Hippowdon|Hippowdon, F|44\/100\n|move|p1a: Magearna|Thunder Wave|p2a: Hippowdon\n|-immune|p2a: Hippowdon\n|\n|-weather|Sandstorm|[upkeep]\n|-heal|p1a: Magearna|87\/100|[from] item: Leftovers\n|upkeep\n|turn|10\n|\n|t:|1698435781\n|move|p1a: Magearna|Draining Kiss|p2a: Hippowdon\n|-damage|p2a: Hippowdon|22\/100\n|-heal|p1a: Magearna|100\/100|[from] drain|[of] p2a: Hippowdon\n|move|p2a: Hippowdon|Slack Off|p2a: Hippowdon\n|-heal|p2a: Hippowdon|72\/100\n|\n|-weather|none\n|upkeep\n|turn|11\n|inactive|ravensoot has 240 seconds left.\n|\n|t:|1698435790\n|move|p1a: Magearna|Ice Beam|p2a: Hippowdon\n|-supereffective|p2a: Hippowdon\n|-damage|p2a: Hippowdon|20\/100\n|move|p2a: Hippowdon|Earthquake|p1a: Magearna\n|-supereffective|p1a: Magearna\n|-damage|p1a: Magearna|42\/100\n|\n|-heal|p1a: Magearna|48\/100|[from] item: Leftovers\n|upkeep\n|turn|12\n|inactive|ravensoot has 240 seconds left.\n|\n|t:|1698435805\n|switch|p2a: Ogerpon|Ogerpon-Cornerstone, F|100\/100\n|move|p1a: Magearna|Draining Kiss|p2a: Ogerpon\n|-damage|p2a: Ogerpon|77\/100\n|-heal|p1a: Magearna|63\/100|[from] drain|[of] p2a: Ogerpon\n|\n|-heal|p1a: Magearna|69\/100|[from] item: Leftovers\n|upkeep\n|turn|13\n|inactive|ravensoot has 240 seconds left.\n|c|\u2606Circolwyrde|i got no clue what the mask does\n|c|\u2606Circolwyrde|i should have listened to dream\n|c|\u2606ravensoot|thats what the mask is\n|c|\u2606Circolwyrde|dkljfdhsj\n|inactive|Circolwyrde has 270 seconds left.\n|c|\u2606ravensoot|thats what the point of the mask is\n|\n|t:|1698435838\n|switch|p1a: Giratina|Giratina, shiny|100\/100\n|-ability|p1a: Giratina|Pressure\n|move|p2a: Ogerpon|Low Kick|p1a: Giratina\n|-immune|p1a: Giratina\n|\n|upkeep\n|turn|14\n|inactive|ravensoot has 240 seconds left.\n|c|\u2606ravensoot|huge predict i guess\n|\n|t:|1698435851\n|move|p2a: Ogerpon|U-turn|p1a: Giratina\n|-resisted|p1a: Giratina\n|-damage|p1a: Giratina|92\/100\n|c|\u2606Circolwyrde|i geuss\n|\n|t:|1698435856\n|switch|p2a: Shaymin|Shaymin-Sky|94\/100|[from] U-turn\n|move|p1a: Giratina|Will-O-Wisp|p2a: Shaymin\n|-status|p2a: Shaymin|brn\n|\n|-heal|p1a: Giratina|98\/100|[from] item: Leftovers\n|-damage|p2a: Shaymin|88\/100 brn|[from] brn\n|upkeep\n|turn|15\n|c|\u2606Circolwyrde|kinda just went \"defense good\"\n|inactive|ravensoot has 240 seconds left.\n|\n|t:|1698435868\n|move|p2a: Shaymin|Dazzling Gleam|p1a: Giratina\n|-supereffective|p1a: Giratina\n|-damage|p1a: Giratina|65\/100\n|move|p1a: Giratina|Hex|p2a: Shaymin\n|-damage|p2a: Shaymin|34\/100 brn\n|\n|-heal|p1a: Giratina|71\/100|[from] item: Leftovers\n|-damage|p2a: Shaymin|27\/100 brn|[from] brn\n|upkeep\n|turn|16\n|\n|t:|1698435876\n|switch|p2a: Ogerpon|Ogerpon-Cornerstone, F|77\/100\n|move|p1a: Giratina|Hex|p2a: Ogerpon\n|-damage|p2a: Ogerpon|51\/100\n|\n|-heal|p1a: Giratina|77\/100|[from] item: Leftovers\n|upkeep\n|turn|17\n|\n|t:|1698435887\n|move|p2a: Ogerpon|U-turn|p1a: Giratina\n|-resisted|p1a: Giratina\n|-damage|p1a: Giratina|68\/100\n|\n|t:|1698435893\n|switch|p2a: Shaymin|Shaymin-Sky|27\/100 brn|[from] U-turn\n|move|p1a: Giratina|Will-O-Wisp|p2a: Shaymin\n|-fail|p2a: Shaymin|brn\n|\n|-heal|p1a: Giratina|74\/100|[from] item: Leftovers\n|-damage|p2a: Shaymin|21\/100 brn|[from] brn\n|upkeep\n|turn|18\n|\n|t:|1698435901\n|move|p2a: Shaymin|Healing Wish|p2a: Shaymin\n|faint|p2a: Shaymin\n|move|p1a: Giratina|Will-O-Wisp|p2: Shaymin|[notarget]\n|-fail|p1a: Giratina\n|\n|-heal|p1a: Giratina|81\/100|[from] item: Leftovers\n|upkeep\n|\n|t:|1698435907\n|switch|p2a: Hippowdon|Hippowdon, F|20\/100\n|-heal|p2a: Hippowdon|100\/100|[from] move: Healing Wish\n|-weather|Sandstorm|[from] ability: Sand Stream|[of] p2a: Hippowdon\n|turn|19\n|\n|t:|1698435923\n|move|p1a: Giratina|Will-O-Wisp|p2a: Hippowdon\n|-status|p2a: Hippowdon|brn\n|move|p2a: Hippowdon|Stealth Rock|p1a: Giratina\n|-sidestart|p1: Circolwyrde|move: Stealth Rock\n|\n|-weather|Sandstorm|[upkeep]\n|-damage|p1a: Giratina|74\/100|[from] Sandstorm\n|-heal|p1a: Giratina|81\/100|[from] item: Leftovers\n|-damage|p2a: Hippowdon|94\/100 brn|[from] brn\n|upkeep\n|turn|20\n|\n|t:|1698435932\n|move|p1a: Giratina|Defog|p2a: Hippowdon\n|-unboost|p2a: Hippowdon|evasion|1\n|-sideend|p1: Circolwyrde|Stealth Rock|[from] move: Defog|[of] p1a: Giratina\n|move|p2a: Hippowdon|Whirlwind|p1a: Giratina\n|drag|p1a: Arceus|Arceus-Poison|94\/100\n|\n|-weather|Sandstorm|[upkeep]\n|-damage|p1a: Arceus|88\/100|[from] Sandstorm\n|-damage|p2a: Hippowdon|88\/100 brn|[from] brn\n|upkeep\n|turn|21\n|\n|t:|1698435940\n|move|p1a: Arceus|Stealth Rock|p2a: Hippowdon\n|-sidestart|p2: ravensoot|move: Stealth Rock\n|move|p2a: Hippowdon|Stealth Rock|p1a: Arceus\n|-sidestart|p1: Circolwyrde|move: Stealth Rock\n|\n|-weather|Sandstorm|[upkeep]\n|-damage|p1a: Arceus|82\/100|[from] Sandstorm\n|-damage|p2a: Hippowdon|82\/100 brn|[from] brn\n|upkeep\n|turn|22\n|inactive|ravensoot has 270 seconds left.\n|\n|t:|1698435948\n|move|p1a: Arceus|Tailwind|p1a: Arceus\n|-sidestart|p1: Circolwyrde|move: Tailwind\n|move|p2a: Hippowdon|Earthquake|p1a: Arceus\n|-supereffective|p1a: Arceus\n|-damage|p1a: Arceus|59\/100\n|\n|-weather|Sandstorm|[upkeep]\n|-damage|p1a: Arceus|53\/100|[from] Sandstorm\n|-damage|p2a: Hippowdon|76\/100 brn|[from] brn\n|upkeep\n|turn|23\n|\n|t:|1698435955\n|switch|p2a: Ogerpon|Ogerpon-Cornerstone, F|51\/100\n|-damage|p2a: Ogerpon|39\/100|[from] Stealth Rock\n|move|p1a: Arceus|Recover|p1a: Arceus\n|-heal|p1a: Arceus|100\/100\n|\n|-weather|Sandstorm|[upkeep]\n|-damage|p1a: Arceus|94\/100|[from] Sandstorm\n|upkeep\n|turn|24\n|\n|t:|1698435963\n|move|p1a: Arceus|Judgment|p2a: Ogerpon\n|-damage|p2a: Ogerpon|2\/100\n|move|p2a: Ogerpon|Ivy Cudgel|p1a: Arceus\n|-damage|p1a: Arceus|55\/100\n|\n|-weather|Sandstorm|[upkeep]\n|-damage|p1a: Arceus|49\/100|[from] Sandstorm\n|upkeep\n|turn|25\n|\n|t:|1698435973\n|move|p1a: Arceus|Judgment|p2a: Ogerpon\n|-damage|p2a: Ogerpon|0 fnt\n|faint|p2a: Ogerpon\n|\n|-weather|Sandstorm|[upkeep]\n|-damage|p1a: Arceus|43\/100|[from] Sandstorm\n|-sideend|p1: Circolwyrde|move: Tailwind\n|upkeep\n|\n|t:|1698435983\n|switch|p2a: Houndstone|Houndstone, M|100\/100\n|-damage|p2a: Houndstone|88\/100|[from] Stealth Rock\n|turn|26\n|\n|t:|1698436011\n|move|p2a: Houndstone|Last Respects|p1a: Arceus\n|-damage|p1a: Arceus|0 fnt\n|faint|p1a: Arceus\n|\n|-weather|none\n|upkeep\n|inactive|Circolwyrde has 270 seconds left.\n|\n|t:|1698436022\n|switch|p1a: Giratina|Giratina, shiny|81\/100\n|-damage|p1a: Giratina|68\/100|[from] Stealth Rock\n|-ability|p1a: Giratina|Pressure\n|turn|27\n|\n|t:|1698436029\n|switch|p2a: Hippowdon|Hippowdon, F|76\/100 brn\n|-damage|p2a: Hippowdon|70\/100 brn|[from] Stealth Rock\n|-weather|Sandstorm|[from] ability: Sand Stream|[of] p2a: Hippowdon\n|move|p1a: Giratina|Dragon Tail|p2a: Hippowdon\n|-damage|p2a: Hippowdon|58\/100 brn\n|drag|p2a: Houndstone|Houndstone, M|88\/100\n|-damage|p2a: Houndstone|76\/100|[from] Stealth Rock\n|\n|-weather|Sandstorm|[upkeep]\n|-damage|p1a: Giratina|62\/100|[from] Sandstorm\n|-heal|p1a: Giratina|68\/100|[from] item: Leftovers\n|upkeep\n|turn|28\n|c|\u2606Circolwyrde|idk why i did that\n|c|\u2606Circolwyrde|stupid\n|c|\u2606ravensoot|now die\n|c|\u2606Circolwyrde|cringe ass\n|\n|t:|1698436047\n|move|p2a: Houndstone|Last Respects|p1a: Giratina\n|-supereffective|p1a: Giratina\n|-damage|p1a: Giratina|0 fnt\n|faint|p1a: Giratina\n|\n|-weather|Sandstorm|[upkeep]\n|upkeep\n|c|\u2606ravensoot|LMAO\n|\n|t:|1698436054\n|switch|p1a: Magearna|Magearna|69\/100\n|-damage|p1a: Magearna|63\/100|[from] Stealth Rock\n|turn|29\n|\n|t:|1698436061\n|move|p2a: Houndstone|Last Respects|p1a: Magearna\n|-damage|p1a: Magearna|0 fnt\n|faint|p1a: Magearna\n|\n|-weather|Sandstorm|[upkeep]\n|upkeep\n|\n|t:|1698436063\n|switch|p1a: Urshifu|Urshifu-Rapid-Strike, M|86\/100\n|-damage|p1a: Urshifu|80\/100|[from] Stealth Rock\n|turn|30\n|\n|t:|1698436068\n|move|p2a: Houndstone|Last Respects|p1a: Urshifu\n|-damage|p1a: Urshifu|0 fnt\n|faint|p1a: Urshifu\n|\n|-weather|Sandstorm|[upkeep]\n|upkeep\n|\n|t:|1698436070\n|switch|p1a: Landorus|Landorus, M|84\/100\n|-damage|p1a: Landorus|71\/100|[from] Stealth Rock\n|turn|31\n|c|\u2606ravensoot|gg\n|\n|t:|1698436075\n|move|p2a: Houndstone|Last Respects|p1a: Landorus\n|-damage|p1a: Landorus|0 fnt\n|faint|p1a: Landorus\n|\n|win|ravensoot\n|c|\u2606Circolwyrde|shut up\n|c|\u2606ravensoot|ASGHCASFGCXASXDS\n|c|\u2606Circolwyrde|\/\/j\n|c|\u2606Circolwyrde|gg\n|c|\u2606ravensoot|I PLAYED THAT OK\n|c|\u2606Circolwyrde|yeah yeah\n|c|\u2606Circolwyrde|you played well\n|c|\u2606Circolwyrde|and i was stupid\n|c|\u2606ravensoot|that took me so lohg\n|c|\u2606ravensoot|long\n","uploadtime":1698436098,"views":13,"p1id":"circolwyrde","p2id":"ravensoot","formatid":"gen9ubers","rating":0,"private":0,"password":""}