{"id":"gen9ubers-1994352569","p1":"Marquisdepokeyette","p2":"WornP7154","format":"[Gen 9] Ubers","log":"|j|\u2606Marquisdepokeyette\n|j|\u2606WornP7154\n|t:|1700434209\n|gametype|singles\n|player|p1|Marquisdepokeyette|gambler|1040\n|player|p2|WornP7154|lucas|1100\n|teamsize|p1|6\n|teamsize|p2|6\n|gen|9\n|tier|[Gen 9] Ubers\n|rated|\n|rule|Sleep Clause Mod: Limit one foe put to sleep\n|rule|Species Clause: Limit one of each Pok\u00e9mon\n|rule|OHKO Clause: OHKO moves are banned\n|rule|Evasion Items Clause: Evasion items are banned\n|rule|Evasion Moves Clause: Evasion moves are banned\n|rule|Endless Battle Clause: Forcing endless battles is banned\n|rule|HP Percentage Mod: HP is shown in percentages\n|clearpoke\n|poke|p1|Hydreigon, M|\n|poke|p1|Arbok, M|\n|poke|p1|Spidops, M|\n|poke|p1|Gastrodon, M|\n|poke|p1|Tyranitar, M|\n|poke|p1|Cinderace, M|\n|poke|p2|Umbreon, M|\n|poke|p2|Garchomp, M|\n|poke|p2|Sylveon, F|\n|poke|p2|Iron Bundle|\n|poke|p2|Zacian-*|\n|poke|p2|Volcarona, F|\n|teampreview\n|inactive|Battle timer is ON: inactive players will automatically lose when time's up. (requested by WornP7154)\n|\n|t:|1700434222\n|start\n|switch|p1a: Spooder|Spidops, M|100\/100\n|switch|p2a: Iron Bundle|Iron Bundle|100\/100\n|turn|1\n|\n|t:|1700434233\n|move|p2a: Iron Bundle|Freeze-Dry|p1a: Spooder\n|-damage|p1a: Spooder|44\/100\n|move|p1a: Spooder|Sticky Web|p2a: Iron Bundle\n|-sidestart|p2: WornP7154|move: Sticky Web\n|\n|upkeep\n|turn|2\n|\n|t:|1700434241\n|move|p1a: Spooder|Protect|p1a: Spooder\n|-singleturn|p1a: Spooder|Protect\n|move|p2a: Iron Bundle|Freeze-Dry|p1a: Spooder\n|-activate|p1a: Spooder|move: Protect\n|\n|upkeep\n|turn|3\n|\n|t:|1700434247\n|move|p1a: Spooder|Protect||[still]\n|-fail|p1a: Spooder\n|move|p2a: Iron Bundle|Freeze-Dry|p1a: Spooder\n|-damage|p1a: Spooder|0 fnt\n|faint|p1a: Spooder\n|\n|upkeep\n|\n|t:|1700434257\n|switch|p1a: Bowser|Tyranitar, M, shiny|100\/100\n|-weather|Sandstorm|[from] ability: Sand Stream|[of] p1a: Bowser\n|turn|4\n|\n|t:|1700434263\n|move|p2a: Iron Bundle|U-turn|p1a: Bowser\n|-supereffective|p1a: Bowser\n|-damage|p1a: Bowser|82\/100\n|-damage|p2a: Iron Bundle|84\/100|[from] item: Rocky Helmet|[of] p1a: Bowser\n|\n|t:|1700434266\n|-end|p2a: Iron Bundle|Quark Drive|[silent]\n|switch|p2a: Garchomp|Garchomp, M|100\/100|[from] U-turn\n|-activate|p2a: Garchomp|move: Sticky Web\n|-unboost|p2a: Garchomp|spe|1\n|move|p1a: Bowser|Stealth Rock|p2a: Garchomp\n|-sidestart|p2: WornP7154|move: Stealth Rock\n|\n|-weather|Sandstorm|[upkeep]\n|upkeep\n|turn|5\n|\n|t:|1700434276\n|move|p2a: Garchomp|Swords Dance|p2a: Garchomp\n|-boost|p2a: Garchomp|atk|2\n|move|p1a: Bowser|Avalanche|p2a: Garchomp\n|-supereffective|p2a: Garchomp\n|-damage|p2a: Garchomp|30\/100\n|-damage|p1a: Bowser|70\/100|[from] ability: Rough Skin|[of] p2a: Garchomp\n|-damage|p1a: Bowser|54\/100|[from] item: Rocky Helmet|[of] p2a: Garchomp\n|\n|-weather|Sandstorm|[upkeep]\n|upkeep\n|turn|6\n|\n|t:|1700434293\n|move|p2a: Garchomp|Earthquake|p1a: Bowser\n|-supereffective|p1a: Bowser\n|-damage|p1a: Bowser|0 fnt\n|faint|p1a: Bowser\n|\n|-weather|Sandstorm|[upkeep]\n|upkeep\n|\n|t:|1700434300\n|switch|p1a: Constantine|Hydreigon, M, shiny|100\/100\n|turn|7\n|\n|t:|1700434309\n|switch|p2a: Zacian|Zacian-Crowned|100\/100\n|-activate|p2a: Zacian|move: Sticky Web\n|-unboost|p2a: Zacian|spe|1\n|-damage|p2a: Zacian|94\/100|[from] Stealth Rock\n|-ability|p2a: Zacian|Intrepid Sword|boost\n|-boost|p2a: Zacian|atk|1\n|-terastallize|p1a: Constantine|Steel\n|move|p1a: Constantine|Earthquake|p2a: Zacian\n|-supereffective|p2a: Zacian\n|-damage|p2a: Zacian|50\/100\n|\n|-weather|Sandstorm|[upkeep]\n|upkeep\n|turn|8\n|\n|t:|1700434323\n|move|p2a: Zacian|Close Combat|p1a: Constantine\n|-supereffective|p1a: Constantine\n|-damage|p1a: Constantine|0 fnt\n|-unboost|p2a: Zacian|def|1\n|-unboost|p2a: Zacian|spd|1\n|faint|p1a: Constantine\n|\n|-weather|none\n|upkeep\n|\n|t:|1700434333\n|switch|p1a: Gary|Gastrodon, M, shiny|100\/100\n|turn|9\n|\n|t:|1700434340\n|move|p2a: Zacian|Behemoth Blade|p1a: Gary\n|-resisted|p1a: Gary\n|-damage|p1a: Gary|59\/100\n|move|p1a: Gary|Earthquake|p2a: Zacian\n|-supereffective|p2a: Zacian\n|-damage|p2a: Zacian|0 fnt\n|faint|p2a: Zacian\n|\n|upkeep\n|\n|t:|1700434344\n|switch|p2a: Iron Bundle|Iron Bundle|84\/100\n|-activate|p2a: Iron Bundle|move: Sticky Web\n|-unboost|p2a: Iron Bundle|spe|1\n|-damage|p2a: Iron Bundle|59\/100|[from] Stealth Rock\n|turn|10\n|\n|t:|1700434356\n|move|p2a: Iron Bundle|Freeze-Dry|p1a: Gary\n|-supereffective|p1a: Gary\n|-damage|p1a: Gary|0 fnt\n|faint|p1a: Gary\n|\n|upkeep\n|\n|t:|1700434365\n|switch|p1a: CR7|Cinderace, M, shiny|100\/100\n|turn|11\n|\n|t:|1700434371\n|-terastallize|p2a: Iron Bundle|Poison\n|move|p1a: CR7|Bounce||[still]\n|-prepare|p1a: CR7|Bounce\n|-start|p1a: CR7|typechange|Flying|[from] ability: Libero\n|move|p2a: Iron Bundle|Chilling Water|p1a: CR7|[miss]\n|-miss|p2a: Iron Bundle|p1a: CR7\n|\n|upkeep\n|turn|12\n|\n|t:|1700434379\n|move|p1a: CR7|Bounce|p2a: Iron Bundle|[from]lockedmove\n|-damage|p2a: Iron Bundle|22\/100\n|move|p2a: Iron Bundle|Chilling Water|p1a: CR7\n|-damage|p1a: CR7|67\/100\n|-unboost|p1a: CR7|atk|1\n|\n|upkeep\n|turn|13\n|\n|t:|1700434389\n|-end|p2a: Iron Bundle|Quark Drive|[silent]\n|switch|p2a: Volcarona|Volcarona, F, shiny|100\/100\n|move|p1a: CR7|Bounce||[still]\n|-prepare|p1a: CR7|Bounce\n|\n|upkeep\n|turn|14\n|\n|t:|1700434402\n|move|p1a: CR7|Bounce|p2a: Volcarona|[from]lockedmove\n|-supereffective|p2a: Volcarona\n|-damage|p2a: Volcarona|36\/100\n|move|p2a: Volcarona|Quiver Dance|p2a: Volcarona\n|-boost|p2a: Volcarona|spa|1\n|-boost|p2a: Volcarona|spd|1\n|-boost|p2a: Volcarona|spe|1\n|\n|upkeep\n|turn|15\n|\n|t:|1700434410\n|move|p2a: Volcarona|Fiery Dance|p1a: CR7\n|-damage|p1a: CR7|0 fnt\n|faint|p1a: CR7\n|\n|upkeep\n|\n|t:|1700434422\n|switch|p1a: Party guy|Arbok, M, shiny|100\/100\n|-ability|p1a: Party guy|Intimidate|boost\n|-unboost|p2a: Volcarona|atk|1\n|turn|16\n|\n|t:|1700434429\n|move|p2a: Volcarona|Fiery Dance|p1a: Party guy\n|-damage|p1a: Party guy|0 fnt\n|-boost|p2a: Volcarona|spa|1\n|faint|p1a: Party guy\n|\n|win|WornP7154\n|raw|Marquisdepokeyette's rating: 1040 &rarr; <strong>1027<\/strong><br \/>(-13 for losing)\n|raw|WornP7154's rating: 1100 &rarr; <strong>1121<\/strong><br \/>(+21 for winning)\n|l|\u2606Marquisdepokeyette\n","uploadtime":1700434460,"views":6,"p1id":"marquisdepokeyette","p2id":"wornp7154","formatid":"gen9ubers","rating":1027,"private":0,"password":""}