{"id":"gen9ubers-1988365903","p1":"BlisseyHasSpecsKEK","p2":"Jyho Blackbird","format":"[Gen 9] Ubers","log":"|j|\u2606BlisseyHasSpecsKEK\n|j|\u2606Jyho Blackbird\n|t:|1699714524\n|gametype|singles\n|player|p1|BlisseyHasSpecsKEK|266|\n|player|p2|Jyho Blackbird|hilbert-wonderlauncher|\n|teamsize|p1|6\n|teamsize|p2|6\n|gen|9\n|tier|[Gen 9] Ubers\n|rule|Sleep Clause Mod: Limit one foe put to sleep\n|rule|Species Clause: Limit one of each Pok\u00e9mon\n|rule|OHKO Clause: OHKO moves are banned\n|rule|Evasion Items Clause: Evasion items are banned\n|rule|Evasion Moves Clause: Evasion moves are banned\n|rule|Endless Battle Clause: Forcing endless battles is banned\n|rule|HP Percentage Mod: HP is shown in percentages\n|clearpoke\n|poke|p1|Magearna|\n|poke|p1|Ursaluna-Bloodmoon, M|\n|poke|p1|Cresselia, F|\n|poke|p1|Magnezone|\n|poke|p1|Shaymin-Sky|\n|poke|p1|Hatterene, F|\n|poke|p2|Volcarona, F|\n|poke|p2|Quagsire, F|\n|poke|p2|Iron Valiant|\n|poke|p2|Dialga|\n|poke|p2|Shaymin-Sky|\n|poke|p2|Cyclizar, M|\n|teampreview\n|inactive|Battle timer is ON: inactive players will automatically lose when time's up. (requested by BlisseyHasSpecsKEK)\n|inactive|BlisseyHasSpecsKEK has 270 seconds left.\n|\n|t:|1699714555\n|start\n|switch|p1a: Ursaluna|Ursaluna-Bloodmoon, M|100\/100\n|switch|p2a: Iron Valiant|Iron Valiant|100\/100\n|-enditem|p2a: Iron Valiant|Booster Energy\n|-activate|p2a: Iron Valiant|ability: Quark Drive|[fromitem]\n|-start|p2a: Iron Valiant|quarkdrivespe\n|turn|1\n|\n|t:|1699714564\n|move|p2a: Iron Valiant|Close Combat|p1a: Ursaluna\n|-supereffective|p1a: Ursaluna\n|-damage|p1a: Ursaluna|10\/100\n|-unboost|p2a: Iron Valiant|def|1\n|-unboost|p2a: Iron Valiant|spd|1\n|move|p1a: Ursaluna|Blood Moon|p2a: Iron Valiant\n|-damage|p2a: Iron Valiant|0 fnt\n|faint|p2a: Iron Valiant\n|-end|p2a: Iron Valiant|Quark Drive|[silent]\n|\n|-heal|p1a: Ursaluna|16\/100|[from] item: Leftovers\n|upkeep\n|\n|t:|1699714575\n|switch|p2a: Shaymin|Shaymin-Sky|100\/100\n|turn|2\n|\n|t:|1699714581\n|switch|p1a: Magearna|Magearna|100\/100\n|move|p2a: Shaymin|Air Slash|p1a: Magearna\n|-resisted|p1a: Magearna\n|-damage|p1a: Magearna|85\/100\n|\n|upkeep\n|turn|3\n|\n|t:|1699714598\n|move|p2a: Shaymin|Air Slash|p1a: Magearna\n|-resisted|p1a: Magearna\n|-damage|p1a: Magearna|70\/100\n|cant|p1a: Magearna|flinch\n|\n|upkeep\n|turn|4\n|\n|t:|1699714604\n|move|p2a: Shaymin|Air Slash|p1a: Magearna\n|-resisted|p1a: Magearna\n|-damage|p1a: Magearna|54\/100\n|cant|p1a: Magearna|flinch\n|\n|upkeep\n|turn|5\n|\n|t:|1699714609\n|move|p2a: Shaymin|Air Slash|p1a: Magearna\n|-resisted|p1a: Magearna\n|-damage|p1a: Magearna|39\/100\n|move|p1a: Magearna|Ice Beam|p2a: Shaymin\n|-supereffective|p2a: Shaymin\n|-damage|p2a: Shaymin|0 fnt\n|faint|p2a: Shaymin\n|-ability|p1a: Magearna|Soul-Heart|boost\n|-boost|p1a: Magearna|spa|1\n|\n|upkeep\n|\n|t:|1699714620\n|switch|p2a: Volcarona|Volcarona, F|100\/100\n|turn|6\n|\n|t:|1699714628\n|-terastallize|p2a: Volcarona|Fire\n|move|p2a: Volcarona|Quiver Dance|p2a: Volcarona\n|-boost|p2a: Volcarona|spa|1\n|-boost|p2a: Volcarona|spd|1\n|-boost|p2a: Volcarona|spe|1\n|move|p1a: Magearna|Volt Switch|p2a: Volcarona\n|-damage|p2a: Volcarona|72\/100\n|\n|t:|1699714631\n|switch|p1a: Cresselia|Cresselia, F|100\/100|[from] Volt Switch\n|\n|upkeep\n|turn|7\n|\n|t:|1699714640\n|move|p2a: Volcarona|Bug Buzz|p1a: Cresselia\n|-supereffective|p1a: Cresselia\n|-damage|p1a: Cresselia|0 fnt\n|faint|p1a: Cresselia\n|\n|upkeep\n|\n|t:|1699714651\n|switch|p1a: Hatterene|Hatterene, F|100\/100\n|turn|8\n|-message|BlisseyHasSpecsKEK forfeited.\n|\n|win|Jyho Blackbird\n","uploadtime":1699714686,"views":27,"p1id":"blisseyhasspecskek","p2id":"jyhoblackbird","formatid":"gen9ubers","rating":0,"private":0,"password":""}