{"id":"gen9ubers-1999590346","p1":"Heavenly demon 00","p2":"LasanVGC","format":"[Gen 9] Ubers","log":"|j|\u203dHeavenly demon 00\n|j|\u2606LasanVGC\n|t:|1701099109\n|gametype|singles\n|player|p1|Heavenly demon 00|kukui|\n|player|p2|LasanVGC|1|\n|teamsize|p1|6\n|teamsize|p2|6\n|gen|9\n|tier|[Gen 9] Ubers\n|rated|Tournament battle\n|rule|Sleep Clause Mod: Limit one foe put to sleep\n|rule|Species Clause: Limit one of each Pok\u00e9mon\n|rule|OHKO Clause: OHKO moves are banned\n|rule|Evasion Items Clause: Evasion items are banned\n|rule|Evasion Moves Clause: Evasion moves are banned\n|rule|Endless Battle Clause: Forcing endless battles is banned\n|rule|HP Percentage Mod: HP is shown in percentages\n|clearpoke\n|poke|p1|Arceus|\n|poke|p1|Polteageist-Antique|\n|poke|p1|Zacian-*|\n|poke|p1|Eternatus|\n|poke|p1|Koraidon|\n|poke|p1|Ribombee, F|\n|poke|p2|Koraidon|\n|poke|p2|Zacian-*|\n|poke|p2|Skeledirge, M|\n|poke|p2|Clodsire, F|\n|poke|p2|Arceus-Fairy|\n|poke|p2|Giratina-Origin|\n|teampreview\n|inactive|Battle timer is ON: inactive players will automatically lose when time's up. (requested by Heavenly demon 00)\n|\n|t:|1701099116\n|start\n|switch|p1a: Ribombee|Ribombee, F, shiny|100\/100\n|switch|p2a: Zacian|Zacian-Crowned|100\/100\n|-ability|p2a: Zacian|Intrepid Sword|boost\n|-boost|p2a: Zacian|atk|1\n|turn|1\n|\n|t:|1701099126\n|move|p2a: Zacian|Behemoth Blade|p1a: Ribombee\n|-supereffective|p1a: Ribombee\n|-crit|p1a: Ribombee\n|-enditem|p1a: Ribombee|Focus Sash\n|-damage|p1a: Ribombee|1\/100\n|move|p1a: Ribombee|Stun Spore|p2a: Zacian\n|-status|p2a: Zacian|par\n|\n|upkeep\n|turn|2\n|\n|t:|1701099136\n|move|p1a: Ribombee|Sticky Web|p2a: Zacian\n|-sidestart|p2: LasanVGC|move: Sticky Web\n|move|p2a: Zacian|Behemoth Blade|p1a: Ribombee\n|-supereffective|p1a: Ribombee\n|-damage|p1a: Ribombee|0 fnt\n|faint|p1a: Ribombee\n|\n|upkeep\n|\n|t:|1701099145\n|switch|p1a: Eternatus|Eternatus|100\/100\n|-ability|p1a: Eternatus|Pressure\n|turn|3\n|\n|t:|1701099170\n|move|p1a: Eternatus|Fire Blast|p2a: Zacian\n|-supereffective|p2a: Zacian\n|-damage|p2a: Zacian|20\/100 par\n|cant|p2a: Zacian|par\n|\n|upkeep\n|turn|4\n|\n|t:|1701099176\n|move|p1a: Eternatus|Fire Blast|p2a: Zacian\n|-supereffective|p2a: Zacian\n|-damage|p2a: Zacian|0 fnt\n|faint|p2a: Zacian\n|\n|upkeep\n|\n|t:|1701099182\n|switch|p2a: Clodsire|Clodsire, F|100\/100\n|turn|5\n|\n|t:|1701099188\n|move|p1a: Eternatus|Confuse Ray|p2a: Clodsire\n|-start|p2a: Clodsire|confusion\n|-activate|p2a: Clodsire|confusion\n|move|p2a: Clodsire|Stealth Rock|p1a: Eternatus\n|-sidestart|p1: Heavenly demon 00|move: Stealth Rock\n|\n|upkeep\n|turn|6\n|\n|t:|1701099193\n|move|p1a: Eternatus|Dynamax Cannon|p2a: Clodsire\n|-crit|p2a: Clodsire\n|-damage|p2a: Clodsire|53\/100\n|-activate|p2a: Clodsire|confusion\n|-damage|p2a: Clodsire|46\/100|[from] confusion\n|\n|upkeep\n|turn|7\n|\n|t:|1701099197\n|move|p1a: Eternatus|Dynamax Cannon|p2a: Clodsire\n|-damage|p2a: Clodsire|16\/100\n|-activate|p2a: Clodsire|confusion\n|move|p2a: Clodsire|Earthquake|p1a: Eternatus\n|-supereffective|p1a: Eternatus\n|-damage|p1a: Eternatus|60\/100\n|\n|-heal|p1a: Eternatus|67\/100|[from] item: Leftovers\n|upkeep\n|turn|8\n|\n|t:|1701099205\n|switch|p2a: Giratina|Giratina-Origin|100\/100\n|move|p1a: Eternatus|Dynamax Cannon|p2a: Giratina\n|-supereffective|p2a: Giratina\n|-damage|p2a: Giratina|24\/100\n|\n|-heal|p1a: Eternatus|73\/100|[from] item: Leftovers\n|upkeep\n|turn|9\n|\n|t:|1701099217\n|switch|p2a: Arceus|Arceus-Fairy|100\/100\n|-activate|p2a: Arceus|move: Sticky Web\n|-unboost|p2a: Arceus|spe|1\n|move|p1a: Eternatus|Dynamax Cannon|p2a: Arceus\n|-immune|p2a: Arceus\n|\n|-heal|p1a: Eternatus|79\/100|[from] item: Leftovers\n|upkeep\n|turn|10\n|\n|t:|1701099232\n|-terastallize|p2a: Arceus|Poison\n|move|p1a: Eternatus|Sludge Bomb|p2a: Arceus\n|-resisted|p2a: Arceus\n|-damage|p2a: Arceus|84\/100\n|move|p2a: Arceus|Judgment|p1a: Eternatus\n|-damage|p1a: Eternatus|42\/100\n|\n|-heal|p1a: Eternatus|48\/100|[from] item: Leftovers\n|upkeep\n|turn|11\n|\n|t:|1701099240\n|move|p1a: Eternatus|Dynamax Cannon|p2a: Arceus\n|-damage|p2a: Arceus|47\/100\n|move|p2a: Arceus|Judgment|p1a: Eternatus\n|-damage|p1a: Eternatus|11\/100\n|\n|-heal|p1a: Eternatus|17\/100|[from] item: Leftovers\n|upkeep\n|turn|12\n|\n|t:|1701099245\n|move|p1a: Eternatus|Confuse Ray|p2a: Arceus\n|-start|p2a: Arceus|confusion\n|-activate|p2a: Arceus|confusion\n|move|p2a: Arceus|Judgment|p1a: Eternatus\n|-damage|p1a: Eternatus|0 fnt\n|faint|p1a: Eternatus\n|\n|upkeep\n|\n|t:|1701099252\n|switch|p1a: Arceus|Arceus|100\/100\n|-damage|p1a: Arceus|88\/100|[from] Stealth Rock\n|turn|13\n|inactive|LasanVGC has 120 seconds left.\n|\n|t:|1701099310\n|move|p1a: Arceus|Dragon Dance|p1a: Arceus\n|-boost|p1a: Arceus|atk|1\n|-boost|p1a: Arceus|spe|1\n|-end|p2a: Arceus|confusion\n|move|p2a: Arceus|Judgment|p1a: Arceus\n|-damage|p1a: Arceus|48\/100\n|\n|upkeep\n|turn|14\n|\n|t:|1701099318\n|move|p1a: Arceus|Extreme Speed|p2a: Arceus\n|-damage|p2a: Arceus|9\/100\n|move|p2a: Arceus|Recover|p2a: Arceus\n|-heal|p2a: Arceus|59\/100\n|\n|upkeep\n|turn|15\n|\n|t:|1701099325\n|move|p1a: Arceus|Dragon Dance|p1a: Arceus\n|-boost|p1a: Arceus|atk|1\n|-boost|p1a: Arceus|spe|1\n|move|p2a: Arceus|Recover|p2a: Arceus\n|-heal|p2a: Arceus|100\/100\n|\n|upkeep\n|turn|16\n|\n|t:|1701099329\n|move|p1a: Arceus|Extreme Speed|p2a: Arceus\n|-damage|p2a: Arceus|51\/100\n|move|p2a: Arceus|Will-O-Wisp|p1a: Arceus\n|-status|p1a: Arceus|brn\n|\n|-damage|p1a: Arceus|42\/100 brn|[from] brn\n|upkeep\n|turn|17\n|\n|t:|1701099335\n|move|p1a: Arceus|Extreme Speed|p2a: Arceus\n|-damage|p2a: Arceus|23\/100\n|move|p2a: Arceus|Recover|p2a: Arceus\n|-heal|p2a: Arceus|73\/100\n|\n|-damage|p1a: Arceus|36\/100 brn|[from] brn\n|upkeep\n|turn|18\n|\n|t:|1701099337\n|move|p1a: Arceus|Extreme Speed|p2a: Arceus\n|-damage|p2a: Arceus|48\/100\n|move|p2a: Arceus|Judgment|p1a: Arceus\n|-damage|p1a: Arceus|0 fnt\n|faint|p1a: Arceus\n|\n|upkeep\n|\n|t:|1701099340\n|switch|p1a: Polteageist|Polteageist-Antique|100\/100\n|-damage|p1a: Polteageist|88\/100|[from] Stealth Rock\n|turn|19\n|\n|t:|1701099346\n|move|p1a: Polteageist|Shell Smash|p1a: Polteageist\n|-unboost|p1a: Polteageist|def|1\n|-unboost|p1a: Polteageist|spd|1\n|-boost|p1a: Polteageist|atk|2\n|-boost|p1a: Polteageist|spa|2\n|-boost|p1a: Polteageist|spe|2\n|move|p2a: Arceus|Recover|p2a: Arceus\n|-heal|p2a: Arceus|98\/100\n|\n|upkeep\n|turn|20\n|\n|t:|1701099350\n|move|p1a: Polteageist|Shadow Ball|p2a: Arceus\n|-damage|p2a: Arceus|40\/100\n|move|p2a: Arceus|Judgment|p1a: Polteageist\n|-damage|p1a: Polteageist|9\/100\n|\n|upkeep\n|turn|21\n|\n|t:|1701099362\n|move|p1a: Polteageist|Psychic|p2a: Arceus\n|-supereffective|p2a: Arceus\n|-damage|p2a: Arceus|0 fnt\n|faint|p2a: Arceus\n|\n|upkeep\n|\n|t:|1701099376\n|switch|p2a: Clodsire|Clodsire, F|16\/100\n|turn|22\n|\n|t:|1701099384\n|move|p1a: Polteageist|Shadow Ball|p2a: Clodsire\n|-damage|p2a: Clodsire|0 fnt\n|faint|p2a: Clodsire\n|\n|upkeep\n|\n|t:|1701099389\n|switch|p2a: Koraidon|Koraidon|100\/100\n|-activate|p2a: Koraidon|move: Sticky Web\n|-unboost|p2a: Koraidon|spe|1\n|-weather|SunnyDay|[from] ability: Orichalcum Pulse|[of] p2a: Koraidon\n|-activate|p2a: Koraidon|Orichalcum Pulse|[source]\n|turn|23\n|\n|t:|1701099394\n|move|p1a: Polteageist|Psychic|p2a: Koraidon\n|-supereffective|p2a: Koraidon\n|-damage|p2a: Koraidon|0 fnt\n|faint|p2a: Koraidon\n|\n|-weather|SunnyDay|[upkeep]\n|upkeep\n|c|\u2606LasanVGC|yeah ggs\n|\n|t:|1701099403\n|switch|p2a: Skeledirge|Skeledirge, M|100\/100\n|turn|24\n|\n|t:|1701099407\n|move|p1a: Polteageist|Shadow Ball|p2a: Skeledirge\n|-supereffective|p2a: Skeledirge\n|-damage|p2a: Skeledirge|10\/100\n|move|p2a: Skeledirge|Hex|p1a: Polteageist\n|-supereffective|p1a: Polteageist\n|-damage|p1a: Polteageist|0 fnt\n|faint|p1a: Polteageist\n|\n|-weather|SunnyDay|[upkeep]\n|upkeep\n|\n|t:|1701099412\n|switch|p1a: Zacian|Zacian-Crowned|100\/100\n|-damage|p1a: Zacian|94\/100|[from] Stealth Rock\n|-ability|p1a: Zacian|Intrepid Sword|boost\n|-boost|p1a: Zacian|atk|1\n|turn|25\n|\n|t:|1701099418\n|move|p1a: Zacian|Behemoth Blade|p2a: Skeledirge\n|-resisted|p2a: Skeledirge\n|-damage|p2a: Skeledirge|0 fnt\n|faint|p2a: Skeledirge\n|\n|-weather|SunnyDay|[upkeep]\n|upkeep\n|\n|t:|1701099421\n|switch|p2a: Giratina|Giratina-Origin|24\/100\n|turn|26\n|\n|t:|1701099424\n|move|p1a: Zacian|Behemoth Blade|p2a: Giratina\n|-damage|p2a: Giratina|0 fnt\n|faint|p2a: Giratina\n|\n|win|Heavenly demon 00\n|n|\u203dHeavenly demon 00|heavenlydemon00\n|n|\u2606LasanVGC|lasanvgc\n","uploadtime":1701099425,"views":1,"p1id":"heavenlydemon00","p2id":"lasanvgc","formatid":"gen9ubers","rating":0,"private":0,"password":""}