{"id":"gen9ubers-1997318107","p1":"Mazapans","p2":"Anne Frankkkk","format":"[Gen 9] Ubers","log":"|j|\u2606Mazapans\n|j|\u2606Anne Frankkkk\n|t:|1700788741\n|gametype|singles\n|player|p1|Mazapans|170|1121\n|player|p2|Anne Frankkkk|hilbert|1187\n|teamsize|p1|6\n|teamsize|p2|6\n|gen|9\n|tier|[Gen 9] Ubers\n|rated|\n|rule|Sleep Clause Mod: Limit one foe put to sleep\n|rule|Species Clause: Limit one of each Pok\u00e9mon\n|rule|OHKO Clause: OHKO moves are banned\n|rule|Evasion Items Clause: Evasion items are banned\n|rule|Evasion Moves Clause: Evasion moves are banned\n|rule|Endless Battle Clause: Forcing endless battles is banned\n|rule|HP Percentage Mod: HP is shown in percentages\n|clearpoke\n|poke|p1|Koraidon|\n|poke|p1|Toxapex, M|\n|poke|p1|Alomomola, F|\n|poke|p1|Great Tusk|\n|poke|p1|Roaring Moon|\n|poke|p1|Ogerpon-Hearthflame, F|\n|poke|p2|Regieleki|\n|poke|p2|Kyogre|\n|poke|p2|Chien-Pao|\n|poke|p2|Ribombee, F|\n|poke|p2|Miraidon|\n|poke|p2|Flutter Mane|\n|teampreview\n|inactive|Battle timer is ON: inactive players will automatically lose when time's up. (requested by Anne Frankkkk)\n|\n|t:|1700788754\n|start\n|switch|p1a: Toxapex|Toxapex, M|100\/100\n|switch|p2a: Moonblast|Ribombee, F, shiny|100\/100\n|turn|1\n|\n|t:|1700788759\n|move|p2a: Moonblast|Sticky Web|p1a: Toxapex\n|-sidestart|p1: Mazapans|move: Sticky Web\n|move|p1a: Toxapex|Toxic Spikes|p2a: Moonblast\n|-sidestart|p2: Anne Frankkkk|move: Toxic Spikes\n|\n|upkeep\n|turn|2\n|\n|t:|1700788765\n|move|p2a: Moonblast|Stun Spore|p1a: Toxapex\n|-status|p1a: Toxapex|par\n|move|p1a: Toxapex|Poison Jab|p2a: Moonblast\n|-supereffective|p2a: Moonblast\n|-crit|p2a: Moonblast\n|-enditem|p2a: Moonblast|Focus Sash\n|-damage|p2a: Moonblast|1\/100\n|\n|upkeep\n|turn|3\n|j| kekelaal\n|\n|t:|1700788774\n|move|p2a: Moonblast|Moonblast|p1a: Toxapex\n|-resisted|p1a: Toxapex\n|-damage|p1a: Toxapex|87\/100 par\n|-enditem|p1a: Toxapex|Eject Button\n|\n|t:|1700788784\n|switch|p1a: Great Tusk|Great Tusk|100\/100\n|-activate|p1a: Great Tusk|move: Sticky Web\n|-unboost|p1a: Great Tusk|spe|1\n|-enditem|p1a: Great Tusk|Booster Energy\n|-activate|p1a: Great Tusk|ability: Protosynthesis|[fromitem]\n|-start|p1a: Great Tusk|protosynthesisatk\n|\n|upkeep\n|turn|4\n|\n|t:|1700788791\n|switch|p2a: Misdreavius|Flutter Mane, shiny|100\/100\n|-status|p2a: Misdreavius|psn\n|-enditem|p2a: Misdreavius|Booster Energy\n|-activate|p2a: Misdreavius|ability: Protosynthesis|[fromitem]\n|-start|p2a: Misdreavius|protosynthesisspe\n|-terastallize|p1a: Great Tusk|Ground\n|move|p1a: Great Tusk|Rapid Spin|p2a: Misdreavius\n|-immune|p2a: Misdreavius\n|\n|-damage|p2a: Misdreavius|88\/100 psn|[from] psn\n|upkeep\n|turn|5\n|\n|t:|1700788800\n|move|p2a: Misdreavius|Moonblast|p1a: Great Tusk\n|-damage|p1a: Great Tusk|17\/100\n|-unboost|p1a: Great Tusk|spa|1\n|move|p1a: Great Tusk|Earthquake|p2a: Misdreavius\n|-damage|p2a: Misdreavius|0 fnt\n|faint|p2a: Misdreavius\n|-end|p2a: Misdreavius|Protosynthesis|[silent]\n|\n|upkeep\n|\n|t:|1700788809\n|switch|p2a: Moonblast|Ribombee, F, shiny|1\/100\n|-status|p2a: Moonblast|psn\n|turn|6\n|\n|t:|1700788816\n|-end|p1a: Great Tusk|Protosynthesis|[silent]\n|switch|p1a: Alomomola|Alomomola, F|100\/100\n|-activate|p1a: Alomomola|move: Sticky Web\n|-unboost|p1a: Alomomola|spe|1\n|move|p2a: Moonblast|Moonblast|p1a: Alomomola\n|-damage|p1a: Alomomola|51\/100\n|-unboost|p1a: Alomomola|spa|1\n|\n|-damage|p2a: Moonblast|0 fnt|[from] psn\n|faint|p2a: Moonblast\n|upkeep\n|\n|t:|1700788820\n|switch|p2a: Bzzzzt|Regieleki, shiny|100\/100\n|-status|p2a: Bzzzzt|psn\n|turn|7\n|\n|t:|1700788827\n|move|p1a: Alomomola|Protect|p1a: Alomomola\n|-singleturn|p1a: Alomomola|Protect\n|move|p2a: Bzzzzt|Rapid Spin|p1a: Alomomola\n|-activate|p1a: Alomomola|move: Protect\n|\n|-damage|p2a: Bzzzzt|88\/100 psn|[from] psn\n|upkeep\n|turn|8\n|\n|t:|1700788836\n|move|p2a: Bzzzzt|Rapid Spin|p1a: Alomomola\n|-damage|p1a: Alomomola|46\/100\n|-boost|p2a: Bzzzzt|spe|1\n|-damage|p2a: Bzzzzt|72\/100 psn|[from] item: Rocky Helmet|[of] p1a: Alomomola\n|-sideend|p2: Anne Frankkkk|Toxic Spikes|[from] move: Rapid Spin|[of] p2a: Bzzzzt\n|move|p1a: Alomomola|Wish|p1a: Alomomola\n|\n|-damage|p2a: Bzzzzt|59\/100 psn|[from] psn\n|upkeep\n|turn|9\n|\n|t:|1700788844\n|move|p1a: Alomomola|Protect|p1a: Alomomola\n|-singleturn|p1a: Alomomola|Protect\n|move|p2a: Bzzzzt|Thunder Cage|p1a: Alomomola\n|-activate|p1a: Alomomola|move: Protect\n|\n|-heal|p1a: Alomomola|96\/100|[from] move: Wish|[wisher] Alomomola\n|-damage|p2a: Bzzzzt|47\/100 psn|[from] psn\n|upkeep\n|turn|10\n|\n|t:|1700788855\n|switch|p1a: Great Tusk|Great Tusk, tera:Ground|17\/100\n|-activate|p1a: Great Tusk|move: Sticky Web\n|-unboost|p1a: Great Tusk|spe|1\n|move|p2a: Bzzzzt|Tera Blast|p1a: Great Tusk\n|-damage|p1a: Great Tusk|0 fnt\n|faint|p1a: Great Tusk\n|-end|p1a: Great Tusk|Protosynthesis|[silent]\n|\n|-damage|p2a: Bzzzzt|35\/100 psn|[from] psn\n|upkeep\n|\n|t:|1700788867\n|switch|p1a: Alomomola|Alomomola, F|100\/100\n|-activate|p1a: Alomomola|move: Sticky Web\n|-unboost|p1a: Alomomola|spe|1\n|turn|11\n|\n|t:|1700788874\n|switch|p2a: Cyber Lizard|Miraidon|100\/100\n|-fieldstart|move: Electric Terrain|[from] ability: Hadron Engine|[of] p2a: Cyber Lizard\n|-item|p2a: Cyber Lizard|Air Balloon\n|move|p1a: Alomomola|Protect||[still]\n|-fail|p1a: Alomomola\n|\n|upkeep\n|turn|12\n|\n|t:|1700788878\n|move|p2a: Cyber Lizard|Calm Mind|p2a: Cyber Lizard\n|-boost|p2a: Cyber Lizard|spa|1\n|-boost|p2a: Cyber Lizard|spd|1\n|move|p1a: Alomomola|Play Rough|p2a: Cyber Lizard\n|-supereffective|p2a: Cyber Lizard\n|-damage|p2a: Cyber Lizard|69\/100\n|-enditem|p2a: Cyber Lizard|Air Balloon\n|\n|upkeep\n|turn|13\n|\n|t:|1700788885\n|move|p2a: Cyber Lizard|Calm Mind|p2a: Cyber Lizard\n|-boost|p2a: Cyber Lizard|spa|1\n|-boost|p2a: Cyber Lizard|spd|1\n|move|p1a: Alomomola|Play Rough|p2a: Cyber Lizard\n|-supereffective|p2a: Cyber Lizard\n|-damage|p2a: Cyber Lizard|39\/100\n|\n|upkeep\n|turn|14\n|\n|t:|1700788892\n|move|p1a: Alomomola|Protect|p1a: Alomomola\n|-singleturn|p1a: Alomomola|Protect\n|move|p2a: Cyber Lizard|Electro Drift|p1a: Alomomola\n|-activate|p1a: Alomomola|move: Protect\n|\n|upkeep\n|turn|15\n|\n|t:|1700788897\n|move|p2a: Cyber Lizard|Electro Drift|p1a: Alomomola\n|-supereffective|p1a: Alomomola\n|-damage|p1a: Alomomola|0 fnt\n|-damage|p2a: Cyber Lizard|22\/100|[from] item: Rocky Helmet|[of] p1a: Alomomola\n|faint|p1a: Alomomola\n|\n|-fieldend|move: Electric Terrain\n|upkeep\n|\n|t:|1700788900\n|switch|p1a: Ogerpon|Ogerpon-Hearthflame, F|100\/100\n|-activate|p1a: Ogerpon|move: Sticky Web\n|-unboost|p1a: Ogerpon|spe|1\n|-ability|p1a: Ogerpon|Mold Breaker\n|turn|16\n|\n|t:|1700788903\n|move|p2a: Cyber Lizard|Dragon Pulse|p1a: Ogerpon\n|-damage|p1a: Ogerpon|0 fnt\n|faint|p1a: Ogerpon\n|\n|upkeep\n|\n|t:|1700788912\n|switch|p1a: Koraidon|Koraidon|100\/100\n|-activate|p1a: Koraidon|move: Sticky Web\n|-unboost|p1a: Koraidon|spe|1\n|-weather|SunnyDay|[from] ability: Orichalcum Pulse|[of] p1a: Koraidon\n|-activate|p1a: Koraidon|Orichalcum Pulse|[source]\n|turn|17\n|\n|t:|1700788915\n|move|p2a: Cyber Lizard|Dragon Pulse|p1a: Koraidon\n|-supereffective|p1a: Koraidon\n|-damage|p1a: Koraidon|0 fnt\n|faint|p1a: Koraidon\n|\n|-weather|SunnyDay|[upkeep]\n|upkeep\n|\n|t:|1700788917\n|switch|p1a: Roaring Moon|Roaring Moon|100\/100\n|-activate|p1a: Roaring Moon|move: Sticky Web\n|-unboost|p1a: Roaring Moon|spe|1\n|-activate|p1a: Roaring Moon|ability: Protosynthesis\n|-start|p1a: Roaring Moon|protosynthesisatk\n|turn|18\n|\n|t:|1700788919\n|move|p2a: Cyber Lizard|Dragon Pulse|p1a: Roaring Moon\n|-supereffective|p1a: Roaring Moon\n|-damage|p1a: Roaring Moon|0 fnt\n|faint|p1a: Roaring Moon\n|-end|p1a: Roaring Moon|Protosynthesis|[silent]\n|\n|-weather|SunnyDay|[upkeep]\n|upkeep\n|\n|t:|1700788921\n|switch|p1a: Toxapex|Toxapex, M|100\/100 par\n|-activate|p1a: Toxapex|move: Sticky Web\n|-unboost|p1a: Toxapex|spe|1\n|turn|19\n|\n|t:|1700788922\n|move|p2a: Cyber Lizard|Electro Drift|p1a: Toxapex\n|-supereffective|p1a: Toxapex\n|-damage|p1a: Toxapex|0 fnt\n|faint|p1a: Toxapex\n|\n|win|Anne Frankkkk\n|raw|Mazapans's rating: 1121 &rarr; <strong>1101<\/strong><br \/>(-20 for losing)\n|raw|Anne Frankkkk's rating: 1187 &rarr; <strong>1207<\/strong><br \/>(+20 for winning)\n|l|\u2606Mazapans\n","uploadtime":1700788930,"views":5,"p1id":"mazapans","p2id":"annefrankkkk","formatid":"gen9ubers","rating":1101,"private":0,"password":""}