{"id":"gen9ubers-1986419234","p1":"Simp4greedent","p2":"MUCKX47","format":"[Gen 9] Ubers","log":"|j|\u2606Simp4greedent\n|j|\u2606MUCKX47\n|t:|1699477461\n|gametype|singles\n|player|p1|Simp4greedent|102|\n|player|p2|MUCKX47|266|\n|teamsize|p1|6\n|teamsize|p2|6\n|gen|9\n|tier|[Gen 9] Ubers\n|rule|Sleep Clause Mod: Limit one foe put to sleep\n|rule|Species Clause: Limit one of each Pok\u00e9mon\n|rule|OHKO Clause: OHKO moves are banned\n|rule|Evasion Items Clause: Evasion items are banned\n|rule|Evasion Moves Clause: Evasion moves are banned\n|rule|Endless Battle Clause: Forcing endless battles is banned\n|rule|HP Percentage Mod: HP is shown in percentages\n|clearpoke\n|poke|p1|Ursaluna-Bloodmoon, M|\n|poke|p1|Mew|\n|poke|p1|Grimmsnarl, M|\n|poke|p1|Glimmora, F|\n|poke|p1|Tatsugiri, M|\n|poke|p1|Tornadus-Therian, M|\n|poke|p2|Iron Bundle|\n|poke|p2|Mandibuzz, F|\n|poke|p2|Haxorus, F|\n|poke|p2|Dondozo, F|\n|poke|p2|Goodra-Hisui, M|\n|poke|p2|Toxicroak, M|\n|teampreview\n|c|\u2606Simp4greedent|Gl hf buddy\n|c|\u2606Simp4greedent|I\u2019m on my phone can you drop the link?\n|c|\u2606MUCKX47|Yea ofc, GLHF!\n|j| worms219\n|j| victreebellend\n|c| worms219|that nerd is on mobile he'll never see that im calling him beautiful\n|c|\u2606MUCKX47|where tf is porygon?\n|c|\u2606Simp4greedent|No YOURE beautiful\n|c|\u2606MUCKX47|Where tf do I need to put the link to get the bot to join?\n|c|\u2606MUCKX47|or am i stupid?\n|c| victreebellend|porygon's passed away hasn't it? now that draftleague.nl is gone\n|c|\u2606MUCKX47|kk\n|\n|t:|1699477732\n|start\n|switch|p1a: Tory Lane|Glimmora, F|100\/100\n|switch|p2a: Toxicroak|Toxicroak, M|100\/100\n|turn|1\n|c|\u2606Simp4greedent|Might just be down\n|\n|t:|1699477752\n|move|p1a: Tory Lane|Earth Power|p2a: Toxicroak\n|-supereffective|p2a: Toxicroak\n|-crit|p2a: Toxicroak\n|-damage|p2a: Toxicroak|0 fnt\n|faint|p2a: Toxicroak\n|\n|upkeep\n|\n|t:|1699477777\n|switch|p2a: Dondozo|Dondozo, F|100\/100\n|turn|2\n|\n|t:|1699477804\n|switch|p1a: Mia Khalifa|Tatsugiri, M|100\/100\n|move|p2a: Dondozo|Liquidation|p1a: Mia Khalifa\n|-ability|p1a: Mia Khalifa|Storm Drain|boost\n|-boost|p1a: Mia Khalifa|spa|1\n|\n|upkeep\n|turn|3\n|\n|t:|1699477826\n|-terastallize|p1a: Mia Khalifa|Dragon\n|move|p1a: Mia Khalifa|Draco Meteor|p2a: Dondozo\n|-crit|p2a: Dondozo\n|-damage|p2a: Dondozo|0 fnt\n|-unboost|p1a: Mia Khalifa|spa|2\n|faint|p2a: Dondozo\n|\n|upkeep\n|c|\u2606MUCKX47|god i suck\n|c|\u2606Simp4greedent|Jesus Christ im sorry for these b2b crits\n|\n|t:|1699477862\n|switch|p2a: Haxorus|Haxorus, F|100\/100\n|-ability|p2a: Haxorus|Mold Breaker\n|turn|4\n|\n|t:|1699477880\n|-terastallize|p2a: Haxorus|Electric\n|move|p2a: Haxorus|Scale Shot|p1a: Mia Khalifa\n|-supereffective|p1a: Mia Khalifa\n|-damage|p1a: Mia Khalifa|61\/100\n|-supereffective|p1a: Mia Khalifa\n|-damage|p1a: Mia Khalifa|13\/100\n|-supereffective|p1a: Mia Khalifa\n|-damage|p1a: Mia Khalifa|0 fnt\n|faint|p1a: Mia Khalifa\n|-hitcount|p1: Mia Khalifa|3\n|-unboost|p2a: Haxorus|def|1\n|-boost|p2a: Haxorus|spe|1\n|\n|upkeep\n|\n|t:|1699477892\n|switch|p1a: Sasha Grey|Grimmsnarl, M|100\/100\n|turn|5\n|\n|t:|1699477915\n|move|p1a: Sasha Grey|Reflect|p1a: Sasha Grey\n|-sidestart|p1: Simp4greedent|Reflect\n|move|p2a: Haxorus|Iron Head|p1a: Sasha Grey\n|-supereffective|p1a: Sasha Grey\n|-damage|p1a: Sasha Grey|63\/100\n|\n|upkeep\n|turn|6\n|\n|t:|1699477923\n|move|p1a: Sasha Grey|Parting Shot|p2a: Haxorus\n|-unboost|p2a: Haxorus|atk|1\n|-unboost|p2a: Haxorus|spa|1\n|\n|t:|1699477929\n|switch|p1a: Belle Delphine|Mew|100\/100|[from] Parting Shot\n|move|p2a: Haxorus|Swords Dance|p2a: Haxorus\n|-boost|p2a: Haxorus|atk|2\n|\n|upkeep\n|turn|7\n|c| victreebellend|greedent coming out for the most cultured nicknames <3\n|\n|t:|1699477967\n|move|p2a: Haxorus|Scale Shot|p1a: Belle Delphine|[miss]\n|-miss|p2a: Haxorus|p1a: Belle Delphine\n|move|p1a: Belle Delphine|Trick Room|p1a: Belle Delphine\n|-fieldstart|move: Trick Room|[of] p1a: Belle Delphine\n|\n|upkeep\n|turn|8\n|l| worms219\n|j| urcant\n|\n|t:|1699478011\n|switch|p2a: Goodra|Goodra-Hisui, M|100\/100\n|move|p1a: Belle Delphine|Dazzling Gleam|p2a: Goodra\n|-damage|p2a: Goodra|92\/100\n|\n|upkeep\n|turn|9\n|\n|t:|1699478031\n|switch|p1a: Tory Lane|Glimmora, F|100\/100\n|move|p2a: Goodra|Flash Cannon|p1a: Tory Lane\n|-supereffective|p1a: Tory Lane\n|-enditem|p1a: Tory Lane|Focus Sash\n|-damage|p1a: Tory Lane|1\/100\n|\n|upkeep\n|turn|10\n|\n|t:|1699478045\n|move|p2a: Goodra|Flash Cannon|p1a: Tory Lane\n|-supereffective|p1a: Tory Lane\n|-damage|p1a: Tory Lane|0 fnt\n|faint|p1a: Tory Lane\n|\n|upkeep\n|\n|t:|1699478051\n|switch|p1a: Riley Reid|Ursaluna-Bloodmoon, M|100\/100\n|turn|11\n|l| urcant\n|\n|t:|1699478086\n|switch|p2a: Mandibuzz|Mandibuzz, F|100\/100\n|move|p1a: Riley Reid|Moonblast|p2a: Mandibuzz\n|-supereffective|p2a: Mandibuzz\n|-damage|p2a: Mandibuzz|43\/100\n|-unboost|p2a: Mandibuzz|spa|1\n|\n|-fieldend|move: Trick Room\n|upkeep\n|turn|12\n|\n|t:|1699478096\n|move|p2a: Mandibuzz|Toxic|p1a: Riley Reid\n|-status|p1a: Riley Reid|tox\n|-enditem|p1a: Riley Reid|Lum Berry|[eat]\n|-curestatus|p1a: Riley Reid|tox|[msg]\n|move|p1a: Riley Reid|Moonblast|p2a: Mandibuzz\n|-supereffective|p2a: Mandibuzz\n|-damage|p2a: Mandibuzz|0 fnt\n|faint|p2a: Mandibuzz\n|\n|-sideend|p1: Simp4greedent|Reflect\n|upkeep\n|\n|t:|1699478119\n|switch|p2a: Iron Bundle|Iron Bundle|100\/100\n|turn|13\n|\n|t:|1699478138\n|switch|p1a: Micc|Tornadus-Therian, M|100\/100\n|move|p2a: Iron Bundle|Ice Beam|p1a: Micc\n|-supereffective|p1a: Micc\n|-damage|p1a: Micc|0 fnt\n|faint|p1a: Micc\n|\n|upkeep\n|\n|t:|1699478147\n|switch|p1a: Sasha Grey|Grimmsnarl, M|63\/100\n|turn|14\n|\n|t:|1699478151\n|move|p1a: Sasha Grey|Light Screen|p1a: Sasha Grey\n|-sidestart|p1: Simp4greedent|move: Light Screen\n|move|p2a: Iron Bundle|Ice Beam|p1a: Sasha Grey\n|-damage|p1a: Sasha Grey|34\/100\n|\n|upkeep\n|turn|15\n|\n|t:|1699478161\n|-end|p2a: Iron Bundle|Quark Drive|[silent]\n|switch|p2a: Goodra|Goodra-Hisui, M|92\/100\n|move|p1a: Sasha Grey|Spirit Break|p2a: Goodra\n|-damage|p2a: Goodra|64\/100\n|-unboost|p2a: Goodra|spa|1\n|\n|upkeep\n|turn|16\n|\n|t:|1699478171\n|move|p1a: Sasha Grey|Reflect|p1a: Sasha Grey\n|-sidestart|p1: Simp4greedent|Reflect\n|move|p2a: Goodra|Flash Cannon|p1a: Sasha Grey\n|-supereffective|p1a: Sasha Grey\n|-damage|p1a: Sasha Grey|13\/100\n|-unboost|p1a: Sasha Grey|spd|1\n|\n|upkeep\n|turn|17\n|\n|t:|1699478178\n|move|p2a: Goodra|Flash Cannon|p1a: Sasha Grey\n|-supereffective|p1a: Sasha Grey\n|-damage|p1a: Sasha Grey|0 fnt\n|faint|p1a: Sasha Grey\n|\n|upkeep\n|\n|t:|1699478188\n|switch|p1a: Riley Reid|Ursaluna-Bloodmoon, M|100\/100\n|turn|18\n|\n|t:|1699478200\n|move|p2a: Goodra|Hydro Pump|p1a: Riley Reid\n|-supereffective|p1a: Riley Reid\n|-damage|p1a: Riley Reid|71\/100\n|move|p1a: Riley Reid|Earth Power|p2a: Goodra\n|-supereffective|p2a: Goodra\n|-damage|p2a: Goodra|20\/100\n|\n|upkeep\n|turn|19\n|\n|t:|1699478208\n|move|p2a: Goodra|Hydro Pump|p1a: Riley Reid\n|-supereffective|p1a: Riley Reid\n|-damage|p1a: Riley Reid|44\/100\n|move|p1a: Riley Reid|Earth Power|p2a: Goodra\n|-supereffective|p2a: Goodra\n|-damage|p2a: Goodra|0 fnt\n|faint|p2a: Goodra\n|\n|upkeep\n|\n|t:|1699478238\n|switch|p2a: Iron Bundle|Iron Bundle|100\/100\n|turn|20\n|\n|t:|1699478244\n|move|p1a: Riley Reid|Vacuum Wave|p2a: Iron Bundle\n|-supereffective|p2a: Iron Bundle\n|-damage|p2a: Iron Bundle|42\/100\n|move|p2a: Iron Bundle|Ice Beam|p1a: Riley Reid\n|-supereffective|p1a: Riley Reid\n|-damage|p1a: Riley Reid|0 fnt\n|faint|p1a: Riley Reid\n|\n|upkeep\n|\n|t:|1699478252\n|switch|p1a: Belle Delphine|Mew|100\/100\n|turn|21\n|\n|t:|1699478265\n|-end|p2a: Iron Bundle|Quark Drive|[silent]\n|switch|p2a: Haxorus|Haxorus, F, tera:Electric|100\/100\n|-ability|p2a: Haxorus|Mold Breaker\n|move|p1a: Belle Delphine|Trick Room|p1a: Belle Delphine\n|-fieldstart|move: Trick Room|[of] p1a: Belle Delphine\n|\n|-sideend|p1: Simp4greedent|move: Light Screen\n|upkeep\n|turn|22\n|\n|t:|1699478274\n|move|p1a: Belle Delphine|Earth Power|p2a: Haxorus\n|-supereffective|p2a: Haxorus\n|-damage|p2a: Haxorus|35\/100\n|move|p2a: Haxorus|Swords Dance|p2a: Haxorus\n|-boost|p2a: Haxorus|atk|2\n|\n|upkeep\n|turn|23\n|\n|t:|1699478293\n|move|p1a: Belle Delphine|Earth Power|p2a: Haxorus\n|-supereffective|p2a: Haxorus\n|-damage|p2a: Haxorus|0 fnt\n|faint|p2a: Haxorus\n|\n|-sideend|p1: Simp4greedent|Reflect\n|upkeep\n|\n|t:|1699478299\n|switch|p2a: Iron Bundle|Iron Bundle|42\/100\n|turn|24\n|\n|t:|1699478302\n|move|p1a: Belle Delphine|Earth Power|p2a: Iron Bundle\n|-damage|p2a: Iron Bundle|3\/100\n|-unboost|p2a: Iron Bundle|spd|1\n|move|p2a: Iron Bundle|Ice Beam|p1a: Belle Delphine\n|-damage|p1a: Belle Delphine|57\/100\n|\n|-heal|p1a: Belle Delphine|64\/100|[from] item: Leftovers\n|upkeep\n|turn|25\n|\n|t:|1699478313\n|move|p1a: Belle Delphine|Earth Power|p2a: Iron Bundle\n|-damage|p2a: Iron Bundle|0 fnt\n|faint|p2a: Iron Bundle\n|-end|p2a: Iron Bundle|Quark Drive|[silent]\n|\n|win|Simp4greedent\n|c|\u2606MUCKX47|gg\n|c|\u2606Simp4greedent|Gg\n|l| victreebellend\n","uploadtime":1699478336,"views":52,"p1id":"simp4greedent","p2id":"muckx47","formatid":"gen9ubers","rating":0,"private":0,"password":""}