{"id":"gen9ubers-1968354811","p1":"47GG","p2":"TheBallsmaSpace","format":"[Gen 9] Ubers","log":"|j|\u260647GG\n|j|\u2606TheBallsmaSpace\n|t:|1697409410\n|gametype|singles\n|player|p1|47GG|hiker-gen4|1232\n|player|p2|TheBallsmaSpace|169|1375\n|teamsize|p1|6\n|teamsize|p2|6\n|gen|9\n|tier|[Gen 9] Ubers\n|rated|\n|rule|Sleep Clause Mod: Limit one foe put to sleep\n|rule|Species Clause: Limit one of each Pok\u00e9mon\n|rule|OHKO Clause: OHKO moves are banned\n|rule|Evasion Items Clause: Evasion items are banned\n|rule|Evasion Moves Clause: Evasion moves are banned\n|rule|Endless Battle Clause: Forcing endless battles is banned\n|rule|HP Percentage Mod: HP is shown in percentages\n|clearpoke\n|poke|p1|Giratina-Origin|\n|poke|p1|Arceus-Ground|\n|poke|p1|Koraidon|\n|poke|p1|Eternatus|\n|poke|p1|Landorus, M|\n|poke|p1|Kyogre|\n|poke|p2|Basculegion, M|\n|poke|p2|Miraidon|\n|poke|p2|Dondozo, F|\n|poke|p2|Koraidon|\n|poke|p2|Zacian-*|\n|poke|p2|Arceus-Poison|\n|teampreview\n|\n|t:|1697409433\n|start\n|switch|p1a: Koraidon|Koraidon|100\/100\n|switch|p2a: Arceus|Arceus-Poison|100\/100\n|-weather|SunnyDay|[from] ability: Orichalcum Pulse|[of] p1a: Koraidon\n|-activate|p1a: Koraidon|Orichalcum Pulse|[source]\n|turn|1\n|\n|t:|1697409446\n|move|p1a: Koraidon|U-turn|p2a: Arceus\n|-resisted|p2a: Arceus\n|-damage|p2a: Arceus|88\/100\n|\n|t:|1697409450\n|switch|p1a: Arceus|Arceus-Ground|100\/100|[from] U-turn\n|move|p2a: Arceus|Poison Jab|p1a: Arceus\n|-resisted|p1a: Arceus\n|-damage|p1a: Arceus|82\/100\n|\n|-weather|SunnyDay|[upkeep]\n|upkeep\n|turn|2\n|\n|t:|1697409454\n|move|p2a: Arceus|Liquidation|p1a: Arceus\n|-supereffective|p1a: Arceus\n|-damage|p1a: Arceus|60\/100\n|move|p1a: Arceus|Earthquake|p2a: Arceus\n|-supereffective|p2a: Arceus\n|-damage|p2a: Arceus|0 fnt\n|faint|p2a: Arceus\n|\n|-weather|SunnyDay|[upkeep]\n|upkeep\n|\n|t:|1697409465\n|switch|p2a: Dondozo|Dondozo, F|100\/100\n|turn|3\n|\n|t:|1697409477\n|switch|p1a: Giratina|Giratina-Origin|100\/100\n|move|p2a: Dondozo|Curse|p2a: Dondozo\n|-unboost|p2a: Dondozo|spe|1\n|-boost|p2a: Dondozo|atk|1\n|-boost|p2a: Dondozo|def|1\n|\n|-weather|SunnyDay|[upkeep]\n|upkeep\n|turn|4\n|\n|t:|1697409491\n|move|p1a: Giratina|Will-O-Wisp|p2a: Dondozo\n|-status|p2a: Dondozo|brn\n|move|p2a: Dondozo|Curse|p2a: Dondozo\n|-unboost|p2a: Dondozo|spe|1\n|-boost|p2a: Dondozo|atk|1\n|-boost|p2a: Dondozo|def|1\n|\n|-weather|SunnyDay|[upkeep]\n|-damage|p2a: Dondozo|94\/100 brn|[from] brn\n|upkeep\n|turn|5\n|\n|t:|1697409498\n|move|p1a: Giratina|Hex|p2a: Dondozo\n|-damage|p2a: Dondozo|42\/100 brn\n|move|p2a: Dondozo|Curse|p2a: Dondozo\n|-unboost|p2a: Dondozo|spe|1\n|-boost|p2a: Dondozo|atk|1\n|-boost|p2a: Dondozo|def|1\n|\n|-weather|none\n|-heal|p2a: Dondozo|48\/100 brn|[from] item: Leftovers\n|-damage|p2a: Dondozo|42\/100 brn|[from] brn\n|upkeep\n|turn|6\n|\n|t:|1697409508\n|-terastallize|p2a: Dondozo|Normal\n|move|p1a: Giratina|Hex|p2a: Dondozo\n|-immune|p2a: Dondozo\n|move|p2a: Dondozo|Curse|p2a: Dondozo\n|-unboost|p2a: Dondozo|spe|1\n|-boost|p2a: Dondozo|atk|1\n|-boost|p2a: Dondozo|def|1\n|\n|-heal|p2a: Dondozo|48\/100 brn|[from] item: Leftovers\n|-damage|p2a: Dondozo|42\/100 brn|[from] brn\n|upkeep\n|turn|7\n|\n|t:|1697409512\n|move|p1a: Giratina|Draco Meteor|p2a: Dondozo\n|-damage|p2a: Dondozo|0 fnt\n|-unboost|p1a: Giratina|spa|2\n|faint|p2a: Dondozo\n|\n|upkeep\n|\n|t:|1697409522\n|switch|p2a: Basculegion|Basculegion, M|100\/100\n|turn|8\n|\n|t:|1697409528\n|move|p2a: Basculegion|Last Respects|p1a: Giratina\n|-supereffective|p1a: Giratina\n|-damage|p1a: Giratina|0 fnt\n|faint|p1a: Giratina\n|\n|upkeep\n|\n|t:|1697409542\n|switch|p1a: Koraidon|Koraidon|100\/100\n|-weather|SunnyDay|[from] ability: Orichalcum Pulse|[of] p1a: Koraidon\n|-activate|p1a: Koraidon|Orichalcum Pulse|[source]\n|turn|9\n|\n|t:|1697409551\n|move|p1a: Koraidon|Dragon Claw|p2a: Basculegion\n|-damage|p2a: Basculegion|33\/100\n|move|p2a: Basculegion|Last Respects|p1a: Koraidon\n|-damage|p1a: Koraidon|23\/100\n|\n|-weather|SunnyDay|[upkeep]\n|upkeep\n|turn|10\n|\n|t:|1697409558\n|switch|p1a: Eternatus|Eternatus|100\/100\n|-ability|p1a: Eternatus|Pressure\n|switch|p2a: Zacian|Zacian-Crowned|100\/100\n|-ability|p2a: Zacian|Intrepid Sword|boost\n|-boost|p2a: Zacian|atk|1\n|\n|-weather|SunnyDay|[upkeep]\n|upkeep\n|turn|11\n|\n|t:|1697409564\n|move|p2a: Zacian|Behemoth Blade|p1a: Eternatus\n|-damage|p1a: Eternatus|32\/100\n|move|p1a: Eternatus|Flamethrower|p2a: Zacian\n|-supereffective|p2a: Zacian\n|-damage|p2a: Zacian|20\/100\n|\n|-weather|SunnyDay|[upkeep]\n|-heal|p1a: Eternatus|38\/100|[from] item: Leftovers\n|upkeep\n|turn|12\n|\n|t:|1697409568\n|move|p2a: Zacian|Behemoth Blade|p1a: Eternatus\n|-damage|p1a: Eternatus|0 fnt\n|faint|p1a: Eternatus\n|\n|-weather|SunnyDay|[upkeep]\n|upkeep\n|\n|t:|1697409570\n|switch|p1a: Koraidon|Koraidon|23\/100\n|-activate|p1a: Koraidon|ability: Orichalcum Pulse\n|turn|13\n|\n|t:|1697409577\n|move|p1a: Koraidon|Flare Blitz|p2a: Zacian\n|-supereffective|p2a: Zacian\n|-damage|p2a: Zacian|0 fnt\n|faint|p2a: Zacian\n|-damage|p1a: Koraidon|17\/100|[from] Recoil\n|\n|-weather|none\n|upkeep\n|\n|t:|1697409581\n|switch|p2a: Koraidon|Koraidon|100\/100\n|-weather|SunnyDay|[from] ability: Orichalcum Pulse|[of] p2a: Koraidon\n|-activate|p2a: Koraidon|Orichalcum Pulse|[source]\n|turn|14\n|\n|t:|1697409586\n|switch|p1a: Kyogre|Kyogre|100\/100\n|-weather|RainDance|[from] ability: Drizzle|[of] p1a: Kyogre\n|move|p2a: Koraidon|Scale Shot|p1a: Kyogre\n|-damage|p1a: Kyogre|90\/100\n|-damage|p1a: Kyogre|80\/100\n|-damage|p1a: Kyogre|71\/100\n|-damage|p1a: Kyogre|62\/100\n|-hitcount|p1a: Kyogre|4\n|-unboost|p2a: Koraidon|def|1\n|-boost|p2a: Koraidon|spe|1\n|\n|-weather|RainDance|[upkeep]\n|-heal|p1a: Kyogre|68\/100|[from] item: Leftovers\n|upkeep\n|turn|15\n|\n|t:|1697409601\n|move|p2a: Koraidon|Collision Course|p1a: Kyogre\n|-damage|p1a: Kyogre|29\/100\n|move|p1a: Kyogre|Ice Beam|p2a: Koraidon\n|-supereffective|p2a: Koraidon\n|-damage|p2a: Koraidon|45\/100\n|\n|-weather|RainDance|[upkeep]\n|-heal|p2a: Koraidon|51\/100|[from] item: Leftovers\n|-heal|p1a: Kyogre|36\/100|[from] item: Leftovers\n|upkeep\n|turn|16\n|\n|t:|1697409617\n|-terastallize|p1a: Kyogre|Fairy\n|move|p2a: Koraidon|Collision Course|p1a: Kyogre\n|-resisted|p1a: Kyogre\n|-damage|p1a: Kyogre|19\/100\n|move|p1a: Kyogre|Ice Beam|p2a: Koraidon\n|-supereffective|p2a: Koraidon\n|-damage|p2a: Koraidon|0 fnt\n|faint|p2a: Koraidon\n|\n|-weather|RainDance|[upkeep]\n|-heal|p1a: Kyogre|25\/100|[from] item: Leftovers\n|upkeep\n|\n|t:|1697409621\n|switch|p2a: Miraidon|Miraidon|100\/100\n|-fieldstart|move: Electric Terrain|[from] ability: Hadron Engine|[of] p2a: Miraidon\n|-enditem|p2a: Miraidon|Electric Seed\n|-boost|p2a: Miraidon|def|1|[from] item: Electric Seed\n|turn|17\n|\n|t:|1697409629\n|move|p2a: Miraidon|Parabolic Charge|p1a: Kyogre\n|-damage|p1a: Kyogre|0 fnt\n|faint|p1a: Kyogre\n|\n|-weather|RainDance|[upkeep]\n|upkeep\n|\n|t:|1697409639\n|switch|p1a: Landorus|Landorus, M|100\/100\n|turn|18\n|\n|t:|1697409649\n|move|p2a: Miraidon|Calm Mind|p2a: Miraidon\n|-boost|p2a: Miraidon|spa|1\n|-boost|p2a: Miraidon|spd|1\n|move|p1a: Landorus|Earth Power|p2a: Miraidon\n|-supereffective|p2a: Miraidon\n|-damage|p2a: Miraidon|13\/100\n|\n|-weather|none\n|upkeep\n|turn|19\n|\n|t:|1697409656\n|move|p2a: Miraidon|Dazzling Gleam|p1a: Landorus\n|-damage|p1a: Landorus|25\/100\n|move|p1a: Landorus|Earth Power|p2a: Miraidon\n|-supereffective|p2a: Miraidon\n|-crit|p2a: Miraidon\n|-damage|p2a: Miraidon|0 fnt\n|faint|p2a: Miraidon\n|\n|upkeep\n|\n|t:|1697409659\n|switch|p2a: Basculegion|Basculegion, M|33\/100\n|turn|20\n|\n|t:|1697409670\n|move|p2a: Basculegion|Last Respects|p1a: Landorus\n|-damage|p1a: Landorus|0 fnt\n|faint|p1a: Landorus\n|\n|upkeep\n|\n|t:|1697409674\n|switch|p1a: Koraidon|Koraidon|17\/100\n|-weather|SunnyDay|[from] ability: Orichalcum Pulse|[of] p1a: Koraidon\n|-activate|p1a: Koraidon|Orichalcum Pulse|[source]\n|turn|21\n|\n|t:|1697409676\n|move|p1a: Koraidon|Dragon Claw|p2a: Basculegion\n|-damage|p2a: Basculegion|0 fnt\n|faint|p2a: Basculegion\n|\n|win|47GG\n|raw|47GG's rating: 1232 &rarr; <strong>1267<\/strong><br \/>(+35 for winning)\n|raw|TheBallsmaSpace's rating: 1375 &rarr; <strong>1347<\/strong><br \/>(-28 for losing)\n","uploadtime":1697409679,"views":10,"p1id":"47gg","p2id":"theballsmaspace","formatid":"gen9ubers","rating":1267,"private":0,"password":""}