{"id":"gen9ubers-1980356918","p1":"Albaz Brand","p2":"GratedsShtickface","format":"[Gen 9] Ubers","log":"|j|\u2606Albaz Brand\n|j|\u2606GratedsShtickface\n|t:|1698777974\n|gametype|singles\n|player|p1|Albaz Brand|bellelba|\n|player|p2|GratedsShtickface|hiker-gen4|\n|teamsize|p1|6\n|teamsize|p2|6\n|gen|9\n|tier|[Gen 9] Ubers\n|rule|Sleep Clause Mod: Limit one foe put to sleep\n|rule|Species Clause: Limit one of each Pok\u00e9mon\n|rule|OHKO Clause: OHKO moves are banned\n|rule|Evasion Items Clause: Evasion items are banned\n|rule|Evasion Moves Clause: Evasion moves are banned\n|rule|Endless Battle Clause: Forcing endless battles is banned\n|rule|HP Percentage Mod: HP is shown in percentages\n|clearpoke\n|poke|p1|Torkoal, F|\n|poke|p1|Arceus-Grass|\n|poke|p1|Roaring Moon|\n|poke|p1|Walking Wake|\n|poke|p1|Iron Moth|\n|poke|p1|Magearna-Original|\n|poke|p2|Dialga-Origin|\n|poke|p2|Rillaboom, M|\n|poke|p2|Arceus-Fire|\n|poke|p2|Espathra, M|\n|poke|p2|Donphan, M|\n|poke|p2|Sneasler, M|\n|teampreview\n|inactive|Battle timer is ON: inactive players will automatically lose when time's up. (requested by GratedsShtickface)\n|c|\u2606Albaz Brand|Hmm\n|c|\u2606Albaz Brand|do u have a calc\n|c|\u2606GratedsShtickface|I have calcdex\n|c|\u2606GratedsShtickface|or do you need\n|c|\u2606GratedsShtickface|!calc\n|c| GratedsShtickface|\/raw <div class=\"infobox\">Pok&eacute;mon Showdown! damage calculator. (Courtesy of Honko, Austin, &amp; Kris)<br \/>- <a href=\"https:\/\/calc.pokemonshowdown.com\/index.html\">Damage Calculator<\/a><\/div>\n|c|\u2606Albaz Brand|was that sneezler not killing moth a roll?\n|c|\u2606GratedsShtickface|yeah\n|inactive|Albaz Brand has 270 seconds left.\n|c|\u2606GratedsShtickface|93.8%\n|\n|t:|1698778011\n|start\n|switch|p1a: Arceus|Arceus-Grass|100\/100\n|switch|p2a: Average Tusk|Donphan, M, shiny|100\/100\n|turn|1\n|\n|t:|1698778018\n|move|p1a: Arceus|Taunt|p2a: Average Tusk\n|-start|p2a: Average Tusk|move: Taunt\n|cant|p2a: Average Tusk|move: Taunt|Stealth Rock\n|\n|upkeep\n|turn|2\n|\n|t:|1698778023\n|move|p1a: Arceus|Calm Mind|p1a: Arceus\n|-boost|p1a: Arceus|spa|1\n|-boost|p1a: Arceus|spd|1\n|move|p2a: Average Tusk|Endeavor|p1a: Arceus\n|-damage|p1a: Arceus|73\/100\n|\n|upkeep\n|turn|3\n|\n|t:|1698778029\n|move|p1a: Arceus|Judgment|p2a: Average Tusk\n|-supereffective|p2a: Average Tusk\n|-ability|p2a: Average Tusk|Sturdy\n|-damage|p2a: Average Tusk|1\/100\n|move|p2a: Average Tusk|Rapid Spin|p1a: Arceus\n|-damage|p1a: Arceus|62\/100\n|-boost|p2a: Average Tusk|spe|1\n|\n|-end|p2a: Average Tusk|move: Taunt\n|upkeep\n|turn|4\n|-enditem|p2a: Average Tusk|Custap Berry|[eat]\n|-activate|p2a: Average Tusk|item: Custap Berry|[consumed]\n|\n|t:|1698778037\n|move|p2a: Average Tusk|Endeavor|p1a: Arceus\n|-damage|p1a: Arceus|1\/100\n|move|p1a: Arceus|Judgment|p2a: Average Tusk\n|-supereffective|p2a: Average Tusk\n|-damage|p2a: Average Tusk|0 fnt\n|faint|p2a: Average Tusk\n|\n|upkeep\n|\n|t:|1698778048\n|switch|p2a: The Ostrich|Espathra, M|100\/100\n|turn|5\n|\n|t:|1698778060\n|move|p1a: Arceus|Recover|p1a: Arceus\n|-heal|p1a: Arceus|51\/100\n|move|p2a: The Ostrich|Calm Mind|p2a: The Ostrich\n|-boost|p2a: The Ostrich|spa|1\n|-boost|p2a: The Ostrich|spd|1\n|\n|-ability|p2a: The Ostrich|Speed Boost|boost\n|-boost|p2a: The Ostrich|spe|1\n|upkeep\n|turn|6\n|\n|t:|1698778070\n|move|p2a: The Ostrich|Calm Mind|p2a: The Ostrich\n|-boost|p2a: The Ostrich|spa|1\n|-boost|p2a: The Ostrich|spd|1\n|move|p1a: Arceus|Judgment|p2a: The Ostrich\n|-damage|p2a: The Ostrich|30\/100\n|\n|-ability|p2a: The Ostrich|Speed Boost|boost\n|-boost|p2a: The Ostrich|spe|1\n|upkeep\n|turn|7\n|\n|t:|1698778081\n|move|p2a: The Ostrich|Protect|p2a: The Ostrich\n|-singleturn|p2a: The Ostrich|Protect\n|move|p1a: Arceus|Judgment|p2a: The Ostrich\n|-activate|p2a: The Ostrich|move: Protect\n|\n|-ability|p2a: The Ostrich|Speed Boost|boost\n|-boost|p2a: The Ostrich|spe|1\n|upkeep\n|turn|8\n|\n|t:|1698778097\n|move|p2a: The Ostrich|Stored Power|p1a: Arceus\n|-damage|p1a: Arceus|3\/100\n|move|p1a: Arceus|Judgment|p2a: The Ostrich\n|-damage|p2a: The Ostrich|0 fnt\n|faint|p2a: The Ostrich\n|\n|upkeep\n|\n|t:|1698778101\n|switch|p2a: Harambe|Rillaboom, M|100\/100\n|-fieldstart|move: Grassy Terrain|[from] ability: Grassy Surge|[of] p2a: Harambe\n|turn|9\n|\n|t:|1698778104\n|move|p2a: Harambe|U-turn|p1a: Arceus\n|-supereffective|p1a: Arceus\n|-damage|p1a: Arceus|0 fnt\n|faint|p1a: Arceus\n|\n|t:|1698778111\n|switch|p2a: Time Lord|Dialga-Origin, shiny|100\/100|[from] U-turn\n|-ability|p2a: Time Lord|Pressure\n|\n|upkeep\n|\n|t:|1698778114\n|switch|p1a: Magearna|Magearna-Original|100\/100\n|turn|10\n|\n|t:|1698778120\n|move|p2a: Time Lord|Thunder Wave|p1a: Magearna\n|-status|p1a: Magearna|par\n|move|p1a: Magearna|Calm Mind|p1a: Magearna\n|-boost|p1a: Magearna|spa|1\n|-boost|p1a: Magearna|spd|1\n|\n|upkeep\n|turn|11\n|\n|t:|1698778137\n|move|p2a: Time Lord|Steel Beam|p1a: Magearna\n|-damage|p1a: Magearna|26\/100 par\n|-damage|p2a: Time Lord|50\/100|[from] steelbeam\n|move|p1a: Magearna|Calm Mind|p1a: Magearna\n|-boost|p1a: Magearna|spa|1\n|-boost|p1a: Magearna|spd|1\n|\n|-heal|p2a: Time Lord|57\/100|[from] Grassy Terrain\n|-heal|p1a: Magearna|32\/100 par|[from] Grassy Terrain\n|-heal|p1a: Magearna|38\/100 par|[from] item: Leftovers\n|upkeep\n|turn|12\n|\n|t:|1698778156\n|move|p2a: Time Lord|Steel Beam|p1a: Magearna|[miss]\n|-miss|p2a: Time Lord|p1a: Magearna\n|-damage|p2a: Time Lord|7\/100|[from] steelbeam\n|cant|p1a: Magearna|par\n|\n|-heal|p2a: Time Lord|13\/100|[from] Grassy Terrain\n|-heal|p1a: Magearna|44\/100 par|[from] Grassy Terrain\n|-heal|p1a: Magearna|50\/100 par|[from] item: Leftovers\n|upkeep\n|turn|13\n|c|\u2606Albaz Brand|uff\n|\n|t:|1698778163\n|switch|p2a: Ar\u0441eus-Fighting|Arceus-Fire, shiny|100\/100\n|move|p1a: Magearna|Draining Kiss|p2a: Ar\u0441eus-Fighting\n|-resisted|p2a: Ar\u0441eus-Fighting\n|-damage|p2a: Ar\u0441eus-Fighting|78\/100\n|-heal|p1a: Magearna|72\/100 par|[from] drain|[of] p2a: Ar\u0441eus-Fighting\n|\n|-heal|p2a: Ar\u0441eus-Fighting|84\/100|[from] Grassy Terrain\n|-heal|p1a: Magearna|78\/100 par|[from] Grassy Terrain\n|-heal|p1a: Magearna|84\/100 par|[from] item: Leftovers\n|-fieldend|move: Grassy Terrain\n|upkeep\n|turn|14\n|\n|t:|1698778170\n|-terastallize|p1a: Magearna|Water\n|move|p2a: Ar\u0441eus-Fighting|Flare Blitz|p1a: Magearna\n|-resisted|p1a: Magearna\n|-damage|p1a: Magearna|50\/100 par\n|-damage|p2a: Ar\u0441eus-Fighting|75\/100|[from] Recoil\n|move|p1a: Magearna|Volt Switch|p2a: Ar\u0441eus-Fighting\n|-damage|p2a: Ar\u0441eus-Fighting|33\/100\n|\n|t:|1698778188\n|switch|p1a: Torkoal|Torkoal, F|100\/100|[from] Volt Switch\n|-weather|SunnyDay|[from] ability: Drought|[of] p1a: Torkoal\n|\n|-weather|SunnyDay|[upkeep]\n|upkeep\n|turn|15\n|\n|t:|1698778193\n|switch|p1a: Walking Wake|Walking Wake|100\/100\n|-activate|p1a: Walking Wake|ability: Protosynthesis\n|-start|p1a: Walking Wake|protosynthesisspe\n|move|p2a: Ar\u0441eus-Fighting|Taunt|p1a: Walking Wake\n|-start|p1a: Walking Wake|move: Taunt\n|\n|-weather|SunnyDay|[upkeep]\n|upkeep\n|turn|16\n|\n|t:|1698778202\n|switch|p2a: Time Lord|Dialga-Origin, shiny|13\/100\n|-ability|p2a: Time Lord|Pressure\n|move|p1a: Walking Wake|Draco Meteor|p2a: Time Lord\n|-damage|p2a: Time Lord|0 fnt\n|-unboost|p1a: Walking Wake|spa|2\n|faint|p2a: Time Lord\n|\n|-weather|SunnyDay|[upkeep]\n|upkeep\n|\n|t:|1698778207\n|switch|p2a: Harambe|Rillaboom, M|100\/100\n|-fieldstart|move: Grassy Terrain|[from] ability: Grassy Surge|[of] p2a: Harambe\n|turn|17\n|\n|t:|1698778226\n|-end|p1a: Walking Wake|Protosynthesis|[silent]\n|switch|p1a: Torkoal|Torkoal, F|100\/100\n|move|p2a: Harambe|Wood Hammer|p1a: Torkoal\n|-resisted|p1a: Torkoal\n|-damage|p1a: Torkoal|66\/100\n|-damage|p2a: Harambe|89\/100|[from] Recoil\n|\n|-weather|SunnyDay|[upkeep]\n|-heal|p2a: Harambe|95\/100|[from] Grassy Terrain\n|-heal|p1a: Torkoal|73\/100|[from] Grassy Terrain\n|upkeep\n|turn|18\n|\n|t:|1698778232\n|switch|p2a: Ar\u0441eus-Fighting|Arceus-Fire, shiny|33\/100\n|move|p1a: Torkoal|Will-O-Wisp|p2a: Ar\u0441eus-Fighting\n|-immune|p2a: Ar\u0441eus-Fighting\n|\n|-weather|SunnyDay|[upkeep]\n|-heal|p2a: Ar\u0441eus-Fighting|39\/100|[from] Grassy Terrain\n|-heal|p1a: Torkoal|79\/100|[from] Grassy Terrain\n|upkeep\n|turn|19\n|\n|t:|1698778238\n|move|p2a: Ar\u0441eus-Fighting|Taunt|p1a: Torkoal\n|-start|p1a: Torkoal|move: Taunt\n|cant|p1a: Torkoal|move: Taunt|Yawn\n|\n|-weather|SunnyDay|[upkeep]\n|-heal|p2a: Ar\u0441eus-Fighting|45\/100|[from] Grassy Terrain\n|-heal|p1a: Torkoal|85\/100|[from] Grassy Terrain\n|upkeep\n|turn|20\n|\n|t:|1698778247\n|switch|p1a: Walking Wake|Walking Wake|100\/100\n|-activate|p1a: Walking Wake|ability: Protosynthesis\n|-start|p1a: Walking Wake|protosynthesisspe\n|move|p2a: Ar\u0441eus-Fighting|Flare Blitz|p1a: Walking Wake\n|-resisted|p1a: Walking Wake\n|-damage|p1a: Walking Wake|69\/100\n|-damage|p2a: Ar\u0441eus-Fighting|36\/100|[from] Recoil\n|\n|-weather|SunnyDay|[upkeep]\n|-heal|p1a: Walking Wake|75\/100|[from] Grassy Terrain\n|-heal|p2a: Ar\u0441eus-Fighting|42\/100|[from] Grassy Terrain\n|upkeep\n|turn|21\n|\n|t:|1698778263\n|move|p1a: Walking Wake|Hydro Steam|p2a: Ar\u0441eus-Fighting\n|-supereffective|p2a: Ar\u0441eus-Fighting\n|-damage|p2a: Ar\u0441eus-Fighting|0 fnt\n|faint|p2a: Ar\u0441eus-Fighting\n|\n|-weather|none\n|-end|p1a: Walking Wake|Protosynthesis\n|-heal|p1a: Walking Wake|81\/100|[from] Grassy Terrain\n|-fieldend|move: Grassy Terrain\n|upkeep\n|\n|t:|1698778268\n|switch|p2a: Harambe|Rillaboom, M|95\/100\n|-fieldstart|move: Grassy Terrain|[from] ability: Grassy Surge|[of] p2a: Harambe\n|turn|22\n|\n|t:|1698778272\n|-end|p1a: Walking Wake|Protosynthesis|[silent]\n|switch|p1a: Torkoal|Torkoal, F|85\/100\n|-weather|SunnyDay|[from] ability: Drought|[of] p1a: Torkoal\n|move|p2a: Harambe|U-turn|p1a: Torkoal\n|-resisted|p1a: Torkoal\n|-damage|p1a: Torkoal|75\/100\n|\n|t:|1698778279\n|switch|p2a: Haha Long Boi|Sneasler, M, shiny|100\/100|[from] U-turn\n|-enditem|p2a: Haha Long Boi|Grassy Seed\n|-boost|p2a: Haha Long Boi|def|1|[from] item: Grassy Seed\n|\n|-weather|SunnyDay|[upkeep]\n|-heal|p1a: Torkoal|81\/100|[from] Grassy Terrain\n|upkeep\n|turn|23\n|\n|t:|1698778285\n|move|p2a: Haha Long Boi|Dire Claw|p1a: Torkoal\n|-damage|p1a: Torkoal|54\/100\n|move|p1a: Torkoal|Will-O-Wisp|p2a: Haha Long Boi\n|-status|p2a: Haha Long Boi|brn\n|\n|-weather|SunnyDay|[upkeep]\n|-heal|p1a: Torkoal|60\/100|[from] Grassy Terrain\n|-damage|p2a: Haha Long Boi|95\/100 brn|[from] brn\n|upkeep\n|turn|24\n|c|\u2606GratedsShtickface|I don't think I can win from here\n|-message|GratedsShtickface forfeited.\n|\n|win|Albaz Brand\n","uploadtime":1698778299,"views":6,"p1id":"albazbrand","p2id":"gratedsshtickface","formatid":"gen9ubers","rating":0,"private":0,"password":""}