{"id":"gen9ubers-2000596180","p1":"FaethFGC","p2":"TheLegendLemarcus","format":"[Gen 9] Ubers","log":"|j|\u2606FaethFGC\n|j|\u2606TheLegendLemarcus\n|t:|1701208830\n|gametype|singles\n|player|p1|FaethFGC|roxie|\n|player|p2|TheLegendLemarcus|170|\n|teamsize|p1|6\n|teamsize|p2|6\n|gen|9\n|tier|[Gen 9] Ubers\n|rule|Sleep Clause Mod: Limit one foe put to sleep\n|rule|Species Clause: Limit one of each Pok\u00e9mon\n|rule|OHKO Clause: OHKO moves are banned\n|rule|Evasion Items Clause: Evasion items are banned\n|rule|Evasion Moves Clause: Evasion moves are banned\n|rule|Endless Battle Clause: Forcing endless battles is banned\n|rule|HP Percentage Mod: HP is shown in percentages\n|clearpoke\n|poke|p1|Ribombee, M|\n|poke|p1|Weezing, F|\n|poke|p1|Hatterene, F|\n|poke|p1|Iron Treads|\n|poke|p1|Electrode|\n|poke|p1|Cloyster, F|\n|poke|p2|Slaking, F|\n|poke|p2|Chien-Pao|\n|poke|p2|Slowking-Galar, M|\n|poke|p2|Zoroark-Hisui, M|\n|poke|p2|Quaquaval, M|\n|poke|p2|Jolteon, M|\n|teampreview\n|c|\u2606FaethFGC|gl <3\n|j| Empress_LLENN\n|j| Muntedmuffin001\n|j| Hallo 3\n|j| StandUpOdin\n|c| Empress_LLENN|Lets gooooo\n|\n|t:|1701208889\n|start\n|switch|p1a: The Fly|Ribombee, M|100\/100\n|switch|p2a: Slowking|Slowking-Galar, M|100\/100\n|turn|1\n|c|\u2606TheLegendLemarcus|gl\n|l| Hallo 3\n|c|\u2606FaethFGC|u2\n|j| DMBeeez\n|j| Hallo 3\n|\n|t:|1701208907\n|move|p1a: The Fly|Quiver Dance|p1a: The Fly\n|-boost|p1a: The Fly|spa|1\n|-boost|p1a: The Fly|spd|1\n|-boost|p1a: The Fly|spe|1\n|move|p2a: Slowking|Ice Beam|p1a: The Fly\n|-damage|p1a: The Fly|72\/100\n|\n|upkeep\n|turn|2\n|\n|t:|1701208937\n|move|p1a: The Fly|Sticky Web|p2a: Slowking\n|-sidestart|p2: TheLegendLemarcus|move: Sticky Web\n|move|p2a: Slowking|Thunder Wave|p1a: The Fly\n|-status|p1a: The Fly|par\n|\n|upkeep\n|turn|3\n|c| Hallo 3|To this day I\u2019ll wonder why Faeth takes such big risks\n|\n|t:|1701208957\n|switch|p2a: Jolteon|Jolteon, M|100\/100\n|-activate|p2a: Jolteon|move: Sticky Web\n|-unboost|p2a: Jolteon|spe|1\n|cant|p1a: The Fly|par\n|\n|upkeep\n|turn|4\n|c|\u2606FaethFGC|wdym big risk lmao\n|c| Hallo 3|Staying in on a poison type lmao\n|c| Hallo 3|doofus\n|c| Hallo 3|Payed off but if it didn\u2019t\n|j| gombs_y\n|c|\u2606FaethFGC|lmao i'm sashed idot\n|\n|t:|1701208995\n|switch|p2a: Slowking|Slowking-Galar, M|100\/100\n|-activate|p2a: Slowking|move: Sticky Web\n|-unboost|p2a: Slowking|spe|1\n|cant|p1a: The Fly|par\n|\n|upkeep\n|turn|5\n|c| Hallo 3|Then why set up a quiver dance\n|c| Muntedmuffin001|Lmao\n|c| gombs_y|Let's fucking go\n|c|\u2606FaethFGC|For the option select????\n|c| Hallo 3|Bro\n|c| Empress_LLENN|Ribombee crippled for life over here\n|c|\u2606FaethFGC|fr\n|c| Hallo 3|Just could\u2019ve clicked webs\n|c| Hallo 3|First turn\n|c|\u2606FaethFGC|Or I could set up a quiver, defo outspeed and set up next turn?\n|c| Hallo 3|What if sludge bomb got a poison\n|c|\u2606FaethFGC|Derp shut up I'm playin over here\n|c| Muntedmuffin001|Derp, don\u2019t back seat no body likes a back seat gamer\n|c| Empress_LLENN|let them play Derp\n|c| Hallo 3|LMAO\n|\n|t:|1701209046\n|switch|p1a: Fury|Iron Treads|100\/100\n|move|p2a: Slowking|Future Sight|p1a: Fury\n|-start|p2a: Slowking|move: Future Sight\n|\n|upkeep\n|turn|6\n|c| Hallo 3|Im just saying\n|c| Muntedmuffin001|Derp not cool\n|c| Empress_LLENN|just say less\n|c| Muntedmuffin001|Keep it to yourself\n|j| FuecocoM67\n|j| AlyssandraA\n|c| Muntedmuffin001|And be respectful of them playing\n|c| AlyssandraA|You guys got it working :o\n|l| Hallo 3\n|j| Hallo 3\n|\n|t:|1701209106\n|move|p1a: Fury|Stealth Rock|p2a: Slowking\n|-sidestart|p2: TheLegendLemarcus|move: Stealth Rock\n|move|p2a: Slowking|Ice Beam|p1a: Fury\n|-damage|p1a: Fury|64\/100\n|-status|p1a: Fury|frz\n|\n|upkeep\n|turn|7\n|c| Hallo 3|Your doing a great job faeth (Help me I\u2019m being held at gunpoint by an Aussie)\n|c|\u2606FaethFGC|omg\n|c| FuecocoM67|Week 3 flashbacks\n|\n|t:|1701209129\n|cant|p1a: Fury|frz\n|move|p2a: Slowking|Ice Beam|p1a: Fury\n|-damage|p1a: Fury|24\/100 frz\n|\n|-end|p1a: Fury|move: Future Sight\n|-resisted|p1a: Fury\n|-damage|p1a: Fury|0 fnt\n|faint|p1a: Fury\n|-end|p1a: Fury|Quark Drive|[silent]\n|upkeep\n|c| StandUpOdin|Day in spoilers afterwards\n|c| Empress_LLENN|virizion freeze chance is 100%\n|c| gombs_y|Let's go\n|c| AlyssandraA|Oml\n|\n|t:|1701209186\n|switch|p1a: Under the Skin|Hatterene, F|100\/100\n|turn|8\n|\n|t:|1701209209\n|move|p1a: Under the Skin|Agility|p1a: Under the Skin\n|-boost|p1a: Under the Skin|spe|2\n|move|p2a: Slowking|Thunder Wave|p1a: Under the Skin\n|move|p1a: Under the Skin|Thunder Wave|p2a: Slowking|[from]ability: Magic Bounce\n|-status|p2a: Slowking|par\n|\n|upkeep\n|turn|9\n|\n|t:|1701209218\n|move|p1a: Under the Skin|Calm Mind|p1a: Under the Skin\n|-boost|p1a: Under the Skin|spa|1\n|-boost|p1a: Under the Skin|spd|1\n|move|p2a: Slowking|Chilly Reception|p2a: Slowking\n|-weather|Snow\n|c| Hallo 3|Oh shit\n|c| gombs_y|Oh hell nah\n|c| Hallo 3|Something bout a go down\n|c| Empress_LLENN|Agility hatt goes crazy\n|c| FuecocoM67|It still slow as fuck though\n|\n|t:|1701209274\n|switch|p2a: Slaking|Slaking, F|100\/100|[from] Chilly Reception\n|-activate|p2a: Slaking|move: Sticky Web\n|-unboost|p2a: Slaking|spe|1\n|-damage|p2a: Slaking|88\/100|[from] Stealth Rock\n|\n|-weather|Snow|[upkeep]\n|upkeep\n|turn|10\n|c| Hallo 3|Fuecoco that\u2019s the point of webs\n|c| FuecocoM67|No shit sherlock\n|\n|t:|1701209302\n|move|p1a: Under the Skin|Stored Power|p2a: Slaking\n|-damage|p2a: Slaking|4\/100\n|move|p2a: Slaking|Poison Jab|p1a: Under the Skin\n|-supereffective|p1a: Under the Skin\n|-damage|p1a: Under the Skin|6\/100\n|-enditem|p1a: Under the Skin|Kee Berry|[eat]\n|-boost|p1a: Under the Skin|def|1|[from] item: Kee Berry\n|\n|-weather|Snow|[upkeep]\n|upkeep\n|turn|11\n|\n|t:|1701209314\n|move|p1a: Under the Skin|Draining Kiss|p2a: Slaking\n|-damage|p2a: Slaking|0 fnt\n|-heal|p1a: Under the Skin|9\/100|[from] drain|[of] p2a: Slaking\n|faint|p2a: Slaking\n|\n|-weather|Snow|[upkeep]\n|upkeep\n|c| gombs_y|This is hat is so fucking based\n|\n|t:|1701209326\n|switch|p2a: Chien-Pao|Chien-Pao|100\/100\n|-activate|p2a: Chien-Pao|move: Sticky Web\n|-unboost|p2a: Chien-Pao|spe|1\n|-damage|p2a: Chien-Pao|76\/100|[from] Stealth Rock\n|-ability|p2a: Chien-Pao|Sword of Ruin\n|turn|12\n|c| FuecocoM67|Imagine if that poison jab poisoned\n|c| Hallo 3|SIR\n|l| DMBeeez\n|c| Hallo 3|LET THAT MAN COOK\n|j| DMBeeez\n|j| Sir Kumquat\n|\n|t:|1701209360\n|move|p2a: Chien-Pao|Crunch|p1a: Under the Skin\n|-crit|p1a: Under the Skin\n|-damage|p1a: Under the Skin|0 fnt\n|faint|p1a: Under the Skin\n|\n|-weather|Snow|[upkeep]\n|upkeep\n|c| Hallo 3|Oof\n|\n|t:|1701209367\n|switch|p1a: The Thing|Weezing, F|100\/100\n|-ability|p1a: The Thing|Neutralizing Gas\n|turn|13\n|\n|t:|1701209392\n|switch|p2a: Slowking|Slowking-Galar, M|100\/100 par\n|-activate|p2a: Slowking|move: Sticky Web\n|-unboost|p2a: Slowking|spe|1\n|-damage|p2a: Slowking|88\/100 par|[from] Stealth Rock\n|move|p1a: The Thing|Toxic Spikes|p2a: Slowking\n|-sidestart|p2: TheLegendLemarcus|move: Toxic Spikes\n|\n|-weather|none\n|upkeep\n|turn|14\n|c| Hallo 3|Ngl I thought hatterene would\u2019ve outsped a minus one speed Chien pao\n|c|\u2606FaethFGC|It's scarfed\n|c|\u2606FaethFGC|I garauntee outspeed\n|\n|t:|1701209425\n|-end|p1a: The Thing|ability: Neutralizing Gas\n|switch|p1a: Oppenheimer|Electrode|100\/100\n|move|p2a: Slowking|Thunder Wave|p1a: Oppenheimer\n|-immune|p1a: Oppenheimer\n|\n|upkeep\n|turn|15\n|c| Hallo 3|YOOO OPPENHEIMER\n|\n|t:|1701209448\n|move|p1a: Oppenheimer|Thunderbolt|p2a: Slowking\n|-damage|p2a: Slowking|51\/100 par\n|cant|p2a: Slowking|par\n|\n|upkeep\n|turn|16\n|l| DMBeeez\n|c| FuecocoM67|At least we dont have any japenese people\n|j| DMBeeez\n|\n|t:|1701209475\n|switch|p1a: The Thing|Weezing, F|100\/100\n|-ability|p1a: The Thing|Neutralizing Gas\n|move|p2a: Slowking|Future Sight|p1a: The Thing\n|-start|p2a: Slowking|move: Future Sight\n|\n|upkeep\n|turn|17\n|\n|t:|1701209488\n|move|p1a: The Thing|Flamethrower|p2a: Slowking\n|-damage|p2a: Slowking|39\/100 par\n|move|p2a: Slowking|Thunder Wave|p1a: The Thing\n|-status|p1a: The Thing|par\n|\n|upkeep\n|turn|18\n|\n|t:|1701209513\n|-end|p1a: The Thing|ability: Neutralizing Gas\n|switch|p1a: The Fly|Ribombee, M|72\/100 par\n|move|p2a: Slowking|Chilly Reception|p2a: Slowking\n|-weather|Snow\n|j| Top_Maki\n|c| gombs_y|Maki get back to work\n|c| Hallo 3|LMAO\n|\n|t:|1701209562\n|switch|p2a: Chien-Pao|Chien-Pao|100\/100|[from] Chilly Reception\n|-activate|p2a: Chien-Pao|move: Sticky Web\n|-unboost|p2a: Chien-Pao|spe|1\n|-damage|p2a: Chien-Pao|88\/100|[from] Stealth Rock\n|-status|p2a: Chien-Pao|psn\n|\n|-weather|Snow|[upkeep]\n|-end|p1a: The Fly|move: Future Sight\n|-damage|p1a: The Fly|0 fnt\n|faint|p1a: The Fly\n|-damage|p2a: Chien-Pao|76\/100 psn|[from] psn\n|upkeep\n|\n|t:|1701209571\n|switch|p1a: The Thing|Weezing, F|100\/100 par\n|-ability|p1a: The Thing|Neutralizing Gas\n|replace|p2a: Zoroark|Zoroark-Hisui, M\n|-end|p2a: Zoroark|Illusion\n|turn|19\n|l| DMBeeez\n|c| Hallo 3|YOOO THATS FIRE\n|j| DMBeeez\n|\n|t:|1701209602\n|switch|p2a: Slowking|Slowking-Galar, M|72\/100 par\n|-activate|p2a: Slowking|move: Sticky Web\n|-unboost|p2a: Slowking|spe|1\n|-damage|p2a: Slowking|60\/100 par|[from] Stealth Rock\n|-sideend|p2: TheLegendLemarcus|move: Toxic Spikes|[of] p2a: Slowking\n|move|p1a: The Thing|Flamethrower|p2a: Slowking\n|-damage|p2a: Slowking|46\/100 par\n|\n|-weather|Snow|[upkeep]\n|upkeep\n|turn|20\n|c| Top_Maki|Its Tuesday im off today\n|\n|t:|1701209612\n|move|p1a: The Thing|Toxic Spikes|p2a: Slowking\n|-sidestart|p2: TheLegendLemarcus|move: Toxic Spikes\n|move|p2a: Slowking|Future Sight|p1a: The Thing\n|-start|p2a: Slowking|move: Future Sight\n|\n|-weather|Snow|[upkeep]\n|upkeep\n|turn|21\n|l| Muntedmuffin001\n|\n|t:|1701209625\n|-end|p1a: The Thing|ability: Neutralizing Gas\n|switch|p1a: Oppenheimer|Electrode|100\/100\n|move|p2a: Slowking|Ice Beam|p1a: Oppenheimer\n|-damage|p1a: Oppenheimer|63\/100\n|\n|-weather|Snow|[upkeep]\n|upkeep\n|turn|22\n|l| Sir Kumquat\n|\n|t:|1701209633\n|switch|p2a: Jolteon|Jolteon, M|100\/100\n|-activate|p2a: Jolteon|move: Sticky Web\n|-unboost|p2a: Jolteon|spe|1\n|-damage|p2a: Jolteon|88\/100|[from] Stealth Rock\n|-status|p2a: Jolteon|psn\n|move|p1a: Oppenheimer|Thunderbolt|p2a: Jolteon\n|-heal|p2a: Jolteon|100\/100 psn|[from] ability: Volt Absorb|[of] p1a: Oppenheimer\n|\n|-weather|none\n|-end|p1a: Oppenheimer|move: Future Sight\n|-damage|p1a: Oppenheimer|0 fnt\n|faint|p1a: Oppenheimer\n|-damage|p2a: Jolteon|88\/100 psn|[from] psn\n|upkeep\n|j| Muntedmuffin001\n|c| StandUpOdin|No freeze sadge\n|\n|t:|1701209642\n|switch|p1a: The Thing|Weezing, F|100\/100 par\n|-ability|p1a: The Thing|Neutralizing Gas\n|turn|23\n|l| StandUpOdin\n|\n|t:|1701209650\n|move|p2a: Jolteon|Volt Switch|p1a: The Thing\n|-damage|p1a: The Thing|57\/100 par\n|\n|t:|1701209656\n|switch|p2a: Slowking|Slowking-Galar, M|79\/100 par|[from] Volt Switch\n|-activate|p2a: Slowking|move: Sticky Web\n|-unboost|p2a: Slowking|spe|1\n|-damage|p2a: Slowking|67\/100 par|[from] Stealth Rock\n|-sideend|p2: TheLegendLemarcus|move: Toxic Spikes|[of] p2a: Slowking\n|move|p1a: The Thing|Flamethrower|p2a: Slowking\n|-damage|p2a: Slowking|54\/100 par\n|\n|-heal|p1a: The Thing|63\/100 par|[from] item: Leftovers\n|upkeep\n|turn|24\n|\n|t:|1701209667\n|-end|p1a: The Thing|ability: Neutralizing Gas\n|switch|p1a: The Lobster|Cloyster, F|100\/100\n|move|p2a: Slowking|Future Sight|p1a: The Lobster\n|-start|p2a: Slowking|move: Future Sight\n|\n|upkeep\n|turn|25\n|j| Sir Kumquat\n|\n|t:|1701209684\n|switch|p1a: The Thing|Weezing, F|63\/100 par\n|-ability|p1a: The Thing|Neutralizing Gas\n|move|p2a: Slowking|Thunder Wave|p1a: The Thing\n|-fail|p1a: The Thing|par\n|\n|-heal|p1a: The Thing|69\/100 par|[from] item: Leftovers\n|upkeep\n|turn|26\n|\n|t:|1701209694\n|move|p1a: The Thing|Toxic Spikes|p2a: Slowking\n|-sidestart|p2: TheLegendLemarcus|move: Toxic Spikes\n|move|p2a: Slowking|Chilly Reception|p2a: Slowking\n|-weather|Snow\n|\n|t:|1701209698\n|switch|p2a: Jolteon|Jolteon, M|88\/100 psn|[from] Chilly Reception\n|-activate|p2a: Jolteon|move: Sticky Web\n|-unboost|p2a: Jolteon|spe|1\n|-damage|p2a: Jolteon|76\/100 psn|[from] Stealth Rock\n|\n|-weather|Snow|[upkeep]\n|-end|p1a: The Thing|move: Future Sight\n|-supereffective|p1a: The Thing\n|-damage|p1a: The Thing|0 fnt\n|faint|p1a: The Thing\n|-end|p1a: The Thing|ability: Neutralizing Gas\n|-damage|p2a: Jolteon|64\/100 psn|[from] psn\n|upkeep\n|l| Top_Maki\n|\n|t:|1701209706\n|switch|p1a: The Lobster|Cloyster, F|100\/100\n|turn|27\n|c|\u2606FaethFGC|gg lmao\n|\n|t:|1701209714\n|move|p2a: Jolteon|Thunderbolt|p1a: The Lobster\n|-supereffective|p1a: The Lobster\n|-damage|p1a: The Lobster|0 fnt\n|faint|p1a: The Lobster\n|\n|win|TheLegendLemarcus\n|c|\u2606TheLegendLemarcus|gg\n|l| Hallo 3\n|l| Muntedmuffin001\n|c| FuecocoM67|wp marcus\n|l| FuecocoM67\n","uploadtime":1701209723,"views":17,"p1id":"faethfgc","p2id":"thelegendlemarcus","formatid":"gen9ubers","rating":0,"private":0,"password":""}