{"id":"gen9ubers-1978573506","p1":"Kabunger","p2":"CrackLordGBLN","format":"[Gen 9] Ubers","log":"|j|\u2606Kabunger\n|j|\u2606CrackLordGBLN\n|t:|1698558494\n|gametype|singles\n|player|p1|Kabunger|hilda-wonderlauncher|\n|player|p2|CrackLordGBLN|ghetsis|\n|teamsize|p1|6\n|teamsize|p2|6\n|gen|9\n|tier|[Gen 9] Ubers\n|rule|Sleep Clause Mod: Limit one foe put to sleep\n|rule|Species Clause: Limit one of each Pok\u00e9mon\n|rule|OHKO Clause: OHKO moves are banned\n|rule|Evasion Items Clause: Evasion items are banned\n|rule|Evasion Moves Clause: Evasion moves are banned\n|rule|Endless Battle Clause: Forcing endless battles is banned\n|rule|HP Percentage Mod: HP is shown in percentages\n|clearpoke\n|poke|p1|Torkoal, F|\n|poke|p1|Walking Wake|\n|poke|p1|Grafaiai, M|\n|poke|p1|Zacian-*|\n|poke|p1|Chi-Yu|\n|poke|p1|Gliscor, M|\n|poke|p2|Palafin, F|\n|poke|p2|Cyclizar, F|\n|poke|p2|Magearna|\n|poke|p2|Ninetales-Alola, M|\n|poke|p2|Sneasler, M|\n|poke|p2|Hydreigon, M|\n|teampreview\n|\n|t:|1698558512\n|start\n|switch|p1a: AIYAH GG'S|Grafaiai, M|100\/100\n|switch|p2a: band bot|Palafin, F|100\/100\n|turn|1\n|inactive|Battle timer is ON: inactive players will automatically lose when time's up. (requested by Kabunger)\n|\n|t:|1698558522\n|switch|p1a: Torkoal|Torkoal, F|100\/100\n|-weather|SunnyDay|[from] ability: Drought|[of] p1a: Torkoal\n|move|p2a: band bot|Flip Turn|p1a: Torkoal\n|-supereffective|p1a: Torkoal\n|-damage|p1a: Torkoal|81\/100\n|\n|t:|1698558529\n|detailschange|p2a: band bot|Palafin-Hero, F\n|switch|p2a: veil bot|Ninetales-Alola, M, shiny|100\/100|[from] Flip Turn\n|-weather|Snow|[from] ability: Snow Warning|[of] p2a: veil bot\n|\n|-weather|Snow|[upkeep]\n|upkeep\n|turn|2\n|\n|t:|1698558539\n|switch|p1a: AIYAH GG'S|Grafaiai, M|100\/100\n|move|p2a: veil bot|Aurora Veil|p2a: veil bot\n|-sidestart|p2: CrackLordGBLN|move: Aurora Veil\n|\n|-weather|Snow|[upkeep]\n|upkeep\n|turn|3\n|\n|t:|1698558549\n|switch|p2a: band bot|Palafin-Hero, F|100\/100\n|-activate|p2a: band bot|ability: Zero to Hero\n|move|p1a: AIYAH GG'S|Encore||[still]\n|-fail|p1a: AIYAH GG'S\n|\n|-weather|Snow|[upkeep]\n|upkeep\n|turn|4\n|\n|t:|1698558565\n|switch|p1a: Walking Wake|Walking Wake|100\/100\n|move|p2a: band bot|Flip Turn|p1a: Walking Wake\n|-resisted|p1a: Walking Wake\n|-damage|p1a: Walking Wake|87\/100\n|inactive|CrackLordGBLN has 270 seconds left.\n|\n|t:|1698558587\n|switch|p2a: shed tail bot|Cyclizar, F|100\/100|[from] Flip Turn\n|\n|-weather|Snow|[upkeep]\n|upkeep\n|turn|5\n|\n|t:|1698558595\n|move|p2a: shed tail bot|Shed Tail|p2a: shed tail bot\n|-start|p2a: shed tail bot|Substitute|[from] move: Shed Tail\n|-damage|p2a: shed tail bot|50\/100\n|\n|t:|1698558598\n|switch|p2a: literal bot|Magearna|100\/100|[from] Shed Tail\n|move|p1a: Walking Wake|Flamethrower|p2a: literal bot\n|-supereffective|p2a: literal bot\n|-end|p2a: literal bot|Substitute\n|\n|-weather|none\n|upkeep\n|turn|6\n|\n|t:|1698558608\n|-end|p1a: Walking Wake|Protosynthesis|[silent]\n|switch|p1a: AIYAH GG'S|Grafaiai, M|100\/100\n|move|p2a: literal bot|Shift Gear|p2a: literal bot\n|-boost|p2a: literal bot|spe|2\n|-boost|p2a: literal bot|atk|1\n|\n|upkeep\n|turn|7\n|\n|t:|1698558620\n|move|p1a: AIYAH GG'S|Copycat|p1a: AIYAH GG'S\n|move|p1a: AIYAH GG'S|Shift Gear|p1a: AIYAH GG'S|[from]move: Copycat\n|-boost|p1a: AIYAH GG'S|spe|2\n|-boost|p1a: AIYAH GG'S|atk|1\n|move|p2a: literal bot|Stored Power|p1a: AIYAH GG'S\n|-supereffective|p1a: AIYAH GG'S\n|-enditem|p1a: AIYAH GG'S|Focus Sash\n|-damage|p1a: AIYAH GG'S|1\/100\n|\n|upkeep\n|turn|8\n|\n|t:|1698558635\n|switch|p1a: Chi-Yu|Chi-Yu|100\/100\n|-ability|p1a: Chi-Yu|Beads of Ruin\n|move|p2a: literal bot|Stored Power|p1a: Chi-Yu\n|-immune|p1a: Chi-Yu\n|\n|upkeep\n|turn|9\n|\n|t:|1698558653\n|move|p1a: Chi-Yu|Overheat|p2a: literal bot\n|-supereffective|p2a: literal bot\n|-damage|p2a: literal bot|18\/100\n|-unboost|p1a: Chi-Yu|spa|2\n|-enditem|p2a: literal bot|Weakness Policy\n|-boost|p2a: literal bot|atk|2|[from] item: Weakness Policy\n|-boost|p2a: literal bot|spa|2|[from] item: Weakness Policy\n|move|p2a: literal bot|Shift Gear|p2a: literal bot\n|-boost|p2a: literal bot|spe|2\n|-boost|p2a: literal bot|atk|1\n|\n|-sideend|p2: CrackLordGBLN|move: Aurora Veil\n|upkeep\n|turn|10\n|\n|t:|1698558665\n|move|p2a: literal bot|Draining Kiss|p1a: Chi-Yu\n|-damage|p1a: Chi-Yu|34\/100\n|-heal|p2a: literal bot|52\/100|[from] drain|[of] p1a: Chi-Yu\n|move|p1a: Chi-Yu|Overheat|p2a: literal bot|[miss]\n|-miss|p1a: Chi-Yu|p2a: literal bot\n|\n|upkeep\n|turn|11\n|\n|t:|1698558674\n|move|p2a: literal bot|Draining Kiss|p1a: Chi-Yu\n|-damage|p1a: Chi-Yu|0 fnt\n|-heal|p2a: literal bot|69\/100|[from] drain|[of] p1a: Chi-Yu\n|faint|p1a: Chi-Yu\n|-ability|p2a: literal bot|Soul-Heart|boost\n|-boost|p2a: literal bot|spa|1\n|\n|upkeep\n|\n|t:|1698558679\n|switch|p1a: Torkoal|Torkoal, F|81\/100\n|-weather|SunnyDay|[from] ability: Drought|[of] p1a: Torkoal\n|turn|12\n|\n|t:|1698558684\n|move|p2a: literal bot|Stored Power|p1a: Torkoal\n|-damage|p1a: Torkoal|0 fnt\n|faint|p1a: Torkoal\n|-ability|p2a: literal bot|Soul-Heart|boost\n|-boost|p2a: literal bot|spa|1\n|\n|-weather|SunnyDay|[upkeep]\n|upkeep\n|\n|t:|1698558688\n|switch|p1a: Walking Wake|Walking Wake|87\/100\n|-activate|p1a: Walking Wake|ability: Protosynthesis\n|-start|p1a: Walking Wake|protosynthesisspe\n|turn|13\n|\n|t:|1698558698\n|-terastallize|p1a: Walking Wake|Water\n|-terastallize|p2a: literal bot|Water\n|move|p1a: Walking Wake|Hydro Steam|p2a: literal bot\n|-resisted|p2a: literal bot\n|-crit|p2a: literal bot\n|-damage|p2a: literal bot|0 fnt\n|faint|p2a: literal bot\n|\n|-weather|SunnyDay|[upkeep]\n|upkeep\n|\n|t:|1698558721\n|switch|p2a: veil bot|Ninetales-Alola, M, shiny|100\/100\n|-weather|Snow|[from] ability: Snow Warning|[of] p2a: veil bot\n|-end|p1a: Walking Wake|Protosynthesis\n|turn|14\n|\n|t:|1698558729\n|-end|p1a: Walking Wake|Protosynthesis|[silent]\n|switch|p1a: AIYAH GG'S|Grafaiai, M|1\/100\n|move|p2a: veil bot|Aurora Veil|p2a: veil bot\n|-sidestart|p2: CrackLordGBLN|move: Aurora Veil\n|\n|-weather|Snow|[upkeep]\n|upkeep\n|turn|15\n|\n|t:|1698558742\n|switch|p2a: shed tail bot|Cyclizar, F|84\/100\n|move|p1a: AIYAH GG'S|Copycat|p1a: AIYAH GG'S\n|move|p1a: AIYAH GG'S|Aurora Veil|p1a: AIYAH GG'S|[from]move: Copycat\n|-sidestart|p1: Kabunger|move: Aurora Veil\n|\n|-weather|Snow|[upkeep]\n|upkeep\n|turn|16\n|\n|t:|1698558754\n|move|p2a: shed tail bot|Rapid Spin|p1a: AIYAH GG'S\n|-damage|p1a: AIYAH GG'S|0 fnt\n|-boost|p2a: shed tail bot|spe|1\n|faint|p1a: AIYAH GG'S\n|\n|-weather|Snow|[upkeep]\n|upkeep\n|\n|t:|1698558758\n|switch|p1a: Zacian|Zacian|100\/100\n|-ability|p1a: Zacian|Intrepid Sword|boost\n|-boost|p1a: Zacian|atk|1\n|turn|17\n|\n|t:|1698558766\n|move|p2a: shed tail bot|Shed Tail|p2a: shed tail bot\n|-start|p2a: shed tail bot|Substitute|[from] move: Shed Tail\n|-damage|p2a: shed tail bot|33\/100\n|\n|t:|1698558773\n|switch|p2a: dire claw hax bot|Sneasler, M|100\/100|[from] Shed Tail\n|-item|p2a: dire claw hax bot|Air Balloon\n|move|p1a: Zacian|Play Rough|p2a: dire claw hax bot\n|-end|p2a: dire claw hax bot|Substitute\n|-enditem|p2a: dire claw hax bot|Air Balloon\n|\n|-weather|Snow|[upkeep]\n|upkeep\n|turn|18\n|\n|t:|1698558787\n|move|p2a: dire claw hax bot|Dire Claw|p1a: Zacian\n|-supereffective|p1a: Zacian\n|-damage|p1a: Zacian|58\/100\n|-status|p1a: Zacian|psn\n|move|p1a: Zacian|Play Rough|p2a: dire claw hax bot\n|-damage|p2a: dire claw hax bot|41\/100\n|\n|-weather|none\n|-damage|p1a: Zacian|46\/100 psn|[from] psn\n|upkeep\n|turn|19\n|\n|t:|1698558801\n|move|p2a: dire claw hax bot|Dire Claw|p1a: Zacian\n|-supereffective|p1a: Zacian\n|-damage|p1a: Zacian|2\/100 psn\n|move|p1a: Zacian|Play Rough|p2a: dire claw hax bot\n|-damage|p2a: dire claw hax bot|0 fnt\n|faint|p2a: dire claw hax bot\n|\n|-damage|p1a: Zacian|0 fnt|[from] psn\n|faint|p1a: Zacian\n|-sideend|p1: Kabunger|move: Aurora Veil\n|upkeep\n|\n|t:|1698558817\n|switch|p1a: Walking Wake|Walking Wake, tera:Water|87\/100\n|switch|p2a: veil bot|Ninetales-Alola, M, shiny|100\/100\n|-weather|Snow|[from] ability: Snow Warning|[of] p2a: veil bot\n|turn|20\n|\n|t:|1698558824\n|move|p2a: veil bot|Nasty Plot|p2a: veil bot\n|-boost|p2a: veil bot|spa|2\n|move|p1a: Walking Wake|Hydro Steam|p2a: veil bot\n|-damage|p2a: veil bot|62\/100\n|\n|-weather|Snow|[upkeep]\n|upkeep\n|turn|21\n|\n|t:|1698558833\n|move|p2a: veil bot|Freeze-Dry|p1a: Walking Wake\n|-supereffective|p1a: Walking Wake\n|-damage|p1a: Walking Wake|0 fnt\n|faint|p1a: Walking Wake\n|-end|p1a: Walking Wake|Protosynthesis|[silent]\n|\n|-weather|Snow|[upkeep]\n|-sideend|p2: CrackLordGBLN|move: Aurora Veil\n|upkeep\n|-message|Kabunger forfeited.\n|\n|win|CrackLordGBLN\n|l|\u2606Kabunger\n","uploadtime":1698558844,"views":12,"p1id":"kabunger","p2id":"cracklordgbln","formatid":"gen9ubers","rating":0,"private":0,"password":""}