{"id":"gen9ubers-1996115449","p1":"Primordiallite","p2":"ZowwyCafe\u2764","format":"[Gen 9] Ubers","log":"|j|\u2606Primordiallite\n|j|\u2606ZowwyCafe\u2764\n|inactive|Battle timer is ON: inactive players will automatically lose when time's up.\n|t:|1700646472\n|gametype|singles\n|player|p1|Primordiallite|boarder|\n|player|p2|ZowwyCafe\u2764|marnie|\n|teamsize|p1|6\n|teamsize|p2|6\n|gen|9\n|tier|[Gen 9] Ubers\n|rated|Tournament battle\n|rule|Sleep Clause Mod: Limit one foe put to sleep\n|rule|Species Clause: Limit one of each Pok\u00e9mon\n|rule|OHKO Clause: OHKO moves are banned\n|rule|Evasion Items Clause: Evasion items are banned\n|rule|Evasion Moves Clause: Evasion moves are banned\n|rule|Endless Battle Clause: Forcing endless battles is banned\n|rule|HP Percentage Mod: HP is shown in percentages\n|clearpoke\n|poke|p1|Koraidon|\n|poke|p1|Zacian-*|\n|poke|p1|Miraidon|\n|poke|p1|Ribombee, M|\n|poke|p1|Glimmora, F|\n|poke|p1|Arceus|\n|poke|p2|Ribombee, F|\n|poke|p2|Rayquaza|\n|poke|p2|Koraidon|\n|poke|p2|Arceus-Ground|\n|poke|p2|Miraidon|\n|poke|p2|Basculegion, M|\n|teampreview\n|j|*Lady Monita \u2746\n|inactive|ZowwyCafe\u2764 also wants the timer to be on.\n|c|\u2606Primordiallite|hf\n|c|\u2606ZowwyCafe\u2764|hf\n|\n|t:|1700646489\n|start\n|switch|p1a: Ribombee|Ribombee, M|100\/100\n|switch|p2a: Miraidon|Miraidon|100\/100\n|-fieldstart|move: Electric Terrain|[from] ability: Hadron Engine|[of] p2a: Miraidon\n|turn|1\n|\n|t:|1700646493\n|move|p2a: Miraidon|Parabolic Charge|p1a: Ribombee\n|-enditem|p1a: Ribombee|Focus Sash\n|-damage|p1a: Ribombee|1\/100\n|-damage|p2a: Miraidon|91\/100|[from] item: Life Orb\n|move|p1a: Ribombee|Sticky Web|p2a: Miraidon\n|-sidestart|p2: ZowwyCafe\u2764|move: Sticky Web\n|\n|upkeep\n|turn|2\n|\n|t:|1700646503\n|move|p2a: Miraidon|Parabolic Charge|p1a: Ribombee\n|-damage|p1a: Ribombee|0 fnt\n|-heal|p2a: Miraidon|91\/100|[from] drain|[of] p1a: Ribombee\n|faint|p1a: Ribombee\n|-damage|p2a: Miraidon|81\/100|[from] item: Life Orb\n|\n|upkeep\n|\n|t:|1700646526\n|switch|p1a: Zacian|Zacian-Crowned|100\/100\n|-ability|p1a: Zacian|Intrepid Sword|boost\n|-boost|p1a: Zacian|atk|1\n|turn|3\n|\n|t:|1700646537\n|move|p1a: Zacian|Swords Dance|p1a: Zacian\n|-boost|p1a: Zacian|atk|2\n|move|p2a: Miraidon|Parabolic Charge|p1a: Zacian\n|-damage|p1a: Zacian|21\/100\n|-heal|p2a: Miraidon|100\/100|[from] drain|[of] p1a: Zacian\n|-damage|p2a: Miraidon|91\/100|[from] item: Life Orb\n|\n|upkeep\n|turn|4\n|\n|t:|1700646540\n|move|p1a: Zacian|Close Combat|p2a: Miraidon\n|-damage|p2a: Miraidon|0 fnt\n|-unboost|p1a: Zacian|def|1\n|-unboost|p1a: Zacian|spd|1\n|faint|p2a: Miraidon\n|\n|upkeep\n|\n|t:|1700646543\n|switch|p2a: Ribombee|Ribombee, F, shiny|100\/100\n|-activate|p2a: Ribombee|move: Sticky Web\n|-unboost|p2a: Ribombee|spe|1\n|turn|5\n|\n|t:|1700646557\n|move|p1a: Zacian|Behemoth Blade|p2a: Ribombee\n|-supereffective|p2a: Ribombee\n|-enditem|p2a: Ribombee|Focus Sash\n|-damage|p2a: Ribombee|1\/100\n|move|p2a: Ribombee|Tailwind|p2a: Ribombee\n|-sidestart|p2: ZowwyCafe\u2764|move: Tailwind\n|\n|-fieldend|move: Electric Terrain\n|upkeep\n|turn|6\n|\n|t:|1700646562\n|switch|p1a: Glimmora|Glimmora, F|100\/100\n|move|p2a: Ribombee|Sticky Web|p1a: Glimmora\n|-sidestart|p1: Primordiallite|move: Sticky Web\n|\n|upkeep\n|turn|7\n|\n|t:|1700646577\n|move|p2a: Ribombee|Moonblast|p1a: Glimmora\n|-resisted|p1a: Glimmora\n|-damage|p1a: Glimmora|74\/100\n|move|p1a: Glimmora|Mortal Spin|p2a: Ribombee\n|-supereffective|p2a: Ribombee\n|-damage|p2a: Ribombee|0 fnt\n|-sideend|p1: Primordiallite|Sticky Web|[from] move: Mortal Spin|[of] p1a: Glimmora\n|faint|p2a: Ribombee\n|\n|upkeep\n|\n|t:|1700646600\n|switch|p2a: Arceus|Arceus-Ground, shiny|100\/100\n|-activate|p2a: Arceus|move: Sticky Web\n|-unboost|p2a: Arceus|spe|1\n|turn|8\n|\n|t:|1700646605\n|move|p2a: Arceus|Judgment|p1a: Glimmora\n|-supereffective|p1a: Glimmora\n|-damage|p1a: Glimmora|0 fnt\n|faint|p1a: Glimmora\n|\n|-sideend|p2: ZowwyCafe\u2764|move: Tailwind\n|upkeep\n|\n|t:|1700646620\n|switch|p1a: Arceus|Arceus|100\/100\n|turn|9\n|\n|t:|1700646630\n|move|p1a: Arceus|Swords Dance|p1a: Arceus\n|-boost|p1a: Arceus|atk|2\n|move|p2a: Arceus|Taunt|p1a: Arceus\n|-start|p1a: Arceus|move: Taunt\n|\n|upkeep\n|turn|10\n|\n|t:|1700646634\n|move|p1a: Arceus|Extreme Speed|p2a: Arceus\n|-damage|p2a: Arceus|41\/100\n|move|p2a: Arceus|Stealth Rock|p1a: Arceus\n|-sidestart|p1: Primordiallite|move: Stealth Rock\n|\n|upkeep\n|turn|11\n|\n|t:|1700646638\n|move|p1a: Arceus|Extreme Speed|p2a: Arceus\n|-damage|p2a: Arceus|0 fnt\n|faint|p2a: Arceus\n|\n|upkeep\n|\n|t:|1700646642\n|switch|p2a: Koraidon|Koraidon|100\/100\n|-activate|p2a: Koraidon|move: Sticky Web\n|-unboost|p2a: Koraidon|spe|1\n|-weather|SunnyDay|[from] ability: Orichalcum Pulse|[of] p2a: Koraidon\n|-activate|p2a: Koraidon|Orichalcum Pulse|[source]\n|turn|12\n|\n|t:|1700646646\n|-terastallize|p1a: Arceus|Fairy\n|move|p1a: Arceus|Tera Blast|p2a: Koraidon|[anim] Tera Blast Fairy\n|-supereffective|p2a: Koraidon\n|-damage|p2a: Koraidon|0 fnt\n|faint|p2a: Koraidon\n|\n|-weather|SunnyDay|[upkeep]\n|-end|p1a: Arceus|move: Taunt\n|upkeep\n|c|\u2606ZowwyCafe\u2764|._.\n|c|\u2606Primordiallite|Lol\n|\n|t:|1700646657\n|switch|p2a: Basculegion|Basculegion, M, shiny|100\/100\n|-activate|p2a: Basculegion|move: Sticky Web\n|-unboost|p2a: Basculegion|spe|1\n|turn|13\n|\n|t:|1700646665\n|move|p1a: Arceus|Earthquake|p2a: Basculegion\n|-damage|p2a: Basculegion|20\/100\n|move|p2a: Basculegion|Last Respects|p1a: Arceus\n|-damage|p1a: Arceus|0 fnt\n|faint|p1a: Arceus\n|\n|-weather|SunnyDay|[upkeep]\n|upkeep\n|\n|t:|1700646687\n|switch|p1a: Miraidon|Miraidon|100\/100\n|-damage|p1a: Miraidon|88\/100|[from] Stealth Rock\n|-fieldstart|move: Electric Terrain|[from] ability: Hadron Engine|[of] p1a: Miraidon\n|turn|14\n|\n|t:|1700646691\n|move|p1a: Miraidon|Dragon Pulse|p2a: Basculegion\n|-damage|p2a: Basculegion|0 fnt\n|faint|p2a: Basculegion\n|\n|-weather|SunnyDay|[upkeep]\n|-heal|p1a: Miraidon|94\/100|[from] item: Leftovers\n|upkeep\n|\n|t:|1700646694\n|switch|p2a: Rayquaza|Rayquaza, shiny|100\/100\n|-ability|p2a: Rayquaza|Air Lock\n|turn|15\n|\n|t:|1700646696\n|-terastallize|p2a: Rayquaza|Normal\n|move|p1a: Miraidon|Taunt|p2a: Rayquaza\n|-start|p2a: Rayquaza|move: Taunt\n|cant|p2a: Rayquaza|move: Taunt|Swords Dance\n|\n|-weather|SunnyDay|[upkeep]\n|-heal|p1a: Miraidon|100\/100|[from] item: Leftovers\n|upkeep\n|turn|16\n|c|\u2606ZowwyCafe\u2764|._.\n|\n|t:|1700646703\n|move|p1a: Miraidon|Electro Drift|p2a: Rayquaza\n|-damage|p2a: Rayquaza|0 fnt\n|faint|p2a: Rayquaza\n|\n|win|Primordiallite\n|n|\u2606Primordiallite|primordiallite\n|n|\u2606ZowwyCafe\u2764|zowwycafe\n|n|*Lady Monita \u2746|ladymonita\n|l|*Lady Monita \u2746\n|c|\u2606ZowwyCafe\u2764|gg\n|l|\u2606ZowwyCafe\u2764\n|c|\u2606Primordiallite|gg\n","uploadtime":1700646734,"views":0,"p1id":"primordiallite","p2id":"zowwycafe","formatid":"gen9ubers","rating":0,"private":0,"password":""}