{"id":"gen9ubers-1997785031","p1":"sirorangeotter","p2":"NEdgyman","format":"[Gen 9] Ubers","log":"|j|\u2606sirorangeotter\n|j|\u2606NEdgyman\n|t:|1700852398\n|gametype|singles\n|player|p1|sirorangeotter|hilbert|\n|player|p2|NEdgyman|hanbei-conquest|\n|teamsize|p1|6\n|teamsize|p2|6\n|gen|9\n|tier|[Gen 9] Ubers\n|rule|Sleep Clause Mod: Limit one foe put to sleep\n|rule|Species Clause: Limit one of each Pok\u00e9mon\n|rule|OHKO Clause: OHKO moves are banned\n|rule|Evasion Items Clause: Evasion items are banned\n|rule|Evasion Moves Clause: Evasion moves are banned\n|rule|Endless Battle Clause: Forcing endless battles is banned\n|rule|HP Percentage Mod: HP is shown in percentages\n|clearpoke\n|poke|p1|Dragapult, M|\n|poke|p1|Volcanion|\n|poke|p1|Clodsire, M|\n|poke|p1|Iron Leaves|\n|poke|p1|Lucario, M|\n|poke|p1|Chansey, F|\n|poke|p2|Annihilape, F|\n|poke|p2|Crawdaunt, M|\n|poke|p2|Glimmora, M|\n|poke|p2|Cresselia, F|\n|poke|p2|Ribombee, M|\n|poke|p2|Cryogonal|\n|teampreview\n|c|\u2606sirorangeotter|gl hf\n|j| Quackborg\n|c| Quackborg|Hello\n|c|\u2606NEdgyman|gl hf\n|\n|t:|1700852445\n|start\n|switch|p1a: Steam Surgeon|Volcanion|100\/100\n|switch|p2a: Falcom Fanbase|Glimmora, M|100\/100\n|turn|1\n|\n|t:|1700852473\n|switch|p2a: Nearly Witches|Cresselia, F|100\/100\n|move|p1a: Steam Surgeon|Steam Eruption|p2a: Nearly Witches\n|-damage|p2a: Nearly Witches|62\/100\n|\n|upkeep\n|turn|2\n|l| Quackborg\n|j| Quackborg\n|\n|t:|1700852493\n|switch|p1a: Naomi|Chansey, F|100\/100\n|move|p2a: Nearly Witches|Moonlight|p2a: Nearly Witches\n|-heal|p2a: Nearly Witches|100\/100\n|\n|upkeep\n|turn|3\n|\n|t:|1700852522\n|move|p1a: Naomi|Thunder Wave|p2a: Nearly Witches\n|-status|p2a: Nearly Witches|par\n|cant|p2a: Nearly Witches|par\n|\n|upkeep\n|turn|4\n|j| Swagadile\n|\n|t:|1700852543\n|move|p1a: Naomi|Stealth Rock|p2a: Nearly Witches\n|-sidestart|p2: NEdgyman|move: Stealth Rock\n|move|p2a: Nearly Witches|Trick Room|p2a: Nearly Witches\n|-fieldstart|move: Trick Room|[of] p2a: Nearly Witches\n|\n|upkeep\n|turn|5\n|\n|t:|1700852572\n|switch|p2a: Falcom Fanbase|Glimmora, M|100\/100\n|-damage|p2a: Falcom Fanbase|88\/100|[from] Stealth Rock\n|move|p1a: Naomi|Seismic Toss|p2a: Falcom Fanbase\n|-damage|p2a: Falcom Fanbase|61\/100\n|-activate|p2a: Falcom Fanbase|ability: Toxic Debris\n|-sidestart|p1: sirorangeotter|move: Toxic Spikes\n|\n|upkeep\n|turn|6\n|\n|t:|1700852582\n|switch|p1a: Pebbles|Clodsire, M|100\/100\n|-sideend|p1: sirorangeotter|move: Toxic Spikes|[of] p1a: Pebbles\n|move|p2a: Falcom Fanbase|Stealth Rock|p1a: Pebbles\n|-sidestart|p1: sirorangeotter|move: Stealth Rock\n|\n|upkeep\n|turn|7\n|j| aryan3003\n|\n|t:|1700852603\n|move|p1a: Pebbles|Spikes|p2a: Falcom Fanbase\n|-sidestart|p2: NEdgyman|Spikes\n|move|p2a: Falcom Fanbase|Spikes|p1a: Pebbles\n|-sidestart|p1: sirorangeotter|Spikes\n|\n|upkeep\n|turn|8\n|\n|t:|1700852608\n|move|p1a: Pebbles|Earthquake|p2a: Falcom Fanbase\n|-supereffective|p2a: Falcom Fanbase\n|-enditem|p2a: Falcom Fanbase|Shuca Berry|[eat]\n|-enditem|p2a: Falcom Fanbase|Shuca Berry|[weaken]\n|-damage|p2a: Falcom Fanbase|8\/100\n|-activate|p2a: Falcom Fanbase|ability: Toxic Debris\n|-sidestart|p1: sirorangeotter|move: Toxic Spikes\n|move|p2a: Falcom Fanbase|Spikes|p1a: Pebbles\n|-sidestart|p1: sirorangeotter|Spikes\n|\n|-fieldend|move: Trick Room\n|upkeep\n|turn|9\n|c| aryan3003|less go zeke\n|c| aryan3003|show this loser where he belongs\n|c| aryan3003|destroy him!!!!!!!!!!!!!!!\n|c|\u2606sirorangeotter|who are you\n|\n|t:|1700852638\n|move|p2a: Falcom Fanbase|Mortal Spin|p1a: Pebbles\n|-resisted|p1a: Pebbles\n|-damage|p1a: Pebbles|99\/100\n|-damage|p2a: Falcom Fanbase|0 fnt|[from] item: Rocky Helmet|[of] p1a: Pebbles\n|faint|p2a: Falcom Fanbase\n|move|p1a: Pebbles|Earthquake|p2: Falcom Fanbase|[notarget]\n|-fail|p1a: Pebbles\n|\n|upkeep\n|\n|t:|1700852672\n|switch|p2a: Special Snowflake|Cryogonal|100\/100\n|turn|10\n|\n|t:|1700852678\n|move|p2a: Special Snowflake|Rapid Spin|p1a: Pebbles\n|-damage|p1a: Pebbles|94\/100\n|-boost|p2a: Special Snowflake|spe|1\n|-damage|p2a: Special Snowflake|84\/100|[from] item: Rocky Helmet|[of] p1a: Pebbles\n|-sideend|p2: NEdgyman|Spikes|[from] move: Rapid Spin|[of] p2a: Special Snowflake\n|-sideend|p2: NEdgyman|Stealth Rock|[from] move: Rapid Spin|[of] p2a: Special Snowflake\n|move|p1a: Pebbles|Toxic|p2a: Special Snowflake\n|-status|p2a: Special Snowflake|tox\n|\n|-damage|p2a: Special Snowflake|78\/100 tox|[from] psn\n|upkeep\n|turn|11\n|c| Swagadile|Zeke got 4 hdb he not worried about hazards\n|\n|t:|1700852696\n|switch|p1a: Naomi|Chansey, F|100\/100\n|-damage|p1a: Naomi|88\/100|[from] Stealth Rock\n|-damage|p1a: Naomi|71\/100|[from] Spikes\n|-status|p1a: Naomi|psn\n|move|p2a: Special Snowflake|Ice Beam|p1a: Naomi\n|-damage|p1a: Naomi|62\/100 psn\n|\n|-damage|p2a: Special Snowflake|66\/100 tox|[from] psn\n|-damage|p1a: Naomi|49\/100 psn|[from] psn\n|upkeep\n|turn|12\n|c| aryan3003|i am you're number 1 supporter zeke\n|c| aryan3003|dw ik you will win\n|c| aryan3003|nah jk i just hate nedgyman\n|\n|t:|1700852727\n|switch|p2a: Howler Monkey|Annihilape, F, shiny|100\/100\n|move|p1a: Naomi|Soft-Boiled|p1a: Naomi\n|-heal|p1a: Naomi|99\/100 psn\n|\n|-damage|p1a: Naomi|87\/100 psn|[from] psn\n|upkeep\n|turn|13\n|\n|t:|1700852739\n|-curestatus|p1a: Naomi|psn|[from] ability: Natural Cure\n|switch|p1a: Pebbles|Clodsire, M|94\/100\n|-damage|p1a: Pebbles|88\/100|[from] Stealth Rock\n|-damage|p1a: Pebbles|71\/100|[from] Spikes\n|-sideend|p1: sirorangeotter|move: Toxic Spikes|[of] p1a: Pebbles\n|move|p2a: Howler Monkey|U-turn|p1a: Pebbles\n|-resisted|p1a: Pebbles\n|-damage|p1a: Pebbles|63\/100\n|-damage|p2a: Howler Monkey|84\/100|[from] item: Rocky Helmet|[of] p1a: Pebbles\n|c| Quackborg|Aryan was dropped on his head as a child\n|\n|t:|1700852755\n|switch|p2a: Boiled Dinner|Crawdaunt, M|100\/100|[from] U-turn\n|\n|upkeep\n|turn|14\n|\n|t:|1700852764\n|move|p2a: Boiled Dinner|Knock Off|p1a: Pebbles\n|-damage|p1a: Pebbles|0 fnt\n|-damage|p2a: Boiled Dinner|84\/100|[from] item: Rocky Helmet|[of] p1a: Pebbles\n|-enditem|p1a: Pebbles|Rocky Helmet|[from] move: Knock Off|[of] p2a: Boiled Dinner\n|faint|p1a: Pebbles\n|\n|upkeep\n|c|\u2606NEdgyman|Mr Craws Last Hurrah\n|c|\u2606NEdgyman|Until Kingchadbit comes to play\n|\n|t:|1700852825\n|switch|p1a: Cobalt|Lucario, M|100\/100\n|-damage|p1a: Cobalt|98\/100|[from] Stealth Rock\n|-damage|p1a: Cobalt|81\/100|[from] Spikes\n|turn|15\n|\n|t:|1700852849\n|switch|p2a: Nearly Witches|Cresselia, F|100\/100 par\n|move|p1a: Cobalt|Swords Dance|p1a: Cobalt\n|-boost|p1a: Cobalt|atk|2\n|\n|-heal|p1a: Cobalt|87\/100|[from] item: Leftovers\n|upkeep\n|turn|16\n|\n|t:|1700852875\n|move|p1a: Cobalt|Substitute|p1a: Cobalt\n|-start|p1a: Cobalt|Substitute\n|-damage|p1a: Cobalt|62\/100\n|move|p2a: Nearly Witches|Trick Room|p2a: Nearly Witches\n|-fieldstart|move: Trick Room|[of] p2a: Nearly Witches\n|\n|-heal|p1a: Cobalt|68\/100|[from] item: Leftovers\n|upkeep\n|turn|17\n|\n|t:|1700852882\n|move|p2a: Nearly Witches|Psyshock|p1a: Cobalt\n|-end|p1a: Cobalt|Substitute\n|move|p1a: Cobalt|Meteor Mash|p2a: Nearly Witches\n|-damage|p2a: Nearly Witches|58\/100 par\n|\n|-heal|p1a: Cobalt|75\/100|[from] item: Leftovers\n|upkeep\n|turn|18\n|\n|t:|1700852897\n|switch|p2a: Howler Monkey|Annihilape, F, shiny|84\/100\n|move|p1a: Cobalt|Meteor Mash|p2a: Howler Monkey\n|-damage|p2a: Howler Monkey|0 fnt\n|faint|p2a: Howler Monkey\n|\n|-heal|p1a: Cobalt|81\/100|[from] item: Leftovers\n|upkeep\n|c|\u2606NEdgyman|NOOOOO\n|\n|t:|1700852913\n|switch|p2a: Boiled Dinner|Crawdaunt, M|84\/100\n|turn|19\n|\n|t:|1700852930\n|move|p2a: Boiled Dinner|Crabhammer|p1a: Cobalt\n|-damage|p1a: Cobalt|0 fnt\n|faint|p1a: Cobalt\n|\n|upkeep\n|\n|t:|1700852953\n|switch|p1a: Lazeroph|Iron Leaves|100\/100\n|-damage|p1a: Lazeroph|88\/100|[from] Stealth Rock\n|-damage|p1a: Lazeroph|72\/100|[from] Spikes\n|-enditem|p1a: Lazeroph|Booster Energy\n|-activate|p1a: Lazeroph|ability: Quark Drive|[fromitem]\n|-start|p1a: Lazeroph|quarkdrivespe\n|turn|20\n|\n|t:|1700852981\n|switch|p2a: Nearly Witches|Cresselia, F|58\/100 par\n|-terastallize|p1a: Lazeroph|Fighting\n|move|p1a: Lazeroph|Swords Dance|p1a: Lazeroph\n|-boost|p1a: Lazeroph|atk|2\n|\n|-fieldend|move: Trick Room\n|upkeep\n|turn|21\n|\n|t:|1700853011\n|move|p1a: Lazeroph|Leaf Blade|p2a: Nearly Witches\n|-damage|p2a: Nearly Witches|10\/100 par\n|cant|p2a: Nearly Witches|par\n|\n|upkeep\n|turn|22\n|c| aryan3003|less go leaves\n|c| aryan3003|yeeee\n|c|\u2606NEdgyman|NOOOO WTF\n|c| Quackborg|Fuck\n|\n|t:|1700853025\n|move|p1a: Lazeroph|Leaf Blade|p2a: Nearly Witches\n|-damage|p2a: Nearly Witches|0 fnt\n|faint|p2a: Nearly Witches\n|\n|upkeep\n|c| aryan3003|it's aight dieee\n|c| aryan3003|nah jk\n|c| aryan3003|nedgyman you got htis\n|c| aryan3003|this*\n|\n|t:|1700853056\n|switch|p2a: Take Wing|Ribombee, M|100\/100\n|turn|23\n|\n|t:|1700853065\n|move|p1a: Lazeroph|Psyblade|p2a: Take Wing\n|-damage|p2a: Take Wing|0 fnt\n|faint|p2a: Take Wing\n|\n|upkeep\n|\n|t:|1700853072\n|switch|p2a: Boiled Dinner|Crawdaunt, M|84\/100\n|turn|24\n|\n|t:|1700853078\n|move|p2a: Boiled Dinner|Aqua Jet|p1a: Lazeroph\n|-damage|p1a: Lazeroph|22\/100\n|move|p1a: Lazeroph|Sacred Sword|p2a: Boiled Dinner\n|-supereffective|p2a: Boiled Dinner\n|-damage|p2a: Boiled Dinner|0 fnt\n|faint|p2a: Boiled Dinner\n|\n|upkeep\n|\n|t:|1700853083\n|switch|p2a: Special Snowflake|Cryogonal|66\/100 tox\n|turn|25\n|c|\u2606sirorangeotter|gg wp\n|\n|t:|1700853087\n|move|p1a: Lazeroph|Sacred Sword|p2a: Special Snowflake\n|-supereffective|p2a: Special Snowflake\n|-damage|p2a: Special Snowflake|0 fnt\n|faint|p2a: Special Snowflake\n|\n|win|sirorangeotter\n|c|\u2606NEdgyman|gg\n","uploadtime":1700853093,"views":20,"p1id":"sirorangeotter","p2id":"nedgyman","formatid":"gen9ubers","rating":0,"private":0,"password":""}