{"id":"gen9ubers-1974909535","p1":"Halil66","p2":"Lowhen","format":"[Gen 9] Ubers","log":"|j|\u2606Halil66\n|j|\u2606Lowhen\n|t:|1698143317\n|gametype|singles\n|player|p1|Halil66|brock|1171\n|player|p2|Lowhen|drayden|1353\n|teamsize|p1|6\n|teamsize|p2|6\n|gen|9\n|tier|[Gen 9] Ubers\n|rated|\n|rule|Sleep Clause Mod: Limit one foe put to sleep\n|rule|Species Clause: Limit one of each Pok\u00e9mon\n|rule|OHKO Clause: OHKO moves are banned\n|rule|Evasion Items Clause: Evasion items are banned\n|rule|Evasion Moves Clause: Evasion moves are banned\n|rule|Endless Battle Clause: Forcing endless battles is banned\n|rule|HP Percentage Mod: HP is shown in percentages\n|clearpoke\n|poke|p1|Ursaluna-Bloodmoon, M|\n|poke|p1|Eternatus|\n|poke|p1|Mewtwo|\n|poke|p1|Rayquaza|\n|poke|p1|Groudon|\n|poke|p1|Giratina-Origin|\n|poke|p2|Arceus-Fairy|\n|poke|p2|Dialga|\n|poke|p2|Calyrex-Ice|\n|poke|p2|Giratina-Origin|\n|poke|p2|Urshifu-*, F|\n|poke|p2|Koraidon|\n|teampreview\n|inactive|Battle timer is ON: inactive players will automatically lose when time's up. (requested by Halil66)\n|c|\u2606Halil66|Si\n|\n|t:|1698143340\n|start\n|switch|p1a: Eternatus|Eternatus|100\/100\n|switch|p2a: Calyrex|Calyrex-Ice|100\/100\n|-ability|p2a: Calyrex|As One\n|-ability|p2a: Calyrex|Unnerve\n|-ability|p1a: Eternatus|Pressure\n|turn|1\n|c|\u2606Halil66|Siu\n|c|\u2606Halil66|Ipbe\n|j| maria849\n|inactive|Halil66 has 120 seconds left.\n|l| maria849\n|\n|t:|1698143375\n|move|p1a: Eternatus|Dynamax Cannon|p2a: Calyrex\n|-damage|p2a: Calyrex|62\/100\n|move|p2a: Calyrex|Swords Dance|p2a: Calyrex\n|-boost|p2a: Calyrex|atk|2\n|\n|upkeep\n|turn|2\n|j| yfhshdhcwchxhhsd\n|inactive|Halil66 has 120 seconds left.\n|\n|t:|1698143385\n|move|p1a: Eternatus|Dynamax Cannon|p2a: Calyrex\n|-damage|p2a: Calyrex|27\/100\n|move|p2a: Calyrex|Glacial Lance|p1a: Eternatus\n|-supereffective|p1a: Eternatus\n|-damage|p1a: Eternatus|0 fnt\n|faint|p1a: Eternatus\n|-ability|p2a: Calyrex|Chilling Neigh|boost\n|-boost|p2a: Calyrex|atk|1\n|\n|upkeep\n|inactive|Halil66 has 120 seconds left.\n|\n|t:|1698143396\n|switch|p1a: Giratina|Giratina-Origin|100\/100\n|turn|3\n|inactive|Halil66 has 120 seconds left.\n|\n|t:|1698143405\n|switch|p2a: Urshifu|Urshifu, F|100\/100\n|-terastallize|p1a: Giratina|Ghost\n|move|p1a: Giratina|Shadow Sneak|p2a: Urshifu\n|-resisted|p2a: Urshifu\n|-damage|p2a: Urshifu|82\/100\n|\n|upkeep\n|turn|4\n|inactive|Halil66 has 120 seconds left.\n|\n|t:|1698143422\n|move|p2a: Urshifu|U-turn|p1a: Giratina\n|-resisted|p1a: Giratina\n|-damage|p1a: Giratina|93\/100\n|\n|t:|1698143428\n|switch|p2a: Koraidon|Koraidon|100\/100|[from] U-turn\n|-weather|SunnyDay|[from] ability: Orichalcum Pulse|[of] p2a: Koraidon\n|-activate|p2a: Koraidon|Orichalcum Pulse|[source]\n|move|p1a: Giratina|Shadow Force||[still]\n|-prepare|p1a: Giratina|Shadow Force\n|\n|-weather|SunnyDay|[upkeep]\n|upkeep\n|turn|5\n|\n|t:|1698143437\n|move|p2a: Koraidon|U-turn|p1a: Giratina|[miss]\n|-miss|p2a: Koraidon|p1a: Giratina\n|move|p1a: Giratina|Shadow Force|p2a: Koraidon|[from]lockedmove\n|-damage|p2a: Koraidon|28\/100\n|\n|-weather|SunnyDay|[upkeep]\n|upkeep\n|turn|6\n|\n|t:|1698143448\n|move|p1a: Giratina|Shadow Sneak|p2a: Koraidon\n|-damage|p2a: Koraidon|2\/100\n|move|p2a: Koraidon|U-turn|p1a: Giratina\n|-resisted|p1a: Giratina\n|-damage|p1a: Giratina|74\/100\n|\n|t:|1698143451\n|switch|p2a: Urshifu|Urshifu, F|82\/100|[from] U-turn\n|\n|-weather|SunnyDay|[upkeep]\n|upkeep\n|turn|7\n|\n|t:|1698143459\n|move|p2a: Urshifu|Wicked Blow|p1a: Giratina\n|-supereffective|p1a: Giratina\n|-crit|p1a: Giratina\n|-damage|p1a: Giratina|0 fnt\n|faint|p1a: Giratina\n|\n|-weather|SunnyDay|[upkeep]\n|upkeep\n|\n|t:|1698143469\n|switch|p1a: Ursaluna|Ursaluna-Bloodmoon, M|100\/100\n|turn|8\n|\n|t:|1698143484\n|switch|p2a: Dialga|Dialga|100\/100\n|-ability|p2a: Dialga|Pressure\n|move|p1a: Ursaluna|Moonblast|p2a: Dialga\n|-damage|p2a: Dialga|78\/100\n|\n|-weather|none\n|-heal|p2a: Dialga|84\/100|[from] item: Leftovers\n|upkeep\n|turn|9\n|\n|t:|1698143504\n|switch|p2a: Giratina|Giratina-Origin|100\/100\n|move|p1a: Ursaluna|Earth Power|p2a: Giratina\n|-immune|p2a: Giratina|[from] ability: Levitate\n|\n|upkeep\n|turn|10\n|\n|t:|1698143513\n|move|p1a: Ursaluna|Blood Moon|p2a: Giratina\n|-damage|p2a: Giratina|46\/100\n|move|p2a: Giratina|Dragon Tail|p1a: Ursaluna\n|-damage|p1a: Ursaluna|79\/100\n|drag|p1a: Rayquaza|Rayquaza|100\/100\n|-ability|p1a: Rayquaza|Air Lock\n|\n|upkeep\n|turn|11\n|\n|t:|1698143535\n|move|p1a: Rayquaza|Dragon Claw|p2a: Giratina\n|-supereffective|p2a: Giratina\n|-damage|p2a: Giratina|0 fnt\n|faint|p2a: Giratina\n|-damage|p1a: Rayquaza|91\/100|[from] item: Life Orb\n|\n|upkeep\n|\n|t:|1698143548\n|switch|p2a: Arceus|Arceus-Fairy|100\/100\n|turn|12\n|\n|t:|1698143560\n|switch|p1a: Groudon|Groudon|100\/100\n|-weather|SunnyDay|[from] ability: Drought|[of] p1a: Groudon\n|move|p2a: Arceus|Dazzling Gleam|p1a: Groudon\n|-damage|p1a: Groudon|75\/100\n|\n|-weather|SunnyDay|[upkeep]\n|upkeep\n|turn|13\n|\n|t:|1698143577\n|switch|p2a: Koraidon|Koraidon|2\/100\n|-activate|p2a: Koraidon|ability: Orichalcum Pulse\n|move|p1a: Groudon|Precipice Blades|p2a: Koraidon\n|-damage|p2a: Koraidon|0 fnt\n|faint|p2a: Koraidon\n|\n|-weather|SunnyDay|[upkeep]\n|upkeep\n|\n|t:|1698143591\n|switch|p2a: Urshifu|Urshifu, F|82\/100\n|turn|14\n|inactive|Lowhen has 120 seconds left.\n|inactive|Halil66 has 120 seconds left.\n|\n|t:|1698143615\n|move|p2a: Urshifu|Close Combat|p1a: Groudon\n|-damage|p1a: Groudon|36\/100\n|-unboost|p2a: Urshifu|def|1\n|-unboost|p2a: Urshifu|spd|1\n|move|p1a: Groudon|Precipice Blades|p2a: Urshifu|[miss]\n|-miss|p1a: Groudon|p2a: Urshifu\n|\n|-weather|SunnyDay|[upkeep]\n|upkeep\n|turn|15\n|inactive|Halil66 has 120 seconds left.\n|\n|t:|1698143636\n|move|p2a: Urshifu|Close Combat|p1a: Groudon\n|-damage|p1a: Groudon|0 fnt\n|-unboost|p2a: Urshifu|def|1\n|-unboost|p2a: Urshifu|spd|1\n|faint|p1a: Groudon\n|\n|-weather|SunnyDay|[upkeep]\n|upkeep\n|\n|t:|1698143647\n|switch|p1a: Mewtwo|Mewtwo, shiny|100\/100\n|-ability|p1a: Mewtwo|Unnerve\n|turn|16\n|\n|t:|1698143662\n|switch|p2a: Dialga|Dialga|84\/100\n|-ability|p2a: Dialga|Pressure\n|move|p1a: Mewtwo|Ice Beam|p2a: Dialga\n|-damage|p2a: Dialga|57\/100\n|-damage|p1a: Mewtwo|91\/100|[from] item: Life Orb\n|\n|-weather|none\n|-heal|p2a: Dialga|63\/100|[from] item: Leftovers\n|upkeep\n|turn|17\n|c|\u2606Halil66|Luck\n|inactive|Halil66 has 90 seconds left.\n|\n|t:|1698143690\n|move|p1a: Mewtwo|Psystrike|p2a: Dialga\n|-resisted|p2a: Dialga\n|-damage|p2a: Dialga|36\/100\n|-damage|p1a: Mewtwo|81\/100|[from] item: Life Orb\n|move|p2a: Dialga|Iron Head|p1a: Mewtwo\n|-damage|p1a: Mewtwo|45\/100\n|\n|-heal|p2a: Dialga|42\/100|[from] item: Leftovers\n|upkeep\n|turn|18\n|c|\u2606Lowhen|yes yes\n|inactive|Halil66 has 90 seconds left.\n|\n|t:|1698143702\n|move|p1a: Mewtwo|Fire Blast|p2a: Dialga\n|-damage|p2a: Dialga|8\/100\n|-damage|p1a: Mewtwo|35\/100|[from] item: Life Orb\n|move|p2a: Dialga|Iron Head|p1a: Mewtwo\n|-damage|p1a: Mewtwo|0 fnt\n|faint|p1a: Mewtwo\n|\n|-heal|p2a: Dialga|14\/100|[from] item: Leftovers\n|upkeep\n|\n|t:|1698143713\n|switch|p1a: Rayquaza|Rayquaza|91\/100\n|-ability|p1a: Rayquaza|Air Lock\n|turn|19\n|\n|t:|1698143724\n|move|p1a: Rayquaza|Dragon Claw|p2a: Dialga\n|-crit|p2a: Dialga\n|-damage|p2a: Dialga|0 fnt\n|faint|p2a: Dialga\n|-damage|p1a: Rayquaza|81\/100|[from] item: Life Orb\n|\n|upkeep\n|\n|t:|1698143731\n|switch|p2a: Arceus|Arceus-Fairy|100\/100\n|turn|20\n|\n|t:|1698143736\n|switch|p1a: Ursaluna|Ursaluna-Bloodmoon, M|79\/100\n|move|p2a: Arceus|Dazzling Gleam|p1a: Ursaluna\n|-damage|p1a: Ursaluna|53\/100\n|\n|upkeep\n|turn|21\n|\n|t:|1698143745\n|move|p2a: Arceus|Extreme Speed|p1a: Ursaluna\n|-damage|p1a: Ursaluna|37\/100\n|move|p1a: Ursaluna|Blood Moon|p2a: Arceus\n|-damage|p2a: Arceus|57\/100\n|\n|upkeep\n|turn|22\n|\n|t:|1698143759\n|move|p2a: Arceus|Dazzling Gleam|p1a: Ursaluna\n|-damage|p1a: Ursaluna|9\/100\n|move|p1a: Ursaluna|Earth Power|p2a: Arceus\n|-damage|p2a: Arceus|32\/100\n|\n|upkeep\n|turn|23\n|\n|t:|1698143766\n|move|p1a: Ursaluna|Vacuum Wave|p2a: Arceus\n|-resisted|p2a: Arceus\n|-damage|p2a: Arceus|28\/100\n|move|p2a: Arceus|Recover|p2a: Arceus\n|-heal|p2a: Arceus|78\/100\n|\n|upkeep\n|turn|24\n|\n|t:|1698143773\n|move|p2a: Arceus|Dazzling Gleam|p1a: Ursaluna\n|-damage|p1a: Ursaluna|0 fnt\n|faint|p1a: Ursaluna\n|\n|upkeep\n|\n|t:|1698143779\n|switch|p1a: Rayquaza|Rayquaza|81\/100\n|-ability|p1a: Rayquaza|Air Lock\n|turn|25\n|\n|t:|1698143789\n|move|p1a: Rayquaza|Dragon Ascent|p2a: Arceus\n|-damage|p2a: Arceus|8\/100\n|-unboost|p1a: Rayquaza|def|1\n|-unboost|p1a: Rayquaza|spd|1\n|-damage|p1a: Rayquaza|71\/100|[from] item: Life Orb\n|move|p2a: Arceus|Dazzling Gleam|p1a: Rayquaza\n|-supereffective|p1a: Rayquaza\n|-damage|p1a: Rayquaza|0 fnt\n|faint|p1a: Rayquaza\n|\n|win|Lowhen\n|raw|Halil66's rating: 1171 &rarr; <strong>1158<\/strong><br \/>(-13 for losing)\n|raw|Lowhen's rating: 1353 &rarr; <strong>1363<\/strong><br \/>(+10 for winning)\n|c|\u2606Lowhen|gg\n|l|\u2606Lowhen\n","uploadtime":1698143805,"views":12,"p1id":"halil66","p2id":"lowhen","formatid":"gen9ubers","rating":1158,"private":0,"password":""}