{"id":"gen9ubers-1969859968","p1":"Dottedcrotchet","p2":"SadaShidz\ufe0f","format":"[Gen 9] Ubers","log":"|j|\u2606Dottedcrotchet\n|j|\u2606SadaShidz\ufe0f\n|t:|1697571005\n|gametype|singles\n|player|p1|Dottedcrotchet|ethan|1309\n|player|p2|SadaShidz\ufe0f|sada-ai|1374\n|teamsize|p1|6\n|teamsize|p2|6\n|gen|9\n|tier|[Gen 9] Ubers\n|rated|\n|rule|Sleep Clause Mod: Limit one foe put to sleep\n|rule|Species Clause: Limit one of each Pok\u00e9mon\n|rule|OHKO Clause: OHKO moves are banned\n|rule|Evasion Items Clause: Evasion items are banned\n|rule|Evasion Moves Clause: Evasion moves are banned\n|rule|Endless Battle Clause: Forcing endless battles is banned\n|rule|HP Percentage Mod: HP is shown in percentages\n|clearpoke\n|poke|p1|Koraidon|\n|poke|p1|Miraidon|\n|poke|p1|Arceus-Fairy|\n|poke|p1|Skeledirge, M|\n|poke|p1|Zacian-*|\n|poke|p1|Landorus-Therian, M|\n|poke|p2|Ribombee, F|\n|poke|p2|Arceus-Ghost|\n|poke|p2|Ogerpon-Hearthflame, F|\n|poke|p2|Sinistcha-Masterpiece|\n|poke|p2|Ursaluna-Bloodmoon, M|\n|poke|p2|Flutter Mane|\n|teampreview\n|inactive|Battle timer is ON: inactive players will automatically lose when time's up. (requested by SadaShidz\ufe0f)\n|inactive|Dottedcrotchet also wants the timer to be on.\n|\n|t:|1697571009\n|start\n|switch|p1a: Landorus|Landorus-Therian, M|100\/100\n|switch|p2a: Mighty Bee|Ribombee, F, shiny|100\/100\n|-ability|p1a: Landorus|Intimidate|boost\n|-unboost|p2a: Mighty Bee|atk|1\n|turn|1\n|\n|t:|1697571013\n|move|p2a: Mighty Bee|Stun Spore|p1a: Landorus\n|-status|p1a: Landorus|par\n|move|p1a: Landorus|Taunt|p2a: Mighty Bee\n|-start|p2a: Mighty Bee|move: Taunt\n|\n|upkeep\n|turn|2\n|\n|t:|1697571016\n|move|p2a: Mighty Bee|U-turn|p1a: Landorus\n|-resisted|p1a: Landorus\n|-damage|p1a: Landorus|97\/100 par\n|\n|t:|1697571024\n|switch|p2a: Yamz|Arceus-Ghost, shiny|100\/100|[from] U-turn\n|move|p1a: Landorus|Stealth Rock|p2a: Yamz\n|-sidestart|p2: SadaShidz\ufe0f|move: Stealth Rock\n|\n|-heal|p1a: Landorus|100\/100 par|[from] item: Leftovers\n|upkeep\n|turn|3\n|\n|t:|1697571028\n|move|p2a: Yamz|Calm Mind|p2a: Yamz\n|-boost|p2a: Yamz|spa|1\n|-boost|p2a: Yamz|spd|1\n|move|p1a: Landorus|U-turn|p2a: Yamz\n|-resisted|p2a: Yamz\n|-damage|p2a: Yamz|94\/100\n|\n|t:|1697571033\n|switch|p1a: Skeledirge|Skeledirge, M|100\/100|[from] U-turn\n|\n|upkeep\n|turn|4\n|l|\u2606SadaShidz\ufe0f\n|inactive|SadaShidz\ufe0f disconnected and has a minute to reconnect!\n|player|p2|\n|j|\u2606SadaShidz\ufe0f\n|inactive|SadaShidz\ufe0f reconnected and has 145 seconds left.\n|player|p2|SadaShidz\ufe0f|sada-ai\n|\n|t:|1697571041\n|move|p2a: Yamz|Judgment|p1a: Skeledirge\n|-supereffective|p1a: Skeledirge\n|-crit|p1a: Skeledirge\n|-damage|p1a: Skeledirge|0 fnt\n|faint|p1a: Skeledirge\n|\n|upkeep\n|\n|t:|1697571047\n|switch|p1a: Arceus|Arceus-Fairy|100\/100\n|turn|5\n|\n|t:|1697571050\n|move|p2a: Yamz|Calm Mind|p2a: Yamz\n|-boost|p2a: Yamz|spa|1\n|-boost|p2a: Yamz|spd|1\n|move|p1a: Arceus|Calm Mind|p1a: Arceus\n|-boost|p1a: Arceus|spa|1\n|-boost|p1a: Arceus|spd|1\n|\n|upkeep\n|turn|6\n|\n|t:|1697571055\n|move|p2a: Yamz|Calm Mind|p2a: Yamz\n|-boost|p2a: Yamz|spa|1\n|-boost|p2a: Yamz|spd|1\n|move|p1a: Arceus|Calm Mind|p1a: Arceus\n|-boost|p1a: Arceus|spa|1\n|-boost|p1a: Arceus|spd|1\n|\n|upkeep\n|turn|7\n|\n|t:|1697571057\n|move|p2a: Yamz|Judgment|p1a: Arceus\n|-damage|p1a: Arceus|62\/100\n|move|p1a: Arceus|Calm Mind|p1a: Arceus\n|-boost|p1a: Arceus|spa|1\n|-boost|p1a: Arceus|spd|1\n|\n|upkeep\n|turn|8\n|\n|t:|1697571060\n|move|p2a: Yamz|Calm Mind|p2a: Yamz\n|-boost|p2a: Yamz|spa|1\n|-boost|p2a: Yamz|spd|1\n|move|p1a: Arceus|Calm Mind|p1a: Arceus\n|-boost|p1a: Arceus|spa|1\n|-boost|p1a: Arceus|spd|1\n|\n|upkeep\n|turn|9\n|\n|t:|1697571063\n|move|p2a: Yamz|Calm Mind|p2a: Yamz\n|-boost|p2a: Yamz|spa|1\n|-boost|p2a: Yamz|spd|1\n|move|p1a: Arceus|Calm Mind|p1a: Arceus\n|-boost|p1a: Arceus|spa|1\n|-boost|p1a: Arceus|spd|1\n|\n|upkeep\n|turn|10\n|\n|t:|1697571065\n|move|p2a: Yamz|Judgment|p1a: Arceus\n|-damage|p1a: Arceus|28\/100\n|move|p1a: Arceus|Calm Mind|p1a: Arceus\n|-boost|p1a: Arceus|spa|1\n|-boost|p1a: Arceus|spd|1\n|\n|upkeep\n|turn|11\n|\n|t:|1697571069\n|move|p2a: Yamz|Judgment|p1a: Arceus\n|-damage|p1a: Arceus|1\/100\n|move|p1a: Arceus|Recover|p1a: Arceus\n|-heal|p1a: Arceus|51\/100\n|\n|upkeep\n|turn|12\n|\n|t:|1697571072\n|move|p2a: Yamz|Calm Mind|p2a: Yamz\n|-boost|p2a: Yamz|spa|1\n|-boost|p2a: Yamz|spd|1\n|move|p1a: Arceus|Recover|p1a: Arceus\n|-heal|p1a: Arceus|100\/100\n|\n|upkeep\n|turn|13\n|\n|t:|1697571076\n|move|p2a: Yamz|Judgment|p1a: Arceus\n|-damage|p1a: Arceus|68\/100\n|move|p1a: Arceus|Judgment|p2a: Yamz\n|-damage|p2a: Yamz|60\/100\n|\n|upkeep\n|turn|14\n|\n|t:|1697571079\n|move|p2a: Yamz|Judgment|p1a: Arceus\n|-damage|p1a: Arceus|39\/100\n|move|p1a: Arceus|Judgment|p2a: Yamz\n|-damage|p2a: Yamz|28\/100\n|\n|upkeep\n|turn|15\n|\n|t:|1697571089\n|move|p2a: Yamz|Recover|p2a: Yamz\n|-heal|p2a: Yamz|78\/100\n|move|p1a: Arceus|Recover|p1a: Arceus\n|-heal|p1a: Arceus|89\/100\n|\n|upkeep\n|turn|16\n|\n|t:|1697571096\n|move|p2a: Yamz|Focus Blast|p1a: Arceus|[miss]\n|-miss|p2a: Yamz|p1a: Arceus\n|move|p1a: Arceus|Judgment|p2a: Yamz\n|-damage|p2a: Yamz|44\/100\n|\n|upkeep\n|turn|17\n|\n|t:|1697571099\n|move|p2a: Yamz|Judgment|p1a: Arceus\n|-damage|p1a: Arceus|59\/100\n|move|p1a: Arceus|Judgment|p2a: Yamz\n|-damage|p2a: Yamz|6\/100\n|\n|upkeep\n|turn|18\n|\n|t:|1697571101\n|move|p2a: Yamz|Recover|p2a: Yamz\n|-heal|p2a: Yamz|56\/100\n|move|p1a: Arceus|Recover|p1a: Arceus\n|-heal|p1a: Arceus|100\/100\n|\n|upkeep\n|turn|19\n|\n|t:|1697571107\n|move|p2a: Yamz|Recover|p2a: Yamz\n|-heal|p2a: Yamz|100\/100\n|move|p1a: Arceus|Judgment|p2a: Yamz\n|-crit|p2a: Yamz\n|-damage|p2a: Yamz|0 fnt\n|faint|p2a: Yamz\n|\n|upkeep\n|c|\u2606SadaShidz\ufe0f|Of course\n|\n|t:|1697571119\n|switch|p2a: Mighty Bee|Ribombee, F, shiny|100\/100\n|-damage|p2a: Mighty Bee|76\/100|[from] Stealth Rock\n|turn|20\n|\n|t:|1697571124\n|move|p2a: Mighty Bee|Stun Spore|p1a: Arceus\n|-status|p1a: Arceus|par\n|cant|p1a: Arceus|par\n|\n|upkeep\n|turn|21\n|\n|t:|1697571126\n|move|p2a: Mighty Bee|Sticky Web|p1a: Arceus\n|-sidestart|p1: Dottedcrotchet|move: Sticky Web\n|move|p1a: Arceus|Judgment|p2a: Mighty Bee\n|-damage|p2a: Mighty Bee|0 fnt\n|faint|p2a: Mighty Bee\n|\n|upkeep\n|\n|t:|1697571149\n|switch|p2a: Fioni|Ogerpon-Hearthflame, F|100\/100\n|-damage|p2a: Fioni|76\/100|[from] Stealth Rock\n|-ability|p2a: Fioni|Mold Breaker\n|turn|22\n|\n|t:|1697571155\n|-terastallize|p2a: Fioni|Fire\n|detailschange|p2a: Fioni|Ogerpon-Hearthflame-Tera, F, tera:Fire\n|-ability|p2a: Fioni|Embody Aspect (Hearthflame)|boost\n|-boost|p2a: Fioni|atk|1\n|move|p2a: Fioni|Ivy Cudgel|p1a: Arceus\n|-damage|p1a: Arceus|32\/100 par\n|cant|p1a: Arceus|par\n|\n|upkeep\n|turn|23\n|\n|t:|1697571163\n|move|p2a: Fioni|Ivy Cudgel|p1a: Arceus\n|-damage|p1a: Arceus|0 fnt\n|faint|p1a: Arceus\n|\n|upkeep\n|\n|t:|1697571177\n|switch|p1a: Miraidon|Miraidon|100\/100\n|-fieldstart|move: Electric Terrain|[from] ability: Hadron Engine|[of] p1a: Miraidon\n|turn|24\n|\n|t:|1697571185\n|switch|p2a: Madara|Ursaluna-Bloodmoon, M|100\/100\n|-damage|p2a: Madara|94\/100|[from] Stealth Rock\n|move|p1a: Miraidon|Electro Drift|p2a: Madara\n|-immune|p2a: Madara\n|\n|-heal|p2a: Madara|100\/100|[from] item: Leftovers\n|upkeep\n|turn|25\n|\n|t:|1697571188\n|move|p1a: Miraidon|Draco Meteor|p2a: Madara\n|-damage|p2a: Madara|8\/100\n|-unboost|p1a: Miraidon|spa|2\n|move|p2a: Madara|Calm Mind|p2a: Madara\n|-boost|p2a: Madara|spa|1\n|-boost|p2a: Madara|spd|1\n|\n|-heal|p2a: Madara|14\/100|[from] item: Leftovers\n|upkeep\n|turn|26\n|\n|t:|1697571192\n|move|p1a: Miraidon|U-turn|p2a: Madara\n|-damage|p2a: Madara|6\/100\n|\n|t:|1697571195\n|switch|p1a: Landorus|Landorus-Therian, M|100\/100 par|[from] U-turn\n|-ability|p1a: Landorus|Intimidate|boost\n|-unboost|p2a: Madara|atk|1\n|move|p2a: Madara|Moonlight|p2a: Madara\n|-heal|p2a: Madara|56\/100\n|\n|-heal|p2a: Madara|62\/100|[from] item: Leftovers\n|upkeep\n|turn|27\n|\n|t:|1697571204\n|move|p2a: Madara|Blood Moon|p1a: Landorus\n|-damage|p1a: Landorus|0 fnt\n|faint|p1a: Landorus\n|\n|-heal|p2a: Madara|68\/100|[from] item: Leftovers\n|upkeep\n|\n|t:|1697571207\n|switch|p1a: Miraidon|Miraidon|100\/100\n|-activate|p1a: Miraidon|ability: Hadron Engine\n|turn|28\n|\n|t:|1697571211\n|move|p1a: Miraidon|Draco Meteor|p2a: Madara\n|-damage|p2a: Madara|6\/100\n|-unboost|p1a: Miraidon|spa|2\n|move|p2a: Madara|Moonlight|p2a: Madara\n|-heal|p2a: Madara|56\/100\n|\n|-heal|p2a: Madara|62\/100|[from] item: Leftovers\n|-fieldend|move: Electric Terrain\n|upkeep\n|turn|29\n|\n|t:|1697571217\n|move|p1a: Miraidon|Taunt|p2a: Madara\n|-start|p2a: Madara|move: Taunt\n|cant|p2a: Madara|move: Taunt|Calm Mind\n|\n|-heal|p2a: Madara|68\/100|[from] item: Leftovers\n|upkeep\n|turn|30\n|\n|t:|1697571219\n|move|p1a: Miraidon|U-turn|p2a: Madara\n|-damage|p2a: Madara|60\/100\n|\n|t:|1697571222\n|switch|p1a: Koraidon|Koraidon|100\/100|[from] U-turn\n|-activate|p1a: Koraidon|move: Sticky Web\n|-unboost|p1a: Koraidon|spe|1\n|-weather|SunnyDay|[from] ability: Orichalcum Pulse|[of] p1a: Koraidon\n|-activate|p1a: Koraidon|Orichalcum Pulse|[source]\n|move|p2a: Madara|Blood Moon|p1a: Koraidon\n|-damage|p1a: Koraidon|3\/100\n|\n|-weather|SunnyDay|[upkeep]\n|-heal|p2a: Madara|67\/100|[from] item: Leftovers\n|upkeep\n|turn|31\n|\n|t:|1697571227\n|move|p2a: Madara|Vacuum Wave|p1a: Koraidon\n|-damage|p1a: Koraidon|0 fnt\n|faint|p1a: Koraidon\n|\n|-weather|SunnyDay|[upkeep]\n|-heal|p2a: Madara|73\/100|[from] item: Leftovers\n|-end|p2a: Madara|move: Taunt\n|upkeep\n|\n|t:|1697571229\n|switch|p1a: Miraidon|Miraidon|100\/100\n|-fieldstart|move: Electric Terrain|[from] ability: Hadron Engine|[of] p1a: Miraidon\n|turn|32\n|\n|t:|1697571234\n|move|p1a: Miraidon|Draco Meteor|p2a: Madara|[miss]\n|-miss|p1a: Miraidon|p2a: Madara\n|move|p2a: Madara|Blood Moon|p1a: Miraidon\n|-damage|p1a: Miraidon|1\/100\n|\n|-weather|SunnyDay|[upkeep]\n|-heal|p2a: Madara|79\/100|[from] item: Leftovers\n|upkeep\n|turn|33\n|\n|t:|1697571237\n|move|p2a: Madara|Vacuum Wave|p1a: Miraidon\n|-damage|p1a: Miraidon|0 fnt\n|faint|p1a: Miraidon\n|\n|-weather|SunnyDay|[upkeep]\n|-heal|p2a: Madara|85\/100|[from] item: Leftovers\n|upkeep\n|-message|Dottedcrotchet forfeited.\n|\n|win|SadaShidz\ufe0f\n|raw|Dottedcrotchet's rating: 1309 &rarr; <strong>1293<\/strong><br \/>(-16 for losing)\n|raw|SadaShidz\ufe0f's rating: 1374 &rarr; <strong>1390<\/strong><br \/>(+16 for winning)\n|l|\u2606Dottedcrotchet\n","uploadtime":1697571258,"views":7,"p1id":"dottedcrotchet","p2id":"sadashidz","formatid":"gen9ubers","rating":1293,"private":0,"password":""}