{"id":"gen9ubers-1979684233","p1":"Nitro524","p2":"Leo Justice","format":"[Gen 9] Ubers","log":"|j|\u2606Nitro524\n|j|\u2606Leo Justice\n|t:|1698703036\n|gametype|singles\n|player|p1|Nitro524|hilbert|\n|player|p2|Leo Justice|carmine|\n|teamsize|p1|6\n|teamsize|p2|6\n|gen|9\n|tier|[Gen 9] Ubers\n|rule|Sleep Clause Mod: Limit one foe put to sleep\n|rule|Species Clause: Limit one of each Pok\u00e9mon\n|rule|OHKO Clause: OHKO moves are banned\n|rule|Evasion Items Clause: Evasion items are banned\n|rule|Evasion Moves Clause: Evasion moves are banned\n|rule|Endless Battle Clause: Forcing endless battles is banned\n|rule|HP Percentage Mod: HP is shown in percentages\n|clearpoke\n|poke|p1|Torkoal, M|\n|poke|p1|Chi-Yu|\n|poke|p1|Cyclizar, F|\n|poke|p1|Magearna|\n|poke|p1|Roaring Moon|\n|poke|p1|Walking Wake|\n|poke|p2|Tyranitar, M|\n|poke|p2|Houndstone, F|\n|poke|p2|Landorus, M|\n|poke|p2|Dialga|\n|poke|p2|Giratina|\n|poke|p2|Magearna|\n|teampreview\n|c|\u2606Nitro524|glhf\n|c|\u2606Leo Justice|gl\n|\n|t:|1698703048\n|start\n|switch|p1a: Torkoal|Torkoal, M|100\/100\n|switch|p2a: Landorus|Landorus, M|100\/100\n|-weather|SunnyDay|[from] ability: Drought|[of] p1a: Torkoal\n|turn|1\n|\n|t:|1698703063\n|move|p2a: Landorus|U-turn|p1a: Torkoal\n|-resisted|p1a: Torkoal\n|-damage|p1a: Torkoal|91\/100\n|\n|t:|1698703067\n|switch|p2a: Tyranitar|Tyranitar, M|100\/100|[from] U-turn\n|-weather|Sandstorm|[from] ability: Sand Stream|[of] p2a: Tyranitar\n|move|p1a: Torkoal|Yawn|p2a: Tyranitar\n|-start|p2a: Tyranitar|move: Yawn|[of] p1a: Torkoal\n|\n|-weather|Sandstorm|[upkeep]\n|-damage|p1a: Torkoal|85\/100|[from] Sandstorm\n|upkeep\n|turn|2\n|inactive|Battle timer is ON: inactive players will automatically lose when time's up. (requested by Nitro524)\n|\n|t:|1698703101\n|switch|p1a: Magearna|Magearna|100\/100\n|move|p2a: Tyranitar|Stealth Rock|p1a: Magearna\n|-sidestart|p1: Nitro524|move: Stealth Rock\n|\n|-weather|Sandstorm|[upkeep]\n|-end|p2a: Tyranitar|move: Yawn|[silent]\n|-status|p2a: Tyranitar|slp\n|upkeep\n|turn|3\n|\n|t:|1698703114\n|switch|p2a: Landorus|Landorus, M|100\/100\n|move|p1a: Magearna|Iron Defense|p1a: Magearna\n|-boost|p1a: Magearna|def|2\n|\n|-weather|Sandstorm|[upkeep]\n|upkeep\n|turn|4\n|\n|t:|1698703120\n|move|p2a: Landorus|Earthquake|p1a: Magearna\n|-supereffective|p1a: Magearna\n|-damage|p1a: Magearna|29\/100\n|move|p1a: Magearna|Calm Mind|p1a: Magearna\n|-boost|p1a: Magearna|spa|1\n|-boost|p1a: Magearna|spd|1\n|\n|-weather|Sandstorm|[upkeep]\n|-heal|p1a: Magearna|35\/100|[from] item: Leftovers\n|upkeep\n|turn|5\n|\n|t:|1698703131\n|move|p2a: Landorus|Earthquake|p1a: Magearna\n|-supereffective|p1a: Magearna\n|-damage|p1a: Magearna|0 fnt\n|faint|p1a: Magearna\n|\n|-weather|Sandstorm|[upkeep]\n|upkeep\n|\n|t:|1698703134\n|switch|p1a: Torkoal|Torkoal, M|85\/100\n|-damage|p1a: Torkoal|61\/100|[from] Stealth Rock\n|-weather|SunnyDay|[from] ability: Drought|[of] p1a: Torkoal\n|turn|6\n|\n|t:|1698703137\n|move|p2a: Landorus|Earthquake|p1a: Torkoal\n|-supereffective|p1a: Torkoal\n|-damage|p1a: Torkoal|0 fnt\n|faint|p1a: Torkoal\n|\n|-weather|SunnyDay|[upkeep]\n|upkeep\n|inactive|Nitro524 has 270 seconds left.\n|\n|t:|1698703167\n|switch|p1a: Roaring Moon|Roaring Moon|100\/100\n|-damage|p1a: Roaring Moon|88\/100|[from] Stealth Rock\n|-activate|p1a: Roaring Moon|ability: Protosynthesis\n|-start|p1a: Roaring Moon|protosynthesisatk\n|turn|7\n|inactive|Nitro524 has 270 seconds left.\n|\n|t:|1698703183\n|switch|p2a: Tyranitar|Tyranitar, M|100\/100 slp\n|-weather|Sandstorm|[from] ability: Sand Stream|[of] p2a: Tyranitar\n|-end|p1a: Roaring Moon|Protosynthesis\n|-enditem|p1a: Roaring Moon|Booster Energy\n|-activate|p1a: Roaring Moon|ability: Protosynthesis|[fromitem]\n|-start|p1a: Roaring Moon|protosynthesisatk\n|move|p1a: Roaring Moon|Dragon Dance|p1a: Roaring Moon\n|-boost|p1a: Roaring Moon|atk|1\n|-boost|p1a: Roaring Moon|spe|1\n|\n|-weather|Sandstorm|[upkeep]\n|-damage|p1a: Roaring Moon|82\/100|[from] Sandstorm\n|upkeep\n|turn|8\n|inactive|Nitro524 has 270 seconds left.\n|\n|t:|1698703198\n|switch|p2a: Dialga|Dialga|100\/100\n|-ability|p2a: Dialga|Pressure\n|move|p1a: Roaring Moon|Earthquake|p2a: Dialga\n|-supereffective|p2a: Dialga\n|-damage|p2a: Dialga|0 fnt\n|faint|p2a: Dialga\n|\n|-weather|Sandstorm|[upkeep]\n|-damage|p1a: Roaring Moon|76\/100|[from] Sandstorm\n|upkeep\n|\n|t:|1698703204\n|switch|p2a: Magearna|Magearna|100\/100\n|turn|9\n|\n|t:|1698703213\n|move|p1a: Roaring Moon|Earthquake|p2a: Magearna\n|-supereffective|p2a: Magearna\n|-damage|p2a: Magearna|0 fnt\n|faint|p2a: Magearna\n|\n|-weather|Sandstorm|[upkeep]\n|-damage|p1a: Roaring Moon|70\/100|[from] Sandstorm\n|upkeep\n|inactive|Leo Justice has 270 seconds left.\n|\n|t:|1698703261\n|switch|p2a: Giratina|Giratina|100\/100\n|-ability|p2a: Giratina|Pressure\n|turn|10\n|\n|t:|1698703273\n|-terastallize|p2a: Giratina|Water\n|move|p1a: Roaring Moon|Knock Off|p2a: Giratina\n|-damage|p2a: Giratina|33\/100\n|-enditem|p2a: Giratina|Heavy-Duty Boots|[from] move: Knock Off|[of] p1a: Roaring Moon\n|move|p2a: Giratina|Will-O-Wisp|p1a: Roaring Moon\n|-status|p1a: Roaring Moon|brn\n|\n|-weather|Sandstorm|[upkeep]\n|-damage|p1a: Roaring Moon|64\/100 brn|[from] Sandstorm\n|-damage|p2a: Giratina|26\/100|[from] Sandstorm\n|-damage|p1a: Roaring Moon|58\/100 brn|[from] brn\n|upkeep\n|turn|11\n|inactive|Leo Justice has 270 seconds left.\n|\n|t:|1698703295\n|move|p1a: Roaring Moon|Dragon Dance|p1a: Roaring Moon\n|-boost|p1a: Roaring Moon|atk|1\n|-boost|p1a: Roaring Moon|spe|1\n|move|p2a: Giratina|Shadow Ball|p1a: Roaring Moon\n|-resisted|p1a: Roaring Moon\n|-damage|p1a: Roaring Moon|44\/100 brn\n|\n|-weather|Sandstorm|[upkeep]\n|-damage|p1a: Roaring Moon|38\/100 brn|[from] Sandstorm\n|-damage|p2a: Giratina|20\/100|[from] Sandstorm\n|-damage|p1a: Roaring Moon|32\/100 brn|[from] brn\n|upkeep\n|turn|12\n|\n|t:|1698703304\n|move|p1a: Roaring Moon|Knock Off|p2a: Giratina\n|-damage|p2a: Giratina|0 fnt\n|faint|p2a: Giratina\n|\n|-weather|Sandstorm|[upkeep]\n|-damage|p1a: Roaring Moon|26\/100 brn|[from] Sandstorm\n|-damage|p1a: Roaring Moon|20\/100 brn|[from] brn\n|upkeep\n|\n|t:|1698703316\n|switch|p2a: Landorus|Landorus, M|100\/100\n|turn|13\n|\n|t:|1698703321\n|move|p1a: Roaring Moon|Knock Off|p2a: Landorus\n|-damage|p2a: Landorus|6\/100\n|-enditem|p2a: Landorus|Choice Band|[from] move: Knock Off|[of] p1a: Roaring Moon\n|move|p2a: Landorus|U-turn|p1a: Roaring Moon\n|-supereffective|p1a: Roaring Moon\n|-damage|p1a: Roaring Moon|0 fnt\n|faint|p1a: Roaring Moon\n|-end|p1a: Roaring Moon|Protosynthesis|[silent]\n|inactive|Leo Justice has 270 seconds left.\n|\n|t:|1698703330\n|switch|p2a: Houndstone|Houndstone, F|100\/100|[from] U-turn\n|\n|-weather|Sandstorm|[upkeep]\n|upkeep\n|\n|t:|1698703337\n|switch|p1a: Cyclizar|Cyclizar, F|100\/100\n|turn|14\n|\n|t:|1698703344\n|move|p2a: Houndstone|Body Press|p1a: Cyclizar\n|-supereffective|p1a: Cyclizar\n|-damage|p1a: Cyclizar|53\/100\n|move|p1a: Cyclizar|Shed Tail|p1a: Cyclizar\n|-start|p1a: Cyclizar|Substitute|[from] move: Shed Tail\n|-damage|p1a: Cyclizar|3\/100\n|\n|t:|1698703347\n|switch|p1a: Walking Wake|Walking Wake|100\/100|[from] Shed Tail\n|-damage|p1a: Walking Wake|88\/100|[from] Stealth Rock\n|\n|-weather|none\n|upkeep\n|turn|15\n|\n|t:|1698703358\n|switch|p2a: Tyranitar|Tyranitar, M|100\/100 slp\n|-weather|Sandstorm|[from] ability: Sand Stream|[of] p2a: Tyranitar\n|move|p1a: Walking Wake|Hydro Steam|p2a: Tyranitar\n|-supereffective|p2a: Tyranitar\n|-damage|p2a: Tyranitar|35\/100 slp\n|\n|-weather|Sandstorm|[upkeep]\n|-damage|p1a: Walking Wake|82\/100|[from] Sandstorm\n|upkeep\n|turn|16\n|\n|t:|1698703366\n|move|p1a: Walking Wake|Hydro Steam|p2a: Tyranitar\n|-supereffective|p2a: Tyranitar\n|-damage|p2a: Tyranitar|0 fnt\n|faint|p2a: Tyranitar\n|\n|-weather|Sandstorm|[upkeep]\n|-damage|p1a: Walking Wake|76\/100|[from] Sandstorm\n|upkeep\n|\n|t:|1698703373\n|switch|p2a: Landorus|Landorus, M|6\/100\n|turn|17\n|\n|t:|1698703376\n|move|p1a: Walking Wake|Hydro Steam|p2a: Landorus\n|-supereffective|p2a: Landorus\n|-damage|p2a: Landorus|0 fnt\n|faint|p2a: Landorus\n|\n|-weather|Sandstorm|[upkeep]\n|-damage|p1a: Walking Wake|70\/100|[from] Sandstorm\n|upkeep\n|\n|t:|1698703377\n|switch|p2a: Houndstone|Houndstone, F|100\/100\n|turn|18\n|c|\u2606Nitro524|gg\n|\n|t:|1698703381\n|move|p2a: Houndstone|Last Respects|p1a: Walking Wake\n|-end|p1a: Walking Wake|Substitute\n|move|p1a: Walking Wake|Hydro Steam|p2a: Houndstone\n|-damage|p2a: Houndstone|27\/100\n|\n|-weather|Sandstorm|[upkeep]\n|-damage|p1a: Walking Wake|64\/100|[from] Sandstorm\n|upkeep\n|turn|19\n|\n|t:|1698703389\n|move|p2a: Houndstone|Last Respects|p1a: Walking Wake\n|-damage|p1a: Walking Wake|0 fnt\n|faint|p1a: Walking Wake\n|-end|p1a: Walking Wake|Protosynthesis|[silent]\n|\n|-weather|Sandstorm|[upkeep]\n|upkeep\n|\n|t:|1698703408\n|switch|p1a: Chi-Yu|Chi-Yu|100\/100\n|-damage|p1a: Chi-Yu|76\/100|[from] Stealth Rock\n|-ability|p1a: Chi-Yu|Beads of Ruin\n|turn|20\n|\n|t:|1698703414\n|switch|p1a: Cyclizar|Cyclizar, F|36\/100\n|move|p2a: Houndstone|Last Respects|p1a: Cyclizar\n|-immune|p1a: Cyclizar\n|\n|-weather|Sandstorm|[upkeep]\n|-damage|p1a: Cyclizar|30\/100|[from] Sandstorm\n|upkeep\n|turn|21\n|\n|t:|1698703436\n|move|p2a: Houndstone|Body Press|p1a: Cyclizar\n|-supereffective|p1a: Cyclizar\n|-damage|p1a: Cyclizar|0 fnt\n|faint|p1a: Cyclizar\n|\n|-weather|Sandstorm|[upkeep]\n|upkeep\n|\n|t:|1698703440\n|switch|p1a: Chi-Yu|Chi-Yu|76\/100\n|-damage|p1a: Chi-Yu|51\/100|[from] Stealth Rock\n|-ability|p1a: Chi-Yu|Beads of Ruin\n|turn|22\n|\n|t:|1698703448\n|move|p2a: Houndstone|Body Press|p1a: Chi-Yu\n|-supereffective|p1a: Chi-Yu\n|-damage|p1a: Chi-Yu|0 fnt\n|faint|p1a: Chi-Yu\n|\n|win|Leo Justice\n|c|\u2606Nitro524|gg\n|c|\u2606Leo Justice|gg\n","uploadtime":1698703455,"views":11,"p1id":"nitro524","p2id":"leojustice","formatid":"gen9ubers","rating":0,"private":0,"password":""}