{"id":"gen9ubers-1989696814","p1":"Systumm","p2":"N0oBsLayEr","format":"[Gen 9] Ubers","log":"|j|\u2606Systumm\n|j|\u2606N0oBsLayEr\n|t:|1699887802\n|gametype|singles\n|player|p1|Systumm|ash-kalos|1046\n|player|p2|N0oBsLayEr|ingo|1000\n|teamsize|p1|6\n|teamsize|p2|6\n|gen|9\n|tier|[Gen 9] Ubers\n|rated|\n|rule|Sleep Clause Mod: Limit one foe put to sleep\n|rule|Species Clause: Limit one of each Pok\u00e9mon\n|rule|OHKO Clause: OHKO moves are banned\n|rule|Evasion Items Clause: Evasion items are banned\n|rule|Evasion Moves Clause: Evasion moves are banned\n|rule|Endless Battle Clause: Forcing endless battles is banned\n|rule|HP Percentage Mod: HP is shown in percentages\n|clearpoke\n|poke|p1|Gliscor, M|\n|poke|p1|Annihilape, M|\n|poke|p1|Shaymin-Sky|\n|poke|p1|Magearna|\n|poke|p1|Miraidon|\n|poke|p1|Koraidon|\n|poke|p2|Hippowdon, F|\n|poke|p2|Donphan, L1, F|\n|poke|p2|Zamazenta-*|\n|poke|p2|Kingambit, M|\n|poke|p2|Espathra, M|\n|poke|p2|Regieleki|\n|teampreview\n|inactive|Battle timer is ON: inactive players will automatically lose when time's up. (requested by Systumm)\n|\n|t:|1699887812\n|start\n|switch|p1a: Gliscor|Gliscor, M, shiny|100\/100\n|switch|p2a: Donphan|Donphan, L1, F|100\/100\n|turn|1\n|\n|t:|1699887820\n|move|p1a: Gliscor|Protect|p1a: Gliscor\n|-singleturn|p1a: Gliscor|Protect\n|move|p2a: Donphan|Endeavor|p1a: Gliscor\n|-activate|p1a: Gliscor|move: Protect\n|\n|-status|p1a: Gliscor|tox|[from] item: Toxic Orb\n|upkeep\n|turn|2\n|\n|t:|1699887831\n|move|p1a: Gliscor|Knock Off|p2a: Donphan\n|-ability|p2a: Donphan|Sturdy\n|-damage|p2a: Donphan|8\/100\n|-enditem|p2a: Donphan|Shell Bell|[from] move: Knock Off|[of] p1a: Gliscor\n|move|p2a: Donphan|Endeavor|p1a: Gliscor\n|-damage|p1a: Gliscor|1\/100 tox\n|\n|-heal|p1a: Gliscor|13\/100 tox|[from] ability: Poison Heal\n|upkeep\n|turn|3\n|\n|t:|1699887841\n|move|p1a: Gliscor|Knock Off|p2a: Donphan\n|-damage|p2a: Donphan|0 fnt\n|faint|p2a: Donphan\n|\n|-heal|p1a: Gliscor|26\/100 tox|[from] ability: Poison Heal\n|upkeep\n|\n|t:|1699887847\n|switch|p2a: Zamazenta|Zamazenta-Crowned|100\/100\n|-ability|p2a: Zamazenta|Dauntless Shield|boost\n|-boost|p2a: Zamazenta|def|1\n|turn|4\n|\n|t:|1699887855\n|switch|p2a: Espathra|Espathra, M|100\/100\n|move|p1a: Gliscor|Protect||[still]\n|-fail|p1a: Gliscor\n|\n|-heal|p1a: Gliscor|38\/100 tox|[from] ability: Poison Heal\n|upkeep\n|turn|5\n|\n|t:|1699887862\n|move|p2a: Espathra|Protect|p2a: Espathra\n|-singleturn|p2a: Espathra|Protect\n|move|p1a: Gliscor|Toxic|p2a: Espathra\n|-activate|p2a: Espathra|move: Protect\n|\n|-heal|p1a: Gliscor|50\/100 tox|[from] ability: Poison Heal\n|-ability|p2a: Espathra|Speed Boost|boost\n|-boost|p2a: Espathra|spe|1\n|upkeep\n|turn|6\n|\n|t:|1699887870\n|move|p1a: Gliscor|Protect|p1a: Gliscor\n|-singleturn|p1a: Gliscor|Protect\n|move|p2a: Espathra|Calm Mind|p2a: Espathra\n|-boost|p2a: Espathra|spa|1\n|-boost|p2a: Espathra|spd|1\n|\n|-heal|p1a: Gliscor|63\/100 tox|[from] ability: Poison Heal\n|-ability|p2a: Espathra|Speed Boost|boost\n|-boost|p2a: Espathra|spe|1\n|upkeep\n|turn|7\n|\n|t:|1699887881\n|move|p2a: Espathra|Calm Mind|p2a: Espathra\n|-boost|p2a: Espathra|spa|1\n|-boost|p2a: Espathra|spd|1\n|move|p1a: Gliscor|Knock Off|p2a: Espathra\n|-supereffective|p2a: Espathra\n|-damage|p2a: Espathra|48\/100\n|-enditem|p2a: Espathra|Leftovers|[from] move: Knock Off|[of] p1a: Gliscor\n|\n|-heal|p1a: Gliscor|75\/100 tox|[from] ability: Poison Heal\n|-ability|p2a: Espathra|Speed Boost|boost\n|-boost|p2a: Espathra|spe|1\n|upkeep\n|turn|8\n|\n|t:|1699887891\n|move|p2a: Espathra|Stored Power|p1a: Gliscor\n|-damage|p1a: Gliscor|0 fnt\n|faint|p1a: Gliscor\n|\n|-ability|p2a: Espathra|Speed Boost|boost\n|-boost|p2a: Espathra|spe|1\n|upkeep\n|\n|t:|1699887904\n|switch|p1a: Shaymin|Shaymin-Sky|100\/100\n|turn|9\n|\n|t:|1699887911\n|move|p2a: Espathra|Stored Power|p1a: Shaymin\n|-damage|p1a: Shaymin|0 fnt\n|faint|p1a: Shaymin\n|\n|-ability|p2a: Espathra|Speed Boost|boost\n|-boost|p2a: Espathra|spe|1\n|upkeep\n|\n|t:|1699887921\n|switch|p1a: Annihilape|Annihilape, M|100\/100\n|turn|10\n|\n|t:|1699887927\n|move|p2a: Espathra|Stored Power|p1a: Annihilape\n|-supereffective|p1a: Annihilape\n|-damage|p1a: Annihilape|0 fnt\n|faint|p1a: Annihilape\n|\n|-ability|p2a: Espathra|Speed Boost|boost\n|-boost|p2a: Espathra|spe|1\n|upkeep\n|\n|t:|1699887931\n|switch|p1a: Miraidon|Miraidon|100\/100\n|-fieldstart|move: Electric Terrain|[from] ability: Hadron Engine|[of] p1a: Miraidon\n|turn|11\n|\n|t:|1699887936\n|move|p2a: Espathra|Protect|p2a: Espathra\n|-singleturn|p2a: Espathra|Protect\n|move|p1a: Miraidon|Electro Drift|p2a: Espathra\n|-activate|p2a: Espathra|move: Protect\n|\n|upkeep\n|turn|12\n|\n|t:|1699887943\n|move|p2a: Espathra|Stored Power|p1a: Miraidon\n|-damage|p1a: Miraidon|0 fnt\n|faint|p1a: Miraidon\n|\n|upkeep\n|\n|t:|1699887948\n|switch|p1a: Magearna|Magearna|100\/100\n|turn|13\n|\n|t:|1699887953\n|move|p2a: Espathra|Stored Power|p1a: Magearna\n|-resisted|p1a: Magearna\n|-damage|p1a: Magearna|0 fnt\n|faint|p1a: Magearna\n|\n|upkeep\n|-message|Systumm forfeited.\n|\n|win|N0oBsLayEr\n|raw|Systumm's rating: 1046 &rarr; <strong>1027<\/strong><br \/>(-19 for losing)\n|raw|N0oBsLayEr's rating: 1000 &rarr; <strong>1045<\/strong><br \/>(+45 for winning)\n|l|\u2606Systumm\n|n|\u2606N0oBsLayEr|n0obslayer\n","uploadtime":1699887991,"views":8,"p1id":"systumm","p2id":"n0obslayer","formatid":"gen9ubers","rating":1027,"private":0,"password":""}