{"id":"gen9ubers-2000130841","p1":"Donkelyn","p2":"Skye10000","format":"[Gen 9] Ubers","log":"|j|\u2606Donkelyn\n|j|\u2606Skye10000\n|t:|1701160322\n|gametype|singles\n|player|p1|Donkelyn|1|\n|player|p2|Skye10000|169|\n|teamsize|p1|6\n|teamsize|p2|6\n|gen|9\n|tier|[Gen 9] Ubers\n|rule|Sleep Clause Mod: Limit one foe put to sleep\n|rule|Species Clause: Limit one of each Pok\u00e9mon\n|rule|OHKO Clause: OHKO moves are banned\n|rule|Evasion Items Clause: Evasion items are banned\n|rule|Evasion Moves Clause: Evasion moves are banned\n|rule|Endless Battle Clause: Forcing endless battles is banned\n|rule|HP Percentage Mod: HP is shown in percentages\n|clearpoke\n|poke|p1|Torkoal, F|\n|poke|p1|Walking Wake|\n|poke|p1|Great Tusk|\n|poke|p1|Ceruledge, F|\n|poke|p1|Lilligant-Hisui, F|\n|poke|p1|Cinderace, F|\n|poke|p2|Annihilape, M|\n|poke|p2|Ting-Lu|\n|poke|p2|Sneasler, M|\n|poke|p2|Zapdos-Galar|\n|poke|p2|Zoroark-Hisui, M|\n|poke|p2|Arcanine-Hisui, F|\n|teampreview\n|\n|t:|1701160331\n|start\n|switch|p1a: Teel Keel|Torkoal, F|100\/100\n|switch|p2a: iget bar|Zapdos-Galar|100\/100\n|-weather|SunnyDay|[from] ability: Drought|[of] p1a: Teel Keel\n|turn|1\n|j| Fumbleo\n|\n|t:|1701160379\n|move|p2a: iget bar|Protect|p2a: iget bar\n|-singleturn|p2a: iget bar|Protect\n|move|p1a: Teel Keel|Stealth Rock|p2a: iget bar\n|-sidestart|p2: Skye10000|move: Stealth Rock\n|\n|-weather|SunnyDay|[upkeep]\n|upkeep\n|turn|2\n|\n|t:|1701160398\n|move|p2a: iget bar|Knock Off|p1a: Teel Keel\n|-damage|p1a: Teel Keel|81\/100\n|-enditem|p1a: Teel Keel|Heat Rock|[from] move: Knock Off|[of] p2a: iget bar\n|move|p1a: Teel Keel|Lava Plume|p2a: iget bar\n|-damage|p2a: iget bar|56\/100\n|\n|-weather|SunnyDay|[upkeep]\n|upkeep\n|turn|3\n|\n|t:|1701160413\n|switch|p1a: Ceel|Cinderace, F|100\/100\n|move|p2a: iget bar|Thunderous Kick|p1a: Ceel\n|-damage|p1a: Ceel|31\/100\n|-unboost|p1a: Ceel|def|1\n|\n|-weather|SunnyDay|[upkeep]\n|upkeep\n|turn|4\n|\n|t:|1701160422\n|move|p2a: iget bar|Protect|p2a: iget bar\n|-singleturn|p2a: iget bar|Protect\n|move|p1a: Ceel|Zen Headbutt|p2a: iget bar\n|-start|p1a: Ceel|typechange|Psychic|[from] ability: Libero\n|-activate|p2a: iget bar|move: Protect\n|\n|-weather|SunnyDay|[upkeep]\n|upkeep\n|turn|5\n|\n|t:|1701160436\n|move|p1a: Ceel|Zen Headbutt|p2a: iget bar\n|-supereffective|p2a: iget bar\n|-damage|p2a: iget bar|0 fnt\n|faint|p2a: iget bar\n|\n|-weather|SunnyDay|[upkeep]\n|upkeep\n|\n|t:|1701160449\n|switch|p2a: henyx q1202|Sneasler, M|100\/100\n|-damage|p2a: henyx q1202|88\/100|[from] Stealth Rock\n|turn|6\n|\n|t:|1701160461\n|move|p2a: henyx q1202|Protect|p2a: henyx q1202\n|-singleturn|p2a: henyx q1202|Protect\n|move|p1a: Ceel|Zen Headbutt|p2a: henyx q1202\n|-activate|p2a: henyx q1202|move: Protect\n|\n|-weather|SunnyDay|[upkeep]\n|upkeep\n|turn|7\n|\n|t:|1701160484\n|move|p1a: Ceel|Zen Headbutt|p2a: henyx q1202\n|-damage|p2a: henyx q1202|0 fnt\n|replace|p2a: strawberry soju|Zoroark-Hisui, M\n|-end|p2a: strawberry soju|Illusion\n|faint|p2a: strawberry soju\n|\n|-weather|SunnyDay|[upkeep]\n|upkeep\n|\n|t:|1701160494\n|switch|p2a: 35 illawarra st|Ting-Lu|100\/100\n|-damage|p2a: 35 illawarra st|94\/100|[from] Stealth Rock\n|-ability|p2a: 35 illawarra st|Vessel of Ruin\n|turn|8\n|\n|t:|1701160507\n|switch|p1a: Greel Teel|Great Tusk|100\/100\n|-activate|p1a: Greel Teel|ability: Protosynthesis\n|-start|p1a: Greel Teel|protosynthesisdef\n|move|p2a: 35 illawarra st|Throat Chop|p1a: Greel Teel\n|-resisted|p1a: Greel Teel\n|-damage|p1a: Greel Teel|92\/100\n|-start|p1a: Greel Teel|Throat Chop|[silent]\n|-damage|p2a: 35 illawarra st|78\/100|[from] item: Rocky Helmet|[of] p1a: Greel Teel\n|\n|-weather|none\n|-end|p1a: Greel Teel|Protosynthesis\n|upkeep\n|turn|9\n|\n|t:|1701160521\n|move|p1a: Greel Teel|Bulk Up|p1a: Greel Teel\n|-boost|p1a: Greel Teel|atk|1\n|-boost|p1a: Greel Teel|def|1\n|move|p2a: 35 illawarra st|Body Press|p1a: Greel Teel\n|-damage|p1a: Greel Teel|80\/100\n|-damage|p2a: 35 illawarra st|61\/100|[from] item: Rocky Helmet|[of] p1a: Greel Teel\n|\n|-end|p1a: Greel Teel|Throat Chop|[silent]\n|upkeep\n|turn|10\n|\n|t:|1701160530\n|switch|p2a: henyx q1202|Sneasler, M|100\/100\n|-damage|p2a: henyx q1202|95\/100|[from] Stealth Rock\n|move|p1a: Greel Teel|Bulk Up|p1a: Greel Teel\n|-boost|p1a: Greel Teel|atk|1\n|-boost|p1a: Greel Teel|def|1\n|\n|upkeep\n|turn|11\n|\n|t:|1701160548\n|move|p2a: henyx q1202|Dire Claw|p1a: Greel Teel\n|-resisted|p1a: Greel Teel\n|-damage|p1a: Greel Teel|73\/100\n|-status|p1a: Greel Teel|psn\n|-damage|p2a: henyx q1202|78\/100|[from] item: Rocky Helmet|[of] p1a: Greel Teel\n|move|p1a: Greel Teel|Earthquake|p2a: henyx q1202\n|-supereffective|p2a: henyx q1202\n|-damage|p2a: henyx q1202|0 fnt\n|faint|p2a: henyx q1202\n|\n|-damage|p1a: Greel Teel|61\/100 psn|[from] psn\n|upkeep\n|\n|t:|1701160569\n|switch|p2a: micky strangle|Annihilape, M|100\/100\n|-damage|p2a: micky strangle|94\/100|[from] Stealth Rock\n|turn|12\n|\n|t:|1701160587\n|move|p2a: micky strangle|Protect|p2a: micky strangle\n|-singleturn|p2a: micky strangle|Protect\n|move|p1a: Greel Teel|Knock Off|p2a: micky strangle\n|-activate|p2a: micky strangle|move: Protect\n|\n|-heal|p2a: micky strangle|100\/100|[from] item: Leftovers\n|-damage|p1a: Greel Teel|48\/100 psn|[from] psn\n|upkeep\n|turn|13\n|\n|t:|1701160609\n|move|p1a: Greel Teel|Earthquake|p2a: micky strangle\n|-damage|p2a: micky strangle|19\/100\n|move|p2a: micky strangle|Drain Punch|p1a: Greel Teel\n|-damage|p1a: Greel Teel|37\/100 psn\n|-heal|p2a: micky strangle|25\/100|[from] drain|[of] p1a: Greel Teel\n|-damage|p2a: micky strangle|8\/100|[from] item: Rocky Helmet|[of] p1a: Greel Teel\n|\n|-heal|p2a: micky strangle|14\/100|[from] item: Leftovers\n|-damage|p1a: Greel Teel|25\/100 psn|[from] psn\n|upkeep\n|turn|14\n|\n|t:|1701160619\n|move|p2a: micky strangle|Protect|p2a: micky strangle\n|-singleturn|p2a: micky strangle|Protect\n|move|p1a: Greel Teel|Earthquake|p2a: micky strangle\n|-activate|p2a: micky strangle|move: Protect\n|\n|-heal|p2a: micky strangle|20\/100|[from] item: Leftovers\n|-damage|p1a: Greel Teel|12\/100 psn|[from] psn\n|upkeep\n|turn|15\n|\n|t:|1701160632\n|move|p1a: Greel Teel|Earthquake|p2a: micky strangle\n|-damage|p2a: micky strangle|0 fnt\n|faint|p2a: micky strangle\n|\n|-damage|p1a: Greel Teel|0 fnt|[from] psn\n|faint|p1a: Greel Teel\n|-end|p1a: Greel Teel|Protosynthesis|[silent]\n|upkeep\n|\n|t:|1701160640\n|switch|p1a: Teel Keel|Torkoal, F|81\/100\n|switch|p2a: wish.com pikmin|Arcanine-Hisui, F|100\/100\n|-damage|p2a: wish.com pikmin|76\/100|[from] Stealth Rock\n|-weather|SunnyDay|[from] ability: Drought|[of] p1a: Teel Keel\n|turn|16\n|\n|t:|1701160651\n|switch|p1a: Weel Weel|Walking Wake|100\/100\n|-activate|p1a: Weel Weel|ability: Protosynthesis\n|-start|p1a: Weel Weel|protosynthesisspe\n|move|p2a: wish.com pikmin|Extreme Speed|p1a: Weel Weel\n|-damage|p1a: Weel Weel|72\/100\n|\n|-weather|SunnyDay|[upkeep]\n|upkeep\n|turn|17\n|\n|t:|1701160663\n|switch|p2a: 35 illawarra st|Ting-Lu|61\/100\n|-damage|p2a: 35 illawarra st|55\/100|[from] Stealth Rock\n|-ability|p2a: 35 illawarra st|Vessel of Ruin\n|move|p1a: Weel Weel|Hydro Steam|p2a: 35 illawarra st\n|-supereffective|p2a: 35 illawarra st\n|-damage|p2a: 35 illawarra st|0 fnt\n|faint|p2a: 35 illawarra st\n|\n|-weather|SunnyDay|[upkeep]\n|upkeep\n|\n|t:|1701160673\n|switch|p2a: wish.com pikmin|Arcanine-Hisui, F|76\/100\n|-damage|p2a: wish.com pikmin|51\/100|[from] Stealth Rock\n|turn|18\n|\n|t:|1701160688\n|move|p1a: Weel Weel|Hydro Steam|p2a: wish.com pikmin\n|-supereffective|p2a: wish.com pikmin\n|-damage|p2a: wish.com pikmin|0 fnt\n|faint|p2a: wish.com pikmin\n|\n|win|Donkelyn\n","uploadtime":1701160695,"views":22,"p1id":"donkelyn","p2id":"skye10000","formatid":"gen9ubers","rating":0,"private":0,"password":""}