{"id":"gen9ubers-1972729928","p1":"Pyrope06","p2":"Eric Vendrell","format":"[Gen 9] Ubers","log":"|j|\u2606Pyrope06\n|j|\u2606Eric Vendrell\n|t:|1697886012\n|gametype|singles\n|player|p1|Pyrope06|ghetsis|\n|player|p2|Eric Vendrell|2|\n|teamsize|p1|6\n|teamsize|p2|6\n|gen|9\n|tier|[Gen 9] Ubers\n|rule|Sleep Clause Mod: Limit one foe put to sleep\n|rule|Species Clause: Limit one of each Pok\u00e9mon\n|rule|OHKO Clause: OHKO moves are banned\n|rule|Evasion Items Clause: Evasion items are banned\n|rule|Evasion Moves Clause: Evasion moves are banned\n|rule|Endless Battle Clause: Forcing endless battles is banned\n|rule|HP Percentage Mod: HP is shown in percentages\n|clearpoke\n|poke|p1|Torterra, M|\n|poke|p1|Toxapex, M|\n|poke|p1|Quagsire, M|\n|poke|p1|Blissey, F|\n|poke|p1|Meowscarada, F|\n|poke|p1|Corviknight, F|\n|poke|p2|Goodra-Hisui, M|\n|poke|p2|Garchomp, M|\n|poke|p2|Salamence, M|\n|poke|p2|Ceruledge, F|\n|poke|p2|Weavile, M|\n|poke|p2|Toxapex, M|\n|teampreview\n|\n|t:|1697886028\n|start\n|switch|p1a: Torterra|Torterra, M, shiny|100\/100\n|switch|p2a: Garchomp|Garchomp, M, shiny|100\/100\n|turn|1\n|\n|t:|1697886055\n|move|p2a: Garchomp|Stealth Rock|p1a: Torterra\n|-sidestart|p1: Pyrope06|move: Stealth Rock\n|move|p1a: Torterra|Shell Smash|p1a: Torterra\n|-unboost|p1a: Torterra|def|1\n|-unboost|p1a: Torterra|spd|1\n|-boost|p1a: Torterra|atk|2\n|-boost|p1a: Torterra|spa|2\n|-boost|p1a: Torterra|spe|2\n|\n|upkeep\n|turn|2\n|\n|t:|1697886067\n|move|p1a: Torterra|Bullet Seed|p2a: Garchomp\n|-damage|p2a: Garchomp|81\/100\n|-damage|p2a: Garchomp|61\/100\n|-damage|p2a: Garchomp|39\/100\n|-damage|p2a: Garchomp|19\/100\n|-hitcount|p2a: Garchomp|4\n|move|p2a: Garchomp|Spikes|p1a: Torterra\n|-sidestart|p1: Pyrope06|Spikes\n|\n|upkeep\n|turn|3\n|\n|t:|1697886079\n|switch|p2a: Toxapex|Toxapex, M|100\/100\n|move|p1a: Torterra|Bullet Seed|p2a: Toxapex\n|-damage|p2a: Toxapex|82\/100\n|-damage|p2a: Toxapex|63\/100\n|-damage|p2a: Toxapex|43\/100\n|-damage|p2a: Toxapex|26\/100\n|-damage|p2a: Toxapex|6\/100\n|-hitcount|p2a: Toxapex|5\n|\n|-heal|p2a: Toxapex|12\/100|[from] item: Black Sludge\n|upkeep\n|turn|4\n|\n|t:|1697886112\n|move|p1a: Torterra|Bullet Seed|p2a: Toxapex\n|-damage|p2a: Toxapex|0 fnt\n|faint|p2a: Toxapex\n|-hitcount|p2: Toxapex|1\n|\n|upkeep\n|\n|t:|1697886174\n|switch|p2a: Salamence|Salamence, M|100\/100\n|-ability|p2a: Salamence|Intimidate|boost\n|-unboost|p1a: Torterra|atk|1\n|turn|5\n|\n|t:|1697886192\n|move|p1a: Torterra|Rock Blast|p2a: Salamence\n|-supereffective|p2a: Salamence\n|-damage|p2a: Salamence|79\/100\n|-supereffective|p2a: Salamence\n|-damage|p2a: Salamence|59\/100\n|-supereffective|p2a: Salamence\n|-damage|p2a: Salamence|38\/100\n|-supereffective|p2a: Salamence\n|-damage|p2a: Salamence|16\/100\n|-hitcount|p2a: Salamence|4\n|move|p2a: Salamence|Iron Defense|p2a: Salamence\n|-boost|p2a: Salamence|def|2\n|\n|upkeep\n|turn|6\n|\n|t:|1697886217\n|switch|p2a: Ceruledge|Ceruledge, F, shiny|100\/100\n|move|p1a: Torterra|Rock Blast|p2a: Ceruledge\n|-supereffective|p2a: Ceruledge\n|-damage|p2a: Ceruledge|70\/100\n|-ability|p2a: Ceruledge|Weak Armor|boost\n|-unboost|p2a: Ceruledge|def|1\n|-boost|p2a: Ceruledge|spe|2\n|-supereffective|p2a: Ceruledge\n|-damage|p2a: Ceruledge|20\/100\n|-ability|p2a: Ceruledge|Weak Armor|boost\n|-unboost|p2a: Ceruledge|def|1\n|-boost|p2a: Ceruledge|spe|2\n|-supereffective|p2a: Ceruledge\n|-damage|p2a: Ceruledge|0 fnt\n|faint|p2a: Ceruledge\n|-hitcount|p2: Ceruledge|3\n|\n|upkeep\n|\n|t:|1697886237\n|switch|p2a: Garchomp|Garchomp, M, shiny|19\/100\n|turn|7\n|\n|t:|1697886241\n|move|p1a: Torterra|Bullet Seed|p2a: Garchomp\n|-damage|p2a: Garchomp|4\/100\n|-damage|p2a: Garchomp|0 fnt\n|faint|p2a: Garchomp\n|-hitcount|p2: Garchomp|2\n|\n|upkeep\n|\n|t:|1697886248\n|switch|p2a: Weavile|Weavile, M|100\/100\n|-ability|p2a: Weavile|Pressure\n|turn|8\n|\n|t:|1697886264\n|move|p1a: Torterra|Rock Blast|p2a: Weavile\n|-supereffective|p2a: Weavile\n|-crit|p2a: Weavile\n|-damage|p2a: Weavile|35\/100\n|-supereffective|p2a: Weavile\n|-damage|p2a: Weavile|0 fnt\n|faint|p2a: Weavile\n|-hitcount|p2: Weavile|2\n|\n|upkeep\n|\n|t:|1697886271\n|switch|p2a: Goodra|Goodra-Hisui, M, shiny|100\/100\n|turn|9\n|\n|t:|1697886278\n|move|p1a: Torterra|Headlong Rush|p2a: Goodra\n|-supereffective|p2a: Goodra\n|-damage|p2a: Goodra|0 fnt\n|-unboost|p1a: Torterra|def|1\n|-unboost|p1a: Torterra|spd|1\n|-ability|p2a: Goodra|Gooey\n|-unboost|p1a: Torterra|spe|1\n|faint|p2a: Goodra\n|\n|upkeep\n|\n|t:|1697886287\n|switch|p2a: Salamence|Salamence, M|16\/100\n|-ability|p2a: Salamence|Intimidate|boost\n|-unboost|p1a: Torterra|atk|1\n|turn|10\n|\n|t:|1697886298\n|move|p1a: Torterra|Shell Smash|p1a: Torterra\n|-unboost|p1a: Torterra|def|1\n|-unboost|p1a: Torterra|spd|1\n|-boost|p1a: Torterra|atk|2\n|-boost|p1a: Torterra|spa|2\n|-boost|p1a: Torterra|spe|2\n|move|p2a: Salamence|Double-Edge|p1a: Torterra\n|-damage|p1a: Torterra|0 fnt\n|faint|p1a: Torterra\n|-damage|p2a: Salamence|0 fnt|[from] Recoil\n|faint|p2a: Salamence\n|\n|win|Pyrope06\n|l|\u2606Eric Vendrell\n|l|\u2606Pyrope06\n|j|\u2606Pyrope06\n|player|p1|Pyrope06|ghetsis\n","uploadtime":1697886369,"views":14,"p1id":"pyrope06","p2id":"ericvendrell","formatid":"gen9ubers","rating":0,"private":0,"password":""}