{"id":"gen9ubers-1977073429","p1":"Funni gen 3 boi","p2":"KoppzinXl","format":"[Gen 9] Ubers","log":"|j|\u2606Funni gen 3 boi\n|j|\u2606KoppzinXl\n|t:|1698368551\n|gametype|singles\n|player|p1|Funni gen 3 boi|2|1197\n|player|p2|KoppzinXl|n|1105\n|teamsize|p1|6\n|teamsize|p2|6\n|gen|9\n|tier|[Gen 9] Ubers\n|rated|\n|rule|Sleep Clause Mod: Limit one foe put to sleep\n|rule|Species Clause: Limit one of each Pok\u00e9mon\n|rule|OHKO Clause: OHKO moves are banned\n|rule|Evasion Items Clause: Evasion items are banned\n|rule|Evasion Moves Clause: Evasion moves are banned\n|rule|Endless Battle Clause: Forcing endless battles is banned\n|rule|HP Percentage Mod: HP is shown in percentages\n|clearpoke\n|poke|p1|Chi-Yu|\n|poke|p1|Koraidon|\n|poke|p1|Flutter Mane|\n|poke|p1|Zacian-*|\n|poke|p1|Giratina-Origin|\n|poke|p1|Groudon|\n|poke|p2|Kingambit, M|\n|poke|p2|Florges, F|\n|poke|p2|Sneasler, F|\n|poke|p2|Ursaluna-Bloodmoon, M|\n|poke|p2|Rabsca, F|\n|poke|p2|Eelektross, M|\n|teampreview\n|inactive|Battle timer is ON: inactive players will automatically lose when time's up. (requested by KoppzinXl)\n|\n|t:|1698368568\n|start\n|switch|p1a: Koraidon|Koraidon|100\/100\n|switch|p2a: Florges|Florges, F|100\/100\n|-weather|SunnyDay|[from] ability: Orichalcum Pulse|[of] p1a: Koraidon\n|-activate|p1a: Koraidon|Orichalcum Pulse|[source]\n|turn|1\n|\n|t:|1698368577\n|move|p1a: Koraidon|Iron Head|p2a: Florges\n|-supereffective|p2a: Florges\n|-damage|p2a: Florges|0 fnt\n|faint|p2a: Florges\n|\n|-weather|SunnyDay|[upkeep]\n|upkeep\n|\n|t:|1698368592\n|switch|p2a: Rabsca|Rabsca, F|100\/100\n|turn|2\n|\n|t:|1698368604\n|move|p1a: Koraidon|U-turn|p2a: Rabsca\n|-supereffective|p2a: Rabsca\n|-damage|p2a: Rabsca|26\/100\n|\n|t:|1698368618\n|switch|p1a: Zacian|Zacian|100\/100|[from] U-turn\n|-ability|p1a: Zacian|Intrepid Sword|boost\n|-boost|p1a: Zacian|atk|1\n|move|p2a: Rabsca|Psychic|p1a: Zacian\n|-damage|p1a: Zacian|64\/100\n|\n|-weather|SunnyDay|[upkeep]\n|upkeep\n|turn|3\n|\n|t:|1698368628\n|move|p1a: Zacian|Solar Blade||[still]\n|-prepare|p1a: Zacian|Solar Blade\n|-anim|p1a: Zacian|Solar Blade|p2a: Rabsca\n|-resisted|p2a: Rabsca\n|-damage|p2a: Rabsca|0 fnt\n|faint|p2a: Rabsca\n|\n|-weather|SunnyDay|[upkeep]\n|upkeep\n|\n|t:|1698368640\n|switch|p2a: Sneasler|Sneasler, F|100\/100\n|turn|4\n|\n|t:|1698368657\n|switch|p1a: Groudon|Groudon|100\/100\n|move|p2a: Sneasler|Dire Claw|p1a: Groudon\n|-resisted|p1a: Groudon\n|-damage|p1a: Groudon|86\/100\n|-damage|p2a: Sneasler|91\/100|[from] item: Life Orb\n|\n|-weather|SunnyDay|[upkeep]\n|-heal|p1a: Groudon|92\/100|[from] item: Leftovers\n|upkeep\n|turn|5\n|\n|t:|1698368669\n|move|p2a: Sneasler|Close Combat|p1a: Groudon\n|-damage|p1a: Groudon|46\/100\n|-unboost|p2a: Sneasler|def|1\n|-unboost|p2a: Sneasler|spd|1\n|-status|p1a: Groudon|psn|[from] ability: Poison Touch|[of] p2a: Sneasler\n|-damage|p2a: Sneasler|81\/100|[from] item: Life Orb\n|move|p1a: Groudon|Stealth Rock|p2a: Sneasler\n|-sidestart|p2: KoppzinXl|move: Stealth Rock\n|\n|-weather|none\n|-heal|p1a: Groudon|52\/100 psn|[from] item: Leftovers\n|-damage|p1a: Groudon|40\/100 psn|[from] psn\n|upkeep\n|turn|6\n|\n|t:|1698368688\n|switch|p1a: Giratina|Giratina-Origin|100\/100\n|move|p2a: Sneasler|Close Combat|p1a: Giratina\n|-immune|p1a: Giratina\n|\n|upkeep\n|turn|7\n|\n|t:|1698368698\n|move|p2a: Sneasler|Dire Claw|p1a: Giratina\n|-resisted|p1a: Giratina\n|-damage|p1a: Giratina|86\/100\n|-status|p1a: Giratina|slp\n|-damage|p2a: Sneasler|71\/100|[from] item: Life Orb\n|cant|p1a: Giratina|slp\n|\n|upkeep\n|turn|8\n|\n|t:|1698368709\n|move|p2a: Sneasler|Bulk Up|p2a: Sneasler\n|-boost|p2a: Sneasler|atk|1\n|-boost|p2a: Sneasler|def|1\n|-curestatus|p1a: Giratina|slp|[msg]\n|move|p1a: Giratina|Roar|p2a: Sneasler\n|drag|p2a: Eelektross|Eelektross, M, shiny|100\/100\n|-damage|p2a: Eelektross|88\/100|[from] Stealth Rock\n|\n|upkeep\n|turn|9\n|\n|t:|1698368727\n|move|p2a: Eelektross|Coil|p2a: Eelektross\n|-boost|p2a: Eelektross|atk|1\n|-boost|p2a: Eelektross|def|1\n|-boost|p2a: Eelektross|accuracy|1\n|move|p1a: Giratina|Roar|p2a: Eelektross\n|drag|p2a: Ursaluna|Ursaluna-Bloodmoon, M|100\/100\n|-damage|p2a: Ursaluna|94\/100|[from] Stealth Rock\n|\n|-heal|p2a: Ursaluna|100\/100|[from] item: Leftovers\n|upkeep\n|turn|10\n|\n|t:|1698368746\n|move|p2a: Ursaluna|Blood Moon|p1a: Giratina\n|-damage|p1a: Giratina|32\/100\n|move|p1a: Giratina|Roar|p2a: Ursaluna\n|drag|p2a: Eelektross|Eelektross, M, shiny|88\/100\n|-damage|p2a: Eelektross|76\/100|[from] Stealth Rock\n|\n|upkeep\n|turn|11\n|inactive|KoppzinXl has 120 seconds left.\n|\n|t:|1698368776\n|move|p1a: Giratina|Will-O-Wisp|p2a: Eelektross|[miss]\n|-miss|p1a: Giratina|p2a: Eelektross\n|move|p2a: Eelektross|Thunder Punch|p1a: Giratina\n|-resisted|p1a: Giratina\n|-damage|p1a: Giratina|20\/100\n|\n|upkeep\n|turn|12\n|\n|t:|1698368784\n|move|p1a: Giratina|Will-O-Wisp|p2a: Eelektross\n|-status|p2a: Eelektross|brn\n|move|p2a: Eelektross|Thunder Punch|p1a: Giratina\n|-resisted|p1a: Giratina\n|-damage|p1a: Giratina|14\/100\n|\n|-damage|p2a: Eelektross|70\/100 brn|[from] brn\n|upkeep\n|turn|13\n|\n|t:|1698368795\n|switch|p1a: Koraidon|Koraidon|100\/100\n|-weather|SunnyDay|[from] ability: Orichalcum Pulse|[of] p1a: Koraidon\n|-activate|p1a: Koraidon|Orichalcum Pulse|[source]\n|move|p2a: Eelektross|Thunder Punch|p1a: Koraidon\n|-resisted|p1a: Koraidon\n|-damage|p1a: Koraidon|92\/100\n|\n|-weather|SunnyDay|[upkeep]\n|-damage|p2a: Eelektross|64\/100 brn|[from] brn\n|upkeep\n|turn|14\n|inactive|KoppzinXl has 120 seconds left.\n|\n|t:|1698368811\n|move|p1a: Koraidon|Collision Course|p2a: Eelektross\n|-damage|p2a: Eelektross|0 fnt\n|-damage|p1a: Koraidon|75\/100|[from] item: Rocky Helmet|[of] p2a: Eelektross\n|faint|p2a: Eelektross\n|\n|-weather|SunnyDay|[upkeep]\n|upkeep\n|inactive|KoppzinXl has 120 seconds left.\n|\n|t:|1698368828\n|switch|p2a: Ursaluna|Ursaluna-Bloodmoon, M|100\/100\n|-damage|p2a: Ursaluna|94\/100|[from] Stealth Rock\n|turn|15\n|\n|t:|1698368838\n|move|p1a: Koraidon|Collision Course|p2a: Ursaluna\n|-supereffective|p2a: Ursaluna\n|-damage|p2a: Ursaluna|0 fnt\n|faint|p2a: Ursaluna\n|\n|-weather|SunnyDay|[upkeep]\n|upkeep\n|-message|KoppzinXl forfeited.\n|\n|win|Funni gen 3 boi\n|raw|Funni gen 3 boi's rating: 1197 &rarr; <strong>1216<\/strong><br \/>(+19 for winning)\n|raw|KoppzinXl's rating: 1105 &rarr; <strong>1086<\/strong><br \/>(-19 for losing)\n|l|\u2606KoppzinXl\n","uploadtime":1698368857,"views":9,"p1id":"funnigen3boi","p2id":"koppzinxl","formatid":"gen9ubers","rating":1086,"private":0,"password":""}