{"id":"gen9ubers-1993297894","p1":"PokeArt2004\u2764","p2":"Dying Field","format":"[Gen 9] Ubers","log":"|j|\u2606PokeArt2004\u2764\n|j|\u2606Dying Field\n|t:|1700292920\n|gametype|singles\n|player|p1|PokeArt2004\u2764|teamrocket|\n|player|p2|Dying Field|fisherman-gen4|\n|teamsize|p1|6\n|teamsize|p2|6\n|gen|9\n|tier|[Gen 9] Ubers\n|rule|Sleep Clause Mod: Limit one foe put to sleep\n|rule|Species Clause: Limit one of each Pok\u00e9mon\n|rule|OHKO Clause: OHKO moves are banned\n|rule|Evasion Items Clause: Evasion items are banned\n|rule|Evasion Moves Clause: Evasion moves are banned\n|rule|Endless Battle Clause: Forcing endless battles is banned\n|rule|HP Percentage Mod: HP is shown in percentages\n|clearpoke\n|poke|p1|Glimmora, F|\n|poke|p1|Grimmsnarl, M|\n|poke|p1|Arceus-Ground|\n|poke|p1|Zacian-*|\n|poke|p1|Flutter Mane|\n|poke|p1|Koraidon|\n|poke|p2|Ditto|\n|poke|p2|Zacian-*|\n|poke|p2|Koraidon|\n|poke|p2|Ting-Lu|\n|poke|p2|Toxapex, F|\n|poke|p2|Arceus-Ground|\n|teampreview\n|j| temp\n|j|+Fragments\n|c|\u2606Dying Field|hf\n|c|\u2606PokeArt2004\u2764|you too\n|c|\u2606Dying Field|fans want the timer\n|j| JJ09LIE\n|inactive|Battle timer is ON: inactive players will automatically lose when time's up. (requested by Dying Field)\n|j| Queen of Bean \u273f\n|inactive|Dying Field has 270 seconds left.\n|c|\u2606PokeArt2004\u2764|I tend to run down the clock a lot in room tours, but 5 minute timer is probably fine\n|j| TopHatODDISH\n|j| BlackKnight_Gawain@!\n|inactive|Dying Field has 240 seconds left.\n|\n|t:|1700293005\n|start\n|switch|p1a: Glimmora|Glimmora, F|100\/100\n|switch|p2a: Ting-Lu|Ting-Lu|100\/100\n|-ability|p2a: Ting-Lu|Vessel of Ruin\n|turn|1\n|\n|t:|1700293022\n|move|p1a: Glimmora|Stealth Rock|p2a: Ting-Lu\n|-sidestart|p2: Dying Field|move: Stealth Rock\n|move|p2a: Ting-Lu|Stealth Rock|p1a: Glimmora\n|-sidestart|p1: PokeArt2004\u2764|move: Stealth Rock\n|\n|upkeep\n|turn|2\n|j| Piyush21\n|j| Sasuna\n|l| Sasuna\n|inactive|PokeArt2004\u2764 has 270 seconds left.\n|inactive|Dying Field has 270 seconds left.\n|j| PUVL Verity\n|\n|t:|1700293074\n|switch|p1a: Koraidon|Koraidon|100\/100\n|-damage|p1a: Koraidon|94\/100|[from] Stealth Rock\n|-weather|SunnyDay|[from] ability: Orichalcum Pulse|[of] p1a: Koraidon\n|-activate|p1a: Koraidon|Orichalcum Pulse|[source]\n|move|p2a: Ting-Lu|Earthquake|p1a: Koraidon\n|-damage|p1a: Koraidon|59\/100\n|\n|-weather|SunnyDay|[upkeep]\n|upkeep\n|turn|3\n|j| poketough\n|l| PUVL Verity\n|l| Piyush21\n|l| TopHatODDISH\n|inactive|Dying Field has 240 seconds left.\n|l| poketough\n|j| Piyush21\n|inactive|Dying Field has 210 seconds left.\n|\n|t:|1700293160\n|move|p1a: Koraidon|Swords Dance|p1a: Koraidon\n|-boost|p1a: Koraidon|atk|2\n|move|p2a: Ting-Lu|Whirlwind|p1a: Koraidon\n|drag|p1a: Zacian|Zacian-Crowned|100\/100\n|-damage|p1a: Zacian|94\/100|[from] Stealth Rock\n|-ability|p1a: Zacian|Intrepid Sword|boost\n|-boost|p1a: Zacian|atk|1\n|\n|-weather|SunnyDay|[upkeep]\n|upkeep\n|turn|4\n|c|\u2606PokeArt2004\u2764|wha-\n|inactive|PokeArt2004\u2764 has 240 seconds left.\n|c| Piyush21|Click x\n|\n|t:|1700293191\n|move|p1a: Zacian|Substitute|p1a: Zacian\n|-start|p1a: Zacian|Substitute\n|-damage|p1a: Zacian|69\/100\n|move|p2a: Ting-Lu|Earthquake|p1a: Zacian\n|-supereffective|p1a: Zacian\n|-end|p1a: Zacian|Substitute\n|\n|-weather|SunnyDay|[upkeep]\n|upkeep\n|turn|5\n|j| default0\n|j| IwantTEMPtositonme\n|inactive|PokeArt2004\u2764 has 210 seconds left.\n|j| Kanha Greninja\n|\n|t:|1700293232\n|move|p1a: Zacian|Play Rough|p2a: Ting-Lu\n|-supereffective|p2a: Ting-Lu\n|-damage|p2a: Ting-Lu|21\/100\n|move|p2a: Ting-Lu|Earthquake|p1a: Zacian\n|-supereffective|p1a: Zacian\n|-damage|p1a: Zacian|1\/100\n|\n|-weather|SunnyDay|[upkeep]\n|-heal|p2a: Ting-Lu|27\/100|[from] item: Leftovers\n|upkeep\n|turn|6\n|c| BlackKnight_Gawain|IwantTEMPtositonme joined\n|c| temp|IwantTEMPtositonme\n|c| BlackKnight_Gawain|:worrywhirl:\n|l| Piyush21\n|\n|t:|1700293245\n|switch|p2a: Toxapex|Toxapex, F|100\/100\n|-damage|p2a: Toxapex|88\/100|[from] Stealth Rock\n|move|p1a: Zacian|Behemoth Blade|p2a: Toxapex\n|-resisted|p2a: Toxapex\n|-damage|p2a: Toxapex|62\/100\n|-damage|p1a: Zacian|0 fnt|[from] item: Rocky Helmet|[of] p2a: Toxapex\n|faint|p1a: Zacian\n|\n|-weather|none\n|upkeep\n|c| Kanha Greninja|hi temp\n|c| temp|Hi\n|\n|t:|1700293262\n|switch|p1a: Arceus|Arceus-Ground|100\/100\n|-damage|p1a: Arceus|94\/100|[from] Stealth Rock\n|turn|7\n|inactive|PokeArt2004\u2764 has 180 seconds left.\n|\n|t:|1700293287\n|switch|p2a: Arceus|Arceus-Ground|100\/100\n|-damage|p2a: Arceus|94\/100|[from] Stealth Rock\n|move|p1a: Arceus|Substitute|p1a: Arceus\n|-start|p1a: Arceus|Substitute\n|-damage|p1a: Arceus|69\/100\n|\n|upkeep\n|turn|8\n|\n|t:|1700293290\n|move|p1a: Arceus|Dragon Dance|p1a: Arceus\n|-boost|p1a: Arceus|atk|1\n|-boost|p1a: Arceus|spe|1\n|move|p2a: Arceus|Ice Beam|p1a: Arceus\n|-supereffective|p1a: Arceus\n|-end|p1a: Arceus|Substitute\n|\n|upkeep\n|turn|9\n|inactive|PokeArt2004\u2764 has 180 seconds left.\n|\n|t:|1700293322\n|move|p1a: Arceus|Earthquake|p2a: Arceus\n|-damage|p2a: Arceus|39\/100\n|move|p2a: Arceus|Ice Beam|p1a: Arceus\n|-supereffective|p1a: Arceus\n|-damage|p1a: Arceus|35\/100\n|\n|upkeep\n|turn|10\n|j| Piyush21\n|c| Queen of Bean \u273f|keep clicking dd\n|c| Kanha Greninja|is this a ubers tournament\n|c| Queen of Bean \u273f|this is tlt\n|inactive|Dying Field has 180 seconds left.\n|c|+Fragments|No this is patrick\n|c| Kanha Greninja|ok nice\n|\n|t:|1700293348\n|switch|p2a: Ting-Lu|Ting-Lu|27\/100\n|-damage|p2a: Ting-Lu|21\/100|[from] Stealth Rock\n|-ability|p2a: Ting-Lu|Vessel of Ruin\n|move|p1a: Arceus|Earthquake|p2a: Ting-Lu\n|-damage|p2a: Ting-Lu|0 fnt\n|faint|p2a: Ting-Lu\n|\n|upkeep\n|\n|t:|1700293355\n|switch|p2a: Ditto|Ditto|100\/100\n|-damage|p2a: Ditto|88\/100|[from] Stealth Rock\n|-transform|p2a: Ditto|p1a: Arceus|[from] ability: Imposter\n|turn|11\n|c|\u2606PokeArt2004\u2764|ack, should have followed my gut and subbed there\n|inactive|PokeArt2004\u2764 has 150 seconds left.\n|inactive|PokeArt2004\u2764 has 120 seconds left.\n|j| her vivid memories\n|inactive|PokeArt2004\u2764 has 90 seconds left.\n|\n|t:|1700293446\n|switch|p1a: Glimmora|Glimmora, F|100\/100\n|-damage|p1a: Glimmora|88\/100|[from] Stealth Rock\n|move|p2a: Ditto|Earthquake|p1a: Glimmora\n|-supereffective|p1a: Glimmora\n|-crit|p1a: Glimmora\n|-damage|p1a: Glimmora|0 fnt\n|-activate|p1a: Glimmora|ability: Toxic Debris\n|-sidestart|p2: Dying Field|move: Toxic Spikes\n|faint|p1a: Glimmora\n|\n|upkeep\n|\n|t:|1700293448\n|switch|p1a: Grimmsnarl|Grimmsnarl, M|100\/100\n|-damage|p1a: Grimmsnarl|88\/100|[from] Stealth Rock\n|turn|12\n|inactive|Dying Field has 180 seconds left.\n|\n|t:|1700293476\n|move|p1a: Grimmsnarl|Reflect|p1a: Grimmsnarl\n|-sidestart|p1: PokeArt2004\u2764|Reflect\n|move|p2a: Ditto|Earthquake|p1a: Grimmsnarl\n|-damage|p1a: Grimmsnarl|40\/100\n|\n|upkeep\n|turn|13\n|inactive|PokeArt2004\u2764 has 90 seconds left.\n|j| Tanishh\n|\n|t:|1700293502\n|move|p1a: Grimmsnarl|Light Screen|p1a: Grimmsnarl\n|-sidestart|p1: PokeArt2004\u2764|move: Light Screen\n|move|p2a: Ditto|Earthquake|p1a: Grimmsnarl\n|-damage|p1a: Grimmsnarl|0 fnt\n|faint|p1a: Grimmsnarl\n|\n|upkeep\n|\n|t:|1700293505\n|switch|p1a: Koraidon|Koraidon|59\/100\n|-damage|p1a: Koraidon|53\/100|[from] Stealth Rock\n|-weather|SunnyDay|[from] ability: Orichalcum Pulse|[of] p1a: Koraidon\n|-activate|p1a: Koraidon|Orichalcum Pulse|[source]\n|turn|14\n|inactive|PokeArt2004\u2764 has 90 seconds left.\n|inactive|Dying Field has 180 seconds left.\n|inactive|Dying Field has 150 seconds left.\n|j| CelestialBeingWhis\n|inactive|PokeArt2004\u2764 has 60 seconds left.\n|l| CelestialBeingWhis\n|inactive|Dying Field has 120 seconds left.\n|inactive|PokeArt2004\u2764 has 30 seconds left.\n|\n|t:|1700293598\n|-terastallize|p2a: Ditto|Fairy\n|move|p2a: Ditto|Earthquake|p1a: Koraidon\n|-damage|p1a: Koraidon|18\/100\n|move|p1a: Koraidon|Low Kick|p2a: Ditto\n|-resisted|p2a: Ditto\n|-damage|p2a: Ditto|47\/100\n|\n|-weather|SunnyDay|[upkeep]\n|upkeep\n|turn|15\n|inactive|PokeArt2004\u2764 has 30 seconds left.\n|inactive|PokeArt2004\u2764 has 20 seconds left.\n|c|\u2606PokeArt2004\u2764|yeah gg\n|\n|t:|1700293617\n|switch|p2a: Toxapex|Toxapex, F|96\/100\n|-damage|p2a: Toxapex|83\/100|[from] Stealth Rock\n|-sideend|p2: Dying Field|move: Toxic Spikes|[of] p2a: Toxapex\n|move|p1a: Koraidon|Flare Blitz|p2a: Toxapex\n|-resisted|p2a: Toxapex\n|-damage|p2a: Toxapex|58\/100\n|-damage|p1a: Koraidon|2\/100|[from] item: Rocky Helmet|[of] p2a: Toxapex\n|-damage|p1a: Koraidon|0 fnt|[from] Recoil\n|faint|p1a: Koraidon\n|\n|-weather|SunnyDay|[upkeep]\n|upkeep\n|inactive|PokeArt2004\u2764 has 25 seconds left this turn.\n|inactive|PokeArt2004\u2764 has 20 seconds left.\n|\n|t:|1700293623\n|switch|p1a: Arceus|Arceus-Ground|35\/100\n|-damage|p1a: Arceus|29\/100|[from] Stealth Rock\n|turn|16\n|inactive|PokeArt2004\u2764 has 30 seconds left this turn.\n|inactive|Dying Field has 120 seconds left.\n|inactive|PokeArt2004\u2764 has 20 seconds left.\n|\n|t:|1700293635\n|switch|p2a: Koraidon|Koraidon|100\/100\n|-damage|p2a: Koraidon|94\/100|[from] Stealth Rock\n|-activate|p2a: Koraidon|ability: Orichalcum Pulse\n|move|p1a: Arceus|Substitute|p1a: Arceus\n|-start|p1a: Arceus|Substitute\n|-damage|p1a: Arceus|4\/100\n|\n|-weather|SunnyDay|[upkeep]\n|upkeep\n|turn|17\n|inactive|PokeArt2004\u2764 has 30 seconds left this turn.\n|\n|t:|1700293643\n|move|p2a: Koraidon|Flare Blitz|p1a: Arceus\n|-end|p1a: Arceus|Substitute\n|-damage|p2a: Koraidon|84\/100|[from] Recoil|[of] p1a: Arceus\n|move|p1a: Arceus|Dragon Dance|p1a: Arceus\n|-boost|p1a: Arceus|atk|1\n|-boost|p1a: Arceus|spe|1\n|\n|-weather|SunnyDay|[upkeep]\n|upkeep\n|turn|18\n|inactive|PokeArt2004\u2764 has 30 seconds left.\n|\n|t:|1700293653\n|move|p2a: Koraidon|Flare Blitz|p1a: Arceus\n|-damage|p1a: Arceus|0 fnt\n|faint|p1a: Arceus\n|-damage|p2a: Koraidon|83\/100|[from] Recoil\n|\n|-weather|none\n|upkeep\n|\n|t:|1700293655\n|switch|p1a: Flutter Mane|Flutter Mane|100\/100\n|-damage|p1a: Flutter Mane|88\/100|[from] Stealth Rock\n|turn|19\n|c|\u2606PokeArt2004\u2764|ditto made this kinda... yikes\n|inactive|PokeArt2004\u2764 has 30 seconds left.\n|\n|t:|1700293675\n|move|p2a: Koraidon|Flare Blitz|p1a: Flutter Mane\n|-damage|p1a: Flutter Mane|43\/100\n|-damage|p2a: Koraidon|72\/100|[from] Recoil\n|move|p1a: Flutter Mane|Moonblast|p2a: Koraidon\n|-supereffective|p2a: Koraidon\n|-crit|p2a: Koraidon\n|-damage|p2a: Koraidon|0 fnt\n|faint|p2a: Koraidon\n|-damage|p1a: Flutter Mane|33\/100|[from] item: Life Orb\n|\n|-sideend|p1: PokeArt2004\u2764|Reflect\n|upkeep\n|inactive|PokeArt2004\u2764 has 30 seconds left this turn.\n|inactive|Dying Field has 150 seconds left.\n|\n|t:|1700293681\n|switch|p2a: Zacian|Zacian-Crowned|100\/100\n|-damage|p2a: Zacian|94\/100|[from] Stealth Rock\n|-ability|p2a: Zacian|Intrepid Sword|boost\n|-boost|p2a: Zacian|atk|1\n|turn|20\n|c|\u2606Dying Field|gg\n|inactive|PokeArt2004\u2764 has 30 seconds left.\n|\n|t:|1700293691\n|move|p2a: Zacian|Behemoth Blade|p1a: Flutter Mane\n|-supereffective|p1a: Flutter Mane\n|-damage|p1a: Flutter Mane|0 fnt\n|faint|p1a: Flutter Mane\n|-end|p1a: Flutter Mane|Protosynthesis|[silent]\n|\n|win|Dying Field\n|j| CelestialBeingWhis\n|l| CelestialBeingWhis\n|l| BlackKnight_Gawain\n|l|iwanttemptositonme\n|l| Queen of Bean \u273f\n|l|+Fragments\n|j| justlelegirl\n|l| justlelegirl\n|l| Kanha Greninja\n|l| default0\n|l| Tanishh\n|l|\u2606PokeArt2004\u2764\n|j| Kanha Greninja\n|j| SEROO\n|l| Piyush21\n|l| temp\n|l| SEROO\n|l| Kanha Greninja\n|l| her vivid memories\n|l| JJ09LIE\n","uploadtime":1700293697,"views":100,"p1id":"pokeart2004","p2id":"dyingfield","formatid":"gen9ubers","rating":0,"private":0,"password":""}