{"id":"gen9ubers-1974708554","p1":"sampletext627","p2":"Quantumquagsires","format":"[Gen 9] Ubers","log":"|j|\u2606sampletext627\n|j|\u2606Quantumquagsires\n|t:|1698112764\n|gametype|singles\n|player|p1|sampletext627|backersf|\n|player|p2|Quantumquagsires|102|\n|teamsize|p1|6\n|teamsize|p2|6\n|gen|9\n|tier|[Gen 9] Ubers\n|rule|Sleep Clause Mod: Limit one foe put to sleep\n|rule|Species Clause: Limit one of each Pok\u00e9mon\n|rule|OHKO Clause: OHKO moves are banned\n|rule|Evasion Items Clause: Evasion items are banned\n|rule|Evasion Moves Clause: Evasion moves are banned\n|rule|Endless Battle Clause: Forcing endless battles is banned\n|rule|HP Percentage Mod: HP is shown in percentages\n|clearpoke\n|poke|p1|Clodsire, M|\n|poke|p1|Annihilape, M|\n|poke|p1|Rotom-Heat|\n|poke|p1|Garchomp, F|\n|poke|p1|Tauros-Paldea-Combat, M|\n|poke|p1|Kingambit, M|\n|poke|p2|Greninja-*, M|\n|poke|p2|Baxcalibur, F|\n|poke|p2|Ursaluna-Bloodmoon, M|\n|poke|p2|Corviknight, M|\n|poke|p2|Decidueye, M|\n|poke|p2|Armarouge, M|\n|teampreview\n|\n|t:|1698112769\n|start\n|switch|p1a: Thumpback|Clodsire, M, shiny|100\/100\n|switch|p2a: Greninjrl Relatvty|Greninja, M|100\/100\n|turn|1\n|\n|t:|1698112779\n|move|p2a: Greninjrl Relatvty|Hydro Pump|p1a: Thumpback\n|-immune|p1a: Thumpback|[from] ability: Water Absorb\n|move|p1a: Thumpback|Toxic Spikes|p2a: Greninjrl Relatvty\n|-sidestart|p2: Quantumquagsires|move: Toxic Spikes\n|\n|upkeep\n|turn|2\n|\n|t:|1698112788\n|move|p2a: Greninjrl Relatvty|Grass Knot|p1a: Thumpback\n|-damage|p1a: Thumpback|72\/100\n|-damage|p2a: Greninjrl Relatvty|91\/100|[from] item: Life Orb\n|move|p1a: Thumpback|Yawn|p2a: Greninjrl Relatvty\n|-start|p2a: Greninjrl Relatvty|move: Yawn|[of] p1a: Thumpback\n|\n|-heal|p1a: Thumpback|78\/100|[from] item: Leftovers\n|upkeep\n|turn|3\n|\n|t:|1698112801\n|move|p2a: Greninjrl Relatvty|Ice Beam|p1a: Thumpback\n|-supereffective|p1a: Thumpback\n|-damage|p1a: Thumpback|36\/100\n|-damage|p2a: Greninjrl Relatvty|81\/100|[from] item: Life Orb\n|move|p1a: Thumpback|Earthquake|p2a: Greninjrl Relatvty\n|-damage|p2a: Greninjrl Relatvty|38\/100\n|\n|-heal|p1a: Thumpback|42\/100|[from] item: Leftovers\n|-end|p2a: Greninjrl Relatvty|move: Yawn|[silent]\n|-status|p2a: Greninjrl Relatvty|slp\n|upkeep\n|turn|4\n|\n|t:|1698112822\n|switch|p2a: Corvinetic Energy|Corviknight, M|100\/100\n|-ability|p2a: Corvinetic Energy|Pressure\n|move|p1a: Thumpback|Earthquake|p2a: Corvinetic Energy\n|-immune|p2a: Corvinetic Energy\n|\n|-heal|p1a: Thumpback|48\/100|[from] item: Leftovers\n|upkeep\n|turn|5\n|\n|t:|1698112836\n|switch|p1a: Drill Bot|Rotom-Heat, shiny|100\/100\n|move|p2a: Corvinetic Energy|Brave Bird|p1a: Drill Bot\n|-resisted|p1a: Drill Bot\n|-damage|p1a: Drill Bot|81\/100\n|-damage|p2a: Corvinetic Energy|96\/100|[from] Recoil\n|\n|upkeep\n|turn|6\n|\n|t:|1698112854\n|move|p1a: Drill Bot|Thunder Wave|p2a: Corvinetic Energy\n|-status|p2a: Corvinetic Energy|par\n|cant|p2a: Corvinetic Energy|par\n|\n|upkeep\n|turn|7\n|\n|t:|1698112870\n|move|p1a: Drill Bot|Thunderbolt|p2a: Corvinetic Energy\n|-supereffective|p2a: Corvinetic Energy\n|-damage|p2a: Corvinetic Energy|3\/100 par\n|move|p2a: Corvinetic Energy|Body Press|p1a: Drill Bot\n|-damage|p1a: Drill Bot|55\/100\n|\n|upkeep\n|turn|8\n|\n|t:|1698112880\n|move|p1a: Drill Bot|Volt Switch|p2a: Corvinetic Energy\n|-supereffective|p2a: Corvinetic Energy\n|-damage|p2a: Corvinetic Energy|0 fnt\n|faint|p2a: Corvinetic Energy\n|\n|t:|1698112892\n|switch|p1a: Night Shade|Annihilape, M, shiny|100\/100|[from] Volt Switch\n|\n|upkeep\n|\n|t:|1698112959\n|switch|p2a: Desplacement|Decidueye, M, shiny|100\/100\n|-status|p2a: Desplacement|psn\n|turn|9\n|\n|t:|1698112983\n|move|p1a: Night Shade|Bulk Up|p1a: Night Shade\n|-boost|p1a: Night Shade|atk|1\n|-boost|p1a: Night Shade|def|1\n|move|p2a: Desplacement|Spirit Shackle|p1a: Night Shade\n|-supereffective|p1a: Night Shade\n|-damage|p1a: Night Shade|64\/100\n|\n|-damage|p2a: Desplacement|88\/100 psn|[from] psn\n|upkeep\n|turn|10\n|\n|t:|1698113004\n|switch|p2a: The Constellation|Ursaluna-Bloodmoon, M|100\/100\n|-status|p2a: The Constellation|psn\n|move|p1a: Night Shade|Rage Fist|p2a: The Constellation\n|-immune|p2a: The Constellation\n|\n|-damage|p2a: The Constellation|88\/100 psn|[from] psn\n|upkeep\n|turn|11\n|\n|t:|1698113029\n|move|p1a: Night Shade|Close Combat|p2a: The Constellation\n|-supereffective|p2a: The Constellation\n|-crit|p2a: The Constellation\n|-damage|p2a: The Constellation|0 fnt\n|-unboost|p1a: Night Shade|def|1\n|-unboost|p1a: Night Shade|spd|1\n|faint|p2a: The Constellation\n|\n|upkeep\n|\n|t:|1698113037\n|switch|p2a: Baxitarrius A*|Baxcalibur, F|100\/100\n|-status|p2a: Baxitarrius A*|psn\n|turn|12\n|\n|t:|1698113054\n|move|p2a: Baxitarrius A*|Dragon Dance|p2a: Baxitarrius A*\n|-boost|p2a: Baxitarrius A*|atk|1\n|-boost|p2a: Baxitarrius A*|spe|1\n|move|p1a: Night Shade|Close Combat|p2a: Baxitarrius A*\n|-supereffective|p2a: Baxitarrius A*\n|-damage|p2a: Baxitarrius A*|0 fnt\n|-unboost|p1a: Night Shade|def|1\n|-unboost|p1a: Night Shade|spd|1\n|faint|p2a: Baxitarrius A*\n|\n|upkeep\n|\n|t:|1698113068\n|switch|p2a: Greninjrl Relatvty|Greninja, M|38\/100 slp\n|turn|13\n|\n|t:|1698113079\n|cant|p2a: Greninjrl Relatvty|slp\n|move|p1a: Night Shade|Close Combat|p2a: Greninjrl Relatvty\n|-supereffective|p2a: Greninjrl Relatvty\n|-damage|p2a: Greninjrl Relatvty|0 fnt\n|-unboost|p1a: Night Shade|def|1\n|-unboost|p1a: Night Shade|spd|1\n|faint|p2a: Greninjrl Relatvty\n|\n|upkeep\n|\n|t:|1698113092\n|switch|p2a: Issac Rougeton|Armarouge, M|100\/100\n|turn|14\n|\n|t:|1698113110\n|move|p2a: Issac Rougeton|Calm Mind|p2a: Issac Rougeton\n|-boost|p2a: Issac Rougeton|spa|1\n|-boost|p2a: Issac Rougeton|spd|1\n|move|p1a: Night Shade|Rage Fist|p2a: Issac Rougeton\n|-supereffective|p2a: Issac Rougeton\n|-damage|p2a: Issac Rougeton|0 fnt\n|faint|p2a: Issac Rougeton\n|\n|upkeep\n|\n|t:|1698113118\n|switch|p2a: Desplacement|Decidueye, M, shiny|88\/100 psn\n|turn|15\n|\n|t:|1698113123\n|-terastallize|p2a: Desplacement|Grass\n|move|p1a: Night Shade|Rage Fist|p2a: Desplacement\n|-damage|p2a: Desplacement|0 fnt\n|faint|p2a: Desplacement\n|\n|win|sampletext627\n|l|\u2606Quantumquagsires\n","uploadtime":1698113149,"views":22,"p1id":"sampletext627","p2id":"quantumquagsires","formatid":"gen9ubers","rating":0,"private":0,"password":""}