{"id":"gen9ubers-1980582980","p1":"seanbonjoviii","p2":"Haymaker92","format":"[Gen 9] Ubers","log":"|j|\u2606seanbonjoviii\n|j|\u2606Haymaker92\n|t:|1698799933\n|gametype|singles\n|player|p1|seanbonjoviii|2|\n|player|p2|Haymaker92|biker-gen4|\n|teamsize|p1|6\n|teamsize|p2|6\n|gen|9\n|tier|[Gen 9] Ubers\n|rule|Sleep Clause Mod: Limit one foe put to sleep\n|rule|Species Clause: Limit one of each Pok\u00e9mon\n|rule|OHKO Clause: OHKO moves are banned\n|rule|Evasion Items Clause: Evasion items are banned\n|rule|Evasion Moves Clause: Evasion moves are banned\n|rule|Endless Battle Clause: Forcing endless battles is banned\n|rule|HP Percentage Mod: HP is shown in percentages\n|clearpoke\n|poke|p1|Scream Tail|\n|poke|p1|Bisharp, F|\n|poke|p1|Volcarona, M|\n|poke|p1|Glimmet, M|\n|poke|p1|Dragonite, M|\n|poke|p1|Ditto|\n|poke|p2|Tyranitar, F|\n|poke|p2|Iron Valiant|\n|poke|p2|Ursaluna-Bloodmoon, M|\n|poke|p2|Rotom-Heat|\n|poke|p2|Orthworm, M|\n|poke|p2|Weavile, F|\n|teampreview\n|c|\u2606Haymaker92|gl gl\n|j| BigBabyGerry\n|j| Du-Gi-Oh\n|c| BigBabyGerry|glgl\n|c| Du-Gi-Oh|FINAL FOUR\n|c| Du-Gi-Oh|Couple of formidable-ish challengersa\n|inactive|Battle timer is ON: inactive players will automatically lose when time's up. (requested by seanbonjoviii)\n|c| Du-Gi-Oh|PSL COMMENCE\n|c| Du-Gi-Oh|the timer is on!\n|c|\u2606Haymaker92|time before the commencement?\n|c| Du-Gi-Oh|its BS but PSL\n|\n|t:|1698800031\n|start\n|switch|p1a: Glimmet|Glimmet, M|100\/100\n|switch|p2a: Orthworm|Orthworm, M|100\/100\n|turn|1\n|\n|t:|1698800039\n|move|p1a: Glimmet|Stealth Rock|p2a: Orthworm\n|-sidestart|p2: Haymaker92|move: Stealth Rock\n|move|p2a: Orthworm|Stealth Rock|p1a: Glimmet\n|-sidestart|p1: seanbonjoviii|move: Stealth Rock\n|\n|upkeep\n|turn|2\n|\n|t:|1698800043\n|move|p1a: Glimmet|Toxic Spikes|p2a: Orthworm\n|-sidestart|p2: Haymaker92|move: Toxic Spikes\n|move|p2a: Orthworm|Shed Tail|p2a: Orthworm\n|-start|p2a: Orthworm|Substitute|[from] move: Shed Tail\n|-damage|p2a: Orthworm|50\/100\n|-enditem|p2a: Orthworm|Sitrus Berry|[eat]\n|-heal|p2a: Orthworm|75\/100|[from] item: Sitrus Berry\n|\n|t:|1698800053\n|switch|p2a: Tyranitar|Tyranitar, F|100\/100|[from] Shed Tail\n|-damage|p2a: Tyranitar|88\/100|[from] Stealth Rock\n|-status|p2a: Tyranitar|psn\n|-weather|Sandstorm|[from] ability: Sand Stream|[of] p2a: Tyranitar\n|\n|-weather|Sandstorm|[upkeep]\n|-damage|p2a: Tyranitar|76\/100 psn|[from] psn\n|upkeep\n|turn|3\n|\n|t:|1698800058\n|move|p1a: Glimmet|Toxic Spikes|p2a: Tyranitar\n|-sidestart|p2: Haymaker92|move: Toxic Spikes\n|move|p2a: Tyranitar|Dragon Dance|p2a: Tyranitar\n|-boost|p2a: Tyranitar|atk|1\n|-boost|p2a: Tyranitar|spe|1\n|\n|-weather|Sandstorm|[upkeep]\n|-damage|p2a: Tyranitar|64\/100 psn|[from] psn\n|upkeep\n|turn|4\n|\n|t:|1698800066\n|move|p2a: Tyranitar|Rock Blast|p1a: Glimmet\n|-damage|p1a: Glimmet|42\/100\n|-damage|p1a: Glimmet|0 fnt\n|faint|p1a: Glimmet\n|-hitcount|p1: Glimmet|2\n|\n|-weather|Sandstorm|[upkeep]\n|-damage|p2a: Tyranitar|51\/100 psn|[from] psn\n|upkeep\n|\n|t:|1698800079\n|switch|p1a: Scream Tail|Scream Tail|100\/100\n|-damage|p1a: Scream Tail|88\/100|[from] Stealth Rock\n|turn|5\n|\n|t:|1698800089\n|move|p1a: Scream Tail|Encore|p2a: Tyranitar\n|-start|p2a: Tyranitar|Encore\n|move|p2a: Tyranitar|Rock Blast|p1a: Scream Tail\n|-damage|p1a: Scream Tail|69\/100\n|-damage|p1a: Scream Tail|51\/100\n|-damage|p1a: Scream Tail|34\/100\n|-damage|p1a: Scream Tail|16\/100\n|-damage|p1a: Scream Tail|0 fnt\n|faint|p1a: Scream Tail\n|-end|p1a: Scream Tail|Protosynthesis|[silent]\n|-hitcount|p1: Scream Tail|5\n|\n|-weather|Sandstorm|[upkeep]\n|-damage|p2a: Tyranitar|39\/100 psn|[from] psn\n|upkeep\n|\n|t:|1698800093\n|switch|p1a: Bisharp|Bisharp, F|100\/100\n|-damage|p1a: Bisharp|95\/100|[from] Stealth Rock\n|-ability|p1a: Bisharp|Pressure\n|turn|6\n|\n|t:|1698800104\n|move|p2a: Tyranitar|Rock Blast|p1a: Bisharp\n|-resisted|p1a: Bisharp\n|-damage|p1a: Bisharp|87\/100\n|-resisted|p1a: Bisharp\n|-damage|p1a: Bisharp|79\/100\n|-resisted|p1a: Bisharp\n|-damage|p1a: Bisharp|71\/100\n|-resisted|p1a: Bisharp\n|-damage|p1a: Bisharp|63\/100\n|-hitcount|p1a: Bisharp|4\n|move|p1a: Bisharp|Iron Head|p2a: Tyranitar\n|-supereffective|p2a: Tyranitar\n|-end|p2a: Tyranitar|Substitute\n|\n|-weather|none\n|-damage|p2a: Tyranitar|27\/100 psn|[from] psn\n|upkeep\n|turn|7\n|\n|t:|1698800125\n|switch|p2a: Orthworm|Orthworm, M|75\/100\n|-damage|p2a: Orthworm|69\/100|[from] Stealth Rock\n|move|p1a: Bisharp|Iron Head|p2a: Orthworm\n|-resisted|p2a: Orthworm\n|-damage|p2a: Orthworm|57\/100\n|\n|upkeep\n|turn|8\n|\n|t:|1698800132\n|move|p1a: Bisharp|Iron Head|p2a: Orthworm\n|-resisted|p2a: Orthworm\n|-damage|p2a: Orthworm|46\/100\n|cant|p2a: Orthworm|flinch\n|\n|upkeep\n|turn|9\n|\n|t:|1698800139\n|move|p1a: Bisharp|Swords Dance|p1a: Bisharp\n|-boost|p1a: Bisharp|atk|2\n|move|p2a: Orthworm|Body Press|p1a: Bisharp\n|-supereffective|p1a: Bisharp\n|-damage|p1a: Bisharp|0 fnt\n|faint|p1a: Bisharp\n|\n|upkeep\n|\n|t:|1698800148\n|switch|p1a: Volcarona|Volcarona, M|100\/100\n|turn|10\n|\n|t:|1698800157\n|move|p1a: Volcarona|Quiver Dance|p1a: Volcarona\n|-boost|p1a: Volcarona|spa|1\n|-boost|p1a: Volcarona|spd|1\n|-boost|p1a: Volcarona|spe|1\n|move|p2a: Orthworm|Heavy Slam|p1a: Volcarona\n|-resisted|p1a: Volcarona\n|-damage|p1a: Volcarona|77\/100\n|\n|upkeep\n|turn|11\n|\n|t:|1698800182\n|move|p1a: Volcarona|Quiver Dance|p1a: Volcarona\n|-boost|p1a: Volcarona|spa|1\n|-boost|p1a: Volcarona|spd|1\n|-boost|p1a: Volcarona|spe|1\n|move|p2a: Orthworm|Heavy Slam|p1a: Volcarona\n|-resisted|p1a: Volcarona\n|-crit|p1a: Volcarona\n|-damage|p1a: Volcarona|38\/100\n|-status|p2a: Orthworm|brn|[from] ability: Flame Body|[of] p1a: Volcarona\n|\n|-damage|p2a: Orthworm|40\/100 brn|[from] brn\n|upkeep\n|turn|12\n|\n|t:|1698800190\n|move|p1a: Volcarona|Giga Drain|p2a: Orthworm\n|-resisted|p2a: Orthworm\n|-damage|p2a: Orthworm|0 fnt\n|-heal|p1a: Volcarona|57\/100|[from] drain|[of] p2a: Orthworm\n|faint|p2a: Orthworm\n|\n|upkeep\n|inactive|Haymaker92 has 270 seconds left.\n|\n|t:|1698800222\n|switch|p2a: Iron Valiant|Iron Valiant|100\/100\n|-damage|p2a: Iron Valiant|94\/100|[from] Stealth Rock\n|-status|p2a: Iron Valiant|tox\n|-enditem|p2a: Iron Valiant|Booster Energy\n|-activate|p2a: Iron Valiant|ability: Quark Drive|[fromitem]\n|-start|p2a: Iron Valiant|quarkdrivespe\n|turn|13\n|\n|t:|1698800227\n|move|p2a: Iron Valiant|Knock Off|p1a: Volcarona\n|-damage|p1a: Volcarona|10\/100\n|-enditem|p1a: Volcarona|Heavy-Duty Boots|[from] move: Knock Off|[of] p2a: Iron Valiant\n|move|p1a: Volcarona|Giga Drain|p2a: Iron Valiant\n|-damage|p2a: Iron Valiant|0 fnt\n|-heal|p1a: Volcarona|48\/100|[from] drain|[of] p2a: Iron Valiant\n|faint|p2a: Iron Valiant\n|-end|p2a: Iron Valiant|Quark Drive|[silent]\n|\n|upkeep\n|\n|t:|1698800231\n|switch|p2a: Rotom|Rotom-Heat|100\/100\n|-damage|p2a: Rotom|76\/100|[from] Stealth Rock\n|turn|14\n|\n|t:|1698800243\n|move|p1a: Volcarona|Psychic|p2a: Rotom\n|-damage|p2a: Rotom|0 fnt\n|faint|p2a: Rotom\n|\n|upkeep\n|\n|t:|1698800247\n|switch|p2a: Tyranitar|Tyranitar, F|27\/100 psn\n|-damage|p2a: Tyranitar|14\/100 psn|[from] Stealth Rock\n|-weather|Sandstorm|[from] ability: Sand Stream|[of] p2a: Tyranitar\n|turn|15\n|\n|t:|1698800251\n|move|p1a: Volcarona|Giga Drain|p2a: Tyranitar\n|-supereffective|p2a: Tyranitar\n|-damage|p2a: Tyranitar|0 fnt\n|-heal|p1a: Volcarona|55\/100|[from] drain|[of] p2a: Tyranitar\n|faint|p2a: Tyranitar\n|\n|-weather|Sandstorm|[upkeep]\n|-damage|p1a: Volcarona|49\/100|[from] Sandstorm\n|upkeep\n|\n|t:|1698800253\n|switch|p2a: Ursaluna|Ursaluna-Bloodmoon, M|100\/100\n|-damage|p2a: Ursaluna|94\/100|[from] Stealth Rock\n|-status|p2a: Ursaluna|tox\n|turn|16\n|\n|t:|1698800262\n|move|p1a: Volcarona|Giga Drain|p2a: Ursaluna\n|-supereffective|p2a: Ursaluna\n|-damage|p2a: Ursaluna|0 fnt\n|-heal|p1a: Volcarona|100\/100|[from] drain|[of] p2a: Ursaluna\n|faint|p2a: Ursaluna\n|\n|-weather|Sandstorm|[upkeep]\n|-damage|p1a: Volcarona|94\/100|[from] Sandstorm\n|upkeep\n|\n|t:|1698800264\n|switch|p2a: Weavile|Weavile, F|100\/100\n|-damage|p2a: Weavile|76\/100|[from] Stealth Rock\n|-status|p2a: Weavile|tox\n|-ability|p2a: Weavile|Pressure\n|turn|17\n|\n|t:|1698800278\n|-terastallize|p2a: Weavile|Water\n|move|p1a: Volcarona|Flamethrower|p2a: Weavile\n|-resisted|p2a: Weavile\n|-damage|p2a: Weavile|0 fnt\n|faint|p2a: Weavile\n|\n|win|seanbonjoviii\n|c|\u2606Haymaker92|ggs\n|c|\u2606seanbonjoviii|ez\n","uploadtime":1698800291,"views":26,"p1id":"seanbonjoviii","p2id":"haymaker92","formatid":"gen9ubers","rating":0,"private":0,"password":""}