{"id":"gen9ubers-1999143753","p1":"Chamuscos","p2":"ikero680","format":"[Gen 9] Ubers","log":"|j|\u2606Chamuscos\n|j|\u2606ikero680\n|t:|1701037925\n|gametype|singles\n|player|p1|Chamuscos|102|\n|player|p2|ikero680|may-contest|\n|teamsize|p1|6\n|teamsize|p2|6\n|gen|9\n|tier|[Gen 9] Ubers\n|rule|Sleep Clause Mod: Limit one foe put to sleep\n|rule|Species Clause: Limit one of each Pok\u00e9mon\n|rule|OHKO Clause: OHKO moves are banned\n|rule|Evasion Items Clause: Evasion items are banned\n|rule|Evasion Moves Clause: Evasion moves are banned\n|rule|Endless Battle Clause: Forcing endless battles is banned\n|rule|HP Percentage Mod: HP is shown in percentages\n|clearpoke\n|poke|p1|Chi-Yu|\n|poke|p1|Roaring Moon|\n|poke|p1|Orthworm, F|\n|poke|p1|Munkidori, M|\n|poke|p1|Quagsire, M|\n|poke|p1|Klefki, M|\n|poke|p2|Grimmsnarl, M|\n|poke|p2|Alomomola, M|\n|poke|p2|Vikavolt, M|\n|poke|p2|Rotom-Heat|\n|poke|p2|Great Tusk|\n|poke|p2|Kingambit, F|\n|teampreview\n|j| balutalol\n|c| balutalol|OLA SOY HACKER\n|j| Rubenator_64\n|c| Rubenator_64|ola\n|c|\u2606Chamuscos|Ola\n|j| gosensia\n|c| gosensia|ola\n|c| gosensia|buena suerte\n|\n|t:|1701037997\n|start\n|switch|p1a: Tienes la hora?|Klefki, M, shiny|100\/100\n|switch|p2a: Grimmsnarl|Grimmsnarl, M|100\/100\n|turn|1\n|\n|t:|1701038012\n|switch|p2a: Great Tusk|Great Tusk|100\/100\n|-enditem|p2a: Great Tusk|Booster Energy\n|-activate|p2a: Great Tusk|ability: Protosynthesis|[fromitem]\n|-start|p2a: Great Tusk|protosynthesisatk\n|move|p1a: Tienes la hora?|Reflect|p1a: Tienes la hora?\n|-sidestart|p1: Chamuscos|Reflect\n|\n|upkeep\n|turn|2\n|\n|t:|1701038022\n|switch|p1a: Pepe|Quagsire, M|100\/100\n|move|p2a: Great Tusk|Rapid Spin|p1a: Pepe\n|-crit|p1a: Pepe\n|-damage|p1a: Pepe|71\/100\n|-boost|p2a: Great Tusk|spe|1\n|-damage|p2a: Great Tusk|84\/100|[from] item: Rocky Helmet|[of] p1a: Pepe\n|\n|upkeep\n|turn|3\n|\n|t:|1701038080\n|move|p2a: Great Tusk|Close Combat|p1a: Pepe\n|-crit|p1a: Pepe\n|-damage|p1a: Pepe|0 fnt\n|-unboost|p2a: Great Tusk|def|1\n|-unboost|p2a: Great Tusk|spd|1\n|-damage|p2a: Great Tusk|68\/100|[from] item: Rocky Helmet|[of] p1a: Pepe\n|faint|p1a: Pepe\n|\n|upkeep\n|c|\u2606ikero680|ostia\n|\n|t:|1701038111\n|switch|p1a: Julian|Roaring Moon|100\/100\n|-enditem|p1a: Julian|Booster Energy\n|-activate|p1a: Julian|ability: Protosynthesis|[fromitem]\n|-start|p1a: Julian|protosynthesisatk\n|turn|4\n|\n|t:|1701038130\n|-end|p2a: Great Tusk|Protosynthesis|[silent]\n|switch|p2a: Alomomola|Alomomola, M|100\/100\n|-end|p1a: Julian|Protosynthesis|[silent]\n|switch|p1a: Monke|Munkidori, M|100\/100\n|\n|upkeep\n|turn|5\n|j| Great_Eon\n|\n|t:|1701038147\n|move|p1a: Monke|Parting Shot|p2a: Alomomola\n|-unboost|p2a: Alomomola|atk|1\n|-unboost|p2a: Alomomola|spa|1\n|\n|t:|1701038161\n|switch|p1a: Julian|Roaring Moon|100\/100|[from] Parting Shot\n|move|p2a: Alomomola|Flip Turn|p1a: Julian\n|-resisted|p1a: Julian\n|-damage|p1a: Julian|97\/100\n|\n|t:|1701038181\n|switch|p2a: Grimmsnarl|Grimmsnarl, M|100\/100|[from] Flip Turn\n|\n|upkeep\n|turn|6\n|\n|t:|1701038190\n|-end|p1a: Julian|Protosynthesis|[silent]\n|switch|p1a: Tienes la hora?|Klefki, M, shiny|100\/100\n|move|p2a: Grimmsnarl|Spirit Break|p1a: Tienes la hora?\n|-resisted|p1a: Tienes la hora?\n|-damage|p1a: Tienes la hora?|92\/100\n|-unboost|p1a: Tienes la hora?|spa|1\n|\n|upkeep\n|turn|7\n|\n|t:|1701038201\n|move|p1a: Tienes la hora?|Light Screen|p1a: Tienes la hora?\n|-sidestart|p1: Chamuscos|move: Light Screen\n|move|p2a: Grimmsnarl|Light Screen|p2a: Grimmsnarl\n|-sidestart|p2: ikero680|move: Light Screen\n|\n|upkeep\n|turn|8\n|\n|t:|1701038207\n|move|p1a: Tienes la hora?|Spikes|p2a: Grimmsnarl\n|-sidestart|p2: ikero680|Spikes\n|move|p2a: Grimmsnarl|Reflect|p2a: Grimmsnarl\n|-sidestart|p2: ikero680|Reflect\n|\n|-sideend|p1: Chamuscos|Reflect\n|upkeep\n|turn|9\n|\n|t:|1701038213\n|move|p1a: Tienes la hora?|Reflect|p1a: Tienes la hora?\n|-sidestart|p1: Chamuscos|Reflect\n|move|p2a: Grimmsnarl|Parting Shot|p1a: Tienes la hora?\n|-unboost|p1a: Tienes la hora?|atk|1\n|-unboost|p1a: Tienes la hora?|spa|1\n|\n|t:|1701038236\n|switch|p2a: Rotom|Rotom-Heat|100\/100|[from] Parting Shot\n|\n|upkeep\n|turn|10\n|\n|t:|1701038268\n|switch|p1a: Julian|Roaring Moon|97\/100\n|move|p2a: Rotom|Will-O-Wisp|p1a: Julian\n|-status|p1a: Julian|brn\n|\n|-damage|p1a: Julian|91\/100 brn|[from] brn\n|upkeep\n|turn|11\n|\n|t:|1701038288\n|-end|p1a: Julian|Protosynthesis|[silent]\n|switch|p1a: Nemo pubertad|Chi-Yu|100\/100\n|-ability|p1a: Nemo pubertad|Beads of Ruin\n|move|p2a: Rotom|Volt Switch|p1a: Nemo pubertad\n|-damage|p1a: Nemo pubertad|85\/100\n|\n|t:|1701038312\n|switch|p2a: Grimmsnarl|Grimmsnarl, M|100\/100|[from] Volt Switch\n|-damage|p2a: Grimmsnarl|88\/100|[from] Spikes\n|\n|upkeep\n|turn|12\n|l| Great_Eon\n|\n|t:|1701038326\n|switch|p1a: Titambriz|Orthworm, F|100\/100\n|move|p2a: Grimmsnarl|Spirit Break|p1a: Titambriz\n|-resisted|p1a: Titambriz\n|-damage|p1a: Titambriz|94\/100\n|-unboost|p1a: Titambriz|spa|1\n|\n|-heal|p1a: Titambriz|99\/100|[from] item: Leftovers\n|upkeep\n|turn|13\n|\n|t:|1701038342\n|switch|p1a: Nemo pubertad|Chi-Yu|85\/100\n|-ability|p1a: Nemo pubertad|Beads of Ruin\n|move|p2a: Grimmsnarl|Parting Shot|p1a: Nemo pubertad\n|-hint|Since gen 7, Dark is immune to Prankster moves.\n|-immune|p1a: Nemo pubertad\n|\n|upkeep\n|turn|14\n|\n|t:|1701038359\n|switch|p1a: Tienes la hora?|Klefki, M, shiny|92\/100\n|move|p2a: Grimmsnarl|Spirit Break|p1a: Tienes la hora?\n|-resisted|p1a: Tienes la hora?\n|-damage|p1a: Tienes la hora?|85\/100\n|-unboost|p1a: Tienes la hora?|spa|1\n|\n|-sideend|p2: ikero680|move: Light Screen\n|-sideend|p1: Chamuscos|move: Light Screen\n|upkeep\n|turn|15\n|\n|t:|1701038369\n|move|p1a: Tienes la hora?|Light Screen|p1a: Tienes la hora?\n|-sidestart|p1: Chamuscos|move: Light Screen\n|move|p2a: Grimmsnarl|Light Screen|p2a: Grimmsnarl\n|-sidestart|p2: ikero680|move: Light Screen\n|\n|-sideend|p2: ikero680|Reflect\n|upkeep\n|turn|16\n|\n|t:|1701038375\n|move|p1a: Tienes la hora?|Spikes|p2a: Grimmsnarl\n|-sidestart|p2: ikero680|Spikes\n|move|p2a: Grimmsnarl|Reflect|p2a: Grimmsnarl\n|-sidestart|p2: ikero680|Reflect\n|\n|-sideend|p1: Chamuscos|Reflect\n|upkeep\n|turn|17\n|\n|t:|1701038381\n|move|p1a: Tienes la hora?|Reflect|p1a: Tienes la hora?\n|-sidestart|p1: Chamuscos|Reflect\n|move|p2a: Grimmsnarl|Parting Shot|p1a: Tienes la hora?\n|-unboost|p1a: Tienes la hora?|atk|1\n|-unboost|p1a: Tienes la hora?|spa|1\n|\n|t:|1701038384\n|switch|p2a: Great Tusk|Great Tusk|68\/100|[from] Parting Shot\n|-damage|p2a: Great Tusk|51\/100|[from] Spikes\n|\n|upkeep\n|turn|18\n|\n|t:|1701038403\n|switch|p1a: Titambriz|Orthworm, F|99\/100\n|move|p2a: Great Tusk|Rapid Spin|p1a: Titambriz\n|-resisted|p1a: Titambriz\n|-damage|p1a: Titambriz|96\/100\n|-boost|p2a: Great Tusk|spe|1\n|-sideend|p2: ikero680|Spikes|[from] move: Rapid Spin|[of] p2a: Great Tusk\n|\n|-heal|p1a: Titambriz|100\/100|[from] item: Leftovers\n|upkeep\n|turn|19\n|\n|t:|1701038417\n|-terastallize|p1a: Titambriz|Electric\n|move|p2a: Great Tusk|Close Combat|p1a: Titambriz\n|-damage|p1a: Titambriz|74\/100\n|-unboost|p2a: Great Tusk|def|1\n|-unboost|p2a: Great Tusk|spd|1\n|move|p1a: Titambriz|Coil|p1a: Titambriz\n|-boost|p1a: Titambriz|atk|1\n|-boost|p1a: Titambriz|def|1\n|-boost|p1a: Titambriz|accuracy|1\n|\n|-heal|p1a: Titambriz|80\/100|[from] item: Leftovers\n|upkeep\n|turn|20\n|\n|t:|1701038446\n|-end|p2a: Great Tusk|Protosynthesis|[silent]\n|switch|p2a: Rotom|Rotom-Heat|100\/100\n|move|p1a: Titambriz|Body Slam|p2a: Rotom\n|-damage|p2a: Rotom|84\/100\n|\n|-heal|p1a: Titambriz|86\/100|[from] item: Leftovers\n|upkeep\n|turn|21\n|\n|t:|1701038461\n|switch|p1a: Nemo pubertad|Chi-Yu|85\/100\n|-ability|p1a: Nemo pubertad|Beads of Ruin\n|move|p2a: Rotom|Will-O-Wisp|p1a: Nemo pubertad|[miss]\n|-miss|p2a: Rotom|p1a: Nemo pubertad\n|\n|upkeep\n|turn|22\n|\n|t:|1701038473\n|move|p1a: Nemo pubertad|Overheat|p2a: Rotom\n|-resisted|p2a: Rotom\n|-damage|p2a: Rotom|58\/100\n|-unboost|p1a: Nemo pubertad|spa|2\n|move|p2a: Rotom|Volt Switch|p1a: Nemo pubertad\n|-damage|p1a: Nemo pubertad|71\/100\n|\n|t:|1701038494\n|switch|p2a: Alomomola|Alomomola, M|100\/100|[from] Volt Switch\n|\n|-sideend|p2: ikero680|move: Light Screen\n|-sideend|p1: Chamuscos|move: Light Screen\n|upkeep\n|turn|23\n|\n|t:|1701038502\n|switch|p1a: Tienes la hora?|Klefki, M, shiny|85\/100\n|move|p2a: Alomomola|Scald|p1a: Tienes la hora?\n|-damage|p1a: Tienes la hora?|68\/100\n|\n|-sideend|p2: ikero680|Reflect\n|upkeep\n|turn|24\n|\n|t:|1701038513\n|move|p1a: Tienes la hora?|Light Screen|p1a: Tienes la hora?\n|-sidestart|p1: Chamuscos|move: Light Screen\n|move|p2a: Alomomola|Flip Turn|p1a: Tienes la hora?\n|-damage|p1a: Tienes la hora?|61\/100\n|\n|t:|1701038517\n|switch|p2a: Grimmsnarl|Grimmsnarl, M|88\/100|[from] Flip Turn\n|\n|-sideend|p1: Chamuscos|Reflect\n|upkeep\n|turn|25\n|\n|t:|1701038523\n|move|p1a: Tienes la hora?|Reflect|p1a: Tienes la hora?\n|-sidestart|p1: Chamuscos|Reflect\n|move|p2a: Grimmsnarl|Light Screen|p2a: Grimmsnarl\n|-sidestart|p2: ikero680|move: Light Screen\n|\n|upkeep\n|turn|26\n|\n|t:|1701038532\n|switch|p1a: Titambriz|Orthworm, F, tera:Electric|86\/100\n|move|p2a: Grimmsnarl|Reflect|p2a: Grimmsnarl\n|-sidestart|p2: ikero680|Reflect\n|\n|-heal|p1a: Titambriz|92\/100|[from] item: Leftovers\n|upkeep\n|turn|27\n|\n|t:|1701038539\n|move|p2a: Grimmsnarl|Parting Shot|p1a: Titambriz\n|-unboost|p1a: Titambriz|atk|1\n|-unboost|p1a: Titambriz|spa|1\n|\n|t:|1701038559\n|switch|p2a: Rotom|Rotom-Heat|58\/100|[from] Parting Shot\n|move|p1a: Titambriz|Coil|p1a: Titambriz\n|-boost|p1a: Titambriz|atk|1\n|-boost|p1a: Titambriz|def|1\n|-boost|p1a: Titambriz|accuracy|1\n|\n|-heal|p1a: Titambriz|98\/100|[from] item: Leftovers\n|upkeep\n|turn|28\n|\n|t:|1701038595\n|switch|p1a: Nemo pubertad|Chi-Yu|71\/100\n|-ability|p1a: Nemo pubertad|Beads of Ruin\n|move|p2a: Rotom|Overheat|p1a: Nemo pubertad\n|-resisted|p1a: Nemo pubertad\n|-damage|p1a: Nemo pubertad|57\/100\n|-unboost|p2a: Rotom|spa|2\n|\n|upkeep\n|turn|29\n|\n|t:|1701038608\n|move|p1a: Nemo pubertad|Dark Pulse|p2a: Rotom\n|-damage|p2a: Rotom|27\/100\n|move|p2a: Rotom|Discharge|p1a: Nemo pubertad\n|-damage|p1a: Nemo pubertad|49\/100\n|\n|upkeep\n|turn|30\n|\n|t:|1701038617\n|switch|p2a: Grimmsnarl|Grimmsnarl, M|88\/100\n|move|p1a: Nemo pubertad|Dark Pulse|p2a: Grimmsnarl\n|-resisted|p2a: Grimmsnarl\n|-damage|p2a: Grimmsnarl|80\/100\n|\n|upkeep\n|turn|31\n|\n|t:|1701038629\n|switch|p1a: Tienes la hora?|Klefki, M, shiny|61\/100\n|move|p2a: Grimmsnarl|Spirit Break|p1a: Tienes la hora?\n|-resisted|p1a: Tienes la hora?\n|-damage|p1a: Tienes la hora?|53\/100\n|-unboost|p1a: Tienes la hora?|spa|1\n|\n|-sideend|p1: Chamuscos|move: Light Screen\n|upkeep\n|turn|32\n|\n|t:|1701038654\n|move|p1a: Tienes la hora?|Light Screen|p1a: Tienes la hora?\n|-sidestart|p1: Chamuscos|move: Light Screen\n|move|p2a: Grimmsnarl|Spirit Break|p1a: Tienes la hora?\n|-resisted|p1a: Tienes la hora?\n|-damage|p1a: Tienes la hora?|45\/100\n|-unboost|p1a: Tienes la hora?|spa|1\n|\n|-sideend|p1: Chamuscos|Reflect\n|-sideend|p2: ikero680|move: Light Screen\n|upkeep\n|turn|33\n|\n|t:|1701038663\n|move|p1a: Tienes la hora?|Reflect|p1a: Tienes la hora?\n|-sidestart|p1: Chamuscos|Reflect\n|move|p2a: Grimmsnarl|Light Screen|p2a: Grimmsnarl\n|-sidestart|p2: ikero680|move: Light Screen\n|\n|-sideend|p2: ikero680|Reflect\n|upkeep\n|turn|34\n|\n|t:|1701038688\n|switch|p1a: Monke|Munkidori, M|100\/100\n|move|p2a: Grimmsnarl|Parting Shot|p1a: Monke\n|-unboost|p1a: Monke|atk|1\n|-unboost|p1a: Monke|spa|1\n|j| Zapatillazo34\n|\n|t:|1701038746\n|switch|p2a: Vikavolt|Vikavolt, M|100\/100|[from] Parting Shot\n|\n|upkeep\n|turn|35\n|\n|t:|1701038771\n|move|p1a: Monke|Taunt|p2a: Vikavolt\n|-start|p2a: Vikavolt|move: Taunt\n|move|p2a: Vikavolt|Bug Buzz|p1a: Monke\n|-damage|p1a: Monke|67\/100\n|\n|upkeep\n|turn|36\n|\n|t:|1701038788\n|switch|p1a: Titambriz|Orthworm, F, tera:Electric|98\/100\n|move|p2a: Vikavolt|Bug Buzz|p1a: Titambriz\n|-damage|p1a: Titambriz|62\/100\n|\n|-heal|p1a: Titambriz|68\/100|[from] item: Leftovers\n|upkeep\n|turn|37\n|\n|t:|1701038805\n|move|p2a: Vikavolt|Bug Buzz|p1a: Titambriz\n|-damage|p1a: Titambriz|36\/100\n|move|p1a: Titambriz|Body Slam|p2a: Vikavolt\n|-damage|p2a: Vikavolt|75\/100\n|\n|-heal|p1a: Titambriz|42\/100|[from] item: Leftovers\n|-end|p2a: Vikavolt|move: Taunt\n|upkeep\n|turn|38\n|\n|t:|1701038830\n|move|p2a: Vikavolt|Bug Buzz|p1a: Titambriz\n|-damage|p1a: Titambriz|7\/100\n|move|p1a: Titambriz|Body Slam|p2a: Vikavolt\n|-damage|p2a: Vikavolt|47\/100\n|\n|-heal|p1a: Titambriz|13\/100|[from] item: Leftovers\n|upkeep\n|turn|39\n|\n|t:|1701038840\n|move|p2a: Vikavolt|Bug Buzz|p1a: Titambriz\n|-damage|p1a: Titambriz|0 fnt\n|faint|p1a: Titambriz\n|\n|-sideend|p1: Chamuscos|move: Light Screen\n|upkeep\n|\n|t:|1701038846\n|switch|p1a: Nemo pubertad|Chi-Yu|49\/100\n|-ability|p1a: Nemo pubertad|Beads of Ruin\n|turn|40\n|\n|t:|1701038854\n|switch|p2a: Rotom|Rotom-Heat|27\/100\n|move|p1a: Nemo pubertad|Overheat|p2a: Rotom\n|-resisted|p2a: Rotom\n|-damage|p2a: Rotom|0 fnt\n|-unboost|p1a: Nemo pubertad|spa|2\n|faint|p2a: Rotom\n|\n|-sideend|p1: Chamuscos|Reflect\n|-sideend|p2: ikero680|move: Light Screen\n|upkeep\n|\n|t:|1701038865\n|switch|p2a: Great Tusk|Great Tusk|51\/100\n|turn|41\n|\n|t:|1701038877\n|switch|p1a: Tienes la hora?|Klefki, M, shiny|45\/100\n|move|p2a: Great Tusk|Headlong Rush|p1a: Tienes la hora?\n|-supereffective|p1a: Tienes la hora?\n|-damage|p1a: Tienes la hora?|0 fnt\n|-unboost|p2a: Great Tusk|def|1\n|-unboost|p2a: Great Tusk|spd|1\n|faint|p1a: Tienes la hora?\n|\n|upkeep\n|\n|t:|1701038886\n|switch|p1a: Julian|Roaring Moon|91\/100 brn\n|turn|42\n|\n|t:|1701038890\n|-end|p2a: Great Tusk|Protosynthesis|[silent]\n|switch|p2a: Grimmsnarl|Grimmsnarl, M|80\/100\n|move|p1a: Julian|Acrobatics|p2a: Grimmsnarl\n|-damage|p2a: Grimmsnarl|53\/100\n|\n|-damage|p1a: Julian|85\/100 brn|[from] brn\n|upkeep\n|turn|43\n|\n|t:|1701038902\n|-end|p1a: Julian|Protosynthesis|[silent]\n|switch|p1a: Monke|Munkidori, M|67\/100\n|move|p2a: Grimmsnarl|Spirit Break|p1a: Monke\n|-resisted|p1a: Monke\n|-damage|p1a: Monke|51\/100\n|-unboost|p1a: Monke|spa|1\n|\n|upkeep\n|turn|44\n|\n|t:|1701038912\n|move|p2a: Grimmsnarl|Parting Shot|p1a: Monke\n|-unboost|p1a: Monke|atk|1\n|-unboost|p1a: Monke|spa|1\n|\n|t:|1701038918\n|switch|p2a: Kingambit|Kingambit, F|100\/100|[from] Parting Shot\n|-activate|p2a: Kingambit|ability: Supreme Overlord\n|-start|p2a: Kingambit|fallen1|[silent]\n|move|p1a: Monke|Taunt|p2a: Kingambit\n|-start|p2a: Kingambit|move: Taunt\n|\n|upkeep\n|turn|45\n|\n|t:|1701038930\n|switch|p1a: Julian|Roaring Moon|85\/100 brn\n|move|p2a: Kingambit|Kowtow Cleave|p1a: Julian\n|-resisted|p1a: Julian\n|-damage|p1a: Julian|52\/100 brn\n|\n|-damage|p1a: Julian|46\/100 brn|[from] brn\n|upkeep\n|turn|46\n|\n|t:|1701038940\n|move|p2a: Kingambit|Sucker Punch|p1a: Julian\n|-resisted|p1a: Julian\n|-damage|p1a: Julian|18\/100 brn\n|move|p1a: Julian|Earthquake|p2a: Kingambit\n|-supereffective|p2a: Kingambit\n|-damage|p2a: Kingambit|72\/100\n|\n|-heal|p2a: Kingambit|78\/100|[from] item: Leftovers\n|-damage|p1a: Julian|12\/100 brn|[from] brn\n|-end|p2a: Kingambit|move: Taunt\n|upkeep\n|turn|47\n|\n|t:|1701038951\n|move|p1a: Julian|Earthquake|p2a: Kingambit\n|-supereffective|p2a: Kingambit\n|-damage|p2a: Kingambit|47\/100\n|move|p2a: Kingambit|Kowtow Cleave|p1a: Julian\n|-resisted|p1a: Julian\n|-damage|p1a: Julian|0 fnt\n|faint|p1a: Julian\n|-end|p1a: Julian|Protosynthesis|[silent]\n|\n|-heal|p2a: Kingambit|53\/100|[from] item: Leftovers\n|upkeep\n|\n|t:|1701038962\n|switch|p1a: Monke|Munkidori, M|51\/100\n|turn|48\n|\n|t:|1701038965\n|move|p2a: Kingambit|Sucker Punch||[still]\n|-fail|p2a: Kingambit\n|move|p1a: Monke|Trick|p2a: Kingambit\n|-activate|p1a: Monke|move: Trick|[of] p2a: Kingambit\n|-item|p2a: Kingambit|Choice Band|[from] move: Trick\n|-item|p1a: Monke|Leftovers|[from] move: Trick\n|\n|-heal|p1a: Monke|57\/100|[from] item: Leftovers\n|upkeep\n|turn|49\n|\n|t:|1701038980\n|move|p1a: Monke|Taunt|p2a: Kingambit\n|-start|p2a: Kingambit|move: Taunt\n|cant|p2a: Kingambit|move: Taunt|Swords Dance\n|\n|-heal|p1a: Monke|63\/100|[from] item: Leftovers\n|upkeep\n|turn|50\n|\n|t:|1701038987\n|switch|p1a: Nemo pubertad|Chi-Yu|49\/100\n|-ability|p1a: Nemo pubertad|Beads of Ruin\n|move|p2a: Kingambit|Sucker Punch||[still]\n|-fail|p2a: Kingambit\n|\n|upkeep\n|turn|51\n|\n|t:|1701039001\n|-end|p2a: Kingambit|fallen1|[silent]\n|switch|p2a: Alomomola|Alomomola, M|100\/100\n|move|p1a: Nemo pubertad|Flamethrower|p2a: Alomomola\n|-resisted|p2a: Alomomola\n|-damage|p2a: Alomomola|60\/100\n|-status|p2a: Alomomola|brn\n|-enditem|p2a: Alomomola|Red Card|[of] p1a: Nemo pubertad\n|drag|p1a: Monke|Munkidori, M|63\/100\n|\n|-heal|p1a: Monke|69\/100|[from] item: Leftovers\n|-damage|p2a: Alomomola|54\/100 brn|[from] brn\n|upkeep\n|turn|52\n|\n|t:|1701039026\n|move|p1a: Monke|Taunt|p2a: Alomomola\n|-start|p2a: Alomomola|move: Taunt\n|move|p2a: Alomomola|Flip Turn|p1a: Monke\n|-damage|p1a: Monke|59\/100\n|\n|t:|1701039029\n|switch|p2a: Grimmsnarl|Grimmsnarl, M|53\/100|[from] Flip Turn\n|\n|-heal|p1a: Monke|65\/100|[from] item: Leftovers\n|upkeep\n|turn|53\n|\n|t:|1701039041\n|move|p2a: Grimmsnarl|Light Screen|p2a: Grimmsnarl\n|-sidestart|p2: ikero680|move: Light Screen\n|move|p1a: Monke|Trick|p2a: Grimmsnarl\n|-activate|p1a: Monke|move: Trick|[of] p2a: Grimmsnarl\n|-item|p2a: Grimmsnarl|Leftovers|[from] move: Trick\n|-item|p1a: Monke|Light Clay|[from] move: Trick\n|\n|-heal|p2a: Grimmsnarl|59\/100|[from] item: Leftovers\n|upkeep\n|turn|54\n|\n|t:|1701039050\n|move|p1a: Monke|Parting Shot|p2a: Grimmsnarl\n|-unboost|p2a: Grimmsnarl|atk|1\n|-unboost|p2a: Grimmsnarl|spa|1\n|\n|t:|1701039053\n|switch|p1a: Nemo pubertad|Chi-Yu|49\/100|[from] Parting Shot\n|-ability|p1a: Nemo pubertad|Beads of Ruin\n|move|p2a: Grimmsnarl|Spirit Break|p1a: Nemo pubertad\n|-damage|p1a: Nemo pubertad|16\/100\n|-unboost|p1a: Nemo pubertad|spa|1\n|\n|-heal|p2a: Grimmsnarl|65\/100|[from] item: Leftovers\n|upkeep\n|turn|55\n|\n|t:|1701039066\n|move|p1a: Nemo pubertad|Overheat|p2a: Grimmsnarl\n|-damage|p2a: Grimmsnarl|30\/100\n|-unboost|p1a: Nemo pubertad|spa|2\n|move|p2a: Grimmsnarl|Spirit Break|p1a: Nemo pubertad\n|-damage|p1a: Nemo pubertad|0 fnt\n|faint|p1a: Nemo pubertad\n|\n|-heal|p2a: Grimmsnarl|36\/100|[from] item: Leftovers\n|upkeep\n|\n|t:|1701039079\n|switch|p1a: Monke|Munkidori, M|65\/100\n|turn|56\n|\n|t:|1701039085\n|move|p2a: Grimmsnarl|Parting Shot|p1a: Monke\n|-unboost|p1a: Monke|atk|1\n|-unboost|p1a: Monke|spa|1\n|\n|t:|1701039090\n|switch|p2a: Great Tusk|Great Tusk|51\/100|[from] Parting Shot\n|move|p1a: Monke|Taunt|p2a: Great Tusk\n|-start|p2a: Great Tusk|move: Taunt\n|\n|upkeep\n|turn|57\n|\n|t:|1701039099\n|move|p1a: Monke|Clear Smog|p2a: Great Tusk\n|-resisted|p2a: Great Tusk\n|-damage|p2a: Great Tusk|45\/100\n|-clearboost|p2a: Great Tusk\n|move|p2a: Great Tusk|Headlong Rush|p1a: Monke\n|-supereffective|p1a: Monke\n|-damage|p1a: Monke|0 fnt\n|-unboost|p2a: Great Tusk|def|1\n|-unboost|p2a: Great Tusk|spd|1\n|faint|p1a: Monke\n|\n|win|ikero680\n|c| balutalol|gg\n|l|\u2606Chamuscos\n|c|\u2606ikero680|gg\n|c| gosensia|gg\n|c| Zapatillazo34|gg\n|c| Rubenator_64|gg\n|l|\u2606ikero680\n","uploadtime":1701039115,"views":2,"p1id":"chamuscos","p2id":"ikero680","formatid":"gen9ubers","rating":0,"private":0,"password":""}