{"id":"gen9ubers-1973869508","p1":"The ShaqtusLOL","p2":"Lass Starling","format":"[Gen 9] Ubers","log":"|j|\u2606The ShaqtusLOL\n|j|\u2606Lass Starling\n|t:|1698022514\n|gametype|singles\n|player|p1|The ShaqtusLOL|ghetsis|\n|player|p2|Lass Starling|lass-gen4dp|\n|teamsize|p1|6\n|teamsize|p2|6\n|gen|9\n|tier|[Gen 9] Ubers\n|rule|Sleep Clause Mod: Limit one foe put to sleep\n|rule|Species Clause: Limit one of each Pok\u00e9mon\n|rule|OHKO Clause: OHKO moves are banned\n|rule|Evasion Items Clause: Evasion items are banned\n|rule|Evasion Moves Clause: Evasion moves are banned\n|rule|Endless Battle Clause: Forcing endless battles is banned\n|rule|HP Percentage Mod: HP is shown in percentages\n|clearpoke\n|poke|p1|Iron Bundle|\n|poke|p1|Gliscor, F|\n|poke|p1|Scizor, F|\n|poke|p1|Hariyama, F|\n|poke|p1|Torterra, M|\n|poke|p1|Pelipper, M|\n|poke|p2|Dondozo, F|\n|poke|p2|Electrode-Hisui|\n|poke|p2|Iron Valiant|\n|poke|p2|Mandibuzz, F|\n|poke|p2|Volcanion|\n|poke|p2|Ditto|\n|teampreview\n|j| DivogoJota\n|j| Undead_Redhead\n|c|\u2606The ShaqtusLOL|huh\n|c| Undead_Redhead|Good luck yall!\n|j| KaoVT\n|c|\u2606Lass Starling|everything ok over there?\n|c|\u2606The ShaqtusLOL|yeah\n|c|\u2606The ShaqtusLOL|just\n|c|\u2606The ShaqtusLOL|unexpected mons from you\n|c|\u2606Lass Starling|o\n|c|\u2606Lass Starling|I am a slight psychopath sometimes\n|\n|t:|1698022713\n|start\n|switch|p1a: Jesus Christo|Gliscor, F|100\/100\n|switch|p2a: McBomba|Electrode-Hisui, shiny|100\/100\n|turn|1\n|\n|t:|1698022733\n|switch|p2a: Mandy|Mandibuzz, F|100\/100\n|move|p1a: Jesus Christo|Protect||[still]\n|-fail|p1a: Jesus Christo\n|\n|-status|p1a: Jesus Christo|tox|[from] item: Toxic Orb\n|upkeep\n|turn|2\n|\n|t:|1698022745\n|move|p1a: Jesus Christo|Toxic|p2a: Mandy\n|-status|p2a: Mandy|tox\n|move|p2a: Mandy|Knock Off|p1a: Jesus Christo\n|-damage|p1a: Jesus Christo|84\/100 tox\n|-enditem|p1a: Jesus Christo|Toxic Orb|[from] move: Knock Off|[of] p2a: Mandy\n|\n|-heal|p1a: Jesus Christo|97\/100 tox|[from] ability: Poison Heal\n|-damage|p2a: Mandy|94\/100 tox|[from] psn\n|upkeep\n|turn|3\n|\n|t:|1698022758\n|move|p1a: Jesus Christo|Protect|p1a: Jesus Christo\n|-singleturn|p1a: Jesus Christo|Protect\n|move|p2a: Mandy|U-turn|p1a: Jesus Christo\n|-activate|p1a: Jesus Christo|move: Protect\n|\n|-heal|p2a: Mandy|100\/100 tox|[from] item: Leftovers\n|-heal|p1a: Jesus Christo|100\/100 tox|[from] ability: Poison Heal\n|-damage|p2a: Mandy|88\/100 tox|[from] psn\n|upkeep\n|turn|4\n|\n|t:|1698022777\n|switch|p2a: Tira|Volcanion|100\/100\n|move|p1a: Jesus Christo|U-turn|p2a: Tira\n|-resisted|p2a: Tira\n|-damage|p2a: Tira|94\/100\n|j| iceberg149\n|\n|t:|1698022818\n|switch|p1a: Serious Steve|Pelipper, M|100\/100|[from] U-turn\n|-weather|RainDance|[from] ability: Drizzle|[of] p1a: Serious Steve\n|\n|-weather|RainDance|[upkeep]\n|upkeep\n|turn|5\n|\n|t:|1698022830\n|move|p1a: Serious Steve|Hurricane|p2a: Tira\n|-damage|p2a: Tira|61\/100\n|move|p2a: Tira|Steam Eruption|p1a: Serious Steve\n|-resisted|p1a: Serious Steve\n|-damage|p1a: Serious Steve|22\/100\n|\n|-weather|RainDance|[upkeep]\n|upkeep\n|turn|6\n|\n|t:|1698022887\n|switch|p2a: Mandy|Mandibuzz, F|88\/100 tox\n|move|p1a: Serious Steve|Hurricane|p2a: Mandy\n|-damage|p2a: Mandy|46\/100 tox\n|\n|-weather|RainDance|[upkeep]\n|-heal|p2a: Mandy|52\/100 tox|[from] item: Leftovers\n|-damage|p2a: Mandy|46\/100 tox|[from] psn\n|upkeep\n|turn|7\n|\n|t:|1698022901\n|move|p1a: Serious Steve|Surf|p2a: Mandy\n|-damage|p2a: Mandy|2\/100 tox\n|move|p2a: Mandy|Roost|p2a: Mandy\n|-heal|p2a: Mandy|52\/100 tox\n|-singleturn|p2a: Mandy|move: Roost\n|\n|-weather|RainDance|[upkeep]\n|-heal|p2a: Mandy|59\/100 tox|[from] item: Leftovers\n|-damage|p2a: Mandy|46\/100 tox|[from] psn\n|upkeep\n|turn|8\n|\n|t:|1698022944\n|switch|p2a: Donna|Dondozo, F, shiny|100\/100\n|move|p1a: Serious Steve|Surf|p2a: Donna\n|-resisted|p2a: Donna\n|-damage|p2a: Donna|77\/100\n|\n|-weather|none\n|-heal|p2a: Donna|83\/100|[from] item: Leftovers\n|upkeep\n|turn|9\n|\n|t:|1698022962\n|move|p1a: Serious Steve|U-turn|p2a: Donna\n|-damage|p2a: Donna|79\/100\n|\n|t:|1698022971\n|switch|p1a: Wise Old Tree|Torterra, M|100\/100|[from] U-turn\n|move|p2a: Donna|Liquidation|p1a: Wise Old Tree\n|-damage|p1a: Wise Old Tree|71\/100\n|\n|-heal|p2a: Donna|85\/100|[from] item: Leftovers\n|upkeep\n|turn|10\n|\n|t:|1698023076\n|move|p1a: Wise Old Tree|Bullet Seed|p2a: Donna\n|-supereffective|p2a: Donna\n|-damage|p2a: Donna|72\/100\n|-supereffective|p2a: Donna\n|-damage|p2a: Donna|59\/100\n|-supereffective|p2a: Donna\n|-damage|p2a: Donna|47\/100\n|-supereffective|p2a: Donna\n|-damage|p2a: Donna|34\/100\n|-supereffective|p2a: Donna\n|-damage|p2a: Donna|23\/100\n|-hitcount|p2a: Donna|5\n|move|p2a: Donna|Liquidation|p1a: Wise Old Tree\n|-damage|p1a: Wise Old Tree|42\/100\n|\n|-heal|p2a: Donna|29\/100|[from] item: Leftovers\n|upkeep\n|turn|11\n|\n|t:|1698023160\n|switch|p2a: Mandy|Mandibuzz, F|46\/100 tox\n|move|p1a: Wise Old Tree|Bullet Seed|p2a: Mandy\n|-resisted|p2a: Mandy\n|-damage|p2a: Mandy|43\/100 tox\n|-resisted|p2a: Mandy\n|-damage|p2a: Mandy|39\/100 tox\n|-resisted|p2a: Mandy\n|-damage|p2a: Mandy|36\/100 tox\n|-resisted|p2a: Mandy\n|-damage|p2a: Mandy|32\/100 tox\n|-hitcount|p2a: Mandy|4\n|\n|-heal|p2a: Mandy|38\/100 tox|[from] item: Leftovers\n|-damage|p2a: Mandy|32\/100 tox|[from] psn\n|upkeep\n|turn|12\n|\n|t:|1698023196\n|switch|p1a: Jesus Christo|Gliscor, F|100\/100 tox\n|move|p2a: Mandy|Knock Off|p1a: Jesus Christo\n|-damage|p1a: Jesus Christo|89\/100 tox\n|\n|-heal|p2a: Mandy|38\/100 tox|[from] item: Leftovers\n|-heal|p1a: Jesus Christo|100\/100 tox|[from] ability: Poison Heal\n|-damage|p2a: Mandy|26\/100 tox|[from] psn\n|upkeep\n|turn|13\n|\n|t:|1698023231\n|move|p1a: Jesus Christo|Toxic|p2a: Mandy\n|-fail|p2a: Mandy|tox\n|move|p2a: Mandy|U-turn|p1a: Jesus Christo\n|-resisted|p1a: Jesus Christo\n|-damage|p1a: Jesus Christo|97\/100 tox\n|\n|t:|1698023271\n|switch|p2a: Donna|Dondozo, F, shiny|29\/100|[from] U-turn\n|\n|-heal|p2a: Donna|35\/100|[from] item: Leftovers\n|-heal|p1a: Jesus Christo|100\/100 tox|[from] ability: Poison Heal\n|upkeep\n|turn|14\n|\n|t:|1698023284\n|move|p1a: Jesus Christo|Toxic|p2a: Donna\n|-status|p2a: Donna|tox\n|move|p2a: Donna|Rest|p2a: Donna\n|-status|p2a: Donna|slp|[from] move: Rest\n|-heal|p2a: Donna|100\/100 slp|[silent]\n|\n|upkeep\n|turn|15\n|\n|t:|1698023293\n|move|p1a: Jesus Christo|U-turn|p2a: Donna\n|-damage|p2a: Donna|92\/100 slp\n|\n|t:|1698023305\n|switch|p1a: Kris Kringle|Iron Bundle|100\/100|[from] U-turn\n|cant|p2a: Donna|slp\n|move|p2a: Donna|Sleep Talk|p2a: Donna\n|move|p2a: Donna|Body Press|p1a: Kris Kringle|[from]move: Sleep Talk\n|-supereffective|p1a: Kris Kringle\n|-damage|p1a: Kris Kringle|45\/100\n|\n|-heal|p2a: Donna|98\/100 slp|[from] item: Leftovers\n|upkeep\n|turn|16\n|\n|t:|1698023355\n|switch|p2a: Mandy|Mandibuzz, F|26\/100 tox\n|move|p1a: Kris Kringle|Freeze-Dry|p2a: Mandy\n|-supereffective|p2a: Mandy\n|-damage|p2a: Mandy|0 fnt\n|faint|p2a: Mandy\n|\n|upkeep\n|\n|t:|1698023365\n|switch|p2a: Shitto|Ditto, shiny|100\/100\n|-transform|p2a: Shitto|p1a: Kris Kringle|[from] ability: Imposter\n|turn|17\n|\n|t:|1698023458\n|-end|p1a: Kris Kringle|Quark Drive|[silent]\n|switch|p1a: Nippy|Scizor, F|100\/100\n|move|p2a: Shitto|Ice Beam|p1a: Nippy\n|-resisted|p1a: Nippy\n|-damage|p1a: Nippy|74\/100\n|\n|upkeep\n|turn|18\n|\n|t:|1698023479\n|-end|p2a: Shitto|Quark Drive|[silent]\n|switch|p2a: Donna|Dondozo, F, shiny|98\/100 slp\n|move|p1a: Nippy|Knock Off|p2a: Donna\n|-damage|p2a: Donna|78\/100 slp\n|-enditem|p2a: Donna|Leftovers|[from] move: Knock Off|[of] p1a: Nippy\n|\n|upkeep\n|turn|19\n|\n|t:|1698023491\n|move|p1a: Nippy|U-turn|p2a: Donna\n|-damage|p2a: Donna|58\/100 slp\n|\n|t:|1698023523\n|switch|p1a: Kris Kringle|Iron Bundle|45\/100|[from] U-turn\n|cant|p2a: Donna|slp\n|move|p2a: Donna|Sleep Talk|p2a: Donna\n|move|p2a: Donna|Body Press|p1a: Kris Kringle|[from]move: Sleep Talk\n|-supereffective|p1a: Kris Kringle\n|-damage|p1a: Kris Kringle|0 fnt\n|faint|p1a: Kris Kringle\n|-end|p1a: Kris Kringle|Quark Drive|[silent]\n|\n|upkeep\n|\n|t:|1698023548\n|switch|p1a: Jesus Christo|Gliscor, F|100\/100 tox\n|turn|20\n|\n|t:|1698023632\n|move|p1a: Jesus Christo|Earthquake|p2a: Donna\n|-damage|p2a: Donna|40\/100 slp\n|-curestatus|p2a: Donna|slp|[msg]\n|move|p2a: Donna|Rest|p2a: Donna\n|-status|p2a: Donna|slp|[from] move: Rest\n|-heal|p2a: Donna|100\/100 slp|[silent]\n|\n|upkeep\n|turn|21\n|\n|t:|1698023653\n|move|p1a: Jesus Christo|Earthquake|p2a: Donna\n|-damage|p2a: Donna|82\/100 slp\n|cant|p2a: Donna|slp\n|move|p2a: Donna|Sleep Talk|p2a: Donna\n|move|p2a: Donna|Liquidation|p1a: Jesus Christo|[from]move: Sleep Talk\n|-supereffective|p1a: Jesus Christo\n|-damage|p1a: Jesus Christo|65\/100 tox\n|-unboost|p1a: Jesus Christo|def|1\n|\n|-heal|p1a: Jesus Christo|77\/100 tox|[from] ability: Poison Heal\n|upkeep\n|turn|22\n|\n|t:|1698023664\n|move|p1a: Jesus Christo|U-turn|p2a: Donna\n|-damage|p2a: Donna|73\/100 slp\n|\n|t:|1698023672\n|switch|p1a: Weiner Man|Hariyama, F|100\/100|[from] U-turn\n|cant|p2a: Donna|slp\n|move|p2a: Donna|Sleep Talk|p2a: Donna\n|move|p2a: Donna|Body Press|p1a: Weiner Man|[from]move: Sleep Talk\n|-damage|p1a: Weiner Man|74\/100\n|\n|upkeep\n|turn|23\n|l| KaoVT\n|\n|t:|1698023811\n|move|p1a: Weiner Man|Drain Punch|p2a: Donna\n|-damage|p2a: Donna|50\/100 slp\n|-heal|p1a: Weiner Man|87\/100|[from] drain|[of] p2a: Donna\n|-curestatus|p2a: Donna|slp|[msg]\n|move|p2a: Donna|Liquidation|p1a: Weiner Man\n|-damage|p1a: Weiner Man|52\/100\n|\n|upkeep\n|turn|24\n|\n|t:|1698023857\n|move|p1a: Weiner Man|Drain Punch|p2a: Donna\n|-damage|p2a: Donna|28\/100\n|-heal|p1a: Weiner Man|65\/100|[from] drain|[of] p2a: Donna\n|move|p2a: Donna|Rest|p2a: Donna\n|-status|p2a: Donna|slp|[from] move: Rest\n|-heal|p2a: Donna|100\/100 slp|[silent]\n|\n|upkeep\n|turn|25\n|\n|t:|1698023865\n|move|p1a: Weiner Man|Drain Punch|p2a: Donna\n|-damage|p2a: Donna|76\/100 slp\n|-heal|p1a: Weiner Man|80\/100|[from] drain|[of] p2a: Donna\n|cant|p2a: Donna|slp\n|move|p2a: Donna|Sleep Talk|p2a: Donna\n|move|p2a: Donna|Body Press|p1a: Weiner Man|[from]move: Sleep Talk\n|-damage|p1a: Weiner Man|50\/100\n|-enditem|p1a: Weiner Man|Sitrus Berry|[eat]\n|-heal|p1a: Weiner Man|75\/100|[from] item: Sitrus Berry\n|\n|upkeep\n|turn|26\n|\n|t:|1698023894\n|move|p1a: Weiner Man|Drain Punch|p2a: Donna\n|-damage|p2a: Donna|55\/100 slp\n|-heal|p1a: Weiner Man|87\/100|[from] drain|[of] p2a: Donna\n|cant|p2a: Donna|slp\n|move|p2a: Donna|Sleep Talk|p2a: Donna\n|move|p2a: Donna|Body Press|p1a: Weiner Man|[from]move: Sleep Talk\n|-damage|p1a: Weiner Man|59\/100\n|\n|upkeep\n|turn|27\n|\n|t:|1698023903\n|move|p1a: Weiner Man|Drain Punch|p2a: Donna\n|-damage|p2a: Donna|32\/100 slp\n|-heal|p1a: Weiner Man|73\/100|[from] drain|[of] p2a: Donna\n|-curestatus|p2a: Donna|slp|[msg]\n|move|p2a: Donna|Liquidation|p1a: Weiner Man\n|-damage|p1a: Weiner Man|38\/100\n|\n|upkeep\n|turn|28\n|\n|t:|1698023967\n|switch|p2a: Valerie|Iron Valiant, shiny|100\/100\n|-enditem|p2a: Valerie|Booster Energy\n|-activate|p2a: Valerie|ability: Quark Drive|[fromitem]\n|-start|p2a: Valerie|quarkdriveatk\n|move|p1a: Weiner Man|Drain Punch|p2a: Valerie\n|-resisted|p2a: Valerie\n|-damage|p2a: Valerie|73\/100\n|-heal|p1a: Weiner Man|48\/100|[from] drain|[of] p2a: Valerie\n|\n|upkeep\n|turn|29\n|\n|t:|1698024026\n|switch|p1a: Jesus Christo|Gliscor, F|77\/100 tox\n|move|p2a: Valerie|Close Combat|p1a: Jesus Christo\n|-resisted|p1a: Jesus Christo\n|-damage|p1a: Jesus Christo|52\/100 tox\n|-unboost|p2a: Valerie|def|1\n|-unboost|p2a: Valerie|spd|1\n|\n|-heal|p1a: Jesus Christo|64\/100 tox|[from] ability: Poison Heal\n|upkeep\n|turn|30\n|\n|t:|1698024043\n|move|p2a: Valerie|Liquidation|p1a: Jesus Christo\n|-supereffective|p1a: Jesus Christo\n|-damage|p1a: Jesus Christo|12\/100 tox\n|-unboost|p1a: Jesus Christo|def|1\n|move|p1a: Jesus Christo|Earthquake|p2a: Valerie\n|-damage|p2a: Valerie|6\/100\n|\n|-heal|p1a: Jesus Christo|24\/100 tox|[from] ability: Poison Heal\n|upkeep\n|turn|31\n|\n|t:|1698024055\n|move|p1a: Jesus Christo|Protect|p1a: Jesus Christo\n|-singleturn|p1a: Jesus Christo|Protect\n|move|p2a: Valerie|Liquidation|p1a: Jesus Christo\n|-activate|p1a: Jesus Christo|move: Protect\n|\n|-heal|p1a: Jesus Christo|36\/100 tox|[from] ability: Poison Heal\n|upkeep\n|turn|32\n|\n|t:|1698024074\n|switch|p1a: Nippy|Scizor, F|74\/100\n|move|p2a: Valerie|Liquidation|p1a: Nippy\n|-damage|p1a: Nippy|32\/100\n|\n|upkeep\n|turn|33\n|\n|t:|1698024110\n|move|p1a: Nippy|Bullet Punch|p2a: Valerie\n|-supereffective|p2a: Valerie\n|-damage|p2a: Valerie|0 fnt\n|faint|p2a: Valerie\n|-end|p2a: Valerie|Quark Drive|[silent]\n|\n|upkeep\n|\n|t:|1698024142\n|switch|p2a: Tira|Volcanion|61\/100\n|turn|34\n|\n|t:|1698024172\n|move|p2a: Tira|Flamethrower|p1a: Nippy\n|-supereffective|p1a: Nippy\n|-damage|p1a: Nippy|0 fnt\n|faint|p1a: Nippy\n|\n|upkeep\n|\n|t:|1698024184\n|switch|p1a: Wise Old Tree|Torterra, M|42\/100\n|turn|35\n|\n|t:|1698024271\n|move|p1a: Wise Old Tree|Headlong Rush|p2a: Tira\n|-supereffective|p2a: Tira\n|-damage|p2a: Tira|0 fnt\n|-unboost|p1a: Wise Old Tree|def|1\n|-unboost|p1a: Wise Old Tree|spd|1\n|faint|p2a: Tira\n|\n|upkeep\n|\n|t:|1698024284\n|switch|p2a: Shitto|Ditto, shiny|100\/100\n|-transform|p2a: Shitto|p1a: Wise Old Tree|[from] ability: Imposter\n|turn|36\n|j| justinrockin\n|\n|t:|1698024330\n|move|p2a: Shitto|Bullet Seed|p1a: Wise Old Tree\n|-damage|p1a: Wise Old Tree|26\/100\n|-damage|p1a: Wise Old Tree|8\/100\n|-hitcount|p1a: Wise Old Tree|2\n|move|p1a: Wise Old Tree|Bullet Seed|p2a: Shitto\n|-damage|p2a: Shitto|82\/100\n|-damage|p2a: Shitto|65\/100\n|-damage|p2a: Shitto|44\/100\n|-damage|p2a: Shitto|26\/100\n|-damage|p2a: Shitto|8\/100\n|-hitcount|p2a: Shitto|5\n|\n|upkeep\n|turn|37\n|\n|t:|1698024349\n|move|p2a: Shitto|Bullet Seed|p1a: Wise Old Tree\n|-damage|p1a: Wise Old Tree|0 fnt\n|faint|p1a: Wise Old Tree\n|-hitcount|p1: Wise Old Tree|1\n|\n|upkeep\n|\n|t:|1698024357\n|switch|p1a: Weiner Man|Hariyama, F|48\/100\n|turn|38\n|\n|t:|1698024418\n|move|p1a: Weiner Man|Bullet Punch|p2a: Shitto\n|-damage|p2a: Shitto|0 fnt\n|faint|p2a: Shitto\n|\n|upkeep\n|j| IshaNn\n|\n|t:|1698024440\n|switch|p2a: McBomba|Electrode-Hisui, shiny|100\/100\n|turn|39\n|j| curtisthecacnea\n|j| Scottowo\n|\n|t:|1698024480\n|-terastallize|p1a: Weiner Man|Steel\n|move|p2a: McBomba|Volt Switch|p1a: Weiner Man\n|-damage|p1a: Weiner Man|16\/100\n|\n|t:|1698024491\n|switch|p2a: Donna|Dondozo, F, shiny|32\/100|[from] Volt Switch\n|move|p1a: Weiner Man|Drain Punch|p2a: Donna\n|-crit|p2a: Donna\n|-damage|p2a: Donna|1\/100\n|-heal|p1a: Weiner Man|34\/100|[from] drain|[of] p2a: Donna\n|\n|upkeep\n|turn|40\n|c|\u2606The ShaqtusLOL|i have been blessed\n|\n|t:|1698024546\n|move|p1a: Weiner Man|Drain Punch|p2a: Donna\n|-damage|p2a: Donna|0 fnt\n|-heal|p1a: Weiner Man|34\/100|[from] drain|[of] p2a: Donna\n|faint|p2a: Donna\n|\n|upkeep\n|\n|t:|1698024551\n|switch|p2a: McBomba|Electrode-Hisui, shiny|100\/100\n|turn|41\n|\n|t:|1698024595\n|-terastallize|p2a: McBomba|Fighting\n|move|p2a: McBomba|Tera Blast|p1a: Weiner Man|[anim] Tera Blast Fighting\n|-supereffective|p1a: Weiner Man\n|-damage|p1a: Weiner Man|0 fnt\n|faint|p1a: Weiner Man\n|\n|upkeep\n|\n|t:|1698024606\n|switch|p1a: Jesus Christo|Gliscor, F|36\/100 tox\n|turn|42\n|\n|t:|1698024614\n|move|p1a: Jesus Christo|Protect|p1a: Jesus Christo\n|-singleturn|p1a: Jesus Christo|Protect\n|move|p2a: McBomba|Tera Blast|p1a: Jesus Christo|[anim] Tera Blast Fighting\n|-activate|p1a: Jesus Christo|move: Protect\n|\n|-heal|p1a: Jesus Christo|49\/100 tox|[from] ability: Poison Heal\n|upkeep\n|turn|43\n|\n|t:|1698024638\n|move|p2a: McBomba|Tera Blast|p1a: Jesus Christo|[anim] Tera Blast Fighting\n|-resisted|p1a: Jesus Christo\n|-damage|p1a: Jesus Christo|32\/100 tox\n|move|p1a: Jesus Christo|Toxic|p2a: McBomba\n|-status|p2a: McBomba|tox\n|\n|-damage|p2a: McBomba|94\/100 tox|[from] psn\n|-heal|p1a: Jesus Christo|44\/100 tox|[from] ability: Poison Heal\n|upkeep\n|turn|44\n|\n|t:|1698024648\n|move|p1a: Jesus Christo|Protect|p1a: Jesus Christo\n|-singleturn|p1a: Jesus Christo|Protect\n|move|p2a: McBomba|Tera Blast|p1a: Jesus Christo|[anim] Tera Blast Fighting\n|-activate|p1a: Jesus Christo|move: Protect\n|\n|-damage|p2a: McBomba|82\/100 tox|[from] psn\n|-heal|p1a: Jesus Christo|57\/100 tox|[from] ability: Poison Heal\n|upkeep\n|turn|45\n|\n|t:|1698024664\n|move|p2a: McBomba|Tera Blast|p1a: Jesus Christo|[anim] Tera Blast Fighting\n|-resisted|p1a: Jesus Christo\n|-damage|p1a: Jesus Christo|37\/100 tox\n|move|p1a: Jesus Christo|Earthquake|p2a: McBomba\n|-damage|p2a: McBomba|33\/100 tox\n|\n|-damage|p2a: McBomba|14\/100 tox|[from] psn\n|-heal|p1a: Jesus Christo|50\/100 tox|[from] ability: Poison Heal\n|upkeep\n|turn|46\n|\n|t:|1698024673\n|move|p2a: McBomba|Protect|p2a: McBomba\n|-singleturn|p2a: McBomba|Protect\n|move|p1a: Jesus Christo|Earthquake|p2a: McBomba\n|-activate|p2a: McBomba|move: Protect\n|\n|-damage|p2a: McBomba|0 fnt|[from] psn\n|faint|p2a: McBomba\n|\n|win|The ShaqtusLOL\n|upkeep\n|c| DivogoJota|gg\n|l| Scottowo\n|c|\u2606Lass Starling|gg\n|l| curtisthecacnea\n|c|\u2606The ShaqtusLOL|WHHAT\n|c|\u2606The ShaqtusLOL|GG\n|c|\u2606The ShaqtusLOL|SO STRESFUL\n|l| Undead_Redhead\n|c|\u2606Lass Starling|I shoulda brought tera Ice\n|c|\u2606Lass Starling|it's on me\n|c|\u2606Lass Starling|I thought Heatran or Zapdos were more likely than Gliscor\n|c|\u2606The ShaqtusLOL|I SHOULD HAVE BROUGHT A DOZO COUNTER\n|c|\u2606The ShaqtusLOL|i had 0\n|c|\u2606Lass Starling|torterra no?\n|c|\u2606The ShaqtusLOL|nah\n|c|\u2606Lass Starling|shell smash bullet seed yummy?\n|l| justinrockin\n|c|\u2606The ShaqtusLOL|unaware\n|c|\u2606The ShaqtusLOL|no?\n|c| DivogoJota|yea there was no dozo counter\n|l| iceberg149\n|c|\u2606The ShaqtusLOL|really high prep for chomp and ttar\n|c|\u2606The ShaqtusLOL|to not see them\n|c|\u2606The ShaqtusLOL|worried me\n|l| IshaNn\n|l|\u2606Lass Starling\n","uploadtime":1698024713,"views":35,"p1id":"theshaqtuslol","p2id":"lassstarling","formatid":"gen9ubers","rating":0,"private":0,"password":""}