{"id":"gen9ubers-1974424902","p1":"SadaShidz\ufe0f","p2":"pedreirocantor","format":"[Gen 9] Ubers","log":"|j|\u2606SadaShidz\ufe0f\n|j|\u2606pedreirocantor\n|t:|1698085918\n|gametype|singles\n|player|p1|SadaShidz\ufe0f|sada-ai|1269\n|player|p2|pedreirocantor|byron|1386\n|teamsize|p1|6\n|teamsize|p2|6\n|gen|9\n|tier|[Gen 9] Ubers\n|rated|\n|rule|Sleep Clause Mod: Limit one foe put to sleep\n|rule|Species Clause: Limit one of each Pok\u00e9mon\n|rule|OHKO Clause: OHKO moves are banned\n|rule|Evasion Items Clause: Evasion items are banned\n|rule|Evasion Moves Clause: Evasion moves are banned\n|rule|Endless Battle Clause: Forcing endless battles is banned\n|rule|HP Percentage Mod: HP is shown in percentages\n|clearpoke\n|poke|p1|Ribombee, F|\n|poke|p1|Arceus-Ghost|\n|poke|p1|Ogerpon-Hearthflame, F|\n|poke|p1|Sinistcha-Masterpiece|\n|poke|p1|Ursaluna-Bloodmoon, M|\n|poke|p1|Flutter Mane|\n|poke|p2|Ribombee, F|\n|poke|p2|Rayquaza|\n|poke|p2|Arceus|\n|poke|p2|Hatterene, F|\n|poke|p2|Zacian-*|\n|poke|p2|Baxcalibur, M|\n|teampreview\n|inactive|Battle timer is ON: inactive players will automatically lose when time's up. (requested by SadaShidz\ufe0f)\n|\n|t:|1698085945\n|start\n|switch|p1a: Mighty Bee|Ribombee, F, shiny|100\/100\n|switch|p2a: Ribombee|Ribombee, F|100\/100\n|turn|1\n|\n|t:|1698085948\n|move|p1a: Mighty Bee|Moonblast|p2a: Ribombee\n|-damage|p2a: Ribombee|57\/100\n|move|p2a: Ribombee|U-turn|p1a: Mighty Bee\n|-resisted|p1a: Mighty Bee\n|-damage|p1a: Mighty Bee|88\/100\n|\n|t:|1698085955\n|switch|p2a: Zacian|Zacian-Crowned|100\/100|[from] U-turn\n|-ability|p2a: Zacian|Intrepid Sword|boost\n|-boost|p2a: Zacian|atk|1\n|\n|upkeep\n|turn|2\n|\n|t:|1698085965\n|-terastallize|p1a: Mighty Bee|Fire\n|move|p2a: Zacian|Behemoth Blade|p1a: Mighty Bee\n|-resisted|p1a: Mighty Bee\n|-damage|p1a: Mighty Bee|13\/100\n|move|p1a: Mighty Bee|Stun Spore|p2a: Zacian|[miss]\n|-miss|p1a: Mighty Bee|p2a: Zacian\n|\n|upkeep\n|turn|3\n|\n|t:|1698085974\n|-terastallize|p2a: Zacian|Electric\n|move|p2a: Zacian|Agility|p2a: Zacian\n|-boost|p2a: Zacian|spe|2\n|move|p1a: Mighty Bee|Stun Spore|p2a: Zacian\n|-immune|p2a: Zacian\n|\n|upkeep\n|turn|4\n|\n|t:|1698085982\n|move|p2a: Zacian|Behemoth Blade|p1a: Mighty Bee\n|-resisted|p1a: Mighty Bee\n|-damage|p1a: Mighty Bee|0 fnt\n|faint|p1a: Mighty Bee\n|\n|upkeep\n|\n|t:|1698085989\n|switch|p1a: Sippin Green|Sinistcha-Masterpiece, shiny|100\/100\n|turn|5\n|\n|t:|1698085995\n|move|p2a: Zacian|Behemoth Blade|p1a: Sippin Green\n|-damage|p1a: Sippin Green|18\/100\n|move|p1a: Sippin Green|Strength Sap|p2a: Zacian\n|-unboost|p2a: Zacian|atk|1\n|-heal|p1a: Sippin Green|100\/100\n|\n|upkeep\n|turn|6\n|\n|t:|1698086003\n|switch|p2a: Rayquaza|Rayquaza|100\/100\n|-ability|p2a: Rayquaza|Air Lock\n|move|p1a: Sippin Green|Matcha Gotcha|p2a: Rayquaza\n|-resisted|p2a: Rayquaza\n|-damage|p2a: Rayquaza|90\/100\n|-status|p2a: Rayquaza|brn\n|\n|-damage|p2a: Rayquaza|84\/100 brn|[from] brn\n|upkeep\n|turn|7\n|\n|t:|1698086006\n|move|p2a: Rayquaza|Dragon Ascent|p1a: Sippin Green\n|-supereffective|p1a: Sippin Green\n|-damage|p1a: Sippin Green|7\/100\n|-unboost|p2a: Rayquaza|def|1\n|-unboost|p2a: Rayquaza|spd|1\n|move|p1a: Sippin Green|Calm Mind|p1a: Sippin Green\n|-boost|p1a: Sippin Green|spa|1\n|-boost|p1a: Sippin Green|spd|1\n|\n|-heal|p1a: Sippin Green|13\/100|[from] item: Leftovers\n|-damage|p2a: Rayquaza|78\/100 brn|[from] brn\n|upkeep\n|turn|8\n|\n|t:|1698086012\n|move|p2a: Rayquaza|Dragon Ascent|p1a: Sippin Green\n|-supereffective|p1a: Sippin Green\n|-damage|p1a: Sippin Green|0 fnt\n|-unboost|p2a: Rayquaza|def|1\n|-unboost|p2a: Rayquaza|spd|1\n|faint|p1a: Sippin Green\n|\n|-damage|p2a: Rayquaza|72\/100 brn|[from] brn\n|upkeep\n|\n|t:|1698086021\n|switch|p1a: Yamz|Arceus-Ghost, shiny|100\/100\n|turn|9\n|\n|t:|1698086039\n|switch|p2a: Arceus|Arceus|100\/100\n|move|p1a: Yamz|Judgment|p2a: Arceus\n|-immune|p2a: Arceus\n|\n|upkeep\n|turn|10\n|\n|t:|1698086045\n|move|p1a: Yamz|Focus Blast|p2a: Arceus\n|-supereffective|p2a: Arceus\n|-damage|p2a: Arceus|61\/100\n|move|p2a: Arceus|Swords Dance|p2a: Arceus\n|-boost|p2a: Arceus|atk|2\n|\n|upkeep\n|turn|11\n|\n|t:|1698086056\n|move|p1a: Yamz|Focus Blast|p2a: Arceus\n|-supereffective|p2a: Arceus\n|-damage|p2a: Arceus|17\/100\n|move|p2a: Arceus|Recover|p2a: Arceus\n|-heal|p2a: Arceus|68\/100\n|\n|upkeep\n|turn|12\n|\n|t:|1698086065\n|move|p1a: Yamz|Calm Mind|p1a: Yamz\n|-boost|p1a: Yamz|spa|1\n|-boost|p1a: Yamz|spd|1\n|move|p2a: Arceus|Shadow Claw|p1a: Yamz\n|-supereffective|p1a: Yamz\n|-damage|p1a: Yamz|33\/100\n|\n|upkeep\n|turn|13\n|\n|t:|1698086075\n|move|p1a: Yamz|Recover|p1a: Yamz\n|-heal|p1a: Yamz|83\/100\n|move|p2a: Arceus|Shadow Claw|p1a: Yamz\n|-supereffective|p1a: Yamz\n|-damage|p1a: Yamz|13\/100\n|\n|upkeep\n|turn|14\n|\n|t:|1698086078\n|move|p1a: Yamz|Focus Blast|p2a: Arceus\n|-supereffective|p2a: Arceus\n|-damage|p2a: Arceus|2\/100\n|move|p2a: Arceus|Shadow Claw|p1a: Yamz\n|-supereffective|p1a: Yamz\n|-damage|p1a: Yamz|0 fnt\n|faint|p1a: Yamz\n|\n|upkeep\n|\n|t:|1698086081\n|switch|p1a: Undead|Ursaluna-Bloodmoon, M|100\/100\n|turn|15\n|\n|t:|1698086089\n|move|p2a: Arceus|Extreme Speed|p1a: Undead\n|-damage|p1a: Undead|46\/100\n|move|p1a: Undead|Vacuum Wave|p2a: Arceus\n|-supereffective|p2a: Arceus\n|-damage|p2a: Arceus|0 fnt\n|faint|p2a: Arceus\n|\n|-heal|p1a: Undead|52\/100|[from] item: Leftovers\n|upkeep\n|\n|t:|1698086104\n|switch|p2a: Ribombee|Ribombee, F|57\/100\n|turn|16\n|\n|t:|1698086112\n|move|p2a: Ribombee|Sticky Web|p1a: Undead\n|-sidestart|p1: SadaShidz\ufe0f|move: Sticky Web\n|move|p1a: Undead|Calm Mind|p1a: Undead\n|-boost|p1a: Undead|spa|1\n|-boost|p1a: Undead|spd|1\n|\n|-heal|p1a: Undead|58\/100|[from] item: Leftovers\n|upkeep\n|turn|17\n|\n|t:|1698086121\n|switch|p2a: Hatterene|Hatterene, F|100\/100\n|move|p1a: Undead|Moonlight|p1a: Undead\n|-heal|p1a: Undead|100\/100\n|\n|upkeep\n|turn|18\n|\n|t:|1698086146\n|switch|p2a: Zacian|Zacian-Crowned, tera:Electric|100\/100\n|move|p1a: Undead|Blood Moon|p2a: Zacian\n|-damage|p2a: Zacian|8\/100\n|\n|upkeep\n|turn|19\n|\n|t:|1698086156\n|move|p1a: Undead|Vacuum Wave|p2a: Zacian\n|-damage|p2a: Zacian|0 fnt\n|faint|p2a: Zacian\n|\n|upkeep\n|\n|t:|1698086158\n|switch|p2a: Ribombee|Ribombee, F|57\/100\n|turn|20\n|\n|t:|1698086162\n|move|p2a: Ribombee|Tailwind|p2a: Ribombee\n|-sidestart|p2: pedreirocantor|move: Tailwind\n|move|p1a: Undead|Blood Moon|p2a: Ribombee\n|-damage|p2a: Ribombee|0 fnt\n|faint|p2a: Ribombee\n|\n|upkeep\n|\n|t:|1698086168\n|switch|p2a: Hatterene|Hatterene, F|100\/100\n|turn|21\n|\n|t:|1698086172\n|move|p2a: Hatterene|Healing Wish|p2a: Hatterene\n|faint|p2a: Hatterene\n|move|p1a: Undead|Calm Mind|p1a: Undead\n|-boost|p1a: Undead|spa|1\n|-boost|p1a: Undead|spd|1\n|\n|upkeep\n|\n|t:|1698086180\n|switch|p2a: Rayquaza|Rayquaza|72\/100 brn\n|-heal|p2a: Rayquaza|100\/100|[from] move: Healing Wish\n|-ability|p2a: Rayquaza|Air Lock\n|turn|22\n|\n|t:|1698086184\n|move|p2a: Rayquaza|Dragon Ascent|p1a: Undead\n|-damage|p1a: Undead|36\/100\n|-unboost|p2a: Rayquaza|def|1\n|-unboost|p2a: Rayquaza|spd|1\n|move|p1a: Undead|Blood Moon|p2a: Rayquaza\n|-damage|p2a: Rayquaza|0 fnt\n|faint|p2a: Rayquaza\n|\n|-heal|p1a: Undead|42\/100|[from] item: Leftovers\n|upkeep\n|\n|t:|1698086188\n|switch|p2a: Baxcalibur|Baxcalibur, M|100\/100\n|turn|23\n|\n|t:|1698086195\n|move|p1a: Undead|Vacuum Wave|p2a: Baxcalibur\n|-supereffective|p2a: Baxcalibur\n|-damage|p2a: Baxcalibur|47\/100\n|move|p2a: Baxcalibur|Icicle Crash|p1a: Undead\n|-supereffective|p1a: Undead\n|-damage|p1a: Undead|0 fnt\n|faint|p1a: Undead\n|\n|-sideend|p2: pedreirocantor|move: Tailwind\n|upkeep\n|\n|t:|1698086201\n|switch|p1a: Fioni|Ogerpon-Hearthflame, F|100\/100\n|-activate|p1a: Fioni|move: Sticky Web\n|-unboost|p1a: Fioni|spe|1\n|-ability|p1a: Fioni|Mold Breaker\n|turn|24\n|\n|t:|1698086208\n|move|p2a: Baxcalibur|Glaive Rush|p1a: Fioni\n|-damage|p1a: Fioni|6\/100\n|-singlemove|p2a: Baxcalibur|Glaive Rush|[silent]\n|move|p1a: Fioni|Ivy Cudgel|p2a: Baxcalibur\n|-damage|p2a: Baxcalibur|0 fnt\n|faint|p2a: Baxcalibur\n|\n|win|SadaShidz\ufe0f\n|raw|SadaShidz\ufe0f's rating: 1269 &rarr; <strong>1302<\/strong><br \/>(+33 for winning)\n|raw|pedreirocantor's rating: 1386 &rarr; <strong>1360<\/strong><br \/>(-26 for losing)\n|c|\u2606SadaShidz\ufe0f|Gg\n","uploadtime":1698086222,"views":12,"p1id":"sadashidz","p2id":"pedreirocantor","formatid":"gen9ubers","rating":1302,"private":0,"password":""}