{"id":"gen9ubers-1991320035","p1":"Velocitar32","p2":"bo552","format":"[Gen 9] Ubers","log":"|j|\u2606Velocitar32\n|j|\u2606bo552\n|t:|1700067275\n|gametype|singles\n|player|p1|Velocitar32|silver-masters|1412\n|player|p2|bo552|101|1302\n|teamsize|p1|6\n|teamsize|p2|6\n|gen|9\n|tier|[Gen 9] Ubers\n|rated|\n|rule|Sleep Clause Mod: Limit one foe put to sleep\n|rule|Species Clause: Limit one of each Pok\u00e9mon\n|rule|OHKO Clause: OHKO moves are banned\n|rule|Evasion Items Clause: Evasion items are banned\n|rule|Evasion Moves Clause: Evasion moves are banned\n|rule|Endless Battle Clause: Forcing endless battles is banned\n|rule|HP Percentage Mod: HP is shown in percentages\n|clearpoke\n|poke|p1|Arceus-Ground|\n|poke|p1|Annihilape, M|\n|poke|p1|Zacian-*|\n|poke|p1|Miraidon|\n|poke|p1|Koraidon|\n|poke|p1|Rayquaza|\n|poke|p2|Sneasler, M|\n|poke|p2|Miraidon|\n|poke|p2|Arceus|\n|poke|p2|Palkia-Origin|\n|poke|p2|Iron Treads|\n|poke|p2|Spectrier|\n|teampreview\n|\n|t:|1700067290\n|start\n|switch|p1a: Kong|Annihilape, M, shiny|100\/100\n|switch|p2a: Iron Treads|Iron Treads, shiny|100\/100\n|turn|1\n|\n|t:|1700067296\n|move|p2a: Iron Treads|Stealth Rock|p1a: Kong\n|-sidestart|p1: Velocitar32|move: Stealth Rock\n|move|p1a: Kong|Taunt|p2a: Iron Treads\n|-start|p2a: Iron Treads|move: Taunt\n|\n|upkeep\n|turn|2\n|\n|t:|1700067302\n|move|p2a: Iron Treads|Earthquake|p1a: Kong\n|-damage|p1a: Kong|52\/100\n|move|p1a: Kong|Stealth Rock|p2a: Iron Treads\n|-sidestart|p2: bo552|move: Stealth Rock\n|\n|upkeep\n|turn|3\n|\n|t:|1700067308\n|move|p2a: Iron Treads|Earthquake|p1a: Kong\n|-damage|p1a: Kong|7\/100\n|move|p1a: Kong|Rage Fist|p2a: Iron Treads\n|-damage|p2a: Iron Treads|50\/100\n|\n|-heal|p2a: Iron Treads|56\/100|[from] item: Leftovers\n|upkeep\n|turn|4\n|\n|t:|1700067315\n|move|p2a: Iron Treads|Earthquake|p1a: Kong\n|-damage|p1a: Kong|0 fnt\n|faint|p1a: Kong\n|\n|-heal|p2a: Iron Treads|62\/100|[from] item: Leftovers\n|-end|p2a: Iron Treads|move: Taunt\n|upkeep\n|\n|t:|1700067329\n|switch|p1a: Salamander|Koraidon|100\/100\n|-damage|p1a: Salamander|94\/100|[from] Stealth Rock\n|-weather|SunnyDay|[from] ability: Orichalcum Pulse|[of] p1a: Salamander\n|-activate|p1a: Salamander|Orichalcum Pulse|[source]\n|turn|5\n|\n|t:|1700067336\n|-terastallize|p1a: Salamander|Fire\n|move|p1a: Salamander|Flame Charge|p2a: Iron Treads\n|-supereffective|p2a: Iron Treads\n|-damage|p2a: Iron Treads|0 fnt\n|-boost|p1a: Salamander|spe|1\n|faint|p2a: Iron Treads\n|-end|p2a: Iron Treads|Quark Drive|[silent]\n|\n|-weather|SunnyDay|[upkeep]\n|-heal|p1a: Salamander|100\/100|[from] item: Leftovers\n|upkeep\n|\n|t:|1700067343\n|switch|p2a: Miraidon|Miraidon|100\/100\n|-damage|p2a: Miraidon|88\/100|[from] Stealth Rock\n|-fieldstart|move: Electric Terrain|[from] ability: Hadron Engine|[of] p2a: Miraidon\n|turn|6\n|\n|t:|1700067348\n|move|p1a: Salamander|Dragon Claw|p2a: Miraidon\n|-supereffective|p2a: Miraidon\n|-damage|p2a: Miraidon|0 fnt\n|faint|p2a: Miraidon\n|\n|-weather|SunnyDay|[upkeep]\n|upkeep\n|\n|t:|1700067351\n|switch|p2a: Sneasler|Sneasler, M|100\/100\n|-damage|p2a: Sneasler|95\/100|[from] Stealth Rock\n|-enditem|p2a: Sneasler|Electric Seed\n|-boost|p2a: Sneasler|def|1|[from] item: Electric Seed\n|turn|7\n|\n|t:|1700067369\n|move|p2a: Sneasler|Swords Dance|p2a: Sneasler\n|-boost|p2a: Sneasler|atk|2\n|move|p1a: Salamander|Dragon Claw|p2a: Sneasler\n|-crit|p2a: Sneasler\n|-damage|p2a: Sneasler|0 fnt\n|faint|p2a: Sneasler\n|\n|-weather|SunnyDay|[upkeep]\n|upkeep\n|-message|bo552 forfeited.\n|\n|win|Velocitar32\n|raw|Velocitar32's rating: 1412 &rarr; <strong>1426<\/strong><br \/>(+14 for winning)\n|raw|bo552's rating: 1302 &rarr; <strong>1288<\/strong><br \/>(-14 for losing)\n|l|\u2606bo552\n","uploadtime":1700067385,"views":15,"p1id":"velocitar32","p2id":"bo552","formatid":"gen9ubers","rating":1288,"private":0,"password":""}