{"id":"gen9ubers-1980243987","p1":"XpokVEVO","p2":"1P1o1s1h1e1","format":"[Gen 9] Ubers","log":"|j|\u2606XpokVEVO\n|j|\u26061P1o1s1h1e1\n|t:|1698769143\n|gametype|singles\n|player|p1|XpokVEVO|rika|\n|player|p2|1P1o1s1h1e1|2|\n|teamsize|p1|6\n|teamsize|p2|6\n|gen|9\n|tier|[Gen 9] Ubers\n|rule|Sleep Clause Mod: Limit one foe put to sleep\n|rule|Species Clause: Limit one of each Pok\u00e9mon\n|rule|OHKO Clause: OHKO moves are banned\n|rule|Evasion Items Clause: Evasion items are banned\n|rule|Evasion Moves Clause: Evasion moves are banned\n|rule|Endless Battle Clause: Forcing endless battles is banned\n|rule|HP Percentage Mod: HP is shown in percentages\n|clearpoke\n|poke|p1|Arceus-Fire|\n|poke|p1|Cyclizar, M|\n|poke|p1|Espathra, F|\n|poke|p1|Magearna|\n|poke|p1|Zacian-*|\n|poke|p1|Roaring Moon|\n|poke|p2|Wo-Chien|\n|poke|p2|Arceus-Poison|\n|poke|p2|Magearna|\n|poke|p2|Ursaluna-Bloodmoon, M|\n|poke|p2|Sneasler, M|\n|poke|p2|Dialga|\n|teampreview\n|\n|t:|1698769150\n|start\n|switch|p1a: Akira|Cyclizar, M|100\/100\n|switch|p2a: Sneasler|Sneasler, M|100\/100\n|turn|1\n|\n|t:|1698769157\n|move|p2a: Sneasler|Close Combat|p1a: Akira\n|-supereffective|p1a: Akira\n|-damage|p1a: Akira|0 fnt\n|-unboost|p2a: Sneasler|def|1\n|-unboost|p2a: Sneasler|spd|1\n|faint|p1a: Akira\n|\n|upkeep\n|\n|t:|1698769183\n|switch|p1a: Emu War|Espathra, F|100\/100\n|turn|2\n|\n|t:|1698769188\n|switch|p2a: Wo-Chien|Wo-Chien|100\/100\n|-ability|p2a: Wo-Chien|Tablets of Ruin\n|move|p1a: Emu War|Calm Mind|p1a: Emu War\n|-boost|p1a: Emu War|spa|1\n|-boost|p1a: Emu War|spd|1\n|\n|-ability|p1a: Emu War|Speed Boost|boost\n|-boost|p1a: Emu War|spe|1\n|upkeep\n|turn|3\n|\n|t:|1698769199\n|move|p1a: Emu War|Protect|p1a: Emu War\n|-singleturn|p1a: Emu War|Protect\n|move|p2a: Wo-Chien|Substitute|p2a: Wo-Chien\n|-start|p2a: Wo-Chien|Substitute\n|-damage|p2a: Wo-Chien|76\/100\n|\n|-heal|p2a: Wo-Chien|82\/100|[from] item: Leftovers\n|-ability|p1a: Emu War|Speed Boost|boost\n|-boost|p1a: Emu War|spe|1\n|upkeep\n|turn|4\n|\n|t:|1698769201\n|move|p1a: Emu War|Dazzling Gleam|p2a: Wo-Chien\n|-supereffective|p2a: Wo-Chien\n|-end|p2a: Wo-Chien|Substitute\n|move|p2a: Wo-Chien|Knock Off|p1a: Emu War\n|-supereffective|p1a: Emu War\n|-damage|p1a: Emu War|16\/100\n|-enditem|p1a: Emu War|Focus Sash|[from] move: Knock Off|[of] p2a: Wo-Chien\n|\n|-heal|p2a: Wo-Chien|88\/100|[from] item: Leftovers\n|-ability|p1a: Emu War|Speed Boost|boost\n|-boost|p1a: Emu War|spe|1\n|upkeep\n|turn|5\n|\n|t:|1698769212\n|move|p1a: Emu War|Dazzling Gleam|p2a: Wo-Chien\n|-supereffective|p2a: Wo-Chien\n|-crit|p2a: Wo-Chien\n|-damage|p2a: Wo-Chien|24\/100\n|move|p2a: Wo-Chien|Leech Seed|p1a: Emu War\n|-start|p1a: Emu War|move: Leech Seed\n|\n|-heal|p2a: Wo-Chien|30\/100|[from] item: Leftovers\n|-damage|p1a: Emu War|4\/100|[from] Leech Seed|[of] p2a: Wo-Chien\n|-heal|p2a: Wo-Chien|42\/100|[silent]\n|-ability|p1a: Emu War|Speed Boost|boost\n|-boost|p1a: Emu War|spe|1\n|upkeep\n|turn|6\n|\n|t:|1698769247\n|move|p1a: Emu War|Dazzling Gleam|p2a: Wo-Chien\n|-supereffective|p2a: Wo-Chien\n|-damage|p2a: Wo-Chien|0 fnt\n|faint|p2a: Wo-Chien\n|\n|-ability|p1a: Emu War|Speed Boost|boost\n|-boost|p1a: Emu War|spe|1\n|upkeep\n|\n|t:|1698769263\n|switch|p2a: Dialga|Dialga|100\/100\n|-ability|p2a: Dialga|Pressure\n|turn|7\n|\n|t:|1698769270\n|move|p1a: Emu War|Stored Power|p2a: Dialga\n|-resisted|p2a: Dialga\n|-damage|p2a: Dialga|52\/100\n|move|p2a: Dialga|Stealth Rock|p1a: Emu War\n|-sidestart|p1: XpokVEVO|move: Stealth Rock\n|\n|-heal|p2a: Dialga|58\/100|[from] item: Leftovers\n|-damage|p1a: Emu War|0 fnt|[from] Leech Seed|[of] p2a: Dialga\n|-heal|p2a: Dialga|61\/100|[silent]\n|faint|p1a: Emu War\n|upkeep\n|\n|t:|1698769292\n|switch|p1a: Aunt Fanny|Magearna|100\/100\n|-damage|p1a: Aunt Fanny|95\/100|[from] Stealth Rock\n|turn|8\n|\n|t:|1698769296\n|move|p2a: Dialga|Thunder Wave|p1a: Aunt Fanny\n|-status|p1a: Aunt Fanny|par\n|cant|p1a: Aunt Fanny|par\n|\n|-heal|p2a: Dialga|67\/100|[from] item: Leftovers\n|upkeep\n|turn|9\n|\n|t:|1698769300\n|cant|p1a: Aunt Fanny|par\n|move|p2a: Dialga|Roar|p1a: Aunt Fanny\n|drag|p1a: Princess|Zacian, shiny|100\/100\n|-damage|p1a: Princess|88\/100|[from] Stealth Rock\n|-ability|p1a: Princess|Intrepid Sword|boost\n|-boost|p1a: Princess|atk|1\n|\n|-heal|p2a: Dialga|74\/100|[from] item: Leftovers\n|upkeep\n|turn|10\n|\n|t:|1698769320\n|-terastallize|p2a: Dialga|Ghost\n|move|p1a: Princess|Close Combat|p2a: Dialga\n|-immune|p2a: Dialga\n|move|p2a: Dialga|Roar|p1a: Princess\n|drag|p1a: Aunt Fanny|Magearna|95\/100 par\n|-damage|p1a: Aunt Fanny|89\/100 par|[from] Stealth Rock\n|\n|-heal|p2a: Dialga|80\/100|[from] item: Leftovers\n|upkeep\n|turn|11\n|\n|t:|1698769333\n|move|p1a: Aunt Fanny|Thunder Wave|p2a: Dialga\n|-status|p2a: Dialga|par\n|move|p2a: Dialga|Roar|p1a: Aunt Fanny\n|drag|p1a: Ar\u0441eus-Fighting|Arceus-Fire, shiny|100\/100\n|-damage|p1a: Ar\u0441eus-Fighting|76\/100|[from] Stealth Rock\n|\n|-heal|p2a: Dialga|86\/100 par|[from] item: Leftovers\n|upkeep\n|turn|12\n|\n|t:|1698769342\n|move|p1a: Ar\u0441eus-Fighting|Dragon Dance|p1a: Ar\u0441eus-Fighting\n|-boost|p1a: Ar\u0441eus-Fighting|atk|1\n|-boost|p1a: Ar\u0441eus-Fighting|spe|1\n|cant|p2a: Dialga|par\n|\n|-heal|p2a: Dialga|92\/100 par|[from] item: Leftovers\n|upkeep\n|turn|13\n|\n|t:|1698769348\n|move|p1a: Ar\u0441eus-Fighting|Dragon Dance|p1a: Ar\u0441eus-Fighting\n|-boost|p1a: Ar\u0441eus-Fighting|atk|1\n|-boost|p1a: Ar\u0441eus-Fighting|spe|1\n|move|p2a: Dialga|Roar|p1a: Ar\u0441eus-Fighting\n|drag|p1a: Princess|Zacian, shiny|88\/100\n|-damage|p1a: Princess|76\/100|[from] Stealth Rock\n|\n|-heal|p2a: Dialga|98\/100 par|[from] item: Leftovers\n|upkeep\n|turn|14\n|\n|t:|1698769358\n|move|p1a: Princess|Swords Dance|p1a: Princess\n|-boost|p1a: Princess|atk|2\n|cant|p2a: Dialga|par\n|\n|-heal|p2a: Dialga|100\/100 par|[from] item: Leftovers\n|upkeep\n|turn|15\n|\n|t:|1698769362\n|move|p1a: Princess|Play Rough|p2a: Dialga|[miss]\n|-miss|p1a: Princess|p2a: Dialga\n|move|p2a: Dialga|Roar|p1a: Princess\n|drag|p1a: Aunt Fanny|Magearna|89\/100 par\n|-damage|p1a: Aunt Fanny|83\/100 par|[from] Stealth Rock\n|\n|upkeep\n|turn|16\n|\n|t:|1698769378\n|move|p1a: Aunt Fanny|Fleur Cannon|p2a: Dialga\n|-damage|p2a: Dialga|34\/100 par\n|-unboost|p1a: Aunt Fanny|spa|2\n|move|p2a: Dialga|Roar|p1a: Aunt Fanny\n|drag|p1a: Princess|Zacian, shiny|76\/100\n|-damage|p1a: Princess|64\/100|[from] Stealth Rock\n|\n|-heal|p2a: Dialga|41\/100 par|[from] item: Leftovers\n|upkeep\n|turn|17\n|\n|t:|1698769386\n|move|p1a: Princess|Swords Dance|p1a: Princess\n|-boost|p1a: Princess|atk|2\n|move|p2a: Dialga|Thunder Wave|p1a: Princess\n|-status|p1a: Princess|par\n|\n|-heal|p2a: Dialga|47\/100 par|[from] item: Leftovers\n|upkeep\n|turn|18\n|\n|t:|1698769393\n|move|p1a: Princess|Play Rough|p2a: Dialga\n|-damage|p2a: Dialga|0 fnt\n|faint|p2a: Dialga\n|-damage|p1a: Princess|54\/100 par|[from] item: Life Orb\n|\n|upkeep\n|\n|t:|1698769397\n|switch|p2a: Sneasler|Sneasler, M|100\/100\n|turn|19\n|\n|t:|1698769402\n|move|p2a: Sneasler|Dire Claw|p1a: Princess\n|-supereffective|p1a: Princess\n|-damage|p1a: Princess|0 fnt\n|faint|p1a: Princess\n|\n|upkeep\n|\n|t:|1698769406\n|switch|p1a: Aunt Fanny|Magearna|83\/100 par\n|-damage|p1a: Aunt Fanny|77\/100 par|[from] Stealth Rock\n|turn|20\n|\n|t:|1698769411\n|switch|p2a: Magearna|Magearna|100\/100\n|move|p1a: Aunt Fanny|Thunder Wave|p2a: Magearna\n|-status|p2a: Magearna|par\n|\n|upkeep\n|turn|21\n|\n|t:|1698769416\n|switch|p1a: Ar\u0441eus-Fighting|Arceus-Fire, shiny|76\/100\n|-damage|p1a: Ar\u0441eus-Fighting|51\/100|[from] Stealth Rock\n|move|p2a: Magearna|Spikes|p1a: Ar\u0441eus-Fighting\n|-sidestart|p1: XpokVEVO|Spikes\n|\n|upkeep\n|turn|22\n|\n|t:|1698769421\n|move|p1a: Ar\u0441eus-Fighting|Dragon Dance|p1a: Ar\u0441eus-Fighting\n|-boost|p1a: Ar\u0441eus-Fighting|atk|1\n|-boost|p1a: Ar\u0441eus-Fighting|spe|1\n|move|p2a: Magearna|Volt Switch|p1a: Ar\u0441eus-Fighting\n|-damage|p1a: Ar\u0441eus-Fighting|38\/100\n|\n|t:|1698769427\n|switch|p2a: Sneasler|Sneasler, M|100\/100|[from] Volt Switch\n|\n|upkeep\n|turn|23\n|\n|t:|1698769433\n|move|p2a: Sneasler|Close Combat|p1a: Ar\u0441eus-Fighting\n|-damage|p1a: Ar\u0441eus-Fighting|0 fnt\n|-unboost|p2a: Sneasler|def|1\n|-unboost|p2a: Sneasler|spd|1\n|faint|p1a: Ar\u0441eus-Fighting\n|\n|upkeep\n|\n|t:|1698769436\n|switch|p1a: Roaring Peak|Roaring Moon|100\/100\n|-damage|p1a: Roaring Peak|88\/100|[from] Stealth Rock\n|-damage|p1a: Roaring Peak|75\/100|[from] Spikes\n|-enditem|p1a: Roaring Peak|Booster Energy\n|-activate|p1a: Roaring Peak|ability: Protosynthesis|[fromitem]\n|-start|p1a: Roaring Peak|protosynthesisspe\n|turn|24\n|\n|t:|1698769442\n|-terastallize|p1a: Roaring Peak|Flying\n|move|p2a: Sneasler|Close Combat|p1a: Roaring Peak\n|-resisted|p1a: Roaring Peak\n|-damage|p1a: Roaring Peak|40\/100\n|-unboost|p2a: Sneasler|def|1\n|-unboost|p2a: Sneasler|spd|1\n|-status|p1a: Roaring Peak|psn|[from] ability: Poison Touch|[of] p2a: Sneasler\n|move|p1a: Roaring Peak|Dragon Dance|p1a: Roaring Peak\n|-boost|p1a: Roaring Peak|atk|1\n|-boost|p1a: Roaring Peak|spe|1\n|\n|-damage|p1a: Roaring Peak|27\/100 psn|[from] psn\n|upkeep\n|turn|25\n|c|\u2606XpokVEVO|Oh my god\n|c|\u26061P1o1s1h1e1|real\n|\n|t:|1698769458\n|switch|p2a: Arceus|Arceus-Poison|100\/100\n|move|p1a: Roaring Peak|Acrobatics|p2a: Arceus\n|-damage|p2a: Arceus|50\/100\n|\n|-damage|p1a: Roaring Peak|15\/100 psn|[from] psn\n|upkeep\n|turn|26\n|\n|t:|1698769474\n|move|p1a: Roaring Peak|Acrobatics|p2a: Arceus\n|-damage|p2a: Arceus|0 fnt\n|faint|p2a: Arceus\n|\n|-damage|p1a: Roaring Peak|2\/100 psn|[from] psn\n|upkeep\n|\n|t:|1698769477\n|switch|p2a: Magearna|Magearna|100\/100 par\n|turn|27\n|\n|t:|1698769480\n|move|p1a: Roaring Peak|Earthquake|p2a: Magearna\n|-supereffective|p2a: Magearna\n|-damage|p2a: Magearna|4\/100 par\n|move|p2a: Magearna|Volt Switch|p1a: Roaring Peak\n|-supereffective|p1a: Roaring Peak\n|-damage|p1a: Roaring Peak|0 fnt\n|faint|p1a: Roaring Peak\n|-ability|p2a: Magearna|Soul-Heart|boost\n|-boost|p2a: Magearna|spa|1\n|-end|p1a: Roaring Peak|Protosynthesis|[silent]\n|\n|t:|1698769484\n|switch|p2a: Sneasler|Sneasler, M|100\/100|[from] Volt Switch\n|\n|upkeep\n|\n|t:|1698769487\n|switch|p1a: Aunt Fanny|Magearna|77\/100 par\n|-damage|p1a: Aunt Fanny|71\/100 par|[from] Stealth Rock\n|-damage|p1a: Aunt Fanny|58\/100 par|[from] Spikes\n|turn|28\n|\n|t:|1698769494\n|move|p2a: Sneasler|U-turn|p1a: Aunt Fanny\n|-resisted|p1a: Aunt Fanny\n|-damage|p1a: Aunt Fanny|52\/100 par\n|\n|t:|1698769497\n|switch|p2a: Magearna|Magearna|4\/100 par|[from] U-turn\n|move|p1a: Aunt Fanny|Fleur Cannon|p2a: Magearna\n|-resisted|p2a: Magearna\n|-damage|p2a: Magearna|0 fnt\n|-unboost|p1a: Aunt Fanny|spa|2\n|faint|p2a: Magearna\n|-ability|p1a: Aunt Fanny|Soul-Heart|boost\n|-boost|p1a: Aunt Fanny|spa|1\n|\n|upkeep\n|\n|t:|1698769504\n|switch|p2a: Sneasler|Sneasler, M|100\/100\n|turn|29\n|\n|t:|1698769506\n|move|p2a: Sneasler|Close Combat|p1a: Aunt Fanny\n|-damage|p1a: Aunt Fanny|0 fnt\n|-unboost|p2a: Sneasler|def|1\n|-unboost|p2a: Sneasler|spd|1\n|faint|p1a: Aunt Fanny\n|\n|win|1P1o1s1h1e1\n|c|\u26061P1o1s1h1e1|gg\n|l|\u2606XpokVEVO\n|c|\u26061P1o1s1h1e1|1P1o1s1h1e1\n|c|\u26061P1o1s1h1e1|wait\n|c|\u26061P1o1s1h1e1|https:\/\/pokepast.es\/468c2203a0dc602b\n","uploadtime":1698769519,"views":11,"p1id":"xpokvevo","p2id":"1p1o1s1h1e1","formatid":"gen9ubers","rating":0,"private":0,"password":""}