{"id":"gen9ubers-1991684688","p1":"FerrothornFembots","p2":"Talonflameredwings","format":"[Gen 9] Ubers","log":"|j|\u2606FerrothornFembots\n|j|\u2606Talonflameredwings\n|t:|1700102411\n|gametype|singles\n|player|p1|FerrothornFembots|skierf-gen4dp|\n|player|p2|Talonflameredwings|ghetsis-gen5bw|\n|teamsize|p1|6\n|teamsize|p2|6\n|gen|9\n|tier|[Gen 9] Ubers\n|rule|Sleep Clause Mod: Limit one foe put to sleep\n|rule|Species Clause: Limit one of each Pok\u00e9mon\n|rule|OHKO Clause: OHKO moves are banned\n|rule|Evasion Items Clause: Evasion items are banned\n|rule|Evasion Moves Clause: Evasion moves are banned\n|rule|Endless Battle Clause: Forcing endless battles is banned\n|rule|HP Percentage Mod: HP is shown in percentages\n|clearpoke\n|poke|p1|Bronzong|\n|poke|p1|Shaymin-Sky|\n|poke|p1|Armarouge, F|\n|poke|p1|Iron Valiant|\n|poke|p1|Darkrai|\n|poke|p1|Ditto|\n|poke|p2|Arboliva, M|\n|poke|p2|Sandy Shocks|\n|poke|p2|Walking Wake|\n|poke|p2|Zarude|\n|poke|p2|Sneasler, M|\n|poke|p2|Eelektross, M|\n|teampreview\n|j| Crabbrawlers\n|\n|t:|1700102483\n|start\n|switch|p1a: TinCanMan|Bronzong, shiny|100\/100\n|switch|p2a: Sandy Shocks|Sandy Shocks|100\/100\n|turn|1\n|\n|t:|1700102501\n|move|p2a: Sandy Shocks|Stealth Rock|p1a: TinCanMan\n|-sidestart|p1: FerrothornFembots|move: Stealth Rock\n|move|p1a: TinCanMan|Stealth Rock|p2a: Sandy Shocks\n|-sidestart|p2: Talonflameredwings|move: Stealth Rock\n|\n|upkeep\n|turn|2\n|\n|t:|1700102509\n|move|p2a: Sandy Shocks|Spikes|p1a: TinCanMan\n|-sidestart|p1: FerrothornFembots|Spikes\n|move|p1a: TinCanMan|Reflect|p1a: TinCanMan\n|-sidestart|p1: FerrothornFembots|Reflect\n|\n|upkeep\n|turn|3\n|\n|t:|1700102515\n|move|p2a: Sandy Shocks|Spikes|p1a: TinCanMan\n|-sidestart|p1: FerrothornFembots|Spikes\n|move|p1a: TinCanMan|Light Screen|p1a: TinCanMan\n|-sidestart|p1: FerrothornFembots|move: Light Screen\n|\n|upkeep\n|turn|4\n|\n|t:|1700102523\n|move|p2a: Sandy Shocks|Spikes|p1a: TinCanMan\n|-sidestart|p1: FerrothornFembots|Spikes\n|move|p1a: TinCanMan|Iron Head|p2a: Sandy Shocks\n|-resisted|p2a: Sandy Shocks\n|-damage|p2a: Sandy Shocks|85\/100\n|\n|upkeep\n|turn|5\n|\n|t:|1700102559\n|switch|p1a: ShoulderPads|Armarouge, F, shiny|100\/100\n|move|p2a: Sandy Shocks|Earth Power|p1a: ShoulderPads\n|-supereffective|p1a: ShoulderPads\n|-damage|p1a: ShoulderPads|58\/100\n|\n|upkeep\n|turn|6\n|\n|t:|1700102585\n|move|p2a: Sandy Shocks|Earth Power|p1a: ShoulderPads\n|-supereffective|p1a: ShoulderPads\n|-damage|p1a: ShoulderPads|15\/100\n|move|p1a: ShoulderPads|Calm Mind|p1a: ShoulderPads\n|-boost|p1a: ShoulderPads|spa|1\n|-boost|p1a: ShoulderPads|spd|1\n|\n|-sideend|p1: FerrothornFembots|Reflect\n|upkeep\n|turn|7\n|\n|t:|1700102600\n|-terastallize|p1a: ShoulderPads|Dragon\n|move|p2a: Sandy Shocks|Earth Power|p1a: ShoulderPads\n|-damage|p1a: ShoulderPads|0 fnt\n|faint|p1a: ShoulderPads\n|\n|-sideend|p1: FerrothornFembots|move: Light Screen\n|upkeep\n|\n|t:|1700102627\n|switch|p1a: NiteMare|Darkrai, shiny|100\/100\n|-damage|p1a: NiteMare|88\/100|[from] Stealth Rock\n|-damage|p1a: NiteMare|63\/100|[from] Spikes\n|turn|8\n|\n|t:|1700102648\n|move|p1a: NiteMare|Ice Beam|p2a: Sandy Shocks\n|-supereffective|p2a: Sandy Shocks\n|-damage|p2a: Sandy Shocks|2\/100\n|-damage|p1a: NiteMare|53\/100|[from] item: Life Orb\n|move|p2a: Sandy Shocks|Volt Switch|p1a: NiteMare\n|-damage|p1a: NiteMare|12\/100\n|\n|t:|1700102683\n|-end|p2a: Sandy Shocks|Protosynthesis|[silent]\n|switch|p2a: Sneasler|Sneasler, M|100\/100|[from] Volt Switch\n|-damage|p2a: Sneasler|95\/100|[from] Stealth Rock\n|\n|upkeep\n|turn|9\n|\n|t:|1700102709\n|move|p2a: Sneasler|Fake Out|p1a: NiteMare\n|-damage|p1a: NiteMare|0 fnt\n|faint|p1a: NiteMare\n|\n|upkeep\n|\n|t:|1700102734\n|switch|p1a: Bambi|Shaymin-Sky, shiny|100\/100\n|-damage|p1a: Bambi|76\/100|[from] Stealth Rock\n|turn|10\n|\n|t:|1700102754\n|switch|p2a: Sandy Shocks|Sandy Shocks|2\/100\n|-damage|p2a: Sandy Shocks|0 fnt|[from] Stealth Rock\n|faint|p2a: Sandy Shocks\n|-end|p2a: Sandy Shocks|Protosynthesis|[silent]\n|move|p1a: Bambi|Air Slash|p2: Sandy Shocks|[notarget]\n|-fail|p1a: Bambi\n|\n|-heal|p1a: Bambi|82\/100|[from] item: Leftovers\n|upkeep\n|\n|t:|1700102791\n|switch|p2a: Sneasler|Sneasler, M|95\/100\n|-damage|p2a: Sneasler|89\/100|[from] Stealth Rock\n|turn|11\n|\n|t:|1700102805\n|move|p2a: Sneasler|Fake Out|p1a: Bambi\n|-damage|p1a: Bambi|62\/100\n|cant|p1a: Bambi|flinch\n|\n|-heal|p1a: Bambi|69\/100|[from] item: Leftovers\n|upkeep\n|turn|12\n|\n|t:|1700102826\n|switch|p2a: Eelektross|Eelektross, M|100\/100\n|-damage|p2a: Eelektross|88\/100|[from] Stealth Rock\n|move|p1a: Bambi|Air Slash|p2a: Eelektross\n|-resisted|p2a: Eelektross\n|-damage|p2a: Eelektross|68\/100\n|\n|-heal|p1a: Bambi|75\/100|[from] item: Leftovers\n|-heal|p2a: Eelektross|74\/100|[from] item: Leftovers\n|upkeep\n|turn|13\n|\n|t:|1700102844\n|move|p1a: Bambi|Earth Power|p2a: Eelektross\n|-immune|p2a: Eelektross|[from] ability: Levitate\n|move|p2a: Eelektross|Volt Switch|p1a: Bambi\n|-damage|p1a: Bambi|32\/100\n|\n|t:|1700102852\n|switch|p2a: Arboliva|Arboliva, M|100\/100|[from] Volt Switch\n|-damage|p2a: Arboliva|88\/100|[from] Stealth Rock\n|\n|-heal|p1a: Bambi|38\/100|[from] item: Leftovers\n|upkeep\n|turn|14\n|\n|t:|1700102867\n|move|p1a: Bambi|Air Slash|p2a: Arboliva\n|-supereffective|p2a: Arboliva\n|-damage|p2a: Arboliva|26\/100\n|-fieldstart|move: Grassy Terrain|[from] ability: Seed Sower|[of] p2a: Arboliva\n|cant|p2a: Arboliva|flinch\n|\n|-heal|p1a: Bambi|44\/100|[from] item: Leftovers\n|-heal|p2a: Arboliva|33\/100|[from] Grassy Terrain\n|upkeep\n|turn|15\n|\n|t:|1700102885\n|-terastallize|p2a: Arboliva|Ground\n|move|p1a: Bambi|Air Slash|p2a: Arboliva\n|-damage|p2a: Arboliva|2\/100\n|move|p2a: Arboliva|Synthesis|p2a: Arboliva\n|-heal|p2a: Arboliva|52\/100\n|\n|-heal|p1a: Bambi|51\/100|[from] item: Leftovers\n|-heal|p2a: Arboliva|58\/100|[from] Grassy Terrain\n|upkeep\n|turn|16\n|\n|t:|1700102896\n|move|p1a: Bambi|Seed Flare|p2a: Arboliva\n|-supereffective|p2a: Arboliva\n|-damage|p2a: Arboliva|0 fnt\n|faint|p2a: Arboliva\n|\n|-heal|p1a: Bambi|57\/100|[from] item: Leftovers\n|upkeep\n|\n|t:|1700102909\n|switch|p2a: Walking Wake|Walking Wake|100\/100\n|-damage|p2a: Walking Wake|88\/100|[from] Stealth Rock\n|turn|17\n|\n|t:|1700102919\n|move|p1a: Bambi|Seed Flare|p2a: Walking Wake\n|-damage|p2a: Walking Wake|27\/100\n|move|p2a: Walking Wake|Flamethrower|p1a: Bambi\n|-supereffective|p1a: Bambi\n|-damage|p1a: Bambi|0 fnt\n|faint|p1a: Bambi\n|\n|-heal|p2a: Walking Wake|33\/100|[from] Grassy Terrain\n|upkeep\n|\n|t:|1700102937\n|switch|p1a: TinCanMan|Bronzong, shiny|100\/100\n|-damage|p1a: TinCanMan|94\/100|[from] Stealth Rock\n|turn|18\n|\n|t:|1700102943\n|move|p2a: Walking Wake|Flamethrower|p1a: TinCanMan\n|-supereffective|p1a: TinCanMan\n|-damage|p1a: TinCanMan|0 fnt\n|faint|p1a: TinCanMan\n|\n|-heal|p2a: Walking Wake|39\/100|[from] Grassy Terrain\n|-fieldend|move: Grassy Terrain\n|upkeep\n|\n|t:|1700102962\n|switch|p1a: DiddlySquat|Iron Valiant, shiny|100\/100\n|-damage|p1a: DiddlySquat|94\/100|[from] Stealth Rock\n|-damage|p1a: DiddlySquat|69\/100|[from] Spikes\n|turn|19\n|\n|t:|1700102992\n|move|p1a: DiddlySquat|Knock Off|p2a: Walking Wake\n|-damage|p2a: Walking Wake|13\/100\n|-enditem|p2a: Walking Wake|Choice Specs|[from] move: Knock Off|[of] p1a: DiddlySquat\n|move|p2a: Walking Wake|Flamethrower|p1a: DiddlySquat\n|-damage|p1a: DiddlySquat|10\/100\n|\n|upkeep\n|turn|20\n|\n|t:|1700103012\n|move|p1a: DiddlySquat|Knock Off|p2a: Walking Wake\n|-damage|p2a: Walking Wake|0 fnt\n|faint|p2a: Walking Wake\n|-end|p2a: Walking Wake|Protosynthesis|[silent]\n|\n|upkeep\n|\n|t:|1700103022\n|switch|p2a: Sneasler|Sneasler, M|89\/100\n|-damage|p2a: Sneasler|83\/100|[from] Stealth Rock\n|turn|21\n|\n|t:|1700103028\n|move|p2a: Sneasler|Fake Out|p1a: DiddlySquat\n|-damage|p1a: DiddlySquat|0 fnt\n|faint|p1a: DiddlySquat\n|-end|p1a: DiddlySquat|Quark Drive|[silent]\n|\n|upkeep\n|\n|t:|1700103032\n|switch|p1a: ImYou|Ditto, shiny|100\/100\n|-damage|p1a: ImYou|88\/100|[from] Stealth Rock\n|-damage|p1a: ImYou|64\/100|[from] Spikes\n|-transform|p1a: ImYou|p2a: Sneasler|[from] ability: Imposter\n|turn|22\n|\n|t:|1700103060\n|switch|p2a: Eelektross|Eelektross, M|74\/100\n|-damage|p2a: Eelektross|62\/100|[from] Stealth Rock\n|move|p1a: ImYou|Fake Out|p2a: Eelektross\n|-damage|p2a: Eelektross|45\/100\n|\n|-heal|p2a: Eelektross|51\/100|[from] item: Leftovers\n|upkeep\n|turn|23\n|\n|t:|1700103077\n|move|p1a: ImYou|Fake Out||[still]\n|-hint|Fake Out only works on your first turn out.\n|-fail|p1a: ImYou\n|move|p2a: Eelektross|Coil|p2a: Eelektross\n|-boost|p2a: Eelektross|atk|1\n|-boost|p2a: Eelektross|def|1\n|-boost|p2a: Eelektross|accuracy|1\n|\n|-heal|p2a: Eelektross|57\/100|[from] item: Leftovers\n|upkeep\n|turn|24\n|\n|t:|1700103086\n|move|p1a: ImYou|Fake Out||[still]\n|-hint|Fake Out only works on your first turn out.\n|-fail|p1a: ImYou\n|move|p2a: Eelektross|Coil|p2a: Eelektross\n|-boost|p2a: Eelektross|atk|1\n|-boost|p2a: Eelektross|def|1\n|-boost|p2a: Eelektross|accuracy|1\n|\n|-heal|p2a: Eelektross|64\/100|[from] item: Leftovers\n|upkeep\n|turn|25\n|\n|t:|1700103095\n|move|p1a: ImYou|Fake Out||[still]\n|-hint|Fake Out only works on your first turn out.\n|-fail|p1a: ImYou\n|move|p2a: Eelektross|Coil|p2a: Eelektross\n|-boost|p2a: Eelektross|atk|1\n|-boost|p2a: Eelektross|def|1\n|-boost|p2a: Eelektross|accuracy|1\n|\n|-heal|p2a: Eelektross|70\/100|[from] item: Leftovers\n|upkeep\n|turn|26\n|\n|t:|1700103106\n|move|p1a: ImYou|Fake Out||[still]\n|-hint|Fake Out only works on your first turn out.\n|-fail|p1a: ImYou\n|move|p2a: Eelektross|Drain Punch|p1a: ImYou\n|-resisted|p1a: ImYou\n|-damage|p1a: ImYou|15\/100\n|-heal|p2a: Eelektross|85\/100|[from] drain|[of] p1a: ImYou\n|\n|-heal|p2a: Eelektross|91\/100|[from] item: Leftovers\n|upkeep\n|turn|27\n|\n|t:|1700103116\n|-activate|p1a: ImYou|move: Struggle\n|move|p1a: ImYou|Struggle|p2a: Eelektross\n|-damage|p2a: Eelektross|83\/100\n|-damage|p1a: ImYou|0 fnt|[from] recoil\n|faint|p1a: ImYou\n|\n|win|Talonflameredwings\n","uploadtime":1700104219,"views":7,"p1id":"ferrothornfembots","p2id":"talonflameredwings","formatid":"gen9ubers","rating":0,"private":0,"password":""}