{"id":"gen9ubers-1974694200","p1":"efwin2763","p2":"AlicieLizzie","format":"[Gen 9] Ubers","log":"|j|\u2606efwin2763\n|j|\u2606AlicieLizzie\n|t:|1698111266\n|gametype|singles\n|player|p1|efwin2763|ghetsis-gen5bw|\n|player|p2|AlicieLizzie|marnie-masters3|\n|teamsize|p1|6\n|teamsize|p2|6\n|gen|9\n|tier|[Gen 9] Ubers\n|rule|Sleep Clause Mod: Limit one foe put to sleep\n|rule|Species Clause: Limit one of each Pok\u00e9mon\n|rule|OHKO Clause: OHKO moves are banned\n|rule|Evasion Items Clause: Evasion items are banned\n|rule|Evasion Moves Clause: Evasion moves are banned\n|rule|Endless Battle Clause: Forcing endless battles is banned\n|rule|HP Percentage Mod: HP is shown in percentages\n|clearpoke\n|poke|p1|Palkia-Origin|\n|poke|p1|Chi-Yu|\n|poke|p1|Alomomola, M|\n|poke|p1|Giratina|\n|poke|p1|Heatran, M|\n|poke|p1|Zamazenta-*|\n|poke|p2|Cyclizar, M|\n|poke|p2|Kommo-o, M|\n|poke|p2|Dondozo, M|\n|poke|p2|Shaymin-Sky|\n|poke|p2|Gholdengo|\n|poke|p2|Zacian-*|\n|teampreview\n|inactive|Battle timer is ON: inactive players will automatically lose when time's up. (requested by efwin2763)\n|inactive|AlicieLizzie also wants the timer to be on.\n|\n|t:|1698111275\n|start\n|switch|p1a: Heatran|Heatran, M|100\/100\n|switch|p2a: Cycle Dryer|Cyclizar, M|100\/100\n|turn|1\n|\n|t:|1698111281\n|move|p2a: Cycle Dryer|Shed Tail|p2a: Cycle Dryer\n|-start|p2a: Cycle Dryer|Substitute|[from] move: Shed Tail\n|-damage|p2a: Cycle Dryer|50\/100\n|\n|t:|1698111286\n|switch|p2a: Kommo-OH NO|Kommo-o, M|100\/100|[from] Shed Tail\n|move|p1a: Heatran|Stealth Rock|p2a: Kommo-OH NO\n|-sidestart|p2: AlicieLizzie|move: Stealth Rock\n|\n|upkeep\n|turn|2\n|\n|t:|1698111289\n|switch|p1a: Giratina|Giratina|100\/100\n|-ability|p1a: Giratina|Pressure\n|move|p2a: Kommo-OH NO|Clangorous Soul|p2a: Kommo-OH NO\n|-boost|p2a: Kommo-OH NO|atk|1\n|-boost|p2a: Kommo-OH NO|def|1\n|-boost|p2a: Kommo-OH NO|spa|1\n|-boost|p2a: Kommo-OH NO|spd|1\n|-boost|p2a: Kommo-OH NO|spe|1\n|-damage|p2a: Kommo-OH NO|68\/100\n|-enditem|p2a: Kommo-OH NO|Throat Spray\n|-boost|p2a: Kommo-OH NO|spa|1|[from] item: Throat Spray\n|\n|upkeep\n|turn|3\n|\n|t:|1698111302\n|-terastallize|p1a: Giratina|Fairy\n|move|p2a: Kommo-OH NO|Clanging Scales|p1a: Giratina\n|-immune|p1a: Giratina\n|move|p1a: Giratina|Roar|p2a: Kommo-OH NO\n|-immune|p2a: Kommo-OH NO|[from] ability: Soundproof\n|\n|upkeep\n|turn|4\n|\n|t:|1698111310\n|-terastallize|p2a: Kommo-OH NO|Normal\n|move|p2a: Kommo-OH NO|Boomburst|p1a: Giratina\n|-damage|p1a: Giratina|50\/100\n|move|p1a: Giratina|Hex|p2a: Kommo-OH NO\n|-immune|p2a: Kommo-OH NO\n|\n|-heal|p1a: Giratina|56\/100|[from] item: Leftovers\n|upkeep\n|turn|5\n|\n|t:|1698111322\n|switch|p1a: Zamazenta|Zamazenta-Crowned|100\/100\n|-ability|p1a: Zamazenta|Dauntless Shield|boost\n|-boost|p1a: Zamazenta|def|1\n|move|p2a: Kommo-OH NO|Boomburst|p1a: Zamazenta\n|-resisted|p1a: Zamazenta\n|-damage|p1a: Zamazenta|57\/100\n|\n|upkeep\n|turn|6\n|\n|t:|1698111331\n|switch|p1a: Giratina|Giratina, tera:Fairy|56\/100\n|-ability|p1a: Giratina|Pressure\n|move|p2a: Kommo-OH NO|Aura Sphere|p1a: Giratina\n|-resisted|p1a: Giratina\n|-damage|p1a: Giratina|41\/100\n|\n|-heal|p1a: Giratina|48\/100|[from] item: Leftovers\n|upkeep\n|turn|7\n|\n|t:|1698111342\n|switch|p1a: Chi-Yu|Chi-Yu|100\/100\n|-ability|p1a: Chi-Yu|Beads of Ruin\n|move|p2a: Kommo-OH NO|Boomburst|p1a: Chi-Yu\n|-damage|p1a: Chi-Yu|0 fnt\n|faint|p1a: Chi-Yu\n|\n|upkeep\n|\n|t:|1698111344\n|switch|p1a: Zamazenta|Zamazenta-Crowned|57\/100\n|turn|8\n|\n|t:|1698111350\n|move|p2a: Kommo-OH NO|Aura Sphere|p1a: Zamazenta\n|-supereffective|p1a: Zamazenta\n|-damage|p1a: Zamazenta|0 fnt\n|faint|p1a: Zamazenta\n|\n|upkeep\n|c|\u2606efwin2763|can you send me this team\n|c|\u2606efwin2763|i really want to try this\n|c|\u2606AlicieLizzie|no it's copyrighted\n|c|\u2606AlicieLizzie|sure lmao\n|inactive|efwin2763 has 270 seconds left.\n|c|\u2606AlicieLizzie|get kommo-o usage up\n|c|\u2606efwin2763|bet\n|c|\u2606AlicieLizzie|the propaganda\n|c|\u2606efwin2763|lol\n|inactive|efwin2763 has 240 seconds left.\n|c|\u2606efwin2763|we need a jimothy cool \"how kommo-o took over uubers\" video\n|c|\u2606AlicieLizzie|TRUE\n|\n|t:|1698111429\n|switch|p1a: Giratina|Giratina, tera:Fairy|48\/100\n|-ability|p1a: Giratina|Pressure\n|turn|9\n|\n|t:|1698111434\n|move|p2a: Kommo-OH NO|Boomburst|p1a: Giratina\n|-damage|p1a: Giratina|0 fnt\n|faint|p1a: Giratina\n|\n|upkeep\n|\n|t:|1698111438\n|switch|p1a: Palkia|Palkia-Origin|100\/100\n|-ability|p1a: Palkia|Pressure\n|turn|10\n|\n|t:|1698111444\n|move|p2a: Kommo-OH NO|Clanging Scales|p1a: Palkia\n|-supereffective|p1a: Palkia\n|-damage|p1a: Palkia|0 fnt\n|faint|p1a: Palkia\n|-unboost|p2a: Kommo-OH NO|def|1\n|\n|upkeep\n|inactive|efwin2763 has 240 seconds left.\n|c|\u2606efwin2763|so can you just give me the link\n|\n|t:|1698111464\n|switch|p1a: Heatran|Heatran, M|100\/100\n|turn|11\n|c|\u2606AlicieLizzie|i sent you the team on discord\n|c|\u2606efwin2763|oh ok\n|\n|t:|1698111476\n|move|p2a: Kommo-OH NO|Aura Sphere|p1a: Heatran\n|-supereffective|p1a: Heatran\n|-damage|p1a: Heatran|0 fnt\n|faint|p1a: Heatran\n|\n|upkeep\n|inactive|efwin2763 has 240 seconds left.\n|c|\u2606efwin2763|these names are amazing\n|c|\u2606AlicieLizzie|thank you\n|inactive|efwin2763 has 210 seconds left.\n|c|\u2606AlicieLizzie|i sadly had to leave out magqueerna and palafinal fantasy\n|inactive|efwin2763 has 180 seconds left.\n|c|\u2606efwin2763|lol\n|\n|t:|1698111568\n|switch|p1a: Alomomola|Alomomola, M|100\/100\n|turn|12\n|c|\u2606efwin2763|aight gg\n|\n|t:|1698111574\n|move|p2a: Kommo-OH NO|Boomburst|p1a: Alomomola\n|-damage|p1a: Alomomola|0 fnt\n|faint|p1a: Alomomola\n|\n|win|AlicieLizzie\n|c|\u2606AlicieLizzie|gg\n|c|\u2606efwin2763|should i send the vod?\n","uploadtime":1698111580,"views":23,"p1id":"efwin2763","p2id":"alicielizzie","formatid":"gen9ubers","rating":0,"private":0,"password":""}