{"id":"gen9ubers-1996260373","p1":"MeteorAsh15","p2":"lukegf11","format":"[Gen 9] Ubers","log":"|j|\u2606MeteorAsh15\n|j|\u2606lukegf11\n|t:|1700665005\n|gametype|singles\n|player|p1|MeteorAsh15|2|1118\n|player|p2|lukegf11|dawn|1000\n|teamsize|p1|6\n|teamsize|p2|6\n|gen|9\n|tier|[Gen 9] Ubers\n|rated|\n|rule|Sleep Clause Mod: Limit one foe put to sleep\n|rule|Species Clause: Limit one of each Pok\u00e9mon\n|rule|OHKO Clause: OHKO moves are banned\n|rule|Evasion Items Clause: Evasion items are banned\n|rule|Evasion Moves Clause: Evasion moves are banned\n|rule|Endless Battle Clause: Forcing endless battles is banned\n|rule|HP Percentage Mod: HP is shown in percentages\n|clearpoke\n|poke|p1|Baxcalibur, F|\n|poke|p1|Ninetales-Alola, F|\n|poke|p1|Koraidon|\n|poke|p1|Zacian-*|\n|poke|p1|Tornadus, M|\n|poke|p1|Ribombee, F|\n|poke|p2|Charizard, M|\n|poke|p2|Slowking-Galar, F|\n|poke|p2|Gengar, M|\n|poke|p2|Zamazenta-*|\n|poke|p2|Cinderace, M|\n|poke|p2|Maushold|\n|teampreview\n|\n|t:|1700665015\n|start\n|switch|p1a: Zacian|Zacian-Crowned, shiny|100\/100\n|switch|p2a: Cinderace|Cinderace, M|100\/100\n|-ability|p1a: Zacian|Intrepid Sword|boost\n|-boost|p1a: Zacian|atk|1\n|turn|1\n|inactive|Battle timer is ON: inactive players will automatically lose when time's up. (requested by MeteorAsh15)\n|\n|t:|1700665029\n|move|p1a: Zacian|Behemoth Blade|p2a: Cinderace\n|-resisted|p2a: Cinderace\n|-damage|p2a: Cinderace|47\/100\n|move|p2a: Cinderace|Pyro Ball|p1a: Zacian\n|-supereffective|p1a: Zacian\n|-damage|p1a: Zacian|0 fnt\n|faint|p1a: Zacian\n|\n|upkeep\n|\n|t:|1700665038\n|switch|p1a: Koraidon|Koraidon|100\/100\n|-weather|SunnyDay|[from] ability: Orichalcum Pulse|[of] p1a: Koraidon\n|-activate|p1a: Koraidon|Orichalcum Pulse|[source]\n|turn|2\n|j| alex3575\n|\n|t:|1700665044\n|move|p1a: Koraidon|Dragon Claw|p2a: Cinderace\n|-damage|p2a: Cinderace|0 fnt\n|faint|p2a: Cinderace\n|\n|-weather|SunnyDay|[upkeep]\n|upkeep\n|\n|t:|1700665051\n|switch|p2a: Gengar|Gengar, M|100\/100\n|turn|3\n|l| alex3575\n|\n|t:|1700665056\n|move|p1a: Koraidon|Flare Blitz|p2a: Gengar\n|-damage|p2a: Gengar|0 fnt\n|faint|p2a: Gengar\n|-damage|p1a: Koraidon|72\/100|[from] Recoil\n|\n|-weather|SunnyDay|[upkeep]\n|upkeep\n|\n|t:|1700665063\n|switch|p2a: Slowk2ing-Galar|Slowking-Galar, F|100\/100\n|turn|4\n|\n|t:|1700665075\n|move|p1a: Koraidon|Flare Blitz|p2a: Slowk2ing-Galar\n|-damage|p2a: Slowk2ing-Galar|8\/100\n|-damage|p1a: Koraidon|40\/100|[from] Recoil\n|move|p2a: Slowk2ing-Galar|Substitute|p2a: Slowk2ing-Galar\n|-fail|p2a: Slowk2ing-Galar|move: Substitute|[weak]\n|\n|-weather|SunnyDay|[upkeep]\n|-heal|p2a: Slowk2ing-Galar|14\/100|[from] item: Leftovers\n|upkeep\n|turn|5\n|\n|t:|1700665085\n|move|p1a: Koraidon|Dragon Claw|p2a: Slowk2ing-Galar\n|-damage|p2a: Slowk2ing-Galar|0 fnt\n|faint|p2a: Slowk2ing-Galar\n|\n|-weather|SunnyDay|[upkeep]\n|upkeep\n|\n|t:|1700665092\n|switch|p2a: Charizard|Charizard, M, shiny|100\/100\n|turn|6\n|\n|t:|1700665097\n|move|p1a: Koraidon|Dragon Claw|p2a: Charizard\n|-damage|p2a: Charizard|35\/100\n|move|p2a: Charizard|Fly||[still]\n|-prepare|p2a: Charizard|Fly\n|\n|-weather|none\n|upkeep\n|turn|7\n|\n|t:|1700665107\n|switch|p1a: Ribombee|Ribombee, F, shiny|100\/100\n|move|p2a: Charizard|Fly|p1a: Ribombee|[from]lockedmove|[miss]\n|-miss|p2a: Charizard|p1a: Ribombee\n|\n|upkeep\n|turn|8\n|\n|t:|1700665116\n|move|p1a: Ribombee|Sticky Web|p2a: Charizard\n|-sidestart|p2: lukegf11|move: Sticky Web\n|move|p2a: Charizard|Flame Charge|p1a: Ribombee\n|-supereffective|p1a: Ribombee\n|-damage|p1a: Ribombee|19\/100\n|-boost|p2a: Charizard|spe|1\n|\n|upkeep\n|turn|9\n|\n|t:|1700665123\n|move|p2a: Charizard|Flame Charge|p1a: Ribombee\n|-supereffective|p1a: Ribombee\n|-damage|p1a: Ribombee|0 fnt\n|-boost|p2a: Charizard|spe|1\n|faint|p1a: Ribombee\n|\n|upkeep\n|\n|t:|1700665133\n|switch|p1a: Tornadus|Tornadus, M, shiny|100\/100\n|turn|10\n|\n|t:|1700665148\n|move|p1a: Tornadus|Tailwind|p1a: Tornadus\n|-sidestart|p1: MeteorAsh15|move: Tailwind\n|move|p2a: Charizard|Flame Charge|p1a: Tornadus\n|-damage|p1a: Tornadus|77\/100\n|-boost|p2a: Charizard|spe|1\n|\n|upkeep\n|turn|11\n|\n|t:|1700665158\n|move|p2a: Charizard|Flame Charge|p1a: Tornadus\n|-damage|p1a: Tornadus|53\/100\n|-boost|p2a: Charizard|spe|1\n|move|p1a: Tornadus|Bleakwind Storm|p2a: Charizard|[miss]\n|-miss|p1a: Tornadus|p2a: Charizard\n|\n|upkeep\n|turn|12\n|\n|t:|1700665169\n|move|p2a: Charizard|Substitute|p2a: Charizard\n|-start|p2a: Charizard|Substitute\n|-damage|p2a: Charizard|10\/100\n|move|p1a: Tornadus|Bleakwind Storm|p2a: Charizard\n|-end|p2a: Charizard|Substitute\n|\n|upkeep\n|turn|13\n|\n|t:|1700665178\n|move|p2a: Charizard|Fly||[still]\n|-prepare|p2a: Charizard|Fly\n|move|p1a: Tornadus|U-turn|p2a: Charizard|[miss]\n|-miss|p1a: Tornadus|p2a: Charizard\n|\n|-sideend|p1: MeteorAsh15|move: Tailwind\n|upkeep\n|turn|14\n|\n|t:|1700665185\n|move|p1a: Tornadus|Tailwind|p1a: Tornadus\n|-sidestart|p1: MeteorAsh15|move: Tailwind\n|move|p2a: Charizard|Fly|p1a: Tornadus|[from]lockedmove\n|-damage|p1a: Tornadus|17\/100\n|\n|upkeep\n|turn|15\n|\n|t:|1700665191\n|move|p2a: Charizard|Flame Charge|p1a: Tornadus\n|-crit|p1a: Tornadus\n|-damage|p1a: Tornadus|0 fnt\n|-boost|p2a: Charizard|spe|1\n|faint|p1a: Tornadus\n|\n|upkeep\n|\n|t:|1700665200\n|switch|p1a: Ninetales|Ninetales-Alola, F|100\/100\n|-weather|Snow|[from] ability: Snow Warning|[of] p1a: Ninetales\n|turn|16\n|\n|t:|1700665206\n|move|p2a: Charizard|Flame Charge|p1a: Ninetales\n|-supereffective|p1a: Ninetales\n|-damage|p1a: Ninetales|32\/100\n|-boost|p2a: Charizard|spe|1\n|move|p1a: Ninetales|Aurora Veil|p1a: Ninetales\n|-sidestart|p1: MeteorAsh15|move: Aurora Veil\n|\n|-weather|Snow|[upkeep]\n|upkeep\n|turn|17\n|\n|t:|1700665214\n|move|p2a: Charizard|Flame Charge|p1a: Ninetales\n|-supereffective|p1a: Ninetales\n|-damage|p1a: Ninetales|0 fnt\n|faint|p1a: Ninetales\n|\n|-weather|Snow|[upkeep]\n|-sideend|p1: MeteorAsh15|move: Tailwind\n|upkeep\n|\n|t:|1700665222\n|switch|p1a: Baxcalibur|Baxcalibur, F|100\/100\n|turn|18\n|\n|t:|1700665227\n|-terastallize|p1a: Baxcalibur|Ground\n|move|p2a: Charizard|Flame Charge|p1a: Baxcalibur\n|-damage|p1a: Baxcalibur|84\/100\n|-ability|p1a: Baxcalibur|Thermal Exchange|boost\n|-boost|p1a: Baxcalibur|atk|1\n|move|p1a: Baxcalibur|Scale Shot|p2a: Charizard|[miss]\n|-miss|p1a: Baxcalibur|p2a: Charizard\n|\n|-weather|Snow|[upkeep]\n|upkeep\n|turn|19\n|\n|t:|1700665238\n|move|p2a: Charizard|Fly||[still]\n|-prepare|p2a: Charizard|Fly\n|move|p1a: Baxcalibur|Scale Shot|p2a: Charizard|[miss]\n|-miss|p1a: Baxcalibur|p2a: Charizard\n|\n|-weather|Snow|[upkeep]\n|upkeep\n|turn|20\n|\n|t:|1700665245\n|move|p2a: Charizard|Fly|p1a: Baxcalibur|[from]lockedmove\n|-damage|p1a: Baxcalibur|67\/100\n|move|p1a: Baxcalibur|Swords Dance|p1a: Baxcalibur\n|-boost|p1a: Baxcalibur|atk|2\n|\n|-weather|none\n|upkeep\n|turn|21\n|\n|t:|1700665255\n|move|p2a: Charizard|Fly||[still]\n|-prepare|p2a: Charizard|Fly\n|move|p1a: Baxcalibur|Scale Shot|p2a: Charizard|[miss]\n|-miss|p1a: Baxcalibur|p2a: Charizard\n|\n|upkeep\n|turn|22\n|\n|t:|1700665261\n|move|p2a: Charizard|Fly|p1a: Baxcalibur|[from]lockedmove\n|-damage|p1a: Baxcalibur|51\/100\n|move|p1a: Baxcalibur|Scale Shot|p2a: Charizard\n|-damage|p2a: Charizard|0 fnt\n|faint|p2a: Charizard\n|-hitcount|p2: Charizard|1\n|-unboost|p1a: Baxcalibur|def|1\n|-boost|p1a: Baxcalibur|spe|1\n|\n|upkeep\n|\n|t:|1700665274\n|switch|p2a: Zamazenta|Zamazenta-Crowned|100\/100\n|-activate|p2a: Zamazenta|move: Sticky Web\n|-unboost|p2a: Zamazenta|spe|1\n|-ability|p2a: Zamazenta|Dauntless Shield|boost\n|-boost|p2a: Zamazenta|def|1\n|turn|23\n|\n|t:|1700665281\n|move|p1a: Baxcalibur|Earthquake|p2a: Zamazenta\n|-supereffective|p2a: Zamazenta\n|-damage|p2a: Zamazenta|0 fnt\n|faint|p2a: Zamazenta\n|\n|-sideend|p1: MeteorAsh15|move: Aurora Veil\n|upkeep\n|\n|t:|1700665289\n|switch|p2a: Maushold|Maushold|100\/100\n|-activate|p2a: Maushold|move: Sticky Web\n|-unboost|p2a: Maushold|spe|1\n|turn|24\n|\n|t:|1700665295\n|move|p1a: Baxcalibur|Icicle Spear|p2a: Maushold\n|-damage|p2a: Maushold|56\/100\n|-damage|p2a: Maushold|9\/100\n|-damage|p2a: Maushold|0 fnt\n|faint|p2a: Maushold\n|-hitcount|p2: Maushold|3\n|\n|win|MeteorAsh15\n|raw|MeteorAsh15's rating: 1118 &rarr; <strong>1135<\/strong><br \/>(+17 for winning)\n|raw|lukegf11's rating: 1000 &rarr; <strong>1000<\/strong><br \/>(+0 for losing)\n|c|\u2606MeteorAsh15|Gg\n|l|\u2606lukegf11\n","uploadtime":1700665311,"views":0,"p1id":"meteorash15","p2id":"lukegf11","formatid":"gen9ubers","rating":1000,"private":0,"password":""}