{"id":"gen9ubers-1972490764","p1":"warewolflmka","p2":"Osssie","format":"[Gen 9] Ubers","log":"|j|\u2606warewolflmka\n|j|\u2606Osssie\n|t:|1697848814\n|gametype|singles\n|player|p1|warewolflmka|hiker-gen4|1095\n|player|p2|Osssie|266|1040\n|teamsize|p1|6\n|teamsize|p2|6\n|gen|9\n|tier|[Gen 9] Ubers\n|rated|\n|rule|Sleep Clause Mod: Limit one foe put to sleep\n|rule|Species Clause: Limit one of each Pok\u00e9mon\n|rule|OHKO Clause: OHKO moves are banned\n|rule|Evasion Items Clause: Evasion items are banned\n|rule|Evasion Moves Clause: Evasion moves are banned\n|rule|Endless Battle Clause: Forcing endless battles is banned\n|rule|HP Percentage Mod: HP is shown in percentages\n|clearpoke\n|poke|p1|Koraidon|\n|poke|p1|Flutter Mane|\n|poke|p1|Great Tusk|\n|poke|p1|Groudon|\n|poke|p1|Walking Wake|\n|poke|p1|Brute Bonnet|\n|poke|p2|Okidogi, M|\n|poke|p2|Ninetales-Alola, M|\n|poke|p2|Baxcalibur, M|\n|poke|p2|Manaphy|\n|poke|p2|Kingambit, F|\n|poke|p2|Ditto|\n|teampreview\n|inactive|Battle timer is ON: inactive players will automatically lose when time's up. (requested by warewolflmka)\n|inactive|Osssie has 120 seconds left.\n|inactive|Osssie has 90 seconds left.\n|\n|t:|1697848887\n|start\n|switch|p1a: Koraidon|Koraidon|100\/100\n|switch|p2a: Okidogi|Okidogi, M|100\/100\n|-weather|SunnyDay|[from] ability: Orichalcum Pulse|[of] p1a: Koraidon\n|-activate|p1a: Koraidon|Orichalcum Pulse|[source]\n|turn|1\n|\n|t:|1697848914\n|switch|p1a: Great Tusk|Great Tusk|100\/100\n|-activate|p1a: Great Tusk|ability: Protosynthesis\n|-start|p1a: Great Tusk|protosynthesisatk\n|switch|p2a: Ninetales|Ninetales-Alola, M|100\/100\n|-weather|Snow|[from] ability: Snow Warning|[of] p2a: Ninetales\n|-end|p1a: Great Tusk|Protosynthesis\n|\n|-weather|Snow|[upkeep]\n|upkeep\n|turn|2\n|\n|t:|1697848931\n|move|p2a: Ninetales|Aurora Veil|p2a: Ninetales\n|-sidestart|p2: Osssie|move: Aurora Veil\n|move|p1a: Great Tusk|Rock Tomb|p2a: Ninetales\n|-supereffective|p2a: Ninetales\n|-damage|p2a: Ninetales|82\/100\n|-unboost|p2a: Ninetales|spe|1\n|\n|-weather|Snow|[upkeep]\n|upkeep\n|turn|3\n|\n|t:|1697848939\n|move|p2a: Ninetales|Freeze-Dry|p1a: Great Tusk\n|-supereffective|p1a: Great Tusk\n|-damage|p1a: Great Tusk|49\/100\n|move|p1a: Great Tusk|Bulk Up|p1a: Great Tusk\n|-boost|p1a: Great Tusk|atk|1\n|-boost|p1a: Great Tusk|def|1\n|\n|-weather|Snow|[upkeep]\n|-heal|p1a: Great Tusk|55\/100|[from] item: Leftovers\n|upkeep\n|turn|4\n|inactive|warewolflmka has 120 seconds left.\n|\n|t:|1697848966\n|move|p2a: Ninetales|Freeze-Dry|p1a: Great Tusk\n|-supereffective|p1a: Great Tusk\n|-damage|p1a: Great Tusk|8\/100\n|move|p1a: Great Tusk|Rock Tomb|p2a: Ninetales\n|-supereffective|p2a: Ninetales\n|-damage|p2a: Ninetales|55\/100\n|-unboost|p2a: Ninetales|spe|1\n|\n|-weather|Snow|[upkeep]\n|-heal|p1a: Great Tusk|14\/100|[from] item: Leftovers\n|upkeep\n|turn|5\n|inactive|warewolflmka has 120 seconds left.\n|\n|t:|1697848986\n|-end|p1a: Great Tusk|Protosynthesis|[silent]\n|switch|p1a: Koraidon|Koraidon|100\/100\n|-weather|SunnyDay|[from] ability: Orichalcum Pulse|[of] p1a: Koraidon\n|-activate|p1a: Koraidon|Orichalcum Pulse|[source]\n|move|p2a: Ninetales|Freeze-Dry|p1a: Koraidon\n|-supereffective|p1a: Koraidon\n|-damage|p1a: Koraidon|61\/100\n|\n|-weather|SunnyDay|[upkeep]\n|upkeep\n|turn|6\n|\n|t:|1697848997\n|move|p1a: Koraidon|Flame Charge|p2a: Ninetales\n|-supereffective|p2a: Ninetales\n|-damage|p2a: Ninetales|8\/100\n|-boost|p1a: Koraidon|spe|1\n|move|p2a: Ninetales|Freeze-Dry|p1a: Koraidon\n|-supereffective|p1a: Koraidon\n|-damage|p1a: Koraidon|19\/100\n|\n|-weather|SunnyDay|[upkeep]\n|upkeep\n|turn|7\n|inactive|warewolflmka has 120 seconds left.\n|\n|t:|1697849025\n|switch|p2a: Manaphy|Manaphy|100\/100\n|move|p1a: Koraidon|Flame Charge|p2a: Manaphy\n|-resisted|p2a: Manaphy\n|-damage|p2a: Manaphy|92\/100\n|-boost|p1a: Koraidon|spe|1\n|\n|-weather|SunnyDay|[upkeep]\n|upkeep\n|turn|8\n|inactive|Osssie has 120 seconds left.\n|\n|t:|1697849041\n|-terastallize|p1a: Koraidon|Electric\n|move|p1a: Koraidon|Wild Charge|p2a: Manaphy\n|-supereffective|p2a: Manaphy\n|-damage|p2a: Manaphy|27\/100\n|-damage|p1a: Koraidon|3\/100|[from] Recoil\n|move|p2a: Manaphy|Acid Armor|p2a: Manaphy\n|-boost|p2a: Manaphy|def|2\n|\n|-weather|SunnyDay|[upkeep]\n|upkeep\n|turn|9\n|inactive|Osssie has 120 seconds left.\n|inactive|Osssie has 90 seconds left.\n|\n|t:|1697849088\n|switch|p2a: Baxcalibur|Baxcalibur, M|100\/100\n|move|p1a: Koraidon|Dragon Claw|p2a: Baxcalibur\n|-supereffective|p2a: Baxcalibur\n|-damage|p2a: Baxcalibur|43\/100\n|\n|-weather|SunnyDay|[upkeep]\n|-sideend|p2: Osssie|move: Aurora Veil\n|upkeep\n|turn|10\n|inactive|Osssie has 90 seconds left.\n|\n|t:|1697849101\n|-terastallize|p2a: Baxcalibur|Fairy\n|move|p1a: Koraidon|Collision Course|p2a: Baxcalibur\n|-resisted|p2a: Baxcalibur\n|-damage|p2a: Baxcalibur|8\/100\n|move|p2a: Baxcalibur|Scale Shot|p1a: Koraidon\n|-damage|p1a: Koraidon|0 fnt\n|faint|p1a: Koraidon\n|-hitcount|p1: Koraidon|1\n|-unboost|p2a: Baxcalibur|def|1\n|-boost|p2a: Baxcalibur|spe|1\n|\n|-weather|SunnyDay|[upkeep]\n|upkeep\n|inactive|warewolflmka has 120 seconds left.\n|\n|t:|1697849112\n|switch|p1a: Walking Wake|Walking Wake|100\/100\n|-activate|p1a: Walking Wake|ability: Protosynthesis\n|-start|p1a: Walking Wake|protosynthesisspe\n|turn|11\n|\n|t:|1697849121\n|move|p1a: Walking Wake|Aqua Jet|p2a: Baxcalibur\n|-damage|p2a: Baxcalibur|0 fnt\n|faint|p2a: Baxcalibur\n|-damage|p1a: Walking Wake|91\/100|[from] item: Life Orb\n|\n|-weather|SunnyDay|[upkeep]\n|upkeep\n|inactive|Osssie has 90 seconds left.\n|\n|t:|1697849159\n|switch|p2a: Ditto|Ditto, shiny|100\/100\n|-transform|p2a: Ditto|p1a: Walking Wake|[from] ability: Imposter\n|turn|12\n|\n|t:|1697849169\n|move|p2a: Ditto|Draco Meteor|p1a: Walking Wake\n|-supereffective|p1a: Walking Wake\n|-damage|p1a: Walking Wake|0 fnt\n|-unboost|p2a: Ditto|spa|2\n|faint|p1a: Walking Wake\n|-end|p1a: Walking Wake|Protosynthesis|[silent]\n|\n|-weather|none\n|upkeep\n|\n|t:|1697849181\n|switch|p1a: Flutter Mane|Flutter Mane|100\/100\n|turn|13\n|\n|t:|1697849198\n|-end|p2a: Ditto|Protosynthesis|[silent]\n|switch|p2a: Okidogi|Okidogi, M|100\/100\n|move|p1a: Flutter Mane|Thunder Wave|p2a: Okidogi\n|-status|p2a: Okidogi|par\n|\n|upkeep\n|turn|14\n|\n|t:|1697849207\n|move|p1a: Flutter Mane|Moonblast|p2a: Okidogi\n|-damage|p2a: Okidogi|53\/100 par\n|-unboost|p2a: Okidogi|spa|1\n|move|p2a: Okidogi|Poison Jab|p1a: Flutter Mane\n|-damage|p1a: Flutter Mane|20\/100\n|-status|p1a: Flutter Mane|psn\n|\n|-heal|p1a: Flutter Mane|26\/100 psn|[from] item: Leftovers\n|-heal|p2a: Okidogi|59\/100 par|[from] item: Leftovers\n|-damage|p1a: Flutter Mane|14\/100 psn|[from] psn\n|upkeep\n|turn|15\n|\n|t:|1697849229\n|move|p1a: Flutter Mane|Moonblast|p2a: Okidogi\n|-damage|p2a: Okidogi|15\/100 par\n|-unboost|p2a: Okidogi|spa|1\n|move|p2a: Okidogi|Poison Jab|p1a: Flutter Mane\n|-damage|p1a: Flutter Mane|0 fnt\n|faint|p1a: Flutter Mane\n|-end|p1a: Flutter Mane|Protosynthesis|[silent]\n|\n|-heal|p2a: Okidogi|21\/100 par|[from] item: Leftovers\n|upkeep\n|\n|t:|1697849243\n|switch|p1a: Groudon|Groudon|100\/100\n|-weather|SunnyDay|[from] ability: Drought|[of] p1a: Groudon\n|turn|16\n|\n|t:|1697849261\n|switch|p2a: Kingambit|Kingambit, F|100\/100\n|-activate|p2a: Kingambit|ability: Supreme Overlord\n|-start|p2a: Kingambit|fallen1|[silent]\n|-item|p2a: Kingambit|Air Balloon\n|move|p1a: Groudon|Precipice Blades|p2a: Kingambit\n|-immune|p2a: Kingambit\n|\n|-weather|SunnyDay|[upkeep]\n|upkeep\n|turn|17\n|\n|t:|1697849269\n|move|p1a: Groudon|Iron Head|p2a: Kingambit\n|-resisted|p2a: Kingambit\n|-damage|p2a: Kingambit|88\/100\n|-enditem|p2a: Kingambit|Air Balloon\n|move|p2a: Kingambit|Swords Dance|p2a: Kingambit\n|-boost|p2a: Kingambit|atk|2\n|\n|-weather|SunnyDay|[upkeep]\n|upkeep\n|turn|18\n|inactive|Osssie has 60 seconds left.\n|\n|t:|1697849297\n|move|p1a: Groudon|Precipice Blades|p2a: Kingambit\n|-supereffective|p2a: Kingambit\n|-damage|p2a: Kingambit|0 fnt\n|faint|p2a: Kingambit\n|-end|p2a: Kingambit|fallen1|[silent]\n|\n|-weather|SunnyDay|[upkeep]\n|upkeep\n|\n|t:|1697849304\n|switch|p2a: Ditto|Ditto, shiny|100\/100\n|-transform|p2a: Ditto|p1a: Groudon|[from] ability: Imposter\n|turn|19\n|inactive|Osssie has 60 seconds left.\n|\n|t:|1697849326\n|move|p2a: Ditto|Swords Dance|p2a: Ditto\n|-boost|p2a: Ditto|atk|2\n|move|p1a: Groudon|Swords Dance|p1a: Groudon\n|-boost|p1a: Groudon|atk|2\n|\n|-weather|SunnyDay|[upkeep]\n|upkeep\n|turn|20\n|\n|t:|1697849335\n|switch|p1a: Brute Bonnet|Brute Bonnet|100\/100\n|-activate|p1a: Brute Bonnet|ability: Protosynthesis\n|-start|p1a: Brute Bonnet|protosynthesisspd\n|move|p2a: Ditto|Swords Dance|p2a: Ditto\n|-boost|p2a: Ditto|atk|2\n|\n|-weather|none\n|-end|p1a: Brute Bonnet|Protosynthesis\n|upkeep\n|turn|21\n|inactive|Osssie has 60 seconds left.\n|\n|t:|1697849357\n|switch|p2a: Okidogi|Okidogi, M|21\/100 par\n|move|p1a: Brute Bonnet|Spore||[still]\n|-fail|p1a: Brute Bonnet\n|\n|-heal|p2a: Okidogi|27\/100 par|[from] item: Leftovers\n|upkeep\n|turn|22\n|\n|t:|1697849370\n|move|p1a: Brute Bonnet|Trailblaze|p2a: Okidogi\n|-resisted|p2a: Okidogi\n|-damage|p2a: Okidogi|19\/100 par\n|-boost|p1a: Brute Bonnet|spe|1\n|move|p2a: Okidogi|Poison Jab|p1a: Brute Bonnet\n|-supereffective|p1a: Brute Bonnet\n|-damage|p1a: Brute Bonnet|37\/100\n|\n|-heal|p1a: Brute Bonnet|43\/100|[from] item: Leftovers\n|-heal|p2a: Okidogi|25\/100 par|[from] item: Leftovers\n|upkeep\n|turn|23\n|\n|t:|1697849385\n|move|p1a: Brute Bonnet|Crunch|p2a: Okidogi\n|-resisted|p2a: Okidogi\n|-damage|p2a: Okidogi|10\/100 par\n|move|p2a: Okidogi|Poison Jab|p1a: Brute Bonnet\n|-supereffective|p1a: Brute Bonnet\n|-damage|p1a: Brute Bonnet|0 fnt\n|faint|p1a: Brute Bonnet\n|-end|p1a: Brute Bonnet|Protosynthesis|[silent]\n|\n|-heal|p2a: Okidogi|16\/100 par|[from] item: Leftovers\n|upkeep\n|\n|t:|1697849394\n|switch|p1a: Great Tusk|Great Tusk|14\/100\n|turn|24\n|\n|t:|1697849414\n|move|p1a: Great Tusk|Earthquake|p2a: Okidogi\n|-supereffective|p2a: Okidogi\n|-damage|p2a: Okidogi|0 fnt\n|faint|p2a: Okidogi\n|\n|-heal|p1a: Great Tusk|20\/100|[from] item: Leftovers\n|upkeep\n|inactive|Osssie has 30 seconds left.\n|inactive|Osssie has 20 seconds left.\n|\n|t:|1697849440\n|switch|p2a: Manaphy|Manaphy|27\/100\n|turn|25\n|inactive|Osssie has 30 seconds left this turn.\n|inactive|Osssie has 20 seconds left.\n|inactive|Osssie has 15 seconds left.\n|\n|t:|1697849464\n|move|p2a: Manaphy|Acid Armor|p2a: Manaphy\n|-boost|p2a: Manaphy|def|2\n|move|p1a: Great Tusk|Earthquake|p2a: Manaphy\n|-damage|p2a: Manaphy|1\/100\n|\n|-heal|p1a: Great Tusk|26\/100|[from] item: Leftovers\n|upkeep\n|turn|26\n|inactive|Osssie has 25 seconds left this turn.\n|inactive|Osssie has 20 seconds left.\n|\n|t:|1697849473\n|move|p2a: Manaphy|Rest|p2a: Manaphy\n|-status|p2a: Manaphy|slp|[from] move: Rest\n|-heal|p2a: Manaphy|100\/100 slp|[silent]\n|move|p1a: Great Tusk|Rock Tomb|p2a: Manaphy\n|-damage|p2a: Manaphy|91\/100 slp\n|\n|-heal|p1a: Great Tusk|33\/100|[from] item: Leftovers\n|upkeep\n|turn|27\n|inactive|Osssie has 30 seconds left this turn.\n|inactive|Osssie has 20 seconds left.\n|\n|t:|1697849498\n|cant|p2a: Manaphy|slp\n|move|p1a: Great Tusk|Earthquake|p2a: Manaphy\n|-damage|p2a: Manaphy|64\/100 slp\n|\n|-heal|p1a: Great Tusk|39\/100|[from] item: Leftovers\n|upkeep\n|turn|28\n|inactive|Osssie has 30 seconds left this turn.\n|\n|t:|1697849504\n|cant|p2a: Manaphy|slp\n|move|p1a: Great Tusk|Bulk Up|p1a: Great Tusk\n|-boost|p1a: Great Tusk|atk|1\n|-boost|p1a: Great Tusk|def|1\n|\n|-heal|p1a: Great Tusk|45\/100|[from] item: Leftovers\n|upkeep\n|turn|29\n|inactive|Osssie has 30 seconds left.\n|\n|t:|1697849516\n|-curestatus|p2a: Manaphy|slp|[msg]\n|move|p2a: Manaphy|Acid Armor|p2a: Manaphy\n|-boost|p2a: Manaphy|def|2\n|move|p1a: Great Tusk|Bulk Up|p1a: Great Tusk\n|-boost|p1a: Great Tusk|atk|1\n|-boost|p1a: Great Tusk|def|1\n|\n|-heal|p1a: Great Tusk|51\/100|[from] item: Leftovers\n|upkeep\n|turn|30\n|inactive|Osssie has 30 seconds left.\n|\n|t:|1697849529\n|move|p2a: Manaphy|Stored Power|p1a: Great Tusk\n|-supereffective|p1a: Great Tusk\n|-damage|p1a: Great Tusk|0 fnt\n|faint|p1a: Great Tusk\n|-end|p1a: Great Tusk|Protosynthesis|[silent]\n|\n|upkeep\n|\n|t:|1697849533\n|switch|p1a: Groudon|Groudon|100\/100\n|-weather|SunnyDay|[from] ability: Drought|[of] p1a: Groudon\n|turn|31\n|\n|t:|1697849540\n|move|p2a: Manaphy|Stored Power|p1a: Groudon\n|-damage|p1a: Groudon|76\/100\n|move|p1a: Groudon|Iron Head|p2a: Manaphy\n|-resisted|p2a: Manaphy\n|-damage|p2a: Manaphy|59\/100\n|\n|-weather|SunnyDay|[upkeep]\n|-heal|p1a: Groudon|82\/100|[from] item: Leftovers\n|upkeep\n|turn|32\n|\n|t:|1697849552\n|move|p2a: Manaphy|Acid Armor|p2a: Manaphy\n|-boost|p2a: Manaphy|def|2\n|move|p1a: Groudon|Swords Dance|p1a: Groudon\n|-boost|p1a: Groudon|atk|2\n|\n|-weather|SunnyDay|[upkeep]\n|-heal|p1a: Groudon|89\/100|[from] item: Leftovers\n|upkeep\n|turn|33\n|\n|t:|1697849560\n|move|p2a: Manaphy|Stored Power|p1a: Groudon\n|-damage|p1a: Groudon|55\/100\n|move|p1a: Groudon|Swords Dance|p1a: Groudon\n|-boost|p1a: Groudon|atk|2\n|\n|-weather|SunnyDay|[upkeep]\n|-heal|p1a: Groudon|62\/100|[from] item: Leftovers\n|upkeep\n|turn|34\n|\n|t:|1697849568\n|move|p2a: Manaphy|Stored Power|p1a: Groudon\n|-damage|p1a: Groudon|30\/100\n|move|p1a: Groudon|Swords Dance|p1a: Groudon\n|-boost|p1a: Groudon|atk|2\n|\n|-weather|SunnyDay|[upkeep]\n|-heal|p1a: Groudon|37\/100|[from] item: Leftovers\n|upkeep\n|turn|35\n|\n|t:|1697849580\n|move|p2a: Manaphy|Stored Power|p1a: Groudon\n|-damage|p1a: Groudon|4\/100\n|move|p1a: Groudon|Iron Head|p2a: Manaphy\n|-resisted|p2a: Manaphy\n|-damage|p2a: Manaphy|43\/100\n|\n|-weather|none\n|-heal|p1a: Groudon|10\/100|[from] item: Leftovers\n|upkeep\n|turn|36\n|inactive|Osssie has 60 seconds left.\n|c|\u2606Osssie|gg\n|\n|t:|1697849588\n|move|p2a: Manaphy|Stored Power|p1a: Groudon\n|-damage|p1a: Groudon|0 fnt\n|faint|p1a: Groudon\n|\n|win|Osssie\n|raw|warewolflmka's rating: 1095 &rarr; <strong>1067<\/strong><br \/>(-28 for losing)\n|raw|Osssie's rating: 1040 &rarr; <strong>1079<\/strong><br \/>(+39 for winning)\n|c|\u2606warewolflmka|gg\n|l|\u2606warewolflmka\n","uploadtime":1697849603,"views":11,"p1id":"warewolflmka","p2id":"osssie","formatid":"gen9ubers","rating":1067,"private":0,"password":""}