{"id":"gen9ubers-1999582361","p1":"Aurorecristal","p2":"RPPLF_Qilin","format":"[Gen 9] Ubers","log":"|j|\u2606Aurorecristal\n|j|\u2606RPPLF_Qilin\n|t:|1701098360\n|gametype|singles\n|player|p1|Aurorecristal|lady|\n|player|p2|RPPLF_Qilin|266|\n|teamsize|p1|6\n|teamsize|p2|6\n|gen|9\n|tier|[Gen 9] Ubers\n|rule|Sleep Clause Mod: Limit one foe put to sleep\n|rule|Species Clause: Limit one of each Pok\u00e9mon\n|rule|OHKO Clause: OHKO moves are banned\n|rule|Evasion Items Clause: Evasion items are banned\n|rule|Evasion Moves Clause: Evasion moves are banned\n|rule|Endless Battle Clause: Forcing endless battles is banned\n|rule|HP Percentage Mod: HP is shown in percentages\n|clearpoke\n|poke|p1|Kingambit, M|\n|poke|p1|Ditto|\n|poke|p1|Scream Tail|\n|poke|p1|Alomomola, F|\n|poke|p1|Okidogi, M|\n|poke|p1|Annihilape, M|\n|poke|p2|Arceus|\n|poke|p2|Okidogi, M|\n|poke|p2|Grimmsnarl, M|\n|poke|p2|Corviknight, F|\n|poke|p2|Regidrago|\n|poke|p2|Greninja-*, M|\n|teampreview\n|c|\u2606RPPLF_Qilin|Bon match !\n|c|\u2606Aurorecristal|\u00c0 toi aussi\n|\n|t:|1701098375\n|start\n|switch|p1a: Okikitty|Okidogi, M|100\/100\n|switch|p2a: Regidrago|Regidrago|100\/100\n|turn|1\n|\n|t:|1701098383\n|move|p1a: Okikitty|Protect|p1a: Okikitty\n|-singleturn|p1a: Okikitty|Protect\n|move|p2a: Regidrago|Dragon Energy|p1a: Okikitty\n|-activate|p1a: Okikitty|move: Protect\n|\n|upkeep\n|turn|2\n|\n|t:|1701098388\n|switch|p2a: Okidogi|Okidogi, M|100\/100\n|move|p1a: Okikitty|Knock Off|p2a: Okidogi\n|-resisted|p2a: Okidogi\n|-damage|p2a: Okidogi|86\/100\n|-enditem|p2a: Okidogi|Assault Vest|[from] move: Knock Off|[of] p1a: Okikitty\n|\n|upkeep\n|turn|3\n|\n|t:|1701098396\n|move|p2a: Okidogi|Knock Off|p1a: Okikitty\n|-resisted|p1a: Okikitty\n|-damage|p1a: Okikitty|84\/100\n|-enditem|p1a: Okikitty|Black Sludge|[from] move: Knock Off|[of] p2a: Okidogi\n|move|p1a: Okikitty|Psychic Fangs|p2a: Okidogi\n|-supereffective|p2a: Okidogi\n|-damage|p2a: Okidogi|0 fnt\n|faint|p2a: Okidogi\n|\n|upkeep\n|c|\u2606RPPLF_Qilin|oh non\n|c|\u2606RPPLF_Qilin|pas le souvenir qu'il avait \u00e7a\n|c|\u2606Aurorecristal|Hihi\n|\n|t:|1701098417\n|switch|p2a: Corviknight|Corviknight, F|100\/100\n|-ability|p2a: Corviknight|Pressure\n|turn|4\n|\n|t:|1701098422\n|move|p1a: Okikitty|Knock Off|p2a: Corviknight\n|-damage|p2a: Corviknight|80\/100\n|-damage|p1a: Okikitty|67\/100|[from] item: Rocky Helmet|[of] p2a: Corviknight\n|-enditem|p2a: Corviknight|Rocky Helmet|[from] move: Knock Off|[of] p1a: Okikitty\n|move|p2a: Corviknight|U-turn|p1a: Okikitty\n|-resisted|p1a: Okikitty\n|-damage|p1a: Okikitty|64\/100\n|\n|t:|1701098432\n|switch|p2a: Regidrago|Regidrago|100\/100|[from] U-turn\n|\n|upkeep\n|turn|5\n|\n|t:|1701098436\n|switch|p2a: Corviknight|Corviknight, F|80\/100\n|-ability|p2a: Corviknight|Pressure\n|move|p1a: Okikitty|Protect||[still]\n|-fail|p1a: Okikitty\n|\n|upkeep\n|turn|6\n|\n|t:|1701098441\n|switch|p1a: Angry bird|Annihilape, M|100\/100\n|move|p2a: Corviknight|Brave Bird|p1a: Angry bird\n|-supereffective|p1a: Angry bird\n|-damage|p1a: Angry bird|14\/100\n|-damage|p2a: Corviknight|54\/100|[from] Recoil\n|\n|upkeep\n|turn|7\n|\n|t:|1701098447\n|move|p1a: Angry bird|U-turn|p2a: Corviknight\n|-resisted|p2a: Corviknight\n|-damage|p2a: Corviknight|51\/100\n|\n|t:|1701098454\n|switch|p1a: Okikitty|Okidogi, M|64\/100|[from] U-turn\n|move|p2a: Corviknight|Roost|p2a: Corviknight\n|-heal|p2a: Corviknight|100\/100\n|-singleturn|p2a: Corviknight|move: Roost\n|\n|upkeep\n|turn|8\n|\n|t:|1701098458\n|move|p1a: Okikitty|Knock Off|p2a: Corviknight\n|-damage|p2a: Corviknight|87\/100\n|move|p2a: Corviknight|Brave Bird|p1a: Okikitty\n|-supereffective|p1a: Okikitty\n|-damage|p1a: Okikitty|0 fnt\n|faint|p1a: Okikitty\n|-damage|p2a: Corviknight|70\/100|[from] Recoil\n|\n|upkeep\n|\n|t:|1701098464\n|switch|p1a: Tail'low|Scream Tail|100\/100\n|turn|9\n|\n|t:|1701098474\n|switch|p2a: Grimmsnarl|Grimmsnarl, M|100\/100\n|move|p1a: Tail'low|Thunderbolt|p2a: Grimmsnarl\n|-damage|p2a: Grimmsnarl|87\/100\n|\n|upkeep\n|turn|10\n|\n|t:|1701098479\n|move|p2a: Grimmsnarl|Light Screen|p2a: Grimmsnarl\n|-sidestart|p2: RPPLF_Qilin|move: Light Screen\n|move|p1a: Tail'low|Wish|p1a: Tail'low\n|\n|upkeep\n|turn|11\n|\n|t:|1701098486\n|-end|p1a: Tail'low|Protosynthesis|[silent]\n|switch|p1a: Angry bird|Annihilape, M|14\/100\n|move|p2a: Grimmsnarl|Reflect|p2a: Grimmsnarl\n|-sidestart|p2: RPPLF_Qilin|Reflect\n|\n|-heal|p1a: Angry bird|74\/100|[from] move: Wish|[wisher] Tail'low\n|upkeep\n|turn|12\n|\n|t:|1701098493\n|move|p2a: Grimmsnarl|Taunt|p1a: Angry bird\n|-start|p1a: Angry bird|move: Taunt\n|move|p1a: Angry bird|U-turn|p2a: Grimmsnarl\n|-damage|p2a: Grimmsnarl|75\/100\n|\n|t:|1701098497\n|switch|p1a: Lovdisc|Alomomola, F|100\/100|[from] U-turn\n|\n|upkeep\n|turn|13\n|\n|t:|1701098502\n|move|p2a: Grimmsnarl|Parting Shot|p1a: Lovdisc\n|-unboost|p1a: Lovdisc|atk|1\n|-unboost|p1a: Lovdisc|spa|1\n|\n|t:|1701098504\n|switch|p2a: Corviknight|Corviknight, F|70\/100|[from] Parting Shot\n|-ability|p2a: Corviknight|Pressure\n|move|p1a: Lovdisc|Flip Turn|p2a: Corviknight\n|-damage|p2a: Corviknight|67\/100\n|\n|t:|1701098514\n|switch|p1a: My Lord|Kingambit, M|100\/100|[from] Flip Turn\n|-activate|p1a: My Lord|ability: Supreme Overlord\n|-start|p1a: My Lord|fallen1|[silent]\n|\n|upkeep\n|turn|14\n|\n|t:|1701098517\n|move|p2a: Corviknight|U-turn|p1a: My Lord\n|-damage|p1a: My Lord|89\/100\n|\n|t:|1701098523\n|switch|p2a: Regidrago|Regidrago|100\/100|[from] U-turn\n|move|p1a: My Lord|Stealth Rock|p2a: Regidrago\n|-sidestart|p2: RPPLF_Qilin|move: Stealth Rock\n|\n|upkeep\n|turn|15\n|\n|t:|1701098537\n|-end|p1a: My Lord|fallen1|[silent]\n|switch|p1a: Lovdisc|Alomomola, F|100\/100\n|move|p2a: Regidrago|Dragon Energy|p1a: Lovdisc\n|-damage|p1a: Lovdisc|13\/100\n|\n|upkeep\n|turn|16\n|\n|t:|1701098547\n|switch|p2a: Arceus|Arceus|100\/100\n|-damage|p2a: Arceus|88\/100|[from] Stealth Rock\n|move|p1a: Lovdisc|Wish|p1a: Lovdisc\n|\n|-heal|p2a: Arceus|94\/100|[from] item: Leftovers\n|upkeep\n|turn|17\n|\n|t:|1701098551\n|move|p2a: Arceus|Substitute|p2a: Arceus\n|-start|p2a: Arceus|Substitute\n|-damage|p2a: Arceus|69\/100\n|move|p1a: Lovdisc|Whirlpool|p2a: Arceus\n|-activate|p2a: Arceus|move: Substitute|[damage]\n|\n|-heal|p1a: Lovdisc|63\/100|[from] move: Wish|[wisher] Lovdisc\n|-heal|p2a: Arceus|75\/100|[from] item: Leftovers\n|-sideend|p2: RPPLF_Qilin|move: Light Screen\n|upkeep\n|turn|18\n|\n|t:|1701098557\n|move|p2a: Arceus|Swords Dance|p2a: Arceus\n|-boost|p2a: Arceus|atk|2\n|move|p1a: Lovdisc|Flip Turn|p2a: Arceus\n|-activate|p2a: Arceus|move: Substitute|[damage]\n|\n|t:|1701098572\n|switch|p1a: My Lord|Kingambit, M|89\/100|[from] Flip Turn\n|-activate|p1a: My Lord|ability: Supreme Overlord\n|-start|p1a: My Lord|fallen1|[silent]\n|\n|-heal|p2a: Arceus|81\/100|[from] item: Leftovers\n|-sideend|p2: RPPLF_Qilin|Reflect\n|upkeep\n|turn|19\n|\n|t:|1701098583\n|move|p2a: Arceus|Extreme Speed|p1a: My Lord\n|-resisted|p1a: My Lord\n|-damage|p1a: My Lord|54\/100\n|move|p1a: My Lord|Kowtow Cleave|p2a: Arceus\n|-end|p2a: Arceus|Substitute\n|-damage|p1a: My Lord|44\/100|[from] item: Life Orb\n|\n|-heal|p2a: Arceus|88\/100|[from] item: Leftovers\n|upkeep\n|turn|20\n|\n|t:|1701098589\n|move|p2a: Arceus|Substitute|p2a: Arceus\n|-start|p2a: Arceus|Substitute\n|-damage|p2a: Arceus|63\/100\n|move|p1a: My Lord|Kowtow Cleave|p2a: Arceus\n|-end|p2a: Arceus|Substitute\n|-damage|p1a: My Lord|34\/100|[from] item: Life Orb\n|\n|-heal|p2a: Arceus|69\/100|[from] item: Leftovers\n|upkeep\n|turn|21\n|\n|t:|1701098599\n|move|p2a: Arceus|Substitute|p2a: Arceus\n|-start|p2a: Arceus|Substitute\n|-damage|p2a: Arceus|44\/100\n|move|p1a: My Lord|Kowtow Cleave|p2a: Arceus\n|-end|p2a: Arceus|Substitute\n|-damage|p1a: My Lord|24\/100|[from] item: Life Orb\n|\n|-heal|p2a: Arceus|50\/100|[from] item: Leftovers\n|upkeep\n|turn|22\n|\n|t:|1701098607\n|move|p2a: Arceus|Extreme Speed|p1a: My Lord\n|-resisted|p1a: My Lord\n|-damage|p1a: My Lord|0 fnt\n|faint|p1a: My Lord\n|-end|p1a: My Lord|fallen1|[silent]\n|\n|-heal|p2a: Arceus|56\/100|[from] item: Leftovers\n|upkeep\n|\n|t:|1701098617\n|switch|p1a: Slimy slime|Ditto|100\/100\n|-transform|p1a: Slimy slime|p2a: Arceus|[from] ability: Imposter\n|turn|23\n|\n|t:|1701098635\n|switch|p2a: Corviknight|Corviknight, F|67\/100\n|-damage|p2a: Corviknight|55\/100|[from] Stealth Rock\n|-ability|p2a: Corviknight|Pressure\n|-terastallize|p1a: Slimy slime|Normal\n|move|p1a: Slimy slime|Extreme Speed|p2a: Corviknight\n|-resisted|p2a: Corviknight\n|-damage|p2a: Corviknight|20\/100\n|\n|upkeep\n|turn|24\n|\n|t:|1701098644\n|move|p1a: Slimy slime|Extreme Speed|p2a: Corviknight\n|-resisted|p2a: Corviknight\n|-damage|p2a: Corviknight|0 fnt\n|faint|p2a: Corviknight\n|\n|upkeep\n|\n|t:|1701098648\n|switch|p2a: Grimmsnarl|Grimmsnarl, M|75\/100\n|-damage|p2a: Grimmsnarl|62\/100|[from] Stealth Rock\n|turn|25\n|\n|t:|1701098658\n|move|p1a: Slimy slime|Extreme Speed|p2a: Grimmsnarl\n|-damage|p2a: Grimmsnarl|0 fnt\n|faint|p2a: Grimmsnarl\n|\n|upkeep\n|\n|t:|1701098661\n|switch|p2a: Arceus|Arceus|56\/100\n|-damage|p2a: Arceus|44\/100|[from] Stealth Rock\n|turn|26\n|c|\u2606RPPLF_Qilin|ca pique mon pok\u00e9\n|\n|t:|1701098690\n|switch|p1a: Tail'low|Scream Tail|100\/100\n|-terastallize|p2a: Arceus|Ghost\n|move|p2a: Arceus|Swords Dance|p2a: Arceus\n|-boost|p2a: Arceus|atk|2\n|\n|-heal|p2a: Arceus|50\/100|[from] item: Leftovers\n|upkeep\n|turn|27\n|\n|t:|1701098696\n|move|p1a: Tail'low|Perish Song|p1a: Tail'low\n|-start|p1a: Tail'low|perish3|[silent]\n|-start|p2a: Arceus|perish3|[silent]\n|-fieldactivate|move: Perish Song\n|move|p2a: Arceus|Substitute|p2a: Arceus\n|-start|p2a: Arceus|Substitute\n|-damage|p2a: Arceus|25\/100\n|\n|-heal|p2a: Arceus|31\/100|[from] item: Leftovers\n|-start|p1a: Tail'low|perish3\n|-start|p2a: Arceus|perish3\n|upkeep\n|turn|28\n|\n|t:|1701098700\n|move|p1a: Tail'low|Protect|p1a: Tail'low\n|-singleturn|p1a: Tail'low|Protect\n|move|p2a: Arceus|Shadow Claw|p1a: Tail'low\n|-activate|p1a: Tail'low|move: Protect\n|\n|-heal|p2a: Arceus|37\/100|[from] item: Leftovers\n|-start|p1a: Tail'low|perish2\n|-start|p2a: Arceus|perish2\n|upkeep\n|turn|29\n|\n|t:|1701098706\n|-end|p1a: Tail'low|Protosynthesis|[silent]\n|switch|p1a: Lovdisc|Alomomola, F|96\/100\n|move|p2a: Arceus|Shadow Claw|p1a: Lovdisc\n|-damage|p1a: Lovdisc|34\/100\n|-damage|p2a: Arceus|20\/100|[from] item: Rocky Helmet|[of] p1a: Lovdisc\n|\n|-heal|p2a: Arceus|26\/100|[from] item: Leftovers\n|-start|p2a: Arceus|perish1\n|upkeep\n|turn|30\n|\n|t:|1701098714\n|switch|p2a: Greninja|Greninja, M|100\/100\n|-damage|p2a: Greninja|88\/100|[from] Stealth Rock\n|move|p1a: Lovdisc|Flip Turn|p2a: Greninja\n|-resisted|p2a: Greninja\n|-damage|p2a: Greninja|76\/100\n|\n|t:|1701098729\n|switch|p1a: Angry bird|Annihilape, M|74\/100|[from] Flip Turn\n|\n|upkeep\n|turn|31\n|\n|t:|1701098739\n|switch|p2a: Regidrago|Regidrago|100\/100\n|-damage|p2a: Regidrago|88\/100|[from] Stealth Rock\n|move|p1a: Angry bird|Drain Punch|p2a: Regidrago\n|-damage|p2a: Regidrago|46\/100\n|-heal|p1a: Angry bird|100\/100|[from] drain|[of] p2a: Regidrago\n|\n|upkeep\n|turn|32\n|c|\u2606Aurorecristal|Mdrr j'avoue ditto tera normal c'\u00e9tait un bon plan\n|\n|t:|1701098768\n|move|p1a: Angry bird|Rage Fist|p2a: Regidrago\n|-damage|p2a: Regidrago|0 fnt\n|faint|p2a: Regidrago\n|\n|upkeep\n|c|\u2606RPPLF_Qilin|C'est gg je crois\n|\n|t:|1701098775\n|switch|p2a: Arceus|Arceus, tera:Ghost|26\/100\n|-damage|p2a: Arceus|14\/100|[from] Stealth Rock\n|turn|33\n|c|\u2606RPPLF_Qilin|Pauvre Okidogi\n|c|\u2606RPPLF_Qilin|Gg !\n|\n|t:|1701098799\n|switch|p1a: Slimy slime|Ditto, tera:Normal|100\/100\n|-transform|p1a: Slimy slime|p2a: Arceus|[from] ability: Imposter\n|move|p2a: Arceus|Shadow Claw|p1a: Slimy slime\n|-immune|p1a: Slimy slime\n|\n|-heal|p2a: Arceus|20\/100|[from] item: Leftovers\n|upkeep\n|turn|34\n|c|\u2606Aurorecristal|Gg\n|\n|t:|1701098817\n|move|p2a: Arceus|Extreme Speed|p1a: Slimy slime\n|-damage|p1a: Slimy slime|57\/100\n|move|p1a: Slimy slime|Shadow Claw|p2a: Arceus\n|-supereffective|p2a: Arceus\n|-crit|p2a: Arceus\n|-damage|p2a: Arceus|0 fnt\n|faint|p2a: Arceus\n|\n|upkeep\n|\n|t:|1701098820\n|switch|p2a: Greninja|Greninja, M|76\/100\n|-damage|p2a: Greninja|63\/100|[from] Stealth Rock\n|turn|35\n|c|\u2606Aurorecristal|J'ai pari\u00e9 sur le fait que tu anticipes un switch comme \u00e0 chaque fois\n|\n|t:|1701098840\n|switch|p1a: Angry bird|Annihilape, M|100\/100\n|move|p2a: Greninja|Surf|p1a: Angry bird\n|-damage|p1a: Angry bird|64\/100\n|-damage|p2a: Greninja|53\/100|[from] item: Life Orb\n|\n|upkeep\n|turn|36\n|\n|t:|1701098845\n|move|p2a: Greninja|Surf|p1a: Angry bird\n|-damage|p1a: Angry bird|27\/100\n|-damage|p2a: Greninja|44\/100|[from] item: Life Orb\n|move|p1a: Angry bird|Drain Punch|p2a: Greninja\n|-supereffective|p2a: Greninja\n|-damage|p2a: Greninja|0 fnt\n|-heal|p1a: Angry bird|44\/100|[from] drain|[of] p2a: Greninja\n|faint|p2a: Greninja\n|\n|win|Aurorecristal\n|c|\u2606RPPLF_Qilin|Ouais pas tr\u00e8s r\u00e9veill\u00e9 aujourd'hui on va dire mdrr\n|c|\u2606RPPLF_Qilin|Connais m\u00eame plus mon pok\u00e9 mdr\n|c|\u2606RPPLF_Qilin|Gg !\n|c|\u2606Aurorecristal|Mdrr\n","uploadtime":1701098873,"views":17,"p1id":"aurorecristal","p2id":"rpplfqilin","formatid":"gen9ubers","rating":0,"private":0,"password":""}