{"id":"gen9ubers-1973393220","p1":"IEnexmac","p2":"Blackagar B","format":"[Gen 9] Ubers","log":"|j|\u2606IEnexmac\n|j|\u2606Blackagar B\n|t:|1697967665\n|gametype|singles\n|player|p1|IEnexmac|depotagent|1309\n|player|p2|Blackagar B|red|1330\n|teamsize|p1|6\n|teamsize|p2|6\n|gen|9\n|tier|[Gen 9] Ubers\n|rated|\n|rule|Sleep Clause Mod: Limit one foe put to sleep\n|rule|Species Clause: Limit one of each Pok\u00e9mon\n|rule|OHKO Clause: OHKO moves are banned\n|rule|Evasion Items Clause: Evasion items are banned\n|rule|Evasion Moves Clause: Evasion moves are banned\n|rule|Endless Battle Clause: Forcing endless battles is banned\n|rule|HP Percentage Mod: HP is shown in percentages\n|clearpoke\n|poke|p1|Annihilape, F|\n|poke|p1|Baxcalibur, F|\n|poke|p1|Espathra, F|\n|poke|p1|Ursaluna-Bloodmoon, M|\n|poke|p1|Cyclizar, M|\n|poke|p1|Palafin, F|\n|poke|p2|Zacian-*|\n|poke|p2|Giratina-Origin|\n|poke|p2|Tyranitar, F|\n|poke|p2|Houndstone, M|\n|poke|p2|Miraidon|\n|poke|p2|Ditto|\n|teampreview\n|inactive|Battle timer is ON: inactive players will automatically lose when time's up. (requested by IEnexmac)\n|\n|t:|1697967693\n|start\n|switch|p1a: vroom vromm|Cyclizar, M|100\/100\n|switch|p2a: Giratina|Giratina-Origin|100\/100\n|turn|1\n|\n|t:|1697967708\n|move|p1a: vroom vromm|Shed Tail|p1a: vroom vromm\n|-start|p1a: vroom vromm|Substitute|[from] move: Shed Tail\n|-damage|p1a: vroom vromm|50\/100\n|\n|t:|1697967714\n|switch|p1a: Xxs4suk3xX|Annihilape, F|100\/100|[from] Shed Tail\n|move|p2a: Giratina|Dragon Tail|p1a: Xxs4suk3xX\n|-end|p1a: Xxs4suk3xX|Substitute\n|\n|upkeep\n|turn|2\n|\n|t:|1697967725\n|-terastallize|p2a: Giratina|Steel\n|move|p1a: Xxs4suk3xX|Rage Fist|p2a: Giratina\n|-damage|p2a: Giratina|90\/100\n|move|p2a: Giratina|Will-O-Wisp|p1a: Xxs4suk3xX\n|-status|p1a: Xxs4suk3xX|brn\n|\n|-damage|p1a: Xxs4suk3xX|94\/100 brn|[from] brn\n|upkeep\n|turn|3\n|\n|t:|1697967735\n|move|p1a: Xxs4suk3xX|Taunt|p2a: Giratina\n|-start|p2a: Giratina|move: Taunt\n|move|p2a: Giratina|Dragon Tail|p1a: Xxs4suk3xX|[miss]\n|-miss|p2a: Giratina|p1a: Xxs4suk3xX\n|\n|-heal|p1a: Xxs4suk3xX|100\/100 brn|[from] item: Leftovers\n|-damage|p1a: Xxs4suk3xX|94\/100 brn|[from] brn\n|upkeep\n|turn|4\n|\n|t:|1697967745\n|switch|p2a: Ditto|Ditto|100\/100\n|-transform|p2a: Ditto|p1a: Xxs4suk3xX|[from] ability: Imposter\n|switch|p1a: Palafin|Palafin, F|100\/100\n|\n|upkeep\n|turn|5\n|\n|t:|1697967761\n|move|p2a: Ditto|Rage Fist|p1a: Palafin\n|-damage|p1a: Palafin|73\/100\n|move|p1a: Palafin|Flip Turn|p2a: Ditto\n|-damage|p2a: Ditto|51\/100\n|\n|t:|1697967770\n|detailschange|p1a: Palafin|Palafin-Hero, F\n|switch|p1a: Max Verstappen|Espathra, F|100\/100|[from] Flip Turn\n|\n|upkeep\n|turn|6\n|\n|t:|1697967778\n|switch|p2a: Giratina|Giratina-Origin, tera:Steel|90\/100\n|move|p1a: Max Verstappen|Calm Mind|p1a: Max Verstappen\n|-boost|p1a: Max Verstappen|spa|1\n|-boost|p1a: Max Verstappen|spd|1\n|\n|-ability|p1a: Max Verstappen|Speed Boost|boost\n|-boost|p1a: Max Verstappen|spe|1\n|upkeep\n|turn|7\n|\n|t:|1697967799\n|-terastallize|p1a: Max Verstappen|Fighting\n|move|p1a: Max Verstappen|Tera Blast|p2a: Giratina|[anim] Tera Blast Fighting\n|-supereffective|p2a: Giratina\n|-damage|p2a: Giratina|9\/100\n|move|p2a: Giratina|Dragon Tail|p1a: Max Verstappen\n|-damage|p1a: Max Verstappen|50\/100\n|drag|p1a: vroom vromm|Cyclizar, M|83\/100\n|\n|upkeep\n|turn|8\n|\n|t:|1697967818\n|move|p1a: vroom vromm|Knock Off|p2a: Giratina\n|-damage|p2a: Giratina|0 fnt\n|faint|p2a: Giratina\n|\n|upkeep\n|\n|t:|1697967823\n|switch|p2a: Ditto|Ditto|51\/100\n|-transform|p2a: Ditto|p1a: vroom vromm|[from] ability: Imposter\n|turn|9\n|\n|t:|1697967838\n|switch|p1a: Max Verstappen|Espathra, F, tera:Fighting|50\/100\n|move|p2a: Ditto|Shed Tail|p2a: Ditto\n|-start|p2a: Ditto|Substitute|[from] move: Shed Tail\n|-damage|p2a: Ditto|1\/100\n|\n|t:|1697967845\n|switch|p2a: Zacian|Zacian-Crowned|100\/100|[from] Shed Tail\n|-ability|p2a: Zacian|Intrepid Sword|boost\n|-boost|p2a: Zacian|atk|1\n|\n|-heal|p1a: Max Verstappen|56\/100|[from] item: Leftovers\n|upkeep\n|turn|10\n|\n|t:|1697967856\n|move|p1a: Max Verstappen|Protect|p1a: Max Verstappen\n|-singleturn|p1a: Max Verstappen|Protect\n|move|p2a: Zacian|Play Rough|p1a: Max Verstappen\n|-activate|p1a: Max Verstappen|move: Protect\n|\n|-heal|p1a: Max Verstappen|62\/100|[from] item: Leftovers\n|-ability|p1a: Max Verstappen|Speed Boost|boost\n|-boost|p1a: Max Verstappen|spe|1\n|upkeep\n|turn|11\n|\n|t:|1697967871\n|move|p1a: Max Verstappen|Tera Blast|p2a: Zacian|[anim] Tera Blast Fighting\n|-end|p2a: Zacian|Substitute\n|move|p2a: Zacian|Play Rough|p1a: Max Verstappen|[miss]\n|-miss|p2a: Zacian|p1a: Max Verstappen\n|\n|-heal|p1a: Max Verstappen|68\/100|[from] item: Leftovers\n|-ability|p1a: Max Verstappen|Speed Boost|boost\n|-boost|p1a: Max Verstappen|spe|1\n|upkeep\n|turn|12\n|\n|t:|1697967881\n|move|p1a: Max Verstappen|Tera Blast|p2a: Zacian|[anim] Tera Blast Fighting\n|-damage|p2a: Zacian|63\/100\n|move|p2a: Zacian|Play Rough|p1a: Max Verstappen\n|-supereffective|p1a: Max Verstappen\n|-damage|p1a: Max Verstappen|0 fnt\n|faint|p1a: Max Verstappen\n|\n|upkeep\n|\n|t:|1697967890\n|switch|p1a: Ursaluna|Ursaluna-Bloodmoon, M|100\/100\n|turn|13\n|\n|t:|1697967908\n|move|p2a: Zacian|Play Rough|p1a: Ursaluna\n|-damage|p1a: Ursaluna|57\/100\n|move|p1a: Ursaluna|Earth Power|p2a: Zacian\n|-supereffective|p2a: Zacian\n|-damage|p2a: Zacian|0 fnt\n|faint|p2a: Zacian\n|\n|-heal|p1a: Ursaluna|63\/100|[from] item: Leftovers\n|upkeep\n|inactive|Blackagar B has 120 seconds left.\n|\n|t:|1697967922\n|switch|p2a: Miraidon|Miraidon|100\/100\n|-fieldstart|move: Electric Terrain|[from] ability: Hadron Engine|[of] p2a: Miraidon\n|turn|14\n|\n|t:|1697967931\n|switch|p1a: Xxs4suk3xX|Annihilape, F|94\/100 brn\n|move|p2a: Miraidon|Draco Meteor|p1a: Xxs4suk3xX\n|-damage|p1a: Xxs4suk3xX|36\/100 brn\n|-unboost|p2a: Miraidon|spa|2\n|\n|-heal|p1a: Xxs4suk3xX|42\/100 brn|[from] item: Leftovers\n|-damage|p1a: Xxs4suk3xX|36\/100 brn|[from] brn\n|upkeep\n|turn|15\n|\n|t:|1697967951\n|move|p2a: Miraidon|Draco Meteor|p1a: Xxs4suk3xX\n|-damage|p1a: Xxs4suk3xX|6\/100 brn\n|-unboost|p2a: Miraidon|spa|2\n|move|p1a: Xxs4suk3xX|Drain Punch|p2a: Miraidon\n|-damage|p2a: Miraidon|86\/100\n|-heal|p1a: Xxs4suk3xX|11\/100 brn|[from] drain|[of] p2a: Miraidon\n|\n|-heal|p1a: Xxs4suk3xX|18\/100 brn|[from] item: Leftovers\n|-damage|p1a: Xxs4suk3xX|11\/100 brn|[from] brn\n|upkeep\n|turn|16\n|\n|t:|1697967965\n|switch|p2a: Ditto|Ditto|34\/100\n|-transform|p2a: Ditto|p1a: Xxs4suk3xX|[from] ability: Imposter\n|move|p1a: Xxs4suk3xX|Rage Fist|p2a: Ditto\n|-supereffective|p2a: Ditto\n|-damage|p2a: Ditto|0 fnt\n|faint|p2a: Ditto\n|\n|-heal|p1a: Xxs4suk3xX|18\/100 brn|[from] item: Leftovers\n|-damage|p1a: Xxs4suk3xX|11\/100 brn|[from] brn\n|upkeep\n|\n|t:|1697967978\n|switch|p2a: Miraidon|Miraidon|86\/100\n|-activate|p2a: Miraidon|ability: Hadron Engine\n|turn|17\n|\n|t:|1697967983\n|move|p2a: Miraidon|Volt Switch|p1a: Xxs4suk3xX\n|-damage|p1a: Xxs4suk3xX|0 fnt\n|faint|p1a: Xxs4suk3xX\n|\n|t:|1697967988\n|switch|p2a: Tyranitar|Tyranitar, F|100\/100|[from] Volt Switch\n|-weather|Sandstorm|[from] ability: Sand Stream|[of] p2a: Tyranitar\n|\n|-weather|Sandstorm|[upkeep]\n|upkeep\n|\n|t:|1697967992\n|switch|p1a: Palafin|Palafin-Hero, F|73\/100\n|-activate|p1a: Palafin|ability: Zero to Hero\n|turn|18\n|\n|t:|1697968002\n|switch|p2a: Miraidon|Miraidon|86\/100\n|-activate|p2a: Miraidon|ability: Hadron Engine\n|move|p1a: Palafin|Flip Turn|p2a: Miraidon\n|-resisted|p2a: Miraidon\n|-damage|p2a: Miraidon|57\/100\n|\n|t:|1697968010\n|switch|p1a: vroom vromm|Cyclizar, M|100\/100|[from] Flip Turn\n|\n|-weather|Sandstorm|[upkeep]\n|-damage|p2a: Miraidon|51\/100|[from] Sandstorm\n|-damage|p1a: vroom vromm|94\/100|[from] Sandstorm\n|-fieldend|move: Electric Terrain\n|upkeep\n|turn|19\n|\n|t:|1697968018\n|move|p2a: Miraidon|Draco Meteor|p1a: vroom vromm\n|-supereffective|p1a: vroom vromm\n|-damage|p1a: vroom vromm|0 fnt\n|-unboost|p2a: Miraidon|spa|2\n|faint|p1a: vroom vromm\n|\n|-weather|Sandstorm|[upkeep]\n|-damage|p2a: Miraidon|45\/100|[from] Sandstorm\n|upkeep\n|\n|t:|1697968026\n|switch|p1a: LMAO TERACRYSTAL|Baxcalibur, F|100\/100\n|turn|20\n|\n|t:|1697968036\n|switch|p2a: Tyranitar|Tyranitar, F|100\/100\n|move|p1a: LMAO TERACRYSTAL|Scale Shot|p2a: Tyranitar\n|-damage|p2a: Tyranitar|89\/100\n|-damage|p2a: Tyranitar|75\/100\n|-crit|p2a: Tyranitar\n|-damage|p2a: Tyranitar|56\/100\n|-damage|p2a: Tyranitar|43\/100\n|-damage|p2a: Tyranitar|30\/100\n|-hitcount|p2a: Tyranitar|5\n|-unboost|p1a: LMAO TERACRYSTAL|def|1\n|-boost|p1a: LMAO TERACRYSTAL|spe|1\n|\n|-weather|Sandstorm|[upkeep]\n|-damage|p1a: LMAO TERACRYSTAL|94\/100|[from] Sandstorm\n|upkeep\n|turn|21\n|\n|t:|1697968052\n|move|p1a: LMAO TERACRYSTAL|Scale Shot|p2a: Tyranitar\n|-damage|p2a: Tyranitar|17\/100\n|-damage|p2a: Tyranitar|5\/100\n|-damage|p2a: Tyranitar|0 fnt\n|faint|p2a: Tyranitar\n|-hitcount|p2: Tyranitar|3\n|-unboost|p1a: LMAO TERACRYSTAL|def|1\n|-boost|p1a: LMAO TERACRYSTAL|spe|1\n|\n|-weather|Sandstorm|[upkeep]\n|-damage|p1a: LMAO TERACRYSTAL|88\/100|[from] Sandstorm\n|upkeep\n|\n|t:|1697968065\n|switch|p2a: Houndstone|Houndstone, M|100\/100\n|turn|22\n|\n|t:|1697968068\n|move|p2a: Houndstone|Last Respects|p1a: LMAO TERACRYSTAL\n|-damage|p1a: LMAO TERACRYSTAL|0 fnt\n|faint|p1a: LMAO TERACRYSTAL\n|\n|-weather|Sandstorm|[upkeep]\n|upkeep\n|\n|t:|1697968072\n|switch|p1a: Ursaluna|Ursaluna-Bloodmoon, M|63\/100\n|turn|23\n|\n|t:|1697968086\n|switch|p2a: Miraidon|Miraidon|45\/100\n|-fieldstart|move: Electric Terrain|[from] ability: Hadron Engine|[of] p2a: Miraidon\n|move|p1a: Ursaluna|Blood Moon|p2a: Miraidon\n|-damage|p2a: Miraidon|0 fnt\n|faint|p2a: Miraidon\n|\n|-weather|Sandstorm|[upkeep]\n|-heal|p1a: Ursaluna|69\/100|[from] item: Leftovers\n|upkeep\n|\n|t:|1697968097\n|switch|p2a: Houndstone|Houndstone, M|100\/100\n|turn|24\n|\n|t:|1697968103\n|move|p2a: Houndstone|Trick|p1a: Ursaluna\n|-activate|p2a: Houndstone|move: Trick|[of] p1a: Ursaluna\n|-item|p1a: Ursaluna|Choice Scarf|[from] move: Trick\n|-item|p2a: Houndstone|Leftovers|[from] move: Trick\n|move|p1a: Ursaluna|Moonlight|p1a: Ursaluna\n|-heal|p1a: Ursaluna|94\/100\n|\n|-weather|none\n|upkeep\n|turn|25\n|\n|t:|1697968113\n|switch|p1a: Palafin|Palafin-Hero, F|73\/100\n|move|p2a: Houndstone|Play Rough|p1a: Palafin\n|-damage|p1a: Palafin|45\/100\n|-unboost|p1a: Palafin|atk|1\n|\n|upkeep\n|turn|26\n|\n|t:|1697968124\n|move|p1a: Palafin|Wave Crash|p2a: Houndstone\n|-damage|p2a: Houndstone|9\/100\n|-damage|p1a: Palafin|20\/100|[from] Recoil\n|move|p2a: Houndstone|Last Respects|p1a: Palafin\n|-damage|p1a: Palafin|0 fnt\n|faint|p1a: Palafin\n|\n|-heal|p2a: Houndstone|15\/100|[from] item: Leftovers\n|upkeep\n|\n|t:|1697968129\n|switch|p1a: Ursaluna|Ursaluna-Bloodmoon, M|94\/100\n|turn|27\n|l|\u2606Blackagar B\n|inactive|Blackagar B disconnected and has a minute to reconnect!\n|player|p2|\n|inactive|Blackagar B has 30 seconds to reconnect!\n|inactive|Blackagar B has 20 seconds to reconnect!\n|inactive|Blackagar B has 15 seconds to reconnect!\n|inactive|Blackagar B has 10 seconds to reconnect!\n|inactive|Blackagar B has 5 seconds to reconnect!\n|-message|Blackagar B lost due to inactivity.\n|\n|win|IEnexmac\n|raw|IEnexmac's rating: 1309 &rarr; <strong>1330<\/strong><br \/>(+21 for winning)\n|raw|Blackagar B's rating: 1330 &rarr; <strong>1309<\/strong><br \/>(-21 for losing)\n","uploadtime":1697968198,"views":14,"p1id":"ienexmac","p2id":"blackagarb","formatid":"gen9ubers","rating":1309,"private":0,"password":""}