{"id":"gen9ubers-1981380648","p1":"TubeKnight","p2":"HinaKagiyama1","format":"[Gen 9] Ubers","log":"|j|\u2606TubeKnight\n|j|\u2606HinaKagiyama1\n|t:|1698889532\n|gametype|singles\n|player|p1|TubeKnight|265|\n|player|p2|HinaKagiyama1|2|\n|teamsize|p1|6\n|teamsize|p2|6\n|gen|9\n|tier|[Gen 9] Ubers\n|rule|Sleep Clause Mod: Limit one foe put to sleep\n|rule|Species Clause: Limit one of each Pok\u00e9mon\n|rule|OHKO Clause: OHKO moves are banned\n|rule|Evasion Items Clause: Evasion items are banned\n|rule|Evasion Moves Clause: Evasion moves are banned\n|rule|Endless Battle Clause: Forcing endless battles is banned\n|rule|HP Percentage Mod: HP is shown in percentages\n|clearpoke\n|poke|p1|Empoleon, M|\n|poke|p1|Pelipper, M|\n|poke|p1|Thundurus-Therian, M|\n|poke|p1|Arceus-Ghost|\n|poke|p1|Magearna|\n|poke|p1|Mandibuzz, F|\n|poke|p2|Tyranitar, F|\n|poke|p2|Arceus-Rock|\n|poke|p2|Garchomp, M|\n|poke|p2|Donphan, M|\n|poke|p2|Magearna|\n|poke|p2|Houndstone, M|\n|teampreview\n|c|\u2606HinaKagiyama1|Stall?\n|inactive|Battle timer is ON: inactive players will automatically lose when time's up. (requested by TubeKnight)\n|c|\u2606TubeKnight|not stall\n|c|\u2606TubeKnight|glhf\n|\n|t:|1698889563\n|start\n|switch|p1a: Pelipper|Pelipper, M, shiny|100\/100\n|switch|p2a: Uwu orb|Magearna|100\/100\n|-weather|RainDance|[from] ability: Drizzle|[of] p1a: Pelipper\n|turn|1\n|c|\u2606HinaKagiyama1|You too\n|\n|t:|1698889572\n|switch|p1a: Thundurus|Thundurus-Therian, M, shiny|100\/100\n|move|p2a: Uwu orb|Volt Switch|p1a: Thundurus\n|-immune|p1a: Thundurus|[from] ability: Volt Absorb\n|\n|-weather|RainDance|[upkeep]\n|upkeep\n|turn|2\n|\n|t:|1698889576\n|move|p1a: Thundurus|Thunder|p2a: Uwu orb\n|-damage|p2a: Uwu orb|28\/100\n|-damage|p1a: Thundurus|91\/100|[from] item: Life Orb\n|move|p2a: Uwu orb|Fleur Cannon|p1a: Thundurus\n|-crit|p1a: Thundurus\n|-damage|p1a: Thundurus|0 fnt\n|-unboost|p2a: Uwu orb|spa|2\n|faint|p1a: Thundurus\n|-ability|p2a: Uwu orb|Soul-Heart|boost\n|-boost|p2a: Uwu orb|spa|1\n|\n|-weather|RainDance|[upkeep]\n|-heal|p2a: Uwu orb|34\/100|[from] item: Leftovers\n|upkeep\n|c|\u2606HinaKagiyama1|Ah, rain offense\n|\n|t:|1698889594\n|switch|p1a: Arceus|Arceus-Ghost, shiny|100\/100\n|turn|3\n|\n|t:|1698889605\n|move|p1a: Arceus|Swords Dance|p1a: Arceus\n|-boost|p1a: Arceus|atk|2\n|move|p2a: Uwu orb|Thunder Wave|p1a: Arceus|[miss]\n|-miss|p2a: Uwu orb|p1a: Arceus\n|\n|-weather|RainDance|[upkeep]\n|-heal|p2a: Uwu orb|40\/100|[from] item: Leftovers\n|upkeep\n|turn|4\n|c|\u2606HinaKagiyama1|Why\n|c|\u2606TubeKnight|yeah someone made a joke about empoleon and so i just said why not\n|c|\u2606TubeKnight|lmao\n|\n|t:|1698889625\n|move|p1a: Arceus|Shadow Claw|p2a: Uwu orb\n|-damage|p2a: Uwu orb|0 fnt\n|faint|p2a: Uwu orb\n|\n|-weather|RainDance|[upkeep]\n|upkeep\n|c|\u2606HinaKagiyama1|I said why cause of the miss\n|\n|t:|1698889645\n|switch|p2a: DREAM ON|Tyranitar, F|100\/100\n|-weather|Sandstorm|[from] ability: Sand Stream|[of] p2a: DREAM ON\n|turn|5\n|\n|t:|1698889656\n|switch|p1a: Empoleon|Empoleon, M, shiny|100\/100\n|switch|p2a: Donphozo|Donphan, M|100\/100\n|\n|-weather|Sandstorm|[upkeep]\n|upkeep\n|turn|6\n|\n|t:|1698889671\n|switch|p1a: Mandibuzz|Mandibuzz, F, shiny|100\/100\n|move|p2a: Donphozo|Earthquake|p1a: Mandibuzz\n|-immune|p1a: Mandibuzz\n|\n|-weather|Sandstorm|[upkeep]\n|upkeep\n|turn|7\n|\n|t:|1698889675\n|move|p2a: Donphozo|Ice Shard|p1a: Mandibuzz\n|-supereffective|p1a: Mandibuzz\n|-damage|p1a: Mandibuzz|84\/100\n|move|p1a: Mandibuzz|Toxic|p2a: Donphozo|[miss]\n|-miss|p1a: Mandibuzz|p2a: Donphozo\n|\n|-weather|Sandstorm|[upkeep]\n|upkeep\n|turn|8\n|c|\u2606TubeKnight|well now we're even\n|\n|t:|1698889689\n|switch|p2a: DREAM ON|Tyranitar, F|100\/100\n|move|p1a: Mandibuzz|Toxic|p2a: DREAM ON\n|-status|p2a: DREAM ON|tox\n|\n|-weather|Sandstorm|[upkeep]\n|-damage|p2a: DREAM ON|94\/100 tox|[from] psn\n|upkeep\n|turn|9\n|c|\u2606HinaKagiyama1|Yep\n|\n|t:|1698889711\n|switch|p1a: Magearna|Magearna|100\/100\n|move|p2a: DREAM ON|Stealth Rock|p1a: Magearna\n|-sidestart|p1: TubeKnight|move: Stealth Rock\n|\n|-weather|Sandstorm|[upkeep]\n|-damage|p2a: DREAM ON|82\/100 tox|[from] psn\n|upkeep\n|turn|10\n|\n|t:|1698889718\n|switch|p2a: Arc the rock eus|Arceus-Rock|100\/100\n|move|p1a: Magearna|Spikes|p2a: Arc the rock eus\n|-sidestart|p2: HinaKagiyama1|Spikes\n|\n|-weather|Sandstorm|[upkeep]\n|upkeep\n|turn|11\n|\n|t:|1698889732\n|move|p2a: Arc the rock eus|Taunt|p1a: Magearna\n|-start|p1a: Magearna|move: Taunt\n|cant|p1a: Magearna|move: Taunt|Thunder Wave\n|\n|-weather|Sandstorm|[upkeep]\n|upkeep\n|turn|12\n|\n|t:|1698889735\n|move|p2a: Arc the rock eus|Calm Mind|p2a: Arc the rock eus\n|-boost|p2a: Arc the rock eus|spa|1\n|-boost|p2a: Arc the rock eus|spd|1\n|move|p1a: Magearna|Volt Switch|p2a: Arc the rock eus\n|-damage|p2a: Arc the rock eus|95\/100\n|\n|t:|1698889759\n|switch|p1a: Empoleon|Empoleon, M, shiny|100\/100|[from] Volt Switch\n|-damage|p1a: Empoleon|94\/100|[from] Stealth Rock\n|\n|-weather|none\n|upkeep\n|turn|13\n|\n|t:|1698889772\n|move|p2a: Arc the rock eus|Calm Mind|p2a: Arc the rock eus\n|-boost|p2a: Arc the rock eus|spa|1\n|-boost|p2a: Arc the rock eus|spd|1\n|move|p1a: Empoleon|Agility|p1a: Empoleon\n|-boost|p1a: Empoleon|spe|2\n|\n|upkeep\n|turn|14\n|\n|t:|1698889775\n|move|p1a: Empoleon|Surf|p2a: Arc the rock eus\n|-supereffective|p2a: Arc the rock eus\n|-damage|p2a: Arc the rock eus|56\/100\n|-damage|p1a: Empoleon|85\/100|[from] item: Life Orb\n|move|p2a: Arc the rock eus|Judgment|p1a: Empoleon\n|-resisted|p1a: Empoleon\n|-damage|p1a: Empoleon|36\/100\n|\n|upkeep\n|turn|15\n|\n|t:|1698889784\n|move|p1a: Empoleon|Roost|p1a: Empoleon\n|-heal|p1a: Empoleon|86\/100\n|-singleturn|p1a: Empoleon|move: Roost\n|move|p2a: Arc the rock eus|Recover|p2a: Arc the rock eus\n|-heal|p2a: Arc the rock eus|100\/100\n|\n|upkeep\n|turn|16\n|\n|t:|1698889790\n|switch|p1a: Magearna|Magearna|100\/100\n|-damage|p1a: Magearna|94\/100|[from] Stealth Rock\n|move|p2a: Arc the rock eus|Calm Mind|p2a: Arc the rock eus\n|-boost|p2a: Arc the rock eus|spa|1\n|-boost|p2a: Arc the rock eus|spd|1\n|\n|-heal|p1a: Magearna|100\/100|[from] item: Leftovers\n|upkeep\n|turn|17\n|\n|t:|1698889796\n|move|p2a: Arc the rock eus|Taunt|p1a: Magearna\n|-start|p1a: Magearna|move: Taunt\n|move|p1a: Magearna|Fleur Cannon|p2a: Arc the rock eus\n|-damage|p2a: Arc the rock eus|86\/100\n|-unboost|p1a: Magearna|spa|2\n|\n|upkeep\n|turn|18\n|\n|t:|1698889800\n|move|p2a: Arc the rock eus|Calm Mind|p2a: Arc the rock eus\n|-boost|p2a: Arc the rock eus|spa|1\n|-boost|p2a: Arc the rock eus|spd|1\n|move|p1a: Magearna|Volt Switch|p2a: Arc the rock eus\n|-damage|p2a: Arc the rock eus|83\/100\n|\n|t:|1698889804\n|switch|p1a: Arceus|Arceus-Ghost, shiny|100\/100|[from] Volt Switch\n|-damage|p1a: Arceus|88\/100|[from] Stealth Rock\n|\n|upkeep\n|turn|19\n|\n|t:|1698889815\n|-terastallize|p2a: Arc the rock eus|Flying\n|move|p2a: Arc the rock eus|Judgment|p1a: Arceus\n|-damage|p1a: Arceus|0 fnt\n|faint|p1a: Arceus\n|\n|upkeep\n|c|\u2606HinaKagiyama1|Oh\n|c|\u2606HinaKagiyama1|I thought you\u2019d win the 50\/50 and eq me\n|c|\u2606TubeKnight|lol\n|\n|t:|1698889838\n|switch|p1a: Magearna|Magearna|100\/100\n|-damage|p1a: Magearna|94\/100|[from] Stealth Rock\n|turn|20\n|c|\u2606HinaKagiyama1|I\u2019ve seen that set\n|c|\u2606HinaKagiyama1|eq\/shadow claw\n|inactive|TubeKnight has 270 seconds left.\n|c|\u2606TubeKnight|isnt it e speed\n|c|\u2606HinaKagiyama1|Except with groundceus\n|\n|t:|1698889868\n|move|p2a: Arc the rock eus|Taunt|p1a: Magearna\n|-start|p1a: Magearna|move: Taunt\n|cant|p1a: Magearna|move: Taunt|Thunder Wave\n|\n|-heal|p1a: Magearna|100\/100|[from] item: Leftovers\n|upkeep\n|turn|21\n|\n|t:|1698889876\n|move|p2a: Arc the rock eus|Judgment|p1a: Magearna\n|-resisted|p1a: Magearna\n|-damage|p1a: Magearna|56\/100\n|move|p1a: Magearna|Volt Switch|p2a: Arc the rock eus\n|-supereffective|p2a: Arc the rock eus\n|-damage|p2a: Arc the rock eus|74\/100\n|inactive|TubeKnight has 270 seconds left.\n|\n|t:|1698889882\n|switch|p1a: Mandibuzz|Mandibuzz, F, shiny|84\/100|[from] Volt Switch\n|\n|upkeep\n|turn|22\n|\n|t:|1698889906\n|-terastallize|p1a: Mandibuzz|Poison\n|move|p2a: Arc the rock eus|Judgment|p1a: Mandibuzz\n|-damage|p1a: Mandibuzz|0 fnt\n|faint|p1a: Mandibuzz\n|\n|upkeep\n|c|\u2606HinaKagiyama1|Pfft\n|\n|t:|1698889916\n|switch|p1a: Empoleon|Empoleon, M, shiny|86\/100\n|-damage|p1a: Empoleon|80\/100|[from] Stealth Rock\n|turn|23\n|\n|t:|1698889935\n|move|p2a: Arc the rock eus|Judgment|p1a: Empoleon\n|-resisted|p1a: Empoleon\n|-damage|p1a: Empoleon|0 fnt\n|faint|p1a: Empoleon\n|\n|upkeep\n|\n|t:|1698889938\n|switch|p1a: Pelipper|Pelipper, M, shiny|100\/100\n|-damage|p1a: Pelipper|76\/100|[from] Stealth Rock\n|-weather|RainDance|[from] ability: Drizzle|[of] p1a: Pelipper\n|turn|24\n|\n|t:|1698889940\n|move|p2a: Arc the rock eus|Judgment|p1a: Pelipper\n|-supereffective|p1a: Pelipper\n|-damage|p1a: Pelipper|0 fnt\n|faint|p1a: Pelipper\n|\n|-weather|RainDance|[upkeep]\n|upkeep\n|\n|t:|1698889943\n|switch|p1a: Magearna|Magearna|56\/100\n|-damage|p1a: Magearna|50\/100|[from] Stealth Rock\n|turn|25\n|c|\u2606TubeKnight|eh ggs\n|c|\u2606TubeKnight|its more of a meme team anyways\n|c|\u2606HinaKagiyama1|Fair enough\n|\n|t:|1698889971\n|move|p2a: Arc the rock eus|Judgment|p1a: Magearna\n|-resisted|p1a: Magearna\n|-damage|p1a: Magearna|4\/100\n|move|p1a: Magearna|Fleur Cannon|p2a: Arc the rock eus\n|-damage|p2a: Arc the rock eus|62\/100\n|-unboost|p1a: Magearna|spa|2\n|\n|-weather|RainDance|[upkeep]\n|-heal|p1a: Magearna|10\/100|[from] item: Leftovers\n|upkeep\n|turn|26\n|c|\u2606TubeKnight|wanna go against my other meme team\n|c|\u2606HinaKagiyama1|Sure\n|\n|t:|1698889979\n|move|p2a: Arc the rock eus|Judgment|p1a: Magearna\n|-resisted|p1a: Magearna\n|-damage|p1a: Magearna|0 fnt\n|faint|p1a: Magearna\n|\n|win|HinaKagiyama1\n|l|\u2606TubeKnight\n|c|\u2606HinaKagiyama1|You upload?\n","uploadtime":1698889987,"views":13,"p1id":"tubeknight","p2id":"hinakagiyama1","formatid":"gen9ubers","rating":0,"private":0,"password":""}