{"id":"gen9ubers-1982837988","p1":"Bondayru","p2":"BananaXD","format":"[Gen 9] Ubers","log":"|j|\u2606Bondayru\n|j|\u2606BananaXD\n|t:|1699049863\n|gametype|singles\n|player|p1|Bondayru|bruno|\n|player|p2|BananaXD|skyla|\n|teamsize|p1|6\n|teamsize|p2|6\n|gen|9\n|tier|[Gen 9] Ubers\n|rule|Sleep Clause Mod: Limit one foe put to sleep\n|rule|Species Clause: Limit one of each Pok\u00e9mon\n|rule|OHKO Clause: OHKO moves are banned\n|rule|Evasion Items Clause: Evasion items are banned\n|rule|Evasion Moves Clause: Evasion moves are banned\n|rule|Endless Battle Clause: Forcing endless battles is banned\n|rule|HP Percentage Mod: HP is shown in percentages\n|clearpoke\n|poke|p1|Iron Treads|\n|poke|p1|Enamorus, F|\n|poke|p1|Dragapult, F|\n|poke|p1|Slowking, F|\n|poke|p1|Crawdaunt, F|\n|poke|p1|Diancie|\n|poke|p2|Iron Moth|\n|poke|p2|Noivern, M|\n|poke|p2|Conkeldurr, M|\n|poke|p2|Landorus-Therian, M|\n|poke|p2|Scizor, M|\n|poke|p2|Shiftry, F|\n|teampreview\n|c|\u2606Bondayru|gl gl\n|c|\u2606Bondayru|hf hf\n|j| Chazl Dazl\n|\n|t:|1699049959\n|start\n|switch|p1a: Andrisimo|Diancie|100\/100\n|switch|p2a: Scratchman|Noivern, M|100\/100\n|-item|p1a: Andrisimo|Leftovers|[from] ability: Frisk|[of] p2a: Scratchman|[identify]\n|turn|1\n|\n|t:|1699049987\n|move|p2a: Scratchman|U-turn|p1a: Andrisimo\n|-resisted|p1a: Andrisimo\n|-damage|p1a: Andrisimo|96\/100\n|\n|t:|1699049992\n|switch|p2a: Kidd|Scizor, M|100\/100|[from] U-turn\n|move|p1a: Andrisimo|Stealth Rock|p2a: Kidd\n|-sidestart|p2: BananaXD|move: Stealth Rock\n|\n|-heal|p1a: Andrisimo|100\/100|[from] item: Leftovers\n|upkeep\n|turn|2\n|\n|t:|1699050036\n|switch|p1a: Thomwise Gamgee|Iron Treads|100\/100\n|move|p2a: Kidd|Knock Off|p1a: Thomwise Gamgee\n|-damage|p1a: Thomwise Gamgee|48\/100\n|-enditem|p1a: Thomwise Gamgee|Leftovers|[from] move: Knock Off|[of] p2a: Kidd\n|\n|upkeep\n|turn|3\n|\n|t:|1699050184\n|switch|p2a: Whitebeard|Landorus-Therian, M|100\/100\n|-damage|p2a: Whitebeard|88\/100|[from] Stealth Rock\n|-ability|p2a: Whitebeard|Intimidate|boost\n|-unboost|p1a: Thomwise Gamgee|atk|1\n|move|p1a: Thomwise Gamgee|Rapid Spin|p2a: Whitebeard\n|-crit|p2a: Whitebeard\n|-damage|p2a: Whitebeard|73\/100\n|-boost|p1a: Thomwise Gamgee|spe|1\n|-enditem|p2a: Whitebeard|Eject Button\n|\n|t:|1699050230\n|switch|p2a: Urouge|Conkeldurr, M|100\/100\n|-damage|p2a: Urouge|94\/100|[from] Stealth Rock\n|\n|upkeep\n|turn|4\n|\n|t:|1699050295\n|-end|p1a: Thomwise Gamgee|Quark Drive|[silent]\n|switch|p1a: Lukerino|Enamorus, F|100\/100\n|switch|p2a: Kidd|Scizor, M|100\/100\n|-damage|p2a: Kidd|88\/100|[from] Stealth Rock\n|\n|upkeep\n|turn|5\n|\n|t:|1699050333\n|switch|p1a: Thomwise Gamgee|Iron Treads|48\/100\n|move|p2a: Kidd|Bullet Punch|p1a: Thomwise Gamgee\n|-resisted|p1a: Thomwise Gamgee\n|-damage|p1a: Thomwise Gamgee|26\/100\n|\n|upkeep\n|turn|6\n|\n|t:|1699050384\n|switch|p2a: Whitebeard|Landorus-Therian, M|73\/100\n|-damage|p2a: Whitebeard|61\/100|[from] Stealth Rock\n|-ability|p2a: Whitebeard|Intimidate|boost\n|-unboost|p1a: Thomwise Gamgee|atk|1\n|move|p1a: Thomwise Gamgee|Earthquake|p2a: Whitebeard\n|-immune|p2a: Whitebeard\n|\n|upkeep\n|turn|7\n|\n|t:|1699050396\n|move|p1a: Thomwise Gamgee|Ice Spinner|p2a: Whitebeard\n|-supereffective|p2a: Whitebeard\n|-damage|p2a: Whitebeard|15\/100\n|move|p2a: Whitebeard|U-turn|p1a: Thomwise Gamgee\n|-resisted|p1a: Thomwise Gamgee\n|-damage|p1a: Thomwise Gamgee|16\/100\n|\n|t:|1699050459\n|switch|p2a: Greenbull|Shiftry, F|100\/100|[from] U-turn\n|-damage|p2a: Greenbull|88\/100|[from] Stealth Rock\n|\n|upkeep\n|turn|8\n|\n|t:|1699050526\n|move|p1a: Thomwise Gamgee|Ice Spinner|p2a: Greenbull\n|-supereffective|p2a: Greenbull\n|-damage|p2a: Greenbull|47\/100\n|move|p2a: Greenbull|Tailwind|p2a: Greenbull\n|-sidestart|p2: BananaXD|move: Tailwind\n|-ability|p2a: Greenbull|Wind Rider|boost\n|-boost|p2a: Greenbull|atk|1\n|\n|upkeep\n|turn|9\n|\n|t:|1699050552\n|-terastallize|p2a: Greenbull|Dark\n|move|p2a: Greenbull|Knock Off|p1a: Thomwise Gamgee\n|-damage|p1a: Thomwise Gamgee|0 fnt\n|faint|p1a: Thomwise Gamgee\n|-end|p1a: Thomwise Gamgee|Quark Drive|[silent]\n|\n|upkeep\n|\n|t:|1699050587\n|switch|p1a: A Good Source of K|Crawdaunt, F|100\/100\n|turn|10\n|\n|t:|1699050611\n|move|p1a: A Good Source of K|Aqua Jet|p2a: Greenbull\n|-damage|p2a: Greenbull|0 fnt\n|faint|p2a: Greenbull\n|\n|upkeep\n|\n|t:|1699050630\n|switch|p2a: Urouge|Conkeldurr, M|94\/100\n|-damage|p2a: Urouge|88\/100|[from] Stealth Rock\n|turn|11\n|\n|t:|1699050642\n|switch|p1a: Lukerino|Enamorus, F|100\/100\n|move|p2a: Urouge|Ice Punch|p1a: Lukerino\n|-supereffective|p1a: Lukerino\n|-damage|p1a: Lukerino|0 fnt\n|-start|p2a: Urouge|Attract|[from] ability: Cute Charm|[of] p1a: Lukerino\n|faint|p1a: Lukerino\n|-end|p2a: Urouge|Attract|[silent]\n|\n|-sideend|p2: BananaXD|move: Tailwind\n|upkeep\n|c|\u2606Bondayru|ow\n|\n|t:|1699050677\n|switch|p1a: Andrisimo|Diancie|100\/100\n|turn|12\n|\n|t:|1699050698\n|move|p2a: Urouge|Drain Punch|p1a: Andrisimo\n|-damage|p1a: Andrisimo|65\/100\n|-heal|p2a: Urouge|100\/100|[from] drain|[of] p1a: Andrisimo\n|move|p1a: Andrisimo|Trick Room|p1a: Andrisimo\n|-fieldstart|move: Trick Room|[of] p1a: Andrisimo\n|\n|-heal|p1a: Andrisimo|71\/100|[from] item: Leftovers\n|upkeep\n|turn|13\n|\n|t:|1699050795\n|move|p2a: Urouge|Drain Punch|p1a: Andrisimo\n|-damage|p1a: Andrisimo|33\/100\n|move|p1a: Andrisimo|Diamond Storm|p2a: Urouge\n|-resisted|p2a: Urouge\n|-damage|p2a: Urouge|83\/100\n|-boost|p1a: Andrisimo|def|2\n|\n|-heal|p1a: Andrisimo|40\/100|[from] item: Leftovers\n|upkeep\n|turn|14\n|\n|t:|1699050823\n|move|p2a: Urouge|Drain Punch|p1a: Andrisimo\n|-damage|p1a: Andrisimo|21\/100\n|-heal|p2a: Urouge|91\/100|[from] drain|[of] p1a: Andrisimo\n|move|p1a: Andrisimo|Body Press|p2a: Urouge\n|-damage|p2a: Urouge|46\/100\n|\n|-heal|p1a: Andrisimo|27\/100|[from] item: Leftovers\n|upkeep\n|turn|15\n|\n|t:|1699050841\n|move|p2a: Urouge|Drain Punch|p1a: Andrisimo\n|-damage|p1a: Andrisimo|10\/100\n|-heal|p2a: Urouge|53\/100|[from] drain|[of] p1a: Andrisimo\n|move|p1a: Andrisimo|Diamond Storm|p2a: Urouge\n|-resisted|p2a: Urouge\n|-damage|p2a: Urouge|37\/100\n|\n|-heal|p1a: Andrisimo|16\/100|[from] item: Leftovers\n|upkeep\n|turn|16\n|\n|t:|1699050849\n|move|p2a: Urouge|Drain Punch|p1a: Andrisimo\n|-damage|p1a: Andrisimo|0 fnt\n|-heal|p2a: Urouge|43\/100|[from] drain|[of] p1a: Andrisimo\n|faint|p1a: Andrisimo\n|\n|-fieldend|move: Trick Room\n|upkeep\n|\n|t:|1699050855\n|switch|p1a: Kevington III|Slowking, F|100\/100\n|turn|17\n|\n|t:|1699050864\n|switch|p2a: Whitebeard|Landorus-Therian, M|15\/100\n|-damage|p2a: Whitebeard|2\/100|[from] Stealth Rock\n|-ability|p2a: Whitebeard|Intimidate|boost\n|-unboost|p1a: Kevington III|atk|1\n|move|p1a: Kevington III|Trick Room|p1a: Kevington III\n|-fieldstart|move: Trick Room|[of] p1a: Kevington III\n|\n|upkeep\n|turn|18\n|\n|t:|1699050878\n|move|p1a: Kevington III|Scald|p2a: Whitebeard\n|-supereffective|p2a: Whitebeard\n|-damage|p2a: Whitebeard|0 fnt\n|faint|p2a: Whitebeard\n|\n|upkeep\n|\n|t:|1699050923\n|switch|p2a: Kidd|Scizor, M|88\/100\n|-damage|p2a: Kidd|76\/100|[from] Stealth Rock\n|turn|19\n|\n|t:|1699050931\n|move|p1a: Kevington III|Scald|p2a: Kidd\n|-damage|p2a: Kidd|43\/100\n|move|p2a: Kidd|U-turn|p1a: Kevington III\n|-supereffective|p1a: Kevington III\n|-damage|p1a: Kevington III|6\/100\n|\n|t:|1699050955\n|switch|p2a: Urouge|Conkeldurr, M|43\/100|[from] U-turn\n|-damage|p2a: Urouge|37\/100|[from] Stealth Rock\n|\n|upkeep\n|turn|20\n|\n|t:|1699051032\n|move|p2a: Urouge|Mach Punch|p1a: Kevington III\n|-resisted|p1a: Kevington III\n|-damage|p1a: Kevington III|0 fnt\n|faint|p1a: Kevington III\n|\n|upkeep\n|\n|t:|1699051035\n|switch|p1a: A Good Source of K|Crawdaunt, F|100\/100\n|turn|21\n|\n|t:|1699051126\n|move|p1a: A Good Source of K|Aqua Jet|p2a: Urouge\n|-damage|p2a: Urouge|0 fnt\n|faint|p2a: Urouge\n|\n|-fieldend|move: Trick Room\n|upkeep\n|\n|t:|1699051174\n|switch|p2a: Scratchman|Noivern, M|100\/100\n|-damage|p2a: Scratchman|75\/100|[from] Stealth Rock\n|-item|p1a: A Good Source of K|Choice Band|[from] ability: Frisk|[of] p2a: Scratchman|[identify]\n|turn|22\n|\n|t:|1699051232\n|move|p1a: A Good Source of K|Aqua Jet|p2a: Scratchman\n|-resisted|p2a: Scratchman\n|-damage|p2a: Scratchman|50\/100\n|move|p2a: Scratchman|Draco Meteor|p1a: A Good Source of K\n|-damage|p1a: A Good Source of K|3\/100\n|-unboost|p2a: Scratchman|spa|2\n|\n|upkeep\n|turn|23\n|\n|t:|1699051282\n|switch|p2a: Ace|Iron Moth|100\/100\n|-damage|p2a: Ace|76\/100|[from] Stealth Rock\n|-enditem|p2a: Ace|Booster Energy\n|-activate|p2a: Ace|ability: Quark Drive|[fromitem]\n|-start|p2a: Ace|quarkdrivespe\n|switch|p1a: Mega Shwyapult|Dragapult, F|100\/100\n|\n|upkeep\n|turn|24\n|\n|t:|1699051360\n|move|p2a: Ace|Fiery Dance|p1a: Mega Shwyapult\n|-resisted|p1a: Mega Shwyapult\n|-damage|p1a: Mega Shwyapult|71\/100\n|move|p1a: Mega Shwyapult|Draco Meteor|p2a: Ace\n|-damage|p2a: Ace|0 fnt\n|-unboost|p1a: Mega Shwyapult|spa|2\n|faint|p2a: Ace\n|-end|p2a: Ace|Quark Drive|[silent]\n|\n|upkeep\n|j| bareraptor\n|\n|t:|1699051392\n|switch|p2a: Scratchman|Noivern, M|50\/100\n|-damage|p2a: Scratchman|25\/100|[from] Stealth Rock\n|-item|p1a: Mega Shwyapult|Choice Specs|[from] ability: Frisk|[of] p2a: Scratchman|[identify]\n|turn|25\n|\n|t:|1699051419\n|switch|p1a: A Good Source of K|Crawdaunt, F|3\/100\n|move|p2a: Scratchman|Draco Meteor|p1a: A Good Source of K\n|-damage|p1a: A Good Source of K|0 fnt\n|-unboost|p2a: Scratchman|spa|2\n|faint|p1a: A Good Source of K\n|\n|upkeep\n|\n|t:|1699051426\n|switch|p1a: Mega Shwyapult|Dragapult, F|71\/100\n|turn|26\n|\n|t:|1699051453\n|move|p2a: Scratchman|Draco Meteor|p1a: Mega Shwyapult\n|-supereffective|p1a: Mega Shwyapult\n|-damage|p1a: Mega Shwyapult|0 fnt\n|-unboost|p2a: Scratchman|spa|2\n|faint|p1a: Mega Shwyapult\n|\n|win|BananaXD\n|c|\u2606Bondayru|gg\n|c|\u2606BananaXD|gg\n|l|\u2606Bondayru\n|l| Chazl Dazl\n|l| bareraptor\n","uploadtime":1699051479,"views":24,"p1id":"bondayru","p2id":"bananaxd","formatid":"gen9ubers","rating":0,"private":0,"password":""}