{"id":"gen9ubers-1971556806","p1":"Anne Frankkkk","p2":"Boss_Tadura","format":"[Gen 9] Ubers","log":"|j|\u2606Anne Frankkkk\n|j|\u2606Boss_Tadura\n|t:|1697748140\n|gametype|singles\n|player|p1|Anne Frankkkk|hilbert|1131\n|player|p2|Boss_Tadura|supernerd|1000\n|teamsize|p1|6\n|teamsize|p2|6\n|gen|9\n|tier|[Gen 9] Ubers\n|rated|\n|rule|Sleep Clause Mod: Limit one foe put to sleep\n|rule|Species Clause: Limit one of each Pok\u00e9mon\n|rule|OHKO Clause: OHKO moves are banned\n|rule|Evasion Items Clause: Evasion items are banned\n|rule|Evasion Moves Clause: Evasion moves are banned\n|rule|Endless Battle Clause: Forcing endless battles is banned\n|rule|HP Percentage Mod: HP is shown in percentages\n|clearpoke\n|poke|p1|Iron Hands|\n|poke|p1|Kyogre|\n|poke|p1|Chien-Pao|\n|poke|p1|Donphan, F|\n|poke|p1|Miraidon|\n|poke|p1|Iron Moth|\n|poke|p2|Dragapult, M|\n|poke|p2|Gholdengo|\n|poke|p2|Flutter Mane|\n|poke|p2|Sinistcha|\n|poke|p2|Zoroark-Hisui, F|\n|poke|p2|Basculegion, M|\n|teampreview\n|inactive|Battle timer is ON: inactive players will automatically lose when time's up. (requested by Anne Frankkkk)\n|\n|t:|1697748159\n|start\n|switch|p1a: Kyogre|Kyogre|100\/100\n|switch|p2a: Dragapult|Dragapult, M, shiny|100\/100\n|-weather|RainDance|[from] ability: Drizzle|[of] p1a: Kyogre\n|turn|1\n|\n|t:|1697748168\n|move|p1a: Kyogre|Water Spout|p2a: Dragapult\n|-resisted|p2a: Dragapult\n|-damage|p2a: Dragapult|27\/100\n|-start|p1a: Kyogre|Disable|Water Spout|[from] ability: Cursed Body|[of] p2a: Dragapult\n|move|p2a: Dragapult|Light Screen|p2a: Dragapult\n|-sidestart|p2: Boss_Tadura|move: Light Screen\n|\n|-weather|RainDance|[upkeep]\n|upkeep\n|turn|2\n|\n|t:|1697748181\n|switch|p1a: Donphan|Donphan, F, shiny|100\/100\n|move|p2a: Dragapult|Reflect|p2a: Dragapult\n|-sidestart|p2: Boss_Tadura|Reflect\n|\n|-weather|RainDance|[upkeep]\n|upkeep\n|turn|3\n|\n|t:|1697748192\n|move|p2a: Dragapult|Curse|p1a: Donphan\n|-start|p1a: Donphan|Curse|[of] p2a: Dragapult\n|-damage|p2a: Dragapult|0 fnt\n|faint|p2a: Dragapult\n|move|p1a: Donphan|Earthquake|p2: Dragapult|[notarget]\n|-fail|p1a: Donphan\n|\n|-weather|RainDance|[upkeep]\n|-damage|p1a: Donphan|76\/100|[from] Curse\n|upkeep\n|\n|t:|1697748203\n|switch|p2a: Sinistcha|Sinistcha, shiny|100\/100\n|turn|4\n|\n|t:|1697748212\n|move|p2a: Sinistcha|Strength Sap|p1a: Donphan\n|-unboost|p1a: Donphan|atk|1\n|move|p1a: Donphan|Gunk Shot|p2a: Sinistcha\n|-damage|p2a: Sinistcha|89\/100\n|\n|-weather|RainDance|[upkeep]\n|-damage|p1a: Donphan|51\/100|[from] Curse\n|upkeep\n|turn|5\n|\n|t:|1697748233\n|move|p2a: Sinistcha|Matcha Gotcha|p1a: Donphan\n|-supereffective|p1a: Donphan\n|-damage|p1a: Donphan|0 fnt\n|-heal|p2a: Sinistcha|100\/100|[from] drain|[of] p1a: Donphan\n|faint|p1a: Donphan\n|\n|-weather|none\n|upkeep\n|\n|t:|1697748237\n|switch|p1a: Iron Moth|Iron Moth, shiny|100\/100\n|turn|6\n|inactive|Boss_Tadura has 120 seconds left.\n|\n|t:|1697748272\n|move|p1a: Iron Moth|Fiery Dance|p2a: Sinistcha\n|-supereffective|p2a: Sinistcha\n|-damage|p2a: Sinistcha|69\/100\n|-boost|p1a: Iron Moth|spa|1\n|-damage|p1a: Iron Moth|91\/100|[from] item: Life Orb\n|move|p2a: Sinistcha|Calm Mind|p2a: Sinistcha\n|-boost|p2a: Sinistcha|spa|1\n|-boost|p2a: Sinistcha|spd|1\n|\n|upkeep\n|turn|7\n|inactive|Boss_Tadura has 120 seconds left.\n|\n|t:|1697748281\n|move|p1a: Iron Moth|Fiery Dance|p2a: Sinistcha\n|-supereffective|p2a: Sinistcha\n|-damage|p2a: Sinistcha|37\/100\n|-damage|p1a: Iron Moth|81\/100|[from] item: Life Orb\n|move|p2a: Sinistcha|Calm Mind|p2a: Sinistcha\n|-boost|p2a: Sinistcha|spa|1\n|-boost|p2a: Sinistcha|spd|1\n|\n|upkeep\n|turn|8\n|\n|t:|1697748289\n|move|p1a: Iron Moth|Fiery Dance|p2a: Sinistcha\n|-supereffective|p2a: Sinistcha\n|-damage|p2a: Sinistcha|14\/100\n|-boost|p1a: Iron Moth|spa|1\n|-damage|p1a: Iron Moth|71\/100|[from] item: Life Orb\n|move|p2a: Sinistcha|Shadow Ball|p1a: Iron Moth\n|-damage|p1a: Iron Moth|12\/100\n|\n|-sideend|p2: Boss_Tadura|move: Light Screen\n|upkeep\n|turn|9\n|\n|t:|1697748301\n|move|p1a: Iron Moth|Sludge Wave|p2a: Sinistcha\n|-crit|p2a: Sinistcha\n|-damage|p2a: Sinistcha|0 fnt\n|faint|p2a: Sinistcha\n|-damage|p1a: Iron Moth|2\/100|[from] item: Life Orb\n|\n|-sideend|p2: Boss_Tadura|Reflect\n|upkeep\n|inactive|Boss_Tadura has 120 seconds left.\n|\n|t:|1697748315\n|switch|p2a: Flutter Mane|Flutter Mane, shiny|100\/100\n|turn|10\n|\n|t:|1697748321\n|move|p2a: Flutter Mane|Shadow Ball|p1a: Iron Moth\n|-damage|p1a: Iron Moth|0 fnt\n|faint|p1a: Iron Moth\n|-end|p1a: Iron Moth|Quark Drive|[silent]\n|\n|upkeep\n|\n|t:|1697748326\n|switch|p1a: Iron Hands|Iron Hands, shiny|100\/100\n|turn|11\n|\n|t:|1697748337\n|move|p2a: Flutter Mane|Shadow Ball|p1a: Iron Hands\n|-damage|p1a: Iron Hands|63\/100\n|move|p1a: Iron Hands|Heavy Slam|p2a: Flutter Mane\n|-damage|p2a: Flutter Mane|0 fnt\n|replace|p2a: Zoroark|Zoroark-Hisui, F, shiny\n|-end|p2a: Zoroark|Illusion\n|faint|p2a: Zoroark\n|\n|upkeep\n|\n|t:|1697748346\n|switch|p2a: Flutter Mane|Flutter Mane, shiny|100\/100\n|turn|12\n|\n|t:|1697748349\n|move|p2a: Flutter Mane|Moonblast|p1a: Iron Hands\n|-supereffective|p1a: Iron Hands\n|-damage|p1a: Iron Hands|0 fnt\n|faint|p1a: Iron Hands\n|-end|p1a: Iron Hands|Quark Drive|[silent]\n|-damage|p2a: Flutter Mane|91\/100|[from] item: Life Orb\n|\n|upkeep\n|\n|t:|1697748358\n|switch|p1a: Kyogre|Kyogre|100\/100\n|-weather|RainDance|[from] ability: Drizzle|[of] p1a: Kyogre\n|turn|13\n|\n|t:|1697748364\n|move|p1a: Kyogre|Water Spout|p2a: Flutter Mane\n|-damage|p2a: Flutter Mane|0 fnt\n|faint|p2a: Flutter Mane\n|-end|p2a: Flutter Mane|Protosynthesis|[silent]\n|\n|-weather|RainDance|[upkeep]\n|upkeep\n|\n|t:|1697748371\n|switch|p2a: Gholdengo|Gholdengo|100\/100\n|turn|14\n|\n|t:|1697748379\n|move|p1a: Kyogre|Water Spout|p2a: Gholdengo\n|-damage|p2a: Gholdengo|0 fnt\n|faint|p2a: Gholdengo\n|\n|-weather|RainDance|[upkeep]\n|upkeep\n|\n|t:|1697748384\n|switch|p2a: Basculegion|Basculegion, M, shiny|100\/100\n|turn|15\n|\n|t:|1697748390\n|move|p1a: Kyogre|Water Spout|p2a: Basculegion\n|-resisted|p2a: Basculegion\n|-damage|p2a: Basculegion|60\/100\n|move|p2a: Basculegion|Last Respects|p1a: Kyogre\n|-damage|p1a: Kyogre|0 fnt\n|faint|p1a: Kyogre\n|\n|-weather|RainDance|[upkeep]\n|upkeep\n|\n|t:|1697748396\n|switch|p1a: Chien-Pao|Chien-Pao|100\/100\n|-ability|p1a: Chien-Pao|Sword of Ruin\n|turn|16\n|\n|t:|1697748406\n|-terastallize|p1a: Chien-Pao|Dark\n|move|p1a: Chien-Pao|Sucker Punch|p2a: Basculegion\n|-supereffective|p2a: Basculegion\n|-damage|p2a: Basculegion|0 fnt\n|faint|p2a: Basculegion\n|-damage|p1a: Chien-Pao|91\/100|[from] item: Life Orb\n|\n|win|Anne Frankkkk\n|raw|Anne Frankkkk's rating: 1131 &rarr; <strong>1147<\/strong><br \/>(+16 for winning)\n|raw|Boss_Tadura's rating: 1000 &rarr; <strong>1000<\/strong><br \/>(+0 for losing)\n","uploadtime":1697748416,"views":5,"p1id":"annefrankkkk","p2id":"bosstadura","formatid":"gen9ubers","rating":1000,"private":0,"password":""}