{"id":"gen9ubers-1978133467","p1":"Spectra Sovereign","p2":"Lidianimel","format":"[Gen 9] Ubers","log":"|j|\u2606Spectra Sovereign\n|j|\u2606Lidianimel\n|t:|1698503491\n|gametype|singles\n|player|p1|Spectra Sovereign|shadowtriad|1088\n|player|p2|Lidianimel|101|1037\n|teamsize|p1|6\n|teamsize|p2|6\n|gen|9\n|tier|[Gen 9] Ubers\n|rated|\n|rule|Sleep Clause Mod: Limit one foe put to sleep\n|rule|Species Clause: Limit one of each Pok\u00e9mon\n|rule|OHKO Clause: OHKO moves are banned\n|rule|Evasion Items Clause: Evasion items are banned\n|rule|Evasion Moves Clause: Evasion moves are banned\n|rule|Endless Battle Clause: Forcing endless battles is banned\n|rule|HP Percentage Mod: HP is shown in percentages\n|clearpoke\n|poke|p1|Orthworm, M|\n|poke|p1|Corviknight, M|\n|poke|p1|Arceus|\n|poke|p1|Zacian-*|\n|poke|p1|Koraidon|\n|poke|p1|Ditto|\n|poke|p2|Mamoswine, M|\n|poke|p2|Pyroar, M|\n|poke|p2|Toxapex, M|\n|poke|p2|Raichu-Alola, F|\n|poke|p2|Frosmoth, F|\n|poke|p2|Great Tusk|\n|teampreview\n|\n|t:|1698503504\n|start\n|switch|p1a: Orthworm|Orthworm, M|100\/100\n|switch|p2a: Great Tusk|Great Tusk, shiny|100\/100\n|turn|1\n|\n|t:|1698503519\n|move|p2a: Great Tusk|Head Smash|p1a: Orthworm\n|-resisted|p1a: Orthworm\n|-damage|p1a: Orthworm|79\/100\n|-damage|p2a: Great Tusk|92\/100|[from] Recoil\n|move|p1a: Orthworm|Shed Tail|p1a: Orthworm\n|-start|p1a: Orthworm|Substitute|[from] move: Shed Tail\n|-damage|p1a: Orthworm|29\/100\n|\n|t:|1698503528\n|switch|p1a: Arceus|Arceus, shiny|100\/100|[from] Shed Tail\n|\n|upkeep\n|turn|2\n|\n|t:|1698503539\n|move|p1a: Arceus|Swords Dance|p1a: Arceus\n|-boost|p1a: Arceus|atk|2\n|move|p2a: Great Tusk|Earthquake|p1a: Arceus\n|-end|p1a: Arceus|Substitute\n|\n|upkeep\n|turn|3\n|\n|t:|1698503554\n|move|p1a: Arceus|Swords Dance|p1a: Arceus\n|-boost|p1a: Arceus|atk|2\n|move|p2a: Great Tusk|Earthquake|p1a: Arceus\n|-damage|p1a: Arceus|64\/100\n|\n|upkeep\n|turn|4\n|\n|t:|1698503563\n|move|p1a: Arceus|Extreme Speed|p2a: Great Tusk\n|-damage|p2a: Great Tusk|8\/100\n|-heal|p1a: Arceus|75\/100|[from] item: Shell Bell|[of] p2a: Great Tusk\n|move|p2a: Great Tusk|Earthquake|p1a: Arceus\n|-damage|p1a: Arceus|37\/100\n|\n|upkeep\n|turn|5\n|\n|t:|1698503572\n|move|p1a: Arceus|Extreme Speed|p2a: Great Tusk\n|-damage|p2a: Great Tusk|0 fnt\n|faint|p2a: Great Tusk\n|-end|p2a: Great Tusk|Protosynthesis|[silent]\n|-heal|p1a: Arceus|38\/100|[from] item: Shell Bell|[of] p2: Great Tusk\n|\n|upkeep\n|\n|t:|1698503583\n|switch|p2a: Frosmoth|Frosmoth, F|100\/100\n|turn|6\n|\n|t:|1698503592\n|move|p1a: Arceus|Extreme Speed|p2a: Frosmoth\n|-damage|p2a: Frosmoth|0 fnt\n|faint|p2a: Frosmoth\n|-heal|p1a: Arceus|48\/100|[from] item: Shell Bell|[of] p2: Frosmoth\n|\n|upkeep\n|\n|t:|1698503601\n|switch|p2a: Raichu|Raichu-Alola, F|100\/100\n|-item|p2a: Raichu|Air Balloon\n|turn|7\n|\n|t:|1698503605\n|move|p1a: Arceus|Extreme Speed|p2a: Raichu\n|-damage|p2a: Raichu|0 fnt\n|-enditem|p2a: Raichu|Air Balloon\n|faint|p2a: Raichu\n|-heal|p1a: Arceus|55\/100|[from] item: Shell Bell|[of] p2: Raichu\n|\n|upkeep\n|\n|t:|1698503612\n|switch|p2a: Pyroar|Pyroar, M|100\/100\n|turn|8\n|\n|t:|1698503624\n|move|p1a: Arceus|Extreme Speed|p2a: Pyroar\n|-damage|p2a: Pyroar|0 fnt\n|faint|p2a: Pyroar\n|-heal|p1a: Arceus|64\/100|[from] item: Shell Bell|[of] p2: Pyroar\n|\n|upkeep\n|\n|t:|1698503630\n|switch|p2a: Toxapex|Toxapex, M|100\/100\n|turn|9\n|\n|t:|1698503635\n|move|p1a: Arceus|Extreme Speed|p2a: Toxapex\n|-damage|p2a: Toxapex|0 fnt\n|faint|p2a: Toxapex\n|-heal|p1a: Arceus|72\/100|[from] item: Shell Bell|[of] p2: Toxapex\n|\n|upkeep\n|\n|t:|1698503641\n|switch|p2a: Mamoswine|Mamoswine, M|100\/100\n|turn|10\n|\n|t:|1698503647\n|move|p1a: Arceus|Extreme Speed|p2a: Mamoswine\n|-damage|p2a: Mamoswine|0 fnt\n|faint|p2a: Mamoswine\n|-heal|p1a: Arceus|82\/100|[from] item: Shell Bell|[of] p2: Mamoswine\n|\n|win|Spectra Sovereign\n|raw|Spectra Sovereign's rating: 1088 &rarr; <strong>1111<\/strong><br \/>(+23 for winning)\n|raw|Lidianimel's rating: 1037 &rarr; <strong>1024<\/strong><br \/>(-13 for losing)\n|l|\u2606Lidianimel\n","uploadtime":1698503671,"views":8,"p1id":"spectrasovereign","p2id":"lidianimel","formatid":"gen9ubers","rating":1024,"private":0,"password":""}