{"id":"gen9ubers-1973829859","p1":"GratedsShtickface","p2":"ItsmeBlankKnight","format":"[Gen 9] Ubers","log":"|j|\u2606GratedsShtickface\n|j|\u2606ItsmeBlankKnight\n|t:|1698018128\n|gametype|singles\n|player|p1|GratedsShtickface|hiker-gen4|\n|player|p2|ItsmeBlankKnight|larry|\n|teamsize|p1|6\n|teamsize|p2|6\n|gen|9\n|tier|[Gen 9] Ubers\n|rule|Sleep Clause Mod: Limit one foe put to sleep\n|rule|Species Clause: Limit one of each Pok\u00e9mon\n|rule|OHKO Clause: OHKO moves are banned\n|rule|Evasion Items Clause: Evasion items are banned\n|rule|Evasion Moves Clause: Evasion moves are banned\n|rule|Endless Battle Clause: Forcing endless battles is banned\n|rule|HP Percentage Mod: HP is shown in percentages\n|clearpoke\n|poke|p1|Pelipper, M|\n|poke|p1|Basculegion-F, F|\n|poke|p1|Thundurus-Therian, M|\n|poke|p1|Zacian-*|\n|poke|p1|Landorus, M|\n|poke|p1|Arceus-Grass|\n|poke|p2|Chi-Yu|\n|poke|p2|Palafin, F|\n|poke|p2|Spectrier|\n|poke|p2|Zacian-*|\n|poke|p2|Arceus-Poison|\n|poke|p2|Masquerain, F|\n|teampreview\n|inactive|Battle timer is ON: inactive players will automatically lose when time's up. (requested by GratedsShtickface)\n|inactive|ItsmeBlankKnight also wants the timer to be on.\n|\n|t:|1698018153\n|start\n|switch|p1a: Toilet Bird|Pelipper, M, shiny|100\/100\n|switch|p2a: Masquerain|Masquerain, F|100\/100\n|-ability|p2a: Masquerain|Intimidate|boost\n|-unboost|p1a: Toilet Bird|atk|1\n|-weather|RainDance|[from] ability: Drizzle|[of] p1a: Toilet Bird\n|turn|1\n|\n|t:|1698018166\n|move|p2a: Masquerain|Sticky Web|p1a: Toilet Bird\n|-sidestart|p1: GratedsShtickface|move: Sticky Web\n|move|p1a: Toilet Bird|Hurricane|p2a: Masquerain\n|-supereffective|p2a: Masquerain\n|-damage|p2a: Masquerain|18\/100\n|-start|p2a: Masquerain|confusion\n|\n|-weather|RainDance|[upkeep]\n|upkeep\n|turn|2\n|\n|t:|1698018173\n|-activate|p2a: Masquerain|confusion\n|-damage|p2a: Masquerain|8\/100|[from] confusion\n|move|p1a: Toilet Bird|U-turn|p2a: Masquerain\n|-resisted|p2a: Masquerain\n|-damage|p2a: Masquerain|4\/100\n|\n|t:|1698018183\n|switch|p1a: Zappo|Thundurus-Therian, M|100\/100|[from] U-turn\n|\n|-weather|RainDance|[upkeep]\n|upkeep\n|turn|3\n|j| imperialorder241\n|c| imperialorder241|gl\n|c|\u2606GratedsShtickface|gl\n|c|\u2606ItsmeBlankKnight|gl\n|\n|t:|1698018202\n|move|p1a: Zappo|Weather Ball|p2a: Masquerain\n|-damage|p2a: Masquerain|0 fnt\n|faint|p2a: Masquerain\n|-damage|p1a: Zappo|91\/100|[from] item: Life Orb\n|\n|-weather|RainDance|[upkeep]\n|upkeep\n|\n|t:|1698018209\n|switch|p2a: Spectrier|Spectrier|100\/100\n|turn|4\n|\n|t:|1698018217\n|move|p2a: Spectrier|Shadow Ball|p1a: Zappo\n|-damage|p1a: Zappo|2\/100\n|move|p1a: Zappo|Thunder|p2a: Spectrier\n|-damage|p2a: Spectrier|3\/100\n|-damage|p1a: Zappo|0 fnt|[from] item: Life Orb\n|faint|p1a: Zappo\n|\n|-weather|RainDance|[upkeep]\n|upkeep\n|c|\u2606ItsmeBlankKnight|oops\n|j| Miebaso11\n|\n|t:|1698018226\n|switch|p1a: Basculegion|Basculegion-F, F|100\/100\n|-activate|p1a: Basculegion|move: Sticky Web\n|-unboost|p1a: Basculegion|spe|1\n|turn|5\n|\n|t:|1698018233\n|move|p1a: Basculegion|Aqua Jet|p2a: Spectrier\n|-damage|p2a: Spectrier|0 fnt\n|faint|p2a: Spectrier\n|\n|-weather|RainDance|[upkeep]\n|upkeep\n|\n|t:|1698018236\n|switch|p2a: Palafin|Palafin, F|100\/100\n|turn|6\n|\n|t:|1698018241\n|switch|p1a: Ar\u0441eus-Bug|Arceus-Grass|100\/100\n|-activate|p1a: Ar\u0441eus-Bug|move: Sticky Web\n|-unboost|p1a: Ar\u0441eus-Bug|spe|1\n|detailschange|p2a: Palafin|Palafin-Hero, F\n|switch|p2a: Arceus|Arceus-Poison|100\/100\n|\n|-weather|RainDance|[upkeep]\n|upkeep\n|turn|7\n|\n|t:|1698018250\n|move|p2a: Arceus|Gunk Shot|p1a: Ar\u0441eus-Bug|[miss]\n|-miss|p2a: Arceus|p1a: Ar\u0441eus-Bug\n|move|p1a: Ar\u0441eus-Bug|Calm Mind|p1a: Ar\u0441eus-Bug\n|-boost|p1a: Ar\u0441eus-Bug|spa|1\n|-boost|p1a: Ar\u0441eus-Bug|spd|1\n|\n|-weather|RainDance|[upkeep]\n|upkeep\n|turn|8\n|\n|t:|1698018257\n|-terastallize|p1a: Ar\u0441eus-Bug|Ground\n|move|p2a: Arceus|Gunk Shot|p1a: Ar\u0441eus-Bug\n|-resisted|p1a: Ar\u0441eus-Bug\n|-damage|p1a: Ar\u0441eus-Bug|75\/100\n|move|p1a: Ar\u0441eus-Bug|Earth Power|p2a: Arceus\n|-supereffective|p2a: Arceus\n|-damage|p2a: Arceus|30\/100\n|\n|-weather|none\n|upkeep\n|turn|9\n|\n|t:|1698018272\n|move|p2a: Arceus|Gunk Shot|p1a: Ar\u0441eus-Bug|[miss]\n|-miss|p2a: Arceus|p1a: Ar\u0441eus-Bug\n|move|p1a: Ar\u0441eus-Bug|Earth Power|p2a: Arceus\n|-supereffective|p2a: Arceus\n|-damage|p2a: Arceus|0 fnt\n|faint|p2a: Arceus\n|\n|upkeep\n|\n|t:|1698018275\n|switch|p2a: Palafin|Palafin-Hero, F|100\/100\n|-activate|p2a: Palafin|ability: Zero to Hero\n|turn|10\n|j| vespyyy\n|\n|t:|1698018290\n|switch|p1a: Toilet Bird|Pelipper, M, shiny|100\/100\n|-weather|RainDance|[from] ability: Drizzle|[of] p1a: Toilet Bird\n|move|p2a: Palafin|Wave Crash|p1a: Toilet Bird\n|-resisted|p1a: Toilet Bird\n|-damage|p1a: Toilet Bird|15\/100\n|-damage|p2a: Palafin|74\/100|[from] Recoil\n|-damage|p2a: Palafin|64\/100|[from] item: Life Orb\n|\n|-weather|RainDance|[upkeep]\n|upkeep\n|turn|11\n|\n|t:|1698018295\n|move|p2a: Palafin|Jet Punch|p1a: Toilet Bird\n|-resisted|p1a: Toilet Bird\n|-damage|p1a: Toilet Bird|0 fnt\n|faint|p1a: Toilet Bird\n|-damage|p2a: Palafin|54\/100|[from] item: Life Orb\n|\n|-weather|RainDance|[upkeep]\n|upkeep\n|\n|t:|1698018302\n|switch|p1a: Basculegion|Basculegion-F, F|100\/100\n|-activate|p1a: Basculegion|move: Sticky Web\n|-unboost|p1a: Basculegion|spe|1\n|turn|12\n|\n|t:|1698018307\n|switch|p2a: Chi-Yu|Chi-Yu|100\/100\n|-ability|p2a: Chi-Yu|Beads of Ruin\n|move|p1a: Basculegion|Last Respects|p2a: Chi-Yu\n|-resisted|p2a: Chi-Yu\n|-damage|p2a: Chi-Yu|17\/100\n|\n|-weather|RainDance|[upkeep]\n|upkeep\n|turn|13\n|\n|t:|1698018315\n|move|p1a: Basculegion|Last Respects|p2a: Chi-Yu\n|-resisted|p2a: Chi-Yu\n|-damage|p2a: Chi-Yu|0 fnt\n|faint|p2a: Chi-Yu\n|\n|-weather|RainDance|[upkeep]\n|upkeep\n|\n|t:|1698018317\n|switch|p2a: Zacian|Zacian|100\/100\n|-ability|p2a: Zacian|Intrepid Sword|boost\n|-boost|p2a: Zacian|atk|1\n|turn|14\n|\n|t:|1698018323\n|switch|p1a: Ar\u0441eus-Bug|Arceus-Grass, tera:Ground|75\/100\n|-activate|p1a: Ar\u0441eus-Bug|move: Sticky Web\n|-unboost|p1a: Ar\u0441eus-Bug|spe|1\n|move|p2a: Zacian|Play Rough|p1a: Ar\u0441eus-Bug\n|-damage|p1a: Ar\u0441eus-Bug|29\/100\n|\n|-weather|RainDance|[upkeep]\n|upkeep\n|turn|15\n|j| dunsam\n|c| imperialorder241|this is g1 right\n|l|\u2606ItsmeBlankKnight\n|inactive|ItsmeBlankKnight disconnected and has 300 seconds to reconnect!\n|player|p2|\n|c|\u2606GratedsShtickface|yeah, g1\n|j|\u2606ItsmeBlankKnight\n|inactive|ItsmeBlankKnight reconnected and has 280 seconds left.\n|player|p2|ItsmeBlankKnight|larry\n|\n|t:|1698018359\n|move|p2a: Zacian|Play Rough|p1a: Ar\u0441eus-Bug\n|-damage|p1a: Ar\u0441eus-Bug|0 fnt\n|faint|p1a: Ar\u0441eus-Bug\n|\n|-weather|RainDance|[upkeep]\n|upkeep\n|\n|t:|1698018366\n|switch|p1a: Basculegion|Basculegion-F, F|100\/100\n|-activate|p1a: Basculegion|move: Sticky Web\n|-unboost|p1a: Basculegion|spe|1\n|turn|16\n|c|\u2606ItsmeBlankKnight|its best out of 3 ye\n|j| fwuffypetsowo\n|\n|t:|1698018371\n|move|p2a: Zacian|Crunch|p1a: Basculegion\n|-supereffective|p1a: Basculegion\n|-damage|p1a: Basculegion|0 fnt\n|faint|p1a: Basculegion\n|\n|-weather|RainDance|[upkeep]\n|upkeep\n|l| dunsam\n|\n|t:|1698018379\n|switch|p1a: Sif|Zacian|100\/100\n|-ability|p1a: Sif|Intrepid Sword|boost\n|-boost|p1a: Sif|atk|1\n|turn|17\n|j| dunsam\n|c|\u2606ItsmeBlankKnight|am i right or not that was a question\n|\n|t:|1698018384\n|move|p2a: Zacian|Play Rough|p1a: Sif\n|-damage|p1a: Sif|43\/100\n|move|p1a: Sif|Iron Head|p2a: Zacian\n|-supereffective|p2a: Zacian\n|-damage|p2a: Zacian|29\/100\n|\n|-weather|none\n|-heal|p2a: Zacian|35\/100|[from] item: Leftovers\n|upkeep\n|turn|18\n|c|\u2606GratedsShtickface|you're right\n|\n|t:|1698018393\n|move|p2a: Zacian|Play Rough|p1a: Sif\n|-damage|p1a: Sif|0 fnt\n|faint|p1a: Sif\n|\n|-heal|p2a: Zacian|41\/100|[from] item: Leftovers\n|upkeep\n|\n|t:|1698018396\n|switch|p1a: Sando|Landorus, M|100\/100\n|turn|19\n|c| imperialorder241|unlucky\n|j| PinkScourge\n|\n|t:|1698018406\n|move|p2a: Zacian|Play Rough|p1a: Sando\n|-damage|p1a: Sando|25\/100\n|-unboost|p1a: Sando|atk|1\n|move|p1a: Sando|Sludge Bomb|p2a: Zacian\n|-supereffective|p2a: Zacian\n|-damage|p2a: Zacian|0 fnt\n|faint|p2a: Zacian\n|\n|upkeep\n|c| Miebaso11|Band?\n|c|\u2606ItsmeBlankKnight|nah\n|\n|t:|1698018420\n|switch|p2a: Palafin|Palafin-Hero, F|54\/100\n|turn|20\n|\n|t:|1698018424\n|move|p2a: Palafin|Jet Punch|p1a: Sando\n|-supereffective|p1a: Sando\n|-damage|p1a: Sando|0 fnt\n|faint|p1a: Sando\n|-damage|p2a: Palafin|44\/100|[from] item: Life Orb\n|\n|win|ItsmeBlankKnight\n|c| Miebaso11|Nevermind I see crunch\n|c|\u2606GratedsShtickface|gg\n|l| imperialorder241\n|l|\u2606ItsmeBlankKnight\n|l| PinkScourge\n|j|\u2606ItsmeBlankKnight\n|player|p2|ItsmeBlankKnight|larry\n|j| imperialorder241\n|l| imperialorder241\n|j| imperialorder241\n|l| Miebaso11\n|j| uubers account\n|l| uubers account\n|l| dunsam\n|j| kirimissing\n|l| kirimissing\n|l| imperialorder241\n|j| imperialorder241\n|j| dunsam\n|l| dunsam\n|l|\u2606ItsmeBlankKnight\n|player|p2|\n|l| imperialorder241\n|l|\u2606GratedsShtickface\n|j|\u2606GratedsShtickface\n|player|p1|GratedsShtickface|hiker-gen4\n","uploadtime":1698019038,"views":73,"p1id":"gratedsshtickface","p2id":"itsmeblankknight","formatid":"gen9ubers","rating":0,"private":0,"password":""}