{"id":"gen9ubers-1985171739","p1":"Swag Balls 6969","p2":"Bepshahi Shakib","format":"[Gen 9] Ubers","log":"|j|\u2606Swag Balls 6969\n|j|\u2606Bepshahi Shakib\n|t:|1699342704\n|gametype|singles\n|player|p1|Swag Balls 6969|170|1543\n|player|p2|Bepshahi Shakib|ghetsis-gen5bw|1452\n|teamsize|p1|6\n|teamsize|p2|6\n|gen|9\n|tier|[Gen 9] Ubers\n|rated|\n|rule|Sleep Clause Mod: Limit one foe put to sleep\n|rule|Species Clause: Limit one of each Pok\u00e9mon\n|rule|OHKO Clause: OHKO moves are banned\n|rule|Evasion Items Clause: Evasion items are banned\n|rule|Evasion Moves Clause: Evasion moves are banned\n|rule|Endless Battle Clause: Forcing endless battles is banned\n|rule|HP Percentage Mod: HP is shown in percentages\n|clearpoke\n|poke|p1|Glimmora, F|\n|poke|p1|Orthworm, F|\n|poke|p1|Arceus-Ground|\n|poke|p1|Miraidon|\n|poke|p1|Koraidon|\n|poke|p1|Zacian-*|\n|poke|p2|Calyrex-Ice|\n|poke|p2|Hatterene, F|\n|poke|p2|Basculegion, M|\n|poke|p2|Koraidon|\n|poke|p2|Arceus|\n|poke|p2|Ursaluna-Bloodmoon, M|\n|teampreview\n|inactive|Battle timer is ON: inactive players will automatically lose when time's up. (requested by Swag Balls 6969)\n|\n|t:|1699342724\n|start\n|switch|p1a: Glimmora|Glimmora, F|100\/100\n|switch|p2a: Ursaluna|Ursaluna-Bloodmoon, M|100\/100\n|turn|1\n|\n|t:|1699342729\n|move|p1a: Glimmora|Spikes|p2a: Ursaluna\n|-sidestart|p2: Bepshahi Shakib|Spikes\n|move|p2a: Ursaluna|Earth Power|p1a: Glimmora\n|-supereffective|p1a: Glimmora\n|-enditem|p1a: Glimmora|Focus Sash\n|-damage|p1a: Glimmora|1\/100\n|\n|upkeep\n|turn|2\n|\n|t:|1699342738\n|move|p2a: Ursaluna|Vacuum Wave|p1a: Glimmora\n|-damage|p1a: Glimmora|0 fnt\n|faint|p1a: Glimmora\n|\n|upkeep\n|j| Flame king 888\n|l| Flame king 888\n|\n|t:|1699342754\n|switch|p1a: Orthworm|Orthworm, F|100\/100\n|turn|3\n|\n|t:|1699342761\n|move|p1a: Orthworm|Shed Tail|p1a: Orthworm\n|-start|p1a: Orthworm|Substitute|[from] move: Shed Tail\n|-damage|p1a: Orthworm|50\/100\n|-enditem|p1a: Orthworm|Sitrus Berry|[eat]\n|-heal|p1a: Orthworm|75\/100|[from] item: Sitrus Berry\n|\n|t:|1699342773\n|switch|p1a: Miraidon|Miraidon|100\/100|[from] Shed Tail\n|-fieldstart|move: Electric Terrain|[from] ability: Hadron Engine|[of] p1a: Miraidon\n|-enditem|p1a: Miraidon|Electric Seed\n|-boost|p1a: Miraidon|def|1|[from] item: Electric Seed\n|move|p2a: Ursaluna|Earth Power|p1a: Miraidon\n|-supereffective|p1a: Miraidon\n|-end|p1a: Miraidon|Substitute\n|\n|upkeep\n|turn|4\n|\n|t:|1699342801\n|-terastallize|p1a: Miraidon|Flying\n|move|p1a: Miraidon|Substitute|p1a: Miraidon\n|-start|p1a: Miraidon|Substitute\n|-damage|p1a: Miraidon|76\/100\n|move|p2a: Ursaluna|Earth Power|p1a: Miraidon\n|-immune|p1a: Miraidon\n|\n|upkeep\n|turn|5\n|\n|t:|1699342808\n|move|p1a: Miraidon|Calm Mind|p1a: Miraidon\n|-boost|p1a: Miraidon|spa|1\n|-boost|p1a: Miraidon|spd|1\n|move|p2a: Ursaluna|Roar|p1a: Miraidon\n|drag|p1a: Koraidon|Koraidon|100\/100\n|-weather|SunnyDay|[from] ability: Orichalcum Pulse|[of] p1a: Koraidon\n|-activate|p1a: Koraidon|Orichalcum Pulse|[source]\n|\n|-weather|SunnyDay|[upkeep]\n|upkeep\n|turn|6\n|\n|t:|1699342823\n|move|p1a: Koraidon|Low Kick|p2a: Ursaluna\n|-supereffective|p2a: Ursaluna\n|-enditem|p2a: Ursaluna|Focus Sash\n|-damage|p2a: Ursaluna|1\/100\n|move|p2a: Ursaluna|Blood Moon|p1a: Koraidon\n|-damage|p1a: Koraidon|25\/100\n|\n|-weather|SunnyDay|[upkeep]\n|upkeep\n|turn|7\n|\n|t:|1699342831\n|move|p2a: Ursaluna|Vacuum Wave|p1a: Koraidon\n|-damage|p1a: Koraidon|10\/100\n|move|p1a: Koraidon|Scale Shot|p2a: Ursaluna\n|-damage|p2a: Ursaluna|0 fnt\n|faint|p2a: Ursaluna\n|-hitcount|p2: Ursaluna|1\n|-unboost|p1a: Koraidon|def|1\n|-boost|p1a: Koraidon|spe|1\n|\n|-weather|SunnyDay|[upkeep]\n|-fieldend|move: Electric Terrain\n|upkeep\n|\n|t:|1699342853\n|switch|p2a: Basculegion|Basculegion, M|100\/100\n|-damage|p2a: Basculegion|88\/100|[from] Spikes\n|turn|8\n|\n|t:|1699342857\n|move|p2a: Basculegion|Aqua Jet|p1a: Koraidon\n|-resisted|p1a: Koraidon\n|-damage|p1a: Koraidon|0 fnt\n|faint|p1a: Koraidon\n|\n|-weather|SunnyDay|[upkeep]\n|upkeep\n|\n|t:|1699342865\n|switch|p1a: Miraidon|Miraidon, tera:Flying|76\/100\n|-fieldstart|move: Electric Terrain|[from] ability: Hadron Engine|[of] p1a: Miraidon\n|turn|9\n|\n|t:|1699342877\n|switch|p2a: Hatterene|Hatterene, F|100\/100\n|-damage|p2a: Hatterene|88\/100|[from] Spikes\n|move|p1a: Miraidon|Calm Mind|p1a: Miraidon\n|-boost|p1a: Miraidon|spa|1\n|-boost|p1a: Miraidon|spd|1\n|\n|-weather|none\n|upkeep\n|turn|10\n|\n|t:|1699342888\n|move|p1a: Miraidon|Parabolic Charge|p2a: Hatterene\n|-damage|p2a: Hatterene|20\/100\n|-heal|p1a: Miraidon|100\/100|[from] drain|[of] p2a: Hatterene\n|move|p2a: Hatterene|Trick Room|p2a: Hatterene\n|-fieldstart|move: Trick Room|[of] p2a: Hatterene\n|\n|upkeep\n|turn|11\n|\n|t:|1699342895\n|move|p2a: Hatterene|Misty Explosion|p1a: Miraidon\n|-damage|p1a: Miraidon|63\/100\n|faint|p2a: Hatterene\n|move|p1a: Miraidon|Substitute|p1a: Miraidon\n|-start|p1a: Miraidon|Substitute\n|-damage|p1a: Miraidon|38\/100\n|\n|upkeep\n|\n|t:|1699342917\n|switch|p2a: Basculegion|Basculegion, M|88\/100\n|-damage|p2a: Basculegion|76\/100|[from] Spikes\n|turn|12\n|\n|t:|1699342935\n|move|p2a: Basculegion|Last Respects|p1a: Miraidon\n|-end|p1a: Miraidon|Substitute\n|move|p1a: Miraidon|Parabolic Charge|p2a: Basculegion\n|-supereffective|p2a: Basculegion\n|-damage|p2a: Basculegion|0 fnt\n|-heal|p1a: Miraidon|87\/100|[from] drain|[of] p2a: Basculegion\n|faint|p2a: Basculegion\n|\n|upkeep\n|\n|t:|1699342941\n|switch|p2a: Calyrex|Calyrex-Ice|100\/100\n|-ability|p2a: Calyrex|As One\n|-ability|p2a: Calyrex|Unnerve\n|turn|13\n|\n|t:|1699342950\n|switch|p1a: Orthworm|Orthworm, F|75\/100\n|move|p2a: Calyrex|Glacial Lance|p1a: Orthworm\n|-resisted|p1a: Orthworm\n|-damage|p1a: Orthworm|54\/100\n|\n|-fieldend|move: Electric Terrain\n|upkeep\n|turn|14\n|\n|t:|1699342965\n|move|p2a: Calyrex|High Horsepower|p1a: Orthworm\n|-heal|p1a: Orthworm|79\/100|[from] ability: Earth Eater|[of] p2a: Calyrex\n|move|p1a: Orthworm|Iron Head|p2a: Calyrex\n|-supereffective|p2a: Calyrex\n|-damage|p2a: Calyrex|72\/100\n|\n|-fieldend|move: Trick Room\n|upkeep\n|turn|15\n|\n|t:|1699342975\n|switch|p2a: Koraidon|Koraidon|100\/100\n|-damage|p2a: Koraidon|88\/100|[from] Spikes\n|-weather|SunnyDay|[from] ability: Orichalcum Pulse|[of] p2a: Koraidon\n|-activate|p2a: Koraidon|Orichalcum Pulse|[source]\n|move|p1a: Orthworm|Shed Tail|p1a: Orthworm\n|-start|p1a: Orthworm|Substitute|[from] move: Shed Tail\n|-damage|p1a: Orthworm|29\/100\n|inactive|Swag Balls 6969 has 120 seconds left.\n|\n|t:|1699343016\n|switch|p1a: Arceus|Arceus-Ground|100\/100|[from] Shed Tail\n|\n|-weather|SunnyDay|[upkeep]\n|upkeep\n|turn|16\n|\n|t:|1699343027\n|move|p2a: Koraidon|Scale Shot|p1a: Arceus\n|-activate|p1a: Arceus|move: Substitute|[damage]\n|-end|p1a: Arceus|Substitute\n|-damage|p1a: Arceus|88\/100\n|-damage|p1a: Arceus|74\/100\n|-hitcount|p1a: Arceus|4\n|-unboost|p2a: Koraidon|def|1\n|-boost|p2a: Koraidon|spe|1\n|move|p1a: Arceus|Dragon Dance|p1a: Arceus\n|-boost|p1a: Arceus|atk|1\n|-boost|p1a: Arceus|spe|1\n|\n|-weather|SunnyDay|[upkeep]\n|upkeep\n|turn|17\n|\n|t:|1699343044\n|move|p2a: Koraidon|Flare Blitz|p1a: Arceus\n|-damage|p1a: Arceus|9\/100\n|-damage|p2a: Koraidon|62\/100|[from] Recoil\n|move|p1a: Arceus|Earthquake|p2a: Koraidon\n|-damage|p2a: Koraidon|0 fnt\n|faint|p2a: Koraidon\n|\n|-weather|SunnyDay|[upkeep]\n|upkeep\n|\n|t:|1699343050\n|switch|p2a: Arceus|Arceus|100\/100\n|-damage|p2a: Arceus|88\/100|[from] Spikes\n|turn|18\n|\n|t:|1699343056\n|move|p1a: Arceus|Earthquake|p2a: Arceus\n|-damage|p2a: Arceus|28\/100\n|move|p2a: Arceus|Trick Room|p2a: Arceus\n|-fieldstart|move: Trick Room|[of] p2a: Arceus\n|\n|-weather|SunnyDay|[upkeep]\n|upkeep\n|turn|19\n|j| MrBogi\n|\n|t:|1699343070\n|move|p2a: Arceus|Healing Wish|p2a: Arceus\n|faint|p2a: Arceus\n|move|p1a: Arceus|Earthquake|p2: Arceus|[notarget]\n|-fail|p1a: Arceus\n|\n|-weather|none\n|upkeep\n|\n|t:|1699343072\n|switch|p2a: Calyrex|Calyrex-Ice|72\/100\n|-ability|p2a: Calyrex|As One\n|-ability|p2a: Calyrex|Unnerve\n|-heal|p2a: Calyrex|100\/100|[from] move: Healing Wish\n|turn|20\n|\n|t:|1699343097\n|move|p2a: Calyrex|Glacial Lance|p1a: Arceus\n|-supereffective|p1a: Arceus\n|-damage|p1a: Arceus|0 fnt\n|faint|p1a: Arceus\n|-ability|p2a: Calyrex|Chilling Neigh|boost\n|-boost|p2a: Calyrex|atk|1\n|\n|upkeep\n|\n|t:|1699343101\n|switch|p1a: Zacian|Zacian-Crowned|100\/100\n|-ability|p1a: Zacian|Intrepid Sword|boost\n|-boost|p1a: Zacian|atk|1\n|turn|21\n|\n|t:|1699343106\n|switch|p1a: Orthworm|Orthworm, F|29\/100\n|-terastallize|p2a: Calyrex|Fire\n|move|p2a: Calyrex|High Horsepower|p1a: Orthworm\n|-heal|p1a: Orthworm|54\/100|[from] ability: Earth Eater|[of] p2a: Calyrex\n|\n|upkeep\n|turn|22\n|inactive|Swag Balls 6969 has 120 seconds left.\n|\n|t:|1699343138\n|switch|p1a: Miraidon|Miraidon, tera:Flying|87\/100\n|-fieldstart|move: Electric Terrain|[from] ability: Hadron Engine|[of] p1a: Miraidon\n|move|p2a: Calyrex|Swords Dance|p2a: Calyrex\n|-boost|p2a: Calyrex|atk|2\n|\n|-fieldend|move: Trick Room\n|upkeep\n|turn|23\n|inactive|Swag Balls 6969 has 120 seconds left.\n|\n|t:|1699343152\n|move|p1a: Miraidon|Dragon Pulse|p2a: Calyrex\n|-damage|p2a: Calyrex|59\/100\n|move|p2a: Calyrex|Trick Room|p2a: Calyrex\n|-fieldstart|move: Trick Room|[of] p2a: Calyrex\n|\n|upkeep\n|turn|24\n|inactive|Swag Balls 6969 has 120 seconds left.\n|\n|t:|1699343164\n|move|p2a: Calyrex|Glacial Lance|p1a: Miraidon\n|-supereffective|p1a: Miraidon\n|-damage|p1a: Miraidon|0 fnt\n|faint|p1a: Miraidon\n|-ability|p2a: Calyrex|Chilling Neigh|boost\n|-boost|p2a: Calyrex|atk|1\n|\n|upkeep\n|-message|Swag Balls 6969 forfeited.\n|\n|win|Bepshahi Shakib\n|raw|Swag Balls 6969's rating: 1543 &rarr; <strong>1518<\/strong><br \/>(-25 for losing)\n|raw|Bepshahi Shakib's rating: 1452 &rarr; <strong>1477<\/strong><br \/>(+25 for winning)\n|l|\u2606Swag Balls 6969\n|l|\u2606Bepshahi Shakib\n","uploadtime":1699343318,"views":5,"p1id":"swagballs6969","p2id":"bepshahishakib","formatid":"gen9ubers","rating":1477,"private":0,"password":""}