{"id":"gen9ubers-1987552949","p1":"ASharpSharpie","p2":"UnknownToasted","format":"[Gen 9] Ubers","log":"|j|\u2606ASharpSharpie\n|j|\u2606UnknownToasted\n|t:|1699610994\n|gametype|singles\n|player|p1|ASharpSharpie|pokekid|\n|player|p2|UnknownToasted|janitor|\n|teamsize|p1|6\n|teamsize|p2|6\n|gen|9\n|tier|[Gen 9] Ubers\n|rule|Sleep Clause Mod: Limit one foe put to sleep\n|rule|Species Clause: Limit one of each Pok\u00e9mon\n|rule|OHKO Clause: OHKO moves are banned\n|rule|Evasion Items Clause: Evasion items are banned\n|rule|Evasion Moves Clause: Evasion moves are banned\n|rule|Endless Battle Clause: Forcing endless battles is banned\n|rule|HP Percentage Mod: HP is shown in percentages\n|clearpoke\n|poke|p1|Regidrago|\n|poke|p1|Slowking-Galar, F|\n|poke|p1|Ogerpon-Wellspring, F|\n|poke|p1|Iron Valiant|\n|poke|p1|Gholdengo|\n|poke|p1|Great Tusk|\n|poke|p2|Gallade, M|\n|poke|p2|Grafaiai, M|\n|poke|p2|Corviknight, F|\n|poke|p2|Dragapult, F|\n|poke|p2|Clefable, F|\n|poke|p2|Rotom-Wash|\n|teampreview\n|\n|t:|1699611004\n|start\n|switch|p1a: Slowking|Slowking-Galar, F|100\/100\n|switch|p2a: Grafaiai|Grafaiai, M|100\/100\n|turn|1\n|c|\u2606ASharpSharpie|gl\n|c|\u2606UnknownToasted|gl\n|\n|t:|1699611020\n|move|p2a: Grafaiai|Knock Off|p1a: Slowking\n|-supereffective|p1a: Slowking\n|-damage|p1a: Slowking|56\/100\n|-enditem|p1a: Slowking|Heavy-Duty Boots|[from] move: Knock Off|[of] p2a: Grafaiai\n|move|p1a: Slowking|Thunder Wave|p2a: Grafaiai\n|-status|p2a: Grafaiai|par\n|\n|upkeep\n|turn|2\n|\n|t:|1699611030\n|move|p2a: Grafaiai|Encore|p1a: Slowking\n|-start|p1a: Slowking|Encore\n|move|p1a: Slowking|Thunder Wave|p2a: Grafaiai\n|-fail|p2a: Grafaiai|par\n|\n|upkeep\n|turn|3\n|\n|t:|1699611048\n|switch|p1a: Ogerpon|Ogerpon-Wellspring, F|100\/100\n|move|p2a: Grafaiai|Knock Off|p1a: Ogerpon\n|-damage|p1a: Ogerpon|85\/100\n|\n|upkeep\n|turn|4\n|\n|t:|1699611065\n|move|p2a: Grafaiai|Parting Shot|p1a: Ogerpon\n|-unboost|p1a: Ogerpon|atk|1\n|-unboost|p1a: Ogerpon|spa|1\n|\n|t:|1699611072\n|switch|p2a: Rotom|Rotom-Wash|100\/100|[from] Parting Shot\n|move|p1a: Ogerpon|Spikes|p2a: Rotom\n|-sidestart|p2: UnknownToasted|Spikes\n|\n|upkeep\n|turn|5\n|\n|t:|1699611092\n|move|p1a: Ogerpon|Spikes|p2a: Rotom\n|-sidestart|p2: UnknownToasted|Spikes\n|move|p2a: Rotom|Volt Switch|p1a: Ogerpon\n|-damage|p1a: Ogerpon|59\/100\n|\n|t:|1699611097\n|switch|p2a: Corviknight|Corviknight, F|100\/100|[from] Volt Switch\n|-ability|p2a: Corviknight|Pressure\n|\n|upkeep\n|turn|6\n|\n|t:|1699611114\n|switch|p1a: Iron Valiant|Iron Valiant|100\/100\n|-enditem|p1a: Iron Valiant|Booster Energy\n|-activate|p1a: Iron Valiant|ability: Quark Drive|[fromitem]\n|-start|p1a: Iron Valiant|quarkdrivespe\n|move|p2a: Corviknight|Defog|p1a: Iron Valiant\n|-unboost|p1a: Iron Valiant|evasion|1\n|-sideend|p2: UnknownToasted|Spikes|[from] move: Defog|[of] p2a: Corviknight\n|\n|upkeep\n|turn|7\n|c|\u2606ASharpSharpie|why did i swap into valiany\n|\n|t:|1699611149\n|switch|p2a: Clefable|Clefable, F|100\/100\n|move|p1a: Iron Valiant|Thunderbolt|p2a: Clefable\n|-damage|p2a: Clefable|79\/100\n|\n|-heal|p2a: Clefable|86\/100|[from] item: Leftovers\n|upkeep\n|turn|8\n|\n|t:|1699611158\n|-end|p1a: Iron Valiant|Quark Drive|[silent]\n|switch|p1a: Gholdengo|Gholdengo|100\/100\n|-item|p1a: Gholdengo|Air Balloon\n|move|p2a: Clefable|Moonblast|p1a: Gholdengo\n|-resisted|p1a: Gholdengo\n|-damage|p1a: Gholdengo|85\/100\n|-enditem|p1a: Gholdengo|Air Balloon\n|\n|-heal|p2a: Clefable|92\/100|[from] item: Leftovers\n|upkeep\n|turn|9\n|\n|t:|1699611181\n|switch|p2a: Rotom|Rotom-Wash|100\/100\n|move|p1a: Gholdengo|Nasty Plot|p1a: Gholdengo\n|-boost|p1a: Gholdengo|spa|2\n|\n|upkeep\n|turn|10\n|\n|t:|1699611193\n|move|p2a: Rotom|Thunder Wave|p1a: Gholdengo\n|-immune|p1a: Gholdengo|[from] ability: Good as Gold\n|move|p1a: Gholdengo|Shadow Ball|p2a: Rotom\n|-damage|p2a: Rotom|26\/100\n|\n|-heal|p2a: Rotom|32\/100|[from] item: Leftovers\n|upkeep\n|turn|11\n|c|\u2606UnknownToasted|oml\n|c|\u2606UnknownToasted|im an idiot\n|c|\u2606UnknownToasted|my bad\n|\n|t:|1699611211\n|move|p2a: Rotom|Volt Switch|p1a: Gholdengo\n|-damage|p1a: Gholdengo|61\/100\n|\n|t:|1699611217\n|switch|p2a: Grafaiai|Grafaiai, M|100\/100 par|[from] Volt Switch\n|move|p1a: Gholdengo|Shadow Ball|p2a: Grafaiai\n|-immune|p2a: Grafaiai\n|\n|upkeep\n|turn|12\n|c|\u2606ASharpSharpie|oh wait.\n|\n|t:|1699611238\n|cant|p2a: Grafaiai|par\n|move|p1a: Gholdengo|Make It Rain|p2a: Grafaiai\n|-damage|p2a: Grafaiai|3\/100 par\n|-unboost|p1a: Gholdengo|spa|1\n|\n|-heal|p2a: Grafaiai|9\/100 par|[from] item: Leftovers\n|upkeep\n|turn|13\n|\n|t:|1699611250\n|switch|p1a: Great Tusk|Great Tusk|100\/100\n|move|p2a: Grafaiai|Parting Shot|p1a: Great Tusk\n|-unboost|p1a: Great Tusk|atk|1\n|-unboost|p1a: Great Tusk|spa|1\n|\n|t:|1699611277\n|switch|p2a: Rotom|Rotom-Wash|32\/100|[from] Parting Shot\n|\n|-heal|p2a: Rotom|39\/100|[from] item: Leftovers\n|upkeep\n|turn|14\n|\n|t:|1699611295\n|-end|p1a: Great Tusk|Protosynthesis|[silent]\n|switch|p1a: Slowking|Slowking-Galar, F|89\/100\n|move|p2a: Rotom|Will-O-Wisp|p1a: Slowking|[miss]\n|-miss|p2a: Rotom|p1a: Slowking\n|\n|-heal|p2a: Rotom|45\/100|[from] item: Leftovers\n|upkeep\n|turn|15\n|\n|t:|1699611314\n|move|p2a: Rotom|Volt Switch|p1a: Slowking\n|-damage|p1a: Slowking|74\/100\n|\n|t:|1699611316\n|switch|p2a: Corviknight|Corviknight, F|100\/100|[from] Volt Switch\n|-ability|p2a: Corviknight|Pressure\n|move|p1a: Slowking|Future Sight|p2a: Corviknight\n|-start|p1a: Slowking|move: Future Sight\n|\n|upkeep\n|turn|16\n|\n|t:|1699611339\n|switch|p1a: Iron Valiant|Iron Valiant|100\/100\n|move|p2a: Corviknight|U-turn|p1a: Iron Valiant\n|-resisted|p1a: Iron Valiant\n|-damage|p1a: Iron Valiant|96\/100\n|\n|t:|1699611358\n|switch|p2a: Clefable|Clefable, F|92\/100|[from] U-turn\n|\n|-heal|p2a: Clefable|98\/100|[from] item: Leftovers\n|upkeep\n|turn|17\n|\n|t:|1699611368\n|move|p1a: Iron Valiant|Thunderbolt|p2a: Clefable\n|-damage|p2a: Clefable|79\/100\n|move|p2a: Clefable|Moonblast|p1a: Iron Valiant\n|-supereffective|p1a: Iron Valiant\n|-damage|p1a: Iron Valiant|0 fnt\n|faint|p1a: Iron Valiant\n|-end|p1a: Iron Valiant|Quark Drive|[silent]\n|\n|-end|p2a: Clefable|move: Future Sight\n|-damage|p2a: Clefable|51\/100\n|-heal|p2a: Clefable|57\/100|[from] item: Leftovers\n|upkeep\n|\n|t:|1699611379\n|switch|p1a: Gholdengo|Gholdengo|61\/100\n|turn|18\n|c|\u2606ASharpSharpie|oh\n|\n|t:|1699611387\n|move|p2a: Clefable|Protect|p2a: Clefable\n|-singleturn|p2a: Clefable|Protect\n|move|p1a: Gholdengo|Make It Rain|p2a: Clefable\n|-activate|p2a: Clefable|move: Protect\n|\n|-heal|p2a: Clefable|63\/100|[from] item: Leftovers\n|upkeep\n|turn|19\n|\n|t:|1699611402\n|switch|p2a: Corviknight|Corviknight, F|100\/100\n|-ability|p2a: Corviknight|Pressure\n|move|p1a: Gholdengo|Make It Rain|p2a: Corviknight\n|-resisted|p2a: Corviknight\n|-damage|p2a: Corviknight|73\/100\n|-unboost|p1a: Gholdengo|spa|1\n|\n|-heal|p2a: Corviknight|79\/100|[from] item: Leftovers\n|upkeep\n|turn|20\n|\n|t:|1699611435\n|switch|p1a: Regidrago|Regidrago|100\/100\n|move|p2a: Corviknight|U-turn|p1a: Regidrago\n|-damage|p1a: Regidrago|86\/100\n|\n|t:|1699611443\n|switch|p2a: Clefable|Clefable, F|63\/100|[from] U-turn\n|\n|-heal|p2a: Clefable|69\/100|[from] item: Leftovers\n|upkeep\n|turn|21\n|\n|t:|1699611458\n|switch|p1a: Slowking|Slowking-Galar, F|100\/100\n|move|p2a: Clefable|Moonblast|p1a: Slowking\n|-resisted|p1a: Slowking\n|-damage|p1a: Slowking|92\/100\n|-unboost|p1a: Slowking|spa|1\n|\n|-heal|p2a: Clefable|75\/100|[from] item: Leftovers\n|upkeep\n|turn|22\n|\n|t:|1699611471\n|switch|p2a: Rotom|Rotom-Wash|45\/100\n|move|p1a: Slowking|Thunder Wave|p2a: Rotom\n|-immune|p2a: Rotom\n|\n|-heal|p2a: Rotom|51\/100|[from] item: Leftovers\n|upkeep\n|turn|23\n|\n|t:|1699611485\n|move|p2a: Rotom|Thunder Wave|p1a: Slowking\n|-status|p1a: Slowking|par\n|cant|p1a: Slowking|par\n|\n|-heal|p2a: Rotom|57\/100|[from] item: Leftovers\n|upkeep\n|turn|24\n|\n|t:|1699611497\n|switch|p2a: Gallade|Gallade, M|100\/100\n|move|p1a: Slowking|Sludge Bomb|p2a: Gallade\n|-damage|p2a: Gallade|76\/100\n|\n|upkeep\n|turn|25\n|\n|t:|1699611508\n|move|p2a: Gallade|Psycho Cut|p1a: Slowking\n|-damage|p1a: Slowking|33\/100 par\n|move|p1a: Slowking|Chilly Reception|p1a: Slowking\n|-weather|Snow\n|\n|t:|1699611517\n|switch|p1a: Great Tusk|Great Tusk|100\/100|[from] Chilly Reception\n|\n|-weather|Snow|[upkeep]\n|upkeep\n|turn|26\n|c|\u2606ASharpSharpie|why did i swap to this mon\n|c|\u2606UnknownToasted|hold on\n|c|\u2606UnknownToasted|im on a online lesson\n|c|\u2606UnknownToasted|lol\n|c|\u2606ASharpSharpie|oh ok\n|c|\u2606UnknownToasted|multi-tasking\n|\n|t:|1699611617\n|switch|p2a: Rotom|Rotom-Wash|57\/100\n|-terastallize|p1a: Great Tusk|Ice\n|move|p1a: Great Tusk|Ice Spinner|p2a: Rotom\n|-resisted|p2a: Rotom\n|-damage|p2a: Rotom|43\/100\n|\n|-weather|Snow|[upkeep]\n|-heal|p2a: Rotom|49\/100|[from] item: Leftovers\n|upkeep\n|turn|27\n|\n|t:|1699611641\n|-end|p1a: Great Tusk|Protosynthesis|[silent]\n|switch|p1a: Regidrago|Regidrago|86\/100\n|move|p2a: Rotom|Will-O-Wisp|p1a: Regidrago\n|-status|p1a: Regidrago|brn\n|\n|-weather|Snow|[upkeep]\n|-heal|p2a: Rotom|55\/100|[from] item: Leftovers\n|-damage|p1a: Regidrago|80\/100 brn|[from] brn\n|upkeep\n|turn|28\n|\n|t:|1699611655\n|move|p1a: Regidrago|Dragon Energy|p2a: Rotom\n|-damage|p2a: Rotom|0 fnt\n|faint|p2a: Rotom\n|\n|-weather|Snow|[upkeep]\n|-damage|p1a: Regidrago|74\/100 brn|[from] brn\n|upkeep\n|\n|t:|1699611667\n|switch|p2a: Grafaiai|Grafaiai, M|9\/100 par\n|turn|29\n|\n|t:|1699611677\n|switch|p1a: Great Tusk|Great Tusk, tera:Ice|100\/100\n|cant|p2a: Grafaiai|par\n|\n|-weather|none\n|-heal|p2a: Grafaiai|15\/100 par|[from] item: Leftovers\n|upkeep\n|turn|30\n|\n|t:|1699611684\n|move|p2a: Grafaiai|Parting Shot|p1a: Great Tusk\n|-unboost|p1a: Great Tusk|atk|1\n|-unboost|p1a: Great Tusk|spa|1\n|\n|t:|1699611696\n|switch|p2a: Gallade|Gallade, M|76\/100|[from] Parting Shot\n|move|p1a: Great Tusk|Ice Spinner|p2a: Gallade\n|-damage|p2a: Gallade|34\/100\n|\n|upkeep\n|turn|31\n|c|\u2606ASharpSharpie|wait\n|c|\u2606ASharpSharpie|hm\n|\n|t:|1699611715\n|move|p2a: Gallade|Sacred Sword|p1a: Great Tusk\n|-supereffective|p1a: Great Tusk\n|-damage|p1a: Great Tusk|21\/100\n|move|p1a: Great Tusk|Ice Spinner|p2a: Gallade\n|-damage|p2a: Gallade|0 fnt\n|faint|p2a: Gallade\n|\n|upkeep\n|\n|t:|1699611724\n|switch|p2a: Clefable|Clefable, F|75\/100\n|turn|32\n|\n|t:|1699611741\n|move|p1a: Great Tusk|Ice Spinner|p2a: Clefable\n|-damage|p2a: Clefable|50\/100\n|move|p2a: Clefable|Moonblast|p1a: Great Tusk\n|-damage|p1a: Great Tusk|0 fnt\n|faint|p1a: Great Tusk\n|-end|p1a: Great Tusk|Protosynthesis|[silent]\n|\n|-heal|p2a: Clefable|56\/100|[from] item: Leftovers\n|upkeep\n|\n|t:|1699611751\n|switch|p1a: Gholdengo|Gholdengo|61\/100\n|turn|33\n|\n|t:|1699611760\n|switch|p2a: Corviknight|Corviknight, F|79\/100\n|-ability|p2a: Corviknight|Pressure\n|move|p1a: Gholdengo|Make It Rain|p2a: Corviknight\n|-resisted|p2a: Corviknight\n|-damage|p2a: Corviknight|53\/100\n|-unboost|p1a: Gholdengo|spa|1\n|\n|-heal|p2a: Corviknight|59\/100|[from] item: Leftovers\n|upkeep\n|turn|34\n|\n|t:|1699611788\n|switch|p1a: Ogerpon|Ogerpon-Wellspring, F|59\/100\n|move|p2a: Corviknight|Brave Bird|p1a: Ogerpon\n|-supereffective|p1a: Ogerpon\n|-damage|p1a: Ogerpon|0 fnt\n|faint|p1a: Ogerpon\n|-damage|p2a: Corviknight|43\/100|[from] Recoil\n|\n|-heal|p2a: Corviknight|49\/100|[from] item: Leftovers\n|upkeep\n|\n|t:|1699611797\n|switch|p1a: Regidrago|Regidrago|74\/100 brn\n|turn|35\n|\n|t:|1699611803\n|switch|p2a: Clefable|Clefable, F|56\/100\n|move|p1a: Regidrago|Dragon Energy|p2a: Clefable\n|-immune|p2a: Clefable\n|\n|-heal|p2a: Clefable|62\/100|[from] item: Leftovers\n|-damage|p1a: Regidrago|68\/100 brn|[from] brn\n|upkeep\n|turn|36\n|\n|t:|1699611811\n|switch|p1a: Gholdengo|Gholdengo|61\/100\n|move|p2a: Clefable|Wish|p2a: Clefable\n|\n|-heal|p2a: Clefable|68\/100|[from] item: Leftovers\n|upkeep\n|turn|37\n|c|\u2606ASharpSharpie|this is so much bad\n|\n|t:|1699611820\n|switch|p2a: Corviknight|Corviknight, F|49\/100\n|-ability|p2a: Corviknight|Pressure\n|move|p1a: Gholdengo|Make It Rain|p2a: Corviknight\n|-resisted|p2a: Corviknight\n|-damage|p2a: Corviknight|21\/100\n|-unboost|p1a: Gholdengo|spa|1\n|\n|-heal|p2a: Corviknight|71\/100|[from] move: Wish|[wisher] Clefable\n|-heal|p2a: Corviknight|77\/100|[from] item: Leftovers\n|upkeep\n|turn|38\n|\n|t:|1699611837\n|move|p1a: Gholdengo|Shadow Ball|p2a: Corviknight\n|-damage|p2a: Corviknight|52\/100\n|-unboost|p2a: Corviknight|spd|1\n|move|p2a: Corviknight|Brave Bird|p1a: Gholdengo\n|-resisted|p1a: Gholdengo\n|-damage|p1a: Gholdengo|48\/100\n|-damage|p2a: Corviknight|48\/100|[from] Recoil\n|\n|-heal|p2a: Corviknight|54\/100|[from] item: Leftovers\n|upkeep\n|turn|39\n|\n|t:|1699611849\n|switch|p2a: Grafaiai|Grafaiai, M|15\/100 par\n|move|p1a: Gholdengo|Shadow Ball|p2a: Grafaiai\n|-immune|p2a: Grafaiai\n|\n|-heal|p2a: Grafaiai|21\/100 par|[from] item: Leftovers\n|upkeep\n|turn|40\n|\n|t:|1699611863\n|switch|p1a: Slowking|Slowking-Galar, F|66\/100 par\n|move|p2a: Grafaiai|Knock Off|p1a: Slowking\n|-supereffective|p1a: Slowking\n|-damage|p1a: Slowking|35\/100 par\n|\n|-heal|p2a: Grafaiai|27\/100 par|[from] item: Leftovers\n|upkeep\n|turn|41\n|\n|t:|1699611880\n|cant|p2a: Grafaiai|par\n|move|p1a: Slowking|Future Sight|p2a: Grafaiai\n|-start|p1a: Slowking|move: Future Sight\n|\n|-heal|p2a: Grafaiai|33\/100 par|[from] item: Leftovers\n|upkeep\n|turn|42\n|\n|t:|1699611905\n|-terastallize|p2a: Grafaiai|Dark\n|cant|p2a: Grafaiai|par\n|move|p1a: Slowking|Chilly Reception|p1a: Slowking\n|-weather|Snow\n|\n|t:|1699611911\n|switch|p1a: Regidrago|Regidrago|68\/100 brn|[from] Chilly Reception\n|\n|-weather|Snow|[upkeep]\n|-heal|p2a: Grafaiai|39\/100 par|[from] item: Leftovers\n|-damage|p1a: Regidrago|61\/100 brn|[from] brn\n|upkeep\n|turn|43\n|\n|t:|1699611918\n|move|p1a: Regidrago|Dragon Energy|p2a: Grafaiai\n|-crit|p2a: Grafaiai\n|-damage|p2a: Grafaiai|0 fnt\n|faint|p2a: Grafaiai\n|\n|-weather|Snow|[upkeep]\n|-hint|Future Sight did not hit because the target is fainted.\n|-damage|p1a: Regidrago|55\/100 brn|[from] brn\n|upkeep\n|\n|t:|1699611924\n|switch|p2a: Clefable|Clefable, F|68\/100\n|turn|44\n|\n|t:|1699611928\n|switch|p1a: Gholdengo|Gholdengo|48\/100\n|move|p2a: Clefable|Protect||[still]\n|-fail|p2a: Clefable\n|\n|-weather|Snow|[upkeep]\n|-heal|p2a: Clefable|74\/100|[from] item: Leftovers\n|upkeep\n|turn|45\n|\n|t:|1699611938\n|switch|p2a: Corviknight|Corviknight, F|54\/100\n|-ability|p2a: Corviknight|Pressure\n|move|p1a: Gholdengo|Recover|p1a: Gholdengo\n|-heal|p1a: Gholdengo|98\/100\n|\n|-weather|Snow|[upkeep]\n|-heal|p2a: Corviknight|60\/100|[from] item: Leftovers\n|upkeep\n|turn|46\n|\n|t:|1699611947\n|move|p1a: Gholdengo|Nasty Plot|p1a: Gholdengo\n|-boost|p1a: Gholdengo|spa|2\n|move|p2a: Corviknight|Roost|p2a: Corviknight\n|-heal|p2a: Corviknight|100\/100\n|-singleturn|p2a: Corviknight|move: Roost\n|\n|-weather|none\n|upkeep\n|turn|47\n|\n|t:|1699611963\n|move|p1a: Gholdengo|Nasty Plot|p1a: Gholdengo\n|-boost|p1a: Gholdengo|spa|2\n|move|p2a: Corviknight|Brave Bird|p1a: Gholdengo\n|-resisted|p1a: Gholdengo\n|-damage|p1a: Gholdengo|85\/100\n|-damage|p2a: Corviknight|96\/100|[from] Recoil\n|\n|-heal|p2a: Corviknight|100\/100|[from] item: Leftovers\n|upkeep\n|turn|48\n|\n|t:|1699611974\n|move|p1a: Gholdengo|Shadow Ball|p2a: Corviknight\n|-damage|p2a: Corviknight|0 fnt\n|faint|p2a: Corviknight\n|\n|upkeep\n|\n|t:|1699611977\n|switch|p2a: Dragapult|Dragapult, F|100\/100\n|turn|49\n|\n|t:|1699612051\n|move|p2a: Dragapult|Shadow Ball|p1a: Gholdengo\n|-supereffective|p1a: Gholdengo\n|-damage|p1a: Gholdengo|0 fnt\n|faint|p1a: Gholdengo\n|\n|upkeep\n|c|\u2606ASharpSharpie|oh\n|\n|t:|1699612059\n|switch|p1a: Slowking|Slowking-Galar, F|68\/100 par\n|turn|50\n|\n|t:|1699612103\n|move|p2a: Dragapult|Shadow Ball|p1a: Slowking\n|-supereffective|p1a: Slowking\n|-damage|p1a: Slowking|10\/100 par\n|move|p1a: Slowking|Thunder Wave|p2a: Dragapult\n|-status|p2a: Dragapult|par\n|\n|upkeep\n|turn|51\n|\n|t:|1699612110\n|cant|p2a: Dragapult|par\n|move|p1a: Slowking|Sludge Bomb|p2a: Dragapult\n|-resisted|p2a: Dragapult\n|-damage|p2a: Dragapult|77\/100 par\n|\n|upkeep\n|turn|52\n|\n|t:|1699612115\n|move|p2a: Dragapult|Shadow Ball|p1a: Slowking\n|-supereffective|p1a: Slowking\n|-damage|p1a: Slowking|0 fnt\n|faint|p1a: Slowking\n|\n|upkeep\n|\n|t:|1699612120\n|switch|p1a: Regidrago|Regidrago|55\/100 brn\n|turn|53\n|\n|t:|1699612125\n|switch|p2a: Clefable|Clefable, F|74\/100\n|move|p1a: Regidrago|Dragon Energy|p2a: Clefable\n|-immune|p2a: Clefable\n|\n|-heal|p2a: Clefable|80\/100|[from] item: Leftovers\n|-damage|p1a: Regidrago|49\/100 brn|[from] brn\n|upkeep\n|turn|54\n|c|\u2606ASharpSharpie|NIOOOOOOOOOOOOOOOOO\n|c|\u2606ASharpSharpie|NOOOO\n|\n|t:|1699612136\n|move|p2a: Clefable|Protect|p2a: Clefable\n|-singleturn|p2a: Clefable|Protect\n|move|p1a: Regidrago|Dragon Energy|p2a: Clefable\n|-activate|p2a: Clefable|move: Protect\n|\n|-heal|p2a: Clefable|86\/100|[from] item: Leftovers\n|-damage|p1a: Regidrago|43\/100 brn|[from] brn\n|upkeep\n|turn|55\n|c|\u2606ASharpSharpie|IM DOOMED\n|\n|t:|1699612144\n|move|p1a: Regidrago|Dragon Energy|p2a: Clefable\n|-immune|p2a: Clefable\n|move|p2a: Clefable|Moonblast|p1a: Regidrago\n|-supereffective|p1a: Regidrago\n|-damage|p1a: Regidrago|0 fnt\n|faint|p1a: Regidrago\n|\n|win|UnknownToasted\n|c|\u2606ASharpSharpie|gg\n|c|\u2606UnknownToasted|gg\n","uploadtime":1699612156,"views":21,"p1id":"asharpsharpie","p2id":"unknowntoasted","formatid":"gen9ubers","rating":0,"private":0,"password":""}