{"id":"gen9ubers-1978538550","p1":"sword over shield","p2":"Shedinja999","format":"[Gen 9] Ubers","log":"|j|\u2606sword over shield\n|j|\u2606Shedinja999\n|t:|1698552536\n|gametype|singles\n|player|p1|sword over shield|2|\n|player|p2|Shedinja999|will|\n|teamsize|p1|6\n|teamsize|p2|6\n|gen|9\n|tier|[Gen 9] Ubers\n|rule|Sleep Clause Mod: Limit one foe put to sleep\n|rule|Species Clause: Limit one of each Pok\u00e9mon\n|rule|OHKO Clause: OHKO moves are banned\n|rule|Evasion Items Clause: Evasion items are banned\n|rule|Evasion Moves Clause: Evasion moves are banned\n|rule|Endless Battle Clause: Forcing endless battles is banned\n|rule|HP Percentage Mod: HP is shown in percentages\n|clearpoke\n|poke|p1|Arceus-Fire|\n|poke|p1|Torkoal, M|\n|poke|p1|Roaring Moon|\n|poke|p1|Walking Wake|\n|poke|p1|Gholdengo|\n|poke|p1|Magearna|\n|poke|p2|Magearna|\n|poke|p2|Giratina|\n|poke|p2|Spectrier|\n|poke|p2|Arceus-Fighting|\n|poke|p2|Shaymin-Sky|\n|poke|p2|Ursaluna-Bloodmoon, M|\n|teampreview\n|inactive|Battle timer is ON: inactive players will automatically lose when time's up. (requested by Shedinja999)\n|inactive|sword over shield has 270 seconds left.\n|c|\u2606Shedinja999|Gl\n|inactive|sword over shield has 240 seconds left.\n|inactive|sword over shield has 210 seconds left.\n|inactiveoff|Battle timer is now OFF.\n|inactive|Battle timer is ON: inactive players will automatically lose when time's up. (requested by Shedinja999)\n|inactive|sword over shield has 270 seconds left.\n|\n|t:|1698552677\n|start\n|switch|p1a: Magearna|Magearna|100\/100\n|switch|p2a: Magearna|Magearna|100\/100\n|turn|1\n|inactive|sword over shield has 270 seconds left.\n|\n|t:|1698552686\n|-terastallize|p2a: Magearna|Ground\n|move|p2a: Magearna|Calm Mind|p2a: Magearna\n|-boost|p2a: Magearna|spa|1\n|-boost|p2a: Magearna|spd|1\n|move|p1a: Magearna|Spikes|p2a: Magearna\n|-sidestart|p2: Shedinja999|Spikes\n|\n|upkeep\n|turn|2\n|\n|t:|1698552695\n|switch|p1a: Torkoal|Torkoal, M|100\/100\n|-weather|SunnyDay|[from] ability: Drought|[of] p1a: Torkoal\n|move|p2a: Magearna|Tera Blast|p1a: Torkoal|[anim] Tera Blast Ground\n|-supereffective|p1a: Torkoal\n|-crit|p1a: Torkoal\n|-damage|p1a: Torkoal|0 fnt\n|faint|p1a: Torkoal\n|-ability|p2a: Magearna|Soul-Heart|boost\n|-boost|p2a: Magearna|spa|1\n|\n|-weather|SunnyDay|[upkeep]\n|upkeep\n|\n|t:|1698552702\n|switch|p1a: Walking Wake|Walking Wake|100\/100\n|-activate|p1a: Walking Wake|ability: Protosynthesis\n|-start|p1a: Walking Wake|protosynthesisspe\n|turn|3\n|\n|t:|1698552713\n|move|p1a: Walking Wake|Hydro Steam|p2a: Magearna\n|-supereffective|p2a: Magearna\n|-damage|p2a: Magearna|0 fnt\n|faint|p2a: Magearna\n|\n|-weather|SunnyDay|[upkeep]\n|upkeep\n|\n|t:|1698552720\n|switch|p2a: Shaymin|Shaymin-Sky|100\/100\n|turn|4\n|\n|t:|1698552728\n|-end|p1a: Walking Wake|Protosynthesis|[silent]\n|switch|p1a: Gholdengo|Gholdengo|100\/100\n|move|p2a: Shaymin|Air Slash|p1a: Gholdengo\n|-resisted|p1a: Gholdengo\n|-damage|p1a: Gholdengo|79\/100\n|\n|-weather|SunnyDay|[upkeep]\n|upkeep\n|turn|5\n|\n|t:|1698552743\n|move|p1a: Gholdengo|Shadow Ball|p2a: Shaymin\n|-damage|p2a: Shaymin|43\/100\n|move|p2a: Shaymin|Earth Power|p1a: Gholdengo\n|-supereffective|p1a: Gholdengo\n|-damage|p1a: Gholdengo|14\/100\n|\n|-weather|SunnyDay|[upkeep]\n|upkeep\n|turn|6\n|\n|t:|1698552753\n|switch|p1a: Walking Wake|Walking Wake|100\/100\n|-activate|p1a: Walking Wake|ability: Protosynthesis\n|-start|p1a: Walking Wake|protosynthesisspe\n|switch|p2a: Ursaluna|Ursaluna-Bloodmoon, M|100\/100\n|-damage|p2a: Ursaluna|88\/100|[from] Spikes\n|\n|-weather|SunnyDay|[upkeep]\n|upkeep\n|turn|7\n|\n|t:|1698552767\n|move|p1a: Walking Wake|Hydro Steam|p2a: Ursaluna\n|-supereffective|p2a: Ursaluna\n|-damage|p2a: Ursaluna|0 fnt\n|faint|p2a: Ursaluna\n|\n|-weather|SunnyDay|[upkeep]\n|upkeep\n|\n|t:|1698552773\n|switch|p2a: Spectrier|Spectrier|100\/100\n|turn|8\n|\n|t:|1698552780\n|-terastallize|p1a: Walking Wake|Water\n|move|p1a: Walking Wake|Hydro Steam|p2a: Spectrier\n|-damage|p2a: Spectrier|0 fnt\n|faint|p2a: Spectrier\n|\n|-weather|SunnyDay|[upkeep]\n|upkeep\n|\n|t:|1698552784\n|switch|p2a: Giratina|Giratina, shiny|100\/100\n|-damage|p2a: Giratina|88\/100|[from] Spikes\n|-ability|p2a: Giratina|Pressure\n|turn|9\n|\n|t:|1698552791\n|-end|p1a: Walking Wake|Protosynthesis|[silent]\n|switch|p1a: Magearna|Magearna|100\/100\n|move|p2a: Giratina|Shadow Ball|p1a: Magearna\n|-damage|p1a: Magearna|78\/100\n|\n|-weather|none\n|-heal|p2a: Giratina|94\/100|[from] item: Leftovers\n|-heal|p1a: Magearna|84\/100|[from] item: Leftovers\n|upkeep\n|turn|10\n|\n|t:|1698552805\n|move|p1a: Magearna|Fleur Cannon|p2a: Giratina\n|-supereffective|p2a: Giratina\n|-damage|p2a: Giratina|44\/100\n|-unboost|p1a: Magearna|spa|2\n|move|p2a: Giratina|Roar|p1a: Magearna\n|drag|p1a: Walking Wake|Walking Wake, tera:Water|100\/100\n|\n|-heal|p2a: Giratina|50\/100|[from] item: Leftovers\n|upkeep\n|turn|11\n|\n|t:|1698552813\n|move|p1a: Walking Wake|Draco Meteor|p2a: Giratina\n|-supereffective|p2a: Giratina\n|-damage|p2a: Giratina|0 fnt\n|-unboost|p1a: Walking Wake|spa|2\n|faint|p2a: Giratina\n|\n|upkeep\n|\n|t:|1698552817\n|switch|p2a: Shaymin|Shaymin-Sky|43\/100\n|turn|12\n|\n|t:|1698552823\n|-end|p1a: Walking Wake|Protosynthesis|[silent]\n|switch|p1a: Gholdengo|Gholdengo|14\/100\n|move|p2a: Shaymin|Seed Flare|p1a: Gholdengo\n|-resisted|p1a: Gholdengo\n|-damage|p1a: Gholdengo|0 fnt\n|faint|p1a: Gholdengo\n|\n|upkeep\n|\n|t:|1698552834\n|switch|p1a: Magearna|Magearna|84\/100\n|turn|13\n|\n|t:|1698552839\n|move|p2a: Shaymin|Earth Power|p1a: Magearna\n|-supereffective|p1a: Magearna\n|-damage|p1a: Magearna|35\/100\n|move|p1a: Magearna|Fleur Cannon|p2a: Shaymin|[miss]\n|-miss|p1a: Magearna|p2a: Shaymin\n|\n|-heal|p1a: Magearna|41\/100|[from] item: Leftovers\n|upkeep\n|turn|14\n|\n|t:|1698552848\n|move|p2a: Shaymin|Earth Power|p1a: Magearna\n|-supereffective|p1a: Magearna\n|-damage|p1a: Magearna|0 fnt\n|faint|p1a: Magearna\n|\n|upkeep\n|\n|t:|1698552856\n|switch|p1a: Roaring Moon|Roaring Moon|100\/100\n|turn|15\n|\n|t:|1698552863\n|move|p1a: Roaring Moon|Knock Off|p2a: Shaymin\n|-damage|p2a: Shaymin|0 fnt\n|-enditem|p2a: Shaymin|Heavy-Duty Boots|[from] move: Knock Off|[of] p1a: Roaring Moon\n|faint|p2a: Shaymin\n|\n|upkeep\n|\n|t:|1698552865\n|switch|p2a: Arceus|Arceus-Fighting, shiny|100\/100\n|-damage|p2a: Arceus|88\/100|[from] Spikes\n|turn|16\n|\n|t:|1698552873\n|-end|p1a: Roaring Moon|Protosynthesis|[silent]\n|switch|p1a: Walking Wake|Walking Wake, tera:Water|100\/100\n|move|p2a: Arceus|Judgment|p1a: Walking Wake\n|-damage|p1a: Walking Wake|28\/100\n|\n|upkeep\n|turn|17\n|\n|t:|1698552881\n|move|p1a: Walking Wake|Hydro Steam|p2a: Arceus\n|-damage|p2a: Arceus|22\/100\n|move|p2a: Arceus|Judgment|p1a: Walking Wake\n|-damage|p1a: Walking Wake|0 fnt\n|faint|p1a: Walking Wake\n|-end|p1a: Walking Wake|Protosynthesis|[silent]\n|\n|upkeep\n|\n|t:|1698552890\n|switch|p1a: Roaring Moon|Roaring Moon|100\/100\n|turn|18\n|\n|t:|1698552897\n|move|p1a: Roaring Moon|Earthquake|p2a: Arceus\n|-damage|p2a: Arceus|0 fnt\n|faint|p2a: Arceus\n|\n|win|sword over shield\n|c|\u2606Shedinja999|gg\n|c|\u2606sword over shield|gg\n","uploadtime":1698552905,"views":12,"p1id":"swordovershield","p2id":"shedinja999","formatid":"gen9ubers","rating":0,"private":0,"password":""}