{"id":"gen9ubers-1979006599","p1":"Anne Frankkkk","p2":"Yakogoro","format":"[Gen 9] Ubers","log":"|j|\u2606Anne Frankkkk\n|j|\u203dYakogoro\n|t:|1698620302\n|gametype|singles\n|player|p1|Anne Frankkkk|hilbert|1169\n|player|p2|Yakogoro|101|1120\n|teamsize|p1|6\n|teamsize|p2|3\n|gen|9\n|tier|[Gen 9] Ubers\n|rated|\n|rule|Sleep Clause Mod: Limit one foe put to sleep\n|rule|Species Clause: Limit one of each Pok\u00e9mon\n|rule|OHKO Clause: OHKO moves are banned\n|rule|Evasion Items Clause: Evasion items are banned\n|rule|Evasion Moves Clause: Evasion moves are banned\n|rule|Endless Battle Clause: Forcing endless battles is banned\n|rule|HP Percentage Mod: HP is shown in percentages\n|clearpoke\n|poke|p1|Iron Hands|\n|poke|p1|Kyogre|\n|poke|p1|Chien-Pao|\n|poke|p1|Ribombee, F|\n|poke|p1|Miraidon|\n|poke|p1|Flutter Mane|\n|poke|p2|Cleffa, M|\n|poke|p2|Igglybuff, M|\n|poke|p2|Happiny, F|\n|teampreview\n|inactive|Battle timer is ON: inactive players will automatically lose when time's up. (requested by Yakogoro)\n|\n|t:|1698620309\n|start\n|switch|p1a: OHKO|Kyogre|100\/100\n|switch|p2a: Igglybuff|Igglybuff, M|100\/100\n|-weather|RainDance|[from] ability: Drizzle|[of] p1a: OHKO\n|turn|1\n|\n|t:|1698620312\n|-terastallize|p1a: OHKO|Water\n|move|p1a: OHKO|Water Spout|p2a: Igglybuff\n|-enditem|p2a: Igglybuff|Focus Sash\n|-damage|p2a: Igglybuff|1\/100\n|move|p2a: Igglybuff|Disable|p1a: OHKO\n|-start|p1a: OHKO|Disable|Water Spout\n|\n|-weather|RainDance|[upkeep]\n|upkeep\n|turn|2\n|\n|t:|1698620320\n|-activate|p1a: OHKO|move: Struggle\n|move|p1a: OHKO|Struggle|p2a: Igglybuff\n|-damage|p2a: Igglybuff|0 fnt\n|faint|p2a: Igglybuff\n|-damage|p1a: OHKO|76\/100|[from] recoil\n|\n|-weather|RainDance|[upkeep]\n|upkeep\n|\n|t:|1698620327\n|switch|p2a: Happiny|Happiny, F|100\/100\n|turn|3\n|\n|t:|1698620330\n|-activate|p1a: OHKO|move: Struggle\n|move|p1a: OHKO|Struggle|p2a: Happiny\n|-damage|p2a: Happiny|61\/100\n|-damage|p1a: OHKO|51\/100|[from] recoil\n|move|p2a: Happiny|Sunny Day|p2a: Happiny\n|-weather|SunnyDay\n|\n|-weather|SunnyDay|[upkeep]\n|upkeep\n|turn|4\n|\n|t:|1698620338\n|-activate|p1a: OHKO|move: Struggle\n|move|p1a: OHKO|Struggle|p2a: Happiny\n|-damage|p2a: Happiny|24\/100\n|-damage|p1a: OHKO|26\/100|[from] recoil\n|move|p2a: Happiny|Metronome|p2a: Happiny\n|move|p2a: Happiny|Leech Seed|p1a: OHKO|[from]move: Metronome|[miss]\n|-miss|p2a: Happiny|p1a: OHKO\n|\n|-weather|SunnyDay|[upkeep]\n|upkeep\n|turn|5\n|\n|t:|1698620349\n|-activate|p1a: OHKO|move: Struggle\n|move|p1a: OHKO|Struggle|p2a: Happiny\n|-damage|p2a: Happiny|0 fnt\n|faint|p2a: Happiny\n|-damage|p1a: OHKO|1\/100|[from] recoil\n|\n|-weather|SunnyDay|[upkeep]\n|-end|p1a: OHKO|Disable\n|upkeep\n|\n|t:|1698620354\n|switch|p2a: Cleffa|Cleffa, M|100\/100\n|turn|6\n|\n|t:|1698620360\n|move|p1a: OHKO|Water Spout|p2a: Cleffa\n|-damage|p2a: Cleffa|99\/100\n|move|p2a: Cleffa|Metronome|p2a: Cleffa\n|move|p2a: Cleffa|Wing Attack|p1a: OHKO|[from]move: Metronome\n|-damage|p1a: OHKO|0 fnt\n|faint|p1a: OHKO\n|\n|-weather|SunnyDay|[upkeep]\n|upkeep\n|\n|t:|1698620369\n|switch|p1a: Big Boy|Iron Hands, shiny|100\/100\n|turn|7\n|\n|t:|1698620374\n|move|p1a: Big Boy|Heavy Slam|p2a: Cleffa\n|-supereffective|p2a: Cleffa\n|-damage|p2a: Cleffa|0 fnt\n|faint|p2a: Cleffa\n|\n|win|Anne Frankkkk\n|raw|Anne Frankkkk's rating: 1187 &rarr; <strong>1207<\/strong><br \/>(+20 for winning)\n|raw|Yakogoro's rating: 1120 &rarr; <strong>1100<\/strong><br \/>(-20 for losing)\n","uploadtime":1698620380,"views":12,"p1id":"annefrankkkk","p2id":"yakogoro","formatid":"gen9ubers","rating":1100,"private":0,"password":""}