{"id":"gen9ubers-1992654878","p1":"ScorPiio","p2":"Anne Frankkkk","format":"[Gen 9] Ubers","log":"|j|\u2606ScorPiio\n|j|\u2606Anne Frankkkk\n|t:|1700221037\n|gametype|singles\n|player|p1|ScorPiio|169|1177\n|player|p2|Anne Frankkkk|hilbert|1266\n|teamsize|p1|6\n|teamsize|p2|6\n|gen|9\n|tier|[Gen 9] Ubers\n|rated|\n|rule|Sleep Clause Mod: Limit one foe put to sleep\n|rule|Species Clause: Limit one of each Pok\u00e9mon\n|rule|OHKO Clause: OHKO moves are banned\n|rule|Evasion Items Clause: Evasion items are banned\n|rule|Evasion Moves Clause: Evasion moves are banned\n|rule|Endless Battle Clause: Forcing endless battles is banned\n|rule|HP Percentage Mod: HP is shown in percentages\n|clearpoke\n|poke|p1|Palafin, F|\n|poke|p1|Annihilape, F|\n|poke|p1|Iron Bundle|\n|poke|p1|Miraidon|\n|poke|p1|Chi-Yu|\n|poke|p1|Gliscor, F|\n|poke|p2|Regieleki|\n|poke|p2|Kyogre|\n|poke|p2|Chien-Pao|\n|poke|p2|Ribombee, F|\n|poke|p2|Miraidon|\n|poke|p2|Flutter Mane|\n|teampreview\n|inactive|Battle timer is ON: inactive players will automatically lose when time's up. (requested by Anne Frankkkk)\n|\n|t:|1700221049\n|start\n|switch|p1a: Palafin|Palafin, F|100\/100\n|switch|p2a: Moonblast|Ribombee, F, shiny|100\/100\n|turn|1\n|\n|t:|1700221058\n|move|p1a: Palafin|Jet Punch|p2a: Moonblast\n|-damage|p2a: Moonblast|43\/100\n|move|p2a: Moonblast|Sticky Web|p1a: Palafin\n|-sidestart|p1: ScorPiio|move: Sticky Web\n|\n|upkeep\n|turn|2\n|\n|t:|1700221063\n|move|p1a: Palafin|Jet Punch|p2a: Moonblast\n|-damage|p2a: Moonblast|0 fnt\n|faint|p2a: Moonblast\n|\n|upkeep\n|\n|t:|1700221067\n|switch|p2a: Bzzzzt|Regieleki, shiny|100\/100\n|turn|3\n|\n|t:|1700221070\n|detailschange|p1a: Palafin|Palafin-Hero, F\n|switch|p1a: Gliscor|Gliscor, F|100\/100\n|move|p2a: Bzzzzt|Thunderbolt|p1a: Gliscor\n|-immune|p1a: Gliscor\n|\n|-status|p1a: Gliscor|tox|[from] item: Toxic Orb\n|upkeep\n|turn|4\n|\n|t:|1700221077\n|-terastallize|p2a: Bzzzzt|Ice\n|move|p1a: Gliscor|Protect|p1a: Gliscor\n|-singleturn|p1a: Gliscor|Protect\n|move|p2a: Bzzzzt|Tera Blast|p1a: Gliscor|[anim] Tera Blast Ice\n|-activate|p1a: Gliscor|move: Protect\n|\n|upkeep\n|turn|5\n|\n|t:|1700221104\n|-terastallize|p1a: Gliscor|Water\n|move|p2a: Bzzzzt|Tera Blast|p1a: Gliscor|[anim] Tera Blast Ice\n|-resisted|p1a: Gliscor\n|-damage|p1a: Gliscor|83\/100 tox\n|move|p1a: Gliscor|Knock Off|p2a: Bzzzzt\n|-damage|p2a: Bzzzzt|56\/100\n|-enditem|p2a: Bzzzzt|Magnet|[from] move: Knock Off|[of] p1a: Gliscor\n|\n|-heal|p1a: Gliscor|96\/100 tox|[from] ability: Poison Heal\n|upkeep\n|turn|6\n|\n|t:|1700221118\n|switch|p1a: Annihilape|Annihilape, F|100\/100\n|-activate|p1a: Annihilape|move: Sticky Web\n|-unboost|p1a: Annihilape|spe|1\n|move|p2a: Bzzzzt|Thunderbolt|p1a: Annihilape\n|-damage|p1a: Annihilape|62\/100\n|\n|-heal|p1a: Annihilape|68\/100|[from] item: Leftovers\n|upkeep\n|turn|7\n|\n|t:|1700221126\n|move|p2a: Bzzzzt|Thunderbolt|p1a: Annihilape\n|-damage|p1a: Annihilape|32\/100\n|move|p1a: Annihilape|Rage Fist|p2a: Bzzzzt\n|-damage|p2a: Bzzzzt|0 fnt\n|faint|p2a: Bzzzzt\n|\n|-heal|p1a: Annihilape|38\/100|[from] item: Leftovers\n|upkeep\n|\n|t:|1700221136\n|switch|p2a: Misdreavius|Flutter Mane, shiny|100\/100\n|-enditem|p2a: Misdreavius|Booster Energy\n|-activate|p2a: Misdreavius|ability: Protosynthesis|[fromitem]\n|-start|p2a: Misdreavius|protosynthesisspe\n|turn|8\n|\n|t:|1700221146\n|switch|p1a: Gliscor|Gliscor, F, tera:Water|96\/100 tox\n|-activate|p1a: Gliscor|move: Sticky Web\n|-unboost|p1a: Gliscor|spe|1\n|move|p2a: Misdreavius|Moonblast|p1a: Gliscor\n|-crit|p1a: Gliscor\n|-damage|p1a: Gliscor|29\/100 tox\n|-unboost|p1a: Gliscor|spa|1\n|\n|-heal|p1a: Gliscor|41\/100 tox|[from] ability: Poison Heal\n|upkeep\n|turn|9\n|\n|t:|1700221155\n|move|p1a: Gliscor|Protect|p1a: Gliscor\n|-singleturn|p1a: Gliscor|Protect\n|move|p2a: Misdreavius|Moonblast|p1a: Gliscor\n|-activate|p1a: Gliscor|move: Protect\n|\n|-heal|p1a: Gliscor|54\/100 tox|[from] ability: Poison Heal\n|upkeep\n|turn|10\n|\n|t:|1700221166\n|move|p2a: Misdreavius|Moonblast|p1a: Gliscor\n|-damage|p1a: Gliscor|4\/100 tox\n|move|p1a: Gliscor|Earthquake|p2a: Misdreavius\n|-damage|p2a: Misdreavius|31\/100\n|\n|-heal|p1a: Gliscor|16\/100 tox|[from] ability: Poison Heal\n|upkeep\n|turn|11\n|\n|t:|1700221173\n|move|p1a: Gliscor|Protect|p1a: Gliscor\n|-singleturn|p1a: Gliscor|Protect\n|move|p2a: Misdreavius|Moonblast|p1a: Gliscor\n|-activate|p1a: Gliscor|move: Protect\n|\n|-heal|p1a: Gliscor|29\/100 tox|[from] ability: Poison Heal\n|upkeep\n|turn|12\n|\n|t:|1700221182\n|switch|p1a: Palafin|Palafin-Hero, F|100\/100\n|-activate|p1a: Palafin|move: Sticky Web\n|-unboost|p1a: Palafin|spe|1\n|-activate|p1a: Palafin|ability: Zero to Hero\n|move|p2a: Misdreavius|Moonblast|p1a: Palafin\n|-damage|p1a: Palafin|40\/100\n|-unboost|p1a: Palafin|spa|1\n|\n|upkeep\n|turn|13\n|\n|t:|1700221192\n|-end|p2a: Misdreavius|Protosynthesis|[silent]\n|switch|p2a: Cyber Lizard|Miraidon|100\/100\n|-fieldstart|move: Electric Terrain|[from] ability: Hadron Engine|[of] p2a: Cyber Lizard\n|-item|p2a: Cyber Lizard|Air Balloon\n|move|p1a: Palafin|Jet Punch|p2a: Cyber Lizard\n|-resisted|p2a: Cyber Lizard\n|-damage|p2a: Cyber Lizard|71\/100\n|-enditem|p2a: Cyber Lizard|Air Balloon\n|\n|upkeep\n|turn|14\n|\n|t:|1700221211\n|switch|p1a: Annihilape|Annihilape, F|38\/100\n|-activate|p1a: Annihilape|move: Sticky Web\n|-unboost|p1a: Annihilape|spe|1\n|move|p2a: Cyber Lizard|Electro Drift|p1a: Annihilape\n|-damage|p1a: Annihilape|0 fnt\n|faint|p1a: Annihilape\n|\n|upkeep\n|\n|t:|1700221224\n|switch|p1a: Chi-Yu|Chi-Yu|100\/100\n|-activate|p1a: Chi-Yu|move: Sticky Web\n|-unboost|p1a: Chi-Yu|spe|1\n|-ability|p1a: Chi-Yu|Beads of Ruin\n|turn|15\n|\n|t:|1700221233\n|move|p2a: Cyber Lizard|Electro Drift|p1a: Chi-Yu\n|-damage|p1a: Chi-Yu|0 fnt\n|faint|p1a: Chi-Yu\n|\n|upkeep\n|\n|t:|1700221242\n|switch|p1a: Miraidon|Miraidon|100\/100\n|-activate|p1a: Miraidon|move: Sticky Web\n|-unboost|p1a: Miraidon|spe|1\n|-activate|p1a: Miraidon|ability: Hadron Engine\n|turn|16\n|\n|t:|1700221252\n|move|p2a: Cyber Lizard|Dragon Pulse|p1a: Miraidon\n|-supereffective|p1a: Miraidon\n|-damage|p1a: Miraidon|0 fnt\n|faint|p1a: Miraidon\n|\n|upkeep\n|-message|ScorPiio forfeited.\n|\n|win|Anne Frankkkk\n|raw|ScorPiio's rating: 1177 &rarr; <strong>1158<\/strong><br \/>(-19 for losing)\n|raw|Anne Frankkkk's rating: 1266 &rarr; <strong>1285<\/strong><br \/>(+19 for winning)\n|l|\u2606ScorPiio\n","uploadtime":1700221257,"views":6,"p1id":"scorpiio","p2id":"annefrankkkk","formatid":"gen9ubers","rating":1158,"private":0,"password":""}