{"id":"gen9ubers-1976292102","p1":"CherylBush","p2":"Lucky Dae","format":"[Gen 9] Ubers","log":"|j|\u2606CherylBush\n|j|\u2606Lucky Dae\n|t:|1698283043\n|gametype|singles\n|player|p1|CherylBush|mallow-masters|\n|player|p2|Lucky Dae|backpacker|\n|teamsize|p1|6\n|teamsize|p2|6\n|gen|9\n|tier|[Gen 9] Ubers\n|rule|Sleep Clause Mod: Limit one foe put to sleep\n|rule|Species Clause: Limit one of each Pok\u00e9mon\n|rule|OHKO Clause: OHKO moves are banned\n|rule|Evasion Items Clause: Evasion items are banned\n|rule|Evasion Moves Clause: Evasion moves are banned\n|rule|Endless Battle Clause: Forcing endless battles is banned\n|rule|HP Percentage Mod: HP is shown in percentages\n|clearpoke\n|poke|p1|Bruxish, M|\n|poke|p1|Dedenne, F|\n|poke|p1|Tropius, F|\n|poke|p1|Sableye, M|\n|poke|p1|Torkoal, F|\n|poke|p1|Komala, M|\n|poke|p2|Passimian, F|\n|poke|p2|Alomomola, M|\n|poke|p2|Komala, F|\n|poke|p2|Bombirdier, F|\n|poke|p2|Mimikyu, F|\n|poke|p2|Dedenne, F|\n|teampreview\n|j|+SBPC !\n|c|\u2606Lucky Dae|glhf\n|c|\u2606CherylBush|u2\n|\n|t:|1698283079\n|start\n|switch|p1a: Komala|Komala, M|100\/100\n|switch|p2a: Bombirdier|Bombirdier, F|100\/100\n|-ability|p1a: Komala|Comatose\n|turn|1\n|\n|t:|1698283098\n|move|p2a: Bombirdier|Power Gem|p1a: Komala\n|-damage|p1a: Komala|73\/100\n|move|p1a: Komala|Body Slam|p2a: Bombirdier\n|-damage|p2a: Bombirdier|58\/100\n|\n|-heal|p1a: Komala|79\/100|[from] item: Leftovers\n|upkeep\n|turn|2\n|\n|t:|1698283110\n|switch|p2a: Alomomola|Alomomola, M|100\/100\n|move|p1a: Komala|Body Slam|p2a: Alomomola\n|-damage|p2a: Alomomola|84\/100\n|-damage|p1a: Komala|63\/100|[from] item: Rocky Helmet|[of] p2a: Alomomola\n|\n|-heal|p1a: Komala|69\/100|[from] item: Leftovers\n|upkeep\n|turn|3\n|\n|t:|1698283118\n|move|p1a: Komala|Wish|p1a: Komala\n|move|p2a: Alomomola|Calm Mind|p2a: Alomomola\n|-boost|p2a: Alomomola|spa|1\n|-boost|p2a: Alomomola|spd|1\n|\n|-heal|p1a: Komala|75\/100|[from] item: Leftovers\n|upkeep\n|turn|4\n|\n|t:|1698283122\n|move|p2a: Alomomola|Scald|p1a: Komala\n|-damage|p1a: Komala|60\/100\n|move|p1a: Komala|U-turn|p2a: Alomomola\n|-damage|p2a: Alomomola|75\/100\n|-damage|p1a: Komala|44\/100|[from] item: Rocky Helmet|[of] p2a: Alomomola\n|\n|t:|1698283135\n|switch|p1a: Sableye|Sableye, M|100\/100|[from] U-turn\n|\n|upkeep\n|turn|5\n|\n|t:|1698283138\n|move|p1a: Sableye|Thunder Wave|p2a: Alomomola\n|-status|p2a: Alomomola|par\n|move|p2a: Alomomola|Scald|p1a: Sableye\n|-damage|p1a: Sableye|70\/100\n|-status|p1a: Sableye|brn\n|\n|-damage|p1a: Sableye|65\/100 brn|[from] brn\n|upkeep\n|turn|6\n|\n|t:|1698283146\n|move|p1a: Sableye|Knock Off|p2a: Alomomola\n|-damage|p2a: Alomomola|68\/100 par\n|-damage|p1a: Sableye|48\/100 brn|[from] item: Rocky Helmet|[of] p2a: Alomomola\n|-enditem|p2a: Alomomola|Rocky Helmet|[from] move: Knock Off|[of] p1a: Sableye\n|move|p2a: Alomomola|Calm Mind|p2a: Alomomola\n|-boost|p2a: Alomomola|spa|1\n|-boost|p2a: Alomomola|spd|1\n|\n|-damage|p1a: Sableye|42\/100 brn|[from] brn\n|upkeep\n|turn|7\n|\n|t:|1698283154\n|switch|p2a: Bombirdier|Bombirdier, F|58\/100\n|move|p1a: Sableye|Recover|p1a: Sableye\n|-heal|p1a: Sableye|92\/100 brn\n|\n|-damage|p1a: Sableye|86\/100 brn|[from] brn\n|upkeep\n|turn|8\n|\n|t:|1698283158\n|move|p2a: Bombirdier|Dark Pulse|p1a: Sableye\n|-crit|p1a: Sableye\n|-damage|p1a: Sableye|0 fnt\n|faint|p1a: Sableye\n|\n|upkeep\n|\n|t:|1698283161\n|switch|p1a: Dedenne|Dedenne, F|100\/100\n|turn|9\n|\n|t:|1698283169\n|switch|p2a: Komala|Komala, F|100\/100\n|-ability|p2a: Komala|Comatose\n|move|p1a: Dedenne|Substitute|p1a: Dedenne\n|-start|p1a: Dedenne|Substitute\n|-damage|p1a: Dedenne|75\/100\n|\n|upkeep\n|turn|10\n|\n|t:|1698283175\n|move|p1a: Dedenne|Draining Kiss|p2a: Komala\n|-damage|p2a: Komala|87\/100\n|-heal|p1a: Dedenne|88\/100|[from] drain|[of] p2a: Komala\n|move|p2a: Komala|Rapid Spin|p1a: Dedenne\n|-crit|p1a: Dedenne\n|-end|p1a: Dedenne|Substitute\n|-boost|p2a: Komala|spe|1\n|\n|upkeep\n|turn|11\n|\n|t:|1698283186\n|switch|p1a: Torkoal|Torkoal, F|100\/100\n|-weather|SunnyDay|[from] ability: Drought|[of] p1a: Torkoal\n|move|p2a: Komala|Knock Off|p1a: Torkoal\n|-damage|p1a: Torkoal|75\/100\n|-enditem|p1a: Torkoal|Heavy-Duty Boots|[from] move: Knock Off|[of] p2a: Komala\n|\n|-weather|SunnyDay|[upkeep]\n|upkeep\n|turn|12\n|\n|t:|1698283190\n|move|p2a: Komala|U-turn|p1a: Torkoal\n|-resisted|p1a: Torkoal\n|-damage|p1a: Torkoal|66\/100\n|\n|t:|1698283193\n|switch|p2a: Bombirdier|Bombirdier, F|58\/100|[from] U-turn\n|move|p1a: Torkoal|Stealth Rock|p2a: Bombirdier\n|-sidestart|p2: Lucky Dae|move: Stealth Rock\n|\n|-weather|SunnyDay|[upkeep]\n|upkeep\n|turn|13\n|\n|t:|1698283208\n|-terastallize|p2a: Bombirdier|Rock\n|-terastallize|p1a: Torkoal|Fairy\n|move|p2a: Bombirdier|Power Gem|p1a: Torkoal\n|-damage|p1a: Torkoal|0 fnt\n|faint|p1a: Torkoal\n|\n|-weather|SunnyDay|[upkeep]\n|upkeep\n|c|\u2606CherylBush|yep wasted my Tera its over\n|\n|t:|1698283224\n|switch|p1a: Bruxish|Bruxish, M|100\/100\n|turn|14\n|\n|t:|1698283228\n|switch|p2a: Alomomola|Alomomola, M|100\/100 par\n|-damage|p2a: Alomomola|88\/100 par|[from] Stealth Rock\n|move|p1a: Bruxish|Psychic Fangs|p2a: Alomomola\n|-damage|p2a: Alomomola|56\/100 par\n|\n|-weather|SunnyDay|[upkeep]\n|upkeep\n|turn|15\n|\n|t:|1698283237\n|move|p1a: Bruxish|Psychic Fangs|p2a: Alomomola\n|-damage|p2a: Alomomola|27\/100 par\n|cant|p2a: Alomomola|par\n|\n|-weather|none\n|upkeep\n|turn|16\n|\n|t:|1698283245\n|move|p1a: Bruxish|Psychic Fangs|p2a: Alomomola\n|-damage|p2a: Alomomola|0 fnt\n|faint|p2a: Alomomola\n|\n|upkeep\n|\n|t:|1698283248\n|switch|p2a: Dedenne|Dedenne, F|100\/100\n|-damage|p2a: Dedenne|88\/100|[from] Stealth Rock\n|turn|17\n|\n|t:|1698283252\n|switch|p1a: Tropius|Tropius, F|100\/100\n|move|p2a: Dedenne|Thunderbolt|p1a: Tropius\n|-damage|p1a: Tropius|69\/100\n|\n|upkeep\n|turn|18\n|\n|t:|1698283261\n|move|p2a: Dedenne|Volt Switch|p1a: Tropius\n|-damage|p1a: Tropius|43\/100\n|-enditem|p1a: Tropius|Sitrus Berry|[eat]\n|-heal|p1a: Tropius|67\/100|[from] item: Sitrus Berry\n|\n|t:|1698283265\n|switch|p2a: Passimian|Passimian, F|100\/100|[from] Volt Switch\n|-damage|p2a: Passimian|94\/100|[from] Stealth Rock\n|move|p1a: Tropius|Calm Mind|p1a: Tropius\n|-boost|p1a: Tropius|spa|1\n|-boost|p1a: Tropius|spd|1\n|\n|upkeep\n|turn|19\n|\n|t:|1698283270\n|move|p2a: Passimian|Gunk Shot|p1a: Tropius\n|-supereffective|p1a: Tropius\n|-damage|p1a: Tropius|16\/100\n|move|p1a: Tropius|Air Slash|p2a: Passimian\n|-supereffective|p2a: Passimian\n|-damage|p2a: Passimian|3\/100\n|\n|-item|p1a: Tropius|Sitrus Berry|[from] ability: Harvest\n|upkeep\n|-enditem|p1a: Tropius|Sitrus Berry|[eat]\n|-heal|p1a: Tropius|41\/100|[from] item: Sitrus Berry\n|turn|20\n|\n|t:|1698283275\n|switch|p1a: Komala|Komala, M|44\/100\n|-ability|p1a: Komala|Comatose\n|move|p2a: Passimian|Gunk Shot|p1a: Komala|[miss]\n|-miss|p2a: Passimian|p1a: Komala\n|\n|-heal|p1a: Komala|50\/100|[from] item: Leftovers\n|upkeep\n|turn|21\n|\n|t:|1698283280\n|move|p2a: Passimian|Gunk Shot|p1a: Komala\n|-damage|p1a: Komala|0 fnt\n|faint|p1a: Komala\n|\n|upkeep\n|\n|t:|1698283283\n|switch|p1a: Bruxish|Bruxish, M|100\/100\n|turn|22\n|\n|t:|1698283286\n|move|p1a: Bruxish|Flip Turn|p2a: Passimian\n|-damage|p2a: Passimian|0 fnt\n|faint|p2a: Passimian\n|\n|t:|1698283292\n|switch|p1a: Dedenne|Dedenne, F|88\/100|[from] Flip Turn\n|\n|upkeep\n|\n|t:|1698283295\n|switch|p2a: Komala|Komala, F|87\/100\n|-damage|p2a: Komala|74\/100|[from] Stealth Rock\n|-ability|p2a: Komala|Comatose\n|turn|23\n|\n|t:|1698283302\n|switch|p1a: Tropius|Tropius, F|41\/100\n|move|p2a: Komala|Rapid Spin|p1a: Tropius\n|-damage|p1a: Tropius|24\/100\n|-boost|p2a: Komala|spe|1\n|-sideend|p2: Lucky Dae|Stealth Rock|[from] move: Rapid Spin|[of] p2a: Komala\n|\n|upkeep\n|turn|24\n|\n|t:|1698283316\n|move|p2a: Komala|Play Rough|p1a: Tropius\n|-damage|p1a: Tropius|0 fnt\n|faint|p1a: Tropius\n|\n|upkeep\n|\n|t:|1698283322\n|switch|p1a: Bruxish|Bruxish, M|100\/100\n|turn|25\n|\n|t:|1698283330\n|switch|p2a: Bombirdier|Bombirdier, F, tera:Rock|58\/100\n|move|p1a: Bruxish|Psychic Fangs|p2a: Bombirdier\n|-damage|p2a: Bombirdier|0 fnt\n|faint|p2a: Bombirdier\n|\n|upkeep\n|\n|t:|1698283332\n|switch|p2a: Mimikyu|Mimikyu, F|100\/100\n|turn|26\n|\n|t:|1698283333\n|move|p1a: Bruxish|Psychic Fangs|p2a: Mimikyu\n|-activate|p2a: Mimikyu|ability: Disguise\n|-damage|p2a: Mimikyu|100\/100\n|detailschange|p2a: Mimikyu|Mimikyu-Busted, F\n|-damage|p2a: Mimikyu|88\/100|[from] pokemon: Mimikyu-Busted\n|move|p2a: Mimikyu|Shadow Claw|p1a: Bruxish\n|-supereffective|p1a: Bruxish\n|-damage|p1a: Bruxish|0 fnt\n|faint|p1a: Bruxish\n|-damage|p2a: Mimikyu|78\/100|[from] item: Life Orb\n|\n|upkeep\n|c|\u2606CherylBush|ye would've been sad if you managed to lose that\n|c|\u2606CherylBush|gg\n|-message|CherylBush forfeited.\n|\n|win|Lucky Dae\n|l|\u2606CherylBush\n|c|\u2606Lucky Dae|gg\n","uploadtime":1698283351,"views":11,"p1id":"cherylbush","p2id":"luckydae","formatid":"gen9ubers","rating":0,"private":0,"password":""}