{"id":"gen9ubers-1976801156","p1":"Kachowow","p2":"shinx from arcane","format":"[Gen 9] Ubers","log":"|j|\u2606Kachowow\n|j|\u2606shinx from arcane\n|t:|1698342435\n|gametype|singles\n|player|p1|Kachowow|cook-gen7|\n|player|p2|shinx from arcane|skyla|\n|teamsize|p1|6\n|teamsize|p2|6\n|gen|9\n|tier|[Gen 9] Ubers\n|rule|Sleep Clause Mod: Limit one foe put to sleep\n|rule|Species Clause: Limit one of each Pok\u00e9mon\n|rule|OHKO Clause: OHKO moves are banned\n|rule|Evasion Items Clause: Evasion items are banned\n|rule|Evasion Moves Clause: Evasion moves are banned\n|rule|Endless Battle Clause: Forcing endless battles is banned\n|rule|HP Percentage Mod: HP is shown in percentages\n|clearpoke\n|poke|p1|Goodra-Hisui, F|\n|poke|p1|Glimmora, M|\n|poke|p1|Thundurus, M|\n|poke|p1|Meowscarada, M|\n|poke|p1|Alomomola, F|\n|poke|p1|Iron Valiant|\n|poke|p2|Ogerpon-Wellspring, F|\n|poke|p2|Gholdengo|\n|poke|p2|Cinderace, F|\n|poke|p2|Ting-Lu|\n|poke|p2|Sylveon, M|\n|poke|p2|Sneasler, F|\n|teampreview\n|inactive|Battle timer is ON: inactive players will automatically lose when time's up. (requested by shinx from arcane)\n|c|\u2606Kachowow|stop timer\n|inactiveoff|Battle timer is now OFF.\n|j| Gonna Be Good\n|j| AMAG\n|c| Gonna Be Good|me to siri when my muffins finish cooking\n|c|\u2606Kachowow|oh glhf\n|c|\u2606shinx from arcane|you too...i guess :\/\n|j| bluecrue\n|c|\u2606Kachowow|i know you dont mean it asshole\n|\n|t:|1698342575\n|start\n|switch|p1a: D Wade|Meowscarada, M|100\/100\n|switch|p2a: Naoya Inoue|Cinderace, F|100\/100\n|turn|1\n|\n|t:|1698342591\n|move|p1a: D Wade|U-turn|p2a: Naoya Inoue\n|-start|p1a: D Wade|typechange|Bug|[from] ability: Protean\n|-resisted|p2a: Naoya Inoue\n|-damage|p2a: Naoya Inoue|82\/100\n|\n|t:|1698342599\n|switch|p1a: Coughing Baby|Glimmora, M|100\/100|[from] U-turn\n|move|p2a: Naoya Inoue|U-turn|p1a: Coughing Baby\n|-start|p2a: Naoya Inoue|typechange|Bug|[from] ability: Libero\n|-resisted|p1a: Coughing Baby\n|-crit|p1a: Coughing Baby\n|-damage|p1a: Coughing Baby|74\/100\n|-damage|p2a: Naoya Inoue|65\/100|[from] item: Rocky Helmet|[of] p1a: Coughing Baby\n|-activate|p1a: Coughing Baby|ability: Toxic Debris\n|-sidestart|p2: shinx from arcane|move: Toxic Spikes\n|\n|t:|1698342605\n|switch|p2a: Pacquiao|Sneasler, F|100\/100|[from] U-turn\n|-sideend|p2: shinx from arcane|move: Toxic Spikes|[of] p2a: Pacquiao\n|\n|upkeep\n|turn|2\n|\n|t:|1698342614\n|switch|p2a: Muhammad Ali|Ting-Lu|100\/100\n|-ability|p2a: Muhammad Ali|Vessel of Ruin\n|switch|p1a: Hello Ogerpon|Alomomola, F|100\/100\n|\n|upkeep\n|turn|3\n|\n|t:|1698342616\n|switch|p2a: Mayweather|Ogerpon-Wellspring, F|100\/100\n|move|p1a: Hello Ogerpon|Flip Turn|p2a: Mayweather\n|-immune|p2a: Mayweather|[from] ability: Water Absorb\n|\n|upkeep\n|turn|4\n|\n|t:|1698342620\n|switch|p1a: With the Heat|Goodra-Hisui, F|100\/100\n|move|p2a: Mayweather|Substitute|p2a: Mayweather\n|-start|p2a: Mayweather|Substitute\n|-damage|p2a: Mayweather|76\/100\n|\n|upkeep\n|turn|5\n|\n|t:|1698342625\n|move|p2a: Mayweather|Low Kick|p1a: With the Heat\n|-supereffective|p1a: With the Heat\n|-enditem|p1a: With the Heat|Chople Berry|[eat]\n|-enditem|p1a: With the Heat|Chople Berry|[weaken]\n|-damage|p1a: With the Heat|66\/100\n|move|p1a: With the Heat|Knock Off|p2a: Mayweather\n|-activate|p2a: Mayweather|move: Substitute|[damage]\n|\n|upkeep\n|turn|6\n|\n|t:|1698342637\n|switch|p1a: Coughing Baby|Glimmora, M|74\/100\n|move|p2a: Mayweather|Low Kick|p1a: Coughing Baby\n|-damage|p1a: Coughing Baby|43\/100\n|-damage|p2a: Mayweather|59\/100|[from] item: Rocky Helmet|[of] p1a: Coughing Baby\n|-activate|p1a: Coughing Baby|ability: Toxic Debris\n|-sidestart|p2: shinx from arcane|move: Toxic Spikes\n|\n|upkeep\n|turn|7\n|\n|t:|1698342645\n|switch|p1a: With the Heat|Goodra-Hisui, F|66\/100\n|move|p2a: Mayweather|Ivy Cudgel|p1a: With the Heat\n|-resisted|p1a: With the Heat\n|-damage|p1a: With the Heat|45\/100\n|\n|upkeep\n|turn|8\n|\n|t:|1698342649\n|move|p2a: Mayweather|Low Kick|p1a: With the Heat\n|-supereffective|p1a: With the Heat\n|-damage|p1a: With the Heat|0 fnt\n|faint|p1a: With the Heat\n|\n|upkeep\n|\n|t:|1698342655\n|switch|p1a: BeastMODE|Thundurus, M|100\/100\n|turn|9\n|\n|t:|1698342661\n|move|p1a: BeastMODE|U-turn|p2a: Mayweather\n|-supereffective|p2a: Mayweather\n|-end|p2a: Mayweather|Substitute\n|\n|t:|1698342665\n|switch|p1a: D Wade|Meowscarada, M|100\/100|[from] U-turn\n|move|p2a: Mayweather|Ivy Cudgel|p1a: D Wade\n|-resisted|p1a: D Wade\n|-damage|p1a: D Wade|53\/100\n|\n|upkeep\n|turn|10\n|\n|t:|1698342676\n|switch|p2a: Pacquiao|Sneasler, F|100\/100\n|-sideend|p2: shinx from arcane|move: Toxic Spikes|[of] p2a: Pacquiao\n|move|p1a: D Wade|Flower Trick|p2a: Pacquiao\n|-start|p1a: D Wade|typechange|Grass|[from] ability: Protean\n|-resisted|p2a: Pacquiao\n|-crit|p2a: Pacquiao\n|-damage|p2a: Pacquiao|59\/100\n|\n|upkeep\n|turn|11\n|\n|t:|1698342681\n|switch|p1a: Hello Ogerpon|Alomomola, F|100\/100\n|move|p2a: Pacquiao|U-turn|p1a: Hello Ogerpon\n|-damage|p1a: Hello Ogerpon|88\/100\n|-damage|p2a: Pacquiao|42\/100|[from] item: Rocky Helmet|[of] p1a: Hello Ogerpon\n|\n|t:|1698342685\n|switch|p2a: Mayweather|Ogerpon-Wellspring, F|59\/100|[from] U-turn\n|\n|upkeep\n|turn|12\n|\n|t:|1698342691\n|switch|p1a: BeastMODE|Thundurus, M|100\/100\n|move|p2a: Mayweather|Ivy Cudgel|p1a: BeastMODE\n|-damage|p1a: BeastMODE|0 fnt\n|faint|p1a: BeastMODE\n|\n|upkeep\n|\n|t:|1698342697\n|switch|p1a: D Wade|Meowscarada, M|53\/100\n|turn|13\n|\n|t:|1698342718\n|switch|p2a: Alvarez|Sylveon, M|100\/100\n|move|p1a: D Wade|U-turn|p2a: Alvarez\n|-start|p1a: D Wade|typechange|Bug|[from] ability: Protean\n|-resisted|p2a: Alvarez\n|-damage|p2a: Alvarez|87\/100\n|\n|t:|1698342723\n|switch|p1a: Coughing Baby|Glimmora, M|43\/100|[from] U-turn\n|\n|-heal|p2a: Alvarez|93\/100|[from] item: Leftovers\n|upkeep\n|turn|14\n|\n|t:|1698342730\n|move|p1a: Coughing Baby|Stealth Rock|p2a: Alvarez\n|-sidestart|p2: shinx from arcane|move: Stealth Rock\n|move|p2a: Alvarez|Wish|p2a: Alvarez\n|\n|-heal|p2a: Alvarez|99\/100|[from] item: Leftovers\n|upkeep\n|turn|15\n|\n|t:|1698342739\n|switch|p2a: Naoya Inoue|Cinderace, F|65\/100\n|move|p1a: Coughing Baby|Mortal Spin|p2a: Naoya Inoue\n|-damage|p2a: Naoya Inoue|58\/100\n|-status|p2a: Naoya Inoue|psn\n|\n|-heal|p2a: Naoya Inoue|100\/100 psn|[from] move: Wish|[wisher] Alvarez\n|-damage|p2a: Naoya Inoue|88\/100 psn|[from] psn\n|upkeep\n|turn|16\n|\n|t:|1698342744\n|move|p2a: Naoya Inoue|Court Change|p2a: Naoya Inoue\n|-start|p2a: Naoya Inoue|typechange|Normal|[from] ability: Libero\n|-swapsideconditions\n|-activate|p2a: Naoya Inoue|move: Court Change\n|move|p1a: Coughing Baby|Stealth Rock|p2a: Naoya Inoue\n|-sidestart|p2: shinx from arcane|move: Stealth Rock\n|\n|-damage|p2a: Naoya Inoue|76\/100 psn|[from] psn\n|upkeep\n|turn|17\n|\n|t:|1698342750\n|switch|p2a: Muhammad Ali|Ting-Lu|100\/100\n|-damage|p2a: Muhammad Ali|94\/100|[from] Stealth Rock\n|-ability|p2a: Muhammad Ali|Vessel of Ruin\n|move|p1a: Coughing Baby|Power Gem|p2a: Muhammad Ali\n|-resisted|p2a: Muhammad Ali\n|-damage|p2a: Muhammad Ali|85\/100\n|\n|-heal|p2a: Muhammad Ali|91\/100|[from] item: Leftovers\n|upkeep\n|turn|18\n|\n|t:|1698342755\n|switch|p1a: D Wade|Meowscarada, M|53\/100\n|-damage|p1a: D Wade|41\/100|[from] Stealth Rock\n|move|p2a: Muhammad Ali|Spikes|p1a: D Wade\n|-sidestart|p1: Kachowow|Spikes\n|\n|-heal|p2a: Muhammad Ali|98\/100|[from] item: Leftovers\n|upkeep\n|turn|19\n|\n|t:|1698342766\n|move|p1a: D Wade|Play Rough|p2a: Muhammad Ali\n|-start|p1a: D Wade|typechange|Fairy|[from] ability: Protean\n|-supereffective|p2a: Muhammad Ali\n|-damage|p2a: Muhammad Ali|47\/100\n|move|p2a: Muhammad Ali|Earthquake|p1a: D Wade\n|-damage|p1a: D Wade|0 fnt\n|faint|p1a: D Wade\n|\n|-heal|p2a: Muhammad Ali|54\/100|[from] item: Leftovers\n|upkeep\n|\n|t:|1698342792\n|switch|p1a: Hydrogen Bomb|Iron Valiant|100\/100\n|-damage|p1a: Hydrogen Bomb|94\/100|[from] Stealth Rock\n|-damage|p1a: Hydrogen Bomb|82\/100|[from] Spikes\n|-enditem|p1a: Hydrogen Bomb|Booster Energy\n|-activate|p1a: Hydrogen Bomb|ability: Quark Drive|[fromitem]\n|-start|p1a: Hydrogen Bomb|quarkdrivespe\n|turn|20\n|\n|t:|1698342807\n|move|p1a: Hydrogen Bomb|Swords Dance|p1a: Hydrogen Bomb\n|-boost|p1a: Hydrogen Bomb|atk|2\n|move|p2a: Muhammad Ali|Earthquake|p1a: Hydrogen Bomb\n|-damage|p1a: Hydrogen Bomb|32\/100\n|\n|-heal|p2a: Muhammad Ali|60\/100|[from] item: Leftovers\n|upkeep\n|turn|21\n|\n|t:|1698342812\n|move|p1a: Hydrogen Bomb|Close Combat|p2a: Muhammad Ali\n|-supereffective|p2a: Muhammad Ali\n|-damage|p2a: Muhammad Ali|0 fnt\n|-unboost|p1a: Hydrogen Bomb|def|1\n|-unboost|p1a: Hydrogen Bomb|spd|1\n|faint|p2a: Muhammad Ali\n|\n|upkeep\n|\n|t:|1698342815\n|switch|p2a: Alvarez|Sylveon, M|99\/100\n|-damage|p2a: Alvarez|87\/100|[from] Stealth Rock\n|turn|22\n|\n|t:|1698342826\n|-end|p1a: Hydrogen Bomb|Quark Drive|[silent]\n|switch|p1a: Coughing Baby|Glimmora, M|43\/100\n|-damage|p1a: Coughing Baby|31\/100|[from] Stealth Rock\n|-damage|p1a: Coughing Baby|19\/100|[from] Spikes\n|move|p2a: Alvarez|Quick Attack|p1a: Coughing Baby\n|-resisted|p1a: Coughing Baby\n|-damage|p1a: Coughing Baby|13\/100\n|-damage|p2a: Alvarez|70\/100|[from] item: Rocky Helmet|[of] p1a: Coughing Baby\n|-activate|p1a: Coughing Baby|ability: Toxic Debris\n|-sidestart|p2: shinx from arcane|move: Toxic Spikes\n|\n|-heal|p2a: Alvarez|76\/100|[from] item: Leftovers\n|upkeep\n|turn|23\n|\n|t:|1698342841\n|move|p2a: Alvarez|Protect|p2a: Alvarez\n|-singleturn|p2a: Alvarez|Protect\n|move|p1a: Coughing Baby|Power Gem|p2a: Alvarez\n|-activate|p2a: Alvarez|move: Protect\n|\n|-heal|p2a: Alvarez|82\/100|[from] item: Leftovers\n|upkeep\n|turn|24\n|\n|t:|1698342844\n|move|p1a: Coughing Baby|Power Gem|p2a: Alvarez\n|-damage|p2a: Alvarez|55\/100\n|move|p2a: Alvarez|Wish|p2a: Alvarez\n|\n|-heal|p2a: Alvarez|61\/100|[from] item: Leftovers\n|upkeep\n|turn|25\n|\n|t:|1698342851\n|move|p2a: Alvarez|Protect|p2a: Alvarez\n|-singleturn|p2a: Alvarez|Protect\n|move|p1a: Coughing Baby|Mortal Spin|p2a: Alvarez\n|-activate|p2a: Alvarez|move: Protect\n|\n|-heal|p2a: Alvarez|100\/100|[from] move: Wish|[wisher] Alvarez\n|upkeep\n|turn|26\n|\n|t:|1698342853\n|move|p1a: Coughing Baby|Mortal Spin|p2a: Alvarez\n|-supereffective|p2a: Alvarez\n|-damage|p2a: Alvarez|89\/100\n|-status|p2a: Alvarez|psn\n|-sideend|p1: Kachowow|Spikes|[from] move: Mortal Spin|[of] p1a: Coughing Baby\n|-sideend|p1: Kachowow|Stealth Rock|[from] move: Mortal Spin|[of] p1a: Coughing Baby\n|move|p2a: Alvarez|Wish|p2a: Alvarez\n|\n|-heal|p2a: Alvarez|95\/100 psn|[from] item: Leftovers\n|-damage|p2a: Alvarez|83\/100 psn|[from] psn\n|upkeep\n|turn|27\n|\n|t:|1698342862\n|switch|p2a: Pacquiao|Sneasler, F|42\/100\n|-damage|p2a: Pacquiao|36\/100|[from] Stealth Rock\n|-sideend|p2: shinx from arcane|move: Toxic Spikes|[of] p2a: Pacquiao\n|move|p1a: Coughing Baby|Earth Power|p2a: Pacquiao\n|-supereffective|p2a: Pacquiao\n|-damage|p2a: Pacquiao|0 fnt\n|faint|p2a: Pacquiao\n|\n|upkeep\n|c|\u2606shinx from arcane|ooh\n|c|\u2606shinx from arcane|wp\n|\n|t:|1698342891\n|switch|p2a: Tank Davis|Gholdengo|100\/100\n|-damage|p2a: Tank Davis|94\/100|[from] Stealth Rock\n|-item|p2a: Tank Davis|Air Balloon\n|turn|28\n|\n|t:|1698342897\n|switch|p1a: Hello Ogerpon|Alomomola, F|100\/100\n|move|p2a: Tank Davis|Shadow Ball|p1a: Hello Ogerpon\n|-damage|p1a: Hello Ogerpon|52\/100\n|\n|upkeep\n|turn|29\n|\n|t:|1698342908\n|switch|p2a: Mayweather|Ogerpon-Wellspring, F|59\/100\n|-damage|p2a: Mayweather|47\/100|[from] Stealth Rock\n|move|p1a: Hello Ogerpon|Healing Wish|p1a: Hello Ogerpon\n|faint|p1a: Hello Ogerpon\n|\n|upkeep\n|\n|t:|1698342909\n|switch|p1a: Hydrogen Bomb|Iron Valiant|32\/100\n|-heal|p1a: Hydrogen Bomb|100\/100|[from] move: Healing Wish\n|turn|30\n|\n|t:|1698342914\n|move|p1a: Hydrogen Bomb|Close Combat|p2a: Mayweather\n|-damage|p2a: Mayweather|0 fnt\n|-unboost|p1a: Hydrogen Bomb|def|1\n|-unboost|p1a: Hydrogen Bomb|spd|1\n|faint|p2a: Mayweather\n|\n|upkeep\n|\n|t:|1698342923\n|switch|p2a: Alvarez|Sylveon, M|83\/100 psn\n|-damage|p2a: Alvarez|71\/100 psn|[from] Stealth Rock\n|turn|31\n|\n|t:|1698342927\n|-end|p1a: Hydrogen Bomb|Quark Drive|[silent]\n|switch|p1a: Coughing Baby|Glimmora, M|13\/100\n|move|p2a: Alvarez|Hyper Voice|p1a: Coughing Baby\n|-resisted|p1a: Coughing Baby\n|-damage|p1a: Coughing Baby|0 fnt\n|faint|p1a: Coughing Baby\n|\n|-heal|p2a: Alvarez|77\/100 psn|[from] item: Leftovers\n|-damage|p2a: Alvarez|64\/100 psn|[from] psn\n|upkeep\n|\n|t:|1698342929\n|switch|p1a: Hydrogen Bomb|Iron Valiant|100\/100\n|turn|32\n|\n|t:|1698342945\n|move|p1a: Hydrogen Bomb|Close Combat|p2a: Alvarez\n|-resisted|p2a: Alvarez\n|-damage|p2a: Alvarez|36\/100 psn\n|-unboost|p1a: Hydrogen Bomb|def|1\n|-unboost|p1a: Hydrogen Bomb|spd|1\n|move|p2a: Alvarez|Hyper Voice|p1a: Hydrogen Bomb\n|-supereffective|p1a: Hydrogen Bomb\n|-damage|p1a: Hydrogen Bomb|0 fnt\n|faint|p1a: Hydrogen Bomb\n|-end|p1a: Hydrogen Bomb|Quark Drive|[silent]\n|\n|win|shinx from arcane\n|c|\u2606Kachowow|ggs\n|c|\u2606shinx from arcane|ggs\n|c| AMAG|good match\n|l| AMAG\n|l| Gonna Be Good\n|c|\u2606Kachowow|when the ogerpon subbed i knew i was fucked\n","uploadtime":1698342950,"views":30,"p1id":"kachowow","p2id":"shinxfromarcane","formatid":"gen9ubers","rating":0,"private":0,"password":""}