{"id":"gen9ubers-1999768978","p1":"jakewwwwwww","p2":"Ampharoside","format":"[Gen 9] Ubers","log":"|j|\u2606jakewwwwwww\n|j|\u2606Ampharoside\n|t:|1701114999\n|gametype|singles\n|player|p1|jakewwwwwww|266|\n|player|p2|Ampharoside|lucas|\n|teamsize|p1|6\n|teamsize|p2|6\n|gen|9\n|tier|[Gen 9] Ubers\n|rule|Sleep Clause Mod: Limit one foe put to sleep\n|rule|Species Clause: Limit one of each Pok\u00e9mon\n|rule|OHKO Clause: OHKO moves are banned\n|rule|Evasion Items Clause: Evasion items are banned\n|rule|Evasion Moves Clause: Evasion moves are banned\n|rule|Endless Battle Clause: Forcing endless battles is banned\n|rule|HP Percentage Mod: HP is shown in percentages\n|clearpoke\n|poke|p1|Mamoswine, M|\n|poke|p1|Cinderace, M|\n|poke|p1|Iron Valiant|\n|poke|p1|Zarude-Dada|\n|poke|p1|Corviknight, F|\n|poke|p1|Lycanroc-Midnight, F|\n|poke|p2|Camerupt, M|\n|poke|p2|Slowking-Galar, M|\n|poke|p2|Quaquaval, M|\n|poke|p2|Baxcalibur, F|\n|poke|p2|Crocalor, M|\n|poke|p2|Sandslash-Alola, F|\n|teampreview\n|\n|t:|1701115033\n|start\n|switch|p1a: Otis\/Carl|Mamoswine, M|100\/100\n|switch|p2a: Quaquaval|Quaquaval, M|100\/100\n|turn|1\n|\n|t:|1701115057\n|switch|p1a: Pendulum|Corviknight, F|100\/100\n|-ability|p1a: Pendulum|Pressure\n|move|p2a: Quaquaval|Rapid Spin|p1a: Pendulum\n|-resisted|p1a: Pendulum\n|-damage|p1a: Pendulum|96\/100\n|-boost|p2a: Quaquaval|spe|1\n|\n|-heal|p1a: Pendulum|100\/100|[from] item: Leftovers\n|upkeep\n|turn|2\n|\n|t:|1701115072\n|move|p2a: Quaquaval|Flip Turn|p1a: Pendulum\n|-damage|p1a: Pendulum|82\/100\n|\n|t:|1701115075\n|switch|p2a: Slowking|Slowking-Galar, M|100\/100|[from] Flip Turn\n|move|p1a: Pendulum|Body Press|p2a: Slowking\n|-resisted|p2a: Slowking\n|-damage|p2a: Slowking|95\/100\n|\n|-heal|p1a: Pendulum|88\/100|[from] item: Leftovers\n|upkeep\n|turn|3\n|\n|t:|1701115090\n|move|p1a: Pendulum|U-turn|p2a: Slowking\n|-damage|p2a: Slowking|85\/100\n|\n|t:|1701115095\n|switch|p1a: Generation Loss|Zarude-Dada|100\/100|[from] U-turn\n|move|p2a: Slowking|Sludge Bomb|p1a: Generation Loss\n|-supereffective|p1a: Generation Loss\n|-damage|p1a: Generation Loss|35\/100\n|\n|upkeep\n|turn|4\n|\n|t:|1701115104\n|move|p1a: Generation Loss|Knock Off|p2a: Slowking\n|-supereffective|p2a: Slowking\n|-enditem|p2a: Slowking|Colbur Berry|[eat]\n|-enditem|p2a: Slowking|Colbur Berry|[weaken]\n|-damage|p2a: Slowking|23\/100\n|move|p2a: Slowking|Sludge Bomb|p1a: Generation Loss\n|-supereffective|p1a: Generation Loss\n|-damage|p1a: Generation Loss|0 fnt\n|faint|p1a: Generation Loss\n|\n|upkeep\n|\n|t:|1701115114\n|switch|p1a: Otis\/Carl|Mamoswine, M|100\/100\n|turn|5\n|\n|t:|1701115117\n|switch|p2a: Quaquaval|Quaquaval, M|100\/100\n|move|p1a: Otis\/Carl|Earthquake|p2a: Quaquaval\n|-damage|p2a: Quaquaval|32\/100\n|\n|upkeep\n|turn|6\n|\n|t:|1701115122\n|move|p1a: Otis\/Carl|Earthquake|p2a: Quaquaval\n|-damage|p2a: Quaquaval|0 fnt\n|faint|p2a: Quaquaval\n|\n|upkeep\n|\n|t:|1701115137\n|switch|p2a: Baxcalibur|Baxcalibur, F|100\/100\n|turn|7\n|\n|t:|1701115151\n|switch|p1a: Pendulum|Corviknight, F|88\/100\n|-ability|p1a: Pendulum|Pressure\n|move|p2a: Baxcalibur|Icicle Crash|p1a: Pendulum\n|-crit|p1a: Pendulum\n|-damage|p1a: Pendulum|42\/100\n|\n|-heal|p1a: Pendulum|48\/100|[from] item: Leftovers\n|upkeep\n|turn|8\n|\n|t:|1701115160\n|move|p2a: Baxcalibur|Swords Dance|p2a: Baxcalibur\n|-boost|p2a: Baxcalibur|atk|2\n|move|p1a: Pendulum|Roost|p1a: Pendulum\n|-heal|p1a: Pendulum|98\/100\n|-singleturn|p1a: Pendulum|move: Roost\n|\n|-heal|p1a: Pendulum|100\/100|[from] item: Leftovers\n|upkeep\n|turn|9\n|\n|t:|1701115178\n|move|p2a: Baxcalibur|Icicle Crash|p1a: Pendulum\n|-damage|p1a: Pendulum|43\/100\n|move|p1a: Pendulum|Body Press|p2a: Baxcalibur\n|-supereffective|p2a: Baxcalibur\n|-damage|p2a: Baxcalibur|56\/100\n|\n|-heal|p2a: Baxcalibur|62\/100|[from] item: Leftovers\n|-heal|p1a: Pendulum|49\/100|[from] item: Leftovers\n|upkeep\n|turn|10\n|\n|t:|1701115191\n|move|p2a: Baxcalibur|Icicle Crash|p1a: Pendulum\n|-damage|p1a: Pendulum|0 fnt\n|faint|p1a: Pendulum\n|\n|-heal|p2a: Baxcalibur|68\/100|[from] item: Leftovers\n|upkeep\n|\n|t:|1701115198\n|switch|p1a: Haunted|Lycanroc-Midnight, F|100\/100\n|turn|11\n|\n|t:|1701115213\n|move|p1a: Haunted|Stone Edge|p2a: Baxcalibur\n|-supereffective|p2a: Baxcalibur\n|-damage|p2a: Baxcalibur|0 fnt\n|faint|p2a: Baxcalibur\n|\n|upkeep\n|\n|t:|1701115258\n|switch|p2a: Sandslash|Sandslash-Alola, F|100\/100\n|turn|12\n|\n|t:|1701115298\n|-terastallize|p2a: Sandslash|Dark\n|move|p1a: Haunted|Stone Edge|p2a: Sandslash\n|-crit|p2a: Sandslash\n|-damage|p2a: Sandslash|29\/100\n|move|p2a: Sandslash|Knock Off|p1a: Haunted\n|-damage|p1a: Haunted|37\/100\n|-enditem|p1a: Haunted|Choice Scarf|[from] move: Knock Off|[of] p2a: Sandslash\n|\n|upkeep\n|turn|13\n|\n|t:|1701115315\n|move|p1a: Haunted|Stone Edge|p2a: Sandslash\n|-damage|p2a: Sandslash|0 fnt\n|faint|p2a: Sandslash\n|\n|upkeep\n|\n|t:|1701115320\n|switch|p2a: Camerupt|Camerupt, M|100\/100\n|turn|14\n|\n|t:|1701115329\n|move|p1a: Haunted|Stone Edge|p2a: Camerupt\n|-damage|p2a: Camerupt|21\/100\n|move|p2a: Camerupt|Earth Power|p1a: Haunted\n|-supereffective|p1a: Haunted\n|-damage|p1a: Haunted|0 fnt\n|faint|p1a: Haunted\n|\n|-heal|p2a: Camerupt|27\/100|[from] item: Leftovers\n|upkeep\n|\n|t:|1701115337\n|switch|p1a: Otis\/Carl|Mamoswine, M|100\/100\n|turn|15\n|\n|t:|1701115342\n|move|p1a: Otis\/Carl|Earthquake|p2a: Camerupt\n|-supereffective|p2a: Camerupt\n|-damage|p2a: Camerupt|0 fnt\n|faint|p2a: Camerupt\n|\n|upkeep\n|\n|t:|1701115343\n|switch|p2a: Crocalor|Crocalor, M|100\/100\n|turn|16\n|\n|t:|1701115349\n|move|p1a: Otis\/Carl|Earthquake|p2a: Crocalor\n|-supereffective|p2a: Crocalor\n|-damage|p2a: Crocalor|44\/100\n|move|p2a: Crocalor|Will-O-Wisp|p1a: Otis\/Carl\n|-status|p1a: Otis\/Carl|brn\n|\n|-damage|p1a: Otis\/Carl|94\/100 brn|[from] brn\n|upkeep\n|turn|17\n|\n|t:|1701115366\n|move|p1a: Otis\/Carl|Earthquake|p2a: Crocalor\n|-supereffective|p2a: Crocalor\n|-damage|p2a: Crocalor|13\/100\n|move|p2a: Crocalor|Slack Off|p2a: Crocalor\n|-heal|p2a: Crocalor|63\/100\n|\n|-damage|p1a: Otis\/Carl|88\/100 brn|[from] brn\n|upkeep\n|turn|18\n|\n|t:|1701115372\n|move|p1a: Otis\/Carl|Earthquake|p2a: Crocalor\n|-supereffective|p2a: Crocalor\n|-crit|p2a: Crocalor\n|-damage|p2a: Crocalor|17\/100\n|move|p2a: Crocalor|Slack Off|p2a: Crocalor\n|-heal|p2a: Crocalor|68\/100\n|\n|-damage|p1a: Otis\/Carl|82\/100 brn|[from] brn\n|upkeep\n|turn|19\n|\n|t:|1701115380\n|move|p1a: Otis\/Carl|Earthquake|p2a: Crocalor\n|-supereffective|p2a: Crocalor\n|-damage|p2a: Crocalor|35\/100\n|move|p2a: Crocalor|Slack Off|p2a: Crocalor\n|-heal|p2a: Crocalor|85\/100\n|\n|-damage|p1a: Otis\/Carl|76\/100 brn|[from] brn\n|upkeep\n|turn|20\n|\n|t:|1701115387\n|move|p1a: Otis\/Carl|Earthquake|p2a: Crocalor\n|-supereffective|p2a: Crocalor\n|-damage|p2a: Crocalor|56\/100\n|move|p2a: Crocalor|Slack Off|p2a: Crocalor\n|-heal|p2a: Crocalor|100\/100\n|\n|-damage|p1a: Otis\/Carl|70\/100 brn|[from] brn\n|upkeep\n|turn|21\n|\n|t:|1701115396\n|move|p1a: Otis\/Carl|Earthquake|p2a: Crocalor\n|-supereffective|p2a: Crocalor\n|-damage|p2a: Crocalor|68\/100\n|move|p2a: Crocalor|Roar|p1a: Otis\/Carl\n|drag|p1a: Kick|Cinderace, M|100\/100\n|\n|upkeep\n|turn|22\n|j| BPLD\n|\n|t:|1701115414\n|switch|p1a: Otis\/Carl|Mamoswine, M|70\/100 brn\n|move|p2a: Crocalor|Flamethrower|p1a: Otis\/Carl\n|-supereffective|p1a: Otis\/Carl\n|-damage|p1a: Otis\/Carl|34\/100 brn\n|\n|-damage|p1a: Otis\/Carl|28\/100 brn|[from] brn\n|upkeep\n|turn|23\n|\n|t:|1701115421\n|move|p1a: Otis\/Carl|Earthquake|p2a: Crocalor\n|-supereffective|p2a: Crocalor\n|-damage|p2a: Crocalor|35\/100\n|move|p2a: Crocalor|Slack Off|p2a: Crocalor\n|-heal|p2a: Crocalor|85\/100\n|\n|-damage|p1a: Otis\/Carl|22\/100 brn|[from] brn\n|upkeep\n|turn|24\n|\n|t:|1701115428\n|move|p1a: Otis\/Carl|Earthquake|p2a: Crocalor\n|-supereffective|p2a: Crocalor\n|-damage|p2a: Crocalor|55\/100\n|move|p2a: Crocalor|Slack Off|p2a: Crocalor\n|-heal|p2a: Crocalor|100\/100\n|\n|-damage|p1a: Otis\/Carl|16\/100 brn|[from] brn\n|upkeep\n|turn|25\n|\n|t:|1701115436\n|move|p1a: Otis\/Carl|Earthquake|p2a: Crocalor\n|-supereffective|p2a: Crocalor\n|-damage|p2a: Crocalor|70\/100\n|move|p2a: Crocalor|Flamethrower|p1a: Otis\/Carl\n|-supereffective|p1a: Otis\/Carl\n|-damage|p1a: Otis\/Carl|0 fnt\n|faint|p1a: Otis\/Carl\n|\n|upkeep\n|c| BPLD|Lil Croc going in\n|\n|t:|1701115457\n|switch|p1a: Clean-Up Crew|Iron Valiant|100\/100\n|-enditem|p1a: Clean-Up Crew|Booster Energy\n|-activate|p1a: Clean-Up Crew|ability: Quark Drive|[fromitem]\n|-start|p1a: Clean-Up Crew|quarkdrivespe\n|turn|26\n|\n|t:|1701115462\n|move|p1a: Clean-Up Crew|Shadow Ball|p2a: Crocalor\n|-damage|p2a: Crocalor|46\/100\n|move|p2a: Crocalor|Flamethrower|p1a: Clean-Up Crew\n|-damage|p1a: Clean-Up Crew|50\/100\n|\n|upkeep\n|turn|27\n|\n|t:|1701115470\n|move|p1a: Clean-Up Crew|Shadow Ball|p2a: Crocalor\n|-damage|p2a: Crocalor|19\/100\n|move|p2a: Crocalor|Flamethrower|p1a: Clean-Up Crew\n|-damage|p1a: Clean-Up Crew|0 fnt\n|faint|p1a: Clean-Up Crew\n|-end|p1a: Clean-Up Crew|Quark Drive|[silent]\n|\n|upkeep\n|\n|t:|1701115477\n|switch|p1a: Kick|Cinderace, M|100\/100\n|turn|28\n|\n|t:|1701115482\n|move|p1a: Kick|Zen Headbutt|p2a: Crocalor\n|-start|p1a: Kick|typechange|Psychic|[from] ability: Libero\n|-damage|p2a: Crocalor|0 fnt\n|faint|p2a: Crocalor\n|\n|upkeep\n|\n|t:|1701115485\n|switch|p2a: Slowking|Slowking-Galar, M|57\/100\n|turn|29\n|\n|t:|1701115496\n|move|p1a: Kick|Zen Headbutt|p2a: Slowking\n|-damage|p2a: Slowking|29\/100\n|move|p2a: Slowking|Sludge Bomb|p1a: Kick\n|-damage|p1a: Kick|54\/100\n|\n|upkeep\n|turn|30\n|\n|t:|1701115513\n|move|p1a: Kick|Zen Headbutt|p2a: Slowking\n|-damage|p2a: Slowking|2\/100\n|move|p2a: Slowking|Sludge Bomb|p1a: Kick\n|-damage|p1a: Kick|10\/100\n|-status|p1a: Kick|psn\n|\n|-damage|p1a: Kick|0 fnt|[from] psn\n|faint|p1a: Kick\n|\n|win|Ampharoside\n|upkeep\n|c|\u2606Ampharoside|gg\n|c|\u2606jakewwwwwww|gg\n","uploadtime":1701115531,"views":27,"p1id":"jakewwwwwww","p2id":"ampharoside","formatid":"gen9ubers","rating":0,"private":0,"password":""}