{"id":"gen9ubers-1969662054","p1":"Jeusu","p2":"hoxue12354","format":"[Gen 9] Ubers","log":"|j|\u2606Jeusu\n|j|\u2606hoxue12354\n|t:|1697555785\n|gametype|singles\n|player|p1|Jeusu|plasmagruntf|1074\n|player|p2|hoxue12354|265|1018\n|teamsize|p1|6\n|teamsize|p2|6\n|gen|9\n|tier|[Gen 9] Ubers\n|rated|\n|rule|Sleep Clause Mod: Limit one foe put to sleep\n|rule|Species Clause: Limit one of each Pok\u00e9mon\n|rule|OHKO Clause: OHKO moves are banned\n|rule|Evasion Items Clause: Evasion items are banned\n|rule|Evasion Moves Clause: Evasion moves are banned\n|rule|Endless Battle Clause: Forcing endless battles is banned\n|rule|HP Percentage Mod: HP is shown in percentages\n|clearpoke\n|poke|p1|Shaymin-Sky|\n|poke|p1|Skeledirge, M|\n|poke|p1|Florges, F|\n|poke|p1|Urshifu-*, M|\n|poke|p1|Landorus, M|\n|poke|p1|Cloyster, F|\n|poke|p2|Great Tusk|\n|poke|p2|Roaring Moon|\n|poke|p2|Walking Wake|\n|poke|p2|Koraidon|\n|poke|p2|Flutter Mane|\n|poke|p2|Scream Tail|\n|teampreview\n|inactive|Battle timer is ON: inactive players will automatically lose when time's up. (requested by hoxue12354)\n|\n|t:|1697555813\n|start\n|switch|p1a: Cloyster|Cloyster, F|100\/100\n|switch|p2a: Great Tusk|Great Tusk|100\/100\n|turn|1\n|\n|t:|1697555831\n|move|p1a: Cloyster|Shell Smash|p1a: Cloyster\n|-unboost|p1a: Cloyster|def|1\n|-unboost|p1a: Cloyster|spd|1\n|-boost|p1a: Cloyster|atk|2\n|-boost|p1a: Cloyster|spa|2\n|-boost|p1a: Cloyster|spe|2\n|move|p2a: Great Tusk|Stealth Rock|p1a: Cloyster\n|-sidestart|p1: Jeusu|move: Stealth Rock\n|\n|upkeep\n|turn|2\n|\n|t:|1697555841\n|move|p1a: Cloyster|Shell Smash|p1a: Cloyster\n|-unboost|p1a: Cloyster|def|1\n|-unboost|p1a: Cloyster|spd|1\n|-boost|p1a: Cloyster|atk|2\n|-boost|p1a: Cloyster|spa|2\n|-boost|p1a: Cloyster|spe|2\n|move|p2a: Great Tusk|Knock Off|p1a: Cloyster\n|-damage|p1a: Cloyster|53\/100\n|-enditem|p1a: Cloyster|Focus Sash|[from] move: Knock Off|[of] p2a: Great Tusk\n|\n|upkeep\n|turn|3\n|\n|t:|1697555850\n|move|p1a: Cloyster|Icicle Spear|p2a: Great Tusk\n|-supereffective|p2a: Great Tusk\n|-damage|p2a: Great Tusk|70\/100\n|-supereffective|p2a: Great Tusk\n|-damage|p2a: Great Tusk|40\/100\n|-supereffective|p2a: Great Tusk\n|-damage|p2a: Great Tusk|7\/100\n|-supereffective|p2a: Great Tusk\n|-damage|p2a: Great Tusk|0 fnt\n|faint|p2a: Great Tusk\n|-end|p2a: Great Tusk|Protosynthesis|[silent]\n|-hitcount|p2: Great Tusk|4\n|\n|upkeep\n|\n|t:|1697555856\n|switch|p2a: Koraidon|Koraidon|100\/100\n|-weather|SunnyDay|[from] ability: Orichalcum Pulse|[of] p2a: Koraidon\n|-activate|p2a: Koraidon|Orichalcum Pulse|[source]\n|turn|4\n|\n|t:|1697555860\n|move|p1a: Cloyster|Icicle Spear|p2a: Koraidon\n|-supereffective|p2a: Koraidon\n|-damage|p2a: Koraidon|42\/100\n|-supereffective|p2a: Koraidon\n|-damage|p2a: Koraidon|0 fnt\n|faint|p2a: Koraidon\n|-hitcount|p2: Koraidon|2\n|\n|-weather|SunnyDay|[upkeep]\n|upkeep\n|\n|t:|1697555874\n|switch|p2a: Flutter Mane|Flutter Mane|100\/100\n|-activate|p2a: Flutter Mane|ability: Protosynthesis\n|-start|p2a: Flutter Mane|protosynthesisspe\n|turn|5\n|\n|t:|1697555878\n|move|p1a: Cloyster|Icicle Spear|p2a: Flutter Mane\n|-damage|p2a: Flutter Mane|35\/100\n|-damage|p2a: Flutter Mane|0 fnt\n|faint|p2a: Flutter Mane\n|-end|p2a: Flutter Mane|Protosynthesis|[silent]\n|-hitcount|p2: Flutter Mane|2\n|\n|-weather|SunnyDay|[upkeep]\n|upkeep\n|\n|t:|1697555899\n|switch|p2a: Walking Wake|Walking Wake|100\/100\n|-activate|p2a: Walking Wake|ability: Protosynthesis\n|-start|p2a: Walking Wake|protosynthesisspa\n|turn|6\n|\n|t:|1697555910\n|move|p1a: Cloyster|Icicle Spear|p2a: Walking Wake\n|-damage|p2a: Walking Wake|69\/100\n|-damage|p2a: Walking Wake|33\/100\n|-damage|p2a: Walking Wake|0 fnt\n|faint|p2a: Walking Wake\n|-end|p2a: Walking Wake|Protosynthesis|[silent]\n|-hitcount|p2: Walking Wake|3\n|\n|-weather|SunnyDay|[upkeep]\n|upkeep\n|\n|t:|1697555913\n|switch|p2a: Scream Tail|Scream Tail|100\/100\n|-activate|p2a: Scream Tail|ability: Protosynthesis\n|-start|p2a: Scream Tail|protosynthesisspd\n|turn|7\n|\n|t:|1697555920\n|move|p1a: Cloyster|Icicle Spear|p2a: Scream Tail\n|-damage|p2a: Scream Tail|82\/100\n|-damage|p2a: Scream Tail|60\/100\n|-damage|p2a: Scream Tail|39\/100\n|-damage|p2a: Scream Tail|17\/100\n|-damage|p2a: Scream Tail|0 fnt\n|faint|p2a: Scream Tail\n|-end|p2a: Scream Tail|Protosynthesis|[silent]\n|-hitcount|p2: Scream Tail|5\n|\n|-weather|SunnyDay|[upkeep]\n|upkeep\n|\n|t:|1697555923\n|switch|p2a: Roaring Moon|Roaring Moon|100\/100\n|-activate|p2a: Roaring Moon|ability: Protosynthesis\n|-start|p2a: Roaring Moon|protosynthesisspe\n|turn|8\n|\n|t:|1697555932\n|move|p1a: Cloyster|Icicle Spear|p2a: Roaring Moon\n|-supereffective|p2a: Roaring Moon\n|-damage|p2a: Roaring Moon|23\/100\n|-supereffective|p2a: Roaring Moon\n|-damage|p2a: Roaring Moon|0 fnt\n|faint|p2a: Roaring Moon\n|-end|p2a: Roaring Moon|Protosynthesis|[silent]\n|-hitcount|p2: Roaring Moon|2\n|\n|win|Jeusu\n|raw|Jeusu's rating: 1074 &rarr; <strong>1098<\/strong><br \/>(+24 for winning)\n|raw|hoxue12354's rating: 1018 &rarr; <strong>1007<\/strong><br \/>(-11 for losing)\n|l|\u2606hoxue12354\n","uploadtime":1697555944,"views":7,"p1id":"jeusu","p2id":"hoxue12354","formatid":"gen9ubers","rating":1007,"private":0,"password":""}