{"id":"gen9ubers-1968975254","p1":"ThePuzzler13","p2":"drakrai7","format":"[Gen 9] Ubers","log":"|j|\u2606ThePuzzler13\n|j|\u2606drakrai7\n|t:|1697479812\n|gametype|singles\n|player|p1|ThePuzzler13|170|\n|player|p2|drakrai7|sabrina-masters|\n|teamsize|p1|6\n|teamsize|p2|6\n|gen|9\n|tier|[Gen 9] Ubers\n|rule|Sleep Clause Mod: Limit one foe put to sleep\n|rule|Species Clause: Limit one of each Pok\u00e9mon\n|rule|OHKO Clause: OHKO moves are banned\n|rule|Evasion Items Clause: Evasion items are banned\n|rule|Evasion Moves Clause: Evasion moves are banned\n|rule|Endless Battle Clause: Forcing endless battles is banned\n|rule|HP Percentage Mod: HP is shown in percentages\n|clearpoke\n|poke|p1|Masquerain, M|\n|poke|p1|Arceus-Ice|\n|poke|p1|Gholdengo|\n|poke|p1|Palafin, M|\n|poke|p1|Chi-Yu|\n|poke|p1|Zamazenta-*|\n|poke|p2|Shaymin-Sky|\n|poke|p2|Magearna|\n|poke|p2|Zacian-*|\n|poke|p2|Giratina|\n|poke|p2|Palafin, M|\n|poke|p2|Gholdengo|\n|teampreview\n|inactive|Battle timer is ON: inactive players will automatically lose when time's up. (requested by ThePuzzler13)\n|\n|t:|1697479830\n|start\n|switch|p1a: Masquerain|Masquerain, M|100\/100\n|switch|p2a: Palafin|Palafin, M|100\/100\n|-ability|p1a: Masquerain|Intimidate|boost\n|-unboost|p2a: Palafin|atk|1\n|turn|1\n|\n|t:|1697479840\n|detailschange|p2a: Palafin|Palafin-Hero, M\n|switch|p2a: Magearna|Magearna|100\/100\n|move|p1a: Masquerain|Sticky Web|p2a: Magearna\n|-sidestart|p2: drakrai7|move: Sticky Web\n|\n|upkeep\n|turn|2\n|\n|t:|1697479848\n|move|p2a: Magearna|Volt Switch|p1a: Masquerain\n|-supereffective|p1a: Masquerain\n|-damage|p1a: Masquerain|42\/100\n|\n|t:|1697479851\n|switch|p2a: Giratina|Giratina|100\/100|[from] Volt Switch\n|-activate|p2a: Giratina|move: Sticky Web\n|-unboost|p2a: Giratina|spe|1\n|-ability|p2a: Giratina|Pressure\n|move|p1a: Masquerain|Whirlwind|p2a: Giratina\n|drag|p2a: Magearna|Magearna|100\/100\n|-activate|p2a: Magearna|move: Sticky Web\n|-unboost|p2a: Magearna|spe|1\n|\n|upkeep\n|turn|3\n|j| Cw1999\n|\n|t:|1697479870\n|move|p1a: Masquerain|Stun Spore|p2a: Magearna\n|-status|p2a: Magearna|par\n|move|p2a: Magearna|Volt Switch|p1a: Masquerain\n|-supereffective|p1a: Masquerain\n|-damage|p1a: Masquerain|0 fnt\n|faint|p1a: Masquerain\n|-ability|p2a: Magearna|Soul-Heart|boost\n|-boost|p2a: Magearna|spa|1\n|\n|t:|1697479898\n|switch|p2a: Shaymin|Shaymin-Sky|100\/100|[from] Volt Switch\n|\n|upkeep\n|\n|t:|1697479904\n|switch|p1a: Palafin|Palafin, M|100\/100\n|turn|4\n|\n|t:|1697479914\n|move|p2a: Shaymin|Substitute|p2a: Shaymin\n|-start|p2a: Shaymin|Substitute\n|-damage|p2a: Shaymin|76\/100\n|move|p1a: Palafin|Flip Turn|p2a: Shaymin\n|-resisted|p2a: Shaymin\n|-activate|p2a: Shaymin|move: Substitute|[damage]\n|\n|t:|1697479922\n|detailschange|p1a: Palafin|Palafin-Hero, M\n|switch|p1a: Chi-Yu|Chi-Yu|100\/100|[from] Flip Turn\n|-ability|p1a: Chi-Yu|Beads of Ruin\n|\n|-heal|p2a: Shaymin|82\/100|[from] item: Leftovers\n|upkeep\n|turn|5\n|\n|t:|1697479935\n|move|p2a: Shaymin|Air Slash|p1a: Chi-Yu\n|-damage|p1a: Chi-Yu|55\/100\n|cant|p1a: Chi-Yu|flinch\n|\n|-heal|p2a: Shaymin|88\/100|[from] item: Leftovers\n|upkeep\n|turn|6\n|\n|t:|1697479944\n|move|p2a: Shaymin|Earth Power|p1a: Chi-Yu\n|-supereffective|p1a: Chi-Yu\n|-damage|p1a: Chi-Yu|0 fnt\n|faint|p1a: Chi-Yu\n|\n|-heal|p2a: Shaymin|94\/100|[from] item: Leftovers\n|upkeep\n|\n|t:|1697479949\n|switch|p1a: Arceus|Arceus-Ice|100\/100\n|turn|7\n|\n|t:|1697479953\n|move|p2a: Shaymin|Seed Flare|p1a: Arceus|[miss]\n|-miss|p2a: Shaymin|p1a: Arceus\n|move|p1a: Arceus|Calm Mind|p1a: Arceus\n|-boost|p1a: Arceus|spa|1\n|-boost|p1a: Arceus|spd|1\n|\n|-heal|p2a: Shaymin|99\/100|[from] item: Leftovers\n|upkeep\n|turn|8\n|\n|t:|1697479961\n|switch|p2a: Gholdengo|Gholdengo|100\/100\n|-activate|p2a: Gholdengo|move: Sticky Web\n|-unboost|p2a: Gholdengo|spe|1\n|move|p1a: Arceus|Judgment|p2a: Gholdengo\n|-resisted|p2a: Gholdengo\n|-crit|p2a: Gholdengo\n|-damage|p2a: Gholdengo|13\/100\n|\n|upkeep\n|turn|9\n|\n|t:|1697479972\n|move|p1a: Arceus|Thunderbolt|p2a: Gholdengo\n|-damage|p2a: Gholdengo|0 fnt\n|faint|p2a: Gholdengo\n|\n|upkeep\n|inactive|drakrai7 has 270 seconds left.\n|\n|t:|1697480022\n|switch|p2a: Zacian|Zacian|100\/100\n|-activate|p2a: Zacian|move: Sticky Web\n|-unboost|p2a: Zacian|spe|1\n|-ability|p2a: Zacian|Intrepid Sword|boost\n|-boost|p2a: Zacian|atk|1\n|turn|10\n|\n|t:|1697480035\n|-terastallize|p2a: Zacian|Fighting\n|move|p1a: Arceus|Calm Mind|p1a: Arceus\n|-boost|p1a: Arceus|spa|1\n|-boost|p1a: Arceus|spd|1\n|move|p2a: Zacian|Close Combat|p1a: Arceus\n|-supereffective|p1a: Arceus\n|-damage|p1a: Arceus|0 fnt\n|-unboost|p2a: Zacian|def|1\n|-unboost|p2a: Zacian|spd|1\n|faint|p1a: Arceus\n|-damage|p2a: Zacian|91\/100|[from] item: Life Orb\n|\n|upkeep\n|\n|t:|1697480041\n|switch|p1a: Gholdengo|Gholdengo|100\/100\n|turn|11\n|\n|t:|1697480054\n|switch|p2a: Magearna|Magearna|100\/100 par\n|-activate|p2a: Magearna|move: Sticky Web\n|-unboost|p2a: Magearna|spe|1\n|move|p1a: Gholdengo|Make It Rain|p2a: Magearna\n|-damage|p2a: Magearna|51\/100 par\n|-unboost|p1a: Gholdengo|spa|1\n|\n|-heal|p2a: Magearna|57\/100 par|[from] item: Leftovers\n|upkeep\n|turn|12\n|\n|t:|1697480070\n|switch|p1a: Palafin|Palafin-Hero, M|100\/100\n|-activate|p1a: Palafin|ability: Zero to Hero\n|cant|p2a: Magearna|par\n|\n|-heal|p2a: Magearna|63\/100 par|[from] item: Leftovers\n|upkeep\n|turn|13\n|inactive|drakrai7 has 270 seconds left.\n|\n|t:|1697480081\n|move|p1a: Palafin|Close Combat|p2a: Magearna\n|-damage|p2a: Magearna|11\/100 par\n|-unboost|p1a: Palafin|def|1\n|-unboost|p1a: Palafin|spd|1\n|cant|p2a: Magearna|par\n|\n|-heal|p2a: Magearna|18\/100 par|[from] item: Leftovers\n|upkeep\n|turn|14\n|\n|t:|1697480087\n|switch|p2a: Giratina|Giratina|100\/100\n|-activate|p2a: Giratina|move: Sticky Web\n|-unboost|p2a: Giratina|spe|1\n|-ability|p2a: Giratina|Pressure\n|move|p1a: Palafin|Close Combat|p2a: Giratina\n|-immune|p2a: Giratina\n|\n|upkeep\n|turn|15\n|\n|t:|1697480095\n|switch|p1a: Gholdengo|Gholdengo|100\/100\n|move|p2a: Giratina|Roar|p1a: Gholdengo\n|-immune|p1a: Gholdengo|[from] ability: Good as Gold\n|\n|upkeep\n|turn|16\n|\n|t:|1697480104\n|switch|p2a: Magearna|Magearna|18\/100 par\n|-activate|p2a: Magearna|move: Sticky Web\n|-unboost|p2a: Magearna|spe|1\n|move|p1a: Gholdengo|Trick|p2a: Magearna\n|-activate|p1a: Gholdengo|move: Trick|[of] p2a: Magearna\n|-item|p2a: Magearna|Choice Scarf|[from] move: Trick\n|-item|p1a: Gholdengo|Leftovers|[from] move: Trick\n|\n|upkeep\n|turn|17\n|\n|t:|1697480115\n|move|p1a: Gholdengo|Focus Blast|p2a: Magearna\n|-damage|p2a: Magearna|0 fnt\n|faint|p2a: Magearna\n|\n|upkeep\n|\n|t:|1697480117\n|switch|p2a: Shaymin|Shaymin-Sky|99\/100\n|turn|18\n|\n|t:|1697480127\n|move|p2a: Shaymin|Seed Flare|p1a: Gholdengo\n|-resisted|p1a: Gholdengo\n|-damage|p1a: Gholdengo|65\/100\n|move|p1a: Gholdengo|Make It Rain|p2a: Shaymin\n|-crit|p2a: Shaymin\n|-damage|p2a: Shaymin|0 fnt\n|-unboost|p1a: Gholdengo|spa|1\n|faint|p2a: Shaymin\n|\n|-heal|p1a: Gholdengo|71\/100|[from] item: Leftovers\n|upkeep\n|c|\u2606drakrai7|that did way too much\n|c|\u2606drakrai7|lol\n|c|\u2606ThePuzzler13|crit moment\n|c|\u2606ThePuzzler13|this is already more fun then OU holy shit\n|inactive|drakrai7 has 270 seconds left.\n|\n|t:|1697480160\n|switch|p2a: Giratina|Giratina|100\/100\n|-activate|p2a: Giratina|move: Sticky Web\n|-unboost|p2a: Giratina|spe|1\n|-ability|p2a: Giratina|Pressure\n|turn|19\n|\n|t:|1697480170\n|move|p1a: Gholdengo|Shadow Ball|p2a: Giratina\n|-supereffective|p2a: Giratina\n|-damage|p2a: Giratina|78\/100\n|-unboost|p2a: Giratina|spd|1\n|move|p2a: Giratina|Poltergeist|p1a: Gholdengo\n|-activate|p1a: Gholdengo|move: Poltergeist|Leftovers\n|-supereffective|p1a: Gholdengo\n|-damage|p1a: Gholdengo|0 fnt\n|faint|p1a: Gholdengo\n|\n|-heal|p2a: Giratina|84\/100|[from] item: Leftovers\n|upkeep\n|\n|t:|1697480185\n|switch|p1a: Zamazenta|Zamazenta-Crowned|100\/100\n|-ability|p1a: Zamazenta|Dauntless Shield|boost\n|-boost|p1a: Zamazenta|def|1\n|turn|20\n|\n|t:|1697480191\n|move|p1a: Zamazenta|Crunch|p2a: Giratina\n|-supereffective|p2a: Giratina\n|-damage|p2a: Giratina|59\/100\n|move|p2a: Giratina|Roar|p1a: Zamazenta\n|drag|p1a: Palafin|Palafin-Hero, M|100\/100\n|\n|-heal|p2a: Giratina|65\/100|[from] item: Leftovers\n|upkeep\n|turn|21\n|\n|t:|1697480205\n|-terastallize|p1a: Palafin|Water\n|move|p1a: Palafin|Wave Crash|p2a: Giratina\n|-resisted|p2a: Giratina\n|-damage|p2a: Giratina|15\/100\n|-damage|p1a: Palafin|76\/100|[from] Recoil\n|move|p2a: Giratina|Defog|p1a: Palafin\n|-unboost|p1a: Palafin|evasion|1\n|-sideend|p2: drakrai7|Sticky Web|[from] move: Defog|[of] p2a: Giratina\n|\n|-heal|p2a: Giratina|21\/100|[from] item: Leftovers\n|upkeep\n|turn|22\n|\n|t:|1697480229\n|move|p1a: Palafin|Wave Crash|p2a: Giratina\n|-resisted|p2a: Giratina\n|-damage|p2a: Giratina|0 fnt\n|faint|p2a: Giratina\n|-damage|p1a: Palafin|66\/100|[from] Recoil\n|\n|upkeep\n|\n|t:|1697480238\n|switch|p2a: Palafin|Palafin-Hero, M|100\/100\n|-activate|p2a: Palafin|ability: Zero to Hero\n|turn|23\n|\n|t:|1697480242\n|move|p1a: Palafin|Wave Crash|p2a: Palafin\n|-resisted|p2a: Palafin\n|-damage|p2a: Palafin|37\/100\n|-damage|p1a: Palafin|41\/100|[from] Recoil\n|move|p2a: Palafin|Bulk Up|p2a: Palafin\n|-boost|p2a: Palafin|atk|1\n|-boost|p2a: Palafin|def|1\n|\n|-heal|p2a: Palafin|43\/100|[from] item: Leftovers\n|upkeep\n|turn|24\n|\n|t:|1697480252\n|move|p2a: Palafin|Jet Punch|p1a: Palafin\n|-resisted|p1a: Palafin\n|-damage|p1a: Palafin|13\/100\n|move|p1a: Palafin|Wave Crash|p2a: Palafin\n|-resisted|p2a: Palafin\n|-damage|p2a: Palafin|0 fnt\n|faint|p2a: Palafin\n|-damage|p1a: Palafin|0 fnt|[from] Recoil\n|faint|p1a: Palafin\n|\n|upkeep\n|\n|t:|1697480261\n|switch|p1a: Zamazenta|Zamazenta-Crowned|100\/100\n|switch|p2a: Zacian|Zacian, tera:Fighting|91\/100\n|turn|25\n|\n|t:|1697480268\n|move|p2a: Zacian|Swords Dance|p2a: Zacian\n|-boost|p2a: Zacian|atk|2\n|move|p1a: Zamazenta|Iron Defense|p1a: Zamazenta\n|-boost|p1a: Zamazenta|def|2\n|\n|upkeep\n|turn|26\n|\n|t:|1697480275\n|move|p2a: Zacian|Swords Dance|p2a: Zacian\n|-boost|p2a: Zacian|atk|2\n|move|p1a: Zamazenta|Substitute|p1a: Zamazenta\n|-start|p1a: Zamazenta|Substitute\n|-damage|p1a: Zamazenta|75\/100\n|\n|upkeep\n|turn|27\n|\n|t:|1697480284\n|move|p2a: Zacian|Play Rough|p1a: Zamazenta|[miss]\n|-miss|p2a: Zacian|p1a: Zamazenta\n|move|p1a: Zamazenta|Body Press|p2a: Zacian\n|-damage|p2a: Zacian|0 fnt\n|faint|p2a: Zacian\n|\n|win|ThePuzzler13\n|c|\u2606drakrai7|gg\n|c|\u2606ThePuzzler13|gg\n|c|\u2606drakrai7|mind sending the replay?\n|c|\u2606drakrai7|was fun\n|c|\u2606ThePuzzler13|sure thing\n","uploadtime":1697480301,"views":20,"p1id":"thepuzzler13","p2id":"drakrai7","formatid":"gen9ubers","rating":0,"private":0,"password":""}