{"id":"gen9ubers-1979758876","p1":"SolChimera","p2":"DisloyalWB","format":"[Gen 9] Ubers","log":"|j|\u2606SolChimera\n|j|\u2606DisloyalWB\n|t:|1698710251\n|gametype|singles\n|player|p1|SolChimera|cheryl|\n|player|p2|DisloyalWB|collector|\n|teamsize|p1|6\n|teamsize|p2|6\n|gen|9\n|tier|[Gen 9] Ubers\n|rule|Sleep Clause Mod: Limit one foe put to sleep\n|rule|Species Clause: Limit one of each Pok\u00e9mon\n|rule|OHKO Clause: OHKO moves are banned\n|rule|Evasion Items Clause: Evasion items are banned\n|rule|Evasion Moves Clause: Evasion moves are banned\n|rule|Endless Battle Clause: Forcing endless battles is banned\n|rule|HP Percentage Mod: HP is shown in percentages\n|clearpoke\n|poke|p1|Jirachi|\n|poke|p1|Ursaluna-Bloodmoon, M|\n|poke|p1|Blissey, F|\n|poke|p1|Empoleon, F|\n|poke|p1|Talonflame, F|\n|poke|p1|Eelektross, M|\n|poke|p2|Iron Bundle|\n|poke|p2|Slowking-Galar, F|\n|poke|p2|Zapdos-Galar|\n|poke|p2|Ogerpon-Hearthflame, F|\n|poke|p2|Avalugg-Hisui, M|\n|poke|p2|Clefable, F|\n|teampreview\n|c|\u2606DisloyalWB|GLHF!!!\n|c|\u2606SolChimera|u2 >:3\n|c|\u2606DisloyalWB|Very excited to play my first real competitive pokemon game\n|\n|t:|1698710288\n|start\n|switch|p1a: Blissey|Blissey, F|100\/100\n|switch|p2a: Ogrelugg|Ogerpon-Hearthflame, F|100\/100\n|-ability|p2a: Ogrelugg|Mold Breaker\n|turn|1\n|\n|t:|1698710307\n|move|p2a: Ogrelugg|Swords Dance|p2a: Ogrelugg\n|-boost|p2a: Ogrelugg|atk|2\n|move|p1a: Blissey|Stealth Rock|p2a: Ogrelugg\n|-sidestart|p2: DisloyalWB|move: Stealth Rock\n|\n|upkeep\n|turn|2\n|\n|t:|1698710324\n|move|p2a: Ogrelugg|Ivy Cudgel|p1a: Blissey\n|-damage|p1a: Blissey|0 fnt\n|faint|p1a: Blissey\n|\n|upkeep\n|\n|t:|1698710345\n|switch|p1a: Talonflame|Talonflame, F|100\/100\n|turn|3\n|\n|t:|1698710362\n|switch|p2a: THE LUGG|Avalugg-Hisui, M, shiny|100\/100\n|-damage|p2a: THE LUGG|76\/100|[from] Stealth Rock\n|move|p1a: Talonflame|Brave Bird|p2a: THE LUGG\n|-resisted|p2a: THE LUGG\n|-damage|p2a: THE LUGG|68\/100\n|-damage|p1a: Talonflame|84\/100|[from] item: Rocky Helmet|[of] p2a: THE LUGG\n|-damage|p1a: Talonflame|81\/100|[from] Recoil\n|\n|upkeep\n|turn|4\n|\n|t:|1698710398\n|move|p1a: Talonflame|U-turn|p2a: THE LUGG\n|-damage|p2a: THE LUGG|63\/100\n|-damage|p1a: Talonflame|65\/100|[from] item: Rocky Helmet|[of] p2a: THE LUGG\n|\n|t:|1698710403\n|switch|p1a: Empoleon|Empoleon, F|100\/100|[from] U-turn\n|move|p2a: THE LUGG|Rapid Spin|p1a: Empoleon\n|-resisted|p1a: Empoleon\n|-damage|p1a: Empoleon|94\/100\n|-boost|p2a: THE LUGG|spe|1\n|-sideend|p2: DisloyalWB|Stealth Rock|[from] move: Rapid Spin|[of] p2a: THE LUGG\n|\n|upkeep\n|turn|5\n|\n|t:|1698710428\n|switch|p2a: Luggking|Slowking-Galar, F, shiny|100\/100\n|move|p1a: Empoleon|Flash Cannon|p2a: Luggking\n|-damage|p2a: Luggking|78\/100\n|\n|upkeep\n|turn|6\n|\n|t:|1698710444\n|move|p1a: Empoleon|Knock Off|p2a: Luggking\n|-supereffective|p2a: Luggking\n|-crit|p2a: Luggking\n|-damage|p2a: Luggking|23\/100\n|-enditem|p2a: Luggking|Shuca Berry|[from] move: Knock Off|[of] p1a: Empoleon\n|move|p2a: Luggking|Chilly Reception|p2a: Luggking\n|-weather|Snow\n|\n|t:|1698710451\n|switch|p2a: Luggdos|Zapdos-Galar|100\/100|[from] Chilly Reception\n|\n|-weather|Snow|[upkeep]\n|upkeep\n|turn|7\n|\n|t:|1698710515\n|move|p2a: Luggdos|Close Combat|p1a: Empoleon\n|-supereffective|p1a: Empoleon\n|-damage|p1a: Empoleon|0 fnt\n|-unboost|p2a: Luggdos|def|1\n|-unboost|p2a: Luggdos|spd|1\n|faint|p1a: Empoleon\n|\n|-weather|Snow|[upkeep]\n|upkeep\n|\n|t:|1698710532\n|switch|p1a: Eelektross|Eelektross, M|100\/100\n|turn|8\n|\n|t:|1698710564\n|move|p2a: Luggdos|U-turn|p1a: Eelektross\n|-damage|p1a: Eelektross|73\/100\n|\n|t:|1698710573\n|switch|p2a: Luggking|Slowking-Galar, F, shiny|56\/100|[from] U-turn\n|move|p1a: Eelektross|Thunder Punch|p2a: Luggking\n|-damage|p2a: Luggking|22\/100\n|\n|-weather|Snow|[upkeep]\n|-heal|p1a: Eelektross|79\/100|[from] item: Leftovers\n|upkeep\n|turn|9\n|\n|t:|1698710626\n|switch|p2a: Ogrelugg|Ogerpon-Hearthflame, F|100\/100\n|-ability|p2a: Ogrelugg|Mold Breaker\n|move|p1a: Eelektross|Dragon Tail|p2a: Ogrelugg|[miss]\n|-miss|p1a: Eelektross|p2a: Ogrelugg\n|\n|-weather|Snow|[upkeep]\n|-heal|p1a: Eelektross|85\/100|[from] item: Leftovers\n|upkeep\n|turn|10\n|\n|t:|1698710656\n|move|p2a: Ogrelugg|Knock Off|p1a: Eelektross\n|-damage|p1a: Eelektross|45\/100\n|-enditem|p1a: Eelektross|Leftovers|[from] move: Knock Off|[of] p2a: Ogrelugg\n|move|p1a: Eelektross|Dragon Tail|p2a: Ogrelugg\n|-damage|p2a: Ogrelugg|78\/100\n|drag|p2a: Luggdos|Zapdos-Galar|100\/100\n|\n|-weather|none\n|upkeep\n|turn|11\n|\n|t:|1698710681\n|move|p2a: Luggdos|Close Combat|p1a: Eelektross\n|-crit|p1a: Eelektross\n|-damage|p1a: Eelektross|0 fnt\n|-unboost|p2a: Luggdos|def|1\n|-unboost|p2a: Luggdos|spd|1\n|faint|p1a: Eelektross\n|\n|upkeep\n|\n|t:|1698710700\n|switch|p1a: Talonflame|Talonflame, F|65\/100\n|turn|12\n|\n|t:|1698710705\n|switch|p2a: THE LUGG|Avalugg-Hisui, M, shiny|63\/100\n|move|p1a: Talonflame|Brave Bird|p2a: THE LUGG\n|-resisted|p2a: THE LUGG\n|-damage|p2a: THE LUGG|56\/100\n|-damage|p1a: Talonflame|48\/100|[from] item: Rocky Helmet|[of] p2a: THE LUGG\n|-damage|p1a: Talonflame|46\/100|[from] Recoil\n|\n|upkeep\n|turn|13\n|\n|t:|1698710721\n|move|p1a: Talonflame|U-turn|p2a: THE LUGG\n|-damage|p2a: THE LUGG|50\/100\n|-damage|p1a: Talonflame|29\/100|[from] item: Rocky Helmet|[of] p2a: THE LUGG\n|\n|t:|1698710725\n|switch|p1a: Ursaluna|Ursaluna-Bloodmoon, M|100\/100|[from] U-turn\n|move|p2a: THE LUGG|Recover|p2a: THE LUGG\n|-heal|p2a: THE LUGG|100\/100\n|\n|upkeep\n|turn|14\n|\n|t:|1698710757\n|switch|p2a: Luggfable|Clefable, F, shiny|100\/100\n|move|p1a: Ursaluna|Blood Moon|p2a: Luggfable\n|-damage|p2a: Luggfable|43\/100\n|\n|-heal|p2a: Luggfable|49\/100|[from] item: Leftovers\n|upkeep\n|turn|15\n|\n|t:|1698710780\n|move|p1a: Ursaluna|Hyper Voice|p2a: Luggfable\n|-damage|p2a: Luggfable|16\/100\n|move|p2a: Luggfable|Wish|p2a: Luggfable\n|\n|-heal|p2a: Luggfable|22\/100|[from] item: Leftovers\n|upkeep\n|turn|16\n|\n|t:|1698710801\n|move|p2a: Luggfable|Protect|p2a: Luggfable\n|-singleturn|p2a: Luggfable|Protect\n|move|p1a: Ursaluna|Blood Moon|p2a: Luggfable\n|-activate|p2a: Luggfable|move: Protect\n|\n|-heal|p2a: Luggfable|72\/100|[from] move: Wish|[wisher] Luggfable\n|-heal|p2a: Luggfable|78\/100|[from] item: Leftovers\n|upkeep\n|turn|17\n|\n|t:|1698710815\n|switch|p1a: Jirachi|Jirachi, shiny|100\/100\n|move|p2a: Luggfable|Ice Beam|p1a: Jirachi\n|-resisted|p1a: Jirachi\n|-damage|p1a: Jirachi|95\/100\n|\n|-heal|p1a: Jirachi|100\/100|[from] item: Leftovers\n|-heal|p2a: Luggfable|84\/100|[from] item: Leftovers\n|upkeep\n|turn|18\n|\n|t:|1698710827\n|move|p2a: Luggfable|Protect|p2a: Luggfable\n|-singleturn|p2a: Luggfable|Protect\n|move|p1a: Jirachi|Wish|p1a: Jirachi\n|\n|-heal|p2a: Luggfable|90\/100|[from] item: Leftovers\n|upkeep\n|turn|19\n|\n|t:|1698710906\n|switch|p2a: Iron Lugg|Iron Bundle, shiny|100\/100\n|move|p1a: Jirachi|Iron Head|p2a: Iron Lugg\n|-damage|p2a: Iron Lugg|71\/100\n|\n|upkeep\n|turn|20\n|\n|t:|1698710920\n|move|p2a: Iron Lugg|Hydro Pump|p1a: Jirachi\n|-damage|p1a: Jirachi|65\/100\n|move|p1a: Jirachi|Body Slam|p2a: Iron Lugg\n|-damage|p2a: Iron Lugg|52\/100\n|\n|-heal|p1a: Jirachi|71\/100|[from] item: Leftovers\n|upkeep\n|turn|21\n|\n|t:|1698710960\n|move|p2a: Iron Lugg|Hydro Pump|p1a: Jirachi\n|-damage|p1a: Jirachi|34\/100\n|move|p1a: Jirachi|Wish|p1a: Jirachi\n|\n|-heal|p1a: Jirachi|41\/100|[from] item: Leftovers\n|upkeep\n|turn|22\n|\n|t:|1698710970\n|move|p2a: Iron Lugg|Hydro Pump|p1a: Jirachi|[miss]\n|-miss|p2a: Iron Lugg|p1a: Jirachi\n|move|p1a: Jirachi|Body Slam|p2a: Iron Lugg\n|-damage|p2a: Iron Lugg|33\/100\n|-status|p2a: Iron Lugg|par\n|\n|-heal|p1a: Jirachi|91\/100|[from] move: Wish|[wisher] Jirachi\n|-heal|p1a: Jirachi|97\/100|[from] item: Leftovers\n|upkeep\n|turn|23\n|\n|t:|1698710993\n|cant|p2a: Iron Lugg|par\n|move|p1a: Jirachi|Wish|p1a: Jirachi\n|\n|-heal|p1a: Jirachi|100\/100|[from] item: Leftovers\n|upkeep\n|turn|24\n|\n|t:|1698711010\n|move|p2a: Iron Lugg|Hydro Pump|p1a: Jirachi\n|-damage|p1a: Jirachi|62\/100\n|move|p1a: Jirachi|Iron Head|p2a: Iron Lugg\n|-damage|p2a: Iron Lugg|7\/100 par\n|\n|-heal|p1a: Jirachi|100\/100|[from] move: Wish|[wisher] Jirachi\n|upkeep\n|turn|25\n|\n|t:|1698711024\n|move|p2a: Iron Lugg|Hydro Pump|p1a: Jirachi|[miss]\n|-miss|p2a: Iron Lugg|p1a: Jirachi\n|move|p1a: Jirachi|U-turn|p2a: Iron Lugg\n|-damage|p2a: Iron Lugg|0 fnt\n|faint|p2a: Iron Lugg\n|-end|p2a: Iron Lugg|Quark Drive|[silent]\n|\n|t:|1698711033\n|switch|p1a: Ursaluna|Ursaluna-Bloodmoon, M|100\/100|[from] U-turn\n|\n|upkeep\n|\n|t:|1698711040\n|switch|p2a: Luggfable|Clefable, F, shiny|90\/100\n|turn|26\n|\n|t:|1698711048\n|move|p1a: Ursaluna|Vacuum Wave|p2a: Luggfable\n|-resisted|p2a: Luggfable\n|-damage|p2a: Luggfable|85\/100\n|move|p2a: Luggfable|Ice Beam|p1a: Ursaluna\n|-supereffective|p1a: Ursaluna\n|-damage|p1a: Ursaluna|68\/100\n|\n|-heal|p2a: Luggfable|91\/100|[from] item: Leftovers\n|upkeep\n|turn|27\n|\n|t:|1698711057\n|switch|p1a: Jirachi|Jirachi, shiny|100\/100\n|move|p2a: Luggfable|Ice Beam|p1a: Jirachi\n|-resisted|p1a: Jirachi\n|-damage|p1a: Jirachi|94\/100\n|\n|-heal|p1a: Jirachi|99\/100|[from] item: Leftovers\n|-heal|p2a: Luggfable|97\/100|[from] item: Leftovers\n|upkeep\n|turn|28\n|\n|t:|1698711071\n|switch|p2a: Ogrelugg|Ogerpon-Hearthflame, F|78\/100\n|-ability|p2a: Ogrelugg|Mold Breaker\n|move|p1a: Jirachi|Body Slam|p2a: Ogrelugg\n|-damage|p2a: Ogrelugg|51\/100\n|-status|p2a: Ogrelugg|par\n|\n|-heal|p1a: Jirachi|100\/100|[from] item: Leftovers\n|upkeep\n|turn|29\n|\n|t:|1698711109\n|move|p1a: Jirachi|U-turn|p2a: Ogrelugg\n|-damage|p2a: Ogrelugg|29\/100 par\n|\n|t:|1698711113\n|switch|p1a: Ursaluna|Ursaluna-Bloodmoon, M|68\/100|[from] U-turn\n|cant|p2a: Ogrelugg|par\n|\n|upkeep\n|turn|30\n|\n|t:|1698711130\n|move|p1a: Ursaluna|Blood Moon|p2a: Ogrelugg\n|-damage|p2a: Ogrelugg|0 fnt\n|faint|p2a: Ogrelugg\n|\n|upkeep\n|\n|t:|1698711134\n|switch|p2a: Luggdos|Zapdos-Galar|100\/100\n|turn|31\n|\n|t:|1698711151\n|switch|p1a: Jirachi|Jirachi, shiny|100\/100\n|move|p2a: Luggdos|Close Combat|p1a: Jirachi\n|-damage|p1a: Jirachi|47\/100\n|-unboost|p2a: Luggdos|def|1\n|-unboost|p2a: Luggdos|spd|1\n|\n|-heal|p1a: Jirachi|53\/100|[from] item: Leftovers\n|upkeep\n|turn|32\n|\n|t:|1698711171\n|move|p2a: Luggdos|Knock Off|p1a: Jirachi\n|-supereffective|p1a: Jirachi\n|-damage|p1a: Jirachi|0 fnt\n|-enditem|p1a: Jirachi|Leftovers|[from] move: Knock Off|[of] p2a: Luggdos\n|faint|p1a: Jirachi\n|\n|upkeep\n|\n|t:|1698711178\n|switch|p1a: Talonflame|Talonflame, F|29\/100\n|turn|33\n|\n|t:|1698711189\n|move|p1a: Talonflame|Brave Bird|p2a: Luggdos\n|-supereffective|p2a: Luggdos\n|-damage|p2a: Luggdos|0 fnt\n|faint|p2a: Luggdos\n|-damage|p1a: Talonflame|0 fnt|[from] Recoil\n|faint|p1a: Talonflame\n|\n|upkeep\n|\n|t:|1698711197\n|switch|p1a: Ursaluna|Ursaluna-Bloodmoon, M|68\/100\n|switch|p2a: Luggfable|Clefable, F, shiny|97\/100\n|turn|34\n|\n|t:|1698711204\n|move|p1a: Ursaluna|Blood Moon|p2a: Luggfable\n|-damage|p2a: Luggfable|44\/100\n|move|p2a: Luggfable|Ice Beam|p1a: Ursaluna\n|-supereffective|p1a: Ursaluna\n|-damage|p1a: Ursaluna|34\/100\n|\n|-heal|p2a: Luggfable|50\/100|[from] item: Leftovers\n|upkeep\n|turn|35\n|\n|t:|1698711214\n|move|p1a: Ursaluna|Earth Power|p2a: Luggfable\n|-damage|p2a: Luggfable|17\/100\n|move|p2a: Luggfable|Ice Beam|p1a: Ursaluna\n|-supereffective|p1a: Ursaluna\n|-crit|p1a: Ursaluna\n|-damage|p1a: Ursaluna|0 fnt\n|faint|p1a: Ursaluna\n|\n|win|DisloyalWB\n|c|\u2606DisloyalWB|ggs\n|c|\u2606SolChimera|damn gg\n|c|\u2606DisloyalWB|very well played\n|c|\u2606SolChimera|that was rly fun\n|c|\u2606DisloyalWB|I definitely tried so hard to lose that in the end LOL\n|c|\u2606SolChimera|i cant believe my talonflame outsped there\n","uploadtime":1698711244,"views":29,"p1id":"solchimera","p2id":"disloyalwb","formatid":"gen9ubers","rating":0,"private":0,"password":""}