{"id":"gen9ubers-1992339578","p1":"domtomrom","p2":"Anne Frankkkk","format":"[Gen 9] Ubers","log":"|j|\u2606domtomrom\n|j|\u2606Anne Frankkkk\n|t:|1700176361\n|gametype|singles\n|player|p1|domtomrom|backersf|1040\n|player|p2|Anne Frankkkk|hilbert|1196\n|teamsize|p1|6\n|teamsize|p2|6\n|gen|9\n|tier|[Gen 9] Ubers\n|rated|\n|rule|Sleep Clause Mod: Limit one foe put to sleep\n|rule|Species Clause: Limit one of each Pok\u00e9mon\n|rule|OHKO Clause: OHKO moves are banned\n|rule|Evasion Items Clause: Evasion items are banned\n|rule|Evasion Moves Clause: Evasion moves are banned\n|rule|Endless Battle Clause: Forcing endless battles is banned\n|rule|HP Percentage Mod: HP is shown in percentages\n|clearpoke\n|poke|p1|Komala, F|\n|poke|p1|Gardevoir, F|\n|poke|p1|Ribombee, F|\n|poke|p1|Gliscor, M|\n|poke|p1|Gholdengo|\n|poke|p1|Urshifu-*, F|\n|poke|p2|Regieleki|\n|poke|p2|Kyogre|\n|poke|p2|Chien-Pao|\n|poke|p2|Ribombee, M|\n|poke|p2|Miraidon|\n|poke|p2|Flutter Mane|\n|teampreview\n|inactive|Battle timer is ON: inactive players will automatically lose when time's up. (requested by Anne Frankkkk)\n|c|\u2606domtomrom|gl hf\n|\n|t:|1700176387\n|start\n|switch|p1a: Gliscor|Gliscor, M, shiny|100\/100\n|switch|p2a: Moonblast|Ribombee, M, shiny|100\/100\n|turn|1\n|\n|t:|1700176398\n|move|p2a: Moonblast|Stun Spore|p1a: Gliscor\n|-status|p1a: Gliscor|par\n|move|p1a: Gliscor|Earthquake|p2a: Moonblast\n|-resisted|p2a: Moonblast\n|-damage|p2a: Moonblast|60\/100\n|\n|upkeep\n|turn|2\n|\n|t:|1700176406\n|move|p2a: Moonblast|Sticky Web|p1a: Gliscor\n|-sidestart|p1: domtomrom|move: Sticky Web\n|cant|p1a: Gliscor|par\n|\n|upkeep\n|turn|3\n|\n|t:|1700176413\n|switch|p2a: Ice Cat|Chien-Pao|100\/100\n|-ability|p2a: Ice Cat|Sword of Ruin\n|move|p1a: Gliscor|Stealth Rock|p2a: Ice Cat\n|-sidestart|p2: Anne Frankkkk|move: Stealth Rock\n|\n|upkeep\n|turn|4\n|\n|t:|1700176423\n|move|p2a: Ice Cat|Ice Spinner|p1a: Gliscor\n|-supereffective|p1a: Gliscor\n|-damage|p1a: Gliscor|0 fnt\n|faint|p1a: Gliscor\n|\n|upkeep\n|\n|t:|1700176429\n|switch|p1a: Ribombee|Ribombee, F, shiny|100\/100\n|-activate|p1a: Ribombee|move: Sticky Web\n|-unboost|p1a: Ribombee|spe|1\n|turn|5\n|\n|t:|1700176434\n|move|p2a: Ice Cat|Ice Spinner|p1a: Ribombee\n|-damage|p1a: Ribombee|0 fnt\n|faint|p1a: Ribombee\n|\n|upkeep\n|\n|t:|1700176443\n|switch|p1a: Komala|Komala, F, shiny|100\/100\n|-activate|p1a: Komala|move: Sticky Web\n|-unboost|p1a: Komala|spe|1\n|-ability|p1a: Komala|Comatose\n|turn|6\n|\n|t:|1700176453\n|-terastallize|p1a: Komala|Ghost\n|move|p2a: Ice Cat|Swords Dance|p2a: Ice Cat\n|-boost|p2a: Ice Cat|atk|2\n|-enditem|p1a: Komala|Mirror Herb\n|-boost|p1a: Komala|atk|2|[from] item: Mirror Herb\n|move|p1a: Komala|Rapid Spin|p2a: Ice Cat\n|-damage|p2a: Ice Cat|33\/100\n|-boost|p1a: Komala|spe|1\n|-sideend|p1: domtomrom|Sticky Web|[from] move: Rapid Spin|[of] p1a: Komala\n|\n|upkeep\n|turn|7\n|\n|t:|1700176467\n|move|p2a: Ice Cat|Sucker Punch|p1a: Komala\n|-supereffective|p1a: Komala\n|-damage|p1a: Komala|0 fnt\n|faint|p1a: Komala\n|\n|upkeep\n|c|\u2606domtomrom|i sucker punched lol\n|\n|t:|1700176487\n|switch|p1a: Urshifu|Urshifu, F|100\/100\n|turn|8\n|\n|t:|1700176493\n|move|p2a: Ice Cat|Sacred Sword|p1a: Urshifu\n|-supereffective|p1a: Urshifu\n|-damage|p1a: Urshifu|0 fnt\n|faint|p1a: Urshifu\n|\n|upkeep\n|\n|t:|1700176498\n|switch|p1a: Gardevoir|Gardevoir, F, shiny|100\/100\n|-ability|p1a: Gardevoir|Sword of Ruin\n|-ability|p1a: Gardevoir|Sword of Ruin|[from] ability: Trace|[of] p2a: Ice Cat\n|turn|9\n|\n|t:|1700176505\n|-terastallize|p2a: Ice Cat|Dark\n|move|p2a: Ice Cat|Sucker Punch||[still]\n|-fail|p2a: Ice Cat\n|move|p1a: Gardevoir|Thunder Wave|p2a: Ice Cat\n|-status|p2a: Ice Cat|par\n|\n|upkeep\n|turn|10\n|\n|t:|1700176512\n|move|p2a: Ice Cat|Sucker Punch|p1a: Gardevoir\n|-damage|p1a: Gardevoir|0 fnt\n|faint|p1a: Gardevoir\n|\n|upkeep\n|\n|t:|1700176517\n|switch|p1a: Gholdengo|Gholdengo|100\/100\n|turn|11\n|\n|t:|1700176522\n|cant|p2a: Ice Cat|par\n|move|p1a: Gholdengo|Psychic|p2a: Ice Cat\n|-immune|p2a: Ice Cat\n|\n|upkeep\n|turn|12\n|c|\u2606domtomrom|i forgor\n|\n|t:|1700176533\n|move|p2a: Ice Cat|Sucker Punch|p1a: Gholdengo\n|-supereffective|p1a: Gholdengo\n|-damage|p1a: Gholdengo|0 fnt\n|faint|p1a: Gholdengo\n|\n|win|Anne Frankkkk\n|raw|domtomrom's rating: 1040 &rarr; <strong>1031<\/strong><br \/>(-9 for losing)\n|raw|Anne Frankkkk's rating: 1196 &rarr; <strong>1210<\/strong><br \/>(+14 for winning)\n","uploadtime":1700176539,"views":6,"p1id":"domtomrom","p2id":"annefrankkkk","formatid":"gen9ubers","rating":1031,"private":0,"password":""}