{"id":"gen9ubers-1973971049","p1":"ElChoski","p2":"la viuda alegre","format":"[Gen 9] Ubers","log":"|j|\u2606ElChoski\n|j|\u2606la viuda alegre\n|t:|1698034770\n|gametype|singles\n|player|p1|ElChoski|doctor|1126\n|player|p2|la viuda alegre|teacher|1205\n|teamsize|p1|6\n|teamsize|p2|6\n|gen|9\n|tier|[Gen 9] Ubers\n|rated|\n|rule|Sleep Clause Mod: Limit one foe put to sleep\n|rule|Species Clause: Limit one of each Pok\u00e9mon\n|rule|OHKO Clause: OHKO moves are banned\n|rule|Evasion Items Clause: Evasion items are banned\n|rule|Evasion Moves Clause: Evasion moves are banned\n|rule|Endless Battle Clause: Forcing endless battles is banned\n|rule|HP Percentage Mod: HP is shown in percentages\n|clearpoke\n|poke|p1|Chien-Pao|\n|poke|p1|Gholdengo|\n|poke|p1|Tyranitar, M|\n|poke|p1|Quaquaval, M|\n|poke|p1|Amoonguss, F|\n|poke|p1|Iron Treads|\n|poke|p2|Flutter Mane|\n|poke|p2|Grimmsnarl, M|\n|poke|p2|Arceus|\n|poke|p2|Miraidon|\n|poke|p2|Clodsire, M|\n|poke|p2|Hatterene, F|\n|teampreview\n|inactive|Battle timer is ON: inactive players will automatically lose when time's up. (requested by la viuda alegre)\n|\n|t:|1698034779\n|start\n|switch|p1a: Gholdengo|Gholdengo, shiny|100\/100\n|switch|p2a: rebotitos|Hatterene, F, shiny|100\/100\n|turn|1\n|\n|t:|1698034792\n|-terastallize|p2a: rebotitos|Steel\n|move|p1a: Gholdengo|Nasty Plot|p1a: Gholdengo\n|-boost|p1a: Gholdengo|spa|2\n|move|p2a: rebotitos|Mystical Fire|p1a: Gholdengo\n|-supereffective|p1a: Gholdengo\n|-damage|p1a: Gholdengo|56\/100\n|-unboost|p1a: Gholdengo|spa|1\n|\n|-heal|p1a: Gholdengo|62\/100|[from] item: Leftovers\n|upkeep\n|turn|2\n|\n|t:|1698034804\n|move|p1a: Gholdengo|Shadow Ball|p2a: rebotitos\n|-damage|p2a: rebotitos|28\/100\n|move|p2a: rebotitos|Mystical Fire|p1a: Gholdengo\n|-supereffective|p1a: Gholdengo\n|-damage|p1a: Gholdengo|21\/100\n|-unboost|p1a: Gholdengo|spa|1\n|\n|-heal|p1a: Gholdengo|27\/100|[from] item: Leftovers\n|upkeep\n|turn|3\n|\n|t:|1698034816\n|move|p1a: Gholdengo|Shadow Ball|p2a: rebotitos\n|-damage|p2a: rebotitos|0 fnt\n|faint|p2a: rebotitos\n|\n|-heal|p1a: Gholdengo|33\/100|[from] item: Leftovers\n|upkeep\n|\n|t:|1698034824\n|switch|p2a: cretino dragontino|Miraidon|100\/100\n|-fieldstart|move: Electric Terrain|[from] ability: Hadron Engine|[of] p2a: cretino dragontino\n|turn|4\n|\n|t:|1698034833\n|move|p2a: cretino dragontino|Calm Mind|p2a: cretino dragontino\n|-boost|p2a: cretino dragontino|spa|1\n|-boost|p2a: cretino dragontino|spd|1\n|move|p1a: Gholdengo|Make It Rain|p2a: cretino dragontino\n|-resisted|p2a: cretino dragontino\n|-damage|p2a: cretino dragontino|81\/100\n|-unboost|p1a: Gholdengo|spa|1\n|\n|-heal|p1a: Gholdengo|39\/100|[from] item: Leftovers\n|upkeep\n|turn|5\n|\n|t:|1698034845\n|move|p2a: cretino dragontino|Electro Drift|p1a: Gholdengo\n|-damage|p1a: Gholdengo|0 fnt\n|faint|p1a: Gholdengo\n|-damage|p2a: cretino dragontino|71\/100|[from] item: Life Orb\n|\n|upkeep\n|\n|t:|1698034857\n|switch|p1a: Amoonguss|Amoonguss, F, shiny|100\/100\n|turn|6\n|\n|t:|1698034862\n|move|p2a: cretino dragontino|Electro Drift|p1a: Amoonguss\n|-resisted|p1a: Amoonguss\n|-damage|p1a: Amoonguss|19\/100\n|-damage|p2a: cretino dragontino|61\/100|[from] item: Life Orb\n|move|p1a: Amoonguss|Toxic|p2a: cretino dragontino\n|-status|p2a: cretino dragontino|tox\n|\n|-heal|p1a: Amoonguss|25\/100|[from] item: Black Sludge\n|-damage|p2a: cretino dragontino|55\/100 tox|[from] psn\n|upkeep\n|turn|7\n|\n|t:|1698034876\n|switch|p1a: Iron Treads|Iron Treads, shiny|100\/100\n|-activate|p1a: Iron Treads|ability: Quark Drive\n|-start|p1a: Iron Treads|quarkdrivedef\n|move|p2a: cretino dragontino|Electro Drift|p1a: Iron Treads\n|-immune|p1a: Iron Treads\n|\n|-damage|p2a: cretino dragontino|43\/100 tox|[from] psn\n|upkeep\n|turn|8\n|\n|t:|1698034887\n|move|p2a: cretino dragontino|Dazzling Gleam|p1a: Iron Treads\n|-resisted|p1a: Iron Treads\n|-damage|p1a: Iron Treads|58\/100\n|-damage|p2a: cretino dragontino|33\/100 tox|[from] item: Life Orb\n|move|p1a: Iron Treads|Stealth Rock|p2a: cretino dragontino\n|-sidestart|p2: la viuda alegre|move: Stealth Rock\n|\n|-heal|p1a: Iron Treads|64\/100|[from] item: Leftovers\n|-damage|p2a: cretino dragontino|14\/100 tox|[from] psn\n|-fieldend|move: Electric Terrain\n|-end|p1a: Iron Treads|Quark Drive\n|upkeep\n|turn|9\n|\n|t:|1698034903\n|move|p2a: cretino dragontino|Dazzling Gleam|p1a: Iron Treads\n|-resisted|p1a: Iron Treads\n|-damage|p1a: Iron Treads|33\/100\n|-damage|p2a: cretino dragontino|4\/100 tox|[from] item: Life Orb\n|move|p1a: Iron Treads|Rapid Spin|p2a: cretino dragontino\n|-damage|p2a: cretino dragontino|0 fnt\n|-boost|p1a: Iron Treads|spe|1\n|faint|p2a: cretino dragontino\n|\n|-heal|p1a: Iron Treads|39\/100|[from] item: Leftovers\n|upkeep\n|\n|t:|1698034915\n|switch|p2a: molestio|Grimmsnarl, M|100\/100\n|-damage|p2a: molestio|88\/100|[from] Stealth Rock\n|turn|10\n|\n|t:|1698034926\n|move|p2a: molestio|Reflect|p2a: molestio\n|-sidestart|p2: la viuda alegre|Reflect\n|move|p1a: Iron Treads|Earthquake|p2a: molestio\n|-damage|p2a: molestio|74\/100\n|\n|-heal|p1a: Iron Treads|46\/100|[from] item: Leftovers\n|upkeep\n|turn|11\n|\n|t:|1698034934\n|move|p2a: molestio|Light Screen|p2a: molestio\n|-sidestart|p2: la viuda alegre|move: Light Screen\n|move|p1a: Iron Treads|Heavy Slam|p2a: molestio\n|-supereffective|p2a: molestio\n|-damage|p2a: molestio|47\/100\n|\n|-heal|p1a: Iron Treads|52\/100|[from] item: Leftovers\n|upkeep\n|turn|12\n|\n|t:|1698034942\n|move|p2a: molestio|Parting Shot|p1a: Iron Treads\n|-unboost|p1a: Iron Treads|atk|1\n|-unboost|p1a: Iron Treads|spa|1\n|\n|t:|1698034945\n|switch|p2a: no lo dejes crecer|Arceus|100\/100|[from] Parting Shot\n|-damage|p2a: no lo dejes crecer|88\/100|[from] Stealth Rock\n|move|p1a: Iron Treads|Heavy Slam|p2a: no lo dejes crecer\n|-damage|p2a: no lo dejes crecer|84\/100\n|\n|-heal|p1a: Iron Treads|58\/100|[from] item: Leftovers\n|upkeep\n|turn|13\n|\n|t:|1698034957\n|move|p1a: Iron Treads|Rapid Spin|p2a: no lo dejes crecer\n|-damage|p2a: no lo dejes crecer|81\/100\n|-boost|p1a: Iron Treads|spe|1\n|move|p2a: no lo dejes crecer|Cosmic Power|p2a: no lo dejes crecer\n|-boost|p2a: no lo dejes crecer|def|1\n|-boost|p2a: no lo dejes crecer|spd|1\n|\n|-heal|p1a: Iron Treads|64\/100|[from] item: Leftovers\n|upkeep\n|turn|14\n|\n|t:|1698034968\n|move|p1a: Iron Treads|Earthquake|p2a: no lo dejes crecer\n|-damage|p2a: no lo dejes crecer|75\/100\n|move|p2a: no lo dejes crecer|Cosmic Power|p2a: no lo dejes crecer\n|-boost|p2a: no lo dejes crecer|def|1\n|-boost|p2a: no lo dejes crecer|spd|1\n|\n|-heal|p1a: Iron Treads|71\/100|[from] item: Leftovers\n|upkeep\n|turn|15\n|\n|t:|1698034977\n|move|p1a: Iron Treads|Heavy Slam|p2a: no lo dejes crecer\n|-damage|p2a: no lo dejes crecer|72\/100\n|move|p2a: no lo dejes crecer|Cosmic Power|p2a: no lo dejes crecer\n|-boost|p2a: no lo dejes crecer|def|1\n|-boost|p2a: no lo dejes crecer|spd|1\n|\n|-heal|p1a: Iron Treads|77\/100|[from] item: Leftovers\n|upkeep\n|turn|16\n|\n|t:|1698034986\n|move|p1a: Iron Treads|Earthquake|p2a: no lo dejes crecer\n|-damage|p2a: no lo dejes crecer|68\/100\n|move|p2a: no lo dejes crecer|Cosmic Power|p2a: no lo dejes crecer\n|-boost|p2a: no lo dejes crecer|def|1\n|-boost|p2a: no lo dejes crecer|spd|1\n|\n|-heal|p1a: Iron Treads|83\/100|[from] item: Leftovers\n|upkeep\n|turn|17\n|\n|t:|1698034995\n|move|p1a: Iron Treads|Earthquake|p2a: no lo dejes crecer\n|-damage|p2a: no lo dejes crecer|65\/100\n|move|p2a: no lo dejes crecer|Cosmic Power|p2a: no lo dejes crecer\n|-boost|p2a: no lo dejes crecer|def|1\n|-boost|p2a: no lo dejes crecer|spd|1\n|\n|-heal|p1a: Iron Treads|89\/100|[from] item: Leftovers\n|-sideend|p2: la viuda alegre|Reflect\n|upkeep\n|turn|18\n|\n|t:|1698035004\n|move|p1a: Iron Treads|Earthquake|p2a: no lo dejes crecer\n|-damage|p2a: no lo dejes crecer|59\/100\n|move|p2a: no lo dejes crecer|Cosmic Power|p2a: no lo dejes crecer\n|-boost|p2a: no lo dejes crecer|def|1\n|-boost|p2a: no lo dejes crecer|spd|1\n|\n|-heal|p1a: Iron Treads|96\/100|[from] item: Leftovers\n|-sideend|p2: la viuda alegre|move: Light Screen\n|upkeep\n|turn|19\n|\n|t:|1698035013\n|move|p1a: Iron Treads|Earthquake|p2a: no lo dejes crecer\n|-damage|p2a: no lo dejes crecer|54\/100\n|move|p2a: no lo dejes crecer|Recover|p2a: no lo dejes crecer\n|-heal|p2a: no lo dejes crecer|100\/100\n|\n|-heal|p1a: Iron Treads|100\/100|[from] item: Leftovers\n|upkeep\n|turn|20\n|\n|t:|1698035022\n|move|p1a: Iron Treads|Heavy Slam|p2a: no lo dejes crecer\n|-damage|p2a: no lo dejes crecer|98\/100\n|move|p2a: no lo dejes crecer|Stored Power|p1a: Iron Treads\n|-resisted|p1a: Iron Treads\n|-damage|p1a: Iron Treads|66\/100\n|\n|-heal|p1a: Iron Treads|72\/100|[from] item: Leftovers\n|upkeep\n|turn|21\n|\n|t:|1698035031\n|move|p1a: Iron Treads|Rapid Spin|p2a: no lo dejes crecer\n|-damage|p2a: no lo dejes crecer|97\/100\n|-boost|p1a: Iron Treads|spe|1\n|move|p2a: no lo dejes crecer|Stored Power|p1a: Iron Treads\n|-resisted|p1a: Iron Treads\n|-damage|p1a: Iron Treads|34\/100\n|\n|-heal|p1a: Iron Treads|40\/100|[from] item: Leftovers\n|upkeep\n|turn|22\n|\n|t:|1698035040\n|move|p1a: Iron Treads|Earthquake|p2a: no lo dejes crecer\n|-damage|p2a: no lo dejes crecer|91\/100\n|move|p2a: no lo dejes crecer|Stored Power|p1a: Iron Treads\n|-resisted|p1a: Iron Treads\n|-damage|p1a: Iron Treads|4\/100\n|\n|-heal|p1a: Iron Treads|10\/100|[from] item: Leftovers\n|upkeep\n|turn|23\n|\n|t:|1698035063\n|move|p1a: Iron Treads|Earthquake|p2a: no lo dejes crecer\n|-damage|p2a: no lo dejes crecer|86\/100\n|move|p2a: no lo dejes crecer|Stored Power|p1a: Iron Treads\n|-resisted|p1a: Iron Treads\n|-damage|p1a: Iron Treads|0 fnt\n|faint|p1a: Iron Treads\n|-end|p1a: Iron Treads|Quark Drive|[silent]\n|\n|upkeep\n|\n|t:|1698035077\n|switch|p1a: Tyranitar|Tyranitar, M, shiny|100\/100\n|-weather|Sandstorm|[from] ability: Sand Stream|[of] p1a: Tyranitar\n|turn|24\n|\n|t:|1698035082\n|move|p2a: no lo dejes crecer|Extreme Speed|p1a: Tyranitar\n|-resisted|p1a: Tyranitar\n|-damage|p1a: Tyranitar|84\/100\n|move|p1a: Tyranitar|Crunch|p2a: no lo dejes crecer\n|-damage|p2a: no lo dejes crecer|78\/100\n|\n|-weather|Sandstorm|[upkeep]\n|-damage|p2a: no lo dejes crecer|72\/100|[from] Sandstorm\n|upkeep\n|turn|25\n|\n|t:|1698035091\n|move|p2a: no lo dejes crecer|Extreme Speed|p1a: Tyranitar\n|-resisted|p1a: Tyranitar\n|-damage|p1a: Tyranitar|66\/100\n|move|p1a: Tyranitar|Crunch|p2a: no lo dejes crecer\n|-damage|p2a: no lo dejes crecer|66\/100\n|-unboost|p2a: no lo dejes crecer|def|1\n|\n|-weather|Sandstorm|[upkeep]\n|-damage|p2a: no lo dejes crecer|60\/100|[from] Sandstorm\n|upkeep\n|turn|26\n|\n|t:|1698035101\n|move|p2a: no lo dejes crecer|Extreme Speed|p1a: Tyranitar\n|-resisted|p1a: Tyranitar\n|-damage|p1a: Tyranitar|49\/100\n|move|p1a: Tyranitar|Crunch|p2a: no lo dejes crecer\n|-damage|p2a: no lo dejes crecer|51\/100\n|\n|-weather|Sandstorm|[upkeep]\n|-damage|p2a: no lo dejes crecer|45\/100|[from] Sandstorm\n|upkeep\n|turn|27\n|\n|t:|1698035111\n|move|p2a: no lo dejes crecer|Recover|p2a: no lo dejes crecer\n|-heal|p2a: no lo dejes crecer|95\/100\n|move|p1a: Tyranitar|Crunch|p2a: no lo dejes crecer\n|-damage|p2a: no lo dejes crecer|87\/100\n|\n|-weather|Sandstorm|[upkeep]\n|-damage|p2a: no lo dejes crecer|81\/100|[from] Sandstorm\n|upkeep\n|turn|28\n|\n|t:|1698035119\n|move|p2a: no lo dejes crecer|Cosmic Power|p2a: no lo dejes crecer\n|-boost|p2a: no lo dejes crecer|def|1\n|-boost|p2a: no lo dejes crecer|spd|0\n|move|p1a: Tyranitar|Crunch|p2a: no lo dejes crecer\n|-damage|p2a: no lo dejes crecer|74\/100\n|\n|-weather|none\n|upkeep\n|turn|29\n|\n|t:|1698035127\n|move|p2a: no lo dejes crecer|Extreme Speed|p1a: Tyranitar\n|-resisted|p1a: Tyranitar\n|-damage|p1a: Tyranitar|32\/100\n|move|p1a: Tyranitar|Crunch|p2a: no lo dejes crecer\n|-damage|p2a: no lo dejes crecer|67\/100\n|\n|upkeep\n|turn|30\n|\n|t:|1698035134\n|move|p2a: no lo dejes crecer|Extreme Speed|p1a: Tyranitar\n|-resisted|p1a: Tyranitar\n|-damage|p1a: Tyranitar|16\/100\n|move|p1a: Tyranitar|Crunch|p2a: no lo dejes crecer\n|-damage|p2a: no lo dejes crecer|60\/100\n|\n|upkeep\n|turn|31\n|\n|t:|1698035142\n|move|p2a: no lo dejes crecer|Recover|p2a: no lo dejes crecer\n|-heal|p2a: no lo dejes crecer|100\/100\n|move|p1a: Tyranitar|Crunch|p2a: no lo dejes crecer\n|-damage|p2a: no lo dejes crecer|94\/100\n|-unboost|p2a: no lo dejes crecer|def|1\n|\n|upkeep\n|turn|32\n|\n|t:|1698035149\n|move|p2a: no lo dejes crecer|Cosmic Power|p2a: no lo dejes crecer\n|-boost|p2a: no lo dejes crecer|def|1\n|-boost|p2a: no lo dejes crecer|spd|0\n|move|p1a: Tyranitar|Crunch|p2a: no lo dejes crecer\n|-damage|p2a: no lo dejes crecer|87\/100\n|\n|upkeep\n|turn|33\n|\n|t:|1698035156\n|move|p2a: no lo dejes crecer|Extreme Speed|p1a: Tyranitar\n|-resisted|p1a: Tyranitar\n|-damage|p1a: Tyranitar|0 fnt\n|faint|p1a: Tyranitar\n|\n|upkeep\n|\n|t:|1698035160\n|switch|p1a: Amoonguss|Amoonguss, F, shiny|59\/100\n|turn|34\n|\n|t:|1698035164\n|move|p2a: no lo dejes crecer|Stored Power|p1a: Amoonguss\n|-supereffective|p1a: Amoonguss\n|-damage|p1a: Amoonguss|0 fnt\n|faint|p1a: Amoonguss\n|\n|upkeep\n|\n|t:|1698035170\n|switch|p1a: Meow|Chien-Pao|100\/100\n|-ability|p1a: Meow|Sword of Ruin\n|turn|35\n|\n|t:|1698035178\n|move|p2a: no lo dejes crecer|Extreme Speed|p1a: Meow\n|-damage|p1a: Meow|39\/100\n|move|p1a: Meow|Sacred Sword|p2a: no lo dejes crecer\n|-supereffective|p2a: no lo dejes crecer\n|-damage|p2a: no lo dejes crecer|27\/100\n|-enditem|p2a: no lo dejes crecer|Weakness Policy\n|-boost|p2a: no lo dejes crecer|atk|2|[from] item: Weakness Policy\n|-boost|p2a: no lo dejes crecer|spa|2|[from] item: Weakness Policy\n|\n|upkeep\n|turn|36\n|\n|t:|1698035190\n|-terastallize|p1a: Meow|Dark\n|move|p2a: no lo dejes crecer|Extreme Speed|p1a: Meow\n|-damage|p1a: Meow|0 fnt\n|faint|p1a: Meow\n|\n|upkeep\n|-message|ElChoski forfeited.\n|\n|win|la viuda alegre\n|raw|ElChoski's rating: 1126 &rarr; <strong>1107<\/strong><br \/>(-19 for losing)\n|raw|la viuda alegre's rating: 1205 &rarr; <strong>1224<\/strong><br \/>(+19 for winning)\n|l|\u2606ElChoski\n","uploadtime":1698035544,"views":17,"p1id":"elchoski","p2id":"laviudaalegre","formatid":"gen9ubers","rating":1107,"private":0,"password":""}