{"id":"gen9ubers-1987973672","p1":"conor8023906","p2":"Anne Frankkkk","format":"[Gen 9] Ubers","log":"|j|\u2606conor8023906\n|j|\u2606Anne Frankkkk\n|t:|1699654793\n|gametype|singles\n|player|p1|conor8023906|red|1106\n|player|p2|Anne Frankkkk|hilbert|1112\n|teamsize|p1|6\n|teamsize|p2|6\n|gen|9\n|tier|[Gen 9] Ubers\n|rated|\n|rule|Sleep Clause Mod: Limit one foe put to sleep\n|rule|Species Clause: Limit one of each Pok\u00e9mon\n|rule|OHKO Clause: OHKO moves are banned\n|rule|Evasion Items Clause: Evasion items are banned\n|rule|Evasion Moves Clause: Evasion moves are banned\n|rule|Endless Battle Clause: Forcing endless battles is banned\n|rule|HP Percentage Mod: HP is shown in percentages\n|clearpoke\n|poke|p1|Eternatus|\n|poke|p1|Miraidon|\n|poke|p1|Zacian-*|\n|poke|p1|Regieleki|\n|poke|p1|Kyogre|\n|poke|p1|Arceus|\n|poke|p2|Iron Hands|\n|poke|p2|Kyogre|\n|poke|p2|Chien-Pao|\n|poke|p2|Ribombee, F|\n|poke|p2|Miraidon|\n|poke|p2|Flutter Mane|\n|teampreview\n|\n|t:|1699654807\n|start\n|switch|p1a: Regieleki|Regieleki, shiny|100\/100\n|switch|p2a: Moonblast|Ribombee, F, shiny|100\/100\n|turn|1\n|inactive|Battle timer is ON: inactive players will automatically lose when time's up. (requested by conor8023906)\n|\n|t:|1699654830\n|move|p1a: Regieleki|Thunderbolt|p2a: Moonblast\n|-enditem|p2a: Moonblast|Focus Sash\n|-damage|p2a: Moonblast|1\/100\n|-damage|p1a: Regieleki|91\/100|[from] item: Life Orb\n|move|p2a: Moonblast|Sticky Web|p1a: Regieleki\n|-sidestart|p1: conor8023906|move: Sticky Web\n|\n|upkeep\n|turn|2\n|c|\u2606conor8023906|NO!\n|\n|t:|1699654853\n|switch|p2a: Misdreavius|Flutter Mane, shiny|100\/100\n|-enditem|p2a: Misdreavius|Booster Energy\n|-activate|p2a: Misdreavius|ability: Protosynthesis|[fromitem]\n|-start|p2a: Misdreavius|protosynthesisspe\n|move|p1a: Regieleki|Rapid Spin|p2a: Misdreavius\n|-immune|p2a: Misdreavius\n|\n|upkeep\n|turn|3\n|c|\u2606conor8023906|WHY ME?\n|\n|t:|1699654872\n|switch|p1a: Eternatus|Eternatus|100\/100\n|-activate|p1a: Eternatus|move: Sticky Web\n|-unboost|p1a: Eternatus|spe|1\n|-ability|p1a: Eternatus|Pressure\n|move|p2a: Misdreavius|Moonblast|p1a: Eternatus\n|-damage|p1a: Eternatus|62\/100\n|-unboost|p1a: Eternatus|spa|1\n|\n|-heal|p1a: Eternatus|68\/100|[from] item: Leftovers\n|upkeep\n|turn|4\n|inactive|Anne Frankkkk has 120 seconds left.\n|\n|t:|1699654907\n|move|p2a: Misdreavius|Calm Mind|p2a: Misdreavius\n|-boost|p2a: Misdreavius|spa|1\n|-boost|p2a: Misdreavius|spd|1\n|move|p1a: Eternatus|Toxic|p2a: Misdreavius\n|-status|p2a: Misdreavius|tox\n|\n|-heal|p1a: Eternatus|74\/100|[from] item: Leftovers\n|-damage|p2a: Misdreavius|95\/100 tox|[from] psn\n|upkeep\n|turn|5\n|\n|t:|1699654915\n|move|p2a: Misdreavius|Calm Mind|p2a: Misdreavius\n|-boost|p2a: Misdreavius|spa|1\n|-boost|p2a: Misdreavius|spd|1\n|move|p1a: Eternatus|Recover|p1a: Eternatus\n|-heal|p1a: Eternatus|100\/100\n|\n|-damage|p2a: Misdreavius|83\/100 tox|[from] psn\n|upkeep\n|turn|6\n|\n|t:|1699654922\n|move|p1a: Eternatus|Protect|p1a: Eternatus\n|-singleturn|p1a: Eternatus|Protect\n|move|p2a: Misdreavius|Moonblast|p1a: Eternatus\n|-activate|p1a: Eternatus|move: Protect\n|\n|-damage|p2a: Misdreavius|65\/100 tox|[from] psn\n|upkeep\n|turn|7\n|\n|t:|1699654929\n|move|p2a: Misdreavius|Moonblast|p1a: Eternatus\n|-damage|p1a: Eternatus|22\/100\n|move|p1a: Eternatus|Recover|p1a: Eternatus\n|-heal|p1a: Eternatus|72\/100\n|\n|-heal|p1a: Eternatus|78\/100|[from] item: Leftovers\n|-damage|p2a: Misdreavius|41\/100 tox|[from] psn\n|upkeep\n|turn|8\n|\n|t:|1699654936\n|move|p1a: Eternatus|Protect|p1a: Eternatus\n|-singleturn|p1a: Eternatus|Protect\n|move|p2a: Misdreavius|Calm Mind|p2a: Misdreavius\n|-boost|p2a: Misdreavius|spa|1\n|-boost|p2a: Misdreavius|spd|1\n|\n|-heal|p1a: Eternatus|84\/100|[from] item: Leftovers\n|-damage|p2a: Misdreavius|11\/100 tox|[from] psn\n|upkeep\n|turn|9\n|\n|t:|1699654945\n|move|p2a: Misdreavius|Moonblast|p1a: Eternatus\n|-damage|p1a: Eternatus|0 fnt\n|faint|p1a: Eternatus\n|\n|-damage|p2a: Misdreavius|0 fnt|[from] psn\n|faint|p2a: Misdreavius\n|-end|p2a: Misdreavius|Protosynthesis|[silent]\n|upkeep\n|\n|t:|1699654952\n|switch|p2a: Ice Cat|Chien-Pao|100\/100\n|switch|p1a: Regieleki|Regieleki, shiny|91\/100\n|-activate|p1a: Regieleki|move: Sticky Web\n|-unboost|p1a: Regieleki|spe|1\n|-ability|p2a: Ice Cat|Sword of Ruin\n|turn|10\n|\n|t:|1699654958\n|move|p2a: Ice Cat|Sucker Punch|p1a: Regieleki\n|-crit|p1a: Regieleki\n|-damage|p1a: Regieleki|0 fnt\n|faint|p1a: Regieleki\n|\n|upkeep\n|-message|conor8023906 forfeited.\n|\n|win|Anne Frankkkk\n|raw|conor8023906's rating: 1106 &rarr; <strong>1081<\/strong><br \/>(-25 for losing)\n|raw|Anne Frankkkk's rating: 1112 &rarr; <strong>1137<\/strong><br \/>(+25 for winning)\n|l|\u2606conor8023906\n","uploadtime":1699654969,"views":4,"p1id":"conor8023906","p2id":"annefrankkkk","formatid":"gen9ubers","rating":1081,"private":0,"password":""}