{"id":"gen9ubers-1972134191","p1":"masterash","p2":"Anass_72o0","format":"[Gen 9] Ubers","log":"|j|\u2606masterash\n|j|\u2606Anass_72o0\n|t:|1697815633\n|gametype|singles\n|player|p1|masterash|hilbert|1119\n|player|p2|Anass_72o0|lucas-gen4pt|1019\n|teamsize|p1|6\n|teamsize|p2|6\n|gen|9\n|tier|[Gen 9] Ubers\n|rated|\n|rule|Sleep Clause Mod: Limit one foe put to sleep\n|rule|Species Clause: Limit one of each Pok\u00e9mon\n|rule|OHKO Clause: OHKO moves are banned\n|rule|Evasion Items Clause: Evasion items are banned\n|rule|Evasion Moves Clause: Evasion moves are banned\n|rule|Endless Battle Clause: Forcing endless battles is banned\n|rule|HP Percentage Mod: HP is shown in percentages\n|clearpoke\n|poke|p1|Meowscarada, F|\n|poke|p1|Tinkaton, F|\n|poke|p1|Annihilape, M|\n|poke|p1|Scream Tail|\n|poke|p1|Iron Moth|\n|poke|p1|Palafin, F|\n|poke|p2|Ogerpon-Hearthflame, F|\n|poke|p2|Ursaluna-Bloodmoon, M|\n|poke|p2|Urshifu-*, F|\n|poke|p2|Arceus-Water|\n|poke|p2|Giratina-Origin|\n|poke|p2|Chien-Pao|\n|teampreview\n|\n|t:|1697815681\n|start\n|switch|p1a: Mr. Bright|Iron Moth|100\/100\n|switch|p2a: Arceus|Arceus-Water|100\/100\n|-enditem|p1a: Mr. Bright|Booster Energy\n|-activate|p1a: Mr. Bright|ability: Quark Drive|[fromitem]\n|-start|p1a: Mr. Bright|quarkdrivespa\n|turn|1\n|\n|t:|1697815697\n|move|p1a: Mr. Bright|Toxic Spikes|p2a: Arceus\n|-sidestart|p2: Anass_72o0|move: Toxic Spikes\n|move|p2a: Arceus|Earth Power|p1a: Mr. Bright\n|-supereffective|p1a: Mr. Bright\n|-damage|p1a: Mr. Bright|3\/100\n|\n|upkeep\n|turn|2\n|\n|t:|1697815705\n|move|p1a: Mr. Bright|Toxic Spikes|p2a: Arceus\n|-sidestart|p2: Anass_72o0|move: Toxic Spikes\n|move|p2a: Arceus|Judgment|p1a: Mr. Bright\n|-supereffective|p1a: Mr. Bright\n|-damage|p1a: Mr. Bright|0 fnt\n|faint|p1a: Mr. Bright\n|-end|p1a: Mr. Bright|Quark Drive|[silent]\n|\n|upkeep\n|\n|t:|1697815712\n|switch|p1a: Marvel|Palafin, F|100\/100\n|turn|3\n|\n|t:|1697815727\n|detailschange|p1a: Marvel|Palafin-Hero, F\n|switch|p1a: Hammah|Tinkaton, F|100\/100\n|move|p2a: Arceus|Judgment|p1a: Hammah\n|-damage|p1a: Hammah|68\/100\n|\n|-heal|p1a: Hammah|74\/100|[from] item: Leftovers\n|upkeep\n|turn|4\n|\n|t:|1697815740\n|move|p2a: Arceus|Earth Power|p1a: Hammah\n|-supereffective|p1a: Hammah\n|-damage|p1a: Hammah|42\/100\n|move|p1a: Hammah|Knock Off|p2a: Arceus\n|-damage|p2a: Arceus|94\/100\n|\n|-heal|p1a: Hammah|48\/100|[from] item: Leftovers\n|upkeep\n|turn|5\n|\n|t:|1697815756\n|switch|p1a: Screamo|Scream Tail|100\/100\n|move|p2a: Arceus|Earth Power|p1a: Screamo\n|-damage|p1a: Screamo|83\/100\n|\n|upkeep\n|turn|6\n|\n|t:|1697815765\n|move|p2a: Arceus|Judgment|p1a: Screamo\n|-damage|p1a: Screamo|48\/100\n|move|p1a: Screamo|Wish|p1a: Screamo\n|\n|upkeep\n|turn|7\n|\n|t:|1697815773\n|move|p2a: Arceus|Judgment|p1a: Screamo\n|-damage|p1a: Screamo|16\/100\n|move|p1a: Screamo|Stealth Rock|p2a: Arceus\n|-sidestart|p2: Anass_72o0|move: Stealth Rock\n|\n|-heal|p1a: Screamo|66\/100|[from] move: Wish|[wisher] Screamo\n|upkeep\n|turn|8\n|\n|t:|1697815780\n|move|p2a: Arceus|Judgment|p1a: Screamo\n|-damage|p1a: Screamo|35\/100\n|move|p1a: Screamo|Wish|p1a: Screamo\n|\n|upkeep\n|turn|9\n|\n|t:|1697815786\n|move|p1a: Screamo|Protect|p1a: Screamo\n|-singleturn|p1a: Screamo|Protect\n|move|p2a: Arceus|Judgment|p1a: Screamo\n|-activate|p1a: Screamo|move: Protect\n|\n|-heal|p1a: Screamo|85\/100|[from] move: Wish|[wisher] Screamo\n|upkeep\n|turn|10\n|\n|t:|1697815794\n|move|p2a: Arceus|Judgment|p1a: Screamo\n|-damage|p1a: Screamo|50\/100\n|move|p1a: Screamo|Wish|p1a: Screamo\n|\n|upkeep\n|turn|11\n|\n|t:|1697815799\n|-end|p1a: Screamo|Protosynthesis|[silent]\n|switch|p1a: Quinn|Meowscarada, F|100\/100\n|move|p2a: Arceus|Judgment|p1a: Quinn\n|-resisted|p1a: Quinn\n|-damage|p1a: Quinn|61\/100\n|\n|-heal|p1a: Quinn|100\/100|[from] move: Wish|[wisher] Screamo\n|upkeep\n|turn|12\n|\n|t:|1697815807\n|move|p1a: Quinn|Flower Trick|p2a: Arceus\n|-start|p1a: Quinn|typechange|Grass|[from] ability: Protean\n|-supereffective|p2a: Arceus\n|-crit|p2a: Arceus\n|-damage|p2a: Arceus|24\/100\n|move|p2a: Arceus|Fire Blast|p1a: Quinn|[miss]\n|-miss|p2a: Arceus|p1a: Quinn\n|\n|upkeep\n|turn|13\n|\n|t:|1697815819\n|move|p1a: Quinn|Trailblaze|p2a: Arceus\n|-supereffective|p2a: Arceus\n|-damage|p2a: Arceus|0 fnt\n|-boost|p1a: Quinn|spe|1\n|faint|p2a: Arceus\n|\n|upkeep\n|\n|t:|1697815826\n|switch|p2a: Ogerpon|Ogerpon-Hearthflame, F|100\/100\n|-status|p2a: Ogerpon|tox\n|-damage|p2a: Ogerpon|76\/100 tox|[from] Stealth Rock\n|-ability|p2a: Ogerpon|Mold Breaker\n|turn|14\n|\n|t:|1697815836\n|switch|p1a: Screamo|Scream Tail|50\/100\n|-terastallize|p2a: Ogerpon|Fire\n|detailschange|p2a: Ogerpon|Ogerpon-Hearthflame-Tera, F, tera:Fire\n|-ability|p2a: Ogerpon|Embody Aspect (Hearthflame)|boost\n|-boost|p2a: Ogerpon|atk|1\n|move|p2a: Ogerpon|Ivy Cudgel|p1a: Screamo\n|-damage|p1a: Screamo|0 fnt\n|faint|p1a: Screamo\n|-end|p1a: Screamo|Protosynthesis|[silent]\n|\n|-damage|p2a: Ogerpon|70\/100 tox|[from] psn\n|upkeep\n|\n|t:|1697815848\n|switch|p1a: Marvel|Palafin-Hero, F|100\/100\n|-activate|p1a: Marvel|ability: Zero to Hero\n|turn|15\n|\n|t:|1697815855\n|move|p1a: Marvel|Jet Punch|p2a: Ogerpon\n|-supereffective|p2a: Ogerpon\n|-damage|p2a: Ogerpon|0 fnt\n|faint|p2a: Ogerpon\n|\n|upkeep\n|\n|t:|1697815865\n|switch|p2a: Giratina|Giratina-Origin|100\/100\n|-damage|p2a: Giratina|88\/100|[from] Stealth Rock\n|turn|16\n|\n|t:|1697815877\n|switch|p1a: Hammah|Tinkaton, F|48\/100\n|move|p2a: Giratina|Defog|p1a: Hammah\n|-unboost|p1a: Hammah|evasion|1\n|-sideend|p2: Anass_72o0|Toxic Spikes|[from] move: Defog|[of] p2a: Giratina\n|-sideend|p2: Anass_72o0|Stealth Rock|[from] move: Defog|[of] p2a: Giratina\n|\n|-heal|p1a: Hammah|54\/100|[from] item: Leftovers\n|upkeep\n|turn|17\n|\n|t:|1697815891\n|move|p1a: Hammah|Encore|p2a: Giratina\n|-start|p2a: Giratina|Encore\n|move|p2a: Giratina|Defog|p1a: Hammah\n|-unboost|p1a: Hammah|evasion|1\n|\n|-heal|p1a: Hammah|60\/100|[from] item: Leftovers\n|upkeep\n|turn|18\n|\n|t:|1697815899\n|switch|p2a: Ursaluna|Ursaluna-Bloodmoon, M|100\/100\n|move|p1a: Hammah|Swords Dance|p1a: Hammah\n|-boost|p1a: Hammah|atk|2\n|\n|-heal|p1a: Hammah|66\/100|[from] item: Leftovers\n|upkeep\n|turn|19\n|\n|t:|1697815907\n|move|p1a: Hammah|Gigaton Hammer|p2a: Ursaluna\n|-damage|p2a: Ursaluna|44\/100\n|move|p2a: Ursaluna|Calm Mind|p2a: Ursaluna\n|-boost|p2a: Ursaluna|spa|1\n|-boost|p2a: Ursaluna|spd|1\n|\n|-heal|p1a: Hammah|72\/100|[from] item: Leftovers\n|-heal|p2a: Ursaluna|50\/100|[from] item: Leftovers\n|upkeep\n|turn|20\n|\n|t:|1697815917\n|move|p1a: Hammah|Encore|p2a: Ursaluna\n|-start|p2a: Ursaluna|Encore\n|move|p2a: Ursaluna|Calm Mind|p2a: Ursaluna\n|-boost|p2a: Ursaluna|spa|1\n|-boost|p2a: Ursaluna|spd|1\n|\n|-heal|p1a: Hammah|79\/100|[from] item: Leftovers\n|-heal|p2a: Ursaluna|57\/100|[from] item: Leftovers\n|upkeep\n|turn|21\n|\n|t:|1697815930\n|switch|p2a: Giratina|Giratina-Origin|88\/100\n|move|p1a: Hammah|Gigaton Hammer|p2a: Giratina\n|-damage|p2a: Giratina|34\/100\n|\n|-heal|p1a: Hammah|85\/100|[from] item: Leftovers\n|upkeep\n|turn|22\n|\n|t:|1697815941\n|switch|p2a: Ursaluna|Ursaluna-Bloodmoon, M|57\/100\n|move|p1a: Hammah|Knock Off|p2a: Ursaluna\n|-damage|p2a: Ursaluna|32\/100\n|-enditem|p2a: Ursaluna|Leftovers|[from] move: Knock Off|[of] p1a: Hammah\n|\n|-heal|p1a: Hammah|91\/100|[from] item: Leftovers\n|upkeep\n|turn|23\n|\n|t:|1697815950\n|move|p1a: Hammah|Gigaton Hammer|p2a: Ursaluna\n|-damage|p2a: Ursaluna|0 fnt\n|faint|p2a: Ursaluna\n|\n|-heal|p1a: Hammah|97\/100|[from] item: Leftovers\n|upkeep\n|\n|t:|1697815957\n|switch|p2a: Chien-Pao|Chien-Pao|100\/100\n|-ability|p2a: Chien-Pao|Sword of Ruin\n|turn|24\n|\n|t:|1697815964\n|move|p2a: Chien-Pao|Ice Spinner|p1a: Hammah\n|-resisted|p1a: Hammah\n|-damage|p1a: Hammah|69\/100\n|move|p1a: Hammah|Knock Off|p2a: Chien-Pao\n|-resisted|p2a: Chien-Pao\n|-damage|p2a: Chien-Pao|77\/100\n|-enditem|p2a: Chien-Pao|Heavy-Duty Boots|[from] move: Knock Off|[of] p1a: Hammah\n|\n|-heal|p1a: Hammah|75\/100|[from] item: Leftovers\n|upkeep\n|turn|25\n|\n|t:|1697815978\n|switch|p2a: Urshifu|Urshifu, F|100\/100\n|move|p1a: Hammah|Gigaton Hammer|p2a: Urshifu\n|-damage|p2a: Urshifu|21\/100\n|\n|-heal|p1a: Hammah|81\/100|[from] item: Leftovers\n|upkeep\n|turn|26\n|\n|t:|1697815988\n|move|p2a: Urshifu|Tera Blast|p1a: Hammah\n|-resisted|p1a: Hammah\n|-damage|p1a: Hammah|78\/100\n|move|p1a: Hammah|Knock Off|p2a: Urshifu\n|-resisted|p2a: Urshifu\n|-damage|p2a: Urshifu|13\/100\n|-enditem|p2a: Urshifu|Focus Sash|[from] move: Knock Off|[of] p1a: Hammah\n|\n|-heal|p1a: Hammah|84\/100|[from] item: Leftovers\n|upkeep\n|turn|27\n|\n|t:|1697816001\n|move|p2a: Urshifu|Close Combat|p1a: Hammah\n|-damage|p1a: Hammah|17\/100\n|-unboost|p2a: Urshifu|def|1\n|-unboost|p2a: Urshifu|spd|1\n|move|p1a: Hammah|Gigaton Hammer|p2a: Urshifu\n|-damage|p2a: Urshifu|0 fnt\n|faint|p2a: Urshifu\n|\n|-heal|p1a: Hammah|23\/100|[from] item: Leftovers\n|upkeep\n|\n|t:|1697816012\n|switch|p2a: Chien-Pao|Chien-Pao|77\/100\n|-ability|p2a: Chien-Pao|Sword of Ruin\n|turn|28\n|\n|t:|1697816018\n|move|p2a: Chien-Pao|Ice Spinner|p1a: Hammah\n|-resisted|p1a: Hammah\n|-damage|p1a: Hammah|0 fnt\n|faint|p1a: Hammah\n|\n|upkeep\n|\n|t:|1697816023\n|switch|p1a: Annihilape|Annihilape, M|100\/100\n|turn|29\n|\n|t:|1697816029\n|-terastallize|p1a: Annihilape|Fairy\n|move|p2a: Chien-Pao|Sucker Punch||[still]\n|-fail|p2a: Chien-Pao\n|move|p1a: Annihilape|Bulk Up|p1a: Annihilape\n|-boost|p1a: Annihilape|atk|1\n|-boost|p1a: Annihilape|def|1\n|\n|upkeep\n|turn|30\n|\n|t:|1697816039\n|move|p2a: Chien-Pao|Ice Spinner|p1a: Annihilape\n|-damage|p1a: Annihilape|65\/100\n|move|p1a: Annihilape|Drain Punch|p2a: Chien-Pao\n|-supereffective|p2a: Chien-Pao\n|-damage|p2a: Chien-Pao|0 fnt\n|-heal|p1a: Annihilape|93\/100|[from] drain|[of] p2a: Chien-Pao\n|faint|p2a: Chien-Pao\n|\n|-heal|p1a: Annihilape|99\/100|[from] item: Leftovers\n|upkeep\n|\n|t:|1697816049\n|switch|p2a: Giratina|Giratina-Origin|34\/100\n|turn|31\n|c|\u2606masterash|GG\n|\n|t:|1697816054\n|move|p1a: Annihilape|Rage Fist|p2a: Giratina\n|-supereffective|p2a: Giratina\n|-damage|p2a: Giratina|0 fnt\n|faint|p2a: Giratina\n|\n|win|masterash\n|raw|masterash's rating: 1119 &rarr; <strong>1137<\/strong><br \/>(+18 for winning)\n|raw|Anass_72o0's rating: 1019 &rarr; <strong>1010<\/strong><br \/>(-9 for losing)\n|l|\u2606Anass_72o0\n","uploadtime":1697816080,"views":38,"p1id":"masterash","p2id":"anass72o0","formatid":"gen9ubers","rating":1010,"private":0,"password":""}