{"id":"gen9ubers-1989316155","p1":"Lord_Cedric2811","p2":"Dark King_5","format":"[Gen 9] Ubers","log":"|j|\u2606Lord_Cedric2811\n|j|\u2606Dark King_5\n|t:|1699835505\n|gametype|singles\n|player|p1|Lord_Cedric2811|giovanni|1027\n|player|p2|Dark King_5|102|1113\n|teamsize|p1|6\n|teamsize|p2|6\n|gen|9\n|tier|[Gen 9] Ubers\n|rated|\n|rule|Sleep Clause Mod: Limit one foe put to sleep\n|rule|Species Clause: Limit one of each Pok\u00e9mon\n|rule|OHKO Clause: OHKO moves are banned\n|rule|Evasion Items Clause: Evasion items are banned\n|rule|Evasion Moves Clause: Evasion moves are banned\n|rule|Endless Battle Clause: Forcing endless battles is banned\n|rule|HP Percentage Mod: HP is shown in percentages\n|clearpoke\n|poke|p1|Hypno, F|\n|poke|p1|Arbok, F|\n|poke|p1|Ariados, F|\n|poke|p1|Glimmora, M|\n|poke|p1|Ceruledge, F|\n|poke|p1|Corviknight, M|\n|poke|p2|Dipplin, F|\n|poke|p2|Walking Wake|\n|poke|p2|Koraidon|\n|poke|p2|Goodra-Hisui, M|\n|poke|p2|Dragapult, F|\n|poke|p2|Flapple, M|\n|teampreview\n|\n|t:|1699835510\n|start\n|switch|p1a: Ariados|Ariados, F|100\/100\n|switch|p2a: Koraidon|Koraidon|100\/100\n|-weather|SunnyDay|[from] ability: Orichalcum Pulse|[of] p2a: Koraidon\n|-activate|p2a: Koraidon|Orichalcum Pulse|[source]\n|turn|1\n|inactive|Battle timer is ON: inactive players will automatically lose when time's up. (requested by Dark King_5)\n|\n|t:|1699835519\n|move|p2a: Koraidon|Swords Dance|p2a: Koraidon\n|-boost|p2a: Koraidon|atk|2\n|move|p1a: Ariados|Sticky Web|p2a: Koraidon\n|-sidestart|p2: Dark King_5|move: Sticky Web\n|\n|-weather|SunnyDay|[upkeep]\n|upkeep\n|turn|2\n|\n|t:|1699835525\n|move|p2a: Koraidon|Dragon Claw|p1a: Ariados\n|-enditem|p1a: Ariados|Focus Sash\n|-damage|p1a: Ariados|1\/100\n|move|p1a: Ariados|Poison Jab|p2a: Koraidon\n|-damage|p2a: Koraidon|66\/100\n|\n|-weather|SunnyDay|[upkeep]\n|upkeep\n|turn|3\n|\n|t:|1699835536\n|move|p2a: Koraidon|Collision Course|p1a: Ariados\n|-resisted|p1a: Ariados\n|-damage|p1a: Ariados|0 fnt\n|faint|p1a: Ariados\n|\n|-weather|SunnyDay|[upkeep]\n|upkeep\n|\n|t:|1699835544\n|switch|p1a: Glimmora|Glimmora, M|100\/100\n|turn|4\n|\n|t:|1699835548\n|move|p2a: Koraidon|Collision Course|p1a: Glimmora\n|-enditem|p1a: Glimmora|Focus Sash\n|-damage|p1a: Glimmora|1\/100\n|-activate|p1a: Glimmora|ability: Toxic Debris\n|-sidestart|p2: Dark King_5|move: Toxic Spikes\n|move|p1a: Glimmora|Stealth Rock|p2a: Koraidon\n|-sidestart|p2: Dark King_5|move: Stealth Rock\n|\n|-weather|SunnyDay|[upkeep]\n|upkeep\n|turn|5\n|\n|t:|1699835558\n|move|p2a: Koraidon|Collision Course|p1a: Glimmora\n|-damage|p1a: Glimmora|0 fnt\n|-activate|p1a: Glimmora|ability: Toxic Debris\n|-sidestart|p2: Dark King_5|move: Toxic Spikes\n|faint|p1a: Glimmora\n|\n|-weather|SunnyDay|[upkeep]\n|upkeep\n|\n|t:|1699835568\n|switch|p1a: Hypno|Hypno, F|100\/100\n|turn|6\n|\n|t:|1699835573\n|-terastallize|p1a: Hypno|Fairy\n|move|p2a: Koraidon|Dragon Claw|p1a: Hypno\n|-immune|p1a: Hypno\n|move|p1a: Hypno|Draining Kiss|p2a: Koraidon\n|-supereffective|p2a: Koraidon\n|-damage|p2a: Koraidon|0 fnt\n|faint|p2a: Koraidon\n|\n|-weather|SunnyDay|[upkeep]\n|upkeep\n|\n|t:|1699835582\n|switch|p2a: Goodra|Goodra-Hisui, M|100\/100\n|-activate|p2a: Goodra|move: Sticky Web\n|-unboost|p2a: Goodra|spe|1\n|-damage|p2a: Goodra|94\/100|[from] Stealth Rock\n|turn|7\n|\n|t:|1699835590\n|move|p1a: Hypno|Substitute|p1a: Hypno\n|-start|p1a: Hypno|Substitute\n|-damage|p1a: Hypno|76\/100\n|move|p2a: Goodra|Heavy Slam|p1a: Hypno\n|-supereffective|p1a: Hypno\n|-end|p1a: Hypno|Substitute\n|\n|-weather|SunnyDay|[upkeep]\n|-heal|p1a: Hypno|82\/100|[from] item: Leftovers\n|upkeep\n|turn|8\n|\n|t:|1699835601\n|move|p1a: Hypno|Psychic|p2a: Goodra\n|-resisted|p2a: Goodra\n|-damage|p2a: Goodra|87\/100\n|move|p2a: Goodra|Heavy Slam|p1a: Hypno\n|-supereffective|p1a: Hypno\n|-damage|p1a: Hypno|0 fnt\n|faint|p1a: Hypno\n|\n|-weather|none\n|upkeep\n|\n|t:|1699835612\n|switch|p1a: Ceruledge|Ceruledge, F|100\/100\n|turn|9\n|\n|t:|1699835615\n|move|p1a: Ceruledge|Swords Dance|p1a: Ceruledge\n|-boost|p1a: Ceruledge|atk|2\n|move|p2a: Goodra|Earthquake|p1a: Ceruledge\n|-supereffective|p1a: Ceruledge\n|-damage|p1a: Ceruledge|8\/100\n|-ability|p1a: Ceruledge|Weak Armor|boost\n|-unboost|p1a: Ceruledge|def|1\n|-boost|p1a: Ceruledge|spe|2\n|\n|upkeep\n|turn|10\n|\n|t:|1699835625\n|move|p1a: Ceruledge|Bitter Blade|p2a: Goodra\n|-damage|p2a: Goodra|10\/100\n|-heal|p1a: Ceruledge|56\/100|[from] drain|[of] p2a: Goodra\n|move|p2a: Goodra|Dragon Tail|p1a: Ceruledge\n|-damage|p1a: Ceruledge|0 fnt\n|faint|p1a: Ceruledge\n|\n|upkeep\n|\n|t:|1699835633\n|switch|p1a: Corviknight|Corviknight, M|100\/100\n|turn|11\n|\n|t:|1699835638\n|move|p1a: Corviknight|Body Press|p2a: Goodra\n|-supereffective|p2a: Goodra\n|-damage|p2a: Goodra|0 fnt\n|faint|p2a: Goodra\n|\n|upkeep\n|\n|t:|1699835647\n|switch|p2a: Dragapult|Dragapult, F|100\/100\n|-activate|p2a: Dragapult|move: Sticky Web\n|-fail|p2a: Dragapult|unboost|[from] ability: Clear Body|[of] p2a: Dragapult\n|-status|p2a: Dragapult|tox\n|-damage|p2a: Dragapult|88\/100 tox|[from] Stealth Rock\n|turn|12\n|\n|t:|1699835657\n|move|p2a: Dragapult|Flamethrower|p1a: Corviknight\n|-supereffective|p1a: Corviknight\n|-damage|p1a: Corviknight|60\/100\n|move|p1a: Corviknight|Bulk Up|p1a: Corviknight\n|-boost|p1a: Corviknight|atk|1\n|-boost|p1a: Corviknight|def|1\n|\n|-heal|p1a: Corviknight|66\/100|[from] item: Leftovers\n|-damage|p2a: Dragapult|82\/100 tox|[from] psn\n|upkeep\n|turn|13\n|\n|t:|1699835667\n|move|p2a: Dragapult|Flamethrower|p1a: Corviknight\n|-supereffective|p1a: Corviknight\n|-damage|p1a: Corviknight|25\/100\n|-status|p1a: Corviknight|brn\n|move|p1a: Corviknight|Brave Bird|p2a: Dragapult\n|-damage|p2a: Dragapult|21\/100 tox\n|-damage|p1a: Corviknight|9\/100 brn|[from] Recoil\n|\n|-heal|p1a: Corviknight|15\/100 brn|[from] item: Leftovers\n|-damage|p2a: Dragapult|9\/100 tox|[from] psn\n|-damage|p1a: Corviknight|9\/100 brn|[from] brn\n|upkeep\n|turn|14\n|\n|t:|1699835681\n|move|p2a: Dragapult|Sucker Punch|p1a: Corviknight\n|-damage|p1a: Corviknight|0 fnt\n|faint|p1a: Corviknight\n|\n|-damage|p2a: Dragapult|0 fnt|[from] psn\n|faint|p2a: Dragapult\n|upkeep\n|\n|t:|1699835688\n|switch|p2a: Walking Wake|Walking Wake|100\/100\n|switch|p1a: Arbok|Arbok, F, shiny|100\/100\n|-activate|p2a: Walking Wake|move: Sticky Web\n|-unboost|p2a: Walking Wake|spe|1\n|-status|p2a: Walking Wake|tox\n|-damage|p2a: Walking Wake|88\/100 tox|[from] Stealth Rock\n|-ability|p1a: Arbok|Intimidate|boost\n|-unboost|p2a: Walking Wake|atk|1\n|turn|15\n|\n|t:|1699835699\n|move|p2a: Walking Wake|Draco Meteor|p1a: Arbok\n|-damage|p1a: Arbok|0 fnt\n|-unboost|p2a: Walking Wake|spa|2\n|faint|p1a: Arbok\n|\n|win|Dark King_5\n|raw|Lord_Cedric2811's rating: 1027 &rarr; <strong>1016<\/strong><br \/>(-11 for losing)\n|raw|Dark King_5's rating: 1113 &rarr; <strong>1132<\/strong><br \/>(+19 for winning)\n|l|\u2606Lord_Cedric2811\n","uploadtime":1699835712,"views":23,"p1id":"lordcedric2811","p2id":"darkking5","formatid":"gen9ubers","rating":1016,"private":0,"password":""}