{"id":"gen9ubers-1994083168","p1":"Otteroreo","p2":"Shadowheart05","format":"[Gen 9] Ubers","log":"|j|\u2606Otteroreo\n|j|\u2606Shadowheart05\n|t:|1700404681\n|gametype|singles\n|player|p1|Otteroreo|karen|\n|player|p2|Shadowheart05|clerkf|\n|teamsize|p1|6\n|teamsize|p2|6\n|gen|9\n|tier|[Gen 9] Ubers\n|rule|Sleep Clause Mod: Limit one foe put to sleep\n|rule|Species Clause: Limit one of each Pok\u00e9mon\n|rule|OHKO Clause: OHKO moves are banned\n|rule|Evasion Items Clause: Evasion items are banned\n|rule|Evasion Moves Clause: Evasion moves are banned\n|rule|Endless Battle Clause: Forcing endless battles is banned\n|rule|HP Percentage Mod: HP is shown in percentages\n|clearpoke\n|poke|p1|Torkoal, M|\n|poke|p1|Kingambit, M|\n|poke|p1|Roaring Moon|\n|poke|p1|Mismagius, M|\n|poke|p1|Scream Tail|\n|poke|p1|Rotom-Wash|\n|poke|p2|Zapdos|\n|poke|p2|Arcanine-Hisui, M|\n|poke|p2|Qwilfish, M|\n|poke|p2|Haxorus, M|\n|poke|p2|Mew|\n|poke|p2|Lilligant-Hisui, F|\n|teampreview\n|\n|t:|1700404711\n|start\n|switch|p1a: Sunset|Rotom-Wash, shiny|100\/100\n|switch|p2a: Qwilfish|Qwilfish, M|100\/100\n|-ability|p2a: Qwilfish|Intimidate|boost\n|-unboost|p1a: Sunset|atk|1\n|turn|1\n|j| Spitfire490\n|\n|t:|1700404735\n|move|p2a: Qwilfish|Spikes|p1a: Sunset\n|-sidestart|p1: Otteroreo|Spikes\n|move|p1a: Sunset|Volt Switch|p2a: Qwilfish\n|-supereffective|p2a: Qwilfish\n|-damage|p2a: Qwilfish|24\/100\n|\n|t:|1700404740\n|switch|p1a: Laokrot|Torkoal, M|100\/100|[from] Volt Switch\n|-damage|p1a: Laokrot|88\/100|[from] Spikes\n|-weather|SunnyDay|[from] ability: Drought|[of] p1a: Laokrot\n|\n|-weather|SunnyDay|[upkeep]\n|upkeep\n|turn|2\n|c|\u2606Shadowheart05|!data Roaring moon\n|raw|<div class=\"message\"><ul class=\"utilichart\"><li class=\"result\"><span class=\"col numcol\">Uber<\/span> <span class=\"col iconcol\"><psicon pokemon=\"roaringmoon\"\/><\/span> <span class=\"col pokemonnamecol\" style=\"white-space:nowrap\"><a href=\"https:\/\/dex.pokemonshowdown.com\/pokemon\/roaringmoon\" target=\"_blank\">Roaring Moon<\/a><\/span> <span class=\"col typecol\"><img src=\"https:\/\/play.pokemonshowdown.com\/sprites\/types\/Dragon.png\" alt=\"Dragon\" height=\"14\" width=\"32\"><img src=\"https:\/\/play.pokemonshowdown.com\/sprites\/types\/Dark.png\" alt=\"Dark\" height=\"14\" width=\"32\"><\/span> <span style=\"float:left;min-height:26px\"><span class=\"col abilitycol\">Protosynthesis<\/span><span class=\"col abilitycol\"><\/span><\/span><span style=\"float:left;min-height:26px\"><span class=\"col statcol\"><em>HP<\/em><br \/>105<\/span> <span class=\"col statcol\"><em>Atk<\/em><br \/>139<\/span> <span class=\"col statcol\"><em>Def<\/em><br \/>71<\/span> <span class=\"col statcol\"><em>SpA<\/em><br \/>55<\/span> <span class=\"col statcol\"><em>SpD<\/em><br \/>101<\/span> <span class=\"col statcol\"><em>Spe<\/em><br \/>119<\/span> <span class=\"col bstcol\"><em>BST<br \/>590<\/em><\/span> <\/span><\/li><li style=\"clear:both\"><\/li><\/ul><\/div>\n\n|\n|t:|1700404783\n|move|p2a: Qwilfish|Thunder Wave|p1a: Laokrot\n|-status|p1a: Laokrot|par\n|move|p1a: Laokrot|Stealth Rock|p2a: Qwilfish\n|-sidestart|p2: Shadowheart05|move: Stealth Rock\n|\n|-weather|SunnyDay|[upkeep]\n|upkeep\n|turn|3\n|\n|t:|1700404791\n|move|p2a: Qwilfish|Spikes|p1a: Laokrot\n|-sidestart|p1: Otteroreo|Spikes\n|cant|p1a: Laokrot|par\n|\n|-weather|SunnyDay|[upkeep]\n|upkeep\n|turn|4\n|\n|t:|1700404798\n|move|p2a: Qwilfish|Destiny Bond|p2a: Qwilfish\n|-singlemove|p2a: Qwilfish|Destiny Bond\n|move|p1a: Laokrot|Yawn|p2a: Qwilfish\n|-start|p2a: Qwilfish|move: Yawn|[of] p1a: Laokrot\n|\n|-weather|SunnyDay|[upkeep]\n|upkeep\n|turn|5\n|\n|t:|1700404810\n|move|p2a: Qwilfish|Spikes|p1a: Laokrot\n|-sidestart|p1: Otteroreo|Spikes\n|move|p1a: Laokrot|Rapid Spin|p2a: Qwilfish\n|-crit|p2a: Qwilfish\n|-damage|p2a: Qwilfish|8\/100\n|-boost|p1a: Laokrot|spe|1\n|-sideend|p1: Otteroreo|Spikes|[from] move: Rapid Spin|[of] p1a: Laokrot\n|\n|-weather|SunnyDay|[upkeep]\n|-end|p2a: Qwilfish|move: Yawn|[silent]\n|-status|p2a: Qwilfish|slp\n|upkeep\n|turn|6\n|\n|t:|1700404815\n|cant|p2a: Qwilfish|slp\n|cant|p1a: Laokrot|par\n|\n|-weather|SunnyDay|[upkeep]\n|upkeep\n|turn|7\n|\n|t:|1700404819\n|cant|p2a: Qwilfish|slp\n|move|p1a: Laokrot|Lava Plume|p2a: Qwilfish\n|-resisted|p2a: Qwilfish\n|-damage|p2a: Qwilfish|0 fnt\n|faint|p2a: Qwilfish\n|\n|-weather|SunnyDay|[upkeep]\n|upkeep\n|\n|t:|1700404837\n|switch|p2a: Haxorus|Haxorus, M|100\/100\n|-damage|p2a: Haxorus|88\/100|[from] Stealth Rock\n|-ability|p2a: Haxorus|Mold Breaker\n|turn|8\n|\n|t:|1700404875\n|move|p2a: Haxorus|Iron Head|p1a: Laokrot\n|-resisted|p1a: Laokrot\n|-damage|p1a: Laokrot|77\/100 par\n|move|p1a: Laokrot|Yawn|p2a: Haxorus\n|-start|p2a: Haxorus|move: Yawn|[of] p1a: Laokrot\n|\n|-weather|none\n|upkeep\n|turn|9\n|j| ofmon777\n|\n|t:|1700404883\n|switch|p2a: Zapdos|Zapdos|100\/100\n|-ability|p2a: Zapdos|Pressure\n|switch|p1a: Sunset|Rotom-Wash, shiny|100\/100\n|\n|upkeep\n|turn|10\n|\n|t:|1700404890\n|move|p1a: Sunset|Protect|p1a: Sunset\n|-singleturn|p1a: Sunset|Protect\n|move|p2a: Zapdos|Thunderbolt|p1a: Sunset\n|-activate|p1a: Sunset|move: Protect\n|\n|upkeep\n|turn|11\n|\n|t:|1700404896\n|move|p2a: Zapdos|Thunderbolt|p1a: Sunset\n|-damage|p1a: Sunset|63\/100\n|move|p1a: Sunset|Volt Switch|p2a: Zapdos\n|-damage|p2a: Zapdos|78\/100\n|\n|t:|1700404910\n|switch|p1a: Laokrot|Torkoal, M|77\/100 par|[from] Volt Switch\n|-weather|SunnyDay|[from] ability: Drought|[of] p1a: Laokrot\n|\n|-weather|SunnyDay|[upkeep]\n|upkeep\n|turn|12\n|\n|t:|1700404917\n|switch|p1a: Rawring Moon|Roaring Moon, shiny|100\/100\n|-activate|p1a: Rawring Moon|ability: Protosynthesis\n|-start|p1a: Rawring Moon|protosynthesisspe\n|move|p2a: Zapdos|Thunderbolt|p1a: Rawring Moon\n|-resisted|p1a: Rawring Moon\n|-damage|p1a: Rawring Moon|77\/100\n|\n|-weather|SunnyDay|[upkeep]\n|upkeep\n|turn|13\n|c|\u2606Shadowheart05|!data Protosynthesis\n|raw|<ul class=\"utilichart\"><li class=\"result\"><span class=\"col namecol\"><a href=\"https:\/\/dex.pokemonshowdown.com\/abilities\/protosynthesis\">Protosynthesis<\/a><\/span> <span class=\"col abilitydesccol\">Sunny Day active or Booster Energy used: highest stat is 1.3x, or 1.5x if Speed.<\/span> <\/li><li style=\"clear:both\"><\/li><\/ul>\n\n|c|\u2606Otteroreo|ofmon o\/\n|\n|t:|1700404968\n|move|p1a: Rawring Moon|Knock Off|p2a: Zapdos\n|-damage|p2a: Zapdos|0 fnt\n|-enditem|p2a: Zapdos|Heavy-Duty Boots|[from] move: Knock Off|[of] p1a: Rawring Moon\n|faint|p2a: Zapdos\n|\n|-weather|SunnyDay|[upkeep]\n|upkeep\n|\n|t:|1700404980\n|switch|p2a: Lilligant|Lilligant-Hisui, F|100\/100\n|-damage|p2a: Lilligant|94\/100|[from] Stealth Rock\n|turn|14\n|\n|t:|1700404985\n|-end|p1a: Rawring Moon|Protosynthesis|[silent]\n|switch|p1a: The Sunwitch|Mismagius, M|100\/100\n|move|p2a: Lilligant|Close Combat|p1a: The Sunwitch\n|-immune|p1a: The Sunwitch\n|\n|-weather|SunnyDay|[upkeep]\n|upkeep\n|turn|15\n|\n|t:|1700404993\n|switch|p2a: Arcanine|Arcanine-Hisui, M|100\/100\n|-damage|p2a: Arcanine|76\/100|[from] Stealth Rock\n|-ability|p2a: Arcanine|Intimidate|boost\n|-unboost|p1a: The Sunwitch|atk|1\n|-terastallize|p1a: The Sunwitch|Fire\n|move|p1a: The Sunwitch|Tera Blast|p2a: Arcanine|[anim] Tera Blast Fire\n|-resisted|p2a: Arcanine\n|-damage|p2a: Arcanine|52\/100\n|\n|-weather|SunnyDay|[upkeep]\n|-heal|p2a: Arcanine|58\/100|[from] item: Leftovers\n|upkeep\n|turn|16\n|\n|t:|1700405007\n|switch|p1a: Sunset|Rotom-Wash, shiny|63\/100\n|move|p2a: Arcanine|Morning Sun|p2a: Arcanine\n|-heal|p2a: Arcanine|100\/100\n|\n|-weather|SunnyDay|[upkeep]\n|-heal|p1a: Sunset|69\/100|[from] item: Leftovers\n|upkeep\n|turn|17\n|\n|t:|1700405018\n|move|p2a: Arcanine|Head Smash|p1a: Sunset\n|-damage|p1a: Sunset|0 fnt\n|faint|p1a: Sunset\n|-damage|p2a: Arcanine|72\/100|[from] Recoil\n|\n|-weather|SunnyDay|[upkeep]\n|-heal|p2a: Arcanine|78\/100|[from] item: Leftovers\n|upkeep\n|\n|t:|1700405024\n|switch|p1a: Rawring Moon|Roaring Moon, shiny|77\/100\n|-activate|p1a: Rawring Moon|ability: Protosynthesis\n|-start|p1a: Rawring Moon|protosynthesisspe\n|turn|18\n|\n|t:|1700405040\n|move|p1a: Rawring Moon|Earthquake|p2a: Arcanine\n|-supereffective|p2a: Arcanine\n|-damage|p2a: Arcanine|0 fnt\n|faint|p2a: Arcanine\n|\n|-weather|none\n|-end|p1a: Rawring Moon|Protosynthesis\n|upkeep\n|\n|t:|1700405054\n|switch|p2a: Mew|Mew|100\/100\n|-damage|p2a: Mew|88\/100|[from] Stealth Rock\n|turn|19\n|\n|t:|1700405058\n|-end|p1a: Rawring Moon|Protosynthesis|[silent]\n|switch|p1a: Laokrot|Torkoal, M|77\/100 par\n|-weather|SunnyDay|[from] ability: Drought|[of] p1a: Laokrot\n|move|p2a: Mew|Will-O-Wisp|p1a: Laokrot|[miss]\n|-miss|p2a: Mew|p1a: Laokrot\n|\n|-weather|SunnyDay|[upkeep]\n|-heal|p2a: Mew|94\/100|[from] item: Leftovers\n|upkeep\n|turn|20\n|\n|t:|1700405067\n|switch|p1a: The Sunwitch|Mismagius, M, tera:Fire|100\/100\n|move|p2a: Mew|Taunt|p1a: The Sunwitch\n|-start|p1a: The Sunwitch|move: Taunt\n|\n|-weather|SunnyDay|[upkeep]\n|-heal|p2a: Mew|100\/100|[from] item: Leftovers\n|upkeep\n|turn|21\n|\n|t:|1700405072\n|move|p1a: The Sunwitch|Tera Blast|p2a: Mew|[anim] Tera Blast Fire\n|-damage|p2a: Mew|48\/100\n|move|p2a: Mew|Knock Off|p1a: The Sunwitch\n|-damage|p1a: The Sunwitch|60\/100\n|-enditem|p1a: The Sunwitch|Choice Specs|[from] move: Knock Off|[of] p2a: Mew\n|\n|-weather|SunnyDay|[upkeep]\n|-heal|p2a: Mew|54\/100|[from] item: Leftovers\n|upkeep\n|turn|22\n|\n|t:|1700405079\n|move|p1a: The Sunwitch|Shadow Ball|p2a: Mew\n|-supereffective|p2a: Mew\n|-damage|p2a: Mew|6\/100\n|-unboost|p2a: Mew|spd|1\n|move|p2a: Mew|Knock Off|p1a: The Sunwitch\n|-damage|p1a: The Sunwitch|28\/100\n|\n|-weather|SunnyDay|[upkeep]\n|-heal|p2a: Mew|12\/100|[from] item: Leftovers\n|-end|p1a: The Sunwitch|move: Taunt\n|upkeep\n|turn|23\n|\n|t:|1700405083\n|move|p1a: The Sunwitch|Dazzling Gleam|p2a: Mew\n|-damage|p2a: Mew|0 fnt\n|faint|p2a: Mew\n|\n|-weather|SunnyDay|[upkeep]\n|upkeep\n|\n|t:|1700405093\n|switch|p2a: Lilligant|Lilligant-Hisui, F|94\/100\n|-damage|p2a: Lilligant|88\/100|[from] Stealth Rock\n|turn|24\n|\n|t:|1700405111\n|move|p2a: Lilligant|Solar Blade||[still]\n|-prepare|p2a: Lilligant|Solar Blade\n|-anim|p2a: Lilligant|Solar Blade|p1a: The Sunwitch\n|-resisted|p1a: The Sunwitch\n|-damage|p1a: The Sunwitch|0 fnt\n|faint|p1a: The Sunwitch\n|\n|-weather|SunnyDay|[upkeep]\n|upkeep\n|\n|t:|1700405118\n|switch|p1a: Rawring Moon|Roaring Moon, shiny|77\/100\n|-activate|p1a: Rawring Moon|ability: Protosynthesis\n|-start|p1a: Rawring Moon|protosynthesisspe\n|turn|25\n|\n|t:|1700405123\n|move|p2a: Lilligant|Solar Blade||[still]\n|-prepare|p2a: Lilligant|Solar Blade\n|-anim|p2a: Lilligant|Solar Blade|p1a: Rawring Moon\n|-resisted|p1a: Rawring Moon\n|-damage|p1a: Rawring Moon|17\/100\n|move|p1a: Rawring Moon|Outrage|p2a: Lilligant\n|-damage|p2a: Lilligant|0 fnt\n|faint|p2a: Lilligant\n|\n|-weather|SunnyDay|[upkeep]\n|upkeep\n|\n|t:|1700405127\n|switch|p2a: Haxorus|Haxorus, M|88\/100\n|-damage|p2a: Haxorus|76\/100|[from] Stealth Rock\n|-ability|p2a: Haxorus|Mold Breaker\n|turn|26\n|c|\u2606Otteroreo|ggwp\n|c| Spitfire490|Smh\n|\n|t:|1700405145\n|move|p1a: Rawring Moon|Outrage|p2a: Haxorus|[from]lockedmove\n|-supereffective|p2a: Haxorus\n|-damage|p2a: Haxorus|0 fnt\n|faint|p2a: Haxorus\n|-start|p1a: Rawring Moon|confusion|[fatigue]\n|\n|win|Otteroreo\n|c|\u2606Shadowheart05|;-;\n|c|\u2606Shadowheart05|gg wp\n|c|\u2606Otteroreo|sorry :c\n","uploadtime":1700405164,"views":28,"p1id":"otteroreo","p2id":"shadowheart05","formatid":"gen9ubers","rating":0,"private":0,"password":""}