{"id":"gen9ubers-1973983793","p1":"Blake-Mamba","p2":"Tofdapost","format":"[Gen 9] Ubers","log":"|j|\u2606Blake-Mamba\n|j|\u2606Tofdapost\n|t:|1698036704\n|gametype|singles\n|player|p1|Blake-Mamba|juan|1219\n|player|p2|Tofdapost|102|1051\n|teamsize|p1|6\n|teamsize|p2|6\n|gen|9\n|tier|[Gen 9] Ubers\n|rated|\n|rule|Sleep Clause Mod: Limit one foe put to sleep\n|rule|Species Clause: Limit one of each Pok\u00e9mon\n|rule|OHKO Clause: OHKO moves are banned\n|rule|Evasion Items Clause: Evasion items are banned\n|rule|Evasion Moves Clause: Evasion moves are banned\n|rule|Endless Battle Clause: Forcing endless battles is banned\n|rule|HP Percentage Mod: HP is shown in percentages\n|clearpoke\n|poke|p1|Ogerpon-Hearthflame, F|\n|poke|p1|Vikavolt, M|\n|poke|p1|Kommo-o, F|\n|poke|p1|Ursaluna-Bloodmoon, M|\n|poke|p1|Yanmega, F|\n|poke|p1|Chandelure, M|\n|poke|p2|Meowscarada, F|\n|poke|p2|Clodsire, F|\n|poke|p2|Volcarona, F|\n|poke|p2|Ninetales-Alola, F|\n|poke|p2|Slowbro, M|\n|poke|p2|Annihilape, M|\n|teampreview\n|\n|t:|1698036711\n|start\n|switch|p1a: Vikavolt|Vikavolt, M|100\/100\n|switch|p2a: Ninetales|Ninetales-Alola, F|100\/100\n|-weather|Snow|[from] ability: Snow Warning|[of] p2a: Ninetales\n|turn|1\n|inactive|Battle timer is ON: inactive players will automatically lose when time's up. (requested by Blake-Mamba)\n|-activate|p1a: Vikavolt|item: Quick Claw\n|\n|t:|1698036719\n|move|p1a: Vikavolt|Sticky Web|p2a: Ninetales\n|-sidestart|p2: Tofdapost|move: Sticky Web\n|move|p2a: Ninetales|Aurora Veil|p2a: Ninetales\n|-sidestart|p2: Tofdapost|move: Aurora Veil\n|\n|-weather|Snow|[upkeep]\n|upkeep\n|turn|2\n|\n|t:|1698036726\n|move|p2a: Ninetales|Encore|p1a: Vikavolt\n|-start|p1a: Vikavolt|Encore\n|move|p1a: Vikavolt|Sticky Web||[still]\n|-fail|p1a: Vikavolt\n|\n|-weather|Snow|[upkeep]\n|upkeep\n|turn|3\n|\n|t:|1698036734\n|switch|p1a: Chandelure|Chandelure, M|100\/100\n|move|p2a: Ninetales|Freeze-Dry|p1a: Chandelure\n|-resisted|p1a: Chandelure\n|-damage|p1a: Chandelure|86\/100\n|\n|-weather|Snow|[upkeep]\n|upkeep\n|turn|4\n|\n|t:|1698036742\n|move|p1a: Chandelure|Overheat|p2a: Ninetales\n|-supereffective|p2a: Ninetales\n|-crit|p2a: Ninetales\n|-damage|p2a: Ninetales|0 fnt\n|-unboost|p1a: Chandelure|spa|2\n|faint|p2a: Ninetales\n|\n|-weather|Snow|[upkeep]\n|upkeep\n|\n|t:|1698036766\n|switch|p2a: Clodsire|Clodsire, F|100\/100\n|-activate|p2a: Clodsire|move: Sticky Web\n|-unboost|p2a: Clodsire|spe|1\n|turn|5\n|\n|t:|1698036779\n|switch|p1a: Ursaluna|Ursaluna-Bloodmoon, M|100\/100\n|move|p2a: Clodsire|Toxic|p1a: Ursaluna\n|-status|p1a: Ursaluna|tox\n|\n|-weather|none\n|-damage|p1a: Ursaluna|94\/100 tox|[from] psn\n|upkeep\n|turn|6\n|\n|t:|1698036788\n|move|p1a: Ursaluna|Earth Power|p2a: Clodsire\n|-supereffective|p2a: Clodsire\n|-damage|p2a: Clodsire|71\/100\n|move|p2a: Clodsire|Yawn||[still]\n|-fail|p2a: Clodsire\n|\n|-heal|p1a: Ursaluna|100\/100 tox|[from] item: Leftovers\n|-heal|p2a: Clodsire|77\/100|[from] item: Leftovers\n|-damage|p1a: Ursaluna|88\/100 tox|[from] psn\n|upkeep\n|turn|7\n|c|\u2606Tofdapost|misclick lol\n|\n|t:|1698036803\n|move|p1a: Ursaluna|Earth Power|p2a: Clodsire\n|-supereffective|p2a: Clodsire\n|-damage|p2a: Clodsire|50\/100\n|move|p2a: Clodsire|Earthquake|p1a: Ursaluna\n|-damage|p1a: Ursaluna|69\/100 tox\n|\n|-heal|p1a: Ursaluna|75\/100 tox|[from] item: Leftovers\n|-heal|p2a: Clodsire|56\/100|[from] item: Leftovers\n|-damage|p1a: Ursaluna|56\/100 tox|[from] psn\n|upkeep\n|turn|8\n|\n|t:|1698036814\n|move|p1a: Ursaluna|Blood Moon|p2a: Clodsire\n|-damage|p2a: Clodsire|35\/100\n|move|p2a: Clodsire|Recover|p2a: Clodsire\n|-heal|p2a: Clodsire|85\/100\n|\n|-heal|p1a: Ursaluna|62\/100 tox|[from] item: Leftovers\n|-heal|p2a: Clodsire|92\/100|[from] item: Leftovers\n|-damage|p1a: Ursaluna|38\/100 tox|[from] psn\n|-sideend|p2: Tofdapost|move: Aurora Veil\n|upkeep\n|turn|9\n|\n|t:|1698036827\n|move|p1a: Ursaluna|Earth Power|p2a: Clodsire\n|-supereffective|p2a: Clodsire\n|-damage|p2a: Clodsire|35\/100\n|-unboost|p2a: Clodsire|spd|1\n|move|p2a: Clodsire|Earthquake|p1a: Ursaluna\n|-damage|p1a: Ursaluna|18\/100 tox\n|\n|-heal|p1a: Ursaluna|25\/100 tox|[from] item: Leftovers\n|-heal|p2a: Clodsire|41\/100|[from] item: Leftovers\n|-damage|p1a: Ursaluna|0 fnt|[from] psn\n|faint|p1a: Ursaluna\n|upkeep\n|\n|t:|1698036844\n|switch|p1a: Yanmega|Yanmega, F, shiny|100\/100\n|turn|10\n|\n|t:|1698036857\n|move|p1a: Yanmega|Air Slash|p2a: Clodsire\n|-damage|p2a: Clodsire|8\/100\n|move|p2a: Clodsire|Yawn|p1a: Yanmega\n|-start|p1a: Yanmega|move: Yawn|[of] p2a: Clodsire\n|\n|-heal|p2a: Clodsire|15\/100|[from] item: Leftovers\n|-ability|p1a: Yanmega|Speed Boost|boost\n|-boost|p1a: Yanmega|spe|1\n|upkeep\n|turn|11\n|\n|t:|1698036872\n|switch|p2a: Slowbro|Slowbro, M|100\/100\n|move|p1a: Yanmega|Air Slash|p2a: Slowbro\n|-damage|p2a: Slowbro|59\/100\n|\n|-end|p1a: Yanmega|move: Yawn|[silent]\n|-status|p1a: Yanmega|slp\n|-ability|p1a: Yanmega|Speed Boost|boost\n|-boost|p1a: Yanmega|spe|1\n|upkeep\n|turn|12\n|\n|t:|1698036884\n|cant|p1a: Yanmega|slp\n|move|p2a: Slowbro|Calm Mind|p2a: Slowbro\n|-boost|p2a: Slowbro|spa|1\n|-boost|p2a: Slowbro|spd|1\n|\n|-ability|p1a: Yanmega|Speed Boost|boost\n|-boost|p1a: Yanmega|spe|1\n|upkeep\n|turn|13\n|\n|t:|1698036892\n|cant|p1a: Yanmega|slp\n|move|p2a: Slowbro|Calm Mind|p2a: Slowbro\n|-boost|p2a: Slowbro|spa|1\n|-boost|p2a: Slowbro|spd|1\n|\n|-ability|p1a: Yanmega|Speed Boost|boost\n|-boost|p1a: Yanmega|spe|1\n|upkeep\n|turn|14\n|\n|t:|1698036900\n|-curestatus|p1a: Yanmega|slp|[msg]\n|move|p1a: Yanmega|Bug Buzz|p2a: Slowbro\n|-supereffective|p2a: Slowbro\n|-crit|p2a: Slowbro\n|-damage|p2a: Slowbro|0 fnt\n|faint|p2a: Slowbro\n|\n|-ability|p1a: Yanmega|Speed Boost|boost\n|-boost|p1a: Yanmega|spe|1\n|upkeep\n|\n|t:|1698036918\n|switch|p2a: Annihilape|Annihilape, M|100\/100\n|-activate|p2a: Annihilape|move: Sticky Web\n|-unboost|p2a: Annihilape|spe|1\n|-ability|p2a: Annihilape|Defiant|boost\n|-boost|p2a: Annihilape|atk|2\n|turn|15\n|\n|t:|1698036927\n|-terastallize|p2a: Annihilape|Water\n|move|p1a: Yanmega|Air Slash|p2a: Annihilape|[miss]\n|-miss|p1a: Yanmega|p2a: Annihilape\n|move|p2a: Annihilape|Rage Fist|p1a: Yanmega\n|-damage|p1a: Yanmega|49\/100\n|\n|-ability|p1a: Yanmega|Speed Boost|boost\n|-boost|p1a: Yanmega|spe|1\n|upkeep\n|turn|16\n|\n|t:|1698036937\n|move|p1a: Yanmega|Giga Drain|p2a: Annihilape\n|-supereffective|p2a: Annihilape\n|-damage|p2a: Annihilape|54\/100\n|-heal|p1a: Yanmega|75\/100|[from] drain|[of] p2a: Annihilape\n|move|p2a: Annihilape|Rage Fist|p1a: Yanmega\n|-crit|p1a: Yanmega\n|-damage|p1a: Yanmega|0 fnt\n|faint|p1a: Yanmega\n|\n|-heal|p2a: Annihilape|60\/100|[from] item: Leftovers\n|upkeep\n|\n|t:|1698036949\n|switch|p1a: Ogerpon|Ogerpon-Hearthflame, F|100\/100\n|-ability|p1a: Ogerpon|Mold Breaker\n|turn|17\n|\n|t:|1698036960\n|-terastallize|p1a: Ogerpon|Fire\n|detailschange|p1a: Ogerpon|Ogerpon-Hearthflame-Tera, F, tera:Fire\n|-ability|p1a: Ogerpon|Embody Aspect (Hearthflame)|boost\n|-boost|p1a: Ogerpon|atk|1\n|move|p1a: Ogerpon|Horn Leech|p2a: Annihilape\n|-supereffective|p2a: Annihilape\n|-damage|p2a: Annihilape|0 fnt\n|faint|p2a: Annihilape\n|\n|upkeep\n|\n|t:|1698036975\n|switch|p2a: Volcarona|Volcarona, F|100\/100\n|turn|18\n|\n|t:|1698036984\n|move|p1a: Ogerpon|Ivy Cudgel|p2a: Volcarona\n|-damage|p2a: Volcarona|0 fnt\n|faint|p2a: Volcarona\n|\n|upkeep\n|\n|t:|1698036989\n|switch|p2a: Meowscarada|Meowscarada, F|100\/100\n|-activate|p2a: Meowscarada|move: Sticky Web\n|-unboost|p2a: Meowscarada|spe|1\n|turn|19\n|\n|t:|1698036995\n|move|p1a: Ogerpon|Ivy Cudgel|p2a: Meowscarada\n|-supereffective|p2a: Meowscarada\n|-damage|p2a: Meowscarada|0 fnt\n|faint|p2a: Meowscarada\n|\n|upkeep\n|\n|t:|1698036999\n|switch|p2a: Clodsire|Clodsire, F|15\/100\n|-activate|p2a: Clodsire|move: Sticky Web\n|-unboost|p2a: Clodsire|spe|1\n|turn|20\n|\n|t:|1698037004\n|move|p1a: Ogerpon|Ivy Cudgel|p2a: Clodsire\n|-damage|p2a: Clodsire|0 fnt\n|faint|p2a: Clodsire\n|\n|win|Blake-Mamba\n|raw|Blake-Mamba's rating: 1219 &rarr; <strong>1233<\/strong><br \/>(+14 for winning)\n|raw|Tofdapost's rating: 1051 &rarr; <strong>1041<\/strong><br \/>(-10 for losing)\n|c|\u2606Blake-Mamba|Gg\n","uploadtime":1698037013,"views":11,"p1id":"blakemamba","p2id":"tofdapost","formatid":"gen9ubers","rating":1041,"private":0,"password":""}