{"id":"gen9ubers-1980110474","p1":"Kyekep","p2":"neokoa","format":"[Gen 9] Ubers","log":"|j|\u2606Kyekep\n|j|\u2606neokoa\n|t:|1698758204\n|gametype|singles\n|player|p1|Kyekep|unknown|1342\n|player|p2|neokoa|265|1247\n|teamsize|p1|6\n|teamsize|p2|6\n|gen|9\n|tier|[Gen 9] Ubers\n|rated|\n|rule|Sleep Clause Mod: Limit one foe put to sleep\n|rule|Species Clause: Limit one of each Pok\u00e9mon\n|rule|OHKO Clause: OHKO moves are banned\n|rule|Evasion Items Clause: Evasion items are banned\n|rule|Evasion Moves Clause: Evasion moves are banned\n|rule|Endless Battle Clause: Forcing endless battles is banned\n|rule|HP Percentage Mod: HP is shown in percentages\n|clearpoke\n|poke|p1|Arceus-Fire|\n|poke|p1|Great Tusk|\n|poke|p1|Miraidon|\n|poke|p1|Groudon|\n|poke|p1|Calyrex-Ice|\n|poke|p1|Flutter Mane|\n|poke|p2|Arceus|\n|poke|p2|Koraidon|\n|poke|p2|Zacian-*|\n|poke|p2|Iron Bundle|\n|poke|p2|Shaymin-Sky|\n|poke|p2|Zamazenta-*|\n|teampreview\n|inactive|Battle timer is ON: inactive players will automatically lose when time's up. (requested by Kyekep)\n|\n|t:|1698758207\n|start\n|switch|p1a: Miraidon|Miraidon|100\/100\n|switch|p2a: The Emperor|Iron Bundle|100\/100\n|-fieldstart|move: Electric Terrain|[from] ability: Hadron Engine|[of] p1a: Miraidon\n|-activate|p2a: The Emperor|ability: Quark Drive\n|-start|p2a: The Emperor|quarkdrivespe\n|turn|1\n|\n|t:|1698758220\n|switch|p1a: Calyrex|Calyrex-Ice|100\/100\n|-ability|p1a: Calyrex|As One\n|-ability|p1a: Calyrex|Unnerve\n|move|p2a: The Emperor|Freeze-Dry|p1a: Calyrex\n|-resisted|p1a: Calyrex\n|-crit|p1a: Calyrex\n|-damage|p1a: Calyrex|82\/100\n|\n|upkeep\n|turn|2\n|\n|t:|1698758228\n|move|p2a: The Emperor|Hydro Pump|p1a: Calyrex|[miss]\n|-miss|p2a: The Emperor|p1a: Calyrex\n|move|p1a: Calyrex|Zen Headbutt|p2a: The Emperor|[miss]\n|-miss|p1a: Calyrex|p2a: The Emperor\n|\n|upkeep\n|turn|3\n|\n|t:|1698758231\n|move|p2a: The Emperor|Hydro Pump|p1a: Calyrex\n|-damage|p1a: Calyrex|45\/100\n|move|p1a: Calyrex|Zen Headbutt|p2a: The Emperor|[miss]\n|-miss|p1a: Calyrex|p2a: The Emperor\n|\n|upkeep\n|turn|4\n|\n|t:|1698758236\n|move|p2a: The Emperor|Hydro Pump|p1a: Calyrex\n|-damage|p1a: Calyrex|6\/100\n|move|p1a: Calyrex|Trick Room|p1a: Calyrex\n|-fieldstart|move: Trick Room|[of] p1a: Calyrex\n|\n|upkeep\n|turn|5\n|\n|t:|1698758241\n|move|p1a: Calyrex|Zen Headbutt|p2a: The Emperor|[miss]\n|-miss|p1a: Calyrex|p2a: The Emperor\n|move|p2a: The Emperor|Freeze-Dry|p1a: Calyrex\n|-resisted|p1a: Calyrex\n|-damage|p1a: Calyrex|0 fnt\n|faint|p1a: Calyrex\n|\n|-fieldend|move: Electric Terrain\n|-end|p2a: The Emperor|Quark Drive\n|upkeep\n|\n|t:|1698758249\n|switch|p1a: Miraidon|Miraidon|100\/100\n|-fieldstart|move: Electric Terrain|[from] ability: Hadron Engine|[of] p1a: Miraidon\n|-activate|p2a: The Emperor|ability: Quark Drive\n|-start|p2a: The Emperor|quarkdrivespe\n|turn|6\n|c|\u2606neokoa|pocket monsters\n|\n|t:|1698758258\n|move|p1a: Miraidon|Electro Drift|p2a: The Emperor\n|-supereffective|p2a: The Emperor\n|-enditem|p2a: The Emperor|Focus Sash\n|-damage|p2a: The Emperor|1\/100\n|move|p2a: The Emperor|Freeze-Dry|p1a: Miraidon\n|-supereffective|p1a: Miraidon\n|-damage|p1a: Miraidon|35\/100\n|-status|p1a: Miraidon|frz\n|\n|upkeep\n|turn|7\n|c|\u2606neokoa|POCKET MONSTERS\n|c|\u2606Kyekep|POCKET MONSTERS\n|inactive|Kyekep has 120 seconds left.\n|\n|t:|1698758295\n|-curestatus|p1a: Miraidon|frz|[msg]\n|move|p1a: Miraidon|Electro Drift|p2a: The Emperor\n|-supereffective|p2a: The Emperor\n|-damage|p2a: The Emperor|0 fnt\n|faint|p2a: The Emperor\n|-end|p2a: The Emperor|Quark Drive|[silent]\n|\n|upkeep\n|\n|t:|1698758307\n|switch|p2a: Bury the Light|Shaymin-Sky|100\/100\n|turn|8\n|\n|t:|1698758311\n|move|p2a: Bury the Light|Tailwind|p2a: Bury the Light\n|-sidestart|p2: neokoa|move: Tailwind\n|move|p1a: Miraidon|Electro Drift|p2a: Bury the Light\n|-enditem|p2a: Bury the Light|Focus Sash\n|-damage|p2a: Bury the Light|1\/100\n|\n|-fieldend|move: Trick Room\n|upkeep\n|turn|9\n|\n|t:|1698758318\n|switch|p1a: Arceus|Arceus-Fire|100\/100\n|move|p2a: Bury the Light|Earth Power|p1a: Arceus\n|-supereffective|p1a: Arceus\n|-damage|p1a: Arceus|54\/100\n|\n|upkeep\n|turn|10\n|\n|t:|1698758325\n|move|p2a: Bury the Light|Air Slash|p1a: Arceus\n|-damage|p1a: Arceus|23\/100\n|cant|p1a: Arceus|flinch\n|\n|-fieldend|move: Electric Terrain\n|upkeep\n|turn|11\n|\n|t:|1698758333\n|move|p2a: Bury the Light|Earth Power|p1a: Arceus\n|-supereffective|p1a: Arceus\n|-damage|p1a: Arceus|0 fnt\n|faint|p1a: Arceus\n|\n|-sideend|p2: neokoa|move: Tailwind\n|upkeep\n|\n|t:|1698758336\n|switch|p1a: Flutter Mane|Flutter Mane|100\/100\n|turn|12\n|\n|t:|1698758341\n|move|p1a: Flutter Mane|Shadow Ball|p2a: Bury the Light\n|-damage|p2a: Bury the Light|0 fnt\n|faint|p2a: Bury the Light\n|-damage|p1a: Flutter Mane|91\/100|[from] item: Life Orb\n|\n|upkeep\n|inactive|neokoa has 120 seconds left.\n|\n|t:|1698758371\n|switch|p2a: Godsibb|Arceus|100\/100\n|turn|13\n|\n|t:|1698758376\n|-end|p1a: Flutter Mane|Protosynthesis|[silent]\n|switch|p1a: Groudon|Groudon|100\/100\n|-weather|SunnyDay|[from] ability: Drought|[of] p1a: Groudon\n|move|p2a: Godsibb|Shadow Claw|p1a: Groudon\n|-damage|p1a: Groudon|86\/100\n|\n|-weather|SunnyDay|[upkeep]\n|-heal|p1a: Groudon|92\/100|[from] item: Leftovers\n|upkeep\n|turn|14\n|\n|t:|1698758380\n|move|p2a: Godsibb|Swords Dance|p2a: Godsibb\n|-boost|p2a: Godsibb|atk|2\n|move|p1a: Groudon|Will-O-Wisp|p2a: Godsibb\n|-status|p2a: Godsibb|brn\n|\n|-weather|SunnyDay|[upkeep]\n|-heal|p1a: Groudon|98\/100|[from] item: Leftovers\n|-damage|p2a: Godsibb|94\/100 brn|[from] brn\n|upkeep\n|turn|15\n|\n|t:|1698758388\n|move|p2a: Godsibb|Swords Dance|p2a: Godsibb\n|-boost|p2a: Godsibb|atk|2\n|move|p1a: Groudon|Precipice Blades|p2a: Godsibb\n|-damage|p2a: Godsibb|45\/100 brn\n|\n|-weather|SunnyDay|[upkeep]\n|-heal|p1a: Groudon|100\/100|[from] item: Leftovers\n|-damage|p2a: Godsibb|39\/100 brn|[from] brn\n|upkeep\n|turn|16\n|\n|t:|1698758393\n|move|p2a: Godsibb|Extreme Speed|p1a: Groudon\n|-damage|p1a: Groudon|53\/100\n|move|p1a: Groudon|Precipice Blades|p2a: Godsibb\n|-damage|p2a: Godsibb|0 fnt\n|faint|p2a: Godsibb\n|\n|-weather|SunnyDay|[upkeep]\n|-heal|p1a: Groudon|60\/100|[from] item: Leftovers\n|upkeep\n|\n|t:|1698758396\n|switch|p2a: Find the Flame|Koraidon|100\/100\n|-activate|p2a: Find the Flame|ability: Orichalcum Pulse\n|turn|17\n|\n|t:|1698758404\n|move|p2a: Find the Flame|Swords Dance|p2a: Find the Flame\n|-boost|p2a: Find the Flame|atk|2\n|move|p1a: Groudon|Will-O-Wisp|p2a: Find the Flame|[miss]\n|-miss|p1a: Groudon|p2a: Find the Flame\n|\n|-weather|none\n|-heal|p1a: Groudon|66\/100|[from] item: Leftovers\n|upkeep\n|turn|18\n|\n|t:|1698758408\n|move|p2a: Find the Flame|Scale Shot|p1a: Groudon|[miss]\n|-miss|p2a: Find the Flame|p1a: Groudon\n|move|p1a: Groudon|Stealth Rock|p2a: Find the Flame\n|-sidestart|p2: neokoa|move: Stealth Rock\n|\n|-heal|p1a: Groudon|72\/100|[from] item: Leftovers\n|upkeep\n|turn|19\n|\n|t:|1698758410\n|move|p2a: Find the Flame|Scale Shot|p1a: Groudon\n|-damage|p1a: Groudon|50\/100\n|-damage|p1a: Groudon|31\/100\n|-hitcount|p1a: Groudon|2\n|-unboost|p2a: Find the Flame|def|1\n|-boost|p2a: Find the Flame|spe|1\n|-damage|p2a: Find the Flame|91\/100|[from] item: Life Orb\n|move|p1a: Groudon|Thunder Wave|p2a: Find the Flame|[miss]\n|-miss|p1a: Groudon|p2a: Find the Flame\n|\n|-heal|p1a: Groudon|38\/100|[from] item: Leftovers\n|upkeep\n|turn|20\n|\n|t:|1698758417\n|move|p2a: Find the Flame|Scale Shot|p1a: Groudon\n|-damage|p1a: Groudon|16\/100\n|-damage|p1a: Groudon|0 fnt\n|faint|p1a: Groudon\n|-hitcount|p1: Groudon|2\n|-unboost|p2a: Find the Flame|def|1\n|-boost|p2a: Find the Flame|spe|1\n|-damage|p2a: Find the Flame|81\/100|[from] item: Life Orb\n|\n|upkeep\n|\n|t:|1698758421\n|switch|p1a: Flutter Mane|Flutter Mane|91\/100\n|turn|21\n|\n|t:|1698758424\n|move|p2a: Find the Flame|Flare Blitz|p1a: Flutter Mane\n|-damage|p1a: Flutter Mane|0 fnt\n|faint|p1a: Flutter Mane\n|-end|p1a: Flutter Mane|Protosynthesis|[silent]\n|-damage|p2a: Find the Flame|59\/100|[from] Recoil\n|-damage|p2a: Find the Flame|49\/100|[from] item: Life Orb\n|\n|upkeep\n|\n|t:|1698758427\n|switch|p1a: Great Tusk|Great Tusk|100\/100\n|turn|22\n|\n|t:|1698758432\n|move|p2a: Find the Flame|Close Combat|p1a: Great Tusk\n|-damage|p1a: Great Tusk|8\/100\n|-unboost|p2a: Find the Flame|def|1\n|-unboost|p2a: Find the Flame|spd|1\n|-damage|p2a: Find the Flame|39\/100|[from] item: Life Orb\n|move|p1a: Great Tusk|Headlong Rush|p2a: Find the Flame\n|-damage|p2a: Find the Flame|0 fnt\n|-unboost|p1a: Great Tusk|def|1\n|-unboost|p1a: Great Tusk|spd|1\n|faint|p2a: Find the Flame\n|\n|upkeep\n|\n|t:|1698758436\n|switch|p2a: Godshattering Star|Zacian|100\/100\n|-damage|p2a: Godshattering Star|88\/100|[from] Stealth Rock\n|-ability|p2a: Godshattering Star|Intrepid Sword|boost\n|-boost|p2a: Godshattering Star|atk|1\n|turn|23\n|\n|t:|1698758444\n|-terastallize|p2a: Godshattering Star|Fairy\n|move|p2a: Godshattering Star|Play Rough|p1a: Great Tusk\n|-supereffective|p1a: Great Tusk\n|-damage|p1a: Great Tusk|0 fnt\n|faint|p1a: Great Tusk\n|-end|p1a: Great Tusk|Protosynthesis|[silent]\n|\n|upkeep\n|\n|t:|1698758447\n|switch|p1a: Miraidon|Miraidon|35\/100\n|-fieldstart|move: Electric Terrain|[from] ability: Hadron Engine|[of] p1a: Miraidon\n|turn|24\n|\n|t:|1698758449\n|move|p1a: Miraidon|Electro Drift|p2a: Godshattering Star\n|-damage|p2a: Godshattering Star|5\/100\n|move|p2a: Godshattering Star|Play Rough|p1a: Miraidon\n|-supereffective|p1a: Miraidon\n|-damage|p1a: Miraidon|0 fnt\n|faint|p1a: Miraidon\n|\n|win|neokoa\n|raw|Kyekep's rating: 1342 &rarr; <strong>1317<\/strong><br \/>(-25 for losing)\n|raw|neokoa's rating: 1247 &rarr; <strong>1279<\/strong><br \/>(+32 for winning)\n|l|\u2606Kyekep\n","uploadtime":1698758459,"views":12,"p1id":"kyekep","p2id":"neokoa","formatid":"gen9ubers","rating":1279,"private":0,"password":""}