{"id":"gen9ubers-1999595599","p1":"biryanilover","p2":"Kai dragneel","format":"[Gen 9] Ubers","log":"|j|\u2606biryanilover\n|j|\u2606Kai dragneel\n|t:|1701099589\n|gametype|singles\n|player|p1|biryanilover|266|1267\n|player|p2|Kai dragneel|265|1154\n|teamsize|p1|6\n|teamsize|p2|6\n|gen|9\n|tier|[Gen 9] Ubers\n|rated|\n|rule|Sleep Clause Mod: Limit one foe put to sleep\n|rule|Species Clause: Limit one of each Pok\u00e9mon\n|rule|OHKO Clause: OHKO moves are banned\n|rule|Evasion Items Clause: Evasion items are banned\n|rule|Evasion Moves Clause: Evasion moves are banned\n|rule|Endless Battle Clause: Forcing endless battles is banned\n|rule|HP Percentage Mod: HP is shown in percentages\n|clearpoke\n|poke|p1|Koraidon|\n|poke|p1|Zacian-*|\n|poke|p1|Miraidon|\n|poke|p1|Cinderace, M|\n|poke|p1|Iron Bundle|\n|poke|p1|Kyogre|\n|poke|p2|Quaquaval, M|\n|poke|p2|Arboliva, M|\n|poke|p2|Armarouge, M|\n|poke|p2|Garganacl, M|\n|poke|p2|Baxcalibur, M|\n|poke|p2|Gholdengo|\n|teampreview\n|\n|t:|1701099608\n|start\n|switch|p1a: Iron Bundle|Iron Bundle|100\/100\n|switch|p2a: Gholdengo|Gholdengo|100\/100\n|-enditem|p1a: Iron Bundle|Booster Energy\n|-activate|p1a: Iron Bundle|ability: Quark Drive|[fromitem]\n|-start|p1a: Iron Bundle|quarkdrivespe\n|turn|1\n|\n|t:|1701099618\n|move|p1a: Iron Bundle|Thief|p2a: Gholdengo\n|-supereffective|p2a: Gholdengo\n|-damage|p2a: Gholdengo|79\/100\n|-enditem|p2a: Gholdengo|Choice Scarf|[silent]|[from] move: Thief|[of] p1a: Iron Bundle\n|-item|p1a: Iron Bundle|Choice Scarf|[from] move: Thief|[of] p2a: Gholdengo\n|move|p2a: Gholdengo|Thunderbolt|p1a: Iron Bundle\n|-supereffective|p1a: Iron Bundle\n|-damage|p1a: Iron Bundle|0 fnt\n|faint|p1a: Iron Bundle\n|-end|p1a: Iron Bundle|Quark Drive|[silent]\n|\n|upkeep\n|\n|t:|1701099629\n|switch|p1a: Koraidon|Koraidon|100\/100\n|-weather|SunnyDay|[from] ability: Orichalcum Pulse|[of] p1a: Koraidon\n|-activate|p1a: Koraidon|Orichalcum Pulse|[source]\n|turn|2\n|\n|t:|1701099635\n|move|p1a: Koraidon|Shadow Claw|p2a: Gholdengo\n|-supereffective|p2a: Gholdengo\n|-crit|p2a: Gholdengo\n|-damage|p2a: Gholdengo|0 fnt\n|faint|p2a: Gholdengo\n|\n|-weather|SunnyDay|[upkeep]\n|upkeep\n|inactive|Battle timer is ON: inactive players will automatically lose when time's up. (requested by biryanilover)\n|\n|t:|1701099642\n|switch|p2a: Quaquaval|Quaquaval, M|100\/100\n|turn|3\n|\n|t:|1701099655\n|move|p1a: Koraidon|Scale Shot|p2a: Quaquaval\n|-damage|p2a: Quaquaval|78\/100\n|-damage|p2a: Quaquaval|55\/100\n|-damage|p2a: Quaquaval|30\/100\n|-damage|p2a: Quaquaval|6\/100\n|-crit|p2a: Quaquaval\n|-damage|p2a: Quaquaval|0 fnt\n|faint|p2a: Quaquaval\n|-hitcount|p2: Quaquaval|5\n|-unboost|p1a: Koraidon|def|1\n|-boost|p1a: Koraidon|spe|1\n|\n|-weather|SunnyDay|[upkeep]\n|upkeep\n|\n|t:|1701099668\n|switch|p2a: Armarouge|Armarouge, M|100\/100\n|turn|4\n|c|\u2606biryanilover|crit mattered\n|\n|t:|1701099675\n|move|p1a: Koraidon|Shadow Claw|p2a: Armarouge\n|-supereffective|p2a: Armarouge\n|-damage|p2a: Armarouge|42\/100\n|move|p2a: Armarouge|Psyshock|p1a: Koraidon\n|-supereffective|p1a: Koraidon\n|-damage|p1a: Koraidon|0 fnt\n|faint|p1a: Koraidon\n|\n|-weather|SunnyDay|[upkeep]\n|upkeep\n|\n|t:|1701099680\n|switch|p1a: Cinderace|Cinderace, M|100\/100\n|turn|5\n|\n|t:|1701099690\n|move|p1a: Cinderace|Sucker Punch|p2a: Armarouge\n|-start|p1a: Cinderace|typechange|Dark|[from] ability: Libero\n|-supereffective|p2a: Armarouge\n|-damage|p2a: Armarouge|0 fnt\n|faint|p2a: Armarouge\n|\n|-weather|SunnyDay|[upkeep]\n|upkeep\n|\n|t:|1701099700\n|switch|p2a: Garganacl|Garganacl, M|100\/100\n|turn|6\n|\n|t:|1701099706\n|move|p1a: Cinderace|High Jump Kick|p2a: Garganacl|[miss]\n|-miss|p1a: Cinderace|p2a: Garganacl\n|-damage|p1a: Cinderace|51\/100|[from] highjumpkick\n|move|p2a: Garganacl|Iron Defense|p2a: Garganacl\n|-boost|p2a: Garganacl|def|2\n|\n|-weather|none\n|upkeep\n|turn|7\n|\n|t:|1701099716\n|move|p1a: Cinderace|High Jump Kick|p2a: Garganacl\n|-supereffective|p2a: Garganacl\n|-damage|p2a: Garganacl|71\/100\n|move|p2a: Garganacl|Iron Defense|p2a: Garganacl\n|-boost|p2a: Garganacl|def|2\n|\n|-heal|p2a: Garganacl|77\/100|[from] item: Leftovers\n|upkeep\n|turn|8\n|\n|t:|1701099725\n|move|p1a: Cinderace|Pyro Ball|p2a: Garganacl\n|-resisted|p2a: Garganacl\n|-damage|p2a: Garganacl|72\/100\n|move|p2a: Garganacl|Recover|p2a: Garganacl\n|-heal|p2a: Garganacl|100\/100\n|\n|upkeep\n|turn|9\n|\n|t:|1701099733\n|move|p1a: Cinderace|High Jump Kick|p2a: Garganacl\n|-supereffective|p2a: Garganacl\n|-damage|p2a: Garganacl|81\/100\n|move|p2a: Garganacl|Iron Defense|p2a: Garganacl\n|-boost|p2a: Garganacl|def|2\n|\n|-heal|p2a: Garganacl|87\/100|[from] item: Leftovers\n|upkeep\n|turn|10\n|\n|t:|1701099742\n|move|p1a: Cinderace|High Jump Kick|p2a: Garganacl\n|-supereffective|p2a: Garganacl\n|-damage|p2a: Garganacl|73\/100\n|move|p2a: Garganacl|Body Press|p1a: Cinderace\n|-supereffective|p1a: Cinderace\n|-damage|p1a: Cinderace|0 fnt\n|faint|p1a: Cinderace\n|\n|-heal|p2a: Garganacl|80\/100|[from] item: Leftovers\n|upkeep\n|\n|t:|1701099747\n|switch|p1a: Kyogre|Kyogre, shiny|100\/100\n|-weather|RainDance|[from] ability: Drizzle|[of] p1a: Kyogre\n|turn|11\n|c|\u2606biryanilover|lol\n|\n|t:|1701099757\n|-terastallize|p2a: Garganacl|Ghost\n|move|p1a: Kyogre|Water Spout|p2a: Garganacl\n|-damage|p2a: Garganacl|0 fnt\n|faint|p2a: Garganacl\n|\n|-weather|RainDance|[upkeep]\n|upkeep\n|\n|t:|1701099766\n|switch|p2a: Baxcalibur|Baxcalibur, M|100\/100\n|turn|12\n|\n|t:|1701099778\n|switch|p1a: Zacian|Zacian-Crowned|100\/100\n|-ability|p1a: Zacian|Intrepid Sword|boost\n|-boost|p1a: Zacian|atk|1\n|move|p2a: Baxcalibur|Dragon Dance|p2a: Baxcalibur\n|-boost|p2a: Baxcalibur|atk|1\n|-boost|p2a: Baxcalibur|spe|1\n|\n|-weather|RainDance|[upkeep]\n|upkeep\n|turn|13\n|\n|t:|1701099788\n|move|p2a: Baxcalibur|Earthquake|p1a: Zacian\n|-supereffective|p1a: Zacian\n|-damage|p1a: Zacian|0 fnt\n|faint|p1a: Zacian\n|\n|-weather|RainDance|[upkeep]\n|upkeep\n|\n|t:|1701099792\n|switch|p1a: Miraidon|Miraidon|100\/100\n|-fieldstart|move: Electric Terrain|[from] ability: Hadron Engine|[of] p1a: Miraidon\n|-item|p1a: Miraidon|Air Balloon\n|turn|14\n|\n|t:|1701099800\n|-terastallize|p1a: Miraidon|Fairy\n|move|p2a: Baxcalibur|Icicle Spear|p1a: Miraidon\n|-damage|p1a: Miraidon|79\/100\n|-enditem|p1a: Miraidon|Air Balloon\n|-damage|p1a: Miraidon|59\/100\n|-damage|p1a: Miraidon|38\/100\n|-damage|p1a: Miraidon|16\/100\n|-hitcount|p1a: Miraidon|4\n|move|p1a: Miraidon|Dragon Pulse|p2a: Baxcalibur\n|-supereffective|p2a: Baxcalibur\n|-damage|p2a: Baxcalibur|0 fnt\n|faint|p2a: Baxcalibur\n|\n|-weather|RainDance|[upkeep]\n|upkeep\n|\n|t:|1701099814\n|switch|p2a: Arboliva|Arboliva, M|100\/100\n|turn|15\n|\n|t:|1701099818\n|move|p1a: Miraidon|Dragon Pulse|p2a: Arboliva\n|-damage|p2a: Arboliva|64\/100\n|-fieldstart|move: Grassy Terrain|[from] ability: Seed Sower|[of] p2a: Arboliva\n|move|p2a: Arboliva|Giga Drain|p1a: Miraidon\n|-damage|p1a: Miraidon|0 fnt\n|-heal|p2a: Arboliva|72\/100|[from] drain|[of] p1a: Miraidon\n|faint|p1a: Miraidon\n|\n|-weather|none\n|-heal|p2a: Arboliva|78\/100|[from] Grassy Terrain\n|upkeep\n|\n|t:|1701099829\n|switch|p1a: Kyogre|Kyogre, shiny|100\/100\n|-weather|RainDance|[from] ability: Drizzle|[of] p1a: Kyogre\n|turn|16\n|\n|t:|1701099834\n|move|p1a: Kyogre|Ice Beam|p2a: Arboliva\n|-supereffective|p2a: Arboliva\n|-damage|p2a: Arboliva|35\/100\n|move|p2a: Arboliva|Giga Drain|p1a: Kyogre\n|-supereffective|p1a: Kyogre\n|-damage|p1a: Kyogre|3\/100\n|-heal|p2a: Arboliva|81\/100|[from] drain|[of] p1a: Kyogre\n|\n|-weather|RainDance|[upkeep]\n|-heal|p1a: Kyogre|9\/100|[from] Grassy Terrain\n|-heal|p2a: Arboliva|87\/100|[from] Grassy Terrain\n|upkeep\n|turn|17\n|-message|biryanilover forfeited.\n|\n|win|Kai dragneel\n|raw|biryanilover's rating: 1267 &rarr; <strong>1234<\/strong><br \/>(-33 for losing)\n|raw|Kai dragneel's rating: 1154 &rarr; <strong>1187<\/strong><br \/>(+33 for winning)\n|l|\u2606biryanilover\n","uploadtime":1701099849,"views":1,"p1id":"biryanilover","p2id":"kaidragneel","formatid":"gen9ubers","rating":1187,"private":0,"password":""}