{"id":"gen9ubers-1990049789","p1":"pain rein","p2":"Mizuki thumbs up","format":"[Gen 9] Ubers","log":"|j|\u2606pain rein\n|j|\u2606Mizuki thumbs up\n|t:|1699919123\n|gametype|singles\n|player|p1|pain rein|colress|1243\n|player|p2|Mizuki thumbs up|flannery|1121\n|teamsize|p1|6\n|teamsize|p2|6\n|gen|9\n|tier|[Gen 9] Ubers\n|rated|\n|rule|Sleep Clause Mod: Limit one foe put to sleep\n|rule|Species Clause: Limit one of each Pok\u00e9mon\n|rule|OHKO Clause: OHKO moves are banned\n|rule|Evasion Items Clause: Evasion items are banned\n|rule|Evasion Moves Clause: Evasion moves are banned\n|rule|Endless Battle Clause: Forcing endless battles is banned\n|rule|HP Percentage Mod: HP is shown in percentages\n|clearpoke\n|poke|p1|Calyrex-Ice|\n|poke|p1|Regieleki|\n|poke|p1|Spiritomb, F|\n|poke|p1|Mimikyu, F|\n|poke|p1|Glimmora, M|\n|poke|p1|Ursaluna, M|\n|poke|p2|Koraidon|\n|poke|p2|Miraidon|\n|poke|p2|Zamazenta-*|\n|poke|p2|Arceus-Fairy|\n|poke|p2|Ting-Lu|\n|poke|p2|Skeledirge, M|\n|teampreview\n|\n|t:|1699919145\n|start\n|switch|p1a: Glimmora|Glimmora, M|100\/100\n|switch|p2a: GIGANTER KAI|Ting-Lu|100\/100\n|-ability|p2a: GIGANTER KAI|Vessel of Ruin\n|turn|1\n|\n|t:|1699919154\n|move|p1a: Glimmora|Mortal Spin|p2a: GIGANTER KAI\n|-resisted|p2a: GIGANTER KAI\n|-damage|p2a: GIGANTER KAI|99\/100\n|-status|p2a: GIGANTER KAI|psn\n|-enditem|p2a: GIGANTER KAI|Red Card|[of] p1a: Glimmora\n|drag|p1a: \u7cbe\u795e\u5893|Spiritomb, F|100\/100\n|move|p2a: GIGANTER KAI|Earthquake|p1a: \u7cbe\u795e\u5893\n|-damage|p1a: \u7cbe\u795e\u5893|60\/100\n|\n|-damage|p2a: GIGANTER KAI|87\/100 psn|[from] psn\n|upkeep\n|turn|2\n|\n|t:|1699919164\n|move|p2a: GIGANTER KAI|Stealth Rock|p1a: \u7cbe\u795e\u5893\n|-sidestart|p1: pain rein|move: Stealth Rock\n|move|p1a: \u7cbe\u795e\u5893|Trick Room|p1a: \u7cbe\u795e\u5893\n|-fieldstart|move: Trick Room|[of] p1a: \u7cbe\u795e\u5893\n|\n|-damage|p2a: GIGANTER KAI|74\/100 psn|[from] psn\n|upkeep\n|turn|3\n|\n|t:|1699919185\n|move|p2a: GIGANTER KAI|Earthquake|p1a: \u7cbe\u795e\u5893\n|-damage|p1a: \u7cbe\u795e\u5893|22\/100\n|move|p1a: \u7cbe\u795e\u5893|Trick Room|p1a: \u7cbe\u795e\u5893\n|-fieldend|move: Trick Room\n|\n|-damage|p2a: GIGANTER KAI|62\/100 psn|[from] psn\n|upkeep\n|turn|4\n|\n|t:|1699919202\n|switch|p1a: Glimmora|Glimmora, M|100\/100\n|-damage|p1a: Glimmora|88\/100|[from] Stealth Rock\n|move|p2a: GIGANTER KAI|Earthquake|p1a: Glimmora\n|-supereffective|p1a: Glimmora\n|-damage|p1a: Glimmora|0 fnt\n|-activate|p1a: Glimmora|ability: Toxic Debris\n|-sidestart|p2: Mizuki thumbs up|move: Toxic Spikes\n|faint|p1a: Glimmora\n|\n|-damage|p2a: GIGANTER KAI|49\/100 psn|[from] psn\n|upkeep\n|\n|t:|1699919207\n|switch|p1a: \u4e4c\u8428\u9c81\u7eb3|Ursaluna, M|100\/100\n|-damage|p1a: \u4e4c\u8428\u9c81\u7eb3|94\/100|[from] Stealth Rock\n|turn|5\n|\n|t:|1699919217\n|move|p2a: GIGANTER KAI|Ruination|p1a: \u4e4c\u8428\u9c81\u7eb3\n|-damage|p1a: \u4e4c\u8428\u9c81\u7eb3|47\/100\n|move|p1a: \u4e4c\u8428\u9c81\u7eb3|Close Combat|p2a: GIGANTER KAI\n|-supereffective|p2a: GIGANTER KAI\n|-damage|p2a: GIGANTER KAI|13\/100 psn\n|-unboost|p1a: \u4e4c\u8428\u9c81\u7eb3|def|1\n|-unboost|p1a: \u4e4c\u8428\u9c81\u7eb3|spd|1\n|\n|-damage|p2a: GIGANTER KAI|0 fnt|[from] psn\n|faint|p2a: GIGANTER KAI\n|-status|p1a: \u4e4c\u8428\u9c81\u7eb3|brn|[from] item: Flame Orb\n|upkeep\n|\n|t:|1699919239\n|switch|p2a: TYRANT RAVE|Koraidon|100\/100\n|-status|p2a: TYRANT RAVE|psn\n|-weather|SunnyDay|[from] ability: Orichalcum Pulse|[of] p2a: TYRANT RAVE\n|-activate|p2a: TYRANT RAVE|Orichalcum Pulse|[source]\n|turn|6\n|\n|t:|1699919257\n|switch|p1a: \u7f8e\u7f8e\u4e45|Mimikyu, F|100\/100\n|-damage|p1a: \u7f8e\u7f8e\u4e45|88\/100|[from] Stealth Rock\n|move|p2a: TYRANT RAVE|Scale Shot|p1a: \u7f8e\u7f8e\u4e45\n|-immune|p1a: \u7f8e\u7f8e\u4e45\n|\n|-weather|SunnyDay|[upkeep]\n|-damage|p2a: TYRANT RAVE|88\/100 psn|[from] psn\n|upkeep\n|turn|7\n|\n|t:|1699919268\n|move|p2a: TYRANT RAVE|Flare Blitz|p1a: \u7f8e\u7f8e\u4e45\n|-activate|p1a: \u7f8e\u7f8e\u4e45|ability: Disguise\n|-damage|p1a: \u7f8e\u7f8e\u4e45|88\/100\n|-status|p1a: \u7f8e\u7f8e\u4e45|brn\n|detailschange|p1a: \u7f8e\u7f8e\u4e45|Mimikyu-Busted, F\n|-damage|p1a: \u7f8e\u7f8e\u4e45|76\/100 brn|[from] pokemon: Mimikyu-Busted\n|-enditem|p1a: \u7f8e\u7f8e\u4e45|Red Card|[of] p2a: TYRANT RAVE\n|drag|p2a: STAHLWIRBEL|Zamazenta-Crowned|100\/100\n|-ability|p2a: STAHLWIRBEL|Dauntless Shield|boost\n|-boost|p2a: STAHLWIRBEL|def|1\n|move|p1a: \u7f8e\u7f8e\u4e45|Trick Room|p1a: \u7f8e\u7f8e\u4e45\n|-fieldstart|move: Trick Room|[of] p1a: \u7f8e\u7f8e\u4e45\n|\n|-weather|SunnyDay|[upkeep]\n|-damage|p1a: \u7f8e\u7f8e\u4e45|70\/100 brn|[from] brn\n|upkeep\n|turn|8\n|\n|t:|1699919290\n|move|p1a: \u7f8e\u7f8e\u4e45|Will-O-Wisp|p2a: STAHLWIRBEL|[miss]\n|-miss|p1a: \u7f8e\u7f8e\u4e45|p2a: STAHLWIRBEL\n|move|p2a: STAHLWIRBEL|Substitute|p2a: STAHLWIRBEL\n|-start|p2a: STAHLWIRBEL|Substitute\n|-damage|p2a: STAHLWIRBEL|76\/100\n|\n|-weather|SunnyDay|[upkeep]\n|-damage|p1a: \u7f8e\u7f8e\u4e45|63\/100 brn|[from] brn\n|upkeep\n|turn|9\n|\n|t:|1699919298\n|move|p1a: \u7f8e\u7f8e\u4e45|Play Rough|p2a: STAHLWIRBEL\n|-activate|p2a: STAHLWIRBEL|move: Substitute|[damage]\n|move|p2a: STAHLWIRBEL|Iron Defense|p2a: STAHLWIRBEL\n|-boost|p2a: STAHLWIRBEL|def|2\n|\n|-weather|SunnyDay|[upkeep]\n|-damage|p1a: \u7f8e\u7f8e\u4e45|57\/100 brn|[from] brn\n|upkeep\n|turn|10\n|\n|t:|1699919308\n|move|p1a: \u7f8e\u7f8e\u4e45|Play Rough|p2a: STAHLWIRBEL\n|-activate|p2a: STAHLWIRBEL|move: Substitute|[damage]\n|move|p2a: STAHLWIRBEL|Iron Defense|p2a: STAHLWIRBEL\n|-boost|p2a: STAHLWIRBEL|def|2\n|\n|-weather|none\n|-damage|p1a: \u7f8e\u7f8e\u4e45|51\/100 brn|[from] brn\n|upkeep\n|turn|11\n|\n|t:|1699919317\n|move|p1a: \u7f8e\u7f8e\u4e45|Play Rough|p2a: STAHLWIRBEL\n|-activate|p2a: STAHLWIRBEL|move: Substitute|[damage]\n|move|p2a: STAHLWIRBEL|Iron Defense|p2a: STAHLWIRBEL\n|-boost|p2a: STAHLWIRBEL|def|1\n|\n|-damage|p1a: \u7f8e\u7f8e\u4e45|45\/100 brn|[from] brn\n|-fieldend|move: Trick Room\n|upkeep\n|turn|12\n|\n|t:|1699919329\n|move|p2a: STAHLWIRBEL|Iron Defense|p2a: STAHLWIRBEL\n|-boost|p2a: STAHLWIRBEL|def|0\n|move|p1a: \u7f8e\u7f8e\u4e45|Play Rough|p2a: STAHLWIRBEL\n|-activate|p2a: STAHLWIRBEL|move: Substitute|[damage]\n|\n|-damage|p1a: \u7f8e\u7f8e\u4e45|39\/100 brn|[from] brn\n|upkeep\n|turn|13\n|-message|pain rein forfeited.\n|\n|win|Mizuki thumbs up\n|raw|pain rein's rating: 1243 &rarr; <strong>1210<\/strong><br \/>(-33 for losing)\n|raw|Mizuki thumbs up's rating: 1121 &rarr; <strong>1154<\/strong><br \/>(+33 for winning)\n|l|\u2606pain rein\n","uploadtime":1699919348,"views":6,"p1id":"painrein","p2id":"mizukithumbsup","formatid":"gen9ubers","rating":1154,"private":0,"password":""}