{"id":"gen9ubers-1998185299","p1":"TrafalgarLaw773","p2":"Nechestivo","format":"[Gen 9] Ubers","log":"|j|\u2606TrafalgarLaw773\n|j|\u2606Nechestivo\n|t:|1700908528\n|gametype|singles\n|player|p1|TrafalgarLaw773|265|\n|player|p2|Nechestivo|n|\n|teamsize|p1|6\n|teamsize|p2|6\n|gen|9\n|tier|[Gen 9] Ubers\n|rule|Sleep Clause Mod: Limit one foe put to sleep\n|rule|Species Clause: Limit one of each Pok\u00e9mon\n|rule|OHKO Clause: OHKO moves are banned\n|rule|Evasion Items Clause: Evasion items are banned\n|rule|Evasion Moves Clause: Evasion moves are banned\n|rule|Endless Battle Clause: Forcing endless battles is banned\n|rule|HP Percentage Mod: HP is shown in percentages\n|clearpoke\n|poke|p1|Chi-Yu|\n|poke|p1|Regieleki|\n|poke|p1|Flutter Mane|\n|poke|p1|Koraidon|\n|poke|p1|Ursaluna-Bloodmoon, M|\n|poke|p1|Landorus-Therian, M|\n|poke|p2|Dondozo, F|\n|poke|p2|Tatsugiri, M|\n|poke|p2|Flutter Mane|\n|poke|p2|Chien-Pao|\n|poke|p2|Arceus-Fire|\n|poke|p2|Koraidon|\n|teampreview\n|\n|t:|1700908548\n|start\n|switch|p1a: Landorus|Landorus-Therian, M|100\/100\n|switch|p2a: Koraidon|Koraidon|100\/100\n|-weather|SunnyDay|[from] ability: Orichalcum Pulse|[of] p2a: Koraidon\n|-activate|p2a: Koraidon|Orichalcum Pulse|[source]\n|-ability|p1a: Landorus|Intimidate|boost\n|-unboost|p2a: Koraidon|atk|1\n|turn|1\n|\n|t:|1700908570\n|switch|p2a: Tatsugiri|Tatsugiri, M, shiny|100\/100\n|move|p1a: Landorus|Stealth Rock|p2a: Tatsugiri\n|-sidestart|p2: Nechestivo|move: Stealth Rock\n|\n|-weather|SunnyDay|[upkeep]\n|upkeep\n|turn|2\n|\n|t:|1700908577\n|move|p2a: Tatsugiri|Icy Wind|p1a: Landorus\n|-supereffective|p1a: Landorus\n|-damage|p1a: Landorus|1\/100\n|-unboost|p1a: Landorus|spe|1\n|move|p1a: Landorus|U-turn|p2a: Tatsugiri\n|-damage|p2a: Tatsugiri|55\/100\n|\n|t:|1700908601\n|switch|p1a: Regieleki|Regieleki|100\/100|[from] U-turn\n|\n|-weather|SunnyDay|[upkeep]\n|upkeep\n|turn|3\n|\n|t:|1700908607\n|move|p1a: Regieleki|Light Screen|p1a: Regieleki\n|-sidestart|p1: TrafalgarLaw773|move: Light Screen\n|move|p2a: Tatsugiri|Icy Wind|p1a: Regieleki\n|-damage|p1a: Regieleki|86\/100\n|-unboost|p1a: Regieleki|spe|1\n|\n|-weather|SunnyDay|[upkeep]\n|upkeep\n|turn|4\n|\n|t:|1700908617\n|switch|p2a: Arceus|Arceus-Fire, shiny|100\/100\n|-damage|p2a: Arceus|76\/100|[from] Stealth Rock\n|move|p1a: Regieleki|Electroweb|p2a: Arceus\n|-damage|p2a: Arceus|59\/100\n|-unboost|p2a: Arceus|spe|1\n|\n|-weather|SunnyDay|[upkeep]\n|upkeep\n|turn|5\n|\n|t:|1700908633\n|switch|p1a: Ursaluna|Ursaluna-Bloodmoon, M|100\/100\n|move|p2a: Arceus|Dragon Dance|p2a: Arceus\n|-boost|p2a: Arceus|atk|1\n|-boost|p2a: Arceus|spe|1\n|\n|-weather|none\n|upkeep\n|turn|6\n|\n|t:|1700908652\n|move|p2a: Arceus|Earthquake|p1a: Ursaluna\n|-damage|p1a: Ursaluna|66\/100\n|move|p1a: Ursaluna|Hyper Voice|p2a: Arceus\n|-damage|p2a: Arceus|24\/100\n|\n|upkeep\n|turn|7\n|\n|t:|1700908666\n|move|p2a: Arceus|Dragon Dance|p2a: Arceus\n|-boost|p2a: Arceus|atk|1\n|-boost|p2a: Arceus|spe|1\n|move|p1a: Ursaluna|Hyper Voice|p2a: Arceus\n|-damage|p2a: Arceus|0 fnt\n|faint|p2a: Arceus\n|\n|upkeep\n|\n|t:|1700908685\n|switch|p2a: Chien-Pao|Chien-Pao|100\/100\n|-damage|p2a: Chien-Pao|76\/100|[from] Stealth Rock\n|-ability|p2a: Chien-Pao|Sword of Ruin\n|turn|8\n|\n|t:|1700908693\n|switch|p1a: Landorus|Landorus-Therian, M|1\/100\n|-ability|p1a: Landorus|Intimidate|boost\n|-unboost|p2a: Chien-Pao|atk|1\n|move|p2a: Chien-Pao|Brick Break|p1a: Landorus\n|-sideend|p1: TrafalgarLaw773|move: Light Screen\n|-resisted|p1a: Landorus\n|-damage|p1a: Landorus|0 fnt\n|-damage|p2a: Chien-Pao|59\/100|[from] item: Rocky Helmet|[of] p1a: Landorus\n|faint|p1a: Landorus\n|\n|upkeep\n|\n|t:|1700908715\n|switch|p1a: Koraidon|Koraidon|100\/100\n|-weather|SunnyDay|[from] ability: Orichalcum Pulse|[of] p1a: Koraidon\n|-activate|p1a: Koraidon|Orichalcum Pulse|[source]\n|turn|9\n|\n|t:|1700908729\n|switch|p2a: Flutter Mane|Flutter Mane, shiny|100\/100\n|-damage|p2a: Flutter Mane|88\/100|[from] Stealth Rock\n|-activate|p2a: Flutter Mane|ability: Protosynthesis\n|-start|p2a: Flutter Mane|protosynthesisspe\n|move|p1a: Koraidon|Flame Charge|p2a: Flutter Mane\n|-damage|p2a: Flutter Mane|6\/100\n|-boost|p1a: Koraidon|spe|1\n|\n|-weather|SunnyDay|[upkeep]\n|upkeep\n|turn|10\n|c|\u2606TrafalgarLaw773|!data protosynthesis\n|raw|<ul class=\"utilichart\"><li class=\"result\"><span class=\"col namecol\"><a href=\"https:\/\/dex.pokemonshowdown.com\/abilities\/protosynthesis\">Protosynthesis<\/a><\/span> <span class=\"col abilitydesccol\">Sunny Day active or Booster Energy used: highest stat is 1.3x, or 1.5x if Speed.<\/span> <\/li><li style=\"clear:both\"><\/li><\/ul>\n\n|\n|t:|1700908770\n|-terastallize|p1a: Koraidon|Steel\n|move|p2a: Flutter Mane|Moonblast|p1a: Koraidon\n|-resisted|p1a: Koraidon\n|-damage|p1a: Koraidon|75\/100\n|-unboost|p1a: Koraidon|spa|1\n|move|p1a: Koraidon|Flame Charge|p2a: Flutter Mane\n|-damage|p2a: Flutter Mane|0 fnt\n|-boost|p1a: Koraidon|spe|1\n|faint|p2a: Flutter Mane\n|-end|p2a: Flutter Mane|Protosynthesis|[silent]\n|\n|-weather|SunnyDay|[upkeep]\n|-heal|p1a: Koraidon|81\/100|[from] item: Leftovers\n|upkeep\n|\n|t:|1700908800\n|switch|p2a: Dondozo|Dondozo, F, shiny|100\/100\n|-damage|p2a: Dondozo|88\/100|[from] Stealth Rock\n|turn|11\n|\n|t:|1700908806\n|move|p1a: Koraidon|Collision Course|p2a: Dondozo\n|-damage|p2a: Dondozo|37\/100\n|move|p2a: Dondozo|Earthquake|p1a: Koraidon\n|-supereffective|p1a: Koraidon\n|-damage|p1a: Koraidon|0 fnt\n|faint|p1a: Koraidon\n|\n|-weather|SunnyDay|[upkeep]\n|upkeep\n|\n|t:|1700908817\n|switch|p1a: Flutter Mane|Flutter Mane|100\/100\n|-activate|p1a: Flutter Mane|ability: Protosynthesis\n|-start|p1a: Flutter Mane|protosynthesisspe\n|turn|12\n|\n|t:|1700908830\n|switch|p2a: Tatsugiri|Tatsugiri, M, shiny|55\/100\n|-damage|p2a: Tatsugiri|43\/100|[from] Stealth Rock\n|move|p1a: Flutter Mane|Shadow Ball|p2a: Tatsugiri\n|-damage|p2a: Tatsugiri|0 fnt\n|faint|p2a: Tatsugiri\n|\n|-weather|SunnyDay|[upkeep]\n|upkeep\n|\n|t:|1700908848\n|switch|p2a: Koraidon|Koraidon|100\/100\n|-damage|p2a: Koraidon|94\/100|[from] Stealth Rock\n|-activate|p2a: Koraidon|ability: Orichalcum Pulse\n|turn|13\n|\n|t:|1700908897\n|-end|p1a: Flutter Mane|Protosynthesis|[silent]\n|switch|p1a: Ursaluna|Ursaluna-Bloodmoon, M|66\/100\n|-terastallize|p2a: Koraidon|Fairy\n|move|p2a: Koraidon|Tera Blast|p1a: Ursaluna|[anim] Tera Blast Fairy\n|-damage|p1a: Ursaluna|11\/100\n|\n|-weather|none\n|upkeep\n|turn|14\n|\n|t:|1700908907\n|move|p2a: Koraidon|Tera Blast|p1a: Ursaluna|[anim] Tera Blast Fairy\n|-damage|p1a: Ursaluna|0 fnt\n|faint|p1a: Ursaluna\n|\n|upkeep\n|\n|t:|1700908912\n|switch|p1a: Regieleki|Regieleki|86\/100\n|turn|15\n|\n|t:|1700908919\n|move|p1a: Regieleki|Reflect|p1a: Regieleki\n|-sidestart|p1: TrafalgarLaw773|Reflect\n|move|p2a: Koraidon|Tera Blast|p1a: Regieleki|[anim] Tera Blast Fairy\n|-damage|p1a: Regieleki|34\/100\n|\n|upkeep\n|turn|16\n|\n|t:|1700908925\n|move|p1a: Regieleki|Electroweb|p2a: Koraidon\n|-damage|p2a: Koraidon|69\/100\n|-unboost|p2a: Koraidon|spe|1\n|move|p2a: Koraidon|Tera Blast|p1a: Regieleki|[anim] Tera Blast Fairy\n|-damage|p1a: Regieleki|0 fnt\n|faint|p1a: Regieleki\n|\n|upkeep\n|\n|t:|1700908931\n|switch|p1a: Flutter Mane|Flutter Mane|100\/100\n|turn|17\n|\n|t:|1700908961\n|move|p1a: Flutter Mane|Dazzling Gleam|p2a: Koraidon\n|-damage|p2a: Koraidon|5\/100\n|move|p2a: Koraidon|Tera Blast|p1a: Flutter Mane|[anim] Tera Blast Fairy\n|-damage|p1a: Flutter Mane|30\/100\n|\n|upkeep\n|turn|18\n|\n|t:|1700908969\n|move|p1a: Flutter Mane|Dazzling Gleam|p2a: Koraidon\n|-damage|p2a: Koraidon|0 fnt\n|faint|p2a: Koraidon\n|\n|upkeep\n|\n|t:|1700908976\n|switch|p2a: Chien-Pao|Chien-Pao|59\/100\n|-damage|p2a: Chien-Pao|34\/100|[from] Stealth Rock\n|-ability|p2a: Chien-Pao|Sword of Ruin\n|turn|19\n|\n|t:|1700908982\n|move|p2a: Chien-Pao|Sucker Punch|p1a: Flutter Mane\n|-damage|p1a: Flutter Mane|0 fnt\n|faint|p1a: Flutter Mane\n|-end|p1a: Flutter Mane|Protosynthesis|[silent]\n|\n|upkeep\n|\n|t:|1700908984\n|switch|p1a: Chi-Yu|Chi-Yu|100\/100\n|-ability|p1a: Chi-Yu|Beads of Ruin\n|turn|20\n|\n|t:|1700909002\n|move|p1a: Chi-Yu|Dark Pulse|p2a: Chien-Pao\n|-resisted|p2a: Chien-Pao\n|-damage|p2a: Chien-Pao|0 fnt\n|faint|p2a: Chien-Pao\n|\n|upkeep\n|\n|t:|1700909007\n|switch|p2a: Dondozo|Dondozo, F, shiny|37\/100\n|-damage|p2a: Dondozo|24\/100|[from] Stealth Rock\n|turn|21\n|\n|t:|1700909012\n|move|p1a: Chi-Yu|Dark Pulse|p2a: Dondozo\n|-damage|p2a: Dondozo|0 fnt\n|faint|p2a: Dondozo\n|\n|win|TrafalgarLaw773\n|l|\u2606Nechestivo\n","uploadtime":1700909020,"views":12,"p1id":"trafalgarlaw773","p2id":"nechestivo","formatid":"gen9ubers","rating":0,"private":0,"password":""}