{"id":"gen9ubers-1995625737","p1":"sjnamajajaj","p2":"Patalor30","format":"[Gen 9] Ubers","log":"|j|\u2606sjnamajajaj\n|j|\u2606Patalor30\n|t:|1700588625\n|gametype|singles\n|player|p1|sjnamajajaj|101|1000\n|player|p2|Patalor30|acetrainer-gen4dp|1119\n|teamsize|p1|6\n|teamsize|p2|6\n|gen|9\n|tier|[Gen 9] Ubers\n|rated|\n|rule|Sleep Clause Mod: Limit one foe put to sleep\n|rule|Species Clause: Limit one of each Pok\u00e9mon\n|rule|OHKO Clause: OHKO moves are banned\n|rule|Evasion Items Clause: Evasion items are banned\n|rule|Evasion Moves Clause: Evasion moves are banned\n|rule|Endless Battle Clause: Forcing endless battles is banned\n|rule|HP Percentage Mod: HP is shown in percentages\n|clearpoke\n|poke|p1|Rillaboom, F|\n|poke|p1|Urshifu-*, F|\n|poke|p1|Koraidon|\n|poke|p1|Zacian-*|\n|poke|p1|Cramorant, M|\n|poke|p1|Ditto|\n|poke|p2|Arceus|\n|poke|p2|Gliscor, F|\n|poke|p2|Skeledirge, F|\n|poke|p2|Miraidon|\n|poke|p2|Flutter Mane|\n|poke|p2|Ogerpon-Hearthflame, F|\n|teampreview\n|j| nevik54321\n|\n|t:|1700588633\n|start\n|switch|p1a: Cramorant|Cramorant, M|100\/100\n|switch|p2a: Gliscor|Gliscor, F|100\/100\n|turn|1\n|\n|t:|1700588641\n|switch|p2a: Miraidon|Miraidon|100\/100\n|-fieldstart|move: Electric Terrain|[from] ability: Hadron Engine|[of] p2a: Miraidon\n|move|p1a: Cramorant|Surf|p2a: Miraidon\n|-formechange|p1a: Cramorant|Cramorant-Gulping|\n|-resisted|p2a: Miraidon\n|-damage|p2a: Miraidon|88\/100\n|\n|upkeep\n|turn|2\n|\n|t:|1700588655\n|move|p2a: Miraidon|Draco Meteor|p1a: Cramorant\n|-damage|p1a: Cramorant|0 fnt\n|-unboost|p2a: Miraidon|spa|2\n|-damage|p2a: Miraidon|63\/100|[from] ability: Gulp Missile|[of] p1a: Cramorant\n|-unboost|p2a: Miraidon|def|1\n|-formechange|p1a: Cramorant|Cramorant|\n|faint|p1a: Cramorant\n|\n|upkeep\n|inactive|Battle timer is ON: inactive players will automatically lose when time's up. (requested by sjnamajajaj)\n|\n|t:|1700588668\n|switch|p1a: Urshifu|Urshifu, F|100\/100\n|turn|3\n|\n|t:|1700588676\n|switch|p2a: Gliscor|Gliscor, F|100\/100\n|move|p1a: Urshifu|Poison Jab|p2a: Gliscor\n|-resisted|p2a: Gliscor\n|-damage|p2a: Gliscor|93\/100\n|\n|-status|p2a: Gliscor|tox|[from] item: Toxic Orb\n|upkeep\n|turn|4\n|l| nevik54321\n|\n|t:|1700588688\n|move|p1a: Urshifu|Ice Punch|p2a: Gliscor\n|-supereffective|p2a: Gliscor\n|-damage|p2a: Gliscor|40\/100 tox\n|move|p2a: Gliscor|Toxic|p1a: Urshifu\n|-status|p1a: Urshifu|tox\n|\n|-damage|p1a: Urshifu|94\/100 tox|[from] psn\n|-heal|p2a: Gliscor|53\/100 tox|[from] ability: Poison Heal\n|upkeep\n|turn|5\n|\n|t:|1700588695\n|move|p2a: Gliscor|Protect|p2a: Gliscor\n|-singleturn|p2a: Gliscor|Protect\n|move|p1a: Urshifu|Ice Punch|p2a: Gliscor\n|-supereffective|p2a: Gliscor\n|-damage|p2a: Gliscor|0 fnt\n|faint|p2a: Gliscor\n|\n|-damage|p1a: Urshifu|82\/100 tox|[from] psn\n|-fieldend|move: Electric Terrain\n|upkeep\n|\n|t:|1700588708\n|switch|p2a: Flutter Mane|Flutter Mane|100\/100\n|turn|6\n|\n|t:|1700588713\n|move|p2a: Flutter Mane|Moonblast|p1a: Urshifu\n|-supereffective|p1a: Urshifu\n|-damage|p1a: Urshifu|0 fnt\n|faint|p1a: Urshifu\n|-damage|p2a: Flutter Mane|91\/100|[from] item: Life Orb\n|\n|upkeep\n|\n|t:|1700588719\n|switch|p1a: Rillaboom|Rillaboom, F|100\/100\n|turn|7\n|\n|t:|1700588733\n|-end|p2a: Flutter Mane|Protosynthesis|[silent]\n|switch|p2a: Ogerpon|Ogerpon-Hearthflame, F|100\/100\n|-ability|p2a: Ogerpon|Mold Breaker\n|move|p1a: Rillaboom|Earth Power|p2a: Ogerpon\n|-damage|p2a: Ogerpon|79\/100\n|\n|upkeep\n|turn|8\n|\n|t:|1700588741\n|move|p2a: Ogerpon|Swords Dance|p2a: Ogerpon\n|-boost|p2a: Ogerpon|atk|2\n|move|p1a: Rillaboom|Earth Power|p2a: Ogerpon\n|-damage|p2a: Ogerpon|59\/100\n|\n|upkeep\n|turn|9\n|\n|t:|1700588748\n|move|p2a: Ogerpon|Ivy Cudgel|p1a: Rillaboom|[anim] Ivy Cudgel Fire\n|-supereffective|p1a: Rillaboom\n|-damage|p1a: Rillaboom|0 fnt\n|faint|p1a: Rillaboom\n|\n|upkeep\n|\n|t:|1700588755\n|switch|p1a: Ditto|Ditto|100\/100\n|-transform|p1a: Ditto|p2a: Ogerpon|[from] ability: Imposter\n|-ability|p1a: Ditto|Mold Breaker\n|turn|10\n|\n|t:|1700588769\n|-terastallize|p2a: Ogerpon|Fire\n|detailschange|p2a: Ogerpon|Ogerpon-Hearthflame-Tera, F, tera:Fire\n|-ability|p2a: Ogerpon|Embody Aspect (Hearthflame)|boost\n|-boost|p2a: Ogerpon|atk|1\n|move|p1a: Ditto|Ivy Cudgel|p2a: Ogerpon|[anim] Ivy Cudgel Fire\n|-resisted|p2a: Ogerpon\n|-damage|p2a: Ogerpon|0 fnt\n|faint|p2a: Ogerpon\n|\n|upkeep\n|\n|t:|1700588789\n|switch|p2a: Miraidon|Miraidon|63\/100\n|-fieldstart|move: Electric Terrain|[from] ability: Hadron Engine|[of] p2a: Miraidon\n|turn|11\n|\n|t:|1700588802\n|move|p2a: Miraidon|Draco Meteor|p1a: Ditto\n|-damage|p1a: Ditto|0 fnt\n|-unboost|p2a: Miraidon|spa|2\n|faint|p1a: Ditto\n|\n|upkeep\n|\n|t:|1700588812\n|switch|p1a: Zacian|Zacian-Crowned|100\/100\n|-ability|p1a: Zacian|Intrepid Sword|boost\n|-boost|p1a: Zacian|atk|1\n|turn|12\n|\n|t:|1700588820\n|switch|p2a: Skeledirge|Skeledirge, F|100\/100\n|move|p1a: Zacian|Moonblast|p2a: Skeledirge\n|-resisted|p2a: Skeledirge\n|-damage|p2a: Skeledirge|83\/100\n|\n|upkeep\n|turn|13\n|\n|t:|1700588830\n|-terastallize|p1a: Zacian|Fairy\n|move|p1a: Zacian|Wild Charge|p2a: Skeledirge\n|-damage|p2a: Skeledirge|60\/100\n|-damage|p1a: Zacian|93\/100|[from] Recoil\n|move|p2a: Skeledirge|Torch Song|p1a: Zacian\n|-damage|p1a: Zacian|68\/100\n|-boost|p2a: Skeledirge|spa|1\n|\n|upkeep\n|turn|14\n|\n|t:|1700588842\n|move|p1a: Zacian|Close Combat|p2a: Skeledirge\n|-immune|p2a: Skeledirge\n|move|p2a: Skeledirge|Slack Off|p2a: Skeledirge\n|-heal|p2a: Skeledirge|100\/100\n|\n|upkeep\n|turn|15\n|\n|t:|1700588848\n|move|p1a: Zacian|Wild Charge|p2a: Skeledirge\n|-damage|p2a: Skeledirge|79\/100\n|-damage|p1a: Zacian|61\/100|[from] Recoil\n|move|p2a: Skeledirge|Will-O-Wisp|p1a: Zacian\n|-status|p1a: Zacian|brn\n|\n|-damage|p1a: Zacian|55\/100 brn|[from] brn\n|-fieldend|move: Electric Terrain\n|upkeep\n|turn|16\n|\n|t:|1700588856\n|move|p1a: Zacian|Wild Charge|p2a: Skeledirge\n|-damage|p2a: Skeledirge|69\/100\n|-damage|p1a: Zacian|52\/100 brn|[from] Recoil\n|move|p2a: Skeledirge|Hex|p1a: Zacian\n|-damage|p1a: Zacian|0 fnt\n|faint|p1a: Zacian\n|\n|upkeep\n|\n|t:|1700588859\n|switch|p1a: Koraidon|Koraidon|100\/100\n|-weather|SunnyDay|[from] ability: Orichalcum Pulse|[of] p1a: Koraidon\n|-activate|p1a: Koraidon|Orichalcum Pulse|[source]\n|turn|17\n|\n|t:|1700588865\n|move|p1a: Koraidon|Collision Course|p2a: Skeledirge\n|-immune|p2a: Skeledirge\n|move|p2a: Skeledirge|Will-O-Wisp|p1a: Koraidon|[miss]\n|-miss|p2a: Skeledirge|p1a: Koraidon\n|\n|-weather|SunnyDay|[upkeep]\n|upkeep\n|turn|18\n|\n|t:|1700588872\n|move|p1a: Koraidon|Dragon Pulse|p2a: Skeledirge\n|-damage|p2a: Skeledirge|32\/100\n|move|p2a: Skeledirge|Will-O-Wisp|p1a: Koraidon\n|-status|p1a: Koraidon|brn\n|\n|-weather|SunnyDay|[upkeep]\n|-damage|p1a: Koraidon|94\/100 brn|[from] brn\n|upkeep\n|turn|19\n|\n|t:|1700588879\n|switch|p2a: Flutter Mane|Flutter Mane|91\/100\n|-activate|p2a: Flutter Mane|ability: Protosynthesis\n|-start|p2a: Flutter Mane|protosynthesisspe\n|move|p1a: Koraidon|Dragon Pulse|p2a: Flutter Mane\n|-immune|p2a: Flutter Mane\n|\n|-weather|SunnyDay|[upkeep]\n|-damage|p1a: Koraidon|88\/100 brn|[from] brn\n|upkeep\n|turn|20\n|\n|t:|1700588893\n|move|p2a: Flutter Mane|Calm Mind|p2a: Flutter Mane\n|-boost|p2a: Flutter Mane|spa|1\n|-boost|p2a: Flutter Mane|spd|1\n|move|p1a: Koraidon|Solar Beam||[still]\n|-prepare|p1a: Koraidon|Solar Beam\n|-anim|p1a: Koraidon|Solar Beam|p2a: Flutter Mane\n|-damage|p2a: Flutter Mane|68\/100\n|\n|-weather|SunnyDay|[upkeep]\n|-damage|p1a: Koraidon|82\/100 brn|[from] brn\n|upkeep\n|turn|21\n|\n|t:|1700588905\n|move|p2a: Flutter Mane|Moonblast|p1a: Koraidon\n|-supereffective|p1a: Koraidon\n|-damage|p1a: Koraidon|0 fnt\n|faint|p1a: Koraidon\n|-damage|p2a: Flutter Mane|58\/100|[from] item: Life Orb\n|\n|win|Patalor30\n|raw|sjnamajajaj's rating: 1000 &rarr; <strong>1000<\/strong><br \/>(+0 for losing)\n|raw|Patalor30's rating: 1119 &rarr; <strong>1136<\/strong><br \/>(+17 for winning)\n|l|\u2606sjnamajajaj\n","uploadtime":1700588912,"views":0,"p1id":"sjnamajajaj","p2id":"patalor30","formatid":"gen9ubers","rating":1000,"private":0,"password":""}