{"id":"gen9ubers-1973854206","p1":"TooQuickGrim","p2":"Sonad~","format":"[Gen 9] Ubers","log":"|j|\u2606TooQuickGrim\n|j|\u2606Sonad~\n|t:|1698020815\n|gametype|singles\n|player|p1|TooQuickGrim|dancer|\n|player|p2|Sonad~|zinnia|\n|teamsize|p1|6\n|teamsize|p2|6\n|gen|9\n|tier|[Gen 9] Ubers\n|rule|Sleep Clause Mod: Limit one foe put to sleep\n|rule|Species Clause: Limit one of each Pok\u00e9mon\n|rule|OHKO Clause: OHKO moves are banned\n|rule|Evasion Items Clause: Evasion items are banned\n|rule|Evasion Moves Clause: Evasion moves are banned\n|rule|Endless Battle Clause: Forcing endless battles is banned\n|rule|HP Percentage Mod: HP is shown in percentages\n|clearpoke\n|poke|p1|Arceus-Grass|\n|poke|p1|Chi-Yu|\n|poke|p1|Groudon|\n|poke|p1|Annihilape, M|\n|poke|p1|Espathra, M|\n|poke|p1|Volcarona, F|\n|poke|p2|Ursaluna-Bloodmoon, M|\n|poke|p2|Miraidon|\n|poke|p2|Shaymin-Sky|\n|poke|p2|Urshifu-*, F|\n|poke|p2|Chi-Yu|\n|poke|p2|Zacian-*|\n|teampreview\n|c|\u2606Sonad~|you went the last 10 turns without doing a damaging attack lol\n|j| Hand0fD00m\n|j| Yangsta\n|c|\u2606Sonad~|Yangsta\n|c|\u2606TooQuickGrim|Bro that wasnt right \ud83d\ude02\ud83d\ude02\ud83d\ude02\n|c| Yangsta|Sonad~\n|c|\u2606Sonad~|i can tell you're mad from the amount of emojis you use\n|c|\u2606TooQuickGrim|Gl bro!\n|c| Hand0fD00m|lmao\n|c|\u2606Sonad~|hahah\n|c| Yangsta|he just laughs at everything\n|c| Hand0fD00m|gl guys\n|c| Yangsta|such a lame\n|c|\u2606Sonad~|and i would be too at that rng\n|c|\u2606TooQuickGrim|Me nah thats my girl\n|c|\u2606TooQuickGrim|Shes a clingy bitch\n|c| Yangsta|lol\n|\n|t:|1698020899\n|start\n|switch|p1a: Weevil|Volcarona, F|100\/100\n|switch|p2a: Urshifu|Urshifu-Rapid-Strike, F|100\/100\n|turn|1\n|\n|t:|1698020909\n|-terastallize|p1a: Weevil|Flying\n|move|p2a: Urshifu|Surging Strikes|p1a: Weevil\n|-crit|p1a: Weevil\n|-damage|p1a: Weevil|67\/100\n|-crit|p1a: Weevil\n|-damage|p1a: Weevil|34\/100\n|-crit|p1a: Weevil\n|-damage|p1a: Weevil|3\/100\n|-hitcount|p1a: Weevil|3\n|move|p1a: Weevil|Quiver Dance|p1a: Weevil\n|-boost|p1a: Weevil|spa|1\n|-boost|p1a: Weevil|spd|1\n|-boost|p1a: Weevil|spe|1\n|\n|upkeep\n|turn|2\n|\n|t:|1698020932\n|move|p1a: Weevil|Air Slash|p2a: Urshifu\n|-supereffective|p2a: Urshifu\n|-damage|p2a: Urshifu|0 fnt\n|faint|p2a: Urshifu\n|-damage|p1a: Weevil|0 fnt|[from] item: Life Orb\n|faint|p1a: Weevil\n|\n|upkeep\n|c| Yangsta|lmao Mar was praying for dear life there\n|\n|t:|1698020963\n|switch|p2a: Ursaluna|Ursaluna-Bloodmoon, M|100\/100\n|switch|p1a: Great Ape Vegeta|Annihilape, M|100\/100\n|turn|3\n|\n|t:|1698020997\n|move|p1a: Great Ape Vegeta|Bulk Up|p1a: Great Ape Vegeta\n|-boost|p1a: Great Ape Vegeta|atk|1\n|-boost|p1a: Great Ape Vegeta|def|1\n|move|p2a: Ursaluna|Blood Moon|p1a: Great Ape Vegeta\n|-damage|p1a: Great Ape Vegeta|3\/100\n|-enditem|p1a: Great Ape Vegeta|Sitrus Berry|[eat]\n|-heal|p1a: Great Ape Vegeta|28\/100|[from] item: Sitrus Berry\n|-damage|p2a: Ursaluna|90\/100|[from] item: Life Orb\n|\n|upkeep\n|turn|4\n|c|\u2606Sonad~|damn\n|c| Hand0fD00m|that bulk up\n|c|\u2606Sonad~|strong as heck boi\n|c|\u2606Sonad~|didnt save it\n|c|\u2606Sonad~|SpA\n|c| Hand0fD00m|oh yeah i always forget lol\n|c|\u2606Sonad~|perfectly fair\n|c| Yangsta|lol 140 and only penalty is not use next turn\n|c| Hand0fD00m|it really doesnt look like a sp attacker\n|\n|t:|1698021049\n|move|p1a: Great Ape Vegeta|Drain Punch|p2a: Ursaluna\n|-supereffective|p2a: Ursaluna\n|-damage|p2a: Ursaluna|15\/100\n|-heal|p1a: Great Ape Vegeta|66\/100|[from] drain|[of] p2a: Ursaluna\n|move|p2a: Ursaluna|Moonblast|p1a: Great Ape Vegeta\n|-supereffective|p1a: Great Ape Vegeta\n|-damage|p1a: Great Ape Vegeta|0 fnt\n|faint|p1a: Great Ape Vegeta\n|-damage|p2a: Ursaluna|5\/100|[from] item: Life Orb\n|\n|upkeep\n|c| Yangsta|what in the brokenness\n|\n|t:|1698021058\n|switch|p1a: Beep Beep|Espathra, M|100\/100\n|turn|5\n|c|\u2606Sonad~|no not at all\n|\n|t:|1698021081\n|move|p1a: Beep Beep|Substitute|p1a: Beep Beep\n|-start|p1a: Beep Beep|Substitute\n|-damage|p1a: Beep Beep|75\/100\n|move|p2a: Ursaluna|Blood Moon|p1a: Beep Beep\n|-end|p1a: Beep Beep|Substitute\n|-damage|p2a: Ursaluna|0 fnt|[from] item: Life Orb\n|faint|p2a: Ursaluna\n|\n|-ability|p1a: Beep Beep|Speed Boost|boost\n|-boost|p1a: Beep Beep|spe|1\n|upkeep\n|\n|t:|1698021097\n|switch|p2a: Shaymin|Shaymin-Sky|100\/100\n|turn|6\n|\n|t:|1698021108\n|move|p2a: Shaymin|Seed Flare|p1a: Beep Beep\n|-damage|p1a: Beep Beep|0 fnt\n|faint|p1a: Beep Beep\n|\n|upkeep\n|c|\u2606TooQuickGrim|Scarf\n|c|\u2606TooQuickGrim|has to be\n|c|\u2606TooQuickGrim|Nice\n|c|\u2606Sonad~|yesss\n|\n|t:|1698021127\n|switch|p1a: You\u2019re Grounded|Groudon|100\/100\n|-weather|SunnyDay|[from] ability: Drought|[of] p1a: You\u2019re Grounded\n|turn|7\n|c| Yangsta|bruh ur a ground\n|c|\u2606Sonad~|note why i didnt stop air slashing last game\n|\n|t:|1698021144\n|move|p2a: Shaymin|Seed Flare|p1a: You\u2019re Grounded\n|-supereffective|p1a: You\u2019re Grounded\n|-damage|p1a: You\u2019re Grounded|0 fnt\n|faint|p1a: You\u2019re Grounded\n|\n|-weather|SunnyDay|[upkeep]\n|upkeep\n|c| Yangsta|and hes scarfed into a seed flare\n|c| Yangsta|hahahahaha\n|\n|t:|1698021149\n|switch|p1a: Pyro Chaos 0|Chi-Yu|100\/100\n|-ability|p1a: Pyro Chaos 0|Beads of Ruin\n|turn|8\n|c|\u2606Sonad~|sun boost\n|\n|t:|1698021167\n|switch|p2a: Chi-Yu|Chi-Yu|100\/100\n|-ability|p2a: Chi-Yu|Beads of Ruin\n|move|p1a: Pyro Chaos 0|Heat Wave|p2a: Chi-Yu\n|-resisted|p2a: Chi-Yu\n|-damage|p2a: Chi-Yu|52\/100\n|\n|-weather|SunnyDay|[upkeep]\n|upkeep\n|turn|9\n|c| Yangsta|dont think that will help much against shaymin\n|\n|t:|1698021181\n|move|p2a: Chi-Yu|Flamethrower|p1a: Pyro Chaos 0\n|-resisted|p1a: Pyro Chaos 0\n|-damage|p1a: Pyro Chaos 0|79\/100\n|move|p1a: Pyro Chaos 0|Heat Wave|p2a: Chi-Yu\n|-resisted|p2a: Chi-Yu\n|-damage|p2a: Chi-Yu|4\/100\n|\n|-weather|SunnyDay|[upkeep]\n|upkeep\n|turn|10\n|c| Hand0fD00m|if chi yu doesnt just die itll work vs shaymin\n|c|\u2606Sonad~|why is his chi yu so much stronger\n|\n|t:|1698021222\n|move|p2a: Chi-Yu|Flamethrower|p1a: Pyro Chaos 0\n|-resisted|p1a: Pyro Chaos 0\n|-damage|p1a: Pyro Chaos 0|60\/100\n|move|p1a: Pyro Chaos 0|Heat Wave|p2a: Chi-Yu\n|-resisted|p2a: Chi-Yu\n|-damage|p2a: Chi-Yu|0 fnt\n|faint|p2a: Chi-Yu\n|\n|-weather|SunnyDay|[upkeep]\n|upkeep\n|c|\u2606TooQuickGrim|Its a sexret\n|c|\u2606Sonad~|rude\n|c| Yangsta|vested probs\n|\n|t:|1698021233\n|switch|p2a: Miraidon|Miraidon|100\/100\n|-fieldstart|move: Electric Terrain|[from] ability: Hadron Engine|[of] p2a: Miraidon\n|turn|11\n|\n|t:|1698021246\n|switch|p1a: Gang Green|Arceus-Grass|100\/100\n|move|p2a: Miraidon|Electro Drift|p1a: Gang Green\n|-resisted|p1a: Gang Green\n|-damage|p1a: Gang Green|45\/100\n|\n|-weather|none\n|upkeep\n|turn|12\n|\n|t:|1698021257\n|move|p2a: Miraidon|Electro Drift|p1a: Gang Green\n|-resisted|p1a: Gang Green\n|-damage|p1a: Gang Green|0 fnt\n|faint|p1a: Gang Green\n|\n|upkeep\n|\n|t:|1698021259\n|switch|p1a: Pyro Chaos 0|Chi-Yu|60\/100\n|-ability|p1a: Pyro Chaos 0|Beads of Ruin\n|turn|13\n|c|\u2606Sonad~|ba ba booey\n|\n|t:|1698021265\n|move|p2a: Miraidon|Electro Drift|p1a: Pyro Chaos 0\n|-damage|p1a: Pyro Chaos 0|0 fnt\n|faint|p1a: Pyro Chaos 0\n|\n|win|Sonad~\n|c|\u2606TooQuickGrim|Gg bro\n|c| Yangsta|lmao Mirai just blasted through em\n|c|\u2606Sonad~|rip\n|c| Yangsta|derrrrp blasssst em\n|l|\u2606TooQuickGrim\n|c|\u2606Sonad~|gg bro!\n|c| Hand0fD00m|gg guys!\n|c| Yangsta|gg\n|l|\u2606Sonad~\n","uploadtime":1698021280,"views":8,"p1id":"tooquickgrim","p2id":"sonad","formatid":"gen9ubers","rating":0,"private":0,"password":""}