{"id":"gen9ubers-1996510366","p1":"dialiboboss_yt","p2":"Tatertank","format":"[Gen 9] Ubers","log":"|j|\u2606dialiboboss_yt\n|j|\u2606Tatertank\n|t:|1700689092\n|gametype|singles\n|player|p1|dialiboboss_yt|101|\n|player|p2|Tatertank|169|\n|teamsize|p1|6\n|teamsize|p2|6\n|gen|9\n|tier|[Gen 9] Ubers\n|rule|Sleep Clause Mod: Limit one foe put to sleep\n|rule|Species Clause: Limit one of each Pok\u00e9mon\n|rule|OHKO Clause: OHKO moves are banned\n|rule|Evasion Items Clause: Evasion items are banned\n|rule|Evasion Moves Clause: Evasion moves are banned\n|rule|Endless Battle Clause: Forcing endless battles is banned\n|rule|HP Percentage Mod: HP is shown in percentages\n|clearpoke\n|poke|p1|Ting-Lu|\n|poke|p1|Magnezone|\n|poke|p1|Ogerpon-Cornerstone, F|\n|poke|p1|Hippowdon, M|\n|poke|p1|Orthworm, F|\n|poke|p1|Lucario, F|\n|poke|p2|Milotic, F|\n|poke|p2|Gliscor, M|\n|poke|p2|Breloom, M|\n|poke|p2|Heatran, F|\n|poke|p2|Salamence, M|\n|poke|p2|Slither Wing|\n|teampreview\n|\n|t:|1700689098\n|start\n|switch|p1a: the sun|Hippowdon, M|100\/100\n|switch|p2a: Milotic|Milotic, F, shiny|100\/100\n|-weather|Sandstorm|[from] ability: Sand Stream|[of] p1a: the sun\n|turn|1\n|\n|t:|1700689105\n|move|p2a: Milotic|Scald|p1a: the sun\n|-supereffective|p1a: the sun\n|-damage|p1a: the sun|41\/100\n|move|p1a: the sun|Yawn|p2a: Milotic\n|-start|p2a: Milotic|move: Yawn|[of] p1a: the sun\n|\n|-weather|Sandstorm|[upkeep]\n|-damage|p2a: Milotic|94\/100|[from] Sandstorm\n|-heal|p2a: Milotic|100\/100|[from] item: Leftovers\n|upkeep\n|turn|2\n|\n|t:|1700689115\n|switch|p2a: Gliscor|Gliscor, M, shiny|100\/100\n|move|p1a: the sun|Body Press|p2a: Gliscor\n|-resisted|p2a: Gliscor\n|-damage|p2a: Gliscor|87\/100\n|\n|-weather|Sandstorm|[upkeep]\n|-status|p2a: Gliscor|tox|[from] item: Toxic Orb\n|upkeep\n|turn|3\n|\n|t:|1700689126\n|move|p2a: Gliscor|Facade|p1a: the sun\n|-damage|p1a: the sun|21\/100\n|move|p1a: the sun|Body Press|p2a: Gliscor\n|-resisted|p2a: Gliscor\n|-damage|p2a: Gliscor|73\/100 tox\n|\n|-weather|Sandstorm|[upkeep]\n|-heal|p2a: Gliscor|85\/100 tox|[from] ability: Poison Heal\n|upkeep\n|turn|4\n|\n|t:|1700689145\n|move|p2a: Gliscor|Swords Dance|p2a: Gliscor\n|-boost|p2a: Gliscor|atk|2\n|move|p1a: the sun|Body Press|p2a: Gliscor\n|-resisted|p2a: Gliscor\n|-damage|p2a: Gliscor|71\/100 tox\n|\n|-weather|Sandstorm|[upkeep]\n|-heal|p2a: Gliscor|83\/100 tox|[from] ability: Poison Heal\n|upkeep\n|turn|5\n|\n|t:|1700689151\n|move|p2a: Gliscor|Swords Dance|p2a: Gliscor\n|-boost|p2a: Gliscor|atk|2\n|move|p1a: the sun|Body Press|p2a: Gliscor\n|-resisted|p2a: Gliscor\n|-damage|p2a: Gliscor|69\/100 tox\n|\n|-weather|Sandstorm|[upkeep]\n|-heal|p2a: Gliscor|81\/100 tox|[from] ability: Poison Heal\n|upkeep\n|turn|6\n|\n|t:|1700689156\n|move|p2a: Gliscor|Facade|p1a: the sun\n|-damage|p1a: the sun|0 fnt\n|faint|p1a: the sun\n|\n|-weather|Sandstorm|[upkeep]\n|-heal|p2a: Gliscor|93\/100 tox|[from] ability: Poison Heal\n|upkeep\n|\n|t:|1700689162\n|switch|p1a: rhcp|Orthworm, F|100\/100\n|turn|7\n|\n|t:|1700689167\n|-terastallize|p1a: rhcp|Electric\n|move|p2a: Gliscor|Facade|p1a: rhcp\n|-damage|p1a: rhcp|11\/100\n|move|p1a: rhcp|Coil|p1a: rhcp\n|-boost|p1a: rhcp|atk|1\n|-boost|p1a: rhcp|def|1\n|-boost|p1a: rhcp|accuracy|1\n|\n|-weather|Sandstorm|[upkeep]\n|-damage|p1a: rhcp|5\/100|[from] Sandstorm\n|-heal|p1a: rhcp|11\/100|[from] item: Leftovers\n|-heal|p2a: Gliscor|100\/100 tox|[from] ability: Poison Heal\n|upkeep\n|turn|8\n|\n|t:|1700689213\n|move|p2a: Gliscor|Facade|p1a: rhcp\n|-damage|p1a: rhcp|0 fnt\n|faint|p1a: rhcp\n|\n|-weather|none\n|upkeep\n|\n|t:|1700689225\n|switch|p1a: stray cat|Ogerpon-Cornerstone, F|100\/100\n|turn|9\n|\n|t:|1700689247\n|move|p1a: stray cat|Power Whip|p2a: Gliscor|[miss]\n|-miss|p1a: stray cat|p2a: Gliscor\n|move|p2a: Gliscor|Facade|p1a: stray cat\n|-resisted|p1a: stray cat\n|-damage|p1a: stray cat|27\/100\n|\n|upkeep\n|turn|10\n|\n|t:|1700689254\n|move|p1a: stray cat|Power Whip|p2a: Gliscor\n|-damage|p2a: Gliscor|27\/100 tox\n|move|p2a: Gliscor|Facade|p1a: stray cat\n|-resisted|p1a: stray cat\n|-damage|p1a: stray cat|0 fnt\n|faint|p1a: stray cat\n|\n|-heal|p2a: Gliscor|40\/100 tox|[from] ability: Poison Heal\n|upkeep\n|\n|t:|1700689279\n|switch|p1a: star platnium|Lucario, F|100\/100\n|turn|11\n|\n|t:|1700689296\n|move|p2a: Gliscor|Protect|p2a: Gliscor\n|-singleturn|p2a: Gliscor|Protect\n|move|p1a: star platnium|Dragon Pulse|p2a: Gliscor\n|-activate|p2a: Gliscor|move: Protect\n|\n|-heal|p2a: Gliscor|52\/100 tox|[from] ability: Poison Heal\n|upkeep\n|turn|12\n|\n|t:|1700689302\n|move|p2a: Gliscor|Earthquake|p1a: star platnium\n|-supereffective|p1a: star platnium\n|-damage|p1a: star platnium|0 fnt\n|faint|p1a: star platnium\n|\n|-heal|p2a: Gliscor|64\/100 tox|[from] ability: Poison Heal\n|upkeep\n|\n|t:|1700689306\n|switch|p1a: heirophant green|Ting-Lu|100\/100\n|-ability|p1a: heirophant green|Vessel of Ruin\n|turn|13\n|\n|t:|1700689315\n|move|p2a: Gliscor|Facade|p1a: heirophant green\n|-damage|p1a: heirophant green|54\/100\n|move|p1a: heirophant green|Body Press|p2a: Gliscor\n|-resisted|p2a: Gliscor\n|-damage|p2a: Gliscor|50\/100 tox\n|\n|-heal|p2a: Gliscor|63\/100 tox|[from] ability: Poison Heal\n|upkeep\n|turn|14\n|\n|t:|1700689320\n|move|p2a: Gliscor|Swords Dance|p2a: Gliscor\n|-boost|p2a: Gliscor|atk|2\n|move|p1a: heirophant green|Heavy Slam|p2a: Gliscor\n|-damage|p2a: Gliscor|36\/100 tox\n|\n|-heal|p2a: Gliscor|48\/100 tox|[from] ability: Poison Heal\n|upkeep\n|turn|15\n|\n|t:|1700689327\n|move|p2a: Gliscor|Facade|p1a: heirophant green\n|-damage|p1a: heirophant green|0 fnt\n|faint|p1a: heirophant green\n|\n|-heal|p2a: Gliscor|61\/100 tox|[from] ability: Poison Heal\n|upkeep\n|\n|t:|1700689331\n|switch|p1a: super fly|Magnezone|100\/100\n|turn|16\n|\n|t:|1700689335\n|move|p2a: Gliscor|Earthquake|p1a: super fly\n|-supereffective|p1a: super fly\n|-damage|p1a: super fly|0 fnt\n|faint|p1a: super fly\n|\n|win|Tatertank\n","uploadtime":1700689342,"views":8,"p1id":"dialibobossyt","p2id":"tatertank","formatid":"gen9ubers","rating":0,"private":0,"password":""}