{"id":"gen9ubers-1999103202","p1":"dialiboboss_yt","p2":"Vegaming27","format":"[Gen 9] Ubers","log":"|j|\u2606dialiboboss_yt\n|j|\u2606Vegaming27\n|t:|1701033466\n|gametype|singles\n|player|p1|dialiboboss_yt|101|\n|player|p2|Vegaming27|2|\n|teamsize|p1|6\n|teamsize|p2|6\n|gen|9\n|tier|[Gen 9] Ubers\n|rule|Sleep Clause Mod: Limit one foe put to sleep\n|rule|Species Clause: Limit one of each Pok\u00e9mon\n|rule|OHKO Clause: OHKO moves are banned\n|rule|Evasion Items Clause: Evasion items are banned\n|rule|Evasion Moves Clause: Evasion moves are banned\n|rule|Endless Battle Clause: Forcing endless battles is banned\n|rule|HP Percentage Mod: HP is shown in percentages\n|clearpoke\n|poke|p1|Magnezone|\n|poke|p1|Ogerpon-Cornerstone, F|\n|poke|p1|Lucario, M|\n|poke|p1|Hippowdon, F|\n|poke|p1|Kleavor, M|\n|poke|p1|Garchomp, M|\n|poke|p2|Samurott-Hisui, M|\n|poke|p2|Azumarill, M|\n|poke|p2|Pelipper, F|\n|poke|p2|Ogerpon-Wellspring, F|\n|poke|p2|Slowbro-Galar, M|\n|poke|p2|Tropius, F|\n|teampreview\n|\n|t:|1701033480\n|start\n|switch|p1a: super fly|Magnezone|100\/100\n|switch|p2a: Raiden|Samurott-Hisui, M, shiny|100\/100\n|turn|1\n|\n|t:|1701033490\n|move|p2a: Raiden|Flip Turn|p1a: super fly\n|-damage|p1a: super fly|76\/100\n|\n|t:|1701033496\n|switch|p2a: senator armstrong|Tropius, F|100\/100|[from] Flip Turn\n|move|p1a: super fly|Volt Switch|p2a: senator armstrong\n|-damage|p2a: senator armstrong|68\/100\n|\n|t:|1701033505\n|switch|p1a: the world|Garchomp, M|100\/100|[from] Volt Switch\n|\n|upkeep\n|turn|2\n|\n|t:|1701033529\n|move|p1a: the world|Swords Dance|p1a: the world\n|-boost|p1a: the world|atk|2\n|move|p2a: senator armstrong|Leech Seed|p1a: the world\n|-start|p1a: the world|move: Leech Seed\n|\n|-damage|p1a: the world|88\/100|[from] Leech Seed|[of] p2a: senator armstrong\n|-heal|p2a: senator armstrong|79\/100|[silent]\n|upkeep\n|turn|3\n|\n|t:|1701033535\n|move|p2a: senator armstrong|Protect|p2a: senator armstrong\n|-singleturn|p2a: senator armstrong|Protect\n|move|p1a: the world|Poison Jab|p2a: senator armstrong\n|-activate|p2a: senator armstrong|move: Protect\n|\n|-damage|p1a: the world|76\/100|[from] Leech Seed|[of] p2a: senator armstrong\n|-heal|p2a: senator armstrong|90\/100|[silent]\n|upkeep\n|turn|4\n|\n|t:|1701033550\n|-terastallize|p2a: senator armstrong|Flying\n|move|p1a: the world|Poison Jab|p2a: senator armstrong\n|-damage|p2a: senator armstrong|32\/100\n|move|p2a: senator armstrong|Giga Drain|p1a: the world\n|-damage|p1a: the world|53\/100\n|-heal|p2a: senator armstrong|43\/100|[from] drain|[of] p1a: the world\n|\n|-damage|p1a: the world|41\/100|[from] Leech Seed|[of] p2a: senator armstrong\n|-heal|p2a: senator armstrong|53\/100|[silent]\n|upkeep\n|turn|5\n|j| Shigoo\n|\n|t:|1701033562\n|switch|p1a: the sun|Hippowdon, F|100\/100\n|-weather|Sandstorm|[from] ability: Sand Stream|[of] p1a: the sun\n|move|p2a: senator armstrong|Protect||[still]\n|-fail|p2a: senator armstrong\n|\n|-weather|Sandstorm|[upkeep]\n|-damage|p2a: senator armstrong|47\/100|[from] Sandstorm\n|upkeep\n|turn|6\n|\n|t:|1701033571\n|switch|p2a: Monsoon|Pelipper, F|100\/100\n|-weather|RainDance|[from] ability: Drizzle|[of] p2a: Monsoon\n|move|p1a: the sun|Yawn|p2a: Monsoon\n|-start|p2a: Monsoon|move: Yawn|[of] p1a: the sun\n|\n|-weather|RainDance|[upkeep]\n|upkeep\n|turn|7\n|\n|t:|1701033579\n|move|p1a: the sun|Protect|p1a: the sun\n|-singleturn|p1a: the sun|Protect\n|move|p2a: Monsoon|U-turn|p1a: the sun\n|-activate|p1a: the sun|move: Protect\n|\n|-weather|RainDance|[upkeep]\n|-end|p2a: Monsoon|move: Yawn|[silent]\n|-status|p2a: Monsoon|slp\n|upkeep\n|turn|8\n|\n|t:|1701033591\n|switch|p2a: mistral|Ogerpon-Wellspring, F|100\/100\n|switch|p1a: super fly|Magnezone|76\/100\n|\n|-weather|RainDance|[upkeep]\n|-heal|p1a: super fly|82\/100|[from] item: Leftovers\n|upkeep\n|turn|9\n|\n|t:|1701033608\n|move|p2a: mistral|Spiky Shield|p2a: mistral\n|-singleturn|p2a: mistral|move: Protect\n|move|p1a: super fly|Thunder Wave|p2a: mistral\n|-activate|p2a: mistral|move: Protect\n|\n|-weather|RainDance|[upkeep]\n|-heal|p1a: super fly|88\/100|[from] item: Leftovers\n|upkeep\n|turn|10\n|\n|t:|1701033619\n|move|p2a: mistral|Ivy Cudgel|p1a: super fly|[anim] Ivy Cudgel Water\n|-damage|p1a: super fly|3\/100\n|move|p1a: super fly|Thunder Wave|p2a: mistral\n|-status|p2a: mistral|par\n|\n|-weather|none\n|-heal|p1a: super fly|9\/100|[from] item: Leftovers\n|upkeep\n|turn|11\n|\n|t:|1701033628\n|cant|p2a: mistral|par\n|move|p1a: super fly|Volt Switch|p2a: mistral\n|-damage|p2a: mistral|36\/100 par\n|\n|t:|1701033634\n|switch|p1a: silver chariot|Kleavor, M, shiny|100\/100|[from] Volt Switch\n|\n|upkeep\n|turn|12\n|\n|t:|1701033640\n|switch|p2a: Monsoon|Pelipper, F|100\/100 slp\n|-weather|RainDance|[from] ability: Drizzle|[of] p2a: Monsoon\n|move|p1a: silver chariot|Stone Axe|p2a: Monsoon\n|-supereffective|p2a: Monsoon\n|-damage|p2a: Monsoon|20\/100 slp\n|-sidestart|p2: Vegaming27|move: Stealth Rock\n|\n|-weather|RainDance|[upkeep]\n|-heal|p2a: Monsoon|26\/100 slp|[from] item: Leftovers\n|upkeep\n|turn|13\n|\n|t:|1701033652\n|switch|p2a: Sundowner|Slowbro-Galar, M, shiny|100\/100\n|-damage|p2a: Sundowner|88\/100|[from] Stealth Rock\n|move|p1a: silver chariot|Stone Axe|p2a: Sundowner|[miss]\n|-miss|p1a: silver chariot|p2a: Sundowner\n|\n|-weather|RainDance|[upkeep]\n|upkeep\n|turn|14\n|\n|t:|1701033665\n|move|p1a: silver chariot|Stone Axe|p2a: Sundowner\n|-damage|p2a: Sundowner|40\/100\n|move|p2a: Sundowner|Hydro Pump|p1a: silver chariot\n|-supereffective|p1a: silver chariot\n|-damage|p1a: silver chariot|0 fnt\n|faint|p1a: silver chariot\n|\n|-weather|RainDance|[upkeep]\n|upkeep\n|\n|t:|1701033675\n|switch|p1a: the sun|Hippowdon, F|100\/100\n|-weather|Sandstorm|[from] ability: Sand Stream|[of] p1a: the sun\n|turn|15\n|\n|t:|1701033687\n|move|p1a: the sun|Earthquake|p2a: Sundowner\n|-supereffective|p2a: Sundowner\n|-damage|p2a: Sundowner|0 fnt\n|faint|p2a: Sundowner\n|\n|-weather|Sandstorm|[upkeep]\n|upkeep\n|\n|t:|1701033693\n|switch|p2a: senator armstrong|Tropius, F, tera:Flying|47\/100\n|-damage|p2a: senator armstrong|22\/100|[from] Stealth Rock\n|-enditem|p2a: senator armstrong|Aguav Berry|[eat]\n|-heal|p2a: senator armstrong|56\/100|[from] item: Aguav Berry\n|turn|16\n|\n|t:|1701033701\n|move|p2a: senator armstrong|Leech Seed|p1a: the sun\n|-start|p1a: the sun|move: Leech Seed\n|move|p1a: the sun|Yawn|p2a: senator armstrong\n|-start|p2a: senator armstrong|move: Yawn|[of] p1a: the sun\n|\n|-weather|Sandstorm|[upkeep]\n|-damage|p2a: senator armstrong|50\/100|[from] Sandstorm\n|-damage|p1a: the sun|88\/100|[from] Leech Seed|[of] p2a: senator armstrong\n|-heal|p2a: senator armstrong|62\/100|[silent]\n|upkeep\n|turn|17\n|\n|t:|1701033714\n|switch|p2a: Monsoon|Pelipper, F|26\/100 slp\n|-damage|p2a: Monsoon|1\/100 slp|[from] Stealth Rock\n|-weather|RainDance|[from] ability: Drizzle|[of] p2a: Monsoon\n|move|p1a: the sun|Protect||[still]\n|-fail|p1a: the sun\n|\n|-weather|RainDance|[upkeep]\n|-heal|p2a: Monsoon|8\/100 slp|[from] item: Leftovers\n|-heal|p1a: the sun|94\/100|[from] item: Leftovers\n|-damage|p1a: the sun|82\/100|[from] Leech Seed|[of] p2a: Monsoon\n|-heal|p2a: Monsoon|24\/100 slp|[silent]\n|upkeep\n|turn|18\n|\n|t:|1701033726\n|switch|p1a: star platinum|Lucario, M|100\/100\n|cant|p2a: Monsoon|slp\n|\n|-weather|RainDance|[upkeep]\n|-heal|p2a: Monsoon|30\/100 slp|[from] item: Leftovers\n|upkeep\n|turn|19\n|\n|t:|1701033738\n|-curestatus|p2a: Monsoon|slp|[msg]\n|move|p2a: Monsoon|Protect|p2a: Monsoon\n|-singleturn|p2a: Monsoon|Protect\n|move|p1a: star platinum|Bullet Punch|p2a: Monsoon\n|-activate|p2a: Monsoon|move: Protect\n|\n|-weather|RainDance|[upkeep]\n|-heal|p2a: Monsoon|36\/100|[from] item: Leftovers\n|upkeep\n|turn|20\n|j| Tatertank\n|\n|t:|1701033760\n|move|p1a: star platinum|Bullet Punch|p2a: Monsoon\n|-resisted|p2a: Monsoon\n|-damage|p2a: Monsoon|29\/100\n|move|p2a: Monsoon|Roost|p2a: Monsoon\n|-heal|p2a: Monsoon|79\/100\n|-singleturn|p2a: Monsoon|move: Roost\n|\n|-weather|RainDance|[upkeep]\n|-heal|p2a: Monsoon|85\/100|[from] item: Leftovers\n|upkeep\n|turn|21\n|\n|t:|1701033770\n|move|p1a: star platinum|Thunder Punch|p2a: Monsoon\n|-supereffective|p2a: Monsoon\n|-damage|p2a: Monsoon|7\/100\n|move|p2a: Monsoon|Tailwind|p2a: Monsoon\n|-sidestart|p2: Vegaming27|move: Tailwind\n|\n|-weather|none\n|-heal|p2a: Monsoon|13\/100|[from] item: Leftovers\n|upkeep\n|turn|22\n|\n|t:|1701033781\n|-terastallize|p1a: star platinum|Steel\n|move|p2a: Monsoon|Roost|p2a: Monsoon\n|-heal|p2a: Monsoon|63\/100\n|-singleturn|p2a: Monsoon|move: Roost\n|move|p1a: star platinum|Thunder Punch|p2a: Monsoon\n|-supereffective|p2a: Monsoon\n|-damage|p2a: Monsoon|26\/100\n|\n|-heal|p2a: Monsoon|32\/100|[from] item: Leftovers\n|upkeep\n|turn|23\n|\n|t:|1701033791\n|move|p2a: Monsoon|Roost|p2a: Monsoon\n|-heal|p2a: Monsoon|82\/100\n|-singleturn|p2a: Monsoon|move: Roost\n|move|p1a: star platinum|Thunder Punch|p2a: Monsoon\n|-supereffective|p2a: Monsoon\n|-damage|p2a: Monsoon|42\/100\n|\n|-heal|p2a: Monsoon|49\/100|[from] item: Leftovers\n|upkeep\n|turn|24\n|\n|t:|1701033800\n|move|p2a: Monsoon|Roost|p2a: Monsoon\n|-heal|p2a: Monsoon|99\/100\n|-singleturn|p2a: Monsoon|move: Roost\n|move|p1a: star platinum|Thunder Punch|p2a: Monsoon\n|-supereffective|p2a: Monsoon\n|-damage|p2a: Monsoon|62\/100\n|\n|-heal|p2a: Monsoon|68\/100|[from] item: Leftovers\n|-sideend|p2: Vegaming27|move: Tailwind\n|upkeep\n|turn|25\n|\n|t:|1701033808\n|switch|p1a: the sun|Hippowdon, F|82\/100\n|-weather|Sandstorm|[from] ability: Sand Stream|[of] p1a: the sun\n|move|p2a: Monsoon|Tailwind|p2a: Monsoon\n|-sidestart|p2: Vegaming27|move: Tailwind\n|\n|-weather|Sandstorm|[upkeep]\n|-damage|p2a: Monsoon|62\/100|[from] Sandstorm\n|-heal|p2a: Monsoon|68\/100|[from] item: Leftovers\n|-heal|p1a: the sun|88\/100|[from] item: Leftovers\n|upkeep\n|turn|26\n|\n|t:|1701033818\n|move|p1a: the sun|Protect|p1a: the sun\n|-singleturn|p1a: the sun|Protect\n|move|p2a: Monsoon|U-turn|p1a: the sun\n|-activate|p1a: the sun|move: Protect\n|\n|-weather|Sandstorm|[upkeep]\n|-damage|p2a: Monsoon|62\/100|[from] Sandstorm\n|-heal|p2a: Monsoon|68\/100|[from] item: Leftovers\n|-heal|p1a: the sun|94\/100|[from] item: Leftovers\n|upkeep\n|turn|27\n|\n|t:|1701033828\n|move|p2a: Monsoon|U-turn|p1a: the sun\n|-damage|p1a: the sun|90\/100\n|\n|t:|1701033832\n|switch|p2a: jetstream sam|Azumarill, M|100\/100|[from] U-turn\n|-damage|p2a: jetstream sam|88\/100|[from] Stealth Rock\n|move|p1a: the sun|Yawn|p2a: jetstream sam\n|-start|p2a: jetstream sam|move: Yawn|[of] p1a: the sun\n|\n|-weather|Sandstorm|[upkeep]\n|-damage|p2a: jetstream sam|82\/100|[from] Sandstorm\n|-heal|p1a: the sun|96\/100|[from] item: Leftovers\n|upkeep\n|turn|28\n|\n|t:|1701033844\n|move|p1a: the sun|Protect|p1a: the sun\n|-singleturn|p1a: the sun|Protect\n|move|p2a: jetstream sam|Aqua Jet|p1a: the sun\n|-activate|p1a: the sun|move: Protect\n|\n|-weather|Sandstorm|[upkeep]\n|-damage|p2a: jetstream sam|76\/100|[from] Sandstorm\n|-heal|p1a: the sun|100\/100|[from] item: Leftovers\n|-end|p2a: jetstream sam|move: Yawn|[silent]\n|-status|p2a: jetstream sam|slp\n|-sideend|p2: Vegaming27|move: Tailwind\n|upkeep\n|turn|29\n|\n|t:|1701033866\n|switch|p2a: senator armstrong|Tropius, F, tera:Flying|62\/100\n|-damage|p2a: senator armstrong|38\/100|[from] Stealth Rock\n|switch|p1a: super fly|Magnezone|9\/100\n|\n|-weather|none\n|-heal|p1a: super fly|15\/100|[from] item: Leftovers\n|upkeep\n|turn|30\n|\n|t:|1701033878\n|move|p2a: senator armstrong|Protect|p2a: senator armstrong\n|-singleturn|p2a: senator armstrong|Protect\n|move|p1a: super fly|Volt Switch|p2a: senator armstrong\n|-activate|p2a: senator armstrong|move: Protect\n|\n|-heal|p1a: super fly|21\/100|[from] item: Leftovers\n|-item|p2a: senator armstrong|Aguav Berry|[from] ability: Harvest\n|upkeep\n|turn|31\n|\n|t:|1701033898\n|switch|p2a: mistral|Ogerpon-Wellspring, F|36\/100 par\n|-damage|p2a: mistral|23\/100 par|[from] Stealth Rock\n|move|p1a: super fly|Volt Switch|p2a: mistral\n|-damage|p2a: mistral|0 fnt\n|faint|p2a: mistral\n|\n|t:|1701033910\n|switch|p1a: stray cat|Ogerpon-Cornerstone, F|100\/100|[from] Volt Switch\n|\n|upkeep\n|\n|t:|1701033914\n|switch|p2a: Raiden|Samurott-Hisui, M, shiny|100\/100\n|-damage|p2a: Raiden|88\/100|[from] Stealth Rock\n|turn|32\n|\n|t:|1701033922\n|move|p2a: Raiden|Sacred Sword|p1a: stray cat\n|-supereffective|p1a: stray cat\n|-ability|p1a: stray cat|Sturdy\n|-damage|p1a: stray cat|1\/100\n|move|p1a: stray cat|Trailblaze|p2a: Raiden\n|-supereffective|p2a: Raiden\n|-damage|p2a: Raiden|13\/100\n|-boost|p1a: stray cat|spe|1\n|\n|upkeep\n|turn|33\n|\n|t:|1701033943\n|switch|p2a: Monsoon|Pelipper, F|68\/100\n|-damage|p2a: Monsoon|43\/100|[from] Stealth Rock\n|-weather|RainDance|[from] ability: Drizzle|[of] p2a: Monsoon\n|move|p1a: stray cat|Trailblaze|p2a: Monsoon\n|-damage|p2a: Monsoon|22\/100\n|-boost|p1a: stray cat|spe|1\n|\n|-weather|RainDance|[upkeep]\n|-heal|p2a: Monsoon|28\/100|[from] item: Leftovers\n|upkeep\n|turn|34\n|\n|t:|1701033955\n|move|p1a: stray cat|Ivy Cudgel|p2a: Monsoon|[anim] Ivy Cudgel Rock\n|-supereffective|p2a: Monsoon\n|-damage|p2a: Monsoon|0 fnt\n|faint|p2a: Monsoon\n|\n|-weather|RainDance|[upkeep]\n|upkeep\n|\n|t:|1701033961\n|switch|p2a: jetstream sam|Azumarill, M|76\/100 slp\n|-damage|p2a: jetstream sam|63\/100 slp|[from] Stealth Rock\n|turn|35\n|\n|t:|1701033967\n|cant|p2a: jetstream sam|slp\n|move|p1a: stray cat|Trailblaze|p2a: jetstream sam\n|-supereffective|p2a: jetstream sam\n|-damage|p2a: jetstream sam|0 fnt\n|-boost|p1a: stray cat|spe|1\n|faint|p2a: jetstream sam\n|\n|-weather|RainDance|[upkeep]\n|upkeep\n|\n|t:|1701033975\n|switch|p2a: senator armstrong|Tropius, F, tera:Flying|38\/100\n|-damage|p2a: senator armstrong|13\/100|[from] Stealth Rock\n|-enditem|p2a: senator armstrong|Aguav Berry|[eat]\n|-heal|p2a: senator armstrong|46\/100|[from] item: Aguav Berry\n|turn|36\n|\n|t:|1701033985\n|move|p1a: stray cat|Ivy Cudgel|p2a: senator armstrong|[anim] Ivy Cudgel Rock\n|-supereffective|p2a: senator armstrong\n|-damage|p2a: senator armstrong|0 fnt\n|faint|p2a: senator armstrong\n|\n|-weather|RainDance|[upkeep]\n|upkeep\n|\n|t:|1701033990\n|switch|p2a: Raiden|Samurott-Hisui, M, shiny|13\/100\n|-damage|p2a: Raiden|0 fnt|[from] Stealth Rock\n|faint|p2a: Raiden\n|\n|win|dialiboboss_yt\n","uploadtime":1701033998,"views":3,"p1id":"dialibobossyt","p2id":"vegaming27","formatid":"gen9ubers","rating":0,"private":0,"password":""}