{"id":"gen9ubers-1998237013","p1":"vmgmhhm","p2":"Thhjjyhe","format":"[Gen 9] Ubers","log":"|j|\u2606vmgmhhm\n|j|\u2606Thhjjyhe\n|t:|1700917760\n|gametype|singles\n|player|p1|vmgmhhm|266|1000\n|player|p2|Thhjjyhe|n|1000\n|teamsize|p1|6\n|teamsize|p2|6\n|gen|9\n|tier|[Gen 9] Ubers\n|rated|\n|rule|Sleep Clause Mod: Limit one foe put to sleep\n|rule|Species Clause: Limit one of each Pok\u00e9mon\n|rule|OHKO Clause: OHKO moves are banned\n|rule|Evasion Items Clause: Evasion items are banned\n|rule|Evasion Moves Clause: Evasion moves are banned\n|rule|Endless Battle Clause: Forcing endless battles is banned\n|rule|HP Percentage Mod: HP is shown in percentages\n|clearpoke\n|poke|p1|Sneasler, M|\n|poke|p1|Grimmsnarl, M|\n|poke|p1|Miraidon|\n|poke|p1|Zacian-*|\n|poke|p1|Arceus-Ground|\n|poke|p1|Calyrex-Ice|\n|poke|p2|Ceruledge, F|\n|poke|p2|Walking Wake|\n|poke|p2|Hatterene, F|\n|poke|p2|Kingambit, M|\n|poke|p2|Ogerpon-Cornerstone, F|\n|poke|p2|Enamorus, F|\n|teampreview\n|\n|t:|1700917776\n|start\n|switch|p1a: Grimmsnarl|Grimmsnarl, M|100\/100\n|switch|p2a: Enamorus|Enamorus, F|100\/100\n|turn|1\n|\n|t:|1700917786\n|move|p1a: Grimmsnarl|Light Screen|p1a: Grimmsnarl\n|-sidestart|p1: vmgmhhm|move: Light Screen\n|move|p2a: Enamorus|Moonblast|p1a: Grimmsnarl\n|-supereffective|p1a: Grimmsnarl\n|-damage|p1a: Grimmsnarl|63\/100\n|\n|upkeep\n|turn|2\n|\n|t:|1700917793\n|move|p1a: Grimmsnarl|Reflect|p1a: Grimmsnarl\n|-sidestart|p1: vmgmhhm|Reflect\n|move|p2a: Enamorus|Moonblast|p1a: Grimmsnarl\n|-supereffective|p1a: Grimmsnarl\n|-damage|p1a: Grimmsnarl|26\/100\n|\n|upkeep\n|turn|3\n|\n|t:|1700917804\n|switch|p1a: Zacian|Zacian-Crowned|100\/100\n|-ability|p1a: Zacian|Intrepid Sword|boost\n|-boost|p1a: Zacian|atk|1\n|move|p2a: Enamorus|Moonblast|p1a: Zacian\n|-resisted|p1a: Zacian\n|-damage|p1a: Zacian|88\/100\n|\n|upkeep\n|turn|4\n|\n|t:|1700917815\n|switch|p2a: Hatterene|Hatterene, F|100\/100\n|move|p1a: Zacian|Swords Dance|p1a: Zacian\n|-boost|p1a: Zacian|atk|2\n|\n|upkeep\n|turn|5\n|\n|t:|1700917823\n|move|p1a: Zacian|Behemoth Blade|p2a: Hatterene\n|-supereffective|p2a: Hatterene\n|-damage|p2a: Hatterene|0 fnt\n|faint|p2a: Hatterene\n|\n|upkeep\n|\n|t:|1700917831\n|switch|p2a: Ogerpon|Ogerpon-Cornerstone, F|100\/100\n|turn|6\n|\n|t:|1700917841\n|move|p1a: Zacian|Behemoth Blade|p2a: Ogerpon\n|-supereffective|p2a: Ogerpon\n|-ability|p2a: Ogerpon|Sturdy\n|-damage|p2a: Ogerpon|1\/100\n|move|p2a: Ogerpon|Low Kick|p1a: Zacian\n|-damage|p1a: Zacian|64\/100\n|\n|upkeep\n|turn|7\n|\n|t:|1700917851\n|move|p1a: Zacian|Behemoth Blade|p2a: Ogerpon\n|-supereffective|p2a: Ogerpon\n|-damage|p2a: Ogerpon|0 fnt\n|faint|p2a: Ogerpon\n|\n|upkeep\n|\n|t:|1700917856\n|switch|p2a: Ceruledge|Ceruledge, F|100\/100\n|turn|8\n|\n|t:|1700917863\n|-terastallize|p1a: Zacian|Ground\n|move|p1a: Zacian|Tera Blast|p2a: Ceruledge|[anim] Tera Blast Ground\n|-supereffective|p2a: Ceruledge\n|-enditem|p2a: Ceruledge|Focus Sash\n|-damage|p2a: Ceruledge|1\/100\n|-ability|p2a: Ceruledge|Weak Armor|boost\n|-unboost|p2a: Ceruledge|def|1\n|-boost|p2a: Ceruledge|spe|2\n|move|p2a: Ceruledge|Swords Dance|p2a: Ceruledge\n|-boost|p2a: Ceruledge|atk|2\n|\n|-sideend|p1: vmgmhhm|move: Light Screen\n|upkeep\n|turn|9\n|\n|t:|1700917877\n|-terastallize|p2a: Ceruledge|Ghost\n|move|p2a: Ceruledge|Poltergeist|p1a: Zacian\n|-activate|p1a: Zacian|move: Poltergeist|Rusted Sword\n|-damage|p1a: Zacian|0 fnt\n|faint|p1a: Zacian\n|\n|-sideend|p1: vmgmhhm|Reflect\n|upkeep\n|\n|t:|1700917901\n|switch|p1a: Miraidon|Miraidon|100\/100\n|-fieldstart|move: Electric Terrain|[from] ability: Hadron Engine|[of] p1a: Miraidon\n|-enditem|p1a: Miraidon|Electric Seed\n|-boost|p1a: Miraidon|def|1|[from] item: Electric Seed\n|turn|10\n|\n|t:|1700917909\n|move|p2a: Ceruledge|Poltergeist||[still]\n|-fail|p2a: Ceruledge\n|move|p1a: Miraidon|Parabolic Charge|p2a: Ceruledge\n|-damage|p2a: Ceruledge|0 fnt\n|faint|p2a: Ceruledge\n|\n|upkeep\n|\n|t:|1700917916\n|switch|p2a: Enamorus|Enamorus, F|100\/100\n|turn|11\n|\n|t:|1700917921\n|move|p2a: Enamorus|Moonblast|p1a: Miraidon\n|-supereffective|p1a: Miraidon\n|-damage|p1a: Miraidon|8\/100\n|move|p1a: Miraidon|Parabolic Charge|p2a: Enamorus\n|-supereffective|p2a: Enamorus\n|-damage|p2a: Enamorus|0 fnt\n|-heal|p1a: Miraidon|51\/100|[from] drain|[of] p2a: Enamorus\n|faint|p2a: Enamorus\n|\n|upkeep\n|\n|t:|1700917932\n|switch|p2a: Kingambit|Kingambit, M|100\/100\n|-activate|p2a: Kingambit|ability: Supreme Overlord\n|-start|p2a: Kingambit|fallen4|[silent]\n|turn|12\n|\n|t:|1700917938\n|move|p1a: Miraidon|Taunt|p2a: Kingambit\n|-start|p2a: Kingambit|move: Taunt\n|cant|p2a: Kingambit|move: Taunt|Swords Dance\n|\n|upkeep\n|turn|13\n|\n|t:|1700917944\n|move|p2a: Kingambit|Sucker Punch|p1a: Miraidon\n|-damage|p1a: Miraidon|10\/100\n|move|p1a: Miraidon|Parabolic Charge|p2a: Kingambit\n|-damage|p2a: Kingambit|32\/100\n|-heal|p1a: Miraidon|44\/100|[from] drain|[of] p2a: Kingambit\n|\n|upkeep\n|turn|14\n|\n|t:|1700917951\n|-end|p2a: Kingambit|fallen4|[silent]\n|switch|p2a: Walking Wake|Walking Wake|100\/100\n|-enditem|p2a: Walking Wake|Booster Energy\n|-activate|p2a: Walking Wake|ability: Protosynthesis|[fromitem]\n|-start|p2a: Walking Wake|protosynthesisspa\n|move|p1a: Miraidon|Parabolic Charge|p2a: Walking Wake\n|-damage|p2a: Walking Wake|30\/100\n|-heal|p1a: Miraidon|79\/100|[from] drain|[of] p2a: Walking Wake\n|\n|-fieldend|move: Electric Terrain\n|upkeep\n|turn|15\n|\n|t:|1700917964\n|switch|p1a: Grimmsnarl|Grimmsnarl, M|26\/100\n|move|p2a: Walking Wake|Dragon Pulse|p1a: Grimmsnarl\n|-immune|p1a: Grimmsnarl\n|\n|upkeep\n|turn|16\n|\n|t:|1700917970\n|move|p1a: Grimmsnarl|Light Screen|p1a: Grimmsnarl\n|-sidestart|p1: vmgmhhm|move: Light Screen\n|move|p2a: Walking Wake|Hydro Steam|p1a: Grimmsnarl\n|-damage|p1a: Grimmsnarl|3\/100\n|\n|upkeep\n|turn|17\n|\n|t:|1700917976\n|move|p1a: Grimmsnarl|Reflect|p1a: Grimmsnarl\n|-sidestart|p1: vmgmhhm|Reflect\n|move|p2a: Walking Wake|Hydro Steam|p1a: Grimmsnarl\n|-damage|p1a: Grimmsnarl|0 fnt\n|faint|p1a: Grimmsnarl\n|\n|upkeep\n|-message|Thhjjyhe forfeited.\n|\n|win|vmgmhhm\n|raw|vmgmhhm's rating: 1000 &rarr; <strong>1040<\/strong><br \/>(+40 for winning)\n|raw|Thhjjyhe's rating: 1000 &rarr; <strong>1000<\/strong><br \/>(+0 for losing)\n|l|\u2606Thhjjyhe\n","uploadtime":1700917981,"views":0,"p1id":"vmgmhhm","p2id":"thhjjyhe","formatid":"gen9ubers","rating":1000,"private":0,"password":""}