{"id":"gen9ubers-1970166900","p1":"Amaterasu3597","p2":"Apollo896","format":"[Gen 9] Ubers","log":"|j|\u2606Amaterasu3597\n|j|\u2606Apollo896\n|t:|1697603965\n|gametype|singles\n|player|p1|Amaterasu3597|101|\n|player|p2|Apollo896|102|\n|teamsize|p1|6\n|teamsize|p2|6\n|gen|9\n|tier|[Gen 9] Ubers\n|rule|Sleep Clause Mod: Limit one foe put to sleep\n|rule|Species Clause: Limit one of each Pok\u00e9mon\n|rule|OHKO Clause: OHKO moves are banned\n|rule|Evasion Items Clause: Evasion items are banned\n|rule|Evasion Moves Clause: Evasion moves are banned\n|rule|Endless Battle Clause: Forcing endless battles is banned\n|rule|HP Percentage Mod: HP is shown in percentages\n|clearpoke\n|poke|p1|Cinderace, M|\n|poke|p1|Gengar, F|\n|poke|p1|Torterra, F|\n|poke|p1|Roaring Moon|\n|poke|p1|Great Tusk|\n|poke|p1|Mew|\n|poke|p2|Cinderace, M|\n|poke|p2|Gengar, M|\n|poke|p2|Torterra, F|\n|poke|p2|Great Tusk|\n|poke|p2|Roaring Moon|\n|poke|p2|Mew|\n|teampreview\n|\n|t:|1697603972\n|start\n|switch|p1a: Cinderace|Cinderace, M|100\/100\n|switch|p2a: Roaring Moon|Roaring Moon|100\/100\n|turn|1\n|\n|t:|1697603980\n|-terastallize|p2a: Roaring Moon|Dragon\n|move|p1a: Cinderace|High Jump Kick|p2a: Roaring Moon\n|-start|p1a: Cinderace|typechange|Fighting|[from] ability: Libero\n|-damage|p2a: Roaring Moon|12\/100\n|move|p2a: Roaring Moon|Draco Meteor|p1a: Cinderace\n|-damage|p1a: Cinderace|64\/100\n|-unboost|p2a: Roaring Moon|spa|2\n|\n|upkeep\n|turn|2\n|\n|t:|1697603991\n|move|p1a: Cinderace|U-turn|p2a: Roaring Moon\n|-damage|p2a: Roaring Moon|0 fnt\n|faint|p2a: Roaring Moon\n|-end|p2a: Roaring Moon|Protosynthesis|[silent]\n|\n|t:|1697603993\n|switch|p1a: Great Tusk|Great Tusk|100\/100|[from] U-turn\n|\n|upkeep\n|\n|t:|1697603998\n|switch|p2a: Great Tusk|Great Tusk|100\/100\n|turn|3\n|\n|t:|1697604003\n|move|p2a: Great Tusk|Flash Cannon|p1a: Great Tusk\n|-damage|p1a: Great Tusk|87\/100\n|move|p1a: Great Tusk|Stealth Rock|p2a: Great Tusk\n|-sidestart|p2: Apollo896|move: Stealth Rock\n|\n|upkeep\n|turn|4\n|\n|t:|1697604009\n|move|p2a: Great Tusk|Headlong Rush|p1a: Great Tusk\n|-damage|p1a: Great Tusk|55\/100\n|-unboost|p2a: Great Tusk|def|1\n|-unboost|p2a: Great Tusk|spd|1\n|move|p1a: Great Tusk|Knock Off|p2a: Great Tusk\n|-resisted|p2a: Great Tusk\n|-damage|p2a: Great Tusk|90\/100\n|\n|upkeep\n|turn|5\n|\n|t:|1697604018\n|move|p2a: Great Tusk|Earthquake|p1a: Great Tusk\n|-damage|p1a: Great Tusk|30\/100\n|-enditem|p1a: Great Tusk|Sitrus Berry|[eat]\n|-heal|p1a: Great Tusk|55\/100|[from] item: Sitrus Berry\n|move|p1a: Great Tusk|Earthquake|p2a: Great Tusk\n|-damage|p2a: Great Tusk|40\/100\n|\n|upkeep\n|turn|6\n|\n|t:|1697604026\n|move|p2a: Great Tusk|Megahorn|p1a: Great Tusk\n|-resisted|p1a: Great Tusk\n|-damage|p1a: Great Tusk|45\/100\n|move|p1a: Great Tusk|Rapid Spin|p2a: Great Tusk\n|-damage|p2a: Great Tusk|23\/100\n|-boost|p1a: Great Tusk|spe|1\n|\n|upkeep\n|turn|7\n|\n|t:|1697604039\n|-end|p2a: Great Tusk|Protosynthesis|[silent]\n|switch|p2a: Mew|Mew|100\/100\n|-damage|p2a: Mew|88\/100|[from] Stealth Rock\n|move|p1a: Great Tusk|Rapid Spin|p2a: Mew\n|-damage|p2a: Mew|72\/100\n|-boost|p1a: Great Tusk|spe|1\n|\n|upkeep\n|turn|8\n|\n|t:|1697604047\n|move|p1a: Great Tusk|Knock Off|p2a: Mew\n|-supereffective|p2a: Mew\n|-damage|p2a: Mew|29\/100\n|move|p2a: Mew|Acrobatics|p1a: Great Tusk\n|-supereffective|p1a: Great Tusk\n|-damage|p1a: Great Tusk|11\/100\n|\n|upkeep\n|turn|9\n|\n|t:|1697604080\n|move|p1a: Great Tusk|Knock Off|p2a: Mew\n|-supereffective|p2a: Mew\n|-damage|p2a: Mew|0 fnt\n|faint|p2a: Mew\n|\n|upkeep\n|\n|t:|1697604085\n|switch|p2a: Gengar|Gengar, M|100\/100\n|-damage|p2a: Gengar|88\/100|[from] Stealth Rock\n|turn|10\n|\n|t:|1697604091\n|move|p1a: Great Tusk|Earthquake|p2a: Gengar\n|-supereffective|p2a: Gengar\n|-crit|p2a: Gengar\n|-damage|p2a: Gengar|0 fnt\n|faint|p2a: Gengar\n|\n|upkeep\n|\n|t:|1697604097\n|switch|p2a: Torterra|Torterra, F|100\/100\n|-damage|p2a: Torterra|94\/100|[from] Stealth Rock\n|turn|11\n|\n|t:|1697604104\n|-end|p1a: Great Tusk|Protosynthesis|[silent]\n|switch|p1a: Mew|Mew|100\/100\n|move|p2a: Torterra|Giga Drain|p1a: Mew\n|-damage|p1a: Mew|82\/100\n|-heal|p2a: Torterra|100\/100|[from] drain|[of] p1a: Mew\n|\n|-heal|p1a: Mew|89\/100|[from] item: Leftovers\n|upkeep\n|turn|12\n|\n|t:|1697604119\n|move|p1a: Mew|Toxic|p2a: Torterra\n|-status|p2a: Torterra|tox\n|move|p2a: Torterra|Leaf Storm|p1a: Mew\n|-damage|p1a: Mew|62\/100\n|-unboost|p2a: Torterra|spa|2\n|\n|-heal|p1a: Mew|68\/100|[from] item: Leftovers\n|-damage|p2a: Torterra|94\/100 tox|[from] psn\n|upkeep\n|turn|13\n|\n|t:|1697604130\n|move|p1a: Mew|Protect|p1a: Mew\n|-singleturn|p1a: Mew|Protect\n|move|p2a: Torterra|Leech Seed|p1a: Mew\n|-activate|p1a: Mew|move: Protect\n|\n|-heal|p1a: Mew|74\/100|[from] item: Leftovers\n|-damage|p2a: Torterra|82\/100 tox|[from] psn\n|upkeep\n|turn|14\n|\n|t:|1697604139\n|switch|p1a: Cinderace|Cinderace, M|64\/100\n|move|p2a: Torterra|Leech Seed|p1a: Cinderace\n|-start|p1a: Cinderace|move: Leech Seed\n|\n|-damage|p1a: Cinderace|52\/100|[from] Leech Seed|[of] p2a: Torterra\n|-heal|p2a: Torterra|92\/100 tox|[silent]\n|-damage|p2a: Torterra|73\/100 tox|[from] psn\n|upkeep\n|turn|15\n|\n|t:|1697604150\n|switch|p2a: Cinderace|Cinderace, M|100\/100\n|-damage|p2a: Cinderace|76\/100|[from] Stealth Rock\n|move|p1a: Cinderace|Pyro Ball|p2a: Cinderace\n|-resisted|p2a: Cinderace\n|-damage|p2a: Cinderace|35\/100\n|\n|-damage|p1a: Cinderace|39\/100|[from] Leech Seed|[of] p2a: Cinderace\n|-heal|p2a: Cinderace|47\/100|[silent]\n|upkeep\n|turn|16\n|\n|t:|1697604160\n|switch|p1a: Mew|Mew|74\/100\n|move|p2a: Cinderace|Acrobatics|p1a: Mew\n|-damage|p1a: Mew|50\/100\n|\n|-heal|p1a: Mew|57\/100|[from] item: Leftovers\n|upkeep\n|turn|17\n|\n|t:|1697604173\n|move|p2a: Cinderace|Swords Dance|p2a: Cinderace\n|-boost|p2a: Cinderace|atk|2\n|move|p1a: Mew|Toxic|p2a: Cinderace\n|-status|p2a: Cinderace|tox\n|\n|-heal|p1a: Mew|63\/100|[from] item: Leftovers\n|-damage|p2a: Cinderace|41\/100 tox|[from] psn\n|upkeep\n|turn|18\n|\n|t:|1697604182\n|move|p1a: Mew|Haze|p1a: Mew\n|-clearallboost\n|move|p2a: Cinderace|Counter||[still]\n|-fail|p2a: Cinderace\n|\n|-heal|p1a: Mew|69\/100|[from] item: Leftovers\n|-damage|p2a: Cinderace|29\/100 tox|[from] psn\n|upkeep\n|turn|19\n|\n|t:|1697604193\n|move|p1a: Mew|Knock Off|p2a: Cinderace\n|-damage|p2a: Cinderace|6\/100 tox\n|move|p2a: Cinderace|Counter|p1a: Mew\n|-damage|p1a: Mew|35\/100\n|\n|-heal|p1a: Mew|42\/100|[from] item: Leftovers\n|-damage|p2a: Cinderace|0 fnt|[from] psn\n|faint|p2a: Cinderace\n|upkeep\n|\n|t:|1697604201\n|switch|p2a: Torterra|Torterra, F|73\/100 tox\n|-damage|p2a: Torterra|67\/100 tox|[from] Stealth Rock\n|turn|20\n|\n|t:|1697604207\n|move|p1a: Mew|Knock Off|p2a: Torterra\n|-damage|p2a: Torterra|59\/100 tox\n|move|p2a: Torterra|Giga Drain|p1a: Mew\n|-damage|p1a: Mew|25\/100\n|-heal|p2a: Torterra|68\/100 tox|[from] drain|[of] p1a: Mew\n|\n|-heal|p1a: Mew|31\/100|[from] item: Leftovers\n|-damage|p2a: Torterra|61\/100 tox|[from] psn\n|upkeep\n|turn|21\n|\n|t:|1697604218\n|switch|p1a: Roaring Moon|Roaring Moon|100\/100\n|-enditem|p1a: Roaring Moon|Booster Energy\n|-activate|p1a: Roaring Moon|ability: Protosynthesis|[fromitem]\n|-start|p1a: Roaring Moon|protosynthesisatk\n|move|p2a: Torterra|Leech Seed|p1a: Roaring Moon\n|-start|p1a: Roaring Moon|move: Leech Seed\n|\n|-damage|p1a: Roaring Moon|88\/100|[from] Leech Seed|[of] p2a: Torterra\n|-heal|p2a: Torterra|72\/100 tox|[silent]\n|-damage|p2a: Torterra|60\/100 tox|[from] psn\n|upkeep\n|turn|22\n|\n|t:|1697604229\n|move|p1a: Roaring Moon|Dragon Dance|p1a: Roaring Moon\n|-boost|p1a: Roaring Moon|atk|1\n|-boost|p1a: Roaring Moon|spe|1\n|move|p2a: Torterra|Giga Drain|p1a: Roaring Moon\n|-resisted|p1a: Roaring Moon\n|-damage|p1a: Roaring Moon|78\/100\n|-heal|p2a: Torterra|65\/100 tox|[from] drain|[of] p1a: Roaring Moon\n|\n|-damage|p1a: Roaring Moon|66\/100|[from] Leech Seed|[of] p2a: Torterra\n|-heal|p2a: Torterra|76\/100 tox|[silent]\n|-damage|p2a: Torterra|57\/100 tox|[from] psn\n|upkeep\n|turn|23\n|\n|t:|1697604240\n|move|p1a: Roaring Moon|Dragon Claw|p2a: Torterra\n|-damage|p2a: Torterra|4\/100 tox\n|move|p2a: Torterra|Giga Drain|p1a: Roaring Moon\n|-resisted|p1a: Roaring Moon\n|-damage|p1a: Roaring Moon|51\/100\n|-heal|p2a: Torterra|11\/100 tox|[from] drain|[of] p1a: Roaring Moon\n|\n|-damage|p1a: Roaring Moon|39\/100|[from] Leech Seed|[of] p2a: Torterra\n|-heal|p2a: Torterra|22\/100 tox|[silent]\n|-damage|p2a: Torterra|0 fnt|[from] psn\n|faint|p2a: Torterra\n|upkeep\n|\n|t:|1697604251\n|switch|p2a: Great Tusk|Great Tusk|23\/100\n|-damage|p2a: Great Tusk|20\/100|[from] Stealth Rock\n|turn|24\n|\n|t:|1697604257\n|move|p1a: Roaring Moon|Earthquake|p2a: Great Tusk\n|-damage|p2a: Great Tusk|0 fnt\n|faint|p2a: Great Tusk\n|-end|p2a: Great Tusk|Protosynthesis|[silent]\n|\n|win|Amaterasu3597\n","uploadtime":1697604261,"views":12,"p1id":"amaterasu3597","p2id":"apollo896","formatid":"gen9ubers","rating":0,"private":0,"password":""}