{"id":"gen9ubers-1968063662","p1":"shirosakiaoi","p2":"DelScout","format":"[Gen 9] Ubers","log":"|j|\u2606shirosakiaoi\n|j|\u2606DelScout\n|t:|1697380438\n|gametype|singles\n|player|p1|shirosakiaoi|hugh|\n|player|p2|DelScout|266|\n|teamsize|p1|6\n|teamsize|p2|6\n|gen|9\n|tier|[Gen 9] Ubers\n|rule|Sleep Clause Mod: Limit one foe put to sleep\n|rule|Species Clause: Limit one of each Pok\u00e9mon\n|rule|OHKO Clause: OHKO moves are banned\n|rule|Evasion Items Clause: Evasion items are banned\n|rule|Evasion Moves Clause: Evasion moves are banned\n|rule|Endless Battle Clause: Forcing endless battles is banned\n|rule|HP Percentage Mod: HP is shown in percentages\n|clearpoke\n|poke|p1|Annihilape, M|\n|poke|p1|Landorus, M|\n|poke|p1|Miraidon|\n|poke|p1|Flutter Mane|\n|poke|p1|Baxcalibur, M|\n|poke|p1|Koraidon|\n|poke|p2|Skeledirge, M|\n|poke|p2|Ting-Lu|\n|poke|p2|Koraidon|\n|poke|p2|Flutter Mane|\n|poke|p2|Giratina-Origin|\n|poke|p2|Eternatus|\n|teampreview\n|\n|t:|1697380486\n|start\n|switch|p1a: Koraidon|Koraidon|100\/100\n|switch|p2a: Eternasus|Eternatus|100\/100\n|-weather|SunnyDay|[from] ability: Orichalcum Pulse|[of] p1a: Koraidon\n|-activate|p1a: Koraidon|Orichalcum Pulse|[source]\n|-ability|p2a: Eternasus|Pressure\n|turn|1\n|\n|t:|1697380699\n|move|p1a: Koraidon|Outrage|p2a: Eternasus\n|-supereffective|p2a: Eternasus\n|-damage|p2a: Eternasus|0 fnt\n|faint|p2a: Eternasus\n|\n|-weather|SunnyDay|[upkeep]\n|upkeep\n|\n|t:|1697380714\n|switch|p2a: Tingus|Ting-Lu|100\/100\n|-ability|p2a: Tingus|Vessel of Ruin\n|turn|2\n|\n|t:|1697380726\n|-terastallize|p2a: Tingus|Fairy\n|move|p1a: Koraidon|Outrage|p2a: Tingus|[from]lockedmove\n|-immune|p2a: Tingus\n|move|p2a: Tingus|Stealth Rock|p1a: Koraidon\n|-sidestart|p1: shirosakiaoi|move: Stealth Rock\n|\n|-weather|SunnyDay|[upkeep]\n|upkeep\n|turn|3\n|\n|t:|1697380748\n|switch|p1a: Daruk|Landorus, M|100\/100\n|-damage|p1a: Daruk|88\/100|[from] Stealth Rock\n|move|p2a: Tingus|Ruination|p1a: Daruk\n|-damage|p1a: Daruk|44\/100\n|\n|-weather|SunnyDay|[upkeep]\n|upkeep\n|turn|4\n|\n|t:|1697380764\n|move|p1a: Daruk|Sludge Bomb|p2a: Tingus\n|-supereffective|p2a: Tingus\n|-damage|p2a: Tingus|53\/100\n|move|p2a: Tingus|Whirlwind|p1a: Daruk\n|drag|p1a: Baxcalibur|Baxcalibur, M|100\/100\n|\n|-weather|SunnyDay|[upkeep]\n|-heal|p2a: Tingus|59\/100|[from] item: Leftovers\n|upkeep\n|turn|5\n|\n|t:|1697380785\n|move|p1a: Baxcalibur|Dragon Dance|p1a: Baxcalibur\n|-boost|p1a: Baxcalibur|atk|1\n|-boost|p1a: Baxcalibur|spe|1\n|move|p2a: Tingus|Ruination|p1a: Baxcalibur\n|-damage|p1a: Baxcalibur|51\/100\n|\n|-weather|none\n|-heal|p2a: Tingus|65\/100|[from] item: Leftovers\n|upkeep\n|turn|6\n|\n|t:|1697380803\n|move|p1a: Baxcalibur|Iron Head|p2a: Tingus\n|-supereffective|p2a: Tingus\n|-damage|p2a: Tingus|20\/100\n|move|p2a: Tingus|Whirlwind|p1a: Baxcalibur\n|drag|p1a: Daruk|Landorus, M|44\/100\n|-damage|p1a: Daruk|32\/100|[from] Stealth Rock\n|\n|-heal|p2a: Tingus|26\/100|[from] item: Leftovers\n|upkeep\n|turn|7\n|\n|t:|1697380831\n|switch|p2a: Gironina|Giratina-Origin, shiny|100\/100\n|move|p1a: Daruk|Sludge Bomb|p2a: Gironina\n|-resisted|p2a: Gironina\n|-damage|p2a: Gironina|86\/100\n|\n|upkeep\n|turn|8\n|\n|t:|1697380856\n|switch|p1a: Phantasma|Flutter Mane|100\/100\n|-damage|p1a: Phantasma|88\/100|[from] Stealth Rock\n|move|p2a: Gironina|Substitute|p2a: Gironina\n|-start|p2a: Gironina|Substitute\n|-damage|p2a: Gironina|61\/100\n|\n|upkeep\n|turn|9\n|\n|t:|1697380868\n|-end|p1a: Phantasma|Protosynthesis|[silent]\n|switch|p1a: Daruk|Landorus, M|32\/100\n|-damage|p1a: Daruk|19\/100|[from] Stealth Rock\n|move|p2a: Gironina|Earthquake|p1a: Daruk\n|-immune|p1a: Daruk\n|\n|upkeep\n|turn|10\n|\n|t:|1697380878\n|move|p1a: Daruk|Taunt|p2a: Gironina\n|-start|p2a: Gironina|move: Taunt\n|move|p2a: Gironina|Dragon Tail|p1a: Daruk\n|-damage|p1a: Daruk|0 fnt\n|faint|p1a: Daruk\n|\n|upkeep\n|\n|t:|1697380890\n|switch|p1a: Koraidon|Koraidon|100\/100\n|-damage|p1a: Koraidon|94\/100|[from] Stealth Rock\n|-weather|SunnyDay|[from] ability: Orichalcum Pulse|[of] p1a: Koraidon\n|-activate|p1a: Koraidon|Orichalcum Pulse|[source]\n|turn|11\n|\n|t:|1697380897\n|move|p1a: Koraidon|U-turn|p2a: Gironina\n|-resisted|p2a: Gironina\n|-activate|p2a: Gironina|move: Substitute|[damage]\n|\n|t:|1697380901\n|switch|p1a: Phantasma|Flutter Mane|88\/100|[from] U-turn\n|-damage|p1a: Phantasma|76\/100|[from] Stealth Rock\n|-activate|p1a: Phantasma|ability: Protosynthesis\n|-start|p1a: Phantasma|protosynthesisspa\n|move|p2a: Gironina|Dragon Tail|p1a: Phantasma\n|-immune|p1a: Phantasma\n|\n|-weather|SunnyDay|[upkeep]\n|upkeep\n|turn|12\n|\n|t:|1697380911\n|move|p1a: Phantasma|Moonblast|p2a: Gironina\n|-supereffective|p2a: Gironina\n|-end|p2a: Gironina|Substitute\n|move|p2a: Gironina|Earthquake|p1a: Phantasma\n|-damage|p1a: Phantasma|6\/100\n|\n|-weather|SunnyDay|[upkeep]\n|-end|p2a: Gironina|move: Taunt\n|upkeep\n|turn|13\n|\n|t:|1697380933\n|switch|p2a: Tingus|Ting-Lu, tera:Fairy|26\/100\n|-ability|p2a: Tingus|Vessel of Ruin\n|move|p1a: Phantasma|Moonblast|p2a: Tingus\n|-damage|p2a: Tingus|0 fnt\n|faint|p2a: Tingus\n|\n|-weather|SunnyDay|[upkeep]\n|upkeep\n|\n|t:|1697380949\n|switch|p2a: Grouraidon|Koraidon|100\/100\n|-activate|p2a: Grouraidon|ability: Orichalcum Pulse\n|turn|14\n|c|\u2606shirosakiaoi|.3\n|c|\u2606DelScout|UwU\n|c|\u2606shirosakiaoi|;3\n|\n|t:|1697381055\n|move|p1a: Phantasma|Moonblast|p2a: Grouraidon\n|-supereffective|p2a: Grouraidon\n|-damage|p2a: Grouraidon|0 fnt\n|faint|p2a: Grouraidon\n|\n|-weather|SunnyDay|[upkeep]\n|upkeep\n|c|\u2606shirosakiaoi|(i)\n|c|\u2606shirosakiaoi|( o ) ( o )\n|\n|t:|1697381071\n|switch|p2a: Crokanbaltortr|Skeledirge, M|100\/100\n|turn|15\n|\n|t:|1697381077\n|move|p1a: Phantasma|Moonblast|p2a: Crokanbaltortr\n|-resisted|p2a: Crokanbaltortr\n|-damage|p2a: Crokanbaltortr|62\/100\n|move|p2a: Crokanbaltortr|Torch Song|p1a: Phantasma\n|-damage|p1a: Phantasma|0 fnt\n|-boost|p2a: Crokanbaltortr|spa|1\n|faint|p1a: Phantasma\n|-end|p1a: Phantasma|Protosynthesis|[silent]\n|\n|-weather|none\n|upkeep\n|\n|t:|1697381104\n|switch|p1a: Baxcalibur|Baxcalibur, M|51\/100\n|turn|16\n|\n|t:|1697381143\n|move|p1a: Baxcalibur|Glaive Rush|p2a: Crokanbaltortr\n|-damage|p2a: Crokanbaltortr|23\/100\n|-singlemove|p1a: Baxcalibur|Glaive Rush|[silent]\n|move|p2a: Crokanbaltortr|Will-O-Wisp|p1a: Baxcalibur\n|-immune|p1a: Baxcalibur|[from] ability: Thermal Exchange\n|\n|upkeep\n|turn|17\n|\n|t:|1697381153\n|switch|p2a: Mismagayest|Flutter Mane|100\/100\n|move|p1a: Baxcalibur|Glaive Rush|p2a: Mismagayest\n|-immune|p2a: Mismagayest\n|\n|upkeep\n|turn|18\n|\n|t:|1697381167\n|-terastallize|p1a: Baxcalibur|Ice\n|move|p2a: Mismagayest|Moonblast|p1a: Baxcalibur\n|-damage|p1a: Baxcalibur|0 fnt\n|faint|p1a: Baxcalibur\n|\n|upkeep\n|\n|t:|1697381183\n|switch|p1a: Annihilape|Annihilape, M|100\/100\n|-damage|p1a: Annihilape|94\/100|[from] Stealth Rock\n|turn|19\n|\n|t:|1697381192\n|move|p2a: Mismagayest|Moonblast|p1a: Annihilape\n|-supereffective|p1a: Annihilape\n|-damage|p1a: Annihilape|0 fnt\n|faint|p1a: Annihilape\n|\n|upkeep\n|\n|t:|1697381197\n|switch|p1a: Miraidon|Miraidon|100\/100\n|-damage|p1a: Miraidon|88\/100|[from] Stealth Rock\n|-fieldstart|move: Electric Terrain|[from] ability: Hadron Engine|[of] p1a: Miraidon\n|turn|20\n|\n|t:|1697381203\n|move|p1a: Miraidon|Electro Drift|p2a: Mismagayest\n|-damage|p2a: Mismagayest|0 fnt\n|faint|p2a: Mismagayest\n|-end|p2a: Mismagayest|Protosynthesis|[silent]\n|\n|upkeep\n|\n|t:|1697381209\n|switch|p2a: Crokanbaltortr|Skeledirge, M|23\/100\n|turn|21\n|\n|t:|1697381214\n|move|p1a: Miraidon|Electro Drift|p2a: Crokanbaltortr\n|-damage|p2a: Crokanbaltortr|0 fnt\n|faint|p2a: Crokanbaltortr\n|\n|upkeep\n|c|\u2606DelScout|gg\n|\n|t:|1697381218\n|switch|p2a: Gironina|Giratina-Origin, shiny|61\/100\n|turn|22\n|\n|t:|1697381230\n|move|p1a: Miraidon|Electro Drift|p2a: Gironina\n|-resisted|p2a: Gironina\n|-damage|p2a: Gironina|18\/100\n|move|p2a: Gironina|Dragon Tail|p1a: Miraidon|[miss]\n|-miss|p2a: Gironina|p1a: Miraidon\n|\n|upkeep\n|turn|23\n|c|\u2606shirosakiaoi|gg\n|c|\u2606DelScout|gg\n|\n|t:|1697381239\n|move|p1a: Miraidon|Electro Drift|p2a: Gironina\n|-resisted|p2a: Gironina\n|-damage|p2a: Gironina|0 fnt\n|faint|p2a: Gironina\n|\n|win|shirosakiaoi\n","uploadtime":1697381245,"views":9,"p1id":"shirosakiaoi","p2id":"delscout","formatid":"gen9ubers","rating":0,"private":0,"password":""}