{"id":"gen9ubers-1994884084","p1":"BippyTheChippy","p2":"Reverse Luckster","format":"[Gen 9] Ubers","log":"|j|\u2606BippyTheChippy\n|j|\u2606Reverse Luckster\n|t:|1700501529\n|gametype|singles\n|player|p1|BippyTheChippy|n-masters2|1170\n|player|p2|Reverse Luckster|unknown|1172\n|teamsize|p1|6\n|teamsize|p2|6\n|gen|9\n|tier|[Gen 9] Ubers\n|rated|\n|rule|Sleep Clause Mod: Limit one foe put to sleep\n|rule|Species Clause: Limit one of each Pok\u00e9mon\n|rule|OHKO Clause: OHKO moves are banned\n|rule|Evasion Items Clause: Evasion items are banned\n|rule|Evasion Moves Clause: Evasion moves are banned\n|rule|Endless Battle Clause: Forcing endless battles is banned\n|rule|HP Percentage Mod: HP is shown in percentages\n|clearpoke\n|poke|p1|Koraidon|\n|poke|p1|Skeledirge, M|\n|poke|p1|Groudon|\n|poke|p1|Flutter Mane|\n|poke|p1|Great Tusk|\n|poke|p1|Ogerpon-Hearthflame, F|\n|poke|p2|Miraidon|\n|poke|p2|Sneasler, F|\n|poke|p2|Iron Valiant|\n|poke|p2|Iron Leaves|\n|poke|p2|Alomomola, F|\n|poke|p2|Gliscor, F|\n|teampreview\n|inactive|Battle timer is ON: inactive players will automatically lose when time's up. (requested by Reverse Luckster)\n|c|\u2606BippyTheChippy|glhf\n|c|\u2606Reverse Luckster|u2\n|\n|t:|1700501548\n|start\n|switch|p1a: Granola|Groudon|100\/100\n|switch|p2a: Gliscor|Gliscor, F|100\/100\n|-weather|SunnyDay|[from] ability: Drought|[of] p1a: Granola\n|turn|1\n|\n|t:|1700501560\n|move|p2a: Gliscor|Toxic|p1a: Granola\n|-status|p1a: Granola|tox\n|move|p1a: Granola|Stealth Rock|p2a: Gliscor\n|-sidestart|p2: Reverse Luckster|move: Stealth Rock\n|\n|-weather|SunnyDay|[upkeep]\n|-damage|p1a: Granola|94\/100 tox|[from] psn\n|-status|p2a: Gliscor|tox|[from] item: Toxic Orb\n|upkeep\n|turn|2\n|\n|t:|1700501568\n|move|p2a: Gliscor|Spikes|p1a: Granola\n|-sidestart|p1: BippyTheChippy|Spikes\n|move|p1a: Granola|Body Press|p2a: Gliscor\n|-resisted|p2a: Gliscor\n|-damage|p2a: Gliscor|92\/100 tox\n|\n|-weather|SunnyDay|[upkeep]\n|-heal|p2a: Gliscor|100\/100 tox|[from] ability: Poison Heal\n|-damage|p1a: Granola|82\/100 tox|[from] psn\n|upkeep\n|turn|3\n|\n|t:|1700501577\n|switch|p1a: Ponyo|Ogerpon-Hearthflame, F|100\/100\n|-damage|p1a: Ponyo|88\/100|[from] Spikes\n|-ability|p1a: Ponyo|Mold Breaker\n|move|p2a: Gliscor|Spikes|p1a: Ponyo\n|-sidestart|p1: BippyTheChippy|Spikes\n|\n|-weather|SunnyDay|[upkeep]\n|upkeep\n|turn|4\n|\n|t:|1700501584\n|move|p2a: Gliscor|Protect|p2a: Gliscor\n|-singleturn|p2a: Gliscor|Protect\n|move|p1a: Ponyo|Swords Dance|p1a: Ponyo\n|-boost|p1a: Ponyo|atk|2\n|\n|-weather|SunnyDay|[upkeep]\n|upkeep\n|turn|5\n|\n|t:|1700501594\n|move|p1a: Ponyo|Wood Hammer|p2a: Gliscor\n|-crit|p2a: Gliscor\n|-damage|p2a: Gliscor|0 fnt\n|faint|p2a: Gliscor\n|-damage|p1a: Ponyo|49\/100|[from] Recoil\n|\n|-weather|SunnyDay|[upkeep]\n|upkeep\n|\n|t:|1700501615\n|switch|p2a: Miraidon|Miraidon|100\/100\n|-damage|p2a: Miraidon|88\/100|[from] Stealth Rock\n|-fieldstart|move: Electric Terrain|[from] ability: Hadron Engine|[of] p2a: Miraidon\n|turn|6\n|\n|t:|1700501627\n|switch|p1a: Whisper|Flutter Mane|100\/100\n|-damage|p1a: Whisper|84\/100|[from] Spikes\n|-activate|p1a: Whisper|ability: Protosynthesis\n|-start|p1a: Whisper|protosynthesisspe\n|move|p2a: Miraidon|Dragon Pulse|p1a: Whisper\n|-immune|p1a: Whisper\n|\n|-weather|SunnyDay|[upkeep]\n|upkeep\n|turn|7\n|\n|t:|1700501638\n|move|p1a: Whisper|Moonblast|p2a: Miraidon\n|-supereffective|p2a: Miraidon\n|-damage|p2a: Miraidon|0 fnt\n|faint|p2a: Miraidon\n|-damage|p1a: Whisper|74\/100|[from] item: Life Orb\n|\n|-weather|SunnyDay|[upkeep]\n|upkeep\n|\n|t:|1700501657\n|switch|p2a: Iron Leaves|Iron Leaves|100\/100\n|-activate|p2a: Iron Leaves|ability: Quark Drive\n|-start|p2a: Iron Leaves|quarkdrivespe\n|turn|8\n|\n|t:|1700501664\n|move|p1a: Whisper|Shadow Ball|p2a: Iron Leaves\n|-supereffective|p2a: Iron Leaves\n|-damage|p2a: Iron Leaves|0 fnt\n|faint|p2a: Iron Leaves\n|-end|p2a: Iron Leaves|Quark Drive|[silent]\n|-damage|p1a: Whisper|64\/100|[from] item: Life Orb\n|\n|-weather|none\n|-end|p1a: Whisper|Protosynthesis\n|upkeep\n|\n|t:|1700501669\n|switch|p2a: Sneasler|Sneasler, F|100\/100\n|-damage|p2a: Sneasler|94\/100|[from] Stealth Rock\n|-enditem|p2a: Sneasler|Electric Seed\n|-boost|p2a: Sneasler|def|1|[from] item: Electric Seed\n|turn|9\n|\n|t:|1700501679\n|-terastallize|p2a: Sneasler|Flying\n|move|p2a: Sneasler|Swords Dance|p2a: Sneasler\n|-boost|p2a: Sneasler|atk|2\n|move|p1a: Whisper|Thunderbolt|p2a: Sneasler\n|-supereffective|p2a: Sneasler\n|-damage|p2a: Sneasler|0 fnt\n|faint|p2a: Sneasler\n|-damage|p1a: Whisper|54\/100|[from] item: Life Orb\n|\n|upkeep\n|-message|Reverse Luckster forfeited.\n|\n|win|BippyTheChippy\n|raw|BippyTheChippy's rating: 1170 &rarr; <strong>1197<\/strong><br \/>(+27 for winning)\n|raw|Reverse Luckster's rating: 1198 &rarr; <strong>1171<\/strong><br \/>(-27 for losing)\n|l|\u2606Reverse Luckster\n","uploadtime":1700501691,"views":4,"p1id":"bippythechippy","p2id":"reverseluckster","formatid":"gen9ubers","rating":1171,"private":0,"password":""}