{"id":"gen9ubers-1988432936","p1":"KindaSuckAtPokemon","p2":"Aderus","format":"[Gen 9] Ubers","log":"|j|\u2606KindaSuckAtPokemon\n|j|\u2606Aderus\n|t:|1699722397\n|gametype|singles\n|player|p1|KindaSuckAtPokemon|pokemonrangerf|1000\n|player|p2|Aderus|shadowtriad|1034\n|teamsize|p1|6\n|teamsize|p2|6\n|gen|9\n|tier|[Gen 9] Ubers\n|rated|\n|rule|Sleep Clause Mod: Limit one foe put to sleep\n|rule|Species Clause: Limit one of each Pok\u00e9mon\n|rule|OHKO Clause: OHKO moves are banned\n|rule|Evasion Items Clause: Evasion items are banned\n|rule|Evasion Moves Clause: Evasion moves are banned\n|rule|Endless Battle Clause: Forcing endless battles is banned\n|rule|HP Percentage Mod: HP is shown in percentages\n|clearpoke\n|poke|p1|Flutter Mane|\n|poke|p1|Scream Tail|\n|poke|p1|Walking Wake|\n|poke|p1|Sandy Shocks|\n|poke|p1|Miraidon|\n|poke|p1|Koraidon|\n|poke|p2|Gholdengo|\n|poke|p2|Magearna|\n|poke|p2|Corviknight, F|\n|poke|p2|Heatran, M|\n|poke|p2|Scizor, M|\n|poke|p2|Kingambit, F|\n|teampreview\n|\n|t:|1699722415\n|start\n|switch|p1a: Koraidon|Koraidon|100\/100\n|switch|p2a: *distant meltan*|Magearna|100\/100\n|-weather|SunnyDay|[from] ability: Orichalcum Pulse|[of] p1a: Koraidon\n|-activate|p1a: Koraidon|Orichalcum Pulse|[source]\n|turn|1\n|\n|t:|1699722428\n|move|p1a: Koraidon|U-turn|p2a: *distant meltan*\n|-resisted|p2a: *distant meltan*\n|-damage|p2a: *distant meltan*|89\/100\n|-damage|p1a: Koraidon|91\/100|[from] item: Life Orb\n|\n|t:|1699722438\n|switch|p1a: Flutter Mane|Flutter Mane|100\/100|[from] U-turn\n|-activate|p1a: Flutter Mane|ability: Protosynthesis\n|-start|p1a: Flutter Mane|protosynthesisspe\n|move|p2a: *distant meltan*|Dazzling Gleam|p1a: Flutter Mane\n|-damage|p1a: Flutter Mane|55\/100\n|\n|-weather|SunnyDay|[upkeep]\n|-heal|p2a: *distant meltan*|95\/100|[from] item: Leftovers\n|upkeep\n|turn|2\n|\n|t:|1699722451\n|move|p1a: Flutter Mane|Mystical Fire|p2a: *distant meltan*\n|-supereffective|p2a: *distant meltan*\n|-damage|p2a: *distant meltan*|3\/100\n|-unboost|p2a: *distant meltan*|spa|1\n|move|p2a: *distant meltan*|Focus Blast|p1a: Flutter Mane\n|-immune|p1a: Flutter Mane\n|\n|-weather|SunnyDay|[upkeep]\n|-heal|p2a: *distant meltan*|9\/100|[from] item: Leftovers\n|upkeep\n|turn|3\n|\n|t:|1699722463\n|move|p1a: Flutter Mane|Mystical Fire|p2a: *distant meltan*\n|-supereffective|p2a: *distant meltan*\n|-damage|p2a: *distant meltan*|0 fnt\n|faint|p2a: *distant meltan*\n|\n|-weather|SunnyDay|[upkeep]\n|upkeep\n|\n|t:|1699722471\n|switch|p2a: Victim|Heatran, M|100\/100\n|turn|4\n|\n|t:|1699722477\n|-end|p1a: Flutter Mane|Protosynthesis|[silent]\n|switch|p1a: Sandy Shocks|Sandy Shocks|100\/100\n|-activate|p1a: Sandy Shocks|ability: Protosynthesis\n|-start|p1a: Sandy Shocks|protosynthesisspa\n|-item|p1a: Sandy Shocks|Air Balloon\n|move|p2a: Victim|Sunny Day||[still]\n|-fail|p2a: Victim\n|\n|-weather|SunnyDay|[upkeep]\n|upkeep\n|turn|5\n|\n|t:|1699722492\n|move|p1a: Sandy Shocks|Earth Power|p2a: Victim\n|-supereffective|p2a: Victim\n|-damage|p2a: Victim|0 fnt\n|faint|p2a: Victim\n|\n|-weather|none\n|-end|p1a: Sandy Shocks|Protosynthesis\n|upkeep\n|\n|t:|1699722499\n|switch|p2a: School Knife|Scizor, M|100\/100\n|turn|6\n|\n|t:|1699722511\n|move|p1a: Sandy Shocks|Volt Switch|p2a: School Knife\n|-damage|p2a: School Knife|49\/100\n|\n|t:|1699722515\n|-end|p1a: Sandy Shocks|Protosynthesis|[silent]\n|switch|p1a: Koraidon|Koraidon|91\/100|[from] Volt Switch\n|-weather|SunnyDay|[from] ability: Orichalcum Pulse|[of] p1a: Koraidon\n|-activate|p1a: Koraidon|Orichalcum Pulse|[source]\n|move|p2a: School Knife|Fury Cutter|p1a: Koraidon\n|-resisted|p1a: Koraidon\n|-damage|p1a: Koraidon|68\/100\n|\n|-weather|SunnyDay|[upkeep]\n|upkeep\n|turn|7\n|\n|t:|1699722529\n|move|p1a: Koraidon|Collision Course|p2a: School Knife\n|-damage|p2a: School Knife|0 fnt\n|faint|p2a: School Knife\n|-damage|p1a: Koraidon|58\/100|[from] item: Life Orb\n|\n|-weather|SunnyDay|[upkeep]\n|upkeep\n|\n|t:|1699722537\n|switch|p2a: NotRaichu|Gholdengo|100\/100\n|turn|8\n|\n|t:|1699722552\n|move|p1a: Koraidon|Collision Course|p2a: NotRaichu\n|-immune|p2a: NotRaichu\n|move|p2a: NotRaichu|Dazzling Gleam|p1a: Koraidon\n|-supereffective|p1a: Koraidon\n|-damage|p1a: Koraidon|0 fnt\n|faint|p1a: Koraidon\n|\n|-weather|SunnyDay|[upkeep]\n|upkeep\n|\n|t:|1699722566\n|switch|p1a: Sandy Shocks|Sandy Shocks|100\/100\n|-activate|p1a: Sandy Shocks|ability: Protosynthesis\n|-start|p1a: Sandy Shocks|protosynthesisspa\n|-item|p1a: Sandy Shocks|Air Balloon\n|turn|9\n|\n|t:|1699722574\n|move|p1a: Sandy Shocks|Earth Power|p2a: NotRaichu\n|-supereffective|p2a: NotRaichu\n|-damage|p2a: NotRaichu|0 fnt\n|faint|p2a: NotRaichu\n|\n|-weather|SunnyDay|[upkeep]\n|upkeep\n|\n|t:|1699722579\n|switch|p2a: Taxi|Corviknight, F|100\/100\n|turn|10\n|\n|t:|1699722586\n|move|p1a: Sandy Shocks|Volt Switch|p2a: Taxi\n|-supereffective|p2a: Taxi\n|-damage|p2a: Taxi|6\/100\n|\n|t:|1699722599\n|-end|p1a: Sandy Shocks|Protosynthesis|[silent]\n|switch|p1a: Flutter Mane|Flutter Mane|55\/100|[from] Volt Switch\n|-activate|p1a: Flutter Mane|ability: Protosynthesis\n|-start|p1a: Flutter Mane|protosynthesisspe\n|move|p2a: Taxi|Body Press|p1a: Flutter Mane\n|-immune|p1a: Flutter Mane\n|\n|-weather|none\n|-end|p1a: Flutter Mane|Protosynthesis\n|-heal|p2a: Taxi|12\/100|[from] item: Leftovers\n|upkeep\n|turn|11\n|\n|t:|1699722612\n|move|p1a: Flutter Mane|Moonblast|p2a: Taxi\n|-resisted|p2a: Taxi\n|-damage|p2a: Taxi|0 fnt\n|faint|p2a: Taxi\n|\n|upkeep\n|\n|t:|1699722618\n|switch|p2a: C H E S S|Kingambit, F|100\/100\n|-activate|p2a: C H E S S|ability: Supreme Overlord\n|-start|p2a: C H E S S|fallen5|[silent]\n|turn|12\n|\n|t:|1699722626\n|-terastallize|p2a: C H E S S|Dark\n|move|p1a: Flutter Mane|Moonblast|p2a: C H E S S\n|-supereffective|p2a: C H E S S\n|-damage|p2a: C H E S S|0 fnt\n|faint|p2a: C H E S S\n|-end|p2a: C H E S S|fallen5|[silent]\n|\n|win|KindaSuckAtPokemon\n|raw|KindaSuckAtPokemon's rating: 1000 &rarr; <strong>1044<\/strong><br \/>(+44 for winning)\n|raw|Aderus's rating: 1034 &rarr; <strong>1017<\/strong><br \/>(-17 for losing)\n|l|\u2606Aderus\n","uploadtime":1699722710,"views":10,"p1id":"kindasuckatpokemon","p2id":"aderus","formatid":"gen9ubers","rating":1017,"private":0,"password":""}