{"id":"gen9ubers-1982162493","p1":"wamkou","p2":"lolgz","format":"[Gen 9] Ubers","log":"|j|\u2606wamkou\n|j|\u2606lolgz\n|t:|1698974337\n|gametype|singles\n|player|p1|wamkou|elesa-masters2|\n|player|p2|lolgz|101|\n|teamsize|p1|6\n|teamsize|p2|6\n|gen|9\n|tier|[Gen 9] Ubers\n|rule|Sleep Clause Mod: Limit one foe put to sleep\n|rule|Species Clause: Limit one of each Pok\u00e9mon\n|rule|OHKO Clause: OHKO moves are banned\n|rule|Evasion Items Clause: Evasion items are banned\n|rule|Evasion Moves Clause: Evasion moves are banned\n|rule|Endless Battle Clause: Forcing endless battles is banned\n|rule|HP Percentage Mod: HP is shown in percentages\n|clearpoke\n|poke|p1|Scizor, F|\n|poke|p1|Heatran, M|\n|poke|p1|Palkia-Origin|\n|poke|p1|Palafin, F|\n|poke|p1|Magearna|\n|poke|p1|Zacian-*|\n|poke|p2|Magearna|\n|poke|p2|Zacian-*|\n|poke|p2|Cyclizar, F|\n|poke|p2|Garchomp, F|\n|poke|p2|Shaymin-Sky|\n|poke|p2|Gholdengo|\n|teampreview\n|inactive|Battle timer is ON: inactive players will automatically lose when time's up. (requested by lolgz)\n|\n|t:|1698974343\n|start\n|switch|p1a: Palafin|Palafin, F|100\/100\n|switch|p2a: Cyclizar|Cyclizar, F|100\/100\n|turn|1\n|\n|t:|1698974351\n|move|p2a: Cyclizar|Shed Tail|p2a: Cyclizar\n|-start|p2a: Cyclizar|Substitute|[from] move: Shed Tail\n|-damage|p2a: Cyclizar|50\/100\n|\n|t:|1698974352\n|switch|p2a: Zacian|Zacian|100\/100|[from] Shed Tail\n|-ability|p2a: Zacian|Intrepid Sword|boost\n|-boost|p2a: Zacian|atk|1\n|move|p1a: Palafin|Flip Turn|p2a: Zacian\n|-end|p2a: Zacian|Substitute\n|\n|t:|1698974361\n|detailschange|p1a: Palafin|Palafin-Hero, F\n|switch|p1a: Scizor|Scizor, F, shiny|100\/100|[from] Flip Turn\n|\n|upkeep\n|turn|2\n|\n|t:|1698974366\n|-terastallize|p2a: Zacian|Steel\n|move|p1a: Scizor|Bullet Punch|p2a: Zacian\n|-resisted|p2a: Zacian\n|-damage|p2a: Zacian|88\/100\n|move|p2a: Zacian|Swords Dance|p2a: Zacian\n|-boost|p2a: Zacian|atk|2\n|\n|upkeep\n|turn|3\n|\n|t:|1698974374\n|move|p2a: Zacian|Close Combat|p1a: Scizor\n|-crit|p1a: Scizor\n|-damage|p1a: Scizor|0 fnt\n|-unboost|p2a: Zacian|def|1\n|-unboost|p2a: Zacian|spd|1\n|-damage|p2a: Zacian|72\/100|[from] item: Rocky Helmet|[of] p1a: Scizor\n|faint|p1a: Scizor\n|-damage|p2a: Zacian|62\/100|[from] item: Life Orb\n|\n|upkeep\n|inactive|wamkou has 270 seconds left.\n|\n|t:|1698974423\n|switch|p1a: Palafin|Palafin-Hero, F|100\/100\n|-activate|p1a: Palafin|ability: Zero to Hero\n|turn|4\n|\n|t:|1698974427\n|move|p1a: Palafin|Jet Punch|p2a: Zacian\n|-damage|p2a: Zacian|0 fnt\n|faint|p2a: Zacian\n|\n|upkeep\n|\n|t:|1698974438\n|switch|p2a: Shaymin|Shaymin-Sky|100\/100\n|turn|5\n|inactive|wamkou has 270 seconds left.\n|\n|t:|1698974449\n|switch|p1a: Heatran|Heatran, M|100\/100\n|move|p2a: Shaymin|Seed Flare|p1a: Heatran\n|-resisted|p1a: Heatran\n|-damage|p1a: Heatran|91\/100\n|\n|-heal|p1a: Heatran|98\/100|[from] item: Leftovers\n|upkeep\n|turn|6\n|\n|t:|1698974457\n|move|p2a: Shaymin|Earth Power|p1a: Heatran\n|-supereffective|p1a: Heatran\n|-damage|p1a: Heatran|26\/100\n|move|p1a: Heatran|Magma Storm|p2a: Shaymin|[miss]\n|-miss|p1a: Heatran|p2a: Shaymin\n|\n|-heal|p1a: Heatran|32\/100|[from] item: Leftovers\n|upkeep\n|turn|7\n|\n|t:|1698974466\n|-terastallize|p1a: Heatran|Grass\n|move|p2a: Shaymin|Earth Power|p1a: Heatran\n|-resisted|p1a: Heatran\n|-damage|p1a: Heatran|23\/100\n|move|p1a: Heatran|Magma Storm|p2a: Shaymin|[miss]\n|-miss|p1a: Heatran|p2a: Shaymin\n|\n|-heal|p1a: Heatran|30\/100|[from] item: Leftovers\n|upkeep\n|turn|8\n|\n|t:|1698974473\n|move|p2a: Shaymin|Air Slash|p1a: Heatran\n|-supereffective|p1a: Heatran\n|-damage|p1a: Heatran|0 fnt\n|faint|p1a: Heatran\n|\n|upkeep\n|c|\u2606wamkou|fml\n|inactive|wamkou has 270 seconds left.\n|\n|t:|1698974509\n|switch|p1a: Magearna|Magearna|100\/100\n|turn|9\n|\n|t:|1698974511\n|move|p2a: Shaymin|Seed Flare|p1a: Magearna\n|-resisted|p1a: Magearna\n|-damage|p1a: Magearna|83\/100\n|-unboost|p1a: Magearna|spd|2\n|move|p1a: Magearna|Ice Beam|p2a: Shaymin\n|-supereffective|p2a: Shaymin\n|-damage|p2a: Shaymin|0 fnt\n|faint|p2a: Shaymin\n|-ability|p1a: Magearna|Soul-Heart|boost\n|-boost|p1a: Magearna|spa|1\n|\n|-heal|p1a: Magearna|89\/100|[from] item: Leftovers\n|upkeep\n|\n|t:|1698974517\n|switch|p2a: Gholdengo|Gholdengo|100\/100\n|-item|p2a: Gholdengo|Air Balloon\n|turn|10\n|inactive|wamkou has 270 seconds left.\n|\n|t:|1698974538\n|switch|p1a: Palkia|Palkia-Origin|100\/100\n|-ability|p1a: Palkia|Pressure\n|move|p2a: Gholdengo|Nasty Plot|p2a: Gholdengo\n|-boost|p2a: Gholdengo|spa|2\n|\n|upkeep\n|turn|11\n|\n|t:|1698974550\n|move|p1a: Palkia|Hydro Pump|p2a: Gholdengo|[miss]\n|-miss|p1a: Palkia|p2a: Gholdengo\n|move|p2a: Gholdengo|Shadow Ball|p1a: Palkia\n|-damage|p1a: Palkia|25\/100\n|\n|upkeep\n|turn|12\n|\n|t:|1698974554\n|move|p1a: Palkia|Hydro Pump|p2a: Gholdengo|[miss]\n|-miss|p1a: Palkia|p2a: Gholdengo\n|move|p2a: Gholdengo|Shadow Ball|p1a: Palkia\n|-damage|p1a: Palkia|0 fnt\n|faint|p1a: Palkia\n|\n|upkeep\n|inactive|wamkou has 270 seconds left.\n|\n|t:|1698974560\n|switch|p1a: Zacian|Zacian|100\/100\n|-ability|p1a: Zacian|Intrepid Sword|boost\n|-boost|p1a: Zacian|atk|1\n|turn|13\n|\n|t:|1698974562\n|move|p1a: Zacian|Crunch|p2a: Gholdengo\n|-supereffective|p2a: Gholdengo\n|-damage|p2a: Gholdengo|0 fnt\n|-enditem|p2a: Gholdengo|Air Balloon\n|faint|p2a: Gholdengo\n|\n|upkeep\n|c|\u2606wamkou|rng actually hates me\n|\n|t:|1698974583\n|switch|p2a: Magearna|Magearna|100\/100\n|turn|14\n|c|\u2606wamkou|missed both magma storms and both hydro pumps\n|\n|t:|1698974590\n|switch|p1a: Magearna|Magearna|89\/100\n|move|p2a: Magearna|Calm Mind|p2a: Magearna\n|-boost|p2a: Magearna|spa|1\n|-boost|p2a: Magearna|spd|1\n|\n|-heal|p1a: Magearna|95\/100|[from] item: Leftovers\n|upkeep\n|turn|15\n|\n|t:|1698974595\n|move|p1a: Magearna|Thunder Wave|p2a: Magearna\n|-status|p2a: Magearna|par\n|cant|p2a: Magearna|par\n|\n|-heal|p1a: Magearna|100\/100|[from] item: Leftovers\n|upkeep\n|turn|16\n|\n|t:|1698974623\n|move|p1a: Magearna|Draining Kiss|p2a: Magearna\n|-resisted|p2a: Magearna\n|-damage|p2a: Magearna|94\/100 par\n|move|p2a: Magearna|Shift Gear|p2a: Magearna\n|-boost|p2a: Magearna|spe|2\n|-boost|p2a: Magearna|atk|1\n|\n|-heal|p2a: Magearna|99\/100 par|[from] item: Leftovers\n|upkeep\n|turn|17\n|\n|t:|1698974628\n|switch|p1a: Zacian|Zacian|100\/100\n|move|p2a: Magearna|Shift Gear|p2a: Magearna\n|-boost|p2a: Magearna|spe|2\n|-boost|p2a: Magearna|atk|1\n|\n|-heal|p2a: Magearna|100\/100 par|[from] item: Leftovers\n|upkeep\n|turn|18\n|\n|t:|1698974634\n|move|p1a: Zacian|Close Combat|p2a: Magearna\n|-damage|p2a: Magearna|64\/100 par\n|-unboost|p1a: Zacian|def|1\n|-unboost|p1a: Zacian|spd|1\n|move|p2a: Magearna|Stored Power|p1a: Zacian\n|-damage|p1a: Zacian|1\/100\n|\n|-heal|p2a: Magearna|70\/100 par|[from] item: Leftovers\n|upkeep\n|turn|19\n|\n|t:|1698974642\n|move|p1a: Zacian|Close Combat|p2a: Magearna\n|-damage|p2a: Magearna|37\/100 par\n|-unboost|p1a: Zacian|def|1\n|-unboost|p1a: Zacian|spd|1\n|move|p2a: Magearna|Draining Kiss|p1a: Zacian\n|-damage|p1a: Zacian|0 fnt\n|-heal|p2a: Magearna|38\/100 par|[from] drain|[of] p1a: Zacian\n|faint|p1a: Zacian\n|-ability|p2a: Magearna|Soul-Heart|boost\n|-boost|p2a: Magearna|spa|1\n|\n|-heal|p2a: Magearna|44\/100 par|[from] item: Leftovers\n|upkeep\n|\n|t:|1698974649\n|switch|p1a: Palafin|Palafin-Hero, F|100\/100\n|turn|20\n|inactive|wamkou has 270 seconds left.\n|\n|t:|1698974686\n|move|p1a: Palafin|Wave Crash|p2a: Magearna\n|-damage|p2a: Magearna|0 fnt\n|faint|p2a: Magearna\n|-damage|p1a: Palafin|85\/100|[from] Recoil\n|\n|upkeep\n|\n|t:|1698974701\n|switch|p2a: Cyclizar|Cyclizar, F|84\/100\n|turn|21\n|inactive|wamkou has 270 seconds left.\n|\n|t:|1698974714\n|move|p2a: Cyclizar|Draco Meteor|p1a: Palafin\n|-damage|p1a: Palafin|37\/100\n|-unboost|p2a: Cyclizar|spa|2\n|move|p1a: Palafin|Wave Crash|p2a: Cyclizar\n|-resisted|p2a: Cyclizar\n|-damage|p2a: Cyclizar|0 fnt\n|faint|p2a: Cyclizar\n|-damage|p1a: Palafin|10\/100|[from] Recoil\n|\n|upkeep\n|\n|t:|1698974729\n|switch|p2a: Garchomp|Garchomp, F|100\/100\n|turn|22\n|inactive|wamkou has 270 seconds left.\n|\n|t:|1698974757\n|switch|p1a: Magearna|Magearna|100\/100\n|move|p2a: Garchomp|Earthquake|p1a: Magearna\n|-supereffective|p1a: Magearna\n|-damage|p1a: Magearna|8\/100\n|\n|-heal|p1a: Magearna|14\/100|[from] item: Leftovers\n|upkeep\n|turn|23\n|\n|t:|1698974763\n|move|p2a: Garchomp|Earthquake|p1a: Magearna\n|-supereffective|p1a: Magearna\n|-damage|p1a: Magearna|0 fnt\n|faint|p1a: Magearna\n|\n|upkeep\n|\n|t:|1698974767\n|switch|p1a: Palafin|Palafin-Hero, F|10\/100\n|turn|24\n|\n|t:|1698974771\n|move|p1a: Palafin|Jet Punch|p2a: Garchomp\n|-damage|p2a: Garchomp|37\/100\n|-damage|p1a: Palafin|0 fnt|[from] ability: Rough Skin|[of] p2a: Garchomp\n|faint|p1a: Palafin\n|\n|win|lolgz\n|l|\u2606wamkou\n|l|\u2606lolgz\n|j|\u2606wamkou\n|player|p1|wamkou|elesa-masters2\n","uploadtime":1698974789,"views":5,"p1id":"wamkou","p2id":"lolgz","formatid":"gen9ubers","rating":0,"private":0,"password":""}