{"id":"gen9ubers-1991861137","p1":"Sharpyboi","p2":"Jeanmilapipe","format":"[Gen 9] Ubers","log":"|j|\u2606Sharpyboi\n|j|\u2606Jeanmilapipe\n|t:|1700129940\n|gametype|singles\n|player|p1|Sharpyboi|gentleman-gen4|1375\n|player|p2|Jeanmilapipe|n|1585\n|teamsize|p1|6\n|teamsize|p2|6\n|gen|9\n|tier|[Gen 9] Ubers\n|rated|\n|rule|Sleep Clause Mod: Limit one foe put to sleep\n|rule|Species Clause: Limit one of each Pok\u00e9mon\n|rule|OHKO Clause: OHKO moves are banned\n|rule|Evasion Items Clause: Evasion items are banned\n|rule|Evasion Moves Clause: Evasion moves are banned\n|rule|Endless Battle Clause: Forcing endless battles is banned\n|rule|HP Percentage Mod: HP is shown in percentages\n|clearpoke\n|poke|p1|Zacian-*|\n|poke|p1|Miraidon|\n|poke|p1|Skeledirge, M|\n|poke|p1|Komala, F|\n|poke|p1|Arceus|\n|poke|p1|Koraidon|\n|poke|p2|Koraidon|\n|poke|p2|Haxorus, M|\n|poke|p2|Corviknight, M|\n|poke|p2|Clodsire, M|\n|poke|p2|Kingambit, M|\n|poke|p2|Arceus|\n|teampreview\n|\n|t:|1700129953\n|start\n|switch|p1a: Miraidon Deez nuts|Miraidon|100\/100\n|switch|p2a: Koraidon|Koraidon|100\/100\n|-fieldstart|move: Electric Terrain|[from] ability: Hadron Engine|[of] p1a: Miraidon Deez nuts\n|-weather|SunnyDay|[from] ability: Orichalcum Pulse|[of] p2a: Koraidon\n|-activate|p2a: Koraidon|Orichalcum Pulse|[source]\n|turn|1\n|\n|t:|1700129963\n|switch|p1a: Good Pupper|Zacian-Crowned, shiny|100\/100\n|-ability|p1a: Good Pupper|Intrepid Sword|boost\n|-boost|p1a: Good Pupper|atk|1\n|switch|p2a: Clodsire|Clodsire, M|100\/100\n|\n|-weather|SunnyDay|[upkeep]\n|upkeep\n|turn|2\n|\n|t:|1700129973\n|switch|p1a: kinda ass|Arceus, shiny|100\/100\n|move|p2a: Clodsire|Earthquake|p1a: kinda ass\n|-damage|p1a: kinda ass|84\/100\n|\n|-weather|SunnyDay|[upkeep]\n|upkeep\n|turn|3\n|\n|t:|1700129981\n|switch|p2a: Corviknight|Corviknight, M|100\/100\n|-ability|p2a: Corviknight|Pressure\n|move|p1a: kinda ass|Taunt|p2a: Corviknight\n|-start|p2a: Corviknight|move: Taunt\n|\n|-weather|SunnyDay|[upkeep]\n|upkeep\n|turn|4\n|\n|t:|1700129991\n|move|p1a: kinda ass|Swords Dance|p1a: kinda ass\n|-boost|p1a: kinda ass|atk|2\n|move|p2a: Corviknight|Body Press|p1a: kinda ass\n|-supereffective|p1a: kinda ass\n|-damage|p1a: kinda ass|49\/100\n|\n|-weather|SunnyDay|[upkeep]\n|upkeep\n|turn|5\n|\n|t:|1700129999\n|switch|p1a: Samuri Jack|Koraidon|100\/100\n|-activate|p1a: Samuri Jack|ability: Orichalcum Pulse\n|move|p2a: Corviknight|Body Press|p1a: Samuri Jack\n|-damage|p1a: Samuri Jack|78\/100\n|\n|-weather|none\n|-end|p2a: Corviknight|move: Taunt\n|-fieldend|move: Electric Terrain\n|upkeep\n|turn|6\n|\n|t:|1700130009\n|move|p1a: Samuri Jack|Swords Dance|p1a: Samuri Jack\n|-boost|p1a: Samuri Jack|atk|2\n|move|p2a: Corviknight|Iron Defense|p2a: Corviknight\n|-boost|p2a: Corviknight|def|2\n|\n|upkeep\n|turn|7\n|\n|t:|1700130016\n|move|p1a: Samuri Jack|Flare Blitz|p2a: Corviknight\n|-supereffective|p2a: Corviknight\n|-damage|p2a: Corviknight|47\/100\n|-damage|p1a: Samuri Jack|61\/100|[from] item: Rocky Helmet|[of] p2a: Corviknight\n|-damage|p1a: Samuri Jack|40\/100|[from] Recoil\n|move|p2a: Corviknight|Body Press|p1a: Samuri Jack\n|-damage|p1a: Samuri Jack|0 fnt\n|faint|p1a: Samuri Jack\n|\n|upkeep\n|\n|t:|1700130019\n|switch|p1a: big dirge|Skeledirge, M, shiny|100\/100\n|turn|8\n|\n|t:|1700130028\n|switch|p2a: Clodsire|Clodsire, M|100\/100\n|move|p1a: big dirge|Will-O-Wisp|p2a: Clodsire\n|-status|p2a: Clodsire|brn\n|\n|-damage|p2a: Clodsire|94\/100 brn|[from] brn\n|upkeep\n|turn|9\n|\n|t:|1700130039\n|switch|p1a: MVP|Komala, F, shiny|100\/100\n|-ability|p1a: MVP|Comatose\n|switch|p2a: Haxorus|Haxorus, M|100\/100\n|-ability|p2a: Haxorus|Mold Breaker\n|\n|upkeep\n|turn|10\n|\n|t:|1700130047\n|move|p2a: Haxorus|Dragon Dance|p2a: Haxorus\n|-boost|p2a: Haxorus|atk|1\n|-boost|p2a: Haxorus|spe|1\n|move|p1a: MVP|Knock Off|p2a: Haxorus\n|-damage|p2a: Haxorus|70\/100\n|-enditem|p2a: Haxorus|Loaded Dice|[from] move: Knock Off|[of] p1a: MVP\n|\n|upkeep\n|turn|11\n|\n|t:|1700130055\n|switch|p1a: Good Pupper|Zacian-Crowned, shiny|100\/100\n|move|p2a: Haxorus|Swords Dance|p2a: Haxorus\n|-boost|p2a: Haxorus|atk|2\n|\n|upkeep\n|turn|12\n|\n|t:|1700130063\n|-terastallize|p2a: Haxorus|Ghost\n|move|p2a: Haxorus|Shadow Claw|p1a: Good Pupper\n|-damage|p1a: Good Pupper|5\/100\n|move|p1a: Good Pupper|Play Rough|p2a: Haxorus\n|-damage|p2a: Haxorus|8\/100\n|-unboost|p2a: Haxorus|atk|1\n|\n|upkeep\n|turn|13\n|\n|t:|1700130075\n|switch|p1a: MVP|Komala, F, shiny|100\/100\n|-ability|p1a: MVP|Comatose\n|move|p2a: Haxorus|Shadow Claw|p1a: MVP\n|-immune|p1a: MVP\n|\n|upkeep\n|turn|14\n|\n|t:|1700130084\n|move|p2a: Haxorus|Scale Shot|p1a: MVP\n|-damage|p1a: MVP|62\/100\n|-damage|p1a: MVP|23\/100\n|-damage|p1a: MVP|0 fnt\n|faint|p1a: MVP\n|-hitcount|p1: MVP|3\n|-unboost|p2a: Haxorus|def|1\n|-boost|p2a: Haxorus|spe|1\n|\n|upkeep\n|\n|t:|1700130089\n|switch|p1a: kinda ass|Arceus, shiny|49\/100\n|turn|15\n|\n|t:|1700130096\n|move|p2a: Haxorus|Scale Shot|p1a: kinda ass\n|-damage|p1a: kinda ass|31\/100\n|-damage|p1a: kinda ass|12\/100\n|-damage|p1a: kinda ass|0 fnt\n|faint|p1a: kinda ass\n|-hitcount|p1: kinda ass|3\n|-unboost|p2a: Haxorus|def|1\n|-boost|p2a: Haxorus|spe|1\n|\n|upkeep\n|\n|t:|1700130102\n|switch|p1a: Miraidon Deez nuts|Miraidon|100\/100\n|-fieldstart|move: Electric Terrain|[from] ability: Hadron Engine|[of] p1a: Miraidon Deez nuts\n|turn|16\n|\n|t:|1700130110\n|-terastallize|p1a: Miraidon Deez nuts|Fairy\n|move|p2a: Haxorus|Shadow Claw|p1a: Miraidon Deez nuts\n|-damage|p1a: Miraidon Deez nuts|24\/100\n|move|p1a: Miraidon Deez nuts|Volt Switch|p2a: Haxorus\n|-damage|p2a: Haxorus|0 fnt\n|faint|p2a: Haxorus\n|\n|t:|1700130115\n|switch|p1a: big dirge|Skeledirge, M, shiny|100\/100|[from] Volt Switch\n|\n|upkeep\n|\n|t:|1700130127\n|switch|p2a: Arceus|Arceus|100\/100\n|turn|17\n|\n|t:|1700130131\n|move|p2a: Arceus|Substitute|p2a: Arceus\n|-start|p2a: Arceus|Substitute\n|-damage|p2a: Arceus|76\/100\n|move|p1a: big dirge|Will-O-Wisp||[still]\n|-fail|p1a: big dirge\n|\n|-heal|p2a: Arceus|82\/100|[from] item: Leftovers\n|upkeep\n|turn|18\n|\n|t:|1700130139\n|move|p2a: Arceus|Shadow Claw|p1a: big dirge\n|-supereffective|p1a: big dirge\n|-damage|p1a: big dirge|68\/100\n|move|p1a: big dirge|Torch Song|p2a: Arceus\n|-damage|p2a: Arceus|59\/100\n|-boost|p1a: big dirge|spa|1\n|\n|-heal|p2a: Arceus|65\/100|[from] item: Leftovers\n|-heal|p1a: big dirge|75\/100|[from] item: Leftovers\n|upkeep\n|turn|19\n|\n|t:|1700130152\n|move|p2a: Arceus|Shadow Claw|p1a: big dirge\n|-supereffective|p1a: big dirge\n|-damage|p1a: big dirge|46\/100\n|move|p1a: big dirge|Torch Song|p2a: Arceus\n|-damage|p2a: Arceus|34\/100\n|-boost|p1a: big dirge|spa|1\n|\n|-heal|p2a: Arceus|40\/100|[from] item: Leftovers\n|-heal|p1a: big dirge|52\/100|[from] item: Leftovers\n|upkeep\n|turn|20\n|\n|t:|1700130165\n|move|p2a: Arceus|Shadow Claw|p1a: big dirge\n|-supereffective|p1a: big dirge\n|-damage|p1a: big dirge|23\/100\n|move|p1a: big dirge|Slack Off|p1a: big dirge\n|-heal|p1a: big dirge|73\/100\n|\n|-heal|p2a: Arceus|46\/100|[from] item: Leftovers\n|-heal|p1a: big dirge|79\/100|[from] item: Leftovers\n|-fieldend|move: Electric Terrain\n|upkeep\n|turn|21\n|\n|t:|1700130176\n|move|p2a: Arceus|Shadow Claw|p1a: big dirge\n|-supereffective|p1a: big dirge\n|-damage|p1a: big dirge|49\/100\n|move|p1a: big dirge|Torch Song|p2a: Arceus\n|-damage|p2a: Arceus|0 fnt\n|-boost|p1a: big dirge|spa|1\n|faint|p2a: Arceus\n|\n|-heal|p1a: big dirge|55\/100|[from] item: Leftovers\n|upkeep\n|\n|t:|1700130188\n|switch|p2a: Kingambit|Kingambit, M|100\/100\n|-activate|p2a: Kingambit|ability: Supreme Overlord\n|-start|p2a: Kingambit|fallen2|[silent]\n|turn|22\n|\n|t:|1700130192\n|move|p2a: Kingambit|Kowtow Cleave|p1a: big dirge\n|-supereffective|p1a: big dirge\n|-damage|p1a: big dirge|0 fnt\n|faint|p1a: big dirge\n|\n|upkeep\n|\n|t:|1700130197\n|switch|p1a: Good Pupper|Zacian-Crowned, shiny|5\/100\n|turn|23\n|\n|t:|1700130201\n|-end|p2a: Kingambit|fallen2|[silent]\n|switch|p2a: Corviknight|Corviknight, M|47\/100\n|-ability|p2a: Corviknight|Pressure\n|move|p1a: Good Pupper|Play Rough|p2a: Corviknight\n|-resisted|p2a: Corviknight\n|-damage|p2a: Corviknight|31\/100\n|-unboost|p2a: Corviknight|atk|1\n|-damage|p1a: Good Pupper|0 fnt|[from] item: Rocky Helmet|[of] p2a: Corviknight\n|faint|p1a: Good Pupper\n|\n|upkeep\n|\n|t:|1700130203\n|switch|p1a: Miraidon Deez nuts|Miraidon, tera:Fairy|24\/100\n|-fieldstart|move: Electric Terrain|[from] ability: Hadron Engine|[of] p1a: Miraidon Deez nuts\n|turn|24\n|\n|t:|1700130216\n|move|p1a: Miraidon Deez nuts|Draco Meteor|p2a: Corviknight\n|-resisted|p2a: Corviknight\n|-damage|p2a: Corviknight|0 fnt\n|-unboost|p1a: Miraidon Deez nuts|spa|2\n|faint|p2a: Corviknight\n|\n|upkeep\n|\n|t:|1700130223\n|switch|p2a: Kingambit|Kingambit, M|100\/100\n|-activate|p2a: Kingambit|ability: Supreme Overlord\n|-start|p2a: Kingambit|fallen3|[silent]\n|turn|25\n|\n|t:|1700130228\n|move|p1a: Miraidon Deez nuts|Draco Meteor|p2a: Kingambit|[miss]\n|-miss|p1a: Miraidon Deez nuts|p2a: Kingambit\n|move|p2a: Kingambit|Iron Head|p1a: Miraidon Deez nuts\n|-supereffective|p1a: Miraidon Deez nuts\n|-damage|p1a: Miraidon Deez nuts|0 fnt\n|faint|p1a: Miraidon Deez nuts\n|\n|win|Jeanmilapipe\n|raw|Sharpyboi's rating: 1375 &rarr; <strong>1366<\/strong><br \/>(-9 for losing)\n|raw|Jeanmilapipe's rating: 1585 &rarr; <strong>1594<\/strong><br \/>(+9 for winning)\n|c|\u2606Sharpyboi|gg\n|l|\u2606Sharpyboi\n","uploadtime":1700130436,"views":22,"p1id":"sharpyboi","p2id":"jeanmilapipe","formatid":"gen9ubers","rating":1366,"private":0,"password":""}