{"id":"gen9ubers-1988734974","p1":"GratedsShtickface","p2":"Underhours","format":"[Gen 9] Ubers","log":"|j|\u2606GratedsShtickface\n|j|\u2606Underhours\n|t:|1699756441\n|gametype|singles\n|player|p1|GratedsShtickface|hiker-gen4|\n|player|p2|Underhours|erika-gen2|\n|teamsize|p1|6\n|teamsize|p2|6\n|gen|9\n|tier|[Gen 9] Ubers\n|rule|Sleep Clause Mod: Limit one foe put to sleep\n|rule|Species Clause: Limit one of each Pok\u00e9mon\n|rule|OHKO Clause: OHKO moves are banned\n|rule|Evasion Items Clause: Evasion items are banned\n|rule|Evasion Moves Clause: Evasion moves are banned\n|rule|Endless Battle Clause: Forcing endless battles is banned\n|rule|HP Percentage Mod: HP is shown in percentages\n|clearpoke\n|poke|p1|Torterra, M|\n|poke|p1|Leavanny, F|\n|poke|p1|Roaring Moon|\n|poke|p1|Cyclizar, M|\n|poke|p1|Bellibolt, M|\n|poke|p1|Dragapult, M|\n|poke|p2|Cinderace, F|\n|poke|p2|Volcarona, F|\n|poke|p2|Amoonguss, M|\n|poke|p2|Arceus-Poison|\n|poke|p2|Iron Valiant|\n|poke|p2|Dialga|\n|teampreview\n|inactive|Battle timer is ON: inactive players will automatically lose when time's up. (requested by GratedsShtickface)\n|c|\u2606GratedsShtickface|it\n|c|\u2606Underhours|glhf\n|c|\u2606GratedsShtickface|color tourney\n|c|\u2606GratedsShtickface|glhf\n|inactive|Underhours has 270 seconds left.\n|\n|t:|1699756476\n|start\n|switch|p1a: Seamstress|Leavanny, F, shiny|100\/100\n|switch|p2a: Cinderace|Cinderace, F|100\/100\n|turn|1\n|\n|t:|1699756490\n|move|p2a: Cinderace|Pyro Ball|p1a: Seamstress\n|-supereffective|p1a: Seamstress\n|-enditem|p1a: Seamstress|Focus Sash\n|-damage|p1a: Seamstress|1\/100\n|move|p1a: Seamstress|String Shot|p2a: Cinderace\n|-unboost|p2a: Cinderace|spe|2\n|\n|upkeep\n|turn|2\n|\n|t:|1699756499\n|move|p1a: Seamstress|Sticky Web|p2a: Cinderace\n|-sidestart|p2: Underhours|move: Sticky Web\n|move|p2a: Cinderace|U-turn|p1a: Seamstress\n|-supereffective|p1a: Seamstress\n|-damage|p1a: Seamstress|0 fnt\n|faint|p1a: Seamstress\n|\n|t:|1699756509\n|switch|p2a: Amoonguss|Amoonguss, M|100\/100|[from] U-turn\n|\n|upkeep\n|\n|t:|1699756517\n|switch|p1a: Good Father|Dragapult, M, shiny|100\/100\n|turn|3\n|\n|t:|1699756542\n|switch|p1a: Gaius|Torterra, M, shiny|100\/100\n|move|p2a: Amoonguss|Foul Play|p1a: Gaius\n|-damage|p1a: Gaius|70\/100\n|\n|upkeep\n|turn|4\n|c|\u2606GratedsShtickface|so this is green vs white then\n|c|\u2606Underhours|yes it is\n|inactive|Underhours has 270 seconds left.\n|inactive|GratedsShtickface has 270 seconds left.\n|\n|t:|1699756579\n|move|p1a: Gaius|Shell Smash|p1a: Gaius\n|-unboost|p1a: Gaius|def|1\n|-unboost|p1a: Gaius|spd|1\n|-boost|p1a: Gaius|atk|2\n|-boost|p1a: Gaius|spa|2\n|-boost|p1a: Gaius|spe|2\n|move|p2a: Amoonguss|Grass Knot|p1a: Gaius\n|-damage|p1a: Gaius|6\/100\n|\n|upkeep\n|turn|5\n|inactive|GratedsShtickface has 270 seconds left.\n|\n|t:|1699756593\n|move|p1a: Gaius|Headlong Rush|p2a: Amoonguss\n|-damage|p2a: Amoonguss|10\/100\n|-unboost|p1a: Gaius|def|1\n|-unboost|p1a: Gaius|spd|1\n|move|p2a: Amoonguss|Clear Smog|p1a: Gaius\n|-damage|p1a: Gaius|0 fnt\n|-clearboost|p1a: Gaius\n|faint|p1a: Gaius\n|\n|upkeep\n|\n|t:|1699756598\n|switch|p1a: Good Father|Dragapult, M, shiny|100\/100\n|turn|6\n|inactive|Underhours has 270 seconds left.\n|\n|t:|1699756618\n|switch|p2a: Arceus|Arceus-Poison|100\/100\n|-activate|p2a: Arceus|move: Sticky Web\n|-unboost|p2a: Arceus|spe|1\n|move|p1a: Good Father|Shadow Ball|p2a: Arceus\n|-damage|p2a: Arceus|65\/100\n|\n|upkeep\n|turn|7\n|inactive|Underhours has 270 seconds left.\n|\n|t:|1699756628\n|switch|p1a: Ionon't|Bellibolt, M, shiny|100\/100\n|move|p2a: Arceus|Recover|p2a: Arceus\n|-heal|p2a: Arceus|100\/100\n|\n|upkeep\n|turn|8\n|\n|t:|1699756638\n|move|p2a: Arceus|Dragon Dance|p2a: Arceus\n|-boost|p2a: Arceus|atk|1\n|-boost|p2a: Arceus|spe|1\n|move|p1a: Ionon't|Parabolic Charge|p2a: Arceus\n|-damage|p2a: Arceus|85\/100\n|\n|upkeep\n|turn|9\n|\n|t:|1699756641\n|switch|p1a: Good Father|Dragapult, M, shiny|100\/100\n|move|p2a: Arceus|Dragon Dance|p2a: Arceus\n|-boost|p2a: Arceus|atk|1\n|-boost|p2a: Arceus|spe|1\n|\n|upkeep\n|turn|10\n|\n|t:|1699756646\n|move|p2a: Arceus|Gunk Shot|p1a: Good Father\n|-resisted|p1a: Good Father\n|-damage|p1a: Good Father|0 fnt\n|faint|p1a: Good Father\n|\n|upkeep\n|\n|t:|1699756649\n|switch|p1a: Moldy Croissant|Roaring Moon, shiny|100\/100\n|-enditem|p1a: Moldy Croissant|Booster Energy\n|-activate|p1a: Moldy Croissant|ability: Protosynthesis|[fromitem]\n|-start|p1a: Moldy Croissant|protosynthesisatk\n|turn|11\n|\n|t:|1699756670\n|-terastallize|p1a: Moldy Croissant|Flying\n|move|p2a: Arceus|Earthquake|p1a: Moldy Croissant\n|-immune|p1a: Moldy Croissant\n|move|p1a: Moldy Croissant|Dragon Dance|p1a: Moldy Croissant\n|-boost|p1a: Moldy Croissant|atk|1\n|-boost|p1a: Moldy Croissant|spe|1\n|\n|upkeep\n|turn|12\n|\n|t:|1699756680\n|switch|p2a: Amoonguss|Amoonguss, M|10\/100\n|move|p1a: Moldy Croissant|Iron Head|p2a: Amoonguss\n|-damage|p2a: Amoonguss|0 fnt\n|faint|p2a: Amoonguss\n|\n|upkeep\n|\n|t:|1699756683\n|switch|p2a: Cinderace|Cinderace, F|100\/100\n|turn|13\n|\n|t:|1699756689\n|move|p1a: Moldy Croissant|Acrobatics|p2a: Cinderace\n|-damage|p2a: Cinderace|0 fnt\n|faint|p2a: Cinderace\n|\n|upkeep\n|\n|t:|1699756695\n|switch|p2a: Dialga|Dialga|100\/100\n|-activate|p2a: Dialga|move: Sticky Web\n|-unboost|p2a: Dialga|spe|1\n|-ability|p2a: Dialga|Pressure\n|turn|14\n|\n|t:|1699756699\n|move|p1a: Moldy Croissant|Knock Off|p2a: Dialga\n|-damage|p2a: Dialga|0 fnt\n|-enditem|p2a: Dialga|Choice Specs|[from] move: Knock Off|[of] p1a: Moldy Croissant\n|faint|p2a: Dialga\n|\n|upkeep\n|c|\u2606Underhours|holy shit\n|c|\u2606GratedsShtickface|wasn't expecting that lmao\n|inactive|Underhours has 270 seconds left.\n|c|\u2606Underhours|30% ko\n|c|\u2606Underhours|rip\n|c|\u2606GratedsShtickface|bruh\n|inactive|Underhours has 240 seconds left.\n|c|\u2606GratedsShtickface|did you at least have a shot to 1hko back?\n|\n|t:|1699756764\n|switch|p2a: Arceus|Arceus-Poison|85\/100\n|-activate|p2a: Arceus|move: Sticky Web\n|-unboost|p2a: Arceus|spe|1\n|turn|15\n|c|\u2606Underhours|93.8%\n|inactive|GratedsShtickface has 270 seconds left.\n|\n|t:|1699756797\n|move|p1a: Moldy Croissant|Iron Head|p2a: Arceus\n|-damage|p2a: Arceus|45\/100\n|cant|p2a: Arceus|flinch\n|\n|upkeep\n|turn|16\n|c|\u2606Underhours|fuck me\n|c|\u2606GratedsShtickface|skymin moment\n|inactive|GratedsShtickface has 270 seconds left.\n|\n|t:|1699756811\n|move|p1a: Moldy Croissant|Acrobatics|p2a: Arceus\n|-damage|p2a: Arceus|0 fnt\n|faint|p2a: Arceus\n|\n|upkeep\n|\n|t:|1699756820\n|switch|p2a: Iron Valiant|Iron Valiant|100\/100\n|-activate|p2a: Iron Valiant|move: Sticky Web\n|-unboost|p2a: Iron Valiant|spe|1\n|-enditem|p2a: Iron Valiant|Booster Energy\n|-activate|p2a: Iron Valiant|ability: Quark Drive|[fromitem]\n|-start|p2a: Iron Valiant|quarkdriveatk\n|turn|17\n|\n|t:|1699756829\n|move|p1a: Moldy Croissant|Acrobatics|p2a: Iron Valiant\n|-supereffective|p2a: Iron Valiant\n|-damage|p2a: Iron Valiant|0 fnt\n|faint|p2a: Iron Valiant\n|-end|p2a: Iron Valiant|Quark Drive|[silent]\n|\n|upkeep\n|\n|t:|1699756831\n|switch|p2a: Volcarona|Volcarona, F|100\/100\n|turn|18\n|\n|t:|1699756838\n|-terastallize|p2a: Volcarona|Water\n|move|p1a: Moldy Croissant|Acrobatics|p2a: Volcarona\n|-damage|p2a: Volcarona|0 fnt\n|faint|p2a: Volcarona\n|\n|win|GratedsShtickface\n|c|\u2606GratedsShtickface|gg\n|c|\u2606Underhours|gg\n","uploadtime":1699756843,"views":38,"p1id":"gratedsshtickface","p2id":"underhours","formatid":"gen9ubers","rating":0,"private":0,"password":""}