{"id":"gen9ubers-1976641546","p1":"didact_re","p2":"Playermaybe?","format":"[Gen 9] Ubers","log":"|j|\u2606didact_re\n|j|\u2606Playermaybe?\n|t:|1698329748\n|gametype|singles\n|player|p1|didact_re|morty-masters|1141\n|player|p2|Playermaybe?|169|1143\n|teamsize|p1|6\n|teamsize|p2|6\n|gen|9\n|tier|[Gen 9] Ubers\n|rated|\n|rule|Sleep Clause Mod: Limit one foe put to sleep\n|rule|Species Clause: Limit one of each Pok\u00e9mon\n|rule|OHKO Clause: OHKO moves are banned\n|rule|Evasion Items Clause: Evasion items are banned\n|rule|Evasion Moves Clause: Evasion moves are banned\n|rule|Endless Battle Clause: Forcing endless battles is banned\n|rule|HP Percentage Mod: HP is shown in percentages\n|clearpoke\n|poke|p1|Glimmora, F|\n|poke|p1|Gothitelle, M|\n|poke|p1|Basculegion, M|\n|poke|p1|Pawmot, M|\n|poke|p1|Annihilape, F|\n|poke|p1|Typhlosion-Hisui, F|\n|poke|p2|Arceus|\n|poke|p2|Regieleki|\n|poke|p2|Giratina-Origin|\n|poke|p2|Iron Bundle|\n|poke|p2|Miraidon|\n|poke|p2|Baxcalibur, M|\n|teampreview\n|\n|t:|1698329753\n|start\n|switch|p1a: Glimmora|Glimmora, F|100\/100\n|switch|p2a: Iron Bundle|Iron Bundle|100\/100\n|-item|p1a: Glimmora|Air Balloon\n|turn|1\n|inactive|Battle timer is ON: inactive players will automatically lose when time's up. (requested by Playermaybe?)\n|\n|t:|1698329760\n|move|p2a: Iron Bundle|Hydro Pump|p1a: Glimmora\n|-supereffective|p1a: Glimmora\n|-damage|p1a: Glimmora|0 fnt\n|-enditem|p1a: Glimmora|Air Balloon\n|faint|p1a: Glimmora\n|\n|upkeep\n|\n|t:|1698329771\n|switch|p1a: Gothitelle|Gothitelle, M|100\/100\n|turn|2\n|\n|t:|1698329781\n|move|p2a: Iron Bundle|Hydro Pump|p1a: Gothitelle\n|-damage|p1a: Gothitelle|49\/100\n|move|p1a: Gothitelle|Calm Mind|p1a: Gothitelle\n|-boost|p1a: Gothitelle|spa|1\n|-boost|p1a: Gothitelle|spd|1\n|\n|-heal|p1a: Gothitelle|55\/100|[from] item: Leftovers\n|upkeep\n|turn|3\n|\n|t:|1698329792\n|move|p2a: Iron Bundle|Encore|p1a: Gothitelle\n|-start|p1a: Gothitelle|Encore\n|move|p1a: Gothitelle|Calm Mind|p1a: Gothitelle\n|-boost|p1a: Gothitelle|spa|1\n|-boost|p1a: Gothitelle|spd|1\n|\n|-heal|p1a: Gothitelle|61\/100|[from] item: Leftovers\n|upkeep\n|turn|4\n|\n|t:|1698329800\n|move|p2a: Iron Bundle|Hydro Pump|p1a: Gothitelle\n|-damage|p1a: Gothitelle|35\/100\n|move|p1a: Gothitelle|Calm Mind|p1a: Gothitelle\n|-boost|p1a: Gothitelle|spa|1\n|-boost|p1a: Gothitelle|spd|1\n|\n|-heal|p1a: Gothitelle|41\/100|[from] item: Leftovers\n|upkeep\n|turn|5\n|\n|t:|1698329808\n|move|p2a: Iron Bundle|Substitute|p2a: Iron Bundle\n|-start|p2a: Iron Bundle|Substitute\n|-damage|p2a: Iron Bundle|76\/100\n|move|p1a: Gothitelle|Calm Mind|p1a: Gothitelle\n|-boost|p1a: Gothitelle|spa|1\n|-boost|p1a: Gothitelle|spd|1\n|\n|-heal|p2a: Iron Bundle|82\/100|[from] item: Leftovers\n|-heal|p1a: Gothitelle|47\/100|[from] item: Leftovers\n|-end|p1a: Gothitelle|Encore\n|upkeep\n|turn|6\n|\n|t:|1698329818\n|move|p2a: Iron Bundle|Encore|p1a: Gothitelle\n|-start|p1a: Gothitelle|Encore\n|move|p1a: Gothitelle|Calm Mind|p1a: Gothitelle\n|-boost|p1a: Gothitelle|spa|1\n|-boost|p1a: Gothitelle|spd|1\n|\n|-heal|p2a: Iron Bundle|87\/100|[from] item: Leftovers\n|-heal|p1a: Gothitelle|53\/100|[from] item: Leftovers\n|upkeep\n|turn|7\n|\n|t:|1698329827\n|move|p2a: Iron Bundle|Hydro Pump|p1a: Gothitelle\n|-damage|p1a: Gothitelle|39\/100\n|move|p1a: Gothitelle|Calm Mind|p1a: Gothitelle\n|-boost|p1a: Gothitelle|spa|1\n|-boost|p1a: Gothitelle|spd|1\n|\n|-heal|p2a: Iron Bundle|93\/100|[from] item: Leftovers\n|-heal|p1a: Gothitelle|45\/100|[from] item: Leftovers\n|upkeep\n|turn|8\n|\n|t:|1698329836\n|move|p2a: Iron Bundle|Hydro Pump|p1a: Gothitelle\n|-damage|p1a: Gothitelle|32\/100\n|move|p1a: Gothitelle|Calm Mind|p1a: Gothitelle\n|-boost|p1a: Gothitelle|spa|0\n|-boost|p1a: Gothitelle|spd|0\n|\n|-heal|p2a: Iron Bundle|99\/100|[from] item: Leftovers\n|-heal|p1a: Gothitelle|38\/100|[from] item: Leftovers\n|-end|p1a: Gothitelle|Encore\n|upkeep\n|turn|9\n|\n|t:|1698329847\n|move|p2a: Iron Bundle|Encore|p1a: Gothitelle\n|-start|p1a: Gothitelle|Encore\n|move|p1a: Gothitelle|Calm Mind|p1a: Gothitelle\n|-boost|p1a: Gothitelle|spa|0\n|-boost|p1a: Gothitelle|spd|0\n|\n|-heal|p2a: Iron Bundle|100\/100|[from] item: Leftovers\n|-heal|p1a: Gothitelle|44\/100|[from] item: Leftovers\n|upkeep\n|turn|10\n|\n|t:|1698329856\n|move|p2a: Iron Bundle|Freeze-Dry|p1a: Gothitelle\n|-damage|p1a: Gothitelle|36\/100\n|move|p1a: Gothitelle|Calm Mind|p1a: Gothitelle\n|-boost|p1a: Gothitelle|spa|0\n|-boost|p1a: Gothitelle|spd|0\n|\n|-heal|p1a: Gothitelle|42\/100|[from] item: Leftovers\n|upkeep\n|turn|11\n|\n|t:|1698329865\n|move|p2a: Iron Bundle|Freeze-Dry|p1a: Gothitelle\n|-damage|p1a: Gothitelle|34\/100\n|-status|p1a: Gothitelle|frz\n|cant|p1a: Gothitelle|frz\n|\n|-heal|p1a: Gothitelle|40\/100 frz|[from] item: Leftovers\n|-end|p1a: Gothitelle|Encore\n|upkeep\n|turn|12\n|\n|t:|1698329875\n|move|p2a: Iron Bundle|Hydro Pump|p1a: Gothitelle|[miss]\n|-miss|p2a: Iron Bundle|p1a: Gothitelle\n|cant|p1a: Gothitelle|frz\n|\n|-heal|p1a: Gothitelle|46\/100 frz|[from] item: Leftovers\n|upkeep\n|turn|13\n|\n|t:|1698329882\n|move|p2a: Iron Bundle|Freeze-Dry|p1a: Gothitelle\n|-damage|p1a: Gothitelle|38\/100 frz\n|cant|p1a: Gothitelle|frz\n|\n|-heal|p1a: Gothitelle|44\/100 frz|[from] item: Leftovers\n|upkeep\n|turn|14\n|\n|t:|1698329889\n|move|p2a: Iron Bundle|Encore|p1a: Gothitelle\n|-start|p1a: Gothitelle|Encore\n|cant|p1a: Gothitelle|frz\n|\n|-heal|p1a: Gothitelle|50\/100 frz|[from] item: Leftovers\n|upkeep\n|turn|15\n|\n|t:|1698329897\n|move|p2a: Iron Bundle|Hydro Pump|p1a: Gothitelle\n|-damage|p1a: Gothitelle|37\/100 frz\n|-curestatus|p1a: Gothitelle|frz|[msg]\n|move|p1a: Gothitelle|Calm Mind|p1a: Gothitelle\n|-boost|p1a: Gothitelle|spa|0\n|-boost|p1a: Gothitelle|spd|0\n|\n|-heal|p1a: Gothitelle|43\/100|[from] item: Leftovers\n|upkeep\n|turn|16\n|\n|t:|1698329906\n|move|p2a: Iron Bundle|Hydro Pump|p1a: Gothitelle\n|-damage|p1a: Gothitelle|30\/100\n|move|p1a: Gothitelle|Calm Mind|p1a: Gothitelle\n|-boost|p1a: Gothitelle|spa|0\n|-boost|p1a: Gothitelle|spd|0\n|\n|-heal|p1a: Gothitelle|36\/100|[from] item: Leftovers\n|-end|p1a: Gothitelle|Encore\n|upkeep\n|turn|17\n|\n|t:|1698329919\n|move|p2a: Iron Bundle|Freeze-Dry|p1a: Gothitelle\n|-damage|p1a: Gothitelle|28\/100\n|move|p1a: Gothitelle|Stored Power|p2a: Iron Bundle\n|-end|p2a: Iron Bundle|Substitute\n|\n|-heal|p1a: Gothitelle|34\/100|[from] item: Leftovers\n|upkeep\n|turn|18\n|\n|t:|1698329932\n|move|p2a: Iron Bundle|Freeze-Dry|p1a: Gothitelle\n|-damage|p1a: Gothitelle|26\/100\n|move|p1a: Gothitelle|Rest|p1a: Gothitelle\n|-status|p1a: Gothitelle|slp|[from] move: Rest\n|-heal|p1a: Gothitelle|100\/100 slp|[silent]\n|\n|upkeep\n|turn|19\n|\n|t:|1698329942\n|move|p2a: Iron Bundle|Freeze-Dry|p1a: Gothitelle\n|-damage|p1a: Gothitelle|92\/100 slp\n|cant|p1a: Gothitelle|slp\n|\n|-heal|p1a: Gothitelle|98\/100 slp|[from] item: Leftovers\n|upkeep\n|turn|20\n|\n|t:|1698329949\n|move|p2a: Iron Bundle|Freeze-Dry|p1a: Gothitelle\n|-damage|p1a: Gothitelle|89\/100 slp\n|cant|p1a: Gothitelle|slp\n|\n|-heal|p1a: Gothitelle|96\/100 slp|[from] item: Leftovers\n|upkeep\n|turn|21\n|\n|t:|1698329957\n|move|p2a: Iron Bundle|Freeze-Dry|p1a: Gothitelle\n|-damage|p1a: Gothitelle|88\/100 slp\n|-curestatus|p1a: Gothitelle|slp|[msg]\n|move|p1a: Gothitelle|Stored Power|p2a: Iron Bundle\n|-damage|p2a: Iron Bundle|0 fnt\n|faint|p2a: Iron Bundle\n|-end|p2a: Iron Bundle|Quark Drive|[silent]\n|\n|-heal|p1a: Gothitelle|94\/100|[from] item: Leftovers\n|upkeep\n|\n|t:|1698329972\n|switch|p2a: Baxcalibur|Baxcalibur, M|100\/100\n|turn|22\n|\n|t:|1698329976\n|move|p2a: Baxcalibur|Scale Shot|p1a: Gothitelle|[miss]\n|-miss|p2a: Baxcalibur|p1a: Gothitelle\n|move|p1a: Gothitelle|Stored Power|p2a: Baxcalibur\n|-damage|p2a: Baxcalibur|0 fnt\n|faint|p2a: Baxcalibur\n|\n|-heal|p1a: Gothitelle|99\/100|[from] item: Leftovers\n|upkeep\n|\n|t:|1698329985\n|switch|p2a: Arceus|Arceus|100\/100\n|turn|23\n|\n|t:|1698329989\n|move|p2a: Arceus|Shadow Claw|p1a: Gothitelle\n|-supereffective|p1a: Gothitelle\n|-damage|p1a: Gothitelle|51\/100\n|-damage|p2a: Arceus|91\/100|[from] item: Life Orb\n|move|p1a: Gothitelle|Stored Power|p2a: Arceus\n|-damage|p2a: Arceus|0 fnt\n|faint|p2a: Arceus\n|\n|-heal|p1a: Gothitelle|57\/100|[from] item: Leftovers\n|upkeep\n|\n|t:|1698329999\n|switch|p2a: Regieleki|Regieleki|100\/100\n|turn|24\n|\n|t:|1698330003\n|move|p2a: Regieleki|Rapid Spin|p1a: Gothitelle\n|-damage|p1a: Gothitelle|48\/100\n|-boost|p2a: Regieleki|spe|1\n|move|p1a: Gothitelle|Stored Power|p2a: Regieleki\n|-damage|p2a: Regieleki|0 fnt\n|faint|p2a: Regieleki\n|\n|-heal|p1a: Gothitelle|55\/100|[from] item: Leftovers\n|upkeep\n|\n|t:|1698330012\n|switch|p2a: Miraidon|Miraidon|100\/100\n|-fieldstart|move: Electric Terrain|[from] ability: Hadron Engine|[of] p2a: Miraidon\n|turn|25\n|\n|t:|1698330017\n|move|p2a: Miraidon|Electro Drift|p1a: Gothitelle\n|-damage|p1a: Gothitelle|26\/100\n|-damage|p2a: Miraidon|91\/100|[from] item: Life Orb\n|move|p1a: Gothitelle|Stored Power|p2a: Miraidon\n|-damage|p2a: Miraidon|0 fnt\n|faint|p2a: Miraidon\n|\n|-heal|p1a: Gothitelle|32\/100|[from] item: Leftovers\n|upkeep\n|\n|t:|1698330026\n|switch|p2a: Giratina|Giratina-Origin|100\/100\n|turn|26\n|\n|t:|1698330028\n|move|p2a: Giratina|Shadow Ball|p1a: Gothitelle\n|-supereffective|p1a: Gothitelle\n|-damage|p1a: Gothitelle|7\/100\n|move|p1a: Gothitelle|Stored Power|p2a: Giratina\n|-damage|p2a: Giratina|0 fnt\n|faint|p2a: Giratina\n|\n|win|didact_re\n|raw|didact_re's rating: 1141 &rarr; <strong>1166<\/strong><br \/>(+25 for winning)\n|raw|Playermaybe?'s rating: 1143 &rarr; <strong>1118<\/strong><br \/>(-25 for losing)\n|l|\u2606Playermaybe?\n","uploadtime":1698330038,"views":11,"p1id":"didactre","p2id":"playermaybe","formatid":"gen9ubers","rating":1118,"private":0,"password":""}