{"id":"gen9ubers-1996305369","p1":"mlgpokeballer","p2":"MewEnRage","format":"[Gen 9] Ubers","log":"|j|\u2606mlgpokeballer\n|j|\u2606MewEnRage\n|inactive|Battle timer is ON: inactive players will automatically lose when time's up.\n|t:|1700669445\n|gametype|singles\n|player|p1|mlgpokeballer|crasherwake|\n|player|p2|MewEnRage|pokemaniac|\n|teamsize|p1|6\n|teamsize|p2|6\n|gen|9\n|tier|[Gen 9] Ubers\n|rated|Tournament battle\n|rule|Sleep Clause Mod: Limit one foe put to sleep\n|rule|Species Clause: Limit one of each Pok\u00e9mon\n|rule|OHKO Clause: OHKO moves are banned\n|rule|Evasion Items Clause: Evasion items are banned\n|rule|Evasion Moves Clause: Evasion moves are banned\n|rule|Endless Battle Clause: Forcing endless battles is banned\n|rule|HP Percentage Mod: HP is shown in percentages\n|clearpoke\n|poke|p1|Zacian-*|\n|poke|p1|Koraidon|\n|poke|p1|Miraidon|\n|poke|p1|Ting-Lu|\n|poke|p1|Skeledirge, F|\n|poke|p1|Giratina-Origin|\n|poke|p2|Azelf|\n|poke|p2|Mimikyu, F|\n|poke|p2|Drednaw, F|\n|poke|p2|Tornadus, M|\n|poke|p2|Oricorio-Sensu, M|\n|poke|p2|Slither Wing|\n|teampreview\n|j|*Lady Monita \u2746\n|c|\u2606MewEnRage|wtf lmao\n|c|\u2606MewEnRage|why did it pick an RU team\n|c|\u2606mlgpokeballer|damn\n|inactive|mlgpokeballer has 120 seconds left.\n|c|\u2606MewEnRage|bro i swear it was an uber lmai\n|c|\u2606mlgpokeballer|if i lose this i might have to retire\n|\n|t:|1700669487\n|start\n|switch|p1a: Miraidon|Miraidon|100\/100\n|switch|p2a: Azelf|Azelf|100\/100\n|-fieldstart|move: Electric Terrain|[from] ability: Hadron Engine|[of] p1a: Miraidon\n|turn|1\n|\n|t:|1700669493\n|move|p1a: Miraidon|Electro Drift|p2a: Azelf\n|-damage|p2a: Azelf|0 fnt\n|faint|p2a: Azelf\n|\n|upkeep\n|\n|t:|1700669503\n|switch|p2a: Drednaw|Drednaw, F|100\/100\n|turn|2\n|\n|t:|1700669515\n|move|p1a: Miraidon|Electro Drift|p2a: Drednaw\n|-supereffective|p2a: Drednaw\n|-enditem|p2a: Drednaw|Focus Sash\n|-damage|p2a: Drednaw|1\/100\n|move|p2a: Drednaw|Shell Smash|p2a: Drednaw\n|-unboost|p2a: Drednaw|def|1\n|-unboost|p2a: Drednaw|spd|1\n|-boost|p2a: Drednaw|atk|2\n|-boost|p2a: Drednaw|spa|2\n|-boost|p2a: Drednaw|spe|2\n|\n|upkeep\n|turn|3\n|\n|t:|1700669520\n|move|p2a: Drednaw|Earthquake|p1a: Miraidon\n|-supereffective|p1a: Miraidon\n|-damage|p1a: Miraidon|0 fnt\n|faint|p1a: Miraidon\n|\n|upkeep\n|\n|t:|1700669524\n|switch|p1a: Skeledirge|Skeledirge, F, shiny|100\/100\n|turn|4\n|\n|t:|1700669527\n|move|p2a: Drednaw|Earthquake|p1a: Skeledirge\n|-supereffective|p1a: Skeledirge\n|-damage|p1a: Skeledirge|63\/100\n|move|p1a: Skeledirge|Hex|p2a: Drednaw\n|-damage|p2a: Drednaw|0 fnt\n|faint|p2a: Drednaw\n|\n|upkeep\n|\n|t:|1700669537\n|switch|p2a: Oricorio|Oricorio-Sensu, M|100\/100\n|turn|5\n|\n|t:|1700669549\n|switch|p2a: Tornadus|Tornadus, M|100\/100\n|switch|p1a: Ting-Lu|Ting-Lu|100\/100\n|-ability|p1a: Ting-Lu|Vessel of Ruin\n|\n|-fieldend|move: Electric Terrain\n|upkeep\n|turn|6\n|\n|t:|1700669554\n|move|p2a: Tornadus|Grass Knot|p1a: Ting-Lu\n|-supereffective|p1a: Ting-Lu\n|-damage|p1a: Ting-Lu|75\/100\n|move|p1a: Ting-Lu|Spikes|p2a: Tornadus\n|-sidestart|p2: MewEnRage|Spikes\n|\n|-heal|p1a: Ting-Lu|81\/100|[from] item: Leftovers\n|upkeep\n|turn|7\n|\n|t:|1700669557\n|move|p2a: Tornadus|Knock Off|p1a: Ting-Lu\n|-resisted|p1a: Ting-Lu\n|-damage|p1a: Ting-Lu|73\/100\n|-enditem|p1a: Ting-Lu|Leftovers|[from] move: Knock Off|[of] p2a: Tornadus\n|move|p1a: Ting-Lu|Spikes|p2a: Tornadus\n|-sidestart|p2: MewEnRage|Spikes\n|\n|upkeep\n|turn|8\n|\n|t:|1700669563\n|move|p2a: Tornadus|Bulk Up|p2a: Tornadus\n|-boost|p2a: Tornadus|atk|1\n|-boost|p2a: Tornadus|def|1\n|move|p1a: Ting-Lu|Spikes|p2a: Tornadus\n|-sidestart|p2: MewEnRage|Spikes\n|\n|upkeep\n|turn|9\n|\n|t:|1700669587\n|move|p2a: Tornadus|Acrobatics|p1a: Ting-Lu\n|-damage|p1a: Ting-Lu|34\/100\n|move|p1a: Ting-Lu|Whirlwind|p2a: Tornadus\n|drag|p2a: Slither Wing|Slither Wing|100\/100\n|-damage|p2a: Slither Wing|76\/100|[from] Spikes\n|-enditem|p2a: Slither Wing|Booster Energy\n|-activate|p2a: Slither Wing|ability: Protosynthesis|[fromitem]\n|-start|p2a: Slither Wing|protosynthesisatk\n|\n|upkeep\n|turn|10\n|\n|t:|1700669593\n|switch|p1a: Giratina|Giratina-Origin, shiny|100\/100\n|move|p2a: Slither Wing|Leech Life|p1a: Giratina\n|-resisted|p1a: Giratina\n|-damage|p1a: Giratina|82\/100\n|-heal|p2a: Slither Wing|91\/100|[from] drain|[of] p1a: Giratina\n|\n|upkeep\n|turn|11\n|\n|t:|1700669600\n|move|p2a: Slither Wing|Acrobatics|p1a: Giratina\n|-damage|p1a: Giratina|50\/100\n|move|p1a: Giratina|Will-O-Wisp|p2a: Slither Wing\n|-status|p2a: Slither Wing|brn\n|\n|-damage|p2a: Slither Wing|85\/100 brn|[from] brn\n|upkeep\n|turn|12\n|\n|t:|1700669608\n|-end|p2a: Slither Wing|Protosynthesis|[silent]\n|switch|p2a: Tornadus|Tornadus, M|100\/100\n|move|p1a: Giratina|Dragon Tail|p2a: Tornadus\n|-damage|p2a: Tornadus|54\/100\n|drag|p2a: Slither Wing|Slither Wing|85\/100 brn\n|-damage|p2a: Slither Wing|60\/100 brn|[from] Spikes\n|\n|-damage|p2a: Slither Wing|54\/100 brn|[from] brn\n|upkeep\n|turn|13\n|\n|t:|1700669614\n|move|p2a: Slither Wing|Acrobatics|p1a: Giratina\n|-damage|p1a: Giratina|37\/100\n|move|p1a: Giratina|Dragon Tail|p2a: Slither Wing\n|-damage|p2a: Slither Wing|13\/100 brn\n|-end|p2a: Slither Wing|Protosynthesis|[silent]\n|drag|p2a: Oricorio|Oricorio-Sensu, M|100\/100\n|\n|upkeep\n|turn|14\n|\n|t:|1700669620\n|move|p2a: Oricorio|Revelation Dance|p1a: Giratina\n|-supereffective|p1a: Giratina\n|-damage|p1a: Giratina|0 fnt\n|faint|p1a: Giratina\n|\n|upkeep\n|\n|t:|1700669623\n|switch|p1a: Koraidon|Koraidon|100\/100\n|-weather|SunnyDay|[from] ability: Orichalcum Pulse|[of] p1a: Koraidon\n|-activate|p1a: Koraidon|Orichalcum Pulse|[source]\n|turn|15\n|\n|t:|1700669626\n|switch|p2a: Slither Wing|Slither Wing|13\/100 brn\n|-damage|p2a: Slither Wing|0 fnt|[from] Spikes\n|faint|p2a: Slither Wing\n|-end|p2a: Slither Wing|Protosynthesis|[silent]\n|move|p1a: Koraidon|Scale Shot|p2: Slither Wing|[notarget]\n|-fail|p1a: Koraidon\n|\n|-weather|SunnyDay|[upkeep]\n|upkeep\n|\n|t:|1700669633\n|switch|p2a: Mimikyu|Mimikyu, F|100\/100\n|-damage|p2a: Mimikyu|76\/100|[from] Spikes\n|turn|16\n|\n|t:|1700669638\n|-terastallize|p1a: Koraidon|Fire\n|move|p1a: Koraidon|Flare Blitz|p2a: Mimikyu\n|-activate|p2a: Mimikyu|ability: Disguise\n|-damage|p2a: Mimikyu|76\/100\n|detailschange|p2a: Mimikyu|Mimikyu-Busted, F\n|-damage|p2a: Mimikyu|63\/100|[from] pokemon: Mimikyu-Busted\n|move|p2a: Mimikyu|Play Rough|p1a: Koraidon\n|-resisted|p1a: Koraidon\n|-damage|p1a: Koraidon|78\/100\n|-damage|p2a: Mimikyu|53\/100|[from] item: Life Orb\n|\n|-weather|SunnyDay|[upkeep]\n|upkeep\n|turn|17\n|\n|t:|1700669644\n|move|p2a: Mimikyu|Shadow Sneak|p1a: Koraidon\n|-damage|p1a: Koraidon|58\/100\n|-damage|p2a: Mimikyu|44\/100|[from] item: Life Orb\n|move|p1a: Koraidon|Flare Blitz|p2a: Mimikyu\n|-damage|p2a: Mimikyu|0 fnt\n|faint|p2a: Mimikyu\n|-damage|p1a: Koraidon|47\/100|[from] Recoil\n|\n|-weather|SunnyDay|[upkeep]\n|upkeep\n|c|\u2606mlgpokeballer|gg\n|\n|t:|1700669650\n|switch|p2a: Tornadus|Tornadus, M|54\/100\n|turn|18\n|c|\u2606mlgpokeballer|unfortunate\n|\n|t:|1700669656\n|move|p1a: Koraidon|Scale Shot|p2a: Tornadus\n|-damage|p2a: Tornadus|27\/100\n|-damage|p2a: Tornadus|0 fnt\n|faint|p2a: Tornadus\n|-hitcount|p2: Tornadus|2\n|-unboost|p1a: Koraidon|def|1\n|-boost|p1a: Koraidon|spe|1\n|\n|-weather|SunnyDay|[upkeep]\n|upkeep\n|c|\u2606MewEnRage|gg bro\n|\n|t:|1700669664\n|switch|p2a: Oricorio|Oricorio-Sensu, M|100\/100\n|turn|19\n|n|!mlgpokeballer|mlgpokeballer\n|c|\u2606MewEnRage|coudn't win with an RU against Miraidon, Zacian and koraidon\n|c|\u2606MewEnRage|too many stats\n|\n|t:|1700669693\n|move|p1a: Koraidon|Flare Blitz|p2a: Oricorio\n|-damage|p2a: Oricorio|0 fnt\n|faint|p2a: Oricorio\n|-damage|p1a: Koraidon|19\/100|[from] Recoil\n|\n|win|mlgpokeballer\n","uploadtime":1700669677,"views":1,"p1id":"mlgpokeballer","p2id":"mewenrage","formatid":"gen9ubers","rating":0,"private":0,"password":""}