{"id":"gen9ubers-1970231633","p1":"Guy789","p2":"stupidmoron69","format":"[Gen 9] Ubers","log":"|j|\u2606Guy789\n|j|\u2606stupidmoron69\n|t:|1697614374\n|gametype|singles\n|player|p1|Guy789|lance|1039\n|player|p2|stupidmoron69|crasherwake|1071\n|teamsize|p1|6\n|teamsize|p2|6\n|gen|9\n|tier|[Gen 9] Ubers\n|rated|\n|rule|Sleep Clause Mod: Limit one foe put to sleep\n|rule|Species Clause: Limit one of each Pok\u00e9mon\n|rule|OHKO Clause: OHKO moves are banned\n|rule|Evasion Items Clause: Evasion items are banned\n|rule|Evasion Moves Clause: Evasion moves are banned\n|rule|Endless Battle Clause: Forcing endless battles is banned\n|rule|HP Percentage Mod: HP is shown in percentages\n|clearpoke\n|poke|p1|Zacian-*|\n|poke|p1|Kyogre|\n|poke|p1|Baxcalibur, M|\n|poke|p1|Arceus-Dark|\n|poke|p1|Ogerpon-Hearthflame, F|\n|poke|p1|Thundurus-Therian, M|\n|poke|p2|Slowking-Galar, F|\n|poke|p2|Dondozo, F|\n|poke|p2|Toxapex, M|\n|poke|p2|Alomomola, F|\n|poke|p2|Gliscor, M|\n|poke|p2|Ting-Lu|\n|teampreview\n|inactive|Battle timer is ON: inactive players will automatically lose when time's up. (requested by stupidmoron69)\n|inactive|Guy789 has 120 seconds left.\n|\n|t:|1697614414\n|start\n|switch|p1a: killer whale|Kyogre|100\/100\n|switch|p2a: Gliscor|Gliscor, M|100\/100\n|-weather|RainDance|[from] ability: Drizzle|[of] p1a: killer whale\n|turn|1\n|\n|t:|1697614422\n|move|p2a: Gliscor|Protect|p2a: Gliscor\n|-singleturn|p2a: Gliscor|Protect\n|move|p1a: killer whale|Water Spout|p2a: Gliscor\n|-activate|p2a: Gliscor|move: Protect\n|\n|-weather|RainDance|[upkeep]\n|-status|p2a: Gliscor|tox|[from] item: Toxic Orb\n|upkeep\n|turn|2\n|\n|t:|1697614430\n|switch|p2a: Toxapex|Toxapex, M|100\/100\n|move|p1a: killer whale|Water Spout|p2a: Toxapex\n|-resisted|p2a: Toxapex\n|-damage|p2a: Toxapex|61\/100\n|\n|-weather|RainDance|[upkeep]\n|upkeep\n|turn|3\n|\n|t:|1697614443\n|move|p1a: killer whale|Origin Pulse|p2a: Toxapex\n|-resisted|p2a: Toxapex\n|-damage|p2a: Toxapex|33\/100\n|move|p2a: Toxapex|Toxic|p1a: killer whale\n|-status|p1a: killer whale|tox\n|\n|-weather|RainDance|[upkeep]\n|-damage|p1a: killer whale|94\/100 tox|[from] psn\n|upkeep\n|turn|4\n|\n|t:|1697614453\n|switch|p2a: Slowking|Slowking-Galar, F, shiny|100\/100\n|move|p1a: killer whale|Water Spout|p2a: Slowking\n|-damage|p2a: Slowking|29\/100\n|\n|-weather|RainDance|[upkeep]\n|-heal|p1a: killer whale|100\/100 tox|[from] item: Leftovers\n|-damage|p1a: killer whale|88\/100 tox|[from] psn\n|upkeep\n|turn|5\n|\n|t:|1697614461\n|switch|p2a: Toxapex|Toxapex, M|67\/100\n|move|p1a: killer whale|Origin Pulse|p2a: Toxapex\n|-resisted|p2a: Toxapex\n|-damage|p2a: Toxapex|38\/100\n|\n|-weather|none\n|-heal|p1a: killer whale|94\/100 tox|[from] item: Leftovers\n|-damage|p1a: killer whale|76\/100 tox|[from] psn\n|upkeep\n|turn|6\n|\n|t:|1697614470\n|move|p1a: killer whale|Water Spout|p2a: Toxapex\n|-resisted|p2a: Toxapex\n|-damage|p2a: Toxapex|20\/100\n|move|p2a: Toxapex|Recover|p2a: Toxapex\n|-heal|p2a: Toxapex|70\/100\n|\n|-heal|p1a: killer whale|82\/100 tox|[from] item: Leftovers\n|-damage|p1a: killer whale|57\/100 tox|[from] psn\n|upkeep\n|turn|7\n|\n|t:|1697614480\n|switch|p1a: steel dog|Zacian-Crowned, shiny|100\/100\n|-ability|p1a: steel dog|Intrepid Sword|boost\n|-boost|p1a: steel dog|atk|1\n|move|p2a: Toxapex|Recover|p2a: Toxapex\n|-heal|p2a: Toxapex|100\/100\n|\n|upkeep\n|turn|8\n|\n|t:|1697614494\n|switch|p2a: Gliscor|Gliscor, M|100\/100 tox\n|move|p1a: steel dog|Behemoth Blade|p2a: Gliscor\n|-damage|p2a: Gliscor|50\/100 tox\n|\n|-heal|p2a: Gliscor|63\/100 tox|[from] ability: Poison Heal\n|upkeep\n|turn|9\n|\n|t:|1697614506\n|move|p2a: Gliscor|Protect|p2a: Gliscor\n|-singleturn|p2a: Gliscor|Protect\n|move|p1a: steel dog|Play Rough|p2a: Gliscor\n|-activate|p2a: Gliscor|move: Protect\n|\n|-heal|p2a: Gliscor|75\/100 tox|[from] ability: Poison Heal\n|upkeep\n|turn|10\n|\n|t:|1697614512\n|move|p1a: steel dog|Behemoth Blade|p2a: Gliscor\n|-damage|p2a: Gliscor|27\/100 tox\n|move|p2a: Gliscor|Spikes|p1a: steel dog\n|-sidestart|p1: Guy789|Spikes\n|\n|-heal|p2a: Gliscor|39\/100 tox|[from] ability: Poison Heal\n|upkeep\n|turn|11\n|\n|t:|1697614526\n|move|p2a: Gliscor|Protect|p2a: Gliscor\n|-singleturn|p2a: Gliscor|Protect\n|move|p1a: steel dog|Behemoth Blade|p2a: Gliscor\n|-activate|p2a: Gliscor|move: Protect\n|\n|-heal|p2a: Gliscor|51\/100 tox|[from] ability: Poison Heal\n|upkeep\n|turn|12\n|\n|t:|1697614533\n|switch|p2a: Alomomola|Alomomola, F, shiny|100\/100\n|move|p1a: steel dog|Play Rough|p2a: Alomomola\n|-damage|p2a: Alomomola|64\/100\n|\n|upkeep\n|turn|13\n|\n|t:|1697614544\n|move|p1a: steel dog|Swords Dance|p1a: steel dog\n|-boost|p1a: steel dog|atk|2\n|move|p2a: Alomomola|Chilling Water|p1a: steel dog\n|-damage|p1a: steel dog|92\/100\n|-unboost|p1a: steel dog|atk|1\n|\n|upkeep\n|turn|14\n|\n|t:|1697614571\n|move|p1a: steel dog|Behemoth Blade|p2a: Alomomola\n|-resisted|p2a: Alomomola\n|-damage|p2a: Alomomola|33\/100\n|move|p2a: Alomomola|Wish|p2a: Alomomola\n|\n|upkeep\n|turn|15\n|\n|t:|1697614577\n|switch|p2a: Dondozo|Dondozo, F, shiny|100\/100\n|move|p1a: steel dog|Play Rough|p2a: Dondozo\n|-damage|p2a: Dondozo|78\/100\n|\n|-heal|p2a: Dondozo|100\/100|[from] move: Wish|[wisher] Alomomola\n|upkeep\n|turn|16\n|\n|t:|1697614592\n|move|p1a: steel dog|Swords Dance|p1a: steel dog\n|-boost|p1a: steel dog|atk|2\n|move|p2a: Dondozo|Body Press|p1a: steel dog\n|-damage|p1a: steel dog|70\/100\n|\n|upkeep\n|turn|17\n|\n|t:|1697614598\n|move|p1a: steel dog|Swords Dance|p1a: steel dog\n|-boost|p1a: steel dog|atk|2\n|move|p2a: Dondozo|Body Press|p1a: steel dog\n|-damage|p1a: steel dog|49\/100\n|\n|upkeep\n|turn|18\n|inactive|Guy789 has 120 seconds left.\n|\n|t:|1697614622\n|move|p1a: steel dog|Behemoth Blade|p2a: Dondozo\n|-resisted|p2a: Dondozo\n|-damage|p2a: Dondozo|88\/100\n|move|p2a: Dondozo|Body Press|p1a: steel dog\n|-damage|p1a: steel dog|28\/100\n|\n|upkeep\n|turn|19\n|\n|t:|1697614630\n|switch|p1a: Thundurus|Thundurus-Therian, M|100\/100\n|move|p2a: Dondozo|Body Press|p1a: Thundurus\n|-resisted|p1a: Thundurus\n|-damage|p1a: Thundurus|84\/100\n|\n|upkeep\n|turn|20\n|\n|t:|1697614639\n|switch|p2a: Ting-Lu|Ting-Lu|100\/100\n|-ability|p2a: Ting-Lu|Vessel of Ruin\n|move|p1a: Thundurus|Thunderbolt|p2a: Ting-Lu\n|-immune|p2a: Ting-Lu\n|\n|upkeep\n|turn|21\n|\n|t:|1697614655\n|switch|p1a: killer whale|Kyogre|57\/100 tox\n|-damage|p1a: killer whale|45\/100 tox|[from] Spikes\n|-weather|RainDance|[from] ability: Drizzle|[of] p1a: killer whale\n|switch|p2a: Slowking|Slowking-Galar, F, shiny|63\/100\n|\n|-weather|RainDance|[upkeep]\n|-heal|p1a: killer whale|51\/100 tox|[from] item: Leftovers\n|-damage|p1a: killer whale|45\/100 tox|[from] psn\n|upkeep\n|turn|22\n|inactive|Guy789 has 120 seconds left.\n|\n|t:|1697614673\n|switch|p1a: steel dog|Zacian-Crowned, shiny|28\/100\n|-damage|p1a: steel dog|15\/100|[from] Spikes\n|move|p2a: Slowking|Light Screen|p2a: Slowking\n|-sidestart|p2: stupidmoron69|move: Light Screen\n|\n|-weather|RainDance|[upkeep]\n|upkeep\n|turn|23\n|inactive|Guy789 has 120 seconds left.\n|\n|t:|1697614691\n|switch|p2a: Alomomola|Alomomola, F, shiny|67\/100\n|move|p1a: steel dog|Behemoth Blade|p2a: Alomomola\n|-resisted|p2a: Alomomola\n|-damage|p2a: Alomomola|54\/100\n|\n|-weather|RainDance|[upkeep]\n|upkeep\n|turn|24\n|inactive|Guy789 has 120 seconds left.\n|\n|t:|1697614702\n|switch|p1a: star|Ogerpon-Hearthflame, F|100\/100\n|-damage|p1a: star|88\/100|[from] Spikes\n|-ability|p1a: star|Mold Breaker\n|move|p2a: Alomomola|Whirlpool|p1a: star|[miss]\n|-miss|p2a: Alomomola|p1a: star\n|\n|-weather|RainDance|[upkeep]\n|upkeep\n|turn|25\n|inactive|Guy789 has 120 seconds left.\n|\n|t:|1697614719\n|move|p1a: star|Horn Leech|p2a: Alomomola\n|-supereffective|p2a: Alomomola\n|-damage|p2a: Alomomola|11\/100\n|-heal|p1a: star|100\/100|[from] drain|[of] p2a: Alomomola\n|move|p2a: Alomomola|Chilling Water|p1a: star\n|-damage|p1a: star|89\/100\n|-unboost|p1a: star|atk|1\n|\n|-weather|none\n|upkeep\n|turn|26\n|inactive|Guy789 has 120 seconds left.\n|\n|t:|1697614733\n|switch|p2a: Toxapex|Toxapex, M|100\/100\n|move|p1a: star|Horn Leech|p2a: Toxapex\n|-damage|p2a: Toxapex|80\/100\n|-heal|p1a: star|98\/100|[from] drain|[of] p2a: Toxapex\n|\n|-sideend|p2: stupidmoron69|move: Light Screen\n|upkeep\n|turn|27\n|inactive|Guy789 has 120 seconds left.\n|\n|t:|1697614762\n|move|p1a: star|Swords Dance|p1a: star\n|-boost|p1a: star|atk|2\n|move|p2a: Toxapex|Toxic|p1a: star\n|-status|p1a: star|tox\n|\n|-damage|p1a: star|91\/100 tox|[from] psn\n|upkeep\n|turn|28\n|\n|t:|1697614767\n|move|p1a: star|Swords Dance|p1a: star\n|-boost|p1a: star|atk|2\n|move|p2a: Toxapex|Haze|p2a: Toxapex\n|-clearallboost\n|\n|-damage|p1a: star|79\/100 tox|[from] psn\n|upkeep\n|turn|29\n|inactive|Guy789 has 120 seconds left.\n|\n|t:|1697614783\n|move|p1a: star|Swords Dance|p1a: star\n|-boost|p1a: star|atk|2\n|move|p2a: Toxapex|Toxic Spikes|p1a: star\n|-sidestart|p1: Guy789|move: Toxic Spikes\n|\n|-damage|p1a: star|60\/100 tox|[from] psn\n|upkeep\n|turn|30\n|\n|t:|1697614796\n|move|p1a: star|Horn Leech|p2a: Toxapex\n|-damage|p2a: Toxapex|20\/100\n|-heal|p1a: star|86\/100 tox|[from] drain|[of] p2a: Toxapex\n|move|p2a: Toxapex|Haze|p2a: Toxapex\n|-clearallboost\n|\n|-damage|p1a: star|61\/100 tox|[from] psn\n|upkeep\n|turn|31\n|\n|t:|1697614805\n|switch|p2a: Gliscor|Gliscor, M|51\/100 tox\n|move|p1a: star|Horn Leech|p2a: Gliscor\n|-damage|p2a: Gliscor|27\/100 tox\n|-heal|p1a: star|73\/100 tox|[from] drain|[of] p2a: Gliscor\n|\n|-damage|p1a: star|42\/100 tox|[from] psn\n|-heal|p2a: Gliscor|39\/100 tox|[from] ability: Poison Heal\n|upkeep\n|turn|32\n|inactive|Guy789 has 120 seconds left.\n|inactive|Guy789 has 90 seconds left.\n|\n|t:|1697614842\n|move|p2a: Gliscor|Protect|p2a: Gliscor\n|-singleturn|p2a: Gliscor|Protect\n|move|p1a: star|Horn Leech|p2a: Gliscor\n|-activate|p2a: Gliscor|move: Protect\n|\n|-damage|p1a: star|4\/100 tox|[from] psn\n|-heal|p2a: Gliscor|51\/100 tox|[from] ability: Poison Heal\n|upkeep\n|turn|33\n|l|\u2606Guy789\n|inactive|Guy789 disconnected and has a minute to reconnect!\n|player|p1|\n|inactive|Guy789 has 30 seconds to reconnect!\n|inactive|Guy789 has 20 seconds to reconnect!\n|inactive|Guy789 has 15 seconds to reconnect!\n|inactive|Guy789 has 10 seconds to reconnect!\n|inactive|Guy789 has 5 seconds to reconnect!\n|-message|Guy789 lost due to inactivity.\n|\n|win|stupidmoron69\n|raw|Guy789's rating: 1039 &rarr; <strong>1025<\/strong><br \/>(-14 for losing)\n|raw|stupidmoron69's rating: 1071 &rarr; <strong>1098<\/strong><br \/>(+27 for winning)\n","uploadtime":1697614917,"views":19,"p1id":"guy789","p2id":"stupidmoron69","formatid":"gen9ubers","rating":1025,"private":0,"password":""}