{"id":"gen9ubers-1977807245","p1":"ScarletAri","p2":"Paycech","format":"[Gen 9] Ubers","log":"|j|\u2606ScarletAri\n|j|\u2606Paycech\n|t:|1698452010\n|gametype|singles\n|player|p1|ScarletAri|cynthia-masters3|\n|player|p2|Paycech|169|\n|teamsize|p1|6\n|teamsize|p2|6\n|gen|9\n|tier|[Gen 9] Ubers\n|rule|Sleep Clause Mod: Limit one foe put to sleep\n|rule|Species Clause: Limit one of each Pok\u00e9mon\n|rule|OHKO Clause: OHKO moves are banned\n|rule|Evasion Items Clause: Evasion items are banned\n|rule|Evasion Moves Clause: Evasion moves are banned\n|rule|Endless Battle Clause: Forcing endless battles is banned\n|rule|HP Percentage Mod: HP is shown in percentages\n|clearpoke\n|poke|p1|Magearna|\n|poke|p1|Chi-Yu|\n|poke|p1|Gliscor, F|\n|poke|p1|Arceus-Dark|\n|poke|p1|Dipplin, F|\n|poke|p1|Zacian-*|\n|poke|p2|Magearna|\n|poke|p2|Cyclizar, F|\n|poke|p2|Palafin, F|\n|poke|p2|Pelipper, M|\n|poke|p2|Basculegion-F, F|\n|poke|p2|Arceus-Poison|\n|teampreview\n|\n|t:|1698452053\n|start\n|switch|p1a: SCORE SCORE!|Gliscor, F, shiny|100\/100\n|switch|p2a: Pelipper|Pelipper, M|100\/100\n|-weather|RainDance|[from] ability: Drizzle|[of] p2a: Pelipper\n|turn|1\n|\n|t:|1698452061\n|move|p1a: SCORE SCORE!|Protect|p1a: SCORE SCORE!\n|-singleturn|p1a: SCORE SCORE!|Protect\n|move|p2a: Pelipper|Knock Off|p1a: SCORE SCORE!\n|-activate|p1a: SCORE SCORE!|move: Protect\n|\n|-weather|RainDance|[upkeep]\n|-status|p1a: SCORE SCORE!|tox|[from] item: Toxic Orb\n|upkeep\n|turn|2\n|\n|t:|1698452065\n|-terastallize|p1a: SCORE SCORE!|Water\n|move|p1a: SCORE SCORE!|Stealth Rock|p2a: Pelipper\n|-sidestart|p2: Paycech|move: Stealth Rock\n|move|p2a: Pelipper|Hurricane|p1a: SCORE SCORE!\n|-damage|p1a: SCORE SCORE!|59\/100 tox\n|\n|-weather|RainDance|[upkeep]\n|-heal|p1a: SCORE SCORE!|71\/100 tox|[from] ability: Poison Heal\n|upkeep\n|turn|3\n|\n|t:|1698452073\n|move|p1a: SCORE SCORE!|Spikes|p2a: Pelipper\n|-sidestart|p2: Paycech|Spikes\n|move|p2a: Pelipper|U-turn|p1a: SCORE SCORE!\n|-damage|p1a: SCORE SCORE!|65\/100 tox\n|\n|t:|1698452075\n|switch|p2a: Cyclizar|Cyclizar, F|100\/100|[from] U-turn\n|\n|-weather|RainDance|[upkeep]\n|-heal|p1a: SCORE SCORE!|78\/100 tox|[from] ability: Poison Heal\n|upkeep\n|turn|4\n|\n|t:|1698452080\n|move|p2a: Cyclizar|Rapid Spin|p1a: SCORE SCORE!\n|-damage|p1a: SCORE SCORE!|67\/100 tox\n|-boost|p2a: Cyclizar|spe|1\n|-sideend|p2: Paycech|Spikes|[from] move: Rapid Spin|[of] p2a: Cyclizar\n|-sideend|p2: Paycech|Stealth Rock|[from] move: Rapid Spin|[of] p2a: Cyclizar\n|move|p1a: SCORE SCORE!|Earthquake|p2a: Cyclizar\n|-damage|p2a: Cyclizar|57\/100\n|\n|-weather|RainDance|[upkeep]\n|-heal|p1a: SCORE SCORE!|80\/100 tox|[from] ability: Poison Heal\n|upkeep\n|turn|5\n|\n|t:|1698452085\n|move|p2a: Cyclizar|Shed Tail|p2a: Cyclizar\n|-start|p2a: Cyclizar|Substitute|[from] move: Shed Tail\n|-damage|p2a: Cyclizar|7\/100\n|\n|t:|1698452095\n|switch|p2a: Palafin|Palafin, F, shiny|100\/100|[from] Shed Tail\n|move|p1a: SCORE SCORE!|Stealth Rock|p2a: Palafin\n|-sidestart|p2: Paycech|move: Stealth Rock\n|\n|-weather|none\n|-heal|p1a: SCORE SCORE!|92\/100 tox|[from] ability: Poison Heal\n|upkeep\n|turn|6\n|\n|t:|1698452107\n|move|p2a: Palafin|Flip Turn|p1a: SCORE SCORE!\n|-resisted|p1a: SCORE SCORE!\n|-damage|p1a: SCORE SCORE!|82\/100 tox\n|\n|t:|1698452111\n|detailschange|p2a: Palafin|Palafin-Hero, F, shiny\n|switch|p2a: Pelipper|Pelipper, M|100\/100|[from] Flip Turn\n|-weather|RainDance|[from] ability: Drizzle|[of] p2a: Pelipper\n|move|p1a: SCORE SCORE!|Earthquake|p2a: Pelipper\n|-immune|p2a: Pelipper\n|\n|-weather|RainDance|[upkeep]\n|-heal|p1a: SCORE SCORE!|94\/100 tox|[from] ability: Poison Heal\n|upkeep\n|turn|7\n|\n|t:|1698452127\n|move|p1a: SCORE SCORE!|Spikes|p2a: Pelipper\n|-sidestart|p2: Paycech|Spikes\n|move|p2a: Pelipper|Hurricane|p1a: SCORE SCORE!\n|-damage|p1a: SCORE SCORE!|55\/100 tox\n|\n|-weather|RainDance|[upkeep]\n|-heal|p1a: SCORE SCORE!|67\/100 tox|[from] ability: Poison Heal\n|upkeep\n|turn|8\n|\n|t:|1698452135\n|switch|p1a: Funny!|Magearna|100\/100\n|move|p2a: Pelipper|Hurricane|p1a: Funny!\n|-resisted|p1a: Funny!\n|-damage|p1a: Funny!|85\/100\n|-start|p1a: Funny!|confusion\n|\n|-weather|RainDance|[upkeep]\n|-heal|p1a: Funny!|91\/100|[from] item: Leftovers\n|upkeep\n|turn|9\n|\n|t:|1698452141\n|-activate|p1a: Funny!|confusion\n|-damage|p1a: Funny!|87\/100|[from] confusion\n|move|p2a: Pelipper|Knock Off|p1a: Funny!\n|-resisted|p1a: Funny!\n|-damage|p1a: Funny!|84\/100\n|-enditem|p1a: Funny!|Leftovers|[from] move: Knock Off|[of] p2a: Pelipper\n|\n|-weather|RainDance|[upkeep]\n|upkeep\n|turn|10\n|\n|t:|1698452148\n|-activate|p1a: Funny!|confusion\n|-damage|p1a: Funny!|79\/100|[from] confusion\n|move|p2a: Pelipper|U-turn|p1a: Funny!\n|-resisted|p1a: Funny!\n|-damage|p1a: Funny!|78\/100\n|\n|t:|1698452152\n|switch|p2a: Cyclizar|Cyclizar, F|40\/100|[from] U-turn\n|\n|-weather|none\n|upkeep\n|turn|11\n|\n|t:|1698452158\n|move|p2a: Cyclizar|Rapid Spin|p1a: Funny!\n|-resisted|p1a: Funny!\n|-damage|p1a: Funny!|73\/100\n|-boost|p2a: Cyclizar|spe|1\n|-sideend|p2: Paycech|Spikes|[from] move: Rapid Spin|[of] p2a: Cyclizar\n|-sideend|p2: Paycech|Stealth Rock|[from] move: Rapid Spin|[of] p2a: Cyclizar\n|-activate|p1a: Funny!|confusion\n|move|p1a: Funny!|Calm Mind|p1a: Funny!\n|-boost|p1a: Funny!|spa|1\n|-boost|p1a: Funny!|spd|1\n|\n|upkeep\n|turn|12\n|\n|t:|1698452164\n|move|p2a: Cyclizar|Taunt|p1a: Funny!\n|-start|p1a: Funny!|move: Taunt\n|cant|p1a: Funny!|move: Taunt|Shift Gear\n|\n|upkeep\n|turn|13\n|\n|t:|1698452179\n|switch|p2a: Pelipper|Pelipper, M|100\/100\n|-weather|RainDance|[from] ability: Drizzle|[of] p2a: Pelipper\n|-activate|p1a: Funny!|confusion\n|move|p1a: Funny!|Draining Kiss|p2a: Pelipper\n|-damage|p2a: Pelipper|52\/100\n|-heal|p1a: Funny!|100\/100|[from] drain|[of] p2a: Pelipper\n|\n|-weather|RainDance|[upkeep]\n|upkeep\n|turn|14\n|\n|t:|1698452185\n|-end|p1a: Funny!|confusion\n|move|p1a: Funny!|Draining Kiss|p2a: Pelipper\n|-damage|p2a: Pelipper|7\/100\n|move|p2a: Pelipper|U-turn|p1a: Funny!\n|-resisted|p1a: Funny!\n|-damage|p1a: Funny!|99\/100\n|\n|t:|1698452188\n|switch|p2a: Palafin|Palafin-Hero, F, shiny|100\/100|[from] U-turn\n|-activate|p2a: Palafin|ability: Zero to Hero\n|\n|-weather|RainDance|[upkeep]\n|-end|p1a: Funny!|move: Taunt\n|upkeep\n|turn|15\n|\n|t:|1698452194\n|switch|p1a: Get Dipped!|Dipplin, F, shiny|100\/100\n|move|p2a: Palafin|Wave Crash|p1a: Get Dipped!\n|-resisted|p1a: Get Dipped!\n|-damage|p1a: Get Dipped!|81\/100\n|-damage|p2a: Palafin|94\/100|[from] Recoil\n|\n|-weather|RainDance|[upkeep]\n|upkeep\n|turn|16\n|\n|t:|1698452203\n|switch|p2a: Magearna|Magearna|100\/100\n|move|p1a: Get Dipped!|Dragon Tail|p2a: Magearna\n|-immune|p2a: Magearna\n|\n|-weather|RainDance|[upkeep]\n|upkeep\n|turn|17\n|\n|t:|1698452209\n|switch|p1a: SCORE SCORE!|Gliscor, F, shiny, tera:Water|67\/100 tox\n|move|p2a: Magearna|Spikes|p1a: SCORE SCORE!\n|-sidestart|p1: ScarletAri|Spikes\n|\n|-weather|none\n|-heal|p1a: SCORE SCORE!|80\/100 tox|[from] ability: Poison Heal\n|upkeep\n|turn|18\n|\n|t:|1698452217\n|move|p1a: SCORE SCORE!|Earthquake|p2a: Magearna\n|-supereffective|p2a: Magearna\n|-damage|p2a: Magearna|49\/100\n|move|p2a: Magearna|Volt Switch|p1a: SCORE SCORE!\n|-supereffective|p1a: SCORE SCORE!\n|-damage|p1a: SCORE SCORE!|35\/100 tox\n|\n|t:|1698452251\n|switch|p2a: Pelipper|Pelipper, M|7\/100|[from] Volt Switch\n|-weather|RainDance|[from] ability: Drizzle|[of] p2a: Pelipper\n|\n|-weather|RainDance|[upkeep]\n|-heal|p1a: SCORE SCORE!|47\/100 tox|[from] ability: Poison Heal\n|upkeep\n|turn|19\n|\n|t:|1698452259\n|move|p1a: SCORE SCORE!|Stealth Rock|p2a: Pelipper\n|-sidestart|p2: Paycech|move: Stealth Rock\n|move|p2a: Pelipper|Hurricane|p1a: SCORE SCORE!\n|-damage|p1a: SCORE SCORE!|8\/100 tox\n|\n|-weather|RainDance|[upkeep]\n|-heal|p1a: SCORE SCORE!|20\/100 tox|[from] ability: Poison Heal\n|upkeep\n|turn|20\n|\n|t:|1698452266\n|move|p1a: SCORE SCORE!|Protect|p1a: SCORE SCORE!\n|-singleturn|p1a: SCORE SCORE!|Protect\n|move|p2a: Pelipper|Roost|p2a: Pelipper\n|-heal|p2a: Pelipper|57\/100\n|-singleturn|p2a: Pelipper|move: Roost\n|\n|-weather|RainDance|[upkeep]\n|-heal|p1a: SCORE SCORE!|32\/100 tox|[from] ability: Poison Heal\n|upkeep\n|turn|21\n|\n|t:|1698452273\n|switch|p1a: Funny!|Magearna|99\/100\n|-damage|p1a: Funny!|87\/100|[from] Spikes\n|move|p2a: Pelipper|U-turn|p1a: Funny!\n|-resisted|p1a: Funny!\n|-damage|p1a: Funny!|86\/100\n|\n|t:|1698452280\n|switch|p2a: Palafin|Palafin-Hero, F, shiny|94\/100|[from] U-turn\n|-damage|p2a: Palafin|81\/100|[from] Stealth Rock\n|\n|-weather|RainDance|[upkeep]\n|upkeep\n|turn|22\n|\n|t:|1698452291\n|switch|p1a: Get Dipped!|Dipplin, F, shiny|81\/100\n|-damage|p1a: Get Dipped!|69\/100|[from] Spikes\n|move|p2a: Palafin|Flip Turn|p1a: Get Dipped!\n|-resisted|p1a: Get Dipped!\n|-damage|p1a: Get Dipped!|58\/100\n|\n|t:|1698452299\n|switch|p2a: Magearna|Magearna|49\/100|[from] Flip Turn\n|-damage|p2a: Magearna|43\/100|[from] Stealth Rock\n|\n|-weather|none\n|-heal|p2a: Magearna|49\/100|[from] item: Leftovers\n|upkeep\n|turn|23\n|\n|t:|1698452305\n|move|p2a: Magearna|Volt Switch|p1a: Get Dipped!\n|-resisted|p1a: Get Dipped!\n|-damage|p1a: Get Dipped!|55\/100\n|\n|t:|1698452309\n|switch|p2a: Pelipper|Pelipper, M|57\/100|[from] Volt Switch\n|-weather|RainDance|[from] ability: Drizzle|[of] p2a: Pelipper\n|move|p1a: Get Dipped!|Recover|p1a: Get Dipped!\n|-heal|p1a: Get Dipped!|100\/100\n|\n|-weather|RainDance|[upkeep]\n|upkeep\n|turn|24\n|\n|t:|1698452333\n|switch|p1a: Funny!|Magearna|86\/100\n|-damage|p1a: Funny!|74\/100|[from] Spikes\n|move|p2a: Pelipper|Hurricane|p1a: Funny!\n|-resisted|p1a: Funny!\n|-damage|p1a: Funny!|58\/100\n|\n|-weather|RainDance|[upkeep]\n|upkeep\n|turn|25\n|\n|t:|1698452343\n|move|p2a: Pelipper|U-turn|p1a: Funny!\n|-resisted|p1a: Funny!\n|-damage|p1a: Funny!|57\/100\n|\n|t:|1698452347\n|switch|p2a: Basculegion|Basculegion-F, F|100\/100|[from] U-turn\n|-damage|p2a: Basculegion|88\/100|[from] Stealth Rock\n|move|p1a: Funny!|Shift Gear|p1a: Funny!\n|-boost|p1a: Funny!|spe|2\n|-boost|p1a: Funny!|atk|1\n|\n|-weather|RainDance|[upkeep]\n|upkeep\n|turn|26\n|\n|t:|1698452392\n|move|p2a: Basculegion|Wave Crash|p1a: Funny!\n|-damage|p1a: Funny!|0 fnt\n|faint|p1a: Funny!\n|-damage|p2a: Basculegion|71\/100|[from] Recoil\n|\n|-weather|RainDance|[upkeep]\n|upkeep\n|\n|t:|1698452403\n|switch|p1a: Get Dipped!|Dipplin, F, shiny|100\/100\n|-damage|p1a: Get Dipped!|88\/100|[from] Spikes\n|turn|27\n|\n|t:|1698452410\n|switch|p2a: Magearna|Magearna|49\/100\n|-damage|p2a: Magearna|43\/100|[from] Stealth Rock\n|move|p1a: Get Dipped!|Energy Ball|p2a: Magearna\n|-resisted|p2a: Magearna\n|-damage|p2a: Magearna|33\/100\n|\n|-weather|none\n|-heal|p2a: Magearna|39\/100|[from] item: Leftovers\n|upkeep\n|turn|28\n|\n|t:|1698452420\n|move|p2a: Magearna|Spikes|p1a: Get Dipped!\n|-sidestart|p1: ScarletAri|Spikes\n|move|p1a: Get Dipped!|Energy Ball|p2a: Magearna\n|-resisted|p2a: Magearna\n|-damage|p2a: Magearna|29\/100\n|-unboost|p2a: Magearna|spd|1\n|\n|-heal|p2a: Magearna|35\/100|[from] item: Leftovers\n|upkeep\n|turn|29\n|\n|t:|1698452425\n|switch|p1a: Fishy!|Chi-Yu|100\/100\n|-ability|p1a: Fishy!|Beads of Ruin\n|move|p2a: Magearna|Spikes|p1a: Fishy!\n|-sidestart|p1: ScarletAri|Spikes\n|\n|-heal|p2a: Magearna|41\/100|[from] item: Leftovers\n|upkeep\n|turn|30\n|\n|t:|1698452432\n|switch|p2a: Pelipper|Pelipper, M|57\/100\n|-weather|RainDance|[from] ability: Drizzle|[of] p2a: Pelipper\n|move|p1a: Fishy!|Flame Charge|p2a: Pelipper\n|-resisted|p2a: Pelipper\n|-damage|p2a: Pelipper|55\/100\n|-boost|p1a: Fishy!|spe|1\n|\n|-weather|RainDance|[upkeep]\n|upkeep\n|turn|31\n|\n|t:|1698452440\n|move|p1a: Fishy!|Dark Pulse|p2a: Pelipper\n|-damage|p2a: Pelipper|0 fnt\n|faint|p2a: Pelipper\n|\n|-weather|RainDance|[upkeep]\n|upkeep\n|\n|t:|1698452444\n|switch|p2a: Palafin|Palafin-Hero, F, shiny|81\/100\n|-damage|p2a: Palafin|69\/100|[from] Stealth Rock\n|turn|32\n|\n|t:|1698452450\n|switch|p1a: Get Dipped!|Dipplin, F, shiny|88\/100\n|-damage|p1a: Get Dipped!|63\/100|[from] Spikes\n|move|p2a: Palafin|Jet Punch|p1a: Get Dipped!\n|-resisted|p1a: Get Dipped!\n|-damage|p1a: Get Dipped!|54\/100\n|\n|-weather|RainDance|[upkeep]\n|upkeep\n|turn|33\n|\n|t:|1698452459\n|switch|p2a: Magearna|Magearna|41\/100\n|-damage|p2a: Magearna|35\/100|[from] Stealth Rock\n|move|p1a: Get Dipped!|Recover|p1a: Get Dipped!\n|-heal|p1a: Get Dipped!|100\/100\n|\n|-weather|RainDance|[upkeep]\n|-heal|p2a: Magearna|41\/100|[from] item: Leftovers\n|upkeep\n|turn|34\n|\n|t:|1698452471\n|switch|p1a: SCORE SCORE!|Gliscor, F, shiny, tera:Water|32\/100 tox\n|-damage|p1a: SCORE SCORE!|8\/100 tox|[from] Spikes\n|move|p2a: Magearna|Fleur Cannon|p1a: SCORE SCORE!\n|-damage|p1a: SCORE SCORE!|0 fnt\n|-unboost|p2a: Magearna|spa|2\n|faint|p1a: SCORE SCORE!\n|-ability|p2a: Magearna|Soul-Heart|boost\n|-boost|p2a: Magearna|spa|1\n|\n|-weather|none\n|-heal|p2a: Magearna|47\/100|[from] item: Leftovers\n|upkeep\n|\n|t:|1698452479\n|switch|p1a: Fishy!|Chi-Yu|100\/100\n|-ability|p1a: Fishy!|Beads of Ruin\n|turn|35\n|\n|t:|1698452488\n|move|p1a: Fishy!|Flamethrower|p2a: Magearna\n|-supereffective|p2a: Magearna\n|-damage|p2a: Magearna|0 fnt\n|faint|p2a: Magearna\n|\n|upkeep\n|\n|t:|1698452494\n|switch|p2a: Palafin|Palafin-Hero, F, shiny|69\/100\n|-damage|p2a: Palafin|57\/100|[from] Stealth Rock\n|turn|36\n|\n|t:|1698452517\n|switch|p1a: Get Dipped!|Dipplin, F, shiny|100\/100\n|-damage|p1a: Get Dipped!|75\/100|[from] Spikes\n|move|p2a: Palafin|Jet Punch|p1a: Get Dipped!\n|-resisted|p1a: Get Dipped!\n|-damage|p1a: Get Dipped!|69\/100\n|\n|upkeep\n|turn|37\n|\n|t:|1698452527\n|switch|p2a: Cyclizar|Cyclizar, F|73\/100\n|move|p1a: Get Dipped!|Recover|p1a: Get Dipped!\n|-heal|p1a: Get Dipped!|100\/100\n|\n|upkeep\n|turn|38\n|\n|t:|1698452532\n|move|p2a: Cyclizar|Rapid Spin|p1a: Get Dipped!\n|-damage|p1a: Get Dipped!|92\/100\n|-boost|p2a: Cyclizar|spe|1\n|-sideend|p2: Paycech|Stealth Rock|[from] move: Rapid Spin|[of] p2a: Cyclizar\n|move|p1a: Get Dipped!|Dragon Tail|p2a: Cyclizar\n|-supereffective|p2a: Cyclizar\n|-damage|p2a: Cyclizar|29\/100\n|drag|p2a: Palafin|Palafin-Hero, F, shiny|57\/100\n|\n|upkeep\n|turn|39\n|\n|t:|1698452537\n|move|p2a: Palafin|Flip Turn|p1a: Get Dipped!\n|-resisted|p1a: Get Dipped!\n|-damage|p1a: Get Dipped!|85\/100\n|\n|t:|1698452539\n|switch|p2a: Cyclizar|Cyclizar, F|62\/100|[from] Flip Turn\n|move|p1a: Get Dipped!|Energy Ball|p2a: Cyclizar\n|-resisted|p2a: Cyclizar\n|-damage|p2a: Cyclizar|37\/100\n|\n|upkeep\n|turn|40\n|\n|t:|1698452545\n|move|p2a: Cyclizar|Taunt|p1a: Get Dipped!\n|-start|p1a: Get Dipped!|move: Taunt\n|move|p1a: Get Dipped!|Dragon Tail|p2a: Cyclizar\n|-supereffective|p2a: Cyclizar\n|-damage|p2a: Cyclizar|0 fnt\n|faint|p2a: Cyclizar\n|\n|upkeep\n|\n|t:|1698452551\n|switch|p2a: Arceus|Arceus-Poison|100\/100\n|turn|41\n|\n|t:|1698452556\n|move|p2a: Arceus|Judgment|p1a: Get Dipped!\n|-supereffective|p1a: Get Dipped!\n|-damage|p1a: Get Dipped!|6\/100\n|move|p1a: Get Dipped!|Dragon Tail|p2a: Arceus\n|-damage|p2a: Arceus|90\/100\n|drag|p2a: Basculegion|Basculegion-F, F|71\/100\n|\n|upkeep\n|turn|42\n|\n|t:|1698452564\n|move|p2a: Basculegion|Flip Turn|p1a: Get Dipped!\n|-resisted|p1a: Get Dipped!\n|-damage|p1a: Get Dipped!|1\/100\n|\n|t:|1698452568\n|switch|p2a: Arceus|Arceus-Poison|90\/100|[from] Flip Turn\n|move|p1a: Get Dipped!|Energy Ball|p2a: Arceus\n|-resisted|p2a: Arceus\n|-damage|p2a: Arceus|80\/100\n|\n|-end|p1a: Get Dipped!|move: Taunt\n|upkeep\n|turn|43\n|\n|t:|1698452579\n|move|p2a: Arceus|Judgment|p1a: Get Dipped!\n|-supereffective|p1a: Get Dipped!\n|-damage|p1a: Get Dipped!|0 fnt\n|faint|p1a: Get Dipped!\n|\n|upkeep\n|\n|t:|1698452599\n|switch|p1a: Fishy!|Chi-Yu|100\/100\n|-ability|p1a: Fishy!|Beads of Ruin\n|turn|44\n|\n|t:|1698452604\n|switch|p2a: Basculegion|Basculegion-F, F|71\/100\n|move|p1a: Fishy!|Overheat|p2a: Basculegion\n|-resisted|p2a: Basculegion\n|-damage|p2a: Basculegion|20\/100\n|-unboost|p1a: Fishy!|spa|2\n|\n|upkeep\n|turn|45\n|\n|t:|1698452614\n|move|p1a: Fishy!|Dark Pulse|p2a: Basculegion\n|-supereffective|p2a: Basculegion\n|-damage|p2a: Basculegion|0 fnt\n|faint|p2a: Basculegion\n|\n|upkeep\n|\n|t:|1698452617\n|switch|p2a: Palafin|Palafin-Hero, F, shiny|57\/100\n|turn|46\n|\n|t:|1698452634\n|-terastallize|p2a: Palafin|Water\n|move|p2a: Palafin|Jet Punch|p1a: Fishy!\n|-supereffective|p1a: Fishy!\n|-damage|p1a: Fishy!|0 fnt\n|faint|p1a: Fishy!\n|\n|upkeep\n|\n|t:|1698452649\n|switch|p1a: Hi Fellas!|Arceus-Dark, shiny|100\/100\n|-damage|p1a: Hi Fellas!|75\/100|[from] Spikes\n|turn|47\n|\n|t:|1698452653\n|move|p2a: Palafin|Jet Punch|p1a: Hi Fellas!\n|-damage|p1a: Hi Fellas!|18\/100\n|move|p1a: Hi Fellas!|Judgment|p2a: Palafin\n|-damage|p2a: Palafin|4\/100\n|\n|upkeep\n|turn|48\n|\n|t:|1698452662\n|move|p2a: Palafin|Jet Punch|p1a: Hi Fellas!\n|-damage|p1a: Hi Fellas!|0 fnt\n|faint|p1a: Hi Fellas!\n|\n|upkeep\n|\n|t:|1698452665\n|switch|p1a: Wut the Dog Doin?|Zacian, shiny|100\/100\n|-damage|p1a: Wut the Dog Doin?|76\/100|[from] Spikes\n|-ability|p1a: Wut the Dog Doin?|Intrepid Sword|boost\n|-boost|p1a: Wut the Dog Doin?|atk|1\n|turn|49\n|\n|t:|1698452670\n|move|p2a: Palafin|Jet Punch|p1a: Wut the Dog Doin?\n|-damage|p1a: Wut the Dog Doin?|7\/100\n|move|p1a: Wut the Dog Doin?|Psychic Fangs|p2a: Palafin\n|-damage|p2a: Palafin|0 fnt\n|faint|p2a: Palafin\n|\n|upkeep\n|\n|t:|1698452676\n|switch|p2a: Arceus|Arceus-Poison|80\/100\n|turn|50\n|\n|t:|1698452679\n|move|p1a: Wut the Dog Doin?|Psychic Fangs|p2a: Arceus\n|-supereffective|p2a: Arceus\n|-damage|p2a: Arceus|1\/100\n|move|p2a: Arceus|Judgment|p1a: Wut the Dog Doin?\n|-supereffective|p1a: Wut the Dog Doin?\n|-damage|p1a: Wut the Dog Doin?|0 fnt\n|faint|p1a: Wut the Dog Doin?\n|\n|win|Paycech\n|l|\u2606Paycech\n","uploadtime":1698453752,"views":11,"p1id":"scarletari","p2id":"paycech","formatid":"gen9ubers","rating":0,"private":0,"password":""}