{"id":"gen9ubers-1973474647","p1":"Yuziine","p2":"ShirosakiAoi","format":"[Gen 9] Ubers","log":"|j|\u2606Yuziine\n|j|\u2606ShirosakiAoi\n|t:|1697980980\n|gametype|singles\n|player|p1|Yuziine|170|1000\n|player|p2|ShirosakiAoi|volkner|1086\n|teamsize|p1|6\n|teamsize|p2|6\n|gen|9\n|tier|[Gen 9] Ubers\n|rated|\n|rule|Sleep Clause Mod: Limit one foe put to sleep\n|rule|Species Clause: Limit one of each Pok\u00e9mon\n|rule|OHKO Clause: OHKO moves are banned\n|rule|Evasion Items Clause: Evasion items are banned\n|rule|Evasion Moves Clause: Evasion moves are banned\n|rule|Endless Battle Clause: Forcing endless battles is banned\n|rule|HP Percentage Mod: HP is shown in percentages\n|clearpoke\n|poke|p1|Flutter Mane|\n|poke|p1|Dugtrio, M|\n|poke|p1|Wugtrio, M|\n|poke|p1|Glimmora, F|\n|poke|p1|Tyranitar, L55, M|\n|poke|p1|Houndstone, F|\n|poke|p2|Urshifu-*, M|\n|poke|p2|Ogerpon-Hearthflame, F|\n|poke|p2|Ursaluna-Bloodmoon, M|\n|poke|p2|Espathra, M|\n|poke|p2|Samurott-Hisui, F|\n|poke|p2|Ceruledge, M|\n|teampreview\n|\n|t:|1697981004\n|start\n|switch|p1a: Flutter Mane|Flutter Mane|100\/100\n|switch|p2a: Ceruledge|Ceruledge, M|100\/100\n|-enditem|p1a: Flutter Mane|Booster Energy\n|-activate|p1a: Flutter Mane|ability: Protosynthesis|[fromitem]\n|-start|p1a: Flutter Mane|protosynthesisspe\n|turn|1\n|\n|t:|1697981011\n|move|p1a: Flutter Mane|Memento|p2a: Ceruledge\n|-unboost|p2a: Ceruledge|atk|2\n|-unboost|p2a: Ceruledge|spa|2\n|faint|p1a: Flutter Mane\n|-end|p1a: Flutter Mane|Protosynthesis|[silent]\n|move|p2a: Ceruledge|Swords Dance|p2a: Ceruledge\n|-boost|p2a: Ceruledge|atk|2\n|\n|upkeep\n|\n|t:|1697981019\n|switch|p1a: Dugtrio|Dugtrio, M|100\/100\n|turn|2\n|\n|t:|1697981028\n|-terastallize|p2a: Ceruledge|Flying\n|move|p1a: Dugtrio|Memento|p2a: Ceruledge\n|-unboost|p2a: Ceruledge|atk|2\n|-unboost|p2a: Ceruledge|spa|2\n|faint|p1a: Dugtrio\n|move|p2a: Ceruledge|Swords Dance|p2a: Ceruledge\n|-boost|p2a: Ceruledge|atk|2\n|\n|upkeep\n|\n|t:|1697981033\n|switch|p1a: Wugtrio|Wugtrio, M|100\/100\n|turn|3\n|\n|t:|1697981037\n|move|p1a: Wugtrio|Memento|p2a: Ceruledge\n|-unboost|p2a: Ceruledge|atk|2\n|-unboost|p2a: Ceruledge|spa|2\n|faint|p1a: Wugtrio\n|move|p2a: Ceruledge|Swords Dance|p2a: Ceruledge\n|-boost|p2a: Ceruledge|atk|2\n|\n|upkeep\n|\n|t:|1697981039\n|switch|p1a: Glimmora|Glimmora, F|100\/100\n|turn|4\n|\n|t:|1697981042\n|move|p1a: Glimmora|Memento|p2a: Ceruledge\n|-unboost|p2a: Ceruledge|atk|2\n|-unboost|p2a: Ceruledge|spa|0\n|faint|p1a: Glimmora\n|move|p2a: Ceruledge|Swords Dance|p2a: Ceruledge\n|-boost|p2a: Ceruledge|atk|2\n|\n|upkeep\n|\n|t:|1697981045\n|switch|p1a: Tyranitar|Tyranitar, L55, M|100\/100\n|-weather|Sandstorm|[from] ability: Sand Stream|[of] p1a: Tyranitar\n|turn|5\n|\n|t:|1697981052\n|move|p2a: Ceruledge|Close Combat|p1a: Tyranitar\n|-supereffective|p1a: Tyranitar\n|-damage|p1a: Tyranitar|0 fnt\n|-unboost|p2a: Ceruledge|def|1\n|-unboost|p2a: Ceruledge|spd|1\n|faint|p1a: Tyranitar\n|\n|-weather|Sandstorm|[upkeep]\n|-damage|p2a: Ceruledge|94\/100|[from] Sandstorm\n|upkeep\n|\n|t:|1697981055\n|switch|p1a: Houndstone|Houndstone, F|100\/100\n|turn|6\n|\n|t:|1697981058\n|move|p1a: Houndstone|Last Respects|p2a: Ceruledge\n|-damage|p2a: Ceruledge|0 fnt\n|faint|p2a: Ceruledge\n|\n|-weather|Sandstorm|[upkeep]\n|upkeep\n|inactive|Battle timer is ON: inactive players will automatically lose when time's up. (requested by Yuziine)\n|\n|t:|1697981082\n|switch|p2a: Sky Bri|Espathra, M|100\/100\n|turn|7\n|\n|t:|1697981088\n|move|p2a: Sky Bri|Protect|p2a: Sky Bri\n|-singleturn|p2a: Sky Bri|Protect\n|move|p1a: Houndstone|Last Respects|p2a: Sky Bri\n|-activate|p2a: Sky Bri|move: Protect\n|\n|-weather|Sandstorm|[upkeep]\n|-damage|p2a: Sky Bri|94\/100|[from] Sandstorm\n|-heal|p2a: Sky Bri|100\/100|[from] item: Leftovers\n|-ability|p2a: Sky Bri|Speed Boost|boost\n|-boost|p2a: Sky Bri|spe|1\n|upkeep\n|turn|8\n|\n|t:|1697981100\n|move|p1a: Houndstone|Last Respects|p2a: Sky Bri\n|-supereffective|p2a: Sky Bri\n|-damage|p2a: Sky Bri|0 fnt\n|faint|p2a: Sky Bri\n|\n|-weather|Sandstorm|[upkeep]\n|upkeep\n|\n|t:|1697981109\n|switch|p2a: Samurott|Samurott-Hisui, F|100\/100\n|turn|9\n|c|\u2606ShirosakiAoi|!dt last respect\nNo Pok\u00e9mon, item, move, ability or nature named 'last respect' was found. Showing the data of 'Last Respects' instead.\n|raw|<ul class=\"utilichart\"><li class=\"result\"><span class=\"col movenamecol\"><a href=\"https:\/\/dex.pokemonshowdown.com\/moves\/lastrespects\">Last Respects<\/a><\/span> <span class=\"col typecol\"><img src=\"\/\/play.pokemonshowdown.com\/sprites\/types\/Ghost.png\" alt=\"Ghost\" width=\"32\" height=\"14\"><img src=\"\/\/play.pokemonshowdown.com\/sprites\/categories\/Physical.png\" alt=\"Physical\" width=\"32\" height=\"14\"><\/span> <span class=\"col labelcol\"><em>Power<\/em><br>50<\/span> <span class=\"col widelabelcol\"><em>Accuracy<\/em><br>100%<\/span> <span class=\"col pplabelcol\"><em>PP<\/em><br>16<\/span> <span class=\"col movedesccol\">+50 power for each time a party member fainted.<\/span> <\/li><li style=\"clear:both\"><\/li><\/ul>\n|raw|<font size=\"1\"><font color=\"#686868\">Priority:<\/font> 0&nbsp;|&ThickSpace;<font color=\"#686868\">Gen:<\/font> 9&nbsp;|&ThickSpace;<font color=\"#686868\">Z-Power:<\/font> 100&nbsp;|&ThickSpace;<font color=\"#686868\">Dynamax Power:<\/font> 100&nbsp;|&ThickSpace;<font color=\"#686868\">Target:<\/font> One Adjacent Pok\u00e9mon<\/font>\n\n|\n|t:|1697981121\n|move|p2a: Samurott|Aqua Jet|p1a: Houndstone\n|-damage|p1a: Houndstone|75\/100\n|move|p1a: Houndstone|Last Respects|p2a: Samurott\n|-resisted|p2a: Samurott\n|-damage|p2a: Samurott|3\/100\n|\n|-weather|Sandstorm|[upkeep]\n|-damage|p2a: Samurott|0 fnt|[from] Sandstorm\n|faint|p2a: Samurott\n|upkeep\n|\n|t:|1697981130\n|switch|p2a: Lunarian|Ursaluna-Bloodmoon, M|100\/100\n|turn|10\n|\n|t:|1697981133\n|move|p1a: Houndstone|Last Respects|p2a: Lunarian\n|-immune|p2a: Lunarian\n|move|p2a: Lunarian|Blood Moon|p1a: Houndstone\n|-damage|p1a: Houndstone|0 fnt\n|faint|p1a: Houndstone\n|\n|win|ShirosakiAoi\n|raw|Yuziine's rating: 1000 &rarr; <strong>1000<\/strong><br \/>(+0 for losing)\n|raw|ShirosakiAoi's rating: 1086 &rarr; <strong>1107<\/strong><br \/>(+21 for winning)\n","uploadtime":1697981141,"views":11,"p1id":"yuziine","p2id":"shirosakiaoi","formatid":"gen9ubers","rating":1000,"private":0,"password":""}