{"id":"gen9ubers-1989425349","p1":"Quadruple Dive","p2":"HarmoniChaos","format":"[Gen 9] Ubers","log":"|j|\u2606Quadruple Dive\n|j|\u2606HarmoniChaos\n|t:|1699848646\n|gametype|singles\n|player|p1|Quadruple Dive|cheren-gen5bw2|\n|player|p2|HarmoniChaos|cheren|\n|teamsize|p1|6\n|teamsize|p2|6\n|gen|9\n|tier|[Gen 9] Ubers\n|rule|Sleep Clause Mod: Limit one foe put to sleep\n|rule|Species Clause: Limit one of each Pok\u00e9mon\n|rule|OHKO Clause: OHKO moves are banned\n|rule|Evasion Items Clause: Evasion items are banned\n|rule|Evasion Moves Clause: Evasion moves are banned\n|rule|Endless Battle Clause: Forcing endless battles is banned\n|rule|HP Percentage Mod: HP is shown in percentages\n|clearpoke\n|poke|p1|Marill, F|\n|poke|p1|Lucario, F|\n|poke|p1|Slowking-Galar, F|\n|poke|p1|Inteleon, F|\n|poke|p1|Zacian-*|\n|poke|p1|Cacturne, F|\n|poke|p2|Swalot, F|\n|poke|p2|Samurott, F|\n|poke|p2|Decidueye, M|\n|poke|p2|Arcanine, F|\n|poke|p2|Goodra-Hisui, M|\n|poke|p2|Articuno|\n|teampreview\n|\n|t:|1699848654\n|start\n|switch|p1a: Cacturne|Cacturne, F|100\/100\n|switch|p2a: Articuno|Articuno|100\/100\n|-ability|p2a: Articuno|Pressure\n|turn|1\n|\n|t:|1699848660\n|switch|p1a: Slowking|Slowking-Galar, F, shiny|100\/100\n|move|p2a: Articuno|U-turn|p1a: Slowking\n|-damage|p1a: Slowking|81\/100\n|-damage|p2a: Articuno|84\/100|[from] item: Rocky Helmet|[of] p1a: Slowking\n|\n|t:|1699848667\n|switch|p2a: Swalot|Swalot, F|100\/100|[from] U-turn\n|\n|upkeep\n|turn|2\n|\n|t:|1699848671\n|move|p1a: Slowking|Protect|p1a: Slowking\n|-singleturn|p1a: Slowking|Protect\n|move|p2a: Swalot|Knock Off|p1a: Slowking\n|-activate|p1a: Slowking|move: Protect\n|\n|upkeep\n|turn|3\n|\n|t:|1699848678\n|move|p2a: Swalot|Knock Off|p1a: Slowking\n|-supereffective|p1a: Slowking\n|-damage|p1a: Slowking|43\/100\n|-damage|p2a: Swalot|84\/100|[from] item: Rocky Helmet|[of] p1a: Slowking\n|-enditem|p1a: Slowking|Rocky Helmet|[from] move: Knock Off|[of] p2a: Swalot\n|move|p1a: Slowking|Foul Play|p2a: Swalot\n|-damage|p2a: Swalot|70\/100\n|\n|-heal|p2a: Swalot|76\/100|[from] item: Black Sludge\n|upkeep\n|turn|4\n|\n|t:|1699848688\n|move|p1a: Slowking|Protect|p1a: Slowking\n|-singleturn|p1a: Slowking|Protect\n|move|p2a: Swalot|Knock Off|p1a: Slowking\n|-activate|p1a: Slowking|move: Protect\n|\n|-heal|p2a: Swalot|82\/100|[from] item: Black Sludge\n|upkeep\n|turn|5\n|c|\u2606HarmoniChaos|the more you protect the more I heal\n|\n|t:|1699848701\n|switch|p1a: Lucario|Lucario, F|100\/100\n|move|p2a: Swalot|Knock Off|p1a: Lucario\n|-resisted|p1a: Lucario\n|-damage|p1a: Lucario|87\/100\n|-ability|p1a: Lucario|Justified|boost\n|-boost|p1a: Lucario|atk|1\n|-enditem|p1a: Lucario|Lum Berry|[from] move: Knock Off|[of] p2a: Swalot\n|\n|-heal|p2a: Swalot|88\/100|[from] item: Black Sludge\n|upkeep\n|turn|6\n|\n|t:|1699848718\n|switch|p2a: Arcanine|Arcanine, F|100\/100\n|-ability|p2a: Arcanine|Intimidate|boost\n|-unboost|p1a: Lucario|atk|1\n|move|p1a: Lucario|Swords Dance|p1a: Lucario\n|-boost|p1a: Lucario|atk|2\n|\n|upkeep\n|turn|7\n|\n|t:|1699848726\n|-terastallize|p1a: Lucario|Normal\n|move|p1a: Lucario|Extreme Speed|p2a: Arcanine\n|-damage|p2a: Arcanine|1\/100\n|move|p2a: Arcanine|Flamethrower|p1a: Lucario\n|-damage|p1a: Lucario|25\/100\n|\n|upkeep\n|turn|8\n|c|\u2606HarmoniChaos|DUDE HOLY COW\n|\n|t:|1699848740\n|switch|p2a: Decidueye|Decidueye, M|100\/100\n|switch|p1a: Marill|Marill, F|100\/100\n|\n|upkeep\n|turn|9\n|\n|t:|1699848748\n|move|p2a: Decidueye|Giga Drain|p1a: Marill\n|-supereffective|p1a: Marill\n|-damage|p1a: Marill|7\/100\n|-damage|p2a: Decidueye|91\/100|[from] item: Life Orb\n|move|p1a: Marill|Knock Off|p2a: Decidueye\n|-supereffective|p2a: Decidueye\n|-damage|p2a: Decidueye|6\/100\n|-enditem|p2a: Decidueye|Life Orb|[from] move: Knock Off|[of] p1a: Marill\n|\n|upkeep\n|turn|10\n|\n|t:|1699848758\n|move|p1a: Marill|Aqua Jet|p2a: Decidueye\n|-resisted|p2a: Decidueye\n|-damage|p2a: Decidueye|0 fnt\n|faint|p2a: Decidueye\n|\n|upkeep\n|\n|t:|1699848763\n|switch|p2a: Arcanine|Arcanine, F|1\/100\n|-ability|p2a: Arcanine|Intimidate|boost\n|-unboost|p1a: Marill|atk|1\n|turn|11\n|\n|t:|1699848767\n|move|p1a: Marill|Aqua Jet|p2a: Arcanine\n|-supereffective|p2a: Arcanine\n|-damage|p2a: Arcanine|0 fnt\n|faint|p2a: Arcanine\n|\n|upkeep\n|c|\u2606Quadruple Dive|MARIL META MARIL META\n|\n|t:|1699848781\n|switch|p2a: Swalot|Swalot, F|88\/100\n|turn|12\n|\n|t:|1699848787\n|move|p2a: Swalot|Knock Off|p1a: Marill\n|-resisted|p1a: Marill\n|-damage|p1a: Marill|0 fnt\n|-enditem|p1a: Marill|Eviolite|[from] move: Knock Off|[of] p2a: Swalot\n|faint|p1a: Marill\n|\n|-heal|p2a: Swalot|95\/100|[from] item: Black Sludge\n|upkeep\n|\n|t:|1699848792\n|switch|p1a: Lucario|Lucario, F, tera:Normal|25\/100\n|turn|13\n|c|\u2606HarmoniChaos|WoAh aN eVIolItE\n|\n|t:|1699848809\n|move|p1a: Lucario|Earthquake|p2a: Swalot\n|-supereffective|p2a: Swalot\n|-damage|p2a: Swalot|48\/100\n|move|p2a: Swalot|Poison Jab|p1a: Lucario\n|-damage|p1a: Lucario|0 fnt\n|faint|p1a: Lucario\n|\n|-heal|p2a: Swalot|54\/100|[from] item: Black Sludge\n|upkeep\n|\n|t:|1699848821\n|switch|p1a: Inteleon|Inteleon, F|100\/100\n|turn|14\n|\n|t:|1699848825\n|move|p1a: Inteleon|Swords Dance|p1a: Inteleon\n|-boost|p1a: Inteleon|atk|2\n|move|p2a: Swalot|Knock Off|p1a: Inteleon\n|-damage|p1a: Inteleon|70\/100\n|-enditem|p1a: Inteleon|Scope Lens|[from] move: Knock Off|[of] p2a: Swalot\n|\n|-heal|p2a: Swalot|60\/100|[from] item: Black Sludge\n|upkeep\n|turn|15\n|\n|t:|1699848839\n|move|p1a: Inteleon|Waterfall|p2a: Swalot\n|-damage|p2a: Swalot|11\/100\n|move|p2a: Swalot|Toxic|p1a: Inteleon\n|-status|p1a: Inteleon|tox\n|\n|-heal|p2a: Swalot|17\/100|[from] item: Black Sludge\n|-damage|p1a: Inteleon|64\/100 tox|[from] psn\n|upkeep\n|turn|16\n|c|\u2606HarmoniChaos|swalot is tanky holy cow\n|\n|t:|1699848858\n|switch|p2a: Samurott|Samurott, F|100\/100\n|move|p1a: Inteleon|Waterfall|p2a: Samurott\n|-resisted|p2a: Samurott\n|-damage|p2a: Samurott|67\/100\n|\n|-damage|p1a: Inteleon|52\/100 tox|[from] psn\n|upkeep\n|turn|17\n|\n|t:|1699848873\n|move|p1a: Inteleon|Sucker Punch|p2a: Samurott\n|-damage|p2a: Samurott|30\/100\n|move|p2a: Samurott|Aqua Cutter|p1a: Inteleon\n|-resisted|p1a: Inteleon\n|-damage|p1a: Inteleon|0 fnt\n|faint|p1a: Inteleon\n|\n|upkeep\n|\n|t:|1699848879\n|switch|p1a: Zacian|Zacian|100\/100\n|-ability|p1a: Zacian|Intrepid Sword|boost\n|-boost|p1a: Zacian|atk|1\n|turn|18\n|\n|t:|1699848885\n|switch|p2a: Swalot|Swalot, F|17\/100\n|move|p1a: Zacian|Focus Blast|p2a: Swalot\n|-resisted|p2a: Swalot\n|-damage|p2a: Swalot|0 fnt\n|faint|p2a: Swalot\n|\n|upkeep\n|\n|t:|1699848892\n|switch|p2a: Goodra|Goodra-Hisui, M|100\/100\n|turn|19\n|\n|t:|1699848895\n|move|p1a: Zacian|Focus Blast|p2a: Goodra\n|-supereffective|p2a: Goodra\n|-damage|p2a: Goodra|33\/100\n|move|p2a: Goodra|Curse|p2a: Goodra\n|-unboost|p2a: Goodra|spe|1\n|-boost|p2a: Goodra|atk|1\n|-boost|p2a: Goodra|def|1\n|\n|upkeep\n|turn|20\n|c|\u2606HarmoniChaos|shoot i meant to click iron head\n|c|\u2606Quadruple Dive|OOF\n|\n|t:|1699848916\n|-terastallize|p2a: Goodra|Ground\n|move|p1a: Zacian|Focus Blast|p2a: Goodra\n|-damage|p2a: Goodra|0 fnt\n|faint|p2a: Goodra\n|\n|upkeep\n|c|\u2606HarmoniChaos|shucks\n|\n|t:|1699848926\n|switch|p2a: Articuno|Articuno|84\/100\n|-ability|p2a: Articuno|Pressure\n|turn|21\n|\n|t:|1699848938\n|switch|p1a: Slowking|Slowking-Galar, F, shiny|76\/100\n|move|p2a: Articuno|Ice Spinner|p1a: Slowking\n|-crit|p1a: Slowking\n|-damage|p1a: Slowking|18\/100\n|\n|upkeep\n|turn|22\n|\n|t:|1699848943\n|move|p1a: Slowking|Protect|p1a: Slowking\n|-singleturn|p1a: Slowking|Protect\n|move|p2a: Articuno|Ice Spinner|p1a: Slowking\n|-activate|p1a: Slowking|move: Protect\n|\n|upkeep\n|turn|23\n|\n|t:|1699848946\n|move|p2a: Articuno|Ice Spinner|p1a: Slowking\n|-damage|p1a: Slowking|0 fnt\n|faint|p1a: Slowking\n|\n|upkeep\n|\n|t:|1699848949\n|switch|p1a: Cacturne|Cacturne, F|100\/100\n|turn|24\n|c|\u2606HarmoniChaos|why do you keep protecting?\n|\n|t:|1699848953\n|move|p2a: Articuno|U-turn|p1a: Cacturne\n|-supereffective|p1a: Cacturne\n|-damage|p1a: Cacturne|0 fnt\n|faint|p1a: Cacturne\n|\n|t:|1699848957\n|switch|p2a: Samurott|Samurott, F|30\/100|[from] U-turn\n|\n|upkeep\n|\n|t:|1699848959\n|switch|p1a: Zacian|Zacian|100\/100\n|turn|25\n|\n|t:|1699848962\n|move|p1a: Zacian|Moonblast|p2a: Samurott\n|-damage|p2a: Samurott|0 fnt\n|faint|p2a: Samurott\n|\n|upkeep\n|\n|t:|1699848966\n|switch|p2a: Articuno|Articuno|84\/100\n|-ability|p2a: Articuno|Pressure\n|turn|26\n|c|\u2606Quadruple Dive|funny\n|\n|t:|1699848969\n|move|p1a: Zacian|Moonblast|p2a: Articuno\n|-damage|p2a: Articuno|42\/100\n|move|p2a: Articuno|Ice Spinner|p1a: Zacian\n|-damage|p1a: Zacian|67\/100\n|\n|upkeep\n|turn|27\n|c|\u2606HarmoniChaos|ah I see\n|c|\u2606Quadruple Dive|gg\n|c|\u2606HarmoniChaos|well i lose\n|c|\u2606HarmoniChaos|gg\n|\n|t:|1699848980\n|move|p1a: Zacian|Moonblast|p2a: Articuno\n|-damage|p2a: Articuno|3\/100\n|-unboost|p2a: Articuno|spa|1\n|move|p2a: Articuno|Roost|p2a: Articuno\n|-heal|p2a: Articuno|53\/100\n|-singleturn|p2a: Articuno|move: Roost\n|\n|upkeep\n|turn|28\n|c|\u2606Quadruple Dive|rematch?\n|c|\u2606Quadruple Dive|wtf\n|c|\u2606HarmoniChaos|hold on\n|c|\u2606HarmoniChaos|i ain't dead yet\n|\n|t:|1699848997\n|move|p1a: Zacian|Moonblast|p2a: Articuno\n|-damage|p2a: Articuno|11\/100\n|-unboost|p2a: Articuno|spa|1\n|move|p2a: Articuno|Roost|p2a: Articuno\n|-heal|p2a: Articuno|61\/100\n|-singleturn|p2a: Articuno|move: Roost\n|\n|upkeep\n|turn|29\n|\n|t:|1699849009\n|move|p1a: Zacian|Moonblast|p2a: Articuno\n|-damage|p2a: Articuno|21\/100\n|move|p2a: Articuno|Roost|p2a: Articuno\n|-heal|p2a: Articuno|71\/100\n|-singleturn|p2a: Articuno|move: Roost\n|\n|upkeep\n|turn|30\n|\n|t:|1699849016\n|move|p1a: Zacian|Moonblast|p2a: Articuno\n|-damage|p2a: Articuno|31\/100\n|move|p2a: Articuno|Roost|p2a: Articuno\n|-heal|p2a: Articuno|81\/100\n|-singleturn|p2a: Articuno|move: Roost\n|\n|upkeep\n|turn|31\n|\n|t:|1699849023\n|move|p1a: Zacian|Moonblast|p2a: Articuno\n|-damage|p2a: Articuno|39\/100\n|move|p2a: Articuno|Roost|p2a: Articuno\n|-heal|p2a: Articuno|89\/100\n|-singleturn|p2a: Articuno|move: Roost\n|\n|upkeep\n|turn|32\n|\n|t:|1699849031\n|move|p1a: Zacian|Moonblast|p2a: Articuno\n|-damage|p2a: Articuno|47\/100\n|-unboost|p2a: Articuno|spa|1\n|move|p2a: Articuno|Ice Spinner|p1a: Zacian\n|-crit|p1a: Zacian\n|-damage|p1a: Zacian|20\/100\n|\n|upkeep\n|turn|33\n|\n|t:|1699849039\n|move|p1a: Zacian|Moonblast|p2a: Articuno\n|-damage|p2a: Articuno|7\/100\n|move|p2a: Articuno|Ice Spinner|p1a: Zacian\n|-damage|p1a: Zacian|0 fnt\n|faint|p1a: Zacian\n|\n|win|HarmoniChaos\n|c|\u2606Quadruple Dive|CRIT????\n|c|\u2606HarmoniChaos|ggs\n|c|\u2606Quadruple Dive|g\n|c|\u2606Quadruple Dive|g\n|c|\u2606Quadruple Dive|wtf\n|c|\u2606HarmoniChaos|dude\n|c|\u2606Quadruple Dive|im killing myselfd\n|c|\u2606HarmoniChaos|luck 100\n|c|\u2606Quadruple Dive|rematch?\n|c|\u2606HarmoniChaos|i don't even-\n|c|\u2606HarmoniChaos|sure\n|c|\u2606HarmoniChaos|wow\n|c|\u2606HarmoniChaos|i'm saving this\n","uploadtime":1699849061,"views":35,"p1id":"quadrupledive","p2id":"harmonichaos","formatid":"gen9ubers","rating":0,"private":0,"password":""}