{"id":"gen9ubers-1989060689","p1":"Bestmaindragonite","p2":"babynogalXD","format":"[Gen 9] Ubers","log":"|j|\u2606Bestmaindragonite\n|j|\u2606babynogalXD\n|t:|1699807826\n|gametype|singles\n|player|p1|Bestmaindragonite|lillie|\n|player|p2|babynogalXD|hilbert|\n|teamsize|p1|6\n|teamsize|p2|6\n|gen|9\n|tier|[Gen 9] Ubers\n|rule|Sleep Clause Mod: Limit one foe put to sleep\n|rule|Species Clause: Limit one of each Pok\u00e9mon\n|rule|OHKO Clause: OHKO moves are banned\n|rule|Evasion Items Clause: Evasion items are banned\n|rule|Evasion Moves Clause: Evasion moves are banned\n|rule|Endless Battle Clause: Forcing endless battles is banned\n|rule|HP Percentage Mod: HP is shown in percentages\n|clearpoke\n|poke|p1|Rillaboom, M|\n|poke|p1|Sneasler, M|\n|poke|p1|Arceus-Rock|\n|poke|p1|Donphan, F|\n|poke|p1|Magearna|\n|poke|p1|Ursaluna-Bloodmoon, M|\n|poke|p2|Blissey, F|\n|poke|p2|Alomomola, M|\n|poke|p2|Zamazenta-*|\n|poke|p2|Cyclizar, F|\n|poke|p2|Clefable, F|\n|poke|p2|Dialga|\n|teampreview\n|\n|t:|1699807849\n|start\n|switch|p1a: The classic set|Magearna|100\/100\n|switch|p2a: Dialga|Dialga|100\/100\n|-ability|p2a: Dialga|Pressure\n|turn|1\n|\n|t:|1699807854\n|move|p2a: Dialga|Earth Power|p1a: The classic set\n|-supereffective|p1a: The classic set\n|-damage|p1a: The classic set|69\/100\n|move|p1a: The classic set|Volt Switch|p2a: Dialga\n|-resisted|p2a: Dialga\n|-damage|p2a: Dialga|92\/100\n|\n|t:|1699807858\n|switch|p1a: Bloons td 7|Rillaboom, M|100\/100|[from] Volt Switch\n|-fieldstart|move: Grassy Terrain|[from] ability: Grassy Surge|[of] p1a: Bloons td 7\n|\n|-heal|p2a: Dialga|98\/100|[from] Grassy Terrain\n|upkeep\n|turn|2\n|\n|t:|1699807862\n|move|p1a: Bloons td 7|High Horsepower|p2a: Dialga\n|-supereffective|p2a: Dialga\n|-damage|p2a: Dialga|20\/100\n|move|p2a: Dialga|Heavy Slam|p1a: Bloons td 7\n|-damage|p1a: Bloons td 7|50\/100\n|\n|-heal|p1a: Bloons td 7|57\/100|[from] Grassy Terrain\n|-heal|p2a: Dialga|26\/100|[from] Grassy Terrain\n|upkeep\n|turn|3\n|\n|t:|1699807869\n|switch|p2a: Alomomola|Alomomola, M|100\/100\n|move|p1a: Bloons td 7|High Horsepower|p2a: Alomomola\n|-damage|p2a: Alomomola|72\/100\n|\n|-heal|p1a: Bloons td 7|63\/100|[from] Grassy Terrain\n|-heal|p2a: Alomomola|78\/100|[from] Grassy Terrain\n|upkeep\n|turn|4\n|\n|t:|1699807875\n|move|p1a: Bloons td 7|High Horsepower|p2a: Alomomola\n|-damage|p2a: Alomomola|50\/100\n|move|p2a: Alomomola|Wish|p2a: Alomomola\n|\n|-heal|p1a: Bloons td 7|69\/100|[from] Grassy Terrain\n|-heal|p2a: Alomomola|56\/100|[from] Grassy Terrain\n|upkeep\n|turn|5\n|\n|t:|1699807881\n|switch|p1a: New level of cook|Ursaluna-Bloodmoon, M|100\/100\n|-enditem|p1a: New level of cook|Grassy Seed\n|-boost|p1a: New level of cook|def|1|[from] item: Grassy Seed\n|move|p2a: Alomomola|Flip Turn|p1a: New level of cook\n|-supereffective|p1a: New level of cook\n|-damage|p1a: New level of cook|85\/100\n|\n|t:|1699807885\n|switch|p2a: Dialga|Dialga|26\/100|[from] Flip Turn\n|-ability|p2a: Dialga|Pressure\n|\n|-heal|p2a: Dialga|92\/100|[from] move: Wish|[wisher] Alomomola\n|-heal|p2a: Dialga|99\/100|[from] Grassy Terrain\n|-heal|p1a: New level of cook|91\/100|[from] Grassy Terrain\n|-fieldend|move: Grassy Terrain\n|upkeep\n|turn|6\n|\n|t:|1699807893\n|move|p2a: Dialga|Draco Meteor|p1a: New level of cook\n|-damage|p1a: New level of cook|16\/100\n|-unboost|p2a: Dialga|spa|2\n|move|p1a: New level of cook|Calm Mind|p1a: New level of cook\n|-boost|p1a: New level of cook|spa|1\n|-boost|p1a: New level of cook|spd|1\n|\n|upkeep\n|turn|7\n|c|\u2606babynogalXD|I dont have regen im finish\n|\n|t:|1699807903\n|move|p2a: Dialga|Draco Meteor|p1a: New level of cook|[miss]\n|-miss|p2a: Dialga|p1a: New level of cook\n|move|p1a: New level of cook|Moonlight|p1a: New level of cook\n|-heal|p1a: New level of cook|66\/100\n|\n|upkeep\n|turn|8\n|\n|t:|1699807907\n|move|p1a: New level of cook|Moonlight|p1a: New level of cook\n|-heal|p1a: New level of cook|100\/100\n|move|p2a: Dialga|Roar|p1a: New level of cook\n|drag|p1a: Big ogerpon|Arceus-Rock|100\/100\n|\n|upkeep\n|turn|9\n|\n|t:|1699807917\n|switch|p2a: Cyclizar|Cyclizar, F|100\/100\n|move|p1a: Big ogerpon|Earth Power|p2a: Cyclizar\n|-damage|p2a: Cyclizar|58\/100\n|\n|upkeep\n|turn|10\n|\n|t:|1699807921\n|move|p2a: Cyclizar|Shed Tail|p2a: Cyclizar\n|-start|p2a: Cyclizar|Substitute|[from] move: Shed Tail\n|-damage|p2a: Cyclizar|8\/100\n|\n|t:|1699807926\n|switch|p2a: Clefable|Clefable, F|100\/100|[from] Shed Tail\n|move|p1a: Big ogerpon|Judgment|p2a: Clefable\n|-end|p2a: Clefable|Substitute\n|\n|upkeep\n|turn|11\n|\n|t:|1699807930\n|move|p1a: Big ogerpon|Judgment|p2a: Clefable\n|-damage|p2a: Clefable|45\/100\n|move|p2a: Clefable|Stealth Rock|p1a: Big ogerpon\n|-sidestart|p1: Bestmaindragonite|move: Stealth Rock\n|\n|upkeep\n|turn|12\n|\n|t:|1699807936\n|switch|p2a: Blissey|Blissey, F|100\/100\n|move|p1a: Big ogerpon|Earth Power|p2a: Blissey\n|-damage|p2a: Blissey|91\/100\n|\n|upkeep\n|turn|13\n|\n|t:|1699807941\n|switch|p1a: The classic set|Magearna|69\/100\n|-damage|p1a: The classic set|63\/100|[from] Stealth Rock\n|move|p2a: Blissey|Seismic Toss|p1a: The classic set\n|-damage|p1a: The classic set|30\/100\n|\n|upkeep\n|turn|14\n|\n|t:|1699807943\n|move|p1a: The classic set|Draining Kiss|p2a: Blissey\n|-damage|p2a: Blissey|83\/100\n|-heal|p1a: The classic set|44\/100|[from] drain|[of] p2a: Blissey\n|move|p2a: Blissey|Seismic Toss|p1a: The classic set\n|-damage|p1a: The classic set|11\/100\n|\n|upkeep\n|turn|15\n|\n|t:|1699807950\n|move|p1a: The classic set|Volt Switch|p2a: Blissey\n|-damage|p2a: Blissey|76\/100\n|\n|t:|1699807954\n|switch|p1a: Cute tusk|Donphan, F|100\/100|[from] Volt Switch\n|move|p2a: Blissey|Seismic Toss|p1a: Cute tusk\n|-damage|p1a: Cute tusk|74\/100\n|\n|upkeep\n|turn|16\n|\n|t:|1699807957\n|switch|p2a: Alomomola|Alomomola, M|56\/100\n|move|p1a: Cute tusk|Rapid Spin|p2a: Alomomola\n|-damage|p2a: Alomomola|47\/100\n|-boost|p1a: Cute tusk|spe|1\n|-sideend|p1: Bestmaindragonite|Stealth Rock|[from] move: Rapid Spin|[of] p1a: Cute tusk\n|\n|upkeep\n|turn|17\n|\n|t:|1699807962\n|switch|p1a: Bloons td 7|Rillaboom, M|69\/100\n|-fieldstart|move: Grassy Terrain|[from] ability: Grassy Surge|[of] p1a: Bloons td 7\n|move|p2a: Alomomola|Wish|p2a: Alomomola\n|\n|-heal|p1a: Bloons td 7|75\/100|[from] Grassy Terrain\n|-heal|p2a: Alomomola|53\/100|[from] Grassy Terrain\n|upkeep\n|turn|18\n|\n|t:|1699807969\n|move|p2a: Alomomola|Protect|p2a: Alomomola\n|-singleturn|p2a: Alomomola|Protect\n|move|p1a: Bloons td 7|Wood Hammer|p2a: Alomomola\n|-activate|p2a: Alomomola|move: Protect\n|\n|-heal|p2a: Alomomola|100\/100|[from] move: Wish|[wisher] Alomomola\n|-heal|p1a: Bloons td 7|81\/100|[from] Grassy Terrain\n|upkeep\n|turn|19\n|\n|t:|1699807983\n|switch|p1a: Cute tusk|Donphan, F|74\/100\n|switch|p2a: Cyclizar|Cyclizar, F|8\/100\n|\n|-heal|p2a: Cyclizar|14\/100|[from] Grassy Terrain\n|-heal|p1a: Cute tusk|80\/100|[from] Grassy Terrain\n|upkeep\n|turn|20\n|\n|t:|1699807987\n|move|p1a: Cute tusk|Ice Shard|p2a: Cyclizar\n|-supereffective|p2a: Cyclizar\n|-damage|p2a: Cyclizar|0 fnt\n|faint|p2a: Cyclizar\n|\n|-heal|p1a: Cute tusk|86\/100|[from] Grassy Terrain\n|upkeep\n|\n|t:|1699807996\n|switch|p2a: Clefable|Clefable, F|45\/100\n|turn|21\n|\n|t:|1699808017\n|switch|p1a: New level of cook|Ursaluna-Bloodmoon, M|100\/100\n|move|p2a: Clefable|Moonlight|p2a: Clefable\n|-heal|p2a: Clefable|95\/100\n|\n|-heal|p2a: Clefable|100\/100|[from] Grassy Terrain\n|-fieldend|move: Grassy Terrain\n|upkeep\n|turn|22\n|\n|t:|1699808022\n|move|p2a: Clefable|Calm Mind|p2a: Clefable\n|-boost|p2a: Clefable|spa|1\n|-boost|p2a: Clefable|spd|1\n|move|p1a: New level of cook|Calm Mind|p1a: New level of cook\n|-boost|p1a: New level of cook|spa|1\n|-boost|p1a: New level of cook|spd|1\n|\n|upkeep\n|turn|23\n|\n|t:|1699808024\n|move|p2a: Clefable|Calm Mind|p2a: Clefable\n|-boost|p2a: Clefable|spa|1\n|-boost|p2a: Clefable|spd|1\n|move|p1a: New level of cook|Blood Moon|p2a: Clefable\n|-damage|p2a: Clefable|61\/100\n|\n|upkeep\n|turn|24\n|\n|t:|1699808026\n|switch|p1a: Butch femboy|Sneasler, M|100\/100\n|move|p2a: Clefable|Stealth Rock|p1a: Butch femboy\n|-sidestart|p1: Bestmaindragonite|move: Stealth Rock\n|\n|upkeep\n|turn|25\n|\n|t:|1699808031\n|switch|p2a: Alomomola|Alomomola, M|100\/100\n|move|p1a: Butch femboy|Dire Claw|p2a: Alomomola\n|-damage|p2a: Alomomola|76\/100\n|-status|p2a: Alomomola|slp\n|\n|upkeep\n|turn|26\n|\n|t:|1699808040\n|switch|p2a: Zamazenta|Zamazenta-Crowned|100\/100\n|-ability|p2a: Zamazenta|Dauntless Shield|boost\n|-boost|p2a: Zamazenta|def|1\n|move|p1a: Butch femboy|Swords Dance|p1a: Butch femboy\n|-boost|p1a: Butch femboy|atk|2\n|\n|upkeep\n|turn|27\n|\n|t:|1699808046\n|-terastallize|p2a: Zamazenta|Water\n|move|p1a: Butch femboy|Close Combat|p2a: Zamazenta\n|-damage|p2a: Zamazenta|50\/100\n|-unboost|p1a: Butch femboy|def|1\n|-unboost|p1a: Butch femboy|spd|1\n|move|p2a: Zamazenta|Iron Defense|p2a: Zamazenta\n|-boost|p2a: Zamazenta|def|2\n|\n|upkeep\n|turn|28\n|\n|t:|1699808057\n|switch|p1a: Bloons td 7|Rillaboom, M|81\/100\n|-damage|p1a: Bloons td 7|69\/100|[from] Stealth Rock\n|-fieldstart|move: Grassy Terrain|[from] ability: Grassy Surge|[of] p1a: Bloons td 7\n|move|p2a: Zamazenta|Body Press|p1a: Bloons td 7\n|-damage|p1a: Bloons td 7|0 fnt\n|faint|p1a: Bloons td 7\n|\n|-heal|p2a: Zamazenta|56\/100|[from] Grassy Terrain\n|upkeep\n|\n|t:|1699808060\n|switch|p1a: Big ogerpon|Arceus-Rock|100\/100\n|-damage|p1a: Big ogerpon|88\/100|[from] Stealth Rock\n|turn|29\n|\n|t:|1699808063\n|-terastallize|p1a: Big ogerpon|Grass\n|move|p2a: Zamazenta|Body Press|p1a: Big ogerpon\n|-damage|p1a: Big ogerpon|6\/100\n|move|p1a: Big ogerpon|Giga Drain|p2a: Zamazenta\n|-supereffective|p2a: Zamazenta\n|-damage|p2a: Zamazenta|0 fnt\n|-heal|p1a: Big ogerpon|28\/100|[from] drain|[of] p2a: Zamazenta\n|faint|p2a: Zamazenta\n|\n|-heal|p1a: Big ogerpon|34\/100|[from] Grassy Terrain\n|upkeep\n|\n|t:|1699808093\n|switch|p2a: Clefable|Clefable, F|61\/100\n|turn|30\n|\n|t:|1699808098\n|switch|p2a: Dialga|Dialga|99\/100\n|-ability|p2a: Dialga|Pressure\n|move|p1a: Big ogerpon|Giga Drain|p2a: Dialga\n|-resisted|p2a: Dialga\n|-damage|p2a: Dialga|91\/100\n|-heal|p1a: Big ogerpon|37\/100|[from] drain|[of] p2a: Dialga\n|\n|-heal|p1a: Big ogerpon|44\/100|[from] Grassy Terrain\n|-heal|p2a: Dialga|97\/100|[from] Grassy Terrain\n|upkeep\n|turn|31\n|\n|t:|1699808101\n|move|p1a: Big ogerpon|Earth Power|p2a: Dialga\n|-supereffective|p2a: Dialga\n|-damage|p2a: Dialga|56\/100\n|move|p2a: Dialga|Draco Meteor|p1a: Big ogerpon|[miss]\n|-miss|p2a: Dialga|p1a: Big ogerpon\n|\n|-heal|p1a: Big ogerpon|50\/100|[from] Grassy Terrain\n|-heal|p2a: Dialga|62\/100|[from] Grassy Terrain\n|upkeep\n|turn|32\n|\n|t:|1699808107\n|move|p1a: Big ogerpon|Earth Power|p2a: Dialga\n|-supereffective|p2a: Dialga\n|-damage|p2a: Dialga|20\/100\n|-unboost|p2a: Dialga|spd|1\n|move|p2a: Dialga|Draco Meteor|p1a: Big ogerpon\n|-damage|p1a: Big ogerpon|9\/100\n|-unboost|p2a: Dialga|spa|2\n|\n|-heal|p1a: Big ogerpon|15\/100|[from] Grassy Terrain\n|-heal|p2a: Dialga|26\/100|[from] Grassy Terrain\n|-fieldend|move: Grassy Terrain\n|upkeep\n|turn|33\n|\n|t:|1699808115\n|switch|p2a: Blissey|Blissey, F|76\/100\n|move|p1a: Big ogerpon|Giga Drain|p2a: Blissey\n|-damage|p2a: Blissey|64\/100\n|-heal|p1a: Big ogerpon|25\/100|[from] drain|[of] p2a: Blissey\n|\n|upkeep\n|turn|34\n|\n|t:|1699808120\n|move|p1a: Big ogerpon|Calm Mind|p1a: Big ogerpon\n|-boost|p1a: Big ogerpon|spa|1\n|-boost|p1a: Big ogerpon|spd|1\n|move|p2a: Blissey|Soft-Boiled|p2a: Blissey\n|-heal|p2a: Blissey|100\/100\n|\n|upkeep\n|turn|35\n|\n|t:|1699808123\n|move|p1a: Big ogerpon|Giga Drain|p2a: Blissey\n|-damage|p2a: Blissey|84\/100\n|-heal|p1a: Big ogerpon|38\/100|[from] drain|[of] p2a: Blissey\n|move|p2a: Blissey|Calm Mind|p2a: Blissey\n|-boost|p2a: Blissey|spa|1\n|-boost|p2a: Blissey|spd|1\n|\n|upkeep\n|turn|36\n|\n|t:|1699808128\n|move|p1a: Big ogerpon|Calm Mind|p1a: Big ogerpon\n|-boost|p1a: Big ogerpon|spa|1\n|-boost|p1a: Big ogerpon|spd|1\n|move|p2a: Blissey|Ice Beam|p1a: Big ogerpon\n|-supereffective|p1a: Big ogerpon\n|-damage|p1a: Big ogerpon|21\/100\n|\n|upkeep\n|turn|37\n|\n|t:|1699808135\n|move|p1a: Big ogerpon|Giga Drain|p2a: Blissey\n|-damage|p2a: Blissey|69\/100\n|-heal|p1a: Big ogerpon|33\/100|[from] drain|[of] p2a: Blissey\n|move|p2a: Blissey|Seismic Toss|p1a: Big ogerpon\n|-damage|p1a: Big ogerpon|10\/100\n|\n|upkeep\n|turn|38\n|\n|t:|1699808141\n|move|p1a: Big ogerpon|Giga Drain|p2a: Blissey\n|-damage|p2a: Blissey|55\/100\n|-heal|p1a: Big ogerpon|22\/100|[from] drain|[of] p2a: Blissey\n|move|p2a: Blissey|Soft-Boiled|p2a: Blissey\n|-heal|p2a: Blissey|100\/100\n|\n|upkeep\n|turn|39\n|\n|t:|1699808146\n|move|p1a: Big ogerpon|Calm Mind|p1a: Big ogerpon\n|-boost|p1a: Big ogerpon|spa|1\n|-boost|p1a: Big ogerpon|spd|1\n|move|p2a: Blissey|Calm Mind|p2a: Blissey\n|-boost|p2a: Blissey|spa|1\n|-boost|p2a: Blissey|spd|1\n|\n|upkeep\n|turn|40\n|\n|t:|1699808155\n|move|p1a: Big ogerpon|Calm Mind|p1a: Big ogerpon\n|-boost|p1a: Big ogerpon|spa|1\n|-boost|p1a: Big ogerpon|spd|1\n|move|p2a: Blissey|Seismic Toss|p1a: Big ogerpon\n|-damage|p1a: Big ogerpon|0 fnt\n|faint|p1a: Big ogerpon\n|\n|upkeep\n|\n|t:|1699808158\n|switch|p1a: Cute tusk|Donphan, F|86\/100\n|turn|41\n|\n|t:|1699808162\n|move|p2a: Blissey|Ice Beam|p1a: Cute tusk\n|-supereffective|p1a: Cute tusk\n|-damage|p1a: Cute tusk|0 fnt\n|faint|p1a: Cute tusk\n|\n|upkeep\n|\n|t:|1699808166\n|switch|p1a: Butch femboy|Sneasler, M|100\/100\n|-damage|p1a: Butch femboy|95\/100|[from] Stealth Rock\n|turn|42\n|\n|t:|1699808174\n|move|p1a: Butch femboy|Close Combat|p2a: Blissey\n|-supereffective|p2a: Blissey\n|-damage|p2a: Blissey|0 fnt\n|-unboost|p1a: Butch femboy|def|1\n|-unboost|p1a: Butch femboy|spd|1\n|faint|p2a: Blissey\n|\n|upkeep\n|\n|t:|1699808177\n|switch|p2a: Alomomola|Alomomola, M|76\/100 slp\n|turn|43\n|\n|t:|1699808181\n|switch|p1a: The classic set|Magearna|11\/100\n|-damage|p1a: The classic set|5\/100|[from] Stealth Rock\n|cant|p2a: Alomomola|slp\n|\n|upkeep\n|turn|44\n|\n|t:|1699808191\n|move|p1a: The classic set|Draining Kiss|p2a: Alomomola\n|-damage|p2a: Alomomola|43\/100 slp\n|-heal|p1a: The classic set|49\/100|[from] drain|[of] p2a: Alomomola\n|cant|p2a: Alomomola|slp\n|\n|upkeep\n|turn|45\n|\n|t:|1699808199\n|switch|p2a: Dialga|Dialga|26\/100\n|-ability|p2a: Dialga|Pressure\n|move|p1a: The classic set|Volt Switch|p2a: Dialga\n|-resisted|p2a: Dialga\n|-damage|p2a: Dialga|18\/100\n|\n|t:|1699808202\n|switch|p1a: Butch femboy|Sneasler, M|95\/100|[from] Volt Switch\n|-damage|p1a: Butch femboy|89\/100|[from] Stealth Rock\n|\n|upkeep\n|turn|46\n|\n|t:|1699808206\n|move|p1a: Butch femboy|Lash Out|p2a: Dialga\n|-damage|p2a: Dialga|0 fnt\n|faint|p2a: Dialga\n|\n|upkeep\n|\n|t:|1699808208\n|switch|p2a: Alomomola|Alomomola, M|43\/100 slp\n|turn|47\n|\n|t:|1699808213\n|move|p1a: Butch femboy|Close Combat|p2a: Alomomola\n|-damage|p2a: Alomomola|8\/100 slp\n|-unboost|p1a: Butch femboy|def|1\n|-unboost|p1a: Butch femboy|spd|1\n|-curestatus|p2a: Alomomola|slp|[msg]\n|move|p2a: Alomomola|Scald|p1a: Butch femboy\n|-damage|p1a: Butch femboy|60\/100\n|\n|upkeep\n|turn|48\n|\n|t:|1699808218\n|switch|p1a: The classic set|Magearna|49\/100\n|-damage|p1a: The classic set|43\/100|[from] Stealth Rock\n|move|p2a: Alomomola|Scald|p1a: The classic set\n|-damage|p1a: The classic set|35\/100\n|\n|upkeep\n|turn|49\n|\n|t:|1699808221\n|move|p1a: The classic set|Draining Kiss|p2a: Alomomola\n|-crit|p2a: Alomomola\n|-damage|p2a: Alomomola|0 fnt\n|-heal|p1a: The classic set|45\/100|[from] drain|[of] p2a: Alomomola\n|faint|p2a: Alomomola\n|-ability|p1a: The classic set|Soul-Heart|boost\n|-boost|p1a: The classic set|spa|1\n|\n|upkeep\n|\n|t:|1699808223\n|switch|p2a: Clefable|Clefable, F|61\/100\n|turn|50\n|\n|t:|1699808227\n|move|p1a: The classic set|Flash Cannon|p2a: Clefable\n|-supereffective|p2a: Clefable\n|-damage|p2a: Clefable|0 fnt\n|faint|p2a: Clefable\n|\n|win|Bestmaindragonite\n|l|\u2606babynogalXD\n","uploadtime":1699808233,"views":5,"p1id":"bestmaindragonite","p2id":"babynogalxd","formatid":"gen9ubers","rating":0,"private":0,"password":""}