{"id":"gen9ubers-1985051735","p1":"Pickedman","p2":"godiamsosorry","format":"[Gen 9] Ubers","log":"|j|\u2606Pickedman\n|j|\u2606godiamsosorry\n|t:|1699324921\n|gametype|singles\n|player|p1|Pickedman|zinnia|\n|player|p2|godiamsosorry|lady|\n|teamsize|p1|6\n|teamsize|p2|6\n|gen|9\n|tier|[Gen 9] Ubers\n|rule|Sleep Clause Mod: Limit one foe put to sleep\n|rule|Species Clause: Limit one of each Pok\u00e9mon\n|rule|OHKO Clause: OHKO moves are banned\n|rule|Evasion Items Clause: Evasion items are banned\n|rule|Evasion Moves Clause: Evasion moves are banned\n|rule|Endless Battle Clause: Forcing endless battles is banned\n|rule|HP Percentage Mod: HP is shown in percentages\n|clearpoke\n|poke|p1|Kyogre|\n|poke|p1|Groudon|\n|poke|p1|Rayquaza|\n|poke|p1|Arceus|\n|poke|p1|Miraidon|\n|poke|p1|Basculegion-F, F|\n|poke|p2|Cyclizar, F|\n|poke|p2|Mewtwo|\n|poke|p2|Arceus|\n|poke|p2|Basculegion-F, F|\n|poke|p2|Giratina-Origin|\n|poke|p2|Groudon|\n|teampreview\n|\n|t:|1699324947\n|start\n|switch|p1a: Arceus|Arceus|100\/100\n|switch|p2a: Mewtwo|Mewtwo|100\/100\n|-ability|p2a: Mewtwo|Pressure\n|turn|1\n|\n|t:|1699324959\n|move|p2a: Mewtwo|Bulk Up|p2a: Mewtwo\n|-boost|p2a: Mewtwo|atk|1\n|-boost|p2a: Mewtwo|def|1\n|move|p1a: Arceus|Swords Dance|p1a: Arceus\n|-boost|p1a: Arceus|atk|2\n|\n|upkeep\n|turn|2\n|\n|t:|1699324978\n|move|p2a: Mewtwo|Drain Punch|p1a: Arceus\n|-supereffective|p1a: Arceus\n|-damage|p1a: Arceus|50\/100\n|move|p1a: Arceus|Substitute|p1a: Arceus\n|-start|p1a: Arceus|Substitute\n|-damage|p1a: Arceus|26\/100\n|\n|upkeep\n|turn|3\n|\n|t:|1699324986\n|move|p1a: Arceus|Extreme Speed|p2a: Mewtwo\n|-damage|p2a: Mewtwo|21\/100\n|move|p2a: Mewtwo|Drain Punch|p1a: Arceus\n|-supereffective|p1a: Arceus\n|-end|p1a: Arceus|Substitute\n|-heal|p2a: Mewtwo|37\/100|[from] drain|[of] p1a: Arceus\n|\n|-heal|p2a: Mewtwo|43\/100|[from] item: Leftovers\n|upkeep\n|turn|4\n|\n|t:|1699324997\n|move|p1a: Arceus|Extreme Speed|p2a: Mewtwo\n|-damage|p2a: Mewtwo|0 fnt\n|faint|p2a: Mewtwo\n|\n|upkeep\n|\n|t:|1699325002\n|switch|p2a: Arceus|Arceus|100\/100\n|turn|5\n|\n|t:|1699325008\n|move|p1a: Arceus|Extreme Speed|p2a: Arceus\n|-damage|p2a: Arceus|28\/100\n|move|p2a: Arceus|Extreme Speed|p1a: Arceus\n|-damage|p1a: Arceus|0 fnt\n|faint|p1a: Arceus\n|\n|upkeep\n|\n|t:|1699325019\n|switch|p1a: Kyogre|Kyogre|100\/100\n|-weather|RainDance|[from] ability: Drizzle|[of] p1a: Kyogre\n|turn|6\n|\n|t:|1699325048\n|switch|p2a: Groudon|Groudon|100\/100\n|-weather|SunnyDay|[from] ability: Drought|[of] p2a: Groudon\n|move|p1a: Kyogre|Liquidation|p2a: Groudon\n|-supereffective|p2a: Groudon\n|-damage|p2a: Groudon|64\/100\n|\n|-weather|SunnyDay|[upkeep]\n|-heal|p2a: Groudon|71\/100|[from] item: Leftovers\n|upkeep\n|turn|7\n|\n|t:|1699325058\n|switch|p1a: Rayquaza|Rayquaza|100\/100\n|-ability|p1a: Rayquaza|Air Lock\n|move|p2a: Groudon|Will-O-Wisp|p1a: Rayquaza\n|-status|p1a: Rayquaza|brn\n|\n|-weather|SunnyDay|[upkeep]\n|-heal|p2a: Groudon|77\/100|[from] item: Leftovers\n|-damage|p1a: Rayquaza|95\/100 brn|[from] brn\n|upkeep\n|turn|8\n|\n|t:|1699325078\n|switch|p2a: Giratina|Giratina-Origin|100\/100\n|move|p1a: Rayquaza|Dragon Dance|p1a: Rayquaza\n|-boost|p1a: Rayquaza|atk|1\n|-boost|p1a: Rayquaza|spe|1\n|\n|-weather|SunnyDay|[upkeep]\n|-damage|p1a: Rayquaza|89\/100 brn|[from] brn\n|upkeep\n|turn|9\n|\n|t:|1699325112\n|move|p1a: Rayquaza|Dragon Ascent|p2a: Giratina\n|-damage|p2a: Giratina|74\/100\n|-unboost|p1a: Rayquaza|def|1\n|-unboost|p1a: Rayquaza|spd|1\n|move|p2a: Giratina|Dragon Tail|p1a: Rayquaza\n|-supereffective|p1a: Rayquaza\n|-damage|p1a: Rayquaza|0 fnt\n|faint|p1a: Rayquaza\n|\n|-weather|SunnyDay|[upkeep]\n|upkeep\n|\n|t:|1699325125\n|switch|p1a: Groudon|Groudon|100\/100\n|turn|10\n|\n|t:|1699325139\n|move|p1a: Groudon|Dragon Pulse|p2a: Giratina\n|-supereffective|p2a: Giratina\n|-damage|p2a: Giratina|36\/100\n|move|p2a: Giratina|Dragon Tail|p1a: Groudon\n|-damage|p1a: Groudon|81\/100\n|drag|p1a: Basculegion|Basculegion-F, F|100\/100\n|\n|-weather|none\n|upkeep\n|turn|11\n|\n|t:|1699325154\n|switch|p1a: Groudon|Groudon|81\/100\n|-weather|SunnyDay|[from] ability: Drought|[of] p1a: Groudon\n|move|p2a: Giratina|Thunder Wave|p1a: Groudon\n|-immune|p1a: Groudon\n|\n|-weather|SunnyDay|[upkeep]\n|upkeep\n|turn|12\n|\n|t:|1699325163\n|move|p1a: Groudon|Dragon Pulse|p2a: Giratina\n|-supereffective|p2a: Giratina\n|-damage|p2a: Giratina|0 fnt\n|faint|p2a: Giratina\n|\n|-weather|SunnyDay|[upkeep]\n|upkeep\n|\n|t:|1699325169\n|switch|p2a: Cyclizar|Cyclizar, F|100\/100\n|turn|13\n|\n|t:|1699325175\n|move|p2a: Cyclizar|Shed Tail|p2a: Cyclizar\n|-start|p2a: Cyclizar|Substitute|[from] move: Shed Tail\n|-damage|p2a: Cyclizar|50\/100\n|\n|t:|1699325179\n|switch|p2a: Arceus|Arceus|28\/100|[from] Shed Tail\n|move|p1a: Groudon|Dragon Pulse|p2a: Arceus\n|-end|p2a: Arceus|Substitute\n|\n|-weather|SunnyDay|[upkeep]\n|upkeep\n|turn|14\n|\n|t:|1699325187\n|move|p2a: Arceus|Recover|p2a: Arceus\n|-heal|p2a: Arceus|78\/100\n|move|p1a: Groudon|Earth Power|p2a: Arceus\n|-damage|p2a: Arceus|50\/100\n|\n|-weather|SunnyDay|[upkeep]\n|upkeep\n|turn|15\n|\n|t:|1699325196\n|move|p2a: Arceus|Extreme Speed|p1a: Groudon\n|-damage|p1a: Groudon|50\/100\n|move|p1a: Groudon|Earth Power|p2a: Arceus\n|-damage|p2a: Arceus|25\/100\n|\n|-weather|none\n|upkeep\n|turn|16\n|\n|t:|1699325211\n|move|p2a: Arceus|Recover|p2a: Arceus\n|-heal|p2a: Arceus|75\/100\n|move|p1a: Groudon|Earth Power|p2a: Arceus\n|-damage|p2a: Arceus|45\/100\n|\n|upkeep\n|turn|17\n|\n|t:|1699325231\n|move|p2a: Arceus|Recover|p2a: Arceus\n|-heal|p2a: Arceus|95\/100\n|move|p1a: Groudon|Earth Power|p2a: Arceus\n|-damage|p2a: Arceus|68\/100\n|\n|upkeep\n|turn|18\n|\n|t:|1699325238\n|move|p2a: Arceus|Swords Dance|p2a: Arceus\n|-boost|p2a: Arceus|atk|2\n|move|p1a: Groudon|Earth Power|p2a: Arceus\n|-damage|p2a: Arceus|38\/100\n|-unboost|p2a: Arceus|spd|1\n|\n|upkeep\n|turn|19\n|\n|t:|1699325245\n|move|p2a: Arceus|Extreme Speed|p1a: Groudon\n|-damage|p1a: Groudon|0 fnt\n|faint|p1a: Groudon\n|\n|upkeep\n|\n|t:|1699325250\n|switch|p1a: Kyogre|Kyogre|100\/100\n|-weather|RainDance|[from] ability: Drizzle|[of] p1a: Kyogre\n|turn|20\n|\n|t:|1699325264\n|switch|p1a: Miraidon|Miraidon|100\/100\n|-fieldstart|move: Electric Terrain|[from] ability: Hadron Engine|[of] p1a: Miraidon\n|move|p2a: Arceus|Shadow Claw|p1a: Miraidon\n|-damage|p1a: Miraidon|54\/100\n|\n|-weather|RainDance|[upkeep]\n|upkeep\n|turn|21\n|\n|t:|1699325287\n|move|p2a: Arceus|Extreme Speed|p1a: Miraidon\n|-damage|p1a: Miraidon|0 fnt\n|faint|p1a: Miraidon\n|\n|-weather|RainDance|[upkeep]\n|upkeep\n|\n|t:|1699325311\n|switch|p1a: Basculegion|Basculegion-F, F|100\/100\n|turn|22\n|\n|t:|1699325317\n|switch|p2a: Groudon|Groudon|77\/100\n|-weather|SunnyDay|[from] ability: Drought|[of] p2a: Groudon\n|move|p1a: Basculegion|Aqua Jet|p2a: Groudon\n|-supereffective|p2a: Groudon\n|-damage|p2a: Groudon|59\/100\n|\n|-weather|SunnyDay|[upkeep]\n|-heal|p2a: Groudon|65\/100|[from] item: Leftovers\n|upkeep\n|turn|23\n|\n|t:|1699325327\n|switch|p2a: Cyclizar|Cyclizar, F|83\/100\n|move|p1a: Basculegion|Aqua Jet|p2a: Cyclizar\n|-resisted|p2a: Cyclizar\n|-damage|p2a: Cyclizar|71\/100\n|\n|-weather|SunnyDay|[upkeep]\n|upkeep\n|turn|24\n|\n|t:|1699325362\n|move|p1a: Basculegion|Aqua Jet|p2a: Cyclizar\n|-resisted|p2a: Cyclizar\n|-damage|p2a: Cyclizar|60\/100\n|move|p2a: Cyclizar|Shed Tail|p2a: Cyclizar\n|-start|p2a: Cyclizar|Substitute|[from] move: Shed Tail\n|-damage|p2a: Cyclizar|10\/100\n|\n|t:|1699325367\n|switch|p2a: Basculegion|Basculegion-F, F|100\/100|[from] Shed Tail\n|\n|-weather|SunnyDay|[upkeep]\n|-fieldend|move: Electric Terrain\n|upkeep\n|turn|25\n|\n|t:|1699325377\n|switch|p1a: Kyogre|Kyogre|100\/100\n|-weather|RainDance|[from] ability: Drizzle|[of] p1a: Kyogre\n|move|p2a: Basculegion|Last Respects|p1a: Kyogre\n|-damage|p1a: Kyogre|14\/100\n|\n|-weather|RainDance|[upkeep]\n|upkeep\n|turn|26\n|\n|t:|1699325393\n|move|p2a: Basculegion|Last Respects|p1a: Kyogre\n|-damage|p1a: Kyogre|0 fnt\n|faint|p1a: Kyogre\n|\n|-weather|RainDance|[upkeep]\n|upkeep\n|c|\u2606godiamsosorry|Gg\n|\n|t:|1699325415\n|switch|p1a: Basculegion|Basculegion-F, F|100\/100\n|turn|27\n|c|\u2606Pickedman|gg\n|\n|t:|1699325419\n|-terastallize|p2a: Basculegion|Ghost\n|move|p1a: Basculegion|Aqua Jet|p2a: Basculegion\n|-end|p2a: Basculegion|Substitute\n|move|p2a: Basculegion|Last Respects|p1a: Basculegion\n|-supereffective|p1a: Basculegion\n|-damage|p1a: Basculegion|0 fnt\n|faint|p1a: Basculegion\n|\n|win|godiamsosorry\n","uploadtime":1699325425,"views":6,"p1id":"pickedman","p2id":"godiamsosorry","formatid":"gen9ubers","rating":0,"private":0,"password":""}