{"id":"gen9ubers-1977190531","p1":"SadaShidz\ufe0f","p2":"Deriverse","format":"[Gen 9] Ubers","log":"|j|\u203dSadaShidz\ufe0f\n|j|\u2606Deriverse\n|t:|1698383671\n|gametype|singles\n|player|p1|SadaShidz\ufe0f|sada-ai|1290\n|player|p2|Deriverse|roxanne|1331\n|teamsize|p1|6\n|teamsize|p2|6\n|gen|9\n|tier|[Gen 9] Ubers\n|rated|\n|rule|Sleep Clause Mod: Limit one foe put to sleep\n|rule|Species Clause: Limit one of each Pok\u00e9mon\n|rule|OHKO Clause: OHKO moves are banned\n|rule|Evasion Items Clause: Evasion items are banned\n|rule|Evasion Moves Clause: Evasion moves are banned\n|rule|Endless Battle Clause: Forcing endless battles is banned\n|rule|HP Percentage Mod: HP is shown in percentages\n|clearpoke\n|poke|p1|Glimmora, F|\n|poke|p1|Arceus-Ghost|\n|poke|p1|Polteageist-Antique|\n|poke|p1|Iron Valiant|\n|poke|p1|Landorus-Therian, M|\n|poke|p1|Kingambit, M|\n|poke|p2|Shaymin-Sky|\n|poke|p2|Flutter Mane|\n|poke|p2|Groudon|\n|poke|p2|Chi-Yu|\n|poke|p2|Ribombee, M|\n|poke|p2|Great Tusk|\n|teampreview\n|inactive|Battle timer is ON: inactive players will automatically lose when time's up. (requested by Deriverse)\n|inactive|SadaShidz\ufe0f also wants the timer to be on.\n|\n|t:|1698383690\n|start\n|switch|p1a: Glimmora|Glimmora, F|100\/100\n|switch|p2a: Great Tusk|Great Tusk|100\/100\n|turn|1\n|\n|t:|1698383700\n|move|p1a: Glimmora|Dazzling Gleam|p2a: Great Tusk\n|-supereffective|p2a: Great Tusk\n|-damage|p2a: Great Tusk|24\/100\n|move|p2a: Great Tusk|Headlong Rush|p1a: Glimmora\n|-supereffective|p1a: Glimmora\n|-enditem|p1a: Glimmora|Focus Sash\n|-damage|p1a: Glimmora|1\/100\n|-unboost|p2a: Great Tusk|def|1\n|-unboost|p2a: Great Tusk|spd|1\n|-activate|p1a: Glimmora|ability: Toxic Debris\n|-sidestart|p2: Deriverse|move: Toxic Spikes\n|\n|upkeep\n|turn|2\n|\n|t:|1698383718\n|-end|p2a: Great Tusk|Protosynthesis|[silent]\n|switch|p2a: Ribombee|Ribombee, M|100\/100\n|-status|p2a: Ribombee|psn\n|move|p1a: Glimmora|Dazzling Gleam|p2a: Ribombee\n|-damage|p2a: Ribombee|54\/100 psn\n|\n|-damage|p2a: Ribombee|42\/100 psn|[from] psn\n|upkeep\n|turn|3\n|\n|t:|1698383730\n|move|p2a: Ribombee|Moonblast|p1a: Glimmora\n|-resisted|p1a: Glimmora\n|-damage|p1a: Glimmora|0 fnt\n|faint|p1a: Glimmora\n|\n|-damage|p2a: Ribombee|30\/100 psn|[from] psn\n|upkeep\n|\n|t:|1698383742\n|switch|p1a: Iron Valiant|Iron Valiant|100\/100\n|-enditem|p1a: Iron Valiant|Booster Energy\n|-activate|p1a: Iron Valiant|ability: Quark Drive|[fromitem]\n|-start|p1a: Iron Valiant|quarkdrivespe\n|turn|4\n|j| I registered this\n|\n|t:|1698383757\n|move|p1a: Iron Valiant|Moonblast|p2a: Ribombee\n|-damage|p2a: Ribombee|0 fnt\n|faint|p2a: Ribombee\n|\n|upkeep\n|\n|t:|1698383771\n|switch|p2a: Groudon|Groudon|100\/100\n|-status|p2a: Groudon|psn\n|-weather|SunnyDay|[from] ability: Drought|[of] p2a: Groudon\n|turn|5\n|\n|t:|1698383781\n|move|p1a: Iron Valiant|Aura Sphere|p2a: Groudon\n|-crit|p2a: Groudon\n|-damage|p2a: Groudon|43\/100 psn\n|move|p2a: Groudon|Precipice Blades|p1a: Iron Valiant|[miss]\n|-miss|p2a: Groudon|p1a: Iron Valiant\n|\n|-weather|SunnyDay|[upkeep]\n|-damage|p2a: Groudon|31\/100 psn|[from] psn\n|upkeep\n|turn|6\n|\n|t:|1698383786\n|move|p1a: Iron Valiant|Aura Sphere|p2a: Groudon\n|-damage|p2a: Groudon|0 fnt\n|faint|p2a: Groudon\n|\n|-weather|SunnyDay|[upkeep]\n|upkeep\n|\n|t:|1698383788\n|switch|p2a: Flutter Mane|Flutter Mane|100\/100\n|-status|p2a: Flutter Mane|psn\n|-activate|p2a: Flutter Mane|ability: Protosynthesis\n|-start|p2a: Flutter Mane|protosynthesisspe\n|turn|7\n|\n|t:|1698383803\n|-end|p1a: Iron Valiant|Quark Drive|[silent]\n|switch|p1a: Kingambit|Kingambit, M, shiny|100\/100\n|-activate|p1a: Kingambit|ability: Supreme Overlord\n|-start|p1a: Kingambit|fallen1|[silent]\n|move|p2a: Flutter Mane|Moonblast|p1a: Kingambit\n|-damage|p1a: Kingambit|55\/100\n|-unboost|p1a: Kingambit|spa|1\n|\n|-weather|SunnyDay|[upkeep]\n|-damage|p2a: Flutter Mane|88\/100 psn|[from] psn\n|upkeep\n|turn|8\n|\n|t:|1698383816\n|move|p2a: Flutter Mane|Moonblast|p1a: Kingambit\n|-damage|p1a: Kingambit|10\/100\n|move|p1a: Kingambit|Iron Head|p2a: Flutter Mane\n|-supereffective|p2a: Flutter Mane\n|-damage|p2a: Flutter Mane|0 fnt\n|faint|p2a: Flutter Mane\n|-end|p2a: Flutter Mane|Protosynthesis|[silent]\n|\n|-weather|SunnyDay|[upkeep]\n|upkeep\n|\n|t:|1698383822\n|switch|p2a: Great Tusk|Great Tusk|24\/100\n|-activate|p2a: Great Tusk|ability: Protosynthesis\n|-start|p2a: Great Tusk|protosynthesisatk\n|turn|9\n|\n|t:|1698383827\n|-end|p1a: Kingambit|fallen1|[silent]\n|switch|p1a: Arceus|Arceus-Ghost, shiny|100\/100\n|move|p2a: Great Tusk|Rapid Spin|p1a: Arceus\n|-immune|p1a: Arceus\n|\n|-weather|SunnyDay|[upkeep]\n|upkeep\n|turn|10\n|\n|t:|1698383833\n|move|p1a: Arceus|Calm Mind|p1a: Arceus\n|-boost|p1a: Arceus|spa|1\n|-boost|p1a: Arceus|spd|1\n|move|p2a: Great Tusk|Stealth Rock|p1a: Arceus\n|-sidestart|p1: SadaShidz\ufe0f|move: Stealth Rock\n|\n|-weather|SunnyDay|[upkeep]\n|upkeep\n|turn|11\n|\n|t:|1698383838\n|move|p1a: Arceus|Calm Mind|p1a: Arceus\n|-boost|p1a: Arceus|spa|1\n|-boost|p1a: Arceus|spd|1\n|move|p2a: Great Tusk|Knock Off|p1a: Arceus\n|-supereffective|p1a: Arceus\n|-damage|p1a: Arceus|63\/100\n|\n|-weather|SunnyDay|[upkeep]\n|upkeep\n|turn|12\n|\n|t:|1698383842\n|move|p1a: Arceus|Judgment|p2a: Great Tusk\n|-damage|p2a: Great Tusk|0 fnt\n|faint|p2a: Great Tusk\n|-end|p2a: Great Tusk|Protosynthesis|[silent]\n|\n|-weather|none\n|upkeep\n|\n|t:|1698383845\n|switch|p2a: Shaymin|Shaymin-Sky|100\/100\n|turn|13\n|\n|t:|1698383848\n|-terastallize|p2a: Shaymin|Flying\n|move|p2a: Shaymin|Air Slash|p1a: Arceus\n|-damage|p1a: Arceus|44\/100\n|cant|p1a: Arceus|flinch\n|\n|upkeep\n|turn|14\n|\n|t:|1698383854\n|move|p2a: Shaymin|Air Slash|p1a: Arceus\n|-damage|p1a: Arceus|24\/100\n|move|p1a: Arceus|Recover|p1a: Arceus\n|-heal|p1a: Arceus|74\/100\n|\n|upkeep\n|turn|15\n|\n|t:|1698383859\n|move|p2a: Shaymin|Air Slash|p1a: Arceus\n|-damage|p1a: Arceus|57\/100\n|cant|p1a: Arceus|flinch\n|\n|upkeep\n|turn|16\n|\n|t:|1698383863\n|move|p2a: Shaymin|Air Slash|p1a: Arceus\n|-damage|p1a: Arceus|40\/100\n|cant|p1a: Arceus|flinch\n|\n|upkeep\n|turn|17\n|\n|t:|1698383866\n|move|p2a: Shaymin|Air Slash|p1a: Arceus\n|-damage|p1a: Arceus|21\/100\n|move|p1a: Arceus|Judgment|p2a: Shaymin\n|-damage|p2a: Shaymin|0 fnt\n|faint|p2a: Shaymin\n|\n|upkeep\n|-message|Deriverse forfeited.\n|\n|win|SadaShidz\ufe0f\n|raw|SadaShidz\ufe0f's rating: 1290 &rarr; <strong>1318<\/strong><br \/>(+28 for winning)\n|raw|Deriverse's rating: 1331 &rarr; <strong>1309<\/strong><br \/>(-22 for losing)\n|l|\u2606Deriverse\n","uploadtime":1698383878,"views":9,"p1id":"sadashidz","p2id":"deriverse","formatid":"gen9ubers","rating":1309,"private":0,"password":""}