{"id":"gen9ubers-1978706527","p1":"lam3011","p2":"JimRexVN","format":"[Gen 9] Ubers","log":"|j|\u2606lam3011\n|j|\u2606JimRexVN\n|t:|1698584651\n|gametype|singles\n|player|p1|lam3011|n|1000\n|player|p2|JimRexVN|brycenman|1011\n|teamsize|p1|6\n|teamsize|p2|6\n|gen|9\n|tier|[Gen 9] Ubers\n|rated|\n|rule|Sleep Clause Mod: Limit one foe put to sleep\n|rule|Species Clause: Limit one of each Pok\u00e9mon\n|rule|OHKO Clause: OHKO moves are banned\n|rule|Evasion Items Clause: Evasion items are banned\n|rule|Evasion Moves Clause: Evasion moves are banned\n|rule|Endless Battle Clause: Forcing endless battles is banned\n|rule|HP Percentage Mod: HP is shown in percentages\n|clearpoke\n|poke|p1|Calyrex-Ice|\n|poke|p1|Indeedee, M|\n|poke|p1|Oranguru, M|\n|poke|p1|Rillaboom, M|\n|poke|p1|Kyogre|\n|poke|p1|Manaphy|\n|poke|p2|Garganacl, M|\n|poke|p2|Zamazenta-*|\n|poke|p2|Urshifu-*, F|\n|poke|p2|Ogerpon-Hearthflame, F|\n|poke|p2|Thundurus-Therian, M|\n|poke|p2|Enamorus-Therian, F|\n|teampreview\n|\n|t:|1698584693\n|start\n|switch|p1a: Indeedee|Indeedee, M|100\/100\n|switch|p2a: Garganacl|Garganacl, M|100\/100\n|turn|1\n|c|\u2606lam3011|vn a\n|\n|t:|1698584723\n|move|p2a: Garganacl|Salt Cure|p1a: Indeedee\n|-damage|p1a: Indeedee|78\/100\n|-start|p1a: Indeedee|Salt Cure\n|move|p1a: Indeedee|Trick Room|p1a: Indeedee\n|-fieldstart|move: Trick Room|[of] p1a: Indeedee\n|\n|-heal|p1a: Indeedee|84\/100|[from] item: Leftovers\n|-damage|p1a: Indeedee|72\/100|[from] Salt Cure\n|upkeep\n|turn|2\n|\n|t:|1698584731\n|switch|p1a: Calyrex|Calyrex-Ice|100\/100\n|-ability|p1a: Calyrex|As One\n|-ability|p1a: Calyrex|Unnerve\n|move|p2a: Garganacl|Iron Defense|p2a: Garganacl\n|-boost|p2a: Garganacl|def|2\n|\n|upkeep\n|turn|3\n|\n|t:|1698584743\n|move|p2a: Garganacl|Salt Cure|p1a: Calyrex\n|-supereffective|p1a: Calyrex\n|-damage|p1a: Calyrex|85\/100\n|-start|p1a: Calyrex|Salt Cure\n|move|p1a: Calyrex|Close Combat|p2a: Garganacl\n|-supereffective|p2a: Garganacl\n|-damage|p2a: Garganacl|77\/100\n|-unboost|p1a: Calyrex|def|1\n|-unboost|p1a: Calyrex|spd|1\n|\n|-heal|p2a: Garganacl|83\/100|[from] item: Leftovers\n|-damage|p1a: Calyrex|72\/100|[from] Salt Cure\n|upkeep\n|turn|4\n|\n|t:|1698584754\n|switch|p1a: Kyogre|Kyogre|100\/100\n|-weather|RainDance|[from] ability: Drizzle|[of] p1a: Kyogre\n|move|p2a: Garganacl|Iron Defense|p2a: Garganacl\n|-boost|p2a: Garganacl|def|2\n|\n|-weather|RainDance|[upkeep]\n|-heal|p2a: Garganacl|89\/100|[from] item: Leftovers\n|upkeep\n|turn|5\n|c|\u2606JimRexVN|vn-))\n|c|\u2606JimRexVN|h\u00ed\n|\n|t:|1698584766\n|move|p2a: Garganacl|Iron Defense|p2a: Garganacl\n|-boost|p2a: Garganacl|def|2\n|move|p1a: Kyogre|Blizzard|p2a: Garganacl\n|-damage|p2a: Garganacl|56\/100\n|\n|-weather|RainDance|[upkeep]\n|-heal|p2a: Garganacl|62\/100|[from] item: Leftovers\n|-fieldend|move: Trick Room\n|upkeep\n|turn|6\n|c|\u2606lam3011|chao\n|c|\u2606JimRexVN|ch\u00e0o\n|\n|t:|1698584780\n|move|p1a: Kyogre|Double-Edge|p2a: Garganacl\n|-resisted|p2a: Garganacl\n|-damage|p2a: Garganacl|60\/100\n|-damage|p1a: Kyogre|99\/100|[from] Recoil\n|move|p2a: Garganacl|Salt Cure|p1a: Kyogre\n|-damage|p1a: Kyogre|87\/100\n|-start|p1a: Kyogre|Salt Cure\n|\n|-weather|RainDance|[upkeep]\n|-heal|p2a: Garganacl|66\/100|[from] item: Leftovers\n|-damage|p1a: Kyogre|62\/100|[from] Salt Cure\n|upkeep\n|turn|7\n|\n|t:|1698584792\n|switch|p1a: Oranguru|Oranguru, M|100\/100\n|move|p2a: Garganacl|Curse|p2a: Garganacl\n|-unboost|p2a: Garganacl|spe|1\n|-boost|p2a: Garganacl|atk|1\n|\n|-weather|RainDance|[upkeep]\n|-heal|p2a: Garganacl|72\/100|[from] item: Leftovers\n|upkeep\n|turn|8\n|\n|t:|1698584800\n|move|p2a: Garganacl|Salt Cure|p1a: Oranguru\n|-damage|p1a: Oranguru|83\/100\n|-start|p1a: Oranguru|Salt Cure\n|move|p1a: Oranguru|Trick Room|p1a: Oranguru\n|-fieldstart|move: Trick Room|[of] p1a: Oranguru\n|\n|-weather|none\n|-heal|p2a: Garganacl|78\/100|[from] item: Leftovers\n|-damage|p1a: Oranguru|71\/100|[from] Salt Cure\n|upkeep\n|turn|9\n|\n|t:|1698584809\n|switch|p1a: Calyrex|Calyrex-Ice|72\/100\n|-ability|p1a: Calyrex|As One\n|-ability|p1a: Calyrex|Unnerve\n|move|p2a: Garganacl|Curse|p2a: Garganacl\n|-unboost|p2a: Garganacl|spe|1\n|-boost|p2a: Garganacl|atk|1\n|\n|-heal|p2a: Garganacl|84\/100|[from] item: Leftovers\n|upkeep\n|turn|10\n|\n|t:|1698584822\n|move|p2a: Garganacl|Salt Cure|p1a: Calyrex\n|-supereffective|p1a: Calyrex\n|-damage|p1a: Calyrex|39\/100\n|-start|p1a: Calyrex|Salt Cure\n|move|p1a: Calyrex|Body Press|p2a: Garganacl\n|-supereffective|p2a: Garganacl\n|-damage|p2a: Garganacl|77\/100\n|\n|-heal|p2a: Garganacl|83\/100|[from] item: Leftovers\n|-damage|p1a: Calyrex|26\/100|[from] Salt Cure\n|upkeep\n|turn|11\n|\n|t:|1698584834\n|switch|p1a: Rillaboom|Rillaboom, M, shiny|100\/100\n|move|p2a: Garganacl|Salt Cure|p1a: Rillaboom\n|-damage|p1a: Rillaboom|82\/100\n|-start|p1a: Rillaboom|Salt Cure\n|\n|-heal|p2a: Garganacl|89\/100|[from] item: Leftovers\n|-damage|p1a: Rillaboom|69\/100|[from] Salt Cure\n|upkeep\n|turn|12\n|c|\u2606lam3011|trau v\n|\n|t:|1698584862\n|move|p1a: Rillaboom|Fake Out|p2a: Garganacl\n|-resisted|p2a: Garganacl\n|-damage|p2a: Garganacl|89\/100\n|cant|p2a: Garganacl|flinch\n|\n|-heal|p2a: Garganacl|95\/100|[from] item: Leftovers\n|-damage|p1a: Rillaboom|57\/100|[from] Salt Cure\n|-fieldend|move: Trick Room\n|upkeep\n|turn|13\n|\n|t:|1698584869\n|move|p1a: Rillaboom|Earthquake|p2a: Garganacl\n|-supereffective|p2a: Garganacl\n|-crit|p2a: Garganacl\n|-damage|p2a: Garganacl|55\/100\n|move|p2a: Garganacl|Curse|p2a: Garganacl\n|-unboost|p2a: Garganacl|spe|1\n|-boost|p2a: Garganacl|atk|1\n|\n|-heal|p2a: Garganacl|61\/100|[from] item: Leftovers\n|-damage|p1a: Rillaboom|45\/100|[from] Salt Cure\n|upkeep\n|turn|14\n|\n|t:|1698584880\n|move|p1a: Rillaboom|Earthquake|p2a: Garganacl\n|-supereffective|p2a: Garganacl\n|-damage|p2a: Garganacl|53\/100\n|move|p2a: Garganacl|Earthquake|p1a: Rillaboom\n|-resisted|p1a: Rillaboom\n|-damage|p1a: Rillaboom|25\/100\n|\n|-heal|p2a: Garganacl|60\/100|[from] item: Leftovers\n|-damage|p1a: Rillaboom|13\/100|[from] Salt Cure\n|upkeep\n|turn|15\n|\n|t:|1698584889\n|move|p1a: Rillaboom|Protect|p1a: Rillaboom\n|-singleturn|p1a: Rillaboom|Protect\n|move|p2a: Garganacl|Earthquake|p1a: Rillaboom\n|-activate|p1a: Rillaboom|move: Protect\n|\n|-heal|p2a: Garganacl|66\/100|[from] item: Leftovers\n|-damage|p1a: Rillaboom|0 fnt|[from] Salt Cure\n|faint|p1a: Rillaboom\n|upkeep\n|c|\u2606JimRexVN|t\u1ea1i buff b\u1ea9n-)\n|c|\u2606lam3011|buff lam the\n|\n|t:|1698584911\n|switch|p1a: Oranguru|Oranguru, M|71\/100\n|turn|16\n|c|\u2606JimRexVN|def 1576_)\n|\n|t:|1698584922\n|move|p2a: Garganacl|Curse|p2a: Garganacl\n|-unboost|p2a: Garganacl|spe|1\n|-boost|p2a: Garganacl|atk|1\n|move|p1a: Oranguru|Trick Room|p1a: Oranguru\n|-fieldstart|move: Trick Room|[of] p1a: Oranguru\n|\n|-heal|p2a: Garganacl|72\/100|[from] item: Leftovers\n|upkeep\n|turn|17\n|\n|t:|1698584935\n|switch|p1a: Kyogre|Kyogre|62\/100\n|-weather|RainDance|[from] ability: Drizzle|[of] p1a: Kyogre\n|move|p2a: Garganacl|Curse|p2a: Garganacl\n|-unboost|p2a: Garganacl|spe|1\n|-boost|p2a: Garganacl|atk|1\n|\n|-weather|RainDance|[upkeep]\n|-heal|p2a: Garganacl|78\/100|[from] item: Leftovers\n|upkeep\n|turn|18\n|\n|t:|1698584946\n|move|p2a: Garganacl|Salt Cure|p1a: Kyogre\n|-damage|p1a: Kyogre|15\/100\n|-start|p1a: Kyogre|Salt Cure\n|-enditem|p1a: Kyogre|Iapapa Berry|[eat]\n|-heal|p1a: Kyogre|48\/100|[from] item: Iapapa Berry\n|move|p1a: Kyogre|Chilling Water|p2a: Garganacl\n|-supereffective|p2a: Garganacl\n|-damage|p2a: Garganacl|9\/100\n|-unboost|p2a: Garganacl|atk|1\n|\n|-weather|RainDance|[upkeep]\n|-heal|p2a: Garganacl|16\/100|[from] item: Leftovers\n|-damage|p1a: Kyogre|23\/100|[from] Salt Cure\n|upkeep\n|turn|19\n|\n|t:|1698584958\n|move|p2a: Garganacl|Salt Cure|p1a: Kyogre\n|-damage|p1a: Kyogre|0 fnt\n|faint|p1a: Kyogre\n|\n|-weather|RainDance|[upkeep]\n|-heal|p2a: Garganacl|22\/100|[from] item: Leftovers\n|upkeep\n|\n|t:|1698584965\n|switch|p1a: Manaphy|Manaphy|100\/100\n|turn|20\n|\n|t:|1698584971\n|move|p2a: Garganacl|Salt Cure|p1a: Manaphy\n|-damage|p1a: Manaphy|66\/100\n|-start|p1a: Manaphy|Salt Cure\n|move|p1a: Manaphy|Energy Ball|p2a: Garganacl\n|-supereffective|p2a: Garganacl\n|-damage|p2a: Garganacl|0 fnt\n|faint|p2a: Garganacl\n|\n|-weather|RainDance|[upkeep]\n|-damage|p1a: Manaphy|41\/100|[from] Salt Cure\n|-fieldend|move: Trick Room\n|upkeep\n|\n|t:|1698584981\n|switch|p2a: Zamazenta|Zamazenta-Crowned|100\/100\n|-ability|p2a: Zamazenta|Dauntless Shield|boost\n|-boost|p2a: Zamazenta|def|1\n|turn|21\n|\n|t:|1698584988\n|move|p2a: Zamazenta|Iron Defense|p2a: Zamazenta\n|-boost|p2a: Zamazenta|def|2\n|move|p1a: Manaphy|Hydro Pump|p2a: Zamazenta|[miss]\n|-miss|p1a: Manaphy|p2a: Zamazenta\n|\n|-weather|none\n|-damage|p1a: Manaphy|16\/100|[from] Salt Cure\n|upkeep\n|turn|22\n|\n|t:|1698584995\n|switch|p1a: Indeedee|Indeedee, M|72\/100\n|move|p2a: Zamazenta|Iron Defense|p2a: Zamazenta\n|-boost|p2a: Zamazenta|def|2\n|\n|-heal|p1a: Indeedee|78\/100|[from] item: Leftovers\n|upkeep\n|turn|23\n|\n|t:|1698585003\n|move|p2a: Zamazenta|Iron Defense|p2a: Zamazenta\n|-boost|p2a: Zamazenta|def|1\n|move|p1a: Indeedee|Trick Room|p1a: Indeedee\n|-fieldstart|move: Trick Room|[of] p1a: Indeedee\n|\n|-heal|p1a: Indeedee|84\/100|[from] item: Leftovers\n|upkeep\n|turn|24\n|\n|t:|1698585018\n|switch|p1a: Calyrex|Calyrex-Ice|26\/100\n|-ability|p1a: Calyrex|As One\n|-ability|p1a: Calyrex|Unnerve\n|move|p2a: Zamazenta|Crunch|p1a: Calyrex\n|-supereffective|p1a: Calyrex\n|-damage|p1a: Calyrex|0 fnt\n|faint|p1a: Calyrex\n|\n|upkeep\n|c|\u2606JimRexVN|ng chs h\u1ec7 def+))\n|\n|t:|1698585031\n|switch|p1a: Oranguru|Oranguru, M|71\/100\n|turn|25\n|inactive|Battle timer is ON: inactive players will automatically lose when time's up. (requested by lam3011)\n|\n|t:|1698585039\n|move|p1a: Oranguru|Instruct|p2a: Zamazenta\n|-singleturn|p2a: Zamazenta|move: Instruct|[of] p1a: Oranguru\n|move|p2a: Zamazenta|Crunch|p1a: Oranguru\n|-supereffective|p1a: Oranguru\n|-damage|p1a: Oranguru|32\/100\n|-unboost|p1a: Oranguru|def|1\n|move|p2a: Zamazenta|Crunch|p1a: Oranguru\n|-supereffective|p1a: Oranguru\n|-damage|p1a: Oranguru|0 fnt\n|faint|p1a: Oranguru\n|\n|upkeep\n|\n|t:|1698585044\n|switch|p1a: Indeedee|Indeedee, M|84\/100\n|turn|26\n|\n|t:|1698585050\n|move|p1a: Indeedee|Drain Punch|p2a: Zamazenta\n|-supereffective|p2a: Zamazenta\n|-damage|p2a: Zamazenta|97\/100\n|-heal|p1a: Indeedee|86\/100|[from] drain|[of] p2a: Zamazenta\n|move|p2a: Zamazenta|Crunch|p1a: Indeedee\n|-supereffective|p1a: Indeedee\n|-damage|p1a: Indeedee|22\/100\n|\n|-heal|p1a: Indeedee|28\/100|[from] item: Leftovers\n|upkeep\n|turn|27\n|-message|lam3011 forfeited.\n|\n|win|JimRexVN\n|raw|lam3011's rating: 1000 &rarr; <strong>1000<\/strong><br \/>(+0 for losing)\n|raw|JimRexVN's rating: 1011 &rarr; <strong>1048<\/strong><br \/>(+37 for winning)\n|l|\u2606lam3011\n|c|\u2606JimRexVN|\u01a1 k\u00e8\n","uploadtime":1698585088,"views":20,"p1id":"lam3011","p2id":"jimrexvn","formatid":"gen9ubers","rating":1000,"private":0,"password":""}