{"id":"gen9ubers-1976088115","p1":"vkhss","p2":"naditza","format":"[Gen 9] Ubers","log":"|j|\u2606vkhss\n|j|\u2606naditza\n|inactive|Battle timer is ON: inactive players will automatically lose when time's up.\n|t:|1698262643\n|gametype|singles\n|player|p1|vkhss|266|\n|player|p2|naditza|gambler|\n|teamsize|p1|6\n|teamsize|p2|6\n|gen|9\n|tier|[Gen 9] Ubers\n|rated|Tournament battle\n|rule|Sleep Clause Mod: Limit one foe put to sleep\n|rule|Species Clause: Limit one of each Pok\u00e9mon\n|rule|OHKO Clause: OHKO moves are banned\n|rule|Evasion Items Clause: Evasion items are banned\n|rule|Evasion Moves Clause: Evasion moves are banned\n|rule|Endless Battle Clause: Forcing endless battles is banned\n|rule|HP Percentage Mod: HP is shown in percentages\n|clearpoke\n|poke|p1|Glimmora, M|\n|poke|p1|Rayquaza|\n|poke|p1|Miraidon|\n|poke|p1|Arceus|\n|poke|p1|Calyrex-Ice|\n|poke|p1|Koraidon|\n|poke|p2|Miraidon|\n|poke|p2|Iron Bundle|\n|poke|p2|Arceus-Grass|\n|poke|p2|Skeledirge, F|\n|poke|p2|Zacian-*|\n|poke|p2|Ting-Lu|\n|teampreview\n|j|*Lady Monita \u263d\n|c|\u2606naditza|glhf\n|\n|t:|1698262667\n|start\n|switch|p1a: Glimmora|Glimmora, M|100\/100\n|switch|p2a: Mirai Deez nuts|Miraidon|100\/100\n|-fieldstart|move: Electric Terrain|[from] ability: Hadron Engine|[of] p2a: Mirai Deez nuts\n|turn|1\n|\n|t:|1698262675\n|move|p2a: Mirai Deez nuts|Taunt|p1a: Glimmora\n|-start|p1a: Glimmora|move: Taunt\n|move|p1a: Glimmora|Mud Shot|p2a: Mirai Deez nuts\n|-supereffective|p2a: Mirai Deez nuts\n|-damage|p2a: Mirai Deez nuts|69\/100\n|-unboost|p2a: Mirai Deez nuts|spe|1\n|\n|upkeep\n|turn|2\n|c|\u2606vkhss|U\n|c|\u2606vkhss|2\n|\n|t:|1698262684\n|switch|p2a: Ice on his wrist|Iron Bundle|100\/100\n|-activate|p2a: Ice on his wrist|ability: Quark Drive\n|-start|p2a: Ice on his wrist|quarkdrivespe\n|move|p1a: Glimmora|Mud Shot|p2a: Ice on his wrist\n|-damage|p2a: Ice on his wrist|63\/100\n|-unboost|p2a: Ice on his wrist|spe|1\n|\n|upkeep\n|turn|3\n|\n|t:|1698262692\n|move|p2a: Ice on his wrist|Hydro Pump|p1a: Glimmora\n|-supereffective|p1a: Glimmora\n|-enditem|p1a: Glimmora|Focus Sash\n|-damage|p1a: Glimmora|1\/100\n|move|p1a: Glimmora|Mud Shot|p2a: Ice on his wrist\n|-damage|p2a: Ice on his wrist|22\/100\n|-unboost|p2a: Ice on his wrist|spe|1\n|\n|-end|p1a: Glimmora|move: Taunt\n|upkeep\n|turn|4\n|\n|t:|1698262705\n|move|p2a: Ice on his wrist|Ice Beam|p1a: Glimmora\n|-damage|p1a: Glimmora|0 fnt\n|faint|p1a: Glimmora\n|\n|upkeep\n|\n|t:|1698262727\n|switch|p1a: Koraidon|Koraidon|100\/100\n|-weather|SunnyDay|[from] ability: Orichalcum Pulse|[of] p1a: Koraidon\n|-activate|p1a: Koraidon|Orichalcum Pulse|[source]\n|turn|5\n|\n|t:|1698262733\n|move|p1a: Koraidon|Scale Shot|p2a: Ice on his wrist\n|-damage|p2a: Ice on his wrist|1\/100\n|-damage|p2a: Ice on his wrist|0 fnt\n|faint|p2a: Ice on his wrist\n|-end|p2a: Ice on his wrist|Quark Drive|[silent]\n|-hitcount|p2: Ice on his wrist|2\n|-unboost|p1a: Koraidon|def|1\n|-boost|p1a: Koraidon|spe|1\n|\n|-weather|SunnyDay|[upkeep]\n|-fieldend|move: Electric Terrain\n|upkeep\n|\n|t:|1698262741\n|switch|p2a: Skeledirge|Skeledirge, F|100\/100\n|turn|6\n|inactive|vkhss has 120 seconds left.\n|\n|t:|1698262774\n|move|p1a: Koraidon|Scale Shot|p2a: Skeledirge\n|-damage|p2a: Skeledirge|90\/100\n|-damage|p2a: Skeledirge|78\/100\n|-damage|p2a: Skeledirge|68\/100\n|-damage|p2a: Skeledirge|57\/100\n|-damage|p2a: Skeledirge|46\/100\n|-hitcount|p2a: Skeledirge|5\n|-unboost|p1a: Koraidon|def|1\n|-boost|p1a: Koraidon|spe|1\n|move|p2a: Skeledirge|Will-O-Wisp|p1a: Koraidon\n|-status|p1a: Koraidon|brn\n|\n|-weather|SunnyDay|[upkeep]\n|-damage|p1a: Koraidon|94\/100 brn|[from] brn\n|upkeep\n|turn|7\n|\n|t:|1698262783\n|switch|p1a: Calyrex|Calyrex-Ice|100\/100\n|-ability|p1a: Calyrex|As One\n|-ability|p1a: Calyrex|Unnerve\n|move|p2a: Skeledirge|Slack Off|p2a: Skeledirge\n|-heal|p2a: Skeledirge|96\/100\n|\n|-weather|SunnyDay|[upkeep]\n|upkeep\n|turn|8\n|\n|t:|1698262799\n|-terastallize|p1a: Calyrex|Fire\n|move|p2a: Skeledirge|Will-O-Wisp|p1a: Calyrex\n|-immune|p1a: Calyrex\n|move|p1a: Calyrex|Swords Dance|p1a: Calyrex\n|-boost|p1a: Calyrex|atk|2\n|\n|-weather|SunnyDay|[upkeep]\n|upkeep\n|turn|9\n|\n|t:|1698262820\n|switch|p2a: Ting-Lu|Ting-Lu|100\/100\n|-ability|p2a: Ting-Lu|Vessel of Ruin\n|move|p1a: Calyrex|High Horsepower|p2a: Ting-Lu\n|-damage|p2a: Ting-Lu|57\/100\n|\n|-weather|none\n|-heal|p2a: Ting-Lu|63\/100|[from] item: Leftovers\n|upkeep\n|turn|10\n|\n|t:|1698262829\n|move|p1a: Calyrex|Glacial Lance|p2a: Ting-Lu\n|-supereffective|p2a: Ting-Lu\n|-damage|p2a: Ting-Lu|0 fnt\n|faint|p2a: Ting-Lu\n|-ability|p1a: Calyrex|Chilling Neigh|boost\n|-boost|p1a: Calyrex|atk|1\n|\n|upkeep\n|\n|t:|1698262834\n|switch|p2a: Zacian|Zacian-Crowned|100\/100\n|-ability|p2a: Zacian|Intrepid Sword|boost\n|-boost|p2a: Zacian|atk|1\n|turn|11\n|\n|t:|1698262840\n|-terastallize|p2a: Zacian|Fire\n|move|p2a: Zacian|Swords Dance|p2a: Zacian\n|-boost|p2a: Zacian|atk|2\n|move|p1a: Calyrex|Trick Room|p1a: Calyrex\n|-fieldstart|move: Trick Room|[of] p1a: Calyrex\n|\n|upkeep\n|turn|12\n|\n|t:|1698262847\n|move|p1a: Calyrex|High Horsepower|p2a: Zacian\n|-supereffective|p2a: Zacian\n|-damage|p2a: Zacian|0 fnt\n|faint|p2a: Zacian\n|-ability|p1a: Calyrex|Chilling Neigh|boost\n|-boost|p1a: Calyrex|atk|1\n|\n|upkeep\n|\n|t:|1698262853\n|switch|p2a: 420|Arceus-Grass|100\/100\n|turn|13\n|\n|t:|1698262857\n|move|p1a: Calyrex|Glacial Lance|p2a: 420\n|-supereffective|p2a: 420\n|-damage|p2a: 420|0 fnt\n|faint|p2a: 420\n|-ability|p1a: Calyrex|Chilling Neigh|boost\n|-boost|p1a: Calyrex|atk|1\n|\n|upkeep\n|c|\u2606naditza|gg\n|c|\u2606vkhss|gg\n|-message|naditza forfeited.\n|\n|win|vkhss\n|n|\u2606vkhss|vkhss\n|n|\u2606naditza|naditza\n|n|*Lady Monita \u263d|ladymonita\n|l|*Lady Monita \u263d\n|l|\u2606naditza\n","uploadtime":1698262868,"views":14,"p1id":"vkhss","p2id":"naditza","formatid":"gen9ubers","rating":0,"private":0,"password":""}