{"id":"gen9ubers-1978735940","p1":"HinaKagiyama1","p2":"Vholtninja","format":"[Gen 9] Ubers","log":"|j|\u2606HinaKagiyama1\n|j|\u2606Vholtninja\n|t:|1698588838\n|gametype|singles\n|player|p1|HinaKagiyama1|169|\n|player|p2|Vholtninja|serena-masters2|\n|teamsize|p1|6\n|teamsize|p2|6\n|gen|9\n|tier|[Gen 9] Ubers\n|rule|Sleep Clause Mod: Limit one foe put to sleep\n|rule|Species Clause: Limit one of each Pok\u00e9mon\n|rule|OHKO Clause: OHKO moves are banned\n|rule|Evasion Items Clause: Evasion items are banned\n|rule|Evasion Moves Clause: Evasion moves are banned\n|rule|Endless Battle Clause: Forcing endless battles is banned\n|rule|HP Percentage Mod: HP is shown in percentages\n|clearpoke\n|poke|p1|Magearna|\n|poke|p1|Ursaluna-Bloodmoon, M|\n|poke|p1|Garchomp, F|\n|poke|p1|Palkia-Origin|\n|poke|p1|Zacian-*|\n|poke|p1|Chi-Yu|\n|poke|p2|Palafin, M|\n|poke|p2|Arceus-Poison|\n|poke|p2|Dialga|\n|poke|p2|Zacian-*|\n|poke|p2|Giratina|\n|poke|p2|Magearna-Original|\n|teampreview\n|c|\u2606Vholtninja|glhf\n|c|\u2606HinaKagiyama1|You too\n|\n|t:|1698588872\n|start\n|switch|p1a: Magearna|Magearna|100\/100\n|switch|p2a: Palafin|Palafin, M, shiny|100\/100\n|turn|1\n|inactive|Battle timer is ON: inactive players will automatically lose when time's up. (requested by Vholtninja)\n|inactive|HinaKagiyama1 has 270 seconds left.\n|\n|t:|1698588914\n|move|p2a: Palafin|Flip Turn|p1a: Magearna\n|-damage|p1a: Magearna|75\/100\n|\n|t:|1698588929\n|detailschange|p2a: Palafin|Palafin-Hero, M, shiny\n|switch|p2a: Dialga|Dialga, shiny|100\/100|[from] Flip Turn\n|-ability|p2a: Dialga|Pressure\n|move|p1a: Magearna|Volt Switch|p2a: Dialga\n|-resisted|p2a: Dialga\n|-damage|p2a: Dialga|89\/100\n|inactive|HinaKagiyama1 has 270 seconds left.\n|inactive|HinaKagiyama1 has 240 seconds left.\n|\n|t:|1698588997\n|switch|p1a: Garchomp|Garchomp, F|100\/100|[from] Volt Switch\n|\n|-heal|p2a: Dialga|95\/100|[from] item: Leftovers\n|upkeep\n|turn|2\n|inactive|HinaKagiyama1 has 240 seconds left.\n|inactive|Vholtninja has 270 seconds left.\n|\n|t:|1698589033\n|move|p1a: Garchomp|Earthquake|p2a: Dialga\n|-supereffective|p2a: Dialga\n|-damage|p2a: Dialga|37\/100\n|move|p2a: Dialga|Draco Meteor|p1a: Garchomp\n|-supereffective|p1a: Garchomp\n|-damage|p1a: Garchomp|0 fnt\n|-unboost|p2a: Dialga|spa|2\n|faint|p1a: Garchomp\n|\n|-heal|p2a: Dialga|43\/100|[from] item: Leftovers\n|upkeep\n|inactive|HinaKagiyama1 has 240 seconds left.\n|\n|t:|1698589057\n|switch|p1a: Zacian|Zacian, shiny|100\/100\n|-ability|p1a: Zacian|Intrepid Sword|boost\n|-boost|p1a: Zacian|atk|1\n|turn|3\n|inactive|Vholtninja has 270 seconds left.\n|inactive|Vholtninja has 240 seconds left.\n|\n|t:|1698589106\n|switch|p2a: Magearna|Magearna-Original|100\/100\n|move|p1a: Zacian|Play Rough|p2a: Magearna\n|-resisted|p2a: Magearna\n|-damage|p2a: Magearna|74\/100\n|\n|-heal|p2a: Magearna|80\/100|[from] item: Leftovers\n|upkeep\n|turn|4\n|inactive|Vholtninja has 240 seconds left.\n|\n|t:|1698589114\n|switch|p1a: Magearna|Magearna|75\/100\n|move|p2a: Magearna|Spikes|p1a: Magearna\n|-sidestart|p1: HinaKagiyama1|Spikes\n|\n|-heal|p2a: Magearna|86\/100|[from] item: Leftovers\n|-heal|p1a: Magearna|81\/100|[from] item: Leftovers\n|upkeep\n|turn|5\n|\n|t:|1698589122\n|move|p2a: Magearna|Volt Switch|p1a: Magearna\n|-crit|p1a: Magearna\n|-damage|p1a: Magearna|58\/100\n|\n|t:|1698589129\n|switch|p2a: Dialga|Dialga, shiny|43\/100|[from] Volt Switch\n|-ability|p2a: Dialga|Pressure\n|move|p1a: Magearna|Trick Room|p1a: Magearna\n|-fieldstart|move: Trick Room|[of] p1a: Magearna\n|\n|-heal|p1a: Magearna|64\/100|[from] item: Leftovers\n|-heal|p2a: Dialga|50\/100|[from] item: Leftovers\n|upkeep\n|turn|6\n|\n|t:|1698589137\n|move|p1a: Magearna|Volt Switch|p2a: Dialga\n|-resisted|p2a: Dialga\n|-damage|p2a: Dialga|38\/100\n|\n|t:|1698589139\n|switch|p1a: Ursaluna|Ursaluna-Bloodmoon, M|100\/100|[from] Volt Switch\n|-damage|p1a: Ursaluna|88\/100|[from] Spikes\n|move|p2a: Dialga|Stealth Rock|p1a: Ursaluna\n|-sidestart|p1: HinaKagiyama1|move: Stealth Rock\n|\n|-heal|p1a: Ursaluna|94\/100|[from] item: Leftovers\n|-heal|p2a: Dialga|44\/100|[from] item: Leftovers\n|upkeep\n|turn|7\n|\n|t:|1698589155\n|move|p1a: Ursaluna|Calm Mind|p1a: Ursaluna\n|-boost|p1a: Ursaluna|spa|1\n|-boost|p1a: Ursaluna|spd|1\n|move|p2a: Dialga|Roar|p1a: Ursaluna\n|drag|p1a: Palkia|Palkia-Origin, shiny|100\/100\n|-damage|p1a: Palkia|88\/100|[from] Spikes\n|-damage|p1a: Palkia|76\/100|[from] Stealth Rock\n|-ability|p1a: Palkia|Pressure\n|\n|-heal|p2a: Dialga|50\/100|[from] item: Leftovers\n|upkeep\n|turn|8\n|inactive|HinaKagiyama1 has 270 seconds left.\n|\n|t:|1698589194\n|switch|p2a: Magearna|Magearna-Original|86\/100\n|move|p1a: Palkia|Spacial Rend|p2a: Magearna\n|-immune|p2a: Magearna\n|\n|-heal|p2a: Magearna|92\/100|[from] item: Leftovers\n|upkeep\n|turn|9\n|\n|t:|1698589211\n|switch|p1a: Magearna|Magearna|64\/100\n|-damage|p1a: Magearna|51\/100|[from] Spikes\n|-damage|p1a: Magearna|45\/100|[from] Stealth Rock\n|move|p2a: Magearna|Volt Switch|p1a: Magearna\n|-damage|p1a: Magearna|29\/100\n|\n|t:|1698589219\n|switch|p2a: Palafin|Palafin-Hero, M, shiny|100\/100|[from] Volt Switch\n|-activate|p2a: Palafin|ability: Zero to Hero\n|\n|-heal|p1a: Magearna|35\/100|[from] item: Leftovers\n|-fieldend|move: Trick Room\n|upkeep\n|turn|10\n|\n|t:|1698589241\n|move|p2a: Palafin|Close Combat|p1a: Magearna\n|-damage|p1a: Magearna|0 fnt\n|-unboost|p2a: Palafin|def|1\n|-unboost|p2a: Palafin|spd|1\n|faint|p1a: Magearna\n|\n|upkeep\n|\n|t:|1698589247\n|switch|p1a: Chi-Yu|Chi-Yu|100\/100\n|-damage|p1a: Chi-Yu|88\/100|[from] Spikes\n|-damage|p1a: Chi-Yu|63\/100|[from] Stealth Rock\n|-ability|p1a: Chi-Yu|Beads of Ruin\n|turn|11\n|\n|t:|1698589262\n|switch|p2a: Dialga|Dialga, shiny|50\/100\n|-ability|p2a: Dialga|Pressure\n|move|p1a: Chi-Yu|Psychic|p2a: Dialga\n|-resisted|p2a: Dialga\n|-damage|p2a: Dialga|29\/100\n|\n|-heal|p2a: Dialga|36\/100|[from] item: Leftovers\n|upkeep\n|turn|12\n|\n|t:|1698589274\n|switch|p1a: Palkia|Palkia-Origin, shiny|76\/100\n|-damage|p1a: Palkia|63\/100|[from] Spikes\n|-damage|p1a: Palkia|51\/100|[from] Stealth Rock\n|-ability|p1a: Palkia|Pressure\n|move|p2a: Dialga|Roar|p1a: Palkia\n|drag|p1a: Ursaluna|Ursaluna-Bloodmoon, M|94\/100\n|-damage|p1a: Ursaluna|82\/100|[from] Spikes\n|-damage|p1a: Ursaluna|76\/100|[from] Stealth Rock\n|\n|-heal|p2a: Dialga|42\/100|[from] item: Leftovers\n|-heal|p1a: Ursaluna|82\/100|[from] item: Leftovers\n|upkeep\n|turn|13\n|\n|t:|1698589285\n|move|p1a: Ursaluna|Earth Power|p2a: Dialga\n|-supereffective|p2a: Dialga\n|-damage|p2a: Dialga|0 fnt\n|faint|p2a: Dialga\n|\n|-heal|p1a: Ursaluna|88\/100|[from] item: Leftovers\n|upkeep\n|inactive|Vholtninja has 240 seconds left.\n|\n|t:|1698589311\n|switch|p2a: Zacian|Zacian, shiny|100\/100\n|-ability|p2a: Zacian|Intrepid Sword|boost\n|-boost|p2a: Zacian|atk|1\n|turn|14\n|inactive|HinaKagiyama1 has 270 seconds left.\n|inactive|Vholtninja has 240 seconds left.\n|\n|t:|1698589325\n|-terastallize|p1a: Ursaluna|Poison\n|move|p2a: Zacian|Psychic Fangs|p1a: Ursaluna\n|-supereffective|p1a: Ursaluna\n|-damage|p1a: Ursaluna|26\/100\n|-damage|p2a: Zacian|91\/100|[from] item: Life Orb\n|move|p1a: Ursaluna|Calm Mind|p1a: Ursaluna\n|-boost|p1a: Ursaluna|spa|1\n|-boost|p1a: Ursaluna|spd|1\n|\n|-heal|p1a: Ursaluna|32\/100|[from] item: Leftovers\n|upkeep\n|turn|15\n|inactive|HinaKagiyama1 has 270 seconds left.\n|inactive|Vholtninja has 240 seconds left.\n|\n|t:|1698589340\n|switch|p1a: Chi-Yu|Chi-Yu|63\/100\n|-damage|p1a: Chi-Yu|51\/100|[from] Spikes\n|-damage|p1a: Chi-Yu|26\/100|[from] Stealth Rock\n|-ability|p1a: Chi-Yu|Beads of Ruin\n|move|p2a: Zacian|Psychic Fangs|p1a: Chi-Yu\n|-immune|p1a: Chi-Yu\n|\n|upkeep\n|turn|16\n|inactive|HinaKagiyama1 has 270 seconds left.\n|inactive|Vholtninja has 240 seconds left.\n|\n|t:|1698589354\n|switch|p2a: Giratina|Giratina|100\/100\n|-ability|p2a: Giratina|Pressure\n|move|p1a: Chi-Yu|Memento|p2a: Giratina\n|-unboost|p2a: Giratina|atk|2\n|-unboost|p2a: Giratina|spa|2\n|faint|p1a: Chi-Yu\n|\n|upkeep\n|\n|t:|1698589358\n|switch|p1a: Ursaluna|Ursaluna-Bloodmoon, M, tera:Poison|32\/100\n|-damage|p1a: Ursaluna|19\/100|[from] Spikes\n|-damage|p1a: Ursaluna|7\/100|[from] Stealth Rock\n|turn|17\n|\n|t:|1698589372\n|move|p2a: Giratina|Hex|p1a: Ursaluna\n|-damage|p1a: Ursaluna|0 fnt\n|faint|p1a: Ursaluna\n|\n|upkeep\n|\n|t:|1698589375\n|switch|p1a: Zacian|Zacian, shiny|100\/100\n|-damage|p1a: Zacian|88\/100|[from] Spikes\n|-damage|p1a: Zacian|76\/100|[from] Stealth Rock\n|turn|18\n|\n|t:|1698589383\n|move|p1a: Zacian|Swords Dance|p1a: Zacian\n|-boost|p1a: Zacian|atk|2\n|move|p2a: Giratina|Roar|p1a: Zacian\n|drag|p1a: Palkia|Palkia-Origin, shiny|51\/100\n|-damage|p1a: Palkia|38\/100|[from] Spikes\n|-damage|p1a: Palkia|26\/100|[from] Stealth Rock\n|-ability|p1a: Palkia|Pressure\n|\n|upkeep\n|turn|19\n|\n|t:|1698589393\n|move|p1a: Palkia|Spacial Rend|p2a: Giratina\n|-supereffective|p2a: Giratina\n|-damage|p2a: Giratina|39\/100\n|move|p2a: Giratina|Roar|p1a: Palkia\n|drag|p1a: Zacian|Zacian, shiny|76\/100\n|-damage|p1a: Zacian|64\/100|[from] Spikes\n|-damage|p1a: Zacian|51\/100|[from] Stealth Rock\n|\n|upkeep\n|turn|20\n|c|\u2606HinaKagiyama1|That roar probably lost me the game\n|\n|t:|1698589399\n|move|p1a: Zacian|Play Rough|p2a: Giratina\n|-supereffective|p2a: Giratina\n|-damage|p2a: Giratina|0 fnt\n|faint|p2a: Giratina\n|\n|upkeep\n|inactive|Vholtninja has 270 seconds left.\n|c|\u2606Vholtninja|eh if you koed me I wouldve had offensive momentum anyway\n|inactive|Vholtninja has 240 seconds left.\n|c|\u2606Vholtninja|so I was ready for either\n|\n|t:|1698589443\n|switch|p2a: Magearna|Magearna-Original|92\/100\n|turn|21\n|\n|t:|1698589451\n|move|p1a: Zacian|Sacred Sword|p2a: Magearna\n|-damage|p2a: Magearna|69\/100\n|move|p2a: Magearna|Volt Switch|p1a: Zacian\n|-damage|p1a: Zacian|31\/100\n|\n|t:|1698589457\n|switch|p2a: Palafin|Palafin-Hero, M, shiny|100\/100|[from] Volt Switch\n|\n|upkeep\n|turn|22\n|\n|t:|1698589462\n|move|p2a: Palafin|Jet Punch|p1a: Zacian\n|-damage|p1a: Zacian|0 fnt\n|faint|p1a: Zacian\n|\n|upkeep\n|\n|t:|1698589465\n|switch|p1a: Palkia|Palkia-Origin, shiny|26\/100\n|-damage|p1a: Palkia|14\/100|[from] Spikes\n|-damage|p1a: Palkia|1\/100|[from] Stealth Rock\n|-ability|p1a: Palkia|Pressure\n|turn|23\n|c|\u2606HinaKagiyama1|Welp\n|c|\u2606HinaKagiyama1|gg\n|c|\u2606Vholtninja|gg\n|\n|t:|1698589472\n|move|p2a: Palafin|Jet Punch|p1a: Palkia\n|-resisted|p1a: Palkia\n|-damage|p1a: Palkia|0 fnt\n|faint|p1a: Palkia\n|\n|win|Vholtninja\n","uploadtime":1698589476,"views":23,"p1id":"hinakagiyama1","p2id":"vholtninja","formatid":"gen9ubers","rating":0,"private":0,"password":""}