{"id":"gen9ubers-1995558376","p1":"Rubyboi711","p2":"PoliticalMan","format":"[Gen 9] Ubers","log":"|j|\u2606Rubyboi711\n|j|\u2606PoliticalMan\n|t:|1700582755\n|gametype|singles\n|player|p1|Rubyboi711|volkner|1232\n|player|p2|PoliticalMan|carmine-festival|1140\n|teamsize|p1|6\n|teamsize|p2|6\n|gen|9\n|tier|[Gen 9] Ubers\n|rated|\n|rule|Sleep Clause Mod: Limit one foe put to sleep\n|rule|Species Clause: Limit one of each Pok\u00e9mon\n|rule|OHKO Clause: OHKO moves are banned\n|rule|Evasion Items Clause: Evasion items are banned\n|rule|Evasion Moves Clause: Evasion moves are banned\n|rule|Endless Battle Clause: Forcing endless battles is banned\n|rule|HP Percentage Mod: HP is shown in percentages\n|clearpoke\n|poke|p1|Mewtwo|\n|poke|p1|Avalugg-Hisui, M|\n|poke|p1|Gliscor, M|\n|poke|p1|Koraidon|\n|poke|p1|Miraidon|\n|poke|p1|Arceus-Water|\n|poke|p2|Chi-Yu|\n|poke|p2|Flutter Mane|\n|poke|p2|Gliscor, M|\n|poke|p2|Iron Bundle|\n|poke|p2|Ursaluna-Bloodmoon, M|\n|poke|p2|Regieleki|\n|teampreview\n|inactive|Battle timer is ON: inactive players will automatically lose when time's up. (requested by PoliticalMan)\n|\n|t:|1700582763\n|start\n|switch|p1a: Gliscor|Gliscor, M|100\/100\n|switch|p2a: Gliscor|Gliscor, M|100\/100\n|turn|1\n|\n|t:|1700582767\n|move|p2a: Gliscor|Protect|p2a: Gliscor\n|-singleturn|p2a: Gliscor|Protect\n|move|p1a: Gliscor|Swords Dance|p1a: Gliscor\n|-boost|p1a: Gliscor|atk|2\n|\n|-status|p1a: Gliscor|tox|[from] item: Toxic Orb\n|-status|p2a: Gliscor|tox|[from] item: Toxic Orb\n|upkeep\n|turn|2\n|\n|t:|1700582771\n|move|p1a: Gliscor|Swords Dance|p1a: Gliscor\n|-boost|p1a: Gliscor|atk|2\n|move|p2a: Gliscor|Spikes|p1a: Gliscor\n|-sidestart|p1: Rubyboi711|Spikes\n|\n|upkeep\n|turn|3\n|\n|t:|1700582774\n|move|p1a: Gliscor|Swords Dance|p1a: Gliscor\n|-boost|p1a: Gliscor|atk|2\n|move|p2a: Gliscor|Spikes|p1a: Gliscor\n|-sidestart|p1: Rubyboi711|Spikes\n|\n|upkeep\n|turn|4\n|\n|t:|1700582778\n|move|p1a: Gliscor|Crabhammer|p2a: Gliscor|[miss]\n|-miss|p1a: Gliscor|p2a: Gliscor\n|move|p2a: Gliscor|Spikes|p1a: Gliscor\n|-sidestart|p1: Rubyboi711|Spikes\n|\n|upkeep\n|turn|5\n|\n|t:|1700582782\n|move|p2a: Gliscor|Protect|p2a: Gliscor\n|-singleturn|p2a: Gliscor|Protect\n|move|p1a: Gliscor|Crabhammer|p2a: Gliscor\n|-activate|p2a: Gliscor|move: Protect\n|\n|upkeep\n|turn|6\n|\n|t:|1700582788\n|move|p1a: Gliscor|Crabhammer|p2a: Gliscor\n|-supereffective|p2a: Gliscor\n|-damage|p2a: Gliscor|0 fnt\n|faint|p2a: Gliscor\n|\n|upkeep\n|\n|t:|1700582790\n|switch|p2a: Iron Bundle|Iron Bundle|100\/100\n|turn|7\n|\n|t:|1700582795\n|-terastallize|p1a: Gliscor|Fairy\n|move|p2a: Iron Bundle|Ice Beam|p1a: Gliscor\n|-damage|p1a: Gliscor|28\/100 tox\n|move|p1a: Gliscor|Earthquake|p2a: Iron Bundle\n|-damage|p2a: Iron Bundle|0 fnt\n|faint|p2a: Iron Bundle\n|-end|p2a: Iron Bundle|Quark Drive|[silent]\n|\n|-heal|p1a: Gliscor|41\/100 tox|[from] ability: Poison Heal\n|upkeep\n|\n|t:|1700582804\n|switch|p2a: Flutter Mane|Flutter Mane|100\/100\n|-enditem|p2a: Flutter Mane|Booster Energy\n|-activate|p2a: Flutter Mane|ability: Protosynthesis|[fromitem]\n|-start|p2a: Flutter Mane|protosynthesisspe\n|turn|8\n|\n|t:|1700582816\n|move|p2a: Flutter Mane|Moonblast|p1a: Gliscor\n|-damage|p1a: Gliscor|0 fnt\n|faint|p1a: Gliscor\n|\n|upkeep\n|\n|t:|1700582823\n|switch|p1a: Avalugg|Avalugg-Hisui, M|100\/100\n|-damage|p1a: Avalugg|76\/100|[from] Spikes\n|turn|9\n|\n|t:|1700582827\n|-terastallize|p2a: Flutter Mane|Fairy\n|move|p2a: Flutter Mane|Moonblast|p1a: Avalugg\n|-damage|p1a: Avalugg|0 fnt\n|faint|p1a: Avalugg\n|\n|upkeep\n|\n|t:|1700582834\n|switch|p1a: Mewtwo|Mewtwo|100\/100\n|-damage|p1a: Mewtwo|76\/100|[from] Spikes\n|-ability|p1a: Mewtwo|Pressure\n|turn|10\n|\n|t:|1700582844\n|move|p2a: Flutter Mane|Shadow Ball|p1a: Mewtwo\n|-supereffective|p1a: Mewtwo\n|-damage|p1a: Mewtwo|0 fnt\n|faint|p1a: Mewtwo\n|\n|upkeep\n|\n|t:|1700582849\n|switch|p1a: Arceus|Arceus-Water|100\/100\n|-damage|p1a: Arceus|76\/100|[from] Spikes\n|turn|11\n|\n|t:|1700582851\n|move|p2a: Flutter Mane|Thunderbolt|p1a: Arceus\n|-supereffective|p1a: Arceus\n|-damage|p1a: Arceus|25\/100\n|move|p1a: Arceus|Waterfall|p2a: Flutter Mane\n|-damage|p2a: Flutter Mane|0 fnt\n|faint|p2a: Flutter Mane\n|-end|p2a: Flutter Mane|Protosynthesis|[silent]\n|\n|upkeep\n|\n|t:|1700582860\n|switch|p2a: Regieleki|Regieleki|100\/100\n|turn|12\n|\n|t:|1700582883\n|move|p2a: Regieleki|Thunderbolt|p1a: Arceus\n|-supereffective|p1a: Arceus\n|-damage|p1a: Arceus|0 fnt\n|faint|p1a: Arceus\n|\n|upkeep\n|\n|t:|1700582886\n|switch|p1a: Koraidon|Koraidon|100\/100\n|-damage|p1a: Koraidon|76\/100|[from] Spikes\n|-weather|SunnyDay|[from] ability: Orichalcum Pulse|[of] p1a: Koraidon\n|-activate|p1a: Koraidon|Orichalcum Pulse|[source]\n|turn|13\n|\n|t:|1700582894\n|move|p2a: Regieleki|Tera Blast|p1a: Koraidon\n|-damage|p1a: Koraidon|53\/100\n|move|p1a: Koraidon|Scale Shot|p2a: Regieleki|[miss]\n|-miss|p1a: Koraidon|p2a: Regieleki\n|\n|-weather|SunnyDay|[upkeep]\n|upkeep\n|turn|14\n|\n|t:|1700582900\n|move|p2a: Regieleki|Thunderbolt|p1a: Koraidon\n|-resisted|p1a: Koraidon\n|-damage|p1a: Koraidon|26\/100\n|move|p1a: Koraidon|Scale Shot|p2a: Regieleki\n|-damage|p2a: Regieleki|65\/100\n|-damage|p2a: Regieleki|27\/100\n|-hitcount|p2a: Regieleki|2\n|-unboost|p1a: Koraidon|def|1\n|-boost|p1a: Koraidon|spe|1\n|\n|-weather|SunnyDay|[upkeep]\n|upkeep\n|turn|15\n|\n|t:|1700582909\n|move|p1a: Koraidon|Scale Shot|p2a: Regieleki\n|-damage|p2a: Regieleki|0 fnt\n|faint|p2a: Regieleki\n|-hitcount|p2: Regieleki|1\n|-unboost|p1a: Koraidon|def|1\n|-boost|p1a: Koraidon|spe|1\n|\n|-weather|SunnyDay|[upkeep]\n|upkeep\n|\n|t:|1700582912\n|switch|p2a: Ursaluna|Ursaluna-Bloodmoon, M|100\/100\n|turn|16\n|\n|t:|1700582916\n|move|p2a: Ursaluna|Vacuum Wave|p1a: Koraidon\n|-damage|p1a: Koraidon|10\/100\n|move|p1a: Koraidon|Collision Course|p2a: Ursaluna\n|-supereffective|p2a: Ursaluna\n|-damage|p2a: Ursaluna|0 fnt\n|faint|p2a: Ursaluna\n|\n|-weather|SunnyDay|[upkeep]\n|upkeep\n|\n|t:|1700582921\n|switch|p2a: Chi-Yu|Chi-Yu|100\/100\n|-ability|p2a: Chi-Yu|Beads of Ruin\n|turn|17\n|\n|t:|1700582925\n|move|p1a: Koraidon|Collision Course|p2a: Chi-Yu\n|-supereffective|p2a: Chi-Yu\n|-damage|p2a: Chi-Yu|0 fnt\n|faint|p2a: Chi-Yu\n|\n|win|Rubyboi711\n|raw|Rubyboi711's rating: 1232 &rarr; <strong>1251<\/strong><br \/>(+19 for winning)\n|raw|PoliticalMan's rating: 1140 &rarr; <strong>1121<\/strong><br \/>(-19 for losing)\n|l|\u2606PoliticalMan\n","uploadtime":1700582929,"views":0,"p1id":"rubyboi711","p2id":"politicalman","formatid":"gen9ubers","rating":1121,"private":0,"password":""}