{"id":"gen9ubers-1976264083","p1":"babynogalXD","p2":"SeventhGod77","format":"[Gen 9] Ubers","log":"|j|\u2606babynogalXD\n|j|\u2606SeventhGod77\n|t:|1698279986\n|gametype|singles\n|player|p1|babynogalXD|ethan|\n|player|p2|SeventhGod77|bugcatcher-gen4dp|\n|teamsize|p1|6\n|teamsize|p2|6\n|gen|9\n|tier|[Gen 9] Ubers\n|rule|Sleep Clause Mod: Limit one foe put to sleep\n|rule|Species Clause: Limit one of each Pok\u00e9mon\n|rule|OHKO Clause: OHKO moves are banned\n|rule|Evasion Items Clause: Evasion items are banned\n|rule|Evasion Moves Clause: Evasion moves are banned\n|rule|Endless Battle Clause: Forcing endless battles is banned\n|rule|HP Percentage Mod: HP is shown in percentages\n|clearpoke\n|poke|p1|Cutiefly, F|\n|poke|p1|Landorus, M|\n|poke|p1|Spectrier|\n|poke|p1|Hatterene, F|\n|poke|p1|Zacian-*|\n|poke|p1|Shaymin-Sky|\n|poke|p2|Giratina|\n|poke|p2|Dialga-Origin|\n|poke|p2|Haxorus, M|\n|poke|p2|Samurott-Hisui, M|\n|poke|p2|Clefable, F|\n|poke|p2|Cyclizar, M|\n|teampreview\n|\n|t:|1698280004\n|start\n|switch|p1a: Cutiefly|Cutiefly, F|100\/100\n|switch|p2a: Samurott|Samurott-Hisui, M, shiny|100\/100\n|turn|1\n|\n|t:|1698280008\n|move|p1a: Cutiefly|Sticky Web|p2a: Samurott\n|-sidestart|p2: SeventhGod77|move: Sticky Web\n|move|p2a: Samurott|Ceaseless Edge|p1a: Cutiefly\n|-resisted|p1a: Cutiefly\n|-damage|p1a: Cutiefly|30\/100\n|-sidestart|p1: babynogalXD|Spikes\n|\n|upkeep\n|turn|2\n|\n|t:|1698280012\n|move|p1a: Cutiefly|Moonblast|p2a: Samurott\n|-supereffective|p2a: Samurott\n|-damage|p2a: Samurott|52\/100\n|move|p2a: Samurott|Ceaseless Edge|p1a: Cutiefly\n|-resisted|p1a: Cutiefly\n|-damage|p1a: Cutiefly|0 fnt\n|-sidestart|p1: babynogalXD|Spikes\n|faint|p1a: Cutiefly\n|\n|upkeep\n|\n|t:|1698280038\n|switch|p1a: Zacian|Zacian|100\/100\n|-damage|p1a: Zacian|84\/100|[from] Spikes\n|-ability|p1a: Zacian|Intrepid Sword|boost\n|-boost|p1a: Zacian|atk|1\n|turn|3\n|\n|t:|1698280041\n|move|p1a: Zacian|Play Rough|p2a: Samurott\n|-supereffective|p2a: Samurott\n|-damage|p2a: Samurott|0 fnt\n|faint|p2a: Samurott\n|-damage|p1a: Zacian|74\/100|[from] item: Life Orb\n|\n|upkeep\n|j| Angus1\n|l| Angus1\n|\n|t:|1698280062\n|switch|p2a: Clefable|Clefable, F|100\/100\n|turn|4\n|\n|t:|1698280066\n|move|p1a: Zacian|Play Rough|p2a: Clefable\n|-damage|p2a: Clefable|45\/100\n|-damage|p1a: Zacian|64\/100|[from] item: Life Orb\n|move|p2a: Clefable|Thunder Wave|p1a: Zacian\n|-status|p1a: Zacian|par\n|\n|upkeep\n|turn|5\n|\n|t:|1698280074\n|cant|p1a: Zacian|par\n|move|p2a: Clefable|Wish|p2a: Clefable\n|\n|upkeep\n|turn|6\n|\n|t:|1698280078\n|move|p2a: Clefable|Protect|p2a: Clefable\n|-singleturn|p2a: Clefable|Protect\n|move|p1a: Zacian|Substitute|p1a: Zacian\n|-start|p1a: Zacian|Substitute\n|-damage|p1a: Zacian|39\/100 par\n|\n|-heal|p2a: Clefable|95\/100|[from] move: Wish|[wisher] Clefable\n|upkeep\n|turn|7\n|\n|t:|1698280084\n|move|p1a: Zacian|Play Rough|p2a: Clefable\n|-damage|p2a: Clefable|32\/100\n|-damage|p1a: Zacian|29\/100 par|[from] item: Life Orb\n|move|p2a: Clefable|Wish|p2a: Clefable\n|\n|upkeep\n|turn|8\n|\n|t:|1698280093\n|move|p1a: Zacian|Swords Dance|p1a: Zacian\n|-boost|p1a: Zacian|atk|2\n|move|p2a: Clefable|Moonblast|p1a: Zacian\n|-end|p1a: Zacian|Substitute\n|\n|-heal|p2a: Clefable|82\/100|[from] move: Wish|[wisher] Clefable\n|upkeep\n|turn|9\n|\n|t:|1698280105\n|cant|p1a: Zacian|par\n|move|p2a: Clefable|Moonblast|p1a: Zacian\n|-damage|p1a: Zacian|1\/100 par\n|\n|upkeep\n|turn|10\n|\n|t:|1698280111\n|cant|p1a: Zacian|par\n|move|p2a: Clefable|Moonblast|p1a: Zacian\n|-damage|p1a: Zacian|0 fnt\n|faint|p1a: Zacian\n|\n|upkeep\n|\n|t:|1698280121\n|switch|p1a: Shaymin|Shaymin-Sky|100\/100\n|turn|11\n|\n|t:|1698280138\n|move|p1a: Shaymin|Substitute|p1a: Shaymin\n|-start|p1a: Shaymin|Substitute\n|-damage|p1a: Shaymin|76\/100\n|move|p2a: Clefable|Thunder Wave||[still]\n|-fail|p2a: Clefable\n|\n|-heal|p1a: Shaymin|82\/100|[from] item: Leftovers\n|upkeep\n|turn|12\n|\n|t:|1698280142\n|move|p1a: Shaymin|Leech Seed|p2a: Clefable\n|-start|p2a: Clefable|move: Leech Seed\n|move|p2a: Clefable|Moonblast|p1a: Shaymin\n|-end|p1a: Shaymin|Substitute\n|\n|-heal|p1a: Shaymin|88\/100|[from] item: Leftovers\n|-damage|p2a: Clefable|70\/100|[from] Leech Seed|[of] p1a: Shaymin\n|-heal|p1a: Shaymin|100\/100|[silent]\n|upkeep\n|turn|13\n|\n|t:|1698280146\n|switch|p2a: Cyclizar|Cyclizar, M|100\/100\n|move|p1a: Shaymin|Substitute|p1a: Shaymin\n|-start|p1a: Shaymin|Substitute\n|-damage|p1a: Shaymin|76\/100\n|\n|-heal|p1a: Shaymin|82\/100|[from] item: Leftovers\n|upkeep\n|turn|14\n|\n|t:|1698280155\n|move|p1a: Shaymin|Air Slash|p2a: Cyclizar\n|-damage|p2a: Cyclizar|37\/100\n|move|p2a: Cyclizar|Rapid Spin|p1a: Shaymin\n|-end|p1a: Shaymin|Substitute\n|-sideend|p2: SeventhGod77|Sticky Web|[from] move: Rapid Spin|[of] p2a: Cyclizar\n|-boost|p2a: Cyclizar|spe|1\n|\n|-heal|p1a: Shaymin|88\/100|[from] item: Leftovers\n|upkeep\n|turn|15\n|\n|t:|1698280162\n|move|p2a: Cyclizar|Knock Off|p1a: Shaymin\n|-damage|p1a: Shaymin|53\/100\n|-enditem|p1a: Shaymin|Leftovers|[from] move: Knock Off|[of] p2a: Cyclizar\n|move|p1a: Shaymin|Air Slash|p2a: Cyclizar\n|-damage|p2a: Cyclizar|0 fnt\n|faint|p2a: Cyclizar\n|\n|upkeep\n|\n|t:|1698280169\n|switch|p2a: Haxorus|Haxorus, M, shiny|100\/100\n|-ability|p2a: Haxorus|Mold Breaker\n|turn|16\n|\n|t:|1698280175\n|move|p2a: Haxorus|Iron Head|p1a: Shaymin\n|-damage|p1a: Shaymin|12\/100\n|move|p1a: Shaymin|Air Slash|p2a: Haxorus\n|-damage|p2a: Haxorus|45\/100\n|\n|upkeep\n|turn|17\n|\n|t:|1698280184\n|move|p2a: Haxorus|Iron Head|p1a: Shaymin\n|-damage|p1a: Shaymin|0 fnt\n|faint|p1a: Shaymin\n|\n|upkeep\n|\n|t:|1698280198\n|switch|p1a: Hatterene|Hatterene, F|100\/100\n|-damage|p1a: Hatterene|84\/100|[from] Spikes\n|turn|18\n|\n|t:|1698280204\n|-terastallize|p2a: Haxorus|Steel\n|-terastallize|p1a: Hatterene|Water\n|move|p2a: Haxorus|Iron Head|p1a: Hatterene\n|-resisted|p1a: Hatterene\n|-damage|p1a: Hatterene|65\/100\n|cant|p1a: Hatterene|flinch\n|\n|-heal|p1a: Hatterene|71\/100|[from] item: Leftovers\n|upkeep\n|turn|19\n|\n|t:|1698280212\n|switch|p2a: Clefable|Clefable, F|70\/100\n|move|p1a: Hatterene|Calm Mind|p1a: Hatterene\n|-boost|p1a: Hatterene|spa|1\n|-boost|p1a: Hatterene|spd|1\n|\n|-heal|p1a: Hatterene|77\/100|[from] item: Leftovers\n|upkeep\n|turn|20\n|\n|t:|1698280215\n|move|p2a: Clefable|Thunder Wave|p1a: Hatterene\n|move|p1a: Hatterene|Thunder Wave|p2a: Clefable|[from]ability: Magic Bounce\n|-status|p2a: Clefable|par\n|move|p1a: Hatterene|Nuzzle|p2a: Clefable\n|-damage|p2a: Clefable|65\/100 par\n|\n|-heal|p1a: Hatterene|83\/100|[from] item: Leftovers\n|upkeep\n|turn|21\n|\n|t:|1698280225\n|switch|p2a: Giratina|Giratina, shiny|100\/100\n|-ability|p2a: Giratina|Pressure\n|move|p1a: Hatterene|Calm Mind|p1a: Hatterene\n|-boost|p1a: Hatterene|spa|1\n|-boost|p1a: Hatterene|spd|1\n|\n|-heal|p1a: Hatterene|89\/100|[from] item: Leftovers\n|upkeep\n|turn|22\n|\n|t:|1698280234\n|move|p2a: Giratina|Dragon Pulse|p1a: Hatterene\n|-damage|p1a: Hatterene|71\/100\n|move|p1a: Hatterene|Draining Kiss|p2a: Giratina\n|-supereffective|p2a: Giratina\n|-damage|p2a: Giratina|59\/100\n|-heal|p1a: Hatterene|100\/100|[from] drain|[of] p2a: Giratina\n|\n|-heal|p2a: Giratina|65\/100|[from] item: Leftovers\n|upkeep\n|turn|23\n|\n|t:|1698280248\n|switch|p2a: Clefable|Clefable, F|65\/100 par\n|move|p1a: Hatterene|Calm Mind|p1a: Hatterene\n|-boost|p1a: Hatterene|spa|1\n|-boost|p1a: Hatterene|spd|1\n|\n|upkeep\n|turn|24\n|\n|t:|1698280251\n|move|p1a: Hatterene|Calm Mind|p1a: Hatterene\n|-boost|p1a: Hatterene|spa|1\n|-boost|p1a: Hatterene|spd|1\n|move|p2a: Clefable|Wish|p2a: Clefable\n|\n|upkeep\n|turn|25\n|\n|t:|1698280258\n|move|p1a: Hatterene|Psyshock|p2a: Clefable\n|-damage|p2a: Clefable|30\/100 par\n|move|p2a: Clefable|Moonblast|p1a: Hatterene\n|-damage|p1a: Hatterene|70\/100\n|\n|-heal|p2a: Clefable|80\/100 par|[from] move: Wish|[wisher] Clefable\n|-heal|p1a: Hatterene|76\/100|[from] item: Leftovers\n|upkeep\n|turn|26\n|\n|t:|1698280262\n|move|p1a: Hatterene|Calm Mind|p1a: Hatterene\n|-boost|p1a: Hatterene|spa|1\n|-boost|p1a: Hatterene|spd|1\n|move|p2a: Clefable|Wish|p2a: Clefable\n|\n|-heal|p1a: Hatterene|82\/100|[from] item: Leftovers\n|upkeep\n|turn|27\n|\n|t:|1698280265\n|move|p1a: Hatterene|Draining Kiss|p2a: Clefable\n|-damage|p2a: Clefable|65\/100 par\n|-heal|p1a: Hatterene|96\/100|[from] drain|[of] p2a: Clefable\n|move|p2a: Clefable|Moonblast|p1a: Hatterene\n|-damage|p1a: Hatterene|66\/100\n|-unboost|p1a: Hatterene|spa|1\n|\n|-heal|p2a: Clefable|100\/100 par|[from] move: Wish|[wisher] Clefable\n|-heal|p1a: Hatterene|72\/100|[from] item: Leftovers\n|upkeep\n|turn|28\n|\n|t:|1698280271\n|move|p1a: Hatterene|Psyshock|p2a: Clefable\n|-damage|p2a: Clefable|67\/100 par\n|cant|p2a: Clefable|par\n|\n|-heal|p1a: Hatterene|78\/100|[from] item: Leftovers\n|upkeep\n|turn|29\n|\n|t:|1698280278\n|move|p1a: Hatterene|Psyshock|p2a: Clefable\n|-damage|p2a: Clefable|29\/100 par\n|move|p2a: Clefable|Wish|p2a: Clefable\n|\n|-heal|p1a: Hatterene|84\/100|[from] item: Leftovers\n|upkeep\n|turn|30\n|\n|t:|1698280284\n|move|p2a: Clefable|Protect|p2a: Clefable\n|-singleturn|p2a: Clefable|Protect\n|move|p1a: Hatterene|Calm Mind|p1a: Hatterene\n|-boost|p1a: Hatterene|spa|1\n|-boost|p1a: Hatterene|spd|1\n|\n|-heal|p2a: Clefable|79\/100 par|[from] move: Wish|[wisher] Clefable\n|-heal|p1a: Hatterene|90\/100|[from] item: Leftovers\n|upkeep\n|turn|31\n|\n|t:|1698280289\n|move|p1a: Hatterene|Psyshock|p2a: Clefable\n|-damage|p2a: Clefable|44\/100 par\n|move|p2a: Clefable|Wish|p2a: Clefable\n|\n|-heal|p1a: Hatterene|96\/100|[from] item: Leftovers\n|upkeep\n|turn|32\n|\n|t:|1698280296\n|move|p1a: Hatterene|Calm Mind|p1a: Hatterene\n|-boost|p1a: Hatterene|spa|1\n|-boost|p1a: Hatterene|spd|0\n|move|p2a: Clefable|Moonblast|p1a: Hatterene\n|-damage|p1a: Hatterene|63\/100\n|\n|-heal|p2a: Clefable|94\/100 par|[from] move: Wish|[wisher] Clefable\n|-heal|p1a: Hatterene|69\/100|[from] item: Leftovers\n|upkeep\n|turn|33\n|\n|t:|1698280303\n|move|p1a: Hatterene|Draining Kiss|p2a: Clefable\n|-damage|p2a: Clefable|78\/100 par\n|-heal|p1a: Hatterene|84\/100|[from] drain|[of] p2a: Clefable\n|move|p2a: Clefable|Moonblast|p1a: Hatterene\n|-damage|p1a: Hatterene|54\/100\n|\n|-heal|p1a: Hatterene|60\/100|[from] item: Leftovers\n|upkeep\n|turn|34\n|\n|t:|1698280309\n|move|p1a: Hatterene|Draining Kiss|p2a: Clefable\n|-damage|p2a: Clefable|61\/100 par\n|-heal|p1a: Hatterene|76\/100|[from] drain|[of] p2a: Clefable\n|move|p2a: Clefable|Wish|p2a: Clefable\n|\n|-heal|p1a: Hatterene|82\/100|[from] item: Leftovers\n|upkeep\n|turn|35\n|\n|t:|1698280315\n|move|p1a: Hatterene|Draining Kiss|p2a: Clefable\n|-damage|p2a: Clefable|44\/100 par\n|-heal|p1a: Hatterene|97\/100|[from] drain|[of] p2a: Clefable\n|move|p2a: Clefable|Moonblast|p1a: Hatterene\n|-damage|p1a: Hatterene|63\/100\n|-unboost|p1a: Hatterene|spa|1\n|\n|-heal|p2a: Clefable|94\/100 par|[from] move: Wish|[wisher] Clefable\n|-heal|p1a: Hatterene|69\/100|[from] item: Leftovers\n|upkeep\n|turn|36\n|\n|t:|1698280318\n|move|p1a: Hatterene|Psyshock|p2a: Clefable\n|-damage|p2a: Clefable|58\/100 par\n|move|p2a: Clefable|Moonblast|p1a: Hatterene\n|-damage|p1a: Hatterene|39\/100\n|\n|-heal|p1a: Hatterene|45\/100|[from] item: Leftovers\n|upkeep\n|turn|37\n|\n|t:|1698280324\n|move|p1a: Hatterene|Psyshock|p2a: Clefable\n|-damage|p2a: Clefable|24\/100 par\n|move|p2a: Clefable|Wish|p2a: Clefable\n|\n|-heal|p1a: Hatterene|51\/100|[from] item: Leftovers\n|upkeep\n|turn|38\n|\n|t:|1698280331\n|cant|p2a: Clefable|par\n|move|p1a: Hatterene|Psyshock|p2a: Clefable\n|-damage|p2a: Clefable|0 fnt\n|faint|p2a: Clefable\n|\n|-heal|p1a: Hatterene|57\/100|[from] item: Leftovers\n|upkeep\n|\n|t:|1698280336\n|switch|p2a: Dialga|Dialga-Origin|100\/100\n|-ability|p2a: Dialga|Pressure\n|turn|39\n|\n|t:|1698280346\n|move|p2a: Dialga|Body Press|p1a: Hatterene\n|-damage|p1a: Hatterene|38\/100\n|move|p1a: Hatterene|Draining Kiss|p2a: Dialga\n|-damage|p2a: Dialga|42\/100\n|-heal|p1a: Hatterene|94\/100|[from] drain|[of] p2a: Dialga\n|\n|-heal|p1a: Hatterene|99\/100|[from] item: Leftovers\n|upkeep\n|turn|40\n|\n|t:|1698280356\n|move|p2a: Dialga|Body Press|p1a: Hatterene\n|-damage|p1a: Hatterene|79\/100\n|move|p1a: Hatterene|Draining Kiss|p2a: Dialga\n|-damage|p2a: Dialga|0 fnt\n|-heal|p1a: Hatterene|100\/100|[from] drain|[of] p2a: Dialga\n|faint|p2a: Dialga\n|\n|upkeep\n|\n|t:|1698280359\n|switch|p2a: Haxorus|Haxorus, M, shiny, tera:Steel|45\/100\n|-ability|p2a: Haxorus|Mold Breaker\n|turn|41\n|\n|t:|1698280379\n|move|p2a: Haxorus|Close Combat|p1a: Hatterene\n|-damage|p1a: Hatterene|65\/100\n|-unboost|p2a: Haxorus|def|1\n|-unboost|p2a: Haxorus|spd|1\n|move|p1a: Hatterene|Draining Kiss|p2a: Haxorus\n|-resisted|p2a: Haxorus\n|-damage|p2a: Haxorus|0 fnt\n|-heal|p1a: Hatterene|95\/100|[from] drain|[of] p2a: Haxorus\n|faint|p2a: Haxorus\n|\n|-heal|p1a: Hatterene|100\/100|[from] item: Leftovers\n|upkeep\n|\n|t:|1698280383\n|switch|p2a: Giratina|Giratina, shiny|65\/100\n|-ability|p2a: Giratina|Pressure\n|turn|42\n|\n|t:|1698280393\n|move|p2a: Giratina|Dragon Pulse|p1a: Hatterene\n|-damage|p1a: Hatterene|92\/100\n|move|p1a: Hatterene|Draining Kiss|p2a: Giratina\n|-supereffective|p2a: Giratina\n|-damage|p2a: Giratina|0 fnt\n|-heal|p1a: Hatterene|100\/100|[from] drain|[of] p2a: Giratina\n|faint|p2a: Giratina\n|\n|win|babynogalXD\n|c|\u2606babynogalXD|gg\n|c|\u2606SeventhGod77|Gg\n|l|\u2606babynogalXD\n|j|\u2606babynogalXD\n|player|p1|babynogalXD|ethan\n","uploadtime":1698280413,"views":24,"p1id":"babynogalxd","p2id":"seventhgod77","formatid":"gen9ubers","rating":0,"private":0,"password":""}