{"id":"gen9ubers-1987846648","p1":"Paty Swift","p2":"pablou_st123","format":"[Gen 9] Ubers","log":"|j|\u2606Paty Swift\n|j|\u2606pablou_st123\n|t:|1699642255\n|gametype|singles\n|player|p1|Paty Swift|lass-gen4dp|\n|player|p2|pablou_st123|steven|\n|teamsize|p1|6\n|teamsize|p2|6\n|gen|9\n|tier|[Gen 9] Ubers\n|rule|Sleep Clause Mod: Limit one foe put to sleep\n|rule|Species Clause: Limit one of each Pok\u00e9mon\n|rule|OHKO Clause: OHKO moves are banned\n|rule|Evasion Items Clause: Evasion items are banned\n|rule|Evasion Moves Clause: Evasion moves are banned\n|rule|Endless Battle Clause: Forcing endless battles is banned\n|rule|HP Percentage Mod: HP is shown in percentages\n|clearpoke\n|poke|p1|Arceus-Dark|\n|poke|p1|Kingambit, F|\n|poke|p1|Chien-Pao|\n|poke|p1|Urshifu-*, M|\n|poke|p1|Moltres-Galar|\n|poke|p1|Grimmsnarl, M|\n|poke|p2|Urshifu-*, F|\n|poke|p2|Pelipper, M|\n|poke|p2|Palafin, F|\n|poke|p2|Ogerpon-Wellspring, F|\n|poke|p2|Iron Bundle|\n|poke|p2|Toxapex, M|\n|teampreview\n|c|\u2606Paty Swift|Suerte\n|j| AzaZelZel\n|\n|t:|1699642285\n|start\n|switch|p1a: Grimmsnarl|Grimmsnarl, M|100\/100\n|switch|p2a: Peeko|Pelipper, M|100\/100\n|-weather|RainDance|[from] ability: Drizzle|[of] p2a: Peeko\n|turn|1\n|inactive|Battle timer is ON: inactive players will automatically lose when time's up. (requested by Paty Swift)\n|\n|t:|1699642299\n|move|p1a: Grimmsnarl|Light Screen|p1a: Grimmsnarl\n|-sidestart|p1: Paty Swift|move: Light Screen\n|move|p2a: Peeko|Tailwind|p2a: Peeko\n|-sidestart|p2: pablou_st123|move: Tailwind\n|\n|-weather|RainDance|[upkeep]\n|upkeep\n|turn|2\n|c|\u2606pablou_st123|Suertee\n|\n|t:|1699642316\n|move|p1a: Grimmsnarl|Reflect|p1a: Grimmsnarl\n|-sidestart|p1: Paty Swift|Reflect\n|move|p2a: Peeko|U-turn|p1a: Grimmsnarl\n|-damage|p1a: Grimmsnarl|97\/100\n|\n|t:|1699642329\n|switch|p2a: SS Gloria|Urshifu-Rapid-Strike, F|100\/100|[from] U-turn\n|\n|-weather|RainDance|[upkeep]\n|upkeep\n|turn|3\n|\n|t:|1699642333\n|move|p2a: SS Gloria|Surging Strikes|p1a: Grimmsnarl\n|-crit|p1a: Grimmsnarl\n|-damage|p1a: Grimmsnarl|72\/100\n|-crit|p1a: Grimmsnarl\n|-damage|p1a: Grimmsnarl|47\/100\n|-crit|p1a: Grimmsnarl\n|-damage|p1a: Grimmsnarl|22\/100\n|-hitcount|p1a: Grimmsnarl|3\n|move|p1a: Grimmsnarl|Spirit Break|p2a: SS Gloria\n|-supereffective|p2a: SS Gloria\n|-damage|p2a: SS Gloria|37\/100\n|-unboost|p2a: SS Gloria|spa|1\n|\n|-weather|RainDance|[upkeep]\n|upkeep\n|turn|4\n|\n|t:|1699642345\n|move|p2a: SS Gloria|Aqua Jet|p1a: Grimmsnarl\n|-damage|p1a: Grimmsnarl|10\/100\n|move|p1a: Grimmsnarl|Parting Shot|p2a: SS Gloria\n|-unboost|p2a: SS Gloria|atk|1\n|-unboost|p2a: SS Gloria|spa|1\n|c| AzaZelZel|enserio le pusiste ss gloria?\n|c| AzaZelZel|lmao\n|c|\u2606pablou_st123|Obvio\n|\n|t:|1699642362\n|switch|p1a: Chien-Pao|Chien-Pao|100\/100|[from] Parting Shot\n|-ability|p1a: Chien-Pao|Sword of Ruin\n|\n|-weather|RainDance|[upkeep]\n|-sideend|p2: pablou_st123|move: Tailwind\n|upkeep\n|turn|5\n|\n|t:|1699642381\n|switch|p2a: Thank You|Toxapex, M|100\/100\n|move|p1a: Chien-Pao|Sacred Sword|p2a: Thank You\n|-resisted|p2a: Thank You\n|-damage|p2a: Thank You|89\/100\n|\n|-weather|RainDance|[upkeep]\n|-heal|p2a: Thank You|95\/100|[from] item: Leftovers\n|upkeep\n|turn|6\n|\n|t:|1699642392\n|switch|p1a: Kingambit|Kingambit, F|100\/100\n|move|p2a: Thank You|Toxic Spikes|p1a: Kingambit\n|-sidestart|p1: Paty Swift|move: Toxic Spikes\n|\n|-weather|RainDance|[upkeep]\n|-heal|p2a: Thank You|100\/100|[from] item: Leftovers\n|upkeep\n|turn|7\n|\n|t:|1699642405\n|move|p1a: Kingambit|Swords Dance|p1a: Kingambit\n|-boost|p1a: Kingambit|atk|2\n|move|p2a: Thank You|Toxic Spikes|p1a: Kingambit\n|-sidestart|p1: Paty Swift|move: Toxic Spikes\n|\n|-weather|RainDance|[upkeep]\n|upkeep\n|turn|8\n|\n|t:|1699642412\n|move|p1a: Kingambit|Kowtow Cleave|p2a: Thank You\n|-damage|p2a: Thank You|42\/100\n|move|p2a: Thank You|Haze|p2a: Thank You\n|-clearallboost\n|\n|-weather|none\n|-heal|p2a: Thank You|49\/100|[from] item: Leftovers\n|-sideend|p1: Paty Swift|move: Light Screen\n|upkeep\n|turn|9\n|\n|t:|1699642418\n|switch|p2a: Peeko|Pelipper, M|100\/100\n|-weather|RainDance|[from] ability: Drizzle|[of] p2a: Peeko\n|move|p1a: Kingambit|Swords Dance|p1a: Kingambit\n|-boost|p1a: Kingambit|atk|2\n|\n|-weather|RainDance|[upkeep]\n|-sideend|p1: Paty Swift|Reflect\n|upkeep\n|turn|10\n|\n|t:|1699642428\n|move|p2a: Peeko|Tailwind|p2a: Peeko\n|-sidestart|p2: pablou_st123|move: Tailwind\n|move|p1a: Kingambit|Kowtow Cleave|p2a: Peeko\n|-damage|p2a: Peeko|0 fnt\n|faint|p2a: Peeko\n|\n|-weather|RainDance|[upkeep]\n|upkeep\n|\n|t:|1699642444\n|switch|p2a: Paladelf\u00edn|Palafin, F|100\/100\n|turn|11\n|\n|t:|1699642451\n|-end|p1a: Kingambit|fallenundefined|[silent]\n|switch|p1a: Grimmsnarl|Grimmsnarl, M|10\/100\n|-status|p1a: Grimmsnarl|tox\n|move|p2a: Paladelf\u00edn|Drain Punch|p1a: Grimmsnarl\n|-damage|p1a: Grimmsnarl|0 fnt\n|faint|p1a: Grimmsnarl\n|\n|-weather|RainDance|[upkeep]\n|upkeep\n|\n|t:|1699642459\n|switch|p1a: Moltres|Moltres-Galar|100\/100\n|turn|12\n|\n|t:|1699642466\n|move|p2a: Paladelf\u00edn|Flip Turn|p1a: Moltres\n|-damage|p1a: Moltres|64\/100\n|\n|t:|1699642469\n|detailschange|p2a: Paladelf\u00edn|Palafin-Hero, F\n|switch|p2a: Thank You|Toxapex, M|82\/100|[from] Flip Turn\n|move|p1a: Moltres|Agility|p1a: Moltres\n|-boost|p1a: Moltres|spe|2\n|\n|-weather|RainDance|[upkeep]\n|-heal|p2a: Thank You|88\/100|[from] item: Leftovers\n|upkeep\n|turn|13\n|\n|t:|1699642478\n|move|p1a: Moltres|Hurricane|p2a: Thank You\n|-damage|p2a: Thank You|47\/100\n|move|p2a: Thank You|Toxic|p1a: Moltres\n|-status|p1a: Moltres|tox\n|\n|-weather|RainDance|[upkeep]\n|-heal|p2a: Thank You|53\/100|[from] item: Leftovers\n|-damage|p1a: Moltres|58\/100 tox|[from] psn\n|-sideend|p2: pablou_st123|move: Tailwind\n|upkeep\n|turn|14\n|\n|t:|1699642494\n|move|p1a: Moltres|Hurricane|p2a: Thank You\n|-damage|p2a: Thank You|7\/100\n|move|p2a: Thank You|Chilling Water|p1a: Moltres\n|-damage|p1a: Moltres|45\/100 tox\n|-unboost|p1a: Moltres|atk|1\n|-ability|p1a: Moltres|Berserk|boost\n|-boost|p1a: Moltres|spa|1\n|\n|-weather|RainDance|[upkeep]\n|-heal|p2a: Thank You|14\/100|[from] item: Leftovers\n|-damage|p1a: Moltres|32\/100 tox|[from] psn\n|upkeep\n|turn|15\n|\n|t:|1699642510\n|move|p1a: Moltres|Hurricane|p2a: Thank You\n|-damage|p2a: Thank You|0 fnt\n|faint|p2a: Thank You\n|\n|-weather|RainDance|[upkeep]\n|-damage|p1a: Moltres|14\/100 tox|[from] psn\n|upkeep\n|\n|t:|1699642518\n|switch|p2a: Paladelf\u00edn|Palafin-Hero, F|100\/100\n|-activate|p2a: Paladelf\u00edn|ability: Zero to Hero\n|turn|16\n|\n|t:|1699642525\n|move|p2a: Paladelf\u00edn|Jet Punch|p1a: Moltres\n|-damage|p1a: Moltres|0 fnt\n|faint|p1a: Moltres\n|\n|-weather|none\n|upkeep\n|\n|t:|1699642538\n|switch|p1a: Urshifu|Urshifu, M|100\/100\n|-status|p1a: Urshifu|tox\n|turn|17\n|inactive|Paty Swift has 270 seconds left.\n|inactive|pablou_st123 has 270 seconds left.\n|\n|t:|1699642575\n|move|p1a: Urshifu|Wicked Blow|p2a: Paladelf\u00edn\n|-crit|p2a: Paladelf\u00edn\n|-damage|p2a: Paladelf\u00edn|37\/100\n|move|p2a: Paladelf\u00edn|Drain Punch|p1a: Urshifu\n|-supereffective|p1a: Urshifu\n|-crit|p1a: Urshifu\n|-damage|p1a: Urshifu|0 fnt\n|-heal|p2a: Paladelf\u00edn|87\/100|[from] drain|[of] p1a: Urshifu\n|faint|p1a: Urshifu\n|\n|upkeep\n|inactive|Paty Swift has 240 seconds left.\n|\n|t:|1699642614\n|switch|p1a: Kingambit|Kingambit, F|100\/100\n|-activate|p1a: Kingambit|ability: Supreme Overlord\n|-start|p1a: Kingambit|fallen3|[silent]\n|turn|18\n|inactive|Paty Swift has 240 seconds left.\n|inactive|pablou_st123 has 270 seconds left.\n|inactive|pablou_st123 has 240 seconds left.\n|\n|t:|1699642663\n|-terastallize|p1a: Kingambit|Water\n|move|p2a: Paladelf\u00edn|Jet Punch|p1a: Kingambit\n|-resisted|p1a: Kingambit\n|-damage|p1a: Kingambit|85\/100\n|move|p1a: Kingambit|Swords Dance|p1a: Kingambit\n|-boost|p1a: Kingambit|atk|2\n|\n|-heal|p1a: Kingambit|91\/100|[from] item: Leftovers\n|upkeep\n|turn|19\n|inactive|pablou_st123 has 240 seconds left.\n|c| AzaZelZel|what\n|c|\u2606pablou_st123|Eso se vale??\n|c|\u2606Paty Swift|Ayer me dijeron que si\n|inactive|pablou_st123 has 210 seconds left.\n|\n|t:|1699642702\n|switch|p2a: SS Gloria|Urshifu-Rapid-Strike, F|37\/100\n|move|p1a: Kingambit|Kowtow Cleave|p2a: SS Gloria\n|-resisted|p2a: SS Gloria\n|-damage|p2a: SS Gloria|0 fnt\n|faint|p2a: SS Gloria\n|\n|-heal|p1a: Kingambit|97\/100|[from] item: Leftovers\n|upkeep\n|inactive|pablou_st123 has 210 seconds left.\n|\n|t:|1699642710\n|switch|p2a: Get IronBundle'd|Iron Bundle|100\/100\n|-enditem|p2a: Get IronBundle'd|Booster Energy\n|-activate|p2a: Get IronBundle'd|ability: Quark Drive|[fromitem]\n|-start|p2a: Get IronBundle'd|quarkdrivespa\n|turn|20\n|\n|t:|1699642717\n|move|p1a: Kingambit|Sucker Punch|p2a: Get IronBundle'd\n|-damage|p2a: Get IronBundle'd|0 fnt\n|faint|p2a: Get IronBundle'd\n|-end|p2a: Get IronBundle'd|Quark Drive|[silent]\n|\n|-heal|p1a: Kingambit|100\/100|[from] item: Leftovers\n|upkeep\n|\n|t:|1699642722\n|switch|p2a: \ud83c\udfad|Ogerpon-Wellspring, F|100\/100\n|turn|21\n|inactive|pablou_st123 has 210 seconds left.\n|inactive|Paty Swift has 240 seconds left.\n|j| guzmfran\n|l| guzmfran\n|\n|t:|1699642781\n|move|p1a: Kingambit|Sucker Punch|p2a: \ud83c\udfad\n|-damage|p2a: \ud83c\udfad|0 fnt\n|faint|p2a: \ud83c\udfad\n|\n|upkeep\n|j| guzmfran\n|\n|t:|1699642788\n|switch|p2a: Paladelf\u00edn|Palafin-Hero, F|87\/100\n|turn|22\n|l| guzmfran\n|\n|t:|1699642796\n|-terastallize|p2a: Paladelf\u00edn|Water\n|move|p2a: Paladelf\u00edn|Jet Punch|p1a: Kingambit\n|-resisted|p1a: Kingambit\n|-damage|p1a: Kingambit|81\/100\n|move|p1a: Kingambit|Kowtow Cleave|p2a: Paladelf\u00edn\n|-damage|p2a: Paladelf\u00edn|0 fnt\n|faint|p2a: Paladelf\u00edn\n|\n|win|Paty Swift\n|c|\u2606Paty Swift|Gg\n|c|\u2606pablou_st123|gg\n","uploadtime":1699642814,"views":4,"p1id":"patyswift","p2id":"pabloust123","formatid":"gen9ubers","rating":0,"private":0,"password":""}