{"id":"gen9ubers-1968252086","p1":"GratedsShtickface","p2":"PTKmoekyuun","format":"[Gen 9] Ubers","log":"|j|\u2606GratedsShtickface\n|j|\u2606PTKmoekyuun\n|t:|1697399174\n|gametype|singles\n|player|p1|GratedsShtickface|hiker-gen4|\n|player|p2|PTKmoekyuun|1|\n|teamsize|p1|6\n|teamsize|p2|6\n|gen|9\n|tier|[Gen 9] Ubers\n|rule|Sleep Clause Mod: Limit one foe put to sleep\n|rule|Species Clause: Limit one of each Pok\u00e9mon\n|rule|OHKO Clause: OHKO moves are banned\n|rule|Evasion Items Clause: Evasion items are banned\n|rule|Evasion Moves Clause: Evasion moves are banned\n|rule|Endless Battle Clause: Forcing endless battles is banned\n|rule|HP Percentage Mod: HP is shown in percentages\n|clearpoke\n|poke|p1|Shaymin-Sky|\n|poke|p1|Masquerain, M|\n|poke|p1|Chi-Yu|\n|poke|p1|Magearna|\n|poke|p1|Palkia-Origin|\n|poke|p1|Zacian-*|\n|poke|p2|Greninja-*, F|\n|poke|p2|Empoleon, M|\n|poke|p2|Gholdengo|\n|poke|p2|Arceus-Poison|\n|poke|p2|Shaymin-Sky|\n|poke|p2|Conkeldurr, M|\n|teampreview\n|inactive|Battle timer is ON: inactive players will automatically lose when time's up. (requested by GratedsShtickface)\n|\n|t:|1697399182\n|start\n|switch|p1a: Eye of Sauron|Masquerain, M, shiny|100\/100\n|switch|p2a: Empoleon|Empoleon, M|100\/100\n|-ability|p1a: Eye of Sauron|Intimidate|boost\n|-unboost|p2a: Empoleon|atk|1\n|-ability|p2a: Empoleon|Competitive|boost\n|-boost|p2a: Empoleon|spa|2\n|turn|1\n|\n|t:|1697399189\n|move|p1a: Eye of Sauron|Sticky Web|p2a: Empoleon\n|-sidestart|p2: PTKmoekyuun|move: Sticky Web\n|move|p2a: Empoleon|Ice Beam|p1a: Eye of Sauron\n|-supereffective|p1a: Eye of Sauron\n|-enditem|p1a: Eye of Sauron|Focus Sash\n|-damage|p1a: Eye of Sauron|1\/100\n|\n|upkeep\n|turn|2\n|\n|t:|1697399193\n|move|p1a: Eye of Sauron|Tailwind|p1a: Eye of Sauron\n|-sidestart|p1: GratedsShtickface|move: Tailwind\n|move|p2a: Empoleon|Flip Turn|p1a: Eye of Sauron\n|-damage|p1a: Eye of Sauron|0 fnt\n|faint|p1a: Eye of Sauron\n|\n|t:|1697399212\n|switch|p2a: Arceus|Arceus-Poison|100\/100|[from] Flip Turn\n|-activate|p2a: Arceus|move: Sticky Web\n|-unboost|p2a: Arceus|spe|1\n|\n|upkeep\n|\n|t:|1697399221\n|switch|p1a: Music Box Doll|Magearna|100\/100\n|turn|3\n|\n|t:|1697399227\n|move|p1a: Music Box Doll|Spikes|p2a: Arceus\n|-sidestart|p2: PTKmoekyuun|Spikes\n|move|p2a: Arceus|Stealth Rock|p1a: Music Box Doll\n|-sidestart|p1: GratedsShtickface|move: Stealth Rock\n|\n|upkeep\n|turn|4\n|\n|t:|1697399241\n|switch|p2a: Gholdengo|Gholdengo|100\/100\n|-activate|p2a: Gholdengo|move: Sticky Web\n|-unboost|p2a: Gholdengo|spe|1\n|-damage|p2a: Gholdengo|88\/100|[from] Spikes\n|move|p1a: Music Box Doll|Spikes|p2a: Gholdengo\n|-sidestart|p2: PTKmoekyuun|Spikes\n|\n|-heal|p2a: Gholdengo|94\/100|[from] item: Leftovers\n|upkeep\n|turn|5\n|\n|t:|1697399245\n|move|p1a: Music Box Doll|Volt Switch|p2a: Gholdengo\n|-damage|p2a: Gholdengo|73\/100\n|\n|t:|1697399248\n|switch|p1a: Funny Fish|Chi-Yu|100\/100|[from] Volt Switch\n|-damage|p1a: Funny Fish|76\/100|[from] Stealth Rock\n|-ability|p1a: Funny Fish|Beads of Ruin\n|move|p2a: Gholdengo|Thunder Wave|p1a: Funny Fish\n|-status|p1a: Funny Fish|par\n|\n|-heal|p2a: Gholdengo|79\/100|[from] item: Leftovers\n|-sideend|p1: GratedsShtickface|move: Tailwind\n|upkeep\n|turn|6\n|\n|t:|1697399257\n|switch|p2a: Arceus|Arceus-Poison|100\/100\n|-activate|p2a: Arceus|move: Sticky Web\n|-unboost|p2a: Arceus|spe|1\n|-damage|p2a: Arceus|84\/100|[from] Spikes\n|move|p1a: Funny Fish|Overheat|p2a: Arceus\n|-damage|p2a: Arceus|41\/100\n|-unboost|p1a: Funny Fish|spa|2\n|\n|upkeep\n|turn|7\n|\n|t:|1697399270\n|switch|p1a: Honse|Palkia-Origin|100\/100\n|-damage|p1a: Honse|88\/100|[from] Stealth Rock\n|-ability|p1a: Honse|Pressure\n|move|p2a: Arceus|Recover|p2a: Arceus\n|-heal|p2a: Arceus|91\/100\n|\n|upkeep\n|turn|8\n|\n|t:|1697399277\n|move|p1a: Honse|Substitute|p1a: Honse\n|-start|p1a: Honse|Substitute\n|-damage|p1a: Honse|63\/100\n|move|p2a: Arceus|Judgment|p1a: Honse\n|-end|p1a: Honse|Substitute\n|\n|upkeep\n|turn|9\n|\n|t:|1697399281\n|move|p1a: Honse|Earth Power|p2a: Arceus\n|-supereffective|p2a: Arceus\n|-damage|p2a: Arceus|58\/100\n|-unboost|p2a: Arceus|spd|1\n|move|p2a: Arceus|Judgment|p1a: Honse\n|-damage|p1a: Honse|21\/100\n|\n|upkeep\n|turn|10\n|\n|t:|1697399289\n|move|p1a: Honse|Earth Power|p2a: Arceus\n|-supereffective|p2a: Arceus\n|-damage|p2a: Arceus|6\/100\n|move|p2a: Arceus|Recover|p2a: Arceus\n|-heal|p2a: Arceus|56\/100\n|\n|upkeep\n|turn|11\n|\n|t:|1697399306\n|move|p1a: Honse|Spacial Rend|p2a: Arceus\n|-damage|p2a: Arceus|3\/100\n|move|p2a: Arceus|Recover|p2a: Arceus\n|-heal|p2a: Arceus|53\/100\n|\n|upkeep\n|turn|12\n|\n|t:|1697399311\n|move|p1a: Honse|Earth Power|p2a: Arceus\n|-supereffective|p2a: Arceus\n|-damage|p2a: Arceus|0 fnt\n|faint|p2a: Arceus\n|\n|upkeep\n|\n|t:|1697399324\n|switch|p2a: Shaymin|Shaymin-Sky|100\/100\n|turn|13\n|\n|t:|1697399329\n|switch|p1a: Sif|Zacian|100\/100\n|-damage|p1a: Sif|88\/100|[from] Stealth Rock\n|-ability|p1a: Sif|Intrepid Sword|boost\n|-boost|p1a: Sif|atk|1\n|move|p2a: Shaymin|Air Slash|p1a: Sif\n|-damage|p1a: Sif|55\/100\n|\n|upkeep\n|turn|14\n|\n|t:|1697399341\n|switch|p2a: Gholdengo|Gholdengo|79\/100\n|-activate|p2a: Gholdengo|move: Sticky Web\n|-unboost|p2a: Gholdengo|spe|1\n|-damage|p2a: Gholdengo|63\/100|[from] Spikes\n|move|p1a: Sif|Trailblaze|p2a: Gholdengo\n|-resisted|p2a: Gholdengo\n|-damage|p2a: Gholdengo|54\/100\n|-boost|p1a: Sif|spe|1\n|\n|-heal|p2a: Gholdengo|60\/100|[from] item: Leftovers\n|upkeep\n|turn|15\n|\n|t:|1697399348\n|-terastallize|p1a: Sif|Ground\n|move|p1a: Sif|Tera Blast|p2a: Gholdengo|[anim] Tera Blast Ground\n|-supereffective|p2a: Gholdengo\n|-damage|p2a: Gholdengo|0 fnt\n|faint|p2a: Gholdengo\n|\n|upkeep\n|c|\u2606GratedsShtickface|I fucked up the moveset on this zacian\n|\n|t:|1697399357\n|switch|p2a: Empoleon|Empoleon, M|100\/100\n|-activate|p2a: Empoleon|move: Sticky Web\n|-unboost|p2a: Empoleon|spe|1\n|-ability|p2a: Empoleon|Competitive|boost\n|-boost|p2a: Empoleon|spa|2\n|-damage|p2a: Empoleon|84\/100|[from] Spikes\n|turn|16\n|\n|t:|1697399367\n|-terastallize|p2a: Empoleon|Water\n|move|p1a: Sif|Tera Blast|p2a: Empoleon|[anim] Tera Blast Ground\n|-damage|p2a: Empoleon|27\/100\n|move|p2a: Empoleon|Ice Beam|p1a: Sif\n|-supereffective|p1a: Sif\n|-damage|p1a: Sif|0 fnt\n|faint|p1a: Sif\n|\n|upkeep\n|\n|t:|1697399374\n|switch|p1a: Haxmin|Shaymin-Sky|100\/100\n|-damage|p1a: Haxmin|76\/100|[from] Stealth Rock\n|turn|17\n|\n|t:|1697399379\n|move|p1a: Haxmin|Seed Flare|p2a: Empoleon\n|-supereffective|p2a: Empoleon\n|-damage|p2a: Empoleon|0 fnt\n|faint|p2a: Empoleon\n|\n|upkeep\n|\n|t:|1697399381\n|switch|p2a: Shaymin|Shaymin-Sky|100\/100\n|turn|18\n|j| Oomaester1234\n|\n|t:|1697399404\n|move|p1a: Haxmin|Air Cutter|p2a: Shaymin\n|-supereffective|p2a: Shaymin\n|-damage|p2a: Shaymin|26\/100\n|move|p2a: Shaymin|Seed Flare|p1a: Haxmin\n|-resisted|p1a: Haxmin\n|-damage|p1a: Haxmin|58\/100\n|\n|upkeep\n|turn|19\n|\n|t:|1697399408\n|move|p2a: Shaymin|Air Slash|p1a: Haxmin|[miss]\n|-miss|p2a: Shaymin|p1a: Haxmin\n|move|p1a: Haxmin|Air Cutter|p2a: Shaymin\n|-supereffective|p2a: Shaymin\n|-crit|p2a: Shaymin\n|-damage|p2a: Shaymin|0 fnt\n|faint|p2a: Shaymin\n|\n|upkeep\n|c| Oomaester1234|yo wanna battle after this game\n|\n|t:|1697399420\n|switch|p2a: Conkeldurr|Conkeldurr, M|100\/100\n|-activate|p2a: Conkeldurr|move: Sticky Web\n|-unboost|p2a: Conkeldurr|spe|1\n|-damage|p2a: Conkeldurr|84\/100|[from] Spikes\n|turn|20\n|c|\u2606GratedsShtickface|sure, just send the chal\n|\n|t:|1697399424\n|move|p1a: Haxmin|Air Cutter|p2a: Conkeldurr\n|-supereffective|p2a: Conkeldurr\n|-crit|p2a: Conkeldurr\n|-damage|p2a: Conkeldurr|0 fnt\n|faint|p2a: Conkeldurr\n|\n|upkeep\n|\n|t:|1697399426\n|switch|p2a: Greninja|Greninja, F|100\/100\n|turn|21\n|\n|t:|1697399430\n|move|p1a: Haxmin|Seed Flare|p2a: Greninja\n|-supereffective|p2a: Greninja\n|-damage|p2a: Greninja|0 fnt\n|faint|p2a: Greninja\n|\n|win|GratedsShtickface\n|c|\u2606GratedsShtickface|gg\n|l|\u2606PTKmoekyuun\n","uploadtime":1697399438,"views":23,"p1id":"gratedsshtickface","p2id":"ptkmoekyuun","formatid":"gen9ubers","rating":0,"private":0,"password":""}