{"id":"gen9ubers-1971543083","p1":"ovalboi","p2":"Bestmaindragonite","format":"[Gen 9] Ubers","log":"|j|\u2606ovalboi\n|j|\u2606Bestmaindragonite\n|t:|1697746954\n|gametype|singles\n|player|p1|ovalboi|101|\n|player|p2|Bestmaindragonite|lillie|\n|teamsize|p1|6\n|teamsize|p2|6\n|gen|9\n|tier|[Gen 9] Ubers\n|rule|Sleep Clause Mod: Limit one foe put to sleep\n|rule|Species Clause: Limit one of each Pok\u00e9mon\n|rule|OHKO Clause: OHKO moves are banned\n|rule|Evasion Items Clause: Evasion items are banned\n|rule|Evasion Moves Clause: Evasion moves are banned\n|rule|Endless Battle Clause: Forcing endless battles is banned\n|rule|HP Percentage Mod: HP is shown in percentages\n|clearpoke\n|poke|p1|Dondozo, F|\n|poke|p1|Magearna|\n|poke|p1|Giratina|\n|poke|p1|Arceus-Poison|\n|poke|p1|Blissey, F|\n|poke|p1|Garganacl, F|\n|poke|p2|Donphan, M|\n|poke|p2|Arceus-Rock|\n|poke|p2|Rillaboom, F|\n|poke|p2|Ogerpon-Cornerstone, F|\n|poke|p2|Sneasler, F|\n|poke|p2|Iron Moth|\n|teampreview\n|\n|t:|1697746977\n|start\n|switch|p1a: Garganacl|Garganacl, F|100\/100\n|switch|p2a: Little kong|Rillaboom, F|100\/100\n|-fieldstart|move: Grassy Terrain|[from] ability: Grassy Surge|[of] p2a: Little kong\n|turn|1\n|inactive|Battle timer is ON: inactive players will automatically lose when time's up. (requested by ovalboi)\n|inactive|ovalboi has 270 seconds left.\n|inactive|Bestmaindragonite has 270 seconds left.\n|\n|t:|1697747010\n|switch|p1a: Arceus|Arceus-Poison|100\/100\n|move|p2a: Little kong|Wood Hammer|p1a: Arceus\n|-resisted|p1a: Arceus\n|-damage|p1a: Arceus|61\/100\n|-damage|p2a: Little kong|84\/100|[from] Recoil\n|\n|-heal|p1a: Arceus|67\/100|[from] Grassy Terrain\n|-heal|p2a: Little kong|90\/100|[from] Grassy Terrain\n|upkeep\n|turn|2\n|\n|t:|1697747018\n|switch|p2a: Little moth|Iron Moth|100\/100\n|move|p1a: Arceus|Recover|p1a: Arceus\n|-heal|p1a: Arceus|100\/100\n|\n|upkeep\n|turn|3\n|\n|t:|1697747033\n|move|p1a: Arceus|Calm Mind|p1a: Arceus\n|-boost|p1a: Arceus|spa|1\n|-boost|p1a: Arceus|spd|1\n|move|p2a: Little moth|U-turn|p1a: Arceus\n|-resisted|p1a: Arceus\n|-damage|p1a: Arceus|97\/100\n|\n|t:|1697747035\n|-end|p2a: Little moth|Quark Drive|[silent]\n|switch|p2a: Little tusk|Donphan, M|100\/100|[from] U-turn\n|\n|-heal|p1a: Arceus|100\/100|[from] Grassy Terrain\n|upkeep\n|turn|4\n|\n|t:|1697747043\n|move|p1a: Arceus|Judgment|p2a: Little tusk\n|-resisted|p2a: Little tusk\n|-damage|p2a: Little tusk|51\/100\n|move|p2a: Little tusk|High Horsepower|p1a: Arceus\n|-supereffective|p1a: Arceus\n|-damage|p1a: Arceus|30\/100\n|\n|-heal|p1a: Arceus|36\/100|[from] Grassy Terrain\n|-heal|p2a: Little tusk|57\/100|[from] Grassy Terrain\n|upkeep\n|turn|5\n|\n|t:|1697747069\n|switch|p1a: Dondozo|Dondozo, F|100\/100\n|move|p2a: Little tusk|High Horsepower|p1a: Dondozo\n|-damage|p1a: Dondozo|76\/100\n|\n|-heal|p2a: Little tusk|63\/100|[from] Grassy Terrain\n|-heal|p1a: Dondozo|82\/100|[from] Grassy Terrain\n|-fieldend|move: Grassy Terrain\n|upkeep\n|turn|6\n|\n|t:|1697747082\n|switch|p2a: Little kong|Rillaboom, F|90\/100\n|-fieldstart|move: Grassy Terrain|[from] ability: Grassy Surge|[of] p2a: Little kong\n|move|p1a: Dondozo|Liquidation|p2a: Little kong\n|-resisted|p2a: Little kong\n|-damage|p2a: Little kong|75\/100\n|\n|-heal|p2a: Little kong|81\/100|[from] Grassy Terrain\n|-heal|p1a: Dondozo|88\/100|[from] Grassy Terrain\n|upkeep\n|turn|7\n|inactive|ovalboi has 270 seconds left.\n|\n|t:|1697747102\n|switch|p1a: Giratina|Giratina|100\/100\n|-ability|p1a: Giratina|Pressure\n|move|p2a: Little kong|U-turn|p1a: Giratina\n|-resisted|p1a: Giratina\n|-damage|p1a: Giratina|93\/100\n|\n|t:|1697747120\n|switch|p2a: Little arceus|Ogerpon-Cornerstone, F|100\/100|[from] U-turn\n|\n|-heal|p1a: Giratina|99\/100|[from] Grassy Terrain\n|upkeep\n|turn|8\n|\n|t:|1697747125\n|move|p2a: Little arceus|Ivy Cudgel|p1a: Giratina\n|-damage|p1a: Giratina|71\/100\n|move|p1a: Giratina|Will-O-Wisp|p2a: Little arceus\n|-status|p2a: Little arceus|brn\n|\n|-heal|p1a: Giratina|77\/100|[from] Grassy Terrain\n|-damage|p2a: Little arceus|95\/100 brn|[from] brn\n|upkeep\n|turn|9\n|\n|t:|1697747136\n|move|p2a: Little arceus|U-turn|p1a: Giratina\n|-resisted|p1a: Giratina\n|-damage|p1a: Giratina|74\/100\n|\n|t:|1697747142\n|switch|p2a: Little kong|Rillaboom, F|81\/100|[from] U-turn\n|move|p1a: Giratina|Shadow Ball|p2a: Little kong\n|-damage|p2a: Little kong|44\/100\n|-unboost|p2a: Little kong|spd|1\n|\n|-heal|p2a: Little kong|50\/100|[from] Grassy Terrain\n|-heal|p1a: Giratina|80\/100|[from] Grassy Terrain\n|upkeep\n|turn|10\n|\n|t:|1697747150\n|move|p2a: Little kong|Knock Off|p1a: Giratina\n|-supereffective|p1a: Giratina\n|-crit|p1a: Giratina\n|-damage|p1a: Giratina|16\/100\n|-enditem|p1a: Giratina|Heavy-Duty Boots|[from] move: Knock Off|[of] p2a: Little kong\n|move|p1a: Giratina|Will-O-Wisp|p2a: Little kong\n|-status|p2a: Little kong|brn\n|\n|-heal|p2a: Little kong|56\/100 brn|[from] Grassy Terrain\n|-heal|p1a: Giratina|22\/100|[from] Grassy Terrain\n|-damage|p2a: Little kong|50\/100 brn|[from] brn\n|-fieldend|move: Grassy Terrain\n|upkeep\n|turn|11\n|\n|t:|1697747161\n|switch|p2a: Little ogerpon|Arceus-Rock|100\/100\n|move|p1a: Giratina|Rest|p1a: Giratina\n|-status|p1a: Giratina|slp|[from] move: Rest\n|-heal|p1a: Giratina|100\/100 slp|[silent]\n|\n|upkeep\n|turn|12\n|\n|t:|1697747167\n|switch|p1a: Blissey|Blissey, F|100\/100\n|move|p2a: Little ogerpon|Calm Mind|p2a: Little ogerpon\n|-boost|p2a: Little ogerpon|spa|1\n|-boost|p2a: Little ogerpon|spd|1\n|\n|upkeep\n|turn|13\n|\n|t:|1697747185\n|switch|p1a: Arceus|Arceus-Poison|36\/100\n|move|p2a: Little ogerpon|Calm Mind|p2a: Little ogerpon\n|-boost|p2a: Little ogerpon|spa|1\n|-boost|p2a: Little ogerpon|spd|1\n|\n|upkeep\n|turn|14\n|\n|t:|1697747190\n|move|p1a: Arceus|Imprison|p1a: Arceus\n|-start|p1a: Arceus|move: Imprison\n|cant|p2a: Little ogerpon|move: Imprison|Judgment\n|\n|upkeep\n|turn|15\n|\n|t:|1697747196\n|move|p1a: Arceus|Recover|p1a: Arceus\n|-heal|p1a: Arceus|86\/100\n|move|p2a: Little ogerpon|Earth Power|p1a: Arceus\n|-supereffective|p1a: Arceus\n|-damage|p1a: Arceus|7\/100\n|\n|upkeep\n|turn|16\n|\n|t:|1697747204\n|-terastallize|p1a: Arceus|Dark\n|move|p1a: Arceus|Recover|p1a: Arceus\n|-heal|p1a: Arceus|57\/100\n|move|p2a: Little ogerpon|Earth Power|p1a: Arceus\n|-damage|p1a: Arceus|15\/100\n|\n|upkeep\n|turn|17\n|\n|t:|1697747214\n|move|p1a: Arceus|Recover|p1a: Arceus\n|-heal|p1a: Arceus|65\/100\n|move|p2a: Little ogerpon|Earth Power|p1a: Arceus\n|-damage|p1a: Arceus|21\/100\n|\n|upkeep\n|turn|18\n|\n|t:|1697747219\n|move|p1a: Arceus|Recover|p1a: Arceus\n|-heal|p1a: Arceus|71\/100\n|move|p2a: Little ogerpon|Earth Power|p1a: Arceus\n|-damage|p1a: Arceus|24\/100\n|\n|upkeep\n|turn|19\n|\n|t:|1697747226\n|move|p1a: Arceus|Recover|p1a: Arceus\n|-heal|p1a: Arceus|74\/100\n|move|p2a: Little ogerpon|Earth Power|p1a: Arceus\n|-damage|p1a: Arceus|33\/100\n|\n|upkeep\n|turn|20\n|\n|t:|1697747234\n|move|p1a: Arceus|Recover|p1a: Arceus\n|-heal|p1a: Arceus|83\/100\n|move|p2a: Little ogerpon|Earth Power|p1a: Arceus\n|-damage|p1a: Arceus|39\/100\n|\n|upkeep\n|turn|21\n|\n|t:|1697747240\n|move|p1a: Arceus|Calm Mind|p1a: Arceus\n|-boost|p1a: Arceus|spa|1\n|-boost|p1a: Arceus|spd|1\n|move|p2a: Little ogerpon|Earth Power|p1a: Arceus\n|-damage|p1a: Arceus|12\/100\n|\n|upkeep\n|turn|22\n|\n|t:|1697747244\n|move|p1a: Arceus|Recover|p1a: Arceus\n|-heal|p1a: Arceus|62\/100\n|move|p2a: Little ogerpon|Earth Power|p1a: Arceus\n|-damage|p1a: Arceus|32\/100\n|\n|upkeep\n|turn|23\n|\n|t:|1697747257\n|switch|p2a: Little kong|Rillaboom, F|50\/100 brn\n|-fieldstart|move: Grassy Terrain|[from] ability: Grassy Surge|[of] p2a: Little kong\n|move|p1a: Arceus|Calm Mind|p1a: Arceus\n|-boost|p1a: Arceus|spa|1\n|-boost|p1a: Arceus|spd|1\n|\n|-heal|p1a: Arceus|38\/100|[from] Grassy Terrain\n|-heal|p2a: Little kong|56\/100 brn|[from] Grassy Terrain\n|-damage|p2a: Little kong|50\/100 brn|[from] brn\n|upkeep\n|turn|24\n|\n|t:|1697747261\n|move|p1a: Arceus|Judgment|p2a: Little kong\n|-supereffective|p2a: Little kong\n|-damage|p2a: Little kong|0 fnt\n|faint|p2a: Little kong\n|\n|-heal|p1a: Arceus|44\/100|[from] Grassy Terrain\n|upkeep\n|\n|t:|1697747264\n|switch|p2a: Little weavile|Sneasler, F|100\/100\n|-enditem|p2a: Little weavile|Grassy Seed\n|-boost|p2a: Little weavile|def|1|[from] item: Grassy Seed\n|turn|25\n|inactive|ovalboi has 270 seconds left.\n|\n|t:|1697747296\n|switch|p1a: Magearna|Magearna|100\/100\n|move|p2a: Little weavile|Close Combat|p1a: Magearna\n|-damage|p1a: Magearna|45\/100\n|-unboost|p2a: Little weavile|def|1\n|-unboost|p2a: Little weavile|spd|1\n|\n|-heal|p1a: Magearna|51\/100|[from] Grassy Terrain\n|-heal|p1a: Magearna|57\/100|[from] item: Leftovers\n|upkeep\n|turn|26\n|\n|t:|1697747318\n|switch|p2a: Little moth|Iron Moth|100\/100\n|move|p1a: Magearna|Draining Kiss|p2a: Little moth\n|-resisted|p2a: Little moth\n|-damage|p2a: Little moth|97\/100\n|-heal|p1a: Magearna|59\/100|[from] drain|[of] p2a: Little moth\n|\n|-heal|p2a: Little moth|100\/100|[from] Grassy Terrain\n|-heal|p1a: Magearna|65\/100|[from] Grassy Terrain\n|-heal|p1a: Magearna|71\/100|[from] item: Leftovers\n|upkeep\n|turn|27\n|\n|t:|1697747327\n|switch|p1a: Blissey|Blissey, F|100\/100\n|move|p2a: Little moth|U-turn|p1a: Blissey\n|-damage|p1a: Blissey|92\/100\n|\n|t:|1697747336\n|-end|p2a: Little moth|Quark Drive|[silent]\n|switch|p2a: Little weavile|Sneasler, F|100\/100|[from] U-turn\n|\n|-heal|p1a: Blissey|98\/100|[from] Grassy Terrain\n|-fieldend|move: Grassy Terrain\n|upkeep\n|turn|28\n|\n|t:|1697747347\n|switch|p1a: Giratina|Giratina|100\/100 slp\n|-ability|p1a: Giratina|Pressure\n|move|p2a: Little weavile|Dire Claw|p1a: Giratina\n|-resisted|p1a: Giratina\n|-damage|p1a: Giratina|91\/100 slp\n|\n|upkeep\n|turn|29\n|\n|t:|1697747351\n|move|p2a: Little weavile|Swords Dance|p2a: Little weavile\n|-boost|p2a: Little weavile|atk|2\n|cant|p1a: Giratina|slp\n|\n|upkeep\n|turn|30\n|\n|t:|1697747355\n|switch|p1a: Dondozo|Dondozo, F|88\/100\n|move|p2a: Little weavile|Lash Out|p1a: Dondozo\n|-damage|p1a: Dondozo|75\/100\n|\n|upkeep\n|turn|31\n|\n|t:|1697747362\n|move|p2a: Little weavile|Dire Claw|p1a: Dondozo\n|-damage|p1a: Dondozo|55\/100\n|-status|p1a: Dondozo|par\n|move|p1a: Dondozo|Curse|p1a: Dondozo\n|-unboost|p1a: Dondozo|spe|1\n|-boost|p1a: Dondozo|atk|1\n|-boost|p1a: Dondozo|def|1\n|\n|upkeep\n|turn|32\n|\n|t:|1697747370\n|switch|p2a: Little moth|Iron Moth|100\/100\n|move|p1a: Dondozo|Liquidation|p2a: Little moth\n|-supereffective|p2a: Little moth\n|-damage|p2a: Little moth|0 fnt\n|faint|p2a: Little moth\n|-end|p2a: Little moth|Quark Drive|[silent]\n|\n|upkeep\n|\n|t:|1697747374\n|switch|p2a: Little ogerpon|Arceus-Rock|100\/100\n|turn|33\n|inactive|ovalboi has 270 seconds left.\n|\n|t:|1697747430\n|-terastallize|p2a: Little ogerpon|Grass\n|move|p2a: Little ogerpon|Calm Mind|p2a: Little ogerpon\n|-boost|p2a: Little ogerpon|spa|1\n|-boost|p2a: Little ogerpon|spd|1\n|move|p1a: Dondozo|Liquidation|p2a: Little ogerpon\n|-resisted|p2a: Little ogerpon\n|-damage|p2a: Little ogerpon|87\/100\n|\n|upkeep\n|turn|34\n|inactive|ovalboi has 240 seconds left.\n|inactive|ovalboi has 210 seconds left.\n|\n|t:|1697747485\n|move|p2a: Little ogerpon|Calm Mind|p2a: Little ogerpon\n|-boost|p2a: Little ogerpon|spa|1\n|-boost|p2a: Little ogerpon|spd|1\n|cant|p1a: Dondozo|par\n|\n|upkeep\n|turn|35\n|\n|t:|1697747492\n|move|p2a: Little ogerpon|Calm Mind|p2a: Little ogerpon\n|-boost|p2a: Little ogerpon|spa|1\n|-boost|p2a: Little ogerpon|spd|1\n|move|p1a: Dondozo|Rest|p1a: Dondozo\n|-status|p1a: Dondozo|slp|[from] move: Rest\n|-heal|p1a: Dondozo|100\/100 slp|[silent]\n|\n|upkeep\n|turn|36\n|\n|t:|1697747497\n|move|p2a: Little ogerpon|Calm Mind|p2a: Little ogerpon\n|-boost|p2a: Little ogerpon|spa|1\n|-boost|p2a: Little ogerpon|spd|1\n|cant|p1a: Dondozo|slp\n|move|p1a: Dondozo|Sleep Talk|p1a: Dondozo\n|move|p1a: Dondozo|Rest||[from]move: Sleep Talk|[still]\n|-fail|p1a: Dondozo\n|\n|upkeep\n|turn|37\n|\n|t:|1697747500\n|move|p2a: Little ogerpon|Calm Mind|p2a: Little ogerpon\n|-boost|p2a: Little ogerpon|spa|1\n|-boost|p2a: Little ogerpon|spd|1\n|cant|p1a: Dondozo|slp\n|move|p1a: Dondozo|Sleep Talk|p1a: Dondozo\n|move|p1a: Dondozo|Curse|p1a: Dondozo|[from]move: Sleep Talk\n|-unboost|p1a: Dondozo|spe|1\n|-boost|p1a: Dondozo|atk|1\n|-boost|p1a: Dondozo|def|1\n|\n|upkeep\n|turn|38\n|inactive|ovalboi has 240 seconds left.\n|\n|t:|1697747511\n|move|p2a: Little ogerpon|Calm Mind|p2a: Little ogerpon\n|-boost|p2a: Little ogerpon|spa|1\n|-boost|p2a: Little ogerpon|spd|1\n|-curestatus|p1a: Dondozo|slp|[msg]\n|move|p1a: Dondozo|Liquidation|p2a: Little ogerpon\n|-resisted|p2a: Little ogerpon\n|-damage|p2a: Little ogerpon|66\/100\n|\n|upkeep\n|turn|39\n|\n|t:|1697747515\n|move|p2a: Little ogerpon|Giga Drain|p1a: Dondozo\n|-supereffective|p1a: Dondozo\n|-damage|p1a: Dondozo|29\/100\n|-heal|p2a: Little ogerpon|100\/100|[from] drain|[of] p1a: Dondozo\n|move|p1a: Dondozo|Liquidation|p2a: Little ogerpon\n|-resisted|p2a: Little ogerpon\n|-damage|p2a: Little ogerpon|81\/100\n|\n|upkeep\n|turn|40\n|\n|t:|1697747528\n|move|p2a: Little ogerpon|Giga Drain|p1a: Dondozo\n|-supereffective|p1a: Dondozo\n|-damage|p1a: Dondozo|0 fnt\n|-heal|p2a: Little ogerpon|97\/100|[from] drain|[of] p1a: Dondozo\n|faint|p1a: Dondozo\n|\n|upkeep\n|\n|t:|1697747530\n|switch|p1a: Blissey|Blissey, F|98\/100\n|turn|41\n|\n|t:|1697747533\n|move|p2a: Little ogerpon|Judgment|p1a: Blissey\n|-damage|p1a: Blissey|0 fnt\n|faint|p1a: Blissey\n|\n|upkeep\n|c|\u2606ovalboi|ggwp\n|-message|ovalboi forfeited.\n|\n|win|Bestmaindragonite\n|c|\u2606Bestmaindragonite|gg\n|l|\u2606ovalboi\n","uploadtime":1697747558,"views":40,"p1id":"ovalboi","p2id":"bestmaindragonite","formatid":"gen9ubers","rating":0,"private":0,"password":""}