{"id":"gen9ubers-1968346096","p1":"kirimissing","p2":"IspamObjection","format":"[Gen 9] Ubers","log":"|j|\u2606kirimissing\n|j|\u2606IspamObjection\n|t:|1697408472\n|gametype|singles\n|player|p1|kirimissing|clair|\n|player|p2|IspamObjection|skyla|\n|teamsize|p1|6\n|teamsize|p2|6\n|gen|9\n|tier|[Gen 9] Ubers\n|rule|Sleep Clause Mod: Limit one foe put to sleep\n|rule|Species Clause: Limit one of each Pok\u00e9mon\n|rule|OHKO Clause: OHKO moves are banned\n|rule|Evasion Items Clause: Evasion items are banned\n|rule|Evasion Moves Clause: Evasion moves are banned\n|rule|Endless Battle Clause: Forcing endless battles is banned\n|rule|HP Percentage Mod: HP is shown in percentages\n|clearpoke\n|poke|p1|Urshifu-*, M|\n|poke|p1|Palkia-Origin|\n|poke|p1|Manaphy|\n|poke|p1|Pelipper, F|\n|poke|p1|Hawlucha, F|\n|poke|p1|Zamazenta-*|\n|poke|p2|Giratina|\n|poke|p2|Garchomp, F|\n|poke|p2|Espathra, M|\n|poke|p2|Cyclizar, F|\n|poke|p2|Arceus-Fire|\n|poke|p2|Chi-Yu|\n|teampreview\n|\n|t:|1697408514\n|start\n|switch|p1a: Pelipper|Pelipper, F|100\/100\n|switch|p2a: Garchomp|Garchomp, F|100\/100\n|-weather|RainDance|[from] ability: Drizzle|[of] p1a: Pelipper\n|turn|1\n|\n|t:|1697408535\n|move|p2a: Garchomp|Stealth Rock|p1a: Pelipper\n|-sidestart|p1: kirimissing|move: Stealth Rock\n|move|p1a: Pelipper|Tailwind|p1a: Pelipper\n|-sidestart|p1: kirimissing|move: Tailwind\n|\n|-weather|RainDance|[upkeep]\n|upkeep\n|turn|2\n|\n|t:|1697408543\n|move|p2a: Garchomp|Spikes|p1a: Pelipper\n|-sidestart|p1: kirimissing|Spikes\n|move|p1a: Pelipper|U-turn|p2a: Garchomp\n|-damage|p2a: Garchomp|92\/100\n|-damage|p1a: Pelipper|88\/100|[from] ability: Rough Skin|[of] p2a: Garchomp\n|\n|t:|1697408555\n|switch|p1a: Hawlucha|Hawlucha, F|100\/100|[from] U-turn\n|-ability|p1a: Hawlucha|Mold Breaker\n|\n|-weather|RainDance|[upkeep]\n|upkeep\n|turn|3\n|\n|t:|1697408569\n|move|p1a: Hawlucha|Close Combat|p2a: Garchomp\n|-damage|p2a: Garchomp|52\/100\n|-unboost|p1a: Hawlucha|def|1\n|-unboost|p1a: Hawlucha|spd|1\n|-damage|p1a: Hawlucha|88\/100|[from] ability: Rough Skin|[of] p2a: Garchomp\n|move|p2a: Garchomp|Spikes|p1a: Hawlucha\n|-sidestart|p1: kirimissing|Spikes\n|\n|-weather|RainDance|[upkeep]\n|upkeep\n|turn|4\n|\n|t:|1697408580\n|move|p1a: Hawlucha|Defog|p2a: Garchomp\n|-unboost|p2a: Garchomp|evasion|1\n|-sideend|p1: kirimissing|Spikes|[from] move: Defog|[of] p1a: Hawlucha\n|-sideend|p1: kirimissing|Stealth Rock|[from] move: Defog|[of] p1a: Hawlucha\n|move|p2a: Garchomp|Outrage|p1a: Hawlucha\n|-damage|p1a: Hawlucha|0 fnt\n|faint|p1a: Hawlucha\n|\n|-weather|RainDance|[upkeep]\n|-sideend|p1: kirimissing|move: Tailwind\n|upkeep\n|\n|t:|1697408592\n|switch|p1a: Palkia|Palkia-Origin|100\/100\n|-ability|p1a: Palkia|Pressure\n|turn|5\n|j| nimjaishot\n|\n|t:|1697408602\n|move|p1a: Palkia|Spacial Rend|p2a: Garchomp\n|-supereffective|p2a: Garchomp\n|-damage|p2a: Garchomp|0 fnt\n|faint|p2a: Garchomp\n|\n|-weather|RainDance|[upkeep]\n|upkeep\n|\n|t:|1697408643\n|switch|p2a: Chi-Yu|Chi-Yu|100\/100\n|-ability|p2a: Chi-Yu|Beads of Ruin\n|turn|6\n|\n|t:|1697408651\n|move|p2a: Chi-Yu|Dark Pulse|p1a: Palkia\n|-damage|p1a: Palkia|47\/100\n|move|p1a: Palkia|Hydro Pump|p2a: Chi-Yu\n|-supereffective|p2a: Chi-Yu\n|-damage|p2a: Chi-Yu|0 fnt\n|faint|p2a: Chi-Yu\n|\n|-weather|RainDance|[upkeep]\n|upkeep\n|\n|t:|1697408700\n|switch|p2a: Giratina|Giratina|100\/100\n|-ability|p2a: Giratina|Pressure\n|turn|7\n|\n|t:|1697408708\n|-terastallize|p2a: Giratina|Normal\n|move|p1a: Palkia|Spacial Rend|p2a: Giratina\n|-damage|p2a: Giratina|62\/100\n|move|p2a: Giratina|Roar|p1a: Palkia\n|drag|p1a: Urshifu|Urshifu-Rapid-Strike, M|100\/100\n|\n|-weather|RainDance|[upkeep]\n|-heal|p2a: Giratina|68\/100|[from] item: Leftovers\n|upkeep\n|turn|8\n|\n|t:|1697408735\n|-terastallize|p1a: Urshifu|Fighting\n|move|p1a: Urshifu|Close Combat|p2a: Giratina\n|-supereffective|p2a: Giratina\n|-damage|p2a: Giratina|5\/100\n|-unboost|p1a: Urshifu|def|1\n|-unboost|p1a: Urshifu|spd|1\n|move|p2a: Giratina|Will-O-Wisp|p1a: Urshifu|[miss]\n|-miss|p2a: Giratina|p1a: Urshifu\n|\n|-weather|none\n|-heal|p2a: Giratina|11\/100|[from] item: Leftovers\n|upkeep\n|turn|9\n|\n|t:|1697408749\n|move|p1a: Urshifu|Aqua Jet|p2a: Giratina\n|-damage|p2a: Giratina|4\/100\n|move|p2a: Giratina|Will-O-Wisp|p1a: Urshifu\n|-status|p1a: Urshifu|brn\n|\n|-heal|p2a: Giratina|10\/100|[from] item: Leftovers\n|-damage|p1a: Urshifu|94\/100 brn|[from] brn\n|upkeep\n|turn|10\n|\n|t:|1697408760\n|switch|p1a: Pelipper|Pelipper, F|88\/100\n|-weather|RainDance|[from] ability: Drizzle|[of] p1a: Pelipper\n|move|p2a: Giratina|Rest|p2a: Giratina\n|-status|p2a: Giratina|slp|[from] move: Rest\n|-heal|p2a: Giratina|100\/100 slp|[silent]\n|\n|-weather|RainDance|[upkeep]\n|upkeep\n|turn|11\n|\n|t:|1697408768\n|switch|p1a: Manaphy|Manaphy|100\/100\n|cant|p2a: Giratina|slp\n|move|p2a: Giratina|Sleep Talk|p2a: Giratina\n|move|p2a: Giratina|Roar|p1a: Manaphy|[from]move: Sleep Talk\n|drag|p1a: Zamazenta|Zamazenta-Crowned|100\/100\n|-ability|p1a: Zamazenta|Dauntless Shield|boost\n|-boost|p1a: Zamazenta|def|1\n|\n|-weather|RainDance|[upkeep]\n|upkeep\n|turn|12\n|\n|t:|1697408778\n|move|p1a: Zamazenta|Body Press|p2a: Giratina\n|-supereffective|p2a: Giratina\n|-damage|p2a: Giratina|46\/100 slp\n|cant|p2a: Giratina|slp\n|move|p2a: Giratina|Sleep Talk|p2a: Giratina\n|move|p2a: Giratina|Roar|p1a: Zamazenta|[from]move: Sleep Talk\n|drag|p1a: Palkia|Palkia-Origin|47\/100\n|-ability|p1a: Palkia|Pressure\n|\n|-weather|RainDance|[upkeep]\n|-heal|p2a: Giratina|52\/100 slp|[from] item: Leftovers\n|upkeep\n|turn|13\n|\n|t:|1697408836\n|move|p1a: Palkia|Hydro Pump|p2a: Giratina\n|-damage|p2a: Giratina|0 fnt\n|faint|p2a: Giratina\n|\n|-weather|RainDance|[upkeep]\n|upkeep\n|\n|t:|1697408844\n|switch|p2a: Cyclizar|Cyclizar, F|100\/100\n|turn|14\n|\n|t:|1697408861\n|move|p2a: Cyclizar|Shed Tail|p2a: Cyclizar\n|-start|p2a: Cyclizar|Substitute|[from] move: Shed Tail\n|-damage|p2a: Cyclizar|50\/100\n|\n|t:|1697408890\n|switch|p2a: Espathra|Espathra, M|100\/100|[from] Shed Tail\n|move|p1a: Palkia|Spacial Rend|p2a: Espathra\n|-end|p2a: Espathra|Substitute\n|\n|-weather|RainDance|[upkeep]\n|upkeep\n|turn|15\n|\n|t:|1697408922\n|move|p1a: Palkia|Thunder|p2a: Espathra\n|-damage|p2a: Espathra|43\/100\n|-status|p2a: Espathra|par\n|cant|p2a: Espathra|par\n|\n|-weather|RainDance|[upkeep]\n|-heal|p2a: Espathra|50\/100 par|[from] item: Leftovers\n|-ability|p2a: Espathra|Speed Boost|boost\n|-boost|p2a: Espathra|spe|1\n|upkeep\n|turn|16\n|c|\u2606IspamObjection|damn\n|\n|t:|1697408934\n|move|p1a: Palkia|Thunder|p2a: Espathra\n|-crit|p2a: Espathra\n|-damage|p2a: Espathra|0 fnt\n|faint|p2a: Espathra\n|\n|-weather|RainDance|[upkeep]\n|upkeep\n|\n|t:|1697408939\n|switch|p2a: Cyclizar|Cyclizar, F|84\/100\n|turn|17\n|c|\u2606kirimissing|that was sade tbh\n|c|\u2606kirimissing|didnt even fish for that\n|\n|t:|1697408961\n|move|p2a: Cyclizar|Shed Tail|p2a: Cyclizar\n|-start|p2a: Cyclizar|Substitute|[from] move: Shed Tail\n|-damage|p2a: Cyclizar|34\/100\n|c|\u2606kirimissing|just didnt want to miss\n|\n|t:|1697408991\n|switch|p2a: Arceus|Arceus-Fire, shiny|100\/100|[from] Shed Tail\n|move|p1a: Palkia|Spacial Rend|p2a: Arceus\n|-end|p2a: Arceus|Substitute\n|\n|-weather|none\n|upkeep\n|turn|18\n|c|\u2606IspamObjection|ye makes sense\n|\n|t:|1697409004\n|move|p1a: Palkia|Earth Power|p2a: Arceus\n|-supereffective|p2a: Arceus\n|-damage|p2a: Arceus|46\/100\n|move|p2a: Arceus|Dragon Dance|p2a: Arceus\n|-boost|p2a: Arceus|atk|1\n|-boost|p2a: Arceus|spe|1\n|\n|upkeep\n|turn|19\n|\n|t:|1697409015\n|move|p2a: Arceus|Extreme Speed|p1a: Palkia\n|-damage|p1a: Palkia|2\/100\n|move|p1a: Palkia|Earth Power|p2a: Arceus\n|-supereffective|p2a: Arceus\n|-damage|p2a: Arceus|0 fnt\n|faint|p2a: Arceus\n|\n|upkeep\n|\n|t:|1697409020\n|switch|p2a: Cyclizar|Cyclizar, F|67\/100\n|turn|20\n|\n|t:|1697409025\n|move|p2a: Cyclizar|Rapid Spin|p1a: Palkia\n|-damage|p1a: Palkia|0 fnt\n|-boost|p2a: Cyclizar|spe|1\n|faint|p1a: Palkia\n|\n|upkeep\n|\n|t:|1697409032\n|switch|p1a: Zamazenta|Zamazenta-Crowned|100\/100\n|turn|21\n|\n|t:|1697409035\n|move|p2a: Cyclizar|Rapid Spin|p1a: Zamazenta\n|-resisted|p1a: Zamazenta\n|-damage|p1a: Zamazenta|97\/100\n|-boost|p2a: Cyclizar|spe|1\n|move|p1a: Zamazenta|Body Press|p2a: Cyclizar\n|-supereffective|p2a: Cyclizar\n|-damage|p2a: Cyclizar|0 fnt\n|faint|p2a: Cyclizar\n|\n|win|kirimissing\n|c|\u2606kirimissing|gg\n|c|\u2606IspamObjection|gg\n|l|\u2606IspamObjection\n|l| nimjaishot\n","uploadtime":1697409065,"views":11,"p1id":"kirimissing","p2id":"ispamobjection","formatid":"gen9ubers","rating":0,"private":0,"password":""}