{"id":"gen9ubers-1982290996","p1":"wamkou","p2":"chriscanway","format":"[Gen 9] Ubers","log":"|j|\u2606wamkou\n|j|\u2606chriscanway\n|t:|1698991004\n|gametype|singles\n|player|p1|wamkou|elesa-masters2|\n|player|p2|chriscanway|ethan|\n|teamsize|p1|6\n|teamsize|p2|6\n|gen|9\n|tier|[Gen 9] Ubers\n|rule|Sleep Clause Mod: Limit one foe put to sleep\n|rule|Species Clause: Limit one of each Pok\u00e9mon\n|rule|OHKO Clause: OHKO moves are banned\n|rule|Evasion Items Clause: Evasion items are banned\n|rule|Evasion Moves Clause: Evasion moves are banned\n|rule|Endless Battle Clause: Forcing endless battles is banned\n|rule|HP Percentage Mod: HP is shown in percentages\n|clearpoke\n|poke|p1|Scizor, M|\n|poke|p1|Heatran, F|\n|poke|p1|Palkia-Origin|\n|poke|p1|Palafin, F|\n|poke|p1|Magearna|\n|poke|p1|Zacian-*|\n|poke|p2|Magearna|\n|poke|p2|Dragapult, F|\n|poke|p2|Chi-Yu|\n|poke|p2|Slowking-Galar, M|\n|poke|p2|Ogerpon-Wellspring, F|\n|poke|p2|Zacian-*|\n|teampreview\n|c|\u2606chriscanway|Me desperately trying to make g slowking work lmao\n|\n|t:|1698991047\n|start\n|switch|p1a: Palafin|Palafin, F|100\/100\n|switch|p2a: Ogerpon|Ogerpon-Wellspring, F|100\/100\n|turn|1\n|\n|t:|1698991062\n|detailschange|p1a: Palafin|Palafin-Hero, F\n|switch|p1a: Palkia|Palkia-Origin|100\/100\n|-ability|p1a: Palkia|Pressure\n|move|p2a: Ogerpon|Swords Dance|p2a: Ogerpon\n|-boost|p2a: Ogerpon|atk|2\n|\n|upkeep\n|turn|2\n|\n|t:|1698991071\n|move|p1a: Palkia|Spacial Rend|p2a: Ogerpon\n|-damage|p2a: Ogerpon|14\/100\n|move|p2a: Ogerpon|Power Whip|p1a: Palkia\n|-damage|p1a: Palkia|0 fnt\n|faint|p1a: Palkia\n|\n|upkeep\n|\n|t:|1698991078\n|switch|p1a: Scizor|Scizor, M, shiny|100\/100\n|turn|3\n|\n|t:|1698991084\n|move|p1a: Scizor|Bullet Punch|p2a: Ogerpon\n|-resisted|p2a: Ogerpon\n|-damage|p2a: Ogerpon|0 fnt\n|faint|p2a: Ogerpon\n|\n|upkeep\n|\n|t:|1698991101\n|switch|p2a: Dragapult|Dragapult, F|100\/100\n|turn|4\n|\n|t:|1698991107\n|switch|p1a: Heatran|Heatran, F|100\/100\n|move|p2a: Dragapult|Shadow Ball|p1a: Heatran\n|-damage|p1a: Heatran|63\/100\n|\n|-heal|p1a: Heatran|69\/100|[from] item: Leftovers\n|upkeep\n|turn|5\n|\n|t:|1698991121\n|move|p2a: Dragapult|Shadow Ball|p1a: Heatran\n|-damage|p1a: Heatran|34\/100\n|-unboost|p1a: Heatran|spd|1\n|move|p1a: Heatran|Stealth Rock|p2a: Dragapult\n|-sidestart|p2: chriscanway|move: Stealth Rock\n|\n|-heal|p1a: Heatran|40\/100|[from] item: Leftovers\n|upkeep\n|turn|6\n|\n|t:|1698991129\n|switch|p1a: Magearna|Magearna|100\/100\n|move|p2a: Dragapult|Shadow Ball|p1a: Magearna\n|-damage|p1a: Magearna|63\/100\n|\n|-heal|p1a: Magearna|69\/100|[from] item: Leftovers\n|upkeep\n|turn|7\n|\n|t:|1698991139\n|switch|p2a: Magearna|Magearna|100\/100\n|-damage|p2a: Magearna|94\/100|[from] Stealth Rock\n|move|p1a: Magearna|Draining Kiss|p2a: Magearna\n|-resisted|p2a: Magearna\n|-damage|p2a: Magearna|85\/100\n|-heal|p1a: Magearna|75\/100|[from] drain|[of] p2a: Magearna\n|\n|-heal|p2a: Magearna|91\/100|[from] item: Leftovers\n|-heal|p1a: Magearna|82\/100|[from] item: Leftovers\n|upkeep\n|turn|8\n|\n|t:|1698991149\n|move|p2a: Magearna|Thunder Wave|p1a: Magearna\n|-status|p1a: Magearna|par\n|move|p1a: Magearna|Spikes|p2a: Magearna\n|-sidestart|p2: chriscanway|Spikes\n|\n|-heal|p2a: Magearna|97\/100|[from] item: Leftovers\n|-heal|p1a: Magearna|88\/100 par|[from] item: Leftovers\n|upkeep\n|turn|9\n|\n|t:|1698991153\n|move|p2a: Magearna|Spikes|p1a: Magearna\n|-sidestart|p1: wamkou|Spikes\n|move|p1a: Magearna|Thunder Wave|p2a: Magearna\n|-status|p2a: Magearna|par\n|\n|-heal|p1a: Magearna|94\/100 par|[from] item: Leftovers\n|-heal|p2a: Magearna|100\/100 par|[from] item: Leftovers\n|upkeep\n|turn|10\n|\n|t:|1698991158\n|move|p2a: Magearna|Spikes|p1a: Magearna\n|-sidestart|p1: wamkou|Spikes\n|cant|p1a: Magearna|par\n|\n|-heal|p1a: Magearna|99\/100 par|[from] item: Leftovers\n|upkeep\n|turn|11\n|\n|t:|1698991161\n|move|p2a: Magearna|Spikes|p1a: Magearna\n|-sidestart|p1: wamkou|Spikes\n|move|p1a: Magearna|Spikes|p2a: Magearna\n|-sidestart|p2: chriscanway|Spikes\n|\n|-heal|p1a: Magearna|100\/100 par|[from] item: Leftovers\n|upkeep\n|turn|12\n|\n|t:|1698991171\n|move|p1a: Magearna|Spikes|p2a: Magearna\n|-sidestart|p2: chriscanway|Spikes\n|cant|p2a: Magearna|par\n|\n|upkeep\n|turn|13\n|\n|t:|1698991177\n|cant|p2a: Magearna|par\n|move|p1a: Magearna|Draining Kiss|p2a: Magearna\n|-resisted|p2a: Magearna\n|-damage|p2a: Magearna|92\/100 par\n|\n|-heal|p2a: Magearna|98\/100 par|[from] item: Leftovers\n|upkeep\n|turn|14\n|\n|t:|1698991183\n|cant|p1a: Magearna|par\n|cant|p2a: Magearna|par\n|\n|-heal|p2a: Magearna|100\/100 par|[from] item: Leftovers\n|upkeep\n|turn|15\n|\n|t:|1698991187\n|move|p2a: Magearna|Volt Switch|p1a: Magearna\n|-damage|p1a: Magearna|88\/100 par\n|\n|t:|1698991193\n|switch|p2a: Chi-Yu|Chi-Yu|100\/100|[from] Volt Switch\n|-damage|p2a: Chi-Yu|76\/100|[from] Stealth Rock\n|-damage|p2a: Chi-Yu|51\/100|[from] Spikes\n|-ability|p2a: Chi-Yu|Beads of Ruin\n|move|p1a: Magearna|Ice Beam|p2a: Chi-Yu\n|-resisted|p2a: Chi-Yu\n|-crit|p2a: Chi-Yu\n|-damage|p2a: Chi-Yu|28\/100\n|\n|-heal|p1a: Magearna|94\/100 par|[from] item: Leftovers\n|upkeep\n|turn|16\n|\n|t:|1698991212\n|move|p2a: Chi-Yu|Flamethrower|p1a: Magearna\n|-supereffective|p1a: Magearna\n|-damage|p1a: Magearna|11\/100 par\n|move|p1a: Magearna|Draining Kiss|p2a: Chi-Yu\n|-damage|p2a: Chi-Yu|4\/100\n|-heal|p1a: Magearna|24\/100 par|[from] drain|[of] p2a: Chi-Yu\n|\n|-heal|p1a: Magearna|30\/100 par|[from] item: Leftovers\n|upkeep\n|turn|17\n|\n|t:|1698991220\n|switch|p1a: Heatran|Heatran, F|40\/100\n|-damage|p1a: Heatran|15\/100|[from] Spikes\n|move|p2a: Chi-Yu|Flamethrower|p1a: Heatran\n|-start|p1a: Heatran|ability: Flash Fire\n|\n|-heal|p1a: Heatran|21\/100|[from] item: Leftovers\n|upkeep\n|turn|18\n|\n|t:|1698991236\n|move|p2a: Chi-Yu|Flamethrower|p1a: Heatran\n|-immune|p1a: Heatran|[from] ability: Flash Fire\n|move|p1a: Heatran|Earth Power|p2a: Chi-Yu\n|-supereffective|p2a: Chi-Yu\n|-damage|p2a: Chi-Yu|0 fnt\n|faint|p2a: Chi-Yu\n|\n|-heal|p1a: Heatran|27\/100|[from] item: Leftovers\n|upkeep\n|\n|t:|1698991241\n|switch|p2a: Dragapult|Dragapult, F|100\/100\n|-damage|p2a: Dragapult|88\/100|[from] Stealth Rock\n|-damage|p2a: Dragapult|63\/100|[from] Spikes\n|turn|19\n|\n|t:|1698991245\n|move|p2a: Dragapult|Shadow Ball|p1a: Heatran\n|-damage|p1a: Heatran|0 fnt\n|faint|p1a: Heatran\n|\n|upkeep\n|\n|t:|1698991256\n|switch|p1a: Palafin|Palafin-Hero, F|100\/100\n|-damage|p1a: Palafin|76\/100|[from] Spikes\n|-activate|p1a: Palafin|ability: Zero to Hero\n|turn|20\n|\n|t:|1698991260\n|-terastallize|p2a: Dragapult|Ghost\n|-terastallize|p1a: Palafin|Water\n|move|p1a: Palafin|Jet Punch|p2a: Dragapult\n|-damage|p2a: Dragapult|0 fnt\n|faint|p2a: Dragapult\n|\n|upkeep\n|\n|t:|1698991267\n|switch|p2a: Slowking|Slowking-Galar, M|100\/100\n|-damage|p2a: Slowking|88\/100|[from] Stealth Rock\n|-damage|p2a: Slowking|63\/100|[from] Spikes\n|turn|21\n|\n|t:|1698991275\n|move|p1a: Palafin|Jet Punch|p2a: Slowking\n|-crit|p2a: Slowking\n|-damage|p2a: Slowking|0 fnt\n|faint|p2a: Slowking\n|\n|upkeep\n|\n|t:|1698991277\n|switch|p2a: Zacian|Zacian|100\/100\n|-ability|p2a: Zacian|Intrepid Sword|boost\n|-boost|p2a: Zacian|atk|1\n|turn|22\n|\n|t:|1698991282\n|move|p1a: Palafin|Jet Punch|p2a: Zacian\n|-damage|p2a: Zacian|29\/100\n|move|p2a: Zacian|Swords Dance|p2a: Zacian\n|-boost|p2a: Zacian|atk|2\n|\n|upkeep\n|turn|23\n|\n|t:|1698991285\n|move|p1a: Palafin|Jet Punch|p2a: Zacian\n|-damage|p2a: Zacian|0 fnt\n|faint|p2a: Zacian\n|\n|upkeep\n|\n|t:|1698991288\n|switch|p2a: Magearna|Magearna|100\/100 par\n|-damage|p2a: Magearna|94\/100 par|[from] Stealth Rock\n|-damage|p2a: Magearna|69\/100 par|[from] Spikes\n|turn|24\n|\n|t:|1698991292\n|move|p1a: Palafin|Jet Punch|p2a: Magearna\n|-crit|p2a: Magearna\n|-damage|p2a: Magearna|0 fnt\n|faint|p2a: Magearna\n|\n|win|wamkou\n","uploadtime":1698991298,"views":12,"p1id":"wamkou","p2id":"chriscanway","formatid":"gen9ubers","rating":0,"private":0,"password":""}