{"id":"gen9ubers-1974625478","p1":"Rival Andrew","p2":"darkmoju","format":"[Gen 9] Ubers","log":"|j|\u2606Rival Andrew\n|j|\u2606darkmoju\n|t:|1698103935\n|gametype|singles\n|player|p1|Rival Andrew|silver|\n|player|p2|darkmoju|ghetsis-gen5bw|\n|teamsize|p1|6\n|teamsize|p2|6\n|gen|9\n|tier|[Gen 9] Ubers\n|rule|Sleep Clause Mod: Limit one foe put to sleep\n|rule|Species Clause: Limit one of each Pok\u00e9mon\n|rule|OHKO Clause: OHKO moves are banned\n|rule|Evasion Items Clause: Evasion items are banned\n|rule|Evasion Moves Clause: Evasion moves are banned\n|rule|Endless Battle Clause: Forcing endless battles is banned\n|rule|HP Percentage Mod: HP is shown in percentages\n|clearpoke\n|poke|p1|Groudon|\n|poke|p1|Koraidon|\n|poke|p1|Ogerpon-Hearthflame, F|\n|poke|p1|Walking Wake|\n|poke|p1|Regieleki|\n|poke|p1|Ursaluna-Bloodmoon, M|\n|poke|p2|Dialga-Origin|\n|poke|p2|Palkia-Origin|\n|poke|p2|Giratina-Origin|\n|poke|p2|Arceus|\n|poke|p2|Groudon|\n|poke|p2|Eternatus|\n|teampreview\n|j| Sonad~\n|c|\u2606darkmoju|glhf sir\n|c|\u2606Rival Andrew|agreed champ\n|j| Hand0fD00m\n|\n|t:|1698103970\n|start\n|switch|p1a: Hades|Groudon|100\/100\n|switch|p2a: Palkia|Palkia-Origin|100\/100\n|-ability|p2a: Palkia|Pressure\n|-weather|SunnyDay|[from] ability: Drought|[of] p1a: Hades\n|turn|1\n|c| Hand0fD00m|gl lads!\n|\n|t:|1698104005\n|move|p2a: Palkia|Spacial Rend|p1a: Hades\n|-crit|p1a: Hades\n|-damage|p1a: Hades|27\/100\n|move|p1a: Hades|Spikes|p2a: Palkia\n|-sidestart|p2: darkmoju|Spikes\n|\n|-weather|SunnyDay|[upkeep]\n|-heal|p1a: Hades|33\/100|[from] item: Leftovers\n|upkeep\n|turn|2\n|\n|t:|1698104012\n|-terastallize|p1a: Hades|Fairy\n|move|p2a: Palkia|Spacial Rend|p1a: Hades\n|-immune|p1a: Hades\n|move|p1a: Hades|Earthquake|p2a: Palkia\n|-damage|p2a: Palkia|46\/100\n|\n|-weather|SunnyDay|[upkeep]\n|-heal|p1a: Hades|39\/100|[from] item: Leftovers\n|upkeep\n|turn|3\n|\n|t:|1698104025\n|switch|p2a: Giratina|Giratina-Origin, shiny|100\/100\n|move|p1a: Hades|Stealth Rock|p2a: Giratina\n|-sidestart|p2: darkmoju|move: Stealth Rock\n|\n|-weather|SunnyDay|[upkeep]\n|-heal|p1a: Hades|45\/100|[from] item: Leftovers\n|upkeep\n|turn|4\n|\n|t:|1698104043\n|move|p2a: Giratina|Defog|p1a: Hades\n|-unboost|p1a: Hades|evasion|1\n|-sideend|p2: darkmoju|Spikes|[from] move: Defog|[of] p2a: Giratina\n|-sideend|p2: darkmoju|Stealth Rock|[from] move: Defog|[of] p2a: Giratina\n|move|p1a: Hades|Will-O-Wisp|p2a: Giratina|[miss]\n|-miss|p1a: Hades|p2a: Giratina\n|\n|-weather|SunnyDay|[upkeep]\n|-heal|p1a: Hades|51\/100|[from] item: Leftovers\n|upkeep\n|turn|5\n|\n|t:|1698104056\n|move|p2a: Giratina|Shadow Ball|p1a: Hades\n|-damage|p1a: Hades|24\/100\n|move|p1a: Hades|Will-O-Wisp|p2a: Giratina\n|-status|p2a: Giratina|brn\n|\n|-weather|none\n|-heal|p1a: Hades|30\/100|[from] item: Leftovers\n|-damage|p2a: Giratina|94\/100 brn|[from] brn\n|upkeep\n|turn|6\n|\n|t:|1698104067\n|switch|p1a: Eclipse|Ursaluna-Bloodmoon, M|100\/100\n|move|p2a: Giratina|Shadow Ball|p1a: Eclipse\n|-immune|p1a: Eclipse\n|\n|-damage|p2a: Giratina|88\/100 brn|[from] brn\n|upkeep\n|turn|7\n|\n|t:|1698104076\n|move|p2a: Giratina|Draco Meteor|p1a: Eclipse\n|-damage|p1a: Eclipse|15\/100\n|-unboost|p2a: Giratina|spa|2\n|move|p1a: Eclipse|Blood Moon|p2a: Giratina\n|-damage|p2a: Giratina|0 fnt\n|faint|p2a: Giratina\n|-damage|p1a: Eclipse|5\/100|[from] item: Life Orb\n|\n|upkeep\n|\n|t:|1698104104\n|switch|p2a: Dialga|Dialga-Origin|100\/100\n|-ability|p2a: Dialga|Pressure\n|turn|8\n|\n|t:|1698104112\n|move|p2a: Dialga|Flash Cannon|p1a: Eclipse\n|-damage|p1a: Eclipse|0 fnt\n|faint|p1a: Eclipse\n|\n|upkeep\n|\n|t:|1698104123\n|switch|p1a: Zagreus|Koraidon|100\/100\n|-weather|SunnyDay|[from] ability: Orichalcum Pulse|[of] p1a: Zagreus\n|-activate|p1a: Zagreus|Orichalcum Pulse|[source]\n|turn|9\n|\n|t:|1698104129\n|-terastallize|p2a: Dialga|Fairy\n|move|p1a: Zagreus|Collision Course|p2a: Dialga\n|-resisted|p2a: Dialga\n|-damage|p2a: Dialga|71\/100\n|move|p2a: Dialga|Draco Meteor|p1a: Zagreus\n|-supereffective|p1a: Zagreus\n|-damage|p1a: Zagreus|0 fnt\n|-unboost|p2a: Dialga|spa|2\n|faint|p1a: Zagreus\n|\n|-weather|SunnyDay|[upkeep]\n|upkeep\n|\n|t:|1698104139\n|switch|p1a: Majora|Ogerpon-Hearthflame, F|100\/100\n|-ability|p1a: Majora|Mold Breaker\n|turn|10\n|\n|t:|1698104145\n|switch|p2a: Palkia|Palkia-Origin|46\/100\n|-ability|p2a: Palkia|Pressure\n|move|p1a: Majora|Ivy Cudgel|p2a: Palkia\n|-resisted|p2a: Palkia\n|-damage|p2a: Palkia|24\/100\n|\n|-weather|SunnyDay|[upkeep]\n|upkeep\n|turn|11\n|\n|t:|1698104155\n|move|p2a: Palkia|Thunder Wave|p1a: Majora\n|-status|p1a: Majora|par\n|move|p1a: Majora|Horn Leech|p2a: Palkia\n|-damage|p2a: Palkia|0 fnt\n|faint|p2a: Palkia\n|\n|-weather|SunnyDay|[upkeep]\n|upkeep\n|\n|t:|1698104162\n|switch|p2a: Arceus|Arceus, shiny|100\/100\n|turn|12\n|\n|t:|1698104166\n|move|p2a: Arceus|Swords Dance|p2a: Arceus\n|-boost|p2a: Arceus|atk|2\n|move|p1a: Majora|Ivy Cudgel|p2a: Arceus\n|-damage|p2a: Arceus|43\/100\n|\n|-weather|SunnyDay|[upkeep]\n|upkeep\n|turn|13\n|\n|t:|1698104172\n|move|p1a: Majora|Spiky Shield|p1a: Majora\n|-singleturn|p1a: Majora|move: Protect\n|move|p2a: Arceus|Extreme Speed|p1a: Majora\n|-activate|p1a: Majora|move: Protect\n|-damage|p2a: Arceus|30\/100|[from] Spiky Shield|[of] p1a: Majora\n|\n|-weather|none\n|upkeep\n|turn|14\n|\n|t:|1698104186\n|move|p2a: Arceus|Extreme Speed|p1a: Majora\n|-damage|p1a: Majora|0 fnt\n|faint|p1a: Majora\n|\n|upkeep\n|\n|t:|1698104190\n|switch|p1a: Hurried Hurricane|Walking Wake|100\/100\n|turn|15\n|\n|t:|1698104198\n|move|p2a: Arceus|Extreme Speed|p1a: Hurried Hurricane\n|-damage|p1a: Hurried Hurricane|0 fnt\n|faint|p1a: Hurried Hurricane\n|-end|p1a: Hurried Hurricane|Protosynthesis|[silent]\n|\n|upkeep\n|\n|t:|1698104204\n|switch|p1a: Hades|Groudon, tera:Fairy|30\/100\n|-weather|SunnyDay|[from] ability: Drought|[of] p1a: Hades\n|turn|16\n|\n|t:|1698104207\n|move|p2a: Arceus|Extreme Speed|p1a: Hades\n|-damage|p1a: Hades|0 fnt\n|faint|p1a: Hades\n|\n|-weather|SunnyDay|[upkeep]\n|upkeep\n|\n|t:|1698104209\n|switch|p1a: Regicocaine|Regieleki, shiny|100\/100\n|turn|17\n|\n|t:|1698104211\n|move|p2a: Arceus|Extreme Speed|p1a: Regicocaine\n|-damage|p1a: Regicocaine|0 fnt\n|faint|p1a: Regicocaine\n|\n|win|darkmoju\n|c|\u2606Rival Andrew|gg\n|c|\u2606darkmoju|gg\n","uploadtime":1698104220,"views":14,"p1id":"rivalandrew","p2id":"darkmoju","formatid":"gen9ubers","rating":0,"private":0,"password":""}