{"id":"gen9ubers-1990848910","p1":"RektCactus","p2":"Wha1efish","format":"[Gen 9] Ubers","log":"|j|\u2606RektCactus\n|j|\u2606Wha1efish\n|t:|1700007287\n|gametype|singles\n|player|p1|RektCactus|266|\n|player|p2|Wha1efish|cynthia-gen4|\n|teamsize|p1|6\n|teamsize|p2|6\n|gen|9\n|tier|[Gen 9] Ubers\n|rule|Sleep Clause Mod: Limit one foe put to sleep\n|rule|Species Clause: Limit one of each Pok\u00e9mon\n|rule|OHKO Clause: OHKO moves are banned\n|rule|Evasion Items Clause: Evasion items are banned\n|rule|Evasion Moves Clause: Evasion moves are banned\n|rule|Endless Battle Clause: Forcing endless battles is banned\n|rule|HP Percentage Mod: HP is shown in percentages\n|clearpoke\n|poke|p1|Sneasler, M|\n|poke|p1|Landorus-Therian, M|\n|poke|p1|Glimmora, M|\n|poke|p1|Heatran, M|\n|poke|p1|Sinistcha|\n|poke|p1|Ogerpon-Hearthflame, F|\n|poke|p2|Annihilape, M|\n|poke|p2|Hydreigon, M|\n|poke|p2|Espathra, M|\n|poke|p2|Weezing-Galar, F|\n|poke|p2|Thundurus, M|\n|poke|p2|Gastrodon, F|\n|teampreview\n|\n|t:|1700007355\n|start\n|switch|p1a: Heatran|Heatran, M|100\/100\n|switch|p2a: Gastrodon|Gastrodon, F|100\/100\n|-item|p1a: Heatran|Air Balloon\n|turn|1\n|\n|t:|1700007367\n|switch|p1a: Sinistcha|Sinistcha|100\/100\n|move|p2a: Gastrodon|Stealth Rock|p1a: Sinistcha\n|-sidestart|p1: RektCactus|move: Stealth Rock\n|\n|upkeep\n|turn|2\n|j| flambojambo\n|\n|t:|1700007382\n|switch|p2a: Hydreigon|Hydreigon, M|100\/100\n|move|p1a: Sinistcha|Calm Mind|p1a: Sinistcha\n|-boost|p1a: Sinistcha|spa|1\n|-boost|p1a: Sinistcha|spd|1\n|\n|upkeep\n|turn|3\n|\n|t:|1700007404\n|switch|p1a: Ogerpon|Ogerpon-Hearthflame, F|100\/100\n|-damage|p1a: Ogerpon|76\/100|[from] Stealth Rock\n|-ability|p1a: Ogerpon|Mold Breaker\n|move|p2a: Hydreigon|Dark Pulse|p1a: Ogerpon\n|-damage|p1a: Ogerpon|2\/100\n|\n|upkeep\n|turn|4\n|\n|t:|1700007413\n|switch|p2a: Weezing|Weezing-Galar, F|100\/100\n|move|p1a: Ogerpon|Play Rough|p2a: Weezing\n|-resisted|p2a: Weezing\n|-damage|p2a: Weezing|90\/100\n|\n|-heal|p2a: Weezing|96\/100|[from] item: Black Sludge\n|upkeep\n|turn|5\n|\n|t:|1700007424\n|switch|p1a: Glimmora|Glimmora, M|100\/100\n|-damage|p1a: Glimmora|88\/100|[from] Stealth Rock\n|move|p2a: Weezing|Sludge Bomb|p1a: Glimmora\n|-resisted|p1a: Glimmora\n|-damage|p1a: Glimmora|79\/100\n|\n|-heal|p2a: Weezing|100\/100|[from] item: Black Sludge\n|upkeep\n|turn|6\n|\n|t:|1700007430\n|move|p1a: Glimmora|Mortal Spin|p2a: Weezing\n|-damage|p2a: Weezing|96\/100\n|-sideend|p1: RektCactus|Stealth Rock|[from] move: Mortal Spin|[of] p1a: Glimmora\n|move|p2a: Weezing|Will-O-Wisp|p1a: Glimmora\n|-status|p1a: Glimmora|brn\n|\n|-heal|p2a: Weezing|100\/100|[from] item: Black Sludge\n|-damage|p1a: Glimmora|73\/100 brn|[from] brn\n|upkeep\n|turn|7\n|\n|t:|1700007441\n|switch|p2a: Gastrodon|Gastrodon, F|100\/100\n|move|p1a: Glimmora|Power Gem|p2a: Gastrodon\n|-resisted|p2a: Gastrodon\n|-damage|p2a: Gastrodon|87\/100\n|\n|-heal|p2a: Gastrodon|93\/100|[from] item: Leftovers\n|-damage|p1a: Glimmora|67\/100 brn|[from] brn\n|upkeep\n|turn|8\n|\n|t:|1700007450\n|move|p1a: Glimmora|Toxic|p2a: Gastrodon\n|-status|p2a: Gastrodon|tox\n|move|p2a: Gastrodon|Stealth Rock|p1a: Glimmora\n|-sidestart|p1: RektCactus|move: Stealth Rock\n|\n|-heal|p2a: Gastrodon|99\/100 tox|[from] item: Leftovers\n|-damage|p2a: Gastrodon|93\/100 tox|[from] psn\n|-damage|p1a: Glimmora|61\/100 brn|[from] brn\n|upkeep\n|turn|9\n|\n|t:|1700007471\n|switch|p1a: Sinistcha|Sinistcha|100\/100\n|-damage|p1a: Sinistcha|88\/100|[from] Stealth Rock\n|move|p2a: Gastrodon|Earth Power|p1a: Sinistcha\n|-resisted|p1a: Sinistcha\n|-damage|p1a: Sinistcha|71\/100\n|\n|-heal|p1a: Sinistcha|77\/100|[from] item: Leftovers\n|-heal|p2a: Gastrodon|99\/100 tox|[from] item: Leftovers\n|-damage|p2a: Gastrodon|87\/100 tox|[from] psn\n|upkeep\n|turn|10\n|\n|t:|1700007482\n|switch|p2a: Hydreigon|Hydreigon, M|100\/100\n|move|p1a: Sinistcha|Matcha Gotcha|p2a: Hydreigon\n|-resisted|p2a: Hydreigon\n|-damage|p2a: Hydreigon|81\/100\n|-heal|p1a: Sinistcha|86\/100|[from] drain|[of] p2a: Hydreigon\n|\n|-heal|p1a: Sinistcha|92\/100|[from] item: Leftovers\n|upkeep\n|turn|11\n|\n|t:|1700007516\n|switch|p1a: Sneasler|Sneasler, M|100\/100\n|-damage|p1a: Sneasler|95\/100|[from] Stealth Rock\n|move|p2a: Hydreigon|U-turn|p1a: Sneasler\n|-resisted|p1a: Sneasler\n|-damage|p1a: Sneasler|88\/100\n|\n|t:|1700007524\n|switch|p2a: Weezing|Weezing-Galar, F|100\/100|[from] U-turn\n|\n|upkeep\n|turn|12\n|\n|t:|1700007540\n|switch|p1a: Heatran|Heatran, M|100\/100\n|-damage|p1a: Heatran|88\/100|[from] Stealth Rock\n|-item|p1a: Heatran|Air Balloon\n|move|p2a: Weezing|Will-O-Wisp|p1a: Heatran\n|-start|p1a: Heatran|ability: Flash Fire\n|\n|upkeep\n|turn|13\n|\n|t:|1700007554\n|switch|p2a: Gastrodon|Gastrodon, F|87\/100 tox\n|move|p1a: Heatran|Magma Storm|p2a: Gastrodon\n|-resisted|p2a: Gastrodon\n|-damage|p2a: Gastrodon|64\/100 tox\n|-activate|p2a: Gastrodon|move: Magma Storm|[of] p1a: Heatran\n|\n|-heal|p2a: Gastrodon|70\/100 tox|[from] item: Leftovers\n|-damage|p2a: Gastrodon|64\/100 tox|[from] psn\n|-damage|p2a: Gastrodon|52\/100 tox|[from] move: Magma Storm|[partiallytrapped]\n|upkeep\n|turn|14\n|\n|t:|1700007590\n|-end|p1a: Heatran|ability: Flash Fire|[silent]\n|switch|p1a: Glimmora|Glimmora, M|61\/100 brn\n|-damage|p1a: Glimmora|48\/100 brn|[from] Stealth Rock\n|move|p2a: Gastrodon|Recover|p2a: Gastrodon\n|-heal|p2a: Gastrodon|100\/100 tox\n|\n|-damage|p2a: Gastrodon|88\/100 tox|[from] psn\n|-damage|p1a: Glimmora|42\/100 brn|[from] brn\n|-end|p2a: Gastrodon|Magma Storm|[partiallytrapped]|[silent]\n|upkeep\n|turn|15\n|\n|t:|1700007608\n|move|p1a: Glimmora|Mortal Spin|p2a: Gastrodon\n|-resisted|p2a: Gastrodon\n|-damage|p2a: Gastrodon|87\/100 tox\n|-sideend|p1: RektCactus|Stealth Rock|[from] move: Mortal Spin|[of] p1a: Glimmora\n|move|p2a: Gastrodon|Earth Power|p1a: Glimmora\n|-supereffective|p1a: Glimmora\n|-damage|p1a: Glimmora|0 fnt\n|faint|p1a: Glimmora\n|\n|-heal|p2a: Gastrodon|93\/100 tox|[from] item: Leftovers\n|-damage|p2a: Gastrodon|75\/100 tox|[from] psn\n|upkeep\n|\n|t:|1700007614\n|switch|p1a: Ogerpon|Ogerpon-Hearthflame, F|2\/100\n|-ability|p1a: Ogerpon|Mold Breaker\n|turn|16\n|\n|t:|1700007621\n|switch|p2a: Weezing|Weezing-Galar, F|100\/100\n|move|p1a: Ogerpon|Horn Leech|p2a: Weezing\n|-resisted|p2a: Weezing\n|-damage|p2a: Weezing|86\/100\n|-heal|p1a: Ogerpon|10\/100|[from] drain|[of] p2a: Weezing\n|\n|-heal|p2a: Weezing|92\/100|[from] item: Black Sludge\n|upkeep\n|turn|17\n|\n|t:|1700007639\n|switch|p1a: Heatran|Heatran, M|88\/100\n|-item|p1a: Heatran|Air Balloon\n|move|p2a: Weezing|Sludge Bomb|p1a: Heatran\n|-immune|p1a: Heatran\n|\n|-heal|p2a: Weezing|98\/100|[from] item: Black Sludge\n|upkeep\n|turn|18\n|\n|t:|1700007649\n|switch|p2a: Hydreigon|Hydreigon, M|81\/100\n|move|p1a: Heatran|Magma Storm|p2a: Hydreigon|[miss]\n|-miss|p1a: Heatran|p2a: Hydreigon\n|\n|upkeep\n|turn|19\n|\n|t:|1700007661\n|move|p2a: Hydreigon|Dark Pulse|p1a: Heatran\n|-damage|p1a: Heatran|50\/100\n|-enditem|p1a: Heatran|Air Balloon\n|move|p1a: Heatran|Magma Storm|p2a: Hydreigon\n|-resisted|p2a: Hydreigon\n|-damage|p2a: Hydreigon|58\/100\n|-activate|p2a: Hydreigon|move: Magma Storm|[of] p1a: Heatran\n|\n|-damage|p2a: Hydreigon|46\/100|[from] move: Magma Storm|[partiallytrapped]\n|upkeep\n|turn|20\n|\n|t:|1700007718\n|switch|p1a: Landorus|Landorus-Therian, M|100\/100\n|-ability|p1a: Landorus|Intimidate|boost\n|-unboost|p2a: Hydreigon|atk|1\n|move|p2a: Hydreigon|Dark Pulse|p1a: Landorus\n|-damage|p1a: Landorus|27\/100\n|\n|-end|p2a: Hydreigon|Magma Storm|[partiallytrapped]|[silent]\n|upkeep\n|turn|21\n|\n|t:|1700007727\n|move|p1a: Landorus|U-turn|p2a: Hydreigon\n|-supereffective|p2a: Hydreigon\n|-damage|p2a: Hydreigon|0 fnt\n|faint|p2a: Hydreigon\n|\n|t:|1700007770\n|switch|p1a: Sinistcha|Sinistcha|92\/100|[from] U-turn\n|\n|-heal|p1a: Sinistcha|98\/100|[from] item: Leftovers\n|upkeep\n|\n|t:|1700007795\n|switch|p2a: Espathra|Espathra, M|100\/100\n|turn|22\n|\n|t:|1700007809\n|move|p2a: Espathra|Substitute|p2a: Espathra\n|-start|p2a: Espathra|Substitute\n|-damage|p2a: Espathra|76\/100\n|move|p1a: Sinistcha|Shadow Ball|p2a: Espathra\n|-supereffective|p2a: Espathra\n|-end|p2a: Espathra|Substitute\n|\n|-heal|p1a: Sinistcha|100\/100|[from] item: Leftovers\n|-ability|p2a: Espathra|Speed Boost|boost\n|-boost|p2a: Espathra|spe|1\n|upkeep\n|turn|23\n|\n|t:|1700007817\n|move|p2a: Espathra|Shadow Ball|p1a: Sinistcha\n|-supereffective|p1a: Sinistcha\n|-damage|p1a: Sinistcha|43\/100\n|move|p1a: Sinistcha|Shadow Ball|p2a: Espathra\n|-supereffective|p2a: Espathra\n|-damage|p2a: Espathra|0 fnt\n|faint|p2a: Espathra\n|\n|-heal|p1a: Sinistcha|49\/100|[from] item: Leftovers\n|upkeep\n|\n|t:|1700007820\n|switch|p2a: Thundurus|Thundurus, M|100\/100\n|turn|24\n|\n|t:|1700007852\n|-terastallize|p2a: Thundurus|Ice\n|move|p2a: Thundurus|Tera Blast|p1a: Sinistcha|[anim] Tera Blast Ice\n|-supereffective|p1a: Sinistcha\n|-damage|p1a: Sinistcha|0 fnt\n|faint|p1a: Sinistcha\n|\n|upkeep\n|\n|t:|1700007860\n|switch|p1a: Landorus|Landorus-Therian, M|27\/100\n|-ability|p1a: Landorus|Intimidate|boost\n|-unboost|p2a: Thundurus|atk|1\n|turn|25\n|\n|t:|1700007871\n|switch|p2a: Weezing|Weezing-Galar, F|98\/100\n|move|p1a: Landorus|Hammer Arm|p2a: Weezing\n|-resisted|p2a: Weezing\n|-damage|p2a: Weezing|92\/100\n|-unboost|p1a: Landorus|spe|1\n|\n|-heal|p2a: Weezing|98\/100|[from] item: Black Sludge\n|upkeep\n|turn|26\n|\n|t:|1700007879\n|switch|p1a: Heatran|Heatran, M|50\/100\n|switch|p2a: Gastrodon|Gastrodon, F|75\/100 tox\n|\n|-heal|p2a: Gastrodon|81\/100 tox|[from] item: Leftovers\n|-damage|p2a: Gastrodon|75\/100 tox|[from] psn\n|upkeep\n|turn|27\n|\n|t:|1700007902\n|switch|p1a: Ogerpon|Ogerpon-Hearthflame, F|10\/100\n|-ability|p1a: Ogerpon|Mold Breaker\n|move|p2a: Gastrodon|Earth Power|p1a: Ogerpon\n|-damage|p1a: Ogerpon|0 fnt\n|faint|p1a: Ogerpon\n|\n|-heal|p2a: Gastrodon|81\/100 tox|[from] item: Leftovers\n|-damage|p2a: Gastrodon|69\/100 tox|[from] psn\n|upkeep\n|\n|t:|1700007913\n|switch|p1a: Sneasler|Sneasler, M|88\/100\n|turn|28\n|\n|t:|1700007953\n|move|p1a: Sneasler|Close Combat|p2a: Gastrodon\n|-damage|p2a: Gastrodon|0 fnt\n|-unboost|p1a: Sneasler|def|1\n|-unboost|p1a: Sneasler|spd|1\n|-enditem|p1a: Sneasler|White Herb\n|-clearnegativeboost|p1a: Sneasler|[silent]\n|faint|p2a: Gastrodon\n|\n|upkeep\n|\n|t:|1700007961\n|switch|p2a: Weezing|Weezing-Galar, F|98\/100\n|turn|29\n|\n|t:|1700007996\n|-terastallize|p1a: Sneasler|Flying\n|move|p1a: Sneasler|Swords Dance|p1a: Sneasler\n|-boost|p1a: Sneasler|atk|2\n|move|p2a: Weezing|Will-O-Wisp|p1a: Sneasler\n|-status|p1a: Sneasler|brn\n|\n|-heal|p2a: Weezing|100\/100|[from] item: Black Sludge\n|-damage|p1a: Sneasler|82\/100 brn|[from] brn\n|upkeep\n|turn|30\n|\n|t:|1700008008\n|switch|p2a: Annihilape|Annihilape, M|100\/100\n|move|p1a: Sneasler|Swords Dance|p1a: Sneasler\n|-boost|p1a: Sneasler|atk|2\n|\n|-damage|p1a: Sneasler|76\/100 brn|[from] brn\n|upkeep\n|turn|31\n|\n|t:|1700008014\n|move|p1a: Sneasler|Acrobatics|p2a: Annihilape\n|-supereffective|p2a: Annihilape\n|-damage|p2a: Annihilape|0 fnt\n|faint|p2a: Annihilape\n|\n|-damage|p1a: Sneasler|70\/100 brn|[from] brn\n|upkeep\n|\n|t:|1700008019\n|switch|p2a: Weezing|Weezing-Galar, F|100\/100\n|turn|32\n|\n|t:|1700008024\n|move|p1a: Sneasler|Acrobatics|p2a: Weezing\n|-damage|p2a: Weezing|43\/100\n|move|p2a: Weezing|Sludge Bomb|p1a: Sneasler\n|-crit|p1a: Sneasler\n|-damage|p1a: Sneasler|18\/100 brn\n|\n|-heal|p2a: Weezing|49\/100|[from] item: Black Sludge\n|-damage|p1a: Sneasler|12\/100 brn|[from] brn\n|upkeep\n|turn|33\n|\n|t:|1700008030\n|move|p1a: Sneasler|Acrobatics|p2a: Weezing\n|-damage|p2a: Weezing|0 fnt\n|faint|p2a: Weezing\n|\n|-damage|p1a: Sneasler|6\/100 brn|[from] brn\n|upkeep\n|\n|t:|1700008032\n|switch|p2a: Thundurus|Thundurus, M, tera:Ice|100\/100\n|turn|34\n|\n|t:|1700008041\n|move|p1a: Sneasler|Close Combat|p2a: Thundurus\n|-supereffective|p2a: Thundurus\n|-damage|p2a: Thundurus|0 fnt\n|-unboost|p1a: Sneasler|def|1\n|-unboost|p1a: Sneasler|spd|1\n|faint|p2a: Thundurus\n|\n|win|RektCactus\n|l|\u2606Wha1efish\n|l|\u2606RektCactus\n|j|\u2606Wha1efish\n|player|p2|Wha1efish|cynthia-gen4\n","uploadtime":1700008157,"views":14,"p1id":"rektcactus","p2id":"wha1efish","formatid":"gen9ubers","rating":0,"private":0,"password":""}