{"id":"gen9ubers-1983690760","p1":"AubreyOmori1","p2":"neptune732","format":"[Gen 9] Ubers","log":"|j|\u2606AubreyOmori1\n|j|\u2606neptune732\n|t:|1699161577\n|gametype|singles\n|player|p1|AubreyOmori1|roxie|1395\n|player|p2|neptune732|1|1543\n|teamsize|p1|6\n|teamsize|p2|6\n|gen|9\n|tier|[Gen 9] Ubers\n|rated|\n|rule|Sleep Clause Mod: Limit one foe put to sleep\n|rule|Species Clause: Limit one of each Pok\u00e9mon\n|rule|OHKO Clause: OHKO moves are banned\n|rule|Evasion Items Clause: Evasion items are banned\n|rule|Evasion Moves Clause: Evasion moves are banned\n|rule|Endless Battle Clause: Forcing endless battles is banned\n|rule|HP Percentage Mod: HP is shown in percentages\n|clearpoke\n|poke|p1|Ribombee, F|\n|poke|p1|Arceus|\n|poke|p1|Miraidon|\n|poke|p1|Zacian-*|\n|poke|p1|Koraidon|\n|poke|p1|Flutter Mane|\n|poke|p2|Hawlucha, F|\n|poke|p2|Iron Treads|\n|poke|p2|Miraidon|\n|poke|p2|Iron Bundle|\n|poke|p2|Hippowdon, M|\n|poke|p2|Houndstone, M|\n|teampreview\n|inactive|Battle timer is ON: inactive players will automatically lose when time's up. (requested by AubreyOmori1)\n|\n|t:|1699161639\n|start\n|switch|p1a: Needle|Ribombee, F, shiny|100\/100\n|switch|p2a: Miraidon|Miraidon|100\/100\n|-fieldstart|move: Electric Terrain|[from] ability: Hadron Engine|[of] p2a: Miraidon\n|turn|1\n|\n|t:|1699161646\n|move|p2a: Miraidon|Taunt|p1a: Needle\n|-start|p1a: Needle|move: Taunt\n|cant|p1a: Needle|move: Taunt|Sticky Web\n|\n|upkeep\n|turn|2\n|\n|t:|1699161656\n|switch|p2a: Iron Treads|Iron Treads|100\/100\n|-activate|p2a: Iron Treads|ability: Quark Drive\n|-start|p2a: Iron Treads|quarkdrivespe\n|move|p1a: Needle|Moonblast|p2a: Iron Treads\n|-resisted|p2a: Iron Treads\n|-damage|p2a: Iron Treads|77\/100\n|\n|upkeep\n|turn|3\n|\n|t:|1699161666\n|switch|p1a: Yoshi|Koraidon|100\/100\n|-weather|SunnyDay|[from] ability: Orichalcum Pulse|[of] p1a: Yoshi\n|-activate|p1a: Yoshi|Orichalcum Pulse|[source]\n|move|p2a: Iron Treads|Iron Head|p1a: Yoshi\n|-damage|p1a: Yoshi|48\/100\n|\n|-weather|SunnyDay|[upkeep]\n|upkeep\n|turn|4\n|\n|t:|1699161686\n|move|p2a: Iron Treads|Iron Head|p1a: Yoshi\n|-damage|p1a: Yoshi|0 fnt\n|faint|p1a: Yoshi\n|\n|-weather|SunnyDay|[upkeep]\n|upkeep\n|\n|t:|1699161689\n|switch|p1a: Amelia|Flutter Mane|100\/100\n|-activate|p1a: Amelia|ability: Protosynthesis\n|-start|p1a: Amelia|protosynthesisspe\n|turn|5\n|\n|t:|1699161701\n|-end|p2a: Iron Treads|Quark Drive|[silent]\n|switch|p2a: Hawlucha|Hawlucha, F|100\/100\n|-enditem|p2a: Hawlucha|Electric Seed\n|-boost|p2a: Hawlucha|def|1|[from] item: Electric Seed\n|move|p1a: Amelia|Mystical Fire|p2a: Hawlucha\n|-crit|p2a: Hawlucha\n|-damage|p2a: Hawlucha|0 fnt\n|faint|p2a: Hawlucha\n|-damage|p1a: Amelia|91\/100|[from] item: Life Orb\n|\n|-weather|SunnyDay|[upkeep]\n|upkeep\n|inactive|neptune732 has 120 seconds left.\n|\n|t:|1699161747\n|switch|p2a: Houndstone|Houndstone, M|100\/100\n|turn|6\n|\n|t:|1699161750\n|move|p2a: Houndstone|Shadow Sneak|p1a: Amelia\n|-supereffective|p1a: Amelia\n|-damage|p1a: Amelia|0 fnt\n|faint|p1a: Amelia\n|-end|p1a: Amelia|Protosynthesis|[silent]\n|\n|-weather|SunnyDay|[upkeep]\n|upkeep\n|\n|t:|1699161754\n|switch|p1a: Needle|Ribombee, F, shiny|100\/100\n|turn|7\n|\n|t:|1699161767\n|switch|p2a: Iron Treads|Iron Treads|77\/100\n|-activate|p2a: Iron Treads|ability: Quark Drive\n|-start|p2a: Iron Treads|quarkdrivespe\n|move|p1a: Needle|Sticky Web|p2a: Iron Treads\n|-sidestart|p2: neptune732|move: Sticky Web\n|\n|-weather|none\n|upkeep\n|turn|8\n|\n|t:|1699161774\n|-terastallize|p1a: Needle|Ghost\n|move|p2a: Iron Treads|Rapid Spin|p1a: Needle\n|-immune|p1a: Needle\n|move|p1a: Needle|Stun Spore|p2a: Iron Treads\n|-status|p2a: Iron Treads|par\n|\n|-fieldend|move: Electric Terrain\n|-end|p2a: Iron Treads|Quark Drive\n|upkeep\n|turn|9\n|inactive|neptune732 has 120 seconds left.\n|\n|t:|1699161788\n|-end|p2a: Iron Treads|Quark Drive|[silent]\n|switch|p2a: Hippowdon|Hippowdon, M|100\/100\n|-activate|p2a: Hippowdon|move: Sticky Web\n|-unboost|p2a: Hippowdon|spe|1\n|-weather|Sandstorm|[from] ability: Sand Stream|[of] p2a: Hippowdon\n|move|p1a: Needle|Moonblast|p2a: Hippowdon\n|-damage|p2a: Hippowdon|62\/100\n|\n|-weather|Sandstorm|[upkeep]\n|-damage|p1a: Needle|94\/100|[from] Sandstorm\n|upkeep\n|turn|10\n|inactive|neptune732 has 120 seconds left.\n|\n|t:|1699161799\n|move|p1a: Needle|Stun Spore|p2a: Hippowdon\n|-status|p2a: Hippowdon|par\n|cant|p2a: Hippowdon|par\n|\n|-weather|Sandstorm|[upkeep]\n|-damage|p1a: Needle|88\/100|[from] Sandstorm\n|upkeep\n|turn|11\n|inactive|neptune732 has 120 seconds left.\n|\n|t:|1699161809\n|switch|p2a: Iron Treads|Iron Treads|77\/100 par\n|-activate|p2a: Iron Treads|move: Sticky Web\n|-unboost|p2a: Iron Treads|spe|1\n|move|p1a: Needle|Moonblast|p2a: Iron Treads\n|-resisted|p2a: Iron Treads\n|-damage|p2a: Iron Treads|50\/100 par\n|\n|-weather|Sandstorm|[upkeep]\n|-damage|p1a: Needle|82\/100|[from] Sandstorm\n|upkeep\n|turn|12\n|\n|t:|1699161819\n|move|p1a: Needle|Moonblast|p2a: Iron Treads\n|-resisted|p2a: Iron Treads\n|-damage|p2a: Iron Treads|24\/100 par\n|-unboost|p2a: Iron Treads|spa|1\n|move|p2a: Iron Treads|Earthquake|p1a: Needle\n|-damage|p1a: Needle|0 fnt\n|faint|p1a: Needle\n|\n|-weather|Sandstorm|[upkeep]\n|upkeep\n|\n|t:|1699161827\n|switch|p1a: Hero|Zacian-Crowned, shiny|100\/100\n|-ability|p1a: Hero|Intrepid Sword|boost\n|-boost|p1a: Hero|atk|1\n|turn|13\n|\n|t:|1699161832\n|move|p1a: Hero|Behemoth Blade|p2a: Iron Treads\n|-resisted|p2a: Iron Treads\n|-crit|p2a: Iron Treads\n|-damage|p2a: Iron Treads|0 fnt\n|faint|p2a: Iron Treads\n|-end|p2a: Iron Treads|Quark Drive|[silent]\n|\n|-weather|none\n|upkeep\n|inactive|neptune732 has 120 seconds left.\n|\n|t:|1699161858\n|switch|p2a: Miraidon|Miraidon|100\/100\n|-activate|p2a: Miraidon|move: Sticky Web\n|-unboost|p2a: Miraidon|spe|1\n|-fieldstart|move: Electric Terrain|[from] ability: Hadron Engine|[of] p2a: Miraidon\n|turn|14\n|inactive|neptune732 has 120 seconds left.\n|\n|t:|1699161865\n|-terastallize|p2a: Miraidon|Ice\n|move|p1a: Hero|Play Rough|p2a: Miraidon\n|-damage|p2a: Miraidon|22\/100\n|move|p2a: Miraidon|Agility|p2a: Miraidon\n|-boost|p2a: Miraidon|spe|2\n|\n|upkeep\n|turn|15\n|\n|t:|1699161877\n|move|p2a: Miraidon|Electro Drift|p1a: Hero\n|-damage|p1a: Hero|16\/100\n|move|p1a: Hero|Behemoth Blade|p2a: Miraidon\n|-supereffective|p2a: Miraidon\n|-damage|p2a: Miraidon|0 fnt\n|faint|p2a: Miraidon\n|\n|upkeep\n|inactive|neptune732 has 120 seconds left.\n|\n|t:|1699161889\n|switch|p2a: Houndstone|Houndstone, M|100\/100\n|-activate|p2a: Houndstone|move: Sticky Web\n|-unboost|p2a: Houndstone|spe|1\n|turn|16\n|\n|t:|1699161894\n|switch|p1a: Shaggy|Arceus|100\/100\n|move|p2a: Houndstone|Shadow Sneak|p1a: Shaggy\n|-immune|p1a: Shaggy\n|\n|upkeep\n|turn|17\n|\n|t:|1699161900\n|move|p1a: Shaggy|Taunt|p2a: Houndstone\n|-start|p2a: Houndstone|move: Taunt\n|cant|p2a: Houndstone|move: Taunt|Will-O-Wisp\n|\n|upkeep\n|turn|18\n|\n|t:|1699161907\n|switch|p2a: Hippowdon|Hippowdon, M|62\/100 par\n|-activate|p2a: Hippowdon|move: Sticky Web\n|-unboost|p2a: Hippowdon|spe|1\n|-weather|Sandstorm|[from] ability: Sand Stream|[of] p2a: Hippowdon\n|move|p1a: Shaggy|Swords Dance|p1a: Shaggy\n|-boost|p1a: Shaggy|atk|2\n|\n|-weather|Sandstorm|[upkeep]\n|-damage|p1a: Shaggy|94\/100|[from] Sandstorm\n|upkeep\n|turn|19\n|\n|t:|1699161918\n|move|p1a: Shaggy|Taunt|p2a: Hippowdon\n|-start|p2a: Hippowdon|move: Taunt\n|move|p2a: Hippowdon|Earthquake|p1a: Shaggy\n|-crit|p1a: Shaggy\n|-damage|p1a: Shaggy|58\/100\n|\n|-weather|Sandstorm|[upkeep]\n|-damage|p1a: Shaggy|52\/100|[from] Sandstorm\n|upkeep\n|turn|20\n|\n|t:|1699161928\n|move|p1a: Shaggy|Shadow Claw|p2a: Hippowdon\n|-damage|p2a: Hippowdon|35\/100 par\n|-damage|p1a: Shaggy|36\/100|[from] item: Rocky Helmet|[of] p2a: Hippowdon\n|move|p2a: Hippowdon|Earthquake|p1a: Shaggy\n|-damage|p1a: Shaggy|11\/100\n|\n|-weather|Sandstorm|[upkeep]\n|-damage|p1a: Shaggy|5\/100|[from] Sandstorm\n|upkeep\n|turn|21\n|\n|t:|1699161950\n|move|p1a: Shaggy|Shadow Claw|p2a: Hippowdon\n|-damage|p2a: Hippowdon|6\/100 par\n|-damage|p1a: Shaggy|0 fnt|[from] item: Rocky Helmet|[of] p2a: Hippowdon\n|faint|p1a: Shaggy\n|move|p2a: Hippowdon|Earthquake|p1: Shaggy|[notarget]\n|-fail|p2a: Hippowdon\n|\n|-weather|Sandstorm|[upkeep]\n|-end|p2a: Hippowdon|move: Taunt\n|-fieldend|move: Electric Terrain\n|upkeep\n|\n|t:|1699161956\n|switch|p1a: Robot Flower|Miraidon|100\/100\n|-fieldstart|move: Electric Terrain|[from] ability: Hadron Engine|[of] p1a: Robot Flower\n|turn|22\n|\n|t:|1699161965\n|move|p1a: Robot Flower|Draco Meteor|p2a: Hippowdon\n|-damage|p2a: Hippowdon|0 fnt\n|-unboost|p1a: Robot Flower|spa|2\n|faint|p2a: Hippowdon\n|-damage|p1a: Robot Flower|91\/100|[from] item: Life Orb\n|\n|-weather|none\n|upkeep\n|\n|t:|1699161975\n|switch|p2a: Houndstone|Houndstone, M|100\/100\n|-activate|p2a: Houndstone|move: Sticky Web\n|-unboost|p2a: Houndstone|spe|1\n|turn|23\n|\n|t:|1699161982\n|switch|p1a: Hero|Zacian-Crowned, shiny|16\/100\n|move|p2a: Houndstone|Last Respects|p1a: Hero\n|-damage|p1a: Hero|0 fnt\n|faint|p1a: Hero\n|\n|upkeep\n|\n|t:|1699161986\n|switch|p1a: Robot Flower|Miraidon|91\/100\n|-activate|p1a: Robot Flower|ability: Hadron Engine\n|turn|24\n|\n|t:|1699161994\n|move|p1a: Robot Flower|Electro Drift|p2a: Houndstone\n|-damage|p2a: Houndstone|0 fnt\n|faint|p2a: Houndstone\n|-damage|p1a: Robot Flower|81\/100|[from] item: Life Orb\n|\n|upkeep\n|\n|t:|1699162001\n|switch|p2a: Iron Bundle|Iron Bundle|100\/100\n|-activate|p2a: Iron Bundle|move: Sticky Web\n|-unboost|p2a: Iron Bundle|spe|1\n|-activate|p2a: Iron Bundle|ability: Quark Drive\n|-start|p2a: Iron Bundle|quarkdrivespa\n|turn|25\n|-message|neptune732 forfeited.\n|\n|win|AubreyOmori1\n|raw|AubreyOmori1's rating: 1395 &rarr; <strong>1423<\/strong><br \/>(+28 for winning)\n|raw|neptune732's rating: 1543 &rarr; <strong>1515<\/strong><br \/>(-28 for losing)\n|l|\u2606neptune732\n","uploadtime":1699162015,"views":5,"p1id":"aubreyomori1","p2id":"neptune732","formatid":"gen9ubers","rating":1423,"private":0,"password":""}