{"id":"gen9ubers-1996443192","p1":"Guzzzzloard","p2":"Nassim42320","format":"[Gen 9] Ubers","log":"|j|\u2606Guzzzzloard\n|j|\u2606Nassim42320\n|t:|1700682496\n|gametype|singles\n|player|p1|Guzzzzloard|alec-anime|1093\n|player|p2|Nassim42320|170|1002\n|teamsize|p1|6\n|teamsize|p2|6\n|gen|9\n|tier|[Gen 9] Ubers\n|rated|\n|rule|Sleep Clause Mod: Limit one foe put to sleep\n|rule|Species Clause: Limit one of each Pok\u00e9mon\n|rule|OHKO Clause: OHKO moves are banned\n|rule|Evasion Items Clause: Evasion items are banned\n|rule|Evasion Moves Clause: Evasion moves are banned\n|rule|Endless Battle Clause: Forcing endless battles is banned\n|rule|HP Percentage Mod: HP is shown in percentages\n|clearpoke\n|poke|p1|Regieleki|\n|poke|p1|Zacian-*|\n|poke|p1|Eternatus|\n|poke|p1|Ting-Lu|\n|poke|p1|Koraidon|\n|poke|p1|Spectrier|\n|poke|p2|Groudon|\n|poke|p2|Giratina-Origin|\n|poke|p2|Rayquaza|\n|poke|p2|Arceus|\n|poke|p2|Zamazenta-*|\n|poke|p2|Mewtwo|\n|teampreview\n|inactive|Battle timer is ON: inactive players will automatically lose when time's up. (requested by Nassim42320)\n|\n|t:|1700682524\n|start\n|switch|p1a: Regieleki|Regieleki|100\/100\n|switch|p2a: Groudon|Groudon, shiny|100\/100\n|-weather|SunnyDay|[from] ability: Drought|[of] p2a: Groudon\n|turn|1\n|\n|t:|1700682533\n|move|p1a: Regieleki|Reflect|p1a: Regieleki\n|-sidestart|p1: Guzzzzloard|Reflect\n|move|p2a: Groudon|Precipice Blades|p1a: Regieleki\n|-supereffective|p1a: Regieleki\n|-damage|p1a: Regieleki|0 fnt\n|faint|p1a: Regieleki\n|\n|-weather|SunnyDay|[upkeep]\n|upkeep\n|\n|t:|1700682542\n|switch|p1a: Cimarron|Spectrier|100\/100\n|turn|2\n|\n|t:|1700682547\n|move|p1a: Cimarron|Substitute|p1a: Cimarron\n|-start|p1a: Cimarron|Substitute\n|-damage|p1a: Cimarron|76\/100\n|move|p2a: Groudon|Precipice Blades|p1a: Cimarron\n|-end|p1a: Cimarron|Substitute\n|\n|-weather|SunnyDay|[upkeep]\n|-heal|p1a: Cimarron|82\/100|[from] item: Leftovers\n|upkeep\n|turn|3\n|\n|t:|1700682556\n|move|p1a: Cimarron|Nasty Plot|p1a: Cimarron\n|-boost|p1a: Cimarron|spa|2\n|move|p2a: Groudon|Precipice Blades|p1a: Cimarron|[miss]\n|-miss|p2a: Groudon|p1a: Cimarron\n|\n|-weather|SunnyDay|[upkeep]\n|-heal|p1a: Cimarron|88\/100|[from] item: Leftovers\n|upkeep\n|turn|4\n|\n|t:|1700682566\n|move|p1a: Cimarron|Substitute|p1a: Cimarron\n|-start|p1a: Cimarron|Substitute\n|-damage|p1a: Cimarron|63\/100\n|move|p2a: Groudon|Precipice Blades|p1a: Cimarron\n|-end|p1a: Cimarron|Substitute\n|\n|-weather|SunnyDay|[upkeep]\n|-heal|p1a: Cimarron|69\/100|[from] item: Leftovers\n|upkeep\n|turn|5\n|\n|t:|1700682576\n|move|p1a: Cimarron|Shadow Ball|p2a: Groudon\n|-damage|p2a: Groudon|27\/100\n|move|p2a: Groudon|Precipice Blades|p1a: Cimarron\n|-damage|p1a: Cimarron|18\/100\n|\n|-weather|none\n|-heal|p1a: Cimarron|24\/100|[from] item: Leftovers\n|upkeep\n|turn|6\n|\n|t:|1700682585\n|move|p1a: Cimarron|Shadow Ball|p2a: Groudon\n|-damage|p2a: Groudon|0 fnt\n|faint|p2a: Groudon\n|-ability|p1a: Cimarron|Grim Neigh|boost\n|-boost|p1a: Cimarron|spa|1\n|\n|-heal|p1a: Cimarron|30\/100|[from] item: Leftovers\n|upkeep\n|\n|t:|1700682594\n|switch|p2a: Giratina|Giratina-Origin, shiny|100\/100\n|turn|7\n|\n|t:|1700682600\n|move|p1a: Cimarron|Shadow Ball|p2a: Giratina\n|-supereffective|p2a: Giratina\n|-damage|p2a: Giratina|0 fnt\n|faint|p2a: Giratina\n|-ability|p1a: Cimarron|Grim Neigh|boost\n|-boost|p1a: Cimarron|spa|1\n|\n|-heal|p1a: Cimarron|36\/100|[from] item: Leftovers\n|upkeep\n|\n|t:|1700682607\n|switch|p2a: Rayquaza|Rayquaza, shiny|100\/100\n|-ability|p2a: Rayquaza|Air Lock\n|turn|8\n|\n|t:|1700682614\n|move|p1a: Cimarron|Shadow Ball|p2a: Rayquaza\n|-damage|p2a: Rayquaza|0 fnt\n|faint|p2a: Rayquaza\n|-ability|p1a: Cimarron|Grim Neigh|boost\n|-boost|p1a: Cimarron|spa|1\n|\n|-heal|p1a: Cimarron|42\/100|[from] item: Leftovers\n|-sideend|p1: Guzzzzloard|Reflect\n|upkeep\n|\n|t:|1700682621\n|switch|p2a: Arceus|Arceus, shiny|100\/100\n|turn|9\n|\n|t:|1700682627\n|-terastallize|p1a: Cimarron|Fighting\n|move|p1a: Cimarron|Tera Blast|p2a: Arceus|[anim] Tera Blast Fighting\n|-supereffective|p2a: Arceus\n|-damage|p2a: Arceus|0 fnt\n|faint|p2a: Arceus\n|-ability|p1a: Cimarron|Grim Neigh|boost\n|-boost|p1a: Cimarron|spa|1\n|\n|-heal|p1a: Cimarron|48\/100|[from] item: Leftovers\n|upkeep\n|\n|t:|1700682635\n|switch|p2a: Zamazenta|Zamazenta-Crowned|100\/100\n|-ability|p2a: Zamazenta|Dauntless Shield|boost\n|-boost|p2a: Zamazenta|def|1\n|turn|10\n|\n|t:|1700682641\n|move|p1a: Cimarron|Tera Blast|p2a: Zamazenta|[anim] Tera Blast Fighting\n|-supereffective|p2a: Zamazenta\n|-damage|p2a: Zamazenta|0 fnt\n|faint|p2a: Zamazenta\n|\n|-heal|p1a: Cimarron|54\/100|[from] item: Leftovers\n|upkeep\n|\n|t:|1700682648\n|switch|p2a: Mewtwo|Mewtwo, shiny|100\/100\n|-ability|p2a: Mewtwo|Pressure\n|turn|11\n|\n|t:|1700682655\n|move|p1a: Cimarron|Shadow Ball|p2a: Mewtwo\n|-supereffective|p2a: Mewtwo\n|-damage|p2a: Mewtwo|0 fnt\n|faint|p2a: Mewtwo\n|\n|win|Guzzzzloard\n|raw|Guzzzzloard's rating: 1093 &rarr; <strong>1112<\/strong><br \/>(+19 for winning)\n|raw|Nassim42320's rating: 1002 &rarr; <strong>1000<\/strong><br \/>(-2 for losing)\n|l|\u2606Nassim42320\n|l|\u2606Guzzzzloard\n|j| 0 Vermillion 0\n","uploadtime":1700682824,"views":0,"p1id":"guzzzzloard","p2id":"nassim42320","formatid":"gen9ubers","rating":1000,"private":0,"password":""}