{"id":"gen9ubers-1993578407","p1":"Elin Baecil","p2":"Gatita golosa 123","format":"[Gen 9] Ubers","log":"|j|\u2606Elin Baecil\n|j|\u2606Gatita golosa 123\n|t:|1700333776\n|gametype|singles\n|player|p1|Elin Baecil|leon-masters|\n|player|p2|Gatita golosa 123|pokekid|\n|teamsize|p1|6\n|teamsize|p2|6\n|gen|9\n|tier|[Gen 9] Ubers\n|rule|Sleep Clause Mod: Limit one foe put to sleep\n|rule|Species Clause: Limit one of each Pok\u00e9mon\n|rule|OHKO Clause: OHKO moves are banned\n|rule|Evasion Items Clause: Evasion items are banned\n|rule|Evasion Moves Clause: Evasion moves are banned\n|rule|Endless Battle Clause: Forcing endless battles is banned\n|rule|HP Percentage Mod: HP is shown in percentages\n|clearpoke\n|poke|p1|Ogerpon-Hearthflame, F|\n|poke|p1|Ursaluna-Bloodmoon, M|\n|poke|p1|Basculegion, M|\n|poke|p1|Clefable, M|\n|poke|p1|Gliscor, M|\n|poke|p1|Mandibuzz, F|\n|poke|p2|Ursaluna-Bloodmoon, M|\n|poke|p2|Ogerpon-Hearthflame, F|\n|poke|p2|Politoed, F|\n|poke|p2|Ludicolo, F|\n|poke|p2|Basculegion, M|\n|poke|p2|Mandibuzz, F|\n|teampreview\n|\n|t:|1700333790\n|start\n|switch|p1a: Mandibuzz|Mandibuzz, F|100\/100\n|switch|p2a: Ogerpon|Ogerpon-Hearthflame, F|100\/100\n|-ability|p2a: Ogerpon|Mold Breaker\n|turn|1\n|\n|t:|1700333801\n|switch|p2a: Mandibuzz|Mandibuzz, F|100\/100\n|move|p1a: Mandibuzz|Foul Play|p2a: Mandibuzz\n|-resisted|p2a: Mandibuzz\n|-damage|p2a: Mandibuzz|96\/100\n|-damage|p1a: Mandibuzz|84\/100|[from] item: Rocky Helmet|[of] p2a: Mandibuzz\n|\n|-heal|p1a: Mandibuzz|90\/100|[from] item: Leftovers\n|upkeep\n|turn|2\n|\n|t:|1700333805\n|move|p1a: Mandibuzz|Toxic|p2a: Mandibuzz|[miss]\n|-miss|p1a: Mandibuzz|p2a: Mandibuzz\n|move|p2a: Mandibuzz|Toxic|p1a: Mandibuzz\n|-status|p1a: Mandibuzz|tox\n|\n|-heal|p1a: Mandibuzz|96\/100 tox|[from] item: Leftovers\n|-damage|p1a: Mandibuzz|90\/100 tox|[from] psn\n|upkeep\n|turn|3\n|\n|t:|1700333817\n|switch|p2a: Politoed|Politoed, F|100\/100\n|-weather|RainDance|[from] ability: Drizzle|[of] p2a: Politoed\n|move|p1a: Mandibuzz|U-turn|p2a: Politoed\n|-damage|p2a: Politoed|88\/100\n|\n|t:|1700333825\n|switch|p1a: Gliscor|Gliscor, M|100\/100|[from] U-turn\n|\n|-weather|RainDance|[upkeep]\n|-status|p1a: Gliscor|tox|[from] item: Toxic Orb\n|upkeep\n|turn|4\n|\n|t:|1700333828\n|-terastallize|p1a: Gliscor|Water\n|move|p1a: Gliscor|Toxic|p2a: Politoed\n|-status|p2a: Politoed|tox\n|move|p2a: Politoed|Perish Song|p2a: Politoed\n|-start|p1a: Gliscor|perish3|[silent]\n|-start|p2a: Politoed|perish3|[silent]\n|-fieldactivate|move: Perish Song\n|\n|-weather|RainDance|[upkeep]\n|-damage|p2a: Politoed|81\/100 tox|[from] psn\n|-start|p1a: Gliscor|perish3\n|-start|p2a: Politoed|perish3\n|upkeep\n|turn|5\n|\n|t:|1700333839\n|switch|p1a: Mandibuzz|Mandibuzz, F|90\/100 tox\n|switch|p2a: Ludicolo|Ludicolo, F|100\/100\n|\n|-weather|RainDance|[upkeep]\n|-heal|p1a: Mandibuzz|96\/100 tox|[from] item: Leftovers\n|-damage|p1a: Mandibuzz|90\/100 tox|[from] psn\n|upkeep\n|turn|6\n|\n|t:|1700333846\n|move|p2a: Ludicolo|Giga Drain|p1a: Mandibuzz\n|-resisted|p1a: Mandibuzz\n|-damage|p1a: Mandibuzz|77\/100 tox\n|move|p1a: Mandibuzz|U-turn|p2a: Ludicolo\n|-supereffective|p2a: Ludicolo\n|-damage|p2a: Ludicolo|65\/100\n|\n|t:|1700333857\n|switch|p1a: Clefable|Clefable, M|100\/100|[from] U-turn\n|\n|-weather|RainDance|[upkeep]\n|upkeep\n|turn|7\n|\n|t:|1700333874\n|switch|p2a: Politoed|Politoed, F|81\/100 tox\n|move|p1a: Clefable|Moonblast|p2a: Politoed\n|-damage|p2a: Politoed|60\/100 tox\n|\n|-weather|RainDance|[upkeep]\n|-damage|p2a: Politoed|54\/100 tox|[from] psn\n|upkeep\n|turn|8\n|\n|t:|1700333880\n|move|p2a: Politoed|Rest|p2a: Politoed\n|-status|p2a: Politoed|slp|[from] move: Rest\n|-heal|p2a: Politoed|100\/100 slp|[silent]\n|move|p1a: Clefable|Calm Mind|p1a: Clefable\n|-boost|p1a: Clefable|spa|1\n|-boost|p1a: Clefable|spd|1\n|\n|-weather|RainDance|[upkeep]\n|upkeep\n|turn|9\n|\n|t:|1700333884\n|cant|p2a: Politoed|slp\n|move|p1a: Clefable|Moonblast|p2a: Politoed\n|-damage|p2a: Politoed|69\/100 slp\n|\n|-weather|RainDance|[upkeep]\n|upkeep\n|turn|10\n|\n|t:|1700333889\n|cant|p2a: Politoed|slp\n|move|p1a: Clefable|Moonblast|p2a: Politoed\n|-damage|p2a: Politoed|41\/100 slp\n|\n|-weather|none\n|upkeep\n|turn|11\n|\n|t:|1700333901\n|switch|p2a: Ogerpon|Ogerpon-Hearthflame, F|100\/100\n|-ability|p2a: Ogerpon|Mold Breaker\n|move|p1a: Clefable|Moonblast|p2a: Ogerpon\n|-resisted|p2a: Ogerpon\n|-damage|p2a: Ogerpon|74\/100\n|\n|upkeep\n|turn|12\n|\n|t:|1700333907\n|switch|p1a: Mandibuzz|Mandibuzz, F|77\/100 tox\n|move|p2a: Ogerpon|Swords Dance|p2a: Ogerpon\n|-boost|p2a: Ogerpon|atk|2\n|\n|-heal|p1a: Mandibuzz|83\/100 tox|[from] item: Leftovers\n|-damage|p1a: Mandibuzz|77\/100 tox|[from] psn\n|upkeep\n|turn|13\n|\n|t:|1700333913\n|move|p2a: Ogerpon|Ivy Cudgel|p1a: Mandibuzz|[anim] Ivy Cudgel Fire\n|-damage|p1a: Mandibuzz|10\/100 tox\n|move|p1a: Mandibuzz|Foul Play|p2a: Ogerpon\n|-damage|p2a: Ogerpon|0 fnt\n|faint|p2a: Ogerpon\n|\n|-heal|p1a: Mandibuzz|17\/100 tox|[from] item: Leftovers\n|-damage|p1a: Mandibuzz|4\/100 tox|[from] psn\n|upkeep\n|\n|t:|1700333921\n|switch|p2a: Ludicolo|Ludicolo, F|65\/100\n|turn|14\n|\n|t:|1700333929\n|switch|p1a: Clefable|Clefable, M|100\/100\n|move|p2a: Ludicolo|Ice Beam|p1a: Clefable\n|-damage|p1a: Clefable|76\/100\n|\n|-heal|p1a: Clefable|82\/100|[from] item: Leftovers\n|upkeep\n|turn|15\n|\n|t:|1700333933\n|switch|p2a: Politoed|Politoed, F|41\/100 slp\n|-weather|RainDance|[from] ability: Drizzle|[of] p2a: Politoed\n|move|p1a: Clefable|Calm Mind|p1a: Clefable\n|-boost|p1a: Clefable|spa|1\n|-boost|p1a: Clefable|spd|1\n|\n|-weather|RainDance|[upkeep]\n|-heal|p1a: Clefable|89\/100|[from] item: Leftovers\n|upkeep\n|turn|16\n|\n|t:|1700333937\n|-curestatus|p2a: Politoed|slp|[msg]\n|move|p2a: Politoed|Encore|p1a: Clefable\n|-start|p1a: Clefable|Encore\n|move|p1a: Clefable|Calm Mind|p1a: Clefable\n|-boost|p1a: Clefable|spa|1\n|-boost|p1a: Clefable|spd|1\n|\n|-weather|RainDance|[upkeep]\n|-heal|p1a: Clefable|95\/100|[from] item: Leftovers\n|upkeep\n|turn|17\n|\n|t:|1700333946\n|switch|p2a: Ursaluna|Ursaluna-Bloodmoon, M|100\/100\n|switch|p1a: Gliscor|Gliscor, M, tera:Water|100\/100 tox\n|\n|-weather|RainDance|[upkeep]\n|upkeep\n|turn|18\n|\n|t:|1700333951\n|move|p1a: Gliscor|Toxic|p2a: Ursaluna\n|-status|p2a: Ursaluna|tox\n|move|p2a: Ursaluna|Calm Mind|p2a: Ursaluna\n|-boost|p2a: Ursaluna|spa|1\n|-boost|p2a: Ursaluna|spd|1\n|\n|-weather|RainDance|[upkeep]\n|-damage|p2a: Ursaluna|94\/100 tox|[from] psn\n|upkeep\n|turn|19\n|\n|t:|1700333959\n|move|p1a: Gliscor|Protect|p1a: Gliscor\n|-singleturn|p1a: Gliscor|Protect\n|move|p2a: Ursaluna|Calm Mind|p2a: Ursaluna\n|-boost|p2a: Ursaluna|spa|1\n|-boost|p2a: Ursaluna|spd|1\n|\n|-weather|RainDance|[upkeep]\n|-heal|p2a: Ursaluna|100\/100 tox|[from] item: Leftovers\n|-damage|p2a: Ursaluna|88\/100 tox|[from] psn\n|upkeep\n|turn|20\n|\n|t:|1700333965\n|switch|p1a: Mandibuzz|Mandibuzz, F|4\/100 tox\n|move|p2a: Ursaluna|Blood Moon|p1a: Mandibuzz\n|-damage|p1a: Mandibuzz|0 fnt\n|faint|p1a: Mandibuzz\n|\n|-weather|RainDance|[upkeep]\n|-heal|p2a: Ursaluna|94\/100 tox|[from] item: Leftovers\n|-damage|p2a: Ursaluna|75\/100 tox|[from] psn\n|upkeep\n|\n|t:|1700333968\n|switch|p1a: Gliscor|Gliscor, M, tera:Water|100\/100 tox\n|turn|21\n|\n|t:|1700333975\n|move|p1a: Gliscor|Earthquake|p2a: Ursaluna\n|-damage|p2a: Ursaluna|56\/100 tox\n|move|p2a: Ursaluna|Moonlight|p2a: Ursaluna\n|-heal|p2a: Ursaluna|81\/100 tox\n|\n|-weather|RainDance|[upkeep]\n|-heal|p2a: Ursaluna|87\/100 tox|[from] item: Leftovers\n|-damage|p2a: Ursaluna|62\/100 tox|[from] psn\n|upkeep\n|turn|22\n|\n|t:|1700333983\n|move|p1a: Gliscor|Protect|p1a: Gliscor\n|-singleturn|p1a: Gliscor|Protect\n|move|p2a: Ursaluna|Calm Mind|p2a: Ursaluna\n|-boost|p2a: Ursaluna|spa|1\n|-boost|p2a: Ursaluna|spd|1\n|\n|-weather|none\n|-heal|p2a: Ursaluna|68\/100 tox|[from] item: Leftovers\n|-damage|p2a: Ursaluna|37\/100 tox|[from] psn\n|upkeep\n|turn|23\n|\n|t:|1700333993\n|move|p1a: Gliscor|Protect||[still]\n|-fail|p1a: Gliscor\n|move|p2a: Ursaluna|Blood Moon|p1a: Gliscor\n|-damage|p1a: Gliscor|0 fnt\n|faint|p1a: Gliscor\n|\n|-heal|p2a: Ursaluna|43\/100 tox|[from] item: Leftovers\n|-damage|p2a: Ursaluna|6\/100 tox|[from] psn\n|upkeep\n|\n|t:|1700333998\n|switch|p1a: Basculegion|Basculegion, M|100\/100\n|turn|24\n|\n|t:|1700334005\n|move|p1a: Basculegion|Flip Turn|p2a: Ursaluna\n|-supereffective|p2a: Ursaluna\n|-damage|p2a: Ursaluna|0 fnt\n|faint|p2a: Ursaluna\n|\n|t:|1700334013\n|switch|p1a: Oggy|Ogerpon-Hearthflame, F|100\/100|[from] Flip Turn\n|-ability|p1a: Oggy|Mold Breaker\n|\n|upkeep\n|\n|t:|1700334022\n|switch|p2a: Mandibuzz|Mandibuzz, F|96\/100\n|turn|25\n|\n|t:|1700334027\n|move|p1a: Oggy|Ivy Cudgel|p2a: Mandibuzz|[anim] Ivy Cudgel Fire\n|-damage|p2a: Mandibuzz|64\/100\n|move|p2a: Mandibuzz|Foul Play|p1a: Oggy\n|-damage|p1a: Oggy|40\/100\n|\n|upkeep\n|turn|26\n|\n|t:|1700334034\n|switch|p1a: Ursaluna|Ursaluna-Bloodmoon, M|100\/100\n|move|p2a: Mandibuzz|Foul Play|p1a: Ursaluna\n|-damage|p1a: Ursaluna|91\/100\n|\n|-heal|p1a: Ursaluna|97\/100|[from] item: Leftovers\n|upkeep\n|turn|27\n|\n|t:|1700334039\n|move|p2a: Mandibuzz|Toxic|p1a: Ursaluna\n|-status|p1a: Ursaluna|tox\n|move|p1a: Ursaluna|Blood Moon|p2a: Mandibuzz\n|-damage|p2a: Mandibuzz|15\/100\n|\n|-heal|p1a: Ursaluna|100\/100 tox|[from] item: Leftovers\n|-damage|p1a: Ursaluna|94\/100 tox|[from] psn\n|upkeep\n|turn|28\n|\n|t:|1700334043\n|switch|p1a: Clefable|Clefable, M|95\/100\n|move|p2a: Mandibuzz|Roost|p2a: Mandibuzz\n|-heal|p2a: Mandibuzz|65\/100\n|-singleturn|p2a: Mandibuzz|move: Roost\n|\n|-heal|p1a: Clefable|100\/100|[from] item: Leftovers\n|upkeep\n|turn|29\n|\n|t:|1700334051\n|switch|p1a: Ursaluna|Ursaluna-Bloodmoon, M|94\/100 tox\n|move|p2a: Mandibuzz|Toxic|p1a: Ursaluna\n|-fail|p1a: Ursaluna|tox\n|\n|-heal|p1a: Ursaluna|100\/100 tox|[from] item: Leftovers\n|-damage|p1a: Ursaluna|94\/100 tox|[from] psn\n|upkeep\n|turn|30\n|\n|t:|1700334063\n|move|p2a: Mandibuzz|Roost|p2a: Mandibuzz\n|-heal|p2a: Mandibuzz|100\/100\n|-singleturn|p2a: Mandibuzz|move: Roost\n|move|p1a: Ursaluna|Calm Mind|p1a: Ursaluna\n|-boost|p1a: Ursaluna|spa|1\n|-boost|p1a: Ursaluna|spd|1\n|\n|-heal|p1a: Ursaluna|100\/100 tox|[from] item: Leftovers\n|-damage|p1a: Ursaluna|88\/100 tox|[from] psn\n|upkeep\n|turn|31\n|\n|t:|1700334068\n|switch|p2a: Politoed|Politoed, F|41\/100\n|-weather|RainDance|[from] ability: Drizzle|[of] p2a: Politoed\n|move|p1a: Ursaluna|Blood Moon|p2a: Politoed\n|-damage|p2a: Politoed|0 fnt\n|faint|p2a: Politoed\n|\n|-weather|RainDance|[upkeep]\n|-heal|p1a: Ursaluna|94\/100 tox|[from] item: Leftovers\n|-damage|p1a: Ursaluna|76\/100 tox|[from] psn\n|upkeep\n|\n|t:|1700334071\n|switch|p2a: Basculegion|Basculegion, M|100\/100\n|turn|32\n|\n|t:|1700334078\n|move|p2a: Basculegion|Wave Crash|p1a: Ursaluna\n|-supereffective|p1a: Ursaluna\n|-damage|p1a: Ursaluna|0 fnt\n|faint|p1a: Ursaluna\n|-damage|p2a: Basculegion|72\/100|[from] Recoil\n|\n|-weather|RainDance|[upkeep]\n|upkeep\n|\n|t:|1700334084\n|switch|p1a: Basculegion|Basculegion, M|100\/100\n|turn|33\n|\n|t:|1700334089\n|-terastallize|p2a: Basculegion|Normal\n|move|p1a: Basculegion|Last Respects|p2a: Basculegion\n|-immune|p2a: Basculegion\n|move|p2a: Basculegion|Last Respects|p1a: Basculegion\n|-supereffective|p1a: Basculegion\n|-damage|p1a: Basculegion|0 fnt\n|faint|p1a: Basculegion\n|\n|-weather|RainDance|[upkeep]\n|upkeep\n|\n|t:|1700334095\n|switch|p1a: Clefable|Clefable, M|100\/100\n|turn|34\n|\n|t:|1700334101\n|move|p1a: Clefable|Protect|p1a: Clefable\n|-singleturn|p1a: Clefable|Protect\n|move|p2a: Basculegion|Last Respects|p1a: Clefable\n|-activate|p1a: Clefable|move: Protect\n|\n|-weather|RainDance|[upkeep]\n|upkeep\n|turn|35\n|\n|t:|1700334107\n|move|p2a: Basculegion|Last Respects|p1a: Clefable\n|-damage|p1a: Clefable|17\/100\n|move|p1a: Clefable|Moonblast|p2a: Basculegion\n|-damage|p2a: Basculegion|47\/100\n|\n|-weather|RainDance|[upkeep]\n|-heal|p1a: Clefable|23\/100|[from] item: Leftovers\n|upkeep\n|turn|36\n|\n|t:|1700334113\n|move|p2a: Basculegion|Last Respects|p1a: Clefable\n|-damage|p1a: Clefable|0 fnt\n|faint|p1a: Clefable\n|\n|-weather|RainDance|[upkeep]\n|upkeep\n|\n|t:|1700334115\n|switch|p1a: Oggy|Ogerpon-Hearthflame, F|40\/100\n|-ability|p1a: Oggy|Mold Breaker\n|turn|37\n|\n|t:|1700334120\n|move|p2a: Basculegion|Last Respects|p1a: Oggy\n|-damage|p1a: Oggy|0 fnt\n|faint|p1a: Oggy\n|\n|win|Gatita golosa 123\n|c|\u2606Elin Baecil|gg\n|c|\u2606Gatita golosa 123|Gg\n","uploadtime":1700334160,"views":6,"p1id":"elinbaecil","p2id":"gatitagolosa123","formatid":"gen9ubers","rating":0,"private":0,"password":""}