{"id":"gen9ubers-1971316080","p1":"12345Carter","p2":"Anne Frankkkk","format":"[Gen 9] Ubers","log":"|j|\u260612345Carter\n|j|\u2606Anne Frankkkk\n|t:|1697728954\n|gametype|singles\n|player|p1|12345Carter|1|1145\n|player|p2|Anne Frankkkk|hilbert|1126\n|teamsize|p1|6\n|teamsize|p2|6\n|gen|9\n|tier|[Gen 9] Ubers\n|rated|\n|rule|Sleep Clause Mod: Limit one foe put to sleep\n|rule|Species Clause: Limit one of each Pok\u00e9mon\n|rule|OHKO Clause: OHKO moves are banned\n|rule|Evasion Items Clause: Evasion items are banned\n|rule|Evasion Moves Clause: Evasion moves are banned\n|rule|Endless Battle Clause: Forcing endless battles is banned\n|rule|HP Percentage Mod: HP is shown in percentages\n|clearpoke\n|poke|p1|Urshifu-*, M|\n|poke|p1|Zacian-*|\n|poke|p1|Rayquaza|\n|poke|p1|Flutter Mane|\n|poke|p1|Kyogre|\n|poke|p1|Regieleki|\n|poke|p2|Quaquaval, M|\n|poke|p2|Kyogre|\n|poke|p2|Chien-Pao|\n|poke|p2|Donphan, M|\n|poke|p2|Miraidon|\n|poke|p2|Iron Moth|\n|teampreview\n|inactive|Battle timer is ON: inactive players will automatically lose when time's up. (requested by Anne Frankkkk)\n|\n|t:|1697728966\n|start\n|switch|p1a: Urshifu|Urshifu-Rapid-Strike, M|100\/100\n|switch|p2a: Kyogre|Kyogre|100\/100\n|-weather|RainDance|[from] ability: Drizzle|[of] p2a: Kyogre\n|turn|1\n|\n|t:|1697728971\n|move|p2a: Kyogre|Thunder|p1a: Urshifu\n|-supereffective|p1a: Urshifu\n|-damage|p1a: Urshifu|0 fnt\n|faint|p1a: Urshifu\n|\n|-weather|RainDance|[upkeep]\n|upkeep\n|\n|t:|1697728976\n|switch|p1a: Flutter Mane|Flutter Mane|100\/100\n|-enditem|p1a: Flutter Mane|Booster Energy\n|-activate|p1a: Flutter Mane|ability: Protosynthesis|[fromitem]\n|-start|p1a: Flutter Mane|protosynthesisspe\n|turn|2\n|\n|t:|1697728989\n|switch|p2a: Donphan|Donphan, M, shiny|100\/100\n|move|p1a: Flutter Mane|Calm Mind|p1a: Flutter Mane\n|-boost|p1a: Flutter Mane|spa|1\n|-boost|p1a: Flutter Mane|spd|1\n|\n|-weather|RainDance|[upkeep]\n|upkeep\n|turn|3\n|\n|t:|1697728995\n|move|p1a: Flutter Mane|Moonblast|p2a: Donphan\n|-damage|p2a: Donphan|31\/100\n|-unboost|p2a: Donphan|spa|1\n|move|p2a: Donphan|Gunk Shot|p1a: Flutter Mane\n|-damage|p1a: Flutter Mane|11\/100\n|\n|-weather|RainDance|[upkeep]\n|upkeep\n|turn|4\n|\n|t:|1697729002\n|move|p1a: Flutter Mane|Moonblast|p2a: Donphan\n|-damage|p2a: Donphan|0 fnt\n|faint|p2a: Donphan\n|\n|-weather|RainDance|[upkeep]\n|upkeep\n|\n|t:|1697729006\n|switch|p2a: Chien-Pao|Chien-Pao|100\/100\n|-ability|p2a: Chien-Pao|Sword of Ruin\n|turn|5\n|\n|t:|1697729010\n|move|p2a: Chien-Pao|Ice Shard|p1a: Flutter Mane\n|-damage|p1a: Flutter Mane|0 fnt\n|faint|p1a: Flutter Mane\n|-end|p1a: Flutter Mane|Protosynthesis|[silent]\n|-damage|p2a: Chien-Pao|91\/100|[from] item: Life Orb\n|\n|-weather|none\n|upkeep\n|\n|t:|1697729016\n|switch|p1a: Regieleki|Regieleki|100\/100\n|turn|6\n|\n|t:|1697729021\n|-terastallize|p2a: Chien-Pao|Dark\n|move|p2a: Chien-Pao|Sucker Punch|p1a: Regieleki\n|-damage|p1a: Regieleki|0 fnt\n|faint|p1a: Regieleki\n|-damage|p2a: Chien-Pao|81\/100|[from] item: Life Orb\n|\n|upkeep\n|\n|t:|1697729026\n|switch|p1a: Kyogre|Kyogre|100\/100\n|-weather|RainDance|[from] ability: Drizzle|[of] p1a: Kyogre\n|turn|7\n|\n|t:|1697729031\n|move|p1a: Kyogre|Water Spout|p2a: Chien-Pao\n|-damage|p2a: Chien-Pao|0 fnt\n|faint|p2a: Chien-Pao\n|\n|-weather|RainDance|[upkeep]\n|upkeep\n|\n|t:|1697729040\n|switch|p2a: Quaquaval|Quaquaval, M, shiny|100\/100\n|turn|8\n|\n|t:|1697729042\n|move|p1a: Kyogre|Water Spout|p2a: Quaquaval\n|-resisted|p2a: Quaquaval\n|-damage|p2a: Quaquaval|10\/100\n|move|p2a: Quaquaval|Aqua Step|p1a: Kyogre\n|-resisted|p1a: Kyogre\n|-damage|p1a: Kyogre|67\/100\n|-boost|p2a: Quaquaval|spe|1\n|\n|-weather|RainDance|[upkeep]\n|-heal|p2a: Quaquaval|16\/100|[from] item: Leftovers\n|upkeep\n|turn|9\n|\n|t:|1697729052\n|move|p1a: Kyogre|Water Spout|p2a: Quaquaval\n|-resisted|p2a: Quaquaval\n|-damage|p2a: Quaquaval|0 fnt\n|faint|p2a: Quaquaval\n|\n|-weather|RainDance|[upkeep]\n|upkeep\n|\n|t:|1697729059\n|switch|p2a: Kyogre|Kyogre|100\/100\n|turn|10\n|\n|t:|1697729061\n|move|p2a: Kyogre|Thunder|p1a: Kyogre\n|-supereffective|p1a: Kyogre\n|-damage|p1a: Kyogre|4\/100\n|-status|p1a: Kyogre|par\n|move|p1a: Kyogre|Water Spout|p2a: Kyogre\n|-resisted|p2a: Kyogre\n|-damage|p2a: Kyogre|99\/100\n|\n|-weather|RainDance|[upkeep]\n|upkeep\n|turn|11\n|\n|t:|1697729066\n|switch|p2a: Miraidon|Miraidon|100\/100\n|-fieldstart|move: Electric Terrain|[from] ability: Hadron Engine|[of] p2a: Miraidon\n|cant|p1a: Kyogre|par\n|\n|-weather|none\n|upkeep\n|turn|12\n|\n|t:|1697729068\n|move|p2a: Miraidon|Calm Mind|p2a: Miraidon\n|-boost|p2a: Miraidon|spa|1\n|-boost|p2a: Miraidon|spd|1\n|move|p1a: Kyogre|Water Spout|p2a: Miraidon\n|-resisted|p2a: Miraidon\n|-damage|p2a: Miraidon|99\/100\n|\n|-heal|p2a: Miraidon|100\/100|[from] item: Leftovers\n|upkeep\n|turn|13\n|-message|12345Carter forfeited.\n|\n|win|Anne Frankkkk\n|raw|12345Carter's rating: 1145 &rarr; <strong>1119<\/strong><br \/>(-26 for losing)\n|raw|Anne Frankkkk's rating: 1126 &rarr; <strong>1152<\/strong><br \/>(+26 for winning)\n|l|\u260612345Carter\n","uploadtime":1697729081,"views":6,"p1id":"12345carter","p2id":"annefrankkkk","formatid":"gen9ubers","rating":1119,"private":0,"password":""}