{"id":"gen9ubers-1983249262","p1":"I9821943813dws","p2":"SwordIsBored","format":"[Gen 9] Ubers","log":"|j|\u2606I9821943813dws\n|j|\u2606SwordIsBored\n|t:|1699110309\n|gametype|singles\n|player|p1|I9821943813dws|101|\n|player|p2|SwordIsBored|irida|\n|teamsize|p1|6\n|teamsize|p2|6\n|gen|9\n|tier|[Gen 9] Ubers\n|rule|Sleep Clause Mod: Limit one foe put to sleep\n|rule|Species Clause: Limit one of each Pok\u00e9mon\n|rule|OHKO Clause: OHKO moves are banned\n|rule|Evasion Items Clause: Evasion items are banned\n|rule|Evasion Moves Clause: Evasion moves are banned\n|rule|Endless Battle Clause: Forcing endless battles is banned\n|rule|HP Percentage Mod: HP is shown in percentages\n|clearpoke\n|poke|p1|Pelipper, M|\n|poke|p1|Zacian-*|\n|poke|p1|Palafin, F|\n|poke|p1|Tornadus-Therian, M|\n|poke|p1|Thundurus-Therian, M|\n|poke|p1|Landorus, M|\n|poke|p2|Ninetales-Alola, M|\n|poke|p2|Arceus-Fire|\n|poke|p2|Espathra, M|\n|poke|p2|Magearna|\n|poke|p2|Hatterene, F|\n|poke|p2|Ursaluna-Bloodmoon, M|\n|teampreview\n|inactive|Battle timer is ON: inactive players will automatically lose when time's up. (requested by I9821943813dws)\n|\n|t:|1699110333\n|start\n|switch|p1a: Palafin|Palafin, F|100\/100\n|switch|p2a: Espathra|Espathra, M|100\/100\n|turn|1\n|\n|t:|1699110337\n|move|p2a: Espathra|Substitute|p2a: Espathra\n|-start|p2a: Espathra|Substitute\n|-damage|p2a: Espathra|76\/100\n|move|p1a: Palafin|Flip Turn|p2a: Espathra\n|-end|p2a: Espathra|Substitute\n|\n|t:|1699110341\n|detailschange|p1a: Palafin|Palafin-Hero, F\n|switch|p1a: Tornadus|Tornadus-Therian, M|100\/100|[from] Flip Turn\n|\n|-heal|p2a: Espathra|82\/100|[from] item: Leftovers\n|-ability|p2a: Espathra|Speed Boost|boost\n|-boost|p2a: Espathra|spe|1\n|upkeep\n|turn|2\n|\n|t:|1699110345\n|move|p2a: Espathra|Calm Mind|p2a: Espathra\n|-boost|p2a: Espathra|spa|1\n|-boost|p2a: Espathra|spd|1\n|move|p1a: Tornadus|Knock Off|p2a: Espathra\n|-supereffective|p2a: Espathra\n|-damage|p2a: Espathra|42\/100\n|-enditem|p2a: Espathra|Leftovers|[from] move: Knock Off|[of] p1a: Tornadus\n|\n|-ability|p2a: Espathra|Speed Boost|boost\n|-boost|p2a: Espathra|spe|1\n|upkeep\n|turn|3\n|\n|t:|1699110358\n|move|p2a: Espathra|Calm Mind|p2a: Espathra\n|-boost|p2a: Espathra|spa|1\n|-boost|p2a: Espathra|spd|1\n|move|p1a: Tornadus|U-turn|p2a: Espathra\n|-supereffective|p2a: Espathra\n|-damage|p2a: Espathra|14\/100\n|\n|t:|1699110364\n|switch|p1a: Palafin|Palafin-Hero, F|100\/100|[from] U-turn\n|-activate|p1a: Palafin|ability: Zero to Hero\n|\n|-ability|p2a: Espathra|Speed Boost|boost\n|-boost|p2a: Espathra|spe|1\n|upkeep\n|turn|4\n|\n|t:|1699110367\n|move|p1a: Palafin|Jet Punch|p2a: Espathra\n|-damage|p2a: Espathra|0 fnt\n|faint|p2a: Espathra\n|\n|upkeep\n|\n|t:|1699110369\n|switch|p2a: Ninetales|Ninetales-Alola, M|100\/100\n|-weather|Snow|[from] ability: Snow Warning|[of] p2a: Ninetales\n|turn|5\n|\n|t:|1699110373\n|switch|p1a: Pelipper|Pelipper, M|100\/100\n|-weather|RainDance|[from] ability: Drizzle|[of] p1a: Pelipper\n|move|p2a: Ninetales|Aurora Veil||[still]\n|-fail|p2a: Ninetales\n|\n|-weather|RainDance|[upkeep]\n|upkeep\n|turn|6\n|\n|t:|1699110378\n|move|p2a: Ninetales|Freeze-Dry|p1a: Pelipper\n|-supereffective|p1a: Pelipper\n|-damage|p1a: Pelipper|0 fnt\n|faint|p1a: Pelipper\n|\n|-weather|RainDance|[upkeep]\n|upkeep\n|\n|t:|1699110386\n|switch|p1a: Zacian|Zacian|100\/100\n|-ability|p1a: Zacian|Intrepid Sword|boost\n|-boost|p1a: Zacian|atk|1\n|turn|7\n|\n|t:|1699110405\n|switch|p2a: Arceus|Arceus-Fire|100\/100\n|move|p1a: Zacian|Swords Dance|p1a: Zacian\n|-boost|p1a: Zacian|atk|2\n|\n|-weather|RainDance|[upkeep]\n|upkeep\n|turn|8\n|\n|t:|1699110413\n|move|p1a: Zacian|Close Combat|p2a: Arceus\n|-damage|p2a: Arceus|31\/100\n|-unboost|p1a: Zacian|def|1\n|-unboost|p1a: Zacian|spd|1\n|move|p2a: Arceus|Dragon Dance|p2a: Arceus\n|-boost|p2a: Arceus|atk|1\n|-boost|p2a: Arceus|spe|1\n|\n|-weather|RainDance|[upkeep]\n|upkeep\n|turn|9\n|\n|t:|1699110420\n|move|p2a: Arceus|Flare Blitz|p1a: Zacian\n|-damage|p1a: Zacian|12\/100\n|-damage|p2a: Arceus|8\/100|[from] Recoil\n|move|p1a: Zacian|Close Combat|p2a: Arceus\n|-damage|p2a: Arceus|0 fnt\n|-unboost|p1a: Zacian|def|1\n|-unboost|p1a: Zacian|spd|1\n|faint|p2a: Arceus\n|\n|-weather|RainDance|[upkeep]\n|upkeep\n|\n|t:|1699110447\n|switch|p2a: Magearna|Magearna|100\/100\n|turn|10\n|\n|t:|1699110452\n|-terastallize|p2a: Magearna|Water\n|move|p1a: Zacian|Close Combat|p2a: Magearna\n|-damage|p2a: Magearna|37\/100\n|-unboost|p1a: Zacian|def|1\n|-unboost|p1a: Zacian|spd|1\n|move|p2a: Magearna|Draining Kiss|p1a: Zacian\n|-damage|p1a: Zacian|0 fnt\n|-heal|p2a: Magearna|45\/100|[from] drain|[of] p1a: Zacian\n|faint|p1a: Zacian\n|-ability|p2a: Magearna|Soul-Heart|boost\n|-boost|p2a: Magearna|spa|1\n|\n|-weather|RainDance|[upkeep]\n|-heal|p2a: Magearna|51\/100|[from] item: Leftovers\n|upkeep\n|\n|t:|1699110461\n|switch|p1a: Thundurus|Thundurus-Therian, M|100\/100\n|turn|11\n|\n|t:|1699110466\n|switch|p2a: Ninetales|Ninetales-Alola, M|100\/100\n|-weather|Snow|[from] ability: Snow Warning|[of] p2a: Ninetales\n|move|p1a: Thundurus|Grass Knot|p2a: Ninetales\n|-damage|p2a: Ninetales|77\/100\n|\n|-weather|Snow|[upkeep]\n|upkeep\n|turn|12\n|\n|t:|1699110480\n|switch|p1a: Landorus|Landorus, M|100\/100\n|move|p2a: Ninetales|Aurora Veil|p2a: Ninetales\n|-sidestart|p2: SwordIsBored|move: Aurora Veil\n|\n|-weather|Snow|[upkeep]\n|upkeep\n|turn|13\n|\n|t:|1699110489\n|-terastallize|p1a: Landorus|Fairy\n|move|p2a: Ninetales|Freeze-Dry|p1a: Landorus\n|-crit|p1a: Landorus\n|-damage|p1a: Landorus|62\/100\n|move|p1a: Landorus|Sludge Bomb|p2a: Ninetales\n|-supereffective|p2a: Ninetales\n|-damage|p2a: Ninetales|31\/100\n|\n|-weather|Snow|[upkeep]\n|upkeep\n|turn|14\n|\n|t:|1699110501\n|move|p2a: Ninetales|Encore|p1a: Landorus\n|-start|p1a: Landorus|Encore\n|move|p1a: Landorus|Sludge Bomb|p2a: Ninetales\n|-supereffective|p2a: Ninetales\n|-damage|p2a: Ninetales|0 fnt\n|faint|p2a: Ninetales\n|\n|-weather|Snow|[upkeep]\n|upkeep\n|\n|t:|1699110503\n|switch|p2a: Ursaluna|Ursaluna-Bloodmoon, M|100\/100\n|turn|15\n|\n|t:|1699110510\n|switch|p1a: Thundurus|Thundurus-Therian, M|100\/100\n|move|p2a: Ursaluna|Calm Mind|p2a: Ursaluna\n|-boost|p2a: Ursaluna|spa|1\n|-boost|p2a: Ursaluna|spd|1\n|\n|-weather|none\n|upkeep\n|turn|16\n|\n|t:|1699110515\n|move|p1a: Thundurus|Grass Knot|p2a: Ursaluna\n|-supereffective|p2a: Ursaluna\n|-damage|p2a: Ursaluna|36\/100\n|move|p2a: Ursaluna|Blood Moon|p1a: Thundurus\n|-damage|p1a: Thundurus|0 fnt\n|faint|p1a: Thundurus\n|\n|-heal|p2a: Ursaluna|42\/100|[from] item: Leftovers\n|upkeep\n|\n|t:|1699110520\n|switch|p1a: Palafin|Palafin-Hero, F|100\/100\n|turn|17\n|\n|t:|1699110542\n|move|p1a: Palafin|Close Combat|p2a: Ursaluna\n|-supereffective|p2a: Ursaluna\n|-damage|p2a: Ursaluna|0 fnt\n|-unboost|p1a: Palafin|def|1\n|-unboost|p1a: Palafin|spd|1\n|faint|p2a: Ursaluna\n|\n|upkeep\n|\n|t:|1699110547\n|switch|p2a: Hatterene|Hatterene, F|100\/100\n|turn|18\n|\n|t:|1699110551\n|switch|p1a: Tornadus|Tornadus-Therian, M|100\/100\n|move|p2a: Hatterene|Calm Mind|p2a: Hatterene\n|-boost|p2a: Hatterene|spa|1\n|-boost|p2a: Hatterene|spd|1\n|\n|upkeep\n|turn|19\n|\n|t:|1699110556\n|move|p1a: Tornadus|U-turn|p2a: Hatterene\n|-damage|p2a: Hatterene|95\/100\n|\n|t:|1699110558\n|switch|p1a: Landorus|Landorus, M, tera:Fairy|62\/100|[from] U-turn\n|move|p2a: Hatterene|Calm Mind|p2a: Hatterene\n|-boost|p2a: Hatterene|spa|1\n|-boost|p2a: Hatterene|spd|1\n|\n|-heal|p2a: Hatterene|100\/100|[from] item: Leftovers\n|-sideend|p2: SwordIsBored|move: Aurora Veil\n|upkeep\n|turn|20\n|\n|t:|1699110562\n|move|p1a: Landorus|Nasty Plot|p1a: Landorus\n|-boost|p1a: Landorus|spa|2\n|move|p2a: Hatterene|Nuzzle|p1a: Landorus\n|-damage|p1a: Landorus|57\/100\n|-status|p1a: Landorus|par\n|\n|upkeep\n|turn|21\n|\n|t:|1699110568\n|move|p1a: Landorus|Sludge Bomb|p2a: Hatterene\n|-supereffective|p2a: Hatterene\n|-damage|p2a: Hatterene|0 fnt\n|faint|p2a: Hatterene\n|\n|upkeep\n|\n|t:|1699110571\n|switch|p2a: Magearna|Magearna, tera:Water|51\/100\n|turn|22\n|\n|t:|1699110577\n|move|p2a: Magearna|Calm Mind|p2a: Magearna\n|-boost|p2a: Magearna|spa|1\n|-boost|p2a: Magearna|spd|1\n|move|p1a: Landorus|Tera Blast|p2a: Magearna|[anim] Tera Blast Fairy\n|-damage|p2a: Magearna|0 fnt\n|faint|p2a: Magearna\n|-damage|p1a: Landorus|48\/100 par|[from] item: Life Orb\n|\n|win|I9821943813dws\n|c|\u2606SwordIsBored|ok\n|c|\u2606SwordIsBored|gg\n|l|\u2606SwordIsBored\n|c|\u2606I9821943813dws|gg(enies)\n","uploadtime":1699110591,"views":18,"p1id":"i9821943813dws","p2id":"swordisbored","formatid":"gen9ubers","rating":0,"private":0,"password":""}