{"id":"gen9ubers-1973050877","p1":"bsball8806","p2":"Marabo","format":"[Gen 9] Ubers","log":"|j|\u2606bsball8806\n|j|\u2606Marabo\n|t:|1697922321\n|gametype|singles\n|player|p1|bsball8806|marlon|\n|player|p2|Marabo|hiker-gen4|\n|teamsize|p1|6\n|teamsize|p2|6\n|gen|9\n|tier|[Gen 9] Ubers\n|rule|Sleep Clause Mod: Limit one foe put to sleep\n|rule|Species Clause: Limit one of each Pok\u00e9mon\n|rule|OHKO Clause: OHKO moves are banned\n|rule|Evasion Items Clause: Evasion items are banned\n|rule|Evasion Moves Clause: Evasion moves are banned\n|rule|Endless Battle Clause: Forcing endless battles is banned\n|rule|HP Percentage Mod: HP is shown in percentages\n|clearpoke\n|poke|p1|Electrode|\n|poke|p1|Dragapult, F|\n|poke|p1|Zarude|\n|poke|p1|Corviknight, F|\n|poke|p1|Blissey, F|\n|poke|p1|Quagsire, F|\n|poke|p2|Forretress, M|\n|poke|p2|Pelipper, M|\n|poke|p2|Floatzel, F|\n|poke|p2|Eelektross, F|\n|poke|p2|Basculegion-F, F|\n|poke|p2|Munkidori, M|\n|teampreview\n|j| Ace_T_24\n|j| BPLD\n|\n|t:|1697922389\n|start\n|switch|p1a: Electrode|Electrode|100\/100\n|switch|p2a: Flesh Bud|Eelektross, F|100\/100\n|turn|1\n|c| BPLD|Did both of yall do the team submission sheets as well?\n|c|\u2606Marabo|yes\n|\n|t:|1697922442\n|move|p1a: Electrode|Volt Switch|p2a: Flesh Bud\n|-resisted|p2a: Flesh Bud\n|-damage|p2a: Flesh Bud|90\/100\n|\n|t:|1697922470\n|switch|p1a: Blissey|Blissey, F|100\/100|[from] Volt Switch\n|move|p2a: Flesh Bud|Volt Switch|p1a: Blissey\n|-damage|p1a: Blissey|91\/100\n|\n|t:|1697922494\n|switch|p2a: Gappy|Pelipper, M, shiny|100\/100|[from] Volt Switch\n|-weather|RainDance|[from] ability: Drizzle|[of] p2a: Gappy\n|\n|-weather|RainDance|[upkeep]\n|upkeep\n|turn|2\n|\n|t:|1697922518\n|move|p2a: Gappy|U-turn|p1a: Blissey\n|-damage|p1a: Blissey|83\/100\n|\n|t:|1697922521\n|switch|p2a: Flesh Bud|Eelektross, F|90\/100|[from] U-turn\n|move|p1a: Blissey|Thunder Wave|p2a: Flesh Bud\n|-immune|p2a: Flesh Bud\n|\n|-weather|RainDance|[upkeep]\n|upkeep\n|turn|3\n|\n|t:|1697922541\n|switch|p1a: Dragapult|Dragapult, F|100\/100\n|move|p2a: Flesh Bud|Giga Drain|p1a: Dragapult\n|-resisted|p1a: Dragapult\n|-damage|p1a: Dragapult|85\/100\n|-heal|p2a: Flesh Bud|96\/100|[from] drain|[of] p1a: Dragapult\n|\n|-weather|RainDance|[upkeep]\n|upkeep\n|turn|4\n|\n|t:|1697922552\n|move|p1a: Dragapult|Dragon Darts|p2a: Flesh Bud\n|-crit|p2a: Flesh Bud\n|-damage|p2a: Flesh Bud|61\/100\n|-anim|p1a: Dragapult|Dragon Darts|p2a: Flesh Bud\n|-damage|p2a: Flesh Bud|39\/100\n|move|p2a: Flesh Bud|Volt Switch|p1a: Dragapult\n|-resisted|p1a: Dragapult\n|-damage|p1a: Dragapult|66\/100\n|l| BPLD\n|\n|t:|1697922567\n|switch|p2a: Enrico Pucci|Floatzel, F, shiny|100\/100|[from] Volt Switch\n|\n|-weather|RainDance|[upkeep]\n|upkeep\n|turn|5\n|\n|t:|1697922584\n|switch|p1a: Quagsire|Quagsire, F|100\/100\n|-terastallize|p2a: Enrico Pucci|Water\n|move|p2a: Enrico Pucci|Wave Crash|p1a: Quagsire\n|-immune|p1a: Quagsire|[from] ability: Water Absorb\n|\n|-weather|RainDance|[upkeep]\n|upkeep\n|turn|6\n|j| BPLD\n|\n|t:|1697922612\n|switch|p2a: The Wonder of You|Basculegion-F, F|100\/100\n|switch|p1a: Zarude|Zarude|100\/100\n|\n|-weather|RainDance|[upkeep]\n|upkeep\n|turn|7\n|\n|t:|1697922626\n|move|p2a: The Wonder of You|Ice Beam|p1a: Zarude\n|-supereffective|p1a: Zarude\n|-damage|p1a: Zarude|46\/100\n|move|p1a: Zarude|Bulk Up|p1a: Zarude\n|-boost|p1a: Zarude|atk|1\n|-boost|p1a: Zarude|def|1\n|\n|-weather|RainDance|[upkeep]\n|upkeep\n|turn|8\n|\n|t:|1697922635\n|-terastallize|p1a: Zarude|Poison\n|move|p2a: The Wonder of You|Ice Beam|p1a: Zarude\n|-damage|p1a: Zarude|20\/100\n|move|p1a: Zarude|Knock Off|p2a: The Wonder of You\n|-supereffective|p2a: The Wonder of You\n|-damage|p2a: The Wonder of You|0 fnt\n|-enditem|p2a: The Wonder of You|Choice Scarf|[from] move: Knock Off|[of] p1a: Zarude\n|faint|p2a: The Wonder of You\n|\n|-weather|none\n|upkeep\n|\n|t:|1697922648\n|switch|p2a: Steel Ball Run|Forretress, M|100\/100\n|turn|9\n|\n|t:|1697922690\n|move|p1a: Zarude|Knock Off|p2a: Steel Ball Run\n|-damage|p2a: Steel Ball Run|51\/100\n|-enditem|p2a: Steel Ball Run|Leftovers|[from] move: Knock Off|[of] p1a: Zarude\n|move|p2a: Steel Ball Run|Volt Switch|p1a: Zarude\n|-damage|p1a: Zarude|10\/100\n|\n|t:|1697922711\n|switch|p2a: Kenzou|Munkidori, M|100\/100|[from] Volt Switch\n|\n|upkeep\n|turn|10\n|\n|t:|1697922726\n|switch|p1a: Blissey|Blissey, F|83\/100\n|move|p2a: Kenzou|Psychic|p1a: Blissey\n|-damage|p1a: Blissey|58\/100\n|\n|upkeep\n|turn|11\n|\n|t:|1697922748\n|switch|p2a: Flesh Bud|Eelektross, F|39\/100\n|move|p1a: Blissey|Soft-Boiled|p1a: Blissey\n|-heal|p1a: Blissey|100\/100\n|\n|upkeep\n|turn|12\n|\n|t:|1697922765\n|move|p1a: Blissey|Seismic Toss|p2a: Flesh Bud\n|-damage|p2a: Flesh Bud|12\/100\n|move|p2a: Flesh Bud|Volt Switch|p1a: Blissey\n|-damage|p1a: Blissey|91\/100\n|\n|t:|1697922774\n|switch|p2a: Gappy|Pelipper, M, shiny|100\/100|[from] Volt Switch\n|-weather|RainDance|[from] ability: Drizzle|[of] p2a: Gappy\n|\n|-weather|RainDance|[upkeep]\n|upkeep\n|turn|13\n|\n|t:|1697922784\n|move|p2a: Gappy|Hurricane|p1a: Blissey\n|-crit|p1a: Blissey\n|-damage|p1a: Blissey|70\/100\n|move|p1a: Blissey|Thunder Wave|p2a: Gappy\n|-status|p2a: Gappy|par\n|\n|-weather|RainDance|[upkeep]\n|upkeep\n|turn|14\n|\n|t:|1697922800\n|switch|p2a: Flesh Bud|Eelektross, F|12\/100\n|move|p1a: Blissey|Seismic Toss|p2a: Flesh Bud\n|-damage|p2a: Flesh Bud|0 fnt\n|faint|p2a: Flesh Bud\n|\n|-weather|RainDance|[upkeep]\n|upkeep\n|\n|t:|1697922813\n|switch|p2a: Steel Ball Run|Forretress, M|51\/100\n|turn|15\n|\n|t:|1697922819\n|switch|p1a: Corviknight|Corviknight, F|100\/100\n|-ability|p1a: Corviknight|Pressure\n|move|p2a: Steel Ball Run|Gyro Ball|p1a: Corviknight\n|-resisted|p1a: Corviknight\n|-damage|p1a: Corviknight|95\/100\n|-damage|p2a: Steel Ball Run|34\/100|[from] item: Rocky Helmet|[of] p1a: Corviknight\n|\n|-weather|RainDance|[upkeep]\n|upkeep\n|turn|16\n|\n|t:|1697922828\n|move|p1a: Corviknight|Brave Bird|p2a: Steel Ball Run\n|-damage|p2a: Steel Ball Run|12\/100\n|-damage|p1a: Corviknight|89\/100|[from] Recoil\n|move|p2a: Steel Ball Run|Volt Switch|p1a: Corviknight\n|-supereffective|p1a: Corviknight\n|-damage|p1a: Corviknight|68\/100\n|\n|t:|1697922835\n|switch|p2a: Enrico Pucci|Floatzel, F, shiny, tera:Water|100\/100|[from] Volt Switch\n|\n|-weather|RainDance|[upkeep]\n|upkeep\n|turn|17\n|\n|t:|1697922840\n|switch|p1a: Quagsire|Quagsire, F|100\/100\n|move|p2a: Enrico Pucci|Ice Spinner|p1a: Quagsire\n|-damage|p1a: Quagsire|73\/100\n|\n|-weather|RainDance|[upkeep]\n|upkeep\n|turn|18\n|\n|t:|1697922854\n|move|p2a: Enrico Pucci|Ice Spinner|p1a: Quagsire\n|-damage|p1a: Quagsire|48\/100\n|move|p1a: Quagsire|Recover|p1a: Quagsire\n|-heal|p1a: Quagsire|98\/100\n|\n|-weather|RainDance|[upkeep]\n|upkeep\n|turn|19\n|\n|t:|1697922865\n|switch|p2a: Kenzou|Munkidori, M|100\/100\n|move|p1a: Quagsire|Earthquake|p2a: Kenzou\n|-supereffective|p2a: Kenzou\n|-damage|p2a: Kenzou|10\/100\n|\n|-weather|none\n|upkeep\n|turn|20\n|\n|t:|1697922873\n|switch|p1a: Blissey|Blissey, F|70\/100\n|move|p2a: Kenzou|Sludge Wave|p1a: Blissey\n|-damage|p1a: Blissey|45\/100\n|-status|p1a: Blissey|tox|[from] ability: Toxic Chain|[of] p2a: Kenzou\n|\n|-damage|p1a: Blissey|39\/100 tox|[from] psn\n|upkeep\n|turn|21\n|\n|t:|1697922881\n|move|p2a: Kenzou|Sludge Wave|p1a: Blissey\n|-damage|p1a: Blissey|14\/100 tox\n|move|p1a: Blissey|Soft-Boiled|p1a: Blissey\n|-heal|p1a: Blissey|64\/100 tox\n|\n|-damage|p1a: Blissey|51\/100 tox|[from] psn\n|upkeep\n|turn|22\n|\n|t:|1697922888\n|-curestatus|p1a: Blissey|tox|[from] ability: Natural Cure\n|switch|p1a: Corviknight|Corviknight, F|68\/100\n|-ability|p1a: Corviknight|Pressure\n|move|p2a: Kenzou|Sludge Wave|p1a: Corviknight\n|-immune|p1a: Corviknight\n|\n|upkeep\n|turn|23\n|\n|t:|1697922898\n|switch|p2a: Gappy|Pelipper, M, shiny|100\/100 par\n|-weather|RainDance|[from] ability: Drizzle|[of] p2a: Gappy\n|move|p1a: Corviknight|U-turn|p2a: Gappy\n|-resisted|p2a: Gappy\n|-damage|p2a: Gappy|94\/100 par\n|\n|t:|1697922903\n|switch|p1a: Dragapult|Dragapult, F|66\/100|[from] U-turn\n|\n|-weather|RainDance|[upkeep]\n|upkeep\n|turn|24\n|\n|t:|1697922909\n|move|p1a: Dragapult|Thunderbolt|p2a: Gappy\n|-supereffective|p2a: Gappy\n|-crit|p2a: Gappy\n|-damage|p2a: Gappy|0 fnt\n|faint|p2a: Gappy\n|\n|-weather|RainDance|[upkeep]\n|upkeep\n|\n|t:|1697922915\n|switch|p2a: Enrico Pucci|Floatzel, F, shiny, tera:Water|100\/100\n|turn|25\n|\n|t:|1697922929\n|switch|p1a: Corviknight|Corviknight, F|68\/100\n|-ability|p1a: Corviknight|Pressure\n|move|p2a: Enrico Pucci|Ice Spinner|p1a: Corviknight\n|-damage|p1a: Corviknight|45\/100\n|-damage|p2a: Enrico Pucci|84\/100|[from] item: Rocky Helmet|[of] p1a: Corviknight\n|\n|-weather|RainDance|[upkeep]\n|upkeep\n|turn|26\n|\n|t:|1697922946\n|move|p2a: Enrico Pucci|Ice Spinner|p1a: Corviknight\n|-damage|p1a: Corviknight|20\/100\n|-damage|p2a: Enrico Pucci|68\/100|[from] item: Rocky Helmet|[of] p1a: Corviknight\n|move|p1a: Corviknight|U-turn|p2a: Enrico Pucci\n|-damage|p2a: Enrico Pucci|44\/100\n|\n|t:|1697922949\n|switch|p1a: Dragapult|Dragapult, F|66\/100|[from] U-turn\n|\n|-weather|RainDance|[upkeep]\n|upkeep\n|turn|27\n|\n|t:|1697922954\n|move|p1a: Dragapult|Sucker Punch|p2a: Enrico Pucci\n|-damage|p2a: Enrico Pucci|3\/100\n|move|p2a: Enrico Pucci|Ice Spinner|p1a: Dragapult\n|-supereffective|p1a: Dragapult\n|-damage|p1a: Dragapult|0 fnt\n|faint|p1a: Dragapult\n|\n|-weather|RainDance|[upkeep]\n|upkeep\n|\n|t:|1697922960\n|switch|p1a: Electrode|Electrode|100\/100\n|turn|28\n|\n|t:|1697922965\n|switch|p2a: Steel Ball Run|Forretress, M|12\/100\n|move|p1a: Electrode|Thunderbolt|p2a: Steel Ball Run\n|-damage|p2a: Steel Ball Run|0 fnt\n|faint|p2a: Steel Ball Run\n|\n|-weather|RainDance|[upkeep]\n|upkeep\n|\n|t:|1697922972\n|switch|p2a: Enrico Pucci|Floatzel, F, shiny, tera:Water|3\/100\n|turn|29\n|\n|t:|1697922975\n|switch|p1a: Quagsire|Quagsire, F|98\/100\n|move|p2a: Enrico Pucci|Ice Spinner|p1a: Quagsire\n|-crit|p1a: Quagsire\n|-damage|p1a: Quagsire|54\/100\n|\n|-weather|RainDance|[upkeep]\n|upkeep\n|turn|30\n|\n|t:|1697922984\n|move|p2a: Enrico Pucci|Ice Spinner|p1a: Quagsire\n|-damage|p1a: Quagsire|27\/100\n|move|p1a: Quagsire|Earthquake|p2a: Enrico Pucci\n|-damage|p2a: Enrico Pucci|0 fnt\n|faint|p2a: Enrico Pucci\n|\n|-weather|none\n|upkeep\n|\n|t:|1697922992\n|switch|p2a: Kenzou|Munkidori, M|10\/100\n|turn|31\n|\n|t:|1697923009\n|switch|p1a: Blissey|Blissey, F|51\/100\n|move|p2a: Kenzou|Psychic|p1a: Blissey\n|-damage|p1a: Blissey|27\/100\n|\n|upkeep\n|turn|32\n|\n|t:|1697923027\n|move|p2a: Kenzou|Psychic|p1a: Blissey\n|-damage|p1a: Blissey|3\/100\n|move|p1a: Blissey|Soft-Boiled|p1a: Blissey\n|-heal|p1a: Blissey|53\/100\n|\n|upkeep\n|turn|33\n|c|\u2606Marabo|bro\n|\n|t:|1697923036\n|move|p2a: Kenzou|Psychic|p1a: Blissey\n|-damage|p1a: Blissey|28\/100\n|-status|p1a: Blissey|tox|[from] ability: Toxic Chain|[of] p2a: Kenzou\n|move|p1a: Blissey|Seismic Toss|p2a: Kenzou\n|-damage|p2a: Kenzou|0 fnt\n|faint|p2a: Kenzou\n|\n|win|bsball8806\n","uploadtime":1697923042,"views":29,"p1id":"bsball8806","p2id":"marabo","formatid":"gen9ubers","rating":0,"private":0,"password":""}