{"id":"gen9ubers-1988110485","p1":"OreoMan789","p2":"PinkScourge","format":"[Gen 9] Ubers","log":"|j|\u2606OreoMan789\n|j|\u2606PinkScourge\n|t:|1699670805\n|gametype|singles\n|player|p1|OreoMan789|gentleman-gen4|\n|player|p2|PinkScourge|bede-leader|\n|teamsize|p1|6\n|teamsize|p2|6\n|gen|9\n|tier|[Gen 9] Ubers\n|rule|Sleep Clause Mod: Limit one foe put to sleep\n|rule|Species Clause: Limit one of each Pok\u00e9mon\n|rule|OHKO Clause: OHKO moves are banned\n|rule|Evasion Items Clause: Evasion items are banned\n|rule|Evasion Moves Clause: Evasion moves are banned\n|rule|Endless Battle Clause: Forcing endless battles is banned\n|rule|HP Percentage Mod: HP is shown in percentages\n|clearpoke\n|poke|p1|Dragapult, F|\n|poke|p1|Ogerpon-Wellspring, F|\n|poke|p1|Baxcalibur, M|\n|poke|p1|Espathra, M|\n|poke|p1|Zapdos|\n|poke|p1|Dialga-Origin|\n|poke|p2|Gothitelle, F|\n|poke|p2|Arceus-Poison|\n|poke|p2|Palkia|\n|poke|p2|Alomomola, M|\n|poke|p2|Mandibuzz, F|\n|poke|p2|Slowking-Galar, F|\n|teampreview\n|inactive|Battle timer is ON: inactive players will automatically lose when time's up. (requested by PinkScourge)\n|\n|t:|1699670820\n|start\n|switch|p1a: Espathra|Espathra, M, shiny|100\/100\n|switch|p2a: Arceus|Arceus-Poison|100\/100\n|turn|1\n|\n|t:|1699670823\n|move|p1a: Espathra|Calm Mind|p1a: Espathra\n|-boost|p1a: Espathra|spa|1\n|-boost|p1a: Espathra|spd|1\n|move|p2a: Arceus|Perish Song|p2a: Arceus\n|-start|p1a: Espathra|perish3|[silent]\n|-start|p2a: Arceus|perish3|[silent]\n|-fieldactivate|move: Perish Song\n|\n|-start|p1a: Espathra|perish3\n|-start|p2a: Arceus|perish3\n|-ability|p1a: Espathra|Speed Boost|boost\n|-boost|p1a: Espathra|spe|1\n|upkeep\n|turn|2\n|\n|t:|1699670825\n|switch|p2a: Gothitelle|Gothitelle, F|100\/100\n|move|p1a: Espathra|Calm Mind|p1a: Espathra\n|-boost|p1a: Espathra|spa|1\n|-boost|p1a: Espathra|spd|1\n|\n|-start|p1a: Espathra|perish2\n|-ability|p1a: Espathra|Speed Boost|boost\n|-boost|p1a: Espathra|spe|1\n|upkeep\n|turn|3\n|\n|t:|1699670834\n|move|p2a: Gothitelle|Protect|p2a: Gothitelle\n|-singleturn|p2a: Gothitelle|Protect\n|move|p1a: Espathra|Dazzling Gleam|p2a: Gothitelle\n|-activate|p2a: Gothitelle|move: Protect\n|\n|-start|p1a: Espathra|perish1\n|-ability|p1a: Espathra|Speed Boost|boost\n|-boost|p1a: Espathra|spe|1\n|upkeep\n|turn|4\n|\n|t:|1699670844\n|switch|p2a: Arceus|Arceus-Poison|100\/100\n|move|p1a: Espathra|Dazzling Gleam|p2a: Arceus\n|-resisted|p2a: Arceus\n|-damage|p2a: Arceus|88\/100\n|\n|-start|p1a: Espathra|perish0\n|faint|p1a: Espathra\n|upkeep\n|\n|t:|1699670850\n|switch|p1a: Dialga|Dialga-Origin|100\/100\n|-ability|p1a: Dialga|Pressure\n|turn|5\n|\n|t:|1699670855\n|move|p2a: Arceus|Perish Song|p2a: Arceus\n|-start|p1a: Dialga|perish3|[silent]\n|-start|p2a: Arceus|perish3|[silent]\n|-fieldactivate|move: Perish Song\n|move|p1a: Dialga|Earth Power|p2a: Arceus\n|-supereffective|p2a: Arceus\n|-damage|p2a: Arceus|59\/100\n|\n|-start|p2a: Arceus|perish3\n|-start|p1a: Dialga|perish3\n|upkeep\n|turn|6\n|\n|t:|1699670860\n|switch|p1a: Dragapult|Dragapult, F|100\/100\n|move|p2a: Arceus|Recover|p2a: Arceus\n|-heal|p2a: Arceus|100\/100\n|\n|-start|p2a: Arceus|perish2\n|upkeep\n|turn|7\n|\n|t:|1699670867\n|switch|p1a: Dialga|Dialga-Origin|100\/100\n|-ability|p1a: Dialga|Pressure\n|move|p2a: Arceus|Perish Song|p2a: Arceus\n|-start|p1a: Dialga|perish3|[silent]\n|-fieldactivate|move: Perish Song\n|\n|-start|p2a: Arceus|perish1\n|-start|p1a: Dialga|perish3\n|upkeep\n|turn|8\n|\n|t:|1699670874\n|switch|p2a: Mandibuzz|Mandibuzz, F|100\/100\n|switch|p1a: Dragapult|Dragapult, F|100\/100\n|\n|upkeep\n|turn|9\n|\n|t:|1699670879\n|move|p1a: Dragapult|U-turn|p2a: Mandibuzz\n|-damage|p2a: Mandibuzz|84\/100\n|-damage|p1a: Dragapult|91\/100|[from] item: Life Orb\n|\n|t:|1699670883\n|switch|p1a: Baxcalibur|Baxcalibur, M|100\/100|[from] U-turn\n|move|p2a: Mandibuzz|Foul Play|p1a: Baxcalibur\n|-damage|p1a: Baxcalibur|37\/100\n|\n|upkeep\n|turn|10\n|\n|t:|1699670893\n|-terastallize|p2a: Mandibuzz|Water\n|move|p1a: Baxcalibur|Icicle Spear|p2a: Mandibuzz\n|-resisted|p2a: Mandibuzz\n|-damage|p2a: Mandibuzz|78\/100\n|-resisted|p2a: Mandibuzz\n|-damage|p2a: Mandibuzz|72\/100\n|-resisted|p2a: Mandibuzz\n|-damage|p2a: Mandibuzz|67\/100\n|-resisted|p2a: Mandibuzz\n|-damage|p2a: Mandibuzz|61\/100\n|-hitcount|p2a: Mandibuzz|4\n|move|p2a: Mandibuzz|Foul Play|p1a: Baxcalibur\n|-damage|p1a: Baxcalibur|0 fnt\n|faint|p1a: Baxcalibur\n|\n|upkeep\n|\n|t:|1699670897\n|switch|p1a: Zapdos|Zapdos|100\/100\n|turn|11\n|\n|t:|1699670902\n|switch|p2a: Slowking|Slowking-Galar, F|100\/100\n|move|p1a: Zapdos|Discharge|p2a: Slowking\n|-damage|p2a: Slowking|77\/100\n|\n|upkeep\n|turn|12\n|\n|t:|1699670906\n|move|p1a: Zapdos|Discharge|p2a: Slowking\n|-damage|p2a: Slowking|51\/100\n|move|p2a: Slowking|Future Sight|p1a: Zapdos\n|-start|p2a: Slowking|move: Future Sight\n|\n|upkeep\n|turn|13\n|\n|t:|1699670913\n|move|p1a: Zapdos|Discharge|p2a: Slowking\n|-damage|p2a: Slowking|25\/100\n|move|p2a: Slowking|Chilly Reception|p2a: Slowking\n|-weather|Snow\n|\n|t:|1699670922\n|switch|p2a: Palkia|Palkia|100\/100|[from] Chilly Reception\n|-ability|p2a: Palkia|Pressure\n|\n|-weather|Snow|[upkeep]\n|upkeep\n|turn|14\n|\n|t:|1699670928\n|switch|p1a: Dialga|Dialga-Origin|100\/100\n|-ability|p1a: Dialga|Pressure\n|move|p2a: Palkia|Surf|p1a: Dialga\n|-resisted|p1a: Dialga\n|-damage|p1a: Dialga|76\/100\n|\n|-weather|Snow|[upkeep]\n|-end|p1a: Dialga|move: Future Sight\n|-resisted|p1a: Dialga\n|-damage|p1a: Dialga|59\/100\n|upkeep\n|turn|15\n|\n|t:|1699670939\n|switch|p2a: Alomomola|Alomomola, M|100\/100\n|move|p1a: Dialga|Dragon Pulse|p2a: Alomomola\n|-damage|p2a: Alomomola|46\/100\n|\n|-weather|Snow|[upkeep]\n|upkeep\n|turn|16\n|\n|t:|1699670946\n|switch|p2a: Arceus|Arceus-Poison|100\/100\n|move|p1a: Dialga|Dragon Pulse|p2a: Arceus\n|-damage|p2a: Arceus|74\/100\n|\n|-weather|Snow|[upkeep]\n|upkeep\n|turn|17\n|\n|t:|1699670953\n|move|p2a: Arceus|Future Sight|p1a: Dialga\n|-start|p2a: Arceus|move: Future Sight\n|move|p1a: Dialga|Earth Power|p2a: Arceus\n|-supereffective|p2a: Arceus\n|-damage|p2a: Arceus|41\/100\n|\n|-weather|none\n|upkeep\n|turn|18\n|\n|t:|1699670957\n|move|p2a: Arceus|Recover|p2a: Arceus\n|-heal|p2a: Arceus|91\/100\n|move|p1a: Dialga|Earth Power|p2a: Arceus\n|-supereffective|p2a: Arceus\n|-damage|p2a: Arceus|59\/100\n|\n|upkeep\n|turn|19\n|\n|t:|1699670962\n|move|p2a: Arceus|Perish Song|p2a: Arceus\n|-start|p1a: Dialga|perish3|[silent]\n|-start|p2a: Arceus|perish3|[silent]\n|-fieldactivate|move: Perish Song\n|move|p1a: Dialga|Earth Power|p2a: Arceus\n|-supereffective|p2a: Arceus\n|-damage|p2a: Arceus|25\/100\n|-unboost|p2a: Arceus|spd|1\n|\n|-end|p1a: Dialga|move: Future Sight\n|-resisted|p1a: Dialga\n|-damage|p1a: Dialga|47\/100\n|-start|p2a: Arceus|perish3\n|-start|p1a: Dialga|perish3\n|upkeep\n|turn|20\n|\n|t:|1699670967\n|move|p2a: Arceus|Recover|p2a: Arceus\n|-heal|p2a: Arceus|75\/100\n|move|p1a: Dialga|Earth Power|p2a: Arceus\n|-supereffective|p2a: Arceus\n|-damage|p2a: Arceus|31\/100\n|\n|-start|p2a: Arceus|perish2\n|-start|p1a: Dialga|perish2\n|upkeep\n|turn|21\n|\n|t:|1699670974\n|switch|p2a: Gothitelle|Gothitelle, F|100\/100\n|move|p1a: Dialga|Earth Power|p2a: Gothitelle\n|-damage|p2a: Gothitelle|72\/100\n|\n|-start|p1a: Dialga|perish1\n|upkeep\n|turn|22\n|\n|t:|1699670986\n|move|p1a: Dialga|Dragon Pulse|p2a: Gothitelle\n|-damage|p2a: Gothitelle|22\/100\n|move|p2a: Gothitelle|Trick Room|p2a: Gothitelle\n|-fieldstart|move: Trick Room|[of] p2a: Gothitelle\n|\n|-start|p1a: Dialga|perish0\n|faint|p1a: Dialga\n|upkeep\n|\n|t:|1699670992\n|switch|p1a: Ogerpon|Ogerpon-Wellspring, F|100\/100\n|turn|23\n|\n|t:|1699671000\n|-terastallize|p1a: Ogerpon|Water\n|detailschange|p1a: Ogerpon|Ogerpon-Wellspring-Tera, F, tera:Water\n|-ability|p1a: Ogerpon|Embody Aspect (Wellspring)|boost\n|-boost|p1a: Ogerpon|spd|1\n|move|p2a: Gothitelle|Foul Play|p1a: Ogerpon\n|-damage|p1a: Ogerpon|63\/100\n|move|p1a: Ogerpon|Ivy Cudgel|p2a: Gothitelle\n|-damage|p2a: Gothitelle|0 fnt\n|faint|p2a: Gothitelle\n|\n|upkeep\n|\n|t:|1699671010\n|switch|p2a: Palkia|Palkia|100\/100\n|-ability|p2a: Palkia|Pressure\n|turn|24\n|\n|t:|1699671015\n|move|p2a: Palkia|Spacial Rend|p1a: Ogerpon\n|-damage|p1a: Ogerpon|0 fnt\n|faint|p1a: Ogerpon\n|\n|upkeep\n|\n|t:|1699671019\n|switch|p1a: Zapdos|Zapdos|100\/100\n|turn|25\n|\n|t:|1699671026\n|move|p2a: Palkia|Spacial Rend|p1a: Zapdos\n|-crit|p1a: Zapdos\n|-damage|p1a: Zapdos|0 fnt\n|faint|p1a: Zapdos\n|\n|upkeep\n|\n|t:|1699671028\n|switch|p1a: Dragapult|Dragapult, F|91\/100\n|turn|26\n|\n|t:|1699671032\n|move|p2a: Palkia|Spacial Rend|p1a: Dragapult\n|-supereffective|p1a: Dragapult\n|-damage|p1a: Dragapult|0 fnt\n|faint|p1a: Dragapult\n|\n|win|PinkScourge\n|c|\u2606PinkScourge|GG\n|c|\u2606OreoMan789|gg\n|l|\u2606OreoMan789\n","uploadtime":1699671038,"views":6,"p1id":"oreoman789","p2id":"pinkscourge","formatid":"gen9ubers","rating":0,"private":0,"password":""}