{"id":"gen9ubers-1992483780","p1":"migueleleu","p2":"Osok1","format":"[Gen 9] Ubers","log":"|j|\u2606migueleleu\n|j|\u2606Osok1\n|t:|1700193287\n|gametype|singles\n|player|p1|migueleleu|1|\n|player|p2|Osok1|170|\n|teamsize|p1|6\n|teamsize|p2|6\n|gen|9\n|tier|[Gen 9] Ubers\n|rule|Sleep Clause Mod: Limit one foe put to sleep\n|rule|Species Clause: Limit one of each Pok\u00e9mon\n|rule|OHKO Clause: OHKO moves are banned\n|rule|Evasion Items Clause: Evasion items are banned\n|rule|Evasion Moves Clause: Evasion moves are banned\n|rule|Endless Battle Clause: Forcing endless battles is banned\n|rule|HP Percentage Mod: HP is shown in percentages\n|clearpoke\n|poke|p1|Arceus-Dragon|\n|poke|p1|Mewtwo|\n|poke|p1|Zamazenta-*|\n|poke|p1|Volcarona, M|\n|poke|p1|Kyogre|\n|poke|p1|Groudon|\n|poke|p2|Garchomp, M|\n|poke|p2|Kyogre|\n|poke|p2|Tyranitar, M|\n|poke|p2|Lucario, M|\n|poke|p2|Gardevoir, F|\n|poke|p2|Kingambit, F|\n|teampreview\n|\n|t:|1700193294\n|start\n|switch|p1a: Groudon|Groudon, shiny|100\/100\n|switch|p2a: Gardevoir|Gardevoir, F|100\/100\n|-weather|SunnyDay|[from] ability: Drought|[of] p1a: Groudon\n|turn|1\n|\n|t:|1700193303\n|move|p2a: Gardevoir|Hypnosis|p1a: Groudon\n|-status|p1a: Groudon|slp|[from] move: Hypnosis\n|cant|p1a: Groudon|slp\n|\n|-weather|SunnyDay|[upkeep]\n|upkeep\n|turn|2\n|\n|t:|1700193321\n|switch|p1a: Zamazenta|Zamazenta-Crowned, shiny|100\/100\n|-ability|p1a: Zamazenta|Dauntless Shield|boost\n|-boost|p1a: Zamazenta|def|1\n|move|p2a: Gardevoir|Psychic|p1a: Zamazenta\n|-damage|p1a: Zamazenta|60\/100\n|\n|-weather|SunnyDay|[upkeep]\n|upkeep\n|turn|3\n|inactive|Battle timer is ON: inactive players will automatically lose when time's up. (requested by migueleleu)\n|inactiveoff|Battle timer is now OFF.\n|\n|t:|1700193356\n|move|p2a: Gardevoir|Shadow Sneak|p1a: Zamazenta\n|-damage|p1a: Zamazenta|58\/100\n|move|p1a: Zamazenta|Close Combat|p2a: Gardevoir\n|-resisted|p2a: Gardevoir\n|-damage|p2a: Gardevoir|78\/100\n|-unboost|p1a: Zamazenta|def|1\n|-unboost|p1a: Zamazenta|spd|1\n|\n|-weather|SunnyDay|[upkeep]\n|upkeep\n|turn|4\n|\n|t:|1700193366\n|move|p1a: Zamazenta|Crunch|p2a: Gardevoir\n|-damage|p2a: Gardevoir|37\/100\n|move|p2a: Gardevoir|Hypnosis|p1a: Zamazenta\n|-message|Sleep Clause Mod activated.\n|-hint|Sleep Clause Mod prevents players from putting more than one of their opponent's Pok\u00e9mon to sleep at a time\n|\n|-weather|SunnyDay|[upkeep]\n|upkeep\n|turn|5\n|\n|t:|1700193374\n|move|p1a: Zamazenta|Crunch|p2a: Gardevoir\n|-damage|p2a: Gardevoir|0 fnt\n|faint|p2a: Gardevoir\n|\n|-weather|none\n|upkeep\n|\n|t:|1700193381\n|switch|p2a: Lucario|Lucario, M|100\/100\n|turn|6\n|\n|t:|1700193385\n|move|p1a: Zamazenta|Crunch|p2a: Lucario\n|-resisted|p2a: Lucario\n|-damage|p2a: Lucario|80\/100\n|move|p2a: Lucario|Close Combat|p1a: Zamazenta\n|-supereffective|p1a: Zamazenta\n|-damage|p1a: Zamazenta|0 fnt\n|-unboost|p2a: Lucario|def|1\n|-unboost|p2a: Lucario|spd|1\n|faint|p1a: Zamazenta\n|\n|upkeep\n|\n|t:|1700193401\n|switch|p1a: Arceus|Arceus-Dragon, shiny|100\/100\n|turn|7\n|\n|t:|1700193409\n|-terastallize|p2a: Lucario|Ghost\n|move|p1a: Arceus|Hyper Beam|p2a: Lucario\n|-immune|p2a: Lucario\n|move|p2a: Lucario|Ice Punch|p1a: Arceus\n|-supereffective|p1a: Arceus\n|-damage|p1a: Arceus|61\/100\n|\n|upkeep\n|turn|8\n|\n|t:|1700193422\n|move|p1a: Arceus|Draco Meteor|p2a: Lucario\n|-damage|p2a: Lucario|0 fnt\n|-unboost|p1a: Arceus|spa|2\n|faint|p2a: Lucario\n|\n|upkeep\n|\n|t:|1700193428\n|switch|p2a: Garchomp|Garchomp, M|100\/100\n|turn|9\n|\n|t:|1700193474\n|switch|p1a: Kyogre|Kyogre, shiny|100\/100\n|-weather|RainDance|[from] ability: Drizzle|[of] p1a: Kyogre\n|move|p2a: Garchomp|Outrage|p1a: Kyogre\n|-damage|p1a: Kyogre|13\/100\n|\n|-weather|RainDance|[upkeep]\n|-heal|p1a: Kyogre|19\/100|[from] item: Leftovers\n|upkeep\n|turn|10\n|\n|t:|1700193484\n|move|p1a: Kyogre|Hydro Pump|p2a: Garchomp\n|-damage|p2a: Garchomp|2\/100\n|move|p2a: Garchomp|Outrage|p1a: Kyogre|[from]lockedmove\n|-damage|p1a: Kyogre|0 fnt\n|faint|p1a: Kyogre\n|-start|p2a: Garchomp|confusion|[fatigue]\n|\n|-weather|RainDance|[upkeep]\n|upkeep\n|\n|t:|1700193495\n|switch|p1a: Mewtwo|Mewtwo, shiny|100\/100\n|-ability|p1a: Mewtwo|Pressure\n|turn|11\n|\n|t:|1700193503\n|move|p1a: Mewtwo|Future Sight|p2a: Garchomp\n|-start|p1a: Mewtwo|move: Future Sight\n|-activate|p2a: Garchomp|confusion\n|-damage|p2a: Garchomp|0 fnt|[from] confusion\n|faint|p2a: Garchomp\n|\n|-weather|RainDance|[upkeep]\n|upkeep\n|\n|t:|1700193516\n|switch|p2a: Tyranitar|Tyranitar, M|100\/100\n|-weather|Sandstorm|[from] ability: Sand Stream|[of] p2a: Tyranitar\n|turn|12\n|\n|t:|1700193540\n|switch|p1a: Groudon|Groudon, shiny|100\/100 slp\n|-weather|SunnyDay|[from] ability: Drought|[of] p1a: Groudon\n|move|p2a: Tyranitar|Crunch|p1a: Groudon\n|-damage|p1a: Groudon|74\/100 slp\n|\n|-weather|SunnyDay|[upkeep]\n|upkeep\n|turn|13\n|\n|t:|1700193553\n|switch|p2a: Kyogre|Kyogre|100\/100\n|-weather|RainDance|[from] ability: Drizzle|[of] p2a: Kyogre\n|-curestatus|p1a: Groudon|slp|[msg]\n|move|p1a: Groudon|Earthquake|p2a: Kyogre\n|-damage|p2a: Kyogre|35\/100\n|\n|-weather|RainDance|[upkeep]\n|-end|p2a: Kyogre|move: Future Sight\n|-damage|p2a: Kyogre|0 fnt\n|faint|p2a: Kyogre\n|upkeep\n|\n|t:|1700193565\n|switch|p2a: Tyranitar|Tyranitar, M|100\/100\n|-weather|Sandstorm|[from] ability: Sand Stream|[of] p2a: Tyranitar\n|turn|14\n|\n|t:|1700193581\n|move|p1a: Groudon|Earthquake|p2a: Tyranitar\n|-supereffective|p2a: Tyranitar\n|-damage|p2a: Tyranitar|5\/100\n|move|p2a: Tyranitar|Dragon Claw|p1a: Groudon\n|-damage|p1a: Groudon|57\/100\n|\n|-weather|Sandstorm|[upkeep]\n|upkeep\n|turn|15\n|\n|t:|1700193589\n|move|p1a: Groudon|Earthquake|p2a: Tyranitar\n|-supereffective|p2a: Tyranitar\n|-damage|p2a: Tyranitar|0 fnt\n|faint|p2a: Tyranitar\n|\n|-weather|Sandstorm|[upkeep]\n|upkeep\n|\n|t:|1700193607\n|switch|p2a: Kingambit|Kingambit, F|100\/100\n|-activate|p2a: Kingambit|ability: Supreme Overlord\n|-start|p2a: Kingambit|fallen5|[silent]\n|turn|16\n|\n|t:|1700193613\n|move|p2a: Kingambit|Sucker Punch|p1a: Groudon\n|-damage|p1a: Groudon|7\/100\n|move|p1a: Groudon|Eruption|p2a: Kingambit\n|-supereffective|p2a: Kingambit\n|-damage|p2a: Kingambit|95\/100\n|\n|-weather|Sandstorm|[upkeep]\n|upkeep\n|turn|17\n|\n|t:|1700193666\n|switch|p1a: Mewtwo|Mewtwo, shiny|100\/100\n|-ability|p1a: Mewtwo|Pressure\n|move|p2a: Kingambit|Sucker Punch||[still]\n|-fail|p2a: Kingambit\n|\n|-weather|Sandstorm|[upkeep]\n|-damage|p1a: Mewtwo|94\/100|[from] Sandstorm\n|upkeep\n|turn|18\n|\n|t:|1700193677\n|move|p2a: Kingambit|Sucker Punch|p1a: Mewtwo\n|-supereffective|p1a: Mewtwo\n|-damage|p1a: Mewtwo|0 fnt\n|faint|p1a: Mewtwo\n|\n|-weather|none\n|upkeep\n|\n|t:|1700193684\n|switch|p1a: Volcarona|Volcarona, M, shiny|100\/100\n|turn|19\n|\n|t:|1700193701\n|move|p2a: Kingambit|Sucker Punch||[still]\n|-fail|p2a: Kingambit\n|move|p1a: Volcarona|Will-O-Wisp|p2a: Kingambit\n|-status|p2a: Kingambit|brn\n|\n|-damage|p2a: Kingambit|89\/100 brn|[from] brn\n|upkeep\n|turn|20\n|\n|t:|1700193709\n|move|p2a: Kingambit|Sucker Punch|p1a: Volcarona\n|-damage|p1a: Volcarona|47\/100\n|move|p1a: Volcarona|Overheat|p2a: Kingambit|[miss]\n|-miss|p1a: Volcarona|p2a: Kingambit\n|\n|-heal|p1a: Volcarona|53\/100|[from] item: Leftovers\n|-damage|p2a: Kingambit|82\/100 brn|[from] brn\n|upkeep\n|turn|21\n|\n|t:|1700193729\n|move|p1a: Volcarona|Overheat|p2a: Kingambit\n|-supereffective|p2a: Kingambit\n|-damage|p2a: Kingambit|0 fnt\n|-unboost|p1a: Volcarona|spa|2\n|faint|p2a: Kingambit\n|-end|p2a: Kingambit|fallen5|[silent]\n|\n|win|migueleleu\n","uploadtime":1700193739,"views":13,"p1id":"migueleleu","p2id":"osok1","formatid":"gen9ubers","rating":0,"private":0,"password":""}