{"id":"gen9ubers-1988329555","p1":"M1TCH50_3","p2":"h2dk212","format":"[Gen 9] Ubers","log":"|j|\u2606M1TCH50_3\n|j|\u2606h2dk212\n|t:|1699709451\n|gametype|singles\n|player|p1|M1TCH50_3|dawn|1150\n|player|p2|h2dk212|punkgirl|1000\n|teamsize|p1|6\n|teamsize|p2|6\n|gen|9\n|tier|[Gen 9] Ubers\n|rated|\n|rule|Sleep Clause Mod: Limit one foe put to sleep\n|rule|Species Clause: Limit one of each Pok\u00e9mon\n|rule|OHKO Clause: OHKO moves are banned\n|rule|Evasion Items Clause: Evasion items are banned\n|rule|Evasion Moves Clause: Evasion moves are banned\n|rule|Endless Battle Clause: Forcing endless battles is banned\n|rule|HP Percentage Mod: HP is shown in percentages\n|clearpoke\n|poke|p1|Koraidon|\n|poke|p1|Miraidon|\n|poke|p1|Regieleki|\n|poke|p1|Ursaluna-Bloodmoon, M|\n|poke|p1|Urshifu-*, F|\n|poke|p1|Hoopa-Unbound|\n|poke|p2|Gengar, M|\n|poke|p2|Toxtricity, M|\n|poke|p2|Oricorio-Pom-Pom, F|\n|poke|p2|Raichu-Alola, M|\n|poke|p2|Skuntank, F|\n|poke|p2|Ambipom, M|\n|teampreview\n|inactive|Battle timer is ON: inactive players will automatically lose when time's up. (requested by M1TCH50_3)\n|\n|t:|1699709460\n|start\n|switch|p1a: Hoopa|Hoopa-Unbound|100\/100\n|switch|p2a: Skuntank|Skuntank, F|100\/100\n|turn|1\n|\n|t:|1699709468\n|move|p2a: Skuntank|Dark Pulse|p1a: Hoopa\n|-damage|p1a: Hoopa|84\/100\n|move|p1a: Hoopa|Thunderbolt|p2a: Skuntank\n|-damage|p2a: Skuntank|35\/100\n|\n|upkeep\n|turn|2\n|\n|t:|1699709475\n|move|p2a: Skuntank|Explosion|p1a: Hoopa\n|-damage|p1a: Hoopa|3\/100\n|-enditem|p1a: Hoopa|Sitrus Berry|[eat]\n|-heal|p1a: Hoopa|28\/100|[from] item: Sitrus Berry\n|faint|p2a: Skuntank\n|move|p1a: Hoopa|Thunderbolt|p2: Skuntank|[notarget]\n|-fail|p1a: Hoopa\n|\n|upkeep\n|\n|t:|1699709481\n|switch|p2a: Toxtricity|Toxtricity, M|100\/100\n|turn|3\n|\n|t:|1699709484\n|move|p2a: Toxtricity|Boomburst|p1a: Hoopa\n|-damage|p1a: Hoopa|0 fnt\n|faint|p1a: Hoopa\n|\n|upkeep\n|\n|t:|1699709487\n|switch|p1a: Ursaluna|Ursaluna-Bloodmoon, M|100\/100\n|turn|4\n|\n|t:|1699709493\n|move|p2a: Toxtricity|Boomburst|p1a: Ursaluna\n|-damage|p1a: Ursaluna|64\/100\n|move|p1a: Ursaluna|Body Slam|p2a: Toxtricity\n|-damage|p2a: Toxtricity|48\/100\n|\n|upkeep\n|turn|5\n|\n|t:|1699709504\n|move|p2a: Toxtricity|Boomburst|p1a: Ursaluna\n|-damage|p1a: Ursaluna|27\/100\n|move|p1a: Ursaluna|Earthquake|p2a: Toxtricity\n|-supereffective|p2a: Toxtricity\n|-damage|p2a: Toxtricity|0 fnt\n|faint|p2a: Toxtricity\n|\n|upkeep\n|\n|t:|1699709521\n|switch|p2a: Gengar|Gengar, M|100\/100\n|turn|6\n|\n|t:|1699709526\n|move|p2a: Gengar|Dark Pulse|p1a: Ursaluna\n|-damage|p1a: Ursaluna|10\/100\n|move|p1a: Ursaluna|Earthquake|p2a: Gengar\n|-supereffective|p2a: Gengar\n|-damage|p2a: Gengar|0 fnt\n|-start|p1a: Ursaluna|Disable|Earthquake|[from] ability: Cursed Body|[of] p2a: Gengar\n|faint|p2a: Gengar\n|\n|upkeep\n|\n|t:|1699709535\n|switch|p2a: Ambipom|Ambipom, M|100\/100\n|turn|7\n|\n|t:|1699709563\n|-singleturn|p2a: Ambipom|move: Focus Punch\n|move|p1a: Ursaluna|Hammer Arm|p2a: Ambipom\n|-supereffective|p2a: Ambipom\n|-damage|p2a: Ambipom|23\/100\n|-unboost|p1a: Ursaluna|spe|1\n|cant|p2a: Ambipom|Focus Punch|Focus Punch\n|\n|upkeep\n|turn|8\n|\n|t:|1699709578\n|-singleturn|p2a: Ambipom|move: Focus Punch\n|move|p1a: Ursaluna|Hammer Arm|p2a: Ambipom\n|-supereffective|p2a: Ambipom\n|-damage|p2a: Ambipom|0 fnt\n|-unboost|p1a: Ursaluna|spe|1\n|faint|p2a: Ambipom\n|\n|upkeep\n|\n|t:|1699709582\n|switch|p2a: Oricorio|Oricorio-Pom-Pom, F|100\/100\n|turn|9\n|\n|t:|1699709588\n|move|p2a: Oricorio|Revelation Dance|p1a: Ursaluna\n|-immune|p1a: Ursaluna\n|move|p1a: Ursaluna|Ice Punch|p2a: Oricorio\n|-supereffective|p2a: Oricorio\n|-damage|p2a: Oricorio|43\/100\n|\n|-end|p1a: Ursaluna|Disable\n|upkeep\n|turn|10\n|\n|t:|1699709595\n|move|p2a: Oricorio|Revelation Dance|p1a: Ursaluna\n|-immune|p1a: Ursaluna\n|move|p1a: Ursaluna|Ice Punch|p2a: Oricorio\n|-supereffective|p2a: Oricorio\n|-damage|p2a: Oricorio|0 fnt\n|faint|p2a: Oricorio\n|\n|upkeep\n|\n|t:|1699709602\n|switch|p2a: Raichu|Raichu-Alola, M|100\/100\n|turn|11\n|\n|t:|1699709607\n|move|p2a: Raichu|Calm Mind|p2a: Raichu\n|-boost|p2a: Raichu|spa|1\n|-boost|p2a: Raichu|spd|1\n|move|p1a: Ursaluna|Earthquake|p2a: Raichu\n|-supereffective|p2a: Raichu\n|-damage|p2a: Raichu|0 fnt\n|faint|p2a: Raichu\n|\n|win|M1TCH50_3\n|raw|M1TCH50_3's rating: 1150 &rarr; <strong>1165<\/strong><br \/>(+15 for winning)\n|raw|h2dk212's rating: 1000 &rarr; <strong>1000<\/strong><br \/>(+0 for losing)\n","uploadtime":1699709615,"views":5,"p1id":"m1tch503","p2id":"h2dk212","formatid":"gen9ubers","rating":1000,"private":0,"password":""}