{"id":"gen9ubers-1975324598","p1":"JRawr","p2":"Blake-Mamba","format":"[Gen 9] Ubers","log":"|j|\u2606JRawr\n|j|\u2606Blake-Mamba\n|t:|1698179888\n|gametype|singles\n|player|p1|JRawr|ethan-pokeathlon|1207\n|player|p2|Blake-Mamba|juan|1195\n|teamsize|p1|6\n|teamsize|p2|6\n|gen|9\n|tier|[Gen 9] Ubers\n|rated|\n|rule|Sleep Clause Mod: Limit one foe put to sleep\n|rule|Species Clause: Limit one of each Pok\u00e9mon\n|rule|OHKO Clause: OHKO moves are banned\n|rule|Evasion Items Clause: Evasion items are banned\n|rule|Evasion Moves Clause: Evasion moves are banned\n|rule|Endless Battle Clause: Forcing endless battles is banned\n|rule|HP Percentage Mod: HP is shown in percentages\n|clearpoke\n|poke|p1|Enamorus-Therian, F|\n|poke|p1|Ogerpon-Hearthflame, F|\n|poke|p1|Meloetta|\n|poke|p1|Clodsire, M|\n|poke|p1|Quaquaval, M|\n|poke|p1|Dragapult, F|\n|poke|p2|Ogerpon-Hearthflame, F|\n|poke|p2|Vikavolt, M|\n|poke|p2|Kommo-o, F|\n|poke|p2|Ursaluna-Bloodmoon, M|\n|poke|p2|Yanmega, F|\n|poke|p2|Chandelure, F|\n|teampreview\n|inactive|Battle timer is ON: inactive players will automatically lose when time's up. (requested by Blake-Mamba)\n|\n|t:|1698179896\n|start\n|switch|p1a: Clodsire|Clodsire, M|100\/100\n|switch|p2a: Vikavolt|Vikavolt, M|100\/100\n|turn|1\n|\n|t:|1698179908\n|switch|p2a: Ursaluna|Ursaluna-Bloodmoon, M|100\/100\n|move|p1a: Clodsire|Toxic Spikes|p2a: Ursaluna\n|-sidestart|p2: Blake-Mamba|move: Toxic Spikes\n|\n|upkeep\n|turn|2\n|\n|t:|1698179931\n|switch|p1a: Enamorus|Enamorus-Therian, F|100\/100\n|move|p2a: Ursaluna|Calm Mind|p2a: Ursaluna\n|-boost|p2a: Ursaluna|spa|1\n|-boost|p2a: Ursaluna|spd|1\n|\n|upkeep\n|turn|3\n|\n|t:|1698179940\n|move|p2a: Ursaluna|Blood Moon|p1a: Enamorus\n|-damage|p1a: Enamorus|0 fnt\n|faint|p1a: Enamorus\n|\n|upkeep\n|\n|t:|1698179952\n|switch|p1a: Quaquaval|Quaquaval, M|100\/100\n|turn|4\n|\n|t:|1698179956\n|-terastallize|p2a: Ursaluna|Normal\n|move|p1a: Quaquaval|Aqua Step|p2a: Ursaluna\n|-damage|p2a: Ursaluna|77\/100\n|-boost|p1a: Quaquaval|spe|1\n|move|p2a: Ursaluna|Earth Power|p1a: Quaquaval\n|-damage|p1a: Quaquaval|2\/100\n|\n|-heal|p2a: Ursaluna|83\/100|[from] item: Leftovers\n|upkeep\n|turn|5\n|\n|t:|1698179968\n|switch|p2a: Yanmega|Yanmega, F, shiny|100\/100\n|move|p1a: Quaquaval|Aqua Step|p2a: Yanmega\n|-damage|p2a: Yanmega|61\/100\n|-boost|p1a: Quaquaval|spe|1\n|\n|upkeep\n|turn|6\n|\n|t:|1698179978\n|move|p1a: Quaquaval|Roost|p1a: Quaquaval\n|-heal|p1a: Quaquaval|52\/100\n|-singleturn|p1a: Quaquaval|move: Roost\n|move|p2a: Yanmega|Bug Buzz|p1a: Quaquaval\n|-resisted|p1a: Quaquaval\n|-damage|p1a: Quaquaval|22\/100\n|-enditem|p2a: Yanmega|Throat Spray\n|-boost|p2a: Yanmega|spa|1|[from] item: Throat Spray\n|\n|-ability|p2a: Yanmega|Speed Boost|boost\n|-boost|p2a: Yanmega|spe|1\n|upkeep\n|turn|7\n|\n|t:|1698179991\n|switch|p1a: Clodsire|Clodsire, M|100\/100\n|move|p2a: Yanmega|Air Slash|p1a: Clodsire\n|-damage|p1a: Clodsire|78\/100\n|\n|-heal|p1a: Clodsire|84\/100|[from] item: Black Sludge\n|-ability|p2a: Yanmega|Speed Boost|boost\n|-boost|p2a: Yanmega|spe|1\n|upkeep\n|turn|8\n|\n|t:|1698180001\n|move|p2a: Yanmega|Air Slash|p1a: Clodsire\n|-damage|p1a: Clodsire|63\/100\n|cant|p1a: Clodsire|flinch\n|\n|-heal|p1a: Clodsire|69\/100|[from] item: Black Sludge\n|-ability|p2a: Yanmega|Speed Boost|boost\n|-boost|p2a: Yanmega|spe|1\n|upkeep\n|turn|9\n|\n|t:|1698180010\n|move|p2a: Yanmega|Air Slash|p1a: Clodsire\n|-damage|p1a: Clodsire|48\/100\n|cant|p1a: Clodsire|flinch\n|\n|-heal|p1a: Clodsire|54\/100|[from] item: Black Sludge\n|-ability|p2a: Yanmega|Speed Boost|boost\n|-boost|p2a: Yanmega|spe|1\n|upkeep\n|turn|10\n|\n|t:|1698180018\n|move|p2a: Yanmega|Air Slash|p1a: Clodsire\n|-damage|p1a: Clodsire|32\/100\n|move|p1a: Clodsire|Recover|p1a: Clodsire\n|-heal|p1a: Clodsire|82\/100\n|\n|-heal|p1a: Clodsire|88\/100|[from] item: Black Sludge\n|-ability|p2a: Yanmega|Speed Boost|boost\n|-boost|p2a: Yanmega|spe|1\n|upkeep\n|turn|11\n|\n|t:|1698180028\n|move|p2a: Yanmega|Giga Drain|p1a: Clodsire\n|-damage|p1a: Clodsire|73\/100\n|-heal|p2a: Yanmega|72\/100|[from] drain|[of] p1a: Clodsire\n|move|p1a: Clodsire|Stealth Rock|p2a: Yanmega\n|-sidestart|p2: Blake-Mamba|move: Stealth Rock\n|\n|-heal|p1a: Clodsire|79\/100|[from] item: Black Sludge\n|-ability|p2a: Yanmega|Speed Boost|boost\n|-boost|p2a: Yanmega|spe|1\n|upkeep\n|turn|12\n|\n|t:|1698180038\n|move|p2a: Yanmega|Ancient Power|p1a: Clodsire\n|-resisted|p1a: Clodsire\n|-damage|p1a: Clodsire|74\/100\n|move|p1a: Clodsire|Toxic Spikes|p2a: Yanmega\n|-sidestart|p2: Blake-Mamba|move: Toxic Spikes\n|\n|-heal|p1a: Clodsire|80\/100|[from] item: Black Sludge\n|upkeep\n|turn|13\n|\n|t:|1698180055\n|switch|p1a: Meloetta|Meloetta|100\/100\n|move|p2a: Yanmega|Ancient Power|p1a: Meloetta\n|-damage|p1a: Meloetta|85\/100\n|-boost|p2a: Yanmega|atk|1\n|-boost|p2a: Yanmega|def|1\n|-boost|p2a: Yanmega|spa|1\n|-boost|p2a: Yanmega|spd|1\n|\n|upkeep\n|turn|14\n|\n|t:|1698180063\n|move|p2a: Yanmega|Bug Buzz|p1a: Meloetta\n|-supereffective|p1a: Meloetta\n|-damage|p1a: Meloetta|3\/100\n|move|p1a: Meloetta|Psyshock|p2a: Yanmega\n|-damage|p2a: Yanmega|38\/100\n|\n|upkeep\n|turn|15\n|\n|t:|1698180070\n|move|p2a: Yanmega|Giga Drain|p1a: Meloetta\n|-damage|p1a: Meloetta|0 fnt\n|-heal|p2a: Yanmega|40\/100|[from] drain|[of] p1a: Meloetta\n|faint|p1a: Meloetta\n|\n|upkeep\n|inactive|JRawr has 120 seconds left.\n|\n|t:|1698180101\n|switch|p1a: Dragapult|Dragapult, F|100\/100\n|turn|16\n|\n|t:|1698180108\n|move|p2a: Yanmega|Air Slash|p1a: Dragapult\n|-crit|p1a: Dragapult\n|-damage|p1a: Dragapult|0 fnt\n|faint|p1a: Dragapult\n|\n|upkeep\n|inactive|JRawr has 120 seconds left.\n|\n|t:|1698180119\n|switch|p1a: Ogerpon|Ogerpon-Hearthflame, F|100\/100\n|-ability|p1a: Ogerpon|Mold Breaker\n|turn|17\n|inactive|JRawr has 120 seconds left.\n|\n|t:|1698180130\n|-terastallize|p1a: Ogerpon|Fire\n|detailschange|p1a: Ogerpon|Ogerpon-Hearthflame-Tera, F, tera:Fire\n|-ability|p1a: Ogerpon|Embody Aspect (Hearthflame)|boost\n|-boost|p1a: Ogerpon|atk|1\n|move|p2a: Yanmega|Air Slash|p1a: Ogerpon\n|-damage|p1a: Ogerpon|5\/100\n|move|p1a: Ogerpon|Ivy Cudgel|p2a: Yanmega\n|-supereffective|p2a: Yanmega\n|-damage|p2a: Yanmega|0 fnt\n|faint|p2a: Yanmega\n|\n|upkeep\n|\n|t:|1698180147\n|switch|p2a: Chandelure|Chandelure, F|100\/100\n|-status|p2a: Chandelure|tox\n|-damage|p2a: Chandelure|76\/100 tox|[from] Stealth Rock\n|turn|18\n|\n|t:|1698180157\n|switch|p1a: Clodsire|Clodsire, M|80\/100\n|move|p2a: Chandelure|Shadow Ball|p1a: Clodsire\n|-crit|p1a: Clodsire\n|-damage|p1a: Clodsire|42\/100\n|\n|-heal|p1a: Clodsire|49\/100|[from] item: Black Sludge\n|-damage|p2a: Chandelure|69\/100 tox|[from] psn\n|upkeep\n|turn|19\n|\n|t:|1698180168\n|switch|p2a: Ogerpon|Ogerpon-Hearthflame, F|100\/100\n|-status|p2a: Ogerpon|tox\n|-damage|p2a: Ogerpon|76\/100 tox|[from] Stealth Rock\n|-ability|p2a: Ogerpon|Mold Breaker\n|move|p1a: Clodsire|Recover|p1a: Clodsire\n|-heal|p1a: Clodsire|99\/100\n|\n|-heal|p1a: Clodsire|100\/100|[from] item: Black Sludge\n|-damage|p2a: Ogerpon|70\/100 tox|[from] psn\n|upkeep\n|turn|20\n|\n|t:|1698180180\n|move|p2a: Ogerpon|Trailblaze|p1a: Clodsire\n|-damage|p1a: Clodsire|67\/100\n|-boost|p2a: Ogerpon|spe|1\n|move|p1a: Clodsire|Earthquake|p2a: Ogerpon\n|-crit|p2a: Ogerpon\n|-damage|p2a: Ogerpon|11\/100 tox\n|\n|-heal|p1a: Clodsire|73\/100|[from] item: Black Sludge\n|-damage|p2a: Ogerpon|0 fnt|[from] psn\n|faint|p2a: Ogerpon\n|upkeep\n|\n|t:|1698180191\n|switch|p2a: Ursaluna|Ursaluna-Bloodmoon, M, tera:Normal|83\/100\n|-status|p2a: Ursaluna|tox\n|-damage|p2a: Ursaluna|71\/100 tox|[from] Stealth Rock\n|turn|21\n|\n|t:|1698180219\n|switch|p1a: Quaquaval|Quaquaval, M|22\/100\n|move|p2a: Ursaluna|Earth Power|p1a: Quaquaval\n|-damage|p1a: Quaquaval|0 fnt\n|faint|p1a: Quaquaval\n|\n|-heal|p2a: Ursaluna|77\/100 tox|[from] item: Leftovers\n|-damage|p2a: Ursaluna|71\/100 tox|[from] psn\n|upkeep\n|inactive|JRawr has 120 seconds left.\n|\n|t:|1698180248\n|switch|p1a: Ogerpon|Ogerpon-Hearthflame-Tera, F, tera:Fire|5\/100\n|-ability|p1a: Ogerpon|Embody Aspect (Hearthflame)|boost\n|-boost|p1a: Ogerpon|atk|1\n|turn|22\n|\n|t:|1698180255\n|switch|p2a: Chandelure|Chandelure, F|69\/100 tox\n|-damage|p2a: Chandelure|45\/100 tox|[from] Stealth Rock\n|move|p1a: Ogerpon|Ivy Cudgel|p2a: Chandelure\n|-start|p2a: Chandelure|ability: Flash Fire\n|\n|-damage|p2a: Chandelure|38\/100 tox|[from] psn\n|upkeep\n|turn|23\n|\n|t:|1698180273\n|switch|p1a: Clodsire|Clodsire, M|73\/100\n|move|p2a: Chandelure|Overheat|p1a: Clodsire\n|-damage|p1a: Clodsire|10\/100\n|-unboost|p2a: Chandelure|spa|2\n|\n|-heal|p1a: Clodsire|16\/100|[from] item: Black Sludge\n|-damage|p2a: Chandelure|26\/100 tox|[from] psn\n|upkeep\n|turn|24\n|\n|t:|1698180284\n|move|p2a: Chandelure|Overheat|p1a: Clodsire\n|-damage|p1a: Clodsire|0 fnt\n|-unboost|p2a: Chandelure|spa|2\n|faint|p1a: Clodsire\n|\n|-damage|p2a: Chandelure|8\/100 tox|[from] psn\n|upkeep\n|\n|t:|1698180290\n|switch|p1a: Ogerpon|Ogerpon-Hearthflame-Tera, F, tera:Fire|5\/100\n|-ability|p1a: Ogerpon|Embody Aspect (Hearthflame)|boost\n|-boost|p1a: Ogerpon|atk|1\n|turn|25\n|inactive|JRawr has 120 seconds left.\n|c|\u2606Blake-Mamba|Gg\n|\n|t:|1698180306\n|move|p2a: Chandelure|Overheat|p1a: Ogerpon\n|-resisted|p1a: Ogerpon\n|-damage|p1a: Ogerpon|0 fnt\n|-unboost|p2a: Chandelure|spa|2\n|faint|p1a: Ogerpon\n|\n|win|Blake-Mamba\n|raw|JRawr's rating: 1207 &rarr; <strong>1181<\/strong><br \/>(-26 for losing)\n|raw|Blake-Mamba's rating: 1195 &rarr; <strong>1221<\/strong><br \/>(+26 for winning)\n|l|\u2606JRawr\n","uploadtime":1698180317,"views":11,"p1id":"jrawr","p2id":"blakemamba","formatid":"gen9ubers","rating":1181,"private":0,"password":""}