{"id":"gen9ubers-1994138710","p1":"Abubakrcl7","p2":"IoSonoNeon","format":"[Gen 9] Ubers","log":"|j|\u2606Abubakrcl7\n|j|\u2606IoSonoNeon\n|t:|1700411436\n|gametype|singles\n|player|p1|Abubakrcl7|red|\n|player|p2|IoSonoNeon|#dpppliii|\n|teamsize|p1|6\n|teamsize|p2|6\n|gen|9\n|tier|[Gen 9] Ubers\n|rated|Tournament battle\n|rule|Sleep Clause Mod: Limit one foe put to sleep\n|rule|Species Clause: Limit one of each Pok\u00e9mon\n|rule|OHKO Clause: OHKO moves are banned\n|rule|Evasion Items Clause: Evasion items are banned\n|rule|Evasion Moves Clause: Evasion moves are banned\n|rule|Endless Battle Clause: Forcing endless battles is banned\n|rule|HP Percentage Mod: HP is shown in percentages\n|clearpoke\n|poke|p1|Giratina|\n|poke|p1|Koraidon|\n|poke|p1|Zacian-*|\n|poke|p1|Iron Bundle|\n|poke|p1|Miraidon|\n|poke|p1|Chien-Pao|\n|poke|p2|Glimmora, M|\n|poke|p2|Koraidon|\n|poke|p2|Ogerpon-Hearthflame, F|\n|poke|p2|Arceus-Ground|\n|poke|p2|Flutter Mane|\n|poke|p2|Kingambit, F|\n|teampreview\n|c|\u2606Abubakrcl7|glhf\n|inactive|Battle timer is ON: inactive players will automatically lose when time's up. (requested by IoSonoNeon)\n|\n|t:|1700411448\n|start\n|switch|p1a: Iron Bundle|Iron Bundle, shiny|100\/100\n|switch|p2a: Glimmora|Glimmora, M|100\/100\n|-enditem|p1a: Iron Bundle|Booster Energy\n|-activate|p1a: Iron Bundle|ability: Quark Drive|[fromitem]\n|-start|p1a: Iron Bundle|quarkdrivespe\n|turn|1\n|\n|t:|1700411453\n|move|p1a: Iron Bundle|Taunt|p2a: Glimmora\n|-start|p2a: Glimmora|move: Taunt\n|cant|p2a: Glimmora|move: Taunt|Stealth Rock\n|\n|upkeep\n|turn|2\n|\n|t:|1700411458\n|switch|p2a: Flutter Mane|Flutter Mane|100\/100\n|move|p1a: Iron Bundle|Ice Beam|p2a: Flutter Mane\n|-damage|p2a: Flutter Mane|53\/100\n|\n|upkeep\n|turn|3\n|\n|t:|1700411462\n|move|p1a: Iron Bundle|Hydro Pump|p2a: Flutter Mane\n|-damage|p2a: Flutter Mane|0 fnt\n|faint|p2a: Flutter Mane\n|-end|p2a: Flutter Mane|Protosynthesis|[silent]\n|\n|upkeep\n|\n|t:|1700411485\n|switch|p2a: Kingambit|Kingambit, F|100\/100\n|-activate|p2a: Kingambit|ability: Supreme Overlord\n|-start|p2a: Kingambit|fallen1|[silent]\n|turn|4\n|\n|t:|1700411489\n|move|p1a: Iron Bundle|Hydro Pump|p2a: Kingambit\n|-damage|p2a: Kingambit|40\/100\n|move|p2a: Kingambit|Kowtow Cleave|p1a: Iron Bundle\n|-damage|p1a: Iron Bundle|32\/100\n|\n|-heal|p2a: Kingambit|46\/100|[from] item: Leftovers\n|upkeep\n|turn|5\n|\n|t:|1700411497\n|move|p2a: Kingambit|Sucker Punch|p1a: Iron Bundle\n|-damage|p1a: Iron Bundle|0 fnt\n|faint|p1a: Iron Bundle\n|-end|p1a: Iron Bundle|Quark Drive|[silent]\n|\n|-heal|p2a: Kingambit|52\/100|[from] item: Leftovers\n|upkeep\n|\n|t:|1700411503\n|switch|p1a: Chien-Pao|Chien-Pao|100\/100\n|-ability|p1a: Chien-Pao|Sword of Ruin\n|turn|6\n|inactive|IoSonoNeon has 120 seconds left.\n|\n|t:|1700411550\n|move|p1a: Chien-Pao|Sacred Sword|p2a: Kingambit\n|-supereffective|p2a: Kingambit\n|-damage|p2a: Kingambit|0 fnt\n|faint|p2a: Kingambit\n|-end|p2a: Kingambit|fallen1|[silent]\n|\n|upkeep\n|\n|t:|1700411552\n|switch|p2a: Glimmora|Glimmora, M|100\/100\n|turn|7\n|\n|t:|1700411557\n|move|p1a: Chien-Pao|Sacred Sword|p2a: Glimmora\n|-damage|p2a: Glimmora|56\/100\n|-activate|p2a: Glimmora|ability: Toxic Debris\n|-sidestart|p1: Abubakrcl7|move: Toxic Spikes\n|move|p2a: Glimmora|Stealth Rock|p1a: Chien-Pao\n|-sidestart|p1: Abubakrcl7|move: Stealth Rock\n|\n|upkeep\n|turn|8\n|\n|t:|1700411566\n|move|p1a: Chien-Pao|Ice Spinner|p2a: Glimmora\n|-damage|p2a: Glimmora|0 fnt\n|-activate|p2a: Glimmora|ability: Toxic Debris\n|-sidestart|p1: Abubakrcl7|move: Toxic Spikes\n|faint|p2a: Glimmora\n|\n|upkeep\n|\n|t:|1700411570\n|switch|p2a: Koraidon|Koraidon|100\/100\n|-weather|SunnyDay|[from] ability: Orichalcum Pulse|[of] p2a: Koraidon\n|-activate|p2a: Koraidon|Orichalcum Pulse|[source]\n|turn|9\n|inactive|IoSonoNeon has 120 seconds left.\n|\n|t:|1700411613\n|-terastallize|p2a: Koraidon|Fire\n|move|p2a: Koraidon|Scale Shot|p1a: Chien-Pao\n|-damage|p1a: Chien-Pao|76\/100\n|-damage|p1a: Chien-Pao|52\/100\n|-damage|p1a: Chien-Pao|26\/100\n|-damage|p1a: Chien-Pao|0 fnt\n|faint|p1a: Chien-Pao\n|-hitcount|p1: Chien-Pao|4\n|-unboost|p2a: Koraidon|def|1\n|-boost|p2a: Koraidon|spe|1\n|\n|-weather|SunnyDay|[upkeep]\n|upkeep\n|\n|t:|1700411617\n|switch|p1a: Giratina|Giratina, shiny|100\/100\n|-status|p1a: Giratina|tox\n|-damage|p1a: Giratina|88\/100 tox|[from] Stealth Rock\n|-ability|p1a: Giratina|Pressure\n|turn|10\n|\n|t:|1700411627\n|-terastallize|p1a: Giratina|Fairy\n|move|p2a: Koraidon|Scale Shot|p1a: Giratina\n|-immune|p1a: Giratina\n|move|p1a: Giratina|Defog|p2a: Koraidon\n|-unboost|p2a: Koraidon|evasion|1\n|-sideend|p1: Abubakrcl7|Toxic Spikes|[from] move: Defog|[of] p1a: Giratina\n|-sideend|p1: Abubakrcl7|Stealth Rock|[from] move: Defog|[of] p1a: Giratina\n|\n|-weather|SunnyDay|[upkeep]\n|-heal|p1a: Giratina|94\/100 tox|[from] item: Leftovers\n|-damage|p1a: Giratina|88\/100 tox|[from] psn\n|upkeep\n|turn|11\n|\n|t:|1700411631\n|move|p2a: Koraidon|Swords Dance|p2a: Koraidon\n|-boost|p2a: Koraidon|atk|2\n|move|p1a: Giratina|Shadow Ball|p2a: Koraidon\n|-damage|p2a: Koraidon|63\/100\n|\n|-weather|SunnyDay|[upkeep]\n|-heal|p1a: Giratina|94\/100 tox|[from] item: Leftovers\n|-damage|p1a: Giratina|82\/100 tox|[from] psn\n|upkeep\n|turn|12\n|inactive|IoSonoNeon has 120 seconds left.\n|\n|t:|1700411641\n|move|p2a: Koraidon|Flare Blitz|p1a: Giratina\n|-damage|p1a: Giratina|0 fnt\n|faint|p1a: Giratina\n|-damage|p2a: Koraidon|24\/100|[from] Recoil\n|\n|-weather|SunnyDay|[upkeep]\n|upkeep\n|\n|t:|1700411645\n|switch|p1a: Koraidon|Koraidon|100\/100\n|-activate|p1a: Koraidon|ability: Orichalcum Pulse\n|turn|13\n|inactive|IoSonoNeon has 120 seconds left.\n|\n|t:|1700411672\n|move|p1a: Koraidon|Collision Course|p2a: Koraidon\n|-damage|p2a: Koraidon|0 fnt\n|faint|p2a: Koraidon\n|\n|-weather|none\n|upkeep\n|\n|t:|1700411675\n|switch|p2a: Arceus|Arceus-Ground|100\/100\n|turn|14\n|\n|t:|1700411682\n|switch|p1a: Zacian|Zacian-Crowned, shiny|100\/100\n|-ability|p1a: Zacian|Intrepid Sword|boost\n|-boost|p1a: Zacian|atk|1\n|move|p2a: Arceus|Judgment|p1a: Zacian\n|-supereffective|p1a: Zacian\n|-damage|p1a: Zacian|6\/100\n|\n|upkeep\n|turn|15\n|\n|t:|1700411690\n|move|p1a: Zacian|Behemoth Blade|p2a: Arceus\n|-damage|p2a: Arceus|54\/100\n|move|p2a: Arceus|Judgment|p1a: Zacian\n|-supereffective|p1a: Zacian\n|-damage|p1a: Zacian|0 fnt\n|faint|p1a: Zacian\n|\n|upkeep\n|\n|t:|1700411696\n|switch|p1a: Miraidon|Miraidon|100\/100\n|-fieldstart|move: Electric Terrain|[from] ability: Hadron Engine|[of] p1a: Miraidon\n|turn|16\n|c|\u2606Abubakrcl7|gg\n|inactive|IoSonoNeon has 120 seconds left.\n|inactive|IoSonoNeon has 90 seconds left.\n|\n|t:|1700411774\n|move|p1a: Miraidon|Draco Meteor|p2a: Arceus\n|-damage|p2a: Arceus|0 fnt\n|-unboost|p1a: Miraidon|spa|2\n|faint|p2a: Arceus\n|\n|upkeep\n|\n|t:|1700411776\n|switch|p2a: Ogerpon|Ogerpon-Hearthflame, F|100\/100\n|-ability|p2a: Ogerpon|Mold Breaker\n|turn|17\n|\n|t:|1700411781\n|move|p1a: Miraidon|Draco Meteor|p2a: Ogerpon\n|-damage|p2a: Ogerpon|26\/100\n|-unboost|p1a: Miraidon|spa|2\n|move|p2a: Ogerpon|Trailblaze|p1a: Miraidon\n|-resisted|p1a: Miraidon\n|-damage|p1a: Miraidon|87\/100\n|-boost|p2a: Ogerpon|spe|1\n|\n|upkeep\n|turn|18\n|\n|t:|1700411786\n|move|p2a: Ogerpon|Play Rough|p1a: Miraidon\n|-supereffective|p1a: Miraidon\n|-damage|p1a: Miraidon|16\/100\n|move|p1a: Miraidon|Draco Meteor|p2a: Ogerpon|[miss]\n|-miss|p1a: Miraidon|p2a: Ogerpon\n|\n|upkeep\n|turn|19\n|\n|t:|1700411793\n|move|p2a: Ogerpon|Ivy Cudgel|p1a: Miraidon|[anim] Ivy Cudgel Fire\n|-resisted|p1a: Miraidon\n|-damage|p1a: Miraidon|0 fnt\n|faint|p1a: Miraidon\n|\n|upkeep\n|\n|t:|1700411796\n|switch|p1a: Koraidon|Koraidon|100\/100\n|-weather|SunnyDay|[from] ability: Orichalcum Pulse|[of] p1a: Koraidon\n|-activate|p1a: Koraidon|Orichalcum Pulse|[source]\n|turn|20\n|\n|t:|1700411806\n|move|p1a: Koraidon|Flare Blitz|p2a: Ogerpon\n|-damage|p2a: Ogerpon|0 fnt\n|faint|p2a: Ogerpon\n|-damage|p1a: Koraidon|93\/100|[from] Recoil\n|\n|win|Abubakrcl7\n|n|\u2606Abubakrcl7|abubakrcl7\n|n|\u2606IoSonoNeon|iosononeon\n","uploadtime":1700411807,"views":4,"p1id":"abubakrcl7","p2id":"iosononeon","formatid":"gen9ubers","rating":0,"private":0,"password":""}