{"id":"gen9ubers-1982069608","p1":"Passoire21","p2":"85792195wwww","format":"[Gen 9] Ubers","log":"|j|\u2606Passoire21\n|j|\u203d85792195wwww\n|t:|1698964791\n|gametype|singles\n|player|p1|Passoire21|ninjaboy|1269\n|player|p2|85792195wwww|102|1406\n|teamsize|p1|6\n|teamsize|p2|6\n|gen|9\n|tier|[Gen 9] Ubers\n|rated|\n|rule|Sleep Clause Mod: Limit one foe put to sleep\n|rule|Species Clause: Limit one of each Pok\u00e9mon\n|rule|OHKO Clause: OHKO moves are banned\n|rule|Evasion Items Clause: Evasion items are banned\n|rule|Evasion Moves Clause: Evasion moves are banned\n|rule|Endless Battle Clause: Forcing endless battles is banned\n|rule|HP Percentage Mod: HP is shown in percentages\n|clearpoke\n|poke|p1|Arceus-Ground|\n|poke|p1|Annihilape, F|\n|poke|p1|Zacian-*|\n|poke|p1|Miraidon|\n|poke|p1|Koraidon|\n|poke|p1|Rayquaza|\n|poke|p2|Kyogre|\n|poke|p2|Zacian-*|\n|poke|p2|Arceus|\n|poke|p2|Landorus, M|\n|poke|p2|Koraidon|\n|poke|p2|Ursaluna, F|\n|teampreview\n|inactive|Battle timer is ON: inactive players will automatically lose when time's up. (requested by Passoire21)\n|\n|t:|1698964801\n|start\n|switch|p1a: Annihilape|Annihilape, F|100\/100\n|switch|p2a: Landorus|Landorus, M|100\/100\n|turn|1\n|\n|t:|1698964824\n|move|p2a: Landorus|Stealth Rock|p1a: Annihilape\n|-sidestart|p1: Passoire21|move: Stealth Rock\n|move|p1a: Annihilape|Taunt|p2a: Landorus\n|-start|p2a: Landorus|move: Taunt\n|\n|upkeep\n|turn|2\n|\n|t:|1698964830\n|move|p2a: Landorus|Psychic|p1a: Annihilape\n|-supereffective|p1a: Annihilape\n|-crit|p1a: Annihilape\n|-enditem|p1a: Annihilape|Focus Sash\n|-damage|p1a: Annihilape|1\/100\n|move|p1a: Annihilape|Stealth Rock|p2a: Landorus\n|-sidestart|p2: 85792195wwww|move: Stealth Rock\n|\n|upkeep\n|turn|3\n|\n|t:|1698964838\n|move|p2a: Landorus|Psychic|p1a: Annihilape\n|-supereffective|p1a: Annihilape\n|-damage|p1a: Annihilape|0 fnt\n|faint|p1a: Annihilape\n|\n|upkeep\n|\n|t:|1698964853\n|switch|p1a: Koraidon|Koraidon|100\/100\n|-damage|p1a: Koraidon|94\/100|[from] Stealth Rock\n|-weather|SunnyDay|[from] ability: Orichalcum Pulse|[of] p1a: Koraidon\n|-activate|p1a: Koraidon|Orichalcum Pulse|[source]\n|turn|4\n|\n|t:|1698964860\n|move|p1a: Koraidon|Flame Charge|p2a: Landorus\n|-damage|p2a: Landorus|61\/100\n|-boost|p1a: Koraidon|spe|1\n|move|p2a: Landorus|Psychic|p1a: Koraidon\n|-supereffective|p1a: Koraidon\n|-damage|p1a: Koraidon|16\/100\n|\n|-weather|SunnyDay|[upkeep]\n|-heal|p1a: Koraidon|22\/100|[from] item: Leftovers\n|-end|p2a: Landorus|move: Taunt\n|upkeep\n|turn|5\n|\n|t:|1698964874\n|switch|p2a: Kyogre|Kyogre|100\/100\n|-damage|p2a: Kyogre|88\/100|[from] Stealth Rock\n|-weather|RainDance|[from] ability: Drizzle|[of] p2a: Kyogre\n|move|p1a: Koraidon|Dragon Claw|p2a: Kyogre\n|-damage|p2a: Kyogre|43\/100\n|\n|-weather|RainDance|[upkeep]\n|-heal|p1a: Koraidon|28\/100|[from] item: Leftovers\n|upkeep\n|turn|6\n|\n|t:|1698964888\n|switch|p2a: Landorus|Landorus, M|61\/100\n|-damage|p2a: Landorus|49\/100|[from] Stealth Rock\n|move|p1a: Koraidon|Dragon Claw|p2a: Landorus\n|-damage|p2a: Landorus|2\/100\n|\n|-weather|RainDance|[upkeep]\n|-heal|p1a: Koraidon|34\/100|[from] item: Leftovers\n|upkeep\n|turn|7\n|\n|t:|1698964899\n|move|p1a: Koraidon|Flame Charge|p2a: Landorus\n|-damage|p2a: Landorus|0 fnt\n|-boost|p1a: Koraidon|spe|1\n|faint|p2a: Landorus\n|\n|-weather|RainDance|[upkeep]\n|-heal|p1a: Koraidon|40\/100|[from] item: Leftovers\n|upkeep\n|\n|t:|1698964911\n|switch|p2a: Zacian|Zacian-Crowned|100\/100\n|-damage|p2a: Zacian|94\/100|[from] Stealth Rock\n|-ability|p2a: Zacian|Intrepid Sword|boost\n|-boost|p2a: Zacian|atk|1\n|turn|8\n|\n|t:|1698964917\n|move|p1a: Koraidon|Collision Course|p2a: Zacian\n|-damage|p2a: Zacian|44\/100\n|move|p2a: Zacian|Behemoth Blade|p1a: Koraidon\n|-damage|p1a: Koraidon|0 fnt\n|faint|p1a: Koraidon\n|\n|-weather|RainDance|[upkeep]\n|upkeep\n|\n|t:|1698964934\n|switch|p1a: Rayquaza|Rayquaza|100\/100\n|-damage|p1a: Rayquaza|76\/100|[from] Stealth Rock\n|-ability|p1a: Rayquaza|Air Lock\n|turn|9\n|\n|t:|1698964941\n|move|p2a: Zacian|Behemoth Blade|p1a: Rayquaza\n|-damage|p1a: Rayquaza|0 fnt\n|faint|p1a: Rayquaza\n|\n|-weather|none\n|upkeep\n|\n|t:|1698964946\n|switch|p1a: Arceus|Arceus-Ground|100\/100\n|-damage|p1a: Arceus|94\/100|[from] Stealth Rock\n|turn|10\n|\n|t:|1698964955\n|move|p2a: Zacian|Behemoth Blade|p1a: Arceus\n|-damage|p1a: Arceus|25\/100\n|move|p1a: Arceus|Earthquake|p2a: Zacian\n|-supereffective|p2a: Zacian\n|-damage|p2a: Zacian|0 fnt\n|faint|p2a: Zacian\n|\n|upkeep\n|\n|t:|1698964967\n|switch|p2a: Arceus|Arceus|100\/100\n|-damage|p2a: Arceus|88\/100|[from] Stealth Rock\n|turn|11\n|\n|t:|1698964974\n|-terastallize|p1a: Arceus|Ghost\n|move|p2a: Arceus|Extreme Speed|p1a: Arceus\n|-immune|p1a: Arceus\n|move|p1a: Arceus|Substitute|p1a: Arceus\n|-fail|p1a: Arceus|move: Substitute|[weak]\n|\n|upkeep\n|turn|12\n|\n|t:|1698964985\n|move|p2a: Arceus|Shadow Claw|p1a: Arceus\n|-supereffective|p1a: Arceus\n|-crit|p1a: Arceus\n|-damage|p1a: Arceus|0 fnt\n|faint|p1a: Arceus\n|-damage|p2a: Arceus|78\/100|[from] item: Life Orb\n|\n|upkeep\n|\n|t:|1698964997\n|switch|p1a: Zacian|Zacian-Crowned|100\/100\n|-damage|p1a: Zacian|94\/100|[from] Stealth Rock\n|-ability|p1a: Zacian|Intrepid Sword|boost\n|-boost|p1a: Zacian|atk|1\n|turn|13\n|\n|t:|1698965005\n|move|p1a: Zacian|Trailblaze|p2a: Arceus\n|-damage|p2a: Arceus|57\/100\n|-boost|p1a: Zacian|spe|1\n|move|p2a: Arceus|Earthquake|p1a: Zacian\n|-supereffective|p1a: Zacian\n|-damage|p1a: Zacian|12\/100\n|-damage|p2a: Arceus|47\/100|[from] item: Life Orb\n|\n|upkeep\n|turn|14\n|\n|t:|1698965015\n|move|p2a: Arceus|Extreme Speed|p1a: Zacian\n|-resisted|p1a: Zacian\n|-damage|p1a: Zacian|0 fnt\n|faint|p1a: Zacian\n|-damage|p2a: Arceus|37\/100|[from] item: Life Orb\n|\n|upkeep\n|\n|t:|1698965022\n|switch|p1a: Miraidon|Miraidon|100\/100\n|-damage|p1a: Miraidon|88\/100|[from] Stealth Rock\n|-fieldstart|move: Electric Terrain|[from] ability: Hadron Engine|[of] p1a: Miraidon\n|turn|15\n|\n|t:|1698965030\n|move|p1a: Miraidon|Dazzling Gleam|p2a: Arceus\n|-damage|p2a: Arceus|6\/100\n|move|p2a: Arceus|Earthquake|p1a: Miraidon\n|-supereffective|p1a: Miraidon\n|-damage|p1a: Miraidon|0 fnt\n|faint|p1a: Miraidon\n|-damage|p2a: Arceus|0 fnt|[from] item: Life Orb\n|faint|p2a: Arceus\n|\n|win|85792195wwww\n|raw|Passoire21's rating: 1269 &rarr; <strong>1253<\/strong><br \/>(-16 for losing)\n|raw|85792195wwww's rating: 1406 &rarr; <strong>1418<\/strong><br \/>(+12 for winning)\n|l|\u2606Passoire21\n","uploadtime":1698965042,"views":9,"p1id":"passoire21","p2id":"85792195wwww","formatid":"gen9ubers","rating":1253,"private":0,"password":""}