{"id":"gen9ubers-1988212936","p1":"Pickedman","p2":"Dragon Master Rosa","format":"[Gen 9] Ubers","log":"|j|\u2606Pickedman\n|j|\u2606Dragon Master Rosa\n|t:|1699686449\n|gametype|singles\n|player|p1|Pickedman|zinnia|\n|player|p2|Dragon Master Rosa|dragontamer-gen9|\n|teamsize|p1|6\n|teamsize|p2|6\n|gen|9\n|tier|[Gen 9] Ubers\n|rule|Sleep Clause Mod: Limit one foe put to sleep\n|rule|Species Clause: Limit one of each Pok\u00e9mon\n|rule|OHKO Clause: OHKO moves are banned\n|rule|Evasion Items Clause: Evasion items are banned\n|rule|Evasion Moves Clause: Evasion moves are banned\n|rule|Endless Battle Clause: Forcing endless battles is banned\n|rule|HP Percentage Mod: HP is shown in percentages\n|clearpoke\n|poke|p1|Palafin, M|\n|poke|p1|Fezandipiti, M|\n|poke|p1|Clefable, F|\n|poke|p1|Weezing-Galar, M|\n|poke|p1|Landorus-Therian, M|\n|poke|p1|Infernape, M|\n|poke|p2|Palafin, M|\n|poke|p2|Slowking-Galar, F|\n|poke|p2|Greninja-*, M|\n|poke|p2|Moltres|\n|poke|p2|Weezing-Galar, F|\n|poke|p2|Zoroark-Hisui, F|\n|teampreview\n|c|\u2606Pickedman|glhf\n|c|\u2606Dragon Master Rosa|hf\n|c|\u2606Pickedman|not wishing me gl anymore..\n|c|\u2606Pickedman|fair enough\n|c|\u2606Dragon Master Rosa|you don't need that shit\n|c|\u2606Pickedman|skill\n|\n|t:|1699686525\n|start\n|switch|p1a: Palafin|Palafin, M|100\/100\n|switch|p2a: Greninja|Greninja, M|100\/100\n|turn|1\n|\n|t:|1699686546\n|detailschange|p1a: Palafin|Palafin-Hero, M\n|switch|p1a: Landorus|Landorus-Therian, M|100\/100\n|-ability|p1a: Landorus|Intimidate|boost\n|-unboost|p2a: Greninja|atk|1\n|move|p2a: Greninja|U-turn|p1a: Landorus\n|-start|p2a: Greninja|typechange|Bug|[from] ability: Protean\n|-resisted|p1a: Landorus\n|-crit|p1a: Landorus\n|-damage|p1a: Landorus|63\/100\n|\n|t:|1699686551\n|switch|p2a: Palafin|Palafin, M|100\/100|[from] U-turn\n|\n|-heal|p1a: Landorus|69\/100|[from] item: Leftovers\n|upkeep\n|turn|2\n|\n|t:|1699686561\n|switch|p1a: Palafin|Palafin-Hero, M|100\/100\n|-activate|p1a: Palafin|ability: Zero to Hero\n|move|p2a: Palafin|Surf|p1a: Palafin\n|-resisted|p1a: Palafin\n|-damage|p1a: Palafin|79\/100\n|\n|upkeep\n|turn|3\n|\n|t:|1699686581\n|detailschange|p2a: Palafin|Palafin-Hero, M\n|switch|p2a: Slowking|Slowking-Galar, F|100\/100\n|move|p1a: Palafin|Hydro Pump|p2a: Slowking\n|-damage|p2a: Slowking|54\/100\n|\n|-heal|p2a: Slowking|60\/100|[from] item: Leftovers\n|upkeep\n|turn|4\n|\n|t:|1699686590\n|move|p1a: Palafin|Hydro Pump|p2a: Slowking\n|-damage|p2a: Slowking|18\/100\n|move|p2a: Slowking|Slack Off|p2a: Slowking\n|-heal|p2a: Slowking|68\/100\n|\n|-heal|p2a: Slowking|74\/100|[from] item: Leftovers\n|upkeep\n|turn|5\n|\n|t:|1699686597\n|switch|p1a: Fezandipiti|Fezandipiti, M|100\/100\n|move|p2a: Slowking|Chilly Reception|p2a: Slowking\n|-weather|Snow\n|\n|t:|1699686620\n|switch|p2a: Weezing|Weezing-Galar, F|100\/100|[from] Chilly Reception\n|\n|-weather|Snow|[upkeep]\n|upkeep\n|turn|6\n|\n|t:|1699686626\n|move|p1a: Fezandipiti|Sludge Bomb|p2a: Weezing\n|-damage|p2a: Weezing|68\/100\n|move|p2a: Weezing|Strange Steam|p1a: Fezandipiti\n|-resisted|p1a: Fezandipiti\n|-damage|p1a: Fezandipiti|91\/100\n|\n|-weather|Snow|[upkeep]\n|-heal|p2a: Weezing|74\/100|[from] item: Leftovers\n|upkeep\n|turn|7\n|\n|t:|1699686638\n|switch|p2a: Slowking|Slowking-Galar, F|100\/100\n|move|p1a: Fezandipiti|Calm Mind|p1a: Fezandipiti\n|-boost|p1a: Fezandipiti|spa|1\n|-boost|p1a: Fezandipiti|spd|1\n|\n|-weather|Snow|[upkeep]\n|upkeep\n|turn|8\n|\n|t:|1699686641\n|move|p1a: Fezandipiti|Calm Mind|p1a: Fezandipiti\n|-boost|p1a: Fezandipiti|spa|1\n|-boost|p1a: Fezandipiti|spd|1\n|move|p2a: Slowking|Chilly Reception|p2a: Slowking\n|\n|t:|1699686663\n|switch|p2a: Greninja|Greninja, M|100\/100|[from] Chilly Reception\n|\n|-weather|Snow|[upkeep]\n|upkeep\n|turn|9\n|\n|t:|1699686695\n|move|p2a: Greninja|Liquidation|p1a: Fezandipiti\n|-start|p2a: Greninja|typechange|Water|[from] ability: Protean\n|-damage|p1a: Fezandipiti|53\/100\n|move|p1a: Fezandipiti|Roost|p1a: Fezandipiti\n|-heal|p1a: Fezandipiti|100\/100\n|-singleturn|p1a: Fezandipiti|move: Roost\n|\n|-weather|none\n|upkeep\n|turn|10\n|\n|t:|1699686703\n|move|p2a: Greninja|Liquidation|p1a: Fezandipiti\n|-damage|p1a: Fezandipiti|63\/100\n|move|p1a: Fezandipiti|Sludge Bomb|p2a: Greninja\n|-damage|p2a: Greninja|25\/100\n|\n|upkeep\n|turn|11\n|\n|t:|1699686709\n|move|p2a: Greninja|Liquidation|p1a: Fezandipiti\n|-damage|p1a: Fezandipiti|20\/100\n|-unboost|p1a: Fezandipiti|def|1\n|move|p1a: Fezandipiti|Roost|p1a: Fezandipiti\n|-heal|p1a: Fezandipiti|70\/100\n|-singleturn|p1a: Fezandipiti|move: Roost\n|\n|upkeep\n|turn|12\n|\n|t:|1699686715\n|move|p2a: Greninja|Liquidation|p1a: Fezandipiti\n|-damage|p1a: Fezandipiti|10\/100\n|move|p1a: Fezandipiti|Sludge Bomb|p2a: Greninja\n|-damage|p2a: Greninja|0 fnt\n|faint|p2a: Greninja\n|\n|upkeep\n|\n|t:|1699686726\n|switch|p2a: Palafin|Palafin-Hero, M|100\/100\n|-activate|p2a: Palafin|ability: Zero to Hero\n|turn|13\n|\n|t:|1699686746\n|move|p2a: Palafin|Boomburst|p1a: Fezandipiti\n|-damage|p1a: Fezandipiti|0 fnt\n|faint|p1a: Fezandipiti\n|\n|upkeep\n|\n|t:|1699686750\n|switch|p1a: Clefable|Clefable, F|100\/100\n|turn|14\n|\n|t:|1699686758\n|switch|p2a: Moltres|Moltres|100\/100\n|move|p1a: Clefable|Cosmic Power|p1a: Clefable\n|-boost|p1a: Clefable|def|1\n|-boost|p1a: Clefable|spd|1\n|\n|upkeep\n|turn|15\n|\n|t:|1699686763\n|move|p2a: Moltres|Will-O-Wisp|p1a: Clefable\n|-status|p1a: Clefable|brn\n|move|p1a: Clefable|Cosmic Power|p1a: Clefable\n|-boost|p1a: Clefable|def|1\n|-boost|p1a: Clefable|spd|1\n|\n|upkeep\n|turn|16\n|\n|t:|1699686768\n|move|p2a: Moltres|U-turn|p1a: Clefable\n|-resisted|p1a: Clefable\n|-damage|p1a: Clefable|95\/100 brn\n|\n|t:|1699686770\n|switch|p2a: Weezing|Weezing-Galar, F|74\/100|[from] U-turn\n|move|p1a: Clefable|Cosmic Power|p1a: Clefable\n|-boost|p1a: Clefable|def|1\n|-boost|p1a: Clefable|spd|1\n|\n|-heal|p1a: Clefable|100\/100 brn|[from] item: Leftovers\n|-heal|p2a: Weezing|80\/100|[from] item: Leftovers\n|upkeep\n|turn|17\n|\n|t:|1699686775\n|move|p2a: Weezing|Haze|p2a: Weezing\n|-clearallboost\n|move|p1a: Clefable|Knock Off|p2a: Weezing\n|-resisted|p2a: Weezing\n|-damage|p2a: Weezing|77\/100\n|-enditem|p2a: Weezing|Leftovers|[from] move: Knock Off|[of] p1a: Clefable\n|\n|upkeep\n|turn|18\n|\n|t:|1699686779\n|move|p2a: Weezing|Strange Steam|p1a: Clefable\n|-damage|p1a: Clefable|81\/100 brn\n|move|p1a: Clefable|Wish|p1a: Clefable\n|\n|-heal|p1a: Clefable|88\/100 brn|[from] item: Leftovers\n|upkeep\n|turn|19\n|\n|t:|1699686783\n|switch|p1a: Landorus|Landorus-Therian, M|69\/100\n|-ability|p1a: Landorus|Intimidate|boost\n|-unboost|p2a: Weezing|atk|1\n|move|p2a: Weezing|Strange Steam|p1a: Landorus\n|-damage|p1a: Landorus|37\/100\n|\n|-heal|p1a: Landorus|99\/100|[from] move: Wish|[wisher] Clefable\n|-heal|p1a: Landorus|100\/100|[from] item: Leftovers\n|upkeep\n|turn|20\n|\n|t:|1699686795\n|move|p1a: Landorus|Nasty Plot|p1a: Landorus\n|-boost|p1a: Landorus|spa|2\n|move|p2a: Weezing|Strange Steam|p1a: Landorus\n|-damage|p1a: Landorus|68\/100\n|\n|-heal|p1a: Landorus|74\/100|[from] item: Leftovers\n|upkeep\n|turn|21\n|\n|t:|1699686798\n|move|p1a: Landorus|Extrasensory|p2a: Weezing\n|-supereffective|p2a: Weezing\n|-damage|p2a: Weezing|0 fnt\n|faint|p2a: Weezing\n|\n|-heal|p1a: Landorus|79\/100|[from] item: Leftovers\n|upkeep\n|\n|t:|1699686803\n|switch|p2a: Palafin|Palafin-Hero, M|100\/100\n|turn|22\n|\n|t:|1699686814\n|-terastallize|p1a: Landorus|Water\n|move|p2a: Palafin|Surf|p1a: Landorus\n|-resisted|p1a: Landorus\n|-damage|p1a: Landorus|41\/100\n|move|p1a: Landorus|Grass Knot|p2a: Palafin\n|-supereffective|p2a: Palafin\n|-damage|p2a: Palafin|0 fnt\n|faint|p2a: Palafin\n|\n|-heal|p1a: Landorus|47\/100|[from] item: Leftovers\n|upkeep\n|\n|t:|1699686819\n|switch|p2a: Slowking|Slowking-Galar, F|100\/100\n|turn|23\n|\n|t:|1699686822\n|move|p2a: Slowking|Poltergeist|p1a: Landorus\n|-activate|p1a: Landorus|move: Poltergeist|Leftovers\n|-damage|p1a: Landorus|0 fnt\n|faint|p1a: Landorus\n|\n|upkeep\n|\n|t:|1699686827\n|switch|p1a: Weezing|Weezing-Galar, M|100\/100\n|-fieldstart|move: Misty Terrain|[from] ability: Misty Surge|[of] p1a: Weezing\n|turn|24\n|\n|t:|1699686834\n|switch|p2a: Moltres|Moltres|100\/100\n|move|p1a: Weezing|Misty Explosion|p2a: Moltres\n|-resisted|p2a: Moltres\n|-crit|p2a: Moltres\n|-damage|p2a: Moltres|31\/100\n|faint|p1a: Weezing\n|\n|upkeep\n|\n|t:|1699686843\n|switch|p1a: Infernape|Infernape, M|100\/100\n|turn|25\n|\n|t:|1699686846\n|move|p1a: Infernape|Thunder Punch|p2a: Moltres\n|-supereffective|p2a: Moltres\n|-damage|p2a: Moltres|0 fnt\n|faint|p2a: Moltres\n|\n|upkeep\n|\n|t:|1699686850\n|switch|p2a: Slowking|Slowking-Galar, F|100\/100\n|turn|26\n|\n|t:|1699686859\n|switch|p1a: Clefable|Clefable, F|88\/100 brn\n|move|p2a: Slowking|Toxic||[still]\n|-fail|p2a: Slowking\n|\n|-heal|p1a: Clefable|94\/100 brn|[from] item: Leftovers\n|upkeep\n|turn|27\n|\n|t:|1699686865\n|move|p1a: Clefable|Knock Off|p2a: Slowking\n|-supereffective|p2a: Slowking\n|-damage|p2a: Slowking|85\/100\n|-enditem|p2a: Slowking|Leftovers|[from] move: Knock Off|[of] p1a: Clefable\n|move|p2a: Slowking|Chilly Reception|p2a: Slowking\n|-weather|Snow\n|\n|t:|1699686867\n|switch|p2a: Slowking|Slowking-Galar, F|100\/100|[from] Chilly Reception\n|\n|-weather|Snow|[upkeep]\n|-heal|p1a: Clefable|99\/100 brn|[from] item: Leftovers\n|upkeep\n|turn|28\n|\n|t:|1699686871\n|-terastallize|p2a: Slowking|Fairy\n|move|p2a: Slowking|Swords Dance|p2a: Slowking\n|-boost|p2a: Slowking|atk|2\n|move|p1a: Clefable|Knock Off|p2a: Slowking\n|-resisted|p2a: Slowking\n|-damage|p2a: Slowking|93\/100\n|replace|p2a: Zoroark|Zoroark-Hisui, F\n|-end|p2a: Zoroark|Illusion\n|-enditem|p2a: Zoroark|Heavy-Duty Boots|[from] move: Knock Off|[of] p1a: Clefable\n|\n|-weather|Snow|[upkeep]\n|-heal|p1a: Clefable|100\/100 brn|[from] item: Leftovers\n|-fieldend|Misty Terrain\n|upkeep\n|turn|29\n|\n|t:|1699686882\n|move|p2a: Zoroark|Poltergeist|p1a: Clefable\n|-activate|p1a: Clefable|move: Poltergeist|Leftovers\n|-damage|p1a: Clefable|1\/100 brn\n|move|p1a: Clefable|Fire Punch|p2a: Zoroark\n|-damage|p2a: Zoroark|79\/100\n|\n|-weather|Snow|[upkeep]\n|-heal|p1a: Clefable|7\/100 brn|[from] item: Leftovers\n|upkeep\n|turn|30\n|\n|t:|1699686890\n|move|p2a: Zoroark|Crunch|p1a: Clefable\n|-resisted|p1a: Clefable\n|-damage|p1a: Clefable|0 fnt\n|faint|p1a: Clefable\n|\n|-weather|Snow|[upkeep]\n|upkeep\n|\n|t:|1699686900\n|switch|p1a: Palafin|Palafin-Hero, M|79\/100\n|turn|31\n|c|\u2606Dragon Master Rosa|i believe in the heart of the cards\n|\n|t:|1699686912\n|move|p2a: Zoroark|Poltergeist|p1a: Palafin\n|-activate|p1a: Palafin|move: Poltergeist|Choice Specs\n|-damage|p1a: Palafin|0 fnt\n|faint|p1a: Palafin\n|\n|-weather|none\n|upkeep\n|\n|t:|1699686915\n|switch|p1a: Infernape|Infernape, M|100\/100\n|turn|32\n|c|\u2606Pickedman|ggwp\n|\n|t:|1699686918\n|move|p2a: Zoroark|Poltergeist|p1a: Infernape\n|-activate|p1a: Infernape|move: Poltergeist|Choice Band\n|-damage|p1a: Infernape|0 fnt\n|faint|p1a: Infernape\n|\n|win|Dragon Master Rosa\n|l|\u2606Pickedman\n|c|\u2606Dragon Master Rosa|LET'S GOOOO\n","uploadtime":1699686927,"views":6,"p1id":"pickedman","p2id":"dragonmasterrosa","formatid":"gen9ubers","rating":0,"private":0,"password":""}