{"id":"gen9ubers-1980906435","p1":"Skotchaud","p2":"Aaron MA","format":"[Gen 9] Ubers","log":"|j|\u2606Skotchaud\n|j|\u2606Aaron MA\n|t:|1698847841\n|gametype|singles\n|player|p1|Skotchaud|noland|\n|player|p2|Aaron MA|101|\n|teamsize|p1|6\n|teamsize|p2|6\n|gen|9\n|tier|[Gen 9] Ubers\n|rule|Sleep Clause Mod: Limit one foe put to sleep\n|rule|Species Clause: Limit one of each Pok\u00e9mon\n|rule|OHKO Clause: OHKO moves are banned\n|rule|Evasion Items Clause: Evasion items are banned\n|rule|Evasion Moves Clause: Evasion moves are banned\n|rule|Endless Battle Clause: Forcing endless battles is banned\n|rule|HP Percentage Mod: HP is shown in percentages\n|clearpoke\n|poke|p1|Breloom, M|\n|poke|p1|Scizor, M|\n|poke|p1|Dragapult, F|\n|poke|p1|Rillaboom, F|\n|poke|p1|Great Tusk|\n|poke|p1|Clodsire, M|\n|poke|p2|Kleavor, M|\n|poke|p2|Azumarill, M|\n|poke|p2|Zapdos|\n|poke|p2|Muk-Alola, M|\n|poke|p2|Iron Valiant|\n|poke|p2|Dragapult, M|\n|teampreview\n|\n|t:|1698847857\n|start\n|switch|p1a: L\u2019insecte|Scizor, M|100\/100\n|switch|p2a: Kleavor|Kleavor, M|100\/100\n|turn|1\n|\n|t:|1698847863\n|switch|p2a: Zapdos|Zapdos|100\/100\n|move|p1a: L\u2019insecte|Bullet Punch|p2a: Zapdos\n|-resisted|p2a: Zapdos\n|-damage|p2a: Zapdos|82\/100\n|-status|p1a: L\u2019insecte|par|[from] ability: Static|[of] p2a: Zapdos\n|\n|upkeep\n|turn|2\n|\n|t:|1698847874\n|switch|p1a: J\u2019go \u00e0 Paris|Clodsire, M|100\/100\n|move|p2a: Zapdos|U-turn|p1a: J\u2019go \u00e0 Paris\n|-resisted|p1a: J\u2019go \u00e0 Paris\n|-damage|p1a: J\u2019go \u00e0 Paris|93\/100\n|\n|t:|1698847885\n|switch|p2a: Dragapult|Dragapult, M|100\/100|[from] U-turn\n|\n|-heal|p1a: J\u2019go \u00e0 Paris|99\/100|[from] item: Leftovers\n|upkeep\n|turn|3\n|\n|t:|1698847895\n|switch|p1a: Jamel|Great Tusk, shiny|100\/100\n|move|p2a: Dragapult|Substitute|p2a: Dragapult\n|-start|p2a: Dragapult|Substitute\n|-damage|p2a: Dragapult|76\/100\n|\n|upkeep\n|turn|4\n|\n|t:|1698847904\n|move|p2a: Dragapult|Dragon Dance|p2a: Dragapult\n|-boost|p2a: Dragapult|atk|1\n|-boost|p2a: Dragapult|spe|1\n|move|p1a: Jamel|Knock Off|p2a: Dragapult\n|-supereffective|p2a: Dragapult\n|-crit|p2a: Dragapult\n|-end|p2a: Dragapult|Substitute\n|\n|upkeep\n|turn|5\n|\n|t:|1698847918\n|switch|p2a: Zapdos|Zapdos|82\/100\n|move|p1a: Jamel|Headlong Rush|p2a: Zapdos\n|-immune|p2a: Zapdos\n|\n|upkeep\n|turn|6\n|\n|t:|1698847926\n|-end|p1a: Jamel|Protosynthesis|[silent]\n|switch|p1a: J\u2019go \u00e0 Paris|Clodsire, M|99\/100\n|move|p2a: Zapdos|Hurricane|p1a: J\u2019go \u00e0 Paris\n|-damage|p1a: J\u2019go \u00e0 Paris|75\/100\n|\n|-heal|p1a: J\u2019go \u00e0 Paris|81\/100|[from] item: Leftovers\n|upkeep\n|turn|7\n|\n|t:|1698847935\n|move|p2a: Zapdos|U-turn|p1a: J\u2019go \u00e0 Paris\n|-resisted|p1a: J\u2019go \u00e0 Paris\n|-damage|p1a: J\u2019go \u00e0 Paris|74\/100\n|\n|t:|1698847940\n|switch|p2a: Muk|Muk-Alola, M|100\/100|[from] U-turn\n|move|p1a: J\u2019go \u00e0 Paris|Rock Tomb|p2a: Muk\n|-damage|p2a: Muk|88\/100\n|-unboost|p2a: Muk|spe|1\n|\n|-heal|p1a: J\u2019go \u00e0 Paris|80\/100|[from] item: Leftovers\n|upkeep\n|turn|8\n|\n|t:|1698847954\n|switch|p1a: Jamel|Great Tusk, shiny|100\/100\n|move|p2a: Muk|Knock Off|p1a: Jamel\n|-resisted|p1a: Jamel\n|-damage|p1a: Jamel|92\/100\n|-enditem|p1a: Jamel|Eject Pack|[from] move: Knock Off|[of] p2a: Muk\n|\n|upkeep\n|turn|9\n|\n|t:|1698847962\n|switch|p2a: Zapdos|Zapdos|82\/100\n|move|p1a: Jamel|Stealth Rock|p2a: Zapdos\n|-sidestart|p2: Aaron MA|move: Stealth Rock\n|\n|upkeep\n|turn|10\n|\n|t:|1698847969\n|-end|p1a: Jamel|Protosynthesis|[silent]\n|switch|p1a: J\u2019go \u00e0 Paris|Clodsire, M|80\/100\n|move|p2a: Zapdos|U-turn|p1a: J\u2019go \u00e0 Paris\n|-resisted|p1a: J\u2019go \u00e0 Paris\n|-damage|p1a: J\u2019go \u00e0 Paris|73\/100\n|\n|t:|1698847976\n|switch|p2a: Kleavor|Kleavor, M|100\/100|[from] U-turn\n|-damage|p2a: Kleavor|76\/100|[from] Stealth Rock\n|\n|-heal|p1a: J\u2019go \u00e0 Paris|79\/100|[from] item: Leftovers\n|upkeep\n|turn|11\n|\n|t:|1698847985\n|switch|p1a: L\u2019insecte|Scizor, M|100\/100 par\n|move|p2a: Kleavor|Stone Axe|p1a: L\u2019insecte\n|-damage|p1a: L\u2019insecte|53\/100 par\n|-sidestart|p1: Skotchaud|move: Stealth Rock\n|\n|upkeep\n|turn|12\n|\n|t:|1698847993\n|switch|p2a: Zapdos|Zapdos|82\/100\n|cant|p1a: L\u2019insecte|par\n|\n|upkeep\n|turn|13\n|\n|t:|1698848000\n|move|p2a: Zapdos|U-turn|p1a: L\u2019insecte\n|-resisted|p1a: L\u2019insecte\n|-damage|p1a: L\u2019insecte|46\/100 par\n|\n|t:|1698848008\n|switch|p2a: Muk|Muk-Alola, M|88\/100|[from] U-turn\n|-damage|p2a: Muk|76\/100|[from] Stealth Rock\n|move|p1a: L\u2019insecte|Knock Off|p2a: Muk\n|-resisted|p2a: Muk\n|-damage|p2a: Muk|47\/100\n|-enditem|p2a: Muk|Assault Vest|[from] move: Knock Off|[of] p1a: L\u2019insecte\n|\n|upkeep\n|turn|14\n|\n|t:|1698848020\n|switch|p1a: Jamel|Great Tusk, shiny|92\/100\n|-damage|p1a: Jamel|89\/100|[from] Stealth Rock\n|move|p2a: Muk|Knock Off|p1a: Jamel\n|-resisted|p1a: Jamel\n|-damage|p1a: Jamel|84\/100\n|\n|upkeep\n|turn|15\n|\n|t:|1698848032\n|move|p1a: Jamel|Rapid Spin|p2a: Muk\n|-damage|p2a: Muk|30\/100\n|-boost|p1a: Jamel|spe|1\n|-sideend|p1: Skotchaud|Stealth Rock|[from] move: Rapid Spin|[of] p1a: Jamel\n|move|p2a: Muk|Poison Jab|p1a: Jamel\n|-resisted|p1a: Jamel\n|-damage|p1a: Jamel|77\/100\n|-status|p1a: Jamel|psn\n|\n|-damage|p1a: Jamel|65\/100 psn|[from] psn\n|upkeep\n|turn|16\n|\n|t:|1698848043\n|switch|p2a: Zapdos|Zapdos|82\/100\n|move|p1a: Jamel|Knock Off|p2a: Zapdos\n|-damage|p2a: Zapdos|61\/100\n|-enditem|p2a: Zapdos|Heavy-Duty Boots|[from] move: Knock Off|[of] p1a: Jamel\n|\n|-damage|p1a: Jamel|53\/100 psn|[from] psn\n|upkeep\n|turn|17\n|\n|t:|1698848053\n|-end|p1a: Jamel|Protosynthesis|[silent]\n|switch|p1a: J\u2019go \u00e0 Paris|Clodsire, M|79\/100\n|move|p2a: Zapdos|U-turn|p1a: J\u2019go \u00e0 Paris\n|-resisted|p1a: J\u2019go \u00e0 Paris\n|-damage|p1a: J\u2019go \u00e0 Paris|71\/100\n|\n|t:|1698848059\n|switch|p2a: Dragapult|Dragapult, M|76\/100|[from] U-turn\n|-damage|p2a: Dragapult|63\/100|[from] Stealth Rock\n|\n|-heal|p1a: J\u2019go \u00e0 Paris|77\/100|[from] item: Leftovers\n|upkeep\n|turn|18\n|\n|t:|1698848068\n|move|p2a: Dragapult|Substitute|p2a: Dragapult\n|-start|p2a: Dragapult|Substitute\n|-damage|p2a: Dragapult|38\/100\n|-enditem|p2a: Dragapult|Sitrus Berry|[eat]\n|-heal|p2a: Dragapult|63\/100|[from] item: Sitrus Berry\n|move|p1a: J\u2019go \u00e0 Paris|Earthquake|p2a: Dragapult\n|-end|p2a: Dragapult|Substitute\n|\n|-heal|p1a: J\u2019go \u00e0 Paris|83\/100|[from] item: Leftovers\n|upkeep\n|turn|19\n|\n|t:|1698848080\n|switch|p1a: L\u2019insecte|Scizor, M|46\/100 par\n|move|p2a: Dragapult|Dragon Dance|p2a: Dragapult\n|-boost|p2a: Dragapult|atk|1\n|-boost|p2a: Dragapult|spe|1\n|\n|upkeep\n|turn|20\n|\n|t:|1698848091\n|move|p1a: L\u2019insecte|Bullet Punch|p2a: Dragapult\n|-damage|p2a: Dragapult|0 fnt\n|faint|p2a: Dragapult\n|\n|upkeep\n|\n|t:|1698848099\n|switch|p2a: Azumarill|Azumarill, M, shiny|100\/100\n|-damage|p2a: Azumarill|88\/100|[from] Stealth Rock\n|turn|21\n|\n|t:|1698848110\n|switch|p1a: JaiUneDerbouka|Rillaboom, F|100\/100\n|-fieldstart|move: Grassy Terrain|[from] ability: Grassy Surge|[of] p1a: JaiUneDerbouka\n|move|p2a: Azumarill|Belly Drum|p2a: Azumarill\n|-damage|p2a: Azumarill|38\/100\n|-setboost|p2a: Azumarill|atk|6|[from] move: Belly Drum\n|-enditem|p2a: Azumarill|Sitrus Berry|[eat]\n|-heal|p2a: Azumarill|63\/100|[from] item: Sitrus Berry\n|\n|-heal|p2a: Azumarill|69\/100|[from] Grassy Terrain\n|upkeep\n|turn|22\n|\n|t:|1698848123\n|switch|p2a: Zapdos|Zapdos|61\/100\n|-damage|p2a: Zapdos|36\/100|[from] Stealth Rock\n|move|p1a: JaiUneDerbouka|Grassy Glide|p2a: Zapdos\n|-resisted|p2a: Zapdos\n|-damage|p2a: Zapdos|15\/100\n|-status|p1a: JaiUneDerbouka|par|[from] ability: Static|[of] p2a: Zapdos\n|\n|upkeep\n|turn|23\n|\n|t:|1698848133\n|move|p1a: JaiUneDerbouka|Grassy Glide|p2a: Zapdos\n|-resisted|p2a: Zapdos\n|-damage|p2a: Zapdos|0 fnt\n|faint|p2a: Zapdos\n|\n|upkeep\n|\n|t:|1698848141\n|switch|p2a: Kleavor|Kleavor, M|76\/100\n|-damage|p2a: Kleavor|51\/100|[from] Stealth Rock\n|turn|24\n|\n|t:|1698848147\n|move|p1a: JaiUneDerbouka|Grassy Glide|p2a: Kleavor\n|-damage|p2a: Kleavor|0 fnt\n|faint|p2a: Kleavor\n|\n|upkeep\n|\n|t:|1698848153\n|switch|p2a: Iron Valiant|Iron Valiant|100\/100\n|-damage|p2a: Iron Valiant|94\/100|[from] Stealth Rock\n|-enditem|p2a: Iron Valiant|Booster Energy\n|-activate|p2a: Iron Valiant|ability: Quark Drive|[fromitem]\n|-start|p2a: Iron Valiant|quarkdrivespe\n|turn|25\n|\n|t:|1698848167\n|-terastallize|p1a: JaiUneDerbouka|Grass\n|move|p1a: JaiUneDerbouka|Grassy Glide|p2a: Iron Valiant\n|-damage|p2a: Iron Valiant|0 fnt\n|faint|p2a: Iron Valiant\n|-end|p2a: Iron Valiant|Quark Drive|[silent]\n|\n|-fieldend|move: Grassy Terrain\n|upkeep\n|\n|t:|1698848176\n|switch|p2a: Muk|Muk-Alola, M|30\/100\n|-damage|p2a: Muk|18\/100|[from] Stealth Rock\n|turn|26\n|\n|t:|1698848192\n|switch|p1a: Jamel|Great Tusk, shiny|53\/100 psn\n|move|p2a: Muk|Knock Off|p1a: Jamel\n|-resisted|p1a: Jamel\n|-damage|p1a: Jamel|47\/100 psn\n|\n|-damage|p1a: Jamel|35\/100 psn|[from] psn\n|upkeep\n|turn|27\n|\n|t:|1698848204\n|move|p1a: Jamel|Headlong Rush|p2a: Muk\n|-supereffective|p2a: Muk\n|-damage|p2a: Muk|0 fnt\n|-unboost|p1a: Jamel|def|1\n|-unboost|p1a: Jamel|spd|1\n|faint|p2a: Muk\n|\n|-damage|p1a: Jamel|22\/100 psn|[from] psn\n|upkeep\n|\n|t:|1698848213\n|switch|p2a: Azumarill|Azumarill, M, shiny|69\/100\n|-damage|p2a: Azumarill|57\/100|[from] Stealth Rock\n|turn|28\n|\n|t:|1698848225\n|-end|p1a: Jamel|Protosynthesis|[silent]\n|switch|p1a: JaiUneDerbouka|Rillaboom, F, tera:Grass|100\/100 par\n|-fieldstart|move: Grassy Terrain|[from] ability: Grassy Surge|[of] p1a: JaiUneDerbouka\n|move|p2a: Azumarill|Aqua Jet|p1a: JaiUneDerbouka\n|-resisted|p1a: JaiUneDerbouka\n|-damage|p1a: JaiUneDerbouka|88\/100 par\n|\n|-heal|p2a: Azumarill|63\/100|[from] Grassy Terrain\n|-heal|p1a: JaiUneDerbouka|94\/100 par|[from] Grassy Terrain\n|upkeep\n|turn|29\n|\n|t:|1698848239\n|-terastallize|p2a: Azumarill|Water\n|move|p2a: Azumarill|Aqua Jet|p1a: JaiUneDerbouka\n|-resisted|p1a: JaiUneDerbouka\n|-damage|p1a: JaiUneDerbouka|77\/100 par\n|move|p1a: JaiUneDerbouka|Grassy Glide|p2a: Azumarill\n|-supereffective|p2a: Azumarill\n|-damage|p2a: Azumarill|0 fnt\n|faint|p2a: Azumarill\n|\n|win|Skotchaud\n","uploadtime":1698848249,"views":22,"p1id":"skotchaud","p2id":"aaronma","formatid":"gen9ubers","rating":0,"private":0,"password":""}