{"id":"gen9ubers-1974524126","p1":"Bonya999","p2":"superiax","format":"[Gen 9] Ubers","log":"|j|\u2606Bonya999\n|j|\u2606superiax\n|t:|1698094160\n|gametype|singles\n|player|p1|Bonya999|brycen|1100\n|player|p2|superiax|whitney|1305\n|teamsize|p1|6\n|teamsize|p2|6\n|gen|9\n|tier|[Gen 9] Ubers\n|rated|\n|rule|Sleep Clause Mod: Limit one foe put to sleep\n|rule|Species Clause: Limit one of each Pok\u00e9mon\n|rule|OHKO Clause: OHKO moves are banned\n|rule|Evasion Items Clause: Evasion items are banned\n|rule|Evasion Moves Clause: Evasion moves are banned\n|rule|Endless Battle Clause: Forcing endless battles is banned\n|rule|HP Percentage Mod: HP is shown in percentages\n|clearpoke\n|poke|p1|Quaquaval, M|\n|poke|p1|Volcarona, F|\n|poke|p1|Forretress, M|\n|poke|p1|Umbreon, F|\n|poke|p1|Dragapult, M|\n|poke|p1|Sandy Shocks|\n|poke|p2|Iron Bundle|\n|poke|p2|Magearna|\n|poke|p2|Ninetales-Alola, F|\n|poke|p2|Kingambit, M|\n|poke|p2|Iron Moth|\n|poke|p2|Ursaluna-Bloodmoon, M|\n|teampreview\n|\n|t:|1698094166\n|start\n|switch|p1a: \u0411\u043e\u043d\u044f|Quaquaval, M|100\/100\n|switch|p2a: Catwoman|Ninetales-Alola, F, shiny|100\/100\n|-weather|Snow|[from] ability: Snow Warning|[of] p2a: Catwoman\n|turn|1\n|inactive|Battle timer is ON: inactive players will automatically lose when time's up. (requested by superiax)\n|\n|t:|1698094178\n|move|p2a: Catwoman|Aurora Veil|p2a: Catwoman\n|-sidestart|p2: superiax|move: Aurora Veil\n|move|p1a: \u0411\u043e\u043d\u044f|Aqua Step|p2a: Catwoman\n|-damage|p2a: Catwoman|86\/100\n|-boost|p1a: \u0411\u043e\u043d\u044f|spe|1\n|\n|-weather|Snow|[upkeep]\n|upkeep\n|turn|2\n|\n|t:|1698094188\n|switch|p1a: Forretress|Forretress, M|100\/100\n|move|p2a: Catwoman|Moonblast|p1a: Forretress\n|-resisted|p1a: Forretress\n|-crit|p1a: Forretress\n|-damage|p1a: Forretress|70\/100\n|-unboost|p1a: Forretress|spa|1\n|\n|-weather|Snow|[upkeep]\n|-heal|p1a: Forretress|76\/100|[from] item: Leftovers\n|upkeep\n|turn|3\n|\n|t:|1698094200\n|move|p2a: Catwoman|Encore||[still]\n|-fail|p2a: Catwoman\n|move|p1a: Forretress|Gyro Ball|p2a: Catwoman\n|-supereffective|p2a: Catwoman\n|-crit|p2a: Catwoman\n|-damage|p2a: Catwoman|0 fnt\n|faint|p2a: Catwoman\n|\n|-weather|Snow|[upkeep]\n|-heal|p1a: Forretress|83\/100|[from] item: Leftovers\n|upkeep\n|\n|t:|1698094209\n|switch|p2a: Harley Quinn|Magearna|100\/100\n|turn|4\n|\n|t:|1698094216\n|move|p2a: Harley Quinn|Calm Mind|p2a: Harley Quinn\n|-boost|p2a: Harley Quinn|spa|1\n|-boost|p2a: Harley Quinn|spd|1\n|move|p1a: Forretress|Curse|p1a: Forretress\n|-unboost|p1a: Forretress|spe|1\n|-boost|p1a: Forretress|atk|1\n|-boost|p1a: Forretress|def|1\n|\n|-weather|Snow|[upkeep]\n|-heal|p1a: Forretress|89\/100|[from] item: Leftovers\n|upkeep\n|turn|5\n|\n|t:|1698094226\n|move|p2a: Harley Quinn|Calm Mind|p2a: Harley Quinn\n|-boost|p2a: Harley Quinn|spa|1\n|-boost|p2a: Harley Quinn|spd|1\n|move|p1a: Forretress|Gyro Ball|p2a: Harley Quinn\n|-damage|p2a: Harley Quinn|88\/100\n|\n|-weather|none\n|-heal|p1a: Forretress|95\/100|[from] item: Leftovers\n|upkeep\n|turn|6\n|\n|t:|1698094250\n|switch|p1a: \u0411\u043e\u043d\u044f|Quaquaval, M|100\/100\n|move|p2a: Harley Quinn|Calm Mind|p2a: Harley Quinn\n|-boost|p2a: Harley Quinn|spa|1\n|-boost|p2a: Harley Quinn|spd|1\n|\n|upkeep\n|turn|7\n|\n|t:|1698094262\n|-terastallize|p2a: Harley Quinn|Water\n|move|p1a: \u0411\u043e\u043d\u044f|Swords Dance|p1a: \u0411\u043e\u043d\u044f\n|-boost|p1a: \u0411\u043e\u043d\u044f|atk|2\n|move|p2a: Harley Quinn|Iron Defense|p2a: Harley Quinn\n|-boost|p2a: Harley Quinn|def|2\n|\n|upkeep\n|turn|8\n|\n|t:|1698094272\n|move|p1a: \u0411\u043e\u043d\u044f|Swords Dance|p1a: \u0411\u043e\u043d\u044f\n|-boost|p1a: \u0411\u043e\u043d\u044f|atk|2\n|move|p2a: Harley Quinn|Draining Kiss|p1a: \u0411\u043e\u043d\u044f\n|-supereffective|p1a: \u0411\u043e\u043d\u044f\n|-enditem|p1a: \u0411\u043e\u043d\u044f|Focus Sash\n|-damage|p1a: \u0411\u043e\u043d\u044f|1\/100\n|-heal|p2a: Harley Quinn|100\/100|[from] drain|[of] p1a: \u0411\u043e\u043d\u044f\n|\n|-sideend|p2: superiax|move: Aurora Veil\n|upkeep\n|turn|9\n|\n|t:|1698094283\n|move|p1a: \u0411\u043e\u043d\u044f|Close Combat|p2a: Harley Quinn\n|-damage|p2a: Harley Quinn|47\/100\n|-unboost|p1a: \u0411\u043e\u043d\u044f|def|1\n|-unboost|p1a: \u0411\u043e\u043d\u044f|spd|1\n|move|p2a: Harley Quinn|Stored Power|p1a: \u0411\u043e\u043d\u044f\n|-supereffective|p1a: \u0411\u043e\u043d\u044f\n|-damage|p1a: \u0411\u043e\u043d\u044f|0 fnt\n|faint|p1a: \u0411\u043e\u043d\u044f\n|-ability|p2a: Harley Quinn|Soul-Heart|boost\n|-boost|p2a: Harley Quinn|spa|1\n|\n|upkeep\n|inactive|Bonya999 has 120 seconds left.\n|inactive|Bonya999 has 90 seconds left.\n|\n|t:|1698094332\n|switch|p1a: Sandy Cheeks|Sandy Shocks|100\/100\n|-enditem|p1a: Sandy Cheeks|Booster Energy\n|-activate|p1a: Sandy Cheeks|ability: Protosynthesis|[fromitem]\n|-start|p1a: Sandy Cheeks|protosynthesisspe\n|turn|10\n|\n|t:|1698094338\n|switch|p2a: Clayface|Ursaluna-Bloodmoon, M|100\/100\n|move|p1a: Sandy Cheeks|Thunderbolt|p2a: Clayface\n|-immune|p2a: Clayface\n|\n|upkeep\n|turn|11\n|\n|t:|1698094351\n|-terastallize|p1a: Sandy Cheeks|Ice\n|move|p1a: Sandy Cheeks|Tera Blast|p2a: Clayface|[anim] Tera Blast Ice\n|-supereffective|p2a: Clayface\n|-damage|p2a: Clayface|18\/100\n|move|p2a: Clayface|Earth Power|p1a: Sandy Cheeks\n|-damage|p1a: Sandy Cheeks|34\/100\n|\n|-heal|p2a: Clayface|24\/100|[from] item: Leftovers\n|upkeep\n|turn|12\n|\n|t:|1698094362\n|move|p2a: Clayface|Vacuum Wave|p1a: Sandy Cheeks\n|-supereffective|p1a: Sandy Cheeks\n|-damage|p1a: Sandy Cheeks|0 fnt\n|faint|p1a: Sandy Cheeks\n|-end|p1a: Sandy Cheeks|Protosynthesis|[silent]\n|\n|-heal|p2a: Clayface|31\/100|[from] item: Leftovers\n|upkeep\n|inactive|Bonya999 has 90 seconds left.\n|\n|t:|1698094407\n|switch|p1a: Dragapult|Dragapult, M|100\/100\n|turn|13\n|inactive|Bonya999 has 60 seconds left.\n|\n|t:|1698094436\n|switch|p2a: Harley Quinn|Magearna, tera:Water|47\/100\n|move|p1a: Dragapult|Draco Meteor|p2a: Harley Quinn\n|-damage|p2a: Harley Quinn|0 fnt\n|-unboost|p1a: Dragapult|spa|2\n|faint|p2a: Harley Quinn\n|\n|upkeep\n|\n|t:|1698094444\n|switch|p2a: Iron Moth|Iron Moth, shiny|100\/100\n|turn|14\n|inactive|Bonya999 has 60 seconds left.\n|\n|t:|1698094464\n|move|p1a: Dragapult|Draco Meteor|p2a: Iron Moth\n|-damage|p2a: Iron Moth|71\/100\n|-unboost|p1a: Dragapult|spa|2\n|move|p2a: Iron Moth|Fiery Dance|p1a: Dragapult\n|-resisted|p1a: Dragapult\n|-damage|p1a: Dragapult|72\/100\n|\n|upkeep\n|turn|15\n|inactive|Bonya999 has 30 seconds left.\n|inactive|Bonya999 has 20 seconds left.\n|\n|t:|1698094507\n|switch|p1a: Umbreon|Umbreon, F|100\/100\n|move|p2a: Iron Moth|Fiery Dance|p1a: Umbreon\n|-damage|p1a: Umbreon|77\/100\n|-boost|p2a: Iron Moth|spa|1\n|\n|-heal|p1a: Umbreon|83\/100|[from] item: Leftovers\n|upkeep\n|turn|16\n|inactive|Bonya999 has 30 seconds left this turn.\n|inactive|Bonya999 has 20 seconds left.\n|\n|t:|1698094518\n|move|p2a: Iron Moth|Fiery Dance|p1a: Umbreon\n|-damage|p1a: Umbreon|51\/100\n|move|p1a: Umbreon|Foul Play|p2a: Iron Moth\n|-damage|p2a: Iron Moth|40\/100\n|\n|-heal|p1a: Umbreon|57\/100|[from] item: Leftovers\n|upkeep\n|turn|17\n|inactive|Bonya999 has 30 seconds left this turn.\n|inactive|Bonya999 has 20 seconds left.\n|inactive|Bonya999 has 15 seconds left.\n|inactive|Bonya999 has 10 seconds left.\n|\n|t:|1698094553\n|move|p2a: Iron Moth|Sludge Wave|p1a: Umbreon\n|-damage|p1a: Umbreon|14\/100\n|move|p1a: Umbreon|Foul Play|p2a: Iron Moth\n|-damage|p2a: Iron Moth|9\/100\n|\n|-heal|p1a: Umbreon|20\/100|[from] item: Leftovers\n|upkeep\n|turn|18\n|inactive|Bonya999 has 20 seconds left this turn.\n|inactive|Bonya999 has 15 seconds left.\n|\n|t:|1698094561\n|move|p2a: Iron Moth|Fiery Dance|p1a: Umbreon\n|-damage|p1a: Umbreon|0 fnt\n|-boost|p2a: Iron Moth|spa|1\n|faint|p1a: Umbreon\n|\n|upkeep\n|inactive|Bonya999 has 20 seconds left this turn.\n|inactive|Bonya999 has 15 seconds left.\n|\n|t:|1698094570\n|switch|p1a: Volcarona|Volcarona, F|100\/100\n|turn|19\n|inactive|Bonya999 has 25 seconds left this turn.\n|\n|t:|1698094574\n|move|p2a: Iron Moth|Fiery Dance|p1a: Volcarona\n|-damage|p1a: Volcarona|11\/100\n|-boost|p2a: Iron Moth|spa|1\n|move|p1a: Volcarona|Flamethrower|p2a: Iron Moth\n|-resisted|p2a: Iron Moth\n|-damage|p2a: Iron Moth|0 fnt\n|faint|p2a: Iron Moth\n|-end|p2a: Iron Moth|Quark Drive|[silent]\n|\n|upkeep\n|inactive|Bonya999 has 30 seconds left this turn.\n|\n|t:|1698094582\n|switch|p2a: Mr. Freeze|Iron Bundle, shiny|100\/100\n|turn|20\n|\n|t:|1698094591\n|move|p2a: Mr. Freeze|Ice Beam|p1a: Volcarona\n|-resisted|p1a: Volcarona\n|-damage|p1a: Volcarona|0 fnt\n|faint|p1a: Volcarona\n|\n|upkeep\n|inactive|Bonya999 has 30 seconds left.\n|\n|t:|1698094602\n|switch|p1a: Dragapult|Dragapult, M|72\/100\n|turn|21\n|\n|t:|1698094606\n|move|p1a: Dragapult|Draco Meteor|p2a: Mr. Freeze\n|-damage|p2a: Mr. Freeze|0 fnt\n|-unboost|p1a: Dragapult|spa|2\n|faint|p2a: Mr. Freeze\n|-end|p2a: Mr. Freeze|Quark Drive|[silent]\n|\n|upkeep\n|\n|t:|1698094619\n|switch|p2a: Clayface|Ursaluna-Bloodmoon, M|31\/100\n|turn|22\n|\n|t:|1698094628\n|move|p2a: Clayface|Vacuum Wave|p1a: Dragapult\n|-damage|p1a: Dragapult|52\/100\n|move|p1a: Dragapult|Draco Meteor|p2a: Clayface\n|-damage|p2a: Clayface|0 fnt\n|-unboost|p1a: Dragapult|spa|2\n|faint|p2a: Clayface\n|\n|upkeep\n|\n|t:|1698094634\n|switch|p2a: Robin|Kingambit, M, shiny|100\/100\n|-activate|p2a: Robin|ability: Supreme Overlord\n|-start|p2a: Robin|fallen5|[silent]\n|turn|23\n|\n|t:|1698094641\n|switch|p1a: Forretress|Forretress, M|95\/100\n|move|p2a: Robin|Swords Dance|p2a: Robin\n|-boost|p2a: Robin|atk|2\n|\n|-heal|p1a: Forretress|100\/100|[from] item: Leftovers\n|upkeep\n|turn|24\n|inactive|Bonya999 has 60 seconds left.\n|\n|t:|1698094671\n|move|p2a: Robin|Kowtow Cleave|p1a: Forretress\n|-damage|p1a: Forretress|16\/100\n|move|p1a: Forretress|Curse|p1a: Forretress\n|-unboost|p1a: Forretress|spe|1\n|-boost|p1a: Forretress|atk|1\n|-boost|p1a: Forretress|def|1\n|\n|-heal|p1a: Forretress|22\/100|[from] item: Leftovers\n|upkeep\n|turn|25\n|\n|t:|1698094681\n|move|p2a: Robin|Kowtow Cleave|p1a: Forretress\n|-damage|p1a: Forretress|0 fnt\n|faint|p1a: Forretress\n|\n|upkeep\n|\n|t:|1698094687\n|switch|p1a: Dragapult|Dragapult, M|52\/100\n|turn|26\n|c|\u2606superiax|shoulda body pressed\n|c|\u2606superiax|gg\n|inactive|Bonya999 has 30 seconds left.\n|inactive|Bonya999 has 20 seconds left.\n|inactive|Bonya999 has 15 seconds left.\n|\n|t:|1698094735\n|move|p2a: Robin|Sucker Punch|p1a: Dragapult\n|-supereffective|p1a: Dragapult\n|-damage|p1a: Dragapult|0 fnt\n|faint|p1a: Dragapult\n|\n|win|superiax\n|inactive|Bonya999 has 20 seconds left this turn.\n|raw|Bonya999's rating: 1100 &rarr; <strong>1088<\/strong><br \/>(-12 for losing)\n|raw|superiax's rating: 1305 &rarr; <strong>1314<\/strong><br \/>(+9 for winning)\n","uploadtime":1698094745,"views":9,"p1id":"bonya999","p2id":"superiax","formatid":"gen9ubers","rating":1088,"private":0,"password":""}