{"id":"gen9ubers-1972508836","p1":"iceberg149","p2":"ThatGuyAltro","format":"[Gen 9] Ubers","log":"|j|\u2606iceberg149\n|j|\u2606ThatGuyAltro\n|t:|1697850940\n|gametype|singles\n|player|p1|iceberg149|ethan|\n|player|p2|ThatGuyAltro|101|\n|teamsize|p1|6\n|teamsize|p2|6\n|gen|9\n|tier|[Gen 9] Ubers\n|rule|Sleep Clause Mod: Limit one foe put to sleep\n|rule|Species Clause: Limit one of each Pok\u00e9mon\n|rule|OHKO Clause: OHKO moves are banned\n|rule|Evasion Items Clause: Evasion items are banned\n|rule|Evasion Moves Clause: Evasion moves are banned\n|rule|Endless Battle Clause: Forcing endless battles is banned\n|rule|HP Percentage Mod: HP is shown in percentages\n|clearpoke\n|poke|p1|Mew|\n|poke|p1|Ogerpon-Cornerstone, F|\n|poke|p1|Ursaluna-Bloodmoon, M|\n|poke|p1|Sneasler, F|\n|poke|p1|Gastrodon-East, F|\n|poke|p1|Ribombee, F|\n|poke|p2|Ursaluna, F|\n|poke|p2|Munkidori, M|\n|poke|p2|Corviknight, F|\n|poke|p2|Ninetales, M|\n|poke|p2|Slither Wing|\n|poke|p2|Grimmsnarl, M|\n|teampreview\n|j| Oliverpup\n|j| Superison\n|\n|t:|1697851032\n|start\n|switch|p1a: Ribbon|Ribombee, F, shiny|100\/100\n|switch|p2a: Grimmsnarl|Grimmsnarl, M|100\/100\n|turn|1\n|c|\u2606iceberg149|hfhf\n|j| KaoVT\n|c|\u2606ThatGuyAltro|glhf\n|\n|t:|1697851062\n|move|p2a: Grimmsnarl|Taunt|p1a: Ribbon\n|-start|p1a: Ribbon|move: Taunt\n|move|p1a: Ribbon|Moonblast|p2a: Grimmsnarl\n|-supereffective|p2a: Grimmsnarl\n|-damage|p2a: Grimmsnarl|50\/100\n|-unboost|p2a: Grimmsnarl|spa|1\n|\n|upkeep\n|turn|2\n|\n|t:|1697851070\n|move|p2a: Grimmsnarl|Light Screen|p2a: Grimmsnarl\n|-sidestart|p2: ThatGuyAltro|move: Light Screen\n|move|p1a: Ribbon|Moonblast|p2a: Grimmsnarl\n|-supereffective|p2a: Grimmsnarl\n|-damage|p2a: Grimmsnarl|27\/100\n|\n|upkeep\n|turn|3\n|\n|t:|1697851075\n|move|p2a: Grimmsnarl|Parting Shot|p1a: Ribbon\n|-unboost|p1a: Ribbon|atk|1\n|-unboost|p1a: Ribbon|spa|1\n|\n|t:|1697851086\n|switch|p2a: Ninetales|Ninetales, M, shiny|100\/100|[from] Parting Shot\n|-weather|SunnyDay|[from] ability: Drought|[of] p2a: Ninetales\n|move|p1a: Ribbon|Moonblast|p2a: Ninetales\n|-resisted|p2a: Ninetales\n|-damage|p2a: Ninetales|94\/100\n|\n|-weather|SunnyDay|[upkeep]\n|-end|p1a: Ribbon|move: Taunt\n|upkeep\n|turn|4\n|\n|t:|1697851099\n|switch|p1a: A Slug -David 2023|Gastrodon-East, F|100\/100\n|move|p2a: Ninetales|Flamethrower|p1a: A Slug -David 2023\n|-resisted|p1a: A Slug -David 2023\n|-damage|p1a: A Slug -David 2023|83\/100\n|-status|p1a: A Slug -David 2023|brn\n|\n|-weather|SunnyDay|[upkeep]\n|-heal|p1a: A Slug -David 2023|89\/100 brn|[from] item: Leftovers\n|-damage|p1a: A Slug -David 2023|83\/100 brn|[from] brn\n|upkeep\n|turn|5\n|\n|t:|1697851110\n|move|p2a: Ninetales|Energy Ball|p1a: A Slug -David 2023\n|-supereffective|p1a: A Slug -David 2023\n|-damage|p1a: A Slug -David 2023|27\/100 brn\n|move|p1a: A Slug -David 2023|Rain Dance|p1a: A Slug -David 2023\n|-weather|RainDance\n|\n|-weather|RainDance|[upkeep]\n|-heal|p1a: A Slug -David 2023|34\/100 brn|[from] item: Leftovers\n|-damage|p1a: A Slug -David 2023|27\/100 brn|[from] brn\n|upkeep\n|turn|6\n|\n|t:|1697851126\n|switch|p1a: Ribbon|Ribombee, F, shiny|100\/100\n|move|p2a: Ninetales|Energy Ball|p1a: Ribbon\n|-resisted|p1a: Ribbon\n|-damage|p1a: Ribbon|88\/100\n|\n|-weather|RainDance|[upkeep]\n|upkeep\n|turn|7\n|\n|t:|1697851132\n|move|p1a: Ribbon|Light Screen|p1a: Ribbon\n|-sidestart|p1: iceberg149|move: Light Screen\n|move|p2a: Ninetales|Sunny Day|p2a: Ninetales\n|-weather|SunnyDay\n|\n|-weather|SunnyDay|[upkeep]\n|upkeep\n|turn|8\n|\n|t:|1697851156\n|switch|p1a: Bingus|Mew, shiny|100\/100\n|move|p2a: Ninetales|Flamethrower|p1a: Bingus\n|-damage|p1a: Bingus|85\/100\n|\n|-weather|SunnyDay|[upkeep]\n|-heal|p1a: Bingus|92\/100|[from] item: Leftovers\n|upkeep\n|turn|9\n|n| DivogoJota|oliverpup\n|\n|t:|1697851169\n|switch|p2a: Corviknight|Corviknight, F, shiny|100\/100\n|move|p1a: Bingus|Spikes|p2a: Corviknight\n|-sidestart|p2: ThatGuyAltro|Spikes\n|\n|-weather|SunnyDay|[upkeep]\n|-heal|p1a: Bingus|98\/100|[from] item: Leftovers\n|-sideend|p2: ThatGuyAltro|move: Light Screen\n|upkeep\n|turn|10\n|c| DivogoJota|Embracing modernity\n|j| LOLWhale\n|\n|t:|1697851221\n|move|p1a: Bingus|Calm Mind|p1a: Bingus\n|-boost|p1a: Bingus|spa|1\n|-boost|p1a: Bingus|spd|1\n|move|p2a: Corviknight|Tailwind|p2a: Corviknight\n|-sidestart|p2: ThatGuyAltro|move: Tailwind\n|\n|-weather|SunnyDay|[upkeep]\n|-heal|p1a: Bingus|100\/100|[from] item: Leftovers\n|upkeep\n|turn|11\n|l| LOLWhale\n|\n|t:|1697851237\n|switch|p2a: Slither Wing|Slither Wing, shiny|100\/100\n|-damage|p2a: Slither Wing|88\/100|[from] Spikes\n|-activate|p2a: Slither Wing|ability: Protosynthesis\n|-start|p2a: Slither Wing|protosynthesisatk\n|move|p1a: Bingus|Knock Off|p2a: Slither Wing\n|-resisted|p2a: Slither Wing\n|-damage|p2a: Slither Wing|73\/100\n|-enditem|p2a: Slither Wing|Choice Band|[from] move: Knock Off|[of] p1a: Bingus\n|\n|-weather|SunnyDay|[upkeep]\n|upkeep\n|turn|12\n|\n|t:|1697851260\n|move|p2a: Slither Wing|First Impression|p1a: Bingus\n|-supereffective|p1a: Bingus\n|-damage|p1a: Bingus|0 fnt\n|faint|p1a: Bingus\n|\n|-weather|SunnyDay|[upkeep]\n|upkeep\n|c| DivogoJota|Remi\n|c| DivogoJota|do you know other people who play wynn\n|\n|t:|1697851355\n|switch|p1a: Ribbon|Ribombee, F, shiny|88\/100\n|turn|13\n|\n|t:|1697851375\n|move|p2a: Slither Wing|U-turn|p1a: Ribbon\n|-resisted|p1a: Ribbon\n|-damage|p1a: Ribbon|45\/100\n|\n|t:|1697851378\n|-end|p2a: Slither Wing|Protosynthesis|[silent]\n|switch|p2a: Corviknight|Corviknight, F, shiny|100\/100|[from] U-turn\n|move|p1a: Ribbon|Sticky Web|p2a: Corviknight\n|-sidestart|p2: ThatGuyAltro|move: Sticky Web\n|\n|-weather|SunnyDay|[upkeep]\n|-sideend|p2: ThatGuyAltro|move: Tailwind\n|upkeep\n|turn|14\n|\n|t:|1697851391\n|move|p1a: Ribbon|Reflect|p1a: Ribbon\n|-sidestart|p1: iceberg149|Reflect\n|move|p2a: Corviknight|Defog|p1a: Ribbon\n|-unboost|p1a: Ribbon|evasion|1\n|-sideend|p1: iceberg149|Reflect\n|-sideend|p1: iceberg149|move: Light Screen\n|-sideend|p2: ThatGuyAltro|Spikes|[from] move: Defog|[of] p2a: Corviknight\n|-sideend|p2: ThatGuyAltro|Sticky Web|[from] move: Defog|[of] p2a: Corviknight\n|\n|-weather|none\n|upkeep\n|turn|15\n|l| DivogoJota\n|\n|t:|1697851430\n|move|p1a: Ribbon|Reflect|p1a: Ribbon\n|-sidestart|p1: iceberg149|Reflect\n|move|p2a: Corviknight|Tailwind|p2a: Corviknight\n|-sidestart|p2: ThatGuyAltro|move: Tailwind\n|\n|upkeep\n|turn|16\n|\n|t:|1697851456\n|switch|p1a: A Slug -David 2023|Gastrodon-East, F|27\/100 brn\n|move|p2a: Corviknight|U-turn|p1a: A Slug -David 2023\n|-damage|p1a: A Slug -David 2023|19\/100 brn\n|\n|t:|1697851467\n|switch|p2a: Grimmsnarl|Grimmsnarl, M|27\/100|[from] U-turn\n|\n|-heal|p1a: A Slug -David 2023|25\/100 brn|[from] item: Leftovers\n|-damage|p1a: A Slug -David 2023|19\/100 brn|[from] brn\n|upkeep\n|turn|17\n|\n|t:|1697851482\n|move|p2a: Grimmsnarl|Light Screen|p2a: Grimmsnarl\n|-sidestart|p2: ThatGuyAltro|move: Light Screen\n|move|p1a: A Slug -David 2023|Recover|p1a: A Slug -David 2023\n|-heal|p1a: A Slug -David 2023|69\/100 brn\n|\n|-heal|p1a: A Slug -David 2023|75\/100 brn|[from] item: Leftovers\n|-damage|p1a: A Slug -David 2023|69\/100 brn|[from] brn\n|upkeep\n|turn|18\n|j| Oliverpup\n|\n|t:|1697851506\n|move|p2a: Grimmsnarl|Reflect|p2a: Grimmsnarl\n|-sidestart|p2: ThatGuyAltro|Reflect\n|move|p1a: A Slug -David 2023|Recover|p1a: A Slug -David 2023\n|-heal|p1a: A Slug -David 2023|100\/100 brn\n|\n|-damage|p1a: A Slug -David 2023|94\/100 brn|[from] brn\n|-sideend|p2: ThatGuyAltro|move: Tailwind\n|upkeep\n|turn|19\n|l| Oliverpup\n|j| DivogoJota\n|\n|t:|1697851521\n|move|p2a: Grimmsnarl|Parting Shot|p1a: A Slug -David 2023\n|-unboost|p1a: A Slug -David 2023|atk|1\n|-unboost|p1a: A Slug -David 2023|spa|1\n|j| curtisthecacnea\n|n| DivogoJota|divogojota\n|\n|t:|1697851546\n|switch|p2a: Ursaluna|Ursaluna, F, shiny|100\/100|[from] Parting Shot\n|move|p1a: A Slug -David 2023|Earth Power|p2a: Ursaluna\n|-damage|p2a: Ursaluna|93\/100\n|\n|-heal|p1a: A Slug -David 2023|100\/100 brn|[from] item: Leftovers\n|-damage|p1a: A Slug -David 2023|94\/100 brn|[from] brn\n|-status|p2a: Ursaluna|brn|[from] item: Flame Orb\n|upkeep\n|turn|20\n|j| The ShaqtusLOL\n|\n|t:|1697851701\n|switch|p1a: Scary Feet!|Ursaluna-Bloodmoon, M|100\/100\n|move|p2a: Ursaluna|Ice Punch|p1a: Scary Feet!\n|-supereffective|p1a: Scary Feet!\n|-damage|p1a: Scary Feet!|68\/100\n|-status|p1a: Scary Feet!|frz\n|\n|-damage|p2a: Ursaluna|86\/100 brn|[from] brn\n|upkeep\n|turn|21\n|c|\u2606iceberg149|ah yes\n|c| DivogoJota|Oh dear\n|l| The ShaqtusLOL\n|\n|t:|1697851723\n|switch|p1a: A Slug -David 2023|Gastrodon-East, F|94\/100 brn\n|move|p2a: Ursaluna|Drain Punch|p1a: A Slug -David 2023\n|-damage|p1a: A Slug -David 2023|69\/100 brn\n|-heal|p2a: Ursaluna|98\/100 brn|[from] drain|[of] p1a: A Slug -David 2023\n|\n|-heal|p1a: A Slug -David 2023|75\/100 brn|[from] item: Leftovers\n|-damage|p1a: A Slug -David 2023|69\/100 brn|[from] brn\n|-damage|p2a: Ursaluna|92\/100 brn|[from] brn\n|upkeep\n|turn|22\n|c|\u2606ThatGuyAltro|\"calculated\"\n|c| DivogoJota|that\u2019s a lot of freezes in SnS this season\n|c|\u2606iceberg149|lmaoo\n|\n|t:|1697851753\n|move|p1a: A Slug -David 2023|Recover|p1a: A Slug -David 2023\n|-heal|p1a: A Slug -David 2023|100\/100 brn\n|move|p2a: Ursaluna|Facade|p1a: A Slug -David 2023\n|-damage|p1a: A Slug -David 2023|25\/100 brn\n|\n|-heal|p1a: A Slug -David 2023|31\/100 brn|[from] item: Leftovers\n|-damage|p1a: A Slug -David 2023|25\/100 brn|[from] brn\n|-damage|p2a: Ursaluna|86\/100 brn|[from] brn\n|-sideend|p1: iceberg149|Reflect\n|upkeep\n|turn|23\n|j| LOLWhale\n|\n|t:|1697851841\n|switch|p1a: Ribbon|Ribombee, F, shiny|45\/100\n|move|p2a: Ursaluna|Headlong Rush|p1a: Ribbon\n|-resisted|p1a: Ribbon\n|-damage|p1a: Ribbon|0 fnt\n|-unboost|p2a: Ursaluna|def|1\n|-unboost|p2a: Ursaluna|spd|1\n|faint|p1a: Ribbon\n|\n|-damage|p2a: Ursaluna|79\/100 brn|[from] brn\n|upkeep\n|c| DivogoJota|Good morning Harry\n|\n|t:|1697851866\n|switch|p1a: Geologist|Ogerpon-Cornerstone, F|100\/100\n|turn|24\n|c| LOLWhale|Hi hi\n|c| LOLWhale|How we doing\n|c| DivogoJota|Was\n|\n|t:|1697851901\n|move|p1a: Geologist|Spiky Shield|p1a: Geologist\n|-singleturn|p1a: Geologist|move: Protect\n|move|p2a: Ursaluna|Drain Punch|p1a: Geologist\n|-activate|p1a: Geologist|move: Protect\n|-damage|p2a: Ursaluna|67\/100 brn|[from] Spiky Shield|[of] p1a: Geologist\n|\n|-damage|p2a: Ursaluna|61\/100 brn|[from] brn\n|-sideend|p2: ThatGuyAltro|move: Light Screen\n|upkeep\n|turn|25\n|c| DivogoJota|**good\n|c| LOLWhale|Glad to hear :)\n|\n|t:|1697851926\n|switch|p2a: Corviknight|Corviknight, F, shiny|100\/100\n|move|p1a: Geologist|Power Whip|p2a: Corviknight\n|-resisted|p2a: Corviknight\n|-crit|p2a: Corviknight\n|-damage|p2a: Corviknight|84\/100\n|\n|-heal|p2a: Corviknight|90\/100|[from] item: Leftovers\n|-sideend|p2: ThatGuyAltro|Reflect\n|upkeep\n|turn|26\n|c| DivogoJota|hbu\n|c| LOLWhale|Yea I\u2019m doin well\n|c| LOLWhale|in line for coffee and food atm\n|c| DivogoJota|What did the surgeon say\n|c| DivogoJota|or is that tomo\n|c| LOLWhale|No surgery required! Just a brace for 8 weeks\n|c| DivogoJota|\\o\/\n|\n|t:|1697851998\n|switch|p1a: Scary Feet!|Ursaluna-Bloodmoon, M|68\/100 frz\n|move|p2a: Corviknight|Body Press|p1a: Scary Feet!\n|-supereffective|p1a: Scary Feet!\n|-damage|p1a: Scary Feet!|32\/100 frz\n|\n|-heal|p2a: Corviknight|96\/100|[from] item: Leftovers\n|upkeep\n|turn|27\n|c| LOLWhale|Oh this is frozen\n|c| LOLWhale|oh dear\n|c| DivogoJota|ye\n|l| LOLWhale\n|c| DivogoJota|10% (?) off ice punch\n|c| DivogoJota|Harry gave up loool\n|\n|t:|1697852123\n|switch|p1a: Geologist|Ogerpon-Cornerstone, F|100\/100\n|move|p2a: Corviknight|Body Press|p1a: Geologist\n|-supereffective|p1a: Geologist\n|-damage|p1a: Geologist|35\/100\n|\n|-heal|p2a: Corviknight|100\/100|[from] item: Leftovers\n|upkeep\n|turn|28\n|\n|t:|1697852136\n|move|p1a: Geologist|Spiky Shield|p1a: Geologist\n|-singleturn|p1a: Geologist|move: Protect\n|move|p2a: Corviknight|Body Press|p1a: Geologist\n|-activate|p1a: Geologist|move: Protect\n|-damage|p2a: Corviknight|88\/100|[from] Spiky Shield|[of] p1a: Geologist\n|\n|-heal|p2a: Corviknight|94\/100|[from] item: Leftovers\n|upkeep\n|turn|29\n|\n|t:|1697852147\n|move|p1a: Geologist|Ivy Cudgel|p2a: Corviknight\n|-damage|p2a: Corviknight|62\/100\n|move|p2a: Corviknight|Body Press|p1a: Geologist\n|-supereffective|p1a: Geologist\n|-damage|p1a: Geologist|0 fnt\n|faint|p1a: Geologist\n|\n|-heal|p2a: Corviknight|68\/100|[from] item: Leftovers\n|upkeep\n|\n|t:|1697852168\n|switch|p1a: Swiper|Sneasler, F|100\/100\n|turn|30\n|\n|t:|1697852176\n|move|p1a: Swiper|Screech|p2a: Corviknight\n|-ability|p2a: Corviknight|Mirror Armor\n|-unboost|p1a: Swiper|def|2\n|move|p2a: Corviknight|Tailwind|p2a: Corviknight\n|-sidestart|p2: ThatGuyAltro|move: Tailwind\n|\n|-heal|p2a: Corviknight|74\/100|[from] item: Leftovers\n|upkeep\n|turn|31\n|j| LOLWhale\n|c|\u2606iceberg149|omg\n|c| DivogoJota|wb Harry\n|\n|t:|1697852197\n|switch|p1a: A Slug -David 2023|Gastrodon-East, F|25\/100 brn\n|move|p2a: Corviknight|Body Press|p1a: A Slug -David 2023\n|-crit|p1a: A Slug -David 2023\n|-damage|p1a: A Slug -David 2023|0 fnt\n|faint|p1a: A Slug -David 2023\n|\n|-heal|p2a: Corviknight|80\/100|[from] item: Leftovers\n|upkeep\n|c|\u2606iceberg149|aaa ive fumbled this match\n|c| LOLWhale|Was paying for food and coffee\n|\n|t:|1697852225\n|switch|p1a: Scary Feet!|Ursaluna-Bloodmoon, M|32\/100 frz\n|turn|32\n|l| LOLWhale\n|\n|t:|1697852231\n|move|p2a: Corviknight|Body Press|p1a: Scary Feet!\n|-supereffective|p1a: Scary Feet!\n|-damage|p1a: Scary Feet!|0 fnt\n|faint|p1a: Scary Feet!\n|\n|-heal|p2a: Corviknight|86\/100|[from] item: Leftovers\n|upkeep\n|\n|t:|1697852235\n|switch|p1a: Swiper|Sneasler, F|100\/100\n|turn|33\n|\n|t:|1697852246\n|move|p1a: Swiper|Close Combat|p2a: Corviknight\n|-damage|p2a: Corviknight|52\/100\n|-unboost|p1a: Swiper|def|1\n|-unboost|p1a: Swiper|spd|1\n|move|p2a: Corviknight|Body Press|p1a: Swiper\n|-resisted|p1a: Swiper\n|-damage|p1a: Swiper|70\/100\n|\n|-heal|p2a: Corviknight|58\/100|[from] item: Leftovers\n|-sideend|p2: ThatGuyAltro|move: Tailwind\n|upkeep\n|turn|34\n|\n|t:|1697852273\n|move|p1a: Swiper|Acrobatics|p2a: Corviknight\n|-resisted|p2a: Corviknight\n|-damage|p2a: Corviknight|52\/100\n|move|p2a: Corviknight|U-turn|p1a: Swiper\n|-resisted|p1a: Swiper\n|-damage|p1a: Swiper|61\/100\n|\n|t:|1697852284\n|switch|p2a: Slither Wing|Slither Wing, shiny|73\/100|[from] U-turn\n|\n|upkeep\n|turn|35\n|j| justinrockin\n|\n|t:|1697852306\n|move|p1a: Swiper|Acrobatics|p2a: Slither Wing\n|-supereffective|p2a: Slither Wing\n|-damage|p2a: Slither Wing|0 fnt\n|faint|p2a: Slither Wing\n|-end|p2a: Slither Wing|Protosynthesis|[silent]\n|\n|upkeep\n|c| DivogoJota|it\u2019s okay\n|\n|t:|1697852318\n|switch|p2a: Munkidori|Munkidori, M|100\/100\n|turn|36\n|\n|t:|1697852337\n|move|p2a: Munkidori|Fake Out|p1a: Swiper\n|-damage|p1a: Swiper|47\/100\n|cant|p1a: Swiper|flinch\n|\n|upkeep\n|turn|37\n|c| DivogoJota|Larry gave you a mon so it wouldn\u2019t be a 6-0\n|\n|t:|1697852345\n|move|p1a: Swiper|Dire Claw|p2a: Munkidori\n|-resisted|p2a: Munkidori\n|-damage|p2a: Munkidori|70\/100\n|move|p2a: Munkidori|Psychic|p1a: Swiper\n|-supereffective|p1a: Swiper\n|-damage|p1a: Swiper|0 fnt\n|faint|p1a: Swiper\n|\n|win|ThatGuyAltro\n|c| DivogoJota|gg\n|c|\u2606iceberg149|gg\n|c|\u2606ThatGuyAltro|gg\n|c| KaoVT|i have no words\n|c| KaoVT|gg\n|c| DivogoJota|The first instance in which Mirror Armor has worked in recorded history\n","uploadtime":1697852370,"views":36,"p1id":"iceberg149","p2id":"thatguyaltro","formatid":"gen9ubers","rating":0,"private":0,"password":""}