{"id":"gen9ubers-1976029383","p1":"Snaxi","p2":"Halil66","format":"[Gen 9] Ubers","log":"|j|\u2606Snaxi\n|j|\u2606Halil66\n|t:|1698257821\n|gametype|singles\n|player|p1|Snaxi|heroine2-conquest|1127\n|player|p2|Halil66|brock|1184\n|teamsize|p1|6\n|teamsize|p2|6\n|gen|9\n|tier|[Gen 9] Ubers\n|rated|\n|rule|Sleep Clause Mod: Limit one foe put to sleep\n|rule|Species Clause: Limit one of each Pok\u00e9mon\n|rule|OHKO Clause: OHKO moves are banned\n|rule|Evasion Items Clause: Evasion items are banned\n|rule|Evasion Moves Clause: Evasion moves are banned\n|rule|Endless Battle Clause: Forcing endless battles is banned\n|rule|HP Percentage Mod: HP is shown in percentages\n|clearpoke\n|poke|p1|Koraidon|\n|poke|p1|Walking Wake|\n|poke|p1|Ting-Lu|\n|poke|p1|Toxapex, M|\n|poke|p1|Arceus-Fairy|\n|poke|p1|Corviknight, F|\n|poke|p2|Ursaluna-Bloodmoon, M|\n|poke|p2|Darkrai|\n|poke|p2|Mewtwo|\n|poke|p2|Rayquaza|\n|poke|p2|Groudon|\n|poke|p2|Giratina-Origin|\n|teampreview\n|inactive|Battle timer is ON: inactive players will automatically lose when time's up. (requested by Snaxi)\n|\n|t:|1698257842\n|start\n|switch|p1a: Koraidon|Koraidon|100\/100\n|switch|p2a: Rayquaza|Rayquaza|100\/100\n|-weather|SunnyDay|[from] ability: Orichalcum Pulse|[of] p1a: Koraidon\n|-activate|p1a: Koraidon|Orichalcum Pulse|[source]\n|-ability|p2a: Rayquaza|Air Lock\n|turn|1\n|\n|t:|1698257857\n|move|p1a: Koraidon|U-turn|p2a: Rayquaza\n|-resisted|p2a: Rayquaza\n|-crit|p2a: Rayquaza\n|-damage|p2a: Rayquaza|80\/100\n|\n|t:|1698257865\n|switch|p1a: Arceus|Arceus-Fairy|100\/100|[from] U-turn\n|move|p2a: Rayquaza|Dragon Ascent|p1a: Arceus\n|-damage|p1a: Arceus|44\/100\n|-unboost|p2a: Rayquaza|def|1\n|-unboost|p2a: Rayquaza|spd|1\n|-damage|p2a: Rayquaza|70\/100|[from] item: Life Orb\n|\n|-weather|SunnyDay|[upkeep]\n|upkeep\n|turn|2\n|inactive|Halil66 has 120 seconds left.\n|\n|t:|1698257903\n|switch|p2a: Ursaluna|Ursaluna-Bloodmoon, M|100\/100\n|move|p1a: Arceus|Judgment|p2a: Ursaluna\n|-damage|p2a: Ursaluna|67\/100\n|\n|-weather|SunnyDay|[upkeep]\n|upkeep\n|turn|3\n|inactive|Halil66 has 120 seconds left.\n|inactive|Snaxi has 120 seconds left.\n|\n|t:|1698257943\n|move|p1a: Arceus|Recover|p1a: Arceus\n|-heal|p1a: Arceus|94\/100\n|move|p2a: Ursaluna|Blood Moon|p1a: Arceus\n|-damage|p1a: Arceus|36\/100\n|\n|-weather|SunnyDay|[upkeep]\n|upkeep\n|turn|4\n|\n|t:|1698257959\n|move|p1a: Arceus|Recover|p1a: Arceus\n|-heal|p1a: Arceus|86\/100\n|move|p2a: Ursaluna|Earth Power|p1a: Arceus\n|-damage|p1a: Arceus|50\/100\n|\n|-weather|SunnyDay|[upkeep]\n|upkeep\n|turn|5\n|\n|t:|1698257968\n|move|p1a: Arceus|Recover|p1a: Arceus\n|-heal|p1a: Arceus|99\/100\n|move|p2a: Ursaluna|Blood Moon|p1a: Arceus\n|-damage|p1a: Arceus|47\/100\n|\n|-weather|none\n|upkeep\n|turn|6\n|inactive|Snaxi has 120 seconds left.\n|\n|t:|1698257979\n|switch|p1a: Corviknight|Corviknight, F|100\/100\n|-ability|p1a: Corviknight|Pressure\n|move|p2a: Ursaluna|Earth Power|p1a: Corviknight\n|-immune|p1a: Corviknight\n|\n|upkeep\n|turn|7\n|inactive|Halil66 has 120 seconds left.\n|\n|t:|1698258005\n|switch|p2a: Giratina|Giratina-Origin|100\/100\n|move|p1a: Corviknight|Body Press|p2a: Giratina\n|-immune|p2a: Giratina\n|\n|upkeep\n|turn|8\n|inactive|Snaxi has 120 seconds left.\n|\n|t:|1698258027\n|move|p2a: Giratina|Outrage|p1a: Corviknight\n|-resisted|p1a: Corviknight\n|-damage|p1a: Corviknight|74\/100\n|move|p1a: Corviknight|U-turn|p2a: Giratina\n|-resisted|p2a: Giratina\n|-damage|p2a: Giratina|96\/100\n|\n|t:|1698258032\n|switch|p1a: Arceus|Arceus-Fairy|47\/100|[from] U-turn\n|\n|upkeep\n|turn|9\n|\n|t:|1698258039\n|move|p1a: Arceus|Stealth Rock|p2a: Giratina\n|-sidestart|p2: Halil66|move: Stealth Rock\n|move|p2a: Giratina|Outrage|p1a: Arceus|[from]lockedmove\n|-immune|p1a: Arceus\n|\n|upkeep\n|turn|10\n|\n|t:|1698258056\n|-terastallize|p2a: Giratina|Ghost\n|move|p1a: Arceus|Recover|p1a: Arceus\n|-heal|p1a: Arceus|97\/100\n|move|p2a: Giratina|Iron Head|p1a: Arceus\n|-supereffective|p1a: Arceus\n|-damage|p1a: Arceus|66\/100\n|\n|upkeep\n|turn|11\n|\n|t:|1698258074\n|move|p1a: Arceus|Will-O-Wisp|p2a: Giratina|[miss]\n|-miss|p1a: Arceus|p2a: Giratina\n|move|p2a: Giratina|Shadow Force||[still]\n|-prepare|p2a: Giratina|Shadow Force\n|\n|upkeep\n|turn|12\n|\n|t:|1698258091\n|move|p1a: Arceus|Recover|p1a: Arceus\n|-heal|p1a: Arceus|100\/100\n|move|p2a: Giratina|Shadow Force|p1a: Arceus|[from]lockedmove\n|-damage|p1a: Arceus|45\/100\n|\n|upkeep\n|turn|13\n|\n|t:|1698258102\n|move|p1a: Arceus|Will-O-Wisp|p2a: Giratina\n|-status|p2a: Giratina|brn\n|move|p2a: Giratina|Shadow Force||[still]\n|-prepare|p2a: Giratina|Shadow Force\n|\n|-damage|p2a: Giratina|89\/100 brn|[from] brn\n|upkeep\n|turn|14\n|\n|t:|1698258110\n|move|p1a: Arceus|Recover|p1a: Arceus\n|-heal|p1a: Arceus|95\/100\n|move|p2a: Giratina|Shadow Force|p1a: Arceus|[from]lockedmove\n|-damage|p1a: Arceus|67\/100\n|\n|-damage|p2a: Giratina|83\/100 brn|[from] brn\n|upkeep\n|turn|15\n|inactive|Halil66 has 90 seconds left.\n|\n|t:|1698258136\n|switch|p1a: Ting-Lu|Ting-Lu|100\/100\n|-ability|p1a: Ting-Lu|Vessel of Ruin\n|switch|p2a: Ursaluna|Ursaluna-Bloodmoon, M|67\/100\n|-damage|p2a: Ursaluna|61\/100|[from] Stealth Rock\n|\n|upkeep\n|turn|16\n|inactive|Halil66 has 90 seconds left.\n|\n|t:|1698258154\n|switch|p1a: Corviknight|Corviknight, F|74\/100\n|-ability|p1a: Corviknight|Pressure\n|move|p2a: Ursaluna|Moonblast|p1a: Corviknight\n|-resisted|p1a: Corviknight\n|-damage|p1a: Corviknight|57\/100\n|\n|-heal|p1a: Corviknight|63\/100|[from] item: Leftovers\n|upkeep\n|turn|17\n|inactive|Halil66 has 90 seconds left.\n|\n|t:|1698258174\n|switch|p2a: Giratina|Giratina-Origin, tera:Ghost|83\/100 brn\n|-damage|p2a: Giratina|71\/100 brn|[from] Stealth Rock\n|move|p1a: Corviknight|U-turn|p2a: Giratina\n|-resisted|p2a: Giratina\n|-damage|p2a: Giratina|66\/100 brn\n|\n|t:|1698258179\n|switch|p1a: Koraidon|Koraidon|100\/100|[from] U-turn\n|-weather|SunnyDay|[from] ability: Orichalcum Pulse|[of] p1a: Koraidon\n|-activate|p1a: Koraidon|Orichalcum Pulse|[source]\n|\n|-weather|SunnyDay|[upkeep]\n|-damage|p2a: Giratina|60\/100 brn|[from] brn\n|upkeep\n|turn|18\n|\n|t:|1698258195\n|move|p2a: Giratina|Shadow Sneak|p1a: Koraidon\n|-damage|p1a: Koraidon|83\/100\n|move|p1a: Koraidon|U-turn|p2a: Giratina\n|-resisted|p2a: Giratina\n|-damage|p2a: Giratina|49\/100 brn\n|\n|t:|1698258197\n|switch|p1a: Walking Wake|Walking Wake|100\/100|[from] U-turn\n|-activate|p1a: Walking Wake|ability: Protosynthesis\n|-start|p1a: Walking Wake|protosynthesisspe\n|\n|-weather|SunnyDay|[upkeep]\n|-damage|p2a: Giratina|43\/100 brn|[from] brn\n|upkeep\n|turn|19\n|inactive|Halil66 has 90 seconds left.\n|\n|t:|1698258208\n|-terastallize|p1a: Walking Wake|Water\n|move|p1a: Walking Wake|Hydro Steam|p2a: Giratina\n|-damage|p2a: Giratina|0 fnt\n|faint|p2a: Giratina\n|\n|-weather|SunnyDay|[upkeep]\n|upkeep\n|\n|t:|1698258221\n|switch|p2a: Mewtwo|Mewtwo, shiny|100\/100\n|-ability|p2a: Mewtwo|Unnerve\n|-damage|p2a: Mewtwo|88\/100|[from] Stealth Rock\n|turn|20\n|\n|t:|1698258236\n|move|p1a: Walking Wake|Hydro Steam|p2a: Mewtwo\n|-damage|p2a: Mewtwo|0 fnt\n|faint|p2a: Mewtwo\n|\n|-weather|SunnyDay|[upkeep]\n|upkeep\n|\n|t:|1698258249\n|switch|p2a: Rayquaza|Rayquaza|70\/100\n|-damage|p2a: Rayquaza|45\/100|[from] Stealth Rock\n|-ability|p2a: Rayquaza|Air Lock\n|-end|p1a: Walking Wake|Protosynthesis\n|turn|21\n|\n|t:|1698258257\n|move|p1a: Walking Wake|Hydro Steam|p2a: Rayquaza\n|-resisted|p2a: Rayquaza\n|-damage|p2a: Rayquaza|2\/100\n|move|p2a: Rayquaza|Dragon Claw|p1a: Walking Wake\n|-damage|p1a: Walking Wake|25\/100\n|-damage|p2a: Rayquaza|0 fnt|[from] item: Life Orb\n|faint|p2a: Rayquaza\n|\n|-weather|none\n|upkeep\n|\n|t:|1698258276\n|switch|p2a: Darkrai|Darkrai|100\/100\n|-damage|p2a: Darkrai|88\/100|[from] Stealth Rock\n|turn|22\n|\n|t:|1698258285\n|-end|p1a: Walking Wake|Protosynthesis|[silent]\n|switch|p1a: Ting-Lu|Ting-Lu|100\/100\n|-ability|p1a: Ting-Lu|Vessel of Ruin\n|move|p2a: Darkrai|Dark Pulse|p1a: Ting-Lu\n|-resisted|p1a: Ting-Lu\n|-damage|p1a: Ting-Lu|91\/100\n|\n|-heal|p1a: Ting-Lu|97\/100|[from] item: Leftovers\n|upkeep\n|turn|23\n|\n|t:|1698258299\n|move|p2a: Darkrai|Focus Blast|p1a: Ting-Lu\n|-supereffective|p1a: Ting-Lu\n|-crit|p1a: Ting-Lu\n|-damage|p1a: Ting-Lu|47\/100\n|move|p1a: Ting-Lu|Spikes|p2a: Darkrai\n|-sidestart|p2: Halil66|Spikes\n|\n|-heal|p1a: Ting-Lu|53\/100|[from] item: Leftovers\n|upkeep\n|turn|24\n|inactive|Snaxi has 120 seconds left.\n|\n|t:|1698258355\n|move|p2a: Darkrai|Focus Blast|p1a: Ting-Lu\n|-supereffective|p1a: Ting-Lu\n|-damage|p1a: Ting-Lu|18\/100\n|move|p1a: Ting-Lu|Spikes|p2a: Darkrai\n|-sidestart|p2: Halil66|Spikes\n|\n|-heal|p1a: Ting-Lu|24\/100|[from] item: Leftovers\n|upkeep\n|turn|25\n|inactive|Halil66 has 90 seconds left.\n|inactive|Snaxi has 90 seconds left.\n|\n|t:|1698258370\n|switch|p1a: Arceus|Arceus-Fairy|67\/100\n|move|p2a: Darkrai|Focus Blast|p1a: Arceus\n|-resisted|p1a: Arceus\n|-damage|p1a: Arceus|54\/100\n|\n|upkeep\n|turn|26\n|inactive|Halil66 has 90 seconds left.\n|\n|t:|1698258382\n|move|p2a: Darkrai|Hypnosis|p1a: Arceus\n|-status|p1a: Arceus|slp|[from] move: Hypnosis\n|cant|p1a: Arceus|slp\n|\n|-damage|p1a: Arceus|41\/100 slp|[from] ability: Bad Dreams|[of] p2a: Darkrai\n|upkeep\n|turn|27\n|inactive|Halil66 has 90 seconds left.\n|\n|t:|1698258390\n|switch|p1a: Koraidon|Koraidon|83\/100\n|-weather|SunnyDay|[from] ability: Orichalcum Pulse|[of] p1a: Koraidon\n|-activate|p1a: Koraidon|Orichalcum Pulse|[source]\n|move|p2a: Darkrai|Thunder|p1a: Koraidon|[miss]\n|-miss|p2a: Darkrai|p1a: Koraidon\n|\n|-weather|SunnyDay|[upkeep]\n|upkeep\n|turn|28\n|inactive|Halil66 has 90 seconds left.\n|\n|t:|1698258408\n|switch|p2a: Groudon|Groudon|100\/100\n|-damage|p2a: Groudon|94\/100|[from] Stealth Rock\n|-damage|p2a: Groudon|78\/100|[from] Spikes\n|move|p1a: Koraidon|Collision Course|p2a: Groudon\n|-damage|p2a: Groudon|36\/100\n|\n|-weather|SunnyDay|[upkeep]\n|upkeep\n|turn|29\n|c|\u2606Snaxi|gg\n|inactive|Halil66 has 90 seconds left.\n|\n|t:|1698258430\n|move|p1a: Koraidon|Collision Course|p2a: Groudon\n|-damage|p2a: Groudon|0 fnt\n|faint|p2a: Groudon\n|\n|-weather|SunnyDay|[upkeep]\n|upkeep\n|c|\u2606Halil66|Scared switcher\n|inactive|Halil66 has 60 seconds left.\n|\n|t:|1698258453\n|switch|p2a: Ursaluna|Ursaluna-Bloodmoon, M|61\/100\n|-damage|p2a: Ursaluna|55\/100|[from] Stealth Rock\n|-damage|p2a: Ursaluna|38\/100|[from] Spikes\n|turn|30\n|inactive|Halil66 has 60 seconds left.\n|c|\u2606Snaxi|?\n|\n|t:|1698258467\n|move|p1a: Koraidon|Collision Course|p2a: Ursaluna\n|-supereffective|p2a: Ursaluna\n|-damage|p2a: Ursaluna|0 fnt\n|faint|p2a: Ursaluna\n|\n|-weather|SunnyDay|[upkeep]\n|upkeep\n|c|\u2606Snaxi|me?\n|inactive|Halil66 has 60 seconds left.\n|\n|t:|1698258475\n|switch|p2a: Darkrai|Darkrai|88\/100\n|-damage|p2a: Darkrai|76\/100|[from] Stealth Rock\n|-damage|p2a: Darkrai|59\/100|[from] Spikes\n|turn|31\n|\n|t:|1698258483\n|move|p1a: Koraidon|Collision Course|p2a: Darkrai\n|-supereffective|p2a: Darkrai\n|-damage|p2a: Darkrai|0 fnt\n|faint|p2a: Darkrai\n|\n|win|Snaxi\n|raw|Snaxi's rating: 1127 &rarr; <strong>1156<\/strong><br \/>(+29 for winning)\n|raw|Halil66's rating: 1184 &rarr; <strong>1155<\/strong><br \/>(-29 for losing)\n|c|\u2606Halil66|Mom\n","uploadtime":1698258494,"views":8,"p1id":"snaxi","p2id":"halil66","formatid":"gen9ubers","rating":1155,"private":0,"password":""}