{"id":"gen9ubers-1984556057","p1":"galih2612","p2":"Sparkpi","format":"[Gen 9] Ubers","log":"|j|\u2606galih2612\n|j|\u2606Sparkpi\n|t:|1699279430\n|gametype|singles\n|player|p1|galih2612|1|\n|player|p2|Sparkpi|juggler|\n|teamsize|p1|6\n|teamsize|p2|6\n|gen|9\n|tier|[Gen 9] Ubers\n|rule|Sleep Clause Mod: Limit one foe put to sleep\n|rule|Species Clause: Limit one of each Pok\u00e9mon\n|rule|OHKO Clause: OHKO moves are banned\n|rule|Evasion Items Clause: Evasion items are banned\n|rule|Evasion Moves Clause: Evasion moves are banned\n|rule|Endless Battle Clause: Forcing endless battles is banned\n|rule|HP Percentage Mod: HP is shown in percentages\n|clearpoke\n|poke|p1|Clodsire, M|\n|poke|p1|Giratina-Origin|\n|poke|p1|Skeledirge, F|\n|poke|p1|Koraidon|\n|poke|p1|Kyogre|\n|poke|p1|Arceus-Fairy|\n|poke|p2|Basculegion, M|\n|poke|p2|Kyogre|\n|poke|p2|Arceus|\n|poke|p2|Pelipper, M|\n|poke|p2|Zacian-*|\n|poke|p2|Giratina|\n|teampreview\n|c|\u2606Sparkpi|Gl hf\n|c|\u2606galih2612|gl hf\n|\n|t:|1699279500\n|start\n|switch|p1a: Koraidon|Koraidon|100\/100\n|switch|p2a: Pelipper|Pelipper, M|100\/100\n|-weather|SunnyDay|[from] ability: Orichalcum Pulse|[of] p1a: Koraidon\n|-activate|p1a: Koraidon|Orichalcum Pulse|[source]\n|-weather|RainDance|[from] ability: Drizzle|[of] p2a: Pelipper\n|turn|1\n|\n|t:|1699279562\n|move|p1a: Koraidon|U-turn|p2a: Pelipper\n|-resisted|p2a: Pelipper\n|-damage|p2a: Pelipper|92\/100\n|inactive|Battle timer is ON: inactive players will automatically lose when time's up. (requested by Sparkpi)\n|\n|t:|1699279570\n|switch|p1a: Clodsire|Clodsire, M|100\/100|[from] U-turn\n|move|p2a: Pelipper|Knock Off|p1a: Clodsire\n|-damage|p1a: Clodsire|86\/100\n|-enditem|p1a: Clodsire|Leftovers|[from] move: Knock Off|[of] p2a: Pelipper\n|\n|-weather|RainDance|[upkeep]\n|upkeep\n|turn|2\n|\n|t:|1699279583\n|move|p2a: Pelipper|U-turn|p1a: Clodsire\n|-resisted|p1a: Clodsire\n|-damage|p1a: Clodsire|81\/100\n|\n|t:|1699279601\n|switch|p2a: Giratina|Giratina|100\/100|[from] U-turn\n|-ability|p2a: Giratina|Pressure\n|move|p1a: Clodsire|Spikes|p2a: Giratina\n|-sidestart|p2: Sparkpi|Spikes\n|\n|-weather|RainDance|[upkeep]\n|upkeep\n|turn|3\n|\n|t:|1699279630\n|move|p2a: Giratina|Will-O-Wisp|p1a: Clodsire\n|-status|p1a: Clodsire|brn\n|move|p1a: Clodsire|Toxic|p2a: Giratina\n|-status|p2a: Giratina|tox\n|\n|-weather|RainDance|[upkeep]\n|-damage|p2a: Giratina|94\/100 tox|[from] psn\n|-damage|p1a: Clodsire|74\/100 brn|[from] brn\n|upkeep\n|turn|4\n|inactive|galih2612 has 270 seconds left.\n|\n|t:|1699279649\n|switch|p1a: Arceus|Arceus-Fairy|100\/100\n|move|p2a: Giratina|Defog|p1a: Arceus\n|-unboost|p1a: Arceus|evasion|1\n|-sideend|p2: Sparkpi|Spikes|[from] move: Defog|[of] p2a: Giratina\n|\n|-weather|RainDance|[upkeep]\n|-heal|p2a: Giratina|100\/100 tox|[from] item: Leftovers\n|-damage|p2a: Giratina|88\/100 tox|[from] psn\n|upkeep\n|turn|5\n|inactive|galih2612 has 270 seconds left.\n|inactive|Sparkpi has 270 seconds left.\n|\n|t:|1699279677\n|move|p1a: Arceus|Calm Mind|p1a: Arceus\n|-boost|p1a: Arceus|spa|1\n|-boost|p1a: Arceus|spd|1\n|move|p2a: Giratina|Will-O-Wisp|p1a: Arceus\n|-status|p1a: Arceus|brn\n|\n|-weather|RainDance|[upkeep]\n|-heal|p2a: Giratina|94\/100 tox|[from] item: Leftovers\n|-damage|p2a: Giratina|76\/100 tox|[from] psn\n|-damage|p1a: Arceus|94\/100 brn|[from] brn\n|upkeep\n|turn|6\n|inactive|Sparkpi has 270 seconds left.\n|\n|t:|1699279695\n|switch|p2a: Zacian|Zacian-Crowned|100\/100\n|-ability|p2a: Zacian|Intrepid Sword|boost\n|-boost|p2a: Zacian|atk|1\n|move|p1a: Arceus|Judgment|p2a: Zacian\n|-resisted|p2a: Zacian\n|-damage|p2a: Zacian|69\/100\n|\n|-weather|RainDance|[upkeep]\n|-damage|p1a: Arceus|88\/100 brn|[from] brn\n|upkeep\n|turn|7\n|inactive|galih2612 has 270 seconds left.\n|\n|t:|1699279712\n|switch|p1a: Skeledirge|Skeledirge, F|100\/100\n|move|p2a: Zacian|Trailblaze|p1a: Skeledirge\n|-resisted|p1a: Skeledirge\n|-damage|p1a: Skeledirge|95\/100\n|-boost|p2a: Zacian|spe|1\n|\n|-weather|RainDance|[upkeep]\n|upkeep\n|turn|8\n|inactive|galih2612 has 270 seconds left.\n|\n|t:|1699279727\n|switch|p2a: Giratina|Giratina|76\/100 tox\n|-ability|p2a: Giratina|Pressure\n|move|p1a: Skeledirge|Will-O-Wisp|p2a: Giratina|[miss]\n|-miss|p1a: Skeledirge|p2a: Giratina\n|\n|-weather|none\n|-heal|p2a: Giratina|82\/100 tox|[from] item: Leftovers\n|-damage|p2a: Giratina|76\/100 tox|[from] psn\n|upkeep\n|turn|9\n|\n|t:|1699279736\n|switch|p1a: Clodsire|Clodsire, M|74\/100 brn\n|move|p2a: Giratina|Dragon Tail|p1a: Clodsire\n|-damage|p1a: Clodsire|50\/100 brn\n|drag|p1a: Giratina|Giratina-Origin|100\/100\n|\n|-heal|p2a: Giratina|82\/100 tox|[from] item: Leftovers\n|-damage|p2a: Giratina|70\/100 tox|[from] psn\n|upkeep\n|turn|10\n|\n|t:|1699279748\n|switch|p1a: Clodsire|Clodsire, M|50\/100 brn\n|move|p2a: Giratina|Will-O-Wisp|p1a: Clodsire\n|-fail|p1a: Clodsire|brn\n|\n|-heal|p2a: Giratina|76\/100 tox|[from] item: Leftovers\n|-damage|p2a: Giratina|57\/100 tox|[from] psn\n|-damage|p1a: Clodsire|43\/100 brn|[from] brn\n|upkeep\n|turn|11\n|\n|t:|1699279755\n|move|p2a: Giratina|Rest|p2a: Giratina\n|-status|p2a: Giratina|slp|[from] move: Rest\n|-heal|p2a: Giratina|100\/100 slp|[silent]\n|move|p1a: Clodsire|Recover|p1a: Clodsire\n|-heal|p1a: Clodsire|93\/100 brn\n|\n|-damage|p1a: Clodsire|87\/100 brn|[from] brn\n|upkeep\n|turn|12\n|inactive|Sparkpi has 270 seconds left.\n|\n|t:|1699279786\n|switch|p2a: Kyogre|Kyogre|100\/100\n|-weather|RainDance|[from] ability: Drizzle|[of] p2a: Kyogre\n|switch|p1a: Skeledirge|Skeledirge, F|95\/100\n|\n|-weather|RainDance|[upkeep]\n|upkeep\n|turn|13\n|\n|t:|1699279804\n|switch|p1a: Clodsire|Clodsire, M|87\/100 brn\n|move|p2a: Kyogre|Water Spout|p1a: Clodsire\n|-heal|p1a: Clodsire|100\/100 brn|[from] ability: Water Absorb|[of] p2a: Kyogre\n|\n|-weather|RainDance|[upkeep]\n|-damage|p1a: Clodsire|94\/100 brn|[from] brn\n|upkeep\n|turn|14\n|\n|t:|1699279812\n|switch|p2a: Giratina|Giratina|100\/100 slp\n|-ability|p2a: Giratina|Pressure\n|move|p1a: Clodsire|Spikes|p2a: Giratina\n|-sidestart|p2: Sparkpi|Spikes\n|\n|-weather|RainDance|[upkeep]\n|-damage|p1a: Clodsire|88\/100 brn|[from] brn\n|upkeep\n|turn|15\n|\n|t:|1699279820\n|switch|p1a: Skeledirge|Skeledirge, F|95\/100\n|cant|p2a: Giratina|slp\n|\n|-weather|RainDance|[upkeep]\n|upkeep\n|turn|16\n|\n|t:|1699279825\n|cant|p2a: Giratina|slp\n|move|p1a: Skeledirge|Hex|p2a: Giratina\n|-supereffective|p2a: Giratina\n|-damage|p2a: Giratina|60\/100 slp\n|\n|-weather|none\n|-heal|p2a: Giratina|66\/100 slp|[from] item: Leftovers\n|upkeep\n|turn|17\n|\n|t:|1699279836\n|move|p1a: Skeledirge|Hex|p2a: Giratina\n|-supereffective|p2a: Giratina\n|-damage|p2a: Giratina|25\/100 slp\n|-curestatus|p2a: Giratina|slp|[msg]\n|move|p2a: Giratina|Dragon Tail|p1a: Skeledirge\n|-damage|p1a: Skeledirge|82\/100\n|drag|p1a: Kyogre|Kyogre|100\/100\n|-weather|RainDance|[from] ability: Drizzle|[of] p1a: Kyogre\n|\n|-weather|RainDance|[upkeep]\n|-heal|p2a: Giratina|31\/100|[from] item: Leftovers\n|upkeep\n|turn|18\n|inactive|Sparkpi has 270 seconds left.\n|\n|t:|1699279862\n|move|p1a: Kyogre|Water Spout|p2a: Giratina\n|-resisted|p2a: Giratina\n|-damage|p2a: Giratina|0 fnt\n|faint|p2a: Giratina\n|\n|-weather|RainDance|[upkeep]\n|upkeep\n|\n|t:|1699279872\n|switch|p2a: Kyogre|Kyogre|100\/100\n|-damage|p2a: Kyogre|88\/100|[from] Spikes\n|turn|19\n|\n|t:|1699279881\n|switch|p1a: Clodsire|Clodsire, M|88\/100 brn\n|move|p2a: Kyogre|Ice Beam|p1a: Clodsire\n|-supereffective|p1a: Clodsire\n|-damage|p1a: Clodsire|53\/100 brn\n|\n|-weather|RainDance|[upkeep]\n|-damage|p1a: Clodsire|46\/100 brn|[from] brn\n|upkeep\n|turn|20\n|inactive|Sparkpi has 270 seconds left.\n|\n|t:|1699279896\n|switch|p2a: Pelipper|Pelipper, M|92\/100\n|move|p1a: Clodsire|Recover|p1a: Clodsire\n|-heal|p1a: Clodsire|96\/100 brn\n|\n|-weather|RainDance|[upkeep]\n|-damage|p1a: Clodsire|90\/100 brn|[from] brn\n|upkeep\n|turn|21\n|inactive|Sparkpi has 270 seconds left.\n|inactive|Sparkpi has 240 seconds left.\n|\n|t:|1699279939\n|move|p2a: Pelipper|U-turn|p1a: Clodsire\n|-resisted|p1a: Clodsire\n|-damage|p1a: Clodsire|85\/100 brn\n|\n|t:|1699279942\n|switch|p2a: Zacian|Zacian-Crowned|69\/100|[from] U-turn\n|-damage|p2a: Zacian|57\/100|[from] Spikes\n|move|p1a: Clodsire|Toxic|p2a: Zacian\n|-immune|p2a: Zacian\n|\n|-weather|none\n|-damage|p1a: Clodsire|79\/100 brn|[from] brn\n|upkeep\n|turn|22\n|inactive|Sparkpi has 240 seconds left.\n|\n|t:|1699279957\n|switch|p2a: Pelipper|Pelipper, M|92\/100\n|-weather|RainDance|[from] ability: Drizzle|[of] p2a: Pelipper\n|switch|p1a: Skeledirge|Skeledirge, F|82\/100\n|\n|-weather|RainDance|[upkeep]\n|upkeep\n|turn|23\n|inactive|Sparkpi has 240 seconds left.\n|\n|t:|1699279980\n|switch|p1a: Clodsire|Clodsire, M|79\/100 brn\n|move|p2a: Pelipper|U-turn|p1a: Clodsire\n|-resisted|p1a: Clodsire\n|-damage|p1a: Clodsire|74\/100 brn\n|inactive|Sparkpi has 240 seconds left.\n|inactive|Sparkpi has 210 seconds left.\n|inactive|Sparkpi has 180 seconds left.\n|c|\u2606Sparkpi|Brb in a min\n|c|\u2606galih2612|ok\n|inactiveoff|Battle timer is now OFF.\n|c|\u2606Sparkpi|Thx for waiting\n|inactive|Battle timer is ON: inactive players will automatically lose when time's up. (requested by Sparkpi)\n|\n|t:|1699280154\n|switch|p2a: Kyogre|Kyogre|88\/100|[from] U-turn\n|-damage|p2a: Kyogre|76\/100|[from] Spikes\n|\n|-weather|RainDance|[upkeep]\n|-damage|p1a: Clodsire|68\/100 brn|[from] brn\n|upkeep\n|turn|24\n|\n|t:|1699280166\n|move|p2a: Kyogre|Ice Beam|p1a: Clodsire\n|-supereffective|p1a: Clodsire\n|-damage|p1a: Clodsire|33\/100 brn\n|move|p1a: Clodsire|Recover|p1a: Clodsire\n|-heal|p1a: Clodsire|83\/100 brn\n|\n|-weather|RainDance|[upkeep]\n|-damage|p1a: Clodsire|77\/100 brn|[from] brn\n|upkeep\n|turn|25\n|inactive|Sparkpi has 180 seconds left.\n|inactive|galih2612 has 270 seconds left.\n|inactive|Sparkpi has 150 seconds left.\n|\n|t:|1699280205\n|move|p2a: Kyogre|Ice Beam|p1a: Clodsire\n|-supereffective|p1a: Clodsire\n|-damage|p1a: Clodsire|43\/100 brn\n|move|p1a: Clodsire|Recover|p1a: Clodsire\n|-heal|p1a: Clodsire|93\/100 brn\n|\n|-weather|RainDance|[upkeep]\n|-damage|p1a: Clodsire|87\/100 brn|[from] brn\n|upkeep\n|turn|26\n|inactive|Sparkpi has 150 seconds left.\n|\n|t:|1699280222\n|switch|p2a: Pelipper|Pelipper, M|92\/100\n|move|p1a: Clodsire|Toxic|p2a: Pelipper\n|-status|p2a: Pelipper|tox\n|\n|-weather|RainDance|[upkeep]\n|-damage|p2a: Pelipper|85\/100 tox|[from] psn\n|-damage|p1a: Clodsire|81\/100 brn|[from] brn\n|upkeep\n|turn|27\n|inactive|Sparkpi has 150 seconds left.\n|\n|t:|1699280231\n|move|p2a: Pelipper|Hurricane|p1a: Clodsire\n|-damage|p1a: Clodsire|61\/100 brn\n|move|p1a: Clodsire|Spikes|p2a: Pelipper\n|-sidestart|p2: Sparkpi|Spikes\n|\n|-weather|RainDance|[upkeep]\n|-damage|p2a: Pelipper|73\/100 tox|[from] psn\n|-damage|p1a: Clodsire|55\/100 brn|[from] brn\n|upkeep\n|turn|28\n|\n|t:|1699280239\n|move|p2a: Pelipper|Hurricane|p1a: Clodsire\n|-damage|p1a: Clodsire|36\/100 brn\n|move|p1a: Clodsire|Recover|p1a: Clodsire\n|-heal|p1a: Clodsire|86\/100 brn\n|\n|-weather|RainDance|[upkeep]\n|-damage|p2a: Pelipper|55\/100 tox|[from] psn\n|-damage|p1a: Clodsire|80\/100 brn|[from] brn\n|upkeep\n|turn|29\n|\n|t:|1699280264\n|switch|p1a: Giratina|Giratina-Origin|100\/100\n|move|p2a: Pelipper|U-turn|p1a: Giratina\n|-resisted|p1a: Giratina\n|-damage|p1a: Giratina|98\/100\n|inactive|Sparkpi has 150 seconds left.\n|\n|t:|1699280302\n|switch|p2a: Arceus|Arceus|100\/100|[from] U-turn\n|-damage|p2a: Arceus|84\/100|[from] Spikes\n|\n|-weather|none\n|-heal|p2a: Arceus|90\/100|[from] item: Leftovers\n|upkeep\n|turn|30\n|\n|t:|1699280307\n|move|p2a: Arceus|Swords Dance|p2a: Arceus\n|-boost|p2a: Arceus|atk|2\n|move|p1a: Giratina|Dragon Tail|p2a: Arceus\n|-damage|p2a: Arceus|69\/100\n|drag|p2a: Zacian|Zacian-Crowned|57\/100\n|-damage|p2a: Zacian|40\/100|[from] Spikes\n|\n|upkeep\n|turn|31\n|\n|t:|1699280323\n|switch|p1a: Skeledirge|Skeledirge, F|82\/100\n|move|p2a: Zacian|Play Rough|p1a: Skeledirge\n|-resisted|p1a: Skeledirge\n|-damage|p1a: Skeledirge|68\/100\n|-unboost|p1a: Skeledirge|atk|1\n|\n|upkeep\n|turn|32\n|\n|t:|1699280339\n|switch|p2a: Pelipper|Pelipper, M|55\/100 tox\n|-weather|RainDance|[from] ability: Drizzle|[of] p2a: Pelipper\n|move|p1a: Skeledirge|Slack Off|p1a: Skeledirge\n|-heal|p1a: Skeledirge|100\/100\n|\n|-weather|RainDance|[upkeep]\n|-damage|p2a: Pelipper|48\/100 tox|[from] psn\n|upkeep\n|turn|33\n|\n|t:|1699280352\n|switch|p1a: Giratina|Giratina-Origin|98\/100\n|move|p2a: Pelipper|Knock Off|p1a: Giratina\n|-supereffective|p1a: Giratina\n|-damage|p1a: Giratina|88\/100\n|\n|-weather|RainDance|[upkeep]\n|-damage|p2a: Pelipper|36\/100 tox|[from] psn\n|upkeep\n|turn|34\n|\n|t:|1699280367\n|switch|p2a: Zacian|Zacian-Crowned|40\/100\n|-damage|p2a: Zacian|24\/100|[from] Spikes\n|move|p1a: Giratina|Dragon Tail|p2a: Zacian\n|-immune|p2a: Zacian\n|\n|-weather|RainDance|[upkeep]\n|upkeep\n|turn|35\n|\n|t:|1699280374\n|switch|p1a: Skeledirge|Skeledirge, F|100\/100\n|move|p2a: Zacian|Behemoth Blade|p1a: Skeledirge\n|-resisted|p1a: Skeledirge\n|-damage|p1a: Skeledirge|82\/100\n|\n|-weather|RainDance|[upkeep]\n|upkeep\n|turn|36\n|\n|t:|1699280397\n|switch|p2a: Kyogre|Kyogre|76\/100\n|-damage|p2a: Kyogre|59\/100|[from] Spikes\n|move|p1a: Skeledirge|Hex|p2a: Kyogre\n|-damage|p2a: Kyogre|39\/100\n|\n|-weather|RainDance|[upkeep]\n|upkeep\n|turn|37\n|\n|t:|1699280412\n|switch|p1a: Clodsire|Clodsire, M|80\/100 brn\n|move|p2a: Kyogre|Ice Beam|p1a: Clodsire\n|-supereffective|p1a: Clodsire\n|-damage|p1a: Clodsire|44\/100 brn\n|\n|-weather|RainDance|[upkeep]\n|-damage|p1a: Clodsire|38\/100 brn|[from] brn\n|upkeep\n|turn|38\n|inactive|Sparkpi has 120 seconds left.\n|\n|t:|1699280439\n|switch|p1a: Kyogre|Kyogre|100\/100\n|move|p2a: Kyogre|Ice Beam|p1a: Kyogre\n|-resisted|p1a: Kyogre\n|-damage|p1a: Kyogre|87\/100\n|\n|-weather|RainDance|[upkeep]\n|upkeep\n|turn|39\n|inactive|Sparkpi has 120 seconds left.\n|\n|t:|1699280456\n|switch|p2a: Pelipper|Pelipper, M|36\/100 tox\n|move|p1a: Kyogre|Thunder|p2a: Pelipper\n|-supereffective|p2a: Pelipper\n|-damage|p2a: Pelipper|0 fnt\n|faint|p2a: Pelipper\n|\n|-weather|none\n|upkeep\n|\n|t:|1699280477\n|switch|p2a: Zacian|Zacian-Crowned|24\/100\n|-damage|p2a: Zacian|7\/100|[from] Spikes\n|turn|40\n|\n|t:|1699280486\n|switch|p1a: Skeledirge|Skeledirge, F|82\/100\n|move|p2a: Zacian|Trailblaze|p1a: Skeledirge\n|-resisted|p1a: Skeledirge\n|-damage|p1a: Skeledirge|76\/100\n|-boost|p2a: Zacian|spe|1\n|\n|upkeep\n|turn|41\n|\n|t:|1699280497\n|move|p2a: Zacian|Behemoth Blade|p1a: Skeledirge\n|-resisted|p1a: Skeledirge\n|-damage|p1a: Skeledirge|59\/100\n|move|p1a: Skeledirge|Slack Off|p1a: Skeledirge\n|-heal|p1a: Skeledirge|100\/100\n|\n|upkeep\n|turn|42\n|inactive|Sparkpi has 120 seconds left.\n|\n|t:|1699280518\n|move|p2a: Zacian|Behemoth Blade|p1a: Skeledirge\n|-resisted|p1a: Skeledirge\n|-damage|p1a: Skeledirge|83\/100\n|move|p1a: Skeledirge|Torch Song|p2a: Zacian\n|-supereffective|p2a: Zacian\n|-damage|p2a: Zacian|0 fnt\n|-boost|p1a: Skeledirge|spa|1\n|faint|p2a: Zacian\n|\n|upkeep\n|\n|t:|1699280525\n|switch|p2a: Kyogre|Kyogre|39\/100\n|-damage|p2a: Kyogre|23\/100|[from] Spikes\n|-weather|RainDance|[from] ability: Drizzle|[of] p2a: Kyogre\n|turn|43\n|\n|t:|1699280536\n|switch|p1a: Clodsire|Clodsire, M|38\/100 brn\n|move|p2a: Kyogre|Thunder|p1a: Clodsire\n|-immune|p1a: Clodsire\n|\n|-weather|RainDance|[upkeep]\n|-damage|p1a: Clodsire|32\/100 brn|[from] brn\n|upkeep\n|turn|44\n|inactive|Sparkpi has 90 seconds left.\n|\n|t:|1699280573\n|switch|p2a: Arceus|Arceus|69\/100\n|-damage|p2a: Arceus|52\/100|[from] Spikes\n|move|p1a: Clodsire|Spikes|p2a: Arceus\n|-sidestart|p2: Sparkpi|Spikes\n|\n|-weather|RainDance|[upkeep]\n|-heal|p2a: Arceus|58\/100|[from] item: Leftovers\n|-damage|p1a: Clodsire|25\/100 brn|[from] brn\n|upkeep\n|turn|45\n|inactive|Sparkpi has 90 seconds left.\n|\n|t:|1699280590\n|move|p2a: Arceus|Shadow Claw|p1a: Clodsire\n|-damage|p1a: Clodsire|5\/100 brn\n|move|p1a: Clodsire|Toxic|p2a: Arceus\n|-status|p2a: Arceus|tox\n|\n|-weather|RainDance|[upkeep]\n|-heal|p2a: Arceus|64\/100 tox|[from] item: Leftovers\n|-damage|p2a: Arceus|58\/100 tox|[from] psn\n|-damage|p1a: Clodsire|0 fnt|[from] brn\n|faint|p1a: Clodsire\n|upkeep\n|\n|t:|1699280598\n|switch|p1a: Skeledirge|Skeledirge, F|83\/100\n|turn|46\n|inactive|Sparkpi has 90 seconds left.\n|\n|t:|1699280617\n|switch|p1a: Arceus|Arceus-Fairy|88\/100 brn\n|move|p2a: Arceus|Shadow Claw|p1a: Arceus\n|-damage|p1a: Arceus|79\/100 brn\n|\n|-weather|RainDance|[upkeep]\n|-heal|p2a: Arceus|64\/100 tox|[from] item: Leftovers\n|-damage|p2a: Arceus|52\/100 tox|[from] psn\n|-damage|p1a: Arceus|73\/100 brn|[from] brn\n|upkeep\n|turn|47\n|\n|t:|1699280629\n|move|p2a: Arceus|Swords Dance|p2a: Arceus\n|-boost|p2a: Arceus|atk|2\n|move|p1a: Arceus|Taunt|p2a: Arceus\n|-start|p2a: Arceus|move: Taunt\n|\n|-weather|none\n|-heal|p2a: Arceus|58\/100 tox|[from] item: Leftovers\n|-damage|p2a: Arceus|40\/100 tox|[from] psn\n|-damage|p1a: Arceus|66\/100 brn|[from] brn\n|upkeep\n|turn|48\n|inactive|Sparkpi has 90 seconds left.\n|\n|t:|1699280637\n|switch|p1a: Skeledirge|Skeledirge, F|83\/100\n|move|p2a: Arceus|Extreme Speed|p1a: Skeledirge\n|-immune|p1a: Skeledirge\n|\n|-heal|p2a: Arceus|46\/100 tox|[from] item: Leftovers\n|-damage|p2a: Arceus|22\/100 tox|[from] psn\n|upkeep\n|turn|49\n|\n|t:|1699280643\n|move|p2a: Arceus|Shadow Claw|p1a: Skeledirge\n|-supereffective|p1a: Skeledirge\n|-damage|p1a: Skeledirge|61\/100\n|move|p1a: Skeledirge|Slack Off|p1a: Skeledirge\n|-heal|p1a: Skeledirge|100\/100\n|\n|-heal|p2a: Arceus|28\/100 tox|[from] item: Leftovers\n|-damage|p2a: Arceus|0 fnt|[from] psn\n|faint|p2a: Arceus\n|upkeep\n|\n|t:|1699280655\n|switch|p2a: Basculegion|Basculegion, M, shiny|100\/100\n|-damage|p2a: Basculegion|76\/100|[from] Spikes\n|turn|50\n|\n|t:|1699280675\n|-terastallize|p2a: Basculegion|Ghost\n|move|p2a: Basculegion|Last Respects|p1a: Skeledirge\n|-supereffective|p1a: Skeledirge\n|-damage|p1a: Skeledirge|0 fnt\n|faint|p1a: Skeledirge\n|-damage|p2a: Basculegion|66\/100|[from] item: Life Orb\n|\n|upkeep\n|\n|t:|1699280683\n|switch|p1a: Arceus|Arceus-Fairy|66\/100 brn\n|turn|51\n|\n|t:|1699280689\n|switch|p2a: Kyogre|Kyogre|23\/100\n|-damage|p2a: Kyogre|0 fnt|[from] Spikes\n|faint|p2a: Kyogre\n|move|p1a: Arceus|Judgment|p2: Kyogre|[notarget]\n|-fail|p1a: Arceus\n|\n|-damage|p1a: Arceus|60\/100 brn|[from] brn\n|upkeep\n|c|\u2606galih2612|good game\n|\n|t:|1699280697\n|switch|p2a: Basculegion|Basculegion, M, shiny, tera:Ghost|66\/100\n|-damage|p2a: Basculegion|41\/100|[from] Spikes\n|turn|52\n|c|\u2606galih2612|game 2?\n|inactive|Sparkpi has 120 seconds left.\n|c|\u2606Sparkpi|Gg\n|c|\u2606Sparkpi|Lesgo\n|-message|Sparkpi forfeited.\n|\n|win|galih2612\n|l|\u2606Sparkpi\n","uploadtime":1699280714,"views":17,"p1id":"galih2612","p2id":"sparkpi","formatid":"gen9ubers","rating":0,"private":0,"password":""}