{"id":"gen9ubers-1978892213","p1":"Spezza39","p2":"GarvantularBicep","format":"[Gen 9] Ubers","log":"|j|\u2606Spezza39\n|j|\u2606GarvantularBicep\n|t:|1698607227\n|gametype|singles\n|player|p1|Spezza39|169|\n|player|p2|GarvantularBicep|170|\n|teamsize|p1|6\n|teamsize|p2|6\n|gen|9\n|tier|[Gen 9] Ubers\n|rule|Sleep Clause Mod: Limit one foe put to sleep\n|rule|Species Clause: Limit one of each Pok\u00e9mon\n|rule|OHKO Clause: OHKO moves are banned\n|rule|Evasion Items Clause: Evasion items are banned\n|rule|Evasion Moves Clause: Evasion moves are banned\n|rule|Endless Battle Clause: Forcing endless battles is banned\n|rule|HP Percentage Mod: HP is shown in percentages\n|clearpoke\n|poke|p1|Kingambit, F|\n|poke|p1|Hatterene, F|\n|poke|p1|Ting-Lu|\n|poke|p1|Baxcalibur, F|\n|poke|p1|Meowscarada, M|\n|poke|p1|Iron Bundle|\n|poke|p2|Greninja-*, M|\n|poke|p2|Hydreigon, M|\n|poke|p2|Iron Hands|\n|poke|p2|Dondozo, F|\n|poke|p2|Drednaw, M|\n|poke|p2|Jirachi|\n|teampreview\n|\n|t:|1698607254\n|start\n|switch|p1a: Hatterene|Hatterene, F|100\/100\n|switch|p2a: Jirachi|Jirachi|100\/100\n|turn|1\n|\n|t:|1698607270\n|move|p2a: Jirachi|Iron Head|p1a: Hatterene\n|-supereffective|p1a: Hatterene\n|-damage|p1a: Hatterene|42\/100\n|move|p1a: Hatterene|Light Screen|p1a: Hatterene\n|-sidestart|p1: Spezza39|move: Light Screen\n|\n|upkeep\n|turn|2\n|\n|t:|1698607297\n|switch|p1a: Ting-Lu|Ting-Lu|100\/100\n|-ability|p1a: Ting-Lu|Vessel of Ruin\n|move|p2a: Jirachi|Iron Head|p1a: Ting-Lu\n|-damage|p1a: Ting-Lu|89\/100\n|\n|-heal|p1a: Ting-Lu|95\/100|[from] item: Leftovers\n|upkeep\n|turn|3\n|\n|t:|1698607326\n|switch|p2a: Hydreigon|Hydreigon, M|100\/100\n|move|p1a: Ting-Lu|Stealth Rock|p2a: Hydreigon\n|-sidestart|p2: GarvantularBicep|move: Stealth Rock\n|\n|-heal|p1a: Ting-Lu|100\/100|[from] item: Leftovers\n|upkeep\n|turn|4\n|\n|t:|1698607353\n|move|p1a: Ting-Lu|Protect|p1a: Ting-Lu\n|-singleturn|p1a: Ting-Lu|Protect\n|move|p2a: Hydreigon|Dark Pulse|p1a: Ting-Lu\n|-activate|p1a: Ting-Lu|move: Protect\n|\n|upkeep\n|turn|5\n|\n|t:|1698607372\n|switch|p1a: Iron Bundle|Iron Bundle|100\/100\n|move|p2a: Hydreigon|Dark Pulse|p1a: Iron Bundle\n|-crit|p1a: Iron Bundle\n|-damage|p1a: Iron Bundle|0 fnt\n|faint|p1a: Iron Bundle\n|-end|p1a: Iron Bundle|Quark Drive|[silent]\n|\n|upkeep\n|\n|t:|1698607381\n|switch|p1a: Meowscarada|Meowscarada, M|100\/100\n|turn|6\n|\n|t:|1698607397\n|move|p2a: Hydreigon|Dark Pulse|p1a: Meowscarada\n|-resisted|p1a: Meowscarada\n|-crit|p1a: Meowscarada\n|-damage|p1a: Meowscarada|55\/100\n|move|p1a: Meowscarada|Toxic Spikes|p2a: Hydreigon\n|-start|p1a: Meowscarada|typechange|Poison|[from] ability: Protean\n|-sidestart|p2: GarvantularBicep|move: Toxic Spikes\n|\n|upkeep\n|turn|7\n|l|\u2606GarvantularBicep\n|player|p2|\n|j|\u2606GarvantularBicep\n|player|p2|GarvantularBicep|170\n|\n|t:|1698607463\n|switch|p2a: Jirachi|Jirachi|100\/100\n|-damage|p2a: Jirachi|94\/100|[from] Stealth Rock\n|move|p1a: Meowscarada|Toxic Spikes|p2a: Jirachi\n|-sidestart|p2: GarvantularBicep|move: Toxic Spikes\n|\n|-heal|p2a: Jirachi|100\/100|[from] item: Leftovers\n|upkeep\n|turn|8\n|\n|t:|1698607479\n|move|p1a: Meowscarada|Knock Off|p2a: Jirachi\n|-supereffective|p2a: Jirachi\n|-damage|p2a: Jirachi|45\/100\n|-enditem|p2a: Jirachi|Leftovers|[from] move: Knock Off|[of] p1a: Meowscarada\n|move|p2a: Jirachi|Iron Head|p1a: Meowscarada\n|-crit|p1a: Meowscarada\n|-damage|p1a: Meowscarada|0 fnt\n|faint|p1a: Meowscarada\n|\n|-sideend|p1: Spezza39|move: Light Screen\n|upkeep\n|\n|t:|1698607518\n|switch|p1a: Hatterene|Hatterene, F|42\/100\n|turn|9\n|\n|t:|1698607543\n|move|p2a: Jirachi|Wish|p2a: Jirachi\n|move|p1a: Hatterene|Reflect|p1a: Hatterene\n|-sidestart|p1: Spezza39|Reflect\n|\n|upkeep\n|turn|10\n|\n|t:|1698607569\n|move|p2a: Jirachi|Stealth Rock|p1a: Hatterene\n|move|p1a: Hatterene|Stealth Rock||[from]ability: Magic Bounce|[still]\n|-fail|p1a: Hatterene\n|move|p1a: Hatterene|Light Screen|p1a: Hatterene\n|-sidestart|p1: Spezza39|move: Light Screen\n|\n|-heal|p2a: Jirachi|95\/100|[from] move: Wish|[wisher] Jirachi\n|upkeep\n|turn|11\n|\n|t:|1698607596\n|move|p2a: Jirachi|Iron Head|p1a: Hatterene\n|-supereffective|p1a: Hatterene\n|-damage|p1a: Hatterene|12\/100\n|cant|p1a: Hatterene|flinch\n|\n|upkeep\n|turn|12\n|\n|t:|1698607615\n|move|p2a: Jirachi|Iron Head|p1a: Hatterene\n|-supereffective|p1a: Hatterene\n|-damage|p1a: Hatterene|0 fnt\n|faint|p1a: Hatterene\n|\n|upkeep\n|\n|t:|1698607620\n|switch|p1a: Baxcalibur|Baxcalibur, F|100\/100\n|turn|13\n|\n|t:|1698607660\n|move|p1a: Baxcalibur|Dragon Dance|p1a: Baxcalibur\n|-boost|p1a: Baxcalibur|atk|1\n|-boost|p1a: Baxcalibur|spe|1\n|move|p2a: Jirachi|Stealth Rock|p1a: Baxcalibur\n|-sidestart|p1: Spezza39|move: Stealth Rock\n|\n|upkeep\n|turn|14\n|\n|t:|1698607685\n|switch|p2a: Hydreigon|Hydreigon, M|100\/100\n|-damage|p2a: Hydreigon|88\/100|[from] Stealth Rock\n|move|p1a: Baxcalibur|Dragon Dance|p1a: Baxcalibur\n|-boost|p1a: Baxcalibur|atk|1\n|-boost|p1a: Baxcalibur|spe|1\n|\n|upkeep\n|turn|15\n|\n|t:|1698607712\n|move|p1a: Baxcalibur|Glaive Rush|p2a: Hydreigon\n|-supereffective|p2a: Hydreigon\n|-damage|p2a: Hydreigon|0 fnt\n|-singlemove|p1a: Baxcalibur|Glaive Rush|[silent]\n|faint|p2a: Hydreigon\n|\n|upkeep\n|\n|t:|1698607725\n|switch|p2a: Iron Hands|Iron Hands|100\/100\n|-damage|p2a: Iron Hands|94\/100|[from] Stealth Rock\n|-status|p2a: Iron Hands|tox\n|turn|16\n|\n|t:|1698607739\n|move|p1a: Baxcalibur|Icicle Spear|p2a: Iron Hands\n|-damage|p2a: Iron Hands|75\/100 tox\n|-damage|p2a: Iron Hands|54\/100 tox\n|-damage|p2a: Iron Hands|34\/100 tox\n|-crit|p2a: Iron Hands\n|-damage|p2a: Iron Hands|5\/100 tox\n|-damage|p2a: Iron Hands|0 fnt\n|faint|p2a: Iron Hands\n|-end|p2a: Iron Hands|Quark Drive|[silent]\n|-hitcount|p2: Iron Hands|5\n|\n|-sideend|p1: Spezza39|Reflect\n|upkeep\n|\n|t:|1698607762\n|switch|p2a: Drednaw|Drednaw, M|100\/100\n|-damage|p2a: Drednaw|88\/100|[from] Stealth Rock\n|-status|p2a: Drednaw|tox\n|turn|17\n|\n|t:|1698607782\n|move|p1a: Baxcalibur|Glaive Rush|p2a: Drednaw\n|-damage|p2a: Drednaw|0 fnt\n|-singlemove|p1a: Baxcalibur|Glaive Rush|[silent]\n|faint|p2a: Drednaw\n|\n|-sideend|p1: Spezza39|move: Light Screen\n|upkeep\n|\n|t:|1698607790\n|switch|p2a: Dondozo|Dondozo, F|100\/100\n|turn|18\n|\n|t:|1698607799\n|move|p1a: Baxcalibur|Glaive Rush|p2a: Dondozo\n|-damage|p2a: Dondozo|67\/100\n|-singlemove|p1a: Baxcalibur|Glaive Rush|[silent]\n|move|p2a: Dondozo|Liquidation|p1a: Baxcalibur\n|-resisted|p1a: Baxcalibur\n|-damage|p1a: Baxcalibur|71\/100\n|\n|upkeep\n|turn|19\n|\n|t:|1698607840\n|move|p1a: Baxcalibur|Icicle Spear|p2a: Dondozo\n|-resisted|p2a: Dondozo\n|-damage|p2a: Dondozo|63\/100\n|-resisted|p2a: Dondozo\n|-damage|p2a: Dondozo|60\/100\n|-resisted|p2a: Dondozo\n|-damage|p2a: Dondozo|57\/100\n|-resisted|p2a: Dondozo\n|-damage|p2a: Dondozo|54\/100\n|-resisted|p2a: Dondozo\n|-damage|p2a: Dondozo|50\/100\n|-hitcount|p2a: Dondozo|5\n|move|p2a: Dondozo|Liquidation|p1a: Baxcalibur\n|-resisted|p1a: Baxcalibur\n|-damage|p1a: Baxcalibur|57\/100\n|\n|upkeep\n|turn|20\n|\n|t:|1698607864\n|move|p1a: Baxcalibur|Glaive Rush|p2a: Dondozo\n|-damage|p2a: Dondozo|16\/100\n|-singlemove|p1a: Baxcalibur|Glaive Rush|[silent]\n|move|p2a: Dondozo|Liquidation|p1a: Baxcalibur\n|-resisted|p1a: Baxcalibur\n|-damage|p1a: Baxcalibur|28\/100\n|\n|upkeep\n|turn|21\n|\n|t:|1698607872\n|move|p1a: Baxcalibur|Glaive Rush|p2a: Dondozo\n|-damage|p2a: Dondozo|0 fnt\n|-singlemove|p1a: Baxcalibur|Glaive Rush|[silent]\n|faint|p2a: Dondozo\n|\n|upkeep\n|\n|t:|1698607886\n|switch|p2a: Greninja|Greninja, M|100\/100\n|-damage|p2a: Greninja|88\/100|[from] Stealth Rock\n|-status|p2a: Greninja|tox\n|turn|22\n|\n|t:|1698607895\n|move|p2a: Greninja|Water Shuriken|p1a: Baxcalibur\n|-resisted|p1a: Baxcalibur\n|-damage|p1a: Baxcalibur|19\/100\n|-resisted|p1a: Baxcalibur\n|-damage|p1a: Baxcalibur|8\/100\n|-resisted|p1a: Baxcalibur\n|-damage|p1a: Baxcalibur|0 fnt\n|faint|p1a: Baxcalibur\n|-ability|p2a: Greninja|Battle Bond|boost\n|-boost|p2a: Greninja|atk|1\n|-boost|p2a: Greninja|spa|1\n|-boost|p2a: Greninja|spe|1\n|-activate|p2a: Greninja|ability: Battle Bond\n|-hitcount|p1: Baxcalibur|3\n|-damage|p2a: Greninja|78\/100 tox|[from] item: Life Orb\n|\n|-damage|p2a: Greninja|72\/100 tox|[from] psn\n|upkeep\n|\n|t:|1698607911\n|switch|p1a: Ting-Lu|Ting-Lu|100\/100\n|-damage|p1a: Ting-Lu|94\/100|[from] Stealth Rock\n|-ability|p1a: Ting-Lu|Vessel of Ruin\n|turn|23\n|\n|t:|1698607928\n|move|p2a: Greninja|Water Shuriken|p1a: Ting-Lu\n|-supereffective|p1a: Ting-Lu\n|-damage|p1a: Ting-Lu|77\/100\n|-supereffective|p1a: Ting-Lu\n|-damage|p1a: Ting-Lu|62\/100\n|-supereffective|p1a: Ting-Lu\n|-damage|p1a: Ting-Lu|48\/100\n|-hitcount|p1a: Ting-Lu|3\n|-damage|p2a: Greninja|63\/100 tox|[from] item: Life Orb\n|move|p1a: Ting-Lu|Substitute|p1a: Ting-Lu\n|-start|p1a: Ting-Lu|Substitute\n|-damage|p1a: Ting-Lu|23\/100\n|\n|-heal|p1a: Ting-Lu|29\/100|[from] item: Leftovers\n|-damage|p2a: Greninja|51\/100 tox|[from] psn\n|upkeep\n|turn|24\n|\n|t:|1698607942\n|move|p1a: Ting-Lu|Protect|p1a: Ting-Lu\n|-singleturn|p1a: Ting-Lu|Protect\n|move|p2a: Greninja|Water Shuriken|p1a: Ting-Lu\n|-activate|p1a: Ting-Lu|move: Protect\n|\n|-heal|p1a: Ting-Lu|35\/100|[from] item: Leftovers\n|-damage|p2a: Greninja|33\/100 tox|[from] psn\n|upkeep\n|turn|25\n|\n|t:|1698607953\n|move|p2a: Greninja|Water Shuriken|p1a: Ting-Lu\n|-supereffective|p1a: Ting-Lu\n|-activate|p1a: Ting-Lu|move: Substitute|[damage]\n|-supereffective|p1a: Ting-Lu\n|-end|p1a: Ting-Lu|Substitute\n|-hitcount|p1a: Ting-Lu|2\n|-damage|p2a: Greninja|23\/100 tox|[from] item: Life Orb\n|move|p1a: Ting-Lu|Whirlwind|p2a: Greninja\n|drag|p2a: Jirachi|Jirachi|95\/100\n|-damage|p2a: Jirachi|89\/100|[from] Stealth Rock\n|\n|-heal|p1a: Ting-Lu|42\/100|[from] item: Leftovers\n|upkeep\n|turn|26\n|\n|t:|1698607973\n|move|p1a: Ting-Lu|Protect|p1a: Ting-Lu\n|-singleturn|p1a: Ting-Lu|Protect\n|move|p2a: Jirachi|Iron Head|p1a: Ting-Lu\n|-activate|p1a: Ting-Lu|move: Protect\n|\n|-heal|p1a: Ting-Lu|48\/100|[from] item: Leftovers\n|upkeep\n|turn|27\n|\n|t:|1698607985\n|move|p2a: Jirachi|Iron Head|p1a: Ting-Lu\n|-crit|p1a: Ting-Lu\n|-damage|p1a: Ting-Lu|30\/100\n|cant|p1a: Ting-Lu|flinch\n|\n|-heal|p1a: Ting-Lu|36\/100|[from] item: Leftovers\n|upkeep\n|turn|28\n|\n|t:|1698607998\n|move|p1a: Ting-Lu|Protect|p1a: Ting-Lu\n|-singleturn|p1a: Ting-Lu|Protect\n|move|p2a: Jirachi|Body Slam|p1a: Ting-Lu\n|-activate|p1a: Ting-Lu|move: Protect\n|\n|-heal|p1a: Ting-Lu|42\/100|[from] item: Leftovers\n|upkeep\n|turn|29\n|\n|t:|1698608006\n|move|p2a: Jirachi|Iron Head|p1a: Ting-Lu\n|-damage|p1a: Ting-Lu|30\/100\n|cant|p1a: Ting-Lu|flinch\n|\n|-heal|p1a: Ting-Lu|36\/100|[from] item: Leftovers\n|upkeep\n|turn|30\n|\n|t:|1698608022\n|move|p1a: Ting-Lu|Protect|p1a: Ting-Lu\n|-singleturn|p1a: Ting-Lu|Protect\n|move|p2a: Jirachi|Iron Head|p1a: Ting-Lu\n|-activate|p1a: Ting-Lu|move: Protect\n|\n|-heal|p1a: Ting-Lu|42\/100|[from] item: Leftovers\n|upkeep\n|turn|31\n|\n|t:|1698608036\n|move|p2a: Jirachi|Iron Head|p1a: Ting-Lu\n|-damage|p1a: Ting-Lu|32\/100\n|cant|p1a: Ting-Lu|flinch\n|\n|-heal|p1a: Ting-Lu|38\/100|[from] item: Leftovers\n|upkeep\n|turn|32\n|\n|t:|1698608044\n|move|p2a: Jirachi|Iron Head|p1a: Ting-Lu\n|-damage|p1a: Ting-Lu|26\/100\n|cant|p1a: Ting-Lu|flinch\n|\n|-heal|p1a: Ting-Lu|32\/100|[from] item: Leftovers\n|upkeep\n|turn|33\n|\n|t:|1698608053\n|move|p1a: Ting-Lu|Protect|p1a: Ting-Lu\n|-singleturn|p1a: Ting-Lu|Protect\n|move|p2a: Jirachi|Iron Head|p1a: Ting-Lu\n|-activate|p1a: Ting-Lu|move: Protect\n|\n|-heal|p1a: Ting-Lu|38\/100|[from] item: Leftovers\n|upkeep\n|turn|34\n|\n|t:|1698608061\n|move|p2a: Jirachi|Iron Head|p1a: Ting-Lu\n|-damage|p1a: Ting-Lu|27\/100\n|cant|p1a: Ting-Lu|flinch\n|\n|-heal|p1a: Ting-Lu|33\/100|[from] item: Leftovers\n|upkeep\n|turn|35\n|\n|t:|1698608069\n|move|p1a: Ting-Lu|Protect|p1a: Ting-Lu\n|-singleturn|p1a: Ting-Lu|Protect\n|move|p2a: Jirachi|Iron Head|p1a: Ting-Lu\n|-activate|p1a: Ting-Lu|move: Protect\n|\n|-heal|p1a: Ting-Lu|39\/100|[from] item: Leftovers\n|upkeep\n|turn|36\n|\n|t:|1698608080\n|move|p2a: Jirachi|Iron Head|p1a: Ting-Lu\n|-damage|p1a: Ting-Lu|28\/100\n|cant|p1a: Ting-Lu|flinch\n|\n|-heal|p1a: Ting-Lu|34\/100|[from] item: Leftovers\n|upkeep\n|turn|37\n|\n|t:|1698608091\n|move|p1a: Ting-Lu|Protect|p1a: Ting-Lu\n|-singleturn|p1a: Ting-Lu|Protect\n|move|p2a: Jirachi|Wish|p2a: Jirachi\n|\n|-heal|p1a: Ting-Lu|40\/100|[from] item: Leftovers\n|upkeep\n|turn|38\n|\n|t:|1698608099\n|move|p2a: Jirachi|Iron Head|p1a: Ting-Lu\n|-damage|p1a: Ting-Lu|29\/100\n|cant|p1a: Ting-Lu|flinch\n|\n|-heal|p2a: Jirachi|100\/100|[from] move: Wish|[wisher] Jirachi\n|-heal|p1a: Ting-Lu|36\/100|[from] item: Leftovers\n|upkeep\n|turn|39\n|\n|t:|1698608110\n|move|p1a: Ting-Lu|Protect|p1a: Ting-Lu\n|-singleturn|p1a: Ting-Lu|Protect\n|move|p2a: Jirachi|Body Slam|p1a: Ting-Lu\n|-activate|p1a: Ting-Lu|move: Protect\n|\n|-heal|p1a: Ting-Lu|42\/100|[from] item: Leftovers\n|upkeep\n|turn|40\n|\n|t:|1698608119\n|move|p2a: Jirachi|Iron Head|p1a: Ting-Lu\n|-damage|p1a: Ting-Lu|29\/100\n|move|p1a: Ting-Lu|Whirlwind|p2a: Jirachi\n|drag|p2a: Greninja|Greninja, M|23\/100 tox\n|-damage|p2a: Greninja|11\/100 tox|[from] Stealth Rock\n|\n|-heal|p1a: Ting-Lu|36\/100|[from] item: Leftovers\n|-damage|p2a: Greninja|5\/100 tox|[from] psn\n|upkeep\n|turn|41\n|\n|t:|1698608137\n|move|p1a: Ting-Lu|Protect|p1a: Ting-Lu\n|-singleturn|p1a: Ting-Lu|Protect\n|move|p2a: Greninja|Dark Pulse|p1a: Ting-Lu\n|-activate|p1a: Ting-Lu|move: Protect\n|\n|-heal|p1a: Ting-Lu|42\/100|[from] item: Leftovers\n|-damage|p2a: Greninja|0 fnt|[from] psn\n|faint|p2a: Greninja\n|upkeep\n|\n|t:|1698608147\n|switch|p2a: Jirachi|Jirachi|100\/100\n|-damage|p2a: Jirachi|94\/100|[from] Stealth Rock\n|turn|42\n|\n|t:|1698608164\n|switch|p1a: Kingambit|Kingambit, F|100\/100\n|-damage|p1a: Kingambit|94\/100|[from] Stealth Rock\n|-activate|p1a: Kingambit|ability: Supreme Overlord\n|-start|p1a: Kingambit|fallen4|[silent]\n|move|p2a: Jirachi|Body Slam|p1a: Kingambit\n|-resisted|p1a: Kingambit\n|-damage|p1a: Kingambit|87\/100\n|-status|p1a: Kingambit|par\n|\n|upkeep\n|turn|43\n|\n|t:|1698608180\n|move|p1a: Kingambit|Sucker Punch|p2a: Jirachi\n|-supereffective|p2a: Jirachi\n|-damage|p2a: Jirachi|0 fnt\n|faint|p2a: Jirachi\n|\n|win|Spezza39\n","uploadtime":1698608190,"views":22,"p1id":"spezza39","p2id":"garvantularbicep","formatid":"gen9ubers","rating":0,"private":0,"password":""}