{"id":"gen9ubers-1970175485","p1":"THEMIMIIIIIIC","p2":"BocchiTheMaster","format":"[Gen 9] Ubers","log":"|j|\u2606THEMIMIIIIIIC\n|j|\u2606BocchiTheMaster\n|t:|1697605241\n|gametype|singles\n|player|p1|THEMIMIIIIIIC|riley|1205\n|player|p2|BocchiTheMaster|dawn-gen4pt|1315\n|teamsize|p1|6\n|teamsize|p2|6\n|gen|9\n|tier|[Gen 9] Ubers\n|rated|\n|rule|Sleep Clause Mod: Limit one foe put to sleep\n|rule|Species Clause: Limit one of each Pok\u00e9mon\n|rule|OHKO Clause: OHKO moves are banned\n|rule|Evasion Items Clause: Evasion items are banned\n|rule|Evasion Moves Clause: Evasion moves are banned\n|rule|Endless Battle Clause: Forcing endless battles is banned\n|rule|HP Percentage Mod: HP is shown in percentages\n|clearpoke\n|poke|p1|Miraidon|\n|poke|p1|Groudon|\n|poke|p1|Chi-Yu|\n|poke|p1|Zacian-*|\n|poke|p1|Iron Bundle|\n|poke|p1|Giratina-Origin|\n|poke|p2|Ribombee, F|\n|poke|p2|Miraidon|\n|poke|p2|Koraidon|\n|poke|p2|Skeledirge, M|\n|poke|p2|Chien-Pao|\n|poke|p2|Zacian-*|\n|teampreview\n|inactive|Battle timer is ON: inactive players will automatically lose when time's up. (requested by BocchiTheMaster)\n|inactive|THEMIMIIIIIIC also wants the timer to be on.\n|\n|t:|1697605249\n|start\n|switch|p1a: Giratina|Giratina-Origin, shiny|100\/100\n|switch|p2a: Ribombee|Ribombee, F|100\/100\n|turn|1\n|\n|t:|1697605256\n|move|p2a: Ribombee|Sticky Web|p1a: Giratina\n|-sidestart|p1: THEMIMIIIIIIC|move: Sticky Web\n|move|p1a: Giratina|Thunder Wave|p2a: Ribombee\n|-status|p2a: Ribombee|par\n|\n|upkeep\n|turn|2\n|\n|t:|1697605264\n|move|p1a: Giratina|Shadow Ball|p2a: Ribombee\n|-damage|p2a: Ribombee|36\/100 par\n|cant|p2a: Ribombee|par\n|\n|upkeep\n|turn|3\n|\n|t:|1697605270\n|move|p1a: Giratina|Defog|p2a: Ribombee\n|-unboost|p2a: Ribombee|evasion|1\n|-sideend|p1: THEMIMIIIIIIC|Sticky Web|[from] move: Defog|[of] p1a: Giratina\n|cant|p2a: Ribombee|par\n|\n|upkeep\n|turn|4\n|j| ZowwyCafe\u2764\n|\n|t:|1697605277\n|switch|p2a: Chien-Pao|Chien-Pao|100\/100\n|-ability|p2a: Chien-Pao|Sword of Ruin\n|move|p1a: Giratina|Shadow Ball|p2a: Chien-Pao\n|-resisted|p2a: Chien-Pao\n|-damage|p2a: Chien-Pao|68\/100\n|\n|upkeep\n|turn|5\n|\n|t:|1697605289\n|switch|p1a: Chi-Yu|Chi-Yu|100\/100\n|-ability|p1a: Chi-Yu|Beads of Ruin\n|move|p2a: Chien-Pao|Icicle Crash|p1a: Chi-Yu|[miss]\n|-miss|p2a: Chien-Pao|p1a: Chi-Yu\n|\n|upkeep\n|turn|6\n|\n|t:|1697605304\n|switch|p2a: Ribombee|Ribombee, F|36\/100 par\n|move|p1a: Chi-Yu|Dark Pulse|p2a: Ribombee\n|-resisted|p2a: Ribombee\n|-damage|p2a: Ribombee|0 fnt\n|faint|p2a: Ribombee\n|\n|upkeep\n|\n|t:|1697605308\n|switch|p2a: Miraidon|Miraidon|100\/100\n|-fieldstart|move: Electric Terrain|[from] ability: Hadron Engine|[of] p2a: Miraidon\n|turn|7\n|\n|t:|1697605314\n|move|p2a: Miraidon|Volt Switch|p1a: Chi-Yu\n|-damage|p1a: Chi-Yu|20\/100\n|\n|t:|1697605318\n|switch|p2a: Skeledirge|Skeledirge, M|100\/100|[from] Volt Switch\n|move|p1a: Chi-Yu|Dark Pulse|p2a: Skeledirge\n|-supereffective|p2a: Skeledirge\n|-crit|p2a: Skeledirge\n|-damage|p2a: Skeledirge|0 fnt\n|faint|p2a: Skeledirge\n|\n|upkeep\n|\n|t:|1697605324\n|switch|p2a: Miraidon|Miraidon|100\/100\n|-activate|p2a: Miraidon|ability: Hadron Engine\n|turn|8\n|\n|t:|1697605327\n|switch|p1a: Groudon|Groudon, shiny|100\/100\n|-weather|SunnyDay|[from] ability: Drought|[of] p1a: Groudon\n|move|p2a: Miraidon|Volt Switch|p1a: Groudon\n|-immune|p1a: Groudon\n|\n|-weather|SunnyDay|[upkeep]\n|upkeep\n|turn|9\n|\n|t:|1697605336\n|switch|p2a: Koraidon|Koraidon|100\/100\n|-activate|p2a: Koraidon|ability: Orichalcum Pulse\n|move|p1a: Groudon|Earthquake|p2a: Koraidon\n|-damage|p2a: Koraidon|48\/100\n|\n|-weather|SunnyDay|[upkeep]\n|upkeep\n|turn|10\n|\n|t:|1697605345\n|move|p1a: Groudon|Earthquake|p2a: Koraidon\n|-damage|p2a: Koraidon|0 fnt\n|faint|p2a: Koraidon\n|\n|-weather|SunnyDay|[upkeep]\n|upkeep\n|\n|t:|1697605353\n|switch|p2a: Zacian|Zacian-Crowned|100\/100\n|-ability|p2a: Zacian|Intrepid Sword|boost\n|-boost|p2a: Zacian|atk|1\n|turn|11\n|\n|t:|1697605357\n|-terastallize|p1a: Groudon|Ground\n|-terastallize|p2a: Zacian|Flying\n|move|p1a: Groudon|Earthquake|p2a: Zacian\n|-immune|p2a: Zacian\n|move|p2a: Zacian|Swords Dance|p2a: Zacian\n|-boost|p2a: Zacian|atk|2\n|\n|-weather|SunnyDay|[upkeep]\n|-fieldend|move: Electric Terrain\n|upkeep\n|turn|12\n|\n|t:|1697605367\n|switch|p1a: Chi-Yu|Chi-Yu|20\/100\n|-ability|p1a: Chi-Yu|Beads of Ruin\n|move|p2a: Zacian|Behemoth Blade|p1a: Chi-Yu\n|-resisted|p1a: Chi-Yu\n|-damage|p1a: Chi-Yu|0 fnt\n|faint|p1a: Chi-Yu\n|\n|-weather|none\n|upkeep\n|\n|t:|1697605369\n|switch|p1a: Miraidon|Miraidon|100\/100\n|-fieldstart|move: Electric Terrain|[from] ability: Hadron Engine|[of] p1a: Miraidon\n|turn|13\n|\n|t:|1697605375\n|move|p1a: Miraidon|Draco Meteor|p2a: Zacian\n|-crit|p2a: Zacian\n|-damage|p2a: Zacian|0 fnt\n|-unboost|p1a: Miraidon|spa|2\n|faint|p2a: Zacian\n|\n|upkeep\n|l| ZowwyCafe\u2764\n|\n|t:|1697605394\n|switch|p2a: Miraidon|Miraidon|100\/100\n|-activate|p2a: Miraidon|ability: Hadron Engine\n|turn|14\n|\n|t:|1697605399\n|move|p2a: Miraidon|Draco Meteor|p1a: Miraidon\n|-supereffective|p1a: Miraidon\n|-damage|p1a: Miraidon|0 fnt\n|-unboost|p2a: Miraidon|spa|2\n|faint|p1a: Miraidon\n|\n|upkeep\n|\n|t:|1697605401\n|switch|p1a: Groudon|Groudon, shiny, tera:Ground|100\/100\n|-weather|SunnyDay|[from] ability: Drought|[of] p1a: Groudon\n|turn|15\n|\n|t:|1697605404\n|move|p2a: Miraidon|Draco Meteor|p1a: Groudon\n|-damage|p1a: Groudon|54\/100\n|-unboost|p2a: Miraidon|spa|2\n|move|p1a: Groudon|Earthquake|p2a: Miraidon\n|-supereffective|p2a: Miraidon\n|-damage|p2a: Miraidon|0 fnt\n|faint|p2a: Miraidon\n|\n|-weather|SunnyDay|[upkeep]\n|upkeep\n|\n|t:|1697605407\n|switch|p2a: Chien-Pao|Chien-Pao|68\/100\n|-ability|p2a: Chien-Pao|Sword of Ruin\n|turn|16\n|\n|t:|1697605411\n|move|p1a: Groudon|Earthquake|p2a: Chien-Pao\n|-damage|p2a: Chien-Pao|0 fnt\n|faint|p2a: Chien-Pao\n|\n|win|THEMIMIIIIIIC\n|raw|THEMIMIIIIIIC's rating: 1205 &rarr; <strong>1238<\/strong><br \/>(+33 for winning)\n|raw|BocchiTheMaster's rating: 1315 &rarr; <strong>1289<\/strong><br \/>(-26 for losing)\n|l|\u2606BocchiTheMaster\n|c|\u2606THEMIMIIIIIIC|gg\n","uploadtime":1697605426,"views":9,"p1id":"themimiiiiiic","p2id":"bocchithemaster","formatid":"gen9ubers","rating":1238,"private":0,"password":""}