{"id":"gen9ubers-1998276511","p1":"Profesor Turo","p2":"Rei_darkness","format":"[Gen 9] Ubers","log":"|j|\u2606Profesor Turo\n|j|\u2606Rei_darkness\n|t:|1700923545\n|gametype|singles\n|player|p1|Profesor Turo|turo-ai|\n|player|p2|Rei_darkness|drayden|\n|teamsize|p1|6\n|teamsize|p2|6\n|gen|9\n|tier|[Gen 9] Ubers\n|rule|Sleep Clause Mod: Limit one foe put to sleep\n|rule|Species Clause: Limit one of each Pok\u00e9mon\n|rule|OHKO Clause: OHKO moves are banned\n|rule|Evasion Items Clause: Evasion items are banned\n|rule|Evasion Moves Clause: Evasion moves are banned\n|rule|Endless Battle Clause: Forcing endless battles is banned\n|rule|HP Percentage Mod: HP is shown in percentages\n|clearpoke\n|poke|p1|Meowscarada, M|\n|poke|p1|Zoroark-Hisui, F|\n|poke|p1|Lurantis, M|\n|poke|p1|Slowking-Galar, F|\n|poke|p1|Polteageist|\n|poke|p1|Corviknight, F|\n|poke|p2|Ribombee, F|\n|poke|p2|Iron Jugulis|\n|poke|p2|Weezing-Galar, M|\n|poke|p2|Hoopa|\n|poke|p2|Slowking-Galar, M|\n|poke|p2|Palafin, M|\n|teampreview\n|inactive|Battle timer is ON: inactive players will automatically lose when time's up. (requested by Profesor Turo)\n|\n|t:|1700923570\n|start\n|switch|p1a: Slowking|Slowking-Galar, F|100\/100\n|switch|p2a: Ribombee|Ribombee, F|100\/100\n|turn|1\n|\n|t:|1700923577\n|move|p2a: Ribombee|Sticky Web|p1a: Slowking\n|-sidestart|p1: Profesor Turo|move: Sticky Web\n|move|p1a: Slowking|Trick Room|p1a: Slowking\n|-fieldstart|move: Trick Room|[of] p1a: Slowking\n|\n|upkeep\n|turn|2\n|\n|t:|1700923585\n|move|p1a: Slowking|Belly Drum|p1a: Slowking\n|-damage|p1a: Slowking|50\/100\n|-setboost|p1a: Slowking|atk|6|[from] move: Belly Drum\n|-enditem|p1a: Slowking|Sitrus Berry|[eat]\n|-heal|p1a: Slowking|75\/100|[from] item: Sitrus Berry\n|move|p2a: Ribombee|U-turn|p1a: Slowking\n|-damage|p1a: Slowking|59\/100\n|j| Yveltyy\n|\n|t:|1700923614\n|switch|p2a: Weezing|Weezing-Galar, M|100\/100|[from] U-turn\n|\n|upkeep\n|turn|3\n|\n|t:|1700923621\n|move|p1a: Slowking|Poison Jab|p2a: Weezing\n|-damage|p2a: Weezing|48\/100\n|move|p2a: Weezing|Strange Steam|p1a: Slowking\n|-resisted|p1a: Slowking\n|-damage|p1a: Slowking|48\/100\n|\n|-heal|p2a: Weezing|53\/100|[from] item: Leftovers\n|upkeep\n|turn|4\n|\n|t:|1700923628\n|move|p1a: Slowking|Poison Jab|p2a: Weezing\n|-damage|p2a: Weezing|6\/100\n|move|p2a: Weezing|Strange Steam|p1a: Slowking\n|-resisted|p1a: Slowking\n|-damage|p1a: Slowking|38\/100\n|\n|-heal|p2a: Weezing|12\/100|[from] item: Leftovers\n|upkeep\n|turn|5\n|\n|t:|1700923632\n|move|p1a: Slowking|Poison Jab|p2a: Weezing\n|-damage|p2a: Weezing|0 fnt\n|faint|p2a: Weezing\n|\n|-fieldend|move: Trick Room\n|upkeep\n|\n|t:|1700923634\n|switch|p2a: Hoopa|Hoopa|100\/100\n|turn|6\n|\n|t:|1700923637\n|move|p2a: Hoopa|Fling|p1a: Slowking\n|-supereffective|p1a: Slowking\n|-damage|p1a: Slowking|0 fnt\n|-enditem|p2a: Hoopa|Big Nugget|[from] move: Fling\n|faint|p1a: Slowking\n|\n|upkeep\n|\n|t:|1700923646\n|switch|p1a: Lurantis|Lurantis, M|100\/100\n|-activate|p1a: Lurantis|move: Sticky Web\n|-boost|p1a: Lurantis|spe|1\n|turn|7\n|\n|t:|1700923654\n|move|p2a: Hoopa|Gunk Shot|p1a: Lurantis\n|-supereffective|p1a: Lurantis\n|-damage|p1a: Lurantis|19\/100\n|-item|p2a: Hoopa|Leftovers|[from] ability: Magician|[of] p1a: Lurantis\n|move|p1a: Lurantis|Leaf Storm|p2a: Hoopa\n|-damage|p2a: Hoopa|53\/100\n|-boost|p1a: Lurantis|spa|2\n|\n|-heal|p2a: Hoopa|59\/100|[from] item: Leftovers\n|upkeep\n|turn|8\n|\n|t:|1700923667\n|switch|p2a: Ribombee|Ribombee, F|100\/100\n|move|p1a: Lurantis|Defog|p2a: Ribombee\n|-unboost|p2a: Ribombee|evasion|1\n|-sideend|p1: Profesor Turo|Sticky Web|[from] move: Defog|[of] p1a: Lurantis\n|\n|upkeep\n|turn|9\n|\n|t:|1700923674\n|move|p2a: Ribombee|U-turn|p1a: Lurantis\n|-supereffective|p1a: Lurantis\n|-damage|p1a: Lurantis|0 fnt\n|faint|p1a: Lurantis\n|\n|t:|1700923677\n|switch|p2a: Slowking|Slowking-Galar, M|100\/100|[from] U-turn\n|\n|upkeep\n|\n|t:|1700923690\n|switch|p1a: Meowscarada|Meowscarada, M|100\/100\n|turn|10\n|inactive|Rei_darkness has 270 seconds left.\n|l| Yveltyy\n|\n|t:|1700923730\n|move|p1a: Meowscarada|Nasty Plot|p1a: Meowscarada\n|-boost|p1a: Meowscarada|spa|2\n|move|p2a: Slowking|Chilly Reception|p2a: Slowking\n|-weather|Snow\n|\n|t:|1700923733\n|switch|p2a: Ribombee|Ribombee, F|100\/100|[from] Chilly Reception\n|\n|-weather|Snow|[upkeep]\n|upkeep\n|turn|11\n|\n|t:|1700923743\n|move|p2a: Ribombee|U-turn|p1a: Meowscarada\n|-resisted|p1a: Meowscarada\n|-damage|p1a: Meowscarada|80\/100\n|replace|p1a: Zoroark|Zoroark-Hisui, F\n|-end|p1a: Zoroark|Illusion\n|inactive|Rei_darkness has 270 seconds left.\n|c|\u2606Rei_darkness|Not the nasty lpot fake out...\n|\n|t:|1700923758\n|switch|p2a: Slowking|Slowking-Galar, M|100\/100|[from] U-turn\n|move|p1a: Zoroark|Poltergeist|p2a: Slowking\n|-activate|p2a: Slowking|move: Poltergeist|Heavy-Duty Boots\n|-supereffective|p2a: Slowking\n|-damage|p2a: Slowking|0 fnt\n|faint|p2a: Slowking\n|\n|-weather|Snow|[upkeep]\n|upkeep\n|\n|t:|1700923763\n|switch|p2a: Iron Jugulis|Iron Jugulis|100\/100\n|-enditem|p2a: Iron Jugulis|Booster Energy\n|-activate|p2a: Iron Jugulis|ability: Quark Drive|[fromitem]\n|-start|p2a: Iron Jugulis|quarkdrivespe\n|turn|12\n|\n|t:|1700923767\n|move|p2a: Iron Jugulis|Knock Off|p1a: Zoroark\n|-supereffective|p1a: Zoroark\n|-damage|p1a: Zoroark|0 fnt\n|-enditem|p1a: Zoroark|Focus Sash|[from] move: Knock Off|[of] p2a: Iron Jugulis\n|faint|p1a: Zoroark\n|\n|-weather|Snow|[upkeep]\n|upkeep\n|\n|t:|1700923771\n|switch|p1a: Corviknight|Corviknight, F|100\/100\n|-ability|p1a: Corviknight|Pressure\n|turn|13\n|\n|t:|1700923782\n|move|p2a: Iron Jugulis|Work Up|p2a: Iron Jugulis\n|-boost|p2a: Iron Jugulis|atk|1\n|-boost|p2a: Iron Jugulis|spa|1\n|move|p1a: Corviknight|Nasty Plot|p1a: Corviknight\n|-boost|p1a: Corviknight|spa|2\n|\n|-weather|Snow|[upkeep]\n|upkeep\n|turn|14\n|\n|t:|1700923786\n|move|p2a: Iron Jugulis|Knock Off|p1a: Corviknight\n|-damage|p1a: Corviknight|55\/100\n|-enditem|p1a: Corviknight|Leftovers|[from] move: Knock Off|[of] p2a: Iron Jugulis\n|move|p1a: Corviknight|Hurricane|p2a: Iron Jugulis\n|-damage|p2a: Iron Jugulis|16\/100\n|-start|p2a: Iron Jugulis|confusion\n|\n|-weather|none\n|upkeep\n|turn|15\n|\n|t:|1700923797\n|-end|p2a: Iron Jugulis|Quark Drive|[silent]\n|switch|p2a: Ribombee|Ribombee, F|100\/100\n|move|p1a: Corviknight|Roost|p1a: Corviknight\n|-heal|p1a: Corviknight|100\/100\n|-singleturn|p1a: Corviknight|move: Roost\n|\n|upkeep\n|turn|16\n|\n|t:|1700923813\n|move|p2a: Ribombee|Sticky Web|p1a: Corviknight\n|-sidestart|p1: Profesor Turo|move: Sticky Web\n|move|p1a: Corviknight|Hurricane|p2a: Ribombee\n|-supereffective|p2a: Ribombee\n|-enditem|p2a: Ribombee|Focus Sash\n|-damage|p2a: Ribombee|1\/100\n|-start|p2a: Ribombee|confusion\n|\n|upkeep\n|turn|17\n|\n|t:|1700923824\n|-activate|p2a: Ribombee|confusion\n|move|p2a: Ribombee|U-turn|p1a: Corviknight\n|-resisted|p1a: Corviknight\n|-damage|p1a: Corviknight|96\/100\n|\n|t:|1700923827\n|switch|p2a: Iron Jugulis|Iron Jugulis|16\/100|[from] U-turn\n|move|p1a: Corviknight|Nasty Plot|p1a: Corviknight\n|-boost|p1a: Corviknight|spa|2\n|\n|upkeep\n|turn|18\n|\n|t:|1700923831\n|move|p2a: Iron Jugulis|Knock Off|p1a: Corviknight\n|-damage|p1a: Corviknight|73\/100\n|move|p1a: Corviknight|Hurricane|p2a: Iron Jugulis\n|-damage|p2a: Iron Jugulis|0 fnt\n|faint|p2a: Iron Jugulis\n|-end|p2a: Iron Jugulis|Quark Drive|[silent]\n|\n|upkeep\n|\n|t:|1700923844\n|switch|p2a: Palafin|Palafin, M|100\/100\n|turn|19\n|\n|t:|1700923850\n|move|p2a: Palafin|Surf|p1a: Corviknight\n|-damage|p1a: Corviknight|33\/100\n|move|p1a: Corviknight|Hurricane|p2a: Palafin\n|-damage|p2a: Palafin|0 fnt\n|faint|p2a: Palafin\n|\n|upkeep\n|\n|t:|1700923852\n|switch|p2a: Hoopa|Hoopa|59\/100\n|turn|20\n|\n|t:|1700923857\n|move|p2a: Hoopa|Drain Punch|p1a: Corviknight\n|-damage|p1a: Corviknight|15\/100\n|-heal|p2a: Hoopa|71\/100|[from] drain|[of] p1a: Corviknight\n|move|p1a: Corviknight|Steel Beam|p2a: Hoopa\n|-damage|p2a: Hoopa|0 fnt\n|-damage|p1a: Corviknight|0 fnt|[from] steelbeam\n|faint|p1a: Corviknight\n|faint|p2a: Hoopa\n|\n|upkeep\n|\n|t:|1700923865\n|switch|p2a: Ribombee|Ribombee, F|1\/100\n|switch|p1a: Polteageist|Polteageist|100\/100\n|-activate|p1a: Polteageist|move: Sticky Web\n|-unboost|p1a: Polteageist|spe|1\n|turn|21\n|\n|t:|1700923868\n|move|p1a: Polteageist|Sucker Punch|p2a: Ribombee\n|-resisted|p2a: Ribombee\n|-damage|p2a: Ribombee|0 fnt\n|faint|p2a: Ribombee\n|\n|win|Profesor Turo\n|c|\u2606Rei_darkness|gg\n|c|\u2606Profesor Turo|Ggs\n","uploadtime":1700923872,"views":12,"p1id":"profesorturo","p2id":"reidarkness","formatid":"gen9ubers","rating":0,"private":0,"password":""}