{"id":"gen9ubers-1971724859","p1":"Pachal123","p2":"TenSephiroth","format":"[Gen 9] Ubers","log":"|j|\u2606Pachal123\n|j|\u2606TenSephiroth\n|t:|1697765196\n|gametype|singles\n|player|p1|Pachal123|dragontamer|\n|player|p2|TenSephiroth|steven|\n|teamsize|p1|6\n|teamsize|p2|6\n|gen|9\n|tier|[Gen 9] Ubers\n|rule|Sleep Clause Mod: Limit one foe put to sleep\n|rule|Species Clause: Limit one of each Pok\u00e9mon\n|rule|OHKO Clause: OHKO moves are banned\n|rule|Evasion Items Clause: Evasion items are banned\n|rule|Evasion Moves Clause: Evasion moves are banned\n|rule|Endless Battle Clause: Forcing endless battles is banned\n|rule|HP Percentage Mod: HP is shown in percentages\n|clearpoke\n|poke|p1|Gliscor, F|\n|poke|p1|Tyranitar, F|\n|poke|p1|Hoopa-Unbound|\n|poke|p1|Great Tusk|\n|poke|p1|Haxorus, M|\n|poke|p1|Heatran, M|\n|poke|p2|Eternatus|\n|poke|p2|Slowking-Galar, M|\n|poke|p2|Toxapex, M|\n|poke|p2|Fezandipiti, M|\n|poke|p2|Iron Moth|\n|poke|p2|Clodsire, M|\n|teampreview\n|\n|t:|1697765223\n|start\n|switch|p1a: Tyranitar|Tyranitar, F|100\/100\n|switch|p2a: Toxapex|Toxapex, M|100\/100\n|-weather|Sandstorm|[from] ability: Sand Stream|[of] p1a: Tyranitar\n|turn|1\n|\n|t:|1697765239\n|move|p1a: Tyranitar|Earth Power|p2a: Toxapex\n|-supereffective|p2a: Toxapex\n|-damage|p2a: Toxapex|60\/100\n|move|p2a: Toxapex|Toxic Spikes|p1a: Tyranitar\n|-sidestart|p1: Pachal123|move: Toxic Spikes\n|\n|-weather|Sandstorm|[upkeep]\n|-damage|p2a: Toxapex|53\/100|[from] Sandstorm\n|-heal|p2a: Toxapex|60\/100|[from] item: Black Sludge\n|upkeep\n|turn|2\n|\n|t:|1697765255\n|move|p2a: Toxapex|Baneful Bunker|p2a: Toxapex\n|-singleturn|p2a: Toxapex|move: Protect\n|move|p1a: Tyranitar|Earth Power|p2a: Toxapex\n|-activate|p2a: Toxapex|move: Protect\n|\n|-weather|Sandstorm|[upkeep]\n|-damage|p2a: Toxapex|53\/100|[from] Sandstorm\n|-heal|p2a: Toxapex|60\/100|[from] item: Black Sludge\n|upkeep\n|turn|3\n|\n|t:|1697765269\n|switch|p2a: Clodsire|Clodsire, M|100\/100\n|move|p1a: Tyranitar|Earth Power|p2a: Clodsire\n|-supereffective|p2a: Clodsire\n|-damage|p2a: Clodsire|66\/100\n|\n|-weather|Sandstorm|[upkeep]\n|upkeep\n|turn|4\n|\n|t:|1697765286\n|switch|p1a: Gliscor|Gliscor, F|100\/100\n|move|p2a: Clodsire|Earthquake|p1a: Gliscor\n|-immune|p1a: Gliscor\n|\n|-weather|Sandstorm|[upkeep]\n|-status|p1a: Gliscor|tox|[from] item: Toxic Orb\n|upkeep\n|turn|5\n|\n|t:|1697765300\n|move|p1a: Gliscor|Stealth Rock|p2a: Clodsire\n|-sidestart|p2: TenSephiroth|move: Stealth Rock\n|move|p2a: Clodsire|Recover|p2a: Clodsire\n|-heal|p2a: Clodsire|100\/100\n|\n|-weather|none\n|upkeep\n|turn|6\n|\n|t:|1697765315\n|switch|p1a: Great Tusk|Great Tusk|100\/100\n|move|p2a: Clodsire|Body Press|p1a: Great Tusk\n|-damage|p1a: Great Tusk|91\/100\n|\n|upkeep\n|turn|7\n|\n|t:|1697765324\n|move|p1a: Great Tusk|Rapid Spin|p2a: Clodsire\n|-damage|p2a: Clodsire|78\/100\n|-boost|p1a: Great Tusk|spe|1\n|-damage|p1a: Great Tusk|75\/100|[from] item: Rocky Helmet|[of] p2a: Clodsire\n|-sideend|p1: Pachal123|Toxic Spikes|[from] move: Rapid Spin|[of] p1a: Great Tusk\n|move|p2a: Clodsire|Earthquake|p1a: Great Tusk\n|-damage|p1a: Great Tusk|47\/100\n|\n|upkeep\n|turn|8\n|\n|t:|1697765334\n|move|p1a: Great Tusk|Earthquake|p2a: Clodsire\n|-supereffective|p2a: Clodsire\n|-damage|p2a: Clodsire|0 fnt\n|faint|p2a: Clodsire\n|\n|upkeep\n|\n|t:|1697765344\n|switch|p2a: Toxapex|Toxapex, M|60\/100\n|-damage|p2a: Toxapex|47\/100|[from] Stealth Rock\n|turn|9\n|\n|t:|1697765350\n|move|p2a: Toxapex|Baneful Bunker|p2a: Toxapex\n|-singleturn|p2a: Toxapex|move: Protect\n|move|p1a: Great Tusk|Earthquake|p2a: Toxapex\n|-activate|p2a: Toxapex|move: Protect\n|\n|-heal|p2a: Toxapex|53\/100|[from] item: Black Sludge\n|upkeep\n|turn|10\n|\n|t:|1697765359\n|move|p1a: Great Tusk|Earthquake|p2a: Toxapex\n|-supereffective|p2a: Toxapex\n|-damage|p2a: Toxapex|0 fnt\n|faint|p2a: Toxapex\n|\n|upkeep\n|\n|t:|1697765366\n|switch|p2a: Fezandipiti|Fezandipiti, M|100\/100\n|turn|11\n|\n|t:|1697765377\n|move|p1a: Great Tusk|Earthquake|p2a: Fezandipiti\n|-supereffective|p2a: Fezandipiti\n|-damage|p2a: Fezandipiti|0 fnt\n|faint|p2a: Fezandipiti\n|\n|upkeep\n|\n|t:|1697765385\n|switch|p2a: Slowking|Slowking-Galar, M|100\/100\n|-damage|p2a: Slowking|88\/100|[from] Stealth Rock\n|turn|12\n|\n|t:|1697765392\n|move|p1a: Great Tusk|Earthquake|p2a: Slowking\n|-supereffective|p2a: Slowking\n|-damage|p2a: Slowking|0 fnt\n|faint|p2a: Slowking\n|\n|upkeep\n|\n|t:|1697765398\n|switch|p2a: Iron Moth|Iron Moth|100\/100\n|-damage|p2a: Iron Moth|76\/100|[from] Stealth Rock\n|-enditem|p2a: Iron Moth|Booster Energy\n|-activate|p2a: Iron Moth|ability: Quark Drive|[fromitem]\n|-start|p2a: Iron Moth|quarkdrivespa\n|turn|13\n|\n|t:|1697765406\n|move|p1a: Great Tusk|Earthquake|p2a: Iron Moth\n|-supereffective|p2a: Iron Moth\n|-crit|p2a: Iron Moth\n|-damage|p2a: Iron Moth|0 fnt\n|faint|p2a: Iron Moth\n|-end|p2a: Iron Moth|Quark Drive|[silent]\n|\n|upkeep\n|\n|t:|1697765412\n|switch|p2a: Eternatus|Eternatus|100\/100\n|-damage|p2a: Eternatus|88\/100|[from] Stealth Rock\n|-ability|p2a: Eternatus|Pressure\n|turn|14\n|\n|t:|1697765419\n|move|p2a: Eternatus|Flash Cannon|p1a: Great Tusk\n|-damage|p1a: Great Tusk|7\/100\n|move|p1a: Great Tusk|Earthquake|p2a: Eternatus\n|-supereffective|p2a: Eternatus\n|-damage|p2a: Eternatus|2\/100\n|\n|upkeep\n|turn|15\n|\n|t:|1697765430\n|move|p2a: Eternatus|Flash Cannon|p1a: Great Tusk\n|-damage|p1a: Great Tusk|0 fnt\n|faint|p1a: Great Tusk\n|-end|p1a: Great Tusk|Protosynthesis|[silent]\n|\n|upkeep\n|\n|t:|1697765442\n|switch|p1a: Heatran|Heatran, M|100\/100\n|turn|16\n|\n|t:|1697765459\n|move|p2a: Eternatus|Flash Cannon|p1a: Heatran\n|-resisted|p1a: Heatran\n|-damage|p1a: Heatran|95\/100\n|move|p1a: Heatran|Earth Power|p2a: Eternatus\n|-supereffective|p2a: Eternatus\n|-damage|p2a: Eternatus|0 fnt\n|faint|p2a: Eternatus\n|\n|win|Pachal123\n","uploadtime":1697765473,"views":13,"p1id":"pachal123","p2id":"tensephiroth","formatid":"gen9ubers","rating":0,"private":0,"password":""}