{"id":"gen9ubers-1990557073","p1":"jakewwwwwww","p2":"NEdgyman","format":"[Gen 9] Ubers","log":"|j|\u2606jakewwwwwww\n|j|\u2606NEdgyman\n|t:|1699981221\n|gametype|singles\n|player|p1|jakewwwwwww|2|\n|player|p2|NEdgyman|hanbei-conquest|\n|teamsize|p1|6\n|teamsize|p2|6\n|gen|9\n|tier|[Gen 9] Ubers\n|rule|Sleep Clause Mod: Limit one foe put to sleep\n|rule|Species Clause: Limit one of each Pok\u00e9mon\n|rule|OHKO Clause: OHKO moves are banned\n|rule|Evasion Items Clause: Evasion items are banned\n|rule|Evasion Moves Clause: Evasion moves are banned\n|rule|Endless Battle Clause: Forcing endless battles is banned\n|rule|HP Percentage Mod: HP is shown in percentages\n|clearpoke\n|poke|p1|Zarude|\n|poke|p1|Cinderace, F|\n|poke|p1|Mamoswine, F|\n|poke|p1|Iron Valiant|\n|poke|p1|Corviknight, M|\n|poke|p1|Florges, F|\n|poke|p2|Annihilape, F|\n|poke|p2|Crawdaunt, F|\n|poke|p2|Glimmora, F|\n|poke|p2|Jolteon, F|\n|poke|p2|Cryogonal|\n|poke|p2|Typhlosion, F|\n|teampreview\n|c|\u2606NEdgyman|glhf\n|c|\u2606jakewwwwwww|U2\n|\n|t:|1699981296\n|start\n|switch|p1a: Generation Loss|Zarude|100\/100\n|switch|p2a: Jr. Crocker|Jolteon, F|100\/100\n|turn|1\n|j| So Threatening\n|c| So Threatening|lets go jake\n|\n|t:|1699981379\n|-terastallize|p2a: Jr. Crocker|Ice\n|move|p2a: Jr. Crocker|Tera Blast|p1a: Generation Loss|[anim] Tera Blast Ice\n|-supereffective|p1a: Generation Loss\n|-damage|p1a: Generation Loss|38\/100\n|move|p1a: Generation Loss|Knock Off|p2a: Jr. Crocker\n|-damage|p2a: Jr. Crocker|32\/100\n|-enditem|p2a: Jr. Crocker|Choice Scarf|[from] move: Knock Off|[of] p1a: Generation Loss\n|\n|upkeep\n|turn|2\n|\n|t:|1699981392\n|-terastallize|p1a: Generation Loss|Fire\n|move|p2a: Jr. Crocker|Volt Switch|p1a: Generation Loss\n|-damage|p1a: Generation Loss|8\/100\n|\n|t:|1699981413\n|switch|p2a: RISK RISK RISK!|Typhlosion, F|100\/100|[from] Volt Switch\n|move|p1a: Generation Loss|Drain Punch|p2a: RISK RISK RISK!\n|-damage|p2a: RISK RISK RISK!|74\/100\n|-heal|p1a: Generation Loss|17\/100|[from] drain|[of] p2a: RISK RISK RISK!\n|\n|upkeep\n|turn|3\n|c| So Threatening|that is one fucking fast jolteon lol\n|\n|t:|1699981431\n|move|p1a: Generation Loss|Knock Off|p2a: RISK RISK RISK!\n|-damage|p2a: RISK RISK RISK!|20\/100\n|-enditem|p2a: RISK RISK RISK!|Focus Sash|[from] move: Knock Off|[of] p1a: Generation Loss\n|move|p2a: RISK RISK RISK!|Overheat|p1a: Generation Loss\n|-resisted|p1a: Generation Loss\n|-damage|p1a: Generation Loss|0 fnt\n|-unboost|p2a: RISK RISK RISK!|spa|2\n|faint|p1a: Generation Loss\n|\n|upkeep\n|\n|t:|1699981451\n|switch|p1a: Lifers|Florges, F|100\/100\n|turn|4\n|\n|t:|1699981459\n|switch|p2a: Falcom Fanbase|Glimmora, F|100\/100\n|move|p1a: Lifers|Calm Mind|p1a: Lifers\n|-boost|p1a: Lifers|spa|1\n|-boost|p1a: Lifers|spd|1\n|\n|upkeep\n|turn|5\n|\n|t:|1699981483\n|move|p2a: Falcom Fanbase|Mortal Spin|p1a: Lifers\n|-supereffective|p1a: Lifers\n|-damage|p1a: Lifers|87\/100\n|-status|p1a: Lifers|psn\n|move|p1a: Lifers|Calm Mind|p1a: Lifers\n|-boost|p1a: Lifers|spa|1\n|-boost|p1a: Lifers|spd|1\n|\n|-heal|p1a: Lifers|93\/100 psn|[from] item: Leftovers\n|-damage|p1a: Lifers|81\/100 psn|[from] psn\n|upkeep\n|turn|6\n|\n|t:|1699981494\n|switch|p2a: RISK RISK RISK!|Typhlosion, F|20\/100\n|move|p1a: Lifers|Wish|p1a: Lifers\n|\n|-heal|p1a: Lifers|87\/100 psn|[from] item: Leftovers\n|-damage|p1a: Lifers|75\/100 psn|[from] psn\n|upkeep\n|turn|7\n|\n|t:|1699981502\n|move|p1a: Lifers|Moonblast|p2a: RISK RISK RISK!\n|-resisted|p2a: RISK RISK RISK!\n|-damage|p2a: RISK RISK RISK!|0 fnt\n|faint|p2a: RISK RISK RISK!\n|\n|-heal|p1a: Lifers|100\/100 psn|[from] move: Wish|[wisher] Lifers\n|-damage|p1a: Lifers|88\/100 psn|[from] psn\n|upkeep\n|\n|t:|1699981540\n|switch|p2a: Boiled Dinner|Crawdaunt, F|100\/100\n|turn|8\n|j| Quackborg\n|\n|t:|1699981544\n|move|p2a: Boiled Dinner|Crabhammer|p1a: Lifers\n|-damage|p1a: Lifers|10\/100 psn\n|move|p1a: Lifers|Moonblast|p2a: Boiled Dinner\n|-supereffective|p2a: Boiled Dinner\n|-damage|p2a: Boiled Dinner|0 fnt\n|faint|p2a: Boiled Dinner\n|\n|-heal|p1a: Lifers|16\/100 psn|[from] item: Leftovers\n|-damage|p1a: Lifers|4\/100 psn|[from] psn\n|upkeep\n|c| Quackborg|Hell\n|c| Quackborg|o\n|c|\u2606NEdgyman|Oh wow max defense\n|\n|t:|1699981578\n|switch|p2a: Howler Monkey|Annihilape, F, shiny|100\/100\n|turn|9\n|\n|t:|1699981588\n|move|p2a: Howler Monkey|Drain Punch|p1a: Lifers\n|-resisted|p1a: Lifers\n|-damage|p1a: Lifers|0 fnt\n|faint|p1a: Lifers\n|\n|upkeep\n|\n|t:|1699981621\n|switch|p1a: Clean-Up Crew|Iron Valiant|100\/100\n|-enditem|p1a: Clean-Up Crew|Booster Energy\n|-activate|p1a: Clean-Up Crew|ability: Quark Drive|[fromitem]\n|-start|p1a: Clean-Up Crew|quarkdrivespe\n|turn|10\n|\n|t:|1699981643\n|move|p1a: Clean-Up Crew|Calm Mind|p1a: Clean-Up Crew\n|-boost|p1a: Clean-Up Crew|spa|1\n|-boost|p1a: Clean-Up Crew|spd|1\n|move|p2a: Howler Monkey|Poison Jab|p1a: Clean-Up Crew\n|-supereffective|p1a: Clean-Up Crew\n|-damage|p1a: Clean-Up Crew|41\/100\n|-status|p1a: Clean-Up Crew|psn\n|\n|-damage|p1a: Clean-Up Crew|28\/100 psn|[from] psn\n|upkeep\n|turn|11\n|\n|t:|1699981688\n|move|p1a: Clean-Up Crew|Moonblast|p2a: Howler Monkey\n|-supereffective|p2a: Howler Monkey\n|-enditem|p2a: Howler Monkey|Roseli Berry|[eat]\n|-enditem|p2a: Howler Monkey|Roseli Berry|[weaken]\n|-damage|p2a: Howler Monkey|31\/100\n|move|p2a: Howler Monkey|Drain Punch|p1a: Clean-Up Crew\n|-resisted|p1a: Clean-Up Crew\n|-damage|p1a: Clean-Up Crew|7\/100 psn\n|-heal|p2a: Howler Monkey|39\/100|[from] drain|[of] p1a: Clean-Up Crew\n|\n|-damage|p1a: Clean-Up Crew|0 fnt|[from] psn\n|faint|p1a: Clean-Up Crew\n|-end|p1a: Clean-Up Crew|Quark Drive|[silent]\n|upkeep\n|\n|t:|1699981701\n|switch|p1a: Kick|Cinderace, F|100\/100\n|turn|12\n|\n|t:|1699981714\n|switch|p2a: Special Snowflake|Cryogonal|100\/100\n|move|p1a: Kick|Zen Headbutt|p2a: Special Snowflake\n|-start|p1a: Kick|typechange|Psychic|[from] ability: Libero\n|-damage|p2a: Special Snowflake|38\/100\n|\n|upkeep\n|turn|13\n|c|\u2606NEdgyman|oh i just know you got the scarf zen\n|\n|t:|1699981740\n|move|p1a: Kick|Zen Headbutt|p2a: Special Snowflake\n|-damage|p2a: Special Snowflake|0 fnt\n|faint|p2a: Special Snowflake\n|\n|upkeep\n|\n|t:|1699981752\n|switch|p2a: Jr. Crocker|Jolteon, F, tera:Ice|32\/100\n|turn|14\n|\n|t:|1699981757\n|switch|p1a: Otis\/Carl|Mamoswine, F|100\/100\n|move|p2a: Jr. Crocker|Thunderbolt|p1a: Otis\/Carl\n|-immune|p1a: Otis\/Carl\n|\n|upkeep\n|turn|15\n|\n|t:|1699981792\n|move|p1a: Otis\/Carl|Earthquake|p2a: Jr. Crocker\n|-damage|p2a: Jr. Crocker|0 fnt\n|faint|p2a: Jr. Crocker\n|\n|upkeep\n|\n|t:|1699981798\n|switch|p2a: Howler Monkey|Annihilape, F, shiny|39\/100\n|turn|16\n|\n|t:|1699981805\n|move|p1a: Otis\/Carl|Earthquake|p2a: Howler Monkey\n|-damage|p2a: Howler Monkey|0 fnt\n|faint|p2a: Howler Monkey\n|\n|upkeep\n|\n|t:|1699981810\n|switch|p2a: Falcom Fanbase|Glimmora, F|100\/100\n|turn|17\n|l| So Threatening\n|\n|t:|1699981823\n|move|p1a: Otis\/Carl|Earthquake|p2a: Falcom Fanbase\n|-supereffective|p2a: Falcom Fanbase\n|-damage|p2a: Falcom Fanbase|0 fnt\n|-activate|p2a: Falcom Fanbase|ability: Toxic Debris\n|-sidestart|p1: jakewwwwwww|move: Toxic Spikes\n|faint|p2a: Falcom Fanbase\n|\n|win|jakewwwwwww\n|c|\u2606NEdgyman|gg\n|l| Quackborg\n|c|\u2606jakewwwwwww|GG\n","uploadtime":1699981838,"views":31,"p1id":"jakewwwwwww","p2id":"nedgyman","formatid":"gen9ubers","rating":0,"private":0,"password":""}