{"id":"gen9ubers-1973078219","p1":"Vashlic","p2":"Takiaz","format":"[Gen 9] Ubers","log":"|j|\u2606Vashlic\n|j|\u2606Takiaz\n|t:|1697925185\n|gametype|singles\n|player|p1|Vashlic|266|1204\n|player|p2|Takiaz|1|1104\n|teamsize|p1|6\n|teamsize|p2|6\n|gen|9\n|tier|[Gen 9] Ubers\n|rated|\n|rule|Sleep Clause Mod: Limit one foe put to sleep\n|rule|Species Clause: Limit one of each Pok\u00e9mon\n|rule|OHKO Clause: OHKO moves are banned\n|rule|Evasion Items Clause: Evasion items are banned\n|rule|Evasion Moves Clause: Evasion moves are banned\n|rule|Endless Battle Clause: Forcing endless battles is banned\n|rule|HP Percentage Mod: HP is shown in percentages\n|clearpoke\n|poke|p1|Kyogre|\n|poke|p1|Ribombee, M|\n|poke|p1|Zacian-*|\n|poke|p1|Arceus|\n|poke|p1|Giratina-Origin|\n|poke|p1|Landorus, M|\n|poke|p2|Giratina|\n|poke|p2|Groudon|\n|poke|p2|Chien-Pao|\n|poke|p2|Blissey, F|\n|poke|p2|Zacian-*|\n|poke|p2|Toxapex, F|\n|teampreview\n|\n|t:|1697925198\n|start\n|switch|p1a: Ribombee|Ribombee, M|100\/100\n|switch|p2a: Groudon|Groudon|100\/100\n|-weather|SunnyDay|[from] ability: Drought|[of] p2a: Groudon\n|turn|1\n|\n|t:|1697925203\n|move|p1a: Ribombee|Sticky Web|p2a: Groudon\n|-sidestart|p2: Takiaz|move: Sticky Web\n|move|p2a: Groudon|Heat Crash|p1a: Ribombee\n|-supereffective|p1a: Ribombee\n|-enditem|p1a: Ribombee|Focus Sash\n|-damage|p1a: Ribombee|1\/100\n|\n|-weather|SunnyDay|[upkeep]\n|upkeep\n|turn|2\n|c|\u2606Takiaz|ffs\n|c|\u2606Takiaz|please\n|c|\u2606Takiaz|u fucking garbage\n|n|\u203dTakiaz|takiaz\n|c|&|\/log Takiaz was locked from talking by Artemis. (\u2606Takiaz: u fucking garbage)\n|c|&|\/raw <small>This action was done automatically. Want to learn more about the AI? <a href=\"https:\/\/www.smogon.com\/forums\/threads\/3570628\/#post-9056769\">Visit the information thread<\/a>.<\/small>\n|\n|t:|1697925227\n|move|p1a: Ribombee|Stun Spore|p2a: Groudon\n|-status|p2a: Groudon|par\n|move|p2a: Groudon|Heat Crash|p1a: Ribombee\n|-supereffective|p1a: Ribombee\n|-damage|p1a: Ribombee|0 fnt\n|faint|p1a: Ribombee\n|\n|-weather|SunnyDay|[upkeep]\n|upkeep\n|\n|t:|1697925244\n|switch|p1a: Kyogre|Kyogre|100\/100\n|-weather|RainDance|[from] ability: Drizzle|[of] p1a: Kyogre\n|turn|3\n|\n|t:|1697925250\n|switch|p2a: Toxapex|Toxapex, F|100\/100\n|-activate|p2a: Toxapex|move: Sticky Web\n|-unboost|p2a: Toxapex|spe|1\n|move|p1a: Kyogre|Water Spout|p2a: Toxapex\n|-resisted|p2a: Toxapex\n|-crit|p2a: Toxapex\n|-damage|p2a: Toxapex|0 fnt\n|faint|p2a: Toxapex\n|\n|-weather|RainDance|[upkeep]\n|upkeep\n|\n|t:|1697925259\n|switch|p2a: Zacian|Zacian-Crowned|100\/100\n|-activate|p2a: Zacian|move: Sticky Web\n|-unboost|p2a: Zacian|spe|1\n|-ability|p2a: Zacian|Intrepid Sword|boost\n|-boost|p2a: Zacian|atk|1\n|turn|4\n|\n|t:|1697925272\n|switch|p1a: Giratina|Giratina-Origin|100\/100\n|move|p2a: Zacian|Behemoth Blade|p1a: Giratina\n|-damage|p1a: Giratina|50\/100\n|\n|-weather|RainDance|[upkeep]\n|upkeep\n|turn|5\n|\n|t:|1697925279\n|move|p2a: Zacian|Behemoth Blade|p1a: Giratina\n|-damage|p1a: Giratina|0 fnt\n|faint|p1a: Giratina\n|\n|-weather|RainDance|[upkeep]\n|upkeep\n|\n|t:|1697925297\n|switch|p1a: Kyogre|Kyogre|100\/100\n|turn|6\n|\n|t:|1697925317\n|move|p2a: Zacian|Behemoth Blade|p1a: Kyogre\n|-resisted|p1a: Kyogre\n|-damage|p1a: Kyogre|56\/100\n|move|p1a: Kyogre|Origin Pulse|p2a: Zacian\n|-damage|p2a: Zacian|0 fnt\n|faint|p2a: Zacian\n|\n|-weather|RainDance|[upkeep]\n|upkeep\n|\n|t:|1697925327\n|switch|p2a: Blissey|Blissey, F|100\/100\n|-activate|p2a: Blissey|move: Sticky Web\n|-unboost|p2a: Blissey|spe|1\n|turn|7\n|\n|t:|1697925337\n|switch|p1a: Arceus|Arceus|100\/100\n|move|p2a: Blissey|Calm Mind|p2a: Blissey\n|-boost|p2a: Blissey|spa|1\n|-boost|p2a: Blissey|spd|1\n|\n|-weather|none\n|upkeep\n|turn|8\n|\n|t:|1697925346\n|move|p1a: Arceus|Swords Dance|p1a: Arceus\n|-boost|p1a: Arceus|atk|2\n|move|p2a: Blissey|Calm Mind|p2a: Blissey\n|-boost|p2a: Blissey|spa|1\n|-boost|p2a: Blissey|spd|1\n|\n|upkeep\n|turn|9\n|\n|t:|1697925355\n|-terastallize|p2a: Blissey|Psychic\n|move|p1a: Arceus|Swords Dance|p1a: Arceus\n|-boost|p1a: Arceus|atk|2\n|move|p2a: Blissey|Psychic|p1a: Arceus\n|-damage|p1a: Arceus|66\/100\n|\n|upkeep\n|turn|10\n|\n|t:|1697925363\n|switch|p2a: Groudon|Groudon|100\/100 par\n|-activate|p2a: Groudon|move: Sticky Web\n|-unboost|p2a: Groudon|spe|1\n|-weather|SunnyDay|[from] ability: Drought|[of] p2a: Groudon\n|move|p1a: Arceus|Shadow Claw|p2a: Groudon\n|-damage|p2a: Groudon|53\/100 par\n|\n|-weather|SunnyDay|[upkeep]\n|-heal|p2a: Groudon|59\/100 par|[from] item: Leftovers\n|upkeep\n|turn|11\n|\n|t:|1697925368\n|move|p1a: Arceus|Extreme Speed|p2a: Groudon\n|-damage|p2a: Groudon|0 fnt\n|faint|p2a: Groudon\n|\n|-weather|SunnyDay|[upkeep]\n|upkeep\n|\n|t:|1697925374\n|switch|p2a: Giratina|Giratina|100\/100\n|-activate|p2a: Giratina|move: Sticky Web\n|-unboost|p2a: Giratina|spe|1\n|-ability|p2a: Giratina|Pressure\n|turn|12\n|\n|t:|1697925380\n|move|p1a: Arceus|Shadow Claw|p2a: Giratina\n|-supereffective|p2a: Giratina\n|-damage|p2a: Giratina|19\/100\n|move|p2a: Giratina|Dragon Pulse|p1a: Arceus\n|-damage|p1a: Arceus|36\/100\n|\n|-weather|SunnyDay|[upkeep]\n|upkeep\n|turn|13\n|\n|t:|1697925388\n|move|p2a: Giratina|Protect|p2a: Giratina\n|-singleturn|p2a: Giratina|Protect\n|move|p1a: Arceus|Shadow Claw|p2a: Giratina\n|-activate|p2a: Giratina|move: Protect\n|\n|-weather|SunnyDay|[upkeep]\n|upkeep\n|turn|14\n|\n|t:|1697925394\n|switch|p2a: Blissey|Blissey, F, tera:Psychic|100\/100\n|-activate|p2a: Blissey|move: Sticky Web\n|-unboost|p2a: Blissey|spe|1\n|move|p1a: Arceus|Shadow Claw|p2a: Blissey\n|-supereffective|p2a: Blissey\n|-crit|p2a: Blissey\n|-damage|p2a: Blissey|0 fnt\n|faint|p2a: Blissey\n|\n|-weather|none\n|upkeep\n|inactive|Battle timer is ON: inactive players will automatically lose when time's up. (requested by Vashlic)\n|\n|t:|1697925425\n|switch|p2a: Chien-Pao|Chien-Pao|100\/100\n|-activate|p2a: Chien-Pao|move: Sticky Web\n|-unboost|p2a: Chien-Pao|spe|1\n|-ability|p2a: Chien-Pao|Sword of Ruin\n|turn|15\n|\n|t:|1697925431\n|move|p1a: Arceus|Extreme Speed|p2a: Chien-Pao\n|-damage|p2a: Chien-Pao|0 fnt\n|faint|p2a: Chien-Pao\n|\n|upkeep\n|\n|t:|1697925436\n|switch|p2a: Giratina|Giratina|19\/100\n|-activate|p2a: Giratina|move: Sticky Web\n|-unboost|p2a: Giratina|spe|1\n|-ability|p2a: Giratina|Pressure\n|turn|16\n|\n|t:|1697925440\n|move|p2a: Giratina|Protect|p2a: Giratina\n|-singleturn|p2a: Giratina|Protect\n|move|p1a: Arceus|Shadow Claw|p2a: Giratina\n|-activate|p2a: Giratina|move: Protect\n|\n|upkeep\n|turn|17\n|\n|t:|1697925448\n|move|p1a: Arceus|Shadow Claw|p2a: Giratina\n|-supereffective|p2a: Giratina\n|-damage|p2a: Giratina|0 fnt\n|faint|p2a: Giratina\n|\n|win|Vashlic\n|raw|Vashlic's rating: 1204 &rarr; <strong>1222<\/strong><br \/>(+18 for winning)\n|raw|Takiaz's rating: 1104 &rarr; <strong>1086<\/strong><br \/>(-18 for losing)\n","uploadtime":1697925218,"views":9,"p1id":"vashlic","p2id":"takiaz","formatid":"gen9ubers","rating":1086,"private":0,"password":""}