{"id":"gen9ubers-1977625415","p1":"Blake-Mamba","p2":"triwarrior","format":"[Gen 9] Ubers","log":"|j|\u2606Blake-Mamba\n|j|\u2606triwarrior\n|t:|1698432954\n|gametype|singles\n|player|p1|Blake-Mamba|juan|1191\n|player|p2|triwarrior|266|1276\n|teamsize|p1|6\n|teamsize|p2|6\n|gen|9\n|tier|[Gen 9] Ubers\n|rated|\n|rule|Sleep Clause Mod: Limit one foe put to sleep\n|rule|Species Clause: Limit one of each Pok\u00e9mon\n|rule|OHKO Clause: OHKO moves are banned\n|rule|Evasion Items Clause: Evasion items are banned\n|rule|Evasion Moves Clause: Evasion moves are banned\n|rule|Endless Battle Clause: Forcing endless battles is banned\n|rule|HP Percentage Mod: HP is shown in percentages\n|clearpoke\n|poke|p1|Ogerpon-Hearthflame, F|\n|poke|p1|Vikavolt, F|\n|poke|p1|Kommo-o, M|\n|poke|p1|Ursaluna-Bloodmoon, M|\n|poke|p1|Yanmega, F|\n|poke|p1|Chandelure, F|\n|poke|p2|Palkia-Origin|\n|poke|p2|Kyogre|\n|poke|p2|Eternatus|\n|poke|p2|Arceus|\n|poke|p2|Mewtwo|\n|poke|p2|Groudon|\n|teampreview\n|inactive|Battle timer is ON: inactive players will automatically lose when time's up. (requested by Blake-Mamba)\n|inactive|triwarrior also wants the timer to be on.\n|\n|t:|1698432992\n|start\n|switch|p1a: Vikavolt|Vikavolt, F|100\/100\n|switch|p2a: Kyogre|Kyogre|100\/100\n|-weather|RainDance|[from] ability: Drizzle|[of] p2a: Kyogre\n|turn|1\n|-activate|p1a: Vikavolt|item: Quick Claw\n|\n|t:|1698433000\n|move|p1a: Vikavolt|Thunder|p2a: Kyogre\n|-supereffective|p2a: Kyogre\n|-damage|p2a: Kyogre|2\/100\n|move|p2a: Kyogre|Water Spout|p1a: Vikavolt\n|-damage|p1a: Vikavolt|99\/100\n|\n|-weather|RainDance|[upkeep]\n|upkeep\n|turn|2\n|\n|t:|1698433010\n|switch|p2a: Groudon|Groudon|100\/100\n|-weather|SunnyDay|[from] ability: Drought|[of] p2a: Groudon\n|move|p1a: Vikavolt|Sticky Web|p2a: Groudon\n|-sidestart|p2: triwarrior|move: Sticky Web\n|\n|-weather|SunnyDay|[upkeep]\n|upkeep\n|turn|3\n|\n|t:|1698433018\n|move|p2a: Groudon|Swords Dance|p2a: Groudon\n|-boost|p2a: Groudon|atk|2\n|move|p1a: Vikavolt|Energy Ball|p2a: Groudon\n|-supereffective|p2a: Groudon\n|-damage|p2a: Groudon|17\/100\n|\n|-weather|SunnyDay|[upkeep]\n|upkeep\n|turn|4\n|\n|t:|1698433031\n|switch|p1a: Chandelure|Chandelure, F|100\/100\n|move|p2a: Groudon|Stone Edge|p1a: Chandelure\n|-supereffective|p1a: Chandelure\n|-damage|p1a: Chandelure|0 fnt\n|faint|p1a: Chandelure\n|\n|-weather|SunnyDay|[upkeep]\n|upkeep\n|\n|t:|1698433040\n|switch|p1a: Yanmega|Yanmega, F, shiny|100\/100\n|turn|5\n|\n|t:|1698433044\n|move|p1a: Yanmega|Protect|p1a: Yanmega\n|-singleturn|p1a: Yanmega|Protect\n|move|p2a: Groudon|Dragon Claw|p1a: Yanmega\n|-activate|p1a: Yanmega|move: Protect\n|\n|-weather|SunnyDay|[upkeep]\n|-ability|p1a: Yanmega|Speed Boost|boost\n|-boost|p1a: Yanmega|spe|1\n|upkeep\n|turn|6\n|\n|t:|1698433053\n|move|p1a: Yanmega|Bug Buzz|p2a: Groudon\n|-damage|p2a: Groudon|0 fnt\n|faint|p2a: Groudon\n|-enditem|p1a: Yanmega|Throat Spray\n|-boost|p1a: Yanmega|spa|1|[from] item: Throat Spray\n|\n|-weather|none\n|-ability|p1a: Yanmega|Speed Boost|boost\n|-boost|p1a: Yanmega|spe|1\n|upkeep\n|\n|t:|1698433078\n|switch|p2a: Mewtwo|Mewtwo|100\/100\n|-ability|p2a: Mewtwo|Unnerve\n|-activate|p2a: Mewtwo|move: Sticky Web\n|-unboost|p2a: Mewtwo|spe|1\n|turn|7\n|\n|t:|1698433086\n|move|p1a: Yanmega|Bug Buzz|p2a: Mewtwo\n|-supereffective|p2a: Mewtwo\n|-enditem|p2a: Mewtwo|Focus Sash\n|-damage|p2a: Mewtwo|1\/100\n|move|p2a: Mewtwo|Flamethrower|p1a: Yanmega\n|-supereffective|p1a: Yanmega\n|-damage|p1a: Yanmega|0 fnt\n|faint|p1a: Yanmega\n|\n|upkeep\n|\n|t:|1698433109\n|switch|p1a: Kommo-o|Kommo-o, M|100\/100\n|turn|8\n|\n|t:|1698433114\n|-terastallize|p1a: Kommo-o|Steel\n|move|p2a: Mewtwo|Psystrike|p1a: Kommo-o\n|-resisted|p1a: Kommo-o\n|-damage|p1a: Kommo-o|77\/100\n|move|p1a: Kommo-o|Clangorous Soul|p1a: Kommo-o\n|-boost|p1a: Kommo-o|atk|1\n|-boost|p1a: Kommo-o|def|1\n|-boost|p1a: Kommo-o|spa|1\n|-boost|p1a: Kommo-o|spd|1\n|-boost|p1a: Kommo-o|spe|1\n|-damage|p1a: Kommo-o|45\/100\n|\n|-heal|p1a: Kommo-o|51\/100|[from] item: Leftovers\n|upkeep\n|turn|9\n|\n|t:|1698433128\n|move|p1a: Kommo-o|Drain Punch|p2a: Mewtwo\n|-resisted|p2a: Mewtwo\n|-damage|p2a: Mewtwo|0 fnt\n|-heal|p1a: Kommo-o|51\/100|[from] drain|[of] p2a: Mewtwo\n|faint|p2a: Mewtwo\n|\n|-heal|p1a: Kommo-o|57\/100|[from] item: Leftovers\n|upkeep\n|\n|t:|1698433144\n|switch|p2a: Kyogre|Kyogre|2\/100\n|-activate|p2a: Kyogre|move: Sticky Web\n|-unboost|p2a: Kyogre|spe|1\n|-weather|RainDance|[from] ability: Drizzle|[of] p2a: Kyogre\n|turn|10\n|\n|t:|1698433152\n|move|p1a: Kommo-o|Drain Punch|p2a: Kyogre\n|-damage|p2a: Kyogre|0 fnt\n|-heal|p1a: Kommo-o|58\/100|[from] drain|[of] p2a: Kyogre\n|faint|p2a: Kyogre\n|\n|-weather|RainDance|[upkeep]\n|-heal|p1a: Kommo-o|64\/100|[from] item: Leftovers\n|upkeep\n|inactive|triwarrior has 120 seconds left.\n|\n|t:|1698433183\n|switch|p2a: Arceus|Arceus|100\/100\n|-activate|p2a: Arceus|move: Sticky Web\n|-unboost|p2a: Arceus|spe|1\n|turn|11\n|\n|t:|1698433189\n|move|p1a: Kommo-o|Drain Punch|p2a: Arceus\n|-supereffective|p2a: Arceus\n|-damage|p2a: Arceus|9\/100\n|-heal|p1a: Kommo-o|100\/100|[from] drain|[of] p2a: Arceus\n|move|p2a: Arceus|Earthquake|p1a: Kommo-o\n|-supereffective|p1a: Kommo-o\n|-damage|p1a: Kommo-o|68\/100\n|\n|-weather|RainDance|[upkeep]\n|-heal|p1a: Kommo-o|75\/100|[from] item: Leftovers\n|upkeep\n|turn|12\n|inactive|triwarrior has 120 seconds left.\n|-message|triwarrior forfeited.\n|\n|win|Blake-Mamba\n|raw|Blake-Mamba's rating: 1191 &rarr; <strong>1222<\/strong><br \/>(+31 for winning)\n|raw|triwarrior's rating: 1276 &rarr; <strong>1245<\/strong><br \/>(-31 for losing)\n|l|\u2606triwarrior\n","uploadtime":1698433204,"views":10,"p1id":"blakemamba","p2id":"triwarrior","formatid":"gen9ubers","rating":1222,"private":0,"password":""}