{"id":"gen9ubers-1977698482","p1":"ItsmeBlankKnight","p2":"Oomaester1234","format":"[Gen 9] Ubers","log":"|j|\u2606ItsmeBlankKnight\n|j|\u2606Oomaester1234\n|t:|1698439803\n|gametype|singles\n|player|p1|ItsmeBlankKnight|larry|\n|player|p2|Oomaester1234|teamrocket|\n|teamsize|p1|6\n|teamsize|p2|6\n|gen|9\n|tier|[Gen 9] Ubers\n|rule|Sleep Clause Mod: Limit one foe put to sleep\n|rule|Species Clause: Limit one of each Pok\u00e9mon\n|rule|OHKO Clause: OHKO moves are banned\n|rule|Evasion Items Clause: Evasion items are banned\n|rule|Evasion Moves Clause: Evasion moves are banned\n|rule|Endless Battle Clause: Forcing endless battles is banned\n|rule|HP Percentage Mod: HP is shown in percentages\n|clearpoke\n|poke|p1|Chi-Yu|\n|poke|p1|Palafin, M|\n|poke|p1|Spectrier|\n|poke|p1|Zacian-*|\n|poke|p1|Arceus-Poison|\n|poke|p1|Masquerain, F|\n|poke|p2|Spectrier|\n|poke|p2|Dialga|\n|poke|p2|Iron Valiant|\n|poke|p2|Moltres|\n|poke|p2|Palafin, F|\n|poke|p2|Cyclizar, F|\n|teampreview\n|inactive|Battle timer is ON: inactive players will automatically lose when time's up. (requested by ItsmeBlankKnight)\n|\n|t:|1698439815\n|start\n|switch|p1a: Masquerain|Masquerain, F|100\/100\n|switch|p2a: Palafin|Palafin, F|100\/100\n|-ability|p1a: Masquerain|Intimidate|boost\n|-unboost|p2a: Palafin|atk|1\n|turn|1\n|\n|t:|1698439819\n|move|p2a: Palafin|Flip Turn|p1a: Masquerain\n|-damage|p1a: Masquerain|77\/100\n|\n|t:|1698439821\n|detailschange|p2a: Palafin|Palafin-Hero, F\n|switch|p2a: Cyclizar|Cyclizar, F|100\/100|[from] Flip Turn\n|move|p1a: Masquerain|Sticky Web|p2a: Cyclizar\n|-sidestart|p2: Oomaester1234|move: Sticky Web\n|\n|upkeep\n|turn|2\n|\n|t:|1698439825\n|move|p2a: Cyclizar|Knock Off|p1a: Masquerain\n|-damage|p1a: Masquerain|48\/100\n|-enditem|p1a: Masquerain|Focus Sash|[from] move: Knock Off|[of] p2a: Cyclizar\n|move|p1a: Masquerain|U-turn|p2a: Cyclizar\n|-damage|p2a: Cyclizar|80\/100\n|\n|t:|1698439830\n|switch|p1a: Zacian|Zacian|100\/100|[from] U-turn\n|-ability|p1a: Zacian|Intrepid Sword|boost\n|-boost|p1a: Zacian|atk|1\n|\n|upkeep\n|turn|3\n|\n|t:|1698439850\n|switch|p2a: ho oh|Moltres, shiny|100\/100\n|move|p1a: Zacian|Play Rough|p2a: ho oh\n|-resisted|p2a: ho oh\n|-damage|p2a: ho oh|68\/100\n|-status|p1a: Zacian|brn|[from] ability: Flame Body|[of] p2a: ho oh\n|\n|-damage|p1a: Zacian|94\/100 brn|[from] brn\n|upkeep\n|turn|4\n|l|\u2606ItsmeBlankKnight\n|inactive|ItsmeBlankKnight disconnected and has 300 seconds to reconnect!\n|player|p1|\n|j|\u2606ItsmeBlankKnight\n|inactive|ItsmeBlankKnight reconnected and has 280 seconds left.\n|player|p1|ItsmeBlankKnight|larry\n|inactive|ItsmeBlankKnight has 270 seconds left.\n|c|\u2606ItsmeBlankKnight|srry my internet been really shitty recently\n|\n|t:|1698439902\n|switch|p1a: Palafin|Palafin, M|100\/100\n|move|p2a: ho oh|Roost|p2a: ho oh\n|-heal|p2a: ho oh|100\/100\n|-singleturn|p2a: ho oh|move: Roost\n|\n|upkeep\n|turn|5\n|c|\u2606Oomaester1234|its cool\n|c|\u2606Oomaester1234|happens do me\n|\n|t:|1698439912\n|detailschange|p1a: Palafin|Palafin-Hero, M\n|switch|p1a: Masquerain|Masquerain, F|48\/100\n|-ability|p1a: Masquerain|Intimidate|boost\n|-unboost|p2a: ho oh|atk|1\n|move|p2a: ho oh|Roost||[still]\n|-fail|p2a: ho oh|heal\n|\n|upkeep\n|turn|6\n|\n|t:|1698439915\n|move|p1a: Masquerain|Hydro Pump|p2a: ho oh\n|-supereffective|p2a: ho oh\n|-damage|p2a: ho oh|66\/100\n|move|p2a: ho oh|Flamethrower|p1a: Masquerain\n|-supereffective|p1a: Masquerain\n|-damage|p1a: Masquerain|0 fnt\n|faint|p1a: Masquerain\n|\n|upkeep\n|\n|t:|1698439922\n|switch|p1a: Palafin|Palafin-Hero, M|100\/100\n|-activate|p1a: Palafin|ability: Zero to Hero\n|turn|7\n|\n|t:|1698439930\n|move|p1a: Palafin|Wave Crash|p2a: ho oh\n|-supereffective|p2a: ho oh\n|-damage|p2a: ho oh|0 fnt\n|faint|p2a: ho oh\n|-damage|p1a: Palafin|76\/100|[from] Recoil\n|-damage|p1a: Palafin|66\/100|[from] item: Life Orb\n|\n|upkeep\n|\n|t:|1698439933\n|switch|p2a: Cyclizar|Cyclizar, F|100\/100\n|-activate|p2a: Cyclizar|move: Sticky Web\n|-unboost|p2a: Cyclizar|spe|1\n|turn|8\n|\n|t:|1698439937\n|move|p2a: Cyclizar|Rapid Spin|p1a: Palafin\n|-damage|p1a: Palafin|50\/100\n|-boost|p2a: Cyclizar|spe|1\n|-sideend|p2: Oomaester1234|Sticky Web|[from] move: Rapid Spin|[of] p2a: Cyclizar\n|move|p1a: Palafin|Close Combat|p2a: Cyclizar\n|-supereffective|p2a: Cyclizar\n|-damage|p2a: Cyclizar|0 fnt\n|-unboost|p1a: Palafin|def|1\n|-unboost|p1a: Palafin|spd|1\n|faint|p2a: Cyclizar\n|-damage|p1a: Palafin|40\/100|[from] item: Life Orb\n|\n|upkeep\n|\n|t:|1698439953\n|switch|p2a: Spectrier|Spectrier|100\/100\n|turn|9\n|inactive|ItsmeBlankKnight has 270 seconds left.\n|inactive|ItsmeBlankKnight has 240 seconds left.\n|\n|t:|1698440023\n|switch|p1a: Chi-Yu|Chi-Yu|100\/100\n|-ability|p1a: Chi-Yu|Beads of Ruin\n|move|p2a: Spectrier|Draining Kiss|p1a: Chi-Yu\n|-damage|p1a: Chi-Yu|79\/100\n|\n|upkeep\n|turn|10\n|inactive|ItsmeBlankKnight has 240 seconds left.\n|\n|t:|1698440038\n|switch|p2a: Palafin|Palafin-Hero, F|100\/100\n|-activate|p2a: Palafin|ability: Zero to Hero\n|move|p1a: Chi-Yu|Flamethrower|p2a: Palafin\n|-resisted|p2a: Palafin\n|-damage|p2a: Palafin|45\/100\n|\n|upkeep\n|turn|11\n|\n|t:|1698440042\n|move|p2a: Palafin|Jet Punch|p1a: Chi-Yu\n|-supereffective|p1a: Chi-Yu\n|-damage|p1a: Chi-Yu|0 fnt\n|faint|p1a: Chi-Yu\n|\n|upkeep\n|\n|t:|1698440044\n|switch|p1a: Arceus|Arceus-Poison|100\/100\n|turn|12\n|\n|t:|1698440046\n|move|p2a: Palafin|Flip Turn|p1a: Arceus\n|-damage|p1a: Arceus|70\/100\n|\n|t:|1698440048\n|switch|p2a: Dialga|Dialga|100\/100|[from] Flip Turn\n|-ability|p2a: Dialga|Pressure\n|move|p1a: Arceus|Swords Dance|p1a: Arceus\n|-boost|p1a: Arceus|atk|2\n|\n|upkeep\n|turn|13\n|\n|t:|1698440053\n|move|p1a: Arceus|Earthquake|p2a: Dialga\n|-supereffective|p2a: Dialga\n|-damage|p2a: Dialga|2\/100\n|move|p2a: Dialga|Roar|p1a: Arceus\n|drag|p1a: Zacian|Zacian|94\/100 brn\n|\n|-heal|p1a: Zacian|100\/100 brn|[from] item: Leftovers\n|-heal|p2a: Dialga|9\/100|[from] item: Leftovers\n|-damage|p1a: Zacian|94\/100 brn|[from] brn\n|upkeep\n|turn|14\n|\n|t:|1698440058\n|move|p1a: Zacian|Crunch|p2a: Dialga\n|-damage|p2a: Dialga|0 fnt\n|faint|p2a: Dialga\n|\n|-heal|p1a: Zacian|100\/100 brn|[from] item: Leftovers\n|-damage|p1a: Zacian|94\/100 brn|[from] brn\n|upkeep\n|\n|t:|1698440065\n|switch|p2a: Spectrier|Spectrier|100\/100\n|turn|15\n|\n|t:|1698440073\n|-terastallize|p2a: Spectrier|Fairy\n|move|p1a: Zacian|Crunch|p2a: Spectrier\n|-resisted|p2a: Spectrier\n|-damage|p2a: Spectrier|91\/100\n|move|p2a: Spectrier|Calm Mind|p2a: Spectrier\n|-boost|p2a: Spectrier|spa|1\n|-boost|p2a: Spectrier|spd|1\n|\n|-heal|p1a: Zacian|100\/100 brn|[from] item: Leftovers\n|-heal|p2a: Spectrier|97\/100|[from] item: Leftovers\n|-damage|p1a: Zacian|94\/100 brn|[from] brn\n|upkeep\n|turn|16\n|\n|t:|1698440078\n|move|p1a: Zacian|Play Rough|p2a: Spectrier\n|-damage|p2a: Spectrier|66\/100\n|move|p2a: Spectrier|Shadow Ball|p1a: Zacian\n|-damage|p1a: Zacian|32\/100 brn\n|\n|-heal|p1a: Zacian|39\/100 brn|[from] item: Leftovers\n|-heal|p2a: Spectrier|73\/100|[from] item: Leftovers\n|-damage|p1a: Zacian|32\/100 brn|[from] brn\n|upkeep\n|turn|17\n|\n|t:|1698440086\n|move|p1a: Zacian|Play Rough|p2a: Spectrier|[miss]\n|-miss|p1a: Zacian|p2a: Spectrier\n|move|p2a: Spectrier|Shadow Ball|p1a: Zacian\n|-damage|p1a: Zacian|0 fnt\n|faint|p1a: Zacian\n|-ability|p2a: Spectrier|Grim Neigh|boost\n|-boost|p2a: Spectrier|spa|1\n|\n|-heal|p2a: Spectrier|79\/100|[from] item: Leftovers\n|upkeep\n|\n|t:|1698440094\n|switch|p1a: Spectrier|Spectrier|100\/100\n|turn|18\n|\n|t:|1698440097\n|move|p1a: Spectrier|Shadow Ball|p2a: Spectrier\n|-damage|p2a: Spectrier|30\/100\n|-unboost|p2a: Spectrier|spd|1\n|move|p2a: Spectrier|Shadow Ball|p1a: Spectrier\n|-supereffective|p1a: Spectrier\n|-damage|p1a: Spectrier|0 fnt\n|faint|p1a: Spectrier\n|-ability|p2a: Spectrier|Grim Neigh|boost\n|-boost|p2a: Spectrier|spa|1\n|\n|-heal|p2a: Spectrier|36\/100|[from] item: Leftovers\n|upkeep\n|\n|t:|1698440100\n|switch|p1a: Palafin|Palafin-Hero, M|40\/100\n|turn|19\n|\n|t:|1698440106\n|-terastallize|p1a: Palafin|Water\n|move|p1a: Palafin|Jet Punch|p2a: Spectrier\n|-damage|p2a: Spectrier|0 fnt\n|faint|p2a: Spectrier\n|-damage|p1a: Palafin|30\/100|[from] item: Life Orb\n|\n|upkeep\n|\n|t:|1698440110\n|switch|p2a: Iron Valiant|Iron Valiant|100\/100\n|-enditem|p2a: Iron Valiant|Booster Energy\n|-activate|p2a: Iron Valiant|ability: Quark Drive|[fromitem]\n|-start|p2a: Iron Valiant|quarkdrivespe\n|turn|20\n|\n|t:|1698440113\n|move|p1a: Palafin|Jet Punch|p2a: Iron Valiant\n|-damage|p2a: Iron Valiant|12\/100\n|-damage|p1a: Palafin|20\/100|[from] item: Life Orb\n|move|p2a: Iron Valiant|Moonblast|p1a: Palafin\n|-damage|p1a: Palafin|0 fnt\n|faint|p1a: Palafin\n|\n|upkeep\n|\n|t:|1698440115\n|switch|p1a: Arceus|Arceus-Poison|70\/100\n|turn|21\n|\n|t:|1698440118\n|move|p1a: Arceus|Extreme Speed|p2a: Iron Valiant\n|-damage|p2a: Iron Valiant|0 fnt\n|faint|p2a: Iron Valiant\n|-end|p2a: Iron Valiant|Quark Drive|[silent]\n|\n|upkeep\n|\n|t:|1698440120\n|switch|p2a: Palafin|Palafin-Hero, F|45\/100\n|turn|22\n|\n|t:|1698440122\n|move|p1a: Arceus|Extreme Speed|p2a: Palafin\n|-damage|p2a: Palafin|13\/100\n|move|p2a: Palafin|Jet Punch|p1a: Arceus\n|-damage|p1a: Arceus|41\/100\n|\n|upkeep\n|turn|23\n|c|\u2606ItsmeBlankKnight|gg\n|c|\u2606Oomaester1234|damnn\n|c|\u2606Oomaester1234|ggs\n|\n|t:|1698440129\n|move|p1a: Arceus|Extreme Speed|p2a: Palafin\n|-damage|p2a: Palafin|0 fnt\n|faint|p2a: Palafin\n|\n|win|ItsmeBlankKnight\n|l|\u2606Oomaester1234\n","uploadtime":1698440295,"views":15,"p1id":"itsmeblankknight","p2id":"oomaester1234","formatid":"gen9ubers","rating":0,"private":0,"password":""}