{"id":"gen9ubers-1977225154","p1":"vespyyy","p2":"Nitro524","format":"[Gen 9] Ubers","log":"|j|\u2606vespyyy\n|j|\u2606Nitro524\n|t:|1698389718\n|gametype|singles\n|player|p1|vespyyy|juggler|\n|player|p2|Nitro524|hilbert|\n|teamsize|p1|6\n|teamsize|p2|6\n|gen|9\n|tier|[Gen 9] Ubers\n|rule|Sleep Clause Mod: Limit one foe put to sleep\n|rule|Species Clause: Limit one of each Pok\u00e9mon\n|rule|OHKO Clause: OHKO moves are banned\n|rule|Evasion Items Clause: Evasion items are banned\n|rule|Evasion Moves Clause: Evasion moves are banned\n|rule|Endless Battle Clause: Forcing endless battles is banned\n|rule|HP Percentage Mod: HP is shown in percentages\n|clearpoke\n|poke|p1|Giratina|\n|poke|p1|Dondozo, F|\n|poke|p1|Blissey, F|\n|poke|p1|Arceus-Psychic|\n|poke|p1|Magearna|\n|poke|p1|Zacian-*|\n|poke|p2|Torkoal, F|\n|poke|p2|Chi-Yu|\n|poke|p2|Cyclizar, M|\n|poke|p2|Magearna|\n|poke|p2|Roaring Moon|\n|poke|p2|Walking Wake|\n|teampreview\n|c|\u2606Nitro524|glhf\n|\n|t:|1698389734\n|start\n|switch|p1a: Zacian|Zacian|100\/100\n|switch|p2a: Torkoal|Torkoal, F|100\/100\n|-ability|p1a: Zacian|Intrepid Sword|boost\n|-boost|p1a: Zacian|atk|1\n|-weather|SunnyDay|[from] ability: Drought|[of] p2a: Torkoal\n|turn|1\n|c|\u2606vespyyy|Glhf\n|\n|t:|1698389756\n|switch|p1a: Blissey|Blissey, F|100\/100\n|move|p2a: Torkoal|Yawn|p1a: Blissey\n|-start|p1a: Blissey|move: Yawn|[of] p2a: Torkoal\n|\n|-weather|SunnyDay|[upkeep]\n|upkeep\n|turn|2\n|\n|t:|1698389769\n|switch|p1a: Arceus|Arceus-Psychic|100\/100\n|switch|p2a: Roaring Moon|Roaring Moon|100\/100\n|-activate|p2a: Roaring Moon|ability: Protosynthesis\n|-start|p2a: Roaring Moon|protosynthesisatk\n|\n|-weather|SunnyDay|[upkeep]\n|upkeep\n|turn|3\n|\n|t:|1698389778\n|-terastallize|p1a: Arceus|Poison\n|move|p2a: Roaring Moon|Knock Off|p1a: Arceus\n|-damage|p1a: Arceus|73\/100\n|move|p1a: Arceus|Dazzling Gleam|p2a: Roaring Moon\n|-supereffective|p2a: Roaring Moon\n|-damage|p2a: Roaring Moon|22\/100\n|\n|-weather|SunnyDay|[upkeep]\n|upkeep\n|turn|4\n|\n|t:|1698389793\n|-end|p2a: Roaring Moon|Protosynthesis|[silent]\n|switch|p2a: Magearna|Magearna|100\/100\n|switch|p1a: Dondozo|Dondozo, F|100\/100\n|\n|-weather|SunnyDay|[upkeep]\n|upkeep\n|turn|5\n|\n|t:|1698389807\n|switch|p1a: Giratina|Giratina|100\/100\n|-ability|p1a: Giratina|Pressure\n|move|p2a: Magearna|Draining Kiss|p1a: Giratina\n|-supereffective|p1a: Giratina\n|-damage|p1a: Giratina|81\/100\n|\n|-weather|SunnyDay|[upkeep]\n|upkeep\n|turn|6\n|\n|t:|1698389812\n|move|p2a: Magearna|Draining Kiss|p1a: Giratina\n|-supereffective|p1a: Giratina\n|-damage|p1a: Giratina|62\/100\n|move|p1a: Giratina|Roar|p2a: Magearna\n|drag|p2a: Cyclizar|Cyclizar, M|100\/100\n|\n|-weather|SunnyDay|[upkeep]\n|upkeep\n|turn|7\n|\n|t:|1698389819\n|switch|p1a: Zacian|Zacian|100\/100\n|move|p2a: Cyclizar|Shed Tail|p2a: Cyclizar\n|-start|p2a: Cyclizar|Substitute|[from] move: Shed Tail\n|-damage|p2a: Cyclizar|50\/100\n|\n|t:|1698389826\n|switch|p2a: Chi-Yu|Chi-Yu|100\/100|[from] Shed Tail\n|-ability|p2a: Chi-Yu|Beads of Ruin\n|\n|-weather|SunnyDay|[upkeep]\n|upkeep\n|turn|8\n|\n|t:|1698389831\n|move|p2a: Chi-Yu|Overheat|p1a: Zacian\n|-damage|p1a: Zacian|0 fnt\n|-unboost|p2a: Chi-Yu|spa|2\n|faint|p1a: Zacian\n|\n|-weather|none\n|upkeep\n|\n|t:|1698389837\n|switch|p1a: Blissey|Blissey, F|100\/100\n|turn|9\n|\n|t:|1698389848\n|switch|p2a: Torkoal|Torkoal, F|100\/100\n|-weather|SunnyDay|[from] ability: Drought|[of] p2a: Torkoal\n|move|p1a: Blissey|Stealth Rock|p2a: Torkoal\n|-sidestart|p2: Nitro524|move: Stealth Rock\n|\n|-weather|SunnyDay|[upkeep]\n|upkeep\n|turn|10\n|\n|t:|1698389852\n|switch|p1a: Giratina|Giratina|62\/100\n|-ability|p1a: Giratina|Pressure\n|move|p2a: Torkoal|Yawn|p1a: Giratina\n|-start|p1a: Giratina|move: Yawn|[of] p2a: Torkoal\n|\n|-weather|SunnyDay|[upkeep]\n|upkeep\n|turn|11\n|\n|t:|1698389858\n|move|p1a: Giratina|Rest|p1a: Giratina\n|-status|p1a: Giratina|slp|[from] move: Rest\n|-heal|p1a: Giratina|100\/100 slp|[silent]\n|move|p2a: Torkoal|Rapid Spin|p1a: Giratina\n|-immune|p1a: Giratina\n|\n|-weather|SunnyDay|[upkeep]\n|-end|p1a: Giratina|move: Yawn|[silent]\n|upkeep\n|turn|12\n|c|\u2606Nitro524|damn\n|\n|t:|1698389881\n|switch|p2a: Chi-Yu|Chi-Yu|100\/100\n|-damage|p2a: Chi-Yu|76\/100|[from] Stealth Rock\n|-ability|p2a: Chi-Yu|Beads of Ruin\n|cant|p1a: Giratina|slp\n|\n|-weather|SunnyDay|[upkeep]\n|upkeep\n|turn|13\n|\n|t:|1698389885\n|switch|p1a: Blissey|Blissey, F|100\/100\n|move|p2a: Chi-Yu|Dark Pulse|p1a: Blissey\n|-damage|p1a: Blissey|84\/100\n|\n|-weather|SunnyDay|[upkeep]\n|upkeep\n|turn|14\n|\n|t:|1698389918\n|switch|p2a: Cyclizar|Cyclizar, M|84\/100\n|move|p1a: Blissey|Seismic Toss|p2a: Cyclizar\n|-damage|p2a: Cyclizar|55\/100\n|\n|-weather|SunnyDay|[upkeep]\n|upkeep\n|turn|15\n|\n|t:|1698389927\n|switch|p1a: Giratina|Giratina|100\/100 slp\n|-ability|p1a: Giratina|Pressure\n|move|p2a: Cyclizar|Rapid Spin|p1a: Giratina\n|-immune|p1a: Giratina\n|\n|-weather|SunnyDay|[upkeep]\n|upkeep\n|turn|16\n|c|\u2606Nitro524|misclick\n|\n|t:|1698389942\n|move|p2a: Cyclizar|Shed Tail|p2a: Cyclizar\n|-start|p2a: Cyclizar|Substitute|[from] move: Shed Tail\n|-damage|p2a: Cyclizar|5\/100\n|\n|t:|1698389944\n|switch|p2a: Roaring Moon|Roaring Moon|22\/100|[from] Shed Tail\n|-damage|p2a: Roaring Moon|10\/100|[from] Stealth Rock\n|-activate|p2a: Roaring Moon|ability: Protosynthesis\n|-start|p2a: Roaring Moon|protosynthesisatk\n|cant|p1a: Giratina|slp\n|\n|-weather|none\n|-end|p2a: Roaring Moon|Protosynthesis\n|upkeep\n|-enditem|p2a: Roaring Moon|Booster Energy\n|-activate|p2a: Roaring Moon|ability: Protosynthesis|[fromitem]\n|-start|p2a: Roaring Moon|protosynthesisatk\n|turn|17\n|\n|t:|1698389947\n|switch|p1a: Dondozo|Dondozo, F|100\/100\n|move|p2a: Roaring Moon|Knock Off|p1a: Dondozo\n|-damage|p1a: Dondozo|66\/100\n|-enditem|p1a: Dondozo|Heavy-Duty Boots|[from] move: Knock Off|[of] p2a: Roaring Moon\n|\n|upkeep\n|turn|18\n|\n|t:|1698389953\n|move|p2a: Roaring Moon|Dragon Dance|p2a: Roaring Moon\n|-boost|p2a: Roaring Moon|atk|1\n|-boost|p2a: Roaring Moon|spe|1\n|move|p1a: Dondozo|Body Press|p2a: Roaring Moon\n|-supereffective|p2a: Roaring Moon\n|-end|p2a: Roaring Moon|Substitute\n|\n|upkeep\n|turn|19\n|\n|t:|1698389955\n|move|p2a: Roaring Moon|Knock Off|p1a: Dondozo\n|-damage|p1a: Dondozo|42\/100\n|move|p1a: Dondozo|Body Press|p2a: Roaring Moon\n|-supereffective|p2a: Roaring Moon\n|-damage|p2a: Roaring Moon|0 fnt\n|faint|p2a: Roaring Moon\n|-end|p2a: Roaring Moon|Protosynthesis|[silent]\n|\n|upkeep\n|\n|t:|1698389970\n|switch|p2a: Chi-Yu|Chi-Yu|76\/100\n|-damage|p2a: Chi-Yu|51\/100|[from] Stealth Rock\n|-ability|p2a: Chi-Yu|Beads of Ruin\n|turn|20\n|\n|t:|1698389973\n|switch|p1a: Blissey|Blissey, F|84\/100\n|move|p2a: Chi-Yu|Dark Pulse|p1a: Blissey\n|-damage|p1a: Blissey|67\/100\n|\n|upkeep\n|turn|21\n|\n|t:|1698389980\n|switch|p2a: Torkoal|Torkoal, F|100\/100\n|-damage|p2a: Torkoal|76\/100|[from] Stealth Rock\n|-weather|SunnyDay|[from] ability: Drought|[of] p2a: Torkoal\n|move|p1a: Blissey|Seismic Toss|p2a: Torkoal\n|-damage|p2a: Torkoal|47\/100\n|\n|-weather|SunnyDay|[upkeep]\n|upkeep\n|turn|22\n|\n|t:|1698389985\n|switch|p1a: Giratina|Giratina|100\/100 slp\n|-ability|p1a: Giratina|Pressure\n|move|p2a: Torkoal|Stealth Rock|p1a: Giratina\n|-sidestart|p1: vespyyy|move: Stealth Rock\n|\n|-weather|SunnyDay|[upkeep]\n|upkeep\n|turn|23\n|\n|t:|1698390003\n|switch|p2a: Walking Wake|Walking Wake|100\/100\n|-damage|p2a: Walking Wake|88\/100|[from] Stealth Rock\n|-activate|p2a: Walking Wake|ability: Protosynthesis\n|-start|p2a: Walking Wake|protosynthesisspe\n|-curestatus|p1a: Giratina|slp|[msg]\n|move|p1a: Giratina|Roar|p2a: Walking Wake\n|-end|p2a: Walking Wake|Protosynthesis|[silent]\n|drag|p2a: Cyclizar|Cyclizar, M|38\/100\n|\n|-weather|SunnyDay|[upkeep]\n|upkeep\n|turn|24\n|\n|t:|1698390012\n|move|p2a: Cyclizar|Dragon Tail|p1a: Giratina\n|-supereffective|p1a: Giratina\n|-damage|p1a: Giratina|76\/100\n|drag|p1a: Blissey|Blissey, F|67\/100\n|\n|-weather|SunnyDay|[upkeep]\n|upkeep\n|turn|25\n|\n|t:|1698390025\n|switch|p1a: Giratina|Giratina|76\/100\n|-ability|p1a: Giratina|Pressure\n|move|p2a: Cyclizar|Shed Tail|p2a: Cyclizar\n|-fail|p2a: Cyclizar|move: Shed Tail|[weak]\n|\n|-weather|SunnyDay|[upkeep]\n|upkeep\n|turn|26\n|\n|t:|1698390035\n|switch|p2a: Magearna|Magearna|100\/100\n|-damage|p2a: Magearna|94\/100|[from] Stealth Rock\n|switch|p1a: Magearna|Magearna|100\/100\n|-damage|p1a: Magearna|94\/100|[from] Stealth Rock\n|\n|-weather|SunnyDay|[upkeep]\n|-heal|p2a: Magearna|100\/100|[from] item: Leftovers\n|-heal|p1a: Magearna|100\/100|[from] item: Leftovers\n|upkeep\n|turn|27\n|\n|t:|1698390045\n|switch|p2a: Cyclizar|Cyclizar, M|71\/100\n|switch|p1a: Blissey|Blissey, F|67\/100\n|\n|-weather|SunnyDay|[upkeep]\n|upkeep\n|turn|28\n|\n|t:|1698390051\n|switch|p1a: Magearna|Magearna|100\/100\n|-damage|p1a: Magearna|94\/100|[from] Stealth Rock\n|move|p2a: Cyclizar|Dragon Tail|p1a: Magearna\n|-immune|p1a: Magearna\n|\n|-weather|none\n|-heal|p1a: Magearna|100\/100|[from] item: Leftovers\n|upkeep\n|turn|29\n|\n|t:|1698390055\n|move|p2a: Cyclizar|Shed Tail|p2a: Cyclizar\n|-start|p2a: Cyclizar|Substitute|[from] move: Shed Tail\n|-damage|p2a: Cyclizar|21\/100\n|\n|t:|1698390065\n|switch|p2a: Walking Wake|Walking Wake|88\/100|[from] Shed Tail\n|-damage|p2a: Walking Wake|76\/100|[from] Stealth Rock\n|move|p1a: Magearna|Fleur Cannon|p2a: Walking Wake|[miss]\n|-miss|p1a: Magearna|p2a: Walking Wake\n|\n|upkeep\n|turn|30\n|\n|t:|1698390084\n|move|p2a: Walking Wake|Hydro Steam|p1a: Magearna\n|-damage|p1a: Magearna|63\/100\n|move|p1a: Magearna|Spikes|p2a: Walking Wake\n|-sidestart|p2: Nitro524|Spikes\n|\n|-heal|p1a: Magearna|69\/100|[from] item: Leftovers\n|upkeep\n|turn|31\n|\n|t:|1698390088\n|move|p2a: Walking Wake|Hydro Steam|p1a: Magearna\n|-damage|p1a: Magearna|35\/100\n|move|p1a: Magearna|Spikes|p2a: Walking Wake\n|-sidestart|p2: Nitro524|Spikes\n|\n|-heal|p1a: Magearna|41\/100|[from] item: Leftovers\n|upkeep\n|turn|32\n|\n|t:|1698390090\n|move|p2a: Walking Wake|Hydro Steam|p1a: Magearna\n|-damage|p1a: Magearna|2\/100\n|move|p1a: Magearna|Spikes|p2a: Walking Wake\n|-sidestart|p2: Nitro524|Spikes\n|\n|-heal|p1a: Magearna|8\/100|[from] item: Leftovers\n|upkeep\n|turn|33\n|\n|t:|1698390094\n|move|p2a: Walking Wake|Hydro Steam|p1a: Magearna\n|-damage|p1a: Magearna|0 fnt\n|faint|p1a: Magearna\n|\n|upkeep\n|\n|t:|1698390098\n|switch|p1a: Blissey|Blissey, F|67\/100\n|turn|34\n|\n|t:|1698390102\n|move|p2a: Walking Wake|Hydro Steam|p1a: Blissey\n|-damage|p1a: Blissey|49\/100\n|move|p1a: Blissey|Soft-Boiled|p1a: Blissey\n|-heal|p1a: Blissey|99\/100\n|\n|upkeep\n|turn|35\n|\n|t:|1698390115\n|move|p2a: Walking Wake|Hydro Steam|p1a: Blissey\n|-damage|p1a: Blissey|83\/100\n|move|p1a: Blissey|Seismic Toss|p2a: Walking Wake\n|-end|p2a: Walking Wake|Substitute\n|\n|upkeep\n|turn|36\n|\n|t:|1698390134\n|move|p2a: Walking Wake|Hydro Steam|p1a: Blissey\n|-damage|p1a: Blissey|66\/100\n|move|p1a: Blissey|Seismic Toss|p2a: Walking Wake\n|-damage|p2a: Walking Wake|47\/100\n|\n|upkeep\n|turn|37\n|\n|t:|1698390144\n|-end|p2a: Walking Wake|Protosynthesis|[silent]\n|switch|p2a: Cyclizar|Cyclizar, M|54\/100\n|switch|p1a: Arceus|Arceus-Psychic, tera:Poison|73\/100\n|-damage|p1a: Arceus|60\/100|[from] Stealth Rock\n|\n|upkeep\n|turn|38\n|\n|t:|1698390150\n|switch|p1a: Giratina|Giratina|76\/100\n|-ability|p1a: Giratina|Pressure\n|move|p2a: Cyclizar|Rapid Spin|p1a: Giratina\n|-immune|p1a: Giratina\n|\n|upkeep\n|turn|39\n|\n|t:|1698390156\n|switch|p1a: Dondozo|Dondozo, F|42\/100\n|-damage|p1a: Dondozo|30\/100|[from] Stealth Rock\n|move|p2a: Cyclizar|Dragon Tail|p1a: Dondozo\n|-damage|p1a: Dondozo|22\/100\n|drag|p1a: Arceus|Arceus-Psychic, tera:Poison|60\/100\n|-damage|p1a: Arceus|48\/100|[from] Stealth Rock\n|\n|upkeep\n|turn|40\n|\n|t:|1698390161\n|move|p2a: Cyclizar|Taunt|p1a: Arceus\n|-start|p1a: Arceus|move: Taunt\n|move|p1a: Arceus|Dazzling Gleam|p2a: Cyclizar\n|-supereffective|p2a: Cyclizar\n|-damage|p2a: Cyclizar|0 fnt\n|faint|p2a: Cyclizar\n|\n|upkeep\n|\n|t:|1698390165\n|switch|p2a: Torkoal|Torkoal, F|47\/100\n|-damage|p2a: Torkoal|22\/100|[from] Stealth Rock\n|-damage|p2a: Torkoal|0 fnt|[from] Spikes\n|faint|p2a: Torkoal\n|c|\u2606Nitro524|gg\n|c|\u2606Nitro524|re?\n|\n|t:|1698390171\n|switch|p2a: Magearna|Magearna|100\/100\n|-damage|p2a: Magearna|94\/100|[from] Stealth Rock\n|-damage|p2a: Magearna|69\/100|[from] Spikes\n|turn|41\n|\n|t:|1698390180\n|switch|p1a: Giratina|Giratina|76\/100\n|-ability|p1a: Giratina|Pressure\n|move|p2a: Magearna|Calm Mind|p2a: Magearna\n|-boost|p2a: Magearna|spa|1\n|-boost|p2a: Magearna|spd|1\n|\n|-heal|p2a: Magearna|75\/100|[from] item: Leftovers\n|upkeep\n|turn|42\n|\n|t:|1698390184\n|move|p2a: Magearna|Draining Kiss|p1a: Giratina\n|-supereffective|p1a: Giratina\n|-damage|p1a: Giratina|50\/100\n|-heal|p2a: Magearna|100\/100|[from] drain|[of] p1a: Giratina\n|move|p1a: Giratina|Roar|p2a: Magearna\n|drag|p2a: Walking Wake|Walking Wake|47\/100\n|-damage|p2a: Walking Wake|34\/100|[from] Stealth Rock\n|-damage|p2a: Walking Wake|10\/100|[from] Spikes\n|\n|upkeep\n|turn|43\n|\n|t:|1698390190\n|move|p2a: Walking Wake|Draco Meteor|p1a: Giratina\n|-supereffective|p1a: Giratina\n|-damage|p1a: Giratina|0 fnt\n|-unboost|p2a: Walking Wake|spa|2\n|faint|p1a: Giratina\n|\n|upkeep\n|\n|t:|1698390192\n|switch|p1a: Arceus|Arceus-Psychic, tera:Poison|48\/100\n|-damage|p1a: Arceus|35\/100|[from] Stealth Rock\n|turn|44\n|\n|t:|1698390197\n|move|p2a: Walking Wake|Draco Meteor|p1a: Arceus\n|-damage|p1a: Arceus|5\/100\n|-unboost|p2a: Walking Wake|spa|2\n|move|p1a: Arceus|Calm Mind|p1a: Arceus\n|-boost|p1a: Arceus|spa|1\n|-boost|p1a: Arceus|spd|1\n|\n|upkeep\n|turn|45\n|j| FrostyRandom02\n|l| FrostyRandom02\n|\n|t:|1698390207\n|move|p2a: Walking Wake|Draco Meteor|p1a: Arceus\n|-damage|p1a: Arceus|0 fnt\n|-unboost|p2a: Walking Wake|spa|2\n|faint|p1a: Arceus\n|\n|upkeep\n|\n|t:|1698390210\n|switch|p1a: Blissey|Blissey, F|66\/100\n|turn|46\n|\n|t:|1698390221\n|move|p2a: Walking Wake|Draco Meteor|p1a: Blissey\n|-damage|p1a: Blissey|59\/100\n|move|p1a: Blissey|Seismic Toss|p2a: Walking Wake\n|-damage|p2a: Walking Wake|0 fnt\n|faint|p2a: Walking Wake\n|-end|p2a: Walking Wake|Protosynthesis|[silent]\n|\n|upkeep\n|\n|t:|1698390225\n|switch|p2a: Magearna|Magearna|100\/100\n|-damage|p2a: Magearna|94\/100|[from] Stealth Rock\n|-damage|p2a: Magearna|69\/100|[from] Spikes\n|turn|47\n|\n|t:|1698390233\n|move|p2a: Magearna|Draining Kiss|p1a: Blissey\n|-damage|p1a: Blissey|52\/100\n|-heal|p2a: Magearna|79\/100|[from] drain|[of] p1a: Blissey\n|move|p1a: Blissey|Seismic Toss|p2a: Magearna\n|-damage|p2a: Magearna|52\/100\n|\n|-heal|p2a: Magearna|58\/100|[from] item: Leftovers\n|upkeep\n|turn|48\n|\n|t:|1698390238\n|move|p2a: Magearna|Calm Mind|p2a: Magearna\n|-boost|p2a: Magearna|spa|1\n|-boost|p2a: Magearna|spd|1\n|move|p1a: Blissey|Seismic Toss|p2a: Magearna\n|-damage|p2a: Magearna|30\/100\n|\n|-heal|p2a: Magearna|36\/100|[from] item: Leftovers\n|upkeep\n|turn|49\n|\n|t:|1698390240\n|move|p2a: Magearna|Draining Kiss|p1a: Blissey\n|-damage|p1a: Blissey|42\/100\n|-heal|p2a: Magearna|51\/100|[from] drain|[of] p1a: Blissey\n|move|p1a: Blissey|Soft-Boiled|p1a: Blissey\n|-heal|p1a: Blissey|92\/100\n|\n|-heal|p2a: Magearna|57\/100|[from] item: Leftovers\n|upkeep\n|turn|50\n|\n|t:|1698390243\n|move|p2a: Magearna|Draining Kiss|p1a: Blissey\n|-damage|p1a: Blissey|82\/100\n|-heal|p2a: Magearna|72\/100|[from] drain|[of] p1a: Blissey\n|move|p1a: Blissey|Seismic Toss|p2a: Magearna\n|-damage|p2a: Magearna|44\/100\n|\n|-heal|p2a: Magearna|50\/100|[from] item: Leftovers\n|upkeep\n|turn|51\n|\n|t:|1698390246\n|move|p2a: Magearna|Draining Kiss|p1a: Blissey\n|-damage|p1a: Blissey|72\/100\n|-heal|p2a: Magearna|65\/100|[from] drain|[of] p1a: Blissey\n|move|p1a: Blissey|Seismic Toss|p2a: Magearna\n|-damage|p2a: Magearna|37\/100\n|\n|-heal|p2a: Magearna|43\/100|[from] item: Leftovers\n|upkeep\n|turn|52\n|\n|t:|1698390254\n|move|p2a: Magearna|Draining Kiss|p1a: Blissey\n|-damage|p1a: Blissey|64\/100\n|-heal|p2a: Magearna|56\/100|[from] drain|[of] p1a: Blissey\n|move|p1a: Blissey|Seismic Toss|p2a: Magearna\n|-damage|p2a: Magearna|29\/100\n|\n|-heal|p2a: Magearna|35\/100|[from] item: Leftovers\n|upkeep\n|turn|53\n|\n|t:|1698390270\n|move|p2a: Magearna|Calm Mind|p2a: Magearna\n|-boost|p2a: Magearna|spa|1\n|-boost|p2a: Magearna|spd|1\n|move|p1a: Blissey|Seismic Toss|p2a: Magearna\n|-damage|p2a: Magearna|7\/100\n|\n|-heal|p2a: Magearna|13\/100|[from] item: Leftovers\n|upkeep\n|turn|54\n|\n|t:|1698390273\n|move|p2a: Magearna|Draining Kiss|p1a: Blissey\n|-damage|p1a: Blissey|51\/100\n|-heal|p2a: Magearna|31\/100|[from] drain|[of] p1a: Blissey\n|move|p1a: Blissey|Seismic Toss|p2a: Magearna\n|-damage|p2a: Magearna|4\/100\n|\n|-heal|p2a: Magearna|10\/100|[from] item: Leftovers\n|upkeep\n|turn|55\n|\n|t:|1698390276\n|move|p2a: Magearna|Draining Kiss|p1a: Blissey\n|-damage|p1a: Blissey|39\/100\n|-heal|p2a: Magearna|28\/100|[from] drain|[of] p1a: Blissey\n|move|p1a: Blissey|Soft-Boiled|p1a: Blissey\n|-heal|p1a: Blissey|89\/100\n|\n|-heal|p2a: Magearna|34\/100|[from] item: Leftovers\n|upkeep\n|turn|56\n|\n|t:|1698390283\n|move|p2a: Magearna|Calm Mind|p2a: Magearna\n|-boost|p2a: Magearna|spa|1\n|-boost|p2a: Magearna|spd|1\n|move|p1a: Blissey|Seismic Toss|p2a: Magearna\n|-damage|p2a: Magearna|6\/100\n|\n|-heal|p2a: Magearna|12\/100|[from] item: Leftovers\n|upkeep\n|turn|57\n|\n|t:|1698390285\n|move|p2a: Magearna|Draining Kiss|p1a: Blissey\n|-crit|p1a: Blissey\n|-damage|p1a: Blissey|65\/100\n|-heal|p2a: Magearna|47\/100|[from] drain|[of] p1a: Blissey\n|move|p1a: Blissey|Seismic Toss|p2a: Magearna\n|-damage|p2a: Magearna|20\/100\n|\n|-heal|p2a: Magearna|26\/100|[from] item: Leftovers\n|upkeep\n|turn|58\n|\n|t:|1698390295\n|move|p2a: Magearna|Draining Kiss|p1a: Blissey\n|-damage|p1a: Blissey|50\/100\n|-heal|p2a: Magearna|48\/100|[from] drain|[of] p1a: Blissey\n|move|p1a: Blissey|Soft-Boiled|p1a: Blissey\n|-heal|p1a: Blissey|99\/100\n|\n|-heal|p2a: Magearna|54\/100|[from] item: Leftovers\n|upkeep\n|turn|59\n|\n|t:|1698390304\n|move|p2a: Magearna|Stored Power|p1a: Blissey\n|-damage|p1a: Blissey|74\/100\n|move|p1a: Blissey|Soft-Boiled|p1a: Blissey\n|-heal|p1a: Blissey|100\/100\n|\n|-heal|p2a: Magearna|60\/100|[from] item: Leftovers\n|upkeep\n|turn|60\n|\n|t:|1698390314\n|move|p2a: Magearna|Calm Mind|p2a: Magearna\n|-boost|p2a: Magearna|spa|1\n|-boost|p2a: Magearna|spd|1\n|move|p1a: Blissey|Seismic Toss|p2a: Magearna\n|-damage|p2a: Magearna|33\/100\n|\n|-heal|p2a: Magearna|39\/100|[from] item: Leftovers\n|upkeep\n|turn|61\n|\n|t:|1698390322\n|move|p2a: Magearna|Draining Kiss|p1a: Blissey\n|-damage|p1a: Blissey|82\/100\n|-heal|p2a: Magearna|66\/100|[from] drain|[of] p1a: Blissey\n|move|p1a: Blissey|Seismic Toss|p2a: Magearna\n|-damage|p2a: Magearna|39\/100\n|\n|-heal|p2a: Magearna|45\/100|[from] item: Leftovers\n|upkeep\n|turn|62\n|\n|t:|1698390325\n|move|p2a: Magearna|Stored Power|p1a: Blissey\n|-damage|p1a: Blissey|35\/100\n|move|p1a: Blissey|Seismic Toss|p2a: Magearna\n|-damage|p2a: Magearna|17\/100\n|\n|-heal|p2a: Magearna|23\/100|[from] item: Leftovers\n|upkeep\n|turn|63\n|\n|t:|1698390328\n|move|p2a: Magearna|Stored Power|p1a: Blissey\n|-damage|p1a: Blissey|0 fnt\n|faint|p1a: Blissey\n|-ability|p2a: Magearna|Soul-Heart|boost\n|-boost|p2a: Magearna|spa|1\n|\n|-heal|p2a: Magearna|29\/100|[from] item: Leftovers\n|upkeep\n|\n|t:|1698390330\n|switch|p1a: Dondozo|Dondozo, F|22\/100\n|-damage|p1a: Dondozo|9\/100|[from] Stealth Rock\n|turn|64\n|\n|t:|1698390333\n|move|p2a: Magearna|Stored Power|p1a: Dondozo\n|-crit|p1a: Dondozo\n|-damage|p1a: Dondozo|0 fnt\n|faint|p1a: Dondozo\n|\n|win|Nitro524\n|c|\u2606Nitro524|gg\n|l|\u2606vespyyy\n|c|\u2606Nitro524|i won\n|c|\u2606Nitro524|I BEAT A STALL TEAM\n|c|\u2606Nitro524|LETS FUCKING GO\n","uploadtime":1698390346,"views":12,"p1id":"vespyyy","p2id":"nitro524","formatid":"gen9ubers","rating":0,"private":0,"password":""}