{"id":"gen9ubers-1985612793","p1":"Dylan in the MA","p2":"Aaron MA","format":"[Gen 9] Ubers","log":"|j|\u2606Dylan in the MA\n|j|\u2606Aaron MA\n|t:|1699389046\n|gametype|singles\n|player|p1|Dylan in the MA|striker|\n|player|p2|Aaron MA|169|\n|teamsize|p1|6\n|teamsize|p2|6\n|gen|9\n|tier|[Gen 9] Ubers\n|rule|Sleep Clause Mod: Limit one foe put to sleep\n|rule|Species Clause: Limit one of each Pok\u00e9mon\n|rule|OHKO Clause: OHKO moves are banned\n|rule|Evasion Items Clause: Evasion items are banned\n|rule|Evasion Moves Clause: Evasion moves are banned\n|rule|Endless Battle Clause: Forcing endless battles is banned\n|rule|HP Percentage Mod: HP is shown in percentages\n|clearpoke\n|poke|p1|Ninetales-Alola, M|\n|poke|p1|Gliscor, F|\n|poke|p1|Gholdengo|\n|poke|p1|Slowking-Galar, M|\n|poke|p1|Kommo-o, F|\n|poke|p1|Garganacl, F|\n|poke|p2|Gliscor, F|\n|poke|p2|Gholdengo|\n|poke|p2|Slowking-Galar, F|\n|poke|p2|Kingambit, M|\n|poke|p2|Ogerpon-Hearthflame, F|\n|poke|p2|Dondozo, F|\n|teampreview\n|\n|t:|1699389057\n|start\n|switch|p1a: Kyubi|Ninetales-Alola, M|100\/100\n|switch|p2a: Ogerpon|Ogerpon-Hearthflame, F|100\/100\n|-ability|p2a: Ogerpon|Mold Breaker\n|-weather|Snow|[from] ability: Snow Warning|[of] p1a: Kyubi\n|turn|1\n|\n|t:|1699389073\n|move|p2a: Ogerpon|Substitute|p2a: Ogerpon\n|-start|p2a: Ogerpon|Substitute\n|-damage|p2a: Ogerpon|76\/100\n|move|p1a: Kyubi|Encore|p2a: Ogerpon\n|-start|p2a: Ogerpon|Encore\n|\n|-weather|Snow|[upkeep]\n|upkeep\n|turn|2\n|\n|t:|1699389095\n|switch|p2a: Malicious Charity|Gholdengo|100\/100\n|-item|p2a: Malicious Charity|Air Balloon\n|move|p1a: Kyubi|Aurora Veil|p1a: Kyubi\n|-sidestart|p1: Dylan in the MA|move: Aurora Veil\n|\n|-weather|Snow|[upkeep]\n|upkeep\n|turn|3\n|\n|t:|1699389120\n|move|p1a: Kyubi|Freeze-Dry|p2a: Malicious Charity\n|-resisted|p2a: Malicious Charity\n|-damage|p2a: Malicious Charity|86\/100\n|-status|p2a: Malicious Charity|frz\n|-enditem|p2a: Malicious Charity|Air Balloon\n|cant|p2a: Malicious Charity|frz\n|\n|-weather|Snow|[upkeep]\n|upkeep\n|turn|4\n|\n|t:|1699389145\n|switch|p1a: Tchoupi|Garganacl, F|100\/100\n|-curestatus|p2a: Malicious Charity|frz|[msg]\n|move|p2a: Malicious Charity|Make It Rain|p1a: Tchoupi\n|-supereffective|p1a: Tchoupi\n|-damage|p1a: Tchoupi|59\/100\n|-unboost|p2a: Malicious Charity|spa|1\n|\n|-weather|Snow|[upkeep]\n|upkeep\n|turn|5\n|\n|t:|1699389186\n|switch|p2a: Gliscor|Gliscor, F|100\/100\n|-terastallize|p1a: Tchoupi|Water\n|move|p1a: Tchoupi|Salt Cure|p2a: Gliscor\n|-damage|p2a: Gliscor|93\/100\n|-start|p2a: Gliscor|Salt Cure\n|\n|-weather|none\n|-damage|p2a: Gliscor|80\/100|[from] Salt Cure\n|-status|p2a: Gliscor|tox|[from] item: Toxic Orb\n|upkeep\n|turn|6\n|\n|t:|1699389258\n|move|p2a: Gliscor|Spikes|p1a: Tchoupi\n|-sidestart|p1: Dylan in the MA|Spikes\n|move|p1a: Tchoupi|Curse|p1a: Tchoupi\n|-unboost|p1a: Tchoupi|spe|1\n|-boost|p1a: Tchoupi|atk|1\n|-boost|p1a: Tchoupi|def|1\n|\n|-heal|p2a: Gliscor|93\/100 tox|[from] ability: Poison Heal\n|-damage|p2a: Gliscor|80\/100 tox|[from] Salt Cure\n|upkeep\n|turn|7\n|\n|t:|1699389276\n|move|p2a: Gliscor|Spikes|p1a: Tchoupi\n|-sidestart|p1: Dylan in the MA|Spikes\n|move|p1a: Tchoupi|Curse|p1a: Tchoupi\n|-unboost|p1a: Tchoupi|spe|1\n|-boost|p1a: Tchoupi|atk|1\n|-boost|p1a: Tchoupi|def|1\n|\n|-heal|p2a: Gliscor|93\/100 tox|[from] ability: Poison Heal\n|-damage|p2a: Gliscor|80\/100 tox|[from] Salt Cure\n|upkeep\n|turn|8\n|\n|t:|1699389288\n|move|p2a: Gliscor|Spikes|p1a: Tchoupi\n|-sidestart|p1: Dylan in the MA|Spikes\n|move|p1a: Tchoupi|Recover|p1a: Tchoupi\n|-heal|p1a: Tchoupi|100\/100\n|\n|-heal|p2a: Gliscor|93\/100 tox|[from] ability: Poison Heal\n|-damage|p2a: Gliscor|80\/100 tox|[from] Salt Cure\n|upkeep\n|turn|9\n|\n|t:|1699389299\n|switch|p2a: Slowking|Slowking-Galar, F|100\/100\n|move|p1a: Tchoupi|Curse|p1a: Tchoupi\n|-unboost|p1a: Tchoupi|spe|1\n|-boost|p1a: Tchoupi|atk|1\n|-boost|p1a: Tchoupi|def|1\n|\n|-sideend|p1: Dylan in the MA|move: Aurora Veil\n|upkeep\n|turn|10\n|\n|t:|1699389311\n|move|p2a: Slowking|Yawn|p1a: Tchoupi\n|-immune|p1a: Tchoupi|[from] ability: Purifying Salt\n|move|p1a: Tchoupi|Earthquake|p2a: Slowking\n|-supereffective|p2a: Slowking\n|-damage|p2a: Slowking|0 fnt\n|faint|p2a: Slowking\n|\n|upkeep\n|\n|t:|1699389328\n|switch|p2a: Malicious Charity|Gholdengo|86\/100\n|turn|11\n|\n|t:|1699389333\n|move|p2a: Malicious Charity|Thunderbolt|p1a: Tchoupi\n|-supereffective|p1a: Tchoupi\n|-damage|p1a: Tchoupi|61\/100\n|move|p1a: Tchoupi|Salt Cure|p2a: Malicious Charity\n|-resisted|p2a: Malicious Charity\n|-crit|p2a: Malicious Charity\n|-damage|p2a: Malicious Charity|56\/100\n|-start|p2a: Malicious Charity|Salt Cure\n|\n|-damage|p2a: Malicious Charity|31\/100|[from] Salt Cure\n|upkeep\n|turn|12\n|\n|t:|1699389345\n|move|p2a: Malicious Charity|Make It Rain|p1a: Tchoupi\n|-resisted|p1a: Tchoupi\n|-damage|p1a: Tchoupi|41\/100\n|-unboost|p2a: Malicious Charity|spa|1\n|move|p1a: Tchoupi|Recover|p1a: Tchoupi\n|-heal|p1a: Tchoupi|91\/100\n|\n|-damage|p2a: Malicious Charity|7\/100|[from] Salt Cure\n|upkeep\n|turn|13\n|\n|t:|1699389360\n|move|p2a: Malicious Charity|Thunderbolt|p1a: Tchoupi\n|-supereffective|p1a: Tchoupi\n|-damage|p1a: Tchoupi|60\/100\n|move|p1a: Tchoupi|Recover|p1a: Tchoupi\n|-heal|p1a: Tchoupi|100\/100\n|\n|-damage|p2a: Malicious Charity|0 fnt|[from] Salt Cure\n|faint|p2a: Malicious Charity\n|upkeep\n|\n|t:|1699389371\n|switch|p2a: Ogerpon|Ogerpon-Hearthflame, F|76\/100\n|-ability|p2a: Ogerpon|Mold Breaker\n|turn|14\n|\n|t:|1699389381\n|move|p2a: Ogerpon|Swords Dance|p2a: Ogerpon\n|-boost|p2a: Ogerpon|atk|2\n|move|p1a: Tchoupi|Salt Cure|p2a: Ogerpon\n|-supereffective|p2a: Ogerpon\n|-damage|p2a: Ogerpon|0 fnt\n|faint|p2a: Ogerpon\n|\n|upkeep\n|\n|t:|1699389393\n|switch|p2a: Aaron Musk|Dondozo, F|100\/100\n|turn|15\n|\n|t:|1699389402\n|move|p2a: Aaron Musk|Curse|p2a: Aaron Musk\n|-unboost|p2a: Aaron Musk|spe|1\n|-boost|p2a: Aaron Musk|atk|1\n|-boost|p2a: Aaron Musk|def|1\n|move|p1a: Tchoupi|Salt Cure|p2a: Aaron Musk\n|-damage|p2a: Aaron Musk|95\/100\n|-start|p2a: Aaron Musk|Salt Cure\n|\n|-damage|p2a: Aaron Musk|70\/100|[from] Salt Cure\n|upkeep\n|turn|16\n|\n|t:|1699389417\n|move|p2a: Aaron Musk|Curse|p2a: Aaron Musk\n|-unboost|p2a: Aaron Musk|spe|1\n|-boost|p2a: Aaron Musk|atk|1\n|-boost|p2a: Aaron Musk|def|1\n|move|p1a: Tchoupi|Curse|p1a: Tchoupi\n|-unboost|p1a: Tchoupi|spe|1\n|-boost|p1a: Tchoupi|atk|1\n|-boost|p1a: Tchoupi|def|1\n|\n|-damage|p2a: Aaron Musk|45\/100|[from] Salt Cure\n|upkeep\n|-enditem|p2a: Aaron Musk|Sitrus Berry|[eat]\n|-heal|p2a: Aaron Musk|70\/100|[from] item: Sitrus Berry\n|turn|17\n|\n|t:|1699389442\n|move|p2a: Aaron Musk|Body Press|p1a: Tchoupi\n|-damage|p1a: Tchoupi|72\/100\n|move|p1a: Tchoupi|Earthquake|p2a: Aaron Musk\n|-damage|p2a: Aaron Musk|63\/100\n|\n|-damage|p2a: Aaron Musk|38\/100|[from] Salt Cure\n|upkeep\n|turn|18\n|\n|t:|1699389460\n|move|p2a: Aaron Musk|Body Press|p1a: Tchoupi\n|-damage|p1a: Tchoupi|43\/100\n|move|p1a: Tchoupi|Recover|p1a: Tchoupi\n|-heal|p1a: Tchoupi|93\/100\n|\n|-damage|p2a: Aaron Musk|13\/100|[from] Salt Cure\n|upkeep\n|turn|19\n|\n|t:|1699389475\n|move|p2a: Aaron Musk|Body Press|p1a: Tchoupi\n|-damage|p1a: Tchoupi|65\/100\n|move|p1a: Tchoupi|Salt Cure|p2a: Aaron Musk\n|-damage|p2a: Aaron Musk|9\/100\n|\n|-damage|p2a: Aaron Musk|0 fnt|[from] Salt Cure\n|faint|p2a: Aaron Musk\n|upkeep\n|\n|t:|1699389493\n|switch|p2a: Gliscor|Gliscor, F|80\/100 tox\n|turn|20\n|\n|t:|1699389504\n|move|p2a: Gliscor|Earthquake|p1a: Tchoupi\n|-damage|p1a: Tchoupi|58\/100\n|move|p1a: Tchoupi|Curse|p1a: Tchoupi\n|-unboost|p1a: Tchoupi|spe|1\n|-boost|p1a: Tchoupi|atk|1\n|-boost|p1a: Tchoupi|def|1\n|\n|-heal|p2a: Gliscor|93\/100 tox|[from] ability: Poison Heal\n|upkeep\n|turn|21\n|\n|t:|1699389517\n|move|p2a: Gliscor|Earthquake|p1a: Tchoupi\n|-damage|p1a: Tchoupi|51\/100\n|move|p1a: Tchoupi|Recover|p1a: Tchoupi\n|-heal|p1a: Tchoupi|100\/100\n|\n|-heal|p2a: Gliscor|100\/100 tox|[from] ability: Poison Heal\n|upkeep\n|turn|22\n|\n|t:|1699389529\n|move|p2a: Gliscor|Earthquake|p1a: Tchoupi\n|-damage|p1a: Tchoupi|94\/100\n|move|p1a: Tchoupi|Salt Cure|p2a: Gliscor\n|-damage|p2a: Gliscor|72\/100 tox\n|-start|p2a: Gliscor|Salt Cure\n|\n|-heal|p2a: Gliscor|85\/100 tox|[from] ability: Poison Heal\n|-damage|p2a: Gliscor|72\/100 tox|[from] Salt Cure\n|upkeep\n|turn|23\n|\n|t:|1699389540\n|move|p2a: Gliscor|Earthquake|p1a: Tchoupi\n|-damage|p1a: Tchoupi|88\/100\n|move|p1a: Tchoupi|Curse|p1a: Tchoupi\n|-unboost|p1a: Tchoupi|spe|1\n|-boost|p1a: Tchoupi|atk|1\n|-boost|p1a: Tchoupi|def|1\n|\n|-heal|p2a: Gliscor|85\/100 tox|[from] ability: Poison Heal\n|-damage|p2a: Gliscor|72\/100 tox|[from] Salt Cure\n|upkeep\n|turn|24\n|\n|t:|1699389553\n|move|p2a: Gliscor|Earthquake|p1a: Tchoupi\n|-damage|p1a: Tchoupi|82\/100\n|move|p1a: Tchoupi|Salt Cure|p2a: Gliscor\n|-damage|p2a: Gliscor|41\/100 tox\n|\n|-heal|p2a: Gliscor|54\/100 tox|[from] ability: Poison Heal\n|-damage|p2a: Gliscor|41\/100 tox|[from] Salt Cure\n|upkeep\n|turn|25\n|\n|t:|1699389563\n|move|p2a: Gliscor|Earthquake|p1a: Tchoupi\n|-damage|p1a: Tchoupi|76\/100\n|move|p1a: Tchoupi|Salt Cure|p2a: Gliscor\n|-damage|p2a: Gliscor|8\/100 tox\n|\n|-heal|p2a: Gliscor|20\/100 tox|[from] ability: Poison Heal\n|-damage|p2a: Gliscor|8\/100 tox|[from] Salt Cure\n|upkeep\n|turn|26\n|\n|t:|1699389574\n|move|p2a: Gliscor|Earthquake|p1a: Tchoupi\n|-damage|p1a: Tchoupi|70\/100\n|move|p1a: Tchoupi|Salt Cure|p2a: Gliscor\n|-damage|p2a: Gliscor|0 fnt\n|faint|p2a: Gliscor\n|\n|upkeep\n|\n|t:|1699389582\n|switch|p2a: Bannable Offense|Kingambit, M|100\/100\n|-activate|p2a: Bannable Offense|ability: Supreme Overlord\n|-start|p2a: Bannable Offense|fallen5|[silent]\n|turn|27\n|\n|t:|1699389589\n|move|p2a: Bannable Offense|Iron Head|p1a: Tchoupi\n|-resisted|p1a: Tchoupi\n|-damage|p1a: Tchoupi|65\/100\n|move|p1a: Tchoupi|Salt Cure|p2a: Bannable Offense\n|-resisted|p2a: Bannable Offense\n|-damage|p2a: Bannable Offense|77\/100\n|-start|p2a: Bannable Offense|Salt Cure\n|\n|-damage|p2a: Bannable Offense|52\/100|[from] Salt Cure\n|upkeep\n|turn|28\n|\n|t:|1699389600\n|move|p2a: Bannable Offense|Iron Head|p1a: Tchoupi\n|-resisted|p1a: Tchoupi\n|-damage|p1a: Tchoupi|59\/100\n|move|p1a: Tchoupi|Earthquake|p2a: Bannable Offense\n|-supereffective|p2a: Bannable Offense\n|-damage|p2a: Bannable Offense|0 fnt\n|faint|p2a: Bannable Offense\n|-end|p2a: Bannable Offense|fallen5|[silent]\n|\n|win|Dylan in the MA\n","uploadtime":1699389609,"views":20,"p1id":"dylaninthema","p2id":"aaronma","formatid":"gen9ubers","rating":0,"private":0,"password":""}