{"id":"gen9ubers-1995642358","p1":"koopa003","p2":"pitbull123g","format":"[Gen 9] Ubers","log":"|j|\u2606koopa003\n|j|\u2606pitbull123g\n|t:|1700590090\n|gametype|singles\n|player|p1|koopa003|camper|\n|player|p2|pitbull123g|1|\n|teamsize|p1|6\n|teamsize|p2|6\n|gen|9\n|tier|[Gen 9] Ubers\n|rated|Tournament battle\n|rule|Sleep Clause Mod: Limit one foe put to sleep\n|rule|Species Clause: Limit one of each Pok\u00e9mon\n|rule|OHKO Clause: OHKO moves are banned\n|rule|Evasion Items Clause: Evasion items are banned\n|rule|Evasion Moves Clause: Evasion moves are banned\n|rule|Endless Battle Clause: Forcing endless battles is banned\n|rule|HP Percentage Mod: HP is shown in percentages\n|clearpoke\n|poke|p1|Flutter Mane|\n|poke|p1|Chien-Pao|\n|poke|p1|Goodra-Hisui, M|\n|poke|p1|Arceus|\n|poke|p1|Zacian-*|\n|poke|p1|Regieleki|\n|poke|p2|Iron Bundle|\n|poke|p2|Zacian-*|\n|poke|p2|Kyogre|\n|poke|p2|Groudon|\n|poke|p2|Flutter Mane|\n|poke|p2|Arceus-Dragon|\n|teampreview\n|c|\u2606koopa003|lets go\n|c|\u2606koopa003|gl\n|inactive|Battle timer is ON: inactive players will automatically lose when time's up. (requested by koopa003)\n|c|\u2606pitbull123g|lets go!\n|\n|t:|1700590106\n|start\n|switch|p1a: Goodra|Goodra-Hisui, M|100\/100\n|switch|p2a: Groudon|Groudon|100\/100\n|-weather|SunnyDay|[from] ability: Drought|[of] p2a: Groudon\n|turn|1\n|c|\u2606koopa003|always my \"little\" goodra first\n|\n|t:|1700590122\n|move|p2a: Groudon|Spikes|p1a: Goodra\n|-sidestart|p1: koopa003|Spikes\n|move|p1a: Goodra|Flamethrower|p2a: Groudon\n|-damage|p2a: Groudon|57\/100\n|\n|-weather|SunnyDay|[upkeep]\n|-heal|p2a: Groudon|63\/100|[from] item: Leftovers\n|upkeep\n|turn|2\n|c|\u2606koopa003|imagine burn?\n|\n|t:|1700590137\n|move|p2a: Groudon|Precipice Blades|p1a: Goodra|[miss]\n|-miss|p2a: Groudon|p1a: Goodra\n|move|p1a: Goodra|Flamethrower|p2a: Groudon\n|-damage|p2a: Groudon|19\/100\n|\n|-weather|SunnyDay|[upkeep]\n|-heal|p2a: Groudon|25\/100|[from] item: Leftovers\n|upkeep\n|turn|3\n|c|\u2606koopa003|lolol\n|c|\u2606pitbull123g|right\n|\n|t:|1700590146\n|move|p2a: Groudon|Spikes|p1a: Goodra\n|-sidestart|p1: koopa003|Spikes\n|move|p1a: Goodra|Flamethrower|p2a: Groudon\n|-damage|p2a: Groudon|0 fnt\n|faint|p2a: Groudon\n|\n|-weather|SunnyDay|[upkeep]\n|upkeep\n|c|\u2606koopa003|2nd layer is trash\n|c|\u2606koopa003|except if u get 3rd\n|c|\u2606koopa003|its true im not lying\n|inactive|pitbull123g has 120 seconds left.\n|\n|t:|1700590174\n|switch|p2a: Kyogre|Kyogre|100\/100\n|-weather|RainDance|[from] ability: Drizzle|[of] p2a: Kyogre\n|turn|4\n|c|\u2606koopa003|2nd does only 5% more and third does 8%\n|\n|t:|1700590185\n|move|p2a: Kyogre|Ice Beam|p1a: Goodra\n|-damage|p1a: Goodra|78\/100\n|move|p1a: Goodra|Thunderbolt|p2a: Kyogre\n|-supereffective|p2a: Kyogre\n|-damage|p2a: Kyogre|55\/100\n|\n|-weather|RainDance|[upkeep]\n|-heal|p1a: Goodra|84\/100|[from] item: Leftovers\n|upkeep\n|turn|5\n|c|\u2606koopa003|yep\n|inactive|pitbull123g has 120 seconds left.\n|\n|t:|1700590206\n|switch|p2a: Iron Bundle|Iron Bundle|100\/100\n|move|p1a: Goodra|Thunderbolt|p2a: Iron Bundle\n|-supereffective|p2a: Iron Bundle\n|-damage|p2a: Iron Bundle|0 fnt\n|faint|p2a: Iron Bundle\n|-end|p2a: Iron Bundle|Quark Drive|[silent]\n|\n|-weather|RainDance|[upkeep]\n|-heal|p1a: Goodra|90\/100|[from] item: Leftovers\n|upkeep\n|c|\u2606koopa003|???\n|c|\u2606pitbull123g|on purpose\n|\n|t:|1700590216\n|switch|p2a: Flutter Mane|Flutter Mane|100\/100\n|turn|6\n|c|\u2606koopa003|did u sack delibird?\n|c|\u2606koopa003|really\n|c|\u2606pitbull123g|miss click\n|c|\u2606koopa003|i almost clicked flamethrowe\n|\n|t:|1700590236\n|move|p2a: Flutter Mane|Mystical Fire|p1a: Goodra\n|-damage|p1a: Goodra|77\/100\n|-unboost|p1a: Goodra|spa|1\n|-damage|p2a: Flutter Mane|91\/100|[from] item: Life Orb\n|move|p1a: Goodra|Thunderbolt|p2a: Flutter Mane\n|-damage|p2a: Flutter Mane|71\/100\n|\n|-weather|RainDance|[upkeep]\n|-heal|p1a: Goodra|83\/100|[from] item: Leftovers\n|upkeep\n|turn|7\n|c|\u2606koopa003|with rain\n|c|\u2606koopa003|bruh\n|\n|t:|1700590248\n|move|p2a: Flutter Mane|Moonblast|p1a: Goodra\n|-damage|p1a: Goodra|39\/100\n|-unboost|p1a: Goodra|spa|1\n|-damage|p2a: Flutter Mane|61\/100|[from] item: Life Orb\n|move|p1a: Goodra|Thunderbolt|p2a: Flutter Mane\n|-damage|p2a: Flutter Mane|45\/100\n|\n|-weather|RainDance|[upkeep]\n|-heal|p1a: Goodra|45\/100|[from] item: Leftovers\n|upkeep\n|turn|8\n|c|\u2606koopa003|oh u got drop\n|\n|t:|1700590264\n|move|p2a: Flutter Mane|Moonblast|p1a: Goodra\n|-damage|p1a: Goodra|0 fnt\n|faint|p1a: Goodra\n|-damage|p2a: Flutter Mane|35\/100|[from] item: Life Orb\n|\n|-weather|none\n|upkeep\n|c|\u2606koopa003|cmon resist\n|c|\u2606koopa003|f\n|c|\u2606koopa003|in the chat\n|\n|t:|1700590275\n|switch|p1a: Zacian|Zacian-Crowned|100\/100\n|-damage|p1a: Zacian|84\/100|[from] Spikes\n|-ability|p1a: Zacian|Intrepid Sword|boost\n|-boost|p1a: Zacian|atk|1\n|turn|9\n|\n|t:|1700590288\n|move|p1a: Zacian|Behemoth Blade|p2a: Flutter Mane\n|-supereffective|p2a: Flutter Mane\n|-damage|p2a: Flutter Mane|0 fnt\n|faint|p2a: Flutter Mane\n|-end|p2a: Flutter Mane|Protosynthesis|[silent]\n|\n|upkeep\n|inactive|pitbull123g has 90 seconds left.\n|\n|t:|1700590308\n|switch|p2a: Kyogre|Kyogre|55\/100\n|-weather|RainDance|[from] ability: Drizzle|[of] p2a: Kyogre\n|turn|10\n|inactive|pitbull123g has 90 seconds left.\n|\n|t:|1700590316\n|move|p2a: Kyogre|Origin Pulse|p1a: Zacian\n|-damage|p1a: Zacian|0 fnt\n|faint|p1a: Zacian\n|\n|-weather|RainDance|[upkeep]\n|upkeep\n|c|\u2606koopa003|nice scarf bro\n|\n|t:|1700590339\n|switch|p1a: Regieleki|Regieleki|100\/100\n|-damage|p1a: Regieleki|84\/100|[from] Spikes\n|turn|11\n|c|\u2606koopa003|but\n|c|\u2606koopa003|u arent faster than this (i was calculating)\n|\n|t:|1700590354\n|switch|p2a: Zacian|Zacian-Crowned|100\/100\n|-ability|p2a: Zacian|Intrepid Sword|boost\n|-boost|p2a: Zacian|atk|1\n|move|p1a: Regieleki|Thunder Cage|p2a: Zacian\n|-damage|p2a: Zacian|47\/100\n|-activate|p2a: Zacian|move: Thunder Cage|[of] p1a: Regieleki\n|\n|-weather|RainDance|[upkeep]\n|-damage|p2a: Zacian|34\/100|[from] move: Thunder Cage|[partiallytrapped]\n|upkeep\n|turn|12\n|\n|t:|1700590366\n|move|p1a: Regieleki|Thunderbolt|p2a: Zacian\n|-damage|p2a: Zacian|0 fnt\n|faint|p2a: Zacian\n|\n|-weather|RainDance|[upkeep]\n|upkeep\n|inactive|pitbull123g has 90 seconds left.\n|c|\u2606pitbull123g|good job bro\n|c|\u2606koopa003|arceus dragon\n|\n|t:|1700590381\n|switch|p2a: Arceus|Arceus-Dragon|100\/100\n|turn|13\n|c|\u2606koopa003|why\n|inactive|pitbull123g has 90 seconds left.\n|\n|t:|1700590394\n|move|p1a: Regieleki|Thunder Cage|p2a: Arceus\n|-resisted|p2a: Arceus\n|-damage|p2a: Arceus|80\/100\n|-activate|p2a: Arceus|move: Thunder Cage|[of] p1a: Regieleki\n|move|p2a: Arceus|Dragon Dance|p2a: Arceus\n|-boost|p2a: Arceus|atk|1\n|-boost|p2a: Arceus|spe|1\n|\n|-weather|RainDance|[upkeep]\n|-damage|p2a: Arceus|68\/100|[from] move: Thunder Cage|[partiallytrapped]\n|upkeep\n|turn|14\n|inactive|pitbull123g has 90 seconds left.\n|c|\u2606koopa003|normal is better i think it cant port an item\n|\n|t:|1700590406\n|move|p1a: Regieleki|Rapid Spin|p2a: Arceus\n|-damage|p2a: Arceus|60\/100\n|-boost|p1a: Regieleki|spe|1\n|-sideend|p1: koopa003|Spikes|[from] move: Rapid Spin|[of] p1a: Regieleki\n|move|p2a: Arceus|Dragon Claw|p1a: Regieleki\n|-damage|p1a: Regieleki|0 fnt\n|faint|p1a: Regieleki\n|\n|-weather|none\n|-end|p2a: Arceus|Thunder Cage|[partiallytrapped]|[silent]\n|upkeep\n|c|\u2606koopa003|im faster lol\n|\n|t:|1700590417\n|switch|p1a: Flutter Mane|Flutter Mane|100\/100\n|turn|15\n|\n|t:|1700590423\n|switch|p2a: Kyogre|Kyogre|55\/100\n|-weather|RainDance|[from] ability: Drizzle|[of] p2a: Kyogre\n|move|p1a: Flutter Mane|Moonblast|p2a: Kyogre\n|-damage|p2a: Kyogre|8\/100\n|-unboost|p2a: Kyogre|spa|1\n|-damage|p1a: Flutter Mane|91\/100|[from] item: Life Orb\n|\n|-weather|RainDance|[upkeep]\n|upkeep\n|turn|16\n|\n|t:|1700590434\n|move|p2a: Kyogre|Origin Pulse|p1a: Flutter Mane\n|-damage|p1a: Flutter Mane|24\/100\n|move|p1a: Flutter Mane|Moonblast|p2a: Kyogre\n|-damage|p2a: Kyogre|0 fnt\n|faint|p2a: Kyogre\n|-damage|p1a: Flutter Mane|14\/100|[from] item: Life Orb\n|\n|-weather|RainDance|[upkeep]\n|upkeep\n|c|\u2606koopa003|so powerful\n|\n|t:|1700590443\n|switch|p2a: Arceus|Arceus-Dragon|60\/100\n|turn|17\n|c|\u2606koopa003|well this isnt max spd i think\n|c|\u2606koopa003|!showteam\n|c| koopa003|\/raw <div class=\"infobox\"><details><summary>View team<\/summary>Flutter Mane @ Life Orb  <br \/>Ability: Protosynthesis  <br \/>Tera Type: Ghost  <br \/>EVs: 188 SpA &#x2f; 68 SpD &#x2f; 252 Spe  <br \/>Timid Nature  <br \/>IVs: 0 Atk  <br \/>- Calm Mind  <br \/>- Mystical Fire  <br \/>- Shadow Ball  <br \/>- Moonblast  <br \/><br \/>Chien-Pao @ Life Orb  <br \/>Ability: Sword of Ruin  <br \/>Tera Type: Dark  <br \/>EVs: 4 HP &#x2f; 252 Atk &#x2f; 252 Spe  <br \/>Adamant Nature  <br \/>- Sucker Punch  <br \/>- Crunch  <br \/>- Ice Spinner  <br \/>- Sacred Sword  <br \/><br \/>Goodra (Goodra-Hisui) (M) @ Leftovers  <br \/>Ability: Gooey  <br \/>Tera Type: Steel  <br \/>EVs: 132 Def &#x2f; 196 SpA &#x2f; 180 SpD  <br \/>Modest Nature  <br \/>IVs: 0 Atk  <br \/>- Acid Armor  <br \/>- Body Press  <br \/>- Flamethrower  <br \/>- Thunderbolt  <br \/><br \/>Arceus @ Leftovers  <br \/>Ability: Multitype  <br \/>Tera Type: Normal  <br \/>EVs: 252 Atk &#x2f; 124 Def &#x2f; 132 SpD  <br \/>Adamant Nature  <br \/>- Recover  <br \/>- Extreme Speed  <br \/>- Swords Dance  <br \/>- Earthquake  <br \/><br \/>Zacian @ Rusted Sword  <br \/>Ability: Intrepid Sword  <br \/>Tera Type: Fairy  <br \/>EVs: 252 Atk &#x2f; 4 Def &#x2f; 252 Spe  <br \/>Jolly Nature  <br \/>- Iron Head  <br \/>- Close Combat  <br \/>- Play Rough  <br \/>- Swords Dance  <br \/><br \/>Regieleki @ Magnet  <br \/>Ability: Transistor  <br \/>Tera Type: Electric  <br \/>EVs: 4 HP &#x2f; 252 SpA &#x2f; 252 Spe  <br \/>Modest Nature  <br \/>- Thunderbolt  <br \/>- Rapid Spin  <br \/>- Thunder Cage  <br \/>- Volt Switch  <br \/><br \/><\/details><\/div>\n|c|\u2606koopa003|nah\n|c|\u2606koopa003|its not\n|\n|t:|1700590463\n|move|p1a: Flutter Mane|Moonblast|p2a: Arceus\n|-supereffective|p2a: Arceus\n|-damage|p2a: Arceus|0 fnt\n|faint|p2a: Arceus\n|-damage|p1a: Flutter Mane|4\/100|[from] item: Life Orb\n|\n|win|koopa003\n|n|\u2606koopa003|koopa003\n|n|\u2606pitbull123g|pitbull123g\n","uploadtime":1700590464,"views":2,"p1id":"koopa003","p2id":"pitbull123g","formatid":"gen9ubers","rating":0,"private":0,"password":""}