{"id":"gen9ubers-1983280746","p1":"DethMaker","p2":"Farzdnut","format":"[Gen 9] Ubers","log":"|j|\u2606DethMaker\n|j|\u2606Farzdnut\n|t:|1699113703\n|gametype|singles\n|player|p1|DethMaker|265|1040\n|player|p2|Farzdnut|red|1000\n|teamsize|p1|6\n|teamsize|p2|6\n|gen|9\n|tier|[Gen 9] Ubers\n|rated|\n|rule|Sleep Clause Mod: Limit one foe put to sleep\n|rule|Species Clause: Limit one of each Pok\u00e9mon\n|rule|OHKO Clause: OHKO moves are banned\n|rule|Evasion Items Clause: Evasion items are banned\n|rule|Evasion Moves Clause: Evasion moves are banned\n|rule|Endless Battle Clause: Forcing endless battles is banned\n|rule|HP Percentage Mod: HP is shown in percentages\n|clearpoke\n|poke|p1|Torterra, F|\n|poke|p1|Skeledirge, M|\n|poke|p1|Iron Valiant|\n|poke|p1|Tinkaton, F|\n|poke|p1|Baxcalibur, F|\n|poke|p1|Kingambit, F|\n|poke|p2|Chi-Yu|\n|poke|p2|Torkoal, M|\n|poke|p2|Roaring Moon|\n|poke|p2|Dragonite, F|\n|poke|p2|Sandy Shocks|\n|poke|p2|Annihilape, M|\n|teampreview\n|inactive|Battle timer is ON: inactive players will automatically lose when time's up. (requested by DethMaker)\n|\n|t:|1699113711\n|start\n|switch|p1a: Skeledirge|Skeledirge, M|100\/100\n|switch|p2a: Chi-Yu|Chi-Yu|100\/100\n|-ability|p2a: Chi-Yu|Beads of Ruin\n|turn|1\n|\n|t:|1699113720\n|-terastallize|p2a: Chi-Yu|Water\n|move|p2a: Chi-Yu|Tera Blast|p1a: Skeledirge|[anim] Tera Blast Water\n|-supereffective|p1a: Skeledirge\n|-damage|p1a: Skeledirge|0 fnt\n|faint|p1a: Skeledirge\n|\n|upkeep\n|\n|t:|1699113732\n|switch|p1a: Torterra|Torterra, F|100\/100\n|turn|2\n|inactive|Farzdnut has 120 seconds left.\n|\n|t:|1699113766\n|switch|p2a: Torkoal|Torkoal, M, shiny|100\/100\n|-weather|SunnyDay|[from] ability: Drought|[of] p2a: Torkoal\n|move|p1a: Torterra|Shell Smash|p1a: Torterra\n|-unboost|p1a: Torterra|def|1\n|-unboost|p1a: Torterra|spd|1\n|-boost|p1a: Torterra|atk|2\n|-boost|p1a: Torterra|spa|2\n|-boost|p1a: Torterra|spe|2\n|\n|-weather|SunnyDay|[upkeep]\n|upkeep\n|turn|3\n|inactive|Farzdnut has 120 seconds left.\n|\n|t:|1699113783\n|move|p2a: Torkoal|Protect|p2a: Torkoal\n|-singleturn|p2a: Torkoal|Protect\n|move|p1a: Torterra|Earthquake|p2a: Torkoal\n|-activate|p2a: Torkoal|move: Protect\n|\n|-weather|SunnyDay|[upkeep]\n|upkeep\n|turn|4\n|inactive|Farzdnut has 120 seconds left.\n|\n|t:|1699113802\n|move|p1a: Torterra|Earthquake|p2a: Torkoal\n|-supereffective|p2a: Torkoal\n|-damage|p2a: Torkoal|0 fnt\n|faint|p2a: Torkoal\n|\n|-weather|SunnyDay|[upkeep]\n|upkeep\n|\n|t:|1699113809\n|switch|p2a: Chi-Yu|Chi-Yu, tera:Water|100\/100\n|-ability|p2a: Chi-Yu|Beads of Ruin\n|turn|5\n|\n|t:|1699113819\n|move|p1a: Torterra|Bullet Seed|p2a: Chi-Yu\n|-supereffective|p2a: Chi-Yu\n|-damage|p2a: Chi-Yu|16\/100\n|-supereffective|p2a: Chi-Yu\n|-damage|p2a: Chi-Yu|0 fnt\n|faint|p2a: Chi-Yu\n|-hitcount|p2: Chi-Yu|2\n|\n|-weather|SunnyDay|[upkeep]\n|upkeep\n|\n|t:|1699113833\n|switch|p2a: Annihilape|Annihilape, M|100\/100\n|turn|6\n|\n|t:|1699113845\n|move|p1a: Torterra|Earthquake|p2a: Annihilape\n|-damage|p2a: Annihilape|6\/100\n|move|p2a: Annihilape|Drain Punch|p1a: Torterra\n|-damage|p1a: Torterra|58\/100\n|-heal|p2a: Annihilape|22\/100|[from] drain|[of] p1a: Torterra\n|\n|-weather|none\n|-heal|p2a: Annihilape|29\/100|[from] item: Leftovers\n|upkeep\n|turn|7\n|inactive|Farzdnut has 120 seconds left.\n|\n|t:|1699113856\n|move|p1a: Torterra|Earthquake|p2a: Annihilape\n|-damage|p2a: Annihilape|0 fnt\n|faint|p2a: Annihilape\n|\n|upkeep\n|\n|t:|1699113861\n|switch|p2a: Dragonite|Dragonite, F|100\/100\n|turn|8\n|inactive|Farzdnut has 120 seconds left.\n|\n|t:|1699113872\n|move|p2a: Dragonite|Extreme Speed|p1a: Torterra\n|-damage|p1a: Torterra|14\/100\n|move|p1a: Torterra|Rock Blast|p2a: Dragonite\n|-supereffective|p2a: Dragonite\n|-damage|p2a: Dragonite|83\/100\n|-supereffective|p2a: Dragonite\n|-damage|p2a: Dragonite|48\/100\n|-supereffective|p2a: Dragonite\n|-damage|p2a: Dragonite|9\/100\n|-supereffective|p2a: Dragonite\n|-damage|p2a: Dragonite|0 fnt\n|faint|p2a: Dragonite\n|-hitcount|p2: Dragonite|4\n|\n|upkeep\n|inactive|Farzdnut has 120 seconds left.\n|\n|t:|1699113885\n|switch|p2a: Roaring Moon|Roaring Moon|100\/100\n|turn|9\n|inactive|Farzdnut has 120 seconds left.\n|\n|t:|1699113898\n|move|p1a: Torterra|Earthquake|p2a: Roaring Moon\n|-damage|p2a: Roaring Moon|0 fnt\n|faint|p2a: Roaring Moon\n|-end|p2a: Roaring Moon|Protosynthesis|[silent]\n|\n|upkeep\n|inactive|Farzdnut has 120 seconds left.\n|\n|t:|1699113904\n|switch|p2a: Sandy Shocks|Sandy Shocks|100\/100\n|-enditem|p2a: Sandy Shocks|Booster Energy\n|-activate|p2a: Sandy Shocks|ability: Protosynthesis|[fromitem]\n|-start|p2a: Sandy Shocks|protosynthesisspa\n|turn|10\n|inactive|Farzdnut has 120 seconds left.\n|\n|t:|1699113914\n|move|p1a: Torterra|Earthquake|p2a: Sandy Shocks\n|-supereffective|p2a: Sandy Shocks\n|-damage|p2a: Sandy Shocks|0 fnt\n|faint|p2a: Sandy Shocks\n|-end|p2a: Sandy Shocks|Protosynthesis|[silent]\n|\n|win|DethMaker\n|raw|DethMaker's rating: 1040 &rarr; <strong>1070<\/strong><br \/>(+30 for winning)\n|raw|Farzdnut's rating: 1000 &rarr; <strong>1000<\/strong><br \/>(+0 for losing)\n|l|\u2606Farzdnut\n","uploadtime":1699113927,"views":16,"p1id":"dethmaker","p2id":"farzdnut","formatid":"gen9ubers","rating":1000,"private":0,"password":""}