{"id":"gen9ubers-1978002389","p1":"Immortal bear","p2":"lewkzor","format":"[Gen 9] Ubers","log":"|j|\u2606Immortal bear\n|j|\u2606lewkzor\n|t:|1698482218\n|gametype|singles\n|player|p1|Immortal bear|pokemaniac|\n|player|p2|lewkzor|169|\n|teamsize|p1|6\n|teamsize|p2|6\n|gen|9\n|tier|[Gen 9] Ubers\n|rule|Sleep Clause Mod: Limit one foe put to sleep\n|rule|Species Clause: Limit one of each Pok\u00e9mon\n|rule|OHKO Clause: OHKO moves are banned\n|rule|Evasion Items Clause: Evasion items are banned\n|rule|Evasion Moves Clause: Evasion moves are banned\n|rule|Endless Battle Clause: Forcing endless battles is banned\n|rule|HP Percentage Mod: HP is shown in percentages\n|clearpoke\n|poke|p1|Perrserker, F|\n|poke|p1|Scyther, M|\n|poke|p1|Zangoose, M|\n|poke|p1|Pincurchin, F|\n|poke|p1|Clodsire, F|\n|poke|p1|Tatsugiri-Droopy, F|\n|poke|p2|Hippowdon, F|\n|poke|p2|Scizor, F|\n|poke|p2|Snorlax, M|\n|poke|p2|Sandaconda, M|\n|poke|p2|Probopass, M|\n|poke|p2|Magnezone|\n|teampreview\n|c|\u2606Immortal bear|glhf\n|\n|t:|1698482288\n|start\n|switch|p1a: Koppa Tengu|Scyther, M, shiny|100\/100\n|switch|p2a: Hippowdon|Hippowdon, F|100\/100\n|-weather|Sandstorm|[from] ability: Sand Stream|[of] p2a: Hippowdon\n|turn|1\n|j| NicNeg\n|\n|t:|1698482299\n|move|p1a: Koppa Tengu|U-turn|p2a: Hippowdon\n|-damage|p2a: Hippowdon|82\/100\n|\n|t:|1698482305\n|switch|p1a: Naga|Tatsugiri-Droopy, F|100\/100|[from] U-turn\n|move|p2a: Hippowdon|Stealth Rock|p1a: Naga\n|-sidestart|p1: Immortal bear|move: Stealth Rock\n|\n|-weather|Sandstorm|[upkeep]\n|-damage|p1a: Naga|94\/100|[from] Sandstorm\n|-heal|p2a: Hippowdon|88\/100|[from] item: Leftovers\n|upkeep\n|turn|2\n|\n|t:|1698482321\n|move|p1a: Naga|Rapid Spin|p2a: Hippowdon\n|-damage|p2a: Hippowdon|84\/100\n|-boost|p1a: Naga|spe|1\n|-sideend|p1: Immortal bear|Stealth Rock|[from] move: Rapid Spin|[of] p1a: Naga\n|move|p2a: Hippowdon|Roar|p1a: Naga\n|drag|p1a: Koppa Tengu|Scyther, M, shiny|100\/100\n|\n|-weather|Sandstorm|[upkeep]\n|-damage|p1a: Koppa Tengu|94\/100|[from] Sandstorm\n|-heal|p2a: Hippowdon|90\/100|[from] item: Leftovers\n|upkeep\n|turn|3\n|\n|t:|1698482333\n|move|p1a: Koppa Tengu|U-turn|p2a: Hippowdon\n|-damage|p2a: Hippowdon|72\/100\n|\n|t:|1698482344\n|switch|p1a: Naga|Tatsugiri-Droopy, F|94\/100|[from] U-turn\n|move|p2a: Hippowdon|Stealth Rock|p1a: Naga\n|-sidestart|p1: Immortal bear|move: Stealth Rock\n|\n|-weather|Sandstorm|[upkeep]\n|-damage|p1a: Naga|88\/100|[from] Sandstorm\n|-heal|p2a: Hippowdon|78\/100|[from] item: Leftovers\n|upkeep\n|turn|4\n|\n|t:|1698482355\n|move|p1a: Naga|Rapid Spin|p2a: Hippowdon\n|-damage|p2a: Hippowdon|74\/100\n|-boost|p1a: Naga|spe|1\n|-sideend|p1: Immortal bear|Stealth Rock|[from] move: Rapid Spin|[of] p1a: Naga\n|move|p2a: Hippowdon|Earthquake|p1a: Naga\n|-damage|p1a: Naga|22\/100\n|-enditem|p1a: Naga|Starf Berry|[eat]\n|-boost|p1a: Naga|spd|2|[from] item: Starf Berry\n|\n|-weather|Sandstorm|[upkeep]\n|-damage|p1a: Naga|16\/100|[from] Sandstorm\n|-heal|p2a: Hippowdon|80\/100|[from] item: Leftovers\n|upkeep\n|turn|5\n|\n|t:|1698482367\n|move|p1a: Naga|Surf|p2a: Hippowdon\n|-supereffective|p2a: Hippowdon\n|-damage|p2a: Hippowdon|6\/100\n|move|p2a: Hippowdon|Stealth Rock|p1a: Naga\n|-sidestart|p1: Immortal bear|move: Stealth Rock\n|\n|-weather|none\n|-heal|p2a: Hippowdon|12\/100|[from] item: Leftovers\n|upkeep\n|turn|6\n|\n|t:|1698482379\n|move|p1a: Naga|Surf|p2a: Hippowdon\n|-supereffective|p2a: Hippowdon\n|-crit|p2a: Hippowdon\n|-damage|p2a: Hippowdon|0 fnt\n|faint|p2a: Hippowdon\n|\n|upkeep\n|l| NicNeg\n|j| NicNeg\n|\n|t:|1698482404\n|switch|p2a: Scizor|Scizor, F|100\/100\n|turn|7\n|\n|t:|1698482415\n|move|p2a: Scizor|Bullet Punch|p1a: Naga\n|-resisted|p1a: Naga\n|-damage|p1a: Naga|0 fnt\n|faint|p1a: Naga\n|-damage|p2a: Scizor|91\/100|[from] item: Life Orb\n|\n|upkeep\n|\n|t:|1698482431\n|switch|p1a: Tsuchigumo|Pincurchin, F, shiny|100\/100\n|-damage|p1a: Tsuchigumo|88\/100|[from] Stealth Rock\n|turn|8\n|\n|t:|1698482461\n|move|p2a: Scizor|Swords Dance|p2a: Scizor\n|-boost|p2a: Scizor|atk|2\n|move|p1a: Tsuchigumo|Scald|p2a: Scizor\n|-damage|p2a: Scizor|65\/100\n|\n|upkeep\n|turn|9\n|\n|t:|1698482470\n|move|p2a: Scizor|Bullet Punch|p1a: Tsuchigumo\n|-resisted|p1a: Tsuchigumo\n|-damage|p1a: Tsuchigumo|48\/100\n|-damage|p2a: Scizor|49\/100|[from] item: Rocky Helmet|[of] p1a: Tsuchigumo\n|-damage|p2a: Scizor|39\/100|[from] item: Life Orb\n|move|p1a: Tsuchigumo|Scald|p2a: Scizor\n|-damage|p2a: Scizor|14\/100\n|\n|upkeep\n|turn|10\n|\n|t:|1698482484\n|move|p2a: Scizor|Close Combat|p1a: Tsuchigumo\n|-damage|p1a: Tsuchigumo|0 fnt\n|-unboost|p2a: Scizor|def|1\n|-unboost|p2a: Scizor|spd|1\n|-damage|p2a: Scizor|0 fnt|[from] item: Rocky Helmet|[of] p1a: Tsuchigumo\n|faint|p1a: Tsuchigumo\n|faint|p2a: Scizor\n|\n|upkeep\n|\n|t:|1698482512\n|switch|p2a: Sandaconda|Sandaconda, M|100\/100\n|switch|p1a: Rakshasa|Zangoose, M, shiny|100\/100\n|-damage|p1a: Rakshasa|88\/100|[from] Stealth Rock\n|turn|11\n|\n|t:|1698482530\n|move|p1a: Rakshasa|Rock Slide|p2a: Sandaconda\n|-resisted|p2a: Sandaconda\n|-damage|p2a: Sandaconda|93\/100\n|move|p2a: Sandaconda|Glare|p1a: Rakshasa\n|-status|p1a: Rakshasa|par\n|\n|upkeep\n|turn|12\n|\n|t:|1698482544\n|move|p2a: Sandaconda|Stone Edge|p1a: Rakshasa\n|-damage|p1a: Rakshasa|43\/100 par\n|move|p1a: Rakshasa|Facade|p2a: Sandaconda\n|-damage|p2a: Sandaconda|51\/100\n|-damage|p1a: Rakshasa|27\/100 par|[from] item: Rocky Helmet|[of] p2a: Sandaconda\n|\n|upkeep\n|turn|13\n|\n|t:|1698482553\n|move|p2a: Sandaconda|Earthquake|p1a: Rakshasa\n|-damage|p1a: Rakshasa|0 fnt\n|faint|p1a: Rakshasa\n|\n|upkeep\n|\n|t:|1698482583\n|switch|p1a: Momunofu|Perrserker, F, shiny|100\/100\n|-damage|p1a: Momunofu|94\/100|[from] Stealth Rock\n|turn|14\n|j| marvin1\n|\n|t:|1698482628\n|-terastallize|p1a: Momunofu|Dark\n|move|p2a: Sandaconda|Earthquake|p1a: Momunofu\n|-damage|p1a: Momunofu|60\/100\n|move|p1a: Momunofu|Trailblaze|p2a: Sandaconda\n|-supereffective|p2a: Sandaconda\n|-crit|p2a: Sandaconda\n|-damage|p2a: Sandaconda|8\/100\n|-boost|p1a: Momunofu|spe|1\n|-damage|p1a: Momunofu|44\/100|[from] item: Rocky Helmet|[of] p2a: Sandaconda\n|\n|upkeep\n|turn|15\n|\n|t:|1698482642\n|move|p2a: Sandaconda|Rest|p2a: Sandaconda\n|-status|p2a: Sandaconda|slp|[from] move: Rest\n|-heal|p2a: Sandaconda|100\/100 slp|[silent]\n|move|p1a: Momunofu|Trailblaze|p2a: Sandaconda\n|-supereffective|p2a: Sandaconda\n|-damage|p2a: Sandaconda|71\/100 slp\n|-boost|p1a: Momunofu|spe|1\n|-damage|p1a: Momunofu|27\/100|[from] item: Rocky Helmet|[of] p2a: Sandaconda\n|\n|upkeep\n|turn|16\n|\n|t:|1698482660\n|cant|p2a: Sandaconda|slp\n|move|p1a: Momunofu|Crunch|p2a: Sandaconda\n|-damage|p2a: Sandaconda|36\/100 slp\n|-damage|p1a: Momunofu|10\/100|[from] item: Rocky Helmet|[of] p2a: Sandaconda\n|\n|-activate|p2a: Sandaconda|ability: Shed Skin\n|-curestatus|p2a: Sandaconda|slp|[msg]\n|upkeep\n|turn|17\n|\n|t:|1698482673\n|move|p2a: Sandaconda|Rest|p2a: Sandaconda\n|-status|p2a: Sandaconda|slp|[from] move: Rest\n|-heal|p2a: Sandaconda|100\/100 slp|[silent]\n|move|p1a: Momunofu|Close Combat|p2a: Sandaconda\n|-damage|p2a: Sandaconda|67\/100 slp\n|-unboost|p1a: Momunofu|def|1\n|-unboost|p1a: Momunofu|spd|1\n|-damage|p1a: Momunofu|0 fnt|[from] item: Rocky Helmet|[of] p2a: Sandaconda\n|faint|p1a: Momunofu\n|\n|-activate|p2a: Sandaconda|ability: Shed Skin\n|-curestatus|p2a: Sandaconda|slp|[msg]\n|upkeep\n|\n|t:|1698482705\n|switch|p1a: Black Ooze|Clodsire, F, shiny|100\/100\n|-damage|p1a: Black Ooze|94\/100|[from] Stealth Rock\n|turn|18\n|\n|t:|1698482712\n|move|p2a: Sandaconda|Earthquake|p1a: Black Ooze\n|-supereffective|p1a: Black Ooze\n|-damage|p1a: Black Ooze|14\/100\n|move|p1a: Black Ooze|Earthquake|p2a: Sandaconda\n|-damage|p2a: Sandaconda|42\/100\n|\n|-heal|p1a: Black Ooze|20\/100|[from] item: Black Sludge\n|upkeep\n|turn|19\n|l| NicNeg\n|\n|t:|1698482721\n|move|p2a: Sandaconda|Earthquake|p1a: Black Ooze\n|-supereffective|p1a: Black Ooze\n|-damage|p1a: Black Ooze|0 fnt\n|faint|p1a: Black Ooze\n|\n|upkeep\n|\n|t:|1698482725\n|switch|p1a: Koppa Tengu|Scyther, M, shiny|94\/100\n|-damage|p1a: Koppa Tengu|45\/100|[from] Stealth Rock\n|turn|20\n|\n|t:|1698482730\n|move|p1a: Koppa Tengu|Aerial Ace|p2a: Sandaconda\n|-damage|p2a: Sandaconda|17\/100\n|-damage|p1a: Koppa Tengu|28\/100|[from] item: Rocky Helmet|[of] p2a: Sandaconda\n|move|p2a: Sandaconda|Stone Edge|p1a: Koppa Tengu\n|-supereffective|p1a: Koppa Tengu\n|-damage|p1a: Koppa Tengu|0 fnt\n|faint|p1a: Koppa Tengu\n|\n|win|lewkzor\n|c|\u2606Immortal bear|gg\n|l| marvin1\n","uploadtime":1698482754,"views":28,"p1id":"immortalbear","p2id":"lewkzor","formatid":"gen9ubers","rating":0,"private":0,"password":""}