{"id":"gen9ubers-1996406655","p1":"Throw Games","p2":"Keith Burnett","format":"[Gen 9] Ubers","log":"|j|\u2606Throw Games\n|j|\u203dKeith Burnett\n|t:|1700679018\n|gametype|singles\n|player|p1|Throw Games|clay|1343\n|player|p2|Keith Burnett|102|1256\n|teamsize|p1|6\n|teamsize|p2|6\n|gen|9\n|tier|[Gen 9] Ubers\n|rated|\n|rule|Sleep Clause Mod: Limit one foe put to sleep\n|rule|Species Clause: Limit one of each Pok\u00e9mon\n|rule|OHKO Clause: OHKO moves are banned\n|rule|Evasion Items Clause: Evasion items are banned\n|rule|Evasion Moves Clause: Evasion moves are banned\n|rule|Endless Battle Clause: Forcing endless battles is banned\n|rule|HP Percentage Mod: HP is shown in percentages\n|clearpoke\n|poke|p1|Miraidon|\n|poke|p1|Hawlucha, M|\n|poke|p1|Ting-Lu|\n|poke|p1|Zacian-*|\n|poke|p1|Arceus-Water|\n|poke|p1|Giratina-Origin|\n|poke|p2|Miraidon|\n|poke|p2|Flutter Mane|\n|poke|p2|Iron Hands|\n|poke|p2|Pelipper, M|\n|poke|p2|Iron Treads|\n|poke|p2|Koraidon|\n|teampreview\n|inactive|Battle timer is ON: inactive players will automatically lose when time's up. (requested by Throw Games)\n|\n|t:|1700679041\n|start\n|switch|p1a: PLAYMAKER|Miraidon|100\/100\n|switch|p2a: Koraidon|Koraidon|100\/100\n|-fieldstart|move: Electric Terrain|[from] ability: Hadron Engine|[of] p1a: PLAYMAKER\n|-weather|SunnyDay|[from] ability: Orichalcum Pulse|[of] p2a: Koraidon\n|-activate|p2a: Koraidon|Orichalcum Pulse|[source]\n|turn|1\n|\n|t:|1700679070\n|-terastallize|p2a: Koraidon|Fire\n|move|p2a: Koraidon|Tera Blast|p1a: PLAYMAKER|[anim] Tera Blast Fire\n|-resisted|p1a: PLAYMAKER\n|-damage|p1a: PLAYMAKER|39\/100\n|move|p1a: PLAYMAKER|Draco Meteor|p2a: Koraidon\n|-damage|p2a: Koraidon|0 fnt\n|-unboost|p1a: PLAYMAKER|spa|2\n|faint|p2a: Koraidon\n|\n|-weather|SunnyDay|[upkeep]\n|upkeep\n|inactive|Keith Burnett has 120 seconds left.\n|\n|t:|1700679103\n|switch|p2a: Iron Treads|Iron Treads, shiny|100\/100\n|-activate|p2a: Iron Treads|ability: Quark Drive\n|-start|p2a: Iron Treads|quarkdrivespd\n|turn|2\n|inactive|Keith Burnett has 90 seconds left.\n|\n|t:|1700679138\n|switch|p1a: STAND|Ting-Lu|100\/100\n|-ability|p1a: STAND|Vessel of Ruin\n|move|p2a: Iron Treads|Stealth Rock|p1a: STAND\n|-sidestart|p1: Throw Games|move: Stealth Rock\n|\n|-weather|SunnyDay|[upkeep]\n|upkeep\n|turn|3\n|\n|t:|1700679157\n|-end|p2a: Iron Treads|Quark Drive|[silent]\n|switch|p2a: Pelipper|Pelipper, M, shiny|100\/100\n|-weather|RainDance|[from] ability: Drizzle|[of] p2a: Pelipper\n|move|p1a: STAND|Earthquake|p2a: Pelipper\n|-immune|p2a: Pelipper\n|\n|-weather|RainDance|[upkeep]\n|upkeep\n|turn|4\n|\n|t:|1700679167\n|move|p1a: STAND|Protect|p1a: STAND\n|-singleturn|p1a: STAND|Protect\n|move|p2a: Pelipper|Hydro Pump|p1a: STAND\n|-activate|p1a: STAND|move: Protect\n|\n|-weather|RainDance|[upkeep]\n|upkeep\n|turn|5\n|inactive|Keith Burnett has 60 seconds left.\n|\n|t:|1700679195\n|switch|p2a: Iron Hands|Iron Hands, shiny|100\/100\n|-activate|p2a: Iron Hands|ability: Quark Drive\n|-start|p2a: Iron Hands|quarkdriveatk\n|switch|p1a: NECK GAINS|Giratina-Origin|100\/100\n|-damage|p1a: NECK GAINS|88\/100|[from] Stealth Rock\n|\n|-weather|RainDance|[upkeep]\n|-fieldend|move: Electric Terrain\n|-end|p2a: Iron Hands|Quark Drive\n|upkeep\n|turn|6\n|inactive|Keith Burnett has 60 seconds left.\n|\n|t:|1700679208\n|move|p1a: NECK GAINS|Defog|p2a: Iron Hands\n|-unboost|p2a: Iron Hands|evasion|1\n|-sideend|p1: Throw Games|Stealth Rock|[from] move: Defog|[of] p1a: NECK GAINS\n|move|p2a: Iron Hands|Play Rough|p1a: NECK GAINS\n|-supereffective|p1a: NECK GAINS\n|-damage|p1a: NECK GAINS|55\/100\n|\n|-weather|RainDance|[upkeep]\n|upkeep\n|turn|7\n|inactive|Keith Burnett has 60 seconds left.\n|\n|t:|1700679221\n|-end|p2a: Iron Hands|Quark Drive|[silent]\n|switch|p2a: Miraidon|Miraidon|100\/100\n|-fieldstart|move: Electric Terrain|[from] ability: Hadron Engine|[of] p2a: Miraidon\n|move|p1a: NECK GAINS|Pain Split|p2a: Miraidon\n|-sethp|p2a: Miraidon|91\/100|[from] move: Pain Split|[silent]\n|-sethp|p1a: NECK GAINS|62\/100|[from] move: Pain Split\n|\n|-weather|none\n|upkeep\n|turn|8\n|inactive|Keith Burnett has 60 seconds left.\n|\n|t:|1700679244\n|switch|p1a: STAND|Ting-Lu|100\/100\n|-ability|p1a: STAND|Vessel of Ruin\n|move|p2a: Miraidon|Electro Drift|p1a: STAND\n|-immune|p1a: STAND\n|\n|upkeep\n|turn|9\n|\n|t:|1700679260\n|switch|p2a: Pelipper|Pelipper, M, shiny|100\/100\n|-weather|RainDance|[from] ability: Drizzle|[of] p2a: Pelipper\n|move|p1a: STAND|Stealth Rock|p2a: Pelipper\n|-sidestart|p2: Keith Burnett|move: Stealth Rock\n|\n|-weather|RainDance|[upkeep]\n|upkeep\n|turn|10\n|\n|t:|1700679272\n|move|p1a: STAND|Protect|p1a: STAND\n|-singleturn|p1a: STAND|Protect\n|move|p2a: Pelipper|Hydro Pump|p1a: STAND\n|-activate|p1a: STAND|move: Protect\n|\n|-weather|RainDance|[upkeep]\n|upkeep\n|turn|11\n|\n|t:|1700679279\n|switch|p2a: Miraidon|Miraidon|91\/100\n|-damage|p2a: Miraidon|79\/100|[from] Stealth Rock\n|-activate|p2a: Miraidon|ability: Hadron Engine\n|switch|p1a: Arceus - Ice|Arceus-Water|100\/100\n|\n|-weather|RainDance|[upkeep]\n|-fieldend|move: Electric Terrain\n|upkeep\n|turn|12\n|\n|t:|1700679293\n|switch|p1a: STAND|Ting-Lu|100\/100\n|-ability|p1a: STAND|Vessel of Ruin\n|move|p2a: Miraidon|Draco Meteor|p1a: STAND\n|-damage|p1a: STAND|44\/100\n|-unboost|p2a: Miraidon|spa|2\n|\n|-weather|RainDance|[upkeep]\n|-heal|p1a: STAND|50\/100|[from] item: Leftovers\n|upkeep\n|turn|13\n|\n|t:|1700679318\n|switch|p2a: Iron Hands|Iron Hands, shiny|100\/100\n|-damage|p2a: Iron Hands|94\/100|[from] Stealth Rock\n|move|p1a: STAND|Ruination|p2a: Iron Hands\n|-damage|p2a: Iron Hands|47\/100\n|\n|-weather|none\n|-heal|p1a: STAND|56\/100|[from] item: Leftovers\n|upkeep\n|turn|14\n|\n|t:|1700679337\n|move|p1a: STAND|Protect|p1a: STAND\n|-singleturn|p1a: STAND|Protect\n|move|p2a: Iron Hands|Drain Punch|p1a: STAND\n|-activate|p1a: STAND|move: Protect\n|\n|-heal|p1a: STAND|62\/100|[from] item: Leftovers\n|upkeep\n|turn|15\n|\n|t:|1700679364\n|move|p2a: Iron Hands|Thunder Punch|p1a: STAND\n|-immune|p1a: STAND\n|move|p1a: STAND|Earthquake|p2a: Iron Hands\n|-supereffective|p2a: Iron Hands\n|-damage|p2a: Iron Hands|2\/100\n|\n|-heal|p1a: STAND|69\/100|[from] item: Leftovers\n|upkeep\n|turn|16\n|\n|t:|1700679372\n|switch|p1a: NECK GAINS|Giratina-Origin|62\/100\n|move|p2a: Iron Hands|Drain Punch|p1a: NECK GAINS\n|-immune|p1a: NECK GAINS\n|\n|upkeep\n|turn|17\n|\n|t:|1700679388\n|move|p1a: NECK GAINS|Shadow Ball|p2a: Iron Hands\n|-damage|p2a: Iron Hands|0 fnt\n|faint|p2a: Iron Hands\n|-end|p2a: Iron Hands|Quark Drive|[silent]\n|\n|upkeep\n|\n|t:|1700679397\n|switch|p2a: Flutter Mane|Flutter Mane, shiny|100\/100\n|-damage|p2a: Flutter Mane|88\/100|[from] Stealth Rock\n|turn|18\n|inactive|Throw Games has 120 seconds left.\n|\n|t:|1700679427\n|-end|p2a: Flutter Mane|Protosynthesis|[silent]\n|switch|p2a: Miraidon|Miraidon|79\/100\n|-damage|p2a: Miraidon|66\/100|[from] Stealth Rock\n|-fieldstart|move: Electric Terrain|[from] ability: Hadron Engine|[of] p2a: Miraidon\n|-terastallize|p1a: NECK GAINS|Steel\n|move|p1a: NECK GAINS|Pain Split|p2a: Miraidon\n|-sethp|p2a: Miraidon|79\/100|[from] move: Pain Split|[silent]\n|-sethp|p1a: NECK GAINS|53\/100|[from] move: Pain Split\n|\n|upkeep\n|turn|19\n|inactive|Keith Burnett has 30 seconds left.\n|inactive|Keith Burnett has 20 seconds left.\n|inactive|Keith Burnett has 15 seconds left.\n|\n|t:|1700679459\n|switch|p1a: STAND|Ting-Lu|69\/100\n|-ability|p1a: STAND|Vessel of Ruin\n|move|p2a: Miraidon|Dazzling Gleam|p1a: STAND\n|-supereffective|p1a: STAND\n|-damage|p1a: STAND|11\/100\n|\n|-heal|p1a: STAND|17\/100|[from] item: Leftovers\n|upkeep\n|turn|20\n|inactive|Keith Burnett has 25 seconds left this turn.\n|inactive|Keith Burnett has 20 seconds left.\n|\n|t:|1700679468\n|move|p1a: STAND|Protect|p1a: STAND\n|-singleturn|p1a: STAND|Protect\n|move|p2a: Miraidon|Dazzling Gleam|p1a: STAND\n|-activate|p1a: STAND|move: Protect\n|\n|-heal|p1a: STAND|23\/100|[from] item: Leftovers\n|upkeep\n|turn|21\n|inactive|Keith Burnett has 30 seconds left this turn.\n|\n|t:|1700679472\n|switch|p1a: NEVER PUNISHED|Zacian-Crowned|100\/100\n|-ability|p1a: NEVER PUNISHED|Intrepid Sword|boost\n|-boost|p1a: NEVER PUNISHED|atk|1\n|move|p2a: Miraidon|Dazzling Gleam|p1a: NEVER PUNISHED\n|-resisted|p1a: NEVER PUNISHED\n|-damage|p1a: NEVER PUNISHED|72\/100\n|\n|upkeep\n|turn|22\n|inactive|Keith Burnett has 30 seconds left.\n|inactive|Keith Burnett has 20 seconds left.\n|\n|t:|1700679494\n|switch|p2a: Pelipper|Pelipper, M, shiny|100\/100\n|-weather|RainDance|[from] ability: Drizzle|[of] p2a: Pelipper\n|move|p1a: NEVER PUNISHED|Behemoth Blade|p2a: Pelipper\n|-resisted|p2a: Pelipper\n|-damage|p2a: Pelipper|69\/100\n|\n|-weather|RainDance|[upkeep]\n|-fieldend|move: Electric Terrain\n|upkeep\n|turn|23\n|inactive|Keith Burnett has 30 seconds left this turn.\n|inactive|Keith Burnett has 20 seconds left.\n|\n|t:|1700679506\n|switch|p1a: Arceus - Ice|Arceus-Water|100\/100\n|move|p2a: Pelipper|U-turn|p1a: Arceus - Ice\n|-damage|p1a: Arceus - Ice|94\/100\n|inactive|Keith Burnett has 25 seconds left this turn.\n|inactive|Keith Burnett has 20 seconds left.\n|\n|t:|1700679515\n|switch|p2a: Flutter Mane|Flutter Mane, shiny|88\/100|[from] U-turn\n|-damage|p2a: Flutter Mane|76\/100|[from] Stealth Rock\n|\n|-weather|RainDance|[upkeep]\n|upkeep\n|turn|24\n|inactive|Keith Burnett has 30 seconds left this turn.\n|inactive|Keith Burnett has 20 seconds left.\n|\n|t:|1700679530\n|move|p2a: Flutter Mane|Moonblast|p1a: Arceus - Ice\n|-damage|p1a: Arceus - Ice|59\/100\n|-unboost|p1a: Arceus - Ice|spa|1\n|move|p1a: Arceus - Ice|Judgment|p2a: Flutter Mane\n|-damage|p2a: Flutter Mane|24\/100\n|\n|-weather|RainDance|[upkeep]\n|upkeep\n|turn|25\n|inactive|Keith Burnett has 30 seconds left this turn.\n|inactive|Keith Burnett has 20 seconds left.\n|\n|t:|1700679544\n|-end|p2a: Flutter Mane|Protosynthesis|[silent]\n|switch|p2a: Miraidon|Miraidon|79\/100\n|-damage|p2a: Miraidon|66\/100|[from] Stealth Rock\n|-fieldstart|move: Electric Terrain|[from] ability: Hadron Engine|[of] p2a: Miraidon\n|move|p1a: Arceus - Ice|Recover|p1a: Arceus - Ice\n|-heal|p1a: Arceus - Ice|100\/100\n|\n|-weather|RainDance|[upkeep]\n|upkeep\n|turn|26\n|inactive|Keith Burnett has 30 seconds left this turn.\n|inactive|Keith Burnett has 20 seconds left.\n|\n|t:|1700679555\n|switch|p1a: STAND|Ting-Lu|23\/100\n|-ability|p1a: STAND|Vessel of Ruin\n|move|p2a: Miraidon|Dazzling Gleam|p1a: STAND\n|-supereffective|p1a: STAND\n|-damage|p1a: STAND|0 fnt\n|faint|p1a: STAND\n|\n|-weather|none\n|upkeep\n|inactive|Keith Burnett has 25 seconds left this turn.\n|\n|t:|1700679563\n|switch|p1a: NEVER PUNISHED|Zacian-Crowned|72\/100\n|turn|27\n|\n|t:|1700679567\n|switch|p2a: Pelipper|Pelipper, M, shiny|69\/100\n|-weather|RainDance|[from] ability: Drizzle|[of] p2a: Pelipper\n|move|p1a: NEVER PUNISHED|Play Rough|p2a: Pelipper|[miss]\n|-miss|p1a: NEVER PUNISHED|p2a: Pelipper\n|\n|-weather|RainDance|[upkeep]\n|upkeep\n|turn|28\n|\n|t:|1700679581\n|move|p1a: NEVER PUNISHED|Play Rough|p2a: Pelipper\n|-damage|p2a: Pelipper|30\/100\n|move|p2a: Pelipper|Hydro Pump|p1a: NEVER PUNISHED\n|-damage|p1a: NEVER PUNISHED|25\/100\n|\n|-weather|RainDance|[upkeep]\n|upkeep\n|turn|29\n|inactive|Keith Burnett has 30 seconds left.\n|inactive|Keith Burnett has 20 seconds left.\n|\n|t:|1700679607\n|move|p1a: NEVER PUNISHED|Play Rough|p2a: Pelipper\n|-damage|p2a: Pelipper|0 fnt\n|faint|p2a: Pelipper\n|\n|-weather|RainDance|[upkeep]\n|-fieldend|move: Electric Terrain\n|upkeep\n|inactive|Keith Burnett has 25 seconds left this turn.\n|\n|t:|1700679610\n|switch|p2a: Flutter Mane|Flutter Mane, shiny|24\/100\n|-damage|p2a: Flutter Mane|12\/100|[from] Stealth Rock\n|turn|30\n|inactive|Keith Burnett has 30 seconds left.\n|\n|t:|1700679624\n|move|p2a: Flutter Mane|Shadow Ball|p1a: NEVER PUNISHED\n|-damage|p1a: NEVER PUNISHED|0 fnt\n|faint|p1a: NEVER PUNISHED\n|\n|-weather|RainDance|[upkeep]\n|upkeep\n|\n|t:|1700679627\n|switch|p1a: Arceus - Ice|Arceus-Water|100\/100\n|turn|31\n|\n|t:|1700679635\n|-end|p2a: Flutter Mane|Protosynthesis|[silent]\n|switch|p2a: Iron Treads|Iron Treads, shiny|100\/100\n|-damage|p2a: Iron Treads|97\/100|[from] Stealth Rock\n|move|p1a: Arceus - Ice|Ice Beam|p2a: Iron Treads\n|-damage|p2a: Iron Treads|77\/100\n|\n|-weather|none\n|-heal|p2a: Iron Treads|84\/100|[from] item: Leftovers\n|upkeep\n|turn|32\n|\n|t:|1700679643\n|move|p1a: Arceus - Ice|Judgment|p2a: Iron Treads\n|-supereffective|p2a: Iron Treads\n|-damage|p2a: Iron Treads|5\/100\n|move|p2a: Iron Treads|Rapid Spin|p1a: Arceus - Ice\n|-damage|p1a: Arceus - Ice|92\/100\n|-boost|p2a: Iron Treads|spe|1\n|-sideend|p2: Keith Burnett|Stealth Rock|[from] move: Rapid Spin|[of] p2a: Iron Treads\n|\n|-heal|p2a: Iron Treads|12\/100|[from] item: Leftovers\n|upkeep\n|turn|33\n|\n|t:|1700679652\n|-end|p2a: Iron Treads|Quark Drive|[silent]\n|switch|p2a: Miraidon|Miraidon|66\/100\n|-fieldstart|move: Electric Terrain|[from] ability: Hadron Engine|[of] p2a: Miraidon\n|move|p1a: Arceus - Ice|Ice Beam|p2a: Miraidon\n|-supereffective|p2a: Miraidon\n|-damage|p2a: Miraidon|24\/100\n|\n|upkeep\n|turn|34\n|\n|t:|1700679671\n|switch|p1a: PLAYMAKER|Miraidon|39\/100\n|-activate|p1a: PLAYMAKER|ability: Hadron Engine\n|move|p2a: Miraidon|Electro Drift|p1a: PLAYMAKER\n|-resisted|p1a: PLAYMAKER\n|-damage|p1a: PLAYMAKER|10\/100\n|\n|upkeep\n|turn|35\n|\n|t:|1700679685\n|move|p2a: Miraidon|Electro Drift|p1a: PLAYMAKER\n|-resisted|p1a: PLAYMAKER\n|-damage|p1a: PLAYMAKER|0 fnt\n|faint|p1a: PLAYMAKER\n|\n|upkeep\n|\n|t:|1700679695\n|switch|p1a: DO IT NOW GOHAN|Hawlucha, M|100\/100\n|-enditem|p1a: DO IT NOW GOHAN|Electric Seed\n|-boost|p1a: DO IT NOW GOHAN|def|1|[from] item: Electric Seed\n|turn|36\n|inactive|Keith Burnett has 60 seconds left.\n|inactive|Throw Games has 120 seconds left.\n|\n|t:|1700679749\n|move|p1a: DO IT NOW GOHAN|Close Combat|p2a: Miraidon\n|-damage|p2a: Miraidon|0 fnt\n|-unboost|p1a: DO IT NOW GOHAN|def|1\n|-unboost|p1a: DO IT NOW GOHAN|spd|1\n|faint|p2a: Miraidon\n|\n|upkeep\n|inactive|Keith Burnett has 60 seconds left.\n|c|\u2606Throw Games|gg\n|\n|t:|1700679764\n|switch|p2a: Flutter Mane|Flutter Mane, shiny|12\/100\n|turn|37\n|inactive|Keith Burnett has 60 seconds left.\n|\n|t:|1700679772\n|move|p1a: DO IT NOW GOHAN|Acrobatics|p2a: Flutter Mane\n|-damage|p2a: Flutter Mane|0 fnt\n|faint|p2a: Flutter Mane\n|-end|p2a: Flutter Mane|Protosynthesis|[silent]\n|\n|-fieldend|move: Electric Terrain\n|upkeep\n|\n|t:|1700679774\n|switch|p2a: Iron Treads|Iron Treads, shiny|12\/100\n|turn|38\n|\n|t:|1700679780\n|move|p1a: DO IT NOW GOHAN|Acrobatics|p2a: Iron Treads\n|-resisted|p2a: Iron Treads\n|-damage|p2a: Iron Treads|0 fnt\n|faint|p2a: Iron Treads\n|-end|p2a: Iron Treads|Quark Drive|[silent]\n|\n|win|Throw Games\n|raw|Throw Games's rating: 1343 &rarr; <strong>1356<\/strong><br \/>(+13 for winning)\n|raw|Keith Burnett's rating: 1224 &rarr; <strong>1207<\/strong><br \/>(-17 for losing)\n|l|\u203dKeith Burnett\n","uploadtime":1700679789,"views":0,"p1id":"throwgames","p2id":"keithburnett","formatid":"gen9ubers","rating":1207,"private":0,"password":""}