{"id":"gen9ubers-1991891300","p1":"Rg67","p2":"CopperSulfate","format":"[Gen 9] Ubers","log":"|j|\u2606Rg67\n|j|\u203dCopperSulfate\n|t:|1700134397\n|gametype|singles\n|player|p1|Rg67|lance|1129\n|player|p2|CopperSulfate|265|1107\n|teamsize|p1|6\n|teamsize|p2|6\n|gen|9\n|tier|[Gen 9] Ubers\n|rated|\n|rule|Sleep Clause Mod: Limit one foe put to sleep\n|rule|Species Clause: Limit one of each Pok\u00e9mon\n|rule|OHKO Clause: OHKO moves are banned\n|rule|Evasion Items Clause: Evasion items are banned\n|rule|Evasion Moves Clause: Evasion moves are banned\n|rule|Endless Battle Clause: Forcing endless battles is banned\n|rule|HP Percentage Mod: HP is shown in percentages\n|clearpoke\n|poke|p1|Baxcalibur, M|\n|poke|p1|Ceruledge, F|\n|poke|p1|Iron Valiant|\n|poke|p1|Kingambit, M|\n|poke|p1|Ursaluna-Bloodmoon, M|\n|poke|p1|Espathra, F|\n|poke|p2|Mew|\n|poke|p2|Palafin, M|\n|poke|p2|Basculegion, M|\n|poke|p2|Pelipper, M|\n|poke|p2|Gothitelle, F|\n|poke|p2|Greninja-*, M|\n|teampreview\n|\n|t:|1700134405\n|start\n|switch|p1a: Baxcalibur|Baxcalibur, M|100\/100\n|switch|p2a: Palafin|Palafin, M|100\/100\n|turn|1\n|\n|t:|1700134420\n|detailschange|p2a: Palafin|Palafin-Hero, M\n|switch|p2a: Pelipper|Pelipper, M|100\/100\n|-weather|RainDance|[from] ability: Drizzle|[of] p2a: Pelipper\n|move|p1a: Baxcalibur|Dragon Dance|p1a: Baxcalibur\n|-boost|p1a: Baxcalibur|atk|1\n|-boost|p1a: Baxcalibur|spe|1\n|\n|-weather|RainDance|[upkeep]\n|upkeep\n|turn|2\n|\n|t:|1700134430\n|move|p1a: Baxcalibur|Icicle Spear|p2a: Pelipper\n|-damage|p2a: Pelipper|77\/100\n|-damage|p2a: Pelipper|51\/100\n|-damage|p2a: Pelipper|25\/100\n|-damage|p2a: Pelipper|0 fnt\n|faint|p2a: Pelipper\n|-hitcount|p2: Pelipper|4\n|\n|-weather|RainDance|[upkeep]\n|upkeep\n|\n|t:|1700134435\n|switch|p2a: Basculegion|Basculegion, M|100\/100\n|turn|3\n|\n|t:|1700134444\n|-terastallize|p2a: Basculegion|Water\n|move|p2a: Basculegion|Wave Crash|p1a: Baxcalibur\n|-resisted|p1a: Baxcalibur\n|-damage|p1a: Baxcalibur|19\/100\n|-damage|p2a: Basculegion|74\/100|[from] Recoil\n|move|p1a: Baxcalibur|Glaive Rush|p2a: Basculegion\n|-damage|p2a: Basculegion|0 fnt\n|-singlemove|p1a: Baxcalibur|Glaive Rush|[silent]\n|faint|p2a: Basculegion\n|\n|-weather|RainDance|[upkeep]\n|upkeep\n|\n|t:|1700134452\n|switch|p2a: Greninja|Greninja, M|100\/100\n|turn|4\n|\n|t:|1700134461\n|move|p2a: Greninja|Water Shuriken|p1a: Baxcalibur\n|-resisted|p1a: Baxcalibur\n|-damage|p1a: Baxcalibur|5\/100\n|-resisted|p1a: Baxcalibur\n|-damage|p1a: Baxcalibur|0 fnt\n|faint|p1a: Baxcalibur\n|-ability|p2a: Greninja|Battle Bond|boost\n|-boost|p2a: Greninja|atk|1\n|-boost|p2a: Greninja|spa|1\n|-boost|p2a: Greninja|spe|1\n|-activate|p2a: Greninja|ability: Battle Bond\n|-hitcount|p1: Baxcalibur|2\n|-damage|p2a: Greninja|91\/100|[from] item: Life Orb\n|\n|-weather|RainDance|[upkeep]\n|upkeep\n|\n|t:|1700134473\n|switch|p1a: Iron Valiant|Iron Valiant, shiny|100\/100\n|-enditem|p1a: Iron Valiant|Booster Energy\n|-activate|p1a: Iron Valiant|ability: Quark Drive|[fromitem]\n|-start|p1a: Iron Valiant|quarkdrivespe\n|turn|5\n|\n|t:|1700134485\n|move|p2a: Greninja|Surf|p1a: Iron Valiant\n|-damage|p1a: Iron Valiant|0 fnt\n|faint|p1a: Iron Valiant\n|-end|p1a: Iron Valiant|Quark Drive|[silent]\n|-damage|p2a: Greninja|81\/100|[from] item: Life Orb\n|\n|-weather|RainDance|[upkeep]\n|upkeep\n|\n|t:|1700134494\n|switch|p1a: Espathra|Espathra, F|100\/100\n|turn|6\n|\n|t:|1700134499\n|move|p1a: Espathra|Protect|p1a: Espathra\n|-singleturn|p1a: Espathra|Protect\n|move|p2a: Greninja|Dark Pulse|p1a: Espathra\n|-activate|p1a: Espathra|move: Protect\n|\n|-weather|RainDance|[upkeep]\n|-ability|p1a: Espathra|Speed Boost|boost\n|-boost|p1a: Espathra|spe|1\n|upkeep\n|turn|7\n|\n|t:|1700134511\n|move|p1a: Espathra|Protect||[still]\n|-fail|p1a: Espathra\n|move|p2a: Greninja|Water Shuriken|p1a: Espathra\n|-damage|p1a: Espathra|68\/100\n|-crit|p1a: Espathra\n|-damage|p1a: Espathra|23\/100\n|-damage|p1a: Espathra|0 fnt\n|faint|p1a: Espathra\n|-hitcount|p1: Espathra|3\n|-damage|p2a: Greninja|71\/100|[from] item: Life Orb\n|\n|-weather|RainDance|[upkeep]\n|upkeep\n|-message|Rg67 forfeited.\n|\n|win|CopperSulfate\n|raw|Rg67's rating: 1129 &rarr; <strong>1102<\/strong><br \/>(-27 for losing)\n|raw|CopperSulfate's rating: 1107 &rarr; <strong>1134<\/strong><br \/>(+27 for winning)\n|l|\u2606Rg67\n","uploadtime":1700134535,"views":18,"p1id":"rg67","p2id":"coppersulfate","formatid":"gen9ubers","rating":1102,"private":0,"password":""}