{"id":"gen9ubers-1987357374","p1":"leonissenbaum","p2":"Dinonbk","format":"[Gen 9] Ubers","log":"|j|\u2606leonissenbaum\n|j|\u2606Dinonbk\n|t:|1699581336\n|gametype|singles\n|player|p1|leonissenbaum|leon|\n|player|p2|Dinonbk|mira|\n|teamsize|p1|6\n|teamsize|p2|6\n|gen|9\n|tier|[Gen 9] Ubers\n|rule|Sleep Clause Mod: Limit one foe put to sleep\n|rule|Species Clause: Limit one of each Pok\u00e9mon\n|rule|OHKO Clause: OHKO moves are banned\n|rule|Evasion Items Clause: Evasion items are banned\n|rule|Evasion Moves Clause: Evasion moves are banned\n|rule|Endless Battle Clause: Forcing endless battles is banned\n|rule|HP Percentage Mod: HP is shown in percentages\n|clearpoke\n|poke|p1|Crocalor, M|\n|poke|p1|Amoonguss, M|\n|poke|p1|Ogerpon, F|\n|poke|p1|Clefable, F|\n|poke|p1|Blissey, F|\n|poke|p1|Oricorio-Pom-Pom, F|\n|poke|p2|Magearna|\n|poke|p2|Ursaluna, M|\n|poke|p2|Glastrier|\n|poke|p2|Dialga|\n|poke|p2|Arceus-Poison|\n|poke|p2|Iron Valiant|\n|teampreview\n|inactive|Battle timer is ON: inactive players will automatically lose when time's up. (requested by Dinonbk)\n|c|\u2606leonissenbaum|gl!\n|c|\u2606Dinonbk|U 2\n|inactive|Dinonbk has 270 seconds left.\n|c|\u2606Dinonbk|U pasted the match b4 me\n|\n|t:|1699581377\n|start\n|switch|p1a: Ogerpon|Ogerpon, F|100\/100\n|switch|p2a: Magearna|Magearna|100\/100\n|turn|1\n|c|\u2606leonissenbaum|gotta be fast\n|\n|t:|1699581385\n|move|p1a: Ogerpon|Spikes|p2a: Magearna\n|-sidestart|p2: Dinonbk|Spikes\n|move|p2a: Magearna|Trick Room|p2a: Magearna\n|-fieldstart|move: Trick Room|[of] p2a: Magearna\n|\n|upkeep\n|turn|2\n|\n|t:|1699581394\n|move|p2a: Magearna|Flash Cannon|p1a: Ogerpon\n|-damage|p1a: Ogerpon|69\/100\n|move|p1a: Ogerpon|Knock Off|p2a: Magearna\n|-resisted|p2a: Magearna\n|-damage|p2a: Magearna|90\/100\n|-enditem|p2a: Magearna|Weakness Policy|[from] move: Knock Off|[of] p1a: Ogerpon\n|\n|-heal|p1a: Ogerpon|75\/100|[from] item: Leftovers\n|upkeep\n|turn|3\n|\n|t:|1699581403\n|move|p2a: Magearna|Flash Cannon|p1a: Ogerpon\n|-damage|p1a: Ogerpon|44\/100\n|move|p1a: Ogerpon|Knock Off|p2a: Magearna\n|-resisted|p2a: Magearna\n|-damage|p2a: Magearna|83\/100\n|\n|-heal|p1a: Ogerpon|50\/100|[from] item: Leftovers\n|upkeep\n|turn|4\n|\n|t:|1699581411\n|move|p2a: Magearna|Draining Kiss|p1a: Ogerpon\n|-damage|p1a: Ogerpon|31\/100\n|-heal|p2a: Magearna|98\/100|[from] drain|[of] p1a: Ogerpon\n|move|p1a: Ogerpon|Synthesis|p1a: Ogerpon\n|-heal|p1a: Ogerpon|80\/100\n|\n|-heal|p1a: Ogerpon|86\/100|[from] item: Leftovers\n|upkeep\n|turn|5\n|j| FrostyRandom02\n|\n|t:|1699581418\n|move|p2a: Magearna|Draining Kiss|p1a: Ogerpon\n|-damage|p1a: Ogerpon|68\/100\n|-heal|p2a: Magearna|100\/100|[from] drain|[of] p1a: Ogerpon\n|move|p1a: Ogerpon|Knock Off|p2a: Magearna\n|-resisted|p2a: Magearna\n|-damage|p2a: Magearna|93\/100\n|\n|-heal|p1a: Ogerpon|74\/100|[from] item: Leftovers\n|-fieldend|move: Trick Room\n|upkeep\n|turn|6\n|\n|t:|1699581421\n|move|p1a: Ogerpon|Spikes|p2a: Magearna\n|-sidestart|p2: Dinonbk|Spikes\n|move|p2a: Magearna|Trick Room|p2a: Magearna\n|-fieldstart|move: Trick Room|[of] p2a: Magearna\n|\n|-heal|p1a: Ogerpon|80\/100|[from] item: Leftovers\n|upkeep\n|turn|7\n|\n|t:|1699581427\n|switch|p2a: Glastrier|Glastrier|100\/100\n|move|p1a: Ogerpon|Spikes|p2a: Glastrier\n|-sidestart|p2: Dinonbk|Spikes\n|\n|-heal|p1a: Ogerpon|86\/100|[from] item: Leftovers\n|upkeep\n|turn|8\n|c| FrostyRandom02|Leon what is this\n|c|\u2606leonissenbaum|not my finest cooking\n|c|\u2606leonissenbaum|but legitimate cooking that i won't let anyone hate on\n|j| IcyTheScreamer\n|\n|t:|1699581449\n|switch|p1a: Crocalor|Crocalor, M|100\/100\n|move|p2a: Glastrier|Substitute|p2a: Glastrier\n|-start|p2a: Glastrier|Substitute\n|-damage|p2a: Glastrier|76\/100\n|\n|upkeep\n|turn|9\n|\n|t:|1699581455\n|move|p2a: Glastrier|High Horsepower|p1a: Crocalor\n|-supereffective|p1a: Crocalor\n|-damage|p1a: Crocalor|60\/100\n|move|p1a: Crocalor|Roar|p2a: Glastrier\n|drag|p2a: Iron Valiant|Iron Valiant|100\/100\n|-damage|p2a: Iron Valiant|76\/100|[from] Spikes\n|-enditem|p2a: Iron Valiant|Booster Energy\n|-activate|p2a: Iron Valiant|ability: Quark Drive|[fromitem]\n|-start|p2a: Iron Valiant|quarkdrivespe\n|\n|upkeep\n|turn|10\n|c| IcyTheScreamer|croc gaming?\n|\n|t:|1699581475\n|-end|p2a: Iron Valiant|Quark Drive|[silent]\n|switch|p2a: Magearna|Magearna|93\/100\n|-damage|p2a: Magearna|68\/100|[from] Spikes\n|move|p1a: Crocalor|Flamethrower|p2a: Magearna\n|-supereffective|p2a: Magearna\n|-damage|p2a: Magearna|20\/100\n|\n|-fieldend|move: Trick Room\n|upkeep\n|turn|11\n|c| FrostyRandom02|Oh yeah, we croccing over here\n|c|\u2606Dinonbk|Oh no\n|inactive|leonissenbaum has 270 seconds left.\n|inactive|Dinonbk has 270 seconds left.\n|\n|t:|1699581508\n|move|p1a: Crocalor|Slack Off|p1a: Crocalor\n|-heal|p1a: Crocalor|100\/100\n|move|p2a: Magearna|Flash Cannon|p1a: Crocalor\n|-resisted|p1a: Crocalor\n|-damage|p1a: Crocalor|80\/100\n|\n|upkeep\n|turn|12\n|\n|t:|1699581511\n|move|p1a: Crocalor|Flamethrower|p2a: Magearna\n|-supereffective|p2a: Magearna\n|-damage|p2a: Magearna|0 fnt\n|faint|p2a: Magearna\n|\n|upkeep\n|\n|t:|1699581515\n|switch|p2a: Ursaluna|Ursaluna, M|100\/100\n|-damage|p2a: Ursaluna|76\/100|[from] Spikes\n|turn|13\n|\n|t:|1699581526\n|switch|p1a: Amoonguss|Amoonguss, M|100\/100\n|move|p2a: Ursaluna|Headlong Rush|p1a: Amoonguss\n|-damage|p1a: Amoonguss|52\/100\n|-unboost|p2a: Ursaluna|def|1\n|-unboost|p2a: Ursaluna|spd|1\n|-damage|p2a: Ursaluna|59\/100|[from] item: Rocky Helmet|[of] p1a: Amoonguss\n|\n|-status|p2a: Ursaluna|brn|[from] item: Flame Orb\n|upkeep\n|turn|14\n|\n|t:|1699581539\n|switch|p2a: Dialga|Dialga|100\/100\n|-damage|p2a: Dialga|75\/100|[from] Spikes\n|-ability|p2a: Dialga|Pressure\n|move|p1a: Amoonguss|Giga Drain|p2a: Dialga\n|-resisted|p2a: Dialga\n|-damage|p2a: Dialga|71\/100\n|-heal|p1a: Amoonguss|54\/100|[from] drain|[of] p2a: Dialga\n|\n|upkeep\n|turn|15\n|c| IcyTheScreamer|funny mushroom\n|\n|t:|1699581558\n|switch|p1a: Blissey|Blissey, F|100\/100\n|move|p2a: Dialga|Fire Blast|p1a: Blissey\n|-damage|p1a: Blissey|87\/100\n|-status|p1a: Blissey|brn\n|\n|-heal|p1a: Blissey|93\/100 brn|[from] item: Leftovers\n|-damage|p1a: Blissey|87\/100 brn|[from] brn\n|upkeep\n|turn|16\n|\n|t:|1699581563\n|move|p1a: Blissey|Stealth Rock|p2a: Dialga\n|-sidestart|p2: Dinonbk|move: Stealth Rock\n|move|p2a: Dialga|Roar|p1a: Blissey\n|-curestatus|p1a: Blissey|brn|[from] ability: Natural Cure\n|drag|p1a: Amoonguss|Amoonguss, M|88\/100\n|\n|upkeep\n|turn|17\n|\n|t:|1699581570\n|switch|p2a: Iron Valiant|Iron Valiant|76\/100\n|-damage|p2a: Iron Valiant|51\/100|[from] Spikes\n|-damage|p2a: Iron Valiant|44\/100|[from] Stealth Rock\n|move|p1a: Amoonguss|Spore|p2a: Iron Valiant\n|-status|p2a: Iron Valiant|slp|[from] move: Spore\n|\n|upkeep\n|turn|18\n|c| IcyTheScreamer|ive though about using the funny shroom\n|\n|t:|1699581582\n|cant|p2a: Iron Valiant|slp\n|move|p1a: Amoonguss|Giga Drain|p2a: Iron Valiant\n|-damage|p2a: Iron Valiant|3\/100 slp\n|-heal|p1a: Amoonguss|100\/100|[from] drain|[of] p2a: Iron Valiant\n|\n|upkeep\n|turn|19\n|\n|t:|1699581587\n|cant|p2a: Iron Valiant|slp\n|move|p1a: Amoonguss|Giga Drain|p2a: Iron Valiant\n|-damage|p2a: Iron Valiant|0 fnt\n|faint|p2a: Iron Valiant\n|-end|p2a: Iron Valiant|Quark Drive|[silent]\n|\n|upkeep\n|c|\u2606Dinonbk|Im so dead\n|\n|t:|1699581594\n|switch|p2a: Glastrier|Glastrier|76\/100\n|turn|20\n|\n|t:|1699581617\n|move|p1a: Amoonguss|Spore|p2a: Glastrier\n|-status|p2a: Glastrier|slp|[from] move: Spore\n|cant|p2a: Glastrier|slp\n|\n|upkeep\n|turn|21\n|\n|t:|1699581626\n|switch|p1a: Crocalor|Crocalor, M|80\/100\n|cant|p2a: Glastrier|slp\n|\n|upkeep\n|turn|22\n|\n|t:|1699581632\n|switch|p2a: Arceus|Arceus-Poison|100\/100\n|-damage|p2a: Arceus|75\/100|[from] Spikes\n|-damage|p2a: Arceus|63\/100|[from] Stealth Rock\n|move|p1a: Crocalor|Flamethrower|p2a: Arceus\n|-damage|p2a: Arceus|46\/100\n|\n|upkeep\n|turn|23\n|inactive|leonissenbaum has 270 seconds left.\n|\n|t:|1699581664\n|move|p2a: Arceus|Recover|p2a: Arceus\n|-heal|p2a: Arceus|96\/100\n|move|p1a: Crocalor|Roar|p2a: Arceus\n|drag|p2a: Ursaluna|Ursaluna, M|59\/100 brn\n|-damage|p2a: Ursaluna|34\/100 brn|[from] Spikes\n|-damage|p2a: Ursaluna|28\/100 brn|[from] Stealth Rock\n|\n|-damage|p2a: Ursaluna|22\/100 brn|[from] brn\n|upkeep\n|turn|24\n|inactive|leonissenbaum has 270 seconds left.\n|\n|t:|1699581678\n|switch|p1a: Amoonguss|Amoonguss, M|100\/100\n|move|p2a: Ursaluna|Facade|p1a: Amoonguss\n|-damage|p1a: Amoonguss|13\/100\n|-damage|p2a: Ursaluna|5\/100 brn|[from] item: Rocky Helmet|[of] p1a: Amoonguss\n|\n|-damage|p2a: Ursaluna|0 fnt|[from] brn\n|faint|p2a: Ursaluna\n|upkeep\n|\n|t:|1699581688\n|switch|p2a: Arceus|Arceus-Poison|96\/100\n|-damage|p2a: Arceus|71\/100|[from] Spikes\n|-damage|p2a: Arceus|58\/100|[from] Stealth Rock\n|turn|25\n|c| FrostyRandom02|Crocalor meta incoming ig\n|inactive|leonissenbaum has 270 seconds left.\n|c| IcyTheScreamer|croc was always the meta\n|c| IcyTheScreamer|you just gotta belive\n|c|\u2606leonissenbaum|croc superiority\n|\n|t:|1699581726\n|switch|p1a: Crocalor|Crocalor, M|80\/100\n|move|p2a: Arceus|Dragon Dance|p2a: Arceus\n|-boost|p2a: Arceus|atk|1\n|-boost|p2a: Arceus|spe|1\n|\n|upkeep\n|turn|26\n|c|\u2606Dinonbk|It is scary\n|\n|t:|1699581741\n|move|p2a: Arceus|Earthquake|p1a: Crocalor\n|-supereffective|p1a: Crocalor\n|-damage|p1a: Crocalor|39\/100\n|move|p1a: Crocalor|Will-O-Wisp|p2a: Arceus\n|-status|p2a: Arceus|brn\n|\n|-damage|p2a: Arceus|52\/100 brn|[from] brn\n|upkeep\n|turn|27\n|\n|t:|1699581749\n|move|p2a: Arceus|Recover|p2a: Arceus\n|-heal|p2a: Arceus|100\/100 brn\n|move|p1a: Crocalor|Slack Off|p1a: Crocalor\n|-heal|p1a: Crocalor|89\/100\n|\n|-damage|p2a: Arceus|94\/100 brn|[from] brn\n|upkeep\n|turn|28\n|inactive|leonissenbaum has 270 seconds left.\n|\n|t:|1699581757\n|move|p2a: Arceus|Earthquake|p1a: Crocalor\n|-supereffective|p1a: Crocalor\n|-damage|p1a: Crocalor|72\/100\n|move|p1a: Crocalor|Roar|p2a: Arceus\n|drag|p2a: Glastrier|Glastrier|76\/100 slp\n|\n|upkeep\n|turn|29\n|\n|t:|1699581765\n|move|p1a: Crocalor|Flamethrower|p2a: Glastrier\n|-supereffective|p2a: Glastrier\n|-damage|p2a: Glastrier|31\/100 slp\n|cant|p2a: Glastrier|slp\n|\n|upkeep\n|turn|30\n|\n|t:|1699581768\n|move|p1a: Crocalor|Flamethrower|p2a: Glastrier\n|-supereffective|p2a: Glastrier\n|-damage|p2a: Glastrier|0 fnt\n|faint|p2a: Glastrier\n|\n|upkeep\n|\n|t:|1699581771\n|switch|p2a: Arceus|Arceus-Poison|94\/100 brn\n|-damage|p2a: Arceus|69\/100 brn|[from] Spikes\n|-damage|p2a: Arceus|57\/100 brn|[from] Stealth Rock\n|turn|31\n|\n|t:|1699581779\n|move|p2a: Arceus|Recover|p2a: Arceus\n|-heal|p2a: Arceus|100\/100 brn\n|move|p1a: Crocalor|Roar|p2a: Arceus\n|drag|p2a: Dialga|Dialga|71\/100\n|-damage|p2a: Dialga|46\/100|[from] Spikes\n|-damage|p2a: Dialga|40\/100|[from] Stealth Rock\n|-ability|p2a: Dialga|Pressure\n|\n|upkeep\n|turn|32\n|c|\u2606Dinonbk|gg I think\n|\n|t:|1699581791\n|switch|p1a: Blissey|Blissey, F|87\/100\n|move|p2a: Dialga|Draco Meteor|p1a: Blissey\n|-damage|p1a: Blissey|61\/100\n|-unboost|p2a: Dialga|spa|2\n|\n|-heal|p1a: Blissey|68\/100|[from] item: Leftovers\n|upkeep\n|turn|33\n|c| IcyTheScreamer|croc is faster than glastreir?\n|c| IcyTheScreamer|thats wild\n|c|\u2606leonissenbaum|croc the speedster\n|\n|t:|1699581808\n|switch|p2a: Arceus|Arceus-Poison|100\/100 brn\n|-damage|p2a: Arceus|75\/100 brn|[from] Spikes\n|-damage|p2a: Arceus|63\/100 brn|[from] Stealth Rock\n|move|p1a: Blissey|Seismic Toss|p2a: Arceus\n|-damage|p2a: Arceus|41\/100 brn\n|\n|-heal|p1a: Blissey|74\/100|[from] item: Leftovers\n|-damage|p2a: Arceus|35\/100 brn|[from] brn\n|upkeep\n|turn|34\n|c| IcyTheScreamer|quick croc gaming\n|c| FrostyRandom02|Glastrier has what, base 35 speed?\n|\n|t:|1699581823\n|move|p2a: Arceus|Recover|p2a: Arceus\n|-heal|p2a: Arceus|85\/100 brn\n|move|p1a: Blissey|Seismic Toss|p2a: Arceus\n|-damage|p2a: Arceus|62\/100 brn\n|\n|-heal|p1a: Blissey|80\/100|[from] item: Leftovers\n|-damage|p2a: Arceus|56\/100 brn|[from] brn\n|upkeep\n|turn|35\n|\n|t:|1699581831\n|switch|p1a: Crocalor|Crocalor, M|72\/100\n|move|p2a: Arceus|Dragon Dance|p2a: Arceus\n|-boost|p2a: Arceus|atk|1\n|-boost|p2a: Arceus|spe|1\n|\n|-damage|p2a: Arceus|50\/100 brn|[from] brn\n|upkeep\n|turn|36\n|\n|t:|1699581838\n|move|p2a: Arceus|Recover|p2a: Arceus\n|-heal|p2a: Arceus|99\/100 brn\n|move|p1a: Crocalor|Roar|p2a: Arceus\n|drag|p2a: Dialga|Dialga|40\/100\n|-damage|p2a: Dialga|15\/100|[from] Spikes\n|-damage|p2a: Dialga|9\/100|[from] Stealth Rock\n|-ability|p2a: Dialga|Pressure\n|\n|upkeep\n|turn|37\n|\n|t:|1699581846\n|switch|p1a: Blissey|Blissey, F|80\/100\n|move|p2a: Dialga|Draco Meteor|p1a: Blissey\n|-damage|p1a: Blissey|56\/100\n|-unboost|p2a: Dialga|spa|2\n|\n|-heal|p1a: Blissey|62\/100|[from] item: Leftovers\n|upkeep\n|turn|38\n|\n|t:|1699581850\n|move|p1a: Blissey|Soft-Boiled|p1a: Blissey\n|-heal|p1a: Blissey|100\/100\n|move|p2a: Dialga|Roar|p1a: Blissey\n|drag|p1a: Crocalor|Crocalor, M|72\/100\n|\n|upkeep\n|turn|39\n|\n|t:|1699581857\n|switch|p1a: Blissey|Blissey, F|100\/100\n|move|p2a: Dialga|Roar|p1a: Blissey\n|drag|p1a: Amoonguss|Amoonguss, M|46\/100\n|\n|upkeep\n|turn|40\n|\n|t:|1699581863\n|switch|p1a: Blissey|Blissey, F|100\/100\n|move|p2a: Dialga|Fire Blast|p1a: Blissey\n|-damage|p1a: Blissey|93\/100\n|\n|-heal|p1a: Blissey|99\/100|[from] item: Leftovers\n|upkeep\n|turn|41\n|\n|t:|1699581866\n|move|p1a: Blissey|Seismic Toss|p2a: Dialga\n|-damage|p2a: Dialga|0 fnt\n|faint|p2a: Dialga\n|\n|-heal|p1a: Blissey|100\/100|[from] item: Leftovers\n|upkeep\n|\n|t:|1699581869\n|switch|p2a: Arceus|Arceus-Poison|99\/100 brn\n|-damage|p2a: Arceus|75\/100 brn|[from] Spikes\n|-damage|p2a: Arceus|62\/100 brn|[from] Stealth Rock\n|turn|42\n|c| IcyTheScreamer|30\n|\n|t:|1699581876\n|move|p2a: Arceus|Dragon Dance|p2a: Arceus\n|-boost|p2a: Arceus|atk|1\n|-boost|p2a: Arceus|spe|1\n|move|p1a: Blissey|Seismic Toss|p2a: Arceus\n|-damage|p2a: Arceus|40\/100 brn\n|\n|-damage|p2a: Arceus|34\/100 brn|[from] brn\n|upkeep\n|turn|43\n|\n|t:|1699581893\n|move|p2a: Arceus|Recover|p2a: Arceus\n|-heal|p2a: Arceus|84\/100 brn\n|move|p1a: Blissey|Seismic Toss|p2a: Arceus\n|-damage|p2a: Arceus|61\/100 brn\n|\n|-damage|p2a: Arceus|55\/100 brn|[from] brn\n|upkeep\n|turn|44\n|\n|t:|1699581898\n|move|p2a: Arceus|Dragon Dance|p2a: Arceus\n|-boost|p2a: Arceus|atk|1\n|-boost|p2a: Arceus|spe|1\n|move|p1a: Blissey|Seismic Toss|p2a: Arceus\n|-damage|p2a: Arceus|33\/100 brn\n|\n|-damage|p2a: Arceus|27\/100 brn|[from] brn\n|upkeep\n|turn|45\n|\n|t:|1699581927\n|move|p2a: Arceus|Poison Jab|p1a: Blissey\n|-damage|p1a: Blissey|50\/100\n|move|p1a: Blissey|Seismic Toss|p2a: Arceus\n|-damage|p2a: Arceus|4\/100 brn\n|\n|-heal|p1a: Blissey|56\/100|[from] item: Leftovers\n|-damage|p2a: Arceus|0 fnt|[from] brn\n|faint|p2a: Arceus\n|\n|win|leonissenbaum\n|upkeep\n|c|\u2606Dinonbk|damn\n|c|\u2606leonissenbaum|gg\n|l| FrostyRandom02\n","uploadtime":1699581942,"views":64,"p1id":"leonissenbaum","p2id":"dinonbk","formatid":"gen9ubers","rating":0,"private":0,"password":""}