{"id":"gen9ubers-1996363146","p1":"FlintyBeast","p2":"jmastodon","format":"[Gen 9] Ubers","log":"|j|\u2606FlintyBeast\n|j|\u2606jmastodon\n|t:|1700674888\n|gametype|singles\n|player|p1|FlintyBeast|102|\n|player|p2|jmastodon|veteran|\n|teamsize|p1|6\n|teamsize|p2|6\n|gen|9\n|tier|[Gen 9] Ubers\n|rule|Sleep Clause Mod: Limit one foe put to sleep\n|rule|Species Clause: Limit one of each Pok\u00e9mon\n|rule|OHKO Clause: OHKO moves are banned\n|rule|Evasion Items Clause: Evasion items are banned\n|rule|Evasion Moves Clause: Evasion moves are banned\n|rule|Endless Battle Clause: Forcing endless battles is banned\n|rule|HP Percentage Mod: HP is shown in percentages\n|clearpoke\n|poke|p1|Dragapult, M|\n|poke|p1|Ogerpon, F|\n|poke|p1|Bellibolt, M|\n|poke|p1|Sylveon, F|\n|poke|p1|Volcanion|\n|poke|p1|Scizor, M|\n|poke|p2|Cloyster, F|\n|poke|p2|Great Tusk|\n|poke|p2|Pikachu-Original, M|\n|poke|p2|Noivern, M|\n|poke|p2|Hoopa-Unbound|\n|poke|p2|Ogerpon-Hearthflame, F|\n|teampreview\n|\n|t:|1700674913\n|start\n|switch|p1a: Bellibolt|Bellibolt, M, shiny|100\/100\n|switch|p2a: Great Tusk|Great Tusk|100\/100\n|turn|1\n|\n|t:|1700674928\n|move|p2a: Great Tusk|Stealth Rock|p1a: Bellibolt\n|-sidestart|p1: FlintyBeast|move: Stealth Rock\n|move|p1a: Bellibolt|Muddy Water|p2a: Great Tusk\n|-supereffective|p2a: Great Tusk\n|-damage|p2a: Great Tusk|44\/100\n|\n|-heal|p2a: Great Tusk|50\/100|[from] item: Leftovers\n|upkeep\n|turn|2\n|\n|t:|1700674937\n|move|p2a: Great Tusk|Earthquake|p1a: Bellibolt\n|-supereffective|p1a: Bellibolt\n|-damage|p1a: Bellibolt|45\/100\n|-start|p1a: Bellibolt|Charge|Earthquake|[from] ability: Electromorphosis\n|move|p1a: Bellibolt|Muddy Water|p2a: Great Tusk|[miss]\n|-miss|p1a: Bellibolt|p2a: Great Tusk\n|\n|-heal|p2a: Great Tusk|56\/100|[from] item: Leftovers\n|-heal|p1a: Bellibolt|51\/100|[from] item: Leftovers\n|upkeep\n|turn|3\n|\n|t:|1700674947\n|-terastallize|p1a: Bellibolt|Ground\n|move|p2a: Great Tusk|Earthquake|p1a: Bellibolt\n|-damage|p1a: Bellibolt|23\/100\n|-start|p1a: Bellibolt|Charge|Earthquake|[from] ability: Electromorphosis\n|move|p1a: Bellibolt|Muddy Water|p2a: Great Tusk|[miss]\n|-miss|p1a: Bellibolt|p2a: Great Tusk\n|\n|-heal|p2a: Great Tusk|62\/100|[from] item: Leftovers\n|-heal|p1a: Bellibolt|29\/100|[from] item: Leftovers\n|upkeep\n|turn|4\n|c|\u2606jmastodon|That is extremely unfortunate\n|\n|t:|1700674964\n|switch|p1a: Ogerpon|Ogerpon, F|100\/100\n|move|p2a: Great Tusk|Body Press|p1a: Ogerpon\n|-damage|p1a: Ogerpon|42\/100\n|\n|-heal|p2a: Great Tusk|69\/100|[from] item: Leftovers\n|upkeep\n|turn|5\n|\n|t:|1700674980\n|-end|p2a: Great Tusk|Protosynthesis|[silent]\n|switch|p2a: Ogerpon|Ogerpon-Hearthflame, F|100\/100\n|-ability|p2a: Ogerpon|Mold Breaker\n|move|p1a: Ogerpon|U-turn|p2a: Ogerpon\n|-damage|p2a: Ogerpon|69\/100\n|\n|t:|1700674986\n|switch|p1a: Volcanion|Volcanion|100\/100|[from] U-turn\n|-damage|p1a: Volcanion|76\/100|[from] Stealth Rock\n|\n|upkeep\n|turn|6\n|\n|t:|1700675008\n|switch|p2a: Noivern|Noivern, M|100\/100\n|move|p1a: Volcanion|Sludge Bomb|p2a: Noivern\n|-damage|p2a: Noivern|53\/100\n|\n|upkeep\n|turn|7\n|\n|t:|1700675025\n|switch|p1a: Sylveon|Sylveon, F, shiny|100\/100\n|-damage|p1a: Sylveon|88\/100|[from] Stealth Rock\n|move|p2a: Noivern|U-turn|p1a: Sylveon\n|-resisted|p1a: Sylveon\n|-damage|p1a: Sylveon|81\/100\n|\n|t:|1700675038\n|switch|p2a: Ogerpon|Ogerpon-Hearthflame, F|69\/100|[from] U-turn\n|-ability|p2a: Ogerpon|Mold Breaker\n|\n|-heal|p1a: Sylveon|88\/100|[from] item: Leftovers\n|upkeep\n|turn|8\n|\n|t:|1700675050\n|move|p2a: Ogerpon|Swords Dance|p2a: Ogerpon\n|-boost|p2a: Ogerpon|atk|2\n|move|p1a: Sylveon|Calm Mind|p1a: Sylveon\n|-boost|p1a: Sylveon|spa|1\n|-boost|p1a: Sylveon|spd|1\n|\n|-heal|p1a: Sylveon|94\/100|[from] item: Leftovers\n|upkeep\n|turn|9\n|\n|t:|1700675062\n|move|p2a: Ogerpon|Ivy Cudgel|p1a: Sylveon|[anim] Ivy Cudgel Fire\n|-damage|p1a: Sylveon|0 fnt\n|faint|p1a: Sylveon\n|\n|upkeep\n|\n|t:|1700675103\n|switch|p1a: Volcanion|Volcanion|76\/100\n|-damage|p1a: Volcanion|51\/100|[from] Stealth Rock\n|turn|10\n|\n|t:|1700675115\n|move|p2a: Ogerpon|Horn Leech|p1a: Volcanion\n|-damage|p1a: Volcanion|0 fnt\n|-heal|p2a: Ogerpon|99\/100|[from] drain|[of] p1a: Volcanion\n|faint|p1a: Volcanion\n|\n|upkeep\n|\n|t:|1700675126\n|switch|p1a: Dragapult|Dragapult, M|100\/100\n|-damage|p1a: Dragapult|88\/100|[from] Stealth Rock\n|turn|11\n|\n|t:|1700675174\n|move|p1a: Dragapult|Dragon Pulse|p2a: Ogerpon\n|-damage|p2a: Ogerpon|59\/100\n|move|p2a: Ogerpon|Play Rough|p1a: Dragapult\n|-supereffective|p1a: Dragapult\n|-damage|p1a: Dragapult|0 fnt\n|faint|p1a: Dragapult\n|\n|upkeep\n|\n|t:|1700675181\n|switch|p1a: Scizor|Scizor, M|100\/100\n|-damage|p1a: Scizor|88\/100|[from] Stealth Rock\n|turn|12\n|\n|t:|1700675186\n|move|p1a: Scizor|Bullet Punch|p2a: Ogerpon\n|-resisted|p2a: Ogerpon\n|-damage|p2a: Ogerpon|23\/100\n|move|p2a: Ogerpon|Ivy Cudgel|p1a: Scizor|[anim] Ivy Cudgel Fire\n|-supereffective|p1a: Scizor\n|-damage|p1a: Scizor|0 fnt\n|faint|p1a: Scizor\n|\n|upkeep\n|\n|t:|1700675194\n|switch|p1a: Ogerpon|Ogerpon, F|42\/100\n|turn|13\n|\n|t:|1700675201\n|move|p1a: Ogerpon|Low Kick|p2a: Ogerpon\n|-crit|p2a: Ogerpon\n|-damage|p2a: Ogerpon|0 fnt\n|faint|p2a: Ogerpon\n|\n|upkeep\n|\n|t:|1700675206\n|switch|p2a: Cloyster|Cloyster, F|100\/100\n|turn|14\n|\n|t:|1700675215\n|move|p1a: Ogerpon|Swords Dance|p1a: Ogerpon\n|-boost|p1a: Ogerpon|atk|2\n|move|p2a: Cloyster|Shell Smash|p2a: Cloyster\n|-unboost|p2a: Cloyster|def|1\n|-unboost|p2a: Cloyster|spd|1\n|-boost|p2a: Cloyster|atk|2\n|-boost|p2a: Cloyster|spa|2\n|-boost|p2a: Cloyster|spe|2\n|\n|upkeep\n|turn|15\n|\n|t:|1700675223\n|move|p2a: Cloyster|Icicle Spear|p1a: Ogerpon\n|-supereffective|p1a: Ogerpon\n|-damage|p1a: Ogerpon|0 fnt\n|faint|p1a: Ogerpon\n|-hitcount|p1: Ogerpon|1\n|\n|upkeep\n|\n|t:|1700675227\n|switch|p1a: Bellibolt|Bellibolt, M, shiny, tera:Ground|29\/100\n|-damage|p1a: Bellibolt|23\/100|[from] Stealth Rock\n|turn|16\n|\n|t:|1700675231\n|move|p2a: Cloyster|Icicle Spear|p1a: Bellibolt\n|-supereffective|p1a: Bellibolt\n|-damage|p1a: Bellibolt|0 fnt\n|faint|p1a: Bellibolt\n|-hitcount|p1: Bellibolt|1\n|\n|win|jmastodon\n|c|\u2606jmastodon|gg\n|l|\u2606FlintyBeast\n|c|\u2606jmastodon|I'll get the replay\n","uploadtime":1700675250,"views":16,"p1id":"flintybeast","p2id":"jmastodon","formatid":"gen9ubers","rating":0,"private":0,"password":""}