{"id":"gen9ubers-1980931582","p1":"manwhocouldntcook","p2":"GratedsShtickface","format":"[Gen 9] Ubers","log":"|j|\u2606manwhocouldntcook\n|j|\u2606GratedsShtickface\n|t:|1698850031\n|gametype|singles\n|player|p1|manwhocouldntcook|chili|\n|player|p2|GratedsShtickface|hiker-gen4|\n|teamsize|p1|6\n|teamsize|p2|6\n|gen|9\n|tier|[Gen 9] Ubers\n|rule|Sleep Clause Mod: Limit one foe put to sleep\n|rule|Species Clause: Limit one of each Pok\u00e9mon\n|rule|OHKO Clause: OHKO moves are banned\n|rule|Evasion Items Clause: Evasion items are banned\n|rule|Evasion Moves Clause: Evasion moves are banned\n|rule|Endless Battle Clause: Forcing endless battles is banned\n|rule|HP Percentage Mod: HP is shown in percentages\n|clearpoke\n|poke|p1|Ninetales-Alola, M|\n|poke|p1|Palkia-Origin|\n|poke|p1|Baxcalibur, M|\n|poke|p1|Cyclizar, F|\n|poke|p1|Volcarona, M|\n|poke|p1|Arceus-Ghost|\n|poke|p2|Baxcalibur, M|\n|poke|p2|Ninetales-Alola, F|\n|poke|p2|Arceus-Ghost|\n|poke|p2|Sandslash-Alola, M|\n|poke|p2|Meowscarada, M|\n|poke|p2|Magearna-Original|\n|teampreview\n|inactive|Battle timer is ON: inactive players will automatically lose when time's up. (requested by GratedsShtickface)\n|c|\u2606GratedsShtickface|glhf\n|c|\u2606manwhocouldntcook|no u\n|\n|t:|1698850049\n|start\n|switch|p1a: Cyclizar|Cyclizar, F|100\/100\n|switch|p2a: Hempurr|Meowscarada, M|100\/100\n|turn|1\n|\n|t:|1698850064\n|move|p2a: Hempurr|Taunt|p1a: Cyclizar\n|-start|p1a: Cyclizar|move: Taunt\n|move|p1a: Cyclizar|Draco Meteor|p2a: Hempurr\n|-damage|p2a: Hempurr|37\/100\n|-unboost|p1a: Cyclizar|spa|2\n|\n|upkeep\n|turn|2\n|\n|t:|1698850076\n|switch|p1a: Volcarona|Volcarona, M|100\/100\n|move|p2a: Hempurr|Spikes|p1a: Volcarona\n|-sidestart|p1: manwhocouldntcook|Spikes\n|\n|upkeep\n|turn|3\n|\n|t:|1698850082\n|move|p2a: Hempurr|Knock Off|p1a: Volcarona\n|-damage|p1a: Volcarona|32\/100\n|-status|p2a: Hempurr|brn|[from] ability: Flame Body|[of] p1a: Volcarona\n|-enditem|p1a: Volcarona|Heavy-Duty Boots|[from] move: Knock Off|[of] p2a: Hempurr\n|move|p1a: Volcarona|Fiery Dance|p2a: Hempurr\n|-supereffective|p2a: Hempurr\n|-damage|p2a: Hempurr|0 fnt\n|-boost|p1a: Volcarona|spa|1\n|faint|p2a: Hempurr\n|\n|upkeep\n|\n|t:|1698850094\n|switch|p2a: Ar\u0441eus-Poison|Arceus-Ghost|100\/100\n|turn|4\n|\n|t:|1698850099\n|move|p2a: Ar\u0441eus-Poison|Calm Mind|p2a: Ar\u0441eus-Poison\n|-boost|p2a: Ar\u0441eus-Poison|spa|1\n|-boost|p2a: Ar\u0441eus-Poison|spd|1\n|move|p1a: Volcarona|Fiery Dance|p2a: Ar\u0441eus-Poison\n|-damage|p2a: Ar\u0441eus-Poison|72\/100\n|-boost|p1a: Volcarona|spa|1\n|\n|upkeep\n|turn|5\n|\n|t:|1698850111\n|switch|p1a: Baxcalibur|Baxcalibur, M|100\/100\n|-damage|p1a: Baxcalibur|88\/100|[from] Spikes\n|move|p2a: Ar\u0441eus-Poison|Judgment|p1a: Baxcalibur\n|-damage|p1a: Baxcalibur|9\/100\n|\n|-heal|p1a: Baxcalibur|15\/100|[from] item: Leftovers\n|upkeep\n|turn|6\n|\n|t:|1698850121\n|move|p2a: Ar\u0441eus-Poison|Aura Sphere|p1a: Baxcalibur\n|-supereffective|p1a: Baxcalibur\n|-damage|p1a: Baxcalibur|0 fnt\n|faint|p1a: Baxcalibur\n|\n|upkeep\n|\n|t:|1698850125\n|switch|p1a: Arceus|Arceus-Ghost|100\/100\n|-damage|p1a: Arceus|88\/100|[from] Spikes\n|turn|7\n|\n|t:|1698850130\n|move|p1a: Arceus|Dragon Dance|p1a: Arceus\n|-boost|p1a: Arceus|atk|1\n|-boost|p1a: Arceus|spe|1\n|move|p2a: Ar\u0441eus-Poison|Judgment|p1a: Arceus\n|-supereffective|p1a: Arceus\n|-damage|p1a: Arceus|0 fnt\n|faint|p1a: Arceus\n|\n|upkeep\n|c|\u2606manwhocouldntcook|ive been had\n|\n|t:|1698850145\n|switch|p1a: Cyclizar|Cyclizar, F|100\/100\n|turn|8\n|\n|t:|1698850148\n|move|p1a: Cyclizar|Draco Meteor|p2a: Ar\u0441eus-Poison\n|-damage|p2a: Ar\u0441eus-Poison|54\/100\n|-unboost|p1a: Cyclizar|spa|2\n|move|p2a: Ar\u0441eus-Poison|Aura Sphere|p1a: Cyclizar\n|-supereffective|p1a: Cyclizar\n|-damage|p1a: Cyclizar|5\/100\n|\n|upkeep\n|turn|9\n|\n|t:|1698850158\n|move|p1a: Cyclizar|Taunt|p2a: Ar\u0441eus-Poison\n|-start|p2a: Ar\u0441eus-Poison|move: Taunt\n|cant|p2a: Ar\u0441eus-Poison|move: Taunt|Calm Mind\n|\n|upkeep\n|turn|10\n|\n|t:|1698850164\n|switch|p1a: Volcarona|Volcarona, M|32\/100\n|-damage|p1a: Volcarona|20\/100|[from] Spikes\n|move|p2a: Ar\u0441eus-Poison|Aura Sphere|p1a: Volcarona\n|-resisted|p1a: Volcarona\n|-damage|p1a: Volcarona|4\/100\n|\n|upkeep\n|turn|11\n|\n|t:|1698850168\n|move|p2a: Ar\u0441eus-Poison|Judgment|p1a: Volcarona\n|-damage|p1a: Volcarona|0 fnt\n|faint|p1a: Volcarona\n|\n|-end|p2a: Ar\u0441eus-Poison|move: Taunt\n|upkeep\n|\n|t:|1698850177\n|switch|p1a: Ninetales|Ninetales-Alola, M|100\/100\n|-damage|p1a: Ninetales|88\/100|[from] Spikes\n|-weather|Snow|[from] ability: Snow Warning|[of] p1a: Ninetales\n|turn|12\n|\n|t:|1698850190\n|move|p2a: Ar\u0441eus-Poison|Recover|p2a: Ar\u0441eus-Poison\n|-heal|p2a: Ar\u0441eus-Poison|100\/100\n|move|p1a: Ninetales|Encore|p2a: Ar\u0441eus-Poison\n|-start|p2a: Ar\u0441eus-Poison|Encore\n|\n|-weather|Snow|[upkeep]\n|upkeep\n|turn|13\n|\n|t:|1698850197\n|switch|p2a: Minty Fresh Sanic|Sandslash-Alola, M, shiny|100\/100\n|move|p1a: Ninetales|Aurora Veil|p1a: Ninetales\n|-sidestart|p1: manwhocouldntcook|move: Aurora Veil\n|\n|-weather|Snow|[upkeep]\n|upkeep\n|turn|14\n|\n|t:|1698850205\n|switch|p1a: Cyclizar|Cyclizar, F|38\/100\n|move|p2a: Minty Fresh Sanic|Stealth Rock|p1a: Cyclizar\n|-sidestart|p1: manwhocouldntcook|move: Stealth Rock\n|\n|-weather|Snow|[upkeep]\n|upkeep\n|turn|15\n|\n|t:|1698850210\n|move|p2a: Minty Fresh Sanic|Icicle Crash|p1a: Cyclizar\n|-supereffective|p1a: Cyclizar\n|-damage|p1a: Cyclizar|0 fnt\n|faint|p1a: Cyclizar\n|\n|-weather|Snow|[upkeep]\n|upkeep\n|\n|t:|1698850213\n|switch|p1a: Palkia|Palkia-Origin|100\/100\n|-damage|p1a: Palkia|88\/100|[from] Spikes\n|-damage|p1a: Palkia|76\/100|[from] Stealth Rock\n|-ability|p1a: Palkia|Pressure\n|turn|16\n|\n|t:|1698850230\n|move|p2a: Minty Fresh Sanic|Iron Head|p1a: Palkia\n|-resisted|p1a: Palkia\n|-damage|p1a: Palkia|65\/100\n|move|p1a: Palkia|Fire Blast|p2a: Minty Fresh Sanic\n|-supereffective|p2a: Minty Fresh Sanic\n|-damage|p2a: Minty Fresh Sanic|0 fnt\n|faint|p2a: Minty Fresh Sanic\n|\n|-weather|none\n|upkeep\n|\n|t:|1698850241\n|switch|p2a: Ninetales|Ninetales-Alola, F, shiny|100\/100\n|-weather|Snow|[from] ability: Snow Warning|[of] p2a: Ninetales\n|turn|17\n|c|\u2606GratedsShtickface|I forgot veil on my alolatales\n|c|\u2606manwhocouldntcook|rip\n|c|\u2606GratedsShtickface|I have aurora beam instead lol\n|\n|t:|1698850260\n|move|p1a: Palkia|Fire Blast|p2a: Ninetales\n|-supereffective|p2a: Ninetales\n|-damage|p2a: Ninetales|0 fnt\n|faint|p2a: Ninetales\n|\n|-weather|Snow|[upkeep]\n|upkeep\n|c|\u2606manwhocouldntcook|LOL\n|\n|t:|1698850264\n|switch|p2a: Frostzilla|Baxcalibur, M, shiny|100\/100\n|turn|18\n|\n|t:|1698850287\n|move|p1a: Palkia|Spacial Rend|p2a: Frostzilla\n|-supereffective|p2a: Frostzilla\n|-damage|p2a: Frostzilla|0 fnt\n|faint|p2a: Frostzilla\n|\n|-weather|Snow|[upkeep]\n|upkeep\n|\n|t:|1698850292\n|switch|p2a: Music Box Doll|Magearna-Original|100\/100\n|turn|19\n|\n|t:|1698850301\n|-terastallize|p1a: Palkia|Water\n|move|p1a: Palkia|Hydro Pump|p2a: Music Box Doll\n|-damage|p2a: Music Box Doll|17\/100\n|move|p2a: Music Box Doll|Calm Mind|p2a: Music Box Doll\n|-boost|p2a: Music Box Doll|spa|1\n|-boost|p2a: Music Box Doll|spd|1\n|\n|-weather|Snow|[upkeep]\n|upkeep\n|turn|20\n|\n|t:|1698850308\n|move|p1a: Palkia|Hydro Pump|p2a: Music Box Doll\n|-damage|p2a: Music Box Doll|0 fnt\n|faint|p2a: Music Box Doll\n|\n|-weather|Snow|[upkeep]\n|-sideend|p1: manwhocouldntcook|move: Aurora Veil\n|upkeep\n|\n|t:|1698850310\n|switch|p2a: Ar\u0441eus-Poison|Arceus-Ghost|100\/100\n|turn|21\n|\n|t:|1698850315\n|move|p1a: Palkia|Hydro Pump|p2a: Ar\u0441eus-Poison\n|-damage|p2a: Ar\u0441eus-Poison|37\/100\n|move|p2a: Ar\u0441eus-Poison|Calm Mind|p2a: Ar\u0441eus-Poison\n|-boost|p2a: Ar\u0441eus-Poison|spa|1\n|-boost|p2a: Ar\u0441eus-Poison|spd|1\n|\n|-weather|none\n|upkeep\n|turn|22\n|\n|t:|1698850318\n|move|p2a: Ar\u0441eus-Poison|Recover|p2a: Ar\u0441eus-Poison\n|-heal|p2a: Ar\u0441eus-Poison|87\/100\n|move|p1a: Palkia|Hydro Pump|p2a: Ar\u0441eus-Poison|[miss]\n|-miss|p1a: Palkia|p2a: Ar\u0441eus-Poison\n|\n|upkeep\n|turn|23\n|\n|t:|1698850323\n|move|p2a: Ar\u0441eus-Poison|Calm Mind|p2a: Ar\u0441eus-Poison\n|-boost|p2a: Ar\u0441eus-Poison|spa|1\n|-boost|p2a: Ar\u0441eus-Poison|spd|1\n|move|p1a: Palkia|Spacial Rend|p2a: Ar\u0441eus-Poison\n|-crit|p2a: Ar\u0441eus-Poison\n|-damage|p2a: Ar\u0441eus-Poison|14\/100\n|\n|upkeep\n|turn|24\n|\n|t:|1698850328\n|move|p1a: Palkia|Spacial Rend|p2a: Ar\u0441eus-Poison\n|-damage|p2a: Ar\u0441eus-Poison|0 fnt\n|faint|p2a: Ar\u0441eus-Poison\n|\n|win|manwhocouldntcook\n|c|\u2606manwhocouldntcook|gg\n|c|\u2606GratedsShtickface|gg\n","uploadtime":1698850333,"views":13,"p1id":"manwhocouldntcook","p2id":"gratedsshtickface","formatid":"gen9ubers","rating":0,"private":0,"password":""}