{"id":"gen9ubers-1992407944","p1":"Zanty-Chan","p2":"Gatita golosa 123","format":"[Gen 9] Ubers","log":"|j|\u2606Zanty-Chan\n|j|\u2606Gatita golosa 123\n|t:|1700184060\n|gametype|singles\n|player|p1|Zanty-Chan|red|\n|player|p2|Gatita golosa 123|pokekid|\n|teamsize|p1|6\n|teamsize|p2|6\n|gen|9\n|tier|[Gen 9] Ubers\n|rule|Sleep Clause Mod: Limit one foe put to sleep\n|rule|Species Clause: Limit one of each Pok\u00e9mon\n|rule|OHKO Clause: OHKO moves are banned\n|rule|Evasion Items Clause: Evasion items are banned\n|rule|Evasion Moves Clause: Evasion moves are banned\n|rule|Endless Battle Clause: Forcing endless battles is banned\n|rule|HP Percentage Mod: HP is shown in percentages\n|clearpoke\n|poke|p1|Ribombee, F|\n|poke|p1|Volbeat, M|\n|poke|p1|Infernape, M|\n|poke|p1|Ninetales, F|\n|poke|p1|Shiftry, F|\n|poke|p1|Kommo-o, M|\n|poke|p2|Ursaluna-Bloodmoon, M|\n|poke|p2|Ogerpon-Hearthflame, F|\n|poke|p2|Politoed, M|\n|poke|p2|Sinistcha-Masterpiece|\n|poke|p2|Basculegion, M|\n|poke|p2|Mandibuzz, F|\n|teampreview\n|inactive|Battle timer is ON: inactive players will automatically lose when time's up. (requested by Zanty-Chan)\n|j| Soul-Shards\n|c|\u2606Gatita golosa 123|Suerte\n|inactive|Zanty-Chan has 270 seconds left.\n|\n|t:|1700184102\n|start\n|switch|p1a: Ninetales|Ninetales, F|100\/100\n|switch|p2a: Ogerpon|Ogerpon-Hearthflame, F|100\/100\n|-ability|p2a: Ogerpon|Mold Breaker\n|-weather|SunnyDay|[from] ability: Drought|[of] p1a: Ninetales\n|turn|1\n|\n|t:|1700184113\n|move|p2a: Ogerpon|Substitute|p2a: Ogerpon\n|-start|p2a: Ogerpon|Substitute\n|-damage|p2a: Ogerpon|76\/100\n|move|p1a: Ninetales|Weather Ball|p2a: Ogerpon\n|-end|p2a: Ogerpon|Substitute\n|\n|-weather|SunnyDay|[upkeep]\n|upkeep\n|turn|2\n|c| Soul-Shards|VOLBEAT SWEEP LETS FUCKING GOOO\n|\n|t:|1700184119\n|switch|p2a: Politoed|Politoed, M|100\/100\n|-weather|RainDance|[from] ability: Drizzle|[of] p2a: Politoed\n|move|p1a: Ninetales|Weather Ball|p2a: Politoed\n|-resisted|p2a: Politoed\n|-damage|p2a: Politoed|88\/100\n|\n|-weather|RainDance|[upkeep]\n|upkeep\n|turn|3\n|\n|t:|1700184132\n|switch|p1a: Ribombee|Ribombee, F|100\/100\n|move|p2a: Politoed|Perish Song|p2a: Politoed\n|-start|p1a: Ribombee|perish3|[silent]\n|-start|p2a: Politoed|perish3|[silent]\n|-fieldactivate|move: Perish Song\n|\n|-weather|RainDance|[upkeep]\n|-start|p1a: Ribombee|perish3\n|-start|p2a: Politoed|perish3\n|upkeep\n|turn|4\n|\n|t:|1700184140\n|switch|p2a: Ursaluna|Ursaluna-Bloodmoon, M|100\/100\n|move|p1a: Ribombee|Sticky Web|p2a: Ursaluna\n|-sidestart|p2: Gatita golosa 123|move: Sticky Web\n|\n|-weather|RainDance|[upkeep]\n|-start|p1a: Ribombee|perish2\n|upkeep\n|turn|5\n|\n|t:|1700184146\n|move|p1a: Ribombee|Stun Spore|p2a: Ursaluna\n|-status|p2a: Ursaluna|par\n|move|p2a: Ursaluna|Calm Mind|p2a: Ursaluna\n|-boost|p2a: Ursaluna|spa|1\n|-boost|p2a: Ursaluna|spd|1\n|\n|-weather|RainDance|[upkeep]\n|-start|p1a: Ribombee|perish1\n|upkeep\n|turn|6\n|\n|t:|1700184160\n|switch|p1a: Volbeat|Volbeat, M|100\/100\n|move|p2a: Ursaluna|Calm Mind|p2a: Ursaluna\n|-boost|p2a: Ursaluna|spa|1\n|-boost|p2a: Ursaluna|spd|1\n|\n|-weather|RainDance|[upkeep]\n|upkeep\n|turn|7\n|\n|t:|1700184165\n|switch|p2a: Mandibuzz|Mandibuzz, F|100\/100\n|move|p1a: Volbeat|Encore|p2a: Mandibuzz\n|-hint|Since gen 7, Dark is immune to Prankster moves.\n|-immune|p2a: Mandibuzz\n|\n|-weather|RainDance|[upkeep]\n|upkeep\n|turn|8\n|\n|t:|1700184169\n|move|p1a: Volbeat|U-turn|p2a: Mandibuzz\n|-damage|p2a: Mandibuzz|91\/100\n|-damage|p1a: Volbeat|84\/100|[from] item: Rocky Helmet|[of] p2a: Mandibuzz\n|\n|t:|1700184176\n|switch|p1a: Ninetales|Ninetales, F|100\/100|[from] U-turn\n|-weather|SunnyDay|[from] ability: Drought|[of] p1a: Ninetales\n|move|p2a: Mandibuzz|Toxic|p1a: Ninetales|[miss]\n|-miss|p2a: Mandibuzz|p1a: Ninetales\n|\n|-weather|SunnyDay|[upkeep]\n|upkeep\n|turn|9\n|inactive|Zanty-Chan has 270 seconds left.\n|\n|t:|1700184209\n|switch|p2a: Politoed|Politoed, M|88\/100\n|-activate|p2a: Politoed|move: Sticky Web\n|-unboost|p2a: Politoed|spe|1\n|-weather|RainDance|[from] ability: Drizzle|[of] p2a: Politoed\n|move|p1a: Ninetales|Nasty Plot|p1a: Ninetales\n|-boost|p1a: Ninetales|spa|2\n|\n|-weather|RainDance|[upkeep]\n|upkeep\n|turn|10\n|inactive|Zanty-Chan has 270 seconds left.\n|\n|t:|1700184224\n|switch|p1a: Volbeat|Volbeat, M|84\/100\n|move|p2a: Politoed|Perish Song|p2a: Politoed\n|-start|p1a: Volbeat|perish3|[silent]\n|-start|p2a: Politoed|perish3|[silent]\n|-fieldactivate|move: Perish Song\n|\n|-weather|RainDance|[upkeep]\n|-start|p1a: Volbeat|perish3\n|-start|p2a: Politoed|perish3\n|upkeep\n|turn|11\n|\n|t:|1700184232\n|switch|p2a: Mandibuzz|Mandibuzz, F|91\/100\n|move|p1a: Volbeat|U-turn|p2a: Mandibuzz\n|-damage|p2a: Mandibuzz|81\/100\n|-damage|p1a: Volbeat|68\/100|[from] item: Rocky Helmet|[of] p2a: Mandibuzz\n|inactive|Zanty-Chan has 270 seconds left.\n|\n|t:|1700184245\n|switch|p1a: Ribombee|Ribombee, F|100\/100|[from] U-turn\n|\n|-weather|RainDance|[upkeep]\n|upkeep\n|turn|12\n|\n|t:|1700184253\n|switch|p2a: Politoed|Politoed, M|88\/100\n|-activate|p2a: Politoed|move: Sticky Web\n|-unboost|p2a: Politoed|spe|1\n|move|p1a: Ribombee|Stun Spore|p2a: Politoed\n|-status|p2a: Politoed|par\n|\n|-weather|RainDance|[upkeep]\n|upkeep\n|turn|13\n|\n|t:|1700184262\n|switch|p1a: Ninetales|Ninetales, F|100\/100\n|-weather|SunnyDay|[from] ability: Drought|[of] p1a: Ninetales\n|move|p2a: Politoed|Encore||[still]\n|-fail|p2a: Politoed\n|\n|-weather|SunnyDay|[upkeep]\n|upkeep\n|turn|14\n|\n|t:|1700184273\n|move|p1a: Ninetales|Solar Beam||[still]\n|-prepare|p1a: Ninetales|Solar Beam\n|-anim|p1a: Ninetales|Solar Beam|p2a: Politoed\n|-supereffective|p2a: Politoed\n|-damage|p2a: Politoed|47\/100 par\n|move|p2a: Politoed|Perish Song|p2a: Politoed\n|-start|p1a: Ninetales|perish3|[silent]\n|-start|p2a: Politoed|perish3|[silent]\n|-fieldactivate|move: Perish Song\n|\n|-weather|SunnyDay|[upkeep]\n|-start|p1a: Ninetales|perish3\n|-start|p2a: Politoed|perish3\n|upkeep\n|turn|15\n|\n|t:|1700184285\n|switch|p2a: Ogerpon|Ogerpon-Hearthflame, F|76\/100\n|-activate|p2a: Ogerpon|move: Sticky Web\n|-unboost|p2a: Ogerpon|spe|1\n|-ability|p2a: Ogerpon|Mold Breaker\n|move|p1a: Ninetales|Solar Beam||[still]\n|-prepare|p1a: Ninetales|Solar Beam\n|-anim|p1a: Ninetales|Solar Beam|p2a: Ogerpon\n|-resisted|p2a: Ogerpon\n|-crit|p2a: Ogerpon\n|-damage|p2a: Ogerpon|62\/100\n|\n|-weather|SunnyDay|[upkeep]\n|-start|p1a: Ninetales|perish2\n|upkeep\n|turn|16\n|\n|t:|1700184300\n|move|p1a: Ninetales|Weather Ball|p2a: Ogerpon\n|-damage|p2a: Ogerpon|0 fnt\n|faint|p2a: Ogerpon\n|\n|-weather|SunnyDay|[upkeep]\n|-start|p1a: Ninetales|perish1\n|upkeep\n|\n|t:|1700184305\n|switch|p2a: Mandibuzz|Mandibuzz, F|81\/100\n|turn|17\n|\n|t:|1700184319\n|switch|p1a: Volbeat|Volbeat, M|68\/100\n|move|p2a: Mandibuzz|Defog|p1a: Volbeat\n|-unboost|p1a: Volbeat|evasion|1\n|-sideend|p2: Gatita golosa 123|Sticky Web|[from] move: Defog|[of] p2a: Mandibuzz\n|\n|-weather|SunnyDay|[upkeep]\n|upkeep\n|turn|18\n|\n|t:|1700184328\n|move|p1a: Volbeat|U-turn|p2a: Mandibuzz\n|-damage|p2a: Mandibuzz|70\/100\n|-damage|p1a: Volbeat|51\/100|[from] item: Rocky Helmet|[of] p2a: Mandibuzz\n|\n|t:|1700184331\n|switch|p1a: Ribombee|Ribombee, F|100\/100|[from] U-turn\n|move|p2a: Mandibuzz|Foul Play|p1a: Ribombee\n|-resisted|p1a: Ribombee\n|-damage|p1a: Ribombee|85\/100\n|\n|-weather|SunnyDay|[upkeep]\n|upkeep\n|turn|19\n|\n|t:|1700184338\n|switch|p2a: Sinistcha|Sinistcha-Masterpiece|100\/100\n|move|p1a: Ribombee|Sticky Web|p2a: Sinistcha\n|-sidestart|p2: Gatita golosa 123|move: Sticky Web\n|\n|-weather|SunnyDay|[upkeep]\n|upkeep\n|turn|20\n|\n|t:|1700184349\n|switch|p1a: Ninetales|Ninetales, F|100\/100\n|move|p2a: Sinistcha|Shadow Ball|p1a: Ninetales\n|-damage|p1a: Ninetales|65\/100\n|\n|-weather|none\n|upkeep\n|turn|21\n|\n|t:|1700184364\n|switch|p1a: Ribombee|Ribombee, F|85\/100\n|move|p2a: Sinistcha|Calm Mind|p2a: Sinistcha\n|-boost|p2a: Sinistcha|spa|1\n|-boost|p2a: Sinistcha|spd|1\n|\n|upkeep\n|turn|22\n|\n|t:|1700184371\n|move|p1a: Ribombee|Bug Buzz|p2a: Sinistcha\n|-damage|p2a: Sinistcha|70\/100\n|move|p2a: Sinistcha|Shadow Ball|p1a: Ribombee\n|-damage|p1a: Ribombee|2\/100\n|\n|-heal|p2a: Sinistcha|76\/100|[from] item: Leftovers\n|upkeep\n|turn|23\n|\n|t:|1700184378\n|move|p1a: Ribombee|Bug Buzz|p2a: Sinistcha\n|-damage|p2a: Sinistcha|44\/100\n|move|p2a: Sinistcha|Matcha Gotcha|p1a: Ribombee\n|-resisted|p1a: Ribombee\n|-damage|p1a: Ribombee|0 fnt\n|-heal|p2a: Sinistcha|44\/100|[from] drain|[of] p1a: Ribombee\n|faint|p1a: Ribombee\n|\n|-heal|p2a: Sinistcha|50\/100|[from] item: Leftovers\n|upkeep\n|\n|t:|1700184380\n|switch|p1a: Ninetales|Ninetales, F|65\/100\n|-weather|SunnyDay|[from] ability: Drought|[of] p1a: Ninetales\n|turn|24\n|\n|t:|1700184384\n|switch|p2a: Politoed|Politoed, M|47\/100 par\n|-activate|p2a: Politoed|move: Sticky Web\n|-unboost|p2a: Politoed|spe|1\n|-weather|RainDance|[from] ability: Drizzle|[of] p2a: Politoed\n|move|p1a: Ninetales|Weather Ball|p2a: Politoed\n|-resisted|p2a: Politoed\n|-damage|p2a: Politoed|34\/100 par\n|\n|-weather|RainDance|[upkeep]\n|upkeep\n|turn|25\n|\n|t:|1700184390\n|switch|p1a: Volbeat|Volbeat, M|51\/100\n|switch|p2a: Mandibuzz|Mandibuzz, F|70\/100\n|\n|-weather|RainDance|[upkeep]\n|upkeep\n|turn|26\n|l|\u2606Zanty-Chan\n|inactive|Zanty-Chan disconnected and has 300 seconds to reconnect!\n|player|p1|\n|inactive|Zanty-Chan has 270 seconds to reconnect!\n|inactive|Zanty-Chan has 240 seconds to reconnect!\n|inactive|Zanty-Chan has 210 seconds to reconnect!\n|inactive|Zanty-Chan has 180 seconds to reconnect!\n|j|\u2606Zanty-Chan\n|inactive|Zanty-Chan reconnected and has 275 seconds left.\n|player|p1|Zanty-Chan|red\n|inactive|Zanty-Chan has 270 seconds left.\n|\n|t:|1700184550\n|switch|p1a: Infernape|Infernape, M|100\/100\n|move|p2a: Mandibuzz|Roost|p2a: Mandibuzz\n|-heal|p2a: Mandibuzz|100\/100\n|-singleturn|p2a: Mandibuzz|move: Roost\n|\n|-weather|RainDance|[upkeep]\n|upkeep\n|turn|27\n|inactive|Zanty-Chan has 270 seconds left.\n|\n|t:|1700184571\n|move|p1a: Infernape|Thunder Punch|p2a: Mandibuzz\n|-supereffective|p2a: Mandibuzz\n|-damage|p2a: Mandibuzz|69\/100\n|-damage|p1a: Infernape|84\/100|[from] item: Rocky Helmet|[of] p2a: Mandibuzz\n|move|p2a: Mandibuzz|Defog|p1a: Infernape\n|-unboost|p1a: Infernape|evasion|1\n|-sideend|p2: Gatita golosa 123|Sticky Web|[from] move: Defog|[of] p2a: Mandibuzz\n|\n|-weather|RainDance|[upkeep]\n|upkeep\n|turn|28\n|\n|t:|1700184595\n|switch|p1a: Ninetales|Ninetales, F|65\/100\n|-weather|SunnyDay|[from] ability: Drought|[of] p1a: Ninetales\n|move|p2a: Mandibuzz|Toxic|p1a: Ninetales\n|-status|p1a: Ninetales|tox\n|\n|-weather|SunnyDay|[upkeep]\n|-damage|p1a: Ninetales|59\/100 tox|[from] psn\n|upkeep\n|turn|29\n|\n|t:|1700184609\n|switch|p1a: Kommo-o|Kommo-o, M|100\/100\n|move|p2a: Mandibuzz|Foul Play|p1a: Kommo-o\n|-resisted|p1a: Kommo-o\n|-damage|p1a: Kommo-o|82\/100\n|\n|-weather|SunnyDay|[upkeep]\n|upkeep\n|turn|30\n|\n|t:|1700184620\n|switch|p1a: Ninetales|Ninetales, F|59\/100 tox\n|move|p2a: Mandibuzz|Toxic|p1a: Ninetales\n|-fail|p1a: Ninetales|tox\n|\n|-weather|SunnyDay|[upkeep]\n|-damage|p1a: Ninetales|53\/100 tox|[from] psn\n|upkeep\n|turn|31\n|inactive|Zanty-Chan has 240 seconds left.\n|\n|t:|1700184657\n|move|p1a: Ninetales|Weather Ball|p2a: Mandibuzz\n|-damage|p2a: Mandibuzz|25\/100\n|move|p2a: Mandibuzz|Roost|p2a: Mandibuzz\n|-heal|p2a: Mandibuzz|75\/100\n|-singleturn|p2a: Mandibuzz|move: Roost\n|\n|-weather|SunnyDay|[upkeep]\n|-damage|p1a: Ninetales|41\/100 tox|[from] psn\n|upkeep\n|turn|32\n|\n|t:|1700184679\n|switch|p1a: Shiftry|Shiftry, F|100\/100\n|move|p2a: Mandibuzz|Foul Play|p1a: Shiftry\n|-resisted|p1a: Shiftry\n|-damage|p1a: Shiftry|81\/100\n|\n|-weather|SunnyDay|[upkeep]\n|upkeep\n|turn|33\n|inactive|Zanty-Chan has 210 seconds left.\n|\n|t:|1700184715\n|move|p1a: Shiftry|Weather Ball|p2a: Mandibuzz\n|-damage|p2a: Mandibuzz|32\/100\n|-damage|p1a: Shiftry|71\/100|[from] item: Life Orb\n|move|p2a: Mandibuzz|Roost|p2a: Mandibuzz\n|-heal|p2a: Mandibuzz|82\/100\n|-singleturn|p2a: Mandibuzz|move: Roost\n|\n|-weather|SunnyDay|[upkeep]\n|upkeep\n|turn|34\n|\n|t:|1700184725\n|move|p1a: Shiftry|Weather Ball|p2a: Mandibuzz\n|-damage|p2a: Mandibuzz|41\/100\n|-damage|p1a: Shiftry|61\/100|[from] item: Life Orb\n|move|p2a: Mandibuzz|Toxic|p1a: Shiftry\n|-status|p1a: Shiftry|tox\n|\n|-weather|SunnyDay|[upkeep]\n|-damage|p1a: Shiftry|55\/100 tox|[from] psn\n|upkeep\n|turn|35\n|\n|t:|1700184733\n|move|p1a: Shiftry|Weather Ball|p2a: Mandibuzz\n|-damage|p2a: Mandibuzz|0 fnt\n|faint|p2a: Mandibuzz\n|-damage|p1a: Shiftry|45\/100 tox|[from] item: Life Orb\n|\n|-weather|none\n|-damage|p1a: Shiftry|32\/100 tox|[from] psn\n|upkeep\n|\n|t:|1700184741\n|switch|p2a: Sinistcha|Sinistcha-Masterpiece|50\/100\n|turn|36\n|inactive|Zanty-Chan has 210 seconds left.\n|\n|t:|1700184753\n|switch|p1a: Volbeat|Volbeat, M|51\/100\n|move|p2a: Sinistcha|Strength Sap|p1a: Volbeat\n|-unboost|p1a: Volbeat|atk|1\n|-heal|p2a: Sinistcha|100\/100\n|\n|upkeep\n|turn|37\n|inactive|Zanty-Chan has 210 seconds left.\n|\n|t:|1700184763\n|switch|p2a: Ursaluna|Ursaluna-Bloodmoon, M|100\/100 par\n|move|p1a: Volbeat|Encore||[still]\n|-fail|p1a: Volbeat\n|\n|upkeep\n|turn|38\n|\n|t:|1700184769\n|move|p1a: Volbeat|Taunt|p2a: Ursaluna\n|-start|p2a: Ursaluna|move: Taunt\n|cant|p2a: Ursaluna|par\n|\n|upkeep\n|turn|39\n|\n|t:|1700184775\n|move|p1a: Volbeat|U-turn|p2a: Ursaluna\n|-damage|p2a: Ursaluna|92\/100 par\n|\n|t:|1700184780\n|switch|p1a: Kommo-o|Kommo-o, M|82\/100|[from] U-turn\n|cant|p2a: Ursaluna|par\n|\n|-heal|p2a: Ursaluna|99\/100 par|[from] item: Leftovers\n|upkeep\n|turn|40\n|c|\u2606Gatita golosa 123|Mmmmmm\n|\n|t:|1700184793\n|move|p1a: Kommo-o|Clangorous Soul|p1a: Kommo-o\n|-boost|p1a: Kommo-o|atk|1\n|-boost|p1a: Kommo-o|def|1\n|-boost|p1a: Kommo-o|spa|1\n|-boost|p1a: Kommo-o|spd|1\n|-boost|p1a: Kommo-o|spe|1\n|-damage|p1a: Kommo-o|49\/100\n|-enditem|p1a: Kommo-o|Throat Spray\n|-boost|p1a: Kommo-o|spa|1|[from] item: Throat Spray\n|cant|p2a: Ursaluna|par\n|\n|-heal|p2a: Ursaluna|100\/100 par|[from] item: Leftovers\n|-end|p2a: Ursaluna|move: Taunt\n|upkeep\n|turn|41\n|\n|t:|1700184803\n|switch|p2a: Politoed|Politoed, M|34\/100 par\n|-weather|RainDance|[from] ability: Drizzle|[of] p2a: Politoed\n|move|p1a: Kommo-o|Drain Punch|p2a: Politoed\n|-damage|p2a: Politoed|0 fnt\n|-heal|p1a: Kommo-o|70\/100|[from] drain|[of] p2a: Politoed\n|faint|p2a: Politoed\n|\n|-weather|RainDance|[upkeep]\n|upkeep\n|\n|t:|1700184817\n|switch|p2a: Basculegion|Basculegion, M|100\/100\n|turn|42\n|inactive|Zanty-Chan has 240 seconds left.\n|inactive|Zanty-Chan has 210 seconds left.\n|\n|t:|1700184870\n|-terastallize|p2a: Basculegion|Ghost\n|-terastallize|p1a: Kommo-o|Normal\n|move|p2a: Basculegion|Last Respects|p1a: Kommo-o\n|-immune|p1a: Kommo-o\n|move|p1a: Kommo-o|Iron Head|p2a: Basculegion\n|-damage|p2a: Basculegion|57\/100\n|\n|-weather|RainDance|[upkeep]\n|upkeep\n|turn|43\n|\n|t:|1700184890\n|move|p2a: Basculegion|Wave Crash|p1a: Kommo-o\n|-damage|p1a: Kommo-o|12\/100\n|-damage|p2a: Basculegion|41\/100|[from] Recoil\n|move|p1a: Kommo-o|Iron Head|p2a: Basculegion\n|-damage|p2a: Basculegion|1\/100\n|\n|-weather|RainDance|[upkeep]\n|upkeep\n|turn|44\n|inactive|Zanty-Chan has 180 seconds left.\n|\n|t:|1700184916\n|move|p2a: Basculegion|Aqua Jet|p1a: Kommo-o\n|-damage|p1a: Kommo-o|0 fnt\n|faint|p1a: Kommo-o\n|\n|-weather|RainDance|[upkeep]\n|upkeep\n|\n|t:|1700184927\n|switch|p1a: Ninetales|Ninetales, F|41\/100 tox\n|-weather|SunnyDay|[from] ability: Drought|[of] p1a: Ninetales\n|turn|45\n|\n|t:|1700184955\n|move|p2a: Basculegion|Aqua Jet|p1a: Ninetales\n|-supereffective|p1a: Ninetales\n|-damage|p1a: Ninetales|9\/100 tox\n|move|p1a: Ninetales|Weather Ball|p2a: Basculegion\n|-damage|p2a: Basculegion|0 fnt\n|faint|p2a: Basculegion\n|\n|-weather|SunnyDay|[upkeep]\n|-damage|p1a: Ninetales|3\/100 tox|[from] psn\n|upkeep\n|\n|t:|1700184975\n|switch|p2a: Sinistcha|Sinistcha-Masterpiece|100\/100\n|turn|46\n|\n|t:|1700184984\n|move|p1a: Ninetales|Weather Ball|p2a: Sinistcha\n|-supereffective|p2a: Sinistcha\n|-damage|p2a: Sinistcha|34\/100\n|move|p2a: Sinistcha|Strength Sap|p1a: Ninetales\n|-unboost|p1a: Ninetales|atk|1\n|-heal|p2a: Sinistcha|75\/100\n|\n|-weather|SunnyDay|[upkeep]\n|-heal|p2a: Sinistcha|81\/100|[from] item: Leftovers\n|-damage|p1a: Ninetales|0 fnt|[from] psn\n|faint|p1a: Ninetales\n|upkeep\n|inactive|Zanty-Chan has 150 seconds left.\n|\n|t:|1700185006\n|switch|p1a: Shiftry|Shiftry, F|32\/100 tox\n|turn|47\n|\n|t:|1700185016\n|move|p1a: Shiftry|Weather Ball|p2a: Sinistcha\n|-supereffective|p2a: Sinistcha\n|-damage|p2a: Sinistcha|22\/100\n|-damage|p1a: Shiftry|23\/100 tox|[from] item: Life Orb\n|move|p2a: Sinistcha|Strength Sap|p1a: Shiftry\n|-unboost|p1a: Shiftry|atk|1\n|-heal|p2a: Sinistcha|75\/100\n|\n|-weather|SunnyDay|[upkeep]\n|-heal|p2a: Sinistcha|81\/100|[from] item: Leftovers\n|-damage|p1a: Shiftry|16\/100 tox|[from] psn\n|upkeep\n|turn|48\n|\n|t:|1700185029\n|move|p1a: Shiftry|Dark Pulse|p2a: Sinistcha\n|-supereffective|p2a: Sinistcha\n|-damage|p2a: Sinistcha|0 fnt\n|faint|p2a: Sinistcha\n|-damage|p1a: Shiftry|6\/100 tox|[from] item: Life Orb\n|\n|-weather|SunnyDay|[upkeep]\n|-damage|p1a: Shiftry|0 fnt|[from] psn\n|faint|p1a: Shiftry\n|upkeep\n|inactive|Zanty-Chan has 150 seconds left.\n|\n|t:|1700185045\n|switch|p1a: Infernape|Infernape, M|84\/100\n|switch|p2a: Ursaluna|Ursaluna-Bloodmoon, M|100\/100 par\n|turn|49\n|\n|t:|1700185051\n|switch|p1a: Volbeat|Volbeat, M|51\/100\n|cant|p2a: Ursaluna|par\n|\n|-weather|SunnyDay|[upkeep]\n|upkeep\n|turn|50\n|c|\u2606Gatita golosa 123|Esto ya es la puta mofa\n|\n|t:|1700185066\n|move|p1a: Volbeat|Taunt|p2a: Ursaluna\n|-start|p2a: Ursaluna|move: Taunt\n|move|p2a: Ursaluna|Blood Moon|p1a: Volbeat\n|-damage|p1a: Volbeat|0 fnt\n|faint|p1a: Volbeat\n|\n|-weather|SunnyDay|[upkeep]\n|upkeep\n|\n|t:|1700185073\n|switch|p1a: Infernape|Infernape, M|84\/100\n|turn|51\n|\n|t:|1700185079\n|move|p1a: Infernape|Drain Punch|p2a: Ursaluna\n|-supereffective|p2a: Ursaluna\n|-damage|p2a: Ursaluna|54\/100 par\n|-heal|p1a: Infernape|100\/100|[from] drain|[of] p2a: Ursaluna\n|move|p2a: Ursaluna|Earth Power|p1a: Infernape\n|-supereffective|p1a: Infernape\n|-damage|p1a: Infernape|8\/100\n|\n|-weather|SunnyDay|[upkeep]\n|-heal|p2a: Ursaluna|61\/100 par|[from] item: Leftovers\n|upkeep\n|turn|52\n|\n|t:|1700185096\n|move|p1a: Infernape|Drain Punch|p2a: Ursaluna\n|-supereffective|p2a: Ursaluna\n|-damage|p2a: Ursaluna|11\/100 par\n|-heal|p1a: Infernape|39\/100|[from] drain|[of] p2a: Ursaluna\n|move|p2a: Ursaluna|Earth Power|p1a: Infernape\n|-supereffective|p1a: Infernape\n|-damage|p1a: Infernape|0 fnt\n|faint|p1a: Infernape\n|\n|win|Gatita golosa 123\n|c| Soul-Shards|gg\n|l|\u2606Zanty-Chan\n|c|\u2606Gatita golosa 123|Gg\n|c|\u2606Gatita golosa 123|Se pic\u00f3 xd\n","uploadtime":1700185122,"views":21,"p1id":"zantychan","p2id":"gatitagolosa123","formatid":"gen9ubers","rating":0,"private":0,"password":""}