{"id":"gen9ubers-1978317147","p1":"Leo Justice","p2":"Kinesquared","format":"[Gen 9] Ubers","log":"|j|\u2606Leo Justice\n|j|\u2606Kinesquared\n|t:|1698524399\n|gametype|singles\n|player|p1|Leo Justice|carmine|\n|player|p2|Kinesquared|scientist-gen4dp|\n|teamsize|p1|6\n|teamsize|p2|6\n|gen|9\n|tier|[Gen 9] Ubers\n|rule|Sleep Clause Mod: Limit one foe put to sleep\n|rule|Species Clause: Limit one of each Pok\u00e9mon\n|rule|OHKO Clause: OHKO moves are banned\n|rule|Evasion Items Clause: Evasion items are banned\n|rule|Evasion Moves Clause: Evasion moves are banned\n|rule|Endless Battle Clause: Forcing endless battles is banned\n|rule|HP Percentage Mod: HP is shown in percentages\n|clearpoke\n|poke|p1|Meowscarada, F|\n|poke|p1|Gholdengo|\n|poke|p1|Dialga|\n|poke|p1|Zacian-*|\n|poke|p1|Magearna|\n|poke|p1|Cyclizar, F|\n|poke|p2|Magearna|\n|poke|p2|Gliscor, M|\n|poke|p2|Blissey, F|\n|poke|p2|Dondozo, F|\n|poke|p2|Giratina|\n|poke|p2|Garganacl, M|\n|teampreview\n|\n|t:|1698524406\n|start\n|switch|p1a: Meowscarada|Meowscarada, F|100\/100\n|switch|p2a: Gliscor|Gliscor, M|100\/100\n|turn|1\n|\n|t:|1698524414\n|move|p1a: Meowscarada|Taunt|p2a: Gliscor\n|-start|p2a: Gliscor|move: Taunt\n|move|p2a: Gliscor|Knock Off|p1a: Meowscarada\n|-resisted|p1a: Meowscarada\n|-damage|p1a: Meowscarada|84\/100\n|-enditem|p1a: Meowscarada|Focus Sash|[from] move: Knock Off|[of] p2a: Gliscor\n|\n|-status|p2a: Gliscor|tox|[from] item: Toxic Orb\n|upkeep\n|turn|2\n|\n|t:|1698524434\n|switch|p2a: Magearna|Magearna|100\/100\n|move|p1a: Meowscarada|Spikes|p2a: Magearna\n|-sidestart|p2: Kinesquared|Spikes\n|\n|upkeep\n|turn|3\n|\n|t:|1698524444\n|move|p1a: Meowscarada|Taunt|p2a: Magearna\n|-start|p2a: Magearna|move: Taunt\n|cant|p2a: Magearna|move: Taunt|Spikes\n|\n|upkeep\n|turn|4\n|\n|t:|1698524453\n|switch|p1a: Magearna|Magearna|100\/100\n|move|p2a: Magearna|Fleur Cannon|p1a: Magearna\n|-resisted|p1a: Magearna\n|-damage|p1a: Magearna|76\/100\n|-unboost|p2a: Magearna|spa|2\n|\n|-heal|p1a: Magearna|82\/100|[from] item: Leftovers\n|upkeep\n|turn|5\n|\n|t:|1698524463\n|switch|p2a: Blissey|Blissey, F|100\/100\n|move|p1a: Magearna|Spikes|p2a: Blissey\n|-sidestart|p2: Kinesquared|Spikes\n|\n|-heal|p1a: Magearna|88\/100|[from] item: Leftovers\n|upkeep\n|turn|6\n|\n|t:|1698524476\n|switch|p1a: Cyclizar|Cyclizar, F|100\/100\n|move|p2a: Blissey|Stealth Rock|p1a: Cyclizar\n|-sidestart|p1: Leo Justice|move: Stealth Rock\n|\n|upkeep\n|turn|7\n|\n|t:|1698524481\n|switch|p2a: Giratina|Giratina|100\/100\n|-ability|p2a: Giratina|Pressure\n|move|p1a: Cyclizar|Knock Off|p2a: Giratina\n|-supereffective|p2a: Giratina\n|-damage|p2a: Giratina|77\/100\n|-enditem|p2a: Giratina|Heavy-Duty Boots|[from] move: Knock Off|[of] p1a: Cyclizar\n|\n|upkeep\n|turn|8\n|\n|t:|1698524491\n|move|p1a: Cyclizar|Taunt|p2a: Giratina\n|-start|p2a: Giratina|move: Taunt\n|cant|p2a: Giratina|move: Taunt|Will-O-Wisp\n|\n|upkeep\n|turn|9\n|j| vespyyy\n|\n|t:|1698524498\n|switch|p2a: Gliscor|Gliscor, M|100\/100 tox\n|move|p1a: Cyclizar|Shed Tail|p1a: Cyclizar\n|-start|p1a: Cyclizar|Substitute|[from] move: Shed Tail\n|-damage|p1a: Cyclizar|50\/100\n|\n|t:|1698524505\n|switch|p1a: Magearna|Magearna|88\/100|[from] Shed Tail\n|-damage|p1a: Magearna|82\/100|[from] Stealth Rock\n|\n|-heal|p1a: Magearna|88\/100|[from] item: Leftovers\n|upkeep\n|turn|10\n|l| vespyyy\n|\n|t:|1698524538\n|move|p2a: Gliscor|Spikes|p1a: Magearna\n|-sidestart|p1: Leo Justice|Spikes\n|move|p1a: Magearna|Ice Beam|p2a: Gliscor\n|-supereffective|p2a: Gliscor\n|-damage|p2a: Gliscor|0 fnt\n|faint|p2a: Gliscor\n|-ability|p1a: Magearna|Soul-Heart|boost\n|-boost|p1a: Magearna|spa|1\n|\n|-heal|p1a: Magearna|94\/100|[from] item: Leftovers\n|upkeep\n|\n|t:|1698524548\n|switch|p2a: Garganacl|Garganacl, M|100\/100\n|-damage|p2a: Garganacl|84\/100|[from] Spikes\n|turn|11\n|j| Pajoomas!\n|\n|t:|1698524568\n|-terastallize|p2a: Garganacl|Fairy\n|move|p1a: Magearna|Spikes|p2a: Garganacl\n|-sidestart|p2: Kinesquared|Spikes\n|move|p2a: Garganacl|Salt Cure|p1a: Magearna\n|-resisted|p1a: Magearna\n|-activate|p1a: Magearna|move: Substitute|[damage]\n|\n|-heal|p1a: Magearna|99\/100|[from] item: Leftovers\n|-heal|p2a: Garganacl|90\/100|[from] item: Leftovers\n|upkeep\n|turn|12\n|\n|t:|1698524578\n|move|p1a: Magearna|Draining Kiss|p2a: Garganacl\n|-damage|p2a: Garganacl|70\/100\n|-heal|p1a: Magearna|100\/100|[from] drain|[of] p2a: Garganacl\n|move|p2a: Garganacl|Salt Cure|p1a: Magearna\n|-resisted|p1a: Magearna\n|-activate|p1a: Magearna|move: Substitute|[damage]\n|\n|-heal|p2a: Garganacl|76\/100|[from] item: Leftovers\n|upkeep\n|turn|13\n|\n|t:|1698524587\n|move|p1a: Magearna|Draining Kiss|p2a: Garganacl\n|-damage|p2a: Garganacl|56\/100\n|move|p2a: Garganacl|Salt Cure|p1a: Magearna\n|-resisted|p1a: Magearna\n|-activate|p1a: Magearna|move: Substitute|[damage]\n|\n|-heal|p2a: Garganacl|62\/100|[from] item: Leftovers\n|upkeep\n|turn|14\n|\n|t:|1698524594\n|move|p1a: Magearna|Ice Beam|p2a: Garganacl\n|-damage|p2a: Garganacl|37\/100\n|move|p2a: Garganacl|Salt Cure|p1a: Magearna\n|-resisted|p1a: Magearna\n|-activate|p1a: Magearna|move: Substitute|[damage]\n|\n|-heal|p2a: Garganacl|44\/100|[from] item: Leftovers\n|upkeep\n|turn|15\n|\n|t:|1698524602\n|move|p1a: Magearna|Ice Beam|p2a: Garganacl\n|-damage|p2a: Garganacl|18\/100\n|move|p2a: Garganacl|Recover|p2a: Garganacl\n|-heal|p2a: Garganacl|68\/100\n|\n|-heal|p2a: Garganacl|75\/100|[from] item: Leftovers\n|upkeep\n|turn|16\n|\n|t:|1698524609\n|move|p1a: Magearna|Encore|p2a: Garganacl\n|-start|p2a: Garganacl|Encore\n|move|p2a: Garganacl|Recover|p2a: Garganacl\n|-heal|p2a: Garganacl|100\/100\n|\n|upkeep\n|turn|17\n|\n|t:|1698524621\n|switch|p2a: Blissey|Blissey, F|100\/100\n|move|p1a: Magearna|Ice Beam|p2a: Blissey\n|-damage|p2a: Blissey|87\/100\n|\n|upkeep\n|turn|18\n|\n|t:|1698524630\n|move|p1a: Magearna|Ice Beam|p2a: Blissey\n|-damage|p2a: Blissey|72\/100\n|move|p2a: Blissey|Flamethrower|p1a: Magearna\n|-supereffective|p1a: Magearna\n|-end|p1a: Magearna|Substitute\n|\n|upkeep\n|turn|19\n|\n|t:|1698524638\n|switch|p1a: Cyclizar|Cyclizar, F|84\/100\n|switch|p2a: Garganacl|Garganacl, M, tera:Fairy|100\/100\n|-damage|p2a: Garganacl|75\/100|[from] Spikes\n|\n|-heal|p2a: Garganacl|82\/100|[from] item: Leftovers\n|upkeep\n|turn|20\n|\n|t:|1698524648\n|switch|p2a: Giratina|Giratina|77\/100\n|-damage|p2a: Giratina|52\/100|[from] Spikes\n|-ability|p2a: Giratina|Pressure\n|move|p1a: Cyclizar|Rapid Spin|p2a: Giratina\n|-immune|p2a: Giratina\n|\n|upkeep\n|turn|21\n|\n|t:|1698524659\n|move|p1a: Cyclizar|Shed Tail|p1a: Cyclizar\n|-start|p1a: Cyclizar|Substitute|[from] move: Shed Tail\n|-damage|p1a: Cyclizar|33\/100\n|\n|t:|1698524663\n|switch|p1a: Gholdengo|Gholdengo|100\/100|[from] Shed Tail\n|-damage|p1a: Gholdengo|94\/100|[from] Stealth Rock\n|-item|p1a: Gholdengo|Air Balloon\n|move|p2a: Giratina|Roar|p1a: Gholdengo\n|-immune|p1a: Gholdengo|[from] ability: Good as Gold\n|\n|upkeep\n|turn|22\n|\n|t:|1698524673\n|switch|p2a: Garganacl|Garganacl, M, tera:Fairy|82\/100\n|-damage|p2a: Garganacl|57\/100|[from] Spikes\n|move|p1a: Gholdengo|Nasty Plot|p1a: Gholdengo\n|-boost|p1a: Gholdengo|spa|2\n|\n|-heal|p2a: Garganacl|63\/100|[from] item: Leftovers\n|upkeep\n|turn|23\n|\n|t:|1698524683\n|move|p1a: Gholdengo|Make It Rain|p2a: Garganacl\n|-supereffective|p2a: Garganacl\n|-damage|p2a: Garganacl|0 fnt\n|-unboost|p1a: Gholdengo|spa|1\n|faint|p2a: Garganacl\n|\n|upkeep\n|c|\u2606Kinesquared|yikes thats probably ggs\n|\n|t:|1698524696\n|switch|p2a: Magearna|Magearna|100\/100\n|-damage|p2a: Magearna|75\/100|[from] Spikes\n|turn|24\n|\n|t:|1698524703\n|move|p1a: Gholdengo|Nasty Plot|p1a: Gholdengo\n|-boost|p1a: Gholdengo|spa|2\n|move|p2a: Magearna|Pain Split|p1a: Gholdengo\n|-immune|p1a: Gholdengo|[from] ability: Good as Gold\n|\n|-heal|p2a: Magearna|82\/100|[from] item: Leftovers\n|upkeep\n|turn|25\n|\n|t:|1698524714\n|move|p1a: Gholdengo|Shadow Ball|p2a: Magearna\n|-damage|p2a: Magearna|26\/100\n|move|p2a: Magearna|Fleur Cannon|p1a: Gholdengo\n|-resisted|p1a: Gholdengo\n|-activate|p1a: Gholdengo|move: Substitute|[damage]\n|-enditem|p1a: Gholdengo|Air Balloon\n|-unboost|p2a: Magearna|spa|2\n|\n|-heal|p2a: Magearna|32\/100|[from] item: Leftovers\n|upkeep\n|turn|26\n|\n|t:|1698524725\n|switch|p2a: Blissey|Blissey, F|72\/100\n|move|p1a: Gholdengo|Shadow Ball|p2a: Blissey\n|-immune|p2a: Blissey\n|\n|upkeep\n|turn|27\n|\n|t:|1698524733\n|move|p1a: Gholdengo|Make It Rain|p2a: Blissey\n|-crit|p2a: Blissey\n|-damage|p2a: Blissey|0 fnt\n|-unboost|p1a: Gholdengo|spa|1\n|faint|p2a: Blissey\n|\n|upkeep\n|c|\u2606Kinesquared|insult to injury\n|\n|t:|1698524745\n|switch|p2a: Giratina|Giratina|52\/100\n|-damage|p2a: Giratina|27\/100|[from] Spikes\n|-ability|p2a: Giratina|Pressure\n|turn|28\n|c|\u2606Leo Justice|Okay that crit was game winning\n|c|\u2606Leo Justice|Sorry\n|c|\u2606Kinesquared|i was gunna cm up\n|c|\u2606Kinesquared|u good\n|\n|t:|1698524757\n|move|p2a: Giratina|Hex|p1a: Gholdengo\n|-supereffective|p1a: Gholdengo\n|-end|p1a: Gholdengo|Substitute\n|move|p1a: Gholdengo|Shadow Ball|p2a: Giratina\n|-supereffective|p2a: Giratina\n|-damage|p2a: Giratina|0 fnt\n|faint|p2a: Giratina\n|\n|upkeep\n|\n|t:|1698524765\n|switch|p2a: Dondozo|Dondozo, F|100\/100\n|-damage|p2a: Dondozo|75\/100|[from] Spikes\n|turn|29\n|\n|t:|1698524771\n|move|p1a: Gholdengo|Shadow Ball|p2a: Dondozo\n|-damage|p2a: Dondozo|39\/100\n|-unboost|p2a: Dondozo|spd|1\n|move|p2a: Dondozo|Avalanche|p1a: Gholdengo\n|-resisted|p1a: Gholdengo\n|-damage|p1a: Gholdengo|80\/100\n|\n|-heal|p2a: Dondozo|45\/100|[from] item: Leftovers\n|upkeep\n|turn|30\n|\n|t:|1698524781\n|move|p1a: Gholdengo|Shadow Ball|p2a: Dondozo\n|-damage|p2a: Dondozo|0 fnt\n|faint|p2a: Dondozo\n|\n|upkeep\n|\n|t:|1698524785\n|switch|p2a: Magearna|Magearna|32\/100\n|-damage|p2a: Magearna|7\/100|[from] Spikes\n|turn|31\n|\n|t:|1698524791\n|-terastallize|p1a: Gholdengo|Fairy\n|move|p1a: Gholdengo|Make It Rain|p2a: Magearna\n|-damage|p2a: Magearna|0 fnt\n|-unboost|p1a: Gholdengo|spa|1\n|faint|p2a: Magearna\n|\n|win|Leo Justice\n|c|\u2606Kinesquared|gg\n","uploadtime":1698524797,"views":10,"p1id":"leojustice","p2id":"kinesquared","formatid":"gen9ubers","rating":0,"private":0,"password":""}