{"id":"gen9ubers-1995701185","p1":"inkylove","p2":"SHAGGY537","format":"[Gen 9] Ubers","log":"|j|\u2606inkylove\n|j|\u2606SHAGGY537\n|t:|1700595206\n|gametype|singles\n|player|p1|inkylove|pokekid|1217\n|player|p2|SHAGGY537|clay|1323\n|teamsize|p1|6\n|teamsize|p2|6\n|gen|9\n|tier|[Gen 9] Ubers\n|rated|\n|rule|Sleep Clause Mod: Limit one foe put to sleep\n|rule|Species Clause: Limit one of each Pok\u00e9mon\n|rule|OHKO Clause: OHKO moves are banned\n|rule|Evasion Items Clause: Evasion items are banned\n|rule|Evasion Moves Clause: Evasion moves are banned\n|rule|Endless Battle Clause: Forcing endless battles is banned\n|rule|HP Percentage Mod: HP is shown in percentages\n|clearpoke\n|poke|p1|Skeledirge, F|\n|poke|p1|Toxapex, M|\n|poke|p1|Gliscor, F|\n|poke|p1|Corviknight, F|\n|poke|p1|Clodsire, M|\n|poke|p1|Amoonguss, M|\n|poke|p2|Arceus|\n|poke|p2|Zacian-*|\n|poke|p2|Iron Moth|\n|poke|p2|Kyogre|\n|poke|p2|Regieleki|\n|poke|p2|Groudon|\n|teampreview\n|inactive|Battle timer is ON: inactive players will automatically lose when time's up. (requested by inkylove)\n|\n|t:|1700595213\n|start\n|switch|p1a: Toxapex|Toxapex, M|100\/100\n|switch|p2a: Groudon|Groudon|100\/100\n|-weather|SunnyDay|[from] ability: Drought|[of] p2a: Groudon\n|turn|1\n|\n|t:|1700595220\n|switch|p1a: Corviknight|Corviknight, F|100\/100\n|move|p2a: Groudon|Precipice Blades|p1a: Corviknight\n|-immune|p1a: Corviknight\n|\n|-weather|SunnyDay|[upkeep]\n|upkeep\n|turn|2\n|\n|t:|1700595227\n|switch|p2a: Kyogre|Kyogre|100\/100\n|-weather|RainDance|[from] ability: Drizzle|[of] p2a: Kyogre\n|switch|p1a: Toxapex|Toxapex, M|100\/100\n|\n|-weather|RainDance|[upkeep]\n|upkeep\n|turn|3\n|\n|t:|1700595231\n|switch|p1a: Clodsire|Clodsire, M|100\/100\n|move|p2a: Kyogre|Thunder|p1a: Clodsire\n|-immune|p1a: Clodsire\n|\n|-weather|RainDance|[upkeep]\n|upkeep\n|turn|4\n|\n|t:|1700595239\n|move|p2a: Kyogre|Blizzard|p1a: Clodsire|[miss]\n|-miss|p2a: Kyogre|p1a: Clodsire\n|move|p1a: Clodsire|Toxic|p2a: Kyogre\n|-status|p2a: Kyogre|tox\n|\n|-weather|RainDance|[upkeep]\n|-damage|p2a: Kyogre|94\/100 tox|[from] psn\n|upkeep\n|turn|5\n|\n|t:|1700595246\n|move|p2a: Kyogre|Blizzard|p1a: Clodsire\n|-supereffective|p1a: Clodsire\n|-damage|p1a: Clodsire|51\/100\n|move|p1a: Clodsire|Recover|p1a: Clodsire\n|-heal|p1a: Clodsire|100\/100\n|\n|-weather|RainDance|[upkeep]\n|-heal|p2a: Kyogre|100\/100 tox|[from] item: Leftovers\n|-damage|p2a: Kyogre|88\/100 tox|[from] psn\n|upkeep\n|turn|6\n|\n|t:|1700595255\n|switch|p2a: Groudon|Groudon|100\/100\n|-weather|SunnyDay|[from] ability: Drought|[of] p2a: Groudon\n|move|p1a: Clodsire|Stealth Rock|p2a: Groudon\n|-sidestart|p2: SHAGGY537|move: Stealth Rock\n|\n|-weather|SunnyDay|[upkeep]\n|upkeep\n|turn|7\n|\n|t:|1700595260\n|switch|p1a: Gliscor|Gliscor, F|100\/100\n|move|p2a: Groudon|Will-O-Wisp|p1a: Gliscor\n|-status|p1a: Gliscor|brn\n|\n|-weather|SunnyDay|[upkeep]\n|-damage|p1a: Gliscor|94\/100 brn|[from] brn\n|upkeep\n|turn|8\n|c|\u2606inkylove|ToT\n|\n|t:|1700595273\n|move|p1a: Gliscor|Spikes|p2a: Groudon\n|-sidestart|p2: SHAGGY537|Spikes\n|move|p2a: Groudon|Heavy Slam|p1a: Gliscor\n|-damage|p1a: Gliscor|63\/100 brn\n|\n|-weather|SunnyDay|[upkeep]\n|-damage|p1a: Gliscor|57\/100 brn|[from] brn\n|upkeep\n|turn|9\n|inactive|SHAGGY537 has 120 seconds left.\n|c|\u2606SHAGGY537|Don\u2019t know what that means but I\u2019m glad that pissed you off \ud83d\udc4d\n|\n|t:|1700595311\n|move|p1a: Gliscor|Spikes|p2a: Groudon\n|-sidestart|p2: SHAGGY537|Spikes\n|move|p2a: Groudon|Heavy Slam|p1a: Gliscor\n|-damage|p1a: Gliscor|25\/100 brn\n|\n|-weather|SunnyDay|[upkeep]\n|-damage|p1a: Gliscor|19\/100 brn|[from] brn\n|upkeep\n|turn|10\n|c|\u2606inkylove|its a crying emote\n|inactive|SHAGGY537 has 120 seconds left.\n|c|\u2606inkylove|it didnt piss me off lol\n|\n|t:|1700595325\n|move|p1a: Gliscor|Spikes|p2a: Groudon\n|-sidestart|p2: SHAGGY537|Spikes\n|move|p2a: Groudon|Heavy Slam|p1a: Gliscor\n|-damage|p1a: Gliscor|0 fnt\n|faint|p1a: Gliscor\n|\n|-weather|none\n|upkeep\n|\n|t:|1700595329\n|switch|p1a: Amoonguss|Amoonguss, M|100\/100\n|turn|11\n|\n|t:|1700595336\n|move|p2a: Groudon|Precipice Blades|p1a: Amoonguss\n|-damage|p1a: Amoonguss|54\/100\n|move|p1a: Amoonguss|Spore|p2a: Groudon\n|-status|p2a: Groudon|slp|[from] move: Spore\n|\n|upkeep\n|turn|12\n|\n|t:|1700595344\n|switch|p1a: Corviknight|Corviknight, F|100\/100\n|cant|p2a: Groudon|slp\n|\n|upkeep\n|turn|13\n|\n|t:|1700595349\n|cant|p2a: Groudon|slp\n|move|p1a: Corviknight|Iron Defense|p1a: Corviknight\n|-boost|p1a: Corviknight|def|2\n|\n|upkeep\n|turn|14\n|\n|t:|1700595353\n|-curestatus|p2a: Groudon|slp|[msg]\n|move|p2a: Groudon|Will-O-Wisp|p1a: Corviknight\n|-status|p1a: Corviknight|brn\n|move|p1a: Corviknight|Iron Defense|p1a: Corviknight\n|-boost|p1a: Corviknight|def|2\n|\n|-damage|p1a: Corviknight|94\/100 brn|[from] brn\n|upkeep\n|turn|15\n|\n|t:|1700595362\n|switch|p2a: Kyogre|Kyogre|88\/100 tox\n|-damage|p2a: Kyogre|76\/100 tox|[from] Stealth Rock\n|-damage|p2a: Kyogre|51\/100 tox|[from] Spikes\n|-weather|RainDance|[from] ability: Drizzle|[of] p2a: Kyogre\n|move|p1a: Corviknight|Body Press|p2a: Kyogre\n|-damage|p2a: Kyogre|11\/100 tox\n|\n|-weather|RainDance|[upkeep]\n|-heal|p2a: Kyogre|17\/100 tox|[from] item: Leftovers\n|-heal|p1a: Corviknight|100\/100 brn|[from] item: Leftovers\n|-damage|p2a: Kyogre|11\/100 tox|[from] psn\n|-damage|p1a: Corviknight|94\/100 brn|[from] brn\n|upkeep\n|turn|16\n|\n|t:|1700595376\n|switch|p1a: Clodsire|Clodsire, M|100\/100\n|move|p2a: Kyogre|Thunder|p1a: Clodsire\n|-immune|p1a: Clodsire\n|\n|-weather|RainDance|[upkeep]\n|-heal|p2a: Kyogre|17\/100 tox|[from] item: Leftovers\n|-damage|p2a: Kyogre|5\/100 tox|[from] psn\n|upkeep\n|turn|17\n|\n|t:|1700595382\n|move|p2a: Kyogre|Blizzard|p1a: Clodsire\n|-supereffective|p1a: Clodsire\n|-damage|p1a: Clodsire|52\/100\n|move|p1a: Clodsire|Recover|p1a: Clodsire\n|-heal|p1a: Clodsire|100\/100\n|\n|-weather|RainDance|[upkeep]\n|-heal|p2a: Kyogre|11\/100 tox|[from] item: Leftovers\n|-damage|p2a: Kyogre|0 fnt|[from] psn\n|faint|p2a: Kyogre\n|upkeep\n|\n|t:|1700595385\n|switch|p2a: Regieleki|Regieleki|100\/100\n|-damage|p2a: Regieleki|88\/100|[from] Stealth Rock\n|-damage|p2a: Regieleki|63\/100|[from] Spikes\n|turn|18\n|\n|t:|1700595389\n|move|p2a: Regieleki|Rapid Spin|p1a: Clodsire\n|-damage|p1a: Clodsire|88\/100\n|-boost|p2a: Regieleki|spe|1\n|-sideend|p2: SHAGGY537|Spikes|[from] move: Rapid Spin|[of] p2a: Regieleki\n|-sideend|p2: SHAGGY537|Stealth Rock|[from] move: Rapid Spin|[of] p2a: Regieleki\n|move|p1a: Clodsire|Earthquake|p2a: Regieleki\n|-supereffective|p2a: Regieleki\n|-damage|p2a: Regieleki|0 fnt\n|faint|p2a: Regieleki\n|\n|-weather|RainDance|[upkeep]\n|-heal|p1a: Clodsire|94\/100|[from] item: Leftovers\n|upkeep\n|\n|t:|1700595396\n|switch|p2a: Groudon|Groudon|100\/100\n|-weather|SunnyDay|[from] ability: Drought|[of] p2a: Groudon\n|turn|19\n|\n|t:|1700595401\n|switch|p2a: Iron Moth|Iron Moth|100\/100\n|-enditem|p2a: Iron Moth|Booster Energy\n|-activate|p2a: Iron Moth|ability: Quark Drive|[fromitem]\n|-start|p2a: Iron Moth|quarkdrivespe\n|move|p1a: Clodsire|Toxic|p2a: Iron Moth\n|-immune|p2a: Iron Moth\n|\n|-weather|SunnyDay|[upkeep]\n|-heal|p1a: Clodsire|100\/100|[from] item: Leftovers\n|upkeep\n|turn|20\n|\n|t:|1700595405\n|-terastallize|p2a: Iron Moth|Water\n|move|p2a: Iron Moth|Substitute|p2a: Iron Moth\n|-start|p2a: Iron Moth|Substitute\n|-damage|p2a: Iron Moth|76\/100\n|move|p1a: Clodsire|Earthquake|p2a: Iron Moth\n|-end|p2a: Iron Moth|Substitute\n|\n|-weather|SunnyDay|[upkeep]\n|upkeep\n|turn|21\n|\n|t:|1700595412\n|move|p2a: Iron Moth|Psychic|p1a: Clodsire\n|-supereffective|p1a: Clodsire\n|-damage|p1a: Clodsire|58\/100\n|move|p1a: Clodsire|Earthquake|p2a: Iron Moth\n|-damage|p2a: Iron Moth|39\/100\n|\n|-weather|SunnyDay|[upkeep]\n|-heal|p1a: Clodsire|65\/100|[from] item: Leftovers\n|upkeep\n|turn|22\n|\n|t:|1700595417\n|move|p2a: Iron Moth|Fiery Dance|p1a: Clodsire\n|-damage|p1a: Clodsire|24\/100\n|-boost|p2a: Iron Moth|spa|1\n|move|p1a: Clodsire|Recover|p1a: Clodsire\n|-heal|p1a: Clodsire|74\/100\n|\n|-weather|SunnyDay|[upkeep]\n|-heal|p1a: Clodsire|80\/100|[from] item: Leftovers\n|upkeep\n|turn|23\n|\n|t:|1700595425\n|move|p2a: Iron Moth|Fiery Dance|p1a: Clodsire\n|-damage|p1a: Clodsire|22\/100\n|-boost|p2a: Iron Moth|spa|1\n|move|p1a: Clodsire|Earthquake|p2a: Iron Moth\n|-damage|p2a: Iron Moth|0 fnt\n|faint|p2a: Iron Moth\n|-end|p2a: Iron Moth|Quark Drive|[silent]\n|\n|-weather|none\n|-heal|p1a: Clodsire|29\/100|[from] item: Leftovers\n|upkeep\n|\n|t:|1700595428\n|switch|p2a: Arceus|Arceus|100\/100\n|turn|24\n|\n|t:|1700595432\n|switch|p1a: Amoonguss|Amoonguss, M|87\/100\n|move|p2a: Arceus|Extreme Speed|p1a: Amoonguss\n|-damage|p1a: Amoonguss|48\/100\n|-damage|p2a: Arceus|84\/100|[from] item: Rocky Helmet|[of] p1a: Amoonguss\n|-damage|p2a: Arceus|74\/100|[from] item: Life Orb\n|\n|upkeep\n|turn|25\n|\n|t:|1700595437\n|move|p2a: Arceus|Flare Blitz|p1a: Amoonguss\n|-supereffective|p1a: Amoonguss\n|-damage|p1a: Amoonguss|0 fnt\n|-damage|p2a: Arceus|58\/100|[from] item: Rocky Helmet|[of] p1a: Amoonguss\n|faint|p1a: Amoonguss\n|-damage|p2a: Arceus|40\/100|[from] Recoil\n|-damage|p2a: Arceus|30\/100|[from] item: Life Orb\n|\n|upkeep\n|\n|t:|1700595442\n|switch|p1a: Toxapex|Toxapex, M|100\/100\n|turn|26\n|\n|t:|1700595447\n|move|p2a: Arceus|Swords Dance|p2a: Arceus\n|-boost|p2a: Arceus|atk|2\n|move|p1a: Toxapex|Infestation|p2a: Arceus\n|-damage|p2a: Arceus|28\/100\n|-activate|p2a: Arceus|move: Infestation|[of] p1a: Toxapex\n|\n|-damage|p2a: Arceus|15\/100|[from] move: Infestation|[partiallytrapped]\n|upkeep\n|turn|27\n|\n|t:|1700595451\n|move|p1a: Toxapex|Baneful Bunker|p1a: Toxapex\n|-singleturn|p1a: Toxapex|move: Protect\n|move|p2a: Arceus|Extreme Speed|p1a: Toxapex\n|-activate|p1a: Toxapex|move: Protect\n|-status|p2a: Arceus|psn\n|\n|-damage|p2a: Arceus|3\/100 psn|[from] psn\n|-damage|p2a: Arceus|0 fnt|[from] move: Infestation|[partiallytrapped]\n|faint|p2a: Arceus\n|upkeep\n|\n|t:|1700595453\n|switch|p2a: Zacian|Zacian-Crowned|100\/100\n|-ability|p2a: Zacian|Intrepid Sword|boost\n|-boost|p2a: Zacian|atk|1\n|turn|28\n|\n|t:|1700595459\n|move|p2a: Zacian|Swords Dance|p2a: Zacian\n|-boost|p2a: Zacian|atk|2\n|move|p1a: Toxapex|Infestation|p2a: Zacian\n|-resisted|p2a: Zacian\n|-damage|p2a: Zacian|99\/100\n|-activate|p2a: Zacian|move: Infestation|[of] p1a: Toxapex\n|\n|-damage|p2a: Zacian|88\/100|[from] move: Infestation|[partiallytrapped]\n|upkeep\n|turn|29\n|\n|t:|1700595462\n|move|p2a: Zacian|Swords Dance|p2a: Zacian\n|-boost|p2a: Zacian|atk|2\n|move|p1a: Toxapex|Toxic Spikes|p2a: Zacian\n|-sidestart|p2: SHAGGY537|move: Toxic Spikes\n|\n|-damage|p2a: Zacian|75\/100|[from] move: Infestation|[partiallytrapped]\n|upkeep\n|turn|30\n|\n|t:|1700595464\n|move|p2a: Zacian|Behemoth Blade|p1a: Toxapex\n|-resisted|p1a: Toxapex\n|-damage|p1a: Toxapex|42\/100\n|move|p1a: Toxapex|Toxic Spikes|p2a: Zacian\n|-sidestart|p2: SHAGGY537|move: Toxic Spikes\n|\n|-heal|p1a: Toxapex|48\/100|[from] item: Leftovers\n|-damage|p2a: Zacian|63\/100|[from] move: Infestation|[partiallytrapped]\n|upkeep\n|turn|31\n|\n|t:|1700595471\n|move|p2a: Zacian|Swords Dance|p2a: Zacian\n|-boost|p2a: Zacian|atk|1\n|move|p1a: Toxapex|Recover|p1a: Toxapex\n|-heal|p1a: Toxapex|98\/100\n|\n|-heal|p1a: Toxapex|100\/100|[from] item: Leftovers\n|-damage|p2a: Zacian|51\/100|[from] move: Infestation|[partiallytrapped]\n|upkeep\n|turn|32\n|\n|t:|1700595474\n|move|p2a: Zacian|Behemoth Blade|p1a: Toxapex\n|-resisted|p1a: Toxapex\n|-damage|p1a: Toxapex|26\/100\n|move|p1a: Toxapex|Infestation|p2a: Zacian\n|-resisted|p2a: Zacian\n|-damage|p2a: Zacian|50\/100\n|\n|-heal|p1a: Toxapex|33\/100|[from] item: Leftovers\n|-damage|p2a: Zacian|38\/100|[from] move: Infestation|[partiallytrapped]\n|upkeep\n|turn|33\n|\n|t:|1700595481\n|move|p2a: Zacian|Behemoth Blade|p1a: Toxapex\n|-resisted|p1a: Toxapex\n|-damage|p1a: Toxapex|0 fnt\n|faint|p1a: Toxapex\n|\n|-end|p2a: Zacian|Infestation|[partiallytrapped]\n|upkeep\n|\n|t:|1700595482\n|switch|p1a: Skeledirge|Skeledirge, F|100\/100\n|turn|34\n|\n|t:|1700595485\n|move|p2a: Zacian|Crunch|p1a: Skeledirge\n|-supereffective|p1a: Skeledirge\n|-damage|p1a: Skeledirge|53\/100\n|move|p1a: Skeledirge|Will-O-Wisp|p2a: Zacian\n|-status|p2a: Zacian|brn\n|\n|-damage|p2a: Zacian|32\/100 brn|[from] brn\n|upkeep\n|turn|35\n|\n|t:|1700595489\n|move|p2a: Zacian|Crunch|p1a: Skeledirge\n|-supereffective|p1a: Skeledirge\n|-damage|p1a: Skeledirge|33\/100\n|-unboost|p1a: Skeledirge|def|1\n|move|p1a: Skeledirge|Slack Off|p1a: Skeledirge\n|-heal|p1a: Skeledirge|83\/100\n|\n|-damage|p2a: Zacian|25\/100 brn|[from] brn\n|upkeep\n|turn|36\n|\n|t:|1700595492\n|move|p2a: Zacian|Crunch|p1a: Skeledirge\n|-supereffective|p1a: Skeledirge\n|-damage|p1a: Skeledirge|50\/100\n|move|p1a: Skeledirge|Torch Song|p2a: Zacian\n|-supereffective|p2a: Zacian\n|-damage|p2a: Zacian|0 fnt\n|-boost|p1a: Skeledirge|spa|1\n|faint|p2a: Zacian\n|\n|upkeep\n|\n|t:|1700595495\n|switch|p2a: Groudon|Groudon|100\/100\n|-status|p2a: Groudon|tox\n|-weather|SunnyDay|[from] ability: Drought|[of] p2a: Groudon\n|turn|37\n|\n|t:|1700595499\n|switch|p1a: Corviknight|Corviknight, F|94\/100 brn\n|move|p2a: Groudon|Precipice Blades|p1a: Corviknight\n|-immune|p1a: Corviknight\n|\n|-weather|SunnyDay|[upkeep]\n|-heal|p1a: Corviknight|100\/100 brn|[from] item: Leftovers\n|-damage|p2a: Groudon|94\/100 tox|[from] psn\n|-damage|p1a: Corviknight|94\/100 brn|[from] brn\n|upkeep\n|turn|38\n|-message|SHAGGY537 forfeited.\n|\n|win|inkylove\n|raw|inkylove's rating: 1217 &rarr; <strong>1249<\/strong><br \/>(+32 for winning)\n|raw|SHAGGY537's rating: 1323 &rarr; <strong>1297<\/strong><br \/>(-26 for losing)\n|l|\u2606SHAGGY537\n","uploadtime":1700595514,"views":0,"p1id":"inkylove","p2id":"shaggy537","formatid":"gen9ubers","rating":1249,"private":0,"password":""}