{"id":"gen9ubers-1978910660","p1":"Builder556","p2":"ErezEthan88","format":"[Gen 9] Ubers","log":"|j|\u2606Builder556\n|j|\u2606ErezEthan88\n|t:|1698609250\n|gametype|singles\n|player|p1|Builder556|gambler|\n|player|p2|ErezEthan88|blackbelt|\n|teamsize|p1|6\n|teamsize|p2|6\n|gen|9\n|tier|[Gen 9] Ubers\n|rule|Sleep Clause Mod: Limit one foe put to sleep\n|rule|Species Clause: Limit one of each Pok\u00e9mon\n|rule|OHKO Clause: OHKO moves are banned\n|rule|Evasion Items Clause: Evasion items are banned\n|rule|Evasion Moves Clause: Evasion moves are banned\n|rule|Endless Battle Clause: Forcing endless battles is banned\n|rule|HP Percentage Mod: HP is shown in percentages\n|clearpoke\n|poke|p1|Eternatus|\n|poke|p1|Glimmora, F|\n|poke|p1|Flutter Mane|\n|poke|p1|Ninetales-Alola, M|\n|poke|p1|Muk-Alola, M|\n|poke|p1|Iron Valiant|\n|poke|p2|Miraidon|\n|poke|p2|Sandy Shocks|\n|poke|p2|Zapdos|\n|poke|p2|Ninetales-Alola, M|\n|poke|p2|Chien-Pao|\n|poke|p2|Mamoswine, F|\n|teampreview\n|c|\u2606ErezEthan88|glhf\n|\n|t:|1698609297\n|start\n|switch|p1a: Magic Hair|Flutter Mane|100\/100\n|switch|p2a: Sandy Shocks|Sandy Shocks|100\/100\n|-enditem|p2a: Sandy Shocks|Booster Energy\n|-activate|p2a: Sandy Shocks|ability: Protosynthesis|[fromitem]\n|-start|p2a: Sandy Shocks|protosynthesisspe\n|turn|1\n|\n|t:|1698609331\n|move|p2a: Sandy Shocks|Stealth Rock|p1a: Magic Hair\n|-sidestart|p1: Builder556|move: Stealth Rock\n|move|p1a: Magic Hair|Moonblast|p2a: Sandy Shocks\n|-damage|p2a: Sandy Shocks|3\/100\n|-unboost|p2a: Sandy Shocks|spa|1\n|\n|upkeep\n|turn|2\n|\n|t:|1698609347\n|move|p2a: Sandy Shocks|Earth Power|p1a: Magic Hair\n|-damage|p1a: Magic Hair|68\/100\n|move|p1a: Magic Hair|Moonblast|p2a: Sandy Shocks\n|-damage|p2a: Sandy Shocks|0 fnt\n|faint|p2a: Sandy Shocks\n|-end|p2a: Sandy Shocks|Protosynthesis|[silent]\n|\n|upkeep\n|\n|t:|1698609373\n|switch|p2a: Mamoswine|Mamoswine, F|100\/100\n|turn|3\n|\n|t:|1698609411\n|-end|p1a: Magic Hair|Protosynthesis|[silent]\n|switch|p1a: Touch of Disdain|Muk-Alola, M|100\/100\n|-damage|p1a: Touch of Disdain|88\/100|[from] Stealth Rock\n|move|p2a: Mamoswine|Ice Shard|p1a: Touch of Disdain\n|-crit|p1a: Touch of Disdain\n|-damage|p1a: Touch of Disdain|40\/100\n|\n|upkeep\n|turn|4\n|\n|t:|1698609420\n|switch|p2a: Zapdos|Zapdos|100\/100\n|move|p1a: Touch of Disdain|Knock Off|p2a: Zapdos\n|-damage|p2a: Zapdos|68\/100\n|-enditem|p2a: Zapdos|Heavy-Duty Boots|[from] move: Knock Off|[of] p1a: Touch of Disdain\n|\n|upkeep\n|turn|5\n|\n|t:|1698609428\n|move|p2a: Zapdos|U-turn|p1a: Touch of Disdain\n|-crit|p1a: Touch of Disdain\n|-damage|p1a: Touch of Disdain|17\/100\n|\n|t:|1698609437\n|switch|p2a: Chien-Pao|Chien-Pao|100\/100|[from] U-turn\n|-ability|p2a: Chien-Pao|Sword of Ruin\n|move|p1a: Touch of Disdain|Ice Punch|p2a: Chien-Pao\n|-resisted|p2a: Chien-Pao\n|-damage|p2a: Chien-Pao|84\/100\n|\n|upkeep\n|turn|6\n|\n|t:|1698609448\n|move|p1a: Touch of Disdain|Shadow Sneak|p2a: Chien-Pao\n|-resisted|p2a: Chien-Pao\n|-damage|p2a: Chien-Pao|75\/100\n|move|p2a: Chien-Pao|Icicle Crash|p1a: Touch of Disdain\n|-damage|p1a: Touch of Disdain|0 fnt\n|faint|p1a: Touch of Disdain\n|\n|upkeep\n|\n|t:|1698609457\n|switch|p1a: Kitsune|Ninetales-Alola, M|100\/100\n|-damage|p1a: Kitsune|76\/100|[from] Stealth Rock\n|-weather|Snow|[from] ability: Snow Warning|[of] p1a: Kitsune\n|turn|7\n|\n|t:|1698609474\n|switch|p2a: Ninetales|Ninetales-Alola, M|100\/100\n|move|p1a: Kitsune|Aurora Veil|p1a: Kitsune\n|-sidestart|p1: Builder556|move: Aurora Veil\n|\n|-weather|Snow|[upkeep]\n|upkeep\n|turn|8\n|\n|t:|1698609482\n|switch|p1a: Flowa|Glimmora, F|100\/100\n|-damage|p1a: Flowa|88\/100|[from] Stealth Rock\n|-item|p1a: Flowa|Air Balloon\n|move|p2a: Ninetales|Aurora Veil|p2a: Ninetales\n|-sidestart|p2: ErezEthan88|move: Aurora Veil\n|\n|-weather|Snow|[upkeep]\n|upkeep\n|turn|9\n|\n|t:|1698609490\n|move|p2a: Ninetales|Freeze-Dry|p1a: Flowa\n|-damage|p1a: Flowa|77\/100\n|-enditem|p1a: Flowa|Air Balloon\n|move|p1a: Flowa|Mortal Spin|p2a: Ninetales\n|-supereffective|p2a: Ninetales\n|-damage|p2a: Ninetales|95\/100\n|-status|p2a: Ninetales|psn\n|-sideend|p1: Builder556|Stealth Rock|[from] move: Mortal Spin|[of] p1a: Flowa\n|\n|-weather|Snow|[upkeep]\n|-damage|p2a: Ninetales|83\/100 psn|[from] psn\n|upkeep\n|turn|10\n|\n|t:|1698609501\n|move|p2a: Ninetales|Encore|p1a: Flowa\n|-start|p1a: Flowa|Encore\n|move|p1a: Flowa|Mortal Spin|p2a: Ninetales\n|-supereffective|p2a: Ninetales\n|-damage|p2a: Ninetales|78\/100 psn\n|\n|-weather|Snow|[upkeep]\n|-damage|p2a: Ninetales|66\/100 psn|[from] psn\n|upkeep\n|turn|11\n|\n|t:|1698609521\n|switch|p2a: Zapdos|Zapdos|68\/100\n|switch|p1a: Magic Hair|Flutter Mane|68\/100\n|\n|-weather|none\n|-sideend|p1: Builder556|move: Aurora Veil\n|upkeep\n|turn|12\n|\n|t:|1698609542\n|-end|p1a: Magic Hair|Protosynthesis|[silent]\n|switch|p1a: Kitsune|Ninetales-Alola, M|76\/100\n|-weather|Snow|[from] ability: Snow Warning|[of] p1a: Kitsune\n|move|p2a: Zapdos|Discharge|p1a: Kitsune\n|-damage|p1a: Kitsune|33\/100\n|\n|-weather|Snow|[upkeep]\n|upkeep\n|turn|13\n|\n|t:|1698609554\n|move|p1a: Kitsune|Weather Ball|p2a: Zapdos\n|-supereffective|p2a: Zapdos\n|-damage|p2a: Zapdos|31\/100\n|move|p2a: Zapdos|Discharge|p1a: Kitsune\n|-damage|p1a: Kitsune|0 fnt\n|faint|p1a: Kitsune\n|\n|-weather|Snow|[upkeep]\n|upkeep\n|\n|t:|1698609573\n|switch|p1a: Flowa|Glimmora, F|77\/100\n|turn|14\n|\n|t:|1698609579\n|move|p2a: Zapdos|Roost|p2a: Zapdos\n|-heal|p2a: Zapdos|81\/100\n|-singleturn|p2a: Zapdos|move: Roost\n|move|p1a: Flowa|Power Gem|p2a: Zapdos\n|-damage|p2a: Zapdos|60\/100\n|\n|-weather|Snow|[upkeep]\n|upkeep\n|turn|15\n|\n|t:|1698609586\n|move|p2a: Zapdos|Discharge|p1a: Flowa\n|-damage|p1a: Flowa|42\/100\n|move|p1a: Flowa|Mortal Spin|p2a: Zapdos\n|-damage|p2a: Zapdos|58\/100\n|-status|p2a: Zapdos|psn\n|-status|p1a: Flowa|par|[from] ability: Static|[of] p2a: Zapdos\n|\n|-weather|Snow|[upkeep]\n|-damage|p2a: Zapdos|45\/100 psn|[from] psn\n|-sideend|p2: ErezEthan88|move: Aurora Veil\n|upkeep\n|turn|16\n|\n|t:|1698609596\n|move|p2a: Zapdos|Roost|p2a: Zapdos\n|-heal|p2a: Zapdos|95\/100 psn\n|-singleturn|p2a: Zapdos|move: Roost\n|move|p1a: Flowa|Venoshock|p2a: Zapdos\n|-damage|p2a: Zapdos|30\/100 psn\n|\n|-weather|none\n|-damage|p2a: Zapdos|18\/100 psn|[from] psn\n|upkeep\n|turn|17\n|\n|t:|1698609608\n|move|p2a: Zapdos|Discharge|p1a: Flowa\n|-damage|p1a: Flowa|6\/100 par\n|move|p1a: Flowa|Power Gem|p2a: Zapdos\n|-supereffective|p2a: Zapdos\n|-damage|p2a: Zapdos|0 fnt\n|faint|p2a: Zapdos\n|\n|upkeep\n|c|\u2606ErezEthan88|wtf is this new meta\n|\n|t:|1698609615\n|switch|p2a: Miraidon|Miraidon|100\/100\n|-fieldstart|move: Electric Terrain|[from] ability: Hadron Engine|[of] p2a: Miraidon\n|turn|18\n|\n|t:|1698609623\n|move|p2a: Miraidon|Electro Drift|p1a: Flowa\n|-damage|p1a: Flowa|0 fnt\n|faint|p1a: Flowa\n|\n|upkeep\n|\n|t:|1698609654\n|switch|p1a: Magic Hair|Flutter Mane|68\/100\n|turn|19\n|c|\u2606Builder556|crap\n|c|\u2606Builder556|I misplayed\n|c|\u2606ErezEthan88|kinda\n|\n|t:|1698609692\n|-end|p1a: Magic Hair|Protosynthesis|[silent]\n|switch|p1a: Devastator|Eternatus|100\/100\n|-ability|p1a: Devastator|Pressure\n|move|p2a: Miraidon|Electro Drift|p1a: Devastator\n|-resisted|p1a: Devastator\n|-damage|p1a: Devastator|64\/100\n|\n|upkeep\n|turn|20\n|\n|t:|1698609703\n|switch|p2a: Ninetales|Ninetales-Alola, M|66\/100 psn\n|-weather|Snow|[from] ability: Snow Warning|[of] p2a: Ninetales\n|-terastallize|p1a: Devastator|Electric\n|move|p1a: Devastator|Agility|p1a: Devastator\n|-boost|p1a: Devastator|spe|2\n|\n|-weather|Snow|[upkeep]\n|-damage|p2a: Ninetales|53\/100 psn|[from] psn\n|upkeep\n|turn|21\n|\n|t:|1698609715\n|move|p1a: Devastator|Sludge Bomb|p2a: Ninetales\n|-supereffective|p2a: Ninetales\n|-damage|p2a: Ninetales|0 fnt\n|faint|p2a: Ninetales\n|\n|-weather|Snow|[upkeep]\n|upkeep\n|\n|t:|1698609718\n|switch|p2a: Mamoswine|Mamoswine, F|100\/100\n|turn|22\n|\n|t:|1698609744\n|move|p1a: Devastator|Dynamax Cannon|p2a: Mamoswine\n|-damage|p2a: Mamoswine|24\/100\n|move|p2a: Mamoswine|Earthquake|p1a: Devastator\n|-supereffective|p1a: Devastator\n|-damage|p1a: Devastator|0 fnt\n|faint|p1a: Devastator\n|\n|-weather|Snow|[upkeep]\n|-fieldend|move: Electric Terrain\n|upkeep\n|\n|t:|1698609752\n|switch|p1a: Magic Hair|Flutter Mane|68\/100\n|turn|23\n|\n|t:|1698609766\n|switch|p2a: Chien-Pao|Chien-Pao|75\/100\n|-ability|p2a: Chien-Pao|Sword of Ruin\n|move|p1a: Magic Hair|Mystical Fire|p2a: Chien-Pao\n|-supereffective|p2a: Chien-Pao\n|-damage|p2a: Chien-Pao|0 fnt\n|faint|p2a: Chien-Pao\n|\n|-weather|Snow|[upkeep]\n|upkeep\n|\n|t:|1698609771\n|switch|p2a: Mamoswine|Mamoswine, F|24\/100\n|turn|24\n|\n|t:|1698609776\n|move|p2a: Mamoswine|Ice Shard|p1a: Magic Hair\n|-damage|p1a: Magic Hair|0 fnt\n|faint|p1a: Magic Hair\n|-end|p1a: Magic Hair|Protosynthesis|[silent]\n|\n|-weather|none\n|upkeep\n|\n|t:|1698609780\n|switch|p1a: Metal Garde|Iron Valiant|100\/100\n|-enditem|p1a: Metal Garde|Booster Energy\n|-activate|p1a: Metal Garde|ability: Quark Drive|[fromitem]\n|-start|p1a: Metal Garde|quarkdrivespe\n|turn|25\n|\n|t:|1698609785\n|move|p1a: Metal Garde|Vacuum Wave|p2a: Mamoswine\n|-supereffective|p2a: Mamoswine\n|-damage|p2a: Mamoswine|0 fnt\n|faint|p2a: Mamoswine\n|\n|upkeep\n|\n|t:|1698609787\n|switch|p2a: Miraidon|Miraidon|100\/100\n|-fieldstart|move: Electric Terrain|[from] ability: Hadron Engine|[of] p2a: Miraidon\n|turn|26\n|c|\u2606ErezEthan88|ggs\n|c|\u2606ErezEthan88|im scarf\n|\n|t:|1698609800\n|-terastallize|p2a: Miraidon|Electric\n|move|p2a: Miraidon|Electro Drift|p1a: Metal Garde\n|-damage|p1a: Metal Garde|0 fnt\n|faint|p1a: Metal Garde\n|-end|p1a: Metal Garde|Quark Drive|[silent]\n|\n|win|ErezEthan88\n|c|\u2606Builder556|dam\n","uploadtime":1698609816,"views":29,"p1id":"builder556","p2id":"erezethan88","formatid":"gen9ubers","rating":0,"private":0,"password":""}