{"id":"gen9ubers-1978763152","p1":"F-00_MC","p2":"Jrdyop","format":"[Gen 9] Ubers","log":"|j|\u2606F-00_MC\n|j|\u2606Jrdyop\n|t:|1698592216\n|gametype|singles\n|player|p1|F-00_MC|hilbert|\n|player|p2|Jrdyop|blackbelt-gen4dp|\n|teamsize|p1|6\n|teamsize|p2|6\n|gen|9\n|tier|[Gen 9] Ubers\n|rule|Sleep Clause Mod: Limit one foe put to sleep\n|rule|Species Clause: Limit one of each Pok\u00e9mon\n|rule|OHKO Clause: OHKO moves are banned\n|rule|Evasion Items Clause: Evasion items are banned\n|rule|Evasion Moves Clause: Evasion moves are banned\n|rule|Endless Battle Clause: Forcing endless battles is banned\n|rule|HP Percentage Mod: HP is shown in percentages\n|clearpoke\n|poke|p1|Pelipper, M|\n|poke|p1|Palkia-Origin|\n|poke|p1|Zacian-*|\n|poke|p1|Arceus-Grass|\n|poke|p1|Overqwil, M|\n|poke|p1|Cyclizar, F|\n|poke|p2|Samurott-Hisui, F|\n|poke|p2|Gholdengo|\n|poke|p2|Cyclizar, F|\n|poke|p2|Chi-Yu|\n|poke|p2|Basculegion-F, F|\n|poke|p2|Palafin, M|\n|teampreview\n|inactive|Battle timer is ON: inactive players will automatically lose when time's up. (requested by F-00_MC)\n|\n|t:|1698592241\n|start\n|switch|p1a: Palkia|Palkia-Origin|100\/100\n|switch|p2a: Palafin|Palafin, M|100\/100\n|-ability|p1a: Palkia|Pressure\n|turn|1\n|\n|t:|1698592254\n|detailschange|p2a: Palafin|Palafin-Hero, M\n|switch|p2a: Gholdengo|Gholdengo|100\/100\n|move|p1a: Palkia|Spacial Rend|p2a: Gholdengo\n|-resisted|p2a: Gholdengo\n|-damage|p2a: Gholdengo|61\/100\n|\n|upkeep\n|turn|2\n|\n|t:|1698592266\n|switch|p1a: Pelipper|Pelipper, M|100\/100\n|-weather|RainDance|[from] ability: Drizzle|[of] p1a: Pelipper\n|move|p2a: Gholdengo|Shadow Ball|p1a: Pelipper\n|-crit|p1a: Pelipper\n|-damage|p1a: Pelipper|15\/100\n|-unboost|p1a: Pelipper|spd|1\n|\n|-weather|RainDance|[upkeep]\n|upkeep\n|turn|3\n|\n|t:|1698592285\n|switch|p2a: Basculegion|Basculegion-F, F|100\/100\n|switch|p1a: Cyclizar|Cyclizar, F|100\/100\n|\n|-weather|RainDance|[upkeep]\n|upkeep\n|turn|4\n|\n|t:|1698592310\n|move|p2a: Basculegion|Wave Crash|p1a: Cyclizar\n|-resisted|p1a: Cyclizar\n|-damage|p1a: Cyclizar|26\/100\n|-damage|p2a: Basculegion|78\/100|[from] Recoil\n|move|p1a: Cyclizar|Knock Off|p2a: Basculegion\n|-supereffective|p2a: Basculegion\n|-damage|p2a: Basculegion|26\/100\n|-enditem|p2a: Basculegion|Choice Scarf|[from] move: Knock Off|[of] p1a: Cyclizar\n|\n|-weather|RainDance|[upkeep]\n|upkeep\n|turn|5\n|inactive|Jrdyop has 270 seconds left.\n|\n|t:|1698592347\n|switch|p1a: Palkia|Palkia-Origin|100\/100\n|-ability|p1a: Palkia|Pressure\n|move|p2a: Basculegion|Wave Crash|p1a: Palkia\n|-resisted|p1a: Palkia\n|-damage|p1a: Palkia|76\/100\n|-damage|p2a: Basculegion|19\/100|[from] Recoil\n|\n|-weather|RainDance|[upkeep]\n|upkeep\n|turn|6\n|inactive|F-00_MC has 270 seconds left.\n|inactive|Jrdyop has 270 seconds left.\n|\n|t:|1698592363\n|move|p1a: Palkia|Thunder|p2a: Basculegion\n|-supereffective|p2a: Basculegion\n|-damage|p2a: Basculegion|0 fnt\n|faint|p2a: Basculegion\n|\n|-weather|RainDance|[upkeep]\n|upkeep\n|inactive|Jrdyop has 270 seconds left.\n|\n|t:|1698592373\n|switch|p2a: Samurott|Samurott-Hisui, F|100\/100\n|turn|7\n|\n|t:|1698592387\n|-terastallize|p1a: Palkia|Steel\n|move|p1a: Palkia|Thunder|p2a: Samurott\n|-supereffective|p2a: Samurott\n|-enditem|p2a: Samurott|Focus Sash\n|-damage|p2a: Samurott|1\/100\n|-status|p2a: Samurott|par\n|move|p2a: Samurott|Ceaseless Edge|p1a: Palkia\n|-damage|p1a: Palkia|28\/100\n|-sidestart|p1: F-00_MC|Spikes\n|\n|-weather|RainDance|[upkeep]\n|upkeep\n|turn|8\n|inactive|F-00_MC has 270 seconds left.\n|\n|t:|1698592426\n|switch|p1a: Arceus|Arceus-Grass|100\/100\n|-damage|p1a: Arceus|88\/100|[from] Spikes\n|move|p2a: Samurott|Ceaseless Edge|p1a: Arceus\n|-damage|p1a: Arceus|62\/100\n|-sidestart|p1: F-00_MC|Spikes\n|\n|-weather|RainDance|[upkeep]\n|upkeep\n|turn|9\n|\n|t:|1698592440\n|switch|p2a: Chi-Yu|Chi-Yu|100\/100\n|-ability|p2a: Chi-Yu|Beads of Ruin\n|move|p1a: Arceus|Dragon Dance|p1a: Arceus\n|-boost|p1a: Arceus|atk|1\n|-boost|p1a: Arceus|spe|1\n|\n|-weather|none\n|upkeep\n|turn|10\n|\n|t:|1698592455\n|move|p1a: Arceus|Earthquake|p2a: Chi-Yu\n|-supereffective|p2a: Chi-Yu\n|-damage|p2a: Chi-Yu|0 fnt\n|faint|p2a: Chi-Yu\n|\n|upkeep\n|\n|t:|1698592462\n|switch|p2a: Gholdengo|Gholdengo|61\/100\n|turn|11\n|inactive|F-00_MC has 270 seconds left.\n|\n|t:|1698592476\n|-terastallize|p2a: Gholdengo|Fighting\n|move|p2a: Gholdengo|Focus Blast|p1a: Arceus\n|-damage|p1a: Arceus|17\/100\n|move|p1a: Arceus|Earthquake|p2a: Gholdengo\n|-damage|p2a: Gholdengo|0 fnt\n|faint|p2a: Gholdengo\n|\n|upkeep\n|\n|t:|1698592481\n|switch|p2a: Palafin|Palafin-Hero, M|100\/100\n|-activate|p2a: Palafin|ability: Zero to Hero\n|turn|12\n|\n|t:|1698592486\n|move|p2a: Palafin|Jet Punch|p1a: Arceus\n|-resisted|p1a: Arceus\n|-damage|p1a: Arceus|0 fnt\n|faint|p1a: Arceus\n|\n|upkeep\n|inactive|F-00_MC has 270 seconds left.\n|inactive|F-00_MC has 240 seconds left.\n|\n|t:|1698592542\n|switch|p1a: Pelipper|Pelipper, M|15\/100\n|-weather|RainDance|[from] ability: Drizzle|[of] p1a: Pelipper\n|turn|13\n|\n|t:|1698592553\n|move|p2a: Palafin|Jet Punch|p1a: Pelipper\n|-resisted|p1a: Pelipper\n|-damage|p1a: Pelipper|0 fnt\n|faint|p1a: Pelipper\n|\n|-weather|RainDance|[upkeep]\n|upkeep\n|inactive|F-00_MC has 210 seconds left.\n|\n|t:|1698592587\n|switch|p1a: Zacian|Zacian, shiny|100\/100\n|-ability|p1a: Zacian|Intrepid Sword|boost\n|-boost|p1a: Zacian|atk|1\n|turn|14\n|inactive|F-00_MC has 210 seconds left.\n|\n|t:|1698592605\n|move|p2a: Palafin|Jet Punch|p1a: Zacian\n|-damage|p1a: Zacian|16\/100\n|move|p1a: Zacian|Swords Dance|p1a: Zacian\n|-boost|p1a: Zacian|atk|2\n|\n|-weather|RainDance|[upkeep]\n|upkeep\n|turn|15\n|\n|t:|1698592609\n|move|p2a: Palafin|Jet Punch|p1a: Zacian\n|-damage|p1a: Zacian|0 fnt\n|faint|p1a: Zacian\n|\n|-weather|RainDance|[upkeep]\n|upkeep\n|\n|t:|1698592612\n|switch|p1a: It's Joeverqwil.|Overqwil, M, shiny|100\/100\n|-damage|p1a: It's Joeverqwil.|84\/100|[from] Spikes\n|turn|16\n|\n|t:|1698592627\n|move|p2a: Palafin|Jet Punch|p1a: It's Joeverqwil.\n|-damage|p1a: It's Joeverqwil.|0 fnt\n|faint|p1a: It's Joeverqwil.\n|\n|-weather|RainDance|[upkeep]\n|upkeep\n|\n|t:|1698592630\n|switch|p1a: Cyclizar|Cyclizar, F|59\/100\n|turn|17\n|\n|t:|1698592648\n|move|p2a: Palafin|Jet Punch|p1a: Cyclizar\n|-resisted|p1a: Cyclizar\n|-damage|p1a: Cyclizar|0 fnt\n|faint|p1a: Cyclizar\n|\n|-weather|RainDance|[upkeep]\n|upkeep\n|\n|t:|1698592650\n|switch|p1a: Palkia|Palkia-Origin, tera:Steel|28\/100\n|-damage|p1a: Palkia|11\/100|[from] Spikes\n|-ability|p1a: Palkia|Pressure\n|turn|18\n|c|\u2606F-00_MC|gg\n|\n|t:|1698592653\n|move|p2a: Palafin|Jet Punch|p1a: Palkia\n|-damage|p1a: Palkia|0 fnt\n|faint|p1a: Palkia\n|\n|win|Jrdyop\n|c|\u2606Jrdyop|gg 2-1\n|c|\u2606F-00_MC|2 - 1 you win\n","uploadtime":1698592663,"views":21,"p1id":"f00mc","p2id":"jrdyop","formatid":"gen9ubers","rating":0,"private":0,"password":""}