{"id":"gen9ubers-1985425476","p1":"LadyMaria-Blue","p2":"MayatazKJ","format":"[Gen 9] Ubers","log":"|j|\u2606LadyMaria-Blue\n|j|\u2606MayatazKJ\n|t:|1699373658\n|gametype|singles\n|player|p1|LadyMaria-Blue|cynthia|\n|player|p2|MayatazKJ|170|\n|teamsize|p1|6\n|teamsize|p2|6\n|gen|9\n|tier|[Gen 9] Ubers\n|rule|Sleep Clause Mod: Limit one foe put to sleep\n|rule|Species Clause: Limit one of each Pok\u00e9mon\n|rule|OHKO Clause: OHKO moves are banned\n|rule|Evasion Items Clause: Evasion items are banned\n|rule|Evasion Moves Clause: Evasion moves are banned\n|rule|Endless Battle Clause: Forcing endless battles is banned\n|rule|HP Percentage Mod: HP is shown in percentages\n|clearpoke\n|poke|p1|Baxcalibur, F|\n|poke|p1|Milotic, F|\n|poke|p1|Zacian-*|\n|poke|p1|Mandibuzz, F|\n|poke|p1|Arceus-Poison|\n|poke|p1|Magearna|\n|poke|p2|Chi-Yu|\n|poke|p2|Rillaboom, M|\n|poke|p2|Torkoal, F|\n|poke|p2|Arceus-Ghost|\n|poke|p2|Slowking-Galar, M|\n|poke|p2|Hattrem, F|\n|teampreview\n|\n|t:|1699373697\n|start\n|switch|p1a: Magearna|Magearna|100\/100\n|switch|p2a: Torkoal|Torkoal, F|100\/100\n|-weather|SunnyDay|[from] ability: Drought|[of] p2a: Torkoal\n|turn|1\n|\n|t:|1699373700\n|move|p1a: Magearna|Thunder Wave|p2a: Torkoal\n|-status|p2a: Torkoal|par\n|move|p2a: Torkoal|Yawn|p1a: Magearna\n|-start|p1a: Magearna|move: Yawn|[of] p2a: Torkoal\n|\n|-weather|SunnyDay|[upkeep]\n|upkeep\n|turn|2\n|\n|t:|1699373706\n|switch|p2a: Chi-Yu|Chi-Yu|100\/100\n|-ability|p2a: Chi-Yu|Beads of Ruin\n|move|p1a: Magearna|Volt Switch|p2a: Chi-Yu\n|-damage|p2a: Chi-Yu|75\/100\n|\n|t:|1699373716\n|switch|p1a: Milotic|Milotic, F, shiny|100\/100|[from] Volt Switch\n|\n|-weather|SunnyDay|[upkeep]\n|upkeep\n|turn|3\n|\n|t:|1699373724\n|move|p2a: Chi-Yu|Flamethrower|p1a: Milotic\n|-resisted|p1a: Milotic\n|-damage|p1a: Milotic|71\/100\n|move|p1a: Milotic|Recover|p1a: Milotic\n|-heal|p1a: Milotic|100\/100\n|\n|-weather|SunnyDay|[upkeep]\n|upkeep\n|turn|4\n|\n|t:|1699373732\n|switch|p2a: Slowking|Slowking-Galar, M|100\/100\n|move|p1a: Milotic|Scald|p2a: Slowking\n|-damage|p2a: Slowking|93\/100\n|-status|p2a: Slowking|brn\n|\n|-weather|SunnyDay|[upkeep]\n|-damage|p2a: Slowking|87\/100 brn|[from] brn\n|upkeep\n|turn|5\n|\n|t:|1699373737\n|move|p1a: Milotic|Flip Turn|p2a: Slowking\n|-damage|p2a: Slowking|80\/100 brn\n|\n|t:|1699373741\n|switch|p1a: Magearna|Magearna|100\/100|[from] Flip Turn\n|move|p2a: Slowking|Future Sight|p1a: Magearna\n|-start|p2a: Slowking|move: Future Sight\n|\n|-weather|SunnyDay|[upkeep]\n|-damage|p2a: Slowking|74\/100 brn|[from] brn\n|upkeep\n|turn|6\n|\n|t:|1699373766\n|move|p1a: Magearna|Volt Switch|p2a: Slowking\n|-damage|p2a: Slowking|62\/100 brn\n|\n|t:|1699373770\n|switch|p1a: Mandibuzz|Mandibuzz, F, shiny|100\/100|[from] Volt Switch\n|move|p2a: Slowking|Flamethrower|p1a: Mandibuzz\n|-damage|p1a: Mandibuzz|74\/100\n|\n|-weather|SunnyDay|[upkeep]\n|-damage|p2a: Slowking|56\/100 brn|[from] brn\n|upkeep\n|turn|7\n|\n|t:|1699373777\n|move|p1a: Mandibuzz|Foul Play|p2a: Slowking\n|-supereffective|p2a: Slowking\n|-damage|p2a: Slowking|19\/100 brn\n|move|p2a: Slowking|Chilly Reception|p2a: Slowking\n|-weather|Snow\n|\n|t:|1699373790\n|switch|p2a: Hattrem|Hattrem, F|100\/100|[from] Chilly Reception\n|\n|-weather|Snow|[upkeep]\n|-end|p1a: Mandibuzz|move: Future Sight\n|-immune|p1a: Mandibuzz\n|upkeep\n|turn|8\n|\n|t:|1699373796\n|move|p1a: Mandibuzz|U-turn|p2a: Hattrem\n|-supereffective|p2a: Hattrem\n|-damage|p2a: Hattrem|85\/100\n|\n|t:|1699373799\n|switch|p1a: Magearna|Magearna|100\/100|[from] U-turn\n|move|p2a: Hattrem|Nuzzle|p1a: Magearna\n|-damage|p1a: Magearna|98\/100\n|-status|p1a: Magearna|par\n|\n|-weather|Snow|[upkeep]\n|-heal|p1a: Magearna|100\/100 par|[from] item: Leftovers\n|upkeep\n|turn|9\n|\n|t:|1699373810\n|switch|p2a: Torkoal|Torkoal, F|100\/100 par\n|-weather|SunnyDay|[from] ability: Drought|[of] p2a: Torkoal\n|move|p1a: Magearna|Volt Switch|p2a: Torkoal\n|-damage|p2a: Torkoal|81\/100 par\n|\n|t:|1699373816\n|switch|p1a: Arceus|Arceus-Poison|100\/100|[from] Volt Switch\n|\n|-weather|SunnyDay|[upkeep]\n|upkeep\n|turn|10\n|\n|t:|1699373820\n|move|p1a: Arceus|Earth Power|p2a: Torkoal\n|-supereffective|p2a: Torkoal\n|-damage|p2a: Torkoal|40\/100 par\n|cant|p2a: Torkoal|par\n|\n|-weather|SunnyDay|[upkeep]\n|upkeep\n|turn|11\n|\n|t:|1699373831\n|switch|p2a: Rillaboom|Rillaboom, M|100\/100\n|-fieldstart|move: Grassy Terrain|[from] ability: Grassy Surge|[of] p2a: Rillaboom\n|move|p1a: Arceus|Earth Power|p2a: Rillaboom\n|-resisted|p2a: Rillaboom\n|-damage|p2a: Rillaboom|83\/100\n|\n|-weather|SunnyDay|[upkeep]\n|-heal|p2a: Rillaboom|89\/100|[from] Grassy Terrain\n|upkeep\n|turn|12\n|\n|t:|1699373834\n|move|p1a: Arceus|Judgment|p2a: Rillaboom\n|-supereffective|p2a: Rillaboom\n|-damage|p2a: Rillaboom|0 fnt\n|faint|p2a: Rillaboom\n|\n|-weather|SunnyDay|[upkeep]\n|upkeep\n|\n|t:|1699373836\n|switch|p2a: Chi-Yu|Chi-Yu|75\/100\n|-ability|p2a: Chi-Yu|Beads of Ruin\n|turn|13\n|\n|t:|1699373839\n|-terastallize|p2a: Chi-Yu|Fire\n|move|p2a: Chi-Yu|Flamethrower|p1a: Arceus\n|-damage|p1a: Arceus|3\/100\n|move|p1a: Arceus|Earth Power|p2a: Chi-Yu\n|-supereffective|p2a: Chi-Yu\n|-damage|p2a: Chi-Yu|20\/100\n|-unboost|p2a: Chi-Yu|spd|1\n|\n|-weather|SunnyDay|[upkeep]\n|-heal|p2a: Chi-Yu|26\/100|[from] Grassy Terrain\n|-heal|p1a: Arceus|9\/100|[from] Grassy Terrain\n|upkeep\n|turn|14\n|\n|t:|1699373848\n|move|p2a: Chi-Yu|Flamethrower|p1a: Arceus\n|-damage|p1a: Arceus|0 fnt\n|faint|p1a: Arceus\n|\n|-weather|SunnyDay|[upkeep]\n|-heal|p2a: Chi-Yu|32\/100|[from] Grassy Terrain\n|upkeep\n|\n|t:|1699373851\n|switch|p1a: Milotic|Milotic, F, shiny|100\/100\n|turn|15\n|\n|t:|1699373858\n|move|p2a: Chi-Yu|Flamethrower|p1a: Milotic\n|-resisted|p1a: Milotic\n|-damage|p1a: Milotic|56\/100\n|-status|p1a: Milotic|brn\n|move|p1a: Milotic|Scald|p2a: Chi-Yu\n|-supereffective|p2a: Chi-Yu\n|-damage|p2a: Chi-Yu|0 fnt\n|faint|p2a: Chi-Yu\n|\n|-weather|SunnyDay|[upkeep]\n|-heal|p1a: Milotic|62\/100 brn|[from] Grassy Terrain\n|-heal|p1a: Milotic|68\/100 brn|[from] item: Leftovers\n|-damage|p1a: Milotic|62\/100 brn|[from] brn\n|-fieldend|move: Grassy Terrain\n|upkeep\n|\n|t:|1699373861\n|switch|p2a: Arceus|Arceus-Ghost|100\/100\n|turn|16\n|\n|t:|1699373867\n|move|p2a: Arceus|Dragon Dance|p2a: Arceus\n|-boost|p2a: Arceus|atk|1\n|-boost|p2a: Arceus|spe|1\n|move|p1a: Milotic|Recover|p1a: Milotic\n|-heal|p1a: Milotic|100\/100 brn\n|\n|-weather|none\n|-damage|p1a: Milotic|94\/100 brn|[from] brn\n|upkeep\n|turn|17\n|\n|t:|1699373870\n|move|p2a: Arceus|Dragon Dance|p2a: Arceus\n|-boost|p2a: Arceus|atk|1\n|-boost|p2a: Arceus|spe|1\n|move|p1a: Milotic|Scald|p2a: Arceus\n|-damage|p2a: Arceus|81\/100\n|-status|p2a: Arceus|brn\n|\n|-heal|p1a: Milotic|100\/100 brn|[from] item: Leftovers\n|-damage|p2a: Arceus|75\/100 brn|[from] brn\n|-damage|p1a: Milotic|94\/100 brn|[from] brn\n|upkeep\n|turn|18\n|c|\u2606MayatazKJ|rip\n|c|\u2606MayatazKJ|i can surrender right?\n|\n|t:|1699373909\n|move|p2a: Arceus|Recover|p2a: Arceus\n|-heal|p2a: Arceus|100\/100 brn\n|move|p1a: Milotic|Haze|p1a: Milotic\n|-clearallboost\n|\n|-heal|p1a: Milotic|100\/100 brn|[from] item: Leftovers\n|-damage|p2a: Arceus|94\/100 brn|[from] brn\n|-damage|p1a: Milotic|94\/100 brn|[from] brn\n|upkeep\n|turn|19\n|c|\u2606LadyMaria-Blue|you can, we'd just go to game 2\n|c|\u2606MayatazKJ|alr\n|-message|MayatazKJ forfeited.\n|\n|win|LadyMaria-Blue\n|l|\u2606MayatazKJ\n","uploadtime":1699374739,"views":32,"p1id":"ladymariablue","p2id":"mayatazkj","formatid":"gen9ubers","rating":0,"private":0,"password":""}