{"id":"gen9ubers-1975192864","p1":"quagsirefan888","p2":"Nitro524","format":"[Gen 9] Ubers","log":"|j|\u203dquagsirefan888\n|j|\u2606Nitro524\n|t:|1698169102\n|gametype|singles\n|player|p1|quagsirefan888|pokemonbreederf-gen4|1163\n|player|p2|Nitro524|hilbert-wonderlauncher|1201\n|teamsize|p1|6\n|teamsize|p2|6\n|gen|9\n|tier|[Gen 9] Ubers\n|rated|\n|rule|Sleep Clause Mod: Limit one foe put to sleep\n|rule|Species Clause: Limit one of each Pok\u00e9mon\n|rule|OHKO Clause: OHKO moves are banned\n|rule|Evasion Items Clause: Evasion items are banned\n|rule|Evasion Moves Clause: Evasion moves are banned\n|rule|Endless Battle Clause: Forcing endless battles is banned\n|rule|HP Percentage Mod: HP is shown in percentages\n|clearpoke\n|poke|p1|Koraidon|\n|poke|p1|Miraidon|\n|poke|p1|Iron Treads|\n|poke|p1|Flutter Mane|\n|poke|p1|Zacian-*|\n|poke|p1|Rayquaza|\n|poke|p2|Koraidon|\n|poke|p2|Ceruledge, M|\n|poke|p2|Iron Treads|\n|poke|p2|Flutter Mane|\n|poke|p2|Miraidon|\n|poke|p2|Walking Wake|\n|teampreview\n|inactive|Battle timer is ON: inactive players will automatically lose when time's up. (requested by quagsirefan888)\n|\n|t:|1698169121\n|start\n|switch|p1a: Rayquaza|Rayquaza|100\/100\n|switch|p2a: Koraidon|Koraidon|100\/100\n|-weather|SunnyDay|[from] ability: Orichalcum Pulse|[of] p2a: Koraidon\n|-activate|p2a: Koraidon|Orichalcum Pulse|[source]\n|-ability|p1a: Rayquaza|Air Lock\n|turn|1\n|\n|t:|1698169148\n|switch|p2a: Iron Treads|Iron Treads|100\/100\n|-terastallize|p1a: Rayquaza|Normal\n|move|p1a: Rayquaza|Dragon Ascent|p2a: Iron Treads\n|-resisted|p2a: Iron Treads\n|-damage|p2a: Iron Treads|63\/100\n|-unboost|p1a: Rayquaza|def|1\n|-unboost|p1a: Rayquaza|spd|1\n|-damage|p1a: Rayquaza|91\/100|[from] item: Life Orb\n|\n|-weather|SunnyDay|[upkeep]\n|-heal|p2a: Iron Treads|69\/100|[from] item: Leftovers\n|upkeep\n|turn|2\n|\n|t:|1698169165\n|switch|p1a: Koraidon|Koraidon|100\/100\n|-activate|p1a: Koraidon|ability: Orichalcum Pulse\n|move|p2a: Iron Treads|Knock Off|p1a: Koraidon\n|-resisted|p1a: Koraidon\n|-damage|p1a: Koraidon|89\/100\n|-enditem|p1a: Koraidon|Choice Band|[from] move: Knock Off|[of] p2a: Iron Treads\n|\n|-weather|SunnyDay|[upkeep]\n|-heal|p2a: Iron Treads|75\/100|[from] item: Leftovers\n|upkeep\n|turn|3\n|\n|t:|1698169173\n|-end|p2a: Iron Treads|Quark Drive|[silent]\n|switch|p2a: Ceruledge|Ceruledge, M|100\/100\n|move|p1a: Koraidon|Flare Blitz|p2a: Ceruledge\n|-start|p2a: Ceruledge|ability: Flash Fire\n|\n|-weather|SunnyDay|[upkeep]\n|upkeep\n|turn|4\n|\n|t:|1698169176\n|move|p1a: Koraidon|Scale Shot|p2a: Ceruledge\n|-damage|p2a: Ceruledge|79\/100\n|-damage|p2a: Ceruledge|58\/100\n|-damage|p2a: Ceruledge|38\/100\n|-hitcount|p2a: Ceruledge|3\n|-unboost|p1a: Koraidon|def|1\n|-boost|p1a: Koraidon|spe|1\n|move|p2a: Ceruledge|Bulk Up|p2a: Ceruledge\n|-boost|p2a: Ceruledge|atk|1\n|-boost|p2a: Ceruledge|def|1\n|\n|-weather|SunnyDay|[upkeep]\n|upkeep\n|turn|5\n|\n|t:|1698169195\n|move|p1a: Koraidon|Scale Shot|p2a: Ceruledge|[miss]\n|-miss|p1a: Koraidon|p2a: Ceruledge\n|move|p2a: Ceruledge|Bitter Blade|p1a: Koraidon\n|-resisted|p1a: Koraidon\n|-damage|p1a: Koraidon|0 fnt\n|-heal|p2a: Ceruledge|80\/100|[from] drain|[of] p1a: Koraidon\n|faint|p1a: Koraidon\n|-damage|p2a: Ceruledge|71\/100|[from] item: Life Orb\n|\n|-weather|none\n|upkeep\n|-message|quagsirefan888 forfeited.\n|\n|win|Nitro524\n|raw|quagsirefan888's rating: 1163 &rarr; <strong>1141<\/strong><br \/>(-22 for losing)\n|raw|Nitro524's rating: 1201 &rarr; <strong>1223<\/strong><br \/>(+22 for winning)\n|l|\u203dquagsirefan888\n|c|\u2606Nitro524|ggs\n","uploadtime":1698169211,"views":10,"p1id":"quagsirefan888","p2id":"nitro524","formatid":"gen9ubers","rating":1141,"private":0,"password":""}