{"id":"gen9ubers-1969116113","p1":"ilikeeatingcrayons","p2":"HemilTheCar","format":"[Gen 9] Ubers","log":"|j|\u2606ilikeeatingcrayons\n|j|\u2606HemilTheCar\n|t:|1697491410\n|gametype|singles\n|player|p1|ilikeeatingcrayons|youngster-gen4dp|\n|player|p2|HemilTheCar|2|\n|teamsize|p1|6\n|teamsize|p2|6\n|gen|9\n|tier|[Gen 9] Ubers\n|rule|Sleep Clause Mod: Limit one foe put to sleep\n|rule|Species Clause: Limit one of each Pok\u00e9mon\n|rule|OHKO Clause: OHKO moves are banned\n|rule|Evasion Items Clause: Evasion items are banned\n|rule|Evasion Moves Clause: Evasion moves are banned\n|rule|Endless Battle Clause: Forcing endless battles is banned\n|rule|HP Percentage Mod: HP is shown in percentages\n|clearpoke\n|poke|p1|Landorus, M|\n|poke|p1|Shaymin-Sky|\n|poke|p1|Magearna|\n|poke|p1|Arceus-Fire|\n|poke|p1|Zacian-*|\n|poke|p1|Cyclizar, F|\n|poke|p2|Masquerain, F|\n|poke|p2|Arceus-Ice|\n|poke|p2|Gholdengo|\n|poke|p2|Palafin, F|\n|poke|p2|Chi-Yu|\n|poke|p2|Zamazenta-*|\n|teampreview\n|inactive|Battle timer is ON: inactive players will automatically lose when time's up. (requested by HemilTheCar)\n|inactive|ilikeeatingcrayons also wants the timer to be on.\n|c|\u2606ilikeeatingcrayons|Glhf\n|c|\u2606HemilTheCar|u too\n|\n|t:|1697491423\n|start\n|switch|p1a: Shaymin|Shaymin-Sky|100\/100\n|switch|p2a: THOUSAND SUNNY|Masquerain, F|100\/100\n|-ability|p2a: THOUSAND SUNNY|Intimidate|boost\n|-unboost|p1a: Shaymin|atk|1\n|turn|1\n|\n|t:|1697491431\n|move|p1a: Shaymin|Air Slash|p2a: THOUSAND SUNNY\n|-supereffective|p2a: THOUSAND SUNNY\n|-enditem|p2a: THOUSAND SUNNY|Focus Sash\n|-damage|p2a: THOUSAND SUNNY|1\/100\n|-damage|p1a: Shaymin|91\/100|[from] item: Life Orb\n|move|p2a: THOUSAND SUNNY|Sticky Web|p1a: Shaymin\n|-sidestart|p1: ilikeeatingcrayons|move: Sticky Web\n|\n|upkeep\n|turn|2\n|\n|t:|1697491449\n|move|p1a: Shaymin|Air Slash|p2a: THOUSAND SUNNY\n|-supereffective|p2a: THOUSAND SUNNY\n|-damage|p2a: THOUSAND SUNNY|0 fnt\n|faint|p2a: THOUSAND SUNNY\n|-damage|p1a: Shaymin|81\/100|[from] item: Life Orb\n|\n|upkeep\n|inactive|HemilTheCar has 270 seconds left.\n|\n|t:|1697491469\n|switch|p2a: Arceus|Arceus-Ice|100\/100\n|turn|3\n|\n|t:|1697491478\n|move|p1a: Shaymin|Substitute|p1a: Shaymin\n|-start|p1a: Shaymin|Substitute\n|-damage|p1a: Shaymin|56\/100\n|move|p2a: Arceus|Judgment|p1a: Shaymin\n|-supereffective|p1a: Shaymin\n|-end|p1a: Shaymin|Substitute\n|\n|upkeep\n|turn|4\n|\n|t:|1697491489\n|move|p1a: Shaymin|Substitute|p1a: Shaymin\n|-start|p1a: Shaymin|Substitute\n|-damage|p1a: Shaymin|31\/100\n|move|p2a: Arceus|Judgment|p1a: Shaymin\n|-supereffective|p1a: Shaymin\n|-end|p1a: Shaymin|Substitute\n|\n|upkeep\n|turn|5\n|\n|t:|1697491508\n|switch|p1a: Magearna|Magearna|100\/100\n|-activate|p1a: Magearna|move: Sticky Web\n|-unboost|p1a: Magearna|spe|1\n|move|p2a: Arceus|Judgment|p1a: Magearna\n|-resisted|p1a: Magearna\n|-damage|p1a: Magearna|80\/100\n|\n|-heal|p1a: Magearna|86\/100|[from] item: Leftovers\n|upkeep\n|turn|6\n|inactive|HemilTheCar has 270 seconds left.\n|\n|t:|1697491532\n|switch|p2a: THE CHEESESTRING|Gholdengo|100\/100\n|move|p1a: Magearna|Thunder Wave|p2a: THE CHEESESTRING\n|-immune|p2a: THE CHEESESTRING|[from] ability: Good as Gold\n|\n|-heal|p1a: Magearna|92\/100|[from] item: Leftovers\n|upkeep\n|turn|7\n|inactive|HemilTheCar has 270 seconds left.\n|\n|t:|1697491540\n|move|p2a: THE CHEESESTRING|Trick|p1a: Magearna\n|-activate|p2a: THE CHEESESTRING|move: Trick|[of] p1a: Magearna\n|-item|p1a: Magearna|Choice Scarf|[from] move: Trick\n|-item|p2a: THE CHEESESTRING|Leftovers|[from] move: Trick\n|move|p1a: Magearna|Volt Switch|p2a: THE CHEESESTRING\n|-damage|p2a: THE CHEESESTRING|76\/100\n|\n|t:|1697491549\n|switch|p1a: Landorus|Landorus, M|100\/100|[from] Volt Switch\n|\n|-heal|p2a: THE CHEESESTRING|82\/100|[from] item: Leftovers\n|upkeep\n|turn|8\n|inactive|HemilTheCar has 270 seconds left.\n|\n|t:|1697491576\n|move|p1a: Landorus|Earth Power|p2a: THE CHEESESTRING\n|-supereffective|p2a: THE CHEESESTRING\n|-damage|p2a: THE CHEESESTRING|0 fnt\n|faint|p2a: THE CHEESESTRING\n|\n|upkeep\n|\n|t:|1697491580\n|switch|p2a: THE DOLPHIN|Palafin, F|100\/100\n|turn|9\n|inactive|HemilTheCar has 270 seconds left.\n|\n|t:|1697491589\n|move|p1a: Landorus|Earth Power|p2a: THE DOLPHIN\n|-damage|p2a: THE DOLPHIN|14\/100\n|move|p2a: THE DOLPHIN|Flip Turn|p1a: Landorus\n|-supereffective|p1a: Landorus\n|-damage|p1a: Landorus|25\/100\n|inactive|HemilTheCar has 270 seconds left.\n|\n|t:|1697491600\n|detailschange|p2a: THE DOLPHIN|Palafin-Hero, F\n|switch|p2a: Arceus|Arceus-Ice|100\/100|[from] Flip Turn\n|\n|upkeep\n|turn|10\n|inactive|HemilTheCar has 270 seconds left.\n|\n|t:|1697491609\n|switch|p1a: Magearna|Magearna|92\/100\n|-activate|p1a: Magearna|move: Sticky Web\n|-unboost|p1a: Magearna|spe|1\n|move|p2a: Arceus|Judgment|p1a: Magearna\n|-resisted|p1a: Magearna\n|-damage|p1a: Magearna|72\/100\n|\n|upkeep\n|turn|11\n|inactive|HemilTheCar has 270 seconds left.\n|\n|t:|1697491620\n|move|p2a: Arceus|Thunderbolt|p1a: Magearna\n|-damage|p1a: Magearna|53\/100\n|move|p1a: Magearna|Spikes|p2a: Arceus\n|-sidestart|p2: HemilTheCar|Spikes\n|\n|upkeep\n|turn|12\n|\n|t:|1697491626\n|move|p2a: Arceus|Calm Mind|p2a: Arceus\n|-boost|p2a: Arceus|spa|1\n|-boost|p2a: Arceus|spd|1\n|move|p1a: Magearna|Spikes|p2a: Arceus\n|-sidestart|p2: HemilTheCar|Spikes\n|\n|upkeep\n|turn|13\n|\n|t:|1697491631\n|move|p2a: Arceus|Calm Mind|p2a: Arceus\n|-boost|p2a: Arceus|spa|1\n|-boost|p2a: Arceus|spd|1\n|move|p1a: Magearna|Spikes|p2a: Arceus\n|-sidestart|p2: HemilTheCar|Spikes\n|\n|upkeep\n|turn|14\n|\n|t:|1697491636\n|switch|p1a: Shaymin|Shaymin-Sky|31\/100\n|move|p2a: Arceus|Thunderbolt|p1a: Shaymin\n|-damage|p1a: Shaymin|0 fnt\n|faint|p1a: Shaymin\n|\n|upkeep\n|\n|t:|1697491640\n|switch|p1a: Zacian|Zacian|100\/100\n|-ability|p1a: Zacian|Intrepid Sword|boost\n|-boost|p1a: Zacian|atk|1\n|turn|15\n|\n|t:|1697491665\n|-terastallize|p1a: Zacian|Fire\n|-terastallize|p2a: Arceus|Electric\n|move|p1a: Zacian|Swords Dance|p1a: Zacian\n|-boost|p1a: Zacian|atk|2\n|move|p2a: Arceus|Judgment|p1a: Zacian\n|-resisted|p1a: Zacian\n|-damage|p1a: Zacian|38\/100\n|\n|upkeep\n|turn|16\n|\n|t:|1697491675\n|move|p1a: Zacian|Play Rough|p2a: Arceus\n|-damage|p2a: Arceus|11\/100\n|move|p2a: Arceus|Thunderbolt|p1a: Zacian\n|-damage|p1a: Zacian|0 fnt\n|faint|p1a: Zacian\n|\n|upkeep\n|\n|t:|1697491688\n|switch|p1a: Landorus|Landorus, M|25\/100\n|turn|17\n|\n|t:|1697491694\n|move|p1a: Landorus|Earth Power|p2a: Arceus\n|-supereffective|p2a: Arceus\n|-damage|p2a: Arceus|0 fnt\n|faint|p2a: Arceus\n|\n|upkeep\n|\n|t:|1697491718\n|switch|p2a: THE DOLPHIN|Palafin-Hero, F|14\/100\n|-damage|p2a: THE DOLPHIN|0 fnt|[from] Spikes\n|faint|p2a: THE DOLPHIN\n|\n|t:|1697491726\n|switch|p2a: THE DAWG|Zamazenta-Crowned|100\/100\n|-damage|p2a: THE DAWG|75\/100|[from] Spikes\n|-ability|p2a: THE DAWG|Dauntless Shield|boost\n|-boost|p2a: THE DAWG|def|1\n|turn|18\n|\n|t:|1697491731\n|move|p1a: Landorus|Earth Power|p2a: THE DAWG\n|-supereffective|p2a: THE DAWG\n|-damage|p2a: THE DAWG|0 fnt\n|faint|p2a: THE DAWG\n|\n|upkeep\n|\n|t:|1697491740\n|switch|p2a: THE FISH|Chi-Yu|100\/100\n|-damage|p2a: THE FISH|76\/100|[from] Spikes\n|-ability|p2a: THE FISH|Beads of Ruin\n|turn|19\n|\n|t:|1697491747\n|move|p1a: Landorus|Earth Power|p2a: THE FISH\n|-supereffective|p2a: THE FISH\n|-damage|p2a: THE FISH|0 fnt\n|faint|p2a: THE FISH\n|\n|win|ilikeeatingcrayons\n|c|\u2606ilikeeatingcrayons|Gg\n","uploadtime":1697491755,"views":30,"p1id":"ilikeeatingcrayons","p2id":"hemilthecar","formatid":"gen9ubers","rating":0,"private":0,"password":""}