{"id":"gen9ubers-1976207276","p1":"ArcticNubFox","p2":"Niconicolebest","format":"[Gen 9] Ubers","log":"|j|\u2606ArcticNubFox\n|j|\u2606Niconicolebest\n|t:|1698273797\n|gametype|singles\n|player|p1|ArcticNubFox|ghetsis|\n|player|p2|Niconicolebest|1|\n|teamsize|p1|6\n|teamsize|p2|6\n|gen|9\n|tier|[Gen 9] Ubers\n|rule|Sleep Clause Mod: Limit one foe put to sleep\n|rule|Species Clause: Limit one of each Pok\u00e9mon\n|rule|OHKO Clause: OHKO moves are banned\n|rule|Evasion Items Clause: Evasion items are banned\n|rule|Evasion Moves Clause: Evasion moves are banned\n|rule|Endless Battle Clause: Forcing endless battles is banned\n|rule|HP Percentage Mod: HP is shown in percentages\n|clearpoke\n|poke|p1|Iron Valiant|\n|poke|p1|Roaring Moon|\n|poke|p1|Chi-Yu|\n|poke|p1|Palafin, M|\n|poke|p1|Dragonite, F|\n|poke|p1|Magearna|\n|poke|p2|Zacian-*|\n|poke|p2|Gholdengo|\n|poke|p2|Cyclizar, M|\n|poke|p2|Arceus-Fire|\n|poke|p2|Ursaluna-Bloodmoon, M|\n|poke|p2|Palkia-Origin|\n|teampreview\n|inactive|Battle timer is ON: inactive players will automatically lose when time's up. (requested by ArcticNubFox)\n|inactive|Niconicolebest also wants the timer to be on.\n|inactive|Niconicolebest has 270 seconds left.\n|\n|t:|1698273835\n|start\n|switch|p1a: Palafin|Palafin, M|100\/100\n|switch|p2a: Palkia|Palkia-Origin, shiny|100\/100\n|-ability|p2a: Palkia|Pressure\n|turn|1\n|\n|t:|1698273855\n|detailschange|p1a: Palafin|Palafin-Hero, M\n|switch|p1a: Magearna|Magearna|100\/100\n|move|p2a: Palkia|Thunder Wave|p1a: Magearna\n|-status|p1a: Magearna|par\n|\n|upkeep\n|turn|2\n|\n|t:|1698273867\n|move|p2a: Palkia|Hydro Pump|p1a: Magearna\n|-damage|p1a: Magearna|42\/100 par\n|move|p1a: Magearna|Shift Gear|p1a: Magearna\n|-boost|p1a: Magearna|spe|2\n|-boost|p1a: Magearna|atk|1\n|\n|upkeep\n|turn|3\n|inactive|ArcticNubFox has 270 seconds left.\n|\n|t:|1698273909\n|move|p2a: Palkia|Hydro Pump|p1a: Magearna|[miss]\n|-miss|p2a: Palkia|p1a: Magearna\n|move|p1a: Magearna|Draining Kiss|p2a: Palkia\n|-supereffective|p2a: Palkia\n|-damage|p2a: Palkia|59\/100\n|-heal|p1a: Magearna|70\/100 par|[from] drain|[of] p2a: Palkia\n|\n|upkeep\n|turn|4\n|\n|t:|1698273921\n|move|p2a: Palkia|Hydro Pump|p1a: Magearna\n|-damage|p1a: Magearna|4\/100 par\n|move|p1a: Magearna|Draining Kiss|p2a: Palkia\n|-supereffective|p2a: Palkia\n|-damage|p2a: Palkia|21\/100\n|-heal|p1a: Magearna|29\/100 par|[from] drain|[of] p2a: Palkia\n|\n|upkeep\n|turn|5\n|\n|t:|1698273928\n|move|p2a: Palkia|Hydro Pump|p1a: Magearna\n|-crit|p1a: Magearna\n|-damage|p1a: Magearna|0 fnt\n|faint|p1a: Magearna\n|\n|upkeep\n|\n|t:|1698273936\n|switch|p1a: Dragonite|Dragonite, F|100\/100\n|turn|6\n|\n|t:|1698273943\n|switch|p2a: Gholdengo|Gholdengo, shiny|100\/100\n|move|p1a: Dragonite|Thunder Punch|p2a: Gholdengo\n|-damage|p2a: Gholdengo|62\/100\n|\n|-heal|p2a: Gholdengo|68\/100|[from] item: Leftovers\n|upkeep\n|turn|7\n|inactive|ArcticNubFox has 270 seconds left.\n|inactive|ArcticNubFox has 240 seconds left.\n|\n|t:|1698274001\n|switch|p1a: Chi-Yu|Chi-Yu|100\/100\n|-ability|p1a: Chi-Yu|Beads of Ruin\n|move|p2a: Gholdengo|Make It Rain|p1a: Chi-Yu\n|-resisted|p1a: Chi-Yu\n|-damage|p1a: Chi-Yu|62\/100\n|-unboost|p2a: Gholdengo|spa|1\n|\n|-heal|p2a: Gholdengo|74\/100|[from] item: Leftovers\n|upkeep\n|turn|8\n|\n|t:|1698274018\n|switch|p2a: Palkia|Palkia-Origin, shiny|21\/100\n|-ability|p2a: Palkia|Pressure\n|move|p1a: Chi-Yu|Overheat|p2a: Palkia\n|-resisted|p2a: Palkia\n|-damage|p2a: Palkia|0 fnt\n|-unboost|p1a: Chi-Yu|spa|2\n|faint|p2a: Palkia\n|\n|upkeep\n|\n|t:|1698274031\n|switch|p2a: Cyclizar|Cyclizar, M, shiny|100\/100\n|turn|9\n|\n|t:|1698274046\n|switch|p1a: Iron Valiant|Iron Valiant, shiny|100\/100\n|-enditem|p1a: Iron Valiant|Booster Energy\n|-activate|p1a: Iron Valiant|ability: Quark Drive|[fromitem]\n|-start|p1a: Iron Valiant|quarkdrivespe\n|move|p2a: Cyclizar|Shed Tail|p2a: Cyclizar\n|-start|p2a: Cyclizar|Substitute|[from] move: Shed Tail\n|-damage|p2a: Cyclizar|50\/100\n|\n|t:|1698274064\n|switch|p2a: Gholdengo|Gholdengo, shiny|74\/100|[from] Shed Tail\n|\n|-heal|p2a: Gholdengo|80\/100|[from] item: Leftovers\n|upkeep\n|turn|10\n|\n|t:|1698274082\n|-end|p1a: Iron Valiant|Quark Drive|[silent]\n|switch|p1a: Palafin|Palafin-Hero, M|100\/100\n|-activate|p1a: Palafin|ability: Zero to Hero\n|move|p2a: Gholdengo|Nasty Plot|p2a: Gholdengo\n|-boost|p2a: Gholdengo|spa|2\n|\n|-heal|p2a: Gholdengo|86\/100|[from] item: Leftovers\n|upkeep\n|turn|11\n|\n|t:|1698274096\n|move|p1a: Palafin|Jet Punch|p2a: Gholdengo\n|-end|p2a: Gholdengo|Substitute\n|-damage|p1a: Palafin|91\/100|[from] item: Life Orb\n|move|p2a: Gholdengo|Shadow Ball|p1a: Palafin\n|-damage|p1a: Palafin|0 fnt\n|faint|p1a: Palafin\n|\n|-heal|p2a: Gholdengo|92\/100|[from] item: Leftovers\n|upkeep\n|\n|t:|1698274103\n|switch|p1a: Chi-Yu|Chi-Yu|62\/100\n|-ability|p1a: Chi-Yu|Beads of Ruin\n|turn|12\n|\n|t:|1698274109\n|move|p1a: Chi-Yu|Overheat|p2a: Gholdengo\n|-supereffective|p2a: Gholdengo\n|-damage|p2a: Gholdengo|0 fnt\n|-unboost|p1a: Chi-Yu|spa|2\n|faint|p2a: Gholdengo\n|\n|upkeep\n|\n|t:|1698274114\n|switch|p2a: Ursaluna|Ursaluna-Bloodmoon, M|100\/100\n|turn|13\n|inactive|ArcticNubFox has 240 seconds left.\n|\n|t:|1698274142\n|switch|p1a: Dragonite|Dragonite, F|100\/100\n|move|p2a: Ursaluna|Substitute|p2a: Ursaluna\n|-start|p2a: Ursaluna|Substitute\n|-damage|p2a: Ursaluna|76\/100\n|\n|upkeep\n|turn|14\n|\n|t:|1698274151\n|move|p1a: Dragonite|Extreme Speed|p2a: Ursaluna\n|-end|p2a: Ursaluna|Substitute\n|move|p2a: Ursaluna|Blood Moon|p1a: Dragonite\n|-damage|p1a: Dragonite|43\/100\n|-damage|p2a: Ursaluna|66\/100|[from] item: Life Orb\n|\n|upkeep\n|turn|15\n|\n|t:|1698274170\n|switch|p2a: Cyclizar|Cyclizar, M, shiny|84\/100\n|-terastallize|p1a: Dragonite|Normal\n|move|p1a: Dragonite|Extreme Speed|p2a: Cyclizar\n|-damage|p2a: Cyclizar|0 fnt\n|faint|p2a: Cyclizar\n|\n|upkeep\n|\n|t:|1698274187\n|switch|p2a: Zacian|Zacian, shiny|100\/100\n|-ability|p2a: Zacian|Intrepid Sword|boost\n|-boost|p2a: Zacian|atk|1\n|turn|16\n|inactive|ArcticNubFox has 240 seconds left.\n|\n|t:|1698274195\n|move|p1a: Dragonite|Extreme Speed|p2a: Zacian\n|-damage|p2a: Zacian|40\/100\n|move|p2a: Zacian|Play Rough|p1a: Dragonite\n|-crit|p1a: Dragonite\n|-damage|p1a: Dragonite|0 fnt\n|faint|p1a: Dragonite\n|\n|upkeep\n|inactive|ArcticNubFox has 240 seconds left.\n|\n|t:|1698274205\n|switch|p1a: Roaring Moon|Roaring Moon|100\/100\n|-enditem|p1a: Roaring Moon|Booster Energy\n|-activate|p1a: Roaring Moon|ability: Protosynthesis|[fromitem]\n|-start|p1a: Roaring Moon|protosynthesisspe\n|turn|17\n|inactive|ArcticNubFox has 240 seconds left.\n|\n|t:|1698274217\n|move|p1a: Roaring Moon|Acrobatics|p2a: Zacian\n|-damage|p2a: Zacian|3\/100\n|move|p2a: Zacian|Play Rough|p1a: Roaring Moon\n|-supereffective|p1a: Roaring Moon\n|-damage|p1a: Roaring Moon|0 fnt\n|faint|p1a: Roaring Moon\n|-end|p1a: Roaring Moon|Protosynthesis|[silent]\n|\n|upkeep\n|inactive|ArcticNubFox has 240 seconds left.\n|\n|t:|1698274228\n|switch|p1a: Iron Valiant|Iron Valiant, shiny|100\/100\n|turn|18\n|inactive|ArcticNubFox has 240 seconds left.\n|\n|t:|1698274242\n|-terastallize|p2a: Zacian|Fairy\n|move|p2a: Zacian|Play Rough|p1a: Iron Valiant\n|-supereffective|p1a: Iron Valiant\n|-damage|p1a: Iron Valiant|0 fnt\n|faint|p1a: Iron Valiant\n|-end|p1a: Iron Valiant|Quark Drive|[silent]\n|\n|upkeep\n|\n|t:|1698274246\n|switch|p1a: Chi-Yu|Chi-Yu|62\/100\n|-ability|p1a: Chi-Yu|Beads of Ruin\n|turn|19\n|inactive|ArcticNubFox has 240 seconds left.\n|inactive|ArcticNubFox has 210 seconds left.\n|\n|t:|1698274315\n|move|p2a: Zacian|Play Rough|p1a: Chi-Yu\n|-damage|p1a: Chi-Yu|0 fnt\n|faint|p1a: Chi-Yu\n|\n|win|Niconicolebest\n","uploadtime":1698274321,"views":11,"p1id":"arcticnubfox","p2id":"niconicolebest","formatid":"gen9ubers","rating":0,"private":0,"password":""}