{"id":"gen9ubers-1994369548","p1":"Derpyderk","p2":"guner9542","format":"[Gen 9] Ubers","log":"|j|\u2606Derpyderk\n|j|\u2606guner9542\n|t:|1700436095\n|gametype|singles\n|player|p1|Derpyderk|brycenman|\n|player|p2|guner9542|crasherwake|\n|teamsize|p1|6\n|teamsize|p2|6\n|gen|9\n|tier|[Gen 9] Ubers\n|rule|Sleep Clause Mod: Limit one foe put to sleep\n|rule|Species Clause: Limit one of each Pok\u00e9mon\n|rule|OHKO Clause: OHKO moves are banned\n|rule|Evasion Items Clause: Evasion items are banned\n|rule|Evasion Moves Clause: Evasion moves are banned\n|rule|Endless Battle Clause: Forcing endless battles is banned\n|rule|HP Percentage Mod: HP is shown in percentages\n|clearpoke\n|poke|p1|Barraskewda, F|\n|poke|p1|Slowking-Galar, F|\n|poke|p1|Dragapult, F|\n|poke|p1|Sandslash-Alola, F|\n|poke|p1|Toedscruel, M|\n|poke|p1|Volcanion|\n|poke|p2|Greninja-*, F|\n|poke|p2|Azelf|\n|poke|p2|Iron Treads|\n|poke|p2|Iron Valiant|\n|poke|p2|Kleavor, M|\n|poke|p2|Diancie|\n|teampreview\n|j| KingDuns\n|j| BossShuckle\n|c| KingDuns|Start and timer\n|inactive|Battle timer is ON: inactive players will automatically lose when time's up. (requested by Derpyderk)\n|\n|t:|1700436144\n|start\n|switch|p1a: Dark Magician|Slowking-Galar, F|100\/100\n|switch|p2a: Kleavor|Kleavor, M|100\/100\n|turn|1\n|\n|t:|1700436166\n|move|p2a: Kleavor|Night Slash|p1a: Dark Magician\n|-supereffective|p1a: Dark Magician\n|-crit|p1a: Dark Magician\n|-damage|p1a: Dark Magician|0 fnt\n|-damage|p2a: Kleavor|84\/100|[from] item: Rocky Helmet|[of] p1a: Dark Magician\n|faint|p1a: Dark Magician\n|\n|upkeep\n|c| BossShuckle|so were in copper\n|inactive|Derpyderk has 270 seconds left.\n|\n|t:|1700436193\n|switch|p1a: Fillet|Barraskewda, F|100\/100\n|turn|2\n|inactive|guner9542 has 270 seconds left.\n|\n|t:|1700436230\n|switch|p2a: Diancie|Diancie|100\/100\n|move|p1a: Fillet|Liquidation|p2a: Diancie\n|-supereffective|p2a: Diancie\n|-damage|p2a: Diancie|45\/100\n|\n|-heal|p2a: Diancie|51\/100|[from] item: Leftovers\n|upkeep\n|turn|3\n|c| BossShuckle|so were in copper\n|c| BossShuckle|no unranked\n|inactive|guner9542 has 240 seconds left.\n|\n|t:|1700436261\n|-terastallize|p2a: Diancie|Steel\n|move|p1a: Fillet|Liquidation|p2a: Diancie\n|-damage|p2a: Diancie|24\/100\n|move|p2a: Diancie|Diamond Storm|p1a: Fillet\n|-damage|p1a: Fillet|40\/100\n|-boost|p2a: Diancie|def|2\n|\n|-heal|p2a: Diancie|30\/100|[from] item: Leftovers\n|upkeep\n|turn|4\n|inactive|guner9542 has 240 seconds left.\n|inactive|Derpyderk has 270 seconds left.\n|inactive|guner9542 has 210 seconds left.\n|inactive|Derpyderk has 240 seconds left.\n|\n|t:|1700436315\n|switch|p1a: Sneezer|Volcanion|100\/100\n|move|p2a: Diancie|Substitute|p2a: Diancie\n|-start|p2a: Diancie|Substitute\n|-damage|p2a: Diancie|5\/100\n|\n|-heal|p2a: Diancie|11\/100|[from] item: Leftovers\n|upkeep\n|turn|5\n|inactive|Derpyderk has 240 seconds left.\n|\n|t:|1700436329\n|move|p1a: Sneezer|Earth Power|p2a: Diancie\n|-supereffective|p2a: Diancie\n|-end|p2a: Diancie|Substitute\n|move|p2a: Diancie|Diamond Storm|p1a: Sneezer\n|-supereffective|p1a: Sneezer\n|-damage|p1a: Sneezer|49\/100\n|\n|-heal|p2a: Diancie|17\/100|[from] item: Leftovers\n|upkeep\n|turn|6\n|inactive|Derpyderk has 240 seconds left.\n|\n|t:|1700436341\n|switch|p2a: Azelf|Azelf|100\/100\n|move|p1a: Sneezer|Earth Power|p2a: Azelf\n|-immune|p2a: Azelf|[from] ability: Levitate\n|\n|upkeep\n|turn|7\n|inactive|Derpyderk has 240 seconds left.\n|\n|t:|1700436372\n|switch|p1a: Ten-tai|Toedscruel, M|100\/100\n|move|p2a: Azelf|Thunderbolt|p1a: Ten-tai\n|-immune|p1a: Ten-tai\n|\n|upkeep\n|turn|8\n|inactive|guner9542 has 180 seconds left.\n|\n|t:|1700436412\n|switch|p2a: Kleavor|Kleavor, M|84\/100\n|move|p1a: Ten-tai|Spore|p2a: Kleavor\n|-status|p2a: Kleavor|slp|[from] move: Spore\n|\n|upkeep\n|turn|9\n|\n|t:|1700436429\n|cant|p2a: Kleavor|slp\n|move|p1a: Ten-tai|Spikes|p2a: Kleavor\n|-sidestart|p2: guner9542|Spikes\n|\n|upkeep\n|turn|10\n|\n|t:|1700436433\n|cant|p2a: Kleavor|slp\n|move|p1a: Ten-tai|Spikes|p2a: Kleavor\n|-sidestart|p2: guner9542|Spikes\n|\n|upkeep\n|turn|11\n|inactive|Derpyderk has 240 seconds left.\n|\n|t:|1700436444\n|cant|p2a: Kleavor|slp\n|move|p1a: Ten-tai|Spikes|p2a: Kleavor\n|-sidestart|p2: guner9542|Spikes\n|\n|upkeep\n|turn|12\n|inactive|Derpyderk has 240 seconds left.\n|inactive|Derpyderk has 210 seconds left.\n|\n|t:|1700436482\n|switch|p1a: Sneezer|Volcanion|49\/100\n|-curestatus|p2a: Kleavor|slp|[msg]\n|move|p2a: Kleavor|Night Slash|p1a: Sneezer\n|-damage|p1a: Sneezer|0 fnt\n|faint|p1a: Sneezer\n|\n|upkeep\n|inactive|Derpyderk has 210 seconds left.\n|\n|t:|1700436491\n|switch|p1a: Fillet|Barraskewda, F|40\/100\n|turn|13\n|inactive|guner9542 has 180 seconds left.\n|\n|t:|1700436526\n|switch|p2a: Azelf|Azelf|100\/100\n|move|p1a: Fillet|Liquidation|p2a: Azelf\n|-damage|p2a: Azelf|23\/100\n|\n|upkeep\n|turn|14\n|\n|t:|1700436539\n|move|p1a: Fillet|Liquidation|p2a: Azelf\n|-damage|p2a: Azelf|0 fnt\n|faint|p2a: Azelf\n|\n|upkeep\n|inactive|guner9542 has 150 seconds left.\n|inactive|guner9542 has 120 seconds left.\n|\n|t:|1700436594\n|switch|p2a: Iron Treads|Iron Treads|100\/100\n|-damage|p2a: Iron Treads|76\/100|[from] Spikes\n|turn|15\n|\n|t:|1700436606\n|move|p1a: Fillet|Liquidation|p2a: Iron Treads\n|-supereffective|p2a: Iron Treads\n|-damage|p2a: Iron Treads|0 fnt\n|faint|p2a: Iron Treads\n|-end|p2a: Iron Treads|Quark Drive|[silent]\n|\n|upkeep\n|\n|t:|1700436614\n|switch|p2a: Iron Valiant|Iron Valiant|100\/100\n|-damage|p2a: Iron Valiant|76\/100|[from] Spikes\n|-enditem|p2a: Iron Valiant|Booster Energy\n|-activate|p2a: Iron Valiant|ability: Quark Drive|[fromitem]\n|-start|p2a: Iron Valiant|quarkdrivespe\n|turn|16\n|inactive|Derpyderk has 240 seconds left.\n|inactive|guner9542 has 120 seconds left.\n|\n|t:|1700436642\n|switch|p1a: Ten-tai|Toedscruel, M|100\/100\n|move|p2a: Iron Valiant|Moonblast|p1a: Ten-tai\n|-damage|p1a: Ten-tai|61\/100\n|\n|upkeep\n|turn|17\n|inactive|guner9542 has 120 seconds left.\n|\n|t:|1700436657\n|move|p2a: Iron Valiant|Close Combat|p1a: Ten-tai\n|-damage|p1a: Ten-tai|12\/100\n|-unboost|p2a: Iron Valiant|def|1\n|-unboost|p2a: Iron Valiant|spd|1\n|move|p1a: Ten-tai|Spore|p2a: Iron Valiant\n|-status|p2a: Iron Valiant|slp|[from] move: Spore\n|\n|upkeep\n|turn|18\n|inactive|guner9542 has 120 seconds left.\n|\n|t:|1700436675\n|-end|p2a: Iron Valiant|Quark Drive|[silent]\n|switch|p2a: Kleavor|Kleavor, M|84\/100\n|-damage|p2a: Kleavor|59\/100|[from] Spikes\n|move|p1a: Ten-tai|Earth Power|p2a: Kleavor\n|-damage|p2a: Kleavor|18\/100\n|\n|upkeep\n|turn|19\n|inactive|guner9542 has 120 seconds left.\n|\n|t:|1700436681\n|move|p2a: Kleavor|Night Slash|p1a: Ten-tai\n|-damage|p1a: Ten-tai|0 fnt\n|faint|p1a: Ten-tai\n|\n|upkeep\n|\n|t:|1700436685\n|switch|p1a: Fillet|Barraskewda, F|40\/100\n|turn|20\n|\n|t:|1700436695\n|move|p1a: Fillet|Liquidation|p2a: Kleavor\n|-supereffective|p2a: Kleavor\n|-damage|p2a: Kleavor|0 fnt\n|faint|p2a: Kleavor\n|\n|upkeep\n|\n|t:|1700436704\n|switch|p2a: Greninja|Greninja, F|100\/100\n|-damage|p2a: Greninja|76\/100|[from] Spikes\n|turn|21\n|\n|t:|1700436710\n|move|p1a: Fillet|Liquidation|p2a: Greninja\n|-resisted|p2a: Greninja\n|-damage|p2a: Greninja|35\/100\n|move|p2a: Greninja|Grass Knot|p1a: Fillet\n|-start|p2a: Greninja|typechange|Grass|[from] ability: Protean\n|-supereffective|p1a: Fillet\n|-damage|p1a: Fillet|0 fnt\n|faint|p1a: Fillet\n|-damage|p2a: Greninja|25\/100|[from] item: Life Orb\n|\n|upkeep\n|\n|t:|1700436720\n|switch|p1a: GhostofSandwich|Dragapult, F|100\/100\n|turn|22\n|\n|t:|1700436733\n|move|p1a: GhostofSandwich|Dragon Darts|p2a: Greninja\n|-damage|p2a: Greninja|0 fnt\n|faint|p2a: Greninja\n|\n|upkeep\n|\n|t:|1700436738\n|switch|p2a: Diancie|Diancie, tera:Steel|17\/100\n|-damage|p2a: Diancie|0 fnt|[from] Spikes\n|faint|p2a: Diancie\n|\n|t:|1700436740\n|switch|p2a: Iron Valiant|Iron Valiant|76\/100 slp\n|-damage|p2a: Iron Valiant|51\/100 slp|[from] Spikes\n|turn|23\n|\n|t:|1700436750\n|move|p1a: GhostofSandwich|Dragon Dance|p1a: GhostofSandwich\n|-boost|p1a: GhostofSandwich|atk|1\n|-boost|p1a: GhostofSandwich|spe|1\n|cant|p2a: Iron Valiant|slp\n|\n|upkeep\n|turn|24\n|\n|t:|1700436765\n|move|p1a: GhostofSandwich|Phantom Force||[still]\n|-prepare|p1a: GhostofSandwich|Phantom Force\n|cant|p2a: Iron Valiant|slp\n|\n|upkeep\n|turn|25\n|\n|t:|1700436769\n|move|p1a: GhostofSandwich|Phantom Force|p2a: Iron Valiant|[from]lockedmove\n|-damage|p2a: Iron Valiant|0 fnt\n|faint|p2a: Iron Valiant\n|-end|p2a: Iron Valiant|Quark Drive|[silent]\n|\n|win|Derpyderk\n","uploadtime":1700436773,"views":33,"p1id":"derpyderk","p2id":"guner9542","formatid":"gen9ubers","rating":0,"private":0,"password":""}