{"id":"gen9ubers-1976186648","p1":"FT Morgan","p2":"It'sFission","format":"[Gen 9] Ubers","log":"|j|\u2606FT Morgan\n|j|\u2606It'sFission\n|t:|1698271663\n|gametype|singles\n|player|p1|FT Morgan|lass|1170\n|player|p2|It'sFission|ethan|1136\n|teamsize|p1|6\n|teamsize|p2|6\n|gen|9\n|tier|[Gen 9] Ubers\n|rated|\n|rule|Sleep Clause Mod: Limit one foe put to sleep\n|rule|Species Clause: Limit one of each Pok\u00e9mon\n|rule|OHKO Clause: OHKO moves are banned\n|rule|Evasion Items Clause: Evasion items are banned\n|rule|Evasion Moves Clause: Evasion moves are banned\n|rule|Endless Battle Clause: Forcing endless battles is banned\n|rule|HP Percentage Mod: HP is shown in percentages\n|clearpoke\n|poke|p1|Volcarona, F|\n|poke|p1|Corviknight, M|\n|poke|p1|Grimmsnarl, M|\n|poke|p1|Garchomp, M|\n|poke|p1|Rillaboom, M|\n|poke|p1|Sneasler, F|\n|poke|p2|Diglett, M|\n|poke|p2|Houndstone, M|\n|poke|p2|Tyranitar, M|\n|poke|p2|Ariados, F|\n|poke|p2|Glimmora, F|\n|poke|p2|Basculegion, M|\n|teampreview\n|\n|t:|1698271692\n|start\n|switch|p1a: Rillaboom|Rillaboom, M|100\/100\n|switch|p2a: Dicclett|Diglett, M|100\/100\n|-fieldstart|move: Grassy Terrain|[from] ability: Grassy Surge|[of] p1a: Rillaboom\n|turn|1\n|\n|t:|1698271700\n|move|p2a: Dicclett|Stealth Rock|p1a: Rillaboom\n|-sidestart|p1: FT Morgan|move: Stealth Rock\n|move|p1a: Rillaboom|Drum Beating|p2a: Dicclett\n|-supereffective|p2a: Dicclett\n|-damage|p2a: Dicclett|0 fnt\n|faint|p2a: Dicclett\n|\n|upkeep\n|\n|t:|1698271706\n|switch|p2a: Fk knows|Glimmora, F|100\/100\n|turn|2\n|inactive|Battle timer is ON: inactive players will automatically lose when time's up. (requested by It'sFission)\n|c|\u2606It'sFission|what did diglett do to you...\n|c|\u2606It'sFission|you evil man\n|-activate|p2a: Fk knows|item: Quick Claw\n|\n|t:|1698271744\n|switch|p1a: Corviknight|Corviknight, M|100\/100\n|-damage|p1a: Corviknight|88\/100|[from] Stealth Rock\n|-ability|p1a: Corviknight|Pressure\n|move|p2a: Fk knows|Gunk Shot|p1a: Corviknight\n|-immune|p1a: Corviknight\n|\n|-heal|p1a: Corviknight|94\/100|[from] item: Leftovers\n|upkeep\n|turn|3\n|\n|t:|1698271764\n|move|p2a: Fk knows|Flash Cannon|p1a: Corviknight\n|-resisted|p1a: Corviknight\n|-damage|p1a: Corviknight|84\/100\n|move|p1a: Corviknight|U-turn|p2a: Fk knows\n|-resisted|p2a: Fk knows\n|-damage|p2a: Fk knows|94\/100\n|-activate|p2a: Fk knows|ability: Toxic Debris\n|-sidestart|p1: FT Morgan|move: Toxic Spikes\n|\n|t:|1698271774\n|switch|p1a: Sneasler|Sneasler, F|100\/100|[from] U-turn\n|-damage|p1a: Sneasler|95\/100|[from] Stealth Rock\n|-sideend|p1: FT Morgan|move: Toxic Spikes|[of] p1a: Sneasler\n|-enditem|p1a: Sneasler|Grassy Seed\n|-boost|p1a: Sneasler|def|1|[from] item: Grassy Seed\n|\n|-heal|p1a: Sneasler|100\/100|[from] Grassy Terrain\n|-heal|p2a: Fk knows|99\/100|[from] Grassy Terrain\n|upkeep\n|turn|4\n|\n|t:|1698271783\n|-terastallize|p1a: Sneasler|Flying\n|move|p1a: Sneasler|Swords Dance|p1a: Sneasler\n|-boost|p1a: Sneasler|atk|2\n|move|p2a: Fk knows|Gunk Shot|p1a: Sneasler\n|-damage|p1a: Sneasler|73\/100\n|\n|-heal|p2a: Fk knows|100\/100|[from] Grassy Terrain\n|upkeep\n|turn|5\n|\n|t:|1698271795\n|move|p1a: Sneasler|Close Combat|p2a: Fk knows\n|-damage|p2a: Fk knows|0 fnt\n|-unboost|p1a: Sneasler|def|1\n|-unboost|p1a: Sneasler|spd|1\n|-activate|p2a: Fk knows|ability: Toxic Debris\n|-sidestart|p1: FT Morgan|move: Toxic Spikes\n|faint|p2a: Fk knows\n|\n|upkeep\n|\n|t:|1698271802\n|switch|p2a: MilesCholares|Ariados, F|100\/100\n|turn|6\n|\n|t:|1698271807\n|move|p1a: Sneasler|Acrobatics|p2a: MilesCholares\n|-supereffective|p2a: MilesCholares\n|-damage|p2a: MilesCholares|0 fnt\n|faint|p2a: MilesCholares\n|\n|upkeep\n|\n|t:|1698271812\n|switch|p2a: Tanky boi|Tyranitar, M|100\/100\n|-weather|Sandstorm|[from] ability: Sand Stream|[of] p2a: Tanky boi\n|turn|7\n|\n|t:|1698271821\n|move|p1a: Sneasler|Close Combat|p2a: Tanky boi\n|-supereffective|p2a: Tanky boi\n|-damage|p2a: Tanky boi|0 fnt\n|-unboost|p1a: Sneasler|def|1\n|-unboost|p1a: Sneasler|spd|1\n|faint|p2a: Tanky boi\n|\n|-weather|Sandstorm|[upkeep]\n|-damage|p1a: Sneasler|67\/100|[from] Sandstorm\n|upkeep\n|\n|t:|1698271829\n|switch|p2a: GrimReapurr|Houndstone, M|100\/100\n|turn|8\n|\n|t:|1698271832\n|-terastallize|p2a: GrimReapurr|Ghost\n|move|p1a: Sneasler|Acrobatics|p2a: GrimReapurr\n|-damage|p2a: GrimReapurr|0 fnt\n|faint|p2a: GrimReapurr\n|\n|-weather|Sandstorm|[upkeep]\n|-damage|p1a: Sneasler|61\/100|[from] Sandstorm\n|-fieldend|move: Grassy Terrain\n|upkeep\n|\n|t:|1698271840\n|switch|p2a: AngryFishy|Basculegion, M|100\/100\n|-ability|p2a: AngryFishy|Mold Breaker\n|turn|9\n|\n|t:|1698271845\n|move|p1a: Sneasler|Acrobatics|p2a: AngryFishy\n|-damage|p2a: AngryFishy|0 fnt\n|faint|p2a: AngryFishy\n|\n|win|FT Morgan\n|raw|FT Morgan's rating: 1170 &rarr; <strong>1193<\/strong><br \/>(+23 for winning)\n|raw|It&apos;sFission's rating: 1136 &rarr; <strong>1113<\/strong><br \/>(-23 for losing)\n|l|\u2606It'sFission\n","uploadtime":1698271860,"views":11,"p1id":"ftmorgan","p2id":"itsfission","formatid":"gen9ubers","rating":1113,"private":0,"password":""}