{"id":"gen9ubers-1982202958","p1":"Zeddby","p2":"muffinATEthat","format":"[Gen 9] Ubers","log":"|j|\u2606Zeddby\n|j|\u2606muffinATEthat\n|t:|1698978753\n|gametype|singles\n|player|p1|Zeddby|winona|\n|player|p2|muffinATEthat|1|\n|teamsize|p1|6\n|teamsize|p2|6\n|gen|9\n|tier|[Gen 9] Ubers\n|rule|Sleep Clause Mod: Limit one foe put to sleep\n|rule|Species Clause: Limit one of each Pok\u00e9mon\n|rule|OHKO Clause: OHKO moves are banned\n|rule|Evasion Items Clause: Evasion items are banned\n|rule|Evasion Moves Clause: Evasion moves are banned\n|rule|Endless Battle Clause: Forcing endless battles is banned\n|rule|HP Percentage Mod: HP is shown in percentages\n|clearpoke\n|poke|p1|Roaring Moon|\n|poke|p1|Azumarill, F|\n|poke|p1|Blissey, F|\n|poke|p1|Hippowdon, F|\n|poke|p1|Toxtricity, F|\n|poke|p1|Rotom-Frost|\n|poke|p2|Slowbro, M|\n|poke|p2|Breloom, M|\n|poke|p2|Iron Jugulis|\n|poke|p2|Rotom-Heat|\n|poke|p2|Enamorus, F|\n|poke|p2|Sandy Shocks|\n|teampreview\n|j| DomNeedsHelp\n|j| CTE World\n|j| acetrainerluck\n|\n|t:|1698978763\n|start\n|switch|p1a: Toxtricity|Toxtricity, F|100\/100\n|switch|p2a: nyquil|Iron Jugulis|100\/100\n|turn|1\n|j| GymLeader Avery\n|j| mindyourmoney\n|\n|t:|1698978773\n|move|p2a: nyquil|Earth Power|p1a: Toxtricity\n|-supereffective|p1a: Toxtricity\n|-damage|p1a: Toxtricity|0 fnt\n|faint|p1a: Toxtricity\n|\n|upkeep\n|\n|t:|1698978792\n|switch|p1a: Azumarill|Azumarill, F|100\/100\n|turn|2\n|\n|t:|1698978798\n|-end|p2a: nyquil|Quark Drive|[silent]\n|switch|p2a: ice soup|Slowbro, M, shiny|100\/100\n|move|p1a: Azumarill|Play Rough|p2a: ice soup|[miss]\n|-miss|p1a: Azumarill|p2a: ice soup\n|\n|upkeep\n|turn|3\n|\n|t:|1698978811\n|move|p1a: Azumarill|Play Rough|p2a: ice soup\n|-damage|p2a: ice soup|66\/100\n|-damage|p1a: Azumarill|84\/100|[from] item: Rocky Helmet|[of] p2a: ice soup\n|move|p2a: ice soup|Iron Defense|p2a: ice soup\n|-boost|p2a: ice soup|def|2\n|\n|upkeep\n|turn|4\n|\n|t:|1698978838\n|switch|p1a: Hippowdon|Hippowdon, F|100\/100\n|move|p2a: ice soup|Body Press|p1a: Hippowdon\n|-damage|p1a: Hippowdon|73\/100\n|-damage|p2a: ice soup|50\/100|[from] item: Rocky Helmet|[of] p1a: Hippowdon\n|\n|upkeep\n|turn|5\n|j| KevinF_VGC\n|\n|t:|1698978849\n|move|p2a: ice soup|Slack Off|p2a: ice soup\n|-heal|p2a: ice soup|99\/100\n|move|p1a: Hippowdon|Whirlwind|p2a: ice soup\n|drag|p2a: 1000 degree knife|Sandy Shocks|100\/100\n|\n|upkeep\n|turn|6\n|\n|t:|1698978861\n|move|p2a: 1000 degree knife|Earth Power|p1a: Hippowdon\n|-damage|p1a: Hippowdon|0 fnt\n|faint|p1a: Hippowdon\n|\n|upkeep\n|\n|t:|1698978889\n|switch|p1a: Rotom|Rotom-Frost|100\/100\n|turn|7\n|\n|t:|1698978918\n|-end|p2a: 1000 degree knife|Protosynthesis|[silent]\n|switch|p2a: ice soup|Slowbro, M, shiny|100\/100\n|move|p1a: Rotom|Nasty Plot|p1a: Rotom\n|-boost|p1a: Rotom|spa|2\n|\n|upkeep\n|turn|8\n|\n|t:|1698978927\n|-terastallize|p2a: ice soup|Fairy\n|move|p1a: Rotom|Thunderbolt|p2a: ice soup\n|-damage|p2a: ice soup|13\/100\n|-status|p2a: ice soup|par\n|move|p2a: ice soup|Body Press|p1a: Rotom\n|-supereffective|p1a: Rotom\n|-damage|p1a: Rotom|21\/100\n|\n|upkeep\n|turn|9\n|\n|t:|1698978939\n|switch|p2a: 1000 degree knife|Sandy Shocks|100\/100\n|move|p1a: Rotom|Blizzard|p2a: 1000 degree knife|[miss]\n|-miss|p1a: Rotom|p2a: 1000 degree knife\n|\n|upkeep\n|turn|10\n|c|\u2606muffinATEthat|jesus\n|\n|t:|1698978952\n|move|p2a: 1000 degree knife|Volt Switch|p1a: Rotom\n|-resisted|p1a: Rotom\n|-damage|p1a: Rotom|0 fnt\n|faint|p1a: Rotom\n|c| CTE World|rotom LOSt n'gga\n|\n|t:|1698978959\n|-end|p2a: 1000 degree knife|Protosynthesis|[silent]\n|switch|p2a: everything bagel|Breloom, M, shiny|100\/100|[from] Volt Switch\n|\n|upkeep\n|c|\u2606muffinATEthat|rotom COST u a kill fr\n|\n|t:|1698978986\n|switch|p1a: Blissey|Blissey, F|100\/100\n|turn|11\n|\n|t:|1698978994\n|move|p2a: everything bagel|Bullet Seed|p1a: Blissey\n|-damage|p1a: Blissey|69\/100\n|-crit|p1a: Blissey\n|-damage|p1a: Blissey|23\/100\n|-damage|p1a: Blissey|0 fnt\n|faint|p1a: Blissey\n|-hitcount|p1: Blissey|3\n|\n|upkeep\n|\n|t:|1698979002\n|switch|p1a: Roaring Moon|Roaring Moon|100\/100\n|-enditem|p1a: Roaring Moon|Booster Energy\n|-activate|p1a: Roaring Moon|ability: Protosynthesis|[fromitem]\n|-start|p1a: Roaring Moon|protosynthesisatk\n|turn|12\n|\n|t:|1698979021\n|switch|p2a: ice soup|Slowbro, M, shiny, tera:Fairy|47\/100 par\n|move|p1a: Roaring Moon|Iron Head|p2a: ice soup\n|-supereffective|p2a: ice soup\n|-damage|p2a: ice soup|3\/100 par\n|-damage|p1a: Roaring Moon|84\/100|[from] item: Rocky Helmet|[of] p2a: ice soup\n|\n|upkeep\n|turn|13\n|j| Act Cadenza\n|\n|t:|1698979033\n|move|p1a: Roaring Moon|Knock Off|p2a: ice soup\n|-resisted|p2a: ice soup\n|-damage|p2a: ice soup|0 fnt\n|-damage|p1a: Roaring Moon|67\/100|[from] item: Rocky Helmet|[of] p2a: ice soup\n|-enditem|p2a: ice soup|Rocky Helmet|[from] move: Knock Off|[of] p1a: Roaring Moon\n|faint|p2a: ice soup\n|\n|upkeep\n|\n|t:|1698979045\n|switch|p2a: big hungry ass \ud83d\ude2d|Enamorus, F, shiny|100\/100\n|turn|14\n|\n|t:|1698979057\n|-end|p1a: Roaring Moon|Protosynthesis|[silent]\n|switch|p1a: Azumarill|Azumarill, F|84\/100\n|move|p2a: big hungry ass \ud83d\ude2d|Moonblast|p1a: Azumarill\n|-damage|p1a: Azumarill|29\/100\n|-enditem|p1a: Azumarill|Sitrus Berry|[eat]\n|-heal|p1a: Azumarill|54\/100|[from] item: Sitrus Berry\n|\n|upkeep\n|turn|15\n|\n|t:|1698979067\n|move|p2a: big hungry ass \ud83d\ude2d|Moonblast|p1a: Azumarill\n|-damage|p1a: Azumarill|2\/100\n|-unboost|p1a: Azumarill|spa|1\n|move|p1a: Azumarill|Liquidation|p2a: big hungry ass \ud83d\ude2d\n|-damage|p2a: big hungry ass \ud83d\ude2d|22\/100\n|-unboost|p2a: big hungry ass \ud83d\ude2d|def|1\n|\n|upkeep\n|turn|16\n|\n|t:|1698979081\n|move|p1a: Azumarill|Aqua Jet|p2a: big hungry ass \ud83d\ude2d\n|-damage|p2a: big hungry ass \ud83d\ude2d|0 fnt\n|faint|p2a: big hungry ass \ud83d\ude2d\n|\n|upkeep\n|\n|t:|1698979085\n|switch|p2a: everything bagel|Breloom, M, shiny|100\/100\n|turn|17\n|\n|t:|1698979088\n|move|p2a: everything bagel|Mach Punch|p1a: Azumarill\n|-resisted|p1a: Azumarill\n|-damage|p1a: Azumarill|0 fnt\n|faint|p1a: Azumarill\n|\n|upkeep\n|\n|t:|1698979092\n|switch|p1a: Roaring Moon|Roaring Moon|67\/100\n|turn|18\n|\n|t:|1698979097\n|move|p2a: everything bagel|Mach Punch|p1a: Roaring Moon\n|-supereffective|p1a: Roaring Moon\n|-damage|p1a: Roaring Moon|0 fnt\n|faint|p1a: Roaring Moon\n|-end|p1a: Roaring Moon|Protosynthesis|[silent]\n|\n|win|muffinATEthat\n|c|\u2606Zeddby|ggs\n|c|\u2606muffinATEthat|ggs zedd\n|c|\u2606muffinATEthat|<3\n","uploadtime":1698979106,"views":11,"p1id":"zeddby","p2id":"muffinatethat","formatid":"gen9ubers","rating":0,"private":0,"password":""}