{"id":"gen9ubers-1969649660","p1":"disgustingboymoder","p2":"bfoto","format":"[Gen 9] Ubers","log":"|j|\u2606disgustingboymoder\n|j|\u2606bfoto\n|t:|1697554826\n|gametype|singles\n|player|p1|disgustingboymoder|kieran|1323\n|player|p2|bfoto|170|1246\n|teamsize|p1|6\n|teamsize|p2|6\n|gen|9\n|tier|[Gen 9] Ubers\n|rated|\n|rule|Sleep Clause Mod: Limit one foe put to sleep\n|rule|Species Clause: Limit one of each Pok\u00e9mon\n|rule|OHKO Clause: OHKO moves are banned\n|rule|Evasion Items Clause: Evasion items are banned\n|rule|Evasion Moves Clause: Evasion moves are banned\n|rule|Endless Battle Clause: Forcing endless battles is banned\n|rule|HP Percentage Mod: HP is shown in percentages\n|clearpoke\n|poke|p1|Zacian-*|\n|poke|p1|Kyogre|\n|poke|p1|Koraidon|\n|poke|p1|Flutter Mane|\n|poke|p1|Iron Treads|\n|poke|p1|Arceus|\n|poke|p2|Miraidon|\n|poke|p2|Kyogre|\n|poke|p2|Eternatus|\n|poke|p2|Zacian-*|\n|poke|p2|Ditto|\n|poke|p2|Calyrex-Ice|\n|teampreview\n|\n|t:|1697554837\n|start\n|switch|p1a: reincel_9|Flutter Mane|100\/100\n|switch|p2a: Ditto|Ditto|100\/100\n|-transform|p2a: Ditto|p1a: reincel_9|[from] ability: Imposter\n|turn|1\n|\n|t:|1697554847\n|-end|p1a: reincel_9|Protosynthesis|[silent]\n|switch|p1a: I HATE STICKY WEB|Iron Treads|100\/100\n|move|p2a: Ditto|Shadow Ball|p1a: I HATE STICKY WEB\n|-damage|p1a: I HATE STICKY WEB|62\/100\n|\n|-heal|p1a: I HATE STICKY WEB|68\/100|[from] item: Leftovers\n|upkeep\n|turn|2\n|\n|t:|1697554855\n|-end|p2a: Ditto|Protosynthesis|[silent]\n|switch|p2a: Calyrex|Calyrex-Ice|100\/100\n|-ability|p2a: Calyrex|As One\n|-ability|p2a: Calyrex|Unnerve\n|move|p1a: I HATE STICKY WEB|Iron Head|p2a: Calyrex\n|-supereffective|p2a: Calyrex\n|-damage|p2a: Calyrex|67\/100\n|\n|-heal|p1a: I HATE STICKY WEB|74\/100|[from] item: Leftovers\n|upkeep\n|turn|3\n|\n|t:|1697554863\n|-end|p1a: I HATE STICKY WEB|Quark Drive|[silent]\n|switch|p1a: fujoshi fish|Kyogre|100\/100\n|-weather|RainDance|[from] ability: Drizzle|[of] p1a: fujoshi fish\n|move|p2a: Calyrex|Trick Room|p2a: Calyrex\n|-fieldstart|move: Trick Room|[of] p2a: Calyrex\n|\n|-weather|RainDance|[upkeep]\n|upkeep\n|turn|4\n|\n|t:|1697554867\n|move|p2a: Calyrex|Giga Drain|p1a: fujoshi fish\n|-supereffective|p1a: fujoshi fish\n|-damage|p1a: fujoshi fish|79\/100\n|-heal|p2a: Calyrex|78\/100|[from] drain|[of] p1a: fujoshi fish\n|move|p1a: fujoshi fish|Origin Pulse|p2a: Calyrex\n|-damage|p2a: Calyrex|0 fnt\n|faint|p2a: Calyrex\n|\n|-weather|RainDance|[upkeep]\n|upkeep\n|c|\u2606disgustingboymoder|get out\n|\n|t:|1697554878\n|switch|p2a: Miraidon|Miraidon|100\/100\n|-fieldstart|move: Electric Terrain|[from] ability: Hadron Engine|[of] p2a: Miraidon\n|turn|5\n|c|\u2606disgustingboymoder|giga drain calyrex\n|c|\u2606disgustingboymoder|mfw\n|\n|t:|1697554899\n|switch|p1a: reincel_9|Flutter Mane|100\/100\n|move|p2a: Miraidon|Volt Switch|p1a: reincel_9\n|-damage|p1a: reincel_9|37\/100\n|\n|t:|1697554905\n|switch|p2a: Eternatus|Eternatus, shiny|100\/100|[from] Volt Switch\n|-ability|p2a: Eternatus|Pressure\n|\n|-weather|RainDance|[upkeep]\n|upkeep\n|turn|6\n|\n|t:|1697554921\n|move|p2a: Eternatus|Shadow Ball|p1a: reincel_9\n|-supereffective|p1a: reincel_9\n|-damage|p1a: reincel_9|0 fnt\n|faint|p1a: reincel_9\n|-end|p1a: reincel_9|Protosynthesis|[silent]\n|\n|-weather|RainDance|[upkeep]\n|upkeep\n|\n|t:|1697554929\n|switch|p1a: Arceus|Arceus|100\/100\n|turn|7\n|\n|t:|1697554938\n|switch|p2a: Zacian|Zacian-Crowned, shiny|100\/100\n|-ability|p2a: Zacian|Intrepid Sword|boost\n|-boost|p2a: Zacian|atk|1\n|move|p1a: Arceus|Swords Dance|p1a: Arceus\n|-boost|p1a: Arceus|atk|2\n|\n|-weather|none\n|-fieldend|move: Trick Room\n|upkeep\n|turn|8\n|\n|t:|1697554953\n|-terastallize|p2a: Zacian|Fairy\n|move|p2a: Zacian|Close Combat|p1a: Arceus\n|-supereffective|p1a: Arceus\n|-damage|p1a: Arceus|0 fnt\n|-unboost|p2a: Zacian|def|1\n|-unboost|p2a: Zacian|spd|1\n|faint|p1a: Arceus\n|\n|upkeep\n|c|\u2606disgustingboymoder|oughhh 12 percent chance\n|\n|t:|1697554970\n|switch|p1a: slater|Koraidon|100\/100\n|-weather|SunnyDay|[from] ability: Orichalcum Pulse|[of] p1a: slater\n|-activate|p1a: slater|Orichalcum Pulse|[source]\n|turn|9\n|\n|t:|1697554973\n|move|p1a: slater|Flare Blitz|p2a: Zacian\n|-damage|p2a: Zacian|0 fnt\n|faint|p2a: Zacian\n|-damage|p1a: slater|69\/100|[from] Recoil\n|\n|-weather|SunnyDay|[upkeep]\n|-fieldend|move: Electric Terrain\n|upkeep\n|\n|t:|1697554990\n|switch|p2a: Ditto|Ditto|100\/100\n|-transform|p2a: Ditto|p1a: slater|[from] ability: Imposter\n|-activate|p2a: Ditto|ability: Orichalcum Pulse\n|turn|10\n|\n|t:|1697554995\n|switch|p1a: i like feet|Zacian-Crowned|100\/100\n|-ability|p1a: i like feet|Intrepid Sword|boost\n|-boost|p1a: i like feet|atk|1\n|move|p2a: Ditto|Dragon Claw|p1a: i like feet\n|-immune|p1a: i like feet\n|\n|-weather|SunnyDay|[upkeep]\n|upkeep\n|turn|11\n|\n|t:|1697555007\n|switch|p2a: Eternatus|Eternatus, shiny|100\/100\n|-ability|p2a: Eternatus|Pressure\n|move|p1a: i like feet|Play Rough|p2a: Eternatus\n|-damage|p2a: Eternatus|29\/100\n|-unboost|p2a: Eternatus|atk|1\n|\n|-weather|SunnyDay|[upkeep]\n|-heal|p2a: Eternatus|35\/100|[from] item: Black Sludge\n|upkeep\n|turn|12\n|\n|t:|1697555009\n|move|p1a: i like feet|Play Rough|p2a: Eternatus\n|-crit|p2a: Eternatus\n|-damage|p2a: Eternatus|0 fnt\n|faint|p2a: Eternatus\n|\n|-weather|SunnyDay|[upkeep]\n|upkeep\n|\n|t:|1697555012\n|switch|p2a: Ditto|Ditto|100\/100\n|-transform|p2a: Ditto|p1a: i like feet|[from] ability: Imposter\n|-ability|p2a: Ditto|Intrepid Sword|boost\n|-boost|p2a: Ditto|atk|1\n|turn|13\n|inactive|Battle timer is ON: inactive players will automatically lose when time's up. (requested by bfoto)\n|\n|t:|1697555053\n|switch|p1a: I HATE STICKY WEB|Iron Treads|74\/100\n|move|p2a: Ditto|Behemoth Blade|p1a: I HATE STICKY WEB\n|-resisted|p1a: I HATE STICKY WEB\n|-damage|p1a: I HATE STICKY WEB|32\/100\n|\n|-weather|none\n|-heal|p1a: I HATE STICKY WEB|38\/100|[from] item: Leftovers\n|upkeep\n|turn|14\n|\n|t:|1697555060\n|switch|p2a: Miraidon|Miraidon|100\/100\n|-fieldstart|move: Electric Terrain|[from] ability: Hadron Engine|[of] p2a: Miraidon\n|-activate|p1a: I HATE STICKY WEB|ability: Quark Drive\n|-start|p1a: I HATE STICKY WEB|quarkdrivedef\n|move|p1a: I HATE STICKY WEB|Earthquake|p2a: Miraidon\n|-supereffective|p2a: Miraidon\n|-damage|p2a: Miraidon|28\/100\n|\n|-heal|p2a: Miraidon|34\/100|[from] item: Leftovers\n|-heal|p1a: I HATE STICKY WEB|44\/100|[from] item: Leftovers\n|upkeep\n|turn|15\n|\n|t:|1697555066\n|move|p2a: Miraidon|Draco Meteor|p1a: I HATE STICKY WEB\n|-resisted|p1a: I HATE STICKY WEB\n|-damage|p1a: I HATE STICKY WEB|7\/100\n|-unboost|p2a: Miraidon|spa|2\n|move|p1a: I HATE STICKY WEB|Earthquake|p2a: Miraidon\n|-supereffective|p2a: Miraidon\n|-damage|p2a: Miraidon|0 fnt\n|faint|p2a: Miraidon\n|\n|-heal|p1a: I HATE STICKY WEB|13\/100|[from] item: Leftovers\n|upkeep\n|\n|t:|1697555069\n|switch|p2a: Ditto|Ditto|100\/100\n|-transform|p2a: Ditto|p1a: I HATE STICKY WEB|[from] ability: Imposter\n|turn|16\n|\n|t:|1697555074\n|-end|p2a: Ditto|Quark Drive|[silent]\n|switch|p2a: Kyogre|Kyogre, shiny|100\/100\n|-weather|RainDance|[from] ability: Drizzle|[of] p2a: Kyogre\n|move|p1a: I HATE STICKY WEB|Earthquake|p2a: Kyogre\n|-damage|p2a: Kyogre|68\/100\n|\n|-weather|RainDance|[upkeep]\n|-heal|p1a: I HATE STICKY WEB|19\/100|[from] item: Leftovers\n|upkeep\n|turn|17\n|\n|t:|1697555077\n|move|p2a: Kyogre|Origin Pulse|p1a: I HATE STICKY WEB\n|-supereffective|p1a: I HATE STICKY WEB\n|-damage|p1a: I HATE STICKY WEB|0 fnt\n|faint|p1a: I HATE STICKY WEB\n|-end|p1a: I HATE STICKY WEB|Quark Drive|[silent]\n|\n|-weather|RainDance|[upkeep]\n|upkeep\n|\n|t:|1697555081\n|switch|p1a: slater|Koraidon|69\/100\n|-weather|SunnyDay|[from] ability: Orichalcum Pulse|[of] p1a: slater\n|-activate|p1a: slater|Orichalcum Pulse|[source]\n|turn|18\n|\n|t:|1697555084\n|move|p1a: slater|Low Kick|p2a: Kyogre\n|-damage|p2a: Kyogre|0 fnt\n|faint|p2a: Kyogre\n|\n|-weather|SunnyDay|[upkeep]\n|-fieldend|move: Electric Terrain\n|upkeep\n|\n|t:|1697555087\n|switch|p2a: Ditto|Ditto|100\/100\n|-transform|p2a: Ditto|p1a: slater|[from] ability: Imposter\n|-activate|p2a: Ditto|ability: Orichalcum Pulse\n|turn|19\n|\n|t:|1697555092\n|move|p2a: Ditto|Dragon Claw|p1a: slater\n|-supereffective|p1a: slater\n|-damage|p1a: slater|0 fnt\n|faint|p1a: slater\n|\n|-weather|SunnyDay|[upkeep]\n|upkeep\n|\n|t:|1697555095\n|switch|p1a: i like feet|Zacian-Crowned|100\/100\n|turn|20\n|c|\u2606disgustingboymoder|forfeit\n|inactive|bfoto has 120 seconds left.\n|inactive|bfoto has 90 seconds left.\n|inactive|bfoto has 60 seconds left.\n|l|\u2606bfoto\n|inactive|bfoto disconnected and has a minute to reconnect!\n|player|p2|\n|inactive|bfoto has 30 seconds left.\n|inactive|bfoto has 20 seconds left.\n|inactive|bfoto has 15 seconds left.\n|inactive|bfoto has 10 seconds left.\n|inactive|bfoto has 5 seconds left.\n|-message|bfoto lost due to inactivity.\n|\n|win|disgustingboymoder\n|raw|disgustingboymoder's rating: 1323 &rarr; <strong>1339<\/strong><br \/>(+16 for winning)\n|raw|bfoto's rating: 1246 &rarr; <strong>1226<\/strong><br \/>(-20 for losing)\n","uploadtime":1697555251,"views":14,"p1id":"disgustingboymoder","p2id":"bfoto","formatid":"gen9ubers","rating":1226,"private":0,"password":""}