{"id":"gen9ubers-1973846205","p1":"EsquiloN1nja","p2":"Blake-Mamba","format":"[Gen 9] Ubers","log":"|j|\u2606EsquiloN1nja\n|j|\u2606Blake-Mamba\n|t:|1698019938\n|gametype|singles\n|player|p1|EsquiloN1nja|blackbelt-gen4dp|1224\n|player|p2|Blake-Mamba|juan|1224\n|teamsize|p1|6\n|teamsize|p2|6\n|gen|9\n|tier|[Gen 9] Ubers\n|rated|\n|rule|Sleep Clause Mod: Limit one foe put to sleep\n|rule|Species Clause: Limit one of each Pok\u00e9mon\n|rule|OHKO Clause: OHKO moves are banned\n|rule|Evasion Items Clause: Evasion items are banned\n|rule|Evasion Moves Clause: Evasion moves are banned\n|rule|Endless Battle Clause: Forcing endless battles is banned\n|rule|HP Percentage Mod: HP is shown in percentages\n|clearpoke\n|poke|p1|Arceus|\n|poke|p1|Zacian-*|\n|poke|p1|Ogerpon-Hearthflame, F|\n|poke|p1|Espathra, F|\n|poke|p1|Giratina|\n|poke|p1|Koraidon|\n|poke|p2|Ogerpon-Hearthflame, F|\n|poke|p2|Vikavolt, M|\n|poke|p2|Kommo-o, M|\n|poke|p2|Ursaluna-Bloodmoon, M|\n|poke|p2|Yanmega, F|\n|poke|p2|Chandelure, F|\n|teampreview\n|inactive|Battle timer is ON: inactive players will automatically lose when time's up. (requested by EsquiloN1nja)\n|\n|t:|1698019961\n|start\n|switch|p1a: Giratina|Giratina|100\/100\n|switch|p2a: Vikavolt|Vikavolt, M|100\/100\n|-ability|p1a: Giratina|Pressure\n|turn|1\n|\n|t:|1698019969\n|move|p1a: Giratina|Will-O-Wisp|p2a: Vikavolt\n|-status|p2a: Vikavolt|brn\n|move|p2a: Vikavolt|Sticky Web|p1a: Giratina\n|-sidestart|p1: EsquiloN1nja|move: Sticky Web\n|\n|-damage|p2a: Vikavolt|94\/100 brn|[from] brn\n|upkeep\n|turn|2\n|\n|t:|1698019976\n|switch|p2a: Chandelure|Chandelure, F|100\/100\n|move|p1a: Giratina|Hex|p2a: Chandelure\n|-supereffective|p2a: Chandelure\n|-damage|p2a: Chandelure|38\/100\n|\n|upkeep\n|turn|3\n|\n|t:|1698019985\n|move|p2a: Chandelure|Shadow Ball|p1a: Giratina\n|-supereffective|p1a: Giratina\n|-crit|p1a: Giratina\n|-damage|p1a: Giratina|35\/100\n|move|p1a: Giratina|Dragon Tail|p2a: Chandelure|[miss]\n|-miss|p1a: Giratina|p2a: Chandelure\n|\n|-heal|p1a: Giratina|41\/100|[from] item: Leftovers\n|upkeep\n|turn|4\n|\n|t:|1698019995\n|switch|p1a: Arceus|Arceus|100\/100\n|-activate|p1a: Arceus|move: Sticky Web\n|-unboost|p1a: Arceus|spe|1\n|move|p2a: Chandelure|Shadow Ball|p1a: Arceus\n|-immune|p1a: Arceus\n|\n|upkeep\n|turn|5\n|\n|t:|1698020007\n|switch|p2a: Vikavolt|Vikavolt, M|94\/100 brn\n|move|p1a: Arceus|Shadow Claw|p2a: Vikavolt\n|-damage|p2a: Vikavolt|70\/100 brn\n|\n|-damage|p2a: Vikavolt|64\/100 brn|[from] brn\n|upkeep\n|turn|6\n|-activate|p2a: Vikavolt|item: Quick Claw\n|\n|t:|1698020019\n|move|p2a: Vikavolt|Thunder|p1a: Arceus\n|-damage|p1a: Arceus|45\/100\n|move|p1a: Arceus|Swords Dance|p1a: Arceus\n|-boost|p1a: Arceus|atk|2\n|\n|-heal|p1a: Arceus|51\/100|[from] item: Leftovers\n|-damage|p2a: Vikavolt|58\/100 brn|[from] brn\n|upkeep\n|turn|7\n|\n|t:|1698020030\n|switch|p2a: Chandelure|Chandelure, F|38\/100\n|move|p1a: Arceus|Extreme Speed|p2a: Chandelure\n|-immune|p2a: Chandelure\n|\n|-heal|p1a: Arceus|57\/100|[from] item: Leftovers\n|upkeep\n|turn|8\n|\n|t:|1698020039\n|move|p2a: Chandelure|Overheat|p1a: Arceus\n|-damage|p1a: Arceus|0 fnt\n|-unboost|p2a: Chandelure|spa|2\n|faint|p1a: Arceus\n|\n|upkeep\n|\n|t:|1698020044\n|switch|p1a: Giratina|Giratina|41\/100\n|-activate|p1a: Giratina|move: Sticky Web\n|-unboost|p1a: Giratina|spe|1\n|-ability|p1a: Giratina|Pressure\n|turn|9\n|\n|t:|1698020053\n|switch|p2a: Yanmega|Yanmega, F, shiny|100\/100\n|move|p1a: Giratina|Defog|p2a: Yanmega\n|-unboost|p2a: Yanmega|evasion|1\n|-sideend|p1: EsquiloN1nja|Sticky Web|[from] move: Defog|[of] p1a: Giratina\n|\n|-heal|p1a: Giratina|47\/100|[from] item: Leftovers\n|upkeep\n|turn|10\n|\n|t:|1698020064\n|move|p2a: Yanmega|Ancient Power|p1a: Giratina\n|-damage|p1a: Giratina|38\/100\n|move|p1a: Giratina|Dragon Tail|p2a: Yanmega\n|-damage|p2a: Yanmega|79\/100\n|drag|p2a: Vikavolt|Vikavolt, M|58\/100 brn\n|\n|-heal|p1a: Giratina|44\/100|[from] item: Leftovers\n|-damage|p2a: Vikavolt|52\/100 brn|[from] brn\n|upkeep\n|turn|11\n|\n|t:|1698020079\n|switch|p1a: Koraidon|Koraidon|100\/100\n|-weather|SunnyDay|[from] ability: Orichalcum Pulse|[of] p1a: Koraidon\n|-activate|p1a: Koraidon|Orichalcum Pulse|[source]\n|move|p2a: Vikavolt|Sticky Web|p1a: Koraidon\n|-sidestart|p1: EsquiloN1nja|move: Sticky Web\n|\n|-weather|SunnyDay|[upkeep]\n|-damage|p2a: Vikavolt|46\/100 brn|[from] brn\n|upkeep\n|turn|12\n|\n|t:|1698020088\n|switch|p2a: Chandelure|Chandelure, F|38\/100\n|move|p1a: Koraidon|Swords Dance|p1a: Koraidon\n|-boost|p1a: Koraidon|atk|2\n|\n|-weather|SunnyDay|[upkeep]\n|upkeep\n|turn|13\n|\n|t:|1698020097\n|move|p1a: Koraidon|Scale Shot|p2a: Chandelure\n|-damage|p2a: Chandelure|0 fnt\n|faint|p2a: Chandelure\n|-hitcount|p2: Chandelure|1\n|-unboost|p1a: Koraidon|def|1\n|-boost|p1a: Koraidon|spe|1\n|\n|-weather|SunnyDay|[upkeep]\n|upkeep\n|\n|t:|1698020105\n|switch|p2a: Kommo-o|Kommo-o, M|100\/100\n|turn|14\n|\n|t:|1698020111\n|-terastallize|p2a: Kommo-o|Steel\n|move|p1a: Koraidon|Scale Shot|p2a: Kommo-o|[miss]\n|-miss|p1a: Koraidon|p2a: Kommo-o\n|move|p2a: Kommo-o|Outrage|p1a: Koraidon\n|-supereffective|p1a: Koraidon\n|-damage|p1a: Koraidon|0 fnt\n|faint|p1a: Koraidon\n|\n|-weather|SunnyDay|[upkeep]\n|upkeep\n|\n|t:|1698020124\n|switch|p1a: Zacian|Zacian-Crowned|100\/100\n|-activate|p1a: Zacian|move: Sticky Web\n|-unboost|p1a: Zacian|spe|1\n|-ability|p1a: Zacian|Intrepid Sword|boost\n|-boost|p1a: Zacian|atk|1\n|turn|15\n|\n|t:|1698020130\n|move|p1a: Zacian|Close Combat|p2a: Kommo-o\n|-supereffective|p2a: Kommo-o\n|-damage|p2a: Kommo-o|0 fnt\n|-unboost|p1a: Zacian|def|1\n|-unboost|p1a: Zacian|spd|1\n|faint|p2a: Kommo-o\n|\n|-weather|none\n|upkeep\n|\n|t:|1698020138\n|switch|p2a: Ogerpon|Ogerpon-Hearthflame, F|100\/100\n|-ability|p2a: Ogerpon|Mold Breaker\n|turn|16\n|\n|t:|1698020160\n|move|p2a: Ogerpon|Ivy Cudgel|p1a: Zacian\n|-supereffective|p1a: Zacian\n|-damage|p1a: Zacian|0 fnt\n|faint|p1a: Zacian\n|\n|upkeep\n|\n|t:|1698020166\n|switch|p1a: Giratina|Giratina|44\/100\n|-activate|p1a: Giratina|move: Sticky Web\n|-unboost|p1a: Giratina|spe|1\n|-ability|p1a: Giratina|Pressure\n|turn|17\n|\n|t:|1698020173\n|move|p2a: Ogerpon|Play Rough|p1a: Giratina\n|-supereffective|p1a: Giratina\n|-damage|p1a: Giratina|0 fnt\n|faint|p1a: Giratina\n|\n|upkeep\n|\n|t:|1698020183\n|switch|p1a: Espathra|Espathra, F|100\/100\n|turn|18\n|\n|t:|1698020194\n|switch|p2a: Yanmega|Yanmega, F, shiny|79\/100\n|move|p1a: Espathra|Protect||[still]\n|-fail|p1a: Espathra\n|\n|-ability|p1a: Espathra|Speed Boost|boost\n|-boost|p1a: Espathra|spe|1\n|upkeep\n|turn|19\n|\n|t:|1698020203\n|move|p1a: Espathra|Lumina Crash|p2a: Yanmega\n|-damage|p2a: Yanmega|47\/100\n|-unboost|p2a: Yanmega|spd|2\n|move|p2a: Yanmega|Bug Buzz|p1a: Espathra\n|-supereffective|p1a: Espathra\n|-damage|p1a: Espathra|0 fnt\n|faint|p1a: Espathra\n|\n|-ability|p2a: Yanmega|Speed Boost|boost\n|-boost|p2a: Yanmega|spe|1\n|upkeep\n|\n|t:|1698020210\n|switch|p1a: Ogerpon|Ogerpon-Hearthflame, F|100\/100\n|-activate|p1a: Ogerpon|move: Sticky Web\n|-unboost|p1a: Ogerpon|spe|1\n|-ability|p1a: Ogerpon|Mold Breaker\n|turn|20\n|\n|t:|1698020220\n|-terastallize|p1a: Ogerpon|Fire\n|detailschange|p1a: Ogerpon|Ogerpon-Hearthflame-Tera, F, tera:Fire\n|-ability|p1a: Ogerpon|Embody Aspect (Hearthflame)|boost\n|-boost|p1a: Ogerpon|atk|1\n|move|p2a: Yanmega|Ancient Power|p1a: Ogerpon\n|-supereffective|p1a: Ogerpon\n|-damage|p1a: Ogerpon|53\/100\n|move|p1a: Ogerpon|Trailblaze|p2a: Yanmega\n|-resisted|p2a: Yanmega\n|-damage|p2a: Yanmega|36\/100\n|-boost|p1a: Ogerpon|spe|1\n|\n|-ability|p2a: Yanmega|Speed Boost|boost\n|-boost|p2a: Yanmega|spe|1\n|upkeep\n|turn|21\n|\n|t:|1698020237\n|move|p2a: Yanmega|Air Slash|p1a: Ogerpon\n|-damage|p1a: Ogerpon|6\/100\n|move|p1a: Ogerpon|Ivy Cudgel|p2a: Yanmega\n|-supereffective|p2a: Yanmega\n|-damage|p2a: Yanmega|0 fnt\n|faint|p2a: Yanmega\n|\n|upkeep\n|\n|t:|1698020245\n|switch|p2a: Vikavolt|Vikavolt, M|46\/100 brn\n|turn|22\n|\n|t:|1698020248\n|move|p1a: Ogerpon|Ivy Cudgel|p2a: Vikavolt\n|-supereffective|p2a: Vikavolt\n|-damage|p2a: Vikavolt|0 fnt\n|faint|p2a: Vikavolt\n|\n|upkeep\n|\n|t:|1698020253\n|switch|p2a: Ogerpon|Ogerpon-Hearthflame, F|100\/100\n|-ability|p2a: Ogerpon|Mold Breaker\n|turn|23\n|\n|t:|1698020258\n|move|p1a: Ogerpon|Ivy Cudgel|p2a: Ogerpon\n|-crit|p2a: Ogerpon\n|-damage|p2a: Ogerpon|0 fnt\n|faint|p2a: Ogerpon\n|\n|upkeep\n|\n|t:|1698020264\n|switch|p2a: Ursaluna|Ursaluna-Bloodmoon, M|100\/100\n|turn|24\n|\n|t:|1698020268\n|move|p1a: Ogerpon|Horn Leech|p2a: Ursaluna\n|-supereffective|p2a: Ursaluna\n|-damage|p2a: Ursaluna|9\/100\n|-heal|p1a: Ogerpon|70\/100|[from] drain|[of] p2a: Ursaluna\n|move|p2a: Ursaluna|Earth Power|p1a: Ogerpon\n|-supereffective|p1a: Ogerpon\n|-damage|p1a: Ogerpon|0 fnt\n|faint|p1a: Ogerpon\n|\n|win|Blake-Mamba\n|raw|EsquiloN1nja's rating: 1224 &rarr; <strong>1199<\/strong><br \/>(-25 for losing)\n|raw|Blake-Mamba's rating: 1224 &rarr; <strong>1249<\/strong><br \/>(+25 for winning)\n|c|\u2606Blake-Mamba|Gg\n|c|\u2606EsquiloN1nja|gg\n","uploadtime":1698020295,"views":11,"p1id":"esquilon1nja","p2id":"blakemamba","formatid":"gen9ubers","rating":1199,"private":0,"password":""}