{"id":"gen9ubers-1982895103","p1":"lolgz","p2":"TubeKnight","format":"[Gen 9] Ubers","log":"|j|\u2606lolgz\n|j|\u2606TubeKnight\n|t:|1699055914\n|gametype|singles\n|player|p1|lolgz|265|\n|player|p2|TubeKnight|2|\n|teamsize|p1|6\n|teamsize|p2|6\n|gen|9\n|tier|[Gen 9] Ubers\n|rule|Sleep Clause Mod: Limit one foe put to sleep\n|rule|Species Clause: Limit one of each Pok\u00e9mon\n|rule|OHKO Clause: OHKO moves are banned\n|rule|Evasion Items Clause: Evasion items are banned\n|rule|Evasion Moves Clause: Evasion moves are banned\n|rule|Endless Battle Clause: Forcing endless battles is banned\n|rule|HP Percentage Mod: HP is shown in percentages\n|clearpoke\n|poke|p1|Magearna|\n|poke|p1|Zacian-*|\n|poke|p1|Cyclizar, M|\n|poke|p1|Roaring Moon|\n|poke|p1|Dialga|\n|poke|p1|Volcarona, F|\n|poke|p2|Torkoal, M|\n|poke|p2|Chi-Yu|\n|poke|p2|Walking Wake|\n|poke|p2|Lilligant-Hisui, F|\n|poke|p2|Mandibuzz, F|\n|poke|p2|Zacian-*|\n|teampreview\n|inactive|Battle timer is ON: inactive players will automatically lose when time's up. (requested by lolgz)\n|\n|t:|1699055928\n|start\n|switch|p1a: Roaring Moon|Roaring Moon|100\/100\n|switch|p2a: Ze Dog|Zacian, shiny|100\/100\n|-ability|p2a: Ze Dog|Intrepid Sword|boost\n|-boost|p2a: Ze Dog|atk|1\n|-enditem|p1a: Roaring Moon|Booster Energy\n|-activate|p1a: Roaring Moon|ability: Protosynthesis|[fromitem]\n|-start|p1a: Roaring Moon|protosynthesisatk\n|turn|1\n|inactive|TubeKnight has 270 seconds left.\n|c|\u2606TubeKnight|just so you know a speed boost would prob be better\n|\n|t:|1699055974\n|-end|p1a: Roaring Moon|Protosynthesis|[silent]\n|switch|p1a: Cyclizar|Cyclizar, M|100\/100\n|move|p2a: Ze Dog|Play Rough|p1a: Cyclizar\n|-supereffective|p1a: Cyclizar\n|-damage|p1a: Cyclizar|0 fnt\n|faint|p1a: Cyclizar\n|\n|upkeep\n|\n|t:|1699055980\n|switch|p1a: Magearna|Magearna|100\/100\n|turn|2\n|\n|t:|1699055985\n|switch|p2a: Ze Turtle|Torkoal, M, shiny|100\/100\n|-weather|SunnyDay|[from] ability: Drought|[of] p2a: Ze Turtle\n|move|p1a: Magearna|Calm Mind|p1a: Magearna\n|-boost|p1a: Magearna|spa|1\n|-boost|p1a: Magearna|spd|1\n|\n|-weather|SunnyDay|[upkeep]\n|upkeep\n|turn|3\n|\n|t:|1699055989\n|-terastallize|p1a: Magearna|Water\n|move|p1a: Magearna|Shift Gear|p1a: Magearna\n|-boost|p1a: Magearna|spe|2\n|-boost|p1a: Magearna|atk|1\n|move|p2a: Ze Turtle|Yawn|p1a: Magearna\n|-start|p1a: Magearna|move: Yawn|[of] p2a: Ze Turtle\n|\n|-weather|SunnyDay|[upkeep]\n|upkeep\n|turn|4\n|\n|t:|1699055995\n|switch|p2a: Ze Extinct One|Walking Wake|100\/100\n|-activate|p2a: Ze Extinct One|ability: Protosynthesis\n|-start|p2a: Ze Extinct One|protosynthesisspe\n|move|p1a: Magearna|Calm Mind|p1a: Magearna\n|-boost|p1a: Magearna|spa|1\n|-boost|p1a: Magearna|spd|1\n|\n|-weather|SunnyDay|[upkeep]\n|-end|p1a: Magearna|move: Yawn|[silent]\n|-status|p1a: Magearna|slp\n|upkeep\n|turn|5\n|inactive|lolgz has 270 seconds left.\n|\n|t:|1699056032\n|move|p2a: Ze Extinct One|Dragon Pulse|p1a: Magearna\n|-damage|p1a: Magearna|72\/100 slp\n|cant|p1a: Magearna|slp\n|\n|-weather|SunnyDay|[upkeep]\n|-heal|p1a: Magearna|78\/100 slp|[from] item: Leftovers\n|upkeep\n|turn|6\n|\n|t:|1699056039\n|move|p2a: Ze Extinct One|Dragon Pulse|p1a: Magearna\n|-damage|p1a: Magearna|52\/100 slp\n|cant|p1a: Magearna|slp\n|\n|-weather|SunnyDay|[upkeep]\n|-heal|p1a: Magearna|58\/100 slp|[from] item: Leftovers\n|upkeep\n|turn|7\n|\n|t:|1699056066\n|move|p2a: Ze Extinct One|Dragon Pulse|p1a: Magearna\n|-damage|p1a: Magearna|29\/100 slp\n|-curestatus|p1a: Magearna|slp|[msg]\n|move|p1a: Magearna|Draining Kiss|p2a: Ze Extinct One\n|-supereffective|p2a: Ze Extinct One\n|-damage|p2a: Ze Extinct One|8\/100\n|-heal|p1a: Magearna|94\/100|[from] drain|[of] p2a: Ze Extinct One\n|\n|-weather|SunnyDay|[upkeep]\n|-heal|p1a: Magearna|99\/100|[from] item: Leftovers\n|upkeep\n|turn|8\n|c|\u2606TubeKnight|bruh\n|inactive|TubeKnight has 270 seconds left.\n|\n|t:|1699056090\n|move|p2a: Ze Extinct One|Dragon Pulse|p1a: Magearna\n|-damage|p1a: Magearna|70\/100\n|move|p1a: Magearna|Shift Gear|p1a: Magearna\n|-boost|p1a: Magearna|spe|2\n|-boost|p1a: Magearna|atk|1\n|\n|-weather|SunnyDay|[upkeep]\n|-heal|p1a: Magearna|77\/100|[from] item: Leftovers\n|upkeep\n|turn|9\n|\n|t:|1699056100\n|move|p2a: Ze Extinct One|Dragon Pulse|p1a: Magearna\n|-damage|p1a: Magearna|51\/100\n|move|p1a: Magearna|Draining Kiss|p2a: Ze Extinct One\n|-supereffective|p2a: Ze Extinct One\n|-damage|p2a: Ze Extinct One|0 fnt\n|-heal|p1a: Magearna|56\/100|[from] drain|[of] p2a: Ze Extinct One\n|faint|p2a: Ze Extinct One\n|-ability|p1a: Magearna|Soul-Heart|boost\n|-boost|p1a: Magearna|spa|1\n|-end|p2a: Ze Extinct One|Protosynthesis|[silent]\n|\n|-weather|none\n|-heal|p1a: Magearna|62\/100|[from] item: Leftovers\n|upkeep\n|\n|t:|1699056103\n|switch|p2a: Ze Turtle|Torkoal, M, shiny|100\/100\n|-weather|SunnyDay|[from] ability: Drought|[of] p2a: Ze Turtle\n|turn|10\n|\n|t:|1699056108\n|move|p1a: Magearna|Stored Power|p2a: Ze Turtle\n|-damage|p2a: Ze Turtle|0 fnt\n|faint|p2a: Ze Turtle\n|-ability|p1a: Magearna|Soul-Heart|boost\n|-boost|p1a: Magearna|spa|1\n|\n|-weather|SunnyDay|[upkeep]\n|-heal|p1a: Magearna|68\/100|[from] item: Leftovers\n|upkeep\n|\n|t:|1699056113\n|switch|p2a: Ze Fleur|Lilligant-Hisui, F, shiny|100\/100\n|turn|11\n|\n|t:|1699056143\n|move|p2a: Ze Fleur|Sleep Powder|p1a: Magearna|[miss]\n|-miss|p2a: Ze Fleur|p1a: Magearna\n|move|p1a: Magearna|Draining Kiss|p2a: Ze Fleur\n|-supereffective|p2a: Ze Fleur\n|-enditem|p2a: Ze Fleur|Focus Sash\n|-damage|p2a: Ze Fleur|1\/100\n|-heal|p1a: Magearna|100\/100|[from] drain|[of] p2a: Ze Fleur\n|\n|-weather|SunnyDay|[upkeep]\n|upkeep\n|turn|12\n|\n|t:|1699056146\n|move|p2a: Ze Fleur|Sleep Powder|p1a: Magearna\n|-status|p1a: Magearna|slp|[from] move: Sleep Powder\n|cant|p1a: Magearna|slp\n|\n|-weather|SunnyDay|[upkeep]\n|upkeep\n|turn|13\n|\n|t:|1699056149\n|move|p2a: Ze Fleur|Swords Dance|p2a: Ze Fleur\n|-boost|p2a: Ze Fleur|atk|2\n|-curestatus|p1a: Magearna|slp|[msg]\n|move|p1a: Magearna|Draining Kiss|p2a: Ze Fleur\n|-supereffective|p2a: Ze Fleur\n|-damage|p2a: Ze Fleur|0 fnt\n|faint|p2a: Ze Fleur\n|-ability|p1a: Magearna|Soul-Heart|boost\n|-boost|p1a: Magearna|spa|1\n|\n|-weather|SunnyDay|[upkeep]\n|upkeep\n|c|\u2606TubeKnight|HUH\n|c|\u2606TubeKnight|it can wake up in one turn????\n|inactive|TubeKnight has 270 seconds left.\n|\n|t:|1699056201\n|switch|p2a: Ze Feesh|Chi-Yu|100\/100\n|-ability|p2a: Ze Feesh|Beads of Ruin\n|turn|14\n|\n|t:|1699056206\n|move|p1a: Magearna|Draining Kiss|p2a: Ze Feesh\n|-damage|p2a: Ze Feesh|14\/100\n|move|p2a: Ze Feesh|Dark Pulse|p1a: Magearna\n|-damage|p1a: Magearna|77\/100\n|\n|-weather|SunnyDay|[upkeep]\n|-heal|p1a: Magearna|83\/100|[from] item: Leftovers\n|upkeep\n|turn|15\n|\n|t:|1699056210\n|move|p1a: Magearna|Draining Kiss|p2a: Ze Feesh\n|-damage|p2a: Ze Feesh|0 fnt\n|-heal|p1a: Magearna|90\/100|[from] drain|[of] p2a: Ze Feesh\n|faint|p2a: Ze Feesh\n|-ability|p1a: Magearna|Soul-Heart|boost\n|-boost|p1a: Magearna|spa|1\n|\n|-weather|SunnyDay|[upkeep]\n|-heal|p1a: Magearna|96\/100|[from] item: Leftovers\n|upkeep\n|\n|t:|1699056214\n|switch|p2a: Mandibuzz|Mandibuzz, F|100\/100\n|turn|16\n|j| lopunny victim\n|l| lopunny victim\n|inactive|TubeKnight has 270 seconds left.\n|c|\u2606TubeKnight|oh crap i forgot to make this tera poison\n|\n|t:|1699056237\n|move|p1a: Magearna|Draining Kiss|p2a: Mandibuzz\n|-supereffective|p2a: Mandibuzz\n|-damage|p2a: Mandibuzz|0 fnt\n|-heal|p1a: Magearna|100\/100|[from] drain|[of] p2a: Mandibuzz\n|faint|p2a: Mandibuzz\n|\n|-weather|SunnyDay|[upkeep]\n|upkeep\n|inactive|TubeKnight has 270 seconds left.\n|\n|t:|1699056251\n|switch|p2a: Ze Dog|Zacian, shiny|100\/100\n|turn|17\n|inactive|TubeKnight has 270 seconds left.\n|\n|t:|1699056263\n|move|p1a: Magearna|Stored Power|p2a: Ze Dog\n|-damage|p2a: Ze Dog|0 fnt\n|faint|p2a: Ze Dog\n|\n|win|lolgz\n|c|\u2606TubeKnight|gg\n","uploadtime":1699056271,"views":11,"p1id":"lolgz","p2id":"tubeknight","formatid":"gen9ubers","rating":0,"private":0,"password":""}