{"id":"gen9ubers-1975185150","p1":"wendyecho","p2":"Jeanmilapipe","format":"[Gen 9] Ubers","log":"|j|\u2606wendyecho\n|j|\u2606Jeanmilapipe\n|t:|1698168497\n|gametype|singles\n|player|p1|wendyecho|iris-gen5bw2|\n|player|p2|Jeanmilapipe|n|\n|teamsize|p1|6\n|teamsize|p2|6\n|gen|9\n|tier|[Gen 9] Ubers\n|rule|Sleep Clause Mod: Limit one foe put to sleep\n|rule|Species Clause: Limit one of each Pok\u00e9mon\n|rule|OHKO Clause: OHKO moves are banned\n|rule|Evasion Items Clause: Evasion items are banned\n|rule|Evasion Moves Clause: Evasion moves are banned\n|rule|Endless Battle Clause: Forcing endless battles is banned\n|rule|HP Percentage Mod: HP is shown in percentages\n|clearpoke\n|poke|p1|Glimmora, F|\n|poke|p1|Zoroark-Hisui, M|\n|poke|p1|Ursaluna-Bloodmoon, M|\n|poke|p1|Grafaiai, F|\n|poke|p1|Ditto|\n|poke|p1|Weezing-Galar, F|\n|poke|p2|Victreebel, M|\n|poke|p2|Tauros-Paldea-Blaze, M|\n|poke|p2|Maushold-Four|\n|poke|p2|Perrserker, M|\n|poke|p2|Palossand, M|\n|poke|p2|Lucario, F|\n|teampreview\n|\n|t:|1698168522\n|start\n|switch|p1a: Glimmora|Glimmora, F|100\/100\n|switch|p2a: Palossand|Palossand, M|100\/100\n|turn|1\n|\n|t:|1698168537\n|move|p1a: Glimmora|Taunt|p2a: Palossand\n|-start|p2a: Palossand|move: Taunt\n|move|p2a: Palossand|Earth Power|p1a: Glimmora\n|-damage|p1a: Glimmora|44\/100\n|replace|p1a: Zoroark|Zoroark-Hisui, M\n|-end|p1a: Zoroark|Illusion\n|\n|upkeep\n|turn|2\n|\n|t:|1698168552\n|switch|p2a: Maushold|Maushold-Four|100\/100\n|move|p1a: Zoroark|Bitter Malice|p2a: Maushold\n|-immune|p2a: Maushold\n|\n|upkeep\n|turn|3\n|\n|t:|1698168566\n|switch|p1a: Weezing|Weezing-Galar, F|100\/100\n|move|p2a: Maushold|Bite|p1a: Weezing\n|-resisted|p1a: Weezing\n|-damage|p1a: Weezing|94\/100\n|\n|-heal|p1a: Weezing|99\/100|[from] item: Black Sludge\n|upkeep\n|turn|4\n|\n|t:|1698168577\n|switch|p2a: Palossand|Palossand, M|100\/100\n|switch|p1a: Glimmora|Glimmora, F|100\/100\n|\n|upkeep\n|turn|5\n|\n|t:|1698168589\n|switch|p1a: Weezing|Weezing-Galar, F|99\/100\n|move|p2a: Palossand|Earth Power|p1a: Weezing\n|-immune|p1a: Weezing|[from] ability: Levitate\n|\n|-heal|p1a: Weezing|100\/100|[from] item: Black Sludge\n|upkeep\n|turn|6\n|\n|t:|1698168598\n|move|p1a: Weezing|Strange Steam|p2a: Palossand\n|-damage|p2a: Palossand|79\/100\n|move|p2a: Palossand|Stealth Rock|p1a: Weezing\n|-sidestart|p1: wendyecho|move: Stealth Rock\n|\n|upkeep\n|turn|7\n|\n|t:|1698168605\n|move|p1a: Weezing|Defog|p2a: Palossand\n|-unboost|p2a: Palossand|evasion|1\n|-sideend|p1: wendyecho|Stealth Rock|[from] move: Defog|[of] p1a: Weezing\n|move|p2a: Palossand|Shadow Ball|p1a: Weezing\n|-damage|p1a: Weezing|65\/100\n|\n|-heal|p1a: Weezing|71\/100|[from] item: Black Sludge\n|upkeep\n|turn|8\n|\n|t:|1698168615\n|move|p1a: Weezing|Strange Steam|p2a: Palossand\n|-damage|p2a: Palossand|58\/100\n|-start|p2a: Palossand|confusion\n|-activate|p2a: Palossand|confusion\n|-damage|p2a: Palossand|53\/100|[from] confusion\n|\n|-heal|p1a: Weezing|77\/100|[from] item: Black Sludge\n|upkeep\n|turn|9\n|\n|t:|1698168625\n|move|p1a: Weezing|Strange Steam|p2a: Palossand\n|-damage|p2a: Palossand|32\/100\n|-activate|p2a: Palossand|confusion\n|-damage|p2a: Palossand|27\/100|[from] confusion\n|\n|-heal|p1a: Weezing|83\/100|[from] item: Black Sludge\n|upkeep\n|turn|10\n|\n|t:|1698168634\n|move|p1a: Weezing|Strange Steam|p2a: Palossand\n|-damage|p2a: Palossand|4\/100\n|-activate|p2a: Palossand|confusion\n|-damage|p2a: Palossand|0 fnt|[from] confusion\n|faint|p2a: Palossand\n|\n|-heal|p1a: Weezing|89\/100|[from] item: Black Sludge\n|upkeep\n|\n|t:|1698168654\n|switch|p2a: Perrserker|Perrserker, M|100\/100\n|turn|11\n|\n|t:|1698168662\n|move|p1a: Weezing|Flamethrower|p2a: Perrserker\n|-supereffective|p2a: Perrserker\n|-damage|p2a: Perrserker|67\/100\n|move|p2a: Perrserker|Iron Head|p1a: Weezing\n|-supereffective|p1a: Weezing\n|-damage|p1a: Weezing|20\/100\n|\n|-heal|p1a: Weezing|26\/100|[from] item: Black Sludge\n|upkeep\n|turn|12\n|\n|t:|1698168675\n|switch|p1a: Ditto|Ditto|100\/100\n|-transform|p1a: Ditto|p2a: Perrserker|[from] ability: Imposter\n|move|p2a: Perrserker|Iron Head|p1a: Ditto\n|-resisted|p1a: Ditto\n|-damage|p1a: Ditto|69\/100\n|\n|upkeep\n|turn|13\n|\n|t:|1698168684\n|switch|p2a: Tauros|Tauros-Paldea-Blaze, M|100\/100\n|-ability|p2a: Tauros|Intimidate|boost\n|-unboost|p1a: Ditto|atk|1\n|move|p1a: Ditto|U-turn|p2a: Tauros\n|-resisted|p2a: Tauros\n|-crit|p2a: Tauros\n|-damage|p2a: Tauros|92\/100\n|\n|t:|1698168692\n|switch|p1a: Glimmora|Glimmora, F|100\/100|[from] U-turn\n|\n|-heal|p2a: Tauros|99\/100|[from] item: Leftovers\n|upkeep\n|turn|14\n|\n|t:|1698168702\n|switch|p2a: Victreebel|Victreebel, M|100\/100\n|move|p1a: Glimmora|Power Gem|p2a: Victreebel\n|-damage|p2a: Victreebel|47\/100\n|\n|upkeep\n|turn|15\n|\n|t:|1698168712\n|move|p2a: Victreebel|Sucker Punch|p1a: Glimmora\n|-damage|p1a: Glimmora|71\/100\n|-activate|p1a: Glimmora|ability: Toxic Debris\n|-sidestart|p2: Jeanmilapipe|move: Toxic Spikes\n|-damage|p2a: Victreebel|37\/100|[from] item: Life Orb\n|move|p1a: Glimmora|Power Gem|p2a: Victreebel\n|-damage|p2a: Victreebel|0 fnt\n|faint|p2a: Victreebel\n|\n|upkeep\n|\n|t:|1698168735\n|switch|p2a: Maushold|Maushold-Four|100\/100\n|-status|p2a: Maushold|psn\n|turn|16\n|\n|t:|1698168741\n|move|p2a: Maushold|Population Bomb|p1a: Glimmora\n|-resisted|p1a: Glimmora\n|-damage|p1a: Glimmora|66\/100\n|-activate|p1a: Glimmora|ability: Toxic Debris\n|-sidestart|p2: Jeanmilapipe|move: Toxic Spikes\n|-resisted|p1a: Glimmora\n|-damage|p1a: Glimmora|60\/100\n|-resisted|p1a: Glimmora\n|-damage|p1a: Glimmora|54\/100\n|-resisted|p1a: Glimmora\n|-damage|p1a: Glimmora|49\/100\n|-resisted|p1a: Glimmora\n|-damage|p1a: Glimmora|44\/100\n|-resisted|p1a: Glimmora\n|-damage|p1a: Glimmora|39\/100\n|-resisted|p1a: Glimmora\n|-damage|p1a: Glimmora|33\/100\n|-resisted|p1a: Glimmora\n|-damage|p1a: Glimmora|28\/100\n|-resisted|p1a: Glimmora\n|-damage|p1a: Glimmora|22\/100\n|-resisted|p1a: Glimmora\n|-damage|p1a: Glimmora|17\/100\n|-hitcount|p1a: Glimmora|10\n|move|p1a: Glimmora|Power Gem|p2a: Maushold\n|-damage|p2a: Maushold|52\/100 psn\n|\n|-damage|p2a: Maushold|40\/100 psn|[from] psn\n|upkeep\n|turn|17\n|\n|t:|1698168765\n|move|p1a: Glimmora|Spiky Shield|p1a: Glimmora\n|-singleturn|p1a: Glimmora|move: Protect\n|move|p2a: Maushold|Bite|p1a: Glimmora\n|-activate|p1a: Glimmora|move: Protect\n|-damage|p2a: Maushold|27\/100 psn|[from] Spiky Shield|[of] p1a: Glimmora\n|\n|-damage|p2a: Maushold|15\/100 psn|[from] psn\n|upkeep\n|turn|18\n|\n|t:|1698168775\n|move|p2a: Maushold|Bite|p1a: Glimmora\n|-damage|p1a: Glimmora|0 fnt\n|faint|p1a: Glimmora\n|\n|-damage|p2a: Maushold|3\/100 psn|[from] psn\n|upkeep\n|\n|t:|1698168786\n|switch|p1a: Ditto|Ditto|69\/100\n|-transform|p1a: Ditto|p2a: Maushold|[from] ability: Imposter\n|turn|19\n|\n|t:|1698168793\n|move|p1a: Ditto|Tidy Up|p1a: Ditto\n|-sideend|p2: Jeanmilapipe|Toxic Spikes\n|-activate|p1a: Ditto|move: Tidy Up\n|-boost|p1a: Ditto|atk|1\n|-boost|p1a: Ditto|spe|1\n|move|p2a: Maushold|Population Bomb|p1a: Ditto\n|-damage|p1a: Ditto|52\/100\n|-damage|p1a: Ditto|35\/100\n|-damage|p1a: Ditto|19\/100\n|-damage|p1a: Ditto|2\/100\n|-damage|p1a: Ditto|0 fnt\n|faint|p1a: Ditto\n|-hitcount|p1: Ditto|5\n|\n|-damage|p2a: Maushold|0 fnt|[from] psn\n|faint|p2a: Maushold\n|upkeep\n|c|\u2606wendyecho|Le miss click \ud83d\ude05 c'est pour les 3 confusion d'affil\u00e9e ^^\n|\n|t:|1698168819\n|switch|p2a: Perrserker|Perrserker, M|67\/100\n|switch|p1a: Ma\u00eft\u00e9|Grafaiai, F|44\/100\n|turn|20\n|\n|t:|1698168833\n|move|p1a: Ma\u00eft\u00e9|Bitter Malice|p2a: Perrserker\n|-damage|p2a: Perrserker|26\/100\n|-unboost|p2a: Perrserker|atk|1\n|move|p2a: Perrserker|Iron Head|p1a: Ma\u00eft\u00e9\n|-damage|p1a: Ma\u00eft\u00e9|0 fnt\n|replace|p1a: Zoroark|Zoroark-Hisui, M\n|-end|p1a: Zoroark|Illusion\n|faint|p1a: Zoroark\n|\n|upkeep\n|\n|t:|1698168845\n|switch|p1a: Ma\u00eft\u00e9|Grafaiai, F|100\/100\n|turn|21\n|\n|t:|1698168853\n|move|p2a: Perrserker|Iron Head|p1a: Ma\u00eft\u00e9\n|-damage|p1a: Ma\u00eft\u00e9|50\/100\n|cant|p1a: Ma\u00eft\u00e9|flinch\n|\n|upkeep\n|turn|22\n|\n|t:|1698168862\n|move|p1a: Ma\u00eft\u00e9|Parting Shot|p2a: Perrserker\n|-unboost|p2a: Perrserker|atk|1\n|-unboost|p2a: Perrserker|spa|1\n|\n|t:|1698168865\n|switch|p1a: Ursaluna|Ursaluna-Bloodmoon, M|100\/100|[from] Parting Shot\n|move|p2a: Perrserker|Iron Head|p1a: Ursaluna\n|-damage|p1a: Ursaluna|86\/100\n|\n|-heal|p1a: Ursaluna|92\/100|[from] item: Leftovers\n|upkeep\n|turn|23\n|\n|t:|1698168876\n|move|p1a: Ursaluna|Calm Mind|p1a: Ursaluna\n|-boost|p1a: Ursaluna|spa|1\n|-boost|p1a: Ursaluna|spd|1\n|move|p2a: Perrserker|U-turn|p1a: Ursaluna\n|-damage|p1a: Ursaluna|85\/100\n|\n|t:|1698168882\n|switch|p2a: Tauros|Tauros-Paldea-Blaze, M|99\/100|[from] U-turn\n|-ability|p2a: Tauros|Intimidate|boost\n|-unboost|p1a: Ursaluna|atk|1\n|\n|-heal|p2a: Tauros|100\/100|[from] item: Leftovers\n|-heal|p1a: Ursaluna|91\/100|[from] item: Leftovers\n|upkeep\n|turn|24\n|\n|t:|1698168895\n|-terastallize|p1a: Ursaluna|Ghost\n|move|p2a: Tauros|Body Press|p1a: Ursaluna\n|-immune|p1a: Ursaluna\n|move|p1a: Ursaluna|Blood Moon|p2a: Tauros\n|-damage|p2a: Tauros|0 fnt\n|faint|p2a: Tauros\n|\n|-heal|p1a: Ursaluna|97\/100|[from] item: Leftovers\n|upkeep\n|\n|t:|1698168908\n|switch|p2a: Perrserker|Perrserker, M|26\/100\n|turn|25\n|\n|t:|1698168912\n|move|p1a: Ursaluna|Earth Power|p2a: Perrserker\n|-supereffective|p2a: Perrserker\n|-damage|p2a: Perrserker|0 fnt\n|faint|p2a: Perrserker\n|\n|-heal|p1a: Ursaluna|100\/100|[from] item: Leftovers\n|upkeep\n|c|\u2606Jeanmilapipe|gg, ce pok\u00e9 est vraiment fort lol\n|-message|Jeanmilapipe forfeited.\n|\n|win|wendyecho\n|l|\u2606Jeanmilapipe\n|j|\u2606Jeanmilapipe\n|player|p2|Jeanmilapipe|n\n|c|\u2606wendyecho|Oui l\u00e9g\u00e8rement \ud83d\ude05il es Uber maintenant tellement\n|c|\u2606wendyecho|Gg \ud83d\ude0a\n","uploadtime":1698168976,"views":19,"p1id":"wendyecho","p2id":"jeanmilapipe","formatid":"gen9ubers","rating":0,"private":0,"password":""}