{"id":"gen9ubers-1974186096","p1":"Anne Frankkkk","p2":"SAMARTH11","format":"[Gen 9] Ubers","log":"|j|\u2606Anne Frankkkk\n|j|\u2606SAMARTH11\n|t:|1698066293\n|gametype|singles\n|player|p1|Anne Frankkkk|hilbert|1154\n|player|p2|SAMARTH11|101|1190\n|teamsize|p1|6\n|teamsize|p2|6\n|gen|9\n|tier|[Gen 9] Ubers\n|rated|\n|rule|Sleep Clause Mod: Limit one foe put to sleep\n|rule|Species Clause: Limit one of each Pok\u00e9mon\n|rule|OHKO Clause: OHKO moves are banned\n|rule|Evasion Items Clause: Evasion items are banned\n|rule|Evasion Moves Clause: Evasion moves are banned\n|rule|Endless Battle Clause: Forcing endless battles is banned\n|rule|HP Percentage Mod: HP is shown in percentages\n|clearpoke\n|poke|p1|Iron Hands|\n|poke|p1|Kyogre|\n|poke|p1|Chien-Pao|\n|poke|p1|Ribombee, F|\n|poke|p1|Miraidon|\n|poke|p1|Flutter Mane|\n|poke|p2|Ursaluna-Bloodmoon, M|\n|poke|p2|Chi-Yu|\n|poke|p2|Regieleki|\n|poke|p2|Arceus|\n|poke|p2|Volcarona, M|\n|poke|p2|Chien-Pao|\n|teampreview\n|inactive|Battle timer is ON: inactive players will automatically lose when time's up. (requested by SAMARTH11)\n|\n|t:|1698066305\n|start\n|switch|p1a: Iron Hands|Iron Hands, shiny|100\/100\n|switch|p2a: Chien-Pao|Chien-Pao|100\/100\n|-ability|p2a: Chien-Pao|Sword of Ruin\n|turn|1\n|\n|t:|1698066312\n|move|p1a: Iron Hands|Fake Out|p2a: Chien-Pao\n|-damage|p2a: Chien-Pao|79\/100\n|cant|p2a: Chien-Pao|flinch\n|\n|upkeep\n|turn|2\n|\n|t:|1698066316\n|move|p2a: Chien-Pao|Ice Spinner|p1a: Iron Hands\n|-damage|p1a: Iron Hands|50\/100\n|move|p1a: Iron Hands|Drain Punch|p2a: Chien-Pao\n|-supereffective|p2a: Chien-Pao\n|-crit|p2a: Chien-Pao\n|-damage|p2a: Chien-Pao|0 fnt\n|-heal|p1a: Iron Hands|73\/100|[from] drain|[of] p2a: Chien-Pao\n|faint|p2a: Chien-Pao\n|\n|upkeep\n|\n|t:|1698066326\n|switch|p2a: Volcarona|Volcarona, M|100\/100\n|turn|3\n|\n|t:|1698066329\n|move|p2a: Volcarona|Quiver Dance|p2a: Volcarona\n|-boost|p2a: Volcarona|spa|1\n|-boost|p2a: Volcarona|spd|1\n|-boost|p2a: Volcarona|spe|1\n|move|p1a: Iron Hands|Wild Charge|p2a: Volcarona\n|-damage|p2a: Volcarona|21\/100\n|-damage|p1a: Iron Hands|61\/100|[from] Recoil\n|\n|upkeep\n|turn|4\n|\n|t:|1698066341\n|move|p2a: Volcarona|Fiery Dance|p1a: Iron Hands\n|-damage|p1a: Iron Hands|19\/100\n|move|p1a: Iron Hands|Wild Charge|p2a: Volcarona\n|-damage|p2a: Volcarona|0 fnt\n|faint|p2a: Volcarona\n|-damage|p1a: Iron Hands|16\/100|[from] Recoil\n|\n|upkeep\n|\n|t:|1698066350\n|switch|p2a: Regieleki|Regieleki|100\/100\n|turn|5\n|\n|t:|1698066353\n|move|p2a: Regieleki|Volt Switch|p1a: Iron Hands\n|-resisted|p1a: Iron Hands\n|-damage|p1a: Iron Hands|2\/100\n|\n|t:|1698066359\n|switch|p2a: Chi-Yu|Chi-Yu|100\/100|[from] Volt Switch\n|-ability|p2a: Chi-Yu|Beads of Ruin\n|move|p1a: Iron Hands|Drain Punch|p2a: Chi-Yu\n|-supereffective|p2a: Chi-Yu\n|-damage|p2a: Chi-Yu|0 fnt\n|-heal|p1a: Iron Hands|27\/100|[from] drain|[of] p2a: Chi-Yu\n|faint|p2a: Chi-Yu\n|\n|upkeep\n|-message|SAMARTH11 forfeited.\n|\n|win|Anne Frankkkk\n|raw|Anne Frankkkk's rating: 1154 &rarr; <strong>1182<\/strong><br \/>(+28 for winning)\n|raw|SAMARTH11's rating: 1190 &rarr; <strong>1162<\/strong><br \/>(-28 for losing)\n|l|\u2606SAMARTH11\n","uploadtime":1698066372,"views":10,"p1id":"annefrankkkk","p2id":"samarth11","formatid":"gen9ubers","rating":1162,"private":0,"password":""}