{"id":"gen9ubers-1995971142","p1":"I am Useless Meta","p2":"ASharpSharpie","format":"[Gen 9] Ubers","log":"|j|\u2606I am Useless Meta\n|j|\u2606ASharpSharpie\n|t:|1700623636\n|gametype|singles\n|player|p1|I am Useless Meta|kieran-festival|\n|player|p2|ASharpSharpie|pokekid|\n|teamsize|p1|6\n|teamsize|p2|6\n|gen|9\n|tier|[Gen 9] Ubers\n|rule|Sleep Clause Mod: Limit one foe put to sleep\n|rule|Species Clause: Limit one of each Pok\u00e9mon\n|rule|OHKO Clause: OHKO moves are banned\n|rule|Evasion Items Clause: Evasion items are banned\n|rule|Evasion Moves Clause: Evasion moves are banned\n|rule|Endless Battle Clause: Forcing endless battles is banned\n|rule|HP Percentage Mod: HP is shown in percentages\n|clearpoke\n|poke|p1|Landorus-Therian, M|\n|poke|p1|Empoleon, M|\n|poke|p1|Zapdos|\n|poke|p1|Tornadus-Therian, M|\n|poke|p1|Sneasler, F|\n|poke|p1|Munkidori, M|\n|poke|p2|Slowking-Galar, F|\n|poke|p2|Zapdos|\n|poke|p2|Greninja-*, M|\n|poke|p2|Meowscarada, F|\n|poke|p2|Mandibuzz, F|\n|poke|p2|Munkidori, M|\n|teampreview\n|inactive|Battle timer is ON: inactive players will automatically lose when time's up. (requested by I am Useless Meta)\n|c|\u2606ASharpSharpie|gl\n|c|\u2606I am Useless Meta|glhf\n|inactive|I am Useless Meta has 270 seconds left.\n|inactive|I am Useless Meta has 240 seconds left.\n|\n|t:|1700623705\n|start\n|switch|p1a: Zapdos|Zapdos|100\/100\n|switch|p2a: Greninja|Greninja, M|100\/100\n|turn|1\n|c|\u2606ASharpSharpie|damn\n|\n|t:|1700623727\n|switch|p2a: Meowscarada|Meowscarada, F|100\/100\n|move|p1a: Zapdos|Hurricane|p2a: Meowscarada\n|-supereffective|p2a: Meowscarada\n|-damage|p2a: Meowscarada|0 fnt\n|faint|p2a: Meowscarada\n|\n|upkeep\n|inactive|ASharpSharpie has 270 seconds left.\n|c|\u2606ASharpSharpie|a\n|\n|t:|1700623746\n|switch|p2a: Slowking|Slowking-Galar, F|100\/100\n|turn|2\n|inactive|I am Useless Meta has 270 seconds left.\n|\n|t:|1700623800\n|move|p1a: Zapdos|Volt Switch|p2a: Slowking\n|-damage|p2a: Slowking|82\/100\n|\n|t:|1700623804\n|switch|p1a: Tornadus|Tornadus-Therian, M|100\/100|[from] Volt Switch\n|move|p2a: Slowking|Future Sight|p1a: Tornadus\n|-start|p2a: Slowking|move: Future Sight\n|\n|upkeep\n|turn|3\n|\n|t:|1700623812\n|move|p1a: Tornadus|Knock Off|p2a: Slowking\n|-supereffective|p2a: Slowking\n|-damage|p2a: Slowking|43\/100\n|-enditem|p2a: Slowking|Heavy-Duty Boots|[from] move: Knock Off|[of] p1a: Tornadus\n|move|p2a: Slowking|Chilly Reception|p2a: Slowking\n|-weather|Snow\n|\n|t:|1700623821\n|switch|p2a: Zapdos|Zapdos|100\/100|[from] Chilly Reception\n|\n|-weather|Snow|[upkeep]\n|upkeep\n|turn|4\n|inactive|I am Useless Meta has 270 seconds left.\n|inactive|I am Useless Meta has 240 seconds left.\n|\n|t:|1700623876\n|move|p1a: Tornadus|Knock Off|p2a: Zapdos\n|-damage|p2a: Zapdos|83\/100\n|-enditem|p2a: Zapdos|Heavy-Duty Boots|[from] move: Knock Off|[of] p1a: Tornadus\n|move|p2a: Zapdos|Hurricane|p1a: Tornadus\n|-damage|p1a: Tornadus|58\/100\n|\n|-weather|Snow|[upkeep]\n|-end|p1a: Tornadus|move: Future Sight\n|-damage|p1a: Tornadus|13\/100\n|upkeep\n|turn|5\n|inactive|I am Useless Meta has 210 seconds left.\n|inactive|I am Useless Meta has 180 seconds left.\n|\n|t:|1700623947\n|switch|p1a: Empoleon|Empoleon, M|100\/100\n|move|p2a: Zapdos|Discharge|p1a: Empoleon\n|-supereffective|p1a: Empoleon\n|-damage|p1a: Empoleon|56\/100\n|\n|-weather|Snow|[upkeep]\n|-heal|p1a: Empoleon|63\/100|[from] item: Leftovers\n|upkeep\n|turn|6\n|\n|t:|1700623961\n|move|p2a: Zapdos|Discharge|p1a: Empoleon\n|-supereffective|p1a: Empoleon\n|-damage|p1a: Empoleon|19\/100\n|-status|p1a: Empoleon|par\n|move|p1a: Empoleon|Roost|p1a: Empoleon\n|-heal|p1a: Empoleon|69\/100 par\n|-singleturn|p1a: Empoleon|move: Roost\n|\n|-weather|Snow|[upkeep]\n|-heal|p1a: Empoleon|75\/100 par|[from] item: Leftovers\n|upkeep\n|turn|7\n|\n|t:|1700623979\n|move|p2a: Zapdos|Discharge|p1a: Empoleon\n|-supereffective|p1a: Empoleon\n|-damage|p1a: Empoleon|28\/100 par\n|cant|p1a: Empoleon|par\n|\n|-weather|none\n|-heal|p1a: Empoleon|34\/100 par|[from] item: Leftovers\n|upkeep\n|turn|8\n|inactive|I am Useless Meta has 150 seconds left.\n|\n|t:|1700623995\n|switch|p1a: Landorus|Landorus-Therian, M|100\/100\n|-ability|p1a: Landorus|Intimidate|boost\n|-unboost|p2a: Zapdos|atk|1\n|move|p2a: Zapdos|Discharge|p1a: Landorus\n|-immune|p1a: Landorus\n|\n|upkeep\n|turn|9\n|inactive|I am Useless Meta has 150 seconds left.\n|\n|t:|1700624030\n|switch|p2a: Greninja|Greninja, M|100\/100\n|move|p1a: Landorus|Stealth Rock|p2a: Greninja\n|-sidestart|p2: ASharpSharpie|move: Stealth Rock\n|\n|upkeep\n|turn|10\n|\n|t:|1700624045\n|switch|p1a: Empoleon|Empoleon, M|34\/100 par\n|move|p2a: Greninja|Ice Beam|p1a: Empoleon\n|-start|p2a: Greninja|typechange|Ice|[from] ability: Protean\n|-resisted|p1a: Empoleon\n|-damage|p1a: Empoleon|27\/100 par\n|\n|-heal|p1a: Empoleon|33\/100 par|[from] item: Leftovers\n|upkeep\n|turn|11\n|\n|t:|1700624055\n|move|p2a: Greninja|U-turn|p1a: Empoleon\n|-resisted|p1a: Empoleon\n|-damage|p1a: Empoleon|27\/100 par\n|\n|t:|1700624060\n|switch|p2a: Zapdos|Zapdos|83\/100|[from] U-turn\n|-damage|p2a: Zapdos|58\/100|[from] Stealth Rock\n|move|p1a: Empoleon|Roost|p1a: Empoleon\n|-heal|p1a: Empoleon|77\/100 par\n|-singleturn|p1a: Empoleon|move: Roost\n|\n|-heal|p1a: Empoleon|83\/100 par|[from] item: Leftovers\n|upkeep\n|turn|12\n|\n|t:|1700624070\n|move|p2a: Zapdos|Hurricane|p1a: Empoleon\n|-resisted|p1a: Empoleon\n|-damage|p1a: Empoleon|68\/100 par\n|-start|p1a: Empoleon|confusion\n|-activate|p1a: Empoleon|confusion\n|-damage|p1a: Empoleon|59\/100 par|[from] confusion\n|\n|-heal|p1a: Empoleon|65\/100 par|[from] item: Leftovers\n|upkeep\n|turn|13\n|inactive|I am Useless Meta has 150 seconds left.\n|\n|t:|1700624094\n|switch|p1a: Munkidori|Munkidori, M|100\/100\n|move|p2a: Zapdos|Roost|p2a: Zapdos\n|-heal|p2a: Zapdos|100\/100\n|-singleturn|p2a: Zapdos|move: Roost\n|\n|upkeep\n|turn|14\n|inactive|I am Useless Meta has 120 seconds left.\n|\n|t:|1700624127\n|move|p1a: Munkidori|Parting Shot|p2a: Zapdos\n|-unboost|p2a: Zapdos|atk|1\n|-unboost|p2a: Zapdos|spa|1\n|inactive|I am Useless Meta has 120 seconds left.\n|\n|t:|1700624133\n|switch|p1a: Zapdos|Zapdos|100\/100|[from] Parting Shot\n|move|p2a: Zapdos|Hurricane|p1a: Zapdos\n|-resisted|p1a: Zapdos\n|-damage|p1a: Zapdos|86\/100\n|\n|upkeep\n|turn|15\n|inactive|I am Useless Meta has 120 seconds left.\n|\n|t:|1700624147\n|switch|p2a: Slowking|Slowking-Galar, F|76\/100\n|-damage|p2a: Slowking|64\/100|[from] Stealth Rock\n|move|p1a: Zapdos|Volt Switch|p2a: Slowking\n|-damage|p2a: Slowking|47\/100\n|inactive|I am Useless Meta has 120 seconds left.\n|\n|t:|1700624164\n|switch|p1a: Tornadus|Tornadus-Therian, M|47\/100|[from] Volt Switch\n|\n|upkeep\n|turn|16\n|\n|t:|1700624174\n|move|p1a: Tornadus|U-turn|p2a: Slowking\n|-damage|p2a: Slowking|31\/100\n|\n|t:|1700624176\n|switch|p1a: Landorus|Landorus-Therian, M|100\/100|[from] U-turn\n|-ability|p1a: Landorus|Intimidate|boost\n|-unboost|p2a: Slowking|atk|1\n|move|p2a: Slowking|Thunder Wave|p1a: Landorus\n|-immune|p1a: Landorus\n|\n|upkeep\n|turn|17\n|c|\u2606ASharpSharpie|are u kidding me\n|j| pox06\n|inactive|I am Useless Meta has 120 seconds left.\n|\n|t:|1700624205\n|switch|p2a: Greninja|Greninja, M|100\/100\n|-damage|p2a: Greninja|88\/100|[from] Stealth Rock\n|move|p1a: Landorus|U-turn|p2a: Greninja\n|-supereffective|p2a: Greninja\n|-damage|p2a: Greninja|15\/100\n|c|\u2606ASharpSharpie|\ud83d\ude28\ud83d\ude28\ud83d\ude28\n|inactive|I am Useless Meta has 90 seconds left.\n|\n|t:|1700624236\n|switch|p1a: Empoleon|Empoleon, M|65\/100 par|[from] U-turn\n|\n|-heal|p1a: Empoleon|71\/100 par|[from] item: Leftovers\n|upkeep\n|turn|18\n|inactive|I am Useless Meta has 90 seconds left.\n|\n|t:|1700624247\n|move|p2a: Greninja|U-turn|p1a: Empoleon\n|-start|p2a: Greninja|typechange|Bug|[from] ability: Protean\n|-resisted|p1a: Empoleon\n|-damage|p1a: Empoleon|61\/100 par\n|\n|t:|1700624252\n|switch|p2a: Zapdos|Zapdos|100\/100|[from] U-turn\n|-damage|p2a: Zapdos|75\/100|[from] Stealth Rock\n|move|p1a: Empoleon|Flip Turn|p2a: Zapdos\n|-damage|p2a: Zapdos|58\/100\n|inactive|I am Useless Meta has 90 seconds left.\n|\n|t:|1700624264\n|switch|p1a: Zapdos|Zapdos|86\/100|[from] Flip Turn\n|\n|upkeep\n|turn|19\n|\n|t:|1700624269\n|move|p1a: Zapdos|Volt Switch|p2a: Zapdos\n|-damage|p2a: Zapdos|32\/100\n|inactive|I am Useless Meta has 90 seconds left.\n|\n|t:|1700624282\n|switch|p1a: Munkidori|Munkidori, M|100\/100|[from] Volt Switch\n|move|p2a: Zapdos|Heat Wave|p1a: Munkidori\n|-damage|p1a: Munkidori|72\/100\n|\n|upkeep\n|turn|20\n|\n|t:|1700624288\n|move|p1a: Munkidori|Sludge Wave|p2a: Zapdos\n|-damage|p2a: Zapdos|0 fnt\n|faint|p2a: Zapdos\n|\n|upkeep\n|\n|t:|1700624296\n|switch|p2a: Mandibuzz|Mandibuzz, F|100\/100\n|turn|21\n|inactive|I am Useless Meta has 90 seconds left.\n|\n|t:|1700624325\n|switch|p1a: Zapdos|Zapdos|86\/100\n|move|p2a: Mandibuzz|Defog|p1a: Zapdos\n|-unboost|p1a: Zapdos|evasion|1\n|-sideend|p2: ASharpSharpie|Stealth Rock|[from] move: Defog|[of] p2a: Mandibuzz\n|\n|upkeep\n|turn|22\n|\n|t:|1700624338\n|move|p1a: Zapdos|Volt Switch|p2a: Mandibuzz\n|-supereffective|p2a: Mandibuzz\n|-damage|p2a: Mandibuzz|54\/100\n|\n|t:|1700624344\n|switch|p1a: Landorus|Landorus-Therian, M|100\/100|[from] Volt Switch\n|-ability|p1a: Landorus|Intimidate|boost\n|-unboost|p2a: Mandibuzz|atk|1\n|move|p2a: Mandibuzz|U-turn|p1a: Landorus\n|-resisted|p1a: Landorus\n|-damage|p1a: Landorus|98\/100\n|-damage|p2a: Mandibuzz|37\/100|[from] item: Rocky Helmet|[of] p1a: Landorus\n|\n|t:|1700624353\n|switch|p2a: Greninja|Greninja, M|15\/100|[from] U-turn\n|\n|upkeep\n|turn|23\n|\n|t:|1700624357\n|switch|p1a: Empoleon|Empoleon, M|61\/100 par\n|move|p2a: Greninja|Hydro Pump|p1a: Empoleon|[miss]\n|-start|p2a: Greninja|typechange|Water|[from] ability: Protean\n|-miss|p2a: Greninja|p1a: Empoleon\n|\n|-heal|p1a: Empoleon|67\/100 par|[from] item: Leftovers\n|upkeep\n|turn|24\n|c|\u2606ASharpSharpie|damn\n|\n|t:|1700624366\n|move|p2a: Greninja|U-turn|p1a: Empoleon\n|-resisted|p1a: Empoleon\n|-damage|p1a: Empoleon|61\/100 par\n|\n|t:|1700624372\n|switch|p2a: Munkidori|Munkidori, M|100\/100|[from] U-turn\n|move|p1a: Empoleon|Surf|p2a: Munkidori\n|-damage|p2a: Munkidori|64\/100\n|\n|-heal|p2a: Munkidori|70\/100|[from] item: Leftovers\n|-heal|p1a: Empoleon|67\/100 par|[from] item: Leftovers\n|upkeep\n|turn|25\n|\n|t:|1700624383\n|move|p2a: Munkidori|Psychic|p1a: Empoleon\n|-resisted|p1a: Empoleon\n|-damage|p1a: Empoleon|51\/100 par\n|cant|p1a: Empoleon|par\n|\n|-heal|p2a: Munkidori|76\/100|[from] item: Leftovers\n|-heal|p1a: Empoleon|57\/100 par|[from] item: Leftovers\n|upkeep\n|turn|26\n|\n|t:|1700624390\n|move|p2a: Munkidori|Psychic|p1a: Empoleon\n|-resisted|p1a: Empoleon\n|-damage|p1a: Empoleon|41\/100 par\n|move|p1a: Empoleon|Roost|p1a: Empoleon\n|-heal|p1a: Empoleon|91\/100 par\n|-singleturn|p1a: Empoleon|move: Roost\n|\n|-heal|p2a: Munkidori|82\/100|[from] item: Leftovers\n|-heal|p1a: Empoleon|97\/100 par|[from] item: Leftovers\n|upkeep\n|turn|27\n|c|\u2606ASharpSharpie|grahhh\n|\n|t:|1700624402\n|move|p2a: Munkidori|Psychic|p1a: Empoleon\n|-resisted|p1a: Empoleon\n|-damage|p1a: Empoleon|81\/100 par\n|-unboost|p1a: Empoleon|spd|1\n|-ability|p1a: Empoleon|Competitive|boost\n|-boost|p1a: Empoleon|spa|2\n|move|p1a: Empoleon|Surf|p2a: Munkidori\n|-damage|p2a: Munkidori|9\/100\n|\n|-heal|p2a: Munkidori|15\/100|[from] item: Leftovers\n|-heal|p1a: Empoleon|87\/100 par|[from] item: Leftovers\n|upkeep\n|turn|28\n|c|\u2606I am Useless Meta|oo\n|\n|t:|1700624415\n|move|p2a: Munkidori|Parting Shot|p1a: Empoleon\n|-unboost|p1a: Empoleon|atk|1\n|-ability|p1a: Empoleon|Competitive|boost\n|-boost|p1a: Empoleon|spa|2\n|-unboost|p1a: Empoleon|spa|1\n|-ability|p1a: Empoleon|Competitive|boost\n|-boost|p1a: Empoleon|spa|2\n|c|\u2606I am Useless Meta|thanks\n|\n|t:|1700624424\n|switch|p2a: Mandibuzz|Mandibuzz, F|37\/100|[from] Parting Shot\n|move|p1a: Empoleon|Surf|p2a: Mandibuzz\n|-damage|p2a: Mandibuzz|0 fnt\n|faint|p2a: Mandibuzz\n|\n|-heal|p1a: Empoleon|93\/100 par|[from] item: Leftovers\n|upkeep\n|c|\u2606ASharpSharpie|i might aswell forfeight\n|c|\u2606ASharpSharpie|damn\n|\n|t:|1700624437\n|switch|p2a: Slowking|Slowking-Galar, F|64\/100\n|turn|29\n|\n|t:|1700624443\n|move|p2a: Slowking|Future Sight|p1a: Empoleon\n|-start|p2a: Slowking|move: Future Sight\n|move|p1a: Empoleon|Surf|p2a: Slowking\n|-damage|p2a: Slowking|0 fnt\n|faint|p2a: Slowking\n|\n|-heal|p1a: Empoleon|99\/100 par|[from] item: Leftovers\n|upkeep\n|c|\u2606ASharpSharpie|gg\n|c|\u2606I am Useless Meta|gg\n|\n|t:|1700624450\n|switch|p2a: Greninja|Greninja, M|15\/100\n|turn|30\n|c|\u2606ASharpSharpie|its joever\n|\n|t:|1700624457\n|move|p2a: Greninja|Hydro Pump|p1a: Empoleon\n|-start|p2a: Greninja|typechange|Water|[from] ability: Protean\n|-resisted|p1a: Empoleon\n|-damage|p1a: Empoleon|74\/100 par\n|move|p1a: Empoleon|Surf|p2a: Greninja\n|-resisted|p2a: Greninja\n|-damage|p2a: Greninja|0 fnt\n|faint|p2a: Greninja\n|\n|-heal|p1a: Empoleon|80\/100 par|[from] item: Leftovers\n|upkeep\n|\n|t:|1700624468\n|switch|p2a: Munkidori|Munkidori, M|15\/100\n|turn|31\n|\n|t:|1700624474\n|-terastallize|p2a: Munkidori|Fire\n|move|p2a: Munkidori|Tera Blast|p1a: Empoleon|[anim] Tera Blast Fire\n|-damage|p1a: Empoleon|41\/100 par\n|move|p1a: Empoleon|Surf|p2a: Munkidori\n|-supereffective|p2a: Munkidori\n|-damage|p2a: Munkidori|0 fnt\n|faint|p2a: Munkidori\n|\n|win|I am Useless Meta\n|c|\u2606ASharpSharpie|gg\n|c|\u2606I am Useless Meta|gg\n","uploadtime":1700624485,"views":13,"p1id":"iamuselessmeta","p2id":"asharpsharpie","formatid":"gen9ubers","rating":0,"private":0,"password":""}