{"id":"gen9ubers-1999327070","p1":"thunderbug","p2":"Taka","format":"[Gen 9] Ubers","log":"|j|\u2606thunderbug\n|j|\u2606Taka\n|t:|1701060872\n|gametype|singles\n|player|p1|thunderbug|bugsy-gen2|\n|player|p2|Taka|#scl3spartans|\n|teamsize|p1|6\n|teamsize|p2|6\n|gen|9\n|tier|[Gen 9] Ubers\n|rated|Tournament battle\n|rule|Sleep Clause Mod: Limit one foe put to sleep\n|rule|Species Clause: Limit one of each Pok\u00e9mon\n|rule|OHKO Clause: OHKO moves are banned\n|rule|Evasion Items Clause: Evasion items are banned\n|rule|Evasion Moves Clause: Evasion moves are banned\n|rule|Endless Battle Clause: Forcing endless battles is banned\n|rule|HP Percentage Mod: HP is shown in percentages\n|clearpoke\n|poke|p1|Ting-Lu|\n|poke|p1|Skeledirge, F|\n|poke|p1|Koraidon|\n|poke|p1|Arceus-Fairy|\n|poke|p1|Eternatus|\n|poke|p1|Kyogre|\n|poke|p2|Kyogre|\n|poke|p2|Eternatus|\n|poke|p2|Zacian-*|\n|poke|p2|Gliscor, F|\n|poke|p2|Koraidon|\n|poke|p2|Groudon|\n|teampreview\n|inactive|Battle timer is ON: inactive players will automatically lose when time's up. (requested by Taka)\n|c|\u2606thunderbug|gl hf\n|j| Chimeling\n|c|\u2606Taka|u2\n|\n|t:|1701060891\n|start\n|switch|p1a: Eternatus|Eternatus|100\/100\n|switch|p2a: Gliscor|Gliscor, F|100\/100\n|-ability|p1a: Eternatus|Pressure\n|turn|1\n|inactive|Taka has 120 seconds left.\n|\n|t:|1701060924\n|move|p1a: Eternatus|Flamethrower|p2a: Gliscor\n|-damage|p2a: Gliscor|76\/100\n|move|p2a: Gliscor|Earthquake|p1a: Eternatus\n|-supereffective|p1a: Eternatus\n|-damage|p1a: Eternatus|50\/100\n|\n|-status|p2a: Gliscor|tox|[from] item: Toxic Orb\n|upkeep\n|turn|2\n|inactive|Taka has 120 seconds left.\n|\n|t:|1701060935\n|move|p1a: Eternatus|Recover|p1a: Eternatus\n|-heal|p1a: Eternatus|99\/100\n|move|p2a: Gliscor|Taunt|p1a: Eternatus\n|-start|p1a: Eternatus|move: Taunt\n|\n|-heal|p2a: Gliscor|89\/100 tox|[from] ability: Poison Heal\n|upkeep\n|turn|3\n|\n|t:|1701060940\n|move|p1a: Eternatus|Dynamax Cannon|p2a: Gliscor\n|-crit|p2a: Gliscor\n|-damage|p2a: Gliscor|31\/100 tox\n|move|p2a: Gliscor|Toxic|p1a: Eternatus\n|-immune|p1a: Eternatus\n|\n|-heal|p2a: Gliscor|44\/100 tox|[from] ability: Poison Heal\n|upkeep\n|turn|4\n|j| DARARI\n|inactive|Taka has 120 seconds left.\n|\n|t:|1701060963\n|move|p2a: Gliscor|Protect|p2a: Gliscor\n|-singleturn|p2a: Gliscor|Protect\n|move|p1a: Eternatus|Dynamax Cannon|p2a: Gliscor\n|-activate|p2a: Gliscor|move: Protect\n|\n|-heal|p2a: Gliscor|56\/100 tox|[from] ability: Poison Heal\n|upkeep\n|turn|5\n|\n|t:|1701060969\n|move|p1a: Eternatus|Dynamax Cannon|p2a: Gliscor\n|-damage|p2a: Gliscor|17\/100 tox\n|move|p2a: Gliscor|Earthquake|p1a: Eternatus\n|-supereffective|p1a: Eternatus\n|-damage|p1a: Eternatus|46\/100\n|\n|-heal|p2a: Gliscor|30\/100 tox|[from] ability: Poison Heal\n|-end|p1a: Eternatus|move: Taunt\n|upkeep\n|turn|6\n|\n|t:|1701060976\n|move|p2a: Gliscor|Protect|p2a: Gliscor\n|-singleturn|p2a: Gliscor|Protect\n|move|p1a: Eternatus|Recover|p1a: Eternatus\n|-heal|p1a: Eternatus|96\/100\n|\n|-heal|p2a: Gliscor|42\/100 tox|[from] ability: Poison Heal\n|upkeep\n|turn|7\n|\n|t:|1701060983\n|move|p1a: Eternatus|Flamethrower|p2a: Gliscor\n|-damage|p2a: Gliscor|19\/100 tox\n|move|p2a: Gliscor|Earthquake|p1a: Eternatus\n|-supereffective|p1a: Eternatus\n|-damage|p1a: Eternatus|42\/100\n|\n|-heal|p2a: Gliscor|31\/100 tox|[from] ability: Poison Heal\n|upkeep\n|turn|8\n|j| wage cage 213\n|\n|t:|1701060995\n|move|p2a: Gliscor|Protect|p2a: Gliscor\n|-singleturn|p2a: Gliscor|Protect\n|move|p1a: Eternatus|Recover|p1a: Eternatus\n|-heal|p1a: Eternatus|92\/100\n|\n|-heal|p2a: Gliscor|44\/100 tox|[from] ability: Poison Heal\n|upkeep\n|turn|9\n|\n|t:|1701061002\n|move|p1a: Eternatus|Dynamax Cannon|p2a: Gliscor\n|-damage|p2a: Gliscor|5\/100 tox\n|move|p2a: Gliscor|Earthquake|p1a: Eternatus\n|-supereffective|p1a: Eternatus\n|-damage|p1a: Eternatus|39\/100\n|\n|-heal|p2a: Gliscor|18\/100 tox|[from] ability: Poison Heal\n|upkeep\n|turn|10\n|\n|t:|1701061010\n|move|p2a: Gliscor|Protect|p2a: Gliscor\n|-singleturn|p2a: Gliscor|Protect\n|move|p1a: Eternatus|Dynamax Cannon|p2a: Gliscor\n|-activate|p2a: Gliscor|move: Protect\n|\n|-heal|p2a: Gliscor|30\/100 tox|[from] ability: Poison Heal\n|upkeep\n|turn|11\n|l| Chimeling\n|\n|t:|1701061023\n|switch|p2a: Zacian|Zacian-Crowned|100\/100\n|-ability|p2a: Zacian|Intrepid Sword|boost\n|-boost|p2a: Zacian|atk|1\n|move|p1a: Eternatus|Recover|p1a: Eternatus\n|-heal|p1a: Eternatus|89\/100\n|\n|upkeep\n|turn|12\n|\n|t:|1701061029\n|switch|p1a: Skeledirge|Skeledirge, F|100\/100\n|move|p2a: Zacian|Swords Dance|p2a: Zacian\n|-boost|p2a: Zacian|atk|2\n|\n|upkeep\n|turn|13\n|\n|t:|1701061045\n|switch|p2a: Kyogre|Kyogre|100\/100\n|-weather|RainDance|[from] ability: Drizzle|[of] p2a: Kyogre\n|move|p1a: Skeledirge|Hex|p2a: Kyogre\n|-damage|p2a: Kyogre|86\/100\n|\n|-weather|RainDance|[upkeep]\n|upkeep\n|turn|14\n|l| wage cage 213\n|\n|t:|1701061052\n|switch|p1a: Koraidon|Koraidon|100\/100\n|-weather|SunnyDay|[from] ability: Orichalcum Pulse|[of] p1a: Koraidon\n|-activate|p1a: Koraidon|Orichalcum Pulse|[source]\n|move|p2a: Kyogre|Calm Mind|p2a: Kyogre\n|-boost|p2a: Kyogre|spa|1\n|-boost|p2a: Kyogre|spd|1\n|\n|-weather|SunnyDay|[upkeep]\n|upkeep\n|turn|15\n|\n|t:|1701061066\n|-terastallize|p2a: Kyogre|Fairy\n|move|p1a: Koraidon|Low Kick|p2a: Kyogre\n|-resisted|p2a: Kyogre\n|-damage|p2a: Kyogre|48\/100\n|move|p2a: Kyogre|Ice Beam|p1a: Koraidon\n|-supereffective|p1a: Koraidon\n|-damage|p1a: Koraidon|0 fnt\n|faint|p1a: Koraidon\n|\n|-weather|SunnyDay|[upkeep]\n|upkeep\n|j| wage cage 213\n|\n|t:|1701061086\n|switch|p1a: Arceus|Arceus-Fairy|100\/100\n|turn|16\n|inactive|Taka has 120 seconds left.\n|\n|t:|1701061127\n|switch|p2a: Zacian|Zacian-Crowned|100\/100\n|move|p1a: Arceus|Calm Mind|p1a: Arceus\n|-boost|p1a: Arceus|spa|1\n|-boost|p1a: Arceus|spd|1\n|\n|-weather|SunnyDay|[upkeep]\n|upkeep\n|turn|17\n|\n|t:|1701061141\n|switch|p1a: Skeledirge|Skeledirge, F|100\/100\n|move|p2a: Zacian|Behemoth Blade|p1a: Skeledirge\n|-resisted|p1a: Skeledirge\n|-damage|p1a: Skeledirge|84\/100\n|\n|-weather|SunnyDay|[upkeep]\n|upkeep\n|turn|18\n|inactive|Taka has 120 seconds left.\n|inactive|Taka has 90 seconds left.\n|\n|t:|1701061204\n|switch|p2a: Kyogre|Kyogre, tera:Fairy|48\/100\n|-weather|RainDance|[from] ability: Drizzle|[of] p2a: Kyogre\n|move|p1a: Skeledirge|Hex|p2a: Kyogre\n|-damage|p2a: Kyogre|31\/100\n|\n|-weather|RainDance|[upkeep]\n|upkeep\n|turn|19\n|\n|t:|1701061207\n|switch|p1a: Kyogre|Kyogre|100\/100\n|move|p2a: Kyogre|Origin Pulse|p1a: Kyogre\n|-resisted|p1a: Kyogre\n|-damage|p1a: Kyogre|64\/100\n|\n|-weather|RainDance|[upkeep]\n|upkeep\n|turn|20\n|\n|t:|1701061218\n|switch|p2a: Eternatus|Eternatus|100\/100\n|-ability|p2a: Eternatus|Pressure\n|move|p1a: Kyogre|Ice Beam|p2a: Eternatus\n|-supereffective|p2a: Eternatus\n|-damage|p2a: Eternatus|40\/100\n|\n|-weather|RainDance|[upkeep]\n|upkeep\n|turn|21\n|inactive|Taka has 90 seconds left.\n|\n|t:|1701061245\n|switch|p2a: Zacian|Zacian-Crowned|100\/100\n|move|p1a: Kyogre|Ice Beam|p2a: Zacian\n|-resisted|p2a: Zacian\n|-damage|p2a: Zacian|84\/100\n|-status|p2a: Zacian|frz\n|\n|-weather|RainDance|[upkeep]\n|upkeep\n|turn|22\n|\n|t:|1701061267\n|switch|p1a: Skeledirge|Skeledirge, F|84\/100\n|switch|p2a: Kyogre|Kyogre, tera:Fairy|31\/100\n|\n|-weather|none\n|upkeep\n|turn|23\n|\n|t:|1701061278\n|switch|p1a: Arceus|Arceus-Fairy|100\/100\n|move|p2a: Kyogre|Origin Pulse|p1a: Arceus\n|-damage|p1a: Arceus|59\/100\n|\n|upkeep\n|turn|24\n|\n|t:|1701061286\n|switch|p2a: Eternatus|Eternatus|40\/100\n|-ability|p2a: Eternatus|Pressure\n|move|p1a: Arceus|Recover|p1a: Arceus\n|-heal|p1a: Arceus|100\/100\n|\n|upkeep\n|turn|25\n|\n|t:|1701061293\n|switch|p1a: Ting-Lu|Ting-Lu|100\/100\n|-ability|p1a: Ting-Lu|Vessel of Ruin\n|move|p2a: Eternatus|Sludge Bomb|p1a: Ting-Lu\n|-resisted|p1a: Ting-Lu\n|-damage|p1a: Ting-Lu|88\/100\n|\n|-heal|p1a: Ting-Lu|94\/100|[from] item: Leftovers\n|upkeep\n|turn|26\n|inactive|Taka has 90 seconds left.\n|\n|t:|1701061313\n|switch|p2a: Groudon|Groudon|100\/100\n|-weather|SunnyDay|[from] ability: Drought|[of] p2a: Groudon\n|move|p1a: Ting-Lu|Spikes|p2a: Groudon\n|-sidestart|p2: Taka|Spikes\n|\n|-weather|SunnyDay|[upkeep]\n|-heal|p1a: Ting-Lu|99\/100|[from] item: Leftovers\n|upkeep\n|turn|27\n|\n|t:|1701061324\n|move|p2a: Groudon|Stealth Rock|p1a: Ting-Lu\n|-sidestart|p1: thunderbug|move: Stealth Rock\n|move|p1a: Ting-Lu|Ruination|p2a: Groudon\n|-damage|p2a: Groudon|50\/100\n|\n|-weather|SunnyDay|[upkeep]\n|-heal|p1a: Ting-Lu|100\/100|[from] item: Leftovers\n|upkeep\n|turn|28\n|inactive|Taka has 90 seconds left.\n|\n|t:|1701061353\n|move|p2a: Groudon|Spikes|p1a: Ting-Lu\n|-sidestart|p1: thunderbug|Spikes\n|move|p1a: Ting-Lu|Spikes|p2a: Groudon\n|-sidestart|p2: Taka|Spikes\n|\n|-weather|SunnyDay|[upkeep]\n|upkeep\n|turn|29\n|\n|t:|1701061362\n|move|p2a: Groudon|Spikes|p1a: Ting-Lu\n|-sidestart|p1: thunderbug|Spikes\n|move|p1a: Ting-Lu|Earthquake|p2a: Groudon\n|-damage|p2a: Groudon|30\/100\n|\n|-weather|SunnyDay|[upkeep]\n|upkeep\n|turn|30\n|inactive|Taka has 90 seconds left.\n|\n|t:|1701061367\n|switch|p2a: Gliscor|Gliscor, F|30\/100 tox\n|move|p1a: Ting-Lu|Earthquake|p2a: Gliscor\n|-immune|p2a: Gliscor\n|\n|-weather|none\n|-heal|p2a: Gliscor|43\/100 tox|[from] ability: Poison Heal\n|upkeep\n|turn|31\n|\n|t:|1701061371\n|move|p2a: Gliscor|Earthquake|p1a: Ting-Lu\n|-damage|p1a: Ting-Lu|82\/100\n|move|p1a: Ting-Lu|Spikes|p2a: Gliscor\n|-sidestart|p2: Taka|Spikes\n|\n|-heal|p1a: Ting-Lu|88\/100|[from] item: Leftovers\n|-heal|p2a: Gliscor|55\/100 tox|[from] ability: Poison Heal\n|upkeep\n|turn|32\n|\n|t:|1701061385\n|switch|p1a: Eternatus|Eternatus|89\/100\n|-ability|p1a: Eternatus|Pressure\n|move|p2a: Gliscor|Toxic|p1a: Eternatus|[miss]\n|-miss|p2a: Gliscor|p1a: Eternatus\n|\n|-heal|p2a: Gliscor|68\/100 tox|[from] ability: Poison Heal\n|upkeep\n|turn|33\n|\n|t:|1701061410\n|move|p1a: Eternatus|Flamethrower|p2a: Gliscor\n|-damage|p2a: Gliscor|42\/100 tox\n|move|p2a: Gliscor|Earthquake|p1a: Eternatus\n|-supereffective|p1a: Eternatus\n|-damage|p1a: Eternatus|38\/100\n|\n|-heal|p2a: Gliscor|54\/100 tox|[from] ability: Poison Heal\n|upkeep\n|turn|34\n|\n|t:|1701061415\n|move|p1a: Eternatus|Recover|p1a: Eternatus\n|-heal|p1a: Eternatus|88\/100\n|move|p2a: Gliscor|Taunt|p1a: Eternatus\n|-start|p1a: Eternatus|move: Taunt\n|\n|-heal|p2a: Gliscor|67\/100 tox|[from] ability: Poison Heal\n|upkeep\n|turn|35\n|\n|t:|1701061419\n|move|p1a: Eternatus|Dynamax Cannon|p2a: Gliscor\n|-damage|p2a: Gliscor|27\/100 tox\n|move|p2a: Gliscor|Earthquake|p1a: Eternatus\n|-supereffective|p1a: Eternatus\n|-damage|p1a: Eternatus|31\/100\n|\n|-heal|p2a: Gliscor|39\/100 tox|[from] ability: Poison Heal\n|upkeep\n|turn|36\n|\n|t:|1701061425\n|move|p1a: Eternatus|Flamethrower|p2a: Gliscor\n|-damage|p2a: Gliscor|16\/100 tox\n|move|p2a: Gliscor|Earthquake|p1a: Eternatus\n|-supereffective|p1a: Eternatus\n|-damage|p1a: Eternatus|0 fnt\n|faint|p1a: Eternatus\n|\n|-heal|p2a: Gliscor|28\/100 tox|[from] ability: Poison Heal\n|upkeep\n|\n|t:|1701061431\n|switch|p1a: Arceus|Arceus-Fairy|100\/100\n|-damage|p1a: Arceus|88\/100|[from] Stealth Rock\n|-damage|p1a: Arceus|72\/100|[from] Spikes\n|turn|37\n|\n|t:|1701061450\n|-terastallize|p1a: Arceus|Poison\n|move|p2a: Gliscor|Protect|p2a: Gliscor\n|-singleturn|p2a: Gliscor|Protect\n|move|p1a: Arceus|Calm Mind|p1a: Arceus\n|-boost|p1a: Arceus|spa|1\n|-boost|p1a: Arceus|spd|1\n|\n|-heal|p2a: Gliscor|41\/100 tox|[from] ability: Poison Heal\n|upkeep\n|turn|38\n|\n|t:|1701061457\n|switch|p2a: Groudon|Groudon|30\/100\n|-weather|SunnyDay|[from] ability: Drought|[of] p2a: Groudon\n|move|p1a: Arceus|Judgment|p2a: Groudon\n|-damage|p2a: Groudon|0 fnt\n|faint|p2a: Groudon\n|\n|-weather|SunnyDay|[upkeep]\n|upkeep\n|\n|t:|1701061459\n|switch|p2a: Koraidon|Koraidon|100\/100\n|-damage|p2a: Koraidon|76\/100|[from] Spikes\n|-activate|p2a: Koraidon|ability: Orichalcum Pulse\n|turn|39\n|\n|t:|1701061476\n|switch|p1a: Skeledirge|Skeledirge, F|84\/100\n|move|p2a: Koraidon|Flare Blitz|p1a: Skeledirge\n|-resisted|p1a: Skeledirge\n|-damage|p1a: Skeledirge|44\/100\n|-damage|p2a: Koraidon|60\/100|[from] Recoil\n|\n|-weather|SunnyDay|[upkeep]\n|upkeep\n|turn|40\n|\n|t:|1701061502\n|switch|p2a: Kyogre|Kyogre, tera:Fairy|31\/100\n|-weather|RainDance|[from] ability: Drizzle|[of] p2a: Kyogre\n|move|p1a: Skeledirge|Slack Off|p1a: Skeledirge\n|-heal|p1a: Skeledirge|94\/100\n|\n|-weather|RainDance|[upkeep]\n|upkeep\n|turn|41\n|\n|t:|1701061509\n|switch|p1a: Ting-Lu|Ting-Lu|88\/100\n|-damage|p1a: Ting-Lu|82\/100|[from] Stealth Rock\n|-damage|p1a: Ting-Lu|65\/100|[from] Spikes\n|-ability|p1a: Ting-Lu|Vessel of Ruin\n|move|p2a: Kyogre|Origin Pulse|p1a: Ting-Lu\n|-supereffective|p1a: Ting-Lu\n|-damage|p1a: Ting-Lu|0 fnt\n|faint|p1a: Ting-Lu\n|\n|-weather|RainDance|[upkeep]\n|upkeep\n|inactive|thunderbug has 120 seconds left.\n|\n|t:|1701061529\n|switch|p1a: Kyogre|Kyogre|64\/100\n|-damage|p1a: Kyogre|51\/100|[from] Stealth Rock\n|-damage|p1a: Kyogre|35\/100|[from] Spikes\n|turn|42\n|inactive|thunderbug has 120 seconds left.\n|inactive|Taka has 120 seconds left.\n|\n|t:|1701061562\n|switch|p2a: Eternatus|Eternatus|40\/100\n|-damage|p2a: Eternatus|15\/100|[from] Spikes\n|-ability|p2a: Eternatus|Pressure\n|move|p1a: Kyogre|Surf|p2a: Eternatus\n|-resisted|p2a: Eternatus\n|-damage|p2a: Eternatus|0 fnt\n|faint|p2a: Eternatus\n|\n|-weather|RainDance|[upkeep]\n|upkeep\n|\n|t:|1701061564\n|switch|p2a: Koraidon|Koraidon|60\/100\n|-damage|p2a: Koraidon|35\/100|[from] Spikes\n|-weather|SunnyDay|[from] ability: Orichalcum Pulse|[of] p2a: Koraidon\n|-activate|p2a: Koraidon|Orichalcum Pulse|[source]\n|turn|43\n|inactive|thunderbug has 120 seconds left.\n|inactive|thunderbug has 90 seconds left.\n|inactive|thunderbug has 60 seconds left.\n|\n|t:|1701061654\n|switch|p1a: Arceus|Arceus-Fairy, tera:Poison|72\/100\n|-damage|p1a: Arceus|59\/100|[from] Stealth Rock\n|-damage|p1a: Arceus|43\/100|[from] Spikes\n|move|p2a: Koraidon|Dragon Claw|p1a: Arceus\n|-damage|p1a: Arceus|0 fnt\n|faint|p1a: Arceus\n|\n|-weather|SunnyDay|[upkeep]\n|upkeep\n|\n|t:|1701061656\n|switch|p1a: Kyogre|Kyogre|35\/100\n|-damage|p1a: Kyogre|22\/100|[from] Stealth Rock\n|-damage|p1a: Kyogre|6\/100|[from] Spikes\n|-weather|RainDance|[from] ability: Drizzle|[of] p1a: Kyogre\n|turn|44\n|inactive|Taka has 120 seconds left.\n|\n|t:|1701061687\n|move|p1a: Kyogre|Surf|p2a: Koraidon\n|-resisted|p2a: Koraidon\n|-damage|p2a: Koraidon|0 fnt\n|faint|p2a: Koraidon\n|\n|-weather|RainDance|[upkeep]\n|upkeep\n|\n|t:|1701061691\n|switch|p2a: Kyogre|Kyogre, tera:Fairy|31\/100\n|turn|45\n|\n|t:|1701061694\n|move|p1a: Kyogre|Surf|p2a: Kyogre\n|-damage|p2a: Kyogre|0 fnt\n|faint|p2a: Kyogre\n|\n|-weather|RainDance|[upkeep]\n|upkeep\n|inactive|Taka has 120 seconds left.\n|c|\u2606Taka|gg\n|-message|Taka forfeited.\n|\n|win|thunderbug\n|n|\u2606thunderbug|thunderbug\n|n|\u2606Taka|taka\n|n| DARARI|darari\n|n| wage cage 213|wagecage213\n","uploadtime":1701061730,"views":6,"p1id":"thunderbug","p2id":"taka","formatid":"gen9ubers","rating":0,"private":0,"password":""}