{"id":"gen9ubers-1993887713","p1":"mysticalcheese","p2":"currys","format":"[Gen 9] Ubers","log":"|j|\u2606mysticalcheese\n|j|\u2606currys\n|t:|1700370368\n|gametype|singles\n|player|p1|mysticalcheese|1|\n|player|p2|currys|169|\n|teamsize|p1|6\n|teamsize|p2|6\n|gen|9\n|tier|[Gen 9] Ubers\n|rule|Sleep Clause Mod: Limit one foe put to sleep\n|rule|Species Clause: Limit one of each Pok\u00e9mon\n|rule|OHKO Clause: OHKO moves are banned\n|rule|Evasion Items Clause: Evasion items are banned\n|rule|Evasion Moves Clause: Evasion moves are banned\n|rule|Endless Battle Clause: Forcing endless battles is banned\n|rule|HP Percentage Mod: HP is shown in percentages\n|clearpoke\n|poke|p1|Breloom, M|\n|poke|p1|Armarouge, F|\n|poke|p1|Ogerpon-Cornerstone, F|\n|poke|p1|Diancie|\n|poke|p1|Garganacl, M|\n|poke|p1|Vikavolt, M|\n|poke|p2|Iron Bundle|\n|poke|p2|Corviknight, M|\n|poke|p2|Clodsire, M|\n|poke|p2|Hatterene, F|\n|poke|p2|Great Tusk|\n|poke|p2|Dragonite, F|\n|teampreview\n|\n|t:|1700370436\n|start\n|switch|p1a: Garganacl|Garganacl, M|100\/100\n|switch|p2a: Dragonite|Dragonite, F, shiny|100\/100\n|turn|1\n|\n|t:|1700370466\n|move|p2a: Dragonite|Dragon Dance|p2a: Dragonite\n|-boost|p2a: Dragonite|atk|1\n|-boost|p2a: Dragonite|spe|1\n|move|p1a: Garganacl|Salt Cure|p2a: Dragonite\n|-supereffective|p2a: Dragonite\n|-damage|p2a: Dragonite|89\/100\n|-start|p2a: Dragonite|Salt Cure\n|-enditem|p2a: Dragonite|Weakness Policy\n|-boost|p2a: Dragonite|atk|2|[from] item: Weakness Policy\n|-boost|p2a: Dragonite|spa|2|[from] item: Weakness Policy\n|\n|-damage|p2a: Dragonite|76\/100|[from] Salt Cure\n|upkeep\n|turn|2\n|\n|t:|1700370485\n|move|p2a: Dragonite|Earthquake|p1a: Garganacl\n|-supereffective|p1a: Garganacl\n|-damage|p1a: Garganacl|10\/100\n|move|p1a: Garganacl|Stealth Rock|p2a: Dragonite\n|-sidestart|p2: currys|move: Stealth Rock\n|\n|-heal|p1a: Garganacl|17\/100|[from] item: Leftovers\n|-damage|p2a: Dragonite|64\/100|[from] Salt Cure\n|upkeep\n|turn|3\n|\n|t:|1700370570\n|switch|p1a: Vikavolt|Vikavolt, M|100\/100\n|move|p2a: Dragonite|Earthquake|p1a: Vikavolt\n|-immune|p1a: Vikavolt|[from] ability: Levitate\n|\n|-damage|p2a: Dragonite|51\/100|[from] Salt Cure\n|upkeep\n|turn|4\n|\n|t:|1700370586\n|switch|p1a: Garganacl|Garganacl, M|17\/100\n|move|p2a: Dragonite|Ice Spinner|p1a: Garganacl\n|-damage|p1a: Garganacl|0 fnt\n|faint|p1a: Garganacl\n|\n|-damage|p2a: Dragonite|39\/100|[from] Salt Cure\n|upkeep\n|\n|t:|1700370604\n|switch|p1a: Armarouge|Armarouge, F|100\/100\n|turn|5\n|\n|t:|1700370623\n|move|p2a: Dragonite|Earthquake|p1a: Armarouge\n|-supereffective|p1a: Armarouge\n|-damage|p1a: Armarouge|0 fnt\n|faint|p1a: Armarouge\n|\n|-damage|p2a: Dragonite|26\/100|[from] Salt Cure\n|upkeep\n|\n|t:|1700370635\n|switch|p1a: Breloom|Breloom, M|100\/100\n|turn|6\n|\n|t:|1700370641\n|switch|p1a: Diancie|Diancie|100\/100\n|move|p2a: Dragonite|Extreme Speed|p1a: Diancie\n|-resisted|p1a: Diancie\n|-damage|p1a: Diancie|68\/100\n|\n|-damage|p2a: Dragonite|14\/100|[from] Salt Cure\n|upkeep\n|turn|7\n|\n|t:|1700370667\n|switch|p1a: Vikavolt|Vikavolt, M|100\/100\n|move|p2a: Dragonite|Ice Spinner|p1a: Vikavolt\n|-crit|p1a: Vikavolt\n|-damage|p1a: Vikavolt|0 fnt\n|faint|p1a: Vikavolt\n|\n|-damage|p2a: Dragonite|2\/100|[from] Salt Cure\n|upkeep\n|\n|t:|1700370679\n|switch|p1a: Ogerpon|Ogerpon-Cornerstone, F|100\/100\n|turn|8\n|\n|t:|1700370686\n|move|p1a: Ogerpon|Ivy Cudgel|p2a: Dragonite|[anim] Ivy Cudgel Rock\n|-supereffective|p2a: Dragonite\n|-damage|p2a: Dragonite|0 fnt\n|faint|p2a: Dragonite\n|\n|upkeep\n|\n|t:|1700370719\n|switch|p2a: Clodsire|Clodsire, M|100\/100\n|-damage|p2a: Clodsire|94\/100|[from] Stealth Rock\n|turn|9\n|\n|t:|1700370726\n|move|p1a: Ogerpon|U-turn|p2a: Clodsire\n|-resisted|p2a: Clodsire\n|-damage|p2a: Clodsire|83\/100\n|\n|t:|1700370730\n|switch|p1a: Breloom|Breloom, M|100\/100|[from] U-turn\n|move|p2a: Clodsire|Toxic|p1a: Breloom\n|-status|p1a: Breloom|tox\n|\n|-heal|p2a: Clodsire|90\/100|[from] item: Black Sludge\n|upkeep\n|turn|10\n|\n|t:|1700370742\n|move|p1a: Breloom|Spore|p2a: Clodsire\n|-status|p2a: Clodsire|slp|[from] move: Spore\n|cant|p2a: Clodsire|slp\n|\n|-heal|p2a: Clodsire|96\/100 slp|[from] item: Black Sludge\n|upkeep\n|turn|11\n|\n|t:|1700370751\n|move|p1a: Breloom|Substitute|p1a: Breloom\n|-start|p1a: Breloom|Substitute\n|-damage|p1a: Breloom|76\/100 tox\n|cant|p2a: Clodsire|slp\n|\n|-heal|p2a: Clodsire|100\/100 slp|[from] item: Black Sludge\n|-heal|p1a: Breloom|88\/100 tox|[from] ability: Poison Heal\n|upkeep\n|turn|12\n|\n|t:|1700370760\n|move|p1a: Breloom|Leech Seed|p2a: Clodsire\n|-start|p2a: Clodsire|move: Leech Seed\n|-curestatus|p2a: Clodsire|slp|[msg]\n|move|p2a: Clodsire|Toxic Spikes|p1a: Breloom\n|-sidestart|p1: mysticalcheese|move: Toxic Spikes\n|\n|-damage|p2a: Clodsire|88\/100|[from] Leech Seed|[of] p1a: Breloom\n|-heal|p1a: Breloom|100\/100 tox|[silent]\n|upkeep\n|turn|13\n|\n|t:|1700370770\n|switch|p2a: Hatterene|Hatterene, F|100\/100\n|-damage|p2a: Hatterene|88\/100|[from] Stealth Rock\n|move|p1a: Breloom|Spore|p2a: Hatterene\n|move|p2a: Hatterene|Spore|p1a: Breloom|[from]ability: Magic Bounce\n|-immune|p1a: Breloom\n|\n|-heal|p2a: Hatterene|94\/100|[from] item: Leftovers\n|upkeep\n|turn|14\n|\n|t:|1700370782\n|move|p1a: Breloom|Leech Seed|p2a: Hatterene\n|move|p2a: Hatterene|Leech Seed|p1a: Breloom|[from]ability: Magic Bounce\n|-immune|p1a: Breloom\n|move|p2a: Hatterene|Dazzling Gleam|p1a: Breloom\n|-supereffective|p1a: Breloom\n|-end|p1a: Breloom|Substitute\n|\n|-heal|p2a: Hatterene|99\/100|[from] item: Leftovers\n|upkeep\n|turn|15\n|\n|t:|1700370794\n|switch|p1a: Diancie|Diancie|68\/100\n|-status|p1a: Diancie|psn\n|move|p2a: Hatterene|Calm Mind|p2a: Hatterene\n|-boost|p2a: Hatterene|spa|1\n|-boost|p2a: Hatterene|spd|1\n|\n|-heal|p2a: Hatterene|100\/100|[from] item: Leftovers\n|-damage|p1a: Diancie|56\/100 psn|[from] psn\n|upkeep\n|turn|16\n|\n|t:|1700370813\n|move|p1a: Diancie|Power Gem|p2a: Hatterene\n|-crit|p2a: Hatterene\n|-damage|p2a: Hatterene|43\/100\n|move|p2a: Hatterene|Psychic|p1a: Diancie\n|-damage|p1a: Diancie|25\/100 psn\n|\n|-heal|p2a: Hatterene|49\/100|[from] item: Leftovers\n|-damage|p1a: Diancie|13\/100 psn|[from] psn\n|upkeep\n|turn|17\n|\n|t:|1700370826\n|move|p1a: Diancie|Diamond Storm|p2a: Hatterene\n|-damage|p2a: Hatterene|20\/100\n|-boost|p1a: Diancie|def|2\n|move|p2a: Hatterene|Psychic|p1a: Diancie\n|-damage|p1a: Diancie|0 fnt\n|faint|p1a: Diancie\n|\n|-heal|p2a: Hatterene|26\/100|[from] item: Leftovers\n|upkeep\n|\n|t:|1700370837\n|switch|p1a: Ogerpon|Ogerpon-Cornerstone, F|100\/100\n|-status|p1a: Ogerpon|psn\n|turn|18\n|\n|t:|1700370857\n|switch|p2a: Corviknight|Corviknight, M, shiny|100\/100\n|-damage|p2a: Corviknight|88\/100|[from] Stealth Rock\n|move|p1a: Ogerpon|U-turn|p2a: Corviknight\n|-resisted|p2a: Corviknight\n|-damage|p2a: Corviknight|82\/100\n|\n|t:|1700370864\n|switch|p1a: Breloom|Breloom, M|100\/100 tox|[from] U-turn\n|\n|-heal|p2a: Corviknight|88\/100|[from] item: Leftovers\n|upkeep\n|turn|19\n|\n|t:|1700370875\n|switch|p1a: Ogerpon|Ogerpon-Cornerstone, F|100\/100 psn\n|move|p2a: Corviknight|Brave Bird|p1a: Ogerpon\n|-damage|p1a: Ogerpon|53\/100 psn\n|-damage|p2a: Corviknight|76\/100|[from] Recoil\n|\n|-heal|p2a: Corviknight|83\/100|[from] item: Leftovers\n|-damage|p1a: Ogerpon|40\/100 psn|[from] psn\n|upkeep\n|turn|20\n|\n|t:|1700370888\n|move|p1a: Ogerpon|Ivy Cudgel|p2a: Corviknight|[anim] Ivy Cudgel Rock\n|-damage|p2a: Corviknight|31\/100\n|move|p2a: Corviknight|Bulk Up|p2a: Corviknight\n|-boost|p2a: Corviknight|atk|1\n|-boost|p2a: Corviknight|def|1\n|\n|-heal|p2a: Corviknight|37\/100|[from] item: Leftovers\n|-damage|p1a: Ogerpon|28\/100 psn|[from] psn\n|upkeep\n|turn|21\n|\n|t:|1700370898\n|move|p1a: Ogerpon|Ivy Cudgel|p2a: Corviknight|[anim] Ivy Cudgel Rock\n|-damage|p2a: Corviknight|6\/100\n|move|p2a: Corviknight|Roost|p2a: Corviknight\n|-heal|p2a: Corviknight|56\/100\n|-singleturn|p2a: Corviknight|move: Roost\n|\n|-heal|p2a: Corviknight|62\/100|[from] item: Leftovers\n|-damage|p1a: Ogerpon|16\/100 psn|[from] psn\n|upkeep\n|turn|22\n|\n|t:|1700370910\n|move|p1a: Ogerpon|Ivy Cudgel|p2a: Corviknight|[anim] Ivy Cudgel Rock\n|-damage|p2a: Corviknight|27\/100\n|move|p2a: Corviknight|Roost|p2a: Corviknight\n|-heal|p2a: Corviknight|77\/100\n|-singleturn|p2a: Corviknight|move: Roost\n|\n|-heal|p2a: Corviknight|83\/100|[from] item: Leftovers\n|-damage|p1a: Ogerpon|3\/100 psn|[from] psn\n|upkeep\n|turn|23\n|\n|t:|1700370920\n|move|p1a: Ogerpon|Ivy Cudgel|p2a: Corviknight|[anim] Ivy Cudgel Rock\n|-damage|p2a: Corviknight|49\/100\n|move|p2a: Corviknight|Roost|p2a: Corviknight\n|-heal|p2a: Corviknight|99\/100\n|-singleturn|p2a: Corviknight|move: Roost\n|\n|-heal|p2a: Corviknight|100\/100|[from] item: Leftovers\n|-damage|p1a: Ogerpon|0 fnt|[from] psn\n|faint|p1a: Ogerpon\n|upkeep\n|\n|t:|1700370931\n|switch|p1a: Breloom|Breloom, M|100\/100 tox\n|turn|24\n|\n|t:|1700370937\n|move|p1a: Breloom|Substitute|p1a: Breloom\n|-start|p1a: Breloom|Substitute\n|-damage|p1a: Breloom|76\/100 tox\n|move|p2a: Corviknight|Brave Bird|p1a: Breloom\n|-supereffective|p1a: Breloom\n|-end|p1a: Breloom|Substitute\n|-damage|p2a: Corviknight|94\/100|[from] Recoil|[of] p1a: Breloom\n|\n|-heal|p2a: Corviknight|99\/100|[from] item: Leftovers\n|-heal|p1a: Breloom|88\/100 tox|[from] ability: Poison Heal\n|upkeep\n|turn|25\n|\n|t:|1700370969\n|move|p1a: Breloom|Spore|p2a: Corviknight\n|-status|p2a: Corviknight|slp|[from] move: Spore\n|cant|p2a: Corviknight|slp\n|\n|-heal|p2a: Corviknight|100\/100 slp|[from] item: Leftovers\n|-heal|p1a: Breloom|100\/100 tox|[from] ability: Poison Heal\n|upkeep\n|turn|26\n|\n|t:|1700370983\n|switch|p2a: Hatterene|Hatterene, F|26\/100\n|-damage|p2a: Hatterene|14\/100|[from] Stealth Rock\n|move|p1a: Breloom|Drain Punch|p2a: Hatterene\n|-resisted|p2a: Hatterene\n|-damage|p2a: Hatterene|7\/100\n|\n|-heal|p2a: Hatterene|13\/100|[from] item: Leftovers\n|upkeep\n|turn|27\n|\n|t:|1700370994\n|move|p1a: Breloom|Drain Punch|p2a: Hatterene\n|-resisted|p2a: Hatterene\n|-damage|p2a: Hatterene|7\/100\n|move|p2a: Hatterene|Psychic|p1a: Breloom\n|-supereffective|p1a: Breloom\n|-damage|p1a: Breloom|11\/100 tox\n|\n|-heal|p2a: Hatterene|13\/100|[from] item: Leftovers\n|-heal|p1a: Breloom|23\/100 tox|[from] ability: Poison Heal\n|upkeep\n|turn|28\n|\n|t:|1700371009\n|move|p1a: Breloom|Drain Punch|p2a: Hatterene\n|-resisted|p2a: Hatterene\n|-damage|p2a: Hatterene|7\/100\n|-heal|p1a: Breloom|26\/100 tox|[from] drain|[of] p2a: Hatterene\n|move|p2a: Hatterene|Draining Kiss|p1a: Breloom\n|-supereffective|p1a: Breloom\n|-damage|p1a: Breloom|0 fnt\n|-heal|p2a: Hatterene|27\/100|[from] drain|[of] p1a: Breloom\n|faint|p1a: Breloom\n|\n|win|currys\n|l|\u2606mysticalcheese\n","uploadtime":1700371027,"views":7,"p1id":"mysticalcheese","p2id":"currys","formatid":"gen9ubers","rating":0,"private":0,"password":""}