{"id":"gen9ubers-1975818352","p1":"austinerzs","p2":"JohnLongGone","format":"[Gen 9] Ubers","log":"|j|\u2606austinerzs\n|j|\u203dJohnLongGone\n|t:|1698240969\n|gametype|singles\n|player|p1|austinerzs|riley|\n|player|p2|JohnLongGone|caitlin|\n|teamsize|p1|6\n|teamsize|p2|6\n|gen|9\n|tier|[Gen 9] Ubers\n|rule|Sleep Clause Mod: Limit one foe put to sleep\n|rule|Species Clause: Limit one of each Pok\u00e9mon\n|rule|OHKO Clause: OHKO moves are banned\n|rule|Evasion Items Clause: Evasion items are banned\n|rule|Evasion Moves Clause: Evasion moves are banned\n|rule|Endless Battle Clause: Forcing endless battles is banned\n|rule|HP Percentage Mod: HP is shown in percentages\n|clearpoke\n|poke|p1|Ursaluna, F|\n|poke|p1|Slowking-Galar, F|\n|poke|p1|Magearna|\n|poke|p1|Dialga-Origin|\n|poke|p1|Conkeldurr, F|\n|poke|p1|Arceus-Fire|\n|poke|p2|Masquerain, F|\n|poke|p2|Landorus, M|\n|poke|p2|Zacian-*|\n|poke|p2|Arceus-Fire|\n|poke|p2|Basculegion-F, F|\n|poke|p2|Roaring Moon|\n|teampreview\n|c|\u2606austinerzs|glhf\n|inactive|Battle timer is ON: inactive players will automatically lose when time's up. (requested by JohnLongGone)\n|\n|t:|1698240996\n|start\n|switch|p1a: Slowking|Slowking-Galar, F, shiny|100\/100\n|switch|p2a: Landorus|Landorus, M|100\/100\n|turn|1\n|\n|t:|1698241006\n|switch|p1a: Conkeldurr|Conkeldurr, F|100\/100\n|move|p2a: Landorus|Substitute|p2a: Landorus\n|-start|p2a: Landorus|Substitute\n|-damage|p2a: Landorus|76\/100\n|\n|-status|p1a: Conkeldurr|brn|[from] item: Flame Orb\n|upkeep\n|turn|2\n|\n|t:|1698241015\n|move|p2a: Landorus|Nasty Plot|p2a: Landorus\n|-boost|p2a: Landorus|spa|2\n|move|p1a: Conkeldurr|Ice Punch|p2a: Landorus\n|-supereffective|p2a: Landorus\n|-end|p2a: Landorus|Substitute\n|\n|-damage|p1a: Conkeldurr|94\/100 brn|[from] brn\n|upkeep\n|turn|3\n|inactive|JohnLongGone has 270 seconds left.\n|\n|t:|1698241053\n|move|p2a: Landorus|Earth Power|p1a: Conkeldurr\n|-damage|p1a: Conkeldurr|0 fnt\n|faint|p1a: Conkeldurr\n|\n|upkeep\n|\n|t:|1698241072\n|switch|p1a: Dialga|Dialga-Origin, shiny|100\/100\n|-ability|p1a: Dialga|Pressure\n|turn|4\n|inactive|JohnLongGone has 270 seconds left.\n|\n|t:|1698241105\n|-terastallize|p1a: Dialga|Ground\n|move|p2a: Landorus|Substitute|p2a: Landorus\n|-start|p2a: Landorus|Substitute\n|-damage|p2a: Landorus|51\/100\n|move|p1a: Dialga|Trick Room|p1a: Dialga\n|-fieldstart|move: Trick Room|[of] p1a: Dialga\n|\n|upkeep\n|turn|5\n|\n|t:|1698241111\n|move|p1a: Dialga|Flash Cannon|p2a: Landorus\n|-end|p2a: Landorus|Substitute\n|move|p2a: Landorus|Earth Power|p1a: Dialga\n|-damage|p1a: Dialga|5\/100\n|\n|upkeep\n|turn|6\n|\n|t:|1698241121\n|switch|p2a: Arceus|Arceus-Fire|100\/100\n|move|p1a: Dialga|Draco Meteor|p2a: Arceus\n|-damage|p2a: Arceus|29\/100\n|-unboost|p1a: Dialga|spa|2\n|\n|upkeep\n|turn|7\n|inactive|JohnLongGone has 270 seconds left.\n|\n|t:|1698241127\n|switch|p1a: Ursaluna|Ursaluna, F|100\/100\n|move|p2a: Arceus|Extreme Speed|p1a: Ursaluna\n|-damage|p1a: Ursaluna|80\/100\n|\n|-status|p1a: Ursaluna|brn|[from] item: Flame Orb\n|upkeep\n|turn|8\n|inactive|JohnLongGone has 270 seconds left.\n|\n|t:|1698241146\n|move|p2a: Arceus|Extreme Speed|p1a: Ursaluna\n|-damage|p1a: Ursaluna|59\/100 brn\n|move|p1a: Ursaluna|Facade|p2a: Arceus\n|-damage|p2a: Arceus|0 fnt\n|faint|p2a: Arceus\n|\n|-damage|p1a: Ursaluna|53\/100 brn|[from] brn\n|-fieldend|move: Trick Room\n|upkeep\n|\n|t:|1698241167\n|switch|p2a: Zacian|Zacian|100\/100\n|-ability|p2a: Zacian|Intrepid Sword|boost\n|-boost|p2a: Zacian|atk|1\n|turn|9\n|\n|t:|1698241172\n|switch|p1a: Slowking|Slowking-Galar, F, shiny|100\/100\n|move|p2a: Zacian|Close Combat|p1a: Slowking\n|-resisted|p1a: Slowking\n|-damage|p1a: Slowking|89\/100\n|-unboost|p2a: Zacian|def|1\n|-unboost|p2a: Zacian|spd|1\n|\n|-heal|p1a: Slowking|95\/100|[from] item: Leftovers\n|upkeep\n|turn|10\n|\n|t:|1698241182\n|switch|p2a: Masquerain|Masquerain, F|100\/100\n|-ability|p2a: Masquerain|Intimidate|boost\n|-unboost|p1a: Slowking|atk|1\n|move|p1a: Slowking|Trick Room|p1a: Slowking\n|-fieldstart|move: Trick Room|[of] p1a: Slowking\n|\n|-heal|p1a: Slowking|100\/100|[from] item: Leftovers\n|upkeep\n|turn|11\n|\n|t:|1698241187\n|move|p1a: Slowking|Sludge Bomb|p2a: Masquerain\n|-damage|p2a: Masquerain|66\/100\n|move|p2a: Masquerain|Whirlwind|p1a: Slowking\n|drag|p1a: Ursaluna|Ursaluna, F|53\/100 brn\n|\n|-damage|p1a: Ursaluna|47\/100 brn|[from] brn\n|upkeep\n|turn|12\n|\n|t:|1698241193\n|move|p1a: Ursaluna|Facade|p2a: Masquerain\n|-damage|p2a: Masquerain|0 fnt\n|faint|p2a: Masquerain\n|\n|-damage|p1a: Ursaluna|41\/100 brn|[from] brn\n|upkeep\n|inactive|JohnLongGone has 270 seconds left.\n|inactive|JohnLongGone has 240 seconds left.\n|inactive|JohnLongGone has 210 seconds left.\n|inactive|JohnLongGone has 180 seconds left.\n|\n|t:|1698241317\n|switch|p2a: Zacian|Zacian|100\/100\n|turn|13\n|\n|t:|1698241323\n|move|p1a: Ursaluna|Headlong Rush|p2a: Zacian\n|-damage|p2a: Zacian|1\/100\n|-unboost|p1a: Ursaluna|def|1\n|-unboost|p1a: Ursaluna|spd|1\n|move|p2a: Zacian|Close Combat|p1a: Ursaluna\n|-supereffective|p1a: Ursaluna\n|-damage|p1a: Ursaluna|0 fnt\n|-unboost|p2a: Zacian|def|1\n|-unboost|p2a: Zacian|spd|1\n|faint|p1a: Ursaluna\n|\n|upkeep\n|c|\u2606austinerzs|bruh\n|\n|t:|1698241334\n|switch|p1a: Dialga|Dialga-Origin, shiny, tera:Ground|5\/100\n|-ability|p1a: Dialga|Pressure\n|turn|14\n|\n|t:|1698241338\n|move|p1a: Dialga|Flash Cannon|p2a: Zacian\n|-supereffective|p2a: Zacian\n|-damage|p2a: Zacian|0 fnt\n|faint|p2a: Zacian\n|\n|-fieldend|move: Trick Room\n|upkeep\n|\n|t:|1698241346\n|switch|p2a: Landorus|Landorus, M|51\/100\n|turn|15\n|\n|t:|1698241348\n|move|p2a: Landorus|Earth Power|p1a: Dialga\n|-damage|p1a: Dialga|0 fnt\n|faint|p1a: Dialga\n|\n|upkeep\n|\n|t:|1698241352\n|switch|p1a: Slowking|Slowking-Galar, F, shiny|100\/100\n|turn|16\n|\n|t:|1698241357\n|move|p2a: Landorus|Earth Power|p1a: Slowking\n|-supereffective|p1a: Slowking\n|-damage|p1a: Slowking|0 fnt\n|faint|p1a: Slowking\n|\n|upkeep\n|\n|t:|1698241361\n|switch|p1a: Arceus|Arceus-Fire|100\/100\n|turn|17\n|\n|t:|1698241371\n|move|p1a: Arceus|Extreme Speed|p2a: Landorus\n|-damage|p2a: Landorus|18\/100\n|move|p2a: Landorus|Earth Power|p1a: Arceus\n|-supereffective|p1a: Arceus\n|-damage|p1a: Arceus|7\/100\n|\n|upkeep\n|turn|18\n|\n|t:|1698241378\n|move|p1a: Arceus|Extreme Speed|p2a: Landorus\n|-damage|p2a: Landorus|0 fnt\n|faint|p2a: Landorus\n|\n|upkeep\n|\n|t:|1698241392\n|switch|p2a: Basculegion|Basculegion-F, F|100\/100\n|turn|19\n|\n|t:|1698241396\n|-terastallize|p2a: Basculegion|Ghost\n|move|p1a: Arceus|Extreme Speed|p2a: Basculegion\n|-immune|p2a: Basculegion\n|move|p2a: Basculegion|Last Respects|p1a: Arceus\n|-damage|p1a: Arceus|0 fnt\n|faint|p1a: Arceus\n|\n|upkeep\n|\n|t:|1698241403\n|switch|p1a: Magearna|Magearna|100\/100\n|turn|20\n|\n|t:|1698241408\n|move|p2a: Basculegion|Last Respects|p1a: Magearna\n|-damage|p1a: Magearna|0 fnt\n|faint|p1a: Magearna\n|\n|win|JohnLongGone\n|c|\u2606austinerzs|gg\n","uploadtime":1698241418,"views":38,"p1id":"austinerzs","p2id":"johnlonggone","formatid":"gen9ubers","rating":0,"private":0,"password":""}