{"id":"gen9ubers-1972609135","p1":"Laprasrules12","p2":"DangerLeaderLizana","format":"[Gen 9] Ubers","log":"|j|\u2606Laprasrules12\n|j|\u2606DangerLeaderLizana\n|t:|1697863816\n|gametype|singles\n|player|p1|Laprasrules12|lusamine-nihilego|\n|player|p2|DangerLeaderLizana|266|\n|teamsize|p1|6\n|teamsize|p2|6\n|gen|9\n|tier|[Gen 9] Ubers\n|rule|Sleep Clause Mod: Limit one foe put to sleep\n|rule|Species Clause: Limit one of each Pok\u00e9mon\n|rule|OHKO Clause: OHKO moves are banned\n|rule|Evasion Items Clause: Evasion items are banned\n|rule|Evasion Moves Clause: Evasion moves are banned\n|rule|Endless Battle Clause: Forcing endless battles is banned\n|rule|HP Percentage Mod: HP is shown in percentages\n|clearpoke\n|poke|p1|Arceus-Fighting|\n|poke|p1|Espathra, F|\n|poke|p1|Zacian-*|\n|poke|p1|Palkia-Origin|\n|poke|p1|Cyclizar, F|\n|poke|p1|Magearna-Original|\n|poke|p2|Zacian-*|\n|poke|p2|Giratina|\n|poke|p2|Ursaluna-Bloodmoon, M|\n|poke|p2|Palkia-Origin|\n|poke|p2|Arceus-Poison|\n|poke|p2|Enamorus, F|\n|teampreview\n|inactive|Battle timer is ON: inactive players will automatically lose when time's up. (requested by DangerLeaderLizana)\n|inactive|Laprasrules12 also wants the timer to be on.\n|\n|t:|1697863826\n|start\n|switch|p1a: Say Gex|Cyclizar, F, shiny|100\/100\n|switch|p2a: Enamorus|Enamorus, F|100\/100\n|turn|1\n|\n|t:|1697863830\n|move|p1a: Say Gex|Shed Tail|p1a: Say Gex\n|-start|p1a: Say Gex|Substitute|[from] move: Shed Tail\n|-damage|p1a: Say Gex|50\/100\n|\n|t:|1697863833\n|switch|p1a: Cleopatra|Espathra, F, shiny|100\/100|[from] Shed Tail\n|move|p2a: Enamorus|Moonblast|p1a: Cleopatra\n|-end|p1a: Cleopatra|Substitute\n|\n|upkeep\n|turn|2\n|\n|t:|1697863846\n|move|p1a: Cleopatra|Protect|p1a: Cleopatra\n|-singleturn|p1a: Cleopatra|Protect\n|move|p2a: Enamorus|Moonblast|p1a: Cleopatra\n|-activate|p1a: Cleopatra|move: Protect\n|\n|-ability|p1a: Cleopatra|Speed Boost|boost\n|-boost|p1a: Cleopatra|spe|1\n|upkeep\n|turn|3\n|\n|t:|1697863851\n|move|p2a: Enamorus|Moonblast|p1a: Cleopatra\n|-damage|p1a: Cleopatra|22\/100\n|-unboost|p1a: Cleopatra|spa|1\n|move|p1a: Cleopatra|Calm Mind|p1a: Cleopatra\n|-boost|p1a: Cleopatra|spa|1\n|-boost|p1a: Cleopatra|spd|1\n|\n|-heal|p1a: Cleopatra|28\/100|[from] item: Leftovers\n|-ability|p1a: Cleopatra|Speed Boost|boost\n|-boost|p1a: Cleopatra|spe|1\n|upkeep\n|turn|4\n|\n|t:|1697863854\n|move|p1a: Cleopatra|Protect|p1a: Cleopatra\n|-singleturn|p1a: Cleopatra|Protect\n|move|p2a: Enamorus|Moonblast|p1a: Cleopatra\n|-activate|p1a: Cleopatra|move: Protect\n|\n|-heal|p1a: Cleopatra|34\/100|[from] item: Leftovers\n|-ability|p1a: Cleopatra|Speed Boost|boost\n|-boost|p1a: Cleopatra|spe|1\n|upkeep\n|turn|5\n|\n|t:|1697863859\n|move|p1a: Cleopatra|Stored Power|p2a: Enamorus\n|-damage|p2a: Enamorus|38\/100\n|move|p2a: Enamorus|Moonblast|p1a: Cleopatra\n|-damage|p1a: Cleopatra|0 fnt\n|faint|p1a: Cleopatra\n|\n|upkeep\n|\n|t:|1697863861\n|switch|p1a: Pok\u00e9ball|Magearna-Original|100\/100\n|turn|6\n|\n|t:|1697863865\n|switch|p2a: Ursaluna|Ursaluna-Bloodmoon, M|100\/100\n|move|p1a: Pok\u00e9ball|Spikes|p2a: Ursaluna\n|-sidestart|p2: DangerLeaderLizana|Spikes\n|\n|upkeep\n|turn|7\n|\n|t:|1697863868\n|switch|p1a: Sif|Zacian, shiny|100\/100\n|-ability|p1a: Sif|Intrepid Sword|boost\n|-boost|p1a: Sif|atk|1\n|move|p2a: Ursaluna|Calm Mind|p2a: Ursaluna\n|-boost|p2a: Ursaluna|spa|1\n|-boost|p2a: Ursaluna|spd|1\n|\n|upkeep\n|turn|8\n|\n|t:|1697863871\n|move|p1a: Sif|Swords Dance|p1a: Sif\n|-boost|p1a: Sif|atk|2\n|move|p2a: Ursaluna|Blood Moon|p1a: Sif\n|-damage|p1a: Sif|0 fnt\n|faint|p1a: Sif\n|\n|upkeep\n|\n|t:|1697863875\n|switch|p1a: Kratos|Arceus-Fighting, shiny|100\/100\n|turn|9\n|\n|t:|1697863878\n|switch|p2a: Enamorus|Enamorus, F|38\/100\n|move|p1a: Kratos|Cosmic Power|p1a: Kratos\n|-boost|p1a: Kratos|def|1\n|-boost|p1a: Kratos|spd|1\n|\n|upkeep\n|turn|10\n|\n|t:|1697863884\n|-terastallize|p1a: Kratos|Poison\n|move|p2a: Enamorus|Earth Power|p1a: Kratos\n|-supereffective|p1a: Kratos\n|-damage|p1a: Kratos|70\/100\n|move|p1a: Kratos|Stored Power|p2a: Enamorus\n|-damage|p2a: Enamorus|14\/100\n|\n|upkeep\n|turn|11\n|\n|t:|1697863889\n|move|p2a: Enamorus|Earth Power|p1a: Kratos\n|-supereffective|p1a: Kratos\n|-damage|p1a: Kratos|37\/100\n|move|p1a: Kratos|Cosmic Power|p1a: Kratos\n|-boost|p1a: Kratos|def|1\n|-boost|p1a: Kratos|spd|1\n|\n|upkeep\n|turn|12\n|\n|t:|1697863892\n|move|p2a: Enamorus|Earth Power|p1a: Kratos\n|-supereffective|p1a: Kratos\n|-damage|p1a: Kratos|15\/100\n|move|p1a: Kratos|Recover|p1a: Kratos\n|-heal|p1a: Kratos|65\/100\n|\n|upkeep\n|turn|13\n|\n|t:|1697863895\n|move|p2a: Enamorus|Earth Power|p1a: Kratos\n|-supereffective|p1a: Kratos\n|-damage|p1a: Kratos|40\/100\n|move|p1a: Kratos|Recover|p1a: Kratos\n|-heal|p1a: Kratos|90\/100\n|\n|upkeep\n|turn|14\n|\n|t:|1697863898\n|move|p2a: Enamorus|Earth Power|p1a: Kratos\n|-supereffective|p1a: Kratos\n|-damage|p1a: Kratos|66\/100\n|move|p1a: Kratos|Stored Power|p2a: Enamorus\n|-damage|p2a: Enamorus|0 fnt\n|faint|p2a: Enamorus\n|\n|upkeep\n|\n|t:|1697863906\n|switch|p2a: Ursaluna|Ursaluna-Bloodmoon, M|100\/100\n|-damage|p2a: Ursaluna|88\/100|[from] Spikes\n|turn|15\n|\n|t:|1697863908\n|move|p1a: Kratos|Body Press|p2a: Ursaluna\n|-supereffective|p2a: Ursaluna\n|-damage|p2a: Ursaluna|0 fnt\n|faint|p2a: Ursaluna\n|\n|upkeep\n|\n|t:|1697863912\n|switch|p2a: Zacian|Zacian|100\/100\n|-ability|p2a: Zacian|Intrepid Sword|boost\n|-boost|p2a: Zacian|atk|1\n|turn|16\n|\n|t:|1697863915\n|move|p2a: Zacian|Swords Dance|p2a: Zacian\n|-boost|p2a: Zacian|atk|2\n|move|p1a: Kratos|Recover|p1a: Kratos\n|-heal|p1a: Kratos|100\/100\n|\n|upkeep\n|turn|17\n|\n|t:|1697863918\n|move|p2a: Zacian|Swords Dance|p2a: Zacian\n|-boost|p2a: Zacian|atk|2\n|move|p1a: Kratos|Cosmic Power|p1a: Kratos\n|-boost|p1a: Kratos|def|1\n|-boost|p1a: Kratos|spd|1\n|\n|upkeep\n|turn|18\n|\n|t:|1697863920\n|move|p2a: Zacian|Swords Dance|p2a: Zacian\n|-boost|p2a: Zacian|atk|1\n|move|p1a: Kratos|Cosmic Power|p1a: Kratos\n|-boost|p1a: Kratos|def|1\n|-boost|p1a: Kratos|spd|1\n|\n|upkeep\n|turn|19\n|\n|t:|1697863923\n|move|p2a: Zacian|Crunch|p1a: Kratos\n|-damage|p1a: Kratos|80\/100\n|move|p1a: Kratos|Cosmic Power|p1a: Kratos\n|-boost|p1a: Kratos|def|1\n|-boost|p1a: Kratos|spd|1\n|\n|upkeep\n|turn|20\n|\n|t:|1697863925\n|-terastallize|p2a: Zacian|Dark\n|move|p2a: Zacian|Crunch|p1a: Kratos\n|-damage|p1a: Kratos|56\/100\n|move|p1a: Kratos|Body Press|p2a: Zacian\n|-supereffective|p2a: Zacian\n|-damage|p2a: Zacian|0 fnt\n|faint|p2a: Zacian\n|\n|upkeep\n|\n|t:|1697863932\n|switch|p2a: Palkia|Palkia-Origin|100\/100\n|-damage|p2a: Palkia|88\/100|[from] Spikes\n|-ability|p2a: Palkia|Pressure\n|turn|21\n|\n|t:|1697863935\n|move|p2a: Palkia|Spacial Rend|p1a: Kratos\n|-damage|p1a: Kratos|44\/100\n|move|p1a: Kratos|Body Press|p2a: Palkia\n|-damage|p2a: Palkia|0 fnt\n|faint|p2a: Palkia\n|\n|upkeep\n|\n|t:|1697863937\n|switch|p2a: Giratina|Giratina|100\/100\n|-damage|p2a: Giratina|88\/100|[from] Spikes\n|-ability|p2a: Giratina|Pressure\n|turn|22\n|\n|t:|1697863942\n|move|p1a: Kratos|Stored Power|p2a: Giratina\n|-damage|p2a: Giratina|57\/100\n|move|p2a: Giratina|Shadow Ball|p1a: Kratos\n|-damage|p1a: Kratos|36\/100\n|\n|-heal|p2a: Giratina|63\/100|[from] item: Leftovers\n|upkeep\n|turn|23\n|\n|t:|1697863945\n|move|p1a: Kratos|Stored Power|p2a: Giratina\n|-damage|p2a: Giratina|26\/100\n|move|p2a: Giratina|Shadow Ball|p1a: Kratos\n|-damage|p1a: Kratos|28\/100\n|\n|-heal|p2a: Giratina|32\/100|[from] item: Leftovers\n|upkeep\n|turn|24\n|\n|t:|1697863947\n|move|p1a: Kratos|Stored Power|p2a: Giratina\n|-damage|p2a: Giratina|0 fnt\n|faint|p2a: Giratina\n|\n|upkeep\n|\n|t:|1697863949\n|switch|p2a: Arceus|Arceus-Poison|100\/100\n|-damage|p2a: Arceus|88\/100|[from] Spikes\n|turn|25\n|\n|t:|1697863953\n|move|p2a: Arceus|Earth Power|p1a: Kratos\n|-supereffective|p1a: Kratos\n|-damage|p1a: Kratos|17\/100\n|-unboost|p1a: Kratos|spd|1\n|move|p1a: Kratos|Body Press|p2a: Arceus\n|-resisted|p2a: Arceus\n|-crit|p2a: Arceus\n|-damage|p2a: Arceus|0 fnt\n|faint|p2a: Arceus\n|\n|win|Laprasrules12\n","uploadtime":1697863957,"views":27,"p1id":"laprasrules12","p2id":"dangerleaderlizana","formatid":"gen9ubers","rating":0,"private":0,"password":""}