{"id":"gen9ubers-1973399264","p1":"marvin1","p2":"dossa37","format":"[Gen 9] Ubers","log":"|j|\u2606marvin1\n|j|\u2606dossa37\n|t:|1697968781\n|gametype|singles\n|player|p1|marvin1|rika|\n|player|p2|dossa37|102|\n|teamsize|p1|6\n|teamsize|p2|6\n|gen|9\n|tier|[Gen 9] Ubers\n|rule|Sleep Clause Mod: Limit one foe put to sleep\n|rule|Species Clause: Limit one of each Pok\u00e9mon\n|rule|OHKO Clause: OHKO moves are banned\n|rule|Evasion Items Clause: Evasion items are banned\n|rule|Evasion Moves Clause: Evasion moves are banned\n|rule|Endless Battle Clause: Forcing endless battles is banned\n|rule|HP Percentage Mod: HP is shown in percentages\n|clearpoke\n|poke|p1|Kingambit, F|\n|poke|p1|Gallade, M|\n|poke|p1|Sneasel, F|\n|poke|p1|Vaporeon, F|\n|poke|p1|Gliscor, F|\n|poke|p1|Drifblim, M|\n|poke|p2|Iron Jugulis|\n|poke|p2|Goodra, F|\n|poke|p2|Empoleon, F|\n|poke|p2|Mudsdale, F|\n|poke|p2|Kleavor, M|\n|poke|p2|Gholdengo|\n|teampreview\n|j| stealthr2\n|j| nicneg\n|c| stealthr2|out: gloking in: sneasgoat\n|c|\u2606dossa37|well I don't like this already\n|j| thatguy_313\n|c|\u2606dossa37|glhf\n|\n|t:|1697968947\n|start\n|switch|p1a: prince|Sneasel, F, shiny|100\/100\n|switch|p2a: MoneyBags|Gholdengo|100\/100\n|-item|p2a: MoneyBags|Air Balloon\n|turn|1\n|c|\u2606marvin1|you too\n|l| nicneg\n|j| nicneg\n|\n|t:|1697968982\n|move|p1a: prince|Knock Off|p2a: MoneyBags\n|-supereffective|p2a: MoneyBags\n|-damage|p2a: MoneyBags|0 fnt\n|-enditem|p2a: MoneyBags|Air Balloon\n|faint|p2a: MoneyBags\n|\n|upkeep\n|c| stealthr2|lol\n|c|\u2606dossa37|hey\n|c|\u2606dossa37|so\n|c|\u2606dossa37|about\n|c|\u2606dossa37|that\n|\n|t:|1697969003\n|switch|p2a: PinkyPie|Mudsdale, F, shiny|100\/100\n|turn|2\n|\n|t:|1697969017\n|switch|p1a: nightcrawler|Gliscor, F|100\/100\n|move|p2a: PinkyPie|Stone Edge|p1a: nightcrawler\n|-damage|p1a: nightcrawler|71\/100\n|\n|-status|p1a: nightcrawler|tox|[from] item: Toxic Orb\n|upkeep\n|turn|3\n|\n|t:|1697969031\n|move|p1a: nightcrawler|Substitute|p1a: nightcrawler\n|-start|p1a: nightcrawler|Substitute\n|-damage|p1a: nightcrawler|46\/100 tox\n|move|p2a: PinkyPie|Close Combat|p1a: nightcrawler\n|-resisted|p1a: nightcrawler\n|-activate|p1a: nightcrawler|move: Substitute|[damage]\n|-unboost|p2a: PinkyPie|def|1\n|-unboost|p2a: PinkyPie|spd|1\n|\n|-heal|p1a: nightcrawler|58\/100 tox|[from] ability: Poison Heal\n|upkeep\n|turn|4\n|\n|t:|1697969049\n|move|p1a: nightcrawler|Swords Dance|p1a: nightcrawler\n|-boost|p1a: nightcrawler|atk|2\n|move|p2a: PinkyPie|Iron Head|p1a: nightcrawler\n|-end|p1a: nightcrawler|Substitute\n|\n|-heal|p1a: nightcrawler|71\/100 tox|[from] ability: Poison Heal\n|upkeep\n|turn|5\n|\n|t:|1697969108\n|switch|p2a: Gooey|Goodra, F, shiny|100\/100\n|move|p1a: nightcrawler|Substitute|p1a: nightcrawler\n|-start|p1a: nightcrawler|Substitute\n|-damage|p1a: nightcrawler|46\/100 tox\n|\n|-heal|p1a: nightcrawler|58\/100 tox|[from] ability: Poison Heal\n|upkeep\n|turn|6\n|\n|t:|1697969131\n|-terastallize|p1a: nightcrawler|Fairy\n|move|p1a: nightcrawler|Swords Dance|p1a: nightcrawler\n|-boost|p1a: nightcrawler|atk|2\n|move|p2a: Gooey|Ice Beam|p1a: nightcrawler\n|-end|p1a: nightcrawler|Substitute\n|\n|-heal|p1a: nightcrawler|71\/100 tox|[from] ability: Poison Heal\n|upkeep\n|turn|7\n|\n|t:|1697969141\n|move|p1a: nightcrawler|Earthquake|p2a: Gooey\n|-damage|p2a: Gooey|0 fnt\n|faint|p2a: Gooey\n|\n|-heal|p1a: nightcrawler|83\/100 tox|[from] ability: Poison Heal\n|upkeep\n|\n|t:|1697969148\n|switch|p2a: SzciorHands|Kleavor, M, shiny|100\/100\n|turn|8\n|\n|t:|1697969205\n|move|p1a: nightcrawler|Earthquake|p2a: SzciorHands\n|-enditem|p2a: SzciorHands|Focus Sash\n|-damage|p2a: SzciorHands|1\/100\n|move|p2a: SzciorHands|Counter|p1a: nightcrawler\n|-damage|p1a: nightcrawler|0 fnt\n|faint|p1a: nightcrawler\n|\n|upkeep\n|c|\u2606dossa37|its gonna happen once a week\n|c| stealthr2|he\u2019s gotten away with it ahain\n|c| nicneg|my guy\n|c|\u2606dossa37|for my mentor\n|\n|t:|1697969227\n|switch|p1a: prince|Sneasel, F, shiny|100\/100\n|turn|9\n|c|\u2606dossa37|thank you for teaching me your ways nic\n|c| nicneg|the art of the cheese\n|\n|t:|1697969260\n|move|p2a: SzciorHands|Protect|p2a: SzciorHands\n|-singleturn|p2a: SzciorHands|Protect\n|move|p1a: prince|Ice Shard|p2a: SzciorHands\n|-activate|p2a: SzciorHands|move: Protect\n|\n|upkeep\n|turn|10\n|\n|t:|1697969274\n|switch|p2a: PinkyPie|Mudsdale, F, shiny|100\/100\n|move|p1a: prince|Ice Shard|p2a: PinkyPie\n|-supereffective|p2a: PinkyPie\n|-damage|p2a: PinkyPie|47\/100\n|-ability|p2a: PinkyPie|Stamina|boost\n|-boost|p2a: PinkyPie|def|1\n|\n|upkeep\n|turn|11\n|c|\u2606dossa37|what did that thing eat for breakfast\n|c| nicneg|why does this Sneasel have 400 attack\n|\n|t:|1697969293\n|switch|p1a: mipha|Vaporeon, F|100\/100\n|move|p2a: PinkyPie|Iron Head|p1a: mipha\n|-resisted|p1a: mipha\n|-damage|p1a: mipha|86\/100\n|\n|-heal|p1a: mipha|92\/100|[from] item: Leftovers\n|upkeep\n|turn|12\n|\n|t:|1697969311\n|switch|p2a: Flippers|Empoleon, F, shiny|100\/100\n|move|p1a: mipha|Scald|p2a: Flippers\n|-resisted|p2a: Flippers\n|-damage|p2a: Flippers|88\/100\n|\n|-heal|p1a: mipha|98\/100|[from] item: Leftovers\n|upkeep\n|turn|13\n|\n|t:|1697969348\n|move|p1a: mipha|Wish|p1a: mipha\n|move|p2a: Flippers|Ice Beam|p1a: mipha\n|-resisted|p1a: mipha\n|-damage|p1a: mipha|90\/100\n|\n|-heal|p1a: mipha|96\/100|[from] item: Leftovers\n|upkeep\n|turn|14\n|\n|t:|1697969363\n|switch|p1a: celery|Gallade, M|100\/100\n|move|p2a: Flippers|Flip Turn|p1a: celery\n|-damage|p1a: celery|75\/100\n|\n|t:|1697969389\n|switch|p2a: JugglesTheClown|Iron Jugulis, shiny|100\/100|[from] Flip Turn\n|\n|-heal|p1a: celery|100\/100|[from] move: Wish|[wisher] mipha\n|upkeep\n|turn|15\n|\n|t:|1697969447\n|switch|p1a: mipha|Vaporeon, F|96\/100\n|move|p2a: JugglesTheClown|Dark Pulse|p1a: mipha\n|-damage|p1a: mipha|60\/100\n|\n|-heal|p1a: mipha|66\/100|[from] item: Leftovers\n|upkeep\n|turn|16\n|\n|t:|1697969455\n|move|p2a: JugglesTheClown|Dark Pulse|p1a: mipha\n|-damage|p1a: mipha|30\/100\n|move|p1a: mipha|Yawn|p2a: JugglesTheClown\n|-start|p2a: JugglesTheClown|move: Yawn|[of] p1a: mipha\n|\n|-heal|p1a: mipha|36\/100|[from] item: Leftovers\n|upkeep\n|turn|17\n|\n|t:|1697969479\n|-end|p2a: JugglesTheClown|Quark Drive|[silent]\n|switch|p2a: SzciorHands|Kleavor, M, shiny|1\/100\n|switch|p1a: boss|Kingambit, F|100\/100\n|-activate|p1a: boss|ability: Supreme Overlord\n|-start|p1a: boss|fallen1|[silent]\n|\n|upkeep\n|turn|18\n|l| thatguy_313\n|\n|t:|1697969502\n|move|p1a: boss|Sucker Punch|p2a: SzciorHands\n|-damage|p2a: SzciorHands|0 fnt\n|faint|p2a: SzciorHands\n|\n|upkeep\n|\n|t:|1697969507\n|switch|p2a: PinkyPie|Mudsdale, F, shiny|47\/100\n|turn|19\n|\n|t:|1697969575\n|-end|p1a: boss|fallen1|[silent]\n|switch|p1a: celery|Gallade, M|100\/100\n|move|p2a: PinkyPie|Close Combat|p1a: celery\n|-resisted|p1a: celery\n|-damage|p1a: celery|71\/100\n|-unboost|p2a: PinkyPie|def|1\n|-unboost|p2a: PinkyPie|spd|1\n|\n|upkeep\n|turn|20\n|\n|t:|1697969598\n|switch|p2a: JugglesTheClown|Iron Jugulis, shiny|100\/100\n|move|p1a: celery|Sacred Sword|p2a: JugglesTheClown\n|-damage|p2a: JugglesTheClown|0 fnt\n|faint|p2a: JugglesTheClown\n|-end|p2a: JugglesTheClown|Quark Drive|[silent]\n|-damage|p1a: celery|61\/100|[from] item: Life Orb\n|\n|upkeep\n|\n|t:|1697969605\n|switch|p2a: Flippers|Empoleon, F, shiny|88\/100\n|turn|21\n|\n|t:|1697969634\n|move|p1a: celery|Sacred Sword|p2a: Flippers\n|-supereffective|p2a: Flippers\n|-damage|p2a: Flippers|0 fnt\n|-damage|p1a: celery|45\/100|[from] item: Rocky Helmet|[of] p2a: Flippers\n|faint|p2a: Flippers\n|-damage|p1a: celery|35\/100|[from] item: Life Orb\n|\n|upkeep\n|\n|t:|1697969641\n|switch|p2a: PinkyPie|Mudsdale, F, shiny|47\/100\n|turn|22\n|\n|t:|1697969648\n|move|p1a: celery|Aqua Cutter|p2a: PinkyPie\n|-supereffective|p2a: PinkyPie\n|-damage|p2a: PinkyPie|0 fnt\n|faint|p2a: PinkyPie\n|-damage|p1a: celery|25\/100|[from] item: Life Orb\n|\n|win|marvin1\n|c|\u2606marvin1|ggs\n|c|\u2606dossa37|gg\n|l|\u2606dossa37\n|l| stealthr2\n","uploadtime":1697969657,"views":33,"p1id":"marvin1","p2id":"dossa37","formatid":"gen9ubers","rating":0,"private":0,"password":""}