{"id":"gen9ubers-1991654904","p1":"AW64","p2":"adpg.alt","format":"[Gen 9] Ubers","log":"|j|\u2606AW64\n|j|\u2606adpg.alt\n|t:|1700098986\n|gametype|singles\n|player|p1|AW64|102|1329\n|player|p2|adpg.alt|hilbert-wonderlauncher|1407\n|teamsize|p1|6\n|teamsize|p2|6\n|gen|9\n|tier|[Gen 9] Ubers\n|rated|\n|rule|Sleep Clause Mod: Limit one foe put to sleep\n|rule|Species Clause: Limit one of each Pok\u00e9mon\n|rule|OHKO Clause: OHKO moves are banned\n|rule|Evasion Items Clause: Evasion items are banned\n|rule|Evasion Moves Clause: Evasion moves are banned\n|rule|Endless Battle Clause: Forcing endless battles is banned\n|rule|HP Percentage Mod: HP is shown in percentages\n|clearpoke\n|poke|p1|Darkrai|\n|poke|p1|Ogerpon-Hearthflame, F|\n|poke|p1|Gliscor, F|\n|poke|p1|Rayquaza|\n|poke|p1|Mewtwo|\n|poke|p1|Arceus-Fairy|\n|poke|p2|Koraidon|\n|poke|p2|Miraidon|\n|poke|p2|Zacian-*|\n|poke|p2|Ribombee, M|\n|poke|p2|Flutter Mane|\n|poke|p2|Mewtwo|\n|teampreview\n|\n|t:|1700098992\n|start\n|switch|p1a: Mewtwo|Mewtwo|100\/100\n|switch|p2a: Ribombee|Ribombee, M|100\/100\n|-ability|p1a: Mewtwo|Pressure\n|turn|1\n|\n|t:|1700098998\n|move|p1a: Mewtwo|Taunt|p2a: Ribombee\n|-start|p2a: Ribombee|move: Taunt\n|cant|p2a: Ribombee|move: Taunt|Sticky Web\n|\n|upkeep\n|turn|2\n|\n|t:|1700099006\n|switch|p2a: Flutter Mane|Flutter Mane|100\/100\n|move|p1a: Mewtwo|Psystrike|p2a: Flutter Mane\n|-damage|p2a: Flutter Mane|0 fnt\n|faint|p2a: Flutter Mane\n|-end|p2a: Flutter Mane|Protosynthesis|[silent]\n|\n|upkeep\n|\n|t:|1700099013\n|switch|p2a: Zacian|Zacian-Crowned|100\/100\n|-ability|p2a: Zacian|Intrepid Sword|boost\n|-boost|p2a: Zacian|atk|1\n|turn|3\n|\n|t:|1700099019\n|move|p2a: Zacian|Behemoth Blade|p1a: Mewtwo\n|-damage|p1a: Mewtwo|25\/100\n|move|p1a: Mewtwo|Will-O-Wisp|p2a: Zacian\n|-status|p2a: Zacian|brn\n|\n|-heal|p1a: Mewtwo|32\/100|[from] item: Leftovers\n|-damage|p2a: Zacian|94\/100 brn|[from] brn\n|upkeep\n|turn|4\n|\n|t:|1700099027\n|move|p2a: Zacian|Behemoth Blade|p1a: Mewtwo\n|-damage|p1a: Mewtwo|0 fnt\n|faint|p1a: Mewtwo\n|\n|-damage|p2a: Zacian|88\/100 brn|[from] brn\n|upkeep\n|\n|t:|1700099034\n|switch|p1a: Ogerpon|Ogerpon-Hearthflame, F|100\/100\n|-ability|p1a: Ogerpon|Mold Breaker\n|turn|5\n|\n|t:|1700099043\n|switch|p1a: Gliscor|Gliscor, F|100\/100\n|move|p2a: Zacian|Crunch|p1a: Gliscor\n|-damage|p1a: Gliscor|86\/100\n|\n|-damage|p2a: Zacian|82\/100 brn|[from] brn\n|-status|p1a: Gliscor|tox|[from] item: Toxic Orb\n|upkeep\n|turn|6\n|\n|t:|1700099050\n|move|p2a: Zacian|Swords Dance|p2a: Zacian\n|-boost|p2a: Zacian|atk|2\n|move|p1a: Gliscor|Spikes|p2a: Zacian\n|-sidestart|p2: adpg.alt|Spikes\n|\n|-heal|p1a: Gliscor|98\/100 tox|[from] ability: Poison Heal\n|-damage|p2a: Zacian|76\/100 brn|[from] brn\n|upkeep\n|turn|7\n|\n|t:|1700099056\n|move|p2a: Zacian|Behemoth Blade|p1a: Gliscor\n|-damage|p1a: Gliscor|51\/100 tox\n|move|p1a: Gliscor|Earthquake|p2a: Zacian\n|-supereffective|p2a: Zacian\n|-damage|p2a: Zacian|15\/100 brn\n|\n|-heal|p1a: Gliscor|63\/100 tox|[from] ability: Poison Heal\n|-damage|p2a: Zacian|9\/100 brn|[from] brn\n|upkeep\n|turn|8\n|\n|t:|1700099066\n|move|p2a: Zacian|Behemoth Blade|p1a: Gliscor\n|-damage|p1a: Gliscor|20\/100 tox\n|move|p1a: Gliscor|Earthquake|p2a: Zacian\n|-supereffective|p2a: Zacian\n|-damage|p2a: Zacian|0 fnt\n|faint|p2a: Zacian\n|\n|-heal|p1a: Gliscor|32\/100 tox|[from] ability: Poison Heal\n|upkeep\n|\n|t:|1700099078\n|switch|p2a: Ribombee|Ribombee, M|100\/100\n|-damage|p2a: Ribombee|88\/100|[from] Spikes\n|turn|9\n|\n|t:|1700099086\n|move|p2a: Ribombee|Moonblast|p1a: Gliscor\n|-damage|p1a: Gliscor|0 fnt\n|faint|p1a: Gliscor\n|\n|upkeep\n|\n|t:|1700099091\n|switch|p1a: Darkrai|Darkrai|100\/100\n|turn|10\n|\n|t:|1700099096\n|move|p1a: Darkrai|Sludge Bomb|p2a: Ribombee\n|-supereffective|p2a: Ribombee\n|-damage|p2a: Ribombee|0 fnt\n|faint|p2a: Ribombee\n|\n|upkeep\n|\n|t:|1700099102\n|switch|p2a: Miraidon|Miraidon|100\/100\n|-damage|p2a: Miraidon|88\/100|[from] Spikes\n|-fieldstart|move: Electric Terrain|[from] ability: Hadron Engine|[of] p2a: Miraidon\n|turn|11\n|\n|t:|1700099113\n|switch|p1a: Ogerpon|Ogerpon-Hearthflame, F|100\/100\n|-ability|p1a: Ogerpon|Mold Breaker\n|-terastallize|p2a: Miraidon|Electric\n|move|p2a: Miraidon|Electro Drift|p1a: Ogerpon\n|-resisted|p1a: Ogerpon\n|-damage|p1a: Ogerpon|28\/100\n|\n|upkeep\n|turn|12\n|\n|t:|1700099127\n|move|p2a: Miraidon|Electro Drift|p1a: Ogerpon\n|-resisted|p1a: Ogerpon\n|-damage|p1a: Ogerpon|0 fnt\n|faint|p1a: Ogerpon\n|\n|upkeep\n|\n|t:|1700099141\n|switch|p1a: Arceus|Arceus-Fairy|100\/100\n|turn|13\n|\n|t:|1700099146\n|move|p2a: Miraidon|Electro Drift|p1a: Arceus\n|-damage|p1a: Arceus|21\/100\n|move|p1a: Arceus|Earth Power|p2a: Miraidon\n|-supereffective|p2a: Miraidon\n|-damage|p2a: Miraidon|37\/100\n|\n|upkeep\n|turn|14\n|\n|t:|1700099157\n|switch|p1a: Rayquaza|Rayquaza|100\/100\n|-ability|p1a: Rayquaza|Air Lock\n|move|p2a: Miraidon|Electro Drift|p1a: Rayquaza\n|-damage|p1a: Rayquaza|0 fnt\n|faint|p1a: Rayquaza\n|\n|upkeep\n|\n|t:|1700099166\n|switch|p1a: Darkrai|Darkrai|100\/100\n|turn|15\n|\n|t:|1700099171\n|move|p2a: Miraidon|Electro Drift|p1a: Darkrai\n|-damage|p1a: Darkrai|0 fnt\n|faint|p1a: Darkrai\n|\n|-fieldend|move: Electric Terrain\n|upkeep\n|\n|t:|1700099175\n|switch|p1a: Arceus|Arceus-Fairy|21\/100\n|turn|16\n|\n|t:|1700099178\n|move|p2a: Miraidon|Electro Drift|p1a: Arceus\n|-damage|p1a: Arceus|0 fnt\n|faint|p1a: Arceus\n|\n|win|adpg.alt\n|raw|AW64's rating: 1329 &rarr; <strong>1313<\/strong><br \/>(-16 for losing)\n|raw|adpg.alt's rating: 1407 &rarr; <strong>1423<\/strong><br \/>(+16 for winning)\n|l|\u2606AW64\n","uploadtime":1700099189,"views":11,"p1id":"aw64","p2id":"adpgalt","formatid":"gen9ubers","rating":1313,"private":0,"password":""}