{"id":"gen9ubers-1977075361","p1":"MrT1011","p2":"Gliscornumber1","format":"[Gen 9] Ubers","log":"|j|\u2606MrT1011\n|j|\u2606Gliscornumber1\n|t:|1698368773\n|gametype|singles\n|player|p1|MrT1011|169|1157\n|player|p2|Gliscornumber1|giovanni|1259\n|teamsize|p1|6\n|teamsize|p2|6\n|gen|9\n|tier|[Gen 9] Ubers\n|rated|\n|rule|Sleep Clause Mod: Limit one foe put to sleep\n|rule|Species Clause: Limit one of each Pok\u00e9mon\n|rule|OHKO Clause: OHKO moves are banned\n|rule|Evasion Items Clause: Evasion items are banned\n|rule|Evasion Moves Clause: Evasion moves are banned\n|rule|Endless Battle Clause: Forcing endless battles is banned\n|rule|HP Percentage Mod: HP is shown in percentages\n|clearpoke\n|poke|p1|Skeledirge, M|\n|poke|p1|Zacian-*|\n|poke|p1|Miraidon|\n|poke|p1|Koraidon|\n|poke|p1|Ting-Lu|\n|poke|p1|Giratina-Origin|\n|poke|p2|Koraidon|\n|poke|p2|Groudon|\n|poke|p2|Chi-Yu|\n|poke|p2|Flutter Mane|\n|poke|p2|Espathra, M|\n|poke|p2|Great Tusk|\n|teampreview\n|c|\u2606MrT1011|glhf\n|c|\u2606MrT1011|ooo\n|c|\u2606Gliscornumber1|u2\n|c|\u2606MrT1011|funny speed bird\n|c|\u2606Gliscornumber1|ye\n|\n|t:|1698368800\n|start\n|switch|p1a: Miraidon|Miraidon|100\/100\n|switch|p2a: Groudon|Groudon|100\/100\n|-fieldstart|move: Electric Terrain|[from] ability: Hadron Engine|[of] p1a: Miraidon\n|-weather|SunnyDay|[from] ability: Drought|[of] p2a: Groudon\n|turn|1\n|c|\u2606MrT1011|damn\n|c|\u2606MrT1011|bad read\n|c|\u2606MrT1011|big bad\n|\n|t:|1698368820\n|switch|p1a: Giratina|Giratina-Origin|100\/100\n|move|p2a: Groudon|Will-O-Wisp|p1a: Giratina\n|-status|p1a: Giratina|brn\n|\n|-weather|SunnyDay|[upkeep]\n|-damage|p1a: Giratina|94\/100 brn|[from] brn\n|upkeep\n|turn|2\n|c|\u2606MrT1011|oof\n|\n|t:|1698368836\n|move|p2a: Groudon|Stealth Rock|p1a: Giratina\n|-sidestart|p1: MrT1011|move: Stealth Rock\n|move|p1a: Giratina|Dragon Tail|p2a: Groudon\n|-damage|p2a: Groudon|89\/100\n|drag|p2a: Koraidon|Koraidon|100\/100\n|-activate|p2a: Koraidon|ability: Orichalcum Pulse\n|\n|-weather|SunnyDay|[upkeep]\n|-damage|p1a: Giratina|88\/100 brn|[from] brn\n|upkeep\n|turn|3\n|\n|t:|1698368846\n|move|p2a: Koraidon|Scale Shot|p1a: Giratina\n|-supereffective|p1a: Giratina\n|-damage|p1a: Giratina|66\/100 brn\n|-supereffective|p1a: Giratina\n|-damage|p1a: Giratina|45\/100 brn\n|-supereffective|p1a: Giratina\n|-damage|p1a: Giratina|23\/100 brn\n|-supereffective|p1a: Giratina\n|-damage|p1a: Giratina|4\/100 brn\n|-supereffective|p1a: Giratina\n|-damage|p1a: Giratina|0 fnt\n|faint|p1a: Giratina\n|-hitcount|p1: Giratina|5\n|-unboost|p2a: Koraidon|def|1\n|-boost|p2a: Koraidon|spe|1\n|\n|-weather|SunnyDay|[upkeep]\n|upkeep\n|c|\u2606MrT1011|rip\n|\n|t:|1698368868\n|switch|p1a: Koraidon|Koraidon|100\/100\n|-damage|p1a: Koraidon|94\/100|[from] Stealth Rock\n|-activate|p1a: Koraidon|ability: Orichalcum Pulse\n|turn|4\n|c|\u2606MrT1011|i love gambling\n|c|\u2606MrT1011|wanna play the game of who outspeeds who\n|\n|t:|1698368886\n|move|p2a: Koraidon|Scale Shot|p1a: Koraidon\n|-supereffective|p1a: Koraidon\n|-damage|p1a: Koraidon|64\/100\n|-supereffective|p1a: Koraidon\n|-damage|p1a: Koraidon|33\/100\n|-supereffective|p1a: Koraidon\n|-damage|p1a: Koraidon|1\/100\n|-supereffective|p1a: Koraidon\n|-damage|p1a: Koraidon|0 fnt\n|faint|p1a: Koraidon\n|-hitcount|p1: Koraidon|4\n|-unboost|p2a: Koraidon|def|1\n|-boost|p2a: Koraidon|spe|1\n|\n|-weather|SunnyDay|[upkeep]\n|upkeep\n|c|\u2606MrT1011|fuk\n|c|\u2606Gliscornumber1|i win\n|c|\u2606MrT1011|i hate this game\n|c|\u2606MrT1011|so sad\n|c|\u2606Gliscornumber1|lol\n|\n|t:|1698368898\n|switch|p1a: Miraidon|Miraidon|100\/100\n|-damage|p1a: Miraidon|88\/100|[from] Stealth Rock\n|-activate|p1a: Miraidon|ability: Hadron Engine\n|turn|5\n|c|\u2606MrT1011|lets play it again\n|\n|t:|1698368913\n|move|p2a: Koraidon|Scale Shot|p1a: Miraidon\n|-supereffective|p1a: Miraidon\n|-damage|p1a: Miraidon|51\/100\n|-supereffective|p1a: Miraidon\n|-damage|p1a: Miraidon|13\/100\n|-supereffective|p1a: Miraidon\n|-damage|p1a: Miraidon|0 fnt\n|faint|p1a: Miraidon\n|-hitcount|p1: Miraidon|3\n|-unboost|p2a: Koraidon|def|1\n|-boost|p2a: Koraidon|spe|1\n|\n|-weather|none\n|-fieldend|move: Electric Terrain\n|upkeep\n|c|\u2606MrT1011|wait\n|c|\u2606MrT1011|ur scarf\n|c|\u2606MrT1011|omg i am stupid as hell\n|c|\u2606Gliscornumber1|LD\n|c|\u2606MrT1011|u know what\n|c|\u2606MrT1011|what if i died\n|c|\u2606Gliscornumber1|?\n|\n|t:|1698368941\n|switch|p1a: Zacian|Zacian-Crowned|100\/100\n|-damage|p1a: Zacian|94\/100|[from] Stealth Rock\n|-ability|p1a: Zacian|Intrepid Sword|boost\n|-boost|p1a: Zacian|atk|1\n|turn|6\n|c|\u2606MrT1011|irl\n|c|\u2606MrT1011|very bad tbh\n|c|\u2606MrT1011|prob not for u tho bc u mean\n|\n|t:|1698368956\n|-terastallize|p1a: Zacian|Water\n|move|p2a: Koraidon|Flare Blitz|p1a: Zacian\n|-resisted|p1a: Zacian\n|-damage|p1a: Zacian|74\/100\n|-damage|p2a: Koraidon|94\/100|[from] Recoil\n|move|p1a: Zacian|Tera Blast|p2a: Koraidon|[anim] Tera Blast Water\n|-resisted|p2a: Koraidon\n|-damage|p2a: Koraidon|16\/100\n|\n|upkeep\n|turn|7\n|c|\u2606MrT1011|WHAT\n|c|\u2606MrT1011|wait\n|c|\u2606MrT1011|are u scarf\n|c|\u2606MrT1011|are u not scarfd\n|c|\u2606MrT1011|im so confused\n|c|\u2606Gliscornumber1|im loaded dice\n|c|\u2606MrT1011|wait yhe u are\n|c|\u2606MrT1011|hoiw did u outspeed scarf miridonm\n|c|\u2606MrT1011|OH 2.5x\n|c|\u2606Gliscornumber1|yeah\n|c|\u2606MrT1011|pretend like im smart\n|\n|t:|1698368992\n|move|p2a: Koraidon|Scale Shot|p1a: Zacian\n|-damage|p1a: Zacian|60\/100\n|-damage|p1a: Zacian|48\/100\n|-damage|p1a: Zacian|34\/100\n|-damage|p1a: Zacian|20\/100\n|-damage|p1a: Zacian|8\/100\n|-hitcount|p1a: Zacian|5\n|-unboost|p2a: Koraidon|def|1\n|-boost|p2a: Koraidon|spe|1\n|move|p1a: Zacian|Behemoth Blade|p2a: Koraidon\n|-crit|p2a: Koraidon\n|-damage|p2a: Koraidon|0 fnt\n|faint|p2a: Koraidon\n|\n|upkeep\n|c|\u2606Gliscornumber1|lol\n|c|\u2606MrT1011|its gg for u\n|c|\u2606MrT1011|but i dont feel like forfiting\n|\n|t:|1698369014\n|switch|p2a: Groudon|Groudon|89\/100\n|-weather|SunnyDay|[from] ability: Drought|[of] p2a: Groudon\n|turn|8\n|c|\u2606MrT1011|i got dog at 8% and 2 defencive mons\n|c|\u2606MrT1011|great game\n|c|\u2606Gliscornumber1|yeah lol\n|\n|t:|1698369051\n|move|p1a: Zacian|Behemoth Blade|p2a: Groudon\n|-damage|p2a: Groudon|37\/100\n|move|p2a: Groudon|Precipice Blades|p1a: Zacian\n|-damage|p1a: Zacian|0 fnt\n|faint|p1a: Zacian\n|\n|-weather|SunnyDay|[upkeep]\n|-heal|p2a: Groudon|43\/100|[from] item: Leftovers\n|upkeep\n|\n|t:|1698369057\n|switch|p1a: Ting-Lu|Ting-Lu|100\/100\n|-damage|p1a: Ting-Lu|94\/100|[from] Stealth Rock\n|-ability|p1a: Ting-Lu|Vessel of Ruin\n|turn|9\n|c|\u2606MrT1011|acording to my calculations i am fuqed\n|\n|t:|1698369068\n|move|p2a: Groudon|Will-O-Wisp|p1a: Ting-Lu\n|-status|p1a: Ting-Lu|brn\n|move|p1a: Ting-Lu|Stealth Rock|p2a: Groudon\n|-sidestart|p2: Gliscornumber1|move: Stealth Rock\n|\n|-weather|SunnyDay|[upkeep]\n|-heal|p2a: Groudon|49\/100|[from] item: Leftovers\n|-heal|p1a: Ting-Lu|100\/100 brn|[from] item: Leftovers\n|-damage|p1a: Ting-Lu|94\/100 brn|[from] brn\n|upkeep\n|turn|10\n|c|\u2606Gliscornumber1|I concur\n|c|\u2606MrT1011|>:(\n|\n|t:|1698369077\n|switch|p2a: Great Tusk|Great Tusk|100\/100\n|-damage|p2a: Great Tusk|98\/100|[from] Stealth Rock\n|-activate|p2a: Great Tusk|ability: Protosynthesis\n|-start|p2a: Great Tusk|protosynthesisdef\n|move|p1a: Ting-Lu|Ruination|p2a: Great Tusk\n|-damage|p2a: Great Tusk|49\/100\n|\n|-weather|SunnyDay|[upkeep]\n|-heal|p2a: Great Tusk|55\/100|[from] item: Leftovers\n|-heal|p1a: Ting-Lu|100\/100 brn|[from] item: Leftovers\n|-damage|p1a: Ting-Lu|94\/100 brn|[from] brn\n|upkeep\n|turn|11\n|c|\u2606MrT1011|btw\n|c|\u2606MrT1011|are u on pc\n|c|\u2606MrT1011|or mobile\n|c|\u2606Gliscornumber1|pc\n|c|\u2606MrT1011|u use chrome?\n|c|\u2606Gliscornumber1|ye\n|c|\u2606MrT1011|good chrome extention is showdex\n|c|\u2606MrT1011|basicly a damage calc\n|c|\u2606MrT1011|that updates automaticly\n|c|\u2606MrT1011|very useful\n|c|\u2606MrT1011|but doesnt make u better at the game aparently because i still SUCK FUCKIN ASS\n|\n|t:|1698369124\n|move|p2a: Great Tusk|Close Combat|p1a: Ting-Lu\n|-supereffective|p1a: Ting-Lu\n|-damage|p1a: Ting-Lu|33\/100 brn\n|-unboost|p2a: Great Tusk|def|1\n|-unboost|p2a: Great Tusk|spd|1\n|move|p1a: Ting-Lu|Earthquake|p2a: Great Tusk\n|-damage|p2a: Great Tusk|44\/100\n|\n|-weather|SunnyDay|[upkeep]\n|-heal|p2a: Great Tusk|50\/100|[from] item: Leftovers\n|-heal|p1a: Ting-Lu|39\/100 brn|[from] item: Leftovers\n|-damage|p1a: Ting-Lu|33\/100 brn|[from] brn\n|upkeep\n|turn|12\n|\n|t:|1698369137\n|switch|p1a: Skeledirge|Skeledirge, M|100\/100\n|move|p2a: Great Tusk|Knock Off|p1a: Skeledirge\n|-supereffective|p1a: Skeledirge\n|-crit|p1a: Skeledirge\n|-damage|p1a: Skeledirge|54\/100\n|-enditem|p1a: Skeledirge|Heavy-Duty Boots|[from] move: Knock Off|[of] p2a: Great Tusk\n|\n|-weather|none\n|-end|p2a: Great Tusk|Protosynthesis\n|-heal|p2a: Great Tusk|56\/100|[from] item: Leftovers\n|upkeep\n|turn|13\n|c|\u2606MrT1011|https:\/\/chrome.google.com\/webstore\/detail\/showdex\/dabpnahpcemkfbgfbmegmncjllieilai?hl=en\n|c|\u2606MrT1011|very good\n|c|\u2606MrT1011|promis not virus\n|\n|t:|1698369151\n|move|p2a: Great Tusk|Headlong Rush|p1a: Skeledirge\n|-supereffective|p1a: Skeledirge\n|-damage|p1a: Skeledirge|0 fnt\n|-unboost|p2a: Great Tusk|def|1\n|-unboost|p2a: Great Tusk|spd|1\n|faint|p1a: Skeledirge\n|\n|-heal|p2a: Great Tusk|63\/100|[from] item: Leftovers\n|upkeep\n|c|\u2606MrT1011|(it isnt its open source on github)\n|\n|t:|1698369166\n|switch|p1a: Ting-Lu|Ting-Lu|33\/100 brn\n|-damage|p1a: Ting-Lu|27\/100 brn|[from] Stealth Rock\n|-ability|p1a: Ting-Lu|Vessel of Ruin\n|turn|14\n|c|\u2606MrT1011|didnt make it or naything i just think its neatg\n|\n|t:|1698369176\n|move|p2a: Great Tusk|Close Combat|p1a: Ting-Lu\n|-supereffective|p1a: Ting-Lu\n|-damage|p1a: Ting-Lu|0 fnt\n|-unboost|p2a: Great Tusk|def|1\n|-unboost|p2a: Great Tusk|spd|1\n|faint|p1a: Ting-Lu\n|\n|win|Gliscornumber1\n|raw|MrT1011's rating: 1157 &rarr; <strong>1139<\/strong><br \/>(-18 for losing)\n|raw|Gliscornumber1's rating: 1259 &rarr; <strong>1277<\/strong><br \/>(+18 for winning)\n","uploadtime":1698369121,"views":10,"p1id":"mrt1011","p2id":"gliscornumber1","formatid":"gen9ubers","rating":1139,"private":0,"password":""}