{"id":"gen9ubers-1974539213","p1":"justinrockin","p2":"warlordxxxxzzzz","format":"[Gen 9] Ubers","log":"|j|\u2606justinrockin\n|j|\u2606warlordxxxxzzzz\n|t:|1698095469\n|gametype|singles\n|player|p1|justinrockin|102|\n|player|p2|warlordxxxxzzzz|2|\n|teamsize|p1|6\n|teamsize|p2|6\n|gen|9\n|tier|[Gen 9] Ubers\n|rule|Sleep Clause Mod: Limit one foe put to sleep\n|rule|Species Clause: Limit one of each Pok\u00e9mon\n|rule|OHKO Clause: OHKO moves are banned\n|rule|Evasion Items Clause: Evasion items are banned\n|rule|Evasion Moves Clause: Evasion moves are banned\n|rule|Endless Battle Clause: Forcing endless battles is banned\n|rule|HP Percentage Mod: HP is shown in percentages\n|clearpoke\n|poke|p1|Volcarona, F|\n|poke|p1|Greninja-*, M|\n|poke|p1|Landorus-Therian, M|\n|poke|p1|Lycanroc-Dusk, F|\n|poke|p1|Regieleki|\n|poke|p1|Zapdos-Galar|\n|poke|p2|Dragonite, M|\n|poke|p2|Meowscarada, M|\n|poke|p2|Quaquaval, M|\n|poke|p2|Thundurus, M|\n|poke|p2|Lucario, F|\n|poke|p2|Cresselia, F|\n|teampreview\n|c|\u2606warlordxxxxzzzz|ok epic time to lose\n|c|\u2606warlordxxxxzzzz|gl\n|\n|t:|1698095505\n|start\n|switch|p1a: Regieleki|Regieleki|100\/100\n|switch|p2a: Meowscarada|Meowscarada, M|100\/100\n|turn|1\n|c|\u2606warlordxxxxzzzz|time for me to lose i mean*\n|\n|t:|1698095587\n|move|p1a: Regieleki|Volt Switch|p2a: Meowscarada\n|-resisted|p2a: Meowscarada\n|-damage|p2a: Meowscarada|49\/100\n|\n|t:|1698095592\n|switch|p1a: Landorus|Landorus-Therian, M|100\/100|[from] Volt Switch\n|-ability|p1a: Landorus|Intimidate|boost\n|-unboost|p2a: Meowscarada|atk|1\n|move|p2a: Meowscarada|Knock Off|p1a: Landorus\n|-start|p2a: Meowscarada|typechange|Dark|[from] ability: Protean\n|-damage|p1a: Landorus|66\/100\n|-damage|p2a: Meowscarada|32\/100|[from] item: Rocky Helmet|[of] p1a: Landorus\n|-enditem|p1a: Landorus|Rocky Helmet|[from] move: Knock Off|[of] p2a: Meowscarada\n|\n|upkeep\n|turn|2\n|\n|t:|1698095611\n|switch|p2a: Cresselia|Cresselia, F|100\/100\n|move|p1a: Landorus|U-turn|p2a: Cresselia\n|-supereffective|p2a: Cresselia\n|-damage|p2a: Cresselia|77\/100\n|\n|t:|1698095626\n|switch|p1a: Greninja|Greninja, M|100\/100|[from] U-turn\n|\n|upkeep\n|turn|3\n|\n|t:|1698095650\n|switch|p2a: Meowscarada|Meowscarada, M|32\/100\n|move|p1a: Greninja|Dark Pulse|p2a: Meowscarada\n|-resisted|p2a: Meowscarada\n|-damage|p2a: Meowscarada|0 fnt\n|faint|p2a: Meowscarada\n|-ability|p1a: Greninja|Battle Bond|boost\n|-boost|p1a: Greninja|atk|1\n|-boost|p1a: Greninja|spa|1\n|-boost|p1a: Greninja|spe|1\n|-activate|p1a: Greninja|ability: Battle Bond\n|-damage|p1a: Greninja|91\/100|[from] item: Life Orb\n|\n|upkeep\n|\n|t:|1698095702\n|switch|p2a: Quaquaval|Quaquaval, M|100\/100\n|turn|4\n|\n|t:|1698095705\n|move|p1a: Greninja|Grass Knot|p2a: Quaquaval\n|-supereffective|p2a: Quaquaval\n|-damage|p2a: Quaquaval|13\/100\n|-damage|p1a: Greninja|81\/100|[from] item: Life Orb\n|move|p2a: Quaquaval|Close Combat|p1a: Greninja\n|-supereffective|p1a: Greninja\n|-damage|p1a: Greninja|0 fnt\n|-unboost|p2a: Quaquaval|def|1\n|-unboost|p2a: Quaquaval|spd|1\n|faint|p1a: Greninja\n|-ability|p2a: Quaquaval|Moxie|boost\n|-boost|p2a: Quaquaval|atk|1\n|\n|upkeep\n|\n|t:|1698095724\n|switch|p1a: Zapdos|Zapdos-Galar|100\/100\n|turn|5\n|\n|t:|1698095764\n|move|p2a: Quaquaval|Aqua Jet|p1a: Zapdos\n|-damage|p1a: Zapdos|63\/100\n|move|p1a: Zapdos|U-turn|p2a: Quaquaval\n|-resisted|p2a: Quaquaval\n|-damage|p2a: Quaquaval|0 fnt\n|faint|p2a: Quaquaval\n|\n|t:|1698095767\n|switch|p1a: Regieleki|Regieleki|100\/100|[from] U-turn\n|\n|upkeep\n|\n|t:|1698095784\n|switch|p2a: Dragonite|Dragonite, M|100\/100\n|turn|6\n|\n|t:|1698095790\n|move|p1a: Regieleki|Volt Switch|p2a: Dragonite\n|-damage|p2a: Dragonite|73\/100\n|\n|t:|1698095792\n|switch|p1a: Landorus|Landorus-Therian, M|66\/100|[from] Volt Switch\n|-ability|p1a: Landorus|Intimidate|boost\n|-unboost|p2a: Dragonite|atk|1\n|move|p2a: Dragonite|Dragon Dance|p2a: Dragonite\n|-boost|p2a: Dragonite|atk|1\n|-boost|p2a: Dragonite|spe|1\n|\n|-heal|p2a: Dragonite|79\/100|[from] item: Leftovers\n|upkeep\n|turn|7\n|\n|t:|1698095810\n|move|p2a: Dragonite|Dragon Dance|p2a: Dragonite\n|-boost|p2a: Dragonite|atk|1\n|-boost|p2a: Dragonite|spe|1\n|move|p1a: Landorus|U-turn|p2a: Dragonite\n|-resisted|p2a: Dragonite\n|-damage|p2a: Dragonite|69\/100\n|\n|t:|1698095819\n|switch|p1a: Lycanroc|Lycanroc-Dusk, F|100\/100|[from] U-turn\n|\n|-heal|p2a: Dragonite|76\/100|[from] item: Leftovers\n|upkeep\n|turn|8\n|\n|t:|1698095831\n|move|p1a: Lycanroc|Accelerock|p2a: Dragonite\n|-supereffective|p2a: Dragonite\n|-damage|p2a: Dragonite|13\/100\n|-damage|p1a: Lycanroc|91\/100|[from] item: Life Orb\n|move|p2a: Dragonite|Dragon Dance|p2a: Dragonite\n|-boost|p2a: Dragonite|atk|1\n|-boost|p2a: Dragonite|spe|1\n|\n|-heal|p2a: Dragonite|19\/100|[from] item: Leftovers\n|upkeep\n|turn|9\n|\n|t:|1698095846\n|move|p2a: Dragonite|Extreme Speed|p1a: Lycanroc\n|-resisted|p1a: Lycanroc\n|-damage|p1a: Lycanroc|39\/100\n|move|p1a: Lycanroc|Accelerock|p2a: Dragonite\n|-supereffective|p2a: Dragonite\n|-damage|p2a: Dragonite|0 fnt\n|faint|p2a: Dragonite\n|-damage|p1a: Lycanroc|29\/100|[from] item: Life Orb\n|\n|upkeep\n|\n|t:|1698095859\n|switch|p2a: Lucario|Lucario, F|100\/100\n|turn|10\n|\n|t:|1698095873\n|move|p1a: Lycanroc|Close Combat|p2a: Lucario\n|-supereffective|p2a: Lucario\n|-damage|p2a: Lucario|0 fnt\n|-unboost|p1a: Lycanroc|def|1\n|-unboost|p1a: Lycanroc|spd|1\n|faint|p2a: Lucario\n|-damage|p1a: Lycanroc|19\/100|[from] item: Life Orb\n|\n|upkeep\n|\n|t:|1698095884\n|switch|p2a: Thundurus|Thundurus, M|100\/100\n|turn|11\n|\n|t:|1698095887\n|move|p1a: Lycanroc|Accelerock|p2a: Thundurus\n|-supereffective|p2a: Thundurus\n|-damage|p2a: Thundurus|3\/100\n|-damage|p1a: Lycanroc|9\/100|[from] item: Life Orb\n|move|p2a: Thundurus|Focus Blast|p1a: Lycanroc\n|-supereffective|p1a: Lycanroc\n|-damage|p1a: Lycanroc|0 fnt\n|faint|p1a: Lycanroc\n|\n|upkeep\n|\n|t:|1698095893\n|switch|p1a: Regieleki|Regieleki|100\/100\n|turn|12\n|\n|t:|1698095896\n|move|p1a: Regieleki|Thunderbolt|p2a: Thundurus\n|-damage|p2a: Thundurus|0 fnt\n|faint|p2a: Thundurus\n|\n|upkeep\n|\n|t:|1698095900\n|switch|p2a: Cresselia|Cresselia, F|77\/100\n|turn|13\n|\n|t:|1698095903\n|move|p1a: Regieleki|Thunderbolt|p2a: Cresselia\n|-damage|p2a: Cresselia|25\/100\n|move|p2a: Cresselia|Psychic|p1a: Regieleki\n|-damage|p1a: Regieleki|49\/100\n|\n|upkeep\n|turn|14\n|c|\u2606warlordxxxxzzzz|gg wp\n|c|\u2606justinrockin|ggs\n|\n|t:|1698095909\n|move|p1a: Regieleki|Thunderbolt|p2a: Cresselia\n|-damage|p2a: Cresselia|0 fnt\n|faint|p2a: Cresselia\n|\n|win|justinrockin\n","uploadtime":1698095914,"views":33,"p1id":"justinrockin","p2id":"warlordxxxxzzzz","formatid":"gen9ubers","rating":0,"private":0,"password":""}