{"id":"gen9ubers-1983860873","p1":"IUXCelestialQueen","p2":"Ups1deD0wnSyndrome","format":"[Gen 9] Ubers","log":"|j|\u2606IUXCelestialQueen\n|j|\u2606Ups1deD0wnSyndrome\n|t:|1699193017\n|gametype|singles\n|player|p1|IUXCelestialQueen|penny|\n|player|p2|Ups1deD0wnSyndrome|102|\n|teamsize|p1|6\n|teamsize|p2|6\n|gen|9\n|tier|[Gen 9] Ubers\n|rule|Sleep Clause Mod: Limit one foe put to sleep\n|rule|Species Clause: Limit one of each Pok\u00e9mon\n|rule|OHKO Clause: OHKO moves are banned\n|rule|Evasion Items Clause: Evasion items are banned\n|rule|Evasion Moves Clause: Evasion moves are banned\n|rule|Endless Battle Clause: Forcing endless battles is banned\n|rule|HP Percentage Mod: HP is shown in percentages\n|clearpoke\n|poke|p1|Ogerpon-Hearthflame, F|\n|poke|p1|Clefable, F|\n|poke|p1|Great Tusk|\n|poke|p1|Noivern, F|\n|poke|p1|Milotic, F|\n|poke|p1|Lycanroc-Dusk, M|\n|poke|p2|Camerupt, M|\n|poke|p2|Annihilape, M|\n|poke|p2|Hydreigon, F|\n|poke|p2|Samurott-Hisui, F|\n|poke|p2|Electrode-Hisui|\n|poke|p2|Enamorus-Therian, F|\n|teampreview\n|\n|t:|1699193034\n|start\n|switch|p1a: Stardust|Clefable, F, shiny|100\/100\n|switch|p2a: Samurott|Samurott-Hisui, F|100\/100\n|turn|1\n|\n|t:|1699193054\n|switch|p2a: Electrode|Electrode-Hisui|100\/100\n|move|p1a: Stardust|Moonblast|p2a: Electrode\n|-damage|p2a: Electrode|65\/100\n|\n|-heal|p2a: Electrode|71\/100|[from] item: Leftovers\n|upkeep\n|turn|2\n|\n|t:|1699193069\n|move|p2a: Electrode|Leech Seed|p1a: Stardust\n|-start|p1a: Stardust|move: Leech Seed\n|move|p1a: Stardust|Ice Beam|p2a: Electrode\n|-supereffective|p2a: Electrode\n|-damage|p2a: Electrode|29\/100\n|\n|-heal|p2a: Electrode|35\/100|[from] item: Leftovers\n|-damage|p1a: Stardust|88\/100|[from] Leech Seed|[of] p2a: Electrode\n|-heal|p2a: Electrode|50\/100|[silent]\n|upkeep\n|turn|3\n|\n|t:|1699193084\n|switch|p2a: Enamorus|Enamorus-Therian, F|100\/100\n|switch|p1a: AAAAAAAAAAAA|Noivern, F, shiny|100\/100\n|\n|upkeep\n|turn|4\n|\n|t:|1699193098\n|-terastallize|p1a: AAAAAAAAAAAA|Normal\n|move|p1a: AAAAAAAAAAAA|Boomburst|p2a: Enamorus\n|-damage|p2a: Enamorus|40\/100\n|move|p2a: Enamorus|Springtide Storm|p1a: AAAAAAAAAAAA\n|-damage|p1a: AAAAAAAAAAAA|23\/100\n|\n|upkeep\n|turn|5\n|\n|t:|1699193112\n|switch|p2a: Annihilape|Annihilape, M|100\/100\n|move|p1a: AAAAAAAAAAAA|Boomburst|p2a: Annihilape\n|-immune|p2a: Annihilape\n|\n|upkeep\n|turn|6\n|\n|t:|1699193119\n|switch|p1a: Stardust|Clefable, F, shiny|88\/100\n|move|p2a: Annihilape|Bulk Up|p2a: Annihilape\n|-boost|p2a: Annihilape|atk|1\n|-boost|p2a: Annihilape|def|1\n|\n|-heal|p1a: Stardust|94\/100|[from] item: Leftovers\n|upkeep\n|turn|7\n|j| GS StuDogg101\n|\n|t:|1699193129\n|move|p2a: Annihilape|Poison Jab|p1a: Stardust\n|-supereffective|p1a: Stardust\n|-damage|p1a: Stardust|52\/100\n|move|p1a: Stardust|Moonblast|p2a: Annihilape\n|-supereffective|p2a: Annihilape\n|-crit|p2a: Annihilape\n|-damage|p2a: Annihilape|11\/100\n|\n|-heal|p1a: Stardust|59\/100|[from] item: Leftovers\n|upkeep\n|turn|8\n|\n|t:|1699193146\n|move|p2a: Annihilape|Rage Fist|p1a: Stardust\n|-damage|p1a: Stardust|15\/100\n|move|p1a: Stardust|Moonlight|p1a: Stardust\n|-heal|p1a: Stardust|65\/100\n|\n|-heal|p1a: Stardust|71\/100|[from] item: Leftovers\n|upkeep\n|turn|9\n|\n|t:|1699193162\n|move|p2a: Annihilape|Poison Jab|p1a: Stardust\n|-supereffective|p1a: Stardust\n|-crit|p1a: Stardust\n|-damage|p1a: Stardust|11\/100\n|-status|p1a: Stardust|psn\n|move|p1a: Stardust|Moonblast|p2a: Annihilape\n|-supereffective|p2a: Annihilape\n|-damage|p2a: Annihilape|0 fnt\n|faint|p2a: Annihilape\n|\n|-heal|p1a: Stardust|17\/100 psn|[from] item: Leftovers\n|-damage|p1a: Stardust|5\/100 psn|[from] psn\n|upkeep\n|\n|t:|1699193203\n|switch|p2a: Electrode|Electrode-Hisui|50\/100\n|turn|10\n|\n|t:|1699193209\n|move|p2a: Electrode|Charge Beam|p1a: Stardust\n|-damage|p1a: Stardust|0 fnt\n|-boost|p2a: Electrode|spa|1\n|faint|p1a: Stardust\n|\n|-heal|p2a: Electrode|56\/100|[from] item: Leftovers\n|upkeep\n|\n|t:|1699193220\n|switch|p1a: Girl Boss|Ogerpon-Hearthflame, F|100\/100\n|-ability|p1a: Girl Boss|Mold Breaker\n|turn|11\n|\n|t:|1699193238\n|switch|p2a: Camerupt|Camerupt, M|100\/100\n|move|p1a: Girl Boss|Swords Dance|p1a: Girl Boss\n|-boost|p1a: Girl Boss|atk|2\n|\n|upkeep\n|turn|12\n|\n|t:|1699193263\n|move|p1a: Girl Boss|Ivy Cudgel|p2a: Camerupt\n|-resisted|p2a: Camerupt\n|-damage|p2a: Camerupt|28\/100\n|move|p2a: Camerupt|Yawn|p1a: Girl Boss\n|-start|p1a: Girl Boss|move: Yawn|[of] p2a: Camerupt\n|\n|-heal|p2a: Camerupt|34\/100|[from] item: Leftovers\n|upkeep\n|turn|13\n|\n|t:|1699193276\n|switch|p1a: Melody|Milotic, F, shiny|100\/100\n|switch|p2a: Samurott|Samurott-Hisui, F|100\/100\n|\n|-status|p1a: Melody|brn|[from] item: Flame Orb\n|upkeep\n|turn|14\n|\n|t:|1699193286\n|move|p2a: Samurott|Ceaseless Edge|p1a: Melody\n|-damage|p1a: Melody|64\/100 brn\n|-sidestart|p1: IUXCelestialQueen|Spikes\n|move|p1a: Melody|Draining Kiss|p2a: Samurott\n|-supereffective|p2a: Samurott\n|-damage|p2a: Samurott|69\/100\n|-heal|p1a: Melody|84\/100 brn|[from] drain|[of] p2a: Samurott\n|\n|-damage|p1a: Melody|78\/100 brn|[from] brn\n|upkeep\n|turn|15\n|\n|t:|1699193296\n|move|p2a: Samurott|Ceaseless Edge|p1a: Melody\n|-damage|p1a: Melody|43\/100 brn\n|-sidestart|p1: IUXCelestialQueen|Spikes\n|move|p1a: Melody|Draining Kiss|p2a: Samurott\n|-supereffective|p2a: Samurott\n|-damage|p2a: Samurott|33\/100\n|-heal|p1a: Melody|65\/100 brn|[from] drain|[of] p2a: Samurott\n|\n|-damage|p1a: Melody|59\/100 brn|[from] brn\n|upkeep\n|turn|16\n|\n|t:|1699193307\n|move|p2a: Samurott|Ceaseless Edge|p1a: Melody\n|-crit|p1a: Melody\n|-damage|p1a: Melody|4\/100 brn\n|-sidestart|p1: IUXCelestialQueen|Spikes\n|move|p1a: Melody|Draining Kiss|p2a: Samurott\n|-supereffective|p2a: Samurott\n|-damage|p2a: Samurott|0 fnt\n|-heal|p1a: Melody|24\/100 brn|[from] drain|[of] p2a: Samurott\n|faint|p2a: Samurott\n|\n|-damage|p1a: Melody|18\/100 brn|[from] brn\n|upkeep\n|\n|t:|1699193319\n|switch|p2a: Electrode|Electrode-Hisui|56\/100\n|turn|17\n|c|\u2606IUXCelestialQueen|mother fucker stop critting me\n|\n|t:|1699193327\n|move|p2a: Electrode|Charge Beam|p1a: Melody\n|-supereffective|p1a: Melody\n|-damage|p1a: Melody|1\/100 brn\n|-boost|p2a: Electrode|spa|1\n|move|p1a: Melody|Recover|p1a: Melody\n|-heal|p1a: Melody|51\/100 brn\n|\n|-heal|p2a: Electrode|63\/100|[from] item: Leftovers\n|-damage|p1a: Melody|45\/100 brn|[from] brn\n|upkeep\n|turn|18\n|\n|t:|1699193338\n|move|p2a: Electrode|Giga Drain|p1a: Melody\n|-supereffective|p1a: Melody\n|-damage|p1a: Melody|13\/100 brn\n|-heal|p2a: Electrode|82\/100|[from] drain|[of] p1a: Melody\n|move|p1a: Melody|Recover|p1a: Melody\n|-heal|p1a: Melody|63\/100 brn\n|\n|-heal|p2a: Electrode|88\/100|[from] item: Leftovers\n|-damage|p1a: Melody|57\/100 brn|[from] brn\n|upkeep\n|turn|19\n|\n|t:|1699193349\n|move|p2a: Electrode|Charge Beam|p1a: Melody\n|-supereffective|p1a: Melody\n|-damage|p1a: Melody|35\/100 brn\n|move|p1a: Melody|Haze|p1a: Melody\n|-clearallboost\n|\n|-heal|p2a: Electrode|94\/100|[from] item: Leftovers\n|-damage|p1a: Melody|29\/100 brn|[from] brn\n|upkeep\n|turn|20\n|\n|t:|1699193359\n|move|p2a: Electrode|Charge Beam|p1a: Melody\n|-supereffective|p1a: Melody\n|-damage|p1a: Melody|12\/100 brn\n|-boost|p2a: Electrode|spa|1\n|move|p1a: Melody|Recover|p1a: Melody\n|-heal|p1a: Melody|62\/100 brn\n|\n|-heal|p2a: Electrode|100\/100|[from] item: Leftovers\n|-damage|p1a: Melody|56\/100 brn|[from] brn\n|upkeep\n|turn|21\n|\n|t:|1699193371\n|move|p2a: Electrode|Leech Seed|p1a: Melody\n|-start|p1a: Melody|move: Leech Seed\n|move|p1a: Melody|Recover|p1a: Melody\n|-heal|p1a: Melody|100\/100 brn\n|\n|-damage|p1a: Melody|88\/100 brn|[from] Leech Seed|[of] p2a: Electrode\n|-damage|p1a: Melody|82\/100 brn|[from] brn\n|upkeep\n|turn|22\n|\n|t:|1699193380\n|move|p2a: Electrode|Charge Beam|p1a: Melody\n|-supereffective|p1a: Melody\n|-damage|p1a: Melody|59\/100 brn\n|-boost|p2a: Electrode|spa|1\n|move|p1a: Melody|Haze|p1a: Melody\n|-clearallboost\n|\n|-damage|p1a: Melody|47\/100 brn|[from] Leech Seed|[of] p2a: Electrode\n|-damage|p1a: Melody|40\/100 brn|[from] brn\n|upkeep\n|turn|23\n|\n|t:|1699193391\n|move|p2a: Electrode|Giga Drain|p1a: Melody\n|-supereffective|p1a: Melody\n|-damage|p1a: Melody|18\/100 brn\n|move|p1a: Melody|Recover|p1a: Melody\n|-heal|p1a: Melody|68\/100 brn\n|\n|-damage|p1a: Melody|55\/100 brn|[from] Leech Seed|[of] p2a: Electrode\n|-damage|p1a: Melody|49\/100 brn|[from] brn\n|upkeep\n|turn|24\n|\n|t:|1699193401\n|move|p2a: Electrode|Substitute|p2a: Electrode\n|-start|p2a: Electrode|Substitute\n|-damage|p2a: Electrode|75\/100\n|move|p1a: Melody|Recover|p1a: Melody\n|-heal|p1a: Melody|99\/100 brn\n|\n|-heal|p2a: Electrode|82\/100|[from] item: Leftovers\n|-damage|p1a: Melody|87\/100 brn|[from] Leech Seed|[of] p2a: Electrode\n|-heal|p2a: Electrode|97\/100|[silent]\n|-damage|p1a: Melody|81\/100 brn|[from] brn\n|upkeep\n|turn|25\n|\n|t:|1699193412\n|move|p2a: Electrode|Giga Drain|p1a: Melody\n|-supereffective|p1a: Melody\n|-crit|p1a: Melody\n|-damage|p1a: Melody|44\/100 brn\n|-heal|p2a: Electrode|100\/100|[from] drain|[of] p1a: Melody\n|move|p1a: Melody|Draining Kiss|p2a: Electrode\n|-activate|p2a: Electrode|move: Substitute|[damage]\n|-heal|p1a: Melody|52\/100 brn|[from] drain|[of] p2a: Electrode\n|\n|-damage|p1a: Melody|39\/100 brn|[from] Leech Seed|[of] p2a: Electrode\n|-damage|p1a: Melody|33\/100 brn|[from] brn\n|upkeep\n|turn|26\n|\n|t:|1699193425\n|move|p2a: Electrode|Giga Drain|p1a: Melody\n|-supereffective|p1a: Melody\n|-damage|p1a: Melody|8\/100 brn\n|move|p1a: Melody|Draining Kiss|p2a: Electrode\n|-activate|p2a: Electrode|move: Substitute|[damage]\n|-heal|p1a: Melody|16\/100 brn|[from] drain|[of] p2a: Electrode\n|\n|-damage|p1a: Melody|4\/100 brn|[from] Leech Seed|[of] p2a: Electrode\n|-damage|p1a: Melody|0 fnt|[from] brn\n|faint|p1a: Melody\n|upkeep\n|\n|t:|1699193437\n|switch|p1a: AAAAAAAAAAAA|Noivern, F, shiny, tera:Normal|23\/100\n|-damage|p1a: AAAAAAAAAAAA|0 fnt|[from] Spikes\n|faint|p1a: AAAAAAAAAAAA\n|\n|t:|1699193445\n|switch|p1a: Girl Boss|Ogerpon-Hearthflame, F|100\/100\n|-damage|p1a: Girl Boss|76\/100|[from] Spikes\n|-ability|p1a: Girl Boss|Mold Breaker\n|turn|27\n|\n|t:|1699193454\n|move|p1a: Girl Boss|Trailblaze|p2a: Electrode\n|-resisted|p2a: Electrode\n|-end|p2a: Electrode|Substitute\n|-boost|p1a: Girl Boss|spe|1\n|move|p2a: Electrode|Charge Beam|p1a: Girl Boss\n|-resisted|p1a: Girl Boss\n|-damage|p1a: Girl Boss|68\/100\n|-boost|p2a: Electrode|spa|1\n|\n|upkeep\n|turn|28\n|\n|t:|1699193466\n|move|p1a: Girl Boss|Swords Dance|p1a: Girl Boss\n|-boost|p1a: Girl Boss|atk|2\n|move|p2a: Electrode|Charge Beam|p1a: Girl Boss\n|-resisted|p1a: Girl Boss\n|-damage|p1a: Girl Boss|54\/100\n|-boost|p2a: Electrode|spa|1\n|\n|upkeep\n|turn|29\n|\n|t:|1699193475\n|move|p1a: Girl Boss|Ivy Cudgel|p2a: Electrode\n|-supereffective|p2a: Electrode\n|-crit|p2a: Electrode\n|-damage|p2a: Electrode|0 fnt\n|faint|p2a: Electrode\n|\n|upkeep\n|\n|t:|1699193480\n|switch|p2a: Hydreigon|Hydreigon, F|100\/100\n|turn|30\n|\n|t:|1699193488\n|move|p1a: Girl Boss|Power Whip|p2a: Hydreigon\n|-resisted|p2a: Hydreigon\n|-damage|p2a: Hydreigon|17\/100\n|-enditem|p2a: Hydreigon|Sitrus Berry|[eat]\n|-heal|p2a: Hydreigon|42\/100|[from] item: Sitrus Berry\n|move|p2a: Hydreigon|Tera Blast|p1a: Girl Boss\n|-damage|p1a: Girl Boss|19\/100\n|\n|upkeep\n|turn|31\n|\n|t:|1699193501\n|move|p1a: Girl Boss|Ivy Cudgel|p2a: Hydreigon\n|-resisted|p2a: Hydreigon\n|-crit|p2a: Hydreigon\n|-damage|p2a: Hydreigon|0 fnt\n|faint|p2a: Hydreigon\n|\n|upkeep\n|\n|t:|1699193509\n|switch|p2a: Enamorus|Enamorus-Therian, F|40\/100\n|turn|32\n|\n|t:|1699193522\n|move|p1a: Girl Boss|Ivy Cudgel|p2a: Enamorus\n|-damage|p2a: Enamorus|0 fnt\n|faint|p2a: Enamorus\n|\n|upkeep\n|\n|t:|1699193527\n|switch|p2a: Camerupt|Camerupt, M|34\/100\n|turn|33\n|\n|t:|1699193533\n|move|p1a: Girl Boss|Ivy Cudgel|p2a: Camerupt\n|-resisted|p2a: Camerupt\n|-damage|p2a: Camerupt|0 fnt\n|faint|p2a: Camerupt\n|\n|win|IUXCelestialQueen\n|c|\u2606IUXCelestialQueen|gg\n","uploadtime":1699193542,"views":3,"p1id":"iuxcelestialqueen","p2id":"ups1ded0wnsyndrome","formatid":"gen9ubers","rating":0,"private":0,"password":""}