{"id":"gen9ubers-1997075525","p1":"gregoisback_","p2":"pllv51 staller","format":"[Gen 9] Ubers","log":"|j|\u2606gregoisback_\n|j|\u2606pllv51 staller\n|t:|1700762012\n|gametype|singles\n|player|p1|gregoisback_|shauntal|\n|player|p2|pllv51 staller|red|\n|teamsize|p1|6\n|teamsize|p2|6\n|gen|9\n|tier|[Gen 9] Ubers\n|rated|Tournament battle\n|rule|Sleep Clause Mod: Limit one foe put to sleep\n|rule|Species Clause: Limit one of each Pok\u00e9mon\n|rule|OHKO Clause: OHKO moves are banned\n|rule|Evasion Items Clause: Evasion items are banned\n|rule|Evasion Moves Clause: Evasion moves are banned\n|rule|Endless Battle Clause: Forcing endless battles is banned\n|rule|HP Percentage Mod: HP is shown in percentages\n|clearpoke\n|poke|p1|Iron Bundle|\n|poke|p1|Miraidon|\n|poke|p1|Great Tusk|\n|poke|p1|Flutter Mane|\n|poke|p1|Ting-Lu|\n|poke|p1|Palafin, F|\n|poke|p2|Ribombee, F|\n|poke|p2|Mewtwo|\n|poke|p2|Miraidon|\n|poke|p2|Eternatus|\n|poke|p2|Zacian-*|\n|poke|p2|Arceus|\n|teampreview\n|\n|t:|1700762021\n|start\n|switch|p1a: Iron Bundle|Iron Bundle|100\/100\n|switch|p2a: Ribombee|Ribombee, F, shiny|100\/100\n|turn|1\n|inactive|Battle timer is ON: inactive players will automatically lose when time's up. (requested by gregoisback_)\n|inactive|pllv51 staller has 120 seconds left.\n|\n|t:|1700762120\n|move|p1a: Iron Bundle|Taunt|p2a: Ribombee\n|-start|p2a: Ribombee|move: Taunt\n|cant|p2a: Ribombee|move: Taunt|Sticky Web\n|\n|upkeep\n|turn|2\n|\n|t:|1700762148\n|switch|p2a: Eternatus|Eternatus|100\/100\n|-ability|p2a: Eternatus|Pressure\n|move|p1a: Iron Bundle|Flip Turn|p2a: Eternatus\n|-resisted|p2a: Eternatus\n|-damage|p2a: Eternatus|94\/100\n|\n|t:|1700762151\n|-end|p1a: Iron Bundle|Quark Drive|[silent]\n|switch|p1a: Great Tusk|Great Tusk|100\/100|[from] Flip Turn\n|\n|-heal|p2a: Eternatus|100\/100|[from] item: Leftovers\n|upkeep\n|turn|3\n|inactive|pllv51 staller has 120 seconds left.\n|\n|t:|1700762207\n|move|p2a: Eternatus|Dynamax Cannon|p1a: Great Tusk\n|-damage|p1a: Great Tusk|14\/100\n|move|p1a: Great Tusk|Earthquake|p2a: Eternatus\n|-supereffective|p2a: Eternatus\n|-damage|p2a: Eternatus|33\/100\n|\n|-heal|p2a: Eternatus|39\/100|[from] item: Leftovers\n|upkeep\n|turn|4\n|\n|t:|1700762214\n|move|p2a: Eternatus|Dynamax Cannon|p1a: Great Tusk\n|-damage|p1a: Great Tusk|0 fnt\n|faint|p1a: Great Tusk\n|-end|p1a: Great Tusk|Protosynthesis|[silent]\n|\n|-heal|p2a: Eternatus|45\/100|[from] item: Leftovers\n|upkeep\n|\n|t:|1700762220\n|switch|p1a: Flutter Mane|Flutter Mane|100\/100\n|turn|5\n|\n|t:|1700762236\n|move|p1a: Flutter Mane|Moonblast|p2a: Eternatus\n|-damage|p2a: Eternatus|0 fnt\n|faint|p2a: Eternatus\n|\n|upkeep\n|\n|t:|1700762238\n|switch|p2a: Ribombee|Ribombee, F, shiny|100\/100\n|turn|6\n|j| FireWolf89\n|\n|t:|1700762255\n|-end|p1a: Flutter Mane|Protosynthesis|[silent]\n|switch|p1a: Miraidon|Miraidon|100\/100\n|-fieldstart|move: Electric Terrain|[from] ability: Hadron Engine|[of] p1a: Miraidon\n|move|p2a: Ribombee|Sticky Web|p1a: Miraidon\n|-sidestart|p1: gregoisback_|move: Sticky Web\n|\n|upkeep\n|turn|7\n|inactive|pllv51 staller has 120 seconds left.\n|\n|t:|1700762271\n|-terastallize|p1a: Miraidon|Fairy\n|move|p2a: Ribombee|Moonblast|p1a: Miraidon\n|-damage|p1a: Miraidon|70\/100\n|move|p1a: Miraidon|Calm Mind|p1a: Miraidon\n|-boost|p1a: Miraidon|spa|1\n|-boost|p1a: Miraidon|spd|1\n|\n|-heal|p1a: Miraidon|76\/100|[from] item: Leftovers\n|upkeep\n|turn|8\n|\n|t:|1700762295\n|move|p2a: Ribombee|Stun Spore|p1a: Miraidon|[miss]\n|-miss|p2a: Ribombee|p1a: Miraidon\n|move|p1a: Miraidon|Agility|p1a: Miraidon\n|-boost|p1a: Miraidon|spe|2\n|\n|-heal|p1a: Miraidon|82\/100|[from] item: Leftovers\n|upkeep\n|turn|9\n|\n|t:|1700762303\n|move|p1a: Miraidon|Agility|p1a: Miraidon\n|-boost|p1a: Miraidon|spe|2\n|move|p2a: Ribombee|Stun Spore|p1a: Miraidon\n|-status|p1a: Miraidon|par\n|\n|-heal|p1a: Miraidon|88\/100 par|[from] item: Leftovers\n|upkeep\n|turn|10\n|\n|t:|1700762318\n|switch|p2a: Zacian|Zacian-Crowned, shiny|100\/100\n|-ability|p2a: Zacian|Intrepid Sword|boost\n|-boost|p2a: Zacian|atk|1\n|move|p1a: Miraidon|Calm Mind|p1a: Miraidon\n|-boost|p1a: Miraidon|spa|1\n|-boost|p1a: Miraidon|spd|1\n|\n|-heal|p1a: Miraidon|94\/100 par|[from] item: Leftovers\n|-fieldend|move: Electric Terrain\n|upkeep\n|turn|11\n|\n|t:|1700762335\n|move|p1a: Miraidon|Parabolic Charge|p2a: Zacian\n|-damage|p2a: Zacian|31\/100\n|-heal|p1a: Miraidon|100\/100 par|[from] drain|[of] p2a: Zacian\n|move|p2a: Zacian|Behemoth Blade|p1a: Miraidon\n|-supereffective|p1a: Miraidon\n|-damage|p1a: Miraidon|0 fnt\n|faint|p1a: Miraidon\n|\n|upkeep\n|\n|t:|1700762342\n|switch|p1a: Flutter Mane|Flutter Mane|100\/100\n|-activate|p1a: Flutter Mane|move: Sticky Web\n|-unboost|p1a: Flutter Mane|spe|1\n|turn|12\n|j| Sheik\n|l| FireWolf89\n|l| Sheik\n|inactive|pllv51 staller has 120 seconds left.\n|inactive|pllv51 staller has 90 seconds left.\n|\n|t:|1700762413\n|move|p2a: Zacian|Behemoth Blade|p1a: Flutter Mane\n|-supereffective|p1a: Flutter Mane\n|-damage|p1a: Flutter Mane|0 fnt\n|faint|p1a: Flutter Mane\n|-end|p1a: Flutter Mane|Protosynthesis|[silent]\n|\n|upkeep\n|\n|t:|1700762418\n|switch|p1a: Ting-Lu|Ting-Lu|100\/100\n|-activate|p1a: Ting-Lu|move: Sticky Web\n|-unboost|p1a: Ting-Lu|spe|1\n|-ability|p1a: Ting-Lu|Vessel of Ruin\n|turn|13\n|inactive|pllv51 staller has 90 seconds left.\n|\n|t:|1700762438\n|move|p2a: Zacian|Play Rough|p1a: Ting-Lu\n|-supereffective|p1a: Ting-Lu\n|-damage|p1a: Ting-Lu|22\/100\n|move|p1a: Ting-Lu|Earthquake|p2a: Zacian\n|-supereffective|p2a: Zacian\n|-damage|p2a: Zacian|0 fnt\n|faint|p2a: Zacian\n|\n|-heal|p1a: Ting-Lu|28\/100|[from] item: Leftovers\n|upkeep\n|\n|t:|1700762444\n|switch|p2a: Mewtwo|Mewtwo, shiny|100\/100\n|-ability|p2a: Mewtwo|Pressure\n|turn|14\n|\n|t:|1700762450\n|move|p2a: Mewtwo|Grass Knot|p1a: Ting-Lu\n|-supereffective|p1a: Ting-Lu\n|-damage|p1a: Ting-Lu|0 fnt\n|faint|p1a: Ting-Lu\n|-damage|p2a: Mewtwo|91\/100|[from] item: Life Orb\n|\n|upkeep\n|\n|t:|1700762456\n|switch|p1a: Iron Bundle|Iron Bundle|100\/100\n|turn|15\n|inactive|pllv51 staller has 90 seconds left.\n|inactive|pllv51 staller has 60 seconds left.\n|inactive|pllv51 staller has 30 seconds left.\n|inactive|pllv51 staller has 20 seconds left.\n|inactive|pllv51 staller has 15 seconds left.\n|\n|t:|1700762543\n|move|p1a: Iron Bundle|Hydro Pump|p2a: Mewtwo\n|-damage|p2a: Mewtwo|36\/100\n|move|p2a: Mewtwo|Flamethrower|p1a: Iron Bundle\n|-damage|p1a: Iron Bundle|13\/100\n|-damage|p2a: Mewtwo|26\/100|[from] item: Life Orb\n|\n|upkeep\n|turn|16\n|inactive|pllv51 staller has 25 seconds left this turn.\n|inactive|pllv51 staller has 20 seconds left.\n|\n|t:|1700762548\n|move|p1a: Iron Bundle|Hydro Pump|p2a: Mewtwo\n|-damage|p2a: Mewtwo|0 fnt\n|faint|p2a: Mewtwo\n|\n|upkeep\n|inactive|pllv51 staller has 25 seconds left this turn.\n|\n|t:|1700762550\n|switch|p2a: Arceus|Arceus|100\/100\n|turn|17\n|\n|t:|1700762554\n|move|p2a: Arceus|Extreme Speed|p1a: Iron Bundle\n|-damage|p1a: Iron Bundle|0 fnt\n|faint|p1a: Iron Bundle\n|-end|p1a: Iron Bundle|Quark Drive|[silent]\n|\n|upkeep\n|\n|t:|1700762556\n|switch|p1a: Palafin|Palafin, F|100\/100\n|-activate|p1a: Palafin|move: Sticky Web\n|-unboost|p1a: Palafin|spe|1\n|turn|18\n|inactive|pllv51 staller has 30 seconds left.\n|inactive|pllv51 staller has 20 seconds left.\n|\n|t:|1700762587\n|move|p2a: Arceus|Swords Dance|p2a: Arceus\n|-boost|p2a: Arceus|atk|2\n|move|p1a: Palafin|Bulk Up|p1a: Palafin\n|-boost|p1a: Palafin|atk|1\n|-boost|p1a: Palafin|def|1\n|\n|upkeep\n|turn|19\n|inactive|pllv51 staller has 30 seconds left this turn.\n|inactive|pllv51 staller has 20 seconds left.\n|\n|t:|1700762598\n|-terastallize|p2a: Arceus|Ghost\n|move|p2a: Arceus|Taunt|p1a: Palafin\n|-start|p1a: Palafin|move: Taunt\n|cant|p1a: Palafin|move: Taunt|Bulk Up\n|\n|upkeep\n|turn|20\n|inactive|pllv51 staller has 30 seconds left this turn.\n|inactive|gregoisback_ has 120 seconds left.\n|\n|t:|1700762628\n|move|p1a: Palafin|Jet Punch|p2a: Arceus\n|-damage|p2a: Arceus|76\/100\n|move|p2a: Arceus|Swords Dance|p2a: Arceus\n|-boost|p2a: Arceus|atk|2\n|\n|upkeep\n|turn|21\n|-message|gregoisback_ forfeited.\n|\n|win|pllv51 staller\n|n|\u2606gregoisback_|gregoisback\n|n|\u2606pllv51 staller|pllv51staller\n","uploadtime":1700762632,"views":5,"p1id":"gregoisback","p2id":"pllv51staller","formatid":"gen9ubers","rating":0,"private":0,"password":""}