{"id":"gen9ubers-1983493805","p1":"FIRE LORD AESON!","p2":"BlueKxllaShowdown","format":"[Gen 9] Ubers","log":"|j|\u2606FIRE LORD AESON!\n|j|\u2606BlueKxllaShowdown\n|t:|1699136116\n|gametype|singles\n|player|p1|FIRE LORD AESON!|red-gen1|1255\n|player|p2|BlueKxllaShowdown|102|1252\n|teamsize|p1|6\n|teamsize|p2|6\n|gen|9\n|tier|[Gen 9] Ubers\n|rated|\n|rule|Sleep Clause Mod: Limit one foe put to sleep\n|rule|Species Clause: Limit one of each Pok\u00e9mon\n|rule|OHKO Clause: OHKO moves are banned\n|rule|Evasion Items Clause: Evasion items are banned\n|rule|Evasion Moves Clause: Evasion moves are banned\n|rule|Endless Battle Clause: Forcing endless battles is banned\n|rule|HP Percentage Mod: HP is shown in percentages\n|clearpoke\n|poke|p1|Torkoal, F|\n|poke|p1|Hatterene, F|\n|poke|p1|Kommo-o, M|\n|poke|p1|Cinderace, F|\n|poke|p1|Great Tusk|\n|poke|p1|Heatran, F|\n|poke|p2|Mewtwo|\n|poke|p2|Arceus|\n|poke|p2|Koraidon|\n|poke|p2|Spectrier|\n|poke|p2|Skeledirge, M|\n|poke|p2|Eternatus|\n|teampreview\n|inactive|Battle timer is ON: inactive players will automatically lose when time's up. (requested by BlueKxllaShowdown)\n|c|\u2606BlueKxllaShowdown|Uhhh\n|c|\u2606BlueKxllaShowdown|Not trying to be that guy but...\n|c|\u2606BlueKxllaShowdown|Ill let you cook\n|inactive|FIRE LORD AESON! has 120 seconds left.\n|\n|t:|1699136151\n|start\n|switch|p1a: SEXY @ESON UTUBE!|Hatterene, F|100\/100\n|switch|p2a: Mewtwo|Mewtwo|100\/100\n|-ability|p2a: Mewtwo|Pressure\n|turn|1\n|\n|t:|1699136158\n|move|p2a: Mewtwo|Dark Pulse|p1a: SEXY @ESON UTUBE!\n|-damage|p1a: SEXY @ESON UTUBE!|70\/100\n|move|p1a: SEXY @ESON UTUBE!|Calm Mind|p1a: SEXY @ESON UTUBE!\n|-boost|p1a: SEXY @ESON UTUBE!|spa|1\n|-boost|p1a: SEXY @ESON UTUBE!|spd|1\n|\n|upkeep\n|turn|2\n|\n|t:|1699136169\n|move|p2a: Mewtwo|Dark Pulse|p1a: SEXY @ESON UTUBE!\n|-damage|p1a: SEXY @ESON UTUBE!|52\/100\n|move|p1a: SEXY @ESON UTUBE!|Draining Kiss|p2a: Mewtwo\n|-damage|p2a: Mewtwo|63\/100\n|-heal|p1a: SEXY @ESON UTUBE!|89\/100|[from] drain|[of] p2a: Mewtwo\n|\n|upkeep\n|turn|3\n|\n|t:|1699136187\n|switch|p2a: Skeledirge|Skeledirge, M|100\/100\n|move|p1a: SEXY @ESON UTUBE!|Mystical Fire|p2a: Skeledirge\n|-resisted|p2a: Skeledirge\n|-damage|p2a: Skeledirge|90\/100\n|-unboost|p2a: Skeledirge|spa|1\n|\n|upkeep\n|turn|4\n|\n|t:|1699136192\n|move|p2a: Skeledirge|Torch Song|p1a: SEXY @ESON UTUBE!\n|-damage|p1a: SEXY @ESON UTUBE!|67\/100\n|-boost|p2a: Skeledirge|spa|1\n|move|p1a: SEXY @ESON UTUBE!|Psyshock|p2a: Skeledirge\n|-damage|p2a: Skeledirge|48\/100\n|\n|upkeep\n|turn|5\n|\n|t:|1699136203\n|move|p2a: Skeledirge|Torch Song|p1a: SEXY @ESON UTUBE!\n|-damage|p1a: SEXY @ESON UTUBE!|36\/100\n|-boost|p2a: Skeledirge|spa|1\n|move|p1a: SEXY @ESON UTUBE!|Psyshock|p2a: Skeledirge\n|-crit|p2a: Skeledirge\n|-damage|p2a: Skeledirge|0 fnt\n|faint|p2a: Skeledirge\n|\n|upkeep\n|\n|t:|1699136211\n|switch|p2a: Spectrier|Spectrier|100\/100\n|turn|6\n|\n|t:|1699136220\n|move|p2a: Spectrier|Shadow Ball|p1a: SEXY @ESON UTUBE!\n|-supereffective|p1a: SEXY @ESON UTUBE!\n|-damage|p1a: SEXY @ESON UTUBE!|0 fnt\n|faint|p1a: SEXY @ESON UTUBE!\n|-ability|p2a: Spectrier|Grim Neigh|boost\n|-boost|p2a: Spectrier|spa|1\n|-damage|p2a: Spectrier|91\/100|[from] item: Life Orb\n|\n|upkeep\n|\n|t:|1699136232\n|switch|p1a: SUBSCRIBE 2 AESON!|Torkoal, F|100\/100\n|-weather|SunnyDay|[from] ability: Drought|[of] p1a: SUBSCRIBE 2 AESON!\n|turn|7\n|\n|t:|1699136239\n|move|p2a: Spectrier|Shadow Ball|p1a: SUBSCRIBE 2 AESON!\n|-crit|p1a: SUBSCRIBE 2 AESON!\n|-damage|p1a: SUBSCRIBE 2 AESON!|0 fnt\n|faint|p1a: SUBSCRIBE 2 AESON!\n|-ability|p2a: Spectrier|Grim Neigh|boost\n|-boost|p2a: Spectrier|spa|1\n|-damage|p2a: Spectrier|81\/100|[from] item: Life Orb\n|\n|-weather|SunnyDay|[upkeep]\n|upkeep\n|\n|t:|1699136243\n|switch|p1a: PLAYBOY|Cinderace, F|100\/100\n|turn|8\n|c|\u2606BlueKxllaShowdown|Gg\n|\n|t:|1699136249\n|move|p1a: PLAYBOY|Sucker Punch|p2a: Spectrier\n|-start|p1a: PLAYBOY|typechange|Dark|[from] ability: Libero\n|-supereffective|p2a: Spectrier\n|-damage|p2a: Spectrier|0 fnt\n|faint|p2a: Spectrier\n|-damage|p1a: PLAYBOY|91\/100|[from] item: Life Orb\n|\n|-weather|SunnyDay|[upkeep]\n|upkeep\n|c|\u2606FIRE LORD AESON!|yea...\n|\n|t:|1699136254\n|switch|p2a: Koraidon|Koraidon|100\/100\n|-activate|p2a: Koraidon|ability: Orichalcum Pulse\n|turn|9\n|\n|t:|1699136267\n|move|p2a: Koraidon|Swords Dance|p2a: Koraidon\n|-boost|p2a: Koraidon|atk|2\n|move|p1a: PLAYBOY|High Jump Kick|p2a: Koraidon\n|-damage|p2a: Koraidon|49\/100\n|-damage|p1a: PLAYBOY|81\/100|[from] item: Life Orb\n|\n|-weather|SunnyDay|[upkeep]\n|upkeep\n|turn|10\n|\n|t:|1699136285\n|move|p1a: PLAYBOY|Sucker Punch|p2a: Koraidon\n|-resisted|p2a: Koraidon\n|-damage|p2a: Koraidon|31\/100\n|-damage|p1a: PLAYBOY|71\/100|[from] item: Life Orb\n|move|p2a: Koraidon|Collision Course|p1a: PLAYBOY\n|-supereffective|p1a: PLAYBOY\n|-damage|p1a: PLAYBOY|0 fnt\n|faint|p1a: PLAYBOY\n|\n|-weather|SunnyDay|[upkeep]\n|upkeep\n|c|\u2606BlueKxllaShowdown|Koridon wins\n|\n|t:|1699136296\n|switch|p1a: GEN 1 > GEN 9?|Great Tusk|100\/100\n|-activate|p1a: GEN 1 > GEN 9?|ability: Protosynthesis\n|-start|p1a: GEN 1 > GEN 9?|protosynthesisatk\n|turn|11\n|\n|t:|1699136306\n|-terastallize|p2a: Koraidon|Fire\n|move|p2a: Koraidon|Flare Blitz|p1a: GEN 1 > GEN 9?\n|-enditem|p1a: GEN 1 > GEN 9?|Focus Sash\n|-damage|p1a: GEN 1 > GEN 9?|1\/100\n|-damage|p2a: Koraidon|0 fnt|[from] Recoil\n|faint|p2a: Koraidon\n|move|p1a: GEN 1 > GEN 9?|Rapid Spin|p2: Koraidon|[notarget]\n|-fail|p1a: GEN 1 > GEN 9?\n|\n|-weather|SunnyDay|[upkeep]\n|upkeep\n|\n|t:|1699136315\n|switch|p2a: Mewtwo|Mewtwo|63\/100\n|-ability|p2a: Mewtwo|Pressure\n|turn|12\n|\n|t:|1699136319\n|move|p2a: Mewtwo|Dark Pulse|p1a: GEN 1 > GEN 9?\n|-resisted|p1a: GEN 1 > GEN 9?\n|-damage|p1a: GEN 1 > GEN 9?|0 fnt\n|faint|p1a: GEN 1 > GEN 9?\n|-end|p1a: GEN 1 > GEN 9?|Protosynthesis|[silent]\n|\n|-weather|SunnyDay|[upkeep]\n|upkeep\n|\n|t:|1699136330\n|switch|p1a: AESON SCORSESE|Kommo-o, M|100\/100\n|turn|13\n|\n|t:|1699136347\n|-terastallize|p1a: AESON SCORSESE|Steel\n|move|p2a: Mewtwo|Psystrike|p1a: AESON SCORSESE\n|-resisted|p1a: AESON SCORSESE\n|-damage|p1a: AESON SCORSESE|75\/100\n|move|p1a: AESON SCORSESE|Clangorous Soul|p1a: AESON SCORSESE\n|-boost|p1a: AESON SCORSESE|atk|1\n|-boost|p1a: AESON SCORSESE|def|1\n|-boost|p1a: AESON SCORSESE|spa|1\n|-boost|p1a: AESON SCORSESE|spd|1\n|-boost|p1a: AESON SCORSESE|spe|1\n|-damage|p1a: AESON SCORSESE|42\/100\n|\n|-weather|SunnyDay|[upkeep]\n|upkeep\n|turn|14\n|inactive|FIRE LORD AESON! has 120 seconds left.\n|\n|t:|1699136374\n|move|p1a: AESON SCORSESE|Clanging Scales|p2a: Mewtwo\n|-damage|p2a: Mewtwo|0 fnt\n|faint|p2a: Mewtwo\n|-unboost|p1a: AESON SCORSESE|def|1\n|\n|-weather|none\n|upkeep\n|\n|t:|1699136381\n|switch|p2a: Eternatus|Eternatus|100\/100\n|-ability|p2a: Eternatus|Pressure\n|turn|15\n|\n|t:|1699136386\n|move|p1a: AESON SCORSESE|Clanging Scales|p2a: Eternatus\n|-supereffective|p2a: Eternatus\n|-damage|p2a: Eternatus|0 fnt\n|faint|p2a: Eternatus\n|-unboost|p1a: AESON SCORSESE|def|1\n|\n|upkeep\n|\n|t:|1699136388\n|switch|p2a: Arceus|Arceus|100\/100\n|turn|16\n|\n|t:|1699136392\n|move|p2a: Arceus|Extreme Speed|p1a: AESON SCORSESE\n|-resisted|p1a: AESON SCORSESE\n|-damage|p1a: AESON SCORSESE|0 fnt\n|faint|p1a: AESON SCORSESE\n|-damage|p2a: Arceus|91\/100|[from] item: Life Orb\n|\n|upkeep\n|\n|t:|1699136399\n|switch|p1a: ROAD 2 RESPECT!|Heatran, F|100\/100\n|-item|p1a: ROAD 2 RESPECT!|Air Balloon\n|turn|17\n|\n|t:|1699136403\n|move|p2a: Arceus|Swords Dance|p2a: Arceus\n|-boost|p2a: Arceus|atk|2\n|move|p1a: ROAD 2 RESPECT!|Magma Storm|p2a: Arceus\n|-damage|p2a: Arceus|55\/100\n|-activate|p2a: Arceus|move: Magma Storm|[of] p1a: ROAD 2 RESPECT!\n|\n|-damage|p2a: Arceus|43\/100|[from] move: Magma Storm|[partiallytrapped]\n|upkeep\n|turn|18\n|\n|t:|1699136410\n|move|p2a: Arceus|Shadow Claw|p1a: ROAD 2 RESPECT!\n|-damage|p1a: ROAD 2 RESPECT!|48\/100\n|-status|p2a: Arceus|brn|[from] ability: Flame Body|[of] p1a: ROAD 2 RESPECT!\n|-enditem|p1a: ROAD 2 RESPECT!|Air Balloon\n|-damage|p2a: Arceus|33\/100 brn|[from] item: Life Orb\n|move|p1a: ROAD 2 RESPECT!|Magma Storm|p2a: Arceus\n|-damage|p2a: Arceus|1\/100 brn\n|\n|-damage|p2a: Arceus|0 fnt|[from] brn\n|faint|p2a: Arceus\n|\n|win|FIRE LORD AESON!\n|upkeep\n|raw|FIRE LORD AESON!'s rating: 1255 &rarr; <strong>1280<\/strong><br \/>(+25 for winning)\n|raw|BlueKxllaShowdown's rating: 1252 &rarr; <strong>1227<\/strong><br \/>(-25 for losing)\n|c|\u2606BlueKxllaShowdown|Shitt\n|l|\u2606BlueKxllaShowdown\n|c|\u2606FIRE LORD AESON!|o wow...\n","uploadtime":1699136436,"views":29,"p1id":"firelordaeson","p2id":"bluekxllashowdown","formatid":"gen9ubers","rating":1227,"private":0,"password":""}