{"id":"gen9ubers-1990477826","p1":"alelipa","p2":"Ggdrrree","format":"[Gen 9] Ubers","log":"|j|\u2606alelipa\n|j|\u2606Ggdrrree\n|t:|1699974627\n|gametype|singles\n|player|p1|alelipa|cynthia-gen4|1116\n|player|p2|Ggdrrree|hiker-gen4|1000\n|teamsize|p1|6\n|teamsize|p2|6\n|gen|9\n|tier|[Gen 9] Ubers\n|rated|\n|rule|Sleep Clause Mod: Limit one foe put to sleep\n|rule|Species Clause: Limit one of each Pok\u00e9mon\n|rule|OHKO Clause: OHKO moves are banned\n|rule|Evasion Items Clause: Evasion items are banned\n|rule|Evasion Moves Clause: Evasion moves are banned\n|rule|Endless Battle Clause: Forcing endless battles is banned\n|rule|HP Percentage Mod: HP is shown in percentages\n|clearpoke\n|poke|p1|Hatterene, F|\n|poke|p1|Ursaluna-Bloodmoon, M|\n|poke|p1|Chien-Pao|\n|poke|p1|Arboliva, F|\n|poke|p1|Basculegion, M|\n|poke|p1|Rayquaza|\n|poke|p2|Zacian-*|\n|poke|p2|Flutter Mane|\n|poke|p2|Groudon|\n|poke|p2|Kyogre|\n|poke|p2|Toxapex, F|\n|poke|p2|Koraidon|\n|teampreview\n|\n|t:|1699974637\n|start\n|switch|p1a: Ursaluna|Ursaluna-Bloodmoon, M|100\/100\n|switch|p2a: Kyogre|Kyogre|100\/100\n|-weather|RainDance|[from] ability: Drizzle|[of] p2a: Kyogre\n|turn|1\n|\n|t:|1699974645\n|move|p2a: Kyogre|Water Spout|p1a: Ursaluna\n|-supereffective|p1a: Ursaluna\n|-crit|p1a: Ursaluna\n|-damage|p1a: Ursaluna|0 fnt\n|faint|p1a: Ursaluna\n|\n|-weather|RainDance|[upkeep]\n|upkeep\n|\n|t:|1699974653\n|switch|p1a: Arboliva|Arboliva, F|100\/100\n|turn|2\n|\n|t:|1699974660\n|switch|p2a: Toxapex|Toxapex, F|100\/100\n|move|p1a: Arboliva|Leech Seed|p2a: Toxapex\n|-start|p2a: Toxapex|move: Leech Seed\n|\n|-weather|RainDance|[upkeep]\n|-damage|p2a: Toxapex|88\/100|[from] Leech Seed|[of] p1a: Arboliva\n|upkeep\n|turn|3\n|\n|t:|1699974669\n|switch|p1a: Hatterene|Hatterene, F|100\/100\n|move|p2a: Toxapex|Infestation|p1a: Hatterene\n|-damage|p1a: Hatterene|97\/100\n|-activate|p1a: Hatterene|move: Infestation|[of] p2a: Toxapex\n|\n|-weather|RainDance|[upkeep]\n|-heal|p1a: Hatterene|100\/100|[from] item: Leftovers\n|-damage|p2a: Toxapex|76\/100|[from] Leech Seed|[of] p1a: Hatterene\n|-damage|p1a: Hatterene|88\/100|[from] move: Infestation|[partiallytrapped]\n|upkeep\n|turn|4\n|\n|t:|1699974690\n|switch|p2a: Groudon|Groudon|100\/100\n|-weather|SunnyDay|[from] ability: Drought|[of] p2a: Groudon\n|move|p1a: Hatterene|Calm Mind|p1a: Hatterene\n|-boost|p1a: Hatterene|spa|1\n|-boost|p1a: Hatterene|spd|1\n|\n|-weather|SunnyDay|[upkeep]\n|-heal|p1a: Hatterene|94\/100|[from] item: Leftovers\n|-end|p1a: Hatterene|Infestation|[partiallytrapped]|[silent]\n|upkeep\n|turn|5\n|\n|t:|1699974702\n|move|p2a: Groudon|Precipice Blades|p1a: Hatterene|[miss]\n|-miss|p2a: Groudon|p1a: Hatterene\n|move|p1a: Hatterene|Draining Kiss|p2a: Groudon\n|-damage|p2a: Groudon|66\/100\n|-heal|p1a: Hatterene|100\/100|[from] drain|[of] p2a: Groudon\n|-damage|p1a: Hatterene|84\/100|[from] item: Rocky Helmet|[of] p2a: Groudon\n|\n|-weather|SunnyDay|[upkeep]\n|-heal|p1a: Hatterene|90\/100|[from] item: Leftovers\n|upkeep\n|turn|6\n|\n|t:|1699974713\n|move|p2a: Groudon|Precipice Blades|p1a: Hatterene|[miss]\n|-miss|p2a: Groudon|p1a: Hatterene\n|move|p1a: Hatterene|Psychic|p2a: Groudon\n|-damage|p2a: Groudon|7\/100\n|\n|-weather|SunnyDay|[upkeep]\n|-heal|p1a: Hatterene|96\/100|[from] item: Leftovers\n|upkeep\n|turn|7\n|\n|t:|1699974722\n|move|p2a: Groudon|Precipice Blades|p1a: Hatterene\n|-damage|p1a: Hatterene|38\/100\n|move|p1a: Hatterene|Psychic|p2a: Groudon\n|-damage|p2a: Groudon|0 fnt\n|faint|p2a: Groudon\n|\n|-weather|SunnyDay|[upkeep]\n|-heal|p1a: Hatterene|44\/100|[from] item: Leftovers\n|upkeep\n|\n|t:|1699974725\n|switch|p2a: Zacian|Zacian-Crowned|100\/100\n|-ability|p2a: Zacian|Intrepid Sword|boost\n|-boost|p2a: Zacian|atk|1\n|turn|8\n|\n|t:|1699974745\n|move|p2a: Zacian|Behemoth Blade|p1a: Hatterene\n|-supereffective|p1a: Hatterene\n|-damage|p1a: Hatterene|0 fnt\n|faint|p1a: Hatterene\n|\n|-weather|none\n|upkeep\n|\n|t:|1699974753\n|switch|p1a: Rayquaza|Rayquaza|100\/100\n|-ability|p1a: Rayquaza|Air Lock\n|turn|9\n|\n|t:|1699974759\n|move|p2a: Zacian|Play Rough|p1a: Rayquaza\n|-supereffective|p1a: Rayquaza\n|-damage|p1a: Rayquaza|0 fnt\n|faint|p1a: Rayquaza\n|\n|upkeep\n|\n|t:|1699974765\n|switch|p1a: Chien-Pao|Chien-Pao|100\/100\n|-ability|p1a: Chien-Pao|Sword of Ruin\n|turn|10\n|\n|t:|1699974785\n|move|p2a: Zacian|Swords Dance|p2a: Zacian\n|-boost|p2a: Zacian|atk|2\n|move|p1a: Chien-Pao|Sacred Sword|p2a: Zacian\n|-damage|p2a: Zacian|64\/100\n|\n|upkeep\n|turn|11\n|\n|t:|1699974792\n|move|p2a: Zacian|Behemoth Blade|p1a: Chien-Pao\n|-supereffective|p1a: Chien-Pao\n|-enditem|p1a: Chien-Pao|Focus Sash\n|-damage|p1a: Chien-Pao|1\/100\n|move|p1a: Chien-Pao|Sacred Sword|p2a: Zacian\n|-damage|p2a: Zacian|25\/100\n|\n|upkeep\n|turn|12\n|\n|t:|1699974803\n|move|p2a: Zacian|Behemoth Blade|p1a: Chien-Pao\n|-supereffective|p1a: Chien-Pao\n|-damage|p1a: Chien-Pao|0 fnt\n|faint|p1a: Chien-Pao\n|\n|upkeep\n|\n|t:|1699974809\n|switch|p1a: Basculegion|Basculegion, M, shiny|100\/100\n|turn|13\n|\n|t:|1699974815\n|-terastallize|p1a: Basculegion|Ghost\n|move|p2a: Zacian|Play Rough|p1a: Basculegion\n|-damage|p1a: Basculegion|0 fnt\n|faint|p1a: Basculegion\n|\n|upkeep\n|-message|alelipa forfeited.\n|\n|win|Ggdrrree\n|raw|alelipa's rating: 1116 &rarr; <strong>1083<\/strong><br \/>(-33 for losing)\n|raw|Ggdrrree's rating: 1000 &rarr; <strong>1053<\/strong><br \/>(+53 for winning)\n|l|\u2606alelipa\n","uploadtime":1699974829,"views":5,"p1id":"alelipa","p2id":"ggdrrree","formatid":"gen9ubers","rating":1053,"private":0,"password":""}