{"id":"gen9ubers-1999145493","p1":"SunShinyReys","p2":"LOLWhale","format":"[Gen 9] Ubers","log":"|j|\u2606SunShinyReys\n|j|\u2606LOLWhale\n|t:|1701038123\n|gametype|singles\n|player|p1|SunShinyReys|burglar|\n|player|p2|LOLWhale|265|\n|teamsize|p1|6\n|teamsize|p2|6\n|gen|9\n|tier|[Gen 9] Ubers\n|rule|Sleep Clause Mod: Limit one foe put to sleep\n|rule|Species Clause: Limit one of each Pok\u00e9mon\n|rule|OHKO Clause: OHKO moves are banned\n|rule|Evasion Items Clause: Evasion items are banned\n|rule|Evasion Moves Clause: Evasion moves are banned\n|rule|Endless Battle Clause: Forcing endless battles is banned\n|rule|HP Percentage Mod: HP is shown in percentages\n|clearpoke\n|poke|p1|Chi-Yu|\n|poke|p1|Scizor, M|\n|poke|p1|Slowking, M|\n|poke|p1|Beartic, M|\n|poke|p1|Blissey, F|\n|poke|p1|Gligar, M|\n|poke|p2|Azumarill, M|\n|poke|p2|Regidrago|\n|poke|p2|Sandy Shocks|\n|poke|p2|Muk-Alola, F|\n|poke|p2|Heatran, F|\n|poke|p2|Lycanroc-Dusk, F|\n|teampreview\n|j| Superison\n|j| Ghantist\n|j| HateV2\n|c| HateV2|Booooooo fuck beartic\n|c| HateV2|treads clears that fraud\n|j| curtisthecacnea\n|\n|t:|1701038303\n|start\n|switch|p1a: The Boi|Gligar, M|100\/100\n|switch|p2a: Muk|Muk-Alola, F|100\/100\n|turn|1\n|\n|t:|1701038312\n|move|p1a: The Boi|Knock Off|p2a: Muk\n|-resisted|p2a: Muk\n|-damage|p2a: Muk|91\/100\n|-enditem|p2a: Muk|Assault Vest|[from] move: Knock Off|[of] p1a: The Boi\n|move|p2a: Muk|Knock Off|p1a: The Boi\n|-damage|p1a: The Boi|74\/100\n|-enditem|p1a: The Boi|Eviolite|[from] move: Knock Off|[of] p2a: Muk\n|\n|upkeep\n|turn|2\n|\n|t:|1701038357\n|switch|p2a: Regidrago|Regidrago|100\/100\n|move|p1a: The Boi|Earthquake|p2a: Regidrago\n|-damage|p2a: Regidrago|68\/100\n|\n|upkeep\n|turn|3\n|\n|t:|1701038410\n|switch|p1a: Nurse|Blissey, F|100\/100\n|move|p2a: Regidrago|Dragon Energy|p1a: Nurse\n|-damage|p1a: Nurse|76\/100\n|\n|-heal|p1a: Nurse|82\/100|[from] item: Leftovers\n|upkeep\n|turn|4\n|\n|t:|1701038446\n|switch|p2a: Heatran|Heatran, F|100\/100\n|move|p1a: Nurse|Thunder Wave|p2a: Heatran\n|-status|p2a: Heatran|par\n|\n|-heal|p1a: Nurse|88\/100|[from] item: Leftovers\n|upkeep\n|turn|5\n|\n|t:|1701038455\n|move|p1a: Nurse|Stealth Rock|p2a: Heatran\n|-sidestart|p2: LOLWhale|move: Stealth Rock\n|move|p2a: Heatran|Stealth Rock|p1a: Nurse\n|-sidestart|p1: SunShinyReys|move: Stealth Rock\n|\n|-heal|p1a: Nurse|94\/100|[from] item: Leftovers\n|upkeep\n|turn|6\n|\n|t:|1701038461\n|move|p1a: Nurse|Seismic Toss|p2a: Heatran\n|-damage|p2a: Heatran|75\/100 par\n|-status|p1a: Nurse|brn|[from] ability: Flame Body|[of] p2a: Heatran\n|move|p2a: Heatran|Body Press|p1a: Nurse\n|-supereffective|p1a: Nurse\n|-damage|p1a: Nurse|52\/100 brn\n|\n|-heal|p1a: Nurse|58\/100 brn|[from] item: Leftovers\n|-heal|p2a: Heatran|81\/100 par|[from] item: Leftovers\n|-damage|p1a: Nurse|52\/100 brn|[from] brn\n|upkeep\n|turn|7\n|\n|t:|1701038476\n|-curestatus|p1a: Nurse|brn|[from] ability: Natural Cure\n|switch|p1a: ScaldKing|Slowking, M|100\/100\n|move|p2a: Heatran|Lava Plume|p1a: ScaldKing\n|-resisted|p1a: ScaldKing\n|-damage|p1a: ScaldKing|88\/100\n|\n|-heal|p2a: Heatran|87\/100 par|[from] item: Leftovers\n|upkeep\n|turn|8\n|j| Undead_Redhead\n|c| Undead_Redhead|Herrro good luck both of you\n|c|\u2606SunShinyReys|<3\n|c| Undead_Redhead|<3\n|\n|t:|1701038559\n|move|p1a: ScaldKing|Scald|p2a: Heatran\n|-supereffective|p2a: Heatran\n|-damage|p2a: Heatran|39\/100 par\n|move|p2a: Heatran|Will-O-Wisp|p1a: ScaldKing\n|-status|p1a: ScaldKing|brn\n|\n|-heal|p2a: Heatran|45\/100 par|[from] item: Leftovers\n|-damage|p1a: ScaldKing|81\/100 brn|[from] brn\n|upkeep\n|turn|9\n|\n|t:|1701038577\n|switch|p2a: Muk|Muk-Alola, F|91\/100\n|-damage|p2a: Muk|79\/100|[from] Stealth Rock\n|move|p1a: ScaldKing|Scald|p2a: Muk\n|-damage|p2a: Muk|60\/100\n|\n|-damage|p1a: ScaldKing|75\/100 brn|[from] brn\n|upkeep\n|turn|10\n|j| ThatGuyAltro\n|\n|t:|1701038626\n|move|p2a: Muk|Knock Off|p1a: ScaldKing\n|-supereffective|p1a: ScaldKing\n|-damage|p1a: ScaldKing|19\/100 brn\n|-enditem|p1a: ScaldKing|Heavy-Duty Boots|[from] move: Knock Off|[of] p2a: Muk\n|move|p1a: ScaldKing|Chilly Reception|p1a: ScaldKing\n|-weather|Snow\n|\n|t:|1701038633\n|switch|p1a: Ice Bear|Beartic, M|100\/100|[from] Chilly Reception\n|-damage|p1a: Ice Bear|76\/100|[from] Stealth Rock\n|\n|-weather|Snow|[upkeep]\n|upkeep\n|turn|11\n|c| HateV2|DIE ICE BEAR DIE\n|c| HateV2|Cant let him keep getting away with this\n|\n|t:|1701038696\n|-terastallize|p1a: Ice Bear|Fighting\n|move|p1a: Ice Bear|Close Combat|p2a: Muk\n|-damage|p2a: Muk|0 fnt\n|-unboost|p1a: Ice Bear|def|1\n|-unboost|p1a: Ice Bear|spd|1\n|faint|p2a: Muk\n|\n|-weather|Snow|[upkeep]\n|upkeep\n|c| HateV2|NOT ANOTHER FRAG FOR THE BEAR\n|c| HateV2|HES MAKING THE GAP BIGGER\n|c|\u2606SunShinyReys|>:]\n|c| HateV2|It\u2019s so joever\n|c| HateV2|Treads will be gapped by the bear\n|c| Undead_Redhead|Ice Bear approves of this beatdown\n|\n|t:|1701038820\n|switch|p2a: Azumarill|Azumarill, M|100\/100\n|-damage|p2a: Azumarill|88\/100|[from] Stealth Rock\n|turn|12\n|c| HateV2|;-;\n|\n|t:|1701038852\n|move|p1a: Ice Bear|Trailblaze|p2a: Azumarill\n|-supereffective|p2a: Azumarill\n|-damage|p2a: Azumarill|44\/100\n|-boost|p1a: Ice Bear|spe|1\n|move|p2a: Azumarill|Play Rough|p1a: Ice Bear\n|-supereffective|p1a: Ice Bear\n|-damage|p1a: Ice Bear|0 fnt\n|faint|p1a: Ice Bear\n|\n|-weather|Snow|[upkeep]\n|upkeep\n|\n|t:|1701038863\n|switch|p1a: Iron Man|Scizor, M|100\/100\n|-damage|p1a: Iron Man|88\/100|[from] Stealth Rock\n|turn|13\n|c| Undead_Redhead|ICE BEAR NOOOOO\n|c| HateV2|ITS DEAD\n|c| HateV2|LETS GOOOOO\n|c| HateV2|TREADS ON TOP\n|c| HateV2|Ok GL to both sides\n|c| HateV2|LOL\n|c|\u2606SunShinyReys|I have another match after this one.\n|c| HateV2|That\u2019s ok when I battle Joey treads is sweeping\n|c| HateV2|idk how but I\u2019ll make sure it happens\n|c| HateV2|ddance baton pass with pult\n|c| HateV2|breaking the rules\n|\n|t:|1701038949\n|move|p1a: Iron Man|Bullet Punch|p2a: Azumarill\n|-damage|p2a: Azumarill|0 fnt\n|faint|p2a: Azumarill\n|\n|-weather|Snow|[upkeep]\n|upkeep\n|\n|t:|1701038953\n|switch|p2a: Heatran|Heatran, F|45\/100 par\n|-damage|p2a: Heatran|33\/100 par|[from] Stealth Rock\n|turn|14\n|c|\u2606LOLWhale|im petty sure its gg\n|c| HateV2|It\u2019s never joever till it\u2019s truly joever\n|\n|t:|1701039031\n|switch|p1a: ScaldKing|Slowking, M|52\/100 brn\n|-damage|p1a: ScaldKing|39\/100 brn|[from] Stealth Rock\n|switch|p2a: Lycanroc|Lycanroc-Dusk, F|100\/100\n|-damage|p2a: Lycanroc|88\/100|[from] Stealth Rock\n|\n|-weather|none\n|-damage|p1a: ScaldKing|33\/100 brn|[from] brn\n|upkeep\n|turn|15\n|c| HateV2|We\u2019re going to ignore the fact that chi-yu hasn\u2019t saw the field yet btw\n|\n|t:|1701039073\n|move|p2a: Lycanroc|Stone Edge|p1a: ScaldKing\n|-damage|p1a: ScaldKing|0 fnt\n|faint|p1a: ScaldKing\n|\n|upkeep\n|c|\u2606SunShinyReys|nodders\n|c|\u2606SunShinyReys|O:\n|\n|t:|1701039111\n|switch|p1a: Iron Man|Scizor, M|88\/100\n|-damage|p1a: Iron Man|76\/100|[from] Stealth Rock\n|turn|16\n|l| curtisthecacnea\n|\n|t:|1701039175\n|switch|p2a: Heatran|Heatran, F|33\/100 par\n|-damage|p2a: Heatran|20\/100 par|[from] Stealth Rock\n|move|p1a: Iron Man|Knock Off|p2a: Heatran\n|-damage|p2a: Heatran|0 fnt\n|-enditem|p2a: Heatran|Leftovers|[from] move: Knock Off|[of] p1a: Iron Man\n|faint|p2a: Heatran\n|\n|upkeep\n|c|\u2606LOLWhale|once again asking flame body to do its thing\n|c|\u2606SunShinyReys|pray to RNGesus harder like I did.\n|\n|t:|1701039215\n|switch|p2a: Regidrago|Regidrago|68\/100\n|-damage|p2a: Regidrago|55\/100|[from] Stealth Rock\n|turn|17\n|l| HateV2\n|c| Undead_Redhead|\"It's not over till the last card is played\" - Jaden You, probably\n|\n|t:|1701039260\n|switch|p1a: The Boi|Gligar, M|74\/100\n|-damage|p1a: The Boi|61\/100|[from] Stealth Rock\n|move|p2a: Regidrago|Dragon Pulse|p1a: The Boi\n|-damage|p1a: The Boi|11\/100\n|\n|upkeep\n|turn|18\n|\n|t:|1701039269\n|move|p2a: Regidrago|Dragon Pulse|p1a: The Boi\n|-damage|p1a: The Boi|0 fnt\n|faint|p1a: The Boi\n|\n|upkeep\n|\n|t:|1701039290\n|switch|p1a: Iron Man|Scizor, M|76\/100\n|-damage|p1a: Iron Man|64\/100|[from] Stealth Rock\n|turn|19\n|\n|t:|1701039319\n|move|p1a: Iron Man|Bullet Punch|p2a: Regidrago\n|-damage|p2a: Regidrago|0 fnt\n|faint|p2a: Regidrago\n|\n|upkeep\n|\n|t:|1701039322\n|switch|p2a: Sandy Shocks|Sandy Shocks|100\/100\n|-damage|p2a: Sandy Shocks|94\/100|[from] Stealth Rock\n|turn|20\n|\n|t:|1701039367\n|move|p1a: Iron Man|Bullet Punch|p2a: Sandy Shocks\n|-resisted|p2a: Sandy Shocks\n|-damage|p2a: Sandy Shocks|66\/100\n|move|p2a: Sandy Shocks|Thunderbolt|p1a: Iron Man\n|-damage|p1a: Iron Man|0 fnt\n|faint|p1a: Iron Man\n|-damage|p2a: Sandy Shocks|56\/100|[from] item: Life Orb\n|\n|upkeep\n|\n|t:|1701039388\n|switch|p1a: Ghoti|Chi-Yu|100\/100\n|-damage|p1a: Ghoti|75\/100|[from] Stealth Rock\n|-ability|p1a: Ghoti|Beads of Ruin\n|turn|21\n|\n|t:|1701039424\n|move|p1a: Ghoti|Dark Pulse|p2a: Sandy Shocks\n|-damage|p2a: Sandy Shocks|0 fnt\n|faint|p2a: Sandy Shocks\n|-end|p2a: Sandy Shocks|Protosynthesis|[silent]\n|\n|upkeep\n|\n|t:|1701039427\n|switch|p2a: Lycanroc|Lycanroc-Dusk, F|88\/100\n|-damage|p2a: Lycanroc|76\/100|[from] Stealth Rock\n|turn|22\n|\n|t:|1701039456\n|switch|p1a: Nurse|Blissey, F|52\/100\n|-damage|p1a: Nurse|39\/100|[from] Stealth Rock\n|move|p2a: Lycanroc|Accelerock|p1a: Nurse\n|-damage|p1a: Nurse|9\/100\n|\n|-heal|p1a: Nurse|15\/100|[from] item: Leftovers\n|upkeep\n|turn|23\n|c|\u2606LOLWhale|???\n|\n|t:|1701039477\n|move|p2a: Lycanroc|Accelerock|p1a: Nurse\n|-damage|p1a: Nurse|0 fnt\n|faint|p1a: Nurse\n|\n|upkeep\n|\n|t:|1701039481\n|switch|p1a: Ghoti|Chi-Yu|75\/100\n|-damage|p1a: Ghoti|50\/100|[from] Stealth Rock\n|-ability|p1a: Ghoti|Beads of Ruin\n|turn|24\n|c|\u2606LOLWhale|gg!\n|\n|t:|1701039493\n|move|p2a: Lycanroc|Accelerock|p1a: Ghoti\n|-supereffective|p1a: Ghoti\n|-damage|p1a: Ghoti|0 fnt\n|faint|p1a: Ghoti\n|\n|win|LOLWhale\n|c|\u2606SunShinyReys|accelerock was already a guarenteed kill\n|c|\u2606SunShinyReys|and since it's priority I can't outspeed with fish\n|c|\u2606LOLWhale|i forgo about stealth rocks\n|l| Undead_Redhead\n|c|\u2606LOLWhale|ggs!\n|c|\u2606SunShinyReys|ye, i needed a spin\n|l|\u2606SunShinyReys\n","uploadtime":1701039541,"views":13,"p1id":"sunshinyreys","p2id":"lolwhale","formatid":"gen9ubers","rating":0,"private":0,"password":""}