{"id":"gen9ubers-1978455023","p1":"Shedinja999","p2":"leonissenbaum","format":"[Gen 9] Ubers","log":"|j|\u2606Shedinja999\n|j|\u2606leonissenbaum\n|t:|1698541164\n|gametype|singles\n|player|p1|Shedinja999|will|\n|player|p2|leonissenbaum|leon|\n|teamsize|p1|6\n|teamsize|p2|6\n|gen|9\n|tier|[Gen 9] Ubers\n|rule|Sleep Clause Mod: Limit one foe put to sleep\n|rule|Species Clause: Limit one of each Pok\u00e9mon\n|rule|OHKO Clause: OHKO moves are banned\n|rule|Evasion Items Clause: Evasion items are banned\n|rule|Evasion Moves Clause: Evasion moves are banned\n|rule|Endless Battle Clause: Forcing endless battles is banned\n|rule|HP Percentage Mod: HP is shown in percentages\n|clearpoke\n|poke|p1|Magearna|\n|poke|p1|Giratina|\n|poke|p1|Spectrier|\n|poke|p1|Arceus-Fighting|\n|poke|p1|Shaymin-Sky|\n|poke|p1|Ursaluna-Bloodmoon, M|\n|poke|p2|Giratina|\n|poke|p2|Gliscor, M|\n|poke|p2|Blissey, F|\n|poke|p2|Dondozo, F|\n|poke|p2|Clefable, F|\n|poke|p2|Espeon, F|\n|teampreview\n|inactive|Battle timer is ON: inactive players will automatically lose when time's up. (requested by Shedinja999)\n|c|\u2606leonissenbaum|gl!\n|c|\u2606Shedinja999|gl to you as well\n|j| nimjaishot\n|\n|t:|1698541188\n|start\n|switch|p1a: Magearna|Magearna|100\/100\n|switch|p2a: Gliscor|Gliscor, M|100\/100\n|turn|1\n|c| nimjaishot|booo i hate leon booo\n|c|\u2606leonissenbaum|true\n|\n|t:|1698541196\n|switch|p2a: Espeon|Espeon, F|100\/100\n|move|p1a: Magearna|Shift Gear|p1a: Magearna\n|-boost|p1a: Magearna|spe|2\n|-boost|p1a: Magearna|atk|1\n|\n|upkeep\n|turn|2\n|\n|t:|1698541208\n|move|p1a: Magearna|Calm Mind|p1a: Magearna\n|-boost|p1a: Magearna|spa|1\n|-boost|p1a: Magearna|spd|1\n|move|p2a: Espeon|Trick|p1a: Magearna\n|-activate|p2a: Espeon|move: Trick|[of] p1a: Magearna\n|-item|p1a: Magearna|Choice Scarf|[from] move: Trick\n|-item|p2a: Espeon|Leftovers|[from] move: Trick\n|\n|upkeep\n|turn|3\n|\n|t:|1698541220\n|move|p1a: Magearna|Stored Power|p2a: Espeon\n|-resisted|p2a: Espeon\n|-damage|p2a: Espeon|80\/100\n|move|p2a: Espeon|Light Screen|p2a: Espeon\n|-sidestart|p2: leonissenbaum|move: Light Screen\n|\n|-heal|p2a: Espeon|86\/100|[from] item: Leftovers\n|upkeep\n|turn|4\n|\n|t:|1698541228\n|switch|p2a: Gliscor|Gliscor, M|100\/100\n|move|p1a: Magearna|Stored Power|p2a: Gliscor\n|-damage|p2a: Gliscor|79\/100\n|\n|-status|p2a: Gliscor|tox|[from] item: Toxic Orb\n|upkeep\n|turn|5\n|c|\u2606Shedinja999|definitely not my best look\n|\n|t:|1698541233\n|move|p1a: Magearna|Stored Power|p2a: Gliscor\n|-damage|p2a: Gliscor|58\/100 tox\n|move|p2a: Gliscor|Toxic Spikes|p1a: Magearna\n|-sidestart|p1: Shedinja999|move: Toxic Spikes\n|\n|-heal|p2a: Gliscor|71\/100 tox|[from] ability: Poison Heal\n|upkeep\n|turn|6\n|\n|t:|1698541238\n|move|p1a: Magearna|Stored Power|p2a: Gliscor\n|-damage|p2a: Gliscor|51\/100 tox\n|move|p2a: Gliscor|Toxic Spikes|p1a: Magearna\n|-sidestart|p1: Shedinja999|move: Toxic Spikes\n|\n|-heal|p2a: Gliscor|63\/100 tox|[from] ability: Poison Heal\n|upkeep\n|turn|7\n|l| nimjaishot\n|\n|t:|1698541244\n|move|p2a: Gliscor|Protect|p2a: Gliscor\n|-singleturn|p2a: Gliscor|Protect\n|move|p1a: Magearna|Stored Power|p2a: Gliscor\n|-activate|p2a: Gliscor|move: Protect\n|\n|-heal|p2a: Gliscor|76\/100 tox|[from] ability: Poison Heal\n|-sideend|p2: leonissenbaum|move: Light Screen\n|upkeep\n|turn|8\n|\n|t:|1698541250\n|switch|p2a: Blissey|Blissey, F|100\/100\n|move|p1a: Magearna|Stored Power|p2a: Blissey\n|-damage|p2a: Blissey|83\/100\n|\n|-heal|p2a: Blissey|89\/100|[from] item: Leftovers\n|upkeep\n|turn|9\n|\n|t:|1698541256\n|switch|p1a: Spectrier|Spectrier|100\/100\n|move|p2a: Blissey|Stealth Rock|p1a: Spectrier\n|-sidestart|p1: Shedinja999|move: Stealth Rock\n|\n|-heal|p2a: Blissey|96\/100|[from] item: Leftovers\n|upkeep\n|turn|10\n|\n|t:|1698541263\n|move|p1a: Spectrier|Taunt|p2a: Blissey\n|-start|p2a: Blissey|move: Taunt\n|move|p2a: Blissey|Shadow Ball|p1a: Spectrier\n|-supereffective|p1a: Spectrier\n|-damage|p1a: Spectrier|72\/100\n|\n|-heal|p2a: Blissey|100\/100|[from] item: Leftovers\n|upkeep\n|turn|11\n|\n|t:|1698541269\n|move|p1a: Spectrier|Disable|p2a: Blissey\n|-start|p2a: Blissey|Disable|Shadow Ball\n|cant|p2a: Blissey|Disable|Shadow Ball\n|\n|upkeep\n|turn|12\n|\n|t:|1698541276\n|switch|p2a: Clefable|Clefable, F|100\/100\n|move|p1a: Spectrier|Draining Kiss|p2a: Clefable\n|-damage|p2a: Clefable|89\/100\n|-heal|p1a: Spectrier|80\/100|[from] drain|[of] p2a: Clefable\n|\n|-heal|p2a: Clefable|95\/100|[from] item: Leftovers\n|upkeep\n|turn|13\n|\n|t:|1698541290\n|move|p1a: Spectrier|Taunt|p2a: Clefable\n|-start|p2a: Clefable|move: Taunt\n|move|p2a: Clefable|Moonblast|p1a: Spectrier\n|-damage|p1a: Spectrier|50\/100\n|-unboost|p1a: Spectrier|spa|1\n|\n|-heal|p2a: Clefable|100\/100|[from] item: Leftovers\n|upkeep\n|turn|14\n|\n|t:|1698541300\n|switch|p2a: Gliscor|Gliscor, M|76\/100 tox\n|move|p1a: Spectrier|Disable||[still]\n|-fail|p1a: Spectrier\n|\n|-heal|p2a: Gliscor|88\/100 tox|[from] ability: Poison Heal\n|upkeep\n|turn|15\n|\n|t:|1698541308\n|move|p1a: Spectrier|Shadow Ball|p2a: Gliscor\n|-damage|p2a: Gliscor|68\/100 tox\n|-unboost|p2a: Gliscor|spd|1\n|move|p2a: Gliscor|Spikes|p1a: Spectrier\n|-sidestart|p1: Shedinja999|Spikes\n|\n|-heal|p2a: Gliscor|81\/100 tox|[from] ability: Poison Heal\n|upkeep\n|turn|16\n|\n|t:|1698541314\n|move|p2a: Gliscor|Protect|p2a: Gliscor\n|-singleturn|p2a: Gliscor|Protect\n|move|p1a: Spectrier|Shadow Ball|p2a: Gliscor\n|-activate|p2a: Gliscor|move: Protect\n|\n|-heal|p2a: Gliscor|93\/100 tox|[from] ability: Poison Heal\n|upkeep\n|turn|17\n|\n|t:|1698541319\n|switch|p2a: Blissey|Blissey, F|100\/100\n|move|p1a: Spectrier|Disable||[still]\n|-fail|p1a: Spectrier\n|\n|upkeep\n|turn|18\n|\n|t:|1698541323\n|move|p1a: Spectrier|Draining Kiss|p2a: Blissey\n|-damage|p2a: Blissey|97\/100\n|-heal|p1a: Spectrier|55\/100|[from] drain|[of] p2a: Blissey\n|move|p2a: Blissey|Shadow Ball|p1a: Spectrier\n|-supereffective|p1a: Spectrier\n|-crit|p1a: Spectrier\n|-damage|p1a: Spectrier|9\/100\n|-unboost|p1a: Spectrier|spd|1\n|\n|-heal|p2a: Blissey|100\/100|[from] item: Leftovers\n|upkeep\n|turn|19\n|\n|t:|1698541327\n|move|p1a: Spectrier|Disable|p2a: Blissey\n|-start|p2a: Blissey|Disable|Shadow Ball\n|cant|p2a: Blissey|Disable|Shadow Ball\n|\n|upkeep\n|turn|20\n|\n|t:|1698541336\n|switch|p2a: Gliscor|Gliscor, M|93\/100 tox\n|move|p1a: Spectrier|Taunt|p2a: Gliscor\n|-start|p2a: Gliscor|move: Taunt\n|\n|-heal|p2a: Gliscor|100\/100 tox|[from] ability: Poison Heal\n|upkeep\n|turn|21\n|\n|t:|1698541340\n|switch|p2a: Blissey|Blissey, F|100\/100\n|move|p1a: Spectrier|Shadow Ball|p2a: Blissey\n|-immune|p2a: Blissey\n|\n|upkeep\n|turn|22\n|c|\u2606Shedinja999|i hate stall so much\n|c|\u2606leonissenbaum|lmao rip\n|\n|t:|1698541357\n|switch|p1a: Shaymin|Shaymin-Sky|100\/100\n|move|p2a: Blissey|Shadow Ball|p1a: Shaymin\n|-crit|p1a: Shaymin\n|-damage|p1a: Shaymin|71\/100\n|\n|upkeep\n|turn|23\n|\n|t:|1698541366\n|move|p1a: Shaymin|Air Slash|p2a: Blissey\n|-damage|p2a: Blissey|89\/100\n|cant|p2a: Blissey|flinch\n|\n|-heal|p2a: Blissey|95\/100|[from] item: Leftovers\n|upkeep\n|turn|24\n|\n|t:|1698541371\n|move|p1a: Shaymin|Seed Flare|p2a: Blissey\n|-damage|p2a: Blissey|78\/100\n|-unboost|p2a: Blissey|spd|2\n|move|p2a: Blissey|Seismic Toss|p1a: Shaymin\n|-damage|p1a: Shaymin|42\/100\n|\n|-heal|p2a: Blissey|84\/100|[from] item: Leftovers\n|upkeep\n|turn|25\n|\n|t:|1698541380\n|switch|p1a: Spectrier|Spectrier|9\/100\n|switch|p2a: Gliscor|Gliscor, M|100\/100 tox\n|\n|upkeep\n|turn|26\n|\n|t:|1698541387\n|move|p1a: Spectrier|Draining Kiss|p2a: Gliscor\n|-damage|p2a: Gliscor|86\/100 tox\n|-heal|p1a: Spectrier|19\/100|[from] drain|[of] p2a: Gliscor\n|move|p2a: Gliscor|Spikes|p1a: Spectrier\n|-sidestart|p1: Shedinja999|Spikes\n|\n|-heal|p2a: Gliscor|99\/100 tox|[from] ability: Poison Heal\n|upkeep\n|turn|27\n|\n|t:|1698541393\n|move|p1a: Spectrier|Taunt|p2a: Gliscor\n|-start|p2a: Gliscor|move: Taunt\n|cant|p2a: Gliscor|move: Taunt|Spikes\n|\n|-heal|p2a: Gliscor|100\/100 tox|[from] ability: Poison Heal\n|upkeep\n|turn|28\n|\n|t:|1698541399\n|switch|p2a: Blissey|Blissey, F|84\/100\n|move|p1a: Spectrier|Draining Kiss|p2a: Blissey\n|-damage|p2a: Blissey|80\/100\n|-heal|p1a: Spectrier|24\/100|[from] drain|[of] p2a: Blissey\n|\n|-heal|p2a: Blissey|86\/100|[from] item: Leftovers\n|upkeep\n|turn|29\n|\n|t:|1698541406\n|move|p1a: Spectrier|Shadow Ball|p2a: Blissey\n|-immune|p2a: Blissey\n|move|p2a: Blissey|Shadow Ball|p1a: Spectrier\n|-supereffective|p1a: Spectrier\n|-damage|p1a: Spectrier|0 fnt\n|faint|p1a: Spectrier\n|\n|-heal|p2a: Blissey|92\/100|[from] item: Leftovers\n|upkeep\n|\n|t:|1698541408\n|switch|p1a: Shaymin|Shaymin-Sky|42\/100\n|turn|30\n|\n|t:|1698541416\n|move|p1a: Shaymin|Earth Power|p2a: Blissey\n|-damage|p2a: Blissey|84\/100\n|move|p2a: Blissey|Seismic Toss|p1a: Shaymin\n|-damage|p1a: Shaymin|13\/100\n|\n|-heal|p2a: Blissey|90\/100|[from] item: Leftovers\n|upkeep\n|turn|31\n|\n|t:|1698541420\n|move|p1a: Shaymin|Seed Flare|p2a: Blissey|[miss]\n|-miss|p1a: Shaymin|p2a: Blissey\n|move|p2a: Blissey|Seismic Toss|p1a: Shaymin\n|-damage|p1a: Shaymin|0 fnt\n|faint|p1a: Shaymin\n|\n|-heal|p2a: Blissey|96\/100|[from] item: Leftovers\n|upkeep\n|\n|t:|1698541428\n|switch|p1a: Giratina|Giratina, shiny|100\/100\n|-status|p1a: Giratina|tox\n|-damage|p1a: Giratina|88\/100 tox|[from] Stealth Rock\n|-damage|p1a: Giratina|71\/100 tox|[from] Spikes\n|-ability|p1a: Giratina|Pressure\n|turn|32\n|\n|t:|1698541442\n|move|p1a: Giratina|Shadow Ball|p2a: Blissey\n|-immune|p2a: Blissey\n|move|p2a: Blissey|Shadow Ball|p1a: Giratina\n|-supereffective|p1a: Giratina\n|-damage|p1a: Giratina|58\/100 tox\n|\n|-heal|p1a: Giratina|64\/100 tox|[from] item: Leftovers\n|-heal|p2a: Blissey|100\/100|[from] item: Leftovers\n|-damage|p1a: Giratina|58\/100 tox|[from] psn\n|upkeep\n|turn|33\n|\n|t:|1698541449\n|move|p1a: Giratina|Will-O-Wisp|p2a: Blissey\n|-status|p2a: Blissey|brn\n|move|p2a: Blissey|Shadow Ball|p1a: Giratina\n|-supereffective|p1a: Giratina\n|-damage|p1a: Giratina|44\/100 tox\n|\n|-heal|p1a: Giratina|50\/100 tox|[from] item: Leftovers\n|-damage|p1a: Giratina|38\/100 tox|[from] psn\n|-damage|p2a: Blissey|94\/100 brn|[from] brn\n|upkeep\n|turn|34\n|\n|t:|1698541453\n|move|p2a: Blissey|Shadow Ball|p1a: Giratina\n|-supereffective|p1a: Giratina\n|-damage|p1a: Giratina|24\/100 tox\n|move|p1a: Giratina|Roar|p2a: Blissey\n|-curestatus|p2a: Blissey|brn|[from] ability: Natural Cure\n|drag|p2a: Clefable|Clefable, F|100\/100\n|\n|-heal|p1a: Giratina|30\/100 tox|[from] item: Leftovers\n|-damage|p1a: Giratina|12\/100 tox|[from] psn\n|upkeep\n|turn|35\n|\n|t:|1698541461\n|switch|p2a: Blissey|Blissey, F|94\/100\n|move|p1a: Giratina|Shadow Ball|p2a: Blissey\n|-immune|p2a: Blissey\n|\n|-heal|p1a: Giratina|18\/100 tox|[from] item: Leftovers\n|-heal|p2a: Blissey|100\/100|[from] item: Leftovers\n|-damage|p1a: Giratina|0 fnt|[from] psn\n|faint|p1a: Giratina\n|upkeep\n|\n|t:|1698541464\n|switch|p1a: Ursaluna|Ursaluna-Bloodmoon, M|100\/100\n|-status|p1a: Ursaluna|tox\n|-damage|p1a: Ursaluna|94\/100 tox|[from] Stealth Rock\n|-damage|p1a: Ursaluna|78\/100 tox|[from] Spikes\n|turn|36\n|\n|t:|1698541472\n|switch|p2a: Clefable|Clefable, F|100\/100\n|move|p1a: Ursaluna|Calm Mind|p1a: Ursaluna\n|-boost|p1a: Ursaluna|spa|1\n|-boost|p1a: Ursaluna|spd|1\n|\n|-damage|p1a: Ursaluna|72\/100 tox|[from] psn\n|upkeep\n|turn|37\n|\n|t:|1698541480\n|move|p2a: Clefable|Calm Mind|p2a: Clefable\n|-boost|p2a: Clefable|spa|1\n|-boost|p2a: Clefable|spd|1\n|move|p1a: Ursaluna|Blood Moon|p2a: Clefable\n|-damage|p2a: Clefable|49\/100\n|-damage|p1a: Ursaluna|62\/100 tox|[from] item: Life Orb\n|\n|-heal|p2a: Clefable|55\/100|[from] item: Leftovers\n|-damage|p1a: Ursaluna|50\/100 tox|[from] psn\n|upkeep\n|turn|38\n|\n|t:|1698541492\n|move|p2a: Clefable|Wish|p2a: Clefable\n|move|p1a: Ursaluna|Calm Mind|p1a: Ursaluna\n|-boost|p1a: Ursaluna|spa|1\n|-boost|p1a: Ursaluna|spd|1\n|\n|-heal|p2a: Clefable|61\/100|[from] item: Leftovers\n|-damage|p1a: Ursaluna|32\/100 tox|[from] psn\n|upkeep\n|turn|39\n|\n|t:|1698541496\n|move|p2a: Clefable|Protect|p2a: Clefable\n|-singleturn|p2a: Clefable|Protect\n|move|p1a: Ursaluna|Calm Mind|p1a: Ursaluna\n|-boost|p1a: Ursaluna|spa|1\n|-boost|p1a: Ursaluna|spd|1\n|\n|-heal|p2a: Clefable|100\/100|[from] move: Wish|[wisher] Clefable\n|-damage|p1a: Ursaluna|7\/100 tox|[from] psn\n|upkeep\n|turn|40\n|\n|t:|1698541500\n|move|p2a: Clefable|Wish|p2a: Clefable\n|move|p1a: Ursaluna|Blood Moon|p2a: Clefable\n|-damage|p2a: Clefable|56\/100\n|-damage|p1a: Ursaluna|0 fnt|[from] item: Life Orb\n|faint|p1a: Ursaluna\n|\n|-heal|p2a: Clefable|62\/100|[from] item: Leftovers\n|upkeep\n|\n|t:|1698541505\n|switch|p1a: Arceus|Arceus-Fighting, shiny|100\/100\n|-status|p1a: Arceus|tox\n|-damage|p1a: Arceus|94\/100 tox|[from] Stealth Rock\n|-damage|p1a: Arceus|78\/100 tox|[from] Spikes\n|turn|41\n|\n|t:|1698541510\n|move|p1a: Arceus|Calm Mind|p1a: Arceus\n|-boost|p1a: Arceus|spa|1\n|-boost|p1a: Arceus|spd|1\n|move|p2a: Clefable|Moonblast|p1a: Arceus\n|-supereffective|p1a: Arceus\n|-damage|p1a: Arceus|5\/100 tox\n|\n|-heal|p2a: Clefable|100\/100|[from] move: Wish|[wisher] Clefable\n|-damage|p1a: Arceus|0 fnt|[from] psn\n|faint|p1a: Arceus\n|upkeep\n|\n|t:|1698541516\n|switch|p1a: Magearna|Magearna|100\/100\n|-damage|p1a: Magearna|94\/100|[from] Stealth Rock\n|-damage|p1a: Magearna|78\/100|[from] Spikes\n|turn|42\n|\n|t:|1698541522\n|-terastallize|p1a: Magearna|Ground\n|move|p1a: Magearna|Tera Blast|p2a: Clefable|[anim] Tera Blast Ground\n|-damage|p2a: Clefable|86\/100\n|move|p2a: Clefable|Calm Mind|p2a: Clefable\n|-boost|p2a: Clefable|spa|1\n|-boost|p2a: Clefable|spd|1\n|\n|-heal|p2a: Clefable|92\/100|[from] item: Leftovers\n|upkeep\n|turn|43\n|c|\u2606Shedinja999|stupid stall\n|\n|t:|1698541537\n|move|p1a: Magearna|Tera Blast|p2a: Clefable|[anim] Tera Blast Ground\n|-damage|p2a: Clefable|80\/100\n|move|p2a: Clefable|Moonblast|p1a: Magearna\n|-damage|p1a: Magearna|27\/100\n|\n|-heal|p2a: Clefable|87\/100|[from] item: Leftovers\n|upkeep\n|turn|44\n|c|\u2606leonissenbaum|lmao\n|\n|t:|1698541541\n|move|p1a: Magearna|Tera Blast|p2a: Clefable|[anim] Tera Blast Ground\n|-damage|p2a: Clefable|75\/100\n|move|p2a: Clefable|Moonblast|p1a: Magearna\n|-damage|p1a: Magearna|0 fnt\n|faint|p1a: Magearna\n|\n|win|leonissenbaum\n|c|\u2606leonissenbaum|gg\n|c|\u2606Shedinja999|gg\n","uploadtime":1698541549,"views":13,"p1id":"shedinja999","p2id":"leonissenbaum","formatid":"gen9ubers","rating":0,"private":0,"password":""}