{"id":"gen9ubers-1972607724","p1":"Guy789","p2":"Dinozoic","format":"[Gen 9] Ubers","log":"|j|\u2606Guy789\n|j|\u2606Dinozoic\n|t:|1697863604\n|gametype|singles\n|player|p1|Guy789|lance|1005\n|player|p2|Dinozoic|169|1179\n|teamsize|p1|6\n|teamsize|p2|6\n|gen|9\n|tier|[Gen 9] Ubers\n|rated|\n|rule|Sleep Clause Mod: Limit one foe put to sleep\n|rule|Species Clause: Limit one of each Pok\u00e9mon\n|rule|OHKO Clause: OHKO moves are banned\n|rule|Evasion Items Clause: Evasion items are banned\n|rule|Evasion Moves Clause: Evasion moves are banned\n|rule|Endless Battle Clause: Forcing endless battles is banned\n|rule|HP Percentage Mod: HP is shown in percentages\n|clearpoke\n|poke|p1|Zacian-*|\n|poke|p1|Kyogre|\n|poke|p1|Baxcalibur, M|\n|poke|p1|Arceus-Dark|\n|poke|p1|Ogerpon-Hearthflame, F|\n|poke|p1|Rayquaza|\n|poke|p2|Jirachi|\n|poke|p2|Shaymin-Sky|\n|poke|p2|Sawsbuck, M|\n|poke|p2|Meloetta|\n|poke|p2|Dudunsparce-*, F|\n|poke|p2|Ribombee, F|\n|teampreview\n|inactive|Battle timer is ON: inactive players will automatically lose when time's up. (requested by Dinozoic)\n|\n|t:|1697863631\n|start\n|switch|p1a: star|Ogerpon-Hearthflame, F|100\/100\n|switch|p2a: Ribombee|Ribombee, F|100\/100\n|-ability|p1a: star|Mold Breaker\n|turn|1\n|\n|t:|1697863640\n|move|p2a: Ribombee|Stun Spore|p1a: star\n|-immune|p1a: star\n|move|p1a: star|Ivy Cudgel|p2a: Ribombee\n|-supereffective|p2a: Ribombee\n|-enditem|p2a: Ribombee|Focus Sash\n|-damage|p2a: Ribombee|1\/100\n|\n|upkeep\n|turn|2\n|\n|t:|1697863650\n|move|p2a: Ribombee|Sticky Web|p1a: star\n|-sidestart|p1: Guy789|move: Sticky Web\n|move|p1a: star|Ivy Cudgel|p2a: Ribombee\n|-supereffective|p2a: Ribombee\n|-damage|p2a: Ribombee|0 fnt\n|faint|p2a: Ribombee\n|\n|upkeep\n|\n|t:|1697863655\n|switch|p2a: Dudunsparce|Dudunsparce-Three-Segment, F|100\/100\n|turn|3\n|\n|t:|1697863667\n|move|p1a: star|Ivy Cudgel|p2a: Dudunsparce\n|-damage|p2a: Dudunsparce|55\/100\n|move|p2a: Dudunsparce|Glare|p1a: star\n|-status|p1a: star|par\n|\n|-heal|p2a: Dudunsparce|61\/100|[from] item: Leftovers\n|upkeep\n|turn|4\n|\n|t:|1697863673\n|move|p2a: Dudunsparce|Air Slash|p1a: star\n|-supereffective|p1a: star\n|-damage|p1a: star|75\/100 par\n|move|p1a: star|Ivy Cudgel|p2a: Dudunsparce\n|-damage|p2a: Dudunsparce|10\/100\n|\n|-heal|p2a: Dudunsparce|17\/100|[from] item: Leftovers\n|upkeep\n|turn|5\n|\n|t:|1697863682\n|move|p2a: Dudunsparce|Air Slash|p1a: star\n|-supereffective|p1a: star\n|-damage|p1a: star|52\/100 par\n|cant|p1a: star|flinch\n|\n|-heal|p2a: Dudunsparce|23\/100|[from] item: Leftovers\n|upkeep\n|turn|6\n|\n|t:|1697863691\n|move|p2a: Dudunsparce|Headbutt|p1a: star\n|-damage|p1a: star|30\/100 par\n|cant|p1a: star|flinch\n|\n|-heal|p2a: Dudunsparce|29\/100|[from] item: Leftovers\n|upkeep\n|turn|7\n|\n|t:|1697863700\n|move|p2a: Dudunsparce|Air Slash|p1a: star\n|-supereffective|p1a: star\n|-damage|p1a: star|5\/100 par\n|cant|p1a: star|flinch\n|\n|-heal|p2a: Dudunsparce|35\/100|[from] item: Leftovers\n|upkeep\n|turn|8\n|\n|t:|1697863711\n|move|p2a: Dudunsparce|Headbutt|p1a: star\n|-damage|p1a: star|0 fnt\n|faint|p1a: star\n|\n|-heal|p2a: Dudunsparce|41\/100|[from] item: Leftovers\n|upkeep\n|\n|t:|1697863719\n|switch|p1a: igotdaguts|Rayquaza, shiny|100\/100\n|-ability|p1a: igotdaguts|Air Lock\n|turn|9\n|\n|t:|1697863732\n|move|p1a: igotdaguts|Extreme Speed|p2a: Dudunsparce\n|-damage|p2a: Dudunsparce|17\/100\n|move|p2a: Dudunsparce|Glare|p1a: igotdaguts\n|-status|p1a: igotdaguts|par\n|\n|-heal|p2a: Dudunsparce|24\/100|[from] item: Leftovers\n|upkeep\n|turn|10\n|\n|t:|1697863740\n|cant|p1a: igotdaguts|par\n|move|p2a: Dudunsparce|Air Slash|p1a: igotdaguts\n|-damage|p1a: igotdaguts|89\/100 par\n|\n|-heal|p2a: Dudunsparce|30\/100|[from] item: Leftovers\n|-heal|p1a: igotdaguts|95\/100 par|[from] item: Leftovers\n|upkeep\n|turn|11\n|\n|t:|1697863749\n|move|p1a: igotdaguts|Extreme Speed|p2a: Dudunsparce\n|-damage|p2a: Dudunsparce|6\/100\n|move|p2a: Dudunsparce|Headbutt|p1a: igotdaguts\n|-damage|p1a: igotdaguts|76\/100 par\n|\n|-heal|p2a: Dudunsparce|12\/100|[from] item: Leftovers\n|-heal|p1a: igotdaguts|83\/100 par|[from] item: Leftovers\n|upkeep\n|turn|12\n|\n|t:|1697863754\n|cant|p1a: igotdaguts|par\n|move|p2a: Dudunsparce|Headbutt|p1a: igotdaguts\n|-damage|p1a: igotdaguts|62\/100 par\n|\n|-heal|p2a: Dudunsparce|18\/100|[from] item: Leftovers\n|-heal|p1a: igotdaguts|68\/100 par|[from] item: Leftovers\n|upkeep\n|turn|13\n|\n|t:|1697863759\n|move|p1a: igotdaguts|Extreme Speed|p2a: Dudunsparce\n|-damage|p2a: Dudunsparce|0 fnt\n|faint|p2a: Dudunsparce\n|\n|-heal|p1a: igotdaguts|74\/100 par|[from] item: Leftovers\n|upkeep\n|\n|t:|1697863765\n|switch|p2a: Jirachi|Jirachi|100\/100\n|turn|14\n|\n|t:|1697863780\n|move|p2a: Jirachi|Iron Head|p1a: igotdaguts\n|-damage|p1a: igotdaguts|43\/100 par\n|move|p1a: igotdaguts|Dragon Ascent|p2a: Jirachi\n|-resisted|p2a: Jirachi\n|-damage|p2a: Jirachi|72\/100\n|-unboost|p1a: igotdaguts|def|1\n|-unboost|p1a: igotdaguts|spd|1\n|\n|-heal|p1a: igotdaguts|49\/100 par|[from] item: Leftovers\n|upkeep\n|turn|15\n|\n|t:|1697863787\n|cant|p1a: igotdaguts|par\n|move|p2a: Jirachi|Iron Head|p1a: igotdaguts\n|-damage|p1a: igotdaguts|0 fnt\n|faint|p1a: igotdaguts\n|\n|upkeep\n|\n|t:|1697863814\n|switch|p1a: godzilla|Baxcalibur, M|100\/100\n|-activate|p1a: godzilla|move: Sticky Web\n|-unboost|p1a: godzilla|spe|1\n|turn|16\n|\n|t:|1697863822\n|-terastallize|p2a: Jirachi|Steel\n|-terastallize|p1a: godzilla|Dragon\n|move|p2a: Jirachi|Iron Head|p1a: godzilla\n|-damage|p1a: godzilla|53\/100\n|cant|p1a: godzilla|flinch\n|\n|-heal|p1a: godzilla|60\/100|[from] item: Leftovers\n|upkeep\n|turn|17\n|\n|t:|1697863833\n|move|p2a: Jirachi|Iron Head|p1a: godzilla\n|-damage|p1a: godzilla|10\/100\n|cant|p1a: godzilla|flinch\n|\n|-heal|p1a: godzilla|16\/100|[from] item: Leftovers\n|upkeep\n|turn|18\n|\n|t:|1697863842\n|switch|p1a: killer whale|Kyogre|100\/100\n|-activate|p1a: killer whale|move: Sticky Web\n|-unboost|p1a: killer whale|spe|1\n|-weather|RainDance|[from] ability: Drizzle|[of] p1a: killer whale\n|move|p2a: Jirachi|Iron Head|p1a: killer whale\n|-resisted|p1a: killer whale\n|-damage|p1a: killer whale|77\/100\n|\n|-weather|RainDance|[upkeep]\n|-heal|p1a: killer whale|83\/100|[from] item: Leftovers\n|upkeep\n|turn|19\n|\n|t:|1697863857\n|move|p2a: Jirachi|Iron Head|p1a: killer whale\n|-resisted|p1a: killer whale\n|-damage|p1a: killer whale|61\/100\n|cant|p1a: killer whale|flinch\n|\n|-weather|RainDance|[upkeep]\n|-heal|p1a: killer whale|67\/100|[from] item: Leftovers\n|upkeep\n|turn|20\n|\n|t:|1697863864\n|move|p2a: Jirachi|Iron Head|p1a: killer whale\n|-resisted|p1a: killer whale\n|-damage|p1a: killer whale|45\/100\n|move|p1a: killer whale|Origin Pulse|p2a: Jirachi\n|-damage|p2a: Jirachi|0 fnt\n|faint|p2a: Jirachi\n|\n|-weather|RainDance|[upkeep]\n|-heal|p1a: killer whale|51\/100|[from] item: Leftovers\n|upkeep\n|\n|t:|1697863874\n|switch|p2a: Shaymin|Shaymin-Sky|100\/100\n|turn|21\n|\n|t:|1697863885\n|switch|p1a: steel dog|Zacian-Crowned, shiny|100\/100\n|-activate|p1a: steel dog|move: Sticky Web\n|-unboost|p1a: steel dog|spe|1\n|-ability|p1a: steel dog|Intrepid Sword|boost\n|-boost|p1a: steel dog|atk|1\n|move|p2a: Shaymin|Seed Flare|p1a: steel dog\n|-resisted|p1a: steel dog\n|-damage|p1a: steel dog|75\/100\n|-unboost|p1a: steel dog|spd|2\n|\n|-weather|RainDance|[upkeep]\n|upkeep\n|turn|22\n|\n|t:|1697863896\n|move|p2a: Shaymin|Seed Flare|p1a: steel dog|[miss]\n|-miss|p2a: Shaymin|p1a: steel dog\n|move|p1a: steel dog|Behemoth Blade|p2a: Shaymin\n|-damage|p2a: Shaymin|0 fnt\n|faint|p2a: Shaymin\n|\n|-weather|none\n|upkeep\n|\n|t:|1697863909\n|switch|p2a: Meloetta|Meloetta|100\/100\n|turn|23\n|\n|t:|1697863925\n|move|p2a: Meloetta|Zen Headbutt|p1a: steel dog\n|-resisted|p1a: steel dog\n|-damage|p1a: steel dog|65\/100\n|move|p1a: steel dog|Play Rough|p2a: Meloetta\n|-damage|p2a: Meloetta|11\/100\n|\n|upkeep\n|turn|24\n|\n|t:|1697863932\n|move|p2a: Meloetta|Zen Headbutt|p1a: steel dog\n|-resisted|p1a: steel dog\n|-damage|p1a: steel dog|54\/100\n|cant|p1a: steel dog|flinch\n|\n|upkeep\n|turn|25\n|\n|t:|1697863947\n|move|p2a: Meloetta|Zen Headbutt|p1a: steel dog\n|-resisted|p1a: steel dog\n|-damage|p1a: steel dog|41\/100\n|cant|p1a: steel dog|flinch\n|\n|upkeep\n|turn|26\n|\n|t:|1697863952\n|move|p2a: Meloetta|Zen Headbutt|p1a: steel dog\n|-resisted|p1a: steel dog\n|-damage|p1a: steel dog|30\/100\n|move|p1a: steel dog|Behemoth Blade|p2a: Meloetta\n|-damage|p2a: Meloetta|0 fnt\n|faint|p2a: Meloetta\n|\n|upkeep\n|\n|t:|1697863957\n|switch|p2a: Sawsbuck|Sawsbuck, M|100\/100\n|turn|27\n|\n|t:|1697863984\n|move|p2a: Sawsbuck|Headbutt|p1a: steel dog\n|-resisted|p1a: steel dog\n|-damage|p1a: steel dog|17\/100\n|move|p1a: steel dog|Play Rough|p2a: Sawsbuck|[miss]\n|-miss|p1a: steel dog|p2a: Sawsbuck\n|\n|upkeep\n|turn|28\n|\n|t:|1697863993\n|move|p2a: Sawsbuck|Headbutt|p1a: steel dog\n|-resisted|p1a: steel dog\n|-damage|p1a: steel dog|5\/100\n|cant|p1a: steel dog|flinch\n|\n|upkeep\n|turn|29\n|\n|t:|1697864004\n|move|p2a: Sawsbuck|Headbutt|p1a: steel dog\n|-resisted|p1a: steel dog\n|-damage|p1a: steel dog|0 fnt\n|faint|p1a: steel dog\n|\n|upkeep\n|\n|t:|1697864016\n|switch|p1a: godzilla|Baxcalibur, M, tera:Dragon|16\/100\n|-activate|p1a: godzilla|move: Sticky Web\n|-unboost|p1a: godzilla|spe|1\n|turn|30\n|\n|t:|1697864021\n|move|p2a: Sawsbuck|Headbutt|p1a: godzilla\n|-damage|p1a: godzilla|0 fnt\n|faint|p1a: godzilla\n|\n|upkeep\n|\n|t:|1697864027\n|switch|p1a: Arceus|Arceus-Dark|100\/100\n|-activate|p1a: Arceus|move: Sticky Web\n|-unboost|p1a: Arceus|spe|1\n|turn|31\n|\n|t:|1697864036\n|move|p2a: Sawsbuck|Headbutt|p1a: Arceus\n|-damage|p1a: Arceus|82\/100\n|cant|p1a: Arceus|flinch\n|\n|upkeep\n|turn|32\n|\n|t:|1697864043\n|move|p2a: Sawsbuck|Headbutt|p1a: Arceus\n|-damage|p1a: Arceus|63\/100\n|cant|p1a: Arceus|flinch\n|\n|upkeep\n|turn|33\n|\n|t:|1697864050\n|move|p2a: Sawsbuck|Headbutt|p1a: Arceus\n|-damage|p1a: Arceus|44\/100\n|move|p1a: Arceus|Trailblaze|p2a: Sawsbuck\n|-resisted|p2a: Sawsbuck\n|-damage|p2a: Sawsbuck|91\/100\n|-boost|p1a: Arceus|spe|1\n|\n|upkeep\n|turn|34\n|\n|t:|1697864065\n|move|p2a: Sawsbuck|Headbutt|p1a: Arceus\n|-damage|p1a: Arceus|23\/100\n|move|p1a: Arceus|Trailblaze|p2a: Sawsbuck\n|-resisted|p2a: Sawsbuck\n|-damage|p2a: Sawsbuck|82\/100\n|-boost|p1a: Arceus|spe|1\n|\n|upkeep\n|turn|35\n|\n|t:|1697864077\n|move|p2a: Sawsbuck|Headbutt|p1a: Arceus\n|-damage|p1a: Arceus|4\/100\n|cant|p1a: Arceus|flinch\n|\n|upkeep\n|turn|36\n|\n|t:|1697864085\n|move|p2a: Sawsbuck|Headbutt|p1a: Arceus\n|-damage|p1a: Arceus|0 fnt\n|faint|p1a: Arceus\n|\n|upkeep\n|\n|t:|1697864090\n|switch|p1a: killer whale|Kyogre|51\/100\n|-activate|p1a: killer whale|move: Sticky Web\n|-unboost|p1a: killer whale|spe|1\n|-weather|RainDance|[from] ability: Drizzle|[of] p1a: killer whale\n|turn|37\n|\n|t:|1697864108\n|move|p2a: Sawsbuck|Headbutt|p1a: killer whale\n|-damage|p1a: killer whale|24\/100\n|cant|p1a: killer whale|flinch\n|\n|-weather|RainDance|[upkeep]\n|-heal|p1a: killer whale|30\/100|[from] item: Leftovers\n|upkeep\n|turn|38\n|\n|t:|1697864113\n|move|p2a: Sawsbuck|Headbutt|p1a: killer whale\n|-damage|p1a: killer whale|2\/100\n|cant|p1a: killer whale|flinch\n|\n|-weather|RainDance|[upkeep]\n|-heal|p1a: killer whale|8\/100|[from] item: Leftovers\n|upkeep\n|turn|39\n|\n|t:|1697864118\n|move|p2a: Sawsbuck|Headbutt|p1a: killer whale\n|-damage|p1a: killer whale|0 fnt\n|faint|p1a: killer whale\n|\n|win|Dinozoic\n|raw|Guy789's rating: 1005 &rarr; <strong>1000<\/strong><br \/>(-5 for losing)\n|raw|Dinozoic's rating: 1179 &rarr; <strong>1192<\/strong><br \/>(+13 for winning)\n|l|\u2606Guy789\n","uploadtime":1697864133,"views":18,"p1id":"guy789","p2id":"dinozoic","formatid":"gen9ubers","rating":1000,"private":0,"password":""}