{"id":"gen9ubers-1977841072","p1":"SwordIsBored","p2":"AlicieLizzie","format":"[Gen 9] Ubers","log":"|j|\u2606SwordIsBored\n|j|\u2606AlicieLizzie\n|t:|1698456177\n|gametype|singles\n|player|p1|SwordIsBored|irida|\n|player|p2|AlicieLizzie|pokemonbreederf|\n|teamsize|p1|6\n|teamsize|p2|6\n|gen|9\n|tier|[Gen 9] Ubers\n|rule|Sleep Clause Mod: Limit one foe put to sleep\n|rule|Species Clause: Limit one of each Pok\u00e9mon\n|rule|OHKO Clause: OHKO moves are banned\n|rule|Evasion Items Clause: Evasion items are banned\n|rule|Evasion Moves Clause: Evasion moves are banned\n|rule|Endless Battle Clause: Forcing endless battles is banned\n|rule|HP Percentage Mod: HP is shown in percentages\n|clearpoke\n|poke|p1|Masquerain, F|\n|poke|p1|Gholdengo|\n|poke|p1|Basculegion-F, F|\n|poke|p1|Urshifu-*, F|\n|poke|p1|Arceus-Fire|\n|poke|p1|Shaymin-Sky|\n|poke|p2|Torkoal, M|\n|poke|p2|Walking Wake|\n|poke|p2|Chi-Yu|\n|poke|p2|Leavanny, F|\n|poke|p2|Volcarona, M|\n|poke|p2|Cyclizar, F|\n|teampreview\n|inactive|Battle timer is ON: inactive players will automatically lose when time's up. (requested by AlicieLizzie)\n|\n|t:|1698456190\n|start\n|switch|p1a: Shaymin|Shaymin-Sky|100\/100\n|switch|p2a: Sun|Torkoal, M|100\/100\n|-weather|SunnyDay|[from] ability: Drought|[of] p2a: Sun\n|turn|1\n|\n|t:|1698456204\n|switch|p2a: Hierophant|Leavanny, F|100\/100\n|move|p1a: Shaymin|Air Slash|p2a: Hierophant\n|-supereffective|p2a: Hierophant\n|-enditem|p2a: Hierophant|Focus Sash\n|-damage|p2a: Hierophant|1\/100\n|\n|-weather|SunnyDay|[upkeep]\n|upkeep\n|turn|2\n|\n|t:|1698456209\n|move|p2a: Hierophant|Sticky Web|p1a: Shaymin\n|-sidestart|p1: SwordIsBored|move: Sticky Web\n|move|p1a: Shaymin|Air Slash|p2a: Hierophant\n|-supereffective|p2a: Hierophant\n|-damage|p2a: Hierophant|0 fnt\n|faint|p2a: Hierophant\n|\n|-weather|SunnyDay|[upkeep]\n|upkeep\n|\n|t:|1698456217\n|switch|p2a: Emperor|Chi-Yu|100\/100\n|-ability|p2a: Emperor|Beads of Ruin\n|turn|3\n|c|\u2606SwordIsBored|how did u\n|c|\u2606SwordIsBored|o\n|c|\u2606SwordIsBored|chlorophyll\n|\n|t:|1698456240\n|switch|p1a: Gholdengo|Gholdengo|100\/100\n|-activate|p1a: Gholdengo|move: Sticky Web\n|-unboost|p1a: Gholdengo|spe|1\n|move|p2a: Emperor|Overheat|p1a: Gholdengo\n|-supereffective|p1a: Gholdengo\n|-damage|p1a: Gholdengo|0 fnt\n|-unboost|p2a: Emperor|spa|2\n|faint|p1a: Gholdengo\n|\n|-weather|SunnyDay|[upkeep]\n|upkeep\n|\n|t:|1698456244\n|switch|p1a: Masquerain|Masquerain, F|100\/100\n|-ability|p1a: Masquerain|Intimidate|boost\n|-unboost|p2a: Emperor|atk|1\n|turn|4\n|\n|t:|1698456249\n|move|p2a: Emperor|Overheat|p1a: Masquerain\n|-supereffective|p1a: Masquerain\n|-enditem|p1a: Masquerain|Focus Sash\n|-damage|p1a: Masquerain|1\/100\n|-unboost|p2a: Emperor|spa|2\n|move|p1a: Masquerain|Stun Spore|p2a: Emperor\n|-status|p2a: Emperor|par\n|\n|-weather|SunnyDay|[upkeep]\n|upkeep\n|turn|5\n|\n|t:|1698456252\n|move|p1a: Masquerain|Sticky Web|p2a: Emperor\n|-sidestart|p2: AlicieLizzie|move: Sticky Web\n|move|p2a: Emperor|Overheat|p1a: Masquerain\n|-supereffective|p1a: Masquerain\n|-damage|p1a: Masquerain|0 fnt\n|-unboost|p2a: Emperor|spa|2\n|faint|p1a: Masquerain\n|\n|-weather|SunnyDay|[upkeep]\n|upkeep\n|\n|t:|1698456262\n|switch|p1a: Arceus|Arceus-Fire|100\/100\n|-activate|p1a: Arceus|move: Sticky Web\n|-unboost|p1a: Arceus|spe|1\n|turn|6\n|\n|t:|1698456269\n|switch|p2a: Priestess|Walking Wake|100\/100\n|-activate|p2a: Priestess|move: Sticky Web\n|-unboost|p2a: Priestess|spe|1\n|-activate|p2a: Priestess|ability: Protosynthesis\n|-start|p2a: Priestess|protosynthesisspa\n|move|p1a: Arceus|Swords Dance|p1a: Arceus\n|-boost|p1a: Arceus|atk|2\n|\n|-weather|SunnyDay|[upkeep]\n|upkeep\n|turn|7\n|\n|t:|1698456273\n|-terastallize|p1a: Arceus|Fairy\n|move|p2a: Priestess|Hydro Steam|p1a: Arceus\n|-damage|p1a: Arceus|23\/100\n|move|p1a: Arceus|Tera Blast|p2a: Priestess|[anim] Tera Blast Fairy\n|-supereffective|p2a: Priestess\n|-damage|p2a: Priestess|0 fnt\n|faint|p2a: Priestess\n|-end|p2a: Priestess|Protosynthesis|[silent]\n|\n|-weather|SunnyDay|[upkeep]\n|upkeep\n|\n|t:|1698456281\n|switch|p2a: Fool|Cyclizar, F|100\/100\n|turn|8\n|\n|t:|1698456285\n|move|p2a: Fool|Rapid Spin|p1a: Arceus\n|-damage|p1a: Arceus|10\/100\n|-boost|p2a: Fool|spe|1\n|-sideend|p2: AlicieLizzie|Sticky Web|[from] move: Rapid Spin|[of] p2a: Fool\n|move|p1a: Arceus|Tera Blast|p2a: Fool|[anim] Tera Blast Fairy\n|-supereffective|p2a: Fool\n|-damage|p2a: Fool|0 fnt\n|faint|p2a: Fool\n|\n|-weather|none\n|upkeep\n|\n|t:|1698456291\n|switch|p2a: Sun|Torkoal, M|100\/100\n|-weather|SunnyDay|[from] ability: Drought|[of] p2a: Sun\n|turn|9\n|\n|t:|1698456296\n|move|p1a: Arceus|Earthquake|p2a: Sun\n|-supereffective|p2a: Sun\n|-damage|p2a: Sun|16\/100\n|move|p2a: Sun|Lava Plume|p1a: Arceus\n|-damage|p1a: Arceus|0 fnt\n|faint|p1a: Arceus\n|\n|-weather|SunnyDay|[upkeep]\n|upkeep\n|\n|t:|1698456301\n|switch|p1a: Shaymin|Shaymin-Sky|100\/100\n|turn|10\n|\n|t:|1698456313\n|move|p1a: Shaymin|Substitute|p1a: Shaymin\n|-start|p1a: Shaymin|Substitute\n|-damage|p1a: Shaymin|76\/100\n|move|p2a: Sun|Lava Plume|p1a: Shaymin\n|-supereffective|p1a: Shaymin\n|-end|p1a: Shaymin|Substitute\n|\n|-weather|SunnyDay|[upkeep]\n|upkeep\n|turn|11\n|\n|t:|1698456319\n|switch|p2a: Emperor|Chi-Yu|100\/100 par\n|-ability|p2a: Emperor|Beads of Ruin\n|move|p1a: Shaymin|Air Slash|p2a: Emperor\n|-damage|p2a: Emperor|54\/100 par\n|\n|-weather|SunnyDay|[upkeep]\n|upkeep\n|turn|12\n|\n|t:|1698456327\n|move|p1a: Shaymin|Substitute|p1a: Shaymin\n|-start|p1a: Shaymin|Substitute\n|-damage|p1a: Shaymin|51\/100\n|move|p2a: Emperor|Overheat|p1a: Shaymin\n|-supereffective|p1a: Shaymin\n|-end|p1a: Shaymin|Substitute\n|-unboost|p2a: Emperor|spa|2\n|\n|-weather|SunnyDay|[upkeep]\n|upkeep\n|turn|13\n|\n|t:|1698456333\n|move|p1a: Shaymin|Substitute|p1a: Shaymin\n|-start|p1a: Shaymin|Substitute\n|-damage|p1a: Shaymin|26\/100\n|move|p2a: Emperor|Overheat|p1a: Shaymin\n|-supereffective|p1a: Shaymin\n|-end|p1a: Shaymin|Substitute\n|-unboost|p2a: Emperor|spa|2\n|\n|-weather|SunnyDay|[upkeep]\n|upkeep\n|turn|14\n|\n|t:|1698456339\n|move|p1a: Shaymin|Substitute|p1a: Shaymin\n|-start|p1a: Shaymin|Substitute\n|-damage|p1a: Shaymin|1\/100\n|cant|p2a: Emperor|par\n|\n|-weather|SunnyDay|[upkeep]\n|upkeep\n|turn|15\n|\n|t:|1698456344\n|move|p1a: Shaymin|Air Slash|p2a: Emperor\n|-damage|p2a: Emperor|12\/100 par\n|cant|p2a: Emperor|par\n|\n|-weather|SunnyDay|[upkeep]\n|upkeep\n|turn|16\n|\n|t:|1698456348\n|move|p1a: Shaymin|Air Slash|p2a: Emperor\n|-damage|p2a: Emperor|0 fnt\n|faint|p2a: Emperor\n|\n|-weather|none\n|upkeep\n|\n|t:|1698456358\n|switch|p2a: Star|Volcarona, M|100\/100\n|turn|17\n|\n|t:|1698456362\n|-terastallize|p2a: Star|Water\n|move|p1a: Shaymin|Air Slash|p2a: Star\n|-damage|p2a: Star|60\/100\n|cant|p2a: Star|flinch\n|\n|upkeep\n|turn|18\n|\n|t:|1698456367\n|move|p1a: Shaymin|Seed Flare|p2a: Star\n|-supereffective|p2a: Star\n|-damage|p2a: Star|0 fnt\n|faint|p2a: Star\n|\n|upkeep\n|\n|t:|1698456370\n|switch|p2a: Sun|Torkoal, M|16\/100\n|-weather|SunnyDay|[from] ability: Drought|[of] p2a: Sun\n|turn|19\n|c|\u2606SwordIsBored|ggs\n|\n|t:|1698456374\n|move|p1a: Shaymin|Air Slash|p2a: Sun\n|-damage|p2a: Sun|0 fnt\n|faint|p2a: Sun\n|\n|win|SwordIsBored\n|c|\u2606AlicieLizzie|gg\n","uploadtime":1698456380,"views":23,"p1id":"swordisbored","p2id":"alicielizzie","formatid":"gen9ubers","rating":0,"private":0,"password":""}