{"id":"gen9ubers-1970756894","p1":"Iamssssspiiiiiiidd","p2":"Lidianimel","format":"[Gen 9] Ubers","log":"|j|\u2606Iamssssspiiiiiiidd\n|j|\u2606Lidianimel\n|t:|1697664250\n|gametype|singles\n|player|p1|Iamssssspiiiiiiidd|will|1003\n|player|p2|Lidianimel|2|1043\n|teamsize|p1|6\n|teamsize|p2|6\n|gen|9\n|tier|[Gen 9] Ubers\n|rated|\n|rule|Sleep Clause Mod: Limit one foe put to sleep\n|rule|Species Clause: Limit one of each Pok\u00e9mon\n|rule|OHKO Clause: OHKO moves are banned\n|rule|Evasion Items Clause: Evasion items are banned\n|rule|Evasion Moves Clause: Evasion moves are banned\n|rule|Endless Battle Clause: Forcing endless battles is banned\n|rule|HP Percentage Mod: HP is shown in percentages\n|clearpoke\n|poke|p1|Typhlosion, F|\n|poke|p1|Fezandipiti, M|\n|poke|p1|Milotic, F|\n|poke|p1|Mienshao, F|\n|poke|p1|Dipplin, F|\n|poke|p1|Golem-Alola, M|\n|poke|p2|Moltres|\n|poke|p2|Sinistcha|\n|poke|p2|Abomasnow, M|\n|poke|p2|Crabominable, F|\n|poke|p2|Mamoswine, F|\n|poke|p2|Arceus-Ground|\n|teampreview\n|\n|t:|1697664272\n|start\n|switch|p1a: Mienshao|Mienshao, F, shiny|100\/100\n|switch|p2a: Mamoswine|Mamoswine, F|100\/100\n|turn|1\n|\n|t:|1697664283\n|switch|p2a: Sinistcha|Sinistcha, shiny|100\/100\n|move|p1a: Mienshao|High Jump Kick|p2a: Sinistcha\n|-immune|p2a: Sinistcha\n|-damage|p1a: Mienshao|50\/100|[from] highjumpkick\n|-enditem|p1a: Mienshao|Sitrus Berry|[eat]\n|-heal|p1a: Mienshao|75\/100|[from] item: Sitrus Berry\n|\n|upkeep\n|turn|2\n|\n|t:|1697664299\n|switch|p1a: Fezandipiti|Fezandipiti, M|100\/100\n|move|p2a: Sinistcha|Iron Defense|p2a: Sinistcha\n|-boost|p2a: Sinistcha|def|2\n|\n|upkeep\n|turn|3\n|\n|t:|1697664308\n|move|p1a: Fezandipiti|Brave Bird|p2a: Sinistcha\n|-supereffective|p2a: Sinistcha\n|-damage|p2a: Sinistcha|69\/100\n|-enditem|p2a: Sinistcha|Weakness Policy\n|-boost|p2a: Sinistcha|atk|2|[from] item: Weakness Policy\n|-boost|p2a: Sinistcha|spa|2|[from] item: Weakness Policy\n|-damage|p1a: Fezandipiti|89\/100|[from] Recoil\n|move|p2a: Sinistcha|Giga Drain|p1a: Fezandipiti\n|-resisted|p1a: Fezandipiti\n|-damage|p1a: Fezandipiti|54\/100\n|-heal|p2a: Sinistcha|85\/100|[from] drain|[of] p1a: Fezandipiti\n|\n|-heal|p1a: Fezandipiti|60\/100|[from] item: Black Sludge\n|upkeep\n|turn|4\n|\n|t:|1697664325\n|move|p1a: Fezandipiti|Brave Bird|p2a: Sinistcha\n|-supereffective|p2a: Sinistcha\n|-damage|p2a: Sinistcha|58\/100\n|-damage|p1a: Fezandipiti|50\/100|[from] Recoil\n|move|p2a: Sinistcha|Poltergeist|p1a: Fezandipiti\n|-activate|p1a: Fezandipiti|move: Poltergeist|Black Sludge\n|-damage|p1a: Fezandipiti|0 fnt\n|faint|p1a: Fezandipiti\n|\n|upkeep\n|\n|t:|1697664336\n|switch|p1a: Typhlosion|Typhlosion, F, shiny|100\/100\n|turn|5\n|\n|t:|1697664340\n|move|p1a: Typhlosion|Flamethrower|p2a: Sinistcha\n|-supereffective|p2a: Sinistcha\n|-damage|p2a: Sinistcha|3\/100\n|move|p2a: Sinistcha|Poltergeist|p1a: Typhlosion\n|-activate|p1a: Typhlosion|move: Poltergeist|Expert Belt\n|-damage|p1a: Typhlosion|31\/100\n|\n|upkeep\n|turn|6\n|\n|t:|1697664349\n|move|p1a: Typhlosion|Extrasensory|p2a: Sinistcha\n|-damage|p2a: Sinistcha|0 fnt\n|faint|p2a: Sinistcha\n|\n|upkeep\n|\n|t:|1697664356\n|switch|p2a: Mamoswine|Mamoswine, F|100\/100\n|turn|7\n|\n|t:|1697664360\n|move|p1a: Typhlosion|Extrasensory|p2a: Mamoswine\n|-damage|p2a: Mamoswine|58\/100\n|move|p2a: Mamoswine|Earthquake|p1a: Typhlosion\n|-supereffective|p1a: Typhlosion\n|-damage|p1a: Typhlosion|0 fnt\n|faint|p1a: Typhlosion\n|\n|upkeep\n|\n|t:|1697664368\n|switch|p1a: Milotic|Milotic, F, shiny|100\/100\n|turn|8\n|\n|t:|1697664378\n|switch|p2a: Abomasnow|Abomasnow, M|100\/100\n|move|p1a: Milotic|Hydro Pump|p2a: Abomasnow\n|-resisted|p2a: Abomasnow\n|-damage|p2a: Abomasnow|78\/100\n|\n|upkeep\n|turn|9\n|\n|t:|1697664392\n|move|p1a: Milotic|Attract|p2a: Abomasnow\n|-start|p2a: Abomasnow|Attract\n|-activate|p2a: Abomasnow|move: Attract|[of] p1a: Milotic\n|cant|p2a: Abomasnow|Attract\n|\n|upkeep\n|turn|10\n|\n|t:|1697664403\n|move|p1a: Milotic|Hydro Pump|p2a: Abomasnow\n|-resisted|p2a: Abomasnow\n|-damage|p2a: Abomasnow|53\/100\n|-activate|p2a: Abomasnow|move: Attract|[of] p1a: Milotic\n|cant|p2a: Abomasnow|Attract\n|\n|upkeep\n|turn|11\n|\n|t:|1697664422\n|move|p1a: Milotic|Hydro Pump|p2a: Abomasnow\n|-resisted|p2a: Abomasnow\n|-damage|p2a: Abomasnow|27\/100\n|-activate|p2a: Abomasnow|move: Attract|[of] p1a: Milotic\n|move|p2a: Abomasnow|Leaf Storm|p1a: Milotic\n|-supereffective|p1a: Milotic\n|-damage|p1a: Milotic|21\/100\n|-unboost|p2a: Abomasnow|spa|2\n|-enditem|p2a: Abomasnow|White Herb\n|-clearnegativeboost|p2a: Abomasnow|[silent]\n|\n|upkeep\n|turn|12\n|\n|t:|1697664439\n|move|p1a: Milotic|Hydro Pump|p2a: Abomasnow\n|-resisted|p2a: Abomasnow\n|-damage|p2a: Abomasnow|4\/100\n|-activate|p2a: Abomasnow|move: Attract|[of] p1a: Milotic\n|cant|p2a: Abomasnow|Attract\n|\n|upkeep\n|turn|13\n|\n|t:|1697664447\n|move|p1a: Milotic|Hydro Pump|p2a: Abomasnow\n|-resisted|p2a: Abomasnow\n|-damage|p2a: Abomasnow|0 fnt\n|faint|p2a: Abomasnow\n|\n|upkeep\n|\n|t:|1697664456\n|switch|p2a: Mamoswine|Mamoswine, F|58\/100\n|turn|14\n|\n|t:|1697664461\n|move|p2a: Mamoswine|Earthquake|p1a: Milotic\n|-crit|p1a: Milotic\n|-damage|p1a: Milotic|0 fnt\n|faint|p1a: Milotic\n|\n|upkeep\n|\n|t:|1697664467\n|switch|p1a: Mienshao|Mienshao, F, shiny|75\/100\n|turn|15\n|\n|t:|1697664481\n|switch|p2a: Moltres|Moltres|100\/100\n|move|p1a: Mienshao|Drain Punch|p2a: Moltres\n|-resisted|p2a: Moltres\n|-damage|p2a: Moltres|80\/100\n|-heal|p1a: Mienshao|88\/100|[from] drain|[of] p2a: Moltres\n|\n|upkeep\n|turn|16\n|\n|t:|1697664493\n|switch|p1a: Golem|Golem-Alola, M, shiny|100\/100\n|move|p2a: Moltres|Protect||[still]\n|-fail|p2a: Moltres\n|\n|upkeep\n|turn|17\n|\n|t:|1697664504\n|switch|p2a: Crabominable|Crabominable, F|100\/100\n|move|p1a: Golem|Thunder Punch|p2a: Crabominable\n|-damage|p2a: Crabominable|64\/100\n|\n|upkeep\n|turn|18\n|\n|t:|1697664513\n|move|p1a: Golem|Thunder Punch|p2a: Crabominable\n|-crit|p2a: Crabominable\n|-damage|p2a: Crabominable|0 fnt\n|faint|p2a: Crabominable\n|\n|upkeep\n|\n|t:|1697664519\n|switch|p2a: Mamoswine|Mamoswine, F|58\/100\n|turn|19\n|\n|t:|1697664525\n|move|p2a: Mamoswine|Earthquake|p1a: Golem\n|-supereffective|p1a: Golem\n|-ability|p1a: Golem|Sturdy\n|-damage|p1a: Golem|1\/100\n|move|p1a: Golem|Counter|p2a: Mamoswine\n|-damage|p2a: Mamoswine|0 fnt\n|faint|p2a: Mamoswine\n|\n|upkeep\n|\n|t:|1697664535\n|switch|p2a: Arceus|Arceus-Ground, shiny|100\/100\n|turn|20\n|\n|t:|1697664542\n|move|p2a: Arceus|Stealth Rock|p1a: Golem\n|-sidestart|p1: Iamssssspiiiiiiidd|move: Stealth Rock\n|move|p1a: Golem|Explosion|p2a: Arceus\n|-damage|p2a: Arceus|39\/100\n|faint|p1a: Golem\n|\n|upkeep\n|\n|t:|1697664551\n|switch|p1a: Dipplin|Dipplin, F|100\/100\n|-damage|p1a: Dipplin|88\/100|[from] Stealth Rock\n|-ability|p1a: Dipplin|Supersweet Syrup\n|-ability|p1a: Dipplin|Supersweet Syrup|boost\n|-unboost|p2a: Arceus|evasion|1\n|turn|21\n|\n|t:|1697664560\n|move|p2a: Arceus|Icy Wind|p1a: Dipplin\n|-supereffective|p1a: Dipplin\n|-damage|p1a: Dipplin|0 fnt\n|faint|p1a: Dipplin\n|\n|upkeep\n|\n|t:|1697664566\n|switch|p1a: Mienshao|Mienshao, F, shiny|88\/100\n|-damage|p1a: Mienshao|82\/100|[from] Stealth Rock\n|turn|22\n|\n|t:|1697664571\n|-terastallize|p1a: Mienshao|Fighting\n|move|p1a: Mienshao|Substitute|p1a: Mienshao\n|-start|p1a: Mienshao|Substitute\n|-damage|p1a: Mienshao|57\/100\n|move|p2a: Arceus|Earthquake|p1a: Mienshao\n|-end|p1a: Mienshao|Substitute\n|\n|upkeep\n|turn|23\n|\n|t:|1697664580\n|move|p1a: Mienshao|Drain Punch|p2a: Arceus\n|-damage|p2a: Arceus|3\/100\n|-heal|p1a: Mienshao|87\/100|[from] drain|[of] p2a: Arceus\n|move|p2a: Arceus|Earthquake|p1a: Mienshao\n|-damage|p1a: Mienshao|0 fnt\n|faint|p1a: Mienshao\n|\n|win|Lidianimel\n|raw|Iamssssspiiiiiiidd's rating: 1003 &rarr; <strong>1000<\/strong><br \/>(-3 for losing)\n|raw|Lidianimel's rating: 1043 &rarr; <strong>1073<\/strong><br \/>(+30 for winning)\n","uploadtime":1697664591,"views":11,"p1id":"iamssssspiiiiiiidd","p2id":"lidianimel","formatid":"gen9ubers","rating":1000,"private":0,"password":""}