{"id":"gen9ubers-1989061670","p1":"Vilja RPPLF","p2":"Tiammat rpplf","format":"[Gen 9] Ubers","log":"|j|\u2606Vilja RPPLF\n|j|\u2606Tiammat rpplf\n|t:|1699807940\n|gametype|singles\n|player|p1|Vilja RPPLF|n-masters3|\n|player|p2|Tiammat rpplf|heroine-conquest|\n|teamsize|p1|6\n|teamsize|p2|6\n|gen|9\n|tier|[Gen 9] Ubers\n|rule|Sleep Clause Mod: Limit one foe put to sleep\n|rule|Species Clause: Limit one of each Pok\u00e9mon\n|rule|OHKO Clause: OHKO moves are banned\n|rule|Evasion Items Clause: Evasion items are banned\n|rule|Evasion Moves Clause: Evasion moves are banned\n|rule|Endless Battle Clause: Forcing endless battles is banned\n|rule|HP Percentage Mod: HP is shown in percentages\n|clearpoke\n|poke|p1|Dragapult, F|\n|poke|p1|Greninja-*, M|\n|poke|p1|Moltres|\n|poke|p1|Clodsire, F|\n|poke|p1|Cresselia, F|\n|poke|p1|Conkeldurr, M|\n|poke|p2|Samurott-Hisui, F|\n|poke|p2|Gliscor, M|\n|poke|p2|Volcarona, F|\n|poke|p2|Ting-Lu|\n|poke|p2|Rotom-Wash|\n|poke|p2|Conkeldurr, F|\n|teampreview\n|inactive|Battle timer is ON: inactive players will automatically lose when time's up. (requested by Vilja RPPLF)\n|inactiveoff|Battle timer is now OFF.\n|\n|t:|1699807974\n|start\n|switch|p1a: Greninja|Greninja, M|100\/100\n|switch|p2a: Samurott|Samurott-Hisui, F|100\/100\n|turn|1\n|\n|t:|1699807982\n|move|p1a: Greninja|Low Kick|p2a: Samurott\n|-supereffective|p2a: Samurott\n|-damage|p2a: Samurott|50\/100\n|move|p2a: Samurott|Ceaseless Edge|p1a: Greninja\n|-resisted|p1a: Greninja\n|-damage|p1a: Greninja|62\/100\n|-sidestart|p1: Vilja RPPLF|Spikes\n|\n|upkeep\n|turn|2\n|\n|t:|1699807994\n|switch|p2a: Rotom|Rotom-Wash|100\/100\n|move|p1a: Greninja|Low Kick|p2a: Rotom\n|-damage|p2a: Rotom|94\/100\n|\n|upkeep\n|turn|3\n|\n|t:|1699808010\n|switch|p2a: Samurott|Samurott-Hisui, F|50\/100\n|switch|p1a: Clodsire|Clodsire, F, shiny|100\/100\n|-damage|p1a: Clodsire|88\/100|[from] Spikes\n|\n|-heal|p1a: Clodsire|94\/100|[from] item: Black Sludge\n|upkeep\n|turn|4\n|\n|t:|1699808024\n|move|p2a: Samurott|Knock Off|p1a: Clodsire\n|-damage|p1a: Clodsire|48\/100\n|-enditem|p1a: Clodsire|Black Sludge|[from] move: Knock Off|[of] p2a: Samurott\n|move|p1a: Clodsire|Earthquake|p2a: Samurott\n|-damage|p2a: Samurott|17\/100\n|\n|upkeep\n|turn|5\n|\n|t:|1699808038\n|switch|p1a: Greninja|Greninja, M|62\/100\n|-damage|p1a: Greninja|49\/100|[from] Spikes\n|move|p2a: Samurott|Ceaseless Edge|p1a: Greninja\n|-resisted|p1a: Greninja\n|-damage|p1a: Greninja|9\/100\n|-sidestart|p1: Vilja RPPLF|Spikes\n|\n|upkeep\n|turn|6\n|\n|t:|1699808055\n|switch|p2a: Rotom|Rotom-Wash|94\/100\n|move|p1a: Greninja|Water Shuriken|p2a: Rotom\n|-resisted|p2a: Rotom\n|-damage|p2a: Rotom|90\/100\n|-resisted|p2a: Rotom\n|-damage|p2a: Rotom|86\/100\n|-resisted|p2a: Rotom\n|-damage|p2a: Rotom|81\/100\n|-hitcount|p2a: Rotom|3\n|\n|upkeep\n|turn|7\n|\n|t:|1699808067\n|move|p2a: Rotom|Volt Switch|p1a: Greninja\n|-supereffective|p1a: Greninja\n|-damage|p1a: Greninja|0 fnt\n|faint|p1a: Greninja\n|\n|t:|1699808077\n|switch|p2a: Gliscor|Gliscor, M|100\/100|[from] Volt Switch\n|\n|-status|p2a: Gliscor|tox|[from] item: Toxic Orb\n|upkeep\n|\n|t:|1699808091\n|switch|p1a: Cresselia|Cresselia, F, shiny|100\/100\n|turn|8\n|\n|t:|1699808100\n|-terastallize|p1a: Cresselia|Poison\n|move|p1a: Cresselia|Calm Mind|p1a: Cresselia\n|-boost|p1a: Cresselia|spa|1\n|-boost|p1a: Cresselia|spd|1\n|move|p2a: Gliscor|Toxic|p1a: Cresselia\n|-immune|p1a: Cresselia\n|\n|upkeep\n|turn|9\n|\n|t:|1699808111\n|switch|p2a: Ting-Lu|Ting-Lu|100\/100\n|-ability|p2a: Ting-Lu|Vessel of Ruin\n|move|p1a: Cresselia|Calm Mind|p1a: Cresselia\n|-boost|p1a: Cresselia|spa|1\n|-boost|p1a: Cresselia|spd|1\n|\n|upkeep\n|turn|10\n|\n|t:|1699808120\n|move|p1a: Cresselia|Moonblast|p2a: Ting-Lu\n|-supereffective|p2a: Ting-Lu\n|-damage|p2a: Ting-Lu|71\/100\n|move|p2a: Ting-Lu|Whirlwind|p1a: Cresselia\n|drag|p1a: Clodsire|Clodsire, F, shiny|48\/100\n|-damage|p1a: Clodsire|31\/100|[from] Spikes\n|\n|-heal|p2a: Ting-Lu|77\/100|[from] item: Leftovers\n|upkeep\n|turn|11\n|\n|t:|1699808131\n|move|p2a: Ting-Lu|Earthquake|p1a: Clodsire\n|-supereffective|p1a: Clodsire\n|-damage|p1a: Clodsire|0 fnt\n|faint|p1a: Clodsire\n|\n|-heal|p2a: Ting-Lu|83\/100|[from] item: Leftovers\n|upkeep\n|\n|t:|1699808135\n|switch|p1a: Conkeldurr|Conkeldurr, M|100\/100\n|-damage|p1a: Conkeldurr|84\/100|[from] Spikes\n|turn|12\n|\n|t:|1699808156\n|switch|p2a: Volcarona|Volcarona, F|100\/100\n|move|p1a: Conkeldurr|Drain Punch|p2a: Volcarona\n|-resisted|p2a: Volcarona\n|-damage|p2a: Volcarona|81\/100\n|-heal|p1a: Conkeldurr|93\/100|[from] drain|[of] p2a: Volcarona\n|-status|p1a: Conkeldurr|brn|[from] ability: Flame Body|[of] p2a: Volcarona\n|\n|-damage|p1a: Conkeldurr|86\/100 brn|[from] brn\n|upkeep\n|turn|13\n|\n|t:|1699808171\n|move|p2a: Volcarona|Fiery Dance|p1a: Conkeldurr\n|-damage|p1a: Conkeldurr|43\/100 brn\n|move|p1a: Conkeldurr|Facade|p2a: Volcarona\n|-damage|p2a: Volcarona|5\/100\n|\n|-damage|p1a: Conkeldurr|37\/100 brn|[from] brn\n|upkeep\n|turn|14\n|\n|t:|1699808182\n|move|p1a: Conkeldurr|Mach Punch|p2a: Volcarona\n|-resisted|p2a: Volcarona\n|-damage|p2a: Volcarona|0 fnt\n|faint|p2a: Volcarona\n|\n|-damage|p1a: Conkeldurr|31\/100 brn|[from] brn\n|upkeep\n|\n|t:|1699808194\n|switch|p2a: Rotom|Rotom-Wash|81\/100\n|turn|15\n|\n|t:|1699808205\n|move|p1a: Conkeldurr|Mach Punch|p2a: Rotom\n|-damage|p2a: Rotom|30\/100\n|move|p2a: Rotom|Volt Switch|p1a: Conkeldurr\n|-damage|p1a: Conkeldurr|0 fnt\n|faint|p1a: Conkeldurr\n|\n|t:|1699808217\n|switch|p2a: Samurott|Samurott-Hisui, F|17\/100|[from] Volt Switch\n|\n|upkeep\n|\n|t:|1699808231\n|switch|p1a: Dragapult|Dragapult, F, shiny|100\/100\n|-damage|p1a: Dragapult|84\/100|[from] Spikes\n|turn|16\n|\n|t:|1699808243\n|move|p1a: Dragapult|Dragon Darts|p2a: Samurott\n|-damage|p2a: Samurott|0 fnt\n|faint|p2a: Samurott\n|\n|upkeep\n|\n|t:|1699808255\n|switch|p2a: Conkeldurr|Conkeldurr, F|100\/100\n|turn|17\n|\n|t:|1699808261\n|move|p1a: Dragapult|Dragon Darts|p2a: Conkeldurr\n|-damage|p2a: Conkeldurr|63\/100\n|-anim|p1a: Dragapult|Dragon Darts|p2a: Conkeldurr\n|-damage|p2a: Conkeldurr|25\/100\n|move|p2a: Conkeldurr|Knock Off|p1a: Dragapult\n|-supereffective|p1a: Dragapult\n|-damage|p1a: Dragapult|0 fnt\n|-enditem|p1a: Dragapult|Choice Band|[from] move: Knock Off|[of] p2a: Conkeldurr\n|faint|p1a: Dragapult\n|\n|-status|p2a: Conkeldurr|brn|[from] item: Flame Orb\n|upkeep\n|\n|t:|1699808276\n|switch|p1a: Moltres|Moltres|100\/100\n|turn|18\n|\n|t:|1699808285\n|move|p1a: Moltres|Flamethrower|p2a: Conkeldurr\n|-damage|p2a: Conkeldurr|0 fnt\n|faint|p2a: Conkeldurr\n|\n|upkeep\n|\n|t:|1699808297\n|switch|p2a: Gliscor|Gliscor, M|100\/100 tox\n|turn|19\n|\n|t:|1699808304\n|move|p2a: Gliscor|U-turn|p1a: Moltres\n|-resisted|p1a: Moltres\n|-damage|p1a: Moltres|98\/100\n|\n|t:|1699808307\n|switch|p2a: Ting-Lu|Ting-Lu|83\/100|[from] U-turn\n|-ability|p2a: Ting-Lu|Vessel of Ruin\n|move|p1a: Moltres|Flamethrower|p2a: Ting-Lu\n|-damage|p2a: Ting-Lu|69\/100\n|\n|-heal|p2a: Ting-Lu|75\/100|[from] item: Leftovers\n|upkeep\n|turn|20\n|\n|t:|1699808321\n|move|p1a: Moltres|Will-O-Wisp|p2a: Ting-Lu\n|-status|p2a: Ting-Lu|brn\n|move|p2a: Ting-Lu|Ruination|p1a: Moltres\n|-damage|p1a: Moltres|49\/100\n|\n|-heal|p2a: Ting-Lu|81\/100 brn|[from] item: Leftovers\n|-damage|p2a: Ting-Lu|75\/100 brn|[from] brn\n|upkeep\n|turn|21\n|\n|t:|1699808338\n|switch|p2a: Gliscor|Gliscor, M|100\/100 tox\n|move|p1a: Moltres|Roost|p1a: Moltres\n|-heal|p1a: Moltres|99\/100\n|-singleturn|p1a: Moltres|move: Roost\n|\n|upkeep\n|turn|22\n|\n|t:|1699808351\n|move|p2a: Gliscor|Toxic|p1a: Moltres\n|-status|p1a: Moltres|tox\n|move|p1a: Moltres|Flamethrower|p2a: Gliscor\n|-damage|p2a: Gliscor|55\/100 tox\n|\n|-heal|p2a: Gliscor|68\/100 tox|[from] ability: Poison Heal\n|-damage|p1a: Moltres|93\/100 tox|[from] psn\n|upkeep\n|turn|23\n|\n|t:|1699808362\n|move|p2a: Gliscor|U-turn|p1a: Moltres\n|-resisted|p1a: Moltres\n|-damage|p1a: Moltres|91\/100 tox\n|\n|t:|1699808365\n|switch|p2a: Ting-Lu|Ting-Lu|75\/100 brn|[from] U-turn\n|-ability|p2a: Ting-Lu|Vessel of Ruin\n|move|p1a: Moltres|U-turn|p2a: Ting-Lu\n|-supereffective|p2a: Ting-Lu\n|-damage|p2a: Ting-Lu|58\/100 brn\n|\n|t:|1699808368\n|switch|p1a: Cresselia|Cresselia, F, shiny, tera:Poison|100\/100|[from] U-turn\n|\n|-heal|p2a: Ting-Lu|65\/100 brn|[from] item: Leftovers\n|-damage|p2a: Ting-Lu|58\/100 brn|[from] brn\n|upkeep\n|turn|24\n|\n|t:|1699808388\n|move|p1a: Cresselia|Moonblast|p2a: Ting-Lu\n|-supereffective|p2a: Ting-Lu\n|-damage|p2a: Ting-Lu|44\/100 brn\n|move|p2a: Ting-Lu|Ruination|p1a: Cresselia\n|-damage|p1a: Cresselia|50\/100\n|\n|-heal|p1a: Cresselia|57\/100|[from] item: Leftovers\n|-heal|p2a: Ting-Lu|51\/100 brn|[from] item: Leftovers\n|-damage|p2a: Ting-Lu|44\/100 brn|[from] brn\n|upkeep\n|turn|25\n|\n|t:|1699808410\n|move|p1a: Cresselia|Moonlight|p1a: Cresselia\n|-heal|p1a: Cresselia|100\/100\n|move|p2a: Ting-Lu|Ruination|p1a: Cresselia\n|-damage|p1a: Cresselia|50\/100\n|\n|-heal|p1a: Cresselia|57\/100|[from] item: Leftovers\n|-heal|p2a: Ting-Lu|51\/100 brn|[from] item: Leftovers\n|-damage|p2a: Ting-Lu|44\/100 brn|[from] brn\n|upkeep\n|turn|26\n|\n|t:|1699808422\n|move|p1a: Cresselia|Moonblast|p2a: Ting-Lu\n|-supereffective|p2a: Ting-Lu\n|-damage|p2a: Ting-Lu|30\/100 brn\n|-unboost|p2a: Ting-Lu|spa|1\n|move|p2a: Ting-Lu|Ruination|p1a: Cresselia\n|-damage|p1a: Cresselia|29\/100\n|\n|-heal|p1a: Cresselia|35\/100|[from] item: Leftovers\n|-heal|p2a: Ting-Lu|37\/100 brn|[from] item: Leftovers\n|-damage|p2a: Ting-Lu|30\/100 brn|[from] brn\n|upkeep\n|turn|27\n|\n|t:|1699808443\n|switch|p2a: Rotom|Rotom-Wash|30\/100\n|move|p1a: Cresselia|Moonlight|p1a: Cresselia\n|-heal|p1a: Cresselia|85\/100\n|\n|-heal|p1a: Cresselia|91\/100|[from] item: Leftovers\n|upkeep\n|turn|28\n|\n|t:|1699808470\n|switch|p1a: Moltres|Moltres|91\/100 tox\n|move|p2a: Rotom|Trick|p1a: Moltres\n|-activate|p2a: Rotom|move: Trick|[of] p1a: Moltres\n|-item|p1a: Moltres|Choice Scarf|[from] move: Trick\n|-item|p2a: Rotom|Heavy-Duty Boots|[from] move: Trick\n|\n|-damage|p1a: Moltres|85\/100 tox|[from] psn\n|upkeep\n|turn|29\n|\n|t:|1699808485\n|switch|p2a: Ting-Lu|Ting-Lu|30\/100 brn\n|-ability|p2a: Ting-Lu|Vessel of Ruin\n|move|p1a: Moltres|Flamethrower|p2a: Ting-Lu\n|-damage|p2a: Ting-Lu|14\/100 brn\n|\n|-heal|p2a: Ting-Lu|20\/100 brn|[from] item: Leftovers\n|-damage|p1a: Moltres|73\/100 tox|[from] psn\n|-damage|p2a: Ting-Lu|14\/100 brn|[from] brn\n|upkeep\n|turn|30\n|\n|t:|1699808504\n|move|p1a: Moltres|Flamethrower|p2a: Ting-Lu\n|-damage|p2a: Ting-Lu|0 fnt\n|faint|p2a: Ting-Lu\n|\n|-damage|p1a: Moltres|55\/100 tox|[from] psn\n|upkeep\n|\n|t:|1699808519\n|switch|p2a: Gliscor|Gliscor, M|68\/100 tox\n|turn|31\n|\n|t:|1699808526\n|move|p1a: Moltres|Flamethrower|p2a: Gliscor\n|-damage|p2a: Gliscor|22\/100 tox\n|move|p2a: Gliscor|Swords Dance|p2a: Gliscor\n|-boost|p2a: Gliscor|atk|2\n|\n|-damage|p1a: Moltres|31\/100 tox|[from] psn\n|-heal|p2a: Gliscor|34\/100 tox|[from] ability: Poison Heal\n|upkeep\n|turn|32\n|\n|t:|1699808537\n|move|p1a: Moltres|Flamethrower|p2a: Gliscor\n|-damage|p2a: Gliscor|0 fnt\n|faint|p2a: Gliscor\n|\n|-damage|p1a: Moltres|0 fnt|[from] psn\n|faint|p1a: Moltres\n|upkeep\n|\n|t:|1699808544\n|switch|p2a: Rotom|Rotom-Wash|30\/100\n|switch|p1a: Cresselia|Cresselia, F, shiny, tera:Poison|91\/100\n|turn|33\n|\n|t:|1699808559\n|-terastallize|p2a: Rotom|Electric\n|move|p1a: Cresselia|Calm Mind|p1a: Cresselia\n|-boost|p1a: Cresselia|spa|1\n|-boost|p1a: Cresselia|spd|1\n|move|p2a: Rotom|Thunderbolt|p1a: Cresselia\n|-damage|p1a: Cresselia|66\/100\n|\n|-heal|p1a: Cresselia|72\/100|[from] item: Leftovers\n|upkeep\n|turn|34\n|\n|t:|1699808569\n|move|p1a: Cresselia|Moonblast|p2a: Rotom\n|-damage|p2a: Rotom|0 fnt\n|faint|p2a: Rotom\n|\n|win|Vilja RPPLF\n","uploadtime":1699808594,"views":6,"p1id":"viljarpplf","p2id":"tiammatrpplf","formatid":"gen9ubers","rating":0,"private":0,"password":""}