{"id":"gen9ubers-1991462812","p1":"Siffs","p2":"hatev2","format":"[Gen 9] Ubers","log":"|j|\u2606Siffs\n|j|\u2606hatev2\n|t:|1700079247\n|gametype|singles\n|player|p1|Siffs|unknownf|\n|player|p2|hatev2|hiker-gen4|\n|teamsize|p1|6\n|teamsize|p2|6\n|gen|9\n|tier|[Gen 9] Ubers\n|rule|Sleep Clause Mod: Limit one foe put to sleep\n|rule|Species Clause: Limit one of each Pok\u00e9mon\n|rule|OHKO Clause: OHKO moves are banned\n|rule|Evasion Items Clause: Evasion items are banned\n|rule|Evasion Moves Clause: Evasion moves are banned\n|rule|Endless Battle Clause: Forcing endless battles is banned\n|rule|HP Percentage Mod: HP is shown in percentages\n|clearpoke\n|poke|p1|Slowking, M|\n|poke|p1|Enamorus-Therian, F|\n|poke|p1|Sneasler, M|\n|poke|p1|Rillaboom, F|\n|poke|p1|Sandslash-Alola, F|\n|poke|p1|Samurott-Hisui, M|\n|poke|p2|Walking Wake|\n|poke|p2|Iron Treads|\n|poke|p2|Lilligant-Hisui, F|\n|poke|p2|Torkoal, M|\n|poke|p2|Leavanny, M|\n|poke|p2|Slither Wing|\n|teampreview\n|\n|t:|1700079265\n|start\n|switch|p1a: Sandslash|Sandslash-Alola, F|100\/100\n|switch|p2a: Leavanny|Leavanny, M|100\/100\n|turn|1\n|\n|t:|1700079274\n|move|p2a: Leavanny|Sticky Web|p1a: Sandslash\n|-sidestart|p1: Siffs|move: Sticky Web\n|move|p1a: Sandslash|Icicle Spear|p2a: Leavanny\n|-supereffective|p2a: Leavanny\n|-damage|p2a: Leavanny|75\/100\n|-supereffective|p2a: Leavanny\n|-damage|p2a: Leavanny|50\/100\n|-supereffective|p2a: Leavanny\n|-damage|p2a: Leavanny|24\/100\n|-supereffective|p2a: Leavanny\n|-damage|p2a: Leavanny|0 fnt\n|faint|p2a: Leavanny\n|-hitcount|p2: Leavanny|4\n|\n|upkeep\n|\n|t:|1700079291\n|switch|p2a: Slither Wing|Slither Wing|100\/100\n|turn|2\n|\n|t:|1700079300\n|move|p2a: Slither Wing|Close Combat|p1a: Sandslash\n|-supereffective|p1a: Sandslash\n|-damage|p1a: Sandslash|0 fnt\n|-unboost|p2a: Slither Wing|def|1\n|-unboost|p2a: Slither Wing|spd|1\n|faint|p1a: Sandslash\n|\n|upkeep\n|\n|t:|1700079314\n|switch|p1a: Enamorus|Enamorus-Therian, F|100\/100\n|turn|3\n|\n|t:|1700079328\n|-end|p2a: Slither Wing|Protosynthesis|[silent]\n|switch|p2a: Torkoal|Torkoal, M|100\/100\n|-weather|SunnyDay|[from] ability: Drought|[of] p2a: Torkoal\n|move|p1a: Enamorus|Earth Power|p2a: Torkoal\n|-supereffective|p2a: Torkoal\n|-damage|p2a: Torkoal|37\/100\n|\n|-weather|SunnyDay|[upkeep]\n|upkeep\n|turn|4\n|\n|t:|1700079347\n|move|p1a: Enamorus|Earth Power|p2a: Torkoal\n|-supereffective|p2a: Torkoal\n|-damage|p2a: Torkoal|0 fnt\n|faint|p2a: Torkoal\n|\n|-weather|SunnyDay|[upkeep]\n|upkeep\n|\n|t:|1700079376\n|switch|p2a: Slither Wing|Slither Wing|100\/100\n|-activate|p2a: Slither Wing|ability: Protosynthesis\n|-start|p2a: Slither Wing|protosynthesisatk\n|turn|5\n|\n|t:|1700079423\n|move|p2a: Slither Wing|Dual Wingbeat|p1a: Enamorus\n|-damage|p1a: Enamorus|80\/100\n|-damage|p1a: Enamorus|61\/100\n|-hitcount|p1a: Enamorus|2\n|move|p1a: Enamorus|Moonblast|p2a: Slither Wing\n|-supereffective|p2a: Slither Wing\n|-damage|p2a: Slither Wing|0 fnt\n|faint|p2a: Slither Wing\n|-end|p2a: Slither Wing|Protosynthesis|[silent]\n|\n|-weather|SunnyDay|[upkeep]\n|upkeep\n|\n|t:|1700079440\n|switch|p2a: Walking Wake|Walking Wake|100\/100\n|-activate|p2a: Walking Wake|ability: Protosynthesis\n|-start|p2a: Walking Wake|protosynthesisspe\n|turn|6\n|\n|t:|1700079445\n|switch|p1a: Slowking|Slowking, M|100\/100\n|-activate|p1a: Slowking|move: Sticky Web\n|-unboost|p1a: Slowking|spe|1\n|move|p2a: Walking Wake|Hydro Steam|p1a: Slowking\n|-resisted|p1a: Slowking\n|-damage|p1a: Slowking|83\/100\n|\n|-weather|SunnyDay|[upkeep]\n|-heal|p1a: Slowking|89\/100|[from] item: Leftovers\n|upkeep\n|turn|7\n|\n|t:|1700079468\n|-end|p2a: Walking Wake|Protosynthesis|[silent]\n|switch|p2a: Lilligant|Lilligant-Hisui, F|100\/100\n|move|p1a: Slowking|Scald|p2a: Lilligant\n|-resisted|p2a: Lilligant\n|-damage|p2a: Lilligant|91\/100\n|\n|-weather|SunnyDay|[upkeep]\n|-heal|p1a: Slowking|95\/100|[from] item: Leftovers\n|upkeep\n|turn|8\n|\n|t:|1700079502\n|switch|p1a: Rillaboom|Rillaboom, F|100\/100\n|-activate|p1a: Rillaboom|move: Sticky Web\n|-unboost|p1a: Rillaboom|spe|1\n|-fieldstart|move: Grassy Terrain|[from] ability: Grassy Surge|[of] p1a: Rillaboom\n|move|p2a: Lilligant|Victory Dance|p2a: Lilligant\n|-boost|p2a: Lilligant|atk|1\n|-boost|p2a: Lilligant|def|1\n|-boost|p2a: Lilligant|spe|1\n|\n|-weather|SunnyDay|[upkeep]\n|-heal|p2a: Lilligant|97\/100|[from] Grassy Terrain\n|upkeep\n|turn|9\n|\n|t:|1700079510\n|move|p1a: Rillaboom|Fake Out|p2a: Lilligant\n|-damage|p2a: Lilligant|80\/100\n|cant|p2a: Lilligant|flinch\n|\n|-weather|SunnyDay|[upkeep]\n|-heal|p2a: Lilligant|86\/100|[from] Grassy Terrain\n|upkeep\n|turn|10\n|\n|t:|1700079539\n|switch|p1a: Slowking|Slowking, M|100\/100\n|-activate|p1a: Slowking|move: Sticky Web\n|-unboost|p1a: Slowking|spe|1\n|move|p2a: Lilligant|Victory Dance|p2a: Lilligant\n|-boost|p2a: Lilligant|atk|1\n|-boost|p2a: Lilligant|def|1\n|-boost|p2a: Lilligant|spe|1\n|\n|-weather|none\n|-heal|p2a: Lilligant|92\/100|[from] Grassy Terrain\n|upkeep\n|turn|11\n|\n|t:|1700079544\n|move|p2a: Lilligant|Leaf Blade|p1a: Slowking\n|-supereffective|p1a: Slowking\n|-damage|p1a: Slowking|0 fnt\n|faint|p1a: Slowking\n|\n|-heal|p2a: Lilligant|98\/100|[from] Grassy Terrain\n|upkeep\n|\n|t:|1700079548\n|switch|p1a: Sneasler|Sneasler, M|100\/100\n|-activate|p1a: Sneasler|move: Sticky Web\n|-unboost|p1a: Sneasler|spe|1\n|-enditem|p1a: Sneasler|Grassy Seed\n|-boost|p1a: Sneasler|def|1|[from] item: Grassy Seed\n|turn|12\n|\n|t:|1700079576\n|move|p2a: Lilligant|Victory Dance|p2a: Lilligant\n|-boost|p2a: Lilligant|atk|1\n|-boost|p2a: Lilligant|def|1\n|-boost|p2a: Lilligant|spe|1\n|move|p1a: Sneasler|Acrobatics|p2a: Lilligant\n|-supereffective|p2a: Lilligant\n|-damage|p2a: Lilligant|0 fnt\n|faint|p2a: Lilligant\n|\n|-fieldend|move: Grassy Terrain\n|upkeep\n|c|\u2606hatev2|NOO\n|c|\u2606Siffs|i was playing on u being solar blade but i had this the whole tim lmao\n|\n|t:|1700079593\n|switch|p2a: Walking Wake|Walking Wake|100\/100\n|turn|13\n|\n|t:|1700079608\n|move|p2a: Walking Wake|Hydro Steam|p1a: Sneasler\n|-damage|p1a: Sneasler|46\/100\n|move|p1a: Sneasler|Dire Claw|p2a: Walking Wake\n|-damage|p2a: Walking Wake|49\/100\n|-status|p2a: Walking Wake|psn\n|\n|-damage|p2a: Walking Wake|36\/100 psn|[from] psn\n|upkeep\n|turn|14\n|\n|t:|1700079618\n|switch|p1a: Rillaboom|Rillaboom, F|100\/100\n|-activate|p1a: Rillaboom|move: Sticky Web\n|-unboost|p1a: Rillaboom|spe|1\n|-fieldstart|move: Grassy Terrain|[from] ability: Grassy Surge|[of] p1a: Rillaboom\n|move|p2a: Walking Wake|Hydro Steam|p1a: Rillaboom\n|-resisted|p1a: Rillaboom\n|-damage|p1a: Rillaboom|74\/100\n|\n|-heal|p2a: Walking Wake|43\/100 psn|[from] Grassy Terrain\n|-heal|p1a: Rillaboom|80\/100|[from] Grassy Terrain\n|-damage|p2a: Walking Wake|30\/100 psn|[from] psn\n|upkeep\n|turn|15\n|\n|t:|1700079624\n|-end|p2a: Walking Wake|Protosynthesis|[silent]\n|switch|p2a: Iron Treads|Iron Treads|100\/100\n|move|p1a: Rillaboom|Fake Out|p2a: Iron Treads\n|-resisted|p2a: Iron Treads\n|-crit|p2a: Iron Treads\n|-damage|p2a: Iron Treads|95\/100\n|-damage|p1a: Rillaboom|64\/100|[from] item: Rocky Helmet|[of] p2a: Iron Treads\n|\n|-heal|p2a: Iron Treads|100\/100|[from] Grassy Terrain\n|-heal|p1a: Rillaboom|70\/100|[from] Grassy Terrain\n|upkeep\n|turn|16\n|\n|t:|1700079634\n|move|p2a: Iron Treads|Ice Spinner|p1a: Rillaboom\n|-supereffective|p1a: Rillaboom\n|-damage|p1a: Rillaboom|26\/100\n|-fieldend|move: Grassy Terrain\n|move|p1a: Rillaboom|Wood Hammer|p2a: Iron Treads\n|-damage|p2a: Iron Treads|57\/100\n|-damage|p1a: Rillaboom|9\/100|[from] item: Rocky Helmet|[of] p2a: Iron Treads\n|-damage|p1a: Rillaboom|0 fnt|[from] Recoil\n|faint|p1a: Rillaboom\n|\n|upkeep\n|\n|t:|1700079646\n|switch|p1a: Samurott|Samurott-Hisui, M|100\/100\n|-activate|p1a: Samurott|move: Sticky Web\n|-unboost|p1a: Samurott|spe|1\n|turn|17\n|\n|t:|1700079653\n|move|p1a: Samurott|Razor Shell|p2a: Iron Treads\n|-supereffective|p2a: Iron Treads\n|-damage|p2a: Iron Treads|0 fnt\n|-damage|p1a: Samurott|84\/100|[from] item: Rocky Helmet|[of] p2a: Iron Treads\n|faint|p2a: Iron Treads\n|-end|p2a: Iron Treads|Quark Drive|[silent]\n|\n|upkeep\n|\n|t:|1700079657\n|switch|p2a: Walking Wake|Walking Wake|30\/100 psn\n|turn|18\n|\n|t:|1700079680\n|switch|p1a: Enamorus|Enamorus-Therian, F|61\/100\n|move|p2a: Walking Wake|Hydro Steam|p1a: Enamorus\n|-damage|p1a: Enamorus|24\/100\n|\n|-damage|p2a: Walking Wake|18\/100 psn|[from] psn\n|upkeep\n|turn|19\n|\n|t:|1700079701\n|move|p2a: Walking Wake|Hydro Steam|p1a: Enamorus\n|-damage|p1a: Enamorus|0 fnt\n|faint|p1a: Enamorus\n|\n|-damage|p2a: Walking Wake|6\/100 psn|[from] psn\n|upkeep\n|c|\u2606hatev2|gg chat\n|\n|t:|1700079707\n|switch|p1a: Sneasler|Sneasler, M|46\/100\n|-activate|p1a: Sneasler|move: Sticky Web\n|-unboost|p1a: Sneasler|spe|1\n|turn|20\n|\n|t:|1700079709\n|move|p2a: Walking Wake|Hydro Steam|p1a: Sneasler\n|-damage|p1a: Sneasler|0 fnt\n|faint|p1a: Sneasler\n|\n|-damage|p2a: Walking Wake|0 fnt|[from] psn\n|faint|p2a: Walking Wake\n|-end|p2a: Walking Wake|Protosynthesis|[silent]\n|\n|win|Siffs\n|upkeep\n|c|\u2606Siffs|gg\n|c|\u2606hatev2|if acro didnt kill i think i won\n|c|\u2606hatev2|i thought you were gonna go for a gunk shot or whatever the other poison move it\n|c|\u2606hatev2|is*\n|c|\u2606hatev2|and after another victory dance i lived one\n|c|\u2606hatev2|and then just one shot the rest of ur team\n|c|\u2606Siffs|ya\n","uploadtime":1700079754,"views":20,"p1id":"siffs","p2id":"hatev2","formatid":"gen9ubers","rating":0,"private":0,"password":""}