{"id":"gen9ubers-1989992930","p1":"Kinesquared","p2":"MayatazKJ","format":"[Gen 9] Ubers","log":"|j|\u2606Kinesquared\n|j|\u203dMayatazKJ\n|t:|1699913385\n|gametype|singles\n|player|p1|Kinesquared|scientist-gen4dp|\n|player|p2|MayatazKJ|101|\n|teamsize|p1|6\n|teamsize|p2|6\n|gen|9\n|tier|[Gen 9] Ubers\n|rule|Sleep Clause Mod: Limit one foe put to sleep\n|rule|Species Clause: Limit one of each Pok\u00e9mon\n|rule|OHKO Clause: OHKO moves are banned\n|rule|Evasion Items Clause: Evasion items are banned\n|rule|Evasion Moves Clause: Evasion moves are banned\n|rule|Endless Battle Clause: Forcing endless battles is banned\n|rule|HP Percentage Mod: HP is shown in percentages\n|clearpoke\n|poke|p1|Magearna|\n|poke|p1|Ursaluna, F|\n|poke|p1|Dialga|\n|poke|p1|Hoopa-Unbound|\n|poke|p1|Cinderace, F|\n|poke|p1|Cresselia, F|\n|poke|p2|Arceus-Ice|\n|poke|p2|Slowking-Galar, F|\n|poke|p2|Magearna|\n|poke|p2|Espathra, F|\n|poke|p2|Baxcalibur, M|\n|poke|p2|Cyclizar, F|\n|teampreview\n|c|\u2606Kinesquared|gl\n|c|\u2606Kinesquared|it's 1-0 in my favor\n|\n|t:|1699913412\n|start\n|switch|p1a: Magearna|Magearna|100\/100\n|switch|p2a: Cyclizar|Cyclizar, F|100\/100\n|turn|1\n|\n|t:|1699913426\n|move|p2a: Cyclizar|Shed Tail|p2a: Cyclizar\n|-start|p2a: Cyclizar|Substitute|[from] move: Shed Tail\n|-damage|p2a: Cyclizar|50\/100\n|-enditem|p2a: Cyclizar|Sitrus Berry|[eat]\n|-heal|p2a: Cyclizar|75\/100|[from] item: Sitrus Berry\n|\n|t:|1699913433\n|switch|p2a: Magearna|Magearna|100\/100|[from] Shed Tail\n|move|p1a: Magearna|Fleur Cannon|p2a: Magearna|[miss]\n|-miss|p1a: Magearna|p2a: Magearna\n|\n|upkeep\n|turn|2\n|j| Slikkles\n|\n|t:|1699913451\n|move|p2a: Magearna|Flash Cannon|p1a: Magearna\n|-damage|p1a: Magearna|48\/100\n|move|p1a: Magearna|Trick Room|p1a: Magearna\n|-fieldstart|move: Trick Room|[of] p1a: Magearna\n|\n|-heal|p1a: Magearna|54\/100|[from] item: Leftovers\n|upkeep\n|turn|3\n|\n|t:|1699913459\n|move|p1a: Magearna|Volt Switch|p2a: Magearna\n|-activate|p2a: Magearna|move: Substitute|[damage]\n|\n|t:|1699913472\n|switch|p1a: Cinderace|Cinderace, F|100\/100|[from] Volt Switch\n|move|p2a: Magearna|Flash Cannon|p1a: Cinderace\n|-resisted|p1a: Cinderace\n|-damage|p1a: Cinderace|54\/100\n|\n|upkeep\n|turn|4\n|\n|t:|1699913480\n|move|p2a: Magearna|Flash Cannon|p1a: Cinderace\n|-resisted|p1a: Cinderace\n|-damage|p1a: Cinderace|7\/100\n|move|p1a: Cinderace|Pyro Ball|p2a: Magearna\n|-supereffective|p2a: Magearna\n|-end|p2a: Magearna|Substitute\n|\n|upkeep\n|turn|5\n|\n|t:|1699913499\n|switch|p1a: Cresselia|Cresselia, F|100\/100\n|move|p2a: Magearna|Flash Cannon|p1a: Cresselia\n|-damage|p1a: Cresselia|57\/100\n|\n|-heal|p1a: Cresselia|63\/100|[from] item: Leftovers\n|upkeep\n|turn|6\n|\n|t:|1699913511\n|move|p1a: Cresselia|Calm Mind|p1a: Cresselia\n|-boost|p1a: Cresselia|spa|1\n|-boost|p1a: Cresselia|spd|1\n|move|p2a: Magearna|Flash Cannon|p1a: Cresselia\n|-damage|p1a: Cresselia|32\/100\n|\n|-heal|p1a: Cresselia|38\/100|[from] item: Leftovers\n|-fieldend|move: Trick Room\n|upkeep\n|turn|7\n|\n|t:|1699913521\n|switch|p2a: Baxcalibur|Baxcalibur, M|100\/100\n|move|p1a: Cresselia|Trick Room|p1a: Cresselia\n|-fieldstart|move: Trick Room|[of] p1a: Cresselia\n|\n|-heal|p1a: Cresselia|44\/100|[from] item: Leftovers\n|upkeep\n|turn|8\n|\n|t:|1699913531\n|switch|p2a: Slowking|Slowking-Galar, F|100\/100\n|move|p1a: Cresselia|Moonblast|p2a: Slowking\n|-resisted|p2a: Slowking\n|-damage|p2a: Slowking|93\/100\n|-unboost|p2a: Slowking|spa|1\n|\n|-heal|p1a: Cresselia|50\/100|[from] item: Leftovers\n|upkeep\n|turn|9\n|\n|t:|1699913541\n|switch|p1a: Hoopa|Hoopa-Unbound|100\/100\n|move|p2a: Slowking|Sludge Bomb|p1a: Hoopa\n|-damage|p1a: Hoopa|89\/100\n|\n|upkeep\n|turn|10\n|\n|t:|1699913548\n|switch|p2a: Magearna|Magearna|100\/100\n|move|p1a: Hoopa|Hyperspace Fury|p2a: Magearna\n|-resisted|p2a: Magearna\n|-damage|p2a: Magearna|66\/100\n|-unboost|p1a: Hoopa|def|1\n|\n|upkeep\n|turn|11\n|\n|t:|1699913555\n|move|p1a: Hoopa|Fire Punch|p2a: Magearna\n|-supereffective|p2a: Magearna\n|-damage|p2a: Magearna|0 fnt\n|faint|p2a: Magearna\n|\n|-fieldend|move: Trick Room\n|upkeep\n|\n|t:|1699913572\n|switch|p2a: Baxcalibur|Baxcalibur, M|100\/100\n|turn|12\n|\n|t:|1699913579\n|switch|p1a: Cresselia|Cresselia, F|50\/100\n|move|p2a: Baxcalibur|Scale Shot|p1a: Cresselia\n|-damage|p1a: Cresselia|42\/100\n|-damage|p1a: Cresselia|33\/100\n|-damage|p1a: Cresselia|25\/100\n|-damage|p1a: Cresselia|17\/100\n|-hitcount|p1a: Cresselia|4\n|-unboost|p2a: Baxcalibur|def|1\n|-boost|p2a: Baxcalibur|spe|1\n|\n|-heal|p1a: Cresselia|23\/100|[from] item: Leftovers\n|upkeep\n|turn|13\n|\n|t:|1699913594\n|switch|p1a: Cinderace|Cinderace, F|7\/100\n|move|p2a: Baxcalibur|Icicle Spear|p1a: Cinderace\n|-resisted|p1a: Cinderace\n|-damage|p1a: Cinderace|0 fnt\n|faint|p1a: Cinderace\n|-hitcount|p1: Cinderace|1\n|\n|upkeep\n|\n|t:|1699913601\n|switch|p1a: Dialga|Dialga|100\/100\n|-ability|p1a: Dialga|Pressure\n|turn|14\n|\n|t:|1699913606\n|-terastallize|p1a: Dialga|Flying\n|move|p2a: Baxcalibur|Icicle Spear|p1a: Dialga\n|-supereffective|p1a: Dialga\n|-damage|p1a: Dialga|77\/100\n|-supereffective|p1a: Dialga\n|-damage|p1a: Dialga|54\/100\n|-supereffective|p1a: Dialga\n|-damage|p1a: Dialga|33\/100\n|-supereffective|p1a: Dialga\n|-damage|p1a: Dialga|11\/100\n|-hitcount|p1a: Dialga|4\n|move|p1a: Dialga|Trick Room|p1a: Dialga\n|-fieldstart|move: Trick Room|[of] p1a: Dialga\n|\n|upkeep\n|turn|15\n|\n|t:|1699913618\n|move|p2a: Baxcalibur|Ice Shard|p1a: Dialga\n|-supereffective|p1a: Dialga\n|-damage|p1a: Dialga|0 fnt\n|faint|p1a: Dialga\n|\n|upkeep\n|\n|t:|1699913624\n|switch|p1a: Ursaluna|Ursaluna, F|100\/100\n|turn|16\n|\n|t:|1699913632\n|switch|p2a: Slowking|Slowking-Galar, F|100\/100\n|move|p1a: Ursaluna|Facade|p2a: Slowking\n|-damage|p2a: Slowking|58\/100\n|\n|-status|p1a: Ursaluna|brn|[from] item: Flame Orb\n|upkeep\n|turn|17\n|\n|t:|1699913641\n|move|p2a: Slowking|Surf|p1a: Ursaluna\n|-supereffective|p1a: Ursaluna\n|-damage|p1a: Ursaluna|60\/100 brn\n|move|p1a: Ursaluna|Substitute|p1a: Ursaluna\n|-start|p1a: Ursaluna|Substitute\n|-damage|p1a: Ursaluna|35\/100 brn\n|\n|-damage|p1a: Ursaluna|29\/100 brn|[from] brn\n|upkeep\n|turn|18\n|\n|t:|1699913649\n|move|p2a: Slowking|Surf|p1a: Ursaluna\n|-supereffective|p1a: Ursaluna\n|-end|p1a: Ursaluna|Substitute\n|move|p1a: Ursaluna|Facade|p2a: Slowking\n|-damage|p2a: Slowking|0 fnt\n|faint|p2a: Slowking\n|\n|-damage|p1a: Ursaluna|23\/100 brn|[from] brn\n|-fieldend|move: Trick Room\n|upkeep\n|\n|t:|1699913662\n|switch|p2a: Arceus|Arceus-Ice|100\/100\n|turn|19\n|\n|t:|1699913667\n|move|p2a: Arceus|Judgment|p1a: Ursaluna\n|-supereffective|p1a: Ursaluna\n|-damage|p1a: Ursaluna|0 fnt\n|faint|p1a: Ursaluna\n|\n|upkeep\n|\n|t:|1699913672\n|switch|p1a: Hoopa|Hoopa-Unbound|89\/100\n|turn|20\n|\n|t:|1699913697\n|move|p2a: Arceus|Calm Mind|p2a: Arceus\n|-boost|p2a: Arceus|spa|1\n|-boost|p2a: Arceus|spd|1\n|move|p1a: Hoopa|Drain Punch|p2a: Arceus\n|-supereffective|p2a: Arceus\n|-crit|p2a: Arceus\n|-damage|p2a: Arceus|23\/100\n|-heal|p1a: Hoopa|100\/100|[from] drain|[of] p2a: Arceus\n|\n|upkeep\n|turn|21\n|\n|t:|1699913709\n|move|p2a: Arceus|Judgment|p1a: Hoopa\n|-damage|p1a: Hoopa|61\/100\n|move|p1a: Hoopa|Hyperspace Fury|p2a: Arceus\n|-damage|p2a: Arceus|0 fnt\n|-unboost|p1a: Hoopa|def|1\n|faint|p2a: Arceus\n|\n|upkeep\n|\n|t:|1699913715\n|switch|p2a: Baxcalibur|Baxcalibur, M|100\/100\n|turn|22\n|\n|t:|1699913724\n|move|p2a: Baxcalibur|Icicle Spear|p1a: Hoopa\n|-crit|p1a: Hoopa\n|-damage|p1a: Hoopa|0 fnt\n|faint|p1a: Hoopa\n|-hitcount|p1: Hoopa|1\n|\n|upkeep\n|\n|t:|1699913730\n|switch|p1a: Magearna|Magearna|54\/100\n|turn|23\n|\n|t:|1699913733\n|switch|p2a: Espathra|Espathra, F|100\/100\n|move|p1a: Magearna|Trick Room|p1a: Magearna\n|-fieldstart|move: Trick Room|[of] p1a: Magearna\n|\n|-heal|p1a: Magearna|60\/100|[from] item: Leftovers\n|upkeep\n|turn|24\n|\n|t:|1699913741\n|move|p1a: Magearna|Fleur Cannon|p2a: Espathra\n|-damage|p2a: Espathra|23\/100\n|-unboost|p1a: Magearna|spa|2\n|move|p2a: Espathra|Calm Mind|p2a: Espathra\n|-boost|p2a: Espathra|spa|1\n|-boost|p2a: Espathra|spd|1\n|\n|-heal|p1a: Magearna|66\/100|[from] item: Leftovers\n|-heal|p2a: Espathra|29\/100|[from] item: Leftovers\n|-ability|p2a: Espathra|Speed Boost|boost\n|-boost|p2a: Espathra|spe|1\n|upkeep\n|turn|25\n|\n|t:|1699913754\n|move|p1a: Magearna|Volt Switch|p2a: Espathra\n|-damage|p2a: Espathra|20\/100\n|\n|t:|1699913757\n|switch|p1a: Cresselia|Cresselia, F|23\/100|[from] Volt Switch\n|move|p2a: Espathra|Roost|p2a: Espathra\n|-heal|p2a: Espathra|70\/100\n|-singleturn|p2a: Espathra|move: Roost\n|\n|-heal|p1a: Cresselia|29\/100|[from] item: Leftovers\n|-heal|p2a: Espathra|76\/100|[from] item: Leftovers\n|-ability|p2a: Espathra|Speed Boost|boost\n|-boost|p2a: Espathra|spe|1\n|upkeep\n|turn|26\n|\n|t:|1699913767\n|move|p1a: Cresselia|Calm Mind|p1a: Cresselia\n|-boost|p1a: Cresselia|spa|1\n|-boost|p1a: Cresselia|spd|1\n|move|p2a: Espathra|Calm Mind|p2a: Espathra\n|-boost|p2a: Espathra|spa|1\n|-boost|p2a: Espathra|spd|1\n|\n|-heal|p1a: Cresselia|35\/100|[from] item: Leftovers\n|-heal|p2a: Espathra|82\/100|[from] item: Leftovers\n|-ability|p2a: Espathra|Speed Boost|boost\n|-boost|p2a: Espathra|spe|1\n|upkeep\n|turn|27\n|\n|t:|1699913776\n|move|p1a: Cresselia|Moonlight|p1a: Cresselia\n|-heal|p1a: Cresselia|85\/100\n|move|p2a: Espathra|Calm Mind|p2a: Espathra\n|-boost|p2a: Espathra|spa|1\n|-boost|p2a: Espathra|spd|1\n|\n|-heal|p1a: Cresselia|91\/100|[from] item: Leftovers\n|-heal|p2a: Espathra|89\/100|[from] item: Leftovers\n|-fieldend|move: Trick Room\n|-ability|p2a: Espathra|Speed Boost|boost\n|-boost|p2a: Espathra|spe|1\n|upkeep\n|turn|28\n|\n|t:|1699913794\n|move|p2a: Espathra|Stored Power|p1a: Cresselia\n|-resisted|p1a: Cresselia\n|-damage|p1a: Cresselia|53\/100\n|move|p1a: Cresselia|Calm Mind|p1a: Cresselia\n|-boost|p1a: Cresselia|spa|1\n|-boost|p1a: Cresselia|spd|1\n|\n|-heal|p2a: Espathra|95\/100|[from] item: Leftovers\n|-heal|p1a: Cresselia|59\/100|[from] item: Leftovers\n|-ability|p2a: Espathra|Speed Boost|boost\n|-boost|p2a: Espathra|spe|1\n|upkeep\n|turn|29\n|\n|t:|1699913804\n|move|p2a: Espathra|Calm Mind|p2a: Espathra\n|-boost|p2a: Espathra|spa|1\n|-boost|p2a: Espathra|spd|1\n|move|p1a: Cresselia|Calm Mind|p1a: Cresselia\n|-boost|p1a: Cresselia|spa|1\n|-boost|p1a: Cresselia|spd|1\n|\n|-heal|p2a: Espathra|100\/100|[from] item: Leftovers\n|-heal|p1a: Cresselia|65\/100|[from] item: Leftovers\n|-ability|p2a: Espathra|Speed Boost|boost\n|-boost|p2a: Espathra|spe|1\n|upkeep\n|turn|30\n|\n|t:|1699913818\n|move|p2a: Espathra|Calm Mind|p2a: Espathra\n|-boost|p2a: Espathra|spa|1\n|-boost|p2a: Espathra|spd|1\n|move|p1a: Cresselia|Moonblast|p2a: Espathra\n|-damage|p2a: Espathra|83\/100\n|\n|-heal|p2a: Espathra|90\/100|[from] item: Leftovers\n|-heal|p1a: Cresselia|71\/100|[from] item: Leftovers\n|upkeep\n|turn|31\n|\n|t:|1699913827\n|move|p2a: Espathra|Stored Power|p1a: Cresselia\n|-resisted|p1a: Cresselia\n|-damage|p1a: Cresselia|17\/100\n|move|p1a: Cresselia|Moonblast|p2a: Espathra\n|-damage|p2a: Espathra|73\/100\n|\n|-heal|p2a: Espathra|79\/100|[from] item: Leftovers\n|-heal|p1a: Cresselia|23\/100|[from] item: Leftovers\n|upkeep\n|turn|32\n|\n|t:|1699913835\n|move|p2a: Espathra|Stored Power|p1a: Cresselia\n|-resisted|p1a: Cresselia\n|-damage|p1a: Cresselia|0 fnt\n|faint|p1a: Cresselia\n|\n|-heal|p2a: Espathra|85\/100|[from] item: Leftovers\n|upkeep\n|c|\u2606Kinesquared|gr\n|\n|t:|1699913841\n|switch|p1a: Magearna|Magearna|66\/100\n|turn|33\n|c|\u2606Kinesquared|it's 1-1\n|\n|t:|1699913850\n|move|p2a: Espathra|Stored Power|p1a: Magearna\n|-resisted|p1a: Magearna\n|-damage|p1a: Magearna|0 fnt\n|faint|p1a: Magearna\n|\n|win|MayatazKJ\n|l|\u2606Kinesquared\n|j|\u2606Kinesquared\n|player|p1|Kinesquared|scientist-gen4dp\n","uploadtime":1699913855,"views":41,"p1id":"kinesquared","p2id":"mayatazkj","formatid":"gen9ubers","rating":0,"private":0,"password":""}