{"id":"gen9ubers-1993586948","p1":"ThePuzzler13","p2":"chriscanway","format":"[Gen 9] Ubers","log":"|j|\u2606ThePuzzler13\n|j|\u2606chriscanway\n|t:|1700334702\n|gametype|singles\n|player|p1|ThePuzzler13|102|\n|player|p2|chriscanway|ethan|\n|teamsize|p1|6\n|teamsize|p2|6\n|gen|9\n|tier|[Gen 9] Ubers\n|rule|Sleep Clause Mod: Limit one foe put to sleep\n|rule|Species Clause: Limit one of each Pok\u00e9mon\n|rule|OHKO Clause: OHKO moves are banned\n|rule|Evasion Items Clause: Evasion items are banned\n|rule|Evasion Moves Clause: Evasion moves are banned\n|rule|Endless Battle Clause: Forcing endless battles is banned\n|rule|HP Percentage Mod: HP is shown in percentages\n|clearpoke\n|poke|p1|Masquerain, M|\n|poke|p1|Arceus-Ice|\n|poke|p1|Gholdengo|\n|poke|p1|Palafin, M|\n|poke|p1|Chi-Yu|\n|poke|p1|Zacian-*|\n|poke|p2|Hippowdon, M|\n|poke|p2|Magearna|\n|poke|p2|Houndstone, F|\n|poke|p2|Amoonguss, M|\n|poke|p2|Garganacl, F|\n|poke|p2|Tornadus-Therian, M|\n|teampreview\n|inactive|Battle timer is ON: inactive players will automatically lose when time's up. (requested by ThePuzzler13)\n|\n|t:|1700334710\n|start\n|switch|p1a: Masquerain|Masquerain, M|100\/100\n|switch|p2a: Tornadus|Tornadus-Therian, M|100\/100\n|-ability|p1a: Masquerain|Intimidate|boost\n|-unboost|p2a: Tornadus|atk|1\n|turn|1\n|\n|t:|1700334717\n|move|p2a: Tornadus|Bleakwind Storm|p1a: Masquerain\n|-supereffective|p1a: Masquerain\n|-enditem|p1a: Masquerain|Focus Sash\n|-damage|p1a: Masquerain|1\/100\n|move|p1a: Masquerain|Whirlwind|p2a: Tornadus\n|drag|p2a: Magearna|Magearna|100\/100\n|\n|upkeep\n|turn|2\n|\n|t:|1700334723\n|move|p1a: Masquerain|Sticky Web|p2a: Magearna\n|-sidestart|p2: chriscanway|move: Sticky Web\n|move|p2a: Magearna|Volt Switch|p1a: Masquerain\n|-supereffective|p1a: Masquerain\n|-damage|p1a: Masquerain|0 fnt\n|faint|p1a: Masquerain\n|-ability|p2a: Magearna|Soul-Heart|boost\n|-boost|p2a: Magearna|spa|1\n|\n|t:|1700334742\n|switch|p2a: Tornadus|Tornadus-Therian, M|100\/100|[from] Volt Switch\n|\n|upkeep\n|\n|t:|1700334746\n|switch|p1a: Arceus|Arceus-Ice|100\/100\n|turn|3\n|\n|t:|1700334751\n|move|p2a: Tornadus|U-turn|p1a: Arceus\n|-damage|p1a: Arceus|90\/100\n|\n|t:|1700334773\n|switch|p2a: Amoonguss|Amoonguss, M|100\/100|[from] U-turn\n|move|p1a: Arceus|Judgment|p2a: Amoonguss\n|-supereffective|p2a: Amoonguss\n|-damage|p2a: Amoonguss|0 fnt\n|faint|p2a: Amoonguss\n|\n|upkeep\n|\n|t:|1700334778\n|switch|p2a: Garganacl|Garganacl, F|100\/100\n|turn|4\n|\n|t:|1700334787\n|move|p1a: Arceus|Calm Mind|p1a: Arceus\n|-boost|p1a: Arceus|spa|1\n|-boost|p1a: Arceus|spd|1\n|move|p2a: Garganacl|Salt Cure|p1a: Arceus\n|-supereffective|p1a: Arceus\n|-damage|p1a: Arceus|71\/100\n|-start|p1a: Arceus|Salt Cure\n|\n|-damage|p1a: Arceus|59\/100|[from] Salt Cure\n|upkeep\n|turn|5\n|\n|t:|1700334791\n|move|p1a: Arceus|Calm Mind|p1a: Arceus\n|-boost|p1a: Arceus|spa|1\n|-boost|p1a: Arceus|spd|1\n|move|p2a: Garganacl|Salt Cure|p1a: Arceus\n|-supereffective|p1a: Arceus\n|-damage|p1a: Arceus|38\/100\n|\n|-damage|p1a: Arceus|25\/100|[from] Salt Cure\n|upkeep\n|turn|6\n|\n|t:|1700334794\n|move|p1a: Arceus|Recover|p1a: Arceus\n|-heal|p1a: Arceus|75\/100\n|move|p2a: Garganacl|Salt Cure|p1a: Arceus\n|-supereffective|p1a: Arceus\n|-damage|p1a: Arceus|54\/100\n|\n|-damage|p1a: Arceus|42\/100|[from] Salt Cure\n|upkeep\n|turn|7\n|\n|t:|1700334799\n|move|p1a: Arceus|Judgment|p2a: Garganacl\n|-damage|p2a: Garganacl|14\/100\n|move|p2a: Garganacl|Salt Cure|p1a: Arceus\n|-supereffective|p1a: Arceus\n|-damage|p1a: Arceus|20\/100\n|\n|-damage|p1a: Arceus|7\/100|[from] Salt Cure\n|upkeep\n|turn|8\n|\n|t:|1700334814\n|move|p1a: Arceus|Recover|p1a: Arceus\n|-heal|p1a: Arceus|57\/100\n|move|p2a: Garganacl|Salt Cure|p1a: Arceus\n|-supereffective|p1a: Arceus\n|-damage|p1a: Arceus|35\/100\n|\n|-damage|p1a: Arceus|22\/100|[from] Salt Cure\n|upkeep\n|turn|9\n|\n|t:|1700334823\n|move|p1a: Arceus|Judgment|p2a: Garganacl\n|-damage|p2a: Garganacl|0 fnt\n|faint|p2a: Garganacl\n|\n|-damage|p1a: Arceus|10\/100|[from] Salt Cure\n|upkeep\n|\n|t:|1700334826\n|switch|p2a: Tornadus|Tornadus-Therian, M|100\/100\n|turn|10\n|\n|t:|1700334830\n|move|p2a: Tornadus|Knock Off|p1a: Arceus\n|-damage|p1a: Arceus|0 fnt\n|faint|p1a: Arceus\n|\n|upkeep\n|\n|t:|1700334834\n|switch|p1a: Palafin|Palafin, M|100\/100\n|turn|11\n|\n|t:|1700334841\n|move|p2a: Tornadus|Bleakwind Storm|p1a: Palafin\n|-damage|p1a: Palafin|46\/100\n|-unboost|p1a: Palafin|spe|1\n|move|p1a: Palafin|Flip Turn|p2a: Tornadus\n|-damage|p2a: Tornadus|61\/100\n|\n|t:|1700334851\n|detailschange|p1a: Palafin|Palafin-Hero, M\n|switch|p1a: Zacian|Zacian|100\/100|[from] Flip Turn\n|-ability|p1a: Zacian|Intrepid Sword|boost\n|-boost|p1a: Zacian|atk|1\n|\n|upkeep\n|turn|12\n|\n|t:|1700334865\n|move|p1a: Zacian|Swords Dance|p1a: Zacian\n|-boost|p1a: Zacian|atk|2\n|move|p2a: Tornadus|Knock Off|p1a: Zacian\n|-resisted|p1a: Zacian\n|-damage|p1a: Zacian|92\/100\n|-enditem|p1a: Zacian|Leftovers|[from] move: Knock Off|[of] p2a: Tornadus\n|\n|upkeep\n|turn|13\n|\n|t:|1700334870\n|move|p1a: Zacian|Wild Charge|p2a: Tornadus\n|-supereffective|p2a: Tornadus\n|-damage|p2a: Tornadus|0 fnt\n|faint|p2a: Tornadus\n|-damage|p1a: Zacian|75\/100|[from] Recoil\n|\n|upkeep\n|\n|t:|1700334880\n|switch|p2a: Hippowdon|Hippowdon, M|100\/100\n|-weather|Sandstorm|[from] ability: Sand Stream|[of] p2a: Hippowdon\n|turn|14\n|\n|t:|1700334890\n|move|p1a: Zacian|Play Rough|p2a: Hippowdon\n|-damage|p2a: Hippowdon|45\/100\n|move|p2a: Hippowdon|Whirlwind|p1a: Zacian\n|drag|p1a: Chi-Yu|Chi-Yu|100\/100\n|-ability|p1a: Chi-Yu|Beads of Ruin\n|\n|-weather|Sandstorm|[upkeep]\n|-damage|p1a: Chi-Yu|95\/100|[from] Sandstorm\n|upkeep\n|turn|15\n|\n|t:|1700334897\n|move|p1a: Chi-Yu|Dark Pulse|p2a: Hippowdon\n|-damage|p2a: Hippowdon|0 fnt\n|faint|p2a: Hippowdon\n|\n|-weather|Sandstorm|[upkeep]\n|-damage|p1a: Chi-Yu|89\/100|[from] Sandstorm\n|upkeep\n|\n|t:|1700334906\n|switch|p2a: Houndstone|Houndstone, F|100\/100\n|turn|16\n|\n|t:|1700334909\n|move|p2a: Houndstone|Body Press|p1a: Chi-Yu\n|-supereffective|p1a: Chi-Yu\n|-damage|p1a: Chi-Yu|29\/100\n|move|p1a: Chi-Yu|Dark Pulse|p2a: Houndstone\n|-supereffective|p2a: Houndstone\n|-crit|p2a: Houndstone\n|-damage|p2a: Houndstone|0 fnt\n|faint|p2a: Houndstone\n|\n|-weather|Sandstorm|[upkeep]\n|-damage|p1a: Chi-Yu|23\/100|[from] Sandstorm\n|upkeep\n|\n|t:|1700334912\n|switch|p2a: Magearna|Magearna|100\/100\n|turn|17\n|-message|chriscanway forfeited.\n|\n|win|ThePuzzler13\n|c|\u2606ThePuzzler13|gg\n","uploadtime":1700334929,"views":30,"p1id":"thepuzzler13","p2id":"chriscanway","formatid":"gen9ubers","rating":0,"private":0,"password":""}