{"id":"gen9ubers-1972302452","p1":"corvere\u2665","p2":"8142e","format":"[Gen 9] Ubers","log":"|j|\u2606corvere\u2665\n|j|\u26068142e\n|t:|1697829502\n|gametype|singles\n|player|p1|corvere\u2665|anthea|\n|player|p2|8142e|169|\n|teamsize|p1|6\n|teamsize|p2|6\n|gen|9\n|tier|[Gen 9] Ubers\n|rated|Tournament battle\n|rule|Sleep Clause Mod: Limit one foe put to sleep\n|rule|Species Clause: Limit one of each Pok\u00e9mon\n|rule|OHKO Clause: OHKO moves are banned\n|rule|Evasion Items Clause: Evasion items are banned\n|rule|Evasion Moves Clause: Evasion moves are banned\n|rule|Endless Battle Clause: Forcing endless battles is banned\n|rule|HP Percentage Mod: HP is shown in percentages\n|clearpoke\n|poke|p1|Great Tusk|\n|poke|p1|Koraidon|\n|poke|p1|Rayquaza|\n|poke|p1|Baxcalibur, M|\n|poke|p1|Zacian-*|\n|poke|p1|Arceus-Ground|\n|poke|p2|Hatterene, F|\n|poke|p2|Kyogre|\n|poke|p2|Koraidon|\n|poke|p2|Miraidon|\n|poke|p2|Landorus-Therian, M|\n|poke|p2|Arceus|\n|teampreview\n|inactive|Battle timer is ON: inactive players will automatically lose when time's up. (requested by corvere\u2665)\n|j| poing de colere\n|j| righteous light\n|c|\u26068142e|hfhfhfhhfhfh\n|j|+RichardMillePlain\n|c|\u2606corvere\u2665|hf\n|\n|t:|1697829512\n|start\n|switch|p1a: Zacian|Zacian-Crowned|100\/100\n|switch|p2a: Miraidon|Miraidon|100\/100\n|-ability|p1a: Zacian|Intrepid Sword|boost\n|-boost|p1a: Zacian|atk|1\n|-fieldstart|move: Electric Terrain|[from] ability: Hadron Engine|[of] p2a: Miraidon\n|turn|1\n|j|+OreoSpeedruns\n|j| Menacce17\n|\n|t:|1697829518\n|switch|p2a: Landorus|Landorus-Therian, M|100\/100\n|-ability|p2a: Landorus|Intimidate|boost\n|-unboost|p1a: Zacian|atk|1\n|move|p1a: Zacian|Play Rough|p2a: Landorus\n|-damage|p2a: Landorus|64\/100\n|\n|upkeep\n|turn|2\n|\n|t:|1697829528\n|move|p1a: Zacian|Swords Dance|p1a: Zacian\n|-boost|p1a: Zacian|atk|2\n|move|p2a: Landorus|U-turn|p1a: Zacian\n|-resisted|p1a: Zacian\n|-damage|p1a: Zacian|95\/100\n|\n|t:|1697829534\n|switch|p2a: bad fish|Kyogre|100\/100|[from] U-turn\n|-weather|RainDance|[from] ability: Drizzle|[of] p2a: bad fish\n|\n|-weather|RainDance|[upkeep]\n|upkeep\n|turn|3\n|\n|t:|1697829539\n|switch|p1a: Rayquaza|Rayquaza|100\/100\n|-ability|p1a: Rayquaza|Air Lock\n|move|p2a: bad fish|Origin Pulse|p1a: Rayquaza\n|-resisted|p1a: Rayquaza\n|-damage|p1a: Rayquaza|40\/100\n|\n|-weather|RainDance|[upkeep]\n|upkeep\n|turn|4\n|j| RGCultist\n|\n|t:|1697829541\n|switch|p2a: best girl|Hatterene, F|100\/100\n|move|p1a: Rayquaza|Dragon Ascent|p2a: best girl\n|-damage|p2a: best girl|47\/100\n|-unboost|p1a: Rayquaza|def|1\n|-unboost|p1a: Rayquaza|spd|1\n|-enditem|p2a: best girl|Eject Button\n|\n|t:|1697829550\n|switch|p2a: Miraidon|Miraidon|100\/100\n|-activate|p2a: Miraidon|ability: Hadron Engine\n|\n|-weather|RainDance|[upkeep]\n|upkeep\n|turn|5\n|\n|t:|1697829552\n|move|p2a: Miraidon|Electro Drift|p1a: Rayquaza\n|-damage|p1a: Rayquaza|0 fnt\n|faint|p1a: Rayquaza\n|\n|-weather|RainDance|[upkeep]\n|-fieldend|move: Electric Terrain\n|upkeep\n|\n|t:|1697829559\n|switch|p1a: Zacian|Zacian-Crowned|95\/100\n|turn|6\n|l| RGCultist\n|\n|t:|1697829563\n|move|p1a: Zacian|Substitute|p1a: Zacian\n|-start|p1a: Zacian|Substitute\n|-damage|p1a: Zacian|70\/100\n|move|p2a: Miraidon|Electro Drift|p1a: Zacian\n|-end|p1a: Zacian|Substitute\n|\n|-weather|none\n|upkeep\n|turn|7\n|\n|t:|1697829586\n|switch|p2a: Arceus|Arceus|100\/100\n|move|p1a: Zacian|Substitute|p1a: Zacian\n|-start|p1a: Zacian|Substitute\n|-damage|p1a: Zacian|45\/100\n|\n|upkeep\n|turn|8\n|\n|t:|1697829588\n|move|p1a: Zacian|Swords Dance|p1a: Zacian\n|-boost|p1a: Zacian|atk|2\n|move|p2a: Arceus|Swords Dance|p2a: Arceus\n|-boost|p2a: Arceus|atk|2\n|\n|upkeep\n|turn|9\n|\n|t:|1697829598\n|move|p2a: Arceus|Extreme Speed|p1a: Zacian\n|-resisted|p1a: Zacian\n|-end|p1a: Zacian|Substitute\n|move|p1a: Zacian|Behemoth Blade|p2a: Arceus\n|-damage|p2a: Arceus|30\/100\n|\n|upkeep\n|turn|10\n|inactive|8142e has 120 seconds left.\n|\n|t:|1697829638\n|move|p2a: Arceus|Extreme Speed|p1a: Zacian\n|-resisted|p1a: Zacian\n|-damage|p1a: Zacian|0 fnt\n|faint|p1a: Zacian\n|\n|upkeep\n|\n|t:|1697829642\n|switch|p1a: Koraidon|Koraidon|100\/100\n|-weather|SunnyDay|[from] ability: Orichalcum Pulse|[of] p1a: Koraidon\n|-activate|p1a: Koraidon|Orichalcum Pulse|[source]\n|turn|11\n|inactive|8142e has 120 seconds left.\n|\n|t:|1697829656\n|-terastallize|p1a: Koraidon|Ghost\n|-terastallize|p2a: Arceus|Normal\n|move|p2a: Arceus|Extreme Speed|p1a: Koraidon\n|-immune|p1a: Koraidon\n|move|p1a: Koraidon|Swords Dance|p1a: Koraidon\n|-boost|p1a: Koraidon|atk|2\n|\n|-weather|SunnyDay|[upkeep]\n|upkeep\n|turn|12\n|c|\u26068142e|ohhh noooo\n|\n|t:|1697829664\n|switch|p2a: best girl|Hatterene, F|47\/100\n|move|p1a: Koraidon|Scale Shot|p2a: best girl\n|-immune|p2a: best girl\n|\n|-weather|SunnyDay|[upkeep]\n|upkeep\n|turn|13\n|\n|t:|1697829667\n|move|p1a: Koraidon|Flare Blitz|p2a: best girl\n|-damage|p2a: best girl|0 fnt\n|faint|p2a: best girl\n|-damage|p1a: Koraidon|86\/100|[from] Recoil\n|\n|-weather|SunnyDay|[upkeep]\n|upkeep\n|\n|t:|1697829671\n|switch|p2a: Koraidon|Koraidon|100\/100\n|-activate|p2a: Koraidon|ability: Orichalcum Pulse\n|turn|14\n|\n|t:|1697829677\n|move|p2a: Koraidon|Flare Blitz|p1a: Koraidon\n|-damage|p1a: Koraidon|0 fnt\n|faint|p1a: Koraidon\n|-damage|p2a: Koraidon|72\/100|[from] Recoil\n|\n|-weather|SunnyDay|[upkeep]\n|upkeep\n|\n|t:|1697829680\n|switch|p1a: Great Tusk|Great Tusk|100\/100\n|-activate|p1a: Great Tusk|ability: Protosynthesis\n|-start|p1a: Great Tusk|protosynthesisspe\n|turn|15\n|\n|t:|1697829691\n|switch|p2a: bad fish|Kyogre|100\/100\n|-weather|RainDance|[from] ability: Drizzle|[of] p2a: bad fish\n|-end|p1a: Great Tusk|Protosynthesis\n|-enditem|p1a: Great Tusk|Booster Energy\n|-activate|p1a: Great Tusk|ability: Protosynthesis|[fromitem]\n|-start|p1a: Great Tusk|protosynthesisspe\n|move|p1a: Great Tusk|Bulk Up|p1a: Great Tusk\n|-boost|p1a: Great Tusk|atk|1\n|-boost|p1a: Great Tusk|def|1\n|\n|-weather|RainDance|[upkeep]\n|upkeep\n|turn|16\n|\n|t:|1697829694\n|move|p1a: Great Tusk|Close Combat|p2a: bad fish\n|-damage|p2a: bad fish|20\/100\n|-unboost|p1a: Great Tusk|def|1\n|-unboost|p1a: Great Tusk|spd|1\n|move|p2a: bad fish|Ice Beam|p1a: Great Tusk\n|-supereffective|p1a: Great Tusk\n|-crit|p1a: Great Tusk\n|-damage|p1a: Great Tusk|0 fnt\n|faint|p1a: Great Tusk\n|-end|p1a: Great Tusk|Protosynthesis|[silent]\n|\n|-weather|RainDance|[upkeep]\n|upkeep\n|\n|t:|1697829698\n|switch|p1a: Baxcalibur|Baxcalibur, M|100\/100\n|turn|17\n|\n|t:|1697829704\n|move|p2a: bad fish|Ice Beam|p1a: Baxcalibur\n|-damage|p1a: Baxcalibur|44\/100\n|move|p1a: Baxcalibur|Glaive Rush|p2a: bad fish\n|-damage|p2a: bad fish|0 fnt\n|-singlemove|p1a: Baxcalibur|Glaive Rush|[silent]\n|faint|p2a: bad fish\n|\n|-weather|RainDance|[upkeep]\n|upkeep\n|\n|t:|1697829709\n|switch|p2a: Koraidon|Koraidon|72\/100\n|-weather|SunnyDay|[from] ability: Orichalcum Pulse|[of] p2a: Koraidon\n|-activate|p2a: Koraidon|Orichalcum Pulse|[source]\n|turn|18\n|\n|t:|1697829712\n|move|p2a: Koraidon|Low Kick|p1a: Baxcalibur\n|-supereffective|p1a: Baxcalibur\n|-damage|p1a: Baxcalibur|0 fnt\n|faint|p1a: Baxcalibur\n|\n|-weather|SunnyDay|[upkeep]\n|upkeep\n|\n|t:|1697829714\n|switch|p1a: Arceus|Arceus-Ground|100\/100\n|turn|19\n|c|\u26068142e|gggggg\n|\n|t:|1697829719\n|move|p2a: Koraidon|Low Kick|p1a: Arceus\n|-damage|p1a: Arceus|26\/100\n|move|p1a: Arceus|Dragon Dance|p1a: Arceus\n|-boost|p1a: Arceus|atk|1\n|-boost|p1a: Arceus|spe|1\n|\n|-weather|SunnyDay|[upkeep]\n|upkeep\n|turn|20\n|\n|t:|1697829721\n|move|p1a: Arceus|Earthquake|p2a: Koraidon\n|-damage|p2a: Koraidon|11\/100\n|move|p2a: Koraidon|Low Kick|p1a: Arceus\n|-damage|p1a: Arceus|0 fnt\n|faint|p1a: Arceus\n|\n|win|8142e\n|n|\u2606corvere\u2665|corvere\n|n|\u26068142e|8142e\n|n| poing de colere|poingdecolere\n|n| righteous light|righteouslight\n|n| RichardMillePlain|richardmilleplain\n|n| OreoSpeedruns|oreospeedruns\n|n| Menacce17|menacce17\n","uploadtime":1697829722,"views":15,"p1id":"corvere","p2id":"8142e","formatid":"gen9ubers","rating":0,"private":0,"password":""}