{"id":"gen9ubers-1995701864","p1":"guess the memes","p2":"Nitro524","format":"[Gen 9] Ubers","log":"|j|\u2606guess the memes\n|j|\u2606Nitro524\n|t:|1700595265\n|gametype|singles\n|player|p1|guess the memes|clair|\n|player|p2|Nitro524|hilbert|\n|teamsize|p1|6\n|teamsize|p2|6\n|gen|9\n|tier|[Gen 9] Ubers\n|rule|Sleep Clause Mod: Limit one foe put to sleep\n|rule|Species Clause: Limit one of each Pok\u00e9mon\n|rule|OHKO Clause: OHKO moves are banned\n|rule|Evasion Items Clause: Evasion items are banned\n|rule|Evasion Moves Clause: Evasion moves are banned\n|rule|Endless Battle Clause: Forcing endless battles is banned\n|rule|HP Percentage Mod: HP is shown in percentages\n|clearpoke\n|poke|p1|Magearna|\n|poke|p1|Cyclizar, F|\n|poke|p1|Zacian-*|\n|poke|p1|Espathra, F|\n|poke|p1|Arceus-Poison|\n|poke|p1|Manaphy|\n|poke|p2|Torkoal, M|\n|poke|p2|Chi-Yu|\n|poke|p2|Maushold|\n|poke|p2|Arceus-Poison|\n|poke|p2|Roaring Moon|\n|poke|p2|Walking Wake|\n|teampreview\n|inactive|Battle timer is ON: inactive players will automatically lose when time's up. (requested by Nitro524)\n|c|\u2606Nitro524|glhf\n|j| Incredibleking\n|l| Incredibleking\n|j| VloneVictini\n|inactive|guess the memes has 270 seconds left.\n|j| Incredibleking\n|\n|t:|1700595324\n|start\n|switch|p1a: Cyclizar|Cyclizar, F|100\/100\n|switch|p2a: Torkoal|Torkoal, M|100\/100\n|-weather|SunnyDay|[from] ability: Drought|[of] p2a: Torkoal\n|turn|1\n|\n|t:|1700595330\n|move|p1a: Cyclizar|Shed Tail|p1a: Cyclizar\n|-start|p1a: Cyclizar|Substitute|[from] move: Shed Tail\n|-damage|p1a: Cyclizar|50\/100\n|\n|t:|1700595342\n|switch|p1a: Zacian|Zacian|100\/100|[from] Shed Tail\n|-ability|p1a: Zacian|Intrepid Sword|boost\n|-boost|p1a: Zacian|atk|1\n|move|p2a: Torkoal|Stealth Rock|p1a: Zacian\n|-sidestart|p1: guess the memes|move: Stealth Rock\n|\n|-weather|SunnyDay|[upkeep]\n|upkeep\n|turn|2\n|\n|t:|1700595360\n|switch|p2a: Arceus|Arceus-Poison|100\/100\n|move|p1a: Zacian|Swords Dance|p1a: Zacian\n|-boost|p1a: Zacian|atk|2\n|\n|-weather|SunnyDay|[upkeep]\n|upkeep\n|turn|3\n|\n|t:|1700595381\n|-terastallize|p1a: Zacian|Ground\n|move|p2a: Arceus|Extreme Speed|p1a: Zacian\n|-end|p1a: Zacian|Substitute\n|move|p1a: Zacian|Tera Blast|p2a: Arceus|[anim] Tera Blast Ground\n|-supereffective|p2a: Arceus\n|-damage|p2a: Arceus|0 fnt\n|faint|p2a: Arceus\n|\n|-weather|SunnyDay|[upkeep]\n|upkeep\n|inactive|Nitro524 has 270 seconds left.\n|\n|t:|1700595396\n|switch|p2a: Walking Wake|Walking Wake|100\/100\n|-activate|p2a: Walking Wake|ability: Protosynthesis\n|-start|p2a: Walking Wake|protosynthesisspe\n|turn|4\n|\n|t:|1700595402\n|move|p2a: Walking Wake|Hydro Steam|p1a: Zacian\n|-supereffective|p1a: Zacian\n|-damage|p1a: Zacian|0 fnt\n|faint|p1a: Zacian\n|\n|-weather|SunnyDay|[upkeep]\n|upkeep\n|\n|t:|1700595415\n|switch|p1a: Cyclizar|Cyclizar, F|83\/100\n|-damage|p1a: Cyclizar|71\/100|[from] Stealth Rock\n|turn|5\n|\n|t:|1700595430\n|switch|p1a: Magearna|Magearna|100\/100\n|-damage|p1a: Magearna|94\/100|[from] Stealth Rock\n|move|p2a: Walking Wake|Hydro Steam|p1a: Magearna\n|-damage|p1a: Magearna|29\/100\n|\n|-weather|SunnyDay|[upkeep]\n|-heal|p1a: Magearna|35\/100|[from] item: Leftovers\n|upkeep\n|turn|6\n|\n|t:|1700595441\n|switch|p1a: Arceus|Arceus-Poison|100\/100\n|-damage|p1a: Arceus|88\/100|[from] Stealth Rock\n|move|p2a: Walking Wake|Hydro Steam|p1a: Arceus\n|-damage|p1a: Arceus|41\/100\n|\n|-weather|SunnyDay|[upkeep]\n|upkeep\n|turn|7\n|\n|t:|1700595448\n|move|p1a: Arceus|Extreme Speed|p2a: Walking Wake\n|-damage|p2a: Walking Wake|76\/100\n|move|p2a: Walking Wake|Hydro Steam|p1a: Arceus\n|-damage|p1a: Arceus|0 fnt\n|faint|p1a: Arceus\n|\n|-weather|SunnyDay|[upkeep]\n|upkeep\n|\n|t:|1700595457\n|switch|p1a: Cyclizar|Cyclizar, F|100\/100\n|-damage|p1a: Cyclizar|88\/100|[from] Stealth Rock\n|turn|8\n|\n|t:|1700595463\n|move|p1a: Cyclizar|Shed Tail|p1a: Cyclizar\n|-start|p1a: Cyclizar|Substitute|[from] move: Shed Tail\n|-damage|p1a: Cyclizar|38\/100\n|\n|t:|1700595471\n|switch|p1a: Magearna|Magearna|35\/100|[from] Shed Tail\n|-damage|p1a: Magearna|29\/100|[from] Stealth Rock\n|move|p2a: Walking Wake|Hydro Steam|p1a: Magearna\n|-end|p1a: Magearna|Substitute\n|\n|-weather|none\n|-end|p2a: Walking Wake|Protosynthesis\n|-heal|p1a: Magearna|35\/100|[from] item: Leftovers\n|upkeep\n|turn|9\n|\n|t:|1700595478\n|move|p2a: Walking Wake|Hydro Steam|p1a: Magearna\n|-damage|p1a: Magearna|0 fnt\n|faint|p1a: Magearna\n|\n|upkeep\n|\n|t:|1700595486\n|switch|p1a: Cyclizar|Cyclizar, F|71\/100\n|-damage|p1a: Cyclizar|59\/100|[from] Stealth Rock\n|turn|10\n|\n|t:|1700595493\n|-end|p2a: Walking Wake|Protosynthesis|[silent]\n|switch|p2a: Torkoal|Torkoal, M|100\/100\n|-weather|SunnyDay|[from] ability: Drought|[of] p2a: Torkoal\n|move|p1a: Cyclizar|Shed Tail|p1a: Cyclizar\n|-start|p1a: Cyclizar|Substitute|[from] move: Shed Tail\n|-damage|p1a: Cyclizar|8\/100\n|\n|t:|1700595499\n|switch|p1a: Manaphy|Manaphy|100\/100|[from] Shed Tail\n|-damage|p1a: Manaphy|88\/100|[from] Stealth Rock\n|\n|-weather|SunnyDay|[upkeep]\n|upkeep\n|turn|11\n|inactive|Nitro524 has 270 seconds left.\n|\n|t:|1700595538\n|switch|p2a: Maushold|Maushold|100\/100\n|move|p1a: Manaphy|Tail Glow|p1a: Manaphy\n|-boost|p1a: Manaphy|spa|3\n|\n|-weather|SunnyDay|[upkeep]\n|upkeep\n|turn|12\n|\n|t:|1700595545\n|move|p2a: Maushold|Encore|p1a: Manaphy\n|-start|p1a: Manaphy|Encore\n|move|p1a: Manaphy|Tail Glow|p1a: Manaphy\n|-boost|p1a: Manaphy|spa|3\n|\n|-weather|SunnyDay|[upkeep]\n|upkeep\n|turn|13\n|\n|t:|1700595550\n|move|p2a: Maushold|Tidy Up|p2a: Maushold\n|-end|p1a: Manaphy|Substitute\n|-sideend|p1: guess the memes|Stealth Rock\n|-activate|p2a: Maushold|move: Tidy Up\n|-boost|p2a: Maushold|atk|1\n|-boost|p2a: Maushold|spe|1\n|move|p1a: Manaphy|Tail Glow|p1a: Manaphy\n|-boost|p1a: Manaphy|spa|0\n|\n|-weather|SunnyDay|[upkeep]\n|upkeep\n|turn|14\n|\n|t:|1700595559\n|move|p2a: Maushold|Population Bomb|p1a: Manaphy\n|-damage|p1a: Manaphy|73\/100\n|-damage|p1a: Manaphy|57\/100\n|-damage|p1a: Manaphy|40\/100\n|-damage|p1a: Manaphy|24\/100\n|-damage|p1a: Manaphy|8\/100\n|-damage|p1a: Manaphy|0 fnt\n|faint|p1a: Manaphy\n|-hitcount|p1: Manaphy|6\n|\n|-weather|SunnyDay|[upkeep]\n|upkeep\n|\n|t:|1700595562\n|switch|p1a: Espathra|Espathra, F|100\/100\n|turn|15\n|\n|t:|1700595571\n|move|p2a: Maushold|Tidy Up|p2a: Maushold\n|-boost|p2a: Maushold|atk|1\n|-boost|p2a: Maushold|spe|1\n|move|p1a: Espathra|Calm Mind|p1a: Espathra\n|-boost|p1a: Espathra|spa|1\n|-boost|p1a: Espathra|spd|1\n|\n|-weather|SunnyDay|[upkeep]\n|-ability|p1a: Espathra|Speed Boost|boost\n|-boost|p1a: Espathra|spe|1\n|upkeep\n|turn|16\n|\n|t:|1700595581\n|move|p2a: Maushold|Population Bomb|p1a: Espathra\n|-damage|p1a: Espathra|76\/100\n|-damage|p1a: Espathra|53\/100\n|-damage|p1a: Espathra|29\/100\n|-damage|p1a: Espathra|5\/100\n|-damage|p1a: Espathra|0 fnt\n|faint|p1a: Espathra\n|-hitcount|p1: Espathra|5\n|\n|-weather|SunnyDay|[upkeep]\n|upkeep\n|\n|t:|1700595588\n|switch|p1a: Cyclizar|Cyclizar, F|41\/100\n|turn|17\n|\n|t:|1700595592\n|move|p2a: Maushold|Population Bomb|p1a: Cyclizar\n|-damage|p1a: Cyclizar|3\/100\n|-damage|p1a: Cyclizar|0 fnt\n|faint|p1a: Cyclizar\n|-hitcount|p1: Cyclizar|2\n|\n|win|Nitro524\n|c|\u2606guess the memes|gg\n|c|\u2606Nitro524|gg\n|l|\u2606Nitro524\n|l|\u2606guess the memes\n|c| VloneVictini|MAUS STOCKS\n|l| Incredibleking\n|j|\u2606Nitro524\n|player|p2|Nitro524|hilbert\n","uploadtime":1700595685,"views":19,"p1id":"guessthememes","p2id":"nitro524","formatid":"gen9ubers","rating":0,"private":0,"password":""}