{"id":"gen9ubers-1999208492","p1":"zLayton","p2":"MonkeyManStan","format":"[Gen 9] Ubers","log":"|j|\u2606zLayton\n|j|\u2606MonkeyManStan\n|t:|1701045601\n|gametype|singles\n|player|p1|zLayton|juan|\n|player|p2|MonkeyManStan|chili|\n|teamsize|p1|6\n|teamsize|p2|6\n|gen|9\n|tier|[Gen 9] Ubers\n|rule|Sleep Clause Mod: Limit one foe put to sleep\n|rule|Species Clause: Limit one of each Pok\u00e9mon\n|rule|OHKO Clause: OHKO moves are banned\n|rule|Evasion Items Clause: Evasion items are banned\n|rule|Evasion Moves Clause: Evasion moves are banned\n|rule|Endless Battle Clause: Forcing endless battles is banned\n|rule|HP Percentage Mod: HP is shown in percentages\n|clearpoke\n|poke|p1|Rillaboom, F|\n|poke|p1|Sneasler, M|\n|poke|p1|Raichu, F|\n|poke|p1|Empoleon, F|\n|poke|p1|Mamoswine, M|\n|poke|p1|Tauros, M|\n|poke|p2|Decidueye, F|\n|poke|p2|Kilowattrel, M|\n|poke|p2|Overqwil, F|\n|poke|p2|Tornadus-Therian, M|\n|poke|p2|Manaphy|\n|poke|p2|Politoed, F|\n|teampreview\n|c|\u2606MonkeyManStan|sorry #1 evolved into #2\n|c|\u2606MonkeyManStan|glhf!\n|j| Quackborg\n|j| Seior\n|l| Quackborg\n|j| TheOtakuOutcast\n|\n|t:|1701045810\n|start\n|switch|p1a: Mamoswine|Mamoswine, M|100\/100\n|switch|p2a: Bear|Politoed, F, shiny|100\/100\n|-weather|RainDance|[from] ability: Drizzle|[of] p2a: Bear\n|turn|1\n|\n|t:|1701045840\n|move|p1a: Mamoswine|Stealth Rock|p2a: Bear\n|-sidestart|p2: MonkeyManStan|move: Stealth Rock\n|move|p2a: Bear|Encore|p1a: Mamoswine\n|-start|p1a: Mamoswine|Encore\n|\n|-weather|RainDance|[upkeep]\n|upkeep\n|turn|2\n|\n|t:|1701045876\n|switch|p1a: Tauros|Tauros, M|100\/100\n|switch|p2a: Shadow|Decidueye, F|100\/100\n|\n|-weather|RainDance|[upkeep]\n|upkeep\n|turn|3\n|\n|t:|1701045939\n|move|p1a: Tauros|Rock Slide|p2a: Shadow\n|-damage|p2a: Shadow|74\/100\n|move|p2a: Shadow|Knock Off|p1a: Tauros\n|-crit|p1a: Tauros\n|-damage|p1a: Tauros|53\/100\n|-enditem|p1a: Tauros|Choice Scarf|[from] move: Knock Off|[of] p2a: Shadow\n|\n|-weather|RainDance|[upkeep]\n|upkeep\n|turn|4\n|\n|t:|1701045959\n|move|p1a: Tauros|Rock Slide|p2a: Shadow\n|-damage|p2a: Shadow|47\/100\n|move|p2a: Shadow|Defog|p1a: Tauros\n|-unboost|p1a: Tauros|evasion|1\n|-sideend|p2: MonkeyManStan|Stealth Rock|[from] move: Defog|[of] p2a: Shadow\n|\n|-weather|RainDance|[upkeep]\n|upkeep\n|turn|5\n|\n|t:|1701046015\n|switch|p2a: Ursa|Overqwil, F|100\/100\n|move|p1a: Tauros|High Horsepower|p2a: Ursa\n|-supereffective|p2a: Ursa\n|-damage|p2a: Ursa|35\/100\n|\n|-weather|RainDance|[upkeep]\n|upkeep\n|turn|6\n|\n|t:|1701046066\n|move|p2a: Ursa|Liquidation|p1a: Tauros\n|-damage|p1a: Tauros|0 fnt\n|faint|p1a: Tauros\n|\n|-weather|RainDance|[upkeep]\n|upkeep\n|\n|t:|1701046094\n|switch|p1a: Mamoswine|Mamoswine, M|100\/100\n|turn|7\n|\n|t:|1701046243\n|switch|p2a: Pop|Tornadus-Therian, M|100\/100\n|move|p1a: Mamoswine|Trailblaze|p2a: Pop\n|-resisted|p2a: Pop\n|-damage|p2a: Pop|88\/100\n|-boost|p1a: Mamoswine|spe|1\n|\n|-weather|RainDance|[upkeep]\n|upkeep\n|turn|8\n|\n|t:|1701046382\n|switch|p2a: Tutter|Manaphy, shiny|100\/100\n|move|p1a: Mamoswine|Icicle Crash|p2a: Tutter\n|-resisted|p2a: Tutter\n|-damage|p2a: Tutter|83\/100\n|\n|-weather|none\n|-heal|p2a: Tutter|89\/100|[from] item: Leftovers\n|upkeep\n|turn|9\n|\n|t:|1701046400\n|switch|p1a: Empoleon|Empoleon, F|100\/100\n|switch|p2a: Bear|Politoed, F, shiny|100\/100\n|-weather|RainDance|[from] ability: Drizzle|[of] p2a: Bear\n|\n|-weather|RainDance|[upkeep]\n|upkeep\n|turn|10\n|\n|t:|1701046415\n|switch|p1a: Rillaboom|Rillaboom, F|100\/100\n|-fieldstart|move: Grassy Terrain|[from] ability: Grassy Surge|[of] p1a: Rillaboom\n|move|p2a: Bear|Chilling Water|p1a: Rillaboom\n|-resisted|p1a: Rillaboom\n|-damage|p1a: Rillaboom|84\/100\n|-unboost|p1a: Rillaboom|atk|1\n|\n|-weather|RainDance|[upkeep]\n|-heal|p1a: Rillaboom|90\/100|[from] Grassy Terrain\n|upkeep\n|turn|11\n|\n|t:|1701046434\n|switch|p2a: Pop|Tornadus-Therian, M|100\/100\n|move|p1a: Rillaboom|U-turn|p2a: Pop\n|-resisted|p2a: Pop\n|-damage|p2a: Pop|84\/100\n|\n|t:|1701046616\n|switch|p1a: Empoleon|Empoleon, F|100\/100|[from] U-turn\n|\n|-weather|RainDance|[upkeep]\n|upkeep\n|turn|12\n|\n|t:|1701046702\n|-terastallize|p1a: Empoleon|Electric\n|move|p2a: Pop|U-turn|p1a: Empoleon\n|-damage|p1a: Empoleon|85\/100\n|\n|t:|1701046853\n|switch|p2a: Shadow|Decidueye, F|47\/100|[from] U-turn\n|move|p1a: Empoleon|Tera Blast|p2a: Shadow|[anim] Tera Blast Electric\n|-resisted|p2a: Shadow\n|-damage|p2a: Shadow|30\/100\n|\n|-weather|RainDance|[upkeep]\n|-heal|p1a: Empoleon|91\/100|[from] Grassy Terrain\n|-heal|p1a: Empoleon|98\/100|[from] item: Leftovers\n|-heal|p2a: Shadow|36\/100|[from] Grassy Terrain\n|upkeep\n|turn|13\n|\n|t:|1701046896\n|move|p1a: Empoleon|Ice Beam|p2a: Shadow\n|-supereffective|p2a: Shadow\n|-damage|p2a: Shadow|0 fnt\n|faint|p2a: Shadow\n|\n|-weather|RainDance|[upkeep]\n|-heal|p1a: Empoleon|100\/100|[from] Grassy Terrain\n|upkeep\n|\n|t:|1701047025\n|switch|p2a: Pip|Kilowattrel, M|100\/100\n|turn|14\n|\n|t:|1701047105\n|-terastallize|p2a: Pip|Water\n|move|p2a: Pip|Hurricane|p1a: Empoleon\n|-resisted|p1a: Empoleon\n|-damage|p1a: Empoleon|77\/100\n|move|p1a: Empoleon|Ice Beam|p2a: Pip\n|-resisted|p2a: Pip\n|-damage|p2a: Pip|73\/100\n|\n|-weather|RainDance|[upkeep]\n|-heal|p2a: Pip|79\/100|[from] Grassy Terrain\n|-heal|p1a: Empoleon|83\/100|[from] Grassy Terrain\n|-heal|p1a: Empoleon|89\/100|[from] item: Leftovers\n|-fieldend|move: Grassy Terrain\n|upkeep\n|turn|15\n|\n|t:|1701047148\n|move|p2a: Pip|Hurricane|p1a: Empoleon\n|-resisted|p1a: Empoleon\n|-damage|p1a: Empoleon|65\/100\n|-start|p1a: Empoleon|confusion\n|-activate|p1a: Empoleon|confusion\n|-damage|p1a: Empoleon|57\/100|[from] confusion\n|\n|-weather|RainDance|[upkeep]\n|-heal|p1a: Empoleon|63\/100|[from] item: Leftovers\n|upkeep\n|turn|16\n|\n|t:|1701047154\n|move|p2a: Pip|Hurricane|p1a: Empoleon\n|-resisted|p1a: Empoleon\n|-damage|p1a: Empoleon|37\/100\n|-activate|p1a: Empoleon|confusion\n|move|p1a: Empoleon|Roost|p1a: Empoleon\n|-heal|p1a: Empoleon|87\/100\n|\n|-weather|none\n|-heal|p1a: Empoleon|93\/100|[from] item: Leftovers\n|upkeep\n|turn|17\n|\n|t:|1701047171\n|move|p2a: Pip|Roost|p2a: Pip\n|-heal|p2a: Pip|100\/100\n|-activate|p1a: Empoleon|confusion\n|move|p1a: Empoleon|Ice Beam|p2a: Pip\n|-resisted|p2a: Pip\n|-damage|p2a: Pip|76\/100\n|\n|-heal|p1a: Empoleon|99\/100|[from] item: Leftovers\n|upkeep\n|turn|18\n|\n|t:|1701047182\n|switch|p2a: Bear|Politoed, F, shiny|100\/100\n|-weather|RainDance|[from] ability: Drizzle|[of] p2a: Bear\n|-activate|p1a: Empoleon|confusion\n|-damage|p1a: Empoleon|91\/100|[from] confusion\n|\n|-weather|RainDance|[upkeep]\n|-heal|p1a: Empoleon|98\/100|[from] item: Leftovers\n|upkeep\n|turn|19\n|\n|t:|1701047214\n|switch|p1a: Rillaboom|Rillaboom, F|90\/100\n|-fieldstart|move: Grassy Terrain|[from] ability: Grassy Surge|[of] p1a: Rillaboom\n|switch|p2a: Pip|Kilowattrel, M, tera:Water|76\/100\n|\n|-weather|RainDance|[upkeep]\n|-heal|p2a: Pip|82\/100|[from] Grassy Terrain\n|-heal|p1a: Rillaboom|96\/100|[from] Grassy Terrain\n|upkeep\n|turn|20\n|\n|t:|1701047246\n|switch|p2a: Pop|Tornadus-Therian, M|100\/100\n|move|p1a: Rillaboom|Grassy Glide|p2a: Pop\n|-resisted|p2a: Pop\n|-crit|p2a: Pop\n|-damage|p2a: Pop|37\/100\n|\n|-weather|RainDance|[upkeep]\n|-heal|p1a: Rillaboom|100\/100|[from] Grassy Terrain\n|upkeep\n|turn|21\n|j| Swagadile\n|\n|t:|1701047317\n|move|p1a: Rillaboom|Grassy Glide|p2a: Pop\n|-resisted|p2a: Pop\n|-damage|p2a: Pop|0 fnt\n|faint|p2a: Pop\n|\n|-weather|RainDance|[upkeep]\n|upkeep\n|\n|t:|1701047327\n|switch|p2a: Ursa|Overqwil, F|35\/100\n|turn|22\n|\n|t:|1701047399\n|switch|p1a: Mamoswine|Mamoswine, M|100\/100\n|move|p2a: Ursa|Gunk Shot|p1a: Mamoswine\n|-resisted|p1a: Mamoswine\n|-damage|p1a: Mamoswine|50\/100\n|-status|p1a: Mamoswine|psn\n|\n|-weather|RainDance|[upkeep]\n|-heal|p2a: Ursa|41\/100|[from] Grassy Terrain\n|-heal|p1a: Mamoswine|56\/100 psn|[from] Grassy Terrain\n|-damage|p1a: Mamoswine|44\/100 psn|[from] psn\n|upkeep\n|turn|23\n|\n|t:|1701047420\n|move|p2a: Ursa|Gunk Shot|p1a: Mamoswine\n|-resisted|p1a: Mamoswine\n|-crit|p1a: Mamoswine\n|-damage|p1a: Mamoswine|0 fnt\n|faint|p1a: Mamoswine\n|\n|-weather|RainDance|[upkeep]\n|-heal|p2a: Ursa|47\/100|[from] Grassy Terrain\n|-fieldend|move: Grassy Terrain\n|upkeep\n|\n|t:|1701047426\n|switch|p1a: Raichu|Raichu, F|100\/100\n|turn|24\n|l| Swagadile\n|\n|t:|1701047477\n|switch|p2a: Pip|Kilowattrel, M, tera:Water|82\/100\n|move|p1a: Raichu|Thunder|p2a: Pip\n|-heal|p2a: Pip|100\/100|[from] ability: Volt Absorb|[of] p1a: Raichu\n|\n|-weather|RainDance|[upkeep]\n|upkeep\n|turn|25\n|\n|t:|1701047510\n|move|p2a: Pip|Hurricane|p1a: Raichu\n|-resisted|p1a: Raichu\n|-damage|p1a: Raichu|62\/100\n|move|p1a: Raichu|Grass Knot|p2a: Pip\n|-supereffective|p2a: Pip\n|-damage|p2a: Pip|45\/100\n|\n|-weather|none\n|upkeep\n|turn|26\n|\n|t:|1701047536\n|move|p2a: Pip|U-turn|p1a: Raichu\n|-damage|p1a: Raichu|38\/100\n|\n|t:|1701047592\n|switch|p2a: Bear|Politoed, F, shiny|100\/100|[from] U-turn\n|-weather|RainDance|[from] ability: Drizzle|[of] p2a: Bear\n|move|p1a: Raichu|Nasty Plot|p1a: Raichu\n|-boost|p1a: Raichu|spa|2\n|\n|-weather|RainDance|[upkeep]\n|upkeep\n|turn|27\n|\n|t:|1701047674\n|move|p1a: Raichu|Surf|p2a: Bear\n|-resisted|p2a: Bear\n|-damage|p2a: Bear|67\/100\n|move|p2a: Bear|Haze|p2a: Bear\n|-clearallboost\n|\n|-weather|RainDance|[upkeep]\n|upkeep\n|turn|28\n|\n|t:|1701047734\n|move|p1a: Raichu|Surf|p2a: Bear\n|-resisted|p2a: Bear\n|-damage|p2a: Bear|50\/100\n|move|p2a: Bear|Encore|p1a: Raichu\n|-start|p1a: Raichu|Encore\n|\n|-weather|RainDance|[upkeep]\n|upkeep\n|turn|29\n|\n|t:|1701047750\n|switch|p2a: Tutter|Manaphy, shiny|89\/100\n|move|p1a: Raichu|Surf|p2a: Tutter\n|-resisted|p2a: Tutter\n|-crit|p2a: Tutter\n|-damage|p2a: Tutter|65\/100\n|\n|-weather|RainDance|[upkeep]\n|-heal|p2a: Tutter|71\/100|[from] item: Leftovers\n|upkeep\n|turn|30\n|\n|t:|1701047821\n|switch|p1a: Rillaboom|Rillaboom, F|100\/100\n|-fieldstart|move: Grassy Terrain|[from] ability: Grassy Surge|[of] p1a: Rillaboom\n|move|p2a: Tutter|Take Heart|p2a: Tutter\n|-boost|p2a: Tutter|spa|1\n|-boost|p2a: Tutter|spd|1\n|\n|-weather|RainDance|[upkeep]\n|-heal|p2a: Tutter|77\/100|[from] Grassy Terrain\n|-heal|p2a: Tutter|84\/100|[from] item: Leftovers\n|upkeep\n|turn|31\n|\n|t:|1701047929\n|move|p1a: Rillaboom|Grassy Glide|p2a: Tutter\n|-supereffective|p2a: Tutter\n|-damage|p2a: Tutter|7\/100\n|move|p2a: Tutter|Rest|p2a: Tutter\n|-status|p2a: Tutter|slp|[from] move: Rest\n|-heal|p2a: Tutter|100\/100 slp|[silent]\n|\n|-weather|RainDance|[upkeep]\n|-activate|p2a: Tutter|ability: Hydration\n|-curestatus|p2a: Tutter|slp|[msg]\n|upkeep\n|turn|32\n|\n|t:|1701047976\n|move|p1a: Rillaboom|Grassy Glide|p2a: Tutter\n|-supereffective|p2a: Tutter\n|-damage|p2a: Tutter|17\/100\n|move|p2a: Tutter|Rest|p2a: Tutter\n|-status|p2a: Tutter|slp|[from] move: Rest\n|-heal|p2a: Tutter|100\/100 slp|[silent]\n|\n|-weather|RainDance|[upkeep]\n|-activate|p2a: Tutter|ability: Hydration\n|-curestatus|p2a: Tutter|slp|[msg]\n|upkeep\n|turn|33\n|\n|t:|1701048016\n|switch|p2a: Ursa|Overqwil, F|47\/100\n|move|p1a: Rillaboom|Grassy Glide|p2a: Ursa\n|-resisted|p2a: Ursa\n|-damage|p2a: Ursa|18\/100\n|\n|-weather|none\n|-heal|p2a: Ursa|24\/100|[from] Grassy Terrain\n|upkeep\n|turn|34\n|\n|t:|1701048023\n|switch|p2a: Bear|Politoed, F, shiny|50\/100\n|-weather|RainDance|[from] ability: Drizzle|[of] p2a: Bear\n|move|p1a: Rillaboom|Grassy Glide|p2a: Bear\n|-supereffective|p2a: Bear\n|-damage|p2a: Bear|0 fnt\n|faint|p2a: Bear\n|\n|-weather|RainDance|[upkeep]\n|-fieldend|move: Grassy Terrain\n|upkeep\n|\n|t:|1701048032\n|switch|p2a: Ursa|Overqwil, F|24\/100\n|turn|35\n|\n|t:|1701048054\n|switch|p1a: Raichu|Raichu, F|38\/100\n|move|p2a: Ursa|Destiny Bond|p2a: Ursa\n|-singlemove|p2a: Ursa|Destiny Bond\n|\n|-weather|RainDance|[upkeep]\n|upkeep\n|turn|36\n|\n|t:|1701048110\n|switch|p2a: Tutter|Manaphy, shiny|100\/100\n|move|p1a: Raichu|Nasty Plot|p1a: Raichu\n|-boost|p1a: Raichu|spa|2\n|\n|-weather|RainDance|[upkeep]\n|upkeep\n|turn|37\n|j| Swagadile\n|\n|t:|1701048158\n|move|p1a: Raichu|Surf|p2a: Tutter\n|-resisted|p2a: Tutter\n|-damage|p2a: Tutter|71\/100\n|move|p2a: Tutter|Take Heart|p2a: Tutter\n|-boost|p2a: Tutter|spa|1\n|-boost|p2a: Tutter|spd|1\n|\n|-weather|RainDance|[upkeep]\n|-heal|p2a: Tutter|77\/100|[from] item: Leftovers\n|upkeep\n|turn|38\n|\n|t:|1701048196\n|move|p1a: Raichu|Thunder|p2a: Tutter\n|-supereffective|p2a: Tutter\n|-damage|p2a: Tutter|0 fnt\n|faint|p2a: Tutter\n|\n|-weather|RainDance|[upkeep]\n|upkeep\n|\n|t:|1701048201\n|switch|p2a: Pip|Kilowattrel, M, tera:Water|45\/100\n|turn|39\n|c|\u2606MonkeyManStan|ah, ggs man!\n|\n|t:|1701048214\n|move|p2a: Pip|Hurricane|p1a: Raichu\n|-resisted|p1a: Raichu\n|-damage|p1a: Raichu|0 fnt\n|faint|p1a: Raichu\n|\n|-weather|RainDance|[upkeep]\n|upkeep\n|\n|t:|1701048223\n|switch|p1a: Rillaboom|Rillaboom, F|100\/100\n|-fieldstart|move: Grassy Terrain|[from] ability: Grassy Surge|[of] p1a: Rillaboom\n|turn|40\n|\n|t:|1701048229\n|move|p1a: Rillaboom|Grassy Glide|p2a: Pip\n|-supereffective|p2a: Pip\n|-damage|p2a: Pip|0 fnt\n|faint|p2a: Pip\n|\n|-weather|RainDance|[upkeep]\n|upkeep\n|c|\u2606zLayton|gg\n|\n|t:|1701048231\n|switch|p2a: Ursa|Overqwil, F|24\/100\n|turn|41\n|\n|t:|1701048238\n|move|p1a: Rillaboom|Grassy Glide|p2a: Ursa\n|-resisted|p2a: Ursa\n|-damage|p2a: Ursa|0 fnt\n|faint|p2a: Ursa\n|\n|win|zLayton\n|l| Swagadile\n|l| Seior\n|l| TheOtakuOutcast\n","uploadtime":1701048241,"views":18,"p1id":"zlayton","p2id":"monkeymanstan","formatid":"gen9ubers","rating":0,"private":0,"password":""}