{"id":"gen9ubers-1984828028","p1":"gottagonotsofast","p2":"RiddleDog","format":"[Gen 9] Ubers","log":"|j|\u2606gottagonotsofast\n|j|\u2606RiddleDog\n|t:|1699302416\n|gametype|singles\n|player|p1|gottagonotsofast|169|\n|player|p2|RiddleDog|dawn-gen4pt|\n|teamsize|p1|6\n|teamsize|p2|6\n|gen|9\n|tier|[Gen 9] Ubers\n|rule|Sleep Clause Mod: Limit one foe put to sleep\n|rule|Species Clause: Limit one of each Pok\u00e9mon\n|rule|OHKO Clause: OHKO moves are banned\n|rule|Evasion Items Clause: Evasion items are banned\n|rule|Evasion Moves Clause: Evasion moves are banned\n|rule|Endless Battle Clause: Forcing endless battles is banned\n|rule|HP Percentage Mod: HP is shown in percentages\n|clearpoke\n|poke|p1|Kingambit, F|\n|poke|p1|Ribombee, F|\n|poke|p1|Moltres|\n|poke|p1|Ogerpon-Wellspring, F|\n|poke|p1|Poliwrath, F|\n|poke|p1|Landorus, M|\n|poke|p2|Chi-Yu|\n|poke|p2|Meowscarada, M|\n|poke|p2|Iron Treads|\n|poke|p2|Zoroark-Hisui, M|\n|poke|p2|Kleavor, F|\n|poke|p2|Vaporeon, F|\n|teampreview\n|j| rustygoomba\n|\n|t:|1699302456\n|start\n|switch|p1a: Landorus|Landorus, M|100\/100\n|switch|p2a: DA CLEAVAH|Kleavor, F|100\/100\n|turn|1\n|\n|t:|1699302470\n|switch|p2a: cat|Vaporeon, F|100\/100\n|move|p1a: Landorus|Earth Power|p2a: cat\n|-damage|p2a: cat|52\/100\n|\n|-heal|p2a: cat|58\/100|[from] item: Leftovers\n|upkeep\n|turn|2\n|\n|t:|1699302490\n|switch|p1a: Poliwrath|Poliwrath, F|100\/100\n|move|p2a: cat|Blizzard|p1a: Poliwrath|[miss]\n|-miss|p2a: cat|p1a: Poliwrath\n|\n|-heal|p2a: cat|65\/100|[from] item: Leftovers\n|upkeep\n|turn|3\n|\n|t:|1699302522\n|switch|p2a: Morgana|Meowscarada, M, shiny|100\/100\n|move|p1a: Poliwrath|Close Combat|p2a: Morgana\n|-immune|p2a: Morgana\n|\n|upkeep\n|turn|4\n|c| rustygoomba|i think its meowscarada!!!\n|\n|t:|1699302554\n|switch|p2a: DA CLEAVAH|Kleavor, F|100\/100\n|move|p1a: Poliwrath|Liquidation|p2a: DA CLEAVAH\n|-supereffective|p2a: DA CLEAVAH\n|-damage|p2a: DA CLEAVAH|4\/100\n|-unboost|p2a: DA CLEAVAH|def|1\n|\n|upkeep\n|turn|5\n|\n|t:|1699302570\n|move|p2a: DA CLEAVAH|Stone Axe|p1a: Poliwrath\n|-resisted|p1a: Poliwrath\n|-damage|p1a: Poliwrath|77\/100\n|-sidestart|p1: gottagonotsofast|move: Stealth Rock\n|move|p1a: Poliwrath|Drain Punch|p2a: DA CLEAVAH\n|-damage|p2a: DA CLEAVAH|0 fnt\n|-heal|p1a: Poliwrath|78\/100|[from] drain|[of] p2a: DA CLEAVAH\n|faint|p2a: DA CLEAVAH\n|\n|upkeep\n|\n|t:|1699302577\n|switch|p2a: Morgana|Meowscarada, M, shiny|100\/100\n|turn|6\n|\n|t:|1699302611\n|switch|p1a: Moltres|Moltres|100\/100\n|move|p2a: Morgana|Flower Trick|p1a: Moltres\n|-start|p2a: Morgana|typechange|Grass|[from] ability: Protean\n|-resisted|p1a: Moltres\n|-crit|p1a: Moltres\n|-damage|p1a: Moltres|81\/100\n|\n|upkeep\n|turn|7\n|c| rustygoomba|i think this one is the fake one\n|c|\u2606RiddleDog|I agree\n|\n|t:|1699302640\n|switch|p2a: cat|Vaporeon, F|65\/100\n|move|p1a: Moltres|Flamethrower|p2a: cat\n|-resisted|p2a: cat\n|-damage|p2a: cat|51\/100\n|\n|-heal|p2a: cat|57\/100|[from] item: Leftovers\n|upkeep\n|turn|8\n|\n|t:|1699302652\n|switch|p1a: Ogerpon|Ogerpon-Wellspring, F|100\/100\n|-damage|p1a: Ogerpon|88\/100|[from] Stealth Rock\n|move|p2a: cat|Wish|p2a: cat\n|\n|-heal|p2a: cat|64\/100|[from] item: Leftovers\n|upkeep\n|turn|9\n|\n|t:|1699302676\n|move|p2a: cat|Protect|p2a: cat\n|-singleturn|p2a: cat|Protect\n|move|p1a: Ogerpon|Swords Dance|p1a: Ogerpon\n|-boost|p1a: Ogerpon|atk|2\n|\n|-heal|p2a: cat|100\/100|[from] move: Wish|[wisher] cat\n|upkeep\n|turn|10\n|\n|t:|1699302714\n|switch|p2a: Morgana|Meowscarada, M, shiny|100\/100\n|move|p1a: Ogerpon|Knock Off|p2a: Morgana\n|-resisted|p2a: Morgana\n|-damage|p2a: Morgana|46\/100\n|-enditem|p2a: Morgana|Choice Band|[from] move: Knock Off|[of] p1a: Ogerpon\n|\n|upkeep\n|turn|11\n|\n|t:|1699302740\n|move|p2a: Morgana|U-turn|p1a: Ogerpon\n|-start|p2a: Morgana|typechange|Bug|[from] ability: Protean\n|-supereffective|p1a: Ogerpon\n|-damage|p1a: Ogerpon|0 fnt\n|faint|p1a: Ogerpon\n|\n|t:|1699302768\n|switch|p2a: Matthew|Chi-Yu|100\/100|[from] U-turn\n|\n|upkeep\n|\n|t:|1699302780\n|switch|p1a: Poliwrath|Poliwrath, F|78\/100\n|-damage|p1a: Poliwrath|72\/100|[from] Stealth Rock\n|turn|12\n|\n|t:|1699302793\n|move|p2a: Matthew|Shadow Ball|p1a: Poliwrath\n|-damage|p1a: Poliwrath|45\/100\n|-unboost|p1a: Poliwrath|spd|1\n|move|p1a: Poliwrath|Liquidation|p2a: Matthew\n|-damage|p2a: Matthew|25\/100\n|replace|p2a: Henri|Zoroark-Hisui, M\n|-end|p2a: Henri|Illusion\n|\n|upkeep\n|turn|13\n|c| rustygoomba|HENRI HOW COULD YOU\n|\n|t:|1699302814\n|switch|p1a: Moltres|Moltres|81\/100\n|move|p2a: Henri|Shadow Ball|p1a: Moltres\n|-damage|p1a: Moltres|48\/100\n|\n|upkeep\n|turn|14\n|\n|t:|1699302828\n|switch|p2a: Matthew|Chi-Yu|100\/100\n|-ability|p2a: Matthew|Beads of Ruin\n|move|p1a: Moltres|Roost|p1a: Moltres\n|-heal|p1a: Moltres|98\/100\n|-singleturn|p1a: Moltres|move: Roost\n|\n|upkeep\n|turn|15\n|\n|t:|1699302839\n|move|p2a: Matthew|Dark Pulse|p1a: Moltres\n|-damage|p1a: Moltres|56\/100\n|move|p1a: Moltres|Hurricane|p2a: Matthew\n|-damage|p2a: Matthew|46\/100\n|\n|upkeep\n|turn|16\n|\n|t:|1699302873\n|switch|p2a: cat|Vaporeon, F|100\/100\n|move|p1a: Moltres|Roost|p1a: Moltres\n|-heal|p1a: Moltres|100\/100\n|-singleturn|p1a: Moltres|move: Roost\n|\n|upkeep\n|turn|17\n|\n|t:|1699302894\n|switch|p1a: Poliwrath|Poliwrath, F|45\/100\n|-damage|p1a: Poliwrath|39\/100|[from] Stealth Rock\n|move|p2a: cat|Blizzard|p1a: Poliwrath|[miss]\n|-miss|p2a: cat|p1a: Poliwrath\n|\n|upkeep\n|turn|18\n|j| RektCactus\n|\n|t:|1699302911\n|move|p1a: Poliwrath|Drain Punch|p2a: cat\n|-damage|p2a: cat|71\/100\n|-heal|p1a: Poliwrath|57\/100|[from] drain|[of] p2a: cat\n|move|p2a: cat|Blizzard|p1a: Poliwrath\n|-resisted|p1a: Poliwrath\n|-damage|p1a: Poliwrath|48\/100\n|\n|-heal|p2a: cat|77\/100|[from] item: Leftovers\n|upkeep\n|turn|19\n|c| rustygoomba|something like 3 times\n|\n|t:|1699302955\n|switch|p2a: Ralph|Iron Treads|100\/100\n|-enditem|p2a: Ralph|Booster Energy\n|-activate|p2a: Ralph|ability: Quark Drive|[fromitem]\n|-start|p2a: Ralph|quarkdrivespe\n|move|p1a: Poliwrath|Drain Punch|p2a: Ralph\n|-supereffective|p2a: Ralph\n|-damage|p2a: Ralph|42\/100\n|-heal|p1a: Poliwrath|73\/100|[from] drain|[of] p2a: Ralph\n|\n|upkeep\n|turn|20\n|l| RektCactus\n|\n|t:|1699302994\n|move|p2a: Ralph|Earthquake|p1a: Poliwrath\n|-damage|p1a: Poliwrath|32\/100\n|move|p1a: Poliwrath|Liquidation|p2a: Ralph\n|-supereffective|p2a: Ralph\n|-damage|p2a: Ralph|0 fnt\n|faint|p2a: Ralph\n|-end|p2a: Ralph|Quark Drive|[silent]\n|\n|upkeep\n|\n|t:|1699303049\n|switch|p2a: Matthew|Chi-Yu|46\/100\n|-ability|p2a: Matthew|Beads of Ruin\n|turn|21\n|c| rustygoomba|the numbers indicate differently as well\n|\n|t:|1699303119\n|move|p2a: Matthew|Dark Pulse|p1a: Poliwrath\n|-resisted|p1a: Poliwrath\n|-damage|p1a: Poliwrath|13\/100\n|move|p1a: Poliwrath|Drain Punch|p2a: Matthew\n|-supereffective|p2a: Matthew\n|-crit|p2a: Matthew\n|-damage|p2a: Matthew|0 fnt\n|-heal|p1a: Poliwrath|28\/100|[from] drain|[of] p2a: Matthew\n|faint|p2a: Matthew\n|\n|upkeep\n|\n|t:|1699303131\n|switch|p2a: Morgana|Meowscarada, M, shiny|46\/100\n|turn|22\n|\n|t:|1699303145\n|switch|p1a: Moltres|Moltres|100\/100\n|move|p2a: Morgana|Knock Off|p1a: Moltres\n|-start|p2a: Morgana|typechange|Dark|[from] ability: Protean\n|-damage|p1a: Moltres|57\/100\n|-enditem|p1a: Moltres|Heavy-Duty Boots|[from] move: Knock Off|[of] p2a: Morgana\n|\n|upkeep\n|turn|23\n|\n|t:|1699303174\n|move|p2a: Morgana|Knock Off|p1a: Moltres\n|-damage|p1a: Moltres|26\/100\n|-status|p2a: Morgana|brn|[from] ability: Flame Body|[of] p1a: Moltres\n|move|p1a: Moltres|Roost|p1a: Moltres\n|-heal|p1a: Moltres|76\/100\n|-singleturn|p1a: Moltres|move: Roost\n|\n|-damage|p2a: Morgana|39\/100 brn|[from] brn\n|upkeep\n|turn|24\n|\n|t:|1699303209\n|switch|p2a: cat|Vaporeon, F|77\/100\n|move|p1a: Moltres|Flamethrower|p2a: cat\n|-resisted|p2a: cat\n|-damage|p2a: cat|64\/100\n|-status|p2a: cat|brn\n|\n|-heal|p2a: cat|70\/100 brn|[from] item: Leftovers\n|-damage|p2a: cat|64\/100 brn|[from] brn\n|upkeep\n|turn|25\n|\n|t:|1699303224\n|switch|p1a: Poliwrath|Poliwrath, F|28\/100\n|-damage|p1a: Poliwrath|21\/100|[from] Stealth Rock\n|move|p2a: cat|Scald|p1a: Poliwrath\n|-heal|p1a: Poliwrath|46\/100|[from] ability: Water Absorb|[of] p2a: cat\n|\n|-heal|p2a: cat|70\/100 brn|[from] item: Leftovers\n|-damage|p2a: cat|64\/100 brn|[from] brn\n|upkeep\n|turn|26\n|\n|t:|1699303234\n|move|p1a: Poliwrath|Close Combat|p2a: cat\n|-damage|p2a: cat|20\/100 brn\n|-unboost|p1a: Poliwrath|def|1\n|-unboost|p1a: Poliwrath|spd|1\n|move|p2a: cat|Blizzard|p1a: Poliwrath\n|-resisted|p1a: Poliwrath\n|-damage|p1a: Poliwrath|33\/100\n|\n|-heal|p2a: cat|26\/100 brn|[from] item: Leftovers\n|-damage|p2a: cat|20\/100 brn|[from] brn\n|upkeep\n|turn|27\n|\n|t:|1699303244\n|move|p1a: Poliwrath|Drain Punch|p2a: cat\n|-damage|p2a: cat|0 fnt\n|-heal|p1a: Poliwrath|45\/100|[from] drain|[of] p2a: cat\n|faint|p2a: cat\n|\n|upkeep\n|\n|t:|1699303247\n|switch|p2a: Morgana|Meowscarada, M, shiny|25\/100\n|turn|28\n|\n|t:|1699303255\n|switch|p1a: Moltres|Moltres|76\/100\n|-damage|p1a: Moltres|26\/100|[from] Stealth Rock\n|move|p2a: Morgana|Shadow Ball|p1a: Moltres\n|-damage|p1a: Moltres|0 fnt\n|faint|p1a: Moltres\n|\n|upkeep\n|\n|t:|1699303262\n|switch|p1a: Ribombee|Ribombee, F|100\/100\n|-damage|p1a: Ribombee|76\/100|[from] Stealth Rock\n|turn|29\n|\n|t:|1699303267\n|move|p1a: Ribombee|Moonblast|p2a: Morgana\n|-damage|p2a: Morgana|0 fnt\n|replace|p2a: Henri|Zoroark-Hisui, M\n|-end|p2a: Henri|Illusion\n|faint|p2a: Henri\n|\n|upkeep\n|\n|t:|1699303277\n|switch|p2a: Morgana|Meowscarada, M, shiny|39\/100 brn\n|turn|30\n|\n|t:|1699303282\n|move|p1a: Ribombee|Moonblast|p2a: Morgana\n|-supereffective|p2a: Morgana\n|-damage|p2a: Morgana|0 fnt\n|faint|p2a: Morgana\n|\n|win|gottagonotsofast\n","uploadtime":1699303288,"views":5,"p1id":"gottagonotsofast","p2id":"riddledog","formatid":"gen9ubers","rating":0,"private":0,"password":""}