{"id":"gen9ubers-1992392164","p1":"Anne Frankkkk","p2":"Kyekep","format":"[Gen 9] Ubers","log":"|j|\u2606Anne Frankkkk\n|j|\u2606Kyekep\n|t:|1700182241\n|gametype|singles\n|player|p1|Anne Frankkkk|hilbert|1210\n|player|p2|Kyekep|unknown|1347\n|teamsize|p1|6\n|teamsize|p2|6\n|gen|9\n|tier|[Gen 9] Ubers\n|rated|\n|rule|Sleep Clause Mod: Limit one foe put to sleep\n|rule|Species Clause: Limit one of each Pok\u00e9mon\n|rule|OHKO Clause: OHKO moves are banned\n|rule|Evasion Items Clause: Evasion items are banned\n|rule|Evasion Moves Clause: Evasion moves are banned\n|rule|Endless Battle Clause: Forcing endless battles is banned\n|rule|HP Percentage Mod: HP is shown in percentages\n|clearpoke\n|poke|p1|Regieleki|\n|poke|p1|Kyogre|\n|poke|p1|Chien-Pao|\n|poke|p1|Ribombee, F|\n|poke|p1|Miraidon|\n|poke|p1|Flutter Mane|\n|poke|p2|Ogerpon-Hearthflame, F|\n|poke|p2|Ting-Lu|\n|poke|p2|Palkia-Origin|\n|poke|p2|Arceus-Ground|\n|poke|p2|Groudon|\n|poke|p2|Chi-Yu|\n|teampreview\n|inactive|Battle timer is ON: inactive players will automatically lose when time's up. (requested by Kyekep)\n|\n|t:|1700182246\n|start\n|switch|p1a: Moonblast|Ribombee, F, shiny|100\/100\n|switch|p2a: Ogerpon|Ogerpon-Hearthflame, F|100\/100\n|-ability|p2a: Ogerpon|Mold Breaker\n|turn|1\n|\n|t:|1700182250\n|move|p1a: Moonblast|Sticky Web|p2a: Ogerpon\n|-sidestart|p2: Kyekep|move: Sticky Web\n|move|p2a: Ogerpon|Ivy Cudgel|p1a: Moonblast|[anim] Ivy Cudgel Fire\n|-supereffective|p1a: Moonblast\n|-enditem|p1a: Moonblast|Focus Sash\n|-damage|p1a: Moonblast|1\/100\n|\n|upkeep\n|turn|2\n|\n|t:|1700182256\n|move|p1a: Moonblast|Stun Spore|p2a: Ogerpon\n|-immune|p2a: Ogerpon\n|move|p2a: Ogerpon|Ivy Cudgel|p1a: Moonblast|[anim] Ivy Cudgel Fire\n|-supereffective|p1a: Moonblast\n|-damage|p1a: Moonblast|0 fnt\n|faint|p1a: Moonblast\n|\n|upkeep\n|\n|t:|1700182262\n|switch|p1a: Misdreavius|Flutter Mane, shiny|100\/100\n|-enditem|p1a: Misdreavius|Booster Energy\n|-activate|p1a: Misdreavius|ability: Protosynthesis|[fromitem]\n|-start|p1a: Misdreavius|protosynthesisspe\n|turn|3\n|\n|t:|1700182265\n|move|p1a: Misdreavius|Power Gem|p2a: Ogerpon\n|-supereffective|p2a: Ogerpon\n|-damage|p2a: Ogerpon|28\/100\n|move|p2a: Ogerpon|Power Whip|p1a: Misdreavius\n|-damage|p1a: Misdreavius|0 fnt\n|faint|p1a: Misdreavius\n|-end|p1a: Misdreavius|Protosynthesis|[silent]\n|\n|upkeep\n|\n|t:|1700182268\n|switch|p1a: Regieleki|Regieleki, shiny|100\/100\n|turn|4\n|\n|t:|1700182271\n|move|p1a: Regieleki|Volt Switch|p2a: Ogerpon\n|-resisted|p2a: Ogerpon\n|-damage|p2a: Ogerpon|2\/100\n|\n|t:|1700182275\n|switch|p1a: Cyber Lizard|Miraidon|100\/100|[from] Volt Switch\n|-fieldstart|move: Electric Terrain|[from] ability: Hadron Engine|[of] p1a: Cyber Lizard\n|-item|p1a: Cyber Lizard|Air Balloon\n|move|p2a: Ogerpon|Ivy Cudgel|p1a: Cyber Lizard|[anim] Ivy Cudgel Fire\n|-resisted|p1a: Cyber Lizard\n|-damage|p1a: Cyber Lizard|71\/100\n|-enditem|p1a: Cyber Lizard|Air Balloon\n|\n|upkeep\n|turn|5\n|\n|t:|1700182279\n|move|p1a: Cyber Lizard|Electro Drift|p2a: Ogerpon\n|-resisted|p2a: Ogerpon\n|-damage|p2a: Ogerpon|0 fnt\n|faint|p2a: Ogerpon\n|\n|upkeep\n|\n|t:|1700182283\n|switch|p2a: Groudon|Groudon|100\/100\n|-activate|p2a: Groudon|move: Sticky Web\n|-unboost|p2a: Groudon|spe|1\n|-weather|SunnyDay|[from] ability: Drought|[of] p2a: Groudon\n|turn|6\n|\n|t:|1700182287\n|move|p1a: Cyber Lizard|Dragon Pulse|p2a: Groudon\n|-damage|p2a: Groudon|33\/100\n|move|p2a: Groudon|Precipice Blades|p1a: Cyber Lizard\n|-supereffective|p1a: Cyber Lizard\n|-damage|p1a: Cyber Lizard|0 fnt\n|faint|p1a: Cyber Lizard\n|\n|-weather|SunnyDay|[upkeep]\n|-heal|p2a: Groudon|39\/100|[from] item: Leftovers\n|upkeep\n|\n|t:|1700182291\n|switch|p1a: OHKO|Kyogre|100\/100\n|-weather|RainDance|[from] ability: Drizzle|[of] p1a: OHKO\n|turn|7\n|\n|t:|1700182295\n|switch|p2a: Palkia|Palkia-Origin|100\/100\n|-activate|p2a: Palkia|move: Sticky Web\n|-unboost|p2a: Palkia|spe|1\n|-ability|p2a: Palkia|Pressure\n|move|p1a: OHKO|Water Spout|p2a: Palkia\n|-resisted|p2a: Palkia\n|-damage|p2a: Palkia|60\/100\n|\n|-weather|RainDance|[upkeep]\n|upkeep\n|turn|8\n|\n|t:|1700182303\n|-terastallize|p1a: OHKO|Water\n|move|p1a: OHKO|Water Spout|p2a: Palkia\n|-resisted|p2a: Palkia\n|-damage|p2a: Palkia|0 fnt\n|faint|p2a: Palkia\n|\n|-weather|RainDance|[upkeep]\n|-fieldend|move: Electric Terrain\n|upkeep\n|\n|t:|1700182308\n|switch|p2a: Groudon|Groudon|39\/100\n|-activate|p2a: Groudon|move: Sticky Web\n|-unboost|p2a: Groudon|spe|1\n|-weather|SunnyDay|[from] ability: Drought|[of] p2a: Groudon\n|turn|9\n|\n|t:|1700182313\n|move|p1a: OHKO|Water Spout|p2a: Groudon\n|-supereffective|p2a: Groudon\n|-damage|p2a: Groudon|0 fnt\n|faint|p2a: Groudon\n|\n|-weather|SunnyDay|[upkeep]\n|upkeep\n|\n|t:|1700182326\n|switch|p2a: Arceus|Arceus-Ground|100\/100\n|-activate|p2a: Arceus|move: Sticky Web\n|-unboost|p2a: Arceus|spe|1\n|turn|10\n|\n|t:|1700182330\n|switch|p1a: Regieleki|Regieleki, shiny|100\/100\n|-terastallize|p2a: Arceus|Steel\n|move|p2a: Arceus|Thunder Wave|p1a: Regieleki\n|-immune|p1a: Regieleki\n|\n|-weather|SunnyDay|[upkeep]\n|upkeep\n|turn|11\n|\n|t:|1700182335\n|move|p1a: Regieleki|Thunderbolt|p2a: Arceus\n|-damage|p2a: Arceus|66\/100\n|move|p2a: Arceus|Judgment|p1a: Regieleki\n|-supereffective|p1a: Regieleki\n|-enditem|p1a: Regieleki|Focus Sash\n|-damage|p1a: Regieleki|1\/100\n|\n|-weather|SunnyDay|[upkeep]\n|upkeep\n|turn|12\n|\n|t:|1700182338\n|move|p1a: Regieleki|Thunderbolt|p2a: Arceus\n|-damage|p2a: Arceus|27\/100\n|move|p2a: Arceus|Recover|p2a: Arceus\n|-heal|p2a: Arceus|77\/100\n|\n|-weather|SunnyDay|[upkeep]\n|upkeep\n|turn|13\n|\n|t:|1700182341\n|switch|p2a: Ting-Lu|Ting-Lu|100\/100\n|-activate|p2a: Ting-Lu|move: Sticky Web\n|-unboost|p2a: Ting-Lu|spe|1\n|-ability|p2a: Ting-Lu|Vessel of Ruin\n|move|p1a: Regieleki|Thunderbolt|p2a: Ting-Lu\n|-immune|p2a: Ting-Lu\n|\n|-weather|none\n|upkeep\n|turn|14\n|\n|t:|1700182347\n|move|p1a: Regieleki|Rapid Spin|p2a: Ting-Lu\n|-crit|p2a: Ting-Lu\n|-damage|p2a: Ting-Lu|94\/100\n|-boost|p1a: Regieleki|spe|1\n|-damage|p1a: Regieleki|0 fnt|[from] item: Rocky Helmet|[of] p2a: Ting-Lu\n|faint|p1a: Regieleki\n|move|p2a: Ting-Lu|Earthquake|p1: Regieleki|[notarget]\n|-fail|p2a: Ting-Lu\n|\n|upkeep\n|\n|t:|1700182351\n|switch|p1a: OHKO|Kyogre, tera:Water|100\/100\n|-weather|RainDance|[from] ability: Drizzle|[of] p1a: OHKO\n|turn|15\n|\n|t:|1700182354\n|move|p1a: OHKO|Water Spout|p2a: Ting-Lu\n|-supereffective|p2a: Ting-Lu\n|-damage|p2a: Ting-Lu|0 fnt\n|faint|p2a: Ting-Lu\n|\n|-weather|RainDance|[upkeep]\n|upkeep\n|\n|t:|1700182357\n|switch|p2a: Arceus|Arceus-Ground, tera:Steel|77\/100\n|-activate|p2a: Arceus|move: Sticky Web\n|-unboost|p2a: Arceus|spe|1\n|turn|16\n|\n|t:|1700182359\n|move|p1a: OHKO|Water Spout|p2a: Arceus\n|-damage|p2a: Arceus|0 fnt\n|faint|p2a: Arceus\n|\n|-weather|RainDance|[upkeep]\n|upkeep\n|\n|t:|1700182364\n|switch|p2a: Chi-Yu|Chi-Yu|100\/100\n|-activate|p2a: Chi-Yu|move: Sticky Web\n|-unboost|p2a: Chi-Yu|spe|1\n|-ability|p2a: Chi-Yu|Beads of Ruin\n|turn|17\n|\n|t:|1700182366\n|move|p1a: OHKO|Water Spout|p2a: Chi-Yu\n|-supereffective|p2a: Chi-Yu\n|-damage|p2a: Chi-Yu|0 fnt\n|faint|p2a: Chi-Yu\n|\n|win|Anne Frankkkk\n|raw|Anne Frankkkk's rating: 1210 &rarr; <strong>1244<\/strong><br \/>(+34 for winning)\n|raw|Kyekep's rating: 1347 &rarr; <strong>1319<\/strong><br \/>(-28 for losing)\n|l|\u2606Kyekep\n","uploadtime":1700182374,"views":5,"p1id":"annefrankkkk","p2id":"kyekep","formatid":"gen9ubers","rating":1244,"private":0,"password":""}