{"id":"gen9ubers-1975583846","p1":"Bidy","p2":"ArmoredHedgehog","format":"[Gen 9] Ubers","log":"|j|\u2606Bidy\n|j|\u2606ArmoredHedgehog\n|t:|1698208226\n|gametype|singles\n|player|p1|Bidy|volkner|\n|player|p2|ArmoredHedgehog|policeman-gen4|\n|teamsize|p1|6\n|teamsize|p2|6\n|gen|9\n|tier|[Gen 9] Ubers\n|rule|Sleep Clause Mod: Limit one foe put to sleep\n|rule|Species Clause: Limit one of each Pok\u00e9mon\n|rule|OHKO Clause: OHKO moves are banned\n|rule|Evasion Items Clause: Evasion items are banned\n|rule|Evasion Moves Clause: Evasion moves are banned\n|rule|Endless Battle Clause: Forcing endless battles is banned\n|rule|HP Percentage Mod: HP is shown in percentages\n|clearpoke\n|poke|p1|Zoroark-Hisui, M|\n|poke|p1|Kleavor, F|\n|poke|p1|Iron Treads|\n|poke|p1|Hoopa|\n|poke|p1|Iron Valiant|\n|poke|p1|Gyarados, M|\n|poke|p2|Florges, F|\n|poke|p2|Salamence, F|\n|poke|p2|Scizor, F|\n|poke|p2|Skeledirge, F|\n|poke|p2|Kingambit, F|\n|poke|p2|Slowbro, F|\n|teampreview\n|j| SlyTheSplicer\n|c| SlyTheSplicer|all this talk and no greedent or mew smh\n|c| SlyTheSplicer|north saw the line about pokemon marriage\n|\n|t:|1698208347\n|start\n|switch|p1a: BEES (no epipen)|Kleavor, F|100\/100\n|switch|p2a: Flower Boy|Florges, F|100\/100\n|turn|1\n|\n|t:|1698208355\n|move|p2a: Flower Boy|Protect|p2a: Flower Boy\n|-singleturn|p2a: Flower Boy|Protect\n|move|p1a: BEES (no epipen)|Swords Dance|p1a: BEES (no epipen)\n|-boost|p1a: BEES (no epipen)|atk|2\n|\n|upkeep\n|turn|2\n|\n|t:|1698208367\n|move|p1a: BEES (no epipen)|Stone Axe|p2a: Flower Boy\n|-damage|p2a: Flower Boy|1\/100\n|-sidestart|p2: ArmoredHedgehog|move: Stealth Rock\n|move|p2a: Flower Boy|Moonblast|p1a: BEES (no epipen)\n|-damage|p1a: BEES (no epipen)|51\/100\n|-unboost|p1a: BEES (no epipen)|spa|1\n|\n|-heal|p2a: Flower Boy|7\/100|[from] item: Leftovers\n|upkeep\n|turn|3\n|\n|t:|1698208391\n|move|p1a: BEES (no epipen)|Trailblaze|p2a: Flower Boy\n|-damage|p2a: Flower Boy|0 fnt\n|-boost|p1a: BEES (no epipen)|spe|1\n|faint|p2a: Flower Boy\n|\n|upkeep\n|\n|t:|1698208399\n|switch|p2a: Scizor 1v11|Scizor, F|100\/100\n|-damage|p2a: Scizor 1v11|88\/100|[from] Stealth Rock\n|turn|4\n|\n|t:|1698208407\n|move|p2a: Scizor 1v11|Bullet Punch|p1a: BEES (no epipen)\n|-supereffective|p1a: BEES (no epipen)\n|-enditem|p1a: BEES (no epipen)|Babiri Berry|[eat]\n|-enditem|p1a: BEES (no epipen)|Babiri Berry|[weaken]\n|-damage|p1a: BEES (no epipen)|0 fnt\n|faint|p1a: BEES (no epipen)\n|\n|upkeep\n|\n|t:|1698208430\n|switch|p1a: BEING VULNERABLE|Gyarados, M, shiny|100\/100\n|-ability|p1a: BEING VULNERABLE|Intimidate|boost\n|-unboost|p2a: Scizor 1v11|atk|1\n|turn|5\n|\n|t:|1698208443\n|switch|p2a: Katsuya Way Knife|Slowbro, F|100\/100\n|-damage|p2a: Katsuya Way Knife|88\/100|[from] Stealth Rock\n|move|p1a: BEING VULNERABLE|Earthquake|p2a: Katsuya Way Knife\n|-damage|p2a: Katsuya Way Knife|66\/100\n|\n|upkeep\n|turn|6\n|\n|t:|1698208472\n|move|p1a: BEING VULNERABLE|Earthquake|p2a: Katsuya Way Knife\n|-damage|p2a: Katsuya Way Knife|47\/100\n|move|p2a: Katsuya Way Knife|Psychic|p1a: BEING VULNERABLE\n|-damage|p1a: BEING VULNERABLE|73\/100\n|\n|upkeep\n|turn|7\n|\n|t:|1698208481\n|move|p1a: BEING VULNERABLE|Earthquake|p2a: Katsuya Way Knife\n|-damage|p2a: Katsuya Way Knife|26\/100\n|move|p2a: Katsuya Way Knife|Slack Off|p2a: Katsuya Way Knife\n|-heal|p2a: Katsuya Way Knife|76\/100\n|\n|upkeep\n|turn|8\n|\n|t:|1698208487\n|move|p1a: BEING VULNERABLE|Earthquake|p2a: Katsuya Way Knife\n|-damage|p2a: Katsuya Way Knife|56\/100\n|move|p2a: Katsuya Way Knife|Psychic|p1a: BEING VULNERABLE\n|-damage|p1a: BEING VULNERABLE|48\/100\n|\n|upkeep\n|turn|9\n|\n|t:|1698208505\n|switch|p1a: DRIP|Iron Treads|100\/100\n|move|p2a: Katsuya Way Knife|Slack Off|p2a: Katsuya Way Knife\n|-heal|p2a: Katsuya Way Knife|100\/100\n|\n|upkeep\n|turn|10\n|\n|t:|1698208512\n|move|p1a: DRIP|Knock Off|p2a: Katsuya Way Knife\n|-supereffective|p2a: Katsuya Way Knife\n|-damage|p2a: Katsuya Way Knife|50\/100\n|-enditem|p2a: Katsuya Way Knife|Tanga Berry|[from] move: Knock Off|[of] p1a: DRIP\n|-damage|p1a: DRIP|91\/100|[from] item: Life Orb\n|move|p2a: Katsuya Way Knife|Hydro Pump|p1a: DRIP\n|-supereffective|p1a: DRIP\n|-damage|p1a: DRIP|0 fnt\n|faint|p1a: DRIP\n|-end|p1a: DRIP|Quark Drive|[silent]\n|\n|upkeep\n|\n|t:|1698208546\n|switch|p1a: GivingRidesForFree|Iron Valiant|100\/100\n|turn|11\n|c| SlyTheSplicer|FR\n|\n|t:|1698208561\n|move|p1a: GivingRidesForFree|Bitter Malice|p2a: Katsuya Way Knife\n|-supereffective|p2a: Katsuya Way Knife\n|-damage|p2a: Katsuya Way Knife|0 fnt\n|faint|p2a: Katsuya Way Knife\n|\n|upkeep\n|\n|t:|1698208610\n|switch|p2a: Walter Jr.|Salamence, F|100\/100\n|-damage|p2a: Walter Jr.|75\/100|[from] Stealth Rock\n|-ability|p2a: Walter Jr.|Intimidate|boost\n|-unboost|p1a: GivingRidesForFree|atk|1\n|turn|12\n|\n|t:|1698208755\n|switch|p1a: BEING VULNERABLE|Gyarados, M, shiny|48\/100\n|-ability|p1a: BEING VULNERABLE|Intimidate|boost\n|-unboost|p2a: Walter Jr.|atk|1\n|move|p2a: Walter Jr.|Hurricane|p1a: BEING VULNERABLE\n|-damage|p1a: BEING VULNERABLE|5\/100\n|-start|p1a: BEING VULNERABLE|confusion\n|\n|upkeep\n|turn|13\n|\n|t:|1698208763\n|move|p2a: Walter Jr.|Hurricane|p1a: BEING VULNERABLE\n|-damage|p1a: BEING VULNERABLE|0 fnt\n|faint|p1a: BEING VULNERABLE\n|\n|upkeep\n|\n|t:|1698208857\n|switch|p1a: SPICY FOOD|Hoopa|100\/100\n|turn|14\n|\n|t:|1698208863\n|-terastallize|p1a: SPICY FOOD|Ghost\n|move|p2a: Walter Jr.|Hurricane|p1a: SPICY FOOD\n|-damage|p1a: SPICY FOOD|60\/100\n|move|p1a: SPICY FOOD|Shadow Ball|p2a: Walter Jr.\n|-damage|p2a: Walter Jr.|0 fnt\n|faint|p2a: Walter Jr.\n|-damage|p1a: SPICY FOOD|50\/100|[from] item: Life Orb\n|\n|upkeep\n|\n|t:|1698208883\n|switch|p2a: Scizor 1v11|Scizor, F|88\/100\n|-damage|p2a: Scizor 1v11|76\/100|[from] Stealth Rock\n|turn|15\n|\n|t:|1698208903\n|switch|p1a: GivingRidesForFree|Iron Valiant|100\/100\n|move|p2a: Scizor 1v11|Bullet Punch|p1a: GivingRidesForFree\n|-damage|p1a: GivingRidesForFree|0 fnt\n|replace|p1a: AnyAndAllBitches|Zoroark-Hisui, M\n|-end|p1a: AnyAndAllBitches|Illusion\n|faint|p1a: AnyAndAllBitches\n|\n|upkeep\n|\n|t:|1698208923\n|switch|p1a: GivingRidesForFree|Iron Valiant|100\/100\n|turn|16\n|\n|t:|1698208929\n|move|p2a: Scizor 1v11|Bullet Punch|p1a: GivingRidesForFree\n|-supereffective|p1a: GivingRidesForFree\n|-enditem|p1a: GivingRidesForFree|Babiri Berry|[eat]\n|-enditem|p1a: GivingRidesForFree|Babiri Berry|[weaken]\n|-damage|p1a: GivingRidesForFree|39\/100\n|move|p1a: GivingRidesForFree|Fire Punch|p2a: Scizor 1v11\n|-supereffective|p2a: Scizor 1v11\n|-damage|p2a: Scizor 1v11|0 fnt\n|faint|p2a: Scizor 1v11\n|\n|upkeep\n|\n|t:|1698208939\n|switch|p2a: Skellyboi|Skeledirge, F|100\/100\n|-damage|p2a: Skellyboi|75\/100|[from] Stealth Rock\n|turn|17\n|\n|t:|1698208991\n|move|p1a: GivingRidesForFree|Knock Off|p2a: Skellyboi\n|-supereffective|p2a: Skellyboi\n|-damage|p2a: Skellyboi|16\/100\n|-enditem|p2a: Skellyboi|Leftovers|[from] move: Knock Off|[of] p1a: GivingRidesForFree\n|move|p2a: Skellyboi|Torch Song|p1a: GivingRidesForFree\n|-damage|p1a: GivingRidesForFree|0 fnt\n|-boost|p2a: Skellyboi|spa|1\n|faint|p1a: GivingRidesForFree\n|-end|p1a: GivingRidesForFree|Quark Drive|[silent]\n|\n|upkeep\n|\n|t:|1698209000\n|switch|p1a: SPICY FOOD|Hoopa, tera:Ghost|50\/100\n|turn|18\n|\n|t:|1698209008\n|move|p1a: SPICY FOOD|Shadow Ball|p2a: Skellyboi\n|-supereffective|p2a: Skellyboi\n|-damage|p2a: Skellyboi|0 fnt\n|faint|p2a: Skellyboi\n|-damage|p1a: SPICY FOOD|40\/100|[from] item: Life Orb\n|\n|upkeep\n|\n|t:|1698209013\n|switch|p2a: mfw|Kingambit, F|100\/100\n|-damage|p2a: mfw|94\/100|[from] Stealth Rock\n|-activate|p2a: mfw|ability: Supreme Overlord\n|-start|p2a: mfw|fallen5|[silent]\n|turn|19\n|\n|t:|1698209027\n|move|p2a: mfw|Sucker Punch||[still]\n|-fail|p2a: mfw\n|move|p1a: SPICY FOOD|Substitute|p1a: SPICY FOOD\n|-start|p1a: SPICY FOOD|Substitute\n|-damage|p1a: SPICY FOOD|15\/100\n|\n|upkeep\n|turn|20\n|\n|t:|1698209033\n|move|p1a: SPICY FOOD|Focus Blast|p2a: mfw\n|-supereffective|p2a: mfw\n|-enditem|p2a: mfw|Chople Berry|[eat]\n|-enditem|p2a: mfw|Chople Berry|[weaken]\n|-damage|p2a: mfw|0 fnt\n|faint|p2a: mfw\n|-end|p2a: mfw|fallen5|[silent]\n|-damage|p1a: SPICY FOOD|5\/100|[from] item: Life Orb\n|\n|win|Bidy\n","uploadtime":1698209051,"views":27,"p1id":"bidy","p2id":"armoredhedgehog","formatid":"gen9ubers","rating":0,"private":0,"password":""}