{"id":"gen9ubers-1984292852","p1":"Laprasrules12","p2":"TheSilvySilv","format":"[Gen 9] Ubers","log":"|j|\u2606Laprasrules12\n|j|\u2606TheSilvySilv\n|t:|1699239902\n|gametype|singles\n|player|p1|Laprasrules12|lusamine-nihilego|\n|player|p2|TheSilvySilv|ghetsis|\n|teamsize|p1|6\n|teamsize|p2|6\n|gen|9\n|tier|[Gen 9] Ubers\n|rule|Sleep Clause Mod: Limit one foe put to sleep\n|rule|Species Clause: Limit one of each Pok\u00e9mon\n|rule|OHKO Clause: OHKO moves are banned\n|rule|Evasion Items Clause: Evasion items are banned\n|rule|Evasion Moves Clause: Evasion moves are banned\n|rule|Endless Battle Clause: Forcing endless battles is banned\n|rule|HP Percentage Mod: HP is shown in percentages\n|clearpoke\n|poke|p1|Arceus-Fighting|\n|poke|p1|Espathra, F|\n|poke|p1|Zacian-*|\n|poke|p1|Palkia-Origin|\n|poke|p1|Cyclizar, F|\n|poke|p1|Magearna-Original|\n|poke|p2|Rillaboom, F|\n|poke|p2|Sneasler, M|\n|poke|p2|Arceus-Fire|\n|poke|p2|Ursaluna-Bloodmoon, M|\n|poke|p2|Clefable, M|\n|poke|p2|Palafin, M|\n|teampreview\n|inactive|Battle timer is ON: inactive players will automatically lose when time's up. (requested by Laprasrules12)\n|c|\u2606TheSilvySilv|time for me to probably get cooked\n|c|\u2606TheSilvySilv|GLHF :D\n|j| Reposti\n|inactive|Laprasrules12 has 270 seconds left.\n|inactive|TheSilvySilv has 270 seconds left.\n|j| Leo Justice\n|inactive|TheSilvySilv has 240 seconds left.\n|\n|t:|1699239963\n|start\n|switch|p1a: Say Gex|Cyclizar, F, shiny|100\/100\n|switch|p2a: Rillaboom|Rillaboom, F|100\/100\n|-fieldstart|move: Grassy Terrain|[from] ability: Grassy Surge|[of] p2a: Rillaboom\n|turn|1\n|j| the tr4sh man\n|c| Reposti|You got this Marx\n|c|\u2606TheSilvySilv|oh god im being power of friendshiped\n|\n|t:|1699239992\n|move|p1a: Say Gex|Shed Tail|p1a: Say Gex\n|-start|p1a: Say Gex|Substitute|[from] move: Shed Tail\n|-damage|p1a: Say Gex|50\/100\n|\n|t:|1699239993\n|switch|p1a: Kratos|Arceus-Fighting, shiny|100\/100|[from] Shed Tail\n|move|p2a: Rillaboom|U-turn|p1a: Kratos\n|-resisted|p1a: Kratos\n|-activate|p1a: Kratos|move: Substitute|[damage]\n|c| Reposti|Fr\n|\n|t:|1699240004\n|switch|p2a: Clefable|Clefable, M|100\/100|[from] U-turn\n|\n|upkeep\n|turn|2\n|\n|t:|1699240009\n|switch|p1a: Cleopatra|Espathra, F, shiny|100\/100\n|move|p2a: Clefable|Moonblast|p1a: Cleopatra\n|-damage|p1a: Cleopatra|56\/100\n|\n|-heal|p1a: Cleopatra|62\/100|[from] Grassy Terrain\n|-heal|p1a: Cleopatra|68\/100|[from] item: Leftovers\n|upkeep\n|turn|3\n|\n|t:|1699240013\n|move|p1a: Cleopatra|Calm Mind|p1a: Cleopatra\n|-boost|p1a: Cleopatra|spa|1\n|-boost|p1a: Cleopatra|spd|1\n|move|p2a: Clefable|Stealth Rock|p1a: Cleopatra\n|-sidestart|p1: Laprasrules12|move: Stealth Rock\n|\n|-heal|p1a: Cleopatra|74\/100|[from] Grassy Terrain\n|-heal|p1a: Cleopatra|80\/100|[from] item: Leftovers\n|-ability|p1a: Cleopatra|Speed Boost|boost\n|-boost|p1a: Cleopatra|spe|1\n|upkeep\n|turn|4\n|\n|t:|1699240021\n|switch|p2a: Palafin|Palafin, M|100\/100\n|move|p1a: Cleopatra|Calm Mind|p1a: Cleopatra\n|-boost|p1a: Cleopatra|spa|1\n|-boost|p1a: Cleopatra|spd|1\n|\n|-heal|p1a: Cleopatra|86\/100|[from] Grassy Terrain\n|-heal|p1a: Cleopatra|92\/100|[from] item: Leftovers\n|-ability|p1a: Cleopatra|Speed Boost|boost\n|-boost|p1a: Cleopatra|spe|1\n|upkeep\n|turn|5\n|\n|t:|1699240023\n|move|p1a: Cleopatra|Protect|p1a: Cleopatra\n|-singleturn|p1a: Cleopatra|Protect\n|move|p2a: Palafin|Encore|p1a: Cleopatra\n|-activate|p1a: Cleopatra|move: Protect\n|\n|-heal|p1a: Cleopatra|98\/100|[from] Grassy Terrain\n|-heal|p1a: Cleopatra|100\/100|[from] item: Leftovers\n|-fieldend|move: Grassy Terrain\n|-ability|p1a: Cleopatra|Speed Boost|boost\n|-boost|p1a: Cleopatra|spe|1\n|upkeep\n|turn|6\n|\n|t:|1699240027\n|move|p1a: Cleopatra|Stored Power|p2a: Palafin\n|-damage|p2a: Palafin|0 fnt\n|faint|p2a: Palafin\n|\n|-ability|p1a: Cleopatra|Speed Boost|boost\n|-boost|p1a: Cleopatra|spe|1\n|upkeep\n|\n|t:|1699240036\n|switch|p2a: Rillaboom|Rillaboom, F|100\/100\n|-fieldstart|move: Grassy Terrain|[from] ability: Grassy Surge|[of] p2a: Rillaboom\n|turn|7\n|\n|t:|1699240061\n|move|p2a: Rillaboom|Grassy Glide|p1a: Cleopatra\n|-damage|p1a: Cleopatra|19\/100\n|move|p1a: Cleopatra|Stored Power|p2a: Rillaboom\n|-damage|p2a: Rillaboom|0 fnt\n|faint|p2a: Rillaboom\n|\n|-heal|p1a: Cleopatra|25\/100|[from] Grassy Terrain\n|-heal|p1a: Cleopatra|31\/100|[from] item: Leftovers\n|-ability|p1a: Cleopatra|Speed Boost|boost\n|-boost|p1a: Cleopatra|spe|1\n|upkeep\n|\n|t:|1699240075\n|switch|p2a: Clefable|Clefable, M|100\/100\n|turn|8\n|\n|t:|1699240082\n|-terastallize|p2a: Clefable|Steel\n|move|p1a: Cleopatra|Protect|p1a: Cleopatra\n|-singleturn|p1a: Cleopatra|Protect\n|move|p2a: Clefable|Knock Off|p1a: Cleopatra\n|-activate|p1a: Cleopatra|move: Protect\n|\n|-heal|p1a: Cleopatra|37\/100|[from] Grassy Terrain\n|-heal|p1a: Cleopatra|43\/100|[from] item: Leftovers\n|-ability|p1a: Cleopatra|Speed Boost|boost\n|-boost|p1a: Cleopatra|spe|1\n|upkeep\n|turn|9\n|\n|t:|1699240084\n|-terastallize|p1a: Cleopatra|Fighting\n|move|p1a: Cleopatra|Tera Blast|p2a: Clefable|[anim] Tera Blast Fighting\n|-supereffective|p2a: Clefable\n|-damage|p2a: Clefable|0 fnt\n|faint|p2a: Clefable\n|\n|-heal|p1a: Cleopatra|49\/100|[from] Grassy Terrain\n|-heal|p1a: Cleopatra|55\/100|[from] item: Leftovers\n|upkeep\n|c|\u2606TheSilvySilv|yep I screwed up\n|c| Reposti|Jeez the damage\n|c|\u2606TheSilvySilv|play bad one turn into the ostrich\n|\n|t:|1699240109\n|switch|p2a: Sneasler|Sneasler, M|100\/100\n|-enditem|p2a: Sneasler|Grassy Seed\n|-boost|p2a: Sneasler|def|1|[from] item: Grassy Seed\n|turn|10\n|c|\u2606Laprasrules12|During that hour\n|c|\u2606Laprasrules12|I installed Clash of Clans\n|c|\u2606Laprasrules12|And got the rage spell\n|\n|t:|1699240134\n|move|p1a: Cleopatra|Protect|p1a: Cleopatra\n|-singleturn|p1a: Cleopatra|Protect\n|move|p2a: Sneasler|Acrobatics|p1a: Cleopatra\n|-activate|p1a: Cleopatra|move: Protect\n|\n|-heal|p1a: Cleopatra|61\/100|[from] Grassy Terrain\n|-heal|p1a: Cleopatra|67\/100|[from] item: Leftovers\n|upkeep\n|turn|11\n|\n|t:|1699240143\n|move|p1a: Cleopatra|Stored Power|p2a: Sneasler\n|-supereffective|p2a: Sneasler\n|-damage|p2a: Sneasler|0 fnt\n|faint|p2a: Sneasler\n|\n|-heal|p1a: Cleopatra|73\/100|[from] Grassy Terrain\n|-heal|p1a: Cleopatra|79\/100|[from] item: Leftovers\n|-fieldend|move: Grassy Terrain\n|upkeep\n|-message|TheSilvySilv forfeited.\n|\n|win|Laprasrules12\n|c| Leo Justice|I think it was the palafin sacrifice\n|c|\u2606TheSilvySilv|yep\n|c| Leo Justice|that screwed you\n|c|\u2606TheSilvySilv|that too\n|c|\u2606TheSilvySilv|lots of things screwed me\n|c| Leo Justice|Jet punch into Grassy glide killed\n|c| Leo Justice|always\n|l|\u2606Laprasrules12\n|c|\u2606TheSilvySilv|been playing a lot of other games today lol\n|l| Reposti\n|l| Leo Justice\n|l| the tr4sh man\n|j| PinkScourge\n|l| PinkScourge\n|j| PinkScourge\n|l| PinkScourge\n|j|\u2606Laprasrules12\n|player|p1|Laprasrules12|lusamine-nihilego\n|l|\u2606Laprasrules12\n|player|p1|\n|j|\u2606Laprasrules12\n|player|p1|Laprasrules12|lusamine-nihilego\n","uploadtime":1699240156,"views":34,"p1id":"laprasrules12","p2id":"thesilvysilv","formatid":"gen9ubers","rating":0,"private":0,"password":""}