{"id":"gen9ubers-1993339081","p1":"F-00_MC","p2":"fungoos469","format":"[Gen 9] Ubers","log":"|j|\u2606F-00_MC\n|j|\u2606fungoos469\n|t:|1700301531\n|gametype|singles\n|player|p1|F-00_MC|hilbert|\n|player|p2|fungoos469|hero2-conquest|\n|teamsize|p1|6\n|teamsize|p2|6\n|gen|9\n|tier|[Gen 9] Ubers\n|rule|Sleep Clause Mod: Limit one foe put to sleep\n|rule|Species Clause: Limit one of each Pok\u00e9mon\n|rule|OHKO Clause: OHKO moves are banned\n|rule|Evasion Items Clause: Evasion items are banned\n|rule|Evasion Moves Clause: Evasion moves are banned\n|rule|Endless Battle Clause: Forcing endless battles is banned\n|rule|HP Percentage Mod: HP is shown in percentages\n|clearpoke\n|poke|p1|Pelipper, F|\n|poke|p1|Palafin, M|\n|poke|p1|Magearna|\n|poke|p1|Arceus-Poison|\n|poke|p1|Dialga|\n|poke|p1|Palkia-Origin|\n|poke|p2|Arceus-Fighting|\n|poke|p2|Ogerpon-Wellspring, F|\n|poke|p2|Palkia-Origin|\n|poke|p2|Magearna|\n|poke|p2|Espathra, M|\n|poke|p2|Zacian-*|\n|teampreview\n|inactive|Battle timer is ON: inactive players will automatically lose when time's up. (requested by F-00_MC)\n|c|\u2606F-00_MC|good luck\n|c|\u2606fungoos469|good luck have fun\n|\n|t:|1700301553\n|start\n|switch|p1a: Palafin|Palafin, M, shiny|100\/100\n|switch|p2a: Palkia|Palkia-Origin|100\/100\n|-ability|p2a: Palkia|Pressure\n|turn|1\n|\n|t:|1700301569\n|detailschange|p1a: Palafin|Palafin-Hero, M, shiny\n|switch|p1a: Magearna|Magearna|100\/100\n|move|p2a: Palkia|Draco Meteor|p1a: Magearna\n|-immune|p1a: Magearna\n|\n|upkeep\n|turn|2\n|\n|t:|1700301587\n|move|p2a: Palkia|Surf|p1a: Magearna\n|-damage|p1a: Magearna|49\/100\n|move|p1a: Magearna|Thunder Wave|p2a: Palkia\n|-status|p2a: Palkia|par\n|\n|-heal|p1a: Magearna|55\/100|[from] item: Leftovers\n|upkeep\n|turn|3\n|\n|t:|1700301601\n|move|p2a: Palkia|Surf|p1a: Magearna\n|-damage|p1a: Magearna|0 fnt\n|faint|p1a: Magearna\n|\n|upkeep\n|inactive|F-00_MC has 270 seconds left.\n|\n|t:|1700301639\n|switch|p1a: Arceus|Arceus-Poison|100\/100\n|turn|4\n|\n|t:|1700301647\n|switch|p2a: Espathra|Espathra, M|100\/100\n|move|p1a: Arceus|Calm Mind|p1a: Arceus\n|-boost|p1a: Arceus|spa|1\n|-boost|p1a: Arceus|spd|1\n|\n|upkeep\n|turn|5\n|inactive|F-00_MC has 270 seconds left.\n|\n|t:|1700301658\n|move|p1a: Arceus|Calm Mind|p1a: Arceus\n|-boost|p1a: Arceus|spa|1\n|-boost|p1a: Arceus|spd|1\n|move|p2a: Espathra|Calm Mind|p2a: Espathra\n|-boost|p2a: Espathra|spa|1\n|-boost|p2a: Espathra|spd|1\n|\n|-ability|p2a: Espathra|Speed Boost|boost\n|-boost|p2a: Espathra|spe|1\n|upkeep\n|turn|6\n|\n|t:|1700301666\n|move|p1a: Arceus|Judgment|p2a: Espathra\n|-damage|p2a: Espathra|9\/100\n|move|p2a: Espathra|Calm Mind|p2a: Espathra\n|-boost|p2a: Espathra|spa|1\n|-boost|p2a: Espathra|spd|1\n|\n|-heal|p2a: Espathra|15\/100|[from] item: Leftovers\n|-ability|p2a: Espathra|Speed Boost|boost\n|-boost|p2a: Espathra|spe|1\n|upkeep\n|turn|7\n|inactive|F-00_MC has 270 seconds left.\n|\n|t:|1700301699\n|move|p2a: Espathra|Protect|p2a: Espathra\n|-singleturn|p2a: Espathra|Protect\n|move|p1a: Arceus|Judgment|p2a: Espathra\n|-activate|p2a: Espathra|move: Protect\n|\n|-heal|p2a: Espathra|21\/100|[from] item: Leftovers\n|-ability|p2a: Espathra|Speed Boost|boost\n|-boost|p2a: Espathra|spe|1\n|upkeep\n|turn|8\n|\n|t:|1700301708\n|move|p2a: Espathra|Stored Power|p1a: Arceus\n|-supereffective|p1a: Arceus\n|-damage|p1a: Arceus|33\/100\n|move|p1a: Arceus|Judgment|p2a: Espathra\n|-damage|p2a: Espathra|0 fnt\n|faint|p2a: Espathra\n|\n|upkeep\n|\n|t:|1700301721\n|switch|p2a: Zacian|Zacian|100\/100\n|-ability|p2a: Zacian|Intrepid Sword|boost\n|-boost|p2a: Zacian|atk|1\n|turn|9\n|inactive|F-00_MC has 270 seconds left.\n|inactive|F-00_MC has 240 seconds left.\n|\n|t:|1700301791\n|move|p2a: Zacian|Psychic Fangs|p1a: Arceus\n|-supereffective|p1a: Arceus\n|-damage|p1a: Arceus|0 fnt\n|faint|p1a: Arceus\n|\n|upkeep\n|inactive|F-00_MC has 210 seconds left.\n|\n|t:|1700301823\n|switch|p1a: Palafin|Palafin-Hero, M, shiny|100\/100\n|-activate|p1a: Palafin|ability: Zero to Hero\n|turn|10\n|\n|t:|1700301831\n|switch|p2a: Ogerpon|Ogerpon-Wellspring, F|100\/100\n|move|p1a: Palafin|Flip Turn|p2a: Ogerpon\n|-immune|p2a: Ogerpon|[from] ability: Water Absorb\n|\n|upkeep\n|turn|11\n|inactive|F-00_MC has 210 seconds left.\n|\n|t:|1700301842\n|switch|p1a: Pelipper|Pelipper, F|100\/100\n|-weather|RainDance|[from] ability: Drizzle|[of] p1a: Pelipper\n|move|p2a: Ogerpon|Horn Leech|p1a: Pelipper\n|-damage|p1a: Pelipper|64\/100\n|\n|-weather|RainDance|[upkeep]\n|upkeep\n|turn|12\n|inactive|F-00_MC has 210 seconds left.\n|\n|t:|1700301853\n|switch|p2a: Magearna|Magearna|100\/100\n|move|p1a: Pelipper|Hurricane|p2a: Magearna\n|-resisted|p2a: Magearna\n|-damage|p2a: Magearna|90\/100\n|\n|-weather|RainDance|[upkeep]\n|-heal|p2a: Magearna|96\/100|[from] item: Leftovers\n|upkeep\n|turn|13\n|inactive|F-00_MC has 210 seconds left.\n|\n|t:|1700301866\n|switch|p1a: Dialga|Dialga|100\/100\n|-ability|p1a: Dialga|Pressure\n|move|p2a: Magearna|Volt Switch|p1a: Dialga\n|-resisted|p1a: Dialga\n|-damage|p1a: Dialga|94\/100\n|\n|t:|1700301876\n|switch|p2a: Arceus|Arceus-Fighting|100\/100|[from] Volt Switch\n|\n|-weather|RainDance|[upkeep]\n|-heal|p1a: Dialga|99\/100|[from] item: Leftovers\n|upkeep\n|turn|14\n|inactive|F-00_MC has 210 seconds left.\n|\n|t:|1700301898\n|move|p2a: Arceus|Brick Break|p1a: Dialga\n|-supereffective|p1a: Dialga\n|-damage|p1a: Dialga|25\/100\n|move|p1a: Dialga|Stealth Rock|p2a: Arceus\n|-sidestart|p2: fungoos469|move: Stealth Rock\n|\n|-weather|RainDance|[upkeep]\n|-heal|p1a: Dialga|32\/100|[from] item: Leftovers\n|upkeep\n|turn|15\n|\n|t:|1700301909\n|switch|p1a: Palkia|Palkia-Origin|100\/100\n|-ability|p1a: Palkia|Pressure\n|move|p2a: Arceus|Brick Break|p1a: Palkia\n|-damage|p1a: Palkia|45\/100\n|\n|-weather|RainDance|[upkeep]\n|upkeep\n|turn|16\n|inactive|F-00_MC has 180 seconds left.\n|\n|t:|1700301966\n|-terastallize|p2a: Arceus|Normal\n|move|p2a: Arceus|Extreme Speed|p1a: Palkia\n|-damage|p1a: Palkia|0 fnt\n|faint|p1a: Palkia\n|\n|-weather|RainDance|[upkeep]\n|upkeep\n|\n|t:|1700301972\n|switch|p1a: Dialga|Dialga|32\/100\n|-ability|p1a: Dialga|Pressure\n|turn|17\n|\n|t:|1700301983\n|move|p2a: Arceus|Brick Break|p1a: Dialga\n|-supereffective|p1a: Dialga\n|-damage|p1a: Dialga|0 fnt\n|faint|p1a: Dialga\n|\n|-weather|RainDance|[upkeep]\n|upkeep\n|\n|t:|1700301991\n|switch|p1a: Palafin|Palafin-Hero, M, shiny|100\/100\n|turn|18\n|\n|t:|1700302001\n|switch|p2a: Ogerpon|Ogerpon-Wellspring, F|100\/100\n|-damage|p2a: Ogerpon|88\/100|[from] Stealth Rock\n|move|p1a: Palafin|Close Combat|p2a: Ogerpon\n|-damage|p2a: Ogerpon|0 fnt\n|-unboost|p1a: Palafin|def|1\n|-unboost|p1a: Palafin|spd|1\n|faint|p2a: Ogerpon\n|\n|-weather|none\n|upkeep\n|\n|t:|1700302016\n|switch|p2a: Zacian|Zacian|100\/100\n|-damage|p2a: Zacian|88\/100|[from] Stealth Rock\n|turn|19\n|\n|t:|1700302020\n|switch|p1a: Pelipper|Pelipper, F|64\/100\n|-weather|RainDance|[from] ability: Drizzle|[of] p1a: Pelipper\n|move|p2a: Zacian|Wild Charge|p1a: Pelipper\n|-supereffective|p1a: Pelipper\n|-damage|p1a: Pelipper|0 fnt\n|faint|p1a: Pelipper\n|-damage|p2a: Zacian|72\/100|[from] Recoil\n|\n|-weather|RainDance|[upkeep]\n|upkeep\n|inactive|F-00_MC has 180 seconds left.\n|\n|t:|1700302037\n|switch|p1a: Palafin|Palafin-Hero, M, shiny|100\/100\n|turn|20\n|\n|t:|1700302061\n|-terastallize|p1a: Palafin|Water\n|move|p1a: Palafin|Jet Punch|p2a: Zacian\n|-crit|p2a: Zacian\n|-damage|p2a: Zacian|0 fnt\n|faint|p2a: Zacian\n|\n|-weather|RainDance|[upkeep]\n|upkeep\n|c|\u2606F-00_MC|barring some incredible luck, this could go either way\n|\n|t:|1700302076\n|switch|p2a: Magearna|Magearna|96\/100\n|-damage|p2a: Magearna|90\/100|[from] Stealth Rock\n|turn|21\n|\n|t:|1700302083\n|move|p1a: Palafin|Jet Punch|p2a: Magearna\n|-damage|p2a: Magearna|0 fnt\n|faint|p2a: Magearna\n|\n|-weather|RainDance|[upkeep]\n|upkeep\n|\n|t:|1700302090\n|switch|p2a: Palkia|Palkia-Origin|100\/100 par\n|-damage|p2a: Palkia|88\/100 par|[from] Stealth Rock\n|-ability|p2a: Palkia|Pressure\n|turn|22\n|\n|t:|1700302095\n|move|p1a: Palafin|Jet Punch|p2a: Palkia\n|-resisted|p2a: Palkia\n|-damage|p2a: Palkia|58\/100 par\n|move|p2a: Palkia|Thunderbolt|p1a: Palafin\n|-supereffective|p1a: Palafin\n|-damage|p1a: Palafin|30\/100\n|\n|-weather|RainDance|[upkeep]\n|upkeep\n|turn|23\n|c|\u2606F-00_MC|oh well gg\n|\n|t:|1700302104\n|move|p1a: Palafin|Jet Punch|p2a: Palkia\n|-resisted|p2a: Palkia\n|-damage|p2a: Palkia|24\/100 par\n|cant|p2a: Palkia|par\n|\n|-weather|RainDance|[upkeep]\n|upkeep\n|turn|24\n|c|\u2606F-00_MC|what\n|\n|t:|1700302110\n|move|p1a: Palafin|Jet Punch|p2a: Palkia\n|-resisted|p2a: Palkia\n|-damage|p2a: Palkia|0 fnt\n|faint|p2a: Palkia\n|\n|-weather|RainDance|[upkeep]\n|upkeep\n|\n|t:|1700302115\n|switch|p2a: Arceus|Arceus-Fighting, tera:Normal|100\/100\n|-damage|p2a: Arceus|88\/100|[from] Stealth Rock\n|turn|25\n|c|\u2606F-00_MC|yeah this is not getting OHKO'd gg\n|\n|t:|1700302124\n|move|p2a: Arceus|Extreme Speed|p1a: Palafin\n|-damage|p1a: Palafin|0 fnt\n|faint|p1a: Palafin\n|\n|win|fungoos469\n|c|\u2606fungoos469|gg\n|l|\u2606fungoos469\n|l|\u2606F-00_MC\n|j|\u2606F-00_MC\n|player|p1|F-00_MC|hilbert\n|j|\u2606fungoos469\n|player|p2|fungoos469|hero2-conquest\n","uploadtime":1700302186,"views":15,"p1id":"f00mc","p2id":"fungoos469","formatid":"gen9ubers","rating":0,"private":0,"password":""}