{"id":"gen9ubers-1972410261","p1":"Pyrope06","p2":"turbomadre%","format":"[Gen 9] Ubers","log":"|j|\u2606Pyrope06\n|j|\u2606turbomadre%\n|t:|1697839791\n|gametype|singles\n|player|p1|Pyrope06|ghetsis|\n|player|p2|turbomadre%|2|\n|teamsize|p1|6\n|teamsize|p2|6\n|gen|9\n|tier|[Gen 9] Ubers\n|rule|Sleep Clause Mod: Limit one foe put to sleep\n|rule|Species Clause: Limit one of each Pok\u00e9mon\n|rule|OHKO Clause: OHKO moves are banned\n|rule|Evasion Items Clause: Evasion items are banned\n|rule|Evasion Moves Clause: Evasion moves are banned\n|rule|Endless Battle Clause: Forcing endless battles is banned\n|rule|HP Percentage Mod: HP is shown in percentages\n|clearpoke\n|poke|p1|Torterra, M|\n|poke|p1|Toxapex, M|\n|poke|p1|Ursaluna-Bloodmoon, M|\n|poke|p1|Quagsire, F|\n|poke|p1|Blissey, F|\n|poke|p1|Clefable, M|\n|poke|p2|Annihilape, F|\n|poke|p2|Blissey, F|\n|poke|p2|Cyclizar, M|\n|poke|p2|Grafaiai, F|\n|poke|p2|Tropius, F|\n|poke|p2|Oricorio, F|\n|teampreview\n|\n|t:|1697839822\n|start\n|switch|p1a: Clefable|Clefable, M, shiny|100\/100\n|switch|p2a: Cyclizar|Cyclizar, M|100\/100\n|turn|1\n|\n|t:|1697839834\n|switch|p2a: Annihilape|Annihilape, F|100\/100\n|move|p1a: Clefable|Stealth Rock|p2a: Annihilape\n|-sidestart|p2: turbomadre%|move: Stealth Rock\n|\n|upkeep\n|turn|2\n|\n|t:|1697839851\n|switch|p2a: Blissey|Blissey, F|100\/100\n|-damage|p2a: Blissey|88\/100|[from] Stealth Rock\n|switch|p1a: Toxapex|Toxapex, M|100\/100\n|\n|-heal|p2a: Blissey|94\/100|[from] item: Leftovers\n|upkeep\n|turn|3\n|\n|t:|1697839864\n|move|p2a: Blissey|Thunder Wave|p1a: Toxapex\n|-status|p1a: Toxapex|par\n|move|p1a: Toxapex|Toxic Spikes|p2a: Blissey\n|-sidestart|p2: turbomadre%|move: Toxic Spikes\n|\n|-heal|p2a: Blissey|99\/100|[from] item: Leftovers\n|upkeep\n|turn|4\n|\n|t:|1697839878\n|move|p2a: Blissey|Stealth Rock|p1a: Toxapex\n|-sidestart|p1: Pyrope06|move: Stealth Rock\n|cant|p1a: Toxapex|par\n|\n|-heal|p2a: Blissey|100\/100|[from] item: Leftovers\n|upkeep\n|turn|5\n|\n|t:|1697839886\n|move|p2a: Blissey|Seismic Toss|p1a: Toxapex\n|-damage|p1a: Toxapex|68\/100 par\n|cant|p1a: Toxapex|par\n|\n|-heal|p1a: Toxapex|74\/100 par|[from] item: Black Sludge\n|upkeep\n|turn|6\n|\n|t:|1697839894\n|move|p2a: Blissey|Seismic Toss|p1a: Toxapex\n|-damage|p1a: Toxapex|41\/100 par\n|move|p1a: Toxapex|Toxic Spikes|p2a: Blissey\n|-sidestart|p2: turbomadre%|move: Toxic Spikes\n|\n|-heal|p1a: Toxapex|47\/100 par|[from] item: Black Sludge\n|upkeep\n|turn|7\n|\n|t:|1697839914\n|move|p2a: Blissey|Seismic Toss|p1a: Toxapex\n|-damage|p1a: Toxapex|14\/100 par\n|cant|p1a: Toxapex|par\n|\n|-heal|p1a: Toxapex|21\/100 par|[from] item: Black Sludge\n|upkeep\n|turn|8\n|\n|t:|1697839926\n|switch|p1a: Quagsire|Quagsire, F, shiny|100\/100\n|-damage|p1a: Quagsire|94\/100|[from] Stealth Rock\n|move|p2a: Blissey|Seismic Toss|p1a: Quagsire\n|-damage|p1a: Quagsire|69\/100\n|\n|-heal|p1a: Quagsire|75\/100|[from] item: Leftovers\n|upkeep\n|turn|9\n|\n|t:|1697839938\n|move|p2a: Blissey|Seismic Toss|p1a: Quagsire\n|-damage|p1a: Quagsire|50\/100\n|move|p1a: Quagsire|Toxic|p2a: Blissey\n|-status|p2a: Blissey|tox\n|\n|-heal|p1a: Quagsire|56\/100|[from] item: Leftovers\n|-damage|p2a: Blissey|94\/100 tox|[from] psn\n|upkeep\n|turn|10\n|\n|t:|1697839949\n|-curestatus|p2a: Blissey|tox|[from] ability: Natural Cure\n|switch|p2a: Grafaiai|Grafaiai, F|100\/100\n|-damage|p2a: Grafaiai|88\/100|[from] Stealth Rock\n|-sideend|p2: turbomadre%|move: Toxic Spikes|[of] p2a: Grafaiai\n|move|p1a: Quagsire|Recover|p1a: Quagsire\n|-heal|p1a: Quagsire|100\/100\n|\n|-heal|p2a: Grafaiai|94\/100|[from] item: Leftovers\n|upkeep\n|turn|11\n|\n|t:|1697839980\n|switch|p1a: Blissey|Blissey, F, shiny|100\/100\n|move|p2a: Grafaiai|Substitute|p2a: Grafaiai\n|-start|p2a: Grafaiai|Substitute\n|-damage|p2a: Grafaiai|69\/100\n|\n|-heal|p2a: Grafaiai|75\/100|[from] item: Leftovers\n|upkeep\n|turn|12\n|\n|t:|1697839991\n|move|p2a: Grafaiai|Knock Off|p1a: Blissey\n|-damage|p1a: Blissey|55\/100\n|-enditem|p1a: Blissey|Heavy-Duty Boots|[from] move: Knock Off|[of] p2a: Grafaiai\n|move|p1a: Blissey|Calm Mind|p1a: Blissey\n|-boost|p1a: Blissey|spa|1\n|-boost|p1a: Blissey|spd|1\n|\n|-heal|p2a: Grafaiai|81\/100|[from] item: Leftovers\n|upkeep\n|turn|13\n|\n|t:|1697840003\n|move|p2a: Grafaiai|Knock Off|p1a: Blissey\n|-damage|p1a: Blissey|26\/100\n|move|p1a: Blissey|Soft-Boiled|p1a: Blissey\n|-heal|p1a: Blissey|76\/100\n|\n|-heal|p2a: Grafaiai|87\/100|[from] item: Leftovers\n|upkeep\n|turn|14\n|\n|t:|1697840020\n|move|p2a: Grafaiai|Toxic|p1a: Blissey\n|-status|p1a: Blissey|tox\n|move|p1a: Blissey|Soft-Boiled|p1a: Blissey\n|-heal|p1a: Blissey|100\/100 tox\n|\n|-heal|p2a: Grafaiai|93\/100|[from] item: Leftovers\n|-damage|p1a: Blissey|94\/100 tox|[from] psn\n|upkeep\n|turn|15\n|\n|t:|1697840030\n|move|p2a: Grafaiai|Knock Off|p1a: Blissey\n|-damage|p1a: Blissey|65\/100 tox\n|move|p1a: Blissey|Flamethrower|p2a: Grafaiai\n|-end|p2a: Grafaiai|Substitute\n|\n|-heal|p2a: Grafaiai|99\/100|[from] item: Leftovers\n|-damage|p1a: Blissey|53\/100 tox|[from] psn\n|upkeep\n|turn|16\n|\n|t:|1697840048\n|move|p2a: Grafaiai|Protect|p2a: Grafaiai\n|-singleturn|p2a: Grafaiai|Protect\n|move|p1a: Blissey|Heal Bell|p1a: Blissey\n|-activate|p1a: Blissey|move: Heal Bell\n|-curestatus|p1a: Blissey|tox|[msg]\n|-curestatus|p1: Toxapex|par|[msg]\n|\n|-heal|p2a: Grafaiai|100\/100|[from] item: Leftovers\n|upkeep\n|turn|17\n|\n|t:|1697840063\n|move|p2a: Grafaiai|Knock Off|p1a: Blissey\n|-damage|p1a: Blissey|24\/100\n|move|p1a: Blissey|Calm Mind|p1a: Blissey\n|-boost|p1a: Blissey|spa|1\n|-boost|p1a: Blissey|spd|1\n|\n|upkeep\n|turn|18\n|\n|t:|1697840090\n|switch|p1a: Ursaluna|Ursaluna-Bloodmoon, M|100\/100\n|-damage|p1a: Ursaluna|95\/100|[from] Stealth Rock\n|move|p2a: Grafaiai|Knock Off|p1a: Ursaluna\n|-damage|p1a: Ursaluna|76\/100\n|-enditem|p1a: Ursaluna|Wise Glasses|[from] move: Knock Off|[of] p2a: Grafaiai\n|\n|upkeep\n|turn|19\n|\n|t:|1697840121\n|switch|p2a: Tropius|Tropius, F|100\/100\n|-damage|p2a: Tropius|76\/100|[from] Stealth Rock\n|move|p1a: Ursaluna|Blood Moon|p2a: Tropius\n|-damage|p2a: Tropius|17\/100\n|-enditem|p2a: Tropius|Sitrus Berry|[eat]\n|-heal|p2a: Tropius|42\/100|[from] item: Sitrus Berry\n|\n|-item|p2a: Tropius|Sitrus Berry|[from] ability: Harvest\n|upkeep\n|-enditem|p2a: Tropius|Sitrus Berry|[eat]\n|-heal|p2a: Tropius|67\/100|[from] item: Sitrus Berry\n|turn|20\n|\n|t:|1697840172\n|-terastallize|p1a: Ursaluna|Psychic\n|move|p1a: Ursaluna|Moonlight|p1a: Ursaluna\n|-heal|p1a: Ursaluna|100\/100\n|move|p2a: Tropius|Leech Seed|p1a: Ursaluna\n|-start|p1a: Ursaluna|move: Leech Seed\n|\n|-damage|p1a: Ursaluna|88\/100|[from] Leech Seed|[of] p2a: Tropius\n|-heal|p2a: Tropius|79\/100|[silent]\n|-item|p2a: Tropius|Sitrus Berry|[from] ability: Harvest\n|upkeep\n|turn|21\n|\n|t:|1697840188\n|move|p2a: Tropius|Protect|p2a: Tropius\n|-singleturn|p2a: Tropius|Protect\n|move|p1a: Ursaluna|Blood Moon|p2a: Tropius\n|-activate|p2a: Tropius|move: Protect\n|\n|-damage|p1a: Ursaluna|76\/100|[from] Leech Seed|[of] p2a: Tropius\n|-heal|p2a: Tropius|92\/100|[silent]\n|upkeep\n|turn|22\n|\n|t:|1697840215\n|switch|p1a: Quagsire|Quagsire, F, shiny|100\/100\n|-damage|p1a: Quagsire|94\/100|[from] Stealth Rock\n|switch|p2a: Blissey|Blissey, F|94\/100\n|-damage|p2a: Blissey|82\/100|[from] Stealth Rock\n|\n|-heal|p2a: Blissey|88\/100|[from] item: Leftovers\n|-heal|p1a: Quagsire|100\/100|[from] item: Leftovers\n|upkeep\n|turn|23\n|\n|t:|1697840229\n|move|p2a: Blissey|Seismic Toss|p1a: Quagsire\n|-damage|p1a: Quagsire|75\/100\n|move|p1a: Quagsire|Earthquake|p2a: Blissey\n|-damage|p2a: Blissey|58\/100\n|\n|-heal|p2a: Blissey|64\/100|[from] item: Leftovers\n|-heal|p1a: Quagsire|81\/100|[from] item: Leftovers\n|upkeep\n|turn|24\n|\n|t:|1697840245\n|switch|p2a: Tropius|Tropius, F|92\/100\n|-damage|p2a: Tropius|67\/100|[from] Stealth Rock\n|move|p1a: Quagsire|Toxic|p2a: Tropius\n|-status|p2a: Tropius|tox\n|\n|-heal|p1a: Quagsire|87\/100|[from] item: Leftovers\n|-damage|p2a: Tropius|61\/100 tox|[from] psn\n|upkeep\n|turn|25\n|\n|t:|1697840276\n|switch|p2a: Oricorio|Oricorio, F, shiny|100\/100\n|-damage|p2a: Oricorio|50\/100|[from] Stealth Rock\n|switch|p1a: Clefable|Clefable, M, shiny|100\/100\n|\n|upkeep\n|turn|26\n|\n|t:|1697840299\n|move|p2a: Oricorio|Roost|p2a: Oricorio\n|-heal|p2a: Oricorio|100\/100\n|-singleturn|p2a: Oricorio|move: Roost\n|move|p1a: Clefable|Wish|p1a: Clefable\n|\n|upkeep\n|turn|27\n|\n|t:|1697840321\n|move|p2a: Oricorio|Quiver Dance|p2a: Oricorio\n|-boost|p2a: Oricorio|spa|1\n|-boost|p2a: Oricorio|spd|1\n|-boost|p2a: Oricorio|spe|1\n|move|p1a: Clefable|Knock Off|p2a: Oricorio\n|-damage|p2a: Oricorio|77\/100\n|-enditem|p2a: Oricorio|Life Orb|[from] move: Knock Off|[of] p1a: Clefable\n|\n|upkeep\n|turn|28\n|\n|t:|1697840340\n|switch|p1a: Quagsire|Quagsire, F, shiny|87\/100\n|-damage|p1a: Quagsire|81\/100|[from] Stealth Rock\n|move|p2a: Oricorio|Quiver Dance|p2a: Oricorio\n|-boost|p2a: Oricorio|spa|1\n|-boost|p2a: Oricorio|spd|1\n|-boost|p2a: Oricorio|spe|1\n|\n|-heal|p1a: Quagsire|87\/100|[from] item: Leftovers\n|upkeep\n|turn|29\n|\n|t:|1697840358\n|move|p2a: Oricorio|Hurricane|p1a: Quagsire|[miss]\n|-miss|p2a: Oricorio|p1a: Quagsire\n|move|p1a: Quagsire|Haze|p1a: Quagsire\n|-clearallboost\n|\n|-heal|p1a: Quagsire|93\/100|[from] item: Leftovers\n|upkeep\n|turn|30\n|c|\u2606Pyrope06|LETS GOOOO\n|\n|t:|1697840371\n|move|p2a: Oricorio|Hurricane|p1a: Quagsire\n|-damage|p1a: Quagsire|29\/100\n|move|p1a: Quagsire|Toxic|p2a: Oricorio\n|-status|p2a: Oricorio|tox\n|\n|-heal|p1a: Quagsire|35\/100|[from] item: Leftovers\n|-damage|p2a: Oricorio|71\/100 tox|[from] psn\n|upkeep\n|turn|31\n|\n|t:|1697840393\n|switch|p1a: Ursaluna|Ursaluna-Bloodmoon, M, tera:Psychic|76\/100\n|-damage|p1a: Ursaluna|64\/100|[from] Stealth Rock\n|move|p2a: Oricorio|Hurricane|p1a: Ursaluna\n|-damage|p1a: Ursaluna|0 fnt\n|faint|p1a: Ursaluna\n|\n|-damage|p2a: Oricorio|58\/100 tox|[from] psn\n|upkeep\n|\n|t:|1697840403\n|switch|p1a: Blissey|Blissey, F, shiny|24\/100\n|-damage|p1a: Blissey|12\/100|[from] Stealth Rock\n|turn|32\n|\n|t:|1697840410\n|move|p2a: Oricorio|Revelation Dance|p1a: Blissey\n|-damage|p1a: Blissey|0 fnt\n|faint|p1a: Blissey\n|\n|-damage|p2a: Oricorio|40\/100 tox|[from] psn\n|upkeep\n|\n|t:|1697840431\n|switch|p1a: Toxapex|Toxapex, M|54\/100\n|-damage|p1a: Toxapex|41\/100|[from] Stealth Rock\n|turn|33\n|\n|t:|1697840444\n|move|p2a: Oricorio|Hurricane|p1a: Toxapex|[miss]\n|-miss|p2a: Oricorio|p1a: Toxapex\n|move|p1a: Toxapex|Recover|p1a: Toxapex\n|-heal|p1a: Toxapex|91\/100\n|\n|-heal|p1a: Toxapex|98\/100|[from] item: Black Sludge\n|-damage|p2a: Oricorio|15\/100 tox|[from] psn\n|upkeep\n|turn|34\n|\n|t:|1697840456\n|move|p2a: Oricorio|Hurricane|p1a: Toxapex|[miss]\n|-miss|p2a: Oricorio|p1a: Toxapex\n|move|p1a: Toxapex|Stockpile|p1a: Toxapex\n|-start|p1a: Toxapex|stockpile1\n|-boost|p1a: Toxapex|def|1\n|-boost|p1a: Toxapex|spd|1\n|\n|-heal|p1a: Toxapex|100\/100|[from] item: Black Sludge\n|-damage|p2a: Oricorio|0 fnt|[from] psn\n|faint|p2a: Oricorio\n|upkeep\n|c|\u2606Pyrope06|eso es mala suerte\n|\n|t:|1697840473\n|switch|p2a: Cyclizar|Cyclizar, M|100\/100\n|-damage|p2a: Cyclizar|88\/100|[from] Stealth Rock\n|turn|35\n|c|\u2606Pyrope06|mucha\n|\n|t:|1697840480\n|move|p2a: Cyclizar|Taunt|p1a: Toxapex\n|-start|p1a: Toxapex|move: Taunt\n|cant|p1a: Toxapex|move: Taunt|Stockpile\n|\n|upkeep\n|turn|36\n|\n|t:|1697840498\n|move|p2a: Cyclizar|Draco Meteor|p1a: Toxapex\n|-damage|p1a: Toxapex|79\/100\n|-unboost|p2a: Cyclizar|spa|2\n|move|p1a: Toxapex|Sludge Bomb|p2a: Cyclizar\n|-damage|p2a: Cyclizar|62\/100\n|\n|-heal|p1a: Toxapex|85\/100|[from] item: Black Sludge\n|upkeep\n|turn|37\n|\n|t:|1697840510\n|move|p2a: Cyclizar|Shed Tail|p2a: Cyclizar\n|-start|p2a: Cyclizar|Substitute|[from] move: Shed Tail\n|-damage|p2a: Cyclizar|12\/100\n|\n|t:|1697840521\n|switch|p2a: Annihilape|Annihilape, F|100\/100|[from] Shed Tail\n|-damage|p2a: Annihilape|94\/100|[from] Stealth Rock\n|move|p1a: Toxapex|Sludge Bomb|p2a: Annihilape\n|-resisted|p2a: Annihilape\n|-activate|p2a: Annihilape|move: Substitute|[damage]\n|\n|-heal|p1a: Toxapex|91\/100|[from] item: Black Sludge\n|-end|p1a: Toxapex|move: Taunt\n|upkeep\n|turn|38\n|\n|t:|1697840537\n|move|p2a: Annihilape|Bulk Up|p2a: Annihilape\n|-boost|p2a: Annihilape|atk|1\n|-boost|p2a: Annihilape|def|1\n|move|p1a: Toxapex|Stockpile|p1a: Toxapex\n|-start|p1a: Toxapex|stockpile2\n|-boost|p1a: Toxapex|def|1\n|-boost|p1a: Toxapex|spd|1\n|\n|-heal|p1a: Toxapex|98\/100|[from] item: Black Sludge\n|upkeep\n|turn|39\n|\n|t:|1697840551\n|move|p2a: Annihilape|Bulk Up|p2a: Annihilape\n|-boost|p2a: Annihilape|atk|1\n|-boost|p2a: Annihilape|def|1\n|move|p1a: Toxapex|Sludge Bomb|p2a: Annihilape\n|-resisted|p2a: Annihilape\n|-activate|p2a: Annihilape|move: Substitute|[damage]\n|\n|-heal|p1a: Toxapex|100\/100|[from] item: Black Sludge\n|upkeep\n|turn|40\n|\n|t:|1697840561\n|move|p2a: Annihilape|Bulk Up|p2a: Annihilape\n|-boost|p2a: Annihilape|atk|1\n|-boost|p2a: Annihilape|def|1\n|move|p1a: Toxapex|Sludge Bomb|p2a: Annihilape\n|-resisted|p2a: Annihilape\n|-end|p2a: Annihilape|Substitute\n|\n|upkeep\n|turn|41\n|\n|t:|1697840583\n|move|p2a: Annihilape|Rage Fist|p1a: Toxapex\n|-damage|p1a: Toxapex|82\/100\n|move|p1a: Toxapex|Sludge Bomb|p2a: Annihilape\n|-resisted|p2a: Annihilape\n|-damage|p2a: Annihilape|87\/100\n|\n|-heal|p1a: Toxapex|89\/100|[from] item: Black Sludge\n|upkeep\n|turn|42\n|\n|t:|1697840620\n|switch|p1a: Torterra|Torterra, M, shiny|100\/100\n|-damage|p1a: Torterra|94\/100|[from] Stealth Rock\n|move|p2a: Annihilape|Rage Fist|p1a: Torterra\n|-damage|p1a: Torterra|0 fnt\n|faint|p1a: Torterra\n|\n|upkeep\n|\n|t:|1697840629\n|switch|p1a: Toxapex|Toxapex, M|100\/100\n|-damage|p1a: Toxapex|88\/100|[from] Stealth Rock\n|turn|43\n|c|\u2606turbomadre%|Monke\n|\n|t:|1697840645\n|move|p2a: Annihilape|Bulk Up|p2a: Annihilape\n|-boost|p2a: Annihilape|atk|1\n|-boost|p2a: Annihilape|def|1\n|move|p1a: Toxapex|Stockpile|p1a: Toxapex\n|-start|p1a: Toxapex|stockpile1\n|-boost|p1a: Toxapex|def|1\n|-boost|p1a: Toxapex|spd|1\n|\n|-heal|p1a: Toxapex|94\/100|[from] item: Black Sludge\n|upkeep\n|turn|44\n|\n|t:|1697840656\n|move|p2a: Annihilape|Rage Fist|p1a: Toxapex\n|-damage|p1a: Toxapex|32\/100\n|move|p1a: Toxapex|Stockpile|p1a: Toxapex\n|-start|p1a: Toxapex|stockpile2\n|-boost|p1a: Toxapex|def|1\n|-boost|p1a: Toxapex|spd|1\n|\n|-heal|p1a: Toxapex|38\/100|[from] item: Black Sludge\n|upkeep\n|turn|45\n|\n|t:|1697840666\n|move|p2a: Annihilape|Rage Fist|p1a: Toxapex\n|-damage|p1a: Toxapex|0 fnt\n|faint|p1a: Toxapex\n|\n|upkeep\n|\n|t:|1697840672\n|switch|p1a: Quagsire|Quagsire, F, shiny|35\/100\n|-damage|p1a: Quagsire|29\/100|[from] Stealth Rock\n|turn|46\n|\n|t:|1697840677\n|move|p2a: Annihilape|Drain Punch|p1a: Quagsire\n|-crit|p1a: Quagsire\n|-damage|p1a: Quagsire|0 fnt\n|-heal|p2a: Annihilape|100\/100|[from] drain|[of] p1a: Quagsire\n|faint|p1a: Quagsire\n|\n|upkeep\n|\n|t:|1697840683\n|switch|p1a: Clefable|Clefable, M, shiny|100\/100\n|turn|47\n|\n|t:|1697840687\n|move|p2a: Annihilape|Rage Fist|p1a: Clefable\n|-damage|p1a: Clefable|0 fnt\n|faint|p1a: Clefable\n|\n|win|turbomadre%\n|l|\u2606Pyrope06\n|j|\u2606Pyrope06\n|player|p1|Pyrope06|ghetsis\n","uploadtime":1697840716,"views":13,"p1id":"pyrope06","p2id":"turbomadre","formatid":"gen9ubers","rating":0,"private":0,"password":""}