{"id":"gen9ubers-1989736424","p1":"Steven Stone 007","p2":"FrostyRandom02","format":"[Gen 9] Ubers","log":"|j|\u2606Steven Stone 007\n|j|\u2606FrostyRandom02\n|t:|1699891365\n|gametype|singles\n|player|p1|Steven Stone 007|steven|\n|player|p2|FrostyRandom02|riley|\n|teamsize|p1|6\n|teamsize|p2|6\n|gen|9\n|tier|[Gen 9] Ubers\n|rule|Sleep Clause Mod: Limit one foe put to sleep\n|rule|Species Clause: Limit one of each Pok\u00e9mon\n|rule|OHKO Clause: OHKO moves are banned\n|rule|Evasion Items Clause: Evasion items are banned\n|rule|Evasion Moves Clause: Evasion moves are banned\n|rule|Endless Battle Clause: Forcing endless battles is banned\n|rule|HP Percentage Mod: HP is shown in percentages\n|clearpoke\n|poke|p1|Ninetales-Alola, M|\n|poke|p1|Baxcalibur, F|\n|poke|p1|Cyclizar, M|\n|poke|p1|Magearna|\n|poke|p1|Arceus-Poison|\n|poke|p1|Zacian-*|\n|poke|p2|Masquerain, F|\n|poke|p2|Okidogi, M|\n|poke|p2|Palafin, F|\n|poke|p2|Chi-Yu|\n|poke|p2|Cyclizar, F|\n|poke|p2|Gholdengo|\n|teampreview\n|c|\u2606Steven Stone 007|Gl\n|c|\u2606FrostyRandom02|glhf\n|\n|t:|1699891380\n|start\n|switch|p1a: Cyclizar|Cyclizar, M|100\/100\n|switch|p2a: Masquerain|Masquerain, F|100\/100\n|-ability|p2a: Masquerain|Intimidate|boost\n|-unboost|p1a: Cyclizar|atk|1\n|turn|1\n|\n|t:|1699891386\n|move|p1a: Cyclizar|Shed Tail|p1a: Cyclizar\n|-start|p1a: Cyclizar|Substitute|[from] move: Shed Tail\n|-damage|p1a: Cyclizar|50\/100\n|\n|t:|1699891389\n|switch|p1a: Zacian|Zacian|100\/100|[from] Shed Tail\n|-ability|p1a: Zacian|Intrepid Sword|boost\n|-boost|p1a: Zacian|atk|1\n|move|p2a: Masquerain|Stun Spore||[still]\n|-fail|p2a: Masquerain\n|\n|upkeep\n|turn|2\n|\n|t:|1699891397\n|move|p1a: Zacian|Swords Dance|p1a: Zacian\n|-boost|p1a: Zacian|atk|2\n|move|p2a: Masquerain|Whirlwind|p1a: Zacian\n|drag|p1a: Arceus|Arceus-Poison|100\/100\n|\n|upkeep\n|turn|3\n|\n|t:|1699891406\n|switch|p1a: Baxcalibur|Baxcalibur, F|100\/100\n|move|p2a: Masquerain|Stun Spore|p1a: Baxcalibur|[miss]\n|-miss|p2a: Masquerain|p1a: Baxcalibur\n|\n|upkeep\n|turn|4\n|\n|t:|1699891411\n|move|p1a: Baxcalibur|Scale Shot|p2a: Masquerain|[miss]\n|-miss|p1a: Baxcalibur|p2a: Masquerain\n|move|p2a: Masquerain|Stun Spore|p1a: Baxcalibur\n|-status|p1a: Baxcalibur|par\n|\n|upkeep\n|turn|5\n|\n|t:|1699891413\n|move|p2a: Masquerain|Sticky Web|p1a: Baxcalibur\n|-sidestart|p1: Steven Stone 007|move: Sticky Web\n|cant|p1a: Baxcalibur|par\n|\n|upkeep\n|turn|6\n|\n|t:|1699891419\n|move|p1a: Baxcalibur|Scale Shot|p2a: Masquerain\n|-damage|p2a: Masquerain|79\/100\n|-damage|p2a: Masquerain|56\/100\n|-damage|p2a: Masquerain|36\/100\n|-damage|p2a: Masquerain|16\/100\n|-hitcount|p2a: Masquerain|4\n|-unboost|p1a: Baxcalibur|def|1\n|-boost|p1a: Baxcalibur|spe|1\n|move|p2a: Masquerain|Whirlwind|p1a: Baxcalibur\n|drag|p1a: Ninetales|Ninetales-Alola, M|100\/100\n|-activate|p1a: Ninetales|move: Sticky Web\n|-unboost|p1a: Ninetales|spe|1\n|-weather|Snow|[from] ability: Snow Warning|[of] p1a: Ninetales\n|\n|-weather|Snow|[upkeep]\n|upkeep\n|turn|7\n|\n|t:|1699891426\n|move|p2a: Masquerain|Stun Spore|p1a: Ninetales\n|-status|p1a: Ninetales|par\n|move|p1a: Ninetales|Aurora Veil|p1a: Ninetales\n|-sidestart|p1: Steven Stone 007|move: Aurora Veil\n|\n|-weather|Snow|[upkeep]\n|upkeep\n|turn|8\n|\n|t:|1699891431\n|move|p1a: Ninetales|Moonblast|p2a: Masquerain\n|-damage|p2a: Masquerain|0 fnt\n|faint|p2a: Masquerain\n|\n|-weather|Snow|[upkeep]\n|upkeep\n|c|\u2606Steven Stone 007|You so lucky bro\n|\n|t:|1699891441\n|switch|p2a: Okidogi|Okidogi, M|100\/100\n|turn|9\n|\n|t:|1699891446\n|switch|p1a: Cyclizar|Cyclizar, M|84\/100\n|-activate|p1a: Cyclizar|move: Sticky Web\n|-unboost|p1a: Cyclizar|spe|1\n|move|p2a: Okidogi|Bulk Up|p2a: Okidogi\n|-boost|p2a: Okidogi|atk|1\n|-boost|p2a: Okidogi|def|1\n|\n|-weather|Snow|[upkeep]\n|upkeep\n|turn|10\n|c|\u2606FrostyRandom02|That luck is unusual for me lmao\n|\n|t:|1699891459\n|move|p1a: Cyclizar|Rapid Spin|p2a: Okidogi\n|-damage|p2a: Okidogi|92\/100\n|-boost|p1a: Cyclizar|spe|1\n|-sideend|p1: Steven Stone 007|Sticky Web|[from] move: Rapid Spin|[of] p1a: Cyclizar\n|move|p2a: Okidogi|Bulk Up|p2a: Okidogi\n|-boost|p2a: Okidogi|atk|1\n|-boost|p2a: Okidogi|def|1\n|\n|-weather|none\n|-heal|p2a: Okidogi|98\/100|[from] item: Leftovers\n|upkeep\n|turn|11\n|\n|t:|1699891466\n|switch|p1a: Magearna|Magearna|100\/100\n|move|p2a: Okidogi|Drain Punch|p1a: Magearna\n|-damage|p1a: Magearna|73\/100\n|-heal|p2a: Okidogi|100\/100|[from] drain|[of] p1a: Magearna\n|\n|-heal|p1a: Magearna|79\/100|[from] item: Leftovers\n|upkeep\n|turn|12\n|\n|t:|1699891472\n|move|p2a: Okidogi|Knock Off|p1a: Magearna\n|-resisted|p1a: Magearna\n|-damage|p1a: Magearna|67\/100\n|-enditem|p1a: Magearna|Leftovers|[from] move: Knock Off|[of] p2a: Okidogi\n|move|p1a: Magearna|Thunder Wave|p2a: Okidogi\n|-status|p2a: Okidogi|par\n|\n|upkeep\n|turn|13\n|\n|t:|1699891477\n|move|p1a: Magearna|Encore|p2a: Okidogi\n|-start|p2a: Okidogi|Encore\n|move|p2a: Okidogi|Knock Off|p1a: Magearna\n|-resisted|p1a: Magearna\n|-damage|p1a: Magearna|59\/100\n|\n|upkeep\n|turn|14\n|\n|t:|1699891485\n|move|p1a: Magearna|Spikes|p2a: Okidogi\n|-sidestart|p2: FrostyRandom02|Spikes\n|cant|p2a: Okidogi|par\n|\n|-sideend|p1: Steven Stone 007|move: Aurora Veil\n|upkeep\n|turn|15\n|\n|t:|1699891489\n|move|p1a: Magearna|Spikes|p2a: Okidogi\n|-sidestart|p2: FrostyRandom02|Spikes\n|move|p2a: Okidogi|Knock Off|p1a: Magearna\n|-resisted|p1a: Magearna\n|-damage|p1a: Magearna|43\/100\n|\n|-end|p2a: Okidogi|Encore\n|upkeep\n|turn|16\n|\n|t:|1699891494\n|switch|p2a: Cyclizar|Cyclizar, F|100\/100\n|move|p1a: Magearna|Encore||[still]\n|-fail|p1a: Magearna\n|\n|upkeep\n|turn|17\n|\n|t:|1699891500\n|move|p2a: Cyclizar|Rapid Spin|p1a: Magearna\n|-resisted|p1a: Magearna\n|-crit|p1a: Magearna\n|-damage|p1a: Magearna|33\/100\n|-boost|p2a: Cyclizar|spe|1\n|-sideend|p2: FrostyRandom02|Spikes|[from] move: Rapid Spin|[of] p2a: Cyclizar\n|move|p1a: Magearna|Fleur Cannon|p2a: Cyclizar\n|-supereffective|p2a: Cyclizar\n|-damage|p2a: Cyclizar|0 fnt\n|-unboost|p1a: Magearna|spa|2\n|faint|p2a: Cyclizar\n|-ability|p1a: Magearna|Soul-Heart|boost\n|-boost|p1a: Magearna|spa|1\n|\n|upkeep\n|\n|t:|1699891510\n|switch|p2a: Gholdengo|Gholdengo|100\/100\n|turn|18\n|\n|t:|1699891517\n|move|p2a: Gholdengo|Shadow Ball|p1a: Magearna\n|-damage|p1a: Magearna|2\/100\n|-unboost|p1a: Magearna|spd|1\n|-damage|p2a: Gholdengo|91\/100|[from] item: Life Orb\n|move|p1a: Magearna|Spikes|p2a: Gholdengo\n|-sidestart|p2: FrostyRandom02|Spikes\n|\n|upkeep\n|turn|19\n|\n|t:|1699891522\n|move|p2a: Gholdengo|Shadow Ball|p1a: Magearna\n|-crit|p1a: Magearna\n|-damage|p1a: Magearna|0 fnt\n|faint|p1a: Magearna\n|-damage|p2a: Gholdengo|81\/100|[from] item: Life Orb\n|\n|upkeep\n|\n|t:|1699891525\n|switch|p1a: Cyclizar|Cyclizar, M|100\/100\n|turn|20\n|\n|t:|1699891529\n|move|p1a: Cyclizar|Shed Tail|p1a: Cyclizar\n|-start|p1a: Cyclizar|Substitute|[from] move: Shed Tail\n|-damage|p1a: Cyclizar|50\/100\n|\n|t:|1699891532\n|switch|p1a: Zacian|Zacian|100\/100|[from] Shed Tail\n|move|p2a: Gholdengo|Make It Rain|p1a: Zacian\n|-supereffective|p1a: Zacian\n|-end|p1a: Zacian|Substitute\n|-unboost|p2a: Gholdengo|spa|1\n|-damage|p2a: Gholdengo|71\/100|[from] item: Life Orb\n|\n|upkeep\n|turn|21\n|\n|t:|1699891537\n|switch|p2a: Okidogi|Okidogi, M|100\/100 par\n|-damage|p2a: Okidogi|88\/100 par|[from] Spikes\n|-terastallize|p1a: Zacian|Fire\n|move|p1a: Zacian|Tera Blast|p2a: Okidogi|[anim] Tera Blast Fire\n|-damage|p2a: Okidogi|59\/100 par\n|\n|-heal|p2a: Okidogi|65\/100 par|[from] item: Leftovers\n|upkeep\n|turn|22\n|\n|t:|1699891543\n|move|p1a: Zacian|Swords Dance|p1a: Zacian\n|-boost|p1a: Zacian|atk|2\n|move|p2a: Okidogi|Knock Off|p1a: Zacian\n|-damage|p1a: Zacian|73\/100\n|-enditem|p1a: Zacian|Heavy-Duty Boots|[from] move: Knock Off|[of] p2a: Okidogi\n|\n|-heal|p2a: Okidogi|71\/100 par|[from] item: Leftovers\n|upkeep\n|turn|23\n|\n|t:|1699891557\n|move|p1a: Zacian|Tera Blast|p2a: Okidogi|[anim] Tera Blast Fire\n|-damage|p2a: Okidogi|5\/100 par\n|cant|p2a: Okidogi|par\n|\n|-heal|p2a: Okidogi|11\/100 par|[from] item: Leftovers\n|upkeep\n|turn|24\n|\n|t:|1699891561\n|move|p1a: Zacian|Tera Blast|p2a: Okidogi|[anim] Tera Blast Fire\n|-damage|p2a: Okidogi|0 fnt\n|faint|p2a: Okidogi\n|\n|upkeep\n|\n|t:|1699891563\n|switch|p2a: Palafin|Palafin, F|100\/100\n|-damage|p2a: Palafin|88\/100|[from] Spikes\n|turn|25\n|\n|t:|1699891575\n|-terastallize|p2a: Palafin|Water\n|move|p2a: Palafin|Jet Punch|p1a: Zacian\n|-supereffective|p1a: Zacian\n|-crit|p1a: Zacian\n|-damage|p1a: Zacian|0 fnt\n|faint|p1a: Zacian\n|\n|upkeep\n|\n|t:|1699891613\n|switch|p1a: Cyclizar|Cyclizar, M|84\/100\n|turn|26\n|\n|t:|1699891620\n|move|p2a: Palafin|Jet Punch|p1a: Cyclizar\n|-resisted|p1a: Cyclizar\n|-damage|p1a: Cyclizar|52\/100\n|move|p1a: Cyclizar|Shed Tail|p1a: Cyclizar\n|-start|p1a: Cyclizar|Substitute|[from] move: Shed Tail\n|-damage|p1a: Cyclizar|2\/100\n|\n|t:|1699891623\n|switch|p1a: Baxcalibur|Baxcalibur, F|100\/100 par|[from] Shed Tail\n|\n|upkeep\n|turn|27\n|\n|t:|1699891628\n|detailschange|p2a: Palafin|Palafin-Hero, F, tera:Water\n|switch|p2a: Chi-Yu|Chi-Yu|100\/100\n|-damage|p2a: Chi-Yu|88\/100|[from] Spikes\n|-ability|p2a: Chi-Yu|Beads of Ruin\n|move|p1a: Baxcalibur|Scale Shot|p2a: Chi-Yu\n|-damage|p2a: Chi-Yu|65\/100\n|-crit|p2a: Chi-Yu\n|-damage|p2a: Chi-Yu|28\/100\n|-damage|p2a: Chi-Yu|5\/100\n|-damage|p2a: Chi-Yu|0 fnt\n|faint|p2a: Chi-Yu\n|-hitcount|p2: Chi-Yu|4\n|-unboost|p1a: Baxcalibur|def|1\n|-boost|p1a: Baxcalibur|spe|1\n|\n|upkeep\n|\n|t:|1699891633\n|switch|p2a: Palafin|Palafin-Hero, F, tera:Water|88\/100\n|-damage|p2a: Palafin|76\/100|[from] Spikes\n|-activate|p2a: Palafin|ability: Zero to Hero\n|turn|28\n|\n|t:|1699891648\n|move|p2a: Palafin|Iron Head|p1a: Baxcalibur\n|-supereffective|p1a: Baxcalibur\n|-end|p1a: Baxcalibur|Substitute\n|move|p1a: Baxcalibur|Scale Shot|p2a: Palafin\n|-damage|p2a: Palafin|62\/100\n|-damage|p2a: Palafin|47\/100\n|-damage|p2a: Palafin|32\/100\n|-damage|p2a: Palafin|17\/100\n|-hitcount|p2a: Palafin|4\n|-unboost|p1a: Baxcalibur|def|1\n|-boost|p1a: Baxcalibur|spe|1\n|\n|upkeep\n|turn|29\n|\n|t:|1699891656\n|move|p2a: Palafin|Iron Head|p1a: Baxcalibur\n|-supereffective|p1a: Baxcalibur\n|-damage|p1a: Baxcalibur|0 fnt\n|faint|p1a: Baxcalibur\n|\n|upkeep\n|\n|t:|1699891658\n|switch|p1a: Cyclizar|Cyclizar, M|35\/100\n|turn|30\n|\n|t:|1699891662\n|switch|p2a: Gholdengo|Gholdengo|71\/100\n|-damage|p2a: Gholdengo|59\/100|[from] Spikes\n|move|p1a: Cyclizar|U-turn|p2a: Gholdengo\n|-resisted|p2a: Gholdengo\n|-damage|p2a: Gholdengo|55\/100\n|\n|t:|1699891665\n|switch|p1a: Arceus|Arceus-Poison|100\/100|[from] U-turn\n|\n|upkeep\n|turn|31\n|\n|t:|1699891670\n|move|p2a: Gholdengo|Recover|p2a: Gholdengo\n|-heal|p2a: Gholdengo|100\/100\n|move|p1a: Arceus|Calm Mind|p1a: Arceus\n|-boost|p1a: Arceus|spa|1\n|-boost|p1a: Arceus|spd|1\n|\n|upkeep\n|turn|32\n|\n|t:|1699891675\n|move|p2a: Gholdengo|Psyshock|p1a: Arceus\n|-supereffective|p1a: Arceus\n|-damage|p1a: Arceus|65\/100\n|-damage|p2a: Gholdengo|91\/100|[from] item: Life Orb\n|move|p1a: Arceus|Calm Mind|p1a: Arceus\n|-boost|p1a: Arceus|spa|1\n|-boost|p1a: Arceus|spd|1\n|\n|upkeep\n|turn|33\n|\n|t:|1699891678\n|move|p2a: Gholdengo|Psyshock|p1a: Arceus\n|-supereffective|p1a: Arceus\n|-crit|p1a: Arceus\n|-damage|p1a: Arceus|6\/100\n|-damage|p2a: Gholdengo|81\/100|[from] item: Life Orb\n|move|p1a: Arceus|Earth Power|p2a: Gholdengo\n|-supereffective|p2a: Gholdengo\n|-damage|p2a: Gholdengo|0 fnt\n|faint|p2a: Gholdengo\n|\n|upkeep\n|\n|t:|1699891682\n|switch|p2a: Palafin|Palafin-Hero, F, tera:Water|17\/100\n|-damage|p2a: Palafin|5\/100|[from] Spikes\n|turn|34\n|\n|t:|1699891690\n|move|p2a: Palafin|Jet Punch|p1a: Arceus\n|-damage|p1a: Arceus|0 fnt\n|faint|p1a: Arceus\n|\n|upkeep\n|\n|t:|1699891712\n|switch|p1a: Ninetales|Ninetales-Alola, M|100\/100 par\n|-weather|Snow|[from] ability: Snow Warning|[of] p1a: Ninetales\n|turn|35\n|\n|t:|1699891717\n|switch|p1a: Cyclizar|Cyclizar, M|68\/100\n|move|p2a: Palafin|Jet Punch|p1a: Cyclizar\n|-resisted|p1a: Cyclizar\n|-damage|p1a: Cyclizar|14\/100\n|\n|-weather|Snow|[upkeep]\n|upkeep\n|turn|36\n|c|\u2606FrostyRandom02|gg\n|\n|t:|1699891721\n|move|p2a: Palafin|Jet Punch|p1a: Cyclizar\n|-resisted|p1a: Cyclizar\n|-damage|p1a: Cyclizar|0 fnt\n|faint|p1a: Cyclizar\n|\n|-weather|Snow|[upkeep]\n|upkeep\n|\n|t:|1699891723\n|switch|p1a: Ninetales|Ninetales-Alola, M|100\/100 par\n|turn|37\n|\n|t:|1699891727\n|move|p2a: Palafin|Jet Punch|p1a: Ninetales\n|-damage|p1a: Ninetales|43\/100 par\n|move|p1a: Ninetales|Moonblast|p2a: Palafin\n|-damage|p2a: Palafin|0 fnt\n|faint|p2a: Palafin\n|\n|win|Steven Stone 007\n|l|\u2606FrostyRandom02\n","uploadtime":1699891806,"views":10,"p1id":"stevenstone007","p2id":"frostyrandom02","formatid":"gen9ubers","rating":0,"private":0,"password":""}