{"id":"gen9ubers-1992370656","p1":"DracoAxel","p2":"Soul-Shards","format":"[Gen 9] Ubers","log":"|j|\u2606DracoAxel\n|j|\u2606Soul-Shards\n|t:|1700179776\n|gametype|singles\n|player|p1|DracoAxel|nate|\n|player|p2|Soul-Shards|nemona-s|\n|teamsize|p1|6\n|teamsize|p2|6\n|gen|9\n|tier|[Gen 9] Ubers\n|rule|Sleep Clause Mod: Limit one foe put to sleep\n|rule|Species Clause: Limit one of each Pok\u00e9mon\n|rule|OHKO Clause: OHKO moves are banned\n|rule|Evasion Items Clause: Evasion items are banned\n|rule|Evasion Moves Clause: Evasion moves are banned\n|rule|Endless Battle Clause: Forcing endless battles is banned\n|rule|HP Percentage Mod: HP is shown in percentages\n|clearpoke\n|poke|p1|Ogerpon-Cornerstone, F|\n|poke|p1|Ariados, M|\n|poke|p1|Ambipom, F|\n|poke|p1|Infernape, M|\n|poke|p1|Empoleon, F|\n|poke|p1|Ursaluna-Bloodmoon, M|\n|poke|p2|Gliscor, F|\n|poke|p2|Ogerpon-Hearthflame, F|\n|poke|p2|Snorlax, M|\n|poke|p2|Sinistcha|\n|poke|p2|Mandibuzz, F|\n|poke|p2|Empoleon, M|\n|teampreview\n|inactive|Battle timer is ON: inactive players will automatically lose when time's up. (requested by Soul-Shards)\n|inactive|Soul-Shards has 270 seconds left.\n|\n|t:|1700179809\n|start\n|switch|p1a: Ambipom|Ambipom, F|100\/100\n|switch|p2a: Gliscor|Gliscor, F|100\/100\n|turn|1\n|\n|t:|1700179834\n|move|p2a: Gliscor|Protect|p2a: Gliscor\n|-singleturn|p2a: Gliscor|Protect\n|move|p1a: Ambipom|Knock Off|p2a: Gliscor\n|-activate|p2a: Gliscor|move: Protect\n|\n|-status|p2a: Gliscor|tox|[from] item: Toxic Orb\n|upkeep\n|turn|2\n|inactive|Soul-Shards has 270 seconds left.\n|\n|t:|1700179863\n|move|p1a: Ambipom|U-turn|p2a: Gliscor\n|-resisted|p2a: Gliscor\n|-damage|p2a: Gliscor|91\/100 tox\n|-damage|p1a: Ambipom|91\/100|[from] item: Life Orb\n|inactive|DracoAxel has 270 seconds left.\n|\n|t:|1700179890\n|switch|p1a: Ogerpon|Ogerpon-Cornerstone, F|100\/100|[from] U-turn\n|move|p2a: Gliscor|Stealth Rock|p1a: Ogerpon\n|-sidestart|p1: DracoAxel|move: Stealth Rock\n|\n|-heal|p2a: Gliscor|100\/100 tox|[from] ability: Poison Heal\n|upkeep\n|turn|3\n|inactive|DracoAxel has 270 seconds left.\n|inactive|Soul-Shards has 270 seconds left.\n|inactive|Soul-Shards has 240 seconds left.\n|\n|t:|1700179932\n|move|p1a: Ogerpon|Ivy Cudgel|p2a: Gliscor|[anim] Ivy Cudgel Rock\n|-crit|p2a: Gliscor\n|-damage|p2a: Gliscor|49\/100 tox\n|move|p2a: Gliscor|Earthquake|p1a: Ogerpon\n|-damage|p1a: Ogerpon|51\/100\n|\n|-heal|p2a: Gliscor|61\/100 tox|[from] ability: Poison Heal\n|upkeep\n|turn|4\n|inactive|DracoAxel has 270 seconds left.\n|inactive|Soul-Shards has 240 seconds left.\n|inactive|Soul-Shards has 210 seconds left.\n|\n|t:|1700179973\n|-terastallize|p1a: Ogerpon|Rock\n|detailschange|p1a: Ogerpon|Ogerpon-Cornerstone-Tera, F, tera:Rock\n|-ability|p1a: Ogerpon|Embody Aspect (Cornerstone)|boost\n|-boost|p1a: Ogerpon|def|1\n|move|p1a: Ogerpon|Ivy Cudgel|p2a: Gliscor|[anim] Ivy Cudgel Rock\n|-damage|p2a: Gliscor|15\/100 tox\n|move|p2a: Gliscor|Earthquake|p1a: Ogerpon\n|-supereffective|p1a: Ogerpon\n|-damage|p1a: Ogerpon|0 fnt\n|faint|p1a: Ogerpon\n|\n|-heal|p2a: Gliscor|27\/100 tox|[from] ability: Poison Heal\n|upkeep\n|\n|t:|1700179993\n|switch|p1a: Ambipom|Ambipom, F|91\/100\n|-damage|p1a: Ambipom|78\/100|[from] Stealth Rock\n|turn|5\n|\n|t:|1700179996\n|move|p2a: Gliscor|Protect|p2a: Gliscor\n|-singleturn|p2a: Gliscor|Protect\n|move|p1a: Ambipom|Fake Out|p2a: Gliscor\n|-activate|p2a: Gliscor|move: Protect\n|\n|-heal|p2a: Gliscor|40\/100 tox|[from] ability: Poison Heal\n|upkeep\n|turn|6\n|\n|t:|1700180017\n|move|p1a: Ambipom|U-turn|p2a: Gliscor\n|-resisted|p2a: Gliscor\n|-damage|p2a: Gliscor|31\/100 tox\n|-damage|p1a: Ambipom|68\/100|[from] item: Life Orb\n|inactive|DracoAxel has 270 seconds left.\n|\n|t:|1700180032\n|switch|p1a: Ariados|Ariados, M|100\/100|[from] U-turn\n|-damage|p1a: Ariados|76\/100|[from] Stealth Rock\n|move|p2a: Gliscor|Knock Off|p1a: Ariados\n|-damage|p1a: Ariados|47\/100\n|-enditem|p1a: Ariados|Sitrus Berry|[from] move: Knock Off|[of] p2a: Gliscor\n|\n|-heal|p2a: Gliscor|43\/100 tox|[from] ability: Poison Heal\n|upkeep\n|turn|7\n|inactive|DracoAxel has 270 seconds left.\n|\n|t:|1700180051\n|move|p2a: Gliscor|Earthquake|p1a: Ariados\n|-damage|p1a: Ariados|8\/100\n|move|p1a: Ariados|Sticky Web|p2a: Gliscor\n|-sidestart|p2: Soul-Shards|move: Sticky Web\n|\n|-heal|p2a: Gliscor|56\/100 tox|[from] ability: Poison Heal\n|upkeep\n|turn|8\n|inactive|DracoAxel has 270 seconds left.\n|\n|t:|1700180066\n|move|p2a: Gliscor|Knock Off|p1a: Ariados\n|-damage|p1a: Ariados|0 fnt\n|faint|p1a: Ariados\n|\n|-heal|p2a: Gliscor|68\/100 tox|[from] ability: Poison Heal\n|upkeep\n|inactive|DracoAxel has 270 seconds left.\n|\n|t:|1700180073\n|switch|p1a: Empoleon|Empoleon, F|100\/100\n|-damage|p1a: Empoleon|94\/100|[from] Stealth Rock\n|turn|9\n|inactive|Soul-Shards has 210 seconds left.\n|\n|t:|1700180107\n|-terastallize|p2a: Gliscor|Water\n|move|p2a: Gliscor|Earthquake|p1a: Empoleon\n|-supereffective|p1a: Empoleon\n|-damage|p1a: Empoleon|28\/100\n|-enditem|p1a: Empoleon|Weakness Policy\n|-boost|p1a: Empoleon|atk|2|[from] item: Weakness Policy\n|-boost|p1a: Empoleon|spa|2|[from] item: Weakness Policy\n|move|p1a: Empoleon|Hydro Pump|p2a: Gliscor\n|-resisted|p2a: Gliscor\n|-damage|p2a: Gliscor|3\/100 tox\n|\n|-heal|p2a: Gliscor|16\/100 tox|[from] ability: Poison Heal\n|upkeep\n|turn|10\n|\n|t:|1700180131\n|move|p2a: Gliscor|Protect|p2a: Gliscor\n|-singleturn|p2a: Gliscor|Protect\n|move|p1a: Empoleon|Air Slash|p2a: Gliscor\n|-activate|p2a: Gliscor|move: Protect\n|\n|-heal|p2a: Gliscor|28\/100 tox|[from] ability: Poison Heal\n|upkeep\n|turn|11\n|\n|t:|1700180139\n|move|p2a: Gliscor|Earthquake|p1a: Empoleon\n|-supereffective|p1a: Empoleon\n|-damage|p1a: Empoleon|0 fnt\n|faint|p1a: Empoleon\n|\n|-heal|p2a: Gliscor|41\/100 tox|[from] ability: Poison Heal\n|upkeep\n|\n|t:|1700180145\n|switch|p1a: Ursaluna|Ursaluna-Bloodmoon, M|100\/100\n|-damage|p1a: Ursaluna|95\/100|[from] Stealth Rock\n|turn|12\n|inactive|Soul-Shards has 180 seconds left.\n|\n|t:|1700180197\n|move|p2a: Gliscor|Knock Off|p1a: Ursaluna\n|-damage|p1a: Ursaluna|77\/100\n|-enditem|p1a: Ursaluna|Choice Specs|[from] move: Knock Off|[of] p2a: Gliscor\n|move|p1a: Ursaluna|Blood Moon|p2a: Gliscor\n|-damage|p2a: Gliscor|0 fnt\n|faint|p2a: Gliscor\n|\n|upkeep\n|inactive|Soul-Shards has 150 seconds left.\n|inactive|Soul-Shards has 120 seconds left.\n|\n|t:|1700180251\n|switch|p2a: Snorlax|Snorlax, M|100\/100\n|-activate|p2a: Snorlax|move: Sticky Web\n|-unboost|p2a: Snorlax|spe|1\n|turn|13\n|inactive|Soul-Shards has 120 seconds left.\n|\n|t:|1700180267\n|move|p1a: Ursaluna|Focus Blast|p2a: Snorlax|[miss]\n|-miss|p1a: Ursaluna|p2a: Snorlax\n|move|p2a: Snorlax|Body Slam|p1a: Ursaluna\n|-crit|p1a: Ursaluna\n|-damage|p1a: Ursaluna|33\/100\n|\n|upkeep\n|turn|14\n|inactive|Soul-Shards has 120 seconds left.\n|\n|t:|1700180287\n|move|p1a: Ursaluna|Blood Moon|p2a: Snorlax\n|-damage|p2a: Snorlax|52\/100\n|move|p2a: Snorlax|Ice Punch|p1a: Ursaluna\n|-supereffective|p1a: Ursaluna\n|-damage|p1a: Ursaluna|0 fnt\n|faint|p1a: Ursaluna\n|\n|-heal|p2a: Snorlax|58\/100|[from] item: Leftovers\n|upkeep\n|\n|t:|1700180295\n|switch|p1a: Infernape|Infernape, M|100\/100\n|-damage|p1a: Infernape|88\/100|[from] Stealth Rock\n|turn|15\n|inactive|Soul-Shards has 120 seconds left.\n|\n|t:|1700180309\n|move|p1a: Infernape|Close Combat|p2a: Snorlax\n|-supereffective|p2a: Snorlax\n|-crit|p2a: Snorlax\n|-damage|p2a: Snorlax|0 fnt\n|-unboost|p1a: Infernape|def|1\n|-unboost|p1a: Infernape|spd|1\n|faint|p2a: Snorlax\n|\n|upkeep\n|\n|t:|1700180317\n|switch|p2a: Mandibuzz|Mandibuzz, F|100\/100\n|turn|16\n|inactive|Soul-Shards has 120 seconds left.\n|\n|t:|1700180333\n|switch|p1a: Ambipom|Ambipom, F|68\/100\n|-damage|p1a: Ambipom|56\/100|[from] Stealth Rock\n|move|p2a: Mandibuzz|Defog|p1a: Ambipom\n|-unboost|p1a: Ambipom|evasion|1\n|-sideend|p1: DracoAxel|Stealth Rock|[from] move: Defog|[of] p2a: Mandibuzz\n|-sideend|p2: Soul-Shards|Sticky Web|[from] move: Defog|[of] p2a: Mandibuzz\n|\n|upkeep\n|turn|17\n|inactive|Soul-Shards has 120 seconds left.\n|\n|t:|1700180345\n|move|p1a: Ambipom|Fake Out|p2a: Mandibuzz\n|-damage|p2a: Mandibuzz|79\/100\n|-damage|p1a: Ambipom|46\/100|[from] item: Life Orb\n|cant|p2a: Mandibuzz|flinch\n|\n|upkeep\n|turn|18\n|\n|t:|1700180352\n|move|p1a: Ambipom|Knock Off|p2a: Mandibuzz\n|-resisted|p2a: Mandibuzz\n|-damage|p2a: Mandibuzz|67\/100\n|-enditem|p2a: Mandibuzz|Heavy-Duty Boots|[from] move: Knock Off|[of] p1a: Ambipom\n|-damage|p1a: Ambipom|36\/100|[from] item: Life Orb\n|move|p2a: Mandibuzz|Knock Off|p1a: Ambipom\n|-damage|p1a: Ambipom|0 fnt\n|-enditem|p1a: Ambipom|Life Orb|[from] move: Knock Off|[of] p2a: Mandibuzz\n|faint|p1a: Ambipom\n|\n|upkeep\n|\n|t:|1700180359\n|switch|p1a: Infernape|Infernape, M|88\/100\n|turn|19\n|\n|t:|1700180364\n|move|p1a: Infernape|Close Combat|p2a: Mandibuzz\n|-damage|p2a: Mandibuzz|18\/100\n|-unboost|p1a: Infernape|def|1\n|-unboost|p1a: Infernape|spd|1\n|move|p2a: Mandibuzz|Foul Play|p1a: Infernape\n|-resisted|p1a: Infernape\n|-damage|p1a: Infernape|37\/100\n|\n|upkeep\n|turn|20\n|\n|t:|1700180372\n|move|p1a: Infernape|Close Combat|p2a: Mandibuzz\n|-damage|p2a: Mandibuzz|0 fnt\n|-unboost|p1a: Infernape|def|1\n|-unboost|p1a: Infernape|spd|1\n|faint|p2a: Mandibuzz\n|\n|upkeep\n|\n|t:|1700180378\n|switch|p2a: Ogerpon|Ogerpon-Hearthflame, F|100\/100\n|-ability|p2a: Ogerpon|Mold Breaker\n|turn|21\n|inactive|Soul-Shards has 150 seconds left.\n|inactive|Soul-Shards has 120 seconds left.\n|\n|t:|1700180413\n|move|p2a: Ogerpon|Play Rough|p1a: Infernape\n|-damage|p1a: Infernape|0 fnt\n|faint|p1a: Infernape\n|\n|win|Soul-Shards\n|c|\u2606Soul-Shards|gg\n|l|\u2606DracoAxel\n","uploadtime":1700180419,"views":10,"p1id":"dracoaxel","p2id":"soulshards","formatid":"gen9ubers","rating":0,"private":0,"password":""}