{"id":"gen9ubers-1994956377","p1":"Starwarier","p2":"powerstaark","format":"[Gen 9] Ubers","log":"|j|\u2606Starwarier\n|j|\u2606powerstaark\n|t:|1700507946\n|gametype|singles\n|player|p1|Starwarier|266|1000\n|player|p2|powerstaark|266|1000\n|teamsize|p1|6\n|teamsize|p2|6\n|gen|9\n|tier|[Gen 9] Ubers\n|rated|\n|rule|Sleep Clause Mod: Limit one foe put to sleep\n|rule|Species Clause: Limit one of each Pok\u00e9mon\n|rule|OHKO Clause: OHKO moves are banned\n|rule|Evasion Items Clause: Evasion items are banned\n|rule|Evasion Moves Clause: Evasion moves are banned\n|rule|Endless Battle Clause: Forcing endless battles is banned\n|rule|HP Percentage Mod: HP is shown in percentages\n|clearpoke\n|poke|p1|Espeon, F|\n|poke|p1|Volcarona, F|\n|poke|p1|Annihilape, M|\n|poke|p1|Jolteon, M|\n|poke|p1|Gholdengo|\n|poke|p1|Gyarados, F|\n|poke|p2|Palafin, M|\n|poke|p2|Glimmora, F|\n|poke|p2|Gogoat, M|\n|poke|p2|Avalugg, M|\n|poke|p2|Espathra, F|\n|poke|p2|Kingambit, M|\n|teampreview\n|inactive|Battle timer is ON: inactive players will automatically lose when time's up. (requested by Starwarier)\n|\n|t:|1700507959\n|start\n|switch|p1a: Espeon|Espeon, F|100\/100\n|switch|p2a: Palafin|Palafin, M|100\/100\n|turn|1\n|\n|t:|1700507966\n|move|p1a: Espeon|Reflect|p1a: Espeon\n|-sidestart|p1: Starwarier|Reflect\n|move|p2a: Palafin|Flip Turn|p1a: Espeon\n|-damage|p1a: Espeon|83\/100\n|\n|t:|1700507981\n|detailschange|p2a: Palafin|Palafin-Hero, M\n|switch|p2a: Avalugg|Avalugg, M|100\/100|[from] Flip Turn\n|\n|upkeep\n|turn|2\n|\n|t:|1700507985\n|move|p1a: Espeon|Light Screen|p1a: Espeon\n|-sidestart|p1: Starwarier|move: Light Screen\n|move|p2a: Avalugg|Ice Spinner|p1a: Espeon\n|-damage|p1a: Espeon|53\/100\n|\n|upkeep\n|turn|3\n|\n|t:|1700507994\n|move|p1a: Espeon|Psychic|p2a: Avalugg\n|-damage|p2a: Avalugg|38\/100\n|move|p2a: Avalugg|Gyro Ball|p1a: Espeon\n|-damage|p1a: Espeon|15\/100\n|\n|upkeep\n|turn|4\n|\n|t:|1700508000\n|move|p1a: Espeon|Psychic|p2a: Avalugg\n|-damage|p2a: Avalugg|0 fnt\n|faint|p2a: Avalugg\n|\n|upkeep\n|\n|t:|1700508006\n|switch|p2a: Gogoat|Gogoat, M|100\/100\n|turn|5\n|\n|t:|1700508009\n|move|p1a: Espeon|Psychic|p2a: Gogoat\n|-damage|p2a: Gogoat|63\/100\n|move|p2a: Gogoat|Horn Leech|p1a: Espeon\n|-damage|p1a: Espeon|0 fnt\n|-heal|p2a: Gogoat|69\/100|[from] drain|[of] p1a: Espeon\n|faint|p1a: Espeon\n|\n|upkeep\n|\n|t:|1700508012\n|switch|p1a: Volcarona|Volcarona, F|100\/100\n|turn|6\n|\n|t:|1700508018\n|move|p1a: Volcarona|Quiver Dance|p1a: Volcarona\n|-boost|p1a: Volcarona|spa|1\n|-boost|p1a: Volcarona|spd|1\n|-boost|p1a: Volcarona|spe|1\n|move|p2a: Gogoat|Rock Slide|p1a: Volcarona\n|-supereffective|p1a: Volcarona\n|-damage|p1a: Volcarona|21\/100\n|\n|upkeep\n|turn|7\n|\n|t:|1700508029\n|move|p1a: Volcarona|Fiery Dance|p2a: Gogoat\n|-supereffective|p2a: Gogoat\n|-damage|p2a: Gogoat|0 fnt\n|-boost|p1a: Volcarona|spa|1\n|faint|p2a: Gogoat\n|\n|upkeep\n|\n|t:|1700508039\n|switch|p2a: Glimmora|Glimmora, F|100\/100\n|-item|p2a: Glimmora|Air Balloon\n|turn|8\n|\n|t:|1700508044\n|-terastallize|p1a: Volcarona|Grass\n|move|p1a: Volcarona|Giga Drain|p2a: Glimmora\n|-damage|p2a: Glimmora|0 fnt\n|-heal|p1a: Volcarona|70\/100|[from] drain|[of] p2a: Glimmora\n|-enditem|p2a: Glimmora|Air Balloon\n|faint|p2a: Glimmora\n|\n|-sideend|p1: Starwarier|Reflect\n|upkeep\n|\n|t:|1700508053\n|switch|p2a: Espathra|Espathra, F|100\/100\n|turn|9\n|\n|t:|1700508057\n|move|p1a: Volcarona|Fiery Dance|p2a: Espathra\n|-damage|p2a: Espathra|0 fnt\n|faint|p2a: Espathra\n|\n|-sideend|p1: Starwarier|move: Light Screen\n|upkeep\n|\n|t:|1700508067\n|switch|p2a: Kingambit|Kingambit, M|100\/100\n|-activate|p2a: Kingambit|ability: Supreme Overlord\n|-start|p2a: Kingambit|fallen4|[silent]\n|turn|10\n|\n|t:|1700508073\n|-terastallize|p2a: Kingambit|Flying\n|move|p1a: Volcarona|Fiery Dance|p2a: Kingambit\n|-damage|p2a: Kingambit|5\/100\n|move|p2a: Kingambit|Aerial Ace|p1a: Volcarona\n|-supereffective|p1a: Volcarona\n|-damage|p1a: Volcarona|0 fnt\n|faint|p1a: Volcarona\n|\n|upkeep\n|\n|t:|1700508084\n|switch|p1a: Jolteon|Jolteon, M|100\/100\n|turn|11\n|\n|t:|1700508087\n|move|p2a: Kingambit|Sucker Punch|p1a: Jolteon\n|-damage|p1a: Jolteon|0 fnt\n|faint|p1a: Jolteon\n|\n|upkeep\n|\n|t:|1700508093\n|switch|p1a: Gyarados|Gyarados, F|100\/100\n|turn|12\n|\n|t:|1700508099\n|move|p2a: Kingambit|Sucker Punch|p1a: Gyarados\n|-crit|p1a: Gyarados\n|-damage|p1a: Gyarados|0 fnt\n|faint|p1a: Gyarados\n|\n|upkeep\n|\n|t:|1700508104\n|switch|p1a: Gholdengo|Gholdengo|100\/100\n|turn|13\n|\n|t:|1700508110\n|move|p2a: Kingambit|Sucker Punch||[still]\n|-fail|p2a: Kingambit\n|move|p1a: Gholdengo|Nasty Plot|p1a: Gholdengo\n|-boost|p1a: Gholdengo|spa|2\n|\n|upkeep\n|turn|14\n|\n|t:|1700508118\n|move|p2a: Kingambit|Sucker Punch|p1a: Gholdengo\n|-supereffective|p1a: Gholdengo\n|-damage|p1a: Gholdengo|0 fnt\n|faint|p1a: Gholdengo\n|\n|upkeep\n|\n|t:|1700508120\n|switch|p1a: Annihilape|Annihilape, M|100\/100\n|turn|15\n|\n|t:|1700508126\n|move|p2a: Kingambit|Sucker Punch|p1a: Annihilape\n|-damage|p1a: Annihilape|40\/100\n|move|p1a: Annihilape|Ice Punch|p2a: Kingambit\n|-supereffective|p2a: Kingambit\n|-damage|p2a: Kingambit|0 fnt\n|faint|p2a: Kingambit\n|-end|p2a: Kingambit|fallen4|[silent]\n|-damage|p1a: Annihilape|30\/100|[from] item: Life Orb\n|\n|upkeep\n|\n|t:|1700508134\n|switch|p2a: Palafin|Palafin-Hero, M|100\/100\n|-activate|p2a: Palafin|ability: Zero to Hero\n|turn|16\n|\n|t:|1700508138\n|move|p2a: Palafin|Jet Punch|p1a: Annihilape\n|-damage|p1a: Annihilape|0 fnt\n|faint|p1a: Annihilape\n|\n|win|powerstaark\n|raw|Starwarier's rating: 1000 &rarr; <strong>1000<\/strong><br \/>(+0 for losing)\n|raw|powerstaark's rating: 1000 &rarr; <strong>1040<\/strong><br \/>(+40 for winning)\n|l|\u2606Starwarier\n","uploadtime":1700508253,"views":4,"p1id":"starwarier","p2id":"powerstaark","formatid":"gen9ubers","rating":1000,"private":0,"password":""}