{"id":"gen9ubers-1989999411","p1":"Kinesquared","p2":"MayatazKJ","format":"[Gen 9] Ubers","log":"|j|\u2606Kinesquared\n|j|\u203dMayatazKJ\n|t:|1699914005\n|gametype|singles\n|player|p1|Kinesquared|scientist-gen4dp|\n|player|p2|MayatazKJ|101|\n|teamsize|p1|6\n|teamsize|p2|6\n|gen|9\n|tier|[Gen 9] Ubers\n|rule|Sleep Clause Mod: Limit one foe put to sleep\n|rule|Species Clause: Limit one of each Pok\u00e9mon\n|rule|OHKO Clause: OHKO moves are banned\n|rule|Evasion Items Clause: Evasion items are banned\n|rule|Evasion Moves Clause: Evasion moves are banned\n|rule|Endless Battle Clause: Forcing endless battles is banned\n|rule|HP Percentage Mod: HP is shown in percentages\n|clearpoke\n|poke|p1|Cyclizar, F|\n|poke|p1|Palkia|\n|poke|p1|Slowking-Galar, M|\n|poke|p1|Arceus-Psychic|\n|poke|p1|Zacian-*|\n|poke|p1|Dialga|\n|poke|p2|Palkia-Origin|\n|poke|p2|Pelipper, M|\n|poke|p2|Palafin, M|\n|poke|p2|Goodra-Hisui, F|\n|poke|p2|Zacian-*|\n|poke|p2|Basculin-White-Striped, M|\n|teampreview\n|c|\u2606Kinesquared|gl\n|c|\u2606Kinesquared|it's 1-1\n|c|\u2606Kinesquared|tied up\n|\n|t:|1699914053\n|start\n|switch|p1a: Slowking|Slowking-Galar, M|100\/100\n|switch|p2a: Palkia|Palkia-Origin|100\/100\n|-ability|p2a: Palkia|Pressure\n|turn|1\n|\n|t:|1699914071\n|move|p2a: Palkia|Spacial Rend|p1a: Slowking\n|-damage|p1a: Slowking|60\/100\n|move|p1a: Slowking|Sludge Bomb|p2a: Palkia\n|-damage|p2a: Palkia|68\/100\n|\n|-heal|p1a: Slowking|66\/100|[from] item: Leftovers\n|upkeep\n|turn|2\n|\n|t:|1699914082\n|move|p2a: Palkia|Surf|p1a: Slowking\n|-damage|p1a: Slowking|28\/100\n|move|p1a: Slowking|Chilly Reception|p1a: Slowking\n|-weather|Snow\n|\n|t:|1699914097\n|switch|p1a: Zacian|Zacian|100\/100|[from] Chilly Reception\n|-ability|p1a: Zacian|Intrepid Sword|boost\n|-boost|p1a: Zacian|atk|1\n|\n|-weather|Snow|[upkeep]\n|upkeep\n|turn|3\n|\n|t:|1699914112\n|move|p1a: Zacian|Play Rough|p2a: Palkia\n|-supereffective|p2a: Palkia\n|-damage|p2a: Palkia|0 fnt\n|faint|p2a: Palkia\n|\n|-weather|Snow|[upkeep]\n|upkeep\n|\n|t:|1699914125\n|switch|p2a: Zacian|Zacian|100\/100\n|-ability|p2a: Zacian|Intrepid Sword|boost\n|-boost|p2a: Zacian|atk|1\n|turn|4\n|\n|t:|1699914135\n|-terastallize|p1a: Zacian|Grass\n|move|p1a: Zacian|Trailblaze|p2a: Zacian\n|-damage|p2a: Zacian|61\/100\n|-boost|p1a: Zacian|spe|1\n|move|p2a: Zacian|Play Rough|p1a: Zacian\n|-damage|p1a: Zacian|38\/100\n|\n|-weather|Snow|[upkeep]\n|upkeep\n|turn|5\n|\n|t:|1699914147\n|move|p1a: Zacian|Play Rough|p2a: Zacian\n|-damage|p2a: Zacian|0 fnt\n|faint|p2a: Zacian\n|\n|-weather|Snow|[upkeep]\n|upkeep\n|\n|t:|1699914165\n|switch|p2a: Pelipper|Pelipper, M|100\/100\n|-weather|RainDance|[from] ability: Drizzle|[of] p2a: Pelipper\n|turn|6\n|\n|t:|1699914173\n|move|p1a: Zacian|Play Rough|p2a: Pelipper\n|-damage|p2a: Pelipper|45\/100\n|move|p2a: Pelipper|U-turn|p1a: Zacian\n|-supereffective|p1a: Zacian\n|-damage|p1a: Zacian|23\/100\n|\n|t:|1699914184\n|switch|p2a: Palafin|Palafin, M|100\/100|[from] U-turn\n|\n|-weather|RainDance|[upkeep]\n|upkeep\n|turn|7\n|\n|t:|1699914194\n|move|p2a: Palafin|Jet Punch|p1a: Zacian\n|-resisted|p1a: Zacian\n|-damage|p1a: Zacian|6\/100\n|move|p1a: Zacian|Trailblaze|p2a: Palafin\n|-supereffective|p2a: Palafin\n|-crit|p2a: Palafin\n|-damage|p2a: Palafin|0 fnt\n|-boost|p1a: Zacian|spe|1\n|faint|p2a: Palafin\n|\n|-weather|RainDance|[upkeep]\n|upkeep\n|\n|t:|1699914203\n|switch|p2a: Basculin|Basculin-White-Striped, M|100\/100\n|turn|8\n|\n|t:|1699914210\n|move|p2a: Basculin|Aqua Jet|p1a: Zacian\n|-resisted|p1a: Zacian\n|-damage|p1a: Zacian|0 fnt\n|faint|p1a: Zacian\n|\n|-weather|RainDance|[upkeep]\n|upkeep\n|\n|t:|1699914227\n|switch|p1a: Cyclizar|Cyclizar, F|100\/100\n|turn|9\n|\n|t:|1699914230\n|move|p2a: Basculin|Aqua Jet|p1a: Cyclizar\n|-resisted|p1a: Cyclizar\n|-damage|p1a: Cyclizar|77\/100\n|move|p1a: Cyclizar|Knock Off|p2a: Basculin\n|-damage|p2a: Basculin|66\/100\n|-enditem|p2a: Basculin|Choice Scarf|[from] move: Knock Off|[of] p1a: Cyclizar\n|\n|-weather|RainDance|[upkeep]\n|upkeep\n|turn|10\n|\n|t:|1699914240\n|move|p1a: Cyclizar|Shed Tail|p1a: Cyclizar\n|-start|p1a: Cyclizar|Substitute|[from] move: Shed Tail\n|-damage|p1a: Cyclizar|27\/100\n|\n|t:|1699914244\n|switch|p1a: Palkia|Palkia|100\/100|[from] Shed Tail\n|-ability|p1a: Palkia|Pressure\n|move|p2a: Basculin|Wave Crash|p1a: Palkia\n|-resisted|p1a: Palkia\n|-end|p1a: Palkia|Substitute\n|-damage|p2a: Basculin|56\/100|[from] Recoil|[of] p1a: Palkia\n|\n|-weather|RainDance|[upkeep]\n|upkeep\n|turn|11\n|\n|t:|1699914258\n|switch|p2a: Goodra|Goodra-Hisui, F|100\/100\n|move|p1a: Palkia|Scale Shot|p2a: Goodra\n|-damage|p2a: Goodra|91\/100\n|-damage|p2a: Goodra|82\/100\n|-hitcount|p2a: Goodra|2\n|-unboost|p1a: Palkia|def|1\n|-boost|p1a: Palkia|spe|1\n|\n|-weather|RainDance|[upkeep]\n|upkeep\n|turn|12\n|j| Slikkles\n|\n|t:|1699914272\n|move|p1a: Palkia|Spacial Rend|p2a: Goodra\n|-damage|p2a: Goodra|55\/100\n|move|p2a: Goodra|Dragon Pulse|p1a: Palkia\n|-supereffective|p1a: Palkia\n|-damage|p1a: Palkia|29\/100\n|\n|-weather|RainDance|[upkeep]\n|upkeep\n|turn|13\n|\n|t:|1699914279\n|move|p1a: Palkia|Spacial Rend|p2a: Goodra\n|-damage|p2a: Goodra|27\/100\n|move|p2a: Goodra|Dragon Pulse|p1a: Palkia\n|-supereffective|p1a: Palkia\n|-damage|p1a: Palkia|0 fnt\n|faint|p1a: Palkia\n|\n|-weather|none\n|upkeep\n|\n|t:|1699914286\n|switch|p1a: Dialga|Dialga|100\/100\n|-ability|p1a: Dialga|Pressure\n|turn|14\n|\n|t:|1699914291\n|switch|p2a: Pelipper|Pelipper, M|45\/100\n|-weather|RainDance|[from] ability: Drizzle|[of] p2a: Pelipper\n|move|p1a: Dialga|Draco Meteor|p2a: Pelipper|[miss]\n|-miss|p1a: Dialga|p2a: Pelipper\n|\n|-weather|RainDance|[upkeep]\n|upkeep\n|turn|15\n|\n|t:|1699914298\n|move|p1a: Dialga|Draco Meteor|p2a: Pelipper\n|-damage|p2a: Pelipper|0 fnt\n|-unboost|p1a: Dialga|spa|2\n|faint|p2a: Pelipper\n|\n|-weather|RainDance|[upkeep]\n|upkeep\n|\n|t:|1699914302\n|switch|p2a: Basculin|Basculin-White-Striped, M|56\/100\n|turn|16\n|\n|t:|1699914308\n|switch|p1a: Cyclizar|Cyclizar, F|60\/100\n|move|p2a: Basculin|Last Respects|p1a: Cyclizar\n|-immune|p1a: Cyclizar\n|\n|-weather|RainDance|[upkeep]\n|upkeep\n|turn|17\n|\n|t:|1699914320\n|move|p2a: Basculin|Aqua Jet|p1a: Cyclizar\n|-resisted|p1a: Cyclizar\n|-damage|p1a: Cyclizar|38\/100\n|move|p1a: Cyclizar|Rapid Spin|p2a: Basculin\n|-damage|p2a: Basculin|28\/100\n|-boost|p1a: Cyclizar|spe|1\n|\n|-weather|RainDance|[upkeep]\n|upkeep\n|turn|18\n|\n|t:|1699914327\n|move|p2a: Basculin|Aqua Jet|p1a: Cyclizar\n|-resisted|p1a: Cyclizar\n|-damage|p1a: Cyclizar|13\/100\n|move|p1a: Cyclizar|Rapid Spin|p2a: Basculin\n|-damage|p2a: Basculin|1\/100\n|-boost|p1a: Cyclizar|spe|1\n|\n|-weather|RainDance|[upkeep]\n|upkeep\n|turn|19\n|c| Slikkles|Seems like you got it in hand\n|\n|t:|1699914338\n|move|p2a: Basculin|Aqua Jet|p1a: Cyclizar\n|-resisted|p1a: Cyclizar\n|-damage|p1a: Cyclizar|0 fnt\n|faint|p1a: Cyclizar\n|\n|-weather|RainDance|[upkeep]\n|upkeep\n|\n|t:|1699914348\n|switch|p1a: Dialga|Dialga|100\/100\n|-ability|p1a: Dialga|Pressure\n|turn|20\n|\n|t:|1699914354\n|-terastallize|p2a: Basculin|Ghost\n|move|p2a: Basculin|Last Respects|p1a: Dialga\n|-damage|p1a: Dialga|0 fnt\n|faint|p1a: Dialga\n|\n|-weather|RainDance|[upkeep]\n|upkeep\n|\n|t:|1699914361\n|switch|p1a: Arceus|Arceus-Psychic|100\/100\n|turn|21\n|\n|t:|1699914367\n|move|p2a: Basculin|Last Respects|p1a: Arceus\n|-supereffective|p1a: Arceus\n|-damage|p1a: Arceus|0 fnt\n|faint|p1a: Arceus\n|\n|-weather|none\n|upkeep\n|\n|t:|1699914375\n|switch|p1a: Slowking|Slowking-Galar, M|61\/100\n|turn|22\n|c|\u2606Kinesquared|oml\n|l| Slikkles\n|c|\u2606Kinesquared|what a turnaround\n|c|\u2606Kinesquared|ggs\n|\n|t:|1699914384\n|move|p2a: Basculin|Last Respects|p1a: Slowking\n|-supereffective|p1a: Slowking\n|-damage|p1a: Slowking|0 fnt\n|faint|p1a: Slowking\n|\n|win|MayatazKJ\n","uploadtime":1699914390,"views":50,"p1id":"kinesquared","p2id":"mayatazkj","formatid":"gen9ubers","rating":0,"private":0,"password":""}