{"id":"gen9ubers-1972993116","p1":"Matabuelas300T","p2":"kaivanfe","format":"[Gen 9] Ubers","log":"|j|\u2606Matabuelas300T\n|j|\u2606kaivanfe\n|t:|1697916320\n|gametype|singles\n|player|p1|Matabuelas300T|red|1035\n|player|p2|kaivanfe|red|1074\n|teamsize|p1|6\n|teamsize|p2|6\n|gen|9\n|tier|[Gen 9] Ubers\n|rated|\n|rule|Sleep Clause Mod: Limit one foe put to sleep\n|rule|Species Clause: Limit one of each Pok\u00e9mon\n|rule|OHKO Clause: OHKO moves are banned\n|rule|Evasion Items Clause: Evasion items are banned\n|rule|Evasion Moves Clause: Evasion moves are banned\n|rule|Endless Battle Clause: Forcing endless battles is banned\n|rule|HP Percentage Mod: HP is shown in percentages\n|clearpoke\n|poke|p1|Landorus-Therian, M|\n|poke|p1|Flutter Mane|\n|poke|p1|Amoonguss, M|\n|poke|p1|Urshifu-*, M|\n|poke|p1|Chien-Pao|\n|poke|p1|Iron Hands|\n|poke|p2|Greninja-*, M|\n|poke|p2|Mimikyu, M|\n|poke|p2|Klefki, M|\n|poke|p2|Hippowdon, F|\n|poke|p2|Volcarona, M|\n|poke|p2|Zoroark-Hisui, F|\n|teampreview\n|\n|t:|1697916354\n|start\n|switch|p1a: Landorus|Landorus-Therian, M|100\/100\n|switch|p2a: Greninja|Greninja, M, shiny|100\/100\n|-ability|p1a: Landorus|Intimidate|boost\n|-unboost|p2a: Greninja|atk|1\n|turn|1\n|\n|t:|1697916372\n|move|p2a: Greninja|Psychic|p1a: Landorus\n|-damage|p1a: Landorus|58\/100\n|move|p1a: Landorus|U-turn|p2a: Greninja\n|-resisted|p2a: Greninja\n|-damage|p2a: Greninja|75\/100\n|replace|p2a: Zoroark|Zoroark-Hisui, F, shiny\n|-end|p2a: Zoroark|Illusion\n|\n|t:|1697916389\n|switch|p1a: Urshifu|Urshifu-Rapid-Strike, M|100\/100|[from] U-turn\n|\n|upkeep\n|turn|2\n|\n|t:|1697916395\n|move|p1a: Urshifu|Surging Strikes|p2a: Zoroark\n|-crit|p2a: Zoroark\n|-damage|p2a: Zoroark|21\/100\n|-crit|p2a: Zoroark\n|-damage|p2a: Zoroark|0 fnt\n|faint|p2a: Zoroark\n|-hitcount|p2: Zoroark|2\n|\n|upkeep\n|\n|t:|1697916404\n|switch|p2a: Hippowdon|Hippowdon, F, shiny|100\/100\n|-weather|Sandstorm|[from] ability: Sand Stream|[of] p2a: Hippowdon\n|turn|3\n|\n|t:|1697916421\n|move|p1a: Urshifu|Surging Strikes|p2a: Hippowdon\n|-supereffective|p2a: Hippowdon\n|-crit|p2a: Hippowdon\n|-damage|p2a: Hippowdon|67\/100\n|-supereffective|p2a: Hippowdon\n|-crit|p2a: Hippowdon\n|-damage|p2a: Hippowdon|30\/100\n|-supereffective|p2a: Hippowdon\n|-crit|p2a: Hippowdon\n|-damage|p2a: Hippowdon|0 fnt\n|faint|p2a: Hippowdon\n|-hitcount|p2: Hippowdon|3\n|\n|-weather|Sandstorm|[upkeep]\n|-damage|p1a: Urshifu|94\/100|[from] Sandstorm\n|upkeep\n|\n|t:|1697916434\n|switch|p2a: Greninja|Greninja, M, shiny|100\/100\n|turn|4\n|\n|t:|1697916442\n|switch|p1a: Flutter Mane|Flutter Mane|100\/100\n|move|p2a: Greninja|Extrasensory|p1a: Flutter Mane\n|-start|p2a: Greninja|typechange|Psychic|[from] ability: Protean\n|-damage|p1a: Flutter Mane|49\/100\n|-damage|p2a: Greninja|91\/100|[from] item: Life Orb\n|\n|-weather|Sandstorm|[upkeep]\n|-damage|p1a: Flutter Mane|43\/100|[from] Sandstorm\n|-damage|p2a: Greninja|85\/100|[from] Sandstorm\n|upkeep\n|turn|5\n|\n|t:|1697916454\n|move|p1a: Flutter Mane|Moonblast|p2a: Greninja\n|-damage|p2a: Greninja|0 fnt\n|faint|p2a: Greninja\n|\n|-weather|Sandstorm|[upkeep]\n|-damage|p1a: Flutter Mane|37\/100|[from] Sandstorm\n|upkeep\n|\n|t:|1697916463\n|switch|p2a: Klefki|Klefki, M, shiny|100\/100\n|turn|6\n|\n|t:|1697916470\n|-terastallize|p1a: Flutter Mane|Grass\n|move|p2a: Klefki|Light Screen|p2a: Klefki\n|-sidestart|p2: kaivanfe|move: Light Screen\n|move|p1a: Flutter Mane|Moonblast|p2a: Klefki\n|-resisted|p2a: Klefki\n|-damage|p2a: Klefki|77\/100\n|-unboost|p2a: Klefki|spa|1\n|\n|-weather|Sandstorm|[upkeep]\n|-damage|p1a: Flutter Mane|31\/100|[from] Sandstorm\n|-heal|p2a: Klefki|83\/100|[from] item: Leftovers\n|upkeep\n|turn|7\n|\n|t:|1697916485\n|-end|p1a: Flutter Mane|Protosynthesis|[silent]\n|switch|p1a: Iron Hands|Iron Hands|100\/100\n|move|p2a: Klefki|Reflect|p2a: Klefki\n|-sidestart|p2: kaivanfe|Reflect\n|\n|-weather|none\n|-heal|p2a: Klefki|89\/100|[from] item: Leftovers\n|upkeep\n|turn|8\n|\n|t:|1697916496\n|move|p1a: Iron Hands|Fake Out|p2a: Klefki\n|-resisted|p2a: Klefki\n|-damage|p2a: Klefki|85\/100\n|cant|p2a: Klefki|flinch\n|\n|-heal|p2a: Klefki|91\/100|[from] item: Leftovers\n|upkeep\n|turn|9\n|\n|t:|1697916505\n|move|p2a: Klefki|Dazzling Gleam|p1a: Iron Hands\n|-supereffective|p1a: Iron Hands\n|-damage|p1a: Iron Hands|81\/100\n|move|p1a: Iron Hands|Drain Punch|p2a: Klefki\n|-damage|p2a: Klefki|64\/100\n|-heal|p1a: Iron Hands|88\/100|[from] drain|[of] p2a: Klefki\n|\n|-heal|p2a: Klefki|70\/100|[from] item: Leftovers\n|upkeep\n|turn|10\n|\n|t:|1697916515\n|move|p2a: Klefki|Dazzling Gleam|p1a: Iron Hands\n|-supereffective|p1a: Iron Hands\n|-damage|p1a: Iron Hands|68\/100\n|move|p1a: Iron Hands|Drain Punch|p2a: Klefki\n|-damage|p2a: Klefki|44\/100\n|-heal|p1a: Iron Hands|75\/100|[from] drain|[of] p2a: Klefki\n|\n|-heal|p2a: Klefki|50\/100|[from] item: Leftovers\n|-sideend|p2: kaivanfe|move: Light Screen\n|upkeep\n|turn|11\n|\n|t:|1697916527\n|move|p2a: Klefki|Reflect||[still]\n|-fail|p2a: Klefki\n|move|p1a: Iron Hands|Drain Punch|p2a: Klefki\n|-damage|p2a: Klefki|26\/100\n|-heal|p1a: Iron Hands|82\/100|[from] drain|[of] p2a: Klefki\n|\n|-heal|p2a: Klefki|32\/100|[from] item: Leftovers\n|-sideend|p2: kaivanfe|Reflect\n|upkeep\n|turn|12\n|\n|t:|1697916540\n|move|p2a: Klefki|Reflect|p2a: Klefki\n|-sidestart|p2: kaivanfe|Reflect\n|move|p1a: Iron Hands|Wild Charge|p2a: Klefki\n|-damage|p2a: Klefki|0 fnt\n|faint|p2a: Klefki\n|-damage|p1a: Iron Hands|78\/100|[from] Recoil\n|\n|upkeep\n|\n|t:|1697916548\n|switch|p2a: Mimikyu|Mimikyu, M, shiny|100\/100\n|turn|13\n|\n|t:|1697916562\n|move|p2a: Mimikyu|Curse|p1a: Iron Hands\n|-start|p1a: Iron Hands|Curse|[of] p2a: Mimikyu\n|-damage|p2a: Mimikyu|51\/100\n|move|p1a: Iron Hands|Volt Switch|p2a: Mimikyu\n|-activate|p2a: Mimikyu|ability: Disguise\n|-damage|p2a: Mimikyu|51\/100\n|detailschange|p2a: Mimikyu|Mimikyu-Busted, M, shiny\n|-damage|p2a: Mimikyu|38\/100|[from] pokemon: Mimikyu-Busted\n|-enditem|p2a: Mimikyu|Sitrus Berry|[eat]\n|-heal|p2a: Mimikyu|63\/100|[from] item: Sitrus Berry\n|\n|t:|1697916576\n|-end|p1a: Iron Hands|Quark Drive|[silent]\n|switch|p1a: Landorus|Landorus-Therian, M|58\/100|[from] Volt Switch\n|-ability|p1a: Landorus|Intimidate|boost\n|-unboost|p2a: Mimikyu|atk|1\n|\n|upkeep\n|turn|14\n|\n|t:|1697916584\n|move|p1a: Landorus|Stomping Tantrum|p2a: Mimikyu\n|-damage|p2a: Mimikyu|33\/100\n|move|p2a: Mimikyu|Destiny Bond|p2a: Mimikyu\n|-singlemove|p2a: Mimikyu|Destiny Bond\n|\n|upkeep\n|turn|15\n|\n|t:|1697916594\n|move|p1a: Landorus|U-turn|p2a: Mimikyu\n|-resisted|p2a: Mimikyu\n|-damage|p2a: Mimikyu|29\/100\n|\n|t:|1697916598\n|switch|p1a: Urshifu|Urshifu-Rapid-Strike, M|94\/100|[from] U-turn\n|move|p2a: Mimikyu|Destiny Bond||[still]\n|-fail|p2a: Mimikyu\n|\n|upkeep\n|turn|16\n|\n|t:|1697916607\n|move|p2a: Mimikyu|Protect|p2a: Mimikyu\n|-singleturn|p2a: Mimikyu|Protect\n|move|p1a: Urshifu|Surging Strikes|p2a: Mimikyu\n|-crit|p2a: Mimikyu\n|-damage|p2a: Mimikyu|0 fnt\n|faint|p2a: Mimikyu\n|-hitcount|p2: Mimikyu|1\n|\n|-sideend|p2: kaivanfe|Reflect\n|upkeep\n|\n|t:|1697916617\n|switch|p2a: Volcarona|Volcarona, M, shiny|100\/100\n|turn|17\n|\n|t:|1697916626\n|move|p1a: Urshifu|Surging Strikes|p2a: Volcarona\n|-supereffective|p2a: Volcarona\n|-crit|p2a: Volcarona\n|-damage|p2a: Volcarona|29\/100\n|-status|p1a: Urshifu|brn|[from] ability: Flame Body|[of] p2a: Volcarona\n|-supereffective|p2a: Volcarona\n|-crit|p2a: Volcarona\n|-damage|p2a: Volcarona|0 fnt\n|faint|p2a: Volcarona\n|-hitcount|p2: Volcarona|2\n|\n|win|Matabuelas300T\n|raw|Matabuelas300T's rating: 1035 &rarr; <strong>1074<\/strong><br \/>(+39 for winning)\n|raw|kaivanfe's rating: 1074 &rarr; <strong>1051<\/strong><br \/>(-23 for losing)\n|l|\u2606kaivanfe\n","uploadtime":1697916638,"views":11,"p1id":"matabuelas300t","p2id":"kaivanfe","formatid":"gen9ubers","rating":1051,"private":0,"password":""}