{"id":"gen9ubers-1971354054","p1":"925WhoASked","p2":"Anne Frankkkk","format":"[Gen 9] Ubers","log":"|j|\u2606925WhoASked\n|j|\u2606Anne Frankkkk\n|t:|1697731886\n|gametype|singles\n|player|p1|925WhoASked|blackbelt-gen4|1081\n|player|p2|Anne Frankkkk|hilbert|1185\n|teamsize|p1|6\n|teamsize|p2|6\n|gen|9\n|tier|[Gen 9] Ubers\n|rated|\n|rule|Sleep Clause Mod: Limit one foe put to sleep\n|rule|Species Clause: Limit one of each Pok\u00e9mon\n|rule|OHKO Clause: OHKO moves are banned\n|rule|Evasion Items Clause: Evasion items are banned\n|rule|Evasion Moves Clause: Evasion moves are banned\n|rule|Endless Battle Clause: Forcing endless battles is banned\n|rule|HP Percentage Mod: HP is shown in percentages\n|clearpoke\n|poke|p1|Annihilape, M|\n|poke|p1|Baxcalibur, F|\n|poke|p1|Magearna|\n|poke|p1|Darkrai|\n|poke|p1|Dialga|\n|poke|p1|Ogerpon-Hearthflame, F|\n|poke|p2|Quaquaval, M|\n|poke|p2|Kyogre|\n|poke|p2|Chien-Pao|\n|poke|p2|Donphan, M|\n|poke|p2|Miraidon|\n|poke|p2|Iron Moth|\n|teampreview\n|inactive|Battle timer is ON: inactive players will automatically lose when time's up. (requested by 925WhoASked)\n|\n|t:|1697731900\n|start\n|switch|p1a: Baxcalibur|Baxcalibur, F|100\/100\n|switch|p2a: Kyogre|Kyogre|100\/100\n|-weather|RainDance|[from] ability: Drizzle|[of] p2a: Kyogre\n|turn|1\n|\n|t:|1697731910\n|switch|p2a: Quaquaval|Quaquaval, M, shiny|100\/100\n|move|p1a: Baxcalibur|Swords Dance|p1a: Baxcalibur\n|-boost|p1a: Baxcalibur|atk|2\n|\n|-weather|RainDance|[upkeep]\n|upkeep\n|turn|2\n|\n|t:|1697731920\n|move|p1a: Baxcalibur|Scale Shot|p2a: Quaquaval\n|-damage|p2a: Quaquaval|63\/100\n|-damage|p2a: Quaquaval|27\/100\n|-damage|p2a: Quaquaval|0 fnt\n|faint|p2a: Quaquaval\n|-hitcount|p2: Quaquaval|3\n|-unboost|p1a: Baxcalibur|def|1\n|-boost|p1a: Baxcalibur|spe|1\n|\n|-weather|RainDance|[upkeep]\n|upkeep\n|\n|t:|1697731934\n|switch|p2a: Chien-Pao|Chien-Pao|100\/100\n|-ability|p2a: Chien-Pao|Sword of Ruin\n|turn|3\n|inactive|925WhoASked has 120 seconds left.\n|\n|t:|1697731964\n|-terastallize|p2a: Chien-Pao|Dark\n|move|p2a: Chien-Pao|Sucker Punch|p1a: Baxcalibur\n|-damage|p1a: Baxcalibur|0 fnt\n|faint|p1a: Baxcalibur\n|-damage|p2a: Chien-Pao|91\/100|[from] item: Life Orb\n|\n|-weather|RainDance|[upkeep]\n|upkeep\n|inactive|925WhoASked has 120 seconds left.\n|\n|t:|1697731970\n|switch|p1a: Annihilape|Annihilape, M|100\/100\n|turn|4\n|\n|t:|1697731974\n|move|p2a: Chien-Pao|Crunch|p1a: Annihilape\n|-damage|p1a: Annihilape|18\/100\n|-unboost|p1a: Annihilape|def|1\n|-ability|p1a: Annihilape|Defiant|boost\n|-boost|p1a: Annihilape|atk|2\n|-damage|p2a: Chien-Pao|81\/100|[from] item: Life Orb\n|move|p1a: Annihilape|Bulk Up|p1a: Annihilape\n|-boost|p1a: Annihilape|atk|1\n|-boost|p1a: Annihilape|def|1\n|\n|-weather|RainDance|[upkeep]\n|upkeep\n|turn|5\n|\n|t:|1697731985\n|switch|p1a: Darkrai|Darkrai|100\/100\n|move|p2a: Chien-Pao|Crunch|p1a: Darkrai\n|-resisted|p1a: Darkrai\n|-damage|p1a: Darkrai|45\/100\n|-unboost|p1a: Darkrai|def|1\n|-damage|p2a: Chien-Pao|71\/100|[from] item: Life Orb\n|\n|-weather|none\n|upkeep\n|turn|6\n|\n|t:|1697731992\n|move|p2a: Chien-Pao|Crunch|p1a: Darkrai\n|-resisted|p1a: Darkrai\n|-damage|p1a: Darkrai|0 fnt\n|faint|p1a: Darkrai\n|-damage|p2a: Chien-Pao|61\/100|[from] item: Life Orb\n|\n|upkeep\n|\n|t:|1697731997\n|switch|p1a: Dialga|Dialga|100\/100\n|-ability|p1a: Dialga|Pressure\n|turn|7\n|\n|t:|1697732004\n|switch|p2a: Donphan|Donphan, M, shiny|100\/100\n|move|p1a: Dialga|Flash Cannon|p2a: Donphan\n|-damage|p2a: Donphan|57\/100\n|\n|upkeep\n|turn|8\n|\n|t:|1697732017\n|switch|p1a: Annihilape|Annihilape, M|18\/100\n|move|p2a: Donphan|Earthquake|p1a: Annihilape\n|-damage|p1a: Annihilape|0 fnt\n|faint|p1a: Annihilape\n|\n|upkeep\n|\n|t:|1697732020\n|switch|p1a: Ogerpon|Ogerpon-Hearthflame, F|100\/100\n|-ability|p1a: Ogerpon|Mold Breaker\n|turn|9\n|\n|t:|1697732034\n|move|p1a: Ogerpon|Swords Dance|p1a: Ogerpon\n|-boost|p1a: Ogerpon|atk|2\n|move|p2a: Donphan|Earthquake|p1a: Ogerpon\n|-damage|p1a: Ogerpon|27\/100\n|\n|upkeep\n|turn|10\n|\n|t:|1697732039\n|move|p1a: Ogerpon|Horn Leech|p2a: Donphan\n|-supereffective|p2a: Donphan\n|-damage|p2a: Donphan|0 fnt\n|-heal|p1a: Ogerpon|63\/100|[from] drain|[of] p2a: Donphan\n|faint|p2a: Donphan\n|\n|upkeep\n|\n|t:|1697732044\n|switch|p2a: Kyogre|Kyogre|100\/100\n|-weather|RainDance|[from] ability: Drizzle|[of] p2a: Kyogre\n|turn|11\n|\n|t:|1697732048\n|move|p2a: Kyogre|Water Spout|p1a: Ogerpon\n|-damage|p1a: Ogerpon|0 fnt\n|faint|p1a: Ogerpon\n|\n|-weather|RainDance|[upkeep]\n|upkeep\n|\n|t:|1697732051\n|switch|p1a: Dialga|Dialga|100\/100\n|-ability|p1a: Dialga|Pressure\n|turn|12\n|\n|t:|1697732061\n|move|p1a: Dialga|Earth Power|p2a: Kyogre\n|-crit|p2a: Kyogre\n|-damage|p2a: Kyogre|60\/100\n|move|p2a: Kyogre|Water Spout|p1a: Dialga\n|-resisted|p1a: Dialga\n|-damage|p1a: Dialga|60\/100\n|\n|-weather|RainDance|[upkeep]\n|upkeep\n|turn|13\n|\n|t:|1697732072\n|switch|p2a: Miraidon|Miraidon|100\/100\n|-fieldstart|move: Electric Terrain|[from] ability: Hadron Engine|[of] p2a: Miraidon\n|-item|p2a: Miraidon|Air Balloon\n|move|p1a: Dialga|Earth Power|p2a: Miraidon\n|-immune|p2a: Miraidon\n|\n|-weather|RainDance|[upkeep]\n|upkeep\n|turn|14\n|\n|t:|1697732083\n|switch|p1a: Magearna|Magearna|100\/100\n|move|p2a: Miraidon|Calm Mind|p2a: Miraidon\n|-boost|p2a: Miraidon|spa|1\n|-boost|p2a: Miraidon|spd|1\n|\n|-weather|RainDance|[upkeep]\n|upkeep\n|turn|15\n|\n|t:|1697732092\n|move|p2a: Miraidon|Calm Mind|p2a: Miraidon\n|-boost|p2a: Miraidon|spa|1\n|-boost|p2a: Miraidon|spd|1\n|move|p1a: Magearna|Shift Gear|p1a: Magearna\n|-boost|p1a: Magearna|spe|2\n|-boost|p1a: Magearna|atk|1\n|\n|-weather|none\n|upkeep\n|turn|16\n|\n|t:|1697732097\n|move|p2a: Miraidon|Electro Drift|p1a: Magearna\n|-damage|p1a: Magearna|0 fnt\n|faint|p1a: Magearna\n|\n|upkeep\n|-message|925WhoASked forfeited.\n|\n|win|Anne Frankkkk\n|raw|925WhoASked's rating: 1081 &rarr; <strong>1065<\/strong><br \/>(-16 for losing)\n|raw|Anne Frankkkk's rating: 1185 &rarr; <strong>1203<\/strong><br \/>(+18 for winning)\n|l|\u2606925WhoASked\n","uploadtime":1697732107,"views":7,"p1id":"925whoasked","p2id":"annefrankkkk","formatid":"gen9ubers","rating":1065,"private":0,"password":""}