{"id":"gen9ubers-1990073362","p1":"coomploud","p2":"KingJaguar027","format":"[Gen 9] Ubers","log":"|j|\u2606coomploud\n|j|\u2606KingJaguar027\n|t:|1699921663\n|gametype|singles\n|player|p1|coomploud|brycen|1098\n|player|p2|KingJaguar027|steven|1107\n|teamsize|p1|6\n|teamsize|p2|6\n|gen|9\n|tier|[Gen 9] Ubers\n|rated|\n|rule|Sleep Clause Mod: Limit one foe put to sleep\n|rule|Species Clause: Limit one of each Pok\u00e9mon\n|rule|OHKO Clause: OHKO moves are banned\n|rule|Evasion Items Clause: Evasion items are banned\n|rule|Evasion Moves Clause: Evasion moves are banned\n|rule|Endless Battle Clause: Forcing endless battles is banned\n|rule|HP Percentage Mod: HP is shown in percentages\n|clearpoke\n|poke|p1|Ogerpon-Wellspring, F|\n|poke|p1|Sudowoodo, F|\n|poke|p1|Great Tusk|\n|poke|p1|Polteageist|\n|poke|p1|Snorlax, F|\n|poke|p1|Cyclizar, M|\n|poke|p2|Urshifu-*, F|\n|poke|p2|Zacian-*|\n|poke|p2|Miraidon|\n|poke|p2|Flutter Mane|\n|poke|p2|Chi-Yu|\n|poke|p2|Palafin, F|\n|teampreview\n|\n|t:|1699921669\n|start\n|switch|p1a: Cyclizar|Cyclizar, M|100\/100\n|switch|p2a: Zacian|Zacian-Crowned, shiny|100\/100\n|-ability|p2a: Zacian|Intrepid Sword|boost\n|-boost|p2a: Zacian|atk|1\n|turn|1\n|\n|t:|1699921679\n|move|p1a: Cyclizar|Shed Tail|p1a: Cyclizar\n|-start|p1a: Cyclizar|Substitute|[from] move: Shed Tail\n|-damage|p1a: Cyclizar|50\/100\n|j| MrDrRubencio\n|\n|t:|1699921680\n|switch|p1a: Sudowoodo|Sudowoodo, F|100\/100|[from] Shed Tail\n|move|p2a: Zacian|Behemoth Blade|p1a: Sudowoodo\n|-supereffective|p1a: Sudowoodo\n|-end|p1a: Sudowoodo|Substitute\n|\n|upkeep\n|turn|2\n|\n|t:|1699921688\n|move|p2a: Zacian|Behemoth Blade|p1a: Sudowoodo\n|-supereffective|p1a: Sudowoodo\n|-ability|p1a: Sudowoodo|Sturdy\n|-damage|p1a: Sudowoodo|1\/100\n|-enditem|p1a: Sudowoodo|Weakness Policy\n|-boost|p1a: Sudowoodo|atk|2|[from] item: Weakness Policy\n|-boost|p1a: Sudowoodo|spa|2|[from] item: Weakness Policy\n|move|p1a: Sudowoodo|Earthquake|p2a: Zacian\n|-supereffective|p2a: Zacian\n|-damage|p2a: Zacian|0 fnt\n|faint|p2a: Zacian\n|\n|upkeep\n|\n|t:|1699921699\n|switch|p2a: Palafin|Palafin, F|100\/100\n|turn|3\n|\n|t:|1699921706\n|move|p2a: Palafin|Jet Punch|p1a: Sudowoodo\n|-supereffective|p1a: Sudowoodo\n|-damage|p1a: Sudowoodo|0 fnt\n|faint|p1a: Sudowoodo\n|\n|upkeep\n|\n|t:|1699921714\n|switch|p1a: Cyclizar|Cyclizar, M|83\/100\n|turn|4\n|\n|t:|1699921721\n|detailschange|p2a: Palafin|Palafin-Hero, F\n|switch|p2a: Urshifu|Urshifu-Rapid-Strike, F|100\/100\n|move|p1a: Cyclizar|Shed Tail|p1a: Cyclizar\n|-start|p1a: Cyclizar|Substitute|[from] move: Shed Tail\n|-damage|p1a: Cyclizar|33\/100\n|\n|t:|1699921726\n|switch|p1a: Polteageist|Polteageist|100\/100|[from] Shed Tail\n|\n|upkeep\n|turn|5\n|\n|t:|1699921742\n|move|p2a: Urshifu|Surging Strikes|p1a: Polteageist\n|-crit|p1a: Polteageist\n|-end|p1a: Polteageist|Substitute\n|-crit|p1a: Polteageist\n|-damage|p1a: Polteageist|56\/100\n|-crit|p1a: Polteageist\n|-damage|p1a: Polteageist|11\/100\n|-hitcount|p1a: Polteageist|3\n|move|p1a: Polteageist|Shell Smash|p1a: Polteageist\n|-unboost|p1a: Polteageist|def|1\n|-unboost|p1a: Polteageist|spd|1\n|-boost|p1a: Polteageist|atk|2\n|-boost|p1a: Polteageist|spa|2\n|-boost|p1a: Polteageist|spe|2\n|\n|upkeep\n|turn|6\n|\n|t:|1699921750\n|move|p1a: Polteageist|Giga Drain|p2a: Urshifu\n|-supereffective|p2a: Urshifu\n|-damage|p2a: Urshifu|0 fnt\n|-heal|p1a: Polteageist|77\/100|[from] drain|[of] p2a: Urshifu\n|faint|p2a: Urshifu\n|\n|upkeep\n|\n|t:|1699921758\n|switch|p2a: Palafin|Palafin-Hero, F|100\/100\n|-activate|p2a: Palafin|ability: Zero to Hero\n|turn|7\n|\n|t:|1699921763\n|move|p1a: Polteageist|Giga Drain|p2a: Palafin\n|-supereffective|p2a: Palafin\n|-crit|p2a: Palafin\n|-damage|p2a: Palafin|0 fnt\n|-heal|p1a: Polteageist|100\/100|[from] drain|[of] p2a: Palafin\n|faint|p2a: Palafin\n|\n|upkeep\n|\n|t:|1699921781\n|switch|p2a: Miraidon|Miraidon|100\/100\n|-fieldstart|move: Electric Terrain|[from] ability: Hadron Engine|[of] p2a: Miraidon\n|turn|8\n|\n|t:|1699921801\n|-terastallize|p2a: Miraidon|Electric\n|move|p1a: Polteageist|Shadow Ball|p2a: Miraidon\n|-damage|p2a: Miraidon|15\/100\n|move|p2a: Miraidon|Electro Drift|p1a: Polteageist\n|-enditem|p1a: Polteageist|Focus Sash\n|-damage|p1a: Polteageist|1\/100\n|\n|upkeep\n|turn|9\n|-message|KingJaguar027 forfeited.\n|\n|win|coomploud\n|raw|coomploud's rating: 1098 &rarr; <strong>1124<\/strong><br \/>(+26 for winning)\n|raw|KingJaguar027's rating: 1107 &rarr; <strong>1081<\/strong><br \/>(-26 for losing)\n|l|\u2606KingJaguar027\n","uploadtime":1699921814,"views":17,"p1id":"coomploud","p2id":"kingjaguar027","formatid":"gen9ubers","rating":1081,"private":0,"password":""}