{"id":"gen9ubers-1981250098","p1":"TerrarianSkeleton","p2":"Droopastropico","format":"[Gen 9] Ubers","log":"|j|\u203dTerrarianSkeleton\n|j|\u2606Droopastropico\n|t:|1698876358\n|gametype|singles\n|player|p1|TerrarianSkeleton|koga|1013\n|player|p2|Droopastropico|will|1000\n|teamsize|p1|6\n|teamsize|p2|6\n|gen|9\n|tier|[Gen 9] Ubers\n|rated|\n|rule|Sleep Clause Mod: Limit one foe put to sleep\n|rule|Species Clause: Limit one of each Pok\u00e9mon\n|rule|OHKO Clause: OHKO moves are banned\n|rule|Evasion Items Clause: Evasion items are banned\n|rule|Evasion Moves Clause: Evasion moves are banned\n|rule|Endless Battle Clause: Forcing endless battles is banned\n|rule|HP Percentage Mod: HP is shown in percentages\n|clearpoke\n|poke|p1|Regieleki|\n|poke|p1|Enamorus, F|\n|poke|p1|Glimmora, M|\n|poke|p1|Electrode-Hisui|\n|poke|p1|Tyranitar, F|\n|poke|p1|Houndstone, F|\n|poke|p2|Arcanine, M|\n|poke|p2|Gyarados, F|\n|poke|p2|Lurantis, M|\n|poke|p2|Espeon, M|\n|poke|p2|Tauros-Paldea-Combat, M|\n|poke|p2|Garchomp, M|\n|teampreview\n|inactive|Battle timer is ON: inactive players will automatically lose when time's up. (requested by TerrarianSkeleton)\n|\n|t:|1698876367\n|start\n|switch|p1a: Glimmora|Glimmora, M|100\/100\n|switch|p2a: Tauros|Tauros-Paldea-Combat, M|100\/100\n|-ability|p2a: Tauros|Intimidate|boost\n|-unboost|p1a: Glimmora|atk|1\n|turn|1\n|\n|t:|1698876396\n|move|p1a: Glimmora|Stealth Rock|p2a: Tauros\n|-sidestart|p2: Droopastropico|move: Stealth Rock\n|move|p2a: Tauros|Trailblaze|p1a: Glimmora\n|-damage|p1a: Glimmora|85\/100\n|-boost|p2a: Tauros|spe|1\n|-activate|p1a: Glimmora|ability: Toxic Debris\n|-sidestart|p2: Droopastropico|move: Toxic Spikes\n|\n|upkeep\n|turn|2\n|inactive|Droopastropico has 120 seconds left.\n|\n|t:|1698876414\n|move|p2a: Tauros|Trailblaze|p1a: Glimmora\n|-damage|p1a: Glimmora|71\/100\n|-boost|p2a: Tauros|spe|1\n|-activate|p1a: Glimmora|ability: Toxic Debris\n|-sidestart|p2: Droopastropico|move: Toxic Spikes\n|move|p1a: Glimmora|Toxic|p2a: Tauros\n|-status|p2a: Tauros|tox\n|\n|-damage|p2a: Tauros|94\/100 tox|[from] psn\n|upkeep\n|turn|3\n|inactive|Droopastropico has 120 seconds left.\n|\n|t:|1698876425\n|move|p2a: Tauros|Earthquake|p1a: Glimmora\n|-supereffective|p1a: Glimmora\n|-damage|p1a: Glimmora|0 fnt\n|faint|p1a: Glimmora\n|\n|-damage|p2a: Tauros|82\/100 tox|[from] psn\n|upkeep\n|\n|t:|1698876437\n|switch|p1a: Electrode|Electrode-Hisui|100\/100\n|turn|4\n|inactive|Droopastropico has 120 seconds left.\n|\n|t:|1698876470\n|move|p1a: Electrode|Explosion|p2a: Tauros\n|-damage|p2a: Tauros|57\/100 tox\n|faint|p1a: Electrode\n|move|p2a: Tauros|Earthquake|p1: Electrode|[notarget]\n|-fail|p2a: Tauros\n|\n|-damage|p2a: Tauros|39\/100 tox|[from] psn\n|upkeep\n|\n|t:|1698876478\n|switch|p1a: Enamorus|Enamorus, F|100\/100\n|turn|5\n|\n|t:|1698876487\n|move|p1a: Enamorus|Misty Explosion|p2a: Tauros\n|-supereffective|p2a: Tauros\n|-damage|p2a: Tauros|0 fnt\n|faint|p1a: Enamorus\n|faint|p2a: Tauros\n|\n|upkeep\n|inactive|Droopastropico has 120 seconds left.\n|\n|t:|1698876497\n|switch|p1a: Regieleki|Regieleki|100\/100\n|switch|p2a: Garchomp|Garchomp, M|100\/100\n|-damage|p2a: Garchomp|94\/100|[from] Stealth Rock\n|-status|p2a: Garchomp|tox\n|turn|6\n|inactive|Droopastropico has 120 seconds left.\n|\n|t:|1698876512\n|-terastallize|p2a: Garchomp|Dragon\n|move|p1a: Regieleki|Reflect|p1a: Regieleki\n|-sidestart|p1: TerrarianSkeleton|Reflect\n|move|p2a: Garchomp|Dragon Rush|p1a: Regieleki\n|-damage|p1a: Regieleki|25\/100\n|\n|-damage|p2a: Garchomp|88\/100 tox|[from] psn\n|upkeep\n|turn|7\n|inactive|Droopastropico has 120 seconds left.\n|\n|t:|1698876524\n|move|p1a: Regieleki|Explosion|p2a: Garchomp\n|-damage|p2a: Garchomp|28\/100 tox\n|faint|p1a: Regieleki\n|move|p2a: Garchomp|Aerial Ace|p1: Regieleki|[notarget]\n|-fail|p2a: Garchomp\n|\n|-damage|p2a: Garchomp|16\/100 tox|[from] psn\n|upkeep\n|\n|t:|1698876531\n|switch|p1a: Tyranitar|Tyranitar, F, shiny|100\/100\n|-weather|Sandstorm|[from] ability: Sand Stream|[of] p1a: Tyranitar\n|turn|8\n|\n|t:|1698876536\n|switch|p1a: Houndstone|Houndstone, F|100\/100\n|move|p2a: Garchomp|Earthquake|p1a: Houndstone\n|-damage|p1a: Houndstone|69\/100\n|\n|-weather|Sandstorm|[upkeep]\n|-damage|p2a: Garchomp|0 fnt|[from] psn\n|faint|p2a: Garchomp\n|upkeep\n|inactive|Droopastropico has 120 seconds left.\n|\n|t:|1698876546\n|switch|p2a: Espeon|Espeon, M|100\/100\n|-damage|p2a: Espeon|88\/100|[from] Stealth Rock\n|-status|p2a: Espeon|tox\n|turn|9\n|inactive|Droopastropico has 120 seconds left.\n|\n|t:|1698876560\n|move|p1a: Houndstone|Last Respects|p2a: Espeon\n|-supereffective|p2a: Espeon\n|-damage|p2a: Espeon|0 fnt\n|faint|p2a: Espeon\n|\n|-weather|Sandstorm|[upkeep]\n|upkeep\n|inactive|Droopastropico has 120 seconds left.\n|\n|t:|1698876565\n|switch|p2a: Arcanine|Arcanine, M|100\/100\n|-damage|p2a: Arcanine|76\/100|[from] Stealth Rock\n|-status|p2a: Arcanine|tox\n|-ability|p2a: Arcanine|Intimidate|boost\n|-unboost|p1a: Houndstone|atk|1\n|turn|10\n|inactive|Droopastropico has 120 seconds left.\n|\n|t:|1698876583\n|-terastallize|p1a: Houndstone|Ghost\n|move|p1a: Houndstone|Last Respects|p2a: Arcanine\n|-damage|p2a: Arcanine|0 fnt\n|faint|p2a: Arcanine\n|\n|-weather|Sandstorm|[upkeep]\n|upkeep\n|\n|t:|1698876590\n|switch|p2a: Gyarados|Gyarados, F|100\/100\n|-damage|p2a: Gyarados|76\/100|[from] Stealth Rock\n|-ability|p2a: Gyarados|Intimidate|boost\n|-unboost|p1a: Houndstone|atk|1\n|turn|11\n|inactive|Droopastropico has 120 seconds left.\n|\n|t:|1698876612\n|move|p1a: Houndstone|Last Respects|p2a: Gyarados\n|-damage|p2a: Gyarados|0 fnt\n|faint|p2a: Gyarados\n|\n|-weather|Sandstorm|[upkeep]\n|upkeep\n|\n|t:|1698876633\n|switch|p2a: Lurantis|Lurantis, M|100\/100\n|-damage|p2a: Lurantis|88\/100|[from] Stealth Rock\n|-status|p2a: Lurantis|tox\n|turn|12\n|\n|t:|1698876643\n|move|p1a: Houndstone|Last Respects|p2a: Lurantis\n|-damage|p2a: Lurantis|0 fnt\n|faint|p2a: Lurantis\n|\n|win|TerrarianSkeleton\n|raw|TerrarianSkeleton's rating: 1013 &rarr; <strong>1050<\/strong><br \/>(+37 for winning)\n|raw|Droopastropico's rating: 1000 &rarr; <strong>1000<\/strong><br \/>(+0 for losing)\n|l|\u2606Droopastropico\n","uploadtime":1698876649,"views":13,"p1id":"terrarianskeleton","p2id":"droopastropico","formatid":"gen9ubers","rating":1000,"private":0,"password":""}