{"id":"gen9ubers-1985900266","p1":"CTE World","p2":"KevinF_VGC","format":"[Gen 9] Ubers","log":"|j|\u2606CTE World\n|j|\u2606KevinF_VGC\n|t:|1699419630\n|gametype|singles\n|player|p1|CTE World|cynthia-masters|\n|player|p2|KevinF_VGC|lillie|\n|teamsize|p1|6\n|teamsize|p2|6\n|gen|9\n|tier|[Gen 9] Ubers\n|rule|Sleep Clause Mod: Limit one foe put to sleep\n|rule|Species Clause: Limit one of each Pok\u00e9mon\n|rule|OHKO Clause: OHKO moves are banned\n|rule|Evasion Items Clause: Evasion items are banned\n|rule|Evasion Moves Clause: Evasion moves are banned\n|rule|Endless Battle Clause: Forcing endless battles is banned\n|rule|HP Percentage Mod: HP is shown in percentages\n|clearpoke\n|poke|p1|Regidrago|\n|poke|p1|Mew|\n|poke|p1|Quaquaval, F|\n|poke|p1|Iron Valiant|\n|poke|p1|Veluza, M|\n|poke|p1|Roaring Moon|\n|poke|p2|Overqwil, M|\n|poke|p2|Tauros-Paldea-Aqua, M|\n|poke|p2|Arcanine-Hisui, M|\n|poke|p2|Cinderace, F|\n|poke|p2|Enamorus, F|\n|poke|p2|Dragapult, M|\n|teampreview\n|inactive|Battle timer is ON: inactive players will automatically lose when time's up. (requested by CTE World)\n|j| DomNeedsHelp\n|\n|t:|1699419657\n|start\n|switch|p1a: Roaring Moon|Roaring Moon|100\/100\n|switch|p2a: Overqwil|Overqwil, M|100\/100\n|-ability|p2a: Overqwil|Intimidate|boost\n|-unboost|p1a: Roaring Moon|atk|1\n|turn|1\n|\n|t:|1699419667\n|move|p1a: Roaring Moon|Dragon Dance|p1a: Roaring Moon\n|-boost|p1a: Roaring Moon|atk|1\n|-boost|p1a: Roaring Moon|spe|1\n|move|p2a: Overqwil|Toxic|p1a: Roaring Moon\n|-status|p1a: Roaring Moon|tox\n|-enditem|p1a: Roaring Moon|Lum Berry|[eat]\n|-curestatus|p1a: Roaring Moon|tox|[msg]\n|\n|upkeep\n|turn|2\n|\n|t:|1699419677\n|move|p1a: Roaring Moon|Iron Head|p2a: Overqwil\n|-damage|p2a: Overqwil|69\/100\n|move|p2a: Overqwil|Toxic|p1a: Roaring Moon\n|-status|p1a: Roaring Moon|tox\n|\n|-heal|p2a: Overqwil|75\/100|[from] item: Leftovers\n|-damage|p1a: Roaring Moon|95\/100 tox|[from] psn\n|upkeep\n|turn|3\n|\n|t:|1699419685\n|switch|p2a: Tauros|Tauros-Paldea-Aqua, M|100\/100\n|-ability|p2a: Tauros|Intimidate|boost\n|-unboost|p1a: Roaring Moon|atk|1\n|move|p1a: Roaring Moon|Knock Off|p2a: Tauros\n|-resisted|p2a: Tauros\n|-damage|p2a: Tauros|79\/100\n|-enditem|p2a: Tauros|Choice Band|[from] move: Knock Off|[of] p1a: Roaring Moon\n|\n|-damage|p1a: Roaring Moon|83\/100 tox|[from] psn\n|upkeep\n|turn|4\n|\n|t:|1699419701\n|switch|p2a: Overqwil|Overqwil, M|75\/100\n|-ability|p2a: Overqwil|Intimidate|boost\n|-unboost|p1a: Roaring Moon|atk|1\n|move|p1a: Roaring Moon|Outrage|p2a: Overqwil\n|-damage|p2a: Overqwil|41\/100\n|\n|-heal|p2a: Overqwil|47\/100|[from] item: Leftovers\n|-damage|p1a: Roaring Moon|65\/100 tox|[from] psn\n|upkeep\n|turn|5\n|\n|t:|1699419722\n|switch|p2a: Enamorus|Enamorus, F|100\/100\n|move|p1a: Roaring Moon|Outrage|p2a: Enamorus|[from]lockedmove\n|-immune|p2a: Enamorus\n|\n|-damage|p1a: Roaring Moon|41\/100 tox|[from] psn\n|upkeep\n|turn|6\n|\n|t:|1699419738\n|switch|p2a: Overqwil|Overqwil, M|47\/100\n|-ability|p2a: Overqwil|Intimidate|boost\n|-unboost|p1a: Roaring Moon|atk|1\n|move|p1a: Roaring Moon|Iron Head|p2a: Overqwil\n|-damage|p2a: Overqwil|35\/100\n|\n|-heal|p2a: Overqwil|41\/100|[from] item: Leftovers\n|-damage|p1a: Roaring Moon|11\/100 tox|[from] psn\n|upkeep\n|turn|7\n|\n|t:|1699419749\n|move|p1a: Roaring Moon|Knock Off|p2a: Overqwil\n|-resisted|p2a: Overqwil\n|-damage|p2a: Overqwil|31\/100\n|-enditem|p2a: Overqwil|Leftovers|[from] move: Knock Off|[of] p1a: Roaring Moon\n|move|p2a: Overqwil|Spikes|p1a: Roaring Moon\n|-sidestart|p1: CTE World|Spikes\n|\n|-damage|p1a: Roaring Moon|0 fnt|[from] psn\n|faint|p1a: Roaring Moon\n|-end|p1a: Roaring Moon|Protosynthesis|[silent]\n|upkeep\n|\n|t:|1699419763\n|switch|p1a: GT? More Like GD|Regidrago|100\/100\n|-damage|p1a: GT? More Like GD|88\/100|[from] Spikes\n|turn|8\n|\n|t:|1699419778\n|switch|p2a: Cinderace|Cinderace, F|100\/100\n|move|p1a: GT? More Like GD|Explosion|p2a: Cinderace\n|-damage|p2a: Cinderace|14\/100\n|faint|p1a: GT? More Like GD\n|\n|upkeep\n|\n|t:|1699419796\n|switch|p1a: Ft. Quaval|Quaquaval, F|100\/100\n|-damage|p1a: Ft. Quaval|88\/100|[from] Spikes\n|turn|9\n|\n|t:|1699419803\n|switch|p2a: Tauros|Tauros-Paldea-Aqua, M|79\/100\n|-ability|p2a: Tauros|Intimidate|boost\n|-unboost|p1a: Ft. Quaval|atk|1\n|move|p1a: Ft. Quaval|Aqua Step|p2a: Tauros\n|-resisted|p2a: Tauros\n|-damage|p2a: Tauros|57\/100\n|-boost|p1a: Ft. Quaval|spe|1\n|\n|upkeep\n|turn|10\n|\n|t:|1699419813\n|move|p1a: Ft. Quaval|Aqua Step|p2a: Tauros\n|-resisted|p2a: Tauros\n|-damage|p2a: Tauros|35\/100\n|-boost|p1a: Ft. Quaval|spe|1\n|move|p2a: Tauros|Close Combat|p1a: Ft. Quaval\n|-damage|p1a: Ft. Quaval|13\/100\n|-unboost|p2a: Tauros|def|1\n|-unboost|p2a: Tauros|spd|1\n|\n|upkeep\n|turn|11\n|inactive|KevinF_VGC has 270 seconds left.\n|\n|t:|1699419840\n|move|p2a: Tauros|Aqua Jet|p1a: Ft. Quaval\n|-resisted|p1a: Ft. Quaval\n|-damage|p1a: Ft. Quaval|1\/100\n|move|p1a: Ft. Quaval|Aqua Step|p2a: Tauros\n|-resisted|p2a: Tauros\n|-damage|p2a: Tauros|3\/100\n|-boost|p1a: Ft. Quaval|spe|1\n|\n|upkeep\n|turn|12\n|inactive|KevinF_VGC has 270 seconds left.\n|\n|t:|1699419851\n|move|p2a: Tauros|Aqua Jet|p1a: Ft. Quaval\n|-resisted|p1a: Ft. Quaval\n|-damage|p1a: Ft. Quaval|0 fnt\n|faint|p1a: Ft. Quaval\n|\n|upkeep\n|\n|t:|1699419855\n|switch|p1a: The Question|Mew|100\/100\n|-damage|p1a: The Question|88\/100|[from] Spikes\n|turn|13\n|\n|t:|1699419867\n|move|p2a: Tauros|Wave Crash|p1a: The Question\n|-damage|p1a: The Question|41\/100\n|-damage|p2a: Tauros|0 fnt|[from] Recoil\n|faint|p2a: Tauros\n|move|p1a: The Question|Iron Defense|p1a: The Question\n|-boost|p1a: The Question|def|2\n|\n|upkeep\n|\n|t:|1699419878\n|switch|p2a: Dragapult|Dragapult, M|100\/100\n|turn|14\n|\n|t:|1699419884\n|move|p2a: Dragapult|Shadow Ball|p1a: The Question\n|-supereffective|p1a: The Question\n|-damage|p1a: The Question|0 fnt\n|faint|p1a: The Question\n|\n|upkeep\n|\n|t:|1699419889\n|switch|p1a: Hake Crime|Veluza, M|100\/100\n|-damage|p1a: Hake Crime|88\/100|[from] Spikes\n|-ability|p1a: Hake Crime|Mold Breaker\n|turn|15\n|\n|t:|1699419914\n|switch|p2a: Cinderace|Cinderace, F|14\/100\n|move|p1a: Hake Crime|Night Slash|p2a: Cinderace\n|-damage|p2a: Cinderace|0 fnt\n|faint|p2a: Cinderace\n|\n|upkeep\n|\n|t:|1699419923\n|switch|p2a: Dragapult|Dragapult, M|100\/100\n|turn|16\n|\n|t:|1699419929\n|move|p2a: Dragapult|Shadow Ball|p1a: Hake Crime\n|-supereffective|p1a: Hake Crime\n|-damage|p1a: Hake Crime|0 fnt\n|faint|p1a: Hake Crime\n|\n|upkeep\n|\n|t:|1699419931\n|switch|p1a: Glaive No Rush|Iron Valiant|100\/100\n|-damage|p1a: Glaive No Rush|88\/100|[from] Spikes\n|-enditem|p1a: Glaive No Rush|Booster Energy\n|-activate|p1a: Glaive No Rush|ability: Quark Drive|[fromitem]\n|-start|p1a: Glaive No Rush|quarkdrivespe\n|turn|17\n|\n|t:|1699419945\n|move|p1a: Glaive No Rush|Moonblast|p2a: Dragapult\n|-supereffective|p2a: Dragapult\n|-damage|p2a: Dragapult|0 fnt\n|faint|p2a: Dragapult\n|\n|upkeep\n|\n|t:|1699419964\n|switch|p2a: Overqwil|Overqwil, M|31\/100\n|-ability|p2a: Overqwil|Intimidate|boost\n|-unboost|p1a: Glaive No Rush|atk|1\n|turn|18\n|\n|t:|1699419971\n|move|p1a: Glaive No Rush|Thunderbolt|p2a: Overqwil\n|-damage|p2a: Overqwil|0 fnt\n|faint|p2a: Overqwil\n|\n|upkeep\n|\n|t:|1699419977\n|switch|p2a: Arcanine|Arcanine-Hisui, M|100\/100\n|turn|19\n|\n|t:|1699419983\n|-terastallize|p2a: Arcanine|Normal\n|move|p2a: Arcanine|Extreme Speed|p1a: Glaive No Rush\n|-damage|p1a: Glaive No Rush|14\/100\n|move|p1a: Glaive No Rush|Focus Blast|p2a: Arcanine\n|-supereffective|p2a: Arcanine\n|-damage|p2a: Arcanine|0 fnt\n|faint|p2a: Arcanine\n|\n|upkeep\n|\n|t:|1699419993\n|switch|p2a: Enamorus|Enamorus, F|100\/100\n|turn|20\n|\n|t:|1699419998\n|move|p1a: Glaive No Rush|Destiny Bond|p1a: Glaive No Rush\n|-singlemove|p1a: Glaive No Rush|Destiny Bond\n|move|p2a: Enamorus|Moonblast|p1a: Glaive No Rush\n|-supereffective|p1a: Glaive No Rush\n|-damage|p1a: Glaive No Rush|0 fnt\n|faint|p1a: Glaive No Rush\n|-activate|p1a: Glaive No Rush|move: Destiny Bond\n|-end|p1a: Glaive No Rush|Quark Drive|[silent]\n|faint|p2a: Enamorus\n|\n|win|KevinF_VGC\n|l| DomNeedsHelp\n|j| DomNeedsHelp\n|l| DomNeedsHelp\n","uploadtime":1699420054,"views":4,"p1id":"cteworld","p2id":"kevinfvgc","formatid":"gen9ubers","rating":0,"private":0,"password":""}