{"id":"gen9ubers-1999216266","p1":"Palden64","p2":"JungkoLutece","format":"[Gen 9] Ubers","log":"|j|\u2606Palden64\n|j|\u2606JungkoLutece\n|t:|1701046564\n|gametype|singles\n|player|p1|Palden64|iris|1176\n|player|p2|JungkoLutece|palmer|1246\n|teamsize|p1|6\n|teamsize|p2|6\n|gen|9\n|tier|[Gen 9] Ubers\n|rated|\n|rule|Sleep Clause Mod: Limit one foe put to sleep\n|rule|Species Clause: Limit one of each Pok\u00e9mon\n|rule|OHKO Clause: OHKO moves are banned\n|rule|Evasion Items Clause: Evasion items are banned\n|rule|Evasion Moves Clause: Evasion moves are banned\n|rule|Endless Battle Clause: Forcing endless battles is banned\n|rule|HP Percentage Mod: HP is shown in percentages\n|clearpoke\n|poke|p1|Sneasler, F|\n|poke|p1|Miraidon|\n|poke|p1|Volcarona, M|\n|poke|p1|Espathra, F|\n|poke|p1|Iron Bundle|\n|poke|p1|Altaria, F|\n|poke|p2|Ribombee, F|\n|poke|p2|Kleavor, M|\n|poke|p2|Basculegion, M|\n|poke|p2|Spectrier|\n|poke|p2|Regieleki|\n|poke|p2|Glimmora, F|\n|teampreview\n|inactive|Battle timer is ON: inactive players will automatically lose when time's up. (requested by JungkoLutece)\n|\n|t:|1701046588\n|start\n|switch|p1a: Cleo|Espathra, F, shiny|100\/100\n|switch|p2a: Ribombee|Ribombee, F|100\/100\n|turn|1\n|\n|t:|1701046593\n|move|p2a: Ribombee|Sticky Web|p1a: Cleo\n|-sidestart|p1: Palden64|move: Sticky Web\n|move|p1a: Cleo|Calm Mind|p1a: Cleo\n|-boost|p1a: Cleo|spa|1\n|-boost|p1a: Cleo|spd|1\n|\n|-ability|p1a: Cleo|Speed Boost|boost\n|-boost|p1a: Cleo|spe|1\n|upkeep\n|turn|2\n|\n|t:|1701046604\n|move|p1a: Cleo|Calm Mind|p1a: Cleo\n|-boost|p1a: Cleo|spa|1\n|-boost|p1a: Cleo|spd|1\n|move|p2a: Ribombee|Bug Buzz|p1a: Cleo\n|-supereffective|p1a: Cleo\n|-damage|p1a: Cleo|41\/100\n|\n|-heal|p1a: Cleo|47\/100|[from] item: Leftovers\n|-ability|p1a: Cleo|Speed Boost|boost\n|-boost|p1a: Cleo|spe|1\n|upkeep\n|turn|3\n|\n|t:|1701046615\n|move|p1a: Cleo|Protect|p1a: Cleo\n|-singleturn|p1a: Cleo|Protect\n|move|p2a: Ribombee|Tailwind|p2a: Ribombee\n|-sidestart|p2: JungkoLutece|move: Tailwind\n|\n|-heal|p1a: Cleo|53\/100|[from] item: Leftovers\n|-ability|p1a: Cleo|Speed Boost|boost\n|-boost|p1a: Cleo|spe|1\n|upkeep\n|turn|4\n|\n|t:|1701046625\n|-terastallize|p1a: Cleo|Fairy\n|move|p1a: Cleo|Stored Power|p2a: Ribombee\n|-enditem|p2a: Ribombee|Focus Sash\n|-damage|p2a: Ribombee|1\/100\n|move|p2a: Ribombee|Bug Buzz|p1a: Cleo\n|-resisted|p1a: Cleo\n|-damage|p1a: Cleo|38\/100\n|\n|-heal|p1a: Cleo|44\/100|[from] item: Leftovers\n|-ability|p1a: Cleo|Speed Boost|boost\n|-boost|p1a: Cleo|spe|1\n|upkeep\n|turn|5\n|\n|t:|1701046640\n|move|p1a: Cleo|Stored Power|p2a: Ribombee\n|-damage|p2a: Ribombee|0 fnt\n|faint|p2a: Ribombee\n|\n|-heal|p1a: Cleo|50\/100|[from] item: Leftovers\n|-ability|p1a: Cleo|Speed Boost|boost\n|-boost|p1a: Cleo|spe|1\n|upkeep\n|\n|t:|1701046645\n|switch|p2a: Glimmora|Glimmora, F|100\/100\n|turn|6\n|\n|t:|1701046651\n|move|p1a: Cleo|Protect|p1a: Cleo\n|-singleturn|p1a: Cleo|Protect\n|move|p2a: Glimmora|Toxic Spikes|p1a: Cleo\n|-sidestart|p1: Palden64|move: Toxic Spikes\n|\n|-heal|p1a: Cleo|56\/100|[from] item: Leftovers\n|-sideend|p2: JungkoLutece|move: Tailwind\n|-ability|p1a: Cleo|Speed Boost|boost\n|-boost|p1a: Cleo|spe|1\n|upkeep\n|turn|7\n|\n|t:|1701046656\n|move|p1a: Cleo|Stored Power|p2a: Glimmora\n|-supereffective|p2a: Glimmora\n|-enditem|p2a: Glimmora|Focus Sash\n|-damage|p2a: Glimmora|1\/100\n|move|p2a: Glimmora|Toxic Spikes|p1a: Cleo\n|-sidestart|p1: Palden64|move: Toxic Spikes\n|\n|-heal|p1a: Cleo|62\/100|[from] item: Leftovers\n|upkeep\n|turn|8\n|\n|t:|1701046666\n|move|p1a: Cleo|Protect|p1a: Cleo\n|-singleturn|p1a: Cleo|Protect\n|move|p2a: Glimmora|Power Gem|p1a: Cleo\n|-activate|p1a: Cleo|move: Protect\n|\n|-heal|p1a: Cleo|68\/100|[from] item: Leftovers\n|upkeep\n|turn|9\n|\n|t:|1701046679\n|move|p1a: Cleo|Stored Power|p2a: Glimmora\n|-supereffective|p2a: Glimmora\n|-damage|p2a: Glimmora|0 fnt\n|faint|p2a: Glimmora\n|\n|-heal|p1a: Cleo|75\/100|[from] item: Leftovers\n|upkeep\n|\n|t:|1701046687\n|switch|p2a: Regieleki|Regieleki|100\/100\n|turn|10\n|\n|t:|1701046696\n|move|p1a: Cleo|Protect|p1a: Cleo\n|-singleturn|p1a: Cleo|Protect\n|move|p2a: Regieleki|Explosion|p1a: Cleo\n|-activate|p1a: Cleo|move: Protect\n|faint|p2a: Regieleki\n|\n|-heal|p1a: Cleo|81\/100|[from] item: Leftovers\n|upkeep\n|-message|JungkoLutece forfeited.\n|\n|win|Palden64\n|raw|Palden64's rating: 1176 &rarr; <strong>1206<\/strong><br \/>(+30 for winning)\n|raw|JungkoLutece's rating: 1246 &rarr; <strong>1216<\/strong><br \/>(-30 for losing)\n|l|\u2606JungkoLutece\n","uploadtime":1701046711,"views":2,"p1id":"palden64","p2id":"jungkolutece","formatid":"gen9ubers","rating":1206,"private":0,"password":""}