{"id":"gen9ubers-1978558881","p1":"Themoonisbright","p2":"whaud","format":"[Gen 9] Ubers","log":"|j|\u2606Themoonisbright\n|j|\u2606whaud\n|t:|1698555834\n|gametype|singles\n|player|p1|Themoonisbright|artist-gen4|\n|player|p2|whaud|alain|\n|teamsize|p1|6\n|teamsize|p2|6\n|gen|9\n|tier|[Gen 9] Ubers\n|rule|Sleep Clause Mod: Limit one foe put to sleep\n|rule|Species Clause: Limit one of each Pok\u00e9mon\n|rule|OHKO Clause: OHKO moves are banned\n|rule|Evasion Items Clause: Evasion items are banned\n|rule|Evasion Moves Clause: Evasion moves are banned\n|rule|Endless Battle Clause: Forcing endless battles is banned\n|rule|HP Percentage Mod: HP is shown in percentages\n|clearpoke\n|poke|p1|Grimmsnarl, M|\n|poke|p1|Cyclizar, M|\n|poke|p1|Palafin, M|\n|poke|p1|Magearna|\n|poke|p1|Arceus-Poison|\n|poke|p1|Espathra, F|\n|poke|p2|Cyclizar, M|\n|poke|p2|Palkia-Origin|\n|poke|p2|Magearna|\n|poke|p2|Palafin, F|\n|poke|p2|Zacian-*|\n|poke|p2|Arceus-Fighting|\n|teampreview\n|\n|t:|1698555856\n|start\n|switch|p1a: Grimmsnarl|Grimmsnarl, M|100\/100\n|switch|p2a: Cyclizar|Cyclizar, M|100\/100\n|turn|1\n|\n|t:|1698555861\n|move|p1a: Grimmsnarl|Taunt|p2a: Cyclizar\n|-start|p2a: Cyclizar|move: Taunt\n|move|p2a: Cyclizar|Knock Off|p1a: Grimmsnarl\n|-resisted|p1a: Grimmsnarl\n|-damage|p1a: Grimmsnarl|95\/100\n|-enditem|p1a: Grimmsnarl|Light Clay|[from] move: Knock Off|[of] p2a: Cyclizar\n|\n|upkeep\n|turn|2\n|\n|t:|1698555910\n|switch|p2a: Zacian|Zacian|100\/100\n|-ability|p2a: Zacian|Intrepid Sword|boost\n|-boost|p2a: Zacian|atk|1\n|move|p1a: Grimmsnarl|Reflect|p1a: Grimmsnarl\n|-sidestart|p1: Themoonisbright|Reflect\n|\n|upkeep\n|turn|3\n|\n|t:|1698555920\n|move|p1a: Grimmsnarl|Taunt|p2a: Zacian\n|-start|p2a: Zacian|move: Taunt\n|move|p2a: Zacian|Play Rough|p1a: Grimmsnarl\n|-supereffective|p1a: Grimmsnarl\n|-damage|p1a: Grimmsnarl|0 fnt\n|faint|p1a: Grimmsnarl\n|\n|upkeep\n|\n|t:|1698555930\n|switch|p1a: Cyclizar|Cyclizar, M|100\/100\n|turn|4\n|\n|t:|1698555955\n|move|p1a: Cyclizar|Shed Tail|p1a: Cyclizar\n|-start|p1a: Cyclizar|Substitute|[from] move: Shed Tail\n|-damage|p1a: Cyclizar|50\/100\n|\n|t:|1698555958\n|switch|p1a: Arceus|Arceus-Poison|100\/100|[from] Shed Tail\n|move|p2a: Zacian|Play Rough|p1a: Arceus\n|-resisted|p1a: Arceus\n|-activate|p1a: Arceus|move: Substitute|[damage]\n|\n|upkeep\n|turn|5\n|\n|t:|1698555962\n|switch|p2a: Magearna|Magearna|100\/100\n|move|p1a: Arceus|Dragon Dance|p1a: Arceus\n|-boost|p1a: Arceus|atk|1\n|-boost|p1a: Arceus|spe|1\n|\n|upkeep\n|turn|6\n|\n|t:|1698555965\n|move|p1a: Arceus|Taunt|p2a: Magearna\n|-start|p2a: Magearna|move: Taunt\n|cant|p2a: Magearna|move: Taunt|Iron Defense\n|\n|-sideend|p1: Themoonisbright|Reflect\n|upkeep\n|turn|7\n|\n|t:|1698555969\n|move|p1a: Arceus|Dragon Dance|p1a: Arceus\n|-boost|p1a: Arceus|atk|1\n|-boost|p1a: Arceus|spe|1\n|move|p2a: Magearna|Stored Power|p1a: Arceus\n|-supereffective|p1a: Arceus\n|-end|p1a: Arceus|Substitute\n|\n|upkeep\n|turn|8\n|\n|t:|1698555976\n|move|p1a: Arceus|Earthquake|p2a: Magearna\n|-supereffective|p2a: Magearna\n|-damage|p2a: Magearna|15\/100\n|move|p2a: Magearna|Stored Power|p1a: Arceus\n|-supereffective|p1a: Arceus\n|-damage|p1a: Arceus|91\/100\n|\n|-heal|p2a: Magearna|21\/100|[from] item: Leftovers\n|-end|p2a: Magearna|move: Taunt\n|upkeep\n|turn|9\n|\n|t:|1698555981\n|move|p1a: Arceus|Taunt|p2a: Magearna\n|-start|p2a: Magearna|move: Taunt\n|move|p2a: Magearna|Stored Power|p1a: Arceus\n|-supereffective|p1a: Arceus\n|-damage|p1a: Arceus|81\/100\n|\n|-heal|p2a: Magearna|27\/100|[from] item: Leftovers\n|upkeep\n|turn|10\n|\n|t:|1698555984\n|move|p1a: Arceus|Dragon Dance|p1a: Arceus\n|-boost|p1a: Arceus|atk|1\n|-boost|p1a: Arceus|spe|1\n|move|p2a: Magearna|Draining Kiss|p1a: Arceus\n|-resisted|p1a: Arceus\n|-damage|p1a: Arceus|73\/100\n|-heal|p2a: Magearna|34\/100|[from] drain|[of] p1a: Arceus\n|\n|-heal|p2a: Magearna|40\/100|[from] item: Leftovers\n|upkeep\n|turn|11\n|\n|t:|1698555990\n|move|p1a: Arceus|Earthquake|p2a: Magearna\n|-supereffective|p2a: Magearna\n|-damage|p2a: Magearna|0 fnt\n|faint|p2a: Magearna\n|\n|upkeep\n|\n|t:|1698555994\n|switch|p2a: Palafin|Palafin, F|100\/100\n|turn|12\n|\n|t:|1698555997\n|detailschange|p2a: Palafin|Palafin-Hero, F\n|switch|p2a: Cyclizar|Cyclizar, M|100\/100\n|move|p1a: Arceus|Poison Jab|p2a: Cyclizar\n|-damage|p2a: Cyclizar|0 fnt\n|faint|p2a: Cyclizar\n|\n|upkeep\n|\n|t:|1698555999\n|switch|p2a: Palafin|Palafin-Hero, F|100\/100\n|-activate|p2a: Palafin|ability: Zero to Hero\n|turn|13\n|\n|t:|1698556002\n|move|p2a: Palafin|Jet Punch|p1a: Arceus\n|-crit|p1a: Arceus\n|-damage|p1a: Arceus|40\/100\n|move|p1a: Arceus|Poison Jab|p2a: Palafin\n|-damage|p2a: Palafin|2\/100\n|\n|-heal|p2a: Palafin|8\/100|[from] item: Leftovers\n|upkeep\n|turn|14\n|\n|t:|1698556007\n|move|p2a: Palafin|Jet Punch|p1a: Arceus\n|-damage|p1a: Arceus|15\/100\n|move|p1a: Arceus|Poison Jab|p2a: Palafin\n|-damage|p2a: Palafin|0 fnt\n|faint|p2a: Palafin\n|\n|upkeep\n|\n|t:|1698556013\n|switch|p2a: Arceus|Arceus-Fighting|100\/100\n|turn|15\n|\n|t:|1698556021\n|move|p1a: Arceus|Poison Jab|p2a: Arceus\n|-damage|p2a: Arceus|42\/100\n|-status|p2a: Arceus|psn\n|move|p2a: Arceus|Stored Power|p1a: Arceus\n|-supereffective|p1a: Arceus\n|-damage|p1a: Arceus|7\/100\n|\n|-damage|p2a: Arceus|29\/100 psn|[from] psn\n|upkeep\n|turn|16\n|\n|t:|1698556027\n|move|p1a: Arceus|Poison Jab|p2a: Arceus\n|-damage|p2a: Arceus|0 fnt\n|faint|p2a: Arceus\n|\n|upkeep\n|\n|t:|1698556029\n|switch|p2a: Zacian|Zacian|100\/100\n|turn|17\n|\n|t:|1698556031\n|move|p1a: Arceus|Poison Jab|p2a: Zacian\n|-supereffective|p2a: Zacian\n|-damage|p2a: Zacian|0 fnt\n|faint|p2a: Zacian\n|\n|upkeep\n|\n|t:|1698556033\n|switch|p2a: Palkia|Palkia-Origin|100\/100\n|-ability|p2a: Palkia|Pressure\n|turn|18\n|\n|t:|1698556036\n|move|p1a: Arceus|Poison Jab|p2a: Palkia\n|-damage|p2a: Palkia|0 fnt\n|faint|p2a: Palkia\n|\n|win|Themoonisbright\n|l|\u2606whaud\n|c|\u2606Themoonisbright|gg\n","uploadtime":1698556044,"views":15,"p1id":"themoonisbright","p2id":"whaud","formatid":"gen9ubers","rating":0,"private":0,"password":""}