{"id":"gen9ubers-1981283764","p1":"PyukutotheMuku","p2":"fire training","format":"[Gen 9] Ubers","log":"|j|\u2606PyukutotheMuku\n|j|\u2606fire training\n|t:|1698879604\n|gametype|singles\n|player|p1|PyukutotheMuku|emmet|1000\n|player|p2|fire training|buck|1000\n|teamsize|p1|6\n|teamsize|p2|6\n|gen|9\n|tier|[Gen 9] Ubers\n|rated|\n|rule|Sleep Clause Mod: Limit one foe put to sleep\n|rule|Species Clause: Limit one of each Pok\u00e9mon\n|rule|OHKO Clause: OHKO moves are banned\n|rule|Evasion Items Clause: Evasion items are banned\n|rule|Evasion Moves Clause: Evasion moves are banned\n|rule|Endless Battle Clause: Forcing endless battles is banned\n|rule|HP Percentage Mod: HP is shown in percentages\n|clearpoke\n|poke|p1|Weezing-Galar, M|\n|poke|p1|Iron Treads|\n|poke|p1|Wo-Chien|\n|poke|p1|Tyranitar, F|\n|poke|p1|Donphan, L1, M|\n|poke|p1|Garganacl, M|\n|poke|p2|Charizard, M|\n|poke|p2|Cinderace, M|\n|poke|p2|Torkoal, F|\n|poke|p2|Volcarona, M|\n|poke|p2|Ceruledge, F|\n|poke|p2|Infernape, F|\n|teampreview\n|inactive|Battle timer is ON: inactive players will automatically lose when time's up. (requested by PyukutotheMuku)\n|\n|t:|1698879614\n|start\n|switch|p1a: Average Tusk|Donphan, L1, M|100\/100\n|switch|p2a: A defesa 1|Torkoal, F|100\/100\n|-weather|SunnyDay|[from] ability: Drought|[of] p2a: A defesa 1\n|turn|1\n|\n|t:|1698879625\n|move|p2a: A defesa 1|Will-O-Wisp|p1a: Average Tusk\n|-status|p1a: Average Tusk|brn\n|move|p1a: Average Tusk|Endeavor|p2a: A defesa 1\n|-damage|p2a: A defesa 1|4\/100\n|\n|-weather|SunnyDay|[upkeep]\n|-damage|p1a: Average Tusk|92\/100 brn|[from] brn\n|upkeep\n|turn|2\n|\n|t:|1698879628\n|switch|p1a: Tyranitar|Tyranitar, F|100\/100\n|-weather|Sandstorm|[from] ability: Sand Stream|[of] p1a: Tyranitar\n|move|p2a: A defesa 1|Protect||[still]\n|-fail|p2a: A defesa 1\n|\n|-weather|Sandstorm|[upkeep]\n|-damage|p2a: A defesa 1|0 fnt|[from] Sandstorm\n|faint|p2a: A defesa 1\n|upkeep\n|\n|t:|1698879632\n|switch|p2a: A defesa 2|Volcarona, M|100\/100\n|turn|3\n|\n|t:|1698879636\n|move|p2a: A defesa 2|Giga Drain|p1a: Tyranitar\n|-supereffective|p1a: Tyranitar\n|-damage|p1a: Tyranitar|77\/100\n|move|p1a: Tyranitar|Knock Off|p2a: A defesa 2\n|-damage|p2a: A defesa 2|22\/100\n|-enditem|p2a: A defesa 2|Focus Sash|[from] move: Knock Off|[of] p1a: Tyranitar\n|\n|-weather|Sandstorm|[upkeep]\n|-damage|p2a: A defesa 2|16\/100|[from] Sandstorm\n|upkeep\n|turn|4\n|\n|t:|1698879642\n|move|p2a: A defesa 2|Giga Drain|p1a: Tyranitar\n|-supereffective|p1a: Tyranitar\n|-damage|p1a: Tyranitar|55\/100\n|-heal|p2a: A defesa 2|30\/100|[from] drain|[of] p1a: Tyranitar\n|move|p1a: Tyranitar|Knock Off|p2a: A defesa 2\n|-damage|p2a: A defesa 2|0 fnt\n|faint|p2a: A defesa 2\n|\n|-weather|Sandstorm|[upkeep]\n|upkeep\n|\n|t:|1698879649\n|switch|p2a: A bolada|Cinderace, M|100\/100\n|turn|5\n|\n|t:|1698879655\n|switch|p1a: Average Tusk|Donphan, L1, M|92\/100 brn\n|move|p2a: A bolada|Counter||[still]\n|-fail|p2a: A bolada\n|\n|-weather|Sandstorm|[upkeep]\n|-damage|p2a: A bolada|95\/100|[from] Sandstorm\n|-damage|p1a: Average Tusk|84\/100 brn|[from] brn\n|upkeep\n|turn|6\n|\n|t:|1698879662\n|switch|p2a: O maluquinho|Infernape, F|100\/100\n|move|p1a: Average Tusk|Endeavor|p2a: O maluquinho\n|-damage|p2a: O maluquinho|4\/100\n|-heal|p1a: Average Tusk|100\/100 brn|[from] item: Shell Bell|[of] p2a: O maluquinho\n|\n|-weather|none\n|-damage|p1a: Average Tusk|92\/100 brn|[from] brn\n|upkeep\n|turn|7\n|\n|t:|1698879667\n|switch|p1a: Tyranitar|Tyranitar, F|55\/100\n|-weather|Sandstorm|[from] ability: Sand Stream|[of] p1a: Tyranitar\n|move|p2a: O maluquinho|Fire Punch|p1a: Tyranitar\n|-resisted|p1a: Tyranitar\n|-damage|p1a: Tyranitar|27\/100\n|-damage|p2a: O maluquinho|0 fnt|[from] item: Rocky Helmet|[of] p1a: Tyranitar\n|faint|p2a: O maluquinho\n|\n|-weather|Sandstorm|[upkeep]\n|upkeep\n|\n|t:|1698879671\n|switch|p2a: O capit\u00e3o|Charizard, M|100\/100\n|turn|8\n|\n|t:|1698879675\n|move|p2a: O capit\u00e3o|Hyper Beam|p1a: Tyranitar\n|-resisted|p1a: Tyranitar\n|-crit|p1a: Tyranitar\n|-damage|p1a: Tyranitar|12\/100\n|-mustrecharge|p2a: O capit\u00e3o\n|move|p1a: Tyranitar|Knock Off|p2a: O capit\u00e3o\n|-damage|p2a: O capit\u00e3o|34\/100\n|-enditem|p2a: O capit\u00e3o|Charcoal|[from] move: Knock Off|[of] p1a: Tyranitar\n|\n|-weather|Sandstorm|[upkeep]\n|-damage|p2a: O capit\u00e3o|28\/100|[from] Sandstorm\n|upkeep\n|turn|9\n|\n|t:|1698879679\n|cant|p2a: O capit\u00e3o|recharge\n|move|p1a: Tyranitar|Knock Off|p2a: O capit\u00e3o\n|-damage|p2a: O capit\u00e3o|0 fnt\n|faint|p2a: O capit\u00e3o\n|\n|-weather|Sandstorm|[upkeep]\n|upkeep\n|\n|t:|1698879685\n|switch|p2a: O supremo|Ceruledge, F|100\/100\n|turn|10\n|\n|t:|1698879690\n|move|p2a: O supremo|Heat Wave|p1a: Tyranitar\n|-resisted|p1a: Tyranitar\n|-damage|p1a: Tyranitar|7\/100\n|move|p1a: Tyranitar|Knock Off|p2a: O supremo\n|-supereffective|p2a: O supremo\n|-damage|p2a: O supremo|0 fnt\n|-enditem|p2a: O supremo|Expert Belt|[from] move: Knock Off|[of] p1a: Tyranitar\n|faint|p2a: O supremo\n|\n|-weather|Sandstorm|[upkeep]\n|upkeep\n|\n|t:|1698879692\n|switch|p2a: A bolada|Cinderace, M|95\/100\n|turn|11\n|\n|t:|1698879694\n|move|p2a: A bolada|Pyro Ball|p1a: Tyranitar\n|-resisted|p1a: Tyranitar\n|-damage|p1a: Tyranitar|0 fnt\n|faint|p1a: Tyranitar\n|\n|-weather|none\n|upkeep\n|\n|t:|1698879697\n|switch|p1a: Garganacl|Garganacl, M|100\/100\n|turn|12\n|\n|t:|1698879706\n|-terastallize|p1a: Garganacl|Ghost\n|move|p2a: A bolada|Pyro Ball|p1a: Garganacl\n|-damage|p1a: Garganacl|67\/100\n|move|p1a: Garganacl|Salt Cure|p2a: A bolada\n|-supereffective|p2a: A bolada\n|-damage|p2a: A bolada|58\/100\n|-start|p2a: A bolada|Salt Cure\n|\n|-heal|p1a: Garganacl|73\/100|[from] item: Leftovers\n|-damage|p2a: A bolada|46\/100|[from] Salt Cure\n|upkeep\n|turn|13\n|\n|t:|1698879709\n|move|p1a: Garganacl|Iron Defense|p1a: Garganacl\n|-boost|p1a: Garganacl|def|2\n|move|p2a: A bolada|Counter||[still]\n|-fail|p2a: A bolada\n|\n|-heal|p1a: Garganacl|79\/100|[from] item: Leftovers\n|-damage|p2a: A bolada|33\/100|[from] Salt Cure\n|upkeep\n|turn|14\n|\n|t:|1698879714\n|move|p2a: A bolada|Fire Blast|p1a: Garganacl\n|-damage|p1a: Garganacl|51\/100\n|move|p1a: Garganacl|Iron Defense|p1a: Garganacl\n|-boost|p1a: Garganacl|def|2\n|\n|-heal|p1a: Garganacl|57\/100|[from] item: Leftovers\n|-damage|p2a: A bolada|21\/100|[from] Salt Cure\n|upkeep\n|turn|15\n|\n|t:|1698879718\n|move|p2a: A bolada|Pyro Ball|p1a: Garganacl\n|-damage|p1a: Garganacl|41\/100\n|move|p1a: Garganacl|Body Press|p2a: A bolada\n|-damage|p2a: A bolada|0 fnt\n|faint|p2a: A bolada\n|\n|win|PyukutotheMuku\n|raw|PyukutotheMuku's rating: 1000 &rarr; <strong>1040<\/strong><br \/>(+40 for winning)\n|raw|fire training's rating: 1000 &rarr; <strong>1000<\/strong><br \/>(+0 for losing)\n|l|\u2606fire training\n|l|\u2606PyukutotheMuku\n|j|\u2606fire training\n|player|p2|fire training|richboy-gen4\n","uploadtime":1698879783,"views":6,"p1id":"pyukutothemuku","p2id":"firetraining","formatid":"gen9ubers","rating":1000,"private":0,"password":""}