{"id":"gen9ubers-1988602547","p1":"Tdlucca","p2":"madeirinhas","format":"[Gen 9] Ubers","log":"|j|\u2606Tdlucca\n|j|\u2606madeirinhas\n|t:|1699740818\n|gametype|singles\n|player|p1|Tdlucca|hilbert|\n|player|p2|madeirinhas|102|\n|teamsize|p1|6\n|teamsize|p2|6\n|gen|9\n|tier|[Gen 9] Ubers\n|rule|Sleep Clause Mod: Limit one foe put to sleep\n|rule|Species Clause: Limit one of each Pok\u00e9mon\n|rule|OHKO Clause: OHKO moves are banned\n|rule|Evasion Items Clause: Evasion items are banned\n|rule|Evasion Moves Clause: Evasion moves are banned\n|rule|Endless Battle Clause: Forcing endless battles is banned\n|rule|HP Percentage Mod: HP is shown in percentages\n|clearpoke\n|poke|p1|Greninja-*, M|\n|poke|p1|Houndoom, F|\n|poke|p1|Corviknight, M|\n|poke|p1|Ceruledge, M|\n|poke|p1|Toxicroak, M|\n|poke|p1|Lycanroc-Midnight, F|\n|poke|p2|Torterra, F|\n|poke|p2|Gallade, M|\n|poke|p2|Armarouge, M|\n|poke|p2|Braviary, M|\n|poke|p2|Tauros-Paldea-Aqua, M|\n|poke|p2|Kingambit, F|\n|teampreview\n|\n|t:|1699740825\n|start\n|switch|p1a: Ceruledge|Ceruledge, M|100\/100\n|switch|p2a: Torterra|Torterra, F|100\/100\n|turn|1\n|\n|t:|1699740832\n|move|p1a: Ceruledge|Bitter Blade|p2a: Torterra\n|-supereffective|p2a: Torterra\n|-damage|p2a: Torterra|50\/100\n|move|p2a: Torterra|Earthquake|p1a: Ceruledge\n|-supereffective|p1a: Ceruledge\n|-enditem|p1a: Ceruledge|Focus Sash\n|-damage|p1a: Ceruledge|1\/100\n|-ability|p1a: Ceruledge|Weak Armor|boost\n|-unboost|p1a: Ceruledge|def|1\n|-boost|p1a: Ceruledge|spe|2\n|\n|upkeep\n|turn|2\n|\n|t:|1699740843\n|switch|p2a: Armarouge|Armarouge, M|100\/100\n|move|p1a: Ceruledge|Bitter Blade|p2a: Armarouge\n|-start|p2a: Armarouge|ability: Flash Fire\n|\n|upkeep\n|turn|3\n|\n|t:|1699740852\n|move|p1a: Ceruledge|Shadow Claw|p2a: Armarouge\n|-supereffective|p2a: Armarouge\n|-damage|p2a: Armarouge|25\/100\n|move|p2a: Armarouge|Flash Cannon|p1a: Ceruledge\n|-resisted|p1a: Ceruledge\n|-damage|p1a: Ceruledge|0 fnt\n|faint|p1a: Ceruledge\n|-damage|p2a: Armarouge|15\/100|[from] item: Life Orb\n|\n|upkeep\n|\n|t:|1699740862\n|switch|p1a: Greninja|Greninja, M|100\/100\n|turn|4\n|\n|t:|1699740869\n|move|p1a: Greninja|Ice Beam|p2a: Armarouge\n|-resisted|p2a: Armarouge\n|-damage|p2a: Armarouge|0 fnt\n|faint|p2a: Armarouge\n|\n|upkeep\n|\n|t:|1699740877\n|switch|p2a: Gallade|Gallade, M|100\/100\n|turn|5\n|\n|t:|1699740884\n|-terastallize|p1a: Greninja|Water\n|move|p1a: Greninja|Hydro Pump|p2a: Gallade\n|-damage|p2a: Gallade|36\/100\n|move|p2a: Gallade|Swords Dance|p2a: Gallade\n|-boost|p2a: Gallade|atk|2\n|\n|upkeep\n|turn|6\n|\n|t:|1699740894\n|move|p1a: Greninja|Hydro Pump|p2a: Gallade\n|-damage|p2a: Gallade|0 fnt\n|faint|p2a: Gallade\n|\n|upkeep\n|\n|t:|1699740904\n|switch|p2a: Torterra|Torterra, F|50\/100\n|turn|7\n|\n|t:|1699740908\n|move|p1a: Greninja|Ice Beam|p2a: Torterra\n|-supereffective|p2a: Torterra\n|-damage|p2a: Torterra|0 fnt\n|faint|p2a: Torterra\n|\n|upkeep\n|\n|t:|1699740924\n|switch|p2a: Braviary|Braviary, M|100\/100\n|turn|8\n|\n|t:|1699740928\n|move|p1a: Greninja|Ice Beam|p2a: Braviary\n|-supereffective|p2a: Braviary\n|-damage|p2a: Braviary|32\/100\n|move|p2a: Braviary|Rock Slide|p1a: Greninja|[miss]\n|-miss|p2a: Braviary|p1a: Greninja\n|\n|-heal|p2a: Braviary|39\/100|[from] item: Leftovers\n|upkeep\n|turn|9\n|\n|t:|1699740937\n|move|p1a: Greninja|Ice Beam|p2a: Braviary\n|-supereffective|p2a: Braviary\n|-damage|p2a: Braviary|0 fnt\n|faint|p2a: Braviary\n|\n|upkeep\n|\n|t:|1699740942\n|switch|p2a: Tauros|Tauros-Paldea-Aqua, M|100\/100\n|-ability|p2a: Tauros|Intimidate|boost\n|-unboost|p1a: Greninja|atk|1\n|turn|10\n|\n|t:|1699740952\n|move|p1a: Greninja|Hydro Pump|p2a: Tauros\n|-resisted|p2a: Tauros\n|-damage|p2a: Tauros|52\/100\n|move|p2a: Tauros|Endeavor|p1a: Greninja\n|-damage|p1a: Greninja|65\/100\n|\n|-heal|p1a: Greninja|71\/100|[from] item: Leftovers\n|upkeep\n|turn|11\n|\n|t:|1699740964\n|move|p1a: Greninja|Swords Dance|p1a: Greninja\n|-boost|p1a: Greninja|atk|2\n|move|p2a: Tauros|Zen Headbutt|p1a: Greninja\n|-damage|p1a: Greninja|35\/100\n|\n|-heal|p1a: Greninja|41\/100|[from] item: Leftovers\n|upkeep\n|turn|12\n|\n|t:|1699740973\n|move|p1a: Greninja|Hydro Pump|p2a: Tauros\n|-resisted|p2a: Tauros\n|-damage|p2a: Tauros|7\/100\n|move|p2a: Tauros|Zen Headbutt|p1a: Greninja\n|-damage|p1a: Greninja|8\/100\n|\n|-heal|p1a: Greninja|13\/100|[from] item: Leftovers\n|upkeep\n|turn|13\n|\n|t:|1699740985\n|move|p1a: Greninja|Dark Pulse|p2a: Tauros\n|-resisted|p2a: Tauros\n|-damage|p2a: Tauros|0 fnt\n|faint|p2a: Tauros\n|\n|-heal|p1a: Greninja|19\/100|[from] item: Leftovers\n|upkeep\n|\n|t:|1699740993\n|switch|p2a: Kingambit|Kingambit, F|100\/100\n|turn|14\n|\n|t:|1699741001\n|move|p1a: Greninja|Ice Beam|p2a: Kingambit\n|-resisted|p2a: Kingambit\n|-damage|p2a: Kingambit|87\/100\n|move|p2a: Kingambit|Shadow Claw|p1a: Greninja\n|-damage|p1a: Greninja|0 fnt\n|faint|p1a: Greninja\n|\n|upkeep\n|\n|t:|1699741009\n|switch|p1a: Houndoom|Houndoom, F|100\/100\n|turn|15\n|\n|t:|1699741024\n|move|p1a: Houndoom|Fire Blast|p2a: Kingambit\n|-supereffective|p2a: Kingambit\n|-damage|p2a: Kingambit|0 fnt\n|faint|p2a: Kingambit\n|-damage|p1a: Houndoom|91\/100|[from] item: Life Orb\n|\n|win|Tdlucca\n|l|\u2606madeirinhas\n","uploadtime":1699741111,"views":21,"p1id":"tdlucca","p2id":"madeirinhas","formatid":"gen9ubers","rating":0,"private":0,"password":""}