{"id":"gen9ubers-1993123193","p1":"Talonflameredwings","p2":"Snorlaxsleepers","format":"[Gen 9] Ubers","log":"|j|\u2606Talonflameredwings\n|j|\u2606Snorlaxsleepers\n|t:|1700267490\n|gametype|singles\n|player|p1|Talonflameredwings|ghetsis-gen5bw|\n|player|p2|Snorlaxsleepers|102|\n|teamsize|p1|6\n|teamsize|p2|6\n|gen|9\n|tier|[Gen 9] Ubers\n|rule|Sleep Clause Mod: Limit one foe put to sleep\n|rule|Species Clause: Limit one of each Pok\u00e9mon\n|rule|OHKO Clause: OHKO moves are banned\n|rule|Evasion Items Clause: Evasion items are banned\n|rule|Evasion Moves Clause: Evasion moves are banned\n|rule|Endless Battle Clause: Forcing endless battles is banned\n|rule|HP Percentage Mod: HP is shown in percentages\n|clearpoke\n|poke|p1|Zarude|\n|poke|p1|Eelektross, M|\n|poke|p1|Infernape, M|\n|poke|p1|Sandy Shocks|\n|poke|p1|Walking Wake|\n|poke|p1|Empoleon, F|\n|poke|p2|Skeledirge, F|\n|poke|p2|Iron Thorns|\n|poke|p2|Magearna|\n|poke|p2|Baxcalibur, M|\n|poke|p2|Chien-Pao|\n|poke|p2|Palafin, F|\n|teampreview\n|\n|t:|1700267530\n|start\n|switch|p1a: Zarude|Zarude|100\/100\n|switch|p2a: Iron Thorns|Iron Thorns|100\/100\n|turn|1\n|\n|t:|1700267565\n|move|p1a: Zarude|Power Whip|p2a: Iron Thorns\n|-supereffective|p2a: Iron Thorns\n|-damage|p2a: Iron Thorns|0 fnt\n|faint|p2a: Iron Thorns\n|-end|p2a: Iron Thorns|Quark Drive|[silent]\n|-damage|p1a: Zarude|91\/100|[from] item: Life Orb\n|\n|upkeep\n|\n|t:|1700267572\n|switch|p2a: Skeledirge|Skeledirge, F|100\/100\n|turn|2\n|\n|t:|1700267610\n|switch|p1a: Walking Wake|Walking Wake|100\/100\n|move|p2a: Skeledirge|Torch Song|p1a: Walking Wake\n|-resisted|p1a: Walking Wake\n|-damage|p1a: Walking Wake|93\/100\n|-boost|p2a: Skeledirge|spa|1\n|\n|upkeep\n|turn|3\n|\n|t:|1700267626\n|switch|p2a: Baxcalibur|Baxcalibur, M|100\/100\n|move|p1a: Walking Wake|Surf|p2a: Baxcalibur\n|-resisted|p2a: Baxcalibur\n|-damage|p2a: Baxcalibur|62\/100\n|\n|upkeep\n|turn|4\n|\n|t:|1700267642\n|-end|p1a: Walking Wake|Protosynthesis|[silent]\n|switch|p1a: Eelektross|Eelektross, M|100\/100\n|move|p2a: Baxcalibur|Icicle Spear|p1a: Eelektross\n|-damage|p1a: Eelektross|79\/100\n|-crit|p1a: Eelektross\n|-damage|p1a: Eelektross|43\/100\n|-damage|p1a: Eelektross|23\/100\n|-hitcount|p1a: Eelektross|3\n|-damage|p2a: Baxcalibur|52\/100|[from] item: Life Orb\n|\n|-heal|p1a: Eelektross|29\/100|[from] item: Leftovers\n|upkeep\n|turn|5\n|\n|t:|1700267673\n|move|p2a: Baxcalibur|Icicle Spear|p1a: Eelektross\n|-damage|p1a: Eelektross|8\/100\n|-damage|p1a: Eelektross|0 fnt\n|faint|p1a: Eelektross\n|-hitcount|p1: Eelektross|2\n|-damage|p2a: Baxcalibur|42\/100|[from] item: Life Orb\n|\n|upkeep\n|\n|t:|1700267687\n|switch|p1a: Infernape|Infernape, M|100\/100\n|turn|6\n|\n|t:|1700267700\n|move|p1a: Infernape|Close Combat|p2a: Baxcalibur\n|-supereffective|p2a: Baxcalibur\n|-damage|p2a: Baxcalibur|0 fnt\n|-unboost|p1a: Infernape|def|1\n|-unboost|p1a: Infernape|spd|1\n|faint|p2a: Baxcalibur\n|\n|upkeep\n|\n|t:|1700267708\n|switch|p2a: Palafin|Palafin, F|100\/100\n|turn|7\n|\n|t:|1700267721\n|move|p2a: Palafin|Wave Crash|p1a: Infernape\n|-supereffective|p1a: Infernape\n|-enditem|p1a: Infernape|Focus Sash\n|-damage|p1a: Infernape|1\/100\n|-damage|p2a: Palafin|72\/100|[from] Recoil\n|move|p1a: Infernape|Close Combat|p2a: Palafin\n|-damage|p2a: Palafin|1\/100\n|-unboost|p1a: Infernape|def|1\n|-unboost|p1a: Infernape|spd|1\n|\n|upkeep\n|turn|8\n|\n|t:|1700267734\n|move|p1a: Infernape|Mach Punch|p2a: Palafin\n|-damage|p2a: Palafin|0 fnt\n|faint|p2a: Palafin\n|\n|upkeep\n|\n|t:|1700267740\n|switch|p2a: Chien-Pao|Chien-Pao|100\/100\n|-ability|p2a: Chien-Pao|Sword of Ruin\n|turn|9\n|\n|t:|1700267749\n|move|p2a: Chien-Pao|Ice Shard|p1a: Infernape\n|-resisted|p1a: Infernape\n|-damage|p1a: Infernape|0 fnt\n|faint|p1a: Infernape\n|\n|upkeep\n|\n|t:|1700267774\n|switch|p1a: Empoleon|Empoleon, F|100\/100\n|turn|10\n|\n|t:|1700267779\n|switch|p2a: Magearna|Magearna|100\/100\n|move|p1a: Empoleon|Flash Cannon|p2a: Magearna\n|-damage|p2a: Magearna|75\/100\n|\n|-heal|p2a: Magearna|81\/100|[from] item: Leftovers\n|upkeep\n|turn|11\n|\n|t:|1700267787\n|move|p2a: Magearna|Iron Defense|p2a: Magearna\n|-boost|p2a: Magearna|def|2\n|move|p1a: Empoleon|Knock Off|p2a: Magearna\n|-resisted|p2a: Magearna\n|-damage|p2a: Magearna|77\/100\n|-enditem|p2a: Magearna|Leftovers|[from] move: Knock Off|[of] p1a: Empoleon\n|\n|upkeep\n|turn|12\n|\n|t:|1700267797\n|move|p2a: Magearna|Calm Mind|p2a: Magearna\n|-boost|p2a: Magearna|spa|1\n|-boost|p2a: Magearna|spd|1\n|move|p1a: Empoleon|Roar|p2a: Magearna\n|drag|p2a: Chien-Pao|Chien-Pao|100\/100\n|-ability|p2a: Chien-Pao|Sword of Ruin\n|\n|upkeep\n|turn|13\n|\n|t:|1700267810\n|move|p2a: Chien-Pao|Sucker Punch|p1a: Empoleon\n|-crit|p1a: Empoleon\n|-damage|p1a: Empoleon|23\/100\n|-damage|p2a: Chien-Pao|84\/100|[from] item: Rocky Helmet|[of] p1a: Empoleon\n|move|p1a: Empoleon|Flash Cannon|p2a: Chien-Pao\n|-supereffective|p2a: Chien-Pao\n|-damage|p2a: Chien-Pao|0 fnt\n|faint|p2a: Chien-Pao\n|\n|upkeep\n|\n|t:|1700267817\n|switch|p2a: Magearna|Magearna|77\/100\n|turn|14\n|\n|t:|1700267865\n|move|p2a: Magearna|Draining Kiss|p1a: Empoleon\n|-resisted|p1a: Empoleon\n|-damage|p1a: Empoleon|10\/100\n|-heal|p2a: Magearna|87\/100|[from] drain|[of] p1a: Empoleon\n|-damage|p2a: Magearna|70\/100|[from] item: Rocky Helmet|[of] p1a: Empoleon\n|move|p1a: Empoleon|Flash Cannon|p2a: Magearna\n|-damage|p2a: Magearna|45\/100\n|\n|upkeep\n|turn|15\n|\n|t:|1700267888\n|move|p2a: Magearna|Draining Kiss|p1a: Empoleon\n|-resisted|p1a: Empoleon\n|-damage|p1a: Empoleon|0 fnt\n|-heal|p2a: Magearna|52\/100|[from] drain|[of] p1a: Empoleon\n|-damage|p2a: Magearna|35\/100|[from] item: Rocky Helmet|[of] p1a: Empoleon\n|faint|p1a: Empoleon\n|-ability|p2a: Magearna|Soul-Heart|boost\n|-boost|p2a: Magearna|spa|1\n|\n|upkeep\n|\n|t:|1700267904\n|switch|p1a: Sandy Shocks|Sandy Shocks|100\/100\n|turn|16\n|\n|t:|1700267914\n|move|p1a: Sandy Shocks|Earth Power|p2a: Magearna\n|-supereffective|p2a: Magearna\n|-damage|p2a: Magearna|0 fnt\n|faint|p2a: Magearna\n|\n|upkeep\n|\n|t:|1700267919\n|switch|p2a: Skeledirge|Skeledirge, F|100\/100\n|turn|17\n|\n|t:|1700267932\n|move|p1a: Sandy Shocks|Earth Power|p2a: Skeledirge\n|-supereffective|p2a: Skeledirge\n|-damage|p2a: Skeledirge|26\/100\n|move|p2a: Skeledirge|Will-O-Wisp|p1a: Sandy Shocks\n|-status|p1a: Sandy Shocks|brn\n|\n|-damage|p1a: Sandy Shocks|94\/100 brn|[from] brn\n|upkeep\n|turn|18\n|\n|t:|1700267942\n|move|p1a: Sandy Shocks|Earth Power|p2a: Skeledirge\n|-supereffective|p2a: Skeledirge\n|-damage|p2a: Skeledirge|0 fnt\n|faint|p2a: Skeledirge\n|\n|win|Talonflameredwings\n","uploadtime":1700267980,"views":9,"p1id":"talonflameredwings","p2id":"snorlaxsleepers","formatid":"gen9ubers","rating":0,"private":0,"password":""}