{"id":"gen9ubers-1977829222","p1":"ItsmeBlankKnight","p2":"DumbassGaming","format":"[Gen 9] Ubers","log":"|j|\u2606ItsmeBlankKnight\n|j|\u2606DumbassGaming\n|t:|1698454715\n|gametype|singles\n|player|p1|ItsmeBlankKnight|larry|\n|player|p2|DumbassGaming|clown|\n|teamsize|p1|6\n|teamsize|p2|6\n|gen|9\n|tier|[Gen 9] Ubers\n|rule|Sleep Clause Mod: Limit one foe put to sleep\n|rule|Species Clause: Limit one of each Pok\u00e9mon\n|rule|OHKO Clause: OHKO moves are banned\n|rule|Evasion Items Clause: Evasion items are banned\n|rule|Evasion Moves Clause: Evasion moves are banned\n|rule|Endless Battle Clause: Forcing endless battles is banned\n|rule|HP Percentage Mod: HP is shown in percentages\n|clearpoke\n|poke|p1|Chi-Yu|\n|poke|p1|Palafin, M|\n|poke|p1|Spectrier|\n|poke|p1|Zacian-*|\n|poke|p1|Arceus-Poison|\n|poke|p1|Masquerain, F|\n|poke|p2|Calyrex-Ice|\n|poke|p2|Zacian-*|\n|poke|p2|Ninetales-Alola, M|\n|poke|p2|Ursaluna-Bloodmoon, M|\n|poke|p2|Haxorus, F|\n|poke|p2|Chi-Yu|\n|teampreview\n|inactive|Battle timer is ON: inactive players will automatically lose when time's up. (requested by ItsmeBlankKnight)\n|inactive|DumbassGaming also wants the timer to be on.\n|\n|t:|1698454732\n|start\n|switch|p1a: Masquerain|Masquerain, F|100\/100\n|switch|p2a: Ninetales|Ninetales-Alola, M|100\/100\n|-weather|Snow|[from] ability: Snow Warning|[of] p2a: Ninetales\n|-ability|p1a: Masquerain|Intimidate|boost\n|-unboost|p2a: Ninetales|atk|1\n|turn|1\n|inactive|ItsmeBlankKnight has 270 seconds left.\n|c|\u2606ItsmeBlankKnight|yo\n|c|\u2606DumbassGaming|GLHF\n|c|\u2606ItsmeBlankKnight|calyrex ice is banned btw\n|\n|t:|1698454780\n|move|p2a: Ninetales|Aurora Veil|p2a: Ninetales\n|-sidestart|p2: DumbassGaming|move: Aurora Veil\n|move|p1a: Masquerain|Sticky Web|p2a: Ninetales\n|-sidestart|p2: DumbassGaming|move: Sticky Web\n|\n|-weather|Snow|[upkeep]\n|upkeep\n|turn|2\n|c|\u2606DumbassGaming|i know, i wanted to see how op it is\n|c|\u2606ItsmeBlankKnight|oh aight\n|\n|t:|1698454791\n|switch|p2a: Calyrex|Calyrex-Ice|100\/100\n|-ability|p2a: Calyrex|As One\n|-ability|p2a: Calyrex|Unnerve\n|-activate|p2a: Calyrex|move: Sticky Web\n|-unboost|p2a: Calyrex|spe|1\n|move|p1a: Masquerain|U-turn|p2a: Calyrex\n|-supereffective|p2a: Calyrex\n|-damage|p2a: Calyrex|94\/100\n|\n|t:|1698454794\n|switch|p1a: Chi-Yu|Chi-Yu|100\/100|[from] U-turn\n|-ability|p1a: Chi-Yu|Beads of Ruin\n|\n|-weather|Snow|[upkeep]\n|-heal|p2a: Calyrex|99\/100|[from] item: Leftovers\n|upkeep\n|turn|3\n|inactive|ItsmeBlankKnight has 270 seconds left.\n|\n|t:|1698454814\n|move|p1a: Chi-Yu|Overheat|p2a: Calyrex\n|-supereffective|p2a: Calyrex\n|-damage|p2a: Calyrex|3\/100\n|-unboost|p1a: Chi-Yu|spa|2\n|move|p2a: Calyrex|Trick Room|p2a: Calyrex\n|-fieldstart|move: Trick Room|[of] p2a: Calyrex\n|\n|-weather|Snow|[upkeep]\n|-heal|p2a: Calyrex|10\/100|[from] item: Leftovers\n|upkeep\n|turn|4\n|\n|t:|1698454824\n|switch|p1a: Masquerain|Masquerain, F|100\/100\n|-ability|p1a: Masquerain|Intimidate|boost\n|-unboost|p2a: Calyrex|atk|1\n|move|p2a: Calyrex|Close Combat|p1a: Masquerain\n|-resisted|p1a: Masquerain\n|-damage|p1a: Masquerain|88\/100\n|-unboost|p2a: Calyrex|def|1\n|-unboost|p2a: Calyrex|spd|1\n|\n|-weather|Snow|[upkeep]\n|-heal|p2a: Calyrex|16\/100|[from] item: Leftovers\n|upkeep\n|turn|5\n|\n|t:|1698454826\n|move|p2a: Calyrex|Glacial Lance|p1a: Masquerain\n|-supereffective|p1a: Masquerain\n|-damage|p1a: Masquerain|0 fnt\n|faint|p1a: Masquerain\n|-ability|p2a: Calyrex|Chilling Neigh|boost\n|-boost|p2a: Calyrex|atk|1\n|\n|-weather|none\n|-heal|p2a: Calyrex|22\/100|[from] item: Leftovers\n|upkeep\n|\n|t:|1698454830\n|switch|p1a: Arceus|Arceus-Poison|100\/100\n|turn|6\n|\n|t:|1698454832\n|move|p1a: Arceus|Extreme Speed|p2a: Calyrex\n|-damage|p2a: Calyrex|10\/100\n|move|p2a: Calyrex|Zen Headbutt|p1a: Arceus\n|-supereffective|p1a: Arceus\n|-damage|p1a: Arceus|25\/100\n|\n|-heal|p2a: Calyrex|16\/100|[from] item: Leftovers\n|upkeep\n|turn|7\n|\n|t:|1698454837\n|move|p1a: Arceus|Extreme Speed|p2a: Calyrex\n|-damage|p2a: Calyrex|3\/100\n|move|p2a: Calyrex|Zen Headbutt|p1a: Arceus\n|-supereffective|p1a: Arceus\n|-damage|p1a: Arceus|0 fnt\n|faint|p1a: Arceus\n|-ability|p2a: Calyrex|Chilling Neigh|boost\n|-boost|p2a: Calyrex|atk|1\n|\n|-heal|p2a: Calyrex|9\/100|[from] item: Leftovers\n|-fieldend|move: Trick Room\n|upkeep\n|\n|t:|1698454840\n|switch|p1a: Palafin|Palafin, M|100\/100\n|turn|8\n|\n|t:|1698454845\n|move|p1a: Palafin|Close Combat|p2a: Calyrex\n|-damage|p2a: Calyrex|0 fnt\n|-unboost|p1a: Palafin|def|1\n|-unboost|p1a: Palafin|spd|1\n|faint|p2a: Calyrex\n|-damage|p1a: Palafin|91\/100|[from] item: Life Orb\n|\n|-sideend|p2: DumbassGaming|move: Aurora Veil\n|upkeep\n|\n|t:|1698454851\n|switch|p2a: Haxorus|Haxorus, F|100\/100\n|-activate|p2a: Haxorus|move: Sticky Web\n|-unboost|p2a: Haxorus|spe|1\n|-ability|p2a: Haxorus|Mold Breaker\n|turn|9\n|\n|t:|1698454855\n|detailschange|p1a: Palafin|Palafin-Hero, M\n|switch|p1a: Zacian|Zacian|100\/100\n|-ability|p1a: Zacian|Intrepid Sword|boost\n|-boost|p1a: Zacian|atk|1\n|move|p2a: Haxorus|Swords Dance|p2a: Haxorus\n|-boost|p2a: Haxorus|atk|2\n|\n|upkeep\n|turn|10\n|\n|t:|1698454859\n|-terastallize|p2a: Haxorus|Ice\n|move|p1a: Zacian|Play Rough|p2a: Haxorus|[miss]\n|-miss|p1a: Zacian|p2a: Haxorus\n|move|p2a: Haxorus|Iron Head|p1a: Zacian\n|-supereffective|p1a: Zacian\n|-damage|p1a: Zacian|0 fnt\n|faint|p1a: Zacian\n|\n|upkeep\n|\n|t:|1698454864\n|switch|p1a: Palafin|Palafin-Hero, M|91\/100\n|-activate|p1a: Palafin|ability: Zero to Hero\n|turn|11\n|\n|t:|1698454867\n|move|p1a: Palafin|Close Combat|p2a: Haxorus\n|-supereffective|p2a: Haxorus\n|-damage|p2a: Haxorus|0 fnt\n|-unboost|p1a: Palafin|def|1\n|-unboost|p1a: Palafin|spd|1\n|faint|p2a: Haxorus\n|-damage|p1a: Palafin|81\/100|[from] item: Life Orb\n|\n|upkeep\n|\n|t:|1698454870\n|switch|p2a: Ninetales|Ninetales-Alola, M|100\/100\n|-activate|p2a: Ninetales|move: Sticky Web\n|-unboost|p2a: Ninetales|spe|1\n|-weather|Snow|[from] ability: Snow Warning|[of] p2a: Ninetales\n|turn|12\n|\n|t:|1698454873\n|-terastallize|p1a: Palafin|Water\n|move|p1a: Palafin|Wave Crash|p2a: Ninetales\n|-damage|p2a: Ninetales|0 fnt\n|faint|p2a: Ninetales\n|-damage|p1a: Palafin|47\/100|[from] Recoil\n|-damage|p1a: Palafin|37\/100|[from] item: Life Orb\n|\n|-weather|Snow|[upkeep]\n|upkeep\n|\n|t:|1698454877\n|switch|p2a: Zacian|Zacian|100\/100\n|-activate|p2a: Zacian|move: Sticky Web\n|-unboost|p2a: Zacian|spe|1\n|-ability|p2a: Zacian|Intrepid Sword|boost\n|-boost|p2a: Zacian|atk|1\n|turn|13\n|\n|t:|1698454880\n|move|p1a: Palafin|Wave Crash|p2a: Zacian\n|-damage|p2a: Zacian|0 fnt\n|faint|p2a: Zacian\n|-damage|p1a: Palafin|5\/100|[from] Recoil\n|-damage|p1a: Palafin|0 fnt|[from] item: Life Orb\n|faint|p1a: Palafin\n|\n|-weather|Snow|[upkeep]\n|upkeep\n|\n|t:|1698454888\n|switch|p2a: Ursaluna|Ursaluna-Bloodmoon, M|100\/100\n|switch|p1a: Spectrier|Spectrier|100\/100\n|-activate|p2a: Ursaluna|move: Sticky Web\n|-unboost|p2a: Ursaluna|spe|1\n|turn|14\n|\n|t:|1698454895\n|move|p1a: Spectrier|Tera Blast|p2a: Ursaluna\n|-damage|p2a: Ursaluna|48\/100\n|move|p2a: Ursaluna|Calm Mind|p2a: Ursaluna\n|-boost|p2a: Ursaluna|spa|1\n|-boost|p2a: Ursaluna|spd|1\n|\n|-weather|Snow|[upkeep]\n|-heal|p2a: Ursaluna|54\/100|[from] item: Leftovers\n|upkeep\n|turn|15\n|\n|t:|1698454898\n|move|p1a: Spectrier|Tera Blast|p2a: Ursaluna\n|-damage|p2a: Ursaluna|19\/100\n|move|p2a: Ursaluna|Blood Moon|p1a: Spectrier\n|-damage|p1a: Spectrier|0 fnt\n|faint|p1a: Spectrier\n|\n|-weather|Snow|[upkeep]\n|-heal|p2a: Ursaluna|25\/100|[from] item: Leftovers\n|upkeep\n|\n|t:|1698454900\n|switch|p1a: Chi-Yu|Chi-Yu|100\/100\n|-ability|p1a: Chi-Yu|Beads of Ruin\n|turn|16\n|\n|t:|1698454902\n|move|p1a: Chi-Yu|Flamethrower|p2a: Ursaluna\n|-damage|p2a: Ursaluna|0 fnt\n|faint|p2a: Ursaluna\n|\n|-weather|none\n|upkeep\n|\n|t:|1698454904\n|switch|p2a: Chi-Yu|Chi-Yu|100\/100\n|-activate|p2a: Chi-Yu|move: Sticky Web\n|-unboost|p2a: Chi-Yu|spe|1\n|-ability|p2a: Chi-Yu|Beads of Ruin\n|turn|17\n|\n|t:|1698454906\n|move|p2a: Chi-Yu|Overheat|p1a: Chi-Yu\n|-resisted|p1a: Chi-Yu\n|-damage|p1a: Chi-Yu|62\/100\n|-unboost|p2a: Chi-Yu|spa|2\n|move|p1a: Chi-Yu|Flamethrower|p2a: Chi-Yu\n|-resisted|p2a: Chi-Yu\n|-damage|p2a: Chi-Yu|51\/100\n|\n|upkeep\n|turn|18\n|\n|t:|1698454910\n|move|p2a: Chi-Yu|Overheat|p1a: Chi-Yu\n|-resisted|p1a: Chi-Yu\n|-damage|p1a: Chi-Yu|41\/100\n|-unboost|p2a: Chi-Yu|spa|2\n|move|p1a: Chi-Yu|Flamethrower|p2a: Chi-Yu\n|-resisted|p2a: Chi-Yu\n|-damage|p2a: Chi-Yu|7\/100\n|\n|upkeep\n|turn|19\n|\n|t:|1698454912\n|move|p2a: Chi-Yu|Overheat|p1a: Chi-Yu\n|-resisted|p1a: Chi-Yu\n|-damage|p1a: Chi-Yu|26\/100\n|-unboost|p2a: Chi-Yu|spa|2\n|move|p1a: Chi-Yu|Flamethrower|p2a: Chi-Yu\n|-resisted|p2a: Chi-Yu\n|-damage|p2a: Chi-Yu|0 fnt\n|faint|p2a: Chi-Yu\n|\n|win|ItsmeBlankKnight\n|c|\u2606ItsmeBlankKnight|gg\n|c|\u2606DumbassGaming|gg\n|l|\u2606DumbassGaming\n","uploadtime":1698454958,"views":12,"p1id":"itsmeblankknight","p2id":"dumbassgaming","formatid":"gen9ubers","rating":0,"private":0,"password":""}