{"id":"gen9ubers-1999046568","p1":"masterash","p2":"Typost","format":"[Gen 9] Ubers","log":"|j|\u2606masterash\n|j|\u2606Typost\n|t:|1701027413\n|gametype|singles\n|player|p1|masterash|hilbert|1108\n|player|p2|Typost|266|1024\n|teamsize|p1|6\n|teamsize|p2|6\n|gen|9\n|tier|[Gen 9] Ubers\n|rated|\n|rule|Sleep Clause Mod: Limit one foe put to sleep\n|rule|Species Clause: Limit one of each Pok\u00e9mon\n|rule|OHKO Clause: OHKO moves are banned\n|rule|Evasion Items Clause: Evasion items are banned\n|rule|Evasion Moves Clause: Evasion moves are banned\n|rule|Endless Battle Clause: Forcing endless battles is banned\n|rule|HP Percentage Mod: HP is shown in percentages\n|clearpoke\n|poke|p1|Meowscarada, M|\n|poke|p1|Tinkaton, F|\n|poke|p1|Annihilape, M|\n|poke|p1|Scream Tail|\n|poke|p1|Iron Moth|\n|poke|p1|Palafin, F|\n|poke|p2|Shaymin-Sky|\n|poke|p2|Koraidon|\n|poke|p2|Heatran, F|\n|poke|p2|Flutter Mane|\n|poke|p2|Arceus|\n|poke|p2|Groudon|\n|teampreview\n|\n|t:|1701027418\n|start\n|switch|p1a: Screamo|Scream Tail|100\/100\n|switch|p2a: Koraidon|Koraidon|100\/100\n|-weather|SunnyDay|[from] ability: Orichalcum Pulse|[of] p2a: Koraidon\n|-activate|p1a: Screamo|ability: Protosynthesis\n|-start|p1a: Screamo|protosynthesisdef\n|-activate|p2a: Koraidon|Orichalcum Pulse|[source]\n|turn|1\n|\n|t:|1701027426\n|-terastallize|p2a: Koraidon|Fire\n|move|p2a: Koraidon|Swords Dance|p2a: Koraidon\n|-boost|p2a: Koraidon|atk|2\n|move|p1a: Screamo|Stealth Rock|p2a: Koraidon\n|-sidestart|p2: Typost|move: Stealth Rock\n|\n|-weather|SunnyDay|[upkeep]\n|upkeep\n|turn|2\n|\n|t:|1701027436\n|move|p1a: Screamo|Protect|p1a: Screamo\n|-singleturn|p1a: Screamo|Protect\n|move|p2a: Koraidon|Flare Blitz|p1a: Screamo\n|-activate|p1a: Screamo|move: Protect\n|\n|-weather|SunnyDay|[upkeep]\n|upkeep\n|turn|3\n|\n|t:|1701027442\n|move|p2a: Koraidon|Flare Blitz|p1a: Screamo\n|-damage|p1a: Screamo|0 fnt\n|-damage|p2a: Koraidon|84\/100|[from] item: Rocky Helmet|[of] p1a: Screamo\n|faint|p1a: Screamo\n|-end|p1a: Screamo|Protosynthesis|[silent]\n|-damage|p2a: Koraidon|42\/100|[from] Recoil\n|\n|-weather|SunnyDay|[upkeep]\n|upkeep\n|\n|t:|1701027463\n|switch|p1a: Marvel|Palafin, F|100\/100\n|turn|4\n|\n|t:|1701027474\n|switch|p2a: Shaymin|Shaymin-Sky|100\/100\n|-damage|p2a: Shaymin|76\/100|[from] Stealth Rock\n|detailschange|p1a: Marvel|Palafin-Hero, F\n|switch|p1a: Quinn|Meowscarada, M|100\/100\n|\n|-weather|SunnyDay|[upkeep]\n|upkeep\n|turn|5\n|\n|t:|1701027486\n|switch|p1a: Mr. Bright|Iron Moth|100\/100\n|-enditem|p1a: Mr. Bright|Booster Energy\n|-activate|p1a: Mr. Bright|ability: Quark Drive|[fromitem]\n|-start|p1a: Mr. Bright|quarkdrivespa\n|move|p2a: Shaymin|Air Slash|p1a: Mr. Bright\n|-damage|p1a: Mr. Bright|61\/100\n|\n|-weather|none\n|upkeep\n|turn|6\n|\n|t:|1701027495\n|move|p2a: Shaymin|Air Slash|p1a: Mr. Bright\n|-damage|p1a: Mr. Bright|24\/100\n|cant|p1a: Mr. Bright|flinch\n|\n|upkeep\n|turn|7\n|\n|t:|1701027502\n|-end|p1a: Mr. Bright|Quark Drive|[silent]\n|switch|p1a: Hammah|Tinkaton, F|100\/100\n|move|p2a: Shaymin|Air Slash|p1a: Hammah\n|-resisted|p1a: Hammah\n|-damage|p1a: Hammah|88\/100\n|\n|-heal|p1a: Hammah|94\/100|[from] item: Leftovers\n|upkeep\n|turn|8\n|\n|t:|1701027510\n|switch|p2a: Heatran|Heatran, F|100\/100\n|-damage|p2a: Heatran|88\/100|[from] Stealth Rock\n|move|p1a: Hammah|Knock Off|p2a: Heatran\n|-damage|p2a: Heatran|74\/100\n|-enditem|p2a: Heatran|Leftovers|[from] move: Knock Off|[of] p1a: Hammah\n|\n|-heal|p1a: Hammah|99\/100|[from] item: Leftovers\n|upkeep\n|turn|9\n|\n|t:|1701027520\n|switch|p1a: Rocky|Annihilape, M|100\/100\n|move|p2a: Heatran|Magma Storm|p1a: Rocky|[miss]\n|-miss|p2a: Heatran|p1a: Rocky\n|\n|upkeep\n|turn|10\n|\n|t:|1701027527\n|move|p1a: Rocky|Bulk Up|p1a: Rocky\n|-boost|p1a: Rocky|atk|1\n|-boost|p1a: Rocky|def|1\n|move|p2a: Heatran|Taunt|p1a: Rocky\n|-start|p1a: Rocky|move: Taunt\n|\n|upkeep\n|turn|11\n|\n|t:|1701027537\n|switch|p2a: Groudon|Groudon|100\/100\n|-damage|p2a: Groudon|94\/100|[from] Stealth Rock\n|-weather|SunnyDay|[from] ability: Drought|[of] p2a: Groudon\n|move|p1a: Rocky|Drain Punch|p2a: Groudon\n|-damage|p2a: Groudon|73\/100\n|\n|-weather|SunnyDay|[upkeep]\n|-heal|p2a: Groudon|79\/100|[from] item: Leftovers\n|upkeep\n|turn|12\n|\n|t:|1701027549\n|move|p1a: Rocky|Drain Punch|p2a: Groudon\n|-damage|p2a: Groudon|56\/100\n|move|p2a: Groudon|Thunder Wave|p1a: Rocky\n|-status|p1a: Rocky|par\n|\n|-weather|SunnyDay|[upkeep]\n|-heal|p2a: Groudon|63\/100|[from] item: Leftovers\n|upkeep\n|turn|13\n|\n|t:|1701027559\n|move|p2a: Groudon|Stealth Rock|p1a: Rocky\n|-sidestart|p1: masterash|move: Stealth Rock\n|cant|p1a: Rocky|par\n|\n|-weather|SunnyDay|[upkeep]\n|-heal|p2a: Groudon|69\/100|[from] item: Leftovers\n|-end|p1a: Rocky|move: Taunt\n|upkeep\n|turn|14\n|\n|t:|1701027569\n|move|p2a: Groudon|Earthquake|p1a: Rocky\n|-damage|p1a: Rocky|66\/100 par\n|move|p1a: Rocky|Bulk Up|p1a: Rocky\n|-boost|p1a: Rocky|atk|1\n|-boost|p1a: Rocky|def|1\n|\n|-weather|SunnyDay|[upkeep]\n|-heal|p2a: Groudon|75\/100|[from] item: Leftovers\n|-heal|p1a: Rocky|72\/100 par|[from] item: Leftovers\n|upkeep\n|turn|15\n|\n|t:|1701027579\n|move|p2a: Groudon|Earthquake|p1a: Rocky\n|-damage|p1a: Rocky|48\/100 par\n|cant|p1a: Rocky|par\n|\n|-weather|none\n|-heal|p2a: Groudon|81\/100|[from] item: Leftovers\n|-heal|p1a: Rocky|55\/100 par|[from] item: Leftovers\n|upkeep\n|turn|16\n|\n|t:|1701027589\n|switch|p2a: Arceus|Arceus|100\/100\n|-damage|p2a: Arceus|88\/100|[from] Stealth Rock\n|move|p1a: Rocky|Drain Punch|p2a: Arceus\n|-supereffective|p2a: Arceus\n|-damage|p2a: Arceus|0 fnt\n|-heal|p1a: Rocky|94\/100 par|[from] drain|[of] p2a: Arceus\n|faint|p2a: Arceus\n|\n|-heal|p1a: Rocky|100\/100 par|[from] item: Leftovers\n|upkeep\n|c|\u2606Typost|oops\n|c|\u2606masterash|lol\n|\n|t:|1701027599\n|switch|p2a: Flutter Mane|Flutter Mane|100\/100\n|-damage|p2a: Flutter Mane|88\/100|[from] Stealth Rock\n|turn|17\n|\n|t:|1701027612\n|-terastallize|p1a: Rocky|Fairy\n|move|p2a: Flutter Mane|Moonblast|p1a: Rocky\n|-damage|p1a: Rocky|55\/100 par\n|move|p1a: Rocky|Rage Fist|p2a: Flutter Mane\n|-supereffective|p2a: Flutter Mane\n|-damage|p2a: Flutter Mane|0 fnt\n|faint|p2a: Flutter Mane\n|-end|p2a: Flutter Mane|Protosynthesis|[silent]\n|\n|-heal|p1a: Rocky|61\/100 par|[from] item: Leftovers\n|upkeep\n|\n|t:|1701027629\n|switch|p2a: Heatran|Heatran, F|74\/100\n|-damage|p2a: Heatran|62\/100|[from] Stealth Rock\n|turn|18\n|\n|t:|1701027636\n|move|p2a: Heatran|Magma Storm|p1a: Rocky\n|-damage|p1a: Rocky|35\/100 par\n|-activate|p1a: Rocky|move: Magma Storm|[of] p2a: Heatran\n|move|p1a: Rocky|Drain Punch|p2a: Heatran\n|-supereffective|p2a: Heatran\n|-damage|p2a: Heatran|0 fnt\n|-heal|p1a: Rocky|63\/100 par|[from] drain|[of] p2a: Heatran\n|faint|p2a: Heatran\n|\n|-heal|p1a: Rocky|69\/100 par|[from] item: Leftovers\n|-end|p1a: Rocky|Magma Storm|[partiallytrapped]|[silent]\n|upkeep\n|\n|t:|1701027647\n|switch|p2a: Shaymin|Shaymin-Sky|76\/100\n|-damage|p2a: Shaymin|51\/100|[from] Stealth Rock\n|turn|19\n|\n|t:|1701027654\n|move|p2a: Shaymin|Air Slash|p1a: Rocky\n|-damage|p1a: Rocky|46\/100 par\n|move|p1a: Rocky|Rage Fist|p2a: Shaymin\n|-damage|p2a: Shaymin|0 fnt\n|faint|p2a: Shaymin\n|\n|-heal|p1a: Rocky|52\/100 par|[from] item: Leftovers\n|upkeep\n|-message|Typost forfeited.\n|\n|win|masterash\n|raw|masterash's rating: 1108 &rarr; <strong>1127<\/strong><br \/>(+19 for winning)\n|raw|Typost's rating: 1024 &rarr; <strong>1014<\/strong><br \/>(-10 for losing)\n|l|\u2606Typost\n","uploadtime":1701027668,"views":4,"p1id":"masterash","p2id":"typost","formatid":"gen9ubers","rating":1014,"private":0,"password":""}