{"id":"gen9ubers-1979287235","p1":"Jejdjekdjdkk","p2":"Fat Nerd 22","format":"[Gen 9] Ubers","log":"|j|\u2606Jejdjekdjdkk\n|j|\u2606Fat Nerd 22\n|t:|1698666681\n|gametype|singles\n|player|p1|Jejdjekdjdkk|lass-gen4dp|1000\n|player|p2|Fat Nerd 22|zirco-unite|1063\n|teamsize|p1|6\n|teamsize|p2|6\n|gen|9\n|tier|[Gen 9] Ubers\n|rated|\n|rule|Sleep Clause Mod: Limit one foe put to sleep\n|rule|Species Clause: Limit one of each Pok\u00e9mon\n|rule|OHKO Clause: OHKO moves are banned\n|rule|Evasion Items Clause: Evasion items are banned\n|rule|Evasion Moves Clause: Evasion moves are banned\n|rule|Endless Battle Clause: Forcing endless battles is banned\n|rule|HP Percentage Mod: HP is shown in percentages\n|clearpoke\n|poke|p1|Froslass, F|\n|poke|p1|Koraidon|\n|poke|p1|Flutter Mane|\n|poke|p1|Clodsire, M|\n|poke|p1|Toxapex, M|\n|poke|p1|Hatterene, F|\n|poke|p2|Roaring Moon|\n|poke|p2|Hawlucha, M|\n|poke|p2|Ninetales, M|\n|poke|p2|Armarouge, F|\n|poke|p2|Lokix, M|\n|poke|p2|Giratina|\n|teampreview\n|inactive|Battle timer is ON: inactive players will automatically lose when time's up. (requested by Jejdjekdjdkk)\n|\n|t:|1698666699\n|start\n|switch|p1a: Froslass|Froslass, F|100\/100\n|switch|p2a: Lokix|Lokix, M|100\/100\n|turn|1\n|\n|t:|1698666706\n|move|p1a: Froslass|Will-O-Wisp|p2a: Lokix\n|-status|p2a: Lokix|brn\n|move|p2a: Lokix|Knock Off|p1a: Froslass\n|-supereffective|p1a: Froslass\n|-damage|p1a: Froslass|32\/100\n|-start|p2a: Lokix|Disable|Knock Off|[from] ability: Cursed Body|[of] p1a: Froslass\n|-enditem|p1a: Froslass|Focus Sash|[from] move: Knock Off|[of] p2a: Lokix\n|\n|-damage|p2a: Lokix|94\/100 brn|[from] brn\n|upkeep\n|turn|2\n|\n|t:|1698666719\n|move|p2a: Lokix|Sucker Punch||[still]\n|-fail|p2a: Lokix\n|move|p1a: Froslass|Destiny Bond|p1a: Froslass\n|-singlemove|p1a: Froslass|Destiny Bond\n|\n|-damage|p2a: Lokix|88\/100 brn|[from] brn\n|upkeep\n|turn|3\n|\n|t:|1698666725\n|move|p1a: Froslass|Spikes|p2a: Lokix\n|-sidestart|p2: Fat Nerd 22|Spikes\n|move|p2a: Lokix|Lunge|p1a: Froslass\n|-resisted|p1a: Froslass\n|-damage|p1a: Froslass|6\/100\n|-unboost|p1a: Froslass|atk|1\n|\n|-damage|p2a: Lokix|82\/100 brn|[from] brn\n|upkeep\n|turn|4\n|\n|t:|1698666730\n|move|p1a: Froslass|Destiny Bond|p1a: Froslass\n|-singlemove|p1a: Froslass|Destiny Bond\n|move|p2a: Lokix|Lunge|p1a: Froslass\n|-resisted|p1a: Froslass\n|-damage|p1a: Froslass|0 fnt\n|faint|p1a: Froslass\n|-activate|p1a: Froslass|move: Destiny Bond\n|faint|p2a: Lokix\n|\n|upkeep\n|\n|t:|1698666736\n|switch|p1a: Koraidon|Koraidon|100\/100\n|switch|p2a: Hawlucha|Hawlucha, M|100\/100\n|-weather|SunnyDay|[from] ability: Orichalcum Pulse|[of] p1a: Koraidon\n|-activate|p1a: Koraidon|Orichalcum Pulse|[source]\n|turn|5\n|\n|t:|1698666746\n|move|p2a: Hawlucha|Endure|p2a: Hawlucha\n|-singleturn|p2a: Hawlucha|move: Endure\n|move|p1a: Koraidon|Wild Charge|p2a: Hawlucha\n|-supereffective|p2a: Hawlucha\n|-activate|p2a: Hawlucha|move: Endure\n|-damage|p2a: Hawlucha|1\/100\n|-enditem|p2a: Hawlucha|Liechi Berry|[eat]\n|-boost|p2a: Hawlucha|atk|1|[from] item: Liechi Berry\n|-damage|p1a: Koraidon|74\/100|[from] Recoil\n|\n|-weather|SunnyDay|[upkeep]\n|upkeep\n|turn|6\n|\n|t:|1698666761\n|switch|p1a: Toxapex|Toxapex, M|100\/100\n|-terastallize|p2a: Hawlucha|Flying\n|move|p2a: Hawlucha|Acrobatics|p1a: Toxapex\n|-damage|p1a: Toxapex|38\/100\n|-damage|p2a: Hawlucha|0 fnt|[from] item: Rocky Helmet|[of] p1a: Toxapex\n|faint|p2a: Hawlucha\n|\n|-weather|SunnyDay|[upkeep]\n|upkeep\n|\n|t:|1698666780\n|switch|p2a: Roaring Moon|Roaring Moon|100\/100\n|-damage|p2a: Roaring Moon|88\/100|[from] Spikes\n|-activate|p2a: Roaring Moon|ability: Protosynthesis\n|-start|p2a: Roaring Moon|protosynthesisatk\n|turn|7\n|\n|t:|1698666787\n|move|p2a: Roaring Moon|Earthquake|p1a: Toxapex\n|-supereffective|p1a: Toxapex\n|-damage|p1a: Toxapex|0 fnt\n|faint|p1a: Toxapex\n|\n|-weather|SunnyDay|[upkeep]\n|upkeep\n|\n|t:|1698666793\n|switch|p1a: Koraidon|Koraidon|74\/100\n|-activate|p1a: Koraidon|ability: Orichalcum Pulse\n|turn|8\n|\n|t:|1698666808\n|move|p1a: Koraidon|Flare Blitz|p2a: Roaring Moon\n|-resisted|p2a: Roaring Moon\n|-damage|p2a: Roaring Moon|7\/100\n|-damage|p1a: Koraidon|47\/100|[from] Recoil\n|move|p2a: Roaring Moon|Dragon Claw|p1a: Koraidon\n|-supereffective|p1a: Koraidon\n|-damage|p1a: Koraidon|0 fnt\n|faint|p1a: Koraidon\n|\n|-weather|SunnyDay|[upkeep]\n|upkeep\n|\n|t:|1698666812\n|switch|p1a: Flutter Mane|Flutter Mane|100\/100\n|-activate|p1a: Flutter Mane|ability: Protosynthesis\n|-start|p1a: Flutter Mane|protosynthesisspe\n|turn|9\n|c|\u2606Fat Nerd 22|???\n|\n|t:|1698666826\n|-end|p2a: Roaring Moon|Protosynthesis|[silent]\n|switch|p2a: Ninetales|Ninetales, M|100\/100\n|-damage|p2a: Ninetales|88\/100|[from] Spikes\n|move|p1a: Flutter Mane|Shadow Ball|p2a: Ninetales\n|-damage|p2a: Ninetales|14\/100\n|\n|-weather|none\n|-end|p1a: Flutter Mane|Protosynthesis\n|upkeep\n|turn|10\n|\n|t:|1698666841\n|switch|p2a: Roaring Moon|Roaring Moon|7\/100\n|-enditem|p2a: Roaring Moon|Booster Energy\n|-activate|p2a: Roaring Moon|ability: Protosynthesis|[fromitem]\n|-start|p2a: Roaring Moon|protosynthesisatk\n|-damage|p2a: Roaring Moon|0 fnt|[from] Spikes\n|faint|p2a: Roaring Moon\n|-end|p2a: Roaring Moon|Protosynthesis|[silent]\n|move|p1a: Flutter Mane|Shadow Ball|p2: Roaring Moon|[notarget]\n|-fail|p1a: Flutter Mane\n|\n|upkeep\n|\n|t:|1698666850\n|switch|p2a: Ninetales|Ninetales, M|14\/100\n|-damage|p2a: Ninetales|2\/100|[from] Spikes\n|-weather|SunnyDay|[from] ability: Drought|[of] p2a: Ninetales\n|-activate|p1a: Flutter Mane|ability: Protosynthesis\n|-start|p1a: Flutter Mane|protosynthesisspe\n|turn|11\n|\n|t:|1698666860\n|move|p1a: Flutter Mane|Shadow Ball|p2a: Ninetales\n|-damage|p2a: Ninetales|0 fnt\n|faint|p2a: Ninetales\n|\n|-weather|SunnyDay|[upkeep]\n|upkeep\n|\n|t:|1698666864\n|switch|p2a: Armarouge|Armarouge, F|100\/100\n|-damage|p2a: Armarouge|88\/100|[from] Spikes\n|turn|12\n|\n|t:|1698666874\n|move|p1a: Flutter Mane|Shadow Ball|p2a: Armarouge\n|-supereffective|p2a: Armarouge\n|-damage|p2a: Armarouge|0 fnt\n|faint|p2a: Armarouge\n|\n|-weather|SunnyDay|[upkeep]\n|upkeep\n|\n|t:|1698666876\n|switch|p2a: Giratina|Giratina|100\/100\n|-damage|p2a: Giratina|88\/100|[from] Spikes\n|-ability|p2a: Giratina|Pressure\n|turn|13\n|\n|t:|1698666884\n|-terastallize|p1a: Flutter Mane|Ghost\n|move|p1a: Flutter Mane|Shadow Ball|p2a: Giratina\n|-supereffective|p2a: Giratina\n|-damage|p2a: Giratina|3\/100\n|move|p2a: Giratina|Thunder Wave|p1a: Flutter Mane\n|-status|p1a: Flutter Mane|par\n|\n|-weather|SunnyDay|[upkeep]\n|-heal|p2a: Giratina|9\/100|[from] item: Leftovers\n|upkeep\n|turn|14\n|\n|t:|1698666892\n|move|p1a: Flutter Mane|Shadow Ball|p2a: Giratina\n|-supereffective|p2a: Giratina\n|-damage|p2a: Giratina|0 fnt\n|faint|p2a: Giratina\n|\n|win|Jejdjekdjdkk\n|raw|Jejdjekdjdkk's rating: 1000 &rarr; <strong>1047<\/strong><br \/>(+47 for winning)\n|raw|Fat Nerd 22's rating: 1063 &rarr; <strong>1040<\/strong><br \/>(-23 for losing)\n","uploadtime":1698666898,"views":9,"p1id":"jejdjekdjdkk","p2id":"fatnerd22","formatid":"gen9ubers","rating":1040,"private":0,"password":""}