{"id":"gen9ubers-1970773346","p1":"jmastodon","p2":"coois","format":"[Gen 9] Ubers","log":"|j|\u2606jmastodon\n|j|\u2606coois\n|t:|1697665784\n|gametype|singles\n|player|p1|jmastodon|veteran|\n|player|p2|coois|170|\n|teamsize|p1|6\n|teamsize|p2|6\n|gen|9\n|tier|[Gen 9] Ubers\n|rule|Sleep Clause Mod: Limit one foe put to sleep\n|rule|Species Clause: Limit one of each Pok\u00e9mon\n|rule|OHKO Clause: OHKO moves are banned\n|rule|Evasion Items Clause: Evasion items are banned\n|rule|Evasion Moves Clause: Evasion moves are banned\n|rule|Endless Battle Clause: Forcing endless battles is banned\n|rule|HP Percentage Mod: HP is shown in percentages\n|clearpoke\n|poke|p1|Cloyster, M|\n|poke|p1|Diancie|\n|poke|p1|Copperajah, F|\n|poke|p1|Noivern, M|\n|poke|p1|Great Tusk|\n|poke|p1|Ogerpon-Hearthflame, F|\n|poke|p2|Gengar, F|\n|poke|p2|Armarouge, F|\n|poke|p2|Electrode-Hisui|\n|poke|p2|Iron Bundle|\n|poke|p2|Grimmsnarl, M|\n|poke|p2|Haxorus, M|\n|teampreview\n|\n|t:|1697665795\n|start\n|switch|p1a: Diancie|Diancie|100\/100\n|switch|p2a: Serving Funt|Grimmsnarl, M, shiny|100\/100\n|turn|1\n|\n|t:|1697665816\n|move|p2a: Serving Funt|Light Screen|p2a: Serving Funt\n|-sidestart|p2: coois|move: Light Screen\n|move|p1a: Diancie|Stealth Rock|p2a: Serving Funt\n|-sidestart|p2: coois|move: Stealth Rock\n|\n|upkeep\n|turn|2\n|\n|t:|1697665825\n|switch|p1a: Copperajah|Copperajah, F|100\/100\n|move|p2a: Serving Funt|Reflect|p2a: Serving Funt\n|-sidestart|p2: coois|Reflect\n|\n|upkeep\n|turn|3\n|\n|t:|1697665836\n|move|p2a: Serving Funt|Parting Shot|p1a: Copperajah\n|-unboost|p1a: Copperajah|atk|1\n|-unboost|p1a: Copperajah|spa|1\n|\n|t:|1697665845\n|switch|p2a: The Impostor|Armarouge, F|100\/100|[from] Parting Shot\n|move|p1a: Copperajah|Rock Slide|p2a: The Impostor\n|-supereffective|p2a: The Impostor\n|-damage|p2a: The Impostor|76\/100\n|-ability|p2a: The Impostor|Weak Armor|boost\n|-unboost|p2a: The Impostor|def|1\n|-boost|p2a: The Impostor|spe|2\n|\n|upkeep\n|turn|4\n|\n|t:|1697665861\n|switch|p1a: Diancie|Diancie|100\/100\n|move|p2a: The Impostor|Calm Mind|p2a: The Impostor\n|-boost|p2a: The Impostor|spa|1\n|-boost|p2a: The Impostor|spd|1\n|\n|upkeep\n|turn|5\n|\n|t:|1697665882\n|move|p2a: The Impostor|Aura Sphere|p1a: Diancie\n|-damage|p1a: Diancie|74\/100\n|move|p1a: Diancie|Diamond Storm|p2a: The Impostor\n|-supereffective|p2a: The Impostor\n|-damage|p2a: The Impostor|32\/100\n|-boost|p1a: Diancie|def|2\n|-ability|p2a: The Impostor|Weak Armor|boost\n|-unboost|p2a: The Impostor|def|1\n|-boost|p2a: The Impostor|spe|2\n|\n|-heal|p1a: Diancie|80\/100|[from] item: Leftovers\n|upkeep\n|turn|6\n|\n|t:|1697665905\n|switch|p2a: Edgy MF|Haxorus, M, shiny|100\/100\n|-damage|p2a: Edgy MF|88\/100|[from] Stealth Rock\n|-ability|p2a: Edgy MF|Mold Breaker\n|move|p1a: Diancie|Diamond Storm|p2a: Edgy MF\n|-damage|p2a: Edgy MF|67\/100\n|\n|-heal|p1a: Diancie|86\/100|[from] item: Leftovers\n|upkeep\n|turn|7\n|\n|t:|1697665921\n|switch|p1a: Copperajah|Copperajah, F|100\/100\n|move|p2a: Edgy MF|Iron Head|p1a: Copperajah\n|-resisted|p1a: Copperajah\n|-damage|p1a: Copperajah|85\/100\n|\n|upkeep\n|turn|8\n|\n|t:|1697665954\n|switch|p1a: Noivern|Noivern, M|100\/100\n|move|p2a: Edgy MF|Swords Dance|p2a: Edgy MF\n|-boost|p2a: Edgy MF|atk|2\n|\n|-sideend|p2: coois|move: Light Screen\n|upkeep\n|turn|9\n|\n|t:|1697665965\n|move|p1a: Noivern|Draco Meteor|p2a: Edgy MF\n|-supereffective|p2a: Edgy MF\n|-damage|p2a: Edgy MF|0 fnt\n|-unboost|p1a: Noivern|spa|2\n|faint|p2a: Edgy MF\n|\n|-sideend|p2: coois|Reflect\n|upkeep\n|\n|t:|1697665971\n|switch|p2a: Robo Bitch|Iron Bundle|100\/100\n|-damage|p2a: Robo Bitch|76\/100|[from] Stealth Rock\n|turn|10\n|\n|t:|1697665980\n|move|p2a: Robo Bitch|Ice Beam|p1a: Noivern\n|-supereffective|p1a: Noivern\n|-damage|p1a: Noivern|0 fnt\n|faint|p1a: Noivern\n|\n|upkeep\n|\n|t:|1697665983\n|switch|p1a: Great Tusk|Great Tusk|100\/100\n|turn|11\n|\n|t:|1697665992\n|-end|p2a: Robo Bitch|Quark Drive|[silent]\n|switch|p2a: Greg|Gengar, F|100\/100\n|-damage|p2a: Greg|88\/100|[from] Stealth Rock\n|move|p1a: Great Tusk|Close Combat|p2a: Greg\n|-immune|p2a: Greg\n|\n|upkeep\n|turn|12\n|\n|t:|1697666003\n|-end|p1a: Great Tusk|Protosynthesis|[silent]\n|switch|p1a: Copperajah|Copperajah, F|85\/100\n|move|p2a: Greg|Energy Ball|p1a: Copperajah\n|-resisted|p1a: Copperajah\n|-damage|p1a: Copperajah|74\/100\n|\n|upkeep\n|turn|13\n|\n|t:|1697666012\n|switch|p2a: Serving Funt|Grimmsnarl, M, shiny|100\/100\n|-damage|p2a: Serving Funt|88\/100|[from] Stealth Rock\n|move|p1a: Copperajah|Rock Slide|p2a: Serving Funt\n|-damage|p2a: Serving Funt|38\/100\n|\n|upkeep\n|turn|14\n|\n|t:|1697666028\n|move|p2a: Serving Funt|Parting Shot|p1a: Copperajah\n|-unboost|p1a: Copperajah|atk|1\n|-unboost|p1a: Copperajah|spa|1\n|\n|t:|1697666038\n|switch|p2a: Greg|Gengar, F|88\/100|[from] Parting Shot\n|-damage|p2a: Greg|76\/100|[from] Stealth Rock\n|move|p1a: Copperajah|Heavy Slam|p2a: Greg\n|-damage|p2a: Greg|0 fnt\n|-start|p1a: Copperajah|Disable|Heavy Slam|[from] ability: Cursed Body|[of] p2a: Greg\n|faint|p2a: Greg\n|\n|upkeep\n|\n|t:|1697666053\n|switch|p2a: The Impostor|Armarouge, F|32\/100\n|turn|15\n|\n|t:|1697666060\n|switch|p1a: Diancie|Diancie|86\/100\n|move|p2a: The Impostor|Armor Cannon|p1a: Diancie\n|-resisted|p1a: Diancie\n|-damage|p1a: Diancie|66\/100\n|-unboost|p2a: The Impostor|def|1\n|-unboost|p2a: The Impostor|spd|1\n|\n|-heal|p1a: Diancie|72\/100|[from] item: Leftovers\n|upkeep\n|turn|16\n|\n|t:|1697666080\n|switch|p2a: Robo Bitch|Iron Bundle|76\/100\n|-damage|p2a: Robo Bitch|51\/100|[from] Stealth Rock\n|move|p1a: Diancie|Diamond Storm|p2a: Robo Bitch\n|-supereffective|p2a: Robo Bitch\n|-damage|p2a: Robo Bitch|0 fnt\n|-boost|p1a: Diancie|def|2\n|faint|p2a: Robo Bitch\n|-end|p2a: Robo Bitch|Quark Drive|[silent]\n|\n|-heal|p1a: Diancie|78\/100|[from] item: Leftovers\n|upkeep\n|\n|t:|1697666095\n|switch|p2a: 80 Year Old Man|Electrode-Hisui, shiny|100\/100\n|-damage|p2a: 80 Year Old Man|88\/100|[from] Stealth Rock\n|turn|17\n|\n|t:|1697666130\n|switch|p1a: Copperajah|Copperajah, F|74\/100\n|-terastallize|p2a: 80 Year Old Man|Steel\n|move|p2a: 80 Year Old Man|Thunderbolt|p1a: Copperajah\n|-damage|p1a: Copperajah|43\/100\n|-status|p1a: Copperajah|par\n|-damage|p2a: 80 Year Old Man|78\/100|[from] item: Life Orb\n|\n|upkeep\n|turn|18\n|\n|t:|1697666149\n|move|p2a: 80 Year Old Man|Tera Blast|p1a: Copperajah|[anim] Tera Blast Steel\n|-resisted|p1a: Copperajah\n|-damage|p1a: Copperajah|30\/100 par\n|-damage|p2a: 80 Year Old Man|68\/100|[from] item: Life Orb\n|move|p1a: Copperajah|Heat Crash|p2a: 80 Year Old Man\n|-supereffective|p2a: 80 Year Old Man\n|-damage|p2a: 80 Year Old Man|0 fnt\n|faint|p2a: 80 Year Old Man\n|\n|upkeep\n|\n|t:|1697666158\n|switch|p2a: The Impostor|Armarouge, F|32\/100\n|turn|19\n|\n|t:|1697666162\n|move|p2a: The Impostor|Armor Cannon|p1a: Copperajah\n|-supereffective|p1a: Copperajah\n|-damage|p1a: Copperajah|0 fnt\n|-unboost|p2a: The Impostor|def|1\n|-unboost|p2a: The Impostor|spd|1\n|faint|p1a: Copperajah\n|\n|upkeep\n|\n|t:|1697666167\n|switch|p1a: Great Tusk|Great Tusk|100\/100\n|turn|20\n|\n|t:|1697666171\n|move|p1a: Great Tusk|Headlong Rush|p2a: The Impostor\n|-supereffective|p2a: The Impostor\n|-damage|p2a: The Impostor|0 fnt\n|-unboost|p1a: Great Tusk|def|1\n|-unboost|p1a: Great Tusk|spd|1\n|faint|p2a: The Impostor\n|\n|upkeep\n|\n|t:|1697666177\n|switch|p2a: Serving Funt|Grimmsnarl, M, shiny|38\/100\n|-damage|p2a: Serving Funt|26\/100|[from] Stealth Rock\n|turn|21\n|\n|t:|1697666185\n|move|p2a: Serving Funt|Reflect|p2a: Serving Funt\n|-sidestart|p2: coois|Reflect\n|move|p1a: Great Tusk|Headlong Rush|p2a: Serving Funt\n|-crit|p2a: Serving Funt\n|-damage|p2a: Serving Funt|0 fnt\n|-unboost|p1a: Great Tusk|def|1\n|-unboost|p1a: Great Tusk|spd|1\n|faint|p2a: Serving Funt\n|\n|win|jmastodon\n|c|\u2606jmastodon|gg\n|c|\u2606coois|gg\n","uploadtime":1697666220,"views":33,"p1id":"jmastodon","p2id":"coois","formatid":"gen9ubers","rating":0,"private":0,"password":""}