{"id":"gen9ubers-1973509750","p1":"Snorlaxchef","p2":"Sheerluck Holmes","format":"[Gen 9] Ubers","log":"|j|\u2606Snorlaxchef\n|j|\u2606Sheerluck Holmes\n|t:|1697985349\n|gametype|singles\n|player|p1|Snorlaxchef|baker|1520\n|player|p2|Sheerluck Holmes|ruinmaniac-gen3rs|1431\n|teamsize|p1|6\n|teamsize|p2|6\n|gen|9\n|tier|[Gen 9] Ubers\n|rated|\n|rule|Sleep Clause Mod: Limit one foe put to sleep\n|rule|Species Clause: Limit one of each Pok\u00e9mon\n|rule|OHKO Clause: OHKO moves are banned\n|rule|Evasion Items Clause: Evasion items are banned\n|rule|Evasion Moves Clause: Evasion moves are banned\n|rule|Endless Battle Clause: Forcing endless battles is banned\n|rule|HP Percentage Mod: HP is shown in percentages\n|clearpoke\n|poke|p1|Corviknight, F|\n|poke|p1|Blissey, F|\n|poke|p1|Clodsire, F|\n|poke|p1|Toxapex, M|\n|poke|p1|Skeledirge, M|\n|poke|p1|Ditto|\n|poke|p2|Koraidon|\n|poke|p2|Eternatus|\n|poke|p2|Ting-Lu|\n|poke|p2|Arceus-Fairy|\n|poke|p2|Skeledirge, M|\n|poke|p2|Miraidon|\n|teampreview\n|inactive|Battle timer is ON: inactive players will automatically lose when time's up. (requested by Sheerluck Holmes)\n|inactive|Snorlaxchef also wants the timer to be on.\n|j| BingBongDingBong\n|inactive|Snorlaxchef has 120 seconds left.\n|\n|t:|1697985398\n|start\n|switch|p1a: Toxapex|Toxapex, M|100\/100\n|switch|p2a: Arceus|Arceus-Fairy|100\/100\n|turn|1\n|\n|t:|1697985406\n|move|p2a: Arceus|Taunt|p1a: Toxapex\n|-start|p1a: Toxapex|move: Taunt\n|cant|p1a: Toxapex|move: Taunt|Toxic\n|\n|upkeep\n|turn|2\n|\n|t:|1697985409\n|switch|p1a: Clodsire|Clodsire, F|100\/100\n|move|p2a: Arceus|Stealth Rock|p1a: Clodsire\n|-sidestart|p1: Snorlaxchef|move: Stealth Rock\n|\n|upkeep\n|turn|3\n|\n|t:|1697985413\n|move|p2a: Arceus|Taunt|p1a: Clodsire\n|-start|p1a: Clodsire|move: Taunt\n|-enditem|p1a: Clodsire|Mental Herb\n|-end|p1a: Clodsire|move: Taunt\n|move|p1a: Clodsire|Toxic|p2a: Arceus\n|-status|p2a: Arceus|tox\n|\n|-damage|p2a: Arceus|94\/100 tox|[from] psn\n|upkeep\n|turn|4\n|\n|t:|1697985418\n|move|p2a: Arceus|Taunt|p1a: Clodsire\n|-start|p1a: Clodsire|move: Taunt\n|cant|p1a: Clodsire|move: Taunt|Spikes\n|\n|-damage|p2a: Arceus|82\/100 tox|[from] psn\n|upkeep\n|turn|5\n|\n|t:|1697985423\n|switch|p2a: Ting-Lu|Ting-Lu|100\/100\n|-ability|p2a: Ting-Lu|Vessel of Ruin\n|move|p1a: Clodsire|Earthquake|p2a: Ting-Lu\n|-damage|p2a: Ting-Lu|85\/100\n|\n|upkeep\n|turn|6\n|\n|t:|1697985428\n|switch|p1a: Corviknight|Corviknight, F, shiny|100\/100\n|-damage|p1a: Corviknight|88\/100|[from] Stealth Rock\n|-ability|p1a: Corviknight|Pressure\n|move|p2a: Ting-Lu|Ruination|p1a: Corviknight\n|-damage|p1a: Corviknight|44\/100\n|\n|-heal|p1a: Corviknight|50\/100|[from] item: Leftovers\n|upkeep\n|turn|7\n|\n|t:|1697985431\n|move|p1a: Corviknight|Defog|p2a: Ting-Lu\n|-unboost|p2a: Ting-Lu|evasion|1\n|-sideend|p1: Snorlaxchef|Stealth Rock|[from] move: Defog|[of] p1a: Corviknight\n|move|p2a: Ting-Lu|Whirlwind|p1a: Corviknight\n|drag|p1a: Toxapex|Toxapex, M|100\/100\n|\n|upkeep\n|turn|8\n|\n|t:|1697985438\n|switch|p2a: Arceus|Arceus-Fairy|82\/100 tox\n|move|p1a: Toxapex|Toxic|p2a: Arceus\n|-fail|p2a: Arceus|tox\n|\n|-damage|p2a: Arceus|76\/100 tox|[from] psn\n|upkeep\n|turn|9\n|\n|t:|1697985441\n|move|p1a: Toxapex|Baneful Bunker|p1a: Toxapex\n|-singleturn|p1a: Toxapex|move: Protect\n|move|p2a: Arceus|Stealth Rock|p1a: Toxapex\n|-sidestart|p1: Snorlaxchef|move: Stealth Rock\n|\n|-damage|p2a: Arceus|64\/100 tox|[from] psn\n|upkeep\n|turn|10\n|\n|t:|1697985448\n|move|p2a: Arceus|Recover|p2a: Arceus\n|-heal|p2a: Arceus|100\/100 tox\n|move|p1a: Toxapex|Infestation|p2a: Arceus\n|-resisted|p2a: Arceus\n|-damage|p2a: Arceus|99\/100 tox\n|-activate|p2a: Arceus|move: Infestation|[of] p1a: Toxapex\n|\n|-damage|p2a: Arceus|81\/100 tox|[from] psn\n|-damage|p2a: Arceus|69\/100 tox|[from] move: Infestation|[partiallytrapped]\n|upkeep\n|turn|11\n|\n|t:|1697985452\n|move|p1a: Toxapex|Baneful Bunker|p1a: Toxapex\n|-singleturn|p1a: Toxapex|move: Protect\n|move|p2a: Arceus|Taunt|p1a: Toxapex\n|-activate|p1a: Toxapex|move: Protect\n|\n|-damage|p2a: Arceus|44\/100 tox|[from] psn\n|-damage|p2a: Arceus|32\/100 tox|[from] move: Infestation|[partiallytrapped]\n|upkeep\n|turn|12\n|\n|t:|1697985458\n|move|p2a: Arceus|Taunt|p1a: Toxapex\n|-start|p1a: Toxapex|move: Taunt\n|move|p1a: Toxapex|Infestation|p2a: Arceus\n|-resisted|p2a: Arceus\n|-damage|p2a: Arceus|31\/100 tox\n|\n|-damage|p2a: Arceus|0 fnt|[from] psn\n|faint|p2a: Arceus\n|upkeep\n|\n|t:|1697985464\n|switch|p2a: Miraidon|Miraidon|100\/100\n|-fieldstart|move: Electric Terrain|[from] ability: Hadron Engine|[of] p2a: Miraidon\n|turn|13\n|\n|t:|1697985472\n|switch|p1a: Blissey|Blissey, F, shiny|100\/100\n|move|p2a: Miraidon|U-turn|p1a: Blissey\n|-damage|p1a: Blissey|76\/100\n|\n|t:|1697985476\n|switch|p2a: Koraidon|Koraidon|100\/100|[from] U-turn\n|-weather|SunnyDay|[from] ability: Orichalcum Pulse|[of] p2a: Koraidon\n|-activate|p2a: Koraidon|Orichalcum Pulse|[source]\n|\n|-weather|SunnyDay|[upkeep]\n|upkeep\n|turn|14\n|\n|t:|1697985485\n|switch|p1a: Skeledirge|Skeledirge, M|100\/100\n|move|p2a: Koraidon|Dragon Claw|p1a: Skeledirge\n|-damage|p1a: Skeledirge|49\/100\n|\n|-weather|SunnyDay|[upkeep]\n|upkeep\n|turn|15\n|\n|t:|1697985498\n|-terastallize|p2a: Koraidon|Fire\n|-terastallize|p1a: Skeledirge|Fairy\n|move|p2a: Koraidon|Dragon Claw|p1a: Skeledirge\n|-immune|p1a: Skeledirge\n|move|p1a: Skeledirge|Slack Off|p1a: Skeledirge\n|-heal|p1a: Skeledirge|99\/100\n|\n|-weather|SunnyDay|[upkeep]\n|upkeep\n|turn|16\n|\n|t:|1697985507\n|switch|p2a: Eternatus|Eternatus|100\/100\n|-ability|p2a: Eternatus|Pressure\n|switch|p1a: Toxapex|Toxapex, M|100\/100\n|-damage|p1a: Toxapex|88\/100|[from] Stealth Rock\n|\n|-weather|SunnyDay|[upkeep]\n|upkeep\n|turn|17\n|\n|t:|1697985515\n|switch|p1a: Blissey|Blissey, F, shiny|76\/100\n|move|p2a: Eternatus|Toxic Spikes|p1a: Blissey\n|-sidestart|p1: Snorlaxchef|move: Toxic Spikes\n|\n|-weather|none\n|-fieldend|move: Electric Terrain\n|upkeep\n|turn|18\n|\n|t:|1697985519\n|switch|p2a: Koraidon|Koraidon, tera:Fire|100\/100\n|-weather|SunnyDay|[from] ability: Orichalcum Pulse|[of] p2a: Koraidon\n|-activate|p2a: Koraidon|Orichalcum Pulse|[source]\n|move|p1a: Blissey|Stealth Rock|p2a: Koraidon\n|-sidestart|p2: Sheerluck Holmes|move: Stealth Rock\n|\n|-weather|SunnyDay|[upkeep]\n|upkeep\n|turn|19\n|\n|t:|1697985525\n|switch|p1a: Toxapex|Toxapex, M|100\/100\n|-damage|p1a: Toxapex|88\/100|[from] Stealth Rock\n|-sideend|p1: Snorlaxchef|move: Toxic Spikes|[of] p1a: Toxapex\n|move|p2a: Koraidon|Dragon Claw|p1a: Toxapex\n|-damage|p1a: Toxapex|39\/100\n|-damage|p2a: Koraidon|84\/100|[from] item: Rocky Helmet|[of] p1a: Toxapex\n|\n|-weather|SunnyDay|[upkeep]\n|upkeep\n|turn|20\n|\n|t:|1697985529\n|move|p1a: Toxapex|Baneful Bunker|p1a: Toxapex\n|-singleturn|p1a: Toxapex|move: Protect\n|move|p2a: Koraidon|Dragon Claw|p1a: Toxapex\n|-activate|p1a: Toxapex|move: Protect\n|-status|p2a: Koraidon|psn\n|\n|-weather|SunnyDay|[upkeep]\n|-damage|p2a: Koraidon|72\/100 psn|[from] psn\n|upkeep\n|turn|21\n|\n|t:|1697985535\n|switch|p1a: Corviknight|Corviknight, F, shiny|50\/100\n|-damage|p1a: Corviknight|38\/100|[from] Stealth Rock\n|-ability|p1a: Corviknight|Pressure\n|move|p2a: Koraidon|Dragon Claw|p1a: Corviknight\n|-resisted|p1a: Corviknight\n|-damage|p1a: Corviknight|13\/100\n|\n|-weather|SunnyDay|[upkeep]\n|-heal|p1a: Corviknight|19\/100|[from] item: Leftovers\n|-damage|p2a: Koraidon|59\/100 psn|[from] psn\n|upkeep\n|turn|22\n|\n|t:|1697985539\n|switch|p1a: Skeledirge|Skeledirge, M, tera:Fairy|99\/100\n|move|p2a: Koraidon|Dragon Claw|p1a: Skeledirge\n|-immune|p1a: Skeledirge\n|\n|-weather|none\n|-damage|p2a: Koraidon|47\/100 psn|[from] psn\n|upkeep\n|turn|23\n|\n|t:|1697985544\n|switch|p2a: Eternatus|Eternatus|100\/100\n|-ability|p2a: Eternatus|Pressure\n|move|p1a: Skeledirge|Hex|p2a: Eternatus\n|-damage|p2a: Eternatus|84\/100\n|\n|upkeep\n|turn|24\n|\n|t:|1697985550\n|switch|p1a: Clodsire|Clodsire, F|100\/100\n|-damage|p1a: Clodsire|94\/100|[from] Stealth Rock\n|move|p2a: Eternatus|Sludge Bomb|p1a: Clodsire\n|-resisted|p1a: Clodsire\n|-damage|p1a: Clodsire|89\/100\n|\n|upkeep\n|turn|25\n|\n|t:|1697985553\n|move|p2a: Eternatus|Toxic Spikes|p1a: Clodsire\n|-sidestart|p1: Snorlaxchef|move: Toxic Spikes\n|move|p1a: Clodsire|Spikes|p2a: Eternatus\n|-sidestart|p2: Sheerluck Holmes|Spikes\n|\n|upkeep\n|turn|26\n|\n|t:|1697985557\n|switch|p2a: Koraidon|Koraidon, tera:Fire|47\/100 psn\n|-damage|p2a: Koraidon|22\/100 psn|[from] Stealth Rock\n|-damage|p2a: Koraidon|10\/100 psn|[from] Spikes\n|-weather|SunnyDay|[from] ability: Orichalcum Pulse|[of] p2a: Koraidon\n|-activate|p2a: Koraidon|Orichalcum Pulse|[source]\n|move|p1a: Clodsire|Spikes|p2a: Koraidon\n|-sidestart|p2: Sheerluck Holmes|Spikes\n|\n|-weather|SunnyDay|[upkeep]\n|-damage|p2a: Koraidon|0 fnt|[from] psn\n|faint|p2a: Koraidon\n|upkeep\n|\n|t:|1697985561\n|switch|p2a: Ting-Lu|Ting-Lu|85\/100\n|-ability|p2a: Ting-Lu|Vessel of Ruin\n|turn|27\n|\n|t:|1697985566\n|move|p2a: Ting-Lu|Spikes|p1a: Clodsire\n|-sidestart|p1: Snorlaxchef|Spikes\n|move|p1a: Clodsire|Toxic|p2a: Ting-Lu\n|-status|p2a: Ting-Lu|tox\n|\n|-weather|SunnyDay|[upkeep]\n|-damage|p2a: Ting-Lu|79\/100 tox|[from] psn\n|upkeep\n|turn|28\n|\n|t:|1697985582\n|switch|p1a: Corviknight|Corviknight, F, shiny|19\/100\n|-damage|p1a: Corviknight|7\/100|[from] Stealth Rock\n|-ability|p1a: Corviknight|Pressure\n|move|p2a: Ting-Lu|Whirlwind|p1a: Corviknight\n|drag|p1a: Toxapex|Toxapex, M|73\/100\n|-damage|p1a: Toxapex|60\/100|[from] Stealth Rock\n|-sideend|p1: Snorlaxchef|move: Toxic Spikes|[of] p1a: Toxapex\n|-damage|p1a: Toxapex|48\/100|[from] Spikes\n|\n|-weather|SunnyDay|[upkeep]\n|-damage|p2a: Ting-Lu|67\/100 tox|[from] psn\n|upkeep\n|turn|29\n|\n|t:|1697985587\n|move|p2a: Ting-Lu|Spikes|p1a: Toxapex\n|-sidestart|p1: Snorlaxchef|Spikes\n|move|p1a: Toxapex|Recover|p1a: Toxapex\n|-heal|p1a: Toxapex|98\/100\n|\n|-weather|SunnyDay|[upkeep]\n|-damage|p2a: Ting-Lu|48\/100 tox|[from] psn\n|upkeep\n|turn|30\n|\n|t:|1697985590\n|move|p2a: Ting-Lu|Spikes|p1a: Toxapex\n|-sidestart|p1: Snorlaxchef|Spikes\n|move|p1a: Toxapex|Infestation|p2a: Ting-Lu\n|-supereffective|p2a: Ting-Lu\n|-damage|p2a: Ting-Lu|46\/100 tox\n|-activate|p2a: Ting-Lu|move: Infestation|[of] p1a: Toxapex\n|\n|-weather|none\n|-damage|p2a: Ting-Lu|21\/100 tox|[from] psn\n|-damage|p2a: Ting-Lu|8\/100 tox|[from] move: Infestation|[partiallytrapped]\n|upkeep\n|turn|31\n|\n|t:|1697985592\n|move|p1a: Toxapex|Baneful Bunker|p1a: Toxapex\n|-singleturn|p1a: Toxapex|move: Protect\n|move|p2a: Ting-Lu|Whirlwind|p1a: Toxapex\n|drag|p1a: Clodsire|Clodsire, F|89\/100\n|-damage|p1a: Clodsire|82\/100|[from] Stealth Rock\n|-damage|p1a: Clodsire|57\/100|[from] Spikes\n|\n|-damage|p2a: Ting-Lu|0 fnt|[from] psn\n|faint|p2a: Ting-Lu\n|upkeep\n|\n|t:|1697985600\n|switch|p2a: Eternatus|Eternatus|84\/100\n|-ability|p2a: Eternatus|Pressure\n|turn|32\n|\n|t:|1697985603\n|move|p2a: Eternatus|Dynamax Cannon|p1a: Clodsire\n|-damage|p1a: Clodsire|34\/100\n|move|p1a: Clodsire|Recover|p1a: Clodsire\n|-heal|p1a: Clodsire|84\/100\n|\n|upkeep\n|turn|33\n|\n|t:|1697985608\n|move|p2a: Eternatus|Toxic Spikes|p1a: Clodsire\n|-sidestart|p1: Snorlaxchef|move: Toxic Spikes\n|move|p1a: Clodsire|Spikes|p2a: Eternatus\n|-sidestart|p2: Sheerluck Holmes|Spikes\n|\n|upkeep\n|turn|34\n|\n|t:|1697985612\n|move|p2a: Eternatus|Toxic Spikes|p1a: Clodsire\n|-sidestart|p1: Snorlaxchef|move: Toxic Spikes\n|move|p1a: Clodsire|Earthquake|p2a: Eternatus\n|-supereffective|p2a: Eternatus\n|-damage|p2a: Eternatus|43\/100\n|\n|upkeep\n|turn|35\n|\n|t:|1697985614\n|move|p2a: Eternatus|Recover|p2a: Eternatus\n|-heal|p2a: Eternatus|93\/100\n|move|p1a: Clodsire|Earthquake|p2a: Eternatus\n|-supereffective|p2a: Eternatus\n|-damage|p2a: Eternatus|49\/100\n|\n|upkeep\n|turn|36\n|\n|t:|1697985618\n|move|p2a: Eternatus|Recover|p2a: Eternatus\n|-heal|p2a: Eternatus|99\/100\n|move|p1a: Clodsire|Earthquake|p2a: Eternatus\n|-supereffective|p2a: Eternatus\n|-damage|p2a: Eternatus|52\/100\n|\n|upkeep\n|turn|37\n|\n|t:|1697985620\n|switch|p1a: Blissey|Blissey, F, shiny|76\/100\n|move|p2a: Eternatus|Recover|p2a: Eternatus\n|-heal|p2a: Eternatus|100\/100\n|\n|upkeep\n|turn|38\n|\n|t:|1697985623\n|move|p2a: Eternatus|Sludge Bomb|p1a: Blissey\n|-damage|p1a: Blissey|65\/100\n|move|p1a: Blissey|Soft-Boiled|p1a: Blissey\n|-heal|p1a: Blissey|100\/100\n|\n|upkeep\n|turn|39\n|\n|t:|1697985630\n|switch|p1a: Clodsire|Clodsire, F|84\/100\n|-damage|p1a: Clodsire|78\/100|[from] Stealth Rock\n|-damage|p1a: Clodsire|53\/100|[from] Spikes\n|-sideend|p1: Snorlaxchef|move: Toxic Spikes|[of] p1a: Clodsire\n|move|p2a: Eternatus|Sludge Bomb|p1a: Clodsire\n|-resisted|p1a: Clodsire\n|-damage|p1a: Clodsire|47\/100\n|\n|upkeep\n|turn|40\n|\n|t:|1697985634\n|move|p2a: Eternatus|Toxic Spikes|p1a: Clodsire\n|-sidestart|p1: Snorlaxchef|move: Toxic Spikes\n|move|p1a: Clodsire|Recover|p1a: Clodsire\n|-heal|p1a: Clodsire|97\/100\n|\n|upkeep\n|turn|41\n|\n|t:|1697985637\n|move|p2a: Eternatus|Toxic Spikes|p1a: Clodsire\n|-sidestart|p1: Snorlaxchef|move: Toxic Spikes\n|move|p1a: Clodsire|Earthquake|p2a: Eternatus\n|-supereffective|p2a: Eternatus\n|-damage|p2a: Eternatus|58\/100\n|\n|upkeep\n|turn|42\n|\n|t:|1697985642\n|move|p2a: Eternatus|Sludge Bomb|p1a: Clodsire\n|-resisted|p1a: Clodsire\n|-damage|p1a: Clodsire|92\/100\n|move|p1a: Clodsire|Earthquake|p2a: Eternatus\n|-supereffective|p2a: Eternatus\n|-damage|p2a: Eternatus|16\/100\n|\n|upkeep\n|turn|43\n|\n|t:|1697985644\n|move|p2a: Eternatus|Recover|p2a: Eternatus\n|-heal|p2a: Eternatus|66\/100\n|move|p1a: Clodsire|Earthquake|p2a: Eternatus\n|-supereffective|p2a: Eternatus\n|-damage|p2a: Eternatus|25\/100\n|\n|upkeep\n|turn|44\n|\n|t:|1697985648\n|move|p2a: Eternatus|Recover|p2a: Eternatus\n|-heal|p2a: Eternatus|75\/100\n|move|p1a: Clodsire|Earthquake|p2a: Eternatus\n|-supereffective|p2a: Eternatus\n|-damage|p2a: Eternatus|28\/100\n|\n|upkeep\n|turn|45\n|\n|t:|1697985650\n|move|p2a: Eternatus|Recover|p2a: Eternatus\n|-heal|p2a: Eternatus|78\/100\n|move|p1a: Clodsire|Earthquake|p2a: Eternatus\n|-supereffective|p2a: Eternatus\n|-damage|p2a: Eternatus|37\/100\n|\n|upkeep\n|turn|46\n|\n|t:|1697985653\n|switch|p1a: Blissey|Blissey, F, shiny|100\/100\n|move|p2a: Eternatus|Recover|p2a: Eternatus\n|-heal|p2a: Eternatus|87\/100\n|\n|upkeep\n|turn|47\n|l| BingBongDingBong\n|\n|t:|1697985656\n|move|p2a: Eternatus|Sludge Bomb|p1a: Blissey\n|-damage|p1a: Blissey|89\/100\n|move|p1a: Blissey|Seismic Toss|p2a: Eternatus\n|-damage|p2a: Eternatus|65\/100\n|\n|upkeep\n|turn|48\n|\n|t:|1697985659\n|switch|p2a: Skeledirge|Skeledirge, M|100\/100\n|move|p1a: Blissey|Seismic Toss|p2a: Skeledirge\n|-immune|p2a: Skeledirge\n|\n|upkeep\n|turn|49\n|\n|t:|1697985664\n|switch|p1a: Corviknight|Corviknight, F, shiny|7\/100\n|-damage|p1a: Corviknight|0 fnt|[from] Stealth Rock\n|faint|p1a: Corviknight\n|move|p2a: Skeledirge|Will-O-Wisp|p1: Corviknight|[notarget]\n|-fail|p2a: Skeledirge\n|\n|upkeep\n|\n|t:|1697985676\n|switch|p1a: Clodsire|Clodsire, F|92\/100\n|-damage|p1a: Clodsire|85\/100|[from] Stealth Rock\n|-damage|p1a: Clodsire|60\/100|[from] Spikes\n|-sideend|p1: Snorlaxchef|move: Toxic Spikes|[of] p1a: Clodsire\n|turn|50\n|\n|t:|1697985680\n|switch|p2a: Eternatus|Eternatus|65\/100\n|-ability|p2a: Eternatus|Pressure\n|move|p1a: Clodsire|Toxic|p2a: Eternatus\n|-immune|p2a: Eternatus\n|\n|upkeep\n|turn|51\n|\n|t:|1697985685\n|move|p2a: Eternatus|Toxic Spikes|p1a: Clodsire\n|-sidestart|p1: Snorlaxchef|move: Toxic Spikes\n|move|p1a: Clodsire|Recover|p1a: Clodsire\n|-heal|p1a: Clodsire|100\/100\n|\n|upkeep\n|turn|52\n|\n|t:|1697985688\n|switch|p1a: Blissey|Blissey, F, shiny|89\/100\n|move|p2a: Eternatus|Toxic Spikes|p1a: Blissey\n|-sidestart|p1: Snorlaxchef|move: Toxic Spikes\n|\n|upkeep\n|turn|53\n|\n|t:|1697985694\n|switch|p2a: Skeledirge|Skeledirge, M|100\/100\n|move|p1a: Blissey|Seismic Toss|p2a: Skeledirge\n|-immune|p2a: Skeledirge\n|\n|upkeep\n|turn|54\n|\n|t:|1697985718\n|move|p2a: Skeledirge|Torch Song|p1a: Blissey\n|-damage|p1a: Blissey|81\/100\n|-boost|p2a: Skeledirge|spa|1\n|move|p1a: Blissey|Seismic Toss|p2a: Skeledirge\n|-immune|p2a: Skeledirge\n|\n|upkeep\n|turn|55\n|\n|t:|1697985723\n|move|p2a: Skeledirge|Torch Song|p1a: Blissey\n|-damage|p1a: Blissey|69\/100\n|-boost|p2a: Skeledirge|spa|1\n|move|p1a: Blissey|Soft-Boiled|p1a: Blissey\n|-heal|p1a: Blissey|100\/100\n|\n|upkeep\n|turn|56\n|\n|t:|1697985738\n|move|p2a: Skeledirge|Will-O-Wisp|p1a: Blissey\n|-status|p1a: Blissey|brn\n|move|p1a: Blissey|Seismic Toss|p2a: Skeledirge\n|-immune|p2a: Skeledirge\n|\n|-damage|p1a: Blissey|94\/100 brn|[from] brn\n|upkeep\n|turn|57\n|\n|t:|1697985743\n|move|p2a: Skeledirge|Torch Song|p1a: Blissey\n|-crit|p1a: Blissey\n|-damage|p1a: Blissey|69\/100 brn\n|-boost|p2a: Skeledirge|spa|1\n|move|p1a: Blissey|Calm Mind|p1a: Blissey\n|-boost|p1a: Blissey|spa|1\n|-boost|p1a: Blissey|spd|1\n|\n|-damage|p1a: Blissey|63\/100 brn|[from] brn\n|upkeep\n|turn|58\n|\n|t:|1697985746\n|move|p2a: Skeledirge|Torch Song|p1a: Blissey\n|-damage|p1a: Blissey|42\/100 brn\n|-boost|p2a: Skeledirge|spa|1\n|move|p1a: Blissey|Soft-Boiled|p1a: Blissey\n|-heal|p1a: Blissey|92\/100 brn\n|\n|-damage|p1a: Blissey|86\/100 brn|[from] brn\n|upkeep\n|turn|59\n|inactive|Snorlaxchef has 120 seconds left.\n|\n|t:|1697985783\n|move|p2a: Skeledirge|Will-O-Wisp|p1a: Blissey\n|-fail|p1a: Blissey|brn\n|move|p1a: Blissey|Soft-Boiled|p1a: Blissey\n|-heal|p1a: Blissey|100\/100 brn\n|\n|-damage|p1a: Blissey|94\/100 brn|[from] brn\n|upkeep\n|turn|60\n|inactive|Snorlaxchef has 120 seconds left.\n|\n|t:|1697985791\n|move|p2a: Skeledirge|Will-O-Wisp|p1a: Blissey\n|-fail|p1a: Blissey|brn\n|move|p1a: Blissey|Seismic Toss|p2a: Skeledirge\n|-immune|p2a: Skeledirge\n|\n|-damage|p1a: Blissey|88\/100 brn|[from] brn\n|upkeep\n|turn|61\n|\n|t:|1697985793\n|move|p2a: Skeledirge|Will-O-Wisp|p1a: Blissey\n|-fail|p1a: Blissey|brn\n|move|p1a: Blissey|Calm Mind|p1a: Blissey\n|-boost|p1a: Blissey|spa|1\n|-boost|p1a: Blissey|spd|1\n|\n|-damage|p1a: Blissey|82\/100 brn|[from] brn\n|upkeep\n|turn|62\n|\n|t:|1697985806\n|move|p2a: Skeledirge|Torch Song|p1a: Blissey\n|-damage|p1a: Blissey|58\/100 brn\n|-boost|p2a: Skeledirge|spa|1\n|move|p1a: Blissey|Calm Mind|p1a: Blissey\n|-boost|p1a: Blissey|spa|1\n|-boost|p1a: Blissey|spd|1\n|\n|-damage|p1a: Blissey|52\/100 brn|[from] brn\n|upkeep\n|turn|63\n|\n|t:|1697985812\n|move|p2a: Skeledirge|Torch Song|p1a: Blissey\n|-damage|p1a: Blissey|22\/100 brn\n|-boost|p2a: Skeledirge|spa|1\n|move|p1a: Blissey|Soft-Boiled|p1a: Blissey\n|-heal|p1a: Blissey|72\/100 brn\n|\n|-damage|p1a: Blissey|66\/100 brn|[from] brn\n|upkeep\n|turn|64\n|\n|t:|1697985816\n|move|p2a: Skeledirge|Will-O-Wisp|p1a: Blissey\n|-fail|p1a: Blissey|brn\n|move|p1a: Blissey|Soft-Boiled|p1a: Blissey\n|-heal|p1a: Blissey|100\/100 brn\n|\n|-damage|p1a: Blissey|94\/100 brn|[from] brn\n|upkeep\n|turn|65\n|\n|t:|1697985831\n|-curestatus|p1a: Blissey|brn|[from] ability: Natural Cure\n|switch|p1a: Ditto|Ditto|100\/100\n|-damage|p1a: Ditto|88\/100|[from] Stealth Rock\n|-damage|p1a: Ditto|63\/100|[from] Spikes\n|-status|p1a: Ditto|tox\n|-transform|p1a: Ditto|p2a: Skeledirge|[from] ability: Imposter\n|move|p2a: Skeledirge|Will-O-Wisp|p1a: Ditto|[miss]\n|-miss|p2a: Skeledirge|p1a: Ditto\n|\n|-damage|p1a: Ditto|57\/100 tox|[from] psn\n|upkeep\n|turn|66\n|\n|t:|1697985838\n|move|p1a: Ditto|Hex|p2a: Skeledirge\n|-supereffective|p2a: Skeledirge\n|-damage|p2a: Skeledirge|51\/100\n|move|p2a: Skeledirge|Hex|p1a: Ditto\n|-supereffective|p1a: Ditto\n|-damage|p1a: Ditto|0 fnt\n|faint|p1a: Ditto\n|\n|upkeep\n|\n|t:|1697985846\n|switch|p1a: Clodsire|Clodsire, F|100\/100\n|-damage|p1a: Clodsire|94\/100|[from] Stealth Rock\n|-damage|p1a: Clodsire|69\/100|[from] Spikes\n|-sideend|p1: Snorlaxchef|move: Toxic Spikes|[of] p1a: Clodsire\n|turn|67\n|\n|t:|1697985854\n|switch|p2a: Eternatus|Eternatus|65\/100\n|-ability|p2a: Eternatus|Pressure\n|move|p1a: Clodsire|Recover|p1a: Clodsire\n|-heal|p1a: Clodsire|100\/100\n|\n|upkeep\n|turn|68\n|\n|t:|1697985863\n|switch|p1a: Blissey|Blissey, F, shiny|94\/100\n|move|p2a: Eternatus|Toxic Spikes|p1a: Blissey\n|-sidestart|p1: Snorlaxchef|move: Toxic Spikes\n|\n|upkeep\n|turn|69\n|\n|t:|1697985872\n|move|p2a: Eternatus|Sludge Bomb|p1a: Blissey\n|-damage|p1a: Blissey|83\/100\n|-status|p1a: Blissey|psn\n|move|p1a: Blissey|Seismic Toss|p2a: Eternatus\n|-damage|p2a: Eternatus|42\/100\n|\n|-damage|p1a: Blissey|71\/100 psn|[from] psn\n|upkeep\n|turn|70\n|\n|t:|1697985883\n|move|p2a: Eternatus|Recover|p2a: Eternatus\n|-heal|p2a: Eternatus|92\/100\n|move|p1a: Blissey|Seismic Toss|p2a: Eternatus\n|-damage|p2a: Eternatus|69\/100\n|\n|-damage|p1a: Blissey|58\/100 psn|[from] psn\n|upkeep\n|turn|71\n|\n|t:|1697985888\n|switch|p2a: Skeledirge|Skeledirge, M|51\/100\n|move|p1a: Blissey|Soft-Boiled|p1a: Blissey\n|-heal|p1a: Blissey|100\/100 psn\n|\n|-damage|p1a: Blissey|88\/100 psn|[from] psn\n|upkeep\n|turn|72\n|\n|t:|1697985898\n|-curestatus|p1a: Blissey|psn|[from] ability: Natural Cure\n|switch|p1a: Toxapex|Toxapex, M|100\/100\n|-damage|p1a: Toxapex|88\/100|[from] Stealth Rock\n|-damage|p1a: Toxapex|63\/100|[from] Spikes\n|-sideend|p1: Snorlaxchef|move: Toxic Spikes|[of] p1a: Toxapex\n|move|p2a: Skeledirge|Slack Off|p2a: Skeledirge\n|-heal|p2a: Skeledirge|100\/100\n|\n|upkeep\n|turn|73\n|\n|t:|1697985908\n|move|p2a: Skeledirge|Will-O-Wisp|p1a: Toxapex\n|-status|p1a: Toxapex|brn\n|move|p1a: Toxapex|Recover|p1a: Toxapex\n|-heal|p1a: Toxapex|100\/100 brn\n|\n|-damage|p1a: Toxapex|94\/100 brn|[from] brn\n|upkeep\n|turn|74\n|\n|t:|1697985923\n|switch|p2a: Miraidon|Miraidon|100\/100\n|-damage|p2a: Miraidon|88\/100|[from] Stealth Rock\n|-damage|p2a: Miraidon|63\/100|[from] Spikes\n|-fieldstart|move: Electric Terrain|[from] ability: Hadron Engine|[of] p2a: Miraidon\n|move|p1a: Toxapex|Toxic|p2a: Miraidon\n|-status|p2a: Miraidon|tox\n|\n|-damage|p2a: Miraidon|57\/100 tox|[from] psn\n|-damage|p1a: Toxapex|88\/100 brn|[from] brn\n|upkeep\n|turn|75\n|\n|t:|1697985929\n|move|p1a: Toxapex|Baneful Bunker|p1a: Toxapex\n|-singleturn|p1a: Toxapex|move: Protect\n|move|p2a: Miraidon|Electro Drift|p1a: Toxapex\n|-activate|p1a: Toxapex|move: Protect\n|\n|-damage|p2a: Miraidon|45\/100 tox|[from] psn\n|-damage|p1a: Toxapex|82\/100 brn|[from] brn\n|upkeep\n|turn|76\n|\n|t:|1697985939\n|switch|p2a: Eternatus|Eternatus|69\/100\n|-ability|p2a: Eternatus|Pressure\n|switch|p1a: Blissey|Blissey, F, shiny|88\/100\n|\n|upkeep\n|turn|77\n|\n|t:|1697985942\n|move|p2a: Eternatus|Sludge Bomb|p1a: Blissey\n|-damage|p1a: Blissey|77\/100\n|-status|p1a: Blissey|psn\n|move|p1a: Blissey|Seismic Toss|p2a: Eternatus\n|-damage|p2a: Eternatus|47\/100\n|\n|-damage|p1a: Blissey|64\/100 psn|[from] psn\n|upkeep\n|turn|78\n|\n|t:|1697985961\n|switch|p2a: Skeledirge|Skeledirge, M|100\/100\n|move|p1a: Blissey|Seismic Toss|p2a: Skeledirge\n|-immune|p2a: Skeledirge\n|\n|-damage|p1a: Blissey|52\/100 psn|[from] psn\n|-fieldend|move: Electric Terrain\n|upkeep\n|turn|79\n|\n|t:|1697985981\n|-curestatus|p1a: Blissey|psn|[from] ability: Natural Cure\n|switch|p1a: Clodsire|Clodsire, F|100\/100\n|-damage|p1a: Clodsire|94\/100|[from] Stealth Rock\n|-damage|p1a: Clodsire|69\/100|[from] Spikes\n|move|p2a: Skeledirge|Hex|p1a: Clodsire\n|-damage|p1a: Clodsire|57\/100\n|\n|upkeep\n|turn|80\n|\n|t:|1697985987\n|move|p2a: Skeledirge|Will-O-Wisp|p1a: Clodsire\n|-status|p1a: Clodsire|brn\n|move|p1a: Clodsire|Recover|p1a: Clodsire\n|-heal|p1a: Clodsire|100\/100 brn\n|\n|-damage|p1a: Clodsire|94\/100 brn|[from] brn\n|upkeep\n|turn|81\n|\n|t:|1697985992\n|switch|p2a: Eternatus|Eternatus|47\/100\n|-ability|p2a: Eternatus|Pressure\n|move|p1a: Clodsire|Toxic|p2a: Eternatus\n|-immune|p2a: Eternatus\n|\n|-damage|p1a: Clodsire|88\/100 brn|[from] brn\n|upkeep\n|turn|82\n|\n|t:|1697985997\n|move|p2a: Eternatus|Toxic Spikes|p1a: Clodsire\n|-sidestart|p1: Snorlaxchef|move: Toxic Spikes\n|move|p1a: Clodsire|Toxic|p2a: Eternatus\n|-immune|p2a: Eternatus\n|\n|-damage|p1a: Clodsire|82\/100 brn|[from] brn\n|upkeep\n|turn|83\n|\n|t:|1697986002\n|switch|p1a: Blissey|Blissey, F, shiny|52\/100\n|move|p2a: Eternatus|Dynamax Cannon|p1a: Blissey\n|-damage|p1a: Blissey|38\/100\n|\n|upkeep\n|turn|84\n|\n|t:|1697986008\n|switch|p2a: Skeledirge|Skeledirge, M|100\/100\n|move|p1a: Blissey|Soft-Boiled|p1a: Blissey\n|-heal|p1a: Blissey|88\/100\n|\n|upkeep\n|turn|85\n|\n|t:|1697986014\n|switch|p1a: Toxapex|Toxapex, M|100\/100 brn\n|-damage|p1a: Toxapex|88\/100 brn|[from] Stealth Rock\n|-damage|p1a: Toxapex|63\/100 brn|[from] Spikes\n|-sideend|p1: Snorlaxchef|move: Toxic Spikes|[of] p1a: Toxapex\n|move|p2a: Skeledirge|Torch Song|p1a: Toxapex\n|-resisted|p1a: Toxapex\n|-damage|p1a: Toxapex|50\/100 brn\n|-boost|p2a: Skeledirge|spa|1\n|\n|-damage|p1a: Toxapex|44\/100 brn|[from] brn\n|upkeep\n|turn|86\n|\n|t:|1697986030\n|move|p2a: Skeledirge|Hex|p1a: Toxapex\n|-damage|p1a: Toxapex|0 fnt\n|faint|p1a: Toxapex\n|\n|upkeep\n|\n|t:|1697986040\n|switch|p1a: Skeledirge|Skeledirge, M, tera:Fairy|99\/100\n|turn|87\n|\n|t:|1697986045\n|move|p2a: Skeledirge|Will-O-Wisp|p1a: Skeledirge\n|-status|p1a: Skeledirge|brn\n|move|p1a: Skeledirge|Hex|p2a: Skeledirge\n|-supereffective|p2a: Skeledirge\n|-damage|p2a: Skeledirge|52\/100\n|\n|-damage|p1a: Skeledirge|93\/100 brn|[from] brn\n|upkeep\n|turn|88\n|\n|t:|1697986050\n|move|p2a: Skeledirge|Hex|p1a: Skeledirge\n|-damage|p1a: Skeledirge|42\/100 brn\n|move|p1a: Skeledirge|Hex|p2a: Skeledirge\n|-supereffective|p2a: Skeledirge\n|-damage|p2a: Skeledirge|5\/100\n|\n|-damage|p1a: Skeledirge|35\/100 brn|[from] brn\n|upkeep\n|turn|89\n|\n|t:|1697986062\n|move|p2a: Skeledirge|Hex|p1a: Skeledirge\n|-damage|p1a: Skeledirge|0 fnt\n|faint|p1a: Skeledirge\n|\n|upkeep\n|\n|t:|1697986068\n|switch|p1a: Clodsire|Clodsire, F|82\/100 brn\n|-damage|p1a: Clodsire|75\/100 brn|[from] Stealth Rock\n|-damage|p1a: Clodsire|50\/100 brn|[from] Spikes\n|turn|90\n|\n|t:|1697986072\n|switch|p2a: Eternatus|Eternatus|47\/100\n|-ability|p2a: Eternatus|Pressure\n|move|p1a: Clodsire|Toxic|p2a: Eternatus\n|-immune|p2a: Eternatus\n|\n|-damage|p1a: Clodsire|44\/100 brn|[from] brn\n|upkeep\n|turn|91\n|\n|t:|1697986074\n|move|p2a: Eternatus|Toxic Spikes|p1a: Clodsire\n|-sidestart|p1: Snorlaxchef|move: Toxic Spikes\n|move|p1a: Clodsire|Recover|p1a: Clodsire\n|-heal|p1a: Clodsire|94\/100 brn\n|\n|-damage|p1a: Clodsire|88\/100 brn|[from] brn\n|upkeep\n|turn|92\n|\n|t:|1697986078\n|switch|p1a: Blissey|Blissey, F, shiny|88\/100\n|move|p2a: Eternatus|Dynamax Cannon|p1a: Blissey\n|-damage|p1a: Blissey|75\/100\n|\n|upkeep\n|turn|93\n|-message|Snorlaxchef forfeited.\n|\n|win|Sheerluck Holmes\n|raw|Snorlaxchef's rating: 1520 &rarr; <strong>1495<\/strong><br \/>(-25 for losing)\n|raw|Sheerluck Holmes's rating: 1431 &rarr; <strong>1456<\/strong><br \/>(+25 for winning)\n|l|\u2606Snorlaxchef\n","uploadtime":1697987206,"views":17,"p1id":"snorlaxchef","p2id":"sheerluckholmes","formatid":"gen9ubers","rating":1456,"private":0,"password":""}