{"id":"gen9ubers-1984677032","p1":"NiraSSBU","p2":"SH0TTA","format":"[Gen 9] Ubers","log":"|j|\u2606NiraSSBU\n|j|\u2606SH0TTA\n|t:|1699290042\n|gametype|singles\n|player|p1|NiraSSBU|cynthia-gen4|1299\n|player|p2|SH0TTA|red|1259\n|teamsize|p1|6\n|teamsize|p2|6\n|gen|9\n|tier|[Gen 9] Ubers\n|rated|\n|rule|Sleep Clause Mod: Limit one foe put to sleep\n|rule|Species Clause: Limit one of each Pok\u00e9mon\n|rule|OHKO Clause: OHKO moves are banned\n|rule|Evasion Items Clause: Evasion items are banned\n|rule|Evasion Moves Clause: Evasion moves are banned\n|rule|Endless Battle Clause: Forcing endless battles is banned\n|rule|HP Percentage Mod: HP is shown in percentages\n|clearpoke\n|poke|p1|Arceus|\n|poke|p1|Koraidon|\n|poke|p1|Zacian-*|\n|poke|p1|Miraidon|\n|poke|p1|Landorus-Therian, M|\n|poke|p1|Ting-Lu|\n|poke|p2|Ogerpon-Hearthflame, F|\n|poke|p2|Miraidon|\n|poke|p2|Basculegion, M|\n|poke|p2|Kyogre|\n|poke|p2|Regieleki|\n|poke|p2|Zacian-*|\n|teampreview\n|inactive|Battle timer is ON: inactive players will automatically lose when time's up. (requested by SH0TTA)\n|\n|t:|1699290049\n|start\n|switch|p1a: Thicc AF|Ting-Lu|100\/100\n|switch|p2a: Regieleki|Regieleki, shiny|100\/100\n|-ability|p1a: Thicc AF|Vessel of Ruin\n|turn|1\n|\n|t:|1699290063\n|move|p2a: Regieleki|Reflect|p2a: Regieleki\n|-sidestart|p2: SH0TTA|Reflect\n|move|p1a: Thicc AF|Spikes|p2a: Regieleki\n|-sidestart|p2: SH0TTA|Spikes\n|\n|upkeep\n|turn|2\n|\n|t:|1699290067\n|move|p2a: Regieleki|Light Screen|p2a: Regieleki\n|-sidestart|p2: SH0TTA|move: Light Screen\n|move|p1a: Thicc AF|Spikes|p2a: Regieleki\n|-sidestart|p2: SH0TTA|Spikes\n|\n|upkeep\n|turn|3\n|\n|t:|1699290071\n|move|p2a: Regieleki|Rapid Spin|p1a: Thicc AF\n|-damage|p1a: Thicc AF|94\/100\n|-boost|p2a: Regieleki|spe|1\n|-sideend|p2: SH0TTA|Spikes|[from] move: Rapid Spin|[of] p2a: Regieleki\n|move|p1a: Thicc AF|Spikes|p2a: Regieleki\n|-sidestart|p2: SH0TTA|Spikes\n|\n|-heal|p1a: Thicc AF|100\/100|[from] item: Leftovers\n|upkeep\n|turn|4\n|\n|t:|1699290080\n|move|p2a: Regieleki|Rapid Spin|p1a: Thicc AF\n|-damage|p1a: Thicc AF|95\/100\n|-boost|p2a: Regieleki|spe|1\n|-sideend|p2: SH0TTA|Spikes|[from] move: Rapid Spin|[of] p2a: Regieleki\n|move|p1a: Thicc AF|Earthquake|p2a: Regieleki\n|-supereffective|p2a: Regieleki\n|-damage|p2a: Regieleki|36\/100\n|\n|-heal|p1a: Thicc AF|100\/100|[from] item: Leftovers\n|upkeep\n|turn|5\n|\n|t:|1699290090\n|move|p2a: Regieleki|Explosion|p1a: Thicc AF\n|-damage|p1a: Thicc AF|71\/100\n|faint|p2a: Regieleki\n|move|p1a: Thicc AF|Spikes|p2: Regieleki\n|-sidestart|p2: SH0TTA|Spikes\n|\n|-heal|p1a: Thicc AF|77\/100|[from] item: Leftovers\n|upkeep\n|\n|t:|1699290095\n|switch|p2a: Ogerpon|Ogerpon-Hearthflame, F|100\/100\n|-damage|p2a: Ogerpon|88\/100|[from] Spikes\n|-ability|p2a: Ogerpon|Mold Breaker\n|turn|6\n|\n|t:|1699290115\n|move|p2a: Ogerpon|Swords Dance|p2a: Ogerpon\n|-boost|p2a: Ogerpon|atk|2\n|move|p1a: Thicc AF|Spikes|p2a: Ogerpon\n|-sidestart|p2: SH0TTA|Spikes\n|\n|-heal|p1a: Thicc AF|83\/100|[from] item: Leftovers\n|upkeep\n|turn|7\n|\n|t:|1699290125\n|move|p2a: Ogerpon|Trailblaze|p1a: Thicc AF\n|-supereffective|p1a: Thicc AF\n|-damage|p1a: Thicc AF|14\/100\n|-boost|p2a: Ogerpon|spe|1\n|move|p1a: Thicc AF|Whirlwind|p2a: Ogerpon\n|drag|p2a: Kyogre|Kyogre, shiny|100\/100\n|-damage|p2a: Kyogre|84\/100|[from] Spikes\n|-weather|RainDance|[from] ability: Drizzle|[of] p2a: Kyogre\n|\n|-weather|RainDance|[upkeep]\n|-heal|p1a: Thicc AF|20\/100|[from] item: Leftovers\n|upkeep\n|turn|8\n|c|\u2606SH0TTA|ya moms a hoe\n|\n|t:|1699290140\n|switch|p1a: THATSALOTADAMAGE|Koraidon|100\/100\n|-weather|SunnyDay|[from] ability: Orichalcum Pulse|[of] p1a: THATSALOTADAMAGE\n|-activate|p1a: THATSALOTADAMAGE|Orichalcum Pulse|[source]\n|move|p2a: Kyogre|Ice Beam|p1a: THATSALOTADAMAGE\n|-supereffective|p1a: THATSALOTADAMAGE\n|-damage|p1a: THATSALOTADAMAGE|25\/100\n|\n|-weather|SunnyDay|[upkeep]\n|-sideend|p2: SH0TTA|Reflect\n|upkeep\n|turn|9\n|inactive|NiraSSBU has 120 seconds left.\n|\n|t:|1699290167\n|move|p1a: THATSALOTADAMAGE|Low Kick|p2a: Kyogre\n|-damage|p2a: Kyogre|0 fnt\n|faint|p2a: Kyogre\n|\n|-weather|SunnyDay|[upkeep]\n|-sideend|p2: SH0TTA|move: Light Screen\n|upkeep\n|\n|t:|1699290183\n|switch|p2a: Miraidon|Miraidon|100\/100\n|-damage|p2a: Miraidon|84\/100|[from] Spikes\n|-fieldstart|move: Electric Terrain|[from] ability: Hadron Engine|[of] p2a: Miraidon\n|turn|10\n|\n|t:|1699290191\n|move|p1a: THATSALOTADAMAGE|Low Kick|p2a: Miraidon\n|-damage|p2a: Miraidon|0 fnt\n|faint|p2a: Miraidon\n|\n|-weather|SunnyDay|[upkeep]\n|upkeep\n|\n|t:|1699290195\n|switch|p2a: Ogerpon|Ogerpon-Hearthflame, F|88\/100\n|-damage|p2a: Ogerpon|72\/100|[from] Spikes\n|-ability|p2a: Ogerpon|Mold Breaker\n|turn|11\n|\n|t:|1699290200\n|move|p1a: THATSALOTADAMAGE|Low Kick|p2a: Ogerpon\n|-damage|p2a: Ogerpon|18\/100\n|move|p2a: Ogerpon|Trailblaze|p1a: THATSALOTADAMAGE\n|-resisted|p1a: THATSALOTADAMAGE\n|-damage|p1a: THATSALOTADAMAGE|11\/100\n|-boost|p2a: Ogerpon|spe|1\n|\n|-weather|SunnyDay|[upkeep]\n|upkeep\n|turn|12\n|\n|t:|1699290209\n|move|p1a: THATSALOTADAMAGE|Low Kick|p2a: Ogerpon\n|-damage|p2a: Ogerpon|0 fnt\n|faint|p2a: Ogerpon\n|\n|-weather|none\n|upkeep\n|\n|t:|1699290213\n|switch|p2a: Zacian|Zacian-Crowned, shiny|100\/100\n|-damage|p2a: Zacian|84\/100|[from] Spikes\n|-ability|p2a: Zacian|Intrepid Sword|boost\n|-boost|p2a: Zacian|atk|1\n|turn|13\n|\n|t:|1699290222\n|-terastallize|p2a: Zacian|Fire\n|move|p1a: THATSALOTADAMAGE|Low Kick|p2a: Zacian\n|-damage|p2a: Zacian|28\/100\n|move|p2a: Zacian|Behemoth Blade|p1a: THATSALOTADAMAGE\n|-damage|p1a: THATSALOTADAMAGE|0 fnt\n|faint|p1a: THATSALOTADAMAGE\n|\n|upkeep\n|\n|t:|1699290240\n|switch|p1a: ChucklesImInDanger|Zacian-Crowned, shiny|100\/100\n|-ability|p1a: ChucklesImInDanger|Intrepid Sword|boost\n|-boost|p1a: ChucklesImInDanger|atk|1\n|turn|14\n|\n|t:|1699290248\n|move|p1a: ChucklesImInDanger|Crunch|p2a: Zacian\n|-damage|p2a: Zacian|0 fnt\n|faint|p2a: Zacian\n|\n|-fieldend|move: Electric Terrain\n|upkeep\n|\n|t:|1699290251\n|switch|p2a: Basculegion|Basculegion, M, shiny|100\/100\n|-damage|p2a: Basculegion|84\/100|[from] Spikes\n|turn|15\n|\n|t:|1699290257\n|move|p1a: ChucklesImInDanger|Crunch|p2a: Basculegion\n|-supereffective|p2a: Basculegion\n|-damage|p2a: Basculegion|0 fnt\n|faint|p2a: Basculegion\n|\n|win|NiraSSBU\n|raw|NiraSSBU's rating: 1299 &rarr; <strong>1321<\/strong><br \/>(+22 for winning)\n|raw|SH0TTA's rating: 1259 &rarr; <strong>1237<\/strong><br \/>(-22 for losing)\n","uploadtime":1699290139,"views":5,"p1id":"nirassbu","p2id":"sh0tta","formatid":"gen9ubers","rating":1237,"private":0,"password":""}