{"id":"gen9ubers-1975262045","p1":"Leo Justice","p2":"Lionah","format":"[Gen 9] Ubers","log":"|j|\u2606Leo Justice\n|j|\u2606Lionah\n|t:|1698174593\n|gametype|singles\n|player|p1|Leo Justice|carmine|\n|player|p2|Lionah|lady|\n|teamsize|p1|6\n|teamsize|p2|6\n|gen|9\n|tier|[Gen 9] Ubers\n|rule|Sleep Clause Mod: Limit one foe put to sleep\n|rule|Species Clause: Limit one of each Pok\u00e9mon\n|rule|OHKO Clause: OHKO moves are banned\n|rule|Evasion Items Clause: Evasion items are banned\n|rule|Evasion Moves Clause: Evasion moves are banned\n|rule|Endless Battle Clause: Forcing endless battles is banned\n|rule|HP Percentage Mod: HP is shown in percentages\n|clearpoke\n|poke|p1|Sneasler, M|\n|poke|p1|Magearna|\n|poke|p1|Palafin, F|\n|poke|p1|Zacian-*|\n|poke|p1|Palkia-Origin|\n|poke|p1|Giratina|\n|poke|p2|Dondozo, F|\n|poke|p2|Giratina|\n|poke|p2|Chi-Yu|\n|poke|p2|Arceus-Poison|\n|poke|p2|Magearna-Original|\n|poke|p2|Zacian-*|\n|teampreview\n|inactive|Battle timer is ON: inactive players will automatically lose when time's up. (requested by Lionah)\n|\n|t:|1698174604\n|start\n|switch|p1a: Palafin|Palafin, F|100\/100\n|switch|p2a: Magearna|Magearna-Original|100\/100\n|turn|1\n|\n|t:|1698174607\n|move|p1a: Palafin|Flip Turn|p2a: Magearna\n|-damage|p2a: Magearna|73\/100\n|\n|t:|1698174611\n|detailschange|p1a: Palafin|Palafin-Hero, F\n|switch|p1a: Magearna|Magearna|100\/100|[from] Flip Turn\n|move|p2a: Magearna|Thunder Wave|p1a: Magearna\n|-status|p1a: Magearna|par\n|\n|-heal|p2a: Magearna|79\/100|[from] item: Leftovers\n|upkeep\n|turn|2\n|\n|t:|1698174627\n|move|p2a: Magearna|Spikes|p1a: Magearna\n|-sidestart|p1: Leo Justice|Spikes\n|cant|p1a: Magearna|par\n|\n|-heal|p2a: Magearna|85\/100|[from] item: Leftovers\n|upkeep\n|turn|3\n|\n|t:|1698174644\n|move|p2a: Magearna|Spikes|p1a: Magearna\n|-sidestart|p1: Leo Justice|Spikes\n|move|p1a: Magearna|Spikes|p2a: Magearna\n|-sidestart|p2: Lionah|Spikes\n|\n|-heal|p2a: Magearna|91\/100|[from] item: Leftovers\n|upkeep\n|turn|4\n|\n|t:|1698174659\n|switch|p2a: Chi-Yu|Chi-Yu|100\/100\n|-damage|p2a: Chi-Yu|88\/100|[from] Spikes\n|-ability|p2a: Chi-Yu|Beads of Ruin\n|move|p1a: Magearna|Thunder Wave|p2a: Chi-Yu\n|-status|p2a: Chi-Yu|par\n|\n|upkeep\n|turn|5\n|\n|t:|1698174670\n|switch|p1a: Palkia|Palkia-Origin|100\/100\n|-damage|p1a: Palkia|84\/100|[from] Spikes\n|-ability|p1a: Palkia|Pressure\n|move|p2a: Chi-Yu|Fire Blast|p1a: Palkia\n|-resisted|p1a: Palkia\n|-crit|p1a: Palkia\n|-damage|p1a: Palkia|43\/100\n|\n|upkeep\n|turn|6\n|\n|t:|1698174688\n|switch|p2a: Giratina|Giratina|100\/100\n|-ability|p2a: Giratina|Pressure\n|move|p1a: Palkia|Hydro Pump|p2a: Giratina\n|-resisted|p2a: Giratina\n|-damage|p2a: Giratina|80\/100\n|\n|upkeep\n|turn|7\n|\n|t:|1698174694\n|move|p1a: Palkia|Spacial Rend|p2a: Giratina\n|-supereffective|p2a: Giratina\n|-damage|p2a: Giratina|6\/100\n|move|p2a: Giratina|Draco Meteor|p1a: Palkia\n|-supereffective|p1a: Palkia\n|-damage|p1a: Palkia|0 fnt\n|-unboost|p2a: Giratina|spa|2\n|faint|p1a: Palkia\n|\n|upkeep\n|\n|t:|1698174703\n|switch|p1a: Giratina|Giratina|100\/100\n|-ability|p1a: Giratina|Pressure\n|turn|8\n|\n|t:|1698174707\n|move|p1a: Giratina|Defog|p2a: Giratina\n|-unboost|p2a: Giratina|evasion|1\n|-sideend|p2: Lionah|Spikes|[from] move: Defog|[of] p1a: Giratina\n|-sideend|p1: Leo Justice|Spikes|[from] move: Defog|[of] p1a: Giratina\n|move|p2a: Giratina|Thunder Wave|p1a: Giratina\n|-status|p1a: Giratina|par\n|\n|upkeep\n|turn|9\n|\n|t:|1698174712\n|move|p2a: Giratina|Rest|p2a: Giratina\n|-status|p2a: Giratina|slp|[from] move: Rest\n|-heal|p2a: Giratina|100\/100 slp|[silent]\n|cant|p1a: Giratina|par\n|\n|upkeep\n|turn|10\n|\n|t:|1698174719\n|switch|p2a: Magearna|Magearna-Original|91\/100\n|switch|p1a: Sneasler|Sneasler, M|100\/100\n|\n|-heal|p2a: Magearna|97\/100|[from] item: Leftovers\n|upkeep\n|turn|11\n|\n|t:|1698174726\n|move|p1a: Sneasler|U-turn|p2a: Magearna\n|-resisted|p2a: Magearna\n|-damage|p2a: Magearna|92\/100\n|\n|t:|1698174727\n|switch|p1a: Palafin|Palafin-Hero, F|100\/100|[from] U-turn\n|-activate|p1a: Palafin|ability: Zero to Hero\n|move|p2a: Magearna|Thunder Wave|p1a: Palafin\n|-status|p1a: Palafin|par\n|\n|-heal|p2a: Magearna|98\/100|[from] item: Leftovers\n|upkeep\n|turn|12\n|\n|t:|1698174733\n|move|p2a: Magearna|Volt Switch|p1a: Palafin\n|-supereffective|p1a: Palafin\n|-damage|p1a: Palafin|59\/100 par\n|\n|t:|1698174735\n|switch|p2a: Dondozo|Dondozo, F|100\/100|[from] Volt Switch\n|move|p1a: Palafin|Flip Turn|p2a: Dondozo\n|-resisted|p2a: Dondozo\n|-damage|p2a: Dondozo|88\/100\n|\n|t:|1698174746\n|switch|p1a: Magearna|Magearna|100\/100 par|[from] Flip Turn\n|\n|-heal|p2a: Dondozo|94\/100|[from] item: Leftovers\n|upkeep\n|turn|13\n|\n|t:|1698174751\n|move|p2a: Dondozo|Substitute|p2a: Dondozo\n|-start|p2a: Dondozo|Substitute\n|-damage|p2a: Dondozo|69\/100\n|move|p1a: Magearna|Volt Switch|p2a: Dondozo\n|-supereffective|p2a: Dondozo\n|-end|p2a: Dondozo|Substitute\n|\n|t:|1698174761\n|switch|p1a: Sneasler|Sneasler, M|100\/100|[from] Volt Switch\n|\n|-heal|p2a: Dondozo|75\/100|[from] item: Leftovers\n|upkeep\n|turn|14\n|\n|t:|1698174765\n|move|p1a: Sneasler|U-turn|p2a: Dondozo\n|-damage|p2a: Dondozo|64\/100\n|\n|t:|1698174767\n|switch|p1a: Magearna|Magearna|100\/100 par|[from] U-turn\n|move|p2a: Dondozo|Wave Crash|p1a: Magearna\n|-damage|p1a: Magearna|73\/100 par\n|-damage|p2a: Dondozo|57\/100|[from] Recoil\n|\n|-heal|p2a: Dondozo|64\/100|[from] item: Leftovers\n|-heal|p1a: Magearna|79\/100 par|[from] item: Leftovers\n|upkeep\n|turn|15\n|\n|t:|1698174778\n|switch|p2a: Giratina|Giratina|100\/100 slp\n|-ability|p2a: Giratina|Pressure\n|move|p1a: Magearna|Volt Switch|p2a: Giratina\n|-resisted|p2a: Giratina\n|-damage|p2a: Giratina|94\/100 slp\n|\n|t:|1698174785\n|switch|p1a: Zacian|Zacian|100\/100|[from] Volt Switch\n|-ability|p1a: Zacian|Intrepid Sword|boost\n|-boost|p1a: Zacian|atk|1\n|\n|upkeep\n|turn|16\n|\n|t:|1698174797\n|move|p1a: Zacian|Wild Charge|p2a: Giratina\n|-resisted|p2a: Giratina\n|-damage|p2a: Giratina|80\/100 slp\n|-damage|p1a: Zacian|95\/100|[from] Recoil\n|cant|p2a: Giratina|slp\n|\n|upkeep\n|turn|17\n|\n|t:|1698174805\n|switch|p1a: Magearna|Magearna|79\/100 par\n|cant|p2a: Giratina|slp\n|\n|-heal|p1a: Magearna|85\/100 par|[from] item: Leftovers\n|upkeep\n|turn|18\n|\n|t:|1698174813\n|-curestatus|p2a: Giratina|slp|[msg]\n|move|p2a: Giratina|Hex|p1a: Magearna\n|-damage|p1a: Magearna|53\/100 par\n|cant|p1a: Magearna|par\n|\n|-heal|p1a: Magearna|59\/100 par|[from] item: Leftovers\n|upkeep\n|turn|19\n|\n|t:|1698174823\n|switch|p2a: Magearna|Magearna-Original|98\/100\n|move|p1a: Magearna|Thunder Wave|p2a: Magearna\n|-status|p2a: Magearna|par\n|\n|-heal|p2a: Magearna|100\/100 par|[from] item: Leftovers\n|-heal|p1a: Magearna|65\/100 par|[from] item: Leftovers\n|upkeep\n|turn|20\n|\n|t:|1698174832\n|move|p1a: Magearna|Volt Switch|p2a: Magearna\n|-damage|p2a: Magearna|88\/100 par\n|\n|t:|1698174834\n|switch|p1a: Giratina|Giratina|100\/100 par|[from] Volt Switch\n|-ability|p1a: Giratina|Pressure\n|move|p2a: Magearna|Spikes|p1a: Giratina\n|-sidestart|p1: Leo Justice|Spikes\n|\n|-heal|p2a: Magearna|94\/100 par|[from] item: Leftovers\n|upkeep\n|turn|21\n|\n|t:|1698174840\n|move|p1a: Giratina|Defog|p2a: Magearna\n|-unboost|p2a: Magearna|evasion|1\n|-sideend|p1: Leo Justice|Spikes|[from] move: Defog|[of] p1a: Giratina\n|move|p2a: Magearna|Fleur Cannon|p1a: Giratina\n|-supereffective|p1a: Giratina\n|-damage|p1a: Giratina|54\/100 par\n|-unboost|p2a: Magearna|spa|2\n|\n|-heal|p2a: Magearna|99\/100 par|[from] item: Leftovers\n|upkeep\n|turn|22\n|\n|t:|1698174849\n|switch|p2a: Chi-Yu|Chi-Yu|88\/100 par\n|-ability|p2a: Chi-Yu|Beads of Ruin\n|move|p1a: Giratina|Rest|p1a: Giratina\n|-status|p1a: Giratina|slp|[from] move: Rest\n|-heal|p1a: Giratina|100\/100 slp|[silent]\n|\n|upkeep\n|turn|23\n|c|\u2606Leo Justice|i think I 100% lose this\n|inactive|Leo Justice has 270 seconds left.\n|c|\u2606Leo Justice|losing Palkia-O so early was so bad\n|\n|t:|1698174893\n|switch|p1a: Zacian|Zacian|95\/100\n|move|p2a: Chi-Yu|Dark Pulse|p1a: Zacian\n|-resisted|p1a: Zacian\n|-damage|p1a: Zacian|52\/100\n|\n|upkeep\n|turn|24\n|\n|t:|1698174900\n|move|p1a: Zacian|Play Rough|p2a: Chi-Yu\n|-damage|p2a: Chi-Yu|0 fnt\n|faint|p2a: Chi-Yu\n|\n|upkeep\n|\n|t:|1698174904\n|switch|p2a: Dondozo|Dondozo, F|64\/100\n|turn|25\n|\n|t:|1698174908\n|switch|p1a: Magearna|Magearna|65\/100 par\n|move|p2a: Dondozo|Curse|p2a: Dondozo\n|-unboost|p2a: Dondozo|spe|1\n|-boost|p2a: Dondozo|atk|1\n|-boost|p2a: Dondozo|def|1\n|\n|-heal|p1a: Magearna|71\/100 par|[from] item: Leftovers\n|-heal|p2a: Dondozo|70\/100|[from] item: Leftovers\n|upkeep\n|turn|26\n|\n|t:|1698174914\n|switch|p2a: Giratina|Giratina|80\/100\n|-ability|p2a: Giratina|Pressure\n|move|p1a: Magearna|Thunder Wave|p2a: Giratina\n|-status|p2a: Giratina|par\n|\n|-heal|p1a: Magearna|77\/100 par|[from] item: Leftovers\n|upkeep\n|turn|27\n|\n|t:|1698174921\n|move|p2a: Giratina|Hex|p1a: Magearna\n|-damage|p1a: Magearna|46\/100 par\n|move|p1a: Magearna|Fleur Cannon|p2a: Giratina\n|-supereffective|p2a: Giratina\n|-damage|p2a: Giratina|19\/100 par\n|-unboost|p1a: Magearna|spa|2\n|\n|-heal|p1a: Magearna|52\/100 par|[from] item: Leftovers\n|upkeep\n|turn|28\n|\n|t:|1698174927\n|cant|p2a: Giratina|par\n|move|p1a: Magearna|Fleur Cannon|p2a: Giratina\n|-supereffective|p2a: Giratina\n|-damage|p2a: Giratina|0 fnt\n|-unboost|p1a: Magearna|spa|2\n|faint|p2a: Giratina\n|-ability|p1a: Magearna|Soul-Heart|boost\n|-boost|p1a: Magearna|spa|1\n|\n|-heal|p1a: Magearna|58\/100 par|[from] item: Leftovers\n|upkeep\n|\n|t:|1698174935\n|switch|p2a: Magearna|Magearna-Original|99\/100 par\n|turn|29\n|\n|t:|1698174951\n|move|p1a: Magearna|Volt Switch|p2a: Magearna\n|-damage|p2a: Magearna|94\/100 par\n|\n|t:|1698174954\n|switch|p1a: Giratina|Giratina|100\/100 slp|[from] Volt Switch\n|-ability|p1a: Giratina|Pressure\n|move|p2a: Magearna|Spikes|p1a: Giratina\n|-sidestart|p1: Leo Justice|Spikes\n|\n|-heal|p2a: Magearna|100\/100 par|[from] item: Leftovers\n|upkeep\n|turn|30\n|\n|t:|1698174962\n|switch|p2a: Arceus|Arceus-Poison|100\/100\n|cant|p1a: Giratina|slp\n|\n|upkeep\n|turn|31\n|\n|t:|1698174964\n|move|p2a: Arceus|Taunt|p1a: Giratina\n|-start|p1a: Giratina|move: Taunt\n|cant|p1a: Giratina|slp\n|\n|upkeep\n|turn|32\n|\n|t:|1698174969\n|move|p2a: Arceus|Cosmic Power|p2a: Arceus\n|-boost|p2a: Arceus|def|1\n|-boost|p2a: Arceus|spd|1\n|-curestatus|p1a: Giratina|slp|[msg]\n|move|p1a: Giratina|Shadow Ball|p2a: Arceus\n|-damage|p2a: Arceus|89\/100\n|\n|upkeep\n|turn|33\n|\n|t:|1698174976\n|move|p2a: Arceus|Cosmic Power|p2a: Arceus\n|-boost|p2a: Arceus|def|1\n|-boost|p2a: Arceus|spd|1\n|move|p1a: Giratina|Shadow Ball|p2a: Arceus\n|-damage|p2a: Arceus|80\/100\n|\n|-end|p1a: Giratina|move: Taunt\n|upkeep\n|turn|34\n|\n|t:|1698174982\n|move|p2a: Arceus|Taunt|p1a: Giratina\n|-start|p1a: Giratina|move: Taunt\n|cant|p1a: Giratina|move: Taunt|Roar\n|\n|upkeep\n|turn|35\n|\n|t:|1698174991\n|switch|p1a: Sneasler|Sneasler, M|100\/100\n|-damage|p1a: Sneasler|88\/100|[from] Spikes\n|move|p2a: Arceus|Cosmic Power|p2a: Arceus\n|-boost|p2a: Arceus|def|1\n|-boost|p2a: Arceus|spd|1\n|\n|upkeep\n|turn|36\n|\n|t:|1698174995\n|move|p1a: Sneasler|Dire Claw|p2a: Arceus\n|-resisted|p2a: Arceus\n|-damage|p2a: Arceus|74\/100\n|move|p2a: Arceus|Poison Jab|p1a: Sneasler\n|-resisted|p1a: Sneasler\n|-damage|p1a: Sneasler|54\/100\n|\n|upkeep\n|turn|37\n|\n|t:|1698175002\n|switch|p2a: Magearna|Magearna-Original|100\/100 par\n|move|p1a: Sneasler|Dire Claw|p2a: Magearna\n|-immune|p2a: Magearna\n|\n|upkeep\n|turn|38\n|\n|t:|1698175008\n|switch|p1a: Giratina|Giratina|100\/100\n|-ability|p1a: Giratina|Pressure\n|cant|p2a: Magearna|par\n|\n|upkeep\n|turn|39\n|\n|t:|1698175013\n|move|p1a: Giratina|Defog|p2a: Magearna\n|-unboost|p2a: Magearna|evasion|1\n|-sideend|p1: Leo Justice|Spikes|[from] move: Defog|[of] p1a: Giratina\n|move|p2a: Magearna|Thunder Wave|p1a: Giratina|[miss]\n|-miss|p2a: Magearna|p1a: Giratina\n|\n|upkeep\n|turn|40\n|\n|t:|1698175019\n|move|p1a: Giratina|Shadow Ball|p2a: Magearna\n|-damage|p2a: Magearna|83\/100 par\n|-unboost|p2a: Magearna|spd|1\n|move|p2a: Magearna|Thunder Wave|p1a: Giratina\n|-status|p1a: Giratina|par\n|\n|-heal|p2a: Magearna|89\/100 par|[from] item: Leftovers\n|upkeep\n|turn|41\n|\n|t:|1698175025\n|switch|p2a: Arceus|Arceus-Poison|74\/100\n|move|p1a: Giratina|Shadow Ball|p2a: Arceus\n|-damage|p2a: Arceus|56\/100\n|\n|upkeep\n|turn|42\n|\n|t:|1698175032\n|move|p2a: Arceus|Recover|p2a: Arceus\n|-heal|p2a: Arceus|100\/100\n|move|p1a: Giratina|Roar|p2a: Arceus\n|drag|p2a: Magearna|Magearna-Original|89\/100 par\n|\n|-heal|p2a: Magearna|95\/100 par|[from] item: Leftovers\n|upkeep\n|turn|43\n|\n|t:|1698175044\n|move|p1a: Giratina|Shadow Ball|p2a: Magearna\n|-damage|p2a: Magearna|77\/100 par\n|move|p2a: Magearna|Fleur Cannon|p1a: Giratina\n|-supereffective|p1a: Giratina\n|-damage|p1a: Giratina|55\/100 par\n|-unboost|p2a: Magearna|spa|2\n|\n|-heal|p2a: Magearna|83\/100 par|[from] item: Leftovers\n|upkeep\n|turn|44\n|\n|t:|1698175050\n|move|p1a: Giratina|Rest|p1a: Giratina\n|-status|p1a: Giratina|slp|[from] move: Rest\n|-heal|p1a: Giratina|100\/100 slp|[silent]\n|move|p2a: Magearna|Volt Switch|p1a: Giratina\n|-resisted|p1a: Giratina\n|-damage|p1a: Giratina|98\/100 slp\n|\n|t:|1698175054\n|switch|p2a: Zacian|Zacian|100\/100|[from] Volt Switch\n|-ability|p2a: Zacian|Intrepid Sword|boost\n|-boost|p2a: Zacian|atk|1\n|\n|upkeep\n|turn|45\n|\n|t:|1698175063\n|switch|p1a: Zacian|Zacian|52\/100\n|move|p2a: Zacian|Trailblaze|p1a: Zacian\n|-damage|p1a: Zacian|26\/100\n|-boost|p2a: Zacian|spe|1\n|\n|upkeep\n|turn|46\n|\n|t:|1698175070\n|move|p2a: Zacian|Play Rough|p1a: Zacian\n|-damage|p1a: Zacian|0 fnt\n|faint|p1a: Zacian\n|\n|upkeep\n|\n|t:|1698175077\n|switch|p1a: Sneasler|Sneasler, M|54\/100\n|turn|47\n|\n|t:|1698175083\n|move|p2a: Zacian|Play Rough|p1a: Sneasler|[miss]\n|-miss|p2a: Zacian|p1a: Sneasler\n|move|p1a: Sneasler|Dire Claw|p2a: Zacian\n|-supereffective|p2a: Zacian\n|-damage|p2a: Zacian|20\/100\n|\n|upkeep\n|turn|48\n|\n|t:|1698175091\n|move|p2a: Zacian|Play Rough|p1a: Sneasler\n|-damage|p1a: Sneasler|0 fnt\n|faint|p1a: Sneasler\n|\n|upkeep\n|\n|t:|1698175097\n|switch|p1a: Palafin|Palafin-Hero, F|59\/100 par\n|turn|49\n|\n|t:|1698175101\n|switch|p2a: Dondozo|Dondozo, F|70\/100\n|-terastallize|p1a: Palafin|Water\n|cant|p1a: Palafin|par\n|\n|-heal|p2a: Dondozo|76\/100|[from] item: Leftovers\n|upkeep\n|turn|50\n|\n|t:|1698175111\n|cant|p1a: Palafin|par\n|move|p2a: Dondozo|Substitute|p2a: Dondozo\n|-start|p2a: Dondozo|Substitute\n|-damage|p2a: Dondozo|51\/100\n|\n|-heal|p2a: Dondozo|57\/100|[from] item: Leftovers\n|upkeep\n|turn|51\n|\n|t:|1698175118\n|move|p1a: Palafin|Flip Turn|p2a: Dondozo\n|-resisted|p2a: Dondozo\n|-activate|p2a: Dondozo|move: Substitute|[damage]\n|\n|t:|1698175123\n|switch|p1a: Giratina|Giratina|98\/100 slp|[from] Flip Turn\n|-ability|p1a: Giratina|Pressure\n|move|p2a: Dondozo|Wave Crash|p1a: Giratina\n|-resisted|p1a: Giratina\n|-damage|p1a: Giratina|85\/100 slp\n|-damage|p2a: Dondozo|53\/100|[from] Recoil\n|\n|-heal|p2a: Dondozo|59\/100|[from] item: Leftovers\n|upkeep\n|turn|52\n|\n|t:|1698175141\n|cant|p1a: Giratina|slp\n|move|p2a: Dondozo|Wave Crash|p1a: Giratina\n|-resisted|p1a: Giratina\n|-damage|p1a: Giratina|73\/100 slp\n|-damage|p2a: Dondozo|55\/100|[from] Recoil\n|\n|-heal|p2a: Dondozo|61\/100|[from] item: Leftovers\n|upkeep\n|turn|53\n|\n|t:|1698175147\n|cant|p1a: Giratina|slp\n|move|p2a: Dondozo|Rest|p2a: Dondozo\n|-status|p2a: Dondozo|slp|[from] move: Rest\n|-heal|p2a: Dondozo|100\/100 slp|[silent]\n|\n|upkeep\n|turn|54\n|\n|t:|1698175151\n|-curestatus|p1a: Giratina|slp|[msg]\n|move|p1a: Giratina|Shadow Ball|p2a: Dondozo\n|-end|p2a: Dondozo|Substitute\n|cant|p2a: Dondozo|slp\n|\n|upkeep\n|turn|55\n|\n|t:|1698175158\n|switch|p2a: Magearna|Magearna-Original|83\/100 par\n|move|p1a: Giratina|Shadow Ball|p2a: Magearna\n|-damage|p2a: Magearna|66\/100 par\n|\n|-heal|p2a: Magearna|72\/100 par|[from] item: Leftovers\n|upkeep\n|turn|56\n|\n|t:|1698175166\n|switch|p1a: Magearna|Magearna|58\/100 par\n|move|p2a: Magearna|Fleur Cannon|p1a: Magearna\n|-resisted|p1a: Magearna\n|-damage|p1a: Magearna|34\/100 par\n|-unboost|p2a: Magearna|spa|2\n|\n|-heal|p1a: Magearna|40\/100 par|[from] item: Leftovers\n|-heal|p2a: Magearna|78\/100 par|[from] item: Leftovers\n|upkeep\n|turn|57\n|\n|t:|1698175175\n|move|p1a: Magearna|Volt Switch|p2a: Magearna\n|-damage|p2a: Magearna|65\/100 par\n|\n|t:|1698175179\n|switch|p1a: Palafin|Palafin-Hero, F, tera:Water|59\/100 par|[from] Volt Switch\n|move|p2a: Magearna|Volt Switch|p1a: Palafin\n|-supereffective|p1a: Palafin\n|-damage|p1a: Palafin|40\/100 par\n|\n|t:|1698175185\n|switch|p2a: Dondozo|Dondozo, F|100\/100 slp|[from] Volt Switch\n|\n|upkeep\n|turn|58\n|\n|t:|1698175194\n|switch|p2a: Magearna|Magearna-Original|65\/100 par\n|move|p1a: Palafin|Flip Turn|p2a: Magearna\n|-damage|p2a: Magearna|2\/100 par\n|\n|t:|1698175200\n|switch|p1a: Giratina|Giratina|73\/100|[from] Flip Turn\n|-ability|p1a: Giratina|Pressure\n|\n|-heal|p2a: Magearna|8\/100 par|[from] item: Leftovers\n|upkeep\n|turn|59\n|\n|t:|1698175206\n|move|p1a: Giratina|Shadow Ball|p2a: Magearna\n|-damage|p2a: Magearna|0 fnt\n|faint|p2a: Magearna\n|\n|upkeep\n|\n|t:|1698175210\n|switch|p2a: Zacian|Zacian|20\/100\n|turn|60\n|\n|t:|1698175216\n|move|p2a: Zacian|Play Rough|p1a: Giratina\n|-supereffective|p1a: Giratina\n|-damage|p1a: Giratina|25\/100\n|move|p1a: Giratina|Shadow Ball|p2a: Zacian\n|-damage|p2a: Zacian|0 fnt\n|faint|p2a: Zacian\n|\n|upkeep\n|\n|t:|1698175223\n|switch|p2a: Arceus|Arceus-Poison|100\/100\n|turn|61\n|\n|t:|1698175226\n|switch|p1a: Magearna|Magearna|40\/100 par\n|-terastallize|p2a: Arceus|Poison\n|move|p2a: Arceus|Poison Jab|p1a: Magearna\n|-immune|p1a: Magearna\n|\n|-heal|p1a: Magearna|46\/100 par|[from] item: Leftovers\n|upkeep\n|turn|62\n|\n|t:|1698175235\n|move|p2a: Arceus|Taunt|p1a: Magearna\n|-start|p1a: Magearna|move: Taunt\n|cant|p1a: Magearna|move: Taunt|Spikes\n|\n|-heal|p1a: Magearna|52\/100 par|[from] item: Leftovers\n|upkeep\n|turn|63\n|\n|t:|1698175249\n|switch|p1a: Giratina|Giratina|25\/100\n|-ability|p1a: Giratina|Pressure\n|move|p2a: Arceus|Cosmic Power|p2a: Arceus\n|-boost|p2a: Arceus|def|1\n|-boost|p2a: Arceus|spd|1\n|\n|upkeep\n|turn|64\n|\n|t:|1698175254\n|move|p2a: Arceus|Poison Jab|p1a: Giratina\n|-resisted|p1a: Giratina\n|-damage|p1a: Giratina|10\/100\n|move|p1a: Giratina|Rest|p1a: Giratina\n|-status|p1a: Giratina|slp|[from] move: Rest\n|-heal|p1a: Giratina|100\/100 slp|[silent]\n|\n|upkeep\n|turn|65\n|\n|t:|1698175260\n|switch|p1a: Magearna|Magearna|52\/100 par\n|move|p2a: Arceus|Cosmic Power|p2a: Arceus\n|-boost|p2a: Arceus|def|1\n|-boost|p2a: Arceus|spd|1\n|\n|-heal|p1a: Magearna|58\/100 par|[from] item: Leftovers\n|upkeep\n|turn|66\n|\n|t:|1698175265\n|move|p2a: Arceus|Taunt|p1a: Magearna\n|-start|p1a: Magearna|move: Taunt\n|cant|p1a: Magearna|move: Taunt|Thunder Wave\n|\n|-heal|p1a: Magearna|65\/100 par|[from] item: Leftovers\n|upkeep\n|turn|67\n|\n|t:|1698175271\n|switch|p2a: Dondozo|Dondozo, F|100\/100 slp\n|move|p1a: Magearna|Volt Switch|p2a: Dondozo\n|-supereffective|p2a: Dondozo\n|-damage|p2a: Dondozo|65\/100 slp\n|\n|t:|1698175279\n|switch|p1a: Giratina|Giratina|100\/100 slp|[from] Volt Switch\n|-ability|p1a: Giratina|Pressure\n|\n|-heal|p2a: Dondozo|71\/100 slp|[from] item: Leftovers\n|upkeep\n|turn|68\n|\n|t:|1698175283\n|switch|p2a: Arceus|Arceus-Poison, tera:Poison|100\/100\n|cant|p1a: Giratina|slp\n|\n|upkeep\n|turn|69\n|\n|t:|1698175286\n|switch|p1a: Magearna|Magearna|65\/100 par\n|move|p2a: Arceus|Taunt|p1a: Magearna\n|-start|p1a: Magearna|move: Taunt\n|\n|-heal|p1a: Magearna|71\/100 par|[from] item: Leftovers\n|upkeep\n|turn|70\n|\n|t:|1698175293\n|move|p2a: Arceus|Cosmic Power|p2a: Arceus\n|-boost|p2a: Arceus|def|1\n|-boost|p2a: Arceus|spd|1\n|move|p1a: Magearna|Volt Switch|p2a: Arceus\n|-damage|p2a: Arceus|91\/100\n|\n|t:|1698175302\n|switch|p1a: Giratina|Giratina|100\/100 slp|[from] Volt Switch\n|-ability|p1a: Giratina|Pressure\n|\n|upkeep\n|turn|71\n|\n|t:|1698175308\n|switch|p1a: Magearna|Magearna|71\/100 par\n|move|p2a: Arceus|Poison Jab|p1a: Magearna\n|-immune|p1a: Magearna\n|\n|-heal|p1a: Magearna|77\/100 par|[from] item: Leftovers\n|upkeep\n|turn|72\n|\n|t:|1698175314\n|move|p2a: Arceus|Taunt|p1a: Magearna\n|-start|p1a: Magearna|move: Taunt\n|cant|p1a: Magearna|move: Taunt|Thunder Wave\n|\n|-heal|p1a: Magearna|83\/100 par|[from] item: Leftovers\n|upkeep\n|turn|73\n|\n|t:|1698175319\n|move|p2a: Arceus|Cosmic Power|p2a: Arceus\n|-boost|p2a: Arceus|def|1\n|-boost|p2a: Arceus|spd|1\n|move|p1a: Magearna|Volt Switch|p2a: Arceus\n|-damage|p2a: Arceus|84\/100\n|\n|t:|1698175324\n|switch|p1a: Giratina|Giratina|100\/100 slp|[from] Volt Switch\n|-ability|p1a: Giratina|Pressure\n|\n|upkeep\n|turn|74\n|\n|t:|1698175328\n|move|p2a: Arceus|Taunt|p1a: Giratina\n|-start|p1a: Giratina|move: Taunt\n|cant|p1a: Giratina|slp\n|\n|upkeep\n|turn|75\n|\n|t:|1698175333\n|switch|p1a: Magearna|Magearna|83\/100 par\n|move|p2a: Arceus|Cosmic Power|p2a: Arceus\n|-boost|p2a: Arceus|def|1\n|-boost|p2a: Arceus|spd|1\n|\n|-heal|p1a: Magearna|89\/100 par|[from] item: Leftovers\n|upkeep\n|turn|76\n|\n|t:|1698175341\n|move|p2a: Arceus|Taunt|p1a: Magearna\n|-start|p1a: Magearna|move: Taunt\n|cant|p1a: Magearna|move: Taunt|Thunder Wave\n|\n|-heal|p1a: Magearna|95\/100 par|[from] item: Leftovers\n|upkeep\n|turn|77\n|\n|t:|1698175346\n|switch|p1a: Giratina|Giratina|100\/100 slp\n|-ability|p1a: Giratina|Pressure\n|move|p2a: Arceus|Cosmic Power|p2a: Arceus\n|-boost|p2a: Arceus|def|1\n|-boost|p2a: Arceus|spd|1\n|\n|upkeep\n|turn|78\n|\n|t:|1698175354\n|move|p2a: Arceus|Taunt|p1a: Giratina\n|-start|p1a: Giratina|move: Taunt\n|-curestatus|p1a: Giratina|slp|[msg]\n|cant|p1a: Giratina|move: Taunt|Roar\n|\n|upkeep\n|turn|79\n|\n|t:|1698175358\n|switch|p1a: Magearna|Magearna|95\/100 par\n|move|p2a: Arceus|Taunt|p1a: Magearna\n|-start|p1a: Magearna|move: Taunt\n|\n|-heal|p1a: Magearna|100\/100 par|[from] item: Leftovers\n|upkeep\n|turn|80\n|\n|t:|1698175363\n|switch|p1a: Giratina|Giratina|100\/100\n|-ability|p1a: Giratina|Pressure\n|move|p2a: Arceus|Poison Jab|p1a: Giratina\n|-resisted|p1a: Giratina\n|-damage|p1a: Giratina|85\/100\n|\n|upkeep\n|turn|81\n|\n|t:|1698175371\n|switch|p2a: Dondozo|Dondozo, F|71\/100 slp\n|move|p1a: Giratina|Roar|p2a: Dondozo\n|drag|p2a: Arceus|Arceus-Poison, tera:Poison|84\/100\n|\n|upkeep\n|turn|82\n|\n|t:|1698175379\n|move|p2a: Arceus|Poison Jab|p1a: Giratina\n|-resisted|p1a: Giratina\n|-damage|p1a: Giratina|69\/100\n|move|p1a: Giratina|Shadow Ball|p2a: Arceus\n|-damage|p2a: Arceus|66\/100\n|\n|upkeep\n|turn|83\n|\n|t:|1698175385\n|switch|p1a: Magearna|Magearna|100\/100 par\n|move|p2a: Arceus|Cosmic Power|p2a: Arceus\n|-boost|p2a: Arceus|def|1\n|-boost|p2a: Arceus|spd|1\n|\n|upkeep\n|turn|84\n|\n|t:|1698175389\n|move|p2a: Arceus|Taunt|p1a: Magearna\n|-start|p1a: Magearna|move: Taunt\n|cant|p1a: Magearna|move: Taunt|Thunder Wave\n|\n|upkeep\n|turn|85\n|\n|t:|1698175393\n|switch|p2a: Dondozo|Dondozo, F|71\/100 slp\n|move|p1a: Magearna|Volt Switch|p2a: Dondozo\n|-supereffective|p2a: Dondozo\n|-damage|p2a: Dondozo|29\/100 slp\n|\n|t:|1698175398\n|switch|p1a: Giratina|Giratina|69\/100|[from] Volt Switch\n|-ability|p1a: Giratina|Pressure\n|\n|-heal|p2a: Dondozo|35\/100 slp|[from] item: Leftovers\n|upkeep\n|turn|86\n|\n|t:|1698175400\n|move|p1a: Giratina|Shadow Ball|p2a: Dondozo\n|-damage|p2a: Dondozo|7\/100 slp\n|cant|p2a: Dondozo|slp\n|\n|-heal|p2a: Dondozo|13\/100 slp|[from] item: Leftovers\n|upkeep\n|turn|87\n|\n|t:|1698175405\n|move|p1a: Giratina|Shadow Ball|p2a: Dondozo\n|-damage|p2a: Dondozo|0 fnt\n|faint|p2a: Dondozo\n|\n|upkeep\n|c|\u2606Lionah|gg\n|-message|Lionah forfeited.\n|\n|win|Leo Justice\n","uploadtime":1698175418,"views":29,"p1id":"leojustice","p2id":"lionah","formatid":"gen9ubers","rating":0,"private":0,"password":""}