{"id":"gen9ubers-1971885061","p1":"S0meMadness","p2":"XPlazeX","format":"[Gen 9] Ubers","log":"|j|\u2606S0meMadness\n|j|\u2606XPlazeX\n|t:|1697786856\n|gametype|singles\n|player|p1|S0meMadness|riley|1168\n|player|p2|XPlazeX|102|1127\n|teamsize|p1|6\n|teamsize|p2|6\n|gen|9\n|tier|[Gen 9] Ubers\n|rated|\n|rule|Sleep Clause Mod: Limit one foe put to sleep\n|rule|Species Clause: Limit one of each Pok\u00e9mon\n|rule|OHKO Clause: OHKO moves are banned\n|rule|Evasion Items Clause: Evasion items are banned\n|rule|Evasion Moves Clause: Evasion moves are banned\n|rule|Endless Battle Clause: Forcing endless battles is banned\n|rule|HP Percentage Mod: HP is shown in percentages\n|clearpoke\n|poke|p1|Zacian-*|\n|poke|p1|Miraidon|\n|poke|p1|Sneasler, F|\n|poke|p1|Basculegion, M|\n|poke|p1|Kyogre|\n|poke|p1|Noivern, M|\n|poke|p2|Miraidon|\n|poke|p2|Annihilape, M|\n|poke|p2|Cinderace, M|\n|poke|p2|Urshifu-*, M|\n|poke|p2|Zacian-*|\n|poke|p2|Ursaluna-Bloodmoon, M|\n|teampreview\n|\n|t:|1697786871\n|start\n|switch|p1a: Sneasler|Sneasler, F, shiny|100\/100\n|switch|p2a: Cinderace|Cinderace, M|100\/100\n|turn|1\n|\n|t:|1697786883\n|move|p1a: Sneasler|Fake Out|p2a: Cinderace\n|-damage|p2a: Cinderace|80\/100\n|cant|p2a: Cinderace|flinch\n|\n|upkeep\n|turn|2\n|\n|t:|1697786889\n|move|p2a: Cinderace|Pyro Ball|p1a: Sneasler\n|-enditem|p1a: Sneasler|Focus Sash\n|-damage|p1a: Sneasler|1\/100\n|move|p1a: Sneasler|Reversal|p2a: Cinderace\n|-damage|p2a: Cinderace|0 fnt\n|faint|p2a: Cinderace\n|\n|upkeep\n|\n|t:|1697786906\n|switch|p2a: Miraidon|Miraidon|100\/100\n|-fieldstart|move: Electric Terrain|[from] ability: Hadron Engine|[of] p2a: Miraidon\n|turn|3\n|\n|t:|1697786912\n|-terastallize|p2a: Miraidon|Electric\n|move|p1a: Sneasler|Reversal|p2a: Miraidon\n|-damage|p2a: Miraidon|0 fnt\n|faint|p2a: Miraidon\n|\n|upkeep\n|\n|t:|1697786917\n|switch|p2a: Urshifu|Urshifu-Rapid-Strike, M|100\/100\n|turn|4\n|\n|t:|1697786921\n|move|p2a: Urshifu|Aqua Jet|p1a: Sneasler\n|-damage|p1a: Sneasler|0 fnt\n|faint|p1a: Sneasler\n|-damage|p2a: Urshifu|91\/100|[from] item: Life Orb\n|\n|upkeep\n|\n|t:|1697786926\n|switch|p1a: Noivern|Noivern, M, shiny|100\/100\n|turn|5\n|\n|t:|1697786934\n|move|p1a: Noivern|Boomburst|p2a: Urshifu\n|-crit|p2a: Urshifu\n|-damage|p2a: Urshifu|25\/100\n|move|p2a: Urshifu|Surging Strikes|p1a: Noivern\n|-resisted|p1a: Noivern\n|-crit|p1a: Noivern\n|-damage|p1a: Noivern|81\/100\n|-resisted|p1a: Noivern\n|-crit|p1a: Noivern\n|-damage|p1a: Noivern|61\/100\n|-resisted|p1a: Noivern\n|-crit|p1a: Noivern\n|-damage|p1a: Noivern|41\/100\n|-hitcount|p1a: Noivern|3\n|-damage|p2a: Urshifu|15\/100|[from] item: Life Orb\n|\n|upkeep\n|turn|6\n|\n|t:|1697786952\n|switch|p2a: Zacian|Zacian-Crowned|100\/100\n|-ability|p2a: Zacian|Intrepid Sword|boost\n|-boost|p2a: Zacian|atk|1\n|move|p1a: Noivern|Boomburst|p2a: Zacian\n|-resisted|p2a: Zacian\n|-damage|p2a: Zacian|86\/100\n|\n|upkeep\n|turn|7\n|\n|t:|1697786965\n|move|p2a: Zacian|Behemoth Blade|p1a: Noivern\n|-damage|p1a: Noivern|0 fnt\n|faint|p1a: Noivern\n|\n|-fieldend|move: Electric Terrain\n|upkeep\n|\n|t:|1697786972\n|switch|p1a: Zacianek|Zacian-Crowned, shiny|100\/100\n|-ability|p1a: Zacianek|Intrepid Sword|boost\n|-boost|p1a: Zacianek|atk|1\n|turn|8\n|\n|t:|1697786978\n|-terastallize|p1a: Zacianek|Fire\n|move|p2a: Zacian|Behemoth Blade|p1a: Zacianek\n|-resisted|p1a: Zacianek\n|-damage|p1a: Zacianek|52\/100\n|move|p1a: Zacianek|Tera Blast|p2a: Zacian|[anim] Tera Blast Fire\n|-supereffective|p2a: Zacian\n|-damage|p2a: Zacian|0 fnt\n|faint|p2a: Zacian\n|\n|upkeep\n|\n|t:|1697786986\n|switch|p2a: Urshifu|Urshifu-Rapid-Strike, M|15\/100\n|turn|9\n|\n|t:|1697786994\n|move|p2a: Urshifu|Aqua Jet|p1a: Zacianek\n|-supereffective|p1a: Zacianek\n|-damage|p1a: Zacianek|0 fnt\n|faint|p1a: Zacianek\n|-damage|p2a: Urshifu|5\/100|[from] item: Life Orb\n|\n|upkeep\n|\n|t:|1697787001\n|switch|p1a: Miraidon|Miraidon|100\/100\n|-fieldstart|move: Electric Terrain|[from] ability: Hadron Engine|[of] p1a: Miraidon\n|turn|10\n|\n|t:|1697787004\n|move|p2a: Urshifu|Aqua Jet|p1a: Miraidon\n|-resisted|p1a: Miraidon\n|-damage|p1a: Miraidon|86\/100\n|-damage|p2a: Urshifu|0 fnt|[from] item: Life Orb\n|faint|p2a: Urshifu\n|move|p1a: Miraidon|Electro Drift|p2: Urshifu|[notarget]\n|-fail|p1a: Miraidon\n|\n|upkeep\n|\n|t:|1697787011\n|switch|p2a: Ursaluna|Ursaluna-Bloodmoon, M|100\/100\n|turn|11\n|\n|t:|1697787015\n|move|p1a: Miraidon|Dazzling Gleam|p2a: Ursaluna\n|-damage|p2a: Ursaluna|59\/100\n|move|p2a: Ursaluna|Headlong Rush|p1a: Miraidon\n|-supereffective|p1a: Miraidon\n|-damage|p1a: Miraidon|19\/100\n|-unboost|p2a: Ursaluna|def|1\n|-unboost|p2a: Ursaluna|spd|1\n|-enditem|p1a: Miraidon|Weakness Policy\n|-boost|p1a: Miraidon|atk|2|[from] item: Weakness Policy\n|-boost|p1a: Miraidon|spa|2|[from] item: Weakness Policy\n|\n|-heal|p2a: Ursaluna|65\/100|[from] item: Leftovers\n|upkeep\n|turn|12\n|\n|t:|1697787022\n|move|p2a: Ursaluna|Protect|p2a: Ursaluna\n|-singleturn|p2a: Ursaluna|Protect\n|move|p1a: Miraidon|Dazzling Gleam|p2a: Ursaluna\n|-activate|p2a: Ursaluna|move: Protect\n|\n|-heal|p2a: Ursaluna|71\/100|[from] item: Leftovers\n|upkeep\n|turn|13\n|\n|t:|1697787026\n|move|p1a: Miraidon|Dazzling Gleam|p2a: Ursaluna\n|-damage|p2a: Ursaluna|0 fnt\n|faint|p2a: Ursaluna\n|\n|upkeep\n|\n|t:|1697787028\n|switch|p2a: Annihilape|Annihilape, M|100\/100\n|turn|14\n|\n|t:|1697787030\n|move|p2a: Annihilape|Rage Fist|p1a: Miraidon\n|-damage|p1a: Miraidon|0 fnt\n|faint|p1a: Miraidon\n|\n|-fieldend|move: Electric Terrain\n|upkeep\n|\n|t:|1697787033\n|switch|p1a: Kyogre|Kyogre, shiny|100\/100\n|-weather|RainDance|[from] ability: Drizzle|[of] p1a: Kyogre\n|turn|15\n|\n|t:|1697787039\n|move|p2a: Annihilape|Rage Fist|p1a: Kyogre\n|-damage|p1a: Kyogre|73\/100\n|move|p1a: Kyogre|Earthquake|p2a: Annihilape\n|-damage|p2a: Annihilape|72\/100\n|\n|-weather|RainDance|[upkeep]\n|upkeep\n|turn|16\n|\n|t:|1697787044\n|move|p1a: Kyogre|Earthquake|p2a: Annihilape\n|-damage|p2a: Annihilape|45\/100\n|move|p2a: Annihilape|Rage Fist|p1a: Kyogre\n|-damage|p1a: Kyogre|0 fnt\n|faint|p1a: Kyogre\n|\n|-weather|RainDance|[upkeep]\n|upkeep\n|\n|t:|1697787046\n|switch|p1a: Basculegion|Basculegion, M, shiny|100\/100\n|turn|17\n|\n|t:|1697787048\n|move|p1a: Basculegion|Last Respects|p2a: Annihilape\n|-supereffective|p2a: Annihilape\n|-damage|p2a: Annihilape|0 fnt\n|faint|p2a: Annihilape\n|\n|win|S0meMadness\n|raw|S0meMadness's rating: 1168 &rarr; <strong>1190<\/strong><br \/>(+22 for winning)\n|raw|XPlazeX's rating: 1127 &rarr; <strong>1105<\/strong><br \/>(-22 for losing)\n","uploadtime":1697787055,"views":12,"p1id":"s0memadness","p2id":"xplazex","formatid":"gen9ubers","rating":1105,"private":0,"password":""}