{"id":"gen9ubers-1969207447","p1":"agent_shodow-007","p2":"neotank","format":"[Gen 9] Ubers","log":"|j|\u2606agent_shodow-007\n|j|\u2606neotank\n|t:|1697500432\n|gametype|singles\n|player|p1|agent_shodow-007|lusamine-nihilego|1194\n|player|p2|neotank|170|1327\n|teamsize|p1|6\n|teamsize|p2|6\n|gen|9\n|tier|[Gen 9] Ubers\n|rated|\n|rule|Sleep Clause Mod: Limit one foe put to sleep\n|rule|Species Clause: Limit one of each Pok\u00e9mon\n|rule|OHKO Clause: OHKO moves are banned\n|rule|Evasion Items Clause: Evasion items are banned\n|rule|Evasion Moves Clause: Evasion moves are banned\n|rule|Endless Battle Clause: Forcing endless battles is banned\n|rule|HP Percentage Mod: HP is shown in percentages\n|clearpoke\n|poke|p1|Palkia-Origin|\n|poke|p1|Regieleki|\n|poke|p1|Dialga-Origin|\n|poke|p1|Zacian-*|\n|poke|p1|Rayquaza|\n|poke|p1|Kyogre|\n|poke|p2|Gholdengo|\n|poke|p2|Ditto|\n|poke|p2|Shaymin-Sky|\n|poke|p2|Flutter Mane|\n|poke|p2|Eternatus|\n|poke|p2|Arceus|\n|teampreview\n|inactive|Battle timer is ON: inactive players will automatically lose when time's up. (requested by agent_shodow-007)\n|\n|t:|1697500452\n|start\n|switch|p1a: PP Fighter|Dialga-Origin|100\/100\n|switch|p2a: Eternatus|Eternatus|100\/100\n|-ability|p2a: Eternatus|Pressure\n|-item|p2a: Eternatus|Air Balloon\n|-ability|p1a: PP Fighter|Pressure\n|turn|1\n|\n|t:|1697500459\n|move|p2a: Eternatus|Toxic Spikes|p1a: PP Fighter\n|-sidestart|p1: agent_shodow-007|move: Toxic Spikes\n|move|p1a: PP Fighter|Earth Power|p2a: Eternatus\n|-immune|p2a: Eternatus\n|\n|upkeep\n|turn|2\n|\n|t:|1697500466\n|move|p2a: Eternatus|Dynamax Cannon|p1a: PP Fighter\n|-damage|p1a: PP Fighter|58\/100\n|move|p1a: PP Fighter|Roar of Time|p2a: Eternatus\n|-supereffective|p2a: Eternatus\n|-crit|p2a: Eternatus\n|-damage|p2a: Eternatus|0 fnt\n|-mustrecharge|p1a: PP Fighter\n|-enditem|p2a: Eternatus|Air Balloon\n|faint|p2a: Eternatus\n|\n|upkeep\n|inactive|neotank has 120 seconds left.\n|c|\u2606neotank|!data roar of time\n|raw|<ul class=\"utilichart\"><li class=\"result\"><span class=\"col movenamecol\"><a href=\"https:\/\/dex.pokemonshowdown.com\/moves\/roaroftime\">Roar of Time<\/a><\/span> <span class=\"col typecol\"><img src=\"\/\/play.pokemonshowdown.com\/sprites\/types\/Dragon.png\" alt=\"Dragon\" width=\"32\" height=\"14\"><img src=\"\/\/play.pokemonshowdown.com\/sprites\/categories\/Special.png\" alt=\"Special\" width=\"32\" height=\"14\"><\/span> <span class=\"col labelcol\"><em>Power<\/em><br>150<\/span> <span class=\"col widelabelcol\"><em>Accuracy<\/em><br>90%<\/span> <span class=\"col pplabelcol\"><em>PP<\/em><br>8<\/span> <span class=\"col movedesccol\">User cannot move next turn.<\/span> <\/li><li style=\"clear:both\"><\/li><\/ul>\n\n|\n|t:|1697500507\n|switch|p2a: Arceus|Arceus|100\/100\n|turn|3\n|\n|t:|1697500512\n|move|p2a: Arceus|Swords Dance|p2a: Arceus\n|-boost|p2a: Arceus|atk|2\n|cant|p1a: PP Fighter|recharge\n|\n|upkeep\n|turn|4\n|\n|t:|1697500522\n|move|p2a: Arceus|Extreme Speed|p1a: PP Fighter\n|-resisted|p1a: PP Fighter\n|-damage|p1a: PP Fighter|24\/100\n|move|p1a: PP Fighter|Flash Cannon|p2a: Arceus\n|-damage|p2a: Arceus|63\/100\n|-unboost|p2a: Arceus|spd|1\n|\n|upkeep\n|turn|5\n|\n|t:|1697500530\n|move|p2a: Arceus|Extreme Speed|p1a: PP Fighter\n|-resisted|p1a: PP Fighter\n|-damage|p1a: PP Fighter|0 fnt\n|faint|p1a: PP Fighter\n|\n|upkeep\n|\n|t:|1697500538\n|switch|p1a: my thicc boi|Zacian-Crowned|100\/100\n|-ability|p1a: my thicc boi|Intrepid Sword|boost\n|-boost|p1a: my thicc boi|atk|1\n|turn|6\n|\n|t:|1697500544\n|switch|p2a: Gholdengo|Gholdengo|100\/100\n|move|p1a: my thicc boi|Sacred Sword|p2a: Gholdengo\n|-immune|p2a: Gholdengo\n|\n|upkeep\n|turn|7\n|\n|t:|1697500549\n|-terastallize|p1a: my thicc boi|Ground\n|move|p1a: my thicc boi|Tera Blast|p2a: Gholdengo|[anim] Tera Blast Ground\n|-supereffective|p2a: Gholdengo\n|-damage|p2a: Gholdengo|0 fnt\n|faint|p2a: Gholdengo\n|\n|upkeep\n|\n|t:|1697500554\n|switch|p2a: Ditto|Ditto|100\/100\n|-transform|p2a: Ditto|p1a: my thicc boi|[from] ability: Imposter\n|-ability|p2a: Ditto|Intrepid Sword|boost\n|-boost|p2a: Ditto|atk|1\n|-start|p2a: Ditto|typechange|Fairy\/Steel|[silent]\n|turn|8\n|\n|t:|1697500574\n|move|p2a: Ditto|Behemoth Blade|p1a: my thicc boi\n|-damage|p1a: my thicc boi|0 fnt\n|faint|p1a: my thicc boi\n|\n|upkeep\n|\n|t:|1697500577\n|switch|p1a: I am speed|Regieleki|100\/100\n|-status|p1a: I am speed|psn\n|turn|9\n|\n|t:|1697500583\n|move|p2a: Ditto|Behemoth Blade|p1a: I am speed\n|-resisted|p1a: I am speed\n|-damage|p1a: I am speed|11\/100 psn\n|move|p1a: I am speed|Thunderbolt|p2a: Ditto\n|-damage|p2a: Ditto|46\/100\n|\n|-damage|p1a: I am speed|0 fnt|[from] psn\n|faint|p1a: I am speed\n|upkeep\n|\n|t:|1697500596\n|switch|p1a: Palkia-Odin|Palkia-Origin|100\/100\n|-status|p1a: Palkia-Odin|psn\n|-ability|p1a: Palkia-Odin|Pressure\n|turn|10\n|\n|t:|1697500602\n|move|p2a: Ditto|Behemoth Blade|p1a: Palkia-Odin\n|-resisted|p1a: Palkia-Odin\n|-damage|p1a: Palkia-Odin|34\/100 psn\n|move|p1a: Palkia-Odin|Earth Power|p2a: Ditto\n|-supereffective|p2a: Ditto\n|-damage|p2a: Ditto|0 fnt\n|faint|p2a: Ditto\n|\n|-damage|p1a: Palkia-Odin|22\/100 psn|[from] psn\n|upkeep\n|\n|t:|1697500612\n|switch|p2a: Flutter Mane|Flutter Mane, shiny|100\/100\n|turn|11\n|\n|t:|1697500619\n|move|p2a: Flutter Mane|Moonblast|p1a: Palkia-Odin\n|-supereffective|p1a: Palkia-Odin\n|-damage|p1a: Palkia-Odin|0 fnt\n|faint|p1a: Palkia-Odin\n|\n|upkeep\n|\n|t:|1697500623\n|switch|p1a: King of the Seas|Kyogre|100\/100\n|-status|p1a: King of the Seas|psn\n|-weather|RainDance|[from] ability: Drizzle|[of] p1a: King of the Seas\n|turn|12\n|\n|t:|1697500626\n|move|p1a: King of the Seas|Water Spout|p2a: Flutter Mane\n|-damage|p2a: Flutter Mane|0 fnt\n|faint|p2a: Flutter Mane\n|-end|p2a: Flutter Mane|Protosynthesis|[silent]\n|\n|-weather|RainDance|[upkeep]\n|-damage|p1a: King of the Seas|88\/100 psn|[from] psn\n|upkeep\n|\n|t:|1697500629\n|switch|p2a: Shaymin|Shaymin-Sky|100\/100\n|turn|13\n|\n|t:|1697500632\n|move|p2a: Shaymin|Air Slash|p1a: King of the Seas\n|-damage|p1a: King of the Seas|62\/100 psn\n|move|p1a: King of the Seas|Water Spout|p2a: Shaymin\n|-resisted|p2a: Shaymin\n|-damage|p2a: Shaymin|53\/100\n|\n|-weather|RainDance|[upkeep]\n|-damage|p1a: King of the Seas|49\/100 psn|[from] psn\n|upkeep\n|turn|14\n|\n|t:|1697500642\n|switch|p2a: Arceus|Arceus|63\/100\n|move|p1a: King of the Seas|Water Spout|p2a: Arceus\n|-damage|p2a: Arceus|20\/100\n|\n|-weather|RainDance|[upkeep]\n|-damage|p1a: King of the Seas|37\/100 psn|[from] psn\n|upkeep\n|turn|15\n|\n|t:|1697500650\n|switch|p2a: Shaymin|Shaymin-Sky|53\/100\n|move|p1a: King of the Seas|Water Spout|p2a: Shaymin\n|-resisted|p2a: Shaymin\n|-damage|p2a: Shaymin|25\/100\n|\n|-weather|RainDance|[upkeep]\n|-damage|p1a: King of the Seas|25\/100 psn|[from] psn\n|upkeep\n|turn|16\n|\n|t:|1697500658\n|move|p2a: Shaymin|Healing Wish|p2a: Shaymin\n|faint|p2a: Shaymin\n|move|p1a: King of the Seas|Water Spout|p2: Shaymin|[notarget]\n|-fail|p1a: King of the Seas\n|\n|-weather|none\n|-damage|p1a: King of the Seas|13\/100 psn|[from] psn\n|upkeep\n|\n|t:|1697500660\n|switch|p2a: Arceus|Arceus|20\/100\n|-heal|p2a: Arceus|100\/100|[from] move: Healing Wish\n|turn|17\n|\n|t:|1697500667\n|move|p1a: King of the Seas|Water Spout|p2a: Arceus\n|-damage|p2a: Arceus|94\/100\n|move|p2a: Arceus|Swords Dance|p2a: Arceus\n|-boost|p2a: Arceus|atk|2\n|\n|-damage|p1a: King of the Seas|0 fnt|[from] psn\n|faint|p1a: King of the Seas\n|upkeep\n|\n|t:|1697500671\n|switch|p1a: Your dad is back|Rayquaza, shiny|100\/100\n|-ability|p1a: Your dad is back|Air Lock\n|turn|18\n|\n|t:|1697500685\n|-terastallize|p2a: Arceus|Rock\n|move|p2a: Arceus|Extreme Speed|p1a: Your dad is back\n|-damage|p1a: Your dad is back|0 fnt\n|faint|p1a: Your dad is back\n|\n|win|neotank\n|raw|agent_shodow-007's rating: 1194 &rarr; <strong>1178<\/strong><br \/>(-16 for losing)\n|raw|neotank's rating: 1327 &rarr; <strong>1340<\/strong><br \/>(+13 for winning)\n|l|\u2606agent_shodow-007\n","uploadtime":1697500692,"views":10,"p1id":"agentshodow007","p2id":"neotank","formatid":"gen9ubers","rating":1178,"private":0,"password":""}