{"id":"gen9ubers-1981529212","p1":"Madhavv","p2":"chicken_ou","format":"[Gen 9] Ubers","log":"|j|\u2606Madhavv\n|j|\u2606chicken_ou\n|t:|1698913030\n|gametype|singles\n|player|p1|Madhavv|2|1000\n|player|p2|chicken_ou|266|1058\n|teamsize|p1|6\n|teamsize|p2|6\n|gen|9\n|tier|[Gen 9] Ubers\n|rated|\n|rule|Sleep Clause Mod: Limit one foe put to sleep\n|rule|Species Clause: Limit one of each Pok\u00e9mon\n|rule|OHKO Clause: OHKO moves are banned\n|rule|Evasion Items Clause: Evasion items are banned\n|rule|Evasion Moves Clause: Evasion moves are banned\n|rule|Endless Battle Clause: Forcing endless battles is banned\n|rule|HP Percentage Mod: HP is shown in percentages\n|clearpoke\n|poke|p1|Tyranitar, M|\n|poke|p1|Houndstone, M|\n|poke|p1|Iron Treads|\n|poke|p1|Pawmot, M|\n|poke|p1|Iron Bundle|\n|poke|p1|Miraidon|\n|poke|p2|Quagsire, M|\n|poke|p2|Flutter Mane|\n|poke|p2|Koraidon|\n|poke|p2|Zacian-*|\n|poke|p2|Regieleki|\n|poke|p2|Roaring Moon|\n|teampreview\n|\n|t:|1698913043\n|start\n|switch|p1a: Tyranitar|Tyranitar, M|100\/100\n|switch|p2a: Regieleki|Regieleki|100\/100\n|-weather|Sandstorm|[from] ability: Sand Stream|[of] p1a: Tyranitar\n|turn|1\n|\n|t:|1698913072\n|-terastallize|p2a: Regieleki|Electric\n|move|p2a: Regieleki|Volt Switch|p1a: Tyranitar\n|-damage|p1a: Tyranitar|84\/100\n|\n|t:|1698913077\n|switch|p2a: Koraidon|Koraidon|100\/100|[from] Volt Switch\n|-weather|SunnyDay|[from] ability: Orichalcum Pulse|[of] p2a: Koraidon\n|-activate|p2a: Koraidon|Orichalcum Pulse|[source]\n|move|p1a: Tyranitar|Stealth Rock|p2a: Koraidon\n|-sidestart|p2: chicken_ou|move: Stealth Rock\n|\n|-weather|SunnyDay|[upkeep]\n|upkeep\n|turn|2\n|\n|t:|1698913092\n|switch|p1a: Iron Bundle|Iron Bundle|100\/100\n|move|p2a: Koraidon|Collision Course|p1a: Iron Bundle\n|-supereffective|p1a: Iron Bundle\n|-damage|p1a: Iron Bundle|0 fnt\n|faint|p1a: Iron Bundle\n|-end|p1a: Iron Bundle|Quark Drive|[silent]\n|-damage|p2a: Koraidon|91\/100|[from] item: Life Orb\n|\n|-weather|SunnyDay|[upkeep]\n|upkeep\n|\n|t:|1698913110\n|switch|p1a: Miraidon|Miraidon|100\/100\n|-fieldstart|move: Electric Terrain|[from] ability: Hadron Engine|[of] p1a: Miraidon\n|turn|3\n|inactive|Battle timer is ON: inactive players will automatically lose when time's up. (requested by Madhavv)\n|\n|t:|1698913136\n|move|p1a: Miraidon|Draco Meteor|p2a: Koraidon\n|-supereffective|p2a: Koraidon\n|-damage|p2a: Koraidon|0 fnt\n|-unboost|p1a: Miraidon|spa|2\n|faint|p2a: Koraidon\n|-damage|p1a: Miraidon|91\/100|[from] item: Life Orb\n|\n|-weather|SunnyDay|[upkeep]\n|upkeep\n|\n|t:|1698913145\n|switch|p2a: Quagsire|Quagsire, M|100\/100\n|-damage|p2a: Quagsire|94\/100|[from] Stealth Rock\n|turn|4\n|\n|t:|1698913177\n|switch|p1a: Houndstone|Houndstone, M|100\/100\n|move|p2a: Quagsire|Stealth Rock|p1a: Houndstone\n|-sidestart|p1: Madhavv|move: Stealth Rock\n|\n|-weather|SunnyDay|[upkeep]\n|-heal|p2a: Quagsire|100\/100|[from] item: Leftovers\n|upkeep\n|turn|5\n|\n|t:|1698913202\n|switch|p2a: Regieleki|Regieleki, tera:Electric|100\/100\n|-damage|p2a: Regieleki|88\/100|[from] Stealth Rock\n|move|p1a: Houndstone|Last Respects|p2a: Regieleki\n|-damage|p2a: Regieleki|0 fnt\n|faint|p2a: Regieleki\n|-damage|p1a: Houndstone|91\/100|[from] item: Life Orb\n|\n|-weather|none\n|upkeep\n|inactive|chicken_ou has 120 seconds left.\n|\n|t:|1698913232\n|switch|p2a: Flutter Mane|Flutter Mane|100\/100\n|-damage|p2a: Flutter Mane|88\/100|[from] Stealth Rock\n|turn|6\n|inactive|Madhavv has 120 seconds left.\n|\n|t:|1698913278\n|move|p1a: Houndstone|Shadow Sneak|p2a: Flutter Mane\n|-supereffective|p2a: Flutter Mane\n|-damage|p2a: Flutter Mane|0 fnt\n|faint|p2a: Flutter Mane\n|-end|p2a: Flutter Mane|Protosynthesis|[silent]\n|-damage|p1a: Houndstone|81\/100|[from] item: Life Orb\n|\n|upkeep\n|\n|t:|1698913284\n|switch|p2a: Roaring Moon|Roaring Moon|100\/100\n|-damage|p2a: Roaring Moon|88\/100|[from] Stealth Rock\n|-enditem|p2a: Roaring Moon|Booster Energy\n|-activate|p2a: Roaring Moon|ability: Protosynthesis|[fromitem]\n|-start|p2a: Roaring Moon|protosynthesisatk\n|turn|7\n|\n|t:|1698913292\n|move|p2a: Roaring Moon|Crunch|p1a: Houndstone\n|-supereffective|p1a: Houndstone\n|-damage|p1a: Houndstone|0 fnt\n|faint|p1a: Houndstone\n|\n|-fieldend|move: Electric Terrain\n|upkeep\n|\n|t:|1698913298\n|switch|p1a: Iron Treads|Iron Treads|100\/100\n|turn|8\n|inactive|chicken_ou has 120 seconds left.\n|\n|t:|1698913310\n|move|p1a: Iron Treads|Rapid Spin|p2a: Roaring Moon\n|-damage|p2a: Roaring Moon|67\/100\n|-boost|p1a: Iron Treads|spe|1\n|-sideend|p1: Madhavv|Stealth Rock|[from] move: Rapid Spin|[of] p1a: Iron Treads\n|move|p2a: Roaring Moon|Dragon Dance|p2a: Roaring Moon\n|-boost|p2a: Roaring Moon|atk|1\n|-boost|p2a: Roaring Moon|spe|1\n|\n|upkeep\n|turn|9\n|inactive|Madhavv has 120 seconds left.\n|inactive|chicken_ou has 120 seconds left.\n|\n|t:|1698913326\n|move|p1a: Iron Treads|Knock Off|p2a: Roaring Moon\n|-resisted|p2a: Roaring Moon\n|-damage|p2a: Roaring Moon|53\/100\n|move|p2a: Roaring Moon|Acrobatics|p1a: Iron Treads\n|-resisted|p1a: Iron Treads\n|-crit|p1a: Iron Treads\n|-damage|p1a: Iron Treads|45\/100\n|\n|upkeep\n|turn|10\n|\n|t:|1698913339\n|move|p1a: Iron Treads|Iron Head|p2a: Roaring Moon\n|-damage|p2a: Roaring Moon|4\/100\n|move|p2a: Roaring Moon|Roost|p2a: Roaring Moon\n|-heal|p2a: Roaring Moon|54\/100\n|-singleturn|p2a: Roaring Moon|move: Roost\n|\n|upkeep\n|turn|11\n|\n|t:|1698913350\n|move|p1a: Iron Treads|Earthquake|p2a: Roaring Moon\n|-damage|p2a: Roaring Moon|0 fnt\n|faint|p2a: Roaring Moon\n|-end|p2a: Roaring Moon|Protosynthesis|[silent]\n|\n|upkeep\n|-message|chicken_ou forfeited.\n|\n|win|Madhavv\n|raw|Madhavv's rating: 1000 &rarr; <strong>1047<\/strong><br \/>(+47 for winning)\n|raw|chicken_ou's rating: 1058 &rarr; <strong>1036<\/strong><br \/>(-22 for losing)\n|l|\u2606chicken_ou\n","uploadtime":1698913362,"views":10,"p1id":"madhavv","p2id":"chickenou","formatid":"gen9ubers","rating":1036,"private":0,"password":""}