{"id":"gen9ubers-1997143161","p1":"Rpplf_Qilin","p2":"Vilja RPPLF","format":"[Gen 9] Ubers","log":"|j|\u2606Rpplf_Qilin\n|j|\u2606Vilja RPPLF\n|t:|1700768867\n|gametype|singles\n|player|p1|Rpplf_Qilin|ghetsis-gen5bw|\n|player|p2|Vilja RPPLF|n-masters3|\n|teamsize|p1|6\n|teamsize|p2|6\n|gen|9\n|tier|[Gen 9] Ubers\n|rule|Sleep Clause Mod: Limit one foe put to sleep\n|rule|Species Clause: Limit one of each Pok\u00e9mon\n|rule|OHKO Clause: OHKO moves are banned\n|rule|Evasion Items Clause: Evasion items are banned\n|rule|Evasion Moves Clause: Evasion moves are banned\n|rule|Endless Battle Clause: Forcing endless battles is banned\n|rule|HP Percentage Mod: HP is shown in percentages\n|clearpoke\n|poke|p1|Arceus|\n|poke|p1|Okidogi, M|\n|poke|p1|Grimmsnarl, M|\n|poke|p1|Corviknight, M|\n|poke|p1|Regidrago|\n|poke|p1|Greninja-*, M|\n|poke|p2|Volcanion|\n|poke|p2|Landorus-Therian, M|\n|poke|p2|Garganacl, F|\n|poke|p2|Slowking-Galar, F|\n|poke|p2|Maushold-Four|\n|poke|p2|Weavile, F|\n|teampreview\n|inactive|Battle timer is ON: inactive players will automatically lose when time's up. (requested by Vilja RPPLF)\n|inactiveoff|Battle timer is now OFF.\n|c|\u2606Vilja RPPLF|gl hf\n|c|\u2606Rpplf_Qilin|Gl hf\n|c|\u2606Rpplf_Qilin|On m'a beaucoup vent\u00e9 tes m\u00e9rites\n|c|\u2606Vilja RPPLF|fallait pas\n|c|\u2606Vilja RPPLF|je vaux rien\n|\n|t:|1700768925\n|start\n|switch|p1a: Okidogi|Okidogi, M|100\/100\n|switch|p2a: Slowking|Slowking-Galar, F, shiny|100\/100\n|turn|1\n|\n|t:|1700768932\n|move|p1a: Okidogi|Knock Off|p2a: Slowking\n|-supereffective|p2a: Slowking\n|-damage|p2a: Slowking|37\/100\n|-enditem|p2a: Slowking|Black Sludge|[from] move: Knock Off|[of] p1a: Okidogi\n|move|p2a: Slowking|Future Sight|p1a: Okidogi\n|-start|p2a: Slowking|move: Future Sight\n|\n|upkeep\n|turn|2\n|\n|t:|1700768940\n|switch|p2a: Landorus|Landorus-Therian, M|100\/100\n|-ability|p2a: Landorus|Intimidate|boost\n|-unboost|p1a: Okidogi|atk|1\n|move|p1a: Okidogi|Knock Off|p2a: Landorus\n|-damage|p2a: Landorus|76\/100\n|-status|p2a: Landorus|tox|[from] ability: Toxic Chain|[of] p1a: Okidogi\n|-enditem|p2a: Landorus|Life Orb|[from] move: Knock Off|[of] p1a: Okidogi\n|\n|-damage|p2a: Landorus|70\/100 tox|[from] psn\n|upkeep\n|turn|3\n|\n|t:|1700768947\n|switch|p1a: Corviknight|Corviknight, M|100\/100\n|-ability|p1a: Corviknight|Pressure\n|move|p2a: Landorus|U-turn|p1a: Corviknight\n|-resisted|p1a: Corviknight\n|-damage|p1a: Corviknight|96\/100\n|-damage|p2a: Landorus|53\/100 tox|[from] item: Rocky Helmet|[of] p1a: Corviknight\n|\n|t:|1700768964\n|switch|p2a: Volcanion|Volcanion|100\/100|[from] U-turn\n|\n|-end|p1a: Corviknight|move: Future Sight\n|-resisted|p1a: Corviknight\n|-crit|p1a: Corviknight\n|-damage|p1a: Corviknight|64\/100\n|upkeep\n|turn|4\n|\n|t:|1700768976\n|switch|p1a: Grimmsnarl|Grimmsnarl, M|100\/100\n|move|p2a: Volcanion|Earth Power|p1a: Grimmsnarl\n|-damage|p1a: Grimmsnarl|74\/100\n|\n|upkeep\n|turn|5\n|\n|t:|1700768988\n|move|p1a: Grimmsnarl|Light Screen|p1a: Grimmsnarl\n|-sidestart|p1: Rpplf_Qilin|move: Light Screen\n|move|p2a: Volcanion|Sludge Bomb|p1a: Grimmsnarl\n|-supereffective|p1a: Grimmsnarl\n|-damage|p1a: Grimmsnarl|50\/100\n|-status|p1a: Grimmsnarl|psn\n|\n|-damage|p1a: Grimmsnarl|38\/100 psn|[from] psn\n|upkeep\n|turn|6\n|\n|t:|1700769012\n|move|p1a: Grimmsnarl|Parting Shot|p2a: Volcanion\n|-unboost|p2a: Volcanion|atk|1\n|-unboost|p2a: Volcanion|spa|1\n|\n|t:|1700769022\n|switch|p1a: Okidogi|Okidogi, M|100\/100|[from] Parting Shot\n|move|p2a: Volcanion|Steam Eruption|p1a: Okidogi\n|-crit|p1a: Okidogi\n|-damage|p1a: Okidogi|36\/100\n|\n|upkeep\n|turn|7\n|c|\u2606Rpplf_Qilin|Ouch\n|\n|t:|1700769034\n|switch|p2a: Landorus|Landorus-Therian, M|53\/100 tox\n|-ability|p2a: Landorus|Intimidate|boost\n|-unboost|p1a: Okidogi|atk|1\n|move|p1a: Okidogi|Drain Punch|p2a: Landorus\n|-resisted|p2a: Landorus\n|-damage|p2a: Landorus|38\/100 tox\n|-heal|p1a: Okidogi|44\/100|[from] drain|[of] p2a: Landorus\n|\n|-damage|p2a: Landorus|32\/100 tox|[from] psn\n|upkeep\n|turn|8\n|c|\u2606Vilja RPPLF|deso\n|\n|t:|1700769043\n|switch|p1a: Corviknight|Corviknight, M|64\/100\n|-ability|p1a: Corviknight|Pressure\n|move|p2a: Landorus|Earthquake|p1a: Corviknight\n|-immune|p1a: Corviknight\n|\n|-damage|p2a: Landorus|20\/100 tox|[from] psn\n|upkeep\n|turn|9\n|\n|t:|1700769051\n|switch|p2a: Garganacl|Garganacl, F, shiny|100\/100\n|move|p1a: Corviknight|U-turn|p2a: Garganacl\n|-damage|p2a: Garganacl|90\/100\n|\n|t:|1700769063\n|switch|p1a: Okidogi|Okidogi, M|44\/100|[from] U-turn\n|\n|-heal|p2a: Garganacl|96\/100|[from] item: Leftovers\n|upkeep\n|turn|10\n|\n|t:|1700769078\n|switch|p2a: Slowking|Slowking-Galar, F, shiny|70\/100\n|move|p1a: Okidogi|Drain Punch|p2a: Slowking\n|-resisted|p2a: Slowking\n|-damage|p2a: Slowking|60\/100\n|-heal|p1a: Okidogi|49\/100|[from] drain|[of] p2a: Slowking\n|\n|upkeep\n|turn|11\n|c|\u2606Rpplf_Qilin|Tqt j'ai pris ma part de crit au match d'avant\n|\n|t:|1700769088\n|move|p1a: Okidogi|Knock Off|p2a: Slowking\n|-supereffective|p2a: Slowking\n|-damage|p2a: Slowking|14\/100\n|move|p2a: Slowking|Future Sight|p1a: Okidogi\n|-start|p2a: Slowking|move: Future Sight\n|\n|upkeep\n|turn|12\n|\n|t:|1700769097\n|switch|p1a: Corviknight|Corviknight, M|64\/100\n|-ability|p1a: Corviknight|Pressure\n|switch|p2a: Landorus|Landorus-Therian, M|20\/100 tox\n|-ability|p2a: Landorus|Intimidate|boost\n|-unboost|p1a: Corviknight|atk|1\n|\n|-damage|p2a: Landorus|14\/100 tox|[from] psn\n|-sideend|p1: Rpplf_Qilin|move: Light Screen\n|upkeep\n|turn|13\n|\n|t:|1700769104\n|move|p2a: Landorus|Smack Down|p1a: Corviknight\n|-damage|p1a: Corviknight|53\/100\n|-start|p1a: Corviknight|Smack Down\n|move|p1a: Corviknight|Roost|p1a: Corviknight\n|-heal|p1a: Corviknight|100\/100\n|-singleturn|p1a: Corviknight|move: Roost\n|\n|-end|p1a: Corviknight|move: Future Sight\n|-resisted|p1a: Corviknight\n|-damage|p1a: Corviknight|77\/100\n|-damage|p2a: Landorus|2\/100 tox|[from] psn\n|upkeep\n|turn|14\n|\n|t:|1700769115\n|move|p2a: Landorus|Earthquake|p1a: Corviknight\n|-supereffective|p1a: Corviknight\n|-damage|p1a: Corviknight|1\/100\n|move|p1a: Corviknight|Roost|p1a: Corviknight\n|-heal|p1a: Corviknight|51\/100\n|-singleturn|p1a: Corviknight|move: Roost\n|\n|-damage|p2a: Landorus|0 fnt|[from] psn\n|faint|p2a: Landorus\n|upkeep\n|\n|t:|1700769122\n|switch|p2a: Volcanion|Volcanion|100\/100\n|turn|15\n|\n|t:|1700769170\n|switch|p1a: Grimmsnarl|Grimmsnarl, M|38\/100 psn\n|move|p2a: Volcanion|Steam Eruption|p1a: Grimmsnarl\n|-damage|p1a: Grimmsnarl|0 fnt\n|faint|p1a: Grimmsnarl\n|\n|upkeep\n|\n|t:|1700769176\n|switch|p1a: Regidrago|Regidrago|100\/100\n|turn|16\n|\n|t:|1700769208\n|switch|p2a: Slowking|Slowking-Galar, F, shiny|47\/100\n|move|p1a: Regidrago|Dragon Energy|p2a: Slowking\n|-damage|p2a: Slowking|0 fnt\n|faint|p2a: Slowking\n|\n|upkeep\n|\n|t:|1700769210\n|switch|p2a: Weavile|Weavile, F|100\/100\n|-ability|p2a: Weavile|Pressure\n|turn|17\n|\n|t:|1700769219\n|-terastallize|p1a: Regidrago|Fire\n|move|p2a: Weavile|Ice Shard|p1a: Regidrago\n|-resisted|p1a: Regidrago\n|-damage|p1a: Regidrago|90\/100\n|move|p1a: Regidrago|Dragon Dance|p1a: Regidrago\n|-boost|p1a: Regidrago|atk|1\n|-boost|p1a: Regidrago|spe|1\n|\n|upkeep\n|turn|18\n|\n|t:|1700769245\n|move|p1a: Regidrago|Dragon Claw|p2a: Weavile\n|-damage|p2a: Weavile|0 fnt\n|faint|p2a: Weavile\n|\n|upkeep\n|\n|t:|1700769251\n|switch|p2a: Garganacl|Garganacl, F, shiny|96\/100\n|turn|19\n|\n|t:|1700769261\n|move|p1a: Regidrago|Dragon Energy|p2a: Garganacl\n|-damage|p2a: Garganacl|32\/100\n|move|p2a: Garganacl|Salt Cure|p1a: Regidrago\n|-supereffective|p1a: Regidrago\n|-damage|p1a: Regidrago|60\/100\n|-start|p1a: Regidrago|Salt Cure\n|\n|-heal|p2a: Garganacl|38\/100|[from] item: Leftovers\n|-damage|p1a: Regidrago|47\/100|[from] Salt Cure\n|upkeep\n|turn|20\n|\n|t:|1700769266\n|move|p1a: Regidrago|Dragon Claw|p2a: Garganacl\n|-damage|p2a: Garganacl|0 fnt\n|faint|p2a: Garganacl\n|\n|-damage|p1a: Regidrago|35\/100|[from] Salt Cure\n|upkeep\n|\n|t:|1700769290\n|switch|p2a: Volcanion|Volcanion|100\/100\n|turn|21\n|\n|t:|1700769296\n|move|p1a: Regidrago|Dragon Claw|p2a: Volcanion\n|-damage|p2a: Volcanion|39\/100\n|move|p2a: Volcanion|Steam Eruption|p1a: Regidrago\n|-supereffective|p1a: Regidrago\n|-damage|p1a: Regidrago|0 fnt\n|faint|p1a: Regidrago\n|\n|upkeep\n|\n|t:|1700769303\n|switch|p1a: Greninja|Greninja, M|100\/100\n|turn|22\n|\n|t:|1700769314\n|move|p1a: Greninja|Dark Pulse|p2a: Volcanion\n|-damage|p2a: Volcanion|4\/100\n|-damage|p1a: Greninja|91\/100|[from] item: Life Orb\n|move|p2a: Volcanion|Earth Power|p1a: Greninja\n|-damage|p1a: Greninja|37\/100\n|\n|upkeep\n|turn|23\n|\n|t:|1700769336\n|move|p1a: Greninja|Dark Pulse|p2a: Volcanion\n|-damage|p2a: Volcanion|0 fnt\n|faint|p2a: Volcanion\n|-ability|p1a: Greninja|Battle Bond|boost\n|-boost|p1a: Greninja|atk|1\n|-boost|p1a: Greninja|spa|1\n|-boost|p1a: Greninja|spe|1\n|-activate|p1a: Greninja|ability: Battle Bond\n|-damage|p1a: Greninja|28\/100|[from] item: Life Orb\n|\n|upkeep\n|\n|t:|1700769343\n|switch|p2a: Maushold|Maushold-Four, shiny|100\/100\n|turn|24\n|\n|t:|1700769351\n|move|p1a: Greninja|Dark Pulse|p2a: Maushold\n|-damage|p2a: Maushold|0 fnt\n|faint|p2a: Maushold\n|-damage|p1a: Greninja|18\/100|[from] item: Life Orb\n|\n|win|Rpplf_Qilin\n|c|\u2606Vilja RPPLF|gg\n|c|\u2606Rpplf_Qilin|Gg\n","uploadtime":1700769362,"views":17,"p1id":"rpplfqilin","p2id":"viljarpplf","formatid":"gen9ubers","rating":0,"private":0,"password":""}