{"id":"gen9ubers-1969324045","p1":"ArmoredHedgehog","p2":"irooperboi","format":"[Gen 9] Ubers","log":"|j|\u2606ArmoredHedgehog\n|j|\u2606irooperboi\n|t:|1697514184\n|gametype|singles\n|player|p1|ArmoredHedgehog|policeman-gen4|\n|player|p2|irooperboi|hilbert-wonderlauncher|\n|teamsize|p1|6\n|teamsize|p2|6\n|gen|9\n|tier|[Gen 9] Ubers\n|rule|Sleep Clause Mod: Limit one foe put to sleep\n|rule|Species Clause: Limit one of each Pok\u00e9mon\n|rule|OHKO Clause: OHKO moves are banned\n|rule|Evasion Items Clause: Evasion items are banned\n|rule|Evasion Moves Clause: Evasion moves are banned\n|rule|Endless Battle Clause: Forcing endless battles is banned\n|rule|HP Percentage Mod: HP is shown in percentages\n|clearpoke\n|poke|p1|Skeledirge, F|\n|poke|p1|Kingambit, F|\n|poke|p1|Scizor, F|\n|poke|p1|Salamence, M|\n|poke|p1|Muk-Alola, F|\n|poke|p1|Florges, F|\n|poke|p2|Dragapult, M|\n|poke|p2|Heatran, F|\n|poke|p2|Cresselia, F|\n|poke|p2|Amoonguss, M|\n|poke|p2|Azumarill, M|\n|poke|p2|Gastrodon, M|\n|teampreview\n|j| SlyTheSplicer\n|\n|t:|1697514203\n|start\n|switch|p1a: Florges|Florges, F, shiny|100\/100\n|switch|p2a: DragginBalls|Dragapult, M|100\/100\n|turn|1\n|\n|t:|1697514244\n|move|p2a: DragginBalls|U-turn|p1a: Florges\n|-resisted|p1a: Florges\n|-damage|p1a: Florges|94\/100\n|\n|t:|1697514248\n|switch|p2a: SussesAmogUs|Amoonguss, M, shiny|100\/100|[from] U-turn\n|move|p1a: Florges|Moonblast|p2a: SussesAmogUs\n|-resisted|p2a: SussesAmogUs\n|-damage|p2a: SussesAmogUs|85\/100\n|\n|-heal|p1a: Florges|99\/100|[from] item: Leftovers\n|-heal|p2a: SussesAmogUs|91\/100|[from] item: Leftovers\n|upkeep\n|turn|2\n|\n|t:|1697514261\n|switch|p1a: The Chris Pegger|Scizor, F, shiny|100\/100\n|move|p2a: SussesAmogUs|Sludge Bomb|p1a: The Chris Pegger\n|-immune|p1a: The Chris Pegger\n|\n|-heal|p2a: SussesAmogUs|97\/100|[from] item: Leftovers\n|upkeep\n|turn|3\n|\n|t:|1697514370\n|switch|p2a: DragginBalls|Dragapult, M|100\/100\n|move|p1a: The Chris Pegger|Aerial Ace|p2a: DragginBalls\n|-damage|p2a: DragginBalls|57\/100\n|\n|upkeep\n|turn|4\n|\n|t:|1697514413\n|switch|p1a: Florges|Florges, F, shiny|99\/100\n|move|p2a: DragginBalls|Flamethrower|p1a: Florges\n|-damage|p1a: Florges|74\/100\n|\n|-heal|p1a: Florges|80\/100|[from] item: Leftovers\n|upkeep\n|turn|5\n|\n|t:|1697514448\n|switch|p2a: Lava Dog|Heatran, F, shiny|100\/100\n|-item|p2a: Lava Dog|Air Balloon\n|move|p1a: Florges|Moonblast|p2a: Lava Dog\n|-resisted|p2a: Lava Dog\n|-damage|p2a: Lava Dog|91\/100\n|-unboost|p2a: Lava Dog|spa|1\n|-enditem|p2a: Lava Dog|Air Balloon\n|\n|-heal|p1a: Florges|86\/100|[from] item: Leftovers\n|upkeep\n|turn|6\n|\n|t:|1697514478\n|switch|p1a: Heisenbones|Salamence, M, shiny|100\/100\n|-ability|p1a: Heisenbones|Intimidate|boost\n|-unboost|p2a: Lava Dog|atk|1\n|move|p2a: Lava Dog|Flash Cannon|p1a: Heisenbones\n|-damage|p1a: Heisenbones|71\/100\n|\n|upkeep\n|turn|7\n|\n|t:|1697514512\n|switch|p2a: Renna|Cresselia, F|100\/100\n|move|p1a: Heisenbones|Earthquake|p2a: Renna\n|-immune|p2a: Renna|[from] ability: Levitate\n|\n|upkeep\n|turn|8\n|\n|t:|1697514524\n|switch|p1a: Skelly boy|Skeledirge, F, shiny|100\/100\n|move|p2a: Renna|Calm Mind|p2a: Renna\n|-boost|p2a: Renna|spa|1\n|-boost|p2a: Renna|spd|1\n|\n|upkeep\n|turn|9\n|\n|t:|1697514562\n|switch|p2a: Lava Dog|Heatran, F, shiny|91\/100\n|move|p1a: Skelly boy|Shadow Ball|p2a: Lava Dog\n|-damage|p2a: Lava Dog|62\/100\n|-unboost|p2a: Lava Dog|spd|1\n|\n|upkeep\n|turn|10\n|\n|t:|1697514602\n|move|p2a: Lava Dog|Magma Storm|p1a: Skelly boy\n|-resisted|p1a: Skelly boy\n|-damage|p1a: Skelly boy|78\/100\n|-activate|p1a: Skelly boy|move: Magma Storm|[of] p2a: Lava Dog\n|move|p1a: Skelly boy|Earth Power|p2a: Lava Dog\n|-supereffective|p2a: Lava Dog\n|-damage|p2a: Lava Dog|0 fnt\n|faint|p2a: Lava Dog\n|\n|-end|p1a: Skelly boy|Magma Storm|[partiallytrapped]|[silent]\n|upkeep\n|\n|t:|1697514622\n|switch|p2a: Big Bungus|Azumarill, M|100\/100\n|turn|11\n|\n|t:|1697514637\n|switch|p1a: Florges|Florges, F, shiny|86\/100\n|move|p2a: Big Bungus|Liquidation|p1a: Florges\n|-damage|p1a: Florges|43\/100\n|\n|-heal|p1a: Florges|49\/100|[from] item: Leftovers\n|upkeep\n|turn|12\n|\n|t:|1697514657\n|move|p1a: Florges|Energy Ball|p2a: Big Bungus\n|-supereffective|p2a: Big Bungus\n|-damage|p2a: Big Bungus|53\/100\n|move|p2a: Big Bungus|Play Rough|p1a: Florges\n|-damage|p1a: Florges|1\/100\n|-unboost|p1a: Florges|atk|1\n|\n|-heal|p1a: Florges|7\/100|[from] item: Leftovers\n|upkeep\n|turn|13\n|\n|t:|1697514676\n|move|p2a: Big Bungus|Aqua Jet|p1a: Florges\n|-damage|p1a: Florges|0 fnt\n|faint|p1a: Florges\n|\n|upkeep\n|\n|t:|1697514722\n|switch|p1a: M1 Abrams|Muk-Alola, F, shiny|100\/100\n|turn|14\n|\n|t:|1697514750\n|move|p1a: M1 Abrams|Poison Jab|p2a: Big Bungus\n|-supereffective|p2a: Big Bungus\n|-crit|p2a: Big Bungus\n|-damage|p2a: Big Bungus|0 fnt\n|faint|p2a: Big Bungus\n|\n|upkeep\n|\n|t:|1697514836\n|switch|p2a: DragginBalls|Dragapult, M|57\/100\n|turn|15\n|\n|t:|1697514843\n|move|p2a: DragginBalls|Draco Meteor|p1a: M1 Abrams\n|-damage|p1a: M1 Abrams|53\/100\n|-unboost|p2a: DragginBalls|spa|2\n|move|p1a: M1 Abrams|Knock Off|p2a: DragginBalls\n|-supereffective|p2a: DragginBalls\n|-damage|p2a: DragginBalls|0 fnt\n|-enditem|p2a: DragginBalls|Choice Specs|[from] move: Knock Off|[of] p1a: M1 Abrams\n|faint|p2a: DragginBalls\n|\n|-heal|p1a: M1 Abrams|59\/100|[from] item: Leftovers\n|upkeep\n|\n|t:|1697514855\n|switch|p2a: Gaston|Gastrodon, M|100\/100\n|turn|16\n|\n|t:|1697514880\n|switch|p1a: The Chris Pegger|Scizor, F, shiny|100\/100\n|move|p2a: Gaston|Earth Power|p1a: The Chris Pegger\n|-damage|p1a: The Chris Pegger|64\/100\n|\n|upkeep\n|turn|17\n|\n|t:|1697514891\n|move|p1a: The Chris Pegger|Trailblaze|p2a: Gaston\n|-supereffective|p2a: Gaston\n|-damage|p2a: Gaston|0 fnt\n|-boost|p1a: The Chris Pegger|spe|1\n|faint|p2a: Gaston\n|\n|upkeep\n|\n|t:|1697514900\n|switch|p2a: Renna|Cresselia, F|100\/100\n|turn|18\n|\n|t:|1697514907\n|move|p1a: The Chris Pegger|U-turn|p2a: Renna\n|-supereffective|p2a: Renna\n|-damage|p2a: Renna|55\/100\n|\n|t:|1697514913\n|switch|p1a: Skelly boy|Skeledirge, F, shiny|78\/100|[from] U-turn\n|move|p2a: Renna|Calm Mind|p2a: Renna\n|-boost|p2a: Renna|spa|1\n|-boost|p2a: Renna|spd|1\n|\n|-heal|p2a: Renna|62\/100|[from] item: Leftovers\n|upkeep\n|turn|19\n|\n|t:|1697514927\n|move|p2a: Renna|Moonblast|p1a: Skelly boy\n|-resisted|p1a: Skelly boy\n|-damage|p1a: Skelly boy|71\/100\n|move|p1a: Skelly boy|Torch Song|p2a: Renna\n|-damage|p2a: Renna|42\/100\n|-boost|p1a: Skelly boy|spa|1\n|\n|-heal|p2a: Renna|48\/100|[from] item: Leftovers\n|upkeep\n|turn|20\n|\n|t:|1697514939\n|move|p2a: Renna|Moonblast|p1a: Skelly boy\n|-resisted|p1a: Skelly boy\n|-damage|p1a: Skelly boy|65\/100\n|move|p1a: Skelly boy|Torch Song|p2a: Renna\n|-damage|p2a: Renna|18\/100\n|-boost|p1a: Skelly boy|spa|1\n|\n|-heal|p2a: Renna|24\/100|[from] item: Leftovers\n|upkeep\n|turn|21\n|\n|t:|1697514965\n|move|p2a: Renna|Moonlight|p2a: Renna\n|-heal|p2a: Renna|74\/100\n|move|p1a: Skelly boy|Torch Song|p2a: Renna\n|-damage|p2a: Renna|34\/100\n|-boost|p1a: Skelly boy|spa|1\n|\n|-heal|p2a: Renna|40\/100|[from] item: Leftovers\n|upkeep\n|turn|22\n|\n|t:|1697514974\n|move|p2a: Renna|Moonblast|p1a: Skelly boy\n|-resisted|p1a: Skelly boy\n|-damage|p1a: Skelly boy|59\/100\n|move|p1a: Skelly boy|Shadow Ball|p2a: Renna\n|-supereffective|p2a: Renna\n|-damage|p2a: Renna|0 fnt\n|faint|p2a: Renna\n|\n|upkeep\n|\n|t:|1697514981\n|switch|p2a: SussesAmogUs|Amoonguss, M, shiny|97\/100\n|turn|23\n|\n|t:|1697514984\n|move|p1a: Skelly boy|Torch Song|p2a: SussesAmogUs\n|-supereffective|p2a: SussesAmogUs\n|-damage|p2a: SussesAmogUs|0 fnt\n|-boost|p1a: Skelly boy|spa|1\n|faint|p2a: SussesAmogUs\n|\n|win|ArmoredHedgehog\n|l|\u2606irooperboi\n|l| SlyTheSplicer\n","uploadtime":1697515002,"views":21,"p1id":"armoredhedgehog","p2id":"irooperboi","formatid":"gen9ubers","rating":0,"private":0,"password":""}