{"id":"gen9ubers-1983680661","p1":"aaapepaaa","p2":"dj nuh uh","format":"[Gen 9] Ubers","log":"|j|\u2606aaapepaaa\n|j|\u2606dj nuh uh\n|t:|1699159817\n|gametype|singles\n|player|p1|aaapepaaa|lusamine-nihilego|\n|player|p2|dj nuh uh|cynthia|\n|teamsize|p1|6\n|teamsize|p2|6\n|gen|9\n|tier|[Gen 9] Ubers\n|rated|Tournament battle\n|rule|Sleep Clause Mod: Limit one foe put to sleep\n|rule|Species Clause: Limit one of each Pok\u00e9mon\n|rule|OHKO Clause: OHKO moves are banned\n|rule|Evasion Items Clause: Evasion items are banned\n|rule|Evasion Moves Clause: Evasion moves are banned\n|rule|Endless Battle Clause: Forcing endless battles is banned\n|rule|HP Percentage Mod: HP is shown in percentages\n|clearpoke\n|poke|p1|Koraidon|\n|poke|p1|Walking Wake|\n|poke|p1|Ting-Lu|\n|poke|p1|Toxapex, M|\n|poke|p1|Arceus-Fairy|\n|poke|p1|Corviknight, M|\n|poke|p2|Zacian-*|\n|poke|p2|Eternatus|\n|poke|p2|Urshifu-*, F|\n|poke|p2|Maushold|\n|poke|p2|Regieleki|\n|poke|p2|Flutter Mane|\n|teampreview\n|inactive|Battle timer is ON: inactive players will automatically lose when time's up. (requested by aaapepaaa)\n|\n|t:|1699159832\n|start\n|switch|p1a: Koraidon|Koraidon|100\/100\n|switch|p2a: The better po|Urshifu-Rapid-Strike, F|100\/100\n|-weather|SunnyDay|[from] ability: Orichalcum Pulse|[of] p1a: Koraidon\n|-activate|p1a: Koraidon|Orichalcum Pulse|[source]\n|turn|1\n|\n|t:|1699159839\n|move|p1a: Koraidon|U-turn|p2a: The better po\n|-resisted|p2a: The better po\n|-damage|p2a: The better po|85\/100\n|\n|t:|1699159842\n|switch|p1a: Toxapex|Toxapex, M|100\/100|[from] U-turn\n|move|p2a: The better po|Close Combat|p1a: Toxapex\n|-resisted|p1a: Toxapex\n|-damage|p1a: Toxapex|82\/100\n|-unboost|p2a: The better po|def|1\n|-unboost|p2a: The better po|spd|1\n|-damage|p2a: The better po|69\/100|[from] item: Rocky Helmet|[of] p1a: Toxapex\n|-enditem|p2a: The better po|White Herb\n|-clearnegativeboost|p2a: The better po|[silent]\n|\n|-weather|SunnyDay|[upkeep]\n|upkeep\n|turn|2\n|\n|t:|1699159846\n|switch|p1a: Koraidon|Koraidon|100\/100\n|-activate|p1a: Koraidon|ability: Orichalcum Pulse\n|move|p2a: The better po|Acrobatics|p1a: Koraidon\n|-supereffective|p1a: Koraidon\n|-damage|p1a: Koraidon|28\/100\n|\n|-weather|SunnyDay|[upkeep]\n|upkeep\n|turn|3\n|\n|t:|1699159856\n|move|p1a: Koraidon|Collision Course|p2a: The better po\n|-damage|p2a: The better po|0 fnt\n|faint|p2a: The better po\n|\n|-weather|SunnyDay|[upkeep]\n|upkeep\n|\n|t:|1699159862\n|switch|p2a: Flutter Mane|Flutter Mane|100\/100\n|-activate|p2a: Flutter Mane|ability: Protosynthesis\n|-start|p2a: Flutter Mane|protosynthesisspe\n|turn|4\n|inactive|aaapepaaa has 120 seconds left.\n|\n|t:|1699159903\n|switch|p1a: Toxapex|Toxapex, M|100\/100\n|move|p2a: Flutter Mane|Moonblast|p1a: Toxapex\n|-resisted|p1a: Toxapex\n|-damage|p1a: Toxapex|81\/100\n|\n|-weather|SunnyDay|[upkeep]\n|upkeep\n|turn|5\n|\n|t:|1699159908\n|switch|p1a: Arceus|Arceus-Fairy|100\/100\n|move|p2a: Flutter Mane|Thunder Wave|p1a: Arceus\n|-status|p1a: Arceus|par\n|\n|-weather|none\n|-end|p2a: Flutter Mane|Protosynthesis\n|upkeep\n|turn|6\n|inactive|aaapepaaa has 120 seconds left.\n|\n|t:|1699159915\n|move|p2a: Flutter Mane|Hex|p1a: Arceus\n|-damage|p1a: Arceus|54\/100 par\n|move|p1a: Arceus|Judgment|p2a: Flutter Mane\n|-damage|p2a: Flutter Mane|50\/100\n|\n|-heal|p2a: Flutter Mane|56\/100|[from] item: Leftovers\n|upkeep\n|turn|7\n|\n|t:|1699159918\n|switch|p1a: Ting-Lu|Ting-Lu|100\/100\n|-ability|p1a: Ting-Lu|Vessel of Ruin\n|move|p2a: Flutter Mane|Hex|p1a: Ting-Lu\n|-resisted|p1a: Ting-Lu\n|-damage|p1a: Ting-Lu|92\/100\n|\n|-heal|p2a: Flutter Mane|62\/100|[from] item: Leftovers\n|-heal|p1a: Ting-Lu|99\/100|[from] item: Leftovers\n|upkeep\n|turn|8\n|\n|t:|1699159921\n|move|p2a: Flutter Mane|Moonblast|p1a: Ting-Lu\n|-supereffective|p1a: Ting-Lu\n|-damage|p1a: Ting-Lu|59\/100\n|move|p1a: Ting-Lu|Earthquake|p2a: Flutter Mane\n|-damage|p2a: Flutter Mane|0 fnt\n|faint|p2a: Flutter Mane\n|-end|p2a: Flutter Mane|Protosynthesis|[silent]\n|\n|-heal|p1a: Ting-Lu|65\/100|[from] item: Leftovers\n|upkeep\n|\n|t:|1699159927\n|switch|p2a: FAMILLYYYY|Maushold, shiny|100\/100\n|turn|9\n|inactive|aaapepaaa has 120 seconds left.\n|inactive|aaapepaaa has 90 seconds left.\n|\n|t:|1699160008\n|switch|p1a: Toxapex|Toxapex, M|100\/100\n|move|p2a: FAMILLYYYY|Tidy Up|p2a: FAMILLYYYY\n|-boost|p2a: FAMILLYYYY|atk|1\n|-boost|p2a: FAMILLYYYY|spe|1\n|\n|upkeep\n|turn|10\n|\n|t:|1699160020\n|move|p2a: FAMILLYYYY|Bullet Seed|p1a: Toxapex\n|-damage|p1a: Toxapex|92\/100\n|-damage|p1a: Toxapex|84\/100\n|-damage|p1a: Toxapex|75\/100\n|-damage|p1a: Toxapex|67\/100\n|-damage|p1a: Toxapex|58\/100\n|-hitcount|p1a: Toxapex|5\n|move|p1a: Toxapex|Haze|p1a: Toxapex\n|-clearallboost\n|\n|upkeep\n|turn|11\n|\n|t:|1699160035\n|move|p2a: FAMILLYYYY|Population Bomb|p1a: Toxapex\n|-damage|p1a: Toxapex|51\/100\n|-damage|p2a: FAMILLYYYY|84\/100|[from] item: Rocky Helmet|[of] p1a: Toxapex\n|-damage|p1a: Toxapex|44\/100\n|-damage|p2a: FAMILLYYYY|67\/100|[from] item: Rocky Helmet|[of] p1a: Toxapex\n|-damage|p1a: Toxapex|37\/100\n|-damage|p2a: FAMILLYYYY|51\/100|[from] item: Rocky Helmet|[of] p1a: Toxapex\n|-damage|p1a: Toxapex|29\/100\n|-damage|p2a: FAMILLYYYY|34\/100|[from] item: Rocky Helmet|[of] p1a: Toxapex\n|-hitcount|p1a: Toxapex|4\n|move|p1a: Toxapex|Toxic|p2a: FAMILLYYYY\n|-status|p2a: FAMILLYYYY|tox\n|\n|-damage|p2a: FAMILLYYYY|28\/100 tox|[from] psn\n|upkeep\n|turn|12\n|\n|t:|1699160039\n|switch|p1a: Corviknight|Corviknight, M|100\/100\n|-ability|p1a: Corviknight|Pressure\n|move|p2a: FAMILLYYYY|Population Bomb|p1a: Corviknight|[miss]\n|-miss|p2a: FAMILLYYYY|p1a: Corviknight\n|\n|-damage|p2a: FAMILLYYYY|15\/100 tox|[from] psn\n|upkeep\n|turn|13\n|inactive|aaapepaaa has 90 seconds left.\n|\n|t:|1699160045\n|switch|p1a: Toxapex|Toxapex, M|62\/100\n|move|p2a: FAMILLYYYY|Population Bomb|p1a: Toxapex\n|-damage|p1a: Toxapex|55\/100\n|-damage|p2a: FAMILLYYYY|0 fnt|[from] item: Rocky Helmet|[of] p1a: Toxapex\n|faint|p2a: FAMILLYYYY\n|-hitcount|p1a: Toxapex|1\n|\n|upkeep\n|\n|t:|1699160059\n|switch|p2a: I had a great idea|Regieleki, shiny|100\/100\n|turn|14\n|\n|t:|1699160067\n|switch|p1a: Ting-Lu|Ting-Lu|65\/100\n|-ability|p1a: Ting-Lu|Vessel of Ruin\n|move|p2a: I had a great idea|Ancient Power|p1a: Ting-Lu\n|-resisted|p1a: Ting-Lu\n|-damage|p1a: Ting-Lu|62\/100\n|\n|-heal|p1a: Ting-Lu|68\/100|[from] item: Leftovers\n|upkeep\n|turn|15\n|\n|t:|1699160080\n|switch|p2a: basically uranium|Eternatus|100\/100\n|-ability|p2a: basically uranium|Pressure\n|move|p1a: Ting-Lu|Earthquake|p2a: basically uranium\n|-supereffective|p2a: basically uranium\n|-damage|p2a: basically uranium|41\/100\n|\n|-heal|p2a: basically uranium|47\/100|[from] item: Leftovers\n|-heal|p1a: Ting-Lu|74\/100|[from] item: Leftovers\n|upkeep\n|turn|16\n|\n|t:|1699160088\n|move|p2a: basically uranium|Dynamax Cannon|p1a: Ting-Lu\n|-damage|p1a: Ting-Lu|47\/100\n|move|p1a: Ting-Lu|Earthquake|p2a: basically uranium\n|-supereffective|p2a: basically uranium\n|-damage|p2a: basically uranium|0 fnt\n|faint|p2a: basically uranium\n|\n|-heal|p1a: Ting-Lu|53\/100|[from] item: Leftovers\n|upkeep\n|\n|t:|1699160091\n|switch|p2a: Doggo with stick|Zacian-Crowned|100\/100\n|-ability|p2a: Doggo with stick|Intrepid Sword|boost\n|-boost|p2a: Doggo with stick|atk|1\n|turn|17\n|\n|t:|1699160096\n|switch|p1a: Walking Wake|Walking Wake|100\/100\n|-terastallize|p2a: Doggo with stick|Fairy\n|move|p2a: Doggo with stick|Play Rough|p1a: Walking Wake\n|-supereffective|p1a: Walking Wake\n|-damage|p1a: Walking Wake|0 fnt\n|faint|p1a: Walking Wake\n|-end|p1a: Walking Wake|Protosynthesis|[silent]\n|\n|upkeep\n|\n|t:|1699160100\n|switch|p1a: Koraidon|Koraidon|28\/100\n|-weather|SunnyDay|[from] ability: Orichalcum Pulse|[of] p1a: Koraidon\n|-activate|p1a: Koraidon|Orichalcum Pulse|[source]\n|turn|18\n|\n|t:|1699160102\n|-terastallize|p1a: Koraidon|Fire\n|move|p1a: Koraidon|Flare Blitz|p2a: Doggo with stick\n|-damage|p2a: Doggo with stick|0 fnt\n|faint|p2a: Doggo with stick\n|-damage|p1a: Koraidon|0 fnt|[from] Recoil\n|faint|p1a: Koraidon\n|\n|-weather|SunnyDay|[upkeep]\n|upkeep\n|\n|t:|1699160107\n|switch|p2a: I had a great idea|Regieleki, shiny|100\/100\n|switch|p1a: Ting-Lu|Ting-Lu|53\/100\n|-ability|p1a: Ting-Lu|Vessel of Ruin\n|turn|19\n|\n|t:|1699160110\n|move|p2a: I had a great idea|Ancient Power|p1a: Ting-Lu\n|-resisted|p1a: Ting-Lu\n|-damage|p1a: Ting-Lu|50\/100\n|move|p1a: Ting-Lu|Earthquake|p2a: I had a great idea\n|-supereffective|p2a: I had a great idea\n|-damage|p2a: I had a great idea|0 fnt\n|faint|p2a: I had a great idea\n|\n|win|aaapepaaa\n|n|\u2606aaapepaaa|aaapepaaa\n|n|\u2606dj nuh uh|djnuhuh\n","uploadtime":1699160111,"views":5,"p1id":"aaapepaaa","p2id":"djnuhuh","formatid":"gen9ubers","rating":0,"private":0,"password":""}