{"id":"gen9ubers-1969584105","p1":"mathman0624","p2":"Queen Akane","format":"[Gen 9] Ubers","log":"|j|\u203dmathman0624\n|j|\u203dQueen Akane\n|t:|1697549460\n|gametype|singles\n|player|p1|mathman0624|cynthia-masters3|1319\n|player|p2|Queen Akane|may-contest|1069\n|teamsize|p1|6\n|teamsize|p2|6\n|gen|9\n|tier|[Gen 9] Ubers\n|rated|\n|rule|Sleep Clause Mod: Limit one foe put to sleep\n|rule|Species Clause: Limit one of each Pok\u00e9mon\n|rule|OHKO Clause: OHKO moves are banned\n|rule|Evasion Items Clause: Evasion items are banned\n|rule|Evasion Moves Clause: Evasion moves are banned\n|rule|Endless Battle Clause: Forcing endless battles is banned\n|rule|HP Percentage Mod: HP is shown in percentages\n|clearpoke\n|poke|p1|Miraidon|\n|poke|p1|Koraidon|\n|poke|p1|Toxapex, F|\n|poke|p1|Sneasler, M|\n|poke|p1|Zacian-*|\n|poke|p1|Glimmora, F|\n|poke|p2|Pelipper, F|\n|poke|p2|Clodsire, F|\n|poke|p2|Dudunsparce-*, F|\n|poke|p2|Corviknight, M|\n|poke|p2|Scovillain, M|\n|poke|p2|Forretress, M|\n|teampreview\n|inactive|Battle timer is ON: inactive players will automatically lose when time's up. (requested by mathman0624)\n|\n|t:|1697549464\n|start\n|switch|p1a: Glimmora|Glimmora, F|100\/100\n|switch|p2a: Pelipper|Pelipper, F|100\/100\n|-weather|RainDance|[from] ability: Drizzle|[of] p2a: Pelipper\n|turn|1\n|\n|t:|1697549475\n|move|p1a: Glimmora|Stealth Rock|p2a: Pelipper\n|-sidestart|p2: Queen Akane|move: Stealth Rock\n|move|p2a: Pelipper|Weather Ball|p1a: Glimmora\n|-supereffective|p1a: Glimmora\n|-enditem|p1a: Glimmora|Focus Sash\n|-damage|p1a: Glimmora|1\/100\n|\n|-weather|RainDance|[upkeep]\n|upkeep\n|turn|2\n|\n|t:|1697549484\n|move|p1a: Glimmora|Power Gem|p2a: Pelipper\n|-supereffective|p2a: Pelipper\n|-damage|p2a: Pelipper|20\/100\n|move|p2a: Pelipper|Knock Off|p1a: Glimmora\n|-crit|p1a: Glimmora\n|-damage|p1a: Glimmora|0 fnt\n|-activate|p1a: Glimmora|ability: Toxic Debris\n|-sidestart|p2: Queen Akane|move: Toxic Spikes\n|faint|p1a: Glimmora\n|\n|-weather|RainDance|[upkeep]\n|upkeep\n|\n|t:|1697549507\n|switch|p1a: Miraidon|Miraidon|100\/100\n|-fieldstart|move: Electric Terrain|[from] ability: Hadron Engine|[of] p1a: Miraidon\n|-enditem|p1a: Miraidon|Electric Seed\n|-boost|p1a: Miraidon|def|1|[from] item: Electric Seed\n|turn|3\n|\n|t:|1697549516\n|move|p1a: Miraidon|Calm Mind|p1a: Miraidon\n|-boost|p1a: Miraidon|spa|1\n|-boost|p1a: Miraidon|spd|1\n|move|p2a: Pelipper|Knock Off|p1a: Miraidon\n|-damage|p1a: Miraidon|97\/100\n|\n|-weather|RainDance|[upkeep]\n|upkeep\n|turn|4\n|\n|t:|1697549529\n|move|p2a: Pelipper|Protect|p2a: Pelipper\n|-singleturn|p2a: Pelipper|Protect\n|move|p1a: Miraidon|Dazzling Gleam|p2a: Pelipper\n|-activate|p2a: Pelipper|move: Protect\n|\n|-weather|RainDance|[upkeep]\n|upkeep\n|turn|5\n|\n|t:|1697549535\n|move|p1a: Miraidon|Dazzling Gleam|p2a: Pelipper\n|-damage|p2a: Pelipper|0 fnt\n|faint|p2a: Pelipper\n|\n|-weather|none\n|upkeep\n|\n|t:|1697549542\n|switch|p2a: Forretress|Forretress, M|100\/100\n|turn|6\n|\n|t:|1697549548\n|move|p1a: Miraidon|Electro Drift|p2a: Forretress\n|-ability|p2a: Forretress|Sturdy\n|-damage|p2a: Forretress|1\/100\n|move|p2a: Forretress|Rapid Spin|p1a: Miraidon\n|-damage|p1a: Miraidon|91\/100\n|-boost|p2a: Forretress|spe|1\n|-sideend|p2: Queen Akane|Toxic Spikes|[from] move: Rapid Spin|[of] p2a: Forretress\n|-sideend|p2: Queen Akane|Stealth Rock|[from] move: Rapid Spin|[of] p2a: Forretress\n|\n|upkeep\n|turn|7\n|\n|t:|1697549560\n|move|p2a: Forretress|Protect|p2a: Forretress\n|-singleturn|p2a: Forretress|Protect\n|move|p1a: Miraidon|Dragon Pulse|p2a: Forretress\n|-activate|p2a: Forretress|move: Protect\n|\n|-fieldend|move: Electric Terrain\n|upkeep\n|turn|8\n|\n|t:|1697549567\n|move|p1a: Miraidon|Dragon Pulse|p2a: Forretress\n|-resisted|p2a: Forretress\n|-damage|p2a: Forretress|0 fnt\n|faint|p2a: Forretress\n|\n|upkeep\n|\n|t:|1697549571\n|switch|p2a: Clodsire|Clodsire, F|100\/100\n|turn|9\n|\n|t:|1697549575\n|move|p2a: Clodsire|Protect|p2a: Clodsire\n|-singleturn|p2a: Clodsire|Protect\n|move|p1a: Miraidon|Dragon Pulse|p2a: Clodsire\n|-activate|p2a: Clodsire|move: Protect\n|\n|upkeep\n|turn|10\n|\n|t:|1697549581\n|move|p1a: Miraidon|Dragon Pulse|p2a: Clodsire\n|-damage|p2a: Clodsire|54\/100\n|move|p2a: Clodsire|Toxic|p1a: Miraidon\n|-status|p1a: Miraidon|tox\n|\n|-heal|p2a: Clodsire|60\/100|[from] item: Leftovers\n|-damage|p1a: Miraidon|84\/100 tox|[from] psn\n|upkeep\n|turn|11\n|\n|t:|1697549589\n|move|p2a: Clodsire|Protect|p2a: Clodsire\n|-singleturn|p2a: Clodsire|Protect\n|move|p1a: Miraidon|Dragon Pulse|p2a: Clodsire\n|-activate|p2a: Clodsire|move: Protect\n|\n|-heal|p2a: Clodsire|67\/100|[from] item: Leftovers\n|-damage|p1a: Miraidon|72\/100 tox|[from] psn\n|upkeep\n|turn|12\n|\n|t:|1697549604\n|switch|p1a: Toxapex|Toxapex, F|100\/100\n|move|p2a: Clodsire|Recover|p2a: Clodsire\n|-heal|p2a: Clodsire|100\/100\n|\n|upkeep\n|turn|13\n|\n|t:|1697549613\n|move|p2a: Clodsire|Protect|p2a: Clodsire\n|-singleturn|p2a: Clodsire|Protect\n|move|p1a: Toxapex|Chilling Water|p2a: Clodsire\n|-activate|p2a: Clodsire|move: Protect\n|\n|upkeep\n|turn|14\n|\n|t:|1697549639\n|move|p2a: Clodsire|Recover||[still]\n|-fail|p2a: Clodsire|heal\n|move|p1a: Toxapex|Chilling Water|p2a: Clodsire\n|-immune|p2a: Clodsire|[from] ability: Water Absorb\n|\n|upkeep\n|turn|15\n|\n|t:|1697549654\n|switch|p2a: Corviknight|Corviknight, M|100\/100\n|-ability|p2a: Corviknight|Pressure\n|switch|p1a: Zacian|Zacian-Crowned|100\/100\n|-ability|p1a: Zacian|Intrepid Sword|boost\n|-boost|p1a: Zacian|atk|1\n|\n|upkeep\n|turn|16\n|inactive|Queen Akane has 120 seconds left.\n|\n|t:|1697549670\n|move|p1a: Zacian|Swords Dance|p1a: Zacian\n|-boost|p1a: Zacian|atk|2\n|move|p2a: Corviknight|Bulk Up|p2a: Corviknight\n|-boost|p2a: Corviknight|atk|1\n|-boost|p2a: Corviknight|def|1\n|\n|upkeep\n|turn|17\n|\n|t:|1697549677\n|move|p2a: Corviknight|Protect|p2a: Corviknight\n|-singleturn|p2a: Corviknight|Protect\n|move|p1a: Zacian|Close Combat|p2a: Corviknight\n|-activate|p2a: Corviknight|move: Protect\n|\n|upkeep\n|turn|18\n|\n|t:|1697549684\n|move|p1a: Zacian|Close Combat|p2a: Corviknight\n|-damage|p2a: Corviknight|36\/100\n|-unboost|p1a: Zacian|def|1\n|-unboost|p1a: Zacian|spd|1\n|move|p2a: Corviknight|Roost|p2a: Corviknight\n|-heal|p2a: Corviknight|86\/100\n|-singleturn|p2a: Corviknight|move: Roost\n|\n|-heal|p2a: Corviknight|92\/100|[from] item: Leftovers\n|upkeep\n|turn|19\n|\n|t:|1697549694\n|move|p2a: Corviknight|Protect|p2a: Corviknight\n|-singleturn|p2a: Corviknight|Protect\n|move|p1a: Zacian|Swords Dance|p1a: Zacian\n|-boost|p1a: Zacian|atk|2\n|\n|-heal|p2a: Corviknight|98\/100|[from] item: Leftovers\n|upkeep\n|turn|20\n|\n|t:|1697549702\n|move|p1a: Zacian|Close Combat|p2a: Corviknight\n|-damage|p2a: Corviknight|11\/100\n|-unboost|p1a: Zacian|def|1\n|-unboost|p1a: Zacian|spd|1\n|move|p2a: Corviknight|Roost|p2a: Corviknight\n|-heal|p2a: Corviknight|61\/100\n|-singleturn|p2a: Corviknight|move: Roost\n|\n|-heal|p2a: Corviknight|67\/100|[from] item: Leftovers\n|upkeep\n|turn|21\n|\n|t:|1697549714\n|move|p1a: Zacian|Swords Dance|p1a: Zacian\n|-boost|p1a: Zacian|atk|1\n|move|p2a: Corviknight|Bulk Up|p2a: Corviknight\n|-boost|p2a: Corviknight|atk|1\n|-boost|p2a: Corviknight|def|1\n|\n|-heal|p2a: Corviknight|73\/100|[from] item: Leftovers\n|upkeep\n|turn|22\n|\n|t:|1697549722\n|move|p2a: Corviknight|Protect|p2a: Corviknight\n|-singleturn|p2a: Corviknight|Protect\n|move|p1a: Zacian|Behemoth Blade|p2a: Corviknight\n|-activate|p2a: Corviknight|move: Protect\n|\n|-heal|p2a: Corviknight|79\/100|[from] item: Leftovers\n|upkeep\n|turn|23\n|\n|t:|1697549739\n|move|p1a: Zacian|Close Combat|p2a: Corviknight\n|-damage|p2a: Corviknight|7\/100\n|-unboost|p1a: Zacian|def|1\n|-unboost|p1a: Zacian|spd|1\n|move|p2a: Corviknight|Roost|p2a: Corviknight\n|-heal|p2a: Corviknight|57\/100\n|-singleturn|p2a: Corviknight|move: Roost\n|\n|-heal|p2a: Corviknight|63\/100|[from] item: Leftovers\n|upkeep\n|turn|24\n|\n|t:|1697549758\n|move|p2a: Corviknight|Protect|p2a: Corviknight\n|-singleturn|p2a: Corviknight|Protect\n|move|p1a: Zacian|Behemoth Blade|p2a: Corviknight\n|-activate|p2a: Corviknight|move: Protect\n|\n|-heal|p2a: Corviknight|69\/100|[from] item: Leftovers\n|upkeep\n|turn|25\n|\n|t:|1697549768\n|switch|p1a: Miraidon|Miraidon|72\/100 tox\n|-fieldstart|move: Electric Terrain|[from] ability: Hadron Engine|[of] p1a: Miraidon\n|move|p2a: Corviknight|Roost|p2a: Corviknight\n|-heal|p2a: Corviknight|100\/100\n|-singleturn|p2a: Corviknight|move: Roost\n|\n|-damage|p1a: Miraidon|66\/100 tox|[from] psn\n|upkeep\n|turn|26\n|\n|t:|1697549779\n|move|p2a: Corviknight|Protect|p2a: Corviknight\n|-singleturn|p2a: Corviknight|Protect\n|move|p1a: Miraidon|Calm Mind|p1a: Miraidon\n|-boost|p1a: Miraidon|spa|1\n|-boost|p1a: Miraidon|spd|1\n|\n|-damage|p1a: Miraidon|54\/100 tox|[from] psn\n|upkeep\n|turn|27\n|\n|t:|1697549789\n|move|p1a: Miraidon|Electro Drift|p2a: Corviknight\n|-supereffective|p2a: Corviknight\n|-damage|p2a: Corviknight|0 fnt\n|faint|p2a: Corviknight\n|\n|-damage|p1a: Miraidon|35\/100 tox|[from] psn\n|upkeep\n|\n|t:|1697549800\n|switch|p2a: Scovillain|Scovillain, M|100\/100\n|turn|28\n|\n|t:|1697549803\n|move|p2a: Scovillain|Protect|p2a: Scovillain\n|-singleturn|p2a: Scovillain|Protect\n|move|p1a: Miraidon|Dragon Pulse|p2a: Scovillain\n|-activate|p2a: Scovillain|move: Protect\n|\n|-damage|p1a: Miraidon|10\/100 tox|[from] psn\n|upkeep\n|turn|29\n|\n|t:|1697549818\n|move|p2a: Scovillain|Endure||[still]\n|-fail|p2a: Scovillain\n|move|p1a: Miraidon|Dragon Pulse|p2a: Scovillain\n|-damage|p2a: Scovillain|0 fnt\n|faint|p2a: Scovillain\n|\n|-damage|p1a: Miraidon|0 fnt|[from] psn\n|faint|p1a: Miraidon\n|-fieldend|move: Electric Terrain\n|upkeep\n|\n|t:|1697549828\n|switch|p1a: Sneasler|Sneasler, M|100\/100\n|switch|p2a: Dudunsparce|Dudunsparce-Three-Segment, F|100\/100\n|turn|30\n|\n|t:|1697549834\n|move|p1a: Sneasler|Swords Dance|p1a: Sneasler\n|-boost|p1a: Sneasler|atk|2\n|move|p2a: Dudunsparce|Glare|p1a: Sneasler\n|-status|p1a: Sneasler|par\n|\n|upkeep\n|turn|31\n|\n|t:|1697549840\n|move|p1a: Sneasler|Swords Dance|p1a: Sneasler\n|-boost|p1a: Sneasler|atk|2\n|move|p2a: Dudunsparce|Coil|p2a: Dudunsparce\n|-boost|p2a: Dudunsparce|atk|1\n|-boost|p2a: Dudunsparce|def|1\n|-boost|p2a: Dudunsparce|accuracy|1\n|\n|upkeep\n|turn|32\n|\n|t:|1697549847\n|cant|p1a: Sneasler|par\n|move|p2a: Dudunsparce|Coil|p2a: Dudunsparce\n|-boost|p2a: Dudunsparce|atk|1\n|-boost|p2a: Dudunsparce|def|1\n|-boost|p2a: Dudunsparce|accuracy|1\n|\n|upkeep\n|turn|33\n|\n|t:|1697549853\n|move|p1a: Sneasler|Close Combat|p2a: Dudunsparce\n|-supereffective|p2a: Dudunsparce\n|-damage|p2a: Dudunsparce|0 fnt\n|-unboost|p1a: Sneasler|def|1\n|-unboost|p1a: Sneasler|spd|1\n|faint|p2a: Dudunsparce\n|\n|upkeep\n|\n|t:|1697549859\n|switch|p2a: Clodsire|Clodsire, F|100\/100\n|turn|34\n|\n|t:|1697549864\n|-terastallize|p1a: Sneasler|Ghost\n|move|p1a: Sneasler|Shadow Claw|p2a: Clodsire\n|-damage|p2a: Clodsire|0 fnt\n|faint|p2a: Clodsire\n|\n|win|mathman0624\n|raw|mathman0624's rating: 1319 &rarr; <strong>1327<\/strong><br \/>(+8 for winning)\n|raw|Queen Akane's rating: 1069 &rarr; <strong>1061<\/strong><br \/>(-8 for losing)\n|l|\u203dQueen Akane\n","uploadtime":1697549874,"views":16,"p1id":"mathman0624","p2id":"queenakane","formatid":"gen9ubers","rating":1061,"private":0,"password":""}