{"id":"gen9ubers-1985652401","p1":"fmfnr","p2":"AubreyOmori1","format":"[Gen 9] Ubers","log":"|j|\u2606fmfnr\n|j|\u2606AubreyOmori1\n|t:|1699392539\n|gametype|singles\n|player|p1|fmfnr|hilbert|1420\n|player|p2|AubreyOmori1|roxie|1355\n|teamsize|p1|6\n|teamsize|p2|6\n|gen|9\n|tier|[Gen 9] Ubers\n|rated|\n|rule|Sleep Clause Mod: Limit one foe put to sleep\n|rule|Species Clause: Limit one of each Pok\u00e9mon\n|rule|OHKO Clause: OHKO moves are banned\n|rule|Evasion Items Clause: Evasion items are banned\n|rule|Evasion Moves Clause: Evasion moves are banned\n|rule|Endless Battle Clause: Forcing endless battles is banned\n|rule|HP Percentage Mod: HP is shown in percentages\n|clearpoke\n|poke|p1|Chien-Pao|\n|poke|p1|Koraidon|\n|poke|p1|Flutter Mane|\n|poke|p1|Skeledirge, M|\n|poke|p1|Toxapex, F|\n|poke|p1|Dialga-Origin|\n|poke|p2|Ribombee, F|\n|poke|p2|Arceus|\n|poke|p2|Miraidon|\n|poke|p2|Zacian-*|\n|poke|p2|Koraidon|\n|poke|p2|Flutter Mane|\n|teampreview\n|inactive|Battle timer is ON: inactive players will automatically lose when time's up. (requested by AubreyOmori1)\n|\n|t:|1699392548\n|start\n|switch|p1a: Flutter Mane|Flutter Mane|100\/100\n|switch|p2a: Needle|Ribombee, F, shiny|100\/100\n|turn|1\n|\n|t:|1699392552\n|move|p1a: Flutter Mane|Taunt|p2a: Needle\n|-start|p2a: Needle|move: Taunt\n|cant|p2a: Needle|move: Taunt|Sticky Web\n|\n|upkeep\n|turn|2\n|\n|t:|1699392556\n|switch|p2a: Hero|Zacian-Crowned, shiny|100\/100\n|-ability|p2a: Hero|Intrepid Sword|boost\n|-boost|p2a: Hero|atk|1\n|move|p1a: Flutter Mane|Shadow Ball|p2a: Hero\n|-damage|p2a: Hero|52\/100\n|-damage|p1a: Flutter Mane|91\/100|[from] item: Life Orb\n|\n|upkeep\n|turn|3\n|\n|t:|1699392560\n|move|p2a: Hero|Behemoth Blade|p1a: Flutter Mane\n|-supereffective|p1a: Flutter Mane\n|-damage|p1a: Flutter Mane|0 fnt\n|faint|p1a: Flutter Mane\n|-end|p1a: Flutter Mane|Protosynthesis|[silent]\n|\n|upkeep\n|\n|t:|1699392565\n|switch|p1a: Skeledirge|Skeledirge, M|100\/100\n|turn|4\n|\n|t:|1699392567\n|move|p2a: Hero|Wild Charge|p1a: Skeledirge\n|-damage|p1a: Skeledirge|70\/100\n|-damage|p2a: Hero|44\/100|[from] Recoil\n|move|p1a: Skeledirge|Torch Song|p2a: Hero\n|-supereffective|p2a: Hero\n|-damage|p2a: Hero|0 fnt\n|-boost|p1a: Skeledirge|spa|1\n|faint|p2a: Hero\n|\n|upkeep\n|\n|t:|1699392572\n|switch|p2a: Needle|Ribombee, F, shiny|100\/100\n|turn|5\n|\n|t:|1699392575\n|move|p2a: Needle|Sticky Web|p1a: Skeledirge\n|-sidestart|p1: fmfnr|move: Sticky Web\n|move|p1a: Skeledirge|Torch Song|p2a: Needle\n|-supereffective|p2a: Needle\n|-enditem|p2a: Needle|Focus Sash\n|-damage|p2a: Needle|1\/100\n|-boost|p1a: Skeledirge|spa|1\n|\n|upkeep\n|turn|6\n|\n|t:|1699392580\n|move|p2a: Needle|Stun Spore|p1a: Skeledirge\n|-status|p1a: Skeledirge|par\n|move|p1a: Skeledirge|Torch Song|p2a: Needle\n|-supereffective|p2a: Needle\n|-damage|p2a: Needle|0 fnt\n|-boost|p1a: Skeledirge|spa|1\n|faint|p2a: Needle\n|\n|upkeep\n|\n|t:|1699392584\n|switch|p2a: Amelia|Flutter Mane|100\/100\n|turn|7\n|\n|t:|1699392587\n|-terastallize|p1a: Skeledirge|Normal\n|move|p2a: Amelia|Shadow Ball|p1a: Skeledirge\n|-immune|p1a: Skeledirge\n|move|p1a: Skeledirge|Shadow Ball|p2a: Amelia\n|-supereffective|p2a: Amelia\n|-damage|p2a: Amelia|0 fnt\n|faint|p2a: Amelia\n|-end|p2a: Amelia|Protosynthesis|[silent]\n|\n|upkeep\n|\n|t:|1699392590\n|switch|p2a: Yoshi|Koraidon|100\/100\n|-weather|SunnyDay|[from] ability: Orichalcum Pulse|[of] p2a: Yoshi\n|-activate|p2a: Yoshi|Orichalcum Pulse|[source]\n|turn|8\n|inactive|fmfnr has 120 seconds left.\n|\n|t:|1699392621\n|switch|p1a: Toxapex|Toxapex, F|100\/100\n|-activate|p1a: Toxapex|move: Sticky Web\n|-unboost|p1a: Toxapex|spe|1\n|move|p2a: Yoshi|Low Kick|p1a: Toxapex\n|-resisted|p1a: Toxapex\n|-damage|p1a: Toxapex|91\/100\n|-damage|p2a: Yoshi|84\/100|[from] item: Rocky Helmet|[of] p1a: Toxapex\n|\n|-weather|SunnyDay|[upkeep]\n|upkeep\n|turn|9\n|\n|t:|1699392626\n|switch|p2a: Robot Flower|Miraidon|100\/100\n|-fieldstart|move: Electric Terrain|[from] ability: Hadron Engine|[of] p2a: Robot Flower\n|move|p1a: Toxapex|Infestation|p2a: Robot Flower\n|-damage|p2a: Robot Flower|98\/100\n|-activate|p2a: Robot Flower|move: Infestation|[of] p1a: Toxapex\n|\n|-weather|SunnyDay|[upkeep]\n|-damage|p2a: Robot Flower|86\/100|[from] move: Infestation|[partiallytrapped]\n|upkeep\n|turn|10\n|\n|t:|1699392633\n|switch|p1a: Dialga|Dialga-Origin|100\/100\n|-activate|p1a: Dialga|move: Sticky Web\n|-unboost|p1a: Dialga|spe|1\n|-ability|p1a: Dialga|Pressure\n|move|p2a: Robot Flower|Electro Drift|p1a: Dialga\n|-resisted|p1a: Dialga\n|-damage|p1a: Dialga|68\/100\n|-damage|p2a: Robot Flower|76\/100|[from] item: Life Orb\n|\n|-weather|SunnyDay|[upkeep]\n|-end|p2a: Robot Flower|Infestation|[partiallytrapped]|[silent]\n|upkeep\n|turn|11\n|\n|t:|1699392644\n|move|p2a: Robot Flower|Draco Meteor|p1a: Dialga\n|-damage|p1a: Dialga|3\/100\n|-unboost|p2a: Robot Flower|spa|2\n|-damage|p2a: Robot Flower|66\/100|[from] item: Life Orb\n|move|p1a: Dialga|Dragon Tail|p2a: Robot Flower\n|-supereffective|p2a: Robot Flower\n|-damage|p2a: Robot Flower|23\/100\n|drag|p2a: Yoshi|Koraidon|84\/100\n|-activate|p2a: Yoshi|ability: Orichalcum Pulse\n|\n|-weather|SunnyDay|[upkeep]\n|upkeep\n|turn|12\n|\n|t:|1699392653\n|move|p2a: Yoshi|Swords Dance|p2a: Yoshi\n|-boost|p2a: Yoshi|atk|2\n|move|p1a: Dialga|Dragon Tail|p2a: Yoshi\n|-supereffective|p2a: Yoshi\n|-damage|p2a: Yoshi|47\/100\n|drag|p2a: Robot Flower|Miraidon|23\/100\n|-activate|p2a: Robot Flower|ability: Hadron Engine\n|\n|-weather|none\n|upkeep\n|turn|13\n|\n|t:|1699392661\n|move|p2a: Robot Flower|Electro Drift|p1a: Dialga\n|-resisted|p1a: Dialga\n|-damage|p1a: Dialga|0 fnt\n|faint|p1a: Dialga\n|-damage|p2a: Robot Flower|13\/100|[from] item: Life Orb\n|\n|-fieldend|move: Electric Terrain\n|upkeep\n|\n|t:|1699392668\n|switch|p1a: Chien-Pao|Chien-Pao|100\/100\n|-activate|p1a: Chien-Pao|move: Sticky Web\n|-unboost|p1a: Chien-Pao|spe|1\n|-ability|p1a: Chien-Pao|Sword of Ruin\n|turn|14\n|\n|t:|1699392672\n|switch|p2a: Shaggy|Arceus|100\/100\n|move|p1a: Chien-Pao|Sucker Punch||[still]\n|-fail|p1a: Chien-Pao\n|\n|upkeep\n|turn|15\n|\n|t:|1699392676\n|switch|p1a: Skeledirge|Skeledirge, M, tera:Normal|70\/100 par\n|move|p2a: Shaggy|Swords Dance|p2a: Shaggy\n|-boost|p2a: Shaggy|atk|2\n|\n|upkeep\n|turn|16\n|\n|t:|1699392680\n|move|p2a: Shaggy|Taunt|p1a: Skeledirge\n|-start|p1a: Skeledirge|move: Taunt\n|cant|p1a: Skeledirge|move: Taunt|Will-O-Wisp\n|\n|upkeep\n|turn|17\n|\n|t:|1699392687\n|-terastallize|p2a: Shaggy|Normal\n|move|p2a: Shaggy|Extreme Speed|p1a: Skeledirge\n|-damage|p1a: Skeledirge|12\/100 par\n|move|p1a: Skeledirge|Torch Song|p2a: Shaggy\n|-damage|p2a: Shaggy|75\/100\n|-boost|p1a: Skeledirge|spa|1\n|\n|upkeep\n|turn|18\n|\n|t:|1699392696\n|move|p2a: Shaggy|Extreme Speed|p1a: Skeledirge\n|-damage|p1a: Skeledirge|0 fnt\n|faint|p1a: Skeledirge\n|\n|upkeep\n|\n|t:|1699392698\n|switch|p1a: Toxapex|Toxapex, F|100\/100\n|-activate|p1a: Toxapex|move: Sticky Web\n|-unboost|p1a: Toxapex|spe|1\n|turn|19\n|\n|t:|1699392701\n|move|p2a: Shaggy|Taunt|p1a: Toxapex\n|-start|p1a: Toxapex|move: Taunt\n|cant|p1a: Toxapex|move: Taunt|Haze\n|\n|upkeep\n|turn|20\n|\n|t:|1699392706\n|move|p2a: Shaggy|Extreme Speed|p1a: Toxapex\n|-damage|p1a: Toxapex|14\/100\n|-damage|p2a: Shaggy|58\/100|[from] item: Rocky Helmet|[of] p1a: Toxapex\n|move|p1a: Toxapex|Infestation|p2a: Shaggy\n|-damage|p2a: Shaggy|56\/100\n|-activate|p2a: Shaggy|move: Infestation|[of] p1a: Toxapex\n|\n|-damage|p2a: Shaggy|44\/100|[from] move: Infestation|[partiallytrapped]\n|upkeep\n|turn|21\n|\n|t:|1699392718\n|move|p2a: Shaggy|Extreme Speed|p1a: Toxapex\n|-damage|p1a: Toxapex|0 fnt\n|-damage|p2a: Shaggy|27\/100|[from] item: Rocky Helmet|[of] p1a: Toxapex\n|faint|p1a: Toxapex\n|\n|-end|p2a: Shaggy|Infestation|[partiallytrapped]|[silent]\n|upkeep\n|\n|t:|1699392721\n|switch|p1a: Chien-Pao|Chien-Pao|100\/100\n|-activate|p1a: Chien-Pao|move: Sticky Web\n|-unboost|p1a: Chien-Pao|spe|1\n|-ability|p1a: Chien-Pao|Sword of Ruin\n|turn|22\n|\n|t:|1699392724\n|move|p2a: Shaggy|Extreme Speed|p1a: Chien-Pao\n|-damage|p1a: Chien-Pao|0 fnt\n|faint|p1a: Chien-Pao\n|\n|upkeep\n|\n|t:|1699392727\n|switch|p1a: Koraidon|Koraidon|100\/100\n|-activate|p1a: Koraidon|move: Sticky Web\n|-unboost|p1a: Koraidon|spe|1\n|-weather|SunnyDay|[from] ability: Orichalcum Pulse|[of] p1a: Koraidon\n|-activate|p1a: Koraidon|Orichalcum Pulse|[source]\n|turn|23\n|\n|t:|1699392729\n|move|p2a: Shaggy|Extreme Speed|p1a: Koraidon\n|-damage|p1a: Koraidon|0 fnt\n|faint|p1a: Koraidon\n|\n|win|AubreyOmori1\n|raw|fmfnr's rating: 1420 &rarr; <strong>1396<\/strong><br \/>(-24 for losing)\n|raw|AubreyOmori1's rating: 1355 &rarr; <strong>1379<\/strong><br \/>(+24 for winning)\n|l|\u2606fmfnr\n","uploadtime":1699392736,"views":11,"p1id":"fmfnr","p2id":"aubreyomori1","formatid":"gen9ubers","rating":1379,"private":0,"password":""}