{"id":"gen9ubers-1973691907","p1":"DolphinEnder","p2":"cartoon cat 4455","format":"[Gen 9] Ubers","log":"|j|\u2606DolphinEnder\n|j|\u2606cartoon cat 4455\n|t:|1698003876\n|gametype|singles\n|player|p1|DolphinEnder|2|1018\n|player|p2|cartoon cat 4455|red|1000\n|teamsize|p1|6\n|teamsize|p2|6\n|gen|9\n|tier|[Gen 9] Ubers\n|rated|\n|rule|Sleep Clause Mod: Limit one foe put to sleep\n|rule|Species Clause: Limit one of each Pok\u00e9mon\n|rule|OHKO Clause: OHKO moves are banned\n|rule|Evasion Items Clause: Evasion items are banned\n|rule|Evasion Moves Clause: Evasion moves are banned\n|rule|Endless Battle Clause: Forcing endless battles is banned\n|rule|HP Percentage Mod: HP is shown in percentages\n|clearpoke\n|poke|p1|Chien-Pao|\n|poke|p1|Torterra, M|\n|poke|p1|Armarouge, M|\n|poke|p1|Zacian-*|\n|poke|p1|Palafin, F|\n|poke|p1|Regieleki|\n|poke|p2|Cinderace, M|\n|poke|p2|Charizard, M|\n|poke|p2|Arctibax, M|\n|poke|p2|Gardevoir, F|\n|poke|p2|Gengar, F|\n|poke|p2|Lucario, M|\n|teampreview\n|inactive|Battle timer is ON: inactive players will automatically lose when time's up. (requested by DolphinEnder)\n|\n|t:|1698003884\n|start\n|switch|p1a: Palafin|Palafin, F|100\/100\n|switch|p2a: Cinderace|Cinderace, M, shiny|100\/100\n|turn|1\n|\n|t:|1698003894\n|move|p2a: Cinderace|Electro Ball|p1a: Palafin\n|-start|p2a: Cinderace|typechange|Electric|[from] ability: Libero\n|-supereffective|p1a: Palafin\n|-damage|p1a: Palafin|61\/100\n|move|p1a: Palafin|Flip Turn|p2a: Cinderace\n|-damage|p2a: Cinderace|80\/100\n|-damage|p1a: Palafin|44\/100|[from] item: Rocky Helmet|[of] p2a: Cinderace\n|\n|t:|1698003903\n|detailschange|p1a: Palafin|Palafin-Hero, F\n|switch|p1a: Torterra|Torterra, M|100\/100|[from] Flip Turn\n|\n|upkeep\n|turn|2\n|\n|t:|1698003909\n|move|p2a: Cinderace|Pyro Ball|p1a: Torterra\n|-supereffective|p1a: Torterra\n|-damage|p1a: Torterra|47\/100\n|move|p1a: Torterra|Earth Power|p2a: Cinderace\n|-supereffective|p2a: Cinderace\n|-damage|p2a: Cinderace|14\/100\n|\n|upkeep\n|turn|3\n|\n|t:|1698003916\n|move|p2a: Cinderace|Pyro Ball|p1a: Torterra\n|-supereffective|p1a: Torterra\n|-damage|p1a: Torterra|0 fnt\n|faint|p1a: Torterra\n|\n|upkeep\n|\n|t:|1698003924\n|switch|p1a: Chien-Pao|Chien-Pao|100\/100\n|-ability|p1a: Chien-Pao|Sword of Ruin\n|turn|4\n|\n|t:|1698003935\n|move|p1a: Chien-Pao|Crunch|p2a: Cinderace\n|-damage|p2a: Cinderace|0 fnt\n|-damage|p1a: Chien-Pao|84\/100|[from] item: Rocky Helmet|[of] p2a: Cinderace\n|faint|p2a: Cinderace\n|-damage|p1a: Chien-Pao|74\/100|[from] item: Life Orb\n|\n|upkeep\n|\n|t:|1698003939\n|switch|p2a: Charizard|Charizard, M, shiny|100\/100\n|turn|5\n|\n|t:|1698003950\n|-terastallize|p1a: Chien-Pao|Dark\n|move|p1a: Chien-Pao|Crunch|p2a: Charizard\n|-damage|p2a: Charizard|9\/100\n|-damage|p1a: Chien-Pao|65\/100|[from] item: Life Orb\n|move|p2a: Charizard|Inferno|p1a: Chien-Pao\n|-damage|p1a: Chien-Pao|0 fnt\n|faint|p1a: Chien-Pao\n|\n|upkeep\n|\n|t:|1698003961\n|switch|p1a: Palafin|Palafin-Hero, F|44\/100\n|-activate|p1a: Palafin|ability: Zero to Hero\n|turn|6\n|\n|t:|1698003966\n|move|p1a: Palafin|Ice Punch|p2a: Charizard\n|-damage|p2a: Charizard|0 fnt\n|faint|p2a: Charizard\n|\n|-heal|p1a: Palafin|50\/100|[from] item: Leftovers\n|upkeep\n|\n|t:|1698003970\n|switch|p2a: Gardevoir|Gardevoir, F, shiny|100\/100\n|turn|7\n|\n|t:|1698003975\n|move|p1a: Palafin|Ice Punch|p2a: Gardevoir\n|-damage|p2a: Gardevoir|65\/100\n|-status|p2a: Gardevoir|frz\n|cant|p2a: Gardevoir|frz\n|\n|-heal|p1a: Palafin|57\/100|[from] item: Leftovers\n|upkeep\n|turn|8\n|\n|t:|1698003987\n|switch|p2a: Arctibax|Arctibax, M, shiny|100\/100\n|move|p1a: Palafin|Liquidation|p2a: Arctibax\n|-resisted|p2a: Arctibax\n|-damage|p2a: Arctibax|72\/100\n|\n|-heal|p1a: Palafin|63\/100|[from] item: Leftovers\n|upkeep\n|turn|9\n|\n|t:|1698003998\n|move|p1a: Palafin|Drain Punch|p2a: Arctibax\n|-supereffective|p2a: Arctibax\n|-damage|p2a: Arctibax|3\/100\n|-heal|p1a: Palafin|95\/100|[from] drain|[of] p2a: Arctibax\n|move|p2a: Arctibax|Draco Meteor|p1a: Palafin\n|-damage|p1a: Palafin|64\/100\n|-unboost|p2a: Arctibax|spa|2\n|-damage|p2a: Arctibax|0 fnt|[from] item: Life Orb\n|faint|p2a: Arctibax\n|\n|-heal|p1a: Palafin|71\/100|[from] item: Leftovers\n|upkeep\n|\n|t:|1698004001\n|switch|p2a: Lucario|Lucario, M, shiny|100\/100\n|turn|10\n|\n|t:|1698004016\n|move|p1a: Palafin|Liquidation|p2a: Lucario\n|-damage|p2a: Lucario|36\/100\n|move|p2a: Lucario|Force Palm|p1a: Palafin\n|-damage|p1a: Palafin|51\/100\n|-status|p1a: Palafin|par\n|\n|-heal|p1a: Palafin|57\/100 par|[from] item: Leftovers\n|upkeep\n|turn|11\n|\n|t:|1698004030\n|move|p2a: Lucario|Aura Sphere|p1a: Palafin\n|-damage|p1a: Palafin|25\/100 par\n|cant|p1a: Palafin|par\n|\n|-heal|p1a: Palafin|31\/100 par|[from] item: Leftovers\n|upkeep\n|turn|12\n|\n|t:|1698004036\n|move|p2a: Lucario|Extreme Speed|p1a: Palafin\n|-damage|p1a: Palafin|13\/100 par\n|cant|p1a: Palafin|par\n|\n|-heal|p1a: Palafin|19\/100 par|[from] item: Leftovers\n|upkeep\n|turn|13\n|\n|t:|1698004045\n|move|p2a: Lucario|Extreme Speed|p1a: Palafin\n|-damage|p1a: Palafin|0 fnt\n|faint|p1a: Palafin\n|\n|upkeep\n|\n|t:|1698004050\n|switch|p1a: Regieleki|Regieleki|100\/100\n|turn|14\n|\n|t:|1698004056\n|move|p1a: Regieleki|Thunderbolt|p2a: Lucario\n|-activate|p2a: Lucario|item: Focus Band\n|-damage|p2a: Lucario|1\/100\n|move|p2a: Lucario|Force Palm|p1a: Regieleki\n|-damage|p1a: Regieleki|69\/100\n|\n|-heal|p1a: Regieleki|75\/100|[from] item: Leftovers\n|upkeep\n|turn|15\n|\n|t:|1698004063\n|move|p2a: Lucario|Extreme Speed|p1a: Regieleki\n|-damage|p1a: Regieleki|48\/100\n|move|p1a: Regieleki|Thunderbolt|p2a: Lucario\n|-damage|p2a: Lucario|0 fnt\n|faint|p2a: Lucario\n|\n|-heal|p1a: Regieleki|54\/100|[from] item: Leftovers\n|upkeep\n|\n|t:|1698004069\n|switch|p2a: Gardevoir|Gardevoir, F, shiny|65\/100 frz\n|turn|16\n|\n|t:|1698004077\n|move|p1a: Regieleki|Ancient Power|p2a: Gardevoir\n|-damage|p2a: Gardevoir|51\/100 frz\n|cant|p2a: Gardevoir|frz\n|\n|-heal|p1a: Regieleki|60\/100|[from] item: Leftovers\n|upkeep\n|turn|17\n|\n|t:|1698004082\n|move|p1a: Regieleki|Thunderbolt|p2a: Gardevoir\n|-damage|p2a: Gardevoir|10\/100 frz\n|cant|p2a: Gardevoir|frz\n|\n|-heal|p1a: Regieleki|66\/100|[from] item: Leftovers\n|upkeep\n|turn|18\n|\n|t:|1698004088\n|move|p1a: Regieleki|Thunderbolt|p2a: Gardevoir\n|-damage|p2a: Gardevoir|0 fnt\n|faint|p2a: Gardevoir\n|\n|-heal|p1a: Regieleki|72\/100|[from] item: Leftovers\n|upkeep\n|\n|t:|1698004093\n|switch|p2a: Gengar|Gengar, F, shiny|100\/100\n|turn|19\n|\n|t:|1698004101\n|-terastallize|p2a: Gengar|Grass\n|move|p1a: Regieleki|Thunder Wave|p2a: Gengar\n|-status|p2a: Gengar|par\n|cant|p2a: Gengar|par\n|\n|-heal|p1a: Regieleki|78\/100|[from] item: Leftovers\n|upkeep\n|turn|20\n|\n|t:|1698004108\n|move|p1a: Regieleki|Ancient Power|p2a: Gengar\n|-damage|p2a: Gengar|78\/100 par\n|-start|p1a: Regieleki|Disable|Ancient Power|[from] ability: Cursed Body|[of] p2a: Gengar\n|move|p2a: Gengar|Hypnosis|p1a: Regieleki|[miss]\n|-miss|p2a: Gengar|p1a: Regieleki\n|\n|-heal|p1a: Regieleki|84\/100|[from] item: Leftovers\n|upkeep\n|turn|21\n|\n|t:|1698004119\n|move|p1a: Regieleki|Thunderbolt|p2a: Gengar\n|-resisted|p2a: Gengar\n|-damage|p2a: Gengar|42\/100 par\n|move|p2a: Gengar|Dark Pulse|p1a: Regieleki\n|-damage|p1a: Regieleki|46\/100\n|\n|-heal|p1a: Regieleki|52\/100|[from] item: Leftovers\n|upkeep\n|turn|22\n|\n|t:|1698004126\n|move|p1a: Regieleki|Thunderbolt|p2a: Gengar\n|-resisted|p2a: Gengar\n|-damage|p2a: Gengar|8\/100 par\n|move|p2a: Gengar|Giga Drain|p1a: Regieleki\n|-damage|p1a: Regieleki|5\/100\n|-heal|p2a: Gengar|36\/100 par|[from] drain|[of] p1a: Regieleki\n|\n|-heal|p1a: Regieleki|11\/100|[from] item: Leftovers\n|upkeep\n|turn|23\n|c|\u2606DolphinEnder|gg\n|\n|t:|1698004136\n|move|p1a: Regieleki|Thunderbolt|p2a: Gengar\n|-resisted|p2a: Gengar\n|-damage|p2a: Gengar|5\/100 par\n|cant|p2a: Gengar|par\n|\n|-heal|p1a: Regieleki|17\/100|[from] item: Leftovers\n|-end|p1a: Regieleki|Disable\n|upkeep\n|turn|24\n|\n|t:|1698004143\n|move|p1a: Regieleki|Thunderbolt|p2a: Gengar\n|-resisted|p2a: Gengar\n|-damage|p2a: Gengar|0 fnt\n|-start|p1a: Regieleki|Disable|Thunderbolt|[from] ability: Cursed Body|[of] p2a: Gengar\n|faint|p2a: Gengar\n|\n|win|DolphinEnder\n|raw|DolphinEnder's rating: 1018 &rarr; <strong>1053<\/strong><br \/>(+35 for winning)\n|raw|cartoon cat 4455's rating: 1000 &rarr; <strong>1000<\/strong><br \/>(+0 for losing)\n","uploadtime":1698004147,"views":8,"p1id":"dolphinender","p2id":"cartooncat4455","formatid":"gen9ubers","rating":1000,"private":0,"password":""}