{"id":"gen9ubers-1997644365","p1":"Reshkrom1153","p2":"marcs18","format":"[Gen 9] Ubers","log":"|j|\u2606Reshkrom1153\n|j|\u2606marcs18\n|t:|1700836852\n|gametype|singles\n|player|p1|Reshkrom1153|1|1190\n|player|p2|marcs18|hilbert|1247\n|teamsize|p1|6\n|teamsize|p2|6\n|gen|9\n|tier|[Gen 9] Ubers\n|rated|\n|rule|Sleep Clause Mod: Limit one foe put to sleep\n|rule|Species Clause: Limit one of each Pok\u00e9mon\n|rule|OHKO Clause: OHKO moves are banned\n|rule|Evasion Items Clause: Evasion items are banned\n|rule|Evasion Moves Clause: Evasion moves are banned\n|rule|Endless Battle Clause: Forcing endless battles is banned\n|rule|HP Percentage Mod: HP is shown in percentages\n|clearpoke\n|poke|p1|Koraidon|\n|poke|p1|Skeledirge, F|\n|poke|p1|Ursaluna-Bloodmoon, M|\n|poke|p1|Grimmsnarl, M|\n|poke|p1|Ogerpon-Hearthflame, F|\n|poke|p1|Eternatus|\n|poke|p2|Spectrier|\n|poke|p2|Urshifu-*, M|\n|poke|p2|Magearna|\n|poke|p2|Cyclizar, M|\n|poke|p2|Zacian-*|\n|poke|p2|Espathra, M|\n|teampreview\n|inactive|Battle timer is ON: inactive players will automatically lose when time's up. (requested by Reshkrom1153)\n|inactive|marcs18 has 120 seconds left.\n|inactive|marcs18 has 90 seconds left.\n|\n|t:|1700836974\n|start\n|switch|p1a: Grimmsnarl|Grimmsnarl, M|100\/100\n|switch|p2a: Cyclizar|Cyclizar, M|100\/100\n|turn|1\n|\n|t:|1700836987\n|move|p1a: Grimmsnarl|Reflect|p1a: Grimmsnarl\n|-sidestart|p1: Reshkrom1153|Reflect\n|move|p2a: Cyclizar|Knock Off|p1a: Grimmsnarl\n|-resisted|p1a: Grimmsnarl\n|-damage|p1a: Grimmsnarl|97\/100\n|-enditem|p1a: Grimmsnarl|Light Clay|[from] move: Knock Off|[of] p2a: Cyclizar\n|\n|upkeep\n|turn|2\n|\n|t:|1700836994\n|move|p1a: Grimmsnarl|Light Screen|p1a: Grimmsnarl\n|-sidestart|p1: Reshkrom1153|move: Light Screen\n|move|p2a: Cyclizar|Taunt|p1a: Grimmsnarl\n|-start|p1a: Grimmsnarl|move: Taunt\n|\n|upkeep\n|turn|3\n|\n|t:|1700836998\n|move|p2a: Cyclizar|Shed Tail|p2a: Cyclizar\n|-start|p2a: Cyclizar|Substitute|[from] move: Shed Tail\n|-damage|p2a: Cyclizar|50\/100\n|-enditem|p2a: Cyclizar|Sitrus Berry|[eat]\n|-heal|p2a: Cyclizar|75\/100|[from] item: Sitrus Berry\n|\n|t:|1700837004\n|switch|p2a: Magearna|Magearna|100\/100|[from] Shed Tail\n|move|p1a: Grimmsnarl|Brick Break|p2a: Magearna\n|-activate|p2a: Magearna|move: Substitute|[damage]\n|\n|upkeep\n|turn|4\n|\n|t:|1700837017\n|move|p2a: Magearna|Calm Mind|p2a: Magearna\n|-boost|p2a: Magearna|spa|1\n|-boost|p2a: Magearna|spd|1\n|move|p1a: Grimmsnarl|Brick Break|p2a: Magearna\n|-end|p2a: Magearna|Substitute\n|\n|upkeep\n|turn|5\n|\n|t:|1700837027\n|move|p2a: Magearna|Shift Gear|p2a: Magearna\n|-boost|p2a: Magearna|spe|2\n|-boost|p2a: Magearna|atk|1\n|move|p1a: Grimmsnarl|Brick Break|p2a: Magearna\n|-damage|p2a: Magearna|81\/100\n|\n|-heal|p2a: Magearna|87\/100|[from] item: Leftovers\n|-end|p1a: Grimmsnarl|move: Taunt\n|upkeep\n|turn|6\n|\n|t:|1700837035\n|move|p2a: Magearna|Draining Kiss|p1a: Grimmsnarl\n|-supereffective|p1a: Grimmsnarl\n|-damage|p1a: Grimmsnarl|59\/100\n|-heal|p2a: Magearna|100\/100|[from] drain|[of] p1a: Grimmsnarl\n|move|p1a: Grimmsnarl|Brick Break|p2a: Magearna\n|-damage|p2a: Magearna|81\/100\n|\n|-heal|p2a: Magearna|87\/100|[from] item: Leftovers\n|-sideend|p1: Reshkrom1153|move: Light Screen\n|upkeep\n|turn|7\n|\n|t:|1700837047\n|move|p1a: Grimmsnarl|Light Screen|p1a: Grimmsnarl\n|-sidestart|p1: Reshkrom1153|move: Light Screen\n|move|p2a: Magearna|Calm Mind|p2a: Magearna\n|-boost|p2a: Magearna|spa|1\n|-boost|p2a: Magearna|spd|1\n|\n|-heal|p2a: Magearna|94\/100|[from] item: Leftovers\n|upkeep\n|turn|8\n|\n|t:|1700837057\n|move|p2a: Magearna|Draining Kiss|p1a: Grimmsnarl\n|-supereffective|p1a: Grimmsnarl\n|-damage|p1a: Grimmsnarl|7\/100\n|-heal|p2a: Magearna|100\/100|[from] drain|[of] p1a: Grimmsnarl\n|move|p1a: Grimmsnarl|Brick Break|p2a: Magearna\n|-damage|p2a: Magearna|80\/100\n|\n|-heal|p2a: Magearna|86\/100|[from] item: Leftovers\n|-sideend|p1: Reshkrom1153|Reflect\n|upkeep\n|turn|9\n|\n|t:|1700837067\n|move|p1a: Grimmsnarl|Reflect|p1a: Grimmsnarl\n|-sidestart|p1: Reshkrom1153|Reflect\n|move|p2a: Magearna|Calm Mind|p2a: Magearna\n|-boost|p2a: Magearna|spa|1\n|-boost|p2a: Magearna|spd|1\n|\n|-heal|p2a: Magearna|92\/100|[from] item: Leftovers\n|upkeep\n|turn|10\n|\n|t:|1700837075\n|move|p2a: Magearna|Draining Kiss|p1a: Grimmsnarl\n|-supereffective|p1a: Grimmsnarl\n|-damage|p1a: Grimmsnarl|0 fnt\n|-heal|p2a: Magearna|97\/100|[from] drain|[of] p1a: Grimmsnarl\n|faint|p1a: Grimmsnarl\n|-ability|p2a: Magearna|Soul-Heart|boost\n|-boost|p2a: Magearna|spa|1\n|\n|-heal|p2a: Magearna|100\/100|[from] item: Leftovers\n|upkeep\n|\n|t:|1700837078\n|switch|p1a: Skeledirge|Skeledirge, F|100\/100\n|turn|11\n|\n|t:|1700837089\n|move|p2a: Magearna|Stored Power|p1a: Skeledirge\n|-damage|p1a: Skeledirge|76\/100\n|move|p1a: Skeledirge|Will-O-Wisp|p2a: Magearna\n|-status|p2a: Magearna|brn\n|\n|-damage|p2a: Magearna|94\/100 brn|[from] brn\n|-sideend|p1: Reshkrom1153|move: Light Screen\n|upkeep\n|turn|12\n|-message|marcs18 forfeited.\n|\n|win|Reshkrom1153\n|raw|Reshkrom1153's rating: 1190 &rarr; <strong>1219<\/strong><br \/>(+29 for winning)\n|raw|marcs18's rating: 1247 &rarr; <strong>1218<\/strong><br \/>(-29 for losing)\n|l|\u2606marcs18\n|c|\u2606Reshkrom1153|lmao\n","uploadtime":1700837107,"views":1,"p1id":"reshkrom1153","p2id":"marcs18","formatid":"gen9ubers","rating":1218,"private":0,"password":""}