{"id":"gen9ubers-1983247391","p1":"kai dragneel","p2":"Keplayer","format":"[Gen 9] Ubers","log":"|j|\u2606kai dragneel\n|j|\u2606Keplayer\n|t:|1699110103\n|gametype|singles\n|player|p1|kai dragneel|1|1168\n|player|p2|Keplayer|169|1185\n|teamsize|p1|6\n|teamsize|p2|6\n|gen|9\n|tier|[Gen 9] Ubers\n|rated|\n|rule|Sleep Clause Mod: Limit one foe put to sleep\n|rule|Species Clause: Limit one of each Pok\u00e9mon\n|rule|OHKO Clause: OHKO moves are banned\n|rule|Evasion Items Clause: Evasion items are banned\n|rule|Evasion Moves Clause: Evasion moves are banned\n|rule|Endless Battle Clause: Forcing endless battles is banned\n|rule|HP Percentage Mod: HP is shown in percentages\n|clearpoke\n|poke|p1|Decidueye-Hisui, M|\n|poke|p1|Arcanine-Hisui, M|\n|poke|p1|Basculegion, M|\n|poke|p1|Ursaluna, M|\n|poke|p1|Braviary-Hisui, M|\n|poke|p1|Goodra-Hisui, M|\n|poke|p2|Chien-Pao|\n|poke|p2|Flutter Mane|\n|poke|p2|Quaquaval, F|\n|poke|p2|Pawmot, F|\n|poke|p2|Ursaluna-Bloodmoon, M|\n|poke|p2|Baxcalibur, M|\n|teampreview\n|\n|t:|1699110111\n|start\n|switch|p1a: Arcanine|Arcanine-Hisui, M|100\/100\n|switch|p2a: Pawmot|Pawmot, F, shiny|100\/100\n|turn|1\n|inactive|Battle timer is ON: inactive players will automatically lose when time's up. (requested by Keplayer)\n|\n|t:|1699110123\n|move|p2a: Pawmot|Nuzzle|p1a: Arcanine\n|-damage|p1a: Arcanine|87\/100\n|-status|p1a: Arcanine|par\n|move|p1a: Arcanine|Flare Blitz|p2a: Pawmot\n|-damage|p2a: Pawmot|0 fnt\n|faint|p2a: Pawmot\n|\n|upkeep\n|\n|t:|1699110127\n|switch|p2a: Quaquaval|Quaquaval, F|100\/100\n|turn|2\n|\n|t:|1699110141\n|switch|p1a: Basculegion|Basculegion, M|100\/100\n|move|p2a: Quaquaval|Aqua Step|p1a: Basculegion\n|-resisted|p1a: Basculegion\n|-damage|p1a: Basculegion|76\/100\n|-boost|p2a: Quaquaval|spe|1\n|\n|upkeep\n|turn|3\n|\n|t:|1699110150\n|switch|p2a: Chien-Pao|Chien-Pao|100\/100\n|-ability|p2a: Chien-Pao|Sword of Ruin\n|move|p1a: Basculegion|Psychic Fangs|p2a: Chien-Pao\n|-immune|p2a: Chien-Pao\n|\n|upkeep\n|turn|4\n|\n|t:|1699110171\n|switch|p1a: Arcanine|Arcanine-Hisui, M|87\/100 par\n|move|p2a: Chien-Pao|Swords Dance|p2a: Chien-Pao\n|-boost|p2a: Chien-Pao|atk|2\n|\n|upkeep\n|turn|5\n|\n|t:|1699110178\n|move|p1a: Arcanine|Extreme Speed|p2a: Chien-Pao\n|-damage|p2a: Chien-Pao|49\/100\n|move|p2a: Chien-Pao|Sacred Sword|p1a: Arcanine\n|-supereffective|p1a: Arcanine\n|-damage|p1a: Arcanine|0 fnt\n|faint|p1a: Arcanine\n|-damage|p2a: Chien-Pao|39\/100|[from] item: Life Orb\n|\n|upkeep\n|inactive|kai dragneel has 120 seconds left.\n|\n|t:|1699110220\n|switch|p1a: Decidueye|Decidueye-Hisui, M|100\/100\n|turn|6\n|\n|t:|1699110226\n|move|p1a: Decidueye|Sucker Punch|p2a: Chien-Pao\n|-resisted|p2a: Chien-Pao\n|-damage|p2a: Chien-Pao|20\/100\n|-damage|p1a: Decidueye|91\/100|[from] item: Life Orb\n|move|p2a: Chien-Pao|Psychic Fangs|p1a: Decidueye\n|-supereffective|p1a: Decidueye\n|-damage|p1a: Decidueye|0 fnt\n|faint|p1a: Decidueye\n|-damage|p2a: Chien-Pao|10\/100|[from] item: Life Orb\n|\n|upkeep\n|\n|t:|1699110243\n|switch|p1a: Basculegion|Basculegion, M|76\/100\n|turn|7\n|\n|t:|1699110247\n|move|p1a: Basculegion|Aqua Jet|p2a: Chien-Pao\n|-damage|p2a: Chien-Pao|0 fnt\n|faint|p2a: Chien-Pao\n|\n|upkeep\n|\n|t:|1699110251\n|switch|p2a: Flutter Mane|Flutter Mane|100\/100\n|-enditem|p2a: Flutter Mane|Booster Energy\n|-activate|p2a: Flutter Mane|ability: Protosynthesis|[fromitem]\n|-start|p2a: Flutter Mane|protosynthesisspe\n|turn|8\n|\n|t:|1699110257\n|switch|p1a: Goodra|Goodra-Hisui, M|100\/100\n|move|p2a: Flutter Mane|Shadow Ball|p1a: Goodra\n|-damage|p1a: Goodra|83\/100\n|\n|upkeep\n|turn|9\n|inactive|kai dragneel has 120 seconds left.\n|\n|t:|1699110268\n|move|p2a: Flutter Mane|Moonblast|p1a: Goodra\n|-damage|p1a: Goodra|59\/100\n|-unboost|p1a: Goodra|spa|1\n|move|p1a: Goodra|Flash Cannon|p2a: Flutter Mane\n|-supereffective|p2a: Flutter Mane\n|-damage|p2a: Flutter Mane|45\/100\n|\n|upkeep\n|turn|10\n|\n|t:|1699110276\n|move|p2a: Flutter Mane|Calm Mind|p2a: Flutter Mane\n|-boost|p2a: Flutter Mane|spa|1\n|-boost|p2a: Flutter Mane|spd|1\n|move|p1a: Goodra|Flash Cannon|p2a: Flutter Mane\n|-supereffective|p2a: Flutter Mane\n|-damage|p2a: Flutter Mane|9\/100\n|\n|upkeep\n|turn|11\n|\n|t:|1699110283\n|move|p2a: Flutter Mane|Mystical Fire|p1a: Goodra\n|-damage|p1a: Goodra|42\/100\n|-unboost|p1a: Goodra|spa|1\n|move|p1a: Goodra|Flash Cannon|p2a: Flutter Mane\n|-supereffective|p2a: Flutter Mane\n|-damage|p2a: Flutter Mane|0 fnt\n|faint|p2a: Flutter Mane\n|-end|p2a: Flutter Mane|Protosynthesis|[silent]\n|\n|upkeep\n|\n|t:|1699110299\n|switch|p2a: Ursaluna|Ursaluna-Bloodmoon, M|100\/100\n|turn|12\n|\n|t:|1699110307\n|switch|p1a: Braviary|Braviary-Hisui, M|100\/100\n|move|p2a: Ursaluna|Earth Power|p1a: Braviary\n|-immune|p1a: Braviary\n|\n|upkeep\n|turn|13\n|\n|t:|1699110315\n|move|p1a: Braviary|Calm Mind|p1a: Braviary\n|-boost|p1a: Braviary|spa|1\n|-boost|p1a: Braviary|spd|1\n|move|p2a: Ursaluna|Blood Moon|p1a: Braviary\n|-damage|p1a: Braviary|16\/100\n|-damage|p2a: Ursaluna|91\/100|[from] item: Life Orb\n|\n|upkeep\n|turn|14\n|\n|t:|1699110324\n|move|p1a: Braviary|Esper Wing|p2a: Ursaluna\n|-damage|p2a: Ursaluna|19\/100\n|-boost|p1a: Braviary|spe|1\n|move|p2a: Ursaluna|Moonblast|p1a: Braviary\n|-damage|p1a: Braviary|0 fnt\n|faint|p1a: Braviary\n|-damage|p2a: Ursaluna|10\/100|[from] item: Life Orb\n|\n|upkeep\n|\n|t:|1699110343\n|switch|p1a: Ursaluna|Ursaluna, M|100\/100\n|turn|15\n|\n|t:|1699110350\n|-singleturn|p2a: Ursaluna|move: Focus Punch\n|move|p1a: Ursaluna|Ice Punch|p2a: Ursaluna\n|-supereffective|p2a: Ursaluna\n|-damage|p2a: Ursaluna|0 fnt\n|faint|p2a: Ursaluna\n|\n|-status|p1a: Ursaluna|brn|[from] item: Flame Orb\n|upkeep\n|\n|t:|1699110359\n|switch|p2a: Baxcalibur|Baxcalibur, M|100\/100\n|turn|16\n|\n|t:|1699110363\n|move|p2a: Baxcalibur|Icicle Crash|p1a: Ursaluna\n|-supereffective|p1a: Ursaluna\n|-damage|p1a: Ursaluna|0 fnt\n|faint|p1a: Ursaluna\n|\n|upkeep\n|\n|t:|1699110369\n|switch|p1a: Basculegion|Basculegion, M|76\/100\n|turn|17\n|\n|t:|1699110374\n|move|p1a: Basculegion|Last Respects|p2a: Baxcalibur\n|-damage|p2a: Baxcalibur|0 fnt\n|faint|p2a: Baxcalibur\n|\n|upkeep\n|\n|t:|1699110376\n|switch|p2a: Quaquaval|Quaquaval, F|100\/100\n|turn|18\n|\n|t:|1699110382\n|-terastallize|p2a: Quaquaval|Water\n|move|p1a: Basculegion|Last Respects|p2a: Quaquaval\n|-damage|p2a: Quaquaval|0 fnt\n|faint|p2a: Quaquaval\n|\n|win|kai dragneel\n|raw|kai dragneel's rating: 1168 &rarr; <strong>1194<\/strong><br \/>(+26 for winning)\n|raw|Keplayer's rating: 1185 &rarr; <strong>1159<\/strong><br \/>(-26 for losing)\n|l|\u2606Keplayer\n","uploadtime":1699110390,"views":5,"p1id":"kaidragneel","p2id":"keplayer","formatid":"gen9ubers","rating":1159,"private":0,"password":""}