{"id":"gen9ubers-1969265284","p1":"KeshBa45","p2":"Not Seroo","format":"[Gen 9] Ubers","log":"|j|\u2606KeshBa45\n|j|\u2606Not Seroo\n|inactive|Battle timer is ON: inactive players will automatically lose when time's up.\n|t:|1697507659\n|gametype|singles\n|player|p1|KeshBa45|red|\n|player|p2|Not Seroo|cynthia-masters|\n|teamsize|p1|6\n|teamsize|p2|6\n|gen|9\n|tier|[Gen 9] Ubers\n|rated|Tournament battle\n|rule|Sleep Clause Mod: Limit one foe put to sleep\n|rule|Species Clause: Limit one of each Pok\u00e9mon\n|rule|OHKO Clause: OHKO moves are banned\n|rule|Evasion Items Clause: Evasion items are banned\n|rule|Evasion Moves Clause: Evasion moves are banned\n|rule|Endless Battle Clause: Forcing endless battles is banned\n|rule|HP Percentage Mod: HP is shown in percentages\n|clearpoke\n|poke|p1|Alomomola, F|\n|poke|p1|Dondozo, F|\n|poke|p1|Blissey, F|\n|poke|p1|Corviknight, M|\n|poke|p1|Clodsire, M|\n|poke|p1|Toxapex, F|\n|poke|p2|Gliscor, M|\n|poke|p2|Koraidon|\n|poke|p2|Zacian-*|\n|poke|p2|Arceus|\n|poke|p2|Miraidon|\n|poke|p2|Toxapex, M|\n|teampreview\n|j|*Lady Monita \u263d\n|inactive|Not Seroo also wants the timer to be on.\n|j| DragonPhoenix333\n|j| Carly Paige\n|j| the zest of lie\n|c| DragonPhoenix333|ditched the dirge?\n|c|\u2606Not Seroo|ok buddy\n|j|+Goro Yagami\n|j| OreoSpeedruns\n|j| Kycel\n|c|\u2606KeshBa45|glgl\n|c| Kycel|Damn\n|c|\u2606Not Seroo|i lose\n|c|\u2606Not Seroo|gg\n|c| Kycel|hardcore stall lol\n|c|\u2606Not Seroo|hf\n|inactive|KeshBa45 has 120 seconds left.\n|c|\u2606Not Seroo|i wont\n|c|\u2606KeshBa45|cant use same team\n|j| Always Edgy\n|\n|t:|1697507713\n|start\n|switch|p1a: Alomomola|Alomomola, F|100\/100\n|switch|p2a: Koraidon|Koraidon|100\/100\n|-weather|SunnyDay|[from] ability: Orichalcum Pulse|[of] p2a: Koraidon\n|-activate|p2a: Koraidon|Orichalcum Pulse|[source]\n|turn|1\n|c| Kycel|Yeah unless kesh chokes\n|\n|t:|1697507721\n|switch|p2a: Gliscor|Gliscor, M|100\/100\n|move|p1a: Alomomola|Scald|p2a: Gliscor\n|-supereffective|p2a: Gliscor\n|-damage|p2a: Gliscor|89\/100\n|\n|-weather|SunnyDay|[upkeep]\n|-status|p2a: Gliscor|tox|[from] item: Toxic Orb\n|upkeep\n|turn|2\n|c|+Goro Yagami|Not Seroo you should've expected this\n|c|\u2606KeshBa45|bro\n|c| Kycel|You can never break\n|c|\u2606KeshBa45|imagine that burnt\n|c| DragonPhoenix333|lmfao\n|l| Always Edgy\n|c|\u2606Not Seroo|that woulda been ggs\n|\n|t:|1697507743\n|switch|p1a: Corviknight|Corviknight, M|100\/100\n|-ability|p1a: Corviknight|Pressure\n|move|p2a: Gliscor|Toxic|p1a: Corviknight\n|-immune|p1a: Corviknight\n|\n|-weather|SunnyDay|[upkeep]\n|-heal|p2a: Gliscor|100\/100 tox|[from] ability: Poison Heal\n|upkeep\n|turn|3\n|c| Kycel|Gigachad moment\n|c| the zest of lie|KeshaBa are you billette or 8142e?\n|c| DragonPhoenix333|arc u shouldve brought stall counters\n|c|\u2606KeshBa45|no\n|c| DragonPhoenix333|u shouldve known\n|c| the zest of lie|o\n|j| bleahey\n|\n|t:|1697507758\n|move|p2a: Gliscor|Spikes|p1a: Corviknight\n|-sidestart|p1: KeshBa45|Spikes\n|move|p1a: Corviknight|Taunt|p2a: Gliscor\n|-start|p2a: Gliscor|move: Taunt\n|\n|-weather|SunnyDay|[upkeep]\n|upkeep\n|turn|4\n|c|\u2606Not Seroo|dp333 he always runs tr in ubers normally\n|c| Kycel|How else how kesh come to this point\n|c| Kycel|without stall\n|c| DragonPhoenix333|he brought tr\n|\n|t:|1697507777\n|switch|p2a: Toxapex|Toxapex, M|100\/100\n|move|p1a: Corviknight|Brave Bird|p2a: Toxapex\n|-damage|p2a: Toxapex|76\/100\n|-damage|p1a: Corviknight|84\/100|[from] item: Rocky Helmet|[of] p2a: Toxapex\n|-damage|p1a: Corviknight|78\/100|[from] Recoil\n|\n|-weather|SunnyDay|[upkeep]\n|-heal|p1a: Corviknight|84\/100|[from] item: Leftovers\n|upkeep\n|turn|5\n|c| DragonPhoenix333|then he brought stall\n|c| Kycel|Damn lol\n|\n|t:|1697507787\n|switch|p1a: Blissey|Blissey, F|100\/100\n|move|p2a: Toxapex|Baneful Bunker||[still]\n|-fail|p2a: Toxapex\n|\n|-weather|none\n|upkeep\n|turn|6\n|j| christmas egirl\n|c| DragonPhoenix333|how do you break blissey's back\n|\n|t:|1697507801\n|switch|p2a: Miraidon|Miraidon|100\/100\n|-fieldstart|move: Electric Terrain|[from] ability: Hadron Engine|[of] p2a: Miraidon\n|move|p1a: Blissey|Stealth Rock|p2a: Miraidon\n|-sidestart|p2: Not Seroo|move: Stealth Rock\n|\n|upkeep\n|turn|7\n|c|+Goro Yagami|you cut kesh's power cord\n|c|\u2606KeshBa45|oh mirai into bliss\n|\n|t:|1697507812\n|move|p2a: Miraidon|Taunt|p1a: Blissey\n|-start|p1a: Blissey|move: Taunt\n|move|p1a: Blissey|Seismic Toss|p2a: Miraidon\n|-damage|p2a: Miraidon|71\/100\n|\n|upkeep\n|turn|8\n|c| DragonPhoenix333|yeah if kesh could pass me his address that would work\n|\n|t:|1697507819\n|move|p2a: Miraidon|U-turn|p1a: Blissey\n|-damage|p1a: Blissey|87\/100\n|j|@Jadino\n|\n|t:|1697507825\n|switch|p2a: Toxapex|Toxapex, M|100\/100|[from] U-turn\n|-damage|p2a: Toxapex|88\/100|[from] Stealth Rock\n|move|p1a: Blissey|Seismic Toss|p2a: Toxapex\n|-damage|p2a: Toxapex|55\/100\n|-damage|p1a: Blissey|71\/100|[from] item: Rocky Helmet|[of] p2a: Toxapex\n|\n|upkeep\n|turn|9\n|\n|t:|1697507837\n|switch|p1a: Clodsire|Clodsire, M|100\/100\n|move|p2a: Toxapex|Toxic|p1a: Clodsire\n|-immune|p1a: Clodsire\n|\n|upkeep\n|turn|10\n|\n|t:|1697507843\n|switch|p2a: Gliscor|Gliscor, M|100\/100 tox\n|-damage|p2a: Gliscor|88\/100 tox|[from] Stealth Rock\n|move|p1a: Clodsire|Spikes|p2a: Gliscor\n|-sidestart|p2: Not Seroo|Spikes\n|\n|-heal|p2a: Gliscor|100\/100 tox|[from] ability: Poison Heal\n|-fieldend|move: Electric Terrain\n|upkeep\n|turn|11\n|c|\u2606Not Seroo|i have no knock off\n|c|\u2606KeshBa45|thats sad\n|c|\u2606Not Seroo|this is game\n|c| DragonPhoenix333|rip\n|c| DragonPhoenix333|u lose\n|c|\u2606Not Seroo|over\n|\n|t:|1697507862\n|switch|p1a: Corviknight|Corviknight, M|84\/100\n|-ability|p1a: Corviknight|Pressure\n|move|p2a: Gliscor|Spikes|p1a: Corviknight\n|-sidestart|p1: KeshBa45|Spikes\n|\n|-heal|p1a: Corviknight|90\/100|[from] item: Leftovers\n|upkeep\n|turn|12\n|j| Zerokuroxy\n|c| Carly Paige|ban goro for revealing\n|c| DragonPhoenix333|its joever without hazards\n|\n|t:|1697507874\n|move|p2a: Gliscor|Spikes|p1a: Corviknight\n|-sidestart|p1: KeshBa45|Spikes\n|move|p1a: Corviknight|Bulk Up|p1a: Corviknight\n|-boost|p1a: Corviknight|atk|1\n|-boost|p1a: Corviknight|def|1\n|\n|-heal|p1a: Corviknight|96\/100|[from] item: Leftovers\n|upkeep\n|turn|13\n|\n|t:|1697507886\n|switch|p2a: Miraidon|Miraidon|71\/100\n|-fieldstart|move: Electric Terrain|[from] ability: Hadron Engine|[of] p2a: Miraidon\n|move|p1a: Corviknight|Brave Bird|p2a: Miraidon\n|-resisted|p2a: Miraidon\n|-damage|p2a: Miraidon|42\/100\n|-damage|p1a: Corviknight|87\/100|[from] Recoil\n|\n|-heal|p1a: Corviknight|93\/100|[from] item: Leftovers\n|upkeep\n|turn|14\n|c| DragonPhoenix333|its agility and power trip in the 4th move slot trust\n|c|+Goro Yagami|Carly Paige giving people head's up for stall is a public service\n|\n|t:|1697507897\n|switch|p1a: Clodsire|Clodsire, M|100\/100\n|move|p2a: Miraidon|U-turn|p1a: Clodsire\n|-resisted|p1a: Clodsire\n|-damage|p1a: Clodsire|94\/100\n|\n|t:|1697507902\n|switch|p2a: Gliscor|Gliscor, M|100\/100 tox|[from] U-turn\n|-damage|p2a: Gliscor|88\/100 tox|[from] Stealth Rock\n|\n|-heal|p2a: Gliscor|100\/100 tox|[from] ability: Poison Heal\n|upkeep\n|turn|15\n|j| wesh papillon\n|c| DragonPhoenix333|arc where is ur hazard removal\n|c|\u2606Not Seroo|nowhere\n|c|\u2606Not Seroo|to be found\n|c|\u2606KeshBa45|i mean thats boots mirai at least\n|l| Zerokuroxy\n|inactive|KeshBa45 has 120 seconds left.\n|\n|t:|1697507932\n|switch|p1a: Alomomola|Alomomola, F|100\/100\n|move|p2a: Gliscor|Earthquake|p1a: Alomomola\n|-damage|p1a: Alomomola|83\/100\n|\n|upkeep\n|turn|16\n|j| Chuchumur\n|c| Kycel|I mean like\n|\n|t:|1697507940\n|switch|p2a: Miraidon|Miraidon|42\/100\n|-activate|p2a: Miraidon|ability: Hadron Engine\n|switch|p1a: Corviknight|Corviknight, M|93\/100\n|-ability|p1a: Corviknight|Pressure\n|\n|-heal|p1a: Corviknight|99\/100|[from] item: Leftovers\n|upkeep\n|turn|17\n|c| DragonPhoenix333|kesh pass ur address r\n|c| DragonPhoenix333|rq\n|c| Kycel|everyone will know it\u2019s stall\n|c| Kycel|it will take a long time\n|inactive|KeshBa45 has 120 seconds left.\n|c| DragonPhoenix333|i want to cut your power cord\n|\n|t:|1697507963\n|switch|p1a: Clodsire|Clodsire, M|94\/100\n|move|p2a: Miraidon|Taunt|p1a: Clodsire\n|-start|p1a: Clodsire|move: Taunt\n|\n|-fieldend|move: Electric Terrain\n|upkeep\n|turn|18\n|inactive|KeshBa45 has 120 seconds left.\n|c|\u2606KeshBa45|tera fly\n|\n|t:|1697507976\n|move|p2a: Miraidon|U-turn|p1a: Clodsire\n|-resisted|p1a: Clodsire\n|-damage|p1a: Clodsire|87\/100\n|\n|t:|1697507979\n|switch|p2a: Gliscor|Gliscor, M|100\/100 tox|[from] U-turn\n|-damage|p2a: Gliscor|88\/100 tox|[from] Stealth Rock\n|move|p1a: Clodsire|Earthquake|p2a: Gliscor\n|-immune|p2a: Gliscor\n|\n|-heal|p2a: Gliscor|100\/100 tox|[from] ability: Poison Heal\n|upkeep\n|turn|19\n|\n|t:|1697507990\n|switch|p2a: Koraidon|Koraidon|100\/100\n|-damage|p2a: Koraidon|94\/100|[from] Stealth Rock\n|-damage|p2a: Koraidon|82\/100|[from] Spikes\n|-weather|SunnyDay|[from] ability: Orichalcum Pulse|[of] p2a: Koraidon\n|-activate|p2a: Koraidon|Orichalcum Pulse|[source]\n|switch|p1a: Alomomola|Alomomola, F|100\/100\n|\n|-weather|SunnyDay|[upkeep]\n|upkeep\n|turn|20\n|\n|t:|1697507996\n|move|p2a: Koraidon|U-turn|p1a: Alomomola\n|-damage|p1a: Alomomola|84\/100\n|\n|t:|1697507999\n|switch|p2a: Gliscor|Gliscor, M|100\/100 tox|[from] U-turn\n|-damage|p2a: Gliscor|88\/100 tox|[from] Stealth Rock\n|move|p1a: Alomomola|Wish|p1a: Alomomola\n|\n|-weather|SunnyDay|[upkeep]\n|-heal|p2a: Gliscor|100\/100 tox|[from] ability: Poison Heal\n|upkeep\n|turn|21\n|\n|t:|1697508012\n|switch|p1a: Blissey|Blissey, F|71\/100\n|move|p2a: Gliscor|Earthquake|p1a: Blissey\n|-damage|p1a: Blissey|37\/100\n|\n|-weather|SunnyDay|[upkeep]\n|-heal|p1a: Blissey|78\/100|[from] move: Wish|[wisher] Alomomola\n|upkeep\n|turn|22\n|c|\u2606Not Seroo|kesh are u really going to stall 500 turns\n|\n|t:|1697508038\n|switch|p1a: Corviknight|Corviknight, M|99\/100\n|-ability|p1a: Corviknight|Pressure\n|move|p2a: Gliscor|Protect||[still]\n|-fail|p2a: Gliscor\n|\n|-weather|SunnyDay|[upkeep]\n|-heal|p1a: Corviknight|100\/100|[from] item: Leftovers\n|upkeep\n|turn|23\n|c|\u2606KeshBa45|im in a side ou battle so\n|inactive|Not Seroo has 120 seconds left.\n|\n|t:|1697508056\n|switch|p2a: Toxapex|Toxapex, M|88\/100\n|-damage|p2a: Toxapex|76\/100|[from] Stealth Rock\n|-damage|p2a: Toxapex|63\/100|[from] Spikes\n|move|p1a: Corviknight|Bulk Up|p1a: Corviknight\n|-boost|p1a: Corviknight|atk|1\n|-boost|p1a: Corviknight|def|1\n|\n|-weather|none\n|upkeep\n|turn|24\n|c|\u2606KeshBa45|when added it may get to 500\n|\n|t:|1697508075\n|move|p2a: Toxapex|Baneful Bunker|p2a: Toxapex\n|-singleturn|p2a: Toxapex|move: Protect\n|move|p1a: Corviknight|Taunt|p2a: Toxapex\n|-activate|p2a: Toxapex|move: Protect\n|\n|upkeep\n|turn|25\n|j| Pigwarrior19\n|c|\u2606Not Seroo|well i mean i gtg in 30 mins\n|c|\u2606KeshBa45|ah\n|\n|t:|1697508089\n|switch|p2a: Miraidon|Miraidon|42\/100\n|-fieldstart|move: Electric Terrain|[from] ability: Hadron Engine|[of] p2a: Miraidon\n|move|p1a: Corviknight|Brave Bird|p2a: Miraidon\n|-resisted|p2a: Miraidon\n|-damage|p2a: Miraidon|13\/100\n|-damage|p1a: Corviknight|92\/100|[from] Recoil\n|\n|-heal|p1a: Corviknight|98\/100|[from] item: Leftovers\n|upkeep\n|turn|26\n|\n|t:|1697508107\n|switch|p1a: Blissey|Blissey, F|78\/100\n|-terastallize|p2a: Miraidon|Dragon\n|move|p2a: Miraidon|Draco Meteor|p1a: Blissey|[miss]\n|-miss|p2a: Miraidon|p1a: Blissey\n|\n|upkeep\n|turn|27\n|c|\u2606KeshBa45|lol\n|\n|t:|1697508116\n|move|p2a: Miraidon|U-turn|p1a: Blissey\n|-damage|p1a: Blissey|65\/100\n|c|\u2606Not Seroo|fun\n|\n|t:|1697508119\n|switch|p2a: Gliscor|Gliscor, M|100\/100 tox|[from] U-turn\n|-damage|p2a: Gliscor|88\/100 tox|[from] Stealth Rock\n|move|p1a: Blissey|Seismic Toss|p2a: Gliscor\n|-damage|p2a: Gliscor|60\/100 tox\n|\n|-heal|p2a: Gliscor|72\/100 tox|[from] ability: Poison Heal\n|upkeep\n|turn|28\n|\n|t:|1697508135\n|move|p2a: Gliscor|Earthquake|p1a: Blissey\n|-damage|p1a: Blissey|31\/100\n|move|p1a: Blissey|Soft-Boiled|p1a: Blissey\n|-heal|p1a: Blissey|81\/100\n|\n|-heal|p2a: Gliscor|85\/100 tox|[from] ability: Poison Heal\n|upkeep\n|turn|29\n|\n|t:|1697508141\n|switch|p1a: Corviknight|Corviknight, M|98\/100\n|-ability|p1a: Corviknight|Pressure\n|move|p2a: Gliscor|Earthquake|p1a: Corviknight\n|-immune|p1a: Corviknight\n|\n|-heal|p1a: Corviknight|100\/100|[from] item: Leftovers\n|-heal|p2a: Gliscor|97\/100 tox|[from] ability: Poison Heal\n|-fieldend|move: Electric Terrain\n|upkeep\n|turn|30\n|j| Hoennseptile\n|c|\u2606KeshBa45|corv the mvp\n|c|\u2606Not Seroo|if i had knock on this i won\n|c|\u2606Not Seroo|but i cant\n|inactive|Not Seroo has 120 seconds left.\n|c| Hoennseptile|and i thought why this tour is taking so long\n|\n|t:|1697508177\n|move|p2a: Gliscor|Protect|p2a: Gliscor\n|-singleturn|p2a: Gliscor|Protect\n|move|p1a: Corviknight|Brave Bird|p2a: Gliscor\n|-activate|p2a: Gliscor|move: Protect\n|\n|-heal|p2a: Gliscor|100\/100 tox|[from] ability: Poison Heal\n|upkeep\n|turn|31\n|c|\u2606KeshBa45|i would send only corv\n|c|\u2606KeshBa45|if u had\n|j|\u2729Micoy\n|\n|t:|1697508192\n|switch|p2a: Toxapex|Toxapex, M|97\/100\n|-damage|p2a: Toxapex|84\/100|[from] Stealth Rock\n|-damage|p2a: Toxapex|72\/100|[from] Spikes\n|move|p1a: Corviknight|Taunt|p2a: Toxapex\n|-start|p2a: Toxapex|move: Taunt\n|\n|upkeep\n|turn|32\n|j| Always Edgy\n|\n|t:|1697508205\n|switch|p2a: Gliscor|Gliscor, M|100\/100 tox\n|-damage|p2a: Gliscor|88\/100 tox|[from] Stealth Rock\n|move|p1a: Corviknight|Bulk Up|p1a: Corviknight\n|-boost|p1a: Corviknight|atk|1\n|-boost|p1a: Corviknight|def|1\n|\n|-heal|p2a: Gliscor|100\/100 tox|[from] ability: Poison Heal\n|upkeep\n|turn|33\n|l| Always Edgy\n|l| Hoennseptile\n|inactive|Not Seroo has 120 seconds left.\n|j| Tanishh\n|\n|t:|1697508222\n|switch|p2a: Toxapex|Toxapex, M|100\/100\n|-damage|p2a: Toxapex|88\/100|[from] Stealth Rock\n|-damage|p2a: Toxapex|75\/100|[from] Spikes\n|move|p1a: Corviknight|Taunt|p2a: Toxapex\n|-start|p2a: Toxapex|move: Taunt\n|\n|upkeep\n|turn|34\n|j| Dying field\n|\n|t:|1697508230\n|switch|p2a: Gliscor|Gliscor, M|100\/100 tox\n|-damage|p2a: Gliscor|88\/100 tox|[from] Stealth Rock\n|move|p1a: Corviknight|Brave Bird|p2a: Gliscor\n|-damage|p2a: Gliscor|43\/100 tox\n|-damage|p1a: Corviknight|87\/100|[from] Recoil\n|\n|-heal|p1a: Corviknight|93\/100|[from] item: Leftovers\n|-heal|p2a: Gliscor|56\/100 tox|[from] ability: Poison Heal\n|upkeep\n|turn|35\n|\n|t:|1697508240\n|switch|p2a: Miraidon|Miraidon, tera:Dragon|13\/100\n|-fieldstart|move: Electric Terrain|[from] ability: Hadron Engine|[of] p2a: Miraidon\n|move|p1a: Corviknight|Bulk Up|p1a: Corviknight\n|-boost|p1a: Corviknight|atk|1\n|-boost|p1a: Corviknight|def|1\n|\n|-heal|p1a: Corviknight|99\/100|[from] item: Leftovers\n|upkeep\n|turn|36\n|j| E-boyxd69\n|j| PoliticalMan\n|j| Hoennseptile\n|l| Hoennseptile\n|inactive|KeshBa45 has 120 seconds left.\n|inactive|Not Seroo has 120 seconds left.\n|\n|t:|1697508293\n|switch|p1a: Clodsire|Clodsire, M|87\/100\n|move|p2a: Miraidon|Electro Drift|p1a: Clodsire\n|-immune|p1a: Clodsire\n|\n|upkeep\n|turn|37\n|l| Tanishh\n|\n|t:|1697508302\n|move|p2a: Miraidon|U-turn|p1a: Clodsire\n|-resisted|p1a: Clodsire\n|-damage|p1a: Clodsire|80\/100\n|\n|t:|1697508307\n|switch|p2a: Arceus|Arceus|100\/100|[from] U-turn\n|-damage|p2a: Arceus|88\/100|[from] Stealth Rock\n|-damage|p2a: Arceus|76\/100|[from] Spikes\n|move|p1a: Clodsire|Spikes|p2a: Arceus\n|-sidestart|p2: Not Seroo|Spikes\n|\n|upkeep\n|turn|38\n|\n|t:|1697508333\n|switch|p1a: Dondozo|Dondozo, F|100\/100\n|move|p2a: Arceus|Taunt|p1a: Dondozo\n|-start|p1a: Dondozo|move: Taunt\n|\n|upkeep\n|turn|39\n|\n|t:|1697508341\n|switch|p2a: Toxapex|Toxapex, M|100\/100\n|-damage|p2a: Toxapex|88\/100|[from] Stealth Rock\n|-damage|p2a: Toxapex|72\/100|[from] Spikes\n|move|p1a: Dondozo|Liquidation|p2a: Toxapex\n|-resisted|p2a: Toxapex\n|-crit|p2a: Toxapex\n|-damage|p2a: Toxapex|58\/100\n|-damage|p1a: Dondozo|84\/100|[from] item: Rocky Helmet|[of] p2a: Toxapex\n|\n|-fieldend|move: Electric Terrain\n|upkeep\n|turn|40\n|j| fakewhiteguy\n|\n|t:|1697508351\n|switch|p1a: Toxapex|Toxapex, F|100\/100\n|switch|p2a: Miraidon|Miraidon, tera:Dragon|13\/100\n|-fieldstart|move: Electric Terrain|[from] ability: Hadron Engine|[of] p2a: Miraidon\n|\n|upkeep\n|turn|41\n|l| Pigwarrior19\n|\n|t:|1697508358\n|move|p1a: Toxapex|Baneful Bunker|p1a: Toxapex\n|-singleturn|p1a: Toxapex|move: Protect\n|move|p2a: Miraidon|Draco Meteor|p1a: Toxapex\n|-activate|p1a: Toxapex|move: Protect\n|\n|upkeep\n|turn|42\n|l|+Goro Yagami\n|inactive|KeshBa45 has 120 seconds left.\n|\n|t:|1697508368\n|-terastallize|p1a: Toxapex|Fairy\n|move|p2a: Miraidon|U-turn|p1a: Toxapex\n|-resisted|p1a: Toxapex\n|-damage|p1a: Toxapex|96\/100\n|c|\u2606KeshBa45|fek\n|\n|t:|1697508377\n|switch|p2a: Toxapex|Toxapex, M|92\/100|[from] U-turn\n|-damage|p2a: Toxapex|79\/100|[from] Stealth Rock\n|-damage|p2a: Toxapex|63\/100|[from] Spikes\n|move|p1a: Toxapex|Poison Jab|p2a: Toxapex\n|-resisted|p2a: Toxapex\n|-damage|p2a: Toxapex|57\/100\n|-damage|p1a: Toxapex|79\/100|[from] item: Rocky Helmet|[of] p2a: Toxapex\n|\n|upkeep\n|turn|43\n|c| DragonPhoenix333|holup\n|c| DragonPhoenix333|thats a tera :O\n|c|\u2606KeshBa45|ye\n|\n|t:|1697508391\n|switch|p1a: Corviknight|Corviknight, M|99\/100\n|-ability|p1a: Corviknight|Pressure\n|switch|p2a: Miraidon|Miraidon, tera:Dragon|13\/100\n|-activate|p2a: Miraidon|ability: Hadron Engine\n|\n|-heal|p1a: Corviknight|100\/100|[from] item: Leftovers\n|upkeep\n|turn|44\n|\n|t:|1697508401\n|switch|p1a: Toxapex|Toxapex, F, tera:Fairy|100\/100\n|move|p2a: Miraidon|U-turn|p1a: Toxapex\n|-resisted|p1a: Toxapex\n|-damage|p1a: Toxapex|96\/100\n|c|\u2606KeshBa45|now pex dont care about mirai\n|\n|t:|1697508411\n|switch|p2a: Zacian|Zacian-Crowned|100\/100|[from] U-turn\n|-damage|p2a: Zacian|94\/100|[from] Stealth Rock\n|-damage|p2a: Zacian|78\/100|[from] Spikes\n|-ability|p2a: Zacian|Intrepid Sword|boost\n|-boost|p2a: Zacian|atk|1\n|\n|-fieldend|move: Electric Terrain\n|upkeep\n|turn|45\n|l|\u2729Micoy\n|inactive|KeshBa45 has 120 seconds left.\n|\n|t:|1697508444\n|switch|p1a: Alomomola|Alomomola, F|100\/100\n|move|p2a: Zacian|Wild Charge|p1a: Alomomola\n|-supereffective|p1a: Alomomola\n|-damage|p1a: Alomomola|44\/100\n|-damage|p2a: Zacian|54\/100|[from] Recoil\n|\n|upkeep\n|turn|46\n|c| Chuchumur|gg\n|c| DragonPhoenix333|hold up\n|c|\u2606Not Seroo|going for it all\n|\n|t:|1697508468\n|move|p1a: Alomomola|Protect|p1a: Alomomola\n|-singleturn|p1a: Alomomola|Protect\n|move|p2a: Zacian|Swords Dance|p2a: Zacian\n|-boost|p2a: Zacian|atk|2\n|\n|upkeep\n|turn|47\n|c|\u2606Not Seroo|lets go\n|c|\u2606KeshBa45|knew it lol\n|c| Dying field|ayoo\n|\n|t:|1697508483\n|switch|p1a: Clodsire|Clodsire, M|80\/100\n|move|p2a: Zacian|Wild Charge|p1a: Clodsire\n|-immune|p1a: Clodsire\n|\n|upkeep\n|turn|48\n|c| Kycel|Unaware bruh\n|c| bleahey|boooooo\n|\n|t:|1697508498\n|move|p2a: Zacian|Behemoth Blade|p1a: Clodsire\n|-damage|p1a: Clodsire|15\/100\n|move|p1a: Clodsire|Earthquake|p2a: Zacian\n|-supereffective|p2a: Zacian\n|-damage|p2a: Zacian|6\/100\n|\n|upkeep\n|turn|49\n|j|+Goro Yagami\n|\n|t:|1697508505\n|switch|p1a: Dondozo|Dondozo, F|84\/100\n|move|p2a: Zacian|Behemoth Blade|p1a: Dondozo\n|-resisted|p1a: Dondozo\n|-damage|p1a: Dondozo|72\/100\n|\n|upkeep\n|turn|50\n|j| Hoennseptile\n|c| Kycel|Broooo\n|\n|t:|1697508522\n|move|p2a: Zacian|Play Rough|p1a: Dondozo\n|-damage|p1a: Dondozo|47\/100\n|move|p1a: Dondozo|Rest|p1a: Dondozo\n|-status|p1a: Dondozo|slp|[from] move: Rest\n|-heal|p1a: Dondozo|100\/100 slp|[silent]\n|\n|upkeep\n|turn|51\n|\n|t:|1697508527\n|move|p2a: Zacian|Play Rough|p1a: Dondozo\n|-damage|p1a: Dondozo|77\/100 slp\n|cant|p1a: Dondozo|slp\n|move|p1a: Dondozo|Sleep Talk|p1a: Dondozo\n|move|p1a: Dondozo|Liquidation|p2a: Zacian|[from]move: Sleep Talk\n|-damage|p2a: Zacian|0 fnt\n|faint|p2a: Zacian\n|\n|upkeep\n|\n|t:|1697508529\n|switch|p2a: Miraidon|Miraidon, tera:Dragon|13\/100\n|-fieldstart|move: Electric Terrain|[from] ability: Hadron Engine|[of] p2a: Miraidon\n|turn|52\n|c|\u2606KeshBa45|liqui\n|c|\u2606Not Seroo|gg\n|\n|t:|1697508537\n|switch|p1a: Toxapex|Toxapex, F, tera:Fairy|100\/100\n|move|p2a: Miraidon|Electro Drift|p1a: Toxapex\n|-damage|p1a: Toxapex|45\/100\n|\n|upkeep\n|turn|53\n|l| fakewhiteguy\n|c|\u2606KeshBa45|u going?\n|c|\u2606Not Seroo|well\n|c|\u2606Not Seroo|that was the only thing that maybe\n|c| Kycel|Press f for respect\n|c|\u2606Not Seroo|did smt\n|c|\u2606KeshBa45|u know i cant do anythng\n|\n|t:|1697508561\n|move|p1a: Toxapex|Baneful Bunker|p1a: Toxapex\n|-singleturn|p1a: Toxapex|move: Protect\n|move|p2a: Miraidon|Draco Meteor|p1a: Toxapex\n|-activate|p1a: Toxapex|move: Protect\n|\n|upkeep\n|turn|54\n|c|\u2606KeshBa45|jadino will ban me ;)\n|c|\u2606Not Seroo|ik\n|\n|t:|1697508574\n|switch|p1a: Clodsire|Clodsire, M|15\/100\n|move|p2a: Miraidon|Electro Drift|p1a: Clodsire\n|-immune|p1a: Clodsire\n|\n|upkeep\n|turn|55\n|\n|t:|1697508583\n|switch|p1a: Toxapex|Toxapex, F, tera:Fairy|78\/100\n|move|p2a: Miraidon|Electro Drift|p1a: Toxapex\n|-damage|p1a: Toxapex|23\/100\n|\n|upkeep\n|turn|56\n|\n|t:|1697508591\n|move|p1a: Toxapex|Baneful Bunker|p1a: Toxapex\n|-singleturn|p1a: Toxapex|move: Protect\n|move|p2a: Miraidon|U-turn|p1a: Toxapex\n|-activate|p1a: Toxapex|move: Protect\n|-status|p2a: Miraidon|psn\n|\n|-damage|p2a: Miraidon|0 fnt|[from] psn\n|faint|p2a: Miraidon\n|-fieldend|move: Electric Terrain\n|upkeep\n|c| Kycel|What is man trying to do\n|c|\u2606KeshBa45|there\n|l| wesh papillon\n|\n|t:|1697508600\n|switch|p2a: Koraidon|Koraidon|82\/100\n|-damage|p2a: Koraidon|76\/100|[from] Stealth Rock\n|-damage|p2a: Koraidon|59\/100|[from] Spikes\n|-weather|SunnyDay|[from] ability: Orichalcum Pulse|[of] p2a: Koraidon\n|-activate|p2a: Koraidon|Orichalcum Pulse|[source]\n|turn|57\n|c| Kycel|That huh\n|c|+Goro Yagami|KeshBa45 do you not feel shame\n|c| Kycel|Lol\n|c| OreoSpeedruns|people\n|c| OreoSpeedruns|use goth\n|c| PoliticalMan|big stall tm\n|c| OreoSpeedruns|ffs\n|\n|t:|1697508622\n|switch|p1a: Alomomola|Alomomola, F|77\/100\n|move|p2a: Koraidon|Low Kick|p1a: Alomomola\n|-damage|p1a: Alomomola|54\/100\n|\n|-weather|SunnyDay|[upkeep]\n|upkeep\n|turn|58\n|j| Kate\n|\n|t:|1697508631\n|switch|p2a: Toxapex|Toxapex, M|90\/100\n|-damage|p2a: Toxapex|78\/100|[from] Stealth Rock\n|-damage|p2a: Toxapex|61\/100|[from] Spikes\n|move|p1a: Alomomola|Wish|p1a: Alomomola\n|\n|-weather|SunnyDay|[upkeep]\n|upkeep\n|turn|59\n|c|+Goro Yagami|que desgracia\n|c|\u2606KeshBa45|yea that fucks me up\n|\n|t:|1697508639\n|switch|p1a: Clodsire|Clodsire, M|15\/100\n|switch|p2a: Gliscor|Gliscor, M|56\/100 tox\n|-damage|p2a: Gliscor|43\/100 tox|[from] Stealth Rock\n|\n|-weather|SunnyDay|[upkeep]\n|-heal|p1a: Clodsire|72\/100|[from] move: Wish|[wisher] Alomomola\n|-heal|p2a: Gliscor|56\/100 tox|[from] ability: Poison Heal\n|upkeep\n|turn|60\n|c| Kycel|Bro really pulled up with 6 boots mons\n|\n|t:|1697508651\n|switch|p2a: Toxapex|Toxapex, M|95\/100\n|-damage|p2a: Toxapex|82\/100|[from] Stealth Rock\n|-damage|p2a: Toxapex|66\/100|[from] Spikes\n|switch|p1a: Corviknight|Corviknight, M|100\/100\n|-ability|p1a: Corviknight|Pressure\n|\n|-weather|SunnyDay|[upkeep]\n|upkeep\n|turn|61\n|c| Kycel|Well left I corv\n|\n|t:|1697508658\n|switch|p2a: Koraidon|Koraidon|59\/100\n|-damage|p2a: Koraidon|53\/100|[from] Stealth Rock\n|-damage|p2a: Koraidon|37\/100|[from] Spikes\n|-activate|p2a: Koraidon|ability: Orichalcum Pulse\n|move|p1a: Corviknight|Bulk Up|p1a: Corviknight\n|-boost|p1a: Corviknight|atk|1\n|-boost|p1a: Corviknight|def|1\n|\n|-weather|none\n|upkeep\n|turn|62\n|c| Kycel|Lefties\n|\n|t:|1697508662\n|switch|p1a: Alomomola|Alomomola, F|87\/100\n|move|p2a: Koraidon|Flare Blitz|p1a: Alomomola\n|-resisted|p1a: Alomomola\n|-damage|p1a: Alomomola|76\/100\n|-damage|p2a: Koraidon|31\/100|[from] Recoil\n|\n|upkeep\n|turn|63\n|\n|t:|1697508669\n|switch|p2a: Gliscor|Gliscor, M|56\/100 tox\n|-damage|p2a: Gliscor|43\/100 tox|[from] Stealth Rock\n|move|p1a: Alomomola|Scald|p2a: Gliscor\n|-supereffective|p2a: Gliscor\n|-damage|p2a: Gliscor|21\/100 tox\n|\n|-heal|p2a: Gliscor|34\/100 tox|[from] ability: Poison Heal\n|upkeep\n|turn|64\n|\n|t:|1697508673\n|switch|p1a: Corviknight|Corviknight, M|100\/100\n|-ability|p1a: Corviknight|Pressure\n|move|p2a: Gliscor|Protect||[still]\n|-fail|p2a: Gliscor\n|\n|-heal|p2a: Gliscor|46\/100 tox|[from] ability: Poison Heal\n|upkeep\n|turn|65\n|\n|t:|1697508676\n|move|p2a: Gliscor|Protect|p2a: Gliscor\n|-singleturn|p2a: Gliscor|Protect\n|move|p1a: Corviknight|Bulk Up|p1a: Corviknight\n|-boost|p1a: Corviknight|atk|1\n|-boost|p1a: Corviknight|def|1\n|\n|-heal|p2a: Gliscor|58\/100 tox|[from] ability: Poison Heal\n|upkeep\n|turn|66\n|l| OreoSpeedruns\n|j| Tanishh\n|\n|t:|1697508690\n|move|p2a: Gliscor|Spikes||[still]\n|-fail|p2a: Gliscor\n|move|p1a: Corviknight|Bulk Up|p1a: Corviknight\n|-boost|p1a: Corviknight|atk|1\n|-boost|p1a: Corviknight|def|1\n|\n|-heal|p2a: Gliscor|71\/100 tox|[from] ability: Poison Heal\n|upkeep\n|turn|67\n|l| PoliticalMan\n|\n|t:|1697508697\n|move|p2a: Gliscor|Spikes||[still]\n|-fail|p2a: Gliscor\n|move|p1a: Corviknight|Bulk Up|p1a: Corviknight\n|-boost|p1a: Corviknight|atk|1\n|-boost|p1a: Corviknight|def|1\n|\n|-heal|p2a: Gliscor|83\/100 tox|[from] ability: Poison Heal\n|upkeep\n|turn|68\n|\n|t:|1697508703\n|move|p2a: Gliscor|Earthquake|p1a: Corviknight\n|-immune|p1a: Corviknight\n|move|p1a: Corviknight|Taunt|p2a: Gliscor\n|-start|p2a: Gliscor|move: Taunt\n|\n|-heal|p2a: Gliscor|96\/100 tox|[from] ability: Poison Heal\n|upkeep\n|turn|69\n|j| Always Edgy\n|\n|t:|1697508706\n|move|p2a: Gliscor|Earthquake|p1a: Corviknight\n|-immune|p1a: Corviknight\n|move|p1a: Corviknight|Bulk Up|p1a: Corviknight\n|-boost|p1a: Corviknight|atk|1\n|-boost|p1a: Corviknight|def|1\n|\n|-heal|p2a: Gliscor|100\/100 tox|[from] ability: Poison Heal\n|upkeep\n|turn|70\n|\n|t:|1697508713\n|switch|p2a: Koraidon|Koraidon|31\/100\n|-damage|p2a: Koraidon|25\/100|[from] Stealth Rock\n|-damage|p2a: Koraidon|9\/100|[from] Spikes\n|-weather|SunnyDay|[from] ability: Orichalcum Pulse|[of] p2a: Koraidon\n|-activate|p2a: Koraidon|Orichalcum Pulse|[source]\n|move|p1a: Corviknight|Bulk Up|p1a: Corviknight\n|-boost|p1a: Corviknight|atk|1\n|-boost|p1a: Corviknight|def|1\n|\n|-weather|SunnyDay|[upkeep]\n|upkeep\n|turn|71\n|c| Kycel|Imagine kesh gets disconnected\n|l| DragonPhoenix333\n|\n|t:|1697508721\n|move|p2a: Koraidon|Flare Blitz|p1a: Corviknight\n|-supereffective|p1a: Corviknight\n|-damage|p1a: Corviknight|70\/100\n|-damage|p2a: Koraidon|0 fnt|[from] Recoil\n|faint|p2a: Koraidon\n|move|p1a: Corviknight|Bulk Up|p1a: Corviknight\n|-boost|p1a: Corviknight|atk|1\n|-boost|p1a: Corviknight|def|1\n|\n|-weather|SunnyDay|[upkeep]\n|-heal|p1a: Corviknight|76\/100|[from] item: Leftovers\n|upkeep\n|\n|t:|1697508729\n|switch|p2a: Toxapex|Toxapex, M|99\/100\n|-damage|p2a: Toxapex|86\/100|[from] Stealth Rock\n|-damage|p2a: Toxapex|70\/100|[from] Spikes\n|turn|72\n|j| DragonPhoenix333\n|\n|t:|1697508734\n|move|p2a: Toxapex|Baneful Bunker|p2a: Toxapex\n|-singleturn|p2a: Toxapex|move: Protect\n|move|p1a: Corviknight|Roost|p1a: Corviknight\n|-heal|p1a: Corviknight|100\/100\n|-singleturn|p1a: Corviknight|move: Roost\n|\n|-weather|SunnyDay|[upkeep]\n|upkeep\n|turn|73\n|\n|t:|1697508744\n|move|p2a: Toxapex|Baneful Bunker||[still]\n|-fail|p2a: Toxapex\n|move|p1a: Corviknight|Taunt|p2a: Toxapex\n|-start|p2a: Toxapex|move: Taunt\n|\n|-weather|SunnyDay|[upkeep]\n|upkeep\n|turn|74\n|l| Dying field\n|\n|t:|1697508751\n|switch|p2a: Arceus|Arceus|76\/100\n|-damage|p2a: Arceus|64\/100|[from] Stealth Rock\n|-damage|p2a: Arceus|47\/100|[from] Spikes\n|move|p1a: Corviknight|Brave Bird|p2a: Arceus\n|-damage|p2a: Arceus|0 fnt\n|faint|p2a: Arceus\n|-damage|p1a: Corviknight|84\/100|[from] Recoil\n|\n|-weather|none\n|-heal|p1a: Corviknight|90\/100|[from] item: Leftovers\n|upkeep\n|\n|t:|1697508753\n|switch|p2a: Toxapex|Toxapex, M|100\/100\n|-damage|p2a: Toxapex|88\/100|[from] Stealth Rock\n|-damage|p2a: Toxapex|72\/100|[from] Spikes\n|turn|75\n|c| DragonPhoenix333|Well I was going to try to cut his Wi-Fi cord\n|l| E-boyxd69\n|c| Kycel|Go cut it quick bruh\n|j| PoliticalMan\n|c| DragonPhoenix333|But it\u2019s joever\n|j| Goomy Guy12345\n|inactive|KeshBa45 has 120 seconds left.\n|l|\u2606KeshBa45\n|inactive|KeshBa45 disconnected and has a minute to reconnect!\n|player|p1|\n|c| Kycel|Rip not seroo\n|c| Kycel|broooo\n|c|\u2606Not Seroo|lmao\n|c| Kycel|lmao\n|c| DragonPhoenix333|Holy shit no way\n|c| the zest of lie|only way to beat stall\n|c|\u2606Not Seroo|hes\n|c|\u2606Not Seroo|friking\n|c|\u2606Not Seroo|mocking me\n|c| Kycel|Not seroo pray to dragon phoenix\n|c| DragonPhoenix333|No shot\n|c| Kycel|for your life\n|inactive|KeshBa45 has 30 seconds to reconnect!\n|l| the zest of lie\n|c| Kycel|Lmao\n|c|@Jadino|he's trolling\n|inactive|KeshBa45 has 20 seconds to reconnect!\n|c|@Jadino|most likely\n|c| Kycel|You could probably just leave the tourney\n|inactive|KeshBa45 has 15 seconds to reconnect!\n|inactive|KeshBa45 has 10 seconds to reconnect!\n|c| Kycel|Nah he ain\u2019t coming back bro\n|c|\u2606Not Seroo|hes got a timer\n|j| RoyalReloaded\n|c| DragonPhoenix333|No shot\n|c|\u2606Not Seroo|for sure\n|inactive|KeshBa45 has 5 seconds to reconnect!\n|j| E-boyxd69\n|c|+Goro Yagami|he's joining\n|c|+Goro Yagami|nah\n|j| Dying field\n|-message|KeshBa45 lost due to inactivity.\n|\n|win|Not Seroo\n|n|\u2606Not Seroo|notseroo\n|n|*Lady Monita \u263d|ladymonita\n|n| Carly Paige|carlypaige\n|n| Kycel|kycel\n|n| bleahey|bleahey\n|n| christmas egirl|christmasegirl\n|n| Jadino|jadino\n|n| Chuchumur|chuchumur\n|n|+Goro Yagami|goroyagami\n|n| Hoennseptile|hoennseptile\n|n| Kate|kate\n|n| Tanishh|tanishh\n|n| Always Edgy|alwaysedgy\n|n| DragonPhoenix333|dragonphoenix333\n|n| PoliticalMan|politicalman\n|n| Goomy Guy12345|goomyguy12345\n|n| RoyalReloaded|royalreloaded\n|n| E-boyxd69|eboyxd69\n|n| Dying field|dyingfield\n|l|*Lady Monita \u263d\n|c|+Goro Yagami|LOL\n|c| Carly Paige|:skull:\n|c| Always Edgy|lol\n|c|\u2606Not Seroo|BRUHH\n|c| Jadino|,\n|c| christmas egirl|welp\n|c| Hoennseptile|lmao\n|c|\u2606Not Seroo|WTH\n|c| Kycel|LMAO\n|c| bleahey|LMFAOO\n|c|\u2606Not Seroo|im banned lol\n|c| Kycel|Lol\n|c| Kycel|kidnapped\n|l| E-boyxd69\n|c| Kycel|Hijacked\n|c|+Goro Yagami|DragonPhoenix333 found the power cord\n|c| DragonPhoenix333|Does that count\n|c|\u2606Not Seroo|KESH WHAT THE CRAP\n|c| Kycel|everything\n|c|+Goro Yagami|ty for your service\n|c| Dying field|lol\n|l| Always Edgy\n|c| Dying field|ban\n|c| Dying field|incoming\n|j|\u2606KeshBa45\n|player|p1|KeshBa45|red\n|l|\u2606KeshBa45\n|player|p1|\n|l| christmas egirl\n|l| bleahey\n|l| RoyalReloaded\n|c| PoliticalMan|this was a real pokemon experience\n|l|+Goro Yagami\n|l| PoliticalMan\n|j|+Goro Yagami\n|l| DragonPhoenix333\n|l| Dying field\n|l| Carly Paige\n|l|+Goro Yagami\n|l| Kate\n|j| Dying field\n|l| Dying field\n|j| DragonPhoenix333\n|j|+Goro Yagami\n|l| Chuchumur\n|l| DragonPhoenix333\n|l| Tanishh\n|l| Hoennseptile\n|j| DragonPhoenix333\n","uploadtime":1697508897,"views":45,"p1id":"keshba45","p2id":"notseroo","formatid":"gen9ubers","rating":0,"private":0,"password":""}