{"id":"gen9ubers-1973305262","p1":"SHREK 21(ALT.)","p2":"SteamLake","format":"[Gen 9] Ubers","log":"|j|\u2606SHREK 21(ALT.)\n|j|\u2606SteamLake\n|t:|1697951798\n|gametype|singles\n|player|p1|SHREK 21(ALT.)|265|1000\n|player|p2|SteamLake|169|1000\n|teamsize|p1|6\n|teamsize|p2|6\n|gen|9\n|tier|[Gen 9] Ubers\n|rated|\n|rule|Sleep Clause Mod: Limit one foe put to sleep\n|rule|Species Clause: Limit one of each Pok\u00e9mon\n|rule|OHKO Clause: OHKO moves are banned\n|rule|Evasion Items Clause: Evasion items are banned\n|rule|Evasion Moves Clause: Evasion moves are banned\n|rule|Endless Battle Clause: Forcing endless battles is banned\n|rule|HP Percentage Mod: HP is shown in percentages\n|clearpoke\n|poke|p1|Darkrai|\n|poke|p1|Ninetales-Alola, F|\n|poke|p1|Baxcalibur, M|\n|poke|p1|Chien-Pao|\n|poke|p1|Iron Bundle|\n|poke|p1|Spectrier|\n|poke|p2|Annihilape, F|\n|poke|p2|Rotom-Heat|\n|poke|p2|Grafaiai, F|\n|poke|p2|Empoleon, F|\n|poke|p2|Mandibuzz, F|\n|poke|p2|Wo-Chien|\n|teampreview\n|\n|t:|1697951805\n|start\n|switch|p1a: Baxcalibur|Baxcalibur, M|100\/100\n|switch|p2a: Empoleon|Empoleon, F, shiny|100\/100\n|turn|1\n|\n|t:|1697951814\n|move|p1a: Baxcalibur|Dragon Dance|p1a: Baxcalibur\n|-boost|p1a: Baxcalibur|atk|1\n|-boost|p1a: Baxcalibur|spe|1\n|move|p2a: Empoleon|Stealth Rock|p1a: Baxcalibur\n|-sidestart|p1: SHREK 21(ALT.)|move: Stealth Rock\n|\n|upkeep\n|turn|2\n|\n|t:|1697951820\n|move|p1a: Baxcalibur|Dragon Dance|p1a: Baxcalibur\n|-boost|p1a: Baxcalibur|atk|1\n|-boost|p1a: Baxcalibur|spe|1\n|move|p2a: Empoleon|Flash Cannon|p1a: Baxcalibur\n|-supereffective|p1a: Baxcalibur\n|-damage|p1a: Baxcalibur|21\/100\n|\n|upkeep\n|turn|3\n|\n|t:|1697951831\n|move|p1a: Baxcalibur|Earthquake|p2a: Empoleon\n|-supereffective|p2a: Empoleon\n|-damage|p2a: Empoleon|0 fnt\n|faint|p2a: Empoleon\n|\n|upkeep\n|\n|t:|1697951869\n|switch|p2a: Grafaiai|Grafaiai, F, shiny|100\/100\n|turn|4\n|\n|t:|1697951874\n|move|p2a: Grafaiai|Parting Shot|p1a: Baxcalibur\n|-unboost|p1a: Baxcalibur|atk|1\n|-unboost|p1a: Baxcalibur|spa|1\n|\n|t:|1697951878\n|switch|p2a: Rotom|Rotom-Heat, shiny|100\/100|[from] Parting Shot\n|move|p1a: Baxcalibur|Scale Shot|p2a: Rotom\n|-damage|p2a: Rotom|72\/100\n|-crit|p2a: Rotom\n|-damage|p2a: Rotom|27\/100\n|-damage|p2a: Rotom|0 fnt\n|faint|p2a: Rotom\n|-hitcount|p2: Rotom|3\n|-unboost|p1a: Baxcalibur|def|1\n|-boost|p1a: Baxcalibur|spe|1\n|\n|upkeep\n|\n|t:|1697951900\n|switch|p2a: Mandibuzz|Mandibuzz, F, shiny|100\/100\n|turn|5\n|\n|t:|1697951905\n|move|p1a: Baxcalibur|Dragon Dance|p1a: Baxcalibur\n|-boost|p1a: Baxcalibur|atk|1\n|-boost|p1a: Baxcalibur|spe|1\n|move|p2a: Mandibuzz|Whirlwind|p1a: Baxcalibur\n|drag|p1a: Iron Bundle|Iron Bundle, shiny|100\/100\n|-damage|p1a: Iron Bundle|76\/100|[from] Stealth Rock\n|\n|upkeep\n|turn|6\n|\n|t:|1697951916\n|move|p1a: Iron Bundle|Freeze-Dry|p2a: Mandibuzz\n|-supereffective|p2a: Mandibuzz\n|-damage|p2a: Mandibuzz|39\/100\n|-status|p2a: Mandibuzz|frz\n|cant|p2a: Mandibuzz|frz\n|\n|upkeep\n|turn|7\n|\n|t:|1697951927\n|-end|p1a: Iron Bundle|Quark Drive|[silent]\n|switch|p1a: Ninetales|Ninetales-Alola, F, shiny|100\/100\n|-damage|p1a: Ninetales|76\/100|[from] Stealth Rock\n|-weather|Snow|[from] ability: Snow Warning|[of] p1a: Ninetales\n|cant|p2a: Mandibuzz|frz\n|\n|-weather|Snow|[upkeep]\n|upkeep\n|turn|8\n|\n|t:|1697951939\n|switch|p2a: Annihilape|Annihilape, F, shiny|100\/100\n|move|p1a: Ninetales|Aurora Veil|p1a: Ninetales\n|-sidestart|p1: SHREK 21(ALT.)|move: Aurora Veil\n|\n|-weather|Snow|[upkeep]\n|upkeep\n|turn|9\n|\n|t:|1697951952\n|switch|p1a: Spectrier|Spectrier|100\/100\n|-damage|p1a: Spectrier|88\/100|[from] Stealth Rock\n|move|p2a: Annihilape|Bulk Up|p2a: Annihilape\n|-boost|p2a: Annihilape|atk|1\n|-boost|p2a: Annihilape|def|1\n|\n|-weather|Snow|[upkeep]\n|upkeep\n|turn|10\n|\n|t:|1697951962\n|move|p1a: Spectrier|Will-O-Wisp|p2a: Annihilape\n|-status|p2a: Annihilape|brn\n|move|p2a: Annihilape|Rage Fist|p1a: Spectrier\n|-supereffective|p1a: Spectrier\n|-crit|p1a: Spectrier\n|-damage|p1a: Spectrier|3\/100\n|\n|-weather|Snow|[upkeep]\n|-damage|p2a: Annihilape|94\/100 brn|[from] brn\n|upkeep\n|turn|11\n|\n|t:|1697951976\n|move|p1a: Spectrier|Hex|p2a: Annihilape\n|-supereffective|p2a: Annihilape\n|-damage|p2a: Annihilape|0 fnt\n|faint|p2a: Annihilape\n|-ability|p1a: Spectrier|Grim Neigh|boost\n|-boost|p1a: Spectrier|spa|1\n|\n|-weather|Snow|[upkeep]\n|upkeep\n|\n|t:|1697951989\n|switch|p2a: Grafaiai|Grafaiai, F, shiny|100\/100\n|turn|12\n|\n|t:|1697952004\n|move|p1a: Spectrier|Nasty Plot|p1a: Spectrier\n|-boost|p1a: Spectrier|spa|2\n|move|p2a: Grafaiai|Gunk Shot|p1a: Spectrier|[miss]\n|-miss|p2a: Grafaiai|p1a: Spectrier\n|\n|-weather|Snow|[upkeep]\n|-sideend|p1: SHREK 21(ALT.)|move: Aurora Veil\n|upkeep\n|turn|13\n|\n|t:|1697952012\n|move|p2a: Grafaiai|Toxic|p1a: Spectrier\n|-status|p1a: Spectrier|tox\n|move|p1a: Spectrier|Will-O-Wisp|p2a: Grafaiai\n|-status|p2a: Grafaiai|brn\n|\n|-weather|Snow|[upkeep]\n|-damage|p1a: Spectrier|0 fnt|[from] psn\n|faint|p1a: Spectrier\n|-damage|p2a: Grafaiai|94\/100 brn|[from] brn\n|upkeep\n|\n|t:|1697952022\n|switch|p1a: Iron Bundle|Iron Bundle, shiny|76\/100\n|-damage|p1a: Iron Bundle|51\/100|[from] Stealth Rock\n|turn|14\n|\n|t:|1697952032\n|move|p2a: Grafaiai|Toxic|p1a: Iron Bundle\n|-status|p1a: Iron Bundle|tox\n|move|p1a: Iron Bundle|Hydro Pump|p2a: Grafaiai\n|-damage|p2a: Grafaiai|24\/100 brn\n|\n|-weather|none\n|-damage|p1a: Iron Bundle|45\/100 tox|[from] psn\n|-damage|p2a: Grafaiai|18\/100 brn|[from] brn\n|upkeep\n|turn|15\n|\n|t:|1697952042\n|move|p2a: Grafaiai|Parting Shot|p1a: Iron Bundle\n|-unboost|p1a: Iron Bundle|atk|1\n|-unboost|p1a: Iron Bundle|spa|1\n|\n|t:|1697952046\n|switch|p2a: Wo-Chien|Wo-Chien|100\/100|[from] Parting Shot\n|-ability|p2a: Wo-Chien|Tablets of Ruin\n|move|p1a: Iron Bundle|Flip Turn|p2a: Wo-Chien\n|-resisted|p2a: Wo-Chien\n|-damage|p2a: Wo-Chien|97\/100\n|\n|t:|1697952051\n|-end|p1a: Iron Bundle|Quark Drive|[silent]\n|switch|p1a: Ninetales|Ninetales-Alola, F, shiny|76\/100|[from] Flip Turn\n|-damage|p1a: Ninetales|51\/100|[from] Stealth Rock\n|-weather|Snow|[from] ability: Snow Warning|[of] p1a: Ninetales\n|\n|-weather|Snow|[upkeep]\n|upkeep\n|turn|16\n|\n|t:|1697952067\n|move|p1a: Ninetales|Aurora Veil|p1a: Ninetales\n|-sidestart|p1: SHREK 21(ALT.)|move: Aurora Veil\n|move|p2a: Wo-Chien|Giga Drain|p1a: Ninetales\n|-damage|p1a: Ninetales|30\/100\n|-heal|p2a: Wo-Chien|100\/100|[from] drain|[of] p1a: Ninetales\n|\n|-weather|Snow|[upkeep]\n|upkeep\n|turn|17\n|\n|t:|1697952082\n|switch|p1a: Darkrai|Darkrai|100\/100\n|-damage|p1a: Darkrai|88\/100|[from] Stealth Rock\n|move|p2a: Wo-Chien|Leech Seed|p1a: Darkrai\n|-start|p1a: Darkrai|move: Leech Seed\n|\n|-weather|Snow|[upkeep]\n|-damage|p1a: Darkrai|76\/100|[from] Leech Seed|[of] p2a: Wo-Chien\n|upkeep\n|turn|18\n|\n|t:|1697952092\n|move|p1a: Darkrai|Nasty Plot|p1a: Darkrai\n|-boost|p1a: Darkrai|spa|2\n|move|p2a: Wo-Chien|Ruination|p1a: Darkrai\n|-damage|p1a: Darkrai|38\/100\n|\n|-weather|Snow|[upkeep]\n|-damage|p1a: Darkrai|26\/100|[from] Leech Seed|[of] p2a: Wo-Chien\n|upkeep\n|turn|19\n|\n|t:|1697952103\n|move|p1a: Darkrai|Blizzard|p2a: Wo-Chien\n|-supereffective|p2a: Wo-Chien\n|-damage|p2a: Wo-Chien|0 fnt\n|faint|p2a: Wo-Chien\n|\n|-weather|Snow|[upkeep]\n|upkeep\n|\n|t:|1697952110\n|switch|p2a: Grafaiai|Grafaiai, F, shiny|18\/100 brn\n|turn|20\n|\n|t:|1697952113\n|-terastallize|p1a: Darkrai|Ice\n|move|p1a: Darkrai|Blizzard|p2a: Grafaiai\n|-damage|p2a: Grafaiai|0 fnt\n|faint|p2a: Grafaiai\n|\n|-weather|Snow|[upkeep]\n|-sideend|p1: SHREK 21(ALT.)|move: Aurora Veil\n|upkeep\n|\n|t:|1697952122\n|switch|p2a: Mandibuzz|Mandibuzz, F, shiny|39\/100 frz\n|turn|21\n|\n|t:|1697952126\n|move|p1a: Darkrai|Blizzard|p2a: Mandibuzz\n|-supereffective|p2a: Mandibuzz\n|-damage|p2a: Mandibuzz|0 fnt\n|faint|p2a: Mandibuzz\n|\n|win|SHREK 21(ALT.)\n|raw|SHREK 21(ALT.)'s rating: 1000 &rarr; <strong>1040<\/strong><br \/>(+40 for winning)\n|raw|SteamLake's rating: 1000 &rarr; <strong>1000<\/strong><br \/>(+0 for losing)\n|c|\u2606SHREK 21(ALT.)|Gg\n|l|\u2606SteamLake\n","uploadtime":1697952139,"views":8,"p1id":"shrek21alt","p2id":"steamlake","formatid":"gen9ubers","rating":1000,"private":0,"password":""}