{"id":"gen9ubers-1989158732","p1":"Anne Frankkkk","p2":"Neyrix","format":"[Gen 9] Ubers","log":"|j|\u2606Anne Frankkkk\n|j|\u2606Neyrix\n|t:|1699818455\n|gametype|singles\n|player|p1|Anne Frankkkk|hilbert|1165\n|player|p2|Neyrix|ghetsis|1111\n|teamsize|p1|6\n|teamsize|p2|6\n|gen|9\n|tier|[Gen 9] Ubers\n|rated|\n|rule|Sleep Clause Mod: Limit one foe put to sleep\n|rule|Species Clause: Limit one of each Pok\u00e9mon\n|rule|OHKO Clause: OHKO moves are banned\n|rule|Evasion Items Clause: Evasion items are banned\n|rule|Evasion Moves Clause: Evasion moves are banned\n|rule|Endless Battle Clause: Forcing endless battles is banned\n|rule|HP Percentage Mod: HP is shown in percentages\n|clearpoke\n|poke|p1|Iron Hands|\n|poke|p1|Kyogre|\n|poke|p1|Chien-Pao|\n|poke|p1|Ribombee, F|\n|poke|p1|Miraidon|\n|poke|p1|Flutter Mane|\n|poke|p2|Arceus-Steel|\n|poke|p2|Cyclizar, F|\n|poke|p2|Volcarona, F|\n|poke|p2|Groudon|\n|poke|p2|Rillaboom, F|\n|poke|p2|Ogerpon-Wellspring, F|\n|teampreview\n|inactive|Battle timer is ON: inactive players will automatically lose when time's up. (requested by Neyrix)\n|\n|t:|1699818470\n|start\n|switch|p1a: Moonblast|Ribombee, F, shiny|100\/100\n|switch|p2a: Cyclizar|Cyclizar, F, shiny|100\/100\n|turn|1\n|\n|t:|1699818477\n|move|p2a: Cyclizar|Shed Tail|p2a: Cyclizar\n|-start|p2a: Cyclizar|Substitute|[from] move: Shed Tail\n|-damage|p2a: Cyclizar|50\/100\n|\n|t:|1699818480\n|switch|p2a: Volcarona|Volcarona, F, shiny|100\/100|[from] Shed Tail\n|move|p1a: Moonblast|Moonblast|p2a: Volcarona\n|-resisted|p2a: Volcarona\n|-crit|p2a: Volcarona\n|-end|p2a: Volcarona|Substitute\n|\n|upkeep\n|turn|2\n|\n|t:|1699818492\n|move|p1a: Moonblast|Stun Spore|p2a: Volcarona\n|-status|p2a: Volcarona|par\n|move|p2a: Volcarona|Quiver Dance|p2a: Volcarona\n|-boost|p2a: Volcarona|spa|1\n|-boost|p2a: Volcarona|spd|1\n|-boost|p2a: Volcarona|spe|1\n|\n|upkeep\n|turn|3\n|\n|t:|1699818503\n|move|p1a: Moonblast|Sticky Web|p2a: Volcarona\n|-sidestart|p2: Neyrix|move: Sticky Web\n|move|p2a: Volcarona|Fiery Dance|p1a: Moonblast\n|-supereffective|p1a: Moonblast\n|-enditem|p1a: Moonblast|Focus Sash\n|-damage|p1a: Moonblast|1\/100\n|-boost|p2a: Volcarona|spa|1\n|\n|upkeep\n|turn|4\n|\n|t:|1699818512\n|move|p1a: Moonblast|Moonblast|p2a: Volcarona\n|-resisted|p2a: Volcarona\n|-damage|p2a: Volcarona|88\/100 par\n|-unboost|p2a: Volcarona|spa|1\n|cant|p2a: Volcarona|par\n|\n|-heal|p2a: Volcarona|94\/100 par|[from] item: Leftovers\n|upkeep\n|turn|5\n|\n|t:|1699818521\n|move|p1a: Moonblast|Moonblast|p2a: Volcarona\n|-resisted|p2a: Volcarona\n|-damage|p2a: Volcarona|82\/100 par\n|-unboost|p2a: Volcarona|spa|1\n|move|p2a: Volcarona|Fiery Dance|p1a: Moonblast\n|-supereffective|p1a: Moonblast\n|-damage|p1a: Moonblast|0 fnt\n|-boost|p2a: Volcarona|spa|1\n|faint|p1a: Moonblast\n|\n|-heal|p2a: Volcarona|88\/100 par|[from] item: Leftovers\n|upkeep\n|\n|t:|1699818527\n|switch|p1a: Ice Cat|Chien-Pao|100\/100\n|-ability|p1a: Ice Cat|Sword of Ruin\n|turn|6\n|\n|t:|1699818537\n|move|p1a: Ice Cat|Swords Dance|p1a: Ice Cat\n|-boost|p1a: Ice Cat|atk|2\n|move|p2a: Volcarona|Fiery Dance|p1a: Ice Cat\n|-supereffective|p1a: Ice Cat\n|-enditem|p1a: Ice Cat|Focus Sash\n|-damage|p1a: Ice Cat|1\/100\n|-boost|p2a: Volcarona|spa|1\n|\n|-heal|p2a: Volcarona|94\/100 par|[from] item: Leftovers\n|upkeep\n|turn|7\n|\n|t:|1699818549\n|move|p1a: Ice Cat|Sucker Punch|p2a: Volcarona\n|-damage|p2a: Volcarona|0 fnt\n|faint|p2a: Volcarona\n|\n|upkeep\n|c|\u2606Neyrix|This is a cat ?\n|inactive|Neyrix has 120 seconds left.\n|\n|t:|1699818577\n|switch|p2a: Rillaboom|Rillaboom, F, shiny|100\/100\n|-activate|p2a: Rillaboom|move: Sticky Web\n|-unboost|p2a: Rillaboom|spe|1\n|-fieldstart|move: Grassy Terrain|[from] ability: Grassy Surge|[of] p2a: Rillaboom\n|turn|8\n|inactive|Neyrix has 120 seconds left.\n|\n|t:|1699818588\n|-terastallize|p1a: Ice Cat|Dark\n|move|p1a: Ice Cat|Sucker Punch|p2a: Rillaboom\n|-damage|p2a: Rillaboom|0 fnt\n|faint|p2a: Rillaboom\n|\n|-heal|p1a: Ice Cat|7\/100|[from] Grassy Terrain\n|upkeep\n|inactive|Neyrix has 120 seconds left.\n|\n|t:|1699818604\n|switch|p2a: Groudon|Groudon, shiny|100\/100\n|-activate|p2a: Groudon|move: Sticky Web\n|-unboost|p2a: Groudon|spe|1\n|-weather|SunnyDay|[from] ability: Drought|[of] p2a: Groudon\n|turn|9\n|\n|t:|1699818618\n|-terastallize|p2a: Groudon|Fire\n|move|p1a: Ice Cat|Ice Spinner|p2a: Groudon\n|-resisted|p2a: Groudon\n|-damage|p2a: Groudon|57\/100\n|-fieldend|move: Grassy Terrain\n|move|p2a: Groudon|Will-O-Wisp|p1a: Ice Cat|[miss]\n|-miss|p2a: Groudon|p1a: Ice Cat\n|\n|-weather|SunnyDay|[upkeep]\n|upkeep\n|turn|10\n|\n|t:|1699818630\n|move|p1a: Ice Cat|Sucker Punch||[still]\n|-fail|p1a: Ice Cat\n|move|p2a: Groudon|Will-O-Wisp|p1a: Ice Cat\n|-status|p1a: Ice Cat|brn\n|\n|-weather|SunnyDay|[upkeep]\n|-damage|p1a: Ice Cat|1\/100 brn|[from] brn\n|upkeep\n|turn|11\n|\n|t:|1699818639\n|move|p1a: Ice Cat|Sacred Sword|p2a: Groudon\n|-damage|p2a: Groudon|25\/100\n|move|p2a: Groudon|Stealth Rock|p1a: Ice Cat\n|-sidestart|p1: Anne Frankkkk|move: Stealth Rock\n|\n|-weather|SunnyDay|[upkeep]\n|-damage|p1a: Ice Cat|0 fnt|[from] brn\n|faint|p1a: Ice Cat\n|upkeep\n|\n|t:|1699818658\n|switch|p1a: OHKO|Kyogre|100\/100\n|-damage|p1a: OHKO|88\/100|[from] Stealth Rock\n|-weather|RainDance|[from] ability: Drizzle|[of] p1a: OHKO\n|turn|12\n|inactive|Neyrix has 120 seconds left.\n|\n|t:|1699818669\n|switch|p2a: Ogerpon|Ogerpon-Wellspring, F|100\/100\n|-activate|p2a: Ogerpon|move: Sticky Web\n|-unboost|p2a: Ogerpon|spe|1\n|move|p1a: OHKO|Water Spout|p2a: Ogerpon\n|-immune|p2a: Ogerpon|[from] ability: Water Absorb\n|\n|-weather|RainDance|[upkeep]\n|upkeep\n|turn|13\n|\n|t:|1699818679\n|switch|p1a: Big Boy|Iron Hands, shiny|100\/100\n|-damage|p1a: Big Boy|94\/100|[from] Stealth Rock\n|move|p2a: Ogerpon|Trailblaze|p1a: Big Boy\n|-damage|p1a: Big Boy|77\/100\n|-boost|p2a: Ogerpon|spe|1\n|\n|-weather|RainDance|[upkeep]\n|upkeep\n|turn|14\n|\n|t:|1699818692\n|move|p1a: Big Boy|Fake Out|p2a: Ogerpon\n|-damage|p2a: Ogerpon|78\/100\n|cant|p2a: Ogerpon|flinch\n|\n|-weather|RainDance|[upkeep]\n|upkeep\n|turn|15\n|\n|t:|1699818699\n|move|p2a: Ogerpon|Play Rough|p1a: Big Boy\n|-supereffective|p1a: Big Boy\n|-damage|p1a: Big Boy|32\/100\n|move|p1a: Big Boy|Wild Charge|p2a: Ogerpon\n|-damage|p2a: Ogerpon|4\/100\n|-damage|p1a: Big Boy|21\/100|[from] Recoil\n|\n|-weather|RainDance|[upkeep]\n|upkeep\n|turn|16\n|\n|t:|1699818714\n|move|p2a: Ogerpon|Play Rough|p1a: Big Boy\n|-supereffective|p1a: Big Boy\n|-damage|p1a: Big Boy|0 fnt\n|faint|p1a: Big Boy\n|-end|p1a: Big Boy|Quark Drive|[silent]\n|\n|-weather|none\n|upkeep\n|\n|t:|1699818718\n|switch|p1a: Misdreavius|Flutter Mane, shiny|100\/100\n|-damage|p1a: Misdreavius|88\/100|[from] Stealth Rock\n|-enditem|p1a: Misdreavius|Booster Energy\n|-activate|p1a: Misdreavius|ability: Protosynthesis|[fromitem]\n|-start|p1a: Misdreavius|protosynthesisspe\n|turn|17\n|\n|t:|1699818732\n|move|p1a: Misdreavius|Moonblast|p2a: Ogerpon\n|-damage|p2a: Ogerpon|0 fnt\n|faint|p2a: Ogerpon\n|\n|upkeep\n|\n|t:|1699818737\n|switch|p2a: Arceus|Arceus-Steel, shiny|100\/100\n|-activate|p2a: Arceus|move: Sticky Web\n|-unboost|p2a: Arceus|spe|1\n|turn|18\n|\n|t:|1699818747\n|-end|p1a: Misdreavius|Protosynthesis|[silent]\n|switch|p1a: OHKO|Kyogre|88\/100\n|-damage|p1a: OHKO|76\/100|[from] Stealth Rock\n|-weather|RainDance|[from] ability: Drizzle|[of] p1a: OHKO\n|move|p2a: Arceus|Iron Head|p1a: OHKO\n|-resisted|p1a: OHKO\n|-damage|p1a: OHKO|48\/100\n|\n|-weather|RainDance|[upkeep]\n|upkeep\n|turn|19\n|\n|t:|1699818758\n|move|p1a: OHKO|Origin Pulse|p2a: Arceus\n|-damage|p2a: Arceus|7\/100\n|move|p2a: Arceus|Dragon Dance|p2a: Arceus\n|-boost|p2a: Arceus|atk|1\n|-boost|p2a: Arceus|spe|1\n|\n|-weather|RainDance|[upkeep]\n|upkeep\n|turn|20\n|\n|t:|1699818768\n|move|p1a: OHKO|Origin Pulse|p2a: Arceus\n|-damage|p2a: Arceus|0 fnt\n|faint|p2a: Arceus\n|\n|-weather|RainDance|[upkeep]\n|upkeep\n|\n|t:|1699818783\n|switch|p2a: Cyclizar|Cyclizar, F, shiny|84\/100\n|-activate|p2a: Cyclizar|move: Sticky Web\n|-unboost|p2a: Cyclizar|spe|1\n|turn|21\n|\n|t:|1699818796\n|move|p2a: Cyclizar|Body Slam|p1a: OHKO\n|-damage|p1a: OHKO|18\/100\n|move|p1a: OHKO|Origin Pulse|p2a: Cyclizar\n|-resisted|p2a: Cyclizar\n|-damage|p2a: Cyclizar|0 fnt\n|faint|p2a: Cyclizar\n|\n|-weather|RainDance|[upkeep]\n|upkeep\n|-message|Neyrix forfeited.\n|\n|win|Anne Frankkkk\n|raw|Anne Frankkkk's rating: 1207 &rarr; <strong>1225<\/strong><br \/>(+18 for winning)\n|raw|Neyrix's rating: 1111 &rarr; <strong>1093<\/strong><br \/>(-18 for losing)\n|l|\u2606Neyrix\n","uploadtime":1699818809,"views":8,"p1id":"annefrankkkk","p2id":"neyrix","formatid":"gen9ubers","rating":1093,"private":0,"password":""}