{"id":"gen9ubers-1983014390","p1":"rooster45","p2":"yyeuo","format":"[Gen 9] Ubers","log":"|j|\u2606rooster45\n|j|\u2606yyeuo\n|t:|1699070134\n|gametype|singles\n|player|p1|rooster45|burglar|1061\n|player|p2|yyeuo|steven|1154\n|teamsize|p1|6\n|teamsize|p2|6\n|gen|9\n|tier|[Gen 9] Ubers\n|rated|\n|rule|Sleep Clause Mod: Limit one foe put to sleep\n|rule|Species Clause: Limit one of each Pok\u00e9mon\n|rule|OHKO Clause: OHKO moves are banned\n|rule|Evasion Items Clause: Evasion items are banned\n|rule|Evasion Moves Clause: Evasion moves are banned\n|rule|Endless Battle Clause: Forcing endless battles is banned\n|rule|HP Percentage Mod: HP is shown in percentages\n|clearpoke\n|poke|p1|Toxapex, F|\n|poke|p1|Magearna|\n|poke|p1|Dragapult, M|\n|poke|p1|Jirachi|\n|poke|p1|Iron Moth|\n|poke|p1|Vivillon-Garden, M|\n|poke|p2|Eiscue, M|\n|poke|p2|Ninetales-Alola, M|\n|poke|p2|Iron Bundle|\n|poke|p2|Arceus|\n|poke|p2|Flutter Mane|\n|poke|p2|Orthworm, F|\n|teampreview\n|\n|t:|1699070139\n|start\n|switch|p1a: Iron Moth|Iron Moth|100\/100\n|switch|p2a: Orthworm|Orthworm, F|100\/100\n|-enditem|p1a: Iron Moth|Booster Energy\n|-activate|p1a: Iron Moth|ability: Quark Drive|[fromitem]\n|-start|p1a: Iron Moth|quarkdrivespa\n|turn|1\n|inactive|Battle timer is ON: inactive players will automatically lose when time's up. (requested by yyeuo)\n|\n|t:|1699070150\n|-terastallize|p1a: Iron Moth|Grass\n|move|p1a: Iron Moth|Energy Ball|p2a: Orthworm\n|-resisted|p2a: Orthworm\n|-damage|p2a: Orthworm|66\/100\n|move|p2a: Orthworm|Shed Tail|p2a: Orthworm\n|-start|p2a: Orthworm|Substitute|[from] move: Shed Tail\n|-damage|p2a: Orthworm|16\/100\n|j| phul jhadee\n|\n|t:|1699070157\n|switch|p2a: Eiscue|Eiscue, M, shiny|100\/100|[from] Shed Tail\n|\n|upkeep\n|turn|2\n|l| phul jhadee\n|\n|t:|1699070173\n|-end|p1a: Iron Moth|Quark Drive|[silent]\n|switch|p1a: Dragapult|Dragapult, M|100\/100\n|move|p2a: Eiscue|Icicle Spear|p1a: Dragapult\n|-supereffective|p1a: Dragapult\n|-damage|p1a: Dragapult|74\/100\n|-supereffective|p1a: Dragapult\n|-damage|p1a: Dragapult|49\/100\n|-hitcount|p1a: Dragapult|2\n|\n|upkeep\n|turn|3\n|\n|t:|1699070186\n|move|p1a: Dragapult|U-turn|p2a: Eiscue\n|-activate|p2a: Eiscue|ability: Ice Face\n|-damage|p2a: Eiscue|100\/100\n|detailschange|p2a: Eiscue|Eiscue-Noice, M, shiny\n|\n|t:|1699070192\n|switch|p1a: Toxapex|Toxapex, F|100\/100|[from] U-turn\n|move|p2a: Eiscue|Icicle Spear|p1a: Toxapex\n|-resisted|p1a: Toxapex\n|-damage|p1a: Toxapex|96\/100\n|-resisted|p1a: Toxapex\n|-damage|p1a: Toxapex|93\/100\n|-resisted|p1a: Toxapex\n|-damage|p1a: Toxapex|89\/100\n|-resisted|p1a: Toxapex\n|-damage|p1a: Toxapex|85\/100\n|-resisted|p1a: Toxapex\n|-damage|p1a: Toxapex|80\/100\n|-hitcount|p1a: Toxapex|5\n|\n|-heal|p1a: Toxapex|86\/100|[from] item: Black Sludge\n|upkeep\n|turn|4\n|\n|t:|1699070212\n|switch|p2a: Orthworm|Orthworm, F|16\/100\n|switch|p1a: Jirachi|Jirachi|100\/100\n|\n|-heal|p2a: Orthworm|22\/100|[from] item: Leftovers\n|upkeep\n|turn|5\n|\n|t:|1699070220\n|move|p1a: Jirachi|Thunder Wave|p2a: Orthworm\n|-status|p2a: Orthworm|par\n|move|p2a: Orthworm|Stealth Rock|p1a: Jirachi\n|-sidestart|p1: rooster45|move: Stealth Rock\n|\n|-heal|p2a: Orthworm|28\/100 par|[from] item: Leftovers\n|upkeep\n|turn|6\n|\n|t:|1699070228\n|move|p1a: Jirachi|Iron Head|p2a: Orthworm\n|-resisted|p2a: Orthworm\n|-damage|p2a: Orthworm|18\/100 par\n|move|p2a: Orthworm|Spikes|p1a: Jirachi\n|-sidestart|p1: rooster45|Spikes\n|\n|-heal|p2a: Orthworm|24\/100 par|[from] item: Leftovers\n|upkeep\n|turn|7\n|\n|t:|1699070236\n|move|p1a: Jirachi|Iron Head|p2a: Orthworm\n|-resisted|p2a: Orthworm\n|-damage|p2a: Orthworm|13\/100 par\n|cant|p2a: Orthworm|flinch\n|\n|-heal|p2a: Orthworm|19\/100 par|[from] item: Leftovers\n|upkeep\n|turn|8\n|\n|t:|1699070244\n|move|p1a: Jirachi|Iron Head|p2a: Orthworm\n|-resisted|p2a: Orthworm\n|-damage|p2a: Orthworm|10\/100 par\n|move|p2a: Orthworm|Spikes|p1a: Jirachi\n|-sidestart|p1: rooster45|Spikes\n|\n|-heal|p2a: Orthworm|16\/100 par|[from] item: Leftovers\n|upkeep\n|turn|9\n|\n|t:|1699070252\n|move|p1a: Jirachi|Iron Head|p2a: Orthworm\n|-resisted|p2a: Orthworm\n|-damage|p2a: Orthworm|6\/100 par\n|cant|p2a: Orthworm|flinch\n|\n|-heal|p2a: Orthworm|12\/100 par|[from] item: Leftovers\n|upkeep\n|turn|10\n|\n|t:|1699070260\n|move|p1a: Jirachi|Iron Head|p2a: Orthworm\n|-resisted|p2a: Orthworm\n|-damage|p2a: Orthworm|2\/100 par\n|cant|p2a: Orthworm|flinch\n|\n|-heal|p2a: Orthworm|8\/100 par|[from] item: Leftovers\n|upkeep\n|turn|11\n|\n|t:|1699070268\n|move|p2a: Orthworm|Protect|p2a: Orthworm\n|-singleturn|p2a: Orthworm|Protect\n|move|p1a: Jirachi|Iron Head|p2a: Orthworm\n|-activate|p2a: Orthworm|move: Protect\n|\n|-heal|p2a: Orthworm|14\/100 par|[from] item: Leftovers\n|upkeep\n|turn|12\n|\n|t:|1699070272\n|move|p1a: Jirachi|Iron Head|p2a: Orthworm\n|-resisted|p2a: Orthworm\n|-damage|p2a: Orthworm|4\/100 par\n|cant|p2a: Orthworm|flinch\n|\n|-heal|p2a: Orthworm|10\/100 par|[from] item: Leftovers\n|upkeep\n|turn|13\n|\n|t:|1699070280\n|cant|p2a: Orthworm|par\n|move|p1a: Jirachi|Iron Head|p2a: Orthworm\n|-resisted|p2a: Orthworm\n|-damage|p2a: Orthworm|0 fnt\n|faint|p2a: Orthworm\n|\n|upkeep\n|\n|t:|1699070286\n|switch|p2a: Ninetales|Ninetales-Alola, M, shiny|100\/100\n|-weather|Snow|[from] ability: Snow Warning|[of] p2a: Ninetales\n|turn|14\n|\n|t:|1699070290\n|move|p1a: Jirachi|Thunder Wave|p2a: Ninetales\n|-status|p2a: Ninetales|par\n|move|p2a: Ninetales|Disable|p1a: Jirachi\n|-start|p1a: Jirachi|Disable|Thunder Wave\n|\n|-weather|Snow|[upkeep]\n|upkeep\n|turn|15\n|\n|t:|1699070299\n|move|p1a: Jirachi|Iron Head|p2a: Ninetales\n|-supereffective|p2a: Ninetales\n|-damage|p2a: Ninetales|25\/100 par\n|cant|p2a: Ninetales|par\n|\n|-weather|Snow|[upkeep]\n|-heal|p2a: Ninetales|32\/100 par|[from] item: Leftovers\n|upkeep\n|turn|16\n|\n|t:|1699070307\n|move|p1a: Jirachi|Iron Head|p2a: Ninetales\n|-supereffective|p2a: Ninetales\n|-crit|p2a: Ninetales\n|-damage|p2a: Ninetales|0 fnt\n|faint|p2a: Ninetales\n|\n|-weather|Snow|[upkeep]\n|upkeep\n|\n|t:|1699070315\n|switch|p2a: Flutter Mane|Flutter Mane|100\/100\n|-enditem|p2a: Flutter Mane|Booster Energy\n|-activate|p2a: Flutter Mane|ability: Protosynthesis|[fromitem]\n|-start|p2a: Flutter Mane|protosynthesisspe\n|turn|17\n|\n|t:|1699070321\n|move|p1a: Jirachi|Protect|p1a: Jirachi\n|-singleturn|p1a: Jirachi|Protect\n|move|p2a: Flutter Mane|Mystical Fire|p1a: Jirachi\n|-activate|p1a: Jirachi|move: Protect\n|\n|-weather|Snow|[upkeep]\n|upkeep\n|turn|18\n|\n|t:|1699070331\n|switch|p1a: Toxapex|Toxapex, F|100\/100\n|-damage|p1a: Toxapex|88\/100|[from] Stealth Rock\n|-damage|p1a: Toxapex|72\/100|[from] Spikes\n|move|p2a: Flutter Mane|Mystical Fire|p1a: Toxapex\n|-resisted|p1a: Toxapex\n|-damage|p1a: Toxapex|62\/100\n|-unboost|p1a: Toxapex|spa|1\n|\n|-weather|none\n|-heal|p1a: Toxapex|68\/100|[from] item: Black Sludge\n|upkeep\n|turn|19\n|\n|t:|1699070344\n|move|p2a: Flutter Mane|Thunderbolt|p1a: Toxapex\n|-supereffective|p1a: Toxapex\n|-damage|p1a: Toxapex|17\/100\n|move|p1a: Toxapex|Toxic|p2a: Flutter Mane\n|-status|p2a: Flutter Mane|tox\n|\n|-heal|p1a: Toxapex|24\/100|[from] item: Black Sludge\n|-damage|p2a: Flutter Mane|95\/100 tox|[from] psn\n|upkeep\n|turn|20\n|\n|t:|1699070354\n|move|p1a: Toxapex|Baneful Bunker|p1a: Toxapex\n|-singleturn|p1a: Toxapex|move: Protect\n|move|p2a: Flutter Mane|Shadow Ball|p1a: Toxapex\n|-activate|p1a: Toxapex|move: Protect\n|\n|-heal|p1a: Toxapex|30\/100|[from] item: Black Sludge\n|-damage|p2a: Flutter Mane|83\/100 tox|[from] psn\n|upkeep\n|turn|21\n|\n|t:|1699070369\n|switch|p1a: Magearna|Magearna|100\/100\n|-damage|p1a: Magearna|95\/100|[from] Stealth Rock\n|-damage|p1a: Magearna|78\/100|[from] Spikes\n|move|p2a: Flutter Mane|Shadow Ball|p1a: Magearna\n|-damage|p1a: Magearna|43\/100\n|\n|-damage|p2a: Flutter Mane|65\/100 tox|[from] psn\n|upkeep\n|turn|22\n|\n|t:|1699070380\n|move|p2a: Flutter Mane|Mystical Fire|p1a: Magearna\n|-supereffective|p1a: Magearna\n|-damage|p1a: Magearna|2\/100\n|move|p1a: Magearna|Trick Room|p1a: Magearna\n|-fieldstart|move: Trick Room|[of] p1a: Magearna\n|\n|-damage|p2a: Flutter Mane|41\/100 tox|[from] psn\n|upkeep\n|turn|23\n|\n|t:|1699070388\n|move|p1a: Magearna|Draining Kiss|p2a: Flutter Mane\n|-damage|p2a: Flutter Mane|16\/100 tox\n|-heal|p1a: Magearna|18\/100|[from] drain|[of] p2a: Flutter Mane\n|move|p2a: Flutter Mane|Mystical Fire|p1a: Magearna\n|-supereffective|p1a: Magearna\n|-damage|p1a: Magearna|0 fnt\n|faint|p1a: Magearna\n|\n|-damage|p2a: Flutter Mane|0 fnt|[from] psn\n|faint|p2a: Flutter Mane\n|-end|p2a: Flutter Mane|Protosynthesis|[silent]\n|upkeep\n|\n|t:|1699070403\n|switch|p1a: Toxapex|Toxapex, F|63\/100\n|switch|p2a: Eiscue|Eiscue-Noice, M, shiny|100\/100\n|-damage|p1a: Toxapex|50\/100|[from] Stealth Rock\n|-damage|p1a: Toxapex|34\/100|[from] Spikes\n|turn|24\n|\n|t:|1699070411\n|move|p1a: Toxapex|Toxic|p2a: Eiscue\n|-status|p2a: Eiscue|tox\n|move|p2a: Eiscue|Substitute|p2a: Eiscue\n|-start|p2a: Eiscue|Substitute\n|-damage|p2a: Eiscue|75\/100 tox\n|\n|-heal|p1a: Toxapex|40\/100|[from] item: Black Sludge\n|-damage|p2a: Eiscue|69\/100 tox|[from] psn\n|upkeep\n|turn|25\n|\n|t:|1699070420\n|move|p1a: Toxapex|Recover|p1a: Toxapex\n|-heal|p1a: Toxapex|90\/100\n|move|p2a: Eiscue|Icicle Spear|p1a: Toxapex\n|-resisted|p1a: Toxapex\n|-damage|p1a: Toxapex|86\/100\n|-resisted|p1a: Toxapex\n|-damage|p1a: Toxapex|82\/100\n|-resisted|p1a: Toxapex\n|-damage|p1a: Toxapex|78\/100\n|-hitcount|p1a: Toxapex|3\n|\n|-heal|p1a: Toxapex|84\/100|[from] item: Black Sludge\n|-damage|p2a: Eiscue|57\/100 tox|[from] psn\n|upkeep\n|turn|26\n|\n|t:|1699070434\n|move|p1a: Toxapex|Toxic||[still]\n|-fail|p1a: Toxapex\n|move|p2a: Eiscue|Belly Drum|p2a: Eiscue\n|-damage|p2a: Eiscue|7\/100 tox\n|-setboost|p2a: Eiscue|atk|6|[from] move: Belly Drum\n|-enditem|p2a: Eiscue|Salac Berry|[eat]\n|-boost|p2a: Eiscue|spe|1|[from] item: Salac Berry\n|\n|-heal|p1a: Toxapex|91\/100|[from] item: Black Sludge\n|-damage|p2a: Eiscue|0 fnt|[from] psn\n|faint|p2a: Eiscue\n|-fieldend|move: Trick Room\n|upkeep\n|\n|t:|1699070438\n|switch|p2a: Iron Bundle|Iron Bundle|100\/100\n|-enditem|p2a: Iron Bundle|Booster Energy\n|-activate|p2a: Iron Bundle|ability: Quark Drive|[fromitem]\n|-start|p2a: Iron Bundle|quarkdrivespa\n|turn|27\n|\n|t:|1699070445\n|-terastallize|p2a: Iron Bundle|Ice\n|move|p2a: Iron Bundle|Freeze-Dry|p1a: Toxapex\n|-supereffective|p1a: Toxapex\n|-damage|p1a: Toxapex|0 fnt\n|faint|p1a: Toxapex\n|\n|upkeep\n|\n|t:|1699070456\n|switch|p1a: Jirachi|Jirachi|100\/100\n|-damage|p1a: Jirachi|94\/100|[from] Stealth Rock\n|-damage|p1a: Jirachi|78\/100|[from] Spikes\n|turn|28\n|\n|t:|1699070482\n|move|p2a: Iron Bundle|Freeze-Dry|p1a: Jirachi\n|-resisted|p1a: Jirachi\n|-damage|p1a: Jirachi|53\/100\n|move|p1a: Jirachi|Thunder Wave|p2a: Iron Bundle\n|-status|p2a: Iron Bundle|par\n|\n|-heal|p1a: Jirachi|59\/100|[from] item: Leftovers\n|upkeep\n|turn|29\n|\n|t:|1699070493\n|move|p1a: Jirachi|Wish|p1a: Jirachi\n|move|p2a: Iron Bundle|Air Cutter|p1a: Jirachi\n|-resisted|p1a: Jirachi\n|-damage|p1a: Jirachi|49\/100\n|\n|-heal|p1a: Jirachi|55\/100|[from] item: Leftovers\n|upkeep\n|turn|30\n|\n|t:|1699070502\n|move|p1a: Jirachi|Iron Head|p2a: Iron Bundle\n|-supereffective|p2a: Iron Bundle\n|-damage|p2a: Iron Bundle|29\/100 par\n|cant|p2a: Iron Bundle|flinch\n|\n|-heal|p1a: Jirachi|100\/100|[from] move: Wish|[wisher] Jirachi\n|upkeep\n|turn|31\n|\n|t:|1699070510\n|move|p1a: Jirachi|Iron Head|p2a: Iron Bundle\n|-supereffective|p2a: Iron Bundle\n|-damage|p2a: Iron Bundle|0 fnt\n|faint|p2a: Iron Bundle\n|-end|p2a: Iron Bundle|Quark Drive|[silent]\n|\n|upkeep\n|\n|t:|1699070514\n|switch|p2a: Arceus|Arceus|100\/100\n|turn|32\n|\n|t:|1699070521\n|move|p2a: Arceus|Earthquake|p1a: Jirachi\n|-supereffective|p1a: Jirachi\n|-damage|p1a: Jirachi|43\/100\n|move|p1a: Jirachi|Thunder Wave|p2a: Arceus\n|-status|p2a: Arceus|par\n|\n|-heal|p1a: Jirachi|49\/100|[from] item: Leftovers\n|upkeep\n|turn|33\n|\n|t:|1699070530\n|move|p1a: Jirachi|Iron Head|p2a: Arceus\n|-damage|p2a: Arceus|78\/100 par\n|move|p2a: Arceus|Earthquake|p1a: Jirachi\n|-supereffective|p1a: Jirachi\n|-damage|p1a: Jirachi|0 fnt\n|faint|p1a: Jirachi\n|\n|upkeep\n|\n|t:|1699070544\n|switch|p1a: Iron Moth|Iron Moth, tera:Grass|100\/100\n|-damage|p1a: Iron Moth|88\/100|[from] Stealth Rock\n|-damage|p1a: Iron Moth|72\/100|[from] Spikes\n|turn|34\n|\n|t:|1699070557\n|move|p1a: Iron Moth|Energy Ball|p2a: Arceus\n|-damage|p2a: Arceus|41\/100 par\n|move|p2a: Arceus|Poison Jab|p1a: Iron Moth\n|-supereffective|p1a: Iron Moth\n|-damage|p1a: Iron Moth|0 fnt\n|faint|p1a: Iron Moth\n|-end|p1a: Iron Moth|Quark Drive|[silent]\n|\n|upkeep\n|\n|t:|1699070566\n|switch|p1a: Vivillon|Vivillon-Garden, M|100\/100\n|-damage|p1a: Vivillon|50\/100|[from] Stealth Rock\n|turn|35\n|\n|t:|1699070576\n|cant|p2a: Arceus|par\n|move|p1a: Vivillon|Giga Drain|p2a: Arceus\n|-damage|p2a: Arceus|25\/100 par\n|-heal|p1a: Vivillon|60\/100|[from] drain|[of] p2a: Arceus\n|\n|upkeep\n|turn|36\n|\n|t:|1699070584\n|move|p2a: Arceus|Extreme Speed|p1a: Vivillon\n|-enditem|p2a: Arceus|Normal Gem|[from] gem\n|-damage|p1a: Vivillon|0 fnt\n|faint|p1a: Vivillon\n|\n|upkeep\n|\n|t:|1699070590\n|switch|p1a: Dragapult|Dragapult, M|49\/100\n|-damage|p1a: Dragapult|37\/100|[from] Stealth Rock\n|-damage|p1a: Dragapult|20\/100|[from] Spikes\n|turn|37\n|\n|t:|1699070596\n|move|p1a: Dragapult|Sucker Punch|p2a: Arceus\n|-damage|p2a: Arceus|8\/100 par\n|cant|p2a: Arceus|par\n|\n|upkeep\n|turn|38\n|\n|t:|1699070603\n|move|p1a: Dragapult|Sucker Punch|p2a: Arceus\n|-damage|p2a: Arceus|0 fnt\n|faint|p2a: Arceus\n|\n|win|rooster45\n|raw|rooster45's rating: 1061 &rarr; <strong>1100<\/strong><br \/>(+39 for winning)\n|raw|yyeuo's rating: 1154 &rarr; <strong>1122<\/strong><br \/>(-32 for losing)\n|l|\u2606yyeuo\n|c|\u2606rooster45|Gg\n","uploadtime":1699070622,"views":7,"p1id":"rooster45","p2id":"yyeuo","formatid":"gen9ubers","rating":1100,"private":0,"password":""}