{"id":"gen9ubers-1993816456","p1":"FerrothornFembots","p2":"Snorlaxsleepers","format":"[Gen 9] Ubers","log":"|j|\u2606FerrothornFembots\n|j|\u2606Snorlaxsleepers\n|t:|1700360841\n|gametype|singles\n|player|p1|FerrothornFembots|skierf-gen4dp|\n|player|p2|Snorlaxsleepers|1|\n|teamsize|p1|6\n|teamsize|p2|6\n|gen|9\n|tier|[Gen 9] Ubers\n|rule|Sleep Clause Mod: Limit one foe put to sleep\n|rule|Species Clause: Limit one of each Pok\u00e9mon\n|rule|OHKO Clause: OHKO moves are banned\n|rule|Evasion Items Clause: Evasion items are banned\n|rule|Evasion Moves Clause: Evasion moves are banned\n|rule|Endless Battle Clause: Forcing endless battles is banned\n|rule|HP Percentage Mod: HP is shown in percentages\n|clearpoke\n|poke|p1|Bronzong|\n|poke|p1|Shaymin-Sky|\n|poke|p1|Armarouge, F|\n|poke|p1|Darkrai|\n|poke|p1|Ditto|\n|poke|p1|Lycanroc, F|\n|poke|p2|Skeledirge, M|\n|poke|p2|Iron Thorns|\n|poke|p2|Magearna|\n|poke|p2|Chien-Pao|\n|poke|p2|Palafin, M|\n|poke|p2|Iron Moth|\n|teampreview\n|j| Talonflameredwings\n|\n|t:|1700360861\n|start\n|switch|p1a: TinCanMan|Bronzong, shiny|100\/100\n|switch|p2a: Magearna|Magearna|100\/100\n|turn|1\n|\n|t:|1700360872\n|move|p2a: Magearna|Calm Mind|p2a: Magearna\n|-boost|p2a: Magearna|spa|1\n|-boost|p2a: Magearna|spd|1\n|move|p1a: TinCanMan|Reflect|p1a: TinCanMan\n|-sidestart|p1: FerrothornFembots|Reflect\n|\n|upkeep\n|turn|2\n|\n|t:|1700360878\n|move|p2a: Magearna|Iron Defense|p2a: Magearna\n|-boost|p2a: Magearna|def|2\n|move|p1a: TinCanMan|Light Screen|p1a: TinCanMan\n|-sidestart|p1: FerrothornFembots|move: Light Screen\n|\n|upkeep\n|turn|3\n|\n|t:|1700360885\n|move|p2a: Magearna|Calm Mind|p2a: Magearna\n|-boost|p2a: Magearna|spa|1\n|-boost|p2a: Magearna|spd|1\n|move|p1a: TinCanMan|Stealth Rock|p2a: Magearna\n|-sidestart|p2: Snorlaxsleepers|move: Stealth Rock\n|\n|upkeep\n|turn|4\n|j| Skeetlesquad\n|j| Crabbrawlers\n|\n|t:|1700360925\n|switch|p1a: G&P|Lycanroc, F, shiny|100\/100\n|move|p2a: Magearna|Stored Power|p1a: G&P\n|-damage|p1a: G&P|19\/100\n|\n|upkeep\n|turn|5\n|\n|t:|1700360934\n|move|p1a: G&P|Endeavor|p2a: Magearna\n|-damage|p2a: Magearna|15\/100\n|move|p2a: Magearna|Stored Power|p1a: G&P\n|-damage|p1a: G&P|0 fnt\n|faint|p1a: G&P\n|-ability|p2a: Magearna|Soul-Heart|boost\n|-boost|p2a: Magearna|spa|1\n|\n|-heal|p2a: Magearna|21\/100|[from] item: Leftovers\n|-sideend|p1: FerrothornFembots|Reflect\n|upkeep\n|\n|t:|1700360976\n|switch|p1a: ImYou|Ditto, shiny|100\/100\n|-transform|p1a: ImYou|p2a: Magearna|[from] ability: Imposter\n|turn|6\n|\n|t:|1700360987\n|move|p1a: ImYou|Draining Kiss|p2a: Magearna\n|-resisted|p2a: Magearna\n|-damage|p2a: Magearna|7\/100\n|move|p2a: Magearna|Draining Kiss|p1a: ImYou\n|-resisted|p1a: ImYou\n|-damage|p1a: ImYou|90\/100\n|-heal|p2a: Magearna|12\/100|[from] drain|[of] p1a: ImYou\n|\n|-heal|p2a: Magearna|18\/100|[from] item: Leftovers\n|-sideend|p1: FerrothornFembots|move: Light Screen\n|upkeep\n|turn|7\n|\n|t:|1700360999\n|move|p1a: ImYou|Draining Kiss|p2a: Magearna\n|-resisted|p2a: Magearna\n|-damage|p2a: Magearna|4\/100\n|-heal|p1a: ImYou|100\/100|[from] drain|[of] p2a: Magearna\n|move|p2a: Magearna|Stored Power|p1a: ImYou\n|-resisted|p1a: ImYou\n|-crit|p1a: ImYou\n|-damage|p1a: ImYou|0 fnt\n|faint|p1a: ImYou\n|-ability|p2a: Magearna|Soul-Heart|boost\n|-boost|p2a: Magearna|spa|1\n|\n|-heal|p2a: Magearna|10\/100|[from] item: Leftovers\n|upkeep\n|\n|t:|1700361012\n|switch|p1a: Bambi|Shaymin-Sky, shiny|100\/100\n|turn|8\n|\n|t:|1700361017\n|move|p1a: Bambi|Air Slash|p2a: Magearna\n|-resisted|p2a: Magearna\n|-damage|p2a: Magearna|3\/100\n|move|p2a: Magearna|Draining Kiss|p1a: Bambi\n|-damage|p1a: Bambi|0 fnt\n|-heal|p2a: Magearna|73\/100|[from] drain|[of] p1a: Bambi\n|faint|p1a: Bambi\n|-ability|p2a: Magearna|Soul-Heart|boost\n|-boost|p2a: Magearna|spa|1\n|\n|-heal|p2a: Magearna|79\/100|[from] item: Leftovers\n|upkeep\n|\n|t:|1700361060\n|switch|p1a: NiteMare|Darkrai, shiny|100\/100\n|turn|9\n|\n|t:|1700361066\n|move|p1a: NiteMare|Hypnosis|p2a: Magearna|[miss]\n|-miss|p1a: NiteMare|p2a: Magearna\n|move|p2a: Magearna|Stored Power|p1a: NiteMare\n|-immune|p1a: NiteMare\n|\n|-heal|p2a: Magearna|85\/100|[from] item: Leftovers\n|upkeep\n|turn|10\n|\n|t:|1700361074\n|move|p1a: NiteMare|Hypnosis|p2a: Magearna|[miss]\n|-miss|p1a: NiteMare|p2a: Magearna\n|move|p2a: Magearna|Draining Kiss|p1a: NiteMare\n|-supereffective|p1a: NiteMare\n|-damage|p1a: NiteMare|0 fnt\n|-heal|p2a: Magearna|100\/100|[from] drain|[of] p1a: NiteMare\n|faint|p1a: NiteMare\n|-ability|p2a: Magearna|Soul-Heart|boost\n|-boost|p2a: Magearna|spa|1\n|\n|upkeep\n|\n|t:|1700361083\n|switch|p1a: TinCanMan|Bronzong, shiny|100\/100\n|turn|11\n|\n|t:|1700361087\n|move|p2a: Magearna|Stored Power|p1a: TinCanMan\n|-resisted|p1a: TinCanMan\n|-damage|p1a: TinCanMan|2\/100\n|move|p1a: TinCanMan|Reflect|p1a: TinCanMan\n|-sidestart|p1: FerrothornFembots|Reflect\n|\n|upkeep\n|turn|12\n|\n|t:|1700361095\n|move|p2a: Magearna|Draining Kiss|p1a: TinCanMan\n|-resisted|p1a: TinCanMan\n|-damage|p1a: TinCanMan|0 fnt\n|-damage|p2a: Magearna|84\/100|[from] item: Rocky Helmet|[of] p1a: TinCanMan\n|faint|p1a: TinCanMan\n|\n|-heal|p2a: Magearna|90\/100|[from] item: Leftovers\n|upkeep\n|\n|t:|1700361110\n|switch|p1a: ShoulderPads|Armarouge, F, shiny|100\/100\n|turn|13\n|\n|t:|1700361116\n|move|p1a: ShoulderPads|Armor Cannon|p2a: Magearna\n|-supereffective|p2a: Magearna\n|-damage|p2a: Magearna|34\/100\n|-unboost|p1a: ShoulderPads|def|1\n|-unboost|p1a: ShoulderPads|spd|1\n|move|p2a: Magearna|Stored Power|p1a: ShoulderPads\n|-resisted|p1a: ShoulderPads\n|-damage|p1a: ShoulderPads|0 fnt\n|faint|p1a: ShoulderPads\n|\n|win|Snorlaxsleepers\n|c| Crabbrawlers|gg\n|l| Crabbrawlers\n|c|\u2606FerrothornFembots|GG!\n|l|\u2606FerrothornFembots\n|l| Skeetlesquad\n","uploadtime":1700361350,"views":6,"p1id":"ferrothornfembots","p2id":"snorlaxsleepers","formatid":"gen9ubers","rating":0,"private":0,"password":""}