{"id":"gen9ubers-1984832107","p1":"Harlem Foxtrotter","p2":"Ryriss","format":"[Gen 9] Ubers","log":"|j|\u2606Harlem Foxtrotter\n|j|\u2606Ryriss\n|t:|1699302762\n|gametype|singles\n|player|p1|Harlem Foxtrotter|ghetsis|1454\n|player|p2|Ryriss|hilbert-wonderlauncher|1574\n|teamsize|p1|6\n|teamsize|p2|6\n|gen|9\n|tier|[Gen 9] Ubers\n|rated|\n|rule|Sleep Clause Mod: Limit one foe put to sleep\n|rule|Species Clause: Limit one of each Pok\u00e9mon\n|rule|OHKO Clause: OHKO moves are banned\n|rule|Evasion Items Clause: Evasion items are banned\n|rule|Evasion Moves Clause: Evasion moves are banned\n|rule|Endless Battle Clause: Forcing endless battles is banned\n|rule|HP Percentage Mod: HP is shown in percentages\n|clearpoke\n|poke|p1|Koraidon|\n|poke|p1|Roaring Moon|\n|poke|p1|Flutter Mane|\n|poke|p1|Walking Wake|\n|poke|p1|Great Tusk|\n|poke|p1|Slither Wing|\n|poke|p2|Arceus-Fire|\n|poke|p2|Giratina-Origin|\n|poke|p2|Dialga-Origin|\n|poke|p2|Koraidon|\n|poke|p2|Miraidon|\n|poke|p2|Sneasler, M|\n|teampreview\n|inactive|Battle timer is ON: inactive players will automatically lose when time's up. (requested by Harlem Foxtrotter)\n|\n|t:|1699302783\n|start\n|switch|p1a: MR HARLEY DAVIDSON|Koraidon|100\/100\n|switch|p2a: Giratina|Giratina-Origin|100\/100\n|-weather|SunnyDay|[from] ability: Orichalcum Pulse|[of] p1a: MR HARLEY DAVIDSON\n|-activate|p1a: MR HARLEY DAVIDSON|Orichalcum Pulse|[source]\n|turn|1\n|\n|t:|1699302790\n|move|p1a: MR HARLEY DAVIDSON|U-turn|p2a: Giratina\n|-resisted|p2a: Giratina\n|-damage|p2a: Giratina|89\/100\n|\n|t:|1699302796\n|switch|p1a: JESUSAURUS REX|Walking Wake|100\/100|[from] U-turn\n|-activate|p1a: JESUSAURUS REX|ability: Protosynthesis\n|-start|p1a: JESUSAURUS REX|protosynthesisspe\n|move|p2a: Giratina|Draco Meteor|p1a: JESUSAURUS REX\n|-supereffective|p1a: JESUSAURUS REX\n|-damage|p1a: JESUSAURUS REX|0 fnt\n|-unboost|p2a: Giratina|spa|2\n|faint|p1a: JESUSAURUS REX\n|-end|p1a: JESUSAURUS REX|Protosynthesis|[silent]\n|\n|-weather|SunnyDay|[upkeep]\n|upkeep\n|\n|t:|1699302813\n|switch|p1a: Voring Moon \ud83d\ude0b|Roaring Moon, shiny|100\/100\n|-activate|p1a: Voring Moon \ud83d\ude0b|ability: Protosynthesis\n|-start|p1a: Voring Moon \ud83d\ude0b|protosynthesisspe\n|turn|2\n|\n|t:|1699302827\n|move|p1a: Voring Moon \ud83d\ude0b|Dragon Dance|p1a: Voring Moon \ud83d\ude0b\n|-boost|p1a: Voring Moon \ud83d\ude0b|atk|1\n|-boost|p1a: Voring Moon \ud83d\ude0b|spe|1\n|move|p2a: Giratina|Draco Meteor|p1a: Voring Moon \ud83d\ude0b\n|-supereffective|p1a: Voring Moon \ud83d\ude0b\n|-damage|p1a: Voring Moon \ud83d\ude0b|32\/100\n|-unboost|p2a: Giratina|spa|2\n|\n|-weather|SunnyDay|[upkeep]\n|upkeep\n|turn|3\n|\n|t:|1699302849\n|switch|p2a: Arceus|Arceus-Fire|100\/100\n|move|p1a: Voring Moon \ud83d\ude0b|Knock Off|p2a: Arceus\n|-damage|p2a: Arceus|71\/100\n|\n|-weather|SunnyDay|[upkeep]\n|upkeep\n|turn|4\n|\n|t:|1699302858\n|move|p1a: Voring Moon \ud83d\ude0b|Earthquake|p2a: Arceus\n|-supereffective|p2a: Arceus\n|-damage|p2a: Arceus|7\/100\n|move|p2a: Arceus|Swords Dance|p2a: Arceus\n|-boost|p2a: Arceus|atk|2\n|\n|-weather|SunnyDay|[upkeep]\n|upkeep\n|turn|5\n|\n|t:|1699302864\n|-end|p1a: Voring Moon \ud83d\ude0b|Protosynthesis|[silent]\n|switch|p1a: #1 fairy weak team|Flutter Mane, shiny|100\/100\n|-activate|p1a: #1 fairy weak team|ability: Protosynthesis\n|-start|p1a: #1 fairy weak team|protosynthesisspe\n|move|p2a: Arceus|Extreme Speed|p1a: #1 fairy weak team\n|-immune|p1a: #1 fairy weak team\n|\n|-weather|SunnyDay|[upkeep]\n|upkeep\n|turn|6\n|\n|t:|1699302876\n|switch|p2a: Dialga|Dialga-Origin|100\/100\n|-ability|p2a: Dialga|Pressure\n|move|p1a: #1 fairy weak team|Moonblast|p2a: Dialga\n|-damage|p2a: Dialga|71\/100\n|\n|-weather|SunnyDay|[upkeep]\n|upkeep\n|turn|7\n|\n|t:|1699302885\n|-end|p1a: #1 fairy weak team|Protosynthesis|[silent]\n|switch|p1a: Voring Moon \ud83d\ude0b|Roaring Moon, shiny|32\/100\n|-activate|p1a: Voring Moon \ud83d\ude0b|ability: Protosynthesis\n|-start|p1a: Voring Moon \ud83d\ude0b|protosynthesisspe\n|move|p2a: Dialga|Trick Room|p2a: Dialga\n|-fieldstart|move: Trick Room|[of] p2a: Dialga\n|\n|-weather|SunnyDay|[upkeep]\n|upkeep\n|turn|8\n|\n|t:|1699302892\n|move|p2a: Dialga|Brick Break|p1a: Voring Moon \ud83d\ude0b\n|-supereffective|p1a: Voring Moon \ud83d\ude0b\n|-damage|p1a: Voring Moon \ud83d\ude0b|0 fnt\n|faint|p1a: Voring Moon \ud83d\ude0b\n|-end|p1a: Voring Moon \ud83d\ude0b|Protosynthesis|[silent]\n|\n|-weather|none\n|upkeep\n|\n|t:|1699302899\n|switch|p1a: TOP G SLITHMA MALE|Slither Wing, shiny|100\/100\n|turn|9\n|\n|t:|1699302905\n|move|p2a: Dialga|Draco Meteor|p1a: TOP G SLITHMA MALE\n|-damage|p1a: TOP G SLITHMA MALE|37\/100\n|-unboost|p2a: Dialga|spa|2\n|move|p1a: TOP G SLITHMA MALE|Close Combat|p2a: Dialga\n|-supereffective|p2a: Dialga\n|-damage|p2a: Dialga|0 fnt\n|-unboost|p1a: TOP G SLITHMA MALE|def|1\n|-unboost|p1a: TOP G SLITHMA MALE|spd|1\n|faint|p2a: Dialga\n|\n|upkeep\n|\n|t:|1699302916\n|switch|p2a: Arceus|Arceus-Fire|7\/100\n|turn|10\n|\n|t:|1699302938\n|-end|p1a: TOP G SLITHMA MALE|Protosynthesis|[silent]\n|switch|p1a: IRRELEPHANT|Great Tusk, shiny|100\/100\n|move|p2a: Arceus|Recover|p2a: Arceus\n|-heal|p2a: Arceus|57\/100\n|\n|upkeep\n|turn|11\n|\n|t:|1699302947\n|move|p1a: IRRELEPHANT|Headlong Rush|p2a: Arceus\n|-supereffective|p2a: Arceus\n|-damage|p2a: Arceus|0 fnt\n|-unboost|p1a: IRRELEPHANT|def|1\n|-unboost|p1a: IRRELEPHANT|spd|1\n|faint|p2a: Arceus\n|\n|-fieldend|move: Trick Room\n|upkeep\n|\n|t:|1699302948\n|switch|p2a: Giratina|Giratina-Origin|89\/100\n|turn|12\n|\n|t:|1699302965\n|-end|p1a: IRRELEPHANT|Protosynthesis|[silent]\n|switch|p1a: #1 fairy weak team|Flutter Mane, shiny|100\/100\n|move|p2a: Giratina|Draco Meteor|p1a: #1 fairy weak team\n|-immune|p1a: #1 fairy weak team\n|\n|upkeep\n|turn|13\n|\n|t:|1699302972\n|move|p2a: Giratina|Shadow Sneak|p1a: #1 fairy weak team\n|-supereffective|p1a: #1 fairy weak team\n|-damage|p1a: #1 fairy weak team|14\/100\n|move|p1a: #1 fairy weak team|Moonblast|p2a: Giratina\n|-supereffective|p2a: Giratina\n|-damage|p2a: Giratina|24\/100\n|\n|upkeep\n|turn|14\n|\n|t:|1699302989\n|-end|p1a: #1 fairy weak team|Protosynthesis|[silent]\n|switch|p1a: IRRELEPHANT|Great Tusk, shiny|100\/100\n|move|p2a: Giratina|Shadow Sneak|p1a: IRRELEPHANT\n|-damage|p1a: IRRELEPHANT|87\/100\n|\n|upkeep\n|turn|15\n|\n|t:|1699302993\n|move|p1a: IRRELEPHANT|Ice Spinner|p2a: Giratina\n|-supereffective|p2a: Giratina\n|-damage|p2a: Giratina|0 fnt\n|faint|p2a: Giratina\n|\n|upkeep\n|\n|t:|1699302997\n|switch|p2a: Koraidon|Koraidon|100\/100\n|-weather|SunnyDay|[from] ability: Orichalcum Pulse|[of] p2a: Koraidon\n|-activate|p1a: IRRELEPHANT|ability: Protosynthesis\n|-start|p1a: IRRELEPHANT|protosynthesisatk\n|-activate|p2a: Koraidon|Orichalcum Pulse|[source]\n|turn|16\n|\n|t:|1699303010\n|-end|p1a: IRRELEPHANT|Protosynthesis|[silent]\n|switch|p1a: #1 fairy weak team|Flutter Mane, shiny|14\/100\n|-activate|p1a: #1 fairy weak team|ability: Protosynthesis\n|-start|p1a: #1 fairy weak team|protosynthesisspe\n|move|p2a: Koraidon|Low Kick|p1a: #1 fairy weak team\n|-immune|p1a: #1 fairy weak team\n|\n|-weather|SunnyDay|[upkeep]\n|upkeep\n|turn|17\n|\n|t:|1699303016\n|move|p1a: #1 fairy weak team|Moonblast|p2a: Koraidon\n|-supereffective|p2a: Koraidon\n|-damage|p2a: Koraidon|0 fnt\n|faint|p2a: Koraidon\n|\n|-weather|SunnyDay|[upkeep]\n|upkeep\n|\n|t:|1699303018\n|switch|p2a: Miraidon|Miraidon|100\/100\n|-fieldstart|move: Electric Terrain|[from] ability: Hadron Engine|[of] p2a: Miraidon\n|-enditem|p2a: Miraidon|Electric Seed\n|-boost|p2a: Miraidon|def|1|[from] item: Electric Seed\n|turn|18\n|\n|t:|1699303045\n|-terastallize|p1a: #1 fairy weak team|Ground\n|-terastallize|p2a: Miraidon|Electric\n|move|p1a: #1 fairy weak team|Moonblast|p2a: Miraidon\n|-damage|p2a: Miraidon|53\/100\n|move|p2a: Miraidon|Agility|p2a: Miraidon\n|-boost|p2a: Miraidon|spe|2\n|\n|-weather|SunnyDay|[upkeep]\n|upkeep\n|turn|19\n|inactive|Harlem Foxtrotter has 120 seconds left.\n|\n|t:|1699303062\n|move|p2a: Miraidon|Dragon Pulse|p1a: #1 fairy weak team\n|-damage|p1a: #1 fairy weak team|0 fnt\n|faint|p1a: #1 fairy weak team\n|-end|p1a: #1 fairy weak team|Protosynthesis|[silent]\n|\n|-weather|SunnyDay|[upkeep]\n|upkeep\n|inactive|Harlem Foxtrotter has 120 seconds left.\n|\n|t:|1699303072\n|switch|p1a: TOP G SLITHMA MALE|Slither Wing, shiny|37\/100\n|-activate|p1a: TOP G SLITHMA MALE|ability: Protosynthesis\n|-start|p1a: TOP G SLITHMA MALE|protosynthesisatk\n|turn|20\n|\n|t:|1699303078\n|move|p1a: TOP G SLITHMA MALE|First Impression|p2a: Miraidon\n|-damage|p2a: Miraidon|0 fnt\n|faint|p2a: Miraidon\n|\n|-weather|none\n|-end|p1a: TOP G SLITHMA MALE|Protosynthesis\n|upkeep\n|\n|t:|1699303081\n|switch|p2a: Sneasler|Sneasler, M|100\/100\n|-enditem|p2a: Sneasler|Electric Seed\n|-boost|p2a: Sneasler|def|1|[from] item: Electric Seed\n|turn|21\n|\n|t:|1699303088\n|-end|p1a: TOP G SLITHMA MALE|Protosynthesis|[silent]\n|switch|p1a: MR HARLEY DAVIDSON|Koraidon|100\/100\n|-weather|SunnyDay|[from] ability: Orichalcum Pulse|[of] p1a: MR HARLEY DAVIDSON\n|-activate|p1a: MR HARLEY DAVIDSON|Orichalcum Pulse|[source]\n|move|p2a: Sneasler|Swords Dance|p2a: Sneasler\n|-boost|p2a: Sneasler|atk|2\n|\n|-weather|SunnyDay|[upkeep]\n|upkeep\n|turn|22\n|\n|t:|1699303094\n|move|p2a: Sneasler|Low Kick|p1a: MR HARLEY DAVIDSON\n|-damage|p1a: MR HARLEY DAVIDSON|0 fnt\n|faint|p1a: MR HARLEY DAVIDSON\n|\n|-weather|SunnyDay|[upkeep]\n|-fieldend|move: Electric Terrain\n|upkeep\n|\n|t:|1699303105\n|switch|p1a: IRRELEPHANT|Great Tusk, shiny|87\/100\n|-activate|p1a: IRRELEPHANT|ability: Protosynthesis\n|-start|p1a: IRRELEPHANT|protosynthesisatk\n|turn|23\n|\n|t:|1699303107\n|move|p2a: Sneasler|Low Kick|p1a: IRRELEPHANT\n|-damage|p1a: IRRELEPHANT|14\/100\n|move|p1a: IRRELEPHANT|Headlong Rush|p2a: Sneasler\n|-supereffective|p2a: Sneasler\n|-damage|p2a: Sneasler|0 fnt\n|-unboost|p1a: IRRELEPHANT|def|1\n|-unboost|p1a: IRRELEPHANT|spd|1\n|faint|p2a: Sneasler\n|\n|win|Harlem Foxtrotter\n|raw|Harlem Foxtrotter's rating: 1454 &rarr; <strong>1481<\/strong><br \/>(+27 for winning)\n|raw|Ryriss's rating: 1574 &rarr; <strong>1547<\/strong><br \/>(-27 for losing)\n|c|\u2606Harlem Foxtrotter|gg\n|l|\u2606Ryriss\n","uploadtime":1699303120,"views":5,"p1id":"harlemfoxtrotter","p2id":"ryriss","formatid":"gen9ubers","rating":1481,"private":0,"password":""}