{"id":"gen9ubers-1993549182","p1":"termofservice","p2":"Fireblitz15","format":"[Gen 9] Ubers","log":"|j|\u2606termofservice\n|j|\u2606Fireblitz15\n|t:|1700330599\n|gametype|singles\n|player|p1|termofservice|cynthia-masters|\n|player|p2|Fireblitz15|karen|\n|teamsize|p1|6\n|teamsize|p2|6\n|gen|9\n|tier|[Gen 9] Ubers\n|rule|Sleep Clause Mod: Limit one foe put to sleep\n|rule|Species Clause: Limit one of each Pok\u00e9mon\n|rule|OHKO Clause: OHKO moves are banned\n|rule|Evasion Items Clause: Evasion items are banned\n|rule|Evasion Moves Clause: Evasion moves are banned\n|rule|Endless Battle Clause: Forcing endless battles is banned\n|rule|HP Percentage Mod: HP is shown in percentages\n|clearpoke\n|poke|p1|Torkoal, M|\n|poke|p1|Walking Wake|\n|poke|p1|Chi-Yu|\n|poke|p1|Arceus-Grass|\n|poke|p1|Zacian-*|\n|poke|p1|Magearna-Original|\n|poke|p2|Magearna|\n|poke|p2|Arceus-Poison|\n|poke|p2|Zacian-*|\n|poke|p2|Dialga|\n|poke|p2|Ursaluna, F|\n|poke|p2|Dragapult, M|\n|teampreview\n|\n|t:|1700330650\n|start\n|switch|p1a: Torkoal|Torkoal, M|100\/100\n|switch|p2a: Dialga|Dialga|100\/100\n|-ability|p2a: Dialga|Pressure\n|-weather|SunnyDay|[from] ability: Drought|[of] p1a: Torkoal\n|turn|1\n|\n|t:|1700330657\n|move|p1a: Torkoal|Stealth Rock|p2a: Dialga\n|-sidestart|p2: Fireblitz15|move: Stealth Rock\n|move|p2a: Dialga|Trick Room|p2a: Dialga\n|-fieldstart|move: Trick Room|[of] p2a: Dialga\n|\n|-weather|SunnyDay|[upkeep]\n|upkeep\n|turn|2\n|\n|t:|1700330663\n|move|p1a: Torkoal|Lava Plume|p2a: Dialga\n|-damage|p2a: Dialga|72\/100\n|move|p2a: Dialga|Earth Power|p1a: Torkoal\n|-supereffective|p1a: Torkoal\n|-damage|p1a: Torkoal|0 fnt\n|faint|p1a: Torkoal\n|\n|-weather|SunnyDay|[upkeep]\n|upkeep\n|\n|t:|1700330674\n|switch|p1a: Arceus|Arceus-Grass|100\/100\n|turn|3\n|\n|t:|1700330677\n|move|p2a: Dialga|Draco Meteor|p1a: Arceus\n|-crit|p1a: Arceus\n|-damage|p1a: Arceus|0 fnt\n|-unboost|p2a: Dialga|spa|2\n|faint|p1a: Arceus\n|\n|-weather|SunnyDay|[upkeep]\n|upkeep\n|c|\u2606termofservice|Okay\n|\n|t:|1700330687\n|switch|p1a: Magearna|Magearna-Original|100\/100\n|turn|4\n|\n|t:|1700330700\n|switch|p2a: Magearna|Magearna|100\/100\n|move|p1a: Magearna|Fleur Cannon|p2a: Magearna\n|-resisted|p2a: Magearna\n|-damage|p2a: Magearna|81\/100\n|-unboost|p1a: Magearna|spa|2\n|\n|-weather|SunnyDay|[upkeep]\n|upkeep\n|turn|5\n|\n|t:|1700330712\n|move|p2a: Magearna|Spikes|p1a: Magearna\n|-sidestart|p1: termofservice|Spikes\n|move|p1a: Magearna|Thunder Wave|p2a: Magearna\n|-status|p2a: Magearna|par\n|\n|-weather|SunnyDay|[upkeep]\n|-fieldend|move: Trick Room\n|upkeep\n|turn|6\n|c|\u2606termofservice|I just lost this one lol\n|\n|t:|1700330718\n|move|p1a: Magearna|Spikes|p2a: Magearna\n|-sidestart|p2: Fireblitz15|Spikes\n|cant|p2a: Magearna|par\n|\n|-weather|SunnyDay|[upkeep]\n|upkeep\n|turn|7\n|\n|t:|1700330722\n|move|p1a: Magearna|Spikes|p2a: Magearna\n|-sidestart|p2: Fireblitz15|Spikes\n|move|p2a: Magearna|Trick Room|p2a: Magearna\n|-fieldstart|move: Trick Room|[of] p2a: Magearna\n|\n|-weather|SunnyDay|[upkeep]\n|upkeep\n|turn|8\n|\n|t:|1700330731\n|cant|p2a: Magearna|par\n|move|p1a: Magearna|Spikes|p2a: Magearna\n|-sidestart|p2: Fireblitz15|Spikes\n|\n|-weather|none\n|upkeep\n|turn|9\n|\n|t:|1700330736\n|switch|p2a: Ursaluna|Ursaluna, F|100\/100\n|-damage|p2a: Ursaluna|94\/100|[from] Stealth Rock\n|-damage|p2a: Ursaluna|70\/100|[from] Spikes\n|move|p1a: Magearna|Volt Switch|p2a: Ursaluna\n|-immune|p2a: Ursaluna\n|\n|-status|p2a: Ursaluna|brn|[from] item: Flame Orb\n|upkeep\n|turn|10\n|\n|t:|1700330753\n|move|p2a: Ursaluna|Earthquake|p1a: Magearna\n|-supereffective|p1a: Magearna\n|-damage|p1a: Magearna|0 fnt\n|faint|p1a: Magearna\n|\n|-damage|p2a: Ursaluna|64\/100 brn|[from] brn\n|upkeep\n|\n|t:|1700330769\n|switch|p1a: Walking Wake|Walking Wake|100\/100\n|-damage|p1a: Walking Wake|88\/100|[from] Spikes\n|turn|11\n|\n|t:|1700330775\n|-terastallize|p2a: Ursaluna|Normal\n|move|p2a: Ursaluna|Facade|p1a: Walking Wake\n|-damage|p1a: Walking Wake|0 fnt\n|faint|p1a: Walking Wake\n|-end|p1a: Walking Wake|Protosynthesis|[silent]\n|\n|-damage|p2a: Ursaluna|58\/100 brn|[from] brn\n|-fieldend|move: Trick Room\n|upkeep\n|\n|t:|1700330781\n|switch|p1a: Chi-Yu|Chi-Yu|100\/100\n|-damage|p1a: Chi-Yu|88\/100|[from] Spikes\n|-ability|p1a: Chi-Yu|Beads of Ruin\n|turn|12\n|\n|t:|1700330789\n|switch|p2a: Magearna|Magearna|81\/100 par\n|-terastallize|p1a: Chi-Yu|Fire\n|move|p1a: Chi-Yu|Flamethrower|p2a: Magearna\n|-supereffective|p2a: Magearna\n|-damage|p2a: Magearna|0 fnt\n|faint|p2a: Magearna\n|\n|upkeep\n|\n|t:|1700330811\n|switch|p2a: Zacian|Zacian|100\/100\n|-ability|p2a: Zacian|Intrepid Sword|boost\n|-boost|p2a: Zacian|atk|1\n|turn|13\n|\n|t:|1700330834\n|move|p1a: Chi-Yu|Flamethrower|p2a: Zacian\n|-damage|p2a: Zacian|15\/100\n|move|p2a: Zacian|Close Combat|p1a: Chi-Yu\n|-damage|p1a: Chi-Yu|0 fnt\n|-unboost|p2a: Zacian|def|1\n|-unboost|p2a: Zacian|spd|1\n|faint|p1a: Chi-Yu\n|\n|upkeep\n|\n|t:|1700330840\n|switch|p1a: Zacian|Zacian|100\/100\n|-ability|p1a: Zacian|Intrepid Sword|boost\n|-boost|p1a: Zacian|atk|1\n|turn|14\n|\n|t:|1700330848\n|move|p1a: Zacian|Swords Dance|p1a: Zacian\n|-boost|p1a: Zacian|atk|2\n|move|p2a: Zacian|Play Rough|p1a: Zacian\n|-damage|p1a: Zacian|42\/100\n|\n|upkeep\n|turn|15\n|c|\u2606termofservice|1\/2 chance to decide the game\n|\n|t:|1700330859\n|move|p1a: Zacian|Tera Blast|p2a: Zacian\n|-damage|p2a: Zacian|0 fnt\n|faint|p2a: Zacian\n|\n|upkeep\n|\n|t:|1700330865\n|switch|p2a: Dragapult|Dragapult, M|100\/100\n|-damage|p2a: Dragapult|88\/100|[from] Stealth Rock\n|-damage|p2a: Dragapult|63\/100|[from] Spikes\n|turn|16\n|c|\u2606termofservice|Nvm I just lose to pult\n|c|\u2606termofservice|Yeah grasseus crit was unfortunate\n|c|\u2606Fireblitz15|yep gg\n|c|\u2606termofservice|GG\n|\n|t:|1700330882\n|move|p2a: Dragapult|Tera Blast|p1a: Zacian\n|-damage|p1a: Zacian|26\/100\n|move|p1a: Zacian|Play Rough|p2a: Dragapult\n|-supereffective|p2a: Dragapult\n|-damage|p2a: Dragapult|0 fnt\n|faint|p2a: Dragapult\n|\n|upkeep\n|c|\u2606Fireblitz15|or not\n|\n|t:|1700330889\n|switch|p2a: Arceus|Arceus-Poison|100\/100\n|-damage|p2a: Arceus|88\/100|[from] Stealth Rock\n|-damage|p2a: Arceus|63\/100|[from] Spikes\n|turn|17\n|\n|t:|1700330896\n|move|p1a: Zacian|Play Rough|p2a: Arceus\n|-resisted|p2a: Arceus\n|-damage|p2a: Arceus|29\/100\n|-unboost|p2a: Arceus|atk|1\n|move|p2a: Arceus|Judgment|p1a: Zacian\n|-supereffective|p1a: Zacian\n|-damage|p1a: Zacian|0 fnt\n|faint|p1a: Zacian\n|\n|win|Fireblitz15\n|c|\u2606Fireblitz15|arceus poison doing what arceus poison does best\n|c|\u2606Fireblitz15|ill submit replays\n|l|\u2606termofservice\n","uploadtime":1700330950,"views":17,"p1id":"termofservice","p2id":"fireblitz15","formatid":"gen9ubers","rating":0,"private":0,"password":""}