{"id":"gen9ubers-1988116866","p1":"VloneVictini","p2":"ShadowblazinAceP","format":"[Gen 9] Ubers","log":"|j|\u2606VloneVictini\n|j|\u2606ShadowblazinAceP\n|t:|1699671608\n|gametype|singles\n|player|p1|VloneVictini|170|\n|player|p2|ShadowblazinAceP|ghetsis|\n|teamsize|p1|6\n|teamsize|p2|6\n|gen|9\n|tier|[Gen 9] Ubers\n|rule|Sleep Clause Mod: Limit one foe put to sleep\n|rule|Species Clause: Limit one of each Pok\u00e9mon\n|rule|OHKO Clause: OHKO moves are banned\n|rule|Evasion Items Clause: Evasion items are banned\n|rule|Evasion Moves Clause: Evasion moves are banned\n|rule|Endless Battle Clause: Forcing endless battles is banned\n|rule|HP Percentage Mod: HP is shown in percentages\n|clearpoke\n|poke|p1|Volcarona, F|\n|poke|p1|Sneasler, M|\n|poke|p1|Rillaboom, M|\n|poke|p1|Shaymin-Sky|\n|poke|p1|Dragonite, F|\n|poke|p1|Magearna|\n|poke|p2|Arceus-Ghost|\n|poke|p2|Zacian-*|\n|poke|p2|Cyclizar, F|\n|poke|p2|Shaymin-Sky|\n|poke|p2|Palafin, F|\n|poke|p2|Dialga|\n|teampreview\n|c|\u2606ShadowblazinAceP|gl hf\n|c|\u2606VloneVictini|glhf\n|\n|t:|1699671706\n|start\n|switch|p1a: Shaymone-Fly|Shaymin-Sky|100\/100\n|switch|p2a: Dialga|Dialga|100\/100\n|-ability|p2a: Dialga|Pressure\n|turn|1\n|\n|t:|1699671752\n|move|p1a: Shaymone-Fly|Earth Power|p2a: Dialga\n|-supereffective|p2a: Dialga\n|-damage|p2a: Dialga|54\/100\n|move|p2a: Dialga|Stealth Rock|p1a: Shaymone-Fly\n|-sidestart|p1: VloneVictini|move: Stealth Rock\n|\n|-heal|p2a: Dialga|61\/100|[from] item: Leftovers\n|upkeep\n|turn|2\n|j| Finchely\n|\n|t:|1699671799\n|move|p1a: Shaymone-Fly|Substitute|p1a: Shaymone-Fly\n|-start|p1a: Shaymone-Fly|Substitute\n|-damage|p1a: Shaymone-Fly|76\/100\n|move|p2a: Dialga|Draco Meteor|p1a: Shaymone-Fly\n|-end|p1a: Shaymone-Fly|Substitute\n|-unboost|p2a: Dialga|spa|2\n|\n|-heal|p2a: Dialga|67\/100|[from] item: Leftovers\n|upkeep\n|turn|3\n|c| Finchely|LETS GOO\n|c| Finchely|You got this Rapitup\n|\n|t:|1699671841\n|switch|p2a: Zacian|Zacian|100\/100\n|-ability|p2a: Zacian|Intrepid Sword|boost\n|-boost|p2a: Zacian|atk|1\n|move|p1a: Shaymone-Fly|Air Slash|p2a: Zacian\n|-damage|p2a: Zacian|66\/100\n|\n|upkeep\n|turn|4\n|\n|t:|1699671882\n|switch|p1a: Momma Moth|Volcarona, F, shiny|100\/100\n|-damage|p1a: Momma Moth|51\/100|[from] Stealth Rock\n|-terastallize|p2a: Zacian|Fire\n|move|p2a: Zacian|Tera Blast|p1a: Momma Moth|[anim] Tera Blast Fire\n|-damage|p1a: Momma Moth|0 fnt\n|faint|p1a: Momma Moth\n|\n|upkeep\n|c| Finchely|What\n|c| Finchely|What was bro cooking\n|\n|t:|1699671935\n|switch|p1a: O Fen\u00f4meno|Dragonite, F|100\/100\n|-damage|p1a: O Fen\u00f4meno|75\/100|[from] Stealth Rock\n|turn|5\n|\n|t:|1699671957\n|switch|p2a: Dialga|Dialga|67\/100\n|-ability|p2a: Dialga|Pressure\n|move|p1a: O Fen\u00f4meno|Extreme Speed|p2a: Dialga\n|-resisted|p2a: Dialga\n|-damage|p2a: Dialga|55\/100\n|\n|-heal|p2a: Dialga|61\/100|[from] item: Leftovers\n|upkeep\n|turn|6\n|\n|t:|1699671982\n|switch|p1a: Buts and Nolts|Magearna|100\/100\n|-damage|p1a: Buts and Nolts|94\/100|[from] Stealth Rock\n|move|p2a: Dialga|Earth Power|p1a: Buts and Nolts\n|-supereffective|p1a: Buts and Nolts\n|-damage|p1a: Buts and Nolts|47\/100\n|-enditem|p1a: Buts and Nolts|Weakness Policy\n|-boost|p1a: Buts and Nolts|atk|2|[from] item: Weakness Policy\n|-boost|p1a: Buts and Nolts|spa|2|[from] item: Weakness Policy\n|\n|-heal|p2a: Dialga|68\/100|[from] item: Leftovers\n|upkeep\n|turn|7\n|l| Finchely\n|j| Finchely\n|\n|t:|1699672093\n|move|p1a: Buts and Nolts|Draining Kiss|p2a: Dialga\n|-damage|p2a: Dialga|27\/100\n|-heal|p1a: Buts and Nolts|81\/100|[from] drain|[of] p2a: Dialga\n|move|p2a: Dialga|Earth Power|p1a: Buts and Nolts\n|-supereffective|p1a: Buts and Nolts\n|-damage|p1a: Buts and Nolts|30\/100\n|-unboost|p1a: Buts and Nolts|spd|1\n|\n|-heal|p2a: Dialga|33\/100|[from] item: Leftovers\n|upkeep\n|turn|8\n|\n|t:|1699672103\n|move|p1a: Buts and Nolts|Draining Kiss|p2a: Dialga\n|-damage|p2a: Dialga|0 fnt\n|-heal|p1a: Buts and Nolts|58\/100|[from] drain|[of] p2a: Dialga\n|faint|p2a: Dialga\n|-ability|p1a: Buts and Nolts|Soul-Heart|boost\n|-boost|p1a: Buts and Nolts|spa|1\n|\n|upkeep\n|l| Finchely\n|\n|t:|1699672149\n|switch|p2a: Shaymin|Shaymin-Sky|100\/100\n|turn|9\n|j| Finchely\n|\n|t:|1699672195\n|move|p2a: Shaymin|Earth Power|p1a: Buts and Nolts\n|-supereffective|p1a: Buts and Nolts\n|-damage|p1a: Buts and Nolts|0 fnt\n|faint|p1a: Buts and Nolts\n|\n|upkeep\n|l| Finchely\n|\n|t:|1699672240\n|switch|p1a: O Fen\u00f4meno|Dragonite, F|75\/100\n|-damage|p1a: O Fen\u00f4meno|50\/100|[from] Stealth Rock\n|turn|10\n|\n|t:|1699672280\n|move|p2a: Shaymin|Dazzling Gleam|p1a: O Fen\u00f4meno\n|-supereffective|p1a: O Fen\u00f4meno\n|-damage|p1a: O Fen\u00f4meno|0 fnt\n|faint|p1a: O Fen\u00f4meno\n|\n|upkeep\n|\n|t:|1699672288\n|switch|p1a: Shaq|Rillaboom, M|100\/100\n|-damage|p1a: Shaq|88\/100|[from] Stealth Rock\n|-fieldstart|move: Grassy Terrain|[from] ability: Grassy Surge|[of] p1a: Shaq\n|turn|11\n|\n|t:|1699672304\n|switch|p1a: Shaymone-Fly|Shaymin-Sky|76\/100\n|-damage|p1a: Shaymone-Fly|51\/100|[from] Stealth Rock\n|move|p2a: Shaymin|Air Slash|p1a: Shaymone-Fly\n|-supereffective|p1a: Shaymone-Fly\n|-damage|p1a: Shaymone-Fly|0 fnt\n|faint|p1a: Shaymone-Fly\n|\n|upkeep\n|\n|t:|1699672307\n|switch|p1a: Kobe|Sneasler, M|100\/100\n|-damage|p1a: Kobe|95\/100|[from] Stealth Rock\n|-enditem|p1a: Kobe|Grassy Seed\n|-boost|p1a: Kobe|def|1|[from] item: Grassy Seed\n|turn|12\n|\n|t:|1699672349\n|move|p1a: Kobe|Dire Claw|p2a: Shaymin\n|-supereffective|p2a: Shaymin\n|-damage|p2a: Shaymin|0 fnt\n|faint|p2a: Shaymin\n|\n|-heal|p1a: Kobe|100\/100|[from] Grassy Terrain\n|upkeep\n|j| Finchely\n|\n|t:|1699672372\n|switch|p2a: Arceus|Arceus-Ghost|100\/100\n|turn|13\n|\n|t:|1699672390\n|move|p1a: Kobe|Dire Claw|p2a: Arceus\n|-resisted|p2a: Arceus\n|-damage|p2a: Arceus|86\/100\n|-status|p2a: Arceus|psn\n|move|p2a: Arceus|Shadow Claw|p1a: Kobe\n|-damage|p1a: Kobe|45\/100\n|\n|-heal|p1a: Kobe|51\/100|[from] Grassy Terrain\n|-heal|p2a: Arceus|92\/100 psn|[from] Grassy Terrain\n|-damage|p2a: Arceus|80\/100 psn|[from] psn\n|upkeep\n|turn|14\n|\n|t:|1699672435\n|switch|p1a: Shaq|Rillaboom, M|88\/100\n|-damage|p1a: Shaq|76\/100|[from] Stealth Rock\n|move|p2a: Arceus|Shadow Claw|p1a: Shaq\n|-damage|p1a: Shaq|28\/100\n|\n|-heal|p2a: Arceus|86\/100 psn|[from] Grassy Terrain\n|-heal|p1a: Shaq|34\/100|[from] Grassy Terrain\n|-damage|p2a: Arceus|73\/100 psn|[from] psn\n|upkeep\n|turn|15\n|l| Finchely\n|\n|t:|1699672469\n|switch|p2a: Cyclizar|Cyclizar, F|100\/100\n|move|p1a: Shaq|Grassy Glide|p2a: Cyclizar\n|-resisted|p2a: Cyclizar\n|-damage|p2a: Cyclizar|57\/100\n|\n|-heal|p2a: Cyclizar|63\/100|[from] Grassy Terrain\n|-heal|p1a: Shaq|41\/100|[from] Grassy Terrain\n|-fieldend|move: Grassy Terrain\n|upkeep\n|turn|16\n|\n|t:|1699672476\n|switch|p1a: Kobe|Sneasler, M|51\/100\n|-damage|p1a: Kobe|45\/100|[from] Stealth Rock\n|move|p2a: Cyclizar|U-turn|p1a: Kobe\n|-resisted|p1a: Kobe\n|-damage|p1a: Kobe|38\/100\n|\n|t:|1699672485\n|switch|p2a: Zacian|Zacian, tera:Fire|66\/100|[from] U-turn\n|\n|upkeep\n|turn|17\n|\n|t:|1699672490\n|move|p2a: Zacian|Tera Blast|p1a: Kobe|[anim] Tera Blast Fire\n|-damage|p1a: Kobe|0 fnt\n|faint|p1a: Kobe\n|\n|upkeep\n|c|\u2606VloneVictini|gg\n|\n|t:|1699672494\n|switch|p1a: Shaq|Rillaboom, M|41\/100\n|-damage|p1a: Shaq|28\/100|[from] Stealth Rock\n|-fieldstart|move: Grassy Terrain|[from] ability: Grassy Surge|[of] p1a: Shaq\n|turn|18\n|\n|t:|1699672499\n|-terastallize|p1a: Shaq|Grass\n|move|p1a: Shaq|Grassy Glide|p2a: Zacian\n|-resisted|p2a: Zacian\n|-damage|p2a: Zacian|30\/100\n|move|p2a: Zacian|Tera Blast|p1a: Shaq|[anim] Tera Blast Fire\n|-supereffective|p1a: Shaq\n|-damage|p1a: Shaq|0 fnt\n|faint|p1a: Shaq\n|\n|win|ShadowblazinAceP\n|c|\u2606ShadowblazinAceP|gg\n","uploadtime":1699673149,"views":51,"p1id":"vlonevictini","p2id":"shadowblazinacep","formatid":"gen9ubers","rating":0,"private":0,"password":""}