{"id":"gen9ubers-1975568996","p1":"lime ave","p2":"Envymetta_TTV","format":"[Gen 9] Ubers","log":"|j|\u2606lime ave\n|j|\u2606Envymetta_TTV\n|t:|1698206112\n|gametype|singles\n|player|p1|lime ave|yellow|1363\n|player|p2|Envymetta_TTV|acetrainer-gen4|1514\n|teamsize|p1|6\n|teamsize|p2|6\n|gen|9\n|tier|[Gen 9] Ubers\n|rated|\n|rule|Sleep Clause Mod: Limit one foe put to sleep\n|rule|Species Clause: Limit one of each Pok\u00e9mon\n|rule|OHKO Clause: OHKO moves are banned\n|rule|Evasion Items Clause: Evasion items are banned\n|rule|Evasion Moves Clause: Evasion moves are banned\n|rule|Endless Battle Clause: Forcing endless battles is banned\n|rule|HP Percentage Mod: HP is shown in percentages\n|clearpoke\n|poke|p1|Arceus-Fairy|\n|poke|p1|Skeledirge, M|\n|poke|p1|Koraidon|\n|poke|p1|Clodsire, F|\n|poke|p1|Great Tusk|\n|poke|p1|Mewtwo|\n|poke|p2|Shaymin-Sky|\n|poke|p2|Darkrai|\n|poke|p2|Arceus|\n|poke|p2|Dialga-Origin|\n|poke|p2|Giratina-Origin|\n|poke|p2|Garchomp, F|\n|teampreview\n|inactive|Battle timer is ON: inactive players will automatically lose when time's up. (requested by Envymetta_TTV)\n|inactive|Envymetta_TTV has 120 seconds left.\n|inactive|Envymetta_TTV has 90 seconds left.\n|\n|t:|1698206205\n|start\n|switch|p1a: Koraidon|Koraidon|100\/100\n|switch|p2a: Darkrai|Darkrai, shiny|100\/100\n|-weather|SunnyDay|[from] ability: Orichalcum Pulse|[of] p1a: Koraidon\n|-activate|p1a: Koraidon|Orichalcum Pulse|[source]\n|turn|1\n|\n|t:|1698206223\n|move|p1a: Koraidon|Low Kick|p2a: Darkrai\n|-supereffective|p2a: Darkrai\n|-damage|p2a: Darkrai|0 fnt\n|faint|p2a: Darkrai\n|\n|-weather|SunnyDay|[upkeep]\n|upkeep\n|inactive|Envymetta_TTV has 120 seconds left.\n|\n|t:|1698206244\n|switch|p2a: Shaymin|Shaymin-Sky, shiny|100\/100\n|turn|2\n|\n|t:|1698206262\n|move|p1a: Koraidon|Scale Shot|p2a: Shaymin\n|-damage|p2a: Shaymin|76\/100\n|-damage|p2a: Shaymin|54\/100\n|-damage|p2a: Shaymin|30\/100\n|-damage|p2a: Shaymin|8\/100\n|-damage|p2a: Shaymin|0 fnt\n|faint|p2a: Shaymin\n|-hitcount|p2: Shaymin|5\n|-unboost|p1a: Koraidon|def|1\n|-boost|p1a: Koraidon|spe|1\n|\n|-weather|SunnyDay|[upkeep]\n|upkeep\n|\n|t:|1698206269\n|switch|p2a: Arceus|Arceus, shiny|100\/100\n|turn|3\n|\n|t:|1698206276\n|switch|p1a: Skeledirge|Skeledirge, M|100\/100\n|-terastallize|p2a: Arceus|Ghost\n|move|p2a: Arceus|Swords Dance|p2a: Arceus\n|-boost|p2a: Arceus|atk|2\n|\n|-weather|SunnyDay|[upkeep]\n|upkeep\n|turn|4\n|\n|t:|1698206280\n|move|p2a: Arceus|Taunt|p1a: Skeledirge\n|-start|p1a: Skeledirge|move: Taunt\n|cant|p1a: Skeledirge|move: Taunt|Will-O-Wisp\n|\n|-weather|SunnyDay|[upkeep]\n|upkeep\n|turn|5\n|\n|t:|1698206282\n|move|p2a: Arceus|Shadow Claw|p1a: Skeledirge\n|-supereffective|p1a: Skeledirge\n|-damage|p1a: Skeledirge|55\/100\n|move|p1a: Skeledirge|Torch Song|p2a: Arceus\n|-damage|p2a: Arceus|68\/100\n|-boost|p1a: Skeledirge|spa|1\n|\n|-weather|none\n|-heal|p2a: Arceus|74\/100|[from] item: Leftovers\n|upkeep\n|turn|6\n|\n|t:|1698206286\n|move|p2a: Arceus|Shadow Claw|p1a: Skeledirge\n|-supereffective|p1a: Skeledirge\n|-crit|p1a: Skeledirge\n|-damage|p1a: Skeledirge|0 fnt\n|faint|p1a: Skeledirge\n|\n|-heal|p2a: Arceus|80\/100|[from] item: Leftovers\n|upkeep\n|\n|t:|1698206294\n|switch|p1a: Arceus|Arceus-Fairy|100\/100\n|turn|7\n|\n|t:|1698206301\n|switch|p2a: Dialga|Dialga-Origin, shiny|100\/100\n|-ability|p2a: Dialga|Pressure\n|move|p1a: Arceus|Judgment|p2a: Dialga\n|-damage|p2a: Dialga|59\/100\n|\n|upkeep\n|turn|8\n|\n|t:|1698206312\n|move|p1a: Arceus|Judgment|p2a: Dialga\n|-damage|p2a: Dialga|22\/100\n|move|p2a: Dialga|Trick Room|p2a: Dialga\n|-fieldstart|move: Trick Room|[of] p2a: Dialga\n|\n|upkeep\n|turn|9\n|\n|t:|1698206318\n|switch|p1a: Clodsire|Clodsire, F|100\/100\n|move|p2a: Dialga|Steel Beam|p1a: Clodsire\n|-damage|p1a: Clodsire|44\/100\n|-damage|p2a: Dialga|0 fnt|[from] steelbeam\n|faint|p2a: Dialga\n|\n|-heal|p1a: Clodsire|50\/100|[from] item: Leftovers\n|upkeep\n|\n|t:|1698206325\n|switch|p2a: Garchomp|Garchomp, F, shiny|100\/100\n|turn|10\n|\n|t:|1698206328\n|switch|p1a: Great Tusk|Great Tusk|100\/100\n|move|p2a: Garchomp|Earthquake|p1a: Great Tusk\n|-damage|p1a: Great Tusk|75\/100\n|\n|-heal|p1a: Great Tusk|82\/100|[from] item: Leftovers\n|upkeep\n|turn|11\n|\n|t:|1698206337\n|switch|p2a: Giratina|Giratina-Origin, shiny|100\/100\n|move|p1a: Great Tusk|Stealth Rock|p2a: Giratina\n|-sidestart|p2: Envymetta_TTV|move: Stealth Rock\n|\n|-heal|p1a: Great Tusk|88\/100|[from] item: Leftovers\n|upkeep\n|turn|12\n|\n|t:|1698206343\n|-end|p1a: Great Tusk|Protosynthesis|[silent]\n|switch|p1a: Clodsire|Clodsire, F|50\/100\n|move|p2a: Giratina|Defog|p1a: Clodsire\n|-unboost|p1a: Clodsire|evasion|1\n|-sideend|p2: Envymetta_TTV|Stealth Rock|[from] move: Defog|[of] p2a: Giratina\n|\n|-heal|p1a: Clodsire|56\/100|[from] item: Leftovers\n|-fieldend|move: Trick Room\n|upkeep\n|turn|13\n|\n|t:|1698206347\n|move|p2a: Giratina|Poltergeist|p1a: Clodsire\n|-activate|p1a: Clodsire|move: Poltergeist|Leftovers\n|-damage|p1a: Clodsire|0 fnt\n|faint|p1a: Clodsire\n|\n|upkeep\n|\n|t:|1698206352\n|switch|p1a: Arceus|Arceus-Fairy|100\/100\n|turn|14\n|\n|t:|1698206357\n|move|p1a: Arceus|Judgment|p2a: Giratina\n|-supereffective|p2a: Giratina\n|-damage|p2a: Giratina|30\/100\n|move|p2a: Giratina|Poltergeist|p1a: Arceus\n|-activate|p1a: Arceus|move: Poltergeist|Pixie Plate\n|-crit|p1a: Arceus\n|-damage|p1a: Arceus|31\/100\n|\n|upkeep\n|turn|15\n|\n|t:|1698206364\n|move|p2a: Giratina|Shadow Sneak|p1a: Arceus\n|-damage|p1a: Arceus|15\/100\n|move|p1a: Arceus|Judgment|p2a: Giratina\n|-supereffective|p2a: Giratina\n|-crit|p2a: Giratina\n|-damage|p2a: Giratina|0 fnt\n|faint|p2a: Giratina\n|\n|upkeep\n|\n|t:|1698206379\n|switch|p2a: Arceus|Arceus, shiny, tera:Ghost|80\/100\n|turn|16\n|\n|t:|1698206382\n|move|p2a: Arceus|Extreme Speed|p1a: Arceus\n|-damage|p1a: Arceus|0 fnt\n|faint|p1a: Arceus\n|\n|-heal|p2a: Arceus|86\/100|[from] item: Leftovers\n|upkeep\n|\n|t:|1698206384\n|switch|p1a: Great Tusk|Great Tusk|88\/100\n|turn|17\n|\n|t:|1698206393\n|switch|p2a: Garchomp|Garchomp, F, shiny|100\/100\n|move|p1a: Great Tusk|Headlong Rush|p2a: Garchomp\n|-damage|p2a: Garchomp|47\/100\n|-unboost|p1a: Great Tusk|def|1\n|-unboost|p1a: Great Tusk|spd|1\n|-damage|p1a: Great Tusk|75\/100|[from] ability: Rough Skin|[of] p2a: Garchomp\n|\n|-heal|p1a: Great Tusk|82\/100|[from] item: Leftovers\n|upkeep\n|turn|18\n|\n|t:|1698206399\n|move|p2a: Garchomp|Outrage|p1a: Great Tusk\n|-damage|p1a: Great Tusk|32\/100\n|move|p1a: Great Tusk|Headlong Rush|p2a: Garchomp\n|-damage|p2a: Garchomp|0 fnt\n|-unboost|p1a: Great Tusk|def|1\n|-unboost|p1a: Great Tusk|spd|1\n|-damage|p1a: Great Tusk|19\/100|[from] ability: Rough Skin|[of] p2a: Garchomp\n|faint|p2a: Garchomp\n|\n|-heal|p1a: Great Tusk|25\/100|[from] item: Leftovers\n|upkeep\n|\n|t:|1698206405\n|switch|p2a: Arceus|Arceus, shiny, tera:Ghost|86\/100\n|turn|19\n|\n|t:|1698206412\n|move|p2a: Arceus|Extreme Speed|p1a: Great Tusk\n|-damage|p1a: Great Tusk|0 fnt\n|faint|p1a: Great Tusk\n|-end|p1a: Great Tusk|Protosynthesis|[silent]\n|\n|-heal|p2a: Arceus|92\/100|[from] item: Leftovers\n|upkeep\n|\n|t:|1698206414\n|switch|p1a: Koraidon|Koraidon|100\/100\n|-weather|SunnyDay|[from] ability: Orichalcum Pulse|[of] p1a: Koraidon\n|-activate|p1a: Koraidon|Orichalcum Pulse|[source]\n|turn|20\n|\n|t:|1698206420\n|move|p1a: Koraidon|Flare Blitz|p2a: Arceus\n|-damage|p2a: Arceus|32\/100\n|-damage|p1a: Koraidon|75\/100|[from] Recoil\n|move|p2a: Arceus|Swords Dance|p2a: Arceus\n|-boost|p2a: Arceus|atk|2\n|\n|-weather|SunnyDay|[upkeep]\n|-heal|p2a: Arceus|38\/100|[from] item: Leftovers\n|upkeep\n|turn|21\n|\n|t:|1698206425\n|move|p2a: Arceus|Extreme Speed|p1a: Koraidon\n|-damage|p1a: Koraidon|0 fnt\n|faint|p1a: Koraidon\n|\n|-weather|SunnyDay|[upkeep]\n|-heal|p2a: Arceus|44\/100|[from] item: Leftovers\n|upkeep\n|\n|t:|1698206426\n|switch|p1a: Mewtwo|Mewtwo|100\/100\n|-ability|p1a: Mewtwo|Pressure\n|turn|22\n|\n|t:|1698206432\n|move|p2a: Arceus|Extreme Speed|p1a: Mewtwo\n|-damage|p1a: Mewtwo|24\/100\n|move|p1a: Mewtwo|Psystrike|p2a: Arceus\n|-damage|p2a: Arceus|11\/100\n|\n|-weather|SunnyDay|[upkeep]\n|-heal|p1a: Mewtwo|30\/100|[from] item: Leftovers\n|-heal|p2a: Arceus|17\/100|[from] item: Leftovers\n|upkeep\n|turn|23\n|\n|t:|1698206437\n|move|p2a: Arceus|Extreme Speed|p1a: Mewtwo\n|-damage|p1a: Mewtwo|0 fnt\n|faint|p1a: Mewtwo\n|\n|win|Envymetta_TTV\n|raw|lime ave's rating: 1363 &rarr; <strong>1351<\/strong><br \/>(-12 for losing)\n|raw|Envymetta_TTV's rating: 1514 &rarr; <strong>1526<\/strong><br \/>(+12 for winning)\n|l|\u2606lime ave\n","uploadtime":1698206445,"views":12,"p1id":"limeave","p2id":"envymettattv","formatid":"gen9ubers","rating":1351,"private":0,"password":""}