{"id":"gen9ubers-1975471805","p1":"israel_rq","p2":"GucciFood","format":"[Gen 9] Ubers","log":"|j|\u2606israel_rq\n|j|\u2606GucciFood\n|t:|1698194971\n|gametype|singles\n|player|p1|israel_rq|lucas-gen4pt|1186\n|player|p2|GucciFood|pokemaniac|1336\n|teamsize|p1|6\n|teamsize|p2|6\n|gen|9\n|tier|[Gen 9] Ubers\n|rated|\n|rule|Sleep Clause Mod: Limit one foe put to sleep\n|rule|Species Clause: Limit one of each Pok\u00e9mon\n|rule|OHKO Clause: OHKO moves are banned\n|rule|Evasion Items Clause: Evasion items are banned\n|rule|Evasion Moves Clause: Evasion moves are banned\n|rule|Endless Battle Clause: Forcing endless battles is banned\n|rule|HP Percentage Mod: HP is shown in percentages\n|clearpoke\n|poke|p1|Ninetales-Alola, M|\n|poke|p1|Kingambit, M|\n|poke|p1|Iron Bundle|\n|poke|p1|Ogerpon-Hearthflame, F|\n|poke|p1|Dragapult, F|\n|poke|p1|Ursaluna-Bloodmoon, M|\n|poke|p2|Giratina-Origin|\n|poke|p2|Palkia-Origin|\n|poke|p2|Koraidon|\n|poke|p2|Ting-Lu|\n|poke|p2|Kyogre|\n|poke|p2|Zacian-*|\n|teampreview\n|\n|t:|1698194978\n|start\n|switch|p1a: Ninetales|Ninetales-Alola, M|100\/100\n|switch|p2a: Koraidon|Koraidon|100\/100\n|-weather|SunnyDay|[from] ability: Orichalcum Pulse|[of] p2a: Koraidon\n|-activate|p2a: Koraidon|Orichalcum Pulse|[source]\n|-weather|Snow|[from] ability: Snow Warning|[of] p1a: Ninetales\n|turn|1\n|\n|t:|1698194993\n|move|p2a: Koraidon|U-turn|p1a: Ninetales\n|-resisted|p1a: Ninetales\n|-damage|p1a: Ninetales|89\/100\n|inactive|Battle timer is ON: inactive players will automatically lose when time's up. (requested by israel_rq)\n|\n|t:|1698195012\n|switch|p2a: Zacian|Zacian-Crowned|100\/100|[from] U-turn\n|-ability|p2a: Zacian|Intrepid Sword|boost\n|-boost|p2a: Zacian|atk|1\n|move|p1a: Ninetales|Aurora Veil|p1a: Ninetales\n|-sidestart|p1: israel_rq|move: Aurora Veil\n|\n|-weather|Snow|[upkeep]\n|upkeep\n|turn|2\n|\n|t:|1698195021\n|move|p2a: Zacian|Behemoth Blade|p1a: Ninetales\n|-supereffective|p1a: Ninetales\n|-damage|p1a: Ninetales|0 fnt\n|faint|p1a: Ninetales\n|\n|-weather|Snow|[upkeep]\n|upkeep\n|\n|t:|1698195029\n|switch|p1a: Ursaluna|Ursaluna-Bloodmoon, M|100\/100\n|turn|3\n|\n|t:|1698195038\n|move|p2a: Zacian|Sacred Sword|p1a: Ursaluna\n|-supereffective|p1a: Ursaluna\n|-damage|p1a: Ursaluna|73\/100\n|move|p1a: Ursaluna|Calm Mind|p1a: Ursaluna\n|-boost|p1a: Ursaluna|spa|1\n|-boost|p1a: Ursaluna|spd|1\n|\n|-weather|Snow|[upkeep]\n|-heal|p1a: Ursaluna|79\/100|[from] item: Leftovers\n|upkeep\n|turn|4\n|\n|t:|1698195054\n|switch|p2a: Koraidon|Koraidon|100\/100\n|-weather|SunnyDay|[from] ability: Orichalcum Pulse|[of] p2a: Koraidon\n|-activate|p2a: Koraidon|Orichalcum Pulse|[source]\n|move|p1a: Ursaluna|Calm Mind|p1a: Ursaluna\n|-boost|p1a: Ursaluna|spa|1\n|-boost|p1a: Ursaluna|spd|1\n|\n|-weather|SunnyDay|[upkeep]\n|-heal|p1a: Ursaluna|85\/100|[from] item: Leftovers\n|upkeep\n|turn|5\n|\n|t:|1698195068\n|-terastallize|p1a: Ursaluna|Fairy\n|move|p2a: Koraidon|Close Combat|p1a: Ursaluna\n|-resisted|p1a: Ursaluna\n|-damage|p1a: Ursaluna|73\/100\n|-unboost|p2a: Koraidon|def|1\n|-unboost|p2a: Koraidon|spd|1\n|move|p1a: Ursaluna|Moonblast|p2a: Koraidon\n|-supereffective|p2a: Koraidon\n|-damage|p2a: Koraidon|0 fnt\n|faint|p2a: Koraidon\n|\n|-weather|SunnyDay|[upkeep]\n|-heal|p1a: Ursaluna|79\/100|[from] item: Leftovers\n|upkeep\n|\n|t:|1698195074\n|switch|p2a: Zacian|Zacian-Crowned|100\/100\n|turn|6\n|\n|t:|1698195086\n|move|p2a: Zacian|Behemoth Blade|p1a: Ursaluna\n|-supereffective|p1a: Ursaluna\n|-damage|p1a: Ursaluna|46\/100\n|move|p1a: Ursaluna|Earth Power|p2a: Zacian\n|-supereffective|p2a: Zacian\n|-damage|p2a: Zacian|0 fnt\n|faint|p2a: Zacian\n|\n|-weather|SunnyDay|[upkeep]\n|-heal|p1a: Ursaluna|52\/100|[from] item: Leftovers\n|upkeep\n|\n|t:|1698195090\n|switch|p2a: Giratina|Giratina-Origin, shiny|100\/100\n|turn|7\n|\n|t:|1698195104\n|move|p2a: Giratina|Defog|p1a: Ursaluna\n|-unboost|p1a: Ursaluna|evasion|1\n|-sideend|p1: israel_rq|move: Aurora Veil\n|move|p1a: Ursaluna|Moonblast|p2a: Giratina\n|-supereffective|p2a: Giratina\n|-damage|p2a: Giratina|0 fnt\n|faint|p2a: Giratina\n|\n|-weather|SunnyDay|[upkeep]\n|-heal|p1a: Ursaluna|58\/100|[from] item: Leftovers\n|upkeep\n|\n|t:|1698195108\n|switch|p2a: Kyogre|Kyogre|100\/100\n|-weather|RainDance|[from] ability: Drizzle|[of] p2a: Kyogre\n|turn|8\n|\n|t:|1698195123\n|move|p2a: Kyogre|Water Spout|p1a: Ursaluna\n|-damage|p1a: Ursaluna|0 fnt\n|faint|p1a: Ursaluna\n|\n|-weather|RainDance|[upkeep]\n|upkeep\n|\n|t:|1698195137\n|switch|p1a: Dragapult|Dragapult, F|100\/100\n|turn|9\n|\n|t:|1698195141\n|switch|p2a: Ting-Lu|Ting-Lu|100\/100\n|-ability|p2a: Ting-Lu|Vessel of Ruin\n|move|p1a: Dragapult|Dragon Dance|p1a: Dragapult\n|-boost|p1a: Dragapult|atk|1\n|-boost|p1a: Dragapult|spe|1\n|\n|-weather|RainDance|[upkeep]\n|upkeep\n|turn|10\n|\n|t:|1698195156\n|move|p1a: Dragapult|Dragon Darts|p2a: Ting-Lu\n|-damage|p2a: Ting-Lu|79\/100\n|-anim|p1a: Dragapult|Dragon Darts|p2a: Ting-Lu\n|-damage|p2a: Ting-Lu|57\/100\n|move|p2a: Ting-Lu|Stealth Rock|p1a: Dragapult\n|-sidestart|p1: israel_rq|move: Stealth Rock\n|\n|-weather|RainDance|[upkeep]\n|-heal|p2a: Ting-Lu|63\/100|[from] item: Leftovers\n|upkeep\n|turn|11\n|inactive|GucciFood has 120 seconds left.\n|\n|t:|1698195200\n|move|p1a: Dragapult|Dragon Darts|p2a: Ting-Lu\n|-damage|p2a: Ting-Lu|41\/100\n|-anim|p1a: Dragapult|Dragon Darts|p2a: Ting-Lu\n|-damage|p2a: Ting-Lu|17\/100\n|move|p2a: Ting-Lu|Earthquake|p1a: Dragapult\n|-damage|p1a: Dragapult|47\/100\n|\n|-weather|RainDance|[upkeep]\n|-heal|p2a: Ting-Lu|24\/100|[from] item: Leftovers\n|upkeep\n|turn|12\n|\n|t:|1698195212\n|move|p1a: Dragapult|Dragon Darts|p2a: Ting-Lu\n|-damage|p2a: Ting-Lu|1\/100\n|-anim|p1a: Dragapult|Dragon Darts|p2a: Ting-Lu\n|-damage|p2a: Ting-Lu|0 fnt\n|faint|p2a: Ting-Lu\n|\n|-weather|none\n|upkeep\n|\n|t:|1698195227\n|switch|p2a: Palkia|Palkia-Origin|100\/100\n|-ability|p2a: Palkia|Pressure\n|turn|13\n|\n|t:|1698195234\n|-terastallize|p2a: Palkia|Steel\n|move|p1a: Dragapult|Dragon Darts|p2a: Palkia\n|-resisted|p2a: Palkia\n|-damage|p2a: Palkia|78\/100\n|-anim|p1a: Dragapult|Dragon Darts|p2a: Palkia\n|-resisted|p2a: Palkia\n|-damage|p2a: Palkia|57\/100\n|move|p2a: Palkia|Spacial Rend|p1a: Dragapult|[miss]\n|-miss|p2a: Palkia|p1a: Dragapult\n|\n|upkeep\n|turn|14\n|\n|t:|1698195249\n|move|p1a: Dragapult|Dragon Darts|p2a: Palkia\n|-resisted|p2a: Palkia\n|-damage|p2a: Palkia|35\/100\n|-anim|p1a: Dragapult|Dragon Darts|p2a: Palkia\n|-resisted|p2a: Palkia\n|-damage|p2a: Palkia|14\/100\n|move|p2a: Palkia|Spacial Rend|p1a: Dragapult\n|-supereffective|p1a: Dragapult\n|-damage|p1a: Dragapult|0 fnt\n|faint|p1a: Dragapult\n|\n|upkeep\n|l|\u2606GucciFood\n|inactive|GucciFood disconnected and has a minute to reconnect!\n|player|p2|\n|\n|t:|1698195265\n|switch|p1a: Iron Bundle|Iron Bundle|100\/100\n|-damage|p1a: Iron Bundle|76\/100|[from] Stealth Rock\n|turn|15\n|inactive|GucciFood has 30 seconds to reconnect!\n|inactive|GucciFood has 20 seconds to reconnect!\n|inactive|GucciFood has 15 seconds to reconnect!\n|inactive|GucciFood has 10 seconds to reconnect!\n|inactive|GucciFood has 5 seconds to reconnect!\n|-message|GucciFood lost due to inactivity.\n|\n|win|israel_rq\n|raw|israel_rq's rating: 1186 &rarr; <strong>1221<\/strong><br \/>(+35 for winning)\n|raw|GucciFood's rating: 1336 &rarr; <strong>1308<\/strong><br \/>(-28 for losing)\n","uploadtime":1698195333,"views":21,"p1id":"israelrq","p2id":"guccifood","formatid":"gen9ubers","rating":1221,"private":0,"password":""}