{"id":"gen9ubers-1992248234","p1":"Profesor Turo","p2":"Blitz2656","format":"[Gen 9] Ubers","log":"|j|\u2606Profesor Turo\n|j|\u2606Blitz2656\n|t:|1700167514\n|gametype|singles\n|player|p1|Profesor Turo|turo-ai|\n|player|p2|Blitz2656|mustard-master|\n|teamsize|p1|6\n|teamsize|p2|6\n|gen|9\n|tier|[Gen 9] Ubers\n|rule|Sleep Clause Mod: Limit one foe put to sleep\n|rule|Species Clause: Limit one of each Pok\u00e9mon\n|rule|OHKO Clause: OHKO moves are banned\n|rule|Evasion Items Clause: Evasion items are banned\n|rule|Evasion Moves Clause: Evasion moves are banned\n|rule|Endless Battle Clause: Forcing endless battles is banned\n|rule|HP Percentage Mod: HP is shown in percentages\n|clearpoke\n|poke|p1|Calyrex-Ice|\n|poke|p1|Dragonite, F|\n|poke|p1|Weavile, M|\n|poke|p1|Tornadus-Therian, M|\n|poke|p1|Ursaluna, M|\n|poke|p1|Graveler-Alola, F|\n|poke|p2|Clodsire, F|\n|poke|p2|Dipplin, F|\n|poke|p2|Garchomp, F|\n|poke|p2|Palafin, M|\n|poke|p2|Clefable, F|\n|poke|p2|Empoleon, M|\n|teampreview\n|inactive|Battle timer is ON: inactive players will automatically lose when time's up. (requested by Profesor Turo)\n|inactive|Blitz2656 also wants the timer to be on.\n|\n|t:|1700167519\n|start\n|switch|p1a: Graveler|Graveler-Alola, F|100\/100\n|switch|p2a: Garchomp|Garchomp, F|100\/100\n|turn|1\n|\n|t:|1700167528\n|move|p2a: Garchomp|Spikes|p1a: Graveler\n|-sidestart|p1: Profesor Turo|Spikes\n|move|p1a: Graveler|Stealth Rock|p2a: Garchomp\n|-sidestart|p2: Blitz2656|move: Stealth Rock\n|\n|upkeep\n|turn|2\n|\n|t:|1700167535\n|move|p2a: Garchomp|Earth Power|p1a: Graveler\n|-supereffective|p1a: Graveler\n|-damage|p1a: Graveler|0 fnt\n|faint|p1a: Graveler\n|\n|upkeep\n|\n|t:|1700167546\n|switch|p1a: Calyrex|Calyrex-Ice|100\/100\n|-ability|p1a: Calyrex|As One\n|-ability|p1a: Calyrex|Unnerve\n|-damage|p1a: Calyrex|88\/100|[from] Spikes\n|turn|3\n|\n|t:|1700167548\n|move|p2a: Garchomp|Fire Blast|p1a: Calyrex\n|-supereffective|p1a: Calyrex\n|-damage|p1a: Calyrex|63\/100\n|move|p1a: Calyrex|Calm Mind|p1a: Calyrex\n|-boost|p1a: Calyrex|spa|1\n|-boost|p1a: Calyrex|spd|1\n|\n|-heal|p1a: Calyrex|70\/100|[from] item: Leftovers\n|upkeep\n|turn|4\n|\n|t:|1700167565\n|switch|p2a: Clefable|Clefable, F|100\/100\n|-damage|p2a: Clefable|88\/100|[from] Stealth Rock\n|move|p1a: Calyrex|Calm Mind|p1a: Calyrex\n|-boost|p1a: Calyrex|spa|1\n|-boost|p1a: Calyrex|spd|1\n|\n|-heal|p2a: Clefable|94\/100|[from] item: Leftovers\n|-heal|p1a: Calyrex|76\/100|[from] item: Leftovers\n|upkeep\n|turn|5\n|\n|t:|1700167568\n|move|p2a: Clefable|Knock Off|p1a: Calyrex\n|-supereffective|p1a: Calyrex\n|-damage|p1a: Calyrex|53\/100\n|-enditem|p1a: Calyrex|Leftovers|[from] move: Knock Off|[of] p2a: Clefable\n|move|p1a: Calyrex|Leech Seed|p2a: Clefable\n|-start|p2a: Clefable|move: Leech Seed\n|\n|-heal|p2a: Clefable|99\/100|[from] item: Leftovers\n|-damage|p2a: Clefable|88\/100|[from] Leech Seed|[of] p1a: Calyrex\n|-heal|p1a: Calyrex|65\/100|[silent]\n|upkeep\n|turn|6\n|\n|t:|1700167581\n|switch|p2a: Clodsire|Clodsire, F|100\/100\n|move|p1a: Calyrex|Iron Defense|p1a: Calyrex\n|-boost|p1a: Calyrex|def|2\n|\n|upkeep\n|turn|7\n|\n|t:|1700167583\n|move|p1a: Calyrex|Metronome|p1a: Calyrex\n|move|p1a: Calyrex|Cotton Spore|p2a: Clodsire|[from]move: Metronome\n|-unboost|p2a: Clodsire|spe|2\n|move|p2a: Clodsire|Toxic|p1a: Calyrex\n|-status|p1a: Calyrex|tox\n|\n|-damage|p1a: Calyrex|59\/100 tox|[from] psn\n|upkeep\n|turn|8\n|\n|t:|1700167590\n|switch|p2a: Clefable|Clefable, F|88\/100\n|-damage|p2a: Clefable|75\/100|[from] Stealth Rock\n|move|p1a: Calyrex|Leech Seed|p2a: Clefable\n|-start|p2a: Clefable|move: Leech Seed\n|\n|-heal|p2a: Clefable|81\/100|[from] item: Leftovers\n|-damage|p2a: Clefable|69\/100|[from] Leech Seed|[of] p1a: Calyrex\n|-heal|p1a: Calyrex|71\/100 tox|[silent]\n|-damage|p1a: Calyrex|59\/100 tox|[from] psn\n|upkeep\n|turn|9\n|\n|t:|1700167591\n|move|p2a: Clefable|Wish|p2a: Clefable\n|move|p1a: Calyrex|Metronome|p1a: Calyrex\n|move|p1a: Calyrex|Drill Peck|p2a: Clefable|[from]move: Metronome\n|-damage|p2a: Clefable|45\/100\n|\n|-heal|p2a: Clefable|52\/100|[from] item: Leftovers\n|-damage|p2a: Clefable|39\/100|[from] Leech Seed|[of] p1a: Calyrex\n|-heal|p1a: Calyrex|71\/100 tox|[silent]\n|-damage|p1a: Calyrex|52\/100 tox|[from] psn\n|upkeep\n|turn|10\n|\n|t:|1700167598\n|move|p2a: Clefable|Stealth Rock|p1a: Calyrex\n|-sidestart|p1: Profesor Turo|move: Stealth Rock\n|move|p1a: Calyrex|Metronome|p1a: Calyrex\n|move|p1a: Calyrex|Scale Shot|p2a: Clefable|[from]move: Metronome\n|-immune|p2a: Clefable\n|\n|-heal|p2a: Clefable|89\/100|[from] move: Wish|[wisher] Clefable\n|-heal|p2a: Clefable|95\/100|[from] item: Leftovers\n|-damage|p2a: Clefable|83\/100|[from] Leech Seed|[of] p1a: Calyrex\n|-heal|p1a: Calyrex|64\/100 tox|[silent]\n|-damage|p1a: Calyrex|40\/100 tox|[from] psn\n|upkeep\n|turn|11\n|\n|t:|1700167606\n|move|p2a: Clefable|Knock Off|p1a: Calyrex\n|-supereffective|p1a: Calyrex\n|-damage|p1a: Calyrex|24\/100 tox\n|move|p1a: Calyrex|Metronome|p1a: Calyrex\n|move|p1a: Calyrex|Water Spout|p2a: Clefable|[from]move: Metronome\n|-damage|p2a: Clefable|76\/100\n|\n|-heal|p2a: Clefable|82\/100|[from] item: Leftovers\n|-damage|p2a: Clefable|70\/100|[from] Leech Seed|[of] p1a: Calyrex\n|-heal|p1a: Calyrex|36\/100 tox|[silent]\n|-damage|p1a: Calyrex|5\/100 tox|[from] psn\n|upkeep\n|turn|12\n|\n|t:|1700167612\n|move|p2a: Clefable|Wish|p2a: Clefable\n|move|p1a: Calyrex|Metronome|p1a: Calyrex\n|move|p1a: Calyrex|Tar Shot|p2a: Clefable|[from]move: Metronome\n|-unboost|p2a: Clefable|spe|1\n|-start|p2a: Clefable|Tar Shot\n|\n|-heal|p2a: Clefable|76\/100|[from] item: Leftovers\n|-damage|p2a: Clefable|64\/100|[from] Leech Seed|[of] p1a: Calyrex\n|-heal|p1a: Calyrex|18\/100 tox|[silent]\n|-damage|p1a: Calyrex|0 fnt|[from] psn\n|faint|p1a: Calyrex\n|upkeep\n|\n|t:|1700167620\n|switch|p1a: Dragonite|Dragonite, F|100\/100\n|turn|13\n|\n|t:|1700167624\n|move|p1a: Dragonite|Thunder Wave|p2a: Clefable|[miss]\n|-miss|p1a: Dragonite|p2a: Clefable\n|move|p2a: Clefable|Knock Off|p1a: Dragonite\n|-damage|p1a: Dragonite|89\/100\n|-enditem|p1a: Dragonite|Heavy-Duty Boots|[from] move: Knock Off|[of] p2a: Clefable\n|\n|-heal|p2a: Clefable|100\/100|[from] move: Wish|[wisher] Clefable\n|-damage|p2a: Clefable|88\/100|[from] Leech Seed|[of] p1a: Dragonite\n|-heal|p1a: Dragonite|100\/100|[silent]\n|upkeep\n|turn|14\n|\n|t:|1700167633\n|switch|p2a: Dipplin|Dipplin, F|100\/100\n|-damage|p2a: Dipplin|88\/100|[from] Stealth Rock\n|move|p1a: Dragonite|Dragon Dance|p1a: Dragonite\n|-boost|p1a: Dragonite|atk|1\n|-boost|p1a: Dragonite|spe|1\n|\n|upkeep\n|turn|15\n|\n|t:|1700167636\n|move|p1a: Dragonite|Thunder Wave|p2a: Dipplin|[miss]\n|-miss|p1a: Dragonite|p2a: Dipplin\n|move|p2a: Dipplin|Dragon Tail|p1a: Dragonite\n|-supereffective|p1a: Dragonite\n|-damage|p1a: Dragonite|80\/100\n|drag|p1a: Tornadus|Tornadus-Therian, M|100\/100\n|\n|upkeep\n|turn|16\n|\n|t:|1700167649\n|move|p1a: Tornadus|Metronome|p1a: Tornadus\n|move|p1a: Tornadus|Water Shuriken|p2a: Dipplin|[from]move: Metronome\n|-resisted|p2a: Dipplin\n|-crit|p2a: Dipplin\n|-damage|p2a: Dipplin|87\/100\n|-resisted|p2a: Dipplin\n|-damage|p2a: Dipplin|87\/100\n|-resisted|p2a: Dipplin\n|-damage|p2a: Dipplin|86\/100\n|-resisted|p2a: Dipplin\n|-damage|p2a: Dipplin|86\/100\n|-hitcount|p2a: Dipplin|4\n|move|p2a: Dipplin|Dragon Tail|p1a: Tornadus\n|-crit|p1a: Tornadus\n|-damage|p1a: Tornadus|79\/100\n|drag|p1a: Ursaluna|Ursaluna, M|100\/100\n|-damage|p1a: Ursaluna|88\/100|[from] Spikes\n|-damage|p1a: Ursaluna|82\/100|[from] Stealth Rock\n|\n|-status|p1a: Ursaluna|brn|[from] item: Flame Orb\n|upkeep\n|turn|17\n|\n|t:|1700167666\n|move|p1a: Ursaluna|Metronome|p1a: Ursaluna\n|move|p1a: Ursaluna|Spikes|p2a: Dipplin|[from]move: Metronome\n|-sidestart|p2: Blitz2656|Spikes\n|move|p2a: Dipplin|Dragon Tail|p1a: Ursaluna\n|-damage|p1a: Ursaluna|67\/100 brn\n|drag|p1a: Weavile|Weavile, M|100\/100\n|-damage|p1a: Weavile|88\/100|[from] Spikes\n|-damage|p1a: Weavile|63\/100|[from] Stealth Rock\n|\n|upkeep\n|turn|18\n|\n|t:|1700167675\n|-terastallize|p2a: Dipplin|Poison\n|move|p1a: Weavile|Spite|p2a: Dipplin\n|-activate|p2a: Dipplin|move: Spite|Dragon Tail|4\n|move|p2a: Dipplin|Dragon Tail|p1a: Weavile\n|-damage|p1a: Weavile|31\/100\n|drag|p1a: Ursaluna|Ursaluna, M|67\/100 brn\n|-damage|p1a: Ursaluna|54\/100 brn|[from] Spikes\n|-damage|p1a: Ursaluna|48\/100 brn|[from] Stealth Rock\n|\n|-damage|p1a: Ursaluna|42\/100 brn|[from] brn\n|upkeep\n|turn|19\n|\n|t:|1700167683\n|move|p1a: Ursaluna|Metronome|p1a: Ursaluna\n|move|p1a: Ursaluna|Barb Barrage|p2a: Dipplin|[from]move: Metronome\n|-resisted|p2a: Dipplin\n|-damage|p2a: Dipplin|77\/100\n|move|p2a: Dipplin|Dragon Tail|p1a: Ursaluna\n|-damage|p1a: Ursaluna|27\/100 brn\n|drag|p1a: Dragonite|Dragonite, F|80\/100\n|-damage|p1a: Dragonite|55\/100|[from] Stealth Rock\n|\n|upkeep\n|turn|20\n|\n|t:|1700167688\n|move|p1a: Dragonite|Roost|p1a: Dragonite\n|-heal|p1a: Dragonite|100\/100\n|-singleturn|p1a: Dragonite|move: Roost\n|move|p2a: Dipplin|Dragon Tail|p1a: Dragonite\n|-supereffective|p1a: Dragonite\n|-damage|p1a: Dragonite|81\/100\n|drag|p1a: Tornadus|Tornadus-Therian, M|100\/100\n|\n|upkeep\n|turn|21\n|\n|t:|1700167695\n|switch|p2a: Palafin|Palafin, M|100\/100\n|-damage|p2a: Palafin|88\/100|[from] Stealth Rock\n|-damage|p2a: Palafin|76\/100|[from] Spikes\n|move|p1a: Tornadus|Metronome|p1a: Tornadus\n|move|p1a: Tornadus|Haze|p1a: Tornadus|[from]move: Metronome\n|-clearallboost\n|\n|upkeep\n|turn|22\n|\n|t:|1700167702\n|detailschange|p2a: Palafin|Palafin-Hero, M\n|switch|p2a: Clefable|Clefable, F|88\/100\n|-damage|p2a: Clefable|76\/100|[from] Stealth Rock\n|-damage|p2a: Clefable|63\/100|[from] Spikes\n|move|p1a: Tornadus|Metronome|p1a: Tornadus\n|move|p1a: Tornadus|Triple Dive|p2a: Clefable|[from]move: Metronome\n|-damage|p2a: Clefable|58\/100\n|-damage|p2a: Clefable|52\/100\n|-damage|p2a: Clefable|47\/100\n|-hitcount|p2a: Clefable|3\n|\n|-heal|p2a: Clefable|53\/100|[from] item: Leftovers\n|upkeep\n|turn|23\n|\n|t:|1700167705\n|move|p1a: Tornadus|Taunt|p2a: Clefable\n|-start|p2a: Clefable|move: Taunt\n|move|p2a: Clefable|Knock Off|p1a: Tornadus\n|-damage|p1a: Tornadus|84\/100\n|-enditem|p1a: Tornadus|Heavy-Duty Boots|[from] move: Knock Off|[of] p2a: Clefable\n|\n|-heal|p2a: Clefable|59\/100|[from] item: Leftovers\n|upkeep\n|turn|24\n|\n|t:|1700167711\n|switch|p2a: Clodsire|Clodsire, F|100\/100\n|move|p1a: Tornadus|Nasty Plot|p1a: Tornadus\n|-boost|p1a: Tornadus|spa|2\n|\n|upkeep\n|turn|25\n|\n|t:|1700167713\n|move|p1a: Tornadus|Taunt|p2a: Clodsire\n|-start|p2a: Clodsire|move: Taunt\n|cant|p2a: Clodsire|move: Taunt|Toxic\n|\n|upkeep\n|turn|26\n|\n|t:|1700167716\n|move|p1a: Tornadus|Metronome|p1a: Tornadus\n|move|p1a: Tornadus|Metal Burst||[from]move: Metronome|[still]\n|-fail|p1a: Tornadus\n|move|p2a: Clodsire|Body Press|p1a: Tornadus\n|-resisted|p1a: Tornadus\n|-damage|p1a: Tornadus|79\/100\n|\n|upkeep\n|turn|27\n|\n|t:|1700167725\n|move|p1a: Tornadus|Metronome|p1a: Tornadus\n|move|p1a: Tornadus|Clear Smog|p2a: Clodsire|[from]move: Metronome\n|-resisted|p2a: Clodsire\n|-damage|p2a: Clodsire|99\/100\n|-clearboost|p2a: Clodsire\n|move|p2a: Clodsire|Body Press|p1a: Tornadus\n|-resisted|p1a: Tornadus\n|-crit|p1a: Tornadus\n|-damage|p1a: Tornadus|72\/100\n|\n|-end|p2a: Clodsire|move: Taunt\n|upkeep\n|turn|28\n|\n|t:|1700167739\n|switch|p2a: Dipplin|Dipplin, F, tera:Poison|77\/100\n|-damage|p2a: Dipplin|65\/100|[from] Stealth Rock\n|-damage|p2a: Dipplin|52\/100|[from] Spikes\n|move|p1a: Tornadus|Taunt|p2a: Dipplin\n|-start|p2a: Dipplin|move: Taunt\n|\n|upkeep\n|turn|29\n|\n|t:|1700167741\n|move|p1a: Tornadus|Metronome|p1a: Tornadus\n|move|p1a: Tornadus|Toxic|p2a: Dipplin|[from]move: Metronome\n|-immune|p2a: Dipplin\n|move|p2a: Dipplin|Dragon Tail|p1a: Tornadus\n|-damage|p1a: Tornadus|57\/100\n|drag|p1a: Weavile|Weavile, M|31\/100\n|-damage|p1a: Weavile|18\/100|[from] Spikes\n|-damage|p1a: Weavile|0 fnt|[from] Stealth Rock\n|faint|p1a: Weavile\n|\n|upkeep\n|\n|t:|1700167747\n|switch|p1a: Tornadus|Tornadus-Therian, M|91\/100\n|-damage|p1a: Tornadus|66\/100|[from] Stealth Rock\n|turn|30\n|\n|t:|1700167752\n|move|p1a: Tornadus|Metronome|p1a: Tornadus\n|move|p1a: Tornadus|Chloroblast|p2a: Dipplin|[from]move: Metronome\n|-resisted|p2a: Dipplin\n|-damage|p2a: Dipplin|38\/100\n|-damage|p1a: Tornadus|16\/100|[from] Recoil\n|move|p2a: Dipplin|Dragon Tail|p1a: Tornadus\n|-damage|p1a: Tornadus|0 fnt\n|faint|p1a: Tornadus\n|\n|-end|p2a: Dipplin|move: Taunt\n|upkeep\n|\n|t:|1700167755\n|switch|p1a: Dragonite|Dragonite, F|81\/100\n|-damage|p1a: Dragonite|56\/100|[from] Stealth Rock\n|turn|31\n|\n|t:|1700167762\n|-terastallize|p1a: Dragonite|Normal\n|move|p1a: Dragonite|Roost|p1a: Dragonite\n|-heal|p1a: Dragonite|100\/100\n|move|p2a: Dipplin|Recover|p2a: Dipplin\n|-heal|p2a: Dipplin|88\/100\n|\n|upkeep\n|turn|32\n|\n|t:|1700167767\n|move|p1a: Dragonite|Metronome|p1a: Dragonite\n|move|p1a: Dragonite|Double Kick|p2a: Dipplin|[from]move: Metronome\n|-resisted|p2a: Dipplin\n|-damage|p2a: Dipplin|85\/100\n|-resisted|p2a: Dipplin\n|-damage|p2a: Dipplin|83\/100\n|-hitcount|p2a: Dipplin|2\n|move|p2a: Dipplin|Dragon Tail|p1a: Dragonite\n|-damage|p1a: Dragonite|91\/100\n|drag|p1a: Ursaluna|Ursaluna, M|27\/100 brn\n|-damage|p1a: Ursaluna|14\/100 brn|[from] Spikes\n|-damage|p1a: Ursaluna|8\/100 brn|[from] Stealth Rock\n|\n|-damage|p1a: Ursaluna|2\/100 brn|[from] brn\n|upkeep\n|turn|33\n|\n|t:|1700167778\n|move|p1a: Ursaluna|Metronome|p1a: Ursaluna\n|move|p1a: Ursaluna|Encore|p2a: Dipplin|[from]move: Metronome\n|-start|p2a: Dipplin|Encore\n|move|p2a: Dipplin|Dragon Tail|p1a: Ursaluna\n|-damage|p1a: Ursaluna|0 fnt\n|faint|p1a: Ursaluna\n|\n|upkeep\n|\n|t:|1700167783\n|switch|p1a: Dragonite|Dragonite, F, tera:Normal|91\/100\n|-damage|p1a: Dragonite|79\/100|[from] Spikes\n|-damage|p1a: Dragonite|66\/100|[from] Stealth Rock\n|turn|34\n|\n|t:|1700167785\n|switch|p2a: Clodsire|Clodsire, F|99\/100\n|move|p1a: Dragonite|Roost|p1a: Dragonite\n|-heal|p1a: Dragonite|100\/100\n|\n|upkeep\n|turn|35\n|c|\u2606Profesor Turo|ggs\n|\n|t:|1700167791\n|move|p1a: Dragonite|Metronome|p1a: Dragonite\n|move|p1a: Dragonite|Lava Plume|p2a: Clodsire|[from]move: Metronome\n|-damage|p2a: Clodsire|89\/100\n|move|p2a: Clodsire|Toxic|p1a: Dragonite\n|-status|p1a: Dragonite|tox\n|\n|-damage|p1a: Dragonite|94\/100 tox|[from] psn\n|upkeep\n|turn|36\n|c|\u2606Blitz2656|gg\n|\n|t:|1700167797\n|move|p1a: Dragonite|Metronome|p1a: Dragonite\n|move|p1a: Dragonite|Dire Claw|p2a: Clodsire|[from]move: Metronome\n|-resisted|p2a: Clodsire\n|-damage|p2a: Clodsire|81\/100\n|move|p2a: Clodsire|Stealth Rock||[still]\n|-fail|p2a: Clodsire\n|\n|-damage|p1a: Dragonite|82\/100 tox|[from] psn\n|upkeep\n|turn|37\n|\n|t:|1700167800\n|move|p1a: Dragonite|Metronome|p1a: Dragonite\n|move|p1a: Dragonite|Recycle||[from]move: Metronome|[still]\n|-fail|p1a: Dragonite\n|move|p2a: Clodsire|Stealth Rock||[still]\n|-fail|p2a: Clodsire\n|\n|-damage|p1a: Dragonite|63\/100 tox|[from] psn\n|upkeep\n|turn|38\n|\n|t:|1700167802\n|move|p1a: Dragonite|Metronome|p1a: Dragonite\n|move|p1a: Dragonite|Stuff Cheeks||[from]move: Metronome|[still]\n|-fail|p1a: Dragonite\n|move|p2a: Clodsire|Stealth Rock||[still]\n|-fail|p2a: Clodsire\n|\n|-damage|p1a: Dragonite|39\/100 tox|[from] psn\n|upkeep\n|turn|39\n|\n|t:|1700167805\n|move|p1a: Dragonite|Metronome|p1a: Dragonite\n|move|p1a: Dragonite|Aqua Jet|p2a: Clodsire|[from]move: Metronome\n|-supereffective|p2a: Clodsire\n|-damage|p2a: Clodsire|49\/100\n|move|p2a: Clodsire|Stealth Rock||[still]\n|-fail|p2a: Clodsire\n|\n|-damage|p1a: Dragonite|8\/100 tox|[from] psn\n|upkeep\n|turn|40\n|\n|t:|1700167807\n|move|p1a: Dragonite|Metronome|p1a: Dragonite\n|move|p1a: Dragonite|Infestation|p2a: Clodsire|[from]move: Metronome\n|-resisted|p2a: Clodsire\n|-damage|p2a: Clodsire|48\/100\n|-activate|p2a: Clodsire|move: Infestation|[of] p1a: Dragonite\n|move|p2a: Clodsire|Stealth Rock||[still]\n|-fail|p2a: Clodsire\n|\n|-damage|p1a: Dragonite|0 fnt|[from] psn\n|faint|p1a: Dragonite\n|\n|win|Blitz2656\n|upkeep\n|l|\u2606Profesor Turo\n|j|\u2606Profesor Turo\n|player|p1|Profesor Turo|turo-ai\n","uploadtime":1700167827,"views":27,"p1id":"profesorturo","p2id":"blitz2656","formatid":"gen9ubers","rating":0,"private":0,"password":""}