{"id":"gen9ubers-1979586463","p1":"IoSonoNeon","p2":"Uber45","format":"[Gen 9] Ubers","log":"|j|\u2606IoSonoNeon\n|j|\u2606Uber45\n|t:|1698694482\n|gametype|singles\n|player|p1|IoSonoNeon|#dpppliii|\n|player|p2|Uber45|unknown|\n|teamsize|p1|6\n|teamsize|p2|6\n|gen|9\n|tier|[Gen 9] Ubers\n|rated|Tournament battle\n|rule|Sleep Clause Mod: Limit one foe put to sleep\n|rule|Species Clause: Limit one of each Pok\u00e9mon\n|rule|OHKO Clause: OHKO moves are banned\n|rule|Evasion Items Clause: Evasion items are banned\n|rule|Evasion Moves Clause: Evasion moves are banned\n|rule|Endless Battle Clause: Forcing endless battles is banned\n|rule|HP Percentage Mod: HP is shown in percentages\n|clearpoke\n|poke|p1|Glimmora, F|\n|poke|p1|Koraidon|\n|poke|p1|Ogerpon-Hearthflame, F|\n|poke|p1|Arceus-Ground|\n|poke|p1|Flutter Mane|\n|poke|p1|Kingambit, F|\n|poke|p2|Koraidon|\n|poke|p2|Clodsire, M|\n|poke|p2|Skeledirge, M|\n|poke|p2|Arceus-Fairy|\n|poke|p2|Giratina-Origin|\n|poke|p2|Kyogre|\n|teampreview\n|j| Nicometeor\n|j| egretqwerty\n|c|\u2606Uber45|Hf\n|inactive|Battle timer is ON: inactive players will automatically lose when time's up. (requested by IoSonoNeon)\n|\n|t:|1698694495\n|start\n|switch|p1a: Glimmora|Glimmora, F|100\/100\n|switch|p2a: Koraidon|Koraidon|100\/100\n|-weather|SunnyDay|[from] ability: Orichalcum Pulse|[of] p2a: Koraidon\n|-activate|p2a: Koraidon|Orichalcum Pulse|[source]\n|turn|1\n|\n|t:|1698694500\n|move|p2a: Koraidon|Swords Dance|p2a: Koraidon\n|-boost|p2a: Koraidon|atk|2\n|move|p1a: Glimmora|Stealth Rock|p2a: Koraidon\n|-sidestart|p2: Uber45|move: Stealth Rock\n|\n|-weather|SunnyDay|[upkeep]\n|upkeep\n|turn|2\n|\n|t:|1698694504\n|move|p2a: Koraidon|Scale Shot|p1a: Glimmora\n|-damage|p1a: Glimmora|39\/100\n|-activate|p1a: Glimmora|ability: Toxic Debris\n|-sidestart|p2: Uber45|move: Toxic Spikes\n|-damage|p1a: Glimmora|0 fnt\n|-activate|p1a: Glimmora|ability: Toxic Debris\n|-sidestart|p2: Uber45|move: Toxic Spikes\n|faint|p1a: Glimmora\n|-hitcount|p1: Glimmora|2\n|-unboost|p2a: Koraidon|def|1\n|-boost|p2a: Koraidon|spe|1\n|-damage|p2a: Koraidon|91\/100|[from] item: Life Orb\n|\n|-weather|SunnyDay|[upkeep]\n|upkeep\n|\n|t:|1698694506\n|switch|p1a: Flutter Mane|Flutter Mane|100\/100\n|-activate|p1a: Flutter Mane|ability: Protosynthesis\n|-start|p1a: Flutter Mane|protosynthesisspe\n|turn|3\n|\n|t:|1698694527\n|-terastallize|p2a: Koraidon|Fire\n|move|p1a: Flutter Mane|Moonblast|p2a: Koraidon\n|-resisted|p2a: Koraidon\n|-damage|p2a: Koraidon|67\/100\n|move|p2a: Koraidon|Flare Blitz|p1a: Flutter Mane\n|-damage|p1a: Flutter Mane|0 fnt\n|faint|p1a: Flutter Mane\n|-end|p1a: Flutter Mane|Protosynthesis|[silent]\n|-damage|p2a: Koraidon|42\/100|[from] Recoil\n|-damage|p2a: Koraidon|32\/100|[from] item: Life Orb\n|\n|-weather|SunnyDay|[upkeep]\n|upkeep\n|\n|t:|1698694533\n|switch|p1a: Kingambit|Kingambit, F|100\/100\n|-activate|p1a: Kingambit|ability: Supreme Overlord\n|-start|p1a: Kingambit|fallen2|[silent]\n|turn|4\n|inactive|Uber45 has 120 seconds left.\n|\n|t:|1698694569\n|move|p1a: Kingambit|Sucker Punch||[still]\n|-fail|p1a: Kingambit\n|move|p2a: Koraidon|Swords Dance|p2a: Koraidon\n|-boost|p2a: Koraidon|atk|2\n|\n|-weather|SunnyDay|[upkeep]\n|upkeep\n|turn|5\n|\n|t:|1698694576\n|move|p1a: Kingambit|Sucker Punch||[still]\n|-fail|p1a: Kingambit\n|move|p2a: Koraidon|Swords Dance|p2a: Koraidon\n|-boost|p2a: Koraidon|atk|2\n|\n|-weather|none\n|upkeep\n|turn|6\n|\n|t:|1698694578\n|move|p1a: Kingambit|Sucker Punch||[still]\n|-fail|p1a: Kingambit\n|move|p2a: Koraidon|Swords Dance|p2a: Koraidon\n|-boost|p2a: Koraidon|atk|0\n|\n|upkeep\n|turn|7\n|\n|t:|1698694587\n|move|p1a: Kingambit|Sucker Punch||[still]\n|-fail|p1a: Kingambit\n|move|p2a: Koraidon|Swords Dance|p2a: Koraidon\n|-boost|p2a: Koraidon|atk|0\n|\n|upkeep\n|turn|8\n|\n|t:|1698694596\n|move|p1a: Kingambit|Sucker Punch||[still]\n|-fail|p1a: Kingambit\n|move|p2a: Koraidon|Swords Dance|p2a: Koraidon\n|-boost|p2a: Koraidon|atk|0\n|\n|upkeep\n|turn|9\n|\n|t:|1698694600\n|move|p1a: Kingambit|Sucker Punch||[still]\n|-fail|p1a: Kingambit\n|move|p2a: Koraidon|Swords Dance|p2a: Koraidon\n|-boost|p2a: Koraidon|atk|0\n|\n|upkeep\n|turn|10\n|\n|t:|1698694603\n|move|p1a: Kingambit|Sucker Punch||[still]\n|-fail|p1a: Kingambit\n|move|p2a: Koraidon|Swords Dance|p2a: Koraidon\n|-boost|p2a: Koraidon|atk|0\n|\n|upkeep\n|turn|11\n|\n|t:|1698694606\n|move|p2a: Koraidon|Low Kick|p1a: Kingambit\n|-supereffective|p1a: Kingambit\n|-damage|p1a: Kingambit|0 fnt\n|faint|p1a: Kingambit\n|-end|p1a: Kingambit|fallen2|[silent]\n|-damage|p2a: Koraidon|22\/100|[from] item: Life Orb\n|\n|upkeep\n|\n|t:|1698694609\n|switch|p1a: Arceus|Arceus-Ground|100\/100\n|turn|12\n|\n|t:|1698694615\n|move|p2a: Koraidon|Low Kick|p1a: Arceus\n|-damage|p1a: Arceus|0 fnt\n|faint|p1a: Arceus\n|-damage|p2a: Koraidon|12\/100|[from] item: Life Orb\n|\n|upkeep\n|\n|t:|1698694618\n|switch|p1a: Koraidon|Koraidon|100\/100\n|-weather|SunnyDay|[from] ability: Orichalcum Pulse|[of] p1a: Koraidon\n|-activate|p1a: Koraidon|Orichalcum Pulse|[source]\n|turn|13\n|c|\u2606Uber45|Gg\n|\n|t:|1698694622\n|move|p2a: Koraidon|Low Kick|p1a: Koraidon\n|-damage|p1a: Koraidon|0 fnt\n|faint|p1a: Koraidon\n|-damage|p2a: Koraidon|3\/100|[from] item: Life Orb\n|\n|-weather|SunnyDay|[upkeep]\n|upkeep\n|\n|t:|1698694624\n|switch|p1a: Ogerpon|Ogerpon-Hearthflame, F|100\/100\n|-ability|p1a: Ogerpon|Mold Breaker\n|turn|14\n|\n|t:|1698694626\n|move|p2a: Koraidon|Low Kick|p1a: Ogerpon\n|-damage|p1a: Ogerpon|0 fnt\n|faint|p1a: Ogerpon\n|-damage|p2a: Koraidon|0 fnt|[from] item: Life Orb\n|faint|p2a: Koraidon\n|\n|win|Uber45\n|n|\u2606IoSonoNeon|iosononeon\n|n|\u2606Uber45|uber45\n|n| Nicometeor|nicometeor\n|n| egretqwerty|egretqwerty\n|l|\u2606IoSonoNeon\n|l| egretqwerty\n|l|\u2606Uber45\n","uploadtime":1698694665,"views":6,"p1id":"iosononeon","p2id":"uber45","formatid":"gen9ubers","rating":0,"private":0,"password":""}