{"id":"gen9ubers-2000229842","p1":"Passhi","p2":"fishstickrick","format":"[Gen 9] Ubers","log":"|j|\u2606Passhi\n|j|\u2606fishstickrick\n|t:|1701175101\n|gametype|singles\n|player|p1|Passhi|clerkf|1000\n|player|p2|fishstickrick|wallace|1098\n|teamsize|p1|6\n|teamsize|p2|6\n|gen|9\n|tier|[Gen 9] Ubers\n|rated|\n|rule|Sleep Clause Mod: Limit one foe put to sleep\n|rule|Species Clause: Limit one of each Pok\u00e9mon\n|rule|OHKO Clause: OHKO moves are banned\n|rule|Evasion Items Clause: Evasion items are banned\n|rule|Evasion Moves Clause: Evasion moves are banned\n|rule|Endless Battle Clause: Forcing endless battles is banned\n|rule|HP Percentage Mod: HP is shown in percentages\n|clearpoke\n|poke|p1|Miraidon|\n|poke|p1|Skeledirge, M|\n|poke|p1|Eternatus|\n|poke|p1|Corviknight, F|\n|poke|p1|Kyogre|\n|poke|p1|Arceus-Ground|\n|poke|p2|Ogerpon-Hearthflame, F|\n|poke|p2|Koraidon|\n|poke|p2|Glimmora, F|\n|poke|p2|Shaymin-Sky|\n|poke|p2|Gholdengo|\n|poke|p2|Ribombee, F|\n|teampreview\n|inactive|Battle timer is ON: inactive players will automatically lose when time's up. (requested by Passhi)\n|inactive|fishstickrick also wants the timer to be on.\n|\n|t:|1701175131\n|start\n|switch|p1a: Corviknight|Corviknight, F|100\/100\n|switch|p2a: Ribombee|Ribombee, F, shiny|100\/100\n|-ability|p1a: Corviknight|Pressure\n|turn|1\n|\n|t:|1701175139\n|move|p2a: Ribombee|Stun Spore|p1a: Corviknight\n|-status|p1a: Corviknight|par\n|move|p1a: Corviknight|Defog|p2a: Ribombee\n|-unboost|p2a: Ribombee|evasion|1\n|\n|upkeep\n|turn|2\n|\n|t:|1701175151\n|move|p2a: Ribombee|Sticky Web|p1a: Corviknight\n|-sidestart|p1: Passhi|move: Sticky Web\n|move|p1a: Corviknight|Body Press|p2a: Ribombee\n|-resisted|p2a: Ribombee\n|-damage|p2a: Ribombee|86\/100\n|\n|upkeep\n|turn|3\n|\n|t:|1701175162\n|switch|p1a: Arceus|Arceus-Ground|100\/100\n|-activate|p1a: Arceus|move: Sticky Web\n|-unboost|p1a: Arceus|spe|1\n|move|p2a: Ribombee|Moonblast|p1a: Arceus\n|-damage|p1a: Arceus|72\/100\n|\n|upkeep\n|turn|4\n|\n|t:|1701175174\n|move|p2a: Ribombee|Stun Spore|p1a: Arceus|[miss]\n|-miss|p2a: Ribombee|p1a: Arceus\n|move|p1a: Arceus|Stealth Rock|p2a: Ribombee\n|-sidestart|p2: fishstickrick|move: Stealth Rock\n|\n|upkeep\n|turn|5\n|\n|t:|1701175178\n|switch|p1a: Corviknight|Corviknight, F|100\/100 par\n|-ability|p1a: Corviknight|Pressure\n|move|p2a: Ribombee|Stun Spore|p1a: Corviknight|[miss]\n|-miss|p2a: Ribombee|p1a: Corviknight\n|\n|upkeep\n|turn|6\n|\n|t:|1701175180\n|move|p2a: Ribombee|Moonblast|p1a: Corviknight\n|-resisted|p1a: Corviknight\n|-damage|p1a: Corviknight|81\/100 par\n|-unboost|p1a: Corviknight|spa|1\n|move|p1a: Corviknight|Defog|p2a: Ribombee\n|-unboost|p2a: Ribombee|evasion|1\n|-sideend|p2: fishstickrick|Stealth Rock|[from] move: Defog|[of] p1a: Corviknight\n|-sideend|p1: Passhi|Sticky Web|[from] move: Defog|[of] p1a: Corviknight\n|\n|upkeep\n|turn|7\n|\n|t:|1701175183\n|move|p2a: Ribombee|Sticky Web|p1a: Corviknight\n|-sidestart|p1: Passhi|move: Sticky Web\n|move|p1a: Corviknight|Body Press|p2a: Ribombee\n|-resisted|p2a: Ribombee\n|-damage|p2a: Ribombee|73\/100\n|\n|upkeep\n|turn|8\n|\n|t:|1701175187\n|move|p2a: Ribombee|Moonblast|p1a: Corviknight\n|-resisted|p1a: Corviknight\n|-damage|p1a: Corviknight|61\/100 par\n|cant|p1a: Corviknight|par\n|\n|upkeep\n|turn|9\n|\n|t:|1701175192\n|move|p2a: Ribombee|Moonblast|p1a: Corviknight\n|-resisted|p1a: Corviknight\n|-damage|p1a: Corviknight|41\/100 par\n|-unboost|p1a: Corviknight|spa|1\n|move|p1a: Corviknight|Roost|p1a: Corviknight\n|-heal|p1a: Corviknight|91\/100 par\n|-singleturn|p1a: Corviknight|move: Roost\n|\n|upkeep\n|turn|10\n|\n|t:|1701175218\n|switch|p2a: Gholdengo|Gholdengo|100\/100\n|move|p1a: Corviknight|Defog|p2a: Gholdengo\n|-immune|p2a: Gholdengo|[from] ability: Good as Gold\n|\n|upkeep\n|turn|11\n|inactive|Passhi has 120 seconds left.\n|\n|t:|1701175237\n|switch|p1a: Arceus|Arceus-Ground|72\/100\n|-activate|p1a: Arceus|move: Sticky Web\n|-unboost|p1a: Arceus|spe|1\n|move|p2a: Gholdengo|Nasty Plot|p2a: Gholdengo\n|-boost|p2a: Gholdengo|spa|2\n|\n|upkeep\n|turn|12\n|\n|t:|1701175243\n|move|p2a: Gholdengo|Make It Rain|p1a: Arceus\n|-damage|p1a: Arceus|0 fnt\n|-unboost|p2a: Gholdengo|spa|1\n|faint|p1a: Arceus\n|\n|upkeep\n|\n|t:|1701175252\n|switch|p1a: Eternatus|Eternatus|100\/100\n|-activate|p1a: Eternatus|move: Sticky Web\n|-unboost|p1a: Eternatus|spe|1\n|-ability|p1a: Eternatus|Pressure\n|turn|13\n|\n|t:|1701175266\n|move|p2a: Gholdengo|Make It Rain|p1a: Eternatus\n|-damage|p1a: Eternatus|36\/100\n|-unboost|p2a: Gholdengo|spa|1\n|move|p1a: Eternatus|Flamethrower|p2a: Gholdengo\n|-supereffective|p2a: Gholdengo\n|-damage|p2a: Gholdengo|32\/100\n|\n|-heal|p2a: Gholdengo|38\/100|[from] item: Leftovers\n|-heal|p1a: Eternatus|42\/100|[from] item: Leftovers\n|upkeep\n|turn|14\n|\n|t:|1701175276\n|switch|p2a: Ribombee|Ribombee, F, shiny|73\/100\n|move|p1a: Eternatus|Recover|p1a: Eternatus\n|-heal|p1a: Eternatus|92\/100\n|\n|-heal|p1a: Eternatus|98\/100|[from] item: Leftovers\n|upkeep\n|turn|15\n|\n|t:|1701175278\n|move|p2a: Ribombee|Stun Spore|p1a: Eternatus\n|-status|p1a: Eternatus|par\n|move|p1a: Eternatus|Flamethrower|p2a: Ribombee\n|-supereffective|p2a: Ribombee\n|-damage|p2a: Ribombee|0 fnt\n|faint|p2a: Ribombee\n|\n|-heal|p1a: Eternatus|100\/100 par|[from] item: Leftovers\n|upkeep\n|\n|t:|1701175283\n|switch|p2a: Glimmora|Glimmora, F|100\/100\n|turn|16\n|\n|t:|1701175287\n|switch|p1a: Corviknight|Corviknight, F|91\/100 par\n|-ability|p1a: Corviknight|Pressure\n|move|p2a: Glimmora|Stealth Rock|p1a: Corviknight\n|-sidestart|p1: Passhi|move: Stealth Rock\n|\n|upkeep\n|turn|17\n|\n|t:|1701175292\n|move|p2a: Glimmora|Spiky Shield|p2a: Glimmora\n|-singleturn|p2a: Glimmora|move: Protect\n|move|p1a: Corviknight|U-turn|p2a: Glimmora\n|-activate|p2a: Glimmora|move: Protect\n|-damage|p1a: Corviknight|78\/100 par|[from] Spiky Shield|[of] p2a: Glimmora\n|\n|upkeep\n|turn|18\n|\n|t:|1701175299\n|move|p2a: Glimmora|Memento|p1a: Corviknight\n|-unboost|p1a: Corviknight|atk|2\n|-unboost|p1a: Corviknight|spa|2\n|faint|p2a: Glimmora\n|move|p1a: Corviknight|Defog|p2: Glimmora|[notarget]\n|-fail|p1a: Corviknight\n|\n|upkeep\n|\n|t:|1701175305\n|switch|p2a: Gholdengo|Gholdengo|38\/100\n|turn|19\n|\n|t:|1701175311\n|move|p2a: Gholdengo|Nasty Plot|p2a: Gholdengo\n|-boost|p2a: Gholdengo|spa|2\n|move|p1a: Corviknight|U-turn|p2a: Gholdengo\n|-resisted|p2a: Gholdengo\n|-damage|p2a: Gholdengo|36\/100\n|\n|t:|1701175317\n|switch|p1a: Eternatus|Eternatus|100\/100 par|[from] U-turn\n|-activate|p1a: Eternatus|move: Sticky Web\n|-unboost|p1a: Eternatus|spe|1\n|-damage|p1a: Eternatus|88\/100 par|[from] Stealth Rock\n|-ability|p1a: Eternatus|Pressure\n|\n|-heal|p2a: Gholdengo|42\/100|[from] item: Leftovers\n|-heal|p1a: Eternatus|94\/100 par|[from] item: Leftovers\n|upkeep\n|turn|20\n|\n|t:|1701175330\n|move|p2a: Gholdengo|Make It Rain|p1a: Eternatus\n|-damage|p1a: Eternatus|17\/100 par\n|-unboost|p2a: Gholdengo|spa|1\n|cant|p1a: Eternatus|par\n|\n|-heal|p2a: Gholdengo|48\/100|[from] item: Leftovers\n|-heal|p1a: Eternatus|23\/100 par|[from] item: Leftovers\n|upkeep\n|turn|21\n|\n|t:|1701175336\n|move|p2a: Gholdengo|Shadow Ball|p1a: Eternatus\n|-damage|p1a: Eternatus|0 fnt\n|faint|p1a: Eternatus\n|\n|-heal|p2a: Gholdengo|54\/100|[from] item: Leftovers\n|upkeep\n|\n|t:|1701175340\n|switch|p1a: Miraidon|Miraidon|100\/100\n|-activate|p1a: Miraidon|move: Sticky Web\n|-unboost|p1a: Miraidon|spe|1\n|-damage|p1a: Miraidon|88\/100|[from] Stealth Rock\n|-fieldstart|move: Electric Terrain|[from] ability: Hadron Engine|[of] p1a: Miraidon\n|turn|22\n|\n|t:|1701175364\n|switch|p2a: Ogerpon|Ogerpon-Hearthflame, F|100\/100\n|-ability|p2a: Ogerpon|Mold Breaker\n|move|p1a: Miraidon|Overheat|p2a: Ogerpon\n|-damage|p2a: Ogerpon|26\/100\n|-unboost|p1a: Miraidon|spa|2\n|\n|upkeep\n|turn|23\n|\n|t:|1701175370\n|move|p1a: Miraidon|Overheat|p2a: Ogerpon\n|-damage|p2a: Ogerpon|0 fnt\n|-unboost|p1a: Miraidon|spa|2\n|faint|p2a: Ogerpon\n|\n|upkeep\n|\n|t:|1701175373\n|switch|p2a: Koraidon|Koraidon|100\/100\n|-weather|SunnyDay|[from] ability: Orichalcum Pulse|[of] p2a: Koraidon\n|-activate|p2a: Koraidon|Orichalcum Pulse|[source]\n|turn|24\n|\n|t:|1701175378\n|switch|p1a: Corviknight|Corviknight, F|78\/100 par\n|-damage|p1a: Corviknight|66\/100 par|[from] Stealth Rock\n|-ability|p1a: Corviknight|Pressure\n|move|p2a: Koraidon|Collision Course|p1a: Corviknight\n|-damage|p1a: Corviknight|22\/100 par\n|-damage|p2a: Koraidon|84\/100|[from] item: Rocky Helmet|[of] p1a: Corviknight\n|\n|-weather|SunnyDay|[upkeep]\n|upkeep\n|turn|25\n|\n|t:|1701175385\n|move|p2a: Koraidon|Flame Charge|p1a: Corviknight\n|-supereffective|p1a: Corviknight\n|-damage|p1a: Corviknight|0 fnt\n|-boost|p2a: Koraidon|spe|1\n|-damage|p2a: Koraidon|67\/100|[from] item: Rocky Helmet|[of] p1a: Corviknight\n|faint|p1a: Corviknight\n|\n|-weather|SunnyDay|[upkeep]\n|upkeep\n|\n|t:|1701175389\n|switch|p1a: Kyogre|Kyogre|100\/100\n|-activate|p1a: Kyogre|move: Sticky Web\n|-unboost|p1a: Kyogre|spe|1\n|-damage|p1a: Kyogre|88\/100|[from] Stealth Rock\n|-weather|RainDance|[from] ability: Drizzle|[of] p1a: Kyogre\n|turn|26\n|\n|t:|1701175403\n|switch|p2a: Gholdengo|Gholdengo|54\/100\n|move|p1a: Kyogre|Ice Beam|p2a: Gholdengo\n|-resisted|p2a: Gholdengo\n|-damage|p2a: Gholdengo|23\/100\n|\n|-weather|RainDance|[upkeep]\n|-heal|p2a: Gholdengo|29\/100|[from] item: Leftovers\n|-fieldend|move: Electric Terrain\n|upkeep\n|turn|27\n|\n|t:|1701175411\n|switch|p1a: Miraidon|Miraidon|88\/100\n|-activate|p1a: Miraidon|move: Sticky Web\n|-unboost|p1a: Miraidon|spe|1\n|-damage|p1a: Miraidon|76\/100|[from] Stealth Rock\n|-fieldstart|move: Electric Terrain|[from] ability: Hadron Engine|[of] p1a: Miraidon\n|move|p2a: Gholdengo|Shadow Ball|p1a: Miraidon\n|-crit|p1a: Miraidon\n|-damage|p1a: Miraidon|16\/100\n|\n|-weather|RainDance|[upkeep]\n|-heal|p2a: Gholdengo|35\/100|[from] item: Leftovers\n|upkeep\n|turn|28\n|\n|t:|1701175419\n|move|p1a: Miraidon|Overheat|p2a: Gholdengo\n|-supereffective|p2a: Gholdengo\n|-damage|p2a: Gholdengo|0 fnt\n|-unboost|p1a: Miraidon|spa|2\n|faint|p2a: Gholdengo\n|\n|-weather|RainDance|[upkeep]\n|upkeep\n|\n|t:|1701175423\n|switch|p2a: Koraidon|Koraidon|67\/100\n|-weather|SunnyDay|[from] ability: Orichalcum Pulse|[of] p2a: Koraidon\n|-activate|p2a: Koraidon|Orichalcum Pulse|[source]\n|turn|29\n|\n|t:|1701175429\n|move|p1a: Miraidon|Overheat|p2a: Koraidon\n|-resisted|p2a: Koraidon\n|-damage|p2a: Koraidon|47\/100\n|-unboost|p1a: Miraidon|spa|2\n|move|p2a: Koraidon|Dragon Claw|p1a: Miraidon\n|-supereffective|p1a: Miraidon\n|-damage|p1a: Miraidon|0 fnt\n|faint|p1a: Miraidon\n|\n|-weather|SunnyDay|[upkeep]\n|upkeep\n|\n|t:|1701175434\n|switch|p1a: Kyogre|Kyogre|88\/100\n|-activate|p1a: Kyogre|move: Sticky Web\n|-unboost|p1a: Kyogre|spe|1\n|-damage|p1a: Kyogre|76\/100|[from] Stealth Rock\n|-weather|RainDance|[from] ability: Drizzle|[of] p1a: Kyogre\n|turn|30\n|\n|t:|1701175439\n|move|p2a: Koraidon|Collision Course|p1a: Kyogre\n|-damage|p1a: Kyogre|13\/100\n|move|p1a: Kyogre|Origin Pulse|p2a: Koraidon\n|-resisted|p2a: Koraidon\n|-damage|p2a: Koraidon|0 fnt\n|faint|p2a: Koraidon\n|\n|-weather|RainDance|[upkeep]\n|upkeep\n|\n|t:|1701175443\n|switch|p2a: Shaymin|Shaymin-Sky|100\/100\n|turn|31\n|\n|t:|1701175445\n|move|p2a: Shaymin|Earth Power|p1a: Kyogre\n|-damage|p1a: Kyogre|0 fnt\n|faint|p1a: Kyogre\n|\n|-weather|RainDance|[upkeep]\n|-fieldend|move: Electric Terrain\n|upkeep\n|\n|t:|1701175447\n|switch|p1a: Skeledirge|Skeledirge, M|100\/100\n|turn|32\n|\n|t:|1701175451\n|-terastallize|p2a: Shaymin|Flying\n|-terastallize|p1a: Skeledirge|Fairy\n|move|p2a: Shaymin|Air Slash|p1a: Skeledirge\n|-damage|p1a: Skeledirge|47\/100\n|cant|p1a: Skeledirge|flinch\n|\n|-weather|RainDance|[upkeep]\n|upkeep\n|turn|33\n|\n|t:|1701175456\n|move|p2a: Shaymin|Air Slash|p1a: Skeledirge\n|-damage|p1a: Skeledirge|0 fnt\n|faint|p1a: Skeledirge\n|\n|win|fishstickrick\n|raw|Passhi's rating: 1000 &rarr; <strong>1000<\/strong><br \/>(+0 for losing)\n|raw|fishstickrick's rating: 1098 &rarr; <strong>1116<\/strong><br \/>(+18 for winning)\n|l|\u2606Passhi\n","uploadtime":1701175459,"views":1,"p1id":"passhi","p2id":"fishstickrick","formatid":"gen9ubers","rating":1000,"private":0,"password":""}