{"id":"gen9ubers-1990599938","p1":"Justjames1995","p2":"Misterharout0811","format":"[Gen 9] Ubers","log":"|j|\u2606Justjames1995\n|j|\u2606Misterharout0811\n|t:|1699984687\n|gametype|singles\n|player|p1|Justjames1995|266|1083\n|player|p2|Misterharout0811|2|1084\n|teamsize|p1|6\n|teamsize|p2|6\n|gen|9\n|tier|[Gen 9] Ubers\n|rated|\n|rule|Sleep Clause Mod: Limit one foe put to sleep\n|rule|Species Clause: Limit one of each Pok\u00e9mon\n|rule|OHKO Clause: OHKO moves are banned\n|rule|Evasion Items Clause: Evasion items are banned\n|rule|Evasion Moves Clause: Evasion moves are banned\n|rule|Endless Battle Clause: Forcing endless battles is banned\n|rule|HP Percentage Mod: HP is shown in percentages\n|clearpoke\n|poke|p1|Zoroark-Hisui, F|\n|poke|p1|Annihilape, M|\n|poke|p1|Dragapult, M|\n|poke|p1|Flutter Mane|\n|poke|p1|Spectrier|\n|poke|p1|Houndstone, M|\n|poke|p2|Regieleki|\n|poke|p2|Charizard, M|\n|poke|p2|Mimikyu, M|\n|poke|p2|Garganacl, M|\n|poke|p2|Gardevoir, M|\n|poke|p2|Zarude|\n|teampreview\n|\n|t:|1699984705\n|start\n|switch|p1a: Flutter Mane|Flutter Mane|100\/100\n|switch|p2a: Mimikyu|Mimikyu, M|100\/100\n|turn|1\n|\n|t:|1699984713\n|move|p1a: Flutter Mane|Shadow Ball|p2a: Mimikyu\n|-activate|p2a: Mimikyu|ability: Disguise\n|-damage|p2a: Mimikyu|100\/100\n|detailschange|p2a: Mimikyu|Mimikyu-Busted, M\n|-damage|p2a: Mimikyu|88\/100|[from] pokemon: Mimikyu-Busted\n|move|p2a: Mimikyu|Swords Dance|p2a: Mimikyu\n|-boost|p2a: Mimikyu|atk|2\n|\n|upkeep\n|turn|2\n|\n|t:|1699984729\n|move|p2a: Mimikyu|Shadow Sneak|p1a: Flutter Mane\n|-supereffective|p1a: Flutter Mane\n|-damage|p1a: Flutter Mane|0 fnt\n|faint|p1a: Flutter Mane\n|-end|p1a: Flutter Mane|Protosynthesis|[silent]\n|\n|upkeep\n|\n|t:|1699984732\n|switch|p1a: Dragapult|Dragapult, M|100\/100\n|turn|3\n|\n|t:|1699984739\n|move|p2a: Mimikyu|Shadow Sneak|p1a: Dragapult\n|-immune|p1a: Dragapult\n|move|p1a: Dragapult|Nasty Plot|p1a: Dragapult\n|-boost|p1a: Dragapult|spa|2\n|\n|upkeep\n|turn|4\n|\n|t:|1699984745\n|move|p1a: Dragapult|Bitter Malice|p2a: Mimikyu\n|-supereffective|p2a: Mimikyu\n|-damage|p2a: Mimikyu|0 fnt\n|faint|p2a: Mimikyu\n|\n|upkeep\n|\n|t:|1699984755\n|switch|p2a: Zarude|Zarude|100\/100\n|turn|5\n|\n|t:|1699984760\n|-terastallize|p1a: Dragapult|Fairy\n|move|p1a: Dragapult|Tera Blast|p2a: Zarude|[anim] Tera Blast Fairy\n|-supereffective|p2a: Zarude\n|-damage|p2a: Zarude|0 fnt\n|faint|p2a: Zarude\n|\n|upkeep\n|\n|t:|1699984771\n|switch|p2a: Gardevoir|Gardevoir, M|100\/100\n|turn|6\n|\n|t:|1699984785\n|-terastallize|p2a: Gardevoir|Fairy\n|move|p2a: Gardevoir|Disable|p1a: Dragapult\n|-start|p1a: Dragapult|Disable|Tera Blast\n|move|p1a: Dragapult|Bitter Malice|p2a: Gardevoir\n|-damage|p2a: Gardevoir|16\/100\n|-unboost|p2a: Gardevoir|atk|1\n|\n|upkeep\n|turn|7\n|\n|t:|1699984795\n|switch|p2a: Garganacl|Garganacl, M, shiny|100\/100\n|move|p1a: Dragapult|Flamethrower|p2a: Garganacl\n|-resisted|p2a: Garganacl\n|-damage|p2a: Garganacl|75\/100\n|\n|-heal|p2a: Garganacl|82\/100|[from] item: Leftovers\n|upkeep\n|turn|8\n|\n|t:|1699984803\n|move|p1a: Dragapult|Bitter Malice|p2a: Garganacl\n|-damage|p2a: Garganacl|52\/100\n|-unboost|p2a: Garganacl|atk|1\n|move|p2a: Garganacl|Salt Cure|p1a: Dragapult\n|-damage|p1a: Dragapult|81\/100\n|-start|p1a: Dragapult|Salt Cure\n|replace|p1a: Zoroark|Zoroark-Hisui, F\n|-end|p1a: Zoroark|Illusion\n|\n|-heal|p2a: Garganacl|59\/100|[from] item: Leftovers\n|-damage|p1a: Zoroark|69\/100|[from] Salt Cure\n|upkeep\n|turn|9\n|\n|t:|1699984817\n|move|p1a: Zoroark|Bitter Malice|p2a: Garganacl\n|-damage|p2a: Garganacl|24\/100\n|-unboost|p2a: Garganacl|atk|1\n|move|p2a: Garganacl|Recover|p2a: Garganacl\n|-heal|p2a: Garganacl|74\/100\n|\n|-heal|p2a: Garganacl|80\/100|[from] item: Leftovers\n|-damage|p1a: Zoroark|57\/100|[from] Salt Cure\n|-end|p1a: Zoroark|Disable\n|upkeep\n|turn|10\n|\n|t:|1699984829\n|move|p1a: Zoroark|Tera Blast|p2a: Garganacl|[anim] Tera Blast Fairy\n|-damage|p2a: Garganacl|12\/100\n|move|p2a: Garganacl|Recover|p2a: Garganacl\n|-heal|p2a: Garganacl|62\/100\n|\n|-heal|p2a: Garganacl|68\/100|[from] item: Leftovers\n|-damage|p1a: Zoroark|44\/100|[from] Salt Cure\n|upkeep\n|turn|11\n|\n|t:|1699984838\n|move|p1a: Zoroark|Tera Blast|p2a: Garganacl|[anim] Tera Blast Fairy\n|-damage|p2a: Garganacl|3\/100\n|move|p2a: Garganacl|Recover|p2a: Garganacl\n|-heal|p2a: Garganacl|53\/100\n|\n|-heal|p2a: Garganacl|59\/100|[from] item: Leftovers\n|-damage|p1a: Zoroark|32\/100|[from] Salt Cure\n|upkeep\n|turn|12\n|\n|t:|1699984846\n|switch|p2a: Gardevoir|Gardevoir, M, tera:Fairy|16\/100\n|move|p1a: Zoroark|Tera Blast|p2a: Gardevoir|[anim] Tera Blast Fairy\n|-damage|p2a: Gardevoir|0 fnt\n|faint|p2a: Gardevoir\n|\n|-damage|p1a: Zoroark|20\/100|[from] Salt Cure\n|upkeep\n|\n|t:|1699984853\n|switch|p2a: Regieleki|Regieleki, shiny|100\/100\n|-item|p2a: Regieleki|Air Balloon\n|turn|13\n|\n|t:|1699984857\n|move|p2a: Regieleki|Electro Ball|p1a: Zoroark\n|-damage|p1a: Zoroark|0 fnt\n|faint|p1a: Zoroark\n|\n|upkeep\n|\n|t:|1699984862\n|switch|p1a: Spectrier|Spectrier|100\/100\n|turn|14\n|\n|t:|1699984875\n|move|p2a: Regieleki|Volt Switch|p1a: Spectrier\n|-damage|p1a: Spectrier|54\/100\n|\n|t:|1699984878\n|switch|p2a: Garganacl|Garganacl, M, shiny|59\/100|[from] Volt Switch\n|move|p1a: Spectrier|Calm Mind|p1a: Spectrier\n|-boost|p1a: Spectrier|spa|1\n|-boost|p1a: Spectrier|spd|1\n|\n|-heal|p2a: Garganacl|65\/100|[from] item: Leftovers\n|upkeep\n|turn|15\n|\n|t:|1699984889\n|move|p1a: Spectrier|Dark Pulse|p2a: Garganacl\n|-damage|p2a: Garganacl|30\/100\n|cant|p2a: Garganacl|flinch\n|\n|-heal|p2a: Garganacl|37\/100|[from] item: Leftovers\n|upkeep\n|turn|16\n|\n|t:|1699984895\n|move|p1a: Spectrier|Dark Pulse|p2a: Garganacl\n|-damage|p2a: Garganacl|0 fnt\n|faint|p2a: Garganacl\n|-ability|p1a: Spectrier|Grim Neigh|boost\n|-boost|p1a: Spectrier|spa|1\n|\n|upkeep\n|\n|t:|1699984900\n|switch|p2a: Regieleki|Regieleki, shiny|100\/100\n|-item|p2a: Regieleki|Air Balloon\n|turn|17\n|\n|t:|1699984906\n|move|p2a: Regieleki|Thunder|p1a: Spectrier\n|-damage|p1a: Spectrier|3\/100\n|-status|p1a: Spectrier|par\n|cant|p1a: Spectrier|par\n|\n|upkeep\n|turn|18\n|\n|t:|1699984912\n|move|p2a: Regieleki|Volt Switch|p1a: Spectrier\n|-damage|p1a: Spectrier|0 fnt\n|faint|p1a: Spectrier\n|\n|t:|1699984916\n|switch|p2a: Charizard|Charizard, M|100\/100|[from] Volt Switch\n|\n|upkeep\n|\n|t:|1699984919\n|switch|p1a: Dragapult|Dragapult, M|100\/100\n|turn|19\n|\n|t:|1699984929\n|move|p1a: Dragapult|Shadow Ball|p2a: Charizard\n|-damage|p2a: Charizard|36\/100\n|move|p2a: Charizard|Dragon Claw|p1a: Dragapult\n|-supereffective|p1a: Dragapult\n|-damage|p1a: Dragapult|39\/100\n|\n|upkeep\n|turn|20\n|\n|t:|1699984936\n|move|p1a: Dragapult|Shadow Ball|p2a: Charizard\n|-crit|p2a: Charizard\n|-damage|p2a: Charizard|0 fnt\n|faint|p2a: Charizard\n|\n|upkeep\n|\n|t:|1699984940\n|switch|p2a: Regieleki|Regieleki, shiny|100\/100\n|-item|p2a: Regieleki|Air Balloon\n|turn|21\n|\n|t:|1699984944\n|move|p2a: Regieleki|Thunder|p1a: Dragapult|[miss]\n|-miss|p2a: Regieleki|p1a: Dragapult\n|move|p1a: Dragapult|Shadow Ball|p2a: Regieleki\n|-damage|p2a: Regieleki|6\/100\n|-enditem|p2a: Regieleki|Air Balloon\n|\n|upkeep\n|turn|22\n|\n|t:|1699984951\n|move|p2a: Regieleki|Thunder|p1a: Dragapult\n|-resisted|p1a: Dragapult\n|-damage|p1a: Dragapult|0 fnt\n|faint|p1a: Dragapult\n|\n|upkeep\n|\n|t:|1699984959\n|switch|p1a: Annihilape|Annihilape, M|100\/100\n|turn|23\n|\n|t:|1699984962\n|move|p2a: Regieleki|Thunder|p1a: Annihilape|[miss]\n|-miss|p2a: Regieleki|p1a: Annihilape\n|move|p1a: Annihilape|Rage Fist|p2a: Regieleki\n|-damage|p2a: Regieleki|0 fnt\n|faint|p2a: Regieleki\n|\n|win|Justjames1995\n|raw|Justjames1995's rating: 1083 &rarr; <strong>1111<\/strong><br \/>(+28 for winning)\n|raw|Misterharout0811's rating: 1084 &rarr; <strong>1061<\/strong><br \/>(-23 for losing)\n|l|\u2606Misterharout0811\n","uploadtime":1699984977,"views":21,"p1id":"justjames1995","p2id":"misterharout0811","formatid":"gen9ubers","rating":1061,"private":0,"password":""}