{"id":"gen9ubers-1985392659","p1":"ShirosakiAoi","p2":"Motussman","format":"[Gen 9] Ubers","log":"|j|\u2606ShirosakiAoi\n|j|\u2606Motussman\n|t:|1699370892\n|gametype|singles\n|player|p1|ShirosakiAoi|colress|1110\n|player|p2|Motussman|101|1149\n|teamsize|p1|6\n|teamsize|p2|6\n|gen|9\n|tier|[Gen 9] Ubers\n|rated|\n|rule|Sleep Clause Mod: Limit one foe put to sleep\n|rule|Species Clause: Limit one of each Pok\u00e9mon\n|rule|OHKO Clause: OHKO moves are banned\n|rule|Evasion Items Clause: Evasion items are banned\n|rule|Evasion Moves Clause: Evasion moves are banned\n|rule|Endless Battle Clause: Forcing endless battles is banned\n|rule|HP Percentage Mod: HP is shown in percentages\n|clearpoke\n|poke|p1|Baxcalibur, M|\n|poke|p1|Annihilape, M|\n|poke|p1|Landorus, M|\n|poke|p1|Espathra, F|\n|poke|p1|Flutter Mane|\n|poke|p1|Miraidon|\n|poke|p2|Palafin, M|\n|poke|p2|Pelipper, M|\n|poke|p2|Iron Bundle|\n|poke|p2|Maushold-Four|\n|poke|p2|Polteageist-Antique|\n|poke|p2|Ditto|\n|teampreview\n|\n|t:|1699370896\n|start\n|switch|p1a: AnnihilApeTion|Annihilape, M, shiny|100\/100\n|switch|p2a: Palafin|Palafin, M|100\/100\n|turn|1\n|\n|t:|1699370899\n|detailschange|p2a: Palafin|Palafin-Hero, M\n|switch|p2a: Pelipper|Pelipper, M|100\/100\n|-weather|RainDance|[from] ability: Drizzle|[of] p2a: Pelipper\n|move|p1a: AnnihilApeTion|Bulk Up|p1a: AnnihilApeTion\n|-boost|p1a: AnnihilApeTion|atk|1\n|-boost|p1a: AnnihilApeTion|def|1\n|\n|-weather|RainDance|[upkeep]\n|upkeep\n|turn|2\n|\n|t:|1699370907\n|-terastallize|p1a: AnnihilApeTion|Fairy\n|move|p2a: Pelipper|Tailwind|p2a: Pelipper\n|-sidestart|p2: Motussman|move: Tailwind\n|move|p1a: AnnihilApeTion|Rage Fist|p2a: Pelipper\n|-damage|p2a: Pelipper|51\/100\n|\n|-weather|RainDance|[upkeep]\n|upkeep\n|turn|3\n|\n|t:|1699370917\n|move|p2a: Pelipper|Hurricane|p1a: AnnihilApeTion\n|-damage|p1a: AnnihilApeTion|65\/100\n|-start|p1a: AnnihilApeTion|confusion\n|-activate|p1a: AnnihilApeTion|confusion\n|-damage|p1a: AnnihilApeTion|50\/100|[from] confusion\n|\n|-weather|RainDance|[upkeep]\n|-heal|p1a: AnnihilApeTion|56\/100|[from] item: Leftovers\n|upkeep\n|turn|4\n|\n|t:|1699370923\n|move|p2a: Pelipper|Hurricane|p1a: AnnihilApeTion\n|-damage|p1a: AnnihilApeTion|23\/100\n|-activate|p1a: AnnihilApeTion|confusion\n|move|p1a: AnnihilApeTion|Rage Fist|p2a: Pelipper\n|-damage|p2a: Pelipper|0 fnt\n|faint|p2a: Pelipper\n|\n|-weather|RainDance|[upkeep]\n|-heal|p1a: AnnihilApeTion|30\/100|[from] item: Leftovers\n|upkeep\n|\n|t:|1699370930\n|switch|p2a: Maushold|Maushold-Four|100\/100\n|turn|5\n|\n|t:|1699370934\n|move|p2a: Maushold|Population Bomb|p1a: AnnihilApeTion\n|-damage|p1a: AnnihilApeTion|21\/100\n|-damage|p1a: AnnihilApeTion|12\/100\n|-crit|p1a: AnnihilApeTion\n|-damage|p1a: AnnihilApeTion|0 fnt\n|faint|p1a: AnnihilApeTion\n|-hitcount|p1: AnnihilApeTion|3\n|\n|-weather|RainDance|[upkeep]\n|-sideend|p2: Motussman|move: Tailwind\n|upkeep\n|\n|t:|1699370940\n|switch|p1a: Cruzabrazo|Landorus, M, shiny|100\/100\n|turn|6\n|\n|t:|1699370976\n|switch|p2a: Ditto|Ditto|100\/100\n|-transform|p2a: Ditto|p1a: Cruzabrazo|[from] ability: Imposter\n|move|p1a: Cruzabrazo|Sandsear Storm|p2a: Ditto\n|-immune|p2a: Ditto\n|\n|-weather|RainDance|[upkeep]\n|upkeep\n|turn|7\n|\n|t:|1699370990\n|move|p2a: Ditto|Sandsear Storm|p1a: Cruzabrazo\n|-immune|p1a: Cruzabrazo\n|move|p1a: Cruzabrazo|Extrasensory|p2a: Ditto\n|-damage|p2a: Ditto|22\/100\n|\n|-weather|RainDance|[upkeep]\n|upkeep\n|turn|8\n|\n|t:|1699371006\n|switch|p2a: Iron Bundle|Iron Bundle|100\/100\n|-enditem|p2a: Iron Bundle|Booster Energy\n|-activate|p2a: Iron Bundle|ability: Quark Drive|[fromitem]\n|-start|p2a: Iron Bundle|quarkdrivespe\n|move|p1a: Cruzabrazo|Extrasensory|p2a: Iron Bundle\n|-damage|p2a: Iron Bundle|6\/100\n|\n|-weather|none\n|upkeep\n|turn|9\n|\n|t:|1699371016\n|move|p2a: Iron Bundle|Freeze-Dry|p1a: Cruzabrazo\n|-supereffective|p1a: Cruzabrazo\n|-damage|p1a: Cruzabrazo|0 fnt\n|faint|p1a: Cruzabrazo\n|\n|upkeep\n|\n|t:|1699371022\n|switch|p1a: Sky Bri|Espathra, F|100\/100\n|turn|10\n|inactive|Battle timer is ON: inactive players will automatically lose when time's up. (requested by Motussman)\n|\n|t:|1699371025\n|move|p1a: Sky Bri|Protect|p1a: Sky Bri\n|-singleturn|p1a: Sky Bri|Protect\n|move|p2a: Iron Bundle|Freeze-Dry|p1a: Sky Bri\n|-activate|p1a: Sky Bri|move: Protect\n|\n|-ability|p1a: Sky Bri|Speed Boost|boost\n|-boost|p1a: Sky Bri|spe|1\n|upkeep\n|turn|11\n|\n|t:|1699371034\n|move|p2a: Iron Bundle|Freeze-Dry|p1a: Sky Bri\n|-damage|p1a: Sky Bri|49\/100\n|move|p1a: Sky Bri|Tera Blast|p2a: Iron Bundle\n|-damage|p2a: Iron Bundle|0 fnt\n|faint|p2a: Iron Bundle\n|-end|p2a: Iron Bundle|Quark Drive|[silent]\n|\n|-heal|p1a: Sky Bri|56\/100|[from] item: Leftovers\n|-ability|p1a: Sky Bri|Speed Boost|boost\n|-boost|p1a: Sky Bri|spe|1\n|upkeep\n|\n|t:|1699371039\n|switch|p2a: Palafin|Palafin-Hero, M|100\/100\n|-activate|p2a: Palafin|ability: Zero to Hero\n|turn|12\n|\n|t:|1699371044\n|move|p1a: Sky Bri|Protect|p1a: Sky Bri\n|-singleturn|p1a: Sky Bri|Protect\n|move|p2a: Palafin|Jet Punch|p1a: Sky Bri\n|-activate|p1a: Sky Bri|move: Protect\n|\n|-heal|p1a: Sky Bri|62\/100|[from] item: Leftovers\n|-ability|p1a: Sky Bri|Speed Boost|boost\n|-boost|p1a: Sky Bri|spe|1\n|upkeep\n|turn|13\n|\n|t:|1699371056\n|-terastallize|p2a: Palafin|Water\n|move|p2a: Palafin|Jet Punch|p1a: Sky Bri\n|-damage|p1a: Sky Bri|0 fnt\n|faint|p1a: Sky Bri\n|-damage|p2a: Palafin|91\/100|[from] item: Life Orb\n|\n|upkeep\n|\n|t:|1699371063\n|switch|p1a: xXxBurner|Baxcalibur, M, shiny|100\/100\n|turn|14\n|\n|t:|1699371076\n|move|p2a: Palafin|Flip Turn|p1a: xXxBurner\n|-resisted|p1a: xXxBurner\n|-damage|p1a: xXxBurner|65\/100\n|-damage|p2a: Palafin|81\/100|[from] item: Life Orb\n|\n|t:|1699371080\n|switch|p2a: Maushold|Maushold-Four|100\/100|[from] Flip Turn\n|move|p1a: xXxBurner|Dragon Dance|p1a: xXxBurner\n|-boost|p1a: xXxBurner|atk|1\n|-boost|p1a: xXxBurner|spe|1\n|\n|upkeep\n|turn|15\n|\n|t:|1699371085\n|move|p1a: xXxBurner|Icicle Spear|p2a: Maushold\n|-damage|p2a: Maushold|64\/100\n|-crit|p2a: Maushold\n|-damage|p2a: Maushold|9\/100\n|-crit|p2a: Maushold\n|-damage|p2a: Maushold|0 fnt\n|faint|p2a: Maushold\n|-hitcount|p2: Maushold|3\n|\n|upkeep\n|\n|t:|1699371099\n|switch|p2a: Palafin|Palafin-Hero, M, tera:Water|81\/100\n|turn|16\n|\n|t:|1699371105\n|move|p2a: Palafin|Jet Punch|p1a: xXxBurner\n|-resisted|p1a: xXxBurner\n|-crit|p1a: xXxBurner\n|-damage|p1a: xXxBurner|15\/100\n|-damage|p2a: Palafin|71\/100|[from] item: Life Orb\n|move|p1a: xXxBurner|Glaive Rush|p2a: Palafin\n|-damage|p2a: Palafin|0 fnt\n|-singlemove|p1a: xXxBurner|Glaive Rush|[silent]\n|faint|p2a: Palafin\n|\n|upkeep\n|\n|t:|1699371109\n|switch|p2a: Ditto|Ditto|22\/100\n|-transform|p2a: Ditto|p1a: xXxBurner|[from] ability: Imposter\n|turn|17\n|\n|t:|1699371131\n|move|p2a: Ditto|Glaive Rush|p1a: xXxBurner\n|-supereffective|p1a: xXxBurner\n|-damage|p1a: xXxBurner|0 fnt\n|-singlemove|p2a: Ditto|Glaive Rush|[silent]\n|faint|p1a: xXxBurner\n|\n|upkeep\n|\n|t:|1699371153\n|switch|p1a: Miraidon|Miraidon|100\/100\n|-fieldstart|move: Electric Terrain|[from] ability: Hadron Engine|[of] p1a: Miraidon\n|turn|18\n|\n|t:|1699371159\n|move|p2a: Ditto|Glaive Rush|p1a: Miraidon\n|-supereffective|p1a: Miraidon\n|-damage|p1a: Miraidon|0 fnt\n|-singlemove|p2a: Ditto|Glaive Rush|[silent]\n|faint|p1a: Miraidon\n|\n|upkeep\n|\n|t:|1699371161\n|switch|p1a: Miasma|Flutter Mane, shiny|100\/100\n|-enditem|p1a: Miasma|Booster Energy\n|-activate|p1a: Miasma|ability: Protosynthesis|[fromitem]\n|-start|p1a: Miasma|protosynthesisspa\n|turn|19\n|\n|t:|1699371164\n|move|p2a: Ditto|Glaive Rush|p1a: Miasma\n|-immune|p1a: Miasma\n|move|p1a: Miasma|Moonblast|p2a: Ditto\n|-supereffective|p2a: Ditto\n|-damage|p2a: Ditto|0 fnt\n|faint|p2a: Ditto\n|\n|upkeep\n|\n|t:|1699371168\n|switch|p2a: Polteageist|Polteageist-Antique|100\/100\n|turn|20\n|\n|t:|1699371174\n|move|p1a: Miasma|Moonblast|p2a: Polteageist\n|-damage|p2a: Polteageist|17\/100\n|move|p2a: Polteageist|Poltergeist||[still]\n|-fail|p2a: Polteageist\n|\n|upkeep\n|turn|21\n|\n|t:|1699371180\n|move|p1a: Miasma|Shadow Ball|p2a: Polteageist\n|-supereffective|p2a: Polteageist\n|-damage|p2a: Polteageist|0 fnt\n|faint|p2a: Polteageist\n|\n|win|ShirosakiAoi\n|raw|ShirosakiAoi's rating: 1110 &rarr; <strong>1138<\/strong><br \/>(+28 for winning)\n|raw|Motussman's rating: 1149 &rarr; <strong>1121<\/strong><br \/>(-28 for losing)\n|l|\u2606Motussman\n","uploadtime":1699371187,"views":4,"p1id":"shirosakiaoi","p2id":"motussman","formatid":"gen9ubers","rating":1121,"private":0,"password":""}