{"id":"gen9ubers-1977243384","p1":"Doesntmatterrr","p2":"WommyHgyes","format":"[Gen 9] Ubers","log":"|j|\u2606Doesntmatterrr\n|j|\u2606WommyHgyes\n|t:|1698392800\n|gametype|singles\n|player|p1|Doesntmatterrr|boarder|1040\n|player|p2|WommyHgyes|cheryl|1097\n|teamsize|p1|6\n|teamsize|p2|6\n|gen|9\n|tier|[Gen 9] Ubers\n|rated|\n|rule|Sleep Clause Mod: Limit one foe put to sleep\n|rule|Species Clause: Limit one of each Pok\u00e9mon\n|rule|OHKO Clause: OHKO moves are banned\n|rule|Evasion Items Clause: Evasion items are banned\n|rule|Evasion Moves Clause: Evasion moves are banned\n|rule|Endless Battle Clause: Forcing endless battles is banned\n|rule|HP Percentage Mod: HP is shown in percentages\n|clearpoke\n|poke|p1|Pelipper, F|\n|poke|p1|Basculegion, M|\n|poke|p1|Volcanion|\n|poke|p1|Raichu-Alola, F|\n|poke|p1|Zamazenta-*|\n|poke|p1|Goodra-Hisui, M|\n|poke|p2|Heatran, M|\n|poke|p2|Ursaluna-Bloodmoon, M|\n|poke|p2|Groudon|\n|poke|p2|Urshifu-*, F|\n|poke|p2|Flutter Mane|\n|poke|p2|Arceus-Fighting|\n|teampreview\n|\n|t:|1698392827\n|start\n|switch|p1a: RHCPellipper|Pelipper, F, shiny|100\/100\n|switch|p2a: Unscare|Flutter Mane|100\/100\n|-weather|RainDance|[from] ability: Drizzle|[of] p1a: RHCPellipper\n|turn|1\n|\n|t:|1698392851\n|move|p2a: Unscare|Shadow Ball|p1a: RHCPellipper\n|-damage|p1a: RHCPellipper|12\/100\n|-unboost|p1a: RHCPellipper|spd|1\n|move|p1a: RHCPellipper|Hurricane|p2a: Unscare\n|-damage|p2a: Unscare|64\/100\n|\n|-weather|RainDance|[upkeep]\n|-heal|p1a: RHCPellipper|18\/100|[from] item: Leftovers\n|upkeep\n|turn|2\n|\n|t:|1698392862\n|move|p1a: RHCPellipper|Protect|p1a: RHCPellipper\n|-singleturn|p1a: RHCPellipper|Protect\n|move|p2a: Unscare|Shadow Ball|p1a: RHCPellipper\n|-activate|p1a: RHCPellipper|move: Protect\n|\n|-weather|RainDance|[upkeep]\n|-heal|p1a: RHCPellipper|24\/100|[from] item: Leftovers\n|upkeep\n|turn|3\n|\n|t:|1698392873\n|switch|p1a: Zio Scrooge|Goodra-Hisui, M|100\/100\n|move|p2a: Unscare|Shadow Ball|p1a: Zio Scrooge\n|-damage|p1a: Zio Scrooge|68\/100\n|\n|-weather|RainDance|[upkeep]\n|upkeep\n|turn|4\n|\n|t:|1698392885\n|-end|p2a: Unscare|Protosynthesis|[silent]\n|switch|p2a: Sharp!|Groudon, shiny|100\/100\n|-weather|SunnyDay|[from] ability: Drought|[of] p2a: Sharp!\n|move|p1a: Zio Scrooge|Weather Ball|p2a: Sharp!\n|-damage|p2a: Sharp!|60\/100\n|\n|-weather|SunnyDay|[upkeep]\n|upkeep\n|turn|5\n|\n|t:|1698392911\n|switch|p1a: Scudodelmillennio|Zamazenta-Crowned, shiny|100\/100\n|-ability|p1a: Scudodelmillennio|Dauntless Shield|boost\n|-boost|p1a: Scudodelmillennio|def|1\n|move|p2a: Sharp!|Swords Dance|p2a: Sharp!\n|-boost|p2a: Sharp!|atk|2\n|\n|-weather|SunnyDay|[upkeep]\n|upkeep\n|turn|6\n|\n|t:|1698392923\n|move|p1a: Scudodelmillennio|Body Press|p2a: Sharp!\n|-damage|p2a: Sharp!|13\/100\n|move|p2a: Sharp!|Precipice Blades|p1a: Scudodelmillennio\n|-supereffective|p1a: Scudodelmillennio\n|-damage|p1a: Scudodelmillennio|0 fnt\n|faint|p1a: Scudodelmillennio\n|\n|-weather|SunnyDay|[upkeep]\n|upkeep\n|\n|t:|1698392933\n|switch|p1a: Joe mama|Basculegion, M, shiny|100\/100\n|turn|7\n|\n|t:|1698392939\n|switch|p2a: DREAD|Ursaluna-Bloodmoon, M|100\/100\n|move|p1a: Joe mama|Flip Turn|p2a: DREAD\n|-supereffective|p2a: DREAD\n|-damage|p2a: DREAD|71\/100\n|\n|t:|1698392946\n|switch|p1a: RHCPellipper|Pelipper, F, shiny|24\/100|[from] Flip Turn\n|-weather|RainDance|[from] ability: Drizzle|[of] p1a: RHCPellipper\n|\n|-weather|RainDance|[upkeep]\n|-heal|p1a: RHCPellipper|31\/100|[from] item: Leftovers\n|upkeep\n|turn|8\n|\n|t:|1698392963\n|move|p1a: RHCPellipper|Protect|p1a: RHCPellipper\n|-singleturn|p1a: RHCPellipper|Protect\n|move|p2a: DREAD|Blood Moon|p1a: RHCPellipper\n|-activate|p1a: RHCPellipper|move: Protect\n|\n|-weather|RainDance|[upkeep]\n|-heal|p1a: RHCPellipper|37\/100|[from] item: Leftovers\n|upkeep\n|turn|9\n|\n|t:|1698392980\n|switch|p1a: Joe mama|Basculegion, M, shiny|100\/100\n|move|p2a: DREAD|Earth Power|p1a: Joe mama\n|-damage|p1a: Joe mama|52\/100\n|\n|-weather|RainDance|[upkeep]\n|upkeep\n|turn|10\n|\n|t:|1698392990\n|switch|p2a: Death Fist|Urshifu, F|100\/100\n|move|p1a: Joe mama|Waterfall|p2a: Death Fist\n|-crit|p2a: Death Fist\n|-damage|p2a: Death Fist|0 fnt\n|faint|p2a: Death Fist\n|\n|-weather|RainDance|[upkeep]\n|upkeep\n|\n|t:|1698393001\n|switch|p2a: Unigod|Arceus-Fighting|100\/100\n|turn|11\n|\n|t:|1698393008\n|-terastallize|p1a: Joe mama|Flying\n|move|p1a: Joe mama|Waterfall|p2a: Unigod\n|-damage|p2a: Unigod|56\/100\n|move|p2a: Unigod|Cosmic Power|p2a: Unigod\n|-boost|p2a: Unigod|def|1\n|-boost|p2a: Unigod|spd|1\n|\n|-weather|none\n|upkeep\n|turn|12\n|\n|t:|1698393026\n|switch|p1a: Barbapap\u00e0|Volcanion|100\/100\n|move|p2a: Unigod|Cosmic Power|p2a: Unigod\n|-boost|p2a: Unigod|def|1\n|-boost|p2a: Unigod|spd|1\n|\n|upkeep\n|turn|13\n|\n|t:|1698393039\n|move|p2a: Unigod|Body Press|p1a: Barbapap\u00e0\n|-damage|p1a: Barbapap\u00e0|5\/100\n|move|p1a: Barbapap\u00e0|Taunt|p2a: Unigod\n|-start|p2a: Unigod|move: Taunt\n|\n|upkeep\n|turn|14\n|\n|t:|1698393050\n|move|p2a: Unigod|Body Press|p1a: Barbapap\u00e0\n|-damage|p1a: Barbapap\u00e0|0 fnt\n|faint|p1a: Barbapap\u00e0\n|\n|upkeep\n|\n|t:|1698393060\n|switch|p1a: Joe who?|Raichu-Alola, F|100\/100\n|turn|15\n|\n|t:|1698393068\n|move|p1a: Joe who?|Focus Blast|p2a: Unigod|[miss]\n|-miss|p1a: Joe who?|p2a: Unigod\n|move|p2a: Unigod|Body Press|p1a: Joe who?\n|-resisted|p1a: Joe who?\n|-damage|p1a: Joe who?|0 fnt\n|faint|p1a: Joe who?\n|\n|upkeep\n|\n|t:|1698393080\n|switch|p1a: RHCPellipper|Pelipper, F, shiny|37\/100\n|-weather|RainDance|[from] ability: Drizzle|[of] p1a: RHCPellipper\n|turn|16\n|\n|t:|1698393088\n|move|p1a: RHCPellipper|Protect|p1a: RHCPellipper\n|-singleturn|p1a: RHCPellipper|Protect\n|move|p2a: Unigod|Stored Power|p1a: RHCPellipper\n|-activate|p1a: RHCPellipper|move: Protect\n|\n|-weather|RainDance|[upkeep]\n|-heal|p1a: RHCPellipper|43\/100|[from] item: Leftovers\n|-end|p2a: Unigod|move: Taunt\n|upkeep\n|turn|17\n|\n|t:|1698393101\n|move|p2a: Unigod|Stored Power|p1a: RHCPellipper\n|-damage|p1a: RHCPellipper|6\/100\n|move|p1a: RHCPellipper|Hurricane|p2a: Unigod\n|-supereffective|p2a: Unigod\n|-damage|p2a: Unigod|34\/100\n|\n|-weather|RainDance|[upkeep]\n|-heal|p1a: RHCPellipper|12\/100|[from] item: Leftovers\n|upkeep\n|turn|18\n|\n|t:|1698393111\n|move|p1a: RHCPellipper|Protect|p1a: RHCPellipper\n|-singleturn|p1a: RHCPellipper|Protect\n|move|p2a: Unigod|Recover|p2a: Unigod\n|-heal|p2a: Unigod|84\/100\n|\n|-weather|RainDance|[upkeep]\n|-heal|p1a: RHCPellipper|18\/100|[from] item: Leftovers\n|upkeep\n|turn|19\n|\n|t:|1698393128\n|switch|p1a: Zio Scrooge|Goodra-Hisui, M|68\/100\n|move|p2a: Unigod|Cosmic Power|p2a: Unigod\n|-boost|p2a: Unigod|def|1\n|-boost|p2a: Unigod|spd|1\n|\n|-weather|RainDance|[upkeep]\n|upkeep\n|turn|20\n|\n|t:|1698393148\n|move|p2a: Unigod|Body Press|p1a: Zio Scrooge\n|-supereffective|p1a: Zio Scrooge\n|-damage|p1a: Zio Scrooge|0 fnt\n|faint|p1a: Zio Scrooge\n|\n|-weather|none\n|upkeep\n|\n|t:|1698393156\n|switch|p1a: RHCPellipper|Pelipper, F, shiny|18\/100\n|-weather|RainDance|[from] ability: Drizzle|[of] p1a: RHCPellipper\n|turn|21\n|\n|t:|1698393170\n|move|p2a: Unigod|Cosmic Power|p2a: Unigod\n|-boost|p2a: Unigod|def|1\n|-boost|p2a: Unigod|spd|1\n|move|p1a: RHCPellipper|Roost|p1a: RHCPellipper\n|-heal|p1a: RHCPellipper|69\/100\n|-singleturn|p1a: RHCPellipper|move: Roost\n|\n|-weather|RainDance|[upkeep]\n|-heal|p1a: RHCPellipper|75\/100|[from] item: Leftovers\n|upkeep\n|turn|22\n|\n|t:|1698393181\n|move|p1a: RHCPellipper|Protect|p1a: RHCPellipper\n|-singleturn|p1a: RHCPellipper|Protect\n|move|p2a: Unigod|Stored Power|p1a: RHCPellipper\n|-activate|p1a: RHCPellipper|move: Protect\n|\n|-weather|RainDance|[upkeep]\n|-heal|p1a: RHCPellipper|81\/100|[from] item: Leftovers\n|upkeep\n|turn|23\n|\n|t:|1698393191\n|move|p2a: Unigod|Stored Power|p1a: RHCPellipper\n|-damage|p1a: RHCPellipper|15\/100\n|move|p1a: RHCPellipper|Hurricane|p2a: Unigod\n|-supereffective|p2a: Unigod\n|-damage|p2a: Unigod|68\/100\n|\n|-weather|RainDance|[upkeep]\n|-heal|p1a: RHCPellipper|21\/100|[from] item: Leftovers\n|upkeep\n|turn|24\n|\n|t:|1698393202\n|move|p1a: RHCPellipper|Protect|p1a: RHCPellipper\n|-singleturn|p1a: RHCPellipper|Protect\n|move|p2a: Unigod|Cosmic Power|p2a: Unigod\n|-boost|p2a: Unigod|def|1\n|-boost|p2a: Unigod|spd|1\n|\n|-weather|RainDance|[upkeep]\n|-heal|p1a: RHCPellipper|27\/100|[from] item: Leftovers\n|upkeep\n|turn|25\n|\n|t:|1698393212\n|move|p2a: Unigod|Body Press|p1a: RHCPellipper\n|-resisted|p1a: RHCPellipper\n|-damage|p1a: RHCPellipper|0 fnt\n|faint|p1a: RHCPellipper\n|\n|-weather|none\n|upkeep\n|\n|t:|1698393218\n|switch|p1a: Joe mama|Basculegion, M, shiny, tera:Flying|52\/100\n|turn|26\n|\n|t:|1698393225\n|move|p2a: Unigod|Stored Power|p1a: Joe mama\n|-damage|p1a: Joe mama|0 fnt\n|faint|p1a: Joe mama\n|\n|win|WommyHgyes\n|raw|Doesntmatterrr's rating: 1040 &rarr; <strong>1027<\/strong><br \/>(-13 for losing)\n|raw|WommyHgyes's rating: 1097 &rarr; <strong>1118<\/strong><br \/>(+21 for winning)\n","uploadtime":1698393229,"views":12,"p1id":"doesntmatterrr","p2id":"wommyhgyes","formatid":"gen9ubers","rating":1027,"private":0,"password":""}