{"id":"gen9ubers-1983756196","p1":"Notvibin","p2":"Blake-Mamba","format":"[Gen 9] Ubers","log":"|j|\u2606Notvibin\n|j|\u2606Blake-Mamba\n|t:|1699174645\n|gametype|singles\n|player|p1|Notvibin|theroyal|1369\n|player|p2|Blake-Mamba|juan|1354\n|teamsize|p1|6\n|teamsize|p2|6\n|gen|9\n|tier|[Gen 9] Ubers\n|rated|\n|rule|Sleep Clause Mod: Limit one foe put to sleep\n|rule|Species Clause: Limit one of each Pok\u00e9mon\n|rule|OHKO Clause: OHKO moves are banned\n|rule|Evasion Items Clause: Evasion items are banned\n|rule|Evasion Moves Clause: Evasion moves are banned\n|rule|Endless Battle Clause: Forcing endless battles is banned\n|rule|HP Percentage Mod: HP is shown in percentages\n|clearpoke\n|poke|p1|Ribombee, F|\n|poke|p1|Chien-Pao|\n|poke|p1|Miraidon|\n|poke|p1|Zacian-*|\n|poke|p1|Skeledirge, M|\n|poke|p1|Great Tusk|\n|poke|p2|Ogerpon-Hearthflame, F|\n|poke|p2|Vikavolt, F|\n|poke|p2|Kommo-o, F|\n|poke|p2|Ursaluna-Bloodmoon, M|\n|poke|p2|Yanmega, F|\n|poke|p2|Chandelure, F|\n|teampreview\n|inactive|Battle timer is ON: inactive players will automatically lose when time's up. (requested by Notvibin)\n|\n|t:|1699174650\n|start\n|switch|p1a: Ribombee|Ribombee, F|100\/100\n|switch|p2a: Vikavolt|Vikavolt, F|100\/100\n|turn|1\n|c|\u2606Blake-Mamba|Glhf\n|\n|t:|1699174660\n|move|p1a: Ribombee|Imprison|p1a: Ribombee\n|-start|p1a: Ribombee|move: Imprison\n|move|p2a: Vikavolt|Thunder|p1a: Ribombee|[miss]\n|-miss|p2a: Vikavolt|p1a: Ribombee\n|\n|upkeep\n|turn|2\n|\n|t:|1699174667\n|move|p1a: Ribombee|Sticky Web|p2a: Vikavolt\n|-sidestart|p2: Blake-Mamba|move: Sticky Web\n|move|p2a: Vikavolt|Thunder|p1a: Ribombee|[miss]\n|-miss|p2a: Vikavolt|p1a: Ribombee\n|\n|upkeep\n|turn|3\n|\n|t:|1699174673\n|move|p1a: Ribombee|Moonblast|p2a: Vikavolt\n|-crit|p2a: Vikavolt\n|-damage|p2a: Vikavolt|27\/100\n|move|p2a: Vikavolt|Energy Ball|p1a: Ribombee\n|-resisted|p1a: Ribombee\n|-damage|p1a: Ribombee|70\/100\n|\n|upkeep\n|turn|4\n|c|\u2606Blake-Mamba|Alright I know I wished you luck , but damn , man .\n|inactive|Blake-Mamba has 120 seconds left.\n|\n|t:|1699174714\n|switch|p2a: Chandelure|Chandelure, F|100\/100\n|-activate|p2a: Chandelure|move: Sticky Web\n|-unboost|p2a: Chandelure|spe|1\n|move|p1a: Ribombee|Moonblast|p2a: Chandelure\n|-resisted|p2a: Chandelure\n|-damage|p2a: Chandelure|71\/100\n|\n|upkeep\n|turn|5\n|\n|t:|1699174726\n|move|p1a: Ribombee|Stun Spore|p2a: Chandelure\n|-status|p2a: Chandelure|par\n|move|p2a: Chandelure|Overheat|p1a: Ribombee\n|-supereffective|p1a: Ribombee\n|-damage|p1a: Ribombee|0 fnt\n|-unboost|p2a: Chandelure|spa|2\n|faint|p1a: Ribombee\n|\n|upkeep\n|\n|t:|1699174743\n|switch|p1a: Zacian|Zacian-Crowned|100\/100\n|-ability|p1a: Zacian|Intrepid Sword|boost\n|-boost|p1a: Zacian|atk|1\n|turn|6\n|\n|t:|1699174747\n|move|p1a: Zacian|Swords Dance|p1a: Zacian\n|-boost|p1a: Zacian|atk|2\n|move|p2a: Chandelure|Overheat|p1a: Zacian\n|-supereffective|p1a: Zacian\n|-damage|p1a: Zacian|21\/100\n|-unboost|p2a: Chandelure|spa|2\n|\n|upkeep\n|turn|7\n|\n|t:|1699174765\n|move|p1a: Zacian|Behemoth Blade|p2a: Chandelure\n|-resisted|p2a: Chandelure\n|-damage|p2a: Chandelure|0 fnt\n|faint|p2a: Chandelure\n|\n|upkeep\n|\n|t:|1699174776\n|switch|p2a: Vikavolt|Vikavolt, F|27\/100\n|turn|8\n|\n|t:|1699174780\n|move|p1a: Zacian|Behemoth Blade|p2a: Vikavolt\n|-resisted|p2a: Vikavolt\n|-damage|p2a: Vikavolt|0 fnt\n|faint|p2a: Vikavolt\n|\n|upkeep\n|\n|t:|1699174797\n|switch|p2a: Yanmega|Yanmega, F, shiny|100\/100\n|turn|9\n|\n|t:|1699174802\n|move|p2a: Yanmega|Protect|p2a: Yanmega\n|-singleturn|p2a: Yanmega|Protect\n|move|p1a: Zacian|Behemoth Blade|p2a: Yanmega\n|-activate|p2a: Yanmega|move: Protect\n|\n|-ability|p2a: Yanmega|Speed Boost|boost\n|-boost|p2a: Yanmega|spe|1\n|upkeep\n|turn|10\n|\n|t:|1699174811\n|move|p2a: Yanmega|Protect|p2a: Yanmega\n|-singleturn|p2a: Yanmega|Protect\n|move|p1a: Zacian|Behemoth Blade|p2a: Yanmega\n|-activate|p2a: Yanmega|move: Protect\n|\n|-ability|p2a: Yanmega|Speed Boost|boost\n|-boost|p2a: Yanmega|spe|1\n|upkeep\n|turn|11\n|c|\u2606Blake-Mamba|!calc\n|c| Blake-Mamba|\/raw <div class=\"infobox\">Pok&eacute;mon Showdown! damage calculator. (Courtesy of Honko, Austin, &amp; Kris)<br \/>- <a href=\"https:\/\/calc.pokemonshowdown.com\/index.html\">Damage Calculator<\/a><\/div>\n|inactive|Blake-Mamba has 120 seconds left.\n|\n|t:|1699174868\n|move|p2a: Yanmega|Air Slash|p1a: Zacian\n|-resisted|p1a: Zacian\n|-damage|p1a: Zacian|3\/100\n|move|p1a: Zacian|Behemoth Blade|p2a: Yanmega\n|-damage|p2a: Yanmega|0 fnt\n|faint|p2a: Yanmega\n|\n|upkeep\n|inactive|Blake-Mamba has 90 seconds left.\n|c|\u2606Blake-Mamba|The calculator lied to me\n|c|\u2606Blake-Mamba|gg\n|c|\u2606Notvibin|gg\n|-message|Blake-Mamba forfeited.\n|\n|win|Notvibin\n|raw|Notvibin's rating: 1369 &rarr; <strong>1388<\/strong><br \/>(+19 for winning)\n|raw|Blake-Mamba's rating: 1354 &rarr; <strong>1335<\/strong><br \/>(-19 for losing)\n|l|\u2606Blake-Mamba\n|c|\u2606Notvibin|this is why I use showdex\n","uploadtime":1699175051,"views":4,"p1id":"notvibin","p2id":"blakemamba","formatid":"gen9ubers","rating":1335,"private":0,"password":""}