{"id":"gen9ubers-1981969729","p1":"TheSilvySilv","p2":"LadyMaria-Blue","format":"[Gen 9] Ubers","log":"|j|\u2606TheSilvySilv\n|j|\u2606LadyMaria-Blue\n|t:|1698955867\n|gametype|singles\n|player|p1|TheSilvySilv|ghetsis|\n|player|p2|LadyMaria-Blue|cynthia|\n|teamsize|p1|6\n|teamsize|p2|6\n|gen|9\n|tier|[Gen 9] Ubers\n|rule|Sleep Clause Mod: Limit one foe put to sleep\n|rule|Species Clause: Limit one of each Pok\u00e9mon\n|rule|OHKO Clause: OHKO moves are banned\n|rule|Evasion Items Clause: Evasion items are banned\n|rule|Evasion Moves Clause: Evasion moves are banned\n|rule|Endless Battle Clause: Forcing endless battles is banned\n|rule|HP Percentage Mod: HP is shown in percentages\n|clearpoke\n|poke|p1|Rillaboom, F|\n|poke|p1|Sneasler, M|\n|poke|p1|Arceus-Fire|\n|poke|p1|Ursaluna-Bloodmoon, M|\n|poke|p1|Clefable, M|\n|poke|p1|Palafin, M|\n|poke|p2|Baxcalibur, F|\n|poke|p2|Milotic, F|\n|poke|p2|Arcanine-Hisui, F|\n|poke|p2|Mandibuzz, F|\n|poke|p2|Arceus-Poison|\n|poke|p2|Magearna|\n|teampreview\n|inactive|Battle timer is ON: inactive players will automatically lose when time's up. (requested by TheSilvySilv)\n|\n|t:|1698955897\n|start\n|switch|p1a: Palafin|Palafin, M|100\/100\n|switch|p2a: Magearna|Magearna|100\/100\n|turn|1\n|\n|t:|1698955907\n|detailschange|p1a: Palafin|Palafin-Hero, M\n|switch|p1a: Clefable|Clefable, M|100\/100\n|move|p2a: Magearna|Aura Sphere|p1a: Clefable\n|-resisted|p1a: Clefable\n|-damage|p1a: Clefable|91\/100\n|\n|-heal|p1a: Clefable|97\/100|[from] item: Leftovers\n|upkeep\n|turn|2\n|\n|t:|1698955914\n|switch|p2a: Mandibuzz|Mandibuzz, F, shiny|100\/100\n|move|p1a: Clefable|Stealth Rock|p2a: Mandibuzz\n|-sidestart|p2: LadyMaria-Blue|move: Stealth Rock\n|\n|-heal|p1a: Clefable|100\/100|[from] item: Leftovers\n|upkeep\n|turn|3\n|\n|t:|1698955916\n|move|p1a: Clefable|Knock Off|p2a: Mandibuzz\n|-resisted|p2a: Mandibuzz\n|-damage|p2a: Mandibuzz|97\/100\n|-enditem|p2a: Mandibuzz|Heavy-Duty Boots|[from] move: Knock Off|[of] p1a: Clefable\n|move|p2a: Mandibuzz|Whirlwind|p1a: Clefable\n|drag|p1a: Ursaluna|Ursaluna-Bloodmoon, M|100\/100\n|\n|upkeep\n|turn|4\n|\n|t:|1698955922\n|switch|p1a: Clefable|Clefable, M|100\/100\n|move|p2a: Mandibuzz|Defog|p1a: Clefable\n|-unboost|p1a: Clefable|evasion|1\n|-sideend|p2: LadyMaria-Blue|Stealth Rock|[from] move: Defog|[of] p2a: Mandibuzz\n|\n|upkeep\n|turn|5\n|\n|t:|1698955933\n|switch|p2a: Arcanine|Arcanine-Hisui, F, shiny|100\/100\n|move|p1a: Clefable|Stealth Rock|p2a: Arcanine\n|-sidestart|p2: LadyMaria-Blue|move: Stealth Rock\n|\n|upkeep\n|turn|6\n|\n|t:|1698955937\n|move|p2a: Arcanine|Head Smash|p1a: Clefable\n|-damage|p1a: Clefable|14\/100\n|move|p1a: Clefable|Knock Off|p2a: Arcanine\n|-damage|p2a: Arcanine|82\/100\n|-enditem|p2a: Arcanine|Choice Scarf|[from] move: Knock Off|[of] p1a: Clefable\n|\n|-heal|p1a: Clefable|20\/100|[from] item: Leftovers\n|upkeep\n|turn|7\n|\n|t:|1698955943\n|move|p2a: Arcanine|Extreme Speed|p1a: Clefable\n|-damage|p1a: Clefable|0 fnt\n|faint|p1a: Clefable\n|\n|upkeep\n|\n|t:|1698955953\n|switch|p1a: Ursaluna|Ursaluna-Bloodmoon, M|100\/100\n|turn|8\n|\n|t:|1698955961\n|switch|p2a: Milotic|Milotic, F, shiny|100\/100\n|-damage|p2a: Milotic|88\/100|[from] Stealth Rock\n|move|p1a: Ursaluna|Calm Mind|p1a: Ursaluna\n|-boost|p1a: Ursaluna|spa|1\n|-boost|p1a: Ursaluna|spd|1\n|\n|-heal|p2a: Milotic|94\/100|[from] item: Leftovers\n|upkeep\n|turn|9\n|\n|t:|1698955969\n|-terastallize|p1a: Ursaluna|Poison\n|move|p2a: Milotic|Haze|p2a: Milotic\n|-clearallboost\n|move|p1a: Ursaluna|Blood Moon|p2a: Milotic\n|-damage|p2a: Milotic|57\/100\n|\n|-heal|p2a: Milotic|63\/100|[from] item: Leftovers\n|upkeep\n|turn|10\n|\n|t:|1698955974\n|switch|p1a: Rillaboom|Rillaboom, F|100\/100\n|-fieldstart|move: Grassy Terrain|[from] ability: Grassy Surge|[of] p1a: Rillaboom\n|move|p2a: Milotic|Scald|p1a: Rillaboom\n|-resisted|p1a: Rillaboom\n|-damage|p1a: Rillaboom|85\/100\n|\n|-heal|p1a: Rillaboom|91\/100|[from] Grassy Terrain\n|-heal|p2a: Milotic|69\/100|[from] Grassy Terrain\n|-heal|p2a: Milotic|75\/100|[from] item: Leftovers\n|upkeep\n|turn|11\n|\n|t:|1698955978\n|switch|p2a: Mandibuzz|Mandibuzz, F, shiny|97\/100\n|-damage|p2a: Mandibuzz|72\/100|[from] Stealth Rock\n|move|p1a: Rillaboom|U-turn|p2a: Mandibuzz\n|-damage|p2a: Mandibuzz|51\/100\n|\n|t:|1698955988\n|switch|p1a: Palafin|Palafin-Hero, M|100\/100|[from] U-turn\n|-activate|p1a: Palafin|ability: Zero to Hero\n|\n|upkeep\n|turn|12\n|\n|t:|1698955992\n|move|p1a: Palafin|Wave Crash|p2a: Mandibuzz\n|-damage|p2a: Mandibuzz|11\/100\n|-damage|p1a: Palafin|85\/100|[from] Recoil\n|move|p2a: Mandibuzz|Roost|p2a: Mandibuzz\n|-heal|p2a: Mandibuzz|61\/100\n|-singleturn|p2a: Mandibuzz|move: Roost\n|\n|-heal|p1a: Palafin|91\/100|[from] Grassy Terrain\n|-heal|p1a: Palafin|97\/100|[from] item: Leftovers\n|-heal|p2a: Mandibuzz|68\/100|[from] Grassy Terrain\n|upkeep\n|turn|13\n|\n|t:|1698956003\n|move|p1a: Palafin|Ice Punch|p2a: Mandibuzz\n|-supereffective|p2a: Mandibuzz\n|-crit|p2a: Mandibuzz\n|-damage|p2a: Mandibuzz|16\/100\n|move|p2a: Mandibuzz|Defog|p1a: Palafin\n|-unboost|p1a: Palafin|evasion|1\n|-sideend|p2: LadyMaria-Blue|Stealth Rock|[from] move: Defog|[of] p2a: Mandibuzz\n|-fieldend|move: Grassy Terrain\n|\n|-heal|p1a: Palafin|100\/100|[from] item: Leftovers\n|upkeep\n|turn|14\n|\n|t:|1698956012\n|switch|p2a: Magearna|Magearna|100\/100\n|move|p1a: Palafin|Wave Crash|p2a: Magearna\n|-damage|p2a: Magearna|47\/100\n|-damage|p1a: Palafin|81\/100|[from] Recoil\n|\n|-heal|p1a: Palafin|88\/100|[from] item: Leftovers\n|upkeep\n|turn|15\n|\n|t:|1698956015\n|move|p1a: Palafin|Wave Crash|p2a: Magearna\n|-damage|p2a: Magearna|0 fnt\n|faint|p2a: Magearna\n|-damage|p1a: Palafin|71\/100|[from] Recoil\n|\n|-heal|p1a: Palafin|78\/100|[from] item: Leftovers\n|upkeep\n|\n|t:|1698956020\n|switch|p2a: Milotic|Milotic, F, shiny|75\/100\n|turn|16\n|\n|t:|1698956026\n|switch|p1a: Ursaluna|Ursaluna-Bloodmoon, M, tera:Poison|100\/100\n|move|p2a: Milotic|Scald|p1a: Ursaluna\n|-damage|p1a: Ursaluna|80\/100\n|\n|-heal|p2a: Milotic|81\/100|[from] item: Leftovers\n|upkeep\n|turn|17\n|\n|t:|1698956032\n|switch|p1a: Rillaboom|Rillaboom, F|91\/100\n|-fieldstart|move: Grassy Terrain|[from] ability: Grassy Surge|[of] p1a: Rillaboom\n|move|p2a: Milotic|Scald|p1a: Rillaboom\n|-resisted|p1a: Rillaboom\n|-crit|p1a: Rillaboom\n|-damage|p1a: Rillaboom|69\/100\n|\n|-heal|p1a: Rillaboom|75\/100|[from] Grassy Terrain\n|-heal|p2a: Milotic|87\/100|[from] Grassy Terrain\n|-heal|p2a: Milotic|93\/100|[from] item: Leftovers\n|upkeep\n|turn|18\n|\n|t:|1698956039\n|switch|p2a: Arceus|Arceus-Poison|100\/100\n|move|p1a: Rillaboom|U-turn|p2a: Arceus\n|-resisted|p2a: Arceus\n|-damage|p2a: Arceus|87\/100\n|\n|t:|1698956041\n|switch|p1a: Ursaluna|Ursaluna-Bloodmoon, M, tera:Poison|80\/100|[from] U-turn\n|-enditem|p1a: Ursaluna|Grassy Seed\n|-boost|p1a: Ursaluna|def|1|[from] item: Grassy Seed\n|\n|-heal|p2a: Arceus|93\/100|[from] Grassy Terrain\n|-heal|p1a: Ursaluna|86\/100|[from] Grassy Terrain\n|upkeep\n|turn|19\n|\n|t:|1698956049\n|move|p2a: Arceus|Earth Power|p1a: Ursaluna\n|-supereffective|p1a: Ursaluna\n|-damage|p1a: Ursaluna|48\/100\n|-unboost|p1a: Ursaluna|spd|1\n|move|p1a: Ursaluna|Calm Mind|p1a: Ursaluna\n|-boost|p1a: Ursaluna|spa|1\n|-boost|p1a: Ursaluna|spd|1\n|\n|-heal|p2a: Arceus|99\/100|[from] Grassy Terrain\n|-heal|p1a: Ursaluna|54\/100|[from] Grassy Terrain\n|upkeep\n|turn|20\n|\n|t:|1698956056\n|move|p2a: Arceus|Earth Power|p1a: Ursaluna\n|-supereffective|p1a: Ursaluna\n|-damage|p1a: Ursaluna|14\/100\n|move|p1a: Ursaluna|Moonlight|p1a: Ursaluna\n|-heal|p1a: Ursaluna|64\/100\n|\n|-heal|p2a: Arceus|100\/100|[from] Grassy Terrain\n|-heal|p1a: Ursaluna|70\/100|[from] Grassy Terrain\n|upkeep\n|turn|21\n|\n|t:|1698956064\n|move|p2a: Arceus|Earth Power|p1a: Ursaluna\n|-supereffective|p1a: Ursaluna\n|-damage|p1a: Ursaluna|30\/100\n|move|p1a: Ursaluna|Moonlight|p1a: Ursaluna\n|-heal|p1a: Ursaluna|80\/100\n|\n|-heal|p1a: Ursaluna|86\/100|[from] Grassy Terrain\n|-fieldend|move: Grassy Terrain\n|upkeep\n|turn|22\n|\n|t:|1698956068\n|move|p2a: Arceus|Earth Power|p1a: Ursaluna\n|-supereffective|p1a: Ursaluna\n|-damage|p1a: Ursaluna|42\/100\n|move|p1a: Ursaluna|Calm Mind|p1a: Ursaluna\n|-boost|p1a: Ursaluna|spa|1\n|-boost|p1a: Ursaluna|spd|1\n|\n|upkeep\n|turn|23\n|\n|t:|1698956071\n|move|p2a: Arceus|Earth Power|p1a: Ursaluna\n|-supereffective|p1a: Ursaluna\n|-damage|p1a: Ursaluna|11\/100\n|move|p1a: Ursaluna|Moonlight|p1a: Ursaluna\n|-heal|p1a: Ursaluna|61\/100\n|\n|upkeep\n|turn|24\n|\n|t:|1698956075\n|move|p2a: Arceus|Earth Power|p1a: Ursaluna\n|-supereffective|p1a: Ursaluna\n|-damage|p1a: Ursaluna|35\/100\n|move|p1a: Ursaluna|Moonlight|p1a: Ursaluna\n|-heal|p1a: Ursaluna|84\/100\n|\n|upkeep\n|turn|25\n|\n|t:|1698956077\n|move|p2a: Arceus|Calm Mind|p2a: Arceus\n|-boost|p2a: Arceus|spa|1\n|-boost|p2a: Arceus|spd|1\n|move|p1a: Ursaluna|Calm Mind|p1a: Ursaluna\n|-boost|p1a: Ursaluna|spa|1\n|-boost|p1a: Ursaluna|spd|1\n|\n|upkeep\n|turn|26\n|\n|t:|1698956080\n|move|p2a: Arceus|Earth Power|p1a: Ursaluna\n|-supereffective|p1a: Ursaluna\n|-damage|p1a: Ursaluna|51\/100\n|move|p1a: Ursaluna|Calm Mind|p1a: Ursaluna\n|-boost|p1a: Ursaluna|spa|1\n|-boost|p1a: Ursaluna|spd|1\n|\n|upkeep\n|turn|27\n|\n|t:|1698956084\n|move|p2a: Arceus|Earth Power|p1a: Ursaluna\n|-supereffective|p1a: Ursaluna\n|-damage|p1a: Ursaluna|26\/100\n|-unboost|p1a: Ursaluna|spd|1\n|move|p1a: Ursaluna|Earth Power|p2a: Arceus\n|-supereffective|p2a: Arceus\n|-damage|p2a: Arceus|0 fnt\n|faint|p2a: Arceus\n|\n|upkeep\n|\n|t:|1698956089\n|switch|p2a: Milotic|Milotic, F, shiny|93\/100\n|turn|28\n|\n|t:|1698956092\n|move|p2a: Milotic|Haze|p2a: Milotic\n|-clearallboost\n|move|p1a: Ursaluna|Moonlight|p1a: Ursaluna\n|-heal|p1a: Ursaluna|76\/100\n|\n|-heal|p2a: Milotic|99\/100|[from] item: Leftovers\n|upkeep\n|turn|29\n|\n|t:|1698956096\n|move|p2a: Milotic|Scald|p1a: Ursaluna\n|-damage|p1a: Ursaluna|55\/100\n|move|p1a: Ursaluna|Calm Mind|p1a: Ursaluna\n|-boost|p1a: Ursaluna|spa|1\n|-boost|p1a: Ursaluna|spd|1\n|\n|-heal|p2a: Milotic|100\/100|[from] item: Leftovers\n|upkeep\n|turn|30\n|\n|t:|1698956100\n|move|p2a: Milotic|Haze|p2a: Milotic\n|-clearallboost\n|move|p1a: Ursaluna|Moonlight|p1a: Ursaluna\n|-heal|p1a: Ursaluna|100\/100\n|\n|upkeep\n|turn|31\n|\n|t:|1698956108\n|move|p2a: Milotic|Scald|p1a: Ursaluna\n|-damage|p1a: Ursaluna|81\/100\n|-status|p1a: Ursaluna|brn\n|move|p1a: Ursaluna|Calm Mind|p1a: Ursaluna\n|-boost|p1a: Ursaluna|spa|1\n|-boost|p1a: Ursaluna|spd|1\n|\n|-damage|p1a: Ursaluna|75\/100 brn|[from] brn\n|upkeep\n|turn|32\n|\n|t:|1698956113\n|move|p2a: Milotic|Scald|p1a: Ursaluna\n|-crit|p1a: Ursaluna\n|-damage|p1a: Ursaluna|45\/100 brn\n|move|p1a: Ursaluna|Blood Moon|p2a: Milotic\n|-damage|p2a: Milotic|41\/100\n|\n|-heal|p2a: Milotic|47\/100|[from] item: Leftovers\n|-damage|p1a: Ursaluna|39\/100 brn|[from] brn\n|upkeep\n|turn|33\n|\n|t:|1698956117\n|move|p2a: Milotic|Haze|p2a: Milotic\n|-clearallboost\n|move|p1a: Ursaluna|Earth Power|p2a: Milotic\n|-damage|p2a: Milotic|24\/100\n|-unboost|p2a: Milotic|spd|1\n|\n|-heal|p2a: Milotic|30\/100|[from] item: Leftovers\n|-damage|p1a: Ursaluna|33\/100 brn|[from] brn\n|upkeep\n|turn|34\n|\n|t:|1698956120\n|move|p2a: Milotic|Recover|p2a: Milotic\n|-heal|p2a: Milotic|80\/100\n|move|p1a: Ursaluna|Blood Moon|p2a: Milotic\n|-damage|p2a: Milotic|24\/100\n|\n|-heal|p2a: Milotic|30\/100|[from] item: Leftovers\n|-damage|p1a: Ursaluna|27\/100 brn|[from] brn\n|upkeep\n|turn|35\n|\n|t:|1698956133\n|switch|p2a: Mandibuzz|Mandibuzz, F, shiny|16\/100\n|move|p1a: Ursaluna|Moonlight|p1a: Ursaluna\n|-heal|p1a: Ursaluna|77\/100 brn\n|\n|-damage|p1a: Ursaluna|71\/100 brn|[from] brn\n|upkeep\n|turn|36\n|\n|t:|1698956138\n|move|p2a: Mandibuzz|Roost|p2a: Mandibuzz\n|-heal|p2a: Mandibuzz|66\/100\n|-singleturn|p2a: Mandibuzz|move: Roost\n|move|p1a: Ursaluna|Blood Moon|p2a: Mandibuzz\n|-damage|p2a: Mandibuzz|11\/100\n|\n|-damage|p1a: Ursaluna|65\/100 brn|[from] brn\n|upkeep\n|turn|37\n|\n|t:|1698956146\n|move|p2a: Mandibuzz|Roost|p2a: Mandibuzz\n|-heal|p2a: Mandibuzz|61\/100\n|-singleturn|p2a: Mandibuzz|move: Roost\n|move|p1a: Ursaluna|Calm Mind|p1a: Ursaluna\n|-boost|p1a: Ursaluna|spa|1\n|-boost|p1a: Ursaluna|spd|1\n|\n|-damage|p1a: Ursaluna|59\/100 brn|[from] brn\n|upkeep\n|turn|38\n|\n|t:|1698956150\n|move|p2a: Mandibuzz|Roost|p2a: Mandibuzz\n|-heal|p2a: Mandibuzz|100\/100\n|-singleturn|p2a: Mandibuzz|move: Roost\n|move|p1a: Ursaluna|Calm Mind|p1a: Ursaluna\n|-boost|p1a: Ursaluna|spa|1\n|-boost|p1a: Ursaluna|spd|1\n|\n|-damage|p1a: Ursaluna|53\/100 brn|[from] brn\n|upkeep\n|turn|39\n|\n|t:|1698956154\n|move|p1a: Ursaluna|Blood Moon|p2a: Mandibuzz\n|-damage|p2a: Mandibuzz|0 fnt\n|faint|p2a: Mandibuzz\n|\n|-damage|p1a: Ursaluna|47\/100 brn|[from] brn\n|upkeep\n|\n|t:|1698956156\n|switch|p2a: Milotic|Milotic, F, shiny|30\/100\n|turn|40\n|\n|t:|1698956160\n|move|p2a: Milotic|Haze|p2a: Milotic\n|-clearallboost\n|move|p1a: Ursaluna|Earth Power|p2a: Milotic\n|-damage|p2a: Milotic|7\/100\n|\n|-heal|p2a: Milotic|13\/100|[from] item: Leftovers\n|-damage|p1a: Ursaluna|41\/100 brn|[from] brn\n|upkeep\n|turn|41\n|\n|t:|1698956167\n|move|p2a: Milotic|Recover|p2a: Milotic\n|-heal|p2a: Milotic|63\/100\n|move|p1a: Ursaluna|Blood Moon|p2a: Milotic\n|-damage|p2a: Milotic|26\/100\n|\n|-heal|p2a: Milotic|32\/100|[from] item: Leftovers\n|-damage|p1a: Ursaluna|35\/100 brn|[from] brn\n|upkeep\n|turn|42\n|\n|t:|1698956169\n|move|p2a: Milotic|Recover|p2a: Milotic\n|-heal|p2a: Milotic|82\/100\n|move|p1a: Ursaluna|Earth Power|p2a: Milotic\n|-damage|p2a: Milotic|57\/100\n|\n|-heal|p2a: Milotic|63\/100|[from] item: Leftovers\n|-damage|p1a: Ursaluna|28\/100 brn|[from] brn\n|upkeep\n|turn|43\n|\n|t:|1698956174\n|move|p2a: Milotic|Scald|p1a: Ursaluna\n|-damage|p1a: Ursaluna|7\/100 brn\n|move|p1a: Ursaluna|Moonlight|p1a: Ursaluna\n|-heal|p1a: Ursaluna|57\/100 brn\n|\n|-heal|p2a: Milotic|70\/100|[from] item: Leftovers\n|-damage|p1a: Ursaluna|51\/100 brn|[from] brn\n|upkeep\n|turn|44\n|\n|t:|1698956178\n|move|p2a: Milotic|Scald|p1a: Ursaluna\n|-damage|p1a: Ursaluna|30\/100 brn\n|move|p1a: Ursaluna|Blood Moon|p2a: Milotic\n|-damage|p2a: Milotic|31\/100\n|\n|-heal|p2a: Milotic|37\/100|[from] item: Leftovers\n|-damage|p1a: Ursaluna|24\/100 brn|[from] brn\n|upkeep\n|turn|45\n|\n|t:|1698956183\n|move|p2a: Milotic|Scald|p1a: Ursaluna\n|-damage|p1a: Ursaluna|4\/100 brn\n|move|p1a: Ursaluna|Earth Power|p2a: Milotic\n|-damage|p2a: Milotic|16\/100\n|\n|-heal|p2a: Milotic|22\/100|[from] item: Leftovers\n|-damage|p1a: Ursaluna|0 fnt|[from] brn\n|faint|p1a: Ursaluna\n|upkeep\n|\n|t:|1698956190\n|switch|p1a: Sneasler|Sneasler, M|100\/100\n|turn|46\n|\n|t:|1698956194\n|move|p1a: Sneasler|Close Combat|p2a: Milotic\n|-damage|p2a: Milotic|0 fnt\n|-unboost|p1a: Sneasler|def|1\n|-unboost|p1a: Sneasler|spd|1\n|faint|p2a: Milotic\n|\n|upkeep\n|\n|t:|1698956200\n|switch|p2a: Arcanine|Arcanine-Hisui, F, shiny|82\/100\n|turn|47\n|\n|t:|1698956203\n|switch|p1a: Rillaboom|Rillaboom, F|75\/100\n|-fieldstart|move: Grassy Terrain|[from] ability: Grassy Surge|[of] p1a: Rillaboom\n|move|p2a: Arcanine|Extreme Speed|p1a: Rillaboom\n|-damage|p1a: Rillaboom|50\/100\n|\n|-heal|p2a: Arcanine|88\/100|[from] Grassy Terrain\n|-heal|p1a: Rillaboom|56\/100|[from] Grassy Terrain\n|upkeep\n|turn|48\n|\n|t:|1698956212\n|move|p1a: Rillaboom|Grassy Glide|p2a: Arcanine\n|-damage|p2a: Arcanine|16\/100\n|move|p2a: Arcanine|Flare Blitz|p1a: Rillaboom\n|-supereffective|p1a: Rillaboom\n|-damage|p1a: Rillaboom|0 fnt\n|faint|p1a: Rillaboom\n|\n|-heal|p2a: Arcanine|22\/100|[from] Grassy Terrain\n|upkeep\n|\n|t:|1698956217\n|switch|p1a: Sneasler|Sneasler, M|100\/100\n|-enditem|p1a: Sneasler|Grassy Seed\n|-boost|p1a: Sneasler|def|1|[from] item: Grassy Seed\n|turn|49\n|\n|t:|1698956225\n|move|p2a: Arcanine|Extreme Speed|p1a: Sneasler\n|-damage|p1a: Sneasler|70\/100\n|move|p1a: Sneasler|Dire Claw|p2a: Arcanine\n|-resisted|p2a: Arcanine\n|-damage|p2a: Arcanine|0 fnt\n|faint|p2a: Arcanine\n|\n|-heal|p1a: Sneasler|76\/100|[from] Grassy Terrain\n|upkeep\n|\n|t:|1698956230\n|switch|p2a: Baxcalibur|Baxcalibur, F|100\/100\n|turn|50\n|\n|t:|1698956241\n|move|p1a: Sneasler|Close Combat|p2a: Baxcalibur\n|-supereffective|p2a: Baxcalibur\n|-damage|p2a: Baxcalibur|0 fnt\n|-unboost|p1a: Sneasler|def|1\n|-unboost|p1a: Sneasler|spd|1\n|faint|p2a: Baxcalibur\n|\n|win|TheSilvySilv\n|c|\u2606TheSilvySilv|gg\n|c|\u2606LadyMaria-Blue|ggs\n","uploadtime":1698956248,"views":14,"p1id":"thesilvysilv","p2id":"ladymariablue","formatid":"gen9ubers","rating":0,"private":0,"password":""}