{"id":"gen9ubers-1986287488","p1":"mann_treads","p2":"termofservice","format":"[Gen 9] Ubers","log":"|j|\u2606mann_treads\n|j|\u2606termofservice\n|t:|1699466377\n|gametype|singles\n|player|p1|mann_treads|ariana|\n|player|p2|termofservice|cynthia-masters|\n|teamsize|p1|6\n|teamsize|p2|6\n|gen|9\n|tier|[Gen 9] Ubers\n|rule|Sleep Clause Mod: Limit one foe put to sleep\n|rule|Species Clause: Limit one of each Pok\u00e9mon\n|rule|OHKO Clause: OHKO moves are banned\n|rule|Evasion Items Clause: Evasion items are banned\n|rule|Evasion Moves Clause: Evasion moves are banned\n|rule|Endless Battle Clause: Forcing endless battles is banned\n|rule|HP Percentage Mod: HP is shown in percentages\n|clearpoke\n|poke|p1|Rotom-Wash|\n|poke|p1|Gholdengo|\n|poke|p1|Slowking-Galar, F|\n|poke|p1|Blissey, F|\n|poke|p1|Spiritomb, M|\n|poke|p1|Alomomola, M|\n|poke|p2|Indeedee-F, F|\n|poke|p2|Espathra, F|\n|poke|p2|Veluza, M|\n|poke|p2|Zacian-*|\n|poke|p2|Palkia-Origin|\n|poke|p2|Armarouge, M|\n|teampreview\n|\n|t:|1699466390\n|start\n|switch|p1a: Rotom|Rotom-Wash|100\/100\n|switch|p2a: Indeedee|Indeedee-F, F|100\/100\n|-fieldstart|move: Psychic Terrain|[from] ability: Psychic Surge|[of] p2a: Indeedee\n|turn|1\n|c|\u2606termofservice|Who the fuck saw 3 levitate Pok\u00e9mon and decided they should be 75% of the expanding force learnpool\n|c|\u2606termofservice|Game freak is peak trolling\n|c|\u2606mann_treads|LMAOAOOAOA\n|\n|t:|1699466412\n|move|p1a: Rotom|Will-O-Wisp|p2a: Indeedee\n|-status|p2a: Indeedee|brn\n|move|p2a: Indeedee|Energy Ball|p1a: Rotom\n|-supereffective|p1a: Rotom\n|-damage|p1a: Rotom|47\/100\n|\n|-heal|p1a: Rotom|53\/100|[from] item: Leftovers\n|-damage|p2a: Indeedee|94\/100 brn|[from] brn\n|upkeep\n|turn|2\n|\n|t:|1699466422\n|move|p1a: Rotom|Volt Switch|p2a: Indeedee\n|-damage|p2a: Indeedee|78\/100 brn\n|\n|t:|1699466426\n|switch|p1a: Slowking|Slowking-Galar, F|100\/100|[from] Volt Switch\n|move|p2a: Indeedee|Psychic|p1a: Slowking\n|-damage|p1a: Slowking|74\/100\n|-unboost|p1a: Slowking|spd|1\n|\n|-damage|p2a: Indeedee|71\/100 brn|[from] brn\n|upkeep\n|turn|3\n|c|\u2606mann_treads|that spdef drop was mean\n|\n|t:|1699466436\n|move|p2a: Indeedee|Hyper Voice|p1a: Slowking\n|-damage|p1a: Slowking|40\/100\n|move|p1a: Slowking|Sludge Bomb|p2a: Indeedee\n|-damage|p2a: Indeedee|50\/100 brn\n|\n|-damage|p2a: Indeedee|44\/100 brn|[from] brn\n|upkeep\n|turn|4\n|c|\u2606termofservice|Indeedee goat\n|\n|t:|1699466445\n|switch|p1a: Spiritomb|Spiritomb, M|100\/100\n|move|p2a: Indeedee|Psychic|p1a: Spiritomb\n|-immune|p1a: Spiritomb\n|\n|-damage|p2a: Indeedee|38\/100 brn|[from] brn\n|upkeep\n|turn|5\n|\n|t:|1699466452\n|move|p2a: Indeedee|Draining Kiss|p1a: Spiritomb\n|-supereffective|p1a: Spiritomb\n|-damage|p1a: Spiritomb|70\/100\n|-heal|p2a: Indeedee|59\/100 brn|[from] drain|[of] p1a: Spiritomb\n|move|p1a: Spiritomb|Foul Play|p2a: Indeedee\n|-supereffective|p2a: Indeedee\n|-damage|p2a: Indeedee|13\/100 brn\n|\n|-damage|p2a: Indeedee|7\/100 brn|[from] brn\n|-fieldend|move: Psychic Terrain\n|upkeep\n|turn|6\n|\n|t:|1699466467\n|switch|p2a: Palkia|Palkia-Origin|100\/100\n|-ability|p2a: Palkia|Pressure\n|switch|p1a: Alomomola|Alomomola, M|100\/100\n|\n|upkeep\n|turn|7\n|\n|t:|1699466486\n|switch|p1a: Gholdengo|Gholdengo|100\/100\n|move|p2a: Palkia|Hydro Pump|p1a: Gholdengo|[miss]\n|-miss|p2a: Palkia|p1a: Gholdengo\n|\n|upkeep\n|turn|8\n|\n|t:|1699466497\n|move|p2a: Palkia|Fire Blast|p1a: Gholdengo|[miss]\n|-miss|p2a: Palkia|p1a: Gholdengo\n|move|p1a: Gholdengo|Thunder Wave|p2a: Palkia\n|-status|p2a: Palkia|par\n|\n|upkeep\n|turn|9\n|c|\u2606termofservice|Are you fucking kidding .e\n|c|\u2606termofservice|Me*\n|\n|t:|1699466521\n|move|p1a: Gholdengo|Hex|p2a: Palkia\n|-damage|p2a: Palkia|52\/100 par\n|move|p2a: Palkia|Fire Blast|p1a: Gholdengo\n|-supereffective|p1a: Gholdengo\n|-damage|p1a: Gholdengo|18\/100\n|\n|-heal|p1a: Gholdengo|25\/100|[from] item: Leftovers\n|upkeep\n|turn|10\n|\n|t:|1699466530\n|switch|p1a: Alomomola|Alomomola, M|100\/100\n|cant|p2a: Palkia|par\n|\n|upkeep\n|turn|11\n|\n|t:|1699466535\n|move|p2a: Palkia|Hydro Pump|p1a: Alomomola|[miss]\n|-miss|p2a: Palkia|p1a: Alomomola\n|move|p1a: Alomomola|Scald|p2a: Palkia\n|-resisted|p2a: Palkia\n|-damage|p2a: Palkia|49\/100 par\n|\n|upkeep\n|turn|12\n|c|\u2606mann_treads|FUCK\n|c|\u2606termofservice|Literally\n|\n|t:|1699466543\n|move|p2a: Palkia|Hydro Pump|p1a: Alomomola\n|-resisted|p1a: Alomomola\n|-damage|p1a: Alomomola|59\/100\n|move|p1a: Alomomola|Wish|p1a: Alomomola\n|\n|upkeep\n|turn|13\n|c|\u2606termofservice|What is palkia doing\n|c|\u2606termofservice|3\/4 misses\n|\n|t:|1699466554\n|switch|p2a: Indeedee|Indeedee-F, F|7\/100 brn\n|-fieldstart|move: Psychic Terrain|[from] ability: Psychic Surge|[of] p2a: Indeedee\n|move|p1a: Alomomola|Flip Turn|p2a: Indeedee\n|-damage|p2a: Indeedee|0 fnt\n|faint|p2a: Indeedee\n|\n|t:|1699466561\n|switch|p1a: Rotom|Rotom-Wash|53\/100|[from] Flip Turn\n|\n|-heal|p1a: Rotom|100\/100|[from] move: Wish|[wisher] Alomomola\n|upkeep\n|\n|t:|1699466578\n|switch|p2a: Veluza|Veluza, M|100\/100\n|turn|14\n|\n|t:|1699466590\n|switch|p2a: Armarouge|Armarouge, M|100\/100\n|move|p1a: Rotom|Will-O-Wisp|p2a: Armarouge\n|-immune|p2a: Armarouge\n|\n|upkeep\n|turn|15\n|\n|t:|1699466604\n|-terastallize|p2a: Armarouge|Fire\n|move|p2a: Armarouge|Expanding Force|p1a: Rotom\n|-damage|p1a: Rotom|0 fnt\n|faint|p1a: Rotom\n|-damage|p2a: Armarouge|91\/100|[from] item: Life Orb\n|\n|upkeep\n|c|\u2606termofservice|Oh\n|c|\u2606termofservice|Waste of a tera\n|\n|t:|1699466613\n|switch|p1a: Spiritomb|Spiritomb, M|70\/100\n|turn|16\n|c|\u2606termofservice|I wanted to catch the hex\n|c|\u2606mann_treads|LOL\n|c|\u2606termofservice|NOT A WASTE OF A TERA\n|c|\u2606termofservice|ARMAROUGE I BELIEVE IN YOU\n|\n|t:|1699466627\n|move|p1a: Spiritomb|Shadow Sneak|p2a: Armarouge\n|-activate|p2a: Armarouge|move: Psychic Terrain\n|move|p2a: Armarouge|Armor Cannon|p1a: Spiritomb\n|-damage|p1a: Spiritomb|0 fnt\n|-unboost|p2a: Armarouge|def|1\n|-unboost|p2a: Armarouge|spd|1\n|faint|p1a: Spiritomb\n|-damage|p2a: Armarouge|81\/100|[from] item: Life Orb\n|\n|upkeep\n|c|\u2606mann_treads|oh\n|c|\u2606mann_treads|i am so stupid\n|c|\u2606termofservice|LUCK IS TURNING AROUND\n|\n|t:|1699466642\n|switch|p1a: Gholdengo|Gholdengo|25\/100\n|turn|17\n|c|\u2606termofservice|If this mf is max speed I'm gonna fucking lose it\n|\n|t:|1699466656\n|move|p2a: Armarouge|Armor Cannon|p1a: Gholdengo\n|-supereffective|p1a: Gholdengo\n|-damage|p1a: Gholdengo|0 fnt\n|-unboost|p2a: Armarouge|def|1\n|-unboost|p2a: Armarouge|spd|1\n|faint|p1a: Gholdengo\n|-damage|p2a: Armarouge|71\/100|[from] item: Life Orb\n|\n|-fieldend|move: Psychic Terrain\n|upkeep\n|c|\u2606termofservice|LETS GOOO\n|c|\u2606mann_treads|LOL\n|\n|t:|1699466668\n|switch|p1a: Blissey|Blissey, F|100\/100\n|turn|18\n|\n|t:|1699466673\n|move|p2a: Armarouge|Armor Cannon|p1a: Blissey\n|-damage|p1a: Blissey|68\/100\n|-unboost|p2a: Armarouge|def|1\n|-unboost|p2a: Armarouge|spd|1\n|-damage|p2a: Armarouge|61\/100|[from] item: Life Orb\n|move|p1a: Blissey|Seismic Toss|p2a: Armarouge\n|-damage|p2a: Armarouge|28\/100\n|-ability|p2a: Armarouge|Weak Armor|boost\n|-unboost|p2a: Armarouge|def|1\n|-boost|p2a: Armarouge|spe|2\n|\n|upkeep\n|turn|19\n|c|\u2606mann_treads|i def shouldve done this sooner i just was not thinking\n|\n|t:|1699466690\n|move|p2a: Armarouge|Destiny Bond|p2a: Armarouge\n|-singlemove|p2a: Armarouge|Destiny Bond\n|move|p1a: Blissey|Seismic Toss|p2a: Armarouge\n|-damage|p2a: Armarouge|0 fnt\n|faint|p2a: Armarouge\n|-activate|p2a: Armarouge|move: Destiny Bond\n|faint|p1a: Blissey\n|\n|upkeep\n|c|\u2606termofservice|DESTINY BOND TECH\n|c|\u2606mann_treads|oh you cunt\n|\n|t:|1699466701\n|switch|p2a: Espathra|Espathra, F|100\/100\n|switch|p1a: Slowking|Slowking-Galar, F|74\/100\n|turn|20\n|\n|t:|1699466705\n|move|p2a: Espathra|Psychic Terrain|p2a: Espathra\n|-fieldstart|move: Psychic Terrain\n|move|p1a: Slowking|Toxic|p2a: Espathra\n|-status|p2a: Espathra|tox\n|\n|-damage|p2a: Espathra|94\/100 tox|[from] psn\n|-ability|p2a: Espathra|Speed Boost|boost\n|-boost|p2a: Espathra|spe|1\n|upkeep\n|turn|21\n|\n|t:|1699466710\n|move|p2a: Espathra|Calm Mind|p2a: Espathra\n|-boost|p2a: Espathra|spa|1\n|-boost|p2a: Espathra|spd|1\n|move|p1a: Slowking|Future Sight|p2a: Espathra\n|-start|p1a: Slowking|move: Future Sight\n|\n|-damage|p2a: Espathra|82\/100 tox|[from] psn\n|-ability|p2a: Espathra|Speed Boost|boost\n|-boost|p2a: Espathra|spe|1\n|upkeep\n|turn|22\n|\n|t:|1699466716\n|move|p2a: Espathra|Stored Power|p1a: Slowking\n|-damage|p1a: Slowking|22\/100\n|move|p1a: Slowking|Chilly Reception|p1a: Slowking\n|-weather|Snow\n|\n|t:|1699466721\n|switch|p1a: Alomomola|Alomomola, M|92\/100|[from] Chilly Reception\n|\n|-weather|Snow|[upkeep]\n|-damage|p2a: Espathra|64\/100 tox|[from] psn\n|-ability|p2a: Espathra|Speed Boost|boost\n|-boost|p2a: Espathra|spe|1\n|upkeep\n|turn|23\n|\n|t:|1699466732\n|move|p1a: Alomomola|Protect|p1a: Alomomola\n|-singleturn|p1a: Alomomola|Protect\n|move|p2a: Espathra|Stored Power|p1a: Alomomola\n|-activate|p1a: Alomomola|move: Protect\n|\n|-weather|Snow|[upkeep]\n|-end|p2a: Espathra|move: Future Sight\n|-resisted|p2a: Espathra\n|-damage|p2a: Espathra|35\/100 tox\n|-damage|p2a: Espathra|11\/100 tox|[from] psn\n|-ability|p2a: Espathra|Speed Boost|boost\n|-boost|p2a: Espathra|spe|1\n|upkeep\n|turn|24\n|\n|t:|1699466746\n|move|p1a: Alomomola|Protect|p1a: Alomomola\n|-singleturn|p1a: Alomomola|Protect\n|move|p2a: Espathra|Stored Power|p1a: Alomomola\n|-activate|p1a: Alomomola|move: Protect\n|\n|-weather|Snow|[upkeep]\n|-damage|p2a: Espathra|0 fnt|[from] psn\n|faint|p2a: Espathra\n|upkeep\n|\n|t:|1699466750\n|switch|p2a: Veluza|Veluza, M|100\/100\n|turn|25\n|\n|t:|1699466756\n|move|p2a: Veluza|Fillet Away|p2a: Veluza\n|-boost|p2a: Veluza|atk|2\n|-boost|p2a: Veluza|spa|2\n|-boost|p2a: Veluza|spe|2\n|-damage|p2a: Veluza|50\/100\n|-enditem|p2a: Veluza|Sitrus Berry|[eat]\n|-heal|p2a: Veluza|75\/100|[from] item: Sitrus Berry\n|move|p1a: Alomomola|Wish|p1a: Alomomola\n|\n|-weather|Snow|[upkeep]\n|upkeep\n|turn|26\n|c|\u2606termofservice|VELUZA SWEEP LETS GO\n|\n|t:|1699466766\n|move|p2a: Veluza|Psycho Cut|p1a: Alomomola\n|-damage|p1a: Alomomola|20\/100\n|move|p1a: Alomomola|Flip Turn|p2a: Veluza\n|-resisted|p2a: Veluza\n|-damage|p2a: Veluza|66\/100\n|\n|t:|1699466771\n|switch|p1a: Slowking|Slowking-Galar, F|55\/100|[from] Flip Turn\n|\n|-weather|none\n|-heal|p1a: Slowking|100\/100|[from] move: Wish|[wisher] Alomomola\n|upkeep\n|turn|27\n|c|\u2606mann_treads|ggs i think\n|\n|t:|1699466784\n|-terastallize|p1a: Slowking|Poison\n|move|p2a: Veluza|Psycho Cut|p1a: Slowking\n|-supereffective|p1a: Slowking\n|-damage|p1a: Slowking|0 fnt\n|faint|p1a: Slowking\n|\n|-fieldend|move: Psychic Terrain\n|upkeep\n|c|\u2606mann_treads|yep\n|c|\u2606termofservice|What\n|\n|t:|1699466790\n|switch|p1a: Alomomola|Alomomola, M|53\/100\n|turn|28\n|c|\u2606termofservice|Why did you tera poison though\n|\n|t:|1699466799\n|move|p2a: Veluza|Psycho Cut|p1a: Alomomola\n|-damage|p1a: Alomomola|0 fnt\n|faint|p1a: Alomomola\n|\n|win|termofservice\n|c|\u2606mann_treads|went for the ohko w sludge bomb\n|c|\u2606termofservice|Ah\n|c|\u2606mann_treads|i died either way\n|c|\u2606termofservice|GG\n|c|\u2606mann_treads|gg\n|c|\u2606termofservice|Fun team honestly\n|l|\u2606mann_treads\n|c|\u2606termofservice|Destiny bond Armarouge is heat\n|j|\u2606mann_treads\n|player|p1|mann_treads|ariana\n","uploadtime":1699466825,"views":7,"p1id":"manntreads","p2id":"termofservice","formatid":"gen9ubers","rating":0,"private":0,"password":""}