{"id":"gen9ubers-1986836510","p1":"dumbass9","p2":"Anderew1","format":"[Gen 9] Ubers","log":"|j|\u2606dumbass9\n|j|\u2606Anderew1\n|t:|1699532208\n|gametype|singles\n|player|p1|dumbass9|acerola-masters|\n|player|p2|Anderew1|ghetsis|\n|teamsize|p1|6\n|teamsize|p2|6\n|gen|9\n|tier|[Gen 9] Ubers\n|rule|Sleep Clause Mod: Limit one foe put to sleep\n|rule|Species Clause: Limit one of each Pok\u00e9mon\n|rule|OHKO Clause: OHKO moves are banned\n|rule|Evasion Items Clause: Evasion items are banned\n|rule|Evasion Moves Clause: Evasion moves are banned\n|rule|Endless Battle Clause: Forcing endless battles is banned\n|rule|HP Percentage Mod: HP is shown in percentages\n|clearpoke\n|poke|p1|Meowscarada, M|\n|poke|p1|Annihilape, F|\n|poke|p1|Jolteon, M|\n|poke|p1|Great Tusk|\n|poke|p1|Basculegion, M|\n|poke|p1|Overqwil, M|\n|poke|p2|Weezing-Galar, M|\n|poke|p2|Crocalor, M|\n|poke|p2|Espeon, F|\n|poke|p2|Rillaboom, M|\n|poke|p2|Quaquaval, F|\n|poke|p2|Ursaluna-Bloodmoon, M|\n|teampreview\n|inactive|Battle timer is ON: inactive players will automatically lose when time's up. (requested by Anderew1)\n|j| roeslovesmen\n|inactive|dumbass9 has 270 seconds left.\n|inactive|Anderew1 has 270 seconds left.\n|c|\u2606Anderew1|didnt bring cap?\n|c|\u2606dumbass9|dont need him\n|c| roeslovesmen|let him cook\n|\n|t:|1699532258\n|start\n|switch|p1a: Tax Evader|Great Tusk|100\/100\n|switch|p2a: Oliver|Weezing-Galar, M|100\/100\n|-enditem|p1a: Tax Evader|Booster Energy\n|-activate|p1a: Tax Evader|ability: Protosynthesis|[fromitem]\n|-start|p1a: Tax Evader|protosynthesisspe\n|turn|1\n|c| roeslovesmen|im the ref\n|c|\u2606dumbass9|hold on im running a calc\n|inactive|dumbass9 has 270 seconds left.\n|c|\u2606Anderew1|course youre tryharding already\n|c| roeslovesmen|LMAO\n|inactive|dumbass9 has 240 seconds left.\n|\n|t:|1699532325\n|move|p1a: Tax Evader|Headlong Rush|p2a: Oliver\n|-immune|p2a: Oliver|[from] ability: Levitate\n|move|p2a: Oliver|Strange Steam|p1a: Tax Evader\n|-supereffective|p1a: Tax Evader\n|-damage|p1a: Tax Evader|0 fnt\n|faint|p1a: Tax Evader\n|-end|p1a: Tax Evader|Protosynthesis|[silent]\n|\n|upkeep\n|c|\u2606Anderew1|wow chat hes going this hard\n|c|\u2606dumbass9|oh\n|c|\u2606dumbass9|oops\n|c| roeslovesmen|gg mivhael forfeit pls\n|inactive|dumbass9 has 210 seconds left.\n|\n|t:|1699532359\n|switch|p1a: Big Gus|Overqwil, M|100\/100\n|-ability|p1a: Big Gus|Intimidate|boost\n|-unboost|p2a: Oliver|atk|1\n|turn|2\n|\n|t:|1699532364\n|move|p1a: Big Gus|Gunk Shot|p2a: Oliver\n|-damage|p2a: Oliver|47\/100\n|move|p2a: Oliver|Strange Steam|p1a: Big Gus\n|-damage|p1a: Big Gus|64\/100\n|\n|upkeep\n|turn|3\n|\n|t:|1699532370\n|move|p1a: Big Gus|Gunk Shot|p2a: Oliver\n|-damage|p2a: Oliver|0 fnt\n|faint|p2a: Oliver\n|\n|upkeep\n|\n|t:|1699532385\n|switch|p2a: Sam Sulek|Crocalor, M|100\/100\n|turn|4\n|\n|t:|1699532402\n|move|p1a: Big Gus|Barb Barrage|p2a: Sam Sulek\n|-damage|p2a: Sam Sulek|85\/100\n|-status|p2a: Sam Sulek|psn\n|move|p2a: Sam Sulek|Will-O-Wisp|p1a: Big Gus\n|-status|p1a: Big Gus|brn\n|\n|-damage|p2a: Sam Sulek|73\/100 psn|[from] psn\n|-damage|p1a: Big Gus|58\/100 brn|[from] brn\n|upkeep\n|turn|5\n|\n|t:|1699532416\n|move|p1a: Big Gus|Liquidation|p2a: Sam Sulek\n|-supereffective|p2a: Sam Sulek\n|-damage|p2a: Sam Sulek|57\/100 psn\n|move|p2a: Sam Sulek|Flamethrower|p1a: Big Gus\n|-damage|p1a: Big Gus|35\/100 brn\n|\n|-damage|p2a: Sam Sulek|45\/100 psn|[from] psn\n|-damage|p1a: Big Gus|29\/100 brn|[from] brn\n|upkeep\n|turn|6\n|\n|t:|1699532430\n|switch|p1a: Slayers Champ|Basculegion, M, shiny|100\/100\n|move|p2a: Sam Sulek|Slack Off|p2a: Sam Sulek\n|-heal|p2a: Sam Sulek|95\/100 psn\n|\n|-damage|p2a: Sam Sulek|82\/100 psn|[from] psn\n|upkeep\n|turn|7\n|\n|t:|1699532442\n|move|p1a: Slayers Champ|Wave Crash|p2a: Sam Sulek\n|-supereffective|p2a: Sam Sulek\n|-damage|p2a: Sam Sulek|0 fnt\n|faint|p2a: Sam Sulek\n|-damage|p1a: Slayers Champ|76\/100|[from] Recoil\n|\n|upkeep\n|\n|t:|1699532446\n|switch|p2a: hehe monke|Rillaboom, M|100\/100\n|-fieldstart|move: Grassy Terrain|[from] ability: Grassy Surge|[of] p2a: hehe monke\n|turn|8\n|\n|t:|1699532474\n|switch|p1a: Big Gus|Overqwil, M|29\/100 brn\n|-ability|p1a: Big Gus|Intimidate|boost\n|-unboost|p2a: hehe monke|atk|1\n|move|p2a: hehe monke|Grassy Glide|p1a: Big Gus\n|-resisted|p1a: Big Gus\n|-damage|p1a: Big Gus|16\/100 brn\n|\n|-heal|p1a: Big Gus|22\/100 brn|[from] Grassy Terrain\n|-damage|p1a: Big Gus|16\/100 brn|[from] brn\n|upkeep\n|turn|9\n|inactive|dumbass9 has 210 seconds left.\n|\n|t:|1699532490\n|switch|p2a: evil wizard cat|Espeon, F|100\/100\n|-enditem|p2a: evil wizard cat|Grassy Seed\n|-boost|p2a: evil wizard cat|def|1|[from] item: Grassy Seed\n|move|p1a: Big Gus|Gunk Shot|p2a: evil wizard cat\n|-damage|p2a: evil wizard cat|81\/100\n|\n|-heal|p2a: evil wizard cat|86\/100|[from] Grassy Terrain\n|-heal|p1a: Big Gus|22\/100 brn|[from] Grassy Terrain\n|-damage|p1a: Big Gus|16\/100 brn|[from] brn\n|upkeep\n|turn|10\n|\n|t:|1699532511\n|move|p2a: evil wizard cat|Draining Kiss|p1a: Big Gus\n|-damage|p1a: Big Gus|3\/100 brn\n|-heal|p2a: evil wizard cat|99\/100|[from] drain|[of] p1a: Big Gus\n|move|p1a: Big Gus|Crunch|p2a: evil wizard cat\n|-supereffective|p2a: evil wizard cat\n|-damage|p2a: evil wizard cat|70\/100\n|\n|-heal|p2a: evil wizard cat|75\/100|[from] Grassy Terrain\n|-heal|p1a: Big Gus|9\/100 brn|[from] Grassy Terrain\n|-damage|p1a: Big Gus|3\/100 brn|[from] brn\n|upkeep\n|turn|11\n|\n|t:|1699532520\n|move|p2a: evil wizard cat|Trailblaze|p1a: Big Gus\n|-resisted|p1a: Big Gus\n|-damage|p1a: Big Gus|0 fnt\n|-boost|p2a: evil wizard cat|spe|1\n|faint|p1a: Big Gus\n|\n|-heal|p2a: evil wizard cat|81\/100|[from] Grassy Terrain\n|upkeep\n|\n|t:|1699532531\n|switch|p1a: Slayers Champ|Basculegion, M, shiny|76\/100\n|turn|12\n|inactive|dumbass9 has 210 seconds left.\n|\n|t:|1699532546\n|-terastallize|p2a: evil wizard cat|Fairy\n|move|p2a: evil wizard cat|Draining Kiss|p1a: Slayers Champ\n|-damage|p1a: Slayers Champ|44\/100\n|-heal|p2a: evil wizard cat|100\/100|[from] drain|[of] p1a: Slayers Champ\n|move|p1a: Slayers Champ|Wave Crash|p2a: evil wizard cat\n|-damage|p2a: evil wizard cat|27\/100\n|-damage|p1a: Slayers Champ|27\/100|[from] Recoil\n|\n|-heal|p2a: evil wizard cat|33\/100|[from] Grassy Terrain\n|-heal|p1a: Slayers Champ|33\/100|[from] Grassy Terrain\n|-fieldend|move: Grassy Terrain\n|upkeep\n|turn|13\n|c| roeslovesmen|no shadow ball? 4head\n|inactive|Anderew1 has 270 seconds left.\n|c|\u2606Anderew1|dont need it\n|\n|t:|1699532583\n|move|p2a: evil wizard cat|Draining Kiss|p1a: Slayers Champ\n|-damage|p1a: Slayers Champ|2\/100\n|-heal|p2a: evil wizard cat|66\/100|[from] drain|[of] p1a: Slayers Champ\n|move|p1a: Slayers Champ|Wave Crash|p2a: evil wizard cat\n|-crit|p2a: evil wizard cat\n|-damage|p2a: evil wizard cat|0 fnt\n|faint|p2a: evil wizard cat\n|-damage|p1a: Slayers Champ|0 fnt|[from] Recoil\n|faint|p1a: Slayers Champ\n|\n|upkeep\n|c| roeslovesmen|LMASO\n|inactive|Anderew1 has 270 seconds left.\n|c|\u2606dumbass9|yeah?\n|inactive|dumbass9 has 210 seconds left.\n|\n|t:|1699532600\n|switch|p2a: Johnny|Quaquaval, F|100\/100\n|switch|p1a: Big Paulie|Jolteon, M|100\/100\n|turn|14\n|\n|t:|1699532614\n|move|p1a: Big Paulie|Volt Switch|p2a: Johnny\n|-supereffective|p2a: Johnny\n|-enditem|p2a: Johnny|Focus Sash\n|-damage|p2a: Johnny|1\/100\n|inactive|dumbass9 has 210 seconds left.\n|\n|t:|1699532644\n|switch|p1a: Raphael|Meowscarada, M|100\/100|[from] Volt Switch\n|move|p2a: Johnny|Close Combat|p1a: Raphael\n|-supereffective|p1a: Raphael\n|-damage|p1a: Raphael|0 fnt\n|-unboost|p2a: Johnny|def|1\n|-unboost|p2a: Johnny|spd|1\n|faint|p1a: Raphael\n|-ability|p2a: Johnny|Moxie|boost\n|-boost|p2a: Johnny|atk|1\n|\n|upkeep\n|\n|t:|1699532654\n|switch|p1a: Big Paulie|Jolteon, M|100\/100\n|turn|15\n|\n|t:|1699532659\n|-terastallize|p1a: Big Paulie|Ice\n|move|p1a: Big Paulie|Tera Blast|p2a: Johnny|[anim] Tera Blast Ice\n|-resisted|p2a: Johnny\n|-damage|p2a: Johnny|0 fnt\n|faint|p2a: Johnny\n|\n|upkeep\n|inactive|Anderew1 has 270 seconds left.\n|\n|t:|1699532673\n|switch|p2a: Movie star|Ursaluna-Bloodmoon, M|100\/100\n|turn|16\n|inactive|dumbass9 has 210 seconds left.\n|inactive|dumbass9 has 180 seconds left.\n|\n|t:|1699532726\n|switch|p1a: Annie|Annihilape, F|100\/100\n|move|p2a: Movie star|Moonblast|p1a: Annie\n|-supereffective|p1a: Annie\n|-damage|p1a: Annie|61\/100\n|\n|-heal|p1a: Annie|67\/100|[from] item: Leftovers\n|upkeep\n|turn|17\n|\n|t:|1699532734\n|move|p1a: Annie|Drain Punch|p2a: Movie star\n|-supereffective|p2a: Movie star\n|-damage|p2a: Movie star|63\/100\n|-heal|p1a: Annie|86\/100|[from] drain|[of] p2a: Movie star\n|move|p2a: Movie star|Calm Mind|p2a: Movie star\n|-boost|p2a: Movie star|spa|1\n|-boost|p2a: Movie star|spd|1\n|\n|-heal|p1a: Annie|92\/100|[from] item: Leftovers\n|-heal|p2a: Movie star|69\/100|[from] item: Leftovers\n|upkeep\n|turn|18\n|inactive|dumbass9 has 180 seconds left.\n|\n|t:|1699532741\n|move|p1a: Annie|Drain Punch|p2a: Movie star\n|-supereffective|p2a: Movie star\n|-damage|p2a: Movie star|32\/100\n|-heal|p1a: Annie|100\/100|[from] drain|[of] p2a: Movie star\n|move|p2a: Movie star|Moonlight|p2a: Movie star\n|-heal|p2a: Movie star|82\/100\n|\n|-heal|p2a: Movie star|88\/100|[from] item: Leftovers\n|upkeep\n|turn|19\n|\n|t:|1699532749\n|move|p1a: Annie|Drain Punch|p2a: Movie star\n|-supereffective|p2a: Movie star\n|-damage|p2a: Movie star|52\/100\n|move|p2a: Movie star|Calm Mind|p2a: Movie star\n|-boost|p2a: Movie star|spa|1\n|-boost|p2a: Movie star|spd|1\n|\n|-heal|p2a: Movie star|58\/100|[from] item: Leftovers\n|upkeep\n|turn|20\n|\n|t:|1699532755\n|move|p1a: Annie|Taunt|p2a: Movie star\n|-start|p2a: Movie star|move: Taunt\n|cant|p2a: Movie star|move: Taunt|Moonlight\n|\n|-heal|p2a: Movie star|64\/100|[from] item: Leftovers\n|upkeep\n|turn|21\n|\n|t:|1699532771\n|move|p1a: Annie|Drain Punch|p2a: Movie star\n|-supereffective|p2a: Movie star\n|-damage|p2a: Movie star|25\/100\n|move|p2a: Movie star|Moonblast|p1a: Annie\n|-supereffective|p1a: Annie\n|-damage|p1a: Annie|20\/100\n|\n|-heal|p1a: Annie|26\/100|[from] item: Leftovers\n|-heal|p2a: Movie star|31\/100|[from] item: Leftovers\n|upkeep\n|turn|22\n|inactive|Anderew1 has 270 seconds left.\n|inactive|Anderew1 has 240 seconds left.\n|inactive|dumbass9 has 180 seconds left.\n|inactive|dumbass9 has 150 seconds left.\n|\n|t:|1699532874\n|move|p1a: Annie|Drain Punch|p2a: Movie star\n|-supereffective|p2a: Movie star\n|-damage|p2a: Movie star|0 fnt\n|-heal|p1a: Annie|42\/100|[from] drain|[of] p2a: Movie star\n|faint|p2a: Movie star\n|\n|-heal|p1a: Annie|48\/100|[from] item: Leftovers\n|upkeep\n|\n|t:|1699532877\n|switch|p2a: hehe monke|Rillaboom, M|100\/100\n|-fieldstart|move: Grassy Terrain|[from] ability: Grassy Surge|[of] p2a: hehe monke\n|turn|23\n|c|\u2606Anderew1|gg\n|inactive|dumbass9 has 150 seconds left.\n|\n|t:|1699532889\n|move|p2a: hehe monke|Wood Hammer|p1a: Annie\n|-damage|p1a: Annie|0 fnt\n|faint|p1a: Annie\n|-damage|p2a: hehe monke|81\/100|[from] Recoil\n|\n|-heal|p2a: hehe monke|87\/100|[from] Grassy Terrain\n|upkeep\n|\n|t:|1699532893\n|switch|p1a: Big Paulie|Jolteon, M, tera:Ice|100\/100\n|turn|24\n|\n|t:|1699532897\n|move|p1a: Big Paulie|Tera Blast|p2a: hehe monke|[anim] Tera Blast Ice\n|-supereffective|p2a: hehe monke\n|-damage|p2a: hehe monke|0 fnt\n|faint|p2a: hehe monke\n|\n|win|dumbass9\n|c|\u2606dumbass9|gg\n|c|\u2606dumbass9|goddamn tho close match\n|c| roeslovesmen|not real go again bo3\n|c|\u2606Anderew1|actually play another even though yes this is the only one that counts\n","uploadtime":1699532924,"views":60,"p1id":"dumbass9","p2id":"anderew1","formatid":"gen9ubers","rating":0,"private":0,"password":""}