{"id":"gen9ubers-1988462747","p1":"TestingFE","p2":"ChimeBliss","format":"[Gen 9] Ubers","log":"|j|\u2606TestingFE\n|j|\u2606ChimeBliss\n|t:|1699725566\n|gametype|singles\n|player|p1|TestingFE|bianca|\n|player|p2|ChimeBliss|bianca-pwt|\n|teamsize|p1|3\n|teamsize|p2|3\n|gen|9\n|tier|[Gen 9] Ubers\n|rule|Sleep Clause Mod: Limit one foe put to sleep\n|rule|Species Clause: Limit one of each Pok\u00e9mon\n|rule|OHKO Clause: OHKO moves are banned\n|rule|Evasion Items Clause: Evasion items are banned\n|rule|Evasion Moves Clause: Evasion moves are banned\n|rule|Endless Battle Clause: Forcing endless battles is banned\n|rule|HP Percentage Mod: HP is shown in percentages\n|clearpoke\n|poke|p1|Zacian-*|\n|poke|p1|Ditto|\n|poke|p1|Zamazenta-*|\n|poke|p2|Zacian-*|\n|poke|p2|Ditto|\n|poke|p2|Zamazenta-*|\n|teampreview\n|inactive|Battle timer is ON: inactive players will automatically lose when time's up. (requested by TestingFE)\n|inactive|ChimeBliss also wants the timer to be on.\n|\n|t:|1699725570\n|start\n|switch|p1a: Zacian|Zacian|100\/100\n|switch|p2a: Ditto|Ditto|100\/100\n|-ability|p1a: Zacian|Intrepid Sword|boost\n|-boost|p1a: Zacian|atk|1\n|-transform|p2a: Ditto|p1a: Zacian|[from] ability: Imposter\n|-ability|p2a: Ditto|Intrepid Sword|boost\n|-boost|p2a: Ditto|atk|1\n|turn|1\n|\n|t:|1699725578\n|switch|p2a: Zacian|Zacian|100\/100\n|-ability|p2a: Zacian|Intrepid Sword|boost\n|-boost|p2a: Zacian|atk|1\n|move|p1a: Zacian|Helping Hand|null|[notarget]\n|-fail|p1a: Zacian\n|\n|upkeep\n|turn|2\n|\n|t:|1699725584\n|switch|p2a: Ditto|Ditto|100\/100\n|-transform|p2a: Ditto|p1a: Zacian|[from] ability: Imposter\n|move|p1a: Zacian|Helping Hand|null|[notarget]\n|-fail|p1a: Zacian\n|\n|upkeep\n|turn|3\n|\n|t:|1699725597\n|switch|p2a: Zacian|Zacian|100\/100\n|switch|p1a: Zamazenta|Zamazenta|100\/100\n|-ability|p1a: Zamazenta|Dauntless Shield|boost\n|-boost|p1a: Zamazenta|def|1\n|\n|upkeep\n|turn|4\n|\n|t:|1699725601\n|switch|p2a: Ditto|Ditto|100\/100\n|-transform|p2a: Ditto|p1a: Zamazenta|[from] ability: Imposter\n|-ability|p2a: Ditto|Dauntless Shield|boost\n|-boost|p2a: Ditto|def|1\n|move|p1a: Zamazenta|Helping Hand|null|[notarget]\n|-fail|p1a: Zamazenta\n|\n|upkeep\n|turn|5\n|\n|t:|1699725608\n|switch|p2a: Zacian|Zacian|100\/100\n|move|p1a: Zamazenta|Helping Hand|null|[notarget]\n|-fail|p1a: Zamazenta\n|\n|upkeep\n|turn|6\n|\n|t:|1699725612\n|switch|p2a: Ditto|Ditto|100\/100\n|-transform|p2a: Ditto|p1a: Zamazenta|[from] ability: Imposter\n|move|p1a: Zamazenta|Helping Hand|null|[notarget]\n|-fail|p1a: Zamazenta\n|\n|upkeep\n|turn|7\n|-message|ChimeBliss forfeited.\n|\n|win|TestingFE\n","uploadtime":1699725625,"views":35,"p1id":"testingfe","p2id":"chimebliss","formatid":"gen9ubers","rating":0,"private":0,"password":""}