{"id":"gen9ubers-1982065169","p1":"Albaz Brand","p2":"Janis105","format":"[Gen 9] Ubers","log":"|j|\u2606Albaz Brand\n|j|\u2606Janis105\n|t:|1698964367\n|gametype|singles\n|player|p1|Albaz Brand|bellelba|\n|player|p2|Janis105|eusine|\n|teamsize|p1|6\n|teamsize|p2|6\n|gen|9\n|tier|[Gen 9] Ubers\n|rule|Sleep Clause Mod: Limit one foe put to sleep\n|rule|Species Clause: Limit one of each Pok\u00e9mon\n|rule|OHKO Clause: OHKO moves are banned\n|rule|Evasion Items Clause: Evasion items are banned\n|rule|Evasion Moves Clause: Evasion moves are banned\n|rule|Endless Battle Clause: Forcing endless battles is banned\n|rule|HP Percentage Mod: HP is shown in percentages\n|clearpoke\n|poke|p1|Torkoal, M|\n|poke|p1|Arceus-Grass|\n|poke|p1|Roaring Moon|\n|poke|p1|Walking Wake|\n|poke|p1|Iron Moth|\n|poke|p1|Magearna-Original|\n|poke|p2|Masquerain, F|\n|poke|p2|Manaphy|\n|poke|p2|Gholdengo|\n|poke|p2|Kingambit, F|\n|poke|p2|Magearna|\n|poke|p2|Arceus-Fire|\n|teampreview\n|j| uubers account\n|c| uubers account|gg\n|c| uubers account|akro wins\n|c| uubers account|kingambit is illegal\n|c| uubers account|zero my bad not akro\n|\n|t:|1698964419\n|start\n|switch|p1a: Torkoal|Torkoal, M|100\/100\n|switch|p2a: Masquerain|Masquerain, F|100\/100\n|-ability|p2a: Masquerain|Intimidate|boost\n|-unboost|p1a: Torkoal|atk|1\n|-weather|SunnyDay|[from] ability: Drought|[of] p1a: Torkoal\n|turn|1\n|\n|t:|1698964433\n|move|p2a: Masquerain|Sticky Web|p1a: Torkoal\n|-sidestart|p1: Albaz Brand|move: Sticky Web\n|move|p1a: Torkoal|Lava Plume|p2a: Masquerain\n|-supereffective|p2a: Masquerain\n|-damage|p2a: Masquerain|12\/100\n|\n|-weather|SunnyDay|[upkeep]\n|upkeep\n|turn|2\n|\n|t:|1698964468\n|move|p2a: Masquerain|Bug Buzz|p1a: Torkoal\n|-resisted|p1a: Torkoal\n|-damage|p1a: Torkoal|83\/100\n|move|p1a: Torkoal|Lava Plume|p2a: Masquerain\n|-supereffective|p2a: Masquerain\n|-damage|p2a: Masquerain|0 fnt\n|faint|p2a: Masquerain\n|\n|-weather|SunnyDay|[upkeep]\n|upkeep\n|\n|t:|1698964520\n|switch|p2a: Manaphy|Manaphy|100\/100\n|turn|3\n|\n|t:|1698964524\n|move|p2a: Manaphy|Take Heart|p2a: Manaphy\n|-boost|p2a: Manaphy|spa|1\n|-boost|p2a: Manaphy|spd|1\n|move|p1a: Torkoal|Yawn|p2a: Manaphy\n|-start|p2a: Manaphy|move: Yawn|[of] p1a: Torkoal\n|\n|-weather|SunnyDay|[upkeep]\n|upkeep\n|turn|4\n|\n|t:|1698964533\n|move|p2a: Manaphy|Acid Armor|p2a: Manaphy\n|-boost|p2a: Manaphy|def|2\n|move|p1a: Torkoal|Rapid Spin|p2a: Manaphy\n|-damage|p2a: Manaphy|98\/100\n|-boost|p1a: Torkoal|spe|1\n|-sideend|p1: Albaz Brand|Sticky Web|[from] move: Rapid Spin|[of] p1a: Torkoal\n|\n|-weather|SunnyDay|[upkeep]\n|-heal|p2a: Manaphy|100\/100|[from] item: Leftovers\n|-end|p2a: Manaphy|move: Yawn|[silent]\n|-status|p2a: Manaphy|slp\n|upkeep\n|turn|5\n|\n|t:|1698964546\n|switch|p1a: Arceus|Arceus-Grass|100\/100\n|cant|p2a: Manaphy|slp\n|\n|-weather|SunnyDay|[upkeep]\n|upkeep\n|turn|6\n|\n|t:|1698964550\n|move|p1a: Arceus|Calm Mind|p1a: Arceus\n|-boost|p1a: Arceus|spa|1\n|-boost|p1a: Arceus|spd|1\n|cant|p2a: Manaphy|slp\n|\n|-weather|SunnyDay|[upkeep]\n|upkeep\n|turn|7\n|\n|t:|1698964560\n|-terastallize|p2a: Manaphy|Dragon\n|move|p1a: Arceus|Taunt|p2a: Manaphy\n|-start|p2a: Manaphy|move: Taunt\n|cant|p2a: Manaphy|slp\n|\n|-weather|SunnyDay|[upkeep]\n|upkeep\n|turn|8\n|\n|t:|1698964567\n|move|p1a: Arceus|Calm Mind|p1a: Arceus\n|-boost|p1a: Arceus|spa|1\n|-boost|p1a: Arceus|spd|1\n|-curestatus|p2a: Manaphy|slp|[msg]\n|move|p2a: Manaphy|Stored Power|p1a: Arceus\n|-crit|p1a: Arceus\n|-damage|p1a: Arceus|56\/100\n|\n|-weather|none\n|upkeep\n|turn|9\n|j| incredibleking\n|\n|t:|1698964580\n|switch|p2a: Arceus|Arceus-Fire|100\/100\n|move|p1a: Arceus|Calm Mind|p1a: Arceus\n|-boost|p1a: Arceus|spa|1\n|-boost|p1a: Arceus|spd|1\n|\n|upkeep\n|turn|10\n|\n|t:|1698964595\n|-terastallize|p1a: Arceus|Water\n|move|p1a: Arceus|Recover|p1a: Arceus\n|-heal|p1a: Arceus|100\/100\n|move|p2a: Arceus|Dragon Dance|p2a: Arceus\n|-boost|p2a: Arceus|atk|1\n|-boost|p2a: Arceus|spe|1\n|\n|upkeep\n|turn|11\n|\n|t:|1698964605\n|move|p2a: Arceus|Earthquake|p1a: Arceus\n|-damage|p1a: Arceus|62\/100\n|move|p1a: Arceus|Judgment|p2a: Arceus\n|-resisted|p2a: Arceus\n|-damage|p2a: Arceus|56\/100\n|\n|upkeep\n|turn|12\n|\n|t:|1698964612\n|move|p2a: Arceus|Earthquake|p1a: Arceus\n|-damage|p1a: Arceus|28\/100\n|move|p1a: Arceus|Recover|p1a: Arceus\n|-heal|p1a: Arceus|79\/100\n|\n|upkeep\n|turn|13\n|\n|t:|1698964616\n|move|p2a: Arceus|Earthquake|p1a: Arceus\n|-damage|p1a: Arceus|43\/100\n|move|p1a: Arceus|Judgment|p2a: Arceus\n|-resisted|p2a: Arceus\n|-damage|p2a: Arceus|10\/100\n|\n|upkeep\n|turn|14\n|\n|t:|1698964622\n|move|p2a: Arceus|Earthquake|p1a: Arceus\n|-damage|p1a: Arceus|7\/100\n|move|p1a: Arceus|Judgment|p2a: Arceus\n|-resisted|p2a: Arceus\n|-damage|p2a: Arceus|0 fnt\n|faint|p2a: Arceus\n|\n|upkeep\n|\n|t:|1698964630\n|switch|p2a: Magearna|Magearna|100\/100\n|turn|15\n|\n|t:|1698964634\n|move|p1a: Arceus|Recover|p1a: Arceus\n|-heal|p1a: Arceus|57\/100\n|move|p2a: Magearna|Fleur Cannon|p1a: Arceus\n|-damage|p1a: Arceus|41\/100\n|-unboost|p2a: Magearna|spa|2\n|-enditem|p2a: Magearna|Eject Pack\n|\n|t:|1698964644\n|switch|p2a: Kingambit|Kingambit, F|100\/100\n|-activate|p2a: Kingambit|ability: Supreme Overlord\n|-start|p2a: Kingambit|fallen2|[silent]\n|\n|upkeep\n|turn|16\n|\n|t:|1698964648\n|move|p1a: Arceus|Recover|p1a: Arceus\n|-heal|p1a: Arceus|91\/100\n|move|p2a: Kingambit|Kowtow Cleave|p1a: Arceus\n|-damage|p1a: Arceus|44\/100\n|\n|upkeep\n|turn|17\n|\n|t:|1698964668\n|move|p1a: Arceus|Taunt|p2a: Kingambit\n|-start|p2a: Kingambit|move: Taunt\n|move|p2a: Kingambit|Kowtow Cleave|p1a: Arceus\n|-damage|p1a: Arceus|0 fnt\n|faint|p1a: Arceus\n|\n|upkeep\n|\n|t:|1698964674\n|switch|p1a: Torkoal|Torkoal, M|83\/100\n|-weather|SunnyDay|[from] ability: Drought|[of] p1a: Torkoal\n|turn|18\n|\n|t:|1698964679\n|-end|p2a: Kingambit|fallen2|[silent]\n|switch|p2a: Magearna|Magearna|100\/100\n|move|p1a: Torkoal|Will-O-Wisp|p2a: Magearna|[miss]\n|-miss|p1a: Torkoal|p2a: Magearna\n|\n|-weather|SunnyDay|[upkeep]\n|upkeep\n|turn|19\n|\n|t:|1698964687\n|move|p2a: Magearna|Spikes|p1a: Torkoal\n|-sidestart|p1: Albaz Brand|Spikes\n|move|p1a: Torkoal|Yawn|p2a: Magearna\n|-start|p2a: Magearna|move: Yawn|[of] p1a: Torkoal\n|\n|-weather|SunnyDay|[upkeep]\n|upkeep\n|turn|20\n|\n|t:|1698964691\n|move|p2a: Magearna|Volt Switch|p1a: Torkoal\n|-damage|p1a: Torkoal|55\/100\n|\n|t:|1698964694\n|switch|p2a: Gholdengo|Gholdengo|100\/100|[from] Volt Switch\n|move|p1a: Torkoal|Lava Plume|p2a: Gholdengo\n|-supereffective|p2a: Gholdengo\n|-damage|p2a: Gholdengo|29\/100\n|\n|-weather|SunnyDay|[upkeep]\n|-heal|p2a: Gholdengo|35\/100|[from] item: Leftovers\n|upkeep\n|turn|21\n|\n|t:|1698964701\n|move|p2a: Gholdengo|Shadow Ball|p1a: Torkoal\n|-damage|p1a: Torkoal|9\/100\n|move|p1a: Torkoal|Lava Plume|p2a: Gholdengo\n|-supereffective|p2a: Gholdengo\n|-damage|p2a: Gholdengo|0 fnt\n|faint|p2a: Gholdengo\n|\n|-weather|SunnyDay|[upkeep]\n|upkeep\n|\n|t:|1698964705\n|switch|p2a: Manaphy|Manaphy, tera:Dragon|100\/100\n|turn|22\n|\n|t:|1698964708\n|move|p2a: Manaphy|Scald|p1a: Torkoal\n|-supereffective|p1a: Torkoal\n|-damage|p1a: Torkoal|0 fnt\n|faint|p1a: Torkoal\n|\n|-weather|SunnyDay|[upkeep]\n|upkeep\n|\n|t:|1698964712\n|switch|p1a: Walking Wake|Walking Wake|100\/100\n|-damage|p1a: Walking Wake|88\/100|[from] Spikes\n|-activate|p1a: Walking Wake|ability: Protosynthesis\n|-start|p1a: Walking Wake|protosynthesisspe\n|turn|23\n|c| uubers account|TORKAL SWEEP\n|\n|t:|1698964730\n|switch|p2a: Magearna|Magearna|100\/100\n|move|p1a: Walking Wake|Hydro Steam|p2a: Magearna\n|-damage|p2a: Magearna|27\/100\n|\n|-weather|SunnyDay|[upkeep]\n|upkeep\n|turn|24\n|\n|t:|1698964736\n|move|p1a: Walking Wake|Hydro Steam|p2a: Magearna\n|-damage|p2a: Magearna|0 fnt\n|faint|p2a: Magearna\n|\n|-weather|SunnyDay|[upkeep]\n|upkeep\n|\n|t:|1698964738\n|switch|p2a: Manaphy|Manaphy, tera:Dragon|100\/100\n|turn|25\n|\n|t:|1698964742\n|-end|p1a: Walking Wake|Protosynthesis|[silent]\n|switch|p1a: Magearna|Magearna-Original|100\/100\n|-damage|p1a: Magearna|88\/100|[from] Spikes\n|move|p2a: Manaphy|Take Heart|p2a: Manaphy\n|-boost|p2a: Manaphy|spa|1\n|-boost|p2a: Manaphy|spd|1\n|\n|-weather|none\n|-heal|p1a: Magearna|94\/100|[from] item: Leftovers\n|upkeep\n|turn|26\n|\n|t:|1698964750\n|move|p2a: Manaphy|Take Heart|p2a: Manaphy\n|-boost|p2a: Manaphy|spa|1\n|-boost|p2a: Manaphy|spd|1\n|move|p1a: Magearna|Calm Mind|p1a: Magearna\n|-boost|p1a: Magearna|spa|1\n|-boost|p1a: Magearna|spd|1\n|\n|-heal|p1a: Magearna|99\/100|[from] item: Leftovers\n|upkeep\n|turn|27\n|\n|t:|1698964754\n|move|p2a: Manaphy|Take Heart|p2a: Manaphy\n|-boost|p2a: Manaphy|spa|1\n|-boost|p2a: Manaphy|spd|1\n|move|p1a: Magearna|Draining Kiss|p2a: Manaphy\n|-supereffective|p2a: Manaphy\n|-damage|p2a: Manaphy|73\/100\n|-heal|p1a: Magearna|100\/100|[from] drain|[of] p2a: Manaphy\n|\n|-heal|p2a: Manaphy|79\/100|[from] item: Leftovers\n|upkeep\n|turn|28\n|\n|t:|1698964758\n|move|p2a: Manaphy|Take Heart|p2a: Manaphy\n|-boost|p2a: Manaphy|spa|1\n|-boost|p2a: Manaphy|spd|1\n|move|p1a: Magearna|Calm Mind|p1a: Magearna\n|-boost|p1a: Magearna|spa|1\n|-boost|p1a: Magearna|spd|1\n|\n|-heal|p2a: Manaphy|85\/100|[from] item: Leftovers\n|upkeep\n|turn|29\n|\n|t:|1698964762\n|move|p2a: Manaphy|Take Heart|p2a: Manaphy\n|-boost|p2a: Manaphy|spa|1\n|-boost|p2a: Manaphy|spd|1\n|move|p1a: Magearna|Calm Mind|p1a: Magearna\n|-boost|p1a: Magearna|spa|1\n|-boost|p1a: Magearna|spd|1\n|\n|-heal|p2a: Manaphy|91\/100|[from] item: Leftovers\n|upkeep\n|turn|30\n|\n|t:|1698964766\n|move|p2a: Manaphy|Take Heart|p2a: Manaphy\n|-boost|p2a: Manaphy|spa|1\n|-boost|p2a: Manaphy|spd|1\n|move|p1a: Magearna|Calm Mind|p1a: Magearna\n|-boost|p1a: Magearna|spa|1\n|-boost|p1a: Magearna|spd|1\n|\n|-heal|p2a: Manaphy|97\/100|[from] item: Leftovers\n|upkeep\n|turn|31\n|\n|t:|1698964768\n|move|p2a: Manaphy|Acid Armor|p2a: Manaphy\n|-boost|p2a: Manaphy|def|2\n|move|p1a: Magearna|Draining Kiss|p2a: Manaphy\n|-supereffective|p2a: Manaphy\n|-damage|p2a: Manaphy|60\/100\n|\n|-heal|p2a: Manaphy|66\/100|[from] item: Leftovers\n|upkeep\n|turn|32\n|\n|t:|1698964773\n|move|p2a: Manaphy|Stored Power|p1a: Magearna\n|-resisted|p1a: Magearna\n|-damage|p1a: Magearna|41\/100\n|move|p1a: Magearna|Draining Kiss|p2a: Manaphy\n|-supereffective|p2a: Manaphy\n|-damage|p2a: Manaphy|30\/100\n|-heal|p1a: Magearna|77\/100|[from] drain|[of] p2a: Manaphy\n|\n|-heal|p2a: Manaphy|36\/100|[from] item: Leftovers\n|-heal|p1a: Magearna|83\/100|[from] item: Leftovers\n|upkeep\n|turn|33\n|\n|t:|1698964778\n|move|p2a: Manaphy|Stored Power|p1a: Magearna\n|-resisted|p1a: Magearna\n|-crit|p1a: Magearna\n|-damage|p1a: Magearna|0 fnt\n|faint|p1a: Magearna\n|\n|-heal|p2a: Manaphy|42\/100|[from] item: Leftovers\n|upkeep\n|\n|t:|1698964790\n|switch|p1a: Roaring Moon|Roaring Moon|100\/100\n|-damage|p1a: Roaring Moon|88\/100|[from] Spikes\n|-enditem|p1a: Roaring Moon|Booster Energy\n|-activate|p1a: Roaring Moon|ability: Protosynthesis|[fromitem]\n|-start|p1a: Roaring Moon|protosynthesisatk\n|turn|34\n|\n|t:|1698964795\n|move|p1a: Roaring Moon|Knock Off|p2a: Manaphy\n|-damage|p2a: Manaphy|8\/100\n|-enditem|p2a: Manaphy|Leftovers|[from] move: Knock Off|[of] p1a: Roaring Moon\n|move|p2a: Manaphy|Scald|p1a: Roaring Moon\n|-resisted|p1a: Roaring Moon\n|-damage|p1a: Roaring Moon|15\/100\n|\n|upkeep\n|turn|35\n|\n|t:|1698964803\n|move|p1a: Roaring Moon|Knock Off|p2a: Manaphy\n|-damage|p2a: Manaphy|0 fnt\n|faint|p2a: Manaphy\n|\n|upkeep\n|\n|t:|1698964805\n|switch|p2a: Kingambit|Kingambit, F|100\/100\n|-activate|p2a: Kingambit|ability: Supreme Overlord\n|-start|p2a: Kingambit|fallen5|[silent]\n|turn|36\n|\n|t:|1698964821\n|move|p1a: Roaring Moon|Earthquake|p2a: Kingambit\n|-supereffective|p2a: Kingambit\n|-damage|p2a: Kingambit|15\/100\n|move|p2a: Kingambit|Swords Dance|p2a: Kingambit\n|-boost|p2a: Kingambit|atk|2\n|\n|upkeep\n|turn|37\n|\n|t:|1698964825\n|move|p2a: Kingambit|Sucker Punch||[still]\n|-fail|p2a: Kingambit\n|move|p1a: Roaring Moon|Dragon Dance|p1a: Roaring Moon\n|-boost|p1a: Roaring Moon|atk|1\n|-boost|p1a: Roaring Moon|spe|1\n|\n|upkeep\n|turn|38\n|\n|t:|1698964830\n|move|p1a: Roaring Moon|Dragon Dance|p1a: Roaring Moon\n|-boost|p1a: Roaring Moon|atk|1\n|-boost|p1a: Roaring Moon|spe|1\n|move|p2a: Kingambit|Kowtow Cleave|p1a: Roaring Moon\n|-resisted|p1a: Roaring Moon\n|-damage|p1a: Roaring Moon|0 fnt\n|faint|p1a: Roaring Moon\n|-end|p1a: Roaring Moon|Protosynthesis|[silent]\n|\n|upkeep\n|\n|t:|1698964835\n|switch|p1a: Walking Wake|Walking Wake|88\/100\n|-damage|p1a: Walking Wake|76\/100|[from] Spikes\n|turn|39\n|\n|t:|1698964842\n|-end|p1a: Walking Wake|Protosynthesis|[silent]\n|switch|p1a: Iron Moth|Iron Moth, shiny|100\/100\n|-damage|p1a: Iron Moth|88\/100|[from] Spikes\n|-enditem|p1a: Iron Moth|Booster Energy\n|-activate|p1a: Iron Moth|ability: Quark Drive|[fromitem]\n|-start|p1a: Iron Moth|quarkdrivespe\n|move|p2a: Kingambit|Sucker Punch||[still]\n|-fail|p2a: Kingambit\n|\n|upkeep\n|turn|40\n|\n|t:|1698964854\n|move|p2a: Kingambit|Sucker Punch|p1a: Iron Moth\n|-damage|p1a: Iron Moth|0 fnt\n|faint|p1a: Iron Moth\n|-end|p1a: Iron Moth|Quark Drive|[silent]\n|\n|upkeep\n|\n|t:|1698964856\n|switch|p1a: Walking Wake|Walking Wake|76\/100\n|-damage|p1a: Walking Wake|63\/100|[from] Spikes\n|turn|41\n|\n|t:|1698964858\n|move|p2a: Kingambit|Sucker Punch|p1a: Walking Wake\n|-damage|p1a: Walking Wake|0 fnt\n|faint|p1a: Walking Wake\n|-end|p1a: Walking Wake|Protosynthesis|[silent]\n|\n|win|Janis105\n|c| uubers account|zero still wins\n|l| uubers account\n|l|\u2606Albaz Brand\n|j| uubers account\n","uploadtime":1698964919,"views":36,"p1id":"albazbrand","p2id":"janis105","formatid":"gen9ubers","rating":0,"private":0,"password":""}