{"id":"gen9ubers-1974292970","p1":"Loilipop","p2":"SadaShidz\ufe0f","format":"[Gen 9] Ubers","log":"|j|\u2606Loilipop\n|j|\u2606SadaShidz\ufe0f\n|t:|1698075410\n|gametype|singles\n|player|p1|Loilipop|nate|1331\n|player|p2|SadaShidz\ufe0f|sada-ai|1405\n|teamsize|p1|6\n|teamsize|p2|6\n|gen|9\n|tier|[Gen 9] Ubers\n|rated|\n|rule|Sleep Clause Mod: Limit one foe put to sleep\n|rule|Species Clause: Limit one of each Pok\u00e9mon\n|rule|OHKO Clause: OHKO moves are banned\n|rule|Evasion Items Clause: Evasion items are banned\n|rule|Evasion Moves Clause: Evasion moves are banned\n|rule|Endless Battle Clause: Forcing endless battles is banned\n|rule|HP Percentage Mod: HP is shown in percentages\n|clearpoke\n|poke|p1|Grimmsnarl, M|\n|poke|p1|Iron Bundle|\n|poke|p1|Miraidon|\n|poke|p1|Ting-Lu|\n|poke|p1|Kyogre|\n|poke|p1|Koraidon|\n|poke|p2|Ribombee, F|\n|poke|p2|Arceus-Ghost|\n|poke|p2|Ogerpon-Hearthflame, F|\n|poke|p2|Sinistcha-Masterpiece|\n|poke|p2|Ursaluna-Bloodmoon, M|\n|poke|p2|Flutter Mane|\n|teampreview\n|inactive|Battle timer is ON: inactive players will automatically lose when time's up. (requested by Loilipop)\n|\n|t:|1698075431\n|start\n|switch|p1a: Iron Bundle|Iron Bundle|100\/100\n|switch|p2a: Mighty Bee|Ribombee, F, shiny|100\/100\n|turn|1\n|\n|t:|1698075441\n|move|p1a: Iron Bundle|Taunt|p2a: Mighty Bee\n|-start|p2a: Mighty Bee|move: Taunt\n|cant|p2a: Mighty Bee|move: Taunt|Sticky Web\n|\n|upkeep\n|turn|2\n|\n|t:|1698075463\n|switch|p2a: Yamz|Arceus-Ghost, shiny|100\/100\n|move|p1a: Iron Bundle|Ice Beam|p2a: Yamz\n|-damage|p2a: Yamz|70\/100\n|\n|upkeep\n|turn|3\n|\n|t:|1698075480\n|move|p1a: Iron Bundle|Taunt|p2a: Yamz\n|-start|p2a: Yamz|move: Taunt\n|move|p2a: Yamz|Judgment|p1a: Iron Bundle\n|-damage|p1a: Iron Bundle|2\/100\n|\n|upkeep\n|turn|4\n|\n|t:|1698075489\n|-end|p1a: Iron Bundle|Quark Drive|[silent]\n|switch|p1a: Grimmsnarl|Grimmsnarl, M|100\/100\n|move|p2a: Yamz|Judgment|p1a: Grimmsnarl\n|-resisted|p1a: Grimmsnarl\n|-damage|p1a: Grimmsnarl|82\/100\n|\n|upkeep\n|turn|5\n|\n|t:|1698075498\n|switch|p2a: Mighty Bee|Ribombee, F, shiny|100\/100\n|move|p1a: Grimmsnarl|Light Screen|p1a: Grimmsnarl\n|-sidestart|p1: Loilipop|move: Light Screen\n|\n|upkeep\n|turn|6\n|\n|t:|1698075507\n|move|p1a: Grimmsnarl|Parting Shot|p2a: Mighty Bee\n|-unboost|p2a: Mighty Bee|atk|1\n|-unboost|p2a: Mighty Bee|spa|1\n|\n|t:|1698075510\n|switch|p1a: Koraidon|Koraidon|100\/100|[from] Parting Shot\n|-weather|SunnyDay|[from] ability: Orichalcum Pulse|[of] p1a: Koraidon\n|-activate|p1a: Koraidon|Orichalcum Pulse|[source]\n|move|p2a: Mighty Bee|Sticky Web|p1a: Koraidon\n|-sidestart|p1: Loilipop|move: Sticky Web\n|\n|-weather|SunnyDay|[upkeep]\n|upkeep\n|turn|7\n|\n|t:|1698075519\n|move|p2a: Mighty Bee|Stun Spore|p1a: Koraidon\n|-status|p1a: Koraidon|par\n|cant|p1a: Koraidon|par\n|\n|-weather|SunnyDay|[upkeep]\n|upkeep\n|turn|8\n|\n|t:|1698075527\n|move|p2a: Mighty Bee|U-turn|p1a: Koraidon\n|-resisted|p1a: Koraidon\n|-damage|p1a: Koraidon|96\/100 par\n|\n|t:|1698075529\n|switch|p2a: Yamz|Arceus-Ghost, shiny|70\/100|[from] U-turn\n|cant|p1a: Koraidon|par\n|\n|-weather|SunnyDay|[upkeep]\n|upkeep\n|turn|9\n|\n|t:|1698075540\n|move|p2a: Yamz|Calm Mind|p2a: Yamz\n|-boost|p2a: Yamz|spa|1\n|-boost|p2a: Yamz|spd|1\n|move|p1a: Koraidon|Flame Charge|p2a: Yamz\n|-damage|p2a: Yamz|46\/100\n|-boost|p1a: Koraidon|spe|1\n|\n|-weather|SunnyDay|[upkeep]\n|upkeep\n|turn|10\n|\n|t:|1698075550\n|move|p2a: Yamz|Judgment|p1a: Koraidon\n|-damage|p1a: Koraidon|62\/100 par\n|move|p1a: Koraidon|Flame Charge|p2a: Yamz\n|-damage|p2a: Yamz|19\/100\n|-boost|p1a: Koraidon|spe|1\n|\n|-weather|SunnyDay|[upkeep]\n|upkeep\n|turn|11\n|\n|t:|1698075568\n|move|p2a: Yamz|Judgment|p1a: Koraidon\n|-damage|p1a: Koraidon|28\/100 par\n|cant|p1a: Koraidon|par\n|\n|-weather|SunnyDay|[upkeep]\n|upkeep\n|turn|12\n|\n|t:|1698075579\n|move|p2a: Yamz|Recover|p2a: Yamz\n|-heal|p2a: Yamz|69\/100\n|cant|p1a: Koraidon|par\n|\n|-weather|SunnyDay|[upkeep]\n|-sideend|p1: Loilipop|move: Light Screen\n|upkeep\n|turn|13\n|\n|t:|1698075592\n|move|p2a: Yamz|Judgment|p1a: Koraidon\n|-damage|p1a: Koraidon|0 fnt\n|faint|p1a: Koraidon\n|\n|-weather|none\n|upkeep\n|inactive|Loilipop has 120 seconds left.\n|inactive|Loilipop has 90 seconds left.\n|\n|t:|1698075646\n|switch|p1a: Grimmsnarl|Grimmsnarl, M|82\/100\n|-activate|p1a: Grimmsnarl|move: Sticky Web\n|-unboost|p1a: Grimmsnarl|spe|1\n|turn|14\n|inactive|Loilipop has 90 seconds left.\n|c|\u2606SadaShidz\ufe0f|?\n|inactive|Loilipop has 60 seconds left.\n|c|\u2606SadaShidz\ufe0f|Any day now\n|\n|t:|1698075706\n|switch|p2a: Fioni|Ogerpon-Hearthflame, F|100\/100\n|-ability|p2a: Fioni|Mold Breaker\n|move|p1a: Grimmsnarl|Light Screen|p1a: Grimmsnarl\n|-sidestart|p1: Loilipop|move: Light Screen\n|\n|upkeep\n|turn|15\n|\n|t:|1698075714\n|move|p1a: Grimmsnarl|Reflect|p1a: Grimmsnarl\n|-sidestart|p1: Loilipop|Reflect\n|move|p2a: Fioni|Swords Dance|p2a: Fioni\n|-boost|p2a: Fioni|atk|2\n|\n|upkeep\n|turn|16\n|inactive|Loilipop has 30 seconds left.\n|c|\u2606SadaShidz\ufe0f|Lol\n|inactive|Loilipop has 20 seconds left.\n|inactive|Loilipop has 15 seconds left.\n|c|\u2606SadaShidz\ufe0f|just forfeit atp\n|inactive|Loilipop has 10 seconds left.\n|inactive|Loilipop has 5 seconds left.\n|c|\u2606SadaShidz\ufe0f|Salty\n|-message|Loilipop lost due to inactivity.\n|\n|win|SadaShidz\ufe0f\n|raw|Loilipop's rating: 1331 &rarr; <strong>1315<\/strong><br \/>(-16 for losing)\n|raw|SadaShidz\ufe0f's rating: 1405 &rarr; <strong>1421<\/strong><br \/>(+16 for winning)\n","uploadtime":1698075783,"views":14,"p1id":"loilipop","p2id":"sadashidz","formatid":"gen9ubers","rating":1315,"private":0,"password":""}