{"id":"gen9ubers-1980222016","p1":"Karubee","p2":"flame king 888","format":"[Gen 9] Ubers","log":"|j|\u2606Karubee\n|j|\u2606flame king 888\n|t:|1698767449\n|gametype|singles\n|player|p1|Karubee|waitress|1324\n|player|p2|flame king 888|steven|1220\n|teamsize|p1|6\n|teamsize|p2|6\n|gen|9\n|tier|[Gen 9] Ubers\n|rated|\n|rule|Sleep Clause Mod: Limit one foe put to sleep\n|rule|Species Clause: Limit one of each Pok\u00e9mon\n|rule|OHKO Clause: OHKO moves are banned\n|rule|Evasion Items Clause: Evasion items are banned\n|rule|Evasion Moves Clause: Evasion moves are banned\n|rule|Endless Battle Clause: Forcing endless battles is banned\n|rule|HP Percentage Mod: HP is shown in percentages\n|clearpoke\n|poke|p1|Miraidon|\n|poke|p1|Koraidon|\n|poke|p1|Skeledirge, M|\n|poke|p1|Arceus|\n|poke|p1|Kyogre|\n|poke|p1|Basculegion, M|\n|poke|p2|Rayquaza|\n|poke|p2|Dialga-Origin|\n|poke|p2|Kyogre|\n|poke|p2|Miraidon|\n|poke|p2|Groudon|\n|poke|p2|Zacian-*|\n|teampreview\n|inactive|Battle timer is ON: inactive players will automatically lose when time's up. (requested by flame king 888)\n|\n|t:|1698767458\n|start\n|switch|p1a: Koraidon|Koraidon|100\/100\n|switch|p2a: Kyogre|Kyogre|100\/100\n|-weather|RainDance|[from] ability: Drizzle|[of] p2a: Kyogre\n|-weather|SunnyDay|[from] ability: Orichalcum Pulse|[of] p1a: Koraidon\n|-activate|p1a: Koraidon|Orichalcum Pulse|[source]\n|turn|1\n|\n|t:|1698767475\n|-terastallize|p1a: Koraidon|Steel\n|move|p2a: Kyogre|Ice Beam|p1a: Koraidon\n|-resisted|p1a: Koraidon\n|-damage|p1a: Koraidon|82\/100\n|move|p1a: Koraidon|Swords Dance|p1a: Koraidon\n|-boost|p1a: Koraidon|atk|2\n|\n|-weather|SunnyDay|[upkeep]\n|upkeep\n|turn|2\n|\n|t:|1698767499\n|switch|p2a: Miraidon|Miraidon|100\/100\n|-fieldstart|move: Electric Terrain|[from] ability: Hadron Engine|[of] p2a: Miraidon\n|move|p1a: Koraidon|Scale Shot|p2a: Miraidon\n|-supereffective|p2a: Miraidon\n|-damage|p2a: Miraidon|30\/100\n|-supereffective|p2a: Miraidon\n|-damage|p2a: Miraidon|0 fnt\n|faint|p2a: Miraidon\n|-hitcount|p2: Miraidon|2\n|-unboost|p1a: Koraidon|def|1\n|-boost|p1a: Koraidon|spe|1\n|\n|-weather|SunnyDay|[upkeep]\n|upkeep\n|inactive|flame king 888 has 120 seconds left.\n|\n|t:|1698767515\n|switch|p2a: Rayquaza|Rayquaza|100\/100\n|-ability|p2a: Rayquaza|Air Lock\n|turn|3\n|inactive|flame king 888 has 120 seconds left.\n|\n|t:|1698767525\n|-terastallize|p2a: Rayquaza|Steel\n|move|p1a: Koraidon|Scale Shot|p2a: Rayquaza\n|-resisted|p2a: Rayquaza\n|-damage|p2a: Rayquaza|86\/100\n|-resisted|p2a: Rayquaza\n|-damage|p2a: Rayquaza|71\/100\n|-resisted|p2a: Rayquaza\n|-damage|p2a: Rayquaza|58\/100\n|-resisted|p2a: Rayquaza\n|-damage|p2a: Rayquaza|44\/100\n|-enditem|p2a: Rayquaza|Sitrus Berry|[eat]\n|-heal|p2a: Rayquaza|69\/100|[from] item: Sitrus Berry\n|-resisted|p2a: Rayquaza\n|-damage|p2a: Rayquaza|53\/100\n|-hitcount|p2a: Rayquaza|5\n|-unboost|p1a: Koraidon|def|1\n|-boost|p1a: Koraidon|spe|1\n|move|p2a: Rayquaza|Earthquake|p1a: Koraidon\n|-supereffective|p1a: Koraidon\n|-damage|p1a: Koraidon|0 fnt\n|faint|p1a: Koraidon\n|\n|-weather|SunnyDay|[upkeep]\n|upkeep\n|\n|t:|1698767544\n|switch|p1a: Skeledirge|Skeledirge, M|100\/100\n|turn|4\n|inactive|flame king 888 has 120 seconds left.\n|\n|t:|1698767559\n|move|p2a: Rayquaza|Earthquake|p1a: Skeledirge\n|-supereffective|p1a: Skeledirge\n|-damage|p1a: Skeledirge|41\/100\n|move|p1a: Skeledirge|Will-O-Wisp|p2a: Rayquaza\n|-status|p2a: Rayquaza|brn\n|\n|-weather|SunnyDay|[upkeep]\n|-damage|p2a: Rayquaza|48\/100 brn|[from] brn\n|upkeep\n|turn|5\n|inactive|flame king 888 has 120 seconds left.\n|\n|t:|1698767576\n|move|p2a: Rayquaza|Earthquake|p1a: Skeledirge\n|-supereffective|p1a: Skeledirge\n|-damage|p1a: Skeledirge|8\/100\n|move|p1a: Skeledirge|Slack Off|p1a: Skeledirge\n|-heal|p1a: Skeledirge|58\/100\n|\n|-weather|none\n|-damage|p2a: Rayquaza|42\/100 brn|[from] brn\n|upkeep\n|turn|6\n|\n|t:|1698767587\n|switch|p2a: Kyogre|Kyogre|100\/100\n|-weather|RainDance|[from] ability: Drizzle|[of] p2a: Kyogre\n|move|p1a: Skeledirge|Slack Off|p1a: Skeledirge\n|-heal|p1a: Skeledirge|100\/100\n|\n|-weather|RainDance|[upkeep]\n|-fieldend|move: Electric Terrain\n|upkeep\n|turn|7\n|\n|t:|1698767597\n|move|p2a: Kyogre|Water Spout|p1a: Skeledirge\n|-supereffective|p1a: Skeledirge\n|-damage|p1a: Skeledirge|0 fnt\n|faint|p1a: Skeledirge\n|\n|-weather|RainDance|[upkeep]\n|upkeep\n|\n|t:|1698767601\n|switch|p1a: Miraidon|Miraidon|100\/100\n|-fieldstart|move: Electric Terrain|[from] ability: Hadron Engine|[of] p1a: Miraidon\n|turn|8\n|inactive|flame king 888 has 120 seconds left.\n|\n|t:|1698767613\n|switch|p2a: Rayquaza|Rayquaza, tera:Steel|42\/100 brn\n|-ability|p2a: Rayquaza|Air Lock\n|move|p1a: Miraidon|Electro Drift|p2a: Rayquaza\n|-damage|p2a: Rayquaza|0 fnt\n|faint|p2a: Rayquaza\n|\n|-weather|RainDance|[upkeep]\n|upkeep\n|inactive|flame king 888 has 120 seconds left.\n|\n|t:|1698767628\n|switch|p2a: Groudon|Groudon|100\/100\n|-weather|SunnyDay|[from] ability: Drought|[of] p2a: Groudon\n|turn|9\n|\n|t:|1698767636\n|move|p1a: Miraidon|Solar Beam||[still]\n|-prepare|p1a: Miraidon|Solar Beam\n|-anim|p1a: Miraidon|Solar Beam|p2a: Groudon\n|-supereffective|p2a: Groudon\n|-crit|p2a: Groudon\n|-damage|p2a: Groudon|0 fnt\n|faint|p2a: Groudon\n|\n|-weather|SunnyDay|[upkeep]\n|upkeep\n|\n|t:|1698767650\n|switch|p2a: Kyogre|Kyogre|100\/100\n|-weather|RainDance|[from] ability: Drizzle|[of] p2a: Kyogre\n|turn|10\n|\n|t:|1698767659\n|move|p2a: Kyogre|Water Spout|p1a: Miraidon\n|-resisted|p1a: Miraidon\n|-damage|p1a: Miraidon|42\/100\n|move|p1a: Miraidon|Electro Drift|p2a: Kyogre\n|-supereffective|p2a: Kyogre\n|-damage|p2a: Kyogre|0 fnt\n|faint|p2a: Kyogre\n|\n|-weather|RainDance|[upkeep]\n|upkeep\n|\n|t:|1698767671\n|switch|p2a: Zacian|Zacian-Crowned|100\/100\n|-ability|p2a: Zacian|Intrepid Sword|boost\n|-boost|p2a: Zacian|atk|1\n|turn|11\n|\n|t:|1698767678\n|move|p2a: Zacian|Trailblaze|p1a: Miraidon\n|-resisted|p1a: Miraidon\n|-damage|p1a: Miraidon|27\/100\n|-boost|p2a: Zacian|spe|1\n|move|p1a: Miraidon|Electro Drift|p2a: Zacian\n|-crit|p2a: Zacian\n|-damage|p2a: Zacian|0 fnt\n|faint|p2a: Zacian\n|\n|-weather|RainDance|[upkeep]\n|upkeep\n|\n|t:|1698767691\n|switch|p2a: Dialga|Dialga-Origin|100\/100\n|-ability|p2a: Dialga|Pressure\n|turn|12\n|\n|t:|1698767696\n|move|p1a: Miraidon|Draco Meteor|p2a: Dialga\n|-damage|p2a: Dialga|46\/100\n|-unboost|p1a: Miraidon|spa|2\n|move|p2a: Dialga|Dragon Pulse|p1a: Miraidon\n|-supereffective|p1a: Miraidon\n|-damage|p1a: Miraidon|0 fnt\n|faint|p1a: Miraidon\n|\n|-weather|RainDance|[upkeep]\n|-fieldend|move: Electric Terrain\n|upkeep\n|\n|t:|1698767700\n|switch|p1a: Arceus|Arceus|100\/100\n|turn|13\n|\n|t:|1698767710\n|move|p1a: Arceus|Swords Dance|p1a: Arceus\n|-boost|p1a: Arceus|atk|2\n|move|p2a: Dialga|Dragon Pulse|p1a: Arceus\n|-damage|p1a: Arceus|59\/100\n|\n|-weather|RainDance|[upkeep]\n|upkeep\n|turn|14\n|\n|t:|1698767719\n|move|p1a: Arceus|Brick Break|p2a: Dialga\n|-supereffective|p2a: Dialga\n|-damage|p2a: Dialga|0 fnt\n|faint|p2a: Dialga\n|-damage|p1a: Arceus|49\/100|[from] item: Life Orb\n|\n|win|Karubee\n|raw|Karubee's rating: 1324 &rarr; <strong>1338<\/strong><br \/>(+14 for winning)\n|raw|flame king 888's rating: 1220 &rarr; <strong>1202<\/strong><br \/>(-18 for losing)\n|l|\u2606flame king 888\n","uploadtime":1698767732,"views":8,"p1id":"karubee","p2id":"flameking888","formatid":"gen9ubers","rating":1202,"private":0,"password":""}