{"id":"gen9ubers-1989013897","p1":"Lialiabeast","p2":"Akritas","format":"[Gen 9] Ubers","log":"|j|\u2606Lialiabeast\n|j|\u2606Akritas\n|t:|1699802259\n|gametype|singles\n|player|p1|Lialiabeast|emmet-masters|\n|player|p2|Akritas|nate|\n|teamsize|p1|6\n|teamsize|p2|6\n|gen|9\n|tier|[Gen 9] Ubers\n|rule|Sleep Clause Mod: Limit one foe put to sleep\n|rule|Species Clause: Limit one of each Pok\u00e9mon\n|rule|OHKO Clause: OHKO moves are banned\n|rule|Evasion Items Clause: Evasion items are banned\n|rule|Evasion Moves Clause: Evasion moves are banned\n|rule|Endless Battle Clause: Forcing endless battles is banned\n|rule|HP Percentage Mod: HP is shown in percentages\n|clearpoke\n|poke|p1|Pelipper, F|\n|poke|p1|Greninja-*, M|\n|poke|p1|Clodsire, M|\n|poke|p1|Kingambit, F|\n|poke|p1|Zapdos|\n|poke|p1|Iron Valiant|\n|poke|p2|Torkoal, M|\n|poke|p2|Walking Wake|\n|poke|p2|Iron Moth|\n|poke|p2|Great Tusk|\n|poke|p2|Corviknight, M|\n|poke|p2|Scream Tail|\n|teampreview\n|inactive|Battle timer is ON: inactive players will automatically lose when time's up. (requested by Akritas)\n|inactive|Lialiabeast has 270 seconds left.\n|\n|t:|1699802310\n|start\n|switch|p1a: Pelipper|Pelipper, F|100\/100\n|switch|p2a: Torkoal|Torkoal, M|100\/100\n|-weather|RainDance|[from] ability: Drizzle|[of] p1a: Pelipper\n|-weather|SunnyDay|[from] ability: Drought|[of] p2a: Torkoal\n|turn|1\n|\n|t:|1699802325\n|move|p1a: Pelipper|Knock Off|p2a: Torkoal\n|-damage|p2a: Torkoal|93\/100\n|-enditem|p2a: Torkoal|Heat Rock|[from] move: Knock Off|[of] p1a: Pelipper\n|move|p2a: Torkoal|Stealth Rock|p1a: Pelipper\n|-sidestart|p1: Lialiabeast|move: Stealth Rock\n|\n|-weather|SunnyDay|[upkeep]\n|upkeep\n|turn|2\n|j| DimitrisNabby1\n|\n|t:|1699802342\n|move|p1a: Pelipper|Surf|p2a: Torkoal\n|-supereffective|p2a: Torkoal\n|-damage|p2a: Torkoal|53\/100\n|move|p2a: Torkoal|Lava Plume|p1a: Pelipper\n|-resisted|p1a: Pelipper\n|-damage|p1a: Pelipper|77\/100\n|\n|-weather|SunnyDay|[upkeep]\n|upkeep\n|turn|3\n|\n|t:|1699802352\n|switch|p2a: Walking Wake|Walking Wake|100\/100\n|-activate|p2a: Walking Wake|ability: Protosynthesis\n|-start|p2a: Walking Wake|protosynthesisspe\n|move|p1a: Pelipper|U-turn|p2a: Walking Wake\n|-damage|p2a: Walking Wake|90\/100\n|\n|t:|1699802356\n|switch|p1a: Clodsire|Clodsire, M|100\/100|[from] U-turn\n|\n|-weather|SunnyDay|[upkeep]\n|upkeep\n|turn|4\n|\n|t:|1699802364\n|move|p2a: Walking Wake|Draco Meteor|p1a: Clodsire|[miss]\n|-miss|p2a: Walking Wake|p1a: Clodsire\n|move|p1a: Clodsire|Stealth Rock|p2a: Walking Wake\n|-sidestart|p2: Akritas|move: Stealth Rock\n|\n|-weather|SunnyDay|[upkeep]\n|upkeep\n|turn|5\n|\n|t:|1699802372\n|-end|p2a: Walking Wake|Protosynthesis|[silent]\n|switch|p2a: Great Tusk|Great Tusk|100\/100\n|-damage|p2a: Great Tusk|98\/100|[from] Stealth Rock\n|-activate|p2a: Great Tusk|ability: Protosynthesis\n|-start|p2a: Great Tusk|protosynthesisatk\n|move|p1a: Clodsire|Recover||[still]\n|-fail|p1a: Clodsire|heal\n|\n|-weather|SunnyDay|[upkeep]\n|upkeep\n|turn|6\n|\n|t:|1699802385\n|switch|p1a: Zapdos|Zapdos|100\/100\n|move|p2a: Great Tusk|Knock Off|p1a: Zapdos\n|-damage|p1a: Zapdos|28\/100\n|-enditem|p1a: Zapdos|Heavy-Duty Boots|[from] move: Knock Off|[of] p2a: Great Tusk\n|\n|-weather|SunnyDay|[upkeep]\n|upkeep\n|turn|7\n|\n|t:|1699802394\n|move|p1a: Zapdos|Roost|p1a: Zapdos\n|-heal|p1a: Zapdos|78\/100\n|-singleturn|p1a: Zapdos|move: Roost\n|move|p2a: Great Tusk|Knock Off|p1a: Zapdos\n|-damage|p1a: Zapdos|25\/100\n|\n|-weather|SunnyDay|[upkeep]\n|upkeep\n|turn|8\n|\n|t:|1699802412\n|-end|p2a: Great Tusk|Protosynthesis|[silent]\n|switch|p2a: Walking Wake|Walking Wake|90\/100\n|-damage|p2a: Walking Wake|78\/100|[from] Stealth Rock\n|-activate|p2a: Walking Wake|ability: Protosynthesis\n|-start|p2a: Walking Wake|protosynthesisspe\n|move|p1a: Zapdos|Hurricane|p2a: Walking Wake\n|-damage|p2a: Walking Wake|9\/100\n|-start|p2a: Walking Wake|confusion\n|\n|-weather|none\n|-end|p2a: Walking Wake|Protosynthesis\n|upkeep\n|turn|9\n|\n|t:|1699802419\n|-activate|p2a: Walking Wake|confusion\n|move|p2a: Walking Wake|Draco Meteor|p1a: Zapdos|[miss]\n|-miss|p2a: Walking Wake|p1a: Zapdos\n|move|p1a: Zapdos|Roost|p1a: Zapdos\n|-heal|p1a: Zapdos|75\/100\n|-singleturn|p1a: Zapdos|move: Roost\n|\n|upkeep\n|turn|10\n|c|\u2606Lialiabeast|mb\n|\n|t:|1699802425\n|switch|p1a: Clodsire|Clodsire, M|100\/100\n|-activate|p2a: Walking Wake|confusion\n|move|p2a: Walking Wake|Draco Meteor|p1a: Clodsire\n|-damage|p1a: Clodsire|49\/100\n|-unboost|p2a: Walking Wake|spa|2\n|\n|upkeep\n|turn|11\n|\n|t:|1699802444\n|-end|p2a: Walking Wake|Protosynthesis|[silent]\n|switch|p2a: Corviknight|Corviknight, M|100\/100\n|-damage|p2a: Corviknight|88\/100|[from] Stealth Rock\n|-ability|p2a: Corviknight|Pressure\n|move|p1a: Clodsire|Recover|p1a: Clodsire\n|-heal|p1a: Clodsire|99\/100\n|\n|upkeep\n|turn|12\n|\n|t:|1699802450\n|switch|p1a: Zapdos|Zapdos|75\/100\n|-damage|p1a: Zapdos|50\/100|[from] Stealth Rock\n|move|p2a: Corviknight|U-turn|p1a: Zapdos\n|-resisted|p1a: Zapdos\n|-damage|p1a: Zapdos|42\/100\n|\n|t:|1699802458\n|switch|p2a: Torkoal|Torkoal, M|53\/100|[from] U-turn\n|-damage|p2a: Torkoal|28\/100|[from] Stealth Rock\n|-weather|SunnyDay|[from] ability: Drought|[of] p2a: Torkoal\n|\n|-weather|SunnyDay|[upkeep]\n|upkeep\n|turn|13\n|inactive|Akritas has 270 seconds left.\n|\n|t:|1699802490\n|switch|p2a: Great Tusk|Great Tusk|98\/100\n|-damage|p2a: Great Tusk|95\/100|[from] Stealth Rock\n|-activate|p2a: Great Tusk|ability: Protosynthesis\n|-start|p2a: Great Tusk|protosynthesisatk\n|move|p1a: Zapdos|Roost|p1a: Zapdos\n|-heal|p1a: Zapdos|92\/100\n|-singleturn|p1a: Zapdos|move: Roost\n|\n|-weather|SunnyDay|[upkeep]\n|upkeep\n|turn|14\n|\n|t:|1699802496\n|move|p1a: Zapdos|Hurricane|p2a: Great Tusk|[miss]\n|-miss|p1a: Zapdos|p2a: Great Tusk\n|move|p2a: Great Tusk|Ice Spinner|p1a: Zapdos\n|-supereffective|p1a: Zapdos\n|-damage|p1a: Zapdos|0 fnt\n|faint|p1a: Zapdos\n|\n|-weather|SunnyDay|[upkeep]\n|upkeep\n|\n|t:|1699802501\n|switch|p1a: Pelipper|Pelipper, F|77\/100\n|-damage|p1a: Pelipper|52\/100|[from] Stealth Rock\n|-weather|RainDance|[from] ability: Drizzle|[of] p1a: Pelipper\n|-end|p2a: Great Tusk|Protosynthesis\n|turn|15\n|\n|t:|1699802512\n|-end|p2a: Great Tusk|Protosynthesis|[silent]\n|switch|p2a: Torkoal|Torkoal, M|28\/100\n|-damage|p2a: Torkoal|3\/100|[from] Stealth Rock\n|-weather|SunnyDay|[from] ability: Drought|[of] p2a: Torkoal\n|move|p1a: Pelipper|Roost|p1a: Pelipper\n|-heal|p1a: Pelipper|100\/100\n|-singleturn|p1a: Pelipper|move: Roost\n|\n|-weather|SunnyDay|[upkeep]\n|upkeep\n|turn|16\n|\n|t:|1699802522\n|switch|p2a: Corviknight|Corviknight, M|88\/100\n|-damage|p2a: Corviknight|76\/100|[from] Stealth Rock\n|-ability|p2a: Corviknight|Pressure\n|move|p1a: Pelipper|Knock Off|p2a: Corviknight\n|-damage|p2a: Corviknight|68\/100\n|-damage|p1a: Pelipper|84\/100|[from] item: Rocky Helmet|[of] p2a: Corviknight\n|-enditem|p2a: Corviknight|Rocky Helmet|[from] move: Knock Off|[of] p1a: Pelipper\n|\n|-weather|SunnyDay|[upkeep]\n|upkeep\n|turn|17\n|\n|t:|1699802528\n|move|p2a: Corviknight|Defog|p1a: Pelipper\n|-unboost|p1a: Pelipper|evasion|1\n|-sideend|p1: Lialiabeast|Stealth Rock|[from] move: Defog|[of] p2a: Corviknight\n|-sideend|p2: Akritas|Stealth Rock|[from] move: Defog|[of] p2a: Corviknight\n|move|p1a: Pelipper|Surf|p2a: Corviknight\n|-damage|p2a: Corviknight|55\/100\n|\n|-weather|SunnyDay|[upkeep]\n|upkeep\n|turn|18\n|\n|t:|1699802534\n|move|p2a: Corviknight|U-turn|p1a: Pelipper\n|-resisted|p1a: Pelipper\n|-damage|p1a: Pelipper|79\/100\n|\n|t:|1699802541\n|switch|p2a: Scream Tail|Scream Tail|100\/100|[from] U-turn\n|-activate|p2a: Scream Tail|ability: Protosynthesis\n|-start|p2a: Scream Tail|protosynthesisspd\n|move|p1a: Pelipper|U-turn|p2a: Scream Tail\n|-damage|p2a: Scream Tail|94\/100\n|\n|t:|1699802545\n|switch|p1a: Clodsire|Clodsire, M|99\/100|[from] U-turn\n|\n|-weather|SunnyDay|[upkeep]\n|-heal|p2a: Scream Tail|99\/100|[from] item: Leftovers\n|upkeep\n|turn|19\n|\n|t:|1699802550\n|move|p2a: Scream Tail|Wish|p2a: Scream Tail\n|move|p1a: Clodsire|Stealth Rock|p2a: Scream Tail\n|-sidestart|p2: Akritas|move: Stealth Rock\n|\n|-weather|none\n|-end|p2a: Scream Tail|Protosynthesis\n|-heal|p2a: Scream Tail|100\/100|[from] item: Leftovers\n|upkeep\n|turn|20\n|\n|t:|1699802557\n|-end|p2a: Scream Tail|Protosynthesis|[silent]\n|switch|p2a: Corviknight|Corviknight, M|55\/100\n|-damage|p2a: Corviknight|43\/100|[from] Stealth Rock\n|-ability|p2a: Corviknight|Pressure\n|switch|p1a: Pelipper|Pelipper, F|79\/100\n|-weather|RainDance|[from] ability: Drizzle|[of] p1a: Pelipper\n|\n|-weather|RainDance|[upkeep]\n|-heal|p2a: Corviknight|97\/100|[from] move: Wish|[wisher] Scream Tail\n|upkeep\n|turn|21\n|\n|t:|1699802568\n|move|p2a: Corviknight|Defog|p1a: Pelipper\n|-unboost|p1a: Pelipper|evasion|1\n|-sideend|p2: Akritas|Stealth Rock|[from] move: Defog|[of] p2a: Corviknight\n|move|p1a: Pelipper|Surf|p2a: Corviknight\n|-damage|p2a: Corviknight|53\/100\n|\n|-weather|RainDance|[upkeep]\n|upkeep\n|turn|22\n|\n|t:|1699802573\n|move|p2a: Corviknight|Roost|p2a: Corviknight\n|-heal|p2a: Corviknight|100\/100\n|-singleturn|p2a: Corviknight|move: Roost\n|move|p1a: Pelipper|U-turn|p2a: Corviknight\n|-resisted|p2a: Corviknight\n|-damage|p2a: Corviknight|97\/100\n|\n|t:|1699802578\n|switch|p1a: Greninja|Greninja, M|100\/100|[from] U-turn\n|\n|-weather|RainDance|[upkeep]\n|upkeep\n|turn|23\n|\n|t:|1699802594\n|switch|p2a: Iron Moth|Iron Moth|100\/100\n|-enditem|p2a: Iron Moth|Booster Energy\n|-activate|p2a: Iron Moth|ability: Quark Drive|[fromitem]\n|-start|p2a: Iron Moth|quarkdrivespe\n|move|p1a: Greninja|Hydro Pump|p2a: Iron Moth|[miss]\n|-miss|p1a: Greninja|p2a: Iron Moth\n|\n|-weather|RainDance|[upkeep]\n|upkeep\n|turn|24\n|\n|t:|1699802601\n|-terastallize|p2a: Iron Moth|Fairy\n|move|p1a: Greninja|Water Shuriken|p2a: Iron Moth\n|-damage|p2a: Iron Moth|85\/100\n|-damage|p2a: Iron Moth|68\/100\n|-hitcount|p2a: Iron Moth|2\n|-damage|p1a: Greninja|91\/100|[from] item: Life Orb\n|move|p2a: Iron Moth|Dazzling Gleam|p1a: Greninja\n|-supereffective|p1a: Greninja\n|-damage|p1a: Greninja|0 fnt\n|faint|p1a: Greninja\n|\n|-weather|RainDance|[upkeep]\n|upkeep\n|\n|t:|1699802610\n|switch|p1a: Clodsire|Clodsire, M|99\/100\n|turn|25\n|\n|t:|1699802620\n|move|p2a: Iron Moth|Fiery Dance|p1a: Clodsire\n|-damage|p1a: Clodsire|89\/100\n|move|p1a: Clodsire|Stealth Rock|p2a: Iron Moth\n|-sidestart|p2: Akritas|move: Stealth Rock\n|\n|-weather|RainDance|[upkeep]\n|upkeep\n|turn|26\n|\n|t:|1699802628\n|move|p2a: Iron Moth|Fiery Dance|p1a: Clodsire\n|-damage|p1a: Clodsire|79\/100\n|move|p1a: Clodsire|Earthquake|p2a: Iron Moth\n|-damage|p2a: Iron Moth|31\/100\n|\n|-weather|RainDance|[upkeep]\n|upkeep\n|turn|27\n|\n|t:|1699802642\n|-end|p2a: Iron Moth|Quark Drive|[silent]\n|switch|p2a: Corviknight|Corviknight, M|97\/100\n|-damage|p2a: Corviknight|85\/100|[from] Stealth Rock\n|-ability|p2a: Corviknight|Pressure\n|move|p1a: Clodsire|Earthquake|p2a: Corviknight\n|-immune|p2a: Corviknight\n|\n|-weather|none\n|upkeep\n|turn|28\n|\n|t:|1699802645\n|switch|p1a: Pelipper|Pelipper, F|79\/100\n|-weather|RainDance|[from] ability: Drizzle|[of] p1a: Pelipper\n|move|p2a: Corviknight|Defog|p1a: Pelipper\n|-unboost|p1a: Pelipper|evasion|1\n|-sideend|p2: Akritas|Stealth Rock|[from] move: Defog|[of] p2a: Corviknight\n|\n|-weather|RainDance|[upkeep]\n|upkeep\n|turn|29\n|\n|t:|1699802650\n|move|p2a: Corviknight|Roost|p2a: Corviknight\n|-heal|p2a: Corviknight|100\/100\n|-singleturn|p2a: Corviknight|move: Roost\n|move|p1a: Pelipper|Surf|p2a: Corviknight\n|-damage|p2a: Corviknight|58\/100\n|\n|-weather|RainDance|[upkeep]\n|upkeep\n|turn|30\n|\n|t:|1699802657\n|move|p2a: Corviknight|Roost|p2a: Corviknight\n|-heal|p2a: Corviknight|100\/100\n|-singleturn|p2a: Corviknight|move: Roost\n|move|p1a: Pelipper|U-turn|p2a: Corviknight\n|-resisted|p2a: Corviknight\n|-crit|p2a: Corviknight\n|-damage|p2a: Corviknight|96\/100\n|\n|t:|1699802663\n|switch|p1a: Clodsire|Clodsire, M|79\/100|[from] U-turn\n|\n|-weather|RainDance|[upkeep]\n|upkeep\n|turn|31\n|\n|t:|1699802670\n|move|p2a: Corviknight|U-turn|p1a: Clodsire\n|-resisted|p1a: Clodsire\n|-damage|p1a: Clodsire|71\/100\n|\n|t:|1699802673\n|switch|p2a: Torkoal|Torkoal, M|3\/100|[from] U-turn\n|-weather|SunnyDay|[from] ability: Drought|[of] p2a: Torkoal\n|move|p1a: Clodsire|Stealth Rock|p2a: Torkoal\n|-sidestart|p2: Akritas|move: Stealth Rock\n|\n|-weather|SunnyDay|[upkeep]\n|upkeep\n|turn|32\n|\n|t:|1699802685\n|switch|p2a: Great Tusk|Great Tusk|95\/100\n|-damage|p2a: Great Tusk|92\/100|[from] Stealth Rock\n|-activate|p2a: Great Tusk|ability: Protosynthesis\n|-start|p2a: Great Tusk|protosynthesisatk\n|switch|p1a: Iron Valiant|Iron Valiant|100\/100\n|-enditem|p1a: Iron Valiant|Booster Energy\n|-activate|p1a: Iron Valiant|ability: Quark Drive|[fromitem]\n|-start|p1a: Iron Valiant|quarkdrivespe\n|\n|-weather|SunnyDay|[upkeep]\n|upkeep\n|turn|33\n|\n|t:|1699802692\n|-end|p2a: Great Tusk|Protosynthesis|[silent]\n|switch|p2a: Scream Tail|Scream Tail|100\/100\n|-damage|p2a: Scream Tail|88\/100|[from] Stealth Rock\n|-activate|p2a: Scream Tail|ability: Protosynthesis\n|-start|p2a: Scream Tail|protosynthesisspd\n|move|p1a: Iron Valiant|Moonblast|p2a: Scream Tail\n|-damage|p2a: Scream Tail|64\/100\n|-unboost|p2a: Scream Tail|spa|1\n|\n|-weather|SunnyDay|[upkeep]\n|-heal|p2a: Scream Tail|70\/100|[from] item: Leftovers\n|upkeep\n|turn|34\n|\n|t:|1699802696\n|move|p1a: Iron Valiant|Substitute|p1a: Iron Valiant\n|-start|p1a: Iron Valiant|Substitute\n|-damage|p1a: Iron Valiant|76\/100\n|move|p2a: Scream Tail|Wish|p2a: Scream Tail\n|\n|-weather|SunnyDay|[upkeep]\n|-heal|p2a: Scream Tail|76\/100|[from] item: Leftovers\n|upkeep\n|turn|35\n|\n|t:|1699802702\n|-terastallize|p1a: Iron Valiant|Ghost\n|move|p1a: Iron Valiant|Calm Mind|p1a: Iron Valiant\n|-boost|p1a: Iron Valiant|spa|1\n|-boost|p1a: Iron Valiant|spd|1\n|move|p2a: Scream Tail|Encore|p1a: Iron Valiant\n|-start|p1a: Iron Valiant|Encore\n|\n|-weather|none\n|-end|p2a: Scream Tail|Protosynthesis\n|-heal|p2a: Scream Tail|100\/100|[from] move: Wish|[wisher] Scream Tail\n|upkeep\n|turn|36\n|\n|t:|1699802707\n|move|p1a: Iron Valiant|Calm Mind|p1a: Iron Valiant\n|-boost|p1a: Iron Valiant|spa|1\n|-boost|p1a: Iron Valiant|spd|1\n|move|p2a: Scream Tail|Dazzling Gleam|p1a: Iron Valiant\n|-activate|p1a: Iron Valiant|move: Substitute|[damage]\n|\n|upkeep\n|turn|37\n|\n|t:|1699802732\n|move|p1a: Iron Valiant|Calm Mind|p1a: Iron Valiant\n|-boost|p1a: Iron Valiant|spa|1\n|-boost|p1a: Iron Valiant|spd|1\n|move|p2a: Scream Tail|Encore||[still]\n|-fail|p2a: Scream Tail\n|\n|upkeep\n|turn|38\n|\n|t:|1699802742\n|move|p1a: Iron Valiant|Calm Mind|p1a: Iron Valiant\n|-boost|p1a: Iron Valiant|spa|1\n|-boost|p1a: Iron Valiant|spd|1\n|move|p2a: Scream Tail|Encore||[still]\n|-fail|p2a: Scream Tail\n|\n|-end|p1a: Iron Valiant|Encore\n|upkeep\n|turn|39\n|\n|t:|1699802754\n|move|p1a: Iron Valiant|Moonblast|p2a: Scream Tail\n|-damage|p2a: Scream Tail|17\/100\n|move|p2a: Scream Tail|Dazzling Gleam|p1a: Iron Valiant\n|-activate|p1a: Iron Valiant|move: Substitute|[damage]\n|\n|-heal|p2a: Scream Tail|23\/100|[from] item: Leftovers\n|upkeep\n|turn|40\n|\n|t:|1699802764\n|move|p1a: Iron Valiant|Moonblast|p2a: Scream Tail\n|-damage|p2a: Scream Tail|0 fnt\n|faint|p2a: Scream Tail\n|-end|p2a: Scream Tail|Protosynthesis|[silent]\n|\n|upkeep\n|\n|t:|1699802769\n|switch|p2a: Corviknight|Corviknight, M|96\/100\n|-damage|p2a: Corviknight|84\/100|[from] Stealth Rock\n|-ability|p2a: Corviknight|Pressure\n|turn|41\n|\n|t:|1699802774\n|move|p1a: Iron Valiant|Shadow Ball|p2a: Corviknight\n|-damage|p2a: Corviknight|0 fnt\n|faint|p2a: Corviknight\n|\n|upkeep\n|\n|t:|1699802781\n|switch|p2a: Great Tusk|Great Tusk|92\/100\n|-damage|p2a: Great Tusk|89\/100|[from] Stealth Rock\n|turn|42\n|\n|t:|1699802785\n|move|p1a: Iron Valiant|Moonblast|p2a: Great Tusk\n|-supereffective|p2a: Great Tusk\n|-damage|p2a: Great Tusk|0 fnt\n|faint|p2a: Great Tusk\n|-end|p2a: Great Tusk|Protosynthesis|[silent]\n|\n|upkeep\n|\n|t:|1699802788\n|switch|p2a: Torkoal|Torkoal, M|3\/100\n|-damage|p2a: Torkoal|0 fnt|[from] Stealth Rock\n|faint|p2a: Torkoal\n|c|\u2606Akritas|GG\n|c|\u2606Lialiabeast|gg\n|-message|Akritas forfeited.\n|\n|win|Lialiabeast\n|l|\u2606Akritas\n|l| DimitrisNabby1\n","uploadtime":1699803557,"views":12,"p1id":"lialiabeast","p2id":"akritas","formatid":"gen9ubers","rating":0,"private":0,"password":""}