{"id":"gen9ubers-1989452372","p1":"ArsenalFC0304","p2":"Tarheel Tacticians","format":"[Gen 9] Ubers","log":"|j|\u2606ArsenalFC0304\n|j|\u2606Tarheel Tacticians\n|t:|1699852629\n|gametype|singles\n|player|p1|ArsenalFC0304|102|\n|player|p2|Tarheel Tacticians|2|\n|teamsize|p1|6\n|teamsize|p2|6\n|gen|9\n|tier|[Gen 9] Ubers\n|rule|Sleep Clause Mod: Limit one foe put to sleep\n|rule|Species Clause: Limit one of each Pok\u00e9mon\n|rule|OHKO Clause: OHKO moves are banned\n|rule|Evasion Items Clause: Evasion items are banned\n|rule|Evasion Moves Clause: Evasion moves are banned\n|rule|Endless Battle Clause: Forcing endless battles is banned\n|rule|HP Percentage Mod: HP is shown in percentages\n|clearpoke\n|poke|p1|Volcarona, F|\n|poke|p1|Garganacl, F|\n|poke|p1|Regieleki|\n|poke|p1|Pelipper, F|\n|poke|p1|Basculegion, M|\n|poke|p1|Brute Bonnet|\n|poke|p2|Samurott-Hisui, M|\n|poke|p2|Gholdengo|\n|poke|p2|Goodra-Hisui, F|\n|poke|p2|Thundurus, M|\n|poke|p2|Skeledirge, M|\n|poke|p2|Toedscruel, M|\n|teampreview\n|\n|t:|1699852668\n|start\n|switch|p1a: Garganacl|Garganacl, F, shiny|100\/100\n|switch|p2a: Goodra|Goodra-Hisui, F|100\/100\n|turn|1\n|\n|t:|1699852677\n|move|p2a: Goodra|Earthquake|p1a: Garganacl\n|-supereffective|p1a: Garganacl\n|-damage|p1a: Garganacl|70\/100\n|move|p1a: Garganacl|Salt Cure|p2a: Goodra\n|-resisted|p2a: Goodra\n|-damage|p2a: Goodra|94\/100\n|-start|p2a: Goodra|Salt Cure\n|\n|-heal|p1a: Garganacl|76\/100|[from] item: Leftovers\n|-damage|p2a: Goodra|69\/100|[from] Salt Cure\n|upkeep\n|turn|2\n|j| Trossly\n|\n|t:|1699852706\n|move|p2a: Goodra|Ice Beam|p1a: Garganacl\n|-damage|p1a: Garganacl|58\/100\n|move|p1a: Garganacl|Iron Defense|p1a: Garganacl\n|-boost|p1a: Garganacl|def|2\n|\n|-heal|p1a: Garganacl|64\/100|[from] item: Leftovers\n|-damage|p2a: Goodra|44\/100|[from] Salt Cure\n|upkeep\n|turn|3\n|\n|t:|1699852716\n|move|p2a: Goodra|Earthquake|p1a: Garganacl\n|-supereffective|p1a: Garganacl\n|-damage|p1a: Garganacl|49\/100\n|move|p1a: Garganacl|Iron Defense|p1a: Garganacl\n|-boost|p1a: Garganacl|def|2\n|\n|-heal|p1a: Garganacl|55\/100|[from] item: Leftovers\n|-damage|p2a: Goodra|19\/100|[from] Salt Cure\n|upkeep\n|turn|4\n|\n|t:|1699852726\n|move|p2a: Goodra|Earthquake|p1a: Garganacl\n|-supereffective|p1a: Garganacl\n|-damage|p1a: Garganacl|44\/100\n|move|p1a: Garganacl|Iron Defense|p1a: Garganacl\n|-boost|p1a: Garganacl|def|2\n|\n|-heal|p1a: Garganacl|50\/100|[from] item: Leftovers\n|-damage|p2a: Goodra|0 fnt|[from] Salt Cure\n|faint|p2a: Goodra\n|upkeep\n|\n|t:|1699852741\n|switch|p2a: Toedscruel|Toedscruel, M|100\/100\n|turn|5\n|\n|t:|1699852766\n|-terastallize|p1a: Garganacl|Fairy\n|move|p1a: Garganacl|Recover|p1a: Garganacl\n|-heal|p1a: Garganacl|100\/100\n|move|p2a: Toedscruel|Spore|p1a: Garganacl\n|-status|p1a: Garganacl|slp|[from] move: Spore\n|\n|upkeep\n|turn|6\n|\n|t:|1699852788\n|move|p2a: Toedscruel|Knock Off|p1a: Garganacl\n|-resisted|p1a: Garganacl\n|-damage|p1a: Garganacl|99\/100 slp\n|-enditem|p1a: Garganacl|Leftovers|[from] move: Knock Off|[of] p2a: Toedscruel\n|cant|p1a: Garganacl|slp\n|\n|upkeep\n|turn|7\n|\n|t:|1699852795\n|cant|p1a: Garganacl|slp\n|move|p2a: Toedscruel|Leech Seed|p1a: Garganacl\n|-start|p1a: Garganacl|move: Leech Seed\n|\n|-damage|p1a: Garganacl|87\/100 slp|[from] Leech Seed|[of] p2a: Toedscruel\n|upkeep\n|turn|8\n|\n|t:|1699852802\n|move|p2a: Toedscruel|Giga Drain|p1a: Garganacl\n|-damage|p1a: Garganacl|73\/100 slp\n|-curestatus|p1a: Garganacl|slp|[msg]\n|move|p1a: Garganacl|Salt Cure|p2a: Toedscruel\n|-resisted|p2a: Toedscruel\n|-damage|p2a: Toedscruel|94\/100\n|-start|p2a: Toedscruel|Salt Cure\n|\n|-heal|p2a: Toedscruel|99\/100|[from] item: Leftovers\n|-damage|p1a: Garganacl|60\/100|[from] Leech Seed|[of] p2a: Toedscruel\n|-heal|p2a: Toedscruel|100\/100|[silent]\n|-damage|p2a: Toedscruel|88\/100|[from] Salt Cure\n|upkeep\n|turn|9\n|j| KoziolKombat\n|\n|t:|1699852819\n|move|p1a: Garganacl|Body Press|p2a: Toedscruel\n|-damage|p2a: Toedscruel|6\/100\n|move|p2a: Toedscruel|Spore|p1a: Garganacl\n|-status|p1a: Garganacl|slp|[from] move: Spore\n|\n|-heal|p2a: Toedscruel|12\/100|[from] item: Leftovers\n|-damage|p1a: Garganacl|48\/100 slp|[from] Leech Seed|[of] p2a: Toedscruel\n|-heal|p2a: Toedscruel|26\/100|[silent]\n|-damage|p2a: Toedscruel|14\/100|[from] Salt Cure\n|upkeep\n|turn|10\n|c| Trossly|BK IS A NERD\n|\n|t:|1699852840\n|move|p2a: Toedscruel|Giga Drain|p1a: Garganacl\n|-damage|p1a: Garganacl|35\/100 slp\n|-heal|p2a: Toedscruel|21\/100|[from] drain|[of] p1a: Garganacl\n|cant|p1a: Garganacl|slp\n|\n|-heal|p2a: Toedscruel|27\/100|[from] item: Leftovers\n|-damage|p1a: Garganacl|23\/100 slp|[from] Leech Seed|[of] p2a: Toedscruel\n|-heal|p2a: Toedscruel|41\/100|[silent]\n|-damage|p2a: Toedscruel|28\/100|[from] Salt Cure\n|upkeep\n|turn|11\n|\n|t:|1699852850\n|move|p2a: Toedscruel|Giga Drain|p1a: Garganacl\n|-damage|p1a: Garganacl|8\/100 slp\n|-heal|p2a: Toedscruel|36\/100|[from] drain|[of] p1a: Garganacl\n|cant|p1a: Garganacl|slp\n|\n|-heal|p2a: Toedscruel|42\/100|[from] item: Leftovers\n|-damage|p1a: Garganacl|0 fnt|[from] Leech Seed|[of] p2a: Toedscruel\n|-heal|p2a: Toedscruel|51\/100|[silent]\n|faint|p1a: Garganacl\n|-damage|p2a: Toedscruel|38\/100|[from] Salt Cure\n|upkeep\n|\n|t:|1699852860\n|switch|p1a: Volcarona|Volcarona, F, shiny|100\/100\n|turn|12\n|\n|t:|1699852877\n|move|p1a: Volcarona|Quiver Dance|p1a: Volcarona\n|-boost|p1a: Volcarona|spa|1\n|-boost|p1a: Volcarona|spd|1\n|-boost|p1a: Volcarona|spe|1\n|move|p2a: Toedscruel|Knock Off|p1a: Volcarona\n|-damage|p1a: Volcarona|86\/100\n|-status|p2a: Toedscruel|brn|[from] ability: Flame Body|[of] p1a: Volcarona\n|-enditem|p1a: Volcarona|Heavy-Duty Boots|[from] move: Knock Off|[of] p2a: Toedscruel\n|\n|-heal|p2a: Toedscruel|44\/100 brn|[from] item: Leftovers\n|-damage|p2a: Toedscruel|38\/100 brn|[from] brn\n|-damage|p2a: Toedscruel|26\/100 brn|[from] Salt Cure\n|upkeep\n|turn|13\n|\n|t:|1699852890\n|move|p1a: Volcarona|Quiver Dance|p1a: Volcarona\n|-boost|p1a: Volcarona|spa|1\n|-boost|p1a: Volcarona|spd|1\n|-boost|p1a: Volcarona|spe|1\n|move|p2a: Toedscruel|Leech Seed|p1a: Volcarona|[miss]\n|-miss|p2a: Toedscruel|p1a: Volcarona\n|\n|-heal|p2a: Toedscruel|32\/100 brn|[from] item: Leftovers\n|-damage|p2a: Toedscruel|26\/100 brn|[from] brn\n|-damage|p2a: Toedscruel|14\/100 brn|[from] Salt Cure\n|upkeep\n|turn|14\n|\n|t:|1699852901\n|move|p1a: Volcarona|Quiver Dance|p1a: Volcarona\n|-boost|p1a: Volcarona|spa|1\n|-boost|p1a: Volcarona|spd|1\n|-boost|p1a: Volcarona|spe|1\n|move|p2a: Toedscruel|Leech Seed|p1a: Volcarona\n|-start|p1a: Volcarona|move: Leech Seed\n|\n|-heal|p2a: Toedscruel|20\/100 brn|[from] item: Leftovers\n|-damage|p1a: Volcarona|74\/100|[from] Leech Seed|[of] p2a: Toedscruel\n|-heal|p2a: Toedscruel|32\/100 brn|[silent]\n|-damage|p2a: Toedscruel|26\/100 brn|[from] brn\n|-damage|p2a: Toedscruel|14\/100 brn|[from] Salt Cure\n|upkeep\n|turn|15\n|\n|t:|1699852911\n|move|p1a: Volcarona|Fiery Dance|p2a: Toedscruel\n|-supereffective|p2a: Toedscruel\n|-damage|p2a: Toedscruel|0 fnt\n|-boost|p1a: Volcarona|spa|1\n|faint|p2a: Toedscruel\n|\n|upkeep\n|\n|t:|1699852923\n|switch|p2a: Skeledirge|Skeledirge, M|100\/100\n|turn|16\n|\n|t:|1699852933\n|move|p1a: Volcarona|Hurricane|p2a: Skeledirge\n|-damage|p2a: Skeledirge|66\/100\n|-start|p2a: Skeledirge|confusion\n|-activate|p2a: Skeledirge|confusion\n|move|p2a: Skeledirge|Hex|p1a: Volcarona\n|-damage|p1a: Volcarona|52\/100\n|\n|-heal|p2a: Skeledirge|72\/100|[from] item: Leftovers\n|-damage|p1a: Volcarona|39\/100|[from] Leech Seed|[of] p2a: Skeledirge\n|-heal|p2a: Skeledirge|83\/100|[silent]\n|upkeep\n|turn|17\n|\n|t:|1699852945\n|move|p1a: Volcarona|Giga Drain|p2a: Skeledirge\n|-resisted|p2a: Skeledirge\n|-damage|p2a: Skeledirge|71\/100\n|-heal|p1a: Volcarona|46\/100|[from] drain|[of] p2a: Skeledirge\n|-end|p2a: Skeledirge|confusion\n|move|p2a: Skeledirge|Torch Song|p1a: Volcarona\n|-damage|p1a: Volcarona|18\/100\n|-boost|p2a: Skeledirge|spa|1\n|\n|-heal|p2a: Skeledirge|77\/100|[from] item: Leftovers\n|-damage|p1a: Volcarona|6\/100|[from] Leech Seed|[of] p2a: Skeledirge\n|-heal|p2a: Skeledirge|88\/100|[silent]\n|upkeep\n|turn|18\n|\n|t:|1699852957\n|move|p1a: Volcarona|Fiery Dance|p2a: Skeledirge\n|-resisted|p2a: Skeledirge\n|-damage|p2a: Skeledirge|69\/100\n|-boost|p1a: Volcarona|spa|1\n|move|p2a: Skeledirge|Torch Song|p1a: Volcarona\n|-damage|p1a: Volcarona|0 fnt\n|-boost|p2a: Skeledirge|spa|1\n|faint|p1a: Volcarona\n|\n|-heal|p2a: Skeledirge|75\/100|[from] item: Leftovers\n|upkeep\n|\n|t:|1699852988\n|switch|p1a: Pelipper|Pelipper, F, shiny|100\/100\n|-weather|RainDance|[from] ability: Drizzle|[of] p1a: Pelipper\n|turn|19\n|\n|t:|1699852997\n|switch|p2a: Thundurus|Thundurus, M|100\/100\n|move|p1a: Pelipper|Surf|p2a: Thundurus\n|-damage|p2a: Thundurus|49\/100\n|-enditem|p2a: Thundurus|Sitrus Berry|[eat]\n|-heal|p2a: Thundurus|74\/100|[from] item: Sitrus Berry\n|\n|-weather|RainDance|[upkeep]\n|upkeep\n|turn|20\n|\n|t:|1699853013\n|switch|p1a: Regieleki|Regieleki, shiny|100\/100\n|move|p2a: Thundurus|Thunderbolt|p1a: Regieleki\n|-resisted|p1a: Regieleki\n|-damage|p1a: Regieleki|65\/100\n|\n|-weather|RainDance|[upkeep]\n|upkeep\n|turn|21\n|\n|t:|1699853029\n|move|p1a: Regieleki|Extreme Speed|p2a: Thundurus\n|-damage|p2a: Thundurus|46\/100\n|-damage|p1a: Regieleki|55\/100|[from] item: Life Orb\n|move|p2a: Thundurus|Volt Switch|p1a: Regieleki\n|-resisted|p1a: Regieleki\n|-crit|p1a: Regieleki\n|-damage|p1a: Regieleki|8\/100\n|\n|t:|1699853037\n|switch|p2a: Gholdengo|Gholdengo|100\/100|[from] Volt Switch\n|-item|p2a: Gholdengo|Air Balloon\n|\n|-weather|RainDance|[upkeep]\n|upkeep\n|turn|22\n|\n|t:|1699853045\n|move|p1a: Regieleki|Thunder Cage|p2a: Gholdengo\n|-damage|p2a: Gholdengo|20\/100\n|-activate|p2a: Gholdengo|move: Thunder Cage|[of] p1a: Regieleki\n|-enditem|p2a: Gholdengo|Air Balloon\n|-damage|p1a: Regieleki|0 fnt|[from] item: Life Orb\n|faint|p1a: Regieleki\n|move|p2a: Gholdengo|Shadow Ball|p1: Regieleki|[notarget]\n|-fail|p2a: Gholdengo\n|\n|-weather|RainDance|[upkeep]\n|-end|p2a: Gholdengo|Thunder Cage|[partiallytrapped]|[silent]\n|upkeep\n|\n|t:|1699853056\n|switch|p1a: Brute Bonnet|Brute Bonnet, shiny|100\/100\n|turn|23\n|\n|t:|1699853063\n|move|p2a: Gholdengo|Trick|p1a: Brute Bonnet\n|-activate|p2a: Gholdengo|move: Trick|[of] p1a: Brute Bonnet\n|-enditem|p1a: Brute Bonnet|Loaded Dice|[silent]|[from] move: Trick\n|-item|p2a: Gholdengo|Loaded Dice|[from] move: Trick\n|move|p1a: Brute Bonnet|Stomping Tantrum|p2a: Gholdengo\n|-supereffective|p2a: Gholdengo\n|-damage|p2a: Gholdengo|0 fnt\n|faint|p2a: Gholdengo\n|\n|-weather|RainDance|[upkeep]\n|upkeep\n|\n|t:|1699853071\n|switch|p2a: Skeledirge|Skeledirge, M|75\/100\n|turn|24\n|\n|t:|1699853092\n|move|p1a: Brute Bonnet|Sucker Punch|p2a: Skeledirge\n|-supereffective|p2a: Skeledirge\n|-damage|p2a: Skeledirge|28\/100\n|move|p2a: Skeledirge|Hex|p1a: Brute Bonnet\n|-resisted|p1a: Brute Bonnet\n|-damage|p1a: Brute Bonnet|90\/100\n|\n|-weather|RainDance|[upkeep]\n|-heal|p2a: Skeledirge|34\/100|[from] item: Leftovers\n|upkeep\n|turn|25\n|\n|t:|1699853102\n|move|p1a: Brute Bonnet|Sucker Punch||[still]\n|-fail|p1a: Brute Bonnet\n|move|p2a: Skeledirge|Slack Off|p2a: Skeledirge\n|-heal|p2a: Skeledirge|84\/100\n|\n|-weather|RainDance|[upkeep]\n|-heal|p2a: Skeledirge|90\/100|[from] item: Leftovers\n|upkeep\n|turn|26\n|\n|t:|1699853114\n|move|p2a: Skeledirge|Will-O-Wisp|p1a: Brute Bonnet|[miss]\n|-miss|p2a: Skeledirge|p1a: Brute Bonnet\n|move|p1a: Brute Bonnet|Stomping Tantrum|p2a: Skeledirge\n|-supereffective|p2a: Skeledirge\n|-damage|p2a: Skeledirge|20\/100\n|\n|-weather|none\n|-heal|p2a: Skeledirge|26\/100|[from] item: Leftovers\n|upkeep\n|turn|27\n|\n|t:|1699853123\n|move|p2a: Skeledirge|Slack Off|p2a: Skeledirge\n|-heal|p2a: Skeledirge|76\/100\n|move|p1a: Brute Bonnet|Stomping Tantrum|p2a: Skeledirge\n|-supereffective|p2a: Skeledirge\n|-damage|p2a: Skeledirge|44\/100\n|\n|-heal|p2a: Skeledirge|50\/100|[from] item: Leftovers\n|upkeep\n|turn|28\n|\n|t:|1699853134\n|move|p2a: Skeledirge|Torch Song|p1a: Brute Bonnet\n|-supereffective|p1a: Brute Bonnet\n|-damage|p1a: Brute Bonnet|42\/100\n|-boost|p2a: Skeledirge|spa|1\n|move|p1a: Brute Bonnet|Spore|p2a: Skeledirge\n|-status|p2a: Skeledirge|slp|[from] move: Spore\n|\n|-heal|p2a: Skeledirge|57\/100 slp|[from] item: Leftovers\n|upkeep\n|turn|29\n|\n|t:|1699853147\n|cant|p2a: Skeledirge|slp\n|move|p1a: Brute Bonnet|Stomping Tantrum|p2a: Skeledirge\n|-supereffective|p2a: Skeledirge\n|-damage|p2a: Skeledirge|25\/100 slp\n|\n|-heal|p2a: Skeledirge|31\/100 slp|[from] item: Leftovers\n|upkeep\n|turn|30\n|\n|t:|1699853153\n|-curestatus|p2a: Skeledirge|slp|[msg]\n|move|p2a: Skeledirge|Slack Off|p2a: Skeledirge\n|-heal|p2a: Skeledirge|81\/100\n|move|p1a: Brute Bonnet|Stomping Tantrum|p2a: Skeledirge\n|-supereffective|p2a: Skeledirge\n|-damage|p2a: Skeledirge|46\/100\n|\n|-heal|p2a: Skeledirge|52\/100|[from] item: Leftovers\n|upkeep\n|turn|31\n|\n|t:|1699853161\n|move|p2a: Skeledirge|Torch Song|p1a: Brute Bonnet\n|-supereffective|p1a: Brute Bonnet\n|-damage|p1a: Brute Bonnet|0 fnt\n|-boost|p2a: Skeledirge|spa|1\n|faint|p1a: Brute Bonnet\n|-end|p1a: Brute Bonnet|Protosynthesis|[silent]\n|\n|-heal|p2a: Skeledirge|58\/100|[from] item: Leftovers\n|upkeep\n|\n|t:|1699853168\n|switch|p1a: Pelipper|Pelipper, F, shiny|100\/100\n|-weather|RainDance|[from] ability: Drizzle|[of] p1a: Pelipper\n|turn|32\n|\n|t:|1699853177\n|move|p2a: Skeledirge|Torch Song|p1a: Pelipper\n|-resisted|p1a: Pelipper\n|-damage|p1a: Pelipper|81\/100\n|-boost|p2a: Skeledirge|spa|1\n|move|p1a: Pelipper|Surf|p2a: Skeledirge\n|-supereffective|p2a: Skeledirge\n|-damage|p2a: Skeledirge|0 fnt\n|faint|p2a: Skeledirge\n|\n|-weather|RainDance|[upkeep]\n|upkeep\n|\n|t:|1699853186\n|switch|p2a: Thundurus|Thundurus, M|46\/100\n|turn|33\n|\n|t:|1699853221\n|move|p2a: Thundurus|Thunderbolt|p1a: Pelipper\n|-supereffective|p1a: Pelipper\n|-damage|p1a: Pelipper|0 fnt\n|faint|p1a: Pelipper\n|\n|-weather|RainDance|[upkeep]\n|upkeep\n|\n|t:|1699853226\n|switch|p1a: Basculegion|Basculegion, M, shiny|100\/100\n|turn|34\n|\n|t:|1699853236\n|move|p1a: Basculegion|Ice Fang|p2a: Thundurus\n|-supereffective|p2a: Thundurus\n|-damage|p2a: Thundurus|0 fnt\n|faint|p2a: Thundurus\n|\n|-weather|RainDance|[upkeep]\n|upkeep\n|\n|t:|1699853241\n|switch|p2a: Samurott|Samurott-Hisui, M, shiny|100\/100\n|turn|35\n|\n|t:|1699853250\n|-terastallize|p2a: Samurott|Fighting\n|move|p1a: Basculegion|Ice Fang|p2a: Samurott\n|-damage|p2a: Samurott|61\/100\n|move|p2a: Samurott|Ceaseless Edge|p1a: Basculegion\n|-supereffective|p1a: Basculegion\n|-damage|p1a: Basculegion|0 fnt\n|-sidestart|p1: ArsenalFC0304|Spikes\n|faint|p1a: Basculegion\n|-damage|p2a: Samurott|51\/100|[from] item: Life Orb\n|\n|win|Tarheel Tacticians\n","uploadtime":1699853261,"views":8,"p1id":"arsenalfc0304","p2id":"tarheeltacticians","formatid":"gen9ubers","rating":0,"private":0,"password":""}