{"id":"gen9ubers-1997713243","p1":"default0","p2":"guru000","format":"[Gen 9] Ubers","log":"|j|\u2606default0\n|j|\u2606guru000\n|inactive|Battle timer is ON: inactive players will automatically lose when time's up.\n|t:|1700844696\n|gametype|singles\n|player|p1|default0|skierf-gen4dp|\n|player|p2|guru000|266|\n|teamsize|p1|6\n|teamsize|p2|6\n|gen|9\n|tier|[Gen 9] Ubers\n|rated|Tournament battle\n|rule|Sleep Clause Mod: Limit one foe put to sleep\n|rule|Species Clause: Limit one of each Pok\u00e9mon\n|rule|OHKO Clause: OHKO moves are banned\n|rule|Evasion Items Clause: Evasion items are banned\n|rule|Evasion Moves Clause: Evasion moves are banned\n|rule|Endless Battle Clause: Forcing endless battles is banned\n|rule|HP Percentage Mod: HP is shown in percentages\n|clearpoke\n|poke|p1|Kyogre|\n|poke|p1|Ting-Lu|\n|poke|p1|Arceus-Water|\n|poke|p1|Corviknight, M|\n|poke|p1|Koraidon|\n|poke|p1|Spectrier|\n|poke|p2|Gliscor, M|\n|poke|p2|Flutter Mane|\n|poke|p2|Koraidon|\n|poke|p2|Iron Bundle|\n|poke|p2|Miraidon|\n|poke|p2|Ursaluna-Bloodmoon, M|\n|teampreview\n|j|*Lady Monita \u2746\n|\n|t:|1700844711\n|start\n|switch|p1a: Koraidon|Koraidon|100\/100\n|switch|p2a: Gliscor|Gliscor, M|100\/100\n|-weather|SunnyDay|[from] ability: Orichalcum Pulse|[of] p1a: Koraidon\n|-activate|p1a: Koraidon|Orichalcum Pulse|[source]\n|turn|1\n|\n|t:|1700844723\n|move|p1a: Koraidon|U-turn|p2a: Gliscor\n|-resisted|p2a: Gliscor\n|-damage|p2a: Gliscor|84\/100\n|c|\u2606guru000|o no\n|\n|t:|1700844744\n|switch|p1a: Corviknight|Corviknight, M|100\/100|[from] U-turn\n|-ability|p1a: Corviknight|Pressure\n|move|p2a: Gliscor|Toxic|p1a: Corviknight\n|-immune|p1a: Corviknight\n|\n|-weather|SunnyDay|[upkeep]\n|-status|p2a: Gliscor|tox|[from] item: Toxic Orb\n|upkeep\n|turn|2\n|\n|t:|1700844751\n|move|p2a: Gliscor|Knock Off|p1a: Corviknight\n|-crit|p1a: Corviknight\n|-damage|p1a: Corviknight|81\/100\n|-enditem|p1a: Corviknight|Leftovers|[from] move: Knock Off|[of] p2a: Gliscor\n|move|p1a: Corviknight|Steel Wing|p2a: Gliscor\n|-damage|p2a: Gliscor|71\/100 tox\n|\n|-weather|SunnyDay|[upkeep]\n|-heal|p2a: Gliscor|83\/100 tox|[from] ability: Poison Heal\n|upkeep\n|turn|3\n|\n|t:|1700844768\n|switch|p2a: Koraidon|Koraidon|100\/100\n|-activate|p2a: Koraidon|ability: Orichalcum Pulse\n|move|p1a: Corviknight|Steel Wing|p2a: Koraidon\n|-damage|p2a: Koraidon|83\/100\n|\n|-weather|SunnyDay|[upkeep]\n|upkeep\n|turn|4\n|\n|t:|1700844780\n|switch|p1a: Arceus|Arceus-Water|100\/100\n|move|p2a: Koraidon|Close Combat|p1a: Arceus\n|-damage|p1a: Arceus|56\/100\n|-unboost|p2a: Koraidon|def|1\n|-unboost|p2a: Koraidon|spd|1\n|\n|-weather|SunnyDay|[upkeep]\n|upkeep\n|turn|5\n|\n|t:|1700844785\n|-terastallize|p2a: Koraidon|Fighting\n|move|p2a: Koraidon|Close Combat|p1a: Arceus\n|-damage|p1a: Arceus|1\/100\n|-unboost|p2a: Koraidon|def|1\n|-unboost|p2a: Koraidon|spd|1\n|move|p1a: Arceus|Recover|p1a: Arceus\n|-heal|p1a: Arceus|51\/100\n|\n|-weather|none\n|upkeep\n|turn|6\n|\n|t:|1700844793\n|switch|p1a: Spectrier|Spectrier|100\/100\n|move|p2a: Koraidon|Close Combat|p1a: Spectrier\n|-immune|p1a: Spectrier\n|\n|upkeep\n|turn|7\n|\n|t:|1700844804\n|switch|p2a: Ursaluna|Ursaluna-Bloodmoon, M|100\/100\n|-terastallize|p1a: Spectrier|Fairy\n|move|p1a: Spectrier|Tera Blast|p2a: Ursaluna|[anim] Tera Blast Fairy\n|-damage|p2a: Ursaluna|47\/100\n|\n|upkeep\n|turn|8\n|\n|t:|1700844830\n|switch|p2a: Gliscor|Gliscor, M|83\/100 tox\n|move|p1a: Spectrier|Tera Blast|p2a: Gliscor|[anim] Tera Blast Fairy\n|-damage|p2a: Gliscor|21\/100 tox\n|\n|-heal|p2a: Gliscor|34\/100 tox|[from] ability: Poison Heal\n|upkeep\n|turn|9\n|\n|t:|1700844850\n|move|p2a: Gliscor|Protect|p2a: Gliscor\n|-singleturn|p2a: Gliscor|Protect\n|move|p1a: Spectrier|Tera Blast|p2a: Gliscor|[anim] Tera Blast Fairy\n|-activate|p2a: Gliscor|move: Protect\n|\n|-heal|p2a: Gliscor|46\/100 tox|[from] ability: Poison Heal\n|upkeep\n|turn|10\n|\n|t:|1700844859\n|move|p1a: Spectrier|Tera Blast|p2a: Gliscor|[anim] Tera Blast Fairy\n|-damage|p2a: Gliscor|0 fnt\n|faint|p2a: Gliscor\n|-ability|p1a: Spectrier|Grim Neigh|boost\n|-boost|p1a: Spectrier|spa|1\n|\n|upkeep\n|\n|t:|1700844866\n|switch|p2a: Miraidon|Miraidon|100\/100\n|-fieldstart|move: Electric Terrain|[from] ability: Hadron Engine|[of] p2a: Miraidon\n|turn|11\n|\n|t:|1700844872\n|switch|p1a: Ting-Lu|Ting-Lu|100\/100\n|-ability|p1a: Ting-Lu|Vessel of Ruin\n|move|p2a: Miraidon|Flash Cannon|p1a: Ting-Lu\n|-damage|p1a: Ting-Lu|85\/100\n|\n|-heal|p1a: Ting-Lu|92\/100|[from] item: Leftovers\n|upkeep\n|turn|12\n|j| Farce Of The Death\n|\n|t:|1700844878\n|switch|p2a: Ursaluna|Ursaluna-Bloodmoon, M|47\/100\n|move|p1a: Ting-Lu|Earthquake|p2a: Ursaluna\n|-damage|p2a: Ursaluna|21\/100\n|\n|-heal|p1a: Ting-Lu|98\/100|[from] item: Leftovers\n|upkeep\n|turn|13\n|\n|t:|1700844882\n|move|p2a: Ursaluna|Blood Moon|p1a: Ting-Lu\n|-damage|p1a: Ting-Lu|60\/100\n|move|p1a: Ting-Lu|Earthquake|p2a: Ursaluna\n|-damage|p2a: Ursaluna|0 fnt\n|faint|p2a: Ursaluna\n|\n|-heal|p1a: Ting-Lu|66\/100|[from] item: Leftovers\n|upkeep\n|\n|t:|1700844888\n|switch|p2a: Koraidon|Koraidon, tera:Fighting|83\/100\n|-weather|SunnyDay|[from] ability: Orichalcum Pulse|[of] p2a: Koraidon\n|-activate|p2a: Koraidon|Orichalcum Pulse|[source]\n|turn|14\n|\n|t:|1700844895\n|switch|p1a: Kyogre|Kyogre|100\/100\n|-weather|RainDance|[from] ability: Drizzle|[of] p1a: Kyogre\n|move|p2a: Koraidon|Flare Blitz|p1a: Kyogre\n|-resisted|p1a: Kyogre\n|-damage|p1a: Kyogre|93\/100\n|-damage|p2a: Koraidon|80\/100|[from] Recoil\n|\n|-weather|RainDance|[upkeep]\n|-heal|p1a: Kyogre|99\/100|[from] item: Leftovers\n|upkeep\n|turn|15\n|\n|t:|1700844904\n|switch|p2a: Miraidon|Miraidon|100\/100\n|-activate|p2a: Miraidon|ability: Hadron Engine\n|move|p1a: Kyogre|Origin Pulse|p2a: Miraidon\n|-resisted|p2a: Miraidon\n|-damage|p2a: Miraidon|62\/100\n|\n|-weather|RainDance|[upkeep]\n|-heal|p1a: Kyogre|100\/100|[from] item: Leftovers\n|-fieldend|move: Electric Terrain\n|upkeep\n|turn|16\n|\n|t:|1700844910\n|switch|p1a: Ting-Lu|Ting-Lu|66\/100\n|-ability|p1a: Ting-Lu|Vessel of Ruin\n|move|p2a: Miraidon|Electro Drift|p1a: Ting-Lu\n|-immune|p1a: Ting-Lu\n|\n|-weather|RainDance|[upkeep]\n|-heal|p1a: Ting-Lu|72\/100|[from] item: Leftovers\n|upkeep\n|turn|17\n|\n|t:|1700844915\n|switch|p2a: Iron Bundle|Iron Bundle|100\/100\n|move|p1a: Ting-Lu|Spikes|p2a: Iron Bundle\n|-sidestart|p2: guru000|Spikes\n|\n|-weather|RainDance|[upkeep]\n|-heal|p1a: Ting-Lu|78\/100|[from] item: Leftovers\n|upkeep\n|turn|18\n|\n|t:|1700844922\n|switch|p1a: Arceus|Arceus-Water|51\/100\n|move|p2a: Iron Bundle|Hydro Pump|p1a: Arceus\n|-resisted|p1a: Arceus\n|-damage|p1a: Arceus|25\/100\n|\n|-weather|none\n|upkeep\n|turn|19\n|\n|t:|1700844925\n|move|p2a: Iron Bundle|Freeze-Dry|p1a: Arceus\n|-supereffective|p1a: Arceus\n|-damage|p1a: Arceus|0 fnt\n|faint|p1a: Arceus\n|\n|upkeep\n|\n|t:|1700844934\n|switch|p1a: Spectrier|Spectrier, tera:Fairy|100\/100\n|turn|20\n|\n|t:|1700844942\n|move|p1a: Spectrier|Tera Blast|p2a: Iron Bundle|[anim] Tera Blast Fairy\n|-damage|p2a: Iron Bundle|0 fnt\n|faint|p2a: Iron Bundle\n|-end|p2a: Iron Bundle|Quark Drive|[silent]\n|-ability|p1a: Spectrier|Grim Neigh|boost\n|-boost|p1a: Spectrier|spa|1\n|\n|upkeep\n|\n|t:|1700844950\n|switch|p2a: Koraidon|Koraidon, tera:Fighting|80\/100\n|-damage|p2a: Koraidon|67\/100|[from] Spikes\n|-weather|SunnyDay|[from] ability: Orichalcum Pulse|[of] p2a: Koraidon\n|-activate|p2a: Koraidon|Orichalcum Pulse|[source]\n|turn|21\n|\n|t:|1700844963\n|switch|p1a: Corviknight|Corviknight, M|81\/100\n|-ability|p1a: Corviknight|Pressure\n|move|p2a: Koraidon|Flare Blitz|p1a: Corviknight\n|-supereffective|p1a: Corviknight\n|-damage|p1a: Corviknight|0 fnt\n|faint|p1a: Corviknight\n|-damage|p2a: Koraidon|36\/100|[from] Recoil\n|\n|-weather|SunnyDay|[upkeep]\n|upkeep\n|\n|t:|1700844974\n|switch|p1a: Koraidon|Koraidon|100\/100\n|-activate|p1a: Koraidon|ability: Orichalcum Pulse\n|turn|22\n|\n|t:|1700844983\n|switch|p2a: Miraidon|Miraidon|62\/100\n|-damage|p2a: Miraidon|50\/100|[from] Spikes\n|-fieldstart|move: Electric Terrain|[from] ability: Hadron Engine|[of] p2a: Miraidon\n|move|p1a: Koraidon|Flare Blitz|p2a: Miraidon\n|-resisted|p2a: Miraidon\n|-damage|p2a: Miraidon|0 fnt\n|faint|p2a: Miraidon\n|-damage|p1a: Koraidon|84\/100|[from] Recoil\n|\n|-weather|SunnyDay|[upkeep]\n|upkeep\n|\n|t:|1700844987\n|switch|p2a: Flutter Mane|Flutter Mane|100\/100\n|-damage|p2a: Flutter Mane|88\/100|[from] Spikes\n|-activate|p2a: Flutter Mane|ability: Protosynthesis\n|-start|p2a: Flutter Mane|protosynthesisspe\n|turn|23\n|\n|t:|1700844993\n|switch|p1a: Ting-Lu|Ting-Lu|78\/100\n|-ability|p1a: Ting-Lu|Vessel of Ruin\n|move|p2a: Flutter Mane|Moonblast|p1a: Ting-Lu\n|-supereffective|p1a: Ting-Lu\n|-damage|p1a: Ting-Lu|35\/100\n|\n|-weather|SunnyDay|[upkeep]\n|-heal|p1a: Ting-Lu|41\/100|[from] item: Leftovers\n|upkeep\n|turn|24\n|\n|t:|1700844996\n|move|p2a: Flutter Mane|Moonblast|p1a: Ting-Lu\n|-supereffective|p1a: Ting-Lu\n|-damage|p1a: Ting-Lu|0 fnt\n|faint|p1a: Ting-Lu\n|\n|-weather|SunnyDay|[upkeep]\n|upkeep\n|\n|t:|1700844998\n|switch|p1a: Kyogre|Kyogre|100\/100\n|-weather|RainDance|[from] ability: Drizzle|[of] p1a: Kyogre\n|-end|p2a: Flutter Mane|Protosynthesis\n|turn|25\n|\n|t:|1700845001\n|move|p2a: Flutter Mane|Moonblast|p1a: Kyogre\n|-crit|p1a: Kyogre\n|-damage|p1a: Kyogre|56\/100\n|move|p1a: Kyogre|Origin Pulse|p2a: Flutter Mane\n|-damage|p2a: Flutter Mane|0 fnt\n|faint|p2a: Flutter Mane\n|-end|p2a: Flutter Mane|Protosynthesis|[silent]\n|\n|-weather|RainDance|[upkeep]\n|-heal|p1a: Kyogre|62\/100|[from] item: Leftovers\n|upkeep\n|\n|t:|1700845005\n|switch|p2a: Koraidon|Koraidon, tera:Fighting|36\/100\n|-damage|p2a: Koraidon|24\/100|[from] Spikes\n|-weather|SunnyDay|[from] ability: Orichalcum Pulse|[of] p2a: Koraidon\n|-activate|p2a: Koraidon|Orichalcum Pulse|[source]\n|turn|26\n|\n|t:|1700845016\n|switch|p1a: Koraidon|Koraidon|84\/100\n|-activate|p1a: Koraidon|ability: Orichalcum Pulse\n|move|p2a: Koraidon|Outrage|p1a: Koraidon\n|-supereffective|p1a: Koraidon\n|-damage|p1a: Koraidon|0 fnt\n|faint|p1a: Koraidon\n|\n|-weather|SunnyDay|[upkeep]\n|-fieldend|move: Electric Terrain\n|upkeep\n|\n|t:|1700845019\n|switch|p1a: Spectrier|Spectrier, tera:Fairy|100\/100\n|turn|27\n|\n|t:|1700845020\n|move|p2a: Koraidon|Outrage|p1a: Spectrier|[from]lockedmove\n|-immune|p1a: Spectrier\n|-start|p2a: Koraidon|confusion|[fatigue]\n|move|p1a: Spectrier|Tera Blast|p2a: Koraidon|[anim] Tera Blast Fairy\n|-supereffective|p2a: Koraidon\n|-damage|p2a: Koraidon|0 fnt\n|faint|p2a: Koraidon\n|\n|win|default0\n|n|\u2606default0|default0\n|n|\u2606guru000|guru000\n|n|*Lady Monita \u2746|ladymonita\n|n| Farce Of The Death|farceofthedeath\n|l|*Lady Monita \u2746\n|l|\u2606default0\n|l|\u2606guru000\n","uploadtime":1700845040,"views":3,"p1id":"default0","p2id":"guru000","formatid":"gen9ubers","rating":0,"private":0,"password":""}