{"id":"gen9ubers-1978573200","p1":"the tr4sh man","p2":"leonissenbaum","format":"[Gen 9] Ubers","log":"|j|\u2606the tr4sh man\n|j|\u2606leonissenbaum\n|t:|1698558437\n|gametype|singles\n|player|p1|the tr4sh man|xerosic|\n|player|p2|leonissenbaum|leon|\n|teamsize|p1|6\n|teamsize|p2|6\n|gen|9\n|tier|[Gen 9] Ubers\n|rule|Sleep Clause Mod: Limit one foe put to sleep\n|rule|Species Clause: Limit one of each Pok\u00e9mon\n|rule|OHKO Clause: OHKO moves are banned\n|rule|Evasion Items Clause: Evasion items are banned\n|rule|Evasion Moves Clause: Evasion moves are banned\n|rule|Endless Battle Clause: Forcing endless battles is banned\n|rule|HP Percentage Mod: HP is shown in percentages\n|clearpoke\n|poke|p1|Magearna|\n|poke|p1|Dialga|\n|poke|p1|Chi-Yu|\n|poke|p1|Palafin, F|\n|poke|p1|Spectrier|\n|poke|p1|Shaymin-Sky|\n|poke|p2|Giratina|\n|poke|p2|Gliscor, M|\n|poke|p2|Blissey, F|\n|poke|p2|Dondozo, M|\n|poke|p2|Clefable, F|\n|poke|p2|Espeon, M|\n|teampreview\n|c|\u2606leonissenbaum|uhh\n|j| Pajoomas!\n|c|\u2606the tr4sh man|what's up\n|c|\u2606leonissenbaum|smogon is playing in reverse perspective for me lol\n|c|\u2606leonissenbaum|ah well gl\n|c|\u2606the tr4sh man|oh lol\n|c| Pajoomas!|yeah it is for me too\n|c| Pajoomas!|idk why\n|\n|t:|1698558466\n|start\n|switch|p1a: Palafin|Palafin, F|100\/100\n|switch|p2a: Gliscor|Gliscor, M|100\/100\n|turn|1\n|c| Pajoomas!|thats been happening recently\n|c|\u2606the tr4sh man|looks like i'm the stall player now\n|c|\u2606leonissenbaum|ah fixed itself\n|j| PinkScourge\n|c|\u2606leonissenbaum|retaken my throne as stall\n|\n|t:|1698558477\n|move|p2a: Gliscor|Protect|p2a: Gliscor\n|-singleturn|p2a: Gliscor|Protect\n|move|p1a: Palafin|Flip Turn|p2a: Gliscor\n|-activate|p2a: Gliscor|move: Protect\n|\n|-status|p2a: Gliscor|tox|[from] item: Toxic Orb\n|upkeep\n|turn|2\n|c|\u2606the tr4sh man|welcome back king\n|c| Pajoomas!|i wanna play stall so bad because i love gliscor so much\n|c|\u2606the tr4sh man|what's stopping you :]\n|\n|t:|1698558492\n|move|p1a: Palafin|Flip Turn|p2a: Gliscor\n|-supereffective|p2a: Gliscor\n|-damage|p2a: Gliscor|77\/100 tox\n|c| Pajoomas!|rain addiction\n|\n|t:|1698558498\n|detailschange|p1a: Palafin|Palafin-Hero, F\n|switch|p1a: Magearna|Magearna|100\/100|[from] Flip Turn\n|move|p2a: Gliscor|Toxic Spikes|p1a: Magearna\n|-sidestart|p1: the tr4sh man|move: Toxic Spikes\n|\n|-heal|p2a: Gliscor|89\/100 tox|[from] ability: Poison Heal\n|upkeep\n|turn|3\n|\n|t:|1698558507\n|switch|p2a: Espeon|Espeon, M|100\/100\n|move|p1a: Magearna|Fleur Cannon|p2a: Espeon\n|-crit|p2a: Espeon\n|-damage|p2a: Espeon|0 fnt\n|-unboost|p1a: Magearna|spa|2\n|faint|p2a: Espeon\n|-ability|p1a: Magearna|Soul-Heart|boost\n|-boost|p1a: Magearna|spa|1\n|\n|upkeep\n|c|\u2606leonissenbaum|woah\n|c|\u2606leonissenbaum|unfortunate does not even begin to describe\n|\n|t:|1698558529\n|switch|p2a: Gliscor|Gliscor, M|89\/100 tox\n|turn|4\n|c|\u2606the tr4sh man|i can wholeheartedly assure you that the crit did not matter\n|\n|t:|1698558540\n|move|p2a: Gliscor|Toxic Spikes|p1a: Magearna\n|-sidestart|p1: the tr4sh man|move: Toxic Spikes\n|move|p1a: Magearna|Fleur Cannon|p2a: Gliscor\n|-damage|p2a: Gliscor|23\/100 tox\n|-unboost|p1a: Magearna|spa|2\n|\n|-heal|p2a: Gliscor|35\/100 tox|[from] ability: Poison Heal\n|upkeep\n|turn|5\n|c|\u2606leonissenbaum|ok lets calc this\n|c|\u2606leonissenbaum|time to dox your mag\n|c| PinkScourge|It's Max Spa Mag\n|c| PinkScourge|Took me by surprise as well\n|c|\u2606leonissenbaum|is this max spa choice specs\n|c|\u2606leonissenbaum|woah\n|c|\u2606the tr4sh man|:D\n|c| PinkScourge|I was so confused when it borke through my Mola\n|c| PinkScourge|:(\n|c|\u2606leonissenbaum|in that case\n|c|\u2606leonissenbaum|i guess unfortunate does indeed begin to decribe this\n|\n|t:|1698558586\n|switch|p1a: Dialga|Dialga|100\/100\n|-ability|p1a: Dialga|Pressure\n|move|p2a: Gliscor|Protect||[still]\n|-fail|p2a: Gliscor\n|\n|-heal|p2a: Gliscor|48\/100 tox|[from] ability: Poison Heal\n|upkeep\n|turn|6\n|\n|t:|1698558593\n|move|p2a: Gliscor|Protect|p2a: Gliscor\n|-singleturn|p2a: Gliscor|Protect\n|move|p1a: Dialga|Stealth Rock|p2a: Gliscor\n|-sidestart|p2: leonissenbaum|move: Stealth Rock\n|\n|-heal|p2a: Gliscor|60\/100 tox|[from] ability: Poison Heal\n|upkeep\n|turn|7\n|\n|t:|1698558596\n|switch|p2a: Blissey|Blissey, F|100\/100\n|-damage|p2a: Blissey|88\/100|[from] Stealth Rock\n|switch|p1a: Magearna|Magearna|100\/100\n|\n|-heal|p2a: Blissey|94\/100|[from] item: Leftovers\n|upkeep\n|turn|8\n|\n|t:|1698558601\n|move|p1a: Magearna|Volt Switch|p2a: Blissey\n|-damage|p2a: Blissey|83\/100\n|\n|t:|1698558607\n|switch|p1a: Shaymin|Shaymin-Sky|100\/100|[from] Volt Switch\n|move|p2a: Blissey|Stealth Rock|p1a: Shaymin\n|-sidestart|p1: the tr4sh man|move: Stealth Rock\n|\n|-heal|p2a: Blissey|89\/100|[from] item: Leftovers\n|upkeep\n|turn|9\n|\n|t:|1698558614\n|move|p1a: Shaymin|Seed Flare|p2a: Blissey\n|-damage|p2a: Blissey|60\/100\n|move|p2a: Blissey|Seismic Toss|p1a: Shaymin\n|-damage|p1a: Shaymin|71\/100\n|\n|-heal|p2a: Blissey|66\/100|[from] item: Leftovers\n|upkeep\n|turn|10\n|c|\u2606the tr4sh man|this is actually the biggest enemy to my team lol\n|\n|t:|1698558621\n|move|p1a: Shaymin|Seed Flare|p2a: Blissey\n|-damage|p2a: Blissey|38\/100\n|-unboost|p2a: Blissey|spd|2\n|move|p2a: Blissey|Soft-Boiled|p2a: Blissey\n|-heal|p2a: Blissey|88\/100\n|\n|-heal|p2a: Blissey|94\/100|[from] item: Leftovers\n|upkeep\n|turn|11\n|c| Pajoomas!|no, unfortunate doesn't describe it because there was nothing to be unfortunate about fr\n|c|\u2606leonissenbaum|sad but true\n|\n|t:|1698558635\n|switch|p1a: Dialga|Dialga|100\/100\n|-damage|p1a: Dialga|94\/100|[from] Stealth Rock\n|-ability|p1a: Dialga|Pressure\n|switch|p2a: Giratina|Giratina, shiny|100\/100\n|-damage|p2a: Giratina|88\/100|[from] Stealth Rock\n|-ability|p2a: Giratina|Pressure\n|\n|-heal|p2a: Giratina|94\/100|[from] item: Leftovers\n|upkeep\n|turn|12\n|\n|t:|1698558642\n|switch|p2a: Blissey|Blissey, F|94\/100\n|-damage|p2a: Blissey|82\/100|[from] Stealth Rock\n|move|p1a: Dialga|Draco Meteor|p2a: Blissey\n|-damage|p2a: Blissey|47\/100\n|-unboost|p1a: Dialga|spa|2\n|\n|-heal|p2a: Blissey|53\/100|[from] item: Leftovers\n|upkeep\n|turn|13\n|\n|t:|1698558646\n|switch|p1a: Magearna|Magearna|100\/100\n|-damage|p1a: Magearna|94\/100|[from] Stealth Rock\n|move|p2a: Blissey|Seismic Toss|p1a: Magearna\n|-damage|p1a: Magearna|67\/100\n|\n|-heal|p2a: Blissey|59\/100|[from] item: Leftovers\n|upkeep\n|turn|14\n|\n|t:|1698558656\n|move|p1a: Magearna|Flash Cannon|p2a: Blissey\n|-damage|p2a: Blissey|38\/100\n|move|p2a: Blissey|Soft-Boiled|p2a: Blissey\n|-heal|p2a: Blissey|89\/100\n|\n|-heal|p2a: Blissey|95\/100|[from] item: Leftovers\n|upkeep\n|turn|15\n|c| PinkScourge|Also Max Spa Dialga\n|c| PinkScourge|Holy shit\n|c| Pajoomas!|also why does everyone run leftovers blissey instead of boots? i thought the whole reason to use bliss over chansey was boots\n|c|\u2606the tr4sh man|because that passive healing comes in clutch sometimes\n|c| Pajoomas!|fair\n|c|\u2606the tr4sh man|blissey can get kinda worn down still at times\n|c|\u2606leonissenbaum|leftovers saved me in my 300+ turn game against pinkscourge\n|c|\u2606leonissenbaum|lefties is really good\n|\n|t:|1698558710\n|move|p1a: Magearna|Flash Cannon|p2a: Blissey\n|-damage|p2a: Blissey|72\/100\n|move|p2a: Blissey|Seismic Toss|p1a: Magearna\n|-damage|p1a: Magearna|40\/100\n|\n|-heal|p2a: Blissey|78\/100|[from] item: Leftovers\n|upkeep\n|turn|16\n|c| PinkScourge|lol yes\n|\n|t:|1698558726\n|switch|p1a: Spectrier|Spectrier|100\/100\n|-status|p1a: Spectrier|tox\n|-damage|p1a: Spectrier|88\/100 tox|[from] Stealth Rock\n|move|p2a: Blissey|Seismic Toss|p1a: Spectrier\n|-immune|p1a: Spectrier\n|\n|-heal|p2a: Blissey|84\/100|[from] item: Leftovers\n|-damage|p1a: Spectrier|82\/100 tox|[from] psn\n|upkeep\n|turn|17\n|c|\u2606leonissenbaum|this is sketch\n|c|\u2606leonissenbaum|i dont like it\n|\n|t:|1698558738\n|switch|p2a: Clefable|Clefable, F|100\/100\n|-damage|p2a: Clefable|88\/100|[from] Stealth Rock\n|move|p1a: Spectrier|Draining Kiss|p2a: Clefable\n|-damage|p2a: Clefable|69\/100\n|-heal|p1a: Spectrier|98\/100 tox|[from] drain|[of] p2a: Clefable\n|\n|-heal|p2a: Clefable|75\/100|[from] item: Leftovers\n|-damage|p1a: Spectrier|86\/100 tox|[from] psn\n|upkeep\n|turn|18\n|c| Pajoomas!|would chansey be any good in this meta\n|c| Pajoomas!|im guessing not because of all the knock off users\n|c|\u2606leonissenbaum|ye\n|c|\u2606the tr4sh man|i really, really wish spectrier had psyshock\n|c| Pajoomas!|oh\n|\n|t:|1698558754\n|switch|p1a: Dialga|Dialga|94\/100\n|-damage|p1a: Dialga|88\/100|[from] Stealth Rock\n|-ability|p1a: Dialga|Pressure\n|move|p2a: Clefable|Protect||[still]\n|-fail|p2a: Clefable\n|\n|-heal|p2a: Clefable|81\/100|[from] item: Leftovers\n|upkeep\n|turn|19\n|c|\u2606leonissenbaum|i've never gotten my blissey knocked off\n|c| Pajoomas!|interesting\n|c| Pajoomas!|perhaps i should try chansey\n|c|\u2606leonissenbaum|if you're staying in on a knock off user then that's your problem\n|\n|t:|1698558769\n|-terastallize|p1a: Dialga|Steel\n|move|p2a: Clefable|Protect|p2a: Clefable\n|-singleturn|p2a: Clefable|Protect\n|move|p1a: Dialga|Steel Beam|p2a: Clefable\n|-activate|p2a: Clefable|move: Protect\n|-damage|p1a: Dialga|38\/100|[from] steelbeam\n|\n|-heal|p2a: Clefable|88\/100|[from] item: Leftovers\n|upkeep\n|turn|20\n|c|\u2606the tr4sh man|i'm trying to see some damage\n|c|\u2606the tr4sh man|crap\n|c|\u2606leonissenbaum|rip\n|c|\u2606the tr4sh man|it's joever\n|\n|t:|1698558787\n|switch|p2a: Blissey|Blissey, F|84\/100\n|-damage|p2a: Blissey|72\/100|[from] Stealth Rock\n|move|p1a: Dialga|Steel Beam|p2a: Blissey\n|-damage|p2a: Blissey|16\/100\n|-damage|p1a: Dialga|0 fnt|[from] steelbeam\n|faint|p1a: Dialga\n|\n|-heal|p2a: Blissey|23\/100|[from] item: Leftovers\n|upkeep\n|c|\u2606the tr4sh man|i actually need this\n|\n|t:|1698558798\n|switch|p1a: Magearna|Magearna|40\/100\n|-damage|p1a: Magearna|33\/100|[from] Stealth Rock\n|turn|21\n|c| Pajoomas!|steal beam is so real\n|c|\u2606leonissenbaum|too real\n|\n|t:|1698558813\n|move|p1a: Magearna|Flash Cannon|p2a: Blissey\n|-damage|p2a: Blissey|0 fnt\n|faint|p2a: Blissey\n|-ability|p1a: Magearna|Soul-Heart|boost\n|-boost|p1a: Magearna|spa|1\n|\n|upkeep\n|\n|t:|1698558834\n|switch|p2a: Clefable|Clefable, F|88\/100\n|-damage|p2a: Clefable|75\/100|[from] Stealth Rock\n|turn|22\n|\n|t:|1698558844\n|-terastallize|p2a: Clefable|Dark\n|move|p1a: Magearna|Flash Cannon|p2a: Clefable\n|-crit|p2a: Clefable\n|-damage|p2a: Clefable|0 fnt\n|faint|p2a: Clefable\n|-ability|p1a: Magearna|Soul-Heart|boost\n|-boost|p1a: Magearna|spa|1\n|\n|upkeep\n|c|\u2606leonissenbaum|oof\n|c|\u2606the tr4sh man|holy\n|c|\u2606the tr4sh man|moly\n|\n|t:|1698558853\n|switch|p2a: Giratina|Giratina, shiny|94\/100\n|-damage|p2a: Giratina|82\/100|[from] Stealth Rock\n|-ability|p2a: Giratina|Pressure\n|turn|23\n|\n|t:|1698558855\n|move|p1a: Magearna|Flash Cannon|p2a: Giratina\n|-damage|p2a: Giratina|21\/100\n|move|p2a: Giratina|Roar|p1a: Magearna\n|drag|p1a: Shaymin|Shaymin-Sky|71\/100\n|-damage|p1a: Shaymin|46\/100|[from] Stealth Rock\n|\n|-heal|p2a: Giratina|27\/100|[from] item: Leftovers\n|upkeep\n|turn|24\n|\n|t:|1698558860\n|move|p1a: Shaymin|Air Slash|p2a: Giratina\n|-damage|p2a: Giratina|2\/100\n|cant|p2a: Giratina|flinch\n|\n|-heal|p2a: Giratina|8\/100|[from] item: Leftovers\n|upkeep\n|turn|25\n|\n|t:|1698558867\n|switch|p2a: Gliscor|Gliscor, M|60\/100 tox\n|-damage|p2a: Gliscor|48\/100 tox|[from] Stealth Rock\n|move|p1a: Shaymin|Air Slash|p2a: Gliscor\n|-damage|p2a: Gliscor|0 fnt\n|faint|p2a: Gliscor\n|\n|upkeep\n|c|\u2606leonissenbaum|47% from air slash?\n|c|\u2606leonissenbaum|even max spa specs doesnt do that\n|c|\u2606leonissenbaum|something odd going on\n|c|\u2606the tr4sh man|\"just play around it\"\n|c|\u2606leonissenbaum|oh wait nvm calced the wrong mon lol\n|c|\u2606leonissenbaum|it's just a regular max spa specs set\n|\n|t:|1698558920\n|switch|p2a: Giratina|Giratina, shiny|8\/100\n|-damage|p2a: Giratina|0 fnt|[from] Stealth Rock\n|faint|p2a: Giratina\n|\n|t:|1698558921\n|switch|p2a: Dondozo|Dondozo, M|100\/100\n|-damage|p2a: Dondozo|88\/100|[from] Stealth Rock\n|turn|26\n|\n|t:|1698558928\n|switch|p1a: Spectrier|Spectrier|86\/100 tox\n|-damage|p1a: Spectrier|74\/100 tox|[from] Stealth Rock\n|move|p2a: Dondozo|Body Press|p1a: Spectrier\n|-immune|p1a: Spectrier\n|\n|-damage|p1a: Spectrier|68\/100 tox|[from] psn\n|upkeep\n|turn|27\n|c| PinkScourge|This man breaking through the 2 stall players here\n|\n|t:|1698558934\n|move|p1a: Spectrier|Shadow Ball|p2a: Dondozo\n|-damage|p2a: Dondozo|24\/100\n|move|p2a: Dondozo|Waterfall|p1a: Spectrier\n|-damage|p1a: Spectrier|29\/100 tox\n|\n|-damage|p1a: Spectrier|17\/100 tox|[from] psn\n|upkeep\n|turn|28\n|c|\u2606leonissenbaum|is this the ultimate stall breaker team\n|c|\u2606the tr4sh man|i love playing (against) stall\n|\n|t:|1698558949\n|move|p1a: Spectrier|Shadow Ball|p2a: Dondozo\n|-crit|p2a: Dondozo\n|-damage|p2a: Dondozo|0 fnt\n|faint|p2a: Dondozo\n|\n|win|the tr4sh man\n|c|\u2606leonissenbaum|gg\n|c|\u2606the tr4sh man|gg!\n|c|\u2606the tr4sh man|!showteam\n|c| the tr4sh man|\/raw <div class=\"infobox\"><details><summary>View team<\/summary>Magearna @ Choice Specs  <br \/>Ability: Soul-Heart  <br \/>Tera Type: Fairy  <br \/>EVs: 252 HP &#x2f; 252 SpA &#x2f; 4 SpD  <br \/>Modest Nature  <br \/>IVs: 0 Atk  <br \/>- Ice Beam  <br \/>- Flash Cannon  <br \/>- Fleur Cannon  <br \/>- Volt Switch  <br \/><br \/>Dialga @ Choice Specs  <br \/>Ability: Pressure  <br \/>Tera Type: Steel  <br \/>EVs: 240 HP &#x2f; 252 SpA &#x2f; 16 Spe  <br \/>Modest Nature  <br \/>IVs: 0 Atk  <br \/>- Stealth Rock  <br \/>- Steel Beam  <br \/>- Draco Meteor  <br \/>- Earth Power  <br \/><br \/>Chi-Yu @ Choice Specs  <br \/>Ability: Beads of Ruin  <br \/>Tera Type: Fire  <br \/>EVs: 252 SpA &#x2f; 4 SpD &#x2f; 252 Spe  <br \/>Timid Nature  <br \/>IVs: 0 Atk  <br \/>- Dark Pulse  <br \/>- Flamethrower  <br \/>- Overheat  <br \/>- Fire Blast  <br \/><br \/>Palafin (F) @ Choice Specs  <br \/>Ability: Zero to Hero  <br \/>Tera Type: Normal  <br \/>EVs: 252 SpA &#x2f; 4 SpD &#x2f; 252 Spe  <br \/>Modest Nature  <br \/>- Hydro Pump  <br \/>- Ice Beam  <br \/>- Boomburst  <br \/>- Flip Turn  <br \/><br \/>Spectrier @ Choice Specs  <br \/>Ability: Grim Neigh  <br \/>Tera Type: Ghost  <br \/>EVs: 252 SpA &#x2f; 4 SpD &#x2f; 252 Spe  <br \/>Timid Nature  <br \/>IVs: 0 Atk  <br \/>- Shadow Ball  <br \/>- Psychic  <br \/>- Draining Kiss  <br \/>- Haze  <br \/><br \/>Shaymin (Shaymin-Sky) @ Choice Specs  <br \/>Ability: Serene Grace  <br \/>Tera Type: Grass  <br \/>EVs: 252 SpA &#x2f; 4 SpD &#x2f; 252 Spe  <br \/>Timid Nature  <br \/>IVs: 0 Atk  <br \/>- Seed Flare  <br \/>- Earth Power  <br \/>- Air Slash  <br \/>- Giga Drain  <br \/><br \/><\/details><\/div>\n|c| PinkScourge|The Haze horse\n|c|\u2606leonissenbaum|that palafin is a crime\n|c| PinkScourge|Lmaoooooo\n|c|\u2606the tr4sh man|all spectrier does is deny dondozo curse while dying to tspikes\n|c|\u2606the tr4sh man|lol\n|c|\u2606leonissenbaum|gg fun game\n|c|\u2606the tr4sh man|ye likewise!\n|c|\u2606the tr4sh man|i really love you and pink's team\n|c| PinkScourge|Thx, honey!\n|c|\u2606leonissenbaum|ty!\n|l| Pajoomas!\n","uploadtime":1698558955,"views":20,"p1id":"thetr4shman","p2id":"leonissenbaum","formatid":"gen9ubers","rating":0,"private":0,"password":""}