{"id":"gen9ubers-1971528646","p1":"This December","p2":"Doeiwad1","format":"[Gen 9] Ubers","log":"|j|\u2606This December\n|j|\u2606Doeiwad1\n|t:|1697745723\n|gametype|singles\n|player|p1|This December|mallow-masters|1155\n|player|p2|Doeiwad1|volkner|1162\n|teamsize|p1|6\n|teamsize|p2|6\n|gen|9\n|tier|[Gen 9] Ubers\n|rated|\n|rule|Sleep Clause Mod: Limit one foe put to sleep\n|rule|Species Clause: Limit one of each Pok\u00e9mon\n|rule|OHKO Clause: OHKO moves are banned\n|rule|Evasion Items Clause: Evasion items are banned\n|rule|Evasion Moves Clause: Evasion moves are banned\n|rule|Endless Battle Clause: Forcing endless battles is banned\n|rule|HP Percentage Mod: HP is shown in percentages\n|clearpoke\n|poke|p1|Chien-Pao|\n|poke|p1|Miraidon|\n|poke|p1|Corviknight, F|\n|poke|p1|Skeledirge, F|\n|poke|p1|Arceus-Ground|\n|poke|p1|Zacian-*|\n|poke|p2|Ditto|\n|poke|p2|Shaymin-Sky|\n|poke|p2|Arceus-Steel|\n|poke|p2|Zacian-*|\n|poke|p2|Magearna|\n|poke|p2|Ogerpon-Hearthflame, F|\n|teampreview\n|inactive|Battle timer is ON: inactive players will automatically lose when time's up. (requested by Doeiwad1)\n|c|\u2606This December|hf\n|inactive|This December has 120 seconds left.\n|c|\u2606Doeiwad1|Hf\n|\n|t:|1697745778\n|start\n|switch|p1a: Skeledirge|Skeledirge, F, shiny|100\/100\n|switch|p2a: Arceus|Arceus-Steel|100\/100\n|turn|1\n|\n|t:|1697745784\n|move|p2a: Arceus|Perish Song|p2a: Arceus\n|-start|p1a: Skeledirge|perish3|[silent]\n|-start|p2a: Arceus|perish3|[silent]\n|-fieldactivate|move: Perish Song\n|move|p1a: Skeledirge|Torch Song|p2a: Arceus\n|-supereffective|p2a: Arceus\n|-damage|p2a: Arceus|50\/100\n|-boost|p1a: Skeledirge|spa|1\n|\n|-start|p2a: Arceus|perish3\n|-start|p1a: Skeledirge|perish3\n|upkeep\n|turn|2\n|\n|t:|1697745793\n|switch|p2a: Ditto|Ditto|100\/100\n|-transform|p2a: Ditto|p1a: Skeledirge|[from] ability: Imposter\n|move|p1a: Skeledirge|Torch Song|p2a: Ditto\n|-resisted|p2a: Ditto\n|-damage|p2a: Ditto|78\/100\n|-boost|p1a: Skeledirge|spa|1\n|\n|-start|p1a: Skeledirge|perish2\n|upkeep\n|turn|3\n|\n|t:|1697745802\n|move|p2a: Ditto|Will-O-Wisp|p1a: Skeledirge\n|-immune|p1a: Skeledirge\n|move|p1a: Skeledirge|Hex|p2a: Ditto\n|-supereffective|p2a: Ditto\n|-damage|p2a: Ditto|9\/100\n|\n|-start|p1a: Skeledirge|perish1\n|upkeep\n|turn|4\n|\n|t:|1697745808\n|switch|p1a: Corviknight|Corviknight, F|100\/100\n|-ability|p1a: Corviknight|Pressure\n|move|p2a: Ditto|Will-O-Wisp|p1a: Corviknight\n|-status|p1a: Corviknight|brn\n|\n|-damage|p1a: Corviknight|94\/100 brn|[from] brn\n|upkeep\n|turn|5\n|\n|t:|1697745812\n|switch|p2a: Arceus|Arceus-Steel|50\/100\n|switch|p1a: Skeledirge|Skeledirge, F, shiny|100\/100\n|\n|upkeep\n|turn|6\n|\n|t:|1697745819\n|move|p2a: Arceus|Perish Song|p2a: Arceus\n|-start|p1a: Skeledirge|perish3|[silent]\n|-start|p2a: Arceus|perish3|[silent]\n|-fieldactivate|move: Perish Song\n|move|p1a: Skeledirge|Torch Song|p2a: Arceus\n|-supereffective|p2a: Arceus\n|-damage|p2a: Arceus|0 fnt\n|-boost|p1a: Skeledirge|spa|1\n|faint|p2a: Arceus\n|\n|-start|p1a: Skeledirge|perish3\n|upkeep\n|\n|t:|1697745828\n|switch|p2a: Zacian|Zacian|100\/100\n|-ability|p2a: Zacian|Intrepid Sword|boost\n|-boost|p2a: Zacian|atk|1\n|turn|7\n|\n|t:|1697745832\n|move|p2a: Zacian|Crunch|p1a: Skeledirge\n|-supereffective|p1a: Skeledirge\n|-damage|p1a: Skeledirge|52\/100\n|move|p1a: Skeledirge|Will-O-Wisp|p2a: Zacian|[miss]\n|-miss|p1a: Skeledirge|p2a: Zacian\n|\n|-start|p1a: Skeledirge|perish2\n|upkeep\n|turn|8\n|\n|t:|1697745835\n|move|p2a: Zacian|Crunch|p1a: Skeledirge\n|-supereffective|p1a: Skeledirge\n|-damage|p1a: Skeledirge|8\/100\n|move|p1a: Skeledirge|Will-O-Wisp|p2a: Zacian\n|-status|p2a: Zacian|brn\n|\n|-damage|p2a: Zacian|94\/100 brn|[from] brn\n|-start|p1a: Skeledirge|perish1\n|upkeep\n|turn|9\n|\n|t:|1697745847\n|switch|p1a: Arceus|Arceus-Ground|100\/100\n|move|p2a: Zacian|Crunch|p1a: Arceus\n|-damage|p1a: Arceus|80\/100\n|\n|-damage|p2a: Zacian|88\/100 brn|[from] brn\n|upkeep\n|turn|10\n|\n|t:|1697745853\n|move|p2a: Zacian|Crunch|p1a: Arceus\n|-damage|p1a: Arceus|59\/100\n|move|p1a: Arceus|Stealth Rock|p2a: Zacian\n|-sidestart|p2: Doeiwad1|move: Stealth Rock\n|\n|-damage|p2a: Zacian|82\/100 brn|[from] brn\n|upkeep\n|turn|11\n|\n|t:|1697745861\n|move|p2a: Zacian|Crunch|p1a: Arceus\n|-damage|p1a: Arceus|41\/100\n|move|p1a: Arceus|Recover|p1a: Arceus\n|-heal|p1a: Arceus|91\/100\n|\n|-damage|p2a: Zacian|76\/100 brn|[from] brn\n|upkeep\n|turn|12\n|\n|t:|1697745864\n|switch|p2a: Ditto|Ditto|9\/100\n|-damage|p2a: Ditto|0 fnt|[from] Stealth Rock\n|faint|p2a: Ditto\n|move|p1a: Arceus|Judgment|p2: Ditto|[notarget]\n|-fail|p1a: Arceus\n|\n|upkeep\n|\n|t:|1697745869\n|switch|p2a: Magearna|Magearna|100\/100\n|-damage|p2a: Magearna|95\/100|[from] Stealth Rock\n|turn|13\n|\n|t:|1697745878\n|move|p1a: Arceus|Judgment|p2a: Magearna\n|-supereffective|p2a: Magearna\n|-damage|p2a: Magearna|6\/100\n|move|p2a: Magearna|Shift Gear|p2a: Magearna\n|-boost|p2a: Magearna|spe|2\n|-boost|p2a: Magearna|atk|1\n|\n|-heal|p2a: Magearna|12\/100|[from] item: Leftovers\n|upkeep\n|turn|14\n|\n|t:|1697745885\n|-terastallize|p2a: Magearna|Flying\n|move|p2a: Magearna|Shift Gear|p2a: Magearna\n|-boost|p2a: Magearna|spe|2\n|-boost|p2a: Magearna|atk|1\n|move|p1a: Arceus|Judgment|p2a: Magearna\n|-immune|p2a: Magearna\n|\n|-heal|p2a: Magearna|18\/100|[from] item: Leftovers\n|upkeep\n|turn|15\n|\n|t:|1697745894\n|move|p2a: Magearna|Fleur Cannon|p1a: Arceus\n|-damage|p1a: Arceus|45\/100\n|-unboost|p2a: Magearna|spa|2\n|move|p1a: Arceus|Ice Beam|p2a: Magearna\n|-supereffective|p2a: Magearna\n|-damage|p2a: Magearna|0 fnt\n|faint|p2a: Magearna\n|\n|upkeep\n|-message|Doeiwad1 forfeited.\n|\n|win|This December\n|raw|This December's rating: 1155 &rarr; <strong>1181<\/strong><br \/>(+26 for winning)\n|raw|Doeiwad1's rating: 1162 &rarr; <strong>1136<\/strong><br \/>(-26 for losing)\n|l|\u2606Doeiwad1\n|c|\u2606This December|gg\n","uploadtime":1697745903,"views":9,"p1id":"thisdecember","p2id":"doeiwad1","formatid":"gen9ubers","rating":1136,"private":0,"password":""}