{"id":"gen9ubers-1977632944","p1":"TheFlamingRepeater","p2":"canonia","format":"[Gen 9] Ubers","log":"|j|\u2606TheFlamingRepeater\n|j|\u2606canonia\n|t:|1698433625\n|gametype|singles\n|player|p1|TheFlamingRepeater|hugh|1174\n|player|p2|canonia|zinzolin|1095\n|teamsize|p1|6\n|teamsize|p2|6\n|gen|9\n|tier|[Gen 9] Ubers\n|rated|\n|rule|Sleep Clause Mod: Limit one foe put to sleep\n|rule|Species Clause: Limit one of each Pok\u00e9mon\n|rule|OHKO Clause: OHKO moves are banned\n|rule|Evasion Items Clause: Evasion items are banned\n|rule|Evasion Moves Clause: Evasion moves are banned\n|rule|Endless Battle Clause: Forcing endless battles is banned\n|rule|HP Percentage Mod: HP is shown in percentages\n|clearpoke\n|poke|p1|Zamazenta-*|\n|poke|p1|Zacian-*|\n|poke|p1|Koraidon|\n|poke|p1|Miraidon|\n|poke|p1|Arceus-Fairy|\n|poke|p1|Flutter Mane|\n|poke|p2|Spiritomb, F|\n|poke|p2|Milotic, F|\n|poke|p2|Garchomp, F|\n|poke|p2|Iron Moth|\n|poke|p2|Rotom-Wash|\n|poke|p2|Weavile, M|\n|teampreview\n|inactive|Battle timer is ON: inactive players will automatically lose when time's up. (requested by TheFlamingRepeater)\n|c|\u2606TheFlamingRepeater|gl hf\n|c|\u2606TheFlamingRepeater|why did you bring this to Ubers\n|\n|t:|1698433646\n|start\n|switch|p1a: Arceus|Arceus-Fairy|100\/100\n|switch|p2a: Weavile|Weavile, M|100\/100\n|turn|1\n|c|\u2606TheFlamingRepeater|better than beartic at least\n|\n|t:|1698433659\n|move|p2a: Weavile|Fake Out|p1a: Arceus\n|-damage|p1a: Arceus|92\/100\n|cant|p1a: Arceus|flinch\n|\n|upkeep\n|turn|2\n|\n|t:|1698433665\n|switch|p2a: Iron Moth|Iron Moth|100\/100\n|move|p1a: Arceus|Judgment|p2a: Iron Moth\n|-resisted|p2a: Iron Moth\n|-crit|p2a: Iron Moth\n|-damage|p2a: Iron Moth|79\/100\n|\n|upkeep\n|turn|3\n|\n|t:|1698433675\n|-terastallize|p1a: Arceus|Poison\n|move|p2a: Iron Moth|Sludge Wave|p1a: Arceus\n|-resisted|p1a: Arceus\n|-damage|p1a: Arceus|75\/100\n|move|p1a: Arceus|Earth Power|p2a: Iron Moth\n|-supereffective|p2a: Iron Moth\n|-damage|p2a: Iron Moth|0 fnt\n|faint|p2a: Iron Moth\n|-end|p2a: Iron Moth|Quark Drive|[silent]\n|\n|upkeep\n|\n|t:|1698433693\n|switch|p2a: Garchomp|Garchomp, F|100\/100\n|turn|4\n|\n|t:|1698433699\n|-terastallize|p2a: Garchomp|Steel\n|move|p2a: Garchomp|Earthquake|p1a: Arceus\n|-supereffective|p1a: Arceus\n|-damage|p1a: Arceus|13\/100\n|move|p1a: Arceus|Judgment|p2a: Garchomp\n|-resisted|p2a: Garchomp\n|-damage|p2a: Garchomp|72\/100\n|\n|upkeep\n|turn|5\n|\n|t:|1698433707\n|move|p2a: Garchomp|Earthquake|p1a: Arceus\n|-supereffective|p1a: Arceus\n|-damage|p1a: Arceus|0 fnt\n|faint|p1a: Arceus\n|\n|upkeep\n|\n|t:|1698433714\n|switch|p1a: Koraidon|Koraidon|100\/100\n|-weather|SunnyDay|[from] ability: Orichalcum Pulse|[of] p1a: Koraidon\n|-activate|p1a: Koraidon|Orichalcum Pulse|[source]\n|turn|6\n|\n|t:|1698433727\n|switch|p2a: Spiritomb|Spiritomb, F|100\/100\n|-ability|p2a: Spiritomb|Pressure\n|move|p1a: Koraidon|Flare Blitz|p2a: Spiritomb\n|-damage|p2a: Spiritomb|15\/100\n|-enditem|p2a: Spiritomb|Sitrus Berry|[eat]\n|-heal|p2a: Spiritomb|40\/100|[from] item: Sitrus Berry\n|-damage|p1a: Koraidon|76\/100|[from] Recoil\n|\n|-weather|SunnyDay|[upkeep]\n|upkeep\n|turn|7\n|inactive|canonia has 120 seconds left.\n|\n|t:|1698433763\n|move|p1a: Koraidon|Scale Shot|p2a: Spiritomb\n|-damage|p2a: Spiritomb|25\/100\n|-damage|p2a: Spiritomb|8\/100\n|-damage|p2a: Spiritomb|0 fnt\n|faint|p2a: Spiritomb\n|-hitcount|p2: Spiritomb|3\n|-unboost|p1a: Koraidon|def|1\n|-boost|p1a: Koraidon|spe|1\n|\n|-weather|SunnyDay|[upkeep]\n|upkeep\n|\n|t:|1698433772\n|switch|p2a: Weavile|Weavile, M|100\/100\n|turn|8\n|\n|t:|1698433777\n|switch|p1a: Flutter Mane|Flutter Mane|100\/100\n|-activate|p1a: Flutter Mane|ability: Protosynthesis\n|-start|p1a: Flutter Mane|protosynthesisspe\n|move|p2a: Weavile|Fake Out|p1a: Flutter Mane\n|-immune|p1a: Flutter Mane\n|\n|-weather|SunnyDay|[upkeep]\n|upkeep\n|turn|9\n|-message|canonia forfeited.\n|\n|win|TheFlamingRepeater\n|raw|TheFlamingRepeater's rating: 1174 &rarr; <strong>1193<\/strong><br \/>(+19 for winning)\n|raw|canonia's rating: 1095 &rarr; <strong>1076<\/strong><br \/>(-19 for losing)\n|l|\u2606canonia\n","uploadtime":1698433791,"views":9,"p1id":"theflamingrepeater","p2id":"canonia","formatid":"gen9ubers","rating":1076,"private":0,"password":""}