{"id":"gen9ubers-1990462008","p1":"OceanicGamer3","p2":"AlicieLizzie","format":"[Gen 9] Ubers","log":"|j|\u2606OceanicGamer3\n|j|\u2606AlicieLizzie\n|t:|1699973192\n|gametype|singles\n|player|p1|OceanicGamer3|bugcatcher-gen4dp|\n|player|p2|AlicieLizzie|marnie-masters3|\n|teamsize|p1|6\n|teamsize|p2|6\n|gen|9\n|tier|[Gen 9] Ubers\n|rule|Sleep Clause Mod: Limit one foe put to sleep\n|rule|Species Clause: Limit one of each Pok\u00e9mon\n|rule|OHKO Clause: OHKO moves are banned\n|rule|Evasion Items Clause: Evasion items are banned\n|rule|Evasion Moves Clause: Evasion moves are banned\n|rule|Endless Battle Clause: Forcing endless battles is banned\n|rule|HP Percentage Mod: HP is shown in percentages\n|clearpoke\n|poke|p1|Ogerpon-Wellspring, F|\n|poke|p1|Heatran, M|\n|poke|p1|Tornadus-Therian, M|\n|poke|p1|Palafin, M|\n|poke|p1|Zacian-*|\n|poke|p1|Spectrier|\n|poke|p2|Ninetales-Alola, F|\n|poke|p2|Baxcalibur, F|\n|poke|p2|Jirachi|\n|poke|p2|Roaring Moon|\n|poke|p2|Cyclizar, F|\n|poke|p2|Chi-Yu|\n|teampreview\n|inactive|Battle timer is ON: inactive players will automatically lose when time's up. (requested by AlicieLizzie)\n|\n|t:|1699973205\n|start\n|switch|p1a: Tornadus|Tornadus-Therian, M|100\/100\n|switch|p2a: Nine Inch Tails|Ninetales-Alola, F|100\/100\n|-weather|Snow|[from] ability: Snow Warning|[of] p2a: Nine Inch Tails\n|turn|1\n|\n|t:|1699973216\n|move|p1a: Tornadus|Taunt|p2a: Nine Inch Tails\n|-start|p2a: Nine Inch Tails|move: Taunt\n|move|p2a: Nine Inch Tails|Blizzard|p1a: Tornadus\n|-supereffective|p1a: Tornadus\n|-damage|p1a: Tornadus|2\/100\n|\n|-weather|Snow|[upkeep]\n|upkeep\n|turn|2\n|\n|t:|1699973225\n|move|p1a: Tornadus|U-turn|p2a: Nine Inch Tails\n|-resisted|p2a: Nine Inch Tails\n|-damage|p2a: Nine Inch Tails|92\/100\n|\n|t:|1699973228\n|switch|p1a: Heatran|Heatran, M|100\/100|[from] U-turn\n|move|p2a: Nine Inch Tails|Blizzard|p1a: Heatran\n|-resisted|p1a: Heatran\n|-damage|p1a: Heatran|94\/100\n|\n|-weather|Snow|[upkeep]\n|-heal|p1a: Heatran|100\/100|[from] item: Leftovers\n|upkeep\n|turn|3\n|\n|t:|1699973240\n|switch|p2a: Iron (Head) Maiden|Jirachi|100\/100\n|move|p1a: Heatran|Stealth Rock|p2a: Iron (Head) Maiden\n|-sidestart|p2: AlicieLizzie|move: Stealth Rock\n|\n|-weather|Snow|[upkeep]\n|upkeep\n|turn|4\n|\n|t:|1699973249\n|move|p2a: Iron (Head) Maiden|Drain Punch|p1a: Heatran\n|-supereffective|p1a: Heatran\n|-damage|p1a: Heatran|63\/100\n|move|p1a: Heatran|Magma Storm|p2a: Iron (Head) Maiden\n|-supereffective|p2a: Iron (Head) Maiden\n|-damage|p2a: Iron (Head) Maiden|18\/100\n|-activate|p2a: Iron (Head) Maiden|move: Magma Storm|[of] p1a: Heatran\n|\n|-weather|Snow|[upkeep]\n|-heal|p1a: Heatran|69\/100|[from] item: Leftovers\n|-damage|p2a: Iron (Head) Maiden|5\/100|[from] move: Magma Storm|[partiallytrapped]\n|upkeep\n|turn|5\n|\n|t:|1699973273\n|switch|p1a: Spectrier|Spectrier|100\/100\n|move|p2a: Iron (Head) Maiden|Drain Punch|p1a: Spectrier\n|-immune|p1a: Spectrier\n|\n|-weather|none\n|-end|p2a: Iron (Head) Maiden|Magma Storm|[partiallytrapped]|[silent]\n|upkeep\n|turn|6\n|l|\u2606OceanicGamer3\n|inactive|OceanicGamer3 disconnected and has 300 seconds to reconnect!\n|player|p1|\n|inactive|OceanicGamer3 has 270 seconds to reconnect!\n|c|\u2606AlicieLizzie|bruh\n|j|\u2606OceanicGamer3\n|inactive|OceanicGamer3 reconnected and has 290 seconds left.\n|player|p1|OceanicGamer3|bugcatcher-gen4dp\n|c|\u2606OceanicGamer3|My bad\n|\n|t:|1699973338\n|switch|p2a: Nine Inch Tails|Ninetales-Alola, F|92\/100\n|-damage|p2a: Nine Inch Tails|68\/100|[from] Stealth Rock\n|-weather|Snow|[from] ability: Snow Warning|[of] p2a: Nine Inch Tails\n|move|p1a: Spectrier|Shadow Ball|p2a: Nine Inch Tails\n|-damage|p2a: Nine Inch Tails|15\/100\n|\n|-weather|Snow|[upkeep]\n|upkeep\n|turn|7\n|\n|t:|1699973351\n|switch|p2a: R.H Chi-Yu Peppers|Chi-Yu|100\/100\n|-damage|p2a: R.H Chi-Yu Peppers|76\/100|[from] Stealth Rock\n|-ability|p2a: R.H Chi-Yu Peppers|Beads of Ruin\n|move|p1a: Spectrier|Shadow Ball|p2a: R.H Chi-Yu Peppers\n|-resisted|p2a: R.H Chi-Yu Peppers\n|-damage|p2a: R.H Chi-Yu Peppers|49\/100\n|\n|-weather|Snow|[upkeep]\n|upkeep\n|turn|8\n|\n|t:|1699973362\n|move|p2a: R.H Chi-Yu Peppers|Dark Pulse|p1a: Spectrier\n|-supereffective|p1a: Spectrier\n|-damage|p1a: Spectrier|0 fnt\n|faint|p1a: Spectrier\n|\n|-weather|Snow|[upkeep]\n|upkeep\n|\n|t:|1699973369\n|switch|p1a: Zacian|Zacian|100\/100\n|-ability|p1a: Zacian|Intrepid Sword|boost\n|-boost|p1a: Zacian|atk|1\n|turn|9\n|\n|t:|1699973376\n|move|p2a: R.H Chi-Yu Peppers|Dark Pulse|p1a: Zacian\n|-resisted|p1a: Zacian\n|-damage|p1a: Zacian|73\/100\n|move|p1a: Zacian|Play Rough|p2a: R.H Chi-Yu Peppers\n|-damage|p2a: R.H Chi-Yu Peppers|0 fnt\n|faint|p2a: R.H Chi-Yu Peppers\n|\n|-weather|Snow|[upkeep]\n|upkeep\n|\n|t:|1699973382\n|switch|p2a: Round and Round|Cyclizar, F|100\/100\n|turn|10\n|\n|t:|1699973390\n|switch|p1a: Tornadus|Tornadus-Therian, M|35\/100\n|-terastallize|p2a: Round and Round|Steel\n|move|p2a: Round and Round|Rapid Spin|p1a: Tornadus\n|-damage|p1a: Tornadus|11\/100\n|-boost|p2a: Round and Round|spe|1\n|-sideend|p2: AlicieLizzie|Stealth Rock|[from] move: Rapid Spin|[of] p2a: Round and Round\n|\n|-weather|none\n|upkeep\n|turn|11\n|\n|t:|1699973397\n|move|p2a: Round and Round|Knock Off|p1a: Tornadus\n|-damage|p1a: Tornadus|0 fnt\n|-enditem|p1a: Tornadus|Heavy-Duty Boots|[from] move: Knock Off|[of] p2a: Round and Round\n|faint|p1a: Tornadus\n|\n|upkeep\n|\n|t:|1699973407\n|switch|p1a: Heatran|Heatran, M|69\/100\n|turn|12\n|\n|t:|1699973411\n|move|p2a: Round and Round|Shed Tail|p2a: Round and Round\n|-start|p2a: Round and Round|Substitute|[from] move: Shed Tail\n|-damage|p2a: Round and Round|50\/100\n|\n|t:|1699973414\n|switch|p2a: Nine Inch Tails|Ninetales-Alola, F|15\/100|[from] Shed Tail\n|-weather|Snow|[from] ability: Snow Warning|[of] p2a: Nine Inch Tails\n|move|p1a: Heatran|Earth Power|p2a: Nine Inch Tails\n|-activate|p2a: Nine Inch Tails|move: Substitute|[damage]\n|\n|-weather|Snow|[upkeep]\n|-heal|p1a: Heatran|75\/100|[from] item: Leftovers\n|upkeep\n|turn|13\n|\n|t:|1699973424\n|move|p2a: Nine Inch Tails|Aurora Veil|p2a: Nine Inch Tails\n|-sidestart|p2: AlicieLizzie|move: Aurora Veil\n|move|p1a: Heatran|Earth Power|p2a: Nine Inch Tails\n|-end|p2a: Nine Inch Tails|Substitute\n|\n|-weather|Snow|[upkeep]\n|-heal|p1a: Heatran|81\/100|[from] item: Leftovers\n|upkeep\n|turn|14\n|\n|t:|1699973439\n|switch|p2a: Bad Moon Rising|Roaring Moon|100\/100\n|-enditem|p2a: Bad Moon Rising|Booster Energy\n|-activate|p2a: Bad Moon Rising|ability: Protosynthesis|[fromitem]\n|-start|p2a: Bad Moon Rising|protosynthesisspe\n|move|p1a: Heatran|Earth Power|p2a: Bad Moon Rising\n|-damage|p2a: Bad Moon Rising|88\/100\n|-unboost|p2a: Bad Moon Rising|spd|1\n|\n|-weather|Snow|[upkeep]\n|-heal|p1a: Heatran|88\/100|[from] item: Leftovers\n|upkeep\n|turn|15\n|\n|t:|1699973452\n|move|p2a: Bad Moon Rising|Dragon Dance|p2a: Bad Moon Rising\n|-boost|p2a: Bad Moon Rising|atk|1\n|-boost|p2a: Bad Moon Rising|spe|1\n|move|p1a: Heatran|Will-O-Wisp|p2a: Bad Moon Rising\n|-status|p2a: Bad Moon Rising|brn\n|\n|-weather|Snow|[upkeep]\n|-heal|p1a: Heatran|94\/100|[from] item: Leftovers\n|-damage|p2a: Bad Moon Rising|82\/100 brn|[from] brn\n|upkeep\n|turn|16\n|\n|t:|1699973460\n|move|p2a: Bad Moon Rising|Dragon Dance|p2a: Bad Moon Rising\n|-boost|p2a: Bad Moon Rising|atk|1\n|-boost|p2a: Bad Moon Rising|spe|1\n|move|p1a: Heatran|Stealth Rock|p2a: Bad Moon Rising\n|-sidestart|p2: AlicieLizzie|move: Stealth Rock\n|\n|-weather|none\n|-heal|p1a: Heatran|99\/100|[from] item: Leftovers\n|-damage|p2a: Bad Moon Rising|76\/100 brn|[from] brn\n|upkeep\n|turn|17\n|\n|t:|1699973465\n|move|p2a: Bad Moon Rising|Dragon Dance|p2a: Bad Moon Rising\n|-boost|p2a: Bad Moon Rising|atk|1\n|-boost|p2a: Bad Moon Rising|spe|1\n|move|p1a: Heatran|Magma Storm|p2a: Bad Moon Rising\n|-resisted|p2a: Bad Moon Rising\n|-damage|p2a: Bad Moon Rising|60\/100 brn\n|-activate|p2a: Bad Moon Rising|move: Magma Storm|[of] p1a: Heatran\n|\n|-heal|p1a: Heatran|100\/100|[from] item: Leftovers\n|-damage|p2a: Bad Moon Rising|54\/100 brn|[from] brn\n|-damage|p2a: Bad Moon Rising|42\/100 brn|[from] move: Magma Storm|[partiallytrapped]\n|upkeep\n|turn|18\n|\n|t:|1699973477\n|-terastallize|p1a: Heatran|Grass\n|move|p2a: Bad Moon Rising|Knock Off|p1a: Heatran\n|-damage|p1a: Heatran|45\/100\n|-enditem|p1a: Heatran|Leftovers|[from] move: Knock Off|[of] p2a: Bad Moon Rising\n|move|p1a: Heatran|Earth Power|p2a: Bad Moon Rising\n|-damage|p2a: Bad Moon Rising|23\/100 brn\n|-unboost|p2a: Bad Moon Rising|spd|1\n|\n|-damage|p2a: Bad Moon Rising|17\/100 brn|[from] brn\n|-damage|p2a: Bad Moon Rising|5\/100 brn|[from] move: Magma Storm|[partiallytrapped]\n|upkeep\n|turn|19\n|\n|t:|1699973485\n|move|p2a: Bad Moon Rising|Acrobatics|p1a: Heatran\n|-supereffective|p1a: Heatran\n|-damage|p1a: Heatran|0 fnt\n|faint|p1a: Heatran\n|\n|-damage|p2a: Bad Moon Rising|0 fnt|[from] brn\n|faint|p2a: Bad Moon Rising\n|-end|p2a: Bad Moon Rising|Protosynthesis|[silent]\n|upkeep\n|\n|t:|1699973490\n|switch|p2a: Round and Round|Cyclizar, F, tera:Steel|84\/100\n|switch|p1a: Palafin|Palafin, M|100\/100\n|turn|20\n|c|\u2606OceanicGamer3|I was expecting eq\n|\n|t:|1699973503\n|move|p2a: Round and Round|Rapid Spin|p1a: Palafin\n|-crit|p1a: Palafin\n|-damage|p1a: Palafin|67\/100\n|-boost|p2a: Round and Round|spe|1\n|-sideend|p2: AlicieLizzie|Stealth Rock|[from] move: Rapid Spin|[of] p2a: Round and Round\n|move|p1a: Palafin|Flip Turn|p2a: Round and Round\n|-damage|p2a: Round and Round|60\/100\n|\n|t:|1699973513\n|detailschange|p1a: Palafin|Palafin-Hero, M\n|switch|p1a: Ogerpon|Ogerpon-Wellspring, F|100\/100|[from] Flip Turn\n|\n|-sideend|p2: AlicieLizzie|move: Aurora Veil\n|upkeep\n|turn|21\n|\n|t:|1699973520\n|move|p2a: Round and Round|Shed Tail|p2a: Round and Round\n|-start|p2a: Round and Round|Substitute|[from] move: Shed Tail\n|-damage|p2a: Round and Round|10\/100\n|\n|t:|1699973522\n|switch|p2a: Nine Inch Tails|Ninetales-Alola, F|15\/100|[from] Shed Tail\n|-weather|Snow|[from] ability: Snow Warning|[of] p2a: Nine Inch Tails\n|move|p1a: Ogerpon|Knock Off|p2a: Nine Inch Tails\n|-resisted|p2a: Nine Inch Tails\n|-activate|p2a: Nine Inch Tails|move: Substitute|[damage]\n|\n|-weather|Snow|[upkeep]\n|upkeep\n|turn|22\n|\n|t:|1699973531\n|move|p1a: Ogerpon|U-turn|p2a: Nine Inch Tails\n|-resisted|p2a: Nine Inch Tails\n|-end|p2a: Nine Inch Tails|Substitute\n|\n|t:|1699973535\n|switch|p1a: Zacian|Zacian|73\/100|[from] U-turn\n|move|p2a: Nine Inch Tails|Aurora Veil|p2a: Nine Inch Tails\n|-sidestart|p2: AlicieLizzie|move: Aurora Veil\n|\n|-weather|Snow|[upkeep]\n|upkeep\n|turn|23\n|\n|t:|1699973542\n|move|p1a: Zacian|Close Combat|p2a: Nine Inch Tails\n|-damage|p2a: Nine Inch Tails|0 fnt\n|-unboost|p1a: Zacian|def|1\n|-unboost|p1a: Zacian|spd|1\n|faint|p2a: Nine Inch Tails\n|\n|-weather|Snow|[upkeep]\n|upkeep\n|\n|t:|1699973545\n|switch|p2a: Iron (Head) Maiden|Jirachi|5\/100\n|turn|24\n|\n|t:|1699973548\n|move|p2a: Iron (Head) Maiden|Iron Head|p1a: Zacian\n|-supereffective|p1a: Zacian\n|-damage|p1a: Zacian|0 fnt\n|faint|p1a: Zacian\n|\n|-weather|Snow|[upkeep]\n|upkeep\n|\n|t:|1699973550\n|switch|p1a: Palafin|Palafin-Hero, M|67\/100\n|-activate|p1a: Palafin|ability: Zero to Hero\n|turn|25\n|\n|t:|1699973560\n|move|p2a: Iron (Head) Maiden|Iron Head|p1a: Palafin\n|-resisted|p1a: Palafin\n|-damage|p1a: Palafin|47\/100\n|cant|p1a: Palafin|flinch\n|\n|-weather|none\n|upkeep\n|turn|26\n|\n|t:|1699973566\n|move|p2a: Iron (Head) Maiden|Iron Head|p1a: Palafin\n|-resisted|p1a: Palafin\n|-crit|p1a: Palafin\n|-damage|p1a: Palafin|20\/100\n|cant|p1a: Palafin|flinch\n|\n|upkeep\n|turn|27\n|\n|t:|1699973568\n|move|p1a: Palafin|Jet Punch|p2a: Iron (Head) Maiden\n|-damage|p2a: Iron (Head) Maiden|0 fnt\n|faint|p2a: Iron (Head) Maiden\n|\n|upkeep\n|\n|t:|1699973571\n|switch|p2a: Bax in Black|Baxcalibur, F|100\/100\n|turn|28\n|\n|t:|1699973576\n|switch|p1a: Ogerpon|Ogerpon-Wellspring, F|100\/100\n|move|p2a: Bax in Black|Scale Shot|p1a: Ogerpon\n|-damage|p1a: Ogerpon|82\/100\n|-damage|p1a: Ogerpon|63\/100\n|-damage|p1a: Ogerpon|45\/100\n|-damage|p1a: Ogerpon|24\/100\n|-damage|p1a: Ogerpon|4\/100\n|-hitcount|p1a: Ogerpon|5\n|-unboost|p2a: Bax in Black|def|1\n|-boost|p2a: Bax in Black|spe|1\n|\n|upkeep\n|turn|29\n|\n|t:|1699973582\n|move|p2a: Bax in Black|Icicle Spear|p1a: Ogerpon\n|-damage|p1a: Ogerpon|0 fnt\n|faint|p1a: Ogerpon\n|-hitcount|p1: Ogerpon|1\n|\n|-sideend|p2: AlicieLizzie|move: Aurora Veil\n|upkeep\n|\n|t:|1699973583\n|switch|p1a: Palafin|Palafin-Hero, M|20\/100\n|turn|30\n|\n|t:|1699973585\n|move|p2a: Bax in Black|Icicle Spear|p1a: Palafin\n|-resisted|p1a: Palafin\n|-crit|p1a: Palafin\n|-damage|p1a: Palafin|9\/100\n|-resisted|p1a: Palafin\n|-damage|p1a: Palafin|2\/100\n|-resisted|p1a: Palafin\n|-damage|p1a: Palafin|0 fnt\n|faint|p1a: Palafin\n|-hitcount|p1: Palafin|3\n|\n|win|AlicieLizzie\n|c|\u2606AlicieLizzie|gg\n|c|\u2606OceanicGamer3|Gg\n","uploadtime":1699973594,"views":15,"p1id":"oceanicgamer3","p2id":"alicielizzie","formatid":"gen9ubers","rating":0,"private":0,"password":""}