{"id":"gen9ubers-1967842563","p1":"Puptup","p2":"godsgifttogaming","format":"[Gen 9] Ubers","log":"|j|\u2606Puptup\n|j|\u2606godsgifttogaming\n|t:|1697345459\n|gametype|singles\n|player|p1|Puptup|burglar|\n|player|p2|godsgifttogaming|brycenman|\n|teamsize|p1|6\n|teamsize|p2|6\n|gen|9\n|tier|[Gen 9] Ubers\n|rule|Sleep Clause Mod: Limit one foe put to sleep\n|rule|Species Clause: Limit one of each Pok\u00e9mon\n|rule|OHKO Clause: OHKO moves are banned\n|rule|Evasion Items Clause: Evasion items are banned\n|rule|Evasion Moves Clause: Evasion moves are banned\n|rule|Endless Battle Clause: Forcing endless battles is banned\n|rule|HP Percentage Mod: HP is shown in percentages\n|clearpoke\n|poke|p1|Iron Valiant|\n|poke|p1|Slowking-Galar, M|\n|poke|p1|Iron Treads|\n|poke|p1|Cetitan, F|\n|poke|p1|Alomomola, M|\n|poke|p1|Slither Wing|\n|poke|p2|Glimmora, M|\n|poke|p2|Rillaboom, F|\n|poke|p2|Iron Bundle|\n|poke|p2|Krookodile, F|\n|poke|p2|Hawlucha, M|\n|poke|p2|Lokix, F|\n|teampreview\n|\n|t:|1697345469\n|start\n|switch|p1a: Mr Rock|Iron Treads|100\/100\n|switch|p2a: mr incredible|Iron Bundle, shiny|100\/100\n|turn|1\n|\n|t:|1697345475\n|-end|p1a: Mr Rock|Quark Drive|[silent]\n|switch|p1a: Book Smart|Slowking-Galar, M|100\/100\n|move|p2a: mr incredible|Hydro Pump|p1a: Book Smart\n|-damage|p1a: Book Smart|51\/100\n|\n|-heal|p1a: Book Smart|57\/100|[from] item: Black Sludge\n|upkeep\n|turn|2\n|\n|t:|1697345488\n|move|p2a: mr incredible|Hydro Pump|p1a: Book Smart|[miss]\n|-miss|p2a: mr incredible|p1a: Book Smart\n|move|p1a: Book Smart|Chilly Reception|p1a: Book Smart\n|-weather|Snow\n|\n|t:|1697345498\n|switch|p1a: Olivia|Cetitan, F|100\/100|[from] Chilly Reception\n|\n|-weather|Snow|[upkeep]\n|upkeep\n|turn|3\n|\n|t:|1697345508\n|move|p2a: mr incredible|Hydro Pump|p1a: Olivia\n|-damage|p1a: Olivia|63\/100\n|move|p1a: Olivia|Superpower|p2a: mr incredible\n|-supereffective|p2a: mr incredible\n|-damage|p2a: mr incredible|41\/100\n|-unboost|p1a: Olivia|atk|1\n|-unboost|p1a: Olivia|def|1\n|\n|-weather|Snow|[upkeep]\n|upkeep\n|turn|4\n|\n|t:|1697345513\n|move|p2a: mr incredible|Hydro Pump|p1a: Olivia|[miss]\n|-miss|p2a: mr incredible|p1a: Olivia\n|move|p1a: Olivia|Superpower|p2a: mr incredible\n|-supereffective|p2a: mr incredible\n|-damage|p2a: mr incredible|2\/100\n|-unboost|p1a: Olivia|atk|1\n|-unboost|p1a: Olivia|def|1\n|\n|-weather|Snow|[upkeep]\n|upkeep\n|turn|5\n|\n|t:|1697345515\n|move|p1a: Olivia|Ice Shard|p2a: mr incredible\n|-resisted|p2a: mr incredible\n|-damage|p2a: mr incredible|1\/100\n|move|p2a: mr incredible|Hydro Pump|p1a: Olivia|[miss]\n|-miss|p2a: mr incredible|p1a: Olivia\n|\n|-weather|Snow|[upkeep]\n|upkeep\n|turn|6\n|\n|t:|1697345518\n|move|p1a: Olivia|Ice Shard|p2a: mr incredible\n|-resisted|p2a: mr incredible\n|-damage|p2a: mr incredible|0 fnt\n|faint|p2a: mr incredible\n|-end|p2a: mr incredible|Quark Drive|[silent]\n|\n|-weather|none\n|upkeep\n|c|\u2606godsgifttogaming|if its not 100% accurate its 50% accurate\n|c|\u2606Puptup|Dude I feel so bad\n|\n|t:|1697345542\n|switch|p2a: soogsx on twitter|Glimmora, M|100\/100\n|turn|7\n|c|\u2606Puptup|that was crazy\n|\n|t:|1697345547\n|switch|p1a: Book Smart|Slowking-Galar, M|91\/100\n|move|p2a: soogsx on twitter|Stealth Rock|p1a: Book Smart\n|-sidestart|p1: Puptup|move: Stealth Rock\n|\n|-heal|p1a: Book Smart|97\/100|[from] item: Black Sludge\n|upkeep\n|turn|8\n|c|\u2606godsgifttogaming|it dont matta\n|\n|t:|1697345565\n|move|p2a: soogsx on twitter|Toxic Spikes|p1a: Book Smart\n|-sidestart|p1: Puptup|move: Toxic Spikes\n|move|p1a: Book Smart|Earthquake|p2a: soogsx on twitter\n|-supereffective|p2a: soogsx on twitter\n|-damage|p2a: soogsx on twitter|24\/100\n|-activate|p2a: soogsx on twitter|ability: Toxic Debris\n|-sidestart|p1: Puptup|move: Toxic Spikes\n|\n|-heal|p1a: Book Smart|100\/100|[from] item: Black Sludge\n|upkeep\n|turn|9\n|\n|t:|1697345573\n|move|p2a: soogsx on twitter|Spikes|p1a: Book Smart\n|-sidestart|p1: Puptup|Spikes\n|move|p1a: Book Smart|Chilly Reception|p1a: Book Smart\n|-weather|Snow\n|\n|t:|1697345577\n|switch|p1a: Mr Rock|Iron Treads|100\/100|[from] Chilly Reception\n|-damage|p1a: Mr Rock|97\/100|[from] Stealth Rock\n|-damage|p1a: Mr Rock|85\/100|[from] Spikes\n|\n|-weather|Snow|[upkeep]\n|upkeep\n|turn|10\n|\n|t:|1697345581\n|move|p1a: Mr Rock|Rapid Spin|p2a: soogsx on twitter\n|-resisted|p2a: soogsx on twitter\n|-damage|p2a: soogsx on twitter|14\/100\n|-boost|p1a: Mr Rock|spe|1\n|-sideend|p1: Puptup|Spikes|[from] move: Rapid Spin|[of] p1a: Mr Rock\n|-sideend|p1: Puptup|Toxic Spikes|[from] move: Rapid Spin|[of] p1a: Mr Rock\n|-sideend|p1: Puptup|Stealth Rock|[from] move: Rapid Spin|[of] p1a: Mr Rock\n|move|p2a: soogsx on twitter|Stealth Rock|p1a: Mr Rock\n|-sidestart|p1: Puptup|move: Stealth Rock\n|\n|-weather|Snow|[upkeep]\n|upkeep\n|turn|11\n|\n|t:|1697345588\n|move|p1a: Mr Rock|Earthquake|p2a: soogsx on twitter\n|-supereffective|p2a: soogsx on twitter\n|-damage|p2a: soogsx on twitter|0 fnt\n|-activate|p2a: soogsx on twitter|ability: Toxic Debris\n|-sidestart|p1: Puptup|move: Toxic Spikes\n|faint|p2a: soogsx on twitter\n|\n|-weather|Snow|[upkeep]\n|upkeep\n|\n|t:|1697345593\n|switch|p2a: Benson|Rillaboom, F|100\/100\n|-fieldstart|move: Grassy Terrain|[from] ability: Grassy Surge|[of] p2a: Benson\n|turn|12\n|\n|t:|1697345596\n|move|p1a: Mr Rock|Megahorn|p2a: Benson|[miss]\n|-miss|p1a: Mr Rock|p2a: Benson\n|move|p2a: Benson|Swords Dance|p2a: Benson\n|-boost|p2a: Benson|atk|2\n|\n|-weather|Snow|[upkeep]\n|-heal|p1a: Mr Rock|91\/100|[from] Grassy Terrain\n|upkeep\n|turn|13\n|c|\u2606godsgifttogaming|:skull:\n|\n|t:|1697345611\n|move|p1a: Mr Rock|Megahorn|p2a: Benson|[miss]\n|-miss|p1a: Mr Rock|p2a: Benson\n|move|p2a: Benson|Drain Punch|p1a: Mr Rock\n|-supereffective|p1a: Mr Rock\n|-damage|p1a: Mr Rock|0 fnt\n|faint|p1a: Mr Rock\n|-end|p1a: Mr Rock|Quark Drive|[silent]\n|-damage|p2a: Benson|91\/100|[from] item: Life Orb\n|\n|-weather|none\n|-heal|p2a: Benson|97\/100|[from] Grassy Terrain\n|upkeep\n|c|\u2606godsgifttogaming|LMAO\n|\n|t:|1697345615\n|switch|p1a: Rodrigo|Slither Wing, shiny|100\/100\n|-damage|p1a: Rodrigo|88\/100|[from] Stealth Rock\n|-status|p1a: Rodrigo|psn\n|turn|14\n|c|\u2606Puptup|Deserved\n|\n|t:|1697345624\n|move|p1a: Rodrigo|First Impression|p2a: Benson\n|-supereffective|p2a: Benson\n|-damage|p2a: Benson|0 fnt\n|faint|p2a: Benson\n|\n|-heal|p1a: Rodrigo|94\/100 psn|[from] Grassy Terrain\n|-heal|p1a: Rodrigo|100\/100 psn|[from] item: Leftovers\n|-damage|p1a: Rodrigo|88\/100 psn|[from] psn\n|upkeep\n|\n|t:|1697345629\n|switch|p2a: John|Hawlucha, M|100\/100\n|-enditem|p2a: John|Grassy Seed\n|-boost|p2a: John|def|1|[from] item: Grassy Seed\n|turn|15\n|\n|t:|1697345633\n|-end|p1a: Rodrigo|Protosynthesis|[silent]\n|switch|p1a: Money Smart|Alomomola, M|100\/100\n|-damage|p1a: Money Smart|88\/100|[from] Stealth Rock\n|-status|p1a: Money Smart|psn\n|move|p2a: John|Swords Dance|p2a: John\n|-boost|p2a: John|atk|2\n|\n|-heal|p1a: Money Smart|94\/100 psn|[from] Grassy Terrain\n|-heal|p1a: Money Smart|100\/100 psn|[from] item: Leftovers\n|-damage|p1a: Money Smart|88\/100 psn|[from] psn\n|upkeep\n|turn|16\n|\n|t:|1697345640\n|move|p2a: John|Acrobatics|p1a: Money Smart\n|-damage|p1a: Money Smart|31\/100 psn\n|move|p1a: Money Smart|Scald|p2a: John\n|-damage|p2a: John|73\/100\n|\n|-heal|p1a: Money Smart|37\/100 psn|[from] Grassy Terrain\n|-heal|p1a: Money Smart|43\/100 psn|[from] item: Leftovers\n|-damage|p1a: Money Smart|31\/100 psn|[from] psn\n|-fieldend|move: Grassy Terrain\n|upkeep\n|turn|17\n|\n|t:|1697345650\n|switch|p1a: Book Smart|Slowking-Galar, M|100\/100\n|-damage|p1a: Book Smart|88\/100|[from] Stealth Rock\n|-sideend|p1: Puptup|move: Toxic Spikes|[of] p1a: Book Smart\n|move|p2a: John|Acrobatics|p1a: Book Smart\n|-damage|p1a: Book Smart|0 fnt\n|faint|p1a: Book Smart\n|\n|upkeep\n|\n|t:|1697345672\n|switch|p1a: Money Smart|Alomomola, M|64\/100 psn\n|-damage|p1a: Money Smart|52\/100 psn|[from] Stealth Rock\n|turn|18\n|\n|t:|1697345676\n|switch|p1a: Jay Eazy|Iron Valiant|100\/100\n|-damage|p1a: Jay Eazy|94\/100|[from] Stealth Rock\n|move|p2a: John|Acrobatics|p1a: Jay Eazy\n|-supereffective|p1a: Jay Eazy\n|-damage|p1a: Jay Eazy|0 fnt\n|faint|p1a: Jay Eazy\n|-end|p1a: Jay Eazy|Quark Drive|[silent]\n|\n|upkeep\n|\n|t:|1697345677\n|switch|p1a: Money Smart|Alomomola, M|85\/100 psn\n|-damage|p1a: Money Smart|72\/100 psn|[from] Stealth Rock\n|turn|19\n|\n|t:|1697345681\n|move|p2a: John|Acrobatics|p1a: Money Smart\n|-damage|p1a: Money Smart|17\/100 psn\n|move|p1a: Money Smart|Scald|p2a: John\n|-damage|p2a: John|46\/100\n|\n|-heal|p1a: Money Smart|23\/100 psn|[from] item: Leftovers\n|-damage|p1a: Money Smart|11\/100 psn|[from] psn\n|upkeep\n|turn|20\n|\n|t:|1697345687\n|move|p2a: John|Acrobatics|p1a: Money Smart\n|-damage|p1a: Money Smart|0 fnt\n|faint|p1a: Money Smart\n|\n|upkeep\n|\n|t:|1697345688\n|switch|p1a: Olivia|Cetitan, F|63\/100\n|-damage|p1a: Olivia|38\/100|[from] Stealth Rock\n|turn|21\n|\n|t:|1697345689\n|move|p1a: Olivia|Ice Shard|p2a: John\n|-supereffective|p2a: John\n|-damage|p2a: John|6\/100\n|move|p2a: John|Acrobatics|p1a: Olivia\n|-damage|p1a: Olivia|0 fnt\n|faint|p1a: Olivia\n|\n|upkeep\n|\n|t:|1697345691\n|switch|p1a: Rodrigo|Slither Wing, shiny|88\/100 psn\n|-damage|p1a: Rodrigo|76\/100 psn|[from] Stealth Rock\n|turn|22\n|\n|t:|1697345693\n|move|p1a: Rodrigo|First Impression|p2a: John\n|-resisted|p2a: John\n|-damage|p2a: John|0 fnt\n|faint|p2a: John\n|\n|-heal|p1a: Rodrigo|82\/100 psn|[from] item: Leftovers\n|-damage|p1a: Rodrigo|70\/100 psn|[from] psn\n|upkeep\n|\n|t:|1697345710\n|switch|p2a: zuko|Lokix, F|100\/100\n|turn|23\n|\n|t:|1697345713\n|move|p2a: zuko|Sucker Punch|p1a: Rodrigo\n|-resisted|p1a: Rodrigo\n|-damage|p1a: Rodrigo|28\/100 psn\n|move|p1a: Rodrigo|U-turn|p2a: zuko\n|-supereffective|p2a: zuko\n|-damage|p2a: zuko|0 fnt\n|faint|p2a: zuko\n|\n|-heal|p1a: Rodrigo|34\/100 psn|[from] item: Leftovers\n|-damage|p1a: Rodrigo|22\/100 psn|[from] psn\n|upkeep\n|\n|t:|1697345715\n|switch|p2a: Jidion|Krookodile, F|100\/100\n|turn|24\n|\n|t:|1697345717\n|move|p2a: Jidion|Knock Off|p1a: Rodrigo\n|-resisted|p1a: Rodrigo\n|-crit|p1a: Rodrigo\n|-damage|p1a: Rodrigo|0 fnt\n|-enditem|p1a: Rodrigo|Leftovers|[from] move: Knock Off|[of] p2a: Jidion\n|faint|p1a: Rodrigo\n|-end|p1a: Rodrigo|Protosynthesis|[silent]\n|\n|win|godsgifttogaming\n|c|\u2606godsgifttogaming|ggs\n|c|\u2606Puptup|gg\n|l|\u2606godsgifttogaming\n|c|\u2606Puptup|You wanna post it or me\n|player|p1|Puptup|burglar\n","uploadtime":1697345724,"views":38,"p1id":"puptup","p2id":"godsgifttogaming","formatid":"gen9ubers","rating":0,"private":0,"password":""}