{"id":"gen9ubers-1979968714","p1":"GoakinHuntForR.O.","p2":"wsjlyr","format":"[Gen 9] Ubers","log":"|j|\u2606GoakinHuntForR.O.\n|j|\u2606wsjlyr\n|t:|1698739033\n|gametype|singles\n|player|p1|GoakinHuntForR.O.|n|1428\n|player|p2|wsjlyr|lucas|1382\n|teamsize|p1|6\n|teamsize|p2|6\n|gen|9\n|tier|[Gen 9] Ubers\n|rated|\n|rule|Sleep Clause Mod: Limit one foe put to sleep\n|rule|Species Clause: Limit one of each Pok\u00e9mon\n|rule|OHKO Clause: OHKO moves are banned\n|rule|Evasion Items Clause: Evasion items are banned\n|rule|Evasion Moves Clause: Evasion moves are banned\n|rule|Endless Battle Clause: Forcing endless battles is banned\n|rule|HP Percentage Mod: HP is shown in percentages\n|clearpoke\n|poke|p1|Koraidon|\n|poke|p1|Landorus-Therian, M|\n|poke|p1|Arceus-Fairy|\n|poke|p1|Kyogre|\n|poke|p1|Ting-Lu|\n|poke|p1|Gliscor, M|\n|poke|p2|Groudon|\n|poke|p2|Arceus|\n|poke|p2|Koraidon|\n|poke|p2|Walking Wake|\n|poke|p2|Lilligant, F|\n|poke|p2|Flutter Mane|\n|teampreview\n|inactive|Battle timer is ON: inactive players will automatically lose when time's up. (requested by wsjlyr)\n|\n|t:|1698739049\n|start\n|switch|p1a: Gliscor|Gliscor, M|100\/100\n|switch|p2a: Groudon|Groudon|100\/100\n|-weather|SunnyDay|[from] ability: Drought|[of] p2a: Groudon\n|turn|1\n|\n|t:|1698739052\n|move|p1a: Gliscor|Protect|p1a: Gliscor\n|-singleturn|p1a: Gliscor|Protect\n|move|p2a: Groudon|Will-O-Wisp|p1a: Gliscor\n|-activate|p1a: Gliscor|move: Protect\n|\n|-weather|SunnyDay|[upkeep]\n|-status|p1a: Gliscor|tox|[from] item: Toxic Orb\n|upkeep\n|turn|2\n|\n|t:|1698739055\n|move|p1a: Gliscor|Toxic|p2a: Groudon\n|-status|p2a: Groudon|tox\n|move|p2a: Groudon|Stone Edge|p1a: Gliscor\n|-damage|p1a: Gliscor|64\/100 tox\n|\n|-weather|SunnyDay|[upkeep]\n|-heal|p1a: Gliscor|77\/100 tox|[from] ability: Poison Heal\n|-damage|p2a: Groudon|94\/100 tox|[from] psn\n|upkeep\n|turn|3\n|\n|t:|1698739062\n|switch|p2a: Walking Wake|Walking Wake|100\/100\n|-activate|p2a: Walking Wake|ability: Protosynthesis\n|-start|p2a: Walking Wake|protosynthesisspa\n|move|p1a: Gliscor|Spikes|p2a: Walking Wake\n|-sidestart|p2: wsjlyr|Spikes\n|\n|-weather|SunnyDay|[upkeep]\n|-heal|p1a: Gliscor|89\/100 tox|[from] ability: Poison Heal\n|upkeep\n|turn|4\n|inactive|GoakinHuntForR.O. has 120 seconds left.\n|\n|t:|1698739093\n|switch|p1a: Kyogre|Kyogre|100\/100\n|-weather|RainDance|[from] ability: Drizzle|[of] p1a: Kyogre\n|-end|p2a: Walking Wake|Protosynthesis\n|move|p2a: Walking Wake|Hydro Steam|p1a: Kyogre\n|-resisted|p1a: Kyogre\n|-damage|p1a: Kyogre|74\/100\n|\n|-weather|RainDance|[upkeep]\n|-heal|p1a: Kyogre|80\/100|[from] item: Leftovers\n|upkeep\n|turn|5\n|\n|t:|1698739105\n|-end|p2a: Walking Wake|Protosynthesis|[silent]\n|switch|p2a: Groudon|Groudon|94\/100 tox\n|-damage|p2a: Groudon|82\/100 tox|[from] Spikes\n|-weather|SunnyDay|[from] ability: Drought|[of] p2a: Groudon\n|move|p1a: Kyogre|Ice Beam|p2a: Groudon\n|-supereffective|p2a: Groudon\n|-damage|p2a: Groudon|27\/100 tox\n|\n|-weather|SunnyDay|[upkeep]\n|-heal|p1a: Kyogre|86\/100|[from] item: Leftovers\n|-damage|p2a: Groudon|21\/100 tox|[from] psn\n|upkeep\n|turn|6\n|\n|t:|1698739113\n|switch|p1a: Gliscor|Gliscor, M|89\/100 tox\n|switch|p2a: Walking Wake|Walking Wake|100\/100\n|-damage|p2a: Walking Wake|88\/100|[from] Spikes\n|-activate|p2a: Walking Wake|ability: Protosynthesis\n|-start|p2a: Walking Wake|protosynthesisspa\n|\n|-weather|SunnyDay|[upkeep]\n|-heal|p1a: Gliscor|100\/100 tox|[from] ability: Poison Heal\n|upkeep\n|turn|7\n|\n|t:|1698739122\n|switch|p1a: Kyogre|Kyogre|86\/100\n|-weather|RainDance|[from] ability: Drizzle|[of] p1a: Kyogre\n|-end|p2a: Walking Wake|Protosynthesis\n|move|p2a: Walking Wake|Draco Meteor|p1a: Kyogre\n|-damage|p1a: Kyogre|25\/100\n|-unboost|p2a: Walking Wake|spa|2\n|\n|-weather|RainDance|[upkeep]\n|-heal|p1a: Kyogre|31\/100|[from] item: Leftovers\n|upkeep\n|turn|8\n|\n|t:|1698739131\n|-end|p2a: Walking Wake|Protosynthesis|[silent]\n|switch|p2a: Groudon|Groudon|21\/100 tox\n|-damage|p2a: Groudon|9\/100 tox|[from] Spikes\n|-weather|SunnyDay|[from] ability: Drought|[of] p2a: Groudon\n|move|p1a: Kyogre|Ice Beam|p2a: Groudon\n|-supereffective|p2a: Groudon\n|-damage|p2a: Groudon|0 fnt\n|faint|p2a: Groudon\n|\n|-weather|SunnyDay|[upkeep]\n|-heal|p1a: Kyogre|38\/100|[from] item: Leftovers\n|upkeep\n|\n|t:|1698739138\n|switch|p2a: Walking Wake|Walking Wake|88\/100\n|-damage|p2a: Walking Wake|76\/100|[from] Spikes\n|-activate|p2a: Walking Wake|ability: Protosynthesis\n|-start|p2a: Walking Wake|protosynthesisspa\n|turn|9\n|\n|t:|1698739142\n|move|p2a: Walking Wake|Hydro Steam|p1a: Kyogre\n|-resisted|p1a: Kyogre\n|-damage|p1a: Kyogre|0 fnt\n|faint|p1a: Kyogre\n|\n|-weather|SunnyDay|[upkeep]\n|upkeep\n|\n|t:|1698739151\n|switch|p1a: Koraidon|Koraidon|100\/100\n|-activate|p1a: Koraidon|ability: Orichalcum Pulse\n|turn|10\n|\n|t:|1698739154\n|-terastallize|p2a: Walking Wake|Water\n|move|p1a: Koraidon|U-turn|p2a: Walking Wake\n|-damage|p2a: Walking Wake|40\/100\n|\n|t:|1698739163\n|switch|p1a: Arceus|Arceus-Fairy|100\/100|[from] U-turn\n|move|p2a: Walking Wake|Hydro Steam|p1a: Arceus\n|-damage|p1a: Arceus|0 fnt\n|faint|p1a: Arceus\n|\n|-weather|SunnyDay|[upkeep]\n|upkeep\n|\n|t:|1698739170\n|switch|p1a: Koraidon|Koraidon|100\/100\n|-activate|p1a: Koraidon|ability: Orichalcum Pulse\n|turn|11\n|\n|t:|1698739183\n|-end|p2a: Walking Wake|Protosynthesis|[silent]\n|switch|p2a: Lilligant|Lilligant, F|100\/100\n|-damage|p2a: Lilligant|88\/100|[from] Spikes\n|move|p1a: Koraidon|Low Kick|p2a: Lilligant\n|-damage|p2a: Lilligant|41\/100\n|\n|-weather|SunnyDay|[upkeep]\n|upkeep\n|turn|12\n|\n|t:|1698739194\n|move|p1a: Koraidon|Low Kick|p2a: Lilligant\n|-damage|p2a: Lilligant|0 fnt\n|faint|p2a: Lilligant\n|\n|-weather|SunnyDay|[upkeep]\n|upkeep\n|\n|t:|1698739200\n|switch|p2a: Flutter Mane|Flutter Mane|100\/100\n|-damage|p2a: Flutter Mane|88\/100|[from] Spikes\n|-activate|p2a: Flutter Mane|ability: Protosynthesis\n|-start|p2a: Flutter Mane|protosynthesisspe\n|turn|13\n|\n|t:|1698739203\n|switch|p1a: Ting-Lu|Ting-Lu|100\/100\n|-ability|p1a: Ting-Lu|Vessel of Ruin\n|move|p2a: Flutter Mane|Moonblast|p1a: Ting-Lu\n|-supereffective|p1a: Ting-Lu\n|-damage|p1a: Ting-Lu|35\/100\n|\n|-weather|SunnyDay|[upkeep]\n|-heal|p1a: Ting-Lu|41\/100|[from] item: Leftovers\n|upkeep\n|turn|14\n|\n|t:|1698739208\n|move|p2a: Flutter Mane|Moonblast|p1a: Ting-Lu\n|-supereffective|p1a: Ting-Lu\n|-damage|p1a: Ting-Lu|0 fnt\n|faint|p1a: Ting-Lu\n|\n|-weather|SunnyDay|[upkeep]\n|upkeep\n|\n|t:|1698739225\n|switch|p1a: Gliscor|Gliscor, M|100\/100 tox\n|turn|15\n|\n|t:|1698739235\n|-end|p2a: Flutter Mane|Protosynthesis|[silent]\n|switch|p2a: Arceus|Arceus|100\/100\n|-damage|p2a: Arceus|88\/100|[from] Spikes\n|move|p1a: Gliscor|Earthquake|p2a: Arceus\n|-damage|p2a: Arceus|67\/100\n|\n|-weather|none\n|-heal|p2a: Arceus|73\/100|[from] item: Leftovers\n|upkeep\n|turn|16\n|\n|t:|1698739238\n|move|p2a: Arceus|Swords Dance|p2a: Arceus\n|-boost|p2a: Arceus|atk|2\n|move|p1a: Gliscor|Toxic|p2a: Arceus\n|-status|p2a: Arceus|tox\n|\n|-heal|p2a: Arceus|79\/100 tox|[from] item: Leftovers\n|-damage|p2a: Arceus|73\/100 tox|[from] psn\n|upkeep\n|turn|17\n|\n|t:|1698739240\n|switch|p1a: Landorus|Landorus-Therian, M|100\/100\n|-ability|p1a: Landorus|Intimidate|boost\n|-unboost|p2a: Arceus|atk|1\n|move|p2a: Arceus|Swords Dance|p2a: Arceus\n|-boost|p2a: Arceus|atk|2\n|\n|-heal|p2a: Arceus|79\/100 tox|[from] item: Leftovers\n|-damage|p2a: Arceus|67\/100 tox|[from] psn\n|upkeep\n|turn|18\n|\n|t:|1698739244\n|move|p2a: Arceus|Swords Dance|p2a: Arceus\n|-boost|p2a: Arceus|atk|2\n|move|p1a: Landorus|Earthquake|p2a: Arceus\n|-damage|p2a: Arceus|36\/100 tox\n|\n|-heal|p2a: Arceus|42\/100 tox|[from] item: Leftovers\n|-damage|p2a: Arceus|23\/100 tox|[from] psn\n|upkeep\n|turn|19\n|\n|t:|1698739253\n|move|p2a: Arceus|Facade|p1a: Landorus\n|-damage|p1a: Landorus|0 fnt\n|-damage|p2a: Arceus|7\/100 tox|[from] item: Rocky Helmet|[of] p1a: Landorus\n|faint|p1a: Landorus\n|\n|-heal|p2a: Arceus|13\/100 tox|[from] item: Leftovers\n|-damage|p2a: Arceus|0 fnt|[from] psn\n|faint|p2a: Arceus\n|upkeep\n|\n|t:|1698739260\n|switch|p2a: Flutter Mane|Flutter Mane|88\/100\n|switch|p1a: Koraidon|Koraidon|100\/100\n|-weather|SunnyDay|[from] ability: Orichalcum Pulse|[of] p1a: Koraidon\n|-activate|p2a: Flutter Mane|ability: Protosynthesis\n|-start|p2a: Flutter Mane|protosynthesisspe\n|-activate|p1a: Koraidon|Orichalcum Pulse|[source]\n|-damage|p2a: Flutter Mane|76\/100|[from] Spikes\n|turn|20\n|\n|t:|1698739271\n|switch|p1a: Gliscor|Gliscor, M|100\/100 tox\n|move|p2a: Flutter Mane|Moonblast|p1a: Gliscor\n|-damage|p1a: Gliscor|29\/100 tox\n|\n|-weather|SunnyDay|[upkeep]\n|-heal|p1a: Gliscor|41\/100 tox|[from] ability: Poison Heal\n|upkeep\n|turn|21\n|\n|t:|1698739274\n|move|p1a: Gliscor|Protect|p1a: Gliscor\n|-singleturn|p1a: Gliscor|Protect\n|move|p2a: Flutter Mane|Moonblast|p1a: Gliscor\n|-activate|p1a: Gliscor|move: Protect\n|\n|-weather|SunnyDay|[upkeep]\n|-heal|p1a: Gliscor|54\/100 tox|[from] ability: Poison Heal\n|upkeep\n|turn|22\n|\n|t:|1698739277\n|move|p2a: Flutter Mane|Moonblast|p1a: Gliscor\n|-damage|p1a: Gliscor|0 fnt\n|faint|p1a: Gliscor\n|\n|-weather|SunnyDay|[upkeep]\n|upkeep\n|\n|t:|1698739279\n|switch|p1a: Koraidon|Koraidon|100\/100\n|-activate|p1a: Koraidon|ability: Orichalcum Pulse\n|turn|23\n|\n|t:|1698739288\n|move|p1a: Koraidon|Flare Blitz|p2a: Flutter Mane\n|-damage|p2a: Flutter Mane|0 fnt\n|faint|p2a: Flutter Mane\n|-end|p2a: Flutter Mane|Protosynthesis|[silent]\n|-damage|p1a: Koraidon|82\/100|[from] Recoil\n|\n|-weather|SunnyDay|[upkeep]\n|upkeep\n|\n|t:|1698739310\n|switch|p2a: Walking Wake|Walking Wake, tera:Water|40\/100\n|-damage|p2a: Walking Wake|28\/100|[from] Spikes\n|-activate|p2a: Walking Wake|ability: Protosynthesis\n|-start|p2a: Walking Wake|protosynthesisspa\n|turn|24\n|\n|t:|1698739313\n|move|p1a: Koraidon|Flare Blitz|p2a: Walking Wake\n|-resisted|p2a: Walking Wake\n|-damage|p2a: Walking Wake|0 fnt\n|faint|p2a: Walking Wake\n|-end|p2a: Walking Wake|Protosynthesis|[silent]\n|-damage|p1a: Koraidon|74\/100|[from] Recoil\n|\n|-weather|none\n|upkeep\n|\n|t:|1698739316\n|switch|p2a: Koraidon|Koraidon|100\/100\n|-damage|p2a: Koraidon|88\/100|[from] Spikes\n|-weather|SunnyDay|[from] ability: Orichalcum Pulse|[of] p2a: Koraidon\n|-activate|p2a: Koraidon|Orichalcum Pulse|[source]\n|turn|25\n|\n|t:|1698739319\n|-terastallize|p1a: Koraidon|Ghost\n|move|p1a: Koraidon|Flare Blitz|p2a: Koraidon\n|-resisted|p2a: Koraidon\n|-damage|p2a: Koraidon|48\/100\n|-damage|p1a: Koraidon|60\/100|[from] Recoil\n|move|p2a: Koraidon|Scale Shot|p1a: Koraidon\n|-damage|p1a: Koraidon|43\/100\n|-crit|p1a: Koraidon\n|-damage|p1a: Koraidon|19\/100\n|-damage|p1a: Koraidon|2\/100\n|-damage|p1a: Koraidon|0 fnt\n|faint|p1a: Koraidon\n|-hitcount|p1: Koraidon|4\n|\n|win|wsjlyr\n|raw|GoakinHuntForR.O.'s rating: 1428 &rarr; <strong>1405<\/strong><br \/>(-23 for losing)\n|raw|wsjlyr's rating: 1382 &rarr; <strong>1405<\/strong><br \/>(+23 for winning)\n|l|\u2606GoakinHuntForR.O.\n","uploadtime":1698739363,"views":12,"p1id":"goakinhuntforro","p2id":"wsjlyr","formatid":"gen9ubers","rating":1405,"private":0,"password":""}