{"id":"gen9ubers-1999977184","p1":"Official_bit","p2":"shinobi0142","format":"[Gen 9] Ubers","log":"|j|\u2606Official_bit\n|j|\u2606shinobi0142\n|t:|1701136817\n|gametype|singles\n|player|p1|Official_bit|1|1024\n|player|p2|shinobi0142|riley|1000\n|teamsize|p1|6\n|teamsize|p2|6\n|gen|9\n|tier|[Gen 9] Ubers\n|rated|\n|rule|Sleep Clause Mod: Limit one foe put to sleep\n|rule|Species Clause: Limit one of each Pok\u00e9mon\n|rule|OHKO Clause: OHKO moves are banned\n|rule|Evasion Items Clause: Evasion items are banned\n|rule|Evasion Moves Clause: Evasion moves are banned\n|rule|Endless Battle Clause: Forcing endless battles is banned\n|rule|HP Percentage Mod: HP is shown in percentages\n|clearpoke\n|poke|p1|Ceruledge, M|\n|poke|p1|Breloom, M|\n|poke|p1|Espathra, M|\n|poke|p1|Annihilape, M|\n|poke|p1|Torkoal, M|\n|poke|p1|Grimmsnarl, M|\n|poke|p2|Urshifu-*, M|\n|poke|p2|Basculegion-F, F|\n|poke|p2|Infernape, F|\n|poke|p2|Lokix, F|\n|poke|p2|Hawlucha, F|\n|poke|p2|Glimmora, M|\n|teampreview\n|\n|t:|1701136823\n|start\n|switch|p1a: Breloom|Breloom, M|100\/100\n|switch|p2a: Urshifu|Urshifu-Rapid-Strike, M|100\/100\n|turn|1\n|\n|t:|1701136830\n|move|p1a: Breloom|Spore|p2a: Urshifu\n|-status|p2a: Urshifu|slp|[from] move: Spore\n|cant|p2a: Urshifu|slp\n|\n|upkeep\n|turn|2\n|\n|t:|1701136836\n|move|p1a: Breloom|Swords Dance|p1a: Breloom\n|-boost|p1a: Breloom|atk|2\n|cant|p2a: Urshifu|slp\n|\n|upkeep\n|turn|3\n|\n|t:|1701136841\n|move|p1a: Breloom|Bullet Seed|p2a: Urshifu\n|-supereffective|p2a: Urshifu\n|-damage|p2a: Urshifu|21\/100 slp\n|-supereffective|p2a: Urshifu\n|-damage|p2a: Urshifu|0 fnt\n|faint|p2a: Urshifu\n|-hitcount|p2: Urshifu|2\n|-damage|p1a: Breloom|91\/100|[from] item: Life Orb\n|\n|upkeep\n|inactive|Battle timer is ON: inactive players will automatically lose when time's up. (requested by Official_bit)\n|\n|t:|1701136849\n|switch|p2a: Infernape|Infernape, F|100\/100\n|turn|4\n|\n|t:|1701136856\n|move|p2a: Infernape|Fake Out|p1a: Breloom\n|-damage|p1a: Breloom|70\/100\n|cant|p1a: Breloom|flinch\n|\n|upkeep\n|turn|5\n|\n|t:|1701136862\n|move|p2a: Infernape|Fire Punch|p1a: Breloom\n|-supereffective|p1a: Breloom\n|-damage|p1a: Breloom|0 fnt\n|faint|p1a: Breloom\n|\n|upkeep\n|\n|t:|1701136868\n|switch|p1a: Espathra|Espathra, M|100\/100\n|turn|6\n|\n|t:|1701136873\n|move|p2a: Infernape|Protect|p2a: Infernape\n|-singleturn|p2a: Infernape|Protect\n|move|p1a: Espathra|Calm Mind|p1a: Espathra\n|-boost|p1a: Espathra|spa|1\n|-boost|p1a: Espathra|spd|1\n|\n|-ability|p1a: Espathra|Speed Boost|boost\n|-boost|p1a: Espathra|spe|1\n|upkeep\n|turn|7\n|\n|t:|1701136882\n|move|p1a: Espathra|Protect|p1a: Espathra\n|-singleturn|p1a: Espathra|Protect\n|move|p2a: Infernape|Protect||[still]\n|-fail|p2a: Infernape\n|\n|-ability|p1a: Espathra|Speed Boost|boost\n|-boost|p1a: Espathra|spe|1\n|upkeep\n|turn|8\n|\n|t:|1701136898\n|move|p2a: Infernape|Protect|p2a: Infernape\n|-singleturn|p2a: Infernape|Protect\n|move|p1a: Espathra|Calm Mind|p1a: Espathra\n|-boost|p1a: Espathra|spa|1\n|-boost|p1a: Espathra|spd|1\n|\n|-ability|p1a: Espathra|Speed Boost|boost\n|-boost|p1a: Espathra|spe|1\n|upkeep\n|turn|9\n|\n|t:|1701136908\n|move|p1a: Espathra|Calm Mind|p1a: Espathra\n|-boost|p1a: Espathra|spa|1\n|-boost|p1a: Espathra|spd|1\n|move|p2a: Infernape|Fire Punch|p1a: Espathra\n|-damage|p1a: Espathra|39\/100\n|\n|-ability|p1a: Espathra|Speed Boost|boost\n|-boost|p1a: Espathra|spe|1\n|upkeep\n|turn|10\n|\n|t:|1701136917\n|move|p1a: Espathra|Stored Power|p2a: Infernape\n|-supereffective|p2a: Infernape\n|-crit|p2a: Infernape\n|-damage|p2a: Infernape|0 fnt\n|faint|p2a: Infernape\n|\n|-ability|p1a: Espathra|Speed Boost|boost\n|-boost|p1a: Espathra|spe|1\n|upkeep\n|\n|t:|1701136924\n|switch|p2a: Hawlucha|Hawlucha, F, shiny|100\/100\n|turn|11\n|\n|t:|1701136929\n|move|p1a: Espathra|Stored Power|p2a: Hawlucha\n|-supereffective|p2a: Hawlucha\n|-enditem|p2a: Hawlucha|Focus Sash\n|-damage|p2a: Hawlucha|1\/100\n|move|p2a: Hawlucha|Swords Dance|p2a: Hawlucha\n|-boost|p2a: Hawlucha|atk|2\n|\n|-ability|p1a: Espathra|Speed Boost|boost\n|-boost|p1a: Espathra|spe|1\n|upkeep\n|turn|12\n|\n|t:|1701136941\n|move|p1a: Espathra|Stored Power|p2a: Hawlucha\n|-supereffective|p2a: Hawlucha\n|-damage|p2a: Hawlucha|0 fnt\n|faint|p2a: Hawlucha\n|\n|upkeep\n|\n|t:|1701136946\n|switch|p2a: Glimmora|Glimmora, M|100\/100\n|turn|13\n|\n|t:|1701136959\n|move|p2a: Glimmora|Spiky Shield|p2a: Glimmora\n|-singleturn|p2a: Glimmora|move: Protect\n|move|p1a: Espathra|Stored Power|p2a: Glimmora\n|-activate|p2a: Glimmora|move: Protect\n|\n|upkeep\n|turn|14\n|\n|t:|1701136970\n|move|p1a: Espathra|Stored Power|p2a: Glimmora\n|-supereffective|p2a: Glimmora\n|-damage|p2a: Glimmora|0 fnt\n|faint|p2a: Glimmora\n|\n|upkeep\n|\n|t:|1701136975\n|switch|p2a: Lokix|Lokix, F, shiny|100\/100\n|turn|15\n|\n|t:|1701136982\n|-terastallize|p2a: Lokix|Bug\n|move|p2a: Lokix|First Impression|p1a: Espathra\n|-supereffective|p1a: Espathra\n|-damage|p1a: Espathra|0 fnt\n|faint|p1a: Espathra\n|-damage|p2a: Lokix|91\/100|[from] item: Life Orb\n|\n|upkeep\n|\n|t:|1701136994\n|switch|p1a: Ceruledge|Ceruledge, M|100\/100\n|turn|16\n|\n|t:|1701137001\n|move|p2a: Lokix|Sucker Punch|p1a: Ceruledge\n|-supereffective|p1a: Ceruledge\n|-enditem|p1a: Ceruledge|Focus Sash\n|-damage|p1a: Ceruledge|1\/100\n|-ability|p1a: Ceruledge|Weak Armor|boost\n|-unboost|p1a: Ceruledge|def|1\n|-boost|p1a: Ceruledge|spe|2\n|-damage|p2a: Lokix|81\/100|[from] item: Life Orb\n|move|p1a: Ceruledge|Bitter Blade|p2a: Lokix\n|-supereffective|p2a: Lokix\n|-damage|p2a: Lokix|0 fnt\n|-heal|p1a: Ceruledge|40\/100|[from] drain|[of] p2a: Lokix\n|faint|p2a: Lokix\n|\n|upkeep\n|\n|t:|1701137013\n|switch|p2a: Basculegion|Basculegion-F, F, shiny|100\/100\n|turn|17\n|\n|t:|1701137020\n|switch|p1a: Torkoal|Torkoal, M|100\/100\n|-weather|SunnyDay|[from] ability: Drought|[of] p1a: Torkoal\n|move|p2a: Basculegion|Protect||[still]\n|-fail|p2a: Basculegion\n|\n|-weather|SunnyDay|[upkeep]\n|upkeep\n|turn|18\n|\n|t:|1701137029\n|move|p2a: Basculegion|Wave Crash|p1a: Torkoal\n|-supereffective|p1a: Torkoal\n|-damage|p1a: Torkoal|57\/100\n|-damage|p2a: Basculegion|89\/100|[from] Recoil\n|move|p1a: Torkoal|Yawn|p2a: Basculegion\n|-start|p2a: Basculegion|move: Yawn|[of] p1a: Torkoal\n|\n|-weather|SunnyDay|[upkeep]\n|upkeep\n|turn|19\n|\n|t:|1701137049\n|switch|p1a: Grimmsnarl|Grimmsnarl, M|100\/100\n|move|p2a: Basculegion|Wave Crash|p1a: Grimmsnarl\n|-damage|p1a: Grimmsnarl|59\/100\n|-damage|p2a: Basculegion|77\/100|[from] Recoil\n|\n|-weather|SunnyDay|[upkeep]\n|-end|p2a: Basculegion|move: Yawn|[silent]\n|-status|p2a: Basculegion|slp\n|upkeep\n|turn|20\n|\n|t:|1701137062\n|switch|p1a: Ceruledge|Ceruledge, M|40\/100\n|cant|p2a: Basculegion|slp\n|\n|-weather|SunnyDay|[upkeep]\n|upkeep\n|turn|21\n|\n|t:|1701137070\n|-terastallize|p1a: Ceruledge|Grass\n|move|p1a: Ceruledge|Solar Blade||[still]\n|-prepare|p1a: Ceruledge|Solar Blade\n|-anim|p1a: Ceruledge|Solar Blade|p2a: Basculegion\n|-supereffective|p2a: Basculegion\n|-damage|p2a: Basculegion|0 fnt\n|faint|p2a: Basculegion\n|\n|win|Official_bit\n|raw|Official_bit's rating: 1024 &rarr; <strong>1058<\/strong><br \/>(+34 for winning)\n|raw|shinobi0142's rating: 1000 &rarr; <strong>1000<\/strong><br \/>(+0 for losing)\n|l|\u2606shinobi0142\n","uploadtime":1701137083,"views":7,"p1id":"officialbit","p2id":"shinobi0142","formatid":"gen9ubers","rating":1000,"private":0,"password":""}