{"id":"gen9ubers-1969989445","p1":"the_cacas_master","p2":"Dillanspyxword","format":"[Gen 9] Ubers","log":"|j|\u2606the_cacas_master\n|j|\u2606Dillanspyxword\n|t:|1697582636\n|gametype|singles\n|player|p1|the_cacas_master|102|1136\n|player|p2|Dillanspyxword|hilbert-wonderlauncher|1129\n|teamsize|p1|6\n|teamsize|p2|6\n|gen|9\n|tier|[Gen 9] Ubers\n|rated|\n|rule|Sleep Clause Mod: Limit one foe put to sleep\n|rule|Species Clause: Limit one of each Pok\u00e9mon\n|rule|OHKO Clause: OHKO moves are banned\n|rule|Evasion Items Clause: Evasion items are banned\n|rule|Evasion Moves Clause: Evasion moves are banned\n|rule|Endless Battle Clause: Forcing endless battles is banned\n|rule|HP Percentage Mod: HP is shown in percentages\n|clearpoke\n|poke|p1|Clodsire, M|\n|poke|p1|Espathra, F|\n|poke|p1|Skeledirge, M|\n|poke|p1|Volcarona, M|\n|poke|p1|Palafin, F|\n|poke|p1|Great Tusk|\n|poke|p2|Giratina|\n|poke|p2|Palkia-Origin|\n|poke|p2|Kyogre|\n|poke|p2|Dialga|\n|poke|p2|Forretress, M|\n|poke|p2|Ogerpon-Hearthflame, F|\n|teampreview\n|\n|t:|1697582646\n|start\n|switch|p1a: Volcarona|Volcarona, M|100\/100\n|switch|p2a: Forretress|Forretress, M|100\/100\n|turn|1\n|\n|t:|1697582651\n|move|p1a: Volcarona|Fiery Dance|p2a: Forretress\n|-supereffective|p2a: Forretress\n|-ability|p2a: Forretress|Sturdy\n|-damage|p2a: Forretress|1\/100\n|move|p2a: Forretress|Stealth Rock|p1a: Volcarona\n|-sidestart|p1: the_cacas_master|move: Stealth Rock\n|\n|upkeep\n|turn|2\n|-enditem|p2a: Forretress|Custap Berry|[eat]\n|-activate|p2a: Forretress|item: Custap Berry|[consumed]\n|\n|t:|1697582658\n|move|p2a: Forretress|Spikes|p1a: Volcarona\n|-sidestart|p1: the_cacas_master|Spikes\n|move|p1a: Volcarona|Fiery Dance|p2a: Forretress\n|-supereffective|p2a: Forretress\n|-damage|p2a: Forretress|0 fnt\n|faint|p2a: Forretress\n|\n|upkeep\n|\n|t:|1697582665\n|switch|p2a: Kyogre|Kyogre|100\/100\n|-weather|RainDance|[from] ability: Drizzle|[of] p2a: Kyogre\n|turn|3\n|\n|t:|1697582673\n|switch|p1a: Clodsire|Clodsire, M, shiny|100\/100\n|-damage|p1a: Clodsire|94\/100|[from] Stealth Rock\n|-damage|p1a: Clodsire|82\/100|[from] Spikes\n|move|p2a: Kyogre|Water Spout|p1a: Clodsire\n|-heal|p1a: Clodsire|100\/100|[from] ability: Water Absorb|[of] p2a: Kyogre\n|\n|-weather|RainDance|[upkeep]\n|upkeep\n|turn|4\n|\n|t:|1697582699\n|switch|p2a: Giratina|Giratina|100\/100\n|-ability|p2a: Giratina|Pressure\n|move|p1a: Clodsire|Toxic|p2a: Giratina\n|-status|p2a: Giratina|tox\n|\n|-weather|RainDance|[upkeep]\n|-damage|p2a: Giratina|94\/100 tox|[from] psn\n|upkeep\n|turn|5\n|\n|t:|1697582709\n|move|p1a: Clodsire|Protect|p1a: Clodsire\n|-singleturn|p1a: Clodsire|Protect\n|move|p2a: Giratina|Will-O-Wisp|p1a: Clodsire\n|-activate|p1a: Clodsire|move: Protect\n|\n|-weather|RainDance|[upkeep]\n|-heal|p2a: Giratina|100\/100 tox|[from] item: Leftovers\n|-damage|p2a: Giratina|88\/100 tox|[from] psn\n|upkeep\n|turn|6\n|\n|t:|1697582722\n|switch|p2a: Palkia|Palkia-Origin|100\/100\n|-ability|p2a: Palkia|Pressure\n|switch|p1a: Volcarona|Volcarona, M|100\/100\n|\n|-weather|RainDance|[upkeep]\n|upkeep\n|turn|7\n|\n|t:|1697582730\n|switch|p1a: Clodsire|Clodsire, M, shiny|100\/100\n|-damage|p1a: Clodsire|94\/100|[from] Stealth Rock\n|-damage|p1a: Clodsire|82\/100|[from] Spikes\n|move|p2a: Palkia|Spacial Rend|p1a: Clodsire\n|-damage|p1a: Clodsire|47\/100\n|\n|-weather|none\n|-heal|p1a: Clodsire|53\/100|[from] item: Black Sludge\n|upkeep\n|turn|8\n|\n|t:|1697582739\n|move|p1a: Clodsire|Protect|p1a: Clodsire\n|-singleturn|p1a: Clodsire|Protect\n|move|p2a: Palkia|Spacial Rend|p1a: Clodsire\n|-activate|p1a: Clodsire|move: Protect\n|\n|-heal|p1a: Clodsire|59\/100|[from] item: Black Sludge\n|upkeep\n|turn|9\n|\n|t:|1697582745\n|move|p2a: Palkia|Spacial Rend|p1a: Clodsire\n|-damage|p1a: Clodsire|22\/100\n|move|p1a: Clodsire|Recover|p1a: Clodsire\n|-heal|p1a: Clodsire|72\/100\n|\n|-heal|p1a: Clodsire|79\/100|[from] item: Black Sludge\n|upkeep\n|turn|10\n|\n|t:|1697582754\n|move|p1a: Clodsire|Protect|p1a: Clodsire\n|-singleturn|p1a: Clodsire|Protect\n|move|p2a: Palkia|Substitute|p2a: Palkia\n|-start|p2a: Palkia|Substitute\n|-damage|p2a: Palkia|76\/100\n|\n|-heal|p1a: Clodsire|85\/100|[from] item: Black Sludge\n|upkeep\n|turn|11\n|\n|t:|1697582761\n|move|p2a: Palkia|Spacial Rend|p1a: Clodsire\n|-damage|p1a: Clodsire|45\/100\n|move|p1a: Clodsire|Earthquake|p2a: Palkia\n|-end|p2a: Palkia|Substitute\n|\n|-heal|p1a: Clodsire|52\/100|[from] item: Black Sludge\n|upkeep\n|turn|12\n|\n|t:|1697582779\n|move|p2a: Palkia|Substitute|p2a: Palkia\n|-start|p2a: Palkia|Substitute\n|-damage|p2a: Palkia|51\/100\n|move|p1a: Clodsire|Recover|p1a: Clodsire\n|-heal|p1a: Clodsire|100\/100\n|\n|upkeep\n|turn|13\n|\n|t:|1697582785\n|move|p2a: Palkia|Fire Blast|p1a: Clodsire\n|-damage|p1a: Clodsire|78\/100\n|move|p1a: Clodsire|Earthquake|p2a: Palkia\n|-crit|p2a: Palkia\n|-end|p2a: Palkia|Substitute\n|\n|-heal|p1a: Clodsire|84\/100|[from] item: Black Sludge\n|upkeep\n|turn|14\n|\n|t:|1697582797\n|switch|p2a: Kyogre|Kyogre|100\/100\n|-weather|RainDance|[from] ability: Drizzle|[of] p2a: Kyogre\n|move|p1a: Clodsire|Protect||[still]\n|-fail|p1a: Clodsire\n|\n|-weather|RainDance|[upkeep]\n|-heal|p1a: Clodsire|90\/100|[from] item: Black Sludge\n|upkeep\n|turn|15\n|\n|t:|1697582804\n|move|p2a: Kyogre|Ice Beam|p1a: Clodsire\n|-supereffective|p1a: Clodsire\n|-damage|p1a: Clodsire|55\/100\n|move|p1a: Clodsire|Toxic|p2a: Kyogre\n|-status|p2a: Kyogre|tox\n|\n|-weather|RainDance|[upkeep]\n|-heal|p1a: Clodsire|61\/100|[from] item: Black Sludge\n|-damage|p2a: Kyogre|94\/100 tox|[from] psn\n|upkeep\n|turn|16\n|\n|t:|1697582813\n|switch|p2a: Ogerpon|Ogerpon-Hearthflame, F|100\/100\n|-ability|p2a: Ogerpon|Mold Breaker\n|move|p1a: Clodsire|Recover|p1a: Clodsire\n|-heal|p1a: Clodsire|100\/100\n|\n|-weather|RainDance|[upkeep]\n|upkeep\n|turn|17\n|\n|t:|1697582821\n|move|p2a: Ogerpon|Leech Seed|p1a: Clodsire\n|-start|p1a: Clodsire|move: Leech Seed\n|move|p1a: Clodsire|Toxic|p2a: Ogerpon\n|-status|p2a: Ogerpon|tox\n|\n|-weather|RainDance|[upkeep]\n|-damage|p1a: Clodsire|88\/100|[from] Leech Seed|[of] p2a: Ogerpon\n|-damage|p2a: Ogerpon|95\/100 tox|[from] psn\n|upkeep\n|turn|18\n|j| dieMoldau\n|\n|t:|1697582829\n|move|p1a: Clodsire|Protect|p1a: Clodsire\n|-singleturn|p1a: Clodsire|Protect\n|move|p2a: Ogerpon|Knock Off|p1a: Clodsire\n|-activate|p1a: Clodsire|move: Protect\n|\n|-weather|none\n|-heal|p1a: Clodsire|94\/100|[from] item: Black Sludge\n|-damage|p1a: Clodsire|82\/100|[from] Leech Seed|[of] p2a: Ogerpon\n|-heal|p2a: Ogerpon|100\/100 tox|[silent]\n|-damage|p2a: Ogerpon|89\/100 tox|[from] psn\n|upkeep\n|turn|19\n|\n|t:|1697582844\n|move|p2a: Ogerpon|Knock Off|p1a: Clodsire\n|-damage|p1a: Clodsire|41\/100\n|-enditem|p1a: Clodsire|Black Sludge|[from] move: Knock Off|[of] p2a: Ogerpon\n|move|p1a: Clodsire|Earthquake|p2a: Ogerpon\n|-damage|p2a: Ogerpon|56\/100 tox\n|\n|-damage|p1a: Clodsire|28\/100|[from] Leech Seed|[of] p2a: Ogerpon\n|-heal|p2a: Ogerpon|75\/100 tox|[silent]\n|-damage|p2a: Ogerpon|57\/100 tox|[from] psn\n|upkeep\n|turn|20\n|\n|t:|1697582852\n|move|p2a: Ogerpon|Ivy Cudgel|p1a: Clodsire\n|-damage|p1a: Clodsire|0 fnt\n|faint|p1a: Clodsire\n|\n|-damage|p2a: Ogerpon|33\/100 tox|[from] psn\n|upkeep\n|\n|t:|1697582858\n|switch|p1a: Volcarona|Volcarona, M|100\/100\n|turn|21\n|\n|t:|1697582864\n|move|p2a: Ogerpon|Knock Off|p1a: Volcarona\n|-damage|p1a: Volcarona|41\/100\n|-enditem|p1a: Volcarona|Heavy-Duty Boots|[from] move: Knock Off|[of] p2a: Ogerpon\n|move|p1a: Volcarona|Quiver Dance|p1a: Volcarona\n|-boost|p1a: Volcarona|spa|1\n|-boost|p1a: Volcarona|spd|1\n|-boost|p1a: Volcarona|spe|1\n|\n|-damage|p2a: Ogerpon|3\/100 tox|[from] psn\n|upkeep\n|turn|22\n|\n|t:|1697582875\n|move|p1a: Volcarona|Fiery Dance|p2a: Ogerpon\n|-damage|p2a: Ogerpon|0 fnt\n|-boost|p1a: Volcarona|spa|1\n|faint|p2a: Ogerpon\n|\n|upkeep\n|\n|t:|1697582880\n|switch|p2a: Giratina|Giratina|88\/100 tox\n|-ability|p2a: Giratina|Pressure\n|turn|23\n|\n|t:|1697582886\n|move|p1a: Volcarona|Psychic|p2a: Giratina\n|-damage|p2a: Giratina|55\/100 tox\n|move|p2a: Giratina|Shadow Force||[still]\n|-prepare|p2a: Giratina|Shadow Force\n|\n|-heal|p2a: Giratina|61\/100 tox|[from] item: Leftovers\n|-damage|p2a: Giratina|55\/100 tox|[from] psn\n|upkeep\n|turn|24\n|\n|t:|1697582894\n|move|p1a: Volcarona|Bug Buzz|p2a: Giratina|[miss]\n|-miss|p1a: Volcarona|p2a: Giratina\n|move|p2a: Giratina|Shadow Force|p1a: Volcarona|[from]lockedmove\n|-damage|p1a: Volcarona|0 fnt\n|faint|p1a: Volcarona\n|\n|-heal|p2a: Giratina|61\/100 tox|[from] item: Leftovers\n|-damage|p2a: Giratina|49\/100 tox|[from] psn\n|upkeep\n|\n|t:|1697582905\n|switch|p1a: Skeledirge|Skeledirge, M|100\/100\n|-damage|p1a: Skeledirge|75\/100|[from] Stealth Rock\n|-damage|p1a: Skeledirge|63\/100|[from] Spikes\n|turn|25\n|\n|t:|1697582911\n|move|p2a: Giratina|Rest|p2a: Giratina\n|-status|p2a: Giratina|slp|[from] move: Rest\n|-heal|p2a: Giratina|100\/100 slp|[silent]\n|move|p1a: Skeledirge|Torch Song|p2a: Giratina\n|-resisted|p2a: Giratina\n|-damage|p2a: Giratina|91\/100 slp\n|-boost|p1a: Skeledirge|spa|1\n|\n|-heal|p2a: Giratina|97\/100 slp|[from] item: Leftovers\n|upkeep\n|turn|26\n|\n|t:|1697582921\n|cant|p2a: Giratina|slp\n|move|p1a: Skeledirge|Substitute|p1a: Skeledirge\n|-start|p1a: Skeledirge|Substitute\n|-damage|p1a: Skeledirge|38\/100\n|\n|-heal|p2a: Giratina|100\/100 slp|[from] item: Leftovers\n|upkeep\n|turn|27\n|\n|t:|1697582933\n|switch|p2a: Kyogre|Kyogre|94\/100 tox\n|-weather|RainDance|[from] ability: Drizzle|[of] p2a: Kyogre\n|move|p1a: Skeledirge|Torch Song|p2a: Kyogre\n|-resisted|p2a: Kyogre\n|-damage|p2a: Kyogre|83\/100 tox\n|-boost|p1a: Skeledirge|spa|1\n|\n|-weather|RainDance|[upkeep]\n|-damage|p2a: Kyogre|77\/100 tox|[from] psn\n|upkeep\n|turn|28\n|\n|t:|1697582943\n|-terastallize|p2a: Kyogre|Ground\n|move|p2a: Kyogre|Tera Blast|p1a: Skeledirge|[anim] Tera Blast Ground\n|-supereffective|p1a: Skeledirge\n|-end|p1a: Skeledirge|Substitute\n|move|p1a: Skeledirge|Torch Song|p2a: Kyogre\n|-damage|p2a: Kyogre|47\/100 tox\n|-boost|p1a: Skeledirge|spa|1\n|\n|-weather|RainDance|[upkeep]\n|-damage|p2a: Kyogre|35\/100 tox|[from] psn\n|upkeep\n|turn|29\n|\n|t:|1697582952\n|move|p2a: Kyogre|Tera Blast|p1a: Skeledirge|[anim] Tera Blast Ground\n|-supereffective|p1a: Skeledirge\n|-damage|p1a: Skeledirge|0 fnt\n|faint|p1a: Skeledirge\n|\n|-weather|RainDance|[upkeep]\n|-damage|p2a: Kyogre|16\/100 tox|[from] psn\n|upkeep\n|\n|t:|1697582958\n|switch|p1a: Palafin|Palafin, F|100\/100\n|-damage|p1a: Palafin|88\/100|[from] Stealth Rock\n|-damage|p1a: Palafin|76\/100|[from] Spikes\n|turn|30\n|\n|t:|1697582971\n|switch|p2a: Palkia|Palkia-Origin|51\/100\n|-ability|p2a: Palkia|Pressure\n|move|p1a: Palafin|Jet Punch|p2a: Palkia\n|-resisted|p2a: Palkia\n|-damage|p2a: Palkia|41\/100\n|\n|-weather|RainDance|[upkeep]\n|upkeep\n|turn|31\n|\n|t:|1697582979\n|move|p2a: Palkia|Spacial Rend|p1a: Palafin\n|-damage|p1a: Palafin|0 fnt\n|faint|p1a: Palafin\n|\n|-weather|none\n|upkeep\n|\n|t:|1697582984\n|switch|p1a: Great Tusk|Great Tusk|100\/100\n|-damage|p1a: Great Tusk|98\/100|[from] Stealth Rock\n|-damage|p1a: Great Tusk|85\/100|[from] Spikes\n|turn|32\n|\n|t:|1697582989\n|switch|p2a: Giratina|Giratina|100\/100 slp\n|-ability|p2a: Giratina|Pressure\n|move|p1a: Great Tusk|Rapid Spin|p2a: Giratina\n|-immune|p2a: Giratina\n|\n|upkeep\n|turn|33\n|\n|t:|1697582995\n|move|p1a: Great Tusk|Ice Spinner|p2a: Giratina\n|-supereffective|p2a: Giratina\n|-damage|p2a: Giratina|62\/100 slp\n|cant|p2a: Giratina|slp\n|\n|-heal|p2a: Giratina|69\/100 slp|[from] item: Leftovers\n|upkeep\n|turn|34\n|\n|t:|1697583001\n|move|p1a: Great Tusk|Ice Spinner|p2a: Giratina\n|-supereffective|p2a: Giratina\n|-damage|p2a: Giratina|32\/100 slp\n|-curestatus|p2a: Giratina|slp|[msg]\n|move|p2a: Giratina|Will-O-Wisp|p1a: Great Tusk\n|-status|p1a: Great Tusk|brn\n|\n|-heal|p2a: Giratina|38\/100|[from] item: Leftovers\n|-damage|p1a: Great Tusk|79\/100 brn|[from] brn\n|upkeep\n|turn|35\n|\n|t:|1697583011\n|move|p1a: Great Tusk|Ice Spinner|p2a: Giratina\n|-supereffective|p2a: Giratina\n|-damage|p2a: Giratina|19\/100\n|move|p2a: Giratina|Rest|p2a: Giratina\n|-status|p2a: Giratina|slp|[from] move: Rest\n|-heal|p2a: Giratina|100\/100 slp|[silent]\n|\n|-damage|p1a: Great Tusk|73\/100 brn|[from] brn\n|upkeep\n|turn|36\n|\n|t:|1697583019\n|move|p1a: Great Tusk|Ice Spinner|p2a: Giratina\n|-supereffective|p2a: Giratina\n|-damage|p2a: Giratina|82\/100 slp\n|cant|p2a: Giratina|slp\n|\n|-heal|p2a: Giratina|88\/100 slp|[from] item: Leftovers\n|-damage|p1a: Great Tusk|67\/100 brn|[from] brn\n|upkeep\n|turn|37\n|\n|t:|1697583027\n|-end|p1a: Great Tusk|Protosynthesis|[silent]\n|switch|p1a: Espathra|Espathra, F|100\/100\n|-damage|p1a: Espathra|88\/100|[from] Stealth Rock\n|-damage|p1a: Espathra|76\/100|[from] Spikes\n|cant|p2a: Giratina|slp\n|\n|-heal|p2a: Giratina|94\/100 slp|[from] item: Leftovers\n|upkeep\n|turn|38\n|\n|t:|1697583035\n|move|p1a: Espathra|Calm Mind|p1a: Espathra\n|-boost|p1a: Espathra|spa|1\n|-boost|p1a: Espathra|spd|1\n|-curestatus|p2a: Giratina|slp|[msg]\n|move|p2a: Giratina|Shadow Force||[still]\n|-prepare|p2a: Giratina|Shadow Force\n|\n|-heal|p2a: Giratina|99\/100|[from] item: Leftovers\n|-ability|p1a: Espathra|Speed Boost|boost\n|-boost|p1a: Espathra|spe|1\n|upkeep\n|turn|39\n|\n|t:|1697583044\n|-terastallize|p1a: Espathra|Fairy\n|move|p1a: Espathra|Protect|p1a: Espathra\n|-singleturn|p1a: Espathra|Protect\n|move|p2a: Giratina|Shadow Force|p1a: Espathra|[from]lockedmove\n|-activate|p1a: Espathra|move: Shadow Force|[broken]\n|-damage|p1a: Espathra|9\/100\n|\n|-heal|p2a: Giratina|100\/100|[from] item: Leftovers\n|-ability|p1a: Espathra|Speed Boost|boost\n|-boost|p1a: Espathra|spe|1\n|upkeep\n|turn|40\n|\n|t:|1697583054\n|move|p1a: Espathra|Tera Blast|p2a: Giratina|[anim] Tera Blast Fairy\n|-supereffective|p2a: Giratina\n|-damage|p2a: Giratina|53\/100\n|move|p2a: Giratina|Shadow Force||[still]\n|-prepare|p2a: Giratina|Shadow Force\n|\n|-heal|p2a: Giratina|59\/100|[from] item: Leftovers\n|-ability|p1a: Espathra|Speed Boost|boost\n|-boost|p1a: Espathra|spe|1\n|upkeep\n|turn|41\n|-message|the_cacas_master forfeited.\n|\n|win|Dillanspyxword\n|raw|the_cacas_master's rating: 1136 &rarr; <strong>1110<\/strong><br \/>(-26 for losing)\n|raw|Dillanspyxword's rating: 1129 &rarr; <strong>1155<\/strong><br \/>(+26 for winning)\n|l|\u2606the_cacas_master\n","uploadtime":1697583064,"views":16,"p1id":"thecacasmaster","p2id":"dillanspyxword","formatid":"gen9ubers","rating":1110,"private":0,"password":""}