{"id":"gen9ubers-1989834412","p1":"FrostyRandom02","p2":"kirimissing","format":"[Gen 9] Ubers","log":"|j|\u2606FrostyRandom02\n|j|\u2606kirimissing\n|t:|1699899635\n|gametype|singles\n|player|p1|FrostyRandom02|riley|\n|player|p2|kirimissing|raifort|\n|teamsize|p1|6\n|teamsize|p2|6\n|gen|9\n|tier|[Gen 9] Ubers\n|rule|Sleep Clause Mod: Limit one foe put to sleep\n|rule|Species Clause: Limit one of each Pok\u00e9mon\n|rule|OHKO Clause: OHKO moves are banned\n|rule|Evasion Items Clause: Evasion items are banned\n|rule|Evasion Moves Clause: Evasion moves are banned\n|rule|Endless Battle Clause: Forcing endless battles is banned\n|rule|HP Percentage Mod: HP is shown in percentages\n|clearpoke\n|poke|p1|Torkoal, F|\n|poke|p1|Lilligant-Hisui, F|\n|poke|p1|Walking Wake|\n|poke|p1|Roaring Moon|\n|poke|p1|Zacian-*|\n|poke|p1|Chi-Yu|\n|poke|p2|Torkoal, M|\n|poke|p2|Walking Wake|\n|poke|p2|Arcanine-Hisui, F|\n|poke|p2|Chi-Yu|\n|poke|p2|Heatran, M|\n|poke|p2|Roaring Moon|\n|teampreview\n|c|\u2606FrostyRandom02|glhf, and ironic\n|c|\u2606kirimissing|yeah lol\n|\n|t:|1699899664\n|start\n|switch|p1a: Roaring Moon|Roaring Moon|100\/100\n|switch|p2a: Heatran|Heatran, M|100\/100\n|turn|1\n|\n|t:|1699899672\n|move|p1a: Roaring Moon|Earthquake|p2a: Heatran\n|-supereffective|p2a: Heatran\n|-damage|p2a: Heatran|0 fnt\n|faint|p2a: Heatran\n|\n|upkeep\n|\n|t:|1699899692\n|switch|p2a: Walking Wake|Walking Wake|100\/100\n|turn|2\n|\n|t:|1699899697\n|-end|p1a: Roaring Moon|Protosynthesis|[silent]\n|switch|p1a: Zacian|Zacian|100\/100\n|-ability|p1a: Zacian|Intrepid Sword|boost\n|-boost|p1a: Zacian|atk|1\n|-terastallize|p2a: Walking Wake|Water\n|move|p2a: Walking Wake|Draco Meteor|p1a: Zacian\n|-immune|p1a: Zacian\n|\n|upkeep\n|turn|3\n|\n|t:|1699899716\n|-end|p2a: Walking Wake|Protosynthesis|[silent]\n|switch|p2a: Torkoal|Torkoal, M|100\/100\n|-weather|SunnyDay|[from] ability: Drought|[of] p2a: Torkoal\n|move|p1a: Zacian|Play Rough|p2a: Torkoal\n|-resisted|p2a: Torkoal\n|-damage|p2a: Torkoal|81\/100\n|\n|-weather|SunnyDay|[upkeep]\n|upkeep\n|turn|4\n|\n|t:|1699899726\n|switch|p1a: Chi-Yu|Chi-Yu|100\/100\n|-ability|p1a: Chi-Yu|Beads of Ruin\n|move|p2a: Torkoal|Yawn|p1a: Chi-Yu\n|-start|p1a: Chi-Yu|move: Yawn|[of] p2a: Torkoal\n|\n|-weather|SunnyDay|[upkeep]\n|upkeep\n|turn|5\n|\n|t:|1699899734\n|switch|p1a: Torkoal|Torkoal, F|100\/100\n|switch|p2a: Roaring Moon|Roaring Moon|100\/100\n|-activate|p2a: Roaring Moon|ability: Protosynthesis\n|-start|p2a: Roaring Moon|protosynthesisatk\n|\n|-weather|SunnyDay|[upkeep]\n|upkeep\n|turn|6\n|\n|t:|1699899742\n|move|p2a: Roaring Moon|Dragon Dance|p2a: Roaring Moon\n|-boost|p2a: Roaring Moon|atk|1\n|-boost|p2a: Roaring Moon|spe|1\n|move|p1a: Torkoal|Stealth Rock|p2a: Roaring Moon\n|-sidestart|p2: kirimissing|move: Stealth Rock\n|\n|-weather|SunnyDay|[upkeep]\n|upkeep\n|turn|7\n|\n|t:|1699899745\n|move|p2a: Roaring Moon|Dragon Dance|p2a: Roaring Moon\n|-boost|p2a: Roaring Moon|atk|1\n|-boost|p2a: Roaring Moon|spe|1\n|move|p1a: Torkoal|Lava Plume|p2a: Roaring Moon\n|-resisted|p2a: Roaring Moon\n|-damage|p2a: Roaring Moon|83\/100\n|\n|-weather|SunnyDay|[upkeep]\n|upkeep\n|turn|8\n|\n|t:|1699899753\n|move|p2a: Roaring Moon|Knock Off|p1a: Torkoal\n|-damage|p1a: Torkoal|22\/100\n|-enditem|p1a: Torkoal|Heavy-Duty Boots|[from] move: Knock Off|[of] p2a: Roaring Moon\n|move|p1a: Torkoal|Lava Plume|p2a: Roaring Moon\n|-resisted|p2a: Roaring Moon\n|-damage|p2a: Roaring Moon|65\/100\n|\n|-weather|SunnyDay|[upkeep]\n|upkeep\n|turn|9\n|\n|t:|1699899760\n|move|p2a: Roaring Moon|Dragon Dance|p2a: Roaring Moon\n|-boost|p2a: Roaring Moon|atk|1\n|-boost|p2a: Roaring Moon|spe|1\n|move|p1a: Torkoal|Lava Plume|p2a: Roaring Moon\n|-resisted|p2a: Roaring Moon\n|-damage|p2a: Roaring Moon|47\/100\n|\n|-weather|SunnyDay|[upkeep]\n|upkeep\n|turn|10\n|\n|t:|1699899765\n|move|p2a: Roaring Moon|Dragon Claw|p1a: Torkoal\n|-damage|p1a: Torkoal|0 fnt\n|faint|p1a: Torkoal\n|\n|-weather|none\n|-end|p2a: Roaring Moon|Protosynthesis\n|upkeep\n|-enditem|p2a: Roaring Moon|Booster Energy\n|-activate|p2a: Roaring Moon|ability: Protosynthesis|[fromitem]\n|-start|p2a: Roaring Moon|protosynthesisatk\n|\n|t:|1699899791\n|switch|p1a: Zacian|Zacian|100\/100\n|turn|11\n|\n|t:|1699899797\n|move|p2a: Roaring Moon|Acrobatics|p1a: Zacian\n|-damage|p1a: Zacian|0 fnt\n|faint|p1a: Zacian\n|\n|upkeep\n|c|\u2606FrostyRandom02|yeah i lost, gg\n|\n|t:|1699899809\n|switch|p1a: Chi-Yu|Chi-Yu|100\/100\n|-ability|p1a: Chi-Yu|Beads of Ruin\n|turn|12\n|\n|t:|1699899822\n|-terastallize|p1a: Chi-Yu|Fairy\n|move|p2a: Roaring Moon|Acrobatics|p1a: Chi-Yu\n|-damage|p1a: Chi-Yu|0 fnt\n|faint|p1a: Chi-Yu\n|\n|upkeep\n|\n|t:|1699899826\n|switch|p1a: Lilligant|Lilligant-Hisui, F, shiny|100\/100\n|turn|13\n|c|\u2606kirimissing|r3 time?\n|\n|t:|1699899831\n|move|p2a: Roaring Moon|Acrobatics|p1a: Lilligant\n|-supereffective|p1a: Lilligant\n|-enditem|p1a: Lilligant|Focus Sash\n|-damage|p1a: Lilligant|1\/100\n|move|p1a: Lilligant|Close Combat|p2a: Roaring Moon\n|-supereffective|p2a: Roaring Moon\n|-damage|p2a: Roaring Moon|0 fnt\n|-unboost|p1a: Lilligant|def|1\n|-unboost|p1a: Lilligant|spd|1\n|faint|p2a: Roaring Moon\n|-end|p2a: Roaring Moon|Protosynthesis|[silent]\n|\n|upkeep\n|\n|t:|1699899838\n|switch|p2a: Torkoal|Torkoal, M|81\/100\n|-damage|p2a: Torkoal|56\/100|[from] Stealth Rock\n|-weather|SunnyDay|[from] ability: Drought|[of] p2a: Torkoal\n|turn|14\n|\n|t:|1699899842\n|move|p1a: Lilligant|Close Combat|p2a: Torkoal\n|-damage|p2a: Torkoal|18\/100\n|-unboost|p1a: Lilligant|def|1\n|-unboost|p1a: Lilligant|spd|1\n|move|p2a: Torkoal|Rapid Spin|p1a: Lilligant\n|-damage|p1a: Lilligant|0 fnt\n|-boost|p2a: Torkoal|spe|1\n|-sideend|p2: kirimissing|Stealth Rock|[from] move: Rapid Spin|[of] p2a: Torkoal\n|faint|p1a: Lilligant\n|\n|-weather|SunnyDay|[upkeep]\n|upkeep\n|\n|t:|1699899846\n|switch|p1a: Roaring Moon|Roaring Moon|100\/100\n|-activate|p1a: Roaring Moon|ability: Protosynthesis\n|-start|p1a: Roaring Moon|protosynthesisspe\n|turn|15\n|\n|t:|1699899852\n|move|p1a: Roaring Moon|Outrage|p2a: Torkoal\n|-damage|p2a: Torkoal|0 fnt\n|faint|p2a: Torkoal\n|\n|-weather|SunnyDay|[upkeep]\n|upkeep\n|\n|t:|1699899861\n|switch|p2a: Chi-Yu|Chi-Yu|100\/100\n|-ability|p2a: Chi-Yu|Beads of Ruin\n|turn|16\n|\n|t:|1699899868\n|move|p1a: Roaring Moon|Outrage|p2a: Chi-Yu|[from]lockedmove\n|-damage|p2a: Chi-Yu|0 fnt\n|faint|p2a: Chi-Yu\n|\n|-weather|SunnyDay|[upkeep]\n|upkeep\n|\n|t:|1699899874\n|switch|p2a: Arcanine|Arcanine-Hisui, F|100\/100\n|turn|17\n|\n|t:|1699899879\n|move|p2a: Arcanine|Extreme Speed|p1a: Roaring Moon\n|-damage|p1a: Roaring Moon|69\/100\n|move|p1a: Roaring Moon|Outrage|p2a: Arcanine|[from]lockedmove\n|-damage|p2a: Arcanine|0 fnt\n|faint|p2a: Arcanine\n|-start|p1a: Roaring Moon|confusion|[fatigue]\n|\n|-weather|SunnyDay|[upkeep]\n|upkeep\n|\n|t:|1699899882\n|switch|p2a: Walking Wake|Walking Wake, tera:Water|100\/100\n|-activate|p2a: Walking Wake|ability: Protosynthesis\n|-start|p2a: Walking Wake|protosynthesisspa\n|turn|18\n|\n|t:|1699899886\n|-activate|p1a: Roaring Moon|confusion\n|move|p1a: Roaring Moon|Outrage|p2a: Walking Wake\n|-damage|p2a: Walking Wake|0 fnt\n|faint|p2a: Walking Wake\n|-end|p2a: Walking Wake|Protosynthesis|[silent]\n|\n|win|FrostyRandom02\n|c|\u2606FrostyRandom02|nvm gg\n|c|\u2606kirimissing|sheesh\n|c|\u2606kirimissing|gg\n|c|\u2606FrostyRandom02|Banded moon reverse sweep, crazy\n|c|\u2606kirimissing|yeah the speed boost came really in clutch\n|c|\u2606FrostyRandom02|good luck in future rounds\n|c|\u2606kirimissing|ty\n|l|\u2606kirimissing\n","uploadtime":1699899892,"views":30,"p1id":"frostyrandom02","p2id":"kirimissing","formatid":"gen9ubers","rating":0,"private":0,"password":""}