{"id":"gen9ubers-1992452626","p1":"Iron Bundling","p2":"jiancat","format":"[Gen 9] Ubers","log":"|j|\u2606Iron Bundling\n|j|\u2606jiancat\n|t:|1700189333\n|gametype|singles\n|player|p1|Iron Bundling|lucas|1149\n|player|p2|jiancat|dawn|1256\n|teamsize|p1|6\n|teamsize|p2|6\n|gen|9\n|tier|[Gen 9] Ubers\n|rated|\n|rule|Sleep Clause Mod: Limit one foe put to sleep\n|rule|Species Clause: Limit one of each Pok\u00e9mon\n|rule|OHKO Clause: OHKO moves are banned\n|rule|Evasion Items Clause: Evasion items are banned\n|rule|Evasion Moves Clause: Evasion moves are banned\n|rule|Endless Battle Clause: Forcing endless battles is banned\n|rule|HP Percentage Mod: HP is shown in percentages\n|clearpoke\n|poke|p1|Espathra, M|\n|poke|p1|Miraidon|\n|poke|p1|Landorus-Therian, M|\n|poke|p1|Ting-Lu|\n|poke|p1|Zacian-*|\n|poke|p1|Arceus-Water|\n|poke|p2|Clodsire, F|\n|poke|p2|Iron Bundle|\n|poke|p2|Koraidon|\n|poke|p2|Miraidon|\n|poke|p2|Dondozo, F|\n|poke|p2|Iron Treads|\n|teampreview\n|inactive|Battle timer is ON: inactive players will automatically lose when time's up. (requested by jiancat)\n|inactive|Iron Bundling also wants the timer to be on.\n|inactive|Iron Bundling has 120 seconds left.\n|inactive|Iron Bundling has 90 seconds left.\n|\n|t:|1700189407\n|start\n|switch|p1a: Landorus|Landorus-Therian, M|100\/100\n|switch|p2a: Iron Bundle|Iron Bundle|100\/100\n|-ability|p1a: Landorus|Intimidate|boost\n|-unboost|p2a: Iron Bundle|atk|1\n|turn|1\n|\n|t:|1700189419\n|switch|p1a: Ting-Lu|Ting-Lu|100\/100\n|-ability|p1a: Ting-Lu|Vessel of Ruin\n|move|p2a: Iron Bundle|Freeze-Dry|p1a: Ting-Lu\n|-supereffective|p1a: Ting-Lu\n|-damage|p1a: Ting-Lu|54\/100\n|\n|upkeep\n|turn|2\n|\n|t:|1700189426\n|switch|p1a: Zacian|Zacian-Crowned|100\/100\n|-ability|p1a: Zacian|Intrepid Sword|boost\n|-boost|p1a: Zacian|atk|1\n|move|p2a: Iron Bundle|Freeze-Dry|p1a: Zacian\n|-resisted|p1a: Zacian\n|-damage|p1a: Zacian|78\/100\n|\n|upkeep\n|turn|3\n|\n|t:|1700189430\n|-end|p2a: Iron Bundle|Quark Drive|[silent]\n|switch|p2a: Dondozo|Dondozo, F|100\/100\n|move|p1a: Zacian|Play Rough|p2a: Dondozo\n|-damage|p2a: Dondozo|79\/100\n|\n|-heal|p2a: Dondozo|85\/100|[from] item: Leftovers\n|upkeep\n|turn|4\n|\n|t:|1700189444\n|switch|p1a: Miraidon|Miraidon|100\/100\n|-fieldstart|move: Electric Terrain|[from] ability: Hadron Engine|[of] p1a: Miraidon\n|move|p2a: Dondozo|Liquidation|p1a: Miraidon\n|-resisted|p1a: Miraidon\n|-damage|p1a: Miraidon|86\/100\n|\n|-heal|p2a: Dondozo|91\/100|[from] item: Leftovers\n|upkeep\n|turn|5\n|\n|t:|1700189462\n|switch|p1a: Espathra|Espathra, M|100\/100\n|-enditem|p1a: Espathra|Electric Seed\n|-boost|p1a: Espathra|def|1|[from] item: Electric Seed\n|switch|p2a: Clodsire|Clodsire, F|100\/100\n|\n|upkeep\n|turn|6\n|\n|t:|1700189480\n|-terastallize|p1a: Espathra|Steel\n|move|p1a: Espathra|Calm Mind|p1a: Espathra\n|-boost|p1a: Espathra|spa|1\n|-boost|p1a: Espathra|spd|1\n|move|p2a: Clodsire|Earthquake|p1a: Espathra\n|-supereffective|p1a: Espathra\n|-damage|p1a: Espathra|69\/100\n|\n|-ability|p1a: Espathra|Speed Boost|boost\n|-boost|p1a: Espathra|spe|1\n|upkeep\n|turn|7\n|\n|t:|1700189486\n|move|p1a: Espathra|Calm Mind|p1a: Espathra\n|-boost|p1a: Espathra|spa|1\n|-boost|p1a: Espathra|spd|1\n|move|p2a: Clodsire|Earthquake|p1a: Espathra\n|-supereffective|p1a: Espathra\n|-damage|p1a: Espathra|34\/100\n|\n|-ability|p1a: Espathra|Speed Boost|boost\n|-boost|p1a: Espathra|spe|1\n|upkeep\n|turn|8\n|\n|t:|1700189490\n|move|p1a: Espathra|Roost|p1a: Espathra\n|-heal|p1a: Espathra|85\/100\n|move|p2a: Clodsire|Earthquake|p1a: Espathra\n|-supereffective|p1a: Espathra\n|-damage|p1a: Espathra|51\/100\n|\n|-fieldend|move: Electric Terrain\n|-ability|p1a: Espathra|Speed Boost|boost\n|-boost|p1a: Espathra|spe|1\n|upkeep\n|turn|9\n|\n|t:|1700189493\n|move|p1a: Espathra|Stored Power|p2a: Clodsire\n|-supereffective|p2a: Clodsire\n|-damage|p2a: Clodsire|0 fnt\n|faint|p2a: Clodsire\n|\n|-ability|p1a: Espathra|Speed Boost|boost\n|-boost|p1a: Espathra|spe|1\n|upkeep\n|\n|t:|1700189496\n|switch|p2a: Dondozo|Dondozo, F|91\/100\n|turn|10\n|\n|t:|1700189498\n|move|p1a: Espathra|Stored Power|p2a: Dondozo\n|-damage|p2a: Dondozo|28\/100\n|move|p2a: Dondozo|Liquidation|p1a: Espathra\n|-damage|p1a: Espathra|25\/100\n|\n|-heal|p2a: Dondozo|34\/100|[from] item: Leftovers\n|-ability|p1a: Espathra|Speed Boost|boost\n|-boost|p1a: Espathra|spe|1\n|upkeep\n|turn|11\n|\n|t:|1700189501\n|move|p1a: Espathra|Roost|p1a: Espathra\n|-heal|p1a: Espathra|75\/100\n|move|p2a: Dondozo|Liquidation|p1a: Espathra\n|-damage|p1a: Espathra|48\/100\n|\n|-heal|p2a: Dondozo|40\/100|[from] item: Leftovers\n|-ability|p1a: Espathra|Speed Boost|boost\n|-boost|p1a: Espathra|spe|1\n|upkeep\n|turn|12\n|\n|t:|1700189504\n|move|p1a: Espathra|Roost|p1a: Espathra\n|-heal|p1a: Espathra|98\/100\n|move|p2a: Dondozo|Liquidation|p1a: Espathra\n|-damage|p1a: Espathra|70\/100\n|-unboost|p1a: Espathra|def|1\n|\n|-heal|p2a: Dondozo|47\/100|[from] item: Leftovers\n|upkeep\n|turn|13\n|-message|jiancat forfeited.\n|\n|win|Iron Bundling\n|raw|Iron Bundling's rating: 1149 &rarr; <strong>1181<\/strong><br \/>(+32 for winning)\n|raw|jiancat's rating: 1256 &rarr; <strong>1224<\/strong><br \/>(-32 for losing)\n|l|\u2606jiancat\n","uploadtime":1700189516,"views":19,"p1id":"ironbundling","p2id":"jiancat","formatid":"gen9ubers","rating":1181,"private":0,"password":""}