{"id":"gen9ubers-1970967826","p1":"OrcBoosClimbing","p2":"Arplux","format":"[Gen 9] Ubers","log":"|j|\u2606OrcBoosClimbing\n|j|\u2606Arplux\n|t:|1697686278\n|gametype|singles\n|player|p1|OrcBoosClimbing|winona|1079\n|player|p2|Arplux|proton|1080\n|teamsize|p1|6\n|teamsize|p2|6\n|gen|9\n|tier|[Gen 9] Ubers\n|rated|\n|rule|Sleep Clause Mod: Limit one foe put to sleep\n|rule|Species Clause: Limit one of each Pok\u00e9mon\n|rule|OHKO Clause: OHKO moves are banned\n|rule|Evasion Items Clause: Evasion items are banned\n|rule|Evasion Moves Clause: Evasion moves are banned\n|rule|Endless Battle Clause: Forcing endless battles is banned\n|rule|HP Percentage Mod: HP is shown in percentages\n|clearpoke\n|poke|p1|Samurott-Hisui, M|\n|poke|p1|Kilowattrel, M|\n|poke|p1|Mew|\n|poke|p1|Lycanroc-Dusk, F|\n|poke|p1|Landorus-Therian, M|\n|poke|p1|Salazzle, F|\n|poke|p2|Koraidon|\n|poke|p2|Miraidon|\n|poke|p2|Kyogre|\n|poke|p2|Groudon|\n|poke|p2|Dialga|\n|poke|p2|Palkia|\n|teampreview\n|inactive|Battle timer is ON: inactive players will automatically lose when time's up. (requested by OrcBoosClimbing)\n|\n|t:|1697686299\n|start\n|switch|p1a: Bitchless1|Samurott-Hisui, M|100\/100\n|switch|p2a: Koraidon|Koraidon|100\/100\n|-weather|SunnyDay|[from] ability: Orichalcum Pulse|[of] p2a: Koraidon\n|-activate|p2a: Koraidon|Orichalcum Pulse|[source]\n|turn|1\n|\n|t:|1697686303\n|switch|p1a: Bitchless5|Landorus-Therian, M|100\/100\n|-ability|p1a: Bitchless5|Intimidate|boost\n|-unboost|p2a: Koraidon|atk|1\n|move|p2a: Koraidon|U-turn|p1a: Bitchless5\n|-resisted|p1a: Bitchless5\n|-damage|p1a: Bitchless5|84\/100\n|\n|t:|1697686309\n|switch|p2a: Kyogre|Kyogre|100\/100|[from] U-turn\n|-weather|RainDance|[from] ability: Drizzle|[of] p2a: Kyogre\n|\n|-weather|RainDance|[upkeep]\n|upkeep\n|turn|2\n|\n|t:|1697686314\n|switch|p1a: Bitchless1|Samurott-Hisui, M|100\/100\n|move|p2a: Kyogre|Water Spout|p1a: Bitchless1\n|-resisted|p1a: Bitchless1\n|-damage|p1a: Bitchless1|2\/100\n|\n|-weather|RainDance|[upkeep]\n|upkeep\n|turn|3\n|\n|t:|1697686320\n|move|p1a: Bitchless1|Sucker Punch|p2a: Kyogre\n|-damage|p2a: Kyogre|52\/100\n|-damage|p1a: Bitchless1|0 fnt|[from] item: Life Orb\n|faint|p1a: Bitchless1\n|move|p2a: Kyogre|Water Spout|p1: Bitchless1|[notarget]\n|-fail|p2a: Kyogre\n|\n|-weather|RainDance|[upkeep]\n|upkeep\n|\n|t:|1697686330\n|switch|p1a: Bitchless3|Mew|100\/100\n|turn|4\n|\n|t:|1697686336\n|switch|p2a: Dialga|Dialga|100\/100\n|-ability|p2a: Dialga|Pressure\n|move|p1a: Bitchless3|Stealth Rock|p2a: Dialga\n|-sidestart|p2: Arplux|move: Stealth Rock\n|\n|-weather|RainDance|[upkeep]\n|upkeep\n|turn|5\n|\n|t:|1697686343\n|move|p1a: Bitchless3|Toxic Spikes|p2a: Dialga\n|-sidestart|p2: Arplux|move: Toxic Spikes\n|move|p2a: Dialga|Thunderbolt|p1a: Bitchless3\n|-damage|p1a: Bitchless3|78\/100\n|\n|-weather|none\n|upkeep\n|turn|6\n|\n|t:|1697686350\n|move|p1a: Bitchless3|Toxic Spikes|p2a: Dialga\n|-sidestart|p2: Arplux|move: Toxic Spikes\n|move|p2a: Dialga|Steel Beam|p1a: Bitchless3\n|-damage|p1a: Bitchless3|26\/100\n|-damage|p2a: Dialga|50\/100|[from] steelbeam\n|\n|upkeep\n|turn|7\n|\n|t:|1697686354\n|move|p1a: Bitchless3|U-turn|p2a: Dialga\n|-resisted|p2a: Dialga\n|-crit|p2a: Dialga\n|-damage|p2a: Dialga|43\/100\n|\n|t:|1697686359\n|switch|p1a: Bitchless5|Landorus-Therian, M|84\/100|[from] U-turn\n|-ability|p1a: Bitchless5|Intimidate|boost\n|-unboost|p2a: Dialga|atk|1\n|move|p2a: Dialga|Steel Beam|p1a: Bitchless5\n|-damage|p1a: Bitchless5|0 fnt\n|-damage|p2a: Dialga|0 fnt|[from] steelbeam\n|faint|p2a: Dialga\n|faint|p1a: Bitchless5\n|\n|upkeep\n|\n|t:|1697686371\n|switch|p1a: Bitchless3|Mew|26\/100\n|switch|p2a: Groudon|Groudon|100\/100\n|-damage|p2a: Groudon|94\/100|[from] Stealth Rock\n|-status|p2a: Groudon|tox\n|-weather|SunnyDay|[from] ability: Drought|[of] p2a: Groudon\n|turn|8\n|\n|t:|1697686374\n|move|p1a: Bitchless3|Psyshock|p2a: Groudon\n|-damage|p2a: Groudon|80\/100 tox\n|move|p2a: Groudon|Heat Crash|p1a: Bitchless3\n|-damage|p1a: Bitchless3|0 fnt\n|faint|p1a: Bitchless3\n|\n|-weather|SunnyDay|[upkeep]\n|-heal|p2a: Groudon|86\/100 tox|[from] item: Leftovers\n|-damage|p2a: Groudon|80\/100 tox|[from] psn\n|upkeep\n|\n|t:|1697686380\n|switch|p1a: Bitchless2|Kilowattrel, M|100\/100\n|turn|9\n|\n|t:|1697686383\n|move|p1a: Bitchless2|Air Slash|p2a: Groudon\n|-damage|p2a: Groudon|55\/100 tox\n|cant|p2a: Groudon|flinch\n|\n|-weather|SunnyDay|[upkeep]\n|-heal|p2a: Groudon|61\/100 tox|[from] item: Leftovers\n|-damage|p2a: Groudon|49\/100 tox|[from] psn\n|upkeep\n|turn|10\n|\n|t:|1697686393\n|move|p1a: Bitchless2|Air Slash|p2a: Groudon\n|-damage|p2a: Groudon|24\/100 tox\n|move|p2a: Groudon|Heat Crash|p1a: Bitchless2\n|-damage|p1a: Bitchless2|3\/100\n|\n|-weather|SunnyDay|[upkeep]\n|-heal|p2a: Groudon|30\/100 tox|[from] item: Leftovers\n|-damage|p2a: Groudon|11\/100 tox|[from] psn\n|upkeep\n|turn|11\n|\n|t:|1697686400\n|move|p1a: Bitchless2|Air Slash|p2a: Groudon\n|-damage|p2a: Groudon|0 fnt\n|faint|p2a: Groudon\n|\n|-weather|SunnyDay|[upkeep]\n|upkeep\n|\n|t:|1697686403\n|switch|p2a: Kyogre|Kyogre|52\/100\n|-damage|p2a: Kyogre|40\/100|[from] Stealth Rock\n|-status|p2a: Kyogre|tox\n|-weather|RainDance|[from] ability: Drizzle|[of] p2a: Kyogre\n|turn|12\n|\n|t:|1697686406\n|move|p2a: Kyogre|Origin Pulse|p1a: Bitchless2\n|-damage|p1a: Bitchless2|0 fnt\n|faint|p1a: Bitchless2\n|\n|-weather|RainDance|[upkeep]\n|-damage|p2a: Kyogre|34\/100 tox|[from] psn\n|upkeep\n|\n|t:|1697686409\n|switch|p1a: Bitchless4|Lycanroc-Dusk, F|100\/100\n|turn|13\n|\n|t:|1697686414\n|move|p1a: Bitchless4|Accelerock|p2a: Kyogre\n|-damage|p2a: Kyogre|7\/100 tox\n|move|p2a: Kyogre|Origin Pulse|p1a: Bitchless4\n|-supereffective|p1a: Bitchless4\n|-damage|p1a: Bitchless4|0 fnt\n|faint|p1a: Bitchless4\n|\n|-weather|RainDance|[upkeep]\n|-damage|p2a: Kyogre|0 fnt|[from] psn\n|faint|p2a: Kyogre\n|upkeep\n|\n|t:|1697686420\n|switch|p1a: Bitchless6|Salazzle, F|100\/100\n|switch|p2a: Palkia|Palkia|100\/100\n|-damage|p2a: Palkia|88\/100|[from] Stealth Rock\n|-status|p2a: Palkia|tox\n|-ability|p2a: Palkia|Pressure\n|turn|14\n|\n|t:|1697686426\n|move|p1a: Bitchless6|Protect|p1a: Bitchless6\n|-singleturn|p1a: Bitchless6|Protect\n|move|p2a: Palkia|Waterfall|p1a: Bitchless6\n|-activate|p1a: Bitchless6|move: Protect\n|\n|-weather|RainDance|[upkeep]\n|-heal|p2a: Palkia|94\/100 tox|[from] item: Leftovers\n|-damage|p2a: Palkia|88\/100 tox|[from] psn\n|upkeep\n|turn|15\n|\n|t:|1697686430\n|move|p1a: Bitchless6|Sludge Bomb|p2a: Palkia\n|-damage|p2a: Palkia|53\/100 tox\n|move|p2a: Palkia|Waterfall|p1a: Bitchless6\n|-supereffective|p1a: Bitchless6\n|-damage|p1a: Bitchless6|0 fnt\n|faint|p1a: Bitchless6\n|\n|win|Arplux\n|raw|OrcBoosClimbing's rating: 1079 &rarr; <strong>1057<\/strong><br \/>(-22 for losing)\n|raw|Arplux's rating: 1080 &rarr; <strong>1108<\/strong><br \/>(+28 for winning)\n|l|\u2606OrcBoosClimbing\n|l|\u2606Arplux\n|j|\u2606Arplux\n|player|p2|Arplux|proton\n","uploadtime":1697686452,"views":21,"p1id":"orcboosclimbing","p2id":"arplux","formatid":"gen9ubers","rating":1057,"private":0,"password":""}