{"id":"gen9ubers-1981417878","p1":"Future king of ou","p2":"Taka","format":"[Gen 9] Ubers","log":"|j|\u2606Future king of ou\n|j|\u2606Taka\n|t:|1698893581\n|gametype|singles\n|player|p1|Future king of ou|mela|\n|player|p2|Taka|#bssplviiidavesdragonairs|\n|teamsize|p1|6\n|teamsize|p2|6\n|gen|9\n|tier|[Gen 9] Ubers\n|rated|Tournament battle\n|rule|Sleep Clause Mod: Limit one foe put to sleep\n|rule|Species Clause: Limit one of each Pok\u00e9mon\n|rule|OHKO Clause: OHKO moves are banned\n|rule|Evasion Items Clause: Evasion items are banned\n|rule|Evasion Moves Clause: Evasion moves are banned\n|rule|Endless Battle Clause: Forcing endless battles is banned\n|rule|HP Percentage Mod: HP is shown in percentages\n|clearpoke\n|poke|p1|Skeledirge, F|\n|poke|p1|Kyogre|\n|poke|p1|Zacian-*|\n|poke|p1|Koraidon|\n|poke|p1|Arceus|\n|poke|p1|Clodsire, F|\n|poke|p2|Groudon|\n|poke|p2|Eternatus|\n|poke|p2|Arceus-Water|\n|poke|p2|Zacian-*|\n|poke|p2|Koraidon|\n|poke|p2|Flutter Mane|\n|teampreview\n|inactive|Battle timer is ON: inactive players will automatically lose when time's up. (requested by Taka)\n|c|\u2606Taka|hf\n|j| s3rp3rior\n|c|\u2606Future king of ou|Hf\n|\n|t:|1698893590\n|start\n|switch|p1a: Kyogre|Kyogre|100\/100\n|switch|p2a: Groudon|Groudon|100\/100\n|-weather|SunnyDay|[from] ability: Drought|[of] p2a: Groudon\n|-weather|RainDance|[from] ability: Drizzle|[of] p1a: Kyogre\n|turn|1\n|\n|t:|1698893597\n|switch|p2a: Arceus|Arceus-Water|100\/100\n|move|p1a: Kyogre|Ice Beam|p2a: Arceus\n|-resisted|p2a: Arceus\n|-damage|p2a: Arceus|81\/100\n|\n|-weather|RainDance|[upkeep]\n|upkeep\n|turn|2\n|\n|t:|1698893607\n|switch|p1a: Clodsire|Clodsire, F|100\/100\n|move|p2a: Arceus|Will-O-Wisp|p1a: Clodsire|[miss]\n|-miss|p2a: Arceus|p1a: Clodsire\n|\n|-weather|RainDance|[upkeep]\n|upkeep\n|turn|3\n|\n|t:|1698893612\n|switch|p2a: Groudon|Groudon|100\/100\n|-weather|SunnyDay|[from] ability: Drought|[of] p2a: Groudon\n|move|p1a: Clodsire|Toxic|p2a: Groudon\n|-status|p2a: Groudon|tox\n|\n|-weather|SunnyDay|[upkeep]\n|-damage|p2a: Groudon|94\/100 tox|[from] psn\n|upkeep\n|turn|4\n|j| Primordiallite\n|\n|t:|1698893624\n|switch|p1a: Arceus|Arceus|100\/100\n|move|p2a: Groudon|Precipice Blades|p1a: Arceus\n|-damage|p1a: Arceus|62\/100\n|\n|-weather|SunnyDay|[upkeep]\n|-damage|p2a: Groudon|82\/100 tox|[from] psn\n|upkeep\n|turn|5\n|\n|t:|1698893629\n|switch|p1a: Skeledirge|Skeledirge, F|100\/100\n|move|p2a: Groudon|Will-O-Wisp|p1a: Skeledirge|[miss]\n|-miss|p2a: Groudon|p1a: Skeledirge\n|\n|-weather|SunnyDay|[upkeep]\n|-damage|p2a: Groudon|64\/100 tox|[from] psn\n|upkeep\n|turn|6\n|\n|t:|1698893634\n|move|p2a: Groudon|Precipice Blades|p1a: Skeledirge|[miss]\n|-miss|p2a: Groudon|p1a: Skeledirge\n|move|p1a: Skeledirge|Slack Off||[still]\n|-fail|p1a: Skeledirge|heal\n|\n|-weather|SunnyDay|[upkeep]\n|-damage|p2a: Groudon|39\/100 tox|[from] psn\n|upkeep\n|turn|7\n|\n|t:|1698893637\n|switch|p1a: Arceus|Arceus|62\/100\n|move|p2a: Groudon|Overheat|p1a: Arceus\n|-damage|p1a: Arceus|30\/100\n|-unboost|p2a: Groudon|spa|2\n|-enditem|p2a: Groudon|Eject Pack\n|\n|t:|1698893639\n|switch|p2a: Flutter Mane|Flutter Mane|100\/100\n|-activate|p2a: Flutter Mane|ability: Protosynthesis\n|-start|p2a: Flutter Mane|protosynthesisspe\n|\n|-weather|none\n|-end|p2a: Flutter Mane|Protosynthesis\n|upkeep\n|turn|8\n|j| ZowwyCafe\u2764\n|\n|t:|1698893647\n|switch|p1a: Clodsire|Clodsire, F|100\/100\n|move|p2a: Flutter Mane|Moonblast|p1a: Clodsire\n|-resisted|p1a: Clodsire\n|-damage|p1a: Clodsire|80\/100\n|-unboost|p1a: Clodsire|spa|1\n|\n|-heal|p1a: Clodsire|86\/100|[from] item: Leftovers\n|upkeep\n|turn|9\n|\n|t:|1698893653\n|-end|p2a: Flutter Mane|Protosynthesis|[silent]\n|switch|p2a: Zacian|Zacian-Crowned|100\/100\n|-ability|p2a: Zacian|Intrepid Sword|boost\n|-boost|p2a: Zacian|atk|1\n|move|p1a: Clodsire|Spikes|p2a: Zacian\n|-sidestart|p2: Taka|Spikes\n|\n|-heal|p1a: Clodsire|93\/100|[from] item: Leftovers\n|upkeep\n|turn|10\n|j| Aleiraelyn\n|\n|t:|1698893662\n|switch|p2a: Flutter Mane|Flutter Mane|100\/100\n|-damage|p2a: Flutter Mane|88\/100|[from] Spikes\n|switch|p1a: Skeledirge|Skeledirge, F|100\/100\n|\n|upkeep\n|turn|11\n|j| Kate\n|\n|t:|1698893667\n|switch|p1a: Arceus|Arceus|30\/100\n|move|p2a: Flutter Mane|Shadow Ball|p1a: Arceus\n|-immune|p1a: Arceus\n|\n|upkeep\n|turn|12\n|l| Aleiraelyn\n|\n|t:|1698893675\n|-end|p2a: Flutter Mane|Protosynthesis|[silent]\n|switch|p2a: Arceus|Arceus-Water|81\/100\n|-damage|p2a: Arceus|69\/100|[from] Spikes\n|move|p1a: Arceus|Recover|p1a: Arceus\n|-heal|p1a: Arceus|80\/100\n|\n|upkeep\n|turn|13\n|\n|t:|1698893679\n|switch|p1a: Clodsire|Clodsire, F|93\/100\n|move|p2a: Arceus|Will-O-Wisp|p1a: Clodsire\n|-status|p1a: Clodsire|brn\n|\n|-heal|p1a: Clodsire|99\/100 brn|[from] item: Leftovers\n|-damage|p1a: Clodsire|93\/100 brn|[from] brn\n|upkeep\n|turn|14\n|\n|t:|1698893683\n|switch|p2a: Groudon|Groudon|39\/100 tox\n|-damage|p2a: Groudon|27\/100 tox|[from] Spikes\n|-weather|SunnyDay|[from] ability: Drought|[of] p2a: Groudon\n|move|p1a: Clodsire|Spikes|p2a: Groudon\n|-sidestart|p2: Taka|Spikes\n|\n|-weather|SunnyDay|[upkeep]\n|-heal|p1a: Clodsire|99\/100 brn|[from] item: Leftovers\n|-damage|p2a: Groudon|21\/100 tox|[from] psn\n|-damage|p1a: Clodsire|93\/100 brn|[from] brn\n|upkeep\n|turn|15\n|\n|t:|1698893690\n|switch|p1a: Arceus|Arceus|80\/100\n|move|p2a: Groudon|Spikes|p1a: Arceus\n|-sidestart|p1: Future king of ou|Spikes\n|\n|-weather|SunnyDay|[upkeep]\n|-damage|p2a: Groudon|8\/100 tox|[from] psn\n|upkeep\n|turn|16\n|\n|t:|1698893692\n|move|p1a: Arceus|Extreme Speed|p2a: Groudon\n|-damage|p2a: Groudon|0 fnt\n|faint|p2a: Groudon\n|\n|-weather|SunnyDay|[upkeep]\n|upkeep\n|\n|t:|1698893697\n|switch|p2a: Arceus|Arceus-Water|69\/100\n|-damage|p2a: Arceus|52\/100|[from] Spikes\n|turn|17\n|\n|t:|1698893701\n|switch|p1a: Clodsire|Clodsire, F|93\/100 brn\n|-damage|p1a: Clodsire|80\/100 brn|[from] Spikes\n|move|p2a: Arceus|Ice Beam|p1a: Clodsire\n|-supereffective|p1a: Clodsire\n|-damage|p1a: Clodsire|56\/100 brn\n|\n|-weather|SunnyDay|[upkeep]\n|-heal|p1a: Clodsire|62\/100 brn|[from] item: Leftovers\n|-damage|p1a: Clodsire|56\/100 brn|[from] brn\n|upkeep\n|turn|18\n|\n|t:|1698893703\n|move|p2a: Arceus|Recover|p2a: Arceus\n|-heal|p2a: Arceus|100\/100\n|move|p1a: Clodsire|Recover|p1a: Clodsire\n|-heal|p1a: Clodsire|100\/100 brn\n|\n|-weather|none\n|-damage|p1a: Clodsire|94\/100 brn|[from] brn\n|upkeep\n|turn|19\n|\n|t:|1698893710\n|switch|p2a: Zacian|Zacian-Crowned|100\/100\n|-damage|p2a: Zacian|84\/100|[from] Spikes\n|move|p1a: Clodsire|Spikes|p2a: Zacian\n|-sidestart|p2: Taka|Spikes\n|\n|-heal|p1a: Clodsire|100\/100 brn|[from] item: Leftovers\n|-damage|p1a: Clodsire|94\/100 brn|[from] brn\n|upkeep\n|turn|20\n|\n|t:|1698893713\n|switch|p2a: Arceus|Arceus-Water|100\/100\n|-damage|p2a: Arceus|76\/100|[from] Spikes\n|switch|p1a: Skeledirge|Skeledirge, F|100\/100\n|\n|upkeep\n|turn|21\n|\n|t:|1698893723\n|switch|p1a: Clodsire|Clodsire, F|94\/100 brn\n|-damage|p1a: Clodsire|82\/100 brn|[from] Spikes\n|move|p2a: Arceus|Ice Beam|p1a: Clodsire\n|-supereffective|p1a: Clodsire\n|-damage|p1a: Clodsire|58\/100 brn\n|\n|-heal|p1a: Clodsire|64\/100 brn|[from] item: Leftovers\n|-damage|p1a: Clodsire|58\/100 brn|[from] brn\n|upkeep\n|turn|22\n|\n|t:|1698893729\n|move|p2a: Arceus|Ice Beam|p1a: Clodsire\n|-supereffective|p1a: Clodsire\n|-damage|p1a: Clodsire|33\/100 brn\n|move|p1a: Clodsire|Recover|p1a: Clodsire\n|-heal|p1a: Clodsire|83\/100 brn\n|\n|-heal|p1a: Clodsire|89\/100 brn|[from] item: Leftovers\n|-damage|p1a: Clodsire|83\/100 brn|[from] brn\n|upkeep\n|turn|23\n|\n|t:|1698893731\n|switch|p2a: Eternatus|Eternatus|100\/100\n|-damage|p2a: Eternatus|76\/100|[from] Spikes\n|-ability|p2a: Eternatus|Pressure\n|move|p1a: Clodsire|Toxic|p2a: Eternatus\n|-immune|p2a: Eternatus\n|\n|-heal|p1a: Clodsire|89\/100 brn|[from] item: Leftovers\n|-damage|p1a: Clodsire|83\/100 brn|[from] brn\n|upkeep\n|turn|24\n|\n|t:|1698893735\n|switch|p2a: Arceus|Arceus-Water|76\/100\n|-damage|p2a: Arceus|51\/100|[from] Spikes\n|move|p1a: Clodsire|Earthquake|p2a: Arceus\n|-damage|p2a: Arceus|43\/100\n|\n|-heal|p1a: Clodsire|89\/100 brn|[from] item: Leftovers\n|-damage|p1a: Clodsire|83\/100 brn|[from] brn\n|upkeep\n|turn|25\n|\n|t:|1698893754\n|switch|p1a: Koraidon|Koraidon|100\/100\n|-damage|p1a: Koraidon|88\/100|[from] Spikes\n|-weather|SunnyDay|[from] ability: Orichalcum Pulse|[of] p1a: Koraidon\n|-activate|p1a: Koraidon|Orichalcum Pulse|[source]\n|move|p2a: Arceus|Recover|p2a: Arceus\n|-heal|p2a: Arceus|93\/100\n|\n|-weather|SunnyDay|[upkeep]\n|upkeep\n|turn|26\n|\n|t:|1698893760\n|move|p1a: Koraidon|U-turn|p2a: Arceus\n|-damage|p2a: Arceus|74\/100\n|\n|t:|1698893764\n|switch|p1a: Clodsire|Clodsire, F|83\/100 brn|[from] U-turn\n|-damage|p1a: Clodsire|71\/100 brn|[from] Spikes\n|move|p2a: Arceus|Will-O-Wisp|p1a: Clodsire\n|-fail|p1a: Clodsire|brn\n|\n|-weather|SunnyDay|[upkeep]\n|-heal|p1a: Clodsire|77\/100 brn|[from] item: Leftovers\n|-damage|p1a: Clodsire|71\/100 brn|[from] brn\n|upkeep\n|turn|27\n|\n|t:|1698893772\n|switch|p2a: Zacian|Zacian-Crowned|84\/100\n|-damage|p2a: Zacian|59\/100|[from] Spikes\n|move|p1a: Clodsire|Recover|p1a: Clodsire\n|-heal|p1a: Clodsire|100\/100 brn\n|\n|-weather|SunnyDay|[upkeep]\n|-damage|p1a: Clodsire|94\/100 brn|[from] brn\n|upkeep\n|turn|28\n|\n|t:|1698893778\n|switch|p2a: Flutter Mane|Flutter Mane|88\/100\n|-damage|p2a: Flutter Mane|63\/100|[from] Spikes\n|-activate|p2a: Flutter Mane|ability: Protosynthesis\n|-start|p2a: Flutter Mane|protosynthesisspe\n|switch|p1a: Skeledirge|Skeledirge, F|100\/100\n|\n|-weather|SunnyDay|[upkeep]\n|upkeep\n|turn|29\n|\n|t:|1698893786\n|switch|p1a: Arceus|Arceus|80\/100\n|-damage|p1a: Arceus|68\/100|[from] Spikes\n|move|p2a: Flutter Mane|Moonblast|p1a: Arceus\n|-damage|p1a: Arceus|20\/100\n|\n|-weather|none\n|-end|p2a: Flutter Mane|Protosynthesis\n|upkeep\n|turn|30\n|\n|t:|1698893794\n|-end|p2a: Flutter Mane|Protosynthesis|[silent]\n|switch|p2a: Koraidon|Koraidon|100\/100\n|-damage|p2a: Koraidon|76\/100|[from] Spikes\n|-weather|SunnyDay|[from] ability: Orichalcum Pulse|[of] p2a: Koraidon\n|-activate|p2a: Koraidon|Orichalcum Pulse|[source]\n|switch|p1a: Skeledirge|Skeledirge, F|100\/100\n|\n|-weather|SunnyDay|[upkeep]\n|upkeep\n|turn|31\n|\n|t:|1698893802\n|switch|p2a: Eternatus|Eternatus|76\/100\n|-damage|p2a: Eternatus|51\/100|[from] Spikes\n|-ability|p2a: Eternatus|Pressure\n|move|p1a: Skeledirge|Torch Song|p2a: Eternatus\n|-resisted|p2a: Eternatus\n|-damage|p2a: Eternatus|33\/100\n|-boost|p1a: Skeledirge|spa|1\n|\n|-weather|SunnyDay|[upkeep]\n|upkeep\n|turn|32\n|\n|t:|1698893808\n|move|p2a: Eternatus|Dynamax Cannon|p1a: Skeledirge\n|-damage|p1a: Skeledirge|31\/100\n|move|p1a: Skeledirge|Torch Song|p2a: Eternatus\n|-resisted|p2a: Eternatus\n|-damage|p2a: Eternatus|4\/100\n|-boost|p1a: Skeledirge|spa|1\n|\n|-weather|SunnyDay|[upkeep]\n|upkeep\n|turn|33\n|\n|t:|1698893817\n|move|p2a: Eternatus|Fire Blast|p1a: Skeledirge\n|-resisted|p1a: Skeledirge\n|-damage|p1a: Skeledirge|0 fnt\n|faint|p1a: Skeledirge\n|\n|-weather|SunnyDay|[upkeep]\n|upkeep\n|j|+corvere\n|\n|t:|1698893821\n|switch|p1a: Koraidon|Koraidon|88\/100\n|-damage|p1a: Koraidon|76\/100|[from] Spikes\n|-activate|p1a: Koraidon|ability: Orichalcum Pulse\n|turn|34\n|\n|t:|1698893825\n|move|p1a: Koraidon|U-turn|p2a: Eternatus\n|-resisted|p2a: Eternatus\n|-damage|p2a: Eternatus|0 fnt\n|faint|p2a: Eternatus\n|\n|t:|1698893830\n|switch|p1a: Kyogre|Kyogre|100\/100|[from] U-turn\n|-damage|p1a: Kyogre|88\/100|[from] Spikes\n|-weather|RainDance|[from] ability: Drizzle|[of] p1a: Kyogre\n|\n|-weather|RainDance|[upkeep]\n|upkeep\n|\n|t:|1698893835\n|switch|p2a: Koraidon|Koraidon|76\/100\n|-damage|p2a: Koraidon|51\/100|[from] Spikes\n|-weather|SunnyDay|[from] ability: Orichalcum Pulse|[of] p2a: Koraidon\n|-activate|p2a: Koraidon|Orichalcum Pulse|[source]\n|turn|35\n|\n|t:|1698893839\n|move|p2a: Koraidon|Low Kick|p1a: Kyogre\n|-damage|p1a: Kyogre|8\/100\n|move|p1a: Kyogre|Ice Beam|p2a: Koraidon\n|-supereffective|p2a: Koraidon\n|-damage|p2a: Koraidon|0 fnt\n|faint|p2a: Koraidon\n|\n|-weather|SunnyDay|[upkeep]\n|upkeep\n|\n|t:|1698893850\n|switch|p2a: Zacian|Zacian-Crowned|59\/100\n|-damage|p2a: Zacian|34\/100|[from] Spikes\n|turn|36\n|\n|t:|1698893852\n|move|p2a: Zacian|Behemoth Blade|p1a: Kyogre\n|-resisted|p1a: Kyogre\n|-damage|p1a: Kyogre|0 fnt\n|faint|p1a: Kyogre\n|\n|-weather|SunnyDay|[upkeep]\n|upkeep\n|\n|t:|1698893854\n|switch|p1a: Zacian|Zacian-Crowned|100\/100\n|-damage|p1a: Zacian|88\/100|[from] Spikes\n|-ability|p1a: Zacian|Intrepid Sword|boost\n|-boost|p1a: Zacian|atk|1\n|turn|37\n|\n|t:|1698893858\n|move|p2a: Zacian|Behemoth Blade|p1a: Zacian\n|-damage|p1a: Zacian|25\/100\n|move|p1a: Zacian|Behemoth Blade|p2a: Zacian\n|-damage|p2a: Zacian|0 fnt\n|faint|p2a: Zacian\n|\n|-weather|SunnyDay|[upkeep]\n|upkeep\n|\n|t:|1698893860\n|switch|p2a: Flutter Mane|Flutter Mane|63\/100\n|-damage|p2a: Flutter Mane|39\/100|[from] Spikes\n|-activate|p2a: Flutter Mane|ability: Protosynthesis\n|-start|p2a: Flutter Mane|protosynthesisspe\n|turn|38\n|l|+corvere\n|\n|t:|1698893881\n|move|p2a: Flutter Mane|Moonblast|p1a: Zacian\n|-resisted|p1a: Zacian\n|-damage|p1a: Zacian|0 fnt\n|faint|p1a: Zacian\n|\n|-weather|SunnyDay|[upkeep]\n|upkeep\n|\n|t:|1698893885\n|switch|p1a: Clodsire|Clodsire, F|94\/100 brn\n|-damage|p1a: Clodsire|82\/100 brn|[from] Spikes\n|turn|39\n|\n|t:|1698893894\n|move|p2a: Flutter Mane|Moonblast|p1a: Clodsire\n|-resisted|p1a: Clodsire\n|-damage|p1a: Clodsire|62\/100 brn\n|move|p1a: Clodsire|Toxic|p2a: Flutter Mane\n|-status|p2a: Flutter Mane|tox\n|\n|-weather|none\n|-end|p2a: Flutter Mane|Protosynthesis\n|-heal|p1a: Clodsire|68\/100 brn|[from] item: Leftovers\n|-damage|p2a: Flutter Mane|33\/100 tox|[from] psn\n|-damage|p1a: Clodsire|62\/100 brn|[from] brn\n|upkeep\n|turn|40\n|\n|t:|1698893897\n|move|p2a: Flutter Mane|Moonblast|p1a: Clodsire\n|-resisted|p1a: Clodsire\n|-damage|p1a: Clodsire|41\/100 brn\n|move|p1a: Clodsire|Recover|p1a: Clodsire\n|-heal|p1a: Clodsire|91\/100 brn\n|\n|-heal|p1a: Clodsire|97\/100 brn|[from] item: Leftovers\n|-damage|p2a: Flutter Mane|21\/100 tox|[from] psn\n|-damage|p1a: Clodsire|91\/100 brn|[from] brn\n|upkeep\n|turn|41\n|\n|t:|1698893901\n|move|p2a: Flutter Mane|Moonblast|p1a: Clodsire\n|-resisted|p1a: Clodsire\n|-damage|p1a: Clodsire|71\/100 brn\n|-unboost|p1a: Clodsire|spa|1\n|move|p1a: Clodsire|Recover|p1a: Clodsire\n|-heal|p1a: Clodsire|100\/100 brn\n|\n|-damage|p2a: Flutter Mane|3\/100 tox|[from] psn\n|-damage|p1a: Clodsire|94\/100 brn|[from] brn\n|upkeep\n|turn|42\n|\n|t:|1698893903\n|move|p2a: Flutter Mane|Moonblast|p1a: Clodsire\n|-resisted|p1a: Clodsire\n|-damage|p1a: Clodsire|73\/100 brn\n|move|p1a: Clodsire|Recover|p1a: Clodsire\n|-heal|p1a: Clodsire|100\/100 brn\n|\n|-damage|p2a: Flutter Mane|0 fnt|[from] psn\n|faint|p2a: Flutter Mane\n|-end|p2a: Flutter Mane|Protosynthesis|[silent]\n|-damage|p1a: Clodsire|94\/100 brn|[from] brn\n|upkeep\n|\n|t:|1698893905\n|switch|p2a: Arceus|Arceus-Water|74\/100\n|-damage|p2a: Arceus|49\/100|[from] Spikes\n|turn|43\n|\n|t:|1698893911\n|move|p2a: Arceus|Recover|p2a: Arceus\n|-heal|p2a: Arceus|99\/100\n|move|p1a: Clodsire|Toxic|p2a: Arceus\n|-status|p2a: Arceus|tox\n|\n|-heal|p1a: Clodsire|100\/100 brn|[from] item: Leftovers\n|-damage|p2a: Arceus|93\/100 tox|[from] psn\n|-damage|p1a: Clodsire|94\/100 brn|[from] brn\n|upkeep\n|turn|44\n|c|\u2606Taka|gg\n|-message|Taka forfeited.\n|\n|win|Future king of ou\n|n|\u2606Future king of ou|futurekingofou\n|n|\u2606Taka|taka\n|n| s3rp3rior|s3rp3rior\n|n| Primordiallite|primordiallite\n|n| ZowwyCafe\u2764|zowwycafe\n|n| Kate|kate\n|c|\u2606Future king of ou|Ggs\n|l|\u2606Taka\n|l| Kate\n|l|\u2606Future king of ou\n|j|\u2606Future king of ou\n|player|p1|Future king of ou|mela\n","uploadtime":1698893983,"views":39,"p1id":"futurekingofou","p2id":"taka","formatid":"gen9ubers","rating":0,"private":0,"password":""}