{"id":"gen9ubers-1975711492","p1":"Skotchaud","p2":"Aaron MA","format":"[Gen 9] Ubers","log":"|j|\u2606Skotchaud\n|j|\u2606Aaron MA\n|t:|1698228722\n|gametype|singles\n|player|p1|Skotchaud|noland|\n|player|p2|Aaron MA|2|\n|teamsize|p1|6\n|teamsize|p2|6\n|gen|9\n|tier|[Gen 9] Ubers\n|rule|Sleep Clause Mod: Limit one foe put to sleep\n|rule|Species Clause: Limit one of each Pok\u00e9mon\n|rule|OHKO Clause: OHKO moves are banned\n|rule|Evasion Items Clause: Evasion items are banned\n|rule|Evasion Moves Clause: Evasion moves are banned\n|rule|Endless Battle Clause: Forcing endless battles is banned\n|rule|HP Percentage Mod: HP is shown in percentages\n|clearpoke\n|poke|p1|Torkoal, M|\n|poke|p1|Walking Wake|\n|poke|p1|Great Tusk|\n|poke|p1|Corviknight, M|\n|poke|p1|Dragapult, F|\n|poke|p1|Clefable, M|\n|poke|p2|Ninetales-Alola, F|\n|poke|p2|Baxcalibur, M|\n|poke|p2|Kingambit, F|\n|poke|p2|Iron Moth|\n|poke|p2|Empoleon, F|\n|poke|p2|Great Tusk|\n|teampreview\n|\n|t:|1698228748\n|start\n|switch|p1a: Dragapult|Dragapult, F|100\/100\n|switch|p2a: Empoleon|Empoleon, F|100\/100\n|turn|1\n|\n|t:|1698228762\n|move|p1a: Dragapult|Shadow Ball|p2a: Empoleon\n|-damage|p2a: Empoleon|64\/100\n|move|p2a: Empoleon|Stealth Rock|p1a: Dragapult\n|-sidestart|p1: Skotchaud|move: Stealth Rock\n|\n|-heal|p2a: Empoleon|70\/100|[from] item: Leftovers\n|upkeep\n|turn|2\n|\n|t:|1698228774\n|switch|p1a: Corviknight|Corviknight, M|100\/100\n|-damage|p1a: Corviknight|88\/100|[from] Stealth Rock\n|-ability|p1a: Corviknight|Pressure\n|move|p2a: Empoleon|Roost|p2a: Empoleon\n|-heal|p2a: Empoleon|100\/100\n|-singleturn|p2a: Empoleon|move: Roost\n|\n|upkeep\n|turn|3\n|\n|t:|1698228785\n|move|p2a: Empoleon|Surf|p1a: Corviknight\n|-damage|p1a: Corviknight|56\/100\n|move|p1a: Corviknight|Defog|p2a: Empoleon\n|-unboost|p2a: Empoleon|evasion|1\n|-ability|p2a: Empoleon|Competitive|boost\n|-boost|p2a: Empoleon|spa|2\n|-sideend|p1: Skotchaud|Stealth Rock|[from] move: Defog|[of] p1a: Corviknight\n|\n|upkeep\n|turn|4\n|\n|t:|1698228806\n|switch|p1a: Torkoal|Torkoal, M|100\/100\n|-weather|SunnyDay|[from] ability: Drought|[of] p1a: Torkoal\n|move|p2a: Empoleon|Surf|p1a: Torkoal\n|-supereffective|p1a: Torkoal\n|-damage|p1a: Torkoal|18\/100\n|\n|-weather|SunnyDay|[upkeep]\n|upkeep\n|turn|5\n|\n|t:|1698228822\n|switch|p1a: Walking Wake|Walking Wake|100\/100\n|-activate|p1a: Walking Wake|ability: Protosynthesis\n|-start|p1a: Walking Wake|protosynthesisspe\n|move|p2a: Empoleon|Flash Cannon|p1a: Walking Wake\n|-resisted|p1a: Walking Wake\n|-damage|p1a: Walking Wake|68\/100\n|-unboost|p1a: Walking Wake|spd|1\n|\n|-weather|SunnyDay|[upkeep]\n|upkeep\n|turn|6\n|\n|t:|1698228837\n|switch|p2a: Ninetales|Ninetales-Alola, F|100\/100\n|-weather|Snow|[from] ability: Snow Warning|[of] p2a: Ninetales\n|-end|p1a: Walking Wake|Protosynthesis\n|move|p1a: Walking Wake|Hydro Steam|p2a: Ninetales\n|-damage|p2a: Ninetales|40\/100\n|\n|-weather|Snow|[upkeep]\n|upkeep\n|turn|7\n|j| Mohid 019\n|\n|t:|1698228847\n|switch|p2a: Empoleon|Empoleon, F|100\/100\n|-end|p1a: Walking Wake|Protosynthesis|[silent]\n|switch|p1a: Torkoal|Torkoal, M|18\/100\n|-weather|SunnyDay|[from] ability: Drought|[of] p1a: Torkoal\n|\n|-weather|SunnyDay|[upkeep]\n|upkeep\n|turn|8\n|l| Mohid 019\n|\n|t:|1698228862\n|switch|p1a: Walking Wake|Walking Wake|68\/100\n|-activate|p1a: Walking Wake|ability: Protosynthesis\n|-start|p1a: Walking Wake|protosynthesisspe\n|move|p2a: Empoleon|Stealth Rock|p1a: Walking Wake\n|-sidestart|p1: Skotchaud|move: Stealth Rock\n|\n|-weather|SunnyDay|[upkeep]\n|upkeep\n|turn|9\n|\n|t:|1698228897\n|move|p1a: Walking Wake|Hydro Steam|p2a: Empoleon\n|-resisted|p2a: Empoleon\n|-damage|p2a: Empoleon|73\/100\n|move|p2a: Empoleon|Roost|p2a: Empoleon\n|-heal|p2a: Empoleon|100\/100\n|-singleturn|p2a: Empoleon|move: Roost\n|\n|-weather|SunnyDay|[upkeep]\n|upkeep\n|turn|10\n|\n|t:|1698228907\n|move|p1a: Walking Wake|Hydro Steam|p2a: Empoleon\n|-resisted|p2a: Empoleon\n|-damage|p2a: Empoleon|69\/100\n|move|p2a: Empoleon|Flash Cannon|p1a: Walking Wake\n|-resisted|p1a: Walking Wake\n|-damage|p1a: Walking Wake|51\/100\n|\n|-weather|SunnyDay|[upkeep]\n|-heal|p2a: Empoleon|75\/100|[from] item: Leftovers\n|upkeep\n|turn|11\n|\n|t:|1698228918\n|move|p1a: Walking Wake|Hydro Steam|p2a: Empoleon\n|-resisted|p2a: Empoleon\n|-damage|p2a: Empoleon|46\/100\n|move|p2a: Empoleon|Roost|p2a: Empoleon\n|-heal|p2a: Empoleon|96\/100\n|-singleturn|p2a: Empoleon|move: Roost\n|\n|-weather|SunnyDay|[upkeep]\n|-heal|p2a: Empoleon|100\/100|[from] item: Leftovers\n|upkeep\n|turn|12\n|\n|t:|1698228935\n|move|p1a: Walking Wake|Hydro Steam|p2a: Empoleon\n|-resisted|p2a: Empoleon\n|-damage|p2a: Empoleon|71\/100\n|move|p2a: Empoleon|Flash Cannon|p1a: Walking Wake\n|-resisted|p1a: Walking Wake\n|-damage|p1a: Walking Wake|34\/100\n|\n|-weather|SunnyDay|[upkeep]\n|-heal|p2a: Empoleon|77\/100|[from] item: Leftovers\n|upkeep\n|turn|13\n|\n|t:|1698228945\n|-end|p1a: Walking Wake|Protosynthesis|[silent]\n|switch|p1a: Great Tusk|Great Tusk|100\/100\n|-damage|p1a: Great Tusk|98\/100|[from] Stealth Rock\n|-activate|p1a: Great Tusk|ability: Protosynthesis\n|-start|p1a: Great Tusk|protosynthesisatk\n|move|p2a: Empoleon|Roost|p2a: Empoleon\n|-heal|p2a: Empoleon|100\/100\n|-singleturn|p2a: Empoleon|move: Roost\n|\n|-weather|SunnyDay|[upkeep]\n|upkeep\n|turn|14\n|\n|t:|1698228965\n|switch|p2a: Great Tusk|Great Tusk|100\/100\n|-activate|p2a: Great Tusk|ability: Protosynthesis\n|-start|p2a: Great Tusk|protosynthesisdef\n|move|p1a: Great Tusk|Headlong Rush|p2a: Great Tusk\n|-damage|p2a: Great Tusk|55\/100\n|-unboost|p1a: Great Tusk|def|1\n|-unboost|p1a: Great Tusk|spd|1\n|\n|-weather|none\n|-end|p1a: Great Tusk|Protosynthesis\n|-end|p2a: Great Tusk|Protosynthesis\n|upkeep\n|turn|15\n|\n|t:|1698228978\n|-end|p1a: Great Tusk|Protosynthesis|[silent]\n|switch|p1a: Corviknight|Corviknight, M|56\/100\n|-damage|p1a: Corviknight|44\/100|[from] Stealth Rock\n|-ability|p1a: Corviknight|Pressure\n|move|p2a: Great Tusk|Bulk Up|p2a: Great Tusk\n|-boost|p2a: Great Tusk|atk|1\n|-boost|p2a: Great Tusk|def|1\n|\n|upkeep\n|turn|16\n|\n|t:|1698228988\n|-end|p2a: Great Tusk|Protosynthesis|[silent]\n|switch|p2a: Empoleon|Empoleon, F|100\/100\n|move|p1a: Corviknight|Defog|p2a: Empoleon\n|-unboost|p2a: Empoleon|evasion|1\n|-ability|p2a: Empoleon|Competitive|boost\n|-boost|p2a: Empoleon|spa|2\n|-sideend|p1: Skotchaud|Stealth Rock|[from] move: Defog|[of] p1a: Corviknight\n|\n|upkeep\n|turn|17\n|\n|t:|1698229015\n|switch|p1a: Dragapult|Dragapult, F|100\/100\n|move|p2a: Empoleon|Surf|p1a: Dragapult\n|-resisted|p1a: Dragapult\n|-damage|p1a: Dragapult|56\/100\n|\n|upkeep\n|turn|18\n|\n|t:|1698229040\n|switch|p1a: Great Tusk|Great Tusk|98\/100\n|move|p2a: Empoleon|Surf|p1a: Great Tusk\n|-supereffective|p1a: Great Tusk\n|-damage|p1a: Great Tusk|0 fnt\n|faint|p1a: Great Tusk\n|-end|p1a: Great Tusk|Protosynthesis|[silent]\n|\n|upkeep\n|\n|t:|1698229045\n|switch|p1a: Torkoal|Torkoal, M|18\/100\n|-weather|SunnyDay|[from] ability: Drought|[of] p1a: Torkoal\n|turn|19\n|\n|t:|1698229058\n|switch|p1a: Dragapult|Dragapult, F|56\/100\n|move|p2a: Empoleon|Surf|p1a: Dragapult\n|-resisted|p1a: Dragapult\n|-damage|p1a: Dragapult|35\/100\n|\n|-weather|SunnyDay|[upkeep]\n|upkeep\n|turn|20\n|\n|t:|1698229068\n|move|p1a: Dragapult|Shadow Ball|p2a: Empoleon\n|-damage|p2a: Empoleon|63\/100\n|move|p2a: Empoleon|Flash Cannon|p1a: Dragapult\n|-damage|p1a: Dragapult|0 fnt\n|faint|p1a: Dragapult\n|\n|-weather|SunnyDay|[upkeep]\n|-heal|p2a: Empoleon|70\/100|[from] item: Leftovers\n|upkeep\n|\n|t:|1698229076\n|switch|p1a: Clefable|Clefable, M|100\/100\n|turn|21\n|\n|t:|1698229082\n|-terastallize|p1a: Clefable|Poison\n|move|p1a: Clefable|Calm Mind|p1a: Clefable\n|-boost|p1a: Clefable|spa|1\n|-boost|p1a: Clefable|spd|1\n|move|p2a: Empoleon|Flash Cannon|p1a: Clefable\n|-damage|p1a: Clefable|63\/100\n|\n|-weather|SunnyDay|[upkeep]\n|-heal|p1a: Clefable|69\/100|[from] item: Leftovers\n|-heal|p2a: Empoleon|76\/100|[from] item: Leftovers\n|upkeep\n|turn|22\n|\n|t:|1698229101\n|move|p1a: Clefable|Cosmic Power|p1a: Clefable\n|-boost|p1a: Clefable|def|1\n|-boost|p1a: Clefable|spd|1\n|move|p2a: Empoleon|Flash Cannon|p1a: Clefable\n|-crit|p1a: Clefable\n|-damage|p1a: Clefable|0 fnt\n|faint|p1a: Clefable\n|\n|-weather|SunnyDay|[upkeep]\n|-heal|p2a: Empoleon|82\/100|[from] item: Leftovers\n|upkeep\n|\n|t:|1698229115\n|switch|p1a: Walking Wake|Walking Wake|34\/100\n|-activate|p1a: Walking Wake|ability: Protosynthesis\n|-start|p1a: Walking Wake|protosynthesisspe\n|turn|23\n|\n|t:|1698229124\n|move|p1a: Walking Wake|Hydro Steam|p2a: Empoleon\n|-resisted|p2a: Empoleon\n|-damage|p2a: Empoleon|55\/100\n|move|p2a: Empoleon|Flash Cannon|p1a: Walking Wake\n|-resisted|p1a: Walking Wake\n|-damage|p1a: Walking Wake|0 fnt\n|faint|p1a: Walking Wake\n|-end|p1a: Walking Wake|Protosynthesis|[silent]\n|\n|-weather|SunnyDay|[upkeep]\n|-heal|p2a: Empoleon|61\/100|[from] item: Leftovers\n|upkeep\n|\n|t:|1698229134\n|switch|p1a: Corviknight|Corviknight, M|44\/100\n|-ability|p1a: Corviknight|Pressure\n|turn|24\n|\n|t:|1698229142\n|move|p2a: Empoleon|Surf|p1a: Corviknight\n|-damage|p1a: Corviknight|11\/100\n|move|p1a: Corviknight|Roost|p1a: Corviknight\n|-heal|p1a: Corviknight|61\/100\n|-singleturn|p1a: Corviknight|move: Roost\n|\n|-weather|SunnyDay|[upkeep]\n|-heal|p2a: Empoleon|67\/100|[from] item: Leftovers\n|upkeep\n|turn|25\n|\n|t:|1698229154\n|move|p2a: Empoleon|Surf|p1a: Corviknight\n|-damage|p1a: Corviknight|28\/100\n|move|p1a: Corviknight|Roost|p1a: Corviknight\n|-heal|p1a: Corviknight|78\/100\n|-singleturn|p1a: Corviknight|move: Roost\n|\n|-weather|SunnyDay|[upkeep]\n|-heal|p2a: Empoleon|73\/100|[from] item: Leftovers\n|upkeep\n|turn|26\n|-message|Skotchaud forfeited.\n|\n|win|Aaron MA\n|l|\u2606Skotchaud\n|l|\u2606Aaron MA\n|j|\u2606Aaron MA\n|player|p2|Aaron MA|2\n","uploadtime":1698229655,"views":11,"p1id":"skotchaud","p2id":"aaronma","formatid":"gen9ubers","rating":0,"private":0,"password":""}