{"id":"gen9ubers-1996594760","p1":"JachiMalz","p2":"gen 9 ruined ou","format":"[Gen 9] Ubers","log":"|j|\u2606JachiMalz\n|j|\u2606gen 9 ruined ou\n|t:|1700698420\n|gametype|singles\n|player|p1|JachiMalz|rocketgruntf|1281\n|player|p2|gen 9 ruined ou|morty-masters2|1251\n|teamsize|p1|6\n|teamsize|p2|6\n|gen|9\n|tier|[Gen 9] Ubers\n|rated|\n|rule|Sleep Clause Mod: Limit one foe put to sleep\n|rule|Species Clause: Limit one of each Pok\u00e9mon\n|rule|OHKO Clause: OHKO moves are banned\n|rule|Evasion Items Clause: Evasion items are banned\n|rule|Evasion Moves Clause: Evasion moves are banned\n|rule|Endless Battle Clause: Forcing endless battles is banned\n|rule|HP Percentage Mod: HP is shown in percentages\n|clearpoke\n|poke|p1|Miraidon|\n|poke|p1|Sneasler, M|\n|poke|p1|Gholdengo|\n|poke|p1|Ting-Lu|\n|poke|p1|Iron Bundle|\n|poke|p1|Giratina-Origin|\n|poke|p2|Zacian-*|\n|poke|p2|Ribombee, M|\n|poke|p2|Miraidon|\n|poke|p2|Flutter Mane|\n|poke|p2|Koraidon|\n|poke|p2|Iron Bundle|\n|teampreview\n|\n|t:|1700698435\n|start\n|switch|p1a: Iron Bundle|Iron Bundle|100\/100\n|switch|p2a: Ribombee|Ribombee, M|100\/100\n|turn|1\n|\n|t:|1700698440\n|move|p1a: Iron Bundle|Flip Turn|p2a: Ribombee\n|-damage|p2a: Ribombee|69\/100\n|\n|t:|1700698442\n|-end|p1a: Iron Bundle|Quark Drive|[silent]\n|switch|p1a: Giratina|Giratina-Origin|100\/100|[from] Flip Turn\n|move|p2a: Ribombee|Sticky Web|p1a: Giratina\n|-sidestart|p1: JachiMalz|move: Sticky Web\n|\n|upkeep\n|turn|2\n|\n|t:|1700698452\n|move|p2a: Ribombee|Moonblast|p1a: Giratina\n|-supereffective|p1a: Giratina\n|-damage|p1a: Giratina|64\/100\n|-unboost|p1a: Giratina|spa|1\n|move|p1a: Giratina|Defog|p2a: Ribombee\n|-unboost|p2a: Ribombee|evasion|1\n|-sideend|p1: JachiMalz|Sticky Web|[from] move: Defog|[of] p1a: Giratina\n|\n|upkeep\n|turn|3\n|\n|t:|1700698457\n|move|p2a: Ribombee|Sticky Web|p1a: Giratina\n|-sidestart|p1: JachiMalz|move: Sticky Web\n|move|p1a: Giratina|Shadow Ball|p2a: Ribombee\n|-damage|p2a: Ribombee|24\/100\n|\n|upkeep\n|turn|4\n|\n|t:|1700698464\n|move|p2a: Ribombee|Moonblast|p1a: Giratina\n|-supereffective|p1a: Giratina\n|-damage|p1a: Giratina|26\/100\n|move|p1a: Giratina|Defog|p2a: Ribombee\n|-unboost|p2a: Ribombee|evasion|1\n|-sideend|p1: JachiMalz|Sticky Web|[from] move: Defog|[of] p1a: Giratina\n|\n|upkeep\n|turn|5\n|\n|t:|1700698471\n|move|p2a: Ribombee|Sticky Web|p1a: Giratina\n|-sidestart|p1: JachiMalz|move: Sticky Web\n|move|p1a: Giratina|Defog|p2a: Ribombee\n|-unboost|p2a: Ribombee|evasion|1\n|-sideend|p1: JachiMalz|Sticky Web|[from] move: Defog|[of] p1a: Giratina\n|\n|upkeep\n|turn|6\n|\n|t:|1700698476\n|move|p2a: Ribombee|Sticky Web|p1a: Giratina\n|-sidestart|p1: JachiMalz|move: Sticky Web\n|move|p1a: Giratina|Defog|p2a: Ribombee\n|-unboost|p2a: Ribombee|evasion|1\n|-sideend|p1: JachiMalz|Sticky Web|[from] move: Defog|[of] p1a: Giratina\n|\n|upkeep\n|turn|7\n|\n|t:|1700698480\n|move|p2a: Ribombee|Sticky Web|p1a: Giratina\n|-sidestart|p1: JachiMalz|move: Sticky Web\n|move|p1a: Giratina|Defog|p2a: Ribombee\n|-unboost|p2a: Ribombee|evasion|1\n|-sideend|p1: JachiMalz|Sticky Web|[from] move: Defog|[of] p1a: Giratina\n|\n|upkeep\n|turn|8\n|\n|t:|1700698486\n|move|p2a: Ribombee|Sticky Web|p1a: Giratina\n|-sidestart|p1: JachiMalz|move: Sticky Web\n|move|p1a: Giratina|Defog|p2a: Ribombee\n|-unboost|p2a: Ribombee|evasion|1\n|-sideend|p1: JachiMalz|Sticky Web|[from] move: Defog|[of] p1a: Giratina\n|\n|upkeep\n|turn|9\n|\n|t:|1700698489\n|move|p2a: Ribombee|Sticky Web|p1a: Giratina\n|-sidestart|p1: JachiMalz|move: Sticky Web\n|move|p1a: Giratina|Defog|p2a: Ribombee\n|-unboost|p2a: Ribombee|evasion|0\n|-sideend|p1: JachiMalz|Sticky Web|[from] move: Defog|[of] p1a: Giratina\n|\n|upkeep\n|turn|10\n|\n|t:|1700698496\n|move|p2a: Ribombee|Sticky Web|p1a: Giratina\n|-sidestart|p1: JachiMalz|move: Sticky Web\n|move|p1a: Giratina|Will-O-Wisp|p2a: Ribombee\n|-status|p2a: Ribombee|brn\n|\n|-damage|p2a: Ribombee|18\/100 brn|[from] brn\n|upkeep\n|turn|11\n|\n|t:|1700698501\n|-terastallize|p1a: Giratina|Ghost\n|move|p2a: Ribombee|Moonblast|p1a: Giratina\n|-damage|p1a: Giratina|7\/100\n|move|p1a: Giratina|Defog|p2a: Ribombee\n|-unboost|p2a: Ribombee|evasion|0\n|-sideend|p1: JachiMalz|Sticky Web|[from] move: Defog|[of] p1a: Giratina\n|\n|-damage|p2a: Ribombee|12\/100 brn|[from] brn\n|upkeep\n|turn|12\n|\n|t:|1700698508\n|move|p2a: Ribombee|Sticky Web|p1a: Giratina\n|-sidestart|p1: JachiMalz|move: Sticky Web\n|move|p1a: Giratina|Defog|p2a: Ribombee\n|-unboost|p2a: Ribombee|evasion|0\n|-sideend|p1: JachiMalz|Sticky Web|[from] move: Defog|[of] p1a: Giratina\n|\n|-damage|p2a: Ribombee|6\/100 brn|[from] brn\n|upkeep\n|turn|13\n|\n|t:|1700698513\n|move|p2a: Ribombee|Sticky Web|p1a: Giratina\n|-sidestart|p1: JachiMalz|move: Sticky Web\n|move|p1a: Giratina|Defog|p2a: Ribombee\n|-unboost|p2a: Ribombee|evasion|0\n|-sideend|p1: JachiMalz|Sticky Web|[from] move: Defog|[of] p1a: Giratina\n|\n|-damage|p2a: Ribombee|0 fnt|[from] brn\n|faint|p2a: Ribombee\n|upkeep\n|c|\u2606gen 9 ruined ou|keep yourself safe\n|-message|gen 9 ruined ou forfeited.\n|\n|win|JachiMalz\n|raw|JachiMalz's rating: 1281 &rarr; <strong>1304<\/strong><br \/>(+23 for winning)\n|raw|gen 9 ruined ou's rating: 1251 &rarr; <strong>1228<\/strong><br \/>(-23 for losing)\n","uploadtime":1700698538,"views":2,"p1id":"jachimalz","p2id":"gen9ruinedou","formatid":"gen9ubers","rating":1228,"private":0,"password":""}