{"id":"gen9ubers-1975013905","p1":"idkimbadatpokemon","p2":"Tsar Dedede","format":"[Gen 9] Ubers","log":"|j|\u2606idkimbadatpokemon\n|j|\u2606Tsar Dedede\n|t:|1698154950\n|gametype|singles\n|player|p1|idkimbadatpokemon|gambler|1268\n|player|p2|Tsar Dedede|li|1388\n|teamsize|p1|6\n|teamsize|p2|6\n|gen|9\n|tier|[Gen 9] Ubers\n|rated|\n|rule|Sleep Clause Mod: Limit one foe put to sleep\n|rule|Species Clause: Limit one of each Pok\u00e9mon\n|rule|OHKO Clause: OHKO moves are banned\n|rule|Evasion Items Clause: Evasion items are banned\n|rule|Evasion Moves Clause: Evasion moves are banned\n|rule|Endless Battle Clause: Forcing endless battles is banned\n|rule|HP Percentage Mod: HP is shown in percentages\n|clearpoke\n|poke|p1|Calyrex-Ice|\n|poke|p1|Pawmot, F|\n|poke|p1|Skeledirge, M|\n|poke|p1|Giratina|\n|poke|p1|Ting-Lu|\n|poke|p1|Arceus-Electric|\n|poke|p2|Iron Bundle|\n|poke|p2|Koraidon|\n|poke|p2|Glimmora, M|\n|poke|p2|Chien-Pao|\n|poke|p2|Miraidon|\n|poke|p2|Grimmsnarl, M|\n|teampreview\n|\n|t:|1698154966\n|start\n|switch|p1a: Calyrex|Calyrex-Ice|100\/100\n|switch|p2a: Grimmsnarl|Grimmsnarl, M|100\/100\n|-ability|p1a: Calyrex|As One\n|-ability|p1a: Calyrex|Unnerve\n|turn|1\n|\n|t:|1698154975\n|move|p2a: Grimmsnarl|Taunt|p1a: Calyrex\n|-start|p1a: Calyrex|move: Taunt\n|cant|p1a: Calyrex|move: Taunt|Trick Room\n|\n|upkeep\n|turn|2\n|\n|t:|1698154993\n|move|p2a: Grimmsnarl|Reflect|p2a: Grimmsnarl\n|-sidestart|p2: Tsar Dedede|Reflect\n|move|p1a: Calyrex|Glacial Lance|p2a: Grimmsnarl\n|-damage|p2a: Grimmsnarl|53\/100\n|\n|upkeep\n|turn|3\n|\n|t:|1698154999\n|move|p2a: Grimmsnarl|Light Screen|p2a: Grimmsnarl\n|-sidestart|p2: Tsar Dedede|move: Light Screen\n|move|p1a: Calyrex|Glacial Lance|p2a: Grimmsnarl\n|-damage|p2a: Grimmsnarl|3\/100\n|\n|-end|p1a: Calyrex|move: Taunt\n|upkeep\n|turn|4\n|\n|t:|1698155006\n|switch|p1a: Pawmot|Pawmot, F|100\/100\n|move|p2a: Grimmsnarl|Taunt|p1a: Pawmot\n|-start|p1a: Pawmot|move: Taunt\n|\n|upkeep\n|turn|5\n|\n|t:|1698155012\n|move|p2a: Grimmsnarl|Parting Shot|p1a: Pawmot\n|-unboost|p1a: Pawmot|atk|1\n|-unboost|p1a: Pawmot|spa|1\n|\n|t:|1698155014\n|switch|p2a: Glimmora|Glimmora, M|100\/100|[from] Parting Shot\n|move|p1a: Pawmot|Brick Break|p2a: Glimmora\n|-sideend|p2: Tsar Dedede|Reflect\n|-sideend|p2: Tsar Dedede|move: Light Screen\n|-damage|p2a: Glimmora|65\/100\n|-activate|p2a: Glimmora|ability: Toxic Debris\n|-sidestart|p1: idkimbadatpokemon|move: Toxic Spikes\n|\n|upkeep\n|turn|6\n|\n|t:|1698155030\n|switch|p1a: Arceus|Arceus-Electric|100\/100\n|-status|p1a: Arceus|psn\n|move|p2a: Glimmora|Stealth Rock|p1a: Arceus\n|-sidestart|p1: idkimbadatpokemon|move: Stealth Rock\n|\n|-damage|p1a: Arceus|88\/100 psn|[from] psn\n|upkeep\n|turn|7\n|\n|t:|1698155039\n|move|p1a: Arceus|Judgment|p2a: Glimmora\n|-damage|p2a: Glimmora|0 fnt\n|faint|p2a: Glimmora\n|\n|-damage|p1a: Arceus|76\/100 psn|[from] psn\n|upkeep\n|\n|t:|1698155050\n|switch|p2a: Koraidon|Koraidon|100\/100\n|-weather|SunnyDay|[from] ability: Orichalcum Pulse|[of] p2a: Koraidon\n|-activate|p2a: Koraidon|Orichalcum Pulse|[source]\n|turn|8\n|\n|t:|1698155056\n|move|p2a: Koraidon|Swords Dance|p2a: Koraidon\n|-boost|p2a: Koraidon|atk|2\n|move|p1a: Arceus|Draco Meteor|p2a: Koraidon\n|-supereffective|p2a: Koraidon\n|-damage|p2a: Koraidon|5\/100\n|-unboost|p1a: Arceus|spa|2\n|\n|-weather|SunnyDay|[upkeep]\n|-heal|p2a: Koraidon|11\/100|[from] item: Leftovers\n|-damage|p1a: Arceus|63\/100 psn|[from] psn\n|upkeep\n|turn|9\n|\n|t:|1698155068\n|move|p2a: Koraidon|Flame Charge|p1a: Arceus\n|-damage|p1a: Arceus|7\/100 psn\n|-boost|p2a: Koraidon|spe|1\n|move|p1a: Arceus|Judgment|p2a: Koraidon\n|-resisted|p2a: Koraidon\n|-damage|p2a: Koraidon|0 fnt\n|faint|p2a: Koraidon\n|\n|-weather|SunnyDay|[upkeep]\n|-damage|p1a: Arceus|0 fnt|[from] psn\n|faint|p1a: Arceus\n|upkeep\n|\n|t:|1698155082\n|switch|p2a: Chien-Pao|Chien-Pao|100\/100\n|switch|p1a: Calyrex|Calyrex-Ice|100\/100\n|-ability|p1a: Calyrex|As One\n|-ability|p1a: Calyrex|Unnerve\n|-ability|p2a: Chien-Pao|Sword of Ruin\n|turn|10\n|\n|t:|1698155108\n|-terastallize|p1a: Calyrex|Dark\n|move|p2a: Chien-Pao|Crunch|p1a: Calyrex\n|-resisted|p1a: Calyrex\n|-damage|p1a: Calyrex|81\/100\n|-damage|p2a: Chien-Pao|91\/100|[from] item: Life Orb\n|move|p1a: Calyrex|Close Combat|p2a: Chien-Pao\n|-supereffective|p2a: Chien-Pao\n|-damage|p2a: Chien-Pao|0 fnt\n|-unboost|p1a: Calyrex|def|1\n|-unboost|p1a: Calyrex|spd|1\n|faint|p2a: Chien-Pao\n|-ability|p1a: Calyrex|Chilling Neigh|boost\n|-boost|p1a: Calyrex|atk|1\n|\n|-weather|SunnyDay|[upkeep]\n|upkeep\n|\n|t:|1698155116\n|switch|p2a: Miraidon|Miraidon|100\/100\n|-fieldstart|move: Electric Terrain|[from] ability: Hadron Engine|[of] p2a: Miraidon\n|turn|11\n|\n|t:|1698155124\n|switch|p1a: Ting-Lu|Ting-Lu|100\/100\n|-status|p1a: Ting-Lu|psn\n|-damage|p1a: Ting-Lu|94\/100 psn|[from] Stealth Rock\n|-ability|p1a: Ting-Lu|Vessel of Ruin\n|-terastallize|p2a: Miraidon|Fairy\n|move|p2a: Miraidon|Dazzling Gleam|p1a: Ting-Lu\n|-supereffective|p1a: Ting-Lu\n|-damage|p1a: Ting-Lu|48\/100 psn\n|\n|-weather|SunnyDay|[upkeep]\n|-heal|p1a: Ting-Lu|55\/100 psn|[from] item: Leftovers\n|-damage|p1a: Ting-Lu|42\/100 psn|[from] psn\n|upkeep\n|turn|12\n|\n|t:|1698155140\n|move|p2a: Miraidon|Dazzling Gleam|p1a: Ting-Lu\n|-supereffective|p1a: Ting-Lu\n|-damage|p1a: Ting-Lu|0 fnt\n|faint|p1a: Ting-Lu\n|\n|-weather|none\n|upkeep\n|\n|t:|1698155145\n|switch|p1a: Giratina|Giratina|100\/100\n|-status|p1a: Giratina|psn\n|-damage|p1a: Giratina|88\/100 psn|[from] Stealth Rock\n|-ability|p1a: Giratina|Pressure\n|turn|13\n|\n|t:|1698155153\n|move|p2a: Miraidon|Dazzling Gleam|p1a: Giratina\n|-supereffective|p1a: Giratina\n|-damage|p1a: Giratina|24\/100 psn\n|move|p1a: Giratina|Will-O-Wisp|p2a: Miraidon\n|-status|p2a: Miraidon|brn\n|\n|-heal|p1a: Giratina|30\/100 psn|[from] item: Leftovers\n|-damage|p1a: Giratina|18\/100 psn|[from] psn\n|-damage|p2a: Miraidon|94\/100 brn|[from] brn\n|upkeep\n|turn|14\n|\n|t:|1698155162\n|move|p2a: Miraidon|Dazzling Gleam|p1a: Giratina\n|-supereffective|p1a: Giratina\n|-damage|p1a: Giratina|0 fnt\n|faint|p1a: Giratina\n|\n|-damage|p2a: Miraidon|88\/100 brn|[from] brn\n|upkeep\n|\n|t:|1698155173\n|switch|p1a: Pawmot|Pawmot, F|100\/100\n|-status|p1a: Pawmot|psn\n|-damage|p1a: Pawmot|94\/100 psn|[from] Stealth Rock\n|turn|15\n|\n|t:|1698155184\n|move|p2a: Miraidon|Dazzling Gleam|p1a: Pawmot\n|-supereffective|p1a: Pawmot\n|-damage|p1a: Pawmot|0 fnt\n|faint|p1a: Pawmot\n|\n|-damage|p2a: Miraidon|82\/100 brn|[from] brn\n|-fieldend|move: Electric Terrain\n|upkeep\n|\n|t:|1698155190\n|switch|p1a: Skeledirge|Skeledirge, M|100\/100\n|turn|16\n|\n|t:|1698155199\n|switch|p2a: Grimmsnarl|Grimmsnarl, M|3\/100\n|move|p1a: Skeledirge|Yawn|p2a: Grimmsnarl\n|-start|p2a: Grimmsnarl|move: Yawn|[of] p1a: Skeledirge\n|\n|upkeep\n|turn|17\n|\n|t:|1698155211\n|switch|p1a: Calyrex|Calyrex-Ice, tera:Dark|81\/100\n|-ability|p1a: Calyrex|As One\n|-ability|p1a: Calyrex|Unnerve\n|move|p2a: Grimmsnarl|Light Screen|p2a: Grimmsnarl\n|-sidestart|p2: Tsar Dedede|move: Light Screen\n|\n|-end|p2a: Grimmsnarl|move: Yawn|[silent]\n|-status|p2a: Grimmsnarl|slp\n|upkeep\n|turn|18\n|\n|t:|1698155219\n|cant|p2a: Grimmsnarl|slp\n|move|p1a: Calyrex|Trick Room|p1a: Calyrex\n|-fieldstart|move: Trick Room|[of] p1a: Calyrex\n|\n|upkeep\n|turn|19\n|\n|t:|1698155223\n|cant|p2a: Grimmsnarl|slp\n|move|p1a: Calyrex|Glacial Lance|p2a: Grimmsnarl\n|-damage|p2a: Grimmsnarl|0 fnt\n|faint|p2a: Grimmsnarl\n|-ability|p1a: Calyrex|Chilling Neigh|boost\n|-boost|p1a: Calyrex|atk|1\n|\n|upkeep\n|\n|t:|1698155227\n|switch|p2a: Miraidon|Miraidon, tera:Fairy|82\/100 brn\n|-fieldstart|move: Electric Terrain|[from] ability: Hadron Engine|[of] p2a: Miraidon\n|turn|20\n|\n|t:|1698155233\n|move|p1a: Calyrex|Glacial Lance|p2a: Miraidon\n|-damage|p2a: Miraidon|0 fnt\n|faint|p2a: Miraidon\n|-ability|p1a: Calyrex|Chilling Neigh|boost\n|-boost|p1a: Calyrex|atk|1\n|\n|upkeep\n|c|\u2606Tsar Dedede|gg\n|\n|t:|1698155239\n|switch|p2a: Iron Bundle|Iron Bundle|100\/100\n|-activate|p2a: Iron Bundle|ability: Quark Drive\n|-start|p2a: Iron Bundle|quarkdrivespe\n|turn|21\n|c|\u2606idkimbadatpokemon|Gg\n|\n|t:|1698155249\n|move|p1a: Calyrex|Close Combat|p2a: Iron Bundle\n|-supereffective|p2a: Iron Bundle\n|-damage|p2a: Iron Bundle|0 fnt\n|-unboost|p1a: Calyrex|def|1\n|-unboost|p1a: Calyrex|spd|1\n|faint|p2a: Iron Bundle\n|-end|p2a: Iron Bundle|Quark Drive|[silent]\n|\n|win|idkimbadatpokemon\n|raw|idkimbadatpokemon's rating: 1268 &rarr; <strong>1301<\/strong><br \/>(+33 for winning)\n|raw|Tsar Dedede's rating: 1388 &rarr; <strong>1361<\/strong><br \/>(-27 for losing)\n|l|\u2606Tsar Dedede\n","uploadtime":1698155262,"views":8,"p1id":"idkimbadatpokemon","p2id":"tsardedede","formatid":"gen9ubers","rating":1301,"private":0,"password":""}