{"id":"gen9ubers-1969157355","p1":"WavyIsMyFriend","p2":"ChaosChaosCherry","format":"[Gen 9] Ubers","log":"|j|\u2606WavyIsMyFriend\n|j|\u2606ChaosChaosCherry\n|t:|1697495330\n|gametype|singles\n|player|p1|WavyIsMyFriend|unknown|1000\n|player|p2|ChaosChaosCherry|koga|1025\n|teamsize|p1|6\n|teamsize|p2|6\n|gen|9\n|tier|[Gen 9] Ubers\n|rated|\n|rule|Sleep Clause Mod: Limit one foe put to sleep\n|rule|Species Clause: Limit one of each Pok\u00e9mon\n|rule|OHKO Clause: OHKO moves are banned\n|rule|Evasion Items Clause: Evasion items are banned\n|rule|Evasion Moves Clause: Evasion moves are banned\n|rule|Endless Battle Clause: Forcing endless battles is banned\n|rule|HP Percentage Mod: HP is shown in percentages\n|clearpoke\n|poke|p1|Ribombee, F|\n|poke|p1|Koraidon|\n|poke|p1|Arceus|\n|poke|p1|Miraidon|\n|poke|p1|Zacian-*|\n|poke|p1|Iron Treads|\n|poke|p2|Ursaluna-Bloodmoon, M|\n|poke|p2|Cloyster, M|\n|poke|p2|Kingambit, M|\n|poke|p2|Maushold-Four|\n|poke|p2|Gengar, F|\n|poke|p2|Volcarona, F|\n|teampreview\n|\n|t:|1697495347\n|start\n|switch|p1a: Ribombee|Ribombee, F|100\/100\n|switch|p2a: BoOoOoOo|Gengar, F|100\/100\n|turn|1\n|\n|t:|1697495352\n|move|p1a: Ribombee|Sticky Web|p2a: BoOoOoOo\n|-sidestart|p2: ChaosChaosCherry|move: Sticky Web\n|move|p2a: BoOoOoOo|Destiny Bond|p2a: BoOoOoOo\n|-singlemove|p2a: BoOoOoOo|Destiny Bond\n|\n|upkeep\n|turn|2\n|\n|t:|1697495370\n|move|p1a: Ribombee|U-turn|p2a: BoOoOoOo\n|-resisted|p2a: BoOoOoOo\n|-damage|p2a: BoOoOoOo|94\/100\n|\n|t:|1697495373\n|switch|p1a: Iron Treads|Iron Treads|100\/100|[from] U-turn\n|move|p2a: BoOoOoOo|Toxic Spikes|p1a: Iron Treads\n|-sidestart|p1: WavyIsMyFriend|move: Toxic Spikes\n|\n|upkeep\n|turn|3\n|inactive|Battle timer is ON: inactive players will automatically lose when time's up. (requested by ChaosChaosCherry)\n|\n|t:|1697495401\n|move|p2a: BoOoOoOo|Destiny Bond|p2a: BoOoOoOo\n|-singlemove|p2a: BoOoOoOo|Destiny Bond\n|move|p1a: Iron Treads|Stealth Rock|p2a: BoOoOoOo\n|-sidestart|p2: ChaosChaosCherry|move: Stealth Rock\n|\n|upkeep\n|turn|4\n|\n|t:|1697495407\n|move|p2a: BoOoOoOo|Hypnosis|p1a: Iron Treads\n|-status|p1a: Iron Treads|slp|[from] move: Hypnosis\n|cant|p1a: Iron Treads|slp\n|\n|upkeep\n|turn|5\n|\n|t:|1697495423\n|move|p2a: BoOoOoOo|Destiny Bond|p2a: BoOoOoOo\n|-singlemove|p2a: BoOoOoOo|Destiny Bond\n|cant|p1a: Iron Treads|slp\n|\n|upkeep\n|turn|6\n|\n|t:|1697495431\n|move|p2a: BoOoOoOo|Dream Eater|p1a: Iron Treads\n|-resisted|p1a: Iron Treads\n|-damage|p1a: Iron Treads|85\/100 slp\n|-heal|p2a: BoOoOoOo|100\/100|[from] drain|[of] p1a: Iron Treads\n|-curestatus|p1a: Iron Treads|slp|[msg]\n|move|p1a: Iron Treads|Knock Off|p2a: BoOoOoOo\n|-supereffective|p2a: BoOoOoOo\n|-damage|p2a: BoOoOoOo|9\/100\n|-start|p1a: Iron Treads|Disable|Knock Off|[from] ability: Cursed Body|[of] p2a: BoOoOoOo\n|-enditem|p2a: BoOoOoOo|Focus Sash|[from] move: Knock Off|[of] p1a: Iron Treads\n|\n|-heal|p1a: Iron Treads|92\/100|[from] item: Leftovers\n|upkeep\n|turn|7\n|j| HailDras\n|l|haildras\n|j| Elpyy\n|inactive|WavyIsMyFriend has 120 seconds left.\n|\n|t:|1697495471\n|move|p2a: BoOoOoOo|Destiny Bond|p2a: BoOoOoOo\n|-singlemove|p2a: BoOoOoOo|Destiny Bond\n|move|p1a: Iron Treads|Stealth Rock||[still]\n|-fail|p1a: Iron Treads\n|\n|-heal|p1a: Iron Treads|98\/100|[from] item: Leftovers\n|upkeep\n|turn|8\n|inactive|WavyIsMyFriend has 120 seconds left.\n|\n|t:|1697495490\n|move|p2a: BoOoOoOo|Hypnosis|p1a: Iron Treads\n|-status|p1a: Iron Treads|slp|[from] move: Hypnosis\n|cant|p1a: Iron Treads|slp\n|\n|-heal|p1a: Iron Treads|100\/100 slp|[from] item: Leftovers\n|upkeep\n|turn|9\n|\n|t:|1697495508\n|move|p2a: BoOoOoOo|Dream Eater|p1a: Iron Treads\n|-resisted|p1a: Iron Treads\n|-damage|p1a: Iron Treads|86\/100 slp\n|-heal|p2a: BoOoOoOo|20\/100|[from] drain|[of] p1a: Iron Treads\n|-curestatus|p1a: Iron Treads|slp|[msg]\n|move|p1a: Iron Treads|Earthquake|p2a: BoOoOoOo\n|-supereffective|p2a: BoOoOoOo\n|-damage|p2a: BoOoOoOo|0 fnt\n|faint|p2a: BoOoOoOo\n|\n|-heal|p1a: Iron Treads|92\/100|[from] item: Leftovers\n|-end|p1a: Iron Treads|Disable\n|upkeep\n|\n|t:|1697495528\n|switch|p2a: Catra|Maushold-Four, shiny|100\/100\n|-activate|p2a: Catra|move: Sticky Web\n|-unboost|p2a: Catra|spe|1\n|-damage|p2a: Catra|88\/100|[from] Stealth Rock\n|turn|10\n|\n|t:|1697495539\n|move|p1a: Iron Treads|Knock Off|p2a: Catra\n|-damage|p2a: Catra|53\/100\n|-enditem|p2a: Catra|Leftovers|[from] move: Knock Off|[of] p1a: Iron Treads\n|move|p2a: Catra|Population Bomb|p1a: Iron Treads\n|-resisted|p1a: Iron Treads\n|-damage|p1a: Iron Treads|89\/100\n|-resisted|p1a: Iron Treads\n|-damage|p1a: Iron Treads|85\/100\n|-resisted|p1a: Iron Treads\n|-damage|p1a: Iron Treads|82\/100\n|-resisted|p1a: Iron Treads\n|-damage|p1a: Iron Treads|79\/100\n|-resisted|p1a: Iron Treads\n|-damage|p1a: Iron Treads|75\/100\n|-resisted|p1a: Iron Treads\n|-damage|p1a: Iron Treads|72\/100\n|-hitcount|p1a: Iron Treads|6\n|\n|-heal|p1a: Iron Treads|79\/100|[from] item: Leftovers\n|upkeep\n|turn|11\n|\n|t:|1697495556\n|move|p1a: Iron Treads|Rapid Spin|p2a: Catra\n|-damage|p2a: Catra|36\/100\n|-boost|p1a: Iron Treads|spe|1\n|-sideend|p1: WavyIsMyFriend|Toxic Spikes|[from] move: Rapid Spin|[of] p1a: Iron Treads\n|move|p2a: Catra|Population Bomb|p1a: Iron Treads|[miss]\n|-miss|p2a: Catra|p1a: Iron Treads\n|\n|-heal|p1a: Iron Treads|85\/100|[from] item: Leftovers\n|upkeep\n|turn|12\n|\n|t:|1697495567\n|move|p1a: Iron Treads|Earthquake|p2a: Catra\n|-damage|p2a: Catra|0 fnt\n|faint|p2a: Catra\n|\n|-heal|p1a: Iron Treads|91\/100|[from] item: Leftovers\n|upkeep\n|\n|t:|1697495571\n|switch|p2a: Metralhadora|Cloyster, M, shiny|100\/100\n|-activate|p2a: Metralhadora|move: Sticky Web\n|-unboost|p2a: Metralhadora|spe|1\n|-damage|p2a: Metralhadora|75\/100|[from] Stealth Rock\n|turn|13\n|inactive|WavyIsMyFriend has 120 seconds left.\n|\n|t:|1697495581\n|-terastallize|p2a: Metralhadora|Electric\n|move|p1a: Iron Treads|Earthquake|p2a: Metralhadora\n|-supereffective|p2a: Metralhadora\n|-damage|p2a: Metralhadora|25\/100\n|move|p2a: Metralhadora|Shell Smash|p2a: Metralhadora\n|-unboost|p2a: Metralhadora|def|1\n|-unboost|p2a: Metralhadora|spd|1\n|-boost|p2a: Metralhadora|atk|2\n|-boost|p2a: Metralhadora|spa|2\n|-boost|p2a: Metralhadora|spe|2\n|\n|-heal|p1a: Iron Treads|97\/100|[from] item: Leftovers\n|upkeep\n|turn|14\n|inactive|WavyIsMyFriend has 120 seconds left.\n|\n|t:|1697495593\n|move|p1a: Iron Treads|Earthquake|p2a: Metralhadora\n|-supereffective|p2a: Metralhadora\n|-damage|p2a: Metralhadora|0 fnt\n|faint|p2a: Metralhadora\n|\n|-heal|p1a: Iron Treads|100\/100|[from] item: Leftovers\n|upkeep\n|\n|t:|1697495599\n|switch|p2a: FireFly|Volcarona, F|100\/100\n|-activate|p2a: FireFly|move: Sticky Web\n|-unboost|p2a: FireFly|spe|1\n|-damage|p2a: FireFly|51\/100|[from] Stealth Rock\n|turn|15\n|\n|t:|1697495607\n|move|p1a: Iron Treads|Earthquake|p2a: FireFly\n|-damage|p2a: FireFly|0 fnt\n|faint|p2a: FireFly\n|\n|upkeep\n|\n|t:|1697495611\n|switch|p2a: Machada|Ursaluna-Bloodmoon, M|100\/100\n|-activate|p2a: Machada|move: Sticky Web\n|-unboost|p2a: Machada|spe|1\n|-damage|p2a: Machada|95\/100|[from] Stealth Rock\n|turn|16\n|\n|t:|1697495616\n|move|p1a: Iron Treads|Knock Off|p2a: Machada\n|-crit|p2a: Machada\n|-damage|p2a: Machada|66\/100\n|-enditem|p2a: Machada|Power Herb|[from] move: Knock Off|[of] p1a: Iron Treads\n|move|p2a: Machada|Focus Blast|p1a: Iron Treads|[miss]\n|-miss|p2a: Machada|p1a: Iron Treads\n|\n|upkeep\n|turn|17\n|\n|t:|1697495631\n|move|p1a: Iron Treads|Earthquake|p2a: Machada\n|-damage|p2a: Machada|37\/100\n|move|p2a: Machada|Focus Blast|p1a: Iron Treads\n|-supereffective|p1a: Iron Treads\n|-damage|p1a: Iron Treads|46\/100\n|\n|-heal|p1a: Iron Treads|53\/100|[from] item: Leftovers\n|upkeep\n|turn|18\n|\n|t:|1697495642\n|move|p1a: Iron Treads|Earthquake|p2a: Machada\n|-damage|p2a: Machada|3\/100\n|move|p2a: Machada|Dig||[still]\n|-prepare|p2a: Machada|Dig\n|\n|-heal|p1a: Iron Treads|59\/100|[from] item: Leftovers\n|upkeep\n|turn|19\n|\n|t:|1697495648\n|move|p1a: Iron Treads|Earthquake|p2a: Machada\n|-damage|p2a: Machada|0 fnt\n|faint|p2a: Machada\n|\n|-heal|p1a: Iron Treads|65\/100|[from] item: Leftovers\n|upkeep\n|\n|t:|1697495652\n|switch|p2a: Fallen|Kingambit, M|100\/100\n|-activate|p2a: Fallen|move: Sticky Web\n|-unboost|p2a: Fallen|spe|1\n|-damage|p2a: Fallen|94\/100|[from] Stealth Rock\n|-activate|p2a: Fallen|ability: Supreme Overlord\n|-start|p2a: Fallen|fallen5|[silent]\n|turn|20\n|\n|t:|1697495669\n|move|p1a: Iron Treads|Earthquake|p2a: Fallen\n|-supereffective|p2a: Fallen\n|-damage|p2a: Fallen|36\/100\n|move|p2a: Fallen|Iron Head|p1a: Iron Treads\n|-resisted|p1a: Iron Treads\n|-damage|p1a: Iron Treads|35\/100\n|\n|-heal|p1a: Iron Treads|41\/100|[from] item: Leftovers\n|-heal|p2a: Fallen|42\/100|[from] item: Leftovers\n|upkeep\n|turn|21\n|-message|ChaosChaosCherry forfeited.\n|\n|win|WavyIsMyFriend\n|raw|WavyIsMyFriend's rating: 1000 &rarr; <strong>1043<\/strong><br \/>(+43 for winning)\n|raw|ChaosChaosCherry's rating: 1025 &rarr; <strong>1010<\/strong><br \/>(-15 for losing)\n|l|\u2606ChaosChaosCherry\n","uploadtime":1697495680,"views":20,"p1id":"wavyismyfriend","p2id":"chaoschaoscherry","formatid":"gen9ubers","rating":1010,"private":0,"password":""}