{"id":"gen9ubers-1972864462","p1":"Albaz Brand","p2":"Finchely","format":"[Gen 9] Ubers","log":"|j|\u2606Albaz Brand\n|j|\u2606Finchely\n|t:|1697903514\n|gametype|singles\n|player|p1|Albaz Brand|bellelba|\n|player|p2|Finchely|acetrainerf|\n|teamsize|p1|6\n|teamsize|p2|6\n|gen|9\n|tier|[Gen 9] Ubers\n|rule|Sleep Clause Mod: Limit one foe put to sleep\n|rule|Species Clause: Limit one of each Pok\u00e9mon\n|rule|OHKO Clause: OHKO moves are banned\n|rule|Evasion Items Clause: Evasion items are banned\n|rule|Evasion Moves Clause: Evasion moves are banned\n|rule|Endless Battle Clause: Forcing endless battles is banned\n|rule|HP Percentage Mod: HP is shown in percentages\n|clearpoke\n|poke|p1|Dragonite, M|\n|poke|p1|Torkoal, F|\n|poke|p1|Walking Wake|\n|poke|p1|Roaring Moon|\n|poke|p1|Iron Moth|\n|poke|p1|Ogerpon, F|\n|poke|p2|Torterra, F|\n|poke|p2|Cyclizar, M|\n|poke|p2|Clefable, M|\n|poke|p2|Moltres|\n|poke|p2|Blissey, F|\n|poke|p2|Dialga|\n|teampreview\n|c|\u2606Albaz Brand|GLhf\n|c|\u2606Finchely|dnite? intersting\n|c|\u2606Finchely|glhf\n|c|\u2606Albaz Brand|yeh\n|c|\u2606Albaz Brand|seeing what works\\\n|\n|t:|1697903535\n|start\n|switch|p1a: Torkoal|Torkoal, F|100\/100\n|switch|p2a: Dialga|Dialga|100\/100\n|-ability|p2a: Dialga|Pressure\n|-weather|SunnyDay|[from] ability: Drought|[of] p1a: Torkoal\n|turn|1\n|c|\u2606Finchely|certainly could\n|\n|t:|1697903547\n|switch|p2a: Cyclizar|Cyclizar, M|100\/100\n|move|p1a: Torkoal|Stealth Rock|p2a: Cyclizar\n|-sidestart|p2: Finchely|move: Stealth Rock\n|\n|-weather|SunnyDay|[upkeep]\n|upkeep\n|turn|2\n|\n|t:|1697903550\n|move|p2a: Cyclizar|Shed Tail|p2a: Cyclizar\n|-start|p2a: Cyclizar|Substitute|[from] move: Shed Tail\n|-damage|p2a: Cyclizar|50\/100\n|\n|t:|1697903553\n|switch|p2a: Dialga|Dialga|100\/100|[from] Shed Tail\n|-damage|p2a: Dialga|94\/100|[from] Stealth Rock\n|-ability|p2a: Dialga|Pressure\n|move|p1a: Torkoal|Lava Plume|p2a: Dialga\n|-end|p2a: Dialga|Substitute\n|\n|-weather|SunnyDay|[upkeep]\n|-heal|p2a: Dialga|100\/100|[from] item: Leftovers\n|upkeep\n|turn|3\n|c|\u2606Finchely|i'd just think to use arceus\n|\n|t:|1697903567\n|switch|p1a: Dragonite|Dragonite, M|100\/100\n|move|p2a: Dialga|Stealth Rock|p1a: Dragonite\n|-sidestart|p1: Albaz Brand|move: Stealth Rock\n|\n|-weather|SunnyDay|[upkeep]\n|upkeep\n|turn|4\n|c|\u2606Finchely|no fireceus?\n|c|\u2606Albaz Brand|nope iron moth\n|\n|t:|1697903579\n|move|p1a: Dragonite|Dragon Dance|p1a: Dragonite\n|-boost|p1a: Dragonite|atk|1\n|-boost|p1a: Dragonite|spe|1\n|move|p2a: Dialga|Flash Cannon|p1a: Dragonite\n|-damage|p1a: Dragonite|59\/100\n|\n|-weather|SunnyDay|[upkeep]\n|-heal|p1a: Dragonite|65\/100|[from] item: Leftovers\n|upkeep\n|turn|5\n|\n|t:|1697903584\n|move|p1a: Dragonite|Earthquake|p2a: Dialga\n|-supereffective|p2a: Dialga\n|-damage|p2a: Dialga|38\/100\n|move|p2a: Dialga|Draco Meteor|p1a: Dragonite\n|-supereffective|p1a: Dragonite\n|-damage|p1a: Dragonite|0 fnt\n|-unboost|p2a: Dialga|spa|2\n|faint|p1a: Dragonite\n|\n|-weather|none\n|-heal|p2a: Dialga|44\/100|[from] item: Leftovers\n|upkeep\n|\n|t:|1697903590\n|switch|p1a: Torkoal|Torkoal, F|100\/100\n|-weather|SunnyDay|[from] ability: Drought|[of] p1a: Torkoal\n|turn|6\n|\n|t:|1697903598\n|switch|p2a: Cyclizar|Cyclizar, M|84\/100\n|move|p1a: Torkoal|Yawn|p2a: Cyclizar\n|-start|p2a: Cyclizar|move: Yawn|[of] p1a: Torkoal\n|\n|-weather|SunnyDay|[upkeep]\n|upkeep\n|turn|7\n|\n|t:|1697903602\n|move|p2a: Cyclizar|Shed Tail|p2a: Cyclizar\n|-start|p2a: Cyclizar|Substitute|[from] move: Shed Tail\n|-damage|p2a: Cyclizar|33\/100\n|\n|t:|1697903606\n|switch|p2a: Clefable|Clefable, M|100\/100|[from] Shed Tail\n|-damage|p2a: Clefable|88\/100|[from] Stealth Rock\n|move|p1a: Torkoal|Lava Plume|p2a: Clefable\n|-end|p2a: Clefable|Substitute\n|\n|-weather|SunnyDay|[upkeep]\n|-heal|p2a: Clefable|94\/100|[from] item: Leftovers\n|upkeep\n|turn|8\n|\n|t:|1697903610\n|move|p2a: Clefable|Calm Mind|p2a: Clefable\n|-boost|p2a: Clefable|spa|1\n|-boost|p2a: Clefable|spd|1\n|move|p1a: Torkoal|Yawn|p2a: Clefable\n|-start|p2a: Clefable|move: Yawn|[of] p1a: Torkoal\n|\n|-weather|SunnyDay|[upkeep]\n|-heal|p2a: Clefable|99\/100|[from] item: Leftovers\n|upkeep\n|turn|9\n|\n|t:|1697903620\n|switch|p2a: Cyclizar|Cyclizar, M|67\/100\n|move|p1a: Torkoal|Rapid Spin|p2a: Cyclizar\n|-damage|p2a: Cyclizar|52\/100\n|-boost|p1a: Torkoal|spe|1\n|-sideend|p1: Albaz Brand|Stealth Rock|[from] move: Rapid Spin|[of] p1a: Torkoal\n|\n|-weather|SunnyDay|[upkeep]\n|upkeep\n|turn|10\n|\n|t:|1697903626\n|move|p2a: Cyclizar|Rapid Spin|p1a: Torkoal\n|-damage|p1a: Torkoal|91\/100\n|-boost|p2a: Cyclizar|spe|1\n|-sideend|p2: Finchely|Stealth Rock|[from] move: Rapid Spin|[of] p2a: Cyclizar\n|move|p1a: Torkoal|Lava Plume|p2a: Cyclizar\n|-resisted|p2a: Cyclizar\n|-damage|p2a: Cyclizar|27\/100\n|\n|-weather|none\n|upkeep\n|turn|11\n|\n|t:|1697903634\n|switch|p2a: Dialga|Dialga|44\/100\n|-ability|p2a: Dialga|Pressure\n|move|p1a: Torkoal|Lava Plume|p2a: Dialga\n|-damage|p2a: Dialga|23\/100\n|\n|-heal|p2a: Dialga|29\/100|[from] item: Leftovers\n|upkeep\n|turn|12\n|\n|t:|1697903640\n|move|p2a: Dialga|Stealth Rock|p1a: Torkoal\n|-sidestart|p1: Albaz Brand|move: Stealth Rock\n|move|p1a: Torkoal|Lava Plume|p2a: Dialga\n|-damage|p2a: Dialga|8\/100\n|-status|p2a: Dialga|brn\n|\n|-heal|p2a: Dialga|14\/100 brn|[from] item: Leftovers\n|-damage|p2a: Dialga|8\/100 brn|[from] brn\n|upkeep\n|turn|13\n|\n|t:|1697903649\n|switch|p1a: Roaring Moon|Roaring Moon|100\/100\n|-damage|p1a: Roaring Moon|88\/100|[from] Stealth Rock\n|move|p2a: Dialga|Draco Meteor|p1a: Roaring Moon|[miss]\n|-miss|p2a: Dialga|p1a: Roaring Moon\n|\n|-heal|p2a: Dialga|14\/100 brn|[from] item: Leftovers\n|-damage|p2a: Dialga|8\/100 brn|[from] brn\n|upkeep\n|turn|14\n|c|\u2606Albaz Brand|u kinda need to sac rn\n|c|\u2606Finchely|ig that's justice for everything i got last game\n|\n|t:|1697903669\n|move|p1a: Roaring Moon|Knock Off|p2a: Dialga\n|-damage|p2a: Dialga|0 fnt\n|-enditem|p2a: Dialga|Leftovers|[from] move: Knock Off|[of] p1a: Roaring Moon\n|faint|p2a: Dialga\n|\n|upkeep\n|c|\u2606Albaz Brand|XD\n|c|\u2606Albaz Brand|its just im listening to music now so i get stab boost on my mind\n|\n|t:|1697903733\n|switch|p2a: Clefable|Clefable, M|99\/100\n|turn|15\n|\n|t:|1697903741\n|-end|p1a: Roaring Moon|Protosynthesis|[silent]\n|switch|p1a: Torkoal|Torkoal, F|91\/100\n|-weather|SunnyDay|[from] ability: Drought|[of] p1a: Torkoal\n|move|p2a: Clefable|Moonblast|p1a: Torkoal\n|-resisted|p1a: Torkoal\n|-damage|p1a: Torkoal|70\/100\n|\n|-weather|SunnyDay|[upkeep]\n|-heal|p2a: Clefable|100\/100|[from] item: Leftovers\n|upkeep\n|turn|16\n|\n|t:|1697903756\n|switch|p2a: Cyclizar|Cyclizar, M|60\/100\n|move|p1a: Torkoal|Yawn|p2a: Cyclizar\n|-start|p2a: Cyclizar|move: Yawn|[of] p1a: Torkoal\n|\n|-weather|SunnyDay|[upkeep]\n|upkeep\n|turn|17\n|\n|t:|1697903779\n|move|p2a: Cyclizar|Shed Tail|p2a: Cyclizar\n|-start|p2a: Cyclizar|Substitute|[from] move: Shed Tail\n|-damage|p2a: Cyclizar|10\/100\n|\n|t:|1697903796\n|switch|p2a: Blissey|Blissey, F, shiny|100\/100|[from] Shed Tail\n|move|p1a: Torkoal|Lava Plume|p2a: Blissey\n|-activate|p2a: Blissey|move: Substitute|[damage]\n|\n|-weather|SunnyDay|[upkeep]\n|upkeep\n|turn|18\n|\n|t:|1697903815\n|move|p2a: Blissey|Seismic Toss|p1a: Torkoal\n|-damage|p1a: Torkoal|40\/100\n|move|p1a: Torkoal|Lava Plume|p2a: Blissey\n|-end|p2a: Blissey|Substitute\n|\n|-weather|SunnyDay|[upkeep]\n|upkeep\n|turn|19\n|\n|t:|1697903824\n|switch|p2a: Cyclizar|Cyclizar, M|43\/100\n|move|p1a: Torkoal|Yawn|p2a: Cyclizar\n|-start|p2a: Cyclizar|move: Yawn|[of] p1a: Torkoal\n|\n|-weather|none\n|upkeep\n|turn|20\n|\n|t:|1697903830\n|switch|p2a: Blissey|Blissey, F, shiny|100\/100\n|move|p1a: Torkoal|Lava Plume|p2a: Blissey\n|-damage|p2a: Blissey|94\/100\n|\n|upkeep\n|turn|21\n|\n|t:|1697903835\n|switch|p1a: Ogerpon|Ogerpon, F|100\/100\n|-damage|p1a: Ogerpon|88\/100|[from] Stealth Rock\n|move|p2a: Blissey|Seismic Toss|p1a: Ogerpon\n|-damage|p1a: Ogerpon|55\/100\n|\n|upkeep\n|turn|22\n|\n|t:|1697903850\n|switch|p2a: Moltres|Moltres, shiny|100\/100\n|move|p1a: Ogerpon|Swords Dance|p1a: Ogerpon\n|-boost|p1a: Ogerpon|atk|2\n|\n|upkeep\n|turn|23\n|\n|t:|1697903856\n|switch|p1a: Torkoal|Torkoal, F|40\/100\n|-weather|SunnyDay|[from] ability: Drought|[of] p1a: Torkoal\n|move|p2a: Moltres|Flamethrower|p1a: Torkoal\n|-resisted|p1a: Torkoal\n|-damage|p1a: Torkoal|1\/100\n|\n|-weather|SunnyDay|[upkeep]\n|upkeep\n|turn|24\n|\n|t:|1697903859\n|move|p2a: Moltres|Flamethrower|p1a: Torkoal\n|-resisted|p1a: Torkoal\n|-damage|p1a: Torkoal|0 fnt\n|faint|p1a: Torkoal\n|\n|-weather|SunnyDay|[upkeep]\n|upkeep\n|\n|t:|1697903862\n|switch|p1a: Walking Wake|Walking Wake|100\/100\n|-damage|p1a: Walking Wake|88\/100|[from] Stealth Rock\n|-activate|p1a: Walking Wake|ability: Protosynthesis\n|-start|p1a: Walking Wake|protosynthesisspe\n|turn|25\n|\n|t:|1697903867\n|switch|p2a: Blissey|Blissey, F, shiny|94\/100\n|move|p1a: Walking Wake|Hydro Steam|p2a: Blissey\n|-damage|p2a: Blissey|70\/100\n|\n|-weather|SunnyDay|[upkeep]\n|upkeep\n|turn|26\n|\n|t:|1697903882\n|-end|p1a: Walking Wake|Protosynthesis|[silent]\n|switch|p1a: Ogerpon|Ogerpon, F|55\/100\n|-damage|p1a: Ogerpon|43\/100|[from] Stealth Rock\n|move|p2a: Blissey|Thunder Wave|p1a: Ogerpon\n|-status|p1a: Ogerpon|par\n|-enditem|p1a: Ogerpon|Lum Berry|[eat]\n|-curestatus|p1a: Ogerpon|par|[msg]\n|\n|-weather|SunnyDay|[upkeep]\n|upkeep\n|turn|27\n|\n|t:|1697903889\n|switch|p2a: Moltres|Moltres, shiny|100\/100\n|move|p1a: Ogerpon|Ivy Cudgel|p2a: Moltres\n|-resisted|p2a: Moltres\n|-damage|p2a: Moltres|91\/100\n|\n|-weather|none\n|upkeep\n|turn|28\n|\n|t:|1697903896\n|switch|p1a: Roaring Moon|Roaring Moon|88\/100\n|-damage|p1a: Roaring Moon|76\/100|[from] Stealth Rock\n|move|p2a: Moltres|Flamethrower|p1a: Roaring Moon\n|-resisted|p1a: Roaring Moon\n|-damage|p1a: Roaring Moon|56\/100\n|\n|upkeep\n|turn|29\n|\n|t:|1697903911\n|move|p1a: Roaring Moon|Knock Off|p2a: Moltres\n|-damage|p2a: Moltres|35\/100\n|-enditem|p2a: Moltres|Heavy-Duty Boots|[from] move: Knock Off|[of] p1a: Roaring Moon\n|move|p2a: Moltres|U-turn|p1a: Roaring Moon\n|-supereffective|p1a: Roaring Moon\n|-damage|p1a: Roaring Moon|19\/100\n|\n|t:|1697903935\n|switch|p2a: Cyclizar|Cyclizar, M|77\/100|[from] U-turn\n|\n|upkeep\n|turn|30\n|\n|t:|1697903943\n|move|p2a: Cyclizar|Rapid Spin|p1a: Roaring Moon\n|-damage|p1a: Roaring Moon|0 fnt\n|-boost|p2a: Cyclizar|spe|1\n|faint|p1a: Roaring Moon\n|-end|p1a: Roaring Moon|Protosynthesis|[silent]\n|\n|upkeep\n|c|\u2606Albaz Brand|SCARF?\n|c|\u2606Finchely|no\n|\n|t:|1697903956\n|switch|p1a: Ogerpon|Ogerpon, F|43\/100\n|-damage|p1a: Ogerpon|30\/100|[from] Stealth Rock\n|turn|31\n|c|\u2606Finchely|just max speed\n|\n|t:|1697903962\n|move|p2a: Cyclizar|Overheat|p1a: Ogerpon\n|-supereffective|p1a: Ogerpon\n|-damage|p1a: Ogerpon|0 fnt\n|-unboost|p2a: Cyclizar|spa|2\n|faint|p1a: Ogerpon\n|\n|upkeep\n|\n|t:|1697903965\n|switch|p1a: Walking Wake|Walking Wake|88\/100\n|-damage|p1a: Walking Wake|76\/100|[from] Stealth Rock\n|turn|32\n|\n|t:|1697903971\n|switch|p2a: Blissey|Blissey, F, shiny|70\/100\n|move|p1a: Walking Wake|Hydro Steam|p2a: Blissey\n|-damage|p2a: Blissey|52\/100\n|\n|upkeep\n|turn|33\n|c|\u2606Albaz Brand|man fuck me GGs XD\n|c|\u2606Finchely|2 more base speed than moon\n|c|\u2606Finchely|ggs\n|\n|t:|1697903998\n|-end|p1a: Walking Wake|Protosynthesis|[silent]\n|switch|p1a: Iron Moth|Iron Moth|100\/100\n|-damage|p1a: Iron Moth|76\/100|[from] Stealth Rock\n|-enditem|p1a: Iron Moth|Booster Energy\n|-activate|p1a: Iron Moth|ability: Quark Drive|[fromitem]\n|-start|p1a: Iron Moth|quarkdrivespe\n|move|p2a: Blissey|Seismic Toss|p1a: Iron Moth\n|-damage|p1a: Iron Moth|42\/100\n|\n|upkeep\n|turn|34\n|\n|t:|1697904009\n|move|p1a: Iron Moth|Fiery Dance|p2a: Blissey\n|-damage|p2a: Blissey|42\/100\n|move|p2a: Blissey|Soft-Boiled|p2a: Blissey\n|-heal|p2a: Blissey|92\/100\n|\n|upkeep\n|turn|35\n|c|\u2606Albaz Brand|nah shake and ggs XD\n|c|\u2606Finchely|honestly torterra hardly does anything on this team\n|-message|Albaz Brand forfeited.\n|\n|win|Finchely\n|l|\u2606Albaz Brand\n","uploadtime":1697904028,"views":11,"p1id":"albazbrand","p2id":"finchely","formatid":"gen9ubers","rating":0,"private":0,"password":""}