{"id":"gen9ubers-1972764927","p1":"Miebaso11","p2":"kingtzy","format":"[Gen 9] Ubers","log":"|j|\u2606Miebaso11\n|j|\u2606kingtzy\n|t:|1697891802\n|gametype|singles\n|player|p1|Miebaso11|hilda-wonderlauncher|1118\n|player|p2|kingtzy|265|1115\n|teamsize|p1|6\n|teamsize|p2|6\n|gen|9\n|tier|[Gen 9] Ubers\n|rated|\n|rule|Sleep Clause Mod: Limit one foe put to sleep\n|rule|Species Clause: Limit one of each Pok\u00e9mon\n|rule|OHKO Clause: OHKO moves are banned\n|rule|Evasion Items Clause: Evasion items are banned\n|rule|Evasion Moves Clause: Evasion moves are banned\n|rule|Endless Battle Clause: Forcing endless battles is banned\n|rule|HP Percentage Mod: HP is shown in percentages\n|clearpoke\n|poke|p1|Walking Wake|\n|poke|p1|Torkoal, F|\n|poke|p1|Dragonite, M|\n|poke|p1|Grimmsnarl, M|\n|poke|p1|Sylveon, F|\n|poke|p1|Shaymin-Sky|\n|poke|p2|Politoed, F|\n|poke|p2|Raichu-Alola, M|\n|poke|p2|Gastrodon, M|\n|poke|p2|Toxapex, M|\n|poke|p2|Kyogre|\n|poke|p2|Miraidon|\n|teampreview\n|inactive|Battle timer is ON: inactive players will automatically lose when time's up. (requested by Miebaso11)\n|\n|t:|1697891813\n|start\n|switch|p1a: Grimmsnarl|Grimmsnarl, M|100\/100\n|switch|p2a: Politoed|Politoed, F|100\/100\n|-weather|RainDance|[from] ability: Drizzle|[of] p2a: Politoed\n|turn|1\n|\n|t:|1697891822\n|move|p1a: Grimmsnarl|Light Screen|p1a: Grimmsnarl\n|-sidestart|p1: Miebaso11|move: Light Screen\n|move|p2a: Politoed|Hypnosis|p1a: Grimmsnarl|[miss]\n|-miss|p2a: Politoed|p1a: Grimmsnarl\n|\n|-weather|RainDance|[upkeep]\n|upkeep\n|turn|2\n|\n|t:|1697891829\n|move|p1a: Grimmsnarl|Reflect|p1a: Grimmsnarl\n|-sidestart|p1: Miebaso11|Reflect\n|move|p2a: Politoed|Hypnosis|p1a: Grimmsnarl|[miss]\n|-miss|p2a: Politoed|p1a: Grimmsnarl\n|\n|-weather|RainDance|[upkeep]\n|upkeep\n|turn|3\n|\n|t:|1697891842\n|move|p1a: Grimmsnarl|Thunder Wave|p2a: Politoed\n|-status|p2a: Politoed|par\n|move|p2a: Politoed|Ice Beam|p1a: Grimmsnarl\n|-damage|p1a: Grimmsnarl|90\/100\n|\n|-weather|RainDance|[upkeep]\n|upkeep\n|turn|4\n|\n|t:|1697891851\n|move|p1a: Grimmsnarl|Parting Shot|p2a: Politoed\n|-unboost|p2a: Politoed|atk|1\n|-unboost|p2a: Politoed|spa|1\n|\n|t:|1697891861\n|switch|p1a: Torkoal|Torkoal, F|100\/100|[from] Parting Shot\n|-weather|SunnyDay|[from] ability: Drought|[of] p1a: Torkoal\n|cant|p2a: Politoed|par\n|\n|-weather|SunnyDay|[upkeep]\n|upkeep\n|turn|5\n|\n|t:|1697891874\n|move|p1a: Torkoal|Shell Smash|p1a: Torkoal\n|-unboost|p1a: Torkoal|def|1\n|-unboost|p1a: Torkoal|spd|1\n|-boost|p1a: Torkoal|atk|2\n|-boost|p1a: Torkoal|spa|2\n|-boost|p1a: Torkoal|spe|2\n|-enditem|p1a: Torkoal|White Herb\n|-clearnegativeboost|p1a: Torkoal|[silent]\n|move|p2a: Politoed|Hydro Pump|p1a: Torkoal\n|-supereffective|p1a: Torkoal\n|-damage|p1a: Torkoal|74\/100\n|\n|-weather|SunnyDay|[upkeep]\n|upkeep\n|turn|6\n|\n|t:|1697891886\n|switch|p2a: Toxapex|Toxapex, M|100\/100\n|move|p1a: Torkoal|Solar Beam||[still]\n|-prepare|p1a: Torkoal|Solar Beam\n|-anim|p1a: Torkoal|Solar Beam|p2a: Toxapex\n|-damage|p2a: Toxapex|60\/100\n|\n|-weather|SunnyDay|[upkeep]\n|-heal|p2a: Toxapex|66\/100|[from] item: Black Sludge\n|upkeep\n|turn|7\n|\n|t:|1697891898\n|move|p1a: Torkoal|Solar Beam||[still]\n|-prepare|p1a: Torkoal|Solar Beam\n|-anim|p1a: Torkoal|Solar Beam|p2a: Toxapex\n|-damage|p2a: Toxapex|21\/100\n|move|p2a: Toxapex|Haze|p2a: Toxapex\n|-clearallboost\n|\n|-weather|SunnyDay|[upkeep]\n|-heal|p2a: Toxapex|27\/100|[from] item: Black Sludge\n|upkeep\n|turn|8\n|\n|t:|1697891908\n|move|p2a: Toxapex|Baneful Bunker|p2a: Toxapex\n|-singleturn|p2a: Toxapex|move: Protect\n|move|p1a: Torkoal|Solar Beam||[still]\n|-prepare|p1a: Torkoal|Solar Beam\n|-anim|p1a: Torkoal|Solar Beam|p2a: Toxapex\n|-activate|p2a: Toxapex|move: Protect\n|\n|-weather|none\n|-heal|p2a: Toxapex|33\/100|[from] item: Black Sludge\n|-sideend|p1: Miebaso11|move: Light Screen\n|upkeep\n|turn|9\n|inactive|kingtzy has 120 seconds left.\n|\n|t:|1697891942\n|switch|p1a: Grimmsnarl|Grimmsnarl, M|90\/100\n|switch|p2a: Miraidon|Miraidon|100\/100\n|-fieldstart|move: Electric Terrain|[from] ability: Hadron Engine|[of] p2a: Miraidon\n|\n|-sideend|p1: Miebaso11|Reflect\n|upkeep\n|turn|10\n|inactive|kingtzy has 120 seconds left.\n|\n|t:|1697891954\n|move|p1a: Grimmsnarl|Light Screen|p1a: Grimmsnarl\n|-sidestart|p1: Miebaso11|move: Light Screen\n|move|p2a: Miraidon|U-turn|p1a: Grimmsnarl\n|-damage|p1a: Grimmsnarl|76\/100\n|inactive|kingtzy has 120 seconds left.\n|\n|t:|1697891959\n|switch|p2a: Raichu|Raichu-Alola, M|100\/100|[from] U-turn\n|\n|upkeep\n|turn|11\n|\n|t:|1697891973\n|move|p1a: Grimmsnarl|Parting Shot|p2a: Raichu\n|-unboost|p2a: Raichu|atk|1\n|-unboost|p2a: Raichu|spa|1\n|\n|t:|1697891990\n|switch|p1a: Sylveon|Sylveon, F|100\/100|[from] Parting Shot\n|move|p2a: Raichu|Nasty Plot|p2a: Raichu\n|-boost|p2a: Raichu|spa|2\n|\n|upkeep\n|turn|12\n|\n|t:|1697892003\n|move|p2a: Raichu|Thunder|p1a: Sylveon\n|-damage|p1a: Sylveon|62\/100\n|-status|p1a: Sylveon|par\n|-damage|p2a: Raichu|91\/100|[from] item: Life Orb\n|cant|p1a: Sylveon|par\n|\n|upkeep\n|turn|13\n|\n|t:|1697892011\n|move|p2a: Raichu|Thunder|p1a: Sylveon\n|-damage|p1a: Sylveon|20\/100 par\n|-damage|p2a: Raichu|81\/100|[from] item: Life Orb\n|move|p1a: Sylveon|Hyper Voice|p2a: Raichu\n|-damage|p2a: Raichu|1\/100\n|-enditem|p1a: Sylveon|Throat Spray\n|-boost|p1a: Sylveon|spa|1|[from] item: Throat Spray\n|\n|-fieldend|move: Electric Terrain\n|upkeep\n|turn|14\n|\n|t:|1697892024\n|switch|p2a: Gastrodon|Gastrodon, M|100\/100\n|move|p1a: Sylveon|Draining Kiss|p2a: Gastrodon\n|-damage|p2a: Gastrodon|67\/100\n|-heal|p1a: Sylveon|47\/100 par|[from] drain|[of] p2a: Gastrodon\n|-damage|p1a: Sylveon|30\/100 par|[from] item: Rocky Helmet|[of] p2a: Gastrodon\n|\n|upkeep\n|turn|15\n|\n|t:|1697892040\n|move|p2a: Gastrodon|Earth Power|p1a: Sylveon\n|-damage|p1a: Sylveon|20\/100 par\n|move|p1a: Sylveon|Hyper Voice|p2a: Gastrodon\n|-damage|p2a: Gastrodon|0 fnt\n|faint|p2a: Gastrodon\n|\n|upkeep\n|\n|t:|1697892050\n|switch|p2a: Miraidon|Miraidon|100\/100\n|-fieldstart|move: Electric Terrain|[from] ability: Hadron Engine|[of] p2a: Miraidon\n|turn|16\n|\n|t:|1697892056\n|move|p2a: Miraidon|U-turn|p1a: Sylveon\n|-resisted|p1a: Sylveon\n|-damage|p1a: Sylveon|11\/100 par\n|\n|t:|1697892061\n|switch|p2a: Toxapex|Toxapex, M|67\/100|[from] U-turn\n|move|p1a: Sylveon|Draining Kiss|p2a: Toxapex\n|-resisted|p2a: Toxapex\n|-damage|p2a: Toxapex|53\/100\n|-heal|p1a: Sylveon|19\/100 par|[from] drain|[of] p2a: Toxapex\n|\n|-heal|p2a: Toxapex|60\/100|[from] item: Black Sludge\n|upkeep\n|turn|17\n|\n|t:|1697892072\n|move|p2a: Toxapex|Recover|p2a: Toxapex\n|-heal|p2a: Toxapex|100\/100\n|move|p1a: Sylveon|Shadow Ball|p2a: Toxapex\n|-damage|p2a: Toxapex|76\/100\n|\n|-heal|p2a: Toxapex|82\/100|[from] item: Black Sludge\n|-sideend|p1: Miebaso11|move: Light Screen\n|upkeep\n|turn|18\n|\n|t:|1697892082\n|move|p2a: Toxapex|Toxic||[still]\n|-fail|p2a: Toxapex\n|move|p1a: Sylveon|Calm Mind|p1a: Sylveon\n|-boost|p1a: Sylveon|spa|1\n|-boost|p1a: Sylveon|spd|1\n|\n|-heal|p2a: Toxapex|88\/100|[from] item: Black Sludge\n|upkeep\n|turn|19\n|\n|t:|1697892091\n|move|p2a: Toxapex|Haze|p2a: Toxapex\n|-clearallboost\n|move|p1a: Sylveon|Draining Kiss|p2a: Toxapex\n|-resisted|p2a: Toxapex\n|-damage|p2a: Toxapex|80\/100\n|-heal|p1a: Sylveon|24\/100 par|[from] drain|[of] p2a: Toxapex\n|\n|-heal|p2a: Toxapex|87\/100|[from] item: Black Sludge\n|upkeep\n|turn|20\n|\n|t:|1697892103\n|switch|p2a: Miraidon|Miraidon|100\/100\n|-activate|p2a: Miraidon|ability: Hadron Engine\n|move|p1a: Sylveon|Draining Kiss|p2a: Miraidon\n|-supereffective|p2a: Miraidon\n|-damage|p2a: Miraidon|55\/100\n|-heal|p1a: Sylveon|53\/100 par|[from] drain|[of] p2a: Miraidon\n|\n|-fieldend|move: Electric Terrain\n|upkeep\n|turn|21\n|\n|t:|1697892117\n|move|p2a: Miraidon|U-turn|p1a: Sylveon\n|-resisted|p1a: Sylveon\n|-damage|p1a: Sylveon|46\/100 par\n|\n|t:|1697892125\n|switch|p2a: Kyogre|Kyogre|100\/100|[from] U-turn\n|-weather|RainDance|[from] ability: Drizzle|[of] p2a: Kyogre\n|move|p1a: Sylveon|Hyper Voice|p2a: Kyogre\n|-damage|p2a: Kyogre|67\/100\n|\n|-weather|RainDance|[upkeep]\n|upkeep\n|turn|22\n|\n|t:|1697892138\n|move|p2a: Kyogre|Waterfall|p1a: Sylveon\n|-damage|p1a: Sylveon|0 fnt\n|faint|p1a: Sylveon\n|\n|-weather|RainDance|[upkeep]\n|upkeep\n|\n|t:|1697892147\n|switch|p1a: Shaymin|Shaymin-Sky|100\/100\n|turn|23\n|\n|t:|1697892164\n|move|p1a: Shaymin|Seed Flare|p2a: Kyogre|[miss]\n|-miss|p1a: Shaymin|p2a: Kyogre\n|move|p2a: Kyogre|Rest|p2a: Kyogre\n|-status|p2a: Kyogre|slp|[from] move: Rest\n|-heal|p2a: Kyogre|100\/100 slp|[silent]\n|-enditem|p2a: Kyogre|Chesto Berry|[eat]\n|-curestatus|p2a: Kyogre|slp|[msg]\n|\n|-weather|RainDance|[upkeep]\n|upkeep\n|turn|24\n|\n|t:|1697892177\n|move|p1a: Shaymin|Seed Flare|p2a: Kyogre|[miss]\n|-miss|p1a: Shaymin|p2a: Kyogre\n|move|p2a: Kyogre|Ice Beam|p1a: Shaymin\n|-supereffective|p1a: Shaymin\n|-damage|p1a: Shaymin|0 fnt\n|faint|p1a: Shaymin\n|\n|-weather|RainDance|[upkeep]\n|upkeep\n|\n|t:|1697892203\n|switch|p1a: Torkoal|Torkoal, F|74\/100\n|-weather|SunnyDay|[from] ability: Drought|[of] p1a: Torkoal\n|turn|25\n|\n|t:|1697892218\n|move|p2a: Kyogre|Waterfall|p1a: Torkoal\n|-supereffective|p1a: Torkoal\n|-damage|p1a: Torkoal|52\/100\n|cant|p1a: Torkoal|flinch\n|\n|-weather|SunnyDay|[upkeep]\n|upkeep\n|turn|26\n|\n|t:|1697892226\n|switch|p2a: Politoed|Politoed, F|100\/100 par\n|-weather|RainDance|[from] ability: Drizzle|[of] p2a: Politoed\n|move|p1a: Torkoal|Solar Beam||[still]\n|-prepare|p1a: Torkoal|Solar Beam\n|\n|-weather|RainDance|[upkeep]\n|upkeep\n|turn|27\n|\n|t:|1697892238\n|switch|p2a: Toxapex|Toxapex, M|100\/100\n|move|p1a: Torkoal|Solar Beam|p2a: Toxapex|[from]lockedmove\n|-damage|p2a: Toxapex|89\/100\n|\n|-weather|RainDance|[upkeep]\n|-heal|p2a: Toxapex|95\/100|[from] item: Black Sludge\n|upkeep\n|turn|28\n|\n|t:|1697892255\n|switch|p1a: Grimmsnarl|Grimmsnarl, M|76\/100\n|move|p2a: Toxapex|Toxic|p1a: Grimmsnarl\n|-status|p1a: Grimmsnarl|tox\n|\n|-weather|RainDance|[upkeep]\n|-heal|p2a: Toxapex|100\/100|[from] item: Black Sludge\n|-damage|p1a: Grimmsnarl|70\/100 tox|[from] psn\n|upkeep\n|turn|29\n|\n|t:|1697892270\n|switch|p2a: Raichu|Raichu-Alola, M|1\/100\n|move|p1a: Grimmsnarl|Thunder Wave|p2a: Raichu|[miss]\n|-miss|p1a: Grimmsnarl|p2a: Raichu\n|\n|-weather|RainDance|[upkeep]\n|-damage|p1a: Grimmsnarl|58\/100 tox|[from] psn\n|upkeep\n|turn|30\n|\n|t:|1697892279\n|move|p1a: Grimmsnarl|Light Screen|p1a: Grimmsnarl\n|-sidestart|p1: Miebaso11|move: Light Screen\n|move|p2a: Raichu|Nasty Plot|p2a: Raichu\n|-boost|p2a: Raichu|spa|2\n|\n|-weather|none\n|-damage|p1a: Grimmsnarl|40\/100 tox|[from] psn\n|upkeep\n|turn|31\n|\n|t:|1697892287\n|move|p1a: Grimmsnarl|Parting Shot|p2a: Raichu\n|-unboost|p2a: Raichu|atk|1\n|-unboost|p2a: Raichu|spa|1\n|\n|t:|1697892296\n|switch|p1a: Dragonite|Dragonite, M|100\/100|[from] Parting Shot\n|move|p2a: Raichu|Nasty Plot|p2a: Raichu\n|-boost|p2a: Raichu|spa|2\n|\n|upkeep\n|turn|32\n|\n|t:|1697892307\n|-terastallize|p1a: Dragonite|Normal\n|move|p1a: Dragonite|Extreme Speed|p2a: Raichu\n|-damage|p2a: Raichu|0 fnt\n|faint|p2a: Raichu\n|\n|upkeep\n|\n|t:|1697892320\n|switch|p2a: Kyogre|Kyogre|100\/100\n|-weather|RainDance|[from] ability: Drizzle|[of] p2a: Kyogre\n|turn|33\n|\n|t:|1697892327\n|move|p1a: Dragonite|Dragon Dance|p1a: Dragonite\n|-boost|p1a: Dragonite|atk|1\n|-boost|p1a: Dragonite|spe|1\n|move|p2a: Kyogre|Waterfall|p1a: Dragonite\n|-damage|p1a: Dragonite|60\/100\n|\n|-weather|RainDance|[upkeep]\n|upkeep\n|turn|34\n|\n|t:|1697892336\n|switch|p2a: Toxapex|Toxapex, M|100\/100\n|move|p1a: Dragonite|Extreme Speed|p2a: Toxapex\n|-damage|p2a: Toxapex|46\/100\n|\n|-weather|RainDance|[upkeep]\n|-heal|p2a: Toxapex|52\/100|[from] item: Black Sludge\n|upkeep\n|turn|35\n|\n|t:|1697892348\n|move|p1a: Dragonite|Earthquake|p2a: Toxapex\n|-supereffective|p2a: Toxapex\n|-damage|p2a: Toxapex|0 fnt\n|faint|p2a: Toxapex\n|\n|-weather|RainDance|[upkeep]\n|upkeep\n|\n|t:|1697892358\n|switch|p2a: Miraidon|Miraidon|55\/100\n|-fieldstart|move: Electric Terrain|[from] ability: Hadron Engine|[of] p2a: Miraidon\n|turn|36\n|\n|t:|1697892366\n|move|p1a: Dragonite|Extreme Speed|p2a: Miraidon\n|-damage|p2a: Miraidon|0 fnt\n|faint|p2a: Miraidon\n|\n|-weather|RainDance|[upkeep]\n|upkeep\n|\n|t:|1697892374\n|switch|p2a: Politoed|Politoed, F|100\/100 par\n|turn|37\n|\n|t:|1697892382\n|move|p1a: Dragonite|Extreme Speed|p2a: Politoed\n|-damage|p2a: Politoed|5\/100 par\n|-enditem|p2a: Politoed|Sitrus Berry|[eat]\n|-heal|p2a: Politoed|30\/100 par|[from] item: Sitrus Berry\n|move|p2a: Politoed|Hypnosis|p1a: Dragonite\n|-activate|p1a: Dragonite|move: Electric Terrain\n|\n|-weather|none\n|-sideend|p1: Miebaso11|move: Light Screen\n|upkeep\n|turn|38\n|\n|t:|1697892393\n|-terastallize|p2a: Politoed|Water\n|move|p1a: Dragonite|Extreme Speed|p2a: Politoed\n|-damage|p2a: Politoed|0 fnt\n|faint|p2a: Politoed\n|\n|upkeep\n|\n|t:|1697892401\n|switch|p2a: Kyogre|Kyogre|100\/100\n|-weather|RainDance|[from] ability: Drizzle|[of] p2a: Kyogre\n|turn|39\n|\n|t:|1697892411\n|move|p1a: Dragonite|Extreme Speed|p2a: Kyogre\n|-damage|p2a: Kyogre|35\/100\n|move|p2a: Kyogre|Waterfall|p1a: Dragonite\n|-damage|p1a: Dragonite|17\/100\n|-enditem|p1a: Dragonite|Liechi Berry|[eat]\n|-boost|p1a: Dragonite|atk|1|[from] item: Liechi Berry\n|\n|-weather|RainDance|[upkeep]\n|upkeep\n|turn|40\n|\n|t:|1697892422\n|move|p1a: Dragonite|Extreme Speed|p2a: Kyogre\n|-damage|p2a: Kyogre|0 fnt\n|faint|p2a: Kyogre\n|\n|win|Miebaso11\n|raw|Miebaso11's rating: 1118 &rarr; <strong>1143<\/strong><br \/>(+25 for winning)\n|raw|kingtzy's rating: 1115 &rarr; <strong>1090<\/strong><br \/>(-25 for losing)\n|l|\u2606kingtzy\n|l|\u2606Miebaso11\n|j|\u2606Miebaso11\n|player|p1|Miebaso11|hilda-wonderlauncher\n|l|\u2606Miebaso11\n|player|p1|\n|j|\u2606Miebaso11\n|player|p1|Miebaso11|hilda-wonderlauncher\n","uploadtime":1697892541,"views":10,"p1id":"miebaso11","p2id":"kingtzy","formatid":"gen9ubers","rating":1090,"private":0,"password":""}