{"id":"gen9ubers-1973585676","p1":"TheOtakuOutcast","p2":"Swagadile","format":"[Gen 9] Ubers","log":"|j|\u2606TheOtakuOutcast\n|j|\u2606Swagadile\n|t:|1697993415\n|gametype|singles\n|player|p1|TheOtakuOutcast|102|\n|player|p2|Swagadile|silver|\n|teamsize|p1|6\n|teamsize|p2|6\n|gen|9\n|tier|[Gen 9] Ubers\n|rule|Sleep Clause Mod: Limit one foe put to sleep\n|rule|Species Clause: Limit one of each Pok\u00e9mon\n|rule|OHKO Clause: OHKO moves are banned\n|rule|Evasion Items Clause: Evasion items are banned\n|rule|Evasion Moves Clause: Evasion moves are banned\n|rule|Endless Battle Clause: Forcing endless battles is banned\n|rule|HP Percentage Mod: HP is shown in percentages\n|clearpoke\n|poke|p1|Gholdengo|\n|poke|p1|Tyranitar, F|\n|poke|p1|Houndstone, M|\n|poke|p1|Hawlucha, M|\n|poke|p1|Rotom-Frost|\n|poke|p1|Sandslash, F|\n|poke|p2|Ninetales-Alola, F|\n|poke|p2|Samurott-Hisui, F|\n|poke|p2|Donphan, F|\n|poke|p2|Weezing, F|\n|poke|p2|Cetitan, F|\n|poke|p2|Braviary-Hisui, M|\n|teampreview\n|j| BPLD\n|j| PorygonTheBot\n|c| PorygonTheBot|This game looks fun!\n|j| Ace_T_24\n|j| TheJuicyJake\n|j| NEdgyman\n|j| Mr. Cip\n|j| zLayton\n|\n|t:|1697993550\n|start\n|switch|p1a: Gholdengo|Gholdengo|100\/100\n|switch|p2a: Samurott|Samurott-Hisui, F|100\/100\n|turn|1\n|\n|t:|1697993579\n|move|p1a: Gholdengo|Focus Blast|p2a: Samurott\n|-supereffective|p2a: Samurott\n|-damage|p2a: Samurott|0 fnt\n|faint|p2a: Samurott\n|\n|upkeep\n|\n|t:|1697993590\n|switch|p2a: Braviary|Braviary-Hisui, M, shiny|100\/100\n|turn|2\n|\n|t:|1697993604\n|switch|p1a: Tyranitar|Tyranitar, F, shiny|100\/100\n|-weather|Sandstorm|[from] ability: Sand Stream|[of] p1a: Tyranitar\n|move|p2a: Braviary|Calm Mind|p2a: Braviary\n|-boost|p2a: Braviary|spa|1\n|-boost|p2a: Braviary|spd|1\n|\n|-weather|Sandstorm|[upkeep]\n|-damage|p2a: Braviary|94\/100|[from] Sandstorm\n|upkeep\n|turn|3\n|c| NEdgyman|Wow Samurott sure hasnt done a lot you should drop it\n|c| zLayton|oh no, i have seen this before...\n|j| Free Hong Kong Now\n|l| TheJuicyJake\n|\n|t:|1697993719\n|-terastallize|p2a: Braviary|Fighting\n|move|p2a: Braviary|Tera Blast|p1a: Tyranitar|[anim] Tera Blast Fighting\n|-supereffective|p1a: Tyranitar\n|-damage|p1a: Tyranitar|26\/100\n|move|p1a: Tyranitar|Dragon Tail|p2a: Braviary|[miss]\n|-miss|p1a: Tyranitar|p2a: Braviary\n|\n|-weather|Sandstorm|[upkeep]\n|-damage|p2a: Braviary|88\/100|[from] Sandstorm\n|upkeep\n|turn|4\n|c| Free Hong Kong Now|oof\n|c|\u2606Swagadile|sorry man\n|c| zLayton|damn\n|\n|t:|1697993762\n|switch|p1a: Houndstone|Houndstone, M|100\/100\n|move|p2a: Braviary|Esper Wing|p1a: Houndstone\n|-damage|p1a: Houndstone|32\/100\n|-boost|p2a: Braviary|spe|1\n|\n|-weather|Sandstorm|[upkeep]\n|-damage|p2a: Braviary|82\/100|[from] Sandstorm\n|upkeep\n|turn|5\n|\n|t:|1697993792\n|switch|p2a: Weezing|Weezing, F|100\/100\n|move|p1a: Houndstone|Destiny Bond|p1a: Houndstone\n|-singlemove|p1a: Houndstone|Destiny Bond\n|\n|-weather|Sandstorm|[upkeep]\n|-damage|p2a: Weezing|94\/100|[from] Sandstorm\n|-heal|p2a: Weezing|100\/100|[from] item: Black Sludge\n|upkeep\n|turn|6\n|\n|t:|1697993820\n|switch|p1a: Sandslash|Sandslash, F, shiny|100\/100\n|move|p2a: Weezing|Flamethrower|p1a: Sandslash\n|-damage|p1a: Sandslash|70\/100\n|\n|-weather|none\n|upkeep\n|turn|7\n|\n|t:|1697993835\n|switch|p2a: Donphan|Donphan, F|100\/100\n|move|p1a: Sandslash|Stealth Rock|p2a: Donphan\n|-sidestart|p2: Swagadile|move: Stealth Rock\n|\n|upkeep\n|turn|8\n|\n|t:|1697993847\n|move|p1a: Sandslash|Super Fang|p2a: Donphan\n|-damage|p2a: Donphan|51\/100\n|move|p2a: Donphan|Knock Off|p1a: Sandslash\n|-damage|p1a: Sandslash|52\/100\n|-enditem|p1a: Sandslash|Heavy-Duty Boots|[from] move: Knock Off|[of] p2a: Donphan\n|\n|upkeep\n|turn|9\n|\n|t:|1697993859\n|move|p1a: Sandslash|Spikes|p2a: Donphan\n|-sidestart|p2: Swagadile|Spikes\n|move|p2a: Donphan|Rapid Spin|p1a: Sandslash\n|-damage|p1a: Sandslash|43\/100\n|-boost|p2a: Donphan|spe|1\n|-sideend|p2: Swagadile|Spikes|[from] move: Rapid Spin|[of] p2a: Donphan\n|-sideend|p2: Swagadile|Stealth Rock|[from] move: Rapid Spin|[of] p2a: Donphan\n|\n|upkeep\n|turn|10\n|j| TheJuicyJake\n|\n|t:|1697993878\n|move|p2a: Donphan|Rapid Spin|p1a: Sandslash\n|-damage|p1a: Sandslash|34\/100\n|-boost|p2a: Donphan|spe|1\n|move|p1a: Sandslash|Stealth Rock|p2a: Donphan\n|-sidestart|p2: Swagadile|move: Stealth Rock\n|\n|upkeep\n|turn|11\n|\n|t:|1697993904\n|switch|p1a: Rotom|Rotom-Frost, shiny|100\/100\n|move|p2a: Donphan|Rapid Spin|p1a: Rotom\n|-damage|p1a: Rotom|81\/100\n|-boost|p2a: Donphan|spe|1\n|-sideend|p2: Swagadile|Stealth Rock|[from] move: Rapid Spin|[of] p2a: Donphan\n|\n|-heal|p1a: Rotom|88\/100|[from] item: Leftovers\n|upkeep\n|turn|12\n|\n|t:|1697993922\n|switch|p2a: Ninetales|Ninetales-Alola, F, shiny|100\/100\n|-weather|Snow|[from] ability: Snow Warning|[of] p2a: Ninetales\n|switch|p1a: Sandslash|Sandslash, F, shiny|34\/100\n|\n|-weather|Snow|[upkeep]\n|upkeep\n|turn|13\n|\n|t:|1697993937\n|move|p2a: Ninetales|Moonblast|p1a: Sandslash\n|-damage|p1a: Sandslash|0 fnt\n|faint|p1a: Sandslash\n|\n|-weather|Snow|[upkeep]\n|upkeep\n|\n|t:|1697993949\n|switch|p1a: Gholdengo|Gholdengo|100\/100\n|turn|14\n|\n|t:|1697993989\n|switch|p2a: Donphan|Donphan, F|51\/100\n|move|p1a: Gholdengo|Make It Rain|p2a: Donphan\n|-damage|p2a: Donphan|13\/100\n|-unboost|p1a: Gholdengo|spa|1\n|\n|-weather|Snow|[upkeep]\n|upkeep\n|turn|15\n|\n|t:|1697994001\n|move|p1a: Gholdengo|Make It Rain|p2a: Donphan\n|-damage|p2a: Donphan|0 fnt\n|-unboost|p1a: Gholdengo|spa|1\n|faint|p2a: Donphan\n|\n|-weather|Snow|[upkeep]\n|upkeep\n|\n|t:|1697994019\n|switch|p2a: Braviary|Braviary-Hisui, M, shiny, tera:Fighting|82\/100\n|turn|16\n|\n|t:|1697994031\n|switch|p1a: Tyranitar|Tyranitar, F, shiny|26\/100\n|-weather|Sandstorm|[from] ability: Sand Stream|[of] p1a: Tyranitar\n|move|p2a: Braviary|Esper Wing|p1a: Tyranitar\n|-immune|p1a: Tyranitar\n|\n|-weather|Sandstorm|[upkeep]\n|-damage|p2a: Braviary|76\/100|[from] Sandstorm\n|upkeep\n|turn|17\n|\n|t:|1697994051\n|move|p2a: Braviary|Esper Wing|p1a: Tyranitar\n|-immune|p1a: Tyranitar\n|move|p1a: Tyranitar|Knock Off|p2a: Braviary\n|-resisted|p2a: Braviary\n|-damage|p2a: Braviary|50\/100\n|-enditem|p2a: Braviary|Heavy-Duty Boots|[from] move: Knock Off|[of] p1a: Tyranitar\n|\n|-weather|Sandstorm|[upkeep]\n|-damage|p2a: Braviary|43\/100|[from] Sandstorm\n|upkeep\n|turn|18\n|\n|t:|1697994065\n|switch|p1a: Houndstone|Houndstone, M|32\/100\n|move|p2a: Braviary|Roost|p2a: Braviary\n|-heal|p2a: Braviary|93\/100\n|\n|-weather|Sandstorm|[upkeep]\n|-damage|p2a: Braviary|87\/100|[from] Sandstorm\n|upkeep\n|turn|19\n|\n|t:|1697994100\n|switch|p2a: Ninetales|Ninetales-Alola, F, shiny|100\/100\n|-weather|Snow|[from] ability: Snow Warning|[of] p2a: Ninetales\n|move|p1a: Houndstone|Destiny Bond|p1a: Houndstone\n|-singlemove|p1a: Houndstone|Destiny Bond\n|\n|-weather|Snow|[upkeep]\n|upkeep\n|turn|20\n|\n|t:|1697994112\n|switch|p2a: Cetitan|Cetitan, F|100\/100\n|move|p1a: Houndstone|Poltergeist|p2a: Cetitan\n|-activate|p2a: Cetitan|move: Poltergeist|Choice Band\n|-damage|p2a: Cetitan|57\/100\n|-damage|p1a: Houndstone|22\/100|[from] item: Life Orb\n|\n|-weather|Snow|[upkeep]\n|upkeep\n|turn|21\n|\n|t:|1697994140\n|switch|p1a: Tyranitar|Tyranitar, F, shiny|26\/100\n|-weather|Sandstorm|[from] ability: Sand Stream|[of] p1a: Tyranitar\n|move|p2a: Cetitan|Knock Off|p1a: Tyranitar\n|-resisted|p1a: Tyranitar\n|-damage|p1a: Tyranitar|7\/100\n|-enditem|p1a: Tyranitar|Assault Vest|[from] move: Knock Off|[of] p2a: Cetitan\n|\n|-weather|Sandstorm|[upkeep]\n|-damage|p2a: Cetitan|50\/100|[from] Sandstorm\n|upkeep\n|turn|22\n|\n|t:|1697994157\n|move|p2a: Cetitan|Knock Off|p1a: Tyranitar\n|-resisted|p1a: Tyranitar\n|-damage|p1a: Tyranitar|0 fnt\n|faint|p1a: Tyranitar\n|\n|-weather|Sandstorm|[upkeep]\n|-damage|p2a: Cetitan|44\/100|[from] Sandstorm\n|upkeep\n|\n|t:|1697994170\n|switch|p1a: Sabin Gauge|Hawlucha, M, shiny|100\/100\n|turn|23\n|\n|t:|1697994174\n|switch|p2a: Weezing|Weezing, F|100\/100\n|move|p1a: Sabin Gauge|Swords Dance|p1a: Sabin Gauge\n|-boost|p1a: Sabin Gauge|atk|2\n|\n|-weather|Sandstorm|[upkeep]\n|-damage|p1a: Sabin Gauge|94\/100|[from] Sandstorm\n|-damage|p2a: Weezing|94\/100|[from] Sandstorm\n|-heal|p2a: Weezing|100\/100|[from] item: Black Sludge\n|upkeep\n|turn|24\n|l| TheJuicyJake\n|\n|t:|1697994207\n|move|p1a: Sabin Gauge|Swords Dance|p1a: Sabin Gauge\n|-boost|p1a: Sabin Gauge|atk|2\n|move|p2a: Weezing|Haze|p2a: Weezing\n|-clearallboost\n|\n|-weather|Sandstorm|[upkeep]\n|-damage|p1a: Sabin Gauge|88\/100|[from] Sandstorm\n|-damage|p2a: Weezing|94\/100|[from] Sandstorm\n|-heal|p2a: Weezing|100\/100|[from] item: Black Sludge\n|upkeep\n|turn|25\n|l| Free Hong Kong Now\n|\n|t:|1697994214\n|move|p1a: Sabin Gauge|Swords Dance|p1a: Sabin Gauge\n|-boost|p1a: Sabin Gauge|atk|2\n|move|p2a: Weezing|Flamethrower|p1a: Sabin Gauge\n|-damage|p1a: Sabin Gauge|59\/100\n|-enditem|p1a: Sabin Gauge|Red Card|[of] p2a: Weezing\n|drag|p2a: Cetitan|Cetitan, F|44\/100\n|\n|-weather|none\n|upkeep\n|turn|26\n|j| Free Hong Kong Now\n|l| Free Hong Kong Now\n|j| TheJuicyJake\n|\n|t:|1697994281\n|move|p2a: Cetitan|Ice Shard|p1a: Sabin Gauge\n|-supereffective|p1a: Sabin Gauge\n|-damage|p1a: Sabin Gauge|0 fnt\n|faint|p1a: Sabin Gauge\n|\n|upkeep\n|\n|t:|1697994284\n|switch|p1a: Rotom|Rotom-Frost, shiny|88\/100\n|turn|27\n|\n|t:|1697994289\n|switch|p2a: Ninetales|Ninetales-Alola, F, shiny|100\/100\n|-weather|Snow|[from] ability: Snow Warning|[of] p2a: Ninetales\n|move|p1a: Rotom|Substitute|p1a: Rotom\n|-start|p1a: Rotom|Substitute\n|-damage|p1a: Rotom|63\/100\n|\n|-weather|Snow|[upkeep]\n|-heal|p1a: Rotom|69\/100|[from] item: Leftovers\n|upkeep\n|turn|28\n|\n|t:|1697994301\n|move|p2a: Ninetales|Moonblast|p1a: Rotom\n|-end|p1a: Rotom|Substitute\n|move|p1a: Rotom|Thunderbolt|p2a: Ninetales\n|-damage|p2a: Ninetales|54\/100\n|\n|-weather|Snow|[upkeep]\n|-heal|p1a: Rotom|75\/100|[from] item: Leftovers\n|upkeep\n|turn|29\n|\n|t:|1697994317\n|switch|p1a: Houndstone|Houndstone, M|22\/100\n|move|p2a: Ninetales|Moonblast|p1a: Houndstone\n|-damage|p1a: Houndstone|0 fnt\n|faint|p1a: Houndstone\n|\n|-weather|Snow|[upkeep]\n|upkeep\n|\n|t:|1697994321\n|switch|p1a: Gholdengo|Gholdengo|100\/100\n|turn|30\n|\n|t:|1697994329\n|switch|p2a: Weezing|Weezing, F|100\/100\n|move|p1a: Gholdengo|Make It Rain|p2a: Weezing\n|-damage|p2a: Weezing|13\/100\n|-unboost|p1a: Gholdengo|spa|1\n|\n|-weather|Snow|[upkeep]\n|-heal|p2a: Weezing|19\/100|[from] item: Black Sludge\n|upkeep\n|turn|31\n|\n|t:|1697994335\n|move|p1a: Gholdengo|Make It Rain|p2a: Weezing\n|-damage|p2a: Weezing|0 fnt\n|-unboost|p1a: Gholdengo|spa|1\n|faint|p2a: Weezing\n|\n|-weather|none\n|upkeep\n|\n|t:|1697994341\n|switch|p2a: Braviary|Braviary-Hisui, M, shiny, tera:Fighting|87\/100\n|turn|32\n|\n|t:|1697994352\n|switch|p1a: Rotom|Rotom-Frost, shiny|75\/100\n|move|p2a: Braviary|Esper Wing|p1a: Rotom\n|-damage|p1a: Rotom|19\/100\n|-boost|p2a: Braviary|spe|1\n|\n|-heal|p1a: Rotom|25\/100|[from] item: Leftovers\n|upkeep\n|turn|33\n|\n|t:|1697994363\n|move|p2a: Braviary|Esper Wing|p1a: Rotom\n|-damage|p1a: Rotom|0 fnt\n|-boost|p2a: Braviary|spe|1\n|faint|p1a: Rotom\n|\n|upkeep\n|\n|t:|1697994365\n|switch|p1a: Gholdengo|Gholdengo|100\/100\n|turn|34\n|\n|t:|1697994372\n|move|p2a: Braviary|Esper Wing|p1a: Gholdengo\n|-resisted|p1a: Gholdengo\n|-damage|p1a: Gholdengo|50\/100\n|-boost|p2a: Braviary|spe|1\n|move|p1a: Gholdengo|Make It Rain|p2a: Braviary\n|-damage|p2a: Braviary|11\/100\n|-unboost|p1a: Gholdengo|spa|1\n|\n|upkeep\n|turn|35\n|\n|t:|1697994380\n|move|p2a: Braviary|Esper Wing|p1a: Gholdengo\n|-resisted|p1a: Gholdengo\n|-damage|p1a: Gholdengo|2\/100\n|-boost|p2a: Braviary|spe|1\n|move|p1a: Gholdengo|Make It Rain|p2a: Braviary\n|-damage|p2a: Braviary|0 fnt\n|-unboost|p1a: Gholdengo|spa|1\n|faint|p2a: Braviary\n|\n|upkeep\n|\n|t:|1697994384\n|switch|p2a: Cetitan|Cetitan, F|44\/100\n|turn|36\n|\n|t:|1697994386\n|move|p2a: Cetitan|Ice Shard|p1a: Gholdengo\n|-resisted|p1a: Gholdengo\n|-damage|p1a: Gholdengo|0 fnt\n|faint|p1a: Gholdengo\n|\n|win|Swagadile\n|c|\u2606TheOtakuOutcast|gg\n|l| PorygonTheBot\n|c|\u2606Swagadile|ggs mate\n","uploadtime":1697994387,"views":14,"p1id":"theotakuoutcast","p2id":"swagadile","formatid":"gen9ubers","rating":0,"private":0,"password":""}