{"id":"gen9ubers-1977008006","p1":"xWolfmanxx","p2":"Anne Frankkkk","format":"[Gen 9] Ubers","log":"|j|\u2606xWolfmanxx\n|j|\u2606Anne Frankkkk\n|t:|1698361254\n|gametype|singles\n|player|p1|xWolfmanxx|265|1243\n|player|p2|Anne Frankkkk|hilbert|1188\n|teamsize|p1|6\n|teamsize|p2|6\n|gen|9\n|tier|[Gen 9] Ubers\n|rated|\n|rule|Sleep Clause Mod: Limit one foe put to sleep\n|rule|Species Clause: Limit one of each Pok\u00e9mon\n|rule|OHKO Clause: OHKO moves are banned\n|rule|Evasion Items Clause: Evasion items are banned\n|rule|Evasion Moves Clause: Evasion moves are banned\n|rule|Endless Battle Clause: Forcing endless battles is banned\n|rule|HP Percentage Mod: HP is shown in percentages\n|clearpoke\n|poke|p1|Giratina|\n|poke|p1|Arceus-Ground|\n|poke|p1|Eternatus|\n|poke|p1|Magearna|\n|poke|p1|Ting-Lu|\n|poke|p1|Shaymin-Sky|\n|poke|p2|Iron Hands|\n|poke|p2|Kyogre|\n|poke|p2|Chien-Pao|\n|poke|p2|Ribombee, M|\n|poke|p2|Miraidon|\n|poke|p2|Flutter Mane|\n|teampreview\n|inactive|Battle timer is ON: inactive players will automatically lose when time's up. (requested by Anne Frankkkk)\n|\n|t:|1698361270\n|start\n|switch|p1a: Eternatus|Eternatus|100\/100\n|switch|p2a: Moonblast|Ribombee, M, shiny|100\/100\n|-ability|p1a: Eternatus|Pressure\n|turn|1\n|\n|t:|1698361278\n|move|p2a: Moonblast|Sticky Web|p1a: Eternatus\n|-sidestart|p1: xWolfmanxx|move: Sticky Web\n|move|p1a: Eternatus|Toxic Spikes|p2a: Moonblast\n|-sidestart|p2: Anne Frankkkk|move: Toxic Spikes\n|\n|upkeep\n|turn|2\n|\n|t:|1698361283\n|move|p2a: Moonblast|Stun Spore|p1a: Eternatus\n|-status|p1a: Eternatus|par\n|cant|p1a: Eternatus|par\n|\n|upkeep\n|turn|3\n|\n|t:|1698361290\n|switch|p2a: Ice Cat|Chien-Pao|100\/100\n|-status|p2a: Ice Cat|psn\n|-ability|p2a: Ice Cat|Sword of Ruin\n|move|p1a: Eternatus|Sludge Bomb|p2a: Ice Cat\n|-damage|p2a: Ice Cat|28\/100 psn\n|\n|-damage|p2a: Ice Cat|16\/100 psn|[from] psn\n|upkeep\n|turn|4\n|\n|t:|1698361306\n|switch|p1a: Magearna|Magearna|100\/100\n|-activate|p1a: Magearna|move: Sticky Web\n|-unboost|p1a: Magearna|spe|1\n|move|p2a: Ice Cat|Ice Spinner|p1a: Magearna\n|-resisted|p1a: Magearna\n|-damage|p1a: Magearna|72\/100\n|-damage|p2a: Ice Cat|6\/100 psn|[from] item: Life Orb\n|\n|-heal|p1a: Magearna|78\/100|[from] item: Leftovers\n|-damage|p2a: Ice Cat|0 fnt|[from] psn\n|faint|p2a: Ice Cat\n|-ability|p1a: Magearna|Soul-Heart|boost\n|-boost|p1a: Magearna|spa|1\n|upkeep\n|\n|t:|1698361318\n|switch|p2a: Big Boy|Iron Hands, shiny|100\/100\n|-status|p2a: Big Boy|psn\n|turn|5\n|\n|t:|1698361322\n|move|p2a: Big Boy|Drain Punch|p1a: Magearna\n|-damage|p1a: Magearna|39\/100\n|move|p1a: Magearna|Fleur Cannon|p2a: Big Boy\n|-supereffective|p2a: Big Boy\n|-damage|p2a: Big Boy|7\/100 psn\n|-unboost|p1a: Magearna|spa|2\n|\n|-heal|p1a: Magearna|45\/100|[from] item: Leftovers\n|-damage|p2a: Big Boy|0 fnt|[from] psn\n|faint|p2a: Big Boy\n|-ability|p1a: Magearna|Soul-Heart|boost\n|-boost|p1a: Magearna|spa|1\n|-end|p2a: Big Boy|Quark Drive|[silent]\n|upkeep\n|\n|t:|1698361326\n|switch|p2a: Cyber Lizard|Miraidon|100\/100\n|-fieldstart|move: Electric Terrain|[from] ability: Hadron Engine|[of] p2a: Cyber Lizard\n|-item|p2a: Cyber Lizard|Air Balloon\n|turn|6\n|\n|t:|1698361350\n|switch|p1a: Arceus|Arceus-Ground|100\/100\n|-activate|p1a: Arceus|move: Sticky Web\n|-unboost|p1a: Arceus|spe|1\n|move|p2a: Cyber Lizard|Calm Mind|p2a: Cyber Lizard\n|-boost|p2a: Cyber Lizard|spa|1\n|-boost|p2a: Cyber Lizard|spd|1\n|\n|upkeep\n|turn|7\n|\n|t:|1698361360\n|move|p2a: Cyber Lizard|Calm Mind|p2a: Cyber Lizard\n|-boost|p2a: Cyber Lizard|spa|1\n|-boost|p2a: Cyber Lizard|spd|1\n|move|p1a: Arceus|Ice Beam|p2a: Cyber Lizard\n|-supereffective|p2a: Cyber Lizard\n|-damage|p2a: Cyber Lizard|81\/100\n|-enditem|p2a: Cyber Lizard|Air Balloon\n|\n|upkeep\n|turn|8\n|\n|t:|1698361368\n|move|p2a: Cyber Lizard|Dragon Pulse|p1a: Arceus\n|-damage|p1a: Arceus|20\/100\n|move|p1a: Arceus|Calm Mind|p1a: Arceus\n|-boost|p1a: Arceus|spa|1\n|-boost|p1a: Arceus|spd|1\n|\n|upkeep\n|turn|9\n|\n|t:|1698361376\n|switch|p1a: Magearna|Magearna|45\/100\n|-activate|p1a: Magearna|move: Sticky Web\n|-unboost|p1a: Magearna|spe|1\n|move|p2a: Cyber Lizard|Dragon Pulse|p1a: Magearna\n|-immune|p1a: Magearna\n|\n|-heal|p1a: Magearna|51\/100|[from] item: Leftovers\n|upkeep\n|turn|10\n|\n|t:|1698361387\n|switch|p1a: Arceus|Arceus-Ground|20\/100\n|-activate|p1a: Arceus|move: Sticky Web\n|-unboost|p1a: Arceus|spe|1\n|move|p2a: Cyber Lizard|Electro Drift|p1a: Arceus\n|-immune|p1a: Arceus\n|\n|-fieldend|move: Electric Terrain\n|upkeep\n|turn|11\n|\n|t:|1698361397\n|move|p2a: Cyber Lizard|Dragon Pulse|p1a: Arceus\n|-damage|p1a: Arceus|0 fnt\n|faint|p1a: Arceus\n|\n|upkeep\n|\n|t:|1698361408\n|switch|p1a: Ting-Lu|Ting-Lu|100\/100\n|-activate|p1a: Ting-Lu|move: Sticky Web\n|-unboost|p1a: Ting-Lu|spe|1\n|-ability|p1a: Ting-Lu|Vessel of Ruin\n|turn|12\n|\n|t:|1698361413\n|move|p2a: Cyber Lizard|Dragon Pulse|p1a: Ting-Lu\n|-damage|p1a: Ting-Lu|36\/100\n|move|p1a: Ting-Lu|Whirlwind|p2a: Cyber Lizard\n|drag|p2a: OHKO|Kyogre|100\/100\n|-status|p2a: OHKO|psn\n|-weather|RainDance|[from] ability: Drizzle|[of] p2a: OHKO\n|\n|-weather|RainDance|[upkeep]\n|-heal|p1a: Ting-Lu|43\/100|[from] item: Leftovers\n|-damage|p2a: OHKO|88\/100 psn|[from] psn\n|upkeep\n|turn|13\n|\n|t:|1698361425\n|switch|p1a: Shaymin|Shaymin-Sky|100\/100\n|move|p2a: OHKO|Water Spout|p1a: Shaymin\n|-resisted|p1a: Shaymin\n|-damage|p1a: Shaymin|14\/100\n|\n|-weather|RainDance|[upkeep]\n|-heal|p1a: Shaymin|20\/100|[from] item: Leftovers\n|-damage|p2a: OHKO|76\/100 psn|[from] psn\n|upkeep\n|turn|14\n|\n|t:|1698361435\n|move|p1a: Shaymin|Air Slash|p2a: OHKO\n|-damage|p2a: OHKO|53\/100 psn\n|move|p2a: OHKO|Water Spout|p1a: Shaymin\n|-resisted|p1a: Shaymin\n|-damage|p1a: Shaymin|0 fnt\n|faint|p1a: Shaymin\n|\n|-weather|RainDance|[upkeep]\n|-damage|p2a: OHKO|40\/100 psn|[from] psn\n|upkeep\n|\n|t:|1698361449\n|switch|p1a: Eternatus|Eternatus|100\/100 par\n|-activate|p1a: Eternatus|move: Sticky Web\n|-unboost|p1a: Eternatus|spe|1\n|-ability|p1a: Eternatus|Pressure\n|turn|15\n|\n|t:|1698361457\n|switch|p2a: Moonblast|Ribombee, M, shiny|100\/100\n|-status|p2a: Moonblast|psn\n|move|p1a: Eternatus|Recover||[still]\n|-fail|p1a: Eternatus|heal\n|\n|-weather|RainDance|[upkeep]\n|-damage|p2a: Moonblast|88\/100 psn|[from] psn\n|upkeep\n|turn|16\n|\n|t:|1698361466\n|move|p2a: Moonblast|Moonblast|p1a: Eternatus\n|-damage|p1a: Eternatus|71\/100 par\n|-unboost|p1a: Eternatus|spa|1\n|cant|p1a: Eternatus|par\n|\n|-weather|none\n|-heal|p1a: Eternatus|77\/100 par|[from] item: Leftovers\n|-damage|p2a: Moonblast|76\/100 psn|[from] psn\n|upkeep\n|turn|17\n|\n|t:|1698361475\n|switch|p1a: Magearna|Magearna|51\/100\n|-activate|p1a: Magearna|move: Sticky Web\n|-unboost|p1a: Magearna|spe|1\n|move|p2a: Moonblast|Moonblast|p1a: Magearna\n|-resisted|p1a: Magearna\n|-damage|p1a: Magearna|40\/100\n|\n|-heal|p1a: Magearna|46\/100|[from] item: Leftovers\n|-damage|p2a: Moonblast|64\/100 psn|[from] psn\n|upkeep\n|turn|18\n|\n|t:|1698361487\n|move|p2a: Moonblast|Stun Spore|p1a: Magearna\n|-status|p1a: Magearna|par\n|cant|p1a: Magearna|par\n|\n|-heal|p1a: Magearna|52\/100 par|[from] item: Leftovers\n|-damage|p2a: Moonblast|51\/100 psn|[from] psn\n|upkeep\n|turn|19\n|\n|t:|1698361494\n|move|p2a: Moonblast|Moonblast|p1a: Magearna\n|-resisted|p1a: Magearna\n|-damage|p1a: Magearna|40\/100 par\n|-unboost|p1a: Magearna|spa|1\n|move|p1a: Magearna|Spikes|p2a: Moonblast\n|-sidestart|p2: Anne Frankkkk|Spikes\n|\n|-heal|p1a: Magearna|46\/100 par|[from] item: Leftovers\n|-damage|p2a: Moonblast|39\/100 psn|[from] psn\n|upkeep\n|turn|20\n|\n|t:|1698361504\n|move|p2a: Moonblast|Bug Buzz|p1a: Magearna\n|-resisted|p1a: Magearna\n|-damage|p1a: Magearna|40\/100 par\n|move|p1a: Magearna|Spikes|p2a: Moonblast\n|-sidestart|p2: Anne Frankkkk|Spikes\n|\n|-heal|p1a: Magearna|46\/100 par|[from] item: Leftovers\n|-damage|p2a: Moonblast|27\/100 psn|[from] psn\n|upkeep\n|turn|21\n|\n|t:|1698361511\n|move|p2a: Moonblast|Moonblast|p1a: Magearna\n|-resisted|p1a: Magearna\n|-damage|p1a: Magearna|33\/100 par\n|move|p1a: Magearna|Spikes|p2a: Moonblast\n|-sidestart|p2: Anne Frankkkk|Spikes\n|\n|-heal|p1a: Magearna|39\/100 par|[from] item: Leftovers\n|-damage|p2a: Moonblast|15\/100 psn|[from] psn\n|upkeep\n|turn|22\n|\n|t:|1698361521\n|move|p2a: Moonblast|Moonblast|p1a: Magearna\n|-resisted|p1a: Magearna\n|-crit|p1a: Magearna\n|-damage|p1a: Magearna|21\/100 par\n|-unboost|p1a: Magearna|spa|1\n|move|p1a: Magearna|Volt Switch|p2a: Moonblast\n|-damage|p2a: Moonblast|0 fnt\n|faint|p2a: Moonblast\n|-ability|p1a: Magearna|Soul-Heart|boost\n|-boost|p1a: Magearna|spa|1\n|\n|t:|1698361531\n|switch|p1a: Giratina|Giratina, shiny|100\/100|[from] Volt Switch\n|-activate|p1a: Giratina|move: Sticky Web\n|-unboost|p1a: Giratina|spe|1\n|-ability|p1a: Giratina|Pressure\n|\n|upkeep\n|\n|t:|1698361536\n|switch|p2a: Cyber Lizard|Miraidon|81\/100\n|-status|p2a: Cyber Lizard|psn\n|-damage|p2a: Cyber Lizard|56\/100 psn|[from] Spikes\n|-fieldstart|move: Electric Terrain|[from] ability: Hadron Engine|[of] p2a: Cyber Lizard\n|turn|23\n|\n|t:|1698361543\n|-terastallize|p2a: Cyber Lizard|Fairy\n|move|p2a: Cyber Lizard|Calm Mind|p2a: Cyber Lizard\n|-boost|p2a: Cyber Lizard|spa|1\n|-boost|p2a: Cyber Lizard|spd|1\n|move|p1a: Giratina|Dragon Tail|p2a: Cyber Lizard\n|-immune|p2a: Cyber Lizard\n|\n|-damage|p2a: Cyber Lizard|43\/100 psn|[from] psn\n|upkeep\n|turn|24\n|\n|t:|1698361551\n|move|p2a: Cyber Lizard|Dragon Pulse|p1a: Giratina\n|-supereffective|p1a: Giratina\n|-damage|p1a: Giratina|18\/100\n|move|p1a: Giratina|Hex|p2a: Cyber Lizard\n|-damage|p2a: Cyber Lizard|15\/100 psn\n|\n|-heal|p1a: Giratina|25\/100|[from] item: Leftovers\n|-damage|p2a: Cyber Lizard|3\/100 psn|[from] psn\n|upkeep\n|turn|25\n|\n|t:|1698361561\n|switch|p1a: Magearna|Magearna|21\/100 par\n|-activate|p1a: Magearna|move: Sticky Web\n|-unboost|p1a: Magearna|spe|1\n|move|p2a: Cyber Lizard|Dragon Pulse|p1a: Magearna\n|-immune|p1a: Magearna\n|\n|-heal|p1a: Magearna|27\/100 par|[from] item: Leftovers\n|-damage|p2a: Cyber Lizard|0 fnt|[from] psn\n|faint|p2a: Cyber Lizard\n|-ability|p1a: Magearna|Soul-Heart|boost\n|-boost|p1a: Magearna|spa|1\n|upkeep\n|\n|t:|1698361569\n|switch|p2a: OHKO|Kyogre|40\/100 psn\n|-damage|p2a: OHKO|15\/100 psn|[from] Spikes\n|-weather|RainDance|[from] ability: Drizzle|[of] p2a: OHKO\n|turn|26\n|j| PFPolly\n|\n|t:|1698361588\n|switch|p1a: Giratina|Giratina, shiny|25\/100\n|-activate|p1a: Giratina|move: Sticky Web\n|-unboost|p1a: Giratina|spe|1\n|-ability|p1a: Giratina|Pressure\n|move|p2a: OHKO|Origin Pulse|p1a: Giratina\n|-resisted|p1a: Giratina\n|-damage|p1a: Giratina|0 fnt\n|faint|p1a: Giratina\n|\n|-weather|RainDance|[upkeep]\n|-damage|p2a: OHKO|3\/100 psn|[from] psn\n|upkeep\n|inactive|xWolfmanxx has 120 seconds left.\n|\n|t:|1698361616\n|switch|p1a: Magearna|Magearna|27\/100 par\n|-activate|p1a: Magearna|move: Sticky Web\n|-unboost|p1a: Magearna|spe|1\n|turn|27\n|\n|t:|1698361621\n|move|p2a: OHKO|Origin Pulse|p1a: Magearna\n|-damage|p1a: Magearna|0 fnt\n|faint|p1a: Magearna\n|\n|-weather|RainDance|[upkeep]\n|-damage|p2a: OHKO|0 fnt|[from] psn\n|faint|p2a: OHKO\n|-fieldend|move: Electric Terrain\n|upkeep\n|\n|t:|1698361630\n|switch|p2a: Misdreavius|Flutter Mane, shiny|100\/100\n|switch|p1a: Eternatus|Eternatus|77\/100 par\n|-status|p2a: Misdreavius|psn\n|-damage|p2a: Misdreavius|76\/100 psn|[from] Spikes\n|-activate|p1a: Eternatus|move: Sticky Web\n|-unboost|p1a: Eternatus|spe|1\n|-ability|p1a: Eternatus|Pressure\n|-enditem|p2a: Misdreavius|Booster Energy\n|-activate|p2a: Misdreavius|ability: Protosynthesis|[fromitem]\n|-start|p2a: Misdreavius|protosynthesisspe\n|turn|28\n|\n|t:|1698361642\n|move|p2a: Misdreavius|Calm Mind|p2a: Misdreavius\n|-boost|p2a: Misdreavius|spa|1\n|-boost|p2a: Misdreavius|spd|1\n|cant|p1a: Eternatus|par\n|\n|-weather|RainDance|[upkeep]\n|-heal|p1a: Eternatus|84\/100 par|[from] item: Leftovers\n|-damage|p2a: Misdreavius|63\/100 psn|[from] psn\n|upkeep\n|turn|29\n|\n|t:|1698361650\n|move|p2a: Misdreavius|Calm Mind|p2a: Misdreavius\n|-boost|p2a: Misdreavius|spa|1\n|-boost|p2a: Misdreavius|spd|1\n|move|p1a: Eternatus|Sludge Bomb|p2a: Misdreavius\n|-crit|p2a: Misdreavius\n|-damage|p2a: Misdreavius|0 fnt\n|faint|p2a: Misdreavius\n|-end|p2a: Misdreavius|Protosynthesis|[silent]\n|\n|win|xWolfmanxx\n|raw|xWolfmanxx's rating: 1243 &rarr; <strong>1264<\/strong><br \/>(+21 for winning)\n|raw|Anne Frankkkk's rating: 1188 &rarr; <strong>1167<\/strong><br \/>(-21 for losing)\n|l| PFPolly\n|l|\u2606xWolfmanxx\n","uploadtime":1698361670,"views":8,"p1id":"xwolfmanxx","p2id":"annefrankkkk","formatid":"gen9ubers","rating":1167,"private":0,"password":""}