{"id":"gen9ubers-1986627861","p1":"RichardMillePlain","p2":"hounds of fate","format":"[Gen 9] Ubers","log":"|j|\u2606RichardMillePlain\n|j|\u2606hounds of fate\n|t:|1699499656\n|gametype|singles\n|player|p1|RichardMillePlain|lucas|\n|player|p2|hounds of fate|marnie|\n|teamsize|p1|6\n|teamsize|p2|6\n|gen|9\n|tier|[Gen 9] Ubers\n|rated|Tournament battle\n|rule|Sleep Clause Mod: Limit one foe put to sleep\n|rule|Species Clause: Limit one of each Pok\u00e9mon\n|rule|OHKO Clause: OHKO moves are banned\n|rule|Evasion Items Clause: Evasion items are banned\n|rule|Evasion Moves Clause: Evasion moves are banned\n|rule|Endless Battle Clause: Forcing endless battles is banned\n|rule|HP Percentage Mod: HP is shown in percentages\n|clearpoke\n|poke|p1|Hatterene, F|\n|poke|p1|Sneasler, M|\n|poke|p1|Ursaluna-Bloodmoon, M|\n|poke|p1|Kingambit, M|\n|poke|p1|Rillaboom, M|\n|poke|p1|Heatran, M|\n|poke|p2|Blissey, F|\n|poke|p2|Toxapex, F|\n|poke|p2|Clodsire, M|\n|poke|p2|Koraidon|\n|poke|p2|Giratina-Origin|\n|poke|p2|Dondozo, M|\n|teampreview\n|inactive|Battle timer is ON: inactive players will automatically lose when time's up. (requested by hounds of fate)\n|c|\u2606RichardMillePlain|Hf\n|c|\u2606hounds of fate|hf\n|\n|t:|1699499676\n|start\n|switch|p1a: Rillaboom|Rillaboom, M|100\/100\n|switch|p2a: boraimon|Koraidon|100\/100\n|-weather|SunnyDay|[from] ability: Orichalcum Pulse|[of] p2a: boraimon\n|-activate|p2a: boraimon|Orichalcum Pulse|[source]\n|-fieldstart|move: Grassy Terrain|[from] ability: Grassy Surge|[of] p1a: Rillaboom\n|turn|1\n|\n|t:|1699499692\n|switch|p1a: Heatran|Heatran, M|100\/100\n|-item|p1a: Heatran|Air Balloon\n|move|p2a: boraimon|Flare Blitz|p1a: Heatran\n|-start|p1a: Heatran|ability: Flash Fire\n|\n|-weather|SunnyDay|[upkeep]\n|upkeep\n|turn|2\n|\n|t:|1699499702\n|switch|p2a: Anda|Blissey, F|100\/100\n|move|p1a: Heatran|Stealth Rock|p2a: Anda\n|-sidestart|p2: hounds of fate|move: Stealth Rock\n|\n|-weather|SunnyDay|[upkeep]\n|upkeep\n|turn|3\n|\n|t:|1699499712\n|move|p1a: Heatran|Magma Storm|p2a: Anda|[miss]\n|-miss|p1a: Heatran|p2a: Anda\n|move|p2a: Anda|Seismic Toss|p1a: Heatran\n|-damage|p1a: Heatran|70\/100\n|-enditem|p1a: Heatran|Air Balloon\n|\n|-weather|SunnyDay|[upkeep]\n|-heal|p1a: Heatran|76\/100|[from] Grassy Terrain\n|upkeep\n|turn|4\n|\n|t:|1699499728\n|-end|p1a: Heatran|ability: Flash Fire|[silent]\n|switch|p1a: Hatterene|Hatterene, F|100\/100\n|-enditem|p1a: Hatterene|Grassy Seed\n|-boost|p1a: Hatterene|def|1|[from] item: Grassy Seed\n|switch|p2a: pleb|Giratina-Origin|100\/100\n|-damage|p2a: pleb|88\/100|[from] Stealth Rock\n|\n|-weather|SunnyDay|[upkeep]\n|upkeep\n|turn|5\n|\n|t:|1699499746\n|switch|p2a: poxatex|Toxapex, F|100\/100\n|move|p1a: Hatterene|Calm Mind|p1a: Hatterene\n|-boost|p1a: Hatterene|spa|1\n|-boost|p1a: Hatterene|spd|1\n|\n|-weather|none\n|upkeep\n|turn|6\n|\n|t:|1699499751\n|move|p1a: Hatterene|Stored Power|p2a: poxatex\n|-supereffective|p2a: poxatex\n|-damage|p2a: poxatex|0 fnt\n|faint|p2a: poxatex\n|\n|upkeep\n|\n|t:|1699499755\n|switch|p2a: boraimon|Koraidon|100\/100\n|-damage|p2a: boraimon|94\/100|[from] Stealth Rock\n|-weather|SunnyDay|[from] ability: Orichalcum Pulse|[of] p2a: boraimon\n|-activate|p2a: boraimon|Orichalcum Pulse|[source]\n|turn|7\n|\n|t:|1699499762\n|-terastallize|p1a: Hatterene|Water\n|move|p2a: boraimon|Flare Blitz|p1a: Hatterene\n|-resisted|p1a: Hatterene\n|-damage|p1a: Hatterene|49\/100\n|-damage|p2a: boraimon|80\/100|[from] Recoil\n|move|p1a: Hatterene|Stored Power|p2a: boraimon\n|-supereffective|p2a: boraimon\n|-damage|p2a: boraimon|0 fnt\n|faint|p2a: boraimon\n|\n|-weather|SunnyDay|[upkeep]\n|-heal|p1a: Hatterene|55\/100|[from] Grassy Terrain\n|upkeep\n|\n|t:|1699499775\n|switch|p2a: bleb|Clodsire, M|100\/100\n|-damage|p2a: bleb|94\/100|[from] Stealth Rock\n|turn|8\n|\n|t:|1699499781\n|-terastallize|p2a: bleb|Dark\n|move|p1a: Hatterene|Calm Mind|p1a: Hatterene\n|-boost|p1a: Hatterene|spa|1\n|-boost|p1a: Hatterene|spd|1\n|move|p2a: bleb|Poison Jab|p1a: Hatterene\n|-damage|p1a: Hatterene|30\/100\n|-status|p1a: Hatterene|psn\n|\n|-weather|SunnyDay|[upkeep]\n|-heal|p1a: Hatterene|36\/100 psn|[from] Grassy Terrain\n|-heal|p2a: bleb|100\/100|[from] Grassy Terrain\n|-damage|p1a: Hatterene|23\/100 psn|[from] psn\n|-fieldend|move: Grassy Terrain\n|upkeep\n|turn|9\n|\n|t:|1699499803\n|move|p1a: Hatterene|Draining Kiss|p2a: bleb\n|-supereffective|p2a: bleb\n|-damage|p2a: bleb|69\/100\n|-heal|p1a: Hatterene|58\/100 psn|[from] drain|[of] p2a: bleb\n|move|p2a: bleb|Poison Jab|p1a: Hatterene\n|-damage|p1a: Hatterene|34\/100 psn\n|\n|-weather|SunnyDay|[upkeep]\n|-heal|p2a: bleb|75\/100|[from] item: Leftovers\n|-damage|p1a: Hatterene|22\/100 psn|[from] psn\n|upkeep\n|turn|10\n|\n|t:|1699499808\n|move|p1a: Hatterene|Draining Kiss|p2a: bleb\n|-supereffective|p2a: bleb\n|-damage|p2a: bleb|44\/100\n|-heal|p1a: Hatterene|56\/100 psn|[from] drain|[of] p2a: bleb\n|move|p2a: bleb|Poison Jab|p1a: Hatterene\n|-damage|p1a: Hatterene|30\/100 psn\n|\n|-weather|SunnyDay|[upkeep]\n|-heal|p2a: bleb|50\/100|[from] item: Leftovers\n|-damage|p1a: Hatterene|18\/100 psn|[from] psn\n|upkeep\n|turn|11\n|\n|t:|1699499813\n|move|p1a: Hatterene|Draining Kiss|p2a: bleb\n|-supereffective|p2a: bleb\n|-damage|p2a: bleb|21\/100\n|-heal|p1a: Hatterene|51\/100 psn|[from] drain|[of] p2a: bleb\n|move|p2a: bleb|Recover|p2a: bleb\n|-heal|p2a: bleb|71\/100\n|\n|-weather|none\n|-heal|p2a: bleb|77\/100|[from] item: Leftovers\n|-damage|p1a: Hatterene|39\/100 psn|[from] psn\n|upkeep\n|turn|12\n|\n|t:|1699499822\n|move|p1a: Hatterene|Draining Kiss|p2a: bleb\n|-supereffective|p2a: bleb\n|-damage|p2a: bleb|47\/100\n|-heal|p1a: Hatterene|72\/100 psn|[from] drain|[of] p2a: bleb\n|move|p2a: bleb|Poison Jab|p1a: Hatterene\n|-damage|p1a: Hatterene|48\/100 psn\n|\n|-heal|p2a: bleb|53\/100|[from] item: Leftovers\n|-damage|p1a: Hatterene|36\/100 psn|[from] psn\n|upkeep\n|turn|13\n|\n|t:|1699499830\n|move|p1a: Hatterene|Draining Kiss|p2a: bleb\n|-supereffective|p2a: bleb\n|-crit|p2a: bleb\n|-damage|p2a: bleb|4\/100\n|-heal|p1a: Hatterene|90\/100 psn|[from] drain|[of] p2a: bleb\n|move|p2a: bleb|Recover|p2a: bleb\n|-heal|p2a: bleb|54\/100\n|\n|-heal|p2a: bleb|60\/100|[from] item: Leftovers\n|-damage|p1a: Hatterene|78\/100 psn|[from] psn\n|upkeep\n|turn|14\n|\n|t:|1699499835\n|move|p1a: Hatterene|Draining Kiss|p2a: bleb\n|-supereffective|p2a: bleb\n|-damage|p2a: bleb|28\/100\n|-heal|p1a: Hatterene|100\/100 psn|[from] drain|[of] p2a: bleb\n|move|p2a: bleb|Recover|p2a: bleb\n|-heal|p2a: bleb|78\/100\n|\n|-heal|p2a: bleb|85\/100|[from] item: Leftovers\n|-damage|p1a: Hatterene|88\/100 psn|[from] psn\n|upkeep\n|turn|15\n|\n|t:|1699499840\n|move|p1a: Hatterene|Draining Kiss|p2a: bleb\n|-supereffective|p2a: bleb\n|-damage|p2a: bleb|52\/100\n|-heal|p1a: Hatterene|100\/100 psn|[from] drain|[of] p2a: bleb\n|move|p2a: bleb|Poison Jab|p1a: Hatterene\n|-damage|p1a: Hatterene|77\/100 psn\n|\n|-heal|p2a: bleb|58\/100|[from] item: Leftovers\n|-damage|p1a: Hatterene|64\/100 psn|[from] psn\n|upkeep\n|turn|16\n|j| Fartconsumer\n|\n|t:|1699499846\n|move|p1a: Hatterene|Draining Kiss|p2a: bleb\n|-supereffective|p2a: bleb\n|-damage|p2a: bleb|29\/100\n|-heal|p1a: Hatterene|96\/100 psn|[from] drain|[of] p2a: bleb\n|move|p2a: bleb|Recover|p2a: bleb\n|-heal|p2a: bleb|79\/100\n|\n|-heal|p2a: bleb|85\/100|[from] item: Leftovers\n|-damage|p1a: Hatterene|84\/100 psn|[from] psn\n|upkeep\n|turn|17\n|\n|t:|1699499867\n|move|p1a: Hatterene|Draining Kiss|p2a: bleb\n|-supereffective|p2a: bleb\n|-damage|p2a: bleb|57\/100\n|-heal|p1a: Hatterene|100\/100 psn|[from] drain|[of] p2a: bleb\n|move|p2a: bleb|Poison Jab|p1a: Hatterene\n|-damage|p1a: Hatterene|76\/100 psn\n|\n|-heal|p2a: bleb|63\/100|[from] item: Leftovers\n|-damage|p1a: Hatterene|64\/100 psn|[from] psn\n|upkeep\n|turn|18\n|j| Snorlaxchef\n|\n|t:|1699499875\n|move|p1a: Hatterene|Draining Kiss|p2a: bleb\n|-supereffective|p2a: bleb\n|-damage|p2a: bleb|33\/100\n|-heal|p1a: Hatterene|96\/100 psn|[from] drain|[of] p2a: bleb\n|move|p2a: bleb|Poison Jab|p1a: Hatterene\n|-damage|p1a: Hatterene|73\/100 psn\n|\n|-heal|p2a: bleb|40\/100|[from] item: Leftovers\n|-damage|p1a: Hatterene|61\/100 psn|[from] psn\n|upkeep\n|turn|19\n|\n|t:|1699499880\n|move|p1a: Hatterene|Draining Kiss|p2a: bleb\n|-supereffective|p2a: bleb\n|-damage|p2a: bleb|11\/100\n|-heal|p1a: Hatterene|92\/100 psn|[from] drain|[of] p2a: bleb\n|move|p2a: bleb|Recover|p2a: bleb\n|-heal|p2a: bleb|61\/100\n|\n|-heal|p2a: bleb|68\/100|[from] item: Leftovers\n|-damage|p1a: Hatterene|79\/100 psn|[from] psn\n|upkeep\n|turn|20\n|\n|t:|1699499886\n|move|p1a: Hatterene|Draining Kiss|p2a: bleb\n|-supereffective|p2a: bleb\n|-damage|p2a: bleb|34\/100\n|-heal|p1a: Hatterene|100\/100 psn|[from] drain|[of] p2a: bleb\n|move|p2a: bleb|Poison Jab|p1a: Hatterene\n|-damage|p1a: Hatterene|74\/100 psn\n|\n|-heal|p2a: bleb|40\/100|[from] item: Leftovers\n|-damage|p1a: Hatterene|62\/100 psn|[from] psn\n|upkeep\n|turn|21\n|\n|t:|1699499895\n|move|p1a: Hatterene|Draining Kiss|p2a: bleb\n|-supereffective|p2a: bleb\n|-damage|p2a: bleb|8\/100\n|-heal|p1a: Hatterene|97\/100 psn|[from] drain|[of] p2a: bleb\n|move|p2a: bleb|Recover|p2a: bleb\n|-heal|p2a: bleb|58\/100\n|\n|-heal|p2a: bleb|64\/100|[from] item: Leftovers\n|-damage|p1a: Hatterene|85\/100 psn|[from] psn\n|upkeep\n|turn|22\n|\n|t:|1699499901\n|move|p1a: Hatterene|Draining Kiss|p2a: bleb\n|-supereffective|p2a: bleb\n|-damage|p2a: bleb|35\/100\n|-heal|p1a: Hatterene|100\/100 psn|[from] drain|[of] p2a: bleb\n|move|p2a: bleb|Poison Jab|p1a: Hatterene\n|-damage|p1a: Hatterene|75\/100 psn\n|\n|-heal|p2a: bleb|41\/100|[from] item: Leftovers\n|-damage|p1a: Hatterene|63\/100 psn|[from] psn\n|upkeep\n|turn|23\n|\n|t:|1699499907\n|move|p1a: Hatterene|Draining Kiss|p2a: bleb\n|-supereffective|p2a: bleb\n|-damage|p2a: bleb|11\/100\n|-heal|p1a: Hatterene|96\/100 psn|[from] drain|[of] p2a: bleb\n|move|p2a: bleb|Recover|p2a: bleb\n|-heal|p2a: bleb|61\/100\n|\n|-heal|p2a: bleb|68\/100|[from] item: Leftovers\n|-damage|p1a: Hatterene|84\/100 psn|[from] psn\n|upkeep\n|turn|24\n|\n|t:|1699499913\n|move|p1a: Hatterene|Draining Kiss|p2a: bleb\n|-supereffective|p2a: bleb\n|-damage|p2a: bleb|38\/100\n|-heal|p1a: Hatterene|100\/100 psn|[from] drain|[of] p2a: bleb\n|move|p2a: bleb|Poison Jab|p1a: Hatterene\n|-damage|p1a: Hatterene|77\/100 psn\n|\n|-heal|p2a: bleb|44\/100|[from] item: Leftovers\n|-damage|p1a: Hatterene|64\/100 psn|[from] psn\n|upkeep\n|turn|25\n|\n|t:|1699499919\n|switch|p1a: Rillaboom|Rillaboom, M|100\/100\n|-fieldstart|move: Grassy Terrain|[from] ability: Grassy Surge|[of] p1a: Rillaboom\n|move|p2a: bleb|Recover|p2a: bleb\n|-heal|p2a: bleb|94\/100\n|\n|-heal|p2a: bleb|99\/100|[from] Grassy Terrain\n|-heal|p2a: bleb|100\/100|[from] item: Leftovers\n|upkeep\n|turn|26\n|\n|t:|1699499925\n|switch|p2a: pleb|Giratina-Origin|88\/100\n|-damage|p2a: pleb|75\/100|[from] Stealth Rock\n|move|p1a: Rillaboom|Taunt|p2a: pleb\n|-start|p2a: pleb|move: Taunt\n|\n|upkeep\n|turn|27\n|\n|t:|1699499930\n|move|p2a: pleb|Hex|p1a: Rillaboom\n|-damage|p1a: Rillaboom|65\/100\n|move|p1a: Rillaboom|Knock Off|p2a: pleb\n|-supereffective|p2a: pleb\n|-damage|p2a: pleb|53\/100\n|\n|-heal|p1a: Rillaboom|71\/100|[from] Grassy Terrain\n|upkeep\n|turn|28\n|\n|t:|1699499936\n|switch|p1a: Heatran|Heatran, M|76\/100\n|move|p2a: pleb|Hex|p1a: Heatran\n|-damage|p1a: Heatran|42\/100\n|\n|-heal|p1a: Heatran|48\/100|[from] Grassy Terrain\n|-end|p2a: pleb|move: Taunt\n|upkeep\n|turn|29\n|\n|t:|1699499950\n|move|p1a: Heatran|Steel Beam|p2a: pleb\n|-damage|p2a: pleb|1\/100\n|-damage|p1a: Heatran|0 fnt|[from] steelbeam\n|faint|p1a: Heatran\n|move|p2a: pleb|Hex|p1: Heatran|[notarget]\n|-fail|p2a: pleb\n|\n|upkeep\n|\n|t:|1699499953\n|switch|p1a: Rillaboom|Rillaboom, M|71\/100\n|turn|30\n|\n|t:|1699499962\n|move|p1a: Rillaboom|Grassy Glide|p2a: pleb\n|-resisted|p2a: pleb\n|-damage|p2a: pleb|0 fnt\n|faint|p2a: pleb\n|\n|-heal|p1a: Rillaboom|77\/100|[from] Grassy Terrain\n|upkeep\n|\n|t:|1699499965\n|switch|p2a: bleb|Clodsire, M, tera:Dark|100\/100\n|-damage|p2a: bleb|88\/100|[from] Stealth Rock\n|turn|31\n|\n|t:|1699499979\n|move|p1a: Rillaboom|U-turn|p2a: bleb\n|-supereffective|p2a: bleb\n|-damage|p2a: bleb|32\/100\n|\n|t:|1699499986\n|switch|p1a: Sneasler|Sneasler, M|100\/100|[from] U-turn\n|-enditem|p1a: Sneasler|Grassy Seed\n|-boost|p1a: Sneasler|def|1|[from] item: Grassy Seed\n|move|p2a: bleb|Poison Jab|p1a: Sneasler\n|-resisted|p1a: Sneasler\n|-damage|p1a: Sneasler|82\/100\n|\n|-heal|p1a: Sneasler|88\/100|[from] Grassy Terrain\n|-heal|p2a: bleb|39\/100|[from] Grassy Terrain\n|-heal|p2a: bleb|45\/100|[from] item: Leftovers\n|upkeep\n|turn|32\n|\n|t:|1699499991\n|switch|p2a: bonchozo|Dondozo, M|100\/100\n|move|p1a: Sneasler|Low Kick|p2a: bonchozo\n|-damage|p2a: bonchozo|68\/100\n|\n|-heal|p1a: Sneasler|94\/100|[from] Grassy Terrain\n|-heal|p2a: bonchozo|74\/100|[from] Grassy Terrain\n|-fieldend|move: Grassy Terrain\n|upkeep\n|turn|33\n|\n|t:|1699500002\n|move|p1a: Sneasler|Dire Claw|p2a: bonchozo\n|-damage|p2a: bonchozo|53\/100\n|move|p2a: bonchozo|Avalanche|p1a: Sneasler\n|-damage|p1a: Sneasler|45\/100\n|\n|upkeep\n|turn|34\n|\n|t:|1699500014\n|move|p1a: Sneasler|Dire Claw|p2a: bonchozo\n|-damage|p2a: bonchozo|33\/100\n|move|p2a: bonchozo|Rest|p2a: bonchozo\n|-status|p2a: bonchozo|slp|[from] move: Rest\n|-heal|p2a: bonchozo|100\/100 slp|[silent]\n|\n|upkeep\n|turn|35\n|\n|t:|1699500019\n|move|p1a: Sneasler|Low Kick|p2a: bonchozo\n|-damage|p2a: bonchozo|67\/100 slp\n|cant|p2a: bonchozo|slp\n|move|p2a: bonchozo|Sleep Talk|p2a: bonchozo\n|move|p2a: bonchozo|Body Press|p1a: Sneasler|[from]move: Sleep Talk\n|-resisted|p1a: Sneasler\n|-damage|p1a: Sneasler|23\/100\n|\n|upkeep\n|turn|36\n|\n|t:|1699500028\n|move|p1a: Sneasler|Low Kick|p2a: bonchozo\n|-damage|p2a: bonchozo|38\/100 slp\n|cant|p2a: bonchozo|slp\n|move|p2a: bonchozo|Sleep Talk|p2a: bonchozo\n|move|p2a: bonchozo|Avalanche|p1a: Sneasler|[from]move: Sleep Talk\n|-damage|p1a: Sneasler|0 fnt\n|faint|p1a: Sneasler\n|\n|upkeep\n|c| Fartconsumer|This is just an OU battle now \ud83d\udc80\n|\n|t:|1699500039\n|switch|p1a: Rillaboom|Rillaboom, M|77\/100\n|-fieldstart|move: Grassy Terrain|[from] ability: Grassy Surge|[of] p1a: Rillaboom\n|turn|37\n|c| Fartconsumer|Bar bloodmoon\n|\n|t:|1699500047\n|move|p1a: Rillaboom|Grassy Glide|p2a: bonchozo\n|-supereffective|p2a: bonchozo\n|-damage|p2a: bonchozo|0 fnt\n|faint|p2a: bonchozo\n|\n|-heal|p1a: Rillaboom|83\/100|[from] Grassy Terrain\n|upkeep\n|-message|hounds of fate forfeited.\n|\n|win|RichardMillePlain\n|n|\u2606RichardMillePlain|richardmilleplain\n|n|\u2606hounds of fate|houndsoffate\n|n| Fartconsumer|fartconsumer\n|n| Snorlaxchef|snorlaxchef\n","uploadtime":1699500056,"views":9,"p1id":"richardmilleplain","p2id":"houndsoffate","formatid":"gen9ubers","rating":0,"private":0,"password":""}