{"id":"gen9ubers-1988450814","p1":"LITLE0","p2":"KR0N0Z","format":"[Gen 9] Ubers","log":"|j|\u2606LITLE0\n|j|\u2606KR0N0Z\n|t:|1699724302\n|gametype|singles\n|player|p1|LITLE0|brock|1102\n|player|p2|KR0N0Z|roxie|1176\n|teamsize|p1|5\n|teamsize|p2|6\n|gen|9\n|tier|[Gen 9] Ubers\n|rated|\n|rule|Sleep Clause Mod: Limit one foe put to sleep\n|rule|Species Clause: Limit one of each Pok\u00e9mon\n|rule|OHKO Clause: OHKO moves are banned\n|rule|Evasion Items Clause: Evasion items are banned\n|rule|Evasion Moves Clause: Evasion moves are banned\n|rule|Endless Battle Clause: Forcing endless battles is banned\n|rule|HP Percentage Mod: HP is shown in percentages\n|clearpoke\n|poke|p1|Arceus|\n|poke|p1|Calyrex-Ice|\n|poke|p1|Miraidon|\n|poke|p1|Ursaluna, M|\n|poke|p1|Uxie|\n|poke|p2|Ceruledge, F|\n|poke|p2|Baxcalibur, M|\n|poke|p2|Gliscor, F|\n|poke|p2|Gholdengo|\n|poke|p2|Great Tusk|\n|poke|p2|Kingambit, F|\n|teampreview\n|\n|t:|1699724317\n|start\n|switch|p1a: Uxie|Uxie|100\/100\n|switch|p2a: Gargoyle|Gliscor, F, shiny|100\/100\n|turn|1\n|\n|t:|1699724325\n|move|p2a: Gargoyle|Protect|p2a: Gargoyle\n|-singleturn|p2a: Gargoyle|Protect\n|move|p1a: Uxie|Trick Room|p1a: Uxie\n|-fieldstart|move: Trick Room|[of] p1a: Uxie\n|\n|-status|p2a: Gargoyle|tox|[from] item: Toxic Orb\n|upkeep\n|turn|2\n|inactive|Battle timer is ON: inactive players will automatically lose when time's up. (requested by KR0N0Z)\n|\n|t:|1699724332\n|move|p1a: Uxie|Memento|p2a: Gargoyle\n|-unboost|p2a: Gargoyle|atk|2\n|-unboost|p2a: Gargoyle|spa|2\n|faint|p1a: Uxie\n|move|p2a: Gargoyle|Toxic|p1: Uxie|[notarget]\n|-fail|p2a: Gargoyle\n|\n|upkeep\n|\n|t:|1699724338\n|switch|p1a: Calyrex|Calyrex-Ice|100\/100\n|-ability|p1a: Calyrex|As One\n|-ability|p1a: Calyrex|Unnerve\n|turn|3\n|\n|t:|1699724344\n|-terastallize|p2a: Gargoyle|Water\n|move|p1a: Calyrex|Swords Dance|p1a: Calyrex\n|-boost|p1a: Calyrex|atk|2\n|move|p2a: Gargoyle|Toxic|p1a: Calyrex\n|-status|p1a: Calyrex|tox\n|-enditem|p1a: Calyrex|Lum Berry|[eat]\n|-curestatus|p1a: Calyrex|tox|[msg]\n|\n|upkeep\n|turn|4\n|\n|t:|1699724354\n|move|p1a: Calyrex|High Horsepower|p2a: Gargoyle\n|-damage|p2a: Gargoyle|45\/100 tox\n|move|p2a: Gargoyle|Toxic|p1a: Calyrex\n|-status|p1a: Calyrex|tox\n|\n|-damage|p1a: Calyrex|94\/100 tox|[from] psn\n|-heal|p2a: Gargoyle|58\/100 tox|[from] ability: Poison Heal\n|upkeep\n|turn|5\n|\n|t:|1699724363\n|move|p2a: Gargoyle|Protect|p2a: Gargoyle\n|-singleturn|p2a: Gargoyle|Protect\n|move|p1a: Calyrex|Swords Dance|p1a: Calyrex\n|-boost|p1a: Calyrex|atk|2\n|\n|-damage|p1a: Calyrex|82\/100 tox|[from] psn\n|-heal|p2a: Gargoyle|70\/100 tox|[from] ability: Poison Heal\n|-fieldend|move: Trick Room\n|upkeep\n|turn|6\n|\n|t:|1699724374\n|move|p2a: Gargoyle|Spikes|p1a: Calyrex\n|-sidestart|p1: LITLE0|Spikes\n|move|p1a: Calyrex|Trick Room|p1a: Calyrex\n|-fieldstart|move: Trick Room|[of] p1a: Calyrex\n|\n|-damage|p1a: Calyrex|63\/100 tox|[from] psn\n|-heal|p2a: Gargoyle|82\/100 tox|[from] ability: Poison Heal\n|upkeep\n|turn|7\n|\n|t:|1699724386\n|move|p1a: Calyrex|High Horsepower|p2a: Gargoyle\n|-damage|p2a: Gargoyle|0 fnt\n|faint|p2a: Gargoyle\n|-ability|p1a: Calyrex|Chilling Neigh|boost\n|-boost|p1a: Calyrex|atk|1\n|\n|-damage|p1a: Calyrex|39\/100 tox|[from] psn\n|upkeep\n|\n|t:|1699724396\n|switch|p2a: Raiden|Ceruledge, F|100\/100\n|turn|8\n|\n|t:|1699724402\n|-terastallize|p1a: Calyrex|Ground\n|move|p2a: Raiden|Endure|p2a: Raiden\n|-singleturn|p2a: Raiden|move: Endure\n|move|p1a: Calyrex|High Horsepower|p2a: Raiden\n|-supereffective|p2a: Raiden\n|-activate|p2a: Raiden|move: Endure\n|-damage|p2a: Raiden|1\/100\n|-ability|p2a: Raiden|Weak Armor|boost\n|-unboost|p2a: Raiden|def|1\n|-boost|p2a: Raiden|spe|2\n|-enditem|p2a: Raiden|Weakness Policy\n|-boost|p2a: Raiden|atk|2|[from] item: Weakness Policy\n|-boost|p2a: Raiden|spa|2|[from] item: Weakness Policy\n|\n|-damage|p1a: Calyrex|8\/100 tox|[from] psn\n|upkeep\n|turn|9\n|\n|t:|1699724419\n|switch|p1a: Arceus|Arceus|100\/100\n|-damage|p1a: Arceus|88\/100|[from] Spikes\n|move|p2a: Raiden|Endure||[still]\n|-fail|p2a: Raiden\n|\n|upkeep\n|turn|10\n|\n|t:|1699724431\n|move|p1a: Arceus|Healing Wish|p1a: Arceus\n|faint|p1a: Arceus\n|move|p2a: Raiden|Close Combat|p1: Arceus|[notarget]\n|-fail|p2a: Raiden\n|\n|-fieldend|move: Trick Room\n|upkeep\n|\n|t:|1699724436\n|switch|p1a: Calyrex|Calyrex-Ice, tera:Ground|8\/100 tox\n|-ability|p1a: Calyrex|As One\n|-ability|p1a: Calyrex|Unnerve\n|-heal|p1a: Calyrex|100\/100|[from] move: Healing Wish\n|-damage|p1a: Calyrex|88\/100|[from] Spikes\n|turn|11\n|\n|t:|1699724454\n|move|p2a: Raiden|Close Combat|p1a: Calyrex\n|-damage|p1a: Calyrex|42\/100\n|-unboost|p2a: Raiden|def|1\n|-unboost|p2a: Raiden|spd|1\n|move|p1a: Calyrex|Trick Room|p1a: Calyrex\n|-fieldstart|move: Trick Room|[of] p1a: Calyrex\n|\n|upkeep\n|turn|12\n|\n|t:|1699724462\n|move|p2a: Raiden|Endure|p2a: Raiden\n|-singleturn|p2a: Raiden|move: Endure\n|move|p1a: Calyrex|High Horsepower|p2a: Raiden\n|-supereffective|p2a: Raiden\n|-activate|p2a: Raiden|move: Endure\n|-damage|p2a: Raiden|1\/100\n|-ability|p2a: Raiden|Weak Armor|boost\n|-unboost|p2a: Raiden|def|1\n|-boost|p2a: Raiden|spe|2\n|\n|upkeep\n|turn|13\n|\n|t:|1699724472\n|move|p1a: Calyrex|High Horsepower|p2a: Raiden\n|-supereffective|p2a: Raiden\n|-damage|p2a: Raiden|0 fnt\n|faint|p2a: Raiden\n|-ability|p1a: Calyrex|Chilling Neigh|boost\n|-boost|p1a: Calyrex|atk|1\n|\n|upkeep\n|\n|t:|1699724483\n|switch|p2a: Arthur|Baxcalibur, M|100\/100\n|turn|14\n|\n|t:|1699724499\n|move|p1a: Calyrex|High Horsepower|p2a: Arthur\n|-damage|p2a: Arthur|12\/100\n|move|p2a: Arthur|Icicle Spear|p1a: Calyrex\n|-supereffective|p1a: Calyrex\n|-damage|p1a: Calyrex|25\/100\n|-supereffective|p1a: Calyrex\n|-damage|p1a: Calyrex|8\/100\n|-supereffective|p1a: Calyrex\n|-crit|p1a: Calyrex\n|-damage|p1a: Calyrex|0 fnt\n|faint|p1a: Calyrex\n|-hitcount|p1: Calyrex|3\n|\n|upkeep\n|\n|t:|1699724506\n|switch|p1a: Ursaluna|Ursaluna, M|100\/100\n|-damage|p1a: Ursaluna|88\/100|[from] Spikes\n|turn|15\n|\n|t:|1699724516\n|move|p1a: Ursaluna|Facade|p2a: Arthur\n|-damage|p2a: Arthur|0 fnt\n|faint|p2a: Arthur\n|\n|-fieldend|move: Trick Room\n|-status|p1a: Ursaluna|brn|[from] item: Flame Orb\n|upkeep\n|\n|t:|1699724522\n|switch|p2a: Dentomagnus|Great Tusk|100\/100\n|turn|16\n|\n|t:|1699724526\n|move|p2a: Dentomagnus|Close Combat|p1a: Ursaluna\n|-supereffective|p1a: Ursaluna\n|-damage|p1a: Ursaluna|1\/100 brn\n|-unboost|p2a: Dentomagnus|def|1\n|-unboost|p2a: Dentomagnus|spd|1\n|move|p1a: Ursaluna|Avalanche|p2a: Dentomagnus\n|-supereffective|p2a: Dentomagnus\n|-damage|p2a: Dentomagnus|0 fnt\n|faint|p2a: Dentomagnus\n|-end|p2a: Dentomagnus|Protosynthesis|[silent]\n|\n|-damage|p1a: Ursaluna|0 fnt|[from] brn\n|faint|p1a: Ursaluna\n|upkeep\n|\n|t:|1699724537\n|switch|p2a: Gholdengo|Gholdengo|100\/100\n|switch|p1a: Miraidon|Miraidon|100\/100\n|-damage|p1a: Miraidon|88\/100|[from] Spikes\n|-fieldstart|move: Electric Terrain|[from] ability: Hadron Engine|[of] p1a: Miraidon\n|turn|17\n|\n|t:|1699724546\n|move|p1a: Miraidon|Electro Drift|p2a: Gholdengo\n|-damage|p2a: Gholdengo|0 fnt\n|faint|p2a: Gholdengo\n|\n|upkeep\n|\n|t:|1699724551\n|switch|p2a: Berzerk|Kingambit, F|100\/100\n|-activate|p2a: Berzerk|ability: Supreme Overlord\n|-start|p2a: Berzerk|fallen5|[silent]\n|turn|18\n|\n|t:|1699724560\n|move|p1a: Miraidon|Electro Drift|p2a: Berzerk\n|-damage|p2a: Berzerk|0 fnt\n|faint|p2a: Berzerk\n|-end|p2a: Berzerk|fallen5|[silent]\n|\n|win|LITLE0\n|raw|LITLE0's rating: 1102 &rarr; <strong>1132<\/strong><br \/>(+30 for winning)\n|raw|KR0N0Z's rating: 1176 &rarr; <strong>1146<\/strong><br \/>(-30 for losing)\n","uploadtime":1699724565,"views":6,"p1id":"litle0","p2id":"kr0n0z","formatid":"gen9ubers","rating":1132,"private":0,"password":""}