{"id":"gen9ubers-1970578818","p1":"SenkTheMoth","p2":"LuukTheGamer","format":"[Gen 9] Ubers","log":"|j|\u2606SenkTheMoth\n|j|\u2606LuukTheGamer\n|t:|1697649818\n|gametype|singles\n|player|p1|SenkTheMoth|dawn-gen4pt|\n|player|p2|LuukTheGamer|mira|\n|teamsize|p1|6\n|teamsize|p2|6\n|gen|9\n|tier|[Gen 9] Ubers\n|rule|Sleep Clause Mod: Limit one foe put to sleep\n|rule|Species Clause: Limit one of each Pok\u00e9mon\n|rule|OHKO Clause: OHKO moves are banned\n|rule|Evasion Items Clause: Evasion items are banned\n|rule|Evasion Moves Clause: Evasion moves are banned\n|rule|Endless Battle Clause: Forcing endless battles is banned\n|rule|HP Percentage Mod: HP is shown in percentages\n|clearpoke\n|poke|p1|Zacian-*|\n|poke|p1|Palkia-Origin|\n|poke|p1|Arceus-Ice|\n|poke|p1|Magearna|\n|poke|p1|Zamazenta-*|\n|poke|p1|Shaymin-Sky|\n|poke|p2|Hippowdon, M|\n|poke|p2|Arceus-Rock|\n|poke|p2|Houndstone, F|\n|poke|p2|Palafin, M|\n|poke|p2|Gliscor, F|\n|poke|p2|Cyclizar, M|\n|teampreview\n|inactive|Battle timer is ON: inactive players will automatically lose when time's up. (requested by LuukTheGamer)\n|inactive|LuukTheGamer has 270 seconds left.\n|inactive|SenkTheMoth has 270 seconds left.\n|\n|t:|1697649855\n|start\n|switch|p1a: Shaymin|Shaymin-Sky|100\/100\n|switch|p2a: Palafin|Palafin, M|100\/100\n|turn|1\n|\n|t:|1697649875\n|detailschange|p2a: Palafin|Palafin-Hero, M\n|switch|p2a: Hippowdon|Hippowdon, M|100\/100\n|-weather|Sandstorm|[from] ability: Sand Stream|[of] p2a: Hippowdon\n|move|p1a: Shaymin|Seed Flare|p2a: Hippowdon\n|-supereffective|p2a: Hippowdon\n|-damage|p2a: Hippowdon|0 fnt\n|faint|p2a: Hippowdon\n|\n|-weather|Sandstorm|[upkeep]\n|-damage|p1a: Shaymin|94\/100|[from] Sandstorm\n|upkeep\n|\n|t:|1697649882\n|switch|p2a: Arceus|Arceus-Rock|100\/100\n|turn|2\n|\n|t:|1697649901\n|switch|p1a: Zamazenta|Zamazenta-Crowned|100\/100\n|-ability|p1a: Zamazenta|Dauntless Shield|boost\n|-boost|p1a: Zamazenta|def|1\n|move|p2a: Arceus|Judgment|p1a: Zamazenta\n|-resisted|p1a: Zamazenta\n|-damage|p1a: Zamazenta|91\/100\n|\n|-weather|Sandstorm|[upkeep]\n|upkeep\n|turn|3\n|\n|t:|1697649914\n|switch|p2a: Houndstone|Houndstone, F|100\/100\n|move|p1a: Zamazenta|Body Press|p2a: Houndstone\n|-immune|p2a: Houndstone\n|\n|-weather|Sandstorm|[upkeep]\n|upkeep\n|turn|4\n|\n|t:|1697649924\n|move|p2a: Houndstone|Will-O-Wisp|p1a: Zamazenta\n|-status|p1a: Zamazenta|brn\n|move|p1a: Zamazenta|Crunch|p2a: Houndstone\n|-supereffective|p2a: Houndstone\n|-damage|p2a: Houndstone|73\/100\n|\n|-weather|Sandstorm|[upkeep]\n|-damage|p1a: Zamazenta|85\/100 brn|[from] brn\n|upkeep\n|turn|5\n|\n|t:|1697649934\n|switch|p2a: Gliscor|Gliscor, F|100\/100\n|move|p1a: Zamazenta|Iron Defense|p1a: Zamazenta\n|-boost|p1a: Zamazenta|def|2\n|\n|-weather|Sandstorm|[upkeep]\n|-damage|p1a: Zamazenta|79\/100 brn|[from] brn\n|-status|p2a: Gliscor|tox|[from] item: Toxic Orb\n|upkeep\n|turn|6\n|\n|t:|1697649943\n|move|p1a: Zamazenta|Iron Defense|p1a: Zamazenta\n|-boost|p1a: Zamazenta|def|2\n|move|p2a: Gliscor|Spikes|p1a: Zamazenta\n|-sidestart|p1: SenkTheMoth|Spikes\n|\n|-weather|Sandstorm|[upkeep]\n|-damage|p1a: Zamazenta|72\/100 brn|[from] brn\n|upkeep\n|turn|7\n|\n|t:|1697649949\n|move|p1a: Zamazenta|Body Press|p2a: Gliscor\n|-resisted|p2a: Gliscor\n|-damage|p2a: Gliscor|78\/100 tox\n|move|p2a: Gliscor|Spikes|p1a: Zamazenta\n|-sidestart|p1: SenkTheMoth|Spikes\n|\n|-weather|Sandstorm|[upkeep]\n|-heal|p2a: Gliscor|91\/100 tox|[from] ability: Poison Heal\n|-damage|p1a: Zamazenta|66\/100 brn|[from] brn\n|upkeep\n|turn|8\n|\n|t:|1697649953\n|move|p1a: Zamazenta|Body Press|p2a: Gliscor\n|-resisted|p2a: Gliscor\n|-damage|p2a: Gliscor|67\/100 tox\n|move|p2a: Gliscor|Spikes|p1a: Zamazenta\n|-sidestart|p1: SenkTheMoth|Spikes\n|\n|-weather|none\n|-heal|p2a: Gliscor|80\/100 tox|[from] ability: Poison Heal\n|-damage|p1a: Zamazenta|60\/100 brn|[from] brn\n|upkeep\n|turn|9\n|\n|t:|1697649957\n|move|p2a: Gliscor|Protect|p2a: Gliscor\n|-singleturn|p2a: Gliscor|Protect\n|move|p1a: Zamazenta|Body Press|p2a: Gliscor\n|-activate|p2a: Gliscor|move: Protect\n|\n|-heal|p2a: Gliscor|92\/100 tox|[from] ability: Poison Heal\n|-damage|p1a: Zamazenta|54\/100 brn|[from] brn\n|upkeep\n|turn|10\n|\n|t:|1697649974\n|switch|p1a: Arceus|Arceus-Ice|100\/100\n|-damage|p1a: Arceus|76\/100|[from] Spikes\n|move|p2a: Gliscor|Knock Off|p1a: Arceus\n|-damage|p1a: Arceus|66\/100\n|\n|-heal|p2a: Gliscor|100\/100 tox|[from] ability: Poison Heal\n|upkeep\n|turn|11\n|\n|t:|1697649992\n|switch|p2a: Arceus|Arceus-Rock|100\/100\n|move|p1a: Arceus|Thunderbolt|p2a: Arceus\n|-damage|p2a: Arceus|83\/100\n|\n|upkeep\n|turn|12\n|\n|t:|1697650003\n|switch|p1a: Zamazenta|Zamazenta-Crowned|54\/100 brn\n|-damage|p1a: Zamazenta|29\/100 brn|[from] Spikes\n|move|p2a: Arceus|Judgment|p1a: Zamazenta\n|-resisted|p1a: Zamazenta\n|-damage|p1a: Zamazenta|19\/100 brn\n|\n|-damage|p1a: Zamazenta|13\/100 brn|[from] brn\n|upkeep\n|turn|13\n|\n|t:|1697650011\n|switch|p2a: Gliscor|Gliscor, F|100\/100 tox\n|move|p1a: Zamazenta|Behemoth Bash|p2a: Gliscor\n|-damage|p2a: Gliscor|87\/100 tox\n|\n|-heal|p2a: Gliscor|99\/100 tox|[from] ability: Poison Heal\n|-damage|p1a: Zamazenta|7\/100 brn|[from] brn\n|upkeep\n|turn|14\n|\n|t:|1697650018\n|move|p1a: Zamazenta|Behemoth Bash|p2a: Gliscor\n|-damage|p2a: Gliscor|84\/100 tox\n|move|p2a: Gliscor|Knock Off|p1a: Zamazenta\n|-resisted|p1a: Zamazenta\n|-damage|p1a: Zamazenta|2\/100 brn\n|\n|-heal|p2a: Gliscor|97\/100 tox|[from] ability: Poison Heal\n|-damage|p1a: Zamazenta|0 fnt|[from] brn\n|faint|p1a: Zamazenta\n|upkeep\n|\n|t:|1697650026\n|switch|p1a: Palkia|Palkia-Origin|100\/100\n|-damage|p1a: Palkia|76\/100|[from] Spikes\n|-ability|p1a: Palkia|Pressure\n|turn|15\n|\n|t:|1697650039\n|-terastallize|p2a: Gliscor|Water\n|move|p1a: Palkia|Substitute|p1a: Palkia\n|-start|p1a: Palkia|Substitute\n|-damage|p1a: Palkia|51\/100\n|move|p2a: Gliscor|Toxic||[still]\n|-fail|p2a: Gliscor\n|\n|-heal|p2a: Gliscor|100\/100 tox|[from] ability: Poison Heal\n|upkeep\n|turn|16\n|\n|t:|1697650044\n|move|p1a: Palkia|Spacial Rend|p2a: Gliscor\n|-damage|p2a: Gliscor|11\/100 tox\n|move|p2a: Gliscor|Knock Off|p1a: Palkia\n|-activate|p1a: Palkia|move: Substitute|[damage]\n|\n|-heal|p2a: Gliscor|24\/100 tox|[from] ability: Poison Heal\n|upkeep\n|turn|17\n|\n|t:|1697650050\n|move|p2a: Gliscor|Protect|p2a: Gliscor\n|-singleturn|p2a: Gliscor|Protect\n|move|p1a: Palkia|Surf|p2a: Gliscor\n|-activate|p2a: Gliscor|move: Protect\n|\n|-heal|p2a: Gliscor|36\/100 tox|[from] ability: Poison Heal\n|upkeep\n|turn|18\n|inactive|LuukTheGamer has 270 seconds left.\n|\n|t:|1697650082\n|move|p1a: Palkia|Spacial Rend|p2a: Gliscor\n|-damage|p2a: Gliscor|0 fnt\n|faint|p2a: Gliscor\n|\n|upkeep\n|\n|t:|1697650085\n|switch|p2a: Cyclizar|Cyclizar, M|100\/100\n|turn|19\n|\n|t:|1697650090\n|move|p2a: Cyclizar|Shed Tail|p2a: Cyclizar\n|-start|p2a: Cyclizar|Substitute|[from] move: Shed Tail\n|-damage|p2a: Cyclizar|50\/100\n|-enditem|p2a: Cyclizar|Sitrus Berry|[eat]\n|-heal|p2a: Cyclizar|75\/100|[from] item: Sitrus Berry\n|inactive|LuukTheGamer has 270 seconds left.\n|\n|t:|1697650106\n|switch|p2a: Palafin|Palafin-Hero, M|100\/100|[from] Shed Tail\n|-activate|p2a: Palafin|ability: Zero to Hero\n|move|p1a: Palkia|Spacial Rend|p2a: Palafin\n|-end|p2a: Palafin|Substitute\n|\n|upkeep\n|turn|20\n|\n|t:|1697650113\n|move|p1a: Palkia|Spacial Rend|p2a: Palafin\n|-damage|p2a: Palafin|39\/100\n|move|p2a: Palafin|Drain Punch|p1a: Palkia\n|-end|p1a: Palkia|Substitute\n|-heal|p2a: Palafin|43\/100|[from] drain|[of] p1a: Palkia\n|\n|-heal|p2a: Palafin|49\/100|[from] item: Leftovers\n|upkeep\n|turn|21\n|\n|t:|1697650125\n|move|p1a: Palkia|Spacial Rend|p2a: Palafin\n|-damage|p2a: Palafin|0 fnt\n|faint|p2a: Palafin\n|\n|upkeep\n|\n|t:|1697650129\n|switch|p2a: Cyclizar|Cyclizar, M|100\/100\n|turn|22\n|\n|t:|1697650133\n|move|p2a: Cyclizar|Draco Meteor|p1a: Palkia\n|-supereffective|p1a: Palkia\n|-crit|p1a: Palkia\n|-damage|p1a: Palkia|0 fnt\n|-unboost|p2a: Cyclizar|spa|2\n|faint|p1a: Palkia\n|\n|upkeep\n|\n|t:|1697650144\n|switch|p1a: Zacian|Zacian|100\/100\n|-ability|p1a: Zacian|Intrepid Sword|boost\n|-boost|p1a: Zacian|atk|1\n|turn|23\n|\n|t:|1697650161\n|move|p1a: Zacian|Play Rough|p2a: Cyclizar\n|-supereffective|p2a: Cyclizar\n|-damage|p2a: Cyclizar|0 fnt\n|faint|p2a: Cyclizar\n|\n|upkeep\n|\n|t:|1697650164\n|switch|p2a: Arceus|Arceus-Rock|83\/100\n|turn|24\n|\n|t:|1697650171\n|move|p1a: Zacian|Close Combat|p2a: Arceus\n|-supereffective|p2a: Arceus\n|-damage|p2a: Arceus|0 fnt\n|-unboost|p1a: Zacian|def|1\n|-unboost|p1a: Zacian|spd|1\n|faint|p2a: Arceus\n|\n|upkeep\n|\n|t:|1697650174\n|switch|p2a: Houndstone|Houndstone, F|73\/100\n|turn|25\n|\n|t:|1697650177\n|move|p1a: Zacian|Play Rough|p2a: Houndstone\n|-damage|p2a: Houndstone|0 fnt\n|faint|p2a: Houndstone\n|\n|win|SenkTheMoth\n|c|\u2606LuukTheGamer|gg\n|c|\u2606SenkTheMoth|gg\n|l|\u2606SenkTheMoth\n|j|\u2606SenkTheMoth\n|player|p1|SenkTheMoth|dawn-gen4pt\n","uploadtime":1697650224,"views":29,"p1id":"senkthemoth","p2id":"luukthegamer","formatid":"gen9ubers","rating":0,"private":0,"password":""}