{"id":"gen9ubers-1970856167","p1":"SirBananington","p2":"corvere\u2665","format":"[Gen 9] Ubers","log":"|j|\u2606SirBananington\n|j|\u2606corvere\u2665\n|t:|1697674223\n|gametype|singles\n|player|p1|SirBananington|supernerd|\n|player|p2|corvere\u2665|anthea|\n|teamsize|p1|6\n|teamsize|p2|6\n|gen|9\n|tier|[Gen 9] Ubers\n|rated|Tournament battle\n|rule|Sleep Clause Mod: Limit one foe put to sleep\n|rule|Species Clause: Limit one of each Pok\u00e9mon\n|rule|OHKO Clause: OHKO moves are banned\n|rule|Evasion Items Clause: Evasion items are banned\n|rule|Evasion Moves Clause: Evasion moves are banned\n|rule|Endless Battle Clause: Forcing endless battles is banned\n|rule|HP Percentage Mod: HP is shown in percentages\n|clearpoke\n|poke|p1|Arceus-Fairy|\n|poke|p1|Groudon|\n|poke|p1|Koraidon|\n|poke|p1|Landorus-Therian, M|\n|poke|p1|Chi-Yu|\n|poke|p1|Toxapex, M|\n|poke|p2|Baxcalibur, M|\n|poke|p2|Koraidon|\n|poke|p2|Rayquaza|\n|poke|p2|Shaymin-Sky|\n|poke|p2|Arceus-Ground|\n|poke|p2|Zacian-*|\n|teampreview\n|inactive|Battle timer is ON: inactive players will automatically lose when time's up. (requested by SirBananington)\n|inactive|corvere\u2665 also wants the timer to be on.\n|c|\u2606SirBananington|well glhf\n|\n|t:|1697674247\n|start\n|switch|p1a: Groudon|Groudon|100\/100\n|switch|p2a: Rayquaza|Rayquaza|100\/100\n|-ability|p2a: Rayquaza|Air Lock\n|-weather|SunnyDay|[from] ability: Drought|[of] p1a: Groudon\n|turn|1\n|c|\u2606corvere\u2665|hf\n|\n|t:|1697674252\n|move|p2a: Rayquaza|Stealth Rock|p1a: Groudon\n|-sidestart|p1: SirBananington|move: Stealth Rock\n|move|p1a: Groudon|Will-O-Wisp|p2a: Rayquaza\n|-status|p2a: Rayquaza|brn\n|\n|-weather|SunnyDay|[upkeep]\n|-damage|p2a: Rayquaza|95\/100 brn|[from] brn\n|upkeep\n|turn|2\n|j| 199ahfgdfgdfafa\n|\n|t:|1697674257\n|move|p2a: Rayquaza|Draco Meteor|p1a: Groudon\n|-damage|p1a: Groudon|31\/100\n|-unboost|p2a: Rayquaza|spa|2\n|move|p1a: Groudon|Swords Dance|p1a: Groudon\n|-boost|p1a: Groudon|atk|2\n|\n|-weather|SunnyDay|[upkeep]\n|-heal|p1a: Groudon|37\/100|[from] item: Leftovers\n|-damage|p2a: Rayquaza|89\/100 brn|[from] brn\n|upkeep\n|turn|3\n|l| 199ahfgdfgdfafa\n|c|\u2606SirBananington|oh\n|\n|t:|1697674264\n|move|p2a: Rayquaza|Draco Meteor|p1a: Groudon\n|-crit|p1a: Groudon\n|-damage|p1a: Groudon|0 fnt\n|-unboost|p2a: Rayquaza|spa|2\n|faint|p1a: Groudon\n|\n|-weather|SunnyDay|[upkeep]\n|-damage|p2a: Rayquaza|83\/100 brn|[from] brn\n|upkeep\n|c|\u2606SirBananington|damn\n|\n|t:|1697674275\n|switch|p1a: Arceus|Arceus-Fairy|100\/100\n|-damage|p1a: Arceus|88\/100|[from] Stealth Rock\n|turn|4\n|\n|t:|1697674285\n|move|p2a: Rayquaza|Dragon Ascent|p1a: Arceus\n|-damage|p1a: Arceus|69\/100\n|-unboost|p2a: Rayquaza|def|1\n|-unboost|p2a: Rayquaza|spd|1\n|move|p1a: Arceus|Judgment|p2a: Rayquaza\n|-supereffective|p2a: Rayquaza\n|-damage|p2a: Rayquaza|0 fnt\n|faint|p2a: Rayquaza\n|\n|-weather|SunnyDay|[upkeep]\n|upkeep\n|\n|t:|1697674298\n|switch|p2a: Zacian|Zacian-Crowned|100\/100\n|-ability|p2a: Zacian|Intrepid Sword|boost\n|-boost|p2a: Zacian|atk|1\n|turn|5\n|\n|t:|1697674303\n|switch|p1a: Landorus|Landorus-Therian, M|100\/100\n|-damage|p1a: Landorus|88\/100|[from] Stealth Rock\n|-ability|p1a: Landorus|Intimidate|boost\n|-unboost|p2a: Zacian|atk|1\n|move|p2a: Zacian|Swords Dance|p2a: Zacian\n|-boost|p2a: Zacian|atk|2\n|\n|-weather|none\n|upkeep\n|turn|6\n|\n|t:|1697674312\n|move|p2a: Zacian|Behemoth Blade|p1a: Landorus\n|-damage|p1a: Landorus|0 fnt\n|-damage|p2a: Zacian|84\/100|[from] item: Rocky Helmet|[of] p1a: Landorus\n|faint|p1a: Landorus\n|\n|upkeep\n|\n|t:|1697674315\n|switch|p1a: Toxapex|Toxapex, M|100\/100\n|-damage|p1a: Toxapex|88\/100|[from] Stealth Rock\n|turn|7\n|\n|t:|1697674319\n|move|p2a: Zacian|Behemoth Blade|p1a: Toxapex\n|-resisted|p1a: Toxapex\n|-damage|p1a: Toxapex|51\/100\n|move|p1a: Toxapex|Haze|p1a: Toxapex\n|-clearallboost\n|\n|-heal|p1a: Toxapex|57\/100|[from] item: Leftovers\n|upkeep\n|turn|8\n|\n|t:|1697674322\n|move|p2a: Zacian|Swords Dance|p2a: Zacian\n|-boost|p2a: Zacian|atk|2\n|move|p1a: Toxapex|Recover|p1a: Toxapex\n|-heal|p1a: Toxapex|100\/100\n|\n|upkeep\n|turn|9\n|\n|t:|1697674328\n|move|p2a: Zacian|Behemoth Blade|p1a: Toxapex\n|-resisted|p1a: Toxapex\n|-crit|p1a: Toxapex\n|-damage|p1a: Toxapex|50\/100\n|move|p1a: Toxapex|Haze|p1a: Toxapex\n|-clearallboost\n|\n|-heal|p1a: Toxapex|57\/100|[from] item: Leftovers\n|upkeep\n|turn|10\n|\n|t:|1697674333\n|switch|p2a: Baxcalibur|Baxcalibur, M|100\/100\n|move|p1a: Toxapex|Haze|p1a: Toxapex\n|-clearallboost\n|\n|-heal|p1a: Toxapex|63\/100|[from] item: Leftovers\n|upkeep\n|turn|11\n|\n|t:|1697674337\n|move|p2a: Baxcalibur|Dragon Dance|p2a: Baxcalibur\n|-boost|p2a: Baxcalibur|atk|1\n|-boost|p2a: Baxcalibur|spe|1\n|move|p1a: Toxapex|Toxic Spikes|p2a: Baxcalibur\n|-sidestart|p2: corvere\u2665|move: Toxic Spikes\n|\n|-heal|p1a: Toxapex|69\/100|[from] item: Leftovers\n|upkeep\n|turn|12\n|\n|t:|1697674341\n|move|p2a: Baxcalibur|Earthquake|p1a: Toxapex\n|-supereffective|p1a: Toxapex\n|-damage|p1a: Toxapex|0 fnt\n|faint|p1a: Toxapex\n|\n|upkeep\n|\n|t:|1697674345\n|switch|p1a: Arceus|Arceus-Fairy|69\/100\n|-damage|p1a: Arceus|57\/100|[from] Stealth Rock\n|turn|13\n|j| PickledSausage\n|c|\u2606SirBananington|damn gotta play this more lol\n|\n|t:|1697674356\n|move|p2a: Baxcalibur|Icicle Spear|p1a: Arceus\n|-damage|p1a: Arceus|41\/100\n|-damage|p1a: Arceus|25\/100\n|-damage|p1a: Arceus|10\/100\n|-damage|p1a: Arceus|0 fnt\n|faint|p1a: Arceus\n|-hitcount|p1: Arceus|4\n|\n|upkeep\n|\n|t:|1697674358\n|switch|p1a: Chi-Yu|Chi-Yu|100\/100\n|-damage|p1a: Chi-Yu|76\/100|[from] Stealth Rock\n|-ability|p1a: Chi-Yu|Beads of Ruin\n|turn|14\n|\n|t:|1697674363\n|move|p1a: Chi-Yu|Dark Pulse|p2a: Baxcalibur\n|-damage|p2a: Baxcalibur|34\/100\n|cant|p2a: Baxcalibur|flinch\n|\n|upkeep\n|turn|15\n|\n|t:|1697674371\n|move|p1a: Chi-Yu|Dark Pulse|p2a: Baxcalibur\n|-damage|p2a: Baxcalibur|0 fnt\n|faint|p2a: Baxcalibur\n|\n|upkeep\n|\n|t:|1697674373\n|switch|p2a: Zacian|Zacian-Crowned|84\/100\n|turn|16\n|\n|t:|1697674377\n|switch|p1a: Koraidon|Koraidon|100\/100\n|-damage|p1a: Koraidon|94\/100|[from] Stealth Rock\n|-weather|SunnyDay|[from] ability: Orichalcum Pulse|[of] p1a: Koraidon\n|-activate|p1a: Koraidon|Orichalcum Pulse|[source]\n|move|p2a: Zacian|Substitute|p2a: Zacian\n|-start|p2a: Zacian|Substitute\n|-damage|p2a: Zacian|59\/100\n|\n|-weather|SunnyDay|[upkeep]\n|upkeep\n|turn|17\n|\n|t:|1697674386\n|move|p2a: Zacian|Play Rough|p1a: Koraidon\n|-supereffective|p1a: Koraidon\n|-damage|p1a: Koraidon|0 fnt\n|faint|p1a: Koraidon\n|\n|-weather|SunnyDay|[upkeep]\n|upkeep\n|c|\u2606SirBananington|ggs\n|c|\u2606corvere\u2665|gg\n|\n|t:|1697674390\n|switch|p1a: Chi-Yu|Chi-Yu|76\/100\n|-damage|p1a: Chi-Yu|51\/100|[from] Stealth Rock\n|-ability|p1a: Chi-Yu|Beads of Ruin\n|turn|18\n|\n|t:|1697674393\n|move|p1a: Chi-Yu|Lava Plume|p2a: Zacian\n|-supereffective|p2a: Zacian\n|-end|p2a: Zacian|Substitute\n|move|p2a: Zacian|Behemoth Blade|p1a: Chi-Yu\n|-resisted|p1a: Chi-Yu\n|-damage|p1a: Chi-Yu|1\/100\n|\n|-weather|SunnyDay|[upkeep]\n|upkeep\n|turn|19\n|c|\u2606SirBananington|damn 1 hp\n|\n|t:|1697674402\n|move|p1a: Chi-Yu|Lava Plume|p2a: Zacian\n|-supereffective|p2a: Zacian\n|-damage|p2a: Zacian|0 fnt\n|faint|p2a: Zacian\n|\n|-weather|SunnyDay|[upkeep]\n|upkeep\n|\n|t:|1697674404\n|switch|p2a: Shaymin|Shaymin-Sky|100\/100\n|turn|20\n|\n|t:|1697674406\n|move|p2a: Shaymin|Earth Power|p1a: Chi-Yu\n|-supereffective|p1a: Chi-Yu\n|-damage|p1a: Chi-Yu|0 fnt\n|faint|p1a: Chi-Yu\n|\n|win|corvere\u2665\n|n|\u2606SirBananington|sirbananington\n|n|\u2606corvere\u2665|corvere\n|n| PickledSausage|pickledsausage\n","uploadtime":1697674407,"views":13,"p1id":"sirbananington","p2id":"corvere","formatid":"gen9ubers","rating":0,"private":0,"password":""}