{"id":"gen9ubers-1993963716","p1":"Profesor Turo","p2":"Pickedman","format":"[Gen 9] Ubers","log":"|j|\u2606Profesor Turo\n|j|\u2606Pickedman\n|t:|1700383927\n|gametype|singles\n|player|p1|Profesor Turo|turo-ai|\n|player|p2|Pickedman|zinnia|\n|teamsize|p1|6\n|teamsize|p2|6\n|gen|9\n|tier|[Gen 9] Ubers\n|rule|Sleep Clause Mod: Limit one foe put to sleep\n|rule|Species Clause: Limit one of each Pok\u00e9mon\n|rule|OHKO Clause: OHKO moves are banned\n|rule|Evasion Items Clause: Evasion items are banned\n|rule|Evasion Moves Clause: Evasion moves are banned\n|rule|Endless Battle Clause: Forcing endless battles is banned\n|rule|HP Percentage Mod: HP is shown in percentages\n|clearpoke\n|poke|p1|Calyrex-Ice|\n|poke|p1|Dragonite, M|\n|poke|p1|Weavile, F|\n|poke|p1|Tornadus-Therian, M|\n|poke|p1|Ursaluna, F|\n|poke|p1|Graveler-Alola, M|\n|poke|p2|Milotic, F|\n|poke|p2|Samurott-Hisui, F|\n|poke|p2|Walking Wake|\n|poke|p2|Weezing-Galar, F|\n|poke|p2|Ursaluna-Bloodmoon, M|\n|poke|p2|Zoroark-Hisui, M|\n|teampreview\n|inactive|Battle timer is ON: inactive players will automatically lose when time's up. (requested by Profesor Turo)\n|c|\u2606Pickedman|yeah\n|c|\u2606Pickedman|this seems about right\n|inactive|Pickedman has 270 seconds left.\n|c|\u2606Pickedman|for both of us really\n|c|\u2606Profesor Turo|true\n|\n|t:|1700383975\n|start\n|switch|p1a: Graveler|Graveler-Alola, M|100\/100\n|switch|p2a: Walking Wake|Walking Wake|100\/100\n|turn|1\n|\n|t:|1700383980\n|move|p2a: Walking Wake|Liquidation|p1a: Graveler\n|-supereffective|p1a: Graveler\n|-damage|p1a: Graveler|32\/100\n|move|p1a: Graveler|Stealth Rock|p2a: Walking Wake\n|-sidestart|p2: Pickedman|move: Stealth Rock\n|\n|upkeep\n|turn|2\n|\n|t:|1700383985\n|move|p1a: Graveler|Protect|p1a: Graveler\n|-singleturn|p1a: Graveler|Protect\n|move|p2a: Walking Wake|Liquidation|p1a: Graveler\n|-activate|p1a: Graveler|move: Protect\n|\n|upkeep\n|turn|3\n|\n|t:|1700383991\n|move|p2a: Walking Wake|Liquidation|p1a: Graveler\n|-supereffective|p1a: Graveler\n|-damage|p1a: Graveler|0 fnt\n|faint|p1a: Graveler\n|\n|upkeep\n|\n|t:|1700384002\n|switch|p1a: Calyrex|Calyrex-Ice|100\/100\n|-ability|p1a: Calyrex|As One\n|-ability|p1a: Calyrex|Unnerve\n|turn|4\n|\n|t:|1700384011\n|-end|p2a: Walking Wake|Protosynthesis|[silent]\n|switch|p2a: Samurott|Samurott-Hisui, F|100\/100\n|move|p1a: Calyrex|Iron Defense|p1a: Calyrex\n|-boost|p1a: Calyrex|def|2\n|\n|upkeep\n|turn|5\n|\n|t:|1700384015\n|move|p2a: Samurott|Taunt|p1a: Calyrex\n|-start|p1a: Calyrex|move: Taunt\n|cant|p1a: Calyrex|move: Taunt|Calm Mind\n|\n|upkeep\n|turn|6\n|\n|t:|1700384024\n|switch|p1a: Ursaluna|Ursaluna, F|100\/100\n|move|p2a: Samurott|Dark Pulse|p1a: Ursaluna\n|-damage|p1a: Ursaluna|73\/100\n|\n|-status|p1a: Ursaluna|brn|[from] item: Flame Orb\n|upkeep\n|turn|7\n|\n|t:|1700384032\n|move|p2a: Samurott|Hydro Pump|p1a: Ursaluna|[miss]\n|-miss|p2a: Samurott|p1a: Ursaluna\n|move|p1a: Ursaluna|Metronome|p1a: Ursaluna\n|move|p1a: Ursaluna|Swagger|p2a: Samurott|[from]move: Metronome\n|-boost|p2a: Samurott|atk|2\n|-start|p2a: Samurott|confusion\n|\n|-damage|p1a: Ursaluna|67\/100 brn|[from] brn\n|upkeep\n|turn|8\n|\n|t:|1700384038\n|-activate|p2a: Samurott|confusion\n|move|p2a: Samurott|Hydro Pump|p1a: Ursaluna|[miss]\n|-miss|p2a: Samurott|p1a: Ursaluna\n|move|p1a: Ursaluna|Metronome|p1a: Ursaluna\n|move|p1a: Ursaluna|Eerie Spell|p2a: Samurott|[from]move: Metronome\n|-immune|p2a: Samurott\n|\n|-damage|p1a: Ursaluna|60\/100 brn|[from] brn\n|upkeep\n|turn|9\n|c|\u2606Pickedman|i hate this move\n|c|\u2606Pickedman|so much\n|\n|t:|1700384051\n|-activate|p2a: Samurott|confusion\n|-damage|p2a: Samurott|82\/100|[from] confusion\n|move|p1a: Ursaluna|Metronome|p1a: Ursaluna\n|move|p1a: Ursaluna|Zap Cannon|p2a: Samurott|[from]move: Metronome|[miss]\n|-miss|p1a: Ursaluna|p2a: Samurott\n|\n|-damage|p1a: Ursaluna|54\/100 brn|[from] brn\n|upkeep\n|turn|10\n|\n|t:|1700384056\n|-activate|p2a: Samurott|confusion\n|move|p2a: Samurott|Hydro Pump|p1a: Ursaluna\n|-supereffective|p1a: Ursaluna\n|-damage|p1a: Ursaluna|0 fnt\n|faint|p1a: Ursaluna\n|\n|upkeep\n|\n|t:|1700384063\n|switch|p1a: Weavile|Weavile, F|100\/100\n|turn|11\n|\n|t:|1700384070\n|-activate|p2a: Samurott|confusion\n|move|p2a: Samurott|Vacuum Wave|p1a: Weavile\n|-supereffective|p1a: Weavile\n|-damage|p1a: Weavile|34\/100\n|move|p1a: Weavile|Spite|p2a: Samurott\n|-activate|p2a: Samurott|move: Spite|Vacuum Wave|4\n|\n|upkeep\n|turn|12\n|\n|t:|1700384076\n|switch|p1a: Tornadus|Tornadus-Therian, M|100\/100\n|-end|p2a: Samurott|confusion\n|move|p2a: Samurott|Vacuum Wave|p1a: Tornadus\n|-resisted|p1a: Tornadus\n|-damage|p1a: Tornadus|94\/100\n|\n|upkeep\n|turn|13\n|\n|t:|1700384082\n|move|p2a: Samurott|Hydro Pump|p1a: Tornadus\n|-damage|p1a: Tornadus|49\/100\n|move|p1a: Tornadus|Metronome|p1a: Tornadus\n|move|p1a: Tornadus|Scary Face|p2a: Samurott|[from]move: Metronome\n|-unboost|p2a: Samurott|spe|2\n|\n|upkeep\n|turn|14\n|\n|t:|1700384088\n|move|p1a: Tornadus|U-turn|p2a: Samurott\n|-supereffective|p2a: Samurott\n|-damage|p2a: Samurott|44\/100\n|\n|t:|1700384091\n|switch|p1a: Weavile|Weavile, F|34\/100|[from] U-turn\n|move|p2a: Samurott|Hydro Pump|p1a: Weavile\n|-damage|p1a: Weavile|0 fnt\n|faint|p1a: Weavile\n|\n|upkeep\n|\n|t:|1700384093\n|switch|p1a: Tornadus|Tornadus-Therian, M|82\/100\n|turn|15\n|\n|t:|1700384096\n|move|p1a: Tornadus|Metronome|p1a: Tornadus\n|move|p1a: Tornadus|Dragon Pulse|p2a: Samurott|[from]move: Metronome\n|-damage|p2a: Samurott|9\/100\n|move|p2a: Samurott|Hydro Pump|p1a: Tornadus\n|-damage|p1a: Tornadus|9\/100\n|\n|upkeep\n|turn|16\n|\n|t:|1700384101\n|move|p2a: Samurott|Vacuum Wave|p1a: Tornadus\n|-resisted|p1a: Tornadus\n|-damage|p1a: Tornadus|4\/100\n|move|p1a: Tornadus|U-turn|p2a: Samurott\n|-supereffective|p2a: Samurott\n|-damage|p2a: Samurott|0 fnt\n|faint|p2a: Samurott\n|\n|t:|1700384103\n|switch|p1a: Dragonite|Dragonite, M|100\/100|[from] U-turn\n|\n|upkeep\n|\n|t:|1700384110\n|switch|p2a: Walking Wake|Walking Wake|100\/100\n|-damage|p2a: Walking Wake|88\/100|[from] Stealth Rock\n|turn|17\n|\n|t:|1700384115\n|move|p2a: Walking Wake|Dragon Claw|p1a: Dragonite\n|-supereffective|p1a: Dragonite\n|-damage|p1a: Dragonite|49\/100\n|move|p1a: Dragonite|Thunder Wave|p2a: Walking Wake\n|-status|p2a: Walking Wake|par\n|\n|upkeep\n|turn|18\n|\n|t:|1700384119\n|move|p1a: Dragonite|Metronome|p1a: Dragonite\n|move|p1a: Dragonite|Defend Order|p1a: Dragonite|[from]move: Metronome\n|-boost|p1a: Dragonite|def|1\n|-boost|p1a: Dragonite|spd|1\n|cant|p2a: Walking Wake|par\n|\n|upkeep\n|turn|19\n|\n|t:|1700384122\n|move|p1a: Dragonite|Roost|p1a: Dragonite\n|-heal|p1a: Dragonite|99\/100\n|-singleturn|p1a: Dragonite|move: Roost\n|move|p2a: Walking Wake|Dragon Claw|p1a: Dragonite\n|-supereffective|p1a: Dragonite\n|-damage|p1a: Dragonite|32\/100\n|\n|upkeep\n|turn|20\n|\n|t:|1700384126\n|move|p1a: Dragonite|Metronome|p1a: Dragonite\n|move|p1a: Dragonite|Infestation|p2a: Walking Wake|[from]move: Metronome\n|-damage|p2a: Walking Wake|83\/100 par\n|-activate|p2a: Walking Wake|move: Infestation|[of] p1a: Dragonite\n|move|p2a: Walking Wake|Dragon Claw|p1a: Dragonite\n|-supereffective|p1a: Dragonite\n|-damage|p1a: Dragonite|0 fnt\n|faint|p1a: Dragonite\n|\n|-end|p2a: Walking Wake|Infestation|[partiallytrapped]|[silent]\n|upkeep\n|\n|t:|1700384131\n|switch|p1a: Tornadus|Tornadus-Therian, M|37\/100\n|turn|21\n|\n|t:|1700384134\n|move|p1a: Tornadus|U-turn|p2a: Walking Wake\n|-damage|p2a: Walking Wake|68\/100 par\n|\n|t:|1700384136\n|switch|p1a: Calyrex|Calyrex-Ice|100\/100|[from] U-turn\n|-ability|p1a: Calyrex|As One\n|-ability|p1a: Calyrex|Unnerve\n|cant|p2a: Walking Wake|par\n|\n|upkeep\n|turn|22\n|\n|t:|1700384143\n|-end|p2a: Walking Wake|Protosynthesis|[silent]\n|switch|p2a: Weezing|Weezing-Galar, F|100\/100\n|-damage|p2a: Weezing|88\/100|[from] Stealth Rock\n|move|p1a: Calyrex|Iron Defense|p1a: Calyrex\n|-boost|p1a: Calyrex|def|2\n|\n|upkeep\n|turn|23\n|\n|t:|1700384153\n|-terastallize|p2a: Weezing|Ghost\n|move|p2a: Weezing|Poltergeist|p1a: Calyrex\n|-activate|p1a: Calyrex|move: Poltergeist|Leftovers\n|-supereffective|p1a: Calyrex\n|-damage|p1a: Calyrex|42\/100\n|move|p1a: Calyrex|Calm Mind|p1a: Calyrex\n|-boost|p1a: Calyrex|spa|1\n|-boost|p1a: Calyrex|spd|1\n|\n|-heal|p1a: Calyrex|48\/100|[from] item: Leftovers\n|upkeep\n|turn|24\n|\n|t:|1700384160\n|-terastallize|p1a: Calyrex|Bug\n|move|p2a: Weezing|Poltergeist|p1a: Calyrex|[miss]\n|-miss|p2a: Weezing|p1a: Calyrex\n|move|p1a: Calyrex|Metronome|p1a: Calyrex\n|move|p1a: Calyrex|Hyper Beam|p2a: Weezing|[from]move: Metronome\n|-immune|p2a: Weezing\n|\n|-heal|p1a: Calyrex|54\/100|[from] item: Leftovers\n|upkeep\n|turn|25\n|\n|t:|1700384167\n|move|p2a: Weezing|Poltergeist|p1a: Calyrex\n|-activate|p1a: Calyrex|move: Poltergeist|Leftovers\n|-damage|p1a: Calyrex|27\/100\n|move|p1a: Calyrex|Metronome|p1a: Calyrex\n|move|p1a: Calyrex|Stomp|p2a: Weezing|[from]move: Metronome\n|-immune|p2a: Weezing\n|\n|-heal|p1a: Calyrex|33\/100|[from] item: Leftovers\n|upkeep\n|turn|26\n|c|\u2606Pickedman|lmao\n|\n|t:|1700384174\n|move|p2a: Weezing|Poltergeist|p1a: Calyrex\n|-activate|p1a: Calyrex|move: Poltergeist|Leftovers\n|-damage|p1a: Calyrex|3\/100\n|move|p1a: Calyrex|Metronome|p1a: Calyrex\n|move|p1a: Calyrex|Magnet Rise|p1a: Calyrex|[from]move: Metronome\n|-start|p1a: Calyrex|Magnet Rise\n|\n|-heal|p1a: Calyrex|9\/100|[from] item: Leftovers\n|upkeep\n|turn|27\n|c|\u2606Pickedman|ggs\n|c|\u2606Profesor Turo|its so over\n|c|\u2606Profesor Turo|Gg wp\n|\n|t:|1700384193\n|move|p2a: Weezing|Poltergeist|p1a: Calyrex\n|-activate|p1a: Calyrex|move: Poltergeist|Leftovers\n|-damage|p1a: Calyrex|0 fnt\n|faint|p1a: Calyrex\n|\n|upkeep\n|\n|t:|1700384195\n|switch|p1a: Tornadus|Tornadus-Therian, M|70\/100\n|turn|28\n|\n|t:|1700384199\n|move|p2a: Weezing|Poltergeist|p1a: Tornadus\n|-activate|p1a: Tornadus|move: Poltergeist|Heavy-Duty Boots\n|-damage|p1a: Tornadus|0 fnt\n|faint|p1a: Tornadus\n|\n|win|Pickedman\n","uploadtime":1700384203,"views":21,"p1id":"profesorturo","p2id":"pickedman","formatid":"gen9ubers","rating":0,"private":0,"password":""}