{"id":"gen9ubers-1970028265","p1":"Chadwin93","p2":"mklgd","format":"[Gen 9] Ubers","log":"|j|\u2606Chadwin93\n|j|\u2606mklgd\n|t:|1697586671\n|gametype|singles\n|player|p1|Chadwin93|1|\n|player|p2|mklgd|tabitha-gen3|\n|teamsize|p1|6\n|teamsize|p2|6\n|gen|9\n|tier|[Gen 9] Ubers\n|rule|Sleep Clause Mod: Limit one foe put to sleep\n|rule|Species Clause: Limit one of each Pok\u00e9mon\n|rule|OHKO Clause: OHKO moves are banned\n|rule|Evasion Items Clause: Evasion items are banned\n|rule|Evasion Moves Clause: Evasion moves are banned\n|rule|Endless Battle Clause: Forcing endless battles is banned\n|rule|HP Percentage Mod: HP is shown in percentages\n|clearpoke\n|poke|p1|Tornadus, M|\n|poke|p1|Roaring Moon|\n|poke|p1|Kleavor, F|\n|poke|p1|Indeedee-F, F|\n|poke|p1|Ogerpon-Wellspring, F|\n|poke|p1|Zapdos|\n|poke|p2|Ogerpon-Cornerstone, F|\n|poke|p2|Tyranitar, F|\n|poke|p2|Tauros-Paldea-Aqua, M|\n|poke|p2|Forretress, M|\n|poke|p2|Gardevoir, F|\n|poke|p2|Masquerain, F|\n|teampreview\n|inactive|Battle timer is ON: inactive players will automatically lose when time's up. (requested by Chadwin93)\n|\n|t:|1697586683\n|start\n|switch|p1a: Tornadus|Tornadus, M|100\/100\n|switch|p2a: Ogerpon|Ogerpon-Cornerstone, F|100\/100\n|turn|1\n|\n|t:|1697586712\n|switch|p1a: Indeedee|Indeedee-F, F|100\/100\n|-fieldstart|move: Psychic Terrain|[from] ability: Psychic Surge|[of] p1a: Indeedee\n|move|p2a: Ogerpon|Ivy Cudgel|p1a: Indeedee\n|-damage|p1a: Indeedee|47\/100\n|\n|upkeep\n|turn|2\n|j| Willish6634\n|\n|t:|1697586727\n|move|p2a: Ogerpon|Ivy Cudgel|p1a: Indeedee\n|-damage|p1a: Indeedee|0 fnt\n|faint|p1a: Indeedee\n|\n|upkeep\n|\n|t:|1697586735\n|switch|p1a: Ogerpon|Ogerpon-Wellspring, F|100\/100\n|turn|3\n|\n|t:|1697586749\n|move|p2a: Ogerpon|Trailblaze|p1a: Ogerpon\n|-damage|p1a: Ogerpon|63\/100\n|-boost|p2a: Ogerpon|spe|1\n|move|p1a: Ogerpon|Swords Dance|p1a: Ogerpon\n|-boost|p1a: Ogerpon|atk|2\n|\n|upkeep\n|turn|4\n|j| ampharosaunt11\n|\n|t:|1697586758\n|-terastallize|p2a: Ogerpon|Rock\n|detailschange|p2a: Ogerpon|Ogerpon-Cornerstone-Tera, F, tera:Rock\n|-ability|p2a: Ogerpon|Embody Aspect (Cornerstone)|boost\n|-boost|p2a: Ogerpon|def|1\n|move|p2a: Ogerpon|Ivy Cudgel|p1a: Ogerpon\n|-damage|p1a: Ogerpon|0 fnt\n|faint|p1a: Ogerpon\n|\n|upkeep\n|\n|t:|1697586769\n|switch|p1a: Roaring Moon|Roaring Moon|100\/100\n|-enditem|p1a: Roaring Moon|Booster Energy\n|-activate|p1a: Roaring Moon|ability: Protosynthesis|[fromitem]\n|-start|p1a: Roaring Moon|protosynthesisatk\n|turn|5\n|j| trillbo\n|\n|t:|1697586778\n|move|p2a: Ogerpon|Ivy Cudgel|p1a: Roaring Moon\n|-damage|p1a: Roaring Moon|6\/100\n|move|p1a: Roaring Moon|Outrage|p2a: Ogerpon\n|-damage|p2a: Ogerpon|30\/100\n|\n|-fieldend|move: Psychic Terrain\n|upkeep\n|turn|6\n|\n|t:|1697586792\n|move|p2a: Ogerpon|Ivy Cudgel|p1a: Roaring Moon\n|-damage|p1a: Roaring Moon|0 fnt\n|faint|p1a: Roaring Moon\n|-end|p1a: Roaring Moon|Protosynthesis|[silent]\n|\n|upkeep\n|c| Willish6634|ggwp\n|\n|t:|1697586800\n|switch|p1a: Kleavor|Kleavor, F|100\/100\n|turn|7\n|c| Willish6634|its over\n|\n|t:|1697586806\n|move|p2a: Ogerpon|Ivy Cudgel|p1a: Kleavor\n|-supereffective|p1a: Kleavor\n|-enditem|p1a: Kleavor|Focus Sash\n|-damage|p1a: Kleavor|1\/100\n|move|p1a: Kleavor|Trailblaze|p2a: Ogerpon\n|-supereffective|p2a: Ogerpon\n|-damage|p2a: Ogerpon|0 fnt\n|faint|p2a: Ogerpon\n|\n|upkeep\n|\n|t:|1697586824\n|switch|p2a: Masquerain|Masquerain, F|100\/100\n|-ability|p2a: Masquerain|Intimidate|boost\n|-unboost|p1a: Kleavor|atk|1\n|turn|8\n|c| Willish6634|maybe not\n|c| Willish6634|more than likely\n|\n|t:|1697586834\n|move|p2a: Masquerain|Quiver Dance|p2a: Masquerain\n|-boost|p2a: Masquerain|spa|1\n|-boost|p2a: Masquerain|spd|1\n|-boost|p2a: Masquerain|spe|1\n|move|p1a: Kleavor|Stone Axe|p2a: Masquerain\n|-supereffective|p2a: Masquerain\n|-enditem|p2a: Masquerain|Focus Sash\n|-damage|p2a: Masquerain|1\/100\n|\n|upkeep\n|turn|9\n|\n|t:|1697586844\n|move|p2a: Masquerain|Ice Beam|p1a: Kleavor\n|-damage|p1a: Kleavor|0 fnt\n|faint|p1a: Kleavor\n|\n|upkeep\n|\n|t:|1697586854\n|switch|p1a: Zapdos|Zapdos|100\/100\n|turn|10\n|\n|t:|1697586868\n|move|p2a: Masquerain|Ice Beam|p1a: Zapdos\n|-supereffective|p1a: Zapdos\n|-damage|p1a: Zapdos|1\/100\n|move|p1a: Zapdos|Volt Switch|p2a: Masquerain\n|-supereffective|p2a: Masquerain\n|-damage|p2a: Masquerain|0 fnt\n|faint|p2a: Masquerain\n|\n|t:|1697586876\n|switch|p1a: Tornadus|Tornadus, M|100\/100|[from] Volt Switch\n|\n|upkeep\n|\n|t:|1697586881\n|switch|p2a: Tyranitar|Tyranitar, F|100\/100\n|-weather|Sandstorm|[from] ability: Sand Stream|[of] p2a: Tyranitar\n|turn|11\n|l| trillbo\n|\n|t:|1697586889\n|-terastallize|p1a: Tornadus|Grass\n|move|p1a: Tornadus|Bulk Up|p1a: Tornadus\n|-boost|p1a: Tornadus|atk|1\n|-boost|p1a: Tornadus|def|1\n|move|p2a: Tyranitar|Rock Slide|p1a: Tornadus\n|-damage|p1a: Tornadus|65\/100\n|\n|-weather|Sandstorm|[upkeep]\n|-damage|p1a: Tornadus|59\/100|[from] Sandstorm\n|upkeep\n|turn|12\n|j| trillbo\n|\n|t:|1697586901\n|move|p1a: Tornadus|Bulk Up|p1a: Tornadus\n|-boost|p1a: Tornadus|atk|1\n|-boost|p1a: Tornadus|def|1\n|move|p2a: Tyranitar|Roar|p1a: Tornadus\n|drag|p1a: Zapdos|Zapdos|1\/100\n|\n|-weather|Sandstorm|[upkeep]\n|-damage|p1a: Zapdos|0 fnt|[from] Sandstorm\n|faint|p1a: Zapdos\n|upkeep\n|-message|Chadwin93 forfeited.\n|\n|win|mklgd\n|l|\u2606Chadwin93\n|c|\u2606mklgd|ggs buddy\n|l| Willish6634\n","uploadtime":1697586921,"views":26,"p1id":"chadwin93","p2id":"mklgd","formatid":"gen9ubers","rating":0,"private":0,"password":""}