{"id":"gen9ubers-1986368821","p1":"Giiiina","p2":"RudyFo0x","format":"[Gen 9] Ubers","log":"|j|\u2606Giiiina\n|j|\u2606RudyFo0x\n|t:|1699473002\n|gametype|singles\n|player|p1|Giiiina|266|\n|player|p2|RudyFo0x|265|\n|teamsize|p1|6\n|teamsize|p2|6\n|gen|9\n|tier|[Gen 9] Ubers\n|rule|Sleep Clause Mod: Limit one foe put to sleep\n|rule|Species Clause: Limit one of each Pok\u00e9mon\n|rule|OHKO Clause: OHKO moves are banned\n|rule|Evasion Items Clause: Evasion items are banned\n|rule|Evasion Moves Clause: Evasion moves are banned\n|rule|Endless Battle Clause: Forcing endless battles is banned\n|rule|HP Percentage Mod: HP is shown in percentages\n|clearpoke\n|poke|p1|Landorus-Therian, M|\n|poke|p1|Floatzel, M|\n|poke|p1|Sandy Shocks|\n|poke|p1|Froslass, F|\n|poke|p1|Moltres|\n|poke|p1|Bellibolt, M|\n|poke|p2|Roaring Moon|\n|poke|p2|Basculegion, M|\n|poke|p2|Torkoal, M|\n|poke|p2|Great Tusk|\n|poke|p2|Bronzong|\n|poke|p2|Thundurus, M|\n|teampreview\n|j| coldgiga\n|j| Karpsy\n|\n|t:|1699473018\n|start\n|switch|p1a: ultra help|Bellibolt, M|100\/100\n|switch|p2a: 50\/50|Bronzong|100\/100\n|turn|1\n|j| thesunthesunthesun\n|\n|t:|1699473045\n|move|p1a: ultra help|Sucker Punch||[still]\n|-fail|p1a: ultra help\n|move|p2a: 50\/50|Stealth Rock|p1a: ultra help\n|-sidestart|p1: Giiiina|move: Stealth Rock\n|\n|upkeep\n|turn|2\n|\n|t:|1699473062\n|move|p1a: ultra help|Thunder Wave|p2a: 50\/50\n|-status|p2a: 50\/50|par\n|move|p2a: 50\/50|Earthquake|p1a: ultra help\n|-supereffective|p1a: ultra help\n|-damage|p1a: ultra help|61\/100\n|-start|p1a: ultra help|Charge|Earthquake|[from] ability: Electromorphosis\n|\n|-heal|p1a: ultra help|67\/100|[from] item: Leftovers\n|upkeep\n|turn|3\n|\n|t:|1699473076\n|switch|p1a: help|Landorus-Therian, M|100\/100\n|-damage|p1a: help|88\/100|[from] Stealth Rock\n|-ability|p1a: help|Intimidate|boost\n|-unboost|p2a: 50\/50|atk|1\n|cant|p2a: 50\/50|par\n|\n|-heal|p1a: help|94\/100|[from] item: Leftovers\n|upkeep\n|turn|4\n|\n|t:|1699473112\n|move|p1a: help|U-turn|p2a: 50\/50\n|-damage|p2a: 50\/50|80\/100 par\n|\n|t:|1699473138\n|switch|p1a: HeLp|Froslass, F|100\/100|[from] U-turn\n|-damage|p1a: HeLp|76\/100|[from] Stealth Rock\n|move|p2a: 50\/50|Ice Spinner|p1a: HeLp\n|-resisted|p1a: HeLp\n|-damage|p1a: HeLp|69\/100\n|\n|-heal|p1a: HeLp|75\/100|[from] item: Leftovers\n|upkeep\n|turn|5\n|\n|t:|1699473161\n|move|p1a: HeLp|Shadow Ball|p2a: 50\/50\n|-supereffective|p2a: 50\/50\n|-damage|p2a: 50\/50|42\/100 par\n|cant|p2a: 50\/50|par\n|\n|-heal|p1a: HeLp|81\/100|[from] item: Leftovers\n|upkeep\n|turn|6\n|\n|t:|1699473178\n|switch|p2a: Best of boys|Torkoal, M|100\/100\n|move|p1a: HeLp|Shadow Ball|p2a: Best of boys\n|-damage|p2a: Best of boys|58\/100\n|\n|-heal|p1a: HeLp|87\/100|[from] item: Leftovers\n|upkeep\n|turn|7\n|\n|t:|1699473258\n|switch|p1a: Help|Floatzel, M|100\/100\n|-damage|p1a: Help|88\/100|[from] Stealth Rock\n|switch|p2a: Knocked off|Roaring Moon|100\/100\n|-enditem|p2a: Knocked off|Booster Energy\n|-activate|p2a: Knocked off|ability: Protosynthesis|[fromitem]\n|-start|p2a: Knocked off|protosynthesisatk\n|\n|upkeep\n|turn|8\n|\n|t:|1699473281\n|move|p2a: Knocked off|Draco Meteor|p1a: Help\n|-damage|p1a: Help|36\/100\n|-unboost|p2a: Knocked off|spa|2\n|move|p1a: Help|Ice Spinner|p2a: Knocked off\n|-supereffective|p2a: Knocked off\n|-damage|p2a: Knocked off|0 fnt\n|faint|p2a: Knocked off\n|-end|p2a: Knocked off|Protosynthesis|[silent]\n|\n|upkeep\n|\n|t:|1699473296\n|switch|p2a: Best of boys|Torkoal, M|58\/100\n|turn|9\n|\n|t:|1699473327\n|switch|p1a: help|Landorus-Therian, M|94\/100\n|-damage|p1a: help|82\/100|[from] Stealth Rock\n|-ability|p1a: help|Intimidate|boost\n|-fail|p2a: Best of boys|unboost|[from] ability: White Smoke|[of] p2a: Best of boys\n|-terastallize|p2a: Best of boys|Water\n|move|p2a: Best of boys|Solar Beam||[still]\n|-prepare|p2a: Best of boys|Solar Beam\n|\n|-heal|p1a: help|88\/100|[from] item: Leftovers\n|upkeep\n|turn|10\n|\n|t:|1699473354\n|move|p1a: help|U-turn|p2a: Best of boys\n|-damage|p2a: Best of boys|46\/100\n|\n|t:|1699473357\n|switch|p1a: ultra help|Bellibolt, M|67\/100|[from] U-turn\n|-damage|p1a: ultra help|55\/100|[from] Stealth Rock\n|move|p2a: Best of boys|Solar Beam|p1a: ultra help|[from]lockedmove\n|-damage|p1a: ultra help|33\/100\n|-start|p1a: ultra help|Charge|Solar Beam|[from] ability: Electromorphosis\n|\n|-heal|p1a: ultra help|39\/100|[from] item: Leftovers\n|upkeep\n|turn|11\n|\n|t:|1699473375\n|switch|p2a: Phanphie|Great Tusk|100\/100\n|-enditem|p2a: Phanphie|Booster Energy\n|-activate|p2a: Phanphie|ability: Protosynthesis|[fromitem]\n|-start|p2a: Phanphie|protosynthesisatk\n|move|p1a: ultra help|Thunderbolt|p2a: Phanphie\n|-immune|p2a: Phanphie\n|-end|p1a: ultra help|Charge|[silent]\n|\n|-heal|p1a: ultra help|45\/100|[from] item: Leftovers\n|upkeep\n|turn|12\n|\n|t:|1699473425\n|switch|p1a: help|Landorus-Therian, M|88\/100\n|-damage|p1a: help|76\/100|[from] Stealth Rock\n|-ability|p1a: help|Intimidate|boost\n|-unboost|p2a: Phanphie|atk|1\n|move|p2a: Phanphie|Earthquake|p1a: help\n|-immune|p1a: help\n|\n|-heal|p1a: help|82\/100|[from] item: Leftovers\n|upkeep\n|turn|13\n|\n|t:|1699473449\n|move|p1a: help|Sludge Bomb|p2a: Phanphie\n|-resisted|p2a: Phanphie\n|-damage|p2a: Phanphie|82\/100\n|move|p2a: Phanphie|Ice Spinner|p1a: help\n|-supereffective|p1a: help\n|-damage|p1a: help|0 fnt\n|faint|p1a: help\n|\n|upkeep\n|\n|t:|1699473469\n|switch|p1a: HeLp|Froslass, F|87\/100\n|-damage|p1a: HeLp|62\/100|[from] Stealth Rock\n|turn|14\n|\n|t:|1699473489\n|move|p1a: HeLp|Ice Beam|p2a: Phanphie\n|-supereffective|p2a: Phanphie\n|-damage|p2a: Phanphie|0 fnt\n|faint|p2a: Phanphie\n|-end|p2a: Phanphie|Protosynthesis|[silent]\n|\n|-heal|p1a: HeLp|68\/100|[from] item: Leftovers\n|upkeep\n|\n|t:|1699473517\n|switch|p2a: Floaterer|Thundurus, M|100\/100\n|turn|15\n|\n|t:|1699473538\n|move|p2a: Floaterer|Thunder Wave|p1a: HeLp\n|-status|p1a: HeLp|par\n|move|p1a: HeLp|Ice Beam|p2a: Floaterer\n|-supereffective|p2a: Floaterer\n|-damage|p2a: Floaterer|4\/100\n|\n|-heal|p1a: HeLp|74\/100 par|[from] item: Leftovers\n|upkeep\n|turn|16\n|\n|t:|1699473556\n|switch|p2a: Swim Fast|Basculegion, M|100\/100\n|move|p1a: HeLp|Shadow Ball|p2a: Swim Fast\n|-supereffective|p2a: Swim Fast\n|-damage|p2a: Swim Fast|34\/100\n|\n|-heal|p1a: HeLp|81\/100 par|[from] item: Leftovers\n|upkeep\n|turn|17\n|\n|t:|1699473589\n|switch|p1a: HELLLLLLPPPPP|Sandy Shocks|100\/100\n|-damage|p1a: HELLLLLLPPPPP|94\/100|[from] Stealth Rock\n|-enditem|p1a: HELLLLLLPPPPP|Booster Energy\n|-activate|p1a: HELLLLLLPPPPP|ability: Protosynthesis|[fromitem]\n|-start|p1a: HELLLLLLPPPPP|protosynthesisspa\n|move|p2a: Swim Fast|Shadow Ball|p1a: HELLLLLLPPPPP\n|-damage|p1a: HELLLLLLPPPPP|61\/100\n|-unboost|p1a: HELLLLLLPPPPP|spd|1\n|\n|upkeep\n|turn|18\n|j| FigurativeIQ\n|\n|t:|1699473620\n|switch|p2a: Best of boys|Torkoal, M, tera:Water|46\/100\n|move|p1a: HELLLLLLPPPPP|Thunderbolt|p2a: Best of boys\n|-supereffective|p2a: Best of boys\n|-damage|p2a: Best of boys|0 fnt\n|faint|p2a: Best of boys\n|\n|upkeep\n|\n|t:|1699473631\n|switch|p2a: 50\/50|Bronzong|42\/100 par\n|turn|19\n|\n|t:|1699473653\n|-end|p1a: HELLLLLLPPPPP|Protosynthesis|[silent]\n|switch|p1a: help?|Moltres|100\/100\n|-damage|p1a: help?|50\/100|[from] Stealth Rock\n|move|p2a: 50\/50|Ice Spinner|p1a: help?\n|-damage|p1a: help?|33\/100\n|\n|-heal|p1a: help?|40\/100|[from] item: Leftovers\n|upkeep\n|turn|20\n|\n|t:|1699473702\n|move|p1a: help?|Flamethrower|p2a: 50\/50\n|-supereffective|p2a: 50\/50\n|-enditem|p2a: 50\/50|Occa Berry|[eat]\n|-enditem|p2a: 50\/50|Occa Berry|[weaken]\n|-damage|p2a: 50\/50|15\/100 par\n|move|p2a: 50\/50|Ice Spinner|p1a: help?\n|-damage|p1a: help?|22\/100\n|\n|-heal|p1a: help?|29\/100|[from] item: Leftovers\n|upkeep\n|turn|21\n|\n|t:|1699473724\n|switch|p2a: Swim Fast|Basculegion, M|34\/100\n|move|p1a: help?|Flamethrower|p2a: Swim Fast\n|-resisted|p2a: Swim Fast\n|-damage|p2a: Swim Fast|12\/100\n|\n|-heal|p1a: help?|35\/100|[from] item: Leftovers\n|upkeep\n|turn|22\n|\n|t:|1699473761\n|switch|p1a: ultra help|Bellibolt, M|45\/100\n|-damage|p1a: ultra help|33\/100|[from] Stealth Rock\n|move|p2a: Swim Fast|Shadow Ball|p1a: ultra help\n|-damage|p1a: ultra help|4\/100\n|-unboost|p1a: ultra help|spd|1\n|-start|p1a: ultra help|Charge|Shadow Ball|[from] ability: Electromorphosis\n|\n|-heal|p1a: ultra help|10\/100|[from] item: Leftovers\n|upkeep\n|turn|23\n|\n|t:|1699473794\n|switch|p1a: HELLLLLLPPPPP|Sandy Shocks|61\/100\n|-damage|p1a: HELLLLLLPPPPP|55\/100|[from] Stealth Rock\n|move|p2a: Swim Fast|Shadow Ball|p1a: HELLLLLLPPPPP\n|-damage|p1a: HELLLLLLPPPPP|23\/100\n|\n|upkeep\n|turn|24\n|\n|t:|1699473820\n|move|p2a: Swim Fast|Shadow Ball|p1a: HELLLLLLPPPPP\n|-damage|p1a: HELLLLLLPPPPP|0 fnt\n|faint|p1a: HELLLLLLPPPPP\n|-end|p1a: HELLLLLLPPPPP|Protosynthesis|[silent]\n|\n|upkeep\n|j| SmiCat\n|\n|t:|1699473860\n|switch|p1a: ultra help|Bellibolt, M|10\/100\n|-damage|p1a: ultra help|0 fnt|[from] Stealth Rock\n|faint|p1a: ultra help\n|\n|t:|1699473873\n|switch|p1a: HeLp|Froslass, F|81\/100 par\n|-damage|p1a: HeLp|56\/100 par|[from] Stealth Rock\n|turn|25\n|\n|t:|1699473879\n|move|p2a: Swim Fast|Shadow Ball|p1a: HeLp\n|-supereffective|p1a: HeLp\n|-crit|p1a: HeLp\n|-damage|p1a: HeLp|0 fnt\n|faint|p1a: HeLp\n|\n|upkeep\n|\n|t:|1699473889\n|switch|p1a: Help|Floatzel, M|36\/100\n|-damage|p1a: Help|24\/100|[from] Stealth Rock\n|turn|26\n|\n|t:|1699473908\n|move|p1a: Help|Aqua Jet|p2a: Swim Fast\n|-resisted|p2a: Swim Fast\n|-damage|p2a: Swim Fast|0 fnt\n|faint|p2a: Swim Fast\n|\n|upkeep\n|\n|t:|1699473914\n|switch|p2a: Floaterer|Thundurus, M|4\/100\n|turn|27\n|\n|t:|1699473926\n|move|p1a: Help|Aqua Jet|p2a: Floaterer\n|-crit|p2a: Floaterer\n|-damage|p2a: Floaterer|0 fnt\n|faint|p2a: Floaterer\n|\n|upkeep\n|\n|t:|1699473931\n|switch|p2a: 50\/50|Bronzong|15\/100 par\n|turn|28\n|\n|t:|1699473970\n|move|p1a: Help|Aqua Jet|p2a: 50\/50\n|-damage|p2a: 50\/50|0 fnt\n|faint|p2a: 50\/50\n|\n|win|Giiiina\n|l|\u2606Giiiina\n","uploadtime":1699473982,"views":6,"p1id":"giiiina","p2id":"rudyfo0x","formatid":"gen9ubers","rating":0,"private":0,"password":""}