{"id":"gen9ubers-1983581803","p1":"Bahia_15657","p2":"Ekkogandr","format":"[Gen 9] Ubers","log":"|j|\u2606Bahia_15657\n|j|\u2606Ekkogandr\n|t:|1699145835\n|gametype|singles\n|player|p1|Bahia_15657|steven|1040\n|player|p2|Ekkogandr|turo-ai|1121\n|teamsize|p1|6\n|teamsize|p2|6\n|gen|9\n|tier|[Gen 9] Ubers\n|rated|\n|rule|Sleep Clause Mod: Limit one foe put to sleep\n|rule|Species Clause: Limit one of each Pok\u00e9mon\n|rule|OHKO Clause: OHKO moves are banned\n|rule|Evasion Items Clause: Evasion items are banned\n|rule|Evasion Moves Clause: Evasion moves are banned\n|rule|Endless Battle Clause: Forcing endless battles is banned\n|rule|HP Percentage Mod: HP is shown in percentages\n|clearpoke\n|poke|p1|Ribombee, F|\n|poke|p1|Ninetales-Alola, M|\n|poke|p1|Samurott-Hisui, F|\n|poke|p1|Zamazenta-*|\n|poke|p1|Chandelure, M|\n|poke|p1|Tornadus-Therian, M|\n|poke|p2|Koraidon|\n|poke|p2|Zacian-*|\n|poke|p2|Flutter Mane|\n|poke|p2|Ting-Lu|\n|poke|p2|Skeledirge, F|\n|poke|p2|Arceus|\n|teampreview\n|inactive|Battle timer is ON: inactive players will automatically lose when time's up. (requested by Bahia_15657)\n|\n|t:|1699145845\n|start\n|switch|p1a: Samurott|Samurott-Hisui, F|100\/100\n|switch|p2a: Ting-Lu|Ting-Lu|100\/100\n|-ability|p2a: Ting-Lu|Vessel of Ruin\n|turn|1\n|\n|t:|1699145853\n|move|p1a: Samurott|Ceaseless Edge|p2a: Ting-Lu\n|-resisted|p2a: Ting-Lu\n|-damage|p2a: Ting-Lu|87\/100\n|-sidestart|p2: Ekkogandr|Spikes\n|move|p2a: Ting-Lu|Whirlwind|p1a: Samurott\n|drag|p1a: Chandelure|Chandelure, M|100\/100\n|\n|-heal|p2a: Ting-Lu|93\/100|[from] item: Leftovers\n|upkeep\n|turn|2\n|\n|t:|1699145865\n|move|p1a: Chandelure|Fire Blast|p2a: Ting-Lu\n|-damage|p2a: Ting-Lu|65\/100\n|move|p2a: Ting-Lu|Spikes|p1a: Chandelure\n|-sidestart|p1: Bahia_15657|Spikes\n|\n|-heal|p2a: Ting-Lu|71\/100|[from] item: Leftovers\n|upkeep\n|turn|3\n|\n|t:|1699145877\n|switch|p1a: Samurott|Samurott-Hisui, F|100\/100\n|-damage|p1a: Samurott|88\/100|[from] Spikes\n|move|p2a: Ting-Lu|Earthquake|p1a: Samurott\n|-damage|p1a: Samurott|42\/100\n|\n|-heal|p2a: Ting-Lu|78\/100|[from] item: Leftovers\n|upkeep\n|turn|4\n|\n|t:|1699145888\n|-terastallize|p1a: Samurott|Water\n|move|p1a: Samurott|Aqua Cutter|p2a: Ting-Lu\n|-supereffective|p2a: Ting-Lu\n|-damage|p2a: Ting-Lu|0 fnt\n|faint|p2a: Ting-Lu\n|\n|upkeep\n|\n|t:|1699145896\n|switch|p2a: Koraidon|Koraidon|100\/100\n|-damage|p2a: Koraidon|88\/100|[from] Spikes\n|-weather|SunnyDay|[from] ability: Orichalcum Pulse|[of] p2a: Koraidon\n|-activate|p2a: Koraidon|Orichalcum Pulse|[source]\n|turn|5\n|\n|t:|1699145902\n|move|p2a: Koraidon|Swords Dance|p2a: Koraidon\n|-boost|p2a: Koraidon|atk|2\n|move|p1a: Samurott|Ceaseless Edge|p2a: Koraidon\n|-resisted|p2a: Koraidon\n|-crit|p2a: Koraidon\n|-damage|p2a: Koraidon|57\/100\n|-sidestart|p2: Ekkogandr|Spikes\n|\n|-weather|SunnyDay|[upkeep]\n|upkeep\n|turn|6\n|\n|t:|1699145913\n|move|p2a: Koraidon|Scale Shot|p1a: Samurott\n|-damage|p1a: Samurott|0 fnt\n|faint|p1a: Samurott\n|-hitcount|p1: Samurott|1\n|-unboost|p2a: Koraidon|def|1\n|-boost|p2a: Koraidon|spe|1\n|\n|-weather|SunnyDay|[upkeep]\n|upkeep\n|\n|t:|1699145922\n|switch|p1a: Tornadus|Tornadus-Therian, M|100\/100\n|turn|7\n|\n|t:|1699145931\n|move|p2a: Koraidon|Scale Shot|p1a: Tornadus|[miss]\n|-miss|p2a: Koraidon|p1a: Tornadus\n|move|p1a: Tornadus|Bleakwind Storm|p2a: Koraidon\n|-supereffective|p2a: Koraidon\n|-damage|p2a: Koraidon|0 fnt\n|faint|p2a: Koraidon\n|\n|-weather|SunnyDay|[upkeep]\n|upkeep\n|\n|t:|1699145939\n|switch|p2a: Flutter Mane|Flutter Mane|100\/100\n|-damage|p2a: Flutter Mane|84\/100|[from] Spikes\n|-activate|p2a: Flutter Mane|ability: Protosynthesis\n|-start|p2a: Flutter Mane|protosynthesisspe\n|turn|8\n|\n|t:|1699145946\n|move|p2a: Flutter Mane|Calm Mind|p2a: Flutter Mane\n|-boost|p2a: Flutter Mane|spa|1\n|-boost|p2a: Flutter Mane|spd|1\n|move|p1a: Tornadus|Tailwind|p1a: Tornadus\n|-sidestart|p1: Bahia_15657|move: Tailwind\n|\n|-weather|SunnyDay|[upkeep]\n|upkeep\n|turn|9\n|\n|t:|1699145954\n|move|p1a: Tornadus|Taunt|p2a: Flutter Mane\n|-start|p2a: Flutter Mane|move: Taunt\n|move|p2a: Flutter Mane|Moonblast|p1a: Tornadus\n|-damage|p1a: Tornadus|13\/100\n|\n|-weather|none\n|-end|p2a: Flutter Mane|Protosynthesis\n|upkeep\n|-enditem|p2a: Flutter Mane|Booster Energy\n|-activate|p2a: Flutter Mane|ability: Protosynthesis|[fromitem]\n|-start|p2a: Flutter Mane|protosynthesisspa\n|turn|10\n|\n|t:|1699145967\n|move|p1a: Tornadus|Bleakwind Storm|p2a: Flutter Mane\n|-damage|p2a: Flutter Mane|54\/100\n|move|p2a: Flutter Mane|Moonblast|p1a: Tornadus\n|-damage|p1a: Tornadus|0 fnt\n|faint|p1a: Tornadus\n|\n|upkeep\n|\n|t:|1699145976\n|switch|p1a: Zamazenta|Zamazenta-Crowned|100\/100\n|-damage|p1a: Zamazenta|88\/100|[from] Spikes\n|-ability|p1a: Zamazenta|Dauntless Shield|boost\n|-boost|p1a: Zamazenta|def|1\n|turn|11\n|\n|t:|1699145983\n|move|p1a: Zamazenta|Behemoth Bash|p2a: Flutter Mane\n|-supereffective|p2a: Flutter Mane\n|-damage|p2a: Flutter Mane|0 fnt\n|faint|p2a: Flutter Mane\n|-end|p2a: Flutter Mane|Protosynthesis|[silent]\n|\n|-sideend|p1: Bahia_15657|move: Tailwind\n|upkeep\n|\n|t:|1699145988\n|switch|p2a: Skeledirge|Skeledirge, F|100\/100\n|turn|12\n|\n|t:|1699145992\n|move|p1a: Zamazenta|Crunch|p2a: Skeledirge\n|-supereffective|p2a: Skeledirge\n|-damage|p2a: Skeledirge|71\/100\n|-unboost|p2a: Skeledirge|def|1\n|move|p2a: Skeledirge|Hex|p1a: Zamazenta\n|-damage|p1a: Zamazenta|70\/100\n|\n|upkeep\n|turn|13\n|\n|t:|1699146001\n|move|p1a: Zamazenta|Crunch|p2a: Skeledirge\n|-supereffective|p2a: Skeledirge\n|-damage|p2a: Skeledirge|26\/100\n|move|p2a: Skeledirge|Torch Song|p1a: Zamazenta\n|-supereffective|p1a: Zamazenta\n|-damage|p1a: Zamazenta|27\/100\n|-boost|p2a: Skeledirge|spa|1\n|\n|upkeep\n|turn|14\n|\n|t:|1699146011\n|switch|p2a: Zacian|Zacian-Crowned|100\/100\n|-damage|p2a: Zacian|84\/100|[from] Spikes\n|-ability|p2a: Zacian|Intrepid Sword|boost\n|-boost|p2a: Zacian|atk|1\n|move|p1a: Zamazenta|Crunch|p2a: Zacian\n|-resisted|p2a: Zacian\n|-damage|p2a: Zacian|72\/100\n|\n|upkeep\n|turn|15\n|\n|t:|1699146022\n|-terastallize|p2a: Zacian|Fire\n|move|p2a: Zacian|Tera Blast|p1a: Zamazenta|[anim] Tera Blast Fire\n|-supereffective|p1a: Zamazenta\n|-damage|p1a: Zamazenta|0 fnt\n|faint|p1a: Zamazenta\n|\n|upkeep\n|\n|t:|1699146029\n|switch|p1a: Chandelure|Chandelure, M|100\/100\n|-damage|p1a: Chandelure|88\/100|[from] Spikes\n|turn|16\n|\n|t:|1699146035\n|move|p2a: Zacian|Play Rough|p1a: Chandelure\n|-resisted|p1a: Chandelure\n|-damage|p1a: Chandelure|37\/100\n|move|p1a: Chandelure|Shadow Ball|p2a: Zacian\n|-damage|p2a: Zacian|27\/100\n|\n|upkeep\n|turn|17\n|\n|t:|1699146044\n|move|p2a: Zacian|Play Rough|p1a: Chandelure|[miss]\n|-miss|p2a: Zacian|p1a: Chandelure\n|move|p1a: Chandelure|Shadow Ball|p2a: Zacian\n|-damage|p2a: Zacian|0 fnt\n|faint|p2a: Zacian\n|\n|upkeep\n|\n|t:|1699146048\n|switch|p2a: Skeledirge|Skeledirge, F|26\/100\n|turn|18\n|\n|t:|1699146056\n|switch|p1a: Ribombee|Ribombee, F|100\/100\n|-damage|p1a: Ribombee|88\/100|[from] Spikes\n|move|p2a: Skeledirge|Hex|p1a: Ribombee\n|-damage|p1a: Ribombee|43\/100\n|\n|upkeep\n|turn|19\n|\n|t:|1699146064\n|move|p1a: Ribombee|Moonblast|p2a: Skeledirge\n|-resisted|p2a: Skeledirge\n|-damage|p2a: Skeledirge|4\/100\n|-unboost|p2a: Skeledirge|spa|1\n|move|p2a: Skeledirge|Torch Song|p1a: Ribombee\n|-supereffective|p1a: Ribombee\n|-damage|p1a: Ribombee|0 fnt\n|-boost|p2a: Skeledirge|spa|1\n|faint|p1a: Ribombee\n|\n|upkeep\n|\n|t:|1699146076\n|switch|p1a: Chandelure|Chandelure, M|37\/100\n|-damage|p1a: Chandelure|24\/100|[from] Spikes\n|turn|20\n|\n|t:|1699146081\n|move|p1a: Chandelure|Fire Blast|p2a: Skeledirge\n|-resisted|p2a: Skeledirge\n|-damage|p2a: Skeledirge|0 fnt\n|faint|p2a: Skeledirge\n|\n|upkeep\n|\n|t:|1699146083\n|switch|p2a: Arceus|Arceus|100\/100\n|-damage|p2a: Arceus|84\/100|[from] Spikes\n|turn|21\n|\n|t:|1699146090\n|move|p1a: Chandelure|Fire Blast|p2a: Arceus\n|-damage|p2a: Arceus|41\/100\n|move|p2a: Arceus|Shadow Claw|p1a: Chandelure\n|-supereffective|p1a: Chandelure\n|-damage|p1a: Chandelure|0 fnt\n|faint|p1a: Chandelure\n|\n|upkeep\n|\n|t:|1699146099\n|switch|p1a: Ninetales|Ninetales-Alola, M|100\/100\n|-weather|Snow|[from] ability: Snow Warning|[of] p1a: Ninetales\n|turn|22\n|\n|t:|1699146109\n|move|p1a: Ninetales|Moonblast|p2a: Arceus\n|-damage|p2a: Arceus|16\/100\n|move|p2a: Arceus|Swords Dance|p2a: Arceus\n|-boost|p2a: Arceus|atk|2\n|\n|-weather|Snow|[upkeep]\n|upkeep\n|turn|23\n|\n|t:|1699146117\n|move|p2a: Arceus|Extreme Speed|p1a: Ninetales\n|-damage|p1a: Ninetales|0 fnt\n|faint|p1a: Ninetales\n|\n|win|Ekkogandr\n|raw|Bahia_15657's rating: 1040 &rarr; <strong>1028<\/strong><br \/>(-12 for losing)\n|raw|Ekkogandr's rating: 1121 &rarr; <strong>1140<\/strong><br \/>(+19 for winning)\n|l|\u2606Bahia_15657\n","uploadtime":1699146127,"views":9,"p1id":"bahia15657","p2id":"ekkogandr","formatid":"gen9ubers","rating":1028,"private":0,"password":""}