{"id":"gen9ubers-1987239458","p1":"Finchely","p2":"Akro Agency","format":"[Gen 9] Ubers","log":"|j|\u2606Finchely\n|j|\u2606Akro Agency\n|t:|1699568376\n|gametype|singles\n|player|p1|Finchely|acetrainerf|\n|player|p2|Akro Agency|caitlin|\n|teamsize|p1|6\n|teamsize|p2|6\n|gen|9\n|tier|[Gen 9] Ubers\n|rule|Sleep Clause Mod: Limit one foe put to sleep\n|rule|Species Clause: Limit one of each Pok\u00e9mon\n|rule|OHKO Clause: OHKO moves are banned\n|rule|Evasion Items Clause: Evasion items are banned\n|rule|Evasion Moves Clause: Evasion moves are banned\n|rule|Endless Battle Clause: Forcing endless battles is banned\n|rule|HP Percentage Mod: HP is shown in percentages\n|clearpoke\n|poke|p1|Slowking-Galar, M|\n|poke|p1|Palkia-Origin|\n|poke|p1|Dragapult, M|\n|poke|p1|Cyclizar, F|\n|poke|p1|Clefable, F|\n|poke|p1|Arceus-Dark|\n|poke|p2|Palafin, M|\n|poke|p2|Cyclizar, M|\n|poke|p2|Magearna|\n|poke|p2|Ninetales-Alola, M|\n|poke|p2|Sneasler, M|\n|poke|p2|Chi-Yu|\n|teampreview\n|c|\u2606Finchely|Glhf\n|\n|t:|1699568393\n|start\n|switch|p1a: Slowking|Slowking-Galar, M|100\/100\n|switch|p2a: band bot|Palafin, M|100\/100\n|turn|1\n|\n|t:|1699568400\n|move|p2a: band bot|Flip Turn|p1a: Slowking\n|-damage|p1a: Slowking|77\/100\n|\n|t:|1699568411\n|detailschange|p2a: band bot|Palafin-Hero, M\n|switch|p2a: shed tail bot|Cyclizar, M|100\/100|[from] Flip Turn\n|move|p1a: Slowking|Future Sight|p2a: shed tail bot\n|-start|p1a: Slowking|move: Future Sight\n|\n|upkeep\n|turn|2\n|\n|t:|1699568421\n|move|p2a: shed tail bot|Knock Off|p1a: Slowking\n|-supereffective|p1a: Slowking\n|-damage|p1a: Slowking|46\/100\n|-enditem|p1a: Slowking|Heavy-Duty Boots|[from] move: Knock Off|[of] p2a: shed tail bot\n|move|p1a: Slowking|Chilly Reception|p1a: Slowking\n|-weather|Snow\n|\n|t:|1699568428\n|switch|p1a: Dragapult|Dragapult, M|100\/100|[from] Chilly Reception\n|\n|-weather|Snow|[upkeep]\n|upkeep\n|turn|3\n|\n|t:|1699568442\n|switch|p2a: veil bot|Ninetales-Alola, M, shiny|100\/100\n|move|p1a: Dragapult|U-turn|p2a: veil bot\n|-resisted|p2a: veil bot\n|-damage|p2a: veil bot|93\/100\n|\n|t:|1699568451\n|switch|p1a: Palkia|Palkia-Origin|100\/100|[from] U-turn\n|-ability|p1a: Palkia|Pressure\n|\n|-weather|Snow|[upkeep]\n|-end|p2a: veil bot|move: Future Sight\n|-damage|p2a: veil bot|46\/100\n|upkeep\n|turn|4\n|\n|t:|1699568480\n|move|p1a: Palkia|Surf|p2a: veil bot\n|-damage|p2a: veil bot|0 fnt\n|faint|p2a: veil bot\n|\n|-weather|Snow|[upkeep]\n|upkeep\n|\n|t:|1699568488\n|switch|p2a: shed tail bot|Cyclizar, M|100\/100\n|turn|5\n|\n|t:|1699568495\n|move|p2a: shed tail bot|Shed Tail|p2a: shed tail bot\n|-start|p2a: shed tail bot|Substitute|[from] move: Shed Tail\n|-damage|p2a: shed tail bot|50\/100\n|\n|t:|1699568499\n|switch|p2a: literal bot|Magearna|100\/100|[from] Shed Tail\n|move|p1a: Palkia|Earth Power|p2a: literal bot\n|-supereffective|p2a: literal bot\n|-end|p2a: literal bot|Substitute\n|\n|-weather|Snow|[upkeep]\n|upkeep\n|turn|6\n|\n|t:|1699568512\n|switch|p1a: Slowking|Slowking-Galar, M|79\/100\n|move|p2a: literal bot|Shift Gear|p2a: literal bot\n|-boost|p2a: literal bot|spe|2\n|-boost|p2a: literal bot|atk|1\n|\n|-weather|none\n|upkeep\n|turn|7\n|\n|t:|1699568523\n|move|p2a: literal bot|Calm Mind|p2a: literal bot\n|-boost|p2a: literal bot|spa|1\n|-boost|p2a: literal bot|spd|1\n|move|p1a: Slowking|Thunder Wave|p2a: literal bot\n|-status|p2a: literal bot|par\n|\n|upkeep\n|turn|8\n|\n|t:|1699568529\n|cant|p2a: literal bot|par\n|move|p1a: Slowking|Chilly Reception|p1a: Slowking\n|-weather|Snow\n|\n|t:|1699568566\n|switch|p1a: Clefable|Clefable, F|100\/100|[from] Chilly Reception\n|\n|-weather|Snow|[upkeep]\n|upkeep\n|turn|9\n|\n|t:|1699568580\n|cant|p2a: literal bot|par\n|move|p1a: Clefable|Calm Mind|p1a: Clefable\n|-boost|p1a: Clefable|spa|1\n|-boost|p1a: Clefable|spd|1\n|\n|-weather|Snow|[upkeep]\n|upkeep\n|turn|10\n|c|\u2606Akro Agency|bruh\n|\n|t:|1699568591\n|move|p2a: literal bot|Stored Power|p1a: Clefable\n|-damage|p1a: Clefable|81\/100\n|move|p1a: Clefable|Calm Mind|p1a: Clefable\n|-boost|p1a: Clefable|spa|1\n|-boost|p1a: Clefable|spd|1\n|\n|-weather|Snow|[upkeep]\n|upkeep\n|turn|11\n|\n|t:|1699568606\n|switch|p2a: band bot|Palafin-Hero, M|100\/100\n|-activate|p2a: band bot|ability: Zero to Hero\n|move|p1a: Clefable|Calm Mind|p1a: Clefable\n|-boost|p1a: Clefable|spa|1\n|-boost|p1a: Clefable|spd|1\n|\n|-weather|Snow|[upkeep]\n|upkeep\n|turn|12\n|\n|t:|1699568616\n|move|p1a: Clefable|Protect|p1a: Clefable\n|-singleturn|p1a: Clefable|Protect\n|move|p2a: band bot|Wave Crash|p1a: Clefable\n|-activate|p1a: Clefable|move: Protect\n|\n|-weather|none\n|upkeep\n|turn|13\n|\n|t:|1699568631\n|switch|p1a: Palkia|Palkia-Origin|100\/100\n|-ability|p1a: Palkia|Pressure\n|move|p2a: band bot|Wave Crash|p1a: Palkia\n|-resisted|p1a: Palkia\n|-damage|p1a: Palkia|69\/100\n|-damage|p2a: band bot|92\/100|[from] Recoil\n|\n|upkeep\n|turn|14\n|\n|t:|1699568660\n|switch|p2a: shed tail bot|Cyclizar, M|84\/100\n|move|p1a: Palkia|Earth Power|p2a: shed tail bot\n|-damage|p2a: shed tail bot|33\/100\n|\n|upkeep\n|turn|15\n|\n|t:|1699568697\n|switch|p2a: dire claw hax bot|Sneasler, M|100\/100\n|-item|p2a: dire claw hax bot|Air Balloon\n|switch|p1a: Slowking|Slowking-Galar, M|100\/100\n|\n|upkeep\n|turn|16\n|\n|t:|1699568708\n|-terastallize|p2a: dire claw hax bot|Ground\n|move|p2a: dire claw hax bot|Swords Dance|p2a: dire claw hax bot\n|-boost|p2a: dire claw hax bot|atk|2\n|move|p1a: Slowking|Future Sight|p2a: dire claw hax bot\n|-start|p1a: Slowking|move: Future Sight\n|\n|upkeep\n|turn|17\n|\n|t:|1699568732\n|move|p2a: dire claw hax bot|Tera Blast|p1a: Slowking|[anim] Tera Blast Ground\n|-supereffective|p1a: Slowking\n|-damage|p1a: Slowking|0 fnt\n|faint|p1a: Slowking\n|\n|upkeep\n|\n|t:|1699568741\n|switch|p1a: Dragapult|Dragapult, M|100\/100\n|turn|18\n|\n|t:|1699568754\n|move|p1a: Dragapult|Draco Meteor|p2a: dire claw hax bot\n|-damage|p2a: dire claw hax bot|0 fnt\n|-unboost|p1a: Dragapult|spa|2\n|-enditem|p2a: dire claw hax bot|Air Balloon\n|faint|p2a: dire claw hax bot\n|\n|-hint|Future Sight did not hit because the target is fainted.\n|upkeep\n|\n|t:|1699568776\n|switch|p2a: Ohko bot|Chi-Yu|100\/100\n|-ability|p2a: Ohko bot|Beads of Ruin\n|turn|19\n|\n|t:|1699568798\n|switch|p1a: Cyclizar|Cyclizar, F|100\/100\n|move|p2a: Ohko bot|Nasty Plot|p2a: Ohko bot\n|-boost|p2a: Ohko bot|spa|2\n|\n|upkeep\n|turn|20\n|\n|t:|1699568809\n|move|p1a: Cyclizar|Shed Tail|p1a: Cyclizar\n|-start|p1a: Cyclizar|Substitute|[from] move: Shed Tail\n|-damage|p1a: Cyclizar|50\/100\n|\n|t:|1699568830\n|switch|p1a: Dragapult|Dragapult, M|100\/100|[from] Shed Tail\n|move|p2a: Ohko bot|Dark Pulse|p1a: Dragapult\n|-supereffective|p1a: Dragapult\n|-end|p1a: Dragapult|Substitute\n|-damage|p2a: Ohko bot|91\/100|[from] item: Life Orb\n|\n|upkeep\n|turn|21\n|\n|t:|1699568847\n|move|p1a: Dragapult|U-turn|p2a: Ohko bot\n|-damage|p2a: Ohko bot|70\/100\n|\n|t:|1699568853\n|switch|p1a: Clefable|Clefable, F|81\/100|[from] U-turn\n|move|p2a: Ohko bot|Flame Charge|p1a: Clefable\n|-crit|p1a: Clefable\n|-damage|p1a: Clefable|53\/100\n|-boost|p2a: Ohko bot|spe|1\n|-damage|p2a: Ohko bot|60\/100|[from] item: Life Orb\n|\n|upkeep\n|turn|22\n|\n|t:|1699568864\n|move|p2a: Ohko bot|Flamethrower|p1a: Clefable\n|-damage|p1a: Clefable|4\/100\n|-damage|p2a: Ohko bot|50\/100|[from] item: Life Orb\n|move|p1a: Clefable|Moonblast|p2a: Ohko bot\n|-damage|p2a: Ohko bot|21\/100\n|\n|upkeep\n|turn|23\n|\n|t:|1699568873\n|move|p1a: Clefable|Protect|p1a: Clefable\n|-singleturn|p1a: Clefable|Protect\n|move|p2a: Ohko bot|Dark Pulse|p1a: Clefable\n|-activate|p1a: Clefable|move: Protect\n|\n|upkeep\n|turn|24\n|\n|t:|1699568893\n|switch|p1a: Arceus|Arceus-Dark|100\/100\n|move|p2a: Ohko bot|Dark Pulse|p1a: Arceus\n|-resisted|p1a: Arceus\n|-damage|p1a: Arceus|55\/100\n|-damage|p2a: Ohko bot|11\/100|[from] item: Life Orb\n|\n|upkeep\n|turn|25\n|\n|t:|1699568904\n|move|p2a: Ohko bot|Flamethrower|p1a: Arceus\n|-damage|p1a: Arceus|0 fnt\n|faint|p1a: Arceus\n|-damage|p2a: Ohko bot|1\/100|[from] item: Life Orb\n|\n|upkeep\n|l|\u2606Finchely\n|player|p1|\n|j|\u2606Finchely\n|player|p1|Finchely|acetrainerf\n|\n|t:|1699568952\n|switch|p1a: Clefable|Clefable, F|4\/100\n|turn|26\n|\n|t:|1699568956\n|move|p2a: Ohko bot|Dark Pulse|p1a: Clefable\n|-resisted|p1a: Clefable\n|-damage|p1a: Clefable|0 fnt\n|faint|p1a: Clefable\n|-damage|p2a: Ohko bot|0 fnt|[from] item: Life Orb\n|faint|p2a: Ohko bot\n|\n|upkeep\n|\n|t:|1699568965\n|switch|p2a: shed tail bot|Cyclizar, M|66\/100\n|switch|p1a: Dragapult|Dragapult, M|100\/100\n|turn|27\n|\n|t:|1699568973\n|switch|p2a: literal bot|Magearna|100\/100 par\n|move|p1a: Dragapult|Flamethrower|p2a: literal bot\n|-supereffective|p2a: literal bot\n|-damage|p2a: literal bot|40\/100 par\n|-enditem|p2a: literal bot|Weakness Policy\n|-boost|p2a: literal bot|atk|2|[from] item: Weakness Policy\n|-boost|p2a: literal bot|spa|2|[from] item: Weakness Policy\n|\n|upkeep\n|turn|28\n|\n|t:|1699568981\n|move|p1a: Dragapult|Flamethrower|p2a: literal bot\n|-supereffective|p2a: literal bot\n|-crit|p2a: literal bot\n|-damage|p2a: literal bot|0 fnt\n|faint|p2a: literal bot\n|\n|upkeep\n|\n|t:|1699568995\n|switch|p2a: shed tail bot|Cyclizar, M|99\/100\n|turn|29\n|\n|t:|1699569006\n|move|p1a: Dragapult|Flamethrower|p2a: shed tail bot\n|-resisted|p2a: shed tail bot\n|-damage|p2a: shed tail bot|73\/100\n|move|p2a: shed tail bot|Knock Off|p1a: Dragapult\n|-supereffective|p1a: Dragapult\n|-damage|p1a: Dragapult|44\/100\n|-enditem|p1a: Dragapult|Choice Specs|[from] move: Knock Off|[of] p2a: shed tail bot\n|\n|upkeep\n|turn|30\n|\n|t:|1699569015\n|switch|p2a: band bot|Palafin-Hero, M|92\/100\n|move|p1a: Dragapult|Draco Meteor|p2a: band bot\n|-damage|p2a: band bot|37\/100\n|-unboost|p1a: Dragapult|spa|2\n|\n|upkeep\n|turn|31\n|\n|t:|1699569031\n|move|p2a: band bot|Jet Punch|p1a: Dragapult\n|-resisted|p1a: Dragapult\n|-damage|p1a: Dragapult|5\/100\n|move|p1a: Dragapult|Draco Meteor|p2a: band bot\n|-damage|p2a: band bot|10\/100\n|-unboost|p1a: Dragapult|spa|2\n|\n|upkeep\n|turn|32\n|\n|t:|1699569039\n|move|p2a: band bot|Jet Punch|p1a: Dragapult\n|-resisted|p1a: Dragapult\n|-damage|p1a: Dragapult|0 fnt\n|faint|p1a: Dragapult\n|\n|upkeep\n|\n|t:|1699569041\n|switch|p1a: Palkia|Palkia-Origin|69\/100\n|-ability|p1a: Palkia|Pressure\n|turn|33\n|\n|t:|1699569047\n|switch|p2a: shed tail bot|Cyclizar, M|100\/100\n|move|p1a: Palkia|Earth Power|p2a: shed tail bot\n|-damage|p2a: shed tail bot|55\/100\n|\n|upkeep\n|turn|34\n|\n|t:|1699569055\n|move|p2a: shed tail bot|Shed Tail|p2a: shed tail bot\n|-start|p2a: shed tail bot|Substitute|[from] move: Shed Tail\n|-damage|p2a: shed tail bot|5\/100\n|\n|t:|1699569058\n|switch|p2a: band bot|Palafin-Hero, M|10\/100|[from] Shed Tail\n|move|p1a: Palkia|Spacial Rend|p2a: band bot\n|-end|p2a: band bot|Substitute\n|\n|upkeep\n|turn|35\n|\n|t:|1699569065\n|move|p1a: Palkia|Ice Beam|p2a: band bot\n|-resisted|p2a: band bot\n|-damage|p2a: band bot|0 fnt\n|faint|p2a: band bot\n|\n|upkeep\n|c|\u2606Akro Agency|gg wp\n|\n|t:|1699569074\n|switch|p2a: shed tail bot|Cyclizar, M|38\/100\n|turn|36\n|\n|t:|1699569077\n|move|p2a: shed tail bot|Knock Off|p1a: Palkia\n|-damage|p1a: Palkia|54\/100\n|move|p1a: Palkia|Ice Beam|p2a: shed tail bot\n|-supereffective|p2a: shed tail bot\n|-damage|p2a: shed tail bot|0 fnt\n|faint|p2a: shed tail bot\n|\n|win|Finchely\n|c|\u2606Finchely|Gg\n|l|\u2606Akro Agency\n","uploadtime":1699569115,"views":21,"p1id":"finchely","p2id":"akroagency","formatid":"gen9ubers","rating":0,"private":0,"password":""}