{"id":"gen9ubers-1997722214","p1":"dapply","p2":"Kiramager","format":"[Gen 9] Ubers","log":"|j|\u2606dapply\n|j|\u2606Kiramager\n|inactive|Battle timer is ON: inactive players will automatically lose when time's up.\n|t:|1700845685\n|gametype|singles\n|player|p1|dapply|dawn-masters3|\n|player|p2|Kiramager|volo|\n|teamsize|p1|6\n|teamsize|p2|6\n|gen|9\n|tier|[Gen 9] Ubers\n|rated|Tournament battle\n|rule|Sleep Clause Mod: Limit one foe put to sleep\n|rule|Species Clause: Limit one of each Pok\u00e9mon\n|rule|OHKO Clause: OHKO moves are banned\n|rule|Evasion Items Clause: Evasion items are banned\n|rule|Evasion Moves Clause: Evasion moves are banned\n|rule|Endless Battle Clause: Forcing endless battles is banned\n|rule|HP Percentage Mod: HP is shown in percentages\n|clearpoke\n|poke|p1|Koraidon|\n|poke|p1|Zacian-*|\n|poke|p1|Miraidon|\n|poke|p1|Ribombee, F|\n|poke|p1|Glimmora, M|\n|poke|p1|Arceus|\n|poke|p2|Grimmsnarl, M|\n|poke|p2|Koraidon|\n|poke|p2|Arceus|\n|poke|p2|Flutter Mane|\n|poke|p2|Zacian-*|\n|poke|p2|Calyrex-Ice|\n|teampreview\n|j|*Lady Monita \u2746\n|inactive|dapply also wants the timer to be on.\n|\n|t:|1700845701\n|start\n|switch|p1a: Glimmora|Glimmora, M|100\/100\n|switch|p2a: Grimmsnarl|Grimmsnarl, M|100\/100\n|turn|1\n|\n|t:|1700845722\n|move|p2a: Grimmsnarl|Taunt|p1a: Glimmora\n|-start|p1a: Glimmora|move: Taunt\n|move|p1a: Glimmora|Mortal Spin|p2a: Grimmsnarl\n|-supereffective|p2a: Grimmsnarl\n|-damage|p2a: Grimmsnarl|87\/100\n|-status|p2a: Grimmsnarl|psn\n|\n|-damage|p2a: Grimmsnarl|74\/100 psn|[from] psn\n|upkeep\n|turn|2\n|\n|t:|1700845727\n|switch|p1a: Ribombee|Ribombee, F|100\/100\n|move|p2a: Grimmsnarl|Light Screen|p2a: Grimmsnarl\n|-sidestart|p2: Kiramager|move: Light Screen\n|\n|-damage|p2a: Grimmsnarl|62\/100 psn|[from] psn\n|upkeep\n|turn|3\n|\n|t:|1700845736\n|move|p2a: Grimmsnarl|Taunt|p1a: Ribombee\n|-start|p1a: Ribombee|move: Taunt\n|move|p1a: Ribombee|U-turn|p2a: Grimmsnarl\n|-damage|p2a: Grimmsnarl|45\/100 psn\n|\n|t:|1700845744\n|switch|p1a: Koraidon|Koraidon|100\/100|[from] U-turn\n|-weather|SunnyDay|[from] ability: Orichalcum Pulse|[of] p1a: Koraidon\n|-activate|p1a: Koraidon|Orichalcum Pulse|[source]\n|\n|-weather|SunnyDay|[upkeep]\n|-damage|p2a: Grimmsnarl|32\/100 psn|[from] psn\n|upkeep\n|turn|4\n|\n|t:|1700845758\n|move|p2a: Grimmsnarl|Reflect|p2a: Grimmsnarl\n|-sidestart|p2: Kiramager|Reflect\n|move|p1a: Koraidon|Flame Charge|p2a: Grimmsnarl\n|-damage|p2a: Grimmsnarl|6\/100 psn\n|-boost|p1a: Koraidon|spe|1\n|-damage|p1a: Koraidon|91\/100|[from] item: Life Orb\n|\n|-weather|SunnyDay|[upkeep]\n|-damage|p2a: Grimmsnarl|0 fnt|[from] psn\n|faint|p2a: Grimmsnarl\n|upkeep\n|\n|t:|1700845770\n|switch|p2a: Calyrex|Calyrex-Ice|100\/100\n|-ability|p2a: Calyrex|As One\n|-ability|p2a: Calyrex|Unnerve\n|turn|5\n|\n|t:|1700845777\n|-terastallize|p2a: Calyrex|Fire\n|move|p1a: Koraidon|Low Kick|p2a: Calyrex\n|-damage|p2a: Calyrex|70\/100\n|-damage|p1a: Koraidon|81\/100|[from] item: Life Orb\n|move|p2a: Calyrex|Trick Room|p2a: Calyrex\n|-fieldstart|move: Trick Room|[of] p2a: Calyrex\n|\n|-weather|SunnyDay|[upkeep]\n|upkeep\n|turn|6\n|\n|t:|1700845794\n|switch|p1a: Ribombee|Ribombee, F|100\/100\n|move|p2a: Calyrex|Glacial Lance|p1a: Ribombee\n|-enditem|p1a: Ribombee|Focus Sash\n|-damage|p1a: Ribombee|1\/100\n|\n|-weather|SunnyDay|[upkeep]\n|upkeep\n|turn|7\n|\n|t:|1700845799\n|move|p2a: Calyrex|Glacial Lance|p1a: Ribombee\n|-damage|p1a: Ribombee|0 fnt\n|faint|p1a: Ribombee\n|-ability|p2a: Calyrex|Chilling Neigh|boost\n|-boost|p2a: Calyrex|atk|1\n|\n|-weather|none\n|upkeep\n|\n|t:|1700845800\n|switch|p1a: Glimmora|Glimmora, M|100\/100\n|turn|8\n|\n|t:|1700845803\n|move|p2a: Calyrex|Glacial Lance|p1a: Glimmora\n|-enditem|p1a: Glimmora|Focus Sash\n|-damage|p1a: Glimmora|1\/100\n|-activate|p1a: Glimmora|ability: Toxic Debris\n|-sidestart|p2: Kiramager|move: Toxic Spikes\n|move|p1a: Glimmora|Stealth Rock|p2a: Calyrex\n|-sidestart|p2: Kiramager|move: Stealth Rock\n|\n|upkeep\n|turn|9\n|\n|t:|1700845805\n|move|p2a: Calyrex|Glacial Lance|p1a: Glimmora\n|-damage|p1a: Glimmora|0 fnt\n|-activate|p1a: Glimmora|ability: Toxic Debris\n|-sidestart|p2: Kiramager|move: Toxic Spikes\n|faint|p1a: Glimmora\n|-ability|p2a: Calyrex|Chilling Neigh|boost\n|-boost|p2a: Calyrex|atk|1\n|\n|-sideend|p2: Kiramager|move: Light Screen\n|-fieldend|move: Trick Room\n|upkeep\n|\n|t:|1700845816\n|switch|p1a: Miraidon|Miraidon|100\/100\n|-fieldstart|move: Electric Terrain|[from] ability: Hadron Engine|[of] p1a: Miraidon\n|turn|10\n|\n|t:|1700845820\n|move|p1a: Miraidon|Electro Drift|p2a: Calyrex\n|-damage|p2a: Calyrex|2\/100\n|move|p2a: Calyrex|Trick Room|p2a: Calyrex\n|-fieldstart|move: Trick Room|[of] p2a: Calyrex\n|\n|upkeep\n|turn|11\n|\n|t:|1700845825\n|move|p2a: Calyrex|High Horsepower|p1a: Miraidon\n|-supereffective|p1a: Miraidon\n|-damage|p1a: Miraidon|0 fnt\n|faint|p1a: Miraidon\n|-ability|p2a: Calyrex|Chilling Neigh|boost\n|-boost|p2a: Calyrex|atk|1\n|\n|-sideend|p2: Kiramager|Reflect\n|upkeep\n|\n|t:|1700845826\n|switch|p1a: Arceus|Arceus|100\/100\n|turn|12\n|\n|t:|1700845828\n|move|p1a: Arceus|Extreme Speed|p2a: Calyrex\n|-damage|p2a: Calyrex|0 fnt\n|faint|p2a: Calyrex\n|\n|upkeep\n|\n|t:|1700845834\n|switch|p2a: Zacian|Zacian-Crowned|100\/100\n|-damage|p2a: Zacian|94\/100|[from] Stealth Rock\n|-ability|p2a: Zacian|Intrepid Sword|boost\n|-boost|p2a: Zacian|atk|1\n|turn|13\n|\n|t:|1700845838\n|move|p1a: Arceus|Earthquake|p2a: Zacian\n|-supereffective|p2a: Zacian\n|-damage|p2a: Zacian|11\/100\n|move|p2a: Zacian|Swords Dance|p2a: Zacian\n|-boost|p2a: Zacian|atk|2\n|\n|upkeep\n|turn|14\n|\n|t:|1700845859\n|move|p1a: Arceus|Earthquake|p2a: Zacian\n|-supereffective|p2a: Zacian\n|-damage|p2a: Zacian|0 fnt\n|faint|p2a: Zacian\n|\n|-fieldend|move: Trick Room\n|-fieldend|move: Electric Terrain\n|upkeep\n|\n|t:|1700845862\n|switch|p2a: Arceus|Arceus|100\/100\n|-status|p2a: Arceus|tox\n|-damage|p2a: Arceus|88\/100 tox|[from] Stealth Rock\n|turn|15\n|\n|t:|1700845866\n|move|p2a: Arceus|Swords Dance|p2a: Arceus\n|-boost|p2a: Arceus|atk|2\n|move|p1a: Arceus|Swords Dance|p1a: Arceus\n|-boost|p1a: Arceus|atk|2\n|\n|-damage|p2a: Arceus|82\/100 tox|[from] psn\n|upkeep\n|turn|16\n|\n|t:|1700845890\n|move|p2a: Arceus|Extreme Speed|p1a: Arceus\n|-crit|p1a: Arceus\n|-damage|p1a: Arceus|0 fnt\n|faint|p1a: Arceus\n|\n|-damage|p2a: Arceus|70\/100 tox|[from] psn\n|upkeep\n|c|\u2606dapply|lmao\n|\n|t:|1700845904\n|switch|p1a: Zacian|Zacian-Crowned|100\/100\n|-ability|p1a: Zacian|Intrepid Sword|boost\n|-boost|p1a: Zacian|atk|1\n|turn|17\n|inactive|dapply has 120 seconds left.\n|inactive|dapply has 90 seconds left.\n|\n|t:|1700845978\n|move|p1a: Zacian|Close Combat|p2a: Arceus\n|-supereffective|p2a: Arceus\n|-damage|p2a: Arceus|0 fnt\n|-unboost|p1a: Zacian|def|1\n|-unboost|p1a: Zacian|spd|1\n|faint|p2a: Arceus\n|\n|upkeep\n|\n|t:|1700845992\n|switch|p2a: Koraidon|Koraidon|100\/100\n|-status|p2a: Koraidon|tox\n|-damage|p2a: Koraidon|94\/100 tox|[from] Stealth Rock\n|-weather|SunnyDay|[from] ability: Orichalcum Pulse|[of] p2a: Koraidon\n|-activate|p2a: Koraidon|Orichalcum Pulse|[source]\n|turn|18\n|inactive|dapply has 90 seconds left.\n|\n|t:|1700846008\n|move|p1a: Zacian|Behemoth Blade|p2a: Koraidon\n|-damage|p2a: Koraidon|24\/100 tox\n|move|p2a: Koraidon|Flare Blitz|p1a: Zacian\n|-supereffective|p1a: Zacian\n|-damage|p1a: Zacian|0 fnt\n|faint|p1a: Zacian\n|-damage|p2a: Koraidon|0 fnt|[from] Recoil\n|faint|p2a: Koraidon\n|\n|-weather|SunnyDay|[upkeep]\n|upkeep\n|inactive|dapply has 90 seconds left.\n|\n|t:|1700846027\n|switch|p1a: Koraidon|Koraidon|81\/100\n|switch|p2a: Flutter Mane|Flutter Mane|100\/100\n|-status|p2a: Flutter Mane|tox\n|-damage|p2a: Flutter Mane|88\/100 tox|[from] Stealth Rock\n|-activate|p2a: Flutter Mane|ability: Protosynthesis\n|-start|p2a: Flutter Mane|protosynthesisspe\n|-activate|p1a: Koraidon|ability: Orichalcum Pulse\n|turn|19\n|c|\u2606dapply|lucky kids\n|\n|t:|1700846033\n|-terastallize|p1a: Koraidon|Fighting\n|move|p2a: Flutter Mane|Psyshock|p1a: Koraidon\n|-supereffective|p1a: Koraidon\n|-damage|p1a: Koraidon|10\/100\n|-damage|p2a: Flutter Mane|78\/100 tox|[from] item: Life Orb\n|move|p1a: Koraidon|Flame Charge|p2a: Flutter Mane\n|-damage|p2a: Flutter Mane|0 fnt\n|-boost|p1a: Koraidon|spe|1\n|faint|p2a: Flutter Mane\n|-end|p2a: Flutter Mane|Protosynthesis|[silent]\n|-damage|p1a: Koraidon|0 fnt|[from] item: Life Orb\n|faint|p1a: Koraidon\n|\n|win|dapply\n|n|\u2606dapply|dapply\n|n|\u2606Kiramager|kiramager\n|n|*Lady Monita \u2746|ladymonita\n|l|*Lady Monita \u2746\n|c|\u2606dapply|L\n|l|\u2606Kiramager\n","uploadtime":1700846047,"views":7,"p1id":"dapply","p2id":"kiramager","formatid":"gen9ubers","rating":0,"private":0,"password":""}