{"id":"gen9ubers-1973241109","p1":"sword over shield","p2":"PinkScourge","format":"[Gen 9] Ubers","log":"|j|\u2606sword over shield\n|j|\u2606PinkScourge\n|t:|1697943304\n|gametype|singles\n|player|p1|sword over shield|1|\n|player|p2|PinkScourge|bede-leader|\n|teamsize|p1|6\n|teamsize|p2|6\n|gen|9\n|tier|[Gen 9] Ubers\n|rule|Sleep Clause Mod: Limit one foe put to sleep\n|rule|Species Clause: Limit one of each Pok\u00e9mon\n|rule|OHKO Clause: OHKO moves are banned\n|rule|Evasion Items Clause: Evasion items are banned\n|rule|Evasion Moves Clause: Evasion moves are banned\n|rule|Endless Battle Clause: Forcing endless battles is banned\n|rule|HP Percentage Mod: HP is shown in percentages\n|clearpoke\n|poke|p1|Magearna|\n|poke|p1|Shaymin-Sky|\n|poke|p1|Arceus-Dragon|\n|poke|p1|Volcarona, M|\n|poke|p1|Palkia-Origin|\n|poke|p1|Giratina|\n|poke|p2|Scream Tail|\n|poke|p2|Alomomola, F|\n|poke|p2|Arceus-Fire|\n|poke|p2|Zamazenta-*|\n|poke|p2|Gothitelle, M|\n|poke|p2|Weezing-Galar, M|\n|teampreview\n|inactive|Battle timer is ON: inactive players will automatically lose when time's up. (requested by PinkScourge)\n|\n|t:|1697943319\n|start\n|switch|p1a: Volcarona|Volcarona, M|100\/100\n|switch|p2a: Arceus|Arceus-Fire|100\/100\n|turn|1\n|\n|t:|1697943335\n|switch|p2a: Scream Tail|Scream Tail|100\/100\n|switch|p1a: Palkia|Palkia-Origin|100\/100\n|-ability|p1a: Palkia|Pressure\n|\n|upkeep\n|turn|2\n|j| RubenGuyPratice\n|\n|t:|1697943353\n|switch|p1a: Magearna|Magearna|100\/100\n|move|p2a: Scream Tail|Protect||[still]\n|-fail|p2a: Scream Tail\n|\n|upkeep\n|turn|3\n|\n|t:|1697943359\n|-end|p2a: Scream Tail|Protosynthesis|[silent]\n|switch|p2a: Arceus|Arceus-Fire|100\/100\n|move|p1a: Magearna|Spikes|p2a: Arceus\n|-sidestart|p2: PinkScourge|Spikes\n|\n|upkeep\n|turn|4\n|\n|t:|1697943365\n|switch|p1a: Palkia|Palkia-Origin|100\/100\n|-ability|p1a: Palkia|Pressure\n|move|p2a: Arceus|Judgment|p1a: Palkia\n|-resisted|p1a: Palkia\n|-damage|p1a: Palkia|89\/100\n|\n|upkeep\n|turn|5\n|\n|t:|1697943381\n|switch|p2a: Alomomola|Alomomola, F|100\/100\n|-damage|p2a: Alomomola|88\/100|[from] Spikes\n|move|p1a: Palkia|Hydro Pump|p2a: Alomomola\n|-resisted|p2a: Alomomola\n|-damage|p2a: Alomomola|52\/100\n|\n|upkeep\n|turn|6\n|\n|t:|1697943390\n|switch|p2a: Scream Tail|Scream Tail|100\/100\n|-damage|p2a: Scream Tail|88\/100|[from] Spikes\n|move|p1a: Palkia|Spacial Rend|p2a: Scream Tail\n|-immune|p2a: Scream Tail\n|\n|-heal|p2a: Scream Tail|94\/100|[from] item: Leftovers\n|upkeep\n|turn|7\n|\n|t:|1697943397\n|switch|p1a: Magearna|Magearna|100\/100\n|move|p2a: Scream Tail|Boomburst|p1a: Magearna\n|-resisted|p1a: Magearna\n|-damage|p1a: Magearna|94\/100\n|\n|-heal|p2a: Scream Tail|100\/100|[from] item: Leftovers\n|-heal|p1a: Magearna|99\/100|[from] item: Leftovers\n|upkeep\n|turn|8\n|\n|t:|1697943408\n|-end|p2a: Scream Tail|Protosynthesis|[silent]\n|switch|p2a: Gothitelle|Gothitelle, M|100\/100\n|-damage|p2a: Gothitelle|88\/100|[from] Spikes\n|move|p1a: Magearna|Spikes|p2a: Gothitelle\n|-sidestart|p2: PinkScourge|Spikes\n|\n|-heal|p1a: Magearna|100\/100|[from] item: Leftovers\n|upkeep\n|turn|9\n|\n|t:|1697943415\n|move|p2a: Gothitelle|Trick|p1a: Magearna\n|-activate|p2a: Gothitelle|move: Trick|[of] p1a: Magearna\n|-item|p1a: Magearna|Choice Specs|[from] move: Trick\n|-item|p2a: Gothitelle|Leftovers|[from] move: Trick\n|move|p1a: Magearna|Thunder Wave|p2a: Gothitelle\n|-status|p2a: Gothitelle|par\n|\n|-heal|p2a: Gothitelle|94\/100 par|[from] item: Leftovers\n|upkeep\n|turn|10\n|\n|t:|1697943424\n|move|p1a: Magearna|Thunder Wave|p2a: Gothitelle\n|-fail|p2a: Gothitelle|par\n|move|p2a: Gothitelle|Torment|p1a: Magearna\n|-start|p1a: Magearna|Torment\n|\n|-heal|p2a: Gothitelle|99\/100 par|[from] item: Leftovers\n|upkeep\n|turn|11\n|\n|t:|1697943432\n|-activate|p1a: Magearna|move: Struggle\n|move|p1a: Magearna|Struggle|p2a: Gothitelle\n|-damage|p2a: Gothitelle|91\/100 par\n|-damage|p1a: Magearna|75\/100|[from] recoil\n|move|p2a: Gothitelle|Psychic|p1a: Magearna\n|-resisted|p1a: Magearna\n|-damage|p1a: Magearna|66\/100\n|\n|-heal|p2a: Gothitelle|97\/100 par|[from] item: Leftovers\n|upkeep\n|turn|12\n|\n|t:|1697943441\n|move|p1a: Magearna|Thunder Wave|p2a: Gothitelle\n|-fail|p2a: Gothitelle|par\n|move|p2a: Gothitelle|Psychic|p1a: Magearna\n|-resisted|p1a: Magearna\n|-damage|p1a: Magearna|57\/100\n|\n|-heal|p2a: Gothitelle|100\/100 par|[from] item: Leftovers\n|upkeep\n|turn|13\n|\n|t:|1697943449\n|-activate|p1a: Magearna|move: Struggle\n|move|p1a: Magearna|Struggle|p2a: Gothitelle\n|-damage|p2a: Gothitelle|92\/100 par\n|-damage|p1a: Magearna|32\/100|[from] recoil\n|move|p2a: Gothitelle|Psychic|p1a: Magearna\n|-resisted|p1a: Magearna\n|-damage|p1a: Magearna|24\/100\n|\n|-heal|p2a: Gothitelle|98\/100 par|[from] item: Leftovers\n|upkeep\n|turn|14\n|\n|t:|1697943457\n|move|p1a: Magearna|Thunder Wave|p2a: Gothitelle\n|-fail|p2a: Gothitelle|par\n|move|p2a: Gothitelle|Psychic|p1a: Magearna\n|-resisted|p1a: Magearna\n|-damage|p1a: Magearna|15\/100\n|-unboost|p1a: Magearna|spd|1\n|\n|-heal|p2a: Gothitelle|100\/100 par|[from] item: Leftovers\n|upkeep\n|turn|15\n|\n|t:|1697943472\n|-activate|p1a: Magearna|move: Struggle\n|move|p1a: Magearna|Struggle|p2a: Gothitelle\n|-damage|p2a: Gothitelle|92\/100 par\n|-damage|p1a: Magearna|0 fnt|[from] recoil\n|faint|p1a: Magearna\n|move|p2a: Gothitelle|Psychic|p1: Magearna|[notarget]\n|-fail|p2a: Gothitelle\n|\n|-heal|p2a: Gothitelle|98\/100 par|[from] item: Leftovers\n|upkeep\n|\n|t:|1697943491\n|switch|p1a: Arceus|Arceus-Dragon|100\/100\n|turn|16\n|\n|t:|1697943502\n|move|p1a: Arceus|Calm Mind|p1a: Arceus\n|-boost|p1a: Arceus|spa|1\n|-boost|p1a: Arceus|spd|1\n|move|p2a: Gothitelle|Torment|p1a: Arceus\n|-start|p1a: Arceus|Torment\n|\n|-heal|p2a: Gothitelle|100\/100 par|[from] item: Leftovers\n|upkeep\n|turn|17\n|\n|t:|1697943510\n|switch|p2a: Scream Tail|Scream Tail|100\/100\n|-damage|p2a: Scream Tail|84\/100|[from] Spikes\n|move|p1a: Arceus|Judgment|p2a: Scream Tail\n|-immune|p2a: Scream Tail\n|\n|-heal|p2a: Scream Tail|90\/100|[from] item: Leftovers\n|upkeep\n|turn|18\n|\n|t:|1697943515\n|move|p1a: Arceus|Calm Mind|p1a: Arceus\n|-boost|p1a: Arceus|spa|1\n|-boost|p1a: Arceus|spd|1\n|move|p2a: Scream Tail|Perish Song|p2a: Scream Tail\n|-start|p1a: Arceus|perish3|[silent]\n|-start|p2a: Scream Tail|perish3|[silent]\n|-fieldactivate|move: Perish Song\n|\n|-heal|p2a: Scream Tail|96\/100|[from] item: Leftovers\n|-start|p1a: Arceus|perish3\n|-start|p2a: Scream Tail|perish3\n|upkeep\n|turn|19\n|\n|t:|1697943527\n|switch|p1a: Volcarona|Volcarona, M|100\/100\n|-end|p2a: Scream Tail|Protosynthesis|[silent]\n|switch|p2a: Gothitelle|Gothitelle, M|100\/100 par\n|-damage|p2a: Gothitelle|84\/100 par|[from] Spikes\n|\n|-heal|p2a: Gothitelle|90\/100 par|[from] item: Leftovers\n|upkeep\n|turn|20\n|\n|t:|1697943538\n|switch|p2a: Scream Tail|Scream Tail|96\/100\n|-damage|p2a: Scream Tail|80\/100|[from] Spikes\n|move|p1a: Volcarona|Quiver Dance|p1a: Volcarona\n|-boost|p1a: Volcarona|spa|1\n|-boost|p1a: Volcarona|spd|1\n|-boost|p1a: Volcarona|spe|1\n|\n|-heal|p2a: Scream Tail|86\/100|[from] item: Leftovers\n|upkeep\n|turn|21\n|\n|t:|1697943542\n|move|p1a: Volcarona|Flamethrower|p2a: Scream Tail\n|-damage|p2a: Scream Tail|50\/100\n|move|p2a: Scream Tail|Perish Song|p2a: Scream Tail\n|-start|p1a: Volcarona|perish3|[silent]\n|-start|p2a: Scream Tail|perish3|[silent]\n|-fieldactivate|move: Perish Song\n|\n|-heal|p2a: Scream Tail|56\/100|[from] item: Leftovers\n|-start|p1a: Volcarona|perish3\n|-start|p2a: Scream Tail|perish3\n|upkeep\n|turn|22\n|l| RubenGuyPratice\n|\n|t:|1697943552\n|switch|p1a: Arceus|Arceus-Dragon|100\/100\n|move|p2a: Scream Tail|Wish|p2a: Scream Tail\n|\n|-heal|p2a: Scream Tail|62\/100|[from] item: Leftovers\n|-start|p2a: Scream Tail|perish2\n|upkeep\n|turn|23\n|\n|t:|1697943560\n|move|p1a: Arceus|Calm Mind|p1a: Arceus\n|-boost|p1a: Arceus|spa|1\n|-boost|p1a: Arceus|spd|1\n|move|p2a: Scream Tail|Perish Song|p2a: Scream Tail\n|-start|p1a: Arceus|perish3|[silent]\n|-fieldactivate|move: Perish Song\n|\n|-heal|p2a: Scream Tail|100\/100|[from] move: Wish|[wisher] Scream Tail\n|-start|p1a: Arceus|perish3\n|-start|p2a: Scream Tail|perish1\n|upkeep\n|turn|24\n|\n|t:|1697943569\n|switch|p1a: Volcarona|Volcarona, M|100\/100\n|-end|p2a: Scream Tail|Protosynthesis|[silent]\n|switch|p2a: Weezing|Weezing-Galar, M|100\/100\n|-damage|p2a: Weezing|84\/100|[from] Spikes\n|-fieldstart|move: Misty Terrain|[from] ability: Misty Surge|[of] p2a: Weezing\n|\n|-heal|p2a: Weezing|90\/100|[from] item: Leftovers\n|upkeep\n|turn|25\n|\n|t:|1697943578\n|move|p1a: Volcarona|Quiver Dance|p1a: Volcarona\n|-boost|p1a: Volcarona|spa|1\n|-boost|p1a: Volcarona|spd|1\n|-boost|p1a: Volcarona|spe|1\n|move|p2a: Weezing|Defog|p1a: Volcarona\n|-unboost|p1a: Volcarona|evasion|1\n|-sideend|p2: PinkScourge|Spikes|[from] move: Defog|[of] p2a: Weezing\n|-fieldend|Misty Terrain\n|\n|-heal|p2a: Weezing|96\/100|[from] item: Leftovers\n|upkeep\n|turn|26\n|\n|t:|1697943589\n|switch|p2a: Scream Tail|Scream Tail|100\/100\n|move|p1a: Volcarona|Quiver Dance|p1a: Volcarona\n|-boost|p1a: Volcarona|spa|1\n|-boost|p1a: Volcarona|spd|1\n|-boost|p1a: Volcarona|spe|1\n|\n|upkeep\n|turn|27\n|\n|t:|1697943597\n|move|p1a: Volcarona|Flamethrower|p2a: Scream Tail\n|-damage|p2a: Scream Tail|55\/100\n|move|p2a: Scream Tail|Perish Song|p2a: Scream Tail\n|-start|p1a: Volcarona|perish3|[silent]\n|-start|p2a: Scream Tail|perish3|[silent]\n|-fieldactivate|move: Perish Song\n|\n|-heal|p2a: Scream Tail|61\/100|[from] item: Leftovers\n|-start|p1a: Volcarona|perish3\n|-start|p2a: Scream Tail|perish3\n|upkeep\n|turn|28\n|\n|t:|1697943622\n|switch|p1a: Giratina|Giratina|100\/100\n|-ability|p1a: Giratina|Pressure\n|-end|p2a: Scream Tail|Protosynthesis|[silent]\n|switch|p2a: Arceus|Arceus-Fire|100\/100\n|\n|upkeep\n|turn|29\n|\n|t:|1697943629\n|move|p2a: Arceus|Will-O-Wisp|p1a: Giratina\n|-status|p1a: Giratina|brn\n|move|p1a: Giratina|Thunder Wave|p2a: Arceus\n|-status|p2a: Arceus|par\n|\n|-damage|p1a: Giratina|94\/100 brn|[from] brn\n|upkeep\n|turn|30\n|\n|t:|1697943637\n|switch|p2a: Weezing|Weezing-Galar, M|96\/100\n|-fieldstart|move: Misty Terrain|[from] ability: Misty Surge|[of] p2a: Weezing\n|move|p1a: Giratina|Hex|p2a: Weezing\n|-damage|p2a: Weezing|68\/100\n|\n|-heal|p1a: Giratina|100\/100 brn|[from] item: Leftovers\n|-heal|p2a: Weezing|74\/100|[from] item: Leftovers\n|-damage|p1a: Giratina|94\/100 brn|[from] brn\n|upkeep\n|turn|31\n|c|\u2606sword over shield|!dt misty terrain\n|raw|<ul class=\"utilichart\"><li class=\"result\"><span class=\"col movenamecol\"><a href=\"https:\/\/dex.pokemonshowdown.com\/moves\/mistyterrain\">Misty Terrain<\/a><\/span> <span class=\"col typecol\"><img src=\"\/\/play.pokemonshowdown.com\/sprites\/types\/Fairy.png\" alt=\"Fairy\" width=\"32\" height=\"14\"><img src=\"\/\/play.pokemonshowdown.com\/sprites\/categories\/Status.png\" alt=\"Status\" width=\"32\" height=\"14\"><\/span> <span class=\"col widelabelcol\"><em>Accuracy<\/em><br>\u2014<\/span> <span class=\"col pplabelcol\"><em>PP<\/em><br>16<\/span> <span class=\"col movedesccol\">5 turns. Can't status,-Dragon power vs grounded.<\/span> <\/li><li style=\"clear:both\"><\/li><\/ul>\n|raw|<font size=\"1\"><font color=\"#686868\">Priority:<\/font> 0&nbsp;|&ThickSpace;<font color=\"#686868\">Gen:<\/font> 6&nbsp;|&ThickSpace;&#10003; Bypasses Protect&nbsp;|&ThickSpace;<font color=\"#686868\">Z-Effect:<\/font>  Sp. Def +1&nbsp;|&ThickSpace;<font color=\"#686868\">Target:<\/font> All Pok\u00e9mon<\/font>\n\n|inactive|sword over shield has 270 seconds left.\n|\n|t:|1697943667\n|switch|p1a: Volcarona|Volcarona, M|100\/100\n|move|p2a: Weezing|Acid Spray|p1a: Volcarona\n|-damage|p1a: Volcarona|90\/100\n|-unboost|p1a: Volcarona|spd|2\n|\n|-heal|p2a: Weezing|80\/100|[from] item: Leftovers\n|upkeep\n|turn|32\n|inactive|sword over shield has 270 seconds left.\n|\n|t:|1697943679\n|switch|p1a: Arceus|Arceus-Dragon|100\/100\n|move|p2a: Weezing|Acid Spray|p1a: Arceus\n|-crit|p1a: Arceus\n|-damage|p1a: Arceus|88\/100\n|-unboost|p1a: Arceus|spd|2\n|\n|-heal|p2a: Weezing|86\/100|[from] item: Leftovers\n|upkeep\n|turn|33\n|\n|t:|1697943688\n|-terastallize|p1a: Arceus|Steel\n|move|p1a: Arceus|Calm Mind|p1a: Arceus\n|-boost|p1a: Arceus|spa|1\n|-boost|p1a: Arceus|spd|1\n|move|p2a: Weezing|Strange Steam|p1a: Arceus\n|-resisted|p1a: Arceus\n|-damage|p1a: Arceus|74\/100\n|\n|-heal|p2a: Weezing|92\/100|[from] item: Leftovers\n|upkeep\n|turn|34\n|\n|t:|1697943700\n|switch|p2a: Arceus|Arceus-Fire|100\/100 par\n|move|p1a: Arceus|Calm Mind|p1a: Arceus\n|-boost|p1a: Arceus|spa|1\n|-boost|p1a: Arceus|spd|1\n|\n|-fieldend|Misty Terrain\n|upkeep\n|turn|35\n|\n|t:|1697943710\n|move|p1a: Arceus|Calm Mind|p1a: Arceus\n|-boost|p1a: Arceus|spa|1\n|-boost|p1a: Arceus|spd|1\n|move|p2a: Arceus|Judgment|p1a: Arceus\n|-supereffective|p1a: Arceus\n|-crit|p1a: Arceus\n|-damage|p1a: Arceus|0 fnt\n|faint|p1a: Arceus\n|\n|upkeep\n|\n|t:|1697943722\n|switch|p1a: Palkia|Palkia-Origin|89\/100\n|-ability|p1a: Palkia|Pressure\n|turn|36\n|\n|t:|1697943737\n|switch|p2a: Alomomola|Alomomola, F|85\/100\n|move|p1a: Palkia|Spacial Rend|p2a: Alomomola\n|-damage|p2a: Alomomola|22\/100\n|\n|upkeep\n|turn|37\n|\n|t:|1697943743\n|move|p2a: Alomomola|Protect|p2a: Alomomola\n|-singleturn|p2a: Alomomola|Protect\n|move|p1a: Palkia|Hydro Pump|p2a: Alomomola\n|-activate|p2a: Alomomola|move: Protect\n|\n|upkeep\n|turn|38\n|\n|t:|1697943755\n|switch|p2a: Gothitelle|Gothitelle, M|90\/100 par\n|move|p1a: Palkia|Spacial Rend|p2a: Gothitelle\n|-crit|p2a: Gothitelle\n|-damage|p2a: Gothitelle|16\/100 par\n|\n|-heal|p2a: Gothitelle|22\/100 par|[from] item: Leftovers\n|upkeep\n|turn|39\n|\n|t:|1697943763\n|move|p2a: Gothitelle|Protect|p2a: Gothitelle\n|-singleturn|p2a: Gothitelle|Protect\n|move|p1a: Palkia|Earth Power|p2a: Gothitelle\n|-activate|p2a: Gothitelle|move: Protect\n|\n|-heal|p2a: Gothitelle|28\/100 par|[from] item: Leftovers\n|upkeep\n|turn|40\n|\n|t:|1697943776\n|switch|p2a: Weezing|Weezing-Galar, M|92\/100\n|-fieldstart|move: Misty Terrain|[from] ability: Misty Surge|[of] p2a: Weezing\n|move|p1a: Palkia|Hydro Pump|p2a: Weezing\n|-damage|p2a: Weezing|0 fnt\n|faint|p2a: Weezing\n|\n|upkeep\n|\n|t:|1697943796\n|switch|p2a: Zamazenta|Zamazenta-Crowned|100\/100\n|-ability|p2a: Zamazenta|Dauntless Shield|boost\n|-boost|p2a: Zamazenta|def|1\n|turn|41\n|\n|t:|1697943811\n|switch|p1a: Volcarona|Volcarona, M|90\/100\n|move|p2a: Zamazenta|Body Press|p1a: Volcarona\n|-resisted|p1a: Volcarona\n|-damage|p1a: Volcarona|60\/100\n|\n|upkeep\n|turn|42\n|\n|t:|1697943826\n|-terastallize|p2a: Zamazenta|Water\n|move|p2a: Zamazenta|Iron Defense|p2a: Zamazenta\n|-boost|p2a: Zamazenta|def|2\n|move|p1a: Volcarona|Will-O-Wisp|p2a: Zamazenta\n|-activate|p2a: Zamazenta|move: Misty Terrain\n|\n|upkeep\n|turn|43\n|\n|t:|1697943833\n|move|p2a: Zamazenta|Body Press|p1a: Volcarona\n|-resisted|p1a: Volcarona\n|-crit|p1a: Volcarona\n|-damage|p1a: Volcarona|0 fnt\n|faint|p1a: Volcarona\n|\n|upkeep\n|\n|t:|1697943840\n|switch|p1a: Shaymin|Shaymin-Sky|100\/100\n|turn|44\n|\n|t:|1697943852\n|switch|p2a: Gothitelle|Gothitelle, M|28\/100 par\n|move|p1a: Shaymin|Seed Flare|p2a: Gothitelle\n|-damage|p2a: Gothitelle|0 fnt\n|faint|p2a: Gothitelle\n|-damage|p1a: Shaymin|91\/100|[from] item: Life Orb\n|\n|-fieldend|Misty Terrain\n|upkeep\n|\n|t:|1697943858\n|switch|p2a: Arceus|Arceus-Fire|100\/100 par\n|turn|45\n|\n|t:|1697943866\n|move|p1a: Shaymin|Earth Power|p2a: Arceus\n|-supereffective|p2a: Arceus\n|-damage|p2a: Arceus|66\/100 par\n|-damage|p1a: Shaymin|81\/100|[from] item: Life Orb\n|move|p2a: Arceus|Will-O-Wisp|p1a: Shaymin\n|-status|p1a: Shaymin|brn\n|\n|-damage|p1a: Shaymin|74\/100 brn|[from] brn\n|upkeep\n|turn|46\n|\n|t:|1697943877\n|switch|p1a: Giratina|Giratina|94\/100 brn\n|-ability|p1a: Giratina|Pressure\n|move|p2a: Arceus|Recover|p2a: Arceus\n|-heal|p2a: Arceus|100\/100 par\n|\n|-heal|p1a: Giratina|100\/100 brn|[from] item: Leftovers\n|-damage|p1a: Giratina|94\/100 brn|[from] brn\n|upkeep\n|turn|47\n|\n|t:|1697943887\n|switch|p2a: Alomomola|Alomomola, F|55\/100\n|move|p1a: Giratina|Hex|p2a: Alomomola\n|-damage|p2a: Alomomola|35\/100\n|\n|-heal|p1a: Giratina|100\/100 brn|[from] item: Leftovers\n|-damage|p1a: Giratina|94\/100 brn|[from] brn\n|upkeep\n|turn|48\n|\n|t:|1697943893\n|move|p1a: Giratina|Thunder Wave|p2a: Alomomola|[miss]\n|-miss|p1a: Giratina|p2a: Alomomola\n|move|p2a: Alomomola|Wish|p2a: Alomomola\n|\n|-heal|p1a: Giratina|100\/100 brn|[from] item: Leftovers\n|-damage|p1a: Giratina|94\/100 brn|[from] brn\n|upkeep\n|turn|49\n|\n|t:|1697943901\n|move|p1a: Giratina|Thunder Wave|p2a: Alomomola\n|-status|p2a: Alomomola|par\n|cant|p2a: Alomomola|par\n|\n|-heal|p2a: Alomomola|85\/100 par|[from] move: Wish|[wisher] Alomomola\n|-heal|p1a: Giratina|100\/100 brn|[from] item: Leftovers\n|-damage|p1a: Giratina|94\/100 brn|[from] brn\n|upkeep\n|turn|50\n|\n|t:|1697943910\n|move|p1a: Giratina|Thunder Wave|p2a: Alomomola\n|-fail|p2a: Alomomola|par\n|move|p2a: Alomomola|Wish|p2a: Alomomola\n|\n|-heal|p1a: Giratina|100\/100 brn|[from] item: Leftovers\n|-damage|p1a: Giratina|94\/100 brn|[from] brn\n|upkeep\n|turn|51\n|\n|t:|1697943917\n|move|p1a: Giratina|Thunder Wave|p2a: Alomomola\n|-fail|p2a: Alomomola|par\n|cant|p2a: Alomomola|par\n|\n|-heal|p2a: Alomomola|100\/100 par|[from] move: Wish|[wisher] Alomomola\n|-heal|p1a: Giratina|100\/100 brn|[from] item: Leftovers\n|-damage|p1a: Giratina|94\/100 brn|[from] brn\n|upkeep\n|turn|52\n|\n|t:|1697943921\n|move|p1a: Giratina|Hex|p2a: Alomomola\n|-damage|p2a: Alomomola|58\/100 par\n|cant|p2a: Alomomola|par\n|\n|-heal|p1a: Giratina|100\/100 brn|[from] item: Leftovers\n|-damage|p1a: Giratina|94\/100 brn|[from] brn\n|upkeep\n|turn|53\n|\n|t:|1697943928\n|move|p1a: Giratina|Hex|p2a: Alomomola\n|-damage|p2a: Alomomola|20\/100 par\n|move|p2a: Alomomola|Flip Turn|p1a: Giratina\n|-resisted|p1a: Giratina\n|-damage|p1a: Giratina|91\/100 brn\n|\n|t:|1697943932\n|switch|p2a: Scream Tail|Scream Tail|61\/100|[from] Flip Turn\n|\n|-heal|p2a: Scream Tail|67\/100|[from] item: Leftovers\n|-heal|p1a: Giratina|97\/100 brn|[from] item: Leftovers\n|-damage|p1a: Giratina|91\/100 brn|[from] brn\n|upkeep\n|turn|54\n|\n|t:|1697943943\n|move|p2a: Scream Tail|Protect|p2a: Scream Tail\n|-singleturn|p2a: Scream Tail|Protect\n|move|p1a: Giratina|Thunder Wave|p2a: Scream Tail\n|-activate|p2a: Scream Tail|move: Protect\n|\n|-heal|p2a: Scream Tail|73\/100|[from] item: Leftovers\n|-heal|p1a: Giratina|97\/100 brn|[from] item: Leftovers\n|-damage|p1a: Giratina|91\/100 brn|[from] brn\n|upkeep\n|turn|55\n|\n|t:|1697943948\n|-end|p2a: Scream Tail|Protosynthesis|[silent]\n|switch|p2a: Arceus|Arceus-Fire|100\/100 par\n|move|p1a: Giratina|Thunder Wave|p2a: Arceus\n|-fail|p2a: Arceus|par\n|\n|-heal|p1a: Giratina|97\/100 brn|[from] item: Leftovers\n|-damage|p1a: Giratina|91\/100 brn|[from] brn\n|upkeep\n|turn|56\n|\n|t:|1697943954\n|move|p1a: Giratina|Hex|p2a: Arceus\n|-damage|p2a: Arceus|79\/100 par\n|move|p2a: Arceus|Foul Play|p1a: Giratina\n|-supereffective|p1a: Giratina\n|-damage|p1a: Giratina|76\/100 brn\n|\n|-heal|p1a: Giratina|82\/100 brn|[from] item: Leftovers\n|-damage|p1a: Giratina|76\/100 brn|[from] brn\n|upkeep\n|turn|57\n|\n|t:|1697943963\n|move|p1a: Giratina|Hex|p2a: Arceus\n|-damage|p2a: Arceus|56\/100 par\n|move|p2a: Arceus|Foul Play|p1a: Giratina\n|-supereffective|p1a: Giratina\n|-damage|p1a: Giratina|60\/100 brn\n|\n|-heal|p1a: Giratina|67\/100 brn|[from] item: Leftovers\n|-damage|p1a: Giratina|60\/100 brn|[from] brn\n|upkeep\n|turn|58\n|\n|t:|1697943971\n|switch|p1a: Palkia|Palkia-Origin|89\/100\n|-ability|p1a: Palkia|Pressure\n|move|p2a: Arceus|Recover|p2a: Arceus\n|-heal|p2a: Arceus|100\/100 par\n|\n|upkeep\n|turn|59\n|\n|t:|1697943985\n|switch|p2a: Scream Tail|Scream Tail|73\/100\n|move|p1a: Palkia|Hydro Pump|p2a: Scream Tail\n|-damage|p2a: Scream Tail|28\/100\n|\n|-heal|p2a: Scream Tail|34\/100|[from] item: Leftovers\n|upkeep\n|turn|60\n|\n|t:|1697943993\n|move|p2a: Scream Tail|Protect|p2a: Scream Tail\n|-singleturn|p2a: Scream Tail|Protect\n|move|p1a: Palkia|Hydro Pump|p2a: Scream Tail\n|-activate|p2a: Scream Tail|move: Protect\n|\n|-heal|p2a: Scream Tail|41\/100|[from] item: Leftovers\n|upkeep\n|turn|61\n|\n|t:|1697944000\n|-end|p2a: Scream Tail|Protosynthesis|[silent]\n|switch|p2a: Zamazenta|Zamazenta-Crowned, tera:Water|100\/100\n|move|p1a: Palkia|Hydro Pump|p2a: Zamazenta\n|-resisted|p2a: Zamazenta\n|-damage|p2a: Zamazenta|72\/100\n|\n|upkeep\n|turn|62\n|\n|t:|1697944012\n|move|p2a: Zamazenta|Body Press|p1a: Palkia\n|-damage|p1a: Palkia|40\/100\n|move|p1a: Palkia|Spacial Rend|p2a: Zamazenta\n|-damage|p2a: Zamazenta|19\/100\n|\n|upkeep\n|turn|63\n|\n|t:|1697944024\n|switch|p1a: Giratina|Giratina|60\/100 brn\n|-ability|p1a: Giratina|Pressure\n|move|p2a: Zamazenta|Body Press|p1a: Giratina\n|-immune|p1a: Giratina\n|\n|-heal|p1a: Giratina|67\/100 brn|[from] item: Leftovers\n|-damage|p1a: Giratina|60\/100 brn|[from] brn\n|upkeep\n|turn|64\n|\n|t:|1697944036\n|switch|p2a: Arceus|Arceus-Fire|100\/100 par\n|move|p1a: Giratina|Hex|p2a: Arceus\n|-damage|p2a: Arceus|79\/100 par\n|\n|-heal|p1a: Giratina|67\/100 brn|[from] item: Leftovers\n|-damage|p1a: Giratina|60\/100 brn|[from] brn\n|upkeep\n|turn|65\n|\n|t:|1697944046\n|move|p1a: Giratina|Hex|p2a: Arceus\n|-damage|p2a: Arceus|58\/100 par\n|move|p2a: Arceus|Recover|p2a: Arceus\n|-heal|p2a: Arceus|100\/100 par\n|\n|-heal|p1a: Giratina|67\/100 brn|[from] item: Leftovers\n|-damage|p1a: Giratina|60\/100 brn|[from] brn\n|upkeep\n|turn|66\n|\n|t:|1697944055\n|move|p1a: Giratina|Pain Split|p2a: Arceus\n|-sethp|p2a: Arceus|85\/100 par|[from] move: Pain Split|[silent]\n|-sethp|p1a: Giratina|75\/100 brn|[from] move: Pain Split\n|move|p2a: Arceus|Foul Play|p1a: Giratina\n|-supereffective|p1a: Giratina\n|-damage|p1a: Giratina|59\/100 brn\n|\n|-heal|p1a: Giratina|65\/100 brn|[from] item: Leftovers\n|-damage|p1a: Giratina|59\/100 brn|[from] brn\n|upkeep\n|turn|67\n|\n|t:|1697944064\n|switch|p2a: Alomomola|Alomomola, F|53\/100 par\n|move|p1a: Giratina|Hex|p2a: Alomomola\n|-damage|p2a: Alomomola|13\/100 par\n|\n|-heal|p1a: Giratina|65\/100 brn|[from] item: Leftovers\n|-damage|p1a: Giratina|59\/100 brn|[from] brn\n|upkeep\n|turn|68\n|\n|t:|1697944072\n|switch|p2a: Arceus|Arceus-Fire|85\/100 par\n|move|p1a: Giratina|Hex|p2a: Arceus\n|-damage|p2a: Arceus|61\/100 par\n|\n|-heal|p1a: Giratina|65\/100 brn|[from] item: Leftovers\n|-damage|p1a: Giratina|59\/100 brn|[from] brn\n|upkeep\n|turn|69\n|\n|t:|1697944080\n|move|p1a: Giratina|Hex|p2a: Arceus\n|-damage|p2a: Arceus|40\/100 par\n|move|p2a: Arceus|Recover|p2a: Arceus\n|-heal|p2a: Arceus|90\/100 par\n|\n|-heal|p1a: Giratina|65\/100 brn|[from] item: Leftovers\n|-damage|p1a: Giratina|59\/100 brn|[from] brn\n|upkeep\n|turn|70\n|\n|t:|1697944089\n|move|p1a: Giratina|Pain Split|p2a: Arceus\n|-sethp|p2a: Arceus|78\/100 par|[from] move: Pain Split|[silent]\n|-sethp|p1a: Giratina|69\/100 brn|[from] move: Pain Split\n|move|p2a: Arceus|Foul Play|p1a: Giratina\n|-supereffective|p1a: Giratina\n|-damage|p1a: Giratina|54\/100 brn\n|\n|-heal|p1a: Giratina|60\/100 brn|[from] item: Leftovers\n|-damage|p1a: Giratina|54\/100 brn|[from] brn\n|upkeep\n|turn|71\n|\n|t:|1697944099\n|move|p1a: Giratina|Hex|p2a: Arceus\n|-damage|p2a: Arceus|55\/100 par\n|move|p2a: Arceus|Foul Play|p1a: Giratina\n|-supereffective|p1a: Giratina\n|-damage|p1a: Giratina|39\/100 brn\n|\n|-heal|p1a: Giratina|45\/100 brn|[from] item: Leftovers\n|-damage|p1a: Giratina|39\/100 brn|[from] brn\n|upkeep\n|turn|72\n|\n|t:|1697944107\n|move|p1a: Giratina|Pain Split|p2a: Arceus\n|-sethp|p2a: Arceus|49\/100 par|[from] move: Pain Split|[silent]\n|-sethp|p1a: Giratina|44\/100 brn|[from] move: Pain Split\n|move|p2a: Arceus|Recover|p2a: Arceus\n|-heal|p2a: Arceus|99\/100 par\n|\n|-heal|p1a: Giratina|50\/100 brn|[from] item: Leftovers\n|-damage|p1a: Giratina|44\/100 brn|[from] brn\n|upkeep\n|turn|73\n|\n|t:|1697944120\n|switch|p2a: Alomomola|Alomomola, F|46\/100 par\n|move|p1a: Giratina|Pain Split|p2a: Alomomola\n|-sethp|p2a: Alomomola|46\/100 par|[from] move: Pain Split|[silent]\n|-sethp|p1a: Giratina|44\/100 brn|[from] move: Pain Split\n|\n|-heal|p1a: Giratina|50\/100 brn|[from] item: Leftovers\n|-damage|p1a: Giratina|44\/100 brn|[from] brn\n|upkeep\n|turn|74\n|\n|t:|1697944129\n|cant|p2a: Alomomola|par\n|move|p1a: Giratina|Hex|p2a: Alomomola\n|-damage|p2a: Alomomola|4\/100 par\n|\n|-heal|p1a: Giratina|50\/100 brn|[from] item: Leftovers\n|-damage|p1a: Giratina|44\/100 brn|[from] brn\n|upkeep\n|turn|75\n|\n|t:|1697944136\n|switch|p1a: Palkia|Palkia-Origin|40\/100\n|-ability|p1a: Palkia|Pressure\n|switch|p2a: Arceus|Arceus-Fire|99\/100 par\n|\n|upkeep\n|turn|76\n|\n|t:|1697944153\n|move|p1a: Palkia|Earth Power|p2a: Arceus\n|-supereffective|p2a: Arceus\n|-damage|p2a: Arceus|66\/100 par\n|cant|p2a: Arceus|par\n|\n|upkeep\n|turn|77\n|\n|t:|1697944160\n|move|p1a: Palkia|Hydro Pump|p2a: Arceus\n|-supereffective|p2a: Arceus\n|-damage|p2a: Arceus|0 fnt\n|faint|p2a: Arceus\n|\n|upkeep\n|\n|t:|1697944172\n|switch|p2a: Alomomola|Alomomola, F|38\/100 par\n|turn|78\n|\n|t:|1697944178\n|cant|p2a: Alomomola|par\n|move|p1a: Palkia|Spacial Rend|p2a: Alomomola\n|-damage|p2a: Alomomola|0 fnt\n|faint|p2a: Alomomola\n|\n|upkeep\n|\n|t:|1697944181\n|switch|p2a: Scream Tail|Scream Tail|41\/100\n|turn|79\n|\n|t:|1697944186\n|move|p2a: Scream Tail|Protect|p2a: Scream Tail\n|-singleturn|p2a: Scream Tail|Protect\n|move|p1a: Palkia|Earth Power|p2a: Scream Tail\n|-activate|p2a: Scream Tail|move: Protect\n|\n|-heal|p2a: Scream Tail|47\/100|[from] item: Leftovers\n|upkeep\n|turn|80\n|\n|t:|1697944191\n|move|p1a: Palkia|Hydro Pump|p2a: Scream Tail|[miss]\n|-miss|p1a: Palkia|p2a: Scream Tail\n|move|p2a: Scream Tail|Wish|p2a: Scream Tail\n|\n|-heal|p2a: Scream Tail|53\/100|[from] item: Leftovers\n|upkeep\n|turn|81\n|\n|t:|1697944200\n|move|p2a: Scream Tail|Protect|p2a: Scream Tail\n|-singleturn|p2a: Scream Tail|Protect\n|move|p1a: Palkia|Earth Power|p2a: Scream Tail\n|-activate|p2a: Scream Tail|move: Protect\n|\n|-heal|p2a: Scream Tail|100\/100|[from] move: Wish|[wisher] Scream Tail\n|upkeep\n|turn|82\n|\n|t:|1697944203\n|move|p1a: Palkia|Earth Power|p2a: Scream Tail\n|-damage|p2a: Scream Tail|80\/100\n|move|p2a: Scream Tail|Boomburst|p1a: Palkia\n|-damage|p1a: Palkia|16\/100\n|\n|-heal|p2a: Scream Tail|87\/100|[from] item: Leftovers\n|upkeep\n|turn|83\n|\n|t:|1697944210\n|move|p1a: Palkia|Earth Power|p2a: Scream Tail\n|-damage|p2a: Scream Tail|67\/100\n|move|p2a: Scream Tail|Wish|p2a: Scream Tail\n|\n|-heal|p2a: Scream Tail|74\/100|[from] item: Leftovers\n|upkeep\n|turn|84\n|\n|t:|1697944215\n|move|p1a: Palkia|Earth Power|p2a: Scream Tail\n|-damage|p2a: Scream Tail|53\/100\n|move|p2a: Scream Tail|Boomburst|p1a: Palkia\n|-damage|p1a: Palkia|0 fnt\n|faint|p1a: Palkia\n|\n|-heal|p2a: Scream Tail|100\/100|[from] move: Wish|[wisher] Scream Tail\n|upkeep\n|\n|t:|1697944226\n|switch|p1a: Giratina|Giratina|44\/100 brn\n|-ability|p1a: Giratina|Pressure\n|turn|85\n|\n|t:|1697944233\n|move|p2a: Scream Tail|Protect|p2a: Scream Tail\n|-singleturn|p2a: Scream Tail|Protect\n|move|p1a: Giratina|Thunder Wave|p2a: Scream Tail\n|-activate|p2a: Scream Tail|move: Protect\n|\n|-heal|p1a: Giratina|50\/100 brn|[from] item: Leftovers\n|-damage|p1a: Giratina|44\/100 brn|[from] brn\n|upkeep\n|turn|86\n|\n|t:|1697944244\n|move|p2a: Scream Tail|Wish|p2a: Scream Tail\n|move|p1a: Giratina|Thunder Wave|p2a: Scream Tail\n|-status|p2a: Scream Tail|par\n|\n|-heal|p1a: Giratina|50\/100 brn|[from] item: Leftovers\n|-damage|p1a: Giratina|44\/100 brn|[from] brn\n|upkeep\n|turn|87\n|\n|t:|1697944255\n|move|p1a: Giratina|Pain Split|p2a: Scream Tail\n|-sethp|p2a: Scream Tail|75\/100 par|[from] move: Pain Split|[silent]\n|-sethp|p1a: Giratina|65\/100 brn|[from] move: Pain Split\n|move|p2a: Scream Tail|Perish Song|p2a: Scream Tail\n|-start|p1a: Giratina|perish3|[silent]\n|-start|p2a: Scream Tail|perish3|[silent]\n|-fieldactivate|move: Perish Song\n|\n|-heal|p2a: Scream Tail|100\/100 par|[from] move: Wish|[wisher] Scream Tail\n|-heal|p1a: Giratina|71\/100 brn|[from] item: Leftovers\n|-damage|p1a: Giratina|65\/100 brn|[from] brn\n|-start|p1a: Giratina|perish3\n|-start|p2a: Scream Tail|perish3\n|upkeep\n|turn|88\n|\n|t:|1697944267\n|move|p1a: Giratina|Hex|p2a: Scream Tail\n|-supereffective|p2a: Scream Tail\n|-damage|p2a: Scream Tail|48\/100 par\n|move|p2a: Scream Tail|Wish|p2a: Scream Tail\n|\n|-heal|p1a: Giratina|71\/100 brn|[from] item: Leftovers\n|-heal|p2a: Scream Tail|54\/100 par|[from] item: Leftovers\n|-damage|p1a: Giratina|65\/100 brn|[from] brn\n|-start|p1a: Giratina|perish2\n|-start|p2a: Scream Tail|perish2\n|upkeep\n|turn|89\n|\n|t:|1697944279\n|move|p2a: Scream Tail|Protect|p2a: Scream Tail\n|-singleturn|p2a: Scream Tail|Protect\n|move|p1a: Giratina|Hex|p2a: Scream Tail\n|-activate|p2a: Scream Tail|move: Protect\n|\n|-heal|p2a: Scream Tail|100\/100 par|[from] move: Wish|[wisher] Scream Tail\n|-heal|p1a: Giratina|71\/100 brn|[from] item: Leftovers\n|-damage|p1a: Giratina|65\/100 brn|[from] brn\n|-start|p1a: Giratina|perish1\n|-start|p2a: Scream Tail|perish1\n|upkeep\n|turn|90\n|\n|t:|1697944285\n|switch|p1a: Shaymin|Shaymin-Sky|74\/100 brn\n|-end|p2a: Scream Tail|Protosynthesis|[silent]\n|switch|p2a: Zamazenta|Zamazenta-Crowned, tera:Water|19\/100\n|\n|-damage|p1a: Shaymin|68\/100 brn|[from] brn\n|upkeep\n|turn|91\n|\n|t:|1697944295\n|move|p2a: Zamazenta|Ice Fang|p1a: Shaymin\n|-supereffective|p1a: Shaymin\n|-damage|p1a: Shaymin|0 fnt\n|faint|p1a: Shaymin\n|\n|upkeep\n|\n|t:|1697944300\n|switch|p1a: Giratina|Giratina|65\/100 brn\n|-ability|p1a: Giratina|Pressure\n|turn|92\n|\n|t:|1697944311\n|switch|p2a: Scream Tail|Scream Tail|100\/100 par\n|move|p1a: Giratina|Thunder Wave|p2a: Scream Tail\n|-fail|p2a: Scream Tail|par\n|\n|-heal|p1a: Giratina|71\/100 brn|[from] item: Leftovers\n|-damage|p1a: Giratina|65\/100 brn|[from] brn\n|upkeep\n|turn|93\n|\n|t:|1697944316\n|move|p1a: Giratina|Hex|p2a: Scream Tail\n|-supereffective|p2a: Scream Tail\n|-damage|p2a: Scream Tail|53\/100 par\n|cant|p2a: Scream Tail|par\n|\n|-heal|p1a: Giratina|71\/100 brn|[from] item: Leftovers\n|-heal|p2a: Scream Tail|59\/100 par|[from] item: Leftovers\n|-damage|p1a: Giratina|65\/100 brn|[from] brn\n|upkeep\n|turn|94\n|c|\u2606PinkScourge|GG\n|c|\u2606sword over shield|ran out of hex gg\n|\n|t:|1697944333\n|move|p1a: Giratina|Pain Split|p2a: Scream Tail\n|-sethp|p2a: Scream Tail|67\/100 par|[from] move: Pain Split|[silent]\n|-sethp|p1a: Giratina|58\/100 brn|[from] move: Pain Split\n|move|p2a: Scream Tail|Perish Song|p2a: Scream Tail\n|-start|p1a: Giratina|perish3|[silent]\n|-start|p2a: Scream Tail|perish3|[silent]\n|-fieldactivate|move: Perish Song\n|\n|-heal|p1a: Giratina|64\/100 brn|[from] item: Leftovers\n|-heal|p2a: Scream Tail|74\/100 par|[from] item: Leftovers\n|-damage|p1a: Giratina|58\/100 brn|[from] brn\n|-start|p1a: Giratina|perish3\n|-start|p2a: Scream Tail|perish3\n|upkeep\n|turn|95\n|\n|t:|1697944339\n|-end|p2a: Scream Tail|Protosynthesis|[silent]\n|switch|p2a: Zamazenta|Zamazenta-Crowned, tera:Water|19\/100\n|move|p1a: Giratina|Thunder Wave|p2a: Zamazenta\n|-status|p2a: Zamazenta|par\n|\n|-heal|p1a: Giratina|64\/100 brn|[from] item: Leftovers\n|-damage|p1a: Giratina|58\/100 brn|[from] brn\n|-start|p1a: Giratina|perish2\n|upkeep\n|turn|96\n|\n|t:|1697944343\n|move|p1a: Giratina|Pain Split|p2a: Zamazenta\n|-sethp|p2a: Zamazenta|54\/100 par|[from] move: Pain Split|[silent]\n|-sethp|p1a: Giratina|35\/100 brn|[from] move: Pain Split\n|move|p2a: Zamazenta|Ice Fang|p1a: Giratina\n|-supereffective|p1a: Giratina\n|-damage|p1a: Giratina|19\/100 brn\n|\n|-heal|p1a: Giratina|25\/100 brn|[from] item: Leftovers\n|-damage|p1a: Giratina|19\/100 brn|[from] brn\n|-start|p1a: Giratina|perish1\n|upkeep\n|turn|97\n|\n|t:|1697944347\n|move|p1a: Giratina|Pain Split|p2a: Zamazenta\n|-sethp|p2a: Zamazenta|41\/100 par|[from] move: Pain Split|[silent]\n|-sethp|p1a: Giratina|27\/100 brn|[from] move: Pain Split\n|move|p2a: Zamazenta|Ice Fang|p1a: Giratina\n|-supereffective|p1a: Giratina\n|-damage|p1a: Giratina|13\/100 brn\n|\n|-heal|p1a: Giratina|19\/100 brn|[from] item: Leftovers\n|-damage|p1a: Giratina|13\/100 brn|[from] brn\n|-start|p1a: Giratina|perish0\n|upkeep\n|faint|p1a: Giratina\n|\n|win|PinkScourge\n|c|\u2606PinkScourge|Rematch?\n|c|\u2606sword over shield|sure\n","uploadtime":1697944361,"views":26,"p1id":"swordovershield","p2id":"pinkscourge","formatid":"gen9ubers","rating":0,"private":0,"password":""}