{"id":"gen9ubers-1981989081","p1":"adpg.alt","p2":"Leo Justice","format":"[Gen 9] Ubers","log":"|j|\u2606adpg.alt\n|j|\u2606Leo Justice\n|t:|1698957502\n|gametype|singles\n|player|p1|adpg.alt|hilbert-wonderlauncher|\n|player|p2|Leo Justice|carmine|\n|teamsize|p1|6\n|teamsize|p2|6\n|gen|9\n|tier|[Gen 9] Ubers\n|rule|Sleep Clause Mod: Limit one foe put to sleep\n|rule|Species Clause: Limit one of each Pok\u00e9mon\n|rule|OHKO Clause: OHKO moves are banned\n|rule|Evasion Items Clause: Evasion items are banned\n|rule|Evasion Moves Clause: Evasion moves are banned\n|rule|Endless Battle Clause: Forcing endless battles is banned\n|rule|HP Percentage Mod: HP is shown in percentages\n|clearpoke\n|poke|p1|Ninetales-Alola, M|\n|poke|p1|Baxcalibur, M|\n|poke|p1|Arceus-Fighting|\n|poke|p1|Zacian-*|\n|poke|p1|Spectrier|\n|poke|p1|Magearna|\n|poke|p2|Dialga|\n|poke|p2|Moltres|\n|poke|p2|Palafin, M|\n|poke|p2|Arceus-Ghost|\n|poke|p2|Cyclizar, F|\n|poke|p2|Chi-Yu|\n|teampreview\n|c|\u2606Leo Justice|Gl\n|c|\u2606adpg.alt|U2\n|\n|t:|1698957516\n|start\n|switch|p1a: Ninetales|Ninetales-Alola, M|100\/100\n|switch|p2a: Dialga|Dialga|100\/100\n|-weather|Snow|[from] ability: Snow Warning|[of] p1a: Ninetales\n|-ability|p2a: Dialga|Pressure\n|turn|1\n|\n|t:|1698957528\n|move|p1a: Ninetales|Aurora Veil|p1a: Ninetales\n|-sidestart|p1: adpg.alt|move: Aurora Veil\n|move|p2a: Dialga|Stealth Rock|p1a: Ninetales\n|-sidestart|p1: adpg.alt|move: Stealth Rock\n|\n|-weather|Snow|[upkeep]\n|upkeep\n|turn|2\n|\n|t:|1698957539\n|move|p1a: Ninetales|Encore|p2a: Dialga\n|-start|p2a: Dialga|Encore\n|move|p2a: Dialga|Stealth Rock||[still]\n|-fail|p2a: Dialga\n|\n|-weather|Snow|[upkeep]\n|upkeep\n|turn|3\n|\n|t:|1698957550\n|switch|p1a: Baxcalibur|Baxcalibur, M|100\/100\n|switch|p2a: Cyclizar|Cyclizar, F|100\/100\n|\n|-weather|Snow|[upkeep]\n|upkeep\n|turn|4\n|\n|t:|1698957562\n|move|p2a: Cyclizar|Taunt|p1a: Baxcalibur\n|-start|p1a: Baxcalibur|move: Taunt\n|cant|p1a: Baxcalibur|move: Taunt|Dragon Dance\n|\n|-weather|Snow|[upkeep]\n|upkeep\n|turn|5\n|\n|t:|1698957568\n|move|p2a: Cyclizar|Shed Tail|p2a: Cyclizar\n|-start|p2a: Cyclizar|Substitute|[from] move: Shed Tail\n|-damage|p2a: Cyclizar|50\/100\n|\n|t:|1698957574\n|switch|p2a: Dialga|Dialga|100\/100|[from] Shed Tail\n|-ability|p2a: Dialga|Pressure\n|move|p1a: Baxcalibur|Icicle Crash|p2a: Dialga\n|-end|p2a: Dialga|Substitute\n|\n|-weather|none\n|upkeep\n|turn|6\n|\n|t:|1698957603\n|-terastallize|p1a: Baxcalibur|Poison\n|move|p1a: Baxcalibur|Earthquake|p2a: Dialga\n|-supereffective|p2a: Dialga\n|-damage|p2a: Dialga|37\/100\n|move|p2a: Dialga|Draco Meteor|p1a: Baxcalibur\n|-damage|p1a: Baxcalibur|68\/100\n|-unboost|p2a: Dialga|spa|2\n|\n|-heal|p2a: Dialga|43\/100|[from] item: Leftovers\n|-end|p1a: Baxcalibur|move: Taunt\n|upkeep\n|turn|7\n|\n|t:|1698957625\n|switch|p2a: Moltres|Moltres|100\/100\n|move|p1a: Baxcalibur|Dragon Dance|p1a: Baxcalibur\n|-boost|p1a: Baxcalibur|atk|1\n|-boost|p1a: Baxcalibur|spe|1\n|\n|upkeep\n|turn|8\n|\n|t:|1698957634\n|move|p1a: Baxcalibur|Glaive Rush|p2a: Moltres\n|-damage|p2a: Moltres|19\/100\n|-singlemove|p1a: Baxcalibur|Glaive Rush|[silent]\n|move|p2a: Moltres|Hurricane|p1a: Baxcalibur\n|-damage|p1a: Baxcalibur|23\/100\n|-start|p1a: Baxcalibur|confusion\n|\n|-sideend|p1: adpg.alt|move: Aurora Veil\n|upkeep\n|turn|9\n|\n|t:|1698957647\n|-activate|p1a: Baxcalibur|confusion\n|move|p1a: Baxcalibur|Icicle Crash|p2a: Moltres\n|-damage|p2a: Moltres|0 fnt\n|faint|p2a: Moltres\n|\n|upkeep\n|\n|t:|1698957655\n|switch|p2a: Palafin|Palafin, M|100\/100\n|turn|10\n|\n|t:|1698957662\n|move|p2a: Palafin|Jet Punch|p1a: Baxcalibur\n|-damage|p1a: Baxcalibur|0 fnt\n|faint|p1a: Baxcalibur\n|\n|upkeep\n|\n|t:|1698957674\n|switch|p1a: Ninetales|Ninetales-Alola, M|100\/100\n|-damage|p1a: Ninetales|76\/100|[from] Stealth Rock\n|-weather|Snow|[from] ability: Snow Warning|[of] p1a: Ninetales\n|turn|11\n|\n|t:|1698957689\n|detailschange|p2a: Palafin|Palafin-Hero, M\n|switch|p2a: Dialga|Dialga|43\/100\n|-ability|p2a: Dialga|Pressure\n|move|p1a: Ninetales|Aurora Veil|p1a: Ninetales\n|-sidestart|p1: adpg.alt|move: Aurora Veil\n|\n|-weather|Snow|[upkeep]\n|-heal|p2a: Dialga|49\/100|[from] item: Leftovers\n|upkeep\n|turn|12\n|\n|t:|1698957695\n|move|p1a: Ninetales|Blizzard|p2a: Dialga\n|-damage|p2a: Dialga|29\/100\n|move|p2a: Dialga|Roar|p1a: Ninetales\n|drag|p1a: Arceus|Arceus-Fighting|100\/100\n|-damage|p1a: Arceus|94\/100|[from] Stealth Rock\n|\n|-weather|Snow|[upkeep]\n|-heal|p2a: Dialga|36\/100|[from] item: Leftovers\n|upkeep\n|turn|13\n|\n|t:|1698957718\n|switch|p2a: Arceus|Arceus-Ghost|100\/100\n|move|p1a: Arceus|Judgment|p2a: Arceus\n|-immune|p2a: Arceus\n|\n|-weather|Snow|[upkeep]\n|upkeep\n|turn|14\n|\n|t:|1698957723\n|move|p1a: Arceus|Calm Mind|p1a: Arceus\n|-boost|p1a: Arceus|spa|1\n|-boost|p1a: Arceus|spd|1\n|move|p2a: Arceus|Swords Dance|p2a: Arceus\n|-boost|p2a: Arceus|atk|2\n|\n|-weather|Snow|[upkeep]\n|upkeep\n|turn|15\n|\n|t:|1698957729\n|move|p1a: Arceus|Shadow Ball|p2a: Arceus\n|-supereffective|p2a: Arceus\n|-damage|p2a: Arceus|57\/100\n|move|p2a: Arceus|Shadow Claw|p1a: Arceus\n|-damage|p1a: Arceus|65\/100\n|\n|-weather|none\n|upkeep\n|turn|16\n|\n|t:|1698957747\n|move|p1a: Arceus|Calm Mind|p1a: Arceus\n|-boost|p1a: Arceus|spa|1\n|-boost|p1a: Arceus|spd|1\n|move|p2a: Arceus|Recover|p2a: Arceus\n|-heal|p2a: Arceus|100\/100\n|\n|upkeep\n|turn|17\n|\n|t:|1698957754\n|move|p1a: Arceus|Shadow Ball|p2a: Arceus\n|-supereffective|p2a: Arceus\n|-damage|p2a: Arceus|46\/100\n|move|p2a: Arceus|Shadow Claw|p1a: Arceus\n|-damage|p1a: Arceus|36\/100\n|\n|upkeep\n|turn|18\n|\n|t:|1698957772\n|-terastallize|p2a: Arceus|Normal\n|move|p1a: Arceus|Shadow Ball|p2a: Arceus\n|-immune|p2a: Arceus\n|move|p2a: Arceus|Shadow Claw|p1a: Arceus\n|-damage|p1a: Arceus|8\/100\n|\n|-sideend|p1: adpg.alt|move: Aurora Veil\n|upkeep\n|turn|19\n|\n|t:|1698957780\n|move|p2a: Arceus|Extreme Speed|p1a: Arceus\n|-damage|p1a: Arceus|0 fnt\n|faint|p1a: Arceus\n|\n|upkeep\n|\n|t:|1698957783\n|switch|p1a: Spectrier|Spectrier|100\/100\n|-damage|p1a: Spectrier|88\/100|[from] Stealth Rock\n|turn|20\n|\n|t:|1698957796\n|move|p1a: Spectrier|Draining Kiss|p2a: Arceus\n|-damage|p2a: Arceus|34\/100\n|-heal|p1a: Spectrier|99\/100|[from] drain|[of] p2a: Arceus\n|move|p2a: Arceus|Recover|p2a: Arceus\n|-heal|p2a: Arceus|84\/100\n|\n|-heal|p1a: Spectrier|100\/100|[from] item: Leftovers\n|upkeep\n|turn|21\n|c|\u2606Leo Justice|Spectrier is ass\n|c|\u2606Leo Justice|Truly a spectrier moment\n|\n|t:|1698957813\n|move|p1a: Spectrier|Substitute|p1a: Spectrier\n|-start|p1a: Spectrier|Substitute\n|-damage|p1a: Spectrier|76\/100\n|move|p2a: Arceus|Swords Dance|p2a: Arceus\n|-boost|p2a: Arceus|atk|2\n|\n|-heal|p1a: Spectrier|82\/100|[from] item: Leftovers\n|upkeep\n|turn|22\n|\n|t:|1698957825\n|move|p1a: Spectrier|Nasty Plot|p1a: Spectrier\n|-boost|p1a: Spectrier|spa|2\n|move|p2a: Arceus|Shadow Claw|p1a: Spectrier\n|-supereffective|p1a: Spectrier\n|-end|p1a: Spectrier|Substitute\n|\n|-heal|p1a: Spectrier|88\/100|[from] item: Leftovers\n|upkeep\n|turn|23\n|\n|t:|1698957837\n|move|p1a: Spectrier|Substitute|p1a: Spectrier\n|-start|p1a: Spectrier|Substitute\n|-damage|p1a: Spectrier|63\/100\n|move|p2a: Arceus|Shadow Claw|p1a: Spectrier\n|-supereffective|p1a: Spectrier\n|-end|p1a: Spectrier|Substitute\n|\n|-heal|p1a: Spectrier|69\/100|[from] item: Leftovers\n|upkeep\n|turn|24\n|\n|t:|1698957842\n|move|p1a: Spectrier|Draining Kiss|p2a: Arceus\n|-damage|p2a: Arceus|59\/100\n|-heal|p1a: Spectrier|94\/100|[from] drain|[of] p2a: Arceus\n|move|p2a: Arceus|Shadow Claw|p1a: Spectrier\n|-supereffective|p1a: Spectrier\n|-damage|p1a: Spectrier|0 fnt\n|faint|p1a: Spectrier\n|\n|upkeep\n|\n|t:|1698957863\n|switch|p1a: Magearna|Magearna|100\/100\n|-damage|p1a: Magearna|94\/100|[from] Stealth Rock\n|turn|25\n|\n|t:|1698957869\n|move|p2a: Arceus|Shadow Claw|p1a: Magearna\n|-damage|p1a: Magearna|0 fnt\n|faint|p1a: Magearna\n|\n|upkeep\n|\n|t:|1698957872\n|switch|p1a: Zacian|Zacian|100\/100\n|-ability|p1a: Zacian|Intrepid Sword|boost\n|-boost|p1a: Zacian|atk|1\n|turn|26\n|\n|t:|1698957876\n|move|p2a: Arceus|Extreme Speed|p1a: Zacian\n|-damage|p1a: Zacian|0 fnt\n|faint|p1a: Zacian\n|\n|upkeep\n|c|\u2606adpg.alt|GG\n|c|\u2606Leo Justice|gg\n|c|\u2606adpg.alt|Wanna do another?\n|-message|adpg.alt forfeited.\n|\n|win|Leo Justice\n|c|\u2606Leo Justice|sure\n","uploadtime":1698957952,"views":16,"p1id":"adpgalt","p2id":"leojustice","formatid":"gen9ubers","rating":0,"private":0,"password":""}