{"id":"gen9ubers-2000260478","p1":"Heleana","p2":"PokeFeijoada","format":"[Gen 9] Ubers","log":"|j|\u2606Heleana\n|j|\u2606PokeFeijoada\n|t:|1701178719\n|gametype|singles\n|player|p1|Heleana|alder|1111\n|player|p2|PokeFeijoada|dancer|1138\n|teamsize|p1|6\n|teamsize|p2|6\n|gen|9\n|tier|[Gen 9] Ubers\n|rated|\n|rule|Sleep Clause Mod: Limit one foe put to sleep\n|rule|Species Clause: Limit one of each Pok\u00e9mon\n|rule|OHKO Clause: OHKO moves are banned\n|rule|Evasion Items Clause: Evasion items are banned\n|rule|Evasion Moves Clause: Evasion moves are banned\n|rule|Endless Battle Clause: Forcing endless battles is banned\n|rule|HP Percentage Mod: HP is shown in percentages\n|clearpoke\n|poke|p1|Gliscor, M|\n|poke|p1|Basculegion, M|\n|poke|p1|Carbink|\n|poke|p1|Orthworm, F|\n|poke|p1|Iron Treads|\n|poke|p1|Tinkaton, F|\n|poke|p2|Gliscor, F|\n|poke|p2|Miraidon|\n|poke|p2|Urshifu-*, F|\n|poke|p2|Chien-Pao|\n|poke|p2|Spectrier|\n|poke|p2|Arceus|\n|teampreview\n|\n|t:|1701178740\n|start\n|switch|p1a: Carbink|Carbink|100\/100\n|switch|p2a: Gliscor|Gliscor, F|100\/100\n|turn|1\n|inactive|Battle timer is ON: inactive players will automatically lose when time's up. (requested by PokeFeijoada)\n|\n|t:|1701178747\n|move|p2a: Gliscor|Toxic|p1a: Carbink\n|-status|p1a: Carbink|tox\n|move|p1a: Carbink|Iron Defense|p1a: Carbink\n|-boost|p1a: Carbink|def|2\n|\n|-damage|p1a: Carbink|94\/100 tox|[from] psn\n|-status|p2a: Gliscor|tox|[from] item: Toxic Orb\n|upkeep\n|turn|2\n|\n|t:|1701178757\n|move|p2a: Gliscor|Spikes|p1a: Carbink\n|-sidestart|p1: Heleana|Spikes\n|move|p1a: Carbink|Iron Defense|p1a: Carbink\n|-boost|p1a: Carbink|def|2\n|\n|-heal|p1a: Carbink|100\/100 tox|[from] item: Leftovers\n|-damage|p1a: Carbink|88\/100 tox|[from] psn\n|upkeep\n|turn|3\n|\n|t:|1701178765\n|move|p2a: Gliscor|Spikes|p1a: Carbink\n|-sidestart|p1: Heleana|Spikes\n|move|p1a: Carbink|Iron Defense|p1a: Carbink\n|-boost|p1a: Carbink|def|2\n|\n|-heal|p1a: Carbink|94\/100 tox|[from] item: Leftovers\n|-damage|p1a: Carbink|75\/100 tox|[from] psn\n|upkeep\n|turn|4\n|\n|t:|1701178774\n|move|p2a: Gliscor|Spikes|p1a: Carbink\n|-sidestart|p1: Heleana|Spikes\n|move|p1a: Carbink|Body Press|p2a: Gliscor\n|-resisted|p2a: Gliscor\n|-damage|p2a: Gliscor|71\/100 tox\n|\n|-heal|p1a: Carbink|82\/100 tox|[from] item: Leftovers\n|-heal|p2a: Gliscor|84\/100 tox|[from] ability: Poison Heal\n|-damage|p1a: Carbink|57\/100 tox|[from] psn\n|upkeep\n|turn|5\n|\n|t:|1701178788\n|move|p2a: Gliscor|Protect|p2a: Gliscor\n|-singleturn|p2a: Gliscor|Protect\n|move|p1a: Carbink|Rock Blast|p2a: Gliscor\n|-activate|p2a: Gliscor|move: Protect\n|\n|-heal|p1a: Carbink|63\/100 tox|[from] item: Leftovers\n|-heal|p2a: Gliscor|96\/100 tox|[from] ability: Poison Heal\n|-damage|p1a: Carbink|32\/100 tox|[from] psn\n|upkeep\n|turn|6\n|\n|t:|1701178798\n|move|p2a: Gliscor|Earthquake|p1a: Carbink\n|-supereffective|p1a: Carbink\n|-damage|p1a: Carbink|18\/100 tox\n|move|p1a: Carbink|Rock Blast|p2a: Gliscor\n|-damage|p2a: Gliscor|93\/100 tox\n|-crit|p2a: Gliscor\n|-damage|p2a: Gliscor|88\/100 tox\n|-damage|p2a: Gliscor|85\/100 tox\n|-damage|p2a: Gliscor|82\/100 tox\n|-hitcount|p2a: Gliscor|4\n|\n|-heal|p1a: Carbink|24\/100 tox|[from] item: Leftovers\n|-heal|p2a: Gliscor|95\/100 tox|[from] ability: Poison Heal\n|-damage|p1a: Carbink|0 fnt|[from] psn\n|faint|p1a: Carbink\n|upkeep\n|\n|t:|1701178813\n|switch|p1a: Iron Treads|Iron Treads|100\/100\n|turn|7\n|\n|t:|1701178823\n|move|p1a: Iron Treads|Heavy Slam|p2a: Gliscor\n|-damage|p2a: Gliscor|67\/100 tox\n|move|p2a: Gliscor|Earthquake|p1a: Iron Treads\n|-supereffective|p1a: Iron Treads\n|-damage|p1a: Iron Treads|61\/100\n|\n|-heal|p2a: Gliscor|80\/100 tox|[from] ability: Poison Heal\n|upkeep\n|turn|8\n|\n|t:|1701178832\n|move|p1a: Iron Treads|Rapid Spin|p2a: Gliscor\n|-damage|p2a: Gliscor|72\/100 tox\n|-boost|p1a: Iron Treads|spe|1\n|-sideend|p1: Heleana|Spikes|[from] move: Rapid Spin|[of] p1a: Iron Treads\n|move|p2a: Gliscor|Earthquake|p1a: Iron Treads\n|-supereffective|p1a: Iron Treads\n|-damage|p1a: Iron Treads|22\/100\n|\n|-heal|p2a: Gliscor|84\/100 tox|[from] ability: Poison Heal\n|upkeep\n|turn|9\n|\n|t:|1701178842\n|move|p1a: Iron Treads|Heavy Slam|p2a: Gliscor\n|-damage|p2a: Gliscor|55\/100 tox\n|move|p2a: Gliscor|Earthquake|p1a: Iron Treads\n|-supereffective|p1a: Iron Treads\n|-damage|p1a: Iron Treads|0 fnt\n|faint|p1a: Iron Treads\n|-end|p1a: Iron Treads|Quark Drive|[silent]\n|\n|-heal|p2a: Gliscor|68\/100 tox|[from] ability: Poison Heal\n|upkeep\n|\n|t:|1701178862\n|switch|p1a: Basculegion|Basculegion, M|100\/100\n|turn|10\n|\n|t:|1701178866\n|-terastallize|p1a: Basculegion|Water\n|move|p2a: Gliscor|Protect|p2a: Gliscor\n|-singleturn|p2a: Gliscor|Protect\n|move|p1a: Basculegion|Aqua Jet|p2a: Gliscor\n|-activate|p2a: Gliscor|move: Protect\n|\n|-heal|p2a: Gliscor|80\/100 tox|[from] ability: Poison Heal\n|upkeep\n|turn|11\n|inactive|PokeFeijoada has 120 seconds left.\n|\n|t:|1701178898\n|switch|p2a: Miraidon|Miraidon|100\/100\n|-fieldstart|move: Electric Terrain|[from] ability: Hadron Engine|[of] p2a: Miraidon\n|move|p1a: Basculegion|Aqua Jet|p2a: Miraidon\n|-resisted|p2a: Miraidon\n|-damage|p2a: Miraidon|76\/100\n|\n|upkeep\n|turn|12\n|\n|t:|1701178907\n|move|p1a: Basculegion|Aqua Jet|p2a: Miraidon\n|-resisted|p2a: Miraidon\n|-damage|p2a: Miraidon|52\/100\n|move|p2a: Miraidon|Electro Drift|p1a: Basculegion\n|-supereffective|p1a: Basculegion\n|-damage|p1a: Basculegion|0 fnt\n|faint|p1a: Basculegion\n|\n|upkeep\n|\n|t:|1701178916\n|switch|p1a: Gliscor|Gliscor, M|100\/100\n|turn|13\n|\n|t:|1701178923\n|switch|p2a: Gliscor|Gliscor, F|80\/100 tox\n|move|p1a: Gliscor|Swords Dance|p1a: Gliscor\n|-boost|p1a: Gliscor|atk|2\n|\n|-heal|p2a: Gliscor|93\/100 tox|[from] ability: Poison Heal\n|-status|p1a: Gliscor|tox|[from] item: Toxic Orb\n|upkeep\n|turn|14\n|\n|t:|1701178936\n|move|p2a: Gliscor|Protect|p2a: Gliscor\n|-singleturn|p2a: Gliscor|Protect\n|move|p1a: Gliscor|Facade|p2a: Gliscor\n|-activate|p2a: Gliscor|move: Protect\n|\n|-heal|p2a: Gliscor|100\/100 tox|[from] ability: Poison Heal\n|upkeep\n|turn|15\n|\n|t:|1701178945\n|switch|p2a: Spectrier|Spectrier|100\/100\n|move|p1a: Gliscor|Facade|p2a: Spectrier\n|-immune|p2a: Spectrier\n|\n|-fieldend|move: Electric Terrain\n|upkeep\n|turn|16\n|\n|t:|1701178954\n|move|p2a: Spectrier|Shadow Ball|p1a: Gliscor\n|-damage|p1a: Gliscor|38\/100 tox\n|-unboost|p1a: Gliscor|spd|1\n|move|p1a: Gliscor|Earthquake|p2a: Spectrier\n|-damage|p2a: Spectrier|0 fnt\n|faint|p2a: Spectrier\n|\n|-heal|p1a: Gliscor|50\/100 tox|[from] ability: Poison Heal\n|upkeep\n|\n|t:|1701178966\n|switch|p2a: Gliscor|Gliscor, F|100\/100 tox\n|turn|17\n|\n|t:|1701178974\n|move|p2a: Gliscor|Protect|p2a: Gliscor\n|-singleturn|p2a: Gliscor|Protect\n|move|p1a: Gliscor|Facade|p2a: Gliscor\n|-activate|p2a: Gliscor|move: Protect\n|\n|-heal|p1a: Gliscor|62\/100 tox|[from] ability: Poison Heal\n|upkeep\n|turn|18\n|\n|t:|1701178983\n|move|p1a: Gliscor|Facade|p2a: Gliscor\n|-damage|p2a: Gliscor|49\/100 tox\n|move|p2a: Gliscor|Spikes|p1a: Gliscor\n|-sidestart|p1: Heleana|Spikes\n|\n|-heal|p1a: Gliscor|75\/100 tox|[from] ability: Poison Heal\n|-heal|p2a: Gliscor|61\/100 tox|[from] ability: Poison Heal\n|upkeep\n|turn|19\n|\n|t:|1701178992\n|move|p1a: Gliscor|Earthquake|p2a: Gliscor\n|-immune|p2a: Gliscor\n|move|p2a: Gliscor|Spikes|p1a: Gliscor\n|-sidestart|p1: Heleana|Spikes\n|\n|-heal|p1a: Gliscor|87\/100 tox|[from] ability: Poison Heal\n|-heal|p2a: Gliscor|73\/100 tox|[from] ability: Poison Heal\n|upkeep\n|turn|20\n|\n|t:|1701179001\n|move|p1a: Gliscor|Facade|p2a: Gliscor\n|-damage|p2a: Gliscor|29\/100 tox\n|move|p2a: Gliscor|Spikes|p1a: Gliscor\n|-sidestart|p1: Heleana|Spikes\n|\n|-heal|p1a: Gliscor|99\/100 tox|[from] ability: Poison Heal\n|-heal|p2a: Gliscor|41\/100 tox|[from] ability: Poison Heal\n|upkeep\n|turn|21\n|\n|t:|1701179025\n|move|p1a: Gliscor|Facade|p2a: Gliscor\n|-damage|p2a: Gliscor|0 fnt\n|faint|p2a: Gliscor\n|\n|-heal|p1a: Gliscor|100\/100 tox|[from] ability: Poison Heal\n|upkeep\n|\n|t:|1701179034\n|switch|p2a: Urshifu|Urshifu-Rapid-Strike, F|100\/100\n|turn|22\n|\n|t:|1701179048\n|move|p1a: Gliscor|Earthquake|p2a: Urshifu\n|-damage|p2a: Urshifu|12\/100\n|move|p2a: Urshifu|Surging Strikes|p1a: Gliscor\n|-supereffective|p1a: Gliscor\n|-crit|p1a: Gliscor\n|-damage|p1a: Gliscor|39\/100 tox\n|-supereffective|p1a: Gliscor\n|-crit|p1a: Gliscor\n|-damage|p1a: Gliscor|0 fnt\n|faint|p1a: Gliscor\n|-hitcount|p1: Gliscor|2\n|\n|upkeep\n|\n|t:|1701179058\n|switch|p1a: Orthworm|Orthworm, F|100\/100\n|-damage|p1a: Orthworm|76\/100|[from] Spikes\n|turn|23\n|\n|t:|1701179068\n|move|p2a: Urshifu|Surging Strikes|p1a: Orthworm\n|-crit|p1a: Orthworm\n|-damage|p1a: Orthworm|53\/100\n|-crit|p1a: Orthworm\n|-damage|p1a: Orthworm|28\/100\n|-crit|p1a: Orthworm\n|-damage|p1a: Orthworm|3\/100\n|-hitcount|p1a: Orthworm|3\n|move|p1a: Orthworm|Iron Head|p2a: Urshifu\n|-resisted|p2a: Urshifu\n|-damage|p2a: Urshifu|0 fnt\n|faint|p2a: Urshifu\n|\n|upkeep\n|\n|t:|1701179091\n|switch|p2a: Miraidon|Miraidon|52\/100\n|-fieldstart|move: Electric Terrain|[from] ability: Hadron Engine|[of] p2a: Miraidon\n|turn|24\n|\n|t:|1701179102\n|move|p2a: Miraidon|Electro Drift|p1a: Orthworm\n|-damage|p1a: Orthworm|0 fnt\n|faint|p1a: Orthworm\n|\n|upkeep\n|\n|t:|1701179107\n|switch|p1a: Tinkaton|Tinkaton, F|100\/100\n|-damage|p1a: Tinkaton|76\/100|[from] Spikes\n|-ability|p1a: Tinkaton|Mold Breaker\n|turn|25\n|\n|t:|1701179115\n|move|p2a: Miraidon|Electro Drift|p1a: Tinkaton\n|-damage|p1a: Tinkaton|0 fnt\n|faint|p1a: Tinkaton\n|\n|win|PokeFeijoada\n|raw|Heleana's rating: 1111 &rarr; <strong>1088<\/strong><br \/>(-23 for losing)\n|raw|PokeFeijoada's rating: 1138 &rarr; <strong>1161<\/strong><br \/>(+23 for winning)\n|l|\u2606PokeFeijoada\n|l|\u2606Heleana\n|j|\u2606PokeFeijoada\n|player|p2|PokeFeijoada|dancer\n","uploadtime":1701179156,"views":2,"p1id":"heleana","p2id":"pokefeijoada","formatid":"gen9ubers","rating":1088,"private":0,"password":""}