{"id":"gen9ubers-1970035674","p1":"BlackAceX19","p2":"trillbo","format":"[Gen 9] Ubers","log":"|j|\u2606BlackAceX19\n|j|\u2606trillbo\n|t:|1697587458\n|gametype|singles\n|player|p1|BlackAceX19|wally-masters|\n|player|p2|trillbo|acetrainer-gen4dp|\n|teamsize|p1|6\n|teamsize|p2|6\n|gen|9\n|tier|[Gen 9] Ubers\n|rule|Sleep Clause Mod: Limit one foe put to sleep\n|rule|Species Clause: Limit one of each Pok\u00e9mon\n|rule|OHKO Clause: OHKO moves are banned\n|rule|Evasion Items Clause: Evasion items are banned\n|rule|Evasion Moves Clause: Evasion moves are banned\n|rule|Endless Battle Clause: Forcing endless battles is banned\n|rule|HP Percentage Mod: HP is shown in percentages\n|clearpoke\n|poke|p1|Amoonguss, M|\n|poke|p1|Iron Bundle|\n|poke|p1|Iron Treads|\n|poke|p1|Ninetales-Alola, F|\n|poke|p1|Infernape, M|\n|poke|p1|Meowscarada, M|\n|poke|p2|Flutter Mane|\n|poke|p2|Torkoal, M|\n|poke|p2|Clefable, F|\n|poke|p2|Lilligant-Hisui, F|\n|poke|p2|Alomomola, F|\n|poke|p2|Landorus, M|\n|teampreview\n|j| Willish6634\n|j| mklgd\n|j| ampharosaunt11\n|\n|t:|1697587548\n|start\n|switch|p1a: Meowscarada|Meowscarada, M|100\/100\n|switch|p2a: Tony|Landorus, M|100\/100\n|turn|1\n|c| Willish6634|William but spooky\n|j| Chadwin93\n|\n|t:|1697587567\n|move|p1a: Meowscarada|Taunt|p2a: Tony\n|-start|p2a: Tony|move: Taunt\n|move|p2a: Tony|Focus Blast|p1a: Meowscarada\n|-supereffective|p1a: Meowscarada\n|-enditem|p1a: Meowscarada|Focus Sash\n|-damage|p1a: Meowscarada|1\/100\n|\n|upkeep\n|turn|2\n|c| mklgd|insane doubleheader\n|\n|t:|1697587575\n|move|p1a: Meowscarada|Toxic Spikes|p2a: Tony\n|-sidestart|p2: trillbo|move: Toxic Spikes\n|move|p2a: Tony|U-turn|p1a: Meowscarada\n|-supereffective|p1a: Meowscarada\n|-crit|p1a: Meowscarada\n|-damage|p1a: Meowscarada|0 fnt\n|faint|p1a: Meowscarada\n|-damage|p2a: Tony|91\/100|[from] item: Life Orb\n|c| Willish6634|trilly gonna win\n|c| Willish6634|100%\n|c| mklgd|great lead from krow here\n|\n|t:|1697587599\n|switch|p2a: Tommy Tutu|Torkoal, M|100\/100|[from] U-turn\n|-status|p2a: Tommy Tutu|psn\n|-weather|SunnyDay|[from] ability: Drought|[of] p2a: Tommy Tutu\n|\n|-weather|SunnyDay|[upkeep]\n|-damage|p2a: Tommy Tutu|88\/100 psn|[from] psn\n|upkeep\n|\n|t:|1697587606\n|switch|p1a: Infernape|Infernape, M|100\/100\n|turn|3\n|\n|t:|1697587622\n|move|p1a: Infernape|Taunt|p2a: Tommy Tutu\n|-start|p2a: Tommy Tutu|move: Taunt\n|cant|p2a: Tommy Tutu|move: Taunt|Yawn\n|\n|-weather|SunnyDay|[upkeep]\n|-damage|p2a: Tommy Tutu|76\/100 psn|[from] psn\n|upkeep\n|turn|4\n|\n|t:|1697587634\n|move|p1a: Infernape|U-turn|p2a: Tommy Tutu\n|-resisted|p2a: Tommy Tutu\n|-damage|p2a: Tommy Tutu|69\/100 psn\n|-damage|p1a: Infernape|91\/100|[from] item: Life Orb\n|\n|t:|1697587638\n|switch|p1a: Iron Treads|Iron Treads|100\/100|[from] U-turn\n|move|p2a: Tommy Tutu|Rapid Spin|p1a: Iron Treads\n|-resisted|p1a: Iron Treads\n|-damage|p1a: Iron Treads|96\/100\n|-boost|p2a: Tommy Tutu|spe|1\n|-sideend|p2: trillbo|Toxic Spikes|[from] move: Rapid Spin|[of] p2a: Tommy Tutu\n|\n|-weather|SunnyDay|[upkeep]\n|-damage|p2a: Tommy Tutu|56\/100 psn|[from] psn\n|upkeep\n|turn|5\n|\n|t:|1697587661\n|switch|p2a: Pizza|Alomomola, F, shiny|100\/100\n|-terastallize|p1a: Iron Treads|Water\n|move|p1a: Iron Treads|Knock Off|p2a: Pizza\n|-damage|p2a: Pizza|85\/100\n|-enditem|p2a: Pizza|Heavy-Duty Boots|[from] move: Knock Off|[of] p1a: Iron Treads\n|\n|-weather|SunnyDay|[upkeep]\n|upkeep\n|turn|6\n|\n|t:|1697587672\n|move|p1a: Iron Treads|Volt Switch|p2a: Pizza\n|-supereffective|p2a: Pizza\n|-damage|p2a: Pizza|60\/100\n|c| Willish6634|alomomola\n|\n|t:|1697587676\n|-end|p1a: Iron Treads|Quark Drive|[silent]\n|switch|p1a: Khione|Ninetales-Alola, F|100\/100|[from] Volt Switch\n|-weather|Snow|[from] ability: Snow Warning|[of] p1a: Khione\n|move|p2a: Pizza|Flip Turn|p1a: Khione\n|-damage|p1a: Khione|87\/100\n|\n|t:|1697587683\n|switch|p2a: Tommy Tutu|Torkoal, M|56\/100 psn|[from] Flip Turn\n|-weather|SunnyDay|[from] ability: Drought|[of] p2a: Tommy Tutu\n|\n|-weather|SunnyDay|[upkeep]\n|-damage|p2a: Tommy Tutu|44\/100 psn|[from] psn\n|upkeep\n|turn|7\n|\n|t:|1697587696\n|switch|p1a: Iron Treads|Iron Treads, tera:Water|96\/100\n|switch|p2a: Pizza|Alomomola, F, shiny|93\/100\n|\n|-weather|SunnyDay|[upkeep]\n|upkeep\n|turn|8\n|\n|t:|1697587704\n|move|p1a: Iron Treads|Volt Switch|p2a: Pizza\n|-supereffective|p2a: Pizza\n|-damage|p2a: Pizza|68\/100\n|\n|t:|1697587709\n|-end|p1a: Iron Treads|Quark Drive|[silent]\n|switch|p1a: T3000|Iron Bundle, shiny|100\/100|[from] Volt Switch\n|move|p2a: Pizza|Wish|p2a: Pizza\n|\n|-weather|SunnyDay|[upkeep]\n|upkeep\n|turn|9\n|\n|t:|1697587738\n|switch|p2a: TheeStallion|Clefable, F, shiny|100\/100\n|move|p1a: T3000|Flip Turn|p2a: TheeStallion\n|-crit|p2a: TheeStallion\n|-damage|p2a: TheeStallion|83\/100\n|-damage|p1a: T3000|91\/100|[from] item: Life Orb\n|\n|t:|1697587745\n|-end|p1a: T3000|Quark Drive|[silent]\n|switch|p1a: Amoonguss|Amoonguss, M, shiny|100\/100|[from] Flip Turn\n|\n|-weather|SunnyDay|[upkeep]\n|-heal|p2a: TheeStallion|100\/100|[from] move: Wish|[wisher] Pizza\n|upkeep\n|turn|10\n|\n|t:|1697587767\n|switch|p2a: Tommy Tutu|Torkoal, M|44\/100 psn\n|move|p1a: Amoonguss|Sludge Bomb|p2a: Tommy Tutu\n|-damage|p2a: Tommy Tutu|9\/100 psn\n|\n|-weather|SunnyDay|[upkeep]\n|-damage|p2a: Tommy Tutu|0 fnt|[from] psn\n|faint|p2a: Tommy Tutu\n|upkeep\n|\n|t:|1697587780\n|switch|p2a: Greeedent|Lilligant-Hisui, F, shiny|100\/100\n|turn|11\n|\n|t:|1697587786\n|move|p2a: Greeedent|Victory Dance|p2a: Greeedent\n|-boost|p2a: Greeedent|atk|1\n|-boost|p2a: Greeedent|def|1\n|-boost|p2a: Greeedent|spe|1\n|move|p1a: Amoonguss|Toxic|p2a: Greeedent\n|-status|p2a: Greeedent|tox\n|\n|-weather|SunnyDay|[upkeep]\n|-damage|p2a: Greeedent|94\/100 tox|[from] psn\n|upkeep\n|turn|12\n|\n|t:|1697587794\n|move|p2a: Greeedent|Ice Spinner|p1a: Amoonguss\n|-supereffective|p1a: Amoonguss\n|-damage|p1a: Amoonguss|11\/100\n|-enditem|p1a: Amoonguss|Red Card|[of] p2a: Greeedent\n|drag|p2a: TheeStallion|Clefable, F, shiny|100\/100\n|move|p1a: Amoonguss|Sludge Bomb|p2a: TheeStallion\n|-supereffective|p2a: TheeStallion\n|-damage|p2a: TheeStallion|62\/100\n|\n|-weather|SunnyDay|[upkeep]\n|-heal|p2a: TheeStallion|69\/100|[from] item: Leftovers\n|upkeep\n|turn|13\n|\n|t:|1697587808\n|switch|p2a: Greeedent|Lilligant-Hisui, F, shiny|94\/100 tox\n|switch|p1a: Khione|Ninetales-Alola, F|87\/100\n|-weather|Snow|[from] ability: Snow Warning|[of] p1a: Khione\n|\n|-weather|Snow|[upkeep]\n|-damage|p2a: Greeedent|88\/100 tox|[from] psn\n|upkeep\n|turn|14\n|\n|t:|1697587844\n|move|p1a: Khione|Blizzard|p2a: Greeedent\n|-supereffective|p2a: Greeedent\n|-damage|p2a: Greeedent|0 fnt\n|faint|p2a: Greeedent\n|\n|-weather|Snow|[upkeep]\n|upkeep\n|\n|t:|1697587867\n|switch|p2a: TheeStallion|Clefable, F, shiny|69\/100\n|turn|15\n|\n|t:|1697587871\n|move|p1a: Khione|Aurora Veil|p1a: Khione\n|-sidestart|p1: BlackAceX19|move: Aurora Veil\n|move|p2a: TheeStallion|Cosmic Power|p2a: TheeStallion\n|-boost|p2a: TheeStallion|def|1\n|-boost|p2a: TheeStallion|spd|1\n|\n|-weather|Snow|[upkeep]\n|-heal|p2a: TheeStallion|75\/100|[from] item: Leftovers\n|upkeep\n|turn|16\n|\n|t:|1697587877\n|switch|p1a: Amoonguss|Amoonguss, M, shiny|44\/100\n|move|p2a: TheeStallion|Cosmic Power|p2a: TheeStallion\n|-boost|p2a: TheeStallion|def|1\n|-boost|p2a: TheeStallion|spd|1\n|\n|-weather|Snow|[upkeep]\n|-heal|p2a: TheeStallion|81\/100|[from] item: Leftovers\n|upkeep\n|turn|17\n|\n|t:|1697587886\n|-terastallize|p2a: TheeStallion|Steel\n|move|p2a: TheeStallion|Cosmic Power|p2a: TheeStallion\n|-boost|p2a: TheeStallion|def|1\n|-boost|p2a: TheeStallion|spd|1\n|move|p1a: Amoonguss|Spore|p2a: TheeStallion\n|-status|p2a: TheeStallion|slp|[from] move: Spore\n|\n|-weather|none\n|-heal|p2a: TheeStallion|87\/100 slp|[from] item: Leftovers\n|upkeep\n|turn|18\n|\n|t:|1697587895\n|switch|p1a: Infernape|Infernape, M|91\/100\n|cant|p2a: TheeStallion|slp\n|\n|-heal|p2a: TheeStallion|93\/100 slp|[from] item: Leftovers\n|upkeep\n|turn|19\n|\n|t:|1697587901\n|move|p1a: Infernape|Flare Blitz|p2a: TheeStallion\n|-supereffective|p2a: TheeStallion\n|-damage|p2a: TheeStallion|28\/100 slp\n|-damage|p1a: Infernape|62\/100|[from] Recoil\n|-damage|p1a: Infernape|52\/100|[from] item: Life Orb\n|cant|p2a: TheeStallion|slp\n|\n|-heal|p2a: TheeStallion|34\/100 slp|[from] item: Leftovers\n|upkeep\n|turn|20\n|\n|t:|1697587909\n|switch|p2a: Pizza|Alomomola, F, shiny|100\/100\n|move|p1a: Infernape|Flare Blitz|p2a: Pizza\n|-resisted|p2a: Pizza\n|-damage|p2a: Pizza|83\/100\n|-damage|p1a: Infernape|41\/100|[from] Recoil\n|-damage|p1a: Infernape|31\/100|[from] item: Life Orb\n|\n|upkeep\n|turn|21\n|\n|t:|1697587918\n|move|p1a: Infernape|U-turn|p2a: Pizza\n|-damage|p2a: Pizza|69\/100\n|-damage|p1a: Infernape|21\/100|[from] item: Life Orb\n|\n|t:|1697587921\n|switch|p1a: Amoonguss|Amoonguss, M, shiny|77\/100|[from] U-turn\n|move|p2a: Pizza|Flip Turn|p1a: Amoonguss\n|-resisted|p1a: Amoonguss\n|-damage|p1a: Amoonguss|73\/100\n|\n|t:|1697587933\n|switch|p2a: TheeStallion|Clefable, F, shiny, tera:Steel|34\/100 slp|[from] Flip Turn\n|\n|-heal|p2a: TheeStallion|40\/100 slp|[from] item: Leftovers\n|upkeep\n|turn|22\n|\n|t:|1697587939\n|switch|p1a: Infernape|Infernape, M|21\/100\n|cant|p2a: TheeStallion|slp\n|\n|-heal|p2a: TheeStallion|46\/100 slp|[from] item: Leftovers\n|-sideend|p1: BlackAceX19|move: Aurora Veil\n|upkeep\n|turn|23\n|c| Willish6634|stop\n|\n|t:|1697587946\n|switch|p2a: Pizza|Alomomola, F, shiny|100\/100\n|move|p1a: Infernape|Taunt|p2a: Pizza\n|-start|p2a: Pizza|move: Taunt\n|\n|upkeep\n|turn|24\n|\n|t:|1697587952\n|move|p1a: Infernape|U-turn|p2a: Pizza\n|-damage|p2a: Pizza|86\/100\n|-damage|p1a: Infernape|11\/100|[from] item: Life Orb\n|\n|t:|1697587956\n|switch|p1a: Khione|Ninetales-Alola, F|87\/100|[from] U-turn\n|-weather|Snow|[from] ability: Snow Warning|[of] p1a: Khione\n|move|p2a: Pizza|Flip Turn|p1a: Khione\n|-damage|p1a: Khione|73\/100\n|\n|t:|1697587967\n|switch|p2a: TheeStallion|Clefable, F, shiny, tera:Steel|46\/100 slp|[from] Flip Turn\n|\n|-weather|Snow|[upkeep]\n|-heal|p2a: TheeStallion|52\/100 slp|[from] item: Leftovers\n|upkeep\n|turn|25\n|\n|t:|1697587980\n|move|p1a: Khione|Aurora Veil|p1a: Khione\n|-sidestart|p1: BlackAceX19|move: Aurora Veil\n|-curestatus|p2a: TheeStallion|slp|[msg]\n|move|p2a: TheeStallion|Moonlight|p2a: TheeStallion\n|-heal|p2a: TheeStallion|77\/100\n|\n|-weather|Snow|[upkeep]\n|-heal|p2a: TheeStallion|83\/100|[from] item: Leftovers\n|upkeep\n|turn|26\n|\n|t:|1697587989\n|move|p1a: Khione|Encore|p2a: TheeStallion\n|-start|p2a: TheeStallion|Encore\n|move|p2a: TheeStallion|Moonlight|p2a: TheeStallion\n|-heal|p2a: TheeStallion|100\/100\n|\n|-weather|Snow|[upkeep]\n|upkeep\n|turn|27\n|\n|t:|1697588011\n|switch|p1a: Infernape|Infernape, M|11\/100\n|move|p2a: TheeStallion|Moonlight|p2a: TheeStallion\n|-fail|p2a: TheeStallion|heal\n|\n|-weather|Snow|[upkeep]\n|upkeep\n|turn|28\n|\n|t:|1697588017\n|switch|p2a: Pizza|Alomomola, F, shiny|100\/100\n|move|p1a: Infernape|Close Combat|p2a: Pizza\n|-damage|p2a: Pizza|62\/100\n|-unboost|p1a: Infernape|def|1\n|-unboost|p1a: Infernape|spd|1\n|-damage|p1a: Infernape|2\/100|[from] item: Life Orb\n|\n|-weather|none\n|upkeep\n|turn|29\n|\n|t:|1697588033\n|switch|p1a: T3000|Iron Bundle, shiny|91\/100\n|move|p2a: Pizza|Wish|p2a: Pizza\n|\n|upkeep\n|turn|30\n|\n|t:|1697588040\n|move|p2a: Pizza|Protect|p2a: Pizza\n|-singleturn|p2a: Pizza|Protect\n|move|p1a: T3000|Hydro Pump|p2a: Pizza\n|-activate|p2a: Pizza|move: Protect\n|\n|-heal|p2a: Pizza|100\/100|[from] move: Wish|[wisher] Pizza\n|upkeep\n|turn|31\n|\n|t:|1697588059\n|move|p1a: T3000|Flip Turn|p2a: Pizza\n|-resisted|p2a: Pizza\n|-damage|p2a: Pizza|95\/100\n|-damage|p1a: T3000|81\/100|[from] item: Life Orb\n|\n|t:|1697588064\n|-end|p1a: T3000|Quark Drive|[silent]\n|switch|p1a: Amoonguss|Amoonguss, M, shiny|100\/100|[from] Flip Turn\n|move|p2a: Pizza|Flip Turn|p1a: Amoonguss\n|-resisted|p1a: Amoonguss\n|-damage|p1a: Amoonguss|97\/100\n|\n|t:|1697588081\n|switch|p2a: TheeStallion|Clefable, F, shiny, tera:Steel|100\/100|[from] Flip Turn\n|\n|upkeep\n|turn|32\n|\n|t:|1697588098\n|switch|p2a: Pizza|Alomomola, F, shiny|100\/100\n|move|p1a: Amoonguss|Spore|p2a: Pizza\n|-status|p2a: Pizza|slp|[from] move: Spore\n|\n|-sideend|p1: BlackAceX19|move: Aurora Veil\n|upkeep\n|turn|33\n|\n|t:|1697588108\n|switch|p2a: TheeStallion|Clefable, F, shiny, tera:Steel|100\/100\n|switch|p1a: Khione|Ninetales-Alola, F|73\/100\n|-weather|Snow|[from] ability: Snow Warning|[of] p1a: Khione\n|\n|-weather|Snow|[upkeep]\n|upkeep\n|turn|34\n|\n|t:|1697588127\n|switch|p1a: Infernape|Infernape, M|2\/100\n|move|p2a: TheeStallion|Cosmic Power|p2a: TheeStallion\n|-boost|p2a: TheeStallion|def|1\n|-boost|p2a: TheeStallion|spd|1\n|\n|-weather|Snow|[upkeep]\n|upkeep\n|turn|35\n|\n|t:|1697588133\n|switch|p2a: Pizza|Alomomola, F, shiny|100\/100 slp\n|move|p1a: Infernape|Flare Blitz|p2a: Pizza\n|-resisted|p2a: Pizza\n|-damage|p2a: Pizza|72\/100 slp\n|-damage|p1a: Infernape|0 fnt|[from] Recoil\n|faint|p1a: Infernape\n|\n|-weather|Snow|[upkeep]\n|upkeep\n|\n|t:|1697588136\n|switch|p1a: Iron Treads|Iron Treads, tera:Water|96\/100\n|turn|36\n|\n|t:|1697588149\n|move|p1a: Iron Treads|Volt Switch|p2a: Pizza\n|-supereffective|p2a: Pizza\n|-crit|p2a: Pizza\n|-damage|p2a: Pizza|35\/100 slp\n|\n|t:|1697588153\n|-end|p1a: Iron Treads|Quark Drive|[silent]\n|switch|p1a: T3000|Iron Bundle, shiny|81\/100|[from] Volt Switch\n|cant|p2a: Pizza|slp\n|\n|-weather|Snow|[upkeep]\n|upkeep\n|turn|37\n|\n|t:|1697588164\n|-curestatus|p2a: Pizza|slp|[msg]\n|move|p2a: Pizza|Protect|p2a: Pizza\n|-singleturn|p2a: Pizza|Protect\n|move|p1a: T3000|Freeze-Dry|p2a: Pizza\n|-activate|p2a: Pizza|move: Protect\n|\n|-weather|none\n|upkeep\n|turn|38\n|\n|t:|1697588214\n|move|p1a: T3000|Freeze-Dry|p2a: Pizza\n|-supereffective|p2a: Pizza\n|-damage|p2a: Pizza|0 fnt\n|faint|p2a: Pizza\n|-damage|p1a: T3000|71\/100|[from] item: Life Orb\n|\n|upkeep\n|\n|t:|1697588236\n|switch|p2a: Gucci Mane|Flutter Mane|100\/100\n|-enditem|p2a: Gucci Mane|Booster Energy\n|-activate|p2a: Gucci Mane|ability: Protosynthesis|[fromitem]\n|-start|p2a: Gucci Mane|protosynthesisspe\n|turn|39\n|\n|t:|1697588246\n|-end|p1a: T3000|Quark Drive|[silent]\n|switch|p1a: Amoonguss|Amoonguss, M, shiny|100\/100\n|move|p2a: Gucci Mane|Calm Mind|p2a: Gucci Mane\n|-boost|p2a: Gucci Mane|spa|1\n|-boost|p2a: Gucci Mane|spd|1\n|\n|upkeep\n|turn|40\n|\n|t:|1697588253\n|move|p2a: Gucci Mane|Mystical Fire|p1a: Amoonguss\n|-supereffective|p1a: Amoonguss\n|-damage|p1a: Amoonguss|51\/100\n|-unboost|p1a: Amoonguss|spa|1\n|move|p1a: Amoonguss|Toxic|p2a: Gucci Mane\n|-status|p2a: Gucci Mane|tox\n|\n|-damage|p2a: Gucci Mane|95\/100 tox|[from] psn\n|upkeep\n|turn|41\n|\n|t:|1697588268\n|move|p2a: Gucci Mane|Mystical Fire|p1a: Amoonguss\n|-supereffective|p1a: Amoonguss\n|-damage|p1a: Amoonguss|0 fnt\n|faint|p1a: Amoonguss\n|\n|-damage|p2a: Gucci Mane|83\/100 tox|[from] psn\n|upkeep\n|\n|t:|1697588273\n|switch|p1a: Iron Treads|Iron Treads, tera:Water|96\/100\n|turn|42\n|\n|t:|1697588282\n|move|p2a: Gucci Mane|Moonblast|p1a: Iron Treads\n|-damage|p1a: Iron Treads|23\/100\n|move|p1a: Iron Treads|Ice Spinner|p2a: Gucci Mane\n|-damage|p2a: Gucci Mane|26\/100 tox\n|\n|-damage|p2a: Gucci Mane|8\/100 tox|[from] psn\n|upkeep\n|turn|43\n|\n|t:|1697588296\n|move|p2a: Gucci Mane|Thunder Wave|p1a: Iron Treads|[miss]\n|-miss|p2a: Gucci Mane|p1a: Iron Treads\n|move|p1a: Iron Treads|Ice Spinner|p2a: Gucci Mane\n|-damage|p2a: Gucci Mane|0 fnt\n|faint|p2a: Gucci Mane\n|-end|p2a: Gucci Mane|Protosynthesis|[silent]\n|\n|upkeep\n|c| ampharosaunt11|\"?\" - Marge\n|c|\u2606trillbo|damn misclick\n|c| Willish6634|Marge is odd\n|\n|t:|1697588323\n|switch|p2a: TheeStallion|Clefable, F, shiny, tera:Steel|100\/100\n|turn|44\n|\n|t:|1697588329\n|move|p1a: Iron Treads|Knock Off|p2a: TheeStallion\n|-damage|p2a: TheeStallion|65\/100\n|-enditem|p2a: TheeStallion|Leftovers|[from] move: Knock Off|[of] p1a: Iron Treads\n|move|p2a: TheeStallion|Cosmic Power|p2a: TheeStallion\n|-boost|p2a: TheeStallion|def|1\n|-boost|p2a: TheeStallion|spd|1\n|\n|upkeep\n|turn|45\n|\n|t:|1697588339\n|move|p1a: Iron Treads|Volt Switch|p2a: TheeStallion\n|-damage|p2a: TheeStallion|60\/100\n|\n|t:|1697588342\n|-end|p1a: Iron Treads|Quark Drive|[silent]\n|switch|p1a: Khione|Ninetales-Alola, F|73\/100|[from] Volt Switch\n|-weather|Snow|[from] ability: Snow Warning|[of] p1a: Khione\n|move|p2a: TheeStallion|Moonlight|p2a: TheeStallion\n|-heal|p2a: TheeStallion|85\/100\n|\n|-weather|Snow|[upkeep]\n|upkeep\n|turn|46\n|\n|t:|1697588353\n|move|p1a: Khione|Encore|p2a: TheeStallion\n|-start|p2a: TheeStallion|Encore\n|move|p2a: TheeStallion|Moonlight|p2a: TheeStallion\n|-heal|p2a: TheeStallion|100\/100\n|\n|-weather|Snow|[upkeep]\n|upkeep\n|turn|47\n|\n|t:|1697588359\n|switch|p1a: T3000|Iron Bundle, shiny|71\/100\n|switch|p2a: Tony|Landorus, M|91\/100\n|\n|-weather|Snow|[upkeep]\n|upkeep\n|turn|48\n|\n|t:|1697588368\n|move|p1a: T3000|Blizzard|p2a: Tony\n|-supereffective|p2a: Tony\n|-damage|p2a: Tony|0 fnt\n|faint|p2a: Tony\n|-damage|p1a: T3000|61\/100|[from] item: Life Orb\n|\n|-weather|Snow|[upkeep]\n|upkeep\n|\n|t:|1697588374\n|switch|p2a: TheeStallion|Clefable, F, shiny, tera:Steel|100\/100\n|turn|49\n|\n|t:|1697588380\n|move|p1a: T3000|Hydro Pump|p2a: TheeStallion\n|-damage|p2a: TheeStallion|52\/100\n|-damage|p1a: T3000|51\/100|[from] item: Life Orb\n|move|p2a: TheeStallion|Cosmic Power|p2a: TheeStallion\n|-boost|p2a: TheeStallion|def|1\n|-boost|p2a: TheeStallion|spd|1\n|\n|-weather|none\n|upkeep\n|turn|50\n|\n|t:|1697588393\n|move|p1a: T3000|Hydro Pump|p2a: TheeStallion\n|-damage|p2a: TheeStallion|18\/100\n|-damage|p1a: T3000|41\/100|[from] item: Life Orb\n|move|p2a: TheeStallion|Cosmic Power|p2a: TheeStallion\n|-boost|p2a: TheeStallion|def|1\n|-boost|p2a: TheeStallion|spd|1\n|\n|upkeep\n|turn|51\n|\n|t:|1697588400\n|move|p1a: T3000|Hydro Pump|p2a: TheeStallion\n|-damage|p2a: TheeStallion|0 fnt\n|faint|p2a: TheeStallion\n|-damage|p1a: T3000|31\/100|[from] item: Life Orb\n|\n|win|BlackAceX19\n|c| mklgd|gg fellas\n|c|\u2606trillbo|gg\n|c|\u2606BlackAceX19|gg\n","uploadtime":1697588409,"views":20,"p1id":"blackacex19","p2id":"trillbo","formatid":"gen9ubers","rating":0,"private":0,"password":""}