{"id":"gen9ubers-1981024793","p1":"Classic frisk","p2":"happysh","format":"[Gen 9] Ubers","log":"|j|\u2606Classic frisk\n|j|\u2606happysh\n|inactive|Battle timer is ON: inactive players will automatically lose when time's up.\n|t:|1698857649\n|gametype|singles\n|player|p1|Classic frisk|serena-masters|\n|player|p2|happysh|1|\n|teamsize|p1|6\n|teamsize|p2|6\n|gen|9\n|tier|[Gen 9] Ubers\n|rated|Tournament battle\n|rule|Sleep Clause Mod: Limit one foe put to sleep\n|rule|Species Clause: Limit one of each Pok\u00e9mon\n|rule|OHKO Clause: OHKO moves are banned\n|rule|Evasion Items Clause: Evasion items are banned\n|rule|Evasion Moves Clause: Evasion moves are banned\n|rule|Endless Battle Clause: Forcing endless battles is banned\n|rule|HP Percentage Mod: HP is shown in percentages\n|clearpoke\n|poke|p1|Miraidon|\n|poke|p1|Iron Valiant|\n|poke|p1|Iron Bundle|\n|poke|p1|Iron Moth|\n|poke|p1|Iron Treads|\n|poke|p1|Great Tusk|\n|poke|p2|Walking Wake|\n|poke|p2|Koraidon|\n|poke|p2|Flutter Mane|\n|poke|p2|Iron Hands|\n|poke|p2|Iron Moth|\n|poke|p2|Miraidon|\n|teampreview\n|j|*Lady Monita \u263d\n|inactive|Classic frisk also wants the timer to be on.\n|inactive|happysh also wants the timer to be on.\n|\n|t:|1698857652\n|start\n|switch|p1a: Mira|Miraidon|100\/100\n|switch|p2a: livepouncereaction|Iron Moth|100\/100\n|-fieldstart|move: Electric Terrain|[from] ability: Hadron Engine|[of] p1a: Mira\n|-activate|p2a: livepouncereaction|ability: Quark Drive\n|-start|p2a: livepouncereaction|quarkdrivespa\n|turn|1\n|\n|t:|1698857667\n|move|p1a: Mira|U-turn|p2a: livepouncereaction\n|-resisted|p2a: livepouncereaction\n|-damage|p2a: livepouncereaction|95\/100\n|\n|t:|1698857681\n|switch|p1a: Bundle|Iron Bundle|100\/100|[from] U-turn\n|-activate|p1a: Bundle|ability: Quark Drive\n|-start|p1a: Bundle|quarkdrivespe\n|move|p2a: livepouncereaction|Sludge Wave|p1a: Bundle\n|-damage|p1a: Bundle|0 fnt\n|faint|p1a: Bundle\n|-end|p1a: Bundle|Quark Drive|[silent]\n|\n|upkeep\n|\n|t:|1698857684\n|switch|p1a: Gardilade|Iron Valiant|100\/100\n|-activate|p1a: Gardilade|ability: Quark Drive\n|-start|p1a: Gardilade|quarkdrivespe\n|turn|2\n|inactive|happysh has 120 seconds left.\n|\n|t:|1698857740\n|move|p1a: Gardilade|Spirit Break|p2a: livepouncereaction\n|-resisted|p2a: livepouncereaction\n|-damage|p2a: livepouncereaction|79\/100\n|-unboost|p2a: livepouncereaction|spa|1\n|move|p2a: livepouncereaction|Sludge Wave|p1a: Gardilade\n|-supereffective|p1a: Gardilade\n|-enditem|p1a: Gardilade|Focus Sash\n|-damage|p1a: Gardilade|1\/100\n|\n|upkeep\n|turn|3\n|\n|t:|1698857752\n|move|p1a: Gardilade|Spirit Break|p2a: livepouncereaction\n|-resisted|p2a: livepouncereaction\n|-damage|p2a: livepouncereaction|63\/100\n|-unboost|p2a: livepouncereaction|spa|1\n|move|p2a: livepouncereaction|U-turn|p1a: Gardilade\n|-resisted|p1a: Gardilade\n|-damage|p1a: Gardilade|0 fnt\n|faint|p1a: Gardilade\n|-end|p1a: Gardilade|Quark Drive|[silent]\n|\n|t:|1698857759\n|-end|p2a: livepouncereaction|Quark Drive|[silent]\n|switch|p2a: Iron Hands|Iron Hands|100\/100|[from] U-turn\n|-activate|p2a: Iron Hands|ability: Quark Drive\n|-start|p2a: Iron Hands|quarkdriveatk\n|\n|upkeep\n|\n|t:|1698857770\n|switch|p1a: Moth|Iron Moth|100\/100\n|-activate|p1a: Moth|ability: Quark Drive\n|-start|p1a: Moth|quarkdrivespa\n|-item|p1a: Moth|Air Balloon\n|turn|4\n|\n|t:|1698857773\n|move|p1a: Moth|Fiery Dance|p2a: Iron Hands\n|-damage|p2a: Iron Hands|52\/100\n|-boost|p1a: Moth|spa|1\n|move|p2a: Iron Hands|Thunder Punch|p1a: Moth\n|-damage|p1a: Moth|0 fnt\n|-enditem|p1a: Moth|Air Balloon\n|faint|p1a: Moth\n|-end|p1a: Moth|Quark Drive|[silent]\n|\n|-heal|p2a: Iron Hands|59\/100|[from] item: Leftovers\n|upkeep\n|\n|t:|1698857799\n|switch|p1a: Tread|Iron Treads|100\/100\n|-activate|p1a: Tread|ability: Quark Drive\n|-start|p1a: Tread|quarkdrivespe\n|turn|5\n|\n|t:|1698857803\n|move|p1a: Tread|High Horsepower|p2a: Iron Hands\n|-supereffective|p2a: Iron Hands\n|-damage|p2a: Iron Hands|6\/100\n|move|p2a: Iron Hands|Drain Punch|p1a: Tread\n|-supereffective|p1a: Tread\n|-damage|p1a: Tread|0 fnt\n|-heal|p2a: Iron Hands|37\/100|[from] drain|[of] p1a: Tread\n|faint|p1a: Tread\n|-end|p1a: Tread|Quark Drive|[silent]\n|\n|-heal|p2a: Iron Hands|43\/100|[from] item: Leftovers\n|upkeep\n|inactive|Classic frisk has 120 seconds left.\n|\n|t:|1698857825\n|switch|p1a: OU Menace|Great Tusk|100\/100\n|-enditem|p1a: OU Menace|Booster Energy\n|-activate|p1a: OU Menace|ability: Protosynthesis|[fromitem]\n|-start|p1a: OU Menace|protosynthesisatk\n|turn|6\n|j|^RUMYMOME\n|\n|t:|1698857844\n|move|p1a: OU Menace|Headlong Rush|p2a: Iron Hands\n|-supereffective|p2a: Iron Hands\n|-damage|p2a: Iron Hands|0 fnt\n|-unboost|p1a: OU Menace|def|1\n|-unboost|p1a: OU Menace|spd|1\n|faint|p2a: Iron Hands\n|-end|p2a: Iron Hands|Quark Drive|[silent]\n|\n|upkeep\n|\n|t:|1698857849\n|switch|p2a: Walking Wake|Walking Wake|100\/100\n|turn|7\n|\n|t:|1698857863\n|-terastallize|p1a: OU Menace|Ground\n|move|p2a: Walking Wake|Dragon Pulse|p1a: OU Menace\n|-damage|p1a: OU Menace|0 fnt\n|faint|p1a: OU Menace\n|-end|p1a: OU Menace|Protosynthesis|[silent]\n|\n|upkeep\n|\n|t:|1698857866\n|switch|p1a: Mira|Miraidon|100\/100\n|-activate|p1a: Mira|ability: Hadron Engine\n|turn|8\n|inactive|happysh has 120 seconds left.\n|\n|t:|1698857907\n|move|p1a: Mira|Dazzling Gleam|p2a: Walking Wake\n|-supereffective|p2a: Walking Wake\n|-damage|p2a: Walking Wake|7\/100\n|move|p2a: Walking Wake|Dragon Pulse|p1a: Mira\n|-supereffective|p1a: Mira\n|-damage|p1a: Mira|0 fnt\n|faint|p1a: Mira\n|\n|win|happysh\n|n|\u2606Classic frisk|classicfrisk\n|n|\u2606happysh|happysh\n|n|*Lady Monita \u263d|ladymonita\n|n| RUMYMOME|rumymome\n","uploadtime":1698857909,"views":9,"p1id":"classicfrisk","p2id":"happysh","formatid":"gen9ubers","rating":0,"private":0,"password":""}