{"id":"gen9ubers-1998663861","p1":"gojigogi","p2":"The bitter guy","format":"[Gen 9] Ubers","log":"|j|\u2606gojigogi\n|j|\u2606The bitter guy\n|t:|1700969393\n|gametype|singles\n|player|p1|gojigogi|red|1055\n|player|p2|The bitter guy|102|1000\n|teamsize|p1|6\n|teamsize|p2|4\n|gen|9\n|tier|[Gen 9] Ubers\n|rated|\n|rule|Sleep Clause Mod: Limit one foe put to sleep\n|rule|Species Clause: Limit one of each Pok\u00e9mon\n|rule|OHKO Clause: OHKO moves are banned\n|rule|Evasion Items Clause: Evasion items are banned\n|rule|Evasion Moves Clause: Evasion moves are banned\n|rule|Endless Battle Clause: Forcing endless battles is banned\n|rule|HP Percentage Mod: HP is shown in percentages\n|clearpoke\n|poke|p1|Arceus|\n|poke|p1|Miraidon|\n|poke|p1|Zacian-*|\n|poke|p1|Skeledirge, M|\n|poke|p1|Koraidon|\n|poke|p1|Samurott-Hisui, M|\n|poke|p2|Ceruledge, M|\n|poke|p2|Regidrago|\n|poke|p2|Mewtwo|\n|poke|p2|Annihilape, F|\n|teampreview\n|inactive|Battle timer is ON: inactive players will automatically lose when time's up. (requested by gojigogi)\n|\n|t:|1700969410\n|start\n|switch|p1a: Samurott|Samurott-Hisui, M|100\/100\n|switch|p2a: Ceruledge|Ceruledge, M, shiny|100\/100\n|turn|1\n|\n|t:|1700969420\n|move|p2a: Ceruledge|Swords Dance|p2a: Ceruledge\n|-boost|p2a: Ceruledge|atk|2\n|move|p1a: Samurott|Ceaseless Edge|p2a: Ceruledge\n|-supereffective|p2a: Ceruledge\n|-damage|p2a: Ceruledge|0 fnt\n|-sidestart|p2: The bitter guy|Spikes\n|faint|p2a: Ceruledge\n|\n|upkeep\n|\n|t:|1700969432\n|switch|p2a: Regidrago|Regidrago, shiny|100\/100\n|-damage|p2a: Regidrago|88\/100|[from] Spikes\n|turn|2\n|\n|t:|1700969443\n|move|p1a: Samurott|Sacred Sword|p2a: Regidrago\n|-damage|p2a: Regidrago|49\/100\n|move|p2a: Regidrago|Dragon Energy|p1a: Samurott\n|-damage|p1a: Samurott|49\/100\n|\n|-heal|p2a: Regidrago|55\/100|[from] item: Leftovers\n|upkeep\n|turn|3\n|\n|t:|1700969456\n|move|p1a: Samurott|Sacred Sword|p2a: Regidrago\n|-damage|p2a: Regidrago|11\/100\n|move|p2a: Regidrago|Dragon Energy|p1a: Samurott\n|-damage|p1a: Samurott|37\/100\n|\n|-heal|p2a: Regidrago|17\/100|[from] item: Leftovers\n|upkeep\n|turn|4\n|\n|t:|1700969464\n|move|p1a: Samurott|Ceaseless Edge|p2a: Regidrago\n|-damage|p2a: Regidrago|0 fnt\n|-sidestart|p2: The bitter guy|Spikes\n|faint|p2a: Regidrago\n|\n|upkeep\n|\n|t:|1700969474\n|switch|p2a: Mewtwo|Mewtwo, shiny|100\/100\n|-damage|p2a: Mewtwo|84\/100|[from] Spikes\n|-ability|p2a: Mewtwo|Pressure\n|turn|5\n|\n|t:|1700969479\n|move|p2a: Mewtwo|Aura Sphere|p1a: Samurott\n|-supereffective|p1a: Samurott\n|-damage|p1a: Samurott|0 fnt\n|faint|p1a: Samurott\n|\n|upkeep\n|\n|t:|1700969488\n|switch|p1a: Miraidon|Miraidon|100\/100\n|-fieldstart|move: Electric Terrain|[from] ability: Hadron Engine|[of] p1a: Miraidon\n|turn|6\n|\n|t:|1700969499\n|-terastallize|p2a: Mewtwo|Psychic\n|move|p1a: Miraidon|U-turn|p2a: Mewtwo\n|-supereffective|p2a: Mewtwo\n|-damage|p2a: Mewtwo|52\/100\n|\n|t:|1700969503\n|switch|p1a: Skeledirge|Skeledirge, M, shiny|100\/100|[from] U-turn\n|move|p2a: Mewtwo|Psystrike|p1a: Skeledirge\n|-damage|p1a: Skeledirge|30\/100\n|\n|-heal|p1a: Skeledirge|36\/100|[from] item: Leftovers\n|upkeep\n|turn|7\n|\n|t:|1700969512\n|move|p2a: Mewtwo|Psystrike|p1a: Skeledirge\n|-damage|p1a: Skeledirge|0 fnt\n|faint|p1a: Skeledirge\n|\n|upkeep\n|\n|t:|1700969517\n|switch|p1a: Miraidon|Miraidon|100\/100\n|-activate|p1a: Miraidon|ability: Hadron Engine\n|turn|8\n|\n|t:|1700969522\n|move|p1a: Miraidon|U-turn|p2a: Mewtwo\n|-supereffective|p2a: Mewtwo\n|-damage|p2a: Mewtwo|21\/100\n|\n|t:|1700969528\n|switch|p1a: Koraidon|Koraidon|100\/100|[from] U-turn\n|-weather|SunnyDay|[from] ability: Orichalcum Pulse|[of] p1a: Koraidon\n|-activate|p1a: Koraidon|Orichalcum Pulse|[source]\n|move|p2a: Mewtwo|Psystrike|p1a: Koraidon\n|-supereffective|p1a: Koraidon\n|-damage|p1a: Koraidon|0 fnt\n|faint|p1a: Koraidon\n|\n|-weather|SunnyDay|[upkeep]\n|upkeep\n|\n|t:|1700969531\n|switch|p1a: Miraidon|Miraidon|100\/100\n|-activate|p1a: Miraidon|ability: Hadron Engine\n|turn|9\n|\n|t:|1700969545\n|move|p1a: Miraidon|U-turn|p2a: Mewtwo\n|-supereffective|p2a: Mewtwo\n|-damage|p2a: Mewtwo|0 fnt\n|faint|p2a: Mewtwo\n|\n|t:|1700969551\n|switch|p1a: Zacian|Zacian-Crowned, shiny|100\/100|[from] U-turn\n|-ability|p1a: Zacian|Intrepid Sword|boost\n|-boost|p1a: Zacian|atk|1\n|\n|-weather|SunnyDay|[upkeep]\n|upkeep\n|\n|t:|1700969556\n|switch|p2a: Annihilape|Annihilape, F|100\/100\n|-damage|p2a: Annihilape|84\/100|[from] Spikes\n|turn|10\n|\n|t:|1700969568\n|move|p1a: Zacian|Play Rough|p2a: Annihilape\n|-supereffective|p2a: Annihilape\n|-damage|p2a: Annihilape|0 fnt\n|faint|p2a: Annihilape\n|\n|win|gojigogi\n|raw|gojigogi's rating: 1055 &rarr; <strong>1082<\/strong><br \/>(+27 for winning)\n|raw|The bitter guy's rating: 1000 &rarr; <strong>1000<\/strong><br \/>(+0 for losing)\n|l|\u2606The bitter guy\n","uploadtime":1700969678,"views":2,"p1id":"gojigogi","p2id":"thebitterguy","formatid":"gen9ubers","rating":1000,"private":0,"password":""}