{"id":"gen9ubers-1982135618","p1":"Blake-Mamba","p2":"Mariopdiego","format":"[Gen 9] Ubers","log":"|j|\u2606Blake-Mamba\n|j|\u2606Mariopdiego\n|t:|1698971523\n|gametype|singles\n|player|p1|Blake-Mamba|juan|1235\n|player|p2|Mariopdiego|n|1336\n|teamsize|p1|6\n|teamsize|p2|6\n|gen|9\n|tier|[Gen 9] Ubers\n|rated|\n|rule|Sleep Clause Mod: Limit one foe put to sleep\n|rule|Species Clause: Limit one of each Pok\u00e9mon\n|rule|OHKO Clause: OHKO moves are banned\n|rule|Evasion Items Clause: Evasion items are banned\n|rule|Evasion Moves Clause: Evasion moves are banned\n|rule|Endless Battle Clause: Forcing endless battles is banned\n|rule|HP Percentage Mod: HP is shown in percentages\n|clearpoke\n|poke|p1|Ogerpon-Hearthflame, F|\n|poke|p1|Vikavolt, F|\n|poke|p1|Kommo-o, F|\n|poke|p1|Ursaluna-Bloodmoon, M|\n|poke|p1|Yanmega, F|\n|poke|p1|Chandelure, F|\n|poke|p2|Palafin, M|\n|poke|p2|Kingambit, M|\n|poke|p2|Corviknight, F|\n|poke|p2|Chi-Yu|\n|poke|p2|Toedscruel, F|\n|poke|p2|Baxcalibur, F|\n|teampreview\n|inactive|Battle timer is ON: inactive players will automatically lose when time's up. (requested by Blake-Mamba)\n|\n|t:|1698971528\n|start\n|switch|p1a: Vikavolt|Vikavolt, F|100\/100\n|switch|p2a: Palafin|Palafin, M, shiny|100\/100\n|turn|1\n|\n|t:|1698971538\n|move|p2a: Palafin|Flip Turn|p1a: Vikavolt\n|-crit|p1a: Vikavolt\n|-damage|p1a: Vikavolt|69\/100\n|\n|t:|1698971542\n|detailschange|p2a: Palafin|Palafin-Hero, M, shiny\n|switch|p2a: Toedscruel|Toedscruel, F, shiny|100\/100|[from] Flip Turn\n|move|p1a: Vikavolt|Sticky Web|p2a: Toedscruel\n|-sidestart|p2: Mariopdiego|move: Sticky Web\n|\n|upkeep\n|turn|2\n|\n|t:|1698971549\n|switch|p1a: Chandelure|Chandelure, F|100\/100\n|move|p2a: Toedscruel|Rapid Spin|p1a: Chandelure\n|-immune|p1a: Chandelure\n|\n|upkeep\n|turn|3\n|\n|t:|1698971555\n|move|p1a: Chandelure|Overheat|p2a: Toedscruel\n|-supereffective|p2a: Toedscruel\n|-damage|p2a: Toedscruel|6\/100\n|-unboost|p1a: Chandelure|spa|2\n|move|p2a: Toedscruel|Spore|p1a: Chandelure\n|-status|p1a: Chandelure|slp|[from] move: Spore\n|\n|-heal|p2a: Toedscruel|12\/100|[from] item: Leftovers\n|upkeep\n|turn|4\n|\n|t:|1698971565\n|cant|p1a: Chandelure|slp\n|move|p2a: Toedscruel|Leech Seed|p1a: Chandelure\n|-start|p1a: Chandelure|move: Leech Seed\n|\n|-heal|p2a: Toedscruel|18\/100|[from] item: Leftovers\n|-damage|p1a: Chandelure|88\/100 slp|[from] Leech Seed|[of] p2a: Toedscruel\n|-heal|p2a: Toedscruel|27\/100|[silent]\n|upkeep\n|turn|5\n|\n|t:|1698971573\n|switch|p2a: Palafin|Palafin-Hero, M, shiny|100\/100\n|-activate|p2a: Palafin|move: Sticky Web\n|-unboost|p2a: Palafin|spe|1\n|-activate|p2a: Palafin|ability: Zero to Hero\n|cant|p1a: Chandelure|slp\n|\n|-damage|p1a: Chandelure|76\/100 slp|[from] Leech Seed|[of] p2a: Palafin\n|upkeep\n|turn|6\n|\n|t:|1698971584\n|switch|p1a: Kommo-o|Kommo-o, F|100\/100\n|move|p2a: Palafin|Flip Turn|p1a: Kommo-o\n|-resisted|p1a: Kommo-o\n|-damage|p1a: Kommo-o|87\/100\n|\n|t:|1698971592\n|switch|p2a: Kingambit|Kingambit, M|100\/100|[from] Flip Turn\n|-activate|p2a: Kingambit|move: Sticky Web\n|-unboost|p2a: Kingambit|spe|1\n|\n|-heal|p1a: Kommo-o|93\/100|[from] item: Leftovers\n|upkeep\n|turn|7\n|\n|t:|1698971600\n|-terastallize|p2a: Kingambit|Ghost\n|move|p1a: Kommo-o|Clangorous Soul|p1a: Kommo-o\n|-boost|p1a: Kommo-o|atk|1\n|-boost|p1a: Kommo-o|def|1\n|-boost|p1a: Kommo-o|spa|1\n|-boost|p1a: Kommo-o|spd|1\n|-boost|p1a: Kommo-o|spe|1\n|-damage|p1a: Kommo-o|60\/100\n|move|p2a: Kingambit|Swords Dance|p2a: Kingambit\n|-boost|p2a: Kingambit|atk|2\n|\n|-heal|p1a: Kommo-o|66\/100|[from] item: Leftovers\n|upkeep\n|turn|8\n|\n|t:|1698971616\n|move|p1a: Kommo-o|Outrage|p2a: Kingambit\n|-damage|p2a: Kingambit|33\/100\n|move|p2a: Kingambit|Iron Head|p1a: Kommo-o\n|-crit|p1a: Kommo-o\n|-damage|p1a: Kommo-o|0 fnt\n|faint|p1a: Kommo-o\n|\n|upkeep\n|\n|t:|1698971626\n|switch|p1a: Ursaluna|Ursaluna-Bloodmoon, M|100\/100\n|turn|9\n|\n|t:|1698971630\n|move|p1a: Ursaluna|Blood Moon|p2a: Kingambit\n|-damage|p2a: Kingambit|0 fnt\n|faint|p2a: Kingambit\n|-end|p2a: Kingambit|fallenundefined|[silent]\n|\n|upkeep\n|\n|t:|1698971637\n|switch|p2a: Corviknight|Corviknight, F|100\/100\n|-ability|p2a: Corviknight|Pressure\n|turn|10\n|\n|t:|1698971644\n|switch|p1a: Vikavolt|Vikavolt, F|69\/100\n|move|p2a: Corviknight|Defog|p1a: Vikavolt\n|-unboost|p1a: Vikavolt|evasion|1\n|-sideend|p2: Mariopdiego|Sticky Web|[from] move: Defog|[of] p2a: Corviknight\n|\n|upkeep\n|turn|11\n|\n|t:|1698971651\n|move|p2a: Corviknight|Brave Bird|p1a: Vikavolt\n|-damage|p1a: Vikavolt|30\/100\n|-damage|p2a: Corviknight|89\/100|[from] Recoil\n|move|p1a: Vikavolt|Sticky Web|p2a: Corviknight\n|-sidestart|p2: Mariopdiego|move: Sticky Web\n|\n|upkeep\n|turn|12\n|\n|t:|1698971657\n|move|p2a: Corviknight|Defog|p1a: Vikavolt\n|-unboost|p1a: Vikavolt|evasion|1\n|-sideend|p2: Mariopdiego|Sticky Web|[from] move: Defog|[of] p2a: Corviknight\n|move|p1a: Vikavolt|Thunder|p2a: Corviknight|[miss]\n|-miss|p1a: Vikavolt|p2a: Corviknight\n|\n|upkeep\n|turn|13\n|\n|t:|1698971665\n|move|p2a: Corviknight|Brave Bird|p1a: Vikavolt\n|-damage|p1a: Vikavolt|0 fnt\n|faint|p1a: Vikavolt\n|-damage|p2a: Corviknight|80\/100|[from] Recoil\n|\n|upkeep\n|\n|t:|1698971672\n|switch|p1a: Ogerpon|Ogerpon-Hearthflame, F|100\/100\n|-ability|p1a: Ogerpon|Mold Breaker\n|turn|14\n|\n|t:|1698971677\n|switch|p2a: Toedscruel|Toedscruel, F, shiny|27\/100\n|move|p1a: Ogerpon|Horn Leech|p2a: Toedscruel\n|-damage|p2a: Toedscruel|0 fnt\n|faint|p2a: Toedscruel\n|\n|upkeep\n|\n|t:|1698971682\n|switch|p2a: Palafin|Palafin-Hero, M, shiny|100\/100\n|turn|15\n|\n|t:|1698971690\n|move|p2a: Palafin|Wave Crash|p1a: Ogerpon\n|-damage|p1a: Ogerpon|8\/100\n|-damage|p2a: Palafin|74\/100|[from] Recoil\n|move|p1a: Ogerpon|Horn Leech|p2a: Palafin\n|-supereffective|p2a: Palafin\n|-damage|p2a: Palafin|0 fnt\n|-heal|p1a: Ogerpon|50\/100|[from] drain|[of] p2a: Palafin\n|faint|p2a: Palafin\n|\n|upkeep\n|\n|t:|1698971699\n|switch|p2a: Baxcalibur|Baxcalibur, F, shiny|100\/100\n|turn|16\n|\n|t:|1698971703\n|move|p1a: Ogerpon|Ivy Cudgel|p2a: Baxcalibur\n|-crit|p2a: Baxcalibur\n|-damage|p2a: Baxcalibur|0 fnt\n|faint|p2a: Baxcalibur\n|\n|upkeep\n|\n|t:|1698971708\n|switch|p2a: Corviknight|Corviknight, F|80\/100\n|-ability|p2a: Corviknight|Pressure\n|turn|17\n|\n|t:|1698971712\n|move|p1a: Ogerpon|Ivy Cudgel|p2a: Corviknight\n|-supereffective|p2a: Corviknight\n|-damage|p2a: Corviknight|9\/100\n|move|p2a: Corviknight|Brave Bird|p1a: Ogerpon\n|-supereffective|p1a: Ogerpon\n|-damage|p1a: Ogerpon|0 fnt\n|faint|p1a: Ogerpon\n|-damage|p2a: Corviknight|0 fnt|[from] Recoil\n|faint|p2a: Corviknight\n|\n|upkeep\n|\n|t:|1698971722\n|switch|p1a: Yanmega|Yanmega, F, shiny|100\/100\n|switch|p2a: Chi-Yu|Chi-Yu|100\/100\n|-ability|p2a: Chi-Yu|Beads of Ruin\n|turn|18\n|\n|t:|1698971734\n|move|p1a: Yanmega|Protect|p1a: Yanmega\n|-singleturn|p1a: Yanmega|Protect\n|move|p2a: Chi-Yu|Dark Pulse|p1a: Yanmega\n|-activate|p1a: Yanmega|move: Protect\n|\n|-ability|p1a: Yanmega|Speed Boost|boost\n|-boost|p1a: Yanmega|spe|1\n|upkeep\n|turn|19\n|\n|t:|1698971744\n|-terastallize|p1a: Yanmega|Ground\n|move|p1a: Yanmega|Tera Blast|p2a: Chi-Yu|[anim] Tera Blast Ground\n|-supereffective|p2a: Chi-Yu\n|-damage|p2a: Chi-Yu|0 fnt\n|faint|p2a: Chi-Yu\n|\n|win|Blake-Mamba\n|raw|Blake-Mamba's rating: 1235 &rarr; <strong>1267<\/strong><br \/>(+32 for winning)\n|raw|Mariopdiego's rating: 1336 &rarr; <strong>1310<\/strong><br \/>(-26 for losing)\n|l|\u2606Mariopdiego\n","uploadtime":1698971756,"views":8,"p1id":"blakemamba","p2id":"mariopdiego","formatid":"gen9ubers","rating":1267,"private":0,"password":""}