{"id":"gen9ubers-1998594409","p1":"Pandam0nium212","p2":"bigru55","format":"[Gen 9] Ubers","log":"|j|\u2606Pandam0nium212\n|j|\u2606bigru55\n|t:|1700960653\n|gametype|singles\n|player|p1|Pandam0nium212|hilda|\n|player|p2|bigru55|hilda-wonderlauncher|\n|teamsize|p1|6\n|teamsize|p2|6\n|gen|9\n|tier|[Gen 9] Ubers\n|rule|Sleep Clause Mod: Limit one foe put to sleep\n|rule|Species Clause: Limit one of each Pok\u00e9mon\n|rule|OHKO Clause: OHKO moves are banned\n|rule|Evasion Items Clause: Evasion items are banned\n|rule|Evasion Moves Clause: Evasion moves are banned\n|rule|Endless Battle Clause: Forcing endless battles is banned\n|rule|HP Percentage Mod: HP is shown in percentages\n|clearpoke\n|poke|p1|Vikavolt, M|\n|poke|p1|Articuno-Galar|\n|poke|p1|Iron Hands|\n|poke|p1|Iron Valiant|\n|poke|p1|Moltres|\n|poke|p1|Arbok, F|\n|poke|p2|Weezing-Galar, F|\n|poke|p2|Great Tusk|\n|poke|p2|Goodra-Hisui, F|\n|poke|p2|Electrode-Hisui|\n|poke|p2|Scream Tail|\n|poke|p2|Salazzle, F|\n|teampreview\n|j| jacob--boomer\n|j| stonehandsmagee\n|j| DrChillMD\n|c| DrChillMD|Think we are just waiting on Melina to join\n|n|\u2606Pandam0nium212|pandam0nium212\n|c| DrChillMD|We are good to go\n|c| jacob--boomer|Send it, lads\n|\n|t:|1700960828\n|start\n|switch|p1a: Shades|Articuno-Galar|100\/100\n|switch|p2a: Punk Hazard|Electrode-Hisui|100\/100\n|turn|1\n|c| jacob--boomer|Punk Hazard?!\n|c|\u2606bigru55|the one piece is real\n|c| jacob--boomer|<3\n|\n|t:|1700960916\n|switch|p1a: Big Meaty Claws|Iron Hands|100\/100\n|move|p2a: Punk Hazard|Volt Switch|p1a: Big Meaty Claws\n|-resisted|p1a: Big Meaty Claws\n|-damage|p1a: Big Meaty Claws|90\/100\n|\n|t:|1700961015\n|switch|p2a: Big Mom|Scream Tail, shiny|100\/100|[from] Volt Switch\n|\n|upkeep\n|turn|2\n|\n|t:|1700961023\n|move|p1a: Big Meaty Claws|Fake Out|p2a: Big Mom\n|-damage|p2a: Big Mom|89\/100\n|cant|p2a: Big Mom|flinch\n|\n|-heal|p2a: Big Mom|95\/100|[from] item: Leftovers\n|upkeep\n|turn|3\n|c| jacob--boomer|Big Mom?!? One Piece 2 the Electric Boogaloo?!?!\n|\n|t:|1700961059\n|move|p2a: Big Mom|Stealth Rock|p1a: Big Meaty Claws\n|-sidestart|p1: Pandam0nium212|move: Stealth Rock\n|move|p1a: Big Meaty Claws|Heavy Slam|p2a: Big Mom\n|-supereffective|p2a: Big Mom\n|-crit|p2a: Big Mom\n|-damage|p2a: Big Mom|0 fnt\n|faint|p2a: Big Mom\n|-end|p2a: Big Mom|Protosynthesis|[silent]\n|\n|upkeep\n|\n|t:|1700961091\n|switch|p2a: Jack|Great Tusk|100\/100\n|turn|4\n|\n|t:|1700961152\n|-end|p1a: Big Meaty Claws|Quark Drive|[silent]\n|switch|p1a: KFC|Moltres|100\/100\n|move|p2a: Jack|Head Smash|p1a: KFC\n|-supereffective|p1a: KFC\n|-damage|p1a: KFC|0 fnt\n|faint|p1a: KFC\n|-damage|p2a: Jack|58\/100|[from] Recoil\n|\n|upkeep\n|\n|t:|1700961172\n|switch|p1a: Shades|Articuno-Galar|100\/100\n|-damage|p1a: Shades|76\/100|[from] Stealth Rock\n|turn|5\n|\n|t:|1700961218\n|-end|p2a: Jack|Protosynthesis|[silent]\n|switch|p2a: Alvida|Goodra-Hisui, F|100\/100\n|move|p1a: Shades|Freezing Glare|p2a: Alvida\n|-resisted|p2a: Alvida\n|-damage|p2a: Alvida|91\/100\n|\n|upkeep\n|turn|6\n|\n|t:|1700961241\n|switch|p1a: Noodle|Arbok, F|100\/100\n|-damage|p1a: Noodle|88\/100|[from] Stealth Rock\n|-ability|p1a: Noodle|Intimidate|boost\n|-unboost|p2a: Alvida|atk|1\n|move|p2a: Alvida|Knock Off|p1a: Noodle\n|-damage|p1a: Noodle|74\/100\n|-enditem|p1a: Noodle|Black Sludge|[from] move: Knock Off|[of] p2a: Alvida\n|\n|upkeep\n|turn|7\n|\n|t:|1700961295\n|move|p1a: Noodle|Switcheroo|p2a: Alvida\n|-activate|p1a: Noodle|move: Trick|[of] p2a: Alvida\n|-enditem|p2a: Alvida|Assault Vest|[silent]|[from] move: Switcheroo\n|-item|p1a: Noodle|Assault Vest|[from] move: Switcheroo\n|move|p2a: Alvida|Draco Meteor|p1a: Noodle\n|-damage|p1a: Noodle|18\/100\n|-unboost|p2a: Alvida|spa|2\n|\n|upkeep\n|turn|8\n|\n|t:|1700961363\n|move|p1a: Noodle|Earthquake|p2a: Alvida\n|-supereffective|p2a: Alvida\n|-damage|p2a: Alvida|41\/100\n|move|p2a: Alvida|Heavy Slam|p1a: Noodle\n|-damage|p1a: Noodle|0 fnt\n|faint|p1a: Noodle\n|\n|upkeep\n|\n|t:|1700961372\n|switch|p1a: Big Meaty Claws|Iron Hands|90\/100\n|-damage|p1a: Big Meaty Claws|83\/100|[from] Stealth Rock\n|turn|9\n|\n|t:|1700961433\n|switch|p2a: Ms Doublefinger|Salazzle, F|100\/100\n|-item|p2a: Ms Doublefinger|Air Balloon\n|move|p1a: Big Meaty Claws|Fake Out|p2a: Ms Doublefinger\n|-damage|p2a: Ms Doublefinger|68\/100\n|-enditem|p2a: Ms Doublefinger|Air Balloon\n|\n|upkeep\n|turn|10\n|\n|t:|1700961471\n|move|p2a: Ms Doublefinger|Toxic|p1a: Big Meaty Claws\n|-status|p1a: Big Meaty Claws|tox\n|move|p1a: Big Meaty Claws|Wild Charge|p2a: Ms Doublefinger\n|-damage|p2a: Ms Doublefinger|0 fnt\n|faint|p2a: Ms Doublefinger\n|-damage|p1a: Big Meaty Claws|74\/100 tox|[from] Recoil\n|\n|-damage|p1a: Big Meaty Claws|68\/100 tox|[from] psn\n|upkeep\n|\n|t:|1700961544\n|switch|p2a: Punk Hazard|Electrode-Hisui|100\/100\n|turn|11\n|\n|t:|1700961578\n|move|p2a: Punk Hazard|Leaf Storm|p1a: Big Meaty Claws|[miss]\n|-miss|p2a: Punk Hazard|p1a: Big Meaty Claws\n|move|p1a: Big Meaty Claws|Drain Punch|p2a: Punk Hazard\n|-damage|p2a: Punk Hazard|36\/100\n|-heal|p1a: Big Meaty Claws|85\/100 tox|[from] drain|[of] p2a: Punk Hazard\n|\n|-damage|p1a: Big Meaty Claws|73\/100 tox|[from] psn\n|upkeep\n|turn|12\n|\n|t:|1700961604\n|move|p2a: Punk Hazard|Leaf Storm|p1a: Big Meaty Claws\n|-damage|p1a: Big Meaty Claws|38\/100 tox\n|-unboost|p2a: Punk Hazard|spa|2\n|move|p1a: Big Meaty Claws|Drain Punch|p2a: Punk Hazard\n|-damage|p2a: Punk Hazard|0 fnt\n|-heal|p1a: Big Meaty Claws|47\/100 tox|[from] drain|[of] p2a: Punk Hazard\n|faint|p2a: Punk Hazard\n|\n|-damage|p1a: Big Meaty Claws|29\/100 tox|[from] psn\n|upkeep\n|\n|t:|1700961623\n|switch|p2a: Smoker|Weezing-Galar, F|100\/100\n|-ability|p2a: Smoker|Neutralizing Gas\n|turn|13\n|\n|t:|1700961644\n|-end|p1a: Big Meaty Claws|Quark Drive|[silent]\n|switch|p1a: Bug Lightyear|Vikavolt, M|100\/100\n|-damage|p1a: Bug Lightyear|76\/100|[from] Stealth Rock\n|move|p2a: Smoker|Strange Steam|p1a: Bug Lightyear\n|-damage|p1a: Bug Lightyear|41\/100\n|\n|upkeep\n|turn|14\n|\n|t:|1700961664\n|-end|p2a: Smoker|ability: Neutralizing Gas\n|switch|p2a: Alvida|Goodra-Hisui, F|41\/100\n|-terastallize|p1a: Bug Lightyear|Steel\n|move|p1a: Bug Lightyear|Flash Cannon|p2a: Alvida\n|-resisted|p2a: Alvida\n|-damage|p2a: Alvida|24\/100\n|\n|upkeep\n|turn|15\n|\n|t:|1700961689\n|switch|p1a: Yugi|Iron Valiant|100\/100\n|-damage|p1a: Yugi|94\/100|[from] Stealth Rock\n|-enditem|p1a: Yugi|Booster Energy\n|-activate|p1a: Yugi|ability: Quark Drive|[fromitem]\n|-start|p1a: Yugi|quarkdrivespe\n|move|p2a: Alvida|Flamethrower|p1a: Yugi\n|-damage|p1a: Yugi|47\/100\n|\n|upkeep\n|turn|16\n|\n|t:|1700961724\n|switch|p2a: Smoker|Weezing-Galar, F|100\/100\n|-ability|p2a: Smoker|Neutralizing Gas\n|move|p1a: Yugi|Aura Sphere|p2a: Smoker\n|-resisted|p2a: Smoker\n|-damage|p2a: Smoker|87\/100\n|\n|upkeep\n|turn|17\n|\n|t:|1700961740\n|-end|p1a: Yugi|Quark Drive|[silent]\n|switch|p1a: Bug Lightyear|Vikavolt, M, tera:Steel|41\/100\n|-damage|p1a: Bug Lightyear|35\/100|[from] Stealth Rock\n|move|p2a: Smoker|Strange Steam|p1a: Bug Lightyear\n|-resisted|p1a: Bug Lightyear\n|-damage|p1a: Bug Lightyear|18\/100\n|\n|upkeep\n|turn|18\n|\n|t:|1700961777\n|-end|p2a: Smoker|ability: Neutralizing Gas\n|switch|p2a: Alvida|Goodra-Hisui, F|24\/100\n|move|p1a: Bug Lightyear|Flash Cannon|p2a: Alvida\n|-resisted|p2a: Alvida\n|-damage|p2a: Alvida|9\/100\n|\n|upkeep\n|turn|19\n|\n|t:|1700961877\n|move|p2a: Alvida|Flamethrower|p1a: Bug Lightyear\n|-supereffective|p1a: Bug Lightyear\n|-damage|p1a: Bug Lightyear|0 fnt\n|faint|p1a: Bug Lightyear\n|\n|upkeep\n|\n|t:|1700961931\n|switch|p1a: Shades|Articuno-Galar|76\/100\n|-damage|p1a: Shades|51\/100|[from] Stealth Rock\n|turn|20\n|\n|t:|1700961964\n|move|p1a: Shades|Freezing Glare|p2a: Alvida\n|-resisted|p2a: Alvida\n|-crit|p2a: Alvida\n|-damage|p2a: Alvida|0 fnt\n|faint|p2a: Alvida\n|\n|upkeep\n|\n|t:|1700962063\n|switch|p2a: Jack|Great Tusk|58\/100\n|turn|21\n|\n|t:|1700962068\n|move|p1a: Shades|Freezing Glare|p2a: Jack\n|-supereffective|p2a: Jack\n|-damage|p2a: Jack|0 fnt\n|faint|p2a: Jack\n|-end|p2a: Jack|Protosynthesis|[silent]\n|\n|upkeep\n|\n|t:|1700962071\n|switch|p2a: Smoker|Weezing-Galar, F|87\/100\n|-ability|p2a: Smoker|Neutralizing Gas\n|turn|22\n|\n|t:|1700962079\n|move|p1a: Shades|Freezing Glare|p2a: Smoker\n|-supereffective|p2a: Smoker\n|-damage|p2a: Smoker|0 fnt\n|faint|p2a: Smoker\n|-end|p2a: Smoker|ability: Neutralizing Gas\n|\n|win|Pandam0nium212\n|c|\u2606bigru55|gg\n|c|\u2606Pandam0nium212|gg\n|l| DrChillMD\n|l|\u2606Pandam0nium212\n|l| jacob--boomer\n","uploadtime":1700962292,"views":15,"p1id":"pandam0nium212","p2id":"bigru55","formatid":"gen9ubers","rating":0,"private":0,"password":""}