{"id":"gen9ubers-1991037706","p1":"Cliamx","p2":"galladesimp","format":"[Gen 9] Ubers","log":"|j|\u2606Cliamx\n|j|\u2606galladesimp\n|t:|1700032408\n|gametype|singles\n|player|p1|Cliamx|hilbert|1109\n|player|p2|galladesimp|elesa-masters2|1047\n|teamsize|p1|6\n|teamsize|p2|1\n|gen|9\n|tier|[Gen 9] Ubers\n|rated|\n|rule|Sleep Clause Mod: Limit one foe put to sleep\n|rule|Species Clause: Limit one of each Pok\u00e9mon\n|rule|OHKO Clause: OHKO moves are banned\n|rule|Evasion Items Clause: Evasion items are banned\n|rule|Evasion Moves Clause: Evasion moves are banned\n|rule|Endless Battle Clause: Forcing endless battles is banned\n|rule|HP Percentage Mod: HP is shown in percentages\n|clearpoke\n|poke|p1|Miraidon|\n|poke|p1|Ogerpon-Hearthflame, F|\n|poke|p1|Groudon|\n|poke|p1|Darkrai|\n|poke|p1|Garchomp, M|\n|poke|p1|Calyrex-Ice|\n|poke|p2|Ursaluna-Bloodmoon, M|\n|teampreview\n|inactive|Battle timer is ON: inactive players will automatically lose when time's up. (requested by galladesimp)\n|\n|t:|1700032421\n|start\n|switch|p1a: Ogerpon|Ogerpon-Hearthflame, F|100\/100\n|switch|p2a: Ursaluna|Ursaluna-Bloodmoon, M|100\/100\n|-ability|p1a: Ogerpon|Mold Breaker\n|turn|1\n|\n|t:|1700032447\n|-terastallize|p1a: Ogerpon|Fire\n|detailschange|p1a: Ogerpon|Ogerpon-Hearthflame-Tera, F, tera:Fire\n|-ability|p1a: Ogerpon|Embody Aspect (Hearthflame)|boost\n|-boost|p1a: Ogerpon|atk|1\n|-terastallize|p2a: Ursaluna|Poison\n|move|p1a: Ogerpon|Wood Hammer|p2a: Ursaluna\n|-resisted|p2a: Ursaluna\n|-damage|p2a: Ursaluna|78\/100\n|-damage|p1a: Ogerpon|92\/100|[from] Recoil\n|move|p2a: Ursaluna|Blood Moon|p1a: Ogerpon\n|-damage|p1a: Ogerpon|39\/100\n|\n|-heal|p2a: Ursaluna|84\/100|[from] item: Leftovers\n|upkeep\n|turn|2\n|\n|t:|1700032458\n|move|p1a: Ogerpon|Ivy Cudgel|p2a: Ursaluna|[anim] Ivy Cudgel Fire\n|-damage|p2a: Ursaluna|34\/100\n|move|p2a: Ursaluna|Moonlight|p2a: Ursaluna\n|-heal|p2a: Ursaluna|84\/100\n|\n|-heal|p2a: Ursaluna|90\/100|[from] item: Leftovers\n|upkeep\n|turn|3\n|\n|t:|1700032467\n|move|p1a: Ogerpon|Ivy Cudgel|p2a: Ursaluna|[anim] Ivy Cudgel Fire\n|-damage|p2a: Ursaluna|36\/100\n|move|p2a: Ursaluna|Earth Power|p1a: Ogerpon\n|-supereffective|p1a: Ogerpon\n|-damage|p1a: Ogerpon|0 fnt\n|faint|p1a: Ogerpon\n|\n|-heal|p2a: Ursaluna|42\/100|[from] item: Leftovers\n|upkeep\n|\n|t:|1700032475\n|switch|p1a: Calyrex|Calyrex-Ice|100\/100\n|-ability|p1a: Calyrex|As One\n|-ability|p1a: Calyrex|Unnerve\n|turn|4\n|\n|t:|1700032481\n|move|p1a: Calyrex|Glacial Lance|p2a: Ursaluna\n|-damage|p2a: Ursaluna|6\/100\n|move|p2a: Ursaluna|Moonlight|p2a: Ursaluna\n|-heal|p2a: Ursaluna|56\/100\n|\n|-heal|p2a: Ursaluna|62\/100|[from] item: Leftovers\n|upkeep\n|turn|5\n|\n|t:|1700032491\n|move|p1a: Calyrex|Glacial Lance|p2a: Ursaluna\n|-damage|p2a: Ursaluna|31\/100\n|move|p2a: Ursaluna|Moonlight|p2a: Ursaluna\n|-heal|p2a: Ursaluna|81\/100\n|\n|-heal|p2a: Ursaluna|87\/100|[from] item: Leftovers\n|upkeep\n|turn|6\n|\n|t:|1700032500\n|move|p1a: Calyrex|Glacial Lance|p2a: Ursaluna\n|-damage|p2a: Ursaluna|56\/100\n|move|p2a: Ursaluna|Calm Mind|p2a: Ursaluna\n|-boost|p2a: Ursaluna|spa|1\n|-boost|p2a: Ursaluna|spd|1\n|\n|-heal|p2a: Ursaluna|62\/100|[from] item: Leftovers\n|upkeep\n|turn|7\n|\n|t:|1700032505\n|move|p1a: Calyrex|Glacial Lance|p2a: Ursaluna\n|-damage|p2a: Ursaluna|28\/100\n|move|p2a: Ursaluna|Moonlight|p2a: Ursaluna\n|-heal|p2a: Ursaluna|78\/100\n|\n|-heal|p2a: Ursaluna|84\/100|[from] item: Leftovers\n|upkeep\n|turn|8\n|\n|t:|1700032512\n|move|p1a: Calyrex|Psychic|p2a: Ursaluna\n|-supereffective|p2a: Ursaluna\n|-damage|p2a: Ursaluna|40\/100\n|move|p2a: Ursaluna|Calm Mind|p2a: Ursaluna\n|-boost|p2a: Ursaluna|spa|1\n|-boost|p2a: Ursaluna|spd|1\n|\n|-heal|p2a: Ursaluna|47\/100|[from] item: Leftovers\n|upkeep\n|turn|9\n|\n|t:|1700032517\n|move|p1a: Calyrex|Psychic|p2a: Ursaluna\n|-supereffective|p2a: Ursaluna\n|-damage|p2a: Ursaluna|13\/100\n|move|p2a: Ursaluna|Moonlight|p2a: Ursaluna\n|-heal|p2a: Ursaluna|63\/100\n|\n|-heal|p2a: Ursaluna|69\/100|[from] item: Leftovers\n|upkeep\n|turn|10\n|\n|t:|1700032530\n|switch|p1a: Miraidon|Miraidon|100\/100\n|-fieldstart|move: Electric Terrain|[from] ability: Hadron Engine|[of] p1a: Miraidon\n|move|p2a: Ursaluna|Calm Mind|p2a: Ursaluna\n|-boost|p2a: Ursaluna|spa|1\n|-boost|p2a: Ursaluna|spd|1\n|\n|-heal|p2a: Ursaluna|75\/100|[from] item: Leftovers\n|upkeep\n|turn|11\n|\n|t:|1700032537\n|move|p1a: Miraidon|Electro Drift|p2a: Ursaluna\n|-damage|p2a: Ursaluna|37\/100\n|move|p2a: Ursaluna|Moonlight|p2a: Ursaluna\n|-heal|p2a: Ursaluna|87\/100\n|\n|-heal|p2a: Ursaluna|93\/100|[from] item: Leftovers\n|upkeep\n|turn|12\n|\n|t:|1700032548\n|move|p1a: Miraidon|Electro Drift|p2a: Ursaluna\n|-damage|p2a: Ursaluna|54\/100\n|move|p2a: Ursaluna|Calm Mind|p2a: Ursaluna\n|-boost|p2a: Ursaluna|spa|1\n|-boost|p2a: Ursaluna|spd|1\n|\n|-heal|p2a: Ursaluna|60\/100|[from] item: Leftovers\n|upkeep\n|turn|13\n|\n|t:|1700032555\n|move|p1a: Miraidon|Flash Cannon|p2a: Ursaluna\n|-damage|p2a: Ursaluna|48\/100\n|move|p2a: Ursaluna|Moonlight|p2a: Ursaluna\n|-heal|p2a: Ursaluna|98\/100\n|\n|-heal|p2a: Ursaluna|100\/100|[from] item: Leftovers\n|upkeep\n|turn|14\n|\n|t:|1700032564\n|move|p1a: Miraidon|Electro Drift|p2a: Ursaluna\n|-damage|p2a: Ursaluna|69\/100\n|move|p2a: Ursaluna|Calm Mind|p2a: Ursaluna\n|-boost|p2a: Ursaluna|spa|1\n|-boost|p2a: Ursaluna|spd|1\n|\n|-heal|p2a: Ursaluna|75\/100|[from] item: Leftovers\n|-fieldend|move: Electric Terrain\n|upkeep\n|turn|15\n|\n|t:|1700032570\n|move|p1a: Miraidon|Electro Drift|p2a: Ursaluna\n|-damage|p2a: Ursaluna|60\/100\n|move|p2a: Ursaluna|Calm Mind|p2a: Ursaluna\n|-boost|p2a: Ursaluna|spa|1\n|-boost|p2a: Ursaluna|spd|1\n|\n|-heal|p2a: Ursaluna|67\/100|[from] item: Leftovers\n|upkeep\n|turn|16\n|\n|t:|1700032577\n|move|p1a: Miraidon|Overheat|p2a: Ursaluna\n|-damage|p2a: Ursaluna|54\/100\n|-unboost|p1a: Miraidon|spa|2\n|move|p2a: Ursaluna|Moonlight|p2a: Ursaluna\n|-heal|p2a: Ursaluna|100\/100\n|\n|upkeep\n|turn|17\n|\n|t:|1700032582\n|move|p1a: Miraidon|Dazzling Gleam|p2a: Ursaluna\n|-resisted|p2a: Ursaluna\n|-damage|p2a: Ursaluna|99\/100\n|move|p2a: Ursaluna|Earth Power|p1a: Miraidon\n|-supereffective|p1a: Miraidon\n|-damage|p1a: Miraidon|0 fnt\n|faint|p1a: Miraidon\n|\n|-heal|p2a: Ursaluna|100\/100|[from] item: Leftovers\n|upkeep\n|\n|t:|1700032589\n|switch|p1a: Darkrai|Darkrai|100\/100\n|turn|18\n|\n|t:|1700032592\n|move|p1a: Darkrai|Hypnosis|p2a: Ursaluna|[miss]\n|-miss|p1a: Darkrai|p2a: Ursaluna\n|move|p2a: Ursaluna|Blood Moon|p1a: Darkrai\n|-damage|p1a: Darkrai|0 fnt\n|faint|p1a: Darkrai\n|\n|upkeep\n|\n|t:|1700032599\n|switch|p1a: Groudon|Groudon|100\/100\n|-weather|SunnyDay|[from] ability: Drought|[of] p1a: Groudon\n|turn|19\n|\n|t:|1700032604\n|move|p1a: Groudon|Earthquake|p2a: Ursaluna\n|-supereffective|p2a: Ursaluna\n|-damage|p2a: Ursaluna|47\/100\n|move|p2a: Ursaluna|Earth Power|p1a: Groudon\n|-damage|p1a: Groudon|0 fnt\n|faint|p1a: Groudon\n|\n|-weather|SunnyDay|[upkeep]\n|-heal|p2a: Ursaluna|53\/100|[from] item: Leftovers\n|upkeep\n|\n|t:|1700032610\n|switch|p1a: Garchomp|Garchomp, M|100\/100\n|turn|20\n|\n|t:|1700032615\n|move|p1a: Garchomp|Earthquake|p2a: Ursaluna\n|-supereffective|p2a: Ursaluna\n|-damage|p2a: Ursaluna|9\/100\n|move|p2a: Ursaluna|Blood Moon|p1a: Garchomp\n|-damage|p1a: Garchomp|0 fnt\n|faint|p1a: Garchomp\n|\n|-weather|SunnyDay|[upkeep]\n|-heal|p2a: Ursaluna|15\/100|[from] item: Leftovers\n|upkeep\n|\n|t:|1700032624\n|switch|p1a: Calyrex|Calyrex-Ice|100\/100\n|-ability|p1a: Calyrex|As One\n|-ability|p1a: Calyrex|Unnerve\n|turn|21\n|\n|t:|1700032629\n|move|p1a: Calyrex|Psychic|p2a: Ursaluna\n|-supereffective|p2a: Ursaluna\n|-damage|p2a: Ursaluna|0 fnt\n|faint|p2a: Ursaluna\n|\n|win|Cliamx\n|raw|Cliamx's rating: 1109 &rarr; <strong>1130<\/strong><br \/>(+21 for winning)\n|raw|galladesimp's rating: 1047 &rarr; <strong>1033<\/strong><br \/>(-14 for losing)\n","uploadtime":1700032640,"views":13,"p1id":"cliamx","p2id":"galladesimp","formatid":"gen9ubers","rating":1033,"private":0,"password":""}