{"id":"gen9ubers-1987907144","p1":"termofservice","p2":"OceanicGamer3","format":"[Gen 9] Ubers","log":"|j|\u2606termofservice\n|j|\u2606OceanicGamer3\n|t:|1699647964\n|gametype|singles\n|player|p1|termofservice|cynthia-masters|\n|player|p2|OceanicGamer3|bugcatcher-gen4dp|\n|teamsize|p1|6\n|teamsize|p2|6\n|gen|9\n|tier|[Gen 9] Ubers\n|rule|Sleep Clause Mod: Limit one foe put to sleep\n|rule|Species Clause: Limit one of each Pok\u00e9mon\n|rule|OHKO Clause: OHKO moves are banned\n|rule|Evasion Items Clause: Evasion items are banned\n|rule|Evasion Moves Clause: Evasion moves are banned\n|rule|Endless Battle Clause: Forcing endless battles is banned\n|rule|HP Percentage Mod: HP is shown in percentages\n|clearpoke\n|poke|p1|Indeedee-F, F|\n|poke|p1|Espathra, M|\n|poke|p1|Veluza, M|\n|poke|p1|Palkia-Origin|\n|poke|p1|Armarouge, F|\n|poke|p1|Cresselia, F|\n|poke|p2|Houndstone, F|\n|poke|p2|Garchomp, F|\n|poke|p2|Heatran, F|\n|poke|p2|Lycanroc, M|\n|poke|p2|Mandibuzz, F|\n|poke|p2|Hippowdon, M|\n|teampreview\n|c|\u2606OceanicGamer3|VELUZA \ud83d\udd25\n|inactive|Battle timer is ON: inactive players will automatically lose when time's up. (requested by OceanicGamer3)\n|l|\u2606termofservice\n|inactive|termofservice disconnected and has 300 seconds to reconnect!\n|player|p1|\n|j|\u2606termofservice\n|inactive|termofservice reconnected and has 295 seconds left.\n|player|p1|termofservice|cynthia-masters\n|\n|t:|1699648016\n|start\n|switch|p1a: Espathra|Espathra, M|100\/100\n|switch|p2a: Mandibuzz|Mandibuzz, F|100\/100\n|turn|1\n|\n|t:|1699648023\n|move|p1a: Espathra|Psychic Terrain|p1a: Espathra\n|-fieldstart|move: Psychic Terrain\n|move|p2a: Mandibuzz|Toxic|p1a: Espathra\n|-status|p1a: Espathra|tox\n|\n|-damage|p1a: Espathra|94\/100 tox|[from] psn\n|-ability|p1a: Espathra|Speed Boost|boost\n|-boost|p1a: Espathra|spe|1\n|upkeep\n|turn|2\n|\n|t:|1699648028\n|move|p1a: Espathra|U-turn|p2a: Mandibuzz\n|-damage|p2a: Mandibuzz|93\/100\n|\n|t:|1699648033\n|switch|p1a: Palkia|Palkia-Origin|100\/100|[from] U-turn\n|-ability|p1a: Palkia|Pressure\n|move|p2a: Mandibuzz|U-turn|p1a: Palkia\n|-crit|p1a: Palkia\n|-damage|p1a: Palkia|83\/100\n|\n|t:|1699648051\n|switch|p2a: Garchomp|Garchomp, F|100\/100|[from] U-turn\n|\n|upkeep\n|turn|3\n|\n|t:|1699648068\n|-terastallize|p1a: Palkia|Water\n|move|p1a: Palkia|Hydro Pump|p2a: Garchomp\n|-damage|p2a: Garchomp|0 fnt\n|faint|p2a: Garchomp\n|\n|upkeep\n|\n|t:|1699648081\n|switch|p2a: Mandibuzz|Mandibuzz, F|93\/100\n|turn|4\n|\n|t:|1699648082\n|move|p1a: Palkia|Hydro Pump|p2a: Mandibuzz\n|-damage|p2a: Mandibuzz|20\/100\n|move|p2a: Mandibuzz|Toxic|p1a: Palkia\n|-status|p1a: Palkia|tox\n|\n|-damage|p1a: Palkia|77\/100 tox|[from] psn\n|upkeep\n|turn|5\n|\n|t:|1699648087\n|move|p1a: Palkia|Ice Beam|p2a: Mandibuzz\n|-supereffective|p2a: Mandibuzz\n|-damage|p2a: Mandibuzz|0 fnt\n|faint|p2a: Mandibuzz\n|\n|-damage|p1a: Palkia|65\/100 tox|[from] psn\n|upkeep\n|\n|t:|1699648114\n|switch|p2a: Hippowdon|Hippowdon, M|100\/100\n|-weather|Sandstorm|[from] ability: Sand Stream|[of] p2a: Hippowdon\n|turn|6\n|\n|t:|1699648141\n|move|p1a: Palkia|Hydro Pump|p2a: Hippowdon\n|-supereffective|p2a: Hippowdon\n|-damage|p2a: Hippowdon|0 fnt\n|faint|p2a: Hippowdon\n|\n|-weather|Sandstorm|[upkeep]\n|-damage|p1a: Palkia|58\/100 tox|[from] Sandstorm\n|-damage|p1a: Palkia|40\/100 tox|[from] psn\n|upkeep\n|\n|t:|1699648150\n|switch|p2a: Lycanroc|Lycanroc, M|100\/100\n|turn|7\n|\n|t:|1699648155\n|move|p2a: Lycanroc|Stone Edge|p1a: Palkia\n|-damage|p1a: Palkia|0 fnt\n|faint|p1a: Palkia\n|-damage|p2a: Lycanroc|91\/100|[from] item: Life Orb\n|\n|-weather|Sandstorm|[upkeep]\n|upkeep\n|\n|t:|1699648163\n|switch|p1a: Cresselia|Cresselia, F|100\/100\n|turn|8\n|c|\u2606OceanicGamer3|I need a palkia o switxhin\n|\n|t:|1699648179\n|switch|p2a: Heatran|Heatran, F|100\/100\n|-item|p2a: Heatran|Air Balloon\n|move|p1a: Cresselia|Thunder Wave|p2a: Heatran\n|-status|p2a: Heatran|par\n|\n|-weather|Sandstorm|[upkeep]\n|-damage|p1a: Cresselia|94\/100|[from] Sandstorm\n|-heal|p1a: Cresselia|100\/100|[from] item: Leftovers\n|-fieldend|move: Psychic Terrain\n|upkeep\n|turn|9\n|\n|t:|1699648188\n|move|p1a: Cresselia|Icy Wind|p2a: Heatran\n|-resisted|p2a: Heatran\n|-damage|p2a: Heatran|97\/100 par\n|-unboost|p2a: Heatran|spe|1\n|-enditem|p2a: Heatran|Air Balloon\n|move|p2a: Heatran|Magma Storm|p1a: Cresselia\n|-damage|p1a: Cresselia|65\/100\n|-activate|p1a: Cresselia|move: Magma Storm|[of] p2a: Heatran\n|\n|-weather|Sandstorm|[upkeep]\n|-damage|p1a: Cresselia|59\/100|[from] Sandstorm\n|-heal|p1a: Cresselia|65\/100|[from] item: Leftovers\n|-damage|p1a: Cresselia|53\/100|[from] move: Magma Storm|[partiallytrapped]\n|upkeep\n|turn|10\n|\n|t:|1699648199\n|move|p1a: Cresselia|Future Sight|p2a: Heatran\n|-start|p1a: Cresselia|move: Future Sight\n|move|p2a: Heatran|Flash Cannon|p1a: Cresselia\n|-damage|p1a: Cresselia|23\/100\n|\n|-weather|Sandstorm|[upkeep]\n|-damage|p1a: Cresselia|17\/100|[from] Sandstorm\n|-heal|p1a: Cresselia|23\/100|[from] item: Leftovers\n|-damage|p1a: Cresselia|11\/100|[from] move: Magma Storm|[partiallytrapped]\n|upkeep\n|turn|11\n|\n|t:|1699648206\n|move|p1a: Cresselia|Moonlight|p1a: Cresselia\n|-heal|p1a: Cresselia|36\/100\n|move|p2a: Heatran|Flash Cannon|p1a: Cresselia\n|-damage|p1a: Cresselia|5\/100\n|\n|-weather|Sandstorm|[upkeep]\n|-damage|p1a: Cresselia|0 fnt|[from] Sandstorm\n|faint|p1a: Cresselia\n|upkeep\n|\n|t:|1699648227\n|switch|p1a: Veluza|Veluza, M|100\/100\n|turn|12\n|\n|t:|1699648233\n|move|p1a: Veluza|Fillet Away|p1a: Veluza\n|-boost|p1a: Veluza|atk|2\n|-boost|p1a: Veluza|spa|2\n|-boost|p1a: Veluza|spe|2\n|-damage|p1a: Veluza|50\/100\n|-enditem|p1a: Veluza|Sitrus Berry|[eat]\n|-heal|p1a: Veluza|75\/100|[from] item: Sitrus Berry\n|move|p2a: Heatran|Will-O-Wisp|p1a: Veluza\n|-status|p1a: Veluza|brn\n|\n|-weather|Sandstorm|[upkeep]\n|-damage|p1a: Veluza|69\/100 brn|[from] Sandstorm\n|-end|p2a: Heatran|move: Future Sight\n|-resisted|p2a: Heatran\n|-damage|p2a: Heatran|77\/100 par\n|-damage|p1a: Veluza|63\/100 brn|[from] brn\n|upkeep\n|turn|13\n|\n|t:|1699648246\n|move|p1a: Veluza|Aqua Cutter|p2a: Heatran\n|-supereffective|p2a: Heatran\n|-damage|p2a: Heatran|0 fnt\n|faint|p2a: Heatran\n|\n|-weather|none\n|-damage|p1a: Veluza|57\/100 brn|[from] brn\n|upkeep\n|\n|t:|1699648260\n|switch|p2a: Lycanroc|Lycanroc, M|91\/100\n|turn|14\n|\n|t:|1699648270\n|-terastallize|p2a: Lycanroc|Fighting\n|move|p1a: Veluza|Aqua Cutter|p2a: Lycanroc\n|-damage|p2a: Lycanroc|11\/100\n|move|p2a: Lycanroc|Swords Dance|p2a: Lycanroc\n|-boost|p2a: Lycanroc|atk|2\n|\n|-damage|p1a: Veluza|50\/100 brn|[from] brn\n|upkeep\n|turn|15\n|\n|t:|1699648279\n|move|p2a: Lycanroc|Accelerock|p1a: Veluza\n|-damage|p1a: Veluza|0 fnt\n|faint|p1a: Veluza\n|-damage|p2a: Lycanroc|1\/100|[from] item: Life Orb\n|\n|upkeep\n|c|\u2606OceanicGamer3|Im so bad at this game\n|\n|t:|1699648291\n|switch|p1a: Indeedee|Indeedee-F, F|100\/100\n|-fieldstart|move: Psychic Terrain|[from] ability: Psychic Surge|[of] p1a: Indeedee\n|turn|16\n|\n|t:|1699648296\n|switch|p1a: Espathra|Espathra, M|94\/100 tox\n|move|p2a: Lycanroc|Close Combat|p1a: Espathra\n|-resisted|p1a: Espathra\n|-damage|p1a: Espathra|0 fnt\n|-unboost|p2a: Lycanroc|def|1\n|-unboost|p2a: Lycanroc|spd|1\n|faint|p1a: Espathra\n|-damage|p2a: Lycanroc|0 fnt|[from] item: Life Orb\n|faint|p2a: Lycanroc\n|\n|upkeep\n|\n|t:|1699648302\n|switch|p2a: Houndstone|Houndstone, F|100\/100\n|switch|p1a: Armarouge|Armarouge, F|100\/100\n|turn|17\n|\n|t:|1699648307\n|move|p1a: Armarouge|Destiny Bond|p1a: Armarouge\n|-singlemove|p1a: Armarouge|Destiny Bond\n|move|p2a: Houndstone|Trick|p1a: Armarouge\n|-activate|p2a: Houndstone|move: Trick|[of] p1a: Armarouge\n|-item|p1a: Armarouge|Choice Band|[from] move: Trick\n|-item|p2a: Houndstone|Life Orb|[from] move: Trick\n|\n|upkeep\n|turn|18\n|\n|t:|1699648317\n|move|p1a: Armarouge|Expanding Force|p2a: Houndstone\n|-damage|p2a: Houndstone|12\/100\n|move|p2a: Houndstone|Last Respects|p1a: Armarouge\n|-supereffective|p1a: Armarouge\n|-damage|p1a: Armarouge|0 fnt\n|faint|p1a: Armarouge\n|-damage|p2a: Houndstone|2\/100|[from] item: Life Orb\n|\n|upkeep\n|\n|t:|1699648321\n|switch|p1a: Indeedee|Indeedee-F, F|100\/100\n|turn|19\n|\n|t:|1699648324\n|move|p2a: Houndstone|Body Press|p1a: Indeedee\n|-damage|p1a: Indeedee|65\/100\n|-damage|p2a: Houndstone|0 fnt|[from] item: Life Orb\n|faint|p2a: Houndstone\n|\n|win|termofservice\n|c|\u2606OceanicGamer3|I suck so bad\n|c|\u2606termofservice|Damn\n|c|\u2606termofservice|Why couldn't you just last respects\n|l|\u2606OceanicGamer3\n|c|\u2606termofservice|It would've been so funny\n","uploadtime":1699648345,"views":8,"p1id":"termofservice","p2id":"oceanicgamer3","formatid":"gen9ubers","rating":0,"private":0,"password":""}