{"id":"gen9ubers-1978599231","p1":"FrostyRandom02","p2":"Chocolover2015","format":"[Gen 9] Ubers","log":"|j|\u2606FrostyRandom02\n|j|\u2606Chocolover2015\n|t:|1698563792\n|gametype|singles\n|player|p1|FrostyRandom02|riley|\n|player|p2|Chocolover2015|caitlin-masters|\n|teamsize|p1|6\n|teamsize|p2|6\n|gen|9\n|tier|[Gen 9] Ubers\n|rule|Sleep Clause Mod: Limit one foe put to sleep\n|rule|Species Clause: Limit one of each Pok\u00e9mon\n|rule|OHKO Clause: OHKO moves are banned\n|rule|Evasion Items Clause: Evasion items are banned\n|rule|Evasion Moves Clause: Evasion moves are banned\n|rule|Endless Battle Clause: Forcing endless battles is banned\n|rule|HP Percentage Mod: HP is shown in percentages\n|clearpoke\n|poke|p1|Okidogi, M|\n|poke|p1|Cyclizar, F|\n|poke|p1|Chi-Yu|\n|poke|p1|Espathra, M|\n|poke|p1|Rillaboom, F|\n|poke|p1|Zacian-*|\n|poke|p2|Okidogi, M|\n|poke|p2|Cyclizar, M|\n|poke|p2|Chi-Yu|\n|poke|p2|Espathra, F|\n|poke|p2|Rillaboom, M|\n|poke|p2|Zacian-*|\n|teampreview\n|\n|t:|1698563825\n|start\n|switch|p1a: Cyclizar|Cyclizar, F|100\/100\n|switch|p2a: Chi-Yu|Chi-Yu|100\/100\n|-ability|p2a: Chi-Yu|Beads of Ruin\n|turn|1\n|\n|t:|1698563888\n|move|p2a: Chi-Yu|Dark Pulse|p1a: Cyclizar\n|-damage|p1a: Cyclizar|7\/100\n|move|p1a: Cyclizar|Rapid Spin|p2a: Chi-Yu\n|-damage|p2a: Chi-Yu|75\/100\n|-boost|p1a: Cyclizar|spe|1\n|\n|upkeep\n|turn|2\n|\n|t:|1698563914\n|move|p1a: Cyclizar|U-turn|p2a: Chi-Yu\n|-damage|p2a: Chi-Yu|48\/100\n|\n|t:|1698563922\n|switch|p1a: Chi-Yu|Chi-Yu|100\/100|[from] U-turn\n|-ability|p1a: Chi-Yu|Beads of Ruin\n|move|p2a: Chi-Yu|Dark Pulse|p1a: Chi-Yu\n|-resisted|p1a: Chi-Yu\n|-damage|p1a: Chi-Yu|74\/100\n|\n|upkeep\n|turn|3\n|\n|t:|1698563937\n|move|p1a: Chi-Yu|Fire Blast|p2a: Chi-Yu\n|-resisted|p2a: Chi-Yu\n|-damage|p2a: Chi-Yu|12\/100\n|move|p2a: Chi-Yu|Dark Pulse|p1a: Chi-Yu\n|-resisted|p1a: Chi-Yu\n|-damage|p1a: Chi-Yu|46\/100\n|\n|upkeep\n|turn|4\n|\n|t:|1698563945\n|move|p2a: Chi-Yu|Dark Pulse|p1a: Chi-Yu\n|-resisted|p1a: Chi-Yu\n|-damage|p1a: Chi-Yu|18\/100\n|move|p1a: Chi-Yu|Fire Blast|p2a: Chi-Yu\n|-resisted|p2a: Chi-Yu\n|-damage|p2a: Chi-Yu|0 fnt\n|faint|p2a: Chi-Yu\n|\n|upkeep\n|\n|t:|1698563974\n|switch|p2a: Rillaboom|Rillaboom, M|100\/100\n|-fieldstart|move: Grassy Terrain|[from] ability: Grassy Surge|[of] p2a: Rillaboom\n|turn|5\n|\n|t:|1698564029\n|switch|p1a: Okidogi|Okidogi, M|100\/100\n|-terastallize|p2a: Rillaboom|Water\n|move|p2a: Rillaboom|Knock Off|p1a: Okidogi\n|-resisted|p1a: Okidogi\n|-damage|p1a: Okidogi|78\/100\n|-enditem|p1a: Okidogi|Leftovers|[from] move: Knock Off|[of] p2a: Rillaboom\n|\n|-heal|p1a: Okidogi|84\/100|[from] Grassy Terrain\n|upkeep\n|turn|6\n|\n|t:|1698564062\n|switch|p2a: Cyclizar|Cyclizar, M|100\/100\n|move|p1a: Okidogi|Bulk Up|p1a: Okidogi\n|-boost|p1a: Okidogi|atk|1\n|-boost|p1a: Okidogi|def|1\n|\n|-heal|p1a: Okidogi|90\/100|[from] Grassy Terrain\n|upkeep\n|turn|7\n|\n|t:|1698564071\n|move|p2a: Cyclizar|Shed Tail|p2a: Cyclizar\n|-start|p2a: Cyclizar|Substitute|[from] move: Shed Tail\n|-damage|p2a: Cyclizar|50\/100\n|\n|t:|1698564076\n|switch|p2a: Espathra|Espathra, F|100\/100|[from] Shed Tail\n|-enditem|p2a: Espathra|Grassy Seed\n|-boost|p2a: Espathra|def|1|[from] item: Grassy Seed\n|move|p1a: Okidogi|Drain Punch|p2a: Espathra\n|-resisted|p2a: Espathra\n|-activate|p2a: Espathra|move: Substitute|[damage]\n|-heal|p1a: Okidogi|99\/100|[from] drain|[of] p2a: Espathra\n|\n|-heal|p1a: Okidogi|100\/100|[from] Grassy Terrain\n|upkeep\n|turn|8\n|\n|t:|1698564088\n|move|p2a: Espathra|Protect|p2a: Espathra\n|-singleturn|p2a: Espathra|Protect\n|move|p1a: Okidogi|Knock Off|p2a: Espathra\n|-activate|p2a: Espathra|move: Protect\n|\n|-ability|p2a: Espathra|Speed Boost|boost\n|-boost|p2a: Espathra|spe|1\n|upkeep\n|turn|9\n|\n|t:|1698564098\n|move|p2a: Espathra|Calm Mind|p2a: Espathra\n|-boost|p2a: Espathra|spa|1\n|-boost|p2a: Espathra|spd|1\n|move|p1a: Okidogi|Knock Off|p2a: Espathra\n|-supereffective|p2a: Espathra\n|-end|p2a: Espathra|Substitute\n|\n|-fieldend|move: Grassy Terrain\n|-ability|p2a: Espathra|Speed Boost|boost\n|-boost|p2a: Espathra|spe|1\n|upkeep\n|turn|10\n|\n|t:|1698564119\n|-terastallize|p1a: Okidogi|Dark\n|move|p2a: Espathra|Dazzling Gleam|p1a: Okidogi\n|-supereffective|p1a: Okidogi\n|-crit|p1a: Okidogi\n|-damage|p1a: Okidogi|45\/100\n|move|p1a: Okidogi|Knock Off|p2a: Espathra\n|-supereffective|p2a: Espathra\n|-damage|p2a: Espathra|48\/100\n|\n|-ability|p2a: Espathra|Speed Boost|boost\n|-boost|p2a: Espathra|spe|1\n|upkeep\n|turn|11\n|\n|t:|1698564133\n|move|p2a: Espathra|Dazzling Gleam|p1a: Okidogi\n|-supereffective|p1a: Okidogi\n|-damage|p1a: Okidogi|8\/100\n|move|p1a: Okidogi|Knock Off|p2a: Espathra\n|-supereffective|p2a: Espathra\n|-damage|p2a: Espathra|0 fnt\n|faint|p2a: Espathra\n|\n|upkeep\n|\n|t:|1698564174\n|switch|p2a: Cyclizar|Cyclizar, M|84\/100\n|turn|12\n|\n|t:|1698564179\n|move|p2a: Cyclizar|Rapid Spin|p1a: Okidogi\n|-damage|p1a: Okidogi|0 fnt\n|-boost|p2a: Cyclizar|spe|1\n|faint|p1a: Okidogi\n|\n|upkeep\n|\n|t:|1698564186\n|switch|p1a: Espathra|Espathra, M|100\/100\n|turn|13\n|\n|t:|1698564205\n|switch|p1a: Chi-Yu|Chi-Yu|18\/100\n|-ability|p1a: Chi-Yu|Beads of Ruin\n|move|p2a: Cyclizar|Knock Off|p1a: Chi-Yu\n|-resisted|p1a: Chi-Yu\n|-damage|p1a: Chi-Yu|2\/100\n|-enditem|p1a: Chi-Yu|Choice Scarf|[from] move: Knock Off|[of] p2a: Cyclizar\n|\n|upkeep\n|turn|14\n|\n|t:|1698564220\n|move|p2a: Cyclizar|Rapid Spin|p1a: Chi-Yu\n|-damage|p1a: Chi-Yu|0 fnt\n|-boost|p2a: Cyclizar|spe|1\n|faint|p1a: Chi-Yu\n|\n|upkeep\n|\n|t:|1698564225\n|switch|p1a: Rillaboom|Rillaboom, F|100\/100\n|-fieldstart|move: Grassy Terrain|[from] ability: Grassy Surge|[of] p1a: Rillaboom\n|turn|15\n|\n|t:|1698564258\n|move|p2a: Cyclizar|Shed Tail|p2a: Cyclizar\n|-start|p2a: Cyclizar|Substitute|[from] move: Shed Tail\n|-damage|p2a: Cyclizar|34\/100\n|\n|t:|1698564269\n|switch|p2a: Okidogi|Okidogi, M|100\/100|[from] Shed Tail\n|move|p1a: Rillaboom|High Horsepower|p2a: Okidogi\n|-supereffective|p2a: Okidogi\n|-end|p2a: Okidogi|Substitute\n|\n|upkeep\n|turn|16\n|\n|t:|1698564286\n|switch|p2a: Rillaboom|Rillaboom, M, tera:Water|100\/100\n|move|p1a: Rillaboom|High Horsepower|p2a: Rillaboom\n|-damage|p2a: Rillaboom|52\/100\n|\n|-heal|p2a: Rillaboom|59\/100|[from] Grassy Terrain\n|upkeep\n|turn|17\n|\n|t:|1698564296\n|switch|p1a: Cyclizar|Cyclizar, F|40\/100\n|move|p2a: Rillaboom|Knock Off|p1a: Cyclizar\n|-damage|p1a: Cyclizar|0 fnt\n|-enditem|p1a: Cyclizar|Heavy-Duty Boots|[from] move: Knock Off|[of] p2a: Rillaboom\n|faint|p1a: Cyclizar\n|\n|-heal|p2a: Rillaboom|65\/100|[from] Grassy Terrain\n|upkeep\n|\n|t:|1698564305\n|switch|p1a: Rillaboom|Rillaboom, F|100\/100\n|turn|18\n|\n|t:|1698564320\n|switch|p2a: Okidogi|Okidogi, M|100\/100\n|move|p1a: Rillaboom|Grassy Glide|p2a: Okidogi\n|-resisted|p2a: Okidogi\n|-damage|p2a: Okidogi|77\/100\n|\n|-heal|p2a: Okidogi|83\/100|[from] Grassy Terrain\n|-heal|p2a: Okidogi|89\/100|[from] item: Leftovers\n|upkeep\n|turn|19\n|\n|t:|1698564336\n|switch|p1a: Espathra|Espathra, M|100\/100\n|-enditem|p1a: Espathra|Grassy Seed\n|-boost|p1a: Espathra|def|1|[from] item: Grassy Seed\n|switch|p2a: Rillaboom|Rillaboom, M, tera:Water|65\/100\n|\n|-heal|p2a: Rillaboom|71\/100|[from] Grassy Terrain\n|-fieldend|move: Grassy Terrain\n|upkeep\n|turn|20\n|\n|t:|1698564352\n|move|p1a: Espathra|Calm Mind|p1a: Espathra\n|-boost|p1a: Espathra|spa|1\n|-boost|p1a: Espathra|spd|1\n|move|p2a: Rillaboom|Knock Off|p1a: Espathra\n|-supereffective|p1a: Espathra\n|-damage|p1a: Espathra|53\/100\n|\n|-ability|p1a: Espathra|Speed Boost|boost\n|-boost|p1a: Espathra|spe|1\n|upkeep\n|turn|21\n|\n|t:|1698564370\n|switch|p2a: Cyclizar|Cyclizar, M|67\/100\n|move|p1a: Espathra|Calm Mind|p1a: Espathra\n|-boost|p1a: Espathra|spa|1\n|-boost|p1a: Espathra|spd|1\n|\n|-ability|p1a: Espathra|Speed Boost|boost\n|-boost|p1a: Espathra|spe|1\n|upkeep\n|turn|22\n|\n|t:|1698564377\n|move|p1a: Espathra|Stored Power|p2a: Cyclizar\n|-damage|p2a: Cyclizar|0 fnt\n|faint|p2a: Cyclizar\n|\n|-ability|p1a: Espathra|Speed Boost|boost\n|-boost|p1a: Espathra|spe|1\n|upkeep\n|\n|t:|1698564401\n|switch|p2a: Rillaboom|Rillaboom, M, tera:Water|71\/100\n|-fieldstart|move: Grassy Terrain|[from] ability: Grassy Surge|[of] p2a: Rillaboom\n|turn|23\n|\n|t:|1698564407\n|move|p2a: Rillaboom|Grassy Glide|p1a: Espathra\n|-damage|p1a: Espathra|15\/100\n|move|p1a: Espathra|Stored Power|p2a: Rillaboom\n|-damage|p2a: Rillaboom|0 fnt\n|faint|p2a: Rillaboom\n|\n|-heal|p1a: Espathra|21\/100|[from] Grassy Terrain\n|-ability|p1a: Espathra|Speed Boost|boost\n|-boost|p1a: Espathra|spe|1\n|upkeep\n|-message|Chocolover2015 forfeited.\n|\n|win|FrostyRandom02\n|l|\u2606Chocolover2015\n","uploadtime":1698564421,"views":11,"p1id":"frostyrandom02","p2id":"chocolover2015","formatid":"gen9ubers","rating":0,"private":0,"password":""}