{"id":"gen9ubers-1999278060","p1":"Judgie","p2":"something482","format":"[Gen 9] Ubers","log":"|j|\u2606Judgie\n|j|\u2606something482\n|t:|1701054169\n|gametype|singles\n|player|p1|Judgie|policeman-gen4|\n|player|p2|something482|victor|\n|teamsize|p1|6\n|teamsize|p2|6\n|gen|9\n|tier|[Gen 9] Ubers\n|rule|Sleep Clause Mod: Limit one foe put to sleep\n|rule|Species Clause: Limit one of each Pok\u00e9mon\n|rule|OHKO Clause: OHKO moves are banned\n|rule|Evasion Items Clause: Evasion items are banned\n|rule|Evasion Moves Clause: Evasion moves are banned\n|rule|Endless Battle Clause: Forcing endless battles is banned\n|rule|HP Percentage Mod: HP is shown in percentages\n|clearpoke\n|poke|p1|Alomomola, M|\n|poke|p1|Gliscor, F|\n|poke|p1|Chi-Yu|\n|poke|p1|Regieleki|\n|poke|p1|Roaring Moon|\n|poke|p1|Breloom, F|\n|poke|p2|Gholdengo|\n|poke|p2|Chien-Pao|\n|poke|p2|Grimmsnarl, M|\n|poke|p2|Glimmora, M|\n|poke|p2|Cyclizar, M|\n|poke|p2|Dragapult, M|\n|teampreview\n|c|\u2606something482|gl hf!\n|c|\u2606Judgie|same to u\n|j| Redneck Heaven\n|j| ampharosaunt11\n|j| Lillyrosethedemon\n|j| Willish6634\n|j| Alaina Tutu\n|j| FaladranTheCreator\n|inactive|Battle timer is ON: inactive players will automatically lose when time's up. (requested by Judgie)\n|\n|t:|1701054239\n|start\n|switch|p1a: Spaceship|Alomomola, M, shiny|100\/100\n|switch|p2a: Eren|Grimmsnarl, M|100\/100\n|turn|1\n|c| Willish6634|Eren\n|\n|t:|1701054259\n|move|p2a: Eren|Taunt|p1a: Spaceship\n|-start|p1a: Spaceship|move: Taunt\n|move|p1a: Spaceship|Flip Turn|p2a: Eren\n|-damage|p2a: Eren|84\/100\n|inactive|Judgie has 270 seconds left.\n|\n|t:|1701054274\n|switch|p1a: Slow Jamz|Gliscor, F|100\/100|[from] Flip Turn\n|\n|-heal|p2a: Eren|90\/100|[from] item: Leftovers\n|-status|p1a: Slow Jamz|tox|[from] item: Toxic Orb\n|upkeep\n|turn|2\n|inactive|Judgie has 270 seconds left.\n|l| Alaina Tutu\n|\n|t:|1701054288\n|move|p2a: Eren|Taunt|p1a: Slow Jamz\n|-start|p1a: Slow Jamz|move: Taunt\n|move|p1a: Slow Jamz|Brick Break|p2a: Eren\n|-damage|p2a: Eren|64\/100\n|\n|-heal|p2a: Eren|70\/100|[from] item: Leftovers\n|upkeep\n|turn|3\n|\n|t:|1701054312\n|switch|p2a: DaveNBusters|Gholdengo|100\/100\n|move|p1a: Slow Jamz|Earthquake|p2a: DaveNBusters\n|-supereffective|p2a: DaveNBusters\n|-damage|p2a: DaveNBusters|23\/100\n|\n|upkeep\n|turn|4\n|inactive|something482 has 270 seconds left.\n|\n|t:|1701054351\n|-terastallize|p2a: DaveNBusters|Water\n|move|p1a: Slow Jamz|Earthquake|p2a: DaveNBusters\n|-damage|p2a: DaveNBusters|0 fnt\n|faint|p2a: DaveNBusters\n|\n|-end|p1a: Slow Jamz|move: Taunt\n|upkeep\n|c|\u2606something482|oof, rip\n|c| Willish6634|Ooh\n|inactive|something482 has 240 seconds left.\n|c|\u2606Judgie|interesting\n|j| Alaina Tutu\n|\n|t:|1701054385\n|switch|p2a: Vroom|Cyclizar, M|100\/100\n|turn|5\n|c| FaladranTheCreator|77\/2 = 38.5\n|\n|t:|1701054391\n|move|p2a: Vroom|U-turn|p1a: Slow Jamz\n|-resisted|p1a: Slow Jamz\n|-damage|p1a: Slow Jamz|91\/100 tox\n|\n|t:|1701054394\n|switch|p2a: Rawk|Glimmora, M|100\/100|[from] U-turn\n|move|p1a: Slow Jamz|Brick Break|p2a: Rawk\n|-damage|p2a: Rawk|77\/100\n|-activate|p2a: Rawk|ability: Toxic Debris\n|-sidestart|p1: Judgie|move: Toxic Spikes\n|\n|-heal|p1a: Slow Jamz|100\/100 tox|[from] ability: Poison Heal\n|upkeep\n|turn|6\n|inactive|something482 has 240 seconds left.\n|l| Alaina Tutu\n|\n|t:|1701054414\n|move|p1a: Slow Jamz|Earthquake|p2a: Rawk\n|-supereffective|p2a: Rawk\n|-damage|p2a: Rawk|0 fnt\n|-activate|p2a: Rawk|ability: Toxic Debris\n|-sidestart|p1: Judgie|move: Toxic Spikes\n|faint|p2a: Rawk\n|\n|upkeep\n|\n|t:|1701054432\n|switch|p2a: Lion-O|Chien-Pao|100\/100\n|-ability|p2a: Lion-O|Sword of Ruin\n|turn|7\n|\n|t:|1701054440\n|switch|p2a: Eren|Grimmsnarl, M|70\/100\n|-terastallize|p1a: Slow Jamz|Fighting\n|move|p1a: Slow Jamz|Brick Break|p2a: Eren\n|-damage|p2a: Eren|32\/100\n|\n|-heal|p2a: Eren|38\/100|[from] item: Leftovers\n|upkeep\n|turn|8\n|c|\u2606Judgie|good play\n|\n|t:|1701054454\n|move|p1a: Slow Jamz|Brick Break|p2a: Eren\n|-damage|p2a: Eren|0 fnt\n|faint|p2a: Eren\n|\n|upkeep\n|\n|t:|1701054458\n|switch|p2a: Nyoooom|Dragapult, M|100\/100\n|turn|9\n|j| Mackacide\n|\n|t:|1701054466\n|move|p2a: Nyoooom|Draco Meteor|p1a: Slow Jamz\n|-damage|p1a: Slow Jamz|0 fnt\n|-unboost|p2a: Nyoooom|spa|2\n|faint|p1a: Slow Jamz\n|-damage|p2a: Nyoooom|91\/100|[from] item: Life Orb\n|\n|upkeep\n|c| Mackacide|sweep baby jesus\n|\n|t:|1701054478\n|switch|p1a: Power|Chi-Yu|100\/100\n|-status|p1a: Power|tox\n|-ability|p1a: Power|Beads of Ruin\n|turn|10\n|\n|t:|1701054485\n|move|p1a: Power|Dark Pulse|p2a: Nyoooom\n|-supereffective|p2a: Nyoooom\n|-damage|p2a: Nyoooom|0 fnt\n|faint|p2a: Nyoooom\n|\n|-damage|p1a: Power|95\/100 tox|[from] psn\n|upkeep\n|inactive|something482 has 240 seconds left.\n|\n|t:|1701054501\n|switch|p2a: Vroom|Cyclizar, M|100\/100\n|turn|11\n|\n|t:|1701054504\n|move|p1a: Power|Dark Pulse|p2a: Vroom\n|-damage|p2a: Vroom|1\/100\n|move|p2a: Vroom|Knock Off|p1a: Power\n|-resisted|p1a: Power\n|-damage|p1a: Power|72\/100 tox\n|-enditem|p1a: Power|Choice Scarf|[from] move: Knock Off|[of] p2a: Vroom\n|\n|-damage|p1a: Power|60\/100 tox|[from] psn\n|upkeep\n|turn|12\n|\n|t:|1701054517\n|move|p2a: Vroom|Dragon Claw|p1a: Power\n|-damage|p1a: Power|6\/100 tox\n|move|p1a: Power|Dark Pulse|p2a: Vroom\n|-damage|p2a: Vroom|0 fnt\n|faint|p2a: Vroom\n|\n|-damage|p1a: Power|0 fnt|[from] psn\n|faint|p1a: Power\n|upkeep\n|c|\u2606Judgie|that 1 oof\n|\n|t:|1701054527\n|switch|p2a: Lion-O|Chien-Pao|100\/100\n|switch|p1a: Homecoming|Regieleki|100\/100\n|-ability|p2a: Lion-O|Sword of Ruin\n|turn|13\n|\n|t:|1701054534\n|move|p2a: Lion-O|Ice Shard|p1a: Homecoming\n|-damage|p1a: Homecoming|48\/100\n|-damage|p2a: Lion-O|91\/100|[from] item: Life Orb\n|move|p1a: Homecoming|Rapid Spin|p2a: Lion-O\n|-damage|p2a: Lion-O|75\/100\n|-boost|p1a: Homecoming|spe|1\n|-sideend|p1: Judgie|Toxic Spikes|[from] move: Rapid Spin|[of] p1a: Homecoming\n|\n|upkeep\n|turn|14\n|\n|t:|1701054543\n|move|p2a: Lion-O|Ice Shard|p1a: Homecoming\n|-damage|p1a: Homecoming|0 fnt\n|faint|p1a: Homecoming\n|-damage|p2a: Lion-O|65\/100|[from] item: Life Orb\n|\n|upkeep\n|\n|t:|1701054548\n|switch|p1a: Jesus Walks|Breloom, F|100\/100\n|turn|15\n|inactive|something482 has 270 seconds left.\n|\n|t:|1701054562\n|move|p2a: Lion-O|Ice Shard|p1a: Jesus Walks\n|-supereffective|p1a: Jesus Walks\n|-enditem|p1a: Jesus Walks|Focus Sash\n|-damage|p1a: Jesus Walks|1\/100\n|-damage|p2a: Lion-O|55\/100|[from] item: Life Orb\n|move|p1a: Jesus Walks|Mach Punch|p2a: Lion-O\n|-supereffective|p2a: Lion-O\n|-damage|p2a: Lion-O|0 fnt\n|faint|p2a: Lion-O\n|\n|win|Judgie\n|l|\u2606Judgie\n|c|\u2606something482|gg, terrible play on my end XD\n|l| Redneck Heaven\n|l| Lillyrosethedemon\n|l| Mackacide\n|j|\u2606Judgie\n|player|p1|Judgie|policeman-gen4\n|l| ampharosaunt11\n|l|\u2606Judgie\n|player|p1|\n|l| FaladranTheCreator\n|l| Willish6634\n|j| Lillyrosethedemon\n|j| TheGreedent02\n|l| Lillyrosethedemon\n|l| TheGreedent02\n|j|\u2606Judgie\n|player|p1|Judgie|policeman-gen4\n","uploadtime":1701054584,"views":24,"p1id":"judgie","p2id":"something482","formatid":"gen9ubers","rating":0,"private":0,"password":""}