{"id":"gen9ubers-1977881595","p1":"ferguma","p2":"Donjozo","format":"[Gen 9] Ubers","log":"|j|\u2606ferguma\n|j|\u2606Donjozo\n|t:|1698461232\n|gametype|singles\n|player|p1|ferguma|n|\n|player|p2|Donjozo|brycen|\n|teamsize|p1|6\n|teamsize|p2|6\n|gen|9\n|tier|[Gen 9] Ubers\n|rule|Sleep Clause Mod: Limit one foe put to sleep\n|rule|Species Clause: Limit one of each Pok\u00e9mon\n|rule|OHKO Clause: OHKO moves are banned\n|rule|Evasion Items Clause: Evasion items are banned\n|rule|Evasion Moves Clause: Evasion moves are banned\n|rule|Endless Battle Clause: Forcing endless battles is banned\n|rule|HP Percentage Mod: HP is shown in percentages\n|clearpoke\n|poke|p1|Pelipper, F|\n|poke|p1|Braviary-Hisui, M|\n|poke|p1|Basculegion, M|\n|poke|p1|Breloom, F|\n|poke|p1|Thundurus-Therian, M|\n|poke|p1|Scizor, M|\n|poke|p2|Dondozo, M|\n|poke|p2|Tyranitar, F|\n|poke|p2|Landorus-Therian, M|\n|poke|p2|Volcarona, F|\n|poke|p2|Grimmsnarl, M|\n|poke|p2|Annihilape, M|\n|teampreview\n|\n|t:|1698461246\n|start\n|switch|p1a: Pelipper|Pelipper, F|100\/100\n|switch|p2a: Xebec|Tyranitar, F|100\/100\n|-weather|Sandstorm|[from] ability: Sand Stream|[of] p2a: Xebec\n|-weather|RainDance|[from] ability: Drizzle|[of] p1a: Pelipper\n|turn|1\n|inactive|Battle timer is ON: inactive players will automatically lose when time's up. (requested by Donjozo)\n|\n|t:|1698461264\n|switch|p1a: Scizor|Scizor, M|100\/100\n|move|p2a: Xebec|Stone Edge|p1a: Scizor\n|-damage|p1a: Scizor|58\/100\n|\n|-weather|RainDance|[upkeep]\n|-heal|p1a: Scizor|64\/100|[from] item: Leftovers\n|upkeep\n|turn|2\n|j| Pakuiui\n|c| Pakuiui|the fated battle\n|\n|t:|1698461275\n|switch|p2a: Sectonia|Volcarona, F|100\/100\n|move|p1a: Scizor|U-turn|p2a: Sectonia\n|-resisted|p2a: Sectonia\n|-damage|p2a: Sectonia|76\/100\n|\n|t:|1698461291\n|switch|p1a: Basculegion|Basculegion, M|100\/100|[from] U-turn\n|\n|-weather|RainDance|[upkeep]\n|upkeep\n|turn|3\n|\n|t:|1698461300\n|switch|p2a: Donjozo|Dondozo, M|100\/100\n|move|p1a: Basculegion|Flip Turn|p2a: Donjozo\n|-resisted|p2a: Donjozo\n|-damage|p2a: Donjozo|87\/100\n|-damage|p1a: Basculegion|84\/100|[from] item: Rocky Helmet|[of] p2a: Donjozo\n|\n|t:|1698461303\n|switch|p1a: Thundurus|Thundurus-Therian, M|100\/100|[from] Flip Turn\n|\n|-weather|RainDance|[upkeep]\n|upkeep\n|turn|4\n|\n|t:|1698461309\n|switch|p2a: Xebec|Tyranitar, F|100\/100\n|-weather|Sandstorm|[from] ability: Sand Stream|[of] p2a: Xebec\n|move|p1a: Thundurus|Weather Ball|p2a: Xebec\n|-damage|p2a: Xebec|79\/100\n|\n|-weather|Sandstorm|[upkeep]\n|-damage|p1a: Thundurus|94\/100|[from] Sandstorm\n|-heal|p2a: Xebec|85\/100|[from] item: Leftovers\n|upkeep\n|turn|5\n|\n|t:|1698461318\n|move|p1a: Thundurus|Volt Switch|p2a: Xebec\n|-damage|p2a: Xebec|64\/100\n|\n|t:|1698461322\n|switch|p1a: Breloom|Breloom, F|100\/100|[from] Volt Switch\n|move|p2a: Xebec|Stone Edge|p1a: Breloom\n|-resisted|p1a: Breloom\n|-damage|p1a: Breloom|67\/100\n|\n|-weather|Sandstorm|[upkeep]\n|-damage|p1a: Breloom|60\/100|[from] Sandstorm\n|-heal|p2a: Xebec|70\/100|[from] item: Leftovers\n|upkeep\n|turn|6\n|c|\u2606Donjozo|here we go\n|\n|t:|1698461328\n|switch|p2a: Sectonia|Volcarona, F|76\/100\n|move|p1a: Breloom|Spore|p2a: Sectonia\n|-status|p2a: Sectonia|slp|[from] move: Spore\n|-enditem|p2a: Sectonia|Lum Berry|[eat]\n|-curestatus|p2a: Sectonia|slp|[msg]\n|\n|-weather|Sandstorm|[upkeep]\n|-damage|p2a: Sectonia|70\/100|[from] Sandstorm\n|-damage|p1a: Breloom|54\/100|[from] Sandstorm\n|upkeep\n|turn|7\n|\n|t:|1698461343\n|switch|p1a: Pelipper|Pelipper, F|100\/100\n|-weather|RainDance|[from] ability: Drizzle|[of] p1a: Pelipper\n|move|p2a: Sectonia|Flamethrower|p1a: Pelipper\n|-resisted|p1a: Pelipper\n|-damage|p1a: Pelipper|83\/100\n|\n|-weather|RainDance|[upkeep]\n|upkeep\n|turn|8\n|\n|t:|1698461352\n|switch|p2a: Xebec|Tyranitar, F|70\/100\n|-weather|Sandstorm|[from] ability: Sand Stream|[of] p2a: Xebec\n|move|p1a: Pelipper|U-turn|p2a: Xebec\n|-supereffective|p2a: Xebec\n|-damage|p2a: Xebec|54\/100\n|\n|t:|1698461359\n|switch|p1a: Breloom|Breloom, F|54\/100|[from] U-turn\n|\n|-weather|Sandstorm|[upkeep]\n|-damage|p1a: Breloom|48\/100|[from] Sandstorm\n|-heal|p2a: Xebec|60\/100|[from] item: Leftovers\n|upkeep\n|turn|9\n|\n|t:|1698461370\n|move|p1a: Breloom|Spore|p2a: Xebec\n|-status|p2a: Xebec|slp|[from] move: Spore\n|cant|p2a: Xebec|slp\n|\n|-weather|Sandstorm|[upkeep]\n|-damage|p1a: Breloom|42\/100|[from] Sandstorm\n|-heal|p2a: Xebec|66\/100 slp|[from] item: Leftovers\n|upkeep\n|turn|10\n|\n|t:|1698461375\n|switch|p2a: $$YUNGTHUGGOKU$$|Landorus-Therian, M|100\/100\n|-ability|p2a: $$YUNGTHUGGOKU$$|Intimidate|boost\n|-unboost|p1a: Breloom|atk|1\n|move|p1a: Breloom|Bullet Seed|p2a: $$YUNGTHUGGOKU$$\n|-damage|p2a: $$YUNGTHUGGOKU$$|84\/100\n|-damage|p2a: $$YUNGTHUGGOKU$$|69\/100\n|-hitcount|p2a: $$YUNGTHUGGOKU$$|2\n|\n|-weather|Sandstorm|[upkeep]\n|-damage|p1a: Breloom|36\/100|[from] Sandstorm\n|upkeep\n|turn|11\n|\n|t:|1698461386\n|switch|p1a: Pelipper|Pelipper, F|83\/100\n|-weather|RainDance|[from] ability: Drizzle|[of] p1a: Pelipper\n|move|p2a: $$YUNGTHUGGOKU$$|Weather Ball|p1a: Pelipper\n|-resisted|p1a: Pelipper\n|-damage|p1a: Pelipper|39\/100\n|\n|-weather|RainDance|[upkeep]\n|upkeep\n|turn|12\n|\n|t:|1698461392\n|switch|p1a: Basculegion|Basculegion, M|84\/100\n|move|p2a: $$YUNGTHUGGOKU$$|Weather Ball|p1a: Basculegion\n|-resisted|p1a: Basculegion\n|-damage|p1a: Basculegion|49\/100\n|\n|-weather|RainDance|[upkeep]\n|upkeep\n|turn|13\n|\n|t:|1698461403\n|switch|p1a: Thundurus|Thundurus-Therian, M|94\/100\n|switch|p2a: Donjozo|Dondozo, M|87\/100\n|\n|-weather|RainDance|[upkeep]\n|upkeep\n|turn|14\n|\n|t:|1698461409\n|switch|p2a: Xebec|Tyranitar, F|66\/100 slp\n|-weather|Sandstorm|[from] ability: Sand Stream|[of] p2a: Xebec\n|move|p1a: Thundurus|Grass Knot|p2a: Xebec\n|-supereffective|p2a: Xebec\n|-damage|p2a: Xebec|15\/100 slp\n|\n|-weather|Sandstorm|[upkeep]\n|-damage|p1a: Thundurus|88\/100|[from] Sandstorm\n|-heal|p2a: Xebec|21\/100 slp|[from] item: Leftovers\n|upkeep\n|turn|15\n|\n|t:|1698461419\n|switch|p2a: $$YUNGTHUGGOKU$$|Landorus-Therian, M|69\/100\n|-ability|p2a: $$YUNGTHUGGOKU$$|Intimidate|boost\n|-unboost|p1a: Thundurus|atk|1\n|move|p1a: Thundurus|Weather Ball|p2a: $$YUNGTHUGGOKU$$\n|-damage|p2a: $$YUNGTHUGGOKU$$|20\/100\n|\n|-weather|Sandstorm|[upkeep]\n|-damage|p1a: Thundurus|82\/100|[from] Sandstorm\n|upkeep\n|turn|16\n|\n|t:|1698461429\n|switch|p1a: Scizor|Scizor, M|64\/100\n|move|p2a: $$YUNGTHUGGOKU$$|Weather Ball|p1a: Scizor\n|-damage|p1a: Scizor|10\/100\n|\n|-weather|Sandstorm|[upkeep]\n|-heal|p1a: Scizor|16\/100|[from] item: Leftovers\n|upkeep\n|turn|17\n|\n|t:|1698461437\n|switch|p2a: Sectonia|Volcarona, F|70\/100\n|switch|p1a: Pelipper|Pelipper, F|39\/100\n|-weather|RainDance|[from] ability: Drizzle|[of] p1a: Pelipper\n|\n|-weather|RainDance|[upkeep]\n|upkeep\n|turn|18\n|\n|t:|1698461451\n|move|p2a: Sectonia|Giga Drain|p1a: Pelipper\n|-damage|p1a: Pelipper|0 fnt\n|-heal|p2a: Sectonia|90\/100|[from] drain|[of] p1a: Pelipper\n|faint|p1a: Pelipper\n|\n|-weather|RainDance|[upkeep]\n|upkeep\n|\n|t:|1698461456\n|switch|p1a: Braviary|Braviary-Hisui, M, shiny|100\/100\n|turn|19\n|\n|t:|1698461458\n|switch|p2a: Xebec|Tyranitar, F|21\/100 slp\n|-weather|Sandstorm|[from] ability: Sand Stream|[of] p2a: Xebec\n|move|p1a: Braviary|Calm Mind|p1a: Braviary\n|-boost|p1a: Braviary|spa|1\n|-boost|p1a: Braviary|spd|1\n|\n|-weather|Sandstorm|[upkeep]\n|-damage|p1a: Braviary|94\/100|[from] Sandstorm\n|-heal|p2a: Xebec|27\/100 slp|[from] item: Leftovers\n|upkeep\n|turn|20\n|\n|t:|1698461465\n|-terastallize|p1a: Braviary|Fighting\n|move|p1a: Braviary|Tera Blast|p2a: Xebec|[anim] Tera Blast Fighting\n|-supereffective|p2a: Xebec\n|-damage|p2a: Xebec|0 fnt\n|faint|p2a: Xebec\n|\n|-weather|Sandstorm|[upkeep]\n|-damage|p1a: Braviary|88\/100|[from] Sandstorm\n|upkeep\n|\n|t:|1698461478\n|switch|p2a: $$YUNGTHUGGOKU$$|Landorus-Therian, M|20\/100\n|-ability|p2a: $$YUNGTHUGGOKU$$|Intimidate|boost\n|-unboost|p1a: Braviary|atk|1\n|turn|21\n|\n|t:|1698461483\n|move|p2a: $$YUNGTHUGGOKU$$|Weather Ball|p1a: Braviary\n|-resisted|p1a: Braviary\n|-crit|p1a: Braviary\n|-damage|p1a: Braviary|50\/100\n|move|p1a: Braviary|Esper Wing|p2a: $$YUNGTHUGGOKU$$\n|-damage|p2a: $$YUNGTHUGGOKU$$|0 fnt\n|-boost|p1a: Braviary|spe|1\n|faint|p2a: $$YUNGTHUGGOKU$$\n|\n|-weather|Sandstorm|[upkeep]\n|-damage|p1a: Braviary|43\/100|[from] Sandstorm\n|upkeep\n|\n|t:|1698461498\n|switch|p2a: Donjozo|Dondozo, M|87\/100\n|turn|22\n|\n|t:|1698461502\n|move|p1a: Braviary|Roost|p1a: Braviary\n|-heal|p1a: Braviary|93\/100\n|move|p2a: Donjozo|Wave Crash|p1a: Braviary\n|-damage|p1a: Braviary|47\/100\n|-damage|p2a: Donjozo|74\/100|[from] Recoil\n|\n|-weather|Sandstorm|[upkeep]\n|-damage|p1a: Braviary|41\/100|[from] Sandstorm\n|-damage|p2a: Donjozo|67\/100|[from] Sandstorm\n|upkeep\n|turn|23\n|\n|t:|1698461507\n|move|p1a: Braviary|Roost|p1a: Braviary\n|-heal|p1a: Braviary|91\/100\n|move|p2a: Donjozo|Curse|p2a: Donjozo\n|-unboost|p2a: Donjozo|spe|1\n|-boost|p2a: Donjozo|atk|1\n|-boost|p2a: Donjozo|def|1\n|\n|-weather|none\n|upkeep\n|turn|24\n|\n|t:|1698461517\n|move|p1a: Braviary|Tera Blast|p2a: Donjozo|[anim] Tera Blast Fighting\n|-damage|p2a: Donjozo|37\/100\n|move|p2a: Donjozo|Wave Crash|p1a: Braviary\n|-damage|p1a: Braviary|25\/100\n|-damage|p2a: Donjozo|19\/100|[from] Recoil\n|\n|upkeep\n|turn|25\n|\n|t:|1698461530\n|switch|p2a: Alastor|Grimmsnarl, M|100\/100\n|move|p1a: Braviary|Esper Wing|p2a: Alastor\n|-immune|p2a: Alastor\n|\n|upkeep\n|turn|26\n|\n|t:|1698461547\n|move|p2a: Alastor|Light Screen|p2a: Alastor\n|-sidestart|p2: Donjozo|move: Light Screen\n|move|p1a: Braviary|Tera Blast|p2a: Alastor|[anim] Tera Blast Fighting\n|-damage|p2a: Alastor|83\/100\n|\n|upkeep\n|turn|27\n|\n|t:|1698461553\n|move|p2a: Alastor|Thunder Wave|p1a: Braviary\n|-status|p1a: Braviary|par\n|cant|p1a: Braviary|par\n|\n|upkeep\n|turn|28\n|\n|t:|1698461557\n|move|p1a: Braviary|Roost|p1a: Braviary\n|-heal|p1a: Braviary|75\/100 par\n|move|p2a: Alastor|Spirit Break|p1a: Braviary\n|-supereffective|p1a: Braviary\n|-damage|p1a: Braviary|12\/100 par\n|-unboost|p1a: Braviary|spa|1\n|\n|upkeep\n|turn|29\n|\n|t:|1698461560\n|move|p1a: Braviary|Roost|p1a: Braviary\n|-heal|p1a: Braviary|62\/100 par\n|move|p2a: Alastor|Spirit Break|p1a: Braviary\n|-supereffective|p1a: Braviary\n|-damage|p1a: Braviary|2\/100 par\n|-unboost|p1a: Braviary|spa|1\n|\n|upkeep\n|turn|30\n|\n|t:|1698461567\n|cant|p1a: Braviary|par\n|move|p2a: Alastor|Spirit Break|p1a: Braviary\n|-supereffective|p1a: Braviary\n|-damage|p1a: Braviary|0 fnt\n|faint|p1a: Braviary\n|\n|upkeep\n|\n|t:|1698461571\n|switch|p1a: Scizor|Scizor, M|16\/100\n|turn|31\n|\n|t:|1698461577\n|switch|p2a: Sectonia|Volcarona, F|90\/100\n|move|p1a: Scizor|Defog|p2a: Sectonia\n|-unboost|p2a: Sectonia|evasion|1\n|-sideend|p2: Donjozo|move: Light Screen\n|\n|-heal|p1a: Scizor|22\/100|[from] item: Leftovers\n|upkeep\n|turn|32\n|\n|t:|1698461587\n|move|p1a: Scizor|Bullet Punch|p2a: Sectonia\n|-resisted|p2a: Sectonia\n|-damage|p2a: Sectonia|70\/100\n|move|p2a: Sectonia|Quiver Dance|p2a: Sectonia\n|-boost|p2a: Sectonia|spa|1\n|-boost|p2a: Sectonia|spd|1\n|-boost|p2a: Sectonia|spe|1\n|\n|-heal|p1a: Scizor|28\/100|[from] item: Leftovers\n|upkeep\n|turn|33\n|\n|t:|1698461598\n|move|p1a: Scizor|Bullet Punch|p2a: Sectonia\n|-resisted|p2a: Sectonia\n|-damage|p2a: Sectonia|50\/100\n|-status|p1a: Scizor|brn|[from] ability: Flame Body|[of] p2a: Sectonia\n|move|p2a: Sectonia|Flamethrower|p1a: Scizor\n|-supereffective|p1a: Scizor\n|-damage|p1a: Scizor|0 fnt\n|faint|p1a: Scizor\n|\n|upkeep\n|\n|t:|1698461601\n|switch|p1a: Basculegion|Basculegion, M|49\/100\n|turn|34\n|\n|t:|1698461607\n|move|p1a: Basculegion|Aqua Jet|p2a: Sectonia\n|-supereffective|p2a: Sectonia\n|-crit|p2a: Sectonia\n|-damage|p2a: Sectonia|0 fnt\n|-status|p1a: Basculegion|brn|[from] ability: Flame Body|[of] p2a: Sectonia\n|faint|p2a: Sectonia\n|\n|-damage|p1a: Basculegion|43\/100 brn|[from] brn\n|upkeep\n|\n|t:|1698461611\n|switch|p2a: Donjozo|Dondozo, M|19\/100\n|turn|35\n|\n|t:|1698461613\n|switch|p1a: Thundurus|Thundurus-Therian, M|82\/100\n|move|p2a: Donjozo|Rest|p2a: Donjozo\n|-status|p2a: Donjozo|slp|[from] move: Rest\n|-heal|p2a: Donjozo|100\/100 slp|[silent]\n|\n|upkeep\n|turn|36\n|\n|t:|1698461618\n|switch|p2a: Alastor|Grimmsnarl, M|83\/100\n|move|p1a: Thundurus|Thunder|p2a: Alastor|[miss]\n|-miss|p1a: Thundurus|p2a: Alastor\n|\n|upkeep\n|turn|37\n|\n|t:|1698461623\n|move|p2a: Alastor|Light Screen|p2a: Alastor\n|-sidestart|p2: Donjozo|move: Light Screen\n|move|p1a: Thundurus|Volt Switch|p2a: Alastor\n|-damage|p2a: Alastor|69\/100\n|\n|t:|1698461626\n|switch|p1a: Breloom|Breloom, F|36\/100|[from] Volt Switch\n|\n|upkeep\n|turn|38\n|\n|t:|1698461630\n|move|p2a: Alastor|Thunder Wave|p1a: Breloom\n|-status|p1a: Breloom|par\n|move|p1a: Breloom|Spore|p2a: Alastor\n|-status|p2a: Alastor|slp|[from] move: Spore\n|\n|upkeep\n|turn|39\n|\n|t:|1698461636\n|switch|p2a: MF DOOM|Annihilape, M|100\/100\n|move|p1a: Breloom|Bullet Seed|p2a: MF DOOM\n|-damage|p2a: MF DOOM|76\/100\n|-damage|p2a: MF DOOM|51\/100\n|-damage|p2a: MF DOOM|26\/100\n|-damage|p2a: MF DOOM|2\/100\n|-damage|p2a: MF DOOM|0 fnt\n|faint|p2a: MF DOOM\n|-hitcount|p2: MF DOOM|5\n|\n|upkeep\n|\n|t:|1698461642\n|switch|p2a: Donjozo|Dondozo, M|100\/100 slp\n|turn|40\n|\n|t:|1698461645\n|cant|p2a: Donjozo|slp\n|move|p2a: Donjozo|Sleep Talk|p2a: Donjozo\n|move|p2a: Donjozo|Wave Crash|p1a: Breloom|[from]move: Sleep Talk\n|-resisted|p1a: Breloom\n|-damage|p1a: Breloom|10\/100 par\n|-damage|p2a: Donjozo|95\/100 slp|[from] Recoil\n|move|p1a: Breloom|Bullet Seed|p2a: Donjozo\n|-supereffective|p2a: Donjozo\n|-damage|p2a: Donjozo|76\/100 slp\n|-supereffective|p2a: Donjozo\n|-damage|p2a: Donjozo|56\/100 slp\n|-supereffective|p2a: Donjozo\n|-damage|p2a: Donjozo|35\/100 slp\n|-supereffective|p2a: Donjozo\n|-damage|p2a: Donjozo|15\/100 slp\n|-supereffective|p2a: Donjozo\n|-damage|p2a: Donjozo|0 fnt\n|faint|p2a: Donjozo\n|-hitcount|p2: Donjozo|5\n|\n|upkeep\n|\n|t:|1698461648\n|switch|p2a: Alastor|Grimmsnarl, M|69\/100 slp\n|turn|41\n|c|\u2606Donjozo|tuff\n|\n|t:|1698461652\n|cant|p2a: Alastor|slp\n|cant|p1a: Breloom|par\n|\n|upkeep\n|turn|42\n|\n|t:|1698461657\n|-curestatus|p2a: Alastor|slp|[msg]\n|move|p2a: Alastor|Spirit Break|p1a: Breloom\n|-supereffective|p1a: Breloom\n|-damage|p1a: Breloom|0 fnt\n|faint|p1a: Breloom\n|\n|upkeep\n|\n|t:|1698461662\n|switch|p1a: Basculegion|Basculegion, M|43\/100 brn\n|turn|43\n|c|\u2606Donjozo|didnt think that'd ohko ape\n|\n|t:|1698461669\n|move|p2a: Alastor|Reflect|p2a: Alastor\n|-sidestart|p2: Donjozo|Reflect\n|move|p1a: Basculegion|Wave Crash|p2a: Alastor\n|-damage|p2a: Alastor|45\/100\n|-damage|p1a: Basculegion|35\/100 brn|[from] Recoil\n|\n|-damage|p1a: Basculegion|29\/100 brn|[from] brn\n|upkeep\n|turn|44\n|\n|t:|1698461673\n|move|p1a: Basculegion|Wave Crash|p2a: Alastor\n|-damage|p2a: Alastor|18\/100\n|-damage|p1a: Basculegion|20\/100 brn|[from] Recoil\n|move|p2a: Alastor|Spirit Break|p1a: Basculegion\n|-damage|p1a: Basculegion|0 fnt\n|faint|p1a: Basculegion\n|\n|-sideend|p2: Donjozo|move: Light Screen\n|upkeep\n|\n|t:|1698461676\n|switch|p1a: Thundurus|Thundurus-Therian, M|82\/100\n|turn|45\n|c|\u2606Donjozo|gg\n|\n|t:|1698461679\n|move|p1a: Thundurus|Volt Switch|p2a: Alastor\n|-damage|p2a: Alastor|0 fnt\n|faint|p2a: Alastor\n|\n|win|ferguma\n|c|\u2606ferguma|damn gg\n|l| Pakuiui\n|c|\u2606Donjozo|post replay?\n|l|\u2606Donjozo\n|c|\u2606ferguma|ok\n","uploadtime":1698461697,"views":20,"p1id":"ferguma","p2id":"donjozo","formatid":"gen9ubers","rating":0,"private":0,"password":""}