{"id":"gen9ubers-1985520746","p1":"mirinku","p2":"Suareazy88","format":"[Gen 9] Ubers","log":"|j|\u2606mirinku\n|j|\u2606Suareazy88\n|t:|1699381436\n|gametype|singles\n|player|p1|mirinku|lady|\n|player|p2|Suareazy88|170|\n|teamsize|p1|6\n|teamsize|p2|6\n|gen|9\n|tier|[Gen 9] Ubers\n|rule|Sleep Clause Mod: Limit one foe put to sleep\n|rule|Species Clause: Limit one of each Pok\u00e9mon\n|rule|OHKO Clause: OHKO moves are banned\n|rule|Evasion Items Clause: Evasion items are banned\n|rule|Evasion Moves Clause: Evasion moves are banned\n|rule|Endless Battle Clause: Forcing endless battles is banned\n|rule|HP Percentage Mod: HP is shown in percentages\n|clearpoke\n|poke|p1|Ribombee, F|\n|poke|p1|Indeedee-F, F|\n|poke|p1|Manaphy|\n|poke|p1|Iron Moth|\n|poke|p1|Espathra, F|\n|poke|p1|Thwackey, F|\n|poke|p2|Snorlax, M|\n|poke|p2|Iron Valiant|\n|poke|p2|Dragonite, M|\n|poke|p2|Baxcalibur, M|\n|poke|p2|Milotic, F|\n|poke|p2|Greninja-*, F|\n|teampreview\n|\n|t:|1699381451\n|start\n|switch|p1a: Ribombee|Ribombee, F, shiny|100\/100\n|switch|p2a: Dragonite|Dragonite, M, shiny|100\/100\n|turn|1\n|\n|t:|1699381463\n|move|p1a: Ribombee|Stun Spore|p2a: Dragonite|[miss]\n|-miss|p1a: Ribombee|p2a: Dragonite\n|move|p2a: Dragonite|Encore|p1a: Ribombee\n|-start|p1a: Ribombee|Encore\n|\n|upkeep\n|turn|2\n|\n|t:|1699381471\n|switch|p2a: Snorlax|Snorlax, M|100\/100\n|move|p1a: Ribombee|Stun Spore|p2a: Snorlax\n|-status|p2a: Snorlax|par\n|\n|upkeep\n|turn|3\n|\n|t:|1699381480\n|switch|p1a: Indeedee|Indeedee-F, F|100\/100\n|-fieldstart|move: Psychic Terrain|[from] ability: Psychic Surge|[of] p1a: Indeedee\n|move|p2a: Snorlax|Curse|p2a: Snorlax\n|-unboost|p2a: Snorlax|spe|1\n|-boost|p2a: Snorlax|atk|1\n|-boost|p2a: Snorlax|def|1\n|\n|upkeep\n|turn|4\n|inactive|Battle timer is ON: inactive players will automatically lose when time's up. (requested by Suareazy88)\n|\n|t:|1699381502\n|move|p1a: Indeedee|Psychic|p2a: Snorlax\n|-damage|p2a: Snorlax|70\/100 par\n|cant|p2a: Snorlax|par\n|\n|upkeep\n|turn|5\n|\n|t:|1699381510\n|move|p1a: Indeedee|Psychic|p2a: Snorlax\n|-damage|p2a: Snorlax|40\/100 par\n|-enditem|p2a: Snorlax|Figy Berry|[eat]\n|-heal|p2a: Snorlax|73\/100 par|[from] item: Figy Berry\n|move|p2a: Snorlax|Facade|p1a: Indeedee\n|-damage|p1a: Indeedee|0 fnt\n|faint|p1a: Indeedee\n|\n|upkeep\n|\n|t:|1699381521\n|switch|p1a: Manaphy|Manaphy|100\/100\n|turn|6\n|\n|t:|1699381534\n|move|p1a: Manaphy|Acid Armor|p1a: Manaphy\n|-boost|p1a: Manaphy|def|2\n|move|p2a: Snorlax|Facade|p1a: Manaphy\n|-damage|p1a: Manaphy|67\/100\n|\n|-heal|p1a: Manaphy|73\/100|[from] item: Leftovers\n|upkeep\n|turn|7\n|\n|t:|1699381549\n|switch|p2a: Dragonite|Dragonite, M, shiny|100\/100\n|move|p1a: Manaphy|Acid Armor|p1a: Manaphy\n|-boost|p1a: Manaphy|def|2\n|\n|-heal|p1a: Manaphy|79\/100|[from] item: Leftovers\n|upkeep\n|turn|8\n|\n|t:|1699381560\n|move|p1a: Manaphy|Take Heart|p1a: Manaphy\n|-boost|p1a: Manaphy|spa|1\n|-boost|p1a: Manaphy|spd|1\n|move|p2a: Dragonite|Thunder Wave|p1a: Manaphy\n|-status|p1a: Manaphy|par\n|\n|-heal|p1a: Manaphy|85\/100 par|[from] item: Leftovers\n|upkeep\n|turn|9\n|\n|t:|1699381567\n|move|p2a: Dragonite|Encore|p1a: Manaphy\n|-start|p1a: Manaphy|Encore\n|move|p1a: Manaphy|Take Heart|p1a: Manaphy\n|-boost|p1a: Manaphy|spa|1\n|-boost|p1a: Manaphy|spd|1\n|-curestatus|p1a: Manaphy|par|[msg]\n|\n|-heal|p1a: Manaphy|91\/100|[from] item: Leftovers\n|upkeep\n|turn|10\n|\n|t:|1699381575\n|move|p1a: Manaphy|Take Heart|p1a: Manaphy\n|-boost|p1a: Manaphy|spa|1\n|-boost|p1a: Manaphy|spd|1\n|move|p2a: Dragonite|Fire Spin|p1a: Manaphy\n|-resisted|p1a: Manaphy\n|-damage|p1a: Manaphy|90\/100\n|-activate|p1a: Manaphy|move: Fire Spin|[of] p2a: Dragonite\n|\n|-heal|p1a: Manaphy|96\/100|[from] item: Leftovers\n|-damage|p1a: Manaphy|79\/100|[from] move: Fire Spin|[partiallytrapped]\n|-fieldend|move: Psychic Terrain\n|upkeep\n|turn|11\n|\n|t:|1699381586\n|move|p1a: Manaphy|Take Heart|p1a: Manaphy\n|-boost|p1a: Manaphy|spa|1\n|-boost|p1a: Manaphy|spd|1\n|move|p2a: Dragonite|Thunder Wave|p1a: Manaphy\n|-status|p1a: Manaphy|par\n|\n|-heal|p1a: Manaphy|85\/100 par|[from] item: Leftovers\n|-damage|p1a: Manaphy|69\/100 par|[from] move: Fire Spin|[partiallytrapped]\n|-end|p1a: Manaphy|Encore\n|upkeep\n|turn|12\n|\n|t:|1699381596\n|move|p2a: Dragonite|Encore|p1a: Manaphy\n|-start|p1a: Manaphy|Encore\n|move|p1a: Manaphy|Take Heart|p1a: Manaphy\n|-boost|p1a: Manaphy|spa|1\n|-boost|p1a: Manaphy|spd|1\n|-curestatus|p1a: Manaphy|par|[msg]\n|\n|-heal|p1a: Manaphy|75\/100|[from] item: Leftovers\n|-damage|p1a: Manaphy|58\/100|[from] move: Fire Spin|[partiallytrapped]\n|upkeep\n|turn|13\n|\n|t:|1699381609\n|move|p1a: Manaphy|Take Heart|p1a: Manaphy\n|-boost|p1a: Manaphy|spa|1\n|-boost|p1a: Manaphy|spd|1\n|move|p2a: Dragonite|Thunder Wave|p1a: Manaphy\n|-status|p1a: Manaphy|par\n|\n|-heal|p1a: Manaphy|64\/100 par|[from] item: Leftovers\n|-damage|p1a: Manaphy|47\/100 par|[from] move: Fire Spin|[partiallytrapped]\n|upkeep\n|turn|14\n|\n|t:|1699381621\n|move|p2a: Dragonite|Fire Spin|p1a: Manaphy\n|-resisted|p1a: Manaphy\n|-damage|p1a: Manaphy|46\/100 par\n|move|p1a: Manaphy|Take Heart|p1a: Manaphy\n|-boost|p1a: Manaphy|spa|0\n|-boost|p1a: Manaphy|spd|0\n|-curestatus|p1a: Manaphy|par|[msg]\n|\n|-heal|p1a: Manaphy|53\/100|[from] item: Leftovers\n|-end|p1a: Manaphy|Fire Spin|[partiallytrapped]\n|-end|p1a: Manaphy|Encore\n|upkeep\n|turn|15\n|\n|t:|1699381639\n|move|p1a: Manaphy|Stored Power|p2a: Dragonite\n|-damage|p2a: Dragonite|0 fnt\n|faint|p2a: Dragonite\n|\n|-heal|p1a: Manaphy|59\/100|[from] item: Leftovers\n|upkeep\n|\n|t:|1699381646\n|switch|p2a: Greninja|Greninja, F, shiny|100\/100\n|turn|16\n|\n|t:|1699381654\n|move|p2a: Greninja|Dark Pulse|p1a: Manaphy\n|-start|p2a: Greninja|typechange|Dark|[from] ability: Protean\n|-damage|p1a: Manaphy|50\/100\n|move|p1a: Manaphy|Scald|p2a: Greninja\n|-damage|p2a: Greninja|0 fnt\n|faint|p2a: Greninja\n|\n|-heal|p1a: Manaphy|56\/100|[from] item: Leftovers\n|upkeep\n|\n|t:|1699381663\n|switch|p2a: Iron Valiant|Iron Valiant|100\/100\n|-enditem|p2a: Iron Valiant|Booster Energy\n|-activate|p2a: Iron Valiant|ability: Quark Drive|[fromitem]\n|-start|p2a: Iron Valiant|quarkdrivespa\n|turn|17\n|\n|t:|1699381681\n|-terastallize|p2a: Iron Valiant|Fairy\n|move|p2a: Iron Valiant|Moonblast|p1a: Manaphy\n|-damage|p1a: Manaphy|38\/100\n|move|p1a: Manaphy|Stored Power|p2a: Iron Valiant\n|-damage|p2a: Iron Valiant|0 fnt\n|faint|p2a: Iron Valiant\n|-end|p2a: Iron Valiant|Quark Drive|[silent]\n|\n|-heal|p1a: Manaphy|44\/100|[from] item: Leftovers\n|upkeep\n|\n|t:|1699381687\n|switch|p2a: Baxcalibur|Baxcalibur, M|100\/100\n|turn|18\n|\n|t:|1699381693\n|move|p2a: Baxcalibur|Icicle Spear|p1a: Manaphy\n|-resisted|p1a: Manaphy\n|-damage|p1a: Manaphy|41\/100\n|-resisted|p1a: Manaphy\n|-damage|p1a: Manaphy|39\/100\n|-resisted|p1a: Manaphy\n|-damage|p1a: Manaphy|37\/100\n|-resisted|p1a: Manaphy\n|-damage|p1a: Manaphy|35\/100\n|-resisted|p1a: Manaphy\n|-damage|p1a: Manaphy|33\/100\n|-hitcount|p1a: Manaphy|5\n|move|p1a: Manaphy|Stored Power|p2a: Baxcalibur\n|-damage|p2a: Baxcalibur|0 fnt\n|faint|p2a: Baxcalibur\n|\n|-heal|p1a: Manaphy|39\/100|[from] item: Leftovers\n|upkeep\n|-message|Suareazy88 forfeited.\n|\n|win|mirinku\n|l|\u2606Suareazy88\n","uploadtime":1699381719,"views":22,"p1id":"mirinku","p2id":"suareazy88","formatid":"gen9ubers","rating":0,"private":0,"password":""}