{"id":"gen9ubers-1995551923","p1":"Anne Frankkkk","p2":"Omegaoreole","format":"[Gen 9] Ubers","log":"|j|\u2606Anne Frankkkk\n|j|\u2606Omegaoreole\n|t:|1700582182\n|gametype|singles\n|player|p1|Anne Frankkkk|hilbert|1256\n|player|p2|Omegaoreole|102|1225\n|teamsize|p1|6\n|teamsize|p2|6\n|gen|9\n|tier|[Gen 9] Ubers\n|rated|\n|rule|Sleep Clause Mod: Limit one foe put to sleep\n|rule|Species Clause: Limit one of each Pok\u00e9mon\n|rule|OHKO Clause: OHKO moves are banned\n|rule|Evasion Items Clause: Evasion items are banned\n|rule|Evasion Moves Clause: Evasion moves are banned\n|rule|Endless Battle Clause: Forcing endless battles is banned\n|rule|HP Percentage Mod: HP is shown in percentages\n|clearpoke\n|poke|p1|Regieleki|\n|poke|p1|Kyogre|\n|poke|p1|Chien-Pao|\n|poke|p1|Ribombee, F|\n|poke|p1|Miraidon|\n|poke|p1|Flutter Mane|\n|poke|p2|Arceus|\n|poke|p2|Annihilape, M|\n|poke|p2|Ninetales-Alola, M|\n|poke|p2|Baxcalibur, M|\n|poke|p2|Miraidon|\n|poke|p2|Calyrex-Ice|\n|teampreview\n|\n|t:|1700582185\n|start\n|switch|p1a: Moonblast|Ribombee, F, shiny|100\/100\n|switch|p2a: Ninetales|Ninetales-Alola, M, shiny|100\/100\n|-weather|Snow|[from] ability: Snow Warning|[of] p2a: Ninetales\n|turn|1\n|inactive|Battle timer is ON: inactive players will automatically lose when time's up. (requested by Omegaoreole)\n|\n|t:|1700582209\n|switch|p2a: Baxcalibur|Baxcalibur, M, shiny|100\/100\n|move|p1a: Moonblast|Sticky Web|p2a: Baxcalibur\n|-sidestart|p2: Omegaoreole|move: Sticky Web\n|\n|-weather|Snow|[upkeep]\n|upkeep\n|turn|2\n|inactive|Anne Frankkkk has 120 seconds left.\n|\n|t:|1700582241\n|-terastallize|p2a: Baxcalibur|Ice\n|move|p1a: Moonblast|Stun Spore|p2a: Baxcalibur\n|-status|p2a: Baxcalibur|par\n|move|p2a: Baxcalibur|Dragon Dance|p2a: Baxcalibur\n|-boost|p2a: Baxcalibur|atk|1\n|-boost|p2a: Baxcalibur|spe|1\n|\n|-weather|Snow|[upkeep]\n|upkeep\n|turn|3\n|\n|t:|1700582251\n|move|p1a: Moonblast|Moonblast|p2a: Baxcalibur\n|-damage|p2a: Baxcalibur|59\/100 par\n|cant|p2a: Baxcalibur|par\n|\n|-weather|Snow|[upkeep]\n|-heal|p2a: Baxcalibur|65\/100 par|[from] ability: Ice Body\n|upkeep\n|turn|4\n|\n|t:|1700582257\n|move|p1a: Moonblast|Moonblast|p2a: Baxcalibur\n|-damage|p2a: Baxcalibur|20\/100 par\n|move|p2a: Baxcalibur|Dragon Dance|p2a: Baxcalibur\n|-boost|p2a: Baxcalibur|atk|1\n|-boost|p2a: Baxcalibur|spe|1\n|\n|-weather|Snow|[upkeep]\n|-heal|p2a: Baxcalibur|26\/100 par|[from] ability: Ice Body\n|upkeep\n|turn|5\n|\n|t:|1700582263\n|move|p1a: Moonblast|Moonblast|p2a: Baxcalibur\n|-damage|p2a: Baxcalibur|0 fnt\n|faint|p2a: Baxcalibur\n|\n|-weather|none\n|upkeep\n|\n|t:|1700582264\n|switch|p2a: Arceus|Arceus, shiny|100\/100\n|-activate|p2a: Arceus|move: Sticky Web\n|-unboost|p2a: Arceus|spe|1\n|turn|6\n|\n|t:|1700582268\n|move|p1a: Moonblast|Stun Spore|p2a: Arceus|[miss]\n|-miss|p1a: Moonblast|p2a: Arceus\n|move|p2a: Arceus|Swords Dance|p2a: Arceus\n|-boost|p2a: Arceus|atk|2\n|\n|upkeep\n|turn|7\n|\n|t:|1700582285\n|move|p2a: Arceus|Extreme Speed|p1a: Moonblast\n|-enditem|p1a: Moonblast|Focus Sash\n|-damage|p1a: Moonblast|1\/100\n|move|p1a: Moonblast|Stun Spore|p2a: Arceus\n|-status|p2a: Arceus|par\n|\n|upkeep\n|turn|8\n|\n|t:|1700582292\n|move|p1a: Moonblast|Moonblast|p2a: Arceus\n|-damage|p2a: Arceus|74\/100 par\n|move|p2a: Arceus|Swords Dance|p2a: Arceus\n|-boost|p2a: Arceus|atk|2\n|\n|upkeep\n|turn|9\n|\n|t:|1700582298\n|move|p1a: Moonblast|Moonblast|p2a: Arceus\n|-damage|p2a: Arceus|49\/100 par\n|-unboost|p2a: Arceus|spa|1\n|move|p2a: Arceus|Swords Dance|p2a: Arceus\n|-boost|p2a: Arceus|atk|2\n|\n|upkeep\n|turn|10\n|\n|t:|1700582302\n|move|p1a: Moonblast|Moonblast|p2a: Arceus\n|-damage|p2a: Arceus|22\/100 par\n|move|p2a: Arceus|Recover|p2a: Arceus\n|-heal|p2a: Arceus|72\/100 par\n|\n|upkeep\n|turn|11\n|\n|t:|1700582310\n|move|p1a: Moonblast|Moonblast|p2a: Arceus\n|-damage|p2a: Arceus|45\/100 par\n|move|p2a: Arceus|Recover|p2a: Arceus\n|-heal|p2a: Arceus|95\/100 par\n|\n|upkeep\n|turn|12\n|\n|t:|1700582315\n|cant|p2a: Arceus|par\n|move|p1a: Moonblast|Moonblast|p2a: Arceus\n|-damage|p2a: Arceus|67\/100 par\n|\n|upkeep\n|turn|13\n|\n|t:|1700582320\n|move|p1a: Moonblast|Moonblast|p2a: Arceus\n|-damage|p2a: Arceus|41\/100 par\n|-unboost|p2a: Arceus|spa|1\n|move|p2a: Arceus|Recover|p2a: Arceus\n|-heal|p2a: Arceus|91\/100 par\n|\n|upkeep\n|turn|14\n|\n|t:|1700582324\n|move|p2a: Arceus|Extreme Speed|p1a: Moonblast\n|-damage|p1a: Moonblast|0 fnt\n|faint|p1a: Moonblast\n|\n|upkeep\n|\n|t:|1700582334\n|switch|p1a: Ice Cat|Chien-Pao|100\/100\n|-ability|p1a: Ice Cat|Sword of Ruin\n|turn|15\n|\n|t:|1700582341\n|-terastallize|p1a: Ice Cat|Ghost\n|move|p2a: Arceus|Extreme Speed|p1a: Ice Cat\n|-immune|p1a: Ice Cat\n|move|p1a: Ice Cat|Swords Dance|p1a: Ice Cat\n|-boost|p1a: Ice Cat|atk|2\n|\n|upkeep\n|turn|16\n|\n|t:|1700582350\n|move|p1a: Ice Cat|Swords Dance|p1a: Ice Cat\n|-boost|p1a: Ice Cat|atk|2\n|move|p2a: Arceus|Earthquake|p1a: Ice Cat\n|-enditem|p1a: Ice Cat|Focus Sash\n|-damage|p1a: Ice Cat|1\/100\n|\n|upkeep\n|turn|17\n|\n|t:|1700582359\n|move|p1a: Ice Cat|Sacred Sword|p2a: Arceus\n|-supereffective|p2a: Arceus\n|-damage|p2a: Arceus|0 fnt\n|faint|p2a: Arceus\n|\n|upkeep\n|-message|Omegaoreole forfeited.\n|\n|win|Anne Frankkkk\n|raw|Anne Frankkkk's rating: 1256 &rarr; <strong>1279<\/strong><br \/>(+23 for winning)\n|raw|Omegaoreole's rating: 1225 &rarr; <strong>1202<\/strong><br \/>(-23 for losing)\n|l|\u2606Omegaoreole\n","uploadtime":1700582366,"views":1,"p1id":"annefrankkkk","p2id":"omegaoreole","formatid":"gen9ubers","rating":1202,"private":0,"password":""}