{"id":"gen9ubers-1996307290","p1":"Skyiewxz","p2":"tekken_is_life","format":"[Gen 9] Ubers","log":"|j|\u2606Skyiewxz\n|j|\u203dtekken_is_life\n|t:|1700669627\n|gametype|singles\n|player|p1|Skyiewxz|dawn|1591\n|player|p2|tekken_is_life|riley|1690\n|teamsize|p1|6\n|teamsize|p2|6\n|gen|9\n|tier|[Gen 9] Ubers\n|rated|\n|rule|Sleep Clause Mod: Limit one foe put to sleep\n|rule|Species Clause: Limit one of each Pok\u00e9mon\n|rule|OHKO Clause: OHKO moves are banned\n|rule|Evasion Items Clause: Evasion items are banned\n|rule|Evasion Moves Clause: Evasion moves are banned\n|rule|Endless Battle Clause: Forcing endless battles is banned\n|rule|HP Percentage Mod: HP is shown in percentages\n|clearpoke\n|poke|p1|Kyogre|\n|poke|p1|Zacian-*|\n|poke|p1|Koraidon|\n|poke|p1|Landorus-Therian, M|\n|poke|p1|Kingambit, M|\n|poke|p1|Arceus-Grass|\n|poke|p2|Rayquaza|\n|poke|p2|Zacian-*|\n|poke|p2|Skeledirge, M|\n|poke|p2|Miraidon|\n|poke|p2|Arceus-Ground|\n|poke|p2|Iron Bundle|\n|teampreview\n|c|\u2606Skyiewxz|glhf\n|\n|t:|1700669640\n|start\n|switch|p1a: Landorus|Landorus-Therian, M|100\/100\n|switch|p2a: Arceus|Arceus-Ground|100\/100\n|-ability|p1a: Landorus|Intimidate|boost\n|-unboost|p2a: Arceus|atk|1\n|turn|1\n|\n|t:|1700669643\n|move|p2a: Arceus|Stealth Rock|p1a: Landorus\n|-sidestart|p1: Skyiewxz|move: Stealth Rock\n|move|p1a: Landorus|Stealth Rock|p2a: Arceus\n|-sidestart|p2: tekken_is_life|move: Stealth Rock\n|\n|upkeep\n|turn|2\n|\n|t:|1700669646\n|switch|p2a: Rayquaza|Rayquaza|100\/100\n|-damage|p2a: Rayquaza|76\/100|[from] Stealth Rock\n|-ability|p2a: Rayquaza|Air Lock\n|move|p1a: Landorus|U-turn|p2a: Rayquaza\n|-resisted|p2a: Rayquaza\n|-damage|p2a: Rayquaza|64\/100\n|\n|t:|1700669653\n|switch|p1a: Zacian|Zacian-Crowned|100\/100|[from] U-turn\n|-damage|p1a: Zacian|94\/100|[from] Stealth Rock\n|-ability|p1a: Zacian|Intrepid Sword|boost\n|-boost|p1a: Zacian|atk|1\n|\n|upkeep\n|turn|3\n|\n|t:|1700669656\n|switch|p1a: Kyogre|Kyogre|100\/100\n|-damage|p1a: Kyogre|88\/100|[from] Stealth Rock\n|-weather|RainDance|[from] ability: Drizzle|[of] p1a: Kyogre\n|switch|p2a: Skeledirge|Skeledirge, M|100\/100\n|\n|-weather|RainDance|[upkeep]\n|-heal|p1a: Kyogre|94\/100|[from] item: Leftovers\n|upkeep\n|turn|4\n|\n|t:|1700669663\n|switch|p2a: Miraidon|Miraidon|100\/100\n|-damage|p2a: Miraidon|88\/100|[from] Stealth Rock\n|-fieldstart|move: Electric Terrain|[from] ability: Hadron Engine|[of] p2a: Miraidon\n|move|p1a: Kyogre|Substitute|p1a: Kyogre\n|-start|p1a: Kyogre|Substitute\n|-damage|p1a: Kyogre|69\/100\n|\n|-weather|RainDance|[upkeep]\n|-heal|p1a: Kyogre|76\/100|[from] item: Leftovers\n|upkeep\n|turn|5\n|\n|t:|1700669669\n|move|p2a: Miraidon|U-turn|p1a: Kyogre\n|-activate|p1a: Kyogre|move: Substitute|[damage]\n|\n|t:|1700669671\n|switch|p2a: Iron Bundle|Iron Bundle|100\/100|[from] U-turn\n|-activate|p2a: Iron Bundle|ability: Quark Drive\n|-start|p2a: Iron Bundle|quarkdrivespe\n|move|p1a: Kyogre|Ice Beam|p2a: Iron Bundle\n|-resisted|p2a: Iron Bundle\n|-damage|p2a: Iron Bundle|81\/100\n|\n|-weather|RainDance|[upkeep]\n|-heal|p1a: Kyogre|82\/100|[from] item: Leftovers\n|upkeep\n|turn|6\n|inactive|Battle timer is ON: inactive players will automatically lose when time's up. (requested by tekken_is_life)\n|\n|t:|1700669685\n|move|p2a: Iron Bundle|Encore|p1a: Kyogre\n|-start|p1a: Kyogre|Encore\n|move|p1a: Kyogre|Ice Beam|p2a: Iron Bundle\n|-resisted|p2a: Iron Bundle\n|-damage|p2a: Iron Bundle|63\/100\n|\n|-weather|RainDance|[upkeep]\n|-heal|p1a: Kyogre|88\/100|[from] item: Leftovers\n|upkeep\n|turn|7\n|\n|t:|1700669689\n|move|p2a: Iron Bundle|Freeze-Dry|p1a: Kyogre\n|-supereffective|p1a: Kyogre\n|-end|p1a: Kyogre|Substitute\n|move|p1a: Kyogre|Ice Beam|p2a: Iron Bundle\n|-resisted|p2a: Iron Bundle\n|-damage|p2a: Iron Bundle|44\/100\n|\n|-weather|none\n|-heal|p1a: Kyogre|94\/100|[from] item: Leftovers\n|upkeep\n|turn|8\n|\n|t:|1700669706\n|switch|p1a: Zacian|Zacian-Crowned|94\/100\n|-damage|p1a: Zacian|88\/100|[from] Stealth Rock\n|move|p2a: Iron Bundle|Hydro Pump|p1a: Zacian\n|-damage|p1a: Zacian|39\/100\n|\n|-fieldend|move: Electric Terrain\n|-end|p2a: Iron Bundle|Quark Drive\n|upkeep\n|turn|9\n|\n|t:|1700669712\n|switch|p1a: Kyogre|Kyogre|94\/100\n|-damage|p1a: Kyogre|82\/100|[from] Stealth Rock\n|-weather|RainDance|[from] ability: Drizzle|[of] p1a: Kyogre\n|-end|p2a: Iron Bundle|Quark Drive|[silent]\n|switch|p2a: Skeledirge|Skeledirge, M|100\/100\n|\n|-weather|RainDance|[upkeep]\n|-heal|p1a: Kyogre|88\/100|[from] item: Leftovers\n|upkeep\n|turn|10\n|\n|t:|1700669716\n|switch|p2a: Iron Bundle|Iron Bundle|44\/100\n|move|p1a: Kyogre|Substitute|p1a: Kyogre\n|-start|p1a: Kyogre|Substitute\n|-damage|p1a: Kyogre|63\/100\n|\n|-weather|RainDance|[upkeep]\n|-heal|p1a: Kyogre|69\/100|[from] item: Leftovers\n|upkeep\n|turn|11\n|\n|t:|1700669744\n|switch|p1a: Koraidon|Koraidon|100\/100\n|-damage|p1a: Koraidon|94\/100|[from] Stealth Rock\n|-weather|SunnyDay|[from] ability: Orichalcum Pulse|[of] p1a: Koraidon\n|-activate|p1a: Koraidon|Orichalcum Pulse|[source]\n|move|p2a: Iron Bundle|Substitute|p2a: Iron Bundle\n|-start|p2a: Iron Bundle|Substitute\n|-damage|p2a: Iron Bundle|19\/100\n|\n|-weather|SunnyDay|[upkeep]\n|upkeep\n|turn|12\n|\n|t:|1700669749\n|move|p1a: Koraidon|U-turn|p2a: Iron Bundle\n|-crit|p2a: Iron Bundle\n|-end|p2a: Iron Bundle|Substitute\n|\n|t:|1700669751\n|switch|p1a: Zacian|Zacian-Crowned|39\/100|[from] U-turn\n|-damage|p1a: Zacian|33\/100|[from] Stealth Rock\n|move|p2a: Iron Bundle|Freeze-Dry|p1a: Zacian\n|-resisted|p1a: Zacian\n|-damage|p1a: Zacian|18\/100\n|\n|-weather|SunnyDay|[upkeep]\n|upkeep\n|turn|13\n|\n|t:|1700669758\n|-end|p2a: Iron Bundle|Quark Drive|[silent]\n|switch|p2a: Skeledirge|Skeledirge, M|100\/100\n|move|p1a: Zacian|Behemoth Blade|p2a: Skeledirge\n|-resisted|p2a: Skeledirge\n|-damage|p2a: Skeledirge|83\/100\n|\n|-weather|SunnyDay|[upkeep]\n|upkeep\n|turn|14\n|\n|t:|1700669762\n|move|p1a: Zacian|Behemoth Blade|p2a: Skeledirge\n|-resisted|p2a: Skeledirge\n|-damage|p2a: Skeledirge|65\/100\n|move|p2a: Skeledirge|Will-O-Wisp|p1a: Zacian\n|-status|p1a: Zacian|brn\n|\n|-weather|SunnyDay|[upkeep]\n|-damage|p1a: Zacian|12\/100 brn|[from] brn\n|upkeep\n|turn|15\n|\n|t:|1700669766\n|switch|p1a: Kyogre|Kyogre|69\/100\n|-damage|p1a: Kyogre|57\/100|[from] Stealth Rock\n|-weather|RainDance|[from] ability: Drizzle|[of] p1a: Kyogre\n|move|p2a: Skeledirge|Slack Off|p2a: Skeledirge\n|-heal|p2a: Skeledirge|100\/100\n|\n|-weather|RainDance|[upkeep]\n|-heal|p1a: Kyogre|63\/100|[from] item: Leftovers\n|upkeep\n|turn|16\n|\n|t:|1700669781\n|switch|p2a: Rayquaza|Rayquaza|64\/100\n|-damage|p2a: Rayquaza|40\/100|[from] Stealth Rock\n|-ability|p2a: Rayquaza|Air Lock\n|move|p1a: Kyogre|Origin Pulse|p2a: Rayquaza\n|-resisted|p2a: Rayquaza\n|-crit|p2a: Rayquaza\n|-damage|p2a: Rayquaza|0 fnt\n|faint|p2a: Rayquaza\n|\n|-weather|RainDance|[upkeep]\n|-heal|p1a: Kyogre|69\/100|[from] item: Leftovers\n|upkeep\n|c|\u2606Skyiewxz|qual foi\n|c|\u2606Skyiewxz|renage\n|c|\u2606Skyiewxz|reage*\n|\n|t:|1700669804\n|switch|p2a: Iron Bundle|Iron Bundle|19\/100\n|turn|17\n|\n|t:|1700669811\n|move|p2a: Iron Bundle|Freeze-Dry|p1a: Kyogre\n|-supereffective|p1a: Kyogre\n|-damage|p1a: Kyogre|24\/100\n|move|p1a: Kyogre|Ice Beam|p2a: Iron Bundle\n|-resisted|p2a: Iron Bundle\n|-damage|p2a: Iron Bundle|0 fnt\n|faint|p2a: Iron Bundle\n|-end|p2a: Iron Bundle|Quark Drive|[silent]\n|\n|-weather|RainDance|[upkeep]\n|-heal|p1a: Kyogre|31\/100|[from] item: Leftovers\n|upkeep\n|\n|t:|1700669820\n|switch|p2a: Arceus|Arceus-Ground|100\/100\n|-damage|p2a: Arceus|94\/100|[from] Stealth Rock\n|turn|18\n|\n|t:|1700669822\n|move|p2a: Arceus|Earthquake|p1a: Kyogre\n|-damage|p1a: Kyogre|0 fnt\n|faint|p1a: Kyogre\n|\n|-weather|RainDance|[upkeep]\n|upkeep\n|\n|t:|1700669832\n|switch|p1a: Arceus|Arceus-Grass|100\/100\n|-damage|p1a: Arceus|88\/100|[from] Stealth Rock\n|turn|19\n|\n|t:|1700669835\n|switch|p2a: Skeledirge|Skeledirge, M|100\/100\n|switch|p1a: Landorus|Landorus-Therian, M|100\/100\n|-damage|p1a: Landorus|88\/100|[from] Stealth Rock\n|-ability|p1a: Landorus|Intimidate|boost\n|-unboost|p2a: Skeledirge|atk|1\n|\n|-weather|none\n|upkeep\n|turn|20\n|\n|t:|1700669843\n|-terastallize|p2a: Skeledirge|Fairy\n|move|p1a: Landorus|Earthquake|p2a: Skeledirge\n|-damage|p2a: Skeledirge|72\/100\n|move|p2a: Skeledirge|Will-O-Wisp|p1a: Landorus\n|-status|p1a: Landorus|brn\n|\n|-damage|p1a: Landorus|82\/100 brn|[from] brn\n|upkeep\n|turn|21\n|\n|t:|1700669863\n|move|p1a: Landorus|Taunt|p2a: Skeledirge\n|-start|p2a: Skeledirge|move: Taunt\n|move|p2a: Skeledirge|Torch Song|p1a: Landorus\n|-damage|p1a: Landorus|49\/100 brn\n|-boost|p2a: Skeledirge|spa|1\n|\n|-damage|p1a: Landorus|43\/100 brn|[from] brn\n|upkeep\n|turn|22\n|\n|t:|1700669868\n|move|p1a: Landorus|Earthquake|p2a: Skeledirge\n|-damage|p2a: Skeledirge|58\/100\n|move|p2a: Skeledirge|Earth Power|p1a: Landorus\n|-immune|p1a: Landorus\n|\n|-damage|p1a: Landorus|36\/100 brn|[from] brn\n|upkeep\n|turn|23\n|\n|t:|1700669876\n|move|p1a: Landorus|Earthquake|p2a: Skeledirge\n|-damage|p2a: Skeledirge|44\/100\n|move|p2a: Skeledirge|Earth Power|p1a: Landorus\n|-immune|p1a: Landorus\n|\n|-damage|p1a: Landorus|30\/100 brn|[from] brn\n|-end|p2a: Skeledirge|move: Taunt\n|upkeep\n|turn|24\n|\n|t:|1700669878\n|move|p1a: Landorus|Taunt|p2a: Skeledirge\n|-start|p2a: Skeledirge|move: Taunt\n|move|p2a: Skeledirge|Torch Song|p1a: Landorus\n|-damage|p1a: Landorus|0 fnt\n|-boost|p2a: Skeledirge|spa|1\n|faint|p1a: Landorus\n|\n|upkeep\n|\n|t:|1700669880\n|switch|p1a: Kingambit|Kingambit, M|100\/100\n|-damage|p1a: Kingambit|94\/100|[from] Stealth Rock\n|-activate|p1a: Kingambit|ability: Supreme Overlord\n|-start|p1a: Kingambit|fallen2|[silent]\n|turn|25\n|\n|t:|1700669889\n|switch|p2a: Arceus|Arceus-Ground|94\/100\n|-damage|p2a: Arceus|88\/100|[from] Stealth Rock\n|move|p1a: Kingambit|Iron Head|p2a: Arceus\n|-crit|p2a: Arceus\n|-damage|p2a: Arceus|28\/100\n|\n|upkeep\n|turn|26\n|-message|tekken_is_life forfeited.\n|\n|win|Skyiewxz\n|raw|Skyiewxz's rating: 1591 &rarr; <strong>1617<\/strong><br \/>(+26 for winning)\n|raw|tekken_is_life's rating: 1690 &rarr; <strong>1664<\/strong><br \/>(-26 for losing)\n|l|\u203dtekken_is_life\n|c|\u2606Skyiewxz|gg\n|l|\u2606Skyiewxz\n|j|\u2606Skyiewxz\n|player|p1|Skyiewxz|dawn\n","uploadtime":1700670084,"views":0,"p1id":"skyiewxz","p2id":"tekkenislife","formatid":"gen9ubers","rating":1617,"private":0,"password":""}