{"id":"gen9ubers-1990865174","p1":"Redisdead98","p2":"Pikachuraju1","format":"[Gen 9] Ubers","log":"|j|\u2606Redisdead98\n|j|\u2606Pikachuraju1\n|t:|1700009082\n|gametype|singles\n|player|p1|Redisdead98|101|1000\n|player|p2|Pikachuraju1|blackbelt-gen4dp|1078\n|teamsize|p1|6\n|teamsize|p2|6\n|gen|9\n|tier|[Gen 9] Ubers\n|rated|\n|rule|Sleep Clause Mod: Limit one foe put to sleep\n|rule|Species Clause: Limit one of each Pok\u00e9mon\n|rule|OHKO Clause: OHKO moves are banned\n|rule|Evasion Items Clause: Evasion items are banned\n|rule|Evasion Moves Clause: Evasion moves are banned\n|rule|Endless Battle Clause: Forcing endless battles is banned\n|rule|HP Percentage Mod: HP is shown in percentages\n|clearpoke\n|poke|p1|Roaring Moon|\n|poke|p1|Espathra, F|\n|poke|p1|Kingambit, M|\n|poke|p1|Iron Moth|\n|poke|p1|Moltres-Galar|\n|poke|p1|Gyarados, F|\n|poke|p2|Arceus-Ground|\n|poke|p2|Giratina-Origin|\n|poke|p2|Kyogre|\n|poke|p2|Zacian-*|\n|poke|p2|Rayquaza|\n|poke|p2|Regieleki|\n|teampreview\n|\n|t:|1700009102\n|start\n|switch|p1a: Espathra|Espathra, F|100\/100\n|switch|p2a: Kyogre|Kyogre|100\/100\n|-weather|RainDance|[from] ability: Drizzle|[of] p2a: Kyogre\n|turn|1\n|\n|t:|1700009111\n|move|p1a: Espathra|Calm Mind|p1a: Espathra\n|-boost|p1a: Espathra|spa|1\n|-boost|p1a: Espathra|spd|1\n|move|p2a: Kyogre|Aqua Ring|p2a: Kyogre\n|-start|p2a: Kyogre|Aqua Ring\n|\n|-weather|RainDance|[upkeep]\n|-ability|p1a: Espathra|Speed Boost|boost\n|-boost|p1a: Espathra|spe|1\n|upkeep\n|turn|2\n|\n|t:|1700009119\n|move|p1a: Espathra|Protect|p1a: Espathra\n|-singleturn|p1a: Espathra|Protect\n|move|p2a: Kyogre|Calm Mind|p2a: Kyogre\n|-boost|p2a: Kyogre|spa|1\n|-boost|p2a: Kyogre|spd|1\n|\n|-weather|RainDance|[upkeep]\n|-ability|p1a: Espathra|Speed Boost|boost\n|-boost|p1a: Espathra|spe|1\n|upkeep\n|turn|3\n|\n|t:|1700009127\n|move|p1a: Espathra|Calm Mind|p1a: Espathra\n|-boost|p1a: Espathra|spa|1\n|-boost|p1a: Espathra|spd|1\n|move|p2a: Kyogre|Calm Mind|p2a: Kyogre\n|-boost|p2a: Kyogre|spa|1\n|-boost|p2a: Kyogre|spd|1\n|\n|-weather|RainDance|[upkeep]\n|-ability|p1a: Espathra|Speed Boost|boost\n|-boost|p1a: Espathra|spe|1\n|upkeep\n|turn|4\n|\n|t:|1700009143\n|move|p1a: Espathra|Calm Mind|p1a: Espathra\n|-boost|p1a: Espathra|spa|1\n|-boost|p1a: Espathra|spd|1\n|move|p2a: Kyogre|Ice Beam|p1a: Espathra\n|-damage|p1a: Espathra|61\/100\n|\n|-weather|RainDance|[upkeep]\n|-heal|p1a: Espathra|67\/100|[from] item: Leftovers\n|-ability|p1a: Espathra|Speed Boost|boost\n|-boost|p1a: Espathra|spe|1\n|upkeep\n|turn|5\n|\n|t:|1700009154\n|move|p1a: Espathra|Protect|p1a: Espathra\n|-singleturn|p1a: Espathra|Protect\n|move|p2a: Kyogre|Ice Beam|p1a: Espathra\n|-activate|p1a: Espathra|move: Protect\n|\n|-weather|none\n|-heal|p1a: Espathra|73\/100|[from] item: Leftovers\n|-ability|p1a: Espathra|Speed Boost|boost\n|-boost|p1a: Espathra|spe|1\n|upkeep\n|turn|6\n|\n|t:|1700009166\n|move|p1a: Espathra|Calm Mind|p1a: Espathra\n|-boost|p1a: Espathra|spa|1\n|-boost|p1a: Espathra|spd|1\n|move|p2a: Kyogre|Calm Mind|p2a: Kyogre\n|-boost|p2a: Kyogre|spa|1\n|-boost|p2a: Kyogre|spd|1\n|\n|-heal|p1a: Espathra|79\/100|[from] item: Leftovers\n|-ability|p1a: Espathra|Speed Boost|boost\n|-boost|p1a: Espathra|spe|1\n|upkeep\n|turn|7\n|\n|t:|1700009178\n|move|p1a: Espathra|Stored Power|p2a: Kyogre\n|-damage|p2a: Kyogre|4\/100\n|move|p2a: Kyogre|Ice Beam|p1a: Espathra\n|-damage|p1a: Espathra|36\/100\n|\n|-heal|p1a: Espathra|43\/100|[from] item: Leftovers\n|-heal|p2a: Kyogre|10\/100|[from] Aqua Ring\n|upkeep\n|turn|8\n|\n|t:|1700009190\n|move|p1a: Espathra|Stored Power|p2a: Kyogre\n|-damage|p2a: Kyogre|0 fnt\n|faint|p2a: Kyogre\n|\n|-heal|p1a: Espathra|49\/100|[from] item: Leftovers\n|upkeep\n|\n|t:|1700009201\n|switch|p2a: Regieleki|Regieleki|100\/100\n|turn|9\n|\n|t:|1700009212\n|move|p1a: Espathra|Protect|p1a: Espathra\n|-singleturn|p1a: Espathra|Protect\n|move|p2a: Regieleki|Explosion|p1a: Espathra\n|-activate|p1a: Espathra|move: Protect\n|faint|p2a: Regieleki\n|\n|-heal|p1a: Espathra|55\/100|[from] item: Leftovers\n|upkeep\n|\n|t:|1700009219\n|switch|p2a: Arceus|Arceus-Ground|100\/100\n|turn|10\n|\n|t:|1700009225\n|move|p1a: Espathra|Stored Power|p2a: Arceus\n|-damage|p2a: Arceus|0 fnt\n|faint|p2a: Arceus\n|\n|-heal|p1a: Espathra|61\/100|[from] item: Leftovers\n|upkeep\n|\n|t:|1700009232\n|switch|p2a: Giratina|Giratina-Origin|100\/100\n|turn|11\n|\n|t:|1700009239\n|move|p1a: Espathra|Stored Power|p2a: Giratina\n|-damage|p2a: Giratina|0 fnt\n|faint|p2a: Giratina\n|\n|-heal|p1a: Espathra|67\/100|[from] item: Leftovers\n|upkeep\n|\n|t:|1700009242\n|switch|p2a: Zacian|Zacian-Crowned|100\/100\n|-ability|p2a: Zacian|Intrepid Sword|boost\n|-boost|p2a: Zacian|atk|1\n|turn|12\n|c|\u2606Redisdead98|Ggs\n|c|\u2606Pikachuraju1|bre\n|\n|t:|1700009260\n|move|p1a: Espathra|Stored Power|p2a: Zacian\n|-resisted|p2a: Zacian\n|-damage|p2a: Zacian|0 fnt\n|faint|p2a: Zacian\n|\n|-heal|p1a: Espathra|73\/100|[from] item: Leftovers\n|upkeep\n|\n|t:|1700009266\n|switch|p2a: Rayquaza|Rayquaza|100\/100\n|-ability|p2a: Rayquaza|Air Lock\n|turn|13\n|c|\u2606Redisdead98|Sorry lol\n|c|\u2606Pikachuraju1|just do it\n|\n|t:|1700009303\n|move|p2a: Rayquaza|Extreme Speed|p1a: Espathra\n|-damage|p1a: Espathra|41\/100\n|move|p1a: Espathra|Stored Power|p2a: Rayquaza\n|-damage|p2a: Rayquaza|0 fnt\n|faint|p2a: Rayquaza\n|\n|win|Redisdead98\n|raw|Redisdead98's rating: 1000 &rarr; <strong>1049<\/strong><br \/>(+49 for winning)\n|raw|Pikachuraju1's rating: 1078 &rarr; <strong>1052<\/strong><br \/>(-26 for losing)\n|l|\u2606Pikachuraju1\n","uploadtime":1700009343,"views":33,"p1id":"redisdead98","p2id":"pikachuraju1","formatid":"gen9ubers","rating":1049,"private":0,"password":""}