{"id":"gen9ubers-1988784855","p1":"HailieVictoria","p2":"RyzEr Chris","format":"[Gen 9] Ubers","log":"|j|\u2606HailieVictoria\n|j|\u2606RyzEr Chris\n|t:|1699762797\n|gametype|singles\n|player|p1|HailieVictoria|101|\n|player|p2|RyzEr Chris|265|\n|teamsize|p1|6\n|teamsize|p2|6\n|gen|9\n|tier|[Gen 9] Ubers\n|rule|Sleep Clause Mod: Limit one foe put to sleep\n|rule|Species Clause: Limit one of each Pok\u00e9mon\n|rule|OHKO Clause: OHKO moves are banned\n|rule|Evasion Items Clause: Evasion items are banned\n|rule|Evasion Moves Clause: Evasion moves are banned\n|rule|Endless Battle Clause: Forcing endless battles is banned\n|rule|HP Percentage Mod: HP is shown in percentages\n|clearpoke\n|poke|p1|Jirachi|\n|poke|p1|Ogerpon-Wellspring, F|\n|poke|p1|Mamoswine, M|\n|poke|p1|Hydreigon, F|\n|poke|p1|Conkeldurr, M|\n|poke|p1|Kleavor, F|\n|poke|p2|Chi-Yu|\n|poke|p2|Garganacl, F|\n|poke|p2|Baxcalibur, F|\n|poke|p2|Amoonguss, F|\n|poke|p2|Iron Jugulis|\n|poke|p2|Orthworm, M|\n|teampreview\n|\n|t:|1699762825\n|start\n|switch|p1a: Kleavor|Kleavor, F|100\/100\n|switch|p2a: Chi-Yu|Chi-Yu|100\/100\n|-ability|p2a: Chi-Yu|Beads of Ruin\n|turn|1\n|\n|t:|1699762894\n|switch|p2a: Orthworm|Orthworm, M|100\/100\n|switch|p1a: Hydreigon|Hydreigon, F|100\/100\n|\n|upkeep\n|turn|2\n|\n|t:|1699762948\n|move|p1a: Hydreigon|Draco Meteor|p2a: Orthworm\n|-resisted|p2a: Orthworm\n|-damage|p2a: Orthworm|47\/100\n|-unboost|p1a: Hydreigon|spa|2\n|-enditem|p2a: Orthworm|Sitrus Berry|[eat]\n|-heal|p2a: Orthworm|72\/100|[from] item: Sitrus Berry\n|move|p2a: Orthworm|Body Press|p1a: Hydreigon\n|-supereffective|p1a: Hydreigon\n|-damage|p1a: Hydreigon|27\/100\n|\n|upkeep\n|turn|3\n|j| curtisthecacnea\n|j| Ghantist\n|\n|t:|1699762967\n|switch|p1a: Kleavor|Kleavor, F|100\/100\n|move|p2a: Orthworm|Stealth Rock|p1a: Kleavor\n|-sidestart|p1: HailieVictoria|move: Stealth Rock\n|\n|upkeep\n|turn|4\n|j| DivogoJota\n|j| hatev2\n|\n|t:|1699762983\n|move|p1a: Kleavor|Stone Axe|p2a: Orthworm\n|-resisted|p2a: Orthworm\n|-damage|p2a: Orthworm|50\/100\n|-sidestart|p2: RyzEr Chris|move: Stealth Rock\n|move|p2a: Orthworm|Iron Head|p1a: Kleavor\n|-supereffective|p1a: Kleavor\n|-damage|p1a: Kleavor|34\/100\n|\n|upkeep\n|turn|5\n|j| justinrockin\n|c| justinrockin|stop this match\n|c|\u2606RyzEr Chris|no\n|c| justinrockin|teammates shouldnt fight\n|j| IshanTV\n|\n|t:|1699763004\n|switch|p1a: Conkeldurr|Conkeldurr, M|100\/100\n|-damage|p1a: Conkeldurr|94\/100|[from] Stealth Rock\n|move|p2a: Orthworm|Iron Head|p1a: Conkeldurr\n|-damage|p1a: Conkeldurr|74\/100\n|\n|upkeep\n|turn|6\n|c| IshanTV|who is winning\n|c| justinrockin|theres no way hailie played that bad\n|c| justinrockin|you dont need to do this\n|j| IshaNn\n|c|\u2606HailieVictoria|?????\n|c| IshanTV|go hailie!\n|c| hatev2|go hailie!\n|c| DivogoJota|i\u2019m impartial!\n|\n|t:|1699763073\n|switch|p2a: Iron Jugulis|Iron Jugulis|100\/100\n|-damage|p2a: Iron Jugulis|76\/100|[from] Stealth Rock\n|-enditem|p2a: Iron Jugulis|Booster Energy\n|-activate|p2a: Iron Jugulis|ability: Quark Drive|[fromitem]\n|-start|p2a: Iron Jugulis|quarkdrivespe\n|move|p1a: Conkeldurr|Drain Punch|p2a: Iron Jugulis\n|-damage|p2a: Iron Jugulis|21\/100\n|-heal|p1a: Conkeldurr|96\/100|[from] drain|[of] p2a: Iron Jugulis\n|\n|upkeep\n|turn|7\n|c|\u2606HailieVictoria|david\n|c|\u2606HailieVictoria|youre building my teams\n|c|\u2606HailieVictoria|from now on\n|c| DivogoJota|Deal\n|c| IshaNn|:)\n|j| iceberg149\n|\n|t:|1699763116\n|move|p2a: Iron Jugulis|Hurricane|p1a: Conkeldurr\n|-supereffective|p1a: Conkeldurr\n|-damage|p1a: Conkeldurr|15\/100\n|move|p1a: Conkeldurr|Drain Punch|p2a: Iron Jugulis\n|-damage|p2a: Iron Jugulis|0 fnt\n|-heal|p1a: Conkeldurr|23\/100|[from] drain|[of] p2a: Iron Jugulis\n|faint|p2a: Iron Jugulis\n|-end|p2a: Iron Jugulis|Quark Drive|[silent]\n|\n|upkeep\n|c|\u2606HailieVictoria|guess who has a move that they cant click\n|\n|t:|1699763138\n|switch|p2a: Amoonguss|Amoonguss, F|100\/100\n|-damage|p2a: Amoonguss|88\/100|[from] Stealth Rock\n|turn|8\n|c| iceberg149|oh no\n|\n|t:|1699763149\n|move|p1a: Conkeldurr|Ice Punch|p2a: Amoonguss\n|-supereffective|p2a: Amoonguss\n|-damage|p2a: Amoonguss|4\/100\n|move|p2a: Amoonguss|Giga Drain|p1a: Conkeldurr\n|-damage|p1a: Conkeldurr|6\/100\n|-heal|p2a: Amoonguss|13\/100|[from] drain|[of] p1a: Conkeldurr\n|\n|upkeep\n|turn|9\n|c| DivogoJota|Oh lmao\n|\n|t:|1699763182\n|switch|p2a: Garganacl|Garganacl, F|100\/100\n|-damage|p2a: Garganacl|88\/100|[from] Stealth Rock\n|move|p1a: Conkeldurr|Ice Punch|p2a: Garganacl\n|-damage|p2a: Garganacl|67\/100\n|\n|-heal|p2a: Garganacl|73\/100|[from] item: Leftovers\n|upkeep\n|turn|10\n|\n|t:|1699763213\n|switch|p1a: Mamoswine|Mamoswine, M|100\/100\n|-damage|p1a: Mamoswine|88\/100|[from] Stealth Rock\n|move|p2a: Garganacl|Earthquake|p1a: Mamoswine\n|-damage|p1a: Mamoswine|62\/100\n|\n|-heal|p2a: Garganacl|79\/100|[from] item: Leftovers\n|upkeep\n|turn|11\n|\n|t:|1699763242\n|move|p1a: Mamoswine|Earthquake|p2a: Garganacl\n|-supereffective|p2a: Garganacl\n|-damage|p2a: Garganacl|0 fnt\n|faint|p2a: Garganacl\n|-damage|p1a: Mamoswine|52\/100|[from] item: Life Orb\n|\n|upkeep\n|\n|t:|1699763250\n|switch|p2a: Orthworm|Orthworm, M|50\/100\n|-damage|p2a: Orthworm|44\/100|[from] Stealth Rock\n|turn|12\n|\n|t:|1699763280\n|switch|p1a: Conkeldurr|Conkeldurr, M|6\/100\n|-damage|p1a: Conkeldurr|0 fnt|[from] Stealth Rock\n|faint|p1a: Conkeldurr\n|move|p2a: Orthworm|Body Press|p1: Conkeldurr|[notarget]\n|-fail|p2a: Orthworm\n|\n|upkeep\n|\n|t:|1699763291\n|switch|p1a: Hydreigon|Hydreigon, F|27\/100\n|-damage|p1a: Hydreigon|14\/100|[from] Stealth Rock\n|turn|13\n|\n|t:|1699763319\n|move|p1a: Hydreigon|Focus Blast|p2a: Orthworm|[miss]\n|-miss|p1a: Hydreigon|p2a: Orthworm\n|move|p2a: Orthworm|Body Press|p1a: Hydreigon\n|-supereffective|p1a: Hydreigon\n|-damage|p1a: Hydreigon|0 fnt\n|faint|p1a: Hydreigon\n|\n|upkeep\n|\n|t:|1699763349\n|switch|p1a: Ogerpon|Ogerpon-Wellspring, F|100\/100\n|-damage|p1a: Ogerpon|88\/100|[from] Stealth Rock\n|turn|14\n|\n|t:|1699763377\n|move|p1a: Ogerpon|Knock Off|p2a: Orthworm\n|-damage|p2a: Orthworm|29\/100\n|move|p2a: Orthworm|Body Press|p1a: Ogerpon\n|-damage|p1a: Ogerpon|44\/100\n|\n|upkeep\n|turn|15\n|\n|t:|1699763386\n|move|p1a: Ogerpon|Ivy Cudgel|p2a: Orthworm\n|-crit|p2a: Orthworm\n|-damage|p2a: Orthworm|0 fnt\n|faint|p2a: Orthworm\n|\n|upkeep\n|\n|t:|1699763399\n|switch|p2a: Chi-Yu|Chi-Yu|100\/100\n|-damage|p2a: Chi-Yu|76\/100|[from] Stealth Rock\n|-ability|p2a: Chi-Yu|Beads of Ruin\n|turn|16\n|\n|t:|1699763407\n|move|p2a: Chi-Yu|Flamethrower|p1a: Ogerpon\n|-damage|p1a: Ogerpon|0 fnt\n|faint|p1a: Ogerpon\n|\n|upkeep\n|\n|t:|1699763438\n|switch|p1a: Jirachi|Jirachi, shiny|100\/100\n|-damage|p1a: Jirachi|94\/100|[from] Stealth Rock\n|turn|17\n|\n|t:|1699763442\n|move|p2a: Chi-Yu|Flamethrower|p1a: Jirachi\n|-supereffective|p1a: Jirachi\n|-crit|p1a: Jirachi\n|-damage|p1a: Jirachi|0 fnt\n|faint|p1a: Jirachi\n|\n|upkeep\n|c| DivogoJota|Oh\n|\n|t:|1699763448\n|switch|p1a: Mamoswine|Mamoswine, M|52\/100\n|-damage|p1a: Mamoswine|40\/100|[from] Stealth Rock\n|turn|18\n|c| DivogoJota|massive\n|\n|t:|1699763456\n|move|p2a: Chi-Yu|Flamethrower|p1a: Mamoswine\n|-supereffective|p1a: Mamoswine\n|-damage|p1a: Mamoswine|0 fnt\n|faint|p1a: Mamoswine\n|\n|upkeep\n|\n|t:|1699763467\n|switch|p1a: Kleavor|Kleavor, F|34\/100\n|-damage|p1a: Kleavor|9\/100|[from] Stealth Rock\n|turn|19\n|\n|t:|1699763478\n|move|p2a: Chi-Yu|Flamethrower|p1a: Kleavor\n|-damage|p1a: Kleavor|0 fnt\n|faint|p1a: Kleavor\n|\n|win|RyzEr Chris\n|c| DivogoJota|gg\n|l|\u2606HailieVictoria\n|l| curtisthecacnea\n|l| hatev2\n|l| Ghantist\n|c| DivogoJota|Was Chi-Yu specs or scarf\n|c| IshaNn|had to be scarf\n|c| IshaNn|outsped oger\n|c|\u2606RyzEr Chris|scarf\n|c| DivogoJota|Cool thought so\n|c|\u2606RyzEr Chris|scarf go crazy w ruins\n|c| DivogoJota|so crit flamethrower mattered or was it not defensive rachi\n|c|\u2606RyzEr Chris|no idea ask ishan\n|c|\u2606RyzEr Chris|i think i still win\n|c|\u2606RyzEr Chris|fire dark into steel; psychic\n|c|\u2606RyzEr Chris|jirachi just does nothing\n|c| IshaNn|was hp not spdef\n|c| DivogoJota|I think you win from the position, just curious\n|c| IshaNn|crit didnt matter i think\n|c| DivogoJota|interesting imteresting\n","uploadtime":1699763502,"views":38,"p1id":"hailievictoria","p2id":"ryzerchris","formatid":"gen9ubers","rating":0,"private":0,"password":""}