{"id":"gen9ubers-1991667239","p1":"Pennys No.1 Fan","p2":"Pickedman","format":"[Gen 9] Ubers","log":"|j|\u2606Pennys No.1 Fan\n|j|\u2606Pickedman\n|t:|1700100389\n|gametype|singles\n|player|p1|Pennys No.1 Fan|1|\n|player|p2|Pickedman|zinnia|\n|teamsize|p1|6\n|teamsize|p2|6\n|gen|9\n|tier|[Gen 9] Ubers\n|rule|Sleep Clause Mod: Limit one foe put to sleep\n|rule|Species Clause: Limit one of each Pok\u00e9mon\n|rule|OHKO Clause: OHKO moves are banned\n|rule|Evasion Items Clause: Evasion items are banned\n|rule|Evasion Moves Clause: Evasion moves are banned\n|rule|Endless Battle Clause: Forcing endless battles is banned\n|rule|HP Percentage Mod: HP is shown in percentages\n|clearpoke\n|poke|p1|Volcarona, F|\n|poke|p1|Frosmoth, F|\n|poke|p1|Oricorio-Pom-Pom, F|\n|poke|p1|Masquerain, M|\n|poke|p1|Vivillon, F|\n|poke|p1|Lilligant, F|\n|poke|p2|Palafin, M|\n|poke|p2|Great Tusk|\n|poke|p2|Slowking-Galar, F|\n|poke|p2|Toxapex, M|\n|poke|p2|Garganacl, M|\n|poke|p2|Ceruledge, M|\n|teampreview\n|inactive|Battle timer is ON: inactive players will automatically lose when time's up. (requested by Pennys No.1 Fan)\n|c|\u2606Pickedman|goat detected\n|c|\u2606Pennys No.1 Fan|is this stall\n|c|\u2606Pennys No.1 Fan|garganacl\n|c|\u2606Pennys No.1 Fan|not so goated\n|c|\u2606Pickedman|uh\n|inactive|Pennys No.1 Fan has 270 seconds left.\n|c|\u2606Pickedman|no?\n|c|\u2606Pennys No.1 Fan|ikr frostmoth the GOAT\n|\n|t:|1700100425\n|start\n|switch|p1a: Weird Moth|Masquerain, M, shiny|100\/100\n|switch|p2a: Palafin|Palafin, M|100\/100\n|-ability|p1a: Weird Moth|Intimidate|boost\n|-unboost|p2a: Palafin|atk|1\n|turn|1\n|c|\u2606Pickedman|you\n|c|\u2606Pickedman|you do know what my favourite pokemon is rigght\n|c|\u2606Pennys No.1 Fan|yes\n|c|\u2606Pennys No.1 Fan|but\n|\n|t:|1700100443\n|detailschange|p2a: Palafin|Palafin-Hero, M\n|switch|p2a: Slowking|Slowking-Galar, F|100\/100\n|move|p1a: Weird Moth|Sticky Web|p2a: Slowking\n|-sidestart|p2: Pickedman|move: Sticky Web\n|\n|upkeep\n|turn|2\n|c|\u2606Pennys No.1 Fan|i like frostmoth more\n|\n|t:|1700100448\n|move|p1a: Weird Moth|Quiver Dance|p1a: Weird Moth\n|-boost|p1a: Weird Moth|spa|1\n|-boost|p1a: Weird Moth|spd|1\n|-boost|p1a: Weird Moth|spe|1\n|move|p2a: Slowking|Chilly Reception|p2a: Slowking\n|-weather|Snow\n|\n|t:|1700100451\n|switch|p2a: Great Tusk|Great Tusk|100\/100|[from] Chilly Reception\n|-activate|p2a: Great Tusk|move: Sticky Web\n|-unboost|p2a: Great Tusk|spe|1\n|\n|-weather|Snow|[upkeep]\n|upkeep\n|turn|3\n|\n|t:|1700100456\n|move|p1a: Weird Moth|Hydro Pump|p2a: Great Tusk\n|-supereffective|p2a: Great Tusk\n|-damage|p2a: Great Tusk|0 fnt\n|faint|p2a: Great Tusk\n|-end|p2a: Great Tusk|Protosynthesis|[silent]\n|\n|-weather|Snow|[upkeep]\n|upkeep\n|\n|t:|1700100465\n|switch|p2a: Ceruledge|Ceruledge, M|100\/100\n|-activate|p2a: Ceruledge|move: Sticky Web\n|-unboost|p2a: Ceruledge|spe|1\n|turn|4\n|c|\u2606Pennys No.1 Fan|this mono qd team is so funny\n|\n|t:|1700100470\n|move|p1a: Weird Moth|Hydro Pump|p2a: Ceruledge\n|-supereffective|p2a: Ceruledge\n|-enditem|p2a: Ceruledge|Focus Sash\n|-damage|p2a: Ceruledge|1\/100\n|move|p2a: Ceruledge|Bitter Blade|p1a: Weird Moth\n|-supereffective|p1a: Weird Moth\n|-enditem|p1a: Weird Moth|Focus Sash\n|-damage|p1a: Weird Moth|1\/100\n|-heal|p2a: Ceruledge|49\/100|[from] drain|[of] p1a: Weird Moth\n|\n|-weather|Snow|[upkeep]\n|upkeep\n|turn|5\n|c|\u2606Pickedman|no way you hite 3 hydros in a row\n|\n|t:|1700100487\n|move|p1a: Weird Moth|Hydro Pump|p2a: Ceruledge|[miss]\n|-miss|p1a: Weird Moth|p2a: Ceruledge\n|move|p2a: Ceruledge|Bitter Blade|p1a: Weird Moth\n|-supereffective|p1a: Weird Moth\n|-damage|p1a: Weird Moth|0 fnt\n|-heal|p2a: Ceruledge|49\/100|[from] drain|[of] p1a: Weird Moth\n|faint|p1a: Weird Moth\n|\n|-weather|Snow|[upkeep]\n|upkeep\n|c|\u2606Pennys No.1 Fan|nope.\n|c|\u2606Pickedman|thanks hydro pump\n|\n|t:|1700100502\n|switch|p1a: Pink Moth|Vivillon, F, shiny|100\/100\n|turn|6\n|c|\u2606Pennys No.1 Fan|fuck you hydropump\n|\n|t:|1700100532\n|move|p1a: Pink Moth|Sleep Powder|p2a: Ceruledge\n|-status|p2a: Ceruledge|slp|[from] move: Sleep Powder\n|cant|p2a: Ceruledge|slp\n|\n|-weather|none\n|upkeep\n|turn|7\n|\n|t:|1700100539\n|switch|p2a: Garganacl|Garganacl, M|100\/100\n|-activate|p2a: Garganacl|move: Sticky Web\n|-unboost|p2a: Garganacl|spe|1\n|move|p1a: Pink Moth|Quiver Dance|p1a: Pink Moth\n|-boost|p1a: Pink Moth|spa|1\n|-boost|p1a: Pink Moth|spd|1\n|-boost|p1a: Pink Moth|spe|1\n|\n|upkeep\n|turn|8\n|c|\u2606Pickedman|vivi's not a moth grahh\n|\n|t:|1700100548\n|move|p1a: Pink Moth|Energy Ball|p2a: Garganacl\n|-supereffective|p2a: Garganacl\n|-damage|p2a: Garganacl|21\/100\n|move|p2a: Garganacl|Salt Cure|p1a: Pink Moth\n|-supereffective|p1a: Pink Moth\n|-enditem|p1a: Pink Moth|Focus Sash\n|-damage|p1a: Pink Moth|1\/100\n|-start|p1a: Pink Moth|Salt Cure\n|\n|-heal|p2a: Garganacl|27\/100|[from] item: Leftovers\n|-damage|p1a: Pink Moth|0 fnt|[from] Salt Cure\n|faint|p1a: Pink Moth\n|upkeep\n|\n|t:|1700100557\n|switch|p1a: Elegant Moth|Lilligant, F|100\/100\n|turn|9\n|c|\u2606Pickedman|im sorry little one\n|\n|t:|1700100563\n|move|p1a: Elegant Moth|Energy Ball|p2a: Garganacl\n|-supereffective|p2a: Garganacl\n|-damage|p2a: Garganacl|0 fnt\n|faint|p2a: Garganacl\n|\n|upkeep\n|c|\u2606Pennys No.1 Fan|theyre all named after moths\n|\n|t:|1700100571\n|switch|p2a: Slowking|Slowking-Galar, F|100\/100\n|turn|10\n|c|\u2606Pennys No.1 Fan|kope\n|\n|t:|1700100587\n|move|p1a: Elegant Moth|Leech Seed|p2a: Slowking\n|-start|p2a: Slowking|move: Leech Seed\n|move|p2a: Slowking|Sludge Bomb|p1a: Elegant Moth\n|-supereffective|p1a: Elegant Moth\n|-crit|p1a: Elegant Moth\n|-damage|p1a: Elegant Moth|0 fnt\n|faint|p1a: Elegant Moth\n|\n|upkeep\n|\n|t:|1700100593\n|switch|p1a: Fire Moth|Volcarona, F, shiny|100\/100\n|turn|11\n|\n|t:|1700100600\n|move|p1a: Fire Moth|Quiver Dance|p1a: Fire Moth\n|-boost|p1a: Fire Moth|spa|1\n|-boost|p1a: Fire Moth|spd|1\n|-boost|p1a: Fire Moth|spe|1\n|move|p2a: Slowking|Sludge Bomb|p1a: Fire Moth\n|-damage|p1a: Fire Moth|80\/100\n|\n|-damage|p2a: Slowking|88\/100|[from] Leech Seed|[of] p1a: Fire Moth\n|-heal|p1a: Fire Moth|94\/100|[silent]\n|upkeep\n|turn|12\n|c|\u2606Pickedman|this isn't subseed is it\n|\n|t:|1700100616\n|move|p1a: Fire Moth|Quiver Dance|p1a: Fire Moth\n|-boost|p1a: Fire Moth|spa|1\n|-boost|p1a: Fire Moth|spd|1\n|-boost|p1a: Fire Moth|spe|1\n|move|p2a: Slowking|Sludge Bomb|p1a: Fire Moth\n|-damage|p1a: Fire Moth|78\/100\n|-status|p1a: Fire Moth|psn\n|\n|-damage|p2a: Slowking|76\/100|[from] Leech Seed|[of] p1a: Fire Moth\n|-heal|p1a: Fire Moth|93\/100 psn|[silent]\n|-damage|p1a: Fire Moth|80\/100 psn|[from] psn\n|upkeep\n|turn|13\n|c|\u2606Pennys No.1 Fan|dude im a volc\n|c|\u2606Pickedman|volc carries sub\n|c|\u2606Pickedman|sometimes\n|c|\u2606Pennys No.1 Fan|im terablast\n|\n|t:|1700100633\n|move|p1a: Fire Moth|Fiery Dance|p2a: Slowking\n|-damage|p2a: Slowking|31\/100\n|-boost|p1a: Fire Moth|spa|1\n|move|p2a: Slowking|Sludge Bomb|p1a: Fire Moth\n|-damage|p1a: Fire Moth|64\/100 psn\n|\n|-damage|p2a: Slowking|19\/100|[from] Leech Seed|[of] p1a: Fire Moth\n|-heal|p1a: Fire Moth|78\/100 psn|[silent]\n|-damage|p1a: Fire Moth|66\/100 psn|[from] psn\n|upkeep\n|turn|14\n|\n|t:|1700100640\n|move|p1a: Fire Moth|Fiery Dance|p2a: Slowking\n|-crit|p2a: Slowking\n|-damage|p2a: Slowking|0 fnt\n|faint|p2a: Slowking\n|\n|-damage|p1a: Fire Moth|54\/100 psn|[from] psn\n|upkeep\n|\n|t:|1700100642\n|switch|p2a: Palafin|Palafin-Hero, M|100\/100\n|-activate|p2a: Palafin|move: Sticky Web\n|-unboost|p2a: Palafin|spe|1\n|-activate|p2a: Palafin|ability: Zero to Hero\n|turn|15\n|\n|t:|1700100648\n|move|p2a: Palafin|Jet Punch|p1a: Fire Moth\n|-supereffective|p1a: Fire Moth\n|-damage|p1a: Fire Moth|0 fnt\n|faint|p1a: Fire Moth\n|\n|upkeep\n|\n|t:|1700100653\n|switch|p1a: Electric Moth|Oricorio-Pom-Pom, F, shiny|100\/100\n|turn|16\n|\n|t:|1700100656\n|move|p2a: Palafin|Jet Punch|p1a: Electric Moth\n|-damage|p1a: Electric Moth|22\/100\n|move|p1a: Electric Moth|Revelation Dance|p2a: Palafin\n|-supereffective|p2a: Palafin\n|-damage|p2a: Palafin|7\/100\n|\n|upkeep\n|turn|17\n|\n|t:|1700100663\n|move|p2a: Palafin|Jet Punch|p1a: Electric Moth\n|-damage|p1a: Electric Moth|0 fnt\n|faint|p1a: Electric Moth\n|\n|upkeep\n|c|\u2606Pennys No.1 Fan|rigged??!?!\n|\n|t:|1700100667\n|switch|p1a: Snow Moth|Frosmoth, F, shiny|100\/100\n|turn|18\n|\n|t:|1700100673\n|-terastallize|p1a: Snow Moth|Grass\n|move|p2a: Palafin|Jet Punch|p1a: Snow Moth\n|-resisted|p1a: Snow Moth\n|-damage|p1a: Snow Moth|48\/100\n|move|p1a: Snow Moth|Ice Beam|p2a: Palafin\n|-resisted|p2a: Palafin\n|-damage|p2a: Palafin|0 fnt\n|faint|p2a: Palafin\n|\n|upkeep\n|\n|t:|1700100681\n|switch|p2a: Ceruledge|Ceruledge, M|49\/100 slp\n|-activate|p2a: Ceruledge|move: Sticky Web\n|-unboost|p2a: Ceruledge|spe|1\n|turn|19\n|\n|t:|1700100685\n|move|p1a: Snow Moth|Quiver Dance|p1a: Snow Moth\n|-boost|p1a: Snow Moth|spa|1\n|-boost|p1a: Snow Moth|spd|1\n|-boost|p1a: Snow Moth|spe|1\n|cant|p2a: Ceruledge|slp\n|\n|upkeep\n|turn|20\n|\n|t:|1700100691\n|move|p1a: Snow Moth|Ice Beam|p2a: Ceruledge\n|-resisted|p2a: Ceruledge\n|-damage|p2a: Ceruledge|9\/100 slp\n|-curestatus|p2a: Ceruledge|slp|[msg]\n|move|p2a: Ceruledge|Swords Dance|p2a: Ceruledge\n|-boost|p2a: Ceruledge|atk|2\n|\n|upkeep\n|turn|21\n|\n|t:|1700100699\n|move|p1a: Snow Moth|Ice Beam|p2a: Ceruledge\n|-resisted|p2a: Ceruledge\n|-damage|p2a: Ceruledge|0 fnt\n|faint|p2a: Ceruledge\n|\n|upkeep\n|\n|t:|1700100703\n|switch|p2a: Toxapex|Toxapex, M|100\/100\n|turn|22\n|\n|t:|1700100707\n|move|p1a: Snow Moth|Tera Blast|p2a: Toxapex|[anim] Tera Blast Grass\n|-damage|p2a: Toxapex|45\/100\n|move|p2a: Toxapex|Surf|p1a: Snow Moth\n|-resisted|p1a: Snow Moth\n|-damage|p1a: Snow Moth|44\/100\n|\n|upkeep\n|turn|23\n|\n|t:|1700100712\n|move|p1a: Snow Moth|Tera Blast|p2a: Toxapex|[anim] Tera Blast Grass\n|-damage|p2a: Toxapex|0 fnt\n|faint|p2a: Toxapex\n|\n|win|Pennys No.1 Fan\n|c|\u2606Pickedman|ooh seed flare\n|c|\u2606Pickedman|ggs\n|c|\u2606Pennys No.1 Fan|mono qd wins against uber team\n|l|\u2606Pickedman\n|c|\u2606Pennys No.1 Fan|is this real\n","uploadtime":1700100727,"views":8,"p1id":"pennysno1fan","p2id":"pickedman","formatid":"gen9ubers","rating":0,"private":0,"password":""}