{"id":"gen9ubers-1971727654","p1":"Mathl3te","p2":"CTC Pokemon","format":"[Gen 9] Ubers","log":"|j|\u2606Mathl3te\n|j|\u2606CTC Pokemon\n|t:|1697765497\n|gametype|singles\n|player|p1|Mathl3te|li|\n|player|p2|CTC Pokemon|fantina|\n|teamsize|p1|6\n|teamsize|p2|6\n|gen|9\n|tier|[Gen 9] Ubers\n|rule|Sleep Clause Mod: Limit one foe put to sleep\n|rule|Species Clause: Limit one of each Pok\u00e9mon\n|rule|OHKO Clause: OHKO moves are banned\n|rule|Evasion Items Clause: Evasion items are banned\n|rule|Evasion Moves Clause: Evasion moves are banned\n|rule|Endless Battle Clause: Forcing endless battles is banned\n|rule|HP Percentage Mod: HP is shown in percentages\n|clearpoke\n|poke|p1|Chi-Yu|\n|poke|p1|Charjabug, F|\n|poke|p1|Tornadus-Therian, M|\n|poke|p1|Kleavor, F|\n|poke|p1|Azumarill, F|\n|poke|p1|Trevenant, M|\n|poke|p2|Heatran, M|\n|poke|p2|Salamence, M|\n|poke|p2|Quagsire, M|\n|poke|p2|Grimmsnarl, M|\n|poke|p2|Iron Valiant|\n|poke|p2|Forretress, M|\n|teampreview\n|\n|t:|1697765509\n|start\n|switch|p1a: Tornadus|Tornadus-Therian, M|100\/100\n|switch|p2a: Grimmsnarl|Grimmsnarl, M|100\/100\n|turn|1\n|\n|t:|1697765515\n|move|p2a: Grimmsnarl|Parting Shot|p1a: Tornadus\n|-unboost|p1a: Tornadus|atk|1\n|-unboost|p1a: Tornadus|spa|1\n|\n|t:|1697765520\n|switch|p2a: Heatran|Heatran, M|100\/100|[from] Parting Shot\n|move|p1a: Tornadus|U-turn|p2a: Heatran\n|-resisted|p2a: Heatran\n|-damage|p2a: Heatran|99\/100\n|\n|t:|1697765526\n|switch|p1a: Kleavor|Kleavor, F|100\/100|[from] U-turn\n|\n|upkeep\n|turn|2\n|\n|t:|1697765538\n|switch|p2a: Forretress|Forretress, M|100\/100\n|move|p1a: Kleavor|Stone Axe|p2a: Forretress\n|-damage|p2a: Forretress|71\/100\n|-sidestart|p2: CTC Pokemon|move: Stealth Rock\n|\n|-heal|p2a: Forretress|77\/100|[from] item: Leftovers\n|upkeep\n|turn|3\n|\n|t:|1697765549\n|switch|p1a: Trevenant|Trevenant, M|100\/100\n|move|p2a: Forretress|Stealth Rock|p1a: Trevenant\n|-sidestart|p1: Mathl3te|move: Stealth Rock\n|\n|-heal|p2a: Forretress|83\/100|[from] item: Leftovers\n|upkeep\n|turn|4\n|\n|t:|1697765559\n|move|p1a: Trevenant|Poltergeist|p2a: Forretress\n|-activate|p2a: Forretress|move: Poltergeist|Leftovers\n|-damage|p2a: Forretress|52\/100\n|move|p2a: Forretress|Volt Switch|p1a: Trevenant\n|-resisted|p1a: Trevenant\n|-damage|p1a: Trevenant|97\/100\n|\n|t:|1697765563\n|switch|p2a: Heatran|Heatran, M|99\/100|[from] Volt Switch\n|-damage|p2a: Heatran|86\/100|[from] Stealth Rock\n|\n|upkeep\n|turn|5\n|\n|t:|1697765571\n|-terastallize|p1a: Trevenant|Water\n|move|p2a: Heatran|Magma Storm|p1a: Trevenant|[miss]\n|-miss|p2a: Heatran|p1a: Trevenant\n|move|p1a: Trevenant|Drain Punch|p2a: Heatran\n|-supereffective|p2a: Heatran\n|-damage|p2a: Heatran|52\/100\n|-heal|p1a: Trevenant|100\/100|[from] drain|[of] p2a: Heatran\n|\n|upkeep\n|turn|6\n|\n|t:|1697765594\n|switch|p2a: Iron Slay|Iron Valiant|100\/100\n|-damage|p2a: Iron Slay|94\/100|[from] Stealth Rock\n|-enditem|p2a: Iron Slay|Booster Energy\n|-activate|p2a: Iron Slay|ability: Quark Drive|[fromitem]\n|-start|p2a: Iron Slay|quarkdrivespe\n|move|p1a: Trevenant|Drain Punch|p2a: Iron Slay\n|-resisted|p2a: Iron Slay\n|-damage|p2a: Iron Slay|78\/100\n|\n|upkeep\n|turn|7\n|\n|t:|1697765606\n|move|p2a: Iron Slay|Calm Mind|p2a: Iron Slay\n|-boost|p2a: Iron Slay|spa|1\n|-boost|p2a: Iron Slay|spd|1\n|move|p1a: Trevenant|Horn Leech|p2a: Iron Slay\n|-damage|p2a: Iron Slay|29\/100\n|\n|upkeep\n|turn|8\n|\n|t:|1697765613\n|move|p2a: Iron Slay|Moonblast|p1a: Trevenant\n|-damage|p1a: Trevenant|55\/100\n|move|p1a: Trevenant|Horn Leech|p2a: Iron Slay\n|-damage|p2a: Iron Slay|0 fnt\n|-heal|p1a: Trevenant|66\/100|[from] drain|[of] p2a: Iron Slay\n|faint|p2a: Iron Slay\n|-end|p2a: Iron Slay|Quark Drive|[silent]\n|\n|upkeep\n|\n|t:|1697765622\n|switch|p2a: Salamence|Salamence, M|100\/100\n|-damage|p2a: Salamence|76\/100|[from] Stealth Rock\n|turn|9\n|\n|t:|1697765635\n|switch|p1a: Charjabug|Charjabug, F|100\/100\n|-damage|p1a: Charjabug|76\/100|[from] Stealth Rock\n|move|p2a: Salamence|Dragon Dance|p2a: Salamence\n|-boost|p2a: Salamence|atk|1\n|-boost|p2a: Salamence|spe|1\n|\n|upkeep\n|turn|10\n|\n|t:|1697765646\n|move|p2a: Salamence|Dragon Dance|p2a: Salamence\n|-boost|p2a: Salamence|atk|1\n|-boost|p2a: Salamence|spe|1\n|move|p1a: Charjabug|Discharge|p2a: Salamence\n|-damage|p2a: Salamence|55\/100\n|\n|upkeep\n|turn|11\n|\n|t:|1697765656\n|move|p2a: Salamence|Dual Wingbeat|p1a: Charjabug\n|-damage|p1a: Charjabug|45\/100\n|-damage|p1a: Charjabug|11\/100\n|-hitcount|p1a: Charjabug|2\n|move|p1a: Charjabug|Discharge|p2a: Salamence\n|-damage|p2a: Salamence|35\/100\n|-status|p2a: Salamence|par\n|\n|upkeep\n|turn|12\n|\n|t:|1697765665\n|move|p2a: Salamence|Roost|p2a: Salamence\n|-heal|p2a: Salamence|85\/100 par\n|-singleturn|p2a: Salamence|move: Roost\n|move|p1a: Charjabug|Sticky Web|p2a: Salamence\n|-sidestart|p2: CTC Pokemon|move: Sticky Web\n|\n|upkeep\n|turn|13\n|\n|t:|1697765671\n|move|p2a: Salamence|Dragon Dance|p2a: Salamence\n|-boost|p2a: Salamence|atk|1\n|-boost|p2a: Salamence|spe|1\n|move|p1a: Charjabug|Volt Switch|p2a: Salamence\n|-damage|p2a: Salamence|66\/100 par\n|\n|t:|1697765676\n|switch|p1a: Tornadus|Tornadus-Therian, M|100\/100|[from] Volt Switch\n|-damage|p1a: Tornadus|75\/100|[from] Stealth Rock\n|\n|upkeep\n|turn|14\n|\n|t:|1697765685\n|move|p1a: Tornadus|Bleakwind Storm|p2a: Salamence\n|-damage|p2a: Salamence|6\/100 par\n|-unboost|p2a: Salamence|spe|1\n|move|p2a: Salamence|Dual Wingbeat|p1a: Tornadus\n|-damage|p1a: Tornadus|1\/100\n|-damage|p1a: Tornadus|0 fnt\n|faint|p1a: Tornadus\n|-ability|p2a: Salamence|Moxie|boost\n|-boost|p2a: Salamence|atk|1\n|-hitcount|p1: Tornadus|2\n|\n|upkeep\n|\n|t:|1697765693\n|switch|p1a: Azumarill|Azumarill, F|100\/100\n|-damage|p1a: Azumarill|88\/100|[from] Stealth Rock\n|turn|15\n|\n|t:|1697765700\n|move|p1a: Azumarill|Aqua Jet|p2a: Salamence\n|-resisted|p2a: Salamence\n|-damage|p2a: Salamence|0 fnt\n|faint|p2a: Salamence\n|\n|upkeep\n|\n|t:|1697765710\n|switch|p2a: Forretress|Forretress, M|52\/100\n|-damage|p2a: Forretress|40\/100|[from] Stealth Rock\n|-activate|p2a: Forretress|move: Sticky Web\n|-unboost|p2a: Forretress|spe|1\n|turn|16\n|\n|t:|1697765717\n|switch|p1a: Charjabug|Charjabug, F|11\/100\n|-damage|p1a: Charjabug|0 fnt|[from] Stealth Rock\n|faint|p1a: Charjabug\n|move|p2a: Forretress|Rapid Spin|p1: Charjabug|[notarget]\n|-fail|p2a: Forretress\n|\n|-heal|p2a: Forretress|46\/100|[from] item: Leftovers\n|upkeep\n|\n|t:|1697765724\n|switch|p1a: Chi-Yu|Chi-Yu|100\/100\n|-damage|p1a: Chi-Yu|76\/100|[from] Stealth Rock\n|-ability|p1a: Chi-Yu|Beads of Ruin\n|turn|17\n|\n|t:|1697765763\n|switch|p2a: Grimmsnarl|Grimmsnarl, M|100\/100\n|-damage|p2a: Grimmsnarl|88\/100|[from] Stealth Rock\n|-activate|p2a: Grimmsnarl|move: Sticky Web\n|-unboost|p2a: Grimmsnarl|spe|1\n|move|p1a: Chi-Yu|Dark Pulse|p2a: Grimmsnarl\n|-resisted|p2a: Grimmsnarl\n|-damage|p2a: Grimmsnarl|72\/100\n|\n|upkeep\n|turn|18\n|\n|t:|1697765775\n|switch|p1a: Kleavor|Kleavor, F|100\/100\n|-damage|p1a: Kleavor|75\/100|[from] Stealth Rock\n|move|p2a: Grimmsnarl|Light Screen|p2a: Grimmsnarl\n|-sidestart|p2: CTC Pokemon|move: Light Screen\n|\n|upkeep\n|turn|19\n|l|\u2606Mathl3te\n|player|p1|\n|j|\u2606Mathl3te\n|player|p1|Mathl3te|li\n|\n|t:|1697765820\n|move|p2a: Grimmsnarl|Reflect|p2a: Grimmsnarl\n|-sidestart|p2: CTC Pokemon|Reflect\n|move|p1a: Kleavor|Brick Break|p2a: Grimmsnarl\n|-sideend|p2: CTC Pokemon|Reflect\n|-sideend|p2: CTC Pokemon|move: Light Screen\n|-damage|p2a: Grimmsnarl|33\/100\n|\n|upkeep\n|turn|20\n|\n|t:|1697765835\n|move|p2a: Grimmsnarl|Parting Shot|p1a: Kleavor\n|-unboost|p1a: Kleavor|atk|1\n|-unboost|p1a: Kleavor|spa|1\n|\n|t:|1697765837\n|switch|p2a: Forretress|Forretress, M|46\/100|[from] Parting Shot\n|-damage|p2a: Forretress|34\/100|[from] Stealth Rock\n|-activate|p2a: Forretress|move: Sticky Web\n|-unboost|p2a: Forretress|spe|1\n|move|p1a: Kleavor|U-turn|p2a: Forretress\n|-resisted|p2a: Forretress\n|-crit|p2a: Forretress\n|-damage|p2a: Forretress|18\/100\n|\n|t:|1697765859\n|switch|p1a: Chi-Yu|Chi-Yu|76\/100|[from] U-turn\n|-damage|p1a: Chi-Yu|51\/100|[from] Stealth Rock\n|-ability|p1a: Chi-Yu|Beads of Ruin\n|\n|-heal|p2a: Forretress|24\/100|[from] item: Leftovers\n|upkeep\n|turn|21\n|\n|t:|1697765863\n|move|p1a: Chi-Yu|Dark Pulse|p2a: Forretress\n|-damage|p2a: Forretress|0 fnt\n|faint|p2a: Forretress\n|\n|upkeep\n|\n|t:|1697765865\n|switch|p2a: Quagsire|Quagsire, M|100\/100\n|-damage|p2a: Quagsire|94\/100|[from] Stealth Rock\n|-activate|p2a: Quagsire|move: Sticky Web\n|-unboost|p2a: Quagsire|spe|1\n|turn|22\n|\n|t:|1697765869\n|-terastallize|p2a: Quagsire|Poison\n|move|p1a: Chi-Yu|Dark Pulse|p2a: Quagsire\n|-damage|p2a: Quagsire|0 fnt\n|faint|p2a: Quagsire\n|\n|upkeep\n|\n|t:|1697765878\n|switch|p2a: Heatran|Heatran, M|52\/100\n|-damage|p2a: Heatran|39\/100|[from] Stealth Rock\n|-activate|p2a: Heatran|move: Sticky Web\n|-unboost|p2a: Heatran|spe|1\n|turn|23\n|\n|t:|1697765883\n|move|p1a: Chi-Yu|Dark Pulse|p2a: Heatran\n|-damage|p2a: Heatran|0 fnt\n|faint|p2a: Heatran\n|\n|upkeep\n|\n|t:|1697765887\n|switch|p2a: Grimmsnarl|Grimmsnarl, M|33\/100\n|-damage|p2a: Grimmsnarl|21\/100|[from] Stealth Rock\n|-activate|p2a: Grimmsnarl|move: Sticky Web\n|-unboost|p2a: Grimmsnarl|spe|1\n|turn|24\n|\n|t:|1697765894\n|move|p1a: Chi-Yu|Dark Pulse|p2a: Grimmsnarl\n|-resisted|p2a: Grimmsnarl\n|-damage|p2a: Grimmsnarl|2\/100\n|move|p2a: Grimmsnarl|Spirit Break|p1a: Chi-Yu\n|-damage|p1a: Chi-Yu|2\/100\n|-unboost|p1a: Chi-Yu|spa|1\n|\n|upkeep\n|turn|25\n|\n|t:|1697765900\n|move|p1a: Chi-Yu|Dark Pulse|p2a: Grimmsnarl\n|-resisted|p2a: Grimmsnarl\n|-damage|p2a: Grimmsnarl|0 fnt\n|faint|p2a: Grimmsnarl\n|\n|win|Mathl3te\n|l|\u2606CTC Pokemon\n|l|\u2606Mathl3te\n|j|\u2606Mathl3te\n|player|p1|Mathl3te|li\n","uploadtime":1697766011,"views":9,"p1id":"mathl3te","p2id":"ctcpokemon","formatid":"gen9ubers","rating":0,"private":0,"password":""}