{"id":"gen9ubers-1969259088","p1":"HEYstudios","p2":"EvilMsSmash","format":"[Gen 9] Ubers","log":"|j|\u2606HEYstudios\n|j|\u2606EvilMsSmash\n|t:|1697507009\n|gametype|singles\n|player|p1|HEYstudios|guzma|1000\n|player|p2|EvilMsSmash|nobunaga-conquest|1188\n|teamsize|p1|6\n|teamsize|p2|6\n|gen|9\n|tier|[Gen 9] Ubers\n|rated|\n|rule|Sleep Clause Mod: Limit one foe put to sleep\n|rule|Species Clause: Limit one of each Pok\u00e9mon\n|rule|OHKO Clause: OHKO moves are banned\n|rule|Evasion Items Clause: Evasion items are banned\n|rule|Evasion Moves Clause: Evasion moves are banned\n|rule|Endless Battle Clause: Forcing endless battles is banned\n|rule|HP Percentage Mod: HP is shown in percentages\n|clearpoke\n|poke|p1|Annihilape, F|\n|poke|p1|Baxcalibur, M|\n|poke|p1|Espathra, M|\n|poke|p1|Palafin, F|\n|poke|p1|Volcarona, M|\n|poke|p1|Ursaluna-Bloodmoon, M|\n|poke|p2|Kyogre|\n|poke|p2|Koraidon|\n|poke|p2|Iron Treads|\n|poke|p2|Eternatus|\n|poke|p2|Arceus-Fairy|\n|poke|p2|Kingambit, F|\n|teampreview\n|c|\u2606HEYstudios|glhf\n|c|\u2606HEYstudios|nice avatar\n|\n|t:|1697507022\n|start\n|switch|p1a: Palafin|Palafin, F|100\/100\n|switch|p2a: Kyogre|Kyogre|100\/100\n|-weather|RainDance|[from] ability: Drizzle|[of] p2a: Kyogre\n|turn|1\n|c|\u2606EvilMsSmash|:)\n|\n|t:|1697507032\n|-terastallize|p2a: Kyogre|Water\n|move|p2a: Kyogre|Water Spout|p1a: Palafin\n|-resisted|p1a: Palafin\n|-damage|p1a: Palafin|0 fnt\n|faint|p1a: Palafin\n|\n|-weather|RainDance|[upkeep]\n|upkeep\n|\n|t:|1697507042\n|switch|p1a: Espathra|Espathra, M|100\/100\n|turn|2\n|\n|t:|1697507051\n|switch|p2a: Kingambit|Kingambit, F|100\/100\n|move|p1a: Espathra|Substitute|p1a: Espathra\n|-start|p1a: Espathra|Substitute\n|-damage|p1a: Espathra|76\/100\n|\n|-weather|RainDance|[upkeep]\n|-heal|p1a: Espathra|82\/100|[from] item: Leftovers\n|-ability|p1a: Espathra|Speed Boost|boost\n|-boost|p1a: Espathra|spe|1\n|upkeep\n|turn|3\n|\n|t:|1697507056\n|move|p1a: Espathra|Calm Mind|p1a: Espathra\n|-boost|p1a: Espathra|spa|1\n|-boost|p1a: Espathra|spd|1\n|move|p2a: Kingambit|Kowtow Cleave|p1a: Espathra\n|-supereffective|p1a: Espathra\n|-end|p1a: Espathra|Substitute\n|\n|-weather|RainDance|[upkeep]\n|-heal|p1a: Espathra|88\/100|[from] item: Leftovers\n|-ability|p1a: Espathra|Speed Boost|boost\n|-boost|p1a: Espathra|spe|1\n|upkeep\n|turn|4\n|\n|t:|1697507062\n|-terastallize|p1a: Espathra|Fairy\n|move|p1a: Espathra|Substitute|p1a: Espathra\n|-start|p1a: Espathra|Substitute\n|-damage|p1a: Espathra|63\/100\n|move|p2a: Kingambit|Kowtow Cleave|p1a: Espathra\n|-resisted|p1a: Espathra\n|-activate|p1a: Espathra|move: Substitute|[damage]\n|\n|-weather|RainDance|[upkeep]\n|-heal|p1a: Espathra|69\/100|[from] item: Leftovers\n|-ability|p1a: Espathra|Speed Boost|boost\n|-boost|p1a: Espathra|spe|1\n|upkeep\n|turn|5\n|\n|t:|1697507067\n|move|p1a: Espathra|Calm Mind|p1a: Espathra\n|-boost|p1a: Espathra|spa|1\n|-boost|p1a: Espathra|spd|1\n|move|p2a: Kingambit|Iron Head|p1a: Espathra\n|-supereffective|p1a: Espathra\n|-end|p1a: Espathra|Substitute\n|\n|-weather|none\n|-heal|p1a: Espathra|76\/100|[from] item: Leftovers\n|-ability|p1a: Espathra|Speed Boost|boost\n|-boost|p1a: Espathra|spe|1\n|upkeep\n|turn|6\n|\n|t:|1697507070\n|move|p1a: Espathra|Substitute|p1a: Espathra\n|-start|p1a: Espathra|Substitute\n|-damage|p1a: Espathra|51\/100\n|move|p2a: Kingambit|Iron Head|p1a: Espathra\n|-supereffective|p1a: Espathra\n|-end|p1a: Espathra|Substitute\n|\n|-heal|p1a: Espathra|57\/100|[from] item: Leftovers\n|-ability|p1a: Espathra|Speed Boost|boost\n|-boost|p1a: Espathra|spe|1\n|upkeep\n|turn|7\n|\n|t:|1697507073\n|move|p1a: Espathra|Dazzling Gleam|p2a: Kingambit\n|-damage|p2a: Kingambit|41\/100\n|move|p2a: Kingambit|Iron Head|p1a: Espathra\n|-supereffective|p1a: Espathra\n|-damage|p1a: Espathra|0 fnt\n|faint|p1a: Espathra\n|\n|-heal|p2a: Kingambit|47\/100|[from] item: Leftovers\n|upkeep\n|\n|t:|1697507075\n|switch|p1a: Volcarona|Volcarona, M|100\/100\n|turn|8\n|\n|t:|1697507086\n|-end|p2a: Kingambit|fallenundefined|[silent]\n|switch|p2a: Eternatus|Eternatus|100\/100\n|-ability|p2a: Eternatus|Pressure\n|move|p1a: Volcarona|Will-O-Wisp|p2a: Eternatus|[miss]\n|-miss|p1a: Volcarona|p2a: Eternatus\n|\n|upkeep\n|turn|9\n|\n|t:|1697507091\n|move|p2a: Eternatus|Toxic|p1a: Volcarona\n|-status|p1a: Volcarona|tox\n|move|p1a: Volcarona|Quiver Dance|p1a: Volcarona\n|-boost|p1a: Volcarona|spa|1\n|-boost|p1a: Volcarona|spd|1\n|-boost|p1a: Volcarona|spe|1\n|\n|-damage|p1a: Volcarona|94\/100 tox|[from] psn\n|upkeep\n|turn|10\n|\n|t:|1697507096\n|move|p1a: Volcarona|Will-O-Wisp|p2a: Eternatus\n|-status|p2a: Eternatus|brn\n|move|p2a: Eternatus|Dynamax Cannon|p1a: Volcarona\n|-damage|p1a: Volcarona|65\/100 tox\n|\n|-damage|p1a: Volcarona|52\/100 tox|[from] psn\n|-damage|p2a: Eternatus|94\/100 brn|[from] brn\n|upkeep\n|turn|11\n|\n|t:|1697507100\n|move|p1a: Volcarona|Flamethrower|p2a: Eternatus\n|-resisted|p2a: Eternatus\n|-damage|p2a: Eternatus|75\/100 brn\n|move|p2a: Eternatus|Dynamax Cannon|p1a: Volcarona\n|-damage|p1a: Volcarona|20\/100 tox\n|\n|-damage|p1a: Volcarona|2\/100 tox|[from] psn\n|-damage|p2a: Eternatus|69\/100 brn|[from] brn\n|upkeep\n|turn|12\n|\n|t:|1697507103\n|move|p1a: Volcarona|Flamethrower|p2a: Eternatus\n|-resisted|p2a: Eternatus\n|-damage|p2a: Eternatus|49\/100 brn\n|move|p2a: Eternatus|Recover|p2a: Eternatus\n|-heal|p2a: Eternatus|99\/100 brn\n|\n|-damage|p1a: Volcarona|0 fnt|[from] psn\n|faint|p1a: Volcarona\n|-damage|p2a: Eternatus|93\/100 brn|[from] brn\n|upkeep\n|\n|t:|1697507106\n|switch|p1a: Baxcalibur|Baxcalibur, M|100\/100\n|turn|13\n|\n|t:|1697507109\n|move|p2a: Eternatus|Toxic|p1a: Baxcalibur\n|-status|p1a: Baxcalibur|tox\n|move|p1a: Baxcalibur|Swords Dance|p1a: Baxcalibur\n|-boost|p1a: Baxcalibur|atk|2\n|\n|-damage|p1a: Baxcalibur|94\/100 tox|[from] psn\n|-damage|p2a: Eternatus|87\/100 brn|[from] brn\n|upkeep\n|turn|14\n|\n|t:|1697507111\n|move|p2a: Eternatus|Dynamax Cannon|p1a: Baxcalibur\n|-supereffective|p1a: Baxcalibur\n|-damage|p1a: Baxcalibur|0 fnt\n|faint|p1a: Baxcalibur\n|\n|-damage|p2a: Eternatus|81\/100 brn|[from] brn\n|upkeep\n|\n|t:|1697507117\n|switch|p1a: Annihilape|Annihilape, F|100\/100\n|turn|15\n|\n|t:|1697507127\n|move|p2a: Eternatus|Toxic|p1a: Annihilape\n|-status|p1a: Annihilape|tox\n|move|p1a: Annihilape|Taunt|p2a: Eternatus\n|-start|p2a: Eternatus|move: Taunt\n|\n|-damage|p1a: Annihilape|94\/100 tox|[from] psn\n|-damage|p2a: Eternatus|75\/100 brn|[from] brn\n|upkeep\n|turn|16\n|\n|t:|1697507130\n|switch|p1a: Ursaluna|Ursaluna-Bloodmoon, M|100\/100\n|move|p2a: Eternatus|Dynamax Cannon|p1a: Ursaluna\n|-damage|p1a: Ursaluna|46\/100\n|\n|-damage|p2a: Eternatus|69\/100 brn|[from] brn\n|upkeep\n|turn|17\n|\n|t:|1697507136\n|move|p2a: Eternatus|Dynamax Cannon|p1a: Ursaluna\n|-damage|p1a: Ursaluna|0 fnt\n|faint|p1a: Ursaluna\n|\n|-damage|p2a: Eternatus|63\/100 brn|[from] brn\n|upkeep\n|c|\u2606HEYstudios|welp gg need to fix up this team a bit lol\n|\n|t:|1697507154\n|switch|p1a: Annihilape|Annihilape, F|94\/100 tox\n|turn|18\n|c|\u2606EvilMsSmash|gg\n|-message|HEYstudios forfeited.\n|\n|win|EvilMsSmash\n|raw|HEYstudios's rating: 1000 &rarr; <strong>1000<\/strong><br \/>(+0 for losing)\n|raw|EvilMsSmash's rating: 1188 &rarr; <strong>1201<\/strong><br \/>(+13 for winning)\n|l|\u2606HEYstudios\n","uploadtime":1697507178,"views":10,"p1id":"heystudios","p2id":"evilmssmash","formatid":"gen9ubers","rating":1000,"private":0,"password":""}