{"id":"gen9ubers-1969358033","p1":"UUbers account","p2":"BigBootyMathMan","format":"[Gen 9] Ubers","log":"|j|\u2606UUbers account\n|j|\u2606BigBootyMathMan\n|t:|1697518950\n|gametype|singles\n|player|p1|UUbers account|shadowtriad|\n|player|p2|BigBootyMathMan|pokekid|\n|teamsize|p1|6\n|teamsize|p2|6\n|gen|9\n|tier|[Gen 9] Ubers\n|rule|Sleep Clause Mod: Limit one foe put to sleep\n|rule|Species Clause: Limit one of each Pok\u00e9mon\n|rule|OHKO Clause: OHKO moves are banned\n|rule|Evasion Items Clause: Evasion items are banned\n|rule|Evasion Moves Clause: Evasion moves are banned\n|rule|Endless Battle Clause: Forcing endless battles is banned\n|rule|HP Percentage Mod: HP is shown in percentages\n|clearpoke\n|poke|p1|Hatterene, F|\n|poke|p1|Basculegion-F, F|\n|poke|p1|Chi-Yu|\n|poke|p1|Magearna|\n|poke|p1|Arceus-Poison|\n|poke|p1|Zacian-*|\n|poke|p2|Arceus-Grass|\n|poke|p2|Chi-Yu|\n|poke|p2|Urshifu-*, F|\n|poke|p2|Tinkaton, F|\n|poke|p2|Palkia-Origin|\n|poke|p2|Giratina|\n|teampreview\n|inactive|Battle timer is ON: inactive players will automatically lose when time's up. (requested by BigBootyMathMan)\n|c|\u2606BigBootyMathMan|hf\n|c|\u2606UUbers account|u2\n|\n|t:|1697518976\n|start\n|switch|p1a: Magearna|Magearna|100\/100\n|switch|p2a: Palkia|Palkia-Origin|100\/100\n|-ability|p2a: Palkia|Pressure\n|turn|1\n|\n|t:|1697518983\n|move|p2a: Palkia|Substitute|p2a: Palkia\n|-start|p2a: Palkia|Substitute\n|-damage|p2a: Palkia|76\/100\n|move|p1a: Magearna|Fleur Cannon|p2a: Palkia\n|-supereffective|p2a: Palkia\n|-end|p2a: Palkia|Substitute\n|-unboost|p1a: Magearna|spa|2\n|\n|upkeep\n|turn|2\n|\n|t:|1697518991\n|switch|p2a: Tinkaton|Tinkaton, F|100\/100\n|-ability|p2a: Tinkaton|Mold Breaker\n|move|p1a: Magearna|Fleur Cannon|p2a: Tinkaton|[miss]\n|-miss|p1a: Magearna|p2a: Tinkaton\n|\n|upkeep\n|turn|3\n|\n|t:|1697519002\n|switch|p1a: Hatterene|Hatterene, F|100\/100\n|move|p2a: Tinkaton|Thunder Wave|p1a: Hatterene\n|-status|p1a: Hatterene|par\n|\n|upkeep\n|turn|4\n|c|\u2606UUbers account|mold breaker\n|c|\u2606UUbers account|i forgot\n|\n|t:|1697519017\n|move|p2a: Tinkaton|Gigaton Hammer|p1a: Hatterene\n|-supereffective|p1a: Hatterene\n|-damage|p1a: Hatterene|0 fnt\n|faint|p1a: Hatterene\n|\n|upkeep\n|inactive|UUbers account has 270 seconds left.\n|\n|t:|1697519038\n|switch|p1a: Zacian|Zacian|100\/100\n|-ability|p1a: Zacian|Intrepid Sword|boost\n|-boost|p1a: Zacian|atk|1\n|turn|5\n|\n|t:|1697519056\n|-terastallize|p1a: Zacian|Ground\n|move|p1a: Zacian|Swords Dance|p1a: Zacian\n|-boost|p1a: Zacian|atk|2\n|move|p2a: Tinkaton|Encore|p1a: Zacian\n|-start|p1a: Zacian|Encore\n|\n|upkeep\n|turn|6\n|\n|t:|1697519065\n|switch|p2a: Palkia|Palkia-Origin|76\/100\n|-ability|p2a: Palkia|Pressure\n|move|p1a: Zacian|Swords Dance|p1a: Zacian\n|-boost|p1a: Zacian|atk|2\n|\n|upkeep\n|turn|7\n|\n|t:|1697519084\n|switch|p1a: Arceus|Arceus-Poison|100\/100\n|move|p2a: Palkia|Substitute|p2a: Palkia\n|-start|p2a: Palkia|Substitute\n|-damage|p2a: Palkia|51\/100\n|\n|upkeep\n|turn|8\n|\n|t:|1697519090\n|move|p2a: Palkia|Spacial Rend|p1a: Arceus\n|-damage|p1a: Arceus|58\/100\n|move|p1a: Arceus|Judgment|p2a: Palkia\n|-end|p2a: Palkia|Substitute\n|\n|upkeep\n|turn|9\n|\n|t:|1697519100\n|move|p1a: Arceus|Recover|p1a: Arceus\n|-heal|p1a: Arceus|100\/100\n|move|p2a: Palkia|Draco Meteor|p1a: Arceus\n|-damage|p1a: Arceus|37\/100\n|-unboost|p2a: Palkia|spa|2\n|\n|upkeep\n|turn|10\n|\n|t:|1697519106\n|switch|p2a: Arceus|Arceus-Grass|100\/100\n|move|p1a: Arceus|Recover|p1a: Arceus\n|-heal|p1a: Arceus|87\/100\n|\n|upkeep\n|turn|11\n|\n|t:|1697519116\n|move|p2a: Arceus|Stealth Rock|p1a: Arceus\n|-sidestart|p1: UUbers account|move: Stealth Rock\n|move|p1a: Arceus|Judgment|p2a: Arceus\n|-supereffective|p2a: Arceus\n|-damage|p2a: Arceus|42\/100\n|\n|upkeep\n|turn|12\n|\n|t:|1697519133\n|move|p2a: Arceus|Taunt|p1a: Arceus\n|-start|p1a: Arceus|move: Taunt\n|cant|p1a: Arceus|move: Taunt|Calm Mind\n|\n|upkeep\n|turn|13\n|\n|t:|1697519138\n|switch|p2a: Tinkaton|Tinkaton, F|100\/100\n|-ability|p2a: Tinkaton|Mold Breaker\n|move|p1a: Arceus|Judgment|p2a: Tinkaton\n|-immune|p2a: Tinkaton\n|\n|upkeep\n|turn|14\n|c|\u2606UUbers account|im getting destroyed\n|inactive|BigBootyMathMan has 270 seconds left.\n|c|\u2606BigBootyMathMan|the tink goes crazy, I'm kinda surprised how good it feels in this tier\n|\n|t:|1697519182\n|move|p1a: Arceus|Earth Power|p2a: Tinkaton\n|-supereffective|p2a: Tinkaton\n|-damage|p2a: Tinkaton|67\/100\n|move|p2a: Tinkaton|Knock Off|p1a: Arceus\n|-damage|p1a: Arceus|79\/100\n|\n|-heal|p2a: Tinkaton|73\/100|[from] item: Leftovers\n|-end|p1a: Arceus|move: Taunt\n|upkeep\n|turn|15\n|inactive|BigBootyMathMan has 270 seconds left.\n|inactive|UUbers account has 270 seconds left.\n|\n|t:|1697519201\n|switch|p1a: Magearna|Magearna|100\/100\n|-damage|p1a: Magearna|94\/100|[from] Stealth Rock\n|move|p2a: Tinkaton|Thunder Wave|p1a: Magearna|[miss]\n|-miss|p2a: Tinkaton|p1a: Magearna\n|\n|-heal|p2a: Tinkaton|79\/100|[from] item: Leftovers\n|-heal|p1a: Magearna|100\/100|[from] item: Leftovers\n|upkeep\n|turn|16\n|inactive|UUbers account has 270 seconds left.\n|inactive|BigBootyMathMan has 270 seconds left.\n|\n|t:|1697519214\n|move|p2a: Tinkaton|Thunder Wave|p1a: Magearna\n|-status|p1a: Magearna|par\n|move|p1a: Magearna|Spikes|p2a: Tinkaton\n|-sidestart|p2: BigBootyMathMan|Spikes\n|\n|-heal|p2a: Tinkaton|85\/100|[from] item: Leftovers\n|upkeep\n|turn|17\n|inactive|BigBootyMathMan has 270 seconds left.\n|\n|t:|1697519225\n|move|p2a: Tinkaton|Knock Off|p1a: Magearna\n|-resisted|p1a: Magearna\n|-damage|p1a: Magearna|96\/100 par\n|-enditem|p1a: Magearna|Leftovers|[from] move: Knock Off|[of] p2a: Tinkaton\n|move|p1a: Magearna|Spikes|p2a: Tinkaton\n|-sidestart|p2: BigBootyMathMan|Spikes\n|\n|-heal|p2a: Tinkaton|91\/100|[from] item: Leftovers\n|upkeep\n|turn|18\n|\n|t:|1697519232\n|move|p2a: Tinkaton|Gigaton Hammer|p1a: Magearna\n|-damage|p1a: Magearna|70\/100 par\n|move|p1a: Magearna|Thunder Wave|p2a: Tinkaton\n|-status|p2a: Tinkaton|par\n|\n|-heal|p2a: Tinkaton|98\/100 par|[from] item: Leftovers\n|upkeep\n|turn|19\n|\n|t:|1697519238\n|cant|p2a: Tinkaton|par\n|move|p1a: Magearna|Spikes|p2a: Tinkaton\n|-sidestart|p2: BigBootyMathMan|Spikes\n|\n|-heal|p2a: Tinkaton|100\/100 par|[from] item: Leftovers\n|upkeep\n|turn|20\n|\n|t:|1697519241\n|move|p2a: Tinkaton|Encore|p1a: Magearna\n|-start|p1a: Magearna|Encore\n|cant|p1a: Magearna|par\n|\n|upkeep\n|turn|21\n|\n|t:|1697519248\n|switch|p1a: Chi-Yu|Chi-Yu|100\/100\n|-damage|p1a: Chi-Yu|76\/100|[from] Stealth Rock\n|-ability|p1a: Chi-Yu|Beads of Ruin\n|cant|p2a: Tinkaton|par\n|\n|upkeep\n|turn|22\n|\n|t:|1697519268\n|switch|p2a: Arceus|Arceus-Grass|42\/100\n|-damage|p2a: Arceus|17\/100|[from] Spikes\n|move|p1a: Chi-Yu|Dark Pulse|p2a: Arceus\n|-damage|p2a: Arceus|0 fnt\n|faint|p2a: Arceus\n|\n|upkeep\n|\n|t:|1697519274\n|switch|p2a: Urshifu|Urshifu, F|100\/100\n|-damage|p2a: Urshifu|76\/100|[from] Spikes\n|turn|23\n|\n|t:|1697519282\n|switch|p1a: Magearna|Magearna|70\/100 par\n|-damage|p1a: Magearna|64\/100 par|[from] Stealth Rock\n|move|p2a: Urshifu|Swords Dance|p2a: Urshifu\n|-boost|p2a: Urshifu|atk|2\n|\n|upkeep\n|turn|24\n|inactive|BigBootyMathMan has 270 seconds left.\n|\n|t:|1697519337\n|move|p2a: Urshifu|Close Combat|p1a: Magearna\n|-damage|p1a: Magearna|0 fnt\n|-unboost|p2a: Urshifu|def|1\n|-unboost|p2a: Urshifu|spd|1\n|faint|p1a: Magearna\n|\n|upkeep\n|\n|t:|1697519356\n|switch|p1a: Arceus|Arceus-Poison|79\/100\n|-damage|p1a: Arceus|67\/100|[from] Stealth Rock\n|turn|25\n|\n|t:|1697519375\n|-terastallize|p2a: Urshifu|Dark\n|move|p2a: Urshifu|Sucker Punch||[still]\n|-fail|p2a: Urshifu\n|move|p1a: Arceus|Recover|p1a: Arceus\n|-heal|p1a: Arceus|100\/100\n|\n|upkeep\n|turn|26\n|\n|t:|1697519384\n|move|p2a: Urshifu|Sucker Punch|p1a: Arceus\n|-damage|p1a: Arceus|23\/100\n|move|p1a: Arceus|Judgment|p2a: Urshifu\n|-damage|p2a: Urshifu|0 fnt\n|faint|p2a: Urshifu\n|\n|upkeep\n|\n|t:|1697519404\n|switch|p2a: Chi-Yu|Chi-Yu|100\/100\n|-damage|p2a: Chi-Yu|76\/100|[from] Spikes\n|-ability|p2a: Chi-Yu|Beads of Ruin\n|turn|27\n|\n|t:|1697519423\n|move|p2a: Chi-Yu|Dark Pulse|p1a: Arceus\n|-damage|p1a: Arceus|0 fnt\n|faint|p1a: Arceus\n|\n|upkeep\n|\n|t:|1697519427\n|switch|p1a: Chi-Yu|Chi-Yu|76\/100\n|-damage|p1a: Chi-Yu|51\/100|[from] Stealth Rock\n|-ability|p1a: Chi-Yu|Beads of Ruin\n|turn|28\n|\n|t:|1697519446\n|move|p2a: Chi-Yu|Dark Pulse|p1a: Chi-Yu\n|-resisted|p1a: Chi-Yu\n|-damage|p1a: Chi-Yu|24\/100\n|move|p1a: Chi-Yu|Memento|p2a: Chi-Yu\n|-unboost|p2a: Chi-Yu|atk|2\n|-unboost|p2a: Chi-Yu|spa|2\n|faint|p1a: Chi-Yu\n|\n|upkeep\n|\n|t:|1697519456\n|switch|p1a: Zacian|Zacian, tera:Ground|100\/100\n|turn|29\n|c|\u2606BigBootyMathMan|memento is cooking\n|\n|t:|1697519475\n|move|p2a: Chi-Yu|Dark Pulse|p1a: Zacian\n|-damage|p1a: Zacian|76\/100\n|move|p1a: Zacian|Tera Blast|p2a: Chi-Yu|[anim] Tera Blast Ground\n|-supereffective|p2a: Chi-Yu\n|-damage|p2a: Chi-Yu|0 fnt\n|faint|p2a: Chi-Yu\n|\n|upkeep\n|c|\u2606UUbers account|not really\n|\n|t:|1697519482\n|switch|p2a: Giratina|Giratina|100\/100\n|-damage|p2a: Giratina|76\/100|[from] Spikes\n|-ability|p2a: Giratina|Pressure\n|turn|30\n|\n|t:|1697519495\n|move|p1a: Zacian|Play Rough|p2a: Giratina\n|-supereffective|p2a: Giratina\n|-damage|p2a: Giratina|38\/100\n|-unboost|p2a: Giratina|atk|1\n|move|p2a: Giratina|Will-O-Wisp|p1a: Zacian|[miss]\n|-miss|p2a: Giratina|p1a: Zacian\n|\n|-heal|p2a: Giratina|44\/100|[from] item: Leftovers\n|upkeep\n|turn|31\n|inactive|BigBootyMathMan has 270 seconds left.\n|\n|t:|1697519505\n|move|p1a: Zacian|Swords Dance|p1a: Zacian\n|-boost|p1a: Zacian|atk|2\n|move|p2a: Giratina|Will-O-Wisp|p1a: Zacian|[miss]\n|-miss|p2a: Giratina|p1a: Zacian\n|\n|-heal|p2a: Giratina|51\/100|[from] item: Leftovers\n|upkeep\n|turn|32\n|c|\u2606BigBootyMathMan|gg\n|c|\u2606UUbers account|2\n|c|\u2606UUbers account|gg\n|\n|t:|1697519514\n|move|p1a: Zacian|Play Rough|p2a: Giratina\n|-supereffective|p2a: Giratina\n|-damage|p2a: Giratina|0 fnt\n|faint|p2a: Giratina\n|\n|upkeep\n|\n|t:|1697519518\n|switch|p2a: Tinkaton|Tinkaton, F|100\/100 par\n|-damage|p2a: Tinkaton|76\/100 par|[from] Spikes\n|-ability|p2a: Tinkaton|Mold Breaker\n|turn|33\n|\n|t:|1697519521\n|move|p1a: Zacian|Tera Blast|p2a: Tinkaton|[anim] Tera Blast Ground\n|-supereffective|p2a: Tinkaton\n|-damage|p2a: Tinkaton|0 fnt\n|faint|p2a: Tinkaton\n|\n|upkeep\n|\n|t:|1697519525\n|switch|p2a: Palkia|Palkia-Origin|51\/100\n|-damage|p2a: Palkia|26\/100|[from] Spikes\n|-ability|p2a: Palkia|Pressure\n|turn|34\n|\n|t:|1697519531\n|move|p1a: Zacian|Close Combat|p2a: Palkia\n|-damage|p2a: Palkia|0 fnt\n|-unboost|p1a: Zacian|def|1\n|-unboost|p1a: Zacian|spd|1\n|faint|p2a: Palkia\n|\n|win|UUbers account\n|c|\u2606UUbers account|gg\n|c|\u2606BigBootyMathMan|fun game\n|c|\u2606UUbers account|ur pretty good\n|c|\u2606UUbers account|you read the hell out of me at the start\n","uploadtime":1697519562,"views":28,"p1id":"uubersaccount","p2id":"bigbootymathman","formatid":"gen9ubers","rating":0,"private":0,"password":""}