{"id":"gen9ubers-1999567243","p1":"Personal Matters","p2":"SoloOrca","format":"[Gen 9] Ubers","log":"|j|\u2606Personal Matters\n|j|\u203dSoloOrca\n|t:|1701096887\n|gametype|singles\n|player|p1|Personal Matters|266|1000\n|player|p2|SoloOrca|2|1061\n|teamsize|p1|6\n|teamsize|p2|6\n|gen|9\n|tier|[Gen 9] Ubers\n|rated|\n|rule|Sleep Clause Mod: Limit one foe put to sleep\n|rule|Species Clause: Limit one of each Pok\u00e9mon\n|rule|OHKO Clause: OHKO moves are banned\n|rule|Evasion Items Clause: Evasion items are banned\n|rule|Evasion Moves Clause: Evasion moves are banned\n|rule|Endless Battle Clause: Forcing endless battles is banned\n|rule|HP Percentage Mod: HP is shown in percentages\n|clearpoke\n|poke|p1|Annihilape, M|\n|poke|p1|Eelektross, F|\n|poke|p1|Ogerpon-Wellspring, F|\n|poke|p1|Sandslash-Alola, F|\n|poke|p1|Clodsire, M|\n|poke|p1|Basculin-White-Striped, M|\n|poke|p2|Flapple, M|\n|poke|p2|Appletun, M|\n|poke|p2|Frosmoth, F|\n|poke|p2|Palafin, M|\n|poke|p2|Iron Jugulis|\n|poke|p2|Torterra, M|\n|teampreview\n|\n|t:|1701096891\n|start\n|switch|p1a: fire type|Eelektross, F|100\/100\n|switch|p2a: Palafin|Palafin, M|100\/100\n|turn|1\n|\n|t:|1701096909\n|move|p2a: Palafin|Flip Turn|p1a: fire type\n|-damage|p1a: fire type|62\/100\n|\n|t:|1701096912\n|detailschange|p2a: Palafin|Palafin-Hero, M\n|switch|p2a: Appletun|Appletun, M|100\/100|[from] Flip Turn\n|move|p1a: fire type|Flamethrower|p2a: Appletun\n|-damage|p2a: Appletun|87\/100\n|\n|-heal|p1a: fire type|68\/100|[from] item: Leftovers\n|upkeep\n|turn|2\n|\n|t:|1701096926\n|move|p1a: fire type|Thunder Wave|p2a: Appletun\n|-status|p2a: Appletun|par\n|move|p2a: Appletun|Apple Acid|p1a: fire type\n|-damage|p1a: fire type|19\/100\n|-unboost|p1a: fire type|spd|1\n|\n|-heal|p1a: fire type|26\/100|[from] item: Leftovers\n|upkeep\n|turn|3\n|\n|t:|1701096936\n|move|p1a: fire type|U-turn|p2a: Appletun\n|-supereffective|p2a: Appletun\n|-damage|p2a: Appletun|53\/100 par\n|-enditem|p2a: Appletun|Weakness Policy\n|-boost|p2a: Appletun|atk|2|[from] item: Weakness Policy\n|-boost|p2a: Appletun|spa|2|[from] item: Weakness Policy\n|\n|t:|1701096941\n|switch|p1a: scout tf2|Ogerpon-Wellspring, F|100\/100|[from] U-turn\n|move|p2a: Appletun|Dragon Pulse|p1a: scout tf2\n|-damage|p1a: scout tf2|13\/100\n|\n|upkeep\n|turn|4\n|\n|t:|1701096949\n|move|p1a: scout tf2|Play Rough|p2a: Appletun|[miss]\n|-miss|p1a: scout tf2|p2a: Appletun\n|move|p2a: Appletun|Apple Acid|p1a: scout tf2\n|-damage|p1a: scout tf2|0 fnt\n|faint|p1a: scout tf2\n|\n|upkeep\n|\n|t:|1701096970\n|switch|p1a: frozen rat|Sandslash-Alola, F|100\/100\n|turn|5\n|\n|t:|1701096974\n|move|p1a: frozen rat|Snowscape|p1a: frozen rat\n|-weather|Snow\n|cant|p2a: Appletun|par\n|\n|-weather|Snow|[upkeep]\n|upkeep\n|turn|6\n|\n|t:|1701096979\n|move|p1a: frozen rat|Blizzard|p2a: Appletun\n|-supereffective|p2a: Appletun\n|-damage|p2a: Appletun|0 fnt\n|faint|p2a: Appletun\n|\n|-weather|Snow|[upkeep]\n|upkeep\n|\n|t:|1701096985\n|switch|p2a: Frosmoth|Frosmoth, F|100\/100\n|turn|7\n|\n|t:|1701096990\n|move|p1a: frozen rat|Knock Off|p2a: Frosmoth\n|-damage|p2a: Frosmoth|77\/100\n|-enditem|p2a: Frosmoth|Leftovers|[from] move: Knock Off|[of] p1a: frozen rat\n|move|p2a: Frosmoth|Quiver Dance|p2a: Frosmoth\n|-boost|p2a: Frosmoth|spa|1\n|-boost|p2a: Frosmoth|spd|1\n|-boost|p2a: Frosmoth|spe|1\n|\n|-weather|Snow|[upkeep]\n|upkeep\n|turn|8\n|\n|t:|1701097001\n|move|p2a: Frosmoth|Icy Wind|p1a: frozen rat\n|-resisted|p1a: frozen rat\n|-damage|p1a: frozen rat|84\/100\n|-unboost|p1a: frozen rat|spe|1\n|move|p1a: frozen rat|Blizzard|p2a: Frosmoth\n|-resisted|p2a: Frosmoth\n|-damage|p2a: Frosmoth|72\/100\n|\n|-weather|Snow|[upkeep]\n|upkeep\n|turn|9\n|\n|t:|1701097013\n|switch|p1a: fire type|Eelektross, F|26\/100\n|move|p2a: Frosmoth|Air Slash|p1a: fire type\n|-resisted|p1a: fire type\n|-damage|p1a: fire type|2\/100\n|\n|-weather|none\n|-heal|p1a: fire type|8\/100|[from] item: Leftovers\n|upkeep\n|turn|10\n|\n|t:|1701097022\n|move|p2a: Frosmoth|Giga Drain|p1a: fire type\n|-damage|p1a: fire type|0 fnt\n|-heal|p2a: Frosmoth|76\/100|[from] drain|[of] p1a: fire type\n|faint|p1a: fire type\n|\n|upkeep\n|\n|t:|1701097038\n|switch|p1a: The Spirit Man|Annihilape, M|100\/100\n|turn|11\n|\n|t:|1701097041\n|move|p2a: Frosmoth|Air Slash|p1a: The Spirit Man\n|-supereffective|p1a: The Spirit Man\n|-damage|p1a: The Spirit Man|17\/100\n|cant|p1a: The Spirit Man|flinch\n|\n|upkeep\n|turn|12\n|\n|t:|1701097047\n|move|p2a: Frosmoth|Giga Drain|p1a: The Spirit Man\n|-damage|p1a: The Spirit Man|0 fnt\n|-heal|p2a: Frosmoth|86\/100|[from] drain|[of] p1a: The Spirit Man\n|faint|p1a: The Spirit Man\n|\n|upkeep\n|\n|t:|1701097057\n|switch|p1a: glorious|Clodsire, M|100\/100\n|turn|13\n|\n|t:|1701097060\n|move|p2a: Frosmoth|Giga Drain|p1a: glorious\n|-damage|p1a: glorious|65\/100\n|-heal|p2a: Frosmoth|100\/100|[from] drain|[of] p1a: glorious\n|move|p1a: glorious|Spikes|p2a: Frosmoth\n|-sidestart|p2: SoloOrca|Spikes\n|\n|upkeep\n|turn|14\n|\n|t:|1701097066\n|move|p2a: Frosmoth|Icy Wind|p1a: glorious\n|-supereffective|p1a: glorious\n|-damage|p1a: glorious|0 fnt\n|faint|p1a: glorious\n|\n|upkeep\n|\n|t:|1701097070\n|switch|p1a: frozen rat|Sandslash-Alola, F|84\/100\n|turn|15\n|\n|t:|1701097074\n|move|p2a: Frosmoth|Air Slash|p1a: frozen rat\n|-resisted|p1a: frozen rat\n|-damage|p1a: frozen rat|49\/100\n|cant|p1a: frozen rat|flinch\n|\n|upkeep\n|turn|16\n|\n|t:|1701097079\n|move|p2a: Frosmoth|Air Slash|p1a: frozen rat\n|-resisted|p1a: frozen rat\n|-damage|p1a: frozen rat|15\/100\n|move|p1a: frozen rat|Knock Off|p2a: Frosmoth\n|-damage|p2a: Frosmoth|78\/100\n|\n|upkeep\n|turn|17\n|\n|t:|1701097084\n|move|p2a: Frosmoth|Air Slash|p1a: frozen rat\n|-resisted|p1a: frozen rat\n|-damage|p1a: frozen rat|0 fnt\n|faint|p1a: frozen rat\n|\n|upkeep\n|\n|t:|1701097089\n|switch|p1a: IIIIIT'SS OOVVERR|Basculin-White-Striped, M|100\/100\n|turn|18\n|\n|t:|1701097094\n|-terastallize|p1a: IIIIIT'SS OOVVERR|Ghost\n|-terastallize|p2a: Frosmoth|Water\n|move|p1a: IIIIIT'SS OOVVERR|Last Respects|p2a: Frosmoth\n|-damage|p2a: Frosmoth|0 fnt\n|faint|p2a: Frosmoth\n|\n|upkeep\n|\n|t:|1701097102\n|switch|p2a: Iron Jugulis|Iron Jugulis|100\/100\n|-enditem|p2a: Iron Jugulis|Booster Energy\n|-activate|p2a: Iron Jugulis|ability: Quark Drive|[fromitem]\n|-start|p2a: Iron Jugulis|quarkdrivespe\n|turn|19\n|\n|t:|1701097106\n|move|p2a: Iron Jugulis|Dark Pulse|p1a: IIIIIT'SS OOVVERR\n|-supereffective|p1a: IIIIIT'SS OOVVERR\n|-damage|p1a: IIIIIT'SS OOVVERR|0 fnt\n|faint|p1a: IIIIIT'SS OOVVERR\n|\n|win|SoloOrca\n|raw|Personal Matters's rating: 1000 &rarr; <strong>1000<\/strong><br \/>(+0 for losing)\n|raw|SoloOrca's rating: 1061 &rarr; <strong>1086<\/strong><br \/>(+25 for winning)\n","uploadtime":1701097111,"views":11,"p1id":"personalmatters","p2id":"soloorca","formatid":"gen9ubers","rating":1000,"private":0,"password":""}