{"id":"gen9ubers-1991260833","p1":"rutriyououiyiyuyt","p2":"AlicieLizzie","format":"[Gen 9] Ubers","log":"|j|\u2606rutriyououiyiyuyt\n|j|\u2606AlicieLizzie\n|t:|1700062198\n|gametype|singles\n|player|p1|rutriyououiyiyuyt|elesa|\n|player|p2|AlicieLizzie|marnie-masters3|\n|teamsize|p1|6\n|teamsize|p2|6\n|gen|9\n|tier|[Gen 9] Ubers\n|rule|Sleep Clause Mod: Limit one foe put to sleep\n|rule|Species Clause: Limit one of each Pok\u00e9mon\n|rule|OHKO Clause: OHKO moves are banned\n|rule|Evasion Items Clause: Evasion items are banned\n|rule|Evasion Moves Clause: Evasion moves are banned\n|rule|Endless Battle Clause: Forcing endless battles is banned\n|rule|HP Percentage Mod: HP is shown in percentages\n|clearpoke\n|poke|p1|Meowscarada, F|\n|poke|p1|Ninetales-Alola, F|\n|poke|p1|Arceus-Fire|\n|poke|p1|Gholdengo|\n|poke|p1|Roaring Moon|\n|poke|p1|Palkia-Origin|\n|poke|p2|Jirachi|\n|poke|p2|Zacian-*|\n|poke|p2|Chi-Yu|\n|poke|p2|Cyclizar, M|\n|poke|p2|Espathra, M|\n|poke|p2|Magearna|\n|teampreview\n|inactive|Battle timer is ON: inactive players will automatically lose when time's up. (requested by AlicieLizzie)\n|l|\u2606AlicieLizzie\n|inactive|AlicieLizzie disconnected and has 300 seconds to reconnect!\n|player|p2|\n|j|\u2606AlicieLizzie\n|inactive|AlicieLizzie reconnected and has 295 seconds left.\n|player|p2|AlicieLizzie|marnie-masters3\n|\n|t:|1700062219\n|start\n|switch|p1a: Incin|Meowscarada, F|100\/100\n|switch|p2a: GET DOWN MR PRES|Cyclizar, M|100\/100\n|turn|1\n|\n|t:|1700062230\n|move|p1a: Incin|Spikes|p2a: GET DOWN MR PRES\n|-start|p1a: Incin|typechange|Ground|[from] ability: Protean\n|-sidestart|p2: AlicieLizzie|Spikes\n|move|p2a: GET DOWN MR PRES|Shed Tail|p2a: GET DOWN MR PRES\n|-start|p2a: GET DOWN MR PRES|Substitute|[from] move: Shed Tail\n|-damage|p2a: GET DOWN MR PRES|50\/100\n|\n|t:|1700062245\n|switch|p2a: Iron (Head) Maiden|Jirachi|100\/100|[from] Shed Tail\n|-damage|p2a: Iron (Head) Maiden|88\/100|[from] Spikes\n|\n|upkeep\n|turn|2\n|\n|t:|1700062252\n|move|p2a: Iron (Head) Maiden|Ice Punch|p1a: Incin\n|-supereffective|p1a: Incin\n|-damage|p1a: Incin|37\/100\n|move|p1a: Incin|Flower Trick|p2a: Iron (Head) Maiden\n|-resisted|p2a: Iron (Head) Maiden\n|-crit|p2a: Iron (Head) Maiden\n|-activate|p2a: Iron (Head) Maiden|move: Substitute|[damage]\n|\n|upkeep\n|turn|3\n|\n|t:|1700062264\n|move|p2a: Iron (Head) Maiden|Ice Punch|p1a: Incin\n|-supereffective|p1a: Incin\n|-damage|p1a: Incin|0 fnt\n|faint|p1a: Incin\n|\n|upkeep\n|\n|t:|1700062267\n|switch|p1a: Arceus|Arceus-Fire|100\/100\n|turn|4\n|\n|t:|1700062270\n|move|p2a: Iron (Head) Maiden|Ice Punch|p1a: Arceus\n|-resisted|p1a: Arceus\n|-damage|p1a: Arceus|92\/100\n|move|p1a: Arceus|Earthquake|p2a: Iron (Head) Maiden\n|-supereffective|p2a: Iron (Head) Maiden\n|-end|p2a: Iron (Head) Maiden|Substitute\n|\n|upkeep\n|turn|5\n|\n|t:|1700062282\n|switch|p2a: GET DOWN MR PRES|Cyclizar, M|84\/100\n|move|p1a: Arceus|Dragon Dance|p1a: Arceus\n|-boost|p1a: Arceus|atk|1\n|-boost|p1a: Arceus|spe|1\n|\n|upkeep\n|turn|6\n|\n|t:|1700062292\n|move|p1a: Arceus|Earthquake|p2a: GET DOWN MR PRES\n|-damage|p2a: GET DOWN MR PRES|12\/100\n|move|p2a: GET DOWN MR PRES|Taunt|p1a: Arceus\n|-start|p1a: Arceus|move: Taunt\n|\n|upkeep\n|turn|7\n|\n|t:|1700062300\n|switch|p2a: Princess|Zacian|100\/100\n|-damage|p2a: Princess|88\/100|[from] Spikes\n|-ability|p2a: Princess|Intrepid Sword|boost\n|-boost|p2a: Princess|atk|1\n|move|p1a: Arceus|Earthquake|p2a: Princess\n|-damage|p2a: Princess|36\/100\n|\n|upkeep\n|turn|8\n|\n|t:|1700062311\n|move|p1a: Arceus|Earthquake|p2a: Princess\n|-damage|p2a: Princess|0 fnt\n|faint|p2a: Princess\n|\n|upkeep\n|inactive|AlicieLizzie has 270 seconds left.\n|\n|t:|1700062341\n|switch|p2a: it\u2019s an ostrich|Espathra, M|100\/100\n|-damage|p2a: it\u2019s an ostrich|88\/100|[from] Spikes\n|turn|9\n|\n|t:|1700062346\n|move|p1a: Arceus|Flare Blitz|p2a: it\u2019s an ostrich\n|-damage|p2a: it\u2019s an ostrich|0 fnt\n|faint|p2a: it\u2019s an ostrich\n|-damage|p1a: Arceus|69\/100|[from] Recoil\n|\n|-end|p1a: Arceus|move: Taunt\n|upkeep\n|\n|t:|1700062349\n|switch|p2a: Iron (Head) Maiden|Jirachi|88\/100\n|-damage|p2a: Iron (Head) Maiden|76\/100|[from] Spikes\n|turn|10\n|\n|t:|1700062353\n|-terastallize|p2a: Iron (Head) Maiden|Fighting\n|move|p2a: Iron (Head) Maiden|Drain Punch|p1a: Arceus\n|-damage|p1a: Arceus|47\/100\n|-heal|p2a: Iron (Head) Maiden|89\/100|[from] drain|[of] p1a: Arceus\n|move|p1a: Arceus|Earthquake|p2a: Iron (Head) Maiden\n|-damage|p2a: Iron (Head) Maiden|31\/100\n|\n|upkeep\n|turn|11\n|\n|t:|1700062359\n|move|p2a: Iron (Head) Maiden|Drain Punch|p1a: Arceus\n|-damage|p1a: Arceus|24\/100\n|-heal|p2a: Iron (Head) Maiden|45\/100|[from] drain|[of] p1a: Arceus\n|move|p1a: Arceus|Earthquake|p2a: Iron (Head) Maiden\n|-damage|p2a: Iron (Head) Maiden|0 fnt\n|faint|p2a: Iron (Head) Maiden\n|\n|upkeep\n|\n|t:|1700062362\n|switch|p2a: Yu are on Fire!|Chi-Yu|100\/100\n|-damage|p2a: Yu are on Fire!|88\/100|[from] Spikes\n|-ability|p2a: Yu are on Fire!|Beads of Ruin\n|turn|12\n|\n|t:|1700062367\n|move|p2a: Yu are on Fire!|Dark Pulse|p1a: Arceus\n|-damage|p1a: Arceus|0 fnt\n|faint|p1a: Arceus\n|\n|upkeep\n|\n|t:|1700062372\n|switch|p1a: Roaring Moon|Roaring Moon|100\/100\n|-enditem|p1a: Roaring Moon|Booster Energy\n|-activate|p1a: Roaring Moon|ability: Protosynthesis|[fromitem]\n|-start|p1a: Roaring Moon|protosynthesisatk\n|turn|13\n|\n|t:|1700062376\n|switch|p2a: SEE OPTIMUM PRIDE|Magearna|100\/100\n|-damage|p2a: SEE OPTIMUM PRIDE|88\/100|[from] Spikes\n|move|p1a: Roaring Moon|Dragon Dance|p1a: Roaring Moon\n|-boost|p1a: Roaring Moon|atk|1\n|-boost|p1a: Roaring Moon|spe|1\n|\n|-heal|p2a: SEE OPTIMUM PRIDE|94\/100|[from] item: Leftovers\n|upkeep\n|turn|14\n|\n|t:|1700062385\n|move|p1a: Roaring Moon|Earthquake|p2a: SEE OPTIMUM PRIDE\n|-supereffective|p2a: SEE OPTIMUM PRIDE\n|-damage|p2a: SEE OPTIMUM PRIDE|0 fnt\n|faint|p2a: SEE OPTIMUM PRIDE\n|\n|upkeep\n|c|\u2606AlicieLizzie|gg\n|j| wan aiman\n|\n|t:|1700062396\n|switch|p2a: GET DOWN MR PRES|Cyclizar, M|46\/100\n|turn|15\n|c|\u2606rutriyououiyiyuyt|gg\n|\n|t:|1700062414\n|move|p1a: Roaring Moon|Earthquake|p2a: GET DOWN MR PRES\n|-damage|p2a: GET DOWN MR PRES|0 fnt\n|faint|p2a: GET DOWN MR PRES\n|\n|upkeep\n|\n|t:|1700062418\n|switch|p2a: Yu are on Fire!|Chi-Yu|88\/100\n|-damage|p2a: Yu are on Fire!|76\/100|[from] Spikes\n|-ability|p2a: Yu are on Fire!|Beads of Ruin\n|turn|16\n|\n|t:|1700062422\n|move|p1a: Roaring Moon|Earthquake|p2a: Yu are on Fire!\n|-supereffective|p2a: Yu are on Fire!\n|-damage|p2a: Yu are on Fire!|0 fnt\n|faint|p2a: Yu are on Fire!\n|\n|win|rutriyououiyiyuyt\n","uploadtime":1700062426,"views":8,"p1id":"rutriyououiyiyuyt","p2id":"alicielizzie","formatid":"gen9ubers","rating":0,"private":0,"password":""}