{"id":"gen9ubers-1979881689","p1":"Vario 64\u2606\u5f61","p2":"leonissenbaum","format":"[Gen 9] Ubers","log":"|j|\u2606Vario 64\u2606\u5f61\n|j|\u2606leonissenbaum\n|t:|1698723744\n|gametype|singles\n|player|p1|Vario 64\u2606\u5f61|ghetsis|\n|player|p2|leonissenbaum|leon|\n|teamsize|p1|6\n|teamsize|p2|6\n|gen|9\n|tier|[Gen 9] Ubers\n|rule|Sleep Clause Mod: Limit one foe put to sleep\n|rule|Species Clause: Limit one of each Pok\u00e9mon\n|rule|OHKO Clause: OHKO moves are banned\n|rule|Evasion Items Clause: Evasion items are banned\n|rule|Evasion Moves Clause: Evasion moves are banned\n|rule|Endless Battle Clause: Forcing endless battles is banned\n|rule|HP Percentage Mod: HP is shown in percentages\n|clearpoke\n|poke|p1|Hippowdon, M|\n|poke|p1|Garchomp, F|\n|poke|p1|Dragonite, F|\n|poke|p1|Magearna|\n|poke|p1|Arceus-Rock|\n|poke|p1|Houndstone, F|\n|poke|p2|Giratina|\n|poke|p2|Gliscor, F|\n|poke|p2|Blissey, F|\n|poke|p2|Dondozo, F|\n|poke|p2|Clefable, F|\n|poke|p2|Espeon, F|\n|teampreview\n|c|\u2606leonissenbaum|gl!\n|c|\u2606Vario 64\u2606\u5f61|gl!\n|\n|t:|1698723778\n|start\n|switch|p1a: Hippowdon|Hippowdon, M|100\/100\n|switch|p2a: Gliscor|Gliscor, F|100\/100\n|-weather|Sandstorm|[from] ability: Sand Stream|[of] p1a: Hippowdon\n|turn|1\n|\n|t:|1698723789\n|switch|p2a: Espeon|Espeon, F|100\/100\n|switch|p1a: Magearna|Magearna|100\/100\n|\n|-weather|Sandstorm|[upkeep]\n|-damage|p2a: Espeon|95\/100|[from] Sandstorm\n|upkeep\n|turn|2\n|\n|t:|1698723797\n|move|p2a: Espeon|Trick|p1a: Magearna\n|-activate|p2a: Espeon|move: Trick|[of] p1a: Magearna\n|-item|p1a: Magearna|Choice Scarf|[from] move: Trick\n|-item|p2a: Espeon|Leftovers|[from] move: Trick\n|move|p1a: Magearna|Volt Switch|p2a: Espeon\n|-damage|p2a: Espeon|79\/100\n|j| GratedsShtickface\n|\n|t:|1698723817\n|switch|p1a: Garchomp|Garchomp, F|100\/100|[from] Volt Switch\n|\n|-weather|Sandstorm|[upkeep]\n|-damage|p2a: Espeon|73\/100|[from] Sandstorm\n|-heal|p2a: Espeon|79\/100|[from] item: Leftovers\n|upkeep\n|turn|3\n|\n|t:|1698723831\n|switch|p2a: Gliscor|Gliscor, F|100\/100\n|move|p1a: Garchomp|Scale Shot|p2a: Gliscor\n|-damage|p2a: Gliscor|89\/100\n|-damage|p2a: Gliscor|79\/100\n|-damage|p2a: Gliscor|69\/100\n|-damage|p2a: Gliscor|58\/100\n|-hitcount|p2a: Gliscor|4\n|-unboost|p1a: Garchomp|def|1\n|-boost|p1a: Garchomp|spe|1\n|\n|-weather|Sandstorm|[upkeep]\n|-status|p2a: Gliscor|tox|[from] item: Toxic Orb\n|upkeep\n|turn|4\n|\n|t:|1698723848\n|switch|p1a: Arceus|Arceus-Rock|100\/100\n|move|p2a: Gliscor|Toxic Spikes|p1a: Arceus\n|-sidestart|p1: Vario 64\u2606\u5f61|move: Toxic Spikes\n|\n|-weather|Sandstorm|[upkeep]\n|-heal|p2a: Gliscor|70\/100 tox|[from] ability: Poison Heal\n|upkeep\n|turn|5\n|\n|t:|1698723860\n|move|p1a: Arceus|Judgment|p2a: Gliscor\n|-damage|p2a: Gliscor|32\/100 tox\n|move|p2a: Gliscor|Toxic Spikes|p1a: Arceus\n|-sidestart|p1: Vario 64\u2606\u5f61|move: Toxic Spikes\n|\n|-weather|Sandstorm|[upkeep]\n|-heal|p2a: Gliscor|44\/100 tox|[from] ability: Poison Heal\n|upkeep\n|turn|6\n|\n|t:|1698723868\n|move|p2a: Gliscor|Protect|p2a: Gliscor\n|-singleturn|p2a: Gliscor|Protect\n|move|p1a: Arceus|Calm Mind|p1a: Arceus\n|-boost|p1a: Arceus|spa|1\n|-boost|p1a: Arceus|spd|1\n|\n|-weather|Sandstorm|[upkeep]\n|-heal|p2a: Gliscor|57\/100 tox|[from] ability: Poison Heal\n|upkeep\n|turn|7\n|\n|t:|1698723883\n|move|p1a: Arceus|Judgment|p2a: Gliscor\n|-damage|p2a: Gliscor|0 fnt\n|faint|p2a: Gliscor\n|\n|-weather|Sandstorm|[upkeep]\n|upkeep\n|\n|t:|1698723888\n|switch|p2a: Clefable|Clefable, F|100\/100\n|turn|8\n|\n|t:|1698723893\n|move|p1a: Arceus|Will-O-Wisp|p2a: Clefable\n|-status|p2a: Clefable|brn\n|move|p2a: Clefable|Calm Mind|p2a: Clefable\n|-boost|p2a: Clefable|spa|1\n|-boost|p2a: Clefable|spd|1\n|\n|-weather|none\n|-damage|p2a: Clefable|94\/100 brn|[from] brn\n|upkeep\n|turn|9\n|\n|t:|1698723910\n|switch|p1a: Dragonite|Dragonite, F|100\/100\n|move|p2a: Clefable|Moonblast|p1a: Dragonite\n|-supereffective|p1a: Dragonite\n|-damage|p1a: Dragonite|40\/100\n|-unboost|p1a: Dragonite|spa|1\n|\n|-heal|p2a: Clefable|100\/100 brn|[from] item: Leftovers\n|-damage|p2a: Clefable|94\/100 brn|[from] brn\n|upkeep\n|turn|10\n|j| the tr4sh man\n|\n|t:|1698723934\n|switch|p2a: Dondozo|Dondozo, F|100\/100\n|move|p1a: Dragonite|Roar|p2a: Dondozo\n|drag|p2a: Clefable|Clefable, F|94\/100 brn\n|\n|-heal|p2a: Clefable|100\/100 brn|[from] item: Leftovers\n|-damage|p2a: Clefable|94\/100 brn|[from] brn\n|upkeep\n|turn|11\n|\n|t:|1698723948\n|switch|p1a: Garchomp|Garchomp, F|100\/100\n|-status|p1a: Garchomp|tox\n|move|p2a: Clefable|Moonblast|p1a: Garchomp\n|-supereffective|p1a: Garchomp\n|-damage|p1a: Garchomp|38\/100 tox\n|-unboost|p1a: Garchomp|spa|1\n|\n|-heal|p2a: Clefable|100\/100 brn|[from] item: Leftovers\n|-damage|p1a: Garchomp|32\/100 tox|[from] psn\n|-damage|p2a: Clefable|94\/100 brn|[from] brn\n|upkeep\n|turn|12\n|\n|t:|1698723971\n|move|p2a: Clefable|Protect|p2a: Clefable\n|-singleturn|p2a: Clefable|Protect\n|move|p1a: Garchomp|Poison Jab|p2a: Clefable\n|-activate|p2a: Clefable|move: Protect\n|\n|-heal|p2a: Clefable|100\/100 brn|[from] item: Leftovers\n|-damage|p1a: Garchomp|19\/100 tox|[from] psn\n|-damage|p2a: Clefable|94\/100 brn|[from] brn\n|upkeep\n|turn|13\n|\n|t:|1698723986\n|switch|p2a: Dondozo|Dondozo, F|100\/100\n|move|p1a: Garchomp|Earthquake|p2a: Dondozo\n|-damage|p2a: Dondozo|77\/100\n|\n|-damage|p1a: Garchomp|1\/100 tox|[from] psn\n|upkeep\n|turn|14\n|\n|t:|1698724002\n|move|p1a: Garchomp|Earthquake|p2a: Dondozo\n|-damage|p2a: Dondozo|53\/100\n|move|p2a: Dondozo|Rest|p2a: Dondozo\n|-status|p2a: Dondozo|slp|[from] move: Rest\n|-heal|p2a: Dondozo|100\/100 slp|[silent]\n|\n|-damage|p1a: Garchomp|0 fnt|[from] psn\n|faint|p1a: Garchomp\n|upkeep\n|\n|t:|1698724012\n|switch|p1a: Magearna|Magearna|100\/100\n|turn|15\n|\n|t:|1698724017\n|switch|p2a: Espeon|Espeon, F|79\/100\n|move|p1a: Magearna|Spikes|p2a: Espeon\n|move|p2a: Espeon|Spikes|p1a: Magearna|[from]ability: Magic Bounce\n|-sidestart|p1: Vario 64\u2606\u5f61|Spikes\n|\n|-heal|p2a: Espeon|85\/100|[from] item: Leftovers\n|upkeep\n|turn|16\n|\n|t:|1698724035\n|switch|p1a: Hippowdon|Hippowdon, M|100\/100\n|-status|p1a: Hippowdon|tox\n|-damage|p1a: Hippowdon|88\/100 tox|[from] Spikes\n|-weather|Sandstorm|[from] ability: Sand Stream|[of] p1a: Hippowdon\n|move|p2a: Espeon|Thunder Wave|p1a: Hippowdon\n|-immune|p1a: Hippowdon\n|\n|-weather|Sandstorm|[upkeep]\n|-damage|p2a: Espeon|79\/100|[from] Sandstorm\n|-heal|p2a: Espeon|85\/100|[from] item: Leftovers\n|-damage|p1a: Hippowdon|82\/100 tox|[from] psn\n|upkeep\n|turn|17\n|\n|t:|1698724058\n|switch|p1a: Magearna|Magearna|100\/100\n|-damage|p1a: Magearna|88\/100|[from] Spikes\n|move|p2a: Espeon|Psyshock|p1a: Magearna\n|-resisted|p1a: Magearna\n|-damage|p1a: Magearna|77\/100\n|\n|-weather|Sandstorm|[upkeep]\n|-damage|p2a: Espeon|79\/100|[from] Sandstorm\n|-heal|p2a: Espeon|85\/100|[from] item: Leftovers\n|upkeep\n|turn|18\n|\n|t:|1698724065\n|move|p2a: Espeon|Thunder Wave|p1a: Magearna\n|-status|p1a: Magearna|par\n|move|p1a: Magearna|Volt Switch|p2a: Espeon\n|-damage|p2a: Espeon|70\/100\n|\n|t:|1698724073\n|switch|p1a: Houndstone|Houndstone, F|100\/100|[from] Volt Switch\n|-status|p1a: Houndstone|tox\n|-damage|p1a: Houndstone|88\/100 tox|[from] Spikes\n|\n|-weather|Sandstorm|[upkeep]\n|-damage|p2a: Espeon|64\/100|[from] Sandstorm\n|-heal|p2a: Espeon|70\/100|[from] item: Leftovers\n|-damage|p1a: Houndstone|82\/100 tox|[from] psn\n|upkeep\n|turn|19\n|\n|t:|1698724090\n|switch|p2a: Blissey|Blissey, F|100\/100\n|move|p1a: Houndstone|Stomping Tantrum|p2a: Blissey\n|-damage|p2a: Blissey|65\/100\n|\n|-weather|Sandstorm|[upkeep]\n|-damage|p2a: Blissey|58\/100|[from] Sandstorm\n|-heal|p2a: Blissey|65\/100|[from] item: Leftovers\n|-damage|p1a: Houndstone|70\/100 tox|[from] psn\n|upkeep\n|turn|20\n|\n|t:|1698724101\n|switch|p1a: Magearna|Magearna|77\/100 par\n|-damage|p1a: Magearna|65\/100 par|[from] Spikes\n|move|p2a: Blissey|Soft-Boiled|p2a: Blissey\n|-heal|p2a: Blissey|100\/100\n|\n|-weather|Sandstorm|[upkeep]\n|-damage|p2a: Blissey|94\/100|[from] Sandstorm\n|-heal|p2a: Blissey|100\/100|[from] item: Leftovers\n|upkeep\n|turn|21\n|j| Lil Tzatziki Sauce\n|\n|t:|1698724106\n|switch|p2a: Espeon|Espeon, F|70\/100\n|cant|p1a: Magearna|par\n|\n|-weather|Sandstorm|[upkeep]\n|-damage|p2a: Espeon|64\/100|[from] Sandstorm\n|-heal|p2a: Espeon|70\/100|[from] item: Leftovers\n|upkeep\n|turn|22\n|c|\u2606leonissenbaum|5 users watching woah\n|\n|t:|1698724115\n|move|p2a: Espeon|Morning Sun|p2a: Espeon\n|-heal|p2a: Espeon|95\/100\n|move|p1a: Magearna|Fleur Cannon|p2a: Espeon\n|-damage|p2a: Espeon|52\/100\n|-unboost|p1a: Magearna|spa|2\n|\n|-weather|Sandstorm|[upkeep]\n|-damage|p2a: Espeon|46\/100|[from] Sandstorm\n|-heal|p2a: Espeon|52\/100|[from] item: Leftovers\n|upkeep\n|turn|23\n|c|\u2606Vario 64\u2606\u5f61|ikr\n|\n|t:|1698724136\n|switch|p1a: Dragonite|Dragonite, F|40\/100\n|move|p2a: Espeon|Morning Sun|p2a: Espeon\n|-heal|p2a: Espeon|77\/100\n|\n|-weather|none\n|-heal|p2a: Espeon|83\/100|[from] item: Leftovers\n|upkeep\n|turn|24\n|\n|t:|1698724146\n|switch|p2a: Dondozo|Dondozo, F|100\/100 slp\n|move|p1a: Dragonite|Roost|p1a: Dragonite\n|-heal|p1a: Dragonite|90\/100\n|-singleturn|p1a: Dragonite|move: Roost\n|\n|upkeep\n|turn|25\n|\n|t:|1698724154\n|cant|p2a: Dondozo|slp\n|move|p2a: Dondozo|Sleep Talk|p2a: Dondozo\n|move|p2a: Dondozo|Rest||[from]move: Sleep Talk|[still]\n|-fail|p2a: Dondozo\n|move|p1a: Dragonite|Dragon Tail|p2a: Dondozo|[miss]\n|-miss|p1a: Dragonite|p2a: Dondozo\n|\n|upkeep\n|turn|26\n|\n|t:|1698724162\n|cant|p2a: Dondozo|slp\n|move|p2a: Dondozo|Sleep Talk|p2a: Dondozo\n|move|p2a: Dondozo|Body Press|p1a: Dragonite|[from]move: Sleep Talk\n|-resisted|p1a: Dragonite\n|-damage|p1a: Dragonite|77\/100\n|move|p1a: Dragonite|Roar|p2a: Dondozo\n|drag|p2a: Clefable|Clefable, F|94\/100 brn\n|\n|-heal|p2a: Clefable|100\/100 brn|[from] item: Leftovers\n|-damage|p2a: Clefable|94\/100 brn|[from] brn\n|upkeep\n|turn|27\n|c|\u2606leonissenbaum|wait hold on\n|c|\u2606leonissenbaum|dragon tail and roar on the same set??\n|c|\u2606leonissenbaum|lmao\n|c|\u2606Vario 64\u2606\u5f61|im just testing it\n|c|\u2606Vario 64\u2606\u5f61|lol\n|c|\u2606Vario 64\u2606\u5f61|unfort you dont have a shaymin\n|c|\u2606leonissenbaum|ah\n|c|\u2606leonissenbaum|rip\n|\n|t:|1698724216\n|switch|p1a: Hippowdon|Hippowdon, M|82\/100 tox\n|-damage|p1a: Hippowdon|70\/100 tox|[from] Spikes\n|-weather|Sandstorm|[from] ability: Sand Stream|[of] p1a: Hippowdon\n|switch|p2a: Dondozo|Dondozo, F|100\/100 slp\n|\n|-weather|Sandstorm|[upkeep]\n|-damage|p2a: Dondozo|94\/100 slp|[from] Sandstorm\n|-damage|p1a: Hippowdon|63\/100 tox|[from] psn\n|upkeep\n|turn|28\n|c|\u2606Vario 64\u2606\u5f61|shaymin especially rare scarf pops me\n|\n|t:|1698724230\n|switch|p1a: Magearna|Magearna|65\/100 par\n|-damage|p1a: Magearna|53\/100 par|[from] Spikes\n|switch|p2a: Espeon|Espeon, F|83\/100\n|\n|-weather|Sandstorm|[upkeep]\n|-damage|p2a: Espeon|77\/100|[from] Sandstorm\n|-heal|p2a: Espeon|83\/100|[from] item: Leftovers\n|upkeep\n|turn|29\n|\n|t:|1698724237\n|switch|p2a: Blissey|Blissey, F|100\/100\n|move|p1a: Magearna|Volt Switch|p2a: Blissey\n|-damage|p2a: Blissey|94\/100\n|\n|t:|1698724247\n|switch|p1a: Arceus|Arceus-Rock|100\/100|[from] Volt Switch\n|-status|p1a: Arceus|tox\n|-damage|p1a: Arceus|88\/100 tox|[from] Spikes\n|\n|-weather|Sandstorm|[upkeep]\n|-damage|p2a: Blissey|88\/100|[from] Sandstorm\n|-heal|p2a: Blissey|94\/100|[from] item: Leftovers\n|-damage|p1a: Arceus|82\/100 tox|[from] psn\n|upkeep\n|turn|30\n|\n|t:|1698724254\n|move|p1a: Arceus|Calm Mind|p1a: Arceus\n|-boost|p1a: Arceus|spa|1\n|-boost|p1a: Arceus|spd|1\n|move|p2a: Blissey|Stealth Rock|p1a: Arceus\n|-sidestart|p1: Vario 64\u2606\u5f61|move: Stealth Rock\n|\n|-weather|Sandstorm|[upkeep]\n|-damage|p2a: Blissey|88\/100|[from] Sandstorm\n|-heal|p2a: Blissey|94\/100|[from] item: Leftovers\n|-damage|p1a: Arceus|70\/100 tox|[from] psn\n|upkeep\n|turn|31\n|\n|t:|1698724259\n|move|p1a: Arceus|Judgment|p2a: Blissey\n|-damage|p2a: Blissey|72\/100\n|move|p2a: Blissey|Seismic Toss|p1a: Arceus\n|-damage|p1a: Arceus|47\/100 tox\n|\n|-weather|Sandstorm|[upkeep]\n|-damage|p2a: Blissey|66\/100|[from] Sandstorm\n|-heal|p2a: Blissey|72\/100|[from] item: Leftovers\n|-damage|p1a: Arceus|29\/100 tox|[from] psn\n|upkeep\n|turn|32\n|\n|t:|1698724266\n|move|p1a: Arceus|Judgment|p2a: Blissey\n|-damage|p2a: Blissey|50\/100\n|move|p2a: Blissey|Seismic Toss|p1a: Arceus\n|-damage|p1a: Arceus|7\/100 tox\n|\n|-weather|Sandstorm|[upkeep]\n|-damage|p2a: Blissey|44\/100|[from] Sandstorm\n|-heal|p2a: Blissey|50\/100|[from] item: Leftovers\n|-damage|p1a: Arceus|0 fnt|[from] psn\n|faint|p1a: Arceus\n|upkeep\n|l| GratedsShtickface\n|\n|t:|1698724273\n|switch|p1a: Houndstone|Houndstone, F|70\/100 tox\n|-damage|p1a: Houndstone|58\/100 tox|[from] Spikes\n|-damage|p1a: Houndstone|46\/100 tox|[from] Stealth Rock\n|turn|33\n|\n|t:|1698724278\n|move|p1a: Houndstone|Stomping Tantrum|p2a: Blissey\n|-damage|p2a: Blissey|10\/100\n|move|p2a: Blissey|Soft-Boiled|p2a: Blissey\n|-heal|p2a: Blissey|61\/100\n|\n|-weather|Sandstorm|[upkeep]\n|-damage|p2a: Blissey|54\/100|[from] Sandstorm\n|-heal|p2a: Blissey|61\/100|[from] item: Leftovers\n|-damage|p1a: Houndstone|40\/100 tox|[from] psn\n|upkeep\n|turn|34\n|c|\u2606Vario 64\u2606\u5f61|but i still get popped by stall\n|c|\u2606Vario 64\u2606\u5f61|super unfort... i have another version with ttar i wouldve tera poison chomp for this tspikes\n|c|\u2606Vario 64\u2606\u5f61|dragonite L\n|c|\u2606leonissenbaum|rip\n|\n|t:|1698724326\n|move|p1a: Houndstone|Stomping Tantrum|p2a: Blissey\n|-damage|p2a: Blissey|22\/100\n|move|p2a: Blissey|Soft-Boiled|p2a: Blissey\n|-heal|p2a: Blissey|72\/100\n|\n|-weather|none\n|-heal|p2a: Blissey|78\/100|[from] item: Leftovers\n|-damage|p1a: Houndstone|28\/100 tox|[from] psn\n|upkeep\n|turn|35\n|c|\u2606Vario 64\u2606\u5f61|alright gg\n|c|\u2606leonissenbaum|gg\n|-message|Vario 64\u2606\u5f61 forfeited.\n|\n|win|leonissenbaum\n|l|\u2606Vario 64\u2606\u5f61\n|c| the tr4sh man|>dragon tail and roar on the same set??\n|c| the tr4sh man|who do you think suggested it :trol:\n|c|\u2606leonissenbaum|lmaoooooooooooooooooooooooo\n","uploadtime":1698724347,"views":10,"p1id":"vario64","p2id":"leonissenbaum","formatid":"gen9ubers","rating":0,"private":0,"password":""}