{"id":"gen9ubers-1982467782","p1":"Carina17","p2":"Just Kamiru","format":"[Gen 9] Ubers","log":"|j|\u2606Carina17\n|j|\u2606Just Kamiru\n|t:|1699017657\n|gametype|singles\n|player|p1|Carina17|cynthia|1172\n|player|p2|Just Kamiru|marnie-masters|1224\n|teamsize|p1|6\n|teamsize|p2|6\n|gen|9\n|tier|[Gen 9] Ubers\n|rated|\n|rule|Sleep Clause Mod: Limit one foe put to sleep\n|rule|Species Clause: Limit one of each Pok\u00e9mon\n|rule|OHKO Clause: OHKO moves are banned\n|rule|Evasion Items Clause: Evasion items are banned\n|rule|Evasion Moves Clause: Evasion moves are banned\n|rule|Endless Battle Clause: Forcing endless battles is banned\n|rule|HP Percentage Mod: HP is shown in percentages\n|clearpoke\n|poke|p1|Azumarill, F|\n|poke|p1|Iron Treads|\n|poke|p1|Chien-Pao|\n|poke|p1|Annihilape, F|\n|poke|p1|Weezing-Galar, M|\n|poke|p1|Rillaboom, M|\n|poke|p2|Annihilape, F|\n|poke|p2|Ogerpon-Hearthflame, F|\n|poke|p2|Garchomp, M|\n|poke|p2|Flutter Mane|\n|poke|p2|Koraidon|\n|poke|p2|Talonflame, F|\n|teampreview\n|inactive|Battle timer is ON: inactive players will automatically lose when time's up. (requested by Just Kamiru)\n|\n|t:|1699017674\n|start\n|switch|p1a: Annihilape|Annihilape, F|100\/100\n|switch|p2a: Talonflame|Talonflame, F, shiny|100\/100\n|turn|1\n|\n|t:|1699017692\n|move|p2a: Talonflame|Taunt|p1a: Annihilape\n|-start|p1a: Annihilape|move: Taunt\n|cant|p1a: Annihilape|move: Taunt|Substitute\n|\n|upkeep\n|turn|2\n|\n|t:|1699017703\n|move|p2a: Talonflame|U-turn|p1a: Annihilape\n|-resisted|p1a: Annihilape\n|-damage|p1a: Annihilape|97\/100\n|\n|t:|1699017707\n|switch|p2a: Flutter Mane|Flutter Mane, shiny|100\/100|[from] U-turn\n|move|p1a: Annihilape|Rage Fist|p2a: Flutter Mane\n|-supereffective|p2a: Flutter Mane\n|-damage|p2a: Flutter Mane|0 fnt\n|faint|p2a: Flutter Mane\n|-end|p2a: Flutter Mane|Protosynthesis|[silent]\n|\n|upkeep\n|\n|t:|1699017712\n|switch|p2a: Annihilape|Annihilape, F, shiny|100\/100\n|turn|3\n|\n|t:|1699017718\n|move|p1a: Annihilape|Rage Fist|p2a: Annihilape\n|-supereffective|p2a: Annihilape\n|-damage|p2a: Annihilape|0 fnt\n|faint|p2a: Annihilape\n|\n|-end|p1a: Annihilape|move: Taunt\n|upkeep\n|c|\u2606Just Kamiru|god motherfucking damnnn\n|\n|t:|1699017733\n|switch|p2a: Koraidon|Koraidon|100\/100\n|-weather|SunnyDay|[from] ability: Orichalcum Pulse|[of] p2a: Koraidon\n|-activate|p2a: Koraidon|Orichalcum Pulse|[source]\n|turn|4\n|\n|t:|1699017755\n|move|p2a: Koraidon|Dragon Claw|p1a: Annihilape\n|-damage|p1a: Annihilape|18\/100\n|-damage|p2a: Koraidon|91\/100|[from] item: Life Orb\n|move|p1a: Annihilape|Substitute|p1a: Annihilape\n|-fail|p1a: Annihilape|move: Substitute|[weak]\n|\n|-weather|SunnyDay|[upkeep]\n|upkeep\n|turn|5\n|\n|t:|1699017764\n|move|p2a: Koraidon|Dragon Claw|p1a: Annihilape\n|-damage|p1a: Annihilape|0 fnt\n|faint|p1a: Annihilape\n|-damage|p2a: Koraidon|81\/100|[from] item: Life Orb\n|\n|-weather|SunnyDay|[upkeep]\n|upkeep\n|\n|t:|1699017783\n|switch|p1a: Rillaboom|Rillaboom, M, shiny|100\/100\n|-fieldstart|move: Grassy Terrain|[from] ability: Grassy Surge|[of] p1a: Rillaboom\n|-enditem|p1a: Rillaboom|Grassy Seed\n|-boost|p1a: Rillaboom|def|1|[from] item: Grassy Seed\n|turn|6\n|\n|t:|1699017795\n|-terastallize|p1a: Rillaboom|Flying\n|move|p2a: Koraidon|U-turn|p1a: Rillaboom\n|-resisted|p1a: Rillaboom\n|-damage|p1a: Rillaboom|85\/100\n|-damage|p2a: Koraidon|71\/100|[from] item: Life Orb\n|\n|t:|1699017799\n|switch|p2a: Talonflame|Talonflame, F, shiny|100\/100|[from] U-turn\n|move|p1a: Rillaboom|Acrobatics|p2a: Talonflame\n|-crit|p2a: Talonflame\n|-damage|p2a: Talonflame|0 fnt\n|faint|p2a: Talonflame\n|\n|-weather|SunnyDay|[upkeep]\n|upkeep\n|\n|t:|1699017803\n|switch|p2a: Garchomp|Garchomp, M, shiny|100\/100\n|turn|7\n|\n|t:|1699017813\n|-terastallize|p2a: Garchomp|Electric\n|move|p2a: Garchomp|Tera Blast|p1a: Rillaboom|[anim] Tera Blast Electric\n|-supereffective|p1a: Rillaboom\n|-damage|p1a: Rillaboom|18\/100\n|move|p1a: Rillaboom|Swords Dance|p1a: Rillaboom\n|-boost|p1a: Rillaboom|atk|2\n|\n|-weather|SunnyDay|[upkeep]\n|upkeep\n|turn|8\n|\n|t:|1699017824\n|move|p2a: Garchomp|Tera Blast|p1a: Rillaboom|[anim] Tera Blast Electric\n|-supereffective|p1a: Rillaboom\n|-damage|p1a: Rillaboom|0 fnt\n|faint|p1a: Rillaboom\n|\n|-weather|none\n|upkeep\n|\n|t:|1699017849\n|switch|p1a: Iron Treads|Iron Treads|100\/100\n|turn|9\n|\n|t:|1699017861\n|switch|p2a: Ogerpon|Ogerpon-Hearthflame, F|100\/100\n|-ability|p2a: Ogerpon|Mold Breaker\n|move|p1a: Iron Treads|Rapid Spin|p2a: Ogerpon\n|-damage|p2a: Ogerpon|81\/100\n|-boost|p1a: Iron Treads|spe|1\n|\n|-heal|p2a: Ogerpon|87\/100|[from] Grassy Terrain\n|upkeep\n|turn|10\n|\n|t:|1699017873\n|move|p1a: Iron Treads|Steel Roller|p2a: Ogerpon\n|-resisted|p2a: Ogerpon\n|-damage|p2a: Ogerpon|45\/100\n|-fieldend|move: Grassy Terrain\n|move|p2a: Ogerpon|Ivy Cudgel|p1a: Iron Treads\n|-supereffective|p1a: Iron Treads\n|-crit|p1a: Iron Treads\n|-damage|p1a: Iron Treads|0 fnt\n|faint|p1a: Iron Treads\n|-end|p1a: Iron Treads|Quark Drive|[silent]\n|\n|upkeep\n|inactive|Carina17 has 120 seconds left.\n|\n|t:|1699017884\n|switch|p1a: Chien-Paolo|Chien-Pao|100\/100\n|-ability|p1a: Chien-Paolo|Sword of Ruin\n|turn|11\n|inactive|Just Kamiru has 120 seconds left.\n|l|\u2606Carina17\n|inactive|Carina17 disconnected and has a minute to reconnect!\n|player|p1|\n|j|\u2606Carina17\n|inactive|Carina17 reconnected.\n|player|p1|Carina17|cynthia\n|\n|t:|1699017933\n|move|p1a: Chien-Paolo|Swords Dance|p1a: Chien-Paolo\n|-boost|p1a: Chien-Paolo|atk|2\n|move|p2a: Ogerpon|Ivy Cudgel|p1a: Chien-Paolo\n|-supereffective|p1a: Chien-Paolo\n|-enditem|p1a: Chien-Paolo|Focus Sash\n|-damage|p1a: Chien-Paolo|1\/100\n|\n|upkeep\n|turn|12\n|\n|t:|1699017948\n|move|p1a: Chien-Paolo|Ice Shard|p2a: Ogerpon\n|-damage|p2a: Ogerpon|0 fnt\n|faint|p2a: Ogerpon\n|\n|upkeep\n|\n|t:|1699017963\n|switch|p2a: Garchomp|Garchomp, M, shiny, tera:Electric|100\/100\n|turn|13\n|\n|t:|1699017982\n|move|p2a: Garchomp|Iron Head|p1a: Chien-Paolo\n|-supereffective|p1a: Chien-Paolo\n|-damage|p1a: Chien-Paolo|0 fnt\n|faint|p1a: Chien-Paolo\n|\n|upkeep\n|\n|t:|1699017990\n|switch|p1a: Weezing|Weezing-Galar, M|100\/100\n|-fieldstart|move: Misty Terrain|[from] ability: Misty Surge|[of] p1a: Weezing\n|turn|14\n|\n|t:|1699018004\n|move|p2a: Garchomp|Iron Head|p1a: Weezing\n|-supereffective|p1a: Weezing\n|-damage|p1a: Weezing|44\/100\n|move|p1a: Weezing|Pain Split|p2a: Garchomp\n|-sethp|p2a: Garchomp|67\/100|[from] move: Pain Split|[silent]\n|-sethp|p1a: Weezing|88\/100|[from] move: Pain Split\n|\n|upkeep\n|turn|15\n|\n|t:|1699018016\n|move|p2a: Garchomp|Iron Head|p1a: Weezing\n|-supereffective|p1a: Weezing\n|-damage|p1a: Weezing|32\/100\n|move|p1a: Weezing|Pain Split|p2a: Garchomp\n|-sethp|p2a: Garchomp|46\/100|[from] move: Pain Split|[silent]\n|-sethp|p1a: Weezing|60\/100|[from] move: Pain Split\n|\n|upkeep\n|turn|16\n|inactive|Carina17 has 120 seconds left.\n|\n|t:|1699018041\n|move|p2a: Garchomp|Iron Head|p1a: Weezing\n|-supereffective|p1a: Weezing\n|-damage|p1a: Weezing|7\/100\n|move|p1a: Weezing|Pain Split|p2a: Garchomp\n|-sethp|p2a: Garchomp|26\/100|[from] move: Pain Split|[silent]\n|-sethp|p1a: Weezing|34\/100|[from] move: Pain Split\n|\n|upkeep\n|turn|17\n|inactive|Carina17 has 120 seconds left.\n|\n|t:|1699018050\n|move|p2a: Garchomp|Iron Head|p1a: Weezing\n|-supereffective|p1a: Weezing\n|-damage|p1a: Weezing|0 fnt\n|faint|p1a: Weezing\n|\n|upkeep\n|inactive|Carina17 has 120 seconds left.\n|\n|t:|1699018057\n|switch|p1a: Azumarill|Azumarill, F|100\/100\n|turn|18\n|\n|t:|1699018064\n|move|p2a: Garchomp|Iron Head|p1a: Azumarill\n|-damage|p1a: Azumarill|68\/100\n|move|p1a: Azumarill|Play Rough|p2a: Garchomp\n|-damage|p2a: Garchomp|0 fnt\n|-damage|p1a: Azumarill|56\/100|[from] ability: Rough Skin|[of] p2a: Garchomp\n|faint|p2a: Garchomp\n|\n|upkeep\n|\n|t:|1699018068\n|switch|p2a: Koraidon|Koraidon|71\/100\n|-weather|SunnyDay|[from] ability: Orichalcum Pulse|[of] p2a: Koraidon\n|-activate|p2a: Koraidon|Orichalcum Pulse|[source]\n|turn|19\n|\n|t:|1699018077\n|move|p2a: Koraidon|Close Combat|p1a: Azumarill\n|-resisted|p1a: Azumarill\n|-damage|p1a: Azumarill|0 fnt\n|-unboost|p2a: Koraidon|def|1\n|-unboost|p2a: Koraidon|spd|1\n|faint|p1a: Azumarill\n|-damage|p2a: Koraidon|61\/100|[from] item: Life Orb\n|\n|win|Just Kamiru\n|raw|Carina17's rating: 1172 &rarr; <strong>1151<\/strong><br \/>(-21 for losing)\n|raw|Just Kamiru's rating: 1224 &rarr; <strong>1245<\/strong><br \/>(+21 for winning)\n","uploadtime":1699017729,"views":5,"p1id":"carina17","p2id":"justkamiru","formatid":"gen9ubers","rating":1151,"private":0,"password":""}