{"id":"gen9ubers-1994428132","p1":"pkpowers310","p2":"Astyr.Pygos","format":"[Gen 9] Ubers","log":"|j|\u2606pkpowers310\n|j|\u2606Astyr.Pygos\n|t:|1700442820\n|gametype|singles\n|player|p1|pkpowers310|crasherwake|\n|player|p2|Astyr.Pygos|rosa|\n|teamsize|p1|6\n|teamsize|p2|6\n|gen|9\n|tier|[Gen 9] Ubers\n|rule|Sleep Clause Mod: Limit one foe put to sleep\n|rule|Species Clause: Limit one of each Pok\u00e9mon\n|rule|OHKO Clause: OHKO moves are banned\n|rule|Evasion Items Clause: Evasion items are banned\n|rule|Evasion Moves Clause: Evasion moves are banned\n|rule|Endless Battle Clause: Forcing endless battles is banned\n|rule|HP Percentage Mod: HP is shown in percentages\n|clearpoke\n|poke|p1|Ursaluna, F|\n|poke|p1|Alomomola, F|\n|poke|p1|Amoonguss, F|\n|poke|p1|Ting-Lu|\n|poke|p1|Hatterene, F|\n|poke|p1|Regieleki|\n|poke|p2|Iron Valiant|\n|poke|p2|Hoopa-Unbound|\n|poke|p2|Electrode|\n|poke|p2|Clodsire, F|\n|poke|p2|Altaria, M|\n|poke|p2|Grimmsnarl, M|\n|teampreview\n|j| Squirshawott\n|\n|t:|1700442968\n|start\n|switch|p1a: Amoonguss|Amoonguss, F|100\/100\n|switch|p2a: Grimmsnarl|Grimmsnarl, M|100\/100\n|turn|1\n|\n|t:|1700443003\n|move|p2a: Grimmsnarl|Parting Shot|p1a: Amoonguss\n|-unboost|p1a: Amoonguss|atk|1\n|-unboost|p1a: Amoonguss|spa|1\n|\n|t:|1700443011\n|switch|p2a: Electrode|Electrode|100\/100|[from] Parting Shot\n|move|p1a: Amoonguss|Sludge Bomb|p2a: Electrode\n|-damage|p2a: Electrode|78\/100\n|-status|p2a: Electrode|psn\n|\n|-damage|p2a: Electrode|66\/100 psn|[from] psn\n|upkeep\n|turn|2\n|\n|t:|1700443057\n|move|p2a: Electrode|Electric Terrain|p2a: Electrode\n|-fieldstart|move: Electric Terrain\n|move|p1a: Amoonguss|Giga Drain|p2a: Electrode\n|-damage|p2a: Electrode|48\/100 psn\n|\n|-damage|p2a: Electrode|35\/100 psn|[from] psn\n|upkeep\n|turn|3\n|\n|t:|1700443101\n|switch|p2a: Hoopa|Hoopa-Unbound|100\/100\n|move|p1a: Amoonguss|Sludge Bomb|p2a: Hoopa\n|-damage|p2a: Hoopa|89\/100\n|-status|p2a: Hoopa|psn\n|\n|-damage|p2a: Hoopa|77\/100 psn|[from] psn\n|upkeep\n|turn|4\n|\n|t:|1700443152\n|switch|p1a: LearnChineseBuddy|Ting-Lu|100\/100\n|-ability|p1a: LearnChineseBuddy|Vessel of Ruin\n|move|p2a: Hoopa|Focus Blast|p1a: LearnChineseBuddy\n|-supereffective|p1a: LearnChineseBuddy\n|-damage|p1a: LearnChineseBuddy|55\/100\n|\n|-heal|p1a: LearnChineseBuddy|61\/100|[from] item: Leftovers\n|-damage|p2a: Hoopa|65\/100 psn|[from] psn\n|upkeep\n|turn|5\n|\n|t:|1700443201\n|switch|p2a: Grimmsnarl|Grimmsnarl, M|100\/100\n|switch|p1a: Hatterene|Hatterene, F|100\/100\n|\n|upkeep\n|turn|6\n|\n|t:|1700443222\n|move|p2a: Grimmsnarl|Taunt|p1a: Hatterene\n|move|p1a: Hatterene|Taunt|p2a: Grimmsnarl|[from]ability: Magic Bounce\n|-start|p2a: Grimmsnarl|move: Taunt\n|move|p1a: Hatterene|Calm Mind|p1a: Hatterene\n|-boost|p1a: Hatterene|spa|1\n|-boost|p1a: Hatterene|spd|1\n|\n|-fieldend|move: Electric Terrain\n|upkeep\n|turn|7\n|\n|t:|1700443245\n|move|p2a: Grimmsnarl|Spirit Break|p1a: Hatterene\n|-damage|p1a: Hatterene|68\/100\n|-unboost|p1a: Hatterene|spa|1\n|move|p1a: Hatterene|Trick Room|p1a: Hatterene\n|-fieldstart|move: Trick Room|[of] p1a: Hatterene\n|\n|upkeep\n|turn|8\n|\n|t:|1700443255\n|move|p1a: Hatterene|Draining Kiss|p2a: Grimmsnarl\n|-supereffective|p2a: Grimmsnarl\n|-damage|p2a: Grimmsnarl|30\/100\n|-heal|p1a: Hatterene|100\/100|[from] drain|[of] p2a: Grimmsnarl\n|move|p2a: Grimmsnarl|Spirit Break|p1a: Hatterene\n|-damage|p1a: Hatterene|67\/100\n|-unboost|p1a: Hatterene|spa|1\n|\n|-heal|p2a: Grimmsnarl|36\/100|[from] item: Leftovers\n|upkeep\n|turn|9\n|\n|t:|1700443359\n|move|p1a: Hatterene|Calm Mind|p1a: Hatterene\n|-boost|p1a: Hatterene|spa|1\n|-boost|p1a: Hatterene|spd|1\n|move|p2a: Grimmsnarl|Spirit Break|p1a: Hatterene\n|-damage|p1a: Hatterene|32\/100\n|-unboost|p1a: Hatterene|spa|1\n|\n|-heal|p2a: Grimmsnarl|42\/100|[from] item: Leftovers\n|-end|p2a: Grimmsnarl|move: Taunt\n|upkeep\n|turn|10\n|\n|t:|1700443380\n|move|p1a: Hatterene|Draining Kiss|p2a: Grimmsnarl\n|-supereffective|p2a: Grimmsnarl\n|-damage|p2a: Grimmsnarl|0 fnt\n|-heal|p1a: Hatterene|80\/100|[from] drain|[of] p2a: Grimmsnarl\n|faint|p2a: Grimmsnarl\n|\n|upkeep\n|\n|t:|1700443389\n|switch|p2a: Clodsire|Clodsire, F|100\/100\n|turn|11\n|\n|t:|1700443393\n|move|p2a: Clodsire|Gunk Shot|p1a: Hatterene|[miss]\n|-miss|p2a: Clodsire|p1a: Hatterene\n|move|p1a: Hatterene|Psyshock|p2a: Clodsire\n|-supereffective|p2a: Clodsire\n|-damage|p2a: Clodsire|0 fnt\n|faint|p2a: Clodsire\n|\n|-fieldend|move: Trick Room\n|upkeep\n|\n|t:|1700443418\n|switch|p2a: Hoopa|Hoopa-Unbound|65\/100 psn\n|turn|12\n|\n|t:|1700443432\n|move|p2a: Hoopa|Shadow Ball|p1a: Hatterene\n|-supereffective|p1a: Hatterene\n|-damage|p1a: Hatterene|38\/100\n|move|p1a: Hatterene|Trick Room|p1a: Hatterene\n|-fieldstart|move: Trick Room|[of] p1a: Hatterene\n|\n|-damage|p2a: Hoopa|52\/100 psn|[from] psn\n|upkeep\n|turn|13\n|\n|t:|1700443457\n|move|p1a: Hatterene|Draining Kiss|p2a: Hoopa\n|-supereffective|p2a: Hoopa\n|-damage|p2a: Hoopa|26\/100 psn\n|-heal|p1a: Hatterene|61\/100|[from] drain|[of] p2a: Hoopa\n|move|p2a: Hoopa|Shadow Ball|p1a: Hatterene\n|-supereffective|p1a: Hatterene\n|-damage|p1a: Hatterene|17\/100\n|\n|-damage|p2a: Hoopa|14\/100 psn|[from] psn\n|upkeep\n|turn|14\n|\n|t:|1700443500\n|move|p1a: Hatterene|Draining Kiss|p2a: Hoopa\n|-supereffective|p2a: Hoopa\n|-damage|p2a: Hoopa|0 fnt\n|-heal|p1a: Hatterene|29\/100|[from] drain|[of] p2a: Hoopa\n|faint|p2a: Hoopa\n|\n|upkeep\n|\n|t:|1700443529\n|switch|p2a: Altaria|Altaria, M|100\/100\n|-ability|p2a: Altaria|Cloud Nine\n|turn|15\n|\n|t:|1700443565\n|switch|p1a: Freddy|Ursaluna, F|100\/100\n|-terastallize|p2a: Altaria|Steel\n|move|p2a: Altaria|Ice Beam|p1a: Freddy\n|-supereffective|p1a: Freddy\n|-damage|p1a: Freddy|72\/100\n|\n|-status|p1a: Freddy|brn|[from] item: Flame Orb\n|upkeep\n|turn|16\n|\n|t:|1700443582\n|move|p1a: Freddy|Earthquake|p2a: Altaria\n|-supereffective|p2a: Altaria\n|-damage|p2a: Altaria|0 fnt\n|faint|p2a: Altaria\n|\n|-damage|p1a: Freddy|66\/100 brn|[from] brn\n|-fieldend|move: Trick Room\n|upkeep\n|\n|t:|1700443609\n|switch|p2a: Electrode|Electrode|35\/100 psn\n|turn|17\n|\n|t:|1700443639\n|move|p2a: Electrode|Electric Terrain|p2a: Electrode\n|-fieldstart|move: Electric Terrain\n|move|p1a: Freddy|Earthquake|p2a: Electrode\n|-supereffective|p2a: Electrode\n|-damage|p2a: Electrode|0 fnt\n|faint|p2a: Electrode\n|\n|-damage|p1a: Freddy|60\/100 brn|[from] brn\n|upkeep\n|\n|t:|1700443645\n|switch|p2a: Iron Valiant|Iron Valiant|100\/100\n|-activate|p2a: Iron Valiant|ability: Quark Drive\n|-start|p2a: Iron Valiant|quarkdrivespe\n|turn|18\n|\n|t:|1700443661\n|move|p2a: Iron Valiant|Close Combat|p1a: Freddy\n|-supereffective|p1a: Freddy\n|-damage|p1a: Freddy|0 fnt\n|-unboost|p2a: Iron Valiant|def|1\n|-unboost|p2a: Iron Valiant|spd|1\n|faint|p1a: Freddy\n|-damage|p2a: Iron Valiant|91\/100|[from] item: Life Orb\n|\n|upkeep\n|\n|t:|1700443681\n|switch|p1a: Hatterene|Hatterene, F|29\/100\n|turn|19\n|\n|t:|1700443690\n|move|p2a: Iron Valiant|Spirit Break|p1a: Hatterene\n|-damage|p1a: Hatterene|0 fnt\n|faint|p1a: Hatterene\n|-damage|p2a: Iron Valiant|81\/100|[from] item: Life Orb\n|\n|upkeep\n|\n|t:|1700443724\n|switch|p1a: LearnChineseBuddy|Ting-Lu|61\/100\n|-ability|p1a: LearnChineseBuddy|Vessel of Ruin\n|turn|20\n|\n|t:|1700443786\n|move|p2a: Iron Valiant|Swords Dance|p2a: Iron Valiant\n|-boost|p2a: Iron Valiant|atk|2\n|move|p1a: LearnChineseBuddy|Earthquake|p2a: Iron Valiant\n|-damage|p2a: Iron Valiant|11\/100\n|\n|-heal|p1a: LearnChineseBuddy|67\/100|[from] item: Leftovers\n|upkeep\n|turn|21\n|\n|t:|1700443796\n|move|p2a: Iron Valiant|Close Combat|p1a: LearnChineseBuddy\n|-supereffective|p1a: LearnChineseBuddy\n|-damage|p1a: LearnChineseBuddy|0 fnt\n|-unboost|p2a: Iron Valiant|def|1\n|-unboost|p2a: Iron Valiant|spd|1\n|faint|p1a: LearnChineseBuddy\n|-damage|p2a: Iron Valiant|2\/100|[from] item: Life Orb\n|\n|-fieldend|move: Electric Terrain\n|-end|p2a: Iron Valiant|Quark Drive\n|upkeep\n|\n|t:|1700443809\n|switch|p1a: Amoonguss|Amoonguss, F|100\/100\n|turn|22\n|\n|t:|1700443817\n|move|p2a: Iron Valiant|Close Combat|p1a: Amoonguss\n|-resisted|p1a: Amoonguss\n|-damage|p1a: Amoonguss|34\/100\n|-unboost|p2a: Iron Valiant|def|1\n|-unboost|p2a: Iron Valiant|spd|1\n|-damage|p2a: Iron Valiant|0 fnt|[from] item: Life Orb\n|faint|p2a: Iron Valiant\n|-end|p2a: Iron Valiant|Quark Drive|[silent]\n|\n|win|pkpowers310\n","uploadtime":1700443826,"views":22,"p1id":"pkpowers310","p2id":"astyrpygos","formatid":"gen9ubers","rating":0,"private":0,"password":""}