{"id":"gen9ubers-1979294696","p1":"Bullymeifurgay","p2":"Mekihell","format":"[Gen 9] Ubers","log":"|j|\u2606Bullymeifurgay\n|j|\u2606Mekihell\n|t:|1698667710\n|gametype|singles\n|player|p1|Bullymeifurgay|lass-gen4dp|1000\n|player|p2|Mekihell|volkner|1133\n|teamsize|p1|6\n|teamsize|p2|6\n|gen|9\n|tier|[Gen 9] Ubers\n|rated|\n|rule|Sleep Clause Mod: Limit one foe put to sleep\n|rule|Species Clause: Limit one of each Pok\u00e9mon\n|rule|OHKO Clause: OHKO moves are banned\n|rule|Evasion Items Clause: Evasion items are banned\n|rule|Evasion Moves Clause: Evasion moves are banned\n|rule|Endless Battle Clause: Forcing endless battles is banned\n|rule|HP Percentage Mod: HP is shown in percentages\n|clearpoke\n|poke|p1|Froslass, F|\n|poke|p1|Koraidon|\n|poke|p1|Flutter Mane|\n|poke|p1|Clodsire, F|\n|poke|p1|Corviknight, F|\n|poke|p1|Hatterene, F|\n|poke|p2|Arceus-Poison|\n|poke|p2|Baxcalibur, F|\n|poke|p2|Giratina-Origin|\n|poke|p2|Zacian-*|\n|poke|p2|Urshifu-*, F|\n|poke|p2|Rayquaza|\n|teampreview\n|\n|t:|1698667717\n|start\n|switch|p1a: Froslass|Froslass, F|100\/100\n|switch|p2a: Arceus|Arceus-Poison|100\/100\n|turn|1\n|inactive|Battle timer is ON: inactive players will automatically lose when time's up. (requested by Bullymeifurgay)\n|\n|t:|1698667725\n|move|p1a: Froslass|Taunt|p2a: Arceus\n|-start|p2a: Arceus|move: Taunt\n|move|p2a: Arceus|Dazzling Gleam|p1a: Froslass\n|-damage|p1a: Froslass|60\/100\n|\n|upkeep\n|turn|2\n|\n|t:|1698667733\n|move|p1a: Froslass|Spikes|p2a: Arceus\n|-sidestart|p2: Mekihell|Spikes\n|move|p2a: Arceus|Dazzling Gleam|p1a: Froslass\n|-damage|p1a: Froslass|21\/100\n|-start|p2a: Arceus|Disable|Dazzling Gleam|[from] ability: Cursed Body|[of] p1a: Froslass\n|\n|upkeep\n|turn|3\n|\n|t:|1698667741\n|move|p1a: Froslass|Destiny Bond|p1a: Froslass\n|-singlemove|p1a: Froslass|Destiny Bond\n|move|p2a: Arceus|Judgment|p1a: Froslass\n|-resisted|p1a: Froslass\n|-damage|p1a: Froslass|0 fnt\n|faint|p1a: Froslass\n|-activate|p1a: Froslass|move: Destiny Bond\n|faint|p2a: Arceus\n|\n|upkeep\n|\n|t:|1698667756\n|switch|p1a: Koraidon|Koraidon|100\/100\n|switch|p2a: Giratina|Giratina-Origin|100\/100\n|-weather|SunnyDay|[from] ability: Orichalcum Pulse|[of] p1a: Koraidon\n|-activate|p1a: Koraidon|Orichalcum Pulse|[source]\n|turn|4\n|\n|t:|1698667764\n|move|p1a: Koraidon|U-turn|p2a: Giratina\n|-resisted|p2a: Giratina\n|-damage|p2a: Giratina|83\/100\n|\n|t:|1698667766\n|switch|p1a: Flutter Mane|Flutter Mane|100\/100|[from] U-turn\n|-activate|p1a: Flutter Mane|ability: Protosynthesis\n|-start|p1a: Flutter Mane|protosynthesisspe\n|move|p2a: Giratina|Draco Meteor|p1a: Flutter Mane\n|-immune|p1a: Flutter Mane\n|\n|-weather|SunnyDay|[upkeep]\n|upkeep\n|turn|5\n|\n|t:|1698667778\n|move|p1a: Flutter Mane|Moonblast|p2a: Giratina\n|-supereffective|p2a: Giratina\n|-damage|p2a: Giratina|0 fnt\n|faint|p2a: Giratina\n|\n|-weather|SunnyDay|[upkeep]\n|upkeep\n|\n|t:|1698667785\n|switch|p2a: Zacian|Zacian-Crowned|100\/100\n|-damage|p2a: Zacian|88\/100|[from] Spikes\n|-ability|p2a: Zacian|Intrepid Sword|boost\n|-boost|p2a: Zacian|atk|1\n|turn|6\n|\n|t:|1698667793\n|-end|p1a: Flutter Mane|Protosynthesis|[silent]\n|switch|p1a: Corviknight|Corviknight, F|100\/100\n|-ability|p1a: Corviknight|Pressure\n|move|p2a: Zacian|Behemoth Blade|p1a: Corviknight\n|-resisted|p1a: Corviknight\n|-damage|p1a: Corviknight|74\/100\n|-damage|p2a: Zacian|72\/100|[from] item: Rocky Helmet|[of] p1a: Corviknight\n|\n|-weather|SunnyDay|[upkeep]\n|upkeep\n|turn|7\n|\n|t:|1698667806\n|move|p2a: Zacian|Moonblast|p1a: Corviknight\n|-resisted|p1a: Corviknight\n|-damage|p1a: Corviknight|61\/100\n|-unboost|p1a: Corviknight|spa|1\n|move|p1a: Corviknight|Body Press|p2a: Zacian\n|-damage|p2a: Zacian|46\/100\n|\n|-weather|SunnyDay|[upkeep]\n|upkeep\n|turn|8\n|\n|t:|1698667817\n|move|p2a: Zacian|Close Combat|p1a: Corviknight\n|-damage|p1a: Corviknight|23\/100\n|-unboost|p2a: Zacian|def|1\n|-unboost|p2a: Zacian|spd|1\n|-damage|p2a: Zacian|29\/100|[from] item: Rocky Helmet|[of] p1a: Corviknight\n|move|p1a: Corviknight|Body Press|p2a: Zacian\n|-damage|p2a: Zacian|0 fnt\n|faint|p2a: Zacian\n|\n|-weather|none\n|upkeep\n|\n|t:|1698667829\n|switch|p2a: Rayquaza|Rayquaza|100\/100\n|-ability|p2a: Rayquaza|Air Lock\n|turn|9\n|\n|t:|1698667835\n|move|p2a: Rayquaza|Dragon Ascent|p1a: Corviknight\n|-resisted|p1a: Corviknight\n|-damage|p1a: Corviknight|0 fnt\n|-unboost|p2a: Rayquaza|def|1\n|-unboost|p2a: Rayquaza|spd|1\n|-damage|p2a: Rayquaza|84\/100|[from] item: Rocky Helmet|[of] p1a: Corviknight\n|faint|p1a: Corviknight\n|\n|upkeep\n|\n|t:|1698667842\n|switch|p1a: Koraidon|Koraidon|100\/100\n|-weather|SunnyDay|[from] ability: Orichalcum Pulse|[of] p1a: Koraidon\n|-activate|p1a: Koraidon|Orichalcum Pulse|[source]\n|turn|10\n|\n|t:|1698667848\n|move|p1a: Koraidon|U-turn|p2a: Rayquaza\n|-resisted|p2a: Rayquaza\n|-damage|p2a: Rayquaza|48\/100\n|\n|t:|1698667855\n|switch|p1a: Hatterene|Hatterene, F|100\/100|[from] U-turn\n|move|p2a: Rayquaza|Draco Meteor|p1a: Hatterene\n|-immune|p1a: Hatterene\n|\n|-weather|SunnyDay|[upkeep]\n|upkeep\n|turn|11\n|\n|t:|1698667866\n|move|p2a: Rayquaza|Dragon Ascent|p1a: Hatterene\n|-damage|p1a: Hatterene|34\/100\n|-unboost|p2a: Rayquaza|def|1\n|-unboost|p2a: Rayquaza|spd|1\n|move|p1a: Hatterene|Calm Mind|p1a: Hatterene\n|-boost|p1a: Hatterene|spa|1\n|-boost|p1a: Hatterene|spd|1\n|\n|-weather|SunnyDay|[upkeep]\n|-heal|p1a: Hatterene|40\/100|[from] item: Leftovers\n|upkeep\n|turn|12\n|\n|t:|1698667878\n|-terastallize|p1a: Hatterene|Steel\n|move|p2a: Rayquaza|Dragon Ascent|p1a: Hatterene\n|-resisted|p1a: Hatterene\n|-crit|p1a: Hatterene\n|-damage|p1a: Hatterene|0 fnt\n|-unboost|p2a: Rayquaza|def|1\n|-unboost|p2a: Rayquaza|spd|1\n|faint|p1a: Hatterene\n|\n|-weather|SunnyDay|[upkeep]\n|upkeep\n|\n|t:|1698667887\n|switch|p1a: Koraidon|Koraidon|100\/100\n|turn|13\n|\n|t:|1698667896\n|move|p1a: Koraidon|Wild Charge|p2a: Rayquaza\n|-damage|p2a: Rayquaza|0 fnt\n|faint|p2a: Rayquaza\n|-damage|p1a: Koraidon|88\/100|[from] Recoil\n|\n|-weather|SunnyDay|[upkeep]\n|upkeep\n|\n|t:|1698667904\n|switch|p2a: Baxcalibur|Baxcalibur, F|100\/100\n|-damage|p2a: Baxcalibur|88\/100|[from] Spikes\n|turn|14\n|\n|t:|1698667910\n|move|p1a: Koraidon|Wild Charge|p2a: Baxcalibur\n|-resisted|p2a: Baxcalibur\n|-damage|p2a: Baxcalibur|54\/100\n|-damage|p1a: Koraidon|79\/100|[from] Recoil\n|move|p2a: Baxcalibur|Glaive Rush|p1a: Koraidon\n|-supereffective|p1a: Koraidon\n|-damage|p1a: Koraidon|0 fnt\n|-singlemove|p2a: Baxcalibur|Glaive Rush|[silent]\n|faint|p1a: Koraidon\n|\n|-weather|none\n|upkeep\n|\n|t:|1698667914\n|switch|p1a: Flutter Mane|Flutter Mane|100\/100\n|turn|15\n|\n|t:|1698667926\n|switch|p2a: Urshifu|Urshifu-Rapid-Strike, F|100\/100\n|-damage|p2a: Urshifu|88\/100|[from] Spikes\n|move|p1a: Flutter Mane|Moonblast|p2a: Urshifu\n|-supereffective|p2a: Urshifu\n|-damage|p2a: Urshifu|0 fnt\n|faint|p2a: Urshifu\n|\n|upkeep\n|\n|t:|1698667936\n|switch|p2a: Baxcalibur|Baxcalibur, F|54\/100\n|-damage|p2a: Baxcalibur|41\/100|[from] Spikes\n|turn|16\n|\n|t:|1698667945\n|move|p1a: Flutter Mane|Moonblast|p2a: Baxcalibur\n|-supereffective|p2a: Baxcalibur\n|-damage|p2a: Baxcalibur|0 fnt\n|faint|p2a: Baxcalibur\n|\n|win|Bullymeifurgay\n|raw|Bullymeifurgay's rating: 1000 &rarr; <strong>1055<\/strong><br \/>(+55 for winning)\n|raw|Mekihell's rating: 1133 &rarr; <strong>1099<\/strong><br \/>(-34 for losing)\n","uploadtime":1698667948,"views":18,"p1id":"bullymeifurgay","p2id":"mekihell","formatid":"gen9ubers","rating":1055,"private":0,"password":""}