{"id":"gen9ubers-1986474461","p1":"TerrarianSkeleton","p2":"Evilphantom7","format":"[Gen 9] Ubers","log":"|j|\u2606TerrarianSkeleton\n|j|\u2606Evilphantom7\n|t:|1699482754\n|gametype|singles\n|player|p1|TerrarianSkeleton|koga|1160\n|player|p2|Evilphantom7|170|1054\n|teamsize|p1|6\n|teamsize|p2|6\n|gen|9\n|tier|[Gen 9] Ubers\n|rated|\n|rule|Sleep Clause Mod: Limit one foe put to sleep\n|rule|Species Clause: Limit one of each Pok\u00e9mon\n|rule|OHKO Clause: OHKO moves are banned\n|rule|Evasion Items Clause: Evasion items are banned\n|rule|Evasion Moves Clause: Evasion moves are banned\n|rule|Endless Battle Clause: Forcing endless battles is banned\n|rule|HP Percentage Mod: HP is shown in percentages\n|clearpoke\n|poke|p1|Regieleki|\n|poke|p1|Enamorus, F|\n|poke|p1|Glimmora, F|\n|poke|p1|Golem-Alola, M|\n|poke|p1|Tyranitar, M|\n|poke|p1|Houndstone, M|\n|poke|p2|Ogerpon-Hearthflame, F|\n|poke|p2|Espathra, M|\n|poke|p2|Miraidon|\n|poke|p2|Kingambit, M|\n|poke|p2|Urshifu-*, F|\n|poke|p2|Hatterene, F|\n|teampreview\n|inactive|Battle timer is ON: inactive players will automatically lose when time's up. (requested by TerrarianSkeleton)\n|\n|t:|1699482761\n|start\n|switch|p1a: Glimmora|Glimmora, F|100\/100\n|switch|p2a: Miraidon|Miraidon|100\/100\n|-fieldstart|move: Electric Terrain|[from] ability: Hadron Engine|[of] p2a: Miraidon\n|turn|1\n|\n|t:|1699482769\n|move|p2a: Miraidon|Volt Switch|p1a: Glimmora\n|-enditem|p1a: Glimmora|Focus Sash\n|-damage|p1a: Glimmora|1\/100\n|\n|t:|1699482773\n|switch|p2a: Hatterene|Hatterene, F|100\/100|[from] Volt Switch\n|move|p1a: Glimmora|Stealth Rock|p2a: Hatterene\n|move|p2a: Hatterene|Stealth Rock|p1a: Glimmora|[from]ability: Magic Bounce\n|-sidestart|p1: TerrarianSkeleton|move: Stealth Rock\n|\n|upkeep\n|turn|2\n|\n|t:|1699482783\n|move|p1a: Glimmora|Toxic|p2a: Hatterene\n|move|p2a: Hatterene|Toxic|p1a: Glimmora|[from]ability: Magic Bounce|[miss]\n|-miss|p2a: Hatterene|p1a: Glimmora\n|move|p2a: Hatterene|Draining Kiss|p1a: Glimmora\n|-resisted|p1a: Glimmora\n|-damage|p1a: Glimmora|0 fnt\n|faint|p1a: Glimmora\n|\n|upkeep\n|\n|t:|1699482793\n|switch|p1a: Golem|Golem-Alola, M|100\/100\n|-damage|p1a: Golem|88\/100|[from] Stealth Rock\n|turn|3\n|\n|t:|1699482798\n|move|p1a: Golem|Explosion|p2a: Hatterene\n|-damage|p2a: Hatterene|0 fnt\n|faint|p1a: Golem\n|faint|p2a: Hatterene\n|\n|upkeep\n|\n|t:|1699482809\n|switch|p1a: Enamorus|Enamorus, F|100\/100\n|switch|p2a: Espathra|Espathra, M|100\/100\n|-damage|p1a: Enamorus|76\/100|[from] Stealth Rock\n|turn|4\n|\n|t:|1699482820\n|switch|p2a: Ogerpon|Ogerpon-Hearthflame, F|100\/100\n|-ability|p2a: Ogerpon|Mold Breaker\n|move|p1a: Enamorus|Misty Explosion|p2a: Ogerpon\n|-resisted|p2a: Ogerpon\n|-damage|p2a: Ogerpon|72\/100\n|faint|p1a: Enamorus\n|\n|upkeep\n|\n|t:|1699482828\n|switch|p1a: Regieleki|Regieleki|100\/100\n|-damage|p1a: Regieleki|88\/100|[from] Stealth Rock\n|turn|5\n|\n|t:|1699482838\n|move|p1a: Regieleki|Light Screen|p1a: Regieleki\n|-sidestart|p1: TerrarianSkeleton|move: Light Screen\n|move|p2a: Ogerpon|Ivy Cudgel|p1a: Regieleki\n|-damage|p1a: Regieleki|0 fnt\n|faint|p1a: Regieleki\n|\n|-fieldend|move: Electric Terrain\n|upkeep\n|\n|t:|1699482844\n|switch|p1a: Tyranitar|Tyranitar, M, shiny|100\/100\n|-damage|p1a: Tyranitar|88\/100|[from] Stealth Rock\n|-weather|Sandstorm|[from] ability: Sand Stream|[of] p1a: Tyranitar\n|turn|6\n|\n|t:|1699482852\n|switch|p1a: Houndstone|Houndstone, M|100\/100\n|-damage|p1a: Houndstone|88\/100|[from] Stealth Rock\n|move|p2a: Ogerpon|Horn Leech|p1a: Houndstone\n|-damage|p1a: Houndstone|33\/100\n|-heal|p2a: Ogerpon|98\/100|[from] drain|[of] p1a: Houndstone\n|\n|-weather|Sandstorm|[upkeep]\n|-damage|p2a: Ogerpon|92\/100|[from] Sandstorm\n|upkeep\n|turn|7\n|\n|t:|1699482863\n|move|p1a: Houndstone|Last Respects|p2a: Ogerpon\n|-damage|p2a: Ogerpon|0 fnt\n|faint|p2a: Ogerpon\n|\n|-weather|Sandstorm|[upkeep]\n|upkeep\n|\n|t:|1699482875\n|switch|p2a: Kingambit|Kingambit, M|100\/100\n|-activate|p2a: Kingambit|ability: Supreme Overlord\n|-start|p2a: Kingambit|fallen2|[silent]\n|turn|8\n|\n|t:|1699482879\n|switch|p1a: Tyranitar|Tyranitar, M, shiny|88\/100\n|-damage|p1a: Tyranitar|76\/100|[from] Stealth Rock\n|move|p2a: Kingambit|Sucker Punch||[still]\n|-fail|p2a: Kingambit\n|\n|-weather|Sandstorm|[upkeep]\n|upkeep\n|turn|9\n|\n|t:|1699482887\n|-end|p2a: Kingambit|fallen2|[silent]\n|switch|p2a: Urshifu|Urshifu-Rapid-Strike, F|100\/100\n|move|p1a: Tyranitar|Earthquake|p2a: Urshifu\n|-damage|p2a: Urshifu|63\/100\n|\n|-weather|Sandstorm|[upkeep]\n|-damage|p2a: Urshifu|57\/100|[from] Sandstorm\n|upkeep\n|turn|10\n|\n|t:|1699482896\n|switch|p1a: Houndstone|Houndstone, M|33\/100\n|-damage|p1a: Houndstone|21\/100|[from] Stealth Rock\n|move|p2a: Urshifu|Surging Strikes|p1a: Houndstone\n|-crit|p1a: Houndstone\n|-damage|p1a: Houndstone|0 fnt\n|faint|p1a: Houndstone\n|-hitcount|p1: Houndstone|1\n|\n|-weather|Sandstorm|[upkeep]\n|-damage|p2a: Urshifu|51\/100|[from] Sandstorm\n|upkeep\n|\n|t:|1699482906\n|switch|p1a: Tyranitar|Tyranitar, M, shiny|76\/100\n|-damage|p1a: Tyranitar|64\/100|[from] Stealth Rock\n|turn|11\n|\n|t:|1699482916\n|-terastallize|p1a: Tyranitar|Flying\n|move|p2a: Urshifu|Surging Strikes|p1a: Tyranitar\n|-crit|p1a: Tyranitar\n|-damage|p1a: Tyranitar|42\/100\n|-crit|p1a: Tyranitar\n|-damage|p1a: Tyranitar|19\/100\n|-crit|p1a: Tyranitar\n|-damage|p1a: Tyranitar|0 fnt\n|faint|p1a: Tyranitar\n|-hitcount|p1: Tyranitar|3\n|\n|win|Evilphantom7\n|raw|TerrarianSkeleton's rating: 1160 &rarr; <strong>1128<\/strong><br \/>(-32 for losing)\n|raw|Evilphantom7's rating: 1054 &rarr; <strong>1095<\/strong><br \/>(+41 for winning)\n","uploadtime":1699482922,"views":4,"p1id":"terrarianskeleton","p2id":"evilphantom7","formatid":"gen9ubers","rating":1095,"private":0,"password":""}