{"id":"gen9ubers-1994783449","p1":"hanshappy","p2":"cbreton","format":"[Gen 9] Ubers","log":"|j|\u2606hanshappy\n|j|\u2606cbreton\n|t:|1700492361\n|gametype|singles\n|player|p1|hanshappy|169|1355\n|player|p2|cbreton|backersf|1222\n|teamsize|p1|6\n|teamsize|p2|6\n|gen|9\n|tier|[Gen 9] Ubers\n|rated|\n|rule|Sleep Clause Mod: Limit one foe put to sleep\n|rule|Species Clause: Limit one of each Pok\u00e9mon\n|rule|OHKO Clause: OHKO moves are banned\n|rule|Evasion Items Clause: Evasion items are banned\n|rule|Evasion Moves Clause: Evasion moves are banned\n|rule|Endless Battle Clause: Forcing endless battles is banned\n|rule|HP Percentage Mod: HP is shown in percentages\n|clearpoke\n|poke|p1|Ribombee, F|\n|poke|p1|Koraidon|\n|poke|p1|Arceus|\n|poke|p1|Miraidon|\n|poke|p1|Basculegion, M|\n|poke|p1|Rayquaza|\n|poke|p2|Scream Tail|\n|poke|p2|Regieleki|\n|poke|p2|Annihilape, M|\n|poke|p2|Typhlosion-Hisui, M|\n|poke|p2|Rayquaza|\n|poke|p2|Kyogre|\n|teampreview\n|inactive|Battle timer is ON: inactive players will automatically lose when time's up. (requested by cbreton)\n|\n|t:|1700492366\n|start\n|switch|p1a: Koraidon|Koraidon|100\/100\n|switch|p2a: Scream Tail|Scream Tail|100\/100\n|-weather|SunnyDay|[from] ability: Orichalcum Pulse|[of] p1a: Koraidon\n|-activate|p2a: Scream Tail|ability: Protosynthesis\n|-start|p2a: Scream Tail|protosynthesisdef\n|-activate|p1a: Koraidon|Orichalcum Pulse|[source]\n|turn|1\n|\n|t:|1700492371\n|switch|p1a: Ribombee|Ribombee, F|100\/100\n|move|p2a: Scream Tail|Thunder Wave|p1a: Ribombee\n|-status|p1a: Ribombee|par\n|\n|-weather|SunnyDay|[upkeep]\n|upkeep\n|turn|2\n|\n|t:|1700492377\n|move|p2a: Scream Tail|Stealth Rock|p1a: Ribombee\n|-sidestart|p1: hanshappy|move: Stealth Rock\n|cant|p1a: Ribombee|par\n|\n|-weather|SunnyDay|[upkeep]\n|upkeep\n|turn|3\n|\n|t:|1700492381\n|move|p2a: Scream Tail|Play Rough|p1a: Ribombee|[miss]\n|-miss|p2a: Scream Tail|p1a: Ribombee\n|move|p1a: Ribombee|Stun Spore|p2a: Scream Tail\n|-status|p2a: Scream Tail|par\n|\n|-weather|SunnyDay|[upkeep]\n|upkeep\n|turn|4\n|\n|t:|1700492384\n|move|p1a: Ribombee|Sticky Web|p2a: Scream Tail\n|-sidestart|p2: cbreton|move: Sticky Web\n|cant|p2a: Scream Tail|par\n|\n|-weather|SunnyDay|[upkeep]\n|upkeep\n|turn|5\n|\n|t:|1700492388\n|move|p1a: Ribombee|Moonblast|p2a: Scream Tail\n|-damage|p2a: Scream Tail|75\/100 par\n|move|p2a: Scream Tail|Play Rough|p1a: Ribombee\n|-crit|p1a: Ribombee\n|-damage|p1a: Ribombee|39\/100 par\n|\n|-weather|none\n|-end|p2a: Scream Tail|Protosynthesis\n|upkeep\n|-enditem|p2a: Scream Tail|Booster Energy\n|-activate|p2a: Scream Tail|ability: Protosynthesis|[fromitem]\n|-start|p2a: Scream Tail|protosynthesisdef\n|turn|6\n|\n|t:|1700492393\n|move|p1a: Ribombee|Moonblast|p2a: Scream Tail\n|-damage|p2a: Scream Tail|47\/100 par\n|-unboost|p2a: Scream Tail|spa|1\n|move|p2a: Scream Tail|Play Rough|p1a: Ribombee|[miss]\n|-miss|p2a: Scream Tail|p1a: Ribombee\n|\n|upkeep\n|turn|7\n|\n|t:|1700492411\n|move|p1a: Ribombee|Moonblast|p2a: Scream Tail\n|-damage|p2a: Scream Tail|20\/100 par\n|-unboost|p2a: Scream Tail|spa|1\n|move|p2a: Scream Tail|Play Rough|p1a: Ribombee|[miss]\n|-miss|p2a: Scream Tail|p1a: Ribombee\n|\n|upkeep\n|turn|8\n|c|\u2606cbreton|???\n|\n|t:|1700492422\n|move|p1a: Ribombee|Quiver Dance|p1a: Ribombee\n|-boost|p1a: Ribombee|spa|1\n|-boost|p1a: Ribombee|spd|1\n|-boost|p1a: Ribombee|spe|1\n|move|p2a: Scream Tail|Play Rough|p1a: Ribombee\n|-damage|p1a: Ribombee|0 fnt\n|faint|p1a: Ribombee\n|\n|upkeep\n|\n|t:|1700492433\n|switch|p1a: Basculegion|Basculegion, M|100\/100\n|turn|9\n|\n|t:|1700492438\n|move|p1a: Basculegion|Substitute|p1a: Basculegion\n|-start|p1a: Basculegion|Substitute\n|-damage|p1a: Basculegion|76\/100\n|move|p2a: Scream Tail|Thunder Wave|p1a: Basculegion|[miss]\n|-miss|p2a: Scream Tail|p1a: Basculegion\n|\n|upkeep\n|turn|10\n|\n|t:|1700492442\n|move|p1a: Basculegion|Agility|p1a: Basculegion\n|-boost|p1a: Basculegion|spe|2\n|move|p2a: Scream Tail|Encore|p1a: Basculegion\n|-start|p1a: Basculegion|Encore\n|\n|upkeep\n|turn|11\n|\n|t:|1700492448\n|switch|p1a: Miraidon|Miraidon|100\/100\n|-damage|p1a: Miraidon|88\/100|[from] Stealth Rock\n|-fieldstart|move: Electric Terrain|[from] ability: Hadron Engine|[of] p1a: Miraidon\n|-enditem|p1a: Miraidon|Electric Seed\n|-boost|p1a: Miraidon|def|1|[from] item: Electric Seed\n|move|p2a: Scream Tail|Play Rough|p1a: Miraidon\n|-supereffective|p1a: Miraidon\n|-damage|p1a: Miraidon|61\/100\n|\n|upkeep\n|turn|12\n|\n|t:|1700492458\n|move|p1a: Miraidon|Electro Drift|p2a: Scream Tail\n|-damage|p2a: Scream Tail|0 fnt\n|faint|p2a: Scream Tail\n|-end|p2a: Scream Tail|Protosynthesis|[silent]\n|\n|upkeep\n|\n|t:|1700492464\n|switch|p2a: Regieleki|Regieleki|100\/100\n|-activate|p2a: Regieleki|move: Sticky Web\n|-unboost|p2a: Regieleki|spe|1\n|turn|13\n|\n|t:|1700492478\n|-terastallize|p1a: Miraidon|Ghost\n|move|p1a: Miraidon|Dragon Pulse|p2a: Regieleki\n|-damage|p2a: Regieleki|0 fnt\n|faint|p2a: Regieleki\n|\n|upkeep\n|inactive|cbreton has 120 seconds left.\n|\n|t:|1700492530\n|switch|p2a: Rayquaza|Rayquaza, shiny|100\/100\n|-ability|p2a: Rayquaza|Air Lock\n|turn|14\n|\n|t:|1700492535\n|move|p1a: Miraidon|Dragon Pulse|p2a: Rayquaza\n|-supereffective|p2a: Rayquaza\n|-enditem|p2a: Rayquaza|Focus Sash\n|-damage|p2a: Rayquaza|1\/100\n|move|p2a: Rayquaza|Dragon Dance|p2a: Rayquaza\n|-boost|p2a: Rayquaza|atk|1\n|-boost|p2a: Rayquaza|spe|1\n|\n|upkeep\n|turn|15\n|\n|t:|1700492543\n|move|p2a: Rayquaza|Dragon Ascent|p1a: Miraidon\n|-crit|p1a: Miraidon\n|-damage|p1a: Miraidon|0 fnt\n|-unboost|p2a: Rayquaza|def|1\n|-unboost|p2a: Rayquaza|spd|1\n|faint|p1a: Miraidon\n|\n|-fieldend|move: Electric Terrain\n|upkeep\n|\n|t:|1700492551\n|switch|p1a: Arceus|Arceus|100\/100\n|-damage|p1a: Arceus|88\/100|[from] Stealth Rock\n|turn|16\n|inactive|cbreton has 120 seconds left.\n|\n|t:|1700492569\n|move|p2a: Rayquaza|Extreme Speed|p1a: Arceus\n|-damage|p1a: Arceus|55\/100\n|move|p1a: Arceus|Extreme Speed|p2a: Rayquaza\n|-damage|p2a: Rayquaza|0 fnt\n|faint|p2a: Rayquaza\n|\n|-heal|p1a: Arceus|61\/100|[from] item: Leftovers\n|upkeep\n|inactive|cbreton has 90 seconds left.\n|\n|t:|1700492595\n|switch|p2a: Annihilape|Annihilape, M|100\/100\n|-activate|p2a: Annihilape|move: Sticky Web\n|-unboost|p2a: Annihilape|spe|1\n|-ability|p2a: Annihilape|Defiant|boost\n|-boost|p2a: Annihilape|atk|2\n|turn|17\n|\n|t:|1700492609\n|move|p2a: Annihilape|Drain Punch|p1a: Arceus\n|-supereffective|p1a: Arceus\n|-damage|p1a: Arceus|0 fnt\n|faint|p1a: Arceus\n|\n|upkeep\n|\n|t:|1700492619\n|switch|p1a: Rayquaza|Rayquaza|100\/100\n|-damage|p1a: Rayquaza|76\/100|[from] Stealth Rock\n|-ability|p1a: Rayquaza|Air Lock\n|turn|18\n|\n|t:|1700492624\n|switch|p2a: Kyogre|Kyogre|100\/100\n|-activate|p2a: Kyogre|move: Sticky Web\n|-unboost|p2a: Kyogre|spe|1\n|-weather|RainDance|[from] ability: Drizzle|[of] p2a: Kyogre\n|move|p1a: Rayquaza|Dragon Ascent|p2a: Kyogre\n|-damage|p2a: Kyogre|24\/100\n|-unboost|p1a: Rayquaza|def|1\n|-unboost|p1a: Rayquaza|spd|1\n|\n|-weather|RainDance|[upkeep]\n|upkeep\n|turn|19\n|\n|t:|1700492635\n|move|p1a: Rayquaza|Dragon Ascent|p2a: Kyogre\n|-damage|p2a: Kyogre|0 fnt\n|-unboost|p1a: Rayquaza|def|1\n|-unboost|p1a: Rayquaza|spd|1\n|faint|p2a: Kyogre\n|\n|-weather|RainDance|[upkeep]\n|upkeep\n|\n|t:|1700492644\n|switch|p2a: Annihilape|Annihilape, M|100\/100\n|-activate|p2a: Annihilape|move: Sticky Web\n|-unboost|p2a: Annihilape|spe|1\n|-ability|p2a: Annihilape|Defiant|boost\n|-boost|p2a: Annihilape|atk|2\n|turn|20\n|\n|t:|1700492668\n|move|p1a: Rayquaza|Substitute|p1a: Rayquaza\n|-start|p1a: Rayquaza|Substitute\n|-damage|p1a: Rayquaza|51\/100\n|move|p2a: Annihilape|Drain Punch|p1a: Rayquaza\n|-resisted|p1a: Rayquaza\n|-end|p1a: Rayquaza|Substitute\n|\n|-weather|RainDance|[upkeep]\n|upkeep\n|turn|21\n|\n|t:|1700492674\n|-terastallize|p2a: Annihilape|Normal\n|move|p1a: Rayquaza|Dragon Ascent|p2a: Annihilape\n|-damage|p2a: Annihilape|23\/100\n|-unboost|p1a: Rayquaza|def|1\n|-unboost|p1a: Rayquaza|spd|1\n|move|p2a: Annihilape|Drain Punch|p1a: Rayquaza\n|-resisted|p1a: Rayquaza\n|-damage|p1a: Rayquaza|0 fnt\n|-heal|p2a: Annihilape|44\/100|[from] drain|[of] p1a: Rayquaza\n|faint|p1a: Rayquaza\n|\n|-weather|RainDance|[upkeep]\n|upkeep\n|\n|t:|1700492688\n|switch|p1a: Koraidon|Koraidon|100\/100\n|-damage|p1a: Koraidon|94\/100|[from] Stealth Rock\n|-weather|SunnyDay|[from] ability: Orichalcum Pulse|[of] p1a: Koraidon\n|-activate|p1a: Koraidon|Orichalcum Pulse|[source]\n|turn|22\n|\n|t:|1700492705\n|move|p1a: Koraidon|Scale Shot|p2a: Annihilape\n|-damage|p2a: Annihilape|27\/100\n|-damage|p2a: Annihilape|10\/100\n|-damage|p2a: Annihilape|0 fnt\n|faint|p2a: Annihilape\n|-hitcount|p2: Annihilape|3\n|-unboost|p1a: Koraidon|def|1\n|-boost|p1a: Koraidon|spe|1\n|\n|-weather|SunnyDay|[upkeep]\n|upkeep\n|\n|t:|1700492710\n|switch|p2a: Typhlosion|Typhlosion-Hisui, M, shiny|100\/100\n|-activate|p2a: Typhlosion|move: Sticky Web\n|-unboost|p2a: Typhlosion|spe|1\n|turn|23\n|inactive|cbreton has 120 seconds left.\n|\n|t:|1700492722\n|move|p1a: Koraidon|Scale Shot|p2a: Typhlosion\n|-damage|p2a: Typhlosion|75\/100\n|-damage|p2a: Typhlosion|50\/100\n|-damage|p2a: Typhlosion|25\/100\n|-damage|p2a: Typhlosion|0 fnt\n|faint|p2a: Typhlosion\n|-hitcount|p2: Typhlosion|4\n|\n|win|hanshappy\n|raw|hanshappy's rating: 1355 &rarr; <strong>1368<\/strong><br \/>(+13 for winning)\n|raw|cbreton's rating: 1222 &rarr; <strong>1206<\/strong><br \/>(-16 for losing)\n|l|\u2606cbreton\n","uploadtime":1700492730,"views":5,"p1id":"hanshappy","p2id":"cbreton","formatid":"gen9ubers","rating":1206,"private":0,"password":""}