{"id":"gen9ubers-1979837547","p1":"ganzert1502","p2":"Dflogin","format":"[Gen 9] Ubers","log":"|j|\u2606ganzert1502\n|j|\u2606Dflogin\n|t:|1698718476\n|gametype|singles\n|player|p1|ganzert1502|red|1129\n|player|p2|Dflogin|rood|1074\n|teamsize|p1|6\n|teamsize|p2|6\n|gen|9\n|tier|[Gen 9] Ubers\n|rated|\n|rule|Sleep Clause Mod: Limit one foe put to sleep\n|rule|Species Clause: Limit one of each Pok\u00e9mon\n|rule|OHKO Clause: OHKO moves are banned\n|rule|Evasion Items Clause: Evasion items are banned\n|rule|Evasion Moves Clause: Evasion moves are banned\n|rule|Endless Battle Clause: Forcing endless battles is banned\n|rule|HP Percentage Mod: HP is shown in percentages\n|clearpoke\n|poke|p1|Gengar, M|\n|poke|p1|Dragonite, M|\n|poke|p1|Volcarona, F|\n|poke|p1|Snorlax, M|\n|poke|p1|Giratina|\n|poke|p1|Kyogre|\n|poke|p2|Torkoal, M|\n|poke|p2|Walking Wake|\n|poke|p2|Chi-Yu|\n|poke|p2|Koraidon|\n|poke|p2|Scovillain, F|\n|poke|p2|Clodsire, M|\n|teampreview\n|\n|t:|1698718483\n|start\n|switch|p1a: Kyogre|Kyogre|100\/100\n|switch|p2a: Koraidon|Koraidon|100\/100\n|-weather|RainDance|[from] ability: Drizzle|[of] p1a: Kyogre\n|-weather|SunnyDay|[from] ability: Orichalcum Pulse|[of] p2a: Koraidon\n|-activate|p2a: Koraidon|Orichalcum Pulse|[source]\n|turn|1\n|\n|t:|1698718503\n|switch|p1a: Giratina|Giratina|100\/100\n|-ability|p1a: Giratina|Pressure\n|switch|p2a: Chi-Yu|Chi-Yu|100\/100\n|-ability|p2a: Chi-Yu|Beads of Ruin\n|\n|-weather|SunnyDay|[upkeep]\n|upkeep\n|turn|2\n|\n|t:|1698718514\n|move|p2a: Chi-Yu|Dark Pulse|p1a: Giratina\n|-supereffective|p1a: Giratina\n|-crit|p1a: Giratina\n|-damage|p1a: Giratina|0 fnt\n|faint|p1a: Giratina\n|\n|-weather|SunnyDay|[upkeep]\n|upkeep\n|inactive|Battle timer is ON: inactive players will automatically lose when time's up. (requested by Dflogin)\n|\n|t:|1698718540\n|switch|p1a: Snorlax|Snorlax, M|100\/100\n|turn|3\n|\n|t:|1698718547\n|switch|p2a: Koraidon|Koraidon|100\/100\n|-activate|p2a: Koraidon|ability: Orichalcum Pulse\n|move|p1a: Snorlax|Curse|p1a: Snorlax\n|-unboost|p1a: Snorlax|spe|1\n|-boost|p1a: Snorlax|atk|1\n|-boost|p1a: Snorlax|def|1\n|\n|-weather|SunnyDay|[upkeep]\n|upkeep\n|turn|4\n|\n|t:|1698718558\n|move|p2a: Koraidon|Collision Course|p1a: Snorlax\n|-supereffective|p1a: Snorlax\n|-damage|p1a: Snorlax|0 fnt\n|faint|p1a: Snorlax\n|\n|-weather|SunnyDay|[upkeep]\n|upkeep\n|\n|t:|1698718568\n|switch|p1a: Gengar|Gengar, M|100\/100\n|turn|5\n|\n|t:|1698718578\n|switch|p2a: Clodsire|Clodsire, M|100\/100\n|move|p1a: Gengar|Dazzling Gleam|p2a: Clodsire\n|-resisted|p2a: Clodsire\n|-damage|p2a: Clodsire|93\/100\n|\n|-weather|none\n|-heal|p2a: Clodsire|99\/100|[from] item: Black Sludge\n|upkeep\n|turn|6\n|\n|t:|1698718590\n|switch|p1a: Dragonite|Dragonite, M|100\/100\n|move|p2a: Clodsire|Earthquake|p1a: Dragonite\n|-immune|p1a: Dragonite\n|\n|-heal|p2a: Clodsire|100\/100|[from] item: Black Sludge\n|upkeep\n|turn|7\n|\n|t:|1698718598\n|move|p1a: Dragonite|Dragon Dance|p1a: Dragonite\n|-boost|p1a: Dragonite|atk|1\n|-boost|p1a: Dragonite|spe|1\n|move|p2a: Clodsire|Toxic|p1a: Dragonite\n|-status|p1a: Dragonite|tox\n|\n|-damage|p1a: Dragonite|94\/100 tox|[from] psn\n|upkeep\n|turn|8\n|\n|t:|1698718613\n|move|p1a: Dragonite|Earthquake|p2a: Clodsire\n|-supereffective|p2a: Clodsire\n|-damage|p2a: Clodsire|0 fnt\n|faint|p2a: Clodsire\n|-damage|p1a: Dragonite|84\/100 tox|[from] item: Life Orb\n|\n|-damage|p1a: Dragonite|72\/100 tox|[from] psn\n|upkeep\n|inactive|Dflogin has 120 seconds left.\n|\n|t:|1698718646\n|switch|p2a: Torkoal|Torkoal, M|100\/100\n|-weather|SunnyDay|[from] ability: Drought|[of] p2a: Torkoal\n|turn|9\n|\n|t:|1698718653\n|move|p1a: Dragonite|Earthquake|p2a: Torkoal\n|-supereffective|p2a: Torkoal\n|-damage|p2a: Torkoal|25\/100\n|-damage|p1a: Dragonite|62\/100 tox|[from] item: Life Orb\n|move|p2a: Torkoal|Stealth Rock|p1a: Dragonite\n|-sidestart|p1: ganzert1502|move: Stealth Rock\n|\n|-weather|SunnyDay|[upkeep]\n|-damage|p1a: Dragonite|44\/100 tox|[from] psn\n|upkeep\n|turn|10\n|\n|t:|1698718664\n|move|p1a: Dragonite|Earthquake|p2a: Torkoal\n|-supereffective|p2a: Torkoal\n|-damage|p2a: Torkoal|0 fnt\n|faint|p2a: Torkoal\n|-damage|p1a: Dragonite|34\/100 tox|[from] item: Life Orb\n|\n|-weather|SunnyDay|[upkeep]\n|-damage|p1a: Dragonite|9\/100 tox|[from] psn\n|upkeep\n|\n|t:|1698718668\n|switch|p2a: Scovillain|Scovillain, F|100\/100\n|turn|11\n|\n|t:|1698718678\n|move|p2a: Scovillain|Flamethrower|p1a: Dragonite\n|-resisted|p1a: Dragonite\n|-damage|p1a: Dragonite|0 fnt\n|faint|p1a: Dragonite\n|\n|-weather|SunnyDay|[upkeep]\n|upkeep\n|\n|t:|1698718686\n|switch|p1a: Volcarona|Volcarona, F|100\/100\n|-damage|p1a: Volcarona|50\/100|[from] Stealth Rock\n|turn|12\n|\n|t:|1698718694\n|move|p2a: Scovillain|Flamethrower|p1a: Volcarona\n|-damage|p1a: Volcarona|0 fnt\n|faint|p1a: Volcarona\n|\n|-weather|SunnyDay|[upkeep]\n|upkeep\n|\n|t:|1698718705\n|switch|p1a: Kyogre|Kyogre|100\/100\n|-damage|p1a: Kyogre|88\/100|[from] Stealth Rock\n|-weather|RainDance|[from] ability: Drizzle|[of] p1a: Kyogre\n|turn|13\n|\n|t:|1698718711\n|switch|p2a: Koraidon|Koraidon|100\/100\n|-weather|SunnyDay|[from] ability: Orichalcum Pulse|[of] p2a: Koraidon\n|-activate|p2a: Koraidon|Orichalcum Pulse|[source]\n|move|p1a: Kyogre|Water Spout|p2a: Koraidon\n|-resisted|p2a: Koraidon\n|-crit|p2a: Koraidon\n|-damage|p2a: Koraidon|73\/100\n|\n|-weather|SunnyDay|[upkeep]\n|upkeep\n|turn|14\n|-message|ganzert1502 forfeited.\n|\n|win|Dflogin\n|raw|ganzert1502's rating: 1129 &rarr; <strong>1100<\/strong><br \/>(-29 for losing)\n|raw|Dflogin's rating: 1074 &rarr; <strong>1107<\/strong><br \/>(+33 for winning)\n|l|\u2606ganzert1502\n","uploadtime":1698718725,"views":8,"p1id":"ganzert1502","p2id":"dflogin","formatid":"gen9ubers","rating":1100,"private":0,"password":""}