{"id":"gen9ubers-1973402588","p1":"DiffusedTurtle","p2":"EmpereurZer0","format":"[Gen 9] Ubers","log":"|j|\u2606DiffusedTurtle\n|j|\u2606EmpereurZer0\n|t:|1697969385\n|gametype|singles\n|player|p1|DiffusedTurtle|sordward-shielbert|1287\n|player|p2|EmpereurZer0|colress|1292\n|teamsize|p1|6\n|teamsize|p2|6\n|gen|9\n|tier|[Gen 9] Ubers\n|rated|\n|rule|Sleep Clause Mod: Limit one foe put to sleep\n|rule|Species Clause: Limit one of each Pok\u00e9mon\n|rule|OHKO Clause: OHKO moves are banned\n|rule|Evasion Items Clause: Evasion items are banned\n|rule|Evasion Moves Clause: Evasion moves are banned\n|rule|Endless Battle Clause: Forcing endless battles is banned\n|rule|HP Percentage Mod: HP is shown in percentages\n|clearpoke\n|poke|p1|Arceus|\n|poke|p1|Flutter Mane|\n|poke|p1|Koraidon|\n|poke|p1|Regieleki|\n|poke|p1|Zacian-*|\n|poke|p1|Miraidon|\n|poke|p2|Flutter Mane|\n|poke|p2|Iron Bundle|\n|poke|p2|Koraidon|\n|poke|p2|Miraidon|\n|poke|p2|Zacian-*|\n|poke|p2|Ribombee, F|\n|teampreview\n|inactive|Battle timer is ON: inactive players will automatically lose when time's up. (requested by DiffusedTurtle)\n|inactive|DiffusedTurtle has 120 seconds left.\n|\n|t:|1697969440\n|start\n|switch|p1a: Miraidon|Miraidon|100\/100\n|switch|p2a: BeMoreSpeed|Ribombee, F|100\/100\n|-fieldstart|move: Electric Terrain|[from] ability: Hadron Engine|[of] p1a: Miraidon\n|turn|1\n|\n|t:|1697969449\n|move|p1a: Miraidon|Volt Switch|p2a: BeMoreSpeed\n|-enditem|p2a: BeMoreSpeed|Focus Sash\n|-damage|p2a: BeMoreSpeed|1\/100\n|\n|t:|1697969451\n|switch|p1a: Regieleki|Regieleki|100\/100|[from] Volt Switch\n|move|p2a: BeMoreSpeed|Sticky Web|p1a: Regieleki\n|-sidestart|p1: DiffusedTurtle|move: Sticky Web\n|\n|upkeep\n|turn|2\n|\n|t:|1697969459\n|move|p1a: Regieleki|Electro Ball|p2a: BeMoreSpeed\n|-damage|p2a: BeMoreSpeed|0 fnt\n|faint|p2a: BeMoreSpeed\n|\n|upkeep\n|\n|t:|1697969486\n|switch|p2a: RetourVersLePass\u00e9|Koraidon|100\/100\n|-weather|SunnyDay|[from] ability: Orichalcum Pulse|[of] p2a: RetourVersLePass\u00e9\n|-activate|p2a: RetourVersLePass\u00e9|Orichalcum Pulse|[source]\n|turn|3\n|\n|t:|1697969490\n|-terastallize|p2a: RetourVersLePass\u00e9|Fire\n|move|p1a: Regieleki|Rapid Spin|p2a: RetourVersLePass\u00e9\n|-damage|p2a: RetourVersLePass\u00e9|91\/100\n|-boost|p1a: Regieleki|spe|1\n|-sideend|p1: DiffusedTurtle|Sticky Web|[from] move: Rapid Spin|[of] p1a: Regieleki\n|move|p2a: RetourVersLePass\u00e9|Swords Dance|p2a: RetourVersLePass\u00e9\n|-boost|p2a: RetourVersLePass\u00e9|atk|2\n|\n|-weather|SunnyDay|[upkeep]\n|upkeep\n|turn|4\n|inactive|DiffusedTurtle has 120 seconds left.\n|\n|t:|1697969535\n|move|p1a: Regieleki|Electro Ball|p2a: RetourVersLePass\u00e9\n|-damage|p2a: RetourVersLePass\u00e9|32\/100\n|move|p2a: RetourVersLePass\u00e9|Scale Shot|p1a: Regieleki|[miss]\n|-miss|p2a: RetourVersLePass\u00e9|p1a: Regieleki\n|\n|-weather|SunnyDay|[upkeep]\n|upkeep\n|turn|5\n|inactive|EmpereurZer0 has 120 seconds left.\n|\n|t:|1697969556\n|move|p1a: Regieleki|Electro Ball|p2a: RetourVersLePass\u00e9\n|-damage|p2a: RetourVersLePass\u00e9|0 fnt\n|faint|p2a: RetourVersLePass\u00e9\n|\n|-weather|SunnyDay|[upkeep]\n|-fieldend|move: Electric Terrain\n|upkeep\n|inactive|EmpereurZer0 has 120 seconds left.\n|\n|t:|1697969579\n|switch|p2a: Montoya|Flutter Mane|100\/100\n|-activate|p2a: Montoya|ability: Protosynthesis\n|-start|p2a: Montoya|protosynthesisspe\n|turn|6\n|inactive|DiffusedTurtle has 120 seconds left.\n|\n|t:|1697969591\n|move|p1a: Regieleki|Electro Ball|p2a: Montoya\n|-crit|p2a: Montoya\n|-damage|p2a: Montoya|47\/100\n|move|p2a: Montoya|Substitute|p2a: Montoya\n|-start|p2a: Montoya|Substitute\n|-damage|p2a: Montoya|22\/100\n|\n|-weather|SunnyDay|[upkeep]\n|-heal|p2a: Montoya|28\/100|[from] item: Leftovers\n|upkeep\n|turn|7\n|inactive|EmpereurZer0 has 120 seconds left.\n|\n|t:|1697969605\n|move|p1a: Regieleki|Electro Ball|p2a: Montoya\n|-end|p2a: Montoya|Substitute\n|move|p2a: Montoya|Shadow Ball|p1a: Regieleki\n|-damage|p1a: Regieleki|11\/100\n|\n|-weather|none\n|-end|p2a: Montoya|Protosynthesis\n|-heal|p2a: Montoya|34\/100|[from] item: Leftovers\n|upkeep\n|turn|8\n|\n|t:|1697969608\n|move|p1a: Regieleki|Electro Ball|p2a: Montoya\n|-damage|p2a: Montoya|0 fnt\n|faint|p2a: Montoya\n|-end|p2a: Montoya|Protosynthesis|[silent]\n|\n|upkeep\n|inactive|EmpereurZer0 has 120 seconds left.\n|\n|t:|1697969620\n|switch|p2a: RetourVersLeFutur|Miraidon|100\/100\n|-fieldstart|move: Electric Terrain|[from] ability: Hadron Engine|[of] p2a: RetourVersLeFutur\n|turn|9\n|\n|t:|1697969631\n|move|p1a: Regieleki|Explosion|p2a: RetourVersLeFutur\n|-damage|p2a: RetourVersLeFutur|44\/100\n|faint|p1a: Regieleki\n|move|p2a: RetourVersLeFutur|U-turn|p1: Regieleki|[notarget]\n|-fail|p2a: RetourVersLeFutur\n|\n|upkeep\n|inactive|DiffusedTurtle has 120 seconds left.\n|\n|t:|1697969660\n|switch|p1a: Koraidon|Koraidon|100\/100\n|-weather|SunnyDay|[from] ability: Orichalcum Pulse|[of] p1a: Koraidon\n|-activate|p1a: Koraidon|Orichalcum Pulse|[source]\n|turn|10\n|inactive|DiffusedTurtle has 120 seconds left.\n|inactive|DiffusedTurtle has 90 seconds left.\n|\n|t:|1697969707\n|move|p1a: Koraidon|Flame Charge|p2a: RetourVersLeFutur\n|-resisted|p2a: RetourVersLeFutur\n|-damage|p2a: RetourVersLeFutur|22\/100\n|-boost|p1a: Koraidon|spe|1\n|-damage|p1a: Koraidon|91\/100|[from] item: Life Orb\n|move|p2a: RetourVersLeFutur|U-turn|p1a: Koraidon\n|-resisted|p1a: Koraidon\n|-damage|p1a: Koraidon|85\/100\n|\n|t:|1697969713\n|switch|p2a: HAPPY?|Iron Bundle|100\/100|[from] U-turn\n|-activate|p2a: HAPPY?|ability: Quark Drive\n|-start|p2a: HAPPY?|quarkdrivespe\n|\n|-weather|SunnyDay|[upkeep]\n|upkeep\n|turn|11\n|\n|t:|1697969723\n|-terastallize|p1a: Koraidon|Fire\n|move|p2a: HAPPY?|Ice Beam|p1a: Koraidon\n|-resisted|p1a: Koraidon\n|-damage|p1a: Koraidon|64\/100\n|move|p1a: Koraidon|Flame Charge|p2a: HAPPY?\n|-damage|p2a: HAPPY?|0 fnt\n|-boost|p1a: Koraidon|spe|1\n|faint|p2a: HAPPY?\n|-end|p2a: HAPPY?|Quark Drive|[silent]\n|-damage|p1a: Koraidon|54\/100|[from] item: Life Orb\n|\n|-weather|SunnyDay|[upkeep]\n|upkeep\n|-message|EmpereurZer0 forfeited.\n|\n|win|DiffusedTurtle\n|raw|DiffusedTurtle's rating: 1287 &rarr; <strong>1313<\/strong><br \/>(+26 for winning)\n|raw|EmpereurZer0's rating: 1306 &rarr; <strong>1285<\/strong><br \/>(-21 for losing)\n|l|\u2606EmpereurZer0\n","uploadtime":1697969735,"views":13,"p1id":"diffusedturtle","p2id":"empereurzer0","formatid":"gen9ubers","rating":1285,"private":0,"password":""}