{"id":"gen9ubers-1976882646","p1":"walfa23432","p2":"luluu143\/","format":"[Gen 9] Ubers","log":"|j|\u2606walfa23432\n|j|\u2606luluu143\/\n|t:|1698349158\n|gametype|singles\n|player|p1|walfa23432|benga|\n|player|p2|luluu143\/|2|\n|teamsize|p1|6\n|teamsize|p2|6\n|gen|9\n|tier|[Gen 9] Ubers\n|rule|Sleep Clause Mod: Limit one foe put to sleep\n|rule|Species Clause: Limit one of each Pok\u00e9mon\n|rule|OHKO Clause: OHKO moves are banned\n|rule|Evasion Items Clause: Evasion items are banned\n|rule|Evasion Moves Clause: Evasion moves are banned\n|rule|Endless Battle Clause: Forcing endless battles is banned\n|rule|HP Percentage Mod: HP is shown in percentages\n|clearpoke\n|poke|p1|Ogerpon-Wellspring, F|\n|poke|p1|Hatterene, F|\n|poke|p1|Kingambit, F|\n|poke|p1|Rillaboom, F|\n|poke|p1|Sneasler, M|\n|poke|p1|Ribombee, M|\n|poke|p2|Blissey, F|\n|poke|p2|Cacturne, F|\n|poke|p2|Palafin, M|\n|poke|p2|Darkrai|\n|poke|p2|Empoleon, M|\n|poke|p2|Typhlosion-Hisui, F|\n|teampreview\n|\n|t:|1698349171\n|start\n|switch|p1a: Ribombee|Ribombee, M|100\/100\n|switch|p2a: Typhlosion|Typhlosion-Hisui, F|100\/100\n|-item|p1a: Ribombee|Focus Sash|[from] ability: Frisk|[of] p2a: Typhlosion|[identify]\n|turn|1\n|\n|t:|1698349179\n|move|p1a: Ribombee|Sticky Web|p2a: Typhlosion\n|-sidestart|p2: luluu143\/|move: Sticky Web\n|move|p2a: Typhlosion|Flamethrower|p1a: Ribombee\n|-supereffective|p1a: Ribombee\n|-enditem|p1a: Ribombee|Focus Sash\n|-damage|p1a: Ribombee|1\/100\n|-status|p1a: Ribombee|brn\n|\n|-damage|p1a: Ribombee|0 fnt|[from] brn\n|faint|p1a: Ribombee\n|upkeep\n|\n|t:|1698349194\n|switch|p1a: Ogerpon|Ogerpon-Wellspring, F|100\/100\n|turn|2\n|\n|t:|1698349201\n|switch|p2a: Cacturne|Cacturne, F|100\/100\n|-activate|p2a: Cacturne|move: Sticky Web\n|-unboost|p2a: Cacturne|spe|1\n|-terastallize|p1a: Ogerpon|Water\n|detailschange|p1a: Ogerpon|Ogerpon-Wellspring-Tera, F, tera:Water\n|-ability|p1a: Ogerpon|Embody Aspect (Wellspring)|boost\n|-boost|p1a: Ogerpon|spd|1\n|move|p1a: Ogerpon|Spiky Shield||[still]\n|-fail|p1a: Ogerpon\n|\n|upkeep\n|turn|3\n|\n|t:|1698349211\n|move|p1a: Ogerpon|Spiky Shield|p1a: Ogerpon\n|-singleturn|p1a: Ogerpon|move: Protect\n|move|p2a: Cacturne|Giga Drain|p1a: Ogerpon\n|-activate|p1a: Ogerpon|move: Protect\n|\n|upkeep\n|turn|4\n|\n|t:|1698349217\n|move|p1a: Ogerpon|Swords Dance|p1a: Ogerpon\n|-boost|p1a: Ogerpon|atk|2\n|move|p2a: Cacturne|Giga Drain|p1a: Ogerpon\n|-supereffective|p1a: Ogerpon\n|-damage|p1a: Ogerpon|56\/100\n|\n|upkeep\n|turn|5\n|\n|t:|1698349223\n|move|p1a: Ogerpon|Horn Leech|p2a: Cacturne\n|-resisted|p2a: Cacturne\n|-damage|p2a: Cacturne|43\/100\n|-heal|p1a: Ogerpon|83\/100|[from] drain|[of] p2a: Cacturne\n|move|p2a: Cacturne|Giga Drain|p1a: Ogerpon\n|-supereffective|p1a: Ogerpon\n|-damage|p1a: Ogerpon|37\/100\n|-heal|p2a: Cacturne|67\/100|[from] drain|[of] p1a: Ogerpon\n|\n|upkeep\n|turn|6\n|\n|t:|1698349233\n|move|p1a: Ogerpon|Ivy Cudgel|p2a: Cacturne\n|-resisted|p2a: Cacturne\n|-damage|p2a: Cacturne|0 fnt\n|faint|p2a: Cacturne\n|\n|upkeep\n|\n|t:|1698349239\n|switch|p2a: Empoleon|Empoleon, M|100\/100\n|-activate|p2a: Empoleon|move: Sticky Web\n|-unboost|p2a: Empoleon|spe|1\n|-ability|p2a: Empoleon|Competitive|boost\n|-boost|p2a: Empoleon|spa|2\n|turn|7\n|\n|t:|1698349245\n|move|p1a: Ogerpon|Horn Leech|p2a: Empoleon\n|-damage|p2a: Empoleon|0 fnt\n|-heal|p1a: Ogerpon|89\/100|[from] drain|[of] p2a: Empoleon\n|faint|p2a: Empoleon\n|\n|upkeep\n|\n|t:|1698349252\n|switch|p2a: Blissey|Blissey, F|100\/100\n|-activate|p2a: Blissey|move: Sticky Web\n|-unboost|p2a: Blissey|spe|1\n|turn|8\n|\n|t:|1698349257\n|move|p1a: Ogerpon|Ivy Cudgel|p2a: Blissey\n|-crit|p2a: Blissey\n|-damage|p2a: Blissey|0 fnt\n|faint|p2a: Blissey\n|\n|upkeep\n|\n|t:|1698349262\n|switch|p2a: Darkrai|Darkrai|100\/100\n|-activate|p2a: Darkrai|move: Sticky Web\n|-unboost|p2a: Darkrai|spe|1\n|turn|9\n|\n|t:|1698349270\n|-terastallize|p2a: Darkrai|Dark\n|move|p1a: Ogerpon|Ivy Cudgel|p2a: Darkrai\n|-damage|p2a: Darkrai|0 fnt\n|faint|p2a: Darkrai\n|\n|upkeep\n|\n|t:|1698349275\n|switch|p2a: Palafin|Palafin, M|100\/100\n|-activate|p2a: Palafin|move: Sticky Web\n|-unboost|p2a: Palafin|spe|1\n|turn|10\n|\n|t:|1698349280\n|move|p1a: Ogerpon|Horn Leech|p2a: Palafin\n|-supereffective|p2a: Palafin\n|-damage|p2a: Palafin|0 fnt\n|-heal|p1a: Ogerpon|100\/100|[from] drain|[of] p2a: Palafin\n|faint|p2a: Palafin\n|\n|upkeep\n|\n|t:|1698349286\n|switch|p2a: Typhlosion|Typhlosion-Hisui, F|100\/100\n|-activate|p2a: Typhlosion|move: Sticky Web\n|-unboost|p2a: Typhlosion|spe|1\n|-item|p1a: Ogerpon|Wellspring Mask|[from] ability: Frisk|[of] p2a: Typhlosion|[identify]\n|turn|11\n|\n|t:|1698349292\n|move|p1a: Ogerpon|Ivy Cudgel|p2a: Typhlosion\n|-supereffective|p2a: Typhlosion\n|-damage|p2a: Typhlosion|0 fnt\n|faint|p2a: Typhlosion\n|\n|win|walfa23432\n","uploadtime":1698349300,"views":32,"p1id":"walfa23432","p2id":"luluu143","formatid":"gen9ubers","rating":0,"private":0,"password":""}