{"id":"gen9ubers-1992278577","p1":"IspamObjection","p2":"SwordIsBored","format":"[Gen 9] Ubers","log":"|j|\u2606IspamObjection\n|j|\u2606SwordIsBored\n|t:|1700170289\n|gametype|singles\n|player|p1|IspamObjection|lance-gen2|\n|player|p2|SwordIsBored|irida|\n|teamsize|p1|6\n|teamsize|p2|6\n|gen|9\n|tier|[Gen 9] Ubers\n|rule|Sleep Clause Mod: Limit one foe put to sleep\n|rule|Species Clause: Limit one of each Pok\u00e9mon\n|rule|OHKO Clause: OHKO moves are banned\n|rule|Evasion Items Clause: Evasion items are banned\n|rule|Evasion Moves Clause: Evasion moves are banned\n|rule|Endless Battle Clause: Forcing endless battles is banned\n|rule|HP Percentage Mod: HP is shown in percentages\n|clearpoke\n|poke|p1|Ninetales-Alola, M|\n|poke|p1|Baxcalibur, M|\n|poke|p1|Garchomp, M|\n|poke|p1|Chi-Yu|\n|poke|p1|Walking Wake|\n|poke|p1|Torkoal, M|\n|poke|p2|Tyranitar, M|\n|poke|p2|Palkia-Origin|\n|poke|p2|Magearna|\n|poke|p2|Houndstone, F|\n|poke|p2|Landorus, M|\n|poke|p2|Zacian-*|\n|teampreview\n|\n|t:|1700170303\n|start\n|switch|p1a: Garchover|Garchomp, M|100\/100\n|switch|p2a: Palkia|Palkia-Origin|100\/100\n|-ability|p2a: Palkia|Pressure\n|turn|1\n|\n|t:|1700170313\n|move|p2a: Palkia|Draco Meteor|p1a: Garchover|[miss]\n|-miss|p2a: Palkia|p1a: Garchover\n|move|p1a: Garchover|Outrage|p2a: Palkia\n|-supereffective|p2a: Palkia\n|-damage|p2a: Palkia|0 fnt\n|faint|p2a: Palkia\n|\n|upkeep\n|\n|t:|1700170322\n|switch|p2a: Zacian|Zacian|100\/100\n|-ability|p2a: Zacian|Intrepid Sword|boost\n|-boost|p2a: Zacian|atk|1\n|turn|2\n|\n|t:|1700170333\n|move|p2a: Zacian|Trailblaze|p1a: Garchover\n|-damage|p1a: Garchover|75\/100\n|-boost|p2a: Zacian|spe|1\n|-damage|p2a: Zacian|88\/100|[from] ability: Rough Skin|[of] p1a: Garchover\n|move|p1a: Garchover|Outrage|p2a: Zacian|[from]lockedmove\n|-immune|p2a: Zacian\n|\n|upkeep\n|turn|3\n|\n|t:|1700170341\n|move|p2a: Zacian|Swords Dance|p2a: Zacian\n|-boost|p2a: Zacian|atk|2\n|move|p1a: Garchover|Stealth Rock|p2a: Zacian\n|-sidestart|p2: SwordIsBored|move: Stealth Rock\n|\n|upkeep\n|turn|4\n|\n|t:|1700170352\n|move|p2a: Zacian|Play Rough|p1a: Garchover\n|-supereffective|p1a: Garchover\n|-damage|p1a: Garchover|0 fnt\n|-damage|p2a: Zacian|76\/100|[from] ability: Rough Skin|[of] p1a: Garchover\n|faint|p1a: Garchover\n|\n|upkeep\n|\n|t:|1700170381\n|switch|p1a: Torkoal|Torkoal, M|100\/100\n|-weather|SunnyDay|[from] ability: Drought|[of] p1a: Torkoal\n|turn|5\n|\n|t:|1700170392\n|move|p2a: Zacian|Crunch|p1a: Torkoal\n|-damage|p1a: Torkoal|47\/100\n|-unboost|p1a: Torkoal|def|1\n|move|p1a: Torkoal|Yawn|p2a: Zacian\n|-start|p2a: Zacian|move: Yawn|[of] p1a: Torkoal\n|\n|-weather|SunnyDay|[upkeep]\n|upkeep\n|turn|6\n|\n|t:|1700170401\n|switch|p2a: Tyranitar|Tyranitar, M|100\/100\n|-damage|p2a: Tyranitar|88\/100|[from] Stealth Rock\n|-weather|Sandstorm|[from] ability: Sand Stream|[of] p2a: Tyranitar\n|move|p1a: Torkoal|Rapid Spin|p2a: Tyranitar\n|-resisted|p2a: Tyranitar\n|-damage|p2a: Tyranitar|85\/100\n|-boost|p1a: Torkoal|spe|1\n|\n|-weather|Sandstorm|[upkeep]\n|-damage|p1a: Torkoal|41\/100|[from] Sandstorm\n|upkeep\n|turn|7\n|\n|t:|1700170412\n|switch|p1a: Ninetales|Ninetales-Alola, M|100\/100\n|-weather|Snow|[from] ability: Snow Warning|[of] p1a: Ninetales\n|move|p2a: Tyranitar|Knock Off|p1a: Ninetales\n|-resisted|p1a: Ninetales\n|-damage|p1a: Ninetales|78\/100\n|-enditem|p1a: Ninetales|Light Clay|[from] move: Knock Off|[of] p2a: Tyranitar\n|\n|-weather|Snow|[upkeep]\n|upkeep\n|turn|8\n|\n|t:|1700170423\n|switch|p2a: Magearna|Magearna|100\/100\n|-damage|p2a: Magearna|94\/100|[from] Stealth Rock\n|move|p1a: Ninetales|Aurora Veil|p1a: Ninetales\n|-sidestart|p1: IspamObjection|move: Aurora Veil\n|\n|-weather|Snow|[upkeep]\n|-heal|p2a: Magearna|100\/100|[from] item: Leftovers\n|upkeep\n|turn|9\n|\n|t:|1700170451\n|switch|p1a: Torkoal|Torkoal, M|41\/100\n|-weather|SunnyDay|[from] ability: Drought|[of] p1a: Torkoal\n|move|p2a: Magearna|Volt Switch|p1a: Torkoal\n|-damage|p1a: Torkoal|30\/100\n|\n|t:|1700170459\n|switch|p2a: Tyranitar|Tyranitar, M|85\/100|[from] Volt Switch\n|-damage|p2a: Tyranitar|73\/100|[from] Stealth Rock\n|-weather|Sandstorm|[from] ability: Sand Stream|[of] p2a: Tyranitar\n|\n|-weather|Sandstorm|[upkeep]\n|-damage|p1a: Torkoal|24\/100|[from] Sandstorm\n|upkeep\n|turn|10\n|\n|t:|1700170466\n|move|p2a: Tyranitar|Stealth Rock|p1a: Torkoal\n|-sidestart|p1: IspamObjection|move: Stealth Rock\n|move|p1a: Torkoal|Will-O-Wisp|p2a: Tyranitar|[miss]\n|-miss|p1a: Torkoal|p2a: Tyranitar\n|\n|-weather|Sandstorm|[upkeep]\n|-damage|p1a: Torkoal|17\/100|[from] Sandstorm\n|upkeep\n|turn|11\n|\n|t:|1700170473\n|move|p2a: Tyranitar|Knock Off|p1a: Torkoal\n|-damage|p1a: Torkoal|0 fnt\n|-enditem|p1a: Torkoal|Heat Rock|[from] move: Knock Off|[of] p2a: Tyranitar\n|faint|p1a: Torkoal\n|\n|-weather|Sandstorm|[upkeep]\n|upkeep\n|\n|t:|1700170486\n|switch|p1a: Baxcalibur|Baxcalibur, M|100\/100\n|-damage|p1a: Baxcalibur|76\/100|[from] Stealth Rock\n|turn|12\n|\n|t:|1700170505\n|move|p1a: Baxcalibur|Dragon Dance|p1a: Baxcalibur\n|-boost|p1a: Baxcalibur|atk|1\n|-boost|p1a: Baxcalibur|spe|1\n|move|p2a: Tyranitar|Thunder Wave|p1a: Baxcalibur\n|-status|p1a: Baxcalibur|par\n|\n|-weather|Sandstorm|[upkeep]\n|-damage|p1a: Baxcalibur|70\/100 par|[from] Sandstorm\n|-sideend|p1: IspamObjection|move: Aurora Veil\n|upkeep\n|turn|13\n|\n|t:|1700170535\n|move|p1a: Baxcalibur|Icicle Spear|p2a: Tyranitar\n|-damage|p2a: Tyranitar|57\/100\n|-damage|p2a: Tyranitar|40\/100\n|-damage|p2a: Tyranitar|23\/100\n|-damage|p2a: Tyranitar|7\/100\n|-hitcount|p2a: Tyranitar|4\n|move|p2a: Tyranitar|Stone Edge|p1a: Baxcalibur\n|-supereffective|p1a: Baxcalibur\n|-damage|p1a: Baxcalibur|0 fnt\n|faint|p1a: Baxcalibur\n|\n|-weather|Sandstorm|[upkeep]\n|upkeep\n|\n|t:|1700170559\n|switch|p1a: Ninetales|Ninetales-Alola, M|78\/100\n|-damage|p1a: Ninetales|54\/100|[from] Stealth Rock\n|-weather|Snow|[from] ability: Snow Warning|[of] p1a: Ninetales\n|turn|14\n|\n|t:|1700170564\n|switch|p2a: Magearna|Magearna|100\/100\n|-damage|p2a: Magearna|94\/100|[from] Stealth Rock\n|move|p1a: Ninetales|Aurora Veil|p1a: Ninetales\n|-sidestart|p1: IspamObjection|move: Aurora Veil\n|\n|-weather|Snow|[upkeep]\n|-heal|p2a: Magearna|100\/100|[from] item: Leftovers\n|upkeep\n|turn|15\n|\n|t:|1700170576\n|move|p1a: Ninetales|Moonblast|p2a: Magearna\n|-resisted|p2a: Magearna\n|-damage|p2a: Magearna|89\/100\n|-unboost|p2a: Magearna|spa|1\n|move|p2a: Magearna|Volt Switch|p1a: Ninetales\n|-damage|p1a: Ninetales|45\/100\n|\n|t:|1700170579\n|switch|p2a: Tyranitar|Tyranitar, M|7\/100|[from] Volt Switch\n|-damage|p2a: Tyranitar|0 fnt|[from] Stealth Rock\n|faint|p2a: Tyranitar\n|\n|-weather|Snow|[upkeep]\n|upkeep\n|\n|t:|1700170585\n|switch|p2a: Magearna|Magearna|89\/100\n|-damage|p2a: Magearna|83\/100|[from] Stealth Rock\n|turn|16\n|\n|t:|1700170598\n|switch|p1a: Walking Wake|Walking Wake|100\/100\n|-damage|p1a: Walking Wake|88\/100|[from] Stealth Rock\n|move|p2a: Magearna|Spikes|p1a: Walking Wake\n|-sidestart|p1: IspamObjection|Spikes\n|\n|-weather|Snow|[upkeep]\n|-heal|p2a: Magearna|89\/100|[from] item: Leftovers\n|upkeep\n|turn|17\n|\n|t:|1700170615\n|move|p1a: Walking Wake|Flamethrower|p2a: Magearna\n|-supereffective|p2a: Magearna\n|-damage|p2a: Magearna|0 fnt\n|faint|p2a: Magearna\n|\n|-weather|Snow|[upkeep]\n|upkeep\n|\n|t:|1700170618\n|switch|p2a: Zacian|Zacian|76\/100\n|turn|18\n|\n|t:|1700170693\n|move|p2a: Zacian|Play Rough|p1a: Walking Wake\n|-supereffective|p1a: Walking Wake\n|-damage|p1a: Walking Wake|42\/100\n|move|p1a: Walking Wake|Flamethrower|p2a: Zacian\n|-damage|p2a: Zacian|33\/100\n|-status|p2a: Zacian|brn\n|\n|-weather|none\n|-damage|p2a: Zacian|27\/100 brn|[from] brn\n|-sideend|p1: IspamObjection|move: Aurora Veil\n|upkeep\n|turn|19\n|\n|t:|1700170703\n|-end|p1a: Walking Wake|Protosynthesis|[silent]\n|switch|p1a: Ninetales|Ninetales-Alola, M|45\/100\n|-damage|p1a: Ninetales|20\/100|[from] Stealth Rock\n|-damage|p1a: Ninetales|8\/100|[from] Spikes\n|-weather|Snow|[from] ability: Snow Warning|[of] p1a: Ninetales\n|move|p2a: Zacian|Play Rough|p1a: Ninetales\n|-damage|p1a: Ninetales|0 fnt\n|faint|p1a: Ninetales\n|\n|-weather|Snow|[upkeep]\n|-damage|p2a: Zacian|21\/100 brn|[from] brn\n|upkeep\n|\n|t:|1700170714\n|switch|p1a: Chi-Yu|Chi-Yu|100\/100\n|-damage|p1a: Chi-Yu|76\/100|[from] Stealth Rock\n|-damage|p1a: Chi-Yu|63\/100|[from] Spikes\n|-ability|p1a: Chi-Yu|Beads of Ruin\n|turn|20\n|\n|t:|1700170722\n|move|p1a: Chi-Yu|Dark Pulse|p2a: Zacian\n|-resisted|p2a: Zacian\n|-damage|p2a: Zacian|0 fnt\n|faint|p2a: Zacian\n|\n|-weather|Snow|[upkeep]\n|upkeep\n|\n|t:|1700170730\n|switch|p2a: Landorus|Landorus, M|100\/100\n|-damage|p2a: Landorus|88\/100|[from] Stealth Rock\n|turn|21\n|\n|t:|1700170745\n|move|p2a: Landorus|Earthquake|p1a: Chi-Yu\n|-supereffective|p1a: Chi-Yu\n|-crit|p1a: Chi-Yu\n|-damage|p1a: Chi-Yu|0 fnt\n|faint|p1a: Chi-Yu\n|\n|-weather|Snow|[upkeep]\n|upkeep\n|\n|t:|1700170749\n|switch|p1a: Walking Wake|Walking Wake|42\/100\n|-damage|p1a: Walking Wake|29\/100|[from] Stealth Rock\n|-damage|p1a: Walking Wake|17\/100|[from] Spikes\n|turn|22\n|\n|t:|1700170755\n|-terastallize|p1a: Walking Wake|Water\n|move|p2a: Landorus|Earthquake|p1a: Walking Wake\n|-damage|p1a: Walking Wake|0 fnt\n|faint|p1a: Walking Wake\n|-end|p1a: Walking Wake|Protosynthesis|[silent]\n|\n|win|SwordIsBored\n","uploadtime":1700170774,"views":44,"p1id":"ispamobjection","p2id":"swordisbored","formatid":"gen9ubers","rating":0,"private":0,"password":""}