{"id":"gen9ubers-1984051520","p1":"AMAG","p2":"Bimchi Keef","format":"[Gen 9] Ubers","log":"|j|\u2606AMAG\n|j|\u2606Bimchi Keef\n|t:|1699213677\n|gametype|singles\n|player|p1|AMAG|266|\n|player|p2|Bimchi Keef|backersf|\n|teamsize|p1|6\n|teamsize|p2|6\n|gen|9\n|tier|[Gen 9] Ubers\n|rule|Sleep Clause Mod: Limit one foe put to sleep\n|rule|Species Clause: Limit one of each Pok\u00e9mon\n|rule|OHKO Clause: OHKO moves are banned\n|rule|Evasion Items Clause: Evasion items are banned\n|rule|Evasion Moves Clause: Evasion moves are banned\n|rule|Endless Battle Clause: Forcing endless battles is banned\n|rule|HP Percentage Mod: HP is shown in percentages\n|clearpoke\n|poke|p1|Heatran, F|\n|poke|p1|Torkoal, M|\n|poke|p1|Walking Wake|\n|poke|p1|Gliscor, F|\n|poke|p1|Slither Wing|\n|poke|p1|Clefable, F|\n|poke|p2|Dragapult, M|\n|poke|p2|Mamoswine, F|\n|poke|p2|Fezandipiti, M|\n|poke|p2|Empoleon, F|\n|poke|p2|Mandibuzz, F|\n|poke|p2|Sableye, F|\n|teampreview\n|c|\u2606Bimchi Keef|glhf\n|c|\u2606AMAG|glhf\n|j| EgirlPee\n|c| EgirlPee|both teams with 6 broken high tiers each\n|c| EgirlPee|shameful\n|c|\u2606Bimchi Keef|hmm\n|\n|t:|1699213734\n|start\n|switch|p1a: Gliscor|Gliscor, F|100\/100\n|switch|p2a: Sableye|Sableye, F|100\/100\n|turn|1\n|c|\u2606Bimchi Keef|sableye my favourite 14 pts\n|\n|t:|1699213754\n|move|p1a: Gliscor|Protect|p1a: Gliscor\n|-singleturn|p1a: Gliscor|Protect\n|move|p2a: Sableye|Knock Off|p1a: Gliscor\n|-activate|p1a: Gliscor|move: Protect\n|\n|-status|p1a: Gliscor|tox|[from] item: Toxic Orb\n|upkeep\n|turn|2\n|\n|t:|1699213766\n|switch|p1a: Torkoal|Torkoal, M|100\/100\n|-weather|SunnyDay|[from] ability: Drought|[of] p1a: Torkoal\n|move|p2a: Sableye|Taunt|p1a: Torkoal\n|-start|p1a: Torkoal|move: Taunt\n|\n|-weather|SunnyDay|[upkeep]\n|upkeep\n|turn|3\n|\n|t:|1699213771\n|switch|p1a: Heatran|Heatran, F|100\/100\n|move|p2a: Sableye|Knock Off|p1a: Heatran\n|-damage|p1a: Heatran|78\/100\n|-enditem|p1a: Heatran|Leftovers|[from] move: Knock Off|[of] p2a: Sableye\n|\n|-weather|SunnyDay|[upkeep]\n|upkeep\n|turn|4\n|\n|t:|1699213791\n|move|p2a: Sableye|Taunt|p1a: Heatran\n|-start|p1a: Heatran|move: Taunt\n|move|p1a: Heatran|Magma Storm|p2a: Sableye\n|-crit|p2a: Sableye\n|-damage|p2a: Sableye|0 fnt\n|faint|p2a: Sableye\n|\n|-weather|SunnyDay|[upkeep]\n|upkeep\n|\n|t:|1699213826\n|switch|p2a: Mamoswine|Mamoswine, F|100\/100\n|turn|5\n|j| MissSandman\n|\n|t:|1699213864\n|switch|p1a: Clefable|Clefable, F|100\/100\n|move|p2a: Mamoswine|Earthquake|p1a: Clefable\n|-damage|p1a: Clefable|62\/100\n|\n|-weather|SunnyDay|[upkeep]\n|-heal|p1a: Clefable|69\/100|[from] item: Leftovers\n|upkeep\n|turn|6\n|\n|t:|1699213872\n|switch|p2a: Mandibuzz|Mandibuzz, F|100\/100\n|move|p1a: Clefable|Wish|p1a: Clefable\n|\n|-weather|SunnyDay|[upkeep]\n|-heal|p1a: Clefable|75\/100|[from] item: Leftovers\n|upkeep\n|turn|7\n|\n|t:|1699213881\n|switch|p1a: Heatran|Heatran, F|78\/100\n|move|p2a: Mandibuzz|Knock Off|p1a: Heatran\n|-damage|p1a: Heatran|63\/100\n|\n|-weather|SunnyDay|[upkeep]\n|-heal|p1a: Heatran|100\/100|[from] move: Wish|[wisher] Clefable\n|upkeep\n|turn|8\n|\n|t:|1699213890\n|move|p1a: Heatran|Magma Storm|p2a: Mandibuzz\n|-damage|p2a: Mandibuzz|64\/100\n|-activate|p2a: Mandibuzz|move: Magma Storm|[of] p1a: Heatran\n|move|p2a: Mandibuzz|Roost|p2a: Mandibuzz\n|-heal|p2a: Mandibuzz|100\/100\n|-singleturn|p2a: Mandibuzz|move: Roost\n|\n|-weather|SunnyDay|[upkeep]\n|-damage|p2a: Mandibuzz|88\/100|[from] move: Magma Storm|[partiallytrapped]\n|upkeep\n|turn|9\n|\n|t:|1699213900\n|move|p1a: Heatran|Taunt|p2a: Mandibuzz\n|-start|p2a: Mandibuzz|move: Taunt\n|cant|p2a: Mandibuzz|move: Taunt|Roost\n|\n|-weather|none\n|-damage|p2a: Mandibuzz|75\/100|[from] move: Magma Storm|[partiallytrapped]\n|upkeep\n|turn|10\n|\n|t:|1699213906\n|move|p1a: Heatran|Magma Storm|p2a: Mandibuzz\n|-damage|p2a: Mandibuzz|50\/100\n|move|p2a: Mandibuzz|Brave Bird|p1a: Heatran\n|-resisted|p1a: Heatran\n|-damage|p1a: Heatran|88\/100\n|-damage|p2a: Mandibuzz|46\/100|[from] Recoil\n|\n|-damage|p2a: Mandibuzz|34\/100|[from] move: Magma Storm|[partiallytrapped]\n|upkeep\n|turn|11\n|j| Kachowow\n|\n|t:|1699213930\n|move|p1a: Heatran|Stealth Rock|p2a: Mandibuzz\n|-sidestart|p2: Bimchi Keef|move: Stealth Rock\n|move|p2a: Mandibuzz|Knock Off|p1a: Heatran\n|-damage|p1a: Heatran|75\/100\n|\n|-damage|p2a: Mandibuzz|21\/100|[from] move: Magma Storm|[partiallytrapped]\n|-end|p2a: Mandibuzz|move: Taunt\n|upkeep\n|turn|12\n|\n|t:|1699213938\n|move|p1a: Heatran|Taunt|p2a: Mandibuzz\n|-start|p2a: Mandibuzz|move: Taunt\n|move|p2a: Mandibuzz|Knock Off|p1a: Heatran\n|-damage|p1a: Heatran|61\/100\n|\n|-end|p2a: Mandibuzz|Magma Storm|[partiallytrapped]\n|upkeep\n|turn|13\n|\n|t:|1699213942\n|move|p1a: Heatran|Magma Storm|p2a: Mandibuzz\n|-damage|p2a: Mandibuzz|0 fnt\n|faint|p2a: Mandibuzz\n|\n|upkeep\n|\n|t:|1699213969\n|switch|p2a: Empoleon|Empoleon, F|100\/100\n|turn|14\n|\n|t:|1699213985\n|move|p1a: Heatran|Taunt|p2a: Empoleon\n|-start|p2a: Empoleon|move: Taunt\n|cant|p2a: Empoleon|move: Taunt|Stealth Rock\n|\n|upkeep\n|turn|15\n|\n|t:|1699213992\n|move|p1a: Heatran|Magma Storm|p2a: Empoleon\n|-damage|p2a: Empoleon|71\/100\n|-activate|p2a: Empoleon|move: Magma Storm|[of] p1a: Heatran\n|move|p2a: Empoleon|Surf|p1a: Heatran\n|-supereffective|p1a: Heatran\n|-damage|p1a: Heatran|16\/100\n|\n|-damage|p2a: Empoleon|59\/100|[from] move: Magma Storm|[partiallytrapped]\n|upkeep\n|turn|16\n|\n|t:|1699213996\n|move|p1a: Heatran|Earth Power|p2a: Empoleon\n|-supereffective|p2a: Empoleon\n|-damage|p2a: Empoleon|25\/100\n|move|p2a: Empoleon|Surf|p1a: Heatran\n|-supereffective|p1a: Heatran\n|-damage|p1a: Heatran|0 fnt\n|faint|p1a: Heatran\n|\n|-end|p2a: Empoleon|Magma Storm|[partiallytrapped]|[silent]\n|-end|p2a: Empoleon|move: Taunt\n|upkeep\n|\n|t:|1699214035\n|switch|p1a: Slither Wing|Slither Wing|100\/100\n|turn|17\n|\n|t:|1699214038\n|move|p1a: Slither Wing|Close Combat|p2a: Empoleon\n|-supereffective|p2a: Empoleon\n|-damage|p2a: Empoleon|0 fnt\n|-unboost|p1a: Slither Wing|def|1\n|-unboost|p1a: Slither Wing|spd|1\n|faint|p2a: Empoleon\n|\n|upkeep\n|\n|t:|1699214042\n|switch|p2a: Fezandipiti|Fezandipiti, M|100\/100\n|-damage|p2a: Fezandipiti|88\/100|[from] Stealth Rock\n|turn|18\n|\n|t:|1699214051\n|move|p1a: Slither Wing|U-turn|p2a: Fezandipiti\n|-resisted|p2a: Fezandipiti\n|-damage|p2a: Fezandipiti|82\/100\n|\n|t:|1699214053\n|-end|p1a: Slither Wing|Protosynthesis|[silent]\n|switch|p1a: Gliscor|Gliscor, F|100\/100 tox|[from] U-turn\n|move|p2a: Fezandipiti|Dual Wingbeat|p1a: Gliscor\n|-damage|p1a: Gliscor|92\/100 tox\n|-damage|p1a: Gliscor|85\/100 tox\n|-hitcount|p1a: Gliscor|2\n|\n|-heal|p2a: Fezandipiti|88\/100|[from] item: Black Sludge\n|-heal|p1a: Gliscor|97\/100 tox|[from] ability: Poison Heal\n|upkeep\n|turn|19\n|\n|t:|1699214065\n|move|p2a: Fezandipiti|Gunk Shot|p1a: Gliscor\n|-resisted|p1a: Gliscor\n|-damage|p1a: Gliscor|86\/100 tox\n|move|p1a: Gliscor|Earthquake|p2a: Fezandipiti\n|-supereffective|p2a: Fezandipiti\n|-damage|p2a: Fezandipiti|35\/100\n|\n|-heal|p2a: Fezandipiti|41\/100|[from] item: Black Sludge\n|-heal|p1a: Gliscor|98\/100 tox|[from] ability: Poison Heal\n|upkeep\n|turn|20\n|\n|t:|1699214071\n|move|p2a: Fezandipiti|Roost|p2a: Fezandipiti\n|-heal|p2a: Fezandipiti|91\/100\n|-singleturn|p2a: Fezandipiti|move: Roost\n|move|p1a: Gliscor|Earthquake|p2a: Fezandipiti\n|-supereffective|p2a: Fezandipiti\n|-damage|p2a: Fezandipiti|39\/100\n|\n|-heal|p2a: Fezandipiti|45\/100|[from] item: Black Sludge\n|-heal|p1a: Gliscor|100\/100 tox|[from] ability: Poison Heal\n|upkeep\n|turn|21\n|\n|t:|1699214090\n|move|p2a: Fezandipiti|Play Rough|p1a: Gliscor\n|-damage|p1a: Gliscor|84\/100 tox\n|move|p1a: Gliscor|Spikes|p2a: Fezandipiti\n|-sidestart|p2: Bimchi Keef|Spikes\n|\n|-heal|p2a: Fezandipiti|51\/100|[from] item: Black Sludge\n|-heal|p1a: Gliscor|97\/100 tox|[from] ability: Poison Heal\n|upkeep\n|turn|22\n|\n|t:|1699214094\n|move|p2a: Fezandipiti|Play Rough|p1a: Gliscor\n|-damage|p1a: Gliscor|79\/100 tox\n|move|p1a: Gliscor|Spikes|p2a: Fezandipiti\n|-sidestart|p2: Bimchi Keef|Spikes\n|\n|-heal|p2a: Fezandipiti|57\/100|[from] item: Black Sludge\n|-heal|p1a: Gliscor|91\/100 tox|[from] ability: Poison Heal\n|upkeep\n|turn|23\n|\n|t:|1699214097\n|move|p2a: Fezandipiti|Play Rough|p1a: Gliscor\n|-damage|p1a: Gliscor|75\/100 tox\n|move|p1a: Gliscor|Earthquake|p2a: Fezandipiti\n|-supereffective|p2a: Fezandipiti\n|-damage|p2a: Fezandipiti|12\/100\n|\n|-heal|p2a: Fezandipiti|18\/100|[from] item: Black Sludge\n|-heal|p1a: Gliscor|88\/100 tox|[from] ability: Poison Heal\n|upkeep\n|turn|24\n|\n|t:|1699214099\n|move|p2a: Fezandipiti|Play Rough|p1a: Gliscor\n|-damage|p1a: Gliscor|72\/100 tox\n|move|p1a: Gliscor|Earthquake|p2a: Fezandipiti\n|-supereffective|p2a: Fezandipiti\n|-damage|p2a: Fezandipiti|0 fnt\n|faint|p2a: Fezandipiti\n|\n|-heal|p1a: Gliscor|84\/100 tox|[from] ability: Poison Heal\n|upkeep\n|\n|t:|1699214104\n|switch|p2a: Mamoswine|Mamoswine, F|100\/100\n|-damage|p2a: Mamoswine|88\/100|[from] Stealth Rock\n|-damage|p2a: Mamoswine|71\/100|[from] Spikes\n|turn|25\n|\n|t:|1699214125\n|switch|p1a: Slither Wing|Slither Wing|100\/100\n|move|p2a: Mamoswine|Icicle Crash|p1a: Slither Wing\n|-damage|p1a: Slither Wing|62\/100\n|\n|upkeep\n|turn|26\n|\n|t:|1699214128\n|move|p2a: Mamoswine|Icicle Crash|p1a: Slither Wing|[miss]\n|-miss|p2a: Mamoswine|p1a: Slither Wing\n|move|p1a: Slither Wing|Close Combat|p2a: Mamoswine\n|-supereffective|p2a: Mamoswine\n|-damage|p2a: Mamoswine|0 fnt\n|-unboost|p1a: Slither Wing|def|1\n|-unboost|p1a: Slither Wing|spd|1\n|faint|p2a: Mamoswine\n|\n|upkeep\n|c|\u2606Bimchi Keef|ok\n|c|\u2606Bimchi Keef|ggs\n|\n|t:|1699214134\n|switch|p2a: Dragapult|Dragapult, M|100\/100\n|-damage|p2a: Dragapult|88\/100|[from] Stealth Rock\n|-damage|p2a: Dragapult|72\/100|[from] Spikes\n|turn|27\n|\n|t:|1699214141\n|move|p2a: Dragapult|Thunder Wave|p1a: Slither Wing\n|-status|p1a: Slither Wing|par\n|cant|p1a: Slither Wing|par\n|\n|-heal|p2a: Dragapult|78\/100|[from] item: Leftovers\n|upkeep\n|turn|28\n|\n|t:|1699214146\n|move|p2a: Dragapult|Protect|p2a: Dragapult\n|-singleturn|p2a: Dragapult|Protect\n|move|p1a: Slither Wing|U-turn|p2a: Dragapult\n|-activate|p2a: Dragapult|move: Protect\n|\n|-heal|p2a: Dragapult|84\/100|[from] item: Leftovers\n|upkeep\n|turn|29\n|\n|t:|1699214149\n|move|p2a: Dragapult|Hex|p1a: Slither Wing\n|-damage|p1a: Slither Wing|0 fnt\n|faint|p1a: Slither Wing\n|-end|p1a: Slither Wing|Protosynthesis|[silent]\n|\n|-heal|p2a: Dragapult|90\/100|[from] item: Leftovers\n|upkeep\n|\n|t:|1699214158\n|switch|p1a: Torkoal|Torkoal, M|100\/100\n|-weather|SunnyDay|[from] ability: Drought|[of] p1a: Torkoal\n|turn|30\n|\n|t:|1699214162\n|move|p2a: Dragapult|Thunder Wave|p1a: Torkoal|[miss]\n|-miss|p2a: Dragapult|p1a: Torkoal\n|move|p1a: Torkoal|Yawn|p2a: Dragapult\n|-start|p2a: Dragapult|move: Yawn|[of] p1a: Torkoal\n|\n|-weather|SunnyDay|[upkeep]\n|-heal|p2a: Dragapult|96\/100|[from] item: Leftovers\n|upkeep\n|turn|31\n|\n|t:|1699214168\n|move|p2a: Dragapult|Dragon Pulse|p1a: Torkoal\n|-damage|p1a: Torkoal|48\/100\n|move|p1a: Torkoal|Lava Plume|p2a: Dragapult\n|-resisted|p2a: Dragapult\n|-damage|p2a: Dragapult|70\/100\n|\n|-weather|SunnyDay|[upkeep]\n|-heal|p2a: Dragapult|76\/100|[from] item: Leftovers\n|-end|p2a: Dragapult|move: Yawn|[silent]\n|-status|p2a: Dragapult|slp\n|upkeep\n|turn|32\n|\n|t:|1699214171\n|switch|p1a: Walking Wake|Walking Wake|100\/100\n|-activate|p1a: Walking Wake|ability: Protosynthesis\n|-start|p1a: Walking Wake|protosynthesisspe\n|cant|p2a: Dragapult|slp\n|\n|-weather|SunnyDay|[upkeep]\n|-heal|p2a: Dragapult|82\/100 slp|[from] item: Leftovers\n|upkeep\n|turn|33\n|\n|t:|1699214174\n|-curestatus|p2a: Dragapult|slp|[msg]\n|move|p2a: Dragapult|Protect|p2a: Dragapult\n|-singleturn|p2a: Dragapult|Protect\n|move|p1a: Walking Wake|Dragon Pulse|p2a: Dragapult\n|-activate|p2a: Dragapult|move: Protect\n|\n|-weather|SunnyDay|[upkeep]\n|-heal|p2a: Dragapult|88\/100|[from] item: Leftovers\n|upkeep\n|turn|34\n|\n|t:|1699214179\n|move|p1a: Walking Wake|Dragon Pulse|p2a: Dragapult\n|-supereffective|p2a: Dragapult\n|-damage|p2a: Dragapult|0 fnt\n|faint|p2a: Dragapult\n|\n|win|AMAG\n|c|\u2606Bimchi Keef|ggwp\n|c|\u2606AMAG|GGWP\n","uploadtime":1699214185,"views":18,"p1id":"amag","p2id":"bimchikeef","formatid":"gen9ubers","rating":0,"private":0,"password":""}