{"id":"gen9ubers-1995850341","p1":"UltimateChameleon","p2":"VanIsBadAtName","format":"[Gen 9] Ubers","log":"|j|\u2606UltimateChameleon\n|j|\u2606VanIsBadAtName\n|t:|1700609528\n|gametype|singles\n|player|p1|UltimateChameleon|psychic-gen4|1078\n|player|p2|VanIsBadAtName|eusine|1063\n|teamsize|p1|6\n|teamsize|p2|6\n|gen|9\n|tier|[Gen 9] Ubers\n|rated|\n|rule|Sleep Clause Mod: Limit one foe put to sleep\n|rule|Species Clause: Limit one of each Pok\u00e9mon\n|rule|OHKO Clause: OHKO moves are banned\n|rule|Evasion Items Clause: Evasion items are banned\n|rule|Evasion Moves Clause: Evasion moves are banned\n|rule|Endless Battle Clause: Forcing endless battles is banned\n|rule|HP Percentage Mod: HP is shown in percentages\n|clearpoke\n|poke|p1|Roaring Moon|\n|poke|p1|Mew|\n|poke|p1|Eternatus|\n|poke|p1|Mimikyu, M|\n|poke|p1|Torkoal, F|\n|poke|p1|Gliscor, M|\n|poke|p2|Gliscor, F|\n|poke|p2|Palafin, M|\n|poke|p2|Chi-Yu|\n|poke|p2|Annihilape, F|\n|poke|p2|Chien-Pao|\n|poke|p2|Koraidon|\n|teampreview\n|inactive|Battle timer is ON: inactive players will automatically lose when time's up. (requested by VanIsBadAtName)\n|\n|t:|1700609532\n|start\n|switch|p1a: Mimikyu|Mimikyu, M, shiny|100\/100\n|switch|p2a: Palafin|Palafin, M|100\/100\n|turn|1\n|\n|t:|1700609540\n|move|p1a: Mimikyu|Wood Hammer|p2a: Palafin\n|-supereffective|p2a: Palafin\n|-damage|p2a: Palafin|19\/100\n|-damage|p1a: Mimikyu|64\/100|[from] Recoil\n|move|p2a: Palafin|Flip Turn|p1a: Mimikyu\n|-activate|p1a: Mimikyu|ability: Disguise\n|-damage|p1a: Mimikyu|64\/100\n|detailschange|p1a: Mimikyu|Mimikyu-Busted, M, shiny\n|-damage|p1a: Mimikyu|51\/100|[from] pokemon: Mimikyu-Busted\n|\n|t:|1700609552\n|detailschange|p2a: Palafin|Palafin-Hero, M\n|switch|p2a: Annihilape|Annihilape, F|100\/100|[from] Flip Turn\n|\n|upkeep\n|turn|2\n|\n|t:|1700609563\n|move|p1a: Mimikyu|Play Rough|p2a: Annihilape\n|-supereffective|p2a: Annihilape\n|-damage|p2a: Annihilape|32\/100\n|move|p2a: Annihilape|Bulk Up|p2a: Annihilape\n|-boost|p2a: Annihilape|atk|1\n|-boost|p2a: Annihilape|def|1\n|\n|-heal|p2a: Annihilape|38\/100|[from] item: Leftovers\n|upkeep\n|turn|3\n|\n|t:|1700609574\n|-terastallize|p2a: Annihilape|Fairy\n|move|p1a: Mimikyu|Play Rough|p2a: Annihilape\n|-damage|p2a: Annihilape|15\/100\n|move|p2a: Annihilape|Bulk Up|p2a: Annihilape\n|-boost|p2a: Annihilape|atk|1\n|-boost|p2a: Annihilape|def|1\n|\n|-heal|p2a: Annihilape|21\/100|[from] item: Leftovers\n|upkeep\n|turn|4\n|\n|t:|1700609584\n|move|p1a: Mimikyu|Phantom Force||[still]\n|-prepare|p1a: Mimikyu|Phantom Force\n|move|p2a: Annihilape|Rage Fist|p1a: Mimikyu|[miss]\n|-miss|p2a: Annihilape|p1a: Mimikyu\n|\n|-heal|p2a: Annihilape|27\/100|[from] item: Leftovers\n|upkeep\n|turn|5\n|\n|t:|1700609595\n|switch|p2a: Chi-Yu|Chi-Yu|100\/100\n|-ability|p2a: Chi-Yu|Beads of Ruin\n|move|p1a: Mimikyu|Phantom Force|p2a: Chi-Yu|[from]lockedmove\n|-resisted|p2a: Chi-Yu\n|-damage|p2a: Chi-Yu|71\/100\n|\n|upkeep\n|turn|6\n|\n|t:|1700609606\n|move|p1a: Mimikyu|Leech Life|p2a: Chi-Yu\n|-damage|p2a: Chi-Yu|38\/100\n|-heal|p1a: Mimikyu|68\/100|[from] drain|[of] p2a: Chi-Yu\n|move|p2a: Chi-Yu|Overheat|p1a: Mimikyu\n|-damage|p1a: Mimikyu|0 fnt\n|-unboost|p2a: Chi-Yu|spa|2\n|faint|p1a: Mimikyu\n|\n|upkeep\n|\n|t:|1700609617\n|switch|p1a: Gliscor|Gliscor, M, shiny|100\/100\n|turn|7\n|\n|t:|1700609628\n|switch|p2a: Gliscor|Gliscor, F|100\/100\n|move|p1a: Gliscor|Earthquake|p2a: Gliscor\n|-immune|p2a: Gliscor\n|\n|-status|p1a: Gliscor|tox|[from] item: Toxic Orb\n|-status|p2a: Gliscor|tox|[from] item: Toxic Orb\n|upkeep\n|turn|8\n|\n|t:|1700609642\n|move|p1a: Gliscor|Protect|p1a: Gliscor\n|-singleturn|p1a: Gliscor|Protect\n|move|p2a: Gliscor|Protect||[still]\n|-fail|p2a: Gliscor\n|\n|upkeep\n|turn|9\n|c|\u2606UltimateChameleon|lol\n|\n|t:|1700609654\n|move|p1a: Gliscor|Facade|p2a: Gliscor\n|-damage|p2a: Gliscor|74\/100 tox\n|move|p2a: Gliscor|Spikes|p1a: Gliscor\n|-sidestart|p1: UltimateChameleon|Spikes\n|\n|-heal|p2a: Gliscor|87\/100 tox|[from] ability: Poison Heal\n|upkeep\n|turn|10\n|\n|t:|1700609662\n|move|p2a: Gliscor|Protect|p2a: Gliscor\n|-singleturn|p2a: Gliscor|Protect\n|move|p1a: Gliscor|Facade|p2a: Gliscor\n|-activate|p2a: Gliscor|move: Protect\n|\n|-heal|p2a: Gliscor|99\/100 tox|[from] ability: Poison Heal\n|upkeep\n|turn|11\n|\n|t:|1700609671\n|move|p1a: Gliscor|Facade|p2a: Gliscor\n|-damage|p2a: Gliscor|72\/100 tox\n|move|p2a: Gliscor|Spikes|p1a: Gliscor\n|-sidestart|p1: UltimateChameleon|Spikes\n|\n|-heal|p2a: Gliscor|85\/100 tox|[from] ability: Poison Heal\n|upkeep\n|turn|12\n|\n|t:|1700609678\n|move|p2a: Gliscor|Protect|p2a: Gliscor\n|-singleturn|p2a: Gliscor|Protect\n|move|p1a: Gliscor|Substitute|p1a: Gliscor\n|-start|p1a: Gliscor|Substitute\n|-damage|p1a: Gliscor|76\/100 tox\n|\n|-heal|p1a: Gliscor|88\/100 tox|[from] ability: Poison Heal\n|-heal|p2a: Gliscor|97\/100 tox|[from] ability: Poison Heal\n|upkeep\n|turn|13\n|\n|t:|1700609688\n|move|p1a: Gliscor|Facade|p2a: Gliscor\n|-damage|p2a: Gliscor|68\/100 tox\n|move|p2a: Gliscor|Spikes|p1a: Gliscor\n|-sidestart|p1: UltimateChameleon|Spikes\n|\n|-heal|p1a: Gliscor|100\/100 tox|[from] ability: Poison Heal\n|-heal|p2a: Gliscor|81\/100 tox|[from] ability: Poison Heal\n|upkeep\n|turn|14\n|\n|t:|1700609709\n|switch|p1a: Mew|Mew|100\/100\n|-damage|p1a: Mew|76\/100|[from] Spikes\n|switch|p2a: Palafin|Palafin-Hero, M|19\/100\n|-activate|p2a: Palafin|ability: Zero to Hero\n|\n|-heal|p1a: Mew|82\/100|[from] item: Leftovers\n|upkeep\n|turn|15\n|\n|t:|1700609724\n|move|p2a: Palafin|Jet Punch|p1a: Mew\n|-damage|p1a: Mew|32\/100\n|move|p1a: Mew|Thunderbolt|p2a: Palafin\n|-supereffective|p2a: Palafin\n|-damage|p2a: Palafin|0 fnt\n|faint|p2a: Palafin\n|\n|-heal|p1a: Mew|38\/100|[from] item: Leftovers\n|upkeep\n|\n|t:|1700609732\n|switch|p2a: Chien-Pao|Chien-Pao|100\/100\n|-ability|p2a: Chien-Pao|Sword of Ruin\n|turn|16\n|\n|t:|1700609738\n|move|p2a: Chien-Pao|Crunch|p1a: Mew\n|-supereffective|p1a: Mew\n|-damage|p1a: Mew|0 fnt\n|faint|p1a: Mew\n|\n|upkeep\n|\n|t:|1700609747\n|switch|p1a: Torkoal|Torkoal, F|100\/100\n|-damage|p1a: Torkoal|75\/100|[from] Spikes\n|-weather|SunnyDay|[from] ability: Drought|[of] p1a: Torkoal\n|turn|17\n|\n|t:|1700609753\n|move|p2a: Chien-Pao|Sacred Sword|p1a: Torkoal\n|-damage|p1a: Torkoal|48\/100\n|move|p1a: Torkoal|Eruption|p2a: Chien-Pao\n|-supereffective|p2a: Chien-Pao\n|-damage|p2a: Chien-Pao|0 fnt\n|faint|p2a: Chien-Pao\n|\n|-weather|SunnyDay|[upkeep]\n|-heal|p1a: Torkoal|54\/100|[from] item: Leftovers\n|upkeep\n|\n|t:|1700609763\n|switch|p2a: Gliscor|Gliscor, F|81\/100 tox\n|turn|18\n|\n|t:|1700609771\n|move|p2a: Gliscor|Earthquake|p1a: Torkoal\n|-supereffective|p1a: Torkoal\n|-damage|p1a: Torkoal|7\/100\n|move|p1a: Torkoal|Solar Beam||[still]\n|-prepare|p1a: Torkoal|Solar Beam\n|-anim|p1a: Torkoal|Solar Beam|p2a: Gliscor\n|-damage|p2a: Gliscor|45\/100 tox\n|\n|-weather|SunnyDay|[upkeep]\n|-heal|p1a: Torkoal|13\/100|[from] item: Leftovers\n|-heal|p2a: Gliscor|58\/100 tox|[from] ability: Poison Heal\n|upkeep\n|turn|19\n|\n|t:|1700609782\n|move|p2a: Gliscor|Earthquake|p1a: Torkoal\n|-supereffective|p1a: Torkoal\n|-damage|p1a: Torkoal|0 fnt\n|faint|p1a: Torkoal\n|\n|-weather|SunnyDay|[upkeep]\n|-heal|p2a: Gliscor|70\/100 tox|[from] ability: Poison Heal\n|upkeep\n|\n|t:|1700609790\n|switch|p1a: Roaring Moon|Roaring Moon|100\/100\n|-damage|p1a: Roaring Moon|76\/100|[from] Spikes\n|-activate|p1a: Roaring Moon|ability: Protosynthesis\n|-start|p1a: Roaring Moon|protosynthesisatk\n|turn|20\n|\n|t:|1700609802\n|move|p1a: Roaring Moon|Fly||[still]\n|-prepare|p1a: Roaring Moon|Fly\n|move|p2a: Gliscor|Toxic|p1a: Roaring Moon|[miss]\n|-miss|p2a: Gliscor|p1a: Roaring Moon\n|\n|-weather|SunnyDay|[upkeep]\n|-heal|p2a: Gliscor|83\/100 tox|[from] ability: Poison Heal\n|upkeep\n|turn|21\n|\n|t:|1700609810\n|move|p2a: Gliscor|Protect|p2a: Gliscor\n|-singleturn|p2a: Gliscor|Protect\n|move|p1a: Roaring Moon|Fly|p2a: Gliscor|[from]lockedmove\n|-activate|p2a: Gliscor|move: Protect\n|\n|-weather|none\n|-end|p1a: Roaring Moon|Protosynthesis\n|-heal|p2a: Gliscor|95\/100 tox|[from] ability: Poison Heal\n|upkeep\n|turn|22\n|\n|t:|1700609820\n|-end|p1a: Roaring Moon|Protosynthesis|[silent]\n|switch|p1a: Gliscor|Gliscor, M, shiny|100\/100 tox\n|move|p2a: Gliscor|Toxic|p1a: Gliscor\n|-fail|p1a: Gliscor|tox\n|\n|-heal|p2a: Gliscor|100\/100 tox|[from] ability: Poison Heal\n|upkeep\n|turn|23\n|\n|t:|1700609832\n|switch|p2a: Annihilape|Annihilape, F, tera:Fairy|27\/100\n|move|p1a: Gliscor|Substitute|p1a: Gliscor\n|-start|p1a: Gliscor|Substitute\n|-damage|p1a: Gliscor|76\/100 tox\n|\n|-heal|p2a: Annihilape|34\/100|[from] item: Leftovers\n|-heal|p1a: Gliscor|88\/100 tox|[from] ability: Poison Heal\n|upkeep\n|turn|24\n|\n|t:|1700609843\n|move|p1a: Gliscor|Protect|p1a: Gliscor\n|-singleturn|p1a: Gliscor|Protect\n|move|p2a: Annihilape|Bulk Up|p2a: Annihilape\n|-boost|p2a: Annihilape|atk|1\n|-boost|p2a: Annihilape|def|1\n|\n|-heal|p2a: Annihilape|40\/100|[from] item: Leftovers\n|-heal|p1a: Gliscor|100\/100 tox|[from] ability: Poison Heal\n|upkeep\n|turn|25\n|\n|t:|1700609852\n|move|p1a: Gliscor|Earthquake|p2a: Annihilape\n|-damage|p2a: Annihilape|12\/100\n|move|p2a: Annihilape|Bulk Up|p2a: Annihilape\n|-boost|p2a: Annihilape|atk|1\n|-boost|p2a: Annihilape|def|1\n|\n|-heal|p2a: Annihilape|19\/100|[from] item: Leftovers\n|upkeep\n|turn|26\n|\n|t:|1700609861\n|move|p1a: Gliscor|Facade|p2a: Annihilape\n|-damage|p2a: Annihilape|0 fnt\n|faint|p2a: Annihilape\n|\n|upkeep\n|c|\u2606VanIsBadAtName|oh\n|c|\u2606VanIsBadAtName|right\n|c|\u2606VanIsBadAtName|i wasnt immune\n|c|\u2606VanIsBadAtName|because\n|c|\u2606VanIsBadAtName|i tera'd\n|c|\u2606VanIsBadAtName|lol\n|c|\u2606UltimateChameleon|yeh\n|\n|t:|1700609884\n|switch|p2a: Koraidon|Koraidon|100\/100\n|-weather|SunnyDay|[from] ability: Orichalcum Pulse|[of] p2a: Koraidon\n|-activate|p2a: Koraidon|Orichalcum Pulse|[source]\n|turn|27\n|\n|t:|1700609893\n|move|p2a: Koraidon|Outrage|p1a: Gliscor\n|-end|p1a: Gliscor|Substitute\n|move|p1a: Gliscor|Facade|p2a: Koraidon\n|-damage|p2a: Koraidon|66\/100\n|\n|-weather|SunnyDay|[upkeep]\n|upkeep\n|turn|28\n|\n|t:|1700609904\n|move|p2a: Koraidon|Outrage|p1a: Gliscor|[from]lockedmove\n|-damage|p1a: Gliscor|20\/100 tox\n|-start|p2a: Koraidon|confusion|[fatigue]\n|move|p1a: Gliscor|Facade|p2a: Koraidon\n|-damage|p2a: Koraidon|34\/100\n|\n|-weather|SunnyDay|[upkeep]\n|-heal|p1a: Gliscor|32\/100 tox|[from] ability: Poison Heal\n|upkeep\n|turn|29\n|\n|t:|1700609915\n|move|p1a: Gliscor|Protect|p1a: Gliscor\n|-singleturn|p1a: Gliscor|Protect\n|-activate|p2a: Koraidon|confusion\n|move|p2a: Koraidon|Outrage|p1a: Gliscor\n|-activate|p1a: Gliscor|move: Protect\n|\n|-weather|SunnyDay|[upkeep]\n|-heal|p1a: Gliscor|44\/100 tox|[from] ability: Poison Heal\n|upkeep\n|turn|30\n|\n|t:|1700609926\n|move|p1a: Gliscor|Protect|p1a: Gliscor\n|-singleturn|p1a: Gliscor|Protect\n|-activate|p2a: Koraidon|confusion\n|move|p2a: Koraidon|Outrage|p1a: Gliscor\n|-activate|p1a: Gliscor|move: Protect\n|\n|-weather|SunnyDay|[upkeep]\n|-heal|p1a: Gliscor|57\/100 tox|[from] ability: Poison Heal\n|upkeep\n|turn|31\n|\n|t:|1700609934\n|move|p1a: Gliscor|Protect||[still]\n|-fail|p1a: Gliscor\n|-end|p2a: Koraidon|confusion\n|move|p2a: Koraidon|Outrage|p1a: Gliscor\n|-damage|p1a: Gliscor|0 fnt\n|faint|p1a: Gliscor\n|\n|-weather|none\n|upkeep\n|\n|t:|1700609943\n|switch|p1a: Roaring Moon|Roaring Moon|76\/100\n|-damage|p1a: Roaring Moon|51\/100|[from] Spikes\n|turn|32\n|\n|t:|1700609949\n|move|p2a: Koraidon|Outrage|p1a: Roaring Moon|[from]lockedmove\n|-supereffective|p1a: Roaring Moon\n|-damage|p1a: Roaring Moon|0 fnt\n|faint|p1a: Roaring Moon\n|-end|p1a: Roaring Moon|Protosynthesis|[silent]\n|-start|p2a: Koraidon|confusion|[fatigue]\n|\n|upkeep\n|\n|t:|1700609955\n|switch|p1a: Eternatus|Eternatus|100\/100\n|-damage|p1a: Eternatus|75\/100|[from] Spikes\n|-ability|p1a: Eternatus|Pressure\n|turn|33\n|\n|t:|1700609964\n|-terastallize|p1a: Eternatus|Poison\n|-activate|p2a: Koraidon|confusion\n|move|p2a: Koraidon|Outrage|p1a: Eternatus\n|-damage|p1a: Eternatus|29\/100\n|move|p1a: Eternatus|Dynamax Cannon|p2a: Koraidon\n|-supereffective|p2a: Koraidon\n|-damage|p2a: Koraidon|0 fnt\n|faint|p2a: Koraidon\n|\n|-heal|p1a: Eternatus|35\/100|[from] item: Black Sludge\n|upkeep\n|\n|t:|1700609974\n|switch|p2a: Gliscor|Gliscor, F|100\/100 tox\n|turn|34\n|\n|t:|1700609985\n|move|p1a: Eternatus|Dynamax Cannon|p2a: Gliscor\n|-damage|p2a: Gliscor|49\/100 tox\n|move|p2a: Gliscor|Earthquake|p1a: Eternatus\n|-supereffective|p1a: Eternatus\n|-damage|p1a: Eternatus|0 fnt\n|faint|p1a: Eternatus\n|\n|win|VanIsBadAtName\n|raw|UltimateChameleon's rating: 1078 &rarr; <strong>1055<\/strong><br \/>(-23 for losing)\n|raw|VanIsBadAtName's rating: 1063 &rarr; <strong>1095<\/strong><br \/>(+32 for winning)\n|c|\u2606UltimateChameleon|lol gg\n|c|\u2606VanIsBadAtName|gg\n","uploadtime":1700609996,"views":6,"p1id":"ultimatechameleon","p2id":"vanisbadatname","formatid":"gen9ubers","rating":1055,"private":0,"password":""}