{"id":"gen9ubers-1974344043","p1":"Vario 64\u2606\u5f61","p2":"NFE is a real tier","format":"[Gen 9] Ubers","log":"|j|\u2606Vario 64\u2606\u5f61\n|j|\u2606NFE is a real tier\n|t:|1698079508\n|gametype|singles\n|player|p1|Vario 64\u2606\u5f61|ghetsis|\n|player|p2|NFE is a real tier|hiker|\n|teamsize|p1|6\n|teamsize|p2|6\n|gen|9\n|tier|[Gen 9] Ubers\n|rule|Sleep Clause Mod: Limit one foe put to sleep\n|rule|Species Clause: Limit one of each Pok\u00e9mon\n|rule|OHKO Clause: OHKO moves are banned\n|rule|Evasion Items Clause: Evasion items are banned\n|rule|Evasion Moves Clause: Evasion moves are banned\n|rule|Endless Battle Clause: Forcing endless battles is banned\n|rule|HP Percentage Mod: HP is shown in percentages\n|clearpoke\n|poke|p1|Klefki, F|\n|poke|p1|Arceus-Poison|\n|poke|p1|Magearna|\n|poke|p1|Haxorus, M|\n|poke|p1|Ursaluna-Bloodmoon, M|\n|poke|p1|Volcarona, F|\n|poke|p2|Arceus-Fire|\n|poke|p2|Walking Wake|\n|poke|p2|Roaring Moon|\n|poke|p2|Torkoal, M|\n|poke|p2|Magearna|\n|poke|p2|Gholdengo|\n|teampreview\n|c|\u2606NFE is a real tier|gl hf\n|c|\u2606Vario 64\u2606\u5f61|Gl hf\n|\n|t:|1698079539\n|start\n|switch|p1a: Haxorus|Haxorus, M|100\/100\n|switch|p2a: Boston Major|Magearna|100\/100\n|-ability|p1a: Haxorus|Mold Breaker\n|turn|1\n|\n|t:|1698079552\n|move|p1a: Haxorus|Earthquake|p2a: Boston Major\n|-supereffective|p2a: Boston Major\n|-damage|p2a: Boston Major|17\/100\n|-damage|p1a: Haxorus|91\/100|[from] item: Life Orb\n|move|p2a: Boston Major|Spikes|p1a: Haxorus\n|-sidestart|p1: Vario 64\u2606\u5f61|Spikes\n|\n|upkeep\n|turn|2\n|\n|t:|1698079599\n|move|p1a: Haxorus|Earthquake|p2a: Boston Major\n|-supereffective|p2a: Boston Major\n|-damage|p2a: Boston Major|0 fnt\n|faint|p2a: Boston Major\n|-damage|p1a: Haxorus|81\/100|[from] item: Life Orb\n|\n|upkeep\n|\n|t:|1698079645\n|switch|p2a: against Cloud9|Gholdengo|100\/100\n|turn|3\n|\n|t:|1698079654\n|move|p1a: Haxorus|Earthquake|p2a: against Cloud9\n|-supereffective|p2a: against Cloud9\n|-damage|p2a: against Cloud9|33\/100\n|-damage|p1a: Haxorus|71\/100|[from] item: Life Orb\n|move|p2a: against Cloud9|Make It Rain|p1a: Haxorus\n|-damage|p1a: Haxorus|0 fnt\n|-unboost|p2a: against Cloud9|spa|1\n|faint|p1a: Haxorus\n|\n|-heal|p2a: against Cloud9|39\/100|[from] item: Leftovers\n|upkeep\n|\n|t:|1698079674\n|switch|p1a: Magearna|Magearna|100\/100\n|-damage|p1a: Magearna|88\/100|[from] Spikes\n|turn|4\n|\n|t:|1698079682\n|move|p2a: against Cloud9|Thunder Wave|p1a: Magearna\n|-status|p1a: Magearna|par\n|move|p1a: Magearna|Iron Defense|p1a: Magearna\n|-boost|p1a: Magearna|def|2\n|\n|-heal|p2a: against Cloud9|45\/100|[from] item: Leftovers\n|upkeep\n|turn|5\n|\n|t:|1698079690\n|move|p2a: against Cloud9|Recover|p2a: against Cloud9\n|-heal|p2a: against Cloud9|95\/100\n|cant|p1a: Magearna|par\n|\n|-heal|p2a: against Cloud9|100\/100|[from] item: Leftovers\n|upkeep\n|turn|6\n|\n|t:|1698079695\n|move|p2a: against Cloud9|Night Shade|p1a: Magearna\n|-damage|p1a: Magearna|61\/100 par\n|move|p1a: Magearna|Calm Mind|p1a: Magearna\n|-boost|p1a: Magearna|spa|1\n|-boost|p1a: Magearna|spd|1\n|\n|upkeep\n|turn|7\n|\n|t:|1698079701\n|move|p2a: against Cloud9|Night Shade|p1a: Magearna\n|-damage|p1a: Magearna|33\/100 par\n|move|p1a: Magearna|Stored Power|p2a: against Cloud9\n|-resisted|p2a: against Cloud9\n|-damage|p2a: against Cloud9|79\/100\n|\n|-heal|p2a: against Cloud9|85\/100|[from] item: Leftovers\n|upkeep\n|turn|8\n|\n|t:|1698079706\n|move|p2a: against Cloud9|Night Shade|p1a: Magearna\n|-damage|p1a: Magearna|6\/100 par\n|move|p1a: Magearna|Stored Power|p2a: against Cloud9\n|-resisted|p2a: against Cloud9\n|-damage|p2a: against Cloud9|65\/100\n|\n|-heal|p2a: against Cloud9|71\/100|[from] item: Leftovers\n|upkeep\n|turn|9\n|\n|t:|1698079708\n|move|p2a: against Cloud9|Night Shade|p1a: Magearna\n|-damage|p1a: Magearna|0 fnt\n|faint|p1a: Magearna\n|\n|-heal|p2a: against Cloud9|77\/100|[from] item: Leftovers\n|upkeep\n|\n|t:|1698079714\n|switch|p1a: Volcarona|Volcarona, F|100\/100\n|turn|10\n|\n|t:|1698079733\n|-terastallize|p2a: against Cloud9|Fairy\n|move|p1a: Volcarona|Fire Blast|p2a: against Cloud9\n|-damage|p2a: against Cloud9|19\/100\n|move|p2a: against Cloud9|Thunder Wave|p1a: Volcarona\n|-status|p1a: Volcarona|par\n|\n|-heal|p2a: against Cloud9|25\/100|[from] item: Leftovers\n|upkeep\n|turn|11\n|\n|t:|1698079740\n|switch|p2a: the 2018 ELeague|Torkoal, M|100\/100\n|-weather|SunnyDay|[from] ability: Drought|[of] p2a: the 2018 ELeague\n|move|p1a: Volcarona|Quiver Dance|p1a: Volcarona\n|-boost|p1a: Volcarona|spa|1\n|-boost|p1a: Volcarona|spd|1\n|-boost|p1a: Volcarona|spe|1\n|\n|-weather|SunnyDay|[upkeep]\n|upkeep\n|turn|12\n|\n|t:|1698079746\n|cant|p1a: Volcarona|par\n|move|p2a: the 2018 ELeague|Overheat|p1a: Volcarona\n|-damage|p1a: Volcarona|60\/100 par\n|-unboost|p2a: the 2018 ELeague|spa|2\n|\n|-weather|SunnyDay|[upkeep]\n|upkeep\n|turn|13\n|\n|t:|1698079756\n|switch|p2a: 15-11 lead during|Walking Wake|100\/100\n|-activate|p2a: 15-11 lead during|ability: Protosynthesis\n|-start|p2a: 15-11 lead during|protosynthesisdef\n|move|p1a: Volcarona|Fire Blast|p2a: 15-11 lead during\n|-resisted|p2a: 15-11 lead during\n|-damage|p2a: 15-11 lead during|64\/100\n|\n|-weather|SunnyDay|[upkeep]\n|-heal|p2a: 15-11 lead during|71\/100|[from] item: Leftovers\n|upkeep\n|turn|14\n|\n|t:|1698079766\n|switch|p1a: Klefki|Klefki, F|100\/100\n|-damage|p1a: Klefki|88\/100|[from] Spikes\n|move|p2a: 15-11 lead during|Scald|p1a: Klefki\n|-damage|p1a: Klefki|70\/100\n|-status|p1a: Klefki|brn\n|\n|-weather|SunnyDay|[upkeep]\n|-heal|p2a: 15-11 lead during|77\/100|[from] item: Leftovers\n|-damage|p1a: Klefki|64\/100 brn|[from] brn\n|upkeep\n|turn|15\n|\n|t:|1698079772\n|-end|p2a: 15-11 lead during|Protosynthesis|[silent]\n|switch|p2a: the 2018 ELeague|Torkoal, M|100\/100\n|move|p1a: Klefki|Light Screen|p1a: Klefki\n|-sidestart|p1: Vario 64\u2606\u5f61|move: Light Screen\n|\n|-weather|SunnyDay|[upkeep]\n|-damage|p1a: Klefki|58\/100 brn|[from] brn\n|upkeep\n|turn|16\n|\n|t:|1698079785\n|move|p1a: Klefki|Reflect|p1a: Klefki\n|-sidestart|p1: Vario 64\u2606\u5f61|Reflect\n|move|p2a: the 2018 ELeague|Stealth Rock|p1a: Klefki\n|-sidestart|p1: Vario 64\u2606\u5f61|move: Stealth Rock\n|\n|-weather|SunnyDay|[upkeep]\n|-damage|p1a: Klefki|52\/100 brn|[from] brn\n|upkeep\n|turn|17\n|\n|t:|1698079793\n|switch|p1a: Volcarona|Volcarona, F|60\/100 par\n|move|p2a: the 2018 ELeague|Overheat|p1a: Volcarona\n|-damage|p1a: Volcarona|31\/100 par\n|-unboost|p2a: the 2018 ELeague|spa|2\n|\n|-weather|SunnyDay|[upkeep]\n|upkeep\n|turn|18\n|\n|t:|1698079799\n|switch|p2a: the grandfinals of|Roaring Moon|100\/100\n|-activate|p2a: the grandfinals of|ability: Protosynthesis\n|-start|p2a: the grandfinals of|protosynthesisspd\n|move|p1a: Volcarona|Giga Drain|p2a: the grandfinals of\n|-resisted|p2a: the grandfinals of\n|-damage|p2a: the grandfinals of|93\/100\n|-heal|p1a: Volcarona|35\/100 par|[from] drain|[of] p2a: the grandfinals of\n|\n|-weather|none\n|-end|p2a: the grandfinals of|Protosynthesis\n|-heal|p2a: the grandfinals of|99\/100|[from] item: Leftovers\n|upkeep\n|turn|19\n|\n|t:|1698079806\n|switch|p1a: Arceus|Arceus-Poison|100\/100\n|-damage|p1a: Arceus|88\/100|[from] Spikes\n|-damage|p1a: Arceus|76\/100|[from] Stealth Rock\n|move|p2a: the grandfinals of|Roar|p1a: Arceus\n|drag|p1a: Ursaluna|Ursaluna-Bloodmoon, M|100\/100\n|-damage|p1a: Ursaluna|88\/100|[from] Spikes\n|-damage|p1a: Ursaluna|82\/100|[from] Stealth Rock\n|\n|-heal|p2a: the grandfinals of|100\/100|[from] item: Leftovers\n|-heal|p1a: Ursaluna|88\/100|[from] item: Leftovers\n|upkeep\n|turn|20\n|\n|t:|1698079822\n|move|p1a: Ursaluna|Blood Moon|p2a: the grandfinals of\n|-damage|p2a: the grandfinals of|65\/100\n|move|p2a: the grandfinals of|Roar|p1a: Ursaluna\n|drag|p1a: Klefki|Klefki, F|52\/100 brn\n|-damage|p1a: Klefki|40\/100 brn|[from] Spikes\n|-damage|p1a: Klefki|34\/100 brn|[from] Stealth Rock\n|\n|-heal|p2a: the grandfinals of|71\/100|[from] item: Leftovers\n|-damage|p1a: Klefki|28\/100 brn|[from] brn\n|upkeep\n|turn|21\n|\n|t:|1698079834\n|-end|p2a: the grandfinals of|Protosynthesis|[silent]\n|switch|p2a: against Cloud9|Gholdengo, tera:Fairy|25\/100\n|move|p1a: Klefki|Spikes|p2a: against Cloud9\n|-sidestart|p2: NFE is a real tier|Spikes\n|\n|-heal|p2a: against Cloud9|31\/100|[from] item: Leftovers\n|-damage|p1a: Klefki|22\/100 brn|[from] brn\n|upkeep\n|turn|22\n|\n|t:|1698079840\n|switch|p1a: Arceus|Arceus-Poison|76\/100\n|-damage|p1a: Arceus|63\/100|[from] Spikes\n|-damage|p1a: Arceus|51\/100|[from] Stealth Rock\n|move|p2a: against Cloud9|Recover|p2a: against Cloud9\n|-heal|p2a: against Cloud9|81\/100\n|\n|-heal|p2a: against Cloud9|88\/100|[from] item: Leftovers\n|-sideend|p1: Vario 64\u2606\u5f61|move: Light Screen\n|upkeep\n|turn|23\n|\n|t:|1698079844\n|move|p1a: Arceus|Gunk Shot|p2a: against Cloud9|[miss]\n|-miss|p1a: Arceus|p2a: against Cloud9\n|move|p2a: against Cloud9|Thunder Wave|p1a: Arceus\n|-status|p1a: Arceus|par\n|\n|-heal|p2a: against Cloud9|94\/100|[from] item: Leftovers\n|-sideend|p1: Vario 64\u2606\u5f61|Reflect\n|upkeep\n|turn|24\n|\n|t:|1698079854\n|move|p2a: against Cloud9|Make It Rain|p1a: Arceus\n|-damage|p1a: Arceus|15\/100 par\n|-unboost|p2a: against Cloud9|spa|1\n|move|p1a: Arceus|Gunk Shot|p2a: against Cloud9\n|-supereffective|p2a: against Cloud9\n|-damage|p2a: against Cloud9|0 fnt\n|faint|p2a: against Cloud9\n|\n|upkeep\n|\n|t:|1698079873\n|switch|p2a: 15-11 lead during|Walking Wake|77\/100\n|-damage|p2a: 15-11 lead during|64\/100|[from] Spikes\n|turn|25\n|\n|t:|1698079877\n|move|p1a: Arceus|Extreme Speed|p2a: 15-11 lead during\n|-damage|p2a: 15-11 lead during|47\/100\n|move|p2a: 15-11 lead during|Scald|p1a: Arceus\n|-damage|p1a: Arceus|0 fnt\n|faint|p1a: Arceus\n|\n|-heal|p2a: 15-11 lead during|53\/100|[from] item: Leftovers\n|upkeep\n|\n|t:|1698079880\n|switch|p1a: Klefki|Klefki, F|22\/100 brn\n|-damage|p1a: Klefki|10\/100 brn|[from] Spikes\n|-damage|p1a: Klefki|4\/100 brn|[from] Stealth Rock\n|turn|26\n|\n|t:|1698079884\n|move|p1a: Klefki|Light Screen|p1a: Klefki\n|-sidestart|p1: Vario 64\u2606\u5f61|move: Light Screen\n|move|p2a: 15-11 lead during|Scald|p1a: Klefki\n|-damage|p1a: Klefki|0 fnt\n|faint|p1a: Klefki\n|\n|-heal|p2a: 15-11 lead during|59\/100|[from] item: Leftovers\n|upkeep\n|\n|t:|1698079892\n|switch|p1a: Ursaluna|Ursaluna-Bloodmoon, M|88\/100\n|-damage|p1a: Ursaluna|76\/100|[from] Spikes\n|-damage|p1a: Ursaluna|70\/100|[from] Stealth Rock\n|turn|27\n|\n|t:|1698079897\n|-end|p2a: 15-11 lead during|Protosynthesis|[silent]\n|switch|p2a: the 2018 ELeague|Torkoal, M|100\/100\n|-damage|p2a: the 2018 ELeague|88\/100|[from] Spikes\n|-weather|SunnyDay|[from] ability: Drought|[of] p2a: the 2018 ELeague\n|-terastallize|p1a: Ursaluna|Poison\n|move|p1a: Ursaluna|Calm Mind|p1a: Ursaluna\n|-boost|p1a: Ursaluna|spa|1\n|-boost|p1a: Ursaluna|spd|1\n|\n|-weather|SunnyDay|[upkeep]\n|-heal|p1a: Ursaluna|76\/100|[from] item: Leftovers\n|upkeep\n|turn|28\n|\n|t:|1698079911\n|move|p1a: Ursaluna|Earth Power|p2a: the 2018 ELeague\n|-supereffective|p2a: the 2018 ELeague\n|-damage|p2a: the 2018 ELeague|0 fnt\n|faint|p2a: the 2018 ELeague\n|\n|-weather|SunnyDay|[upkeep]\n|-heal|p1a: Ursaluna|82\/100|[from] item: Leftovers\n|upkeep\n|\n|t:|1698079916\n|switch|p2a: Faze Clan blew a|Arceus-Fire|100\/100\n|-damage|p2a: Faze Clan blew a|88\/100|[from] Spikes\n|turn|29\n|\n|t:|1698079923\n|move|p2a: Faze Clan blew a|Flare Blitz|p1a: Ursaluna\n|-damage|p1a: Ursaluna|24\/100\n|-damage|p2a: Faze Clan blew a|69\/100|[from] Recoil\n|move|p1a: Ursaluna|Earth Power|p2a: Faze Clan blew a\n|-supereffective|p2a: Faze Clan blew a\n|-damage|p2a: Faze Clan blew a|0 fnt\n|faint|p2a: Faze Clan blew a\n|\n|-weather|SunnyDay|[upkeep]\n|-heal|p1a: Ursaluna|30\/100|[from] item: Leftovers\n|upkeep\n|\n|t:|1698079946\n|switch|p2a: the grandfinals of|Roaring Moon|71\/100\n|-damage|p2a: the grandfinals of|59\/100|[from] Spikes\n|-activate|p2a: the grandfinals of|ability: Protosynthesis\n|-start|p2a: the grandfinals of|protosynthesisspd\n|turn|30\n|\n|t:|1698079965\n|move|p2a: the grandfinals of|Roost|p2a: the grandfinals of\n|-heal|p2a: the grandfinals of|100\/100\n|-singleturn|p2a: the grandfinals of|move: Roost\n|move|p1a: Ursaluna|Moonlight|p1a: Ursaluna\n|-heal|p1a: Ursaluna|97\/100\n|\n|-weather|SunnyDay|[upkeep]\n|-heal|p1a: Ursaluna|100\/100|[from] item: Leftovers\n|upkeep\n|turn|31\n|\n|t:|1698079971\n|move|p1a: Ursaluna|Blood Moon|p2a: the grandfinals of\n|-damage|p2a: the grandfinals of|54\/100\n|move|p2a: the grandfinals of|Roar|p1a: Ursaluna\n|drag|p1a: Volcarona|Volcarona, F|35\/100 par\n|\n|-weather|SunnyDay|[upkeep]\n|-heal|p2a: the grandfinals of|60\/100|[from] item: Leftovers\n|upkeep\n|turn|32\n|\n|t:|1698079985\n|move|p2a: the grandfinals of|Knock Off|p1a: Volcarona\n|-damage|p1a: Volcarona|0 fnt\n|-status|p2a: the grandfinals of|brn|[from] ability: Flame Body|[of] p1a: Volcarona\n|-enditem|p1a: Volcarona|Heavy-Duty Boots|[from] move: Knock Off|[of] p2a: the grandfinals of\n|faint|p1a: Volcarona\n|\n|-weather|SunnyDay|[upkeep]\n|-heal|p2a: the grandfinals of|66\/100 brn|[from] item: Leftovers\n|-damage|p2a: the grandfinals of|60\/100 brn|[from] brn\n|upkeep\n|\n|t:|1698079988\n|switch|p1a: Ursaluna|Ursaluna-Bloodmoon, M, tera:Poison|100\/100\n|-damage|p1a: Ursaluna|88\/100|[from] Spikes\n|-damage|p1a: Ursaluna|76\/100|[from] Stealth Rock\n|turn|33\n|\n|t:|1698079991\n|move|p2a: the grandfinals of|Taunt|p1a: Ursaluna\n|-start|p1a: Ursaluna|move: Taunt\n|cant|p1a: Ursaluna|move: Taunt|Calm Mind\n|\n|-weather|SunnyDay|[upkeep]\n|-heal|p2a: the grandfinals of|66\/100 brn|[from] item: Leftovers\n|-heal|p1a: Ursaluna|82\/100|[from] item: Leftovers\n|-damage|p2a: the grandfinals of|60\/100 brn|[from] brn\n|-sideend|p1: Vario 64\u2606\u5f61|move: Light Screen\n|upkeep\n|turn|34\n|\n|t:|1698079997\n|move|p2a: the grandfinals of|Knock Off|p1a: Ursaluna\n|-damage|p1a: Ursaluna|70\/100\n|-enditem|p1a: Ursaluna|Leftovers|[from] move: Knock Off|[of] p2a: the grandfinals of\n|move|p1a: Ursaluna|Earth Power|p2a: the grandfinals of\n|-damage|p2a: the grandfinals of|40\/100 brn\n|\n|-weather|none\n|-end|p2a: the grandfinals of|Protosynthesis\n|-heal|p2a: the grandfinals of|46\/100 brn|[from] item: Leftovers\n|-damage|p2a: the grandfinals of|40\/100 brn|[from] brn\n|upkeep\n|turn|35\n|\n|t:|1698080003\n|move|p2a: the grandfinals of|Roost|p2a: the grandfinals of\n|-heal|p2a: the grandfinals of|90\/100 brn\n|-singleturn|p2a: the grandfinals of|move: Roost\n|move|p1a: Ursaluna|Blood Moon|p2a: the grandfinals of\n|-crit|p2a: the grandfinals of\n|-damage|p2a: the grandfinals of|29\/100 brn\n|\n|-heal|p2a: the grandfinals of|35\/100 brn|[from] item: Leftovers\n|-damage|p2a: the grandfinals of|29\/100 brn|[from] brn\n|-end|p1a: Ursaluna|move: Taunt\n|upkeep\n|turn|36\n|\n|t:|1698080010\n|move|p2a: the grandfinals of|Taunt|p1a: Ursaluna\n|-start|p1a: Ursaluna|move: Taunt\n|move|p1a: Ursaluna|Earth Power|p2a: the grandfinals of\n|-damage|p2a: the grandfinals of|5\/100 brn\n|-unboost|p2a: the grandfinals of|spd|1\n|\n|-heal|p2a: the grandfinals of|11\/100 brn|[from] item: Leftovers\n|-damage|p2a: the grandfinals of|5\/100 brn|[from] brn\n|upkeep\n|turn|37\n|\n|t:|1698080020\n|move|p2a: the grandfinals of|Roost|p2a: the grandfinals of\n|-heal|p2a: the grandfinals of|55\/100 brn\n|-singleturn|p2a: the grandfinals of|move: Roost\n|move|p1a: Ursaluna|Earth Power|p2a: the grandfinals of\n|-damage|p2a: the grandfinals of|15\/100 brn\n|\n|-heal|p2a: the grandfinals of|21\/100 brn|[from] item: Leftovers\n|-damage|p2a: the grandfinals of|15\/100 brn|[from] brn\n|upkeep\n|turn|38\n|\n|t:|1698080032\n|move|p2a: the grandfinals of|Knock Off|p1a: Ursaluna\n|-damage|p1a: Ursaluna|63\/100\n|move|p1a: Ursaluna|Blood Moon|p2a: the grandfinals of\n|-damage|p2a: the grandfinals of|0 fnt\n|faint|p2a: the grandfinals of\n|-end|p2a: the grandfinals of|Protosynthesis|[silent]\n|\n|-end|p1a: Ursaluna|move: Taunt\n|upkeep\n|\n|t:|1698080034\n|switch|p2a: 15-11 lead during|Walking Wake|59\/100\n|-damage|p2a: 15-11 lead during|47\/100|[from] Spikes\n|turn|39\n|\n|t:|1698080038\n|move|p2a: 15-11 lead during|Rest|p2a: 15-11 lead during\n|-status|p2a: 15-11 lead during|slp|[from] move: Rest\n|-heal|p2a: 15-11 lead during|100\/100 slp|[silent]\n|move|p1a: Ursaluna|Moonlight|p1a: Ursaluna\n|-heal|p1a: Ursaluna|100\/100\n|\n|upkeep\n|turn|40\n|\n|t:|1698080045\n|cant|p2a: 15-11 lead during|slp\n|move|p2a: 15-11 lead during|Sleep Talk|p2a: 15-11 lead during\n|move|p2a: 15-11 lead during|Scald|p1a: Ursaluna|[from]move: Sleep Talk\n|-damage|p1a: Ursaluna|65\/100\n|move|p1a: Ursaluna|Blood Moon|p2a: 15-11 lead during\n|-damage|p2a: 15-11 lead during|44\/100 slp\n|\n|-heal|p2a: 15-11 lead during|50\/100 slp|[from] item: Leftovers\n|upkeep\n|turn|41\n|\n|t:|1698080057\n|cant|p2a: 15-11 lead during|slp\n|move|p2a: 15-11 lead during|Sleep Talk|p2a: 15-11 lead during\n|move|p2a: 15-11 lead during|Dragon Tail|p1a: Ursaluna|[from]move: Sleep Talk\n|-damage|p1a: Ursaluna|57\/100\n|move|p1a: Ursaluna|Earth Power|p2a: 15-11 lead during\n|-damage|p2a: 15-11 lead during|10\/100 slp\n|\n|-heal|p2a: 15-11 lead during|16\/100 slp|[from] item: Leftovers\n|upkeep\n|turn|42\n|\n|t:|1698080065\n|-curestatus|p2a: 15-11 lead during|slp|[msg]\n|move|p2a: 15-11 lead during|Rest|p2a: 15-11 lead during\n|-status|p2a: 15-11 lead during|slp|[from] move: Rest\n|-heal|p2a: 15-11 lead during|100\/100 slp|[silent]\n|move|p1a: Ursaluna|Calm Mind|p1a: Ursaluna\n|-boost|p1a: Ursaluna|spa|1\n|-boost|p1a: Ursaluna|spd|1\n|\n|upkeep\n|turn|43\n|\n|t:|1698080070\n|cant|p2a: 15-11 lead during|slp\n|move|p2a: 15-11 lead during|Sleep Talk|p2a: 15-11 lead during\n|move|p2a: 15-11 lead during|Rest||[from]move: Sleep Talk|[still]\n|-fail|p2a: 15-11 lead during\n|move|p1a: Ursaluna|Moonlight|p1a: Ursaluna\n|-heal|p1a: Ursaluna|100\/100\n|\n|upkeep\n|turn|44\n|\n|t:|1698080075\n|cant|p2a: 15-11 lead during|slp\n|move|p2a: 15-11 lead during|Sleep Talk|p2a: 15-11 lead during\n|move|p2a: 15-11 lead during|Dragon Tail|p1a: Ursaluna|[from]move: Sleep Talk\n|-damage|p1a: Ursaluna|91\/100\n|move|p1a: Ursaluna|Earth Power|p2a: 15-11 lead during\n|-damage|p2a: 15-11 lead during|42\/100 slp\n|\n|-heal|p2a: 15-11 lead during|48\/100 slp|[from] item: Leftovers\n|upkeep\n|turn|45\n|\n|t:|1698080080\n|-curestatus|p2a: 15-11 lead during|slp|[msg]\n|move|p2a: 15-11 lead during|Rest|p2a: 15-11 lead during\n|-status|p2a: 15-11 lead during|slp|[from] move: Rest\n|-heal|p2a: 15-11 lead during|100\/100 slp|[silent]\n|move|p1a: Ursaluna|Earth Power|p2a: 15-11 lead during\n|-damage|p2a: 15-11 lead during|39\/100 slp\n|\n|-heal|p2a: 15-11 lead during|46\/100 slp|[from] item: Leftovers\n|upkeep\n|turn|46\n|\n|t:|1698080085\n|cant|p2a: 15-11 lead during|slp\n|move|p2a: 15-11 lead during|Sleep Talk|p2a: 15-11 lead during\n|move|p2a: 15-11 lead during|Dragon Tail|p1a: Ursaluna|[from]move: Sleep Talk\n|-damage|p1a: Ursaluna|84\/100\n|move|p1a: Ursaluna|Blood Moon|p2a: 15-11 lead during\n|-damage|p2a: 15-11 lead during|0 fnt\n|faint|p2a: 15-11 lead during\n|-end|p2a: 15-11 lead during|Protosynthesis|[silent]\n|\n|win|Vario 64\u2606\u5f61\n|c|\u2606NFE is a real tier|gg\n|c|\u2606Vario 64\u2606\u5f61|gg\n","uploadtime":1698080102,"views":61,"p1id":"vario64","p2id":"nfeisarealtier","formatid":"gen9ubers","rating":0,"private":0,"password":""}