{"id":"gen9ubers-1986326417","p1":"Soleil05","p2":"abi558","format":"[Gen 9] Ubers","log":"|j|\u2606Soleil05\n|j|\u2606abi558\n|t:|1699469516\n|gametype|singles\n|player|p1|Soleil05|elesa-masters2|\n|player|p2|abi558|266|\n|teamsize|p1|6\n|teamsize|p2|6\n|gen|9\n|tier|[Gen 9] Ubers\n|rule|Sleep Clause Mod: Limit one foe put to sleep\n|rule|Species Clause: Limit one of each Pok\u00e9mon\n|rule|OHKO Clause: OHKO moves are banned\n|rule|Evasion Items Clause: Evasion items are banned\n|rule|Evasion Moves Clause: Evasion moves are banned\n|rule|Endless Battle Clause: Forcing endless battles is banned\n|rule|HP Percentage Mod: HP is shown in percentages\n|clearpoke\n|poke|p1|Ninetales-Alola, F|\n|poke|p1|Roaring Moon|\n|poke|p1|Alomomola, M|\n|poke|p1|Decidueye-Hisui, M|\n|poke|p1|Frosmoth, M|\n|poke|p1|Typhlosion-Hisui, F|\n|poke|p2|Cinderace, M|\n|poke|p2|Maushold|\n|poke|p2|Landorus-Therian, M|\n|poke|p2|Regidrago|\n|poke|p2|Drednaw, M|\n|poke|p2|Quaquaval, F|\n|teampreview\n|inactive|Battle timer is ON: inactive players will automatically lose when time's up. (requested by Soleil05)\n|\n|t:|1699469529\n|start\n|switch|p1a: Ninetales|Ninetales-Alola, F|100\/100\n|switch|p2a: Chomps|Drednaw, M, shiny|100\/100\n|-weather|Snow|[from] ability: Snow Warning|[of] p1a: Ninetales\n|turn|1\n|\n|t:|1699469540\n|move|p1a: Ninetales|Encore||[still]\n|-fail|p1a: Ninetales\n|move|p2a: Chomps|Shell Smash|p2a: Chomps\n|-unboost|p2a: Chomps|def|1\n|-unboost|p2a: Chomps|spd|1\n|-boost|p2a: Chomps|atk|2\n|-boost|p2a: Chomps|spa|2\n|-boost|p2a: Chomps|spe|2\n|\n|-weather|Snow|[upkeep]\n|upkeep\n|turn|2\n|\n|t:|1699469563\n|switch|p1a: Alomomola|Alomomola, M|100\/100\n|move|p2a: Chomps|Earthquake|p1a: Alomomola\n|-damage|p1a: Alomomola|62\/100\n|\n|-weather|Snow|[upkeep]\n|upkeep\n|turn|3\n|\n|t:|1699469573\n|-terastallize|p2a: Chomps|Grass\n|move|p2a: Chomps|Tera Blast|p1a: Alomomola|[anim] Tera Blast Grass\n|-supereffective|p1a: Alomomola\n|-damage|p1a: Alomomola|0 fnt\n|faint|p1a: Alomomola\n|\n|-weather|Snow|[upkeep]\n|upkeep\n|\n|t:|1699469585\n|switch|p1a: Roaring Moon|Roaring Moon|100\/100\n|-enditem|p1a: Roaring Moon|Booster Energy\n|-activate|p1a: Roaring Moon|ability: Protosynthesis|[fromitem]\n|-start|p1a: Roaring Moon|protosynthesisatk\n|turn|4\n|\n|t:|1699469610\n|move|p2a: Chomps|Earthquake|p1a: Roaring Moon\n|-damage|p1a: Roaring Moon|17\/100\n|move|p1a: Roaring Moon|Acrobatics|p2a: Chomps\n|-supereffective|p2a: Chomps\n|-damage|p2a: Chomps|0 fnt\n|faint|p2a: Chomps\n|\n|-weather|Snow|[upkeep]\n|upkeep\n|inactive|abi558 has 270 seconds left.\n|\n|t:|1699469642\n|switch|p2a: Cloud feet|Landorus-Therian, M|100\/100\n|-ability|p2a: Cloud feet|Intimidate|boost\n|-unboost|p1a: Roaring Moon|atk|1\n|turn|5\n|inactive|abi558 has 270 seconds left.\n|\n|t:|1699469655\n|move|p2a: Cloud feet|Earthquake|p1a: Roaring Moon\n|-damage|p1a: Roaring Moon|0 fnt\n|faint|p1a: Roaring Moon\n|-end|p1a: Roaring Moon|Protosynthesis|[silent]\n|\n|-weather|none\n|upkeep\n|\n|t:|1699469660\n|switch|p1a: Ninetales|Ninetales-Alola, F|100\/100\n|-weather|Snow|[from] ability: Snow Warning|[of] p1a: Ninetales\n|turn|6\n|\n|t:|1699469668\n|switch|p2a: Cinderella|Cinderace, M, shiny|100\/100\n|move|p1a: Ninetales|Aurora Veil|p1a: Ninetales\n|-sidestart|p1: Soleil05|move: Aurora Veil\n|\n|-weather|Snow|[upkeep]\n|upkeep\n|turn|7\n|\n|t:|1699469680\n|switch|p1a: Typhlosion|Typhlosion-Hisui, F|100\/100\n|-item|p2a: Cinderella|Heavy-Duty Boots|[from] ability: Frisk|[of] p1a: Typhlosion|[identify]\n|move|p2a: Cinderella|Bulk Up|p2a: Cinderella\n|-start|p2a: Cinderella|typechange|Fighting|[from] ability: Libero\n|-boost|p2a: Cinderella|atk|1\n|-boost|p2a: Cinderella|def|1\n|\n|-weather|Snow|[upkeep]\n|upkeep\n|turn|8\n|\n|t:|1699469690\n|move|p1a: Typhlosion|Eruption|p2a: Cinderella\n|-damage|p2a: Cinderella|0 fnt\n|faint|p2a: Cinderella\n|\n|-weather|Snow|[upkeep]\n|upkeep\n|\n|t:|1699469696\n|switch|p2a: Cloud feet|Landorus-Therian, M|100\/100\n|-ability|p2a: Cloud feet|Intimidate|boost\n|-unboost|p1a: Typhlosion|atk|1\n|turn|9\n|\n|t:|1699469704\n|-terastallize|p1a: Typhlosion|Fire\n|move|p1a: Typhlosion|Eruption|p2a: Cloud feet\n|-damage|p2a: Cloud feet|0 fnt\n|faint|p2a: Cloud feet\n|\n|-weather|Snow|[upkeep]\n|upkeep\n|\n|t:|1699469711\n|switch|p2a: Homosexual Poultry|Quaquaval, F, shiny|100\/100\n|turn|10\n|\n|t:|1699469721\n|switch|p1a: Decidueye|Decidueye-Hisui, M, shiny|100\/100\n|move|p2a: Homosexual Poultry|Aqua Step|p1a: Decidueye\n|-resisted|p1a: Decidueye\n|-damage|p1a: Decidueye|86\/100\n|-boost|p2a: Homosexual Poultry|spe|1\n|\n|-weather|none\n|upkeep\n|turn|11\n|\n|t:|1699469733\n|move|p1a: Decidueye|Leaf Blade|p2a: Homosexual Poultry\n|-supereffective|p2a: Homosexual Poultry\n|-damage|p2a: Homosexual Poultry|0 fnt\n|faint|p2a: Homosexual Poultry\n|\n|upkeep\n|\n|t:|1699469744\n|switch|p2a: BirthControl|Maushold, shiny|100\/100\n|turn|12\n|\n|t:|1699469756\n|switch|p1a: Typhlosion|Typhlosion-Hisui, F, tera:Fire|100\/100\n|-item|p2a: BirthControl|Protective Pads|[from] ability: Frisk|[of] p1a: Typhlosion|[identify]\n|move|p2a: BirthControl|Tidy Up|p2a: BirthControl\n|-boost|p2a: BirthControl|atk|1\n|-boost|p2a: BirthControl|spe|1\n|\n|upkeep\n|turn|13\n|\n|t:|1699469765\n|move|p2a: BirthControl|Population Bomb|p1a: Typhlosion\n|-damage|p1a: Typhlosion|89\/100\n|-hitcount|p1a: Typhlosion|1\n|move|p1a: Typhlosion|Eruption|p2a: BirthControl\n|-damage|p2a: BirthControl|0 fnt\n|faint|p2a: BirthControl\n|\n|-sideend|p1: Soleil05|move: Aurora Veil\n|upkeep\n|\n|t:|1699469774\n|switch|p2a: Wingardium Leviosa|Regidrago, shiny|100\/100\n|turn|14\n|\n|t:|1699469795\n|switch|p1a: Ninetales|Ninetales-Alola, F|100\/100\n|-weather|Snow|[from] ability: Snow Warning|[of] p1a: Ninetales\n|move|p2a: Wingardium Leviosa|Dragon Energy|p1a: Ninetales\n|-immune|p1a: Ninetales\n|\n|-weather|Snow|[upkeep]\n|upkeep\n|turn|15\n|-message|abi558 forfeited.\n|\n|win|Soleil05\n|l|\u2606abi558\n","uploadtime":1699469839,"views":12,"p1id":"soleil05","p2id":"abi558","formatid":"gen9ubers","rating":0,"private":0,"password":""}