{"id":"gen9ubers-1970102260","p1":"efwin2763","p2":"babynogalXD","format":"[Gen 9] Ubers","log":"|j|\u2606efwin2763\n|j|\u2606babynogalXD\n|t:|1697594395\n|gametype|singles\n|player|p1|efwin2763|ghetsis-gen5bw|\n|player|p2|babynogalXD|hilbert|\n|teamsize|p1|6\n|teamsize|p2|6\n|gen|9\n|tier|[Gen 9] Ubers\n|rule|Sleep Clause Mod: Limit one foe put to sleep\n|rule|Species Clause: Limit one of each Pok\u00e9mon\n|rule|OHKO Clause: OHKO moves are banned\n|rule|Evasion Items Clause: Evasion items are banned\n|rule|Evasion Moves Clause: Evasion moves are banned\n|rule|Endless Battle Clause: Forcing endless battles is banned\n|rule|HP Percentage Mod: HP is shown in percentages\n|clearpoke\n|poke|p1|Zacian-*|\n|poke|p1|Dragapult, F|\n|poke|p1|Shaymin-Sky|\n|poke|p1|Goodra-Hisui, F|\n|poke|p1|Kleavor, F|\n|poke|p1|Palkia-Origin|\n|poke|p2|Dugtrio, F|\n|poke|p2|Magearna|\n|poke|p2|Zacian-*|\n|poke|p2|Spectrier|\n|poke|p2|Arceus-Ice|\n|poke|p2|Gliscor, F|\n|teampreview\n|inactive|Battle timer is ON: inactive players will automatically lose when time's up. (requested by efwin2763)\n|c|\u2606efwin2763|i remember this team\n|inactive|efwin2763 has 270 seconds left.\n|inactive|babynogalXD has 270 seconds left.\n|c|\u2606babynogalXD|nuh uh\n|inactive|efwin2763 has 240 seconds left.\n|c|\u2606efwin2763|i remember you using dug but maybe the rest is different\n|inactive|efwin2763 has 210 seconds left.\n|c|\u2606efwin2763|endure custap dug that got wrecked before it could do its strat\n|\n|t:|1697594494\n|start\n|switch|p1a: Aggregation|Kleavor, F, shiny|100\/100\n|switch|p2a: Gliscor|Gliscor, F|100\/100\n|turn|1\n|inactive|efwin2763 has 270 seconds left.\n|\n|t:|1697594507\n|move|p1a: Aggregation|Trailblaze|p2a: Gliscor\n|-damage|p2a: Gliscor|89\/100\n|-boost|p1a: Aggregation|spe|1\n|move|p2a: Gliscor|Toxic Spikes|p1a: Aggregation\n|-sidestart|p1: efwin2763|move: Toxic Spikes\n|\n|-status|p2a: Gliscor|tox|[from] item: Toxic Orb\n|upkeep\n|turn|2\n|inactive|efwin2763 has 270 seconds left.\n|\n|t:|1697594519\n|move|p1a: Aggregation|Trailblaze|p2a: Gliscor\n|-damage|p2a: Gliscor|79\/100 tox\n|-boost|p1a: Aggregation|spe|1\n|move|p2a: Gliscor|Earthquake|p1a: Aggregation\n|-damage|p1a: Aggregation|59\/100\n|\n|-heal|p2a: Gliscor|91\/100 tox|[from] ability: Poison Heal\n|upkeep\n|turn|3\n|inactive|babynogalXD has 270 seconds left.\n|\n|t:|1697594555\n|move|p1a: Aggregation|Stone Axe|p2a: Gliscor\n|-damage|p2a: Gliscor|61\/100 tox\n|-sidestart|p2: babynogalXD|move: Stealth Rock\n|move|p2a: Gliscor|Earthquake|p1a: Aggregation\n|-damage|p1a: Aggregation|15\/100\n|\n|-heal|p2a: Gliscor|73\/100 tox|[from] ability: Poison Heal\n|upkeep\n|turn|4\n|inactive|efwin2763 has 270 seconds left.\n|\n|t:|1697594573\n|move|p2a: Gliscor|Protect|p2a: Gliscor\n|-singleturn|p2a: Gliscor|Protect\n|move|p1a: Aggregation|Stone Axe|p2a: Gliscor\n|-activate|p2a: Gliscor|move: Protect\n|\n|-heal|p2a: Gliscor|86\/100 tox|[from] ability: Poison Heal\n|upkeep\n|turn|5\n|inactive|babynogalXD has 270 seconds left.\n|\n|t:|1697594593\n|move|p1a: Aggregation|Stone Axe|p2a: Gliscor\n|-damage|p2a: Gliscor|53\/100 tox\n|move|p2a: Gliscor|Earthquake|p1a: Aggregation\n|-damage|p1a: Aggregation|0 fnt\n|faint|p1a: Aggregation\n|\n|-heal|p2a: Gliscor|66\/100 tox|[from] ability: Poison Heal\n|upkeep\n|\n|t:|1697594605\n|switch|p1a: Brieftrager|Goodra-Hisui, F, shiny|100\/100\n|turn|6\n|inactive|babynogalXD has 270 seconds left.\n|inactive|babynogalXD has 240 seconds left.\n|inactive|babynogalXD has 210 seconds left.\n|\n|t:|1697594687\n|move|p2a: Gliscor|Earthquake|p1a: Brieftrager\n|-supereffective|p1a: Brieftrager\n|-damage|p1a: Brieftrager|37\/100\n|move|p1a: Brieftrager|Ice Spinner|p2a: Gliscor\n|-supereffective|p2a: Gliscor\n|-crit|p2a: Gliscor\n|-damage|p2a: Gliscor|0 fnt\n|faint|p2a: Gliscor\n|\n|upkeep\n|\n|t:|1697594707\n|switch|p2a: Dugtrio|Dugtrio, F|100\/100\n|-damage|p2a: Dugtrio|94\/100|[from] Stealth Rock\n|turn|7\n|\n|t:|1697594714\n|move|p2a: Dugtrio|Earthquake|p1a: Brieftrager\n|-supereffective|p1a: Brieftrager\n|-damage|p1a: Brieftrager|0 fnt\n|faint|p1a: Brieftrager\n|\n|upkeep\n|\n|t:|1697594720\n|switch|p1a: Stop Dreaming|Zacian, shiny|100\/100\n|-status|p1a: Stop Dreaming|psn\n|-ability|p1a: Stop Dreaming|Intrepid Sword|boost\n|-boost|p1a: Stop Dreaming|atk|1\n|turn|8\n|\n|t:|1697594729\n|move|p1a: Stop Dreaming|Swords Dance|p1a: Stop Dreaming\n|-boost|p1a: Stop Dreaming|atk|2\n|move|p2a: Dugtrio|Earthquake|p1a: Stop Dreaming\n|-crit|p1a: Stop Dreaming\n|-damage|p1a: Stop Dreaming|41\/100 psn\n|\n|-damage|p1a: Stop Dreaming|29\/100 psn|[from] psn\n|upkeep\n|turn|9\n|\n|t:|1697594734\n|move|p2a: Dugtrio|Endure|p2a: Dugtrio\n|-singleturn|p2a: Dugtrio|move: Endure\n|move|p1a: Stop Dreaming|Close Combat|p2a: Dugtrio\n|-activate|p2a: Dugtrio|move: Endure\n|-damage|p2a: Dugtrio|1\/100\n|-unboost|p1a: Stop Dreaming|def|1\n|-unboost|p1a: Stop Dreaming|spd|1\n|\n|-damage|p1a: Stop Dreaming|16\/100 psn|[from] psn\n|upkeep\n|turn|10\n|c|\u2606efwin2763|damn crit\n|-enditem|p2a: Dugtrio|Custap Berry|[eat]\n|-activate|p2a: Dugtrio|item: Custap Berry|[consumed]\n|\n|t:|1697594747\n|move|p2a: Dugtrio|Earthquake|p1a: Stop Dreaming\n|-damage|p1a: Stop Dreaming|0 fnt\n|faint|p1a: Stop Dreaming\n|\n|upkeep\n|\n|t:|1697594757\n|switch|p1a: Exhumation|Shaymin-Sky, shiny|100\/100\n|turn|11\n|\n|t:|1697594761\n|move|p1a: Exhumation|Tera Blast|p2a: Dugtrio\n|-damage|p2a: Dugtrio|0 fnt\n|faint|p2a: Dugtrio\n|\n|upkeep\n|inactive|babynogalXD has 240 seconds left.\n|\n|t:|1697594798\n|switch|p2a: Arceus|Arceus-Ice|100\/100\n|-damage|p2a: Arceus|76\/100|[from] Stealth Rock\n|turn|12\n|\n|t:|1697594805\n|-terastallize|p1a: Exhumation|Rock\n|move|p1a: Exhumation|Tera Blast|p2a: Arceus|[anim] Tera Blast Rock\n|-supereffective|p2a: Arceus\n|-damage|p2a: Arceus|12\/100\n|move|p2a: Arceus|Judgment|p1a: Exhumation\n|-damage|p1a: Exhumation|23\/100\n|\n|upkeep\n|turn|13\n|\n|t:|1697594810\n|move|p1a: Exhumation|Tera Blast|p2a: Arceus|[anim] Tera Blast Rock\n|-supereffective|p2a: Arceus\n|-damage|p2a: Arceus|0 fnt\n|faint|p2a: Arceus\n|\n|upkeep\n|inactive|babynogalXD has 240 seconds left.\n|\n|t:|1697594819\n|switch|p2a: Spectrier|Spectrier|100\/100\n|-damage|p2a: Spectrier|88\/100|[from] Stealth Rock\n|turn|14\n|\n|t:|1697594824\n|move|p2a: Spectrier|Hex|p1a: Exhumation\n|-damage|p1a: Exhumation|0 fnt\n|faint|p1a: Exhumation\n|-ability|p2a: Spectrier|Grim Neigh|boost\n|-boost|p2a: Spectrier|spa|1\n|\n|-heal|p2a: Spectrier|94\/100|[from] item: Leftovers\n|upkeep\n|\n|t:|1697594828\n|switch|p1a: Don't Say Anything|Dragapult, F|100\/100\n|-status|p1a: Don't Say Anything|psn\n|turn|15\n|\n|t:|1697594834\n|-terastallize|p2a: Spectrier|Fairy\n|move|p2a: Spectrier|Hex|p1a: Don't Say Anything\n|-supereffective|p1a: Don't Say Anything\n|-damage|p1a: Don't Say Anything|0 fnt\n|faint|p1a: Don't Say Anything\n|-ability|p2a: Spectrier|Grim Neigh|boost\n|-boost|p2a: Spectrier|spa|1\n|\n|-heal|p2a: Spectrier|100\/100|[from] item: Leftovers\n|upkeep\n|\n|t:|1697594840\n|switch|p1a: Welcome Home|Palkia-Origin, shiny|100\/100\n|-status|p1a: Welcome Home|psn\n|-ability|p1a: Welcome Home|Pressure\n|turn|16\n|\n|t:|1697594844\n|move|p2a: Spectrier|Hex|p1a: Welcome Home\n|-damage|p1a: Welcome Home|0 fnt\n|faint|p1a: Welcome Home\n|\n|win|babynogalXD\n|c|\u2606babynogalXD|Gg\n|c|\u2606efwin2763|gg\n|c|\u2606efwin2763|i gotta go\n|l|\u2606efwin2763\n","uploadtime":1697595371,"views":13,"p1id":"efwin2763","p2id":"babynogalxd","formatid":"gen9ubers","rating":0,"private":0,"password":""}