{"id":"gen9ubers-1990908179","p1":"LITLE0","p2":"Kirass2","format":"[Gen 9] Ubers","log":"|j|\u2606LITLE0\n|j|\u2606Kirass2\n|t:|1700013871\n|gametype|singles\n|player|p1|LITLE0|brock|1063\n|player|p2|Kirass2|n|1044\n|teamsize|p1|6\n|teamsize|p2|6\n|gen|9\n|tier|[Gen 9] Ubers\n|rated|\n|rule|Sleep Clause Mod: Limit one foe put to sleep\n|rule|Species Clause: Limit one of each Pok\u00e9mon\n|rule|OHKO Clause: OHKO moves are banned\n|rule|Evasion Items Clause: Evasion items are banned\n|rule|Evasion Moves Clause: Evasion moves are banned\n|rule|Endless Battle Clause: Forcing endless battles is banned\n|rule|HP Percentage Mod: HP is shown in percentages\n|clearpoke\n|poke|p1|Amoonguss, M|\n|poke|p1|Ceruledge, F|\n|poke|p1|Cyclizar, M|\n|poke|p1|Dondozo, M|\n|poke|p1|Gliscor, M|\n|poke|p1|Zacian-*|\n|poke|p2|Kingambit, M|\n|poke|p2|Miraidon|\n|poke|p2|Espathra, F|\n|poke|p2|Annihilape, M|\n|poke|p2|Hatterene, F|\n|poke|p2|Garchomp, M|\n|teampreview\n|\n|t:|1700013883\n|start\n|switch|p1a: Cyclizar|Cyclizar, M|100\/100\n|switch|p2a: Miraidon|Miraidon|100\/100\n|-fieldstart|move: Electric Terrain|[from] ability: Hadron Engine|[of] p2a: Miraidon\n|turn|1\n|\n|t:|1700013899\n|switch|p1a: Zacian|Zacian-Crowned|100\/100\n|-ability|p1a: Zacian|Intrepid Sword|boost\n|-boost|p1a: Zacian|atk|1\n|move|p2a: Miraidon|Draco Meteor|p1a: Zacian\n|-immune|p1a: Zacian\n|\n|upkeep\n|turn|2\n|\n|t:|1700013911\n|switch|p2a: Garchomp|Garchomp, M|100\/100\n|move|p1a: Zacian|Play Rough|p2a: Garchomp\n|-supereffective|p2a: Garchomp\n|-damage|p2a: Garchomp|0 fnt\n|-damage|p1a: Zacian|88\/100|[from] ability: Rough Skin|[of] p2a: Garchomp\n|-damage|p1a: Zacian|72\/100|[from] item: Rocky Helmet|[of] p2a: Garchomp\n|faint|p2a: Garchomp\n|\n|upkeep\n|\n|t:|1700013922\n|switch|p2a: Hatterene|Hatterene, F|100\/100\n|turn|3\n|\n|t:|1700013925\n|move|p1a: Zacian|Behemoth Blade|p2a: Hatterene\n|-supereffective|p2a: Hatterene\n|-damage|p2a: Hatterene|0 fnt\n|faint|p2a: Hatterene\n|\n|upkeep\n|\n|t:|1700013928\n|switch|p2a: Annihilape|Annihilape, M|100\/100\n|turn|4\n|\n|t:|1700013934\n|move|p2a: Annihilape|Protect|p2a: Annihilape\n|-singleturn|p2a: Annihilape|Protect\n|move|p1a: Zacian|Play Rough|p2a: Annihilape\n|-activate|p2a: Annihilape|move: Protect\n|\n|upkeep\n|turn|5\n|\n|t:|1700013940\n|move|p1a: Zacian|Play Rough|p2a: Annihilape\n|-supereffective|p2a: Annihilape\n|-damage|p2a: Annihilape|0 fnt\n|faint|p2a: Annihilape\n|\n|-fieldend|move: Electric Terrain\n|upkeep\n|\n|t:|1700013951\n|switch|p2a: Miraidon|Miraidon|100\/100\n|-fieldstart|move: Electric Terrain|[from] ability: Hadron Engine|[of] p2a: Miraidon\n|turn|6\n|\n|t:|1700013956\n|-terastallize|p2a: Miraidon|Electric\n|move|p1a: Zacian|Play Rough|p2a: Miraidon\n|-damage|p2a: Miraidon|26\/100\n|move|p2a: Miraidon|Electro Drift|p1a: Zacian\n|-damage|p1a: Zacian|0 fnt\n|faint|p1a: Zacian\n|\n|upkeep\n|\n|t:|1700013966\n|switch|p1a: Gliscor|Gliscor, M|100\/100\n|turn|7\n|\n|t:|1700013972\n|switch|p2a: Espathra|Espathra, F|100\/100\n|move|p1a: Gliscor|Toxic|p2a: Espathra\n|-status|p2a: Espathra|tox\n|\n|-damage|p2a: Espathra|94\/100 tox|[from] psn\n|-status|p1a: Gliscor|tox|[from] item: Toxic Orb\n|upkeep\n|turn|8\n|\n|t:|1700013980\n|move|p1a: Gliscor|Knock Off|p2a: Espathra\n|-supereffective|p2a: Espathra\n|-damage|p2a: Espathra|11\/100 tox\n|-enditem|p2a: Espathra|Heavy-Duty Boots|[from] move: Knock Off|[of] p1a: Gliscor\n|move|p2a: Espathra|Calm Mind|p2a: Espathra\n|-boost|p2a: Espathra|spa|1\n|-boost|p2a: Espathra|spd|1\n|\n|-damage|p2a: Espathra|0 fnt|[from] psn\n|faint|p2a: Espathra\n|upkeep\n|\n|t:|1700013987\n|switch|p2a: Kingambit|Kingambit, M|100\/100\n|-activate|p2a: Kingambit|ability: Supreme Overlord\n|-start|p2a: Kingambit|fallen4|[silent]\n|turn|9\n|\n|t:|1700013999\n|move|p1a: Gliscor|Earthquake|p2a: Kingambit\n|-supereffective|p2a: Kingambit\n|-damage|p2a: Kingambit|38\/100\n|move|p2a: Kingambit|Swords Dance|p2a: Kingambit\n|-boost|p2a: Kingambit|atk|2\n|\n|upkeep\n|turn|10\n|\n|t:|1700014005\n|switch|p1a: Dondozo|Dondozo, M|100\/100\n|move|p2a: Kingambit|Sucker Punch||[still]\n|-fail|p2a: Kingambit\n|\n|-fieldend|move: Electric Terrain\n|upkeep\n|turn|11\n|\n|t:|1700014010\n|move|p2a: Kingambit|Kowtow Cleave|p1a: Dondozo\n|-damage|p1a: Dondozo|62\/100\n|-damage|p2a: Kingambit|28\/100|[from] item: Life Orb\n|move|p1a: Dondozo|Body Press|p2a: Kingambit\n|-supereffective|p2a: Kingambit\n|-damage|p2a: Kingambit|0 fnt\n|faint|p2a: Kingambit\n|-end|p2a: Kingambit|fallen4|[silent]\n|\n|-heal|p1a: Dondozo|69\/100|[from] item: Leftovers\n|upkeep\n|-message|Kirass2 forfeited.\n|\n|win|LITLE0\n|raw|LITLE0's rating: 1063 &rarr; <strong>1092<\/strong><br \/>(+29 for winning)\n|raw|Kirass2's rating: 1044 &rarr; <strong>1028<\/strong><br \/>(-16 for losing)\n|l|\u2606Kirass2\n","uploadtime":1700014016,"views":12,"p1id":"litle0","p2id":"kirass2","formatid":"gen9ubers","rating":1028,"private":0,"password":""}