{"id":"gen9ubers-1969266532","p1":"Fellow06","p2":"lorence waba","format":"[Gen 9] Ubers","log":"|j|\u2606Fellow06\n|j|\u2606lorence waba\n|t:|1697507793\n|gametype|singles\n|player|p1|Fellow06|zinnia|1000\n|player|p2|lorence waba|palmer|1067\n|teamsize|p1|6\n|teamsize|p2|6\n|gen|9\n|tier|[Gen 9] Ubers\n|rated|\n|rule|Sleep Clause Mod: Limit one foe put to sleep\n|rule|Species Clause: Limit one of each Pok\u00e9mon\n|rule|OHKO Clause: OHKO moves are banned\n|rule|Evasion Items Clause: Evasion items are banned\n|rule|Evasion Moves Clause: Evasion moves are banned\n|rule|Endless Battle Clause: Forcing endless battles is banned\n|rule|HP Percentage Mod: HP is shown in percentages\n|clearpoke\n|poke|p1|Zacian-*|\n|poke|p1|Dragapult, F|\n|poke|p1|Shaymin-Sky|\n|poke|p1|Goodra-Hisui, F|\n|poke|p1|Kleavor, F|\n|poke|p1|Flutter Mane|\n|poke|p2|Rayquaza|\n|poke|p2|Jolteon, F|\n|poke|p2|Zamazenta-*|\n|poke|p2|Vaporeon, F|\n|poke|p2|Zacian-*|\n|poke|p2|Flutter Mane|\n|teampreview\n|inactive|Battle timer is ON: inactive players will automatically lose when time's up. (requested by Fellow06)\n|\n|t:|1697507802\n|start\n|switch|p1a: Aggregation|Kleavor, F, shiny|100\/100\n|switch|p2a: Zamazenta|Zamazenta-Crowned|100\/100\n|-ability|p2a: Zamazenta|Dauntless Shield|boost\n|-boost|p2a: Zamazenta|def|1\n|turn|1\n|\n|t:|1697507811\n|move|p2a: Zamazenta|Behemoth Bash|p1a: Aggregation\n|-supereffective|p1a: Aggregation\n|-enditem|p1a: Aggregation|Focus Sash\n|-damage|p1a: Aggregation|1\/100\n|move|p1a: Aggregation|Stone Axe|p2a: Zamazenta\n|-resisted|p2a: Zamazenta\n|-damage|p2a: Zamazenta|94\/100\n|-sidestart|p2: lorence waba|move: Stealth Rock\n|\n|upkeep\n|turn|2\n|\n|t:|1697507820\n|move|p2a: Zamazenta|Stone Edge|p1a: Aggregation\n|-supereffective|p1a: Aggregation\n|-damage|p1a: Aggregation|0 fnt\n|faint|p1a: Aggregation\n|\n|upkeep\n|\n|t:|1697507829\n|switch|p1a: Stop Dreaming|Zacian, shiny|100\/100\n|-ability|p1a: Stop Dreaming|Intrepid Sword|boost\n|-boost|p1a: Stop Dreaming|atk|1\n|turn|3\n|\n|t:|1697507840\n|-terastallize|p1a: Stop Dreaming|Ground\n|move|p1a: Stop Dreaming|Tera Blast|p2a: Zamazenta|[anim] Tera Blast Ground\n|-supereffective|p2a: Zamazenta\n|-damage|p2a: Zamazenta|35\/100\n|move|p2a: Zamazenta|Behemoth Bash|p1a: Stop Dreaming\n|-damage|p1a: Stop Dreaming|63\/100\n|\n|upkeep\n|turn|4\n|\n|t:|1697507850\n|move|p1a: Stop Dreaming|Play Rough|p2a: Zamazenta\n|-crit|p2a: Zamazenta\n|-damage|p2a: Zamazenta|0 fnt\n|faint|p2a: Zamazenta\n|\n|upkeep\n|\n|t:|1697507856\n|switch|p2a: Zacian|Zacian-Crowned|100\/100\n|-damage|p2a: Zacian|94\/100|[from] Stealth Rock\n|-ability|p2a: Zacian|Intrepid Sword|boost\n|-boost|p2a: Zacian|atk|1\n|turn|5\n|\n|t:|1697507866\n|move|p1a: Stop Dreaming|Play Rough|p2a: Zacian\n|-resisted|p2a: Zacian\n|-damage|p2a: Zacian|68\/100\n|-unboost|p2a: Zacian|atk|1\n|move|p2a: Zacian|Close Combat|p1a: Stop Dreaming\n|-damage|p1a: Stop Dreaming|27\/100\n|-unboost|p2a: Zacian|def|1\n|-unboost|p2a: Zacian|spd|1\n|\n|upkeep\n|turn|6\n|\n|t:|1697507875\n|move|p1a: Stop Dreaming|Tera Blast|p2a: Zacian|[anim] Tera Blast Ground\n|-supereffective|p2a: Zacian\n|-damage|p2a: Zacian|0 fnt\n|faint|p2a: Zacian\n|\n|upkeep\n|\n|t:|1697507880\n|switch|p2a: Vaporeon|Vaporeon, F|100\/100\n|-damage|p2a: Vaporeon|88\/100|[from] Stealth Rock\n|turn|7\n|\n|t:|1697507888\n|move|p1a: Stop Dreaming|Tera Blast|p2a: Vaporeon|[anim] Tera Blast Ground\n|-damage|p2a: Vaporeon|23\/100\n|move|p2a: Vaporeon|Hydro Pump|p1a: Stop Dreaming\n|-supereffective|p1a: Stop Dreaming\n|-damage|p1a: Stop Dreaming|0 fnt\n|faint|p1a: Stop Dreaming\n|\n|upkeep\n|\n|t:|1697507905\n|switch|p1a: Exhumation|Shaymin-Sky, shiny|100\/100\n|turn|8\n|\n|t:|1697507918\n|switch|p2a: Flutter Mane|Flutter Mane|100\/100\n|-damage|p2a: Flutter Mane|88\/100|[from] Stealth Rock\n|move|p1a: Exhumation|Seed Flare|p2a: Flutter Mane\n|-damage|p2a: Flutter Mane|33\/100\n|\n|upkeep\n|turn|9\n|\n|t:|1697507925\n|move|p1a: Exhumation|Air Slash|p2a: Flutter Mane\n|-damage|p2a: Flutter Mane|0 fnt\n|faint|p2a: Flutter Mane\n|-end|p2a: Flutter Mane|Protosynthesis|[silent]\n|\n|upkeep\n|\n|t:|1697507929\n|switch|p2a: Rayquaza|Rayquaza|100\/100\n|-damage|p2a: Rayquaza|76\/100|[from] Stealth Rock\n|-ability|p2a: Rayquaza|Air Lock\n|turn|10\n|\n|t:|1697507937\n|move|p1a: Exhumation|Air Slash|p2a: Rayquaza\n|-damage|p2a: Rayquaza|45\/100\n|cant|p2a: Rayquaza|flinch\n|\n|upkeep\n|turn|11\n|\n|t:|1697507941\n|move|p1a: Exhumation|Air Slash|p2a: Rayquaza\n|-damage|p2a: Rayquaza|11\/100\n|cant|p2a: Rayquaza|flinch\n|\n|upkeep\n|turn|12\n|\n|t:|1697507945\n|move|p1a: Exhumation|Tera Blast|p2a: Rayquaza\n|-damage|p2a: Rayquaza|0 fnt\n|faint|p2a: Rayquaza\n|\n|upkeep\n|\n|t:|1697507951\n|switch|p2a: Jolteon|Jolteon, F|100\/100\n|-damage|p2a: Jolteon|88\/100|[from] Stealth Rock\n|turn|13\n|\n|t:|1697507959\n|move|p1a: Exhumation|Seed Flare|p2a: Jolteon\n|-damage|p2a: Jolteon|16\/100\n|-unboost|p2a: Jolteon|spd|2\n|move|p2a: Jolteon|Thunderbolt|p1a: Exhumation\n|-damage|p1a: Exhumation|54\/100\n|\n|upkeep\n|turn|14\n|\n|t:|1697507966\n|move|p1a: Exhumation|Tera Blast|p2a: Jolteon\n|-damage|p2a: Jolteon|0 fnt\n|faint|p2a: Jolteon\n|\n|upkeep\n|\n|t:|1697507969\n|switch|p2a: Vaporeon|Vaporeon, F|23\/100\n|-damage|p2a: Vaporeon|10\/100|[from] Stealth Rock\n|turn|15\n|\n|t:|1697507975\n|move|p1a: Exhumation|Tera Blast|p2a: Vaporeon\n|-damage|p2a: Vaporeon|0 fnt\n|faint|p2a: Vaporeon\n|\n|win|Fellow06\n|raw|Fellow06's rating: 1000 &rarr; <strong>1048<\/strong><br \/>(+48 for winning)\n|raw|lorence waba's rating: 1067 &rarr; <strong>1043<\/strong><br \/>(-24 for losing)\n","uploadtime":1697507977,"views":9,"p1id":"fellow06","p2id":"lorencewaba","formatid":"gen9ubers","rating":1043,"private":0,"password":""}