{"id":"gen9ubers-1974626194","p1":"stonkymonky","p2":"mathman0624","format":"[Gen 9] Ubers","log":"|j|\u2606stonkymonky\n|j|\u2606mathman0624\n|t:|1698104012\n|gametype|singles\n|player|p1|stonkymonky|crasherwake|\n|player|p2|mathman0624|265|\n|teamsize|p1|6\n|teamsize|p2|6\n|gen|9\n|tier|[Gen 9] Ubers\n|rule|Sleep Clause Mod: Limit one foe put to sleep\n|rule|Species Clause: Limit one of each Pok\u00e9mon\n|rule|OHKO Clause: OHKO moves are banned\n|rule|Evasion Items Clause: Evasion items are banned\n|rule|Evasion Moves Clause: Evasion moves are banned\n|rule|Endless Battle Clause: Forcing endless battles is banned\n|rule|HP Percentage Mod: HP is shown in percentages\n|clearpoke\n|poke|p1|Indeedee, M|\n|poke|p1|Mewtwo|\n|poke|p1|Flutter Mane|\n|poke|p1|Koraidon|\n|poke|p1|Espathra, F|\n|poke|p1|Grimmsnarl, M|\n|poke|p2|Miraidon|\n|poke|p2|Koraidon|\n|poke|p2|Toxapex, F|\n|poke|p2|Sneasler, M|\n|poke|p2|Zacian-*|\n|poke|p2|Glimmora, M|\n|teampreview\n|\n|t:|1698104030\n|start\n|switch|p1a: oh|Grimmsnarl, M|100\/100\n|switch|p2a: Glimmora|Glimmora, M|100\/100\n|turn|1\n|\n|t:|1698104040\n|move|p1a: oh|Taunt|p2a: Glimmora\n|-start|p2a: Glimmora|move: Taunt\n|move|p2a: Glimmora|Mortal Spin|p1a: oh\n|-supereffective|p1a: oh\n|-damage|p1a: oh|91\/100\n|-status|p1a: oh|psn\n|\n|-damage|p1a: oh|78\/100 psn|[from] psn\n|upkeep\n|turn|2\n|\n|t:|1698104051\n|move|p1a: oh|Light Screen|p1a: oh\n|-sidestart|p1: stonkymonky|move: Light Screen\n|move|p2a: Glimmora|Power Gem|p1a: oh\n|-damage|p1a: oh|57\/100 psn\n|\n|-damage|p1a: oh|44\/100 psn|[from] psn\n|upkeep\n|turn|3\n|\n|t:|1698104064\n|move|p1a: oh|Parting Shot|p2a: Glimmora\n|-unboost|p2a: Glimmora|atk|1\n|-unboost|p2a: Glimmora|spa|1\n|\n|t:|1698104072\n|switch|p1a: mind reader|Indeedee, M|100\/100|[from] Parting Shot\n|-fieldstart|move: Psychic Terrain|[from] ability: Psychic Surge|[of] p1a: mind reader\n|move|p2a: Glimmora|Power Gem|p1a: mind reader\n|-damage|p1a: mind reader|86\/100\n|\n|-end|p2a: Glimmora|move: Taunt\n|upkeep\n|turn|4\n|\n|t:|1698104084\n|move|p1a: mind reader|Psychic|p2a: Glimmora\n|-supereffective|p2a: Glimmora\n|-enditem|p2a: Glimmora|Focus Sash\n|-damage|p2a: Glimmora|1\/100\n|move|p2a: Glimmora|Mortal Spin|p1a: mind reader\n|-damage|p1a: mind reader|78\/100\n|-status|p1a: mind reader|psn\n|\n|-damage|p1a: mind reader|66\/100 psn|[from] psn\n|upkeep\n|turn|5\n|\n|t:|1698104104\n|move|p1a: mind reader|Psychic|p2a: Glimmora\n|-supereffective|p2a: Glimmora\n|-damage|p2a: Glimmora|0 fnt\n|faint|p2a: Glimmora\n|\n|-damage|p1a: mind reader|53\/100 psn|[from] psn\n|upkeep\n|\n|t:|1698104119\n|switch|p2a: Zacian|Zacian-Crowned|100\/100\n|-ability|p2a: Zacian|Intrepid Sword|boost\n|-boost|p2a: Zacian|atk|1\n|turn|6\n|\n|t:|1698104167\n|switch|p1a: hit that rai|Koraidon|100\/100\n|-weather|SunnyDay|[from] ability: Orichalcum Pulse|[of] p1a: hit that rai\n|-activate|p1a: hit that rai|Orichalcum Pulse|[source]\n|move|p2a: Zacian|Behemoth Blade|p1a: hit that rai\n|-damage|p1a: hit that rai|18\/100\n|\n|-weather|SunnyDay|[upkeep]\n|upkeep\n|turn|7\n|\n|t:|1698104182\n|move|p1a: hit that rai|Flare Blitz|p2a: Zacian\n|-supereffective|p2a: Zacian\n|-damage|p2a: Zacian|0 fnt\n|faint|p2a: Zacian\n|-damage|p1a: hit that rai|0 fnt|[from] Recoil\n|faint|p1a: hit that rai\n|\n|-weather|SunnyDay|[upkeep]\n|upkeep\n|\n|t:|1698104213\n|switch|p2a: Sneasler|Sneasler, M|100\/100\n|switch|p1a: schmix|Espathra, F|100\/100\n|turn|8\n|\n|t:|1698104251\n|switch|p1a: mind reader|Indeedee, M|53\/100 psn\n|move|p2a: Sneasler|Swords Dance|p2a: Sneasler\n|-boost|p2a: Sneasler|atk|2\n|\n|-weather|SunnyDay|[upkeep]\n|-damage|p1a: mind reader|41\/100 psn|[from] psn\n|upkeep\n|turn|9\n|\n|t:|1698104311\n|move|p2a: Sneasler|Dire Claw|p1a: mind reader\n|-damage|p1a: mind reader|0 fnt\n|faint|p1a: mind reader\n|\n|-weather|SunnyDay|[upkeep]\n|-sideend|p1: stonkymonky|move: Light Screen\n|upkeep\n|\n|t:|1698104343\n|switch|p1a: yep im|Flutter Mane|100\/100\n|-activate|p1a: yep im|ability: Protosynthesis\n|-start|p1a: yep im|protosynthesisspe\n|turn|10\n|\n|t:|1698104351\n|move|p1a: yep im|Psyshock|p2a: Sneasler\n|-supereffective|p2a: Sneasler\n|-enditem|p2a: Sneasler|Focus Sash\n|-damage|p2a: Sneasler|1\/100\n|move|p2a: Sneasler|Shadow Claw|p1a: yep im\n|-supereffective|p1a: yep im\n|-crit|p1a: yep im\n|-damage|p1a: yep im|0 fnt\n|faint|p1a: yep im\n|-end|p1a: yep im|Protosynthesis|[silent]\n|\n|-weather|none\n|-fieldend|move: Psychic Terrain\n|upkeep\n|\n|t:|1698104367\n|switch|p1a: oh|Grimmsnarl, M|44\/100 psn\n|turn|11\n|\n|t:|1698104386\n|move|p1a: oh|Reflect|p1a: oh\n|-sidestart|p1: stonkymonky|Reflect\n|move|p2a: Sneasler|Dire Claw|p1a: oh\n|-supereffective|p1a: oh\n|-damage|p1a: oh|0 fnt\n|faint|p1a: oh\n|\n|upkeep\n|\n|t:|1698104484\n|switch|p1a: schmix|Espathra, F|100\/100\n|turn|12\n|\n|t:|1698104489\n|-terastallize|p1a: schmix|Fairy\n|move|p2a: Sneasler|Shadow Claw|p1a: schmix\n|-damage|p1a: schmix|77\/100\n|move|p1a: schmix|Substitute|p1a: schmix\n|-start|p1a: schmix|Substitute\n|-damage|p1a: schmix|52\/100\n|\n|-heal|p1a: schmix|58\/100|[from] item: Leftovers\n|-ability|p1a: schmix|Speed Boost|boost\n|-boost|p1a: schmix|spe|1\n|upkeep\n|turn|13\n|\n|t:|1698104549\n|move|p2a: Sneasler|Dire Claw|p1a: schmix\n|-supereffective|p1a: schmix\n|-end|p1a: schmix|Substitute\n|move|p1a: schmix|Stored Power|p2a: Sneasler\n|-supereffective|p2a: Sneasler\n|-damage|p2a: Sneasler|0 fnt\n|faint|p2a: Sneasler\n|\n|-heal|p1a: schmix|64\/100|[from] item: Leftovers\n|-ability|p1a: schmix|Speed Boost|boost\n|-boost|p1a: schmix|spe|1\n|upkeep\n|\n|t:|1698104567\n|switch|p2a: Miraidon|Miraidon|100\/100\n|-fieldstart|move: Electric Terrain|[from] ability: Hadron Engine|[of] p2a: Miraidon\n|-enditem|p2a: Miraidon|Electric Seed\n|-boost|p2a: Miraidon|def|1|[from] item: Electric Seed\n|turn|14\n|\n|t:|1698104621\n|-terastallize|p2a: Miraidon|Fairy\n|move|p1a: schmix|Substitute|p1a: schmix\n|-start|p1a: schmix|Substitute\n|-damage|p1a: schmix|39\/100\n|move|p2a: Miraidon|Electro Drift|p1a: schmix\n|-end|p1a: schmix|Substitute\n|\n|-heal|p1a: schmix|45\/100|[from] item: Leftovers\n|-ability|p1a: schmix|Speed Boost|boost\n|-boost|p1a: schmix|spe|1\n|upkeep\n|turn|15\n|\n|t:|1698104635\n|move|p1a: schmix|Substitute|p1a: schmix\n|-start|p1a: schmix|Substitute\n|-damage|p1a: schmix|21\/100\n|move|p2a: Miraidon|Electro Drift|p1a: schmix\n|-end|p1a: schmix|Substitute\n|\n|-heal|p1a: schmix|27\/100|[from] item: Leftovers\n|-ability|p1a: schmix|Speed Boost|boost\n|-boost|p1a: schmix|spe|1\n|upkeep\n|turn|16\n|\n|t:|1698104652\n|move|p1a: schmix|Substitute|p1a: schmix\n|-start|p1a: schmix|Substitute\n|-damage|p1a: schmix|2\/100\n|move|p2a: Miraidon|Electro Drift|p1a: schmix\n|-end|p1a: schmix|Substitute\n|\n|-heal|p1a: schmix|8\/100|[from] item: Leftovers\n|-ability|p1a: schmix|Speed Boost|boost\n|-boost|p1a: schmix|spe|1\n|upkeep\n|turn|17\n|\n|t:|1698104680\n|move|p1a: schmix|Stored Power|p2a: Miraidon\n|-damage|p2a: Miraidon|66\/100\n|move|p2a: Miraidon|Electro Drift|p1a: schmix\n|-damage|p1a: schmix|0 fnt\n|faint|p1a: schmix\n|\n|upkeep\n|\n|t:|1698104692\n|switch|p1a: mind leader|Mewtwo|100\/100\n|-ability|p1a: mind leader|Pressure\n|turn|18\n|\n|t:|1698104716\n|move|p2a: Miraidon|Electro Drift|p1a: mind leader\n|-damage|p1a: mind leader|0 fnt\n|faint|p1a: mind leader\n|\n|win|mathman0624\n|c|\u2606mathman0624|gg\n","uploadtime":1698104734,"views":13,"p1id":"stonkymonky","p2id":"mathman0624","formatid":"gen9ubers","rating":0,"private":0,"password":""}