{"id":"gen9ubers-1992546762","p1":"here_be_dragon","p2":"RUMYMOME","format":"[Gen 9] Ubers","log":"|j|\u2606here_be_dragon\n|j|\u2606RUMYMOME\n|inactive|Battle timer is ON: inactive players will automatically lose when time's up.\n|t:|1700203376\n|gametype|singles\n|player|p1|here_be_dragon|psychic-gen4|\n|player|p2|RUMYMOME|marshal|\n|teamsize|p1|6\n|teamsize|p2|6\n|gen|9\n|tier|[Gen 9] Ubers\n|rated|Tournament battle\n|rule|Sleep Clause Mod: Limit one foe put to sleep\n|rule|Species Clause: Limit one of each Pok\u00e9mon\n|rule|OHKO Clause: OHKO moves are banned\n|rule|Evasion Items Clause: Evasion items are banned\n|rule|Evasion Moves Clause: Evasion moves are banned\n|rule|Endless Battle Clause: Forcing endless battles is banned\n|rule|HP Percentage Mod: HP is shown in percentages\n|rule|Inverse Mod: Weaknesses become resistances, while resistances and immunities become weaknesses.\n|clearpoke\n|poke|p1|Arceus|\n|poke|p1|Shaymin-Sky|\n|poke|p1|Ribombee, F|\n|poke|p1|Spectrier|\n|poke|p1|Regieleki|\n|poke|p1|Greninja-*, M|\n|poke|p2|Koraidon|\n|poke|p2|Miraidon|\n|poke|p2|Flutter Mane|\n|poke|p2|Arceus|\n|poke|p2|Chien-Pao|\n|poke|p2|Iron Bundle|\n|teampreview\n|j|*Lady Monita \u2746\n|c|\u2606here_be_dragon|gl hf\n|\n|t:|1700203404\n|start\n|switch|p1a: Ribombee|Ribombee, F|100\/100\n|switch|p2a: Chien-Pao|Chien-Pao|100\/100\n|-ability|p2a: Chien-Pao|Sword of Ruin\n|turn|1\n|\n|t:|1700203426\n|move|p2a: Chien-Pao|Crunch|p1a: Ribombee\n|-supereffective|p1a: Ribombee\n|-enditem|p1a: Ribombee|Focus Sash\n|-damage|p1a: Ribombee|1\/100\n|move|p1a: Ribombee|Sticky Web|p2a: Chien-Pao\n|-sidestart|p2: RUMYMOME|move: Sticky Web\n|\n|upkeep\n|turn|2\n|c|\u2606RUMYMOME|U2\n|\n|t:|1700203434\n|move|p2a: Chien-Pao|Crunch|p1a: Ribombee\n|-supereffective|p1a: Ribombee\n|-damage|p1a: Ribombee|0 fnt\n|faint|p1a: Ribombee\n|\n|upkeep\n|\n|t:|1700203443\n|switch|p1a: Spectrier|Spectrier|100\/100\n|turn|3\n|\n|t:|1700203446\n|move|p2a: Chien-Pao|Sacred Sword|p1a: Spectrier\n|-supereffective|p1a: Spectrier\n|-damage|p1a: Spectrier|0 fnt\n|faint|p1a: Spectrier\n|\n|upkeep\n|\n|t:|1700203455\n|switch|p1a: Regieleki|Regieleki|100\/100\n|turn|4\n|\n|t:|1700203459\n|move|p1a: Regieleki|Reflect|p1a: Regieleki\n|-sidestart|p1: here_be_dragon|Reflect\n|move|p2a: Chien-Pao|Crunch|p1a: Regieleki\n|-damage|p1a: Regieleki|57\/100\n|\n|upkeep\n|turn|5\n|\n|t:|1700203470\n|move|p1a: Regieleki|Volt Switch|p2a: Chien-Pao\n|-damage|p2a: Chien-Pao|47\/100\n|\n|t:|1700203476\n|switch|p1a: Shaymin|Shaymin-Sky|100\/100|[from] Volt Switch\n|move|p2a: Chien-Pao|Crunch|p1a: Shaymin\n|-damage|p1a: Shaymin|65\/100\n|-unboost|p1a: Shaymin|def|1\n|\n|upkeep\n|turn|6\n|\n|t:|1700203484\n|move|p2a: Chien-Pao|Sacred Sword|p1a: Shaymin\n|-supereffective|p1a: Shaymin\n|-damage|p1a: Shaymin|12\/100\n|move|p1a: Shaymin|Seed Flare|p2a: Chien-Pao\n|-damage|p2a: Chien-Pao|0 fnt\n|faint|p2a: Chien-Pao\n|-damage|p1a: Shaymin|2\/100|[from] item: Life Orb\n|\n|upkeep\n|\n|t:|1700203493\n|switch|p2a: Koraidon|Koraidon|100\/100\n|-activate|p2a: Koraidon|move: Sticky Web\n|-unboost|p2a: Koraidon|spe|1\n|-weather|SunnyDay|[from] ability: Orichalcum Pulse|[of] p2a: Koraidon\n|-activate|p2a: Koraidon|Orichalcum Pulse|[source]\n|turn|7\n|\n|t:|1700203497\n|move|p1a: Shaymin|Seed Flare|p2a: Koraidon\n|-supereffective|p2a: Koraidon\n|-enditem|p2a: Koraidon|Focus Sash\n|-damage|p2a: Koraidon|1\/100\n|-unboost|p2a: Koraidon|spd|2\n|-damage|p1a: Shaymin|0 fnt|[from] item: Life Orb\n|faint|p1a: Shaymin\n|move|p2a: Koraidon|Flame Charge|p1: Shaymin|[notarget]\n|-fail|p2a: Koraidon\n|\n|-weather|SunnyDay|[upkeep]\n|upkeep\n|\n|t:|1700203501\n|switch|p1a: Greninja|Greninja, M|100\/100\n|turn|8\n|\n|t:|1700203507\n|move|p1a: Greninja|Dark Pulse|p2a: Koraidon\n|-supereffective|p2a: Koraidon\n|-damage|p2a: Koraidon|0 fnt\n|faint|p2a: Koraidon\n|-ability|p1a: Greninja|Battle Bond|boost\n|-boost|p1a: Greninja|atk|1\n|-boost|p1a: Greninja|spa|1\n|-boost|p1a: Greninja|spe|1\n|-activate|p1a: Greninja|ability: Battle Bond\n|\n|-weather|SunnyDay|[upkeep]\n|upkeep\n|\n|t:|1700203520\n|switch|p2a: Flutter Mane|Flutter Mane|100\/100\n|-activate|p2a: Flutter Mane|move: Sticky Web\n|-unboost|p2a: Flutter Mane|spe|1\n|-activate|p2a: Flutter Mane|ability: Protosynthesis\n|-start|p2a: Flutter Mane|protosynthesisspa\n|turn|9\n|\n|t:|1700203527\n|move|p1a: Greninja|Dark Pulse|p2a: Flutter Mane\n|-damage|p2a: Flutter Mane|48\/100\n|move|p2a: Flutter Mane|Psyshock|p1a: Greninja\n|-supereffective|p1a: Greninja\n|-enditem|p1a: Greninja|Focus Sash\n|-damage|p1a: Greninja|1\/100\n|\n|-weather|SunnyDay|[upkeep]\n|upkeep\n|turn|10\n|\n|t:|1700203532\n|move|p1a: Greninja|Dark Pulse|p2a: Flutter Mane\n|-damage|p2a: Flutter Mane|0 fnt\n|faint|p2a: Flutter Mane\n|-end|p2a: Flutter Mane|Protosynthesis|[silent]\n|\n|-weather|SunnyDay|[upkeep]\n|upkeep\n|\n|t:|1700203536\n|switch|p2a: Arceus|Arceus|100\/100\n|-activate|p2a: Arceus|move: Sticky Web\n|-unboost|p2a: Arceus|spe|1\n|turn|11\n|\n|t:|1700203543\n|move|p2a: Arceus|Extreme Speed|p1a: Greninja\n|-crit|p1a: Greninja\n|-damage|p1a: Greninja|0 fnt\n|faint|p1a: Greninja\n|-damage|p2a: Arceus|91\/100|[from] item: Life Orb\n|\n|-weather|none\n|-sideend|p1: here_be_dragon|Reflect\n|upkeep\n|\n|t:|1700203547\n|switch|p1a: Arceus|Arceus|100\/100\n|turn|12\n|\n|t:|1700203550\n|move|p1a: Arceus|Swords Dance|p1a: Arceus\n|-boost|p1a: Arceus|atk|2\n|move|p2a: Arceus|Will-O-Wisp|p1a: Arceus\n|-status|p1a: Arceus|brn\n|\n|-damage|p1a: Arceus|94\/100 brn|[from] brn\n|upkeep\n|turn|13\n|\n|t:|1700203555\n|move|p1a: Arceus|Swords Dance|p1a: Arceus\n|-boost|p1a: Arceus|atk|2\n|move|p2a: Arceus|Swords Dance|p2a: Arceus\n|-boost|p2a: Arceus|atk|2\n|\n|-heal|p1a: Arceus|100\/100 brn|[from] item: Leftovers\n|-damage|p1a: Arceus|94\/100 brn|[from] brn\n|upkeep\n|turn|14\n|\n|t:|1700203584\n|-terastallize|p1a: Arceus|Normal\n|-terastallize|p2a: Arceus|Normal\n|move|p1a: Arceus|Extreme Speed|p2a: Arceus\n|-damage|p2a: Arceus|27\/100\n|move|p2a: Arceus|Extreme Speed|p1a: Arceus\n|-damage|p1a: Arceus|3\/100 brn\n|-damage|p2a: Arceus|17\/100|[from] item: Life Orb\n|\n|-heal|p1a: Arceus|9\/100 brn|[from] item: Leftovers\n|-damage|p1a: Arceus|3\/100 brn|[from] brn\n|upkeep\n|turn|15\n|\n|t:|1700203590\n|move|p1a: Arceus|Extreme Speed|p2a: Arceus\n|-damage|p2a: Arceus|0 fnt\n|faint|p2a: Arceus\n|\n|-heal|p1a: Arceus|9\/100 brn|[from] item: Leftovers\n|-damage|p1a: Arceus|3\/100 brn|[from] brn\n|upkeep\n|\n|t:|1700203592\n|switch|p2a: Iron Bundle|Iron Bundle|100\/100\n|-activate|p2a: Iron Bundle|move: Sticky Web\n|-unboost|p2a: Iron Bundle|spe|1\n|turn|16\n|\n|t:|1700203602\n|move|p1a: Arceus|Extreme Speed|p2a: Iron Bundle\n|-enditem|p2a: Iron Bundle|Focus Sash\n|-damage|p2a: Iron Bundle|1\/100\n|move|p2a: Iron Bundle|Ice Beam|p1a: Arceus\n|-damage|p1a: Arceus|0 fnt\n|faint|p1a: Arceus\n|\n|upkeep\n|\n|t:|1700203607\n|switch|p1a: Regieleki|Regieleki|57\/100\n|turn|17\n|\n|t:|1700203611\n|move|p1a: Regieleki|Rapid Spin|p2a: Iron Bundle\n|-damage|p2a: Iron Bundle|0 fnt\n|-boost|p1a: Regieleki|spe|1\n|faint|p2a: Iron Bundle\n|-end|p2a: Iron Bundle|Quark Drive|[silent]\n|\n|upkeep\n|\n|t:|1700203613\n|switch|p2a: Miraidon|Miraidon|100\/100\n|-activate|p2a: Miraidon|move: Sticky Web\n|-unboost|p2a: Miraidon|spe|1\n|-fieldstart|move: Electric Terrain|[from] ability: Hadron Engine|[of] p2a: Miraidon\n|turn|18\n|\n|t:|1700203617\n|move|p1a: Regieleki|Volt Switch|p2a: Miraidon\n|-supereffective|p2a: Miraidon\n|-enditem|p2a: Miraidon|Focus Sash\n|-damage|p2a: Miraidon|1\/100\n|move|p2a: Miraidon|Parabolic Charge|p1a: Regieleki\n|-supereffective|p1a: Regieleki\n|-damage|p1a: Regieleki|0 fnt\n|-heal|p2a: Miraidon|31\/100|[from] drain|[of] p1a: Regieleki\n|faint|p1a: Regieleki\n|\n|win|RUMYMOME\n|n|\u2606here_be_dragon|herebedragon\n|n|\u2606RUMYMOME|rumymome\n|n|*Lady Monita \u2746|ladymonita\n|l|*Lady Monita \u2746\n|c|\u2606here_be_dragon|gg\n|l|\u2606here_be_dragon\n|j| starfire77\n|l| starfire77\n","uploadtime":1700203754,"views":5,"p1id":"herebedragon","p2id":"rumymome","formatid":"gen9ubers","rating":0,"private":0,"password":""}