{"id":"gen9ubers-1994429283","p1":"azurviz","p2":"MonkeyManStan","format":"[Gen 9] Ubers","log":"|j|\u2606azurviz\n|j|\u2606MonkeyManStan\n|t:|1700442949\n|gametype|singles\n|player|p1|azurviz|teacher|\n|player|p2|MonkeyManStan|chili|\n|teamsize|p1|6\n|teamsize|p2|6\n|gen|9\n|tier|[Gen 9] Ubers\n|rule|Sleep Clause Mod: Limit one foe put to sleep\n|rule|Species Clause: Limit one of each Pok\u00e9mon\n|rule|OHKO Clause: OHKO moves are banned\n|rule|Evasion Items Clause: Evasion items are banned\n|rule|Evasion Moves Clause: Evasion moves are banned\n|rule|Endless Battle Clause: Forcing endless battles is banned\n|rule|HP Percentage Mod: HP is shown in percentages\n|clearpoke\n|poke|p1|Ribombee, F|\n|poke|p1|Rotom|\n|poke|p1|Gholdengo|\n|poke|p1|Vaporeon, M|\n|poke|p1|Muk, M|\n|poke|p1|Gliscor, M|\n|poke|p2|Tornadus-Therian, M|\n|poke|p2|Kilowattrel, F|\n|poke|p2|Politoed, F|\n|poke|p2|Manaphy|\n|poke|p2|Gastrodon-East, M|\n|poke|p2|Overqwil, F|\n|teampreview\n|c|\u2606MonkeyManStan|glhf!\n|c|\u2606azurviz|glhf :)\n|\n|t:|1700443007\n|start\n|switch|p1a: Ribombee|Ribombee, F|100\/100\n|switch|p2a: Gastrodon|Gastrodon-East, M, shiny|100\/100\n|turn|1\n|\n|t:|1700443036\n|move|p1a: Ribombee|Stun Spore|p2a: Gastrodon\n|-status|p2a: Gastrodon|par\n|move|p2a: Gastrodon|Stealth Rock|p1a: Ribombee\n|-sidestart|p1: azurviz|move: Stealth Rock\n|\n|upkeep\n|turn|2\n|\n|t:|1700443044\n|move|p1a: Ribombee|Sticky Web|p2a: Gastrodon\n|-sidestart|p2: MonkeyManStan|move: Sticky Web\n|cant|p2a: Gastrodon|par\n|\n|upkeep\n|turn|3\n|\n|t:|1700443076\n|move|p1a: Ribombee|U-turn|p2a: Gastrodon\n|-damage|p2a: Gastrodon|88\/100 par\n|\n|t:|1700443078\n|switch|p1a: Gliscor|Gliscor, M|100\/100|[from] U-turn\n|-damage|p1a: Gliscor|88\/100|[from] Stealth Rock\n|move|p2a: Gastrodon|Spikes|p1a: Gliscor\n|-sidestart|p1: azurviz|Spikes\n|\n|-heal|p2a: Gastrodon|94\/100 par|[from] item: Leftovers\n|-status|p1a: Gliscor|tox|[from] item: Toxic Orb\n|upkeep\n|turn|4\n|\n|t:|1700443104\n|switch|p2a: Politoed|Politoed, F, shiny|100\/100\n|-activate|p2a: Politoed|move: Sticky Web\n|-unboost|p2a: Politoed|spe|1\n|-weather|RainDance|[from] ability: Drizzle|[of] p2a: Politoed\n|move|p1a: Gliscor|Knock Off|p2a: Politoed\n|-damage|p2a: Politoed|83\/100\n|-enditem|p2a: Politoed|Damp Rock|[from] move: Knock Off|[of] p1a: Gliscor\n|\n|-weather|RainDance|[upkeep]\n|-heal|p1a: Gliscor|100\/100 tox|[from] ability: Poison Heal\n|upkeep\n|turn|5\n|\n|t:|1700443134\n|switch|p1a: Muk|Muk, M, shiny|100\/100\n|-damage|p1a: Muk|88\/100|[from] Stealth Rock\n|-damage|p1a: Muk|76\/100|[from] Spikes\n|switch|p2a: Manaphy|Manaphy|100\/100\n|-activate|p2a: Manaphy|move: Sticky Web\n|-unboost|p2a: Manaphy|spe|1\n|\n|-weather|RainDance|[upkeep]\n|upkeep\n|turn|6\n|\n|t:|1700443222\n|move|p2a: Manaphy|Take Heart|p2a: Manaphy\n|-boost|p2a: Manaphy|spa|1\n|-boost|p2a: Manaphy|spd|1\n|move|p1a: Muk|Gunk Shot|p2a: Manaphy\n|-damage|p2a: Manaphy|57\/100\n|\n|-weather|RainDance|[upkeep]\n|-heal|p2a: Manaphy|63\/100|[from] item: Leftovers\n|upkeep\n|turn|7\n|j| NEdgyman\n|\n|t:|1700443280\n|move|p2a: Manaphy|Rest|p2a: Manaphy\n|-status|p2a: Manaphy|slp|[from] move: Rest\n|-heal|p2a: Manaphy|100\/100 slp|[silent]\n|move|p1a: Muk|Gunk Shot|p2a: Manaphy|[miss]\n|-miss|p1a: Muk|p2a: Manaphy\n|\n|-weather|RainDance|[upkeep]\n|-activate|p2a: Manaphy|ability: Hydration\n|-curestatus|p2a: Manaphy|slp|[msg]\n|upkeep\n|turn|8\n|\n|t:|1700443286\n|move|p2a: Manaphy|Take Heart|p2a: Manaphy\n|-boost|p2a: Manaphy|spa|1\n|-boost|p2a: Manaphy|spd|1\n|move|p1a: Muk|Haze|p1a: Muk\n|-clearallboost\n|\n|-weather|RainDance|[upkeep]\n|upkeep\n|turn|9\n|\n|t:|1700443306\n|switch|p1a: Rotom|Rotom|100\/100\n|-damage|p1a: Rotom|88\/100|[from] Stealth Rock\n|move|p2a: Manaphy|Scald|p1a: Rotom\n|-damage|p1a: Rotom|4\/100\n|\n|-weather|RainDance|[upkeep]\n|upkeep\n|turn|10\n|\n|t:|1700443341\n|switch|p2a: Gastrodon|Gastrodon-East, M, shiny|94\/100 par\n|-activate|p2a: Gastrodon|move: Sticky Web\n|-unboost|p2a: Gastrodon|spe|1\n|move|p1a: Rotom|Trick|p2a: Gastrodon\n|-immune|p2a: Gastrodon\n|\n|-weather|RainDance|[upkeep]\n|-heal|p2a: Gastrodon|99\/100 par|[from] item: Leftovers\n|upkeep\n|turn|11\n|j| Ace_T_24\n|c| NEdgyman|thats actually sick\n|\n|t:|1700443410\n|switch|p1a: Vaporeon|Vaporeon, M|100\/100\n|-damage|p1a: Vaporeon|88\/100|[from] Stealth Rock\n|-damage|p1a: Vaporeon|76\/100|[from] Spikes\n|cant|p2a: Gastrodon|par\n|\n|-weather|none\n|-heal|p1a: Vaporeon|82\/100|[from] item: Leftovers\n|-heal|p2a: Gastrodon|100\/100 par|[from] item: Leftovers\n|upkeep\n|turn|12\n|\n|t:|1700443434\n|switch|p2a: Politoed|Politoed, F, shiny|83\/100\n|-activate|p2a: Politoed|move: Sticky Web\n|-unboost|p2a: Politoed|spe|1\n|-weather|RainDance|[from] ability: Drizzle|[of] p2a: Politoed\n|move|p1a: Vaporeon|Flip Turn|p2a: Politoed\n|-resisted|p2a: Politoed\n|-damage|p2a: Politoed|74\/100\n|\n|t:|1700443459\n|switch|p1a: Gholdengo|Gholdengo|100\/100|[from] Flip Turn\n|-damage|p1a: Gholdengo|94\/100|[from] Stealth Rock\n|-damage|p1a: Gholdengo|82\/100|[from] Spikes\n|\n|-weather|RainDance|[upkeep]\n|upkeep\n|turn|13\n|\n|t:|1700443496\n|move|p1a: Gholdengo|Thunderbolt|p2a: Politoed\n|-supereffective|p2a: Politoed\n|-damage|p2a: Politoed|18\/100\n|move|p2a: Politoed|Mud Shot|p1a: Gholdengo\n|-supereffective|p1a: Gholdengo\n|-damage|p1a: Gholdengo|62\/100\n|-unboost|p1a: Gholdengo|spe|1\n|\n|-weather|RainDance|[upkeep]\n|upkeep\n|turn|14\n|\n|t:|1700443512\n|switch|p2a: Kilowattrel|Kilowattrel, F|100\/100\n|move|p1a: Gholdengo|Power Gem|p2a: Kilowattrel\n|-supereffective|p2a: Kilowattrel\n|-damage|p2a: Kilowattrel|7\/100\n|\n|-weather|RainDance|[upkeep]\n|upkeep\n|turn|15\n|j| Join PUDL 420\n|\n|t:|1700443587\n|switch|p1a: Rotom|Rotom|4\/100\n|-damage|p1a: Rotom|0 fnt|[from] Stealth Rock\n|faint|p1a: Rotom\n|-terastallize|p2a: Kilowattrel|Water\n|move|p2a: Kilowattrel|Weather Ball|p1: Rotom|[notarget]\n|-fail|p2a: Kilowattrel\n|\n|-weather|RainDance|[upkeep]\n|upkeep\n|\n|t:|1700443620\n|switch|p1a: Ribombee|Ribombee, F|100\/100\n|-damage|p1a: Ribombee|76\/100|[from] Stealth Rock\n|-damage|p1a: Ribombee|63\/100|[from] Spikes\n|turn|16\n|j| PorygonTheBot\n|c| PorygonTheBot|y'all are stupid\n|c|\u2606MonkeyManStan|fr\n|\n|t:|1700443654\n|switch|p2a: Gastrodon|Gastrodon-East, M, shiny|100\/100 par\n|-activate|p2a: Gastrodon|move: Sticky Web\n|-unboost|p2a: Gastrodon|spe|1\n|move|p1a: Ribombee|Moonblast|p2a: Gastrodon\n|-damage|p2a: Gastrodon|62\/100 par\n|\n|-weather|none\n|-heal|p2a: Gastrodon|68\/100 par|[from] item: Leftovers\n|upkeep\n|turn|17\n|\n|t:|1700443667\n|move|p1a: Ribombee|Moonblast|p2a: Gastrodon\n|-damage|p2a: Gastrodon|29\/100 par\n|move|p2a: Gastrodon|Spikes|p1a: Ribombee\n|-sidestart|p1: azurviz|Spikes\n|\n|-heal|p2a: Gastrodon|35\/100 par|[from] item: Leftovers\n|upkeep\n|turn|18\n|\n|t:|1700443712\n|switch|p2a: Overqwil|Overqwil, F|100\/100\n|-activate|p2a: Overqwil|move: Sticky Web\n|-unboost|p2a: Overqwil|spe|1\n|move|p1a: Ribombee|Moonblast|p2a: Overqwil\n|-damage|p2a: Overqwil|38\/100\n|\n|-heal|p2a: Overqwil|44\/100|[from] item: Black Sludge\n|upkeep\n|turn|19\n|\n|t:|1700443726\n|switch|p2a: Tornadus|Tornadus-Therian, M, shiny|100\/100\n|move|p1a: Ribombee|Moonblast|p2a: Tornadus\n|-damage|p2a: Tornadus|73\/100\n|\n|upkeep\n|turn|20\n|\n|t:|1700443744\n|move|p1a: Ribombee|U-turn|p2a: Tornadus\n|-resisted|p2a: Tornadus\n|-damage|p2a: Tornadus|65\/100\n|\n|t:|1700443760\n|switch|p1a: Muk|Muk, M, shiny|76\/100|[from] U-turn\n|-damage|p1a: Muk|64\/100|[from] Stealth Rock\n|-damage|p1a: Muk|47\/100|[from] Spikes\n|move|p2a: Tornadus|Hurricane|p1a: Muk|[miss]\n|-miss|p2a: Tornadus|p1a: Muk\n|\n|upkeep\n|turn|21\n|\n|t:|1700443813\n|move|p2a: Tornadus|Knock Off|p1a: Muk\n|-damage|p1a: Muk|28\/100\n|-enditem|p1a: Muk|Payapa Berry|[from] move: Knock Off|[of] p2a: Tornadus\n|move|p1a: Muk|Rock Slide|p2a: Tornadus\n|-supereffective|p2a: Tornadus\n|-damage|p2a: Tornadus|18\/100\n|\n|upkeep\n|turn|22\n|\n|t:|1700443822\n|move|p1a: Muk|Shadow Sneak|p2a: Tornadus\n|-damage|p2a: Tornadus|5\/100\n|move|p2a: Tornadus|U-turn|p1a: Muk\n|-resisted|p1a: Muk\n|-damage|p1a: Muk|20\/100\n|\n|t:|1700443829\n|switch|p2a: Gastrodon|Gastrodon-East, M, shiny|35\/100 par|[from] U-turn\n|-activate|p2a: Gastrodon|move: Sticky Web\n|-unboost|p2a: Gastrodon|spe|1\n|\n|-heal|p2a: Gastrodon|41\/100 par|[from] item: Leftovers\n|upkeep\n|turn|23\n|\n|t:|1700443836\n|move|p1a: Muk|Gunk Shot|p2a: Gastrodon\n|-resisted|p2a: Gastrodon\n|-damage|p2a: Gastrodon|21\/100 par\n|move|p2a: Gastrodon|Recover|p2a: Gastrodon\n|-heal|p2a: Gastrodon|71\/100 par\n|\n|-heal|p2a: Gastrodon|77\/100 par|[from] item: Leftovers\n|upkeep\n|turn|24\n|\n|t:|1700443869\n|move|p1a: Muk|Rock Slide|p2a: Gastrodon\n|-resisted|p2a: Gastrodon\n|-damage|p2a: Gastrodon|69\/100 par\n|move|p2a: Gastrodon|Earth Power|p1a: Muk\n|-supereffective|p1a: Muk\n|-damage|p1a: Muk|0 fnt\n|faint|p1a: Muk\n|\n|-heal|p2a: Gastrodon|75\/100 par|[from] item: Leftovers\n|upkeep\n|c| Join PUDL 420|what was payapa for?\n|\n|t:|1700443879\n|switch|p1a: Gliscor|Gliscor, M|100\/100 tox\n|-damage|p1a: Gliscor|88\/100 tox|[from] Stealth Rock\n|turn|25\n|\n|t:|1700443895\n|move|p1a: Gliscor|Spikes|p2a: Gastrodon\n|-sidestart|p2: MonkeyManStan|Spikes\n|cant|p2a: Gastrodon|par\n|\n|-heal|p2a: Gastrodon|81\/100 par|[from] item: Leftovers\n|-heal|p1a: Gliscor|100\/100 tox|[from] ability: Poison Heal\n|upkeep\n|turn|26\n|\n|t:|1700443911\n|switch|p2a: Kilowattrel|Kilowattrel, F, tera:Water|7\/100\n|move|p1a: Gliscor|Earthquake|p2a: Kilowattrel\n|-damage|p2a: Kilowattrel|0 fnt\n|faint|p2a: Kilowattrel\n|\n|upkeep\n|\n|t:|1700443933\n|switch|p2a: Tornadus|Tornadus-Therian, M, shiny|38\/100\n|turn|27\n|\n|t:|1700443992\n|move|p2a: Tornadus|Focus Blast|p1a: Gliscor\n|-resisted|p1a: Gliscor\n|-damage|p1a: Gliscor|79\/100 tox\n|move|p1a: Gliscor|Knock Off|p2a: Tornadus\n|-damage|p2a: Tornadus|13\/100\n|-enditem|p2a: Tornadus|Assault Vest|[from] move: Knock Off|[of] p1a: Gliscor\n|\n|-heal|p1a: Gliscor|92\/100 tox|[from] ability: Poison Heal\n|upkeep\n|turn|28\n|\n|t:|1700444013\n|move|p2a: Tornadus|U-turn|p1a: Gliscor\n|-resisted|p1a: Gliscor\n|-damage|p1a: Gliscor|87\/100 tox\n|c| Join PUDL 420|what's fb for?\n|\n|t:|1700444015\n|switch|p2a: Politoed|Politoed, F, shiny|18\/100|[from] U-turn\n|-activate|p2a: Politoed|move: Sticky Web\n|-unboost|p2a: Politoed|spe|1\n|-damage|p2a: Politoed|6\/100|[from] Spikes\n|-weather|RainDance|[from] ability: Drizzle|[of] p2a: Politoed\n|move|p1a: Gliscor|Earthquake|p2a: Politoed\n|-damage|p2a: Politoed|0 fnt\n|faint|p2a: Politoed\n|\n|-weather|RainDance|[upkeep]\n|-heal|p1a: Gliscor|99\/100 tox|[from] ability: Poison Heal\n|upkeep\n|\n|t:|1700444048\n|switch|p2a: Overqwil|Overqwil, F|44\/100\n|-activate|p2a: Overqwil|move: Sticky Web\n|-unboost|p2a: Overqwil|spe|1\n|-damage|p2a: Overqwil|32\/100|[from] Spikes\n|turn|29\n|\n|t:|1700444063\n|move|p2a: Overqwil|Liquidation|p1a: Gliscor\n|-supereffective|p1a: Gliscor\n|-damage|p1a: Gliscor|43\/100 tox\n|move|p1a: Gliscor|Earthquake|p2a: Overqwil\n|-supereffective|p2a: Overqwil\n|-damage|p2a: Overqwil|0 fnt\n|faint|p2a: Overqwil\n|\n|-weather|RainDance|[upkeep]\n|-heal|p1a: Gliscor|55\/100 tox|[from] ability: Poison Heal\n|upkeep\n|\n|t:|1700444073\n|switch|p2a: Manaphy|Manaphy|100\/100\n|-activate|p2a: Manaphy|move: Sticky Web\n|-unboost|p2a: Manaphy|spe|1\n|-damage|p2a: Manaphy|88\/100|[from] Spikes\n|turn|30\n|\n|t:|1700444112\n|switch|p1a: Vaporeon|Vaporeon, M|82\/100\n|-damage|p1a: Vaporeon|70\/100|[from] Stealth Rock\n|-damage|p1a: Vaporeon|53\/100|[from] Spikes\n|move|p2a: Manaphy|Take Heart|p2a: Manaphy\n|-boost|p2a: Manaphy|spa|1\n|-boost|p2a: Manaphy|spd|1\n|\n|-weather|RainDance|[upkeep]\n|-heal|p2a: Manaphy|94\/100|[from] item: Leftovers\n|-heal|p1a: Vaporeon|59\/100|[from] item: Leftovers\n|upkeep\n|turn|31\n|j| zLayton\n|\n|t:|1700444133\n|move|p2a: Manaphy|Take Heart|p2a: Manaphy\n|-boost|p2a: Manaphy|spa|1\n|-boost|p2a: Manaphy|spd|1\n|move|p1a: Vaporeon|Wish|p1a: Vaporeon\n|\n|-weather|RainDance|[upkeep]\n|-heal|p2a: Manaphy|100\/100|[from] item: Leftovers\n|-heal|p1a: Vaporeon|65\/100|[from] item: Leftovers\n|upkeep\n|turn|32\n|\n|t:|1700444152\n|move|p2a: Manaphy|Ice Beam|p1a: Vaporeon\n|-resisted|p1a: Vaporeon\n|-damage|p1a: Vaporeon|51\/100\n|move|p1a: Vaporeon|Haze|p1a: Vaporeon\n|-clearallboost\n|\n|-weather|none\n|-heal|p1a: Vaporeon|100\/100|[from] move: Wish|[wisher] Vaporeon\n|upkeep\n|turn|33\n|\n|t:|1700444168\n|move|p2a: Manaphy|Take Heart|p2a: Manaphy\n|-boost|p2a: Manaphy|spa|1\n|-boost|p2a: Manaphy|spd|1\n|move|p1a: Vaporeon|Wish|p1a: Vaporeon\n|\n|upkeep\n|turn|34\n|\n|t:|1700444181\n|move|p2a: Manaphy|Scald|p1a: Vaporeon\n|-immune|p1a: Vaporeon|[from] ability: Water Absorb\n|move|p1a: Vaporeon|Haze|p1a: Vaporeon\n|-clearallboost\n|\n|upkeep\n|turn|35\n|\n|t:|1700444208\n|move|p2a: Manaphy|Take Heart|p2a: Manaphy\n|-boost|p2a: Manaphy|spa|1\n|-boost|p2a: Manaphy|spd|1\n|move|p1a: Vaporeon|Haze|p1a: Vaporeon\n|-clearallboost\n|\n|upkeep\n|turn|36\n|\n|t:|1700444219\n|move|p2a: Manaphy|Take Heart|p2a: Manaphy\n|-boost|p2a: Manaphy|spa|1\n|-boost|p2a: Manaphy|spd|1\n|move|p1a: Vaporeon|Haze|p1a: Vaporeon\n|-clearallboost\n|\n|upkeep\n|turn|37\n|\n|t:|1700444227\n|move|p2a: Manaphy|Ice Beam|p1a: Vaporeon\n|-resisted|p1a: Vaporeon\n|-damage|p1a: Vaporeon|93\/100\n|move|p1a: Vaporeon|Haze|p1a: Vaporeon\n|-clearallboost\n|\n|-heal|p1a: Vaporeon|99\/100|[from] item: Leftovers\n|upkeep\n|turn|38\n|\n|t:|1700444239\n|move|p2a: Manaphy|Ice Beam|p1a: Vaporeon\n|-resisted|p1a: Vaporeon\n|-damage|p1a: Vaporeon|93\/100\n|move|p1a: Vaporeon|Haze|p1a: Vaporeon\n|-clearallboost\n|\n|-heal|p1a: Vaporeon|99\/100|[from] item: Leftovers\n|upkeep\n|turn|39\n|\n|t:|1700444258\n|move|p2a: Manaphy|Scald|p1a: Vaporeon\n|-heal|p1a: Vaporeon|100\/100|[from] ability: Water Absorb|[of] p2a: Manaphy\n|move|p1a: Vaporeon|Wish|p1a: Vaporeon\n|\n|upkeep\n|turn|40\n|\n|t:|1700444267\n|switch|p1a: Gholdengo|Gholdengo|62\/100\n|-damage|p1a: Gholdengo|56\/100|[from] Stealth Rock\n|-damage|p1a: Gholdengo|39\/100|[from] Spikes\n|move|p2a: Manaphy|Ice Beam|p1a: Gholdengo\n|-resisted|p1a: Gholdengo\n|-damage|p1a: Gholdengo|29\/100\n|\n|-heal|p1a: Gholdengo|100\/100|[from] move: Wish|[wisher] Vaporeon\n|upkeep\n|turn|41\n|\n|t:|1700444281\n|switch|p2a: Gastrodon|Gastrodon-East, M, shiny|81\/100 par\n|-activate|p2a: Gastrodon|move: Sticky Web\n|-unboost|p2a: Gastrodon|spe|1\n|-damage|p2a: Gastrodon|69\/100 par|[from] Spikes\n|move|p1a: Gholdengo|Thunderbolt|p2a: Gastrodon\n|-immune|p2a: Gastrodon\n|\n|-heal|p2a: Gastrodon|75\/100 par|[from] item: Leftovers\n|upkeep\n|turn|42\n|\n|t:|1700444296\n|switch|p1a: Gliscor|Gliscor, M|55\/100 tox\n|-damage|p1a: Gliscor|43\/100 tox|[from] Stealth Rock\n|move|p2a: Gastrodon|Earth Power|p1a: Gliscor\n|-immune|p1a: Gliscor\n|\n|-heal|p2a: Gastrodon|81\/100 par|[from] item: Leftovers\n|-heal|p1a: Gliscor|55\/100 tox|[from] ability: Poison Heal\n|upkeep\n|turn|43\n|\n|t:|1700444307\n|switch|p2a: Tornadus|Tornadus-Therian, M, shiny|46\/100\n|move|p1a: Gliscor|Spikes|p2a: Tornadus\n|-sidestart|p2: MonkeyManStan|Spikes\n|\n|-heal|p1a: Gliscor|67\/100 tox|[from] ability: Poison Heal\n|upkeep\n|turn|44\n|\n|t:|1700444323\n|move|p1a: Gliscor|Protect|p1a: Gliscor\n|-singleturn|p1a: Gliscor|Protect\n|move|p2a: Tornadus|U-turn|p1a: Gliscor\n|-activate|p1a: Gliscor|move: Protect\n|\n|-heal|p1a: Gliscor|80\/100 tox|[from] ability: Poison Heal\n|upkeep\n|turn|45\n|\n|t:|1700444336\n|move|p2a: Tornadus|U-turn|p1a: Gliscor\n|-resisted|p1a: Gliscor\n|-damage|p1a: Gliscor|75\/100 tox\n|\n|t:|1700444340\n|switch|p2a: Manaphy|Manaphy|100\/100|[from] U-turn\n|-activate|p2a: Manaphy|move: Sticky Web\n|-unboost|p2a: Manaphy|spe|1\n|-damage|p2a: Manaphy|84\/100|[from] Spikes\n|move|p1a: Gliscor|Spikes|p2a: Manaphy\n|-sidestart|p2: MonkeyManStan|Spikes\n|\n|-heal|p2a: Manaphy|90\/100|[from] item: Leftovers\n|-heal|p1a: Gliscor|88\/100 tox|[from] ability: Poison Heal\n|upkeep\n|turn|46\n|\n|t:|1700444363\n|move|p1a: Gliscor|Protect|p1a: Gliscor\n|-singleturn|p1a: Gliscor|Protect\n|move|p2a: Manaphy|Take Heart|p2a: Manaphy\n|-boost|p2a: Manaphy|spa|1\n|-boost|p2a: Manaphy|spd|1\n|\n|-heal|p2a: Manaphy|96\/100|[from] item: Leftovers\n|-heal|p1a: Gliscor|99\/100 tox|[from] ability: Poison Heal\n|upkeep\n|turn|47\n|\n|t:|1700444372\n|switch|p1a: Vaporeon|Vaporeon, M|100\/100\n|-damage|p1a: Vaporeon|88\/100|[from] Stealth Rock\n|-damage|p1a: Vaporeon|72\/100|[from] Spikes\n|move|p2a: Manaphy|Ice Beam|p1a: Vaporeon\n|-resisted|p1a: Vaporeon\n|-damage|p1a: Vaporeon|61\/100\n|\n|-heal|p2a: Manaphy|100\/100|[from] item: Leftovers\n|-heal|p1a: Vaporeon|67\/100|[from] item: Leftovers\n|upkeep\n|turn|48\n|\n|t:|1700444384\n|move|p2a: Manaphy|Ice Beam|p1a: Vaporeon\n|-resisted|p1a: Vaporeon\n|-damage|p1a: Vaporeon|57\/100\n|move|p1a: Vaporeon|Wish|p1a: Vaporeon\n|\n|-heal|p1a: Vaporeon|63\/100|[from] item: Leftovers\n|upkeep\n|turn|49\n|c|\u2606MonkeyManStan|this is the game of all time\n|\n|t:|1700444392\n|move|p2a: Manaphy|Ice Beam|p1a: Vaporeon\n|-resisted|p1a: Vaporeon\n|-damage|p1a: Vaporeon|53\/100\n|-status|p1a: Vaporeon|frz\n|cant|p1a: Vaporeon|frz\n|\n|-heal|p1a: Vaporeon|100\/100 frz|[from] move: Wish|[wisher] Vaporeon\n|upkeep\n|turn|50\n|\n|t:|1700444401\n|move|p2a: Manaphy|Take Heart|p2a: Manaphy\n|-boost|p2a: Manaphy|spa|1\n|-boost|p2a: Manaphy|spd|1\n|-curestatus|p1a: Vaporeon|frz|[msg]\n|move|p1a: Vaporeon|Haze|p1a: Vaporeon\n|-clearallboost\n|\n|upkeep\n|turn|51\n|c|\u2606MonkeyManStan|HAHA TURN ONE DEFREEZE LOVE TO SEE IT\n|c| zLayton|lol instantly\n|c| Join PUDL 420|i mean\n|c| zLayton|nice\n|c| Ace_T_24|couldn't be me\n|c| Join PUDL 420|if they have scald that's a non issue\n|\n|t:|1700444434\n|move|p2a: Manaphy|Scald|p1a: Vaporeon\n|-immune|p1a: Vaporeon|[from] ability: Water Absorb\n|move|p1a: Vaporeon|Haze|p1a: Vaporeon\n|-clearallboost\n|\n|upkeep\n|turn|52\n|\n|t:|1700444459\n|move|p2a: Manaphy|Scald|p1a: Vaporeon\n|-immune|p1a: Vaporeon|[from] ability: Water Absorb\n|move|p1a: Vaporeon|Haze|p1a: Vaporeon\n|-clearallboost\n|\n|upkeep\n|turn|53\n|\n|t:|1700444470\n|switch|p2a: Tornadus|Tornadus-Therian, M, shiny|80\/100\n|move|p1a: Vaporeon|Haze|p1a: Vaporeon\n|-clearallboost\n|\n|upkeep\n|turn|54\n|\n|t:|1700444483\n|move|p2a: Tornadus|Knock Off|p1a: Vaporeon\n|-damage|p1a: Vaporeon|80\/100\n|-enditem|p1a: Vaporeon|Leftovers|[from] move: Knock Off|[of] p2a: Tornadus\n|move|p1a: Vaporeon|Flip Turn|p2a: Tornadus\n|-damage|p2a: Tornadus|63\/100\n|\n|t:|1700444511\n|switch|p1a: Gholdengo|Gholdengo|100\/100|[from] Flip Turn\n|-damage|p1a: Gholdengo|94\/100|[from] Stealth Rock\n|-damage|p1a: Gholdengo|78\/100|[from] Spikes\n|\n|upkeep\n|turn|55\n|\n|t:|1700444524\n|switch|p2a: Gastrodon|Gastrodon-East, M, shiny|81\/100 par\n|-activate|p2a: Gastrodon|move: Sticky Web\n|-unboost|p2a: Gastrodon|spe|1\n|-damage|p2a: Gastrodon|56\/100 par|[from] Spikes\n|move|p1a: Gholdengo|Shadow Ball|p2a: Gastrodon\n|-damage|p2a: Gastrodon|16\/100 par\n|-unboost|p2a: Gastrodon|spd|1\n|\n|-heal|p2a: Gastrodon|23\/100 par|[from] item: Leftovers\n|upkeep\n|turn|56\n|\n|t:|1700444545\n|move|p1a: Gholdengo|Shadow Ball|p2a: Gastrodon\n|-damage|p2a: Gastrodon|0 fnt\n|faint|p2a: Gastrodon\n|\n|upkeep\n|\n|t:|1700444580\n|switch|p2a: Tornadus|Tornadus-Therian, M, shiny|96\/100\n|turn|57\n|\n|t:|1700444675\n|move|p2a: Tornadus|Hurricane|p1a: Gholdengo|[miss]\n|-miss|p2a: Tornadus|p1a: Gholdengo\n|move|p1a: Gholdengo|Thunderbolt|p2a: Tornadus\n|-supereffective|p2a: Tornadus\n|-damage|p2a: Tornadus|23\/100\n|\n|upkeep\n|turn|58\n|c|\u2606MonkeyManStan|ggs broski\n|\n|t:|1700444689\n|move|p2a: Tornadus|Hurricane|p1a: Gholdengo\n|-resisted|p1a: Gholdengo\n|-damage|p1a: Gholdengo|58\/100\n|move|p1a: Gholdengo|Thunderbolt|p2a: Tornadus\n|-supereffective|p2a: Tornadus\n|-damage|p2a: Tornadus|0 fnt\n|faint|p2a: Tornadus\n|\n|upkeep\n|\n|t:|1700444691\n|switch|p2a: Manaphy|Manaphy|100\/100\n|-activate|p2a: Manaphy|move: Sticky Web\n|-unboost|p2a: Manaphy|spe|1\n|-damage|p2a: Manaphy|76\/100|[from] Spikes\n|turn|59\n|\n|t:|1700444700\n|move|p1a: Gholdengo|Thunderbolt|p2a: Manaphy\n|-supereffective|p2a: Manaphy\n|-damage|p2a: Manaphy|22\/100\n|move|p2a: Manaphy|Scald|p1a: Gholdengo\n|-damage|p1a: Gholdengo|29\/100\n|\n|-heal|p2a: Manaphy|28\/100|[from] item: Leftovers\n|upkeep\n|turn|60\n|\n|t:|1700444709\n|move|p1a: Gholdengo|Thunderbolt|p2a: Manaphy\n|-supereffective|p2a: Manaphy\n|-damage|p2a: Manaphy|0 fnt\n|faint|p2a: Manaphy\n|\n|win|azurviz\n|l| zLayton\n|l| PorygonTheBot\n|c|\u2606azurviz|gg\n|l| NEdgyman\n|l| Join PUDL 420\n","uploadtime":1700444710,"views":5,"p1id":"azurviz","p2id":"monkeymanstan","formatid":"gen9ubers","rating":0,"private":0,"password":""}