{"id":"gen9ubers-1979037247","p1":"ttkilla","p2":"leonissenbaum","format":"[Gen 9] Ubers","log":"|j|\u2606ttkilla\n|j|\u2606leonissenbaum\n|t:|1698624160\n|gametype|singles\n|player|p1|ttkilla|cameraman|\n|player|p2|leonissenbaum|leon|\n|teamsize|p1|6\n|teamsize|p2|6\n|gen|9\n|tier|[Gen 9] Ubers\n|rule|Sleep Clause Mod: Limit one foe put to sleep\n|rule|Species Clause: Limit one of each Pok\u00e9mon\n|rule|OHKO Clause: OHKO moves are banned\n|rule|Evasion Items Clause: Evasion items are banned\n|rule|Evasion Moves Clause: Evasion moves are banned\n|rule|Endless Battle Clause: Forcing endless battles is banned\n|rule|HP Percentage Mod: HP is shown in percentages\n|clearpoke\n|poke|p1|Mamoswine, M|\n|poke|p1|Forretress, M|\n|poke|p1|Hoopa-Unbound|\n|poke|p1|Thundurus, M|\n|poke|p1|Chi-Yu|\n|poke|p1|Blissey, F|\n|poke|p2|Giratina|\n|poke|p2|Gliscor, M|\n|poke|p2|Blissey, F|\n|poke|p2|Dondozo, M|\n|poke|p2|Clefable, M|\n|poke|p2|Espeon, F|\n|teampreview\n|c|\u2606ttkilla|round 2 sorry for last round again\n|c|\u2606leonissenbaum|no worries\n|c|\u2606leonissenbaum|gl!\n|c|\u2606ttkilla|u2 :)\n|\n|t:|1698624188\n|start\n|switch|p1a: Chunky|Mamoswine, M|100\/100\n|switch|p2a: Gliscor|Gliscor, M|100\/100\n|turn|1\n|\n|t:|1698624191\n|move|p2a: Gliscor|Protect|p2a: Gliscor\n|-singleturn|p2a: Gliscor|Protect\n|move|p1a: Chunky|Knock Off|p2a: Gliscor\n|-activate|p2a: Gliscor|move: Protect\n|\n|-status|p2a: Gliscor|tox|[from] item: Toxic Orb\n|upkeep\n|turn|2\n|\n|t:|1698624198\n|switch|p2a: Dondozo|Dondozo, M|100\/100\n|move|p1a: Chunky|Knock Off|p2a: Dondozo\n|-damage|p2a: Dondozo|84\/100\n|-damage|p1a: Chunky|84\/100|[from] item: Rocky Helmet|[of] p2a: Dondozo\n|-enditem|p2a: Dondozo|Rocky Helmet|[from] move: Knock Off|[of] p1a: Chunky\n|\n|upkeep\n|turn|3\n|\n|t:|1698624214\n|switch|p1a: Pretend Zeus|Thundurus, M|100\/100\n|move|p2a: Dondozo|Body Press|p1a: Pretend Zeus\n|-resisted|p1a: Pretend Zeus\n|-damage|p1a: Pretend Zeus|84\/100\n|\n|upkeep\n|turn|4\n|\n|t:|1698624235\n|switch|p2a: Espeon|Espeon, F|100\/100\n|move|p1a: Pretend Zeus|Taunt|p2a: Espeon\n|move|p2a: Espeon|Taunt|p1a: Pretend Zeus|[from]ability: Magic Bounce\n|-start|p1a: Pretend Zeus|move: Taunt\n|\n|upkeep\n|turn|5\n|\n|t:|1698624249\n|move|p2a: Espeon|Light Screen|p2a: Espeon\n|-sidestart|p2: leonissenbaum|move: Light Screen\n|move|p1a: Pretend Zeus|Volt Switch|p2a: Espeon\n|-damage|p2a: Espeon|84\/100\n|\n|t:|1698624251\n|switch|p1a: Goldfish|Chi-Yu|100\/100|[from] Volt Switch\n|-ability|p1a: Goldfish|Beads of Ruin\n|\n|upkeep\n|turn|6\n|\n|t:|1698624260\n|switch|p2a: Clefable|Clefable, M|100\/100\n|move|p1a: Goldfish|Nasty Plot|p1a: Goldfish\n|-boost|p1a: Goldfish|spa|2\n|\n|upkeep\n|turn|7\n|\n|t:|1698624266\n|switch|p1a: Forretress|Forretress, M|100\/100\n|move|p2a: Clefable|Calm Mind|p2a: Clefable\n|-boost|p2a: Clefable|spa|1\n|-boost|p2a: Clefable|spd|1\n|\n|upkeep\n|turn|8\n|\n|t:|1698624279\n|switch|p2a: Espeon|Espeon, F|84\/100\n|move|p1a: Forretress|Thunder Wave|p2a: Espeon\n|move|p2a: Espeon|Thunder Wave|p1a: Forretress|[from]ability: Magic Bounce\n|-status|p1a: Forretress|par\n|\n|upkeep\n|turn|9\n|\n|t:|1698624283\n|move|p2a: Espeon|Trick|p1a: Forretress\n|-activate|p2a: Espeon|move: Trick|[of] p1a: Forretress\n|-item|p1a: Forretress|Choice Scarf|[from] move: Trick\n|-item|p2a: Espeon|Leftovers|[from] move: Trick\n|move|p1a: Forretress|Volt Switch|p2a: Espeon\n|-damage|p2a: Espeon|81\/100\n|\n|t:|1698624290\n|switch|p1a: Genie Magic|Hoopa-Unbound|100\/100|[from] Volt Switch\n|\n|-heal|p2a: Espeon|87\/100|[from] item: Leftovers\n|-sideend|p2: leonissenbaum|move: Light Screen\n|upkeep\n|turn|10\n|\n|t:|1698624309\n|switch|p2a: Clefable|Clefable, M|100\/100\n|move|p1a: Genie Magic|Substitute|p1a: Genie Magic\n|-start|p1a: Genie Magic|Substitute\n|-damage|p1a: Genie Magic|76\/100\n|\n|-heal|p1a: Genie Magic|82\/100|[from] item: Leftovers\n|upkeep\n|turn|11\n|\n|t:|1698624316\n|move|p1a: Genie Magic|Psyshock|p2a: Clefable\n|-damage|p2a: Clefable|47\/100\n|move|p2a: Clefable|Calm Mind|p2a: Clefable\n|-boost|p2a: Clefable|spa|1\n|-boost|p2a: Clefable|spd|1\n|\n|-heal|p1a: Genie Magic|88\/100|[from] item: Leftovers\n|-heal|p2a: Clefable|53\/100|[from] item: Leftovers\n|upkeep\n|turn|12\n|\n|t:|1698624323\n|move|p2a: Clefable|Protect|p2a: Clefable\n|-singleturn|p2a: Clefable|Protect\n|move|p1a: Genie Magic|Psyshock|p2a: Clefable\n|-activate|p2a: Clefable|move: Protect\n|\n|-heal|p1a: Genie Magic|94\/100|[from] item: Leftovers\n|-heal|p2a: Clefable|59\/100|[from] item: Leftovers\n|upkeep\n|turn|13\n|\n|t:|1698624338\n|-terastallize|p2a: Clefable|Dark\n|move|p1a: Genie Magic|Psyshock|p2a: Clefable\n|-immune|p2a: Clefable\n|move|p2a: Clefable|Wish|p2a: Clefable\n|\n|-heal|p1a: Genie Magic|99\/100|[from] item: Leftovers\n|-heal|p2a: Clefable|65\/100|[from] item: Leftovers\n|upkeep\n|turn|14\n|\n|t:|1698624354\n|switch|p1a: Pink Blob|Blissey, F|100\/100\n|move|p2a: Clefable|Moonblast|p1a: Pink Blob\n|-damage|p1a: Pink Blob|85\/100\n|-unboost|p1a: Pink Blob|spa|1\n|\n|-heal|p2a: Clefable|100\/100|[from] move: Wish|[wisher] Clefable\n|upkeep\n|turn|15\n|\n|t:|1698624360\n|switch|p2a: Espeon|Espeon, F|87\/100\n|move|p1a: Pink Blob|Thunder Wave|p2a: Espeon\n|move|p2a: Espeon|Thunder Wave|p1a: Pink Blob|[from]ability: Magic Bounce\n|-status|p1a: Pink Blob|par\n|\n|-heal|p2a: Espeon|93\/100|[from] item: Leftovers\n|upkeep\n|turn|16\n|\n|t:|1698624365\n|move|p2a: Espeon|Psyshock|p1a: Pink Blob\n|-damage|p1a: Pink Blob|48\/100 par\n|move|p1a: Pink Blob|Seismic Toss|p2a: Espeon\n|-damage|p2a: Espeon|63\/100\n|\n|-heal|p2a: Espeon|69\/100|[from] item: Leftovers\n|upkeep\n|turn|17\n|\n|t:|1698624370\n|-curestatus|p1a: Pink Blob|par|[from] ability: Natural Cure\n|switch|p1a: Goldfish|Chi-Yu|100\/100\n|-ability|p1a: Goldfish|Beads of Ruin\n|move|p2a: Espeon|Psyshock|p1a: Goldfish\n|-immune|p1a: Goldfish\n|\n|-heal|p2a: Espeon|75\/100|[from] item: Leftovers\n|upkeep\n|turn|18\n|\n|t:|1698624389\n|switch|p2a: Clefable|Clefable, M, tera:Dark|100\/100\n|move|p1a: Goldfish|Nasty Plot|p1a: Goldfish\n|-boost|p1a: Goldfish|spa|2\n|\n|upkeep\n|turn|19\n|\n|t:|1698624393\n|move|p1a: Goldfish|Flamethrower|p2a: Clefable\n|-damage|p2a: Clefable|58\/100\n|move|p2a: Clefable|Calm Mind|p2a: Clefable\n|-boost|p2a: Clefable|spa|1\n|-boost|p2a: Clefable|spd|1\n|\n|-heal|p2a: Clefable|64\/100|[from] item: Leftovers\n|upkeep\n|turn|20\n|\n|t:|1698624403\n|move|p1a: Goldfish|Flamethrower|p2a: Clefable\n|-damage|p2a: Clefable|35\/100\n|move|p2a: Clefable|Wish|p2a: Clefable\n|\n|-heal|p2a: Clefable|41\/100|[from] item: Leftovers\n|upkeep\n|turn|21\n|\n|t:|1698624409\n|move|p2a: Clefable|Protect|p2a: Clefable\n|-singleturn|p2a: Clefable|Protect\n|move|p1a: Goldfish|Nasty Plot|p1a: Goldfish\n|-boost|p1a: Goldfish|spa|2\n|\n|-heal|p2a: Clefable|91\/100|[from] move: Wish|[wisher] Clefable\n|-heal|p2a: Clefable|97\/100|[from] item: Leftovers\n|upkeep\n|turn|22\n|\n|t:|1698624414\n|move|p1a: Goldfish|Flamethrower|p2a: Clefable\n|-damage|p2a: Clefable|69\/100\n|move|p2a: Clefable|Moonblast|p1a: Goldfish\n|-damage|p1a: Goldfish|45\/100\n|-unboost|p1a: Goldfish|spa|1\n|\n|-heal|p2a: Clefable|75\/100|[from] item: Leftovers\n|upkeep\n|turn|23\n|\n|t:|1698624422\n|switch|p1a: Chunky|Mamoswine, M|84\/100\n|move|p2a: Clefable|Moonblast|p1a: Chunky\n|-damage|p1a: Chunky|30\/100\n|-unboost|p1a: Chunky|spa|1\n|\n|-heal|p2a: Clefable|81\/100|[from] item: Leftovers\n|upkeep\n|turn|24\n|\n|t:|1698624432\n|move|p2a: Clefable|Protect|p2a: Clefable\n|-singleturn|p2a: Clefable|Protect\n|move|p1a: Chunky|Icicle Crash|p2a: Clefable\n|-activate|p2a: Clefable|move: Protect\n|\n|-heal|p2a: Clefable|87\/100|[from] item: Leftovers\n|upkeep\n|turn|25\n|\n|t:|1698624439\n|switch|p2a: Dondozo|Dondozo, M|84\/100\n|move|p1a: Chunky|Icicle Crash|p2a: Dondozo\n|-resisted|p2a: Dondozo\n|-damage|p2a: Dondozo|73\/100\n|\n|upkeep\n|turn|26\n|\n|t:|1698624444\n|switch|p1a: Forretress|Forretress, M|100\/100 par\n|move|p2a: Dondozo|Waterfall|p1a: Forretress\n|-damage|p1a: Forretress|84\/100 par\n|\n|upkeep\n|turn|27\n|\n|t:|1698624449\n|switch|p2a: Espeon|Espeon, F|75\/100\n|cant|p1a: Forretress|par\n|\n|-heal|p2a: Espeon|81\/100|[from] item: Leftovers\n|upkeep\n|turn|28\n|\n|t:|1698624452\n|move|p2a: Espeon|Light Screen|p2a: Espeon\n|-sidestart|p2: leonissenbaum|move: Light Screen\n|cant|p1a: Forretress|par\n|\n|-heal|p2a: Espeon|87\/100|[from] item: Leftovers\n|upkeep\n|turn|29\n|\n|t:|1698624457\n|move|p2a: Espeon|Psyshock|p1a: Forretress\n|-resisted|p1a: Forretress\n|-damage|p1a: Forretress|76\/100 par\n|move|p1a: Forretress|Volt Switch|p2a: Espeon\n|-damage|p2a: Espeon|83\/100\n|\n|t:|1698624465\n|switch|p1a: Goldfish|Chi-Yu|45\/100|[from] Volt Switch\n|-ability|p1a: Goldfish|Beads of Ruin\n|\n|-heal|p2a: Espeon|89\/100|[from] item: Leftovers\n|upkeep\n|turn|30\n|\n|t:|1698624477\n|switch|p1a: Pretend Zeus|Thundurus, M|84\/100\n|switch|p2a: Blissey|Blissey, F|100\/100\n|\n|upkeep\n|turn|31\n|\n|t:|1698624486\n|move|p1a: Pretend Zeus|Thunderbolt|p2a: Blissey\n|-damage|p2a: Blissey|92\/100\n|move|p2a: Blissey|Stealth Rock|p1a: Pretend Zeus\n|-sidestart|p1: ttkilla|move: Stealth Rock\n|\n|-heal|p2a: Blissey|98\/100|[from] item: Leftovers\n|upkeep\n|turn|32\n|\n|t:|1698624493\n|switch|p2a: Gliscor|Gliscor, M|100\/100 tox\n|move|p1a: Pretend Zeus|Volt Switch|p2a: Gliscor\n|-immune|p2a: Gliscor\n|\n|-sideend|p2: leonissenbaum|move: Light Screen\n|upkeep\n|turn|33\n|\n|t:|1698624496\n|move|p1a: Pretend Zeus|Taunt|p2a: Gliscor\n|-start|p2a: Gliscor|move: Taunt\n|move|p2a: Gliscor|Knock Off|p1a: Pretend Zeus\n|-damage|p1a: Pretend Zeus|57\/100\n|-enditem|p1a: Pretend Zeus|Heavy-Duty Boots|[from] move: Knock Off|[of] p2a: Gliscor\n|\n|upkeep\n|turn|34\n|\n|t:|1698624504\n|switch|p1a: Forretress|Forretress, M|76\/100 par\n|-damage|p1a: Forretress|63\/100 par|[from] Stealth Rock\n|move|p2a: Gliscor|Knock Off|p1a: Forretress\n|-damage|p1a: Forretress|51\/100 par\n|-enditem|p1a: Forretress|Choice Scarf|[from] move: Knock Off|[of] p2a: Gliscor\n|\n|upkeep\n|turn|35\n|\n|t:|1698624514\n|switch|p2a: Espeon|Espeon, F|89\/100\n|move|p1a: Forretress|Rapid Spin|p2a: Espeon\n|-damage|p2a: Espeon|74\/100\n|-boost|p1a: Forretress|spe|1\n|-sideend|p1: ttkilla|Stealth Rock|[from] move: Rapid Spin|[of] p1a: Forretress\n|\n|-heal|p2a: Espeon|80\/100|[from] item: Leftovers\n|upkeep\n|turn|36\n|\n|t:|1698624519\n|move|p2a: Espeon|Light Screen|p2a: Espeon\n|-sidestart|p2: leonissenbaum|move: Light Screen\n|move|p1a: Forretress|Volt Switch|p2a: Espeon\n|-crit|p2a: Espeon\n|-damage|p2a: Espeon|68\/100\n|\n|t:|1698624525\n|switch|p1a: Genie Magic|Hoopa-Unbound|99\/100|[from] Volt Switch\n|\n|-heal|p1a: Genie Magic|100\/100|[from] item: Leftovers\n|-heal|p2a: Espeon|74\/100|[from] item: Leftovers\n|upkeep\n|turn|37\n|\n|t:|1698624536\n|switch|p2a: Clefable|Clefable, M, tera:Dark|87\/100\n|move|p1a: Genie Magic|Tera Blast|p2a: Clefable\n|-damage|p2a: Clefable|75\/100\n|\n|-heal|p2a: Clefable|81\/100|[from] item: Leftovers\n|upkeep\n|turn|38\n|\n|t:|1698624540\n|switch|p1a: Pink Blob|Blissey, F|48\/100\n|move|p2a: Clefable|Moonblast|p1a: Pink Blob\n|-damage|p1a: Pink Blob|38\/100\n|-unboost|p1a: Pink Blob|spa|1\n|\n|-heal|p2a: Clefable|87\/100|[from] item: Leftovers\n|upkeep\n|turn|39\n|\n|t:|1698624547\n|switch|p2a: Espeon|Espeon, F|74\/100\n|move|p1a: Pink Blob|Soft-Boiled|p1a: Pink Blob\n|-heal|p1a: Pink Blob|88\/100\n|\n|-heal|p2a: Espeon|80\/100|[from] item: Leftovers\n|upkeep\n|turn|40\n|\n|t:|1698624551\n|move|p2a: Espeon|Psyshock|p1a: Pink Blob\n|-damage|p1a: Pink Blob|51\/100\n|move|p1a: Pink Blob|Seismic Toss|p2a: Espeon\n|-damage|p2a: Espeon|50\/100\n|\n|-heal|p2a: Espeon|56\/100|[from] item: Leftovers\n|-sideend|p2: leonissenbaum|move: Light Screen\n|upkeep\n|turn|41\n|\n|t:|1698624558\n|switch|p1a: Pretend Zeus|Thundurus, M|57\/100\n|move|p2a: Espeon|Psyshock|p1a: Pretend Zeus\n|-damage|p1a: Pretend Zeus|13\/100\n|\n|-heal|p2a: Espeon|62\/100|[from] item: Leftovers\n|upkeep\n|turn|42\n|\n|t:|1698624567\n|switch|p1a: Chunky|Mamoswine, M|30\/100\n|switch|p2a: Blissey|Blissey, F|98\/100\n|\n|-heal|p2a: Blissey|100\/100|[from] item: Leftovers\n|upkeep\n|turn|43\n|\n|t:|1698624570\n|switch|p2a: Dondozo|Dondozo, M|73\/100\n|move|p1a: Chunky|Knock Off|p2a: Dondozo\n|-damage|p2a: Dondozo|61\/100\n|\n|upkeep\n|turn|44\n|\n|t:|1698624586\n|switch|p1a: Genie Magic|Hoopa-Unbound|100\/100\n|move|p2a: Dondozo|Body Press|p1a: Genie Magic\n|-damage|p1a: Genie Magic|56\/100\n|\n|-heal|p1a: Genie Magic|62\/100|[from] item: Leftovers\n|upkeep\n|turn|45\n|\n|t:|1698624605\n|switch|p2a: Clefable|Clefable, M, tera:Dark|87\/100\n|move|p1a: Genie Magic|Dark Pulse|p2a: Clefable\n|-resisted|p2a: Clefable\n|-damage|p2a: Clefable|71\/100\n|\n|-heal|p1a: Genie Magic|68\/100|[from] item: Leftovers\n|-heal|p2a: Clefable|77\/100|[from] item: Leftovers\n|upkeep\n|turn|46\n|\n|t:|1698624615\n|move|p1a: Genie Magic|Substitute|p1a: Genie Magic\n|-start|p1a: Genie Magic|Substitute\n|-damage|p1a: Genie Magic|43\/100\n|move|p2a: Clefable|Moonblast|p1a: Genie Magic\n|-supereffective|p1a: Genie Magic\n|-end|p1a: Genie Magic|Substitute\n|\n|-heal|p1a: Genie Magic|49\/100|[from] item: Leftovers\n|-heal|p2a: Clefable|83\/100|[from] item: Leftovers\n|upkeep\n|turn|47\n|\n|t:|1698624619\n|switch|p1a: Pink Blob|Blissey, F|51\/100\n|move|p2a: Clefable|Moonblast|p1a: Pink Blob\n|-damage|p1a: Pink Blob|40\/100\n|-unboost|p1a: Pink Blob|spa|1\n|\n|-heal|p2a: Clefable|89\/100|[from] item: Leftovers\n|upkeep\n|turn|48\n|\n|t:|1698624622\n|switch|p2a: Espeon|Espeon, F|62\/100\n|move|p1a: Pink Blob|Soft-Boiled|p1a: Pink Blob\n|-heal|p1a: Pink Blob|90\/100\n|\n|-heal|p2a: Espeon|68\/100|[from] item: Leftovers\n|upkeep\n|turn|49\n|\n|t:|1698624631\n|move|p2a: Espeon|Psyshock|p1a: Pink Blob\n|-damage|p1a: Pink Blob|52\/100\n|move|p1a: Pink Blob|Seismic Toss|p2a: Espeon\n|-damage|p2a: Espeon|39\/100\n|\n|-heal|p2a: Espeon|45\/100|[from] item: Leftovers\n|upkeep\n|turn|50\n|\n|t:|1698624635\n|move|p2a: Espeon|Morning Sun|p2a: Espeon\n|-heal|p2a: Espeon|95\/100\n|move|p1a: Pink Blob|Soft-Boiled|p1a: Pink Blob\n|-heal|p1a: Pink Blob|100\/100\n|\n|-heal|p2a: Espeon|100\/100|[from] item: Leftovers\n|upkeep\n|turn|51\n|\n|t:|1698624645\n|switch|p1a: Genie Magic|Hoopa-Unbound|49\/100\n|move|p2a: Espeon|Light Screen|p2a: Espeon\n|-sidestart|p2: leonissenbaum|move: Light Screen\n|\n|-heal|p1a: Genie Magic|55\/100|[from] item: Leftovers\n|upkeep\n|turn|52\n|\n|t:|1698624653\n|switch|p1a: Pink Blob|Blissey, F|100\/100\n|switch|p2a: Clefable|Clefable, M, tera:Dark|89\/100\n|\n|-heal|p2a: Clefable|95\/100|[from] item: Leftovers\n|upkeep\n|turn|53\n|\n|t:|1698624664\n|switch|p2a: Espeon|Espeon, F|100\/100\n|move|p1a: Pink Blob|Thunder Wave|p2a: Espeon\n|move|p2a: Espeon|Thunder Wave|p1a: Pink Blob|[from]ability: Magic Bounce\n|-status|p1a: Pink Blob|par\n|\n|upkeep\n|turn|54\n|\n|t:|1698624671\n|-curestatus|p1a: Pink Blob|par|[from] ability: Natural Cure\n|switch|p1a: Goldfish|Chi-Yu|45\/100\n|-ability|p1a: Goldfish|Beads of Ruin\n|move|p2a: Espeon|Psyshock|p1a: Goldfish\n|-immune|p1a: Goldfish\n|\n|upkeep\n|turn|55\n|\n|t:|1698624679\n|switch|p2a: Clefable|Clefable, M, tera:Dark|95\/100\n|move|p1a: Goldfish|Flamethrower|p2a: Clefable\n|-damage|p2a: Clefable|75\/100\n|\n|-heal|p2a: Clefable|81\/100|[from] item: Leftovers\n|-sideend|p2: leonissenbaum|move: Light Screen\n|upkeep\n|turn|56\n|\n|t:|1698624683\n|move|p1a: Goldfish|Flamethrower|p2a: Clefable\n|-crit|p2a: Clefable\n|-damage|p2a: Clefable|11\/100\n|move|p2a: Clefable|Moonblast|p1a: Goldfish\n|-damage|p1a: Goldfish|6\/100\n|\n|-heal|p2a: Clefable|18\/100|[from] item: Leftovers\n|upkeep\n|turn|57\n|\n|t:|1698624687\n|move|p2a: Clefable|Protect|p2a: Clefable\n|-singleturn|p2a: Clefable|Protect\n|move|p1a: Goldfish|Flamethrower|p2a: Clefable\n|-activate|p2a: Clefable|move: Protect\n|\n|-heal|p2a: Clefable|24\/100|[from] item: Leftovers\n|upkeep\n|turn|58\n|\n|t:|1698624695\n|switch|p2a: Blissey|Blissey, F|100\/100\n|move|p1a: Goldfish|Flamethrower|p2a: Blissey\n|-damage|p2a: Blissey|82\/100\n|\n|-heal|p2a: Blissey|88\/100|[from] item: Leftovers\n|upkeep\n|turn|59\n|\n|t:|1698624700\n|switch|p1a: Chunky|Mamoswine, M|30\/100\n|move|p2a: Blissey|Stealth Rock|p1a: Chunky\n|-sidestart|p1: ttkilla|move: Stealth Rock\n|\n|-heal|p2a: Blissey|94\/100|[from] item: Leftovers\n|upkeep\n|turn|60\n|\n|t:|1698624711\n|switch|p2a: Dondozo|Dondozo, M|61\/100\n|move|p1a: Chunky|Earthquake|p2a: Dondozo\n|-damage|p2a: Dondozo|34\/100\n|\n|upkeep\n|turn|61\n|\n|t:|1698624714\n|-terastallize|p1a: Chunky|Grass\n|move|p1a: Chunky|Earthquake|p2a: Dondozo\n|-damage|p2a: Dondozo|8\/100\n|move|p2a: Dondozo|Rest|p2a: Dondozo\n|-status|p2a: Dondozo|slp|[from] move: Rest\n|-heal|p2a: Dondozo|100\/100 slp|[silent]\n|\n|upkeep\n|turn|62\n|\n|t:|1698624718\n|move|p1a: Chunky|Earthquake|p2a: Dondozo\n|-damage|p2a: Dondozo|76\/100 slp\n|cant|p2a: Dondozo|slp\n|move|p2a: Dondozo|Sleep Talk|p2a: Dondozo\n|move|p2a: Dondozo|Rest||[from]move: Sleep Talk|[still]\n|-fail|p2a: Dondozo\n|\n|upkeep\n|turn|63\n|-message|ttkilla forfeited.\n|\n|win|leonissenbaum\n|l|\u2606ttkilla\n|c|\u2606leonissenbaum|gg\n","uploadtime":1698624726,"views":14,"p1id":"ttkilla","p2id":"leonissenbaum","formatid":"gen9ubers","rating":0,"private":0,"password":""}