{"id":"gen9ubers-1968450646","p1":"suifenli","p2":"JereyQ123456789","format":"[Gen 9] Ubers","log":"|j|\u2606suifenli\n|j|\u2606JereyQ123456789\n|t:|1697419894\n|gametype|singles\n|player|p1|suifenli|steven|1271\n|player|p2|JereyQ123456789|lucas|1268\n|teamsize|p1|6\n|teamsize|p2|6\n|gen|9\n|tier|[Gen 9] Ubers\n|rated|\n|rule|Sleep Clause Mod: Limit one foe put to sleep\n|rule|Species Clause: Limit one of each Pok\u00e9mon\n|rule|OHKO Clause: OHKO moves are banned\n|rule|Evasion Items Clause: Evasion items are banned\n|rule|Evasion Moves Clause: Evasion moves are banned\n|rule|Endless Battle Clause: Forcing endless battles is banned\n|rule|HP Percentage Mod: HP is shown in percentages\n|clearpoke\n|poke|p1|Garchomp, F|\n|poke|p1|Chien-Pao|\n|poke|p1|Corviknight, M|\n|poke|p1|Grimmsnarl, M|\n|poke|p1|Pawmot, F|\n|poke|p1|Miraidon|\n|poke|p2|Koraidon|\n|poke|p2|Arceus-Fire|\n|poke|p2|Ribombee, F|\n|poke|p2|Groudon|\n|poke|p2|Flutter Mane|\n|poke|p2|Great Tusk|\n|teampreview\n|\n|t:|1697419901\n|start\n|switch|p1a: Miraidon|Miraidon|100\/100\n|switch|p2a: That Guy|Ribombee, F, shiny|100\/100\n|-fieldstart|move: Electric Terrain|[from] ability: Hadron Engine|[of] p1a: Miraidon\n|-enditem|p1a: Miraidon|Electric Seed\n|-boost|p1a: Miraidon|def|1|[from] item: Electric Seed\n|turn|1\n|inactive|Battle timer is ON: inactive players will automatically lose when time's up. (requested by suifenli)\n|\n|t:|1697419912\n|-terastallize|p1a: Miraidon|Electric\n|move|p2a: That Guy|Tailwind|p2a: That Guy\n|-sidestart|p2: JereyQ123456789|move: Tailwind\n|move|p1a: Miraidon|Calm Mind|p1a: Miraidon\n|-boost|p1a: Miraidon|spa|1\n|-boost|p1a: Miraidon|spd|1\n|\n|upkeep\n|turn|2\n|\n|t:|1697419920\n|move|p2a: That Guy|Moonblast|p1a: Miraidon\n|-damage|p1a: Miraidon|81\/100\n|-unboost|p1a: Miraidon|spa|1\n|move|p1a: Miraidon|Calm Mind|p1a: Miraidon\n|-boost|p1a: Miraidon|spa|1\n|-boost|p1a: Miraidon|spd|1\n|\n|upkeep\n|turn|3\n|\n|t:|1697419933\n|move|p2a: That Guy|Moonblast|p1a: Miraidon\n|-damage|p1a: Miraidon|67\/100\n|move|p1a: Miraidon|Parabolic Charge|p2a: That Guy\n|-enditem|p2a: That Guy|Focus Sash\n|-damage|p2a: That Guy|1\/100\n|-heal|p1a: Miraidon|100\/100|[from] drain|[of] p2a: That Guy\n|\n|upkeep\n|turn|4\n|\n|t:|1697419946\n|move|p2a: That Guy|Sticky Web|p1a: Miraidon\n|-sidestart|p1: suifenli|move: Sticky Web\n|move|p1a: Miraidon|Calm Mind|p1a: Miraidon\n|-boost|p1a: Miraidon|spa|1\n|-boost|p1a: Miraidon|spd|1\n|\n|-sideend|p2: JereyQ123456789|move: Tailwind\n|upkeep\n|turn|5\n|\n|t:|1697419953\n|move|p2a: That Guy|Tailwind|p2a: That Guy\n|-sidestart|p2: JereyQ123456789|move: Tailwind\n|move|p1a: Miraidon|Calm Mind|p1a: Miraidon\n|-boost|p1a: Miraidon|spa|1\n|-boost|p1a: Miraidon|spd|1\n|\n|-fieldend|move: Electric Terrain\n|upkeep\n|turn|6\n|\n|t:|1697419962\n|move|p2a: That Guy|Moonblast|p1a: Miraidon\n|-damage|p1a: Miraidon|90\/100\n|move|p1a: Miraidon|Calm Mind|p1a: Miraidon\n|-boost|p1a: Miraidon|spa|1\n|-boost|p1a: Miraidon|spd|1\n|\n|upkeep\n|turn|7\n|\n|t:|1697419971\n|move|p2a: That Guy|Moonblast|p1a: Miraidon\n|-damage|p1a: Miraidon|82\/100\n|-unboost|p1a: Miraidon|spa|1\n|move|p1a: Miraidon|Parabolic Charge|p2a: That Guy\n|-damage|p2a: That Guy|0 fnt\n|-heal|p1a: Miraidon|82\/100|[from] drain|[of] p2a: That Guy\n|faint|p2a: That Guy\n|\n|upkeep\n|\n|t:|1697419980\n|switch|p2a: Mr. Assault|Koraidon|100\/100\n|-weather|SunnyDay|[from] ability: Orichalcum Pulse|[of] p2a: Mr. Assault\n|-activate|p2a: Mr. Assault|Orichalcum Pulse|[source]\n|turn|8\n|\n|t:|1697420006\n|move|p2a: Mr. Assault|Dragon Claw|p1a: Miraidon\n|-damage|p1a: Miraidon|49\/100\n|move|p1a: Miraidon|Dragon Pulse|p2a: Mr. Assault\n|-supereffective|p2a: Mr. Assault\n|-damage|p2a: Mr. Assault|0 fnt\n|faint|p2a: Mr. Assault\n|\n|-weather|SunnyDay|[upkeep]\n|-sideend|p2: JereyQ123456789|move: Tailwind\n|upkeep\n|\n|t:|1697420021\n|switch|p2a: Volcano|Groudon|100\/100\n|turn|9\n|\n|t:|1697420028\n|move|p1a: Miraidon|Dragon Pulse|p2a: Volcano\n|-damage|p2a: Volcano|0 fnt\n|faint|p2a: Volcano\n|\n|-weather|SunnyDay|[upkeep]\n|upkeep\n|\n|t:|1697420037\n|switch|p2a: Baller Tusk|Great Tusk|100\/100\n|-activate|p2a: Baller Tusk|ability: Protosynthesis\n|-start|p2a: Baller Tusk|protosynthesisdef\n|turn|10\n|\n|t:|1697420044\n|move|p1a: Miraidon|Dazzling Gleam|p2a: Baller Tusk\n|-supereffective|p2a: Baller Tusk\n|-damage|p2a: Baller Tusk|0 fnt\n|faint|p2a: Baller Tusk\n|-end|p2a: Baller Tusk|Protosynthesis|[silent]\n|\n|-weather|SunnyDay|[upkeep]\n|upkeep\n|\n|t:|1697420051\n|switch|p2a: I am speed|Flutter Mane|100\/100\n|-activate|p2a: I am speed|ability: Protosynthesis\n|-start|p2a: I am speed|protosynthesisspe\n|turn|11\n|\n|t:|1697420064\n|-terastallize|p2a: I am speed|Fairy\n|move|p2a: I am speed|Moonblast|p1a: Miraidon\n|-damage|p1a: Miraidon|27\/100\n|move|p1a: Miraidon|Parabolic Charge|p2a: I am speed\n|-damage|p2a: I am speed|6\/100\n|-heal|p1a: Miraidon|62\/100|[from] drain|[of] p2a: I am speed\n|\n|-weather|SunnyDay|[upkeep]\n|upkeep\n|turn|12\n|\n|t:|1697420076\n|move|p2a: I am speed|Moonblast|p1a: Miraidon\n|-damage|p1a: Miraidon|42\/100\n|move|p1a: Miraidon|Parabolic Charge|p2a: I am speed\n|-damage|p2a: I am speed|0 fnt\n|-heal|p1a: Miraidon|44\/100|[from] drain|[of] p2a: I am speed\n|faint|p2a: I am speed\n|-end|p2a: I am speed|Protosynthesis|[silent]\n|\n|-weather|none\n|upkeep\n|\n|t:|1697420083\n|switch|p2a: GOD|Arceus-Fire|100\/100\n|turn|13\n|\n|t:|1697420089\n|move|p2a: GOD|Extreme Speed|p1a: Miraidon\n|-damage|p1a: Miraidon|35\/100\n|move|p1a: Miraidon|Parabolic Charge|p2a: GOD\n|-damage|p2a: GOD|31\/100\n|-heal|p1a: Miraidon|74\/100|[from] drain|[of] p2a: GOD\n|\n|upkeep\n|turn|14\n|\n|t:|1697420098\n|move|p2a: GOD|Judgment|p1a: Miraidon\n|-damage|p1a: Miraidon|62\/100\n|move|p1a: Miraidon|Parabolic Charge|p2a: GOD\n|-damage|p2a: GOD|0 fnt\n|-heal|p1a: Miraidon|79\/100|[from] drain|[of] p2a: GOD\n|faint|p2a: GOD\n|\n|win|suifenli\n|raw|suifenli's rating: 1271 &rarr; <strong>1296<\/strong><br \/>(+25 for winning)\n|raw|JereyQ123456789's rating: 1268 &rarr; <strong>1243<\/strong><br \/>(-25 for losing)\n|l|\u2606JereyQ123456789\n|l|\u2606suifenli\n|j|\u2606suifenli\n|player|p1|suifenli|steven\n|l|\u2606suifenli\n|player|p1|\n","uploadtime":1697420376,"views":13,"p1id":"suifenli","p2id":"jereyq123456789","formatid":"gen9ubers","rating":1243,"private":0,"password":""}