{"id":"gen9ubers-1988056727","p1":"Anne Frankkkk","p2":"Tec_WIZard409","format":"[Gen 9] Ubers","log":"|j|\u2606Anne Frankkkk\n|j|\u2606Tec_WIZard409\n|t:|1699664236\n|gametype|singles\n|player|p1|Anne Frankkkk|hilbert|1149\n|player|p2|Tec_WIZard409|giovanni|1000\n|teamsize|p1|6\n|teamsize|p2|6\n|gen|9\n|tier|[Gen 9] Ubers\n|rated|\n|rule|Sleep Clause Mod: Limit one foe put to sleep\n|rule|Species Clause: Limit one of each Pok\u00e9mon\n|rule|OHKO Clause: OHKO moves are banned\n|rule|Evasion Items Clause: Evasion items are banned\n|rule|Evasion Moves Clause: Evasion moves are banned\n|rule|Endless Battle Clause: Forcing endless battles is banned\n|rule|HP Percentage Mod: HP is shown in percentages\n|clearpoke\n|poke|p1|Iron Hands|\n|poke|p1|Kyogre|\n|poke|p1|Chien-Pao|\n|poke|p1|Ribombee, M|\n|poke|p1|Miraidon|\n|poke|p1|Flutter Mane|\n|poke|p2|Calyrex-Ice|\n|poke|p2|Avalugg-Hisui, M|\n|poke|p2|Regieleki|\n|poke|p2|Gengar, F|\n|poke|p2|Infernape, F|\n|poke|p2|Hoopa-Unbound|\n|teampreview\n|inactive|Battle timer is ON: inactive players will automatically lose when time's up. (requested by Anne Frankkkk)\n|\n|t:|1699664253\n|start\n|switch|p1a: Moonblast|Ribombee, M, shiny|100\/100\n|switch|p2a: Hoopa-bound|Hoopa-Unbound|100\/100\n|turn|1\n|\n|t:|1699664269\n|move|p1a: Moonblast|Sticky Web|p2a: Hoopa-bound\n|-sidestart|p2: Tec_WIZard409|move: Sticky Web\n|move|p2a: Hoopa-bound|Hyperspace Fury|p1a: Moonblast\n|-resisted|p1a: Moonblast\n|-damage|p1a: Moonblast|35\/100\n|-unboost|p2a: Hoopa-bound|def|1\n|\n|upkeep\n|turn|2\n|\n|t:|1699664280\n|move|p1a: Moonblast|Moonblast|p2a: Hoopa-bound\n|-supereffective|p2a: Hoopa-bound\n|-damage|p2a: Hoopa-bound|33\/100\n|move|p2a: Hoopa-bound|Light Screen|p2a: Hoopa-bound\n|-sidestart|p2: Tec_WIZard409|move: Light Screen\n|\n|upkeep\n|turn|3\n|\n|t:|1699664288\n|move|p1a: Moonblast|Stun Spore|p2a: Hoopa-bound\n|-status|p2a: Hoopa-bound|par\n|move|p2a: Hoopa-bound|Hyperspace Fury|p1a: Moonblast\n|-resisted|p1a: Moonblast\n|-damage|p1a: Moonblast|0 fnt\n|-unboost|p2a: Hoopa-bound|def|1\n|faint|p1a: Moonblast\n|\n|upkeep\n|\n|t:|1699664291\n|switch|p1a: Big Boy|Iron Hands, shiny|100\/100\n|turn|4\n|\n|t:|1699664299\n|move|p1a: Big Boy|Brick Break|p2a: Hoopa-bound\n|-sideend|p2: Tec_WIZard409|move: Light Screen\n|-damage|p2a: Hoopa-bound|0 fnt\n|faint|p2a: Hoopa-bound\n|\n|upkeep\n|\n|t:|1699664308\n|switch|p2a: Lightning|Regieleki|100\/100\n|-activate|p2a: Lightning|move: Sticky Web\n|-unboost|p2a: Lightning|spe|1\n|turn|5\n|\n|t:|1699664320\n|-end|p1a: Big Boy|Quark Drive|[silent]\n|switch|p1a: Misdreavius|Flutter Mane, shiny|100\/100\n|-enditem|p1a: Misdreavius|Booster Energy\n|-activate|p1a: Misdreavius|ability: Protosynthesis|[fromitem]\n|-start|p1a: Misdreavius|protosynthesisspe\n|move|p2a: Lightning|Thunder|p1a: Misdreavius\n|-damage|p1a: Misdreavius|41\/100\n|-status|p1a: Misdreavius|par\n|\n|upkeep\n|turn|6\n|\n|t:|1699664329\n|move|p2a: Lightning|Thunder|p1a: Misdreavius\n|-damage|p1a: Misdreavius|0 fnt\n|faint|p1a: Misdreavius\n|-end|p1a: Misdreavius|Protosynthesis|[silent]\n|\n|upkeep\n|\n|t:|1699664336\n|switch|p1a: Ice Cat|Chien-Pao|100\/100\n|-ability|p1a: Ice Cat|Sword of Ruin\n|turn|7\n|\n|t:|1699664341\n|move|p1a: Ice Cat|Sucker Punch|p2a: Lightning\n|-damage|p2a: Lightning|16\/100\n|move|p2a: Lightning|Thunder|p1a: Ice Cat\n|-damage|p1a: Ice Cat|14\/100\n|\n|upkeep\n|turn|8\n|\n|t:|1699664349\n|move|p2a: Lightning|Extreme Speed|p1a: Ice Cat\n|-damage|p1a: Ice Cat|0 fnt\n|faint|p1a: Ice Cat\n|\n|upkeep\n|\n|t:|1699664353\n|switch|p1a: Big Boy|Iron Hands, shiny|100\/100\n|turn|9\n|\n|t:|1699664359\n|move|p1a: Big Boy|Fake Out|p2a: Lightning\n|-damage|p2a: Lightning|0 fnt\n|faint|p2a: Lightning\n|\n|upkeep\n|\n|t:|1699664380\n|switch|p2a: Icemaw|Avalugg-Hisui, M, shiny|100\/100\n|-activate|p2a: Icemaw|move: Sticky Web\n|-unboost|p2a: Icemaw|spe|1\n|turn|10\n|\n|t:|1699664387\n|move|p1a: Big Boy|Brick Break|p2a: Icemaw\n|-supereffective|p2a: Icemaw\n|-damage|p2a: Icemaw|18\/100\n|move|p2a: Icemaw|Snowscape|p2a: Icemaw\n|-weather|Snow\n|\n|-weather|Snow|[upkeep]\n|-heal|p2a: Icemaw|24\/100|[from] ability: Ice Body\n|-heal|p2a: Icemaw|30\/100|[from] item: Leftovers\n|upkeep\n|turn|11\n|\n|t:|1699664396\n|move|p1a: Big Boy|Brick Break|p2a: Icemaw\n|-supereffective|p2a: Icemaw\n|-damage|p2a: Icemaw|0 fnt\n|faint|p2a: Icemaw\n|\n|-weather|Snow|[upkeep]\n|upkeep\n|\n|t:|1699664402\n|switch|p2a: Mr.Hank|Calyrex-Ice|100\/100\n|-ability|p2a: Mr.Hank|As One\n|-ability|p2a: Mr.Hank|Unnerve\n|-activate|p2a: Mr.Hank|move: Sticky Web\n|-unboost|p2a: Mr.Hank|spe|1\n|turn|12\n|\n|t:|1699664411\n|move|p1a: Big Boy|Wild Charge|p2a: Mr.Hank\n|-damage|p2a: Mr.Hank|77\/100\n|-damage|p1a: Big Boy|96\/100|[from] Recoil\n|move|p2a: Mr.Hank|Glacial Lance|p1a: Big Boy\n|-damage|p1a: Big Boy|44\/100\n|\n|-weather|Snow|[upkeep]\n|upkeep\n|turn|13\n|\n|t:|1699664439\n|move|p1a: Big Boy|Brick Break|p2a: Mr.Hank\n|-damage|p2a: Mr.Hank|58\/100\n|move|p2a: Mr.Hank|Glacial Lance|p1a: Big Boy\n|-damage|p1a: Big Boy|0 fnt\n|faint|p1a: Big Boy\n|-end|p1a: Big Boy|Quark Drive|[silent]\n|-ability|p2a: Mr.Hank|Chilling Neigh|boost\n|-boost|p2a: Mr.Hank|atk|1\n|\n|-weather|Snow|[upkeep]\n|upkeep\n|\n|t:|1699664443\n|switch|p1a: OHKO|Kyogre|100\/100\n|-weather|RainDance|[from] ability: Drizzle|[of] p1a: OHKO\n|turn|14\n|\n|t:|1699664455\n|move|p1a: OHKO|Water Spout|p2a: Mr.Hank\n|-damage|p2a: Mr.Hank|0 fnt\n|faint|p2a: Mr.Hank\n|\n|-weather|RainDance|[upkeep]\n|upkeep\n|\n|t:|1699664466\n|switch|p2a: Mr.Spooks|Gengar, F|100\/100\n|-activate|p2a: Mr.Spooks|move: Sticky Web\n|-unboost|p2a: Mr.Spooks|spe|1\n|turn|15\n|\n|t:|1699664474\n|move|p1a: OHKO|Water Spout|p2a: Mr.Spooks\n|-damage|p2a: Mr.Spooks|0 fnt\n|faint|p2a: Mr.Spooks\n|\n|-weather|RainDance|[upkeep]\n|upkeep\n|\n|t:|1699664480\n|switch|p2a: Puncher|Infernape, F|100\/100\n|-activate|p2a: Puncher|move: Sticky Web\n|-unboost|p2a: Puncher|spe|1\n|turn|16\n|\n|t:|1699664488\n|-terastallize|p1a: OHKO|Water\n|-terastallize|p2a: Puncher|Fire\n|move|p1a: OHKO|Water Spout|p2a: Puncher\n|-supereffective|p2a: Puncher\n|-damage|p2a: Puncher|0 fnt\n|faint|p2a: Puncher\n|\n|win|Anne Frankkkk\n|raw|Anne Frankkkk's rating: 1125 &rarr; <strong>1141<\/strong><br \/>(+16 for winning)\n|raw|Tec_WIZard409's rating: 1000 &rarr; <strong>1000<\/strong><br \/>(+0 for losing)\n","uploadtime":1699664499,"views":12,"p1id":"annefrankkkk","p2id":"tecwizard409","formatid":"gen9ubers","rating":1000,"private":0,"password":""}