{"id":"gen9ubers-1999002892","p1":"cartoon cat 44","p2":"joaigu","format":"[Gen 9] Ubers","log":"|j|\u2606cartoon cat 44\n|j|\u2606joaigu\n|t:|1701022766\n|gametype|singles\n|player|p1|cartoon cat 44|red|1031\n|player|p2|joaigu|backers|1000\n|teamsize|p1|6\n|teamsize|p2|6\n|gen|9\n|tier|[Gen 9] Ubers\n|rated|\n|rule|Sleep Clause Mod: Limit one foe put to sleep\n|rule|Species Clause: Limit one of each Pok\u00e9mon\n|rule|OHKO Clause: OHKO moves are banned\n|rule|Evasion Items Clause: Evasion items are banned\n|rule|Evasion Moves Clause: Evasion moves are banned\n|rule|Endless Battle Clause: Forcing endless battles is banned\n|rule|HP Percentage Mod: HP is shown in percentages\n|clearpoke\n|poke|p1|Umbreon, F|\n|poke|p1|Jolteon, M|\n|poke|p1|Flareon, F|\n|poke|p1|Glaceon, M|\n|poke|p1|Leafeon, F|\n|poke|p1|Sylveon, M|\n|poke|p2|Regieleki|\n|poke|p2|Dragonite, M|\n|poke|p2|Gholdengo|\n|poke|p2|Jirachi|\n|poke|p2|Armarouge, F|\n|poke|p2|Ribombee, F|\n|teampreview\n|inactive|Battle timer is ON: inactive players will automatically lose when time's up. (requested by cartoon cat 44)\n|inactiveoff|Battle timer is now OFF.\n|\n|t:|1701022794\n|start\n|switch|p1a: Flareon|Flareon, F|100\/100\n|switch|p2a: Jirachi|Jirachi|100\/100\n|turn|1\n|\n|t:|1701022820\n|switch|p2a: Dragonite|Dragonite, M|100\/100\n|move|p1a: Flareon|Overheat|p2a: Dragonite\n|-resisted|p2a: Dragonite\n|-damage|p2a: Dragonite|90\/100\n|-unboost|p1a: Flareon|spa|2\n|\n|upkeep\n|turn|2\n|\n|t:|1701022831\n|switch|p1a: Sylveon|Sylveon, M|100\/100\n|move|p2a: Dragonite|Extreme Speed|p1a: Sylveon\n|-damage|p1a: Sylveon|61\/100\n|\n|upkeep\n|turn|3\n|\n|t:|1701022838\n|switch|p2a: Jirachi|Jirachi|100\/100\n|move|p1a: Sylveon|Play Rough|p2a: Jirachi\n|-resisted|p2a: Jirachi\n|-damage|p2a: Jirachi|90\/100\n|\n|upkeep\n|turn|4\n|\n|t:|1701022851\n|switch|p1a: Umbreon|Umbreon, F|100\/100\n|move|p2a: Jirachi|Psychic|p1a: Umbreon\n|-immune|p1a: Umbreon\n|\n|upkeep\n|turn|5\n|inactive|Battle timer is ON: inactive players will automatically lose when time's up. (requested by cartoon cat 44)\n|\n|t:|1701022860\n|move|p2a: Jirachi|Aura Sphere|p1a: Umbreon\n|-supereffective|p1a: Umbreon\n|-damage|p1a: Umbreon|69\/100\n|move|p1a: Umbreon|Dark Pulse|p2a: Jirachi\n|-supereffective|p2a: Jirachi\n|-enditem|p2a: Jirachi|Colbur Berry|[eat]\n|-enditem|p2a: Jirachi|Colbur Berry|[weaken]\n|-damage|p2a: Jirachi|72\/100\n|\n|upkeep\n|turn|6\n|\n|t:|1701022883\n|switch|p2a: Dragonite|Dragonite, M|90\/100\n|move|p1a: Umbreon|Dark Pulse|p2a: Dragonite\n|-damage|p2a: Dragonite|70\/100\n|\n|upkeep\n|turn|7\n|\n|t:|1701022894\n|move|p2a: Dragonite|Earthquake|p1a: Umbreon\n|-damage|p1a: Umbreon|36\/100\n|move|p1a: Umbreon|Hyper Beam|p2a: Dragonite\n|-damage|p2a: Dragonite|45\/100\n|-mustrecharge|p1a: Umbreon\n|\n|upkeep\n|turn|8\n|\n|t:|1701022902\n|move|p2a: Dragonite|Earthquake|p1a: Umbreon\n|-damage|p1a: Umbreon|6\/100\n|cant|p1a: Umbreon|recharge\n|\n|upkeep\n|turn|9\n|\n|t:|1701022909\n|move|p2a: Dragonite|Roost|p2a: Dragonite\n|-heal|p2a: Dragonite|95\/100\n|-singleturn|p2a: Dragonite|move: Roost\n|move|p1a: Umbreon|Moonlight|p1a: Umbreon\n|-heal|p1a: Umbreon|56\/100\n|\n|upkeep\n|turn|10\n|\n|t:|1701022917\n|switch|p1a: Sylveon|Sylveon, M|61\/100\n|move|p2a: Dragonite|Dragon Dance|p2a: Dragonite\n|-boost|p2a: Dragonite|atk|1\n|-boost|p2a: Dragonite|spe|1\n|\n|upkeep\n|turn|11\n|\n|t:|1701022926\n|switch|p2a: Jirachi|Jirachi|72\/100\n|move|p1a: Sylveon|Play Rough|p2a: Jirachi\n|-resisted|p2a: Jirachi\n|-crit|p2a: Jirachi\n|-damage|p2a: Jirachi|54\/100\n|\n|upkeep\n|turn|12\n|\n|t:|1701022935\n|switch|p1a: Jolteon|Jolteon, M|100\/100\n|move|p2a: Jirachi|Aura Sphere|p1a: Jolteon\n|-damage|p1a: Jolteon|74\/100\n|\n|upkeep\n|turn|13\n|\n|t:|1701022945\n|move|p1a: Jolteon|Eerie Impulse|p2a: Jirachi\n|-unboost|p2a: Jirachi|spa|2\n|move|p2a: Jirachi|Psychic|p1a: Jolteon\n|-damage|p1a: Jolteon|54\/100\n|\n|upkeep\n|turn|14\n|\n|t:|1701022954\n|move|p1a: Jolteon|Discharge|p2a: Jirachi\n|-damage|p2a: Jirachi|21\/100\n|-status|p2a: Jirachi|par\n|move|p2a: Jirachi|Aura Sphere|p1a: Jolteon\n|-damage|p1a: Jolteon|42\/100\n|\n|upkeep\n|turn|15\n|\n|t:|1701022966\n|move|p1a: Jolteon|Discharge|p2a: Jirachi\n|-damage|p2a: Jirachi|0 fnt\n|faint|p2a: Jirachi\n|\n|upkeep\n|\n|t:|1701022973\n|switch|p2a: Dragonite|Dragonite, M|95\/100\n|turn|16\n|\n|t:|1701022977\n|move|p1a: Jolteon|Thunder Wave|p2a: Dragonite\n|-status|p2a: Dragonite|par\n|cant|p2a: Dragonite|par\n|\n|upkeep\n|turn|17\n|\n|t:|1701022983\n|move|p1a: Jolteon|Discharge|p2a: Dragonite\n|-damage|p2a: Dragonite|63\/100 par\n|cant|p2a: Dragonite|par\n|\n|upkeep\n|turn|18\n|\n|t:|1701022988\n|move|p1a: Jolteon|Thunderbolt|p2a: Dragonite\n|-damage|p2a: Dragonite|30\/100 par\n|move|p2a: Dragonite|Earthquake|p1a: Jolteon\n|-supereffective|p1a: Jolteon\n|-damage|p1a: Jolteon|0 fnt\n|faint|p1a: Jolteon\n|\n|upkeep\n|\n|t:|1701022995\n|switch|p1a: Sylveon|Sylveon, M|61\/100\n|turn|19\n|\n|t:|1701023011\n|switch|p2a: Armarouge|Armarouge, F|100\/100\n|move|p1a: Sylveon|Play Rough|p2a: Armarouge\n|-resisted|p2a: Armarouge\n|-damage|p2a: Armarouge|87\/100\n|-ability|p2a: Armarouge|Weak Armor|boost\n|-unboost|p2a: Armarouge|def|1\n|-boost|p2a: Armarouge|spe|2\n|\n|upkeep\n|turn|20\n|\n|t:|1701023024\n|switch|p1a: Umbreon|Umbreon, F|56\/100\n|move|p2a: Armarouge|Armor Cannon|p1a: Umbreon\n|-damage|p1a: Umbreon|7\/100\n|-unboost|p2a: Armarouge|def|1\n|-unboost|p2a: Armarouge|spd|1\n|\n|upkeep\n|turn|21\n|\n|t:|1701023036\n|move|p2a: Armarouge|Energy Ball|p1a: Umbreon\n|-damage|p1a: Umbreon|0 fnt\n|faint|p1a: Umbreon\n|\n|upkeep\n|\n|t:|1701023041\n|switch|p1a: Sylveon|Sylveon, M|61\/100\n|turn|22\n|\n|t:|1701023047\n|move|p2a: Armarouge|Armor Cannon|p1a: Sylveon\n|-damage|p1a: Sylveon|10\/100\n|-unboost|p2a: Armarouge|def|1\n|-unboost|p2a: Armarouge|spd|1\n|move|p1a: Sylveon|Double-Edge|p2a: Armarouge\n|-damage|p2a: Armarouge|29\/100\n|-ability|p2a: Armarouge|Weak Armor|boost\n|-unboost|p2a: Armarouge|def|1\n|-boost|p2a: Armarouge|spe|2\n|-damage|p1a: Sylveon|0 fnt|[from] Recoil\n|faint|p1a: Sylveon\n|\n|upkeep\n|\n|t:|1701023052\n|switch|p1a: Glaceon|Glaceon, M|100\/100\n|turn|23\n|\n|t:|1701023060\n|move|p2a: Armarouge|Armor Cannon|p1a: Glaceon\n|-supereffective|p1a: Glaceon\n|-damage|p1a: Glaceon|0 fnt\n|-unboost|p2a: Armarouge|def|1\n|-unboost|p2a: Armarouge|spd|1\n|faint|p1a: Glaceon\n|\n|upkeep\n|\n|t:|1701023064\n|switch|p1a: Leafeon|Leafeon, F|100\/100\n|turn|24\n|\n|t:|1701023068\n|move|p2a: Armarouge|Armor Cannon|p1a: Leafeon\n|-supereffective|p1a: Leafeon\n|-damage|p1a: Leafeon|0 fnt\n|-unboost|p2a: Armarouge|def|1\n|-unboost|p2a: Armarouge|spd|1\n|faint|p1a: Leafeon\n|\n|upkeep\n|\n|t:|1701023073\n|switch|p1a: Flareon|Flareon, F|100\/100\n|turn|25\n|\n|t:|1701023078\n|-terastallize|p1a: Flareon|Fire\n|move|p2a: Armarouge|Energy Ball|p1a: Flareon\n|-resisted|p1a: Flareon\n|-damage|p1a: Flareon|84\/100\n|-unboost|p1a: Flareon|spd|1\n|move|p1a: Flareon|Flamethrower|p2a: Armarouge\n|-resisted|p2a: Armarouge\n|-crit|p2a: Armarouge\n|-damage|p2a: Armarouge|0 fnt\n|faint|p2a: Armarouge\n|\n|upkeep\n|\n|t:|1701023096\n|switch|p2a: Regieleki|Regieleki|100\/100\n|turn|26\n|\n|t:|1701023102\n|move|p2a: Regieleki|Explosion|p1a: Flareon\n|-damage|p1a: Flareon|1\/100\n|-enditem|p1a: Flareon|Aguav Berry|[eat]\n|-heal|p1a: Flareon|34\/100|[from] item: Aguav Berry\n|faint|p2a: Regieleki\n|move|p1a: Flareon|Flamethrower|p2: Regieleki|[notarget]\n|-fail|p1a: Flareon\n|\n|upkeep\n|\n|t:|1701023113\n|switch|p2a: Dragonite|Dragonite, M|30\/100 par\n|turn|27\n|\n|t:|1701023116\n|move|p1a: Flareon|Flamethrower|p2a: Dragonite\n|-resisted|p2a: Dragonite\n|-damage|p2a: Dragonite|8\/100 par\n|move|p2a: Dragonite|Roost|p2a: Dragonite\n|-heal|p2a: Dragonite|58\/100 par\n|-singleturn|p2a: Dragonite|move: Roost\n|\n|upkeep\n|turn|28\n|\n|t:|1701023123\n|move|p1a: Flareon|Flamethrower|p2a: Dragonite\n|-resisted|p2a: Dragonite\n|-damage|p2a: Dragonite|38\/100 par\n|move|p2a: Dragonite|Roost|p2a: Dragonite\n|-heal|p2a: Dragonite|88\/100 par\n|-singleturn|p2a: Dragonite|move: Roost\n|\n|upkeep\n|turn|29\n|\n|t:|1701023131\n|move|p1a: Flareon|Fire Fang|p2a: Dragonite\n|-resisted|p2a: Dragonite\n|-damage|p2a: Dragonite|68\/100 par\n|cant|p2a: Dragonite|par\n|\n|upkeep\n|turn|30\n|\n|t:|1701023140\n|move|p1a: Flareon|Fire Blast|p2a: Dragonite|[miss]\n|-miss|p1a: Flareon|p2a: Dragonite\n|move|p2a: Dragonite|Earthquake|p1a: Flareon\n|-supereffective|p1a: Flareon\n|-damage|p1a: Flareon|0 fnt\n|faint|p1a: Flareon\n|\n|win|joaigu\n|raw|cartoon cat 44's rating: 1031 &rarr; <strong>1015<\/strong><br \/>(-16 for losing)\n|raw|joaigu's rating: 1000 &rarr; <strong>1044<\/strong><br \/>(+44 for winning)\n","uploadtime":1701023145,"views":3,"p1id":"cartooncat44","p2id":"joaigu","formatid":"gen9ubers","rating":1015,"private":0,"password":""}