{"id":"gen9ubers-1993611344","p1":"Skyiew","p2":"thunderbug","format":"[Gen 9] Ubers","log":"|j|\u2606Skyiew\n|j|\u2606thunderbug\n|t:|1700337331\n|gametype|singles\n|player|p1|Skyiew|dawn|1391\n|player|p2|thunderbug|bugsy-gen2|1618\n|teamsize|p1|6\n|teamsize|p2|6\n|gen|9\n|tier|[Gen 9] Ubers\n|rated|\n|rule|Sleep Clause Mod: Limit one foe put to sleep\n|rule|Species Clause: Limit one of each Pok\u00e9mon\n|rule|OHKO Clause: OHKO moves are banned\n|rule|Evasion Items Clause: Evasion items are banned\n|rule|Evasion Moves Clause: Evasion moves are banned\n|rule|Endless Battle Clause: Forcing endless battles is banned\n|rule|HP Percentage Mod: HP is shown in percentages\n|clearpoke\n|poke|p1|Arceus|\n|poke|p1|Gliscor, M|\n|poke|p1|Kyogre|\n|poke|p1|Iron Treads|\n|poke|p1|Zacian-*|\n|poke|p1|Skeledirge, F|\n|poke|p2|Ting-Lu|\n|poke|p2|Skeledirge, F|\n|poke|p2|Koraidon|\n|poke|p2|Arceus-Fairy|\n|poke|p2|Eternatus|\n|poke|p2|Kyogre|\n|teampreview\n|\n|t:|1700337366\n|start\n|switch|p1a: Arceus|Arceus|100\/100\n|switch|p2a: Eternatus|Eternatus|100\/100\n|-ability|p2a: Eternatus|Pressure\n|turn|1\n|\n|t:|1700337380\n|switch|p1a: Iron Treads|Iron Treads|100\/100\n|move|p2a: Eternatus|Toxic|p1a: Iron Treads\n|-immune|p1a: Iron Treads\n|\n|upkeep\n|turn|2\n|\n|t:|1700337383\n|move|p2a: Eternatus|Flamethrower|p1a: Iron Treads\n|-supereffective|p1a: Iron Treads\n|-damage|p1a: Iron Treads|13\/100\n|move|p1a: Iron Treads|Stealth Rock|p2a: Eternatus\n|-sidestart|p2: thunderbug|move: Stealth Rock\n|\n|-heal|p1a: Iron Treads|19\/100|[from] item: Leftovers\n|upkeep\n|turn|3\n|\n|t:|1700337395\n|-end|p1a: Iron Treads|Quark Drive|[silent]\n|switch|p1a: Skeledirge|Skeledirge, F|100\/100\n|move|p2a: Eternatus|Flamethrower|p1a: Skeledirge\n|-resisted|p1a: Skeledirge\n|-damage|p1a: Skeledirge|85\/100\n|\n|upkeep\n|turn|4\n|\n|t:|1700337404\n|switch|p1a: Gliscor|Gliscor, M|100\/100\n|move|p2a: Eternatus|Flamethrower|p1a: Gliscor\n|-damage|p1a: Gliscor|76\/100\n|\n|-status|p1a: Gliscor|tox|[from] item: Toxic Orb\n|upkeep\n|turn|5\n|\n|t:|1700337410\n|move|p2a: Eternatus|Dynamax Cannon|p1a: Gliscor\n|-damage|p1a: Gliscor|38\/100 tox\n|move|p1a: Gliscor|Spikes|p2a: Eternatus\n|-sidestart|p2: thunderbug|Spikes\n|\n|-heal|p1a: Gliscor|51\/100 tox|[from] ability: Poison Heal\n|upkeep\n|turn|6\n|\n|t:|1700337417\n|move|p1a: Gliscor|Protect|p1a: Gliscor\n|-singleturn|p1a: Gliscor|Protect\n|move|p2a: Eternatus|Dynamax Cannon|p1a: Gliscor\n|-activate|p1a: Gliscor|move: Protect\n|\n|-heal|p1a: Gliscor|63\/100 tox|[from] ability: Poison Heal\n|upkeep\n|turn|7\n|\n|t:|1700337419\n|move|p2a: Eternatus|Dynamax Cannon|p1a: Gliscor\n|-damage|p1a: Gliscor|21\/100 tox\n|move|p1a: Gliscor|Earthquake|p2a: Eternatus\n|-supereffective|p2a: Eternatus\n|-damage|p2a: Eternatus|50\/100\n|\n|-heal|p1a: Gliscor|34\/100 tox|[from] ability: Poison Heal\n|upkeep\n|turn|8\n|\n|t:|1700337423\n|move|p1a: Gliscor|Protect|p1a: Gliscor\n|-singleturn|p1a: Gliscor|Protect\n|move|p2a: Eternatus|Recover|p2a: Eternatus\n|-heal|p2a: Eternatus|99\/100\n|\n|-heal|p1a: Gliscor|46\/100 tox|[from] ability: Poison Heal\n|upkeep\n|turn|9\n|\n|t:|1700337431\n|move|p2a: Eternatus|Dynamax Cannon|p1a: Gliscor\n|-damage|p1a: Gliscor|8\/100 tox\n|move|p1a: Gliscor|Earthquake|p2a: Eternatus\n|-supereffective|p2a: Eternatus\n|-damage|p2a: Eternatus|47\/100\n|\n|-heal|p1a: Gliscor|20\/100 tox|[from] ability: Poison Heal\n|upkeep\n|turn|10\n|\n|t:|1700337435\n|move|p1a: Gliscor|Protect|p1a: Gliscor\n|-singleturn|p1a: Gliscor|Protect\n|move|p2a: Eternatus|Flamethrower|p1a: Gliscor\n|-activate|p1a: Gliscor|move: Protect\n|\n|-heal|p1a: Gliscor|33\/100 tox|[from] ability: Poison Heal\n|upkeep\n|turn|11\n|\n|t:|1700337447\n|move|p2a: Eternatus|Recover|p2a: Eternatus\n|-heal|p2a: Eternatus|97\/100\n|move|p1a: Gliscor|Earthquake|p2a: Eternatus\n|-supereffective|p2a: Eternatus\n|-damage|p2a: Eternatus|47\/100\n|\n|-heal|p1a: Gliscor|45\/100 tox|[from] ability: Poison Heal\n|upkeep\n|turn|12\n|\n|t:|1700337452\n|move|p2a: Eternatus|Recover|p2a: Eternatus\n|-heal|p2a: Eternatus|98\/100\n|move|p1a: Gliscor|Earthquake|p2a: Eternatus\n|-supereffective|p2a: Eternatus\n|-damage|p2a: Eternatus|40\/100\n|\n|-heal|p1a: Gliscor|58\/100 tox|[from] ability: Poison Heal\n|upkeep\n|turn|13\n|\n|t:|1700337454\n|move|p2a: Eternatus|Recover|p2a: Eternatus\n|-heal|p2a: Eternatus|90\/100\n|move|p1a: Gliscor|Earthquake|p2a: Eternatus\n|-supereffective|p2a: Eternatus\n|-damage|p2a: Eternatus|34\/100\n|\n|-heal|p1a: Gliscor|70\/100 tox|[from] ability: Poison Heal\n|upkeep\n|turn|14\n|\n|t:|1700337458\n|move|p2a: Eternatus|Recover|p2a: Eternatus\n|-heal|p2a: Eternatus|84\/100\n|move|p1a: Gliscor|Earthquake|p2a: Eternatus\n|-supereffective|p2a: Eternatus\n|-damage|p2a: Eternatus|31\/100\n|\n|-heal|p1a: Gliscor|82\/100 tox|[from] ability: Poison Heal\n|upkeep\n|turn|15\n|\n|t:|1700337477\n|move|p2a: Eternatus|Recover|p2a: Eternatus\n|-heal|p2a: Eternatus|81\/100\n|move|p1a: Gliscor|Earthquake|p2a: Eternatus\n|-supereffective|p2a: Eternatus\n|-damage|p2a: Eternatus|24\/100\n|\n|-heal|p1a: Gliscor|95\/100 tox|[from] ability: Poison Heal\n|upkeep\n|turn|16\n|\n|t:|1700337482\n|switch|p1a: Zacian|Zacian-Crowned|100\/100\n|-ability|p1a: Zacian|Intrepid Sword|boost\n|-boost|p1a: Zacian|atk|1\n|move|p2a: Eternatus|Recover|p2a: Eternatus\n|-heal|p2a: Eternatus|74\/100\n|\n|upkeep\n|turn|17\n|\n|t:|1700337486\n|switch|p2a: Skeledirge|Skeledirge, F|100\/100\n|move|p1a: Zacian|Behemoth Blade|p2a: Skeledirge\n|-resisted|p2a: Skeledirge\n|-damage|p2a: Skeledirge|82\/100\n|\n|upkeep\n|turn|18\n|\n|t:|1700337493\n|switch|p1a: Gliscor|Gliscor, M|95\/100 tox\n|move|p2a: Skeledirge|Hex|p1a: Gliscor\n|-damage|p1a: Gliscor|52\/100 tox\n|\n|-heal|p1a: Gliscor|65\/100 tox|[from] ability: Poison Heal\n|upkeep\n|turn|19\n|\n|t:|1700337500\n|switch|p2a: Eternatus|Eternatus|74\/100\n|-ability|p2a: Eternatus|Pressure\n|move|p1a: Gliscor|Spikes|p2a: Eternatus\n|-sidestart|p2: thunderbug|Spikes\n|\n|-heal|p1a: Gliscor|77\/100 tox|[from] ability: Poison Heal\n|upkeep\n|turn|20\n|\n|t:|1700337505\n|switch|p1a: Kyogre|Kyogre|100\/100\n|-weather|RainDance|[from] ability: Drizzle|[of] p1a: Kyogre\n|move|p2a: Eternatus|Flamethrower|p1a: Kyogre\n|-resisted|p1a: Kyogre\n|-damage|p1a: Kyogre|95\/100\n|\n|-weather|RainDance|[upkeep]\n|upkeep\n|turn|21\n|\n|t:|1700337512\n|switch|p1a: Zacian|Zacian-Crowned|100\/100\n|move|p2a: Eternatus|Toxic|p1a: Zacian\n|-immune|p1a: Zacian\n|\n|-weather|RainDance|[upkeep]\n|upkeep\n|turn|22\n|\n|t:|1700337517\n|switch|p1a: Iron Treads|Iron Treads|19\/100\n|switch|p2a: Skeledirge|Skeledirge, F|82\/100\n|\n|-weather|RainDance|[upkeep]\n|-heal|p1a: Iron Treads|25\/100|[from] item: Leftovers\n|upkeep\n|turn|23\n|\n|t:|1700337527\n|switch|p2a: Ting-Lu|Ting-Lu|100\/100\n|-damage|p2a: Ting-Lu|94\/100|[from] Stealth Rock\n|-damage|p2a: Ting-Lu|78\/100|[from] Spikes\n|-ability|p2a: Ting-Lu|Vessel of Ruin\n|move|p1a: Iron Treads|Earthquake|p2a: Ting-Lu\n|-damage|p2a: Ting-Lu|51\/100\n|\n|-weather|RainDance|[upkeep]\n|-heal|p1a: Iron Treads|31\/100|[from] item: Leftovers\n|-heal|p2a: Ting-Lu|58\/100|[from] item: Leftovers\n|upkeep\n|turn|24\n|\n|t:|1700337532\n|-end|p1a: Iron Treads|Quark Drive|[silent]\n|switch|p1a: Kyogre|Kyogre|95\/100\n|move|p2a: Ting-Lu|Earthquake|p1a: Kyogre\n|-damage|p1a: Kyogre|52\/100\n|\n|-weather|none\n|-heal|p2a: Ting-Lu|64\/100|[from] item: Leftovers\n|upkeep\n|turn|25\n|\n|t:|1700337544\n|switch|p2a: Eternatus|Eternatus|74\/100\n|-ability|p2a: Eternatus|Pressure\n|move|p1a: Kyogre|Ice Beam|p2a: Eternatus\n|-supereffective|p2a: Eternatus\n|-damage|p2a: Eternatus|26\/100\n|\n|upkeep\n|turn|26\n|\n|t:|1700337550\n|move|p1a: Kyogre|Ice Beam|p2a: Eternatus\n|-supereffective|p2a: Eternatus\n|-damage|p2a: Eternatus|0 fnt\n|faint|p2a: Eternatus\n|\n|upkeep\n|\n|t:|1700337559\n|switch|p2a: Skeledirge|Skeledirge, F|82\/100\n|turn|27\n|\n|t:|1700337594\n|switch|p1a: Gliscor|Gliscor, M|77\/100 tox\n|move|p2a: Skeledirge|Hex|p1a: Gliscor\n|-damage|p1a: Gliscor|34\/100 tox\n|\n|-heal|p1a: Gliscor|47\/100 tox|[from] ability: Poison Heal\n|upkeep\n|turn|28\n|\n|t:|1700337604\n|switch|p2a: Ting-Lu|Ting-Lu|64\/100\n|-damage|p2a: Ting-Lu|58\/100|[from] Stealth Rock\n|-damage|p2a: Ting-Lu|41\/100|[from] Spikes\n|-ability|p2a: Ting-Lu|Vessel of Ruin\n|move|p1a: Gliscor|Protect||[still]\n|-fail|p1a: Gliscor\n|\n|-heal|p2a: Ting-Lu|47\/100|[from] item: Leftovers\n|-heal|p1a: Gliscor|59\/100 tox|[from] ability: Poison Heal\n|upkeep\n|turn|29\n|\n|t:|1700337611\n|move|p1a: Gliscor|Toxic|p2a: Ting-Lu\n|-status|p2a: Ting-Lu|tox\n|move|p2a: Ting-Lu|Spikes|p1a: Gliscor\n|-sidestart|p1: Skyiew|Spikes\n|\n|-heal|p2a: Ting-Lu|53\/100 tox|[from] item: Leftovers\n|-heal|p1a: Gliscor|72\/100 tox|[from] ability: Poison Heal\n|-damage|p2a: Ting-Lu|47\/100 tox|[from] psn\n|upkeep\n|turn|30\n|\n|t:|1700337619\n|move|p1a: Gliscor|Spikes|p2a: Ting-Lu\n|-sidestart|p2: thunderbug|Spikes\n|move|p2a: Ting-Lu|Spikes|p1a: Gliscor\n|-sidestart|p1: Skyiew|Spikes\n|\n|-heal|p2a: Ting-Lu|53\/100 tox|[from] item: Leftovers\n|-heal|p1a: Gliscor|84\/100 tox|[from] ability: Poison Heal\n|-damage|p2a: Ting-Lu|41\/100 tox|[from] psn\n|upkeep\n|turn|31\n|\n|t:|1700337624\n|switch|p1a: Iron Treads|Iron Treads|31\/100\n|-damage|p1a: Iron Treads|15\/100|[from] Spikes\n|move|p2a: Ting-Lu|Spikes|p1a: Iron Treads\n|-sidestart|p1: Skyiew|Spikes\n|\n|-heal|p1a: Iron Treads|21\/100|[from] item: Leftovers\n|-heal|p2a: Ting-Lu|47\/100 tox|[from] item: Leftovers\n|-damage|p2a: Ting-Lu|29\/100 tox|[from] psn\n|upkeep\n|turn|32\n|\n|t:|1700337630\n|switch|p2a: Skeledirge|Skeledirge, F|82\/100\n|move|p1a: Iron Treads|Rapid Spin|p2a: Skeledirge\n|-immune|p2a: Skeledirge\n|\n|-heal|p1a: Iron Treads|27\/100|[from] item: Leftovers\n|upkeep\n|turn|33\n|\n|t:|1700337652\n|move|p1a: Iron Treads|Earthquake|p2a: Skeledirge\n|-supereffective|p2a: Skeledirge\n|-damage|p2a: Skeledirge|29\/100\n|move|p2a: Skeledirge|Torch Song|p1a: Iron Treads\n|-supereffective|p1a: Iron Treads\n|-damage|p1a: Iron Treads|0 fnt\n|-boost|p2a: Skeledirge|spa|1\n|faint|p1a: Iron Treads\n|-end|p1a: Iron Treads|Quark Drive|[silent]\n|\n|upkeep\n|\n|t:|1700337666\n|switch|p1a: Kyogre|Kyogre|52\/100\n|-damage|p1a: Kyogre|27\/100|[from] Spikes\n|-weather|RainDance|[from] ability: Drizzle|[of] p1a: Kyogre\n|turn|34\n|\n|t:|1700337680\n|switch|p2a: Koraidon|Koraidon|100\/100\n|-damage|p2a: Koraidon|94\/100|[from] Stealth Rock\n|-damage|p2a: Koraidon|69\/100|[from] Spikes\n|-weather|SunnyDay|[from] ability: Orichalcum Pulse|[of] p2a: Koraidon\n|-activate|p2a: Koraidon|Orichalcum Pulse|[source]\n|move|p1a: Kyogre|Origin Pulse|p2a: Koraidon\n|-resisted|p2a: Koraidon\n|-damage|p2a: Koraidon|53\/100\n|\n|-weather|SunnyDay|[upkeep]\n|upkeep\n|turn|35\n|j| A-Pec 110\n|\n|t:|1700337690\n|move|p2a: Koraidon|U-turn|p1a: Kyogre\n|-damage|p1a: Kyogre|0 fnt\n|faint|p1a: Kyogre\n|\n|t:|1700337700\n|switch|p2a: Skeledirge|Skeledirge, F|29\/100|[from] U-turn\n|\n|-weather|SunnyDay|[upkeep]\n|upkeep\n|\n|t:|1700337710\n|switch|p1a: Gliscor|Gliscor, M|84\/100 tox\n|turn|36\n|\n|t:|1700337716\n|switch|p2a: Ting-Lu|Ting-Lu|29\/100 tox\n|-damage|p2a: Ting-Lu|22\/100 tox|[from] Stealth Rock\n|-damage|p2a: Ting-Lu|0 fnt|[from] Spikes\n|faint|p2a: Ting-Lu\n|move|p1a: Gliscor|Earthquake|p2: Ting-Lu|[notarget]\n|-fail|p1a: Gliscor\n|\n|-weather|SunnyDay|[upkeep]\n|-heal|p1a: Gliscor|97\/100 tox|[from] ability: Poison Heal\n|upkeep\n|\n|t:|1700337720\n|switch|p2a: Arceus|Arceus-Fairy|100\/100\n|-damage|p2a: Arceus|88\/100|[from] Stealth Rock\n|-damage|p2a: Arceus|63\/100|[from] Spikes\n|turn|37\n|\n|t:|1700337725\n|switch|p1a: Zacian|Zacian-Crowned|100\/100\n|-damage|p1a: Zacian|76\/100|[from] Spikes\n|-terastallize|p2a: Arceus|Poison\n|move|p2a: Arceus|Calm Mind|p2a: Arceus\n|-boost|p2a: Arceus|spa|1\n|-boost|p2a: Arceus|spd|1\n|\n|-weather|SunnyDay|[upkeep]\n|upkeep\n|turn|38\n|\n|t:|1700337730\n|move|p1a: Zacian|Behemoth Blade|p2a: Arceus\n|-damage|p2a: Arceus|31\/100\n|move|p2a: Arceus|Earth Power|p1a: Zacian\n|-supereffective|p1a: Zacian\n|-damage|p1a: Zacian|0 fnt\n|faint|p1a: Zacian\n|\n|-weather|none\n|upkeep\n|\n|t:|1700337735\n|switch|p1a: Arceus|Arceus|100\/100\n|-damage|p1a: Arceus|76\/100|[from] Spikes\n|turn|39\n|\n|t:|1700337742\n|switch|p2a: Skeledirge|Skeledirge, F|29\/100\n|move|p1a: Arceus|Swords Dance|p1a: Arceus\n|-boost|p1a: Arceus|atk|2\n|\n|upkeep\n|turn|40\n|\n|t:|1700337747\n|move|p1a: Arceus|Shadow Claw|p2a: Skeledirge\n|-supereffective|p2a: Skeledirge\n|-damage|p2a: Skeledirge|0 fnt\n|faint|p2a: Skeledirge\n|\n|upkeep\n|c|\u2606thunderbug|gg\n|-message|thunderbug forfeited.\n|\n|win|Skyiew\n|raw|Skyiew's rating: 1402 &rarr; <strong>1433<\/strong><br \/>(+31 for winning)\n|raw|thunderbug's rating: 1618 &rarr; <strong>1587<\/strong><br \/>(-31 for losing)\n|l|\u2606thunderbug\n","uploadtime":1700337770,"views":11,"p1id":"skyiew","p2id":"thunderbug","formatid":"gen9ubers","rating":1433,"private":0,"password":""}