{"id":"gen9ubers-1978898085","p1":"Rei_darkness","p2":"TRaSHiNSeCT","format":"[Gen 9] Ubers","log":"|j|\u2606Rei_darkness\n|j|\u2606TRaSHiNSeCT\n|t:|1698607873\n|gametype|singles\n|player|p1|Rei_darkness|drayden|\n|player|p2|TRaSHiNSeCT|workerice|\n|teamsize|p1|6\n|teamsize|p2|6\n|gen|9\n|tier|[Gen 9] Ubers\n|rule|Sleep Clause Mod: Limit one foe put to sleep\n|rule|Species Clause: Limit one of each Pok\u00e9mon\n|rule|OHKO Clause: OHKO moves are banned\n|rule|Evasion Items Clause: Evasion items are banned\n|rule|Evasion Moves Clause: Evasion moves are banned\n|rule|Endless Battle Clause: Forcing endless battles is banned\n|rule|HP Percentage Mod: HP is shown in percentages\n|clearpoke\n|poke|p1|Calyrex-Ice|\n|poke|p1|Slowking-Galar, M|\n|poke|p1|Medicham, F|\n|poke|p1|Greninja-*, M|\n|poke|p1|Abomasnow, F|\n|poke|p1|Azelf|\n|poke|p2|Basculegion, M|\n|poke|p2|Slowking-Galar, M|\n|poke|p2|Weezing-Galar, M|\n|poke|p2|Medicham, M|\n|poke|p2|Toedscruel, F|\n|poke|p2|Eelektross, F|\n|teampreview\n|\n|t:|1698607890\n|start\n|switch|p1a: Azelf|Azelf|100\/100\n|switch|p2a: Toedscruel|Toedscruel, F|100\/100\n|turn|1\n|\n|t:|1698607897\n|move|p1a: Azelf|U-turn|p2a: Toedscruel\n|-supereffective|p2a: Toedscruel\n|-damage|p2a: Toedscruel|4\/100\n|\n|t:|1698607907\n|switch|p1a: Abomasnow|Abomasnow, F|100\/100|[from] U-turn\n|-weather|Snow|[from] ability: Snow Warning|[of] p1a: Abomasnow\n|move|p2a: Toedscruel|Spore|p1a: Abomasnow\n|-immune|p1a: Abomasnow\n|\n|-weather|Snow|[upkeep]\n|-heal|p2a: Toedscruel|10\/100|[from] item: Leftovers\n|upkeep\n|turn|2\n|\n|t:|1698607916\n|move|p2a: Toedscruel|Knock Off|p1a: Abomasnow\n|-damage|p1a: Abomasnow|87\/100\n|-enditem|p1a: Abomasnow|Eject Pack|[from] move: Knock Off|[of] p2a: Toedscruel\n|move|p1a: Abomasnow|Blizzard|p2a: Toedscruel\n|-supereffective|p2a: Toedscruel\n|-damage|p2a: Toedscruel|0 fnt\n|faint|p2a: Toedscruel\n|\n|-weather|Snow|[upkeep]\n|upkeep\n|\n|t:|1698607928\n|switch|p2a: Basculegion|Basculegion, M|100\/100\n|turn|3\n|\n|t:|1698607932\n|move|p2a: Basculegion|Shadow Ball|p1a: Abomasnow\n|-damage|p1a: Abomasnow|20\/100\n|-unboost|p1a: Abomasnow|spd|1\n|move|p1a: Abomasnow|Aurora Veil|p1a: Abomasnow\n|-sidestart|p1: Rei_darkness|move: Aurora Veil\n|\n|-weather|Snow|[upkeep]\n|upkeep\n|turn|4\n|\n|t:|1698607961\n|switch|p2a: Weezing|Weezing-Galar, M|100\/100\n|move|p1a: Abomasnow|Leaf Storm|p2a: Weezing\n|-resisted|p2a: Weezing\n|-damage|p2a: Weezing|62\/100\n|-unboost|p1a: Abomasnow|spa|2\n|\n|-weather|Snow|[upkeep]\n|-heal|p2a: Weezing|68\/100|[from] item: Leftovers\n|upkeep\n|turn|5\n|\n|t:|1698607975\n|switch|p1a: Calyrex|Calyrex-Ice|100\/100\n|-ability|p1a: Calyrex|As One\n|-ability|p1a: Calyrex|Unnerve\n|move|p2a: Weezing|Defog|p1a: Calyrex\n|-unboost|p1a: Calyrex|evasion|1\n|-sideend|p1: Rei_darkness|move: Aurora Veil\n|\n|-weather|none\n|-heal|p2a: Weezing|74\/100|[from] item: Leftovers\n|upkeep\n|turn|6\n|\n|t:|1698607987\n|switch|p2a: Basculegion|Basculegion, M|100\/100\n|move|p1a: Calyrex|Calm Mind|p1a: Calyrex\n|-boost|p1a: Calyrex|spa|1\n|-boost|p1a: Calyrex|spd|1\n|\n|upkeep\n|turn|7\n|\n|t:|1698607994\n|-terastallize|p1a: Calyrex|Fairy\n|move|p2a: Basculegion|Shadow Ball|p1a: Calyrex\n|-damage|p1a: Calyrex|70\/100\n|move|p1a: Calyrex|Calm Mind|p1a: Calyrex\n|-boost|p1a: Calyrex|spa|1\n|-boost|p1a: Calyrex|spd|1\n|\n|-heal|p1a: Calyrex|76\/100|[from] item: Leftovers\n|upkeep\n|turn|8\n|\n|t:|1698608003\n|switch|p2a: Medicham|Medicham, M|100\/100\n|move|p1a: Calyrex|Draining Kiss|p2a: Medicham\n|-supereffective|p2a: Medicham\n|-damage|p2a: Medicham|0 fnt\n|-heal|p1a: Calyrex|100\/100|[from] drain|[of] p2a: Medicham\n|faint|p2a: Medicham\n|-ability|p1a: Calyrex|Chilling Neigh|boost\n|-boost|p1a: Calyrex|atk|1\n|\n|upkeep\n|\n|t:|1698608011\n|switch|p2a: Weezing|Weezing-Galar, M|74\/100\n|turn|9\n|\n|t:|1698608022\n|move|p2a: Weezing|Haze|p2a: Weezing\n|-clearallboost\n|move|p1a: Calyrex|Stored Power|p2a: Weezing\n|-supereffective|p2a: Weezing\n|-damage|p2a: Weezing|50\/100\n|\n|-heal|p2a: Weezing|56\/100|[from] item: Leftovers\n|upkeep\n|turn|10\n|\n|t:|1698608033\n|switch|p1a: Azelf|Azelf|100\/100\n|move|p2a: Weezing|Pain Split|p1a: Azelf\n|-sethp|p1a: Azelf|82\/100|[from] move: Pain Split|[silent]\n|-sethp|p2a: Weezing|71\/100|[from] move: Pain Split\n|\n|-heal|p2a: Weezing|77\/100|[from] item: Leftovers\n|upkeep\n|turn|11\n|\n|t:|1698608056\n|move|p1a: Azelf|Zen Headbutt|p2a: Weezing\n|-supereffective|p2a: Weezing\n|-damage|p2a: Weezing|0 fnt\n|faint|p2a: Weezing\n|\n|upkeep\n|\n|t:|1698608064\n|switch|p2a: Slowking|Slowking-Galar, M|100\/100\n|turn|12\n|\n|t:|1698608077\n|switch|p1a: Abomasnow|Abomasnow, F|20\/100\n|-weather|Snow|[from] ability: Snow Warning|[of] p1a: Abomasnow\n|move|p2a: Slowking|Thunder Wave|p1a: Abomasnow\n|-status|p1a: Abomasnow|par\n|\n|-weather|Snow|[upkeep]\n|upkeep\n|turn|13\n|\n|t:|1698608084\n|move|p2a: Slowking|Taunt|p1a: Abomasnow\n|-start|p1a: Abomasnow|move: Taunt\n|cant|p1a: Abomasnow|move: Taunt|Aurora Veil\n|\n|-weather|Snow|[upkeep]\n|upkeep\n|turn|14\n|\n|t:|1698608091\n|switch|p2a: Eelektross|Eelektross, F, shiny|100\/100\n|move|p1a: Abomasnow|Blizzard|p2a: Eelektross\n|-damage|p2a: Eelektross|74\/100\n|\n|-weather|Snow|[upkeep]\n|upkeep\n|turn|15\n|\n|t:|1698608099\n|move|p2a: Eelektross|Acid Spray|p1a: Abomasnow\n|-supereffective|p1a: Abomasnow\n|-damage|p1a: Abomasnow|0 fnt\n|faint|p1a: Abomasnow\n|\n|-weather|Snow|[upkeep]\n|upkeep\n|\n|t:|1698608114\n|switch|p1a: Azelf|Azelf|82\/100\n|turn|16\n|\n|t:|1698608119\n|switch|p2a: Slowking|Slowking-Galar, M|100\/100\n|move|p1a: Azelf|U-turn|p2a: Slowking\n|-damage|p2a: Slowking|74\/100\n|\n|t:|1698608123\n|switch|p1a: Greninja|Greninja, M|100\/100|[from] U-turn\n|\n|-weather|none\n|upkeep\n|turn|17\n|\n|t:|1698608128\n|move|p1a: Greninja|Night Slash|p2a: Slowking\n|-start|p1a: Greninja|typechange|Dark|[from] ability: Protean\n|-supereffective|p2a: Slowking\n|-damage|p2a: Slowking|13\/100\n|move|p2a: Slowking|Thunder Wave|p1a: Greninja\n|-status|p1a: Greninja|par\n|\n|upkeep\n|turn|18\n|\n|t:|1698608137\n|switch|p2a: Eelektross|Eelektross, F, shiny|74\/100\n|move|p1a: Greninja|Night Slash|p2a: Eelektross\n|-damage|p2a: Eelektross|25\/100\n|\n|upkeep\n|turn|19\n|\n|t:|1698608148\n|move|p1a: Greninja|Night Slash|p2a: Eelektross\n|-damage|p2a: Eelektross|0 fnt\n|faint|p2a: Eelektross\n|\n|upkeep\n|\n|t:|1698608153\n|switch|p2a: Basculegion|Basculegion, M|100\/100\n|turn|20\n|\n|t:|1698608157\n|switch|p1a: Slowking|Slowking-Galar, M|100\/100\n|move|p2a: Basculegion|Surf|p1a: Slowking\n|-damage|p1a: Slowking|54\/100\n|\n|upkeep\n|turn|21\n|\n|t:|1698608165\n|switch|p2a: Slowking|Slowking-Galar, M|46\/100\n|switch|p1a: Calyrex|Calyrex-Ice, tera:Fairy|100\/100\n|-ability|p1a: Calyrex|As One\n|-ability|p1a: Calyrex|Unnerve\n|\n|upkeep\n|turn|22\n|\n|t:|1698608173\n|move|p1a: Calyrex|Calm Mind|p1a: Calyrex\n|-boost|p1a: Calyrex|spa|1\n|-boost|p1a: Calyrex|spd|1\n|move|p2a: Slowking|Taunt|p1a: Calyrex\n|-start|p1a: Calyrex|move: Taunt\n|\n|upkeep\n|turn|23\n|\n|t:|1698608181\n|move|p1a: Calyrex|Stored Power|p2a: Slowking\n|-damage|p2a: Slowking|15\/100\n|move|p2a: Slowking|Thunder Wave|p1a: Calyrex\n|-status|p1a: Calyrex|par\n|\n|upkeep\n|turn|24\n|\n|t:|1698608188\n|switch|p2a: Basculegion|Basculegion, M|100\/100\n|move|p1a: Calyrex|Stored Power|p2a: Basculegion\n|-damage|p2a: Basculegion|63\/100\n|\n|upkeep\n|turn|25\n|\n|t:|1698608193\n|move|p2a: Basculegion|Surf|p1a: Calyrex\n|-damage|p1a: Calyrex|68\/100 par\n|move|p1a: Calyrex|Stored Power|p2a: Basculegion\n|-damage|p2a: Basculegion|29\/100\n|\n|-heal|p1a: Calyrex|74\/100 par|[from] item: Leftovers\n|-end|p1a: Calyrex|move: Taunt\n|upkeep\n|turn|26\n|\n|t:|1698608201\n|move|p2a: Basculegion|Surf|p1a: Calyrex\n|-damage|p1a: Calyrex|43\/100 par\n|move|p1a: Calyrex|Stored Power|p2a: Basculegion\n|-crit|p2a: Basculegion\n|-damage|p2a: Basculegion|0 fnt\n|faint|p2a: Basculegion\n|-ability|p1a: Calyrex|Chilling Neigh|boost\n|-boost|p1a: Calyrex|atk|1\n|\n|-heal|p1a: Calyrex|49\/100 par|[from] item: Leftovers\n|upkeep\n|\n|t:|1698608212\n|switch|p2a: Slowking|Slowking-Galar, M|49\/100\n|turn|27\n|c|\u2606TRaSHiNSeCT|ggs\n|c|\u2606Rei_darkness|ggs\n|c|\u2606TRaSHiNSeCT|wp\n|c|\u2606Rei_darkness|caly ice ability seems useless\n|c|\u2606Rei_darkness|but it does add to stored power\n|c|\u2606Rei_darkness|fun little interaction in contrarianmons\n|c|\u2606Rei_darkness|it does make it take more damage from foul play\n|c|\u2606Rei_darkness|but tera fairy makes it do not that much\n|\n|t:|1698608262\n|move|p1a: Calyrex|Stored Power|p2a: Slowking\n|-damage|p2a: Slowking|11\/100\n|move|p2a: Slowking|Foul Play|p1a: Calyrex\n|-resisted|p1a: Calyrex\n|-damage|p1a: Calyrex|35\/100 par\n|\n|-heal|p1a: Calyrex|42\/100 par|[from] item: Leftovers\n|upkeep\n|turn|28\n|\n|t:|1698608272\n|move|p1a: Calyrex|Calm Mind|p1a: Calyrex\n|-boost|p1a: Calyrex|spa|1\n|-boost|p1a: Calyrex|spd|1\n|move|p2a: Slowking|Foul Play|p1a: Calyrex\n|-resisted|p1a: Calyrex\n|-damage|p1a: Calyrex|30\/100 par\n|\n|-heal|p1a: Calyrex|36\/100 par|[from] item: Leftovers\n|upkeep\n|turn|29\n|\n|t:|1698608284\n|move|p1a: Calyrex|Stored Power|p2a: Slowking\n|-damage|p2a: Slowking|0 fnt\n|faint|p2a: Slowking\n|\n|win|Rei_darkness\n","uploadtime":1698608286,"views":11,"p1id":"reidarkness","p2id":"trashinsect","formatid":"gen9ubers","rating":0,"private":0,"password":""}