{"id":"gen9ubers-1971560134","p1":"eragon123","p2":"Anne Frankkkk","format":"[Gen 9] Ubers","log":"|j|\u2606eragon123\n|j|\u2606Anne Frankkkk\n|t:|1697748427\n|gametype|singles\n|player|p1|eragon123|youngster-gen4dp|1045\n|player|p2|Anne Frankkkk|hilbert|1147\n|teamsize|p1|6\n|teamsize|p2|6\n|gen|9\n|tier|[Gen 9] Ubers\n|rated|\n|rule|Sleep Clause Mod: Limit one foe put to sleep\n|rule|Species Clause: Limit one of each Pok\u00e9mon\n|rule|OHKO Clause: OHKO moves are banned\n|rule|Evasion Items Clause: Evasion items are banned\n|rule|Evasion Moves Clause: Evasion moves are banned\n|rule|Endless Battle Clause: Forcing endless battles is banned\n|rule|HP Percentage Mod: HP is shown in percentages\n|clearpoke\n|poke|p1|Darkrai|\n|poke|p1|Ceruledge, M|\n|poke|p1|Volcarona, M|\n|poke|p1|Lilligant-Hisui, F|\n|poke|p1|Dragapult, M|\n|poke|p1|Regieleki|\n|poke|p2|Iron Hands|\n|poke|p2|Kyogre|\n|poke|p2|Chien-Pao|\n|poke|p2|Donphan, F|\n|poke|p2|Miraidon|\n|poke|p2|Iron Moth|\n|teampreview\n|inactive|Battle timer is ON: inactive players will automatically lose when time's up. (requested by Anne Frankkkk)\n|\n|t:|1697748442\n|start\n|switch|p1a: Regieleki|Regieleki|100\/100\n|switch|p2a: Kyogre|Kyogre|100\/100\n|-item|p1a: Regieleki|Air Balloon\n|-weather|RainDance|[from] ability: Drizzle|[of] p2a: Kyogre\n|turn|1\n|\n|t:|1697748453\n|move|p1a: Regieleki|Light Screen|p1a: Regieleki\n|-sidestart|p1: eragon123|move: Light Screen\n|move|p2a: Kyogre|Origin Pulse|p1a: Regieleki\n|-damage|p1a: Regieleki|0 fnt\n|-enditem|p1a: Regieleki|Air Balloon\n|faint|p1a: Regieleki\n|\n|-weather|RainDance|[upkeep]\n|upkeep\n|\n|t:|1697748462\n|switch|p1a: Darkrai|Darkrai|100\/100\n|turn|2\n|\n|t:|1697748470\n|switch|p2a: Iron Hands|Iron Hands, shiny|100\/100\n|move|p1a: Darkrai|Dark Void|p2a: Iron Hands\n|-status|p2a: Iron Hands|slp|[from] move: Dark Void\n|\n|-weather|RainDance|[upkeep]\n|-damage|p2a: Iron Hands|88\/100 slp|[from] ability: Bad Dreams|[of] p1a: Darkrai\n|upkeep\n|turn|3\n|\n|t:|1697748479\n|cant|p2a: Iron Hands|slp\n|move|p1a: Darkrai|Nasty Plot|p1a: Darkrai\n|-boost|p1a: Darkrai|spa|2\n|\n|-weather|RainDance|[upkeep]\n|-damage|p2a: Iron Hands|76\/100 slp|[from] ability: Bad Dreams|[of] p1a: Darkrai\n|upkeep\n|turn|4\n|\n|t:|1697748493\n|move|p1a: Darkrai|Dream Eater|p2a: Iron Hands\n|-supereffective|p2a: Iron Hands\n|-damage|p2a: Iron Hands|0 fnt\n|faint|p2a: Iron Hands\n|-end|p2a: Iron Hands|Quark Drive|[silent]\n|\n|-weather|RainDance|[upkeep]\n|upkeep\n|\n|t:|1697748505\n|switch|p2a: Donphan|Donphan, F, shiny|100\/100\n|turn|5\n|\n|t:|1697748512\n|move|p1a: Darkrai|Dark Void|p2a: Donphan\n|-status|p2a: Donphan|slp|[from] move: Dark Void\n|cant|p2a: Donphan|slp\n|\n|-weather|none\n|-sideend|p1: eragon123|move: Light Screen\n|-damage|p2a: Donphan|88\/100 slp|[from] ability: Bad Dreams|[of] p1a: Darkrai\n|upkeep\n|turn|6\n|\n|t:|1697748520\n|move|p1a: Darkrai|Nasty Plot|p1a: Darkrai\n|-boost|p1a: Darkrai|spa|2\n|cant|p2a: Donphan|slp\n|\n|-damage|p2a: Donphan|76\/100 slp|[from] ability: Bad Dreams|[of] p1a: Darkrai\n|upkeep\n|turn|7\n|\n|t:|1697748528\n|move|p1a: Darkrai|Dream Eater|p2a: Donphan\n|-damage|p2a: Donphan|0 fnt\n|faint|p2a: Donphan\n|\n|upkeep\n|\n|t:|1697748533\n|switch|p2a: Miraidon|Miraidon|100\/100\n|-fieldstart|move: Electric Terrain|[from] ability: Hadron Engine|[of] p2a: Miraidon\n|-item|p2a: Miraidon|Air Balloon\n|turn|8\n|\n|t:|1697748559\n|move|p2a: Miraidon|Electro Drift|p1a: Darkrai\n|-damage|p1a: Darkrai|12\/100\n|move|p1a: Darkrai|Dark Void|p2a: Miraidon\n|-status|p2a: Miraidon|slp|[from] move: Dark Void\n|\n|-damage|p2a: Miraidon|88\/100 slp|[from] ability: Bad Dreams|[of] p1a: Darkrai\n|upkeep\n|turn|9\n|\n|t:|1697748569\n|cant|p2a: Miraidon|slp\n|move|p1a: Darkrai|Dream Eater|p2a: Miraidon\n|-damage|p2a: Miraidon|0 fnt\n|-heal|p1a: Darkrai|65\/100|[from] drain|[of] p2a: Miraidon\n|-enditem|p2a: Miraidon|Air Balloon\n|faint|p2a: Miraidon\n|\n|upkeep\n|\n|t:|1697748577\n|switch|p2a: Kyogre|Kyogre|100\/100\n|-weather|RainDance|[from] ability: Drizzle|[of] p2a: Kyogre\n|turn|10\n|\n|t:|1697748581\n|-terastallize|p2a: Kyogre|Water\n|move|p2a: Kyogre|Water Spout|p1a: Darkrai\n|-damage|p1a: Darkrai|0 fnt\n|faint|p1a: Darkrai\n|\n|-weather|RainDance|[upkeep]\n|upkeep\n|\n|t:|1697748590\n|switch|p1a: Lilligant|Lilligant-Hisui, F|100\/100\n|turn|11\n|\n|t:|1697748593\n|move|p2a: Kyogre|Water Spout|p1a: Lilligant\n|-resisted|p1a: Lilligant\n|-damage|p1a: Lilligant|0 fnt\n|faint|p1a: Lilligant\n|\n|-weather|RainDance|[upkeep]\n|upkeep\n|\n|t:|1697748603\n|switch|p1a: Dragapult|Dragapult, M|100\/100\n|turn|12\n|\n|t:|1697748607\n|move|p2a: Kyogre|Water Spout|p1a: Dragapult\n|-resisted|p1a: Dragapult\n|-damage|p1a: Dragapult|0 fnt\n|faint|p1a: Dragapult\n|\n|-weather|RainDance|[upkeep]\n|-fieldend|move: Electric Terrain\n|upkeep\n|\n|t:|1697748618\n|switch|p1a: Volcarona|Volcarona, M|100\/100\n|turn|13\n|\n|t:|1697748621\n|move|p1a: Volcarona|Protect|p1a: Volcarona\n|-singleturn|p1a: Volcarona|Protect\n|move|p2a: Kyogre|Water Spout|p1a: Volcarona\n|-activate|p1a: Volcarona|move: Protect\n|\n|-weather|RainDance|[upkeep]\n|upkeep\n|turn|14\n|\n|t:|1697748629\n|move|p2a: Kyogre|Water Spout|p1a: Volcarona\n|-supereffective|p1a: Volcarona\n|-enditem|p1a: Volcarona|Focus Sash\n|-damage|p1a: Volcarona|1\/100\n|move|p1a: Volcarona|Bug Buzz|p2a: Kyogre\n|-damage|p2a: Kyogre|40\/100\n|-unboost|p2a: Kyogre|spd|1\n|\n|-weather|none\n|upkeep\n|turn|15\n|\n|t:|1697748640\n|move|p2a: Kyogre|Water Spout|p1a: Volcarona\n|-supereffective|p1a: Volcarona\n|-damage|p1a: Volcarona|0 fnt\n|faint|p1a: Volcarona\n|\n|upkeep\n|\n|t:|1697748646\n|switch|p1a: Ceruledge|Ceruledge, M|100\/100\n|turn|16\n|\n|t:|1697748651\n|switch|p2a: Iron Moth|Iron Moth, shiny|100\/100\n|move|p1a: Ceruledge|Poltergeist|p2a: Iron Moth|[miss]\n|-miss|p1a: Ceruledge|p2a: Iron Moth\n|\n|upkeep\n|turn|17\n|\n|t:|1697748660\n|move|p2a: Iron Moth|Sludge Wave|p1a: Ceruledge\n|-resisted|p1a: Ceruledge\n|-damage|p1a: Ceruledge|60\/100\n|-status|p1a: Ceruledge|psn\n|-damage|p2a: Iron Moth|91\/100|[from] item: Life Orb\n|move|p1a: Ceruledge|Psycho Cut|p2a: Iron Moth\n|-supereffective|p2a: Iron Moth\n|-damage|p2a: Iron Moth|14\/100\n|\n|-damage|p1a: Ceruledge|48\/100 psn|[from] psn\n|upkeep\n|turn|18\n|\n|t:|1697748673\n|move|p2a: Iron Moth|Sludge Wave|p1a: Ceruledge\n|-resisted|p1a: Ceruledge\n|-damage|p1a: Ceruledge|6\/100 psn\n|-damage|p2a: Iron Moth|4\/100|[from] item: Life Orb\n|move|p1a: Ceruledge|Psycho Cut|p2a: Iron Moth\n|-supereffective|p2a: Iron Moth\n|-damage|p2a: Iron Moth|0 fnt\n|faint|p2a: Iron Moth\n|-end|p2a: Iron Moth|Quark Drive|[silent]\n|\n|-damage|p1a: Ceruledge|0 fnt|[from] psn\n|faint|p1a: Ceruledge\n|\n|win|Anne Frankkkk\n|upkeep\n|raw|eragon123's rating: 1045 &rarr; <strong>1033<\/strong><br \/>(-12 for losing)\n|raw|Anne Frankkkk's rating: 1147 &rarr; <strong>1165<\/strong><br \/>(+18 for winning)\n","uploadtime":1697748686,"views":5,"p1id":"eragon123","p2id":"annefrankkkk","formatid":"gen9ubers","rating":1033,"private":0,"password":""}