{"id":"gen9ubers-1989366680","p1":"The Uber Bad Boy","p2":"getess","format":"[Gen 9] Ubers","log":"|j|\u2606The Uber Bad Boy\n|j|\u2606getess\n|t:|1699841380\n|gametype|singles\n|player|p1|The Uber Bad Boy|shadowtriad|\n|player|p2|getess|lady-gen4|\n|teamsize|p1|6\n|teamsize|p2|6\n|gen|9\n|tier|[Gen 9] Ubers\n|rated|Tournament battle\n|rule|Sleep Clause Mod: Limit one foe put to sleep\n|rule|Species Clause: Limit one of each Pok\u00e9mon\n|rule|OHKO Clause: OHKO moves are banned\n|rule|Evasion Items Clause: Evasion items are banned\n|rule|Evasion Moves Clause: Evasion moves are banned\n|rule|Endless Battle Clause: Forcing endless battles is banned\n|rule|HP Percentage Mod: HP is shown in percentages\n|clearpoke\n|poke|p1|Ting-Lu|\n|poke|p1|Miraidon|\n|poke|p1|Giratina-Origin|\n|poke|p1|Skeledirge, M|\n|poke|p1|Arceus|\n|poke|p1|Kyogre|\n|poke|p2|Ting-Lu|\n|poke|p2|Cyclizar, F|\n|poke|p2|Zacian-*|\n|poke|p2|Toxapex, M|\n|poke|p2|Tornadus-Therian, M|\n|poke|p2|Koraidon|\n|teampreview\n|j|+corvere\u2665\n|inactive|Battle timer is ON: inactive players will automatically lose when time's up. (requested by The Uber Bad Boy)\n|\n|t:|1699841386\n|start\n|switch|p1a: Stormbreaker|Miraidon|100\/100\n|switch|p2a: Cyclizar|Cyclizar, F|100\/100\n|-fieldstart|move: Electric Terrain|[from] ability: Hadron Engine|[of] p1a: Stormbreaker\n|turn|1\n|\n|t:|1699841394\n|switch|p2a: Ting-Lu|Ting-Lu|100\/100\n|-ability|p2a: Ting-Lu|Vessel of Ruin\n|move|p1a: Stormbreaker|U-turn|p2a: Ting-Lu\n|-supereffective|p2a: Ting-Lu\n|-damage|p2a: Ting-Lu|86\/100\n|\n|t:|1699841398\n|switch|p1a: Lake Superior|Kyogre|100\/100|[from] U-turn\n|-weather|RainDance|[from] ability: Drizzle|[of] p1a: Lake Superior\n|\n|-weather|RainDance|[upkeep]\n|-heal|p2a: Ting-Lu|92\/100|[from] item: Leftovers\n|upkeep\n|turn|2\n|\n|t:|1699841402\n|switch|p2a: Koraidon|Koraidon|100\/100\n|-weather|SunnyDay|[from] ability: Orichalcum Pulse|[of] p2a: Koraidon\n|-activate|p2a: Koraidon|Orichalcum Pulse|[source]\n|move|p1a: Lake Superior|Hydro Pump|p2a: Koraidon\n|-resisted|p2a: Koraidon\n|-damage|p2a: Koraidon|88\/100\n|\n|-weather|SunnyDay|[upkeep]\n|upkeep\n|turn|3\n|\n|t:|1699841407\n|move|p2a: Koraidon|Dragon Claw|p1a: Lake Superior\n|-damage|p1a: Lake Superior|51\/100\n|move|p1a: Lake Superior|Thunder Wave|p2a: Koraidon\n|-status|p2a: Koraidon|par\n|\n|-weather|SunnyDay|[upkeep]\n|upkeep\n|turn|4\n|\n|t:|1699841416\n|move|p1a: Lake Superior|Icy Wind|p2a: Koraidon\n|-supereffective|p2a: Koraidon\n|-damage|p2a: Koraidon|57\/100 par\n|-unboost|p2a: Koraidon|spe|1\n|move|p2a: Koraidon|Dragon Claw|p1a: Lake Superior\n|-damage|p1a: Lake Superior|4\/100\n|\n|-weather|SunnyDay|[upkeep]\n|upkeep\n|turn|5\n|\n|t:|1699841427\n|move|p1a: Lake Superior|Icy Wind|p2a: Koraidon\n|-supereffective|p2a: Koraidon\n|-damage|p2a: Koraidon|28\/100 par\n|-unboost|p2a: Koraidon|spe|1\n|move|p2a: Koraidon|Dragon Claw|p1a: Lake Superior\n|-damage|p1a: Lake Superior|0 fnt\n|faint|p1a: Lake Superior\n|\n|-weather|SunnyDay|[upkeep]\n|-fieldend|move: Electric Terrain\n|upkeep\n|\n|t:|1699841432\n|switch|p1a: Subterra|Ting-Lu|100\/100\n|-ability|p1a: Subterra|Vessel of Ruin\n|turn|6\n|\n|t:|1699841440\n|move|p1a: Subterra|Stealth Rock|p2a: Koraidon\n|-sidestart|p2: getess|move: Stealth Rock\n|move|p2a: Koraidon|Drain Punch|p1a: Subterra\n|-supereffective|p1a: Subterra\n|-damage|p1a: Subterra|49\/100\n|-heal|p2a: Koraidon|61\/100 par|[from] drain|[of] p1a: Subterra\n|\n|-weather|none\n|-heal|p1a: Subterra|55\/100|[from] item: Leftovers\n|upkeep\n|turn|7\n|\n|t:|1699841445\n|switch|p2a: Cyclizar|Cyclizar, F|100\/100\n|-damage|p2a: Cyclizar|88\/100|[from] Stealth Rock\n|move|p1a: Subterra|Spikes|p2a: Cyclizar\n|-sidestart|p2: getess|Spikes\n|\n|-heal|p1a: Subterra|62\/100|[from] item: Leftovers\n|upkeep\n|turn|8\n|\n|t:|1699841452\n|switch|p1a: Burnout|Skeledirge, M|100\/100\n|move|p2a: Cyclizar|Shed Tail|p2a: Cyclizar\n|-start|p2a: Cyclizar|Substitute|[from] move: Shed Tail\n|-damage|p2a: Cyclizar|38\/100\n|j| rookierobbie\n|\n|t:|1699841467\n|switch|p2a: Tornadus|Tornadus-Therian, M|100\/100|[from] Shed Tail\n|-damage|p2a: Tornadus|76\/100|[from] Stealth Rock\n|\n|upkeep\n|turn|9\n|\n|t:|1699841473\n|move|p2a: Tornadus|Bleakwind Storm|p1a: Burnout\n|-damage|p1a: Burnout|37\/100\n|-unboost|p1a: Burnout|spe|1\n|-damage|p2a: Tornadus|66\/100|[from] item: Life Orb\n|move|p1a: Burnout|Torch Song|p2a: Tornadus\n|-damage|p2a: Tornadus|26\/100\n|-boost|p1a: Burnout|spa|1\n|\n|upkeep\n|turn|10\n|\n|t:|1699841484\n|move|p2a: Tornadus|Bleakwind Storm|p1a: Burnout\n|-damage|p1a: Burnout|0 fnt\n|faint|p1a: Burnout\n|-damage|p2a: Tornadus|16\/100|[from] item: Life Orb\n|\n|upkeep\n|\n|t:|1699841486\n|switch|p1a: Subterra|Ting-Lu|62\/100\n|-ability|p1a: Subterra|Vessel of Ruin\n|turn|11\n|\n|t:|1699841489\n|move|p2a: Tornadus|Nasty Plot|p2a: Tornadus\n|-boost|p2a: Tornadus|spa|2\n|move|p1a: Subterra|Whirlwind|p2a: Tornadus\n|drag|p2a: Toxapex|Toxapex, M|100\/100\n|-damage|p2a: Toxapex|88\/100|[from] Stealth Rock\n|-damage|p2a: Toxapex|75\/100|[from] Spikes\n|\n|-heal|p1a: Subterra|68\/100|[from] item: Leftovers\n|upkeep\n|turn|12\n|\n|t:|1699841492\n|move|p1a: Subterra|Earthquake|p2a: Toxapex\n|-supereffective|p2a: Toxapex\n|-damage|p2a: Toxapex|34\/100\n|move|p2a: Toxapex|Toxic Spikes|p1a: Subterra\n|-sidestart|p1: The Uber Bad Boy|move: Toxic Spikes\n|\n|-heal|p1a: Subterra|74\/100|[from] item: Leftovers\n|upkeep\n|turn|13\n|\n|t:|1699841500\n|switch|p2a: Tornadus|Tornadus-Therian, M|49\/100\n|-damage|p2a: Tornadus|24\/100|[from] Stealth Rock\n|move|p1a: Subterra|Earthquake|p2a: Tornadus\n|-immune|p2a: Tornadus\n|\n|-heal|p1a: Subterra|80\/100|[from] item: Leftovers\n|upkeep\n|turn|14\n|\n|t:|1699841506\n|move|p2a: Tornadus|Grass Knot|p1a: Subterra\n|-supereffective|p1a: Subterra\n|-damage|p1a: Subterra|40\/100\n|-damage|p2a: Tornadus|15\/100|[from] item: Life Orb\n|move|p1a: Subterra|Whirlwind|p2a: Tornadus\n|drag|p2a: Ting-Lu|Ting-Lu|92\/100\n|-damage|p2a: Ting-Lu|86\/100|[from] Stealth Rock\n|-damage|p2a: Ting-Lu|73\/100|[from] Spikes\n|-ability|p2a: Ting-Lu|Vessel of Ruin\n|\n|-heal|p1a: Subterra|46\/100|[from] item: Leftovers\n|-heal|p2a: Ting-Lu|79\/100|[from] item: Leftovers\n|upkeep\n|turn|15\n|\n|t:|1699841511\n|move|p2a: Ting-Lu|Spikes|p1a: Subterra\n|-sidestart|p1: The Uber Bad Boy|Spikes\n|move|p1a: Subterra|Whirlwind|p2a: Ting-Lu\n|drag|p2a: Koraidon|Koraidon|61\/100 par\n|-weather|SunnyDay|[from] ability: Orichalcum Pulse|[of] p2a: Koraidon\n|-activate|p2a: Koraidon|Orichalcum Pulse|[source]\n|\n|-weather|SunnyDay|[upkeep]\n|-heal|p1a: Subterra|52\/100|[from] item: Leftovers\n|upkeep\n|turn|16\n|\n|t:|1699841515\n|move|p2a: Koraidon|Drain Punch|p1a: Subterra\n|-supereffective|p1a: Subterra\n|-damage|p1a: Subterra|0 fnt\n|-heal|p2a: Koraidon|94\/100 par|[from] drain|[of] p1a: Subterra\n|faint|p1a: Subterra\n|\n|-weather|SunnyDay|[upkeep]\n|upkeep\n|\n|t:|1699841519\n|switch|p1a: Stormbreaker|Miraidon|100\/100\n|-status|p1a: Stormbreaker|psn\n|-damage|p1a: Stormbreaker|88\/100 psn|[from] Spikes\n|-fieldstart|move: Electric Terrain|[from] ability: Hadron Engine|[of] p1a: Stormbreaker\n|turn|17\n|\n|t:|1699841527\n|switch|p2a: Ting-Lu|Ting-Lu|79\/100\n|-damage|p2a: Ting-Lu|73\/100|[from] Stealth Rock\n|-damage|p2a: Ting-Lu|61\/100|[from] Spikes\n|-ability|p2a: Ting-Lu|Vessel of Ruin\n|move|p1a: Stormbreaker|Draco Meteor|p2a: Ting-Lu\n|-crit|p2a: Ting-Lu\n|-damage|p2a: Ting-Lu|7\/100\n|-unboost|p1a: Stormbreaker|spa|2\n|\n|-weather|SunnyDay|[upkeep]\n|-heal|p2a: Ting-Lu|13\/100|[from] item: Leftovers\n|-damage|p1a: Stormbreaker|76\/100 psn|[from] psn\n|upkeep\n|turn|18\n|\n|t:|1699841534\n|move|p1a: Stormbreaker|U-turn|p2a: Ting-Lu\n|-supereffective|p2a: Ting-Lu\n|-damage|p2a: Ting-Lu|0 fnt\n|faint|p2a: Ting-Lu\n|\n|t:|1699841536\n|switch|p1a: Lucifer|Giratina-Origin|100\/100|[from] U-turn\n|\n|-weather|SunnyDay|[upkeep]\n|upkeep\n|\n|t:|1699841547\n|switch|p2a: Cyclizar|Cyclizar, F|71\/100\n|-damage|p2a: Cyclizar|59\/100|[from] Stealth Rock\n|-damage|p2a: Cyclizar|47\/100|[from] Spikes\n|turn|19\n|\n|t:|1699841555\n|move|p2a: Cyclizar|Knock Off|p1a: Lucifer\n|-supereffective|p1a: Lucifer\n|-damage|p1a: Lucifer|81\/100\n|move|p1a: Lucifer|Draco Meteor|p2a: Cyclizar\n|-supereffective|p2a: Cyclizar\n|-crit|p2a: Cyclizar\n|-damage|p2a: Cyclizar|0 fnt\n|-unboost|p1a: Lucifer|spa|2\n|faint|p2a: Cyclizar\n|\n|-weather|none\n|upkeep\n|\n|t:|1699841562\n|switch|p2a: Koraidon|Koraidon|94\/100 par\n|-weather|SunnyDay|[from] ability: Orichalcum Pulse|[of] p2a: Koraidon\n|-activate|p2a: Koraidon|Orichalcum Pulse|[source]\n|turn|20\n|\n|t:|1699841567\n|move|p1a: Lucifer|Draco Meteor|p2a: Koraidon\n|-supereffective|p2a: Koraidon\n|-damage|p2a: Koraidon|32\/100 par\n|-unboost|p1a: Lucifer|spa|2\n|move|p2a: Koraidon|Dragon Claw|p1a: Lucifer\n|-supereffective|p1a: Lucifer\n|-damage|p1a: Lucifer|13\/100\n|\n|-weather|SunnyDay|[upkeep]\n|upkeep\n|turn|21\n|\n|t:|1699841574\n|move|p1a: Lucifer|Hex|p2a: Koraidon\n|-damage|p2a: Koraidon|10\/100 par\n|move|p2a: Koraidon|Dragon Claw|p1a: Lucifer\n|-supereffective|p1a: Lucifer\n|-damage|p1a: Lucifer|0 fnt\n|faint|p1a: Lucifer\n|\n|-weather|SunnyDay|[upkeep]\n|-fieldend|move: Electric Terrain\n|upkeep\n|\n|t:|1699841577\n|switch|p1a: Stormbreaker|Miraidon|76\/100 psn\n|-damage|p1a: Stormbreaker|64\/100 psn|[from] Spikes\n|-fieldstart|move: Electric Terrain|[from] ability: Hadron Engine|[of] p1a: Stormbreaker\n|turn|22\n|\n|t:|1699841579\n|move|p1a: Stormbreaker|Electro Drift|p2a: Koraidon\n|-resisted|p2a: Koraidon\n|-damage|p2a: Koraidon|0 fnt\n|faint|p2a: Koraidon\n|\n|-weather|SunnyDay|[upkeep]\n|-damage|p1a: Stormbreaker|51\/100 psn|[from] psn\n|upkeep\n|\n|t:|1699841583\n|switch|p2a: Zacian|Zacian-Crowned|100\/100\n|-damage|p2a: Zacian|95\/100|[from] Stealth Rock\n|-damage|p2a: Zacian|82\/100|[from] Spikes\n|-ability|p2a: Zacian|Intrepid Sword|boost\n|-boost|p2a: Zacian|atk|1\n|turn|23\n|\n|t:|1699841587\n|move|p2a: Zacian|Play Rough|p1a: Stormbreaker\n|-supereffective|p1a: Stormbreaker\n|-damage|p1a: Stormbreaker|0 fnt\n|faint|p1a: Stormbreaker\n|\n|-weather|SunnyDay|[upkeep]\n|upkeep\n|\n|t:|1699841590\n|switch|p1a: Genesis|Arceus|100\/100\n|-status|p1a: Genesis|psn\n|-enditem|p1a: Genesis|Lum Berry|[eat]\n|-curestatus|p1a: Genesis|psn|[msg]\n|-damage|p1a: Genesis|88\/100|[from] Spikes\n|turn|24\n|\n|t:|1699841598\n|-terastallize|p1a: Genesis|Ghost\n|move|p2a: Zacian|Behemoth Blade|p1a: Genesis\n|-damage|p1a: Genesis|24\/100\n|move|p1a: Genesis|Dragon Dance|p1a: Genesis\n|-boost|p1a: Genesis|atk|1\n|-boost|p1a: Genesis|spe|1\n|\n|-weather|none\n|upkeep\n|turn|25\n|\n|t:|1699841603\n|-terastallize|p2a: Zacian|Steel\n|move|p1a: Genesis|Shadow Claw|p2a: Zacian\n|-damage|p2a: Zacian|33\/100\n|move|p2a: Zacian|Behemoth Blade|p1a: Genesis\n|-damage|p1a: Genesis|0 fnt\n|faint|p1a: Genesis\n|\n|win|getess\n|n|\u2606The Uber Bad Boy|theuberbadboy\n|n|\u2606getess|getess\n|n| corvere\u2665|corvere\n|n| rookierobbie|rookierobbie\n","uploadtime":1699841604,"views":17,"p1id":"theuberbadboy","p2id":"getess","formatid":"gen9ubers","rating":0,"private":0,"password":""}