{"id":"gen9ubers-1971367786","p1":"ZACIAN60","p2":"Funylioon2","format":"[Gen 9] Ubers","log":"|j|\u2606ZACIAN60\n|j|\u2606Funylioon2\n|t:|1697732971\n|gametype|singles\n|player|p1|ZACIAN60|hugh|1168\n|player|p2|Funylioon2|piers|1097\n|teamsize|p1|6\n|teamsize|p2|6\n|gen|9\n|tier|[Gen 9] Ubers\n|rated|\n|rule|Sleep Clause Mod: Limit one foe put to sleep\n|rule|Species Clause: Limit one of each Pok\u00e9mon\n|rule|OHKO Clause: OHKO moves are banned\n|rule|Evasion Items Clause: Evasion items are banned\n|rule|Evasion Moves Clause: Evasion moves are banned\n|rule|Endless Battle Clause: Forcing endless battles is banned\n|rule|HP Percentage Mod: HP is shown in percentages\n|clearpoke\n|poke|p1|Landorus-Therian, M|\n|poke|p1|Iron Bundle|\n|poke|p1|Giratina-Origin|\n|poke|p1|Zacian-*|\n|poke|p1|Arceus|\n|poke|p1|Miraidon|\n|poke|p2|Calyrex-Ice|\n|poke|p2|Koraidon|\n|poke|p2|Toxapex, F|\n|poke|p2|Ting-Lu|\n|poke|p2|Arceus|\n|poke|p2|Miraidon|\n|teampreview\n|inactive|Battle timer is ON: inactive players will automatically lose when time's up. (requested by Funylioon2)\n|\n|t:|1697732989\n|start\n|switch|p1a: Iron Bundle|Iron Bundle|100\/100\n|switch|p2a: Ting-Lu|Ting-Lu|100\/100\n|-ability|p2a: Ting-Lu|Vessel of Ruin\n|turn|1\n|\n|t:|1697733004\n|-end|p1a: Iron Bundle|Quark Drive|[silent]\n|switch|p1a: Landorus|Landorus-Therian, M|100\/100\n|-ability|p1a: Landorus|Intimidate|boost\n|-unboost|p2a: Ting-Lu|atk|1\n|move|p2a: Ting-Lu|Ruination|p1a: Landorus\n|-damage|p1a: Landorus|50\/100\n|\n|upkeep\n|turn|2\n|\n|t:|1697733015\n|move|p1a: Landorus|Earthquake|p2a: Ting-Lu\n|-damage|p2a: Ting-Lu|72\/100\n|move|p2a: Ting-Lu|Spikes|p1a: Landorus\n|-sidestart|p1: ZACIAN60|Spikes\n|\n|-heal|p2a: Ting-Lu|79\/100|[from] item: Leftovers\n|upkeep\n|turn|3\n|\n|t:|1697733024\n|move|p1a: Landorus|Swords Dance|p1a: Landorus\n|-boost|p1a: Landorus|atk|2\n|move|p2a: Ting-Lu|Spikes|p1a: Landorus\n|-sidestart|p1: ZACIAN60|Spikes\n|\n|-heal|p2a: Ting-Lu|85\/100|[from] item: Leftovers\n|upkeep\n|turn|4\n|\n|t:|1697733032\n|move|p1a: Landorus|Earthquake|p2a: Ting-Lu\n|-damage|p2a: Ting-Lu|33\/100\n|move|p2a: Ting-Lu|Whirlwind|p1a: Landorus\n|drag|p1a: Giratina|Giratina-Origin|100\/100\n|\n|-heal|p2a: Ting-Lu|40\/100|[from] item: Leftovers\n|upkeep\n|turn|5\n|\n|t:|1697733042\n|move|p1a: Giratina|Dragon Pulse|p2a: Ting-Lu\n|-damage|p2a: Ting-Lu|22\/100\n|move|p2a: Ting-Lu|Spikes|p1a: Giratina\n|-sidestart|p1: ZACIAN60|Spikes\n|\n|-heal|p2a: Ting-Lu|28\/100|[from] item: Leftovers\n|upkeep\n|turn|6\n|\n|t:|1697733063\n|switch|p2a: Calyrex|Calyrex-Ice|100\/100\n|-ability|p2a: Calyrex|As One\n|-ability|p2a: Calyrex|Unnerve\n|move|p1a: Giratina|Defog|p2a: Calyrex\n|-unboost|p2a: Calyrex|evasion|1\n|-sideend|p1: ZACIAN60|Spikes|[from] move: Defog|[of] p1a: Giratina\n|\n|upkeep\n|turn|7\n|inactive|ZACIAN60 has 120 seconds left.\n|inactive|Funylioon2 has 120 seconds left.\n|\n|t:|1697733096\n|switch|p1a: Arceus|Arceus|100\/100\n|move|p2a: Calyrex|Glacial Lance|p1a: Arceus\n|-damage|p1a: Arceus|47\/100\n|\n|-heal|p1a: Arceus|53\/100|[from] item: Leftovers\n|upkeep\n|turn|8\n|inactive|ZACIAN60 has 120 seconds left.\n|\n|t:|1697733110\n|move|p1a: Arceus|Flare Blitz|p2a: Calyrex\n|-supereffective|p2a: Calyrex\n|-damage|p2a: Calyrex|53\/100\n|-damage|p1a: Arceus|38\/100|[from] Recoil\n|move|p2a: Calyrex|Glacial Lance|p1a: Arceus\n|-damage|p1a: Arceus|0 fnt\n|faint|p1a: Arceus\n|-ability|p2a: Calyrex|Chilling Neigh|boost\n|-boost|p2a: Calyrex|atk|1\n|\n|upkeep\n|inactive|ZACIAN60 has 120 seconds left.\n|\n|t:|1697733119\n|switch|p1a: Landorus|Landorus-Therian, M|50\/100\n|-ability|p1a: Landorus|Intimidate|boost\n|-unboost|p2a: Calyrex|atk|1\n|turn|9\n|\n|t:|1697733128\n|move|p1a: Landorus|U-turn|p2a: Calyrex\n|-supereffective|p2a: Calyrex\n|-damage|p2a: Calyrex|27\/100\n|\n|t:|1697733136\n|switch|p1a: Zacian|Zacian-Crowned|100\/100|[from] U-turn\n|-ability|p1a: Zacian|Intrepid Sword|boost\n|-boost|p1a: Zacian|atk|1\n|move|p2a: Calyrex|Trick Room|p2a: Calyrex\n|-fieldstart|move: Trick Room|[of] p2a: Calyrex\n|\n|upkeep\n|turn|10\n|\n|t:|1697733146\n|move|p2a: Calyrex|High Horsepower|p1a: Zacian\n|-supereffective|p1a: Zacian\n|-damage|p1a: Zacian|36\/100\n|move|p1a: Zacian|Behemoth Blade|p2a: Calyrex\n|-supereffective|p2a: Calyrex\n|-damage|p2a: Calyrex|0 fnt\n|faint|p2a: Calyrex\n|\n|upkeep\n|\n|t:|1697733161\n|switch|p2a: Miraidon|Miraidon|100\/100\n|-fieldstart|move: Electric Terrain|[from] ability: Hadron Engine|[of] p2a: Miraidon\n|turn|11\n|\n|t:|1697733169\n|switch|p1a: Landorus|Landorus-Therian, M|50\/100\n|-ability|p1a: Landorus|Intimidate|boost\n|-unboost|p2a: Miraidon|atk|1\n|move|p2a: Miraidon|Parabolic Charge|p1a: Landorus\n|-immune|p1a: Landorus\n|\n|upkeep\n|turn|12\n|\n|t:|1697733181\n|switch|p2a: Arceus|Arceus|100\/100\n|move|p1a: Landorus|Earthquake|p2a: Arceus\n|-damage|p2a: Arceus|64\/100\n|\n|upkeep\n|turn|13\n|\n|t:|1697733193\n|switch|p1a: Giratina|Giratina-Origin|100\/100\n|move|p2a: Arceus|Swords Dance|p2a: Arceus\n|-boost|p2a: Arceus|atk|2\n|\n|-fieldend|move: Trick Room\n|upkeep\n|turn|14\n|\n|t:|1697733205\n|move|p2a: Arceus|Shadow Claw|p1a: Giratina\n|-supereffective|p1a: Giratina\n|-damage|p1a: Giratina|49\/100\n|move|p1a: Giratina|Will-O-Wisp|p2a: Arceus\n|-status|p2a: Arceus|brn\n|\n|-damage|p2a: Arceus|58\/100 brn|[from] brn\n|upkeep\n|turn|15\n|\n|t:|1697733215\n|move|p2a: Arceus|Shadow Claw|p1a: Giratina\n|-supereffective|p1a: Giratina\n|-damage|p1a: Giratina|20\/100\n|move|p1a: Giratina|Dragon Pulse|p2a: Arceus\n|-damage|p2a: Arceus|30\/100 brn\n|\n|-damage|p2a: Arceus|24\/100 brn|[from] brn\n|-fieldend|move: Electric Terrain\n|upkeep\n|turn|16\n|\n|t:|1697733224\n|switch|p1a: Landorus|Landorus-Therian, M|50\/100\n|-ability|p1a: Landorus|Intimidate|boost\n|-unboost|p2a: Arceus|atk|1\n|move|p2a: Arceus|Shadow Claw|p1a: Landorus\n|-damage|p1a: Landorus|33\/100\n|-damage|p2a: Arceus|8\/100 brn|[from] item: Rocky Helmet|[of] p1a: Landorus\n|\n|-damage|p2a: Arceus|2\/100 brn|[from] brn\n|upkeep\n|turn|17\n|\n|t:|1697733236\n|move|p2a: Arceus|Shadow Claw|p1a: Landorus\n|-damage|p1a: Landorus|15\/100\n|-damage|p2a: Arceus|0 fnt|[from] item: Rocky Helmet|[of] p1a: Landorus\n|faint|p2a: Arceus\n|move|p1a: Landorus|Stealth Rock|p2: Arceus\n|-sidestart|p2: Funylioon2|move: Stealth Rock\n|\n|upkeep\n|\n|t:|1697733248\n|switch|p2a: Koraidon|Koraidon|100\/100\n|-damage|p2a: Koraidon|94\/100|[from] Stealth Rock\n|-weather|SunnyDay|[from] ability: Orichalcum Pulse|[of] p2a: Koraidon\n|-activate|p2a: Koraidon|Orichalcum Pulse|[source]\n|turn|18\n|\n|t:|1697733255\n|switch|p1a: Zacian|Zacian-Crowned|36\/100\n|move|p2a: Koraidon|Flare Blitz|p1a: Zacian\n|-supereffective|p1a: Zacian\n|-damage|p1a: Zacian|0 fnt\n|faint|p1a: Zacian\n|-damage|p2a: Koraidon|81\/100|[from] Recoil\n|\n|-weather|SunnyDay|[upkeep]\n|upkeep\n|\n|t:|1697733263\n|switch|p1a: Iron Bundle|Iron Bundle|100\/100\n|turn|19\n|\n|t:|1697733277\n|-terastallize|p2a: Koraidon|Fire\n|-terastallize|p1a: Iron Bundle|Ground\n|move|p2a: Koraidon|Flare Blitz|p1a: Iron Bundle\n|-damage|p1a: Iron Bundle|0 fnt\n|faint|p1a: Iron Bundle\n|-end|p1a: Iron Bundle|Quark Drive|[silent]\n|-damage|p2a: Koraidon|52\/100|[from] Recoil\n|\n|-weather|SunnyDay|[upkeep]\n|upkeep\n|\n|t:|1697733285\n|switch|p1a: Miraidon|Miraidon|100\/100\n|-fieldstart|move: Electric Terrain|[from] ability: Hadron Engine|[of] p1a: Miraidon\n|turn|20\n|\n|t:|1697733291\n|switch|p2a: Ting-Lu|Ting-Lu|28\/100\n|-damage|p2a: Ting-Lu|22\/100|[from] Stealth Rock\n|-ability|p2a: Ting-Lu|Vessel of Ruin\n|move|p1a: Miraidon|Electro Drift|p2a: Ting-Lu\n|-immune|p2a: Ting-Lu\n|\n|-weather|SunnyDay|[upkeep]\n|-heal|p2a: Ting-Lu|28\/100|[from] item: Leftovers\n|upkeep\n|turn|21\n|\n|t:|1697733302\n|move|p1a: Miraidon|Dragon Pulse|p2a: Ting-Lu\n|-damage|p2a: Ting-Lu|8\/100\n|move|p2a: Ting-Lu|Earthquake|p1a: Miraidon\n|-supereffective|p1a: Miraidon\n|-damage|p1a: Miraidon|42\/100\n|\n|-weather|SunnyDay|[upkeep]\n|-heal|p1a: Miraidon|48\/100|[from] item: Leftovers\n|-heal|p2a: Ting-Lu|15\/100|[from] item: Leftovers\n|upkeep\n|turn|22\n|\n|t:|1697733312\n|move|p1a: Miraidon|Dragon Pulse|p2a: Ting-Lu\n|-damage|p2a: Ting-Lu|0 fnt\n|faint|p2a: Ting-Lu\n|\n|-weather|none\n|-heal|p1a: Miraidon|54\/100|[from] item: Leftovers\n|upkeep\n|\n|t:|1697733314\n|switch|p2a: Koraidon|Koraidon, tera:Fire|52\/100\n|-damage|p2a: Koraidon|27\/100|[from] Stealth Rock\n|-weather|SunnyDay|[from] ability: Orichalcum Pulse|[of] p2a: Koraidon\n|-activate|p2a: Koraidon|Orichalcum Pulse|[source]\n|turn|23\n|\n|t:|1697733323\n|move|p2a: Koraidon|Dragon Claw|p1a: Miraidon\n|-supereffective|p1a: Miraidon\n|-damage|p1a: Miraidon|0 fnt\n|faint|p1a: Miraidon\n|\n|-weather|SunnyDay|[upkeep]\n|upkeep\n|\n|t:|1697733329\n|switch|p1a: Landorus|Landorus-Therian, M|15\/100\n|-ability|p1a: Landorus|Intimidate|boost\n|-unboost|p2a: Koraidon|atk|1\n|turn|24\n|\n|t:|1697733334\n|move|p2a: Koraidon|Dragon Claw|p1a: Landorus\n|-damage|p1a: Landorus|0 fnt\n|-damage|p2a: Koraidon|11\/100|[from] item: Rocky Helmet|[of] p1a: Landorus\n|faint|p1a: Landorus\n|\n|-weather|SunnyDay|[upkeep]\n|-fieldend|move: Electric Terrain\n|upkeep\n|\n|t:|1697733341\n|switch|p1a: Giratina|Giratina-Origin|20\/100\n|turn|25\n|c|\u2606Funylioon2|gg\n|\n|t:|1697733355\n|move|p2a: Koraidon|Dragon Claw|p1a: Giratina\n|-supereffective|p1a: Giratina\n|-damage|p1a: Giratina|0 fnt\n|faint|p1a: Giratina\n|\n|win|Funylioon2\n|raw|ZACIAN60's rating: 1168 &rarr; <strong>1138<\/strong><br \/>(-30 for losing)\n|raw|Funylioon2's rating: 1097 &rarr; <strong>1128<\/strong><br \/>(+31 for winning)\n|l|\u2606ZACIAN60\n","uploadtime":1697733371,"views":8,"p1id":"zacian60","p2id":"funylioon2","formatid":"gen9ubers","rating":1128,"private":0,"password":""}