{"id":"gen9ubers-1971305726","p1":"uvah","p2":"Anne Frankkkk","format":"[Gen 9] Ubers","log":"|j|\u2606uvah\n|j|\u2606Anne Frankkkk\n|t:|1697728146\n|gametype|singles\n|player|p1|uvah|169|1182\n|player|p2|Anne Frankkkk|hilbert|1088\n|teamsize|p1|6\n|teamsize|p2|6\n|gen|9\n|tier|[Gen 9] Ubers\n|rated|\n|rule|Sleep Clause Mod: Limit one foe put to sleep\n|rule|Species Clause: Limit one of each Pok\u00e9mon\n|rule|OHKO Clause: OHKO moves are banned\n|rule|Evasion Items Clause: Evasion items are banned\n|rule|Evasion Moves Clause: Evasion moves are banned\n|rule|Endless Battle Clause: Forcing endless battles is banned\n|rule|HP Percentage Mod: HP is shown in percentages\n|clearpoke\n|poke|p1|Gliscor, F|\n|poke|p1|Zoroark-Hisui, M|\n|poke|p1|Milotic, F|\n|poke|p1|Annihilape, F|\n|poke|p1|Regidrago|\n|poke|p1|Cinderace, F|\n|poke|p2|Quaquaval, M|\n|poke|p2|Kyogre|\n|poke|p2|Chien-Pao|\n|poke|p2|Donphan, F|\n|poke|p2|Miraidon|\n|poke|p2|Iron Moth|\n|teampreview\n|inactive|Battle timer is ON: inactive players will automatically lose when time's up. (requested by Anne Frankkkk)\n|\n|t:|1697728157\n|start\n|switch|p1a: Gliscor|Gliscor, F|100\/100\n|switch|p2a: Kyogre|Kyogre|100\/100\n|-weather|RainDance|[from] ability: Drizzle|[of] p2a: Kyogre\n|turn|1\n|\n|t:|1697728165\n|move|p1a: Gliscor|Protect|p1a: Gliscor\n|-singleturn|p1a: Gliscor|Protect\n|move|p2a: Kyogre|Water Spout|p1a: Gliscor\n|-activate|p1a: Gliscor|move: Protect\n|\n|-weather|RainDance|[upkeep]\n|-status|p1a: Gliscor|tox|[from] item: Toxic Orb\n|upkeep\n|turn|2\n|\n|t:|1697728175\n|switch|p1a: Milotic|Milotic, F|100\/100\n|move|p2a: Kyogre|Water Spout|p1a: Milotic\n|-resisted|p1a: Milotic\n|-damage|p1a: Milotic|65\/100\n|\n|-weather|RainDance|[upkeep]\n|-heal|p1a: Milotic|71\/100|[from] item: Leftovers\n|upkeep\n|turn|3\n|\n|t:|1697728191\n|switch|p2a: Miraidon|Miraidon|100\/100\n|-fieldstart|move: Electric Terrain|[from] ability: Hadron Engine|[of] p2a: Miraidon\n|move|p1a: Milotic|Recover|p1a: Milotic\n|-heal|p1a: Milotic|100\/100\n|\n|-weather|RainDance|[upkeep]\n|upkeep\n|turn|4\n|\n|t:|1697728198\n|switch|p1a: Gliscor|Gliscor, F|100\/100 tox\n|move|p2a: Miraidon|Calm Mind|p2a: Miraidon\n|-boost|p2a: Miraidon|spa|1\n|-boost|p2a: Miraidon|spd|1\n|\n|-weather|RainDance|[upkeep]\n|upkeep\n|turn|5\n|\n|t:|1697728209\n|move|p2a: Miraidon|Dragon Pulse|p1a: Gliscor\n|-damage|p1a: Gliscor|0 fnt\n|faint|p1a: Gliscor\n|\n|-weather|none\n|upkeep\n|\n|t:|1697728225\n|switch|p1a: Regidrago|Regidrago|100\/100\n|turn|6\n|\n|t:|1697728232\n|-terastallize|p1a: Regidrago|Dragon\n|move|p1a: Regidrago|Dragon Energy|p2a: Miraidon\n|-supereffective|p2a: Miraidon\n|-damage|p2a: Miraidon|0 fnt\n|faint|p2a: Miraidon\n|\n|upkeep\n|\n|t:|1697728245\n|switch|p2a: Kyogre|Kyogre|100\/100\n|-weather|RainDance|[from] ability: Drizzle|[of] p2a: Kyogre\n|turn|7\n|\n|t:|1697728256\n|switch|p1a: Milotic|Milotic, F|100\/100\n|move|p2a: Kyogre|Ice Beam|p1a: Milotic\n|-resisted|p1a: Milotic\n|-damage|p1a: Milotic|91\/100\n|\n|-weather|RainDance|[upkeep]\n|-heal|p1a: Milotic|97\/100|[from] item: Leftovers\n|-fieldend|move: Electric Terrain\n|upkeep\n|turn|8\n|\n|t:|1697728264\n|switch|p2a: Quaquaval|Quaquaval, M, shiny|100\/100\n|move|p1a: Milotic|Dragon Tail|p2a: Quaquaval\n|-damage|p2a: Quaquaval|90\/100\n|drag|p2a: Chien-Pao|Chien-Pao|100\/100\n|-ability|p2a: Chien-Pao|Sword of Ruin\n|\n|-weather|RainDance|[upkeep]\n|-heal|p1a: Milotic|100\/100|[from] item: Leftovers\n|upkeep\n|turn|9\n|\n|t:|1697728275\n|move|p2a: Chien-Pao|Crunch|p1a: Milotic\n|-damage|p1a: Milotic|27\/100\n|-damage|p2a: Chien-Pao|91\/100|[from] item: Life Orb\n|move|p1a: Milotic|Scald|p2a: Chien-Pao\n|-damage|p2a: Chien-Pao|20\/100\n|\n|-weather|RainDance|[upkeep]\n|-heal|p1a: Milotic|33\/100|[from] item: Leftovers\n|upkeep\n|turn|10\n|inactive|uvah has 120 seconds left.\n|\n|t:|1697728320\n|move|p2a: Chien-Pao|Crunch|p1a: Milotic\n|-damage|p1a: Milotic|0 fnt\n|faint|p1a: Milotic\n|-damage|p2a: Chien-Pao|10\/100|[from] item: Life Orb\n|\n|-weather|RainDance|[upkeep]\n|upkeep\n|\n|t:|1697728339\n|switch|p1a: Regidrago|Regidrago, tera:Dragon|100\/100\n|turn|11\n|\n|t:|1697728345\n|move|p2a: Chien-Pao|Ice Shard|p1a: Regidrago\n|-supereffective|p1a: Regidrago\n|-damage|p1a: Regidrago|30\/100\n|-damage|p2a: Chien-Pao|0 fnt|[from] item: Life Orb\n|faint|p2a: Chien-Pao\n|move|p1a: Regidrago|Dragon Energy|p2: Chien-Pao|[notarget]\n|-fail|p1a: Regidrago\n|\n|-weather|none\n|upkeep\n|\n|t:|1697728355\n|switch|p2a: Quaquaval|Quaquaval, M, shiny|90\/100\n|turn|12\n|inactive|uvah has 120 seconds left.\n|\n|t:|1697728364\n|switch|p1a: Annihilape|Annihilape, F|100\/100\n|move|p2a: Quaquaval|Aqua Step|p1a: Annihilape\n|-damage|p1a: Annihilape|57\/100\n|-boost|p2a: Quaquaval|spe|1\n|\n|-heal|p2a: Quaquaval|96\/100|[from] item: Leftovers\n|-heal|p1a: Annihilape|63\/100|[from] item: Leftovers\n|upkeep\n|turn|13\n|inactive|uvah has 120 seconds left.\n|\n|t:|1697728378\n|move|p2a: Quaquaval|Aqua Step|p1a: Annihilape\n|-crit|p1a: Annihilape\n|-damage|p1a: Annihilape|0 fnt\n|-boost|p2a: Quaquaval|spe|1\n|faint|p1a: Annihilape\n|-ability|p2a: Quaquaval|Moxie|boost\n|-boost|p2a: Quaquaval|atk|1\n|\n|-heal|p2a: Quaquaval|100\/100|[from] item: Leftovers\n|upkeep\n|inactive|uvah has 120 seconds left.\n|\n|t:|1697728387\n|switch|p1a: Cinderace|Cinderace, F|100\/100\n|turn|14\n|\n|t:|1697728393\n|move|p2a: Quaquaval|Aqua Step|p1a: Cinderace\n|-damage|p1a: Cinderace|0 fnt\n|-boost|p2a: Quaquaval|spe|1\n|replace|p1a: Zoroark|Zoroark-Hisui, M\n|-end|p1a: Zoroark|Illusion\n|faint|p1a: Zoroark\n|-ability|p2a: Quaquaval|Moxie|boost\n|-boost|p2a: Quaquaval|atk|1\n|\n|upkeep\n|-message|uvah forfeited.\n|\n|win|Anne Frankkkk\n|raw|uvah's rating: 1182 &rarr; <strong>1150<\/strong><br \/>(-32 for losing)\n|raw|Anne Frankkkk's rating: 1088 &rarr; <strong>1122<\/strong><br \/>(+34 for winning)\n|l|\u2606uvah\n","uploadtime":1697728402,"views":8,"p1id":"uvah","p2id":"annefrankkkk","formatid":"gen9ubers","rating":1122,"private":0,"password":""}