{"id":"gen9ubers-1988378094","p1":"Anne Frankkkk","p2":"Lord kumon","format":"[Gen 9] Ubers","log":"|j|\u2606Anne Frankkkk\n|j|\u2606Lord kumon\n|t:|1699716078\n|gametype|singles\n|player|p1|Anne Frankkkk|hilbert|1106\n|player|p2|Lord kumon|170|1000\n|teamsize|p1|6\n|teamsize|p2|6\n|gen|9\n|tier|[Gen 9] Ubers\n|rated|\n|rule|Sleep Clause Mod: Limit one foe put to sleep\n|rule|Species Clause: Limit one of each Pok\u00e9mon\n|rule|OHKO Clause: OHKO moves are banned\n|rule|Evasion Items Clause: Evasion items are banned\n|rule|Evasion Moves Clause: Evasion moves are banned\n|rule|Endless Battle Clause: Forcing endless battles is banned\n|rule|HP Percentage Mod: HP is shown in percentages\n|clearpoke\n|poke|p1|Iron Hands|\n|poke|p1|Kyogre|\n|poke|p1|Chien-Pao|\n|poke|p1|Ribombee, F|\n|poke|p1|Miraidon|\n|poke|p1|Flutter Mane|\n|poke|p2|Ampharos, F|\n|poke|p2|Arboliva, M|\n|poke|p2|Gallade, M|\n|poke|p2|Talonflame, F|\n|poke|p2|Quaquaval, F|\n|poke|p2|Dragapult, M|\n|teampreview\n|inactive|Battle timer is ON: inactive players will automatically lose when time's up. (requested by Lord kumon)\n|\n|t:|1699716086\n|start\n|switch|p1a: Moonblast|Ribombee, F, shiny|100\/100\n|switch|p2a: Amparo|Ampharos, F|100\/100\n|turn|1\n|\n|t:|1699716094\n|move|p1a: Moonblast|Sticky Web|p2a: Amparo\n|-sidestart|p2: Lord kumon|move: Sticky Web\n|move|p2a: Amparo|Light Screen|p2a: Amparo\n|-sidestart|p2: Lord kumon|move: Light Screen\n|\n|upkeep\n|turn|2\n|\n|t:|1699716108\n|move|p1a: Moonblast|Moonblast|p2a: Amparo\n|-damage|p2a: Amparo|81\/100\n|move|p2a: Amparo|Light Screen||[still]\n|-fail|p2a: Amparo\n|\n|upkeep\n|turn|3\n|\n|t:|1699716114\n|move|p1a: Moonblast|Moonblast|p2a: Amparo\n|-damage|p2a: Amparo|62\/100\n|move|p2a: Amparo|Thunder|p1a: Moonblast\n|-enditem|p1a: Moonblast|Focus Sash\n|-damage|p1a: Moonblast|1\/100\n|\n|upkeep\n|turn|4\n|\n|t:|1699716123\n|move|p1a: Moonblast|Moonblast|p2a: Amparo\n|-damage|p2a: Amparo|45\/100\n|move|p2a: Amparo|Dazzling Gleam|p1a: Moonblast\n|-damage|p1a: Moonblast|0 fnt\n|faint|p1a: Moonblast\n|\n|upkeep\n|\n|t:|1699716126\n|switch|p1a: Big Boy|Iron Hands, shiny|100\/100\n|turn|5\n|\n|t:|1699716133\n|move|p2a: Amparo|Dazzling Gleam|p1a: Big Boy\n|-supereffective|p1a: Big Boy\n|-damage|p1a: Big Boy|67\/100\n|move|p1a: Big Boy|Brick Break|p2a: Amparo\n|-sideend|p2: Lord kumon|move: Light Screen\n|-damage|p2a: Amparo|2\/100\n|\n|upkeep\n|turn|6\n|\n|t:|1699716140\n|move|p2a: Amparo|Dazzling Gleam|p1a: Big Boy\n|-supereffective|p1a: Big Boy\n|-damage|p1a: Big Boy|37\/100\n|move|p1a: Big Boy|Brick Break|p2a: Amparo\n|-damage|p2a: Amparo|0 fnt\n|faint|p2a: Amparo\n|\n|upkeep\n|\n|t:|1699716148\n|switch|p2a: Ariel|Quaquaval, F|100\/100\n|-activate|p2a: Ariel|move: Sticky Web\n|-unboost|p2a: Ariel|spe|1\n|turn|7\n|\n|t:|1699716157\n|-end|p1a: Big Boy|Quark Drive|[silent]\n|switch|p1a: Misdreavius|Flutter Mane, shiny|100\/100\n|-enditem|p1a: Misdreavius|Booster Energy\n|-activate|p1a: Misdreavius|ability: Protosynthesis|[fromitem]\n|-start|p1a: Misdreavius|protosynthesisspe\n|move|p2a: Ariel|Ice Spinner|p1a: Misdreavius\n|-damage|p1a: Misdreavius|40\/100\n|\n|upkeep\n|turn|8\n|\n|t:|1699716170\n|switch|p2a: Virgen extra|Arboliva, M|100\/100\n|-activate|p2a: Virgen extra|move: Sticky Web\n|-unboost|p2a: Virgen extra|spe|1\n|move|p1a: Misdreavius|Moonblast|p2a: Virgen extra\n|-damage|p2a: Virgen extra|59\/100\n|-unboost|p2a: Virgen extra|spa|1\n|-fieldstart|move: Grassy Terrain|[from] ability: Seed Sower|[of] p2a: Virgen extra\n|\n|-heal|p1a: Misdreavius|46\/100|[from] Grassy Terrain\n|-heal|p2a: Virgen extra|65\/100|[from] Grassy Terrain\n|-heal|p2a: Virgen extra|71\/100|[from] item: Leftovers\n|upkeep\n|turn|9\n|\n|t:|1699716184\n|move|p1a: Misdreavius|Calm Mind|p1a: Misdreavius\n|-boost|p1a: Misdreavius|spa|1\n|-boost|p1a: Misdreavius|spd|1\n|move|p2a: Virgen extra|Leech Seed|p1a: Misdreavius\n|-start|p1a: Misdreavius|move: Leech Seed\n|\n|-heal|p1a: Misdreavius|51\/100|[from] Grassy Terrain\n|-heal|p2a: Virgen extra|77\/100|[from] Grassy Terrain\n|-heal|p2a: Virgen extra|83\/100|[from] item: Leftovers\n|-damage|p1a: Misdreavius|39\/100|[from] Leech Seed|[of] p2a: Virgen extra\n|-heal|p2a: Virgen extra|93\/100|[silent]\n|upkeep\n|turn|10\n|\n|t:|1699716200\n|move|p1a: Misdreavius|Calm Mind|p1a: Misdreavius\n|-boost|p1a: Misdreavius|spa|1\n|-boost|p1a: Misdreavius|spd|1\n|move|p2a: Virgen extra|Giga Drain|p1a: Misdreavius\n|-damage|p1a: Misdreavius|21\/100\n|-heal|p2a: Virgen extra|100\/100|[from] drain|[of] p1a: Misdreavius\n|\n|-heal|p1a: Misdreavius|27\/100|[from] Grassy Terrain\n|-damage|p1a: Misdreavius|14\/100|[from] Leech Seed|[of] p2a: Virgen extra\n|upkeep\n|turn|11\n|\n|t:|1699716212\n|move|p1a: Misdreavius|Moonblast|p2a: Virgen extra\n|-damage|p2a: Virgen extra|17\/100\n|move|p2a: Virgen extra|Giga Drain|p1a: Misdreavius\n|-damage|p1a: Misdreavius|0 fnt\n|-heal|p2a: Virgen extra|23\/100|[from] drain|[of] p1a: Misdreavius\n|faint|p1a: Misdreavius\n|-end|p1a: Misdreavius|Protosynthesis|[silent]\n|\n|-heal|p2a: Virgen extra|29\/100|[from] Grassy Terrain\n|-heal|p2a: Virgen extra|35\/100|[from] item: Leftovers\n|upkeep\n|\n|t:|1699716223\n|switch|p1a: Ice Cat|Chien-Pao|100\/100\n|-ability|p1a: Ice Cat|Sword of Ruin\n|turn|12\n|\n|t:|1699716232\n|move|p1a: Ice Cat|Swords Dance|p1a: Ice Cat\n|-boost|p1a: Ice Cat|atk|2\n|move|p2a: Virgen extra|Substitute|p2a: Virgen extra\n|-start|p2a: Virgen extra|Substitute\n|-damage|p2a: Virgen extra|10\/100\n|\n|-heal|p2a: Virgen extra|17\/100|[from] Grassy Terrain\n|-heal|p2a: Virgen extra|23\/100|[from] item: Leftovers\n|-fieldend|move: Grassy Terrain\n|upkeep\n|turn|13\n|\n|t:|1699716243\n|move|p1a: Ice Cat|Ice Spinner|p2a: Virgen extra\n|-supereffective|p2a: Virgen extra\n|-end|p2a: Virgen extra|Substitute\n|move|p2a: Virgen extra|Leech Seed|p1a: Ice Cat\n|-start|p1a: Ice Cat|move: Leech Seed\n|\n|-heal|p2a: Virgen extra|29\/100|[from] item: Leftovers\n|-damage|p1a: Ice Cat|88\/100|[from] Leech Seed|[of] p2a: Virgen extra\n|-heal|p2a: Virgen extra|41\/100|[silent]\n|upkeep\n|turn|14\n|\n|t:|1699716254\n|move|p1a: Ice Cat|Ice Spinner|p2a: Virgen extra\n|-supereffective|p2a: Virgen extra\n|-crit|p2a: Virgen extra\n|-damage|p2a: Virgen extra|0 fnt\n|-fieldstart|move: Grassy Terrain|[from] ability: Seed Sower|[of] p2a: Virgen extra\n|-fieldend|move: Grassy Terrain\n|faint|p2a: Virgen extra\n|\n|upkeep\n|\n|t:|1699716275\n|switch|p2a: Soren|Gallade, M|100\/100\n|-activate|p2a: Soren|move: Sticky Web\n|-unboost|p2a: Soren|spe|1\n|turn|15\n|\n|t:|1699716281\n|-terastallize|p1a: Ice Cat|Dark\n|move|p1a: Ice Cat|Sucker Punch|p2a: Soren\n|-damage|p2a: Soren|0 fnt\n|faint|p2a: Soren\n|\n|upkeep\n|\n|t:|1699716291\n|switch|p2a: Ariel|Quaquaval, F|100\/100\n|-activate|p2a: Ariel|move: Sticky Web\n|-unboost|p2a: Ariel|spe|1\n|turn|16\n|\n|t:|1699716303\n|move|p1a: Ice Cat|Sucker Punch|p2a: Ariel\n|-resisted|p2a: Ariel\n|-damage|p2a: Ariel|16\/100\n|move|p2a: Ariel|Close Combat|p1a: Ice Cat\n|-supereffective|p1a: Ice Cat\n|-damage|p1a: Ice Cat|0 fnt\n|-unboost|p2a: Ariel|def|1\n|-unboost|p2a: Ariel|spd|1\n|faint|p1a: Ice Cat\n|-ability|p2a: Ariel|Moxie|boost\n|-boost|p2a: Ariel|atk|1\n|\n|upkeep\n|-message|Lord kumon forfeited.\n|\n|win|Anne Frankkkk\n|raw|Anne Frankkkk's rating: 1106 &rarr; <strong>1124<\/strong><br \/>(+18 for winning)\n|raw|Lord kumon's rating: 1000 &rarr; <strong>1000<\/strong><br \/>(+0 for losing)\n|l|\u2606Lord kumon\n","uploadtime":1699716317,"views":5,"p1id":"annefrankkkk","p2id":"lordkumon","formatid":"gen9ubers","rating":1000,"private":0,"password":""}