{"id":"gen9ubers-1984732709","p1":"chrechx3","p2":"Hultygo","format":"[Gen 9] Ubers","log":"|j|\u2606chrechx3\n|j|\u2606Hultygo\n|t:|1699294564\n|gametype|singles\n|player|p1|chrechx3|169|1123\n|player|p2|Hultygo|clown|1123\n|teamsize|p1|6\n|teamsize|p2|6\n|gen|9\n|tier|[Gen 9] Ubers\n|rated|\n|rule|Sleep Clause Mod: Limit one foe put to sleep\n|rule|Species Clause: Limit one of each Pok\u00e9mon\n|rule|OHKO Clause: OHKO moves are banned\n|rule|Evasion Items Clause: Evasion items are banned\n|rule|Evasion Moves Clause: Evasion moves are banned\n|rule|Endless Battle Clause: Forcing endless battles is banned\n|rule|HP Percentage Mod: HP is shown in percentages\n|clearpoke\n|poke|p1|Starly, L1, M|\n|poke|p1|Arceus|\n|poke|p1|Glimmora, F|\n|poke|p1|Ursaluna-Bloodmoon, M|\n|poke|p1|Walking Wake|\n|poke|p1|Koraidon|\n|poke|p2|Brambleghast, F|\n|poke|p2|Spectrier|\n|poke|p2|Flutter Mane|\n|poke|p2|Dragapult, M|\n|poke|p2|Gengar, F|\n|poke|p2|Ceruledge, F|\n|teampreview\n|\n|t:|1699294575\n|start\n|switch|p1a: Starly|Starly, L1, M|100\/100\n|switch|p2a: Feuille morte|Brambleghast, F|100\/100\n|turn|1\n|\n|t:|1699294582\n|move|p2a: Feuille morte|Spikes|p1a: Starly\n|-sidestart|p1: chrechx3|Spikes\n|move|p1a: Starly|Tailwind|p1a: Starly\n|-sidestart|p1: chrechx3|move: Tailwind\n|\n|upkeep\n|turn|2\n|\n|t:|1699294591\n|move|p2a: Feuille morte|Power Whip|p1a: Starly\n|-resisted|p1a: Starly\n|-enditem|p1a: Starly|Focus Sash\n|-damage|p1a: Starly|9\/100\n|move|p1a: Starly|Whirlwind|p2a: Feuille morte\n|-ability|p2a: Feuille morte|Wind Rider|boost\n|-boost|p2a: Feuille morte|atk|1\n|\n|upkeep\n|turn|3\n|\n|t:|1699294606\n|move|p2a: Feuille morte|Rapid Spin|p1a: Starly\n|-damage|p1a: Starly|0 fnt\n|-boost|p2a: Feuille morte|spe|1\n|faint|p1a: Starly\n|\n|upkeep\n|\n|t:|1699294610\n|switch|p1a: Glimmora|Glimmora, F|100\/100\n|-damage|p1a: Glimmora|88\/100|[from] Spikes\n|turn|4\n|\n|t:|1699294614\n|move|p1a: Glimmora|Mortal Spin|p2a: Feuille morte\n|-damage|p2a: Feuille morte|93\/100\n|-status|p2a: Feuille morte|psn\n|-sideend|p1: chrechx3|Spikes|[from] move: Mortal Spin|[of] p1a: Glimmora\n|move|p2a: Feuille morte|Rapid Spin|p1a: Glimmora\n|-resisted|p1a: Glimmora\n|-damage|p1a: Glimmora|75\/100\n|-boost|p2a: Feuille morte|spe|1\n|-activate|p1a: Glimmora|ability: Toxic Debris\n|-sidestart|p2: Hultygo|move: Toxic Spikes\n|-sideend|p2: Hultygo|Toxic Spikes|[from] move: Rapid Spin|[of] p2a: Feuille morte\n|\n|-damage|p2a: Feuille morte|80\/100 psn|[from] psn\n|-sideend|p1: chrechx3|move: Tailwind\n|upkeep\n|turn|5\n|\n|t:|1699294626\n|move|p2a: Feuille morte|Power Whip|p1a: Glimmora\n|-damage|p1a: Glimmora|0 fnt\n|-activate|p1a: Glimmora|ability: Toxic Debris\n|-sidestart|p2: Hultygo|move: Toxic Spikes\n|faint|p1a: Glimmora\n|\n|-damage|p2a: Feuille morte|68\/100 psn|[from] psn\n|upkeep\n|inactive|Battle timer is ON: inactive players will automatically lose when time's up. (requested by Hultygo)\n|\n|t:|1699294642\n|switch|p1a: Koraidon|Koraidon|100\/100\n|-weather|SunnyDay|[from] ability: Orichalcum Pulse|[of] p1a: Koraidon\n|-activate|p1a: Koraidon|Orichalcum Pulse|[source]\n|turn|6\n|\n|t:|1699294650\n|move|p1a: Koraidon|U-turn|p2a: Feuille morte\n|-damage|p2a: Feuille morte|30\/100 psn\n|\n|t:|1699294669\n|switch|p1a: Arceus|Arceus|100\/100|[from] U-turn\n|move|p2a: Feuille morte|Strength Sap|p1a: Arceus\n|-unboost|p1a: Arceus|atk|1\n|-heal|p2a: Feuille morte|100\/100 psn\n|\n|-weather|SunnyDay|[upkeep]\n|-damage|p2a: Feuille morte|88\/100 psn|[from] psn\n|upkeep\n|turn|7\n|\n|t:|1699294681\n|move|p2a: Feuille morte|Power Whip|p1a: Arceus\n|-damage|p1a: Arceus|45\/100\n|move|p1a: Arceus|Swords Dance|p1a: Arceus\n|-boost|p1a: Arceus|atk|2\n|\n|-weather|SunnyDay|[upkeep]\n|-damage|p2a: Feuille morte|76\/100 psn|[from] psn\n|upkeep\n|turn|8\n|-message|chrechx3 forfeited.\n|\n|win|Hultygo\n|raw|chrechx3's rating: 1123 &rarr; <strong>1098<\/strong><br \/>(-25 for losing)\n|raw|Hultygo's rating: 1123 &rarr; <strong>1148<\/strong><br \/>(+25 for winning)\n|l|\u2606chrechx3\n","uploadtime":1699294693,"views":19,"p1id":"chrechx3","p2id":"hultygo","formatid":"gen9ubers","rating":1098,"private":0,"password":""}