{"id":"gen9ubers-1978477999","p1":"DaFrisko","p2":"JaxxUwwU","format":"[Gen 9] Ubers","log":"|j|\u2606DaFrisko\n|j|\u2606JaxxUwwU\n|t:|1698544119\n|gametype|singles\n|player|p1|DaFrisko|waitress-gen4|\n|player|p2|JaxxUwwU|265|\n|teamsize|p1|6\n|teamsize|p2|6\n|gen|9\n|tier|[Gen 9] Ubers\n|rule|Sleep Clause Mod: Limit one foe put to sleep\n|rule|Species Clause: Limit one of each Pok\u00e9mon\n|rule|OHKO Clause: OHKO moves are banned\n|rule|Evasion Items Clause: Evasion items are banned\n|rule|Evasion Moves Clause: Evasion moves are banned\n|rule|Endless Battle Clause: Forcing endless battles is banned\n|rule|HP Percentage Mod: HP is shown in percentages\n|clearpoke\n|poke|p1|Iron Treads|\n|poke|p1|Enamorus, F|\n|poke|p1|Weavile, F|\n|poke|p1|Tornadus-Therian, M|\n|poke|p1|Okidogi, M|\n|poke|p1|Crocalor, M|\n|poke|p2|Ninetales-Alola, M|\n|poke|p2|Roaring Moon|\n|poke|p2|Dondozo, F|\n|poke|p2|Manaphy|\n|poke|p2|Glimmora, F|\n|poke|p2|Infernape, M|\n|teampreview\n|\n|t:|1698544162\n|start\n|switch|p1a: Iron Treads|Iron Treads|100\/100\n|switch|p2a: Ninetales|Ninetales-Alola, M|100\/100\n|-weather|Snow|[from] ability: Snow Warning|[of] p2a: Ninetales\n|-enditem|p1a: Iron Treads|Booster Energy\n|-activate|p1a: Iron Treads|ability: Quark Drive|[fromitem]\n|-start|p1a: Iron Treads|quarkdrivespe\n|turn|1\n|\n|t:|1698544181\n|switch|p2a: Dondozo|Dondozo, F|100\/100\n|move|p1a: Iron Treads|Stealth Rock|p2a: Dondozo\n|-sidestart|p2: JaxxUwwU|move: Stealth Rock\n|\n|-weather|Snow|[upkeep]\n|upkeep\n|turn|2\n|\n|t:|1698544258\n|move|p1a: Iron Treads|Earthquake|p2a: Dondozo\n|-damage|p2a: Dondozo|71\/100\n|move|p2a: Dondozo|Wave Crash|p1a: Iron Treads\n|-supereffective|p1a: Iron Treads\n|-damage|p1a: Iron Treads|31\/100\n|-damage|p2a: Dondozo|57\/100|[from] Recoil\n|\n|-weather|Snow|[upkeep]\n|-heal|p2a: Dondozo|63\/100|[from] item: Leftovers\n|upkeep\n|turn|3\n|\n|t:|1698544271\n|move|p1a: Iron Treads|Earthquake|p2a: Dondozo\n|-damage|p2a: Dondozo|34\/100\n|move|p2a: Dondozo|Wave Crash|p1a: Iron Treads\n|-supereffective|p1a: Iron Treads\n|-damage|p1a: Iron Treads|0 fnt\n|faint|p1a: Iron Treads\n|-end|p1a: Iron Treads|Quark Drive|[silent]\n|-damage|p2a: Dondozo|27\/100|[from] Recoil\n|\n|-weather|Snow|[upkeep]\n|-heal|p2a: Dondozo|33\/100|[from] item: Leftovers\n|upkeep\n|\n|t:|1698544309\n|switch|p1a: Tornadus|Tornadus-Therian, M|100\/100\n|turn|4\n|\n|t:|1698544326\n|move|p1a: Tornadus|Tailwind|p1a: Tornadus\n|-sidestart|p1: DaFrisko|move: Tailwind\n|move|p2a: Dondozo|Yawn|p1a: Tornadus\n|-start|p1a: Tornadus|move: Yawn|[of] p2a: Dondozo\n|\n|-weather|Snow|[upkeep]\n|-heal|p2a: Dondozo|40\/100|[from] item: Leftovers\n|upkeep\n|turn|5\n|\n|t:|1698544332\n|switch|p2a: Glimmora|Glimmora, F|100\/100\n|-damage|p2a: Glimmora|88\/100|[from] Stealth Rock\n|move|p1a: Tornadus|U-turn|p2a: Glimmora\n|-resisted|p2a: Glimmora\n|-damage|p2a: Glimmora|80\/100\n|-activate|p2a: Glimmora|ability: Toxic Debris\n|-sidestart|p1: DaFrisko|move: Toxic Spikes\n|\n|t:|1698544343\n|switch|p1a: Enamorus|Enamorus, F|100\/100|[from] U-turn\n|\n|-weather|none\n|upkeep\n|turn|6\n|\n|t:|1698544375\n|switch|p2a: Dondozo|Dondozo, F|40\/100\n|-damage|p2a: Dondozo|27\/100|[from] Stealth Rock\n|move|p1a: Enamorus|Earth Power|p2a: Dondozo\n|-damage|p2a: Dondozo|0 fnt\n|faint|p2a: Dondozo\n|\n|upkeep\n|\n|t:|1698544401\n|switch|p2a: Ninetales|Ninetales-Alola, M|100\/100\n|-damage|p2a: Ninetales|76\/100|[from] Stealth Rock\n|-weather|Snow|[from] ability: Snow Warning|[of] p2a: Ninetales\n|turn|7\n|\n|t:|1698544409\n|move|p1a: Enamorus|Earth Power|p2a: Ninetales\n|-damage|p2a: Ninetales|30\/100\n|move|p2a: Ninetales|Aurora Veil|p2a: Ninetales\n|-sidestart|p2: JaxxUwwU|move: Aurora Veil\n|\n|-weather|Snow|[upkeep]\n|-sideend|p1: DaFrisko|move: Tailwind\n|upkeep\n|turn|8\n|\n|t:|1698544439\n|switch|p1a: Okidogi|Okidogi, M|100\/100\n|-sideend|p1: DaFrisko|move: Toxic Spikes|[of] p1a: Okidogi\n|move|p2a: Ninetales|Blizzard|p1a: Okidogi\n|-damage|p1a: Okidogi|61\/100\n|\n|-weather|Snow|[upkeep]\n|upkeep\n|turn|9\n|\n|t:|1698544447\n|move|p2a: Ninetales|Extrasensory|p1a: Okidogi\n|-supereffective|p1a: Okidogi\n|-damage|p1a: Okidogi|0 fnt\n|faint|p1a: Okidogi\n|\n|-weather|Snow|[upkeep]\n|upkeep\n|\n|t:|1698544501\n|switch|p1a: Weavile|Weavile, F|100\/100\n|turn|10\n|\n|t:|1698544510\n|move|p1a: Weavile|Brick Break|p2a: Ninetales\n|-sideend|p2: JaxxUwwU|move: Aurora Veil\n|-damage|p2a: Ninetales|11\/100\n|move|p2a: Ninetales|Hypnosis|p1a: Weavile|[miss]\n|-miss|p2a: Ninetales|p1a: Weavile\n|\n|-weather|Snow|[upkeep]\n|upkeep\n|turn|11\n|\n|t:|1698544526\n|switch|p2a: Manaphy|Manaphy|100\/100\n|-damage|p2a: Manaphy|88\/100|[from] Stealth Rock\n|move|p1a: Weavile|Brick Break|p2a: Manaphy\n|-damage|p2a: Manaphy|65\/100\n|\n|-weather|none\n|-heal|p2a: Manaphy|71\/100|[from] item: Leftovers\n|upkeep\n|turn|12\n|\n|t:|1698544632\n|move|p1a: Weavile|Fling|p2a: Manaphy\n|-damage|p2a: Manaphy|5\/100\n|-enditem|p1a: Weavile|Big Nugget|[from] move: Fling\n|move|p2a: Manaphy|Surf|p1a: Weavile\n|-damage|p1a: Weavile|44\/100\n|\n|-heal|p2a: Manaphy|11\/100|[from] item: Leftovers\n|upkeep\n|turn|13\n|\n|t:|1698544644\n|move|p1a: Weavile|Brick Break|p2a: Manaphy\n|-damage|p2a: Manaphy|0 fnt\n|faint|p2a: Manaphy\n|\n|upkeep\n|\n|t:|1698544661\n|switch|p2a: Glimmora|Glimmora, F|80\/100\n|-damage|p2a: Glimmora|68\/100|[from] Stealth Rock\n|turn|14\n|\n|t:|1698544684\n|move|p1a: Weavile|Icicle Crash|p2a: Glimmora\n|-damage|p2a: Glimmora|27\/100\n|-activate|p2a: Glimmora|ability: Toxic Debris\n|-sidestart|p1: DaFrisko|move: Toxic Spikes\n|move|p2a: Glimmora|Mortal Spin|p1a: Weavile\n|-damage|p1a: Weavile|34\/100\n|-status|p1a: Weavile|psn\n|-sideend|p2: JaxxUwwU|Stealth Rock|[from] move: Mortal Spin|[of] p2a: Glimmora\n|-enditem|p2a: Glimmora|Focus Sash|[silent]|[from] ability: Pickpocket|[of] p2a: Glimmora\n|-item|p1a: Weavile|Focus Sash|[from] ability: Pickpocket|[of] p2a: Glimmora\n|\n|-damage|p1a: Weavile|22\/100 psn|[from] psn\n|upkeep\n|turn|15\n|\n|t:|1698544705\n|move|p1a: Weavile|Icicle Crash|p2a: Glimmora|[miss]\n|-miss|p1a: Weavile|p2a: Glimmora\n|move|p2a: Glimmora|Stealth Rock|p1a: Weavile\n|-sidestart|p1: DaFrisko|move: Stealth Rock\n|\n|-damage|p1a: Weavile|9\/100 psn|[from] psn\n|upkeep\n|turn|16\n|\n|t:|1698544712\n|move|p1a: Weavile|Icicle Crash|p2a: Glimmora\n|-damage|p2a: Glimmora|0 fnt\n|-activate|p2a: Glimmora|ability: Toxic Debris\n|-sidestart|p1: DaFrisko|move: Toxic Spikes\n|faint|p2a: Glimmora\n|\n|-damage|p1a: Weavile|0 fnt|[from] psn\n|faint|p1a: Weavile\n|upkeep\n|\n|t:|1698544748\n|switch|p1a: Tornadus|Tornadus-Therian, M|100\/100\n|switch|p2a: Ninetales|Ninetales-Alola, M|11\/100\n|-weather|Snow|[from] ability: Snow Warning|[of] p2a: Ninetales\n|turn|17\n|\n|t:|1698544834\n|move|p1a: Tornadus|U-turn|p2a: Ninetales\n|-resisted|p2a: Ninetales\n|-damage|p2a: Ninetales|5\/100\n|\n|t:|1698544864\n|switch|p1a: Enamorus|Enamorus, F|100\/100|[from] U-turn\n|-damage|p1a: Enamorus|76\/100|[from] Stealth Rock\n|move|p2a: Ninetales|Aurora Veil|p2a: Ninetales\n|-sidestart|p2: JaxxUwwU|move: Aurora Veil\n|\n|-weather|Snow|[upkeep]\n|upkeep\n|turn|18\n|\n|t:|1698544874\n|move|p2a: Ninetales|Blizzard|p1a: Enamorus\n|-supereffective|p1a: Enamorus\n|-damage|p1a: Enamorus|0 fnt\n|faint|p1a: Enamorus\n|\n|-weather|Snow|[upkeep]\n|upkeep\n|\n|t:|1698544891\n|switch|p1a: Tornadus|Tornadus-Therian, M|100\/100\n|turn|19\n|\n|t:|1698544902\n|move|p1a: Tornadus|Hurricane|p2a: Ninetales|[miss]\n|-miss|p1a: Tornadus|p2a: Ninetales\n|move|p2a: Ninetales|Blizzard|p1a: Tornadus\n|-supereffective|p1a: Tornadus\n|-damage|p1a: Tornadus|24\/100\n|\n|-weather|Snow|[upkeep]\n|upkeep\n|turn|20\n|\n|t:|1698544909\n|move|p1a: Tornadus|Hurricane|p2a: Ninetales\n|-damage|p2a: Ninetales|0 fnt\n|faint|p2a: Ninetales\n|\n|-weather|Snow|[upkeep]\n|upkeep\n|\n|t:|1698544924\n|switch|p2a: Roaring Moon|Roaring Moon|100\/100\n|-enditem|p2a: Roaring Moon|Booster Energy\n|-activate|p2a: Roaring Moon|ability: Protosynthesis|[fromitem]\n|-start|p2a: Roaring Moon|protosynthesisatk\n|turn|21\n|\n|t:|1698544963\n|move|p1a: Tornadus|Chilling Water|p2a: Roaring Moon\n|-resisted|p2a: Roaring Moon\n|-damage|p2a: Roaring Moon|97\/100\n|-unboost|p2a: Roaring Moon|atk|1\n|move|p2a: Roaring Moon|Knock Off|p1a: Tornadus\n|-damage|p1a: Tornadus|0 fnt\n|-enditem|p1a: Tornadus|Heavy-Duty Boots|[from] move: Knock Off|[of] p2a: Roaring Moon\n|faint|p1a: Tornadus\n|\n|-weather|none\n|upkeep\n|\n|t:|1698544972\n|switch|p1a: Crocalor|Crocalor, M|100\/100\n|-status|p1a: Crocalor|tox\n|-damage|p1a: Crocalor|76\/100 tox|[from] Stealth Rock\n|turn|22\n|\n|t:|1698544983\n|-end|p2a: Roaring Moon|Protosynthesis|[silent]\n|switch|p2a: Infernape|Infernape, M|100\/100\n|move|p1a: Crocalor|Will-O-Wisp|p2a: Infernape\n|-immune|p2a: Infernape\n|\n|-damage|p1a: Crocalor|70\/100 tox|[from] psn\n|upkeep\n|turn|23\n|\n|t:|1698544996\n|-terastallize|p1a: Crocalor|Grass\n|move|p2a: Infernape|Knock Off|p1a: Crocalor\n|-damage|p1a: Crocalor|49\/100 tox\n|-enditem|p1a: Crocalor|Eviolite|[from] move: Knock Off|[of] p2a: Infernape\n|-damage|p2a: Infernape|91\/100|[from] item: Life Orb\n|move|p1a: Crocalor|Slack Off|p1a: Crocalor\n|-heal|p1a: Crocalor|99\/100 tox\n|\n|-damage|p1a: Crocalor|87\/100 tox|[from] psn\n|upkeep\n|turn|24\n|\n|t:|1698545007\n|move|p2a: Infernape|Fire Punch|p1a: Crocalor\n|-supereffective|p1a: Crocalor\n|-damage|p1a: Crocalor|9\/100 tox\n|-damage|p2a: Infernape|81\/100|[from] item: Life Orb\n|move|p1a: Crocalor|Roar|p2a: Infernape\n|drag|p2a: Roaring Moon|Roaring Moon|97\/100\n|\n|-damage|p1a: Crocalor|0 fnt|[from] psn\n|faint|p1a: Crocalor\n|\n|win|JaxxUwwU\n|upkeep\n|l|\u2606JaxxUwwU\n","uploadtime":1698545054,"views":11,"p1id":"dafrisko","p2id":"jaxxuwwu","formatid":"gen9ubers","rating":0,"private":0,"password":""}