{"id":"gen9ubers-1976797802","p1":"Anne Frankkkk","p2":"FromZeroMX","format":"[Gen 9] Ubers","log":"|j|\u2606Anne Frankkkk\n|j|\u2606FromZeroMX\n|t:|1698342170\n|gametype|singles\n|player|p1|Anne Frankkkk|hilbert|1188\n|player|p2|FromZeroMX|flannery|1111\n|teamsize|p1|6\n|teamsize|p2|6\n|gen|9\n|tier|[Gen 9] Ubers\n|rated|\n|rule|Sleep Clause Mod: Limit one foe put to sleep\n|rule|Species Clause: Limit one of each Pok\u00e9mon\n|rule|OHKO Clause: OHKO moves are banned\n|rule|Evasion Items Clause: Evasion items are banned\n|rule|Evasion Moves Clause: Evasion moves are banned\n|rule|Endless Battle Clause: Forcing endless battles is banned\n|rule|HP Percentage Mod: HP is shown in percentages\n|clearpoke\n|poke|p1|Iron Hands|\n|poke|p1|Kyogre|\n|poke|p1|Chien-Pao|\n|poke|p1|Ribombee, M|\n|poke|p1|Miraidon|\n|poke|p1|Flutter Mane|\n|poke|p2|Baxcalibur, M|\n|poke|p2|Ursaluna, M|\n|poke|p2|Skeledirge, M|\n|poke|p2|Gogoat, F|\n|poke|p2|Klefki, F|\n|poke|p2|Houndstone, M|\n|teampreview\n|inactive|Battle timer is ON: inactive players will automatically lose when time's up. (requested by Anne Frankkkk)\n|\n|t:|1698342184\n|start\n|switch|p1a: Moonblast|Ribombee, M, shiny|100\/100\n|switch|p2a: Skeledirge|Skeledirge, M|100\/100\n|turn|1\n|\n|t:|1698342189\n|move|p1a: Moonblast|Sticky Web|p2a: Skeledirge\n|-sidestart|p2: FromZeroMX|move: Sticky Web\n|move|p2a: Skeledirge|Torch Song|p1a: Moonblast\n|-supereffective|p1a: Moonblast\n|-enditem|p1a: Moonblast|Focus Sash\n|-damage|p1a: Moonblast|1\/100\n|-boost|p2a: Skeledirge|spa|1\n|\n|upkeep\n|turn|2\n|\n|t:|1698342195\n|move|p1a: Moonblast|Stun Spore|p2a: Skeledirge\n|-status|p2a: Skeledirge|par\n|move|p2a: Skeledirge|Shadow Ball|p1a: Moonblast\n|-damage|p1a: Moonblast|0 fnt\n|faint|p1a: Moonblast\n|\n|upkeep\n|\n|t:|1698342202\n|switch|p1a: Big Boy|Iron Hands, shiny|100\/100\n|turn|3\n|\n|t:|1698342204\n|move|p1a: Big Boy|Wild Charge|p2a: Skeledirge\n|-damage|p2a: Skeledirge|65\/100 par\n|-damage|p1a: Big Boy|84\/100|[from] item: Rocky Helmet|[of] p2a: Skeledirge\n|-damage|p1a: Big Boy|77\/100|[from] Recoil\n|move|p2a: Skeledirge|Torch Song|p1a: Big Boy\n|-damage|p1a: Big Boy|52\/100\n|-boost|p2a: Skeledirge|spa|1\n|\n|upkeep\n|turn|4\n|\n|t:|1698342211\n|move|p1a: Big Boy|Wild Charge|p2a: Skeledirge\n|-damage|p2a: Skeledirge|35\/100 par\n|-damage|p1a: Big Boy|35\/100|[from] item: Rocky Helmet|[of] p2a: Skeledirge\n|-damage|p1a: Big Boy|29\/100|[from] Recoil\n|move|p2a: Skeledirge|Slack Off|p2a: Skeledirge\n|-heal|p2a: Skeledirge|85\/100 par\n|\n|upkeep\n|turn|5\n|\n|t:|1698342218\n|move|p1a: Big Boy|Wild Charge|p2a: Skeledirge\n|-crit|p2a: Skeledirge\n|-damage|p2a: Skeledirge|34\/100 par\n|-damage|p1a: Big Boy|12\/100|[from] item: Rocky Helmet|[of] p2a: Skeledirge\n|-damage|p1a: Big Boy|2\/100|[from] Recoil\n|move|p2a: Skeledirge|Shadow Ball|p1a: Big Boy\n|-damage|p1a: Big Boy|0 fnt\n|faint|p1a: Big Boy\n|-end|p1a: Big Boy|Quark Drive|[silent]\n|\n|upkeep\n|\n|t:|1698342221\n|switch|p1a: OHKO|Kyogre|100\/100\n|-weather|RainDance|[from] ability: Drizzle|[of] p1a: OHKO\n|turn|6\n|\n|t:|1698342224\n|move|p1a: OHKO|Thunder|p2a: Skeledirge\n|-damage|p2a: Skeledirge|0 fnt\n|faint|p2a: Skeledirge\n|\n|-weather|RainDance|[upkeep]\n|upkeep\n|\n|t:|1698342229\n|switch|p2a: Gogoat|Gogoat, F|100\/100\n|-activate|p2a: Gogoat|move: Sticky Web\n|-unboost|p2a: Gogoat|spe|1\n|turn|7\n|\n|t:|1698342234\n|switch|p1a: Ice Cat|Chien-Pao|100\/100\n|-ability|p1a: Ice Cat|Sword of Ruin\n|move|p2a: Gogoat|Leech Seed|p1a: Ice Cat\n|-start|p1a: Ice Cat|move: Leech Seed\n|\n|-weather|RainDance|[upkeep]\n|-damage|p1a: Ice Cat|88\/100|[from] Leech Seed|[of] p2a: Gogoat\n|upkeep\n|turn|8\n|\n|t:|1698342238\n|switch|p2a: Klefki|Klefki, F|100\/100\n|-activate|p2a: Klefki|move: Sticky Web\n|-unboost|p2a: Klefki|spe|1\n|move|p1a: Ice Cat|Ice Spinner|p2a: Klefki\n|-resisted|p2a: Klefki\n|-damage|p2a: Klefki|65\/100\n|-damage|p1a: Ice Cat|78\/100|[from] item: Life Orb\n|\n|-weather|RainDance|[upkeep]\n|-damage|p1a: Ice Cat|66\/100|[from] Leech Seed|[of] p2a: Klefki\n|-heal|p2a: Klefki|77\/100|[silent]\n|upkeep\n|turn|9\n|\n|t:|1698342241\n|move|p2a: Klefki|Iron Defense|p2a: Klefki\n|-boost|p2a: Klefki|def|2\n|move|p1a: Ice Cat|Sacred Sword|p2a: Klefki\n|-damage|p2a: Klefki|30\/100\n|-damage|p1a: Ice Cat|56\/100|[from] item: Life Orb\n|\n|-weather|RainDance|[upkeep]\n|-damage|p1a: Ice Cat|44\/100|[from] Leech Seed|[of] p2a: Klefki\n|-heal|p2a: Klefki|42\/100|[silent]\n|upkeep\n|turn|10\n|\n|t:|1698342251\n|move|p2a: Klefki|Iron Defense|p2a: Klefki\n|-boost|p2a: Klefki|def|2\n|move|p1a: Ice Cat|Swords Dance|p1a: Ice Cat\n|-boost|p1a: Ice Cat|atk|2\n|\n|-weather|none\n|-damage|p1a: Ice Cat|31\/100|[from] Leech Seed|[of] p2a: Klefki\n|-heal|p2a: Klefki|54\/100|[silent]\n|upkeep\n|turn|11\n|\n|t:|1698342256\n|move|p1a: Ice Cat|Sacred Sword|p2a: Klefki\n|-crit|p2a: Klefki\n|-damage|p2a: Klefki|0 fnt\n|faint|p2a: Klefki\n|-damage|p1a: Ice Cat|21\/100|[from] item: Life Orb\n|\n|upkeep\n|\n|t:|1698342262\n|switch|p2a: Houndstone|Houndstone, M|100\/100\n|-activate|p2a: Houndstone|move: Sticky Web\n|-unboost|p2a: Houndstone|spe|1\n|turn|12\n|\n|t:|1698342266\n|move|p1a: Ice Cat|Sucker Punch||[still]\n|-fail|p1a: Ice Cat\n|move|p2a: Houndstone|Rest|p2a: Houndstone\n|-fail|p2a: Houndstone|heal\n|\n|-damage|p1a: Ice Cat|9\/100|[from] Leech Seed|[of] p2a: Houndstone\n|upkeep\n|turn|13\n|\n|t:|1698342271\n|move|p1a: Ice Cat|Ice Spinner|p2a: Houndstone\n|-crit|p2a: Houndstone\n|-damage|p2a: Houndstone|28\/100\n|-damage|p1a: Ice Cat|0 fnt|[from] item: Rocky Helmet|[of] p2a: Houndstone\n|faint|p1a: Ice Cat\n|move|p2a: Houndstone|Body Press|p1: Ice Cat|[notarget]\n|-fail|p2a: Houndstone\n|\n|upkeep\n|\n|t:|1698342274\n|switch|p1a: OHKO|Kyogre|100\/100\n|-weather|RainDance|[from] ability: Drizzle|[of] p1a: OHKO\n|turn|14\n|\n|t:|1698342276\n|move|p1a: OHKO|Water Spout|p2a: Houndstone\n|-crit|p2a: Houndstone\n|-damage|p2a: Houndstone|0 fnt\n|faint|p2a: Houndstone\n|\n|-weather|RainDance|[upkeep]\n|upkeep\n|\n|t:|1698342279\n|switch|p2a: Gogoat|Gogoat, F|100\/100\n|-activate|p2a: Gogoat|move: Sticky Web\n|-unboost|p2a: Gogoat|spe|1\n|turn|15\n|\n|t:|1698342283\n|-terastallize|p1a: OHKO|Water\n|move|p1a: OHKO|Water Spout|p2a: Gogoat\n|-resisted|p2a: Gogoat\n|-damage|p2a: Gogoat|18\/100\n|move|p2a: Gogoat|Leech Seed|p1a: OHKO\n|-start|p1a: OHKO|move: Leech Seed\n|\n|-weather|RainDance|[upkeep]\n|-heal|p2a: Gogoat|24\/100|[from] item: Leftovers\n|-damage|p1a: OHKO|88\/100|[from] Leech Seed|[of] p2a: Gogoat\n|-heal|p2a: Gogoat|33\/100|[silent]\n|upkeep\n|turn|16\n|\n|t:|1698342293\n|move|p1a: OHKO|Water Spout|p2a: Gogoat\n|-resisted|p2a: Gogoat\n|-damage|p2a: Gogoat|0 fnt\n|faint|p2a: Gogoat\n|\n|-weather|RainDance|[upkeep]\n|upkeep\n|\n|t:|1698342296\n|switch|p2a: Baxcalibur|Baxcalibur, M|100\/100\n|turn|17\n|\n|t:|1698342301\n|move|p1a: OHKO|Water Spout|p2a: Baxcalibur\n|-resisted|p2a: Baxcalibur\n|-damage|p2a: Baxcalibur|0 fnt\n|faint|p2a: Baxcalibur\n|\n|-weather|RainDance|[upkeep]\n|upkeep\n|\n|t:|1698342305\n|switch|p2a: Ursaluna|Ursaluna, M|100\/100\n|-activate|p2a: Ursaluna|move: Sticky Web\n|-unboost|p2a: Ursaluna|spe|1\n|turn|18\n|\n|t:|1698342307\n|move|p1a: OHKO|Water Spout|p2a: Ursaluna\n|-supereffective|p2a: Ursaluna\n|-damage|p2a: Ursaluna|0 fnt\n|faint|p2a: Ursaluna\n|\n|win|Anne Frankkkk\n|raw|Anne Frankkkk's rating: 1188 &rarr; <strong>1208<\/strong><br \/>(+20 for winning)\n|raw|FromZeroMX's rating: 1111 &rarr; <strong>1091<\/strong><br \/>(-20 for losing)\n|l|\u2606FromZeroMX\n","uploadtime":1698342317,"views":6,"p1id":"annefrankkkk","p2id":"fromzeromx","formatid":"gen9ubers","rating":1091,"private":0,"password":""}