{"id":"gen9ubers-1969071702","p1":"Profesor Turo","p2":"NihilisticWish","format":"[Gen 9] Ubers","log":"|j|\u2606Profesor Turo\n|j|\u2606NihilisticWish\n|t:|1697487560\n|gametype|singles\n|player|p1|Profesor Turo|turo-ai|\n|player|p2|NihilisticWish|bellelba|\n|teamsize|p1|6\n|teamsize|p2|6\n|gen|9\n|tier|[Gen 9] Ubers\n|rule|Sleep Clause Mod: Limit one foe put to sleep\n|rule|Species Clause: Limit one of each Pok\u00e9mon\n|rule|OHKO Clause: OHKO moves are banned\n|rule|Evasion Items Clause: Evasion items are banned\n|rule|Evasion Moves Clause: Evasion moves are banned\n|rule|Endless Battle Clause: Forcing endless battles is banned\n|rule|HP Percentage Mod: HP is shown in percentages\n|clearpoke\n|poke|p1|Wo-Chien|\n|poke|p1|Fezandipiti, M|\n|poke|p1|Landorus-Therian, M|\n|poke|p1|Toxtricity, M|\n|poke|p1|Marill, F|\n|poke|p1|Slowpoke, M|\n|poke|p2|Toxapex, F|\n|poke|p2|Toxtricity, F|\n|poke|p2|Zoroark-Hisui, F|\n|poke|p2|Rotom-Wash|\n|poke|p2|Copperajah, F|\n|poke|p2|Slowpoke-Galar, F|\n|teampreview\n|inactive|Battle timer is ON: inactive players will automatically lose when time's up. (requested by Profesor Turo)\n|\n|t:|1697487582\n|start\n|switch|p1a: Toxtricity|Toxtricity, M|100\/100\n|switch|p2a: Toxapex|Toxapex, F|100\/100\n|turn|1\n|\n|t:|1697487595\n|switch|p2a: Copperajah|Copperajah, F|100\/100\n|move|p1a: Toxtricity|Shift Gear|p1a: Toxtricity\n|-boost|p1a: Toxtricity|spe|2\n|-boost|p1a: Toxtricity|atk|1\n|\n|upkeep\n|turn|2\n|\n|t:|1697487603\n|move|p1a: Toxtricity|Shift Gear|p1a: Toxtricity\n|-boost|p1a: Toxtricity|spe|2\n|-boost|p1a: Toxtricity|atk|1\n|move|p2a: Copperajah|Earth Power|p1a: Toxtricity\n|-supereffective|p1a: Toxtricity\n|-crit|p1a: Toxtricity\n|-enditem|p1a: Toxtricity|Focus Sash\n|-damage|p1a: Toxtricity|1\/100\n|\n|upkeep\n|turn|3\n|\n|t:|1697487621\n|move|p1a: Toxtricity|Thief|p2a: Copperajah\n|-damage|p2a: Copperajah|38\/100\n|-enditem|p2a: Copperajah|Life Orb|[silent]|[from] move: Thief|[of] p1a: Toxtricity\n|-item|p1a: Toxtricity|Life Orb|[from] move: Thief|[of] p2a: Copperajah\n|-damage|p1a: Toxtricity|0 fnt|[from] item: Life Orb\n|faint|p1a: Toxtricity\n|move|p2a: Copperajah|Earth Power|p1: Toxtricity|[notarget]\n|-fail|p2a: Copperajah\n|\n|upkeep\n|\n|t:|1697487633\n|switch|p1a: Wo-Chien|Wo-Chien|100\/100\n|-ability|p1a: Wo-Chien|Tablets of Ruin\n|turn|4\n|\n|t:|1697487641\n|move|p1a: Wo-Chien|Trailblaze|p2a: Copperajah\n|-resisted|p2a: Copperajah\n|-damage|p2a: Copperajah|27\/100\n|-boost|p1a: Wo-Chien|spe|1\n|move|p2a: Copperajah|Snarl|p1a: Wo-Chien\n|-resisted|p1a: Wo-Chien\n|-damage|p1a: Wo-Chien|92\/100\n|\n|-heal|p1a: Wo-Chien|98\/100|[from] item: Leftovers\n|upkeep\n|turn|5\n|\n|t:|1697487647\n|move|p1a: Wo-Chien|Growth|p1a: Wo-Chien\n|-boost|p1a: Wo-Chien|atk|1\n|-boost|p1a: Wo-Chien|spa|1\n|move|p2a: Copperajah|Flash Cannon|p1a: Wo-Chien\n|-damage|p1a: Wo-Chien|61\/100\n|\n|-heal|p1a: Wo-Chien|67\/100|[from] item: Leftovers\n|upkeep\n|turn|6\n|\n|t:|1697487654\n|move|p1a: Wo-Chien|Knock Off|p2a: Copperajah\n|-damage|p2a: Copperajah|0 fnt\n|faint|p2a: Copperajah\n|\n|-heal|p1a: Wo-Chien|73\/100|[from] item: Leftovers\n|upkeep\n|\n|t:|1697487662\n|switch|p2a: Toxapex|Toxapex, F|100\/100\n|turn|7\n|\n|t:|1697487678\n|move|p1a: Wo-Chien|Growth|p1a: Wo-Chien\n|-boost|p1a: Wo-Chien|atk|1\n|-boost|p1a: Wo-Chien|spa|1\n|move|p2a: Toxapex|Toxic|p1a: Wo-Chien\n|-status|p1a: Wo-Chien|tox\n|\n|-heal|p1a: Wo-Chien|79\/100 tox|[from] item: Leftovers\n|-damage|p1a: Wo-Chien|73\/100 tox|[from] psn\n|upkeep\n|turn|8\n|\n|t:|1697487687\n|move|p2a: Toxapex|Baneful Bunker|p2a: Toxapex\n|-singleturn|p2a: Toxapex|move: Protect\n|move|p1a: Wo-Chien|Growth|p1a: Wo-Chien\n|-boost|p1a: Wo-Chien|atk|1\n|-boost|p1a: Wo-Chien|spa|1\n|\n|-heal|p1a: Wo-Chien|79\/100 tox|[from] item: Leftovers\n|-damage|p1a: Wo-Chien|67\/100 tox|[from] psn\n|upkeep\n|turn|9\n|\n|t:|1697487694\n|move|p1a: Wo-Chien|Knock Off|p2a: Toxapex\n|-damage|p2a: Toxapex|41\/100\n|-enditem|p2a: Toxapex|Heavy-Duty Boots|[from] move: Knock Off|[of] p1a: Wo-Chien\n|move|p2a: Toxapex|Sludge Bomb|p1a: Wo-Chien\n|-supereffective|p1a: Wo-Chien\n|-damage|p1a: Wo-Chien|36\/100 tox\n|\n|-heal|p1a: Wo-Chien|42\/100 tox|[from] item: Leftovers\n|-damage|p1a: Wo-Chien|23\/100 tox|[from] psn\n|upkeep\n|turn|10\n|\n|t:|1697487703\n|move|p1a: Wo-Chien|Power Whip|p2a: Toxapex\n|-damage|p2a: Toxapex|0 fnt\n|faint|p2a: Toxapex\n|\n|-heal|p1a: Wo-Chien|29\/100 tox|[from] item: Leftovers\n|-damage|p1a: Wo-Chien|5\/100 tox|[from] psn\n|upkeep\n|\n|t:|1697487710\n|switch|p2a: Rotom|Rotom-Wash|100\/100\n|turn|11\n|\n|t:|1697487716\n|move|p1a: Wo-Chien|Power Whip|p2a: Rotom\n|-supereffective|p2a: Rotom\n|-damage|p2a: Rotom|0 fnt\n|faint|p2a: Rotom\n|\n|-heal|p1a: Wo-Chien|11\/100 tox|[from] item: Leftovers\n|-damage|p1a: Wo-Chien|0 fnt|[from] psn\n|faint|p1a: Wo-Chien\n|upkeep\n|\n|t:|1697487723\n|switch|p1a: Slowpoke|Slowpoke, M|100\/100\n|switch|p2a: Slowpoke|Slowpoke-Galar, F|100\/100\n|turn|12\n|\n|t:|1697487729\n|move|p1a: Slowpoke|Curse|p1a: Slowpoke\n|-unboost|p1a: Slowpoke|spe|1\n|-boost|p1a: Slowpoke|atk|1\n|-boost|p1a: Slowpoke|def|1\n|move|p2a: Slowpoke|Thunder Wave|p1a: Slowpoke\n|-status|p1a: Slowpoke|par\n|\n|upkeep\n|turn|13\n|\n|t:|1697487736\n|move|p2a: Slowpoke|Icy Wind|p1a: Slowpoke\n|-resisted|p1a: Slowpoke\n|-damage|p1a: Slowpoke|97\/100 par\n|-unboost|p1a: Slowpoke|spe|1\n|cant|p1a: Slowpoke|par\n|\n|upkeep\n|turn|14\n|\n|t:|1697487742\n|move|p2a: Slowpoke|Icy Wind|p1a: Slowpoke\n|-resisted|p1a: Slowpoke\n|-damage|p1a: Slowpoke|94\/100 par\n|-unboost|p1a: Slowpoke|spe|1\n|cant|p1a: Slowpoke|par\n|\n|upkeep\n|turn|15\n|\n|t:|1697487746\n|move|p2a: Slowpoke|Icy Wind|p1a: Slowpoke\n|-resisted|p1a: Slowpoke\n|-damage|p1a: Slowpoke|91\/100 par\n|-unboost|p1a: Slowpoke|spe|1\n|move|p1a: Slowpoke|Curse|p1a: Slowpoke\n|-unboost|p1a: Slowpoke|spe|1\n|-boost|p1a: Slowpoke|atk|1\n|-boost|p1a: Slowpoke|def|1\n|\n|upkeep\n|turn|16\n|\n|t:|1697487750\n|move|p2a: Slowpoke|Icy Wind|p1a: Slowpoke\n|-resisted|p1a: Slowpoke\n|-damage|p1a: Slowpoke|88\/100 par\n|-unboost|p1a: Slowpoke|spe|1\n|cant|p1a: Slowpoke|par\n|\n|upkeep\n|turn|17\n|\n|t:|1697487756\n|switch|p2a: Toxtricity|Toxtricity, F|100\/100\n|move|p1a: Slowpoke|Curse|p1a: Slowpoke\n|-boost|p1a: Slowpoke|atk|1\n|-boost|p1a: Slowpoke|def|1\n|\n|upkeep\n|turn|18\n|c|\u2606Profesor Turo|thrilling fight\n|\n|t:|1697487763\n|move|p2a: Toxtricity|Shift Gear|p2a: Toxtricity\n|-boost|p2a: Toxtricity|spe|2\n|-boost|p2a: Toxtricity|atk|1\n|move|p1a: Slowpoke|Tera Blast|p2a: Toxtricity\n|-damage|p2a: Toxtricity|76\/100\n|\n|upkeep\n|turn|19\n|\n|t:|1697487776\n|move|p2a: Toxtricity|Poison Jab|p1a: Slowpoke\n|-damage|p1a: Slowpoke|66\/100 par\n|move|p1a: Slowpoke|Stored Power|p2a: Toxtricity\n|-supereffective|p2a: Toxtricity\n|-damage|p2a: Toxtricity|0 fnt\n|faint|p2a: Toxtricity\n|\n|upkeep\n|\n|t:|1697487783\n|switch|p2a: Slowpoke|Slowpoke-Galar, F|100\/100\n|turn|20\n|\n|t:|1697487786\n|move|p2a: Slowpoke|Icy Wind|p1a: Slowpoke\n|-resisted|p1a: Slowpoke\n|-damage|p1a: Slowpoke|63\/100 par\n|move|p1a: Slowpoke|Stored Power|p2a: Slowpoke\n|-resisted|p2a: Slowpoke\n|-damage|p2a: Slowpoke|66\/100\n|\n|upkeep\n|turn|21\n|c|\u2606NihilisticWish|peak gaming\n|\n|t:|1697487795\n|move|p2a: Slowpoke|Slack Off|p2a: Slowpoke\n|-heal|p2a: Slowpoke|100\/100\n|move|p1a: Slowpoke|Stored Power|p2a: Slowpoke\n|-resisted|p2a: Slowpoke\n|-damage|p2a: Slowpoke|67\/100\n|\n|upkeep\n|turn|22\n|\n|t:|1697487798\n|move|p2a: Slowpoke|Icy Wind|p1a: Slowpoke\n|-resisted|p1a: Slowpoke\n|-damage|p1a: Slowpoke|60\/100 par\n|move|p1a: Slowpoke|Calm Mind|p1a: Slowpoke\n|-boost|p1a: Slowpoke|spa|1\n|-boost|p1a: Slowpoke|spd|1\n|\n|upkeep\n|turn|23\n|\n|t:|1697487806\n|move|p2a: Slowpoke|Icy Wind|p1a: Slowpoke\n|-resisted|p1a: Slowpoke\n|-damage|p1a: Slowpoke|58\/100 par\n|move|p1a: Slowpoke|Calm Mind|p1a: Slowpoke\n|-boost|p1a: Slowpoke|spa|1\n|-boost|p1a: Slowpoke|spd|1\n|\n|upkeep\n|turn|24\n|\n|t:|1697487811\n|move|p2a: Slowpoke|Icy Wind|p1a: Slowpoke|[miss]\n|-miss|p2a: Slowpoke|p1a: Slowpoke\n|move|p1a: Slowpoke|Curse|p1a: Slowpoke\n|-boost|p1a: Slowpoke|atk|1\n|-boost|p1a: Slowpoke|def|1\n|\n|upkeep\n|turn|25\n|\n|t:|1697487815\n|switch|p2a: Slowpoke|Slowpoke-Galar, F|100\/100\n|move|p1a: Slowpoke|Stored Power|p2a: Slowpoke\n|-damage|p2a: Slowpoke|0 fnt\n|replace|p2a: Zoroark|Zoroark-Hisui, F\n|-end|p2a: Zoroark|Illusion\n|faint|p2a: Zoroark\n|\n|upkeep\n|\n|t:|1697487821\n|switch|p2a: Slowpoke|Slowpoke-Galar, F|99\/100\n|turn|26\n|\n|t:|1697487823\n|move|p2a: Slowpoke|Icy Wind|p1a: Slowpoke\n|-resisted|p1a: Slowpoke\n|-damage|p1a: Slowpoke|56\/100 par\n|move|p1a: Slowpoke|Stored Power|p2a: Slowpoke\n|-resisted|p2a: Slowpoke\n|-damage|p2a: Slowpoke|0 fnt\n|faint|p2a: Slowpoke\n|\n|win|Profesor Turo\n|c|\u2606Profesor Turo|Gg wp\n|c|\u2606NihilisticWish|ggwp\n|l|\u2606NihilisticWish\n|j|\u2606NihilisticWish\n|player|p2|NihilisticWish|bellelba\n","uploadtime":1697487839,"views":16,"p1id":"profesorturo","p2id":"nihilisticwish","formatid":"gen9ubers","rating":0,"private":0,"password":""}