{"id":"gen9ubers-1976610989","p1":"SlattKingCole","p2":"Anne Frankkkk","format":"[Gen 9] Ubers","log":"|j|\u2606SlattKingCole\n|j|\u2606Anne Frankkkk\n|t:|1698327059\n|gametype|singles\n|player|p1|SlattKingCole|101|1031\n|player|p2|Anne Frankkkk|101|1125\n|teamsize|p1|6\n|teamsize|p2|6\n|gen|9\n|tier|[Gen 9] Ubers\n|rated|\n|rule|Sleep Clause Mod: Limit one foe put to sleep\n|rule|Species Clause: Limit one of each Pok\u00e9mon\n|rule|OHKO Clause: OHKO moves are banned\n|rule|Evasion Items Clause: Evasion items are banned\n|rule|Evasion Moves Clause: Evasion moves are banned\n|rule|Endless Battle Clause: Forcing endless battles is banned\n|rule|HP Percentage Mod: HP is shown in percentages\n|clearpoke\n|poke|p1|Kyogre|\n|poke|p1|Qwilfish-Hisui, F|\n|poke|p1|Basculegion, M|\n|poke|p1|Arceus-Fairy|\n|poke|p1|Iron Treads|\n|poke|p1|Giratina-Origin|\n|poke|p2|Iron Hands|\n|poke|p2|Kyogre|\n|poke|p2|Chien-Pao|\n|poke|p2|Ribombee, M|\n|poke|p2|Miraidon|\n|poke|p2|Flutter Mane|\n|teampreview\n|inactive|Battle timer is ON: inactive players will automatically lose when time's up. (requested by Anne Frankkkk)\n|\n|t:|1698327072\n|start\n|switch|p1a: Qwilfish|Qwilfish-Hisui, F|100\/100\n|switch|p2a: Moonblast|Ribombee, M, shiny|100\/100\n|turn|1\n|\n|t:|1698327078\n|move|p2a: Moonblast|Sticky Web|p1a: Qwilfish\n|-sidestart|p1: SlattKingCole|move: Sticky Web\n|move|p1a: Qwilfish|Toxic Spikes|p2a: Moonblast\n|-sidestart|p2: Anne Frankkkk|move: Toxic Spikes\n|\n|upkeep\n|turn|2\n|\n|t:|1698327086\n|move|p2a: Moonblast|Stun Spore|p1a: Qwilfish\n|-status|p1a: Qwilfish|par\n|move|p1a: Qwilfish|Barb Barrage|p2a: Moonblast\n|-supereffective|p2a: Moonblast\n|-damage|p2a: Moonblast|2\/100\n|\n|upkeep\n|turn|3\n|\n|t:|1698327115\n|move|p2a: Moonblast|Moonblast|p1a: Qwilfish\n|-damage|p1a: Qwilfish|63\/100 par\n|-unboost|p1a: Qwilfish|spa|1\n|move|p1a: Qwilfish|Spikes|p2a: Moonblast\n|-sidestart|p2: Anne Frankkkk|Spikes\n|\n|upkeep\n|turn|4\n|\n|t:|1698327121\n|move|p2a: Moonblast|Moonblast|p1a: Qwilfish\n|-damage|p1a: Qwilfish|24\/100 par\n|cant|p1a: Qwilfish|par\n|\n|upkeep\n|turn|5\n|\n|t:|1698327128\n|move|p2a: Moonblast|Moonblast|p1a: Qwilfish\n|-damage|p1a: Qwilfish|0 fnt\n|faint|p1a: Qwilfish\n|\n|upkeep\n|\n|t:|1698327131\n|switch|p1a: Iron Treads|Iron Treads|100\/100\n|-activate|p1a: Iron Treads|move: Sticky Web\n|-unboost|p1a: Iron Treads|spe|1\n|turn|6\n|\n|t:|1698327136\n|switch|p2a: Misdreavius|Flutter Mane, shiny|100\/100\n|-status|p2a: Misdreavius|psn\n|-damage|p2a: Misdreavius|88\/100 psn|[from] Spikes\n|-enditem|p2a: Misdreavius|Booster Energy\n|-activate|p2a: Misdreavius|ability: Protosynthesis|[fromitem]\n|-start|p2a: Misdreavius|protosynthesisspe\n|move|p1a: Iron Treads|Rapid Spin|p2a: Misdreavius\n|-immune|p2a: Misdreavius\n|\n|-damage|p2a: Misdreavius|76\/100 psn|[from] psn\n|upkeep\n|turn|7\n|\n|t:|1698327146\n|-terastallize|p1a: Iron Treads|Dark\n|move|p2a: Misdreavius|Shadow Ball|p1a: Iron Treads\n|-resisted|p1a: Iron Treads\n|-damage|p1a: Iron Treads|84\/100\n|move|p1a: Iron Treads|Knock Off|p2a: Misdreavius\n|-damage|p2a: Misdreavius|23\/100 psn\n|\n|-heal|p1a: Iron Treads|90\/100|[from] item: Leftovers\n|-damage|p2a: Misdreavius|11\/100 psn|[from] psn\n|upkeep\n|turn|8\n|\n|t:|1698327155\n|move|p2a: Misdreavius|Moonblast|p1a: Iron Treads\n|-supereffective|p1a: Iron Treads\n|-damage|p1a: Iron Treads|5\/100\n|move|p1a: Iron Treads|Knock Off|p2a: Misdreavius\n|-damage|p2a: Misdreavius|0 fnt\n|faint|p2a: Misdreavius\n|-end|p2a: Misdreavius|Protosynthesis|[silent]\n|\n|-heal|p1a: Iron Treads|11\/100|[from] item: Leftovers\n|upkeep\n|\n|t:|1698327159\n|switch|p2a: Ice Cat|Chien-Pao|100\/100\n|-status|p2a: Ice Cat|psn\n|-damage|p2a: Ice Cat|88\/100 psn|[from] Spikes\n|-ability|p2a: Ice Cat|Sword of Ruin\n|turn|9\n|\n|t:|1698327172\n|move|p2a: Ice Cat|Sacred Sword|p1a: Iron Treads\n|-supereffective|p1a: Iron Treads\n|-damage|p1a: Iron Treads|0 fnt\n|faint|p1a: Iron Treads\n|-end|p1a: Iron Treads|Quark Drive|[silent]\n|-damage|p2a: Ice Cat|78\/100 psn|[from] item: Life Orb\n|\n|-damage|p2a: Ice Cat|66\/100 psn|[from] psn\n|upkeep\n|\n|t:|1698327183\n|switch|p1a: Kyogre|Kyogre|100\/100\n|-activate|p1a: Kyogre|move: Sticky Web\n|-unboost|p1a: Kyogre|spe|1\n|-weather|RainDance|[from] ability: Drizzle|[of] p1a: Kyogre\n|turn|10\n|\n|t:|1698327188\n|switch|p2a: Moonblast|Ribombee, M, shiny|2\/100\n|-status|p2a: Moonblast|psn\n|-damage|p2a: Moonblast|0 fnt|[from] Spikes\n|faint|p2a: Moonblast\n|move|p1a: Kyogre|Thunder Wave|p2: Moonblast|[notarget]\n|-fail|p1a: Kyogre\n|\n|-weather|RainDance|[upkeep]\n|upkeep\n|\n|t:|1698327196\n|switch|p2a: Big Boy|Iron Hands, shiny|100\/100\n|-status|p2a: Big Boy|psn\n|-damage|p2a: Big Boy|88\/100 psn|[from] Spikes\n|turn|11\n|\n|t:|1698327204\n|switch|p1a: Giratina|Giratina-Origin|100\/100\n|move|p2a: Big Boy|Fake Out|p1a: Giratina\n|-immune|p1a: Giratina\n|\n|-weather|RainDance|[upkeep]\n|-damage|p2a: Big Boy|76\/100 psn|[from] psn\n|upkeep\n|turn|12\n|\n|t:|1698327213\n|-end|p2a: Big Boy|Quark Drive|[silent]\n|switch|p2a: Cyber Lizard|Miraidon|100\/100\n|-fieldstart|move: Electric Terrain|[from] ability: Hadron Engine|[of] p2a: Cyber Lizard\n|-item|p2a: Cyber Lizard|Air Balloon\n|move|p1a: Giratina|Earthquake|p2a: Cyber Lizard\n|-immune|p2a: Cyber Lizard\n|\n|-weather|RainDance|[upkeep]\n|upkeep\n|turn|13\n|\n|t:|1698327225\n|move|p1a: Giratina|Shadow Sneak|p2a: Cyber Lizard\n|-damage|p2a: Cyber Lizard|76\/100\n|-enditem|p2a: Cyber Lizard|Air Balloon\n|move|p2a: Cyber Lizard|Calm Mind|p2a: Cyber Lizard\n|-boost|p2a: Cyber Lizard|spa|1\n|-boost|p2a: Cyber Lizard|spd|1\n|\n|-weather|RainDance|[upkeep]\n|upkeep\n|turn|14\n|\n|t:|1698327230\n|move|p2a: Cyber Lizard|Dragon Pulse|p1a: Giratina\n|-supereffective|p1a: Giratina\n|-damage|p1a: Giratina|0 fnt\n|faint|p1a: Giratina\n|\n|-weather|RainDance|[upkeep]\n|upkeep\n|\n|t:|1698327235\n|switch|p1a: Arceus|Arceus-Fairy|100\/100\n|-activate|p1a: Arceus|move: Sticky Web\n|-unboost|p1a: Arceus|spe|1\n|turn|15\n|\n|t:|1698327238\n|move|p2a: Cyber Lizard|Electro Drift|p1a: Arceus\n|-damage|p1a: Arceus|0 fnt\n|faint|p1a: Arceus\n|\n|-weather|RainDance|[upkeep]\n|upkeep\n|c|\u2606SlattKingCole|fuck this game\n|-message|SlattKingCole forfeited.\n|\n|win|Anne Frankkkk\n|raw|SlattKingCole's rating: 1031 &rarr; <strong>1020<\/strong><br \/>(-11 for losing)\n|raw|Anne Frankkkk's rating: 1125 &rarr; <strong>1143<\/strong><br \/>(+18 for winning)\n|l|\u2606SlattKingCole\n","uploadtime":1698327255,"views":8,"p1id":"slattkingcole","p2id":"annefrankkkk","formatid":"gen9ubers","rating":1020,"private":0,"password":""}