{"id":"gen9ubers-1987942744","p1":"GuyWhoLovesWomen","p2":"corvere\u2665","format":"[Gen 9] Ubers","log":"|j|\u2606GuyWhoLovesWomen\n|j|\u2606corvere\u2665\n|t:|1699651534\n|gametype|singles\n|player|p1|GuyWhoLovesWomen|gambler|\n|player|p2|corvere\u2665|anthea|\n|teamsize|p1|6\n|teamsize|p2|6\n|gen|9\n|tier|[Gen 9] Ubers\n|rated|Tournament battle\n|rule|Sleep Clause Mod: Limit one foe put to sleep\n|rule|Species Clause: Limit one of each Pok\u00e9mon\n|rule|OHKO Clause: OHKO moves are banned\n|rule|Evasion Items Clause: Evasion items are banned\n|rule|Evasion Moves Clause: Evasion moves are banned\n|rule|Endless Battle Clause: Forcing endless battles is banned\n|rule|HP Percentage Mod: HP is shown in percentages\n|clearpoke\n|poke|p1|Zacian-*|\n|poke|p1|Ursaluna-Bloodmoon, M|\n|poke|p1|Regieleki|\n|poke|p1|Dialga-Origin|\n|poke|p1|Koraidon|\n|poke|p1|Rillaboom, M|\n|poke|p2|Great Tusk|\n|poke|p2|Koraidon|\n|poke|p2|Rayquaza|\n|poke|p2|Baxcalibur, F|\n|poke|p2|Zacian-*|\n|poke|p2|Arceus-Ground|\n|teampreview\n|inactive|Battle timer is ON: inactive players will automatically lose when time's up. (requested by corvere\u2665)\n|\n|t:|1699651542\n|start\n|switch|p1a: Regieleki|Regieleki|100\/100\n|switch|p2a: Rayquaza|Rayquaza|100\/100\n|-ability|p2a: Rayquaza|Air Lock\n|turn|1\n|\n|t:|1699651550\n|move|p1a: Regieleki|Thunderbolt|p2a: Rayquaza\n|-damage|p2a: Rayquaza|34\/100\n|move|p2a: Rayquaza|Earthquake|p1a: Regieleki\n|-supereffective|p1a: Regieleki\n|-damage|p1a: Regieleki|0 fnt\n|faint|p1a: Regieleki\n|\n|upkeep\n|\n|t:|1699651561\n|switch|p1a: Zacian|Zacian-Crowned|100\/100\n|-ability|p1a: Zacian|Intrepid Sword|boost\n|-boost|p1a: Zacian|atk|1\n|turn|2\n|j| getess\n|\n|t:|1699651566\n|move|p1a: Zacian|Play Rough|p2a: Rayquaza\n|-supereffective|p2a: Rayquaza\n|-damage|p2a: Rayquaza|0 fnt\n|faint|p2a: Rayquaza\n|\n|upkeep\n|\n|t:|1699651570\n|switch|p2a: Great Tusk|Great Tusk|100\/100\n|-enditem|p2a: Great Tusk|Booster Energy\n|-activate|p2a: Great Tusk|ability: Protosynthesis|[fromitem]\n|-start|p2a: Great Tusk|protosynthesisspe\n|turn|3\n|\n|t:|1699651590\n|switch|p1a: Rillaboom|Rillaboom, M, shiny|100\/100\n|-fieldstart|move: Grassy Terrain|[from] ability: Grassy Surge|[of] p1a: Rillaboom\n|move|p2a: Great Tusk|Headlong Rush|p1a: Rillaboom\n|-resisted|p1a: Rillaboom\n|-damage|p1a: Rillaboom|73\/100\n|-unboost|p2a: Great Tusk|def|1\n|-unboost|p2a: Great Tusk|spd|1\n|\n|-heal|p1a: Rillaboom|79\/100|[from] Grassy Terrain\n|upkeep\n|turn|4\n|\n|t:|1699651599\n|-end|p2a: Great Tusk|Protosynthesis|[silent]\n|switch|p2a: Baxcalibur|Baxcalibur, F|100\/100\n|move|p1a: Rillaboom|Grassy Glide|p2a: Baxcalibur\n|-resisted|p2a: Baxcalibur\n|-damage|p2a: Baxcalibur|76\/100\n|-damage|p1a: Rillaboom|69\/100|[from] item: Life Orb\n|\n|-heal|p1a: Rillaboom|76\/100|[from] Grassy Terrain\n|-heal|p2a: Baxcalibur|82\/100|[from] Grassy Terrain\n|upkeep\n|turn|5\n|\n|t:|1699651605\n|move|p1a: Rillaboom|High Horsepower|p2a: Baxcalibur\n|-damage|p2a: Baxcalibur|42\/100\n|-damage|p1a: Rillaboom|66\/100|[from] item: Life Orb\n|move|p2a: Baxcalibur|Scale Shot|p1a: Rillaboom\n|-damage|p1a: Rillaboom|48\/100\n|-damage|p1a: Rillaboom|30\/100\n|-damage|p1a: Rillaboom|12\/100\n|-damage|p1a: Rillaboom|0 fnt\n|faint|p1a: Rillaboom\n|-hitcount|p1: Rillaboom|4\n|-unboost|p2a: Baxcalibur|def|1\n|-boost|p2a: Baxcalibur|spe|1\n|\n|-heal|p2a: Baxcalibur|48\/100|[from] Grassy Terrain\n|upkeep\n|\n|t:|1699651612\n|switch|p1a: Zacian|Zacian-Crowned|100\/100\n|turn|6\n|\n|t:|1699651619\n|move|p1a: Zacian|Behemoth Blade|p2a: Baxcalibur\n|-supereffective|p2a: Baxcalibur\n|-damage|p2a: Baxcalibur|0 fnt\n|faint|p2a: Baxcalibur\n|\n|upkeep\n|\n|t:|1699651624\n|switch|p2a: Koraidon|Koraidon|100\/100\n|-weather|SunnyDay|[from] ability: Orichalcum Pulse|[of] p2a: Koraidon\n|-activate|p2a: Koraidon|Orichalcum Pulse|[source]\n|turn|7\n|\n|t:|1699651629\n|-terastallize|p1a: Zacian|Fighting\n|-terastallize|p2a: Koraidon|Fire\n|move|p1a: Zacian|Play Rough|p2a: Koraidon|[miss]\n|-miss|p1a: Zacian|p2a: Koraidon\n|move|p2a: Koraidon|Swords Dance|p2a: Koraidon\n|-boost|p2a: Koraidon|atk|2\n|\n|-weather|SunnyDay|[upkeep]\n|-fieldend|move: Grassy Terrain\n|upkeep\n|turn|8\n|\n|t:|1699651639\n|move|p1a: Zacian|Sacred Sword|p2a: Koraidon\n|-damage|p2a: Koraidon|55\/100\n|move|p2a: Koraidon|Flame Charge|p1a: Zacian\n|-damage|p1a: Zacian|0 fnt\n|-boost|p2a: Koraidon|spe|1\n|faint|p1a: Zacian\n|\n|-weather|SunnyDay|[upkeep]\n|upkeep\n|\n|t:|1699651643\n|switch|p1a: Koraidon|Koraidon|100\/100\n|-activate|p1a: Koraidon|ability: Orichalcum Pulse\n|turn|9\n|\n|t:|1699651646\n|move|p2a: Koraidon|Dragon Claw|p1a: Koraidon\n|-supereffective|p1a: Koraidon\n|-damage|p1a: Koraidon|0 fnt\n|faint|p1a: Koraidon\n|\n|-weather|SunnyDay|[upkeep]\n|upkeep\n|\n|t:|1699651650\n|switch|p1a: Dialga|Dialga-Origin, shiny|100\/100\n|-ability|p1a: Dialga|Pressure\n|turn|10\n|\n|t:|1699651654\n|move|p2a: Koraidon|Low Kick|p1a: Dialga\n|-supereffective|p1a: Dialga\n|-damage|p1a: Dialga|0 fnt\n|faint|p1a: Dialga\n|\n|-weather|SunnyDay|[upkeep]\n|upkeep\n|\n|t:|1699651658\n|switch|p1a: Ursaluna|Ursaluna-Bloodmoon, M|100\/100\n|turn|11\n|\n|t:|1699651660\n|move|p2a: Koraidon|Low Kick|p1a: Ursaluna\n|-supereffective|p1a: Ursaluna\n|-damage|p1a: Ursaluna|0 fnt\n|faint|p1a: Ursaluna\n|\n|win|corvere\u2665\n|n|\u2606GuyWhoLovesWomen|guywholoveswomen\n|n|\u2606corvere\u2665|corvere\n|n| getess|getess\n","uploadtime":1699651662,"views":5,"p1id":"guywholoveswomen","p2id":"corvere","formatid":"gen9ubers","rating":0,"private":0,"password":""}