{"id":"gen9ubers-1998189073","p1":"weijun2011","p2":"LYCORISxRADIATA","format":"[Gen 9] Ubers","log":"|j|\u2606weijun2011\n|j|\u2606LYCORISxRADIATA\n|t:|1700909261\n|gametype|singles\n|player|p1|weijun2011|winona|1150\n|player|p2|LYCORISxRADIATA|n|1163\n|teamsize|p1|6\n|teamsize|p2|6\n|gen|9\n|tier|[Gen 9] Ubers\n|rated|\n|rule|Sleep Clause Mod: Limit one foe put to sleep\n|rule|Species Clause: Limit one of each Pok\u00e9mon\n|rule|OHKO Clause: OHKO moves are banned\n|rule|Evasion Items Clause: Evasion items are banned\n|rule|Evasion Moves Clause: Evasion moves are banned\n|rule|Endless Battle Clause: Forcing endless battles is banned\n|rule|HP Percentage Mod: HP is shown in percentages\n|clearpoke\n|poke|p1|Rayquaza|\n|poke|p1|Zacian-*|\n|poke|p1|Espathra, F|\n|poke|p1|Miraidon|\n|poke|p1|Urshifu-*, M|\n|poke|p1|Clodsire, F|\n|poke|p2|Glimmora, F|\n|poke|p2|Calyrex-Ice|\n|poke|p2|Annihilape, F|\n|poke|p2|Espathra, F|\n|poke|p2|Ursaluna-Bloodmoon, M|\n|poke|p2|Kingambit, F|\n|teampreview\n|\n|t:|1700909267\n|start\n|switch|p1a: Espathra|Espathra, F|100\/100\n|switch|p2a: Glimmora|Glimmora, F|100\/100\n|turn|1\n|\n|t:|1700909275\n|switch|p2a: Espathra|Espathra, F, shiny|100\/100\n|move|p1a: Espathra|Hypnosis|p2a: Espathra\n|-status|p2a: Espathra|slp|[from] move: Hypnosis\n|\n|-ability|p1a: Espathra|Speed Boost|boost\n|-boost|p1a: Espathra|spe|1\n|upkeep\n|turn|2\n|\n|t:|1700909284\n|cant|p2a: Espathra|slp\n|move|p1a: Espathra|Lumina Crash|p2a: Espathra\n|-resisted|p2a: Espathra\n|-damage|p2a: Espathra|74\/100 slp\n|-unboost|p2a: Espathra|spd|2\n|\n|-heal|p2a: Espathra|80\/100 slp|[from] item: Leftovers\n|-ability|p1a: Espathra|Speed Boost|boost\n|-boost|p1a: Espathra|spe|1\n|-ability|p2a: Espathra|Speed Boost|boost\n|-boost|p2a: Espathra|spe|1\n|upkeep\n|turn|3\n|\n|t:|1700909295\n|move|p1a: Espathra|Calm Mind|p1a: Espathra\n|-boost|p1a: Espathra|spa|1\n|-boost|p1a: Espathra|spd|1\n|cant|p2a: Espathra|slp\n|\n|-heal|p2a: Espathra|86\/100 slp|[from] item: Leftovers\n|-ability|p1a: Espathra|Speed Boost|boost\n|-boost|p1a: Espathra|spe|1\n|-ability|p2a: Espathra|Speed Boost|boost\n|-boost|p2a: Espathra|spe|1\n|upkeep\n|turn|4\n|\n|t:|1700909304\n|move|p1a: Espathra|Lumina Crash|p2a: Espathra\n|-resisted|p2a: Espathra\n|-damage|p2a: Espathra|9\/100 slp\n|-unboost|p2a: Espathra|spd|2\n|cant|p2a: Espathra|slp\n|\n|-heal|p2a: Espathra|15\/100 slp|[from] item: Leftovers\n|-ability|p1a: Espathra|Speed Boost|boost\n|-boost|p1a: Espathra|spe|1\n|-ability|p2a: Espathra|Speed Boost|boost\n|-boost|p2a: Espathra|spe|1\n|upkeep\n|turn|5\n|\n|t:|1700909320\n|switch|p2a: Calyrex|Calyrex-Ice|100\/100\n|-ability|p2a: Calyrex|As One\n|-ability|p2a: Calyrex|Unnerve\n|move|p1a: Espathra|Lumina Crash|p2a: Calyrex\n|-resisted|p2a: Calyrex\n|-damage|p2a: Calyrex|81\/100\n|-unboost|p2a: Calyrex|spd|2\n|\n|-ability|p1a: Espathra|Speed Boost|boost\n|-boost|p1a: Espathra|spe|1\n|upkeep\n|turn|6\n|\n|t:|1700909336\n|move|p1a: Espathra|Calm Mind|p1a: Espathra\n|-boost|p1a: Espathra|spa|1\n|-boost|p1a: Espathra|spd|1\n|move|p2a: Calyrex|Trick Room|p2a: Calyrex\n|-fieldstart|move: Trick Room|[of] p2a: Calyrex\n|\n|-ability|p1a: Espathra|Speed Boost|boost\n|-boost|p1a: Espathra|spe|1\n|upkeep\n|turn|7\n|\n|t:|1700909349\n|move|p2a: Calyrex|Glacial Lance|p1a: Espathra\n|-damage|p1a: Espathra|0 fnt\n|faint|p1a: Espathra\n|-ability|p2a: Calyrex|Chilling Neigh|boost\n|-boost|p2a: Calyrex|atk|1\n|\n|upkeep\n|-message|weijun2011 forfeited.\n|\n|win|LYCORISxRADIATA\n|raw|weijun2011's rating: 1150 &rarr; <strong>1126<\/strong><br \/>(-24 for losing)\n|raw|LYCORISxRADIATA's rating: 1163 &rarr; <strong>1187<\/strong><br \/>(+24 for winning)\n|l|\u2606weijun2011\n","uploadtime":1700909399,"views":0,"p1id":"weijun2011","p2id":"lycorisxradiata","formatid":"gen9ubers","rating":1126,"private":0,"password":""}