{"id":"gen9ubers-1975360415","p1":"Dragon Master Rosa","p2":"Pickedman","format":"[Gen 9] Ubers","log":"|j|\u2606Dragon Master Rosa\n|j|\u203dPickedman\n|t:|1698183194\n|gametype|singles\n|player|p1|Dragon Master Rosa|rosa|\n|player|p2|Pickedman|zinnia|\n|teamsize|p1|6\n|teamsize|p2|6\n|gen|9\n|tier|[Gen 9] Ubers\n|rule|Sleep Clause Mod: Limit one foe put to sleep\n|rule|Species Clause: Limit one of each Pok\u00e9mon\n|rule|OHKO Clause: OHKO moves are banned\n|rule|Evasion Items Clause: Evasion items are banned\n|rule|Evasion Moves Clause: Evasion moves are banned\n|rule|Endless Battle Clause: Forcing endless battles is banned\n|rule|HP Percentage Mod: HP is shown in percentages\n|clearpoke\n|poke|p1|Magearna|\n|poke|p1|Clefable, F|\n|poke|p1|Weezing-Galar, F|\n|poke|p1|Ribombee, F|\n|poke|p1|Enamorus, F|\n|poke|p1|Fezandipiti, M|\n|poke|p2|Fezandipiti, M|\n|poke|p2|Enamorus, F|\n|poke|p2|Empoleon, M|\n|poke|p2|Palafin, F|\n|poke|p2|Slowking-Galar, F|\n|poke|p2|Infernape, F|\n|teampreview\n|\n|t:|1698183244\n|start\n|switch|p1a: Enamorus|Enamorus, F|100\/100\n|switch|p2a: Enamorus|Enamorus, F|100\/100\n|turn|1\n|\n|t:|1698183251\n|move|p1a: Enamorus|Substitute|p1a: Enamorus\n|-start|p1a: Enamorus|Substitute\n|-damage|p1a: Enamorus|76\/100\n|move|p2a: Enamorus|Superpower|p1a: Enamorus\n|-resisted|p1a: Enamorus\n|-activate|p1a: Enamorus|move: Substitute|[damage]\n|-boost|p2a: Enamorus|atk|1\n|-boost|p2a: Enamorus|def|1\n|\n|upkeep\n|turn|2\n|\n|t:|1698183258\n|move|p2a: Enamorus|Play Rough|p1a: Enamorus\n|-crit|p1a: Enamorus\n|-end|p1a: Enamorus|Substitute\n|move|p1a: Enamorus|Superpower|p2a: Enamorus\n|-resisted|p2a: Enamorus\n|-damage|p2a: Enamorus|88\/100\n|-boost|p1a: Enamorus|atk|1\n|-boost|p1a: Enamorus|def|1\n|-damage|p1a: Enamorus|66\/100|[from] item: Life Orb\n|\n|upkeep\n|turn|3\n|\n|t:|1698183265\n|move|p1a: Enamorus|Play Rough|p2a: Enamorus\n|-damage|p2a: Enamorus|0 fnt\n|faint|p2a: Enamorus\n|-damage|p1a: Enamorus|56\/100|[from] item: Life Orb\n|\n|upkeep\n|\n|t:|1698183281\n|switch|p2a: Palafin|Palafin, F|100\/100\n|turn|4\n|\n|t:|1698183289\n|detailschange|p2a: Palafin|Palafin-Hero, F\n|switch|p2a: Slowking|Slowking-Galar, F|100\/100\n|-terastallize|p1a: Enamorus|Fighting\n|move|p1a: Enamorus|Superpower|p2a: Slowking\n|-resisted|p2a: Slowking\n|-damage|p2a: Slowking|72\/100\n|-boost|p1a: Enamorus|atk|1\n|-boost|p1a: Enamorus|def|1\n|-damage|p1a: Enamorus|47\/100|[from] item: Life Orb\n|\n|upkeep\n|turn|5\n|\n|t:|1698183294\n|move|p1a: Enamorus|Zen Headbutt|p2a: Slowking\n|-damage|p2a: Slowking|0 fnt\n|faint|p2a: Slowking\n|-damage|p1a: Enamorus|37\/100|[from] item: Life Orb\n|\n|upkeep\n|\n|t:|1698183300\n|switch|p2a: Palafin|Palafin-Hero, F|100\/100\n|-activate|p2a: Palafin|ability: Zero to Hero\n|turn|6\n|\n|t:|1698183304\n|switch|p2a: Fezandipiti|Fezandipiti, M|100\/100\n|move|p1a: Enamorus|Superpower|p2a: Fezandipiti\n|-resisted|p2a: Fezandipiti\n|-damage|p2a: Fezandipiti|72\/100\n|-boost|p1a: Enamorus|atk|1\n|-boost|p1a: Enamorus|def|1\n|-damage|p1a: Enamorus|27\/100|[from] item: Life Orb\n|\n|-heal|p2a: Fezandipiti|78\/100|[from] item: Leftovers\n|upkeep\n|turn|7\n|\n|t:|1698183320\n|-terastallize|p2a: Fezandipiti|Flying\n|move|p1a: Enamorus|Zen Headbutt|p2a: Fezandipiti\n|-damage|p2a: Fezandipiti|19\/100\n|-damage|p1a: Enamorus|17\/100|[from] item: Life Orb\n|move|p2a: Fezandipiti|Sludge Bomb|p1a: Enamorus\n|-damage|p1a: Enamorus|0 fnt\n|faint|p1a: Enamorus\n|\n|-heal|p2a: Fezandipiti|25\/100|[from] item: Leftovers\n|upkeep\n|\n|t:|1698183341\n|switch|p1a: Magearna|Magearna|100\/100\n|turn|8\n|\n|t:|1698183347\n|move|p2a: Fezandipiti|Heat Wave|p1a: Magearna\n|-supereffective|p1a: Magearna\n|-damage|p1a: Magearna|72\/100\n|-status|p1a: Magearna|brn\n|move|p1a: Magearna|Shift Gear|p1a: Magearna\n|-boost|p1a: Magearna|spe|2\n|-boost|p1a: Magearna|atk|1\n|\n|-heal|p1a: Magearna|79\/100 brn|[from] item: Leftovers\n|-heal|p2a: Fezandipiti|31\/100|[from] item: Leftovers\n|-damage|p1a: Magearna|72\/100 brn|[from] brn\n|upkeep\n|turn|9\n|c|\u2606Dragon Master Rosa|skill\n|\n|t:|1698183356\n|move|p1a: Magearna|Shift Gear|p1a: Magearna\n|-boost|p1a: Magearna|spe|2\n|-boost|p1a: Magearna|atk|1\n|move|p2a: Fezandipiti|Roost|p2a: Fezandipiti\n|-heal|p2a: Fezandipiti|81\/100\n|-hint|If a Flying Terastallized Pokemon uses Roost, it remains Flying-type.\n|\n|-heal|p1a: Magearna|79\/100 brn|[from] item: Leftovers\n|-heal|p2a: Fezandipiti|87\/100|[from] item: Leftovers\n|-damage|p1a: Magearna|72\/100 brn|[from] brn\n|upkeep\n|turn|10\n|\n|t:|1698183361\n|move|p1a: Magearna|Shift Gear|p1a: Magearna\n|-boost|p1a: Magearna|spe|2\n|-boost|p1a: Magearna|atk|1\n|move|p2a: Fezandipiti|Calm Mind|p2a: Fezandipiti\n|-boost|p2a: Fezandipiti|spa|1\n|-boost|p2a: Fezandipiti|spd|1\n|\n|-heal|p1a: Magearna|79\/100 brn|[from] item: Leftovers\n|-heal|p2a: Fezandipiti|93\/100|[from] item: Leftovers\n|-damage|p1a: Magearna|72\/100 brn|[from] brn\n|upkeep\n|turn|11\n|\n|t:|1698183364\n|move|p1a: Magearna|Shift Gear|p1a: Magearna\n|-boost|p1a: Magearna|spe|0\n|-boost|p1a: Magearna|atk|1\n|move|p2a: Fezandipiti|Heat Wave|p1a: Magearna\n|-supereffective|p1a: Magearna\n|-damage|p1a: Magearna|31\/100 brn\n|\n|-heal|p1a: Magearna|37\/100 brn|[from] item: Leftovers\n|-heal|p2a: Fezandipiti|99\/100|[from] item: Leftovers\n|-damage|p1a: Magearna|31\/100 brn|[from] brn\n|upkeep\n|turn|12\n|\n|t:|1698183368\n|move|p1a: Magearna|Iron Head|p2a: Fezandipiti\n|-damage|p2a: Fezandipiti|62\/100\n|move|p2a: Fezandipiti|Heat Wave|p1a: Magearna\n|-supereffective|p1a: Magearna\n|-damage|p1a: Magearna|0 fnt\n|faint|p1a: Magearna\n|\n|-heal|p2a: Fezandipiti|68\/100|[from] item: Leftovers\n|upkeep\n|\n|t:|1698183376\n|switch|p1a: Fezandipiti|Fezandipiti, M|100\/100\n|turn|13\n|\n|t:|1698183380\n|move|p1a: Fezandipiti|Nasty Plot|p1a: Fezandipiti\n|-boost|p1a: Fezandipiti|spa|2\n|move|p2a: Fezandipiti|Sludge Bomb|p1a: Fezandipiti\n|-damage|p1a: Fezandipiti|70\/100\n|\n|-heal|p1a: Fezandipiti|76\/100|[from] item: Leftovers\n|-heal|p2a: Fezandipiti|74\/100|[from] item: Leftovers\n|upkeep\n|turn|14\n|\n|t:|1698183389\n|move|p1a: Fezandipiti|Sludge Bomb|p2a: Fezandipiti\n|-damage|p2a: Fezandipiti|45\/100\n|move|p2a: Fezandipiti|Calm Mind|p2a: Fezandipiti\n|-boost|p2a: Fezandipiti|spa|1\n|-boost|p2a: Fezandipiti|spd|1\n|\n|-heal|p1a: Fezandipiti|82\/100|[from] item: Leftovers\n|-heal|p2a: Fezandipiti|51\/100|[from] item: Leftovers\n|upkeep\n|turn|15\n|\n|t:|1698183396\n|move|p1a: Fezandipiti|Sludge Bomb|p2a: Fezandipiti\n|-damage|p2a: Fezandipiti|26\/100\n|move|p2a: Fezandipiti|Roost|p2a: Fezandipiti\n|-heal|p2a: Fezandipiti|76\/100\n|-hint|If a Flying Terastallized Pokemon uses Roost, it remains Flying-type.\n|\n|-heal|p1a: Fezandipiti|88\/100|[from] item: Leftovers\n|-heal|p2a: Fezandipiti|82\/100|[from] item: Leftovers\n|upkeep\n|turn|16\n|\n|t:|1698183401\n|move|p1a: Fezandipiti|Sludge Bomb|p2a: Fezandipiti\n|-damage|p2a: Fezandipiti|60\/100\n|-status|p2a: Fezandipiti|tox|[from] ability: Toxic Chain|[of] p1a: Fezandipiti\n|move|p2a: Fezandipiti|Calm Mind|p2a: Fezandipiti\n|-boost|p2a: Fezandipiti|spa|1\n|-boost|p2a: Fezandipiti|spd|1\n|\n|-heal|p1a: Fezandipiti|94\/100|[from] item: Leftovers\n|-heal|p2a: Fezandipiti|66\/100 tox|[from] item: Leftovers\n|-damage|p2a: Fezandipiti|60\/100 tox|[from] psn\n|upkeep\n|turn|17\n|\n|t:|1698183409\n|move|p1a: Fezandipiti|Moonblast|p2a: Fezandipiti\n|-damage|p2a: Fezandipiti|41\/100 tox\n|move|p2a: Fezandipiti|Sludge Bomb|p1a: Fezandipiti\n|-damage|p1a: Fezandipiti|46\/100\n|\n|-heal|p1a: Fezandipiti|52\/100|[from] item: Leftovers\n|-heal|p2a: Fezandipiti|47\/100 tox|[from] item: Leftovers\n|-damage|p2a: Fezandipiti|35\/100 tox|[from] psn\n|upkeep\n|turn|18\n|\n|t:|1698183415\n|move|p1a: Fezandipiti|Nasty Plot|p1a: Fezandipiti\n|-boost|p1a: Fezandipiti|spa|2\n|move|p2a: Fezandipiti|Sludge Bomb|p1a: Fezandipiti\n|-damage|p1a: Fezandipiti|0 fnt\n|faint|p1a: Fezandipiti\n|\n|-heal|p2a: Fezandipiti|41\/100 tox|[from] item: Leftovers\n|-damage|p2a: Fezandipiti|23\/100 tox|[from] psn\n|upkeep\n|\n|t:|1698183422\n|switch|p1a: Ribombee|Ribombee, F|100\/100\n|turn|19\n|\n|t:|1698183429\n|move|p1a: Ribombee|Tailwind|p1a: Ribombee\n|-sidestart|p1: Dragon Master Rosa|move: Tailwind\n|move|p2a: Fezandipiti|Sludge Bomb|p1a: Ribombee\n|-supereffective|p1a: Ribombee\n|-enditem|p1a: Ribombee|Focus Sash\n|-damage|p1a: Ribombee|1\/100\n|\n|-heal|p2a: Fezandipiti|29\/100 tox|[from] item: Leftovers\n|-damage|p2a: Fezandipiti|5\/100 tox|[from] psn\n|upkeep\n|turn|20\n|\n|t:|1698183438\n|move|p1a: Ribombee|U-turn|p2a: Fezandipiti\n|-resisted|p2a: Fezandipiti\n|-crit|p2a: Fezandipiti\n|-damage|p2a: Fezandipiti|0 fnt\n|faint|p2a: Fezandipiti\n|\n|t:|1698183441\n|switch|p1a: Clefable|Clefable, F|100\/100|[from] U-turn\n|\n|upkeep\n|\n|t:|1698183444\n|switch|p2a: Infernape|Infernape, F|100\/100\n|turn|21\n|\n|t:|1698183448\n|move|p2a: Infernape|Switcheroo|p1a: Clefable\n|-activate|p2a: Infernape|move: Trick|[of] p1a: Clefable\n|-item|p1a: Clefable|Choice Band|[from] move: Switcheroo\n|-item|p2a: Infernape|Leftovers|[from] move: Switcheroo\n|move|p1a: Clefable|Knock Off|p2a: Infernape\n|-resisted|p2a: Infernape\n|-damage|p2a: Infernape|80\/100\n|-enditem|p2a: Infernape|Leftovers|[from] move: Knock Off|[of] p1a: Clefable\n|\n|upkeep\n|turn|22\n|\n|t:|1698183458\n|switch|p1a: Ribombee|Ribombee, F|1\/100\n|move|p2a: Infernape|Flare Blitz|p1a: Ribombee\n|-supereffective|p1a: Ribombee\n|-damage|p1a: Ribombee|0 fnt\n|faint|p1a: Ribombee\n|-damage|p2a: Infernape|80\/100|[from] Recoil\n|\n|-sideend|p1: Dragon Master Rosa|move: Tailwind\n|upkeep\n|\n|t:|1698183461\n|switch|p1a: Clefable|Clefable, F|100\/100\n|turn|23\n|\n|t:|1698183465\n|move|p2a: Infernape|Flare Blitz|p1a: Clefable\n|-damage|p1a: Clefable|44\/100\n|-damage|p2a: Infernape|54\/100|[from] Recoil\n|move|p1a: Clefable|Play Rough|p2a: Infernape\n|-damage|p2a: Infernape|0 fnt\n|faint|p2a: Infernape\n|\n|upkeep\n|\n|t:|1698183469\n|switch|p2a: Palafin|Palafin-Hero, F|100\/100\n|turn|24\n|\n|t:|1698183472\n|move|p2a: Palafin|Boomburst|p1a: Clefable\n|-damage|p1a: Clefable|2\/100\n|move|p1a: Clefable|Play Rough|p2a: Palafin\n|-damage|p2a: Palafin|64\/100\n|\n|upkeep\n|turn|25\n|\n|t:|1698183475\n|move|p2a: Palafin|Boomburst|p1a: Clefable\n|-damage|p1a: Clefable|0 fnt\n|faint|p1a: Clefable\n|\n|upkeep\n|\n|t:|1698183477\n|switch|p1a: Weezing|Weezing-Galar, F|100\/100\n|turn|26\n|c|\u2606Dragon Master Rosa|ggwp\n|\n|t:|1698183481\n|move|p2a: Palafin|Boomburst|p1a: Weezing\n|-damage|p1a: Weezing|13\/100\n|move|p1a: Weezing|Strange Steam|p2a: Palafin\n|-damage|p2a: Palafin|34\/100\n|-start|p2a: Palafin|confusion\n|\n|-heal|p1a: Weezing|19\/100|[from] item: Leftovers\n|upkeep\n|turn|27\n|c|\u2606Dragon Master Rosa|i'll be back on in a sec after this\n|\n|t:|1698183495\n|switch|p2a: Empoleon|Empoleon, M|100\/100\n|move|p1a: Weezing|Strange Steam|p2a: Empoleon\n|-resisted|p2a: Empoleon\n|-damage|p2a: Empoleon|92\/100\n|\n|-heal|p2a: Empoleon|98\/100|[from] item: Leftovers\n|-heal|p1a: Weezing|25\/100|[from] item: Leftovers\n|upkeep\n|turn|28\n|\n|t:|1698183507\n|move|p1a: Weezing|Pain Split|p2a: Empoleon\n|-sethp|p2a: Empoleon|60\/100|[from] move: Pain Split|[silent]\n|-sethp|p1a: Weezing|67\/100|[from] move: Pain Split\n|move|p2a: Empoleon|Flip Turn|p1a: Weezing\n|-damage|p1a: Weezing|53\/100\n|\n|t:|1698183509\n|switch|p2a: Palafin|Palafin-Hero, F|34\/100|[from] Flip Turn\n|\n|-heal|p1a: Weezing|59\/100|[from] item: Leftovers\n|upkeep\n|turn|29\n|\n|t:|1698183521\n|move|p2a: Palafin|Boomburst|p1a: Weezing\n|-damage|p1a: Weezing|0 fnt\n|faint|p1a: Weezing\n|\n|win|Pickedman\n","uploadtime":1698183525,"views":20,"p1id":"dragonmasterrosa","p2id":"pickedman","formatid":"gen9ubers","rating":0,"private":0,"password":""}