{"id":"gen9ubers-1990010914","p1":"Mudkip2077","p2":"Zan_05","format":"[Gen 9] Ubers","log":"|j|\u2606Mudkip2077\n|j|\u2606Zan_05\n|t:|1699915135\n|gametype|singles\n|player|p1|Mudkip2077|volkner|1016\n|player|p2|Zan_05|2|1000\n|teamsize|p1|6\n|teamsize|p2|6\n|gen|9\n|tier|[Gen 9] Ubers\n|rated|\n|rule|Sleep Clause Mod: Limit one foe put to sleep\n|rule|Species Clause: Limit one of each Pok\u00e9mon\n|rule|OHKO Clause: OHKO moves are banned\n|rule|Evasion Items Clause: Evasion items are banned\n|rule|Evasion Moves Clause: Evasion moves are banned\n|rule|Endless Battle Clause: Forcing endless battles is banned\n|rule|HP Percentage Mod: HP is shown in percentages\n|clearpoke\n|poke|p1|Mudsdale, M|\n|poke|p1|Samurott-Hisui, M|\n|poke|p1|Goodra-Hisui, F|\n|poke|p1|Tsareena, F|\n|poke|p1|Delphox, F|\n|poke|p1|Leavanny, F|\n|poke|p2|Kommo-o, M|\n|poke|p2|Tyranitar, F|\n|poke|p2|Empoleon, F|\n|poke|p2|Glimmora, M|\n|poke|p2|Corviknight, F|\n|poke|p2|Landorus-Therian, M|\n|teampreview\n|inactive|Battle timer is ON: inactive players will automatically lose when time's up. (requested by Mudkip2077)\n|\n|t:|1699915145\n|start\n|switch|p1a: Leavanny|Leavanny, F|100\/100\n|switch|p2a: Tyranitar|Tyranitar, F|100\/100\n|-weather|Sandstorm|[from] ability: Sand Stream|[of] p2a: Tyranitar\n|turn|1\n|\n|t:|1699915154\n|switch|p2a: Corviknight|Corviknight, F, shiny|100\/100\n|-ability|p2a: Corviknight|Pressure\n|move|p1a: Leavanny|Sticky Web|p2a: Corviknight\n|-sidestart|p2: Zan_05|move: Sticky Web\n|\n|-weather|Sandstorm|[upkeep]\n|-damage|p1a: Leavanny|95\/100|[from] Sandstorm\n|upkeep\n|turn|2\n|\n|t:|1699915166\n|switch|p1a: Mudsdale|Mudsdale, M|100\/100\n|move|p2a: Corviknight|Bulk Up|p2a: Corviknight\n|-boost|p2a: Corviknight|atk|1\n|-boost|p2a: Corviknight|def|1\n|\n|-weather|Sandstorm|[upkeep]\n|upkeep\n|turn|3\n|\n|t:|1699915176\n|move|p2a: Corviknight|Brave Bird|p1a: Mudsdale\n|-damage|p1a: Mudsdale|52\/100\n|-ability|p1a: Mudsdale|Stamina|boost\n|-boost|p1a: Mudsdale|def|1\n|-damage|p2a: Corviknight|82\/100|[from] Recoil\n|move|p1a: Mudsdale|Rock Tomb|p2a: Corviknight\n|-damage|p2a: Corviknight|73\/100\n|-unboost|p2a: Corviknight|spe|1\n|\n|-weather|Sandstorm|[upkeep]\n|-heal|p1a: Mudsdale|58\/100|[from] item: Leftovers\n|upkeep\n|turn|4\n|\n|t:|1699915195\n|move|p2a: Corviknight|Bulk Up|p2a: Corviknight\n|-boost|p2a: Corviknight|atk|1\n|-boost|p2a: Corviknight|def|1\n|move|p1a: Mudsdale|Stealth Rock|p2a: Corviknight\n|-sidestart|p2: Zan_05|move: Stealth Rock\n|\n|-weather|Sandstorm|[upkeep]\n|-heal|p1a: Mudsdale|64\/100|[from] item: Leftovers\n|upkeep\n|turn|5\n|\n|t:|1699915205\n|move|p2a: Corviknight|Bulk Up|p2a: Corviknight\n|-boost|p2a: Corviknight|atk|1\n|-boost|p2a: Corviknight|def|1\n|move|p1a: Mudsdale|Rock Tomb|p2a: Corviknight\n|-damage|p2a: Corviknight|67\/100\n|-unboost|p2a: Corviknight|spe|1\n|\n|-weather|none\n|-heal|p1a: Mudsdale|70\/100|[from] item: Leftovers\n|upkeep\n|turn|6\n|\n|t:|1699915217\n|move|p1a: Mudsdale|Body Press|p2a: Corviknight\n|-damage|p2a: Corviknight|58\/100\n|move|p2a: Corviknight|Roost|p2a: Corviknight\n|-heal|p2a: Corviknight|100\/100\n|-singleturn|p2a: Corviknight|move: Roost\n|\n|-heal|p1a: Mudsdale|76\/100|[from] item: Leftovers\n|upkeep\n|turn|7\n|\n|t:|1699915227\n|move|p1a: Mudsdale|Rock Tomb|p2a: Corviknight|[miss]\n|-miss|p1a: Mudsdale|p2a: Corviknight\n|move|p2a: Corviknight|Brave Bird|p1a: Mudsdale\n|-damage|p1a: Mudsdale|29\/100\n|-ability|p1a: Mudsdale|Stamina|boost\n|-boost|p1a: Mudsdale|def|1\n|-damage|p2a: Corviknight|83\/100|[from] Recoil\n|\n|-heal|p1a: Mudsdale|35\/100|[from] item: Leftovers\n|upkeep\n|turn|8\n|\n|t:|1699915243\n|move|p1a: Mudsdale|Rock Tomb|p2a: Corviknight\n|-damage|p2a: Corviknight|78\/100\n|-unboost|p2a: Corviknight|spe|1\n|move|p2a: Corviknight|Bulk Up|p2a: Corviknight\n|-boost|p2a: Corviknight|atk|1\n|-boost|p2a: Corviknight|def|1\n|\n|-heal|p1a: Mudsdale|42\/100|[from] item: Leftovers\n|upkeep\n|turn|9\n|\n|t:|1699915254\n|move|p1a: Mudsdale|Body Press|p2a: Corviknight\n|-damage|p2a: Corviknight|68\/100\n|move|p2a: Corviknight|Roost|p2a: Corviknight\n|-heal|p2a: Corviknight|100\/100\n|-singleturn|p2a: Corviknight|move: Roost\n|\n|-heal|p1a: Mudsdale|48\/100|[from] item: Leftovers\n|upkeep\n|turn|10\n|\n|t:|1699915265\n|move|p1a: Mudsdale|Body Press|p2a: Corviknight\n|-damage|p2a: Corviknight|91\/100\n|move|p2a: Corviknight|Brave Bird|p1a: Mudsdale\n|-damage|p1a: Mudsdale|0 fnt\n|faint|p1a: Mudsdale\n|-damage|p2a: Corviknight|73\/100|[from] Recoil\n|\n|upkeep\n|\n|t:|1699915276\n|switch|p1a: Delphox|Delphox, F|100\/100\n|turn|11\n|\n|t:|1699915284\n|switch|p2a: Tyranitar|Tyranitar, F|100\/100\n|-activate|p2a: Tyranitar|move: Sticky Web\n|-unboost|p2a: Tyranitar|spe|1\n|-damage|p2a: Tyranitar|88\/100|[from] Stealth Rock\n|-weather|Sandstorm|[from] ability: Sand Stream|[of] p2a: Tyranitar\n|move|p1a: Delphox|Fire Blast|p2a: Tyranitar\n|-resisted|p2a: Tyranitar\n|-damage|p2a: Tyranitar|72\/100\n|\n|-weather|Sandstorm|[upkeep]\n|-damage|p1a: Delphox|94\/100|[from] Sandstorm\n|-heal|p2a: Tyranitar|78\/100|[from] item: Leftovers\n|upkeep\n|turn|12\n|\n|t:|1699915304\n|switch|p1a: Samurott|Samurott-Hisui, M|100\/100\n|move|p2a: Tyranitar|Knock Off|p1a: Samurott\n|-resisted|p1a: Samurott\n|-damage|p1a: Samurott|73\/100\n|-enditem|p1a: Samurott|Life Orb|[from] move: Knock Off|[of] p2a: Tyranitar\n|\n|-weather|Sandstorm|[upkeep]\n|-damage|p1a: Samurott|67\/100|[from] Sandstorm\n|-heal|p2a: Tyranitar|84\/100|[from] item: Leftovers\n|upkeep\n|turn|13\n|\n|t:|1699915316\n|move|p2a: Tyranitar|Protect|p2a: Tyranitar\n|-singleturn|p2a: Tyranitar|Protect\n|move|p1a: Samurott|Sacred Sword|p2a: Tyranitar\n|-activate|p2a: Tyranitar|move: Protect\n|\n|-weather|Sandstorm|[upkeep]\n|-damage|p1a: Samurott|61\/100|[from] Sandstorm\n|-heal|p2a: Tyranitar|91\/100|[from] item: Leftovers\n|upkeep\n|turn|14\n|\n|t:|1699915331\n|switch|p2a: Landorus|Landorus-Therian, M|100\/100\n|-damage|p2a: Landorus|88\/100|[from] Stealth Rock\n|-ability|p2a: Landorus|Intimidate|boost\n|-unboost|p1a: Samurott|atk|1\n|move|p1a: Samurott|Ceaseless Edge|p2a: Landorus\n|-damage|p2a: Landorus|50\/100\n|-sidestart|p2: Zan_05|Spikes\n|\n|-weather|Sandstorm|[upkeep]\n|-damage|p1a: Samurott|55\/100|[from] Sandstorm\n|upkeep\n|turn|15\n|\n|t:|1699915348\n|move|p1a: Samurott|Aqua Jet|p2a: Landorus\n|-supereffective|p2a: Landorus\n|-crit|p2a: Landorus\n|-damage|p2a: Landorus|0 fnt\n|faint|p2a: Landorus\n|\n|-weather|none\n|upkeep\n|\n|t:|1699915356\n|switch|p2a: Tyranitar|Tyranitar, F|91\/100\n|-activate|p2a: Tyranitar|move: Sticky Web\n|-unboost|p2a: Tyranitar|spe|1\n|-damage|p2a: Tyranitar|78\/100|[from] Stealth Rock\n|-damage|p2a: Tyranitar|66\/100|[from] Spikes\n|-weather|Sandstorm|[from] ability: Sand Stream|[of] p2a: Tyranitar\n|turn|16\n|\n|t:|1699915364\n|move|p2a: Tyranitar|Protect|p2a: Tyranitar\n|-singleturn|p2a: Tyranitar|Protect\n|move|p1a: Samurott|Sacred Sword|p2a: Tyranitar\n|-activate|p2a: Tyranitar|move: Protect\n|\n|-weather|Sandstorm|[upkeep]\n|-damage|p1a: Samurott|49\/100|[from] Sandstorm\n|-heal|p2a: Tyranitar|72\/100|[from] item: Leftovers\n|upkeep\n|turn|17\n|inactive|Zan_05 has 120 seconds left.\n|\n|t:|1699915398\n|switch|p2a: Glimmora|Glimmora, M|100\/100\n|-activate|p2a: Glimmora|move: Sticky Web\n|-unboost|p2a: Glimmora|spe|1\n|-damage|p2a: Glimmora|88\/100|[from] Stealth Rock\n|-damage|p2a: Glimmora|76\/100|[from] Spikes\n|move|p1a: Samurott|Sacred Sword|p2a: Glimmora\n|-damage|p2a: Glimmora|49\/100\n|-activate|p2a: Glimmora|ability: Toxic Debris\n|-sidestart|p1: Mudkip2077|move: Toxic Spikes\n|\n|-weather|Sandstorm|[upkeep]\n|-damage|p1a: Samurott|42\/100|[from] Sandstorm\n|-heal|p2a: Glimmora|55\/100|[from] item: Black Sludge\n|upkeep\n|turn|18\n|\n|t:|1699915414\n|move|p2a: Glimmora|Spiky Shield|p2a: Glimmora\n|-singleturn|p2a: Glimmora|move: Protect\n|move|p1a: Samurott|Ceaseless Edge|p2a: Glimmora\n|-activate|p2a: Glimmora|move: Protect\n|-damage|p1a: Samurott|30\/100|[from] Spiky Shield|[of] p2a: Glimmora\n|\n|-weather|Sandstorm|[upkeep]\n|-damage|p1a: Samurott|24\/100|[from] Sandstorm\n|-heal|p2a: Glimmora|61\/100|[from] item: Black Sludge\n|upkeep\n|turn|19\n|\n|t:|1699915427\n|move|p1a: Samurott|Ceaseless Edge|p2a: Glimmora\n|-damage|p2a: Glimmora|34\/100\n|-activate|p2a: Glimmora|ability: Toxic Debris\n|-sidestart|p1: Mudkip2077|move: Toxic Spikes\n|-sidestart|p2: Zan_05|Spikes\n|move|p2a: Glimmora|Mortal Spin|p1a: Samurott\n|-damage|p1a: Samurott|17\/100\n|-status|p1a: Samurott|psn\n|-sideend|p2: Zan_05|Spikes|[from] move: Mortal Spin|[of] p2a: Glimmora\n|-sideend|p2: Zan_05|Stealth Rock|[from] move: Mortal Spin|[of] p2a: Glimmora\n|-sideend|p2: Zan_05|Sticky Web|[from] move: Mortal Spin|[of] p2a: Glimmora\n|\n|-weather|Sandstorm|[upkeep]\n|-damage|p1a: Samurott|11\/100 psn|[from] Sandstorm\n|-heal|p2a: Glimmora|40\/100|[from] item: Black Sludge\n|-damage|p1a: Samurott|0 fnt|[from] psn\n|faint|p1a: Samurott\n|upkeep\n|\n|t:|1699915447\n|switch|p1a: Goodra|Goodra-Hisui, F|100\/100\n|turn|20\n|\n|t:|1699915454\n|move|p2a: Glimmora|Spiky Shield|p2a: Glimmora\n|-singleturn|p2a: Glimmora|move: Protect\n|move|p1a: Goodra|Flash Cannon|p2a: Glimmora\n|-activate|p2a: Glimmora|move: Protect\n|\n|-weather|none\n|-heal|p2a: Glimmora|46\/100|[from] item: Black Sludge\n|upkeep\n|turn|21\n|inactive|Zan_05 has 120 seconds left.\n|\n|t:|1699915467\n|switch|p2a: Empoleon|Empoleon, F|100\/100\n|move|p1a: Goodra|Ice Beam|p2a: Empoleon\n|-resisted|p2a: Empoleon\n|-damage|p2a: Empoleon|93\/100\n|\n|upkeep\n|turn|22\n|inactive|Zan_05 has 120 seconds left.\n|\n|t:|1699915476\n|move|p2a: Empoleon|Ice Beam|p1a: Goodra\n|-damage|p1a: Goodra|68\/100\n|-damage|p2a: Empoleon|83\/100|[from] item: Life Orb\n|move|p1a: Goodra|Thunderbolt|p2a: Empoleon\n|-supereffective|p2a: Empoleon\n|-damage|p2a: Empoleon|0 fnt\n|faint|p2a: Empoleon\n|\n|upkeep\n|inactive|Zan_05 has 120 seconds left.\n|\n|t:|1699915496\n|switch|p2a: Glimmora|Glimmora, M|46\/100\n|turn|23\n|\n|t:|1699915501\n|move|p2a: Glimmora|Spiky Shield|p2a: Glimmora\n|-singleturn|p2a: Glimmora|move: Protect\n|move|p1a: Goodra|Flash Cannon|p2a: Glimmora\n|-activate|p2a: Glimmora|move: Protect\n|\n|-heal|p2a: Glimmora|52\/100|[from] item: Black Sludge\n|upkeep\n|turn|24\n|inactive|Zan_05 has 120 seconds left.\n|\n|t:|1699915515\n|switch|p2a: Corviknight|Corviknight, F, shiny|73\/100\n|-ability|p2a: Corviknight|Pressure\n|move|p1a: Goodra|Flash Cannon|p2a: Corviknight\n|-resisted|p2a: Corviknight\n|-damage|p2a: Corviknight|57\/100\n|\n|upkeep\n|turn|25\n|inactive|Zan_05 has 120 seconds left.\n|\n|t:|1699915527\n|move|p2a: Corviknight|Roost|p2a: Corviknight\n|-heal|p2a: Corviknight|100\/100\n|-singleturn|p2a: Corviknight|move: Roost\n|move|p1a: Goodra|Thunderbolt|p2a: Corviknight\n|-damage|p2a: Corviknight|77\/100\n|\n|upkeep\n|turn|26\n|inactive|Zan_05 has 120 seconds left.\n|\n|t:|1699915539\n|move|p2a: Corviknight|Bulk Up|p2a: Corviknight\n|-boost|p2a: Corviknight|atk|1\n|-boost|p2a: Corviknight|def|1\n|move|p1a: Goodra|Thunderbolt|p2a: Corviknight\n|-supereffective|p2a: Corviknight\n|-damage|p2a: Corviknight|18\/100\n|\n|upkeep\n|turn|27\n|\n|t:|1699915550\n|move|p2a: Corviknight|Roost|p2a: Corviknight\n|-heal|p2a: Corviknight|68\/100\n|-singleturn|p2a: Corviknight|move: Roost\n|move|p1a: Goodra|Thunderbolt|p2a: Corviknight\n|-damage|p2a: Corviknight|42\/100\n|\n|upkeep\n|turn|28\n|\n|t:|1699915558\n|move|p2a: Corviknight|Roost|p2a: Corviknight\n|-heal|p2a: Corviknight|92\/100\n|-singleturn|p2a: Corviknight|move: Roost\n|move|p1a: Goodra|Thunderbolt|p2a: Corviknight\n|-damage|p2a: Corviknight|66\/100\n|\n|upkeep\n|turn|29\n|\n|t:|1699915568\n|move|p2a: Corviknight|Bulk Up|p2a: Corviknight\n|-boost|p2a: Corviknight|atk|1\n|-boost|p2a: Corviknight|def|1\n|move|p1a: Goodra|Thunderbolt|p2a: Corviknight\n|-supereffective|p2a: Corviknight\n|-damage|p2a: Corviknight|1\/100\n|\n|upkeep\n|turn|30\n|\n|t:|1699915579\n|move|p2a: Corviknight|Roost|p2a: Corviknight\n|-heal|p2a: Corviknight|51\/100\n|-singleturn|p2a: Corviknight|move: Roost\n|move|p1a: Goodra|Thunderbolt|p2a: Corviknight\n|-damage|p2a: Corviknight|26\/100\n|\n|upkeep\n|turn|31\n|\n|t:|1699915587\n|move|p2a: Corviknight|Roost|p2a: Corviknight\n|-heal|p2a: Corviknight|76\/100\n|-singleturn|p2a: Corviknight|move: Roost\n|move|p1a: Goodra|Thunderbolt|p2a: Corviknight\n|-damage|p2a: Corviknight|51\/100\n|\n|upkeep\n|turn|32\n|\n|t:|1699915596\n|move|p2a: Corviknight|Brave Bird|p1a: Goodra\n|-resisted|p1a: Goodra\n|-damage|p1a: Goodra|33\/100\n|-ability|p1a: Goodra|Gooey\n|-unboost|p2a: Corviknight|spe|1\n|-damage|p2a: Corviknight|40\/100|[from] Recoil\n|move|p1a: Goodra|Thunderbolt|p2a: Corviknight\n|-supereffective|p2a: Corviknight\n|-damage|p2a: Corviknight|0 fnt\n|faint|p2a: Corviknight\n|\n|upkeep\n|\n|t:|1699915611\n|switch|p2a: Kommo-o|Kommo-o, M|100\/100\n|turn|33\n|\n|t:|1699915616\n|-terastallize|p1a: Goodra|Ghost\n|move|p2a: Kommo-o|Clanging Scales|p1a: Goodra\n|-damage|p1a: Goodra|0 fnt\n|faint|p1a: Goodra\n|-unboost|p2a: Kommo-o|def|1\n|-enditem|p2a: Kommo-o|Throat Spray\n|-boost|p2a: Kommo-o|spa|1|[from] item: Throat Spray\n|\n|upkeep\n|\n|t:|1699915626\n|switch|p1a: Delphox|Delphox, F|94\/100\n|turn|34\n|\n|t:|1699915633\n|move|p2a: Kommo-o|Protect|p2a: Kommo-o\n|-singleturn|p2a: Kommo-o|Protect\n|move|p1a: Delphox|Dazzling Gleam|p2a: Kommo-o\n|-activate|p2a: Kommo-o|move: Protect\n|\n|upkeep\n|turn|35\n|\n|t:|1699915646\n|switch|p2a: Glimmora|Glimmora, M|52\/100\n|move|p1a: Delphox|Dazzling Gleam|p2a: Glimmora\n|-resisted|p2a: Glimmora\n|-damage|p2a: Glimmora|39\/100\n|\n|-heal|p2a: Glimmora|46\/100|[from] item: Black Sludge\n|upkeep\n|turn|36\n|\n|t:|1699915657\n|move|p2a: Glimmora|Spiky Shield|p2a: Glimmora\n|-singleturn|p2a: Glimmora|move: Protect\n|move|p1a: Delphox|Psyshock|p2a: Glimmora\n|-activate|p2a: Glimmora|move: Protect\n|\n|-heal|p2a: Glimmora|52\/100|[from] item: Black Sludge\n|upkeep\n|turn|37\n|\n|t:|1699915668\n|switch|p2a: Tyranitar|Tyranitar, F|72\/100\n|-weather|Sandstorm|[from] ability: Sand Stream|[of] p2a: Tyranitar\n|move|p1a: Delphox|Calm Mind|p1a: Delphox\n|-boost|p1a: Delphox|spa|1\n|-boost|p1a: Delphox|spd|1\n|\n|-weather|Sandstorm|[upkeep]\n|-damage|p1a: Delphox|88\/100|[from] Sandstorm\n|-heal|p2a: Tyranitar|78\/100|[from] item: Leftovers\n|upkeep\n|turn|38\n|\n|t:|1699915681\n|-terastallize|p2a: Tyranitar|Rock\n|move|p1a: Delphox|Dazzling Gleam|p2a: Tyranitar\n|-damage|p2a: Tyranitar|55\/100\n|move|p2a: Tyranitar|Earthquake|p1a: Delphox\n|-supereffective|p1a: Delphox\n|-damage|p1a: Delphox|0 fnt\n|faint|p1a: Delphox\n|\n|-weather|Sandstorm|[upkeep]\n|-heal|p2a: Tyranitar|62\/100|[from] item: Leftovers\n|upkeep\n|\n|t:|1699915694\n|switch|p1a: Tsareena|Tsareena, F|100\/100\n|-item|p1a: Tsareena|Air Balloon\n|turn|39\n|\n|t:|1699915701\n|move|p2a: Tyranitar|Protect|p2a: Tyranitar\n|-singleturn|p2a: Tyranitar|Protect\n|move|p1a: Tsareena|Rapid Spin|p2a: Tyranitar\n|-activate|p2a: Tyranitar|move: Protect\n|\n|-weather|Sandstorm|[upkeep]\n|-damage|p1a: Tsareena|95\/100|[from] Sandstorm\n|-heal|p2a: Tyranitar|68\/100|[from] item: Leftovers\n|upkeep\n|turn|40\n|\n|t:|1699915716\n|move|p1a: Tsareena|High Jump Kick|p2a: Tyranitar\n|-supereffective|p2a: Tyranitar\n|-damage|p2a: Tyranitar|10\/100\n|move|p2a: Tyranitar|Rock Tomb|p1a: Tsareena\n|-damage|p1a: Tsareena|49\/100\n|-unboost|p1a: Tsareena|spe|1\n|-enditem|p1a: Tsareena|Air Balloon\n|\n|-weather|Sandstorm|[upkeep]\n|-damage|p1a: Tsareena|43\/100|[from] Sandstorm\n|-heal|p2a: Tyranitar|17\/100|[from] item: Leftovers\n|upkeep\n|turn|41\n|\n|t:|1699915729\n|move|p2a: Tyranitar|Protect|p2a: Tyranitar\n|-singleturn|p2a: Tyranitar|Protect\n|move|p1a: Tsareena|Rapid Spin|p2a: Tyranitar\n|-activate|p2a: Tyranitar|move: Protect\n|\n|-weather|none\n|-heal|p2a: Tyranitar|23\/100|[from] item: Leftovers\n|upkeep\n|turn|42\n|\n|t:|1699915740\n|switch|p2a: Kommo-o|Kommo-o, M|100\/100\n|move|p1a: Tsareena|High Jump Kick|p2a: Kommo-o\n|-damage|p2a: Kommo-o|53\/100\n|\n|upkeep\n|turn|43\n|\n|t:|1699915748\n|move|p2a: Kommo-o|Clanging Scales|p1a: Tsareena\n|-damage|p1a: Tsareena|0 fnt\n|faint|p1a: Tsareena\n|-unboost|p2a: Kommo-o|def|1\n|\n|upkeep\n|\n|t:|1699915754\n|switch|p1a: Leavanny|Leavanny, F|95\/100\n|-status|p1a: Leavanny|tox\n|turn|44\n|\n|t:|1699915764\n|move|p2a: Kommo-o|Protect|p2a: Kommo-o\n|-singleturn|p2a: Kommo-o|Protect\n|move|p1a: Leavanny|Lunge|p2a: Kommo-o\n|-activate|p2a: Kommo-o|move: Protect\n|\n|-damage|p1a: Leavanny|89\/100 tox|[from] psn\n|upkeep\n|turn|45\n|\n|t:|1699915773\n|switch|p2a: Tyranitar|Tyranitar, F, tera:Rock|23\/100\n|-weather|Sandstorm|[from] ability: Sand Stream|[of] p2a: Tyranitar\n|move|p1a: Leavanny|Lunge|p2a: Tyranitar\n|-damage|p2a: Tyranitar|0 fnt\n|faint|p2a: Tyranitar\n|\n|-weather|Sandstorm|[upkeep]\n|-damage|p1a: Leavanny|83\/100 tox|[from] Sandstorm\n|-damage|p1a: Leavanny|71\/100 tox|[from] psn\n|upkeep\n|\n|t:|1699915786\n|switch|p2a: Glimmora|Glimmora, M|52\/100\n|turn|46\n|\n|t:|1699915790\n|move|p2a: Glimmora|Spiky Shield|p2a: Glimmora\n|-singleturn|p2a: Glimmora|move: Protect\n|move|p1a: Leavanny|Leaf Blade|p2a: Glimmora\n|-activate|p2a: Glimmora|move: Protect\n|-damage|p1a: Leavanny|58\/100 tox|[from] Spiky Shield|[of] p2a: Glimmora\n|\n|-weather|Sandstorm|[upkeep]\n|-damage|p1a: Leavanny|52\/100 tox|[from] Sandstorm\n|-heal|p2a: Glimmora|58\/100|[from] item: Black Sludge\n|-damage|p1a: Leavanny|34\/100 tox|[from] psn\n|upkeep\n|turn|47\n|\n|t:|1699915803\n|switch|p2a: Kommo-o|Kommo-o, M|53\/100\n|move|p1a: Leavanny|Lunge|p2a: Kommo-o\n|-resisted|p2a: Kommo-o\n|-crit|p2a: Kommo-o\n|-damage|p2a: Kommo-o|22\/100\n|-unboost|p2a: Kommo-o|atk|1\n|\n|-weather|Sandstorm|[upkeep]\n|-damage|p1a: Leavanny|28\/100 tox|[from] Sandstorm\n|-damage|p1a: Leavanny|4\/100 tox|[from] psn\n|upkeep\n|turn|48\n|\n|t:|1699915815\n|move|p2a: Kommo-o|Protect|p2a: Kommo-o\n|-singleturn|p2a: Kommo-o|Protect\n|move|p1a: Leavanny|Leaf Blade|p2a: Kommo-o\n|-activate|p2a: Kommo-o|move: Protect\n|\n|-weather|Sandstorm|[upkeep]\n|-damage|p1a: Leavanny|0 fnt|[from] Sandstorm\n|faint|p1a: Leavanny\n|\n|win|Zan_05\n|upkeep\n|raw|Mudkip2077's rating: 1016 &rarr; <strong>1003<\/strong><br \/>(-13 for losing)\n|raw|Zan_05's rating: 1000 &rarr; <strong>1042<\/strong><br \/>(+42 for winning)\n|l|\u2606Mudkip2077\n","uploadtime":1699915873,"views":19,"p1id":"mudkip2077","p2id":"zan05","formatid":"gen9ubers","rating":1003,"private":0,"password":""}