{"id":"gen9ubers-1990060854","p1":"Vitu1","p2":"Anne Frankkkk","format":"[Gen 9] Ubers","log":"|j|\u2606Vitu1\n|j|\u2606Anne Frankkkk\n|t:|1699920314\n|gametype|singles\n|player|p1|Vitu1|steven|1214\n|player|p2|Anne Frankkkk|hilbert|1257\n|teamsize|p1|6\n|teamsize|p2|6\n|gen|9\n|tier|[Gen 9] Ubers\n|rated|\n|rule|Sleep Clause Mod: Limit one foe put to sleep\n|rule|Species Clause: Limit one of each Pok\u00e9mon\n|rule|OHKO Clause: OHKO moves are banned\n|rule|Evasion Items Clause: Evasion items are banned\n|rule|Evasion Moves Clause: Evasion moves are banned\n|rule|Endless Battle Clause: Forcing endless battles is banned\n|rule|HP Percentage Mod: HP is shown in percentages\n|clearpoke\n|poke|p1|Grimmsnarl, M|\n|poke|p1|Miraidon|\n|poke|p1|Zacian-*|\n|poke|p1|Koraidon|\n|poke|p1|Iron Moth|\n|poke|p1|Arceus|\n|poke|p2|Iron Hands|\n|poke|p2|Kyogre|\n|poke|p2|Chien-Pao|\n|poke|p2|Ribombee, F|\n|poke|p2|Miraidon|\n|poke|p2|Flutter Mane|\n|teampreview\n|inactive|Battle timer is ON: inactive players will automatically lose when time's up. (requested by Vitu1)\n|\n|t:|1699920334\n|start\n|switch|p1a: Arceus|Arceus|100\/100\n|switch|p2a: Big Boy|Iron Hands, shiny|100\/100\n|turn|1\n|\n|t:|1699920343\n|move|p2a: Big Boy|Fake Out|p1a: Arceus\n|-damage|p1a: Arceus|89\/100\n|cant|p1a: Arceus|flinch\n|\n|upkeep\n|turn|2\n|\n|t:|1699920346\n|-end|p2a: Big Boy|Quark Drive|[silent]\n|switch|p2a: Moonblast|Ribombee, F, shiny|100\/100\n|move|p1a: Arceus|Swords Dance|p1a: Arceus\n|-boost|p1a: Arceus|atk|2\n|\n|upkeep\n|turn|3\n|\n|t:|1699920353\n|move|p2a: Moonblast|Stun Spore|p1a: Arceus\n|-status|p1a: Arceus|par\n|move|p1a: Arceus|Swords Dance|p1a: Arceus\n|-boost|p1a: Arceus|atk|2\n|\n|upkeep\n|turn|4\n|\n|t:|1699920358\n|move|p2a: Moonblast|Sticky Web|p1a: Arceus\n|-sidestart|p1: Vitu1|move: Sticky Web\n|move|p1a: Arceus|Swords Dance|p1a: Arceus\n|-boost|p1a: Arceus|atk|2\n|\n|upkeep\n|turn|5\n|\n|t:|1699920362\n|-terastallize|p1a: Arceus|Normal\n|move|p1a: Arceus|Extreme Speed|p2a: Moonblast\n|-enditem|p2a: Moonblast|Focus Sash\n|-damage|p2a: Moonblast|1\/100\n|move|p2a: Moonblast|Moonblast|p1a: Arceus\n|-damage|p1a: Arceus|63\/100 par\n|-unboost|p1a: Arceus|spa|1\n|\n|upkeep\n|turn|6\n|\n|t:|1699920370\n|move|p1a: Arceus|Extreme Speed|p2a: Moonblast\n|-damage|p2a: Moonblast|0 fnt\n|faint|p2a: Moonblast\n|\n|upkeep\n|\n|t:|1699920372\n|switch|p2a: Ice Cat|Chien-Pao|100\/100\n|-ability|p2a: Ice Cat|Sword of Ruin\n|turn|7\n|\n|t:|1699920374\n|cant|p1a: Arceus|par\n|move|p2a: Ice Cat|Sacred Sword|p1a: Arceus\n|-supereffective|p1a: Arceus\n|-damage|p1a: Arceus|9\/100 par\n|\n|upkeep\n|turn|8\n|\n|t:|1699920378\n|move|p1a: Arceus|Extreme Speed|p2a: Ice Cat\n|-enditem|p2a: Ice Cat|Focus Sash\n|-damage|p2a: Ice Cat|1\/100\n|move|p2a: Ice Cat|Sacred Sword|p1a: Arceus\n|-supereffective|p1a: Arceus\n|-damage|p1a: Arceus|0 fnt\n|faint|p1a: Arceus\n|\n|upkeep\n|\n|t:|1699920390\n|switch|p1a: Grimmsnarl|Grimmsnarl, M, shiny|100\/100\n|-activate|p1a: Grimmsnarl|move: Sticky Web\n|-unboost|p1a: Grimmsnarl|spe|1\n|turn|9\n|\n|t:|1699920395\n|move|p1a: Grimmsnarl|Reflect|p1a: Grimmsnarl\n|-sidestart|p1: Vitu1|Reflect\n|move|p2a: Ice Cat|Sacred Sword|p1a: Grimmsnarl\n|-damage|p1a: Grimmsnarl|74\/100\n|\n|upkeep\n|turn|10\n|\n|t:|1699920399\n|move|p1a: Grimmsnarl|Light Screen|p1a: Grimmsnarl\n|-sidestart|p1: Vitu1|move: Light Screen\n|move|p2a: Ice Cat|Sacred Sword|p1a: Grimmsnarl\n|-damage|p1a: Grimmsnarl|49\/100\n|\n|upkeep\n|turn|11\n|\n|t:|1699920403\n|move|p2a: Ice Cat|Sacred Sword|p1a: Grimmsnarl\n|-damage|p1a: Grimmsnarl|22\/100\n|move|p1a: Grimmsnarl|Play Rough|p2a: Ice Cat\n|-supereffective|p2a: Ice Cat\n|-damage|p2a: Ice Cat|0 fnt\n|faint|p2a: Ice Cat\n|\n|upkeep\n|\n|t:|1699920406\n|switch|p2a: Big Boy|Iron Hands, shiny|100\/100\n|turn|12\n|\n|t:|1699920409\n|move|p1a: Grimmsnarl|Taunt|p2a: Big Boy\n|-start|p2a: Big Boy|move: Taunt\n|move|p2a: Big Boy|Brick Break|p1a: Grimmsnarl\n|-sideend|p1: Vitu1|Reflect\n|-sideend|p1: Vitu1|move: Light Screen\n|-damage|p1a: Grimmsnarl|0 fnt\n|faint|p1a: Grimmsnarl\n|\n|upkeep\n|\n|t:|1699920423\n|switch|p1a: Koraidon|Koraidon|100\/100\n|-activate|p1a: Koraidon|move: Sticky Web\n|-unboost|p1a: Koraidon|spe|1\n|-weather|SunnyDay|[from] ability: Orichalcum Pulse|[of] p1a: Koraidon\n|-activate|p1a: Koraidon|Orichalcum Pulse|[source]\n|turn|13\n|\n|t:|1699920427\n|move|p1a: Koraidon|Flame Charge|p2a: Big Boy\n|-damage|p2a: Big Boy|79\/100\n|-boost|p1a: Koraidon|spe|1\n|move|p2a: Big Boy|Brick Break|p1a: Koraidon\n|-damage|p1a: Koraidon|62\/100\n|\n|-weather|SunnyDay|[upkeep]\n|-heal|p1a: Koraidon|68\/100|[from] item: Leftovers\n|upkeep\n|turn|14\n|\n|t:|1699920433\n|move|p1a: Koraidon|Flame Charge|p2a: Big Boy\n|-damage|p2a: Big Boy|58\/100\n|-boost|p1a: Koraidon|spe|1\n|move|p2a: Big Boy|Brick Break|p1a: Koraidon\n|-damage|p1a: Koraidon|32\/100\n|\n|-weather|SunnyDay|[upkeep]\n|-heal|p1a: Koraidon|38\/100|[from] item: Leftovers\n|-end|p2a: Big Boy|move: Taunt\n|upkeep\n|turn|15\n|\n|t:|1699920444\n|-terastallize|p2a: Big Boy|Fighting\n|move|p1a: Koraidon|Swords Dance|p1a: Koraidon\n|-boost|p1a: Koraidon|atk|2\n|move|p2a: Big Boy|Brick Break|p1a: Koraidon\n|-damage|p1a: Koraidon|0 fnt\n|faint|p1a: Koraidon\n|\n|-weather|SunnyDay|[upkeep]\n|upkeep\n|\n|t:|1699920454\n|switch|p1a: Iron Moth|Iron Moth, shiny|100\/100\n|-activate|p1a: Iron Moth|move: Sticky Web\n|-unboost|p1a: Iron Moth|spe|1\n|-enditem|p1a: Iron Moth|Booster Energy\n|-activate|p1a: Iron Moth|ability: Quark Drive|[fromitem]\n|-start|p1a: Iron Moth|quarkdrivespa\n|turn|16\n|\n|t:|1699920459\n|move|p1a: Iron Moth|Agility|p1a: Iron Moth\n|-boost|p1a: Iron Moth|spe|2\n|move|p2a: Big Boy|Brick Break|p1a: Iron Moth\n|-resisted|p1a: Iron Moth\n|-damage|p1a: Iron Moth|53\/100\n|\n|-weather|SunnyDay|[upkeep]\n|upkeep\n|turn|17\n|\n|t:|1699920464\n|move|p1a: Iron Moth|Psychic|p2a: Big Boy\n|-supereffective|p2a: Big Boy\n|-damage|p2a: Big Boy|3\/100\n|move|p2a: Big Boy|Wild Charge|p1a: Iron Moth\n|-crit|p1a: Iron Moth\n|-damage|p1a: Iron Moth|0 fnt\n|faint|p1a: Iron Moth\n|-end|p1a: Iron Moth|Quark Drive|[silent]\n|-damage|p2a: Big Boy|0 fnt|[from] Recoil\n|faint|p2a: Big Boy\n|-end|p2a: Big Boy|Quark Drive|[silent]\n|\n|-weather|none\n|upkeep\n|\n|t:|1699920473\n|switch|p1a: Zacian|Zacian-Crowned, shiny|100\/100\n|switch|p2a: Cyber Lizard|Miraidon|100\/100\n|-activate|p1a: Zacian|move: Sticky Web\n|-unboost|p1a: Zacian|spe|1\n|-ability|p1a: Zacian|Intrepid Sword|boost\n|-boost|p1a: Zacian|atk|1\n|-fieldstart|move: Electric Terrain|[from] ability: Hadron Engine|[of] p2a: Cyber Lizard\n|-item|p2a: Cyber Lizard|Air Balloon\n|turn|18\n|\n|t:|1699920478\n|move|p2a: Cyber Lizard|Electro Drift|p1a: Zacian\n|-damage|p1a: Zacian|25\/100\n|move|p1a: Zacian|Play Rough|p2a: Cyber Lizard\n|-supereffective|p2a: Cyber Lizard\n|-damage|p2a: Cyber Lizard|0 fnt\n|-enditem|p2a: Cyber Lizard|Air Balloon\n|faint|p2a: Cyber Lizard\n|\n|upkeep\n|\n|t:|1699920481\n|switch|p2a: Misdreavius|Flutter Mane, shiny|100\/100\n|-enditem|p2a: Misdreavius|Booster Energy\n|-activate|p2a: Misdreavius|ability: Protosynthesis|[fromitem]\n|-start|p2a: Misdreavius|protosynthesisspe\n|turn|19\n|\n|t:|1699920487\n|move|p2a: Misdreavius|Shadow Ball|p1a: Zacian\n|-damage|p1a: Zacian|0 fnt\n|faint|p1a: Zacian\n|\n|upkeep\n|\n|t:|1699920490\n|switch|p1a: Miraidon|Miraidon|100\/100\n|-activate|p1a: Miraidon|move: Sticky Web\n|-unboost|p1a: Miraidon|spe|1\n|-activate|p1a: Miraidon|ability: Hadron Engine\n|turn|20\n|\n|t:|1699920495\n|move|p2a: Misdreavius|Moonblast|p1a: Miraidon\n|-supereffective|p1a: Miraidon\n|-crit|p1a: Miraidon\n|-damage|p1a: Miraidon|0 fnt\n|faint|p1a: Miraidon\n|\n|win|Anne Frankkkk\n|raw|Vitu1's rating: 1214 &rarr; <strong>1192<\/strong><br \/>(-22 for losing)\n|raw|Anne Frankkkk's rating: 1257 &rarr; <strong>1279<\/strong><br \/>(+22 for winning)\n|l|\u2606Vitu1\n","uploadtime":1699920503,"views":8,"p1id":"vitu1","p2id":"annefrankkkk","formatid":"gen9ubers","rating":1192,"private":0,"password":""}