{"id":"gen9ubers-1971848004","p1":"1P1o1s1h1e1","p2":"VloneVictini","format":"[Gen 9] Ubers","log":"|j|\u26061P1o1s1h1e1\n|j|\u2606VloneVictini\n|t:|1697780849\n|gametype|singles\n|player|p1|1P1o1s1h1e1|hooligans|\n|player|p2|VloneVictini|170|\n|teamsize|p1|6\n|teamsize|p2|6\n|gen|9\n|tier|[Gen 9] Ubers\n|rule|Sleep Clause Mod: Limit one foe put to sleep\n|rule|Species Clause: Limit one of each Pok\u00e9mon\n|rule|OHKO Clause: OHKO moves are banned\n|rule|Evasion Items Clause: Evasion items are banned\n|rule|Evasion Moves Clause: Evasion moves are banned\n|rule|Endless Battle Clause: Forcing endless battles is banned\n|rule|HP Percentage Mod: HP is shown in percentages\n|clearpoke\n|poke|p1|Ogerpon-Wellspring, F|\n|poke|p1|Heatran, F|\n|poke|p1|Gliscor, M|\n|poke|p1|Arceus-Poison|\n|poke|p1|Zacian-*|\n|poke|p1|Maushold|\n|poke|p2|Cyclizar, M|\n|poke|p2|Arceus-Ice|\n|poke|p2|Palkia|\n|poke|p2|Sneasler, M|\n|poke|p2|Garchomp, F|\n|poke|p2|Magearna|\n|teampreview\n|\n|t:|1697780903\n|start\n|switch|p1a: Gliscor|Gliscor, M|100\/100\n|switch|p2a: Cyclizar|Cyclizar, M|100\/100\n|turn|1\n|\n|t:|1697780917\n|move|p1a: Gliscor|Protect|p1a: Gliscor\n|-singleturn|p1a: Gliscor|Protect\n|move|p2a: Cyclizar|Knock Off|p1a: Gliscor\n|-activate|p1a: Gliscor|move: Protect\n|\n|-status|p1a: Gliscor|tox|[from] item: Toxic Orb\n|upkeep\n|turn|2\n|\n|t:|1697780941\n|move|p2a: Cyclizar|Shed Tail|p2a: Cyclizar\n|-start|p2a: Cyclizar|Substitute|[from] move: Shed Tail\n|-damage|p2a: Cyclizar|50\/100\n|\n|t:|1697780944\n|switch|p2a: Palkia|Palkia|100\/100|[from] Shed Tail\n|-ability|p2a: Palkia|Pressure\n|move|p1a: Gliscor|Toxic Spikes|p2a: Palkia\n|-sidestart|p2: VloneVictini|move: Toxic Spikes\n|\n|upkeep\n|turn|3\n|\n|t:|1697780952\n|switch|p1a: Zacian|Zacian|100\/100\n|-ability|p1a: Zacian|Intrepid Sword|boost\n|-boost|p1a: Zacian|atk|1\n|move|p2a: Palkia|Hydro Pump|p1a: Zacian\n|-damage|p1a: Zacian|65\/100\n|\n|upkeep\n|turn|4\n|\n|t:|1697780998\n|move|p1a: Zacian|Play Rough|p2a: Palkia\n|-supereffective|p2a: Palkia\n|-crit|p2a: Palkia\n|-end|p2a: Palkia|Substitute\n|move|p2a: Palkia|Hydro Pump|p1a: Zacian\n|-damage|p1a: Zacian|28\/100\n|\n|upkeep\n|turn|5\n|\n|t:|1697781062\n|switch|p2a: Cyclizar|Cyclizar, M|84\/100\n|move|p1a: Zacian|Body Slam|p2a: Cyclizar\n|-damage|p2a: Cyclizar|15\/100\n|\n|upkeep\n|turn|6\n|\n|t:|1697781098\n|move|p1a: Zacian|Body Slam|p2a: Cyclizar\n|-damage|p2a: Cyclizar|0 fnt\n|faint|p2a: Cyclizar\n|\n|upkeep\n|\n|t:|1697781101\n|switch|p2a: Magearna|Magearna|100\/100\n|turn|7\n|\n|t:|1697781112\n|switch|p1a: Heatran|Heatran, F|100\/100\n|move|p2a: Magearna|Draining Kiss|p1a: Heatran\n|-resisted|p1a: Heatran\n|-damage|p1a: Heatran|97\/100\n|\n|-heal|p1a: Heatran|100\/100|[from] item: Leftovers\n|upkeep\n|turn|8\n|\n|t:|1697781129\n|switch|p2a: Garchomp|Garchomp, F|100\/100\n|-status|p2a: Garchomp|psn\n|move|p1a: Heatran|Magma Storm|p2a: Garchomp\n|-resisted|p2a: Garchomp\n|-damage|p2a: Garchomp|76\/100 psn\n|-activate|p2a: Garchomp|move: Magma Storm|[of] p1a: Heatran\n|\n|-damage|p2a: Garchomp|64\/100 psn|[from] psn\n|-damage|p2a: Garchomp|51\/100 psn|[from] move: Magma Storm|[partiallytrapped]\n|upkeep\n|turn|9\n|\n|t:|1697781159\n|switch|p1a: Maushold|Maushold|100\/100\n|move|p2a: Garchomp|Scale Shot|p1a: Maushold\n|-damage|p1a: Maushold|79\/100\n|-damage|p1a: Maushold|60\/100\n|-damage|p1a: Maushold|40\/100\n|-damage|p1a: Maushold|19\/100\n|-damage|p1a: Maushold|0 fnt\n|faint|p1a: Maushold\n|-hitcount|p1: Maushold|5\n|-unboost|p2a: Garchomp|def|1\n|-boost|p2a: Garchomp|spe|1\n|\n|-damage|p2a: Garchomp|39\/100 psn|[from] psn\n|-end|p2a: Garchomp|Magma Storm|[partiallytrapped]|[silent]\n|upkeep\n|\n|t:|1697781166\n|switch|p1a: Gliscor|Gliscor, M|100\/100 tox\n|turn|10\n|\n|t:|1697781189\n|move|p2a: Garchomp|Swords Dance|p2a: Garchomp\n|-boost|p2a: Garchomp|atk|2\n|move|p1a: Gliscor|Earthquake|p2a: Garchomp\n|-damage|p2a: Garchomp|0 fnt\n|faint|p2a: Garchomp\n|\n|upkeep\n|\n|t:|1697781250\n|switch|p2a: Sneasler|Sneasler, M, shiny|100\/100\n|-sideend|p2: VloneVictini|move: Toxic Spikes|[of] p2a: Sneasler\n|turn|11\n|\n|t:|1697781267\n|switch|p2a: Arceus|Arceus-Ice|100\/100\n|move|p1a: Gliscor|Earthquake|p2a: Arceus\n|-damage|p2a: Arceus|74\/100\n|\n|upkeep\n|turn|12\n|\n|t:|1697781289\n|switch|p1a: Heatran|Heatran, F|100\/100\n|move|p2a: Arceus|Judgment|p1a: Heatran\n|-resisted|p1a: Heatran\n|-damage|p1a: Heatran|91\/100\n|\n|-heal|p1a: Heatran|98\/100|[from] item: Leftovers\n|upkeep\n|turn|13\n|\n|t:|1697781303\n|switch|p2a: Magearna|Magearna|100\/100\n|move|p1a: Heatran|Stealth Rock|p2a: Magearna\n|-sidestart|p2: VloneVictini|move: Stealth Rock\n|\n|-heal|p1a: Heatran|100\/100|[from] item: Leftovers\n|upkeep\n|turn|14\n|\n|t:|1697781318\n|move|p1a: Heatran|Taunt|p2a: Magearna\n|-start|p2a: Magearna|move: Taunt\n|cant|p2a: Magearna|move: Taunt|Spikes\n|\n|upkeep\n|turn|15\n|\n|t:|1697781324\n|switch|p1a: Zacian|Zacian|28\/100\n|move|p2a: Magearna|Volt Switch|p1a: Zacian\n|-damage|p1a: Zacian|16\/100\n|\n|t:|1697781355\n|switch|p2a: Arceus|Arceus-Ice|74\/100|[from] Volt Switch\n|-damage|p2a: Arceus|49\/100|[from] Stealth Rock\n|\n|upkeep\n|turn|16\n|\n|t:|1697781362\n|move|p1a: Zacian|Close Combat|p2a: Arceus\n|-supereffective|p2a: Arceus\n|-damage|p2a: Arceus|0 fnt\n|-unboost|p1a: Zacian|def|1\n|-unboost|p1a: Zacian|spd|1\n|faint|p2a: Arceus\n|\n|upkeep\n|\n|t:|1697781372\n|switch|p2a: Magearna|Magearna|100\/100\n|-damage|p2a: Magearna|94\/100|[from] Stealth Rock\n|turn|17\n|\n|t:|1697781377\n|move|p1a: Zacian|Body Slam|p2a: Magearna\n|-resisted|p2a: Magearna\n|-damage|p2a: Magearna|84\/100\n|-status|p2a: Magearna|par\n|cant|p2a: Magearna|par\n|\n|-heal|p2a: Magearna|90\/100 par|[from] item: Leftovers\n|upkeep\n|turn|18\n|\n|t:|1697781390\n|switch|p1a: Ogerpon|Ogerpon-Wellspring, F|100\/100\n|move|p2a: Magearna|Draining Kiss|p1a: Ogerpon\n|-damage|p1a: Ogerpon|77\/100\n|-heal|p2a: Magearna|100\/100 par|[from] drain|[of] p1a: Ogerpon\n|\n|upkeep\n|turn|19\n|\n|t:|1697781393\n|move|p1a: Ogerpon|Substitute|p1a: Ogerpon\n|-start|p1a: Ogerpon|Substitute\n|-damage|p1a: Ogerpon|52\/100\n|move|p2a: Magearna|Thunder Wave||[still]\n|-fail|p2a: Magearna\n|\n|upkeep\n|turn|20\n|\n|t:|1697781398\n|move|p1a: Ogerpon|Swords Dance|p1a: Ogerpon\n|-boost|p1a: Ogerpon|atk|2\n|move|p2a: Magearna|Volt Switch|p1a: Ogerpon\n|-end|p1a: Ogerpon|Substitute\n|\n|t:|1697781429\n|switch|p2a: Sneasler|Sneasler, M, shiny|100\/100|[from] Volt Switch\n|-damage|p2a: Sneasler|95\/100|[from] Stealth Rock\n|\n|upkeep\n|turn|21\n|\n|t:|1697781436\n|switch|p1a: Arceus|Arceus-Poison|100\/100\n|move|p2a: Sneasler|Close Combat|p1a: Arceus\n|-resisted|p1a: Arceus\n|-damage|p1a: Arceus|83\/100\n|-unboost|p2a: Sneasler|def|1\n|-unboost|p2a: Sneasler|spd|1\n|-enditem|p2a: Sneasler|White Herb\n|-clearnegativeboost|p2a: Sneasler|[silent]\n|\n|upkeep\n|turn|22\n|\n|t:|1697781453\n|switch|p2a: Magearna|Magearna|100\/100 par\n|-damage|p2a: Magearna|94\/100 par|[from] Stealth Rock\n|move|p1a: Arceus|Will-O-Wisp||[still]\n|-fail|p1a: Arceus\n|\n|-heal|p2a: Magearna|100\/100 par|[from] item: Leftovers\n|upkeep\n|turn|23\n|\n|t:|1697781458\n|move|p1a: Arceus|Taunt|p2a: Magearna\n|-start|p2a: Magearna|move: Taunt\n|move|p2a: Magearna|Volt Switch|p1a: Arceus\n|-damage|p1a: Arceus|70\/100\n|\n|t:|1697781462\n|switch|p2a: Palkia|Palkia|100\/100|[from] Volt Switch\n|-damage|p2a: Palkia|88\/100|[from] Stealth Rock\n|-ability|p2a: Palkia|Pressure\n|\n|upkeep\n|turn|24\n|\n|t:|1697781483\n|switch|p1a: Gliscor|Gliscor, M|100\/100 tox\n|move|p2a: Palkia|Earth Power|p1a: Gliscor\n|-immune|p1a: Gliscor\n|\n|upkeep\n|turn|25\n|\n|t:|1697781516\n|switch|p1a: Ogerpon|Ogerpon-Wellspring, F|52\/100\n|move|p2a: Palkia|Spacial Rend|p1a: Ogerpon\n|-damage|p1a: Ogerpon|0 fnt\n|faint|p1a: Ogerpon\n|\n|upkeep\n|\n|t:|1697781523\n|switch|p1a: Zacian|Zacian|16\/100\n|turn|26\n|\n|t:|1697781549\n|-terastallize|p2a: Palkia|Normal\n|move|p1a: Zacian|Play Rough|p2a: Palkia\n|-damage|p2a: Palkia|43\/100\n|move|p2a: Palkia|Hyper Voice|p1a: Zacian\n|-damage|p1a: Zacian|0 fnt\n|faint|p1a: Zacian\n|-enditem|p2a: Palkia|Throat Spray\n|-boost|p2a: Palkia|spa|1|[from] item: Throat Spray\n|\n|upkeep\n|\n|t:|1697781556\n|switch|p1a: Heatran|Heatran, F|100\/100\n|turn|27\n|\n|t:|1697781637\n|-terastallize|p1a: Heatran|Grass\n|move|p2a: Palkia|Spacial Rend|p1a: Heatran\n|-damage|p1a: Heatran|45\/100\n|move|p1a: Heatran|Magma Storm|p2a: Palkia|[miss]\n|-miss|p1a: Heatran|p2a: Palkia\n|\n|-heal|p1a: Heatran|52\/100|[from] item: Leftovers\n|upkeep\n|turn|28\n|\n|t:|1697781663\n|move|p2a: Palkia|Spacial Rend|p1a: Heatran\n|-damage|p1a: Heatran|0 fnt\n|faint|p1a: Heatran\n|\n|upkeep\n|\n|t:|1697781673\n|switch|p1a: Arceus|Arceus-Poison|70\/100\n|turn|29\n|\n|t:|1697781688\n|move|p2a: Palkia|Earth Power|p1a: Arceus\n|-supereffective|p1a: Arceus\n|-damage|p1a: Arceus|7\/100\n|move|p1a: Arceus|Gunk Shot|p2a: Palkia\n|-crit|p2a: Palkia\n|-damage|p2a: Palkia|0 fnt\n|faint|p2a: Palkia\n|\n|upkeep\n|\n|t:|1697781744\n|switch|p2a: Magearna|Magearna|100\/100 par\n|-damage|p2a: Magearna|94\/100 par|[from] Stealth Rock\n|turn|30\n|\n|t:|1697781774\n|move|p1a: Arceus|Recover|p1a: Arceus\n|-heal|p1a: Arceus|57\/100\n|move|p2a: Magearna|Thunder Wave|p1a: Arceus\n|-status|p1a: Arceus|par\n|\n|-heal|p2a: Magearna|100\/100 par|[from] item: Leftovers\n|upkeep\n|turn|31\n|\n|t:|1697781785\n|cant|p1a: Arceus|par\n|move|p2a: Magearna|Volt Switch|p1a: Arceus\n|-damage|p1a: Arceus|44\/100 par\n|\n|t:|1697781787\n|switch|p2a: Sneasler|Sneasler, M, shiny|95\/100|[from] Volt Switch\n|-damage|p2a: Sneasler|89\/100|[from] Stealth Rock\n|\n|upkeep\n|turn|32\n|\n|t:|1697781791\n|move|p2a: Sneasler|Swords Dance|p2a: Sneasler\n|-boost|p2a: Sneasler|atk|2\n|move|p1a: Arceus|Will-O-Wisp|p2a: Sneasler\n|-status|p2a: Sneasler|brn\n|\n|-damage|p2a: Sneasler|83\/100 brn|[from] brn\n|upkeep\n|turn|33\n|\n|t:|1697781795\n|move|p2a: Sneasler|Swords Dance|p2a: Sneasler\n|-boost|p2a: Sneasler|atk|2\n|move|p1a: Arceus|Recover|p1a: Arceus\n|-heal|p1a: Arceus|94\/100 par\n|\n|-damage|p2a: Sneasler|77\/100 brn|[from] brn\n|upkeep\n|turn|34\n|\n|t:|1697781797\n|move|p2a: Sneasler|Swords Dance|p2a: Sneasler\n|-boost|p2a: Sneasler|atk|2\n|move|p1a: Arceus|Gunk Shot|p2a: Sneasler\n|-resisted|p2a: Sneasler\n|-damage|p2a: Sneasler|27\/100 brn\n|\n|-damage|p2a: Sneasler|21\/100 brn|[from] brn\n|upkeep\n|turn|35\n|\n|t:|1697781815\n|move|p2a: Sneasler|Close Combat|p1a: Arceus\n|-resisted|p1a: Arceus\n|-damage|p1a: Arceus|57\/100 par\n|-unboost|p2a: Sneasler|def|1\n|-unboost|p2a: Sneasler|spd|1\n|move|p1a: Arceus|Gunk Shot|p2a: Sneasler\n|-resisted|p2a: Sneasler\n|-damage|p2a: Sneasler|0 fnt\n|faint|p2a: Sneasler\n|\n|upkeep\n|\n|t:|1697781822\n|switch|p2a: Magearna|Magearna|100\/100 par\n|-damage|p2a: Magearna|94\/100 par|[from] Stealth Rock\n|turn|36\n|-message|VloneVictini forfeited.\n|\n|win|1P1o1s1h1e1\n","uploadtime":1697781838,"views":12,"p1id":"1p1o1s1h1e1","p2id":"vlonevictini","formatid":"gen9ubers","rating":0,"private":0,"password":""}