{"id":"gen9ubers-1989588096","p1":"subishan","p2":"Zezroy6","format":"[Gen 9] Ubers","log":"|j|\u2606subishan\n|j|\u2606Zezroy6\n|t:|1699875478\n|gametype|singles\n|player|p1|subishan|101|1046\n|player|p2|Zezroy6|janitor|1000\n|teamsize|p1|6\n|teamsize|p2|6\n|gen|9\n|tier|[Gen 9] Ubers\n|rated|\n|rule|Sleep Clause Mod: Limit one foe put to sleep\n|rule|Species Clause: Limit one of each Pok\u00e9mon\n|rule|OHKO Clause: OHKO moves are banned\n|rule|Evasion Items Clause: Evasion items are banned\n|rule|Evasion Moves Clause: Evasion moves are banned\n|rule|Endless Battle Clause: Forcing endless battles is banned\n|rule|HP Percentage Mod: HP is shown in percentages\n|clearpoke\n|poke|p1|Kingambit, M|\n|poke|p1|Kyogre|\n|poke|p1|Corviknight, F|\n|poke|p1|Chi-Yu|\n|poke|p1|Zacian-*|\n|poke|p1|Miraidon|\n|poke|p2|Chansey, F|\n|poke|p2|Dusclops, F|\n|poke|p2|Volcarona, F|\n|poke|p2|Eternatus|\n|poke|p2|Great Tusk|\n|poke|p2|Flutter Mane|\n|teampreview\n|c|\u2606Zezroy6|gl hf\n|\n|t:|1699875498\n|start\n|switch|p1a: \u559c\u9e4a|Corviknight, F|100\/100\n|switch|p2a: weedlord|Flutter Mane|100\/100\n|turn|1\n|\n|t:|1699875516\n|switch|p1a: \u9ca4\u9c7c\u738b|Kyogre|100\/100\n|-weather|RainDance|[from] ability: Drizzle|[of] p1a: \u9ca4\u9c7c\u738b\n|move|p2a: weedlord|Shadow Ball|p1a: \u9ca4\u9c7c\u738b\n|-damage|p1a: \u9ca4\u9c7c\u738b|65\/100\n|\n|-weather|RainDance|[upkeep]\n|upkeep\n|turn|2\n|\n|t:|1699875543\n|-end|p2a: weedlord|Protosynthesis|[silent]\n|switch|p2a: egglord|Chansey, F|100\/100\n|move|p1a: \u9ca4\u9c7c\u738b|Origin Pulse|p2a: egglord\n|-damage|p2a: egglord|66\/100\n|\n|-weather|RainDance|[upkeep]\n|upkeep\n|turn|3\n|\n|t:|1699875579\n|move|p1a: \u9ca4\u9c7c\u738b|Origin Pulse|p2a: egglord\n|-damage|p2a: egglord|29\/100\n|move|p2a: egglord|Stealth Rock|p1a: \u9ca4\u9c7c\u738b\n|-sidestart|p1: subishan|move: Stealth Rock\n|\n|-weather|RainDance|[upkeep]\n|upkeep\n|turn|4\n|\n|t:|1699875592\n|move|p1a: \u9ca4\u9c7c\u738b|Origin Pulse|p2a: egglord\n|-damage|p2a: egglord|0 fnt\n|faint|p2a: egglord\n|\n|-weather|RainDance|[upkeep]\n|upkeep\n|\n|t:|1699875598\n|switch|p2a: skeletorlord|Eternatus|100\/100\n|-ability|p2a: skeletorlord|Pressure\n|turn|5\n|l|\u2606subishan\n|player|p1|\n|inactive|Battle timer is ON: inactive players will automatically lose when time's up. (requested by Zezroy6)\n|j|\u2606subishan\n|inactive|subishan reconnected and has 130 seconds left.\n|player|p1|subishan|101\n|inactive|subishan has 120 seconds left.\n|\n|t:|1699875649\n|switch|p2a: lamplord|Volcarona, F|100\/100\n|switch|p1a: \u559c\u9e4a|Corviknight, F|100\/100\n|-damage|p1a: \u559c\u9e4a|88\/100|[from] Stealth Rock\n|\n|-weather|none\n|-heal|p1a: \u559c\u9e4a|94\/100|[from] item: Leftovers\n|upkeep\n|turn|6\n|\n|t:|1699875666\n|move|p2a: lamplord|Quiver Dance|p2a: lamplord\n|-boost|p2a: lamplord|spa|1\n|-boost|p2a: lamplord|spd|1\n|-boost|p2a: lamplord|spe|1\n|move|p1a: \u559c\u9e4a|Brave Bird|p2a: lamplord\n|-supereffective|p2a: lamplord\n|-damage|p2a: lamplord|0 fnt\n|faint|p2a: lamplord\n|-damage|p1a: \u559c\u9e4a|68\/100|[from] Recoil\n|\n|-heal|p1a: \u559c\u9e4a|74\/100|[from] item: Leftovers\n|upkeep\n|\n|t:|1699875689\n|switch|p2a: weedlord|Flutter Mane|100\/100\n|turn|7\n|\n|t:|1699875715\n|switch|p1a: \u9ca4\u9c7c\u738b|Kyogre|65\/100\n|-damage|p1a: \u9ca4\u9c7c\u738b|53\/100|[from] Stealth Rock\n|-weather|RainDance|[from] ability: Drizzle|[of] p1a: \u9ca4\u9c7c\u738b\n|move|p2a: weedlord|Shadow Ball|p1a: \u9ca4\u9c7c\u738b\n|-damage|p1a: \u9ca4\u9c7c\u738b|18\/100\n|\n|-weather|RainDance|[upkeep]\n|upkeep\n|turn|8\n|\n|t:|1699875725\n|move|p2a: weedlord|Shadow Ball|p1a: \u9ca4\u9c7c\u738b\n|-damage|p1a: \u9ca4\u9c7c\u738b|0 fnt\n|faint|p1a: \u9ca4\u9c7c\u738b\n|\n|-weather|RainDance|[upkeep]\n|upkeep\n|\n|t:|1699875732\n|switch|p1a: Chi-Yu|Chi-Yu|100\/100\n|-damage|p1a: Chi-Yu|75\/100|[from] Stealth Rock\n|-ability|p1a: Chi-Yu|Beads of Ruin\n|turn|9\n|\n|t:|1699875743\n|-end|p2a: weedlord|Protosynthesis|[silent]\n|switch|p2a: skeletorlord|Eternatus|100\/100\n|-ability|p2a: skeletorlord|Pressure\n|move|p1a: Chi-Yu|Dark Pulse|p2a: skeletorlord\n|-damage|p2a: skeletorlord|48\/100\n|\n|-weather|RainDance|[upkeep]\n|upkeep\n|turn|10\n|\n|t:|1699875756\n|move|p1a: Chi-Yu|Dark Pulse|p2a: skeletorlord\n|-damage|p2a: skeletorlord|0 fnt\n|faint|p2a: skeletorlord\n|\n|-weather|RainDance|[upkeep]\n|upkeep\n|\n|t:|1699875758\n|switch|p2a: wheellord|Great Tusk|100\/100\n|turn|11\n|\n|t:|1699875765\n|move|p1a: Chi-Yu|Dark Pulse|p2a: wheellord\n|-resisted|p2a: wheellord\n|-damage|p2a: wheellord|80\/100\n|move|p2a: wheellord|Close Combat|p1a: Chi-Yu\n|-supereffective|p1a: Chi-Yu\n|-damage|p1a: Chi-Yu|0 fnt\n|-unboost|p2a: wheellord|def|1\n|-unboost|p2a: wheellord|spd|1\n|faint|p1a: Chi-Yu\n|\n|-weather|none\n|upkeep\n|inactive|subishan has 120 seconds left.\n|\n|t:|1699875795\n|switch|p1a: \u559c\u9e4a|Corviknight, F|74\/100\n|-damage|p1a: \u559c\u9e4a|61\/100|[from] Stealth Rock\n|turn|12\n|inactive|subishan has 120 seconds left.\n|c|\u2606subishan|Why all of ur pkms called \u201clord\u201d\n|\n|t:|1699875824\n|-end|p2a: wheellord|Protosynthesis|[silent]\n|switch|p2a: weedlord|Flutter Mane|100\/100\n|move|p1a: \u559c\u9e4a|Iron Defense|p1a: \u559c\u9e4a\n|-boost|p1a: \u559c\u9e4a|def|2\n|\n|-heal|p1a: \u559c\u9e4a|68\/100|[from] item: Leftovers\n|upkeep\n|turn|13\n|c|\u2606Zezroy6|they lord\n|\n|t:|1699875840\n|switch|p1a: \u5927\u72d7\u72d7|Zacian-Crowned|100\/100\n|-damage|p1a: \u5927\u72d7\u72d7|94\/100|[from] Stealth Rock\n|-ability|p1a: \u5927\u72d7\u72d7|Intrepid Sword|boost\n|-boost|p1a: \u5927\u72d7\u72d7|atk|1\n|move|p2a: weedlord|Shadow Ball|p1a: \u5927\u72d7\u72d7\n|-damage|p1a: \u5927\u72d7\u72d7|50\/100\n|\n|upkeep\n|turn|14\n|inactive|subishan has 90 seconds left.\n|\n|t:|1699875862\n|-terastallize|p2a: weedlord|Ghost\n|move|p2a: weedlord|Shadow Ball|p1a: \u5927\u72d7\u72d7\n|-damage|p1a: \u5927\u72d7\u72d7|0 fnt\n|faint|p1a: \u5927\u72d7\u72d7\n|\n|upkeep\n|inactive|subishan has 90 seconds left.\n|\n|t:|1699875870\n|switch|p1a: \u7535\u9f99|Miraidon|100\/100\n|-damage|p1a: \u7535\u9f99|88\/100|[from] Stealth Rock\n|-fieldstart|move: Electric Terrain|[from] ability: Hadron Engine|[of] p1a: \u7535\u9f99\n|turn|15\n|\n|t:|1699875885\n|-end|p2a: weedlord|Protosynthesis|[silent]\n|switch|p2a: handlord|Dusclops, F|100\/100\n|-item|p1a: \u7535\u9f99|Choice Scarf|[from] ability: Frisk|[of] p2a: handlord|[identify]\n|move|p1a: \u7535\u9f99|Dazzling Gleam|p2a: handlord\n|-damage|p2a: handlord|74\/100\n|\n|upkeep\n|turn|16\n|\n|t:|1699875894\n|switch|p1a: \u559c\u9e4a|Corviknight, F|68\/100\n|-damage|p1a: \u559c\u9e4a|55\/100|[from] Stealth Rock\n|move|p2a: handlord|Night Shade|p1a: \u559c\u9e4a\n|-damage|p1a: \u559c\u9e4a|30\/100\n|\n|-heal|p1a: \u559c\u9e4a|36\/100|[from] item: Leftovers\n|upkeep\n|turn|17\n|\n|t:|1699875902\n|move|p1a: \u559c\u9e4a|Roost|p1a: \u559c\u9e4a\n|-heal|p1a: \u559c\u9e4a|86\/100\n|-singleturn|p1a: \u559c\u9e4a|move: Roost\n|move|p2a: handlord|Will-O-Wisp|p1a: \u559c\u9e4a\n|-status|p1a: \u559c\u9e4a|brn\n|\n|-heal|p1a: \u559c\u9e4a|93\/100 brn|[from] item: Leftovers\n|-damage|p1a: \u559c\u9e4a|86\/100 brn|[from] brn\n|upkeep\n|turn|18\n|c|\u2606Zezroy6|why are all yours called ching and or chong?\n|\n|t:|1699875922\n|move|p1a: \u559c\u9e4a|Iron Defense|p1a: \u559c\u9e4a\n|-boost|p1a: \u559c\u9e4a|def|2\n|move|p2a: handlord|Night Shade|p1a: \u559c\u9e4a\n|-damage|p1a: \u559c\u9e4a|61\/100 brn\n|\n|-heal|p1a: \u559c\u9e4a|68\/100 brn|[from] item: Leftovers\n|-damage|p1a: \u559c\u9e4a|61\/100 brn|[from] brn\n|upkeep\n|turn|19\n|inactive|subishan has 90 seconds left.\n|\n|t:|1699875967\n|move|p1a: \u559c\u9e4a|Brave Bird|p2a: handlord\n|-damage|p2a: handlord|66\/100\n|-damage|p1a: \u559c\u9e4a|59\/100 brn|[from] Recoil\n|move|p2a: handlord|Night Shade|p1a: \u559c\u9e4a\n|-damage|p1a: \u559c\u9e4a|34\/100 brn\n|\n|-heal|p1a: \u559c\u9e4a|41\/100 brn|[from] item: Leftovers\n|-damage|p1a: \u559c\u9e4a|34\/100 brn|[from] brn\n|-fieldend|move: Electric Terrain\n|upkeep\n|turn|20\n|c|\u2606subishan|huh\uff1f\n|\n|t:|1699875985\n|move|p1a: \u559c\u9e4a|Roost|p1a: \u559c\u9e4a\n|-heal|p1a: \u559c\u9e4a|84\/100 brn\n|-singleturn|p1a: \u559c\u9e4a|move: Roost\n|move|p2a: handlord|Pain Split|p1a: \u559c\u9e4a\n|-sethp|p1a: \u559c\u9e4a|66\/100 brn|[from] move: Pain Split|[silent]\n|-sethp|p2a: handlord|92\/100|[from] move: Pain Split\n|\n|-heal|p1a: \u559c\u9e4a|72\/100 brn|[from] item: Leftovers\n|-damage|p1a: \u559c\u9e4a|66\/100 brn|[from] brn\n|upkeep\n|turn|21\n|\n|t:|1699875998\n|switch|p1a: \u7535\u9f99|Miraidon|88\/100\n|-damage|p1a: \u7535\u9f99|76\/100|[from] Stealth Rock\n|-fieldstart|move: Electric Terrain|[from] ability: Hadron Engine|[of] p1a: \u7535\u9f99\n|move|p2a: handlord|Night Shade|p1a: \u7535\u9f99\n|-damage|p1a: \u7535\u9f99|47\/100\n|\n|upkeep\n|turn|22\n|\n|t:|1699876016\n|move|p1a: \u7535\u9f99|Electro Drift|p2a: handlord\n|-damage|p2a: handlord|34\/100\n|move|p2a: handlord|Night Shade|p1a: \u7535\u9f99\n|-damage|p1a: \u7535\u9f99|17\/100\n|\n|upkeep\n|turn|23\n|\n|t:|1699876023\n|switch|p2a: wheellord|Great Tusk|80\/100\n|move|p1a: \u7535\u9f99|Electro Drift|p2a: wheellord\n|-immune|p2a: wheellord\n|\n|upkeep\n|turn|24\n|\n|t:|1699876031\n|move|p1a: \u7535\u9f99|Electro Drift|p2a: wheellord\n|-immune|p2a: wheellord\n|move|p2a: wheellord|Close Combat|p1a: \u7535\u9f99\n|-damage|p1a: \u7535\u9f99|0 fnt\n|-unboost|p2a: wheellord|def|1\n|-unboost|p2a: wheellord|spd|1\n|faint|p1a: \u7535\u9f99\n|\n|upkeep\n|\n|t:|1699876040\n|switch|p1a: \u559c\u9e4a|Corviknight, F|66\/100 brn\n|-damage|p1a: \u559c\u9e4a|53\/100 brn|[from] Stealth Rock\n|turn|25\n|\n|t:|1699876046\n|-end|p2a: wheellord|Protosynthesis|[silent]\n|switch|p2a: handlord|Dusclops, F|34\/100\n|-item|p1a: \u559c\u9e4a|Leftovers|[from] ability: Frisk|[of] p2a: handlord|[identify]\n|move|p1a: \u559c\u9e4a|Roost|p1a: \u559c\u9e4a\n|-heal|p1a: \u559c\u9e4a|100\/100 brn\n|-singleturn|p1a: \u559c\u9e4a|move: Roost\n|\n|-damage|p1a: \u559c\u9e4a|94\/100 brn|[from] brn\n|-fieldend|move: Electric Terrain\n|upkeep\n|turn|26\n|\n|t:|1699876058\n|move|p1a: \u559c\u9e4a|Iron Defense|p1a: \u559c\u9e4a\n|-boost|p1a: \u559c\u9e4a|def|2\n|move|p2a: handlord|Pain Split|p1a: \u559c\u9e4a\n|-sethp|p1a: \u559c\u9e4a|59\/100 brn|[from] move: Pain Split|[silent]\n|-sethp|p2a: handlord|83\/100|[from] move: Pain Split\n|\n|-heal|p1a: \u559c\u9e4a|65\/100 brn|[from] item: Leftovers\n|-damage|p1a: \u559c\u9e4a|59\/100 brn|[from] brn\n|upkeep\n|turn|27\n|\n|t:|1699876069\n|move|p1a: \u559c\u9e4a|Brave Bird|p2a: handlord\n|-damage|p2a: handlord|74\/100\n|-damage|p1a: \u559c\u9e4a|57\/100 brn|[from] Recoil\n|move|p2a: handlord|Night Shade|p1a: \u559c\u9e4a\n|-damage|p1a: \u559c\u9e4a|32\/100 brn\n|\n|-heal|p1a: \u559c\u9e4a|38\/100 brn|[from] item: Leftovers\n|-damage|p1a: \u559c\u9e4a|32\/100 brn|[from] brn\n|upkeep\n|turn|28\n|inactive|subishan has 90 seconds left.\n|\n|t:|1699876078\n|move|p1a: \u559c\u9e4a|Brave Bird|p2a: handlord\n|-damage|p2a: handlord|66\/100\n|-damage|p1a: \u559c\u9e4a|30\/100 brn|[from] Recoil\n|move|p2a: handlord|Night Shade|p1a: \u559c\u9e4a\n|-damage|p1a: \u559c\u9e4a|5\/100 brn\n|\n|-heal|p1a: \u559c\u9e4a|11\/100 brn|[from] item: Leftovers\n|-damage|p1a: \u559c\u9e4a|5\/100 brn|[from] brn\n|upkeep\n|turn|29\n|inactive|subishan has 90 seconds left.\n|\n|t:|1699876093\n|move|p1a: \u559c\u9e4a|Brave Bird|p2a: handlord\n|-damage|p2a: handlord|56\/100\n|-damage|p1a: \u559c\u9e4a|3\/100 brn|[from] Recoil\n|move|p2a: handlord|Night Shade|p1a: \u559c\u9e4a\n|-damage|p1a: \u559c\u9e4a|0 fnt\n|faint|p1a: \u559c\u9e4a\n|\n|upkeep\n|\n|t:|1699876100\n|switch|p1a: \u96f7\u7535\u5c06\u519b|Kingambit, M|100\/100\n|-damage|p1a: \u96f7\u7535\u5c06\u519b|94\/100|[from] Stealth Rock\n|-activate|p1a: \u96f7\u7535\u5c06\u519b|ability: Supreme Overlord\n|-start|p1a: \u96f7\u7535\u5c06\u519b|fallen5|[silent]\n|turn|30\n|inactive|subishan has 90 seconds left.\n|\n|t:|1699876111\n|move|p1a: \u96f7\u7535\u5c06\u519b|Sucker Punch||[still]\n|-fail|p1a: \u96f7\u7535\u5c06\u519b\n|move|p2a: handlord|Will-O-Wisp|p1a: \u96f7\u7535\u5c06\u519b\n|-status|p1a: \u96f7\u7535\u5c06\u519b|brn\n|\n|-damage|p1a: \u96f7\u7535\u5c06\u519b|88\/100 brn|[from] brn\n|upkeep\n|turn|31\n|inactive|subishan has 90 seconds left.\n|\n|t:|1699876119\n|move|p1a: \u96f7\u7535\u5c06\u519b|Kowtow Cleave|p2a: handlord\n|-supereffective|p2a: handlord\n|-damage|p2a: handlord|16\/100\n|-damage|p1a: \u96f7\u7535\u5c06\u519b|78\/100 brn|[from] item: Life Orb\n|move|p2a: handlord|Haze|p2a: handlord\n|-clearallboost\n|\n|-damage|p1a: \u96f7\u7535\u5c06\u519b|72\/100 brn|[from] brn\n|upkeep\n|turn|32\n|\n|t:|1699876129\n|move|p1a: \u96f7\u7535\u5c06\u519b|Kowtow Cleave|p2a: handlord\n|-supereffective|p2a: handlord\n|-damage|p2a: handlord|0 fnt\n|faint|p2a: handlord\n|-damage|p1a: \u96f7\u7535\u5c06\u519b|62\/100 brn|[from] item: Life Orb\n|\n|-damage|p1a: \u96f7\u7535\u5c06\u519b|56\/100 brn|[from] brn\n|upkeep\n|\n|t:|1699876132\n|switch|p2a: wheellord|Great Tusk|80\/100\n|turn|33\n|inactive|subishan has 90 seconds left.\n|\n|t:|1699876154\n|-terastallize|p1a: \u96f7\u7535\u5c06\u519b|Dark\n|move|p2a: wheellord|Close Combat|p1a: \u96f7\u7535\u5c06\u519b\n|-supereffective|p1a: \u96f7\u7535\u5c06\u519b\n|-damage|p1a: \u96f7\u7535\u5c06\u519b|0 fnt\n|-unboost|p2a: wheellord|def|1\n|-unboost|p2a: wheellord|spd|1\n|faint|p1a: \u96f7\u7535\u5c06\u519b\n|-end|p1a: \u96f7\u7535\u5c06\u519b|fallen5|[silent]\n|\n|win|Zezroy6\n|raw|subishan's rating: 1046 &rarr; <strong>1027<\/strong><br \/>(-19 for losing)\n|raw|Zezroy6's rating: 1000 &rarr; <strong>1045<\/strong><br \/>(+45 for winning)\n|l|\u2606subishan\n","uploadtime":1699876163,"views":7,"p1id":"subishan","p2id":"zezroy6","formatid":"gen9ubers","rating":1027,"private":0,"password":""}