{"id":"gen9ubers-1996263541","p1":"red1998poke","p2":"zdzd zdzd","format":"[Gen 9] Ubers","log":"|j|\u2606red1998poke\n|j|\u2606zdzd zdzd\n|t:|1700665334\n|gametype|singles\n|player|p1|red1998poke|1|1066\n|player|p2|zdzd zdzd|koga|1163\n|teamsize|p1|6\n|teamsize|p2|6\n|gen|9\n|tier|[Gen 9] Ubers\n|rated|\n|rule|Sleep Clause Mod: Limit one foe put to sleep\n|rule|Species Clause: Limit one of each Pok\u00e9mon\n|rule|OHKO Clause: OHKO moves are banned\n|rule|Evasion Items Clause: Evasion items are banned\n|rule|Evasion Moves Clause: Evasion moves are banned\n|rule|Endless Battle Clause: Forcing endless battles is banned\n|rule|HP Percentage Mod: HP is shown in percentages\n|clearpoke\n|poke|p1|Dunsparce, F|\n|poke|p1|Gliscor, F|\n|poke|p1|Glimmora, F|\n|poke|p1|Gyarados, M|\n|poke|p1|Enamorus-Therian, F|\n|poke|p1|Cinderace, M|\n|poke|p2|Cresselia, F|\n|poke|p2|Pawmot, F|\n|poke|p2|Basculin-White-Striped, M|\n|poke|p2|Kingambit, M|\n|poke|p2|Basculegion, M|\n|poke|p2|Spidops, M|\n|teampreview\n|\n|t:|1700665345\n|start\n|switch|p1a: Glimmora|Glimmora, F|100\/100\n|switch|p2a: Spidops|Spidops, M|100\/100\n|turn|1\n|inactive|Battle timer is ON: inactive players will automatically lose when time's up. (requested by zdzd zdzd)\n|\n|t:|1700665358\n|move|p1a: Glimmora|Stealth Rock|p2a: Spidops\n|-sidestart|p2: zdzd zdzd|move: Stealth Rock\n|move|p2a: Spidops|Sticky Web|p1a: Glimmora\n|-sidestart|p1: red1998poke|move: Sticky Web\n|\n|upkeep\n|turn|2\n|\n|t:|1700665373\n|move|p2a: Spidops|Silk Trap|p2a: Spidops\n|-singleturn|p2a: Spidops|Protect\n|move|p1a: Glimmora|Mortal Spin|p2a: Spidops\n|-activate|p2a: Spidops|move: Protect\n|-unboost|p1a: Glimmora|spe|1\n|\n|upkeep\n|turn|3\n|j| alex3575\n|\n|t:|1700665381\n|move|p1a: Glimmora|Mortal Spin|p2a: Spidops\n|-damage|p2a: Spidops|96\/100\n|-status|p2a: Spidops|psn\n|-sideend|p1: red1998poke|Sticky Web|[from] move: Mortal Spin|[of] p1a: Glimmora\n|move|p2a: Spidops|Sticky Web|p1a: Glimmora\n|-sidestart|p1: red1998poke|move: Sticky Web\n|\n|-damage|p2a: Spidops|83\/100 psn|[from] psn\n|upkeep\n|turn|4\n|\n|t:|1700665390\n|move|p1a: Glimmora|Power Gem|p2a: Spidops\n|-supereffective|p2a: Spidops\n|-damage|p2a: Spidops|0 fnt\n|faint|p2a: Spidops\n|\n|upkeep\n|\n|t:|1700665399\n|switch|p2a: Basculin|Basculin-White-Striped, M|100\/100\n|-damage|p2a: Basculin|88\/100|[from] Stealth Rock\n|turn|5\n|\n|t:|1700665402\n|move|p2a: Basculin|Flip Turn|p1a: Glimmora\n|-supereffective|p1a: Glimmora\n|-crit|p1a: Glimmora\n|-enditem|p1a: Glimmora|Focus Sash\n|-damage|p1a: Glimmora|1\/100\n|-activate|p1a: Glimmora|ability: Toxic Debris\n|-sidestart|p2: zdzd zdzd|move: Toxic Spikes\n|\n|t:|1700665409\n|switch|p2a: Cresselia|Cresselia, F|100\/100|[from] Flip Turn\n|-damage|p2a: Cresselia|88\/100|[from] Stealth Rock\n|move|p1a: Glimmora|Mortal Spin|p2a: Cresselia\n|-damage|p2a: Cresselia|84\/100\n|-status|p2a: Cresselia|psn\n|-sideend|p1: red1998poke|Sticky Web|[from] move: Mortal Spin|[of] p1a: Glimmora\n|\n|-damage|p2a: Cresselia|71\/100 psn|[from] psn\n|upkeep\n|turn|6\n|\n|t:|1700665417\n|move|p2a: Cresselia|Lunar Dance|p2a: Cresselia\n|faint|p2a: Cresselia\n|move|p1a: Glimmora|Sludge Wave|p2: Cresselia|[notarget]\n|-fail|p1a: Glimmora\n|\n|upkeep\n|\n|t:|1700665422\n|switch|p2a: Pawmot|Pawmot, F|100\/100\n|-damage|p2a: Pawmot|94\/100|[from] Stealth Rock\n|-status|p2a: Pawmot|psn\n|turn|7\n|\n|t:|1700665430\n|move|p2a: Pawmot|Revival Blessing|p2a: Pawmot\n|\n|t:|1700665431\n|-heal|p2: Cresselia|50\/100|[from] move: Revival Blessing\n|move|p1a: Glimmora|Power Gem|p2a: Pawmot\n|-resisted|p2a: Pawmot\n|-damage|p2a: Pawmot|49\/100 psn\n|\n|-damage|p2a: Pawmot|37\/100 psn|[from] psn\n|upkeep\n|turn|8\n|\n|t:|1700665440\n|-curestatus|p2a: Pawmot|psn|[from] ability: Natural Cure\n|switch|p2a: Cresselia|Cresselia, F|50\/100\n|-heal|p2a: Cresselia|100\/100|[from] move: Lunar Dance\n|-damage|p2a: Cresselia|88\/100|[from] Stealth Rock\n|move|p1a: Glimmora|Power Gem|p2a: Cresselia\n|-damage|p2a: Cresselia|56\/100\n|\n|upkeep\n|turn|9\n|\n|t:|1700665449\n|move|p2a: Cresselia|Lunar Dance|p2a: Cresselia\n|faint|p2a: Cresselia\n|move|p1a: Glimmora|Power Gem|p2: Cresselia|[notarget]\n|-fail|p1a: Glimmora\n|\n|upkeep\n|\n|t:|1700665452\n|switch|p2a: Pawmot|Pawmot, F|37\/100\n|-heal|p2a: Pawmot|100\/100|[from] move: Lunar Dance\n|-damage|p2a: Pawmot|94\/100|[from] Stealth Rock\n|-status|p2a: Pawmot|psn\n|turn|10\n|\n|t:|1700665465\n|move|p2a: Pawmot|Revival Blessing|p2a: Pawmot\n|\n|t:|1700665466\n|-heal|p2: Cresselia|50\/100|[from] move: Revival Blessing\n|move|p1a: Glimmora|Power Gem|p2a: Pawmot\n|-resisted|p2a: Pawmot\n|-damage|p2a: Pawmot|51\/100 psn\n|\n|-damage|p2a: Pawmot|39\/100 psn|[from] psn\n|upkeep\n|turn|11\n|\n|t:|1700665475\n|-curestatus|p2a: Pawmot|psn|[from] ability: Natural Cure\n|switch|p2a: Cresselia|Cresselia, F|50\/100\n|-damage|p2a: Cresselia|38\/100|[from] Stealth Rock\n|move|p1a: Glimmora|Power Gem|p2a: Cresselia\n|-damage|p2a: Cresselia|9\/100\n|\n|upkeep\n|turn|12\n|\n|t:|1700665487\n|move|p2a: Cresselia|Lunar Dance|p2a: Cresselia\n|faint|p2a: Cresselia\n|move|p1a: Glimmora|Power Gem|p2: Cresselia|[notarget]\n|-fail|p1a: Glimmora\n|\n|upkeep\n|\n|t:|1700665488\n|switch|p2a: Pawmot|Pawmot, F|39\/100\n|-heal|p2a: Pawmot|100\/100|[from] move: Lunar Dance\n|-damage|p2a: Pawmot|94\/100|[from] Stealth Rock\n|-status|p2a: Pawmot|psn\n|turn|13\n|\n|t:|1700665497\n|move|p2a: Pawmot|Revival Blessing|p2a: Pawmot\n|\n|t:|1700665498\n|-heal|p2: Cresselia|50\/100|[from] move: Revival Blessing\n|move|p1a: Glimmora|Power Gem|p2a: Pawmot\n|-resisted|p2a: Pawmot\n|-damage|p2a: Pawmot|51\/100 psn\n|\n|-damage|p2a: Pawmot|39\/100 psn|[from] psn\n|upkeep\n|turn|14\n|c| alex3575|how\n|\n|t:|1700665510\n|-curestatus|p2a: Pawmot|psn|[from] ability: Natural Cure\n|switch|p2a: Cresselia|Cresselia, F|50\/100\n|-damage|p2a: Cresselia|38\/100|[from] Stealth Rock\n|move|p1a: Glimmora|Power Gem|p2a: Cresselia\n|-damage|p2a: Cresselia|10\/100\n|\n|upkeep\n|turn|15\n|\n|t:|1700665515\n|move|p2a: Cresselia|Lunar Dance|p2a: Cresselia\n|faint|p2a: Cresselia\n|move|p1a: Glimmora|Power Gem|p2: Cresselia|[notarget]\n|-fail|p1a: Glimmora\n|\n|upkeep\n|\n|t:|1700665519\n|switch|p2a: Pawmot|Pawmot, F|39\/100\n|-heal|p2a: Pawmot|100\/100|[from] move: Lunar Dance\n|-damage|p2a: Pawmot|94\/100|[from] Stealth Rock\n|-status|p2a: Pawmot|psn\n|turn|16\n|\n|t:|1700665528\n|move|p2a: Pawmot|Revival Blessing|p2a: Pawmot\n|\n|t:|1700665529\n|-heal|p2: Cresselia|50\/100|[from] move: Revival Blessing\n|move|p1a: Glimmora|Power Gem|p2a: Pawmot\n|-resisted|p2a: Pawmot\n|-damage|p2a: Pawmot|54\/100 psn\n|\n|-damage|p2a: Pawmot|41\/100 psn|[from] psn\n|upkeep\n|turn|17\n|\n|t:|1700665537\n|-curestatus|p2a: Pawmot|psn|[from] ability: Natural Cure\n|switch|p2a: Cresselia|Cresselia, F|50\/100\n|-damage|p2a: Cresselia|38\/100|[from] Stealth Rock\n|move|p1a: Glimmora|Power Gem|p2a: Cresselia\n|-damage|p2a: Cresselia|9\/100\n|\n|upkeep\n|turn|18\n|\n|t:|1700665543\n|move|p2a: Cresselia|Lunar Dance|p2a: Cresselia\n|faint|p2a: Cresselia\n|move|p1a: Glimmora|Power Gem|p2: Cresselia|[notarget]\n|-fail|p1a: Glimmora\n|\n|upkeep\n|\n|t:|1700665544\n|switch|p2a: Pawmot|Pawmot, F|41\/100\n|-heal|p2a: Pawmot|100\/100|[from] move: Lunar Dance\n|-damage|p2a: Pawmot|94\/100|[from] Stealth Rock\n|-status|p2a: Pawmot|psn\n|turn|19\n|\n|t:|1700665553\n|switch|p1a: Enamorus|Enamorus-Therian, F|100\/100\n|move|p2a: Pawmot|Revival Blessing|p2a: Pawmot\n|\n|t:|1700665554\n|-heal|p2: Cresselia|50\/100|[from] move: Revival Blessing\n|\n|-damage|p2a: Pawmot|82\/100 psn|[from] psn\n|upkeep\n|turn|20\n|\n|t:|1700665563\n|-curestatus|p2a: Pawmot|psn|[from] ability: Natural Cure\n|switch|p2a: Cresselia|Cresselia, F|50\/100\n|-damage|p2a: Cresselia|38\/100|[from] Stealth Rock\n|move|p1a: Enamorus|Iron Defense|p1a: Enamorus\n|-boost|p1a: Enamorus|def|2\n|\n|upkeep\n|turn|21\n|\n|t:|1700665566\n|move|p2a: Cresselia|Lunar Dance|p2a: Cresselia\n|faint|p2a: Cresselia\n|move|p1a: Enamorus|Iron Defense|p1a: Enamorus\n|-boost|p1a: Enamorus|def|2\n|\n|upkeep\n|\n|t:|1700665570\n|switch|p2a: Pawmot|Pawmot, F|82\/100\n|-heal|p2a: Pawmot|100\/100|[from] move: Lunar Dance\n|-damage|p2a: Pawmot|94\/100|[from] Stealth Rock\n|-status|p2a: Pawmot|psn\n|turn|22\n|\n|t:|1700665576\n|move|p2a: Pawmot|Revival Blessing|p2a: Pawmot\n|\n|t:|1700665577\n|-heal|p2: Cresselia|50\/100|[from] move: Revival Blessing\n|move|p1a: Enamorus|Calm Mind|p1a: Enamorus\n|-boost|p1a: Enamorus|spa|1\n|-boost|p1a: Enamorus|spd|1\n|\n|-damage|p2a: Pawmot|82\/100 psn|[from] psn\n|upkeep\n|turn|23\n|\n|t:|1700665589\n|-curestatus|p2a: Pawmot|psn|[from] ability: Natural Cure\n|switch|p2a: Cresselia|Cresselia, F|50\/100\n|-damage|p2a: Cresselia|38\/100|[from] Stealth Rock\n|move|p1a: Enamorus|Calm Mind|p1a: Enamorus\n|-boost|p1a: Enamorus|spa|1\n|-boost|p1a: Enamorus|spd|1\n|\n|upkeep\n|turn|24\n|\n|t:|1700665595\n|move|p2a: Cresselia|Lunar Dance|p2a: Cresselia\n|faint|p2a: Cresselia\n|move|p1a: Enamorus|Calm Mind|p1a: Enamorus\n|-boost|p1a: Enamorus|spa|1\n|-boost|p1a: Enamorus|spd|1\n|\n|upkeep\n|\n|t:|1700665597\n|switch|p2a: Pawmot|Pawmot, F|82\/100\n|-heal|p2a: Pawmot|100\/100|[from] move: Lunar Dance\n|-damage|p2a: Pawmot|94\/100|[from] Stealth Rock\n|-status|p2a: Pawmot|psn\n|turn|25\n|\n|t:|1700665601\n|move|p2a: Pawmot|Revival Blessing|p2a: Pawmot\n|\n|t:|1700665602\n|-heal|p2: Cresselia|50\/100|[from] move: Revival Blessing\n|move|p1a: Enamorus|Iron Defense|p1a: Enamorus\n|-boost|p1a: Enamorus|def|2\n|\n|-damage|p2a: Pawmot|82\/100 psn|[from] psn\n|upkeep\n|turn|26\n|\n|t:|1700665605\n|-curestatus|p2a: Pawmot|psn|[from] ability: Natural Cure\n|switch|p2a: Cresselia|Cresselia, F|50\/100\n|-damage|p2a: Cresselia|38\/100|[from] Stealth Rock\n|move|p1a: Enamorus|Calm Mind|p1a: Enamorus\n|-boost|p1a: Enamorus|spa|1\n|-boost|p1a: Enamorus|spd|1\n|\n|upkeep\n|turn|27\n|\n|t:|1700665610\n|move|p2a: Cresselia|Lunar Dance|p2a: Cresselia\n|faint|p2a: Cresselia\n|move|p1a: Enamorus|Calm Mind|p1a: Enamorus\n|-boost|p1a: Enamorus|spa|1\n|-boost|p1a: Enamorus|spd|1\n|\n|upkeep\n|\n|t:|1700665612\n|switch|p2a: Pawmot|Pawmot, F|82\/100\n|-heal|p2a: Pawmot|100\/100|[from] move: Lunar Dance\n|-damage|p2a: Pawmot|94\/100|[from] Stealth Rock\n|-status|p2a: Pawmot|psn\n|turn|28\n|\n|t:|1700665615\n|move|p2a: Pawmot|Revival Blessing|p2a: Pawmot\n|\n|t:|1700665616\n|-heal|p2: Cresselia|50\/100|[from] move: Revival Blessing\n|move|p1a: Enamorus|Calm Mind|p1a: Enamorus\n|-boost|p1a: Enamorus|spa|1\n|-boost|p1a: Enamorus|spd|1\n|\n|-damage|p2a: Pawmot|82\/100 psn|[from] psn\n|upkeep\n|turn|29\n|\n|t:|1700665627\n|-curestatus|p2a: Pawmot|psn|[from] ability: Natural Cure\n|switch|p2a: Cresselia|Cresselia, F|50\/100\n|-damage|p2a: Cresselia|38\/100|[from] Stealth Rock\n|move|p1a: Enamorus|Draining Kiss|p2a: Cresselia\n|-damage|p2a: Cresselia|0 fnt\n|faint|p2a: Cresselia\n|\n|upkeep\n|\n|t:|1700665634\n|switch|p2a: Pawmot|Pawmot, F|82\/100\n|-damage|p2a: Pawmot|76\/100|[from] Stealth Rock\n|-status|p2a: Pawmot|psn\n|turn|30\n|c|\u2606zdzd zdzd|Crit here\n|\n|t:|1700665650\n|switch|p1a: Glimmora|Glimmora, F|1\/100\n|move|p2a: Pawmot|Double Shock|p1a: Glimmora\n|-damage|p1a: Glimmora|0 fnt\n|-start|p2a: Pawmot|typechange|???\/Fighting|[from] move: Double Shock\n|-activate|p1a: Glimmora|ability: Toxic Debris\n|-sidestart|p2: zdzd zdzd|move: Toxic Spikes\n|faint|p1a: Glimmora\n|\n|-damage|p2a: Pawmot|63\/100 psn|[from] psn\n|upkeep\n|\n|t:|1700665657\n|switch|p1a: Gyarados|Gyarados, M|100\/100\n|turn|31\n|\n|t:|1700665662\n|-curestatus|p2a: Pawmot|psn|[from] ability: Natural Cure\n|switch|p2a: Kingambit|Kingambit, M|100\/100\n|-damage|p2a: Kingambit|94\/100|[from] Stealth Rock\n|-activate|p2a: Kingambit|ability: Supreme Overlord\n|-start|p2a: Kingambit|fallen5|[silent]\n|move|p1a: Gyarados|Dragon Dance|p1a: Gyarados\n|-boost|p1a: Gyarados|atk|1\n|-boost|p1a: Gyarados|spe|1\n|\n|upkeep\n|turn|32\n|\n|t:|1700665676\n|move|p1a: Gyarados|Earthquake|p2a: Kingambit\n|-supereffective|p2a: Kingambit\n|-damage|p2a: Kingambit|24\/100\n|move|p2a: Kingambit|Kowtow Cleave|p1a: Gyarados\n|-damage|p1a: Gyarados|0 fnt\n|faint|p1a: Gyarados\n|\n|upkeep\n|\n|t:|1700665690\n|switch|p1a: Gliscor|Gliscor, F|100\/100\n|turn|33\n|\n|t:|1700665711\n|move|p1a: Gliscor|Protect|p1a: Gliscor\n|-singleturn|p1a: Gliscor|Protect\n|move|p2a: Kingambit|Kowtow Cleave|p1a: Gliscor\n|-activate|p1a: Gliscor|move: Protect\n|\n|-status|p1a: Gliscor|tox|[from] item: Toxic Orb\n|upkeep\n|turn|34\n|\n|t:|1700665724\n|move|p1a: Gliscor|Earthquake|p2a: Kingambit\n|-supereffective|p2a: Kingambit\n|-damage|p2a: Kingambit|0 fnt\n|faint|p2a: Kingambit\n|-end|p2a: Kingambit|fallen5|[silent]\n|\n|upkeep\n|l|\u2606zdzd zdzd\n|inactive|zdzd zdzd disconnected and has a minute to reconnect!\n|player|p2|\n|inactive|zdzd zdzd has 30 seconds to reconnect!\n|inactive|zdzd zdzd has 20 seconds to reconnect!\n|inactive|zdzd zdzd has 15 seconds to reconnect!\n|inactive|zdzd zdzd has 10 seconds to reconnect!\n|j|\u2606zdzd zdzd\n|inactive|zdzd zdzd reconnected and has 75 seconds left.\n|player|p2|zdzd zdzd|koga\n|\n|t:|1700665803\n|switch|p2a: Basculin|Basculin-White-Striped, M|88\/100\n|-damage|p2a: Basculin|76\/100|[from] Stealth Rock\n|-status|p2a: Basculin|tox\n|turn|35\n|\n|t:|1700665829\n|switch|p1a: Dunsparce|Dunsparce, F|100\/100\n|move|p2a: Basculin|Last Respects|p1a: Dunsparce\n|-immune|p1a: Dunsparce\n|\n|-damage|p2a: Basculin|70\/100 tox|[from] psn\n|upkeep\n|turn|36\n|\n|t:|1700665843\n|switch|p2a: Pawmot|Pawmot, F|63\/100\n|-damage|p2a: Pawmot|57\/100|[from] Stealth Rock\n|-status|p2a: Pawmot|tox\n|switch|p1a: Cinderace|Cinderace, M|100\/100\n|\n|-damage|p2a: Pawmot|51\/100 tox|[from] psn\n|upkeep\n|turn|37\n|\n|t:|1700665850\n|move|p2a: Pawmot|Close Combat|p1a: Cinderace\n|-damage|p1a: Cinderace|12\/100\n|-unboost|p2a: Pawmot|def|1\n|-unboost|p2a: Pawmot|spd|1\n|move|p1a: Cinderace|Pyro Ball|p2a: Pawmot\n|-damage|p2a: Pawmot|0 fnt\n|faint|p2a: Pawmot\n|\n|upkeep\n|\n|t:|1700665854\n|switch|p2a: Basculegion|Basculegion, M|100\/100\n|-damage|p2a: Basculegion|88\/100|[from] Stealth Rock\n|-status|p2a: Basculegion|tox\n|turn|38\n|\n|t:|1700665863\n|move|p1a: Cinderace|Sucker Punch|p2a: Basculegion\n|-start|p1a: Cinderace|typechange|Dark|[from] ability: Libero\n|-supereffective|p2a: Basculegion\n|-damage|p2a: Basculegion|8\/100 tox\n|move|p2a: Basculegion|Flip Turn|p1a: Cinderace\n|-damage|p1a: Cinderace|0 fnt\n|faint|p1a: Cinderace\n|\n|t:|1700665866\n|switch|p2a: Basculin|Basculin-White-Striped, M|70\/100 tox|[from] Flip Turn\n|-damage|p2a: Basculin|57\/100 tox|[from] Stealth Rock\n|\n|-damage|p2a: Basculin|51\/100 tox|[from] psn\n|upkeep\n|\n|t:|1700665871\n|switch|p1a: Gliscor|Gliscor, F|100\/100 tox\n|turn|39\n|\n|t:|1700665877\n|move|p1a: Gliscor|Protect|p1a: Gliscor\n|-singleturn|p1a: Gliscor|Protect\n|move|p2a: Basculin|Liquidation|p1a: Gliscor\n|-activate|p1a: Gliscor|move: Protect\n|\n|-damage|p2a: Basculin|39\/100 tox|[from] psn\n|upkeep\n|turn|40\n|\n|t:|1700665886\n|move|p2a: Basculin|Liquidation|p1a: Gliscor\n|-supereffective|p1a: Gliscor\n|-damage|p1a: Gliscor|44\/100 tox\n|move|p1a: Gliscor|Knock Off|p2a: Basculin\n|-damage|p2a: Basculin|0 fnt\n|-enditem|p2a: Basculin|Choice Scarf|[from] move: Knock Off|[of] p1a: Gliscor\n|faint|p2a: Basculin\n|\n|-heal|p1a: Gliscor|56\/100 tox|[from] ability: Poison Heal\n|upkeep\n|\n|t:|1700665888\n|switch|p2a: Basculegion|Basculegion, M|8\/100 tox\n|-damage|p2a: Basculegion|0 fnt|[from] Stealth Rock\n|faint|p2a: Basculegion\n|\n|win|red1998poke\n|raw|red1998poke's rating: 1066 &rarr; <strong>1104<\/strong><br \/>(+38 for winning)\n|raw|zdzd zdzd's rating: 1163 &rarr; <strong>1131<\/strong><br \/>(-32 for losing)\n|c|\u2606zdzd zdzd|Gg\n|c|\u2606red1998poke|GG\n|l|\u2606zdzd zdzd\n","uploadtime":1700665913,"views":0,"p1id":"red1998poke","p2id":"zdzdzdzd","formatid":"gen9ubers","rating":1104,"private":0,"password":""}