{"id":"gen9ubers-1974169259","p1":"Anne Frankkkk","p2":"Psyscar","format":"[Gen 9] Ubers","log":"|j|\u2606Anne Frankkkk\n|j|\u2606Psyscar\n|t:|1698064553\n|gametype|singles\n|player|p1|Anne Frankkkk|hilbert|1251\n|player|p2|Psyscar|riley|1233\n|teamsize|p1|6\n|teamsize|p2|6\n|gen|9\n|tier|[Gen 9] Ubers\n|rated|\n|rule|Sleep Clause Mod: Limit one foe put to sleep\n|rule|Species Clause: Limit one of each Pok\u00e9mon\n|rule|OHKO Clause: OHKO moves are banned\n|rule|Evasion Items Clause: Evasion items are banned\n|rule|Evasion Moves Clause: Evasion moves are banned\n|rule|Endless Battle Clause: Forcing endless battles is banned\n|rule|HP Percentage Mod: HP is shown in percentages\n|clearpoke\n|poke|p1|Iron Hands|\n|poke|p1|Kyogre|\n|poke|p1|Chien-Pao|\n|poke|p1|Ribombee, M|\n|poke|p1|Miraidon|\n|poke|p1|Flutter Mane|\n|poke|p2|Landorus-Therian, M|\n|poke|p2|Azumarill, M|\n|poke|p2|Thundurus-Therian, M|\n|poke|p2|Avalugg, F|\n|poke|p2|Blissey, F|\n|poke|p2|Corviknight, M|\n|teampreview\n|inactive|Battle timer is ON: inactive players will automatically lose when time's up. (requested by Psyscar)\n|\n|t:|1698064563\n|start\n|switch|p1a: Iron Hands|Iron Hands, shiny|100\/100\n|switch|p2a: Blissey|Blissey, F|100\/100\n|turn|1\n|\n|t:|1698064568\n|switch|p2a: Landorus|Landorus-Therian, M|100\/100\n|-ability|p2a: Landorus|Intimidate|boost\n|-unboost|p1a: Iron Hands|atk|1\n|move|p1a: Iron Hands|Drain Punch|p2a: Landorus\n|-resisted|p2a: Landorus\n|-damage|p2a: Landorus|83\/100\n|\n|upkeep\n|turn|2\n|\n|t:|1698064577\n|-end|p1a: Iron Hands|Quark Drive|[silent]\n|switch|p1a: Miraidon|Miraidon|100\/100\n|-fieldstart|move: Electric Terrain|[from] ability: Hadron Engine|[of] p1a: Miraidon\n|-item|p1a: Miraidon|Air Balloon\n|move|p2a: Landorus|Fly||[still]\n|-prepare|p2a: Landorus|Fly\n|\n|upkeep\n|turn|3\n|\n|t:|1698064591\n|switch|p1a: Iron Hands|Iron Hands, shiny|100\/100\n|-activate|p1a: Iron Hands|ability: Quark Drive\n|-start|p1a: Iron Hands|quarkdriveatk\n|move|p2a: Landorus|Fly|p1a: Iron Hands|[from]lockedmove\n|-damage|p1a: Iron Hands|57\/100\n|\n|upkeep\n|turn|4\n|\n|t:|1698064605\n|move|p2a: Landorus|Fly||[still]\n|-prepare|p2a: Landorus|Fly\n|move|p1a: Iron Hands|Drain Punch|p2a: Landorus|[miss]\n|-miss|p1a: Iron Hands|p2a: Landorus\n|\n|upkeep\n|turn|5\n|\n|t:|1698064610\n|move|p2a: Landorus|Fly|p1a: Iron Hands|[from]lockedmove\n|-damage|p1a: Iron Hands|11\/100\n|move|p1a: Iron Hands|Drain Punch|p2a: Landorus\n|-resisted|p2a: Landorus\n|-damage|p2a: Landorus|46\/100\n|-heal|p1a: Iron Hands|23\/100|[from] drain|[of] p2a: Landorus\n|\n|upkeep\n|turn|6\n|\n|t:|1698064618\n|move|p2a: Landorus|Fly||[still]\n|-prepare|p2a: Landorus|Fly\n|move|p1a: Iron Hands|Drain Punch|p2a: Landorus|[miss]\n|-miss|p1a: Iron Hands|p2a: Landorus\n|\n|-fieldend|move: Electric Terrain\n|-end|p1a: Iron Hands|Quark Drive\n|upkeep\n|turn|7\n|\n|t:|1698064622\n|move|p2a: Landorus|Fly|p1a: Iron Hands|[from]lockedmove\n|-damage|p1a: Iron Hands|0 fnt\n|faint|p1a: Iron Hands\n|-end|p1a: Iron Hands|Quark Drive|[silent]\n|\n|upkeep\n|\n|t:|1698064629\n|switch|p1a: Chien-Pao|Chien-Pao|100\/100\n|-ability|p1a: Chien-Pao|Sword of Ruin\n|turn|8\n|\n|t:|1698064641\n|move|p1a: Chien-Pao|Ice Spinner|p2a: Landorus\n|-supereffective|p2a: Landorus\n|-damage|p2a: Landorus|0 fnt\n|faint|p2a: Landorus\n|-damage|p1a: Chien-Pao|91\/100|[from] item: Life Orb\n|\n|upkeep\n|\n|t:|1698064649\n|switch|p2a: Corviknight|Corviknight, M|100\/100\n|turn|9\n|\n|t:|1698064658\n|switch|p1a: Miraidon|Miraidon|100\/100\n|-fieldstart|move: Electric Terrain|[from] ability: Hadron Engine|[of] p1a: Miraidon\n|-item|p1a: Miraidon|Air Balloon\n|move|p2a: Corviknight|Iron Defense|p2a: Corviknight\n|-boost|p2a: Corviknight|def|2\n|\n|upkeep\n|turn|10\n|\n|t:|1698064662\n|switch|p2a: Blissey|Blissey, F|100\/100\n|move|p1a: Miraidon|Calm Mind|p1a: Miraidon\n|-boost|p1a: Miraidon|spa|1\n|-boost|p1a: Miraidon|spd|1\n|\n|upkeep\n|turn|11\n|\n|t:|1698064669\n|move|p1a: Miraidon|Calm Mind|p1a: Miraidon\n|-boost|p1a: Miraidon|spa|1\n|-boost|p1a: Miraidon|spd|1\n|move|p2a: Blissey|Seismic Toss|p1a: Miraidon\n|-damage|p1a: Miraidon|71\/100\n|-enditem|p1a: Miraidon|Air Balloon\n|\n|upkeep\n|turn|12\n|\n|t:|1698064676\n|move|p1a: Miraidon|Electro Drift|p2a: Blissey\n|-damage|p2a: Blissey|40\/100\n|move|p2a: Blissey|Seismic Toss|p1a: Miraidon\n|-damage|p1a: Miraidon|42\/100\n|\n|-heal|p2a: Blissey|46\/100|[from] item: Leftovers\n|upkeep\n|turn|13\n|\n|t:|1698064683\n|switch|p2a: Thundurus|Thundurus-Therian, M|100\/100\n|move|p1a: Miraidon|Electro Drift|p2a: Thundurus\n|-immune|p2a: Thundurus|[from] ability: Volt Absorb\n|\n|-fieldend|move: Electric Terrain\n|upkeep\n|turn|14\n|\n|t:|1698064694\n|switch|p2a: Azumarill|Azumarill, M|100\/100\n|move|p1a: Miraidon|Dragon Pulse|p2a: Azumarill\n|-immune|p2a: Azumarill\n|\n|upkeep\n|turn|15\n|\n|t:|1698064706\n|move|p1a: Miraidon|Electro Drift|p2a: Azumarill\n|-supereffective|p2a: Azumarill\n|-damage|p2a: Azumarill|0 fnt\n|faint|p2a: Azumarill\n|\n|upkeep\n|-message|Psyscar forfeited.\n|\n|win|Anne Frankkkk\n|raw|Anne Frankkkk's rating: 1251 &rarr; <strong>1275<\/strong><br \/>(+24 for winning)\n|raw|Psyscar's rating: 1233 &rarr; <strong>1209<\/strong><br \/>(-24 for losing)\n|l|\u2606Psyscar\n","uploadtime":1698064716,"views":13,"p1id":"annefrankkkk","p2id":"psyscar","formatid":"gen9ubers","rating":1209,"private":0,"password":""}