{"id":"gen9ubers-1981017370","p1":"Vilja RPPLF","p2":"wendyecho","format":"[Gen 9] Ubers","log":"|j|\u2606Vilja RPPLF\n|j|\u2606wendyecho\n|t:|1698857056\n|gametype|singles\n|player|p1|Vilja RPPLF|n-masters3|\n|player|p2|wendyecho|iris-gen5bw2|\n|teamsize|p1|6\n|teamsize|p2|6\n|gen|9\n|tier|[Gen 9] Ubers\n|rule|Sleep Clause Mod: Limit one foe put to sleep\n|rule|Species Clause: Limit one of each Pok\u00e9mon\n|rule|OHKO Clause: OHKO moves are banned\n|rule|Evasion Items Clause: Evasion items are banned\n|rule|Evasion Moves Clause: Evasion moves are banned\n|rule|Endless Battle Clause: Forcing endless battles is banned\n|rule|HP Percentage Mod: HP is shown in percentages\n|clearpoke\n|poke|p1|Milotic, M|\n|poke|p1|Jirachi|\n|poke|p1|Grimmsnarl, M|\n|poke|p1|Azelf|\n|poke|p1|Salamence, F|\n|poke|p1|Ursaluna, M|\n|poke|p2|Glimmora, M|\n|poke|p2|Ursaluna-Bloodmoon, M|\n|poke|p2|Grafaiai, F|\n|poke|p2|Ditto|\n|poke|p2|Weezing-Galar, F|\n|poke|p2|Dragalge, M|\n|teampreview\n|inactive|Battle timer is ON: inactive players will automatically lose when time's up. (requested by Vilja RPPLF)\n|inactiveoff|Battle timer is now OFF.\n|c|\u2606Vilja RPPLF|bon match glhf\n|\n|t:|1698857081\n|start\n|switch|p1a: Azelf|Azelf, shiny|100\/100\n|switch|p2a: Dragalge|Dragalge, M|100\/100\n|turn|1\n|\n|t:|1698857093\n|move|p1a: Azelf|Stealth Rock|p2a: Dragalge\n|-sidestart|p2: wendyecho|move: Stealth Rock\n|move|p2a: Dragalge|Flip Turn|p1a: Azelf\n|-crit|p1a: Azelf\n|-damage|p1a: Azelf|76\/100\n|\n|t:|1698857103\n|switch|p2a: Ma\u00eft\u00e9|Grafaiai, F|100\/100|[from] Flip Turn\n|-damage|p2a: Ma\u00eft\u00e9|88\/100|[from] Stealth Rock\n|\n|upkeep\n|turn|2\n|\n|t:|1698857110\n|move|p2a: Ma\u00eft\u00e9|Parting Shot|p1a: Azelf\n|-unboost|p1a: Azelf|atk|1\n|-unboost|p1a: Azelf|spa|1\n|\n|t:|1698857116\n|switch|p2a: Ditto|Ditto|100\/100|[from] Parting Shot\n|-damage|p2a: Ditto|88\/100|[from] Stealth Rock\n|-transform|p2a: Ditto|p1a: Azelf|[from] ability: Imposter\n|move|p1a: Azelf|Knock Off|p2a: Ditto\n|-supereffective|p2a: Ditto\n|-crit|p2a: Ditto\n|-damage|p2a: Ditto|0 fnt\n|-enditem|p2a: Ditto|Choice Scarf|[from] move: Knock Off|[of] p1a: Azelf\n|faint|p2a: Ditto\n|\n|upkeep\n|\n|t:|1698857129\n|switch|p2a: Ma\u00eft\u00e9|Grafaiai, F|88\/100\n|-damage|p2a: Ma\u00eft\u00e9|76\/100|[from] Stealth Rock\n|turn|3\n|\n|t:|1698857138\n|switch|p1a: Grimmsnarl|Grimmsnarl, M, shiny|100\/100\n|move|p2a: Ma\u00eft\u00e9|Copycat|p2a: Ma\u00eft\u00e9\n|move|p2a: Ma\u00eft\u00e9|Knock Off|p1a: Grimmsnarl|[from]move: Copycat\n|-hint|Since gen 7, Dark is immune to Prankster moves.\n|-immune|p1a: Grimmsnarl\n|\n|upkeep\n|turn|4\n|\n|t:|1698857161\n|switch|p2a: Weezing|Weezing-Galar, F|100\/100\n|-damage|p2a: Weezing|88\/100|[from] Stealth Rock\n|move|p1a: Grimmsnarl|Reflect|p1a: Grimmsnarl\n|-sidestart|p1: Vilja RPPLF|Reflect\n|\n|-heal|p2a: Weezing|94\/100|[from] item: Black Sludge\n|upkeep\n|turn|5\n|\n|t:|1698857170\n|move|p1a: Grimmsnarl|Taunt|p2a: Weezing\n|-start|p2a: Weezing|move: Taunt\n|cant|p2a: Weezing|move: Taunt|Defog\n|\n|-heal|p2a: Weezing|99\/100|[from] item: Black Sludge\n|upkeep\n|turn|6\n|\n|t:|1698857178\n|move|p1a: Grimmsnarl|Light Screen|p1a: Grimmsnarl\n|-sidestart|p1: Vilja RPPLF|move: Light Screen\n|move|p2a: Weezing|Strange Steam|p1a: Grimmsnarl\n|-supereffective|p1a: Grimmsnarl\n|-damage|p1a: Grimmsnarl|73\/100\n|\n|-heal|p2a: Weezing|100\/100|[from] item: Black Sludge\n|upkeep\n|turn|7\n|\n|t:|1698857187\n|switch|p1a: Jirachi|Jirachi|100\/100\n|move|p2a: Weezing|Flamethrower|p1a: Jirachi\n|-supereffective|p1a: Jirachi\n|-damage|p1a: Jirachi|85\/100\n|-enditem|p1a: Jirachi|Weakness Policy\n|-boost|p1a: Jirachi|atk|2|[from] item: Weakness Policy\n|-boost|p1a: Jirachi|spa|2|[from] item: Weakness Policy\n|\n|-end|p2a: Weezing|move: Taunt\n|upkeep\n|turn|8\n|\n|t:|1698857204\n|move|p1a: Jirachi|Cosmic Power|p1a: Jirachi\n|-boost|p1a: Jirachi|def|1\n|-boost|p1a: Jirachi|spd|1\n|move|p2a: Weezing|Defog|p1a: Jirachi\n|-unboost|p1a: Jirachi|evasion|1\n|-sideend|p1: Vilja RPPLF|Reflect\n|-sideend|p1: Vilja RPPLF|move: Light Screen\n|-sideend|p2: wendyecho|Stealth Rock|[from] move: Defog|[of] p2a: Weezing\n|\n|upkeep\n|turn|9\n|\n|t:|1698857215\n|switch|p2a: Dragalge|Dragalge, M|100\/100\n|move|p1a: Jirachi|Stored Power|p2a: Dragalge\n|-supereffective|p2a: Dragalge\n|-damage|p2a: Dragalge|0 fnt\n|faint|p2a: Dragalge\n|\n|upkeep\n|\n|t:|1698857230\n|switch|p2a: Ma\u00eft\u00e9|Grafaiai, F|76\/100\n|turn|10\n|\n|t:|1698857236\n|move|p2a: Ma\u00eft\u00e9|Switcheroo|p1a: Jirachi\n|-activate|p2a: Ma\u00eft\u00e9|move: Trick|[of] p1a: Jirachi\n|-item|p1a: Jirachi|Lagging Tail|[from] move: Switcheroo\n|-enditem|p2a: Ma\u00eft\u00e9|Lagging Tail|[silent]|[from] move: Switcheroo\n|move|p1a: Jirachi|Stored Power|p2a: Ma\u00eft\u00e9\n|-supereffective|p2a: Ma\u00eft\u00e9\n|-damage|p2a: Ma\u00eft\u00e9|0 fnt\n|faint|p2a: Ma\u00eft\u00e9\n|\n|upkeep\n|\n|t:|1698857268\n|switch|p2a: Weezing|Weezing-Galar, F|100\/100\n|turn|11\n|\n|t:|1698857276\n|move|p2a: Weezing|Flamethrower|p1a: Jirachi\n|-supereffective|p1a: Jirachi\n|-damage|p1a: Jirachi|64\/100\n|move|p1a: Jirachi|Life Dew|p1a: Jirachi\n|-heal|p1a: Jirachi|89\/100\n|\n|upkeep\n|turn|12\n|\n|t:|1698857283\n|move|p2a: Weezing|Flamethrower|p1a: Jirachi\n|-supereffective|p1a: Jirachi\n|-damage|p1a: Jirachi|68\/100\n|move|p1a: Jirachi|Stored Power|p2a: Weezing\n|-supereffective|p2a: Weezing\n|-damage|p2a: Weezing|0 fnt\n|faint|p2a: Weezing\n|\n|upkeep\n|\n|t:|1698857292\n|switch|p2a: Ursaluna|Ursaluna-Bloodmoon, M|100\/100\n|turn|13\n|\n|t:|1698857297\n|move|p2a: Ursaluna|Earth Power|p1a: Jirachi\n|-supereffective|p1a: Jirachi\n|-damage|p1a: Jirachi|21\/100\n|move|p1a: Jirachi|Stored Power|p2a: Ursaluna\n|-crit|p2a: Ursaluna\n|-damage|p2a: Ursaluna|0 fnt\n|faint|p2a: Ursaluna\n|\n|upkeep\n|\n|t:|1698857306\n|switch|p2a: Glimmora|Glimmora, M|100\/100\n|turn|14\n|\n|t:|1698857311\n|move|p2a: Glimmora|Power Gem|p1a: Jirachi\n|-resisted|p1a: Jirachi\n|-damage|p1a: Jirachi|11\/100\n|move|p1a: Jirachi|Stored Power|p2a: Glimmora\n|-supereffective|p2a: Glimmora\n|-damage|p2a: Glimmora|0 fnt\n|faint|p2a: Glimmora\n|\n|win|Vilja RPPLF\n|l|\u2606wendyecho\n|c|\u2606Vilja RPPLF|GG\n","uploadtime":1698857347,"views":20,"p1id":"viljarpplf","p2id":"wendyecho","formatid":"gen9ubers","rating":0,"private":0,"password":""}