{"id":"gen9ubers-1982135396","p1":"ULT4CP Staller","p2":"Abel020403","format":"[Gen 9] Ubers","log":"|j|\u2606ULT4CP Staller\n|j|\u2606Abel020403\n|t:|1698971498\n|gametype|singles\n|player|p1|ULT4CP Staller|red|\n|player|p2|Abel020403|lucas|\n|teamsize|p1|6\n|teamsize|p2|6\n|gen|9\n|tier|[Gen 9] Ubers\n|rated|Tournament battle\n|rule|Sleep Clause Mod: Limit one foe put to sleep\n|rule|Species Clause: Limit one of each Pok\u00e9mon\n|rule|OHKO Clause: OHKO moves are banned\n|rule|Evasion Items Clause: Evasion items are banned\n|rule|Evasion Moves Clause: Evasion moves are banned\n|rule|Endless Battle Clause: Forcing endless battles is banned\n|rule|HP Percentage Mod: HP is shown in percentages\n|clearpoke\n|poke|p1|Koraidon|\n|poke|p1|Flutter Mane|\n|poke|p1|Giratina-Origin|\n|poke|p1|Arceus-Steel|\n|poke|p1|Alomomola, M|\n|poke|p1|Ting-Lu|\n|poke|p2|Koraidon|\n|poke|p2|Zacian-*|\n|poke|p2|Flutter Mane|\n|poke|p2|Groudon|\n|poke|p2|Arceus|\n|poke|p2|Urshifu-*, M|\n|teampreview\n|c|\u2606ULT4CP Staller|Glgl\n|\n|t:|1698971518\n|start\n|switch|p1a: Arceus|Arceus-Steel|100\/100\n|switch|p2a: Flutter Mane|Flutter Mane|100\/100\n|-enditem|p2a: Flutter Mane|Booster Energy\n|-activate|p2a: Flutter Mane|ability: Protosynthesis|[fromitem]\n|-start|p2a: Flutter Mane|protosynthesisspe\n|turn|1\n|\n|t:|1698971546\n|move|p2a: Flutter Mane|Mystical Fire|p1a: Arceus\n|-supereffective|p1a: Arceus\n|-damage|p1a: Arceus|67\/100\n|-unboost|p1a: Arceus|spa|1\n|move|p1a: Arceus|Judgment|p2a: Flutter Mane\n|-supereffective|p2a: Flutter Mane\n|-damage|p2a: Flutter Mane|34\/100\n|\n|upkeep\n|turn|2\n|\n|t:|1698971556\n|switch|p1a: Giratina|Giratina-Origin|100\/100\n|move|p2a: Flutter Mane|Mystical Fire|p1a: Giratina\n|-resisted|p1a: Giratina\n|-damage|p1a: Giratina|92\/100\n|-unboost|p1a: Giratina|spa|1\n|\n|upkeep\n|turn|3\n|\n|t:|1698971564\n|move|p1a: Giratina|Shadow Sneak|p2a: Flutter Mane\n|-supereffective|p2a: Flutter Mane\n|-damage|p2a: Flutter Mane|0 fnt\n|faint|p2a: Flutter Mane\n|-end|p2a: Flutter Mane|Protosynthesis|[silent]\n|\n|upkeep\n|\n|t:|1698971570\n|switch|p2a: Urshifu|Urshifu, M|100\/100\n|turn|4\n|\n|t:|1698971582\n|switch|p1a: Alomomola|Alomomola, M|100\/100\n|move|p2a: Urshifu|Wicked Blow|p1a: Alomomola\n|-crit|p1a: Alomomola\n|-damage|p1a: Alomomola|63\/100\n|-damage|p2a: Urshifu|84\/100|[from] item: Rocky Helmet|[of] p1a: Alomomola\n|\n|upkeep\n|turn|5\n|\n|t:|1698971595\n|switch|p2a: Zacian|Zacian-Crowned|100\/100\n|-ability|p2a: Zacian|Intrepid Sword|boost\n|-boost|p2a: Zacian|atk|1\n|move|p1a: Alomomola|Flip Turn|p2a: Zacian\n|-damage|p2a: Zacian|85\/100\n|\n|t:|1698971601\n|switch|p1a: Arceus|Arceus-Steel|67\/100|[from] Flip Turn\n|\n|upkeep\n|turn|6\n|\n|t:|1698971617\n|move|p2a: Zacian|Swords Dance|p2a: Zacian\n|-boost|p2a: Zacian|atk|2\n|move|p1a: Arceus|Will-O-Wisp|p2a: Zacian\n|-status|p2a: Zacian|brn\n|\n|-damage|p2a: Zacian|79\/100 brn|[from] brn\n|upkeep\n|turn|7\n|\n|t:|1698971622\n|move|p2a: Zacian|Play Rough|p1a: Arceus|[miss]\n|-miss|p2a: Zacian|p1a: Arceus\n|move|p1a: Arceus|Recover|p1a: Arceus\n|-heal|p1a: Arceus|100\/100\n|\n|-damage|p2a: Zacian|72\/100 brn|[from] brn\n|upkeep\n|turn|8\n|\n|t:|1698971626\n|move|p2a: Zacian|Swords Dance|p2a: Zacian\n|-boost|p2a: Zacian|atk|2\n|move|p1a: Arceus|Stealth Rock|p2a: Zacian\n|-sidestart|p2: Abel020403|move: Stealth Rock\n|\n|-damage|p2a: Zacian|66\/100 brn|[from] brn\n|upkeep\n|turn|9\n|\n|t:|1698971629\n|move|p2a: Zacian|Play Rough|p1a: Arceus\n|-resisted|p1a: Arceus\n|-damage|p1a: Arceus|75\/100\n|move|p1a: Arceus|Judgment|p2a: Zacian\n|-damage|p2a: Zacian|22\/100 brn\n|\n|-damage|p2a: Zacian|16\/100 brn|[from] brn\n|upkeep\n|turn|10\n|\n|t:|1698971635\n|move|p2a: Zacian|Behemoth Blade|p1a: Arceus\n|-resisted|p1a: Arceus\n|-damage|p1a: Arceus|50\/100\n|move|p1a: Arceus|Recover|p1a: Arceus\n|-heal|p1a: Arceus|99\/100\n|\n|-damage|p2a: Zacian|9\/100 brn|[from] brn\n|upkeep\n|turn|11\n|\n|t:|1698971639\n|move|p2a: Zacian|Play Rough|p1a: Arceus\n|-resisted|p1a: Arceus\n|-damage|p1a: Arceus|75\/100\n|-unboost|p1a: Arceus|atk|1\n|move|p1a: Arceus|Recover|p1a: Arceus\n|-heal|p1a: Arceus|100\/100\n|\n|-damage|p2a: Zacian|3\/100 brn|[from] brn\n|upkeep\n|turn|12\n|\n|t:|1698971644\n|move|p2a: Zacian|Psychic Fangs|p1a: Arceus\n|-resisted|p1a: Arceus\n|-damage|p1a: Arceus|84\/100\n|move|p1a: Arceus|Recover|p1a: Arceus\n|-heal|p1a: Arceus|100\/100\n|\n|-damage|p2a: Zacian|0 fnt|[from] brn\n|faint|p2a: Zacian\n|upkeep\n|\n|t:|1698971649\n|switch|p2a: Koraidon|Koraidon|100\/100\n|-damage|p2a: Koraidon|94\/100|[from] Stealth Rock\n|-weather|SunnyDay|[from] ability: Orichalcum Pulse|[of] p2a: Koraidon\n|-activate|p2a: Koraidon|Orichalcum Pulse|[source]\n|turn|13\n|\n|t:|1698971657\n|move|p2a: Koraidon|Flame Charge|p1a: Arceus\n|-supereffective|p1a: Arceus\n|-damage|p1a: Arceus|54\/100\n|-boost|p2a: Koraidon|spe|1\n|-damage|p2a: Koraidon|84\/100|[from] item: Life Orb\n|move|p1a: Arceus|Will-O-Wisp|p2a: Koraidon\n|-status|p2a: Koraidon|brn\n|\n|-weather|SunnyDay|[upkeep]\n|-damage|p2a: Koraidon|78\/100 brn|[from] brn\n|upkeep\n|turn|14\n|\n|t:|1698971667\n|switch|p1a: Alomomola|Alomomola, M|97\/100\n|move|p2a: Koraidon|Swords Dance|p2a: Koraidon\n|-boost|p2a: Koraidon|atk|2\n|\n|-weather|SunnyDay|[upkeep]\n|-damage|p2a: Koraidon|72\/100 brn|[from] brn\n|upkeep\n|turn|15\n|\n|t:|1698971670\n|move|p2a: Koraidon|Swords Dance|p2a: Koraidon\n|-boost|p2a: Koraidon|atk|2\n|move|p1a: Alomomola|Play Rough|p2a: Koraidon|[miss]\n|-miss|p1a: Alomomola|p2a: Koraidon\n|\n|-weather|SunnyDay|[upkeep]\n|-damage|p2a: Koraidon|66\/100 brn|[from] brn\n|upkeep\n|turn|16\n|\n|t:|1698971683\n|-terastallize|p2a: Koraidon|Fire\n|-terastallize|p1a: Alomomola|Fairy\n|move|p2a: Koraidon|Dragon Claw|p1a: Alomomola\n|-immune|p1a: Alomomola\n|move|p1a: Alomomola|Play Rough|p2a: Koraidon\n|-resisted|p2a: Koraidon\n|-damage|p2a: Koraidon|55\/100 brn\n|\n|-weather|SunnyDay|[upkeep]\n|-damage|p2a: Koraidon|49\/100 brn|[from] brn\n|upkeep\n|turn|17\n|\n|t:|1698971700\n|move|p2a: Koraidon|Flame Charge|p1a: Alomomola\n|-damage|p1a: Alomomola|26\/100\n|-boost|p2a: Koraidon|spe|1\n|-damage|p2a: Koraidon|32\/100 brn|[from] item: Rocky Helmet|[of] p1a: Alomomola\n|-damage|p2a: Koraidon|22\/100 brn|[from] item: Life Orb\n|move|p1a: Alomomola|Flip Turn|p2a: Koraidon\n|-supereffective|p2a: Koraidon\n|-crit|p2a: Koraidon\n|-damage|p2a: Koraidon|0 fnt\n|faint|p2a: Koraidon\n|\n|t:|1698971711\n|switch|p1a: Koraidon|Koraidon|100\/100|[from] Flip Turn\n|-activate|p1a: Koraidon|ability: Orichalcum Pulse\n|\n|-weather|none\n|upkeep\n|\n|t:|1698971730\n|switch|p2a: Groudon|Groudon|100\/100\n|-damage|p2a: Groudon|94\/100|[from] Stealth Rock\n|-weather|SunnyDay|[from] ability: Drought|[of] p2a: Groudon\n|turn|18\n|\n|t:|1698971739\n|move|p1a: Koraidon|U-turn|p2a: Groudon\n|-damage|p2a: Groudon|69\/100\n|\n|t:|1698971743\n|switch|p1a: Flutter Mane|Flutter Mane|100\/100|[from] U-turn\n|-activate|p1a: Flutter Mane|ability: Protosynthesis\n|-start|p1a: Flutter Mane|protosynthesisspe\n|move|p2a: Groudon|Earthquake|p1a: Flutter Mane\n|-damage|p1a: Flutter Mane|0 fnt\n|faint|p1a: Flutter Mane\n|-end|p1a: Flutter Mane|Protosynthesis|[silent]\n|\n|-weather|SunnyDay|[upkeep]\n|-heal|p2a: Groudon|75\/100|[from] item: Leftovers\n|upkeep\n|\n|t:|1698971749\n|switch|p1a: Koraidon|Koraidon|100\/100\n|-activate|p1a: Koraidon|ability: Orichalcum Pulse\n|turn|19\n|\n|t:|1698971752\n|move|p1a: Koraidon|Low Kick|p2a: Groudon\n|-damage|p2a: Groudon|5\/100\n|move|p2a: Groudon|Earthquake|p1a: Koraidon\n|-damage|p1a: Koraidon|50\/100\n|\n|-weather|SunnyDay|[upkeep]\n|-heal|p2a: Groudon|11\/100|[from] item: Leftovers\n|upkeep\n|turn|20\n|\n|t:|1698971757\n|move|p1a: Koraidon|Low Kick|p2a: Groudon\n|-crit|p2a: Groudon\n|-damage|p2a: Groudon|0 fnt\n|faint|p2a: Groudon\n|\n|-weather|SunnyDay|[upkeep]\n|upkeep\n|\n|t:|1698971760\n|switch|p2a: Arceus|Arceus|100\/100\n|-damage|p2a: Arceus|88\/100|[from] Stealth Rock\n|turn|21\n|\n|t:|1698971763\n|move|p2a: Arceus|Extreme Speed|p1a: Koraidon\n|-damage|p1a: Koraidon|6\/100\n|move|p1a: Koraidon|Low Kick|p2a: Arceus\n|-supereffective|p2a: Arceus\n|-damage|p2a: Arceus|0 fnt\n|faint|p2a: Arceus\n|\n|-weather|SunnyDay|[upkeep]\n|upkeep\n|\n|t:|1698971768\n|switch|p2a: Urshifu|Urshifu, M|84\/100\n|-damage|p2a: Urshifu|78\/100|[from] Stealth Rock\n|turn|22\n|c|\u2606ULT4CP Staller|Ggs\n|j|+corvere\u2665\n|\n|t:|1698971772\n|switch|p1a: Alomomola|Alomomola, M, tera:Fairy|59\/100\n|move|p2a: Urshifu|Sucker Punch||[still]\n|-fail|p2a: Urshifu\n|\n|-weather|none\n|upkeep\n|turn|23\n|\n|t:|1698971775\n|move|p2a: Urshifu|Close Combat|p1a: Alomomola\n|-resisted|p1a: Alomomola\n|-crit|p1a: Alomomola\n|-damage|p1a: Alomomola|31\/100\n|-unboost|p2a: Urshifu|def|1\n|-unboost|p2a: Urshifu|spd|1\n|-damage|p2a: Urshifu|61\/100|[from] item: Rocky Helmet|[of] p1a: Alomomola\n|move|p1a: Alomomola|Play Rough|p2a: Urshifu\n|-supereffective|p2a: Urshifu\n|-damage|p2a: Urshifu|0 fnt\n|faint|p2a: Urshifu\n|\n|win|ULT4CP Staller\n|n|\u2606ULT4CP Staller|ult4cpstaller\n|n|\u2606Abel020403|abel020403\n|n| corvere\u2665|corvere\n","uploadtime":1698971776,"views":11,"p1id":"ult4cpstaller","p2id":"abel020403","formatid":"gen9ubers","rating":0,"private":0,"password":""}