{"id":"gen9ubers-1984533192","p1":"Thefallenpea","p2":"ZachPlay","format":"[Gen 9] Ubers","log":"|j|\u2606Thefallenpea\n|j|\u2606ZachPlay\n|t:|1699277027\n|gametype|singles\n|player|p1|Thefallenpea|hilbert-wonderlauncher|\n|player|p2|ZachPlay|skierf-gen4dp|\n|teamsize|p1|6\n|teamsize|p2|6\n|gen|9\n|tier|[Gen 9] Ubers\n|rule|Sleep Clause Mod: Limit one foe put to sleep\n|rule|Species Clause: Limit one of each Pok\u00e9mon\n|rule|OHKO Clause: OHKO moves are banned\n|rule|Evasion Items Clause: Evasion items are banned\n|rule|Evasion Moves Clause: Evasion moves are banned\n|rule|Endless Battle Clause: Forcing endless battles is banned\n|rule|HP Percentage Mod: HP is shown in percentages\n|clearpoke\n|poke|p1|Magearna|\n|poke|p1|Urshifu-*, F|\n|poke|p1|Heatran, M|\n|poke|p1|Clefable, F|\n|poke|p1|Garchomp, F|\n|poke|p1|Shaymin-Sky|\n|poke|p2|Palkia-Origin|\n|poke|p2|Zacian-*|\n|poke|p2|Cinderace, F|\n|poke|p2|Ursaluna-Bloodmoon, M|\n|poke|p2|Baxcalibur, F|\n|poke|p2|Arceus-Ghost|\n|teampreview\n|inactive|Battle timer is ON: inactive players will automatically lose when time's up. (requested by Thefallenpea)\n|\n|t:|1699277047\n|start\n|switch|p1a: Garchomp|Garchomp, F|100\/100\n|switch|p2a: Baxcalibur|Baxcalibur, F|100\/100\n|turn|1\n|\n|t:|1699277061\n|switch|p2a: Ursaluna|Ursaluna-Bloodmoon, M|100\/100\n|move|p1a: Garchomp|Scale Shot|p2a: Ursaluna\n|-damage|p2a: Ursaluna|94\/100\n|-damage|p2a: Ursaluna|87\/100\n|-damage|p2a: Ursaluna|79\/100\n|-damage|p2a: Ursaluna|72\/100\n|-hitcount|p2a: Ursaluna|4\n|-unboost|p1a: Garchomp|def|1\n|-boost|p1a: Garchomp|spe|1\n|\n|-heal|p2a: Ursaluna|78\/100|[from] item: Leftovers\n|upkeep\n|turn|2\n|\n|t:|1699277086\n|switch|p1a: Magearna|Magearna|100\/100\n|move|p2a: Ursaluna|Blood Moon|p1a: Magearna\n|-resisted|p1a: Magearna\n|-damage|p1a: Magearna|75\/100\n|\n|-heal|p2a: Ursaluna|84\/100|[from] item: Leftovers\n|upkeep\n|turn|3\n|\n|t:|1699277097\n|move|p1a: Magearna|Shift Gear|p1a: Magearna\n|-boost|p1a: Magearna|spe|2\n|-boost|p1a: Magearna|atk|1\n|move|p2a: Ursaluna|Earth Power|p1a: Magearna\n|-supereffective|p1a: Magearna\n|-damage|p1a: Magearna|10\/100\n|-enditem|p1a: Magearna|Weakness Policy\n|-boost|p1a: Magearna|atk|2|[from] item: Weakness Policy\n|-boost|p1a: Magearna|spa|2|[from] item: Weakness Policy\n|\n|-heal|p2a: Ursaluna|90\/100|[from] item: Leftovers\n|upkeep\n|turn|4\n|\n|t:|1699277112\n|move|p1a: Magearna|Draining Kiss|p2a: Ursaluna\n|-damage|p2a: Ursaluna|39\/100\n|-heal|p1a: Magearna|56\/100|[from] drain|[of] p2a: Ursaluna\n|move|p2a: Ursaluna|Earth Power|p1a: Magearna\n|-supereffective|p1a: Magearna\n|-damage|p1a: Magearna|0 fnt\n|faint|p1a: Magearna\n|\n|-heal|p2a: Ursaluna|45\/100|[from] item: Leftovers\n|upkeep\n|c|\u2606ZachPlay|Oh thanks freaking god\n|inactive|Thefallenpea has 270 seconds left.\n|c|\u2606Thefallenpea|i'm really unfamiliar with ubers\n|\n|t:|1699277149\n|switch|p1a: Urshifu|Urshifu-Rapid-Strike, F|100\/100\n|turn|5\n|\n|t:|1699277162\n|switch|p2a: Palkia|Palkia-Origin|100\/100\n|-ability|p2a: Palkia|Pressure\n|move|p1a: Urshifu|U-turn|p2a: Palkia\n|-damage|p2a: Palkia|61\/100\n|\n|t:|1699277172\n|switch|p1a: Shaymin|Shaymin-Sky|100\/100|[from] U-turn\n|\n|upkeep\n|turn|6\n|\n|t:|1699277180\n|move|p1a: Shaymin|Substitute|p1a: Shaymin\n|-start|p1a: Shaymin|Substitute\n|-damage|p1a: Shaymin|75\/100\n|move|p2a: Palkia|Flamethrower|p1a: Shaymin\n|-supereffective|p1a: Shaymin\n|-end|p1a: Shaymin|Substitute\n|\n|-heal|p1a: Shaymin|82\/100|[from] item: Leftovers\n|upkeep\n|turn|7\n|inactive|Thefallenpea has 240 seconds left.\n|\n|t:|1699277212\n|move|p1a: Shaymin|Air Slash|p2a: Palkia\n|-damage|p2a: Palkia|35\/100\n|cant|p2a: Palkia|flinch\n|\n|-heal|p1a: Shaymin|88\/100|[from] item: Leftovers\n|upkeep\n|turn|8\n|inactive|Thefallenpea has 240 seconds left.\n|\n|t:|1699277221\n|move|p1a: Shaymin|Seed Flare|p2a: Palkia\n|-damage|p2a: Palkia|0 fnt\n|faint|p2a: Palkia\n|\n|-heal|p1a: Shaymin|94\/100|[from] item: Leftovers\n|upkeep\n|\n|t:|1699277230\n|switch|p2a: Baxcalibur|Baxcalibur, F|100\/100\n|turn|9\n|\n|t:|1699277242\n|move|p1a: Shaymin|Substitute|p1a: Shaymin\n|-start|p1a: Shaymin|Substitute\n|-damage|p1a: Shaymin|69\/100\n|move|p2a: Baxcalibur|Icicle Spear|p1a: Shaymin\n|-supereffective|p1a: Shaymin\n|-end|p1a: Shaymin|Substitute\n|-supereffective|p1a: Shaymin\n|-damage|p1a: Shaymin|7\/100\n|-supereffective|p1a: Shaymin\n|-damage|p1a: Shaymin|0 fnt\n|faint|p1a: Shaymin\n|-hitcount|p1: Shaymin|3\n|\n|upkeep\n|c|\u2606Thefallenpea|oh shit\n|inactive|Thefallenpea has 240 seconds left.\n|c|\u2606ZachPlay|Dude, why?\n|\n|t:|1699277258\n|switch|p1a: Heatran|Heatran, M|100\/100\n|-item|p1a: Heatran|Air Balloon\n|turn|10\n|c|\u2606ZachPlay|Lmao\n|c|\u2606Thefallenpea|i forgot again\n|inactive|Thefallenpea has 240 seconds left.\n|\n|t:|1699277279\n|switch|p2a: Arceus|Arceus-Ghost|100\/100\n|move|p1a: Heatran|Flash Cannon|p2a: Arceus\n|-damage|p2a: Arceus|71\/100\n|\n|upkeep\n|turn|11\n|\n|t:|1699277294\n|switch|p1a: Clefable|Clefable, F|100\/100\n|move|p2a: Arceus|Shadow Claw|p1a: Clefable\n|-damage|p1a: Clefable|65\/100\n|\n|-heal|p1a: Clefable|72\/100|[from] item: Leftovers\n|upkeep\n|turn|12\n|\n|t:|1699277306\n|switch|p2a: Ursaluna|Ursaluna-Bloodmoon, M|45\/100\n|move|p1a: Clefable|Wish|p1a: Clefable\n|\n|-heal|p1a: Clefable|78\/100|[from] item: Leftovers\n|-heal|p2a: Ursaluna|51\/100|[from] item: Leftovers\n|upkeep\n|turn|13\n|\n|t:|1699277313\n|switch|p1a: Urshifu|Urshifu-Rapid-Strike, F|100\/100\n|move|p2a: Ursaluna|Moonlight|p2a: Ursaluna\n|-heal|p2a: Ursaluna|100\/100\n|\n|upkeep\n|turn|14\n|inactive|Thefallenpea has 240 seconds left.\n|\n|t:|1699277320\n|switch|p2a: Arceus|Arceus-Ghost|71\/100\n|move|p1a: Urshifu|Surging Strikes|p2a: Arceus\n|-crit|p2a: Arceus\n|-damage|p2a: Arceus|49\/100\n|-crit|p2a: Arceus\n|-damage|p2a: Arceus|28\/100\n|-crit|p2a: Arceus\n|-damage|p2a: Arceus|5\/100\n|-hitcount|p2a: Arceus|3\n|\n|upkeep\n|turn|15\n|\n|t:|1699277329\n|move|p2a: Arceus|Extreme Speed|p1a: Urshifu\n|-damage|p1a: Urshifu|73\/100\n|move|p1a: Urshifu|Surging Strikes|p2a: Arceus\n|-crit|p2a: Arceus\n|-damage|p2a: Arceus|0 fnt\n|faint|p2a: Arceus\n|-hitcount|p2: Arceus|1\n|\n|upkeep\n|\n|t:|1699277342\n|switch|p2a: Baxcalibur|Baxcalibur, F|100\/100\n|turn|16\n|\n|t:|1699277356\n|switch|p1a: Clefable|Clefable, F|78\/100\n|move|p2a: Baxcalibur|Scale Shot|p1a: Clefable\n|-immune|p1a: Clefable\n|\n|-heal|p1a: Clefable|84\/100|[from] item: Leftovers\n|upkeep\n|turn|17\n|\n|t:|1699277369\n|switch|p2a: Cinderace|Cinderace, F|100\/100\n|move|p1a: Clefable|Thunder Wave|p2a: Cinderace\n|-status|p2a: Cinderace|par\n|\n|-heal|p1a: Clefable|90\/100|[from] item: Leftovers\n|upkeep\n|turn|18\n|\n|t:|1699277378\n|move|p2a: Cinderace|U-turn|p1a: Clefable\n|-start|p2a: Cinderace|typechange|Bug|[from] ability: Libero\n|-resisted|p1a: Clefable\n|-damage|p1a: Clefable|77\/100\n|\n|t:|1699277382\n|switch|p2a: Ursaluna|Ursaluna-Bloodmoon, M|100\/100|[from] U-turn\n|move|p1a: Clefable|Moonblast|p2a: Ursaluna\n|-damage|p2a: Ursaluna|64\/100\n|\n|-heal|p1a: Clefable|83\/100|[from] item: Leftovers\n|-heal|p2a: Ursaluna|70\/100|[from] item: Leftovers\n|upkeep\n|turn|19\n|inactive|Thefallenpea has 270 seconds left.\n|\n|t:|1699277393\n|move|p1a: Clefable|Wish|p1a: Clefable\n|move|p2a: Ursaluna|Calm Mind|p2a: Ursaluna\n|-boost|p2a: Ursaluna|spa|1\n|-boost|p2a: Ursaluna|spd|1\n|\n|-heal|p1a: Clefable|89\/100|[from] item: Leftovers\n|-heal|p2a: Ursaluna|76\/100|[from] item: Leftovers\n|upkeep\n|turn|20\n|inactive|Thefallenpea has 270 seconds left.\n|\n|t:|1699277422\n|switch|p1a: Heatran|Heatran, M|100\/100\n|-item|p1a: Heatran|Air Balloon\n|move|p2a: Ursaluna|Moonlight|p2a: Ursaluna\n|-heal|p2a: Ursaluna|100\/100\n|\n|upkeep\n|turn|21\n|\n|t:|1699277430\n|move|p1a: Heatran|Body Press|p2a: Ursaluna\n|-supereffective|p2a: Ursaluna\n|-crit|p2a: Ursaluna\n|-damage|p2a: Ursaluna|73\/100\n|move|p2a: Ursaluna|Blood Moon|p1a: Heatran\n|-resisted|p1a: Heatran\n|-damage|p1a: Heatran|59\/100\n|-enditem|p1a: Heatran|Air Balloon\n|\n|-heal|p2a: Ursaluna|79\/100|[from] item: Leftovers\n|upkeep\n|turn|22\n|\n|t:|1699277441\n|switch|p1a: Clefable|Clefable, F|89\/100\n|move|p2a: Ursaluna|Calm Mind|p2a: Ursaluna\n|-boost|p2a: Ursaluna|spa|1\n|-boost|p2a: Ursaluna|spd|1\n|\n|-heal|p1a: Clefable|95\/100|[from] item: Leftovers\n|-heal|p2a: Ursaluna|85\/100|[from] item: Leftovers\n|upkeep\n|turn|23\n|\n|t:|1699277468\n|move|p1a: Clefable|Wish|p1a: Clefable\n|move|p2a: Ursaluna|Blood Moon|p1a: Clefable\n|-damage|p1a: Clefable|0 fnt\n|faint|p1a: Clefable\n|\n|-heal|p2a: Ursaluna|91\/100|[from] item: Leftovers\n|upkeep\n|\n|t:|1699277474\n|switch|p1a: Urshifu|Urshifu-Rapid-Strike, F|73\/100\n|turn|24\n|\n|t:|1699277483\n|-terastallize|p1a: Urshifu|Water\n|-terastallize|p2a: Ursaluna|Poison\n|move|p1a: Urshifu|Surging Strikes|p2a: Ursaluna\n|-crit|p2a: Ursaluna\n|-damage|p2a: Ursaluna|71\/100\n|-crit|p2a: Ursaluna\n|-damage|p2a: Ursaluna|50\/100\n|-crit|p2a: Ursaluna\n|-damage|p2a: Ursaluna|30\/100\n|-hitcount|p2a: Ursaluna|3\n|move|p2a: Ursaluna|Earth Power|p1a: Urshifu\n|-damage|p1a: Urshifu|0 fnt\n|faint|p1a: Urshifu\n|\n|-heal|p2a: Ursaluna|36\/100|[from] item: Leftovers\n|upkeep\n|inactive|Thefallenpea has 240 seconds left.\n|\n|t:|1699277499\n|switch|p1a: Garchomp|Garchomp, F|100\/100\n|turn|25\n|inactive|Thefallenpea has 240 seconds left.\n|\n|t:|1699277510\n|move|p1a: Garchomp|Earthquake|p2a: Ursaluna\n|-supereffective|p2a: Ursaluna\n|-damage|p2a: Ursaluna|0 fnt\n|faint|p2a: Ursaluna\n|\n|upkeep\n|\n|t:|1699277517\n|switch|p2a: Zacian|Zacian|100\/100\n|-ability|p2a: Zacian|Intrepid Sword|boost\n|-boost|p2a: Zacian|atk|1\n|turn|26\n|\n|t:|1699277529\n|move|p2a: Zacian|Play Rough|p1a: Garchomp\n|-supereffective|p1a: Garchomp\n|-damage|p1a: Garchomp|0 fnt\n|-damage|p2a: Zacian|88\/100|[from] ability: Rough Skin|[of] p1a: Garchomp\n|faint|p1a: Garchomp\n|\n|-heal|p2a: Zacian|94\/100|[from] item: Leftovers\n|upkeep\n|\n|t:|1699277537\n|switch|p1a: Heatran|Heatran, M|59\/100\n|turn|27\n|c|\u2606ZachPlay|Thank god it didn't miss\n|\n|t:|1699277548\n|move|p2a: Zacian|Iron Head|p1a: Heatran\n|-resisted|p1a: Heatran\n|-damage|p1a: Heatran|50\/100\n|move|p1a: Heatran|Flash Cannon|p2a: Zacian\n|-supereffective|p2a: Zacian\n|-damage|p2a: Zacian|1\/100\n|\n|-heal|p2a: Zacian|8\/100|[from] item: Leftovers\n|upkeep\n|turn|28\n|inactive|Thefallenpea has 240 seconds left.\n|c|\u2606Thefallenpea|i just realised you don't have tera blast g anympre\n|c|\u2606Thefallenpea|this is why i don't play competitive seriously\n|inactive|Thefallenpea has 210 seconds left.\n|c|\u2606Thefallenpea|kept forgetting shit\n|\n|t:|1699277600\n|move|p2a: Zacian|Play Rough|p1a: Heatran\n|-resisted|p1a: Heatran\n|-damage|p1a: Heatran|35\/100\n|move|p1a: Heatran|Flash Cannon|p2a: Zacian\n|-supereffective|p2a: Zacian\n|-damage|p2a: Zacian|0 fnt\n|faint|p2a: Zacian\n|\n|upkeep\n|\n|t:|1699277605\n|switch|p2a: Baxcalibur|Baxcalibur, F|100\/100\n|turn|29\n|\n|t:|1699277613\n|move|p2a: Baxcalibur|Earthquake|p1a: Heatran\n|-supereffective|p1a: Heatran\n|-damage|p1a: Heatran|0 fnt\n|faint|p1a: Heatran\n|\n|win|ZachPlay\n|c|\u2606ZachPlay|Gg\n|c|\u2606Thefallenpea|well gg\n","uploadtime":1699277620,"views":19,"p1id":"thefallenpea","p2id":"zachplay","formatid":"gen9ubers","rating":0,"private":0,"password":""}