{"id":"gen9ubers-1993222133","p1":"Ampharoside","p2":"david nutter","format":"[Gen 9] Ubers","log":"|j|\u2606Ampharoside\n|j|\u2606david nutter\n|t:|1700280078\n|gametype|singles\n|player|p1|Ampharoside|265|\n|player|p2|david nutter|red|\n|teamsize|p1|6\n|teamsize|p2|6\n|gen|9\n|tier|[Gen 9] Ubers\n|rule|Sleep Clause Mod: Limit one foe put to sleep\n|rule|Species Clause: Limit one of each Pok\u00e9mon\n|rule|OHKO Clause: OHKO moves are banned\n|rule|Evasion Items Clause: Evasion items are banned\n|rule|Evasion Moves Clause: Evasion moves are banned\n|rule|Endless Battle Clause: Forcing endless battles is banned\n|rule|HP Percentage Mod: HP is shown in percentages\n|clearpoke\n|poke|p1|Enamorus-Therian, F|\n|poke|p1|Slowking-Galar, F|\n|poke|p1|Baxcalibur, F|\n|poke|p1|Crocalor, F|\n|poke|p1|Quaquaval, M|\n|poke|p1|Persian-Alola, F|\n|poke|p2|Ursaluna-Bloodmoon, M|\n|poke|p2|Ninetales-Alola, M|\n|poke|p2|Magneton|\n|poke|p2|Azelf|\n|poke|p2|Brambleghast, M|\n|poke|p2|Cetitan, M|\n|teampreview\n|c|\u2606david nutter|gl hf\n|c|\u2606Ampharoside|u2\n|\n|t:|1700280109\n|start\n|switch|p1a: Persian|Persian-Alola, F|100\/100\n|switch|p2a: Magneton|Magneton|100\/100\n|turn|1\n|\n|t:|1700280115\n|move|p1a: Persian|Knock Off|p2a: Magneton\n|-damage|p2a: Magneton|62\/100\n|-enditem|p2a: Magneton|Choice Scarf|[from] move: Knock Off|[of] p1a: Persian\n|move|p2a: Magneton|Volt Switch|p1a: Persian\n|-damage|p1a: Persian|9\/100\n|\n|t:|1700280131\n|switch|p2a: Ursaluna|Ursaluna-Bloodmoon, M|100\/100|[from] Volt Switch\n|\n|upkeep\n|turn|2\n|\n|t:|1700280135\n|switch|p1a: Slowking|Slowking-Galar, F|100\/100\n|move|p2a: Ursaluna|Vacuum Wave|p1a: Slowking\n|-resisted|p1a: Slowking\n|-damage|p1a: Slowking|99\/100\n|\n|upkeep\n|turn|3\n|\n|t:|1700280151\n|move|p2a: Ursaluna|Calm Mind|p2a: Ursaluna\n|-boost|p2a: Ursaluna|spa|1\n|-boost|p2a: Ursaluna|spd|1\n|move|p1a: Slowking|Future Sight|p2a: Ursaluna\n|-start|p1a: Slowking|move: Future Sight\n|\n|upkeep\n|turn|4\n|\n|t:|1700280160\n|move|p2a: Ursaluna|Blood Moon|p1a: Slowking\n|-damage|p1a: Slowking|52\/100\n|move|p1a: Slowking|Grass Knot|p2a: Ursaluna\n|-supereffective|p2a: Ursaluna\n|-damage|p2a: Ursaluna|52\/100\n|\n|upkeep\n|turn|5\n|\n|t:|1700280175\n|move|p2a: Ursaluna|Earth Power|p1a: Slowking\n|-supereffective|p1a: Slowking\n|-damage|p1a: Slowking|0 fnt\n|faint|p1a: Slowking\n|\n|-end|p2a: Ursaluna|move: Future Sight\n|-damage|p2a: Ursaluna|15\/100\n|upkeep\n|j| Ace_T_24\n|\n|t:|1700280182\n|switch|p1a: Quaquaval|Quaquaval, M|100\/100\n|turn|6\n|j| Quackborg\n|j| BPLD\n|c| Quackborg|hello\n|j| PorygonTheBot\n|c| PorygonTheBot|Porygon has digitized into the match... booting up... successfully calibrating stats!\n|\n|t:|1700280228\n|move|p2a: Ursaluna|Vacuum Wave|p1a: Quaquaval\n|-damage|p1a: Quaquaval|69\/100\n|move|p1a: Quaquaval|Flip Turn|p2a: Ursaluna\n|-supereffective|p2a: Ursaluna\n|-damage|p2a: Ursaluna|0 fnt\n|faint|p2a: Ursaluna\n|-ability|p1a: Quaquaval|Moxie|boost\n|-boost|p1a: Quaquaval|atk|1\n|c| BPLD|is that THE david nutter?\n|c|\u2606david nutter|how did you find me\n|c| BPLD|I never lost you <3\n|\n|t:|1700280278\n|switch|p1a: Persian|Persian-Alola, F|9\/100|[from] Flip Turn\n|\n|upkeep\n|\n|t:|1700280290\n|switch|p2a: Brambleghast|Brambleghast, M|100\/100\n|turn|7\n|\n|t:|1700280315\n|move|p2a: Brambleghast|Shadow Sneak|p1a: Persian\n|-resisted|p1a: Persian\n|-damage|p1a: Persian|0 fnt\n|faint|p1a: Persian\n|\n|upkeep\n|j| Seior\n|\n|t:|1700280337\n|switch|p1a: Baxcalibur|Baxcalibur, F|100\/100\n|turn|8\n|c| Seior|nuther\n|l| Seior\n|j| Seior\n|\n|t:|1700280406\n|switch|p1a: Crocalor|Crocalor, F|100\/100\n|move|p2a: Brambleghast|Poltergeist|p1a: Crocalor\n|-activate|p1a: Crocalor|move: Poltergeist|Eviolite\n|-damage|p1a: Crocalor|65\/100\n|\n|upkeep\n|turn|9\n|\n|t:|1700280430\n|switch|p2a: Azelf|Azelf|100\/100\n|move|p1a: Crocalor|Will-O-Wisp|p2a: Azelf\n|-status|p2a: Azelf|brn\n|\n|-damage|p2a: Azelf|94\/100 brn|[from] brn\n|upkeep\n|turn|10\n|\n|t:|1700280439\n|move|p2a: Azelf|Stealth Rock|p1a: Crocalor\n|-sidestart|p1: Ampharoside|move: Stealth Rock\n|move|p1a: Crocalor|Slack Off|p1a: Crocalor\n|-heal|p1a: Crocalor|100\/100\n|\n|-heal|p2a: Azelf|100\/100 brn|[from] item: Leftovers\n|-damage|p2a: Azelf|94\/100 brn|[from] brn\n|upkeep\n|turn|11\n|\n|t:|1700280448\n|move|p2a: Azelf|Mystical Power|p1a: Crocalor\n|-damage|p1a: Crocalor|75\/100\n|-boost|p2a: Azelf|spa|1\n|move|p1a: Crocalor|Flamethrower|p2a: Azelf\n|-damage|p2a: Azelf|64\/100 brn\n|\n|-heal|p2a: Azelf|70\/100 brn|[from] item: Leftovers\n|-damage|p2a: Azelf|64\/100 brn|[from] brn\n|upkeep\n|turn|12\n|\n|t:|1700280454\n|move|p2a: Azelf|Taunt|p1a: Crocalor\n|-start|p1a: Crocalor|move: Taunt\n|cant|p1a: Crocalor|move: Taunt|Slack Off\n|\n|-heal|p2a: Azelf|70\/100 brn|[from] item: Leftovers\n|-damage|p2a: Azelf|64\/100 brn|[from] brn\n|upkeep\n|turn|13\n|\n|t:|1700280458\n|move|p2a: Azelf|Mystical Power|p1a: Crocalor\n|-damage|p1a: Crocalor|51\/100\n|-boost|p2a: Azelf|spa|1\n|move|p1a: Crocalor|Flamethrower|p2a: Azelf\n|-crit|p2a: Azelf\n|-damage|p2a: Azelf|21\/100 brn\n|\n|-heal|p2a: Azelf|27\/100 brn|[from] item: Leftovers\n|-damage|p2a: Azelf|21\/100 brn|[from] brn\n|upkeep\n|turn|14\n|\n|t:|1700280473\n|move|p2a: Azelf|Mystical Power|p1a: Crocalor\n|-damage|p1a: Crocalor|23\/100\n|-boost|p2a: Azelf|spa|1\n|move|p1a: Crocalor|Flamethrower|p2a: Azelf\n|-crit|p2a: Azelf\n|-damage|p2a: Azelf|0 fnt\n|faint|p2a: Azelf\n|\n|-end|p1a: Crocalor|move: Taunt\n|upkeep\n|l| Quackborg\n|\n|t:|1700280483\n|switch|p2a: Magneton|Magneton|62\/100\n|turn|15\n|\n|t:|1700280499\n|move|p2a: Magneton|Thunderbolt|p1a: Crocalor\n|-damage|p1a: Crocalor|0 fnt\n|faint|p1a: Crocalor\n|\n|upkeep\n|\n|t:|1700280502\n|switch|p1a: Baxcalibur|Baxcalibur, F|100\/100\n|-damage|p1a: Baxcalibur|76\/100|[from] Stealth Rock\n|turn|16\n|\n|t:|1700280508\n|move|p1a: Baxcalibur|Dragon Dance|p1a: Baxcalibur\n|-boost|p1a: Baxcalibur|atk|1\n|-boost|p1a: Baxcalibur|spe|1\n|move|p2a: Magneton|Steel Beam|p1a: Baxcalibur\n|-supereffective|p1a: Baxcalibur\n|-damage|p1a: Baxcalibur|0 fnt\n|-damage|p2a: Magneton|12\/100|[from] steelbeam\n|faint|p1a: Baxcalibur\n|\n|upkeep\n|\n|t:|1700280511\n|switch|p1a: Quaquaval|Quaquaval, M|69\/100\n|-damage|p1a: Quaquaval|63\/100|[from] Stealth Rock\n|turn|17\n|\n|t:|1700280525\n|move|p1a: Quaquaval|Aqua Step|p2a: Magneton\n|-damage|p2a: Magneton|0 fnt\n|-boost|p1a: Quaquaval|spe|1\n|faint|p2a: Magneton\n|-ability|p1a: Quaquaval|Moxie|boost\n|-boost|p1a: Quaquaval|atk|1\n|\n|-heal|p1a: Quaquaval|69\/100|[from] item: Leftovers\n|upkeep\n|\n|t:|1700280558\n|switch|p2a: Ninetales|Ninetales-Alola, M, shiny|100\/100\n|-weather|Snow|[from] ability: Snow Warning|[of] p2a: Ninetales\n|turn|18\n|\n|t:|1700280566\n|move|p1a: Quaquaval|Close Combat|p2a: Ninetales\n|-damage|p2a: Ninetales|44\/100\n|-unboost|p1a: Quaquaval|def|1\n|-unboost|p1a: Quaquaval|spd|1\n|move|p2a: Ninetales|Moonblast|p1a: Quaquaval\n|-supereffective|p1a: Quaquaval\n|-damage|p1a: Quaquaval|0 fnt\n|faint|p1a: Quaquaval\n|\n|-weather|Snow|[upkeep]\n|upkeep\n|\n|t:|1700280568\n|switch|p1a: Enamorus|Enamorus-Therian, F|100\/100\n|-damage|p1a: Enamorus|76\/100|[from] Stealth Rock\n|turn|19\n|\n|t:|1700280573\n|move|p2a: Ninetales|Blizzard|p1a: Enamorus\n|-supereffective|p1a: Enamorus\n|-damage|p1a: Enamorus|11\/100\n|move|p1a: Enamorus|Moonblast|p2a: Ninetales\n|-damage|p2a: Ninetales|0 fnt\n|faint|p2a: Ninetales\n|\n|-weather|Snow|[upkeep]\n|upkeep\n|c|\u2606Ampharoside|gg\n|c|\u2606david nutter|gg\n|\n|t:|1700280580\n|switch|p2a: Cetitan|Cetitan, M|100\/100\n|turn|20\n|\n|t:|1700280584\n|move|p2a: Cetitan|Ice Shard|p1a: Enamorus\n|-supereffective|p1a: Enamorus\n|-damage|p1a: Enamorus|0 fnt\n|faint|p1a: Enamorus\n|\n|win|david nutter\n|l|\u2606Ampharoside\n|l| PorygonTheBot\n|j|\u2606Ampharoside\n|player|p1|Ampharoside|265\n","uploadtime":1700280585,"views":23,"p1id":"ampharoside","p2id":"davidnutter","formatid":"gen9ubers","rating":0,"private":0,"password":""}