{"id":"gen9ubers-1995409356","p1":"Red_Rose_Dragon","p2":"AmoSerPobre","format":"[Gen 9] Ubers","log":"|j|\u2606Red_Rose_Dragon\n|j|\u2606AmoSerPobre\n|t:|1700567002\n|gametype|singles\n|player|p1|Red_Rose_Dragon|170|1000\n|player|p2|AmoSerPobre|phoebe-gen6|1000\n|teamsize|p1|6\n|teamsize|p2|1\n|gen|9\n|tier|[Gen 9] Ubers\n|rated|\n|rule|Sleep Clause Mod: Limit one foe put to sleep\n|rule|Species Clause: Limit one of each Pok\u00e9mon\n|rule|OHKO Clause: OHKO moves are banned\n|rule|Evasion Items Clause: Evasion items are banned\n|rule|Evasion Moves Clause: Evasion moves are banned\n|rule|Endless Battle Clause: Forcing endless battles is banned\n|rule|HP Percentage Mod: HP is shown in percentages\n|clearpoke\n|poke|p1|Blissey, F|\n|poke|p1|Toxapex, M|\n|poke|p1|Ceruledge, M|\n|poke|p1|Gliscor, F|\n|poke|p1|Dragapult, M|\n|poke|p1|Heatran, F|\n|poke|p2|Sneasler, F|\n|teampreview\n|\n|t:|1700567008\n|start\n|switch|p1a: Gliscor|Gliscor, F|100\/100\n|switch|p2a: Sneasler|Sneasler, F, shiny|100\/100\n|-item|p2a: Sneasler|Air Balloon\n|turn|1\n|c|\u2606AmoSerPobre|Small test\n|\n|t:|1700567020\n|switch|p1a: Ceruledge|Ceruledge, M|100\/100\n|move|p2a: Sneasler|Swords Dance|p2a: Sneasler\n|-boost|p2a: Sneasler|atk|2\n|\n|upkeep\n|turn|2\n|\n|t:|1700567031\n|move|p2a: Sneasler|Dire Claw|p1a: Ceruledge\n|-resisted|p1a: Ceruledge\n|-damage|p1a: Ceruledge|35\/100\n|move|p1a: Ceruledge|Bitter Blade|p2a: Sneasler\n|-damage|p2a: Sneasler|7\/100\n|-heal|p1a: Ceruledge|83\/100|[from] drain|[of] p2a: Sneasler\n|-enditem|p2a: Sneasler|Air Balloon\n|-damage|p1a: Ceruledge|73\/100|[from] item: Life Orb\n|\n|upkeep\n|turn|3\n|\n|t:|1700567043\n|move|p2a: Sneasler|Dire Claw|p1a: Ceruledge\n|-resisted|p1a: Ceruledge\n|-crit|p1a: Ceruledge\n|-damage|p1a: Ceruledge|0 fnt\n|faint|p1a: Ceruledge\n|\n|upkeep\n|\n|t:|1700567050\n|switch|p1a: Heatran|Heatran, F|100\/100\n|turn|4\n|\n|t:|1700567059\n|move|p2a: Sneasler|Close Combat|p1a: Heatran\n|-supereffective|p1a: Heatran\n|-damage|p1a: Heatran|0 fnt\n|-unboost|p2a: Sneasler|def|1\n|-unboost|p2a: Sneasler|spd|1\n|faint|p1a: Heatran\n|\n|upkeep\n|inactive|Battle timer is ON: inactive players will automatically lose when time's up. (requested by Red_Rose_Dragon)\n|\n|t:|1700567066\n|switch|p1a: Gliscor|Gliscor, F|100\/100\n|turn|5\n|\n|t:|1700567072\n|-terastallize|p2a: Sneasler|Flying\n|move|p2a: Sneasler|Acrobatics|p1a: Gliscor\n|-damage|p1a: Gliscor|17\/100\n|move|p1a: Gliscor|Spikes|p2a: Sneasler\n|-sidestart|p2: AmoSerPobre|Spikes\n|\n|-status|p1a: Gliscor|tox|[from] item: Toxic Orb\n|upkeep\n|turn|6\n|\n|t:|1700567082\n|move|p2a: Sneasler|Acrobatics|p1a: Gliscor\n|-damage|p1a: Gliscor|0 fnt\n|faint|p1a: Gliscor\n|\n|upkeep\n|\n|t:|1700567088\n|switch|p1a: Dragapult|Dragapult, M|100\/100\n|turn|7\n|\n|t:|1700567093\n|move|p2a: Sneasler|Acrobatics|p1a: Dragapult\n|-damage|p1a: Dragapult|0 fnt\n|faint|p1a: Dragapult\n|\n|upkeep\n|\n|t:|1700567099\n|switch|p1a: Blissey|Blissey, F|100\/100\n|turn|8\n|\n|t:|1700567104\n|move|p2a: Sneasler|Close Combat|p1a: Blissey\n|-supereffective|p1a: Blissey\n|-damage|p1a: Blissey|0 fnt\n|-unboost|p2a: Sneasler|def|1\n|-unboost|p2a: Sneasler|spd|1\n|faint|p1a: Blissey\n|\n|upkeep\n|\n|t:|1700567111\n|switch|p1a: Toxapex|Toxapex, M|100\/100\n|turn|9\n|\n|t:|1700567119\n|-terastallize|p1a: Toxapex|Ghost\n|move|p2a: Sneasler|Acrobatics|p1a: Toxapex\n|-damage|p1a: Toxapex|5\/100\n|move|p1a: Toxapex|Tera Blast|p2a: Sneasler|[anim] Tera Blast Ghost\n|-damage|p2a: Sneasler|0 fnt\n|faint|p2a: Sneasler\n|\n|win|Red_Rose_Dragon\n|raw|Red_Rose_Dragon's rating: 1000 &rarr; <strong>1040<\/strong><br \/>(+40 for winning)\n|raw|AmoSerPobre's rating: 1000 &rarr; <strong>1000<\/strong><br \/>(+0 for losing)\n","uploadtime":1700567133,"views":0,"p1id":"redrosedragon","p2id":"amoserpobre","formatid":"gen9ubers","rating":1000,"private":0,"password":""}