{"id":"gen9ubers-1980439382","p1":"Willish6634","p2":"Lillyrosethedemon","format":"[Gen 9] Ubers","log":"|j|\u2606Willish6634\n|j|\u2606Lillyrosethedemon\n|t:|1698785046\n|gametype|singles\n|player|p1|Willish6634|leon-masters|\n|player|p2|Lillyrosethedemon|170|\n|teamsize|p1|6\n|teamsize|p2|6\n|gen|9\n|tier|[Gen 9] Ubers\n|rule|Sleep Clause Mod: Limit one foe put to sleep\n|rule|Species Clause: Limit one of each Pok\u00e9mon\n|rule|OHKO Clause: OHKO moves are banned\n|rule|Evasion Items Clause: Evasion items are banned\n|rule|Evasion Moves Clause: Evasion moves are banned\n|rule|Endless Battle Clause: Forcing endless battles is banned\n|rule|HP Percentage Mod: HP is shown in percentages\n|clearpoke\n|poke|p1|Tyranitar, M|\n|poke|p1|Ogerpon-Cornerstone, F|\n|poke|p1|Forretress, M|\n|poke|p1|Tauros-Paldea-Blaze, M|\n|poke|p1|Volcanion|\n|poke|p1|Ditto|\n|poke|p2|Hatterene, F|\n|poke|p2|Iron Hands|\n|poke|p2|Staraptor, M|\n|poke|p2|Volcarona, F|\n|poke|p2|Mamoswine, F|\n|poke|p2|Samurott-Hisui, M|\n|teampreview\n|\n|t:|1698785071\n|start\n|switch|p1a: Tyranitar|Tyranitar, M|100\/100\n|switch|p2a: Staraptor|Staraptor, M|100\/100\n|-weather|Sandstorm|[from] ability: Sand Stream|[of] p1a: Tyranitar\n|turn|1\n|\n|t:|1698785081\n|switch|p1a: Forretress|Forretress, M|100\/100\n|move|p2a: Staraptor|U-turn|p1a: Forretress\n|-resisted|p1a: Forretress\n|-damage|p1a: Forretress|94\/100\n|\n|t:|1698785088\n|switch|p2a: Iron Hands|Iron Hands|100\/100|[from] U-turn\n|\n|-weather|Sandstorm|[upkeep]\n|-damage|p2a: Iron Hands|94\/100|[from] Sandstorm\n|-heal|p2a: Iron Hands|100\/100|[from] item: Leftovers\n|-heal|p1a: Forretress|99\/100|[from] item: Leftovers\n|upkeep\n|turn|2\n|\n|t:|1698785098\n|move|p2a: Iron Hands|Substitute|p2a: Iron Hands\n|-start|p2a: Iron Hands|Substitute\n|-damage|p2a: Iron Hands|76\/100\n|move|p1a: Forretress|Stealth Rock|p2a: Iron Hands\n|-sidestart|p2: Lillyrosethedemon|move: Stealth Rock\n|\n|-weather|Sandstorm|[upkeep]\n|-damage|p2a: Iron Hands|69\/100|[from] Sandstorm\n|-heal|p2a: Iron Hands|76\/100|[from] item: Leftovers\n|-heal|p1a: Forretress|100\/100|[from] item: Leftovers\n|upkeep\n|turn|3\n|\n|t:|1698785108\n|move|p2a: Iron Hands|Swords Dance|p2a: Iron Hands\n|-boost|p2a: Iron Hands|atk|2\n|move|p1a: Forretress|Rapid Spin|p2a: Iron Hands\n|-activate|p2a: Iron Hands|move: Substitute|[damage]\n|-boost|p1a: Forretress|spe|1\n|\n|-weather|Sandstorm|[upkeep]\n|-damage|p2a: Iron Hands|69\/100|[from] Sandstorm\n|-heal|p2a: Iron Hands|76\/100|[from] item: Leftovers\n|upkeep\n|turn|4\n|\n|t:|1698785120\n|move|p2a: Iron Hands|Drain Punch|p1a: Forretress\n|-damage|p1a: Forretress|54\/100\n|-heal|p2a: Iron Hands|93\/100|[from] drain|[of] p1a: Forretress\n|move|p1a: Forretress|Counter|p2a: Iron Hands\n|-end|p2a: Iron Hands|Substitute\n|\n|-weather|Sandstorm|[upkeep]\n|-damage|p2a: Iron Hands|86\/100|[from] Sandstorm\n|-heal|p2a: Iron Hands|93\/100|[from] item: Leftovers\n|-heal|p1a: Forretress|61\/100|[from] item: Leftovers\n|upkeep\n|turn|5\n|\n|t:|1698785133\n|switch|p1a: Tauros|Tauros-Paldea-Blaze, M|100\/100\n|-ability|p1a: Tauros|Intimidate|boost\n|-unboost|p2a: Iron Hands|atk|1\n|move|p2a: Iron Hands|Substitute|p2a: Iron Hands\n|-start|p2a: Iron Hands|Substitute\n|-damage|p2a: Iron Hands|68\/100\n|\n|-weather|none\n|-heal|p2a: Iron Hands|74\/100|[from] item: Leftovers\n|upkeep\n|turn|6\n|\n|t:|1698785149\n|move|p1a: Tauros|Earthquake|p2a: Iron Hands\n|-supereffective|p2a: Iron Hands\n|-end|p2a: Iron Hands|Substitute\n|move|p2a: Iron Hands|Drain Punch|p1a: Tauros\n|-damage|p1a: Tauros|48\/100\n|-heal|p2a: Iron Hands|92\/100|[from] drain|[of] p1a: Tauros\n|\n|-heal|p1a: Tauros|55\/100|[from] item: Leftovers\n|-heal|p2a: Iron Hands|99\/100|[from] item: Leftovers\n|upkeep\n|turn|7\n|\n|t:|1698785161\n|move|p1a: Tauros|Bulk Up|p1a: Tauros\n|-boost|p1a: Tauros|atk|1\n|-boost|p1a: Tauros|def|1\n|move|p2a: Iron Hands|Drain Punch|p1a: Tauros\n|-damage|p1a: Tauros|24\/100\n|-heal|p2a: Iron Hands|100\/100|[from] drain|[of] p1a: Tauros\n|\n|-heal|p1a: Tauros|30\/100|[from] item: Leftovers\n|upkeep\n|turn|8\n|\n|t:|1698785172\n|move|p1a: Tauros|Earthquake|p2a: Iron Hands\n|-supereffective|p2a: Iron Hands\n|-damage|p2a: Iron Hands|42\/100\n|move|p2a: Iron Hands|Drain Punch|p1a: Tauros\n|-damage|p1a: Tauros|0 fnt\n|-heal|p2a: Iron Hands|53\/100|[from] drain|[of] p1a: Tauros\n|faint|p1a: Tauros\n|\n|-heal|p2a: Iron Hands|59\/100|[from] item: Leftovers\n|upkeep\n|\n|t:|1698785187\n|switch|p1a: Volcanion|Volcanion|100\/100\n|turn|9\n|\n|t:|1698785196\n|move|p1a: Volcanion|Steam Eruption|p2a: Iron Hands|[miss]\n|-miss|p1a: Volcanion|p2a: Iron Hands\n|move|p2a: Iron Hands|Wild Charge|p1a: Volcanion\n|-supereffective|p1a: Volcanion\n|-damage|p1a: Volcanion|0 fnt\n|faint|p1a: Volcanion\n|-damage|p2a: Iron Hands|40\/100|[from] Recoil\n|\n|-heal|p2a: Iron Hands|46\/100|[from] item: Leftovers\n|upkeep\n|\n|t:|1698785203\n|switch|p1a: Ditto|Ditto|100\/100\n|-transform|p1a: Ditto|p2a: Iron Hands|[from] ability: Imposter\n|turn|10\n|\n|t:|1698785214\n|move|p1a: Ditto|Drain Punch|p2a: Iron Hands\n|-damage|p2a: Iron Hands|5\/100\n|move|p2a: Iron Hands|Drain Punch|p1a: Ditto\n|-damage|p1a: Ditto|32\/100\n|-heal|p2a: Iron Hands|27\/100|[from] drain|[of] p1a: Ditto\n|\n|-heal|p2a: Iron Hands|33\/100|[from] item: Leftovers\n|upkeep\n|turn|11\n|\n|t:|1698785226\n|move|p1a: Ditto|Drain Punch|p2a: Iron Hands\n|-damage|p2a: Iron Hands|0 fnt\n|-heal|p1a: Ditto|58\/100|[from] drain|[of] p2a: Iron Hands\n|faint|p2a: Iron Hands\n|-end|p2a: Iron Hands|Quark Drive|[silent]\n|\n|upkeep\n|\n|t:|1698785247\n|switch|p2a: Staraptor|Staraptor, M|100\/100\n|-damage|p2a: Staraptor|76\/100|[from] Stealth Rock\n|turn|12\n|\n|t:|1698785253\n|-end|p1a: Ditto|Quark Drive|[silent]\n|switch|p1a: Forretress|Forretress, M|61\/100\n|move|p2a: Staraptor|Brave Bird|p1a: Forretress\n|-damage|p1a: Forretress|21\/100\n|-damage|p2a: Staraptor|61\/100|[from] Recoil\n|\n|-heal|p1a: Forretress|28\/100|[from] item: Leftovers\n|upkeep\n|turn|13\n|\n|t:|1698785267\n|switch|p2a: Samurott|Samurott-Hisui, M|100\/100\n|-damage|p2a: Samurott|88\/100|[from] Stealth Rock\n|move|p1a: Forretress|Gyro Ball|p2a: Samurott\n|-resisted|p2a: Samurott\n|-damage|p2a: Samurott|73\/100\n|\n|-heal|p1a: Forretress|34\/100|[from] item: Leftovers\n|upkeep\n|turn|14\n|\n|t:|1698785276\n|move|p2a: Samurott|Encore|p1a: Forretress\n|-start|p1a: Forretress|Encore\n|move|p1a: Forretress|Gyro Ball|p2a: Samurott\n|-resisted|p2a: Samurott\n|-damage|p2a: Samurott|57\/100\n|\n|-heal|p1a: Forretress|40\/100|[from] item: Leftovers\n|upkeep\n|turn|15\n|\n|t:|1698785288\n|move|p2a: Samurott|Ceaseless Edge|p1a: Forretress\n|-damage|p1a: Forretress|13\/100\n|-sidestart|p1: Willish6634|Spikes\n|move|p1a: Forretress|Gyro Ball|p2a: Samurott\n|-resisted|p2a: Samurott\n|-damage|p2a: Samurott|42\/100\n|\n|-heal|p1a: Forretress|19\/100|[from] item: Leftovers\n|upkeep\n|turn|16\n|\n|t:|1698785297\n|move|p2a: Samurott|Aqua Cutter|p1a: Forretress\n|-damage|p1a: Forretress|0 fnt\n|faint|p1a: Forretress\n|\n|upkeep\n|\n|t:|1698785314\n|switch|p1a: Ogerpon|Ogerpon-Cornerstone, F|100\/100\n|-damage|p1a: Ogerpon|88\/100|[from] Spikes\n|turn|17\n|\n|t:|1698785322\n|move|p1a: Ogerpon|Trailblaze|p2a: Samurott\n|-supereffective|p2a: Samurott\n|-damage|p2a: Samurott|0 fnt\n|-boost|p1a: Ogerpon|spe|1\n|faint|p2a: Samurott\n|\n|upkeep\n|\n|t:|1698785330\n|switch|p2a: Hatterene|Hatterene, F|100\/100\n|-damage|p2a: Hatterene|88\/100|[from] Stealth Rock\n|turn|18\n|\n|t:|1698785338\n|-terastallize|p1a: Ogerpon|Rock\n|detailschange|p1a: Ogerpon|Ogerpon-Cornerstone-Tera, F, tera:Rock\n|-ability|p1a: Ogerpon|Embody Aspect (Cornerstone)|boost\n|-boost|p1a: Ogerpon|def|1\n|move|p1a: Ogerpon|Ivy Cudgel|p2a: Hatterene\n|-damage|p2a: Hatterene|7\/100\n|move|p2a: Hatterene|Psyshock|p1a: Ogerpon\n|-damage|p1a: Ogerpon|43\/100\n|\n|-heal|p2a: Hatterene|13\/100|[from] item: Leftovers\n|upkeep\n|turn|19\n|\n|t:|1698785356\n|move|p1a: Ogerpon|Ivy Cudgel|p2a: Hatterene\n|-damage|p2a: Hatterene|0 fnt\n|faint|p2a: Hatterene\n|\n|upkeep\n|\n|t:|1698785364\n|switch|p2a: Volcarona|Volcarona, F, shiny|100\/100\n|turn|20\n|\n|t:|1698785367\n|-terastallize|p2a: Volcarona|Fairy\n|move|p1a: Ogerpon|Ivy Cudgel|p2a: Volcarona\n|-damage|p2a: Volcarona|26\/100\n|move|p2a: Volcarona|Giga Drain|p1a: Ogerpon\n|-supereffective|p1a: Ogerpon\n|-damage|p1a: Ogerpon|0 fnt\n|-heal|p2a: Volcarona|43\/100|[from] drain|[of] p1a: Ogerpon\n|faint|p1a: Ogerpon\n|\n|upkeep\n|\n|t:|1698785371\n|switch|p1a: Tyranitar|Tyranitar, M|100\/100\n|-damage|p1a: Tyranitar|88\/100|[from] Spikes\n|-weather|Sandstorm|[from] ability: Sand Stream|[of] p1a: Tyranitar\n|turn|21\n|\n|t:|1698785383\n|move|p2a: Volcarona|Giga Drain|p1a: Tyranitar\n|-supereffective|p1a: Tyranitar\n|-damage|p1a: Tyranitar|71\/100\n|-heal|p2a: Volcarona|52\/100|[from] drain|[of] p1a: Tyranitar\n|move|p1a: Tyranitar|Stone Edge|p2a: Volcarona|[miss]\n|-miss|p1a: Tyranitar|p2a: Volcarona\n|\n|-weather|Sandstorm|[upkeep]\n|-damage|p2a: Volcarona|46\/100|[from] Sandstorm\n|upkeep\n|turn|22\n|c|\u2606Willish6634|i eated that\n|\n|t:|1698785398\n|move|p2a: Volcarona|Will-O-Wisp|p1a: Tyranitar\n|-status|p1a: Tyranitar|brn\n|move|p1a: Tyranitar|Crunch|p2a: Volcarona\n|-resisted|p2a: Volcarona\n|-damage|p2a: Volcarona|36\/100\n|\n|-weather|Sandstorm|[upkeep]\n|-damage|p2a: Volcarona|30\/100|[from] Sandstorm\n|-damage|p1a: Tyranitar|65\/100 brn|[from] brn\n|upkeep\n|turn|23\n|\n|t:|1698785413\n|move|p2a: Volcarona|Fiery Dance|p1a: Tyranitar\n|-resisted|p1a: Tyranitar\n|-damage|p1a: Tyranitar|58\/100 brn\n|move|p1a: Tyranitar|Stone Edge|p2a: Volcarona\n|-damage|p2a: Volcarona|5\/100\n|\n|-weather|Sandstorm|[upkeep]\n|-damage|p2a: Volcarona|0 fnt|[from] Sandstorm\n|faint|p2a: Volcarona\n|-damage|p1a: Tyranitar|52\/100 brn|[from] brn\n|upkeep\n|\n|t:|1698785434\n|switch|p2a: Staraptor|Staraptor, M|61\/100\n|-damage|p2a: Staraptor|36\/100|[from] Stealth Rock\n|turn|24\n|\n|t:|1698785441\n|move|p2a: Staraptor|Close Combat|p1a: Tyranitar\n|-supereffective|p1a: Tyranitar\n|-damage|p1a: Tyranitar|0 fnt\n|-unboost|p2a: Staraptor|def|1\n|-unboost|p2a: Staraptor|spd|1\n|faint|p1a: Tyranitar\n|\n|-weather|Sandstorm|[upkeep]\n|-damage|p2a: Staraptor|30\/100|[from] Sandstorm\n|upkeep\n|\n|t:|1698785449\n|switch|p1a: Ditto|Ditto|58\/100\n|-damage|p1a: Ditto|46\/100|[from] Spikes\n|-transform|p1a: Ditto|p2a: Staraptor|[from] ability: Imposter\n|turn|25\n|\n|t:|1698785456\n|move|p2a: Staraptor|Close Combat|p1a: Ditto\n|-damage|p1a: Ditto|0 fnt\n|-unboost|p2a: Staraptor|def|1\n|-unboost|p2a: Staraptor|spd|1\n|faint|p1a: Ditto\n|\n|win|Lillyrosethedemon\n|l|\u2606Willish6634\n|l|\u2606Lillyrosethedemon\n|j|\u2606Lillyrosethedemon\n|player|p2|Lillyrosethedemon|170\n","uploadtime":1698785568,"views":17,"p1id":"willish6634","p2id":"lillyrosethedemon","formatid":"gen9ubers","rating":0,"private":0,"password":""}