{"id":"gen9ubers-1975529722","p1":"Odinmorningstars","p2":"GunGunSaber","format":"[Gen 9] Ubers","log":"|j|\u2606Odinmorningstars\n|j|\u2606GunGunSaber\n|t:|1698201293\n|gametype|singles\n|player|p1|Odinmorningstars|drayden|1306\n|player|p2|GunGunSaber|scientist-gen4dp|1177\n|teamsize|p1|6\n|teamsize|p2|6\n|gen|9\n|tier|[Gen 9] Ubers\n|rated|\n|rule|Sleep Clause Mod: Limit one foe put to sleep\n|rule|Species Clause: Limit one of each Pok\u00e9mon\n|rule|OHKO Clause: OHKO moves are banned\n|rule|Evasion Items Clause: Evasion items are banned\n|rule|Evasion Moves Clause: Evasion moves are banned\n|rule|Endless Battle Clause: Forcing endless battles is banned\n|rule|HP Percentage Mod: HP is shown in percentages\n|clearpoke\n|poke|p1|Miraidon|\n|poke|p1|Arceus|\n|poke|p1|Rayquaza|\n|poke|p1|Regieleki|\n|poke|p1|Cyclizar, F|\n|poke|p1|Darkrai|\n|poke|p2|Qwilfish-Hisui, M|\n|poke|p2|Kyogre|\n|poke|p2|Giratina-Origin|\n|poke|p2|Arceus-Fairy|\n|poke|p2|Basculegion, M|\n|poke|p2|Iron Treads|\n|teampreview\n|inactive|Battle timer is ON: inactive players will automatically lose when time's up. (requested by Odinmorningstars)\n|\n|t:|1698201306\n|start\n|switch|p1a: Cyclizar|Cyclizar, F|100\/100\n|switch|p2a: Mrs. Puff|Qwilfish-Hisui, M|100\/100\n|turn|1\n|\n|t:|1698201318\n|move|p1a: Cyclizar|Shed Tail|p1a: Cyclizar\n|-start|p1a: Cyclizar|Substitute|[from] move: Shed Tail\n|-damage|p1a: Cyclizar|50\/100\n|\n|t:|1698201320\n|switch|p1a: Darkrai|Darkrai|100\/100|[from] Shed Tail\n|move|p2a: Mrs. Puff|Toxic Spikes|p1a: Darkrai\n|-sidestart|p1: Odinmorningstars|move: Toxic Spikes\n|\n|upkeep\n|turn|2\n|\n|t:|1698201327\n|move|p1a: Darkrai|Nasty Plot|p1a: Darkrai\n|-boost|p1a: Darkrai|spa|2\n|move|p2a: Mrs. Puff|Toxic Spikes|p1a: Darkrai\n|-sidestart|p1: Odinmorningstars|move: Toxic Spikes\n|\n|upkeep\n|turn|3\n|\n|t:|1698201336\n|move|p1a: Darkrai|Dark Pulse|p2a: Mrs. Puff\n|-resisted|p2a: Mrs. Puff\n|-damage|p2a: Mrs. Puff|53\/100\n|-damage|p1a: Darkrai|91\/100|[from] item: Life Orb\n|cant|p2a: Mrs. Puff|flinch\n|\n|upkeep\n|turn|4\n|\n|t:|1698201343\n|move|p1a: Darkrai|Focus Blast|p2a: Mrs. Puff\n|-damage|p2a: Mrs. Puff|0 fnt\n|faint|p2a: Mrs. Puff\n|-damage|p1a: Darkrai|81\/100|[from] item: Life Orb\n|\n|upkeep\n|\n|t:|1698201357\n|switch|p2a: Tilikum|Kyogre|100\/100\n|-weather|RainDance|[from] ability: Drizzle|[of] p2a: Tilikum\n|turn|5\n|\n|t:|1698201362\n|move|p1a: Darkrai|Thunder|p2a: Tilikum\n|-supereffective|p2a: Tilikum\n|-damage|p2a: Tilikum|0 fnt\n|faint|p2a: Tilikum\n|-damage|p1a: Darkrai|71\/100|[from] item: Life Orb\n|\n|-weather|RainDance|[upkeep]\n|upkeep\n|\n|t:|1698201369\n|switch|p2a: Not Jesus|Giratina-Origin|100\/100\n|turn|6\n|\n|t:|1698201373\n|-terastallize|p1a: Darkrai|Dark\n|move|p1a: Darkrai|Dark Pulse|p2a: Not Jesus\n|-supereffective|p2a: Not Jesus\n|-crit|p2a: Not Jesus\n|-damage|p2a: Not Jesus|0 fnt\n|faint|p2a: Not Jesus\n|-damage|p1a: Darkrai|61\/100|[from] item: Life Orb\n|\n|-weather|RainDance|[upkeep]\n|upkeep\n|\n|t:|1698201384\n|switch|p2a: Dead Fish|Basculegion, M|100\/100\n|turn|7\n|\n|t:|1698201390\n|move|p2a: Dead Fish|Aqua Jet|p1a: Darkrai\n|-end|p1a: Darkrai|Substitute\n|move|p1a: Darkrai|Dark Pulse|p2a: Dead Fish\n|-supereffective|p2a: Dead Fish\n|-damage|p2a: Dead Fish|0 fnt\n|faint|p2a: Dead Fish\n|-damage|p1a: Darkrai|51\/100|[from] item: Life Orb\n|\n|-weather|RainDance|[upkeep]\n|upkeep\n|\n|t:|1698201396\n|switch|p2a: Jesus|Arceus-Fairy|100\/100\n|turn|8\n|\n|t:|1698201400\n|move|p1a: Darkrai|Dark Pulse|p2a: Jesus\n|-resisted|p2a: Jesus\n|-damage|p2a: Jesus|47\/100\n|-damage|p1a: Darkrai|41\/100|[from] item: Life Orb\n|move|p2a: Jesus|Calm Mind|p2a: Jesus\n|-boost|p2a: Jesus|spa|1\n|-boost|p2a: Jesus|spd|1\n|\n|-weather|RainDance|[upkeep]\n|upkeep\n|turn|9\n|\n|t:|1698201409\n|move|p1a: Darkrai|Thunder|p2a: Jesus\n|-damage|p2a: Jesus|5\/100\n|-damage|p1a: Darkrai|31\/100|[from] item: Life Orb\n|move|p2a: Jesus|Recover|p2a: Jesus\n|-heal|p2a: Jesus|55\/100\n|\n|-weather|RainDance|[upkeep]\n|upkeep\n|turn|10\n|\n|t:|1698201417\n|move|p1a: Darkrai|Thunder|p2a: Jesus\n|-damage|p2a: Jesus|10\/100\n|-status|p2a: Jesus|par\n|-damage|p1a: Darkrai|21\/100|[from] item: Life Orb\n|cant|p2a: Jesus|par\n|\n|-weather|RainDance|[upkeep]\n|upkeep\n|turn|11\n|c|\u2606Odinmorningstars|Lol\n|\n|t:|1698201426\n|-terastallize|p2a: Jesus|Ground\n|move|p1a: Darkrai|Dark Pulse|p2a: Jesus\n|-damage|p2a: Jesus|0 fnt\n|faint|p2a: Jesus\n|-damage|p1a: Darkrai|11\/100|[from] item: Life Orb\n|\n|-weather|RainDance|[upkeep]\n|upkeep\n|c|\u2606Odinmorningstars|Sweep\n|\n|t:|1698201433\n|switch|p2a: Michelin Man|Iron Treads|100\/100\n|turn|12\n|\n|t:|1698201437\n|move|p1a: Darkrai|Dark Pulse|p2a: Michelin Man\n|-damage|p2a: Michelin Man|0 fnt\n|faint|p2a: Michelin Man\n|-end|p2a: Michelin Man|Quark Drive|[silent]\n|-damage|p1a: Darkrai|1\/100|[from] item: Life Orb\n|\n|win|Odinmorningstars\n|raw|Odinmorningstars's rating: 1306 &rarr; <strong>1319<\/strong><br \/>(+13 for winning)\n|raw|GunGunSaber's rating: 1177 &rarr; <strong>1161<\/strong><br \/>(-16 for losing)\n|l|\u2606GunGunSaber\n|c|\u2606Odinmorningstars|Gg\n","uploadtime":1698201499,"views":17,"p1id":"odinmorningstars","p2id":"gungunsaber","formatid":"gen9ubers","rating":1161,"private":0,"password":""}