{"id":"gen9ubers-1982834371","p1":"ikujhkijlhu","p2":"HITTHEROADJACK420","format":"[Gen 9] Ubers","log":"|j|\u2606ikujhkijlhu\n|j|\u2606HITTHEROADJACK420\n|t:|1699049492\n|gametype|singles\n|player|p1|ikujhkijlhu|preschoolerf|1056\n|player|p2|HITTHEROADJACK420|170|1118\n|teamsize|p1|6\n|teamsize|p2|6\n|gen|9\n|tier|[Gen 9] Ubers\n|rated|\n|rule|Sleep Clause Mod: Limit one foe put to sleep\n|rule|Species Clause: Limit one of each Pok\u00e9mon\n|rule|OHKO Clause: OHKO moves are banned\n|rule|Evasion Items Clause: Evasion items are banned\n|rule|Evasion Moves Clause: Evasion moves are banned\n|rule|Endless Battle Clause: Forcing endless battles is banned\n|rule|HP Percentage Mod: HP is shown in percentages\n|clearpoke\n|poke|p1|Flutter Mane|\n|poke|p1|Koraidon|\n|poke|p1|Houndstone, M|\n|poke|p1|Ting-Lu|\n|poke|p1|Glimmora, F|\n|poke|p1|Armarouge, M|\n|poke|p2|Eternatus|\n|poke|p2|Volcarona, M|\n|poke|p2|Zacian-*|\n|poke|p2|Greninja-*, M|\n|poke|p2|Regieleki|\n|poke|p2|Darkrai|\n|teampreview\n|inactive|Battle timer is ON: inactive players will automatically lose when time's up. (requested by HITTHEROADJACK420)\n|\n|t:|1699049515\n|start\n|switch|p1a: Ting-Lu|Ting-Lu|100\/100\n|switch|p2a: MOTHRA|Volcarona, M|100\/100\n|-ability|p1a: Ting-Lu|Vessel of Ruin\n|turn|1\n|\n|t:|1699049521\n|move|p2a: MOTHRA|Quiver Dance|p2a: MOTHRA\n|-boost|p2a: MOTHRA|spa|1\n|-boost|p2a: MOTHRA|spd|1\n|-boost|p2a: MOTHRA|spe|1\n|move|p1a: Ting-Lu|Earthquake|p2a: MOTHRA\n|-damage|p2a: MOTHRA|17\/100\n|\n|upkeep\n|turn|2\n|\n|t:|1699049530\n|-terastallize|p2a: MOTHRA|Bug\n|move|p2a: MOTHRA|Giga Drain|p1a: Ting-Lu\n|-supereffective|p1a: Ting-Lu\n|-damage|p1a: Ting-Lu|62\/100\n|-heal|p2a: MOTHRA|49\/100|[from] drain|[of] p1a: Ting-Lu\n|move|p1a: Ting-Lu|Earthquake|p2a: MOTHRA\n|-resisted|p2a: MOTHRA\n|-damage|p2a: MOTHRA|8\/100\n|\n|upkeep\n|turn|3\n|\n|t:|1699049541\n|move|p2a: MOTHRA|Giga Drain|p1a: Ting-Lu\n|-supereffective|p1a: Ting-Lu\n|-damage|p1a: Ting-Lu|25\/100\n|-heal|p2a: MOTHRA|38\/100|[from] drain|[of] p1a: Ting-Lu\n|move|p1a: Ting-Lu|Throat Chop|p2a: MOTHRA\n|-damage|p2a: MOTHRA|0 fnt\n|faint|p2a: MOTHRA\n|\n|upkeep\n|\n|t:|1699049550\n|switch|p2a: IDK|Zacian-Crowned|100\/100\n|-ability|p2a: IDK|Intrepid Sword|boost\n|-boost|p2a: IDK|atk|1\n|turn|4\n|\n|t:|1699049554\n|move|p2a: IDK|Agility|p2a: IDK\n|-boost|p2a: IDK|spe|2\n|move|p1a: Ting-Lu|Earthquake|p2a: IDK\n|-supereffective|p2a: IDK\n|-damage|p2a: IDK|3\/100\n|\n|upkeep\n|turn|5\n|\n|t:|1699049564\n|move|p2a: IDK|Behemoth Blade|p1a: Ting-Lu\n|-damage|p1a: Ting-Lu|0 fnt\n|faint|p1a: Ting-Lu\n|\n|upkeep\n|\n|t:|1699049567\n|switch|p1a: Glimmora|Glimmora, F|100\/100\n|turn|6\n|\n|t:|1699049582\n|move|p2a: IDK|Play Rough|p1a: Glimmora\n|-resisted|p1a: Glimmora\n|-damage|p1a: Glimmora|45\/100\n|-activate|p1a: Glimmora|ability: Toxic Debris\n|-sidestart|p2: HITTHEROADJACK420|move: Toxic Spikes\n|move|p1a: Glimmora|Earth Power|p2a: IDK\n|-supereffective|p2a: IDK\n|-damage|p2a: IDK|0 fnt\n|faint|p2a: IDK\n|\n|upkeep\n|\n|t:|1699049588\n|switch|p2a: MYNINJA MYNINJA|Greninja, M|100\/100\n|-status|p2a: MYNINJA MYNINJA|psn\n|turn|7\n|\n|t:|1699049594\n|switch|p1a: Koraidon|Koraidon|100\/100\n|-weather|SunnyDay|[from] ability: Orichalcum Pulse|[of] p1a: Koraidon\n|-activate|p1a: Koraidon|Orichalcum Pulse|[source]\n|move|p2a: MYNINJA MYNINJA|Dark Pulse|p1a: Koraidon\n|-resisted|p1a: Koraidon\n|-damage|p1a: Koraidon|71\/100\n|\n|-weather|SunnyDay|[upkeep]\n|-damage|p2a: MYNINJA MYNINJA|88\/100 psn|[from] psn\n|upkeep\n|turn|8\n|\n|t:|1699049603\n|move|p1a: Koraidon|U-turn|p2a: MYNINJA MYNINJA\n|-supereffective|p2a: MYNINJA MYNINJA\n|-damage|p2a: MYNINJA MYNINJA|0 fnt\n|faint|p2a: MYNINJA MYNINJA\n|-damage|p1a: Koraidon|61\/100|[from] item: Life Orb\n|\n|t:|1699049611\n|switch|p1a: Flutter Mane|Flutter Mane|100\/100|[from] U-turn\n|-activate|p1a: Flutter Mane|ability: Protosynthesis\n|-start|p1a: Flutter Mane|protosynthesisspe\n|\n|-weather|SunnyDay|[upkeep]\n|upkeep\n|\n|t:|1699049619\n|switch|p2a: ETERNATARD|Eternatus|100\/100\n|-sideend|p2: HITTHEROADJACK420|move: Toxic Spikes|[of] p2a: ETERNATARD\n|-ability|p2a: ETERNATARD|Pressure\n|turn|9\n|\n|t:|1699049631\n|move|p1a: Flutter Mane|Moonblast|p2a: ETERNATARD\n|-damage|p2a: ETERNATARD|55\/100\n|move|p2a: ETERNATARD|Agility|p2a: ETERNATARD\n|-boost|p2a: ETERNATARD|spe|2\n|\n|-weather|SunnyDay|[upkeep]\n|upkeep\n|turn|10\n|\n|t:|1699049640\n|move|p1a: Flutter Mane|Moonblast|p2a: ETERNATARD\n|-damage|p2a: ETERNATARD|12\/100\n|move|p2a: ETERNATARD|Sludge Bomb|p1a: Flutter Mane\n|-damage|p1a: Flutter Mane|31\/100\n|\n|-weather|SunnyDay|[upkeep]\n|upkeep\n|turn|11\n|\n|t:|1699049648\n|move|p1a: Flutter Mane|Moonblast|p2a: ETERNATARD\n|-damage|p2a: ETERNATARD|0 fnt\n|faint|p2a: ETERNATARD\n|\n|-weather|none\n|-end|p1a: Flutter Mane|Protosynthesis\n|upkeep\n|\n|t:|1699049654\n|switch|p2a: VICTORIANGHOST|Darkrai|100\/100\n|turn|12\n|\n|t:|1699049663\n|move|p1a: Flutter Mane|Moonblast|p2a: VICTORIANGHOST\n|-supereffective|p2a: VICTORIANGHOST\n|-damage|p2a: VICTORIANGHOST|0 fnt\n|faint|p2a: VICTORIANGHOST\n|\n|upkeep\n|c|\u2606HITTHEROADJACK420|gg wp\n|\n|t:|1699049676\n|switch|p2a: DEEPSEASQUID|Regieleki|100\/100\n|turn|13\n|\n|t:|1699049685\n|move|p1a: Flutter Mane|Moonblast|p2a: DEEPSEASQUID\n|-crit|p2a: DEEPSEASQUID\n|-damage|p2a: DEEPSEASQUID|0 fnt\n|faint|p2a: DEEPSEASQUID\n|\n|win|ikujhkijlhu\n|raw|ikujhkijlhu's rating: 1056 &rarr; <strong>1093<\/strong><br \/>(+37 for winning)\n|raw|HITTHEROADJACK420's rating: 1118 &rarr; <strong>1089<\/strong><br \/>(-29 for losing)\n|l|\u2606HITTHEROADJACK420\n","uploadtime":1699049722,"views":15,"p1id":"ikujhkijlhu","p2id":"hittheroadjack420","formatid":"gen9ubers","rating":1089,"private":0,"password":""}