{"id":"gen9ubers-1972449684","p1":"BeardyBennett","p2":"XpokVEVO","format":"[Gen 9] Ubers","log":"|j|\u2606BeardyBennett\n|j|\u2606XpokVEVO\n|t:|1697844133\n|gametype|singles\n|player|p1|BeardyBennett|hiker-gen4|\n|player|p2|XpokVEVO|rika|\n|teamsize|p1|6\n|teamsize|p2|6\n|gen|9\n|tier|[Gen 9] Ubers\n|rule|Sleep Clause Mod: Limit one foe put to sleep\n|rule|Species Clause: Limit one of each Pok\u00e9mon\n|rule|OHKO Clause: OHKO moves are banned\n|rule|Evasion Items Clause: Evasion items are banned\n|rule|Evasion Moves Clause: Evasion moves are banned\n|rule|Endless Battle Clause: Forcing endless battles is banned\n|rule|HP Percentage Mod: HP is shown in percentages\n|clearpoke\n|poke|p1|Tyranitar, F|\n|poke|p1|Gliscor, M|\n|poke|p1|Arceus-Poison|\n|poke|p1|Urshifu-*, M|\n|poke|p1|Dragapult, F|\n|poke|p1|Magearna|\n|poke|p2|Arceus-Fire|\n|poke|p2|Shaymin-Sky|\n|poke|p2|Cyclizar, M|\n|poke|p2|Espathra, M|\n|poke|p2|Magearna|\n|poke|p2|Palafin, M|\n|teampreview\n|c|\u2606BeardyBennett|Gl hf!\n|j| Ksuyomi\n|\n|t:|1697844165\n|start\n|switch|p1a: Tyranitar|Tyranitar, F|100\/100\n|switch|p2a: Akira|Cyclizar, M|100\/100\n|-weather|Sandstorm|[from] ability: Sand Stream|[of] p1a: Tyranitar\n|turn|1\n|inactive|Battle timer is ON: inactive players will automatically lose when time's up. (requested by BeardyBennett)\n|\n|t:|1697844212\n|move|p2a: Akira|Shed Tail|p2a: Akira\n|-start|p2a: Akira|Substitute|[from] move: Shed Tail\n|-damage|p2a: Akira|50\/100\n|\n|t:|1697844214\n|switch|p2a: Palafin|Palafin, M|100\/100|[from] Shed Tail\n|move|p1a: Tyranitar|Stealth Rock|p2a: Palafin\n|-sidestart|p2: XpokVEVO|move: Stealth Rock\n|\n|-weather|Sandstorm|[upkeep]\n|-damage|p2a: Palafin|94\/100|[from] Sandstorm\n|upkeep\n|turn|2\n|\n|t:|1697844231\n|switch|p1a: Dragapult|Dragapult, F|100\/100\n|move|p2a: Palafin|Close Combat|p1a: Dragapult\n|-immune|p1a: Dragapult\n|\n|-weather|Sandstorm|[upkeep]\n|-damage|p1a: Dragapult|95\/100|[from] Sandstorm\n|-damage|p2a: Palafin|88\/100|[from] Sandstorm\n|upkeep\n|turn|3\n|c|\u2606XpokVEVO|sad\n|\n|t:|1697844241\n|detailschange|p2a: Palafin|Palafin-Hero, M\n|switch|p2a: Akira|Cyclizar, M|84\/100\n|-damage|p2a: Akira|71\/100|[from] Stealth Rock\n|move|p1a: Dragapult|Shadow Ball|p2a: Akira\n|-immune|p2a: Akira\n|\n|-weather|Sandstorm|[upkeep]\n|-damage|p2a: Akira|65\/100|[from] Sandstorm\n|-damage|p1a: Dragapult|89\/100|[from] Sandstorm\n|upkeep\n|turn|4\n|j| Paragondegree\n|\n|t:|1697844263\n|switch|p1a: Magearna|Magearna|100\/100\n|move|p2a: Akira|Knock Off|p1a: Magearna\n|-resisted|p1a: Magearna\n|-damage|p1a: Magearna|92\/100\n|-enditem|p1a: Magearna|Assault Vest|[from] move: Knock Off|[of] p2a: Akira\n|\n|-weather|Sandstorm|[upkeep]\n|-damage|p2a: Akira|59\/100|[from] Sandstorm\n|upkeep\n|turn|5\n|\n|t:|1697844272\n|switch|p2a: Arceus-Fight\u0131ng|Arceus-Fire, shiny|100\/100\n|-damage|p2a: Arceus-Fight\u0131ng|76\/100|[from] Stealth Rock\n|move|p1a: Magearna|Volt Switch|p2a: Arceus-Fight\u0131ng\n|-crit|p2a: Arceus-Fight\u0131ng\n|-damage|p2a: Arceus-Fight\u0131ng|42\/100\n|c|\u2606XpokVEVO|OHG\n|c|\u2606XpokVEVO|YOU\n|c|\u2606XpokVEVO|YOU\n|c|\u2606XpokVEVO|Y\n|c| Paragondegree|trick room cheese?\n|c|\u2606XpokVEVO|oh not here\n|c|\u2606XpokVEVO|this is my ho\n|l| Ksuyomi\n|inactive|BeardyBennett has 270 seconds left.\n|\n|t:|1697844292\n|switch|p1a: Arceus|Arceus-Poison|100\/100|[from] Volt Switch\n|\n|-weather|none\n|upkeep\n|turn|6\n|c| Paragondegree|oh ok\n|c|\u2606XpokVEVO|i wouldnt show it if its supposed to be my savior if i lose one game\n|c|\u2606XpokVEVO|or more like get wrecked\n|\n|t:|1697844322\n|switch|p2a: Akira|Cyclizar, M|92\/100\n|-damage|p2a: Akira|80\/100|[from] Stealth Rock\n|move|p1a: Arceus|Swords Dance|p1a: Arceus\n|-boost|p1a: Arceus|atk|2\n|\n|upkeep\n|turn|7\n|\n|t:|1697844332\n|-terastallize|p1a: Arceus|Normal\n|move|p1a: Arceus|Extreme Speed|p2a: Akira\n|-damage|p2a: Akira|0 fnt\n|faint|p2a: Akira\n|\n|upkeep\n|c| Paragondegree|understandable\n|\n|t:|1697844342\n|switch|p2a: Sonic|Shaymin-Sky, shiny|100\/100\n|-damage|p2a: Sonic|76\/100|[from] Stealth Rock\n|turn|8\n|\n|t:|1697844348\n|-terastallize|p2a: Sonic|Steel\n|move|p1a: Arceus|Extreme Speed|p2a: Sonic\n|-resisted|p2a: Sonic\n|-damage|p2a: Sonic|38\/100\n|move|p2a: Sonic|Seed Flare|p1a: Arceus\n|-damage|p1a: Arceus|56\/100\n|-unboost|p1a: Arceus|spd|2\n|-damage|p2a: Sonic|28\/100|[from] item: Life Orb\n|\n|upkeep\n|turn|9\n|\n|t:|1697844354\n|move|p1a: Arceus|Extreme Speed|p2a: Sonic\n|-resisted|p2a: Sonic\n|-damage|p2a: Sonic|0 fnt\n|faint|p2a: Sonic\n|\n|upkeep\n|c|\u2606XpokVEVO|dude thats brutal damage\n|\n|t:|1697844359\n|switch|p2a: Aunt Fanny|Magearna|100\/100\n|-damage|p2a: Aunt Fanny|95\/100|[from] Stealth Rock\n|turn|10\n|\n|t:|1697844366\n|switch|p1a: Magearna|Magearna|92\/100\n|move|p2a: Aunt Fanny|Flash Cannon|p1a: Magearna\n|-damage|p1a: Magearna|56\/100\n|\n|upkeep\n|turn|11\n|\n|t:|1697844374\n|move|p2a: Aunt Fanny|Volt Switch|p1a: Magearna\n|-damage|p1a: Magearna|35\/100\n|\n|t:|1697844379\n|switch|p2a: Palafin|Palafin-Hero, M|88\/100|[from] Volt Switch\n|-damage|p2a: Palafin|76\/100|[from] Stealth Rock\n|-activate|p2a: Palafin|ability: Zero to Hero\n|move|p1a: Magearna|Volt Switch|p2a: Palafin\n|-supereffective|p2a: Palafin\n|-damage|p2a: Palafin|22\/100\n|\n|t:|1697844390\n|switch|p1a: Arceus|Arceus-Poison, tera:Normal|56\/100|[from] Volt Switch\n|\n|upkeep\n|turn|12\n|\n|t:|1697844398\n|switch|p2a: Aunt Fanny|Magearna|95\/100\n|-damage|p2a: Aunt Fanny|89\/100|[from] Stealth Rock\n|move|p1a: Arceus|Extreme Speed|p2a: Aunt Fanny\n|-resisted|p2a: Aunt Fanny\n|-damage|p2a: Aunt Fanny|73\/100\n|\n|upkeep\n|turn|13\n|\n|t:|1697844408\n|switch|p1a: Magearna|Magearna|35\/100\n|move|p2a: Aunt Fanny|Fleur Cannon|p1a: Magearna\n|-resisted|p1a: Magearna\n|-damage|p1a: Magearna|5\/100\n|-unboost|p2a: Aunt Fanny|spa|2\n|\n|upkeep\n|turn|14\n|c| Paragondegree|you are gonna to prob lose\n|\n|t:|1697844414\n|move|p2a: Aunt Fanny|Volt Switch|p1a: Magearna\n|-damage|p1a: Magearna|0 fnt\n|faint|p1a: Magearna\n|-ability|p2a: Aunt Fanny|Soul-Heart|boost\n|-boost|p2a: Aunt Fanny|spa|1\n|c|\u2606XpokVEVO|I will win\n|c| Paragondegree|gl\n|\n|t:|1697844424\n|switch|p2a: Emu War|Espathra, M|100\/100|[from] Volt Switch\n|-damage|p2a: Emu War|88\/100|[from] Stealth Rock\n|\n|upkeep\n|\n|t:|1697844436\n|switch|p1a: Dragapult|Dragapult, F|89\/100\n|turn|15\n|\n|t:|1697844438\n|move|p1a: Dragapult|Shadow Ball|p2a: Emu War\n|-supereffective|p2a: Emu War\n|-damage|p2a: Emu War|0 fnt\n|faint|p2a: Emu War\n|\n|upkeep\n|\n|t:|1697844442\n|switch|p2a: Aunt Fanny|Magearna|73\/100\n|-damage|p2a: Aunt Fanny|67\/100|[from] Stealth Rock\n|turn|16\n|\n|t:|1697844458\n|move|p1a: Dragapult|Shadow Ball|p2a: Aunt Fanny\n|-damage|p2a: Aunt Fanny|10\/100\n|move|p2a: Aunt Fanny|Shift Gear|p2a: Aunt Fanny\n|-boost|p2a: Aunt Fanny|spe|2\n|-boost|p2a: Aunt Fanny|atk|1\n|\n|upkeep\n|turn|17\n|j| PinkScourge\n|c|\u2606XpokVEVO|ah\n|c|\u2606XpokVEVO|no switch\n|c|\u2606XpokVEVO|i lose\n|c|\u2606XpokVEVO|gg\n|\n|t:|1697844474\n|switch|p1a: Gliscor|Gliscor, M|100\/100\n|move|p2a: Aunt Fanny|Fleur Cannon|p1a: Gliscor\n|-damage|p1a: Gliscor|10\/100\n|-unboost|p2a: Aunt Fanny|spa|2\n|\n|-status|p1a: Gliscor|tox|[from] item: Toxic Orb\n|upkeep\n|turn|18\n|\n|t:|1697844480\n|switch|p2a: Arceus-Fight\u0131ng|Arceus-Fire, shiny|42\/100\n|-damage|p2a: Arceus-Fight\u0131ng|18\/100|[from] Stealth Rock\n|move|p1a: Gliscor|Toxic Spikes|p2a: Arceus-Fight\u0131ng\n|-sidestart|p2: XpokVEVO|move: Toxic Spikes\n|\n|-heal|p1a: Gliscor|22\/100 tox|[from] ability: Poison Heal\n|upkeep\n|turn|19\n|\n|t:|1697844487\n|move|p2a: Arceus-Fight\u0131ng|Dragon Dance|p2a: Arceus-Fight\u0131ng\n|-boost|p2a: Arceus-Fight\u0131ng|atk|1\n|-boost|p2a: Arceus-Fight\u0131ng|spe|1\n|move|p1a: Gliscor|Earthquake|p2a: Arceus-Fight\u0131ng\n|-supereffective|p2a: Arceus-Fight\u0131ng\n|-damage|p2a: Arceus-Fight\u0131ng|0 fnt\n|faint|p2a: Arceus-Fight\u0131ng\n|\n|-heal|p1a: Gliscor|34\/100 tox|[from] ability: Poison Heal\n|upkeep\n|\n|t:|1697844489\n|switch|p2a: Palafin|Palafin-Hero, M|22\/100\n|-damage|p2a: Palafin|10\/100|[from] Stealth Rock\n|-status|p2a: Palafin|psn\n|turn|20\n|\n|t:|1697844498\n|move|p1a: Gliscor|U-turn|p2a: Palafin\n|-damage|p2a: Palafin|0 fnt\n|faint|p2a: Palafin\n|c|\u2606XpokVEVO|rematch\n|\n|t:|1697844505\n|switch|p1a: Arceus|Arceus-Poison, tera:Normal|56\/100|[from] U-turn\n|\n|upkeep\n|\n|t:|1697844507\n|switch|p2a: Aunt Fanny|Magearna|10\/100\n|-damage|p2a: Aunt Fanny|4\/100|[from] Stealth Rock\n|turn|21\n|\n|t:|1697844511\n|move|p1a: Arceus|Extreme Speed|p2a: Aunt Fanny\n|-resisted|p2a: Aunt Fanny\n|-damage|p2a: Aunt Fanny|0 fnt\n|faint|p2a: Aunt Fanny\n|\n|win|BeardyBennett\n|c|\u2606BeardyBennett|If I had a second team I would :\/\n|c|\u2606BeardyBennett|Gg\n","uploadtime":1697844561,"views":15,"p1id":"beardybennett","p2id":"xpokvevo","formatid":"gen9ubers","rating":0,"private":0,"password":""}