{"id":"gen9ubers-1997854496","p1":"Perry","p2":"h4v0ckn1ght","format":"[Gen 9] Ubers","log":"|j|\u2606Perry\n|j|\u2606h4v0ckn1ght\n|t:|1700860068\n|gametype|singles\n|player|p1|Perry|#perry|\n|player|p2|h4v0ckn1ght|rosa|\n|teamsize|p1|6\n|teamsize|p2|6\n|gen|9\n|tier|[Gen 9] Ubers\n|rated|Tournament battle\n|rule|Sleep Clause Mod: Limit one foe put to sleep\n|rule|Species Clause: Limit one of each Pok\u00e9mon\n|rule|OHKO Clause: OHKO moves are banned\n|rule|Evasion Items Clause: Evasion items are banned\n|rule|Evasion Moves Clause: Evasion moves are banned\n|rule|Endless Battle Clause: Forcing endless battles is banned\n|rule|HP Percentage Mod: HP is shown in percentages\n|clearpoke\n|poke|p1|Kyogre|\n|poke|p1|Zacian-*|\n|poke|p1|Koraidon|\n|poke|p1|Glimmora, M|\n|poke|p1|Calyrex-Ice|\n|poke|p1|Arceus|\n|poke|p2|Arceus|\n|poke|p2|Gliscor, M|\n|poke|p2|Kyogre|\n|poke|p2|Iron Treads|\n|poke|p2|Zacian-*|\n|poke|p2|Skeledirge, M|\n|teampreview\n|inactive|Battle timer is ON: inactive players will automatically lose when time's up. (requested by h4v0ckn1ght)\n|inactiveoff|Battle timer is now OFF.\n|\n|t:|1700860105\n|start\n|switch|p1a: Glimmora|Glimmora, M|100\/100\n|switch|p2a: Gliscor|Gliscor, M|100\/100\n|turn|1\n|\n|t:|1700860120\n|move|p1a: Glimmora|Spikes|p2a: Gliscor\n|-sidestart|p2: h4v0ckn1ght|Spikes\n|move|p2a: Gliscor|Spikes|p1a: Glimmora\n|-sidestart|p1: Perry|Spikes\n|\n|-status|p2a: Gliscor|tox|[from] item: Toxic Orb\n|upkeep\n|turn|2\n|\n|t:|1700860131\n|move|p1a: Glimmora|Spikes|p2a: Gliscor\n|-sidestart|p2: h4v0ckn1ght|Spikes\n|move|p2a: Gliscor|Spikes|p1a: Glimmora\n|-sidestart|p1: Perry|Spikes\n|\n|upkeep\n|turn|3\n|\n|t:|1700860133\n|move|p1a: Glimmora|Mortal Spin|p2a: Gliscor\n|-resisted|p2a: Gliscor\n|-damage|p2a: Gliscor|98\/100 tox\n|-sideend|p1: Perry|Spikes|[from] move: Mortal Spin|[of] p1a: Glimmora\n|move|p2a: Gliscor|Spikes|p1a: Glimmora\n|-sidestart|p1: Perry|Spikes\n|\n|-heal|p2a: Gliscor|100\/100 tox|[from] ability: Poison Heal\n|upkeep\n|turn|4\n|\n|t:|1700860136\n|move|p1a: Glimmora|Spikes|p2a: Gliscor\n|-sidestart|p2: h4v0ckn1ght|Spikes\n|move|p2a: Gliscor|Earthquake|p1a: Glimmora\n|-supereffective|p1a: Glimmora\n|-enditem|p1a: Glimmora|Focus Sash\n|-damage|p1a: Glimmora|1\/100\n|-activate|p1a: Glimmora|ability: Toxic Debris\n|-sidestart|p2: h4v0ckn1ght|move: Toxic Spikes\n|\n|upkeep\n|turn|5\n|j| KeshBa45\n|\n|t:|1700860140\n|move|p1a: Glimmora|Mud Shot|p2a: Gliscor\n|-immune|p2a: Gliscor\n|move|p2a: Gliscor|Earthquake|p1a: Glimmora\n|-supereffective|p1a: Glimmora\n|-damage|p1a: Glimmora|0 fnt\n|-activate|p1a: Glimmora|ability: Toxic Debris\n|-sidestart|p2: h4v0ckn1ght|move: Toxic Spikes\n|faint|p1a: Glimmora\n|\n|upkeep\n|\n|t:|1700860145\n|switch|p1a: Kyogre|Kyogre, shiny|100\/100\n|-damage|p1a: Kyogre|88\/100|[from] Spikes\n|-weather|RainDance|[from] ability: Drizzle|[of] p1a: Kyogre\n|turn|6\n|\n|t:|1700860150\n|-terastallize|p2a: Gliscor|Water\n|move|p2a: Gliscor|Earthquake|p1a: Kyogre\n|-crit|p1a: Kyogre\n|-damage|p1a: Kyogre|45\/100\n|move|p1a: Kyogre|Ice Beam|p2a: Gliscor\n|-resisted|p2a: Gliscor\n|-damage|p2a: Gliscor|85\/100 tox\n|\n|-weather|RainDance|[upkeep]\n|-heal|p2a: Gliscor|97\/100 tox|[from] ability: Poison Heal\n|upkeep\n|turn|7\n|\n|t:|1700860157\n|move|p2a: Gliscor|Toxic|p1a: Kyogre\n|-status|p1a: Kyogre|tox\n|move|p1a: Kyogre|Thunder|p2a: Gliscor\n|-supereffective|p2a: Gliscor\n|-damage|p2a: Gliscor|15\/100 tox\n|\n|-weather|RainDance|[upkeep]\n|-heal|p2a: Gliscor|28\/100 tox|[from] ability: Poison Heal\n|-damage|p1a: Kyogre|39\/100 tox|[from] psn\n|upkeep\n|turn|8\n|\n|t:|1700860160\n|move|p2a: Gliscor|Protect|p2a: Gliscor\n|-singleturn|p2a: Gliscor|Protect\n|move|p1a: Kyogre|Origin Pulse|p2a: Gliscor\n|-activate|p2a: Gliscor|move: Protect\n|\n|-weather|RainDance|[upkeep]\n|-heal|p2a: Gliscor|40\/100 tox|[from] ability: Poison Heal\n|-damage|p1a: Kyogre|27\/100 tox|[from] psn\n|upkeep\n|turn|9\n|\n|t:|1700860164\n|switch|p2a: Iron Treads|Iron Treads|100\/100\n|-damage|p2a: Iron Treads|76\/100|[from] Spikes\n|move|p1a: Kyogre|Thunder|p2a: Iron Treads\n|-immune|p2a: Iron Treads\n|\n|-weather|RainDance|[upkeep]\n|-heal|p2a: Iron Treads|82\/100|[from] item: Leftovers\n|-damage|p1a: Kyogre|9\/100 tox|[from] psn\n|upkeep\n|turn|10\n|\n|t:|1700860170\n|move|p2a: Iron Treads|Rapid Spin|p1a: Kyogre\n|-damage|p1a: Kyogre|0 fnt\n|-boost|p2a: Iron Treads|spe|1\n|-sideend|p2: h4v0ckn1ght|Spikes|[from] move: Rapid Spin|[of] p2a: Iron Treads\n|-sideend|p2: h4v0ckn1ght|Toxic Spikes|[from] move: Rapid Spin|[of] p2a: Iron Treads\n|faint|p1a: Kyogre\n|\n|-weather|none\n|-heal|p2a: Iron Treads|88\/100|[from] item: Leftovers\n|upkeep\n|\n|t:|1700860181\n|switch|p1a: Calyrex|Calyrex-Ice|100\/100\n|-ability|p1a: Calyrex|As One\n|-ability|p1a: Calyrex|Unnerve\n|turn|11\n|\n|t:|1700860189\n|move|p2a: Iron Treads|Iron Head|p1a: Calyrex\n|-supereffective|p1a: Calyrex\n|-damage|p1a: Calyrex|53\/100\n|cant|p1a: Calyrex|flinch\n|\n|-heal|p2a: Iron Treads|94\/100|[from] item: Leftovers\n|upkeep\n|turn|12\n|-message|Perry forfeited.\n|\n|win|h4v0ckn1ght\n|n|\u2606Perry|perry\n|n|\u2606h4v0ckn1ght|h4v0ckn1ght\n|n| KeshBa45|keshba45\n","uploadtime":1700860194,"views":6,"p1id":"perry","p2id":"h4v0ckn1ght","formatid":"gen9ubers","rating":0,"private":0,"password":""}