{"id":"gen9ubers-1982355979","p1":"wamkou","p2":"RubenPaCe","format":"[Gen 9] Ubers","log":"|j|\u2606wamkou\n|j|\u2606RubenPaCe\n|t:|1699003169\n|gametype|singles\n|player|p1|wamkou|elesa-masters2|\n|player|p2|RubenPaCe|camper|\n|teamsize|p1|6\n|teamsize|p2|6\n|gen|9\n|tier|[Gen 9] Ubers\n|rule|Sleep Clause Mod: Limit one foe put to sleep\n|rule|Species Clause: Limit one of each Pok\u00e9mon\n|rule|OHKO Clause: OHKO moves are banned\n|rule|Evasion Items Clause: Evasion items are banned\n|rule|Evasion Moves Clause: Evasion moves are banned\n|rule|Endless Battle Clause: Forcing endless battles is banned\n|rule|HP Percentage Mod: HP is shown in percentages\n|clearpoke\n|poke|p1|Scizor, F|\n|poke|p1|Heatran, M|\n|poke|p1|Palkia-Origin|\n|poke|p1|Palafin, M|\n|poke|p1|Magearna|\n|poke|p1|Zacian-*|\n|poke|p2|Sandy Shocks|\n|poke|p2|Palkia-Origin|\n|poke|p2|Palafin, F|\n|poke|p2|Arceus-Fire|\n|poke|p2|Gholdengo|\n|poke|p2|Zacian-*|\n|teampreview\n|inactive|Battle timer is ON: inactive players will automatically lose when time's up. (requested by RubenPaCe)\n|\n|t:|1699003195\n|start\n|switch|p1a: Palkia|Palkia-Origin|100\/100\n|switch|p2a: Sandy Shocks|Sandy Shocks|100\/100\n|-ability|p1a: Palkia|Pressure\n|turn|1\n|\n|t:|1699003204\n|move|p1a: Palkia|Earth Power|p2a: Sandy Shocks\n|-supereffective|p2a: Sandy Shocks\n|-damage|p2a: Sandy Shocks|12\/100\n|move|p2a: Sandy Shocks|Stealth Rock|p1a: Palkia\n|-sidestart|p1: wamkou|move: Stealth Rock\n|\n|upkeep\n|turn|2\n|\n|t:|1699003218\n|move|p1a: Palkia|Earth Power|p2a: Sandy Shocks\n|-supereffective|p2a: Sandy Shocks\n|-damage|p2a: Sandy Shocks|0 fnt\n|faint|p2a: Sandy Shocks\n|-end|p2a: Sandy Shocks|Protosynthesis|[silent]\n|\n|upkeep\n|\n|t:|1699003222\n|switch|p2a: Zacian|Zacian|100\/100\n|-ability|p2a: Zacian|Intrepid Sword|boost\n|-boost|p2a: Zacian|atk|1\n|turn|3\n|\n|t:|1699003241\n|switch|p1a: Scizor|Scizor, F, shiny|100\/100\n|-damage|p1a: Scizor|88\/100|[from] Stealth Rock\n|move|p2a: Zacian|Close Combat|p1a: Scizor\n|-damage|p1a: Scizor|28\/100\n|-unboost|p2a: Zacian|def|1\n|-unboost|p2a: Zacian|spd|1\n|-damage|p2a: Zacian|84\/100|[from] item: Rocky Helmet|[of] p1a: Scizor\n|\n|upkeep\n|turn|4\n|inactive|wamkou has 270 seconds left.\n|inactive|wamkou has 240 seconds left.\n|\n|t:|1699003315\n|switch|p2a: Gholdengo|Gholdengo|100\/100\n|-terastallize|p1a: Scizor|Steel\n|move|p1a: Scizor|Bullet Punch|p2a: Gholdengo\n|-resisted|p2a: Gholdengo\n|-damage|p2a: Gholdengo|80\/100\n|\n|upkeep\n|turn|5\n|\n|t:|1699003329\n|move|p2a: Gholdengo|Trick|p1a: Scizor\n|-activate|p2a: Gholdengo|move: Trick|[of] p1a: Scizor\n|-item|p1a: Scizor|Choice Scarf|[from] move: Trick\n|-item|p2a: Gholdengo|Rocky Helmet|[from] move: Trick\n|move|p1a: Scizor|Knock Off|p2a: Gholdengo\n|-supereffective|p2a: Gholdengo\n|-damage|p2a: Gholdengo|15\/100\n|-damage|p1a: Scizor|11\/100|[from] item: Rocky Helmet|[of] p2a: Gholdengo\n|-enditem|p2a: Gholdengo|Rocky Helmet|[from] move: Knock Off|[of] p1a: Scizor\n|\n|upkeep\n|turn|6\n|\n|t:|1699003338\n|move|p2a: Gholdengo|Shadow Ball|p1a: Scizor\n|-damage|p1a: Scizor|0 fnt\n|faint|p1a: Scizor\n|\n|upkeep\n|\n|t:|1699003349\n|switch|p1a: Palafin|Palafin, M|100\/100\n|-damage|p1a: Palafin|88\/100|[from] Stealth Rock\n|turn|7\n|\n|t:|1699003357\n|move|p1a: Palafin|Flip Turn|p2a: Gholdengo\n|-damage|p2a: Gholdengo|0 fnt\n|faint|p2a: Gholdengo\n|\n|t:|1699003370\n|detailschange|p1a: Palafin|Palafin-Hero, M\n|switch|p1a: Magearna|Magearna|100\/100|[from] Flip Turn\n|-damage|p1a: Magearna|94\/100|[from] Stealth Rock\n|\n|-heal|p1a: Magearna|100\/100|[from] item: Leftovers\n|upkeep\n|\n|t:|1699003373\n|switch|p2a: Arceus|Arceus-Fire|100\/100\n|turn|8\n|\n|t:|1699003378\n|move|p2a: Arceus|Calm Mind|p2a: Arceus\n|-boost|p2a: Arceus|spa|1\n|-boost|p2a: Arceus|spd|1\n|move|p1a: Magearna|Thunder Wave|p2a: Arceus\n|-status|p2a: Arceus|par\n|\n|upkeep\n|turn|9\n|inactive|wamkou has 240 seconds left.\n|\n|t:|1699003397\n|switch|p1a: Heatran|Heatran, M|100\/100\n|-damage|p1a: Heatran|88\/100|[from] Stealth Rock\n|move|p2a: Arceus|Earth Power|p1a: Heatran\n|-supereffective|p1a: Heatran\n|-damage|p1a: Heatran|0 fnt\n|faint|p1a: Heatran\n|\n|upkeep\n|\n|t:|1699003403\n|switch|p1a: Palkia|Palkia-Origin|100\/100\n|-damage|p1a: Palkia|88\/100|[from] Stealth Rock\n|-ability|p1a: Palkia|Pressure\n|turn|10\n|\n|t:|1699003408\n|switch|p2a: Zacian|Zacian|84\/100\n|move|p1a: Palkia|Hydro Pump|p2a: Zacian\n|-damage|p2a: Zacian|12\/100\n|\n|upkeep\n|turn|11\n|\n|t:|1699003418\n|move|p2a: Zacian|Play Rough|p1a: Palkia\n|-supereffective|p1a: Palkia\n|-crit|p1a: Palkia\n|-damage|p1a: Palkia|0 fnt\n|faint|p1a: Palkia\n|\n|upkeep\n|\n|t:|1699003422\n|switch|p1a: Palafin|Palafin-Hero, M|88\/100\n|-damage|p1a: Palafin|76\/100|[from] Stealth Rock\n|-activate|p1a: Palafin|ability: Zero to Hero\n|turn|12\n|\n|t:|1699003426\n|move|p1a: Palafin|Jet Punch|p2a: Zacian\n|-damage|p2a: Zacian|0 fnt\n|faint|p2a: Zacian\n|\n|upkeep\n|\n|t:|1699003428\n|switch|p2a: Palkia|Palkia-Origin|100\/100\n|-ability|p2a: Palkia|Pressure\n|turn|13\n|\n|t:|1699003431\n|switch|p1a: Magearna|Magearna|100\/100\n|-damage|p1a: Magearna|94\/100|[from] Stealth Rock\n|move|p2a: Palkia|Hydro Pump|p1a: Magearna\n|-damage|p1a: Magearna|51\/100\n|\n|-heal|p1a: Magearna|57\/100|[from] item: Leftovers\n|upkeep\n|turn|14\n|\n|t:|1699003438\n|move|p2a: Palkia|Fire Blast|p1a: Magearna|[miss]\n|-miss|p2a: Palkia|p1a: Magearna\n|move|p1a: Magearna|Draining Kiss|p2a: Palkia\n|-supereffective|p2a: Palkia\n|-damage|p2a: Palkia|58\/100\n|-heal|p1a: Magearna|86\/100|[from] drain|[of] p2a: Palkia\n|\n|-heal|p1a: Magearna|92\/100|[from] item: Leftovers\n|upkeep\n|turn|15\n|inactive|wamkou has 270 seconds left.\n|\n|t:|1699003460\n|switch|p2a: Arceus|Arceus-Fire|100\/100 par\n|move|p1a: Magearna|Thunder Wave|p2a: Arceus\n|-fail|p2a: Arceus|par\n|\n|-heal|p1a: Magearna|98\/100|[from] item: Leftovers\n|upkeep\n|turn|16\n|inactive|wamkou has 270 seconds left.\n|\n|t:|1699003494\n|switch|p1a: Zacian|Zacian|100\/100\n|-damage|p1a: Zacian|88\/100|[from] Stealth Rock\n|-ability|p1a: Zacian|Intrepid Sword|boost\n|-boost|p1a: Zacian|atk|1\n|cant|p2a: Arceus|par\n|\n|upkeep\n|turn|17\n|\n|t:|1699003501\n|move|p1a: Zacian|Close Combat|p2a: Arceus\n|-damage|p2a: Arceus|45\/100 par\n|-unboost|p1a: Zacian|def|1\n|-unboost|p1a: Zacian|spd|1\n|cant|p2a: Arceus|par\n|\n|upkeep\n|turn|18\n|inactive|wamkou has 240 seconds left.\n|\n|t:|1699003526\n|switch|p2a: Palkia|Palkia-Origin|58\/100\n|-ability|p2a: Palkia|Pressure\n|move|p1a: Zacian|Close Combat|p2a: Palkia\n|-damage|p2a: Palkia|0 fnt\n|-unboost|p1a: Zacian|def|1\n|-unboost|p1a: Zacian|spd|1\n|faint|p2a: Palkia\n|\n|upkeep\n|\n|t:|1699003528\n|switch|p2a: Palafin|Palafin, F|100\/100\n|turn|19\n|inactive|wamkou has 240 seconds left.\n|inactive|RubenPaCe has 270 seconds left.\n|\n|t:|1699003579\n|detailschange|p2a: Palafin|Palafin-Hero, F\n|switch|p2a: Arceus|Arceus-Fire|45\/100 par\n|move|p1a: Zacian|Close Combat|p2a: Arceus\n|-damage|p2a: Arceus|0 fnt\n|-unboost|p1a: Zacian|def|1\n|-unboost|p1a: Zacian|spd|1\n|faint|p2a: Arceus\n|\n|upkeep\n|\n|t:|1699003581\n|switch|p2a: Palafin|Palafin-Hero, F|100\/100\n|-activate|p2a: Palafin|ability: Zero to Hero\n|turn|20\n|inactive|RubenPaCe has 270 seconds left.\n|inactive|wamkou has 210 seconds left.\n|\n|t:|1699003607\n|switch|p1a: Magearna|Magearna|98\/100\n|-damage|p1a: Magearna|92\/100|[from] Stealth Rock\n|-terastallize|p2a: Palafin|Water\n|move|p2a: Palafin|Jet Punch|p1a: Magearna\n|-damage|p1a: Magearna|23\/100\n|\n|-heal|p1a: Magearna|29\/100|[from] item: Leftovers\n|upkeep\n|turn|21\n|\n|t:|1699003614\n|move|p2a: Palafin|Jet Punch|p1a: Magearna\n|-damage|p1a: Magearna|0 fnt\n|faint|p1a: Magearna\n|\n|upkeep\n|\n|t:|1699003616\n|switch|p1a: Palafin|Palafin-Hero, M|76\/100\n|-damage|p1a: Palafin|64\/100|[from] Stealth Rock\n|turn|22\n|inactive|wamkou has 210 seconds left.\n|\n|t:|1699003658\n|move|p2a: Palafin|Jet Punch|p1a: Palafin\n|-resisted|p1a: Palafin\n|-damage|p1a: Palafin|21\/100\n|move|p1a: Palafin|Close Combat|p2a: Palafin\n|-damage|p2a: Palafin|31\/100\n|-unboost|p1a: Palafin|def|1\n|-unboost|p1a: Palafin|spd|1\n|\n|upkeep\n|turn|23\n|\n|t:|1699003668\n|move|p2a: Palafin|Jet Punch|p1a: Palafin\n|-resisted|p1a: Palafin\n|-damage|p1a: Palafin|0 fnt\n|faint|p1a: Palafin\n|\n|upkeep\n|\n|t:|1699003671\n|switch|p1a: Zacian|Zacian|88\/100\n|-damage|p1a: Zacian|76\/100|[from] Stealth Rock\n|turn|24\n|c|\u2606RubenPaCe|this is a roll\n|c|\u2606RubenPaCe|let's see if I get it\n|inactive|wamkou has 180 seconds left.\n|\n|t:|1699003700\n|move|p2a: Palafin|Jet Punch|p1a: Zacian\n|-damage|p1a: Zacian|7\/100\n|move|p1a: Zacian|Close Combat|p2a: Palafin\n|-damage|p2a: Palafin|0 fnt\n|-unboost|p1a: Zacian|def|1\n|-unboost|p1a: Zacian|spd|1\n|faint|p2a: Palafin\n|\n|win|wamkou\n|c|\u2606wamkou|gg\n|c|\u2606RubenPaCe|damn\n|c|\u2606RubenPaCe|that was the absolute minimum\n|c|\u2606RubenPaCe|gg\n|c|\u2606wamkou|L\n","uploadtime":1699003716,"views":13,"p1id":"wamkou","p2id":"rubenpace","formatid":"gen9ubers","rating":0,"private":0,"password":""}