{"id":"gen9ubers-1977054626","p1":"Vampbionie1","p2":"TubeKnight","format":"[Gen 9] Ubers","log":"|j|\u2606Vampbionie1\n|j|\u2606TubeKnight\n|t:|1698366427\n|gametype|singles\n|player|p1|Vampbionie1|brycenman|\n|player|p2|TubeKnight|266|\n|teamsize|p1|6\n|teamsize|p2|6\n|gen|9\n|tier|[Gen 9] Ubers\n|rule|Sleep Clause Mod: Limit one foe put to sleep\n|rule|Species Clause: Limit one of each Pok\u00e9mon\n|rule|OHKO Clause: OHKO moves are banned\n|rule|Evasion Items Clause: Evasion items are banned\n|rule|Evasion Moves Clause: Evasion moves are banned\n|rule|Endless Battle Clause: Forcing endless battles is banned\n|rule|HP Percentage Mod: HP is shown in percentages\n|clearpoke\n|poke|p1|Spectrier|\n|poke|p1|Arceus-Dark|\n|poke|p1|Zacian-*|\n|poke|p1|Ogerpon-Wellspring, F|\n|poke|p1|Zamazenta-*|\n|poke|p1|Shaymin-Sky|\n|poke|p2|Torkoal, F|\n|poke|p2|Chi-Yu|\n|poke|p2|Walking Wake|\n|poke|p2|Lilligant-Hisui, F|\n|poke|p2|Giratina|\n|poke|p2|Zacian-*|\n|teampreview\n|inactive|Battle timer is ON: inactive players will automatically lose when time's up. (requested by TubeKnight)\n|c|\u2606TubeKnight|glhf\n|\n|t:|1698366451\n|start\n|switch|p1a: Ogerpon|Ogerpon-Wellspring, F|100\/100\n|switch|p2a: Torkoal|Torkoal, F, shiny|100\/100\n|-weather|SunnyDay|[from] ability: Drought|[of] p2a: Torkoal\n|turn|1\n|\n|t:|1698366467\n|move|p1a: Ogerpon|Horn Leech|p2a: Torkoal\n|-resisted|p2a: Torkoal\n|-damage|p2a: Torkoal|87\/100\n|move|p2a: Torkoal|Yawn|p1a: Ogerpon\n|-start|p1a: Ogerpon|move: Yawn|[of] p2a: Torkoal\n|\n|-weather|SunnyDay|[upkeep]\n|upkeep\n|turn|2\n|\n|t:|1698366475\n|switch|p1a: Arceus|Arceus-Dark|100\/100\n|switch|p2a: Lilligant|Lilligant-Hisui, F, shiny|100\/100\n|\n|-weather|SunnyDay|[upkeep]\n|upkeep\n|turn|3\n|\n|t:|1698366480\n|move|p2a: Lilligant|Sleep Powder|p1a: Arceus|[miss]\n|-miss|p2a: Lilligant|p1a: Arceus\n|move|p1a: Arceus|Taunt|p2a: Lilligant\n|-start|p2a: Lilligant|move: Taunt\n|\n|-weather|SunnyDay|[upkeep]\n|upkeep\n|turn|4\n|\n|t:|1698366494\n|switch|p1a: Spectrier|Spectrier|100\/100\n|-terastallize|p2a: Lilligant|Fighting\n|move|p2a: Lilligant|Axe Kick|p1a: Spectrier\n|-immune|p1a: Spectrier\n|-damage|p2a: Lilligant|51\/100|[from] highjumpkick\n|\n|-weather|SunnyDay|[upkeep]\n|upkeep\n|turn|5\n|\n|t:|1698366513\n|-terastallize|p1a: Spectrier|Fairy\n|move|p2a: Lilligant|Solar Blade||[still]\n|-prepare|p2a: Lilligant|Solar Blade\n|-anim|p2a: Lilligant|Solar Blade|p1a: Spectrier\n|-damage|p1a: Spectrier|4\/100\n|move|p1a: Spectrier|Draining Kiss|p2a: Lilligant\n|-supereffective|p2a: Lilligant\n|-damage|p2a: Lilligant|0 fnt\n|-heal|p1a: Spectrier|35\/100|[from] drain|[of] p2a: Lilligant\n|faint|p2a: Lilligant\n|-ability|p1a: Spectrier|Grim Neigh|boost\n|-boost|p1a: Spectrier|spa|1\n|-damage|p1a: Spectrier|25\/100|[from] item: Life Orb\n|\n|-weather|SunnyDay|[upkeep]\n|upkeep\n|c|\u2606TubeKnight|bruh\n|\n|t:|1698366534\n|switch|p2a: Walking Wake|Walking Wake|100\/100\n|-activate|p2a: Walking Wake|ability: Protosynthesis\n|-start|p2a: Walking Wake|protosynthesisspe\n|turn|6\n|\n|t:|1698366552\n|move|p2a: Walking Wake|Flamethrower|p1a: Spectrier\n|-damage|p1a: Spectrier|0 fnt\n|faint|p1a: Spectrier\n|\n|-weather|SunnyDay|[upkeep]\n|upkeep\n|\n|t:|1698366561\n|switch|p1a: Ogerpon|Ogerpon-Wellspring, F|100\/100\n|turn|7\n|\n|t:|1698366565\n|move|p2a: Walking Wake|Flamethrower|p1a: Ogerpon\n|-damage|p1a: Ogerpon|26\/100\n|move|p1a: Ogerpon|Horn Leech|p2a: Walking Wake\n|-damage|p2a: Walking Wake|52\/100\n|-heal|p1a: Ogerpon|53\/100|[from] drain|[of] p2a: Walking Wake\n|\n|-weather|SunnyDay|[upkeep]\n|upkeep\n|turn|8\n|\n|t:|1698366578\n|switch|p1a: Arceus|Arceus-Dark|100\/100\n|move|p2a: Walking Wake|Flamethrower|p1a: Arceus\n|-damage|p1a: Arceus|54\/100\n|\n|-weather|none\n|-end|p2a: Walking Wake|Protosynthesis\n|upkeep\n|turn|9\n|\n|t:|1698366585\n|-end|p2a: Walking Wake|Protosynthesis|[silent]\n|switch|p2a: Zacian|Zacian, shiny|100\/100\n|-ability|p2a: Zacian|Intrepid Sword|boost\n|-boost|p2a: Zacian|atk|1\n|move|p1a: Arceus|Stealth Rock|p2a: Zacian\n|-sidestart|p2: TubeKnight|move: Stealth Rock\n|\n|upkeep\n|turn|10\n|\n|t:|1698366598\n|switch|p1a: Zamazenta|Zamazenta-Crowned|100\/100\n|-ability|p1a: Zamazenta|Dauntless Shield|boost\n|-boost|p1a: Zamazenta|def|1\n|move|p2a: Zacian|Play Rough|p1a: Zamazenta\n|-damage|p1a: Zamazenta|70\/100\n|\n|upkeep\n|turn|11\n|inactive|TubeKnight has 270 seconds left.\n|\n|t:|1698366639\n|switch|p2a: Torkoal|Torkoal, F, shiny|87\/100\n|-damage|p2a: Torkoal|62\/100|[from] Stealth Rock\n|-weather|SunnyDay|[from] ability: Drought|[of] p2a: Torkoal\n|move|p1a: Zamazenta|Roar|p2a: Torkoal\n|drag|p2a: Chi-Yu|Chi-Yu|100\/100\n|-damage|p2a: Chi-Yu|76\/100|[from] Stealth Rock\n|-ability|p2a: Chi-Yu|Beads of Ruin\n|\n|-weather|SunnyDay|[upkeep]\n|upkeep\n|turn|12\n|inactive|TubeKnight has 240 seconds left.\n|\n|t:|1698366676\n|switch|p1a: Ogerpon|Ogerpon-Wellspring, F|53\/100\n|move|p2a: Chi-Yu|Flamethrower|p1a: Ogerpon\n|-damage|p1a: Ogerpon|0 fnt\n|faint|p1a: Ogerpon\n|\n|-weather|SunnyDay|[upkeep]\n|upkeep\n|\n|t:|1698366681\n|switch|p1a: Zacian|Zacian|100\/100\n|-ability|p1a: Zacian|Intrepid Sword|boost\n|-boost|p1a: Zacian|atk|1\n|turn|13\n|inactive|TubeKnight has 240 seconds left.\n|\n|t:|1698366692\n|move|p2a: Chi-Yu|Flamethrower|p1a: Zacian\n|-crit|p1a: Zacian\n|-damage|p1a: Zacian|0 fnt\n|faint|p1a: Zacian\n|\n|-weather|SunnyDay|[upkeep]\n|upkeep\n|\n|t:|1698366696\n|switch|p1a: Arceus|Arceus-Dark|54\/100\n|turn|14\n|c|\u2606TubeKnight|dont know if that mattered\n|\n|t:|1698366708\n|move|p2a: Chi-Yu|Flamethrower|p1a: Arceus\n|-damage|p1a: Arceus|0 fnt\n|faint|p1a: Arceus\n|\n|-weather|SunnyDay|[upkeep]\n|upkeep\n|\n|t:|1698366713\n|switch|p1a: Zamazenta|Zamazenta-Crowned|70\/100\n|turn|15\n|\n|t:|1698366725\n|move|p2a: Chi-Yu|Flamethrower|p1a: Zamazenta\n|-supereffective|p1a: Zamazenta\n|-damage|p1a: Zamazenta|0 fnt\n|faint|p1a: Zamazenta\n|\n|-weather|SunnyDay|[upkeep]\n|upkeep\n|\n|t:|1698366727\n|switch|p1a: Shaymin|Shaymin-Sky|100\/100\n|turn|16\n|inactive|TubeKnight has 270 seconds left.\n|\n|t:|1698366732\n|move|p2a: Chi-Yu|Flamethrower|p1a: Shaymin\n|-supereffective|p1a: Shaymin\n|-damage|p1a: Shaymin|0 fnt\n|faint|p1a: Shaymin\n|\n|win|TubeKnight\n|c|\u2606TubeKnight|ggs\n|c|\u2606Vampbionie1|ggs\n|l|\u2606Vampbionie1\n","uploadtime":1698366740,"views":16,"p1id":"vampbionie1","p2id":"tubeknight","formatid":"gen9ubers","rating":0,"private":0,"password":""}