{"id":"gen9ubers-1995600362","p1":"darrusgames","p2":"RadRaph","format":"[Gen 9] Ubers","log":"|j|\u2606darrusgames\n|j|\u2606RadRaph\n|t:|1700586404\n|gametype|singles\n|player|p1|darrusgames|170|1060\n|player|p2|RadRaph|steven|1168\n|teamsize|p1|6\n|teamsize|p2|6\n|gen|9\n|tier|[Gen 9] Ubers\n|rated|\n|rule|Sleep Clause Mod: Limit one foe put to sleep\n|rule|Species Clause: Limit one of each Pok\u00e9mon\n|rule|OHKO Clause: OHKO moves are banned\n|rule|Evasion Items Clause: Evasion items are banned\n|rule|Evasion Moves Clause: Evasion moves are banned\n|rule|Endless Battle Clause: Forcing endless battles is banned\n|rule|HP Percentage Mod: HP is shown in percentages\n|clearpoke\n|poke|p1|Hoopa-Unbound|\n|poke|p1|Miraidon|\n|poke|p1|Decidueye, F|\n|poke|p1|Tyranitar, M|\n|poke|p1|Greninja-*, M|\n|poke|p1|Infernape, M|\n|poke|p2|Ursaluna-Bloodmoon, M|\n|poke|p2|Ogerpon-Cornerstone, F|\n|poke|p2|Scizor, M|\n|poke|p2|Flutter Mane|\n|poke|p2|Dragonite, M|\n|poke|p2|Urshifu-*, M|\n|teampreview\n|\n|t:|1700586416\n|start\n|switch|p1a: Miraidon|Miraidon|100\/100\n|switch|p2a: Ogerpon|Ogerpon-Cornerstone, F|100\/100\n|-fieldstart|move: Electric Terrain|[from] ability: Hadron Engine|[of] p1a: Miraidon\n|turn|1\n|\n|t:|1700586424\n|switch|p2a: Ursaluna|Ursaluna-Bloodmoon, M|100\/100\n|move|p1a: Miraidon|Dragon Pulse|p2a: Ursaluna\n|-damage|p2a: Ursaluna|56\/100\n|\n|upkeep\n|turn|2\n|c|\u2606darrusgames|prepare to battle my domain expansion team\\\n|\n|t:|1700586441\n|-terastallize|p2a: Ursaluna|Fairy\n|move|p1a: Miraidon|Dragon Pulse|p2a: Ursaluna\n|-immune|p2a: Ursaluna\n|move|p2a: Ursaluna|Moonblast|p1a: Miraidon\n|-supereffective|p1a: Miraidon\n|-damage|p1a: Miraidon|37\/100\n|\n|upkeep\n|turn|3\n|\n|t:|1700586453\n|move|p1a: Miraidon|Electro Drift|p2a: Ursaluna\n|-damage|p2a: Ursaluna|0 fnt\n|faint|p2a: Ursaluna\n|\n|upkeep\n|\n|t:|1700586460\n|switch|p2a: Flutter Mane|Flutter Mane|100\/100\n|-enditem|p2a: Flutter Mane|Booster Energy\n|-activate|p2a: Flutter Mane|ability: Protosynthesis|[fromitem]\n|-start|p2a: Flutter Mane|protosynthesisspe\n|turn|4\n|\n|t:|1700586467\n|move|p2a: Flutter Mane|Moonblast|p1a: Miraidon\n|-supereffective|p1a: Miraidon\n|-damage|p1a: Miraidon|0 fnt\n|faint|p1a: Miraidon\n|\n|upkeep\n|\n|t:|1700586475\n|switch|p1a: Greninja|Greninja, M|100\/100\n|turn|5\n|c|\u2606darrusgames|domain expansion\n|\n|t:|1700586484\n|move|p2a: Flutter Mane|Moonblast|p1a: Greninja\n|-supereffective|p1a: Greninja\n|-crit|p1a: Greninja\n|-damage|p1a: Greninja|0 fnt\n|faint|p1a: Greninja\n|\n|-fieldend|move: Electric Terrain\n|upkeep\n|c|\u2606darrusgames|nvm\n|\n|t:|1700586491\n|switch|p1a: Infernape|Infernape, M|100\/100\n|turn|6\n|c|\u2606darrusgames|domain expansion\n|\n|t:|1700586498\n|move|p2a: Flutter Mane|Moonblast|p1a: Infernape\n|-damage|p1a: Infernape|21\/100\n|move|p1a: Infernape|Sunny Day|p1a: Infernape\n|-weather|SunnyDay\n|\n|-weather|SunnyDay|[upkeep]\n|upkeep\n|turn|7\n|\n|t:|1700586505\n|move|p2a: Flutter Mane|Moonblast|p1a: Infernape\n|-damage|p1a: Infernape|0 fnt\n|faint|p1a: Infernape\n|\n|-weather|SunnyDay|[upkeep]\n|upkeep\n|\n|t:|1700586512\n|switch|p1a: Tyranitar|Tyranitar, M|100\/100\n|-weather|Sandstorm|[from] ability: Sand Stream|[of] p1a: Tyranitar\n|turn|8\n|\n|t:|1700586523\n|-terastallize|p1a: Tyranitar|Rock\n|move|p2a: Flutter Mane|Moonblast|p1a: Tyranitar\n|-crit|p1a: Tyranitar\n|-damage|p1a: Tyranitar|68\/100\n|-unboost|p1a: Tyranitar|spa|1\n|move|p1a: Tyranitar|Earthquake|p2a: Flutter Mane\n|-damage|p2a: Flutter Mane|10\/100\n|\n|-weather|Sandstorm|[upkeep]\n|-damage|p2a: Flutter Mane|4\/100|[from] Sandstorm\n|upkeep\n|turn|9\n|\n|t:|1700586539\n|move|p2a: Flutter Mane|Shadow Ball|p1a: Tyranitar\n|-crit|p1a: Tyranitar\n|-damage|p1a: Tyranitar|37\/100\n|move|p1a: Tyranitar|Ice Punch|p2a: Flutter Mane\n|-damage|p2a: Flutter Mane|0 fnt\n|faint|p2a: Flutter Mane\n|-end|p2a: Flutter Mane|Protosynthesis|[silent]\n|\n|-weather|Sandstorm|[upkeep]\n|upkeep\n|\n|t:|1700586549\n|switch|p2a: Urshifu|Urshifu-Rapid-Strike, M|100\/100\n|turn|10\n|\n|t:|1700586555\n|move|p2a: Urshifu|Surging Strikes|p1a: Tyranitar\n|-supereffective|p1a: Tyranitar\n|-crit|p1a: Tyranitar\n|-damage|p1a: Tyranitar|3\/100\n|-supereffective|p1a: Tyranitar\n|-crit|p1a: Tyranitar\n|-damage|p1a: Tyranitar|0 fnt\n|faint|p1a: Tyranitar\n|-hitcount|p1: Tyranitar|2\n|\n|-weather|Sandstorm|[upkeep]\n|-damage|p2a: Urshifu|94\/100|[from] Sandstorm\n|upkeep\n|\n|t:|1700586564\n|switch|p1a: Hoopa|Hoopa-Unbound|100\/100\n|turn|11\n|\n|t:|1700586571\n|move|p2a: Urshifu|U-turn|p1a: Hoopa\n|-supereffective|p1a: Hoopa\n|-damage|p1a: Hoopa|0 fnt\n|faint|p1a: Hoopa\n|c|\u2606darrusgames|domain expansion\n|c|\u2606darrusgames|nvm\n|\n|t:|1700586581\n|switch|p2a: Scizor|Scizor, M|100\/100|[from] U-turn\n|\n|-weather|Sandstorm|[upkeep]\n|upkeep\n|\n|t:|1700586600\n|switch|p1a: Decidueye|Decidueye, F|100\/100\n|turn|12\n|inactive|Battle timer is ON: inactive players will automatically lose when time's up. (requested by RadRaph)\n|\n|t:|1700586603\n|move|p2a: Scizor|Bullet Punch|p1a: Decidueye\n|-damage|p1a: Decidueye|48\/100\n|move|p1a: Decidueye|Grassy Terrain|p1a: Decidueye\n|-fieldstart|move: Grassy Terrain\n|\n|-weather|none\n|-heal|p1a: Decidueye|54\/100|[from] Grassy Terrain\n|upkeep\n|turn|13\n|\n|t:|1700586609\n|move|p1a: Decidueye|Leaf Blade|p2a: Scizor\n|-resisted|p2a: Scizor\n|-damage|p2a: Scizor|80\/100\n|-damage|p1a: Decidueye|44\/100|[from] item: Life Orb\n|move|p2a: Scizor|Swords Dance|p2a: Scizor\n|-boost|p2a: Scizor|atk|2\n|\n|-heal|p1a: Decidueye|50\/100|[from] Grassy Terrain\n|-heal|p2a: Scizor|87\/100|[from] Grassy Terrain\n|upkeep\n|turn|14\n|\n|t:|1700586621\n|move|p1a: Decidueye|Brave Bird|p2a: Scizor\n|-damage|p2a: Scizor|37\/100\n|-enditem|p2a: Scizor|Sitrus Berry|[eat]\n|-heal|p2a: Scizor|62\/100|[from] item: Sitrus Berry\n|-damage|p1a: Decidueye|31\/100|[from] Recoil\n|-damage|p1a: Decidueye|21\/100|[from] item: Life Orb\n|move|p2a: Scizor|U-turn|p1a: Decidueye\n|-damage|p1a: Decidueye|0 fnt\n|faint|p1a: Decidueye\n|\n|win|RadRaph\n|raw|darrusgames's rating: 1060 &rarr; <strong>1047<\/strong><br \/>(-13 for losing)\n|raw|RadRaph's rating: 1168 &rarr; <strong>1185<\/strong><br \/>(+17 for winning)\n|l|\u2606darrusgames\n","uploadtime":1700586634,"views":1,"p1id":"darrusgames","p2id":"radraph","formatid":"gen9ubers","rating":1047,"private":0,"password":""}