{"id":"gen9ubers-1984417529","p1":"Arpitraj1","p2":"Just Kamiru","format":"[Gen 9] Ubers","log":"|j|\u2606Arpitraj1\n|j|\u2606Just Kamiru\n|t:|1699260022\n|gametype|singles\n|player|p1|Arpitraj1|anabel|1139\n|player|p2|Just Kamiru|marnie-masters|1246\n|teamsize|p1|6\n|teamsize|p2|6\n|gen|9\n|tier|[Gen 9] Ubers\n|rated|\n|rule|Sleep Clause Mod: Limit one foe put to sleep\n|rule|Species Clause: Limit one of each Pok\u00e9mon\n|rule|OHKO Clause: OHKO moves are banned\n|rule|Evasion Items Clause: Evasion items are banned\n|rule|Evasion Moves Clause: Evasion moves are banned\n|rule|Endless Battle Clause: Forcing endless battles is banned\n|rule|HP Percentage Mod: HP is shown in percentages\n|clearpoke\n|poke|p1|Corviknight, M|\n|poke|p1|Clodsire, F|\n|poke|p1|Skeledirge, F|\n|poke|p1|Ting-Lu|\n|poke|p1|Alomomola, M|\n|poke|p1|Blissey, F|\n|poke|p2|Annihilape, M|\n|poke|p2|Ogerpon-Hearthflame, F|\n|poke|p2|Garchomp, M|\n|poke|p2|Flutter Mane|\n|poke|p2|Koraidon|\n|poke|p2|Talonflame, M|\n|teampreview\n|inactive|Battle timer is ON: inactive players will automatically lose when time's up. (requested by Just Kamiru)\n|inactive|Arpitraj1 also wants the timer to be on.\n|\n|t:|1699260026\n|start\n|switch|p1a: Clodsire|Clodsire, F|100\/100\n|switch|p2a: Talonflame|Talonflame, M, shiny|100\/100\n|turn|1\n|\n|t:|1699260033\n|switch|p1a: Blissey|Blissey, F|100\/100\n|move|p2a: Talonflame|Taunt|p1a: Blissey\n|-start|p1a: Blissey|move: Taunt\n|\n|upkeep\n|turn|2\n|\n|t:|1699260037\n|move|p2a: Talonflame|U-turn|p1a: Blissey\n|-damage|p1a: Blissey|89\/100\n|\n|t:|1699260041\n|switch|p2a: Annihilape|Annihilape, M, shiny|100\/100|[from] U-turn\n|move|p1a: Blissey|Seismic Toss|p2a: Annihilape\n|-immune|p2a: Annihilape\n|\n|upkeep\n|turn|3\n|inactive|Arpitraj1 has 120 seconds left.\n|\n|t:|1699260076\n|switch|p1a: Skeledirge|Skeledirge, F|100\/100\n|move|p2a: Annihilape|Bulk Up|p2a: Annihilape\n|-boost|p2a: Annihilape|atk|1\n|-boost|p2a: Annihilape|def|1\n|\n|upkeep\n|turn|4\n|\n|t:|1699260081\n|move|p2a: Annihilape|Rage Fist|p1a: Skeledirge\n|-supereffective|p1a: Skeledirge\n|-damage|p1a: Skeledirge|68\/100\n|move|p1a: Skeledirge|Will-O-Wisp|p2a: Annihilape\n|-status|p2a: Annihilape|brn\n|\n|-damage|p2a: Annihilape|94\/100 brn|[from] brn\n|upkeep\n|turn|5\n|\n|t:|1699260090\n|switch|p1a: Blissey|Blissey, F|89\/100\n|move|p2a: Annihilape|Bulk Up|p2a: Annihilape\n|-boost|p2a: Annihilape|atk|1\n|-boost|p2a: Annihilape|def|1\n|\n|-heal|p2a: Annihilape|100\/100 brn|[from] item: Leftovers\n|-damage|p2a: Annihilape|94\/100 brn|[from] brn\n|upkeep\n|turn|6\n|\n|t:|1699260097\n|switch|p1a: Skeledirge|Skeledirge, F|68\/100\n|move|p2a: Annihilape|Bulk Up|p2a: Annihilape\n|-boost|p2a: Annihilape|atk|1\n|-boost|p2a: Annihilape|def|1\n|\n|-heal|p2a: Annihilape|100\/100 brn|[from] item: Leftovers\n|-damage|p2a: Annihilape|94\/100 brn|[from] brn\n|upkeep\n|turn|7\n|\n|t:|1699260109\n|move|p2a: Annihilape|Bulk Up|p2a: Annihilape\n|-boost|p2a: Annihilape|atk|1\n|-boost|p2a: Annihilape|def|1\n|move|p1a: Skeledirge|Earth Power|p2a: Annihilape\n|-damage|p2a: Annihilape|75\/100 brn\n|\n|-heal|p2a: Annihilape|81\/100 brn|[from] item: Leftovers\n|-damage|p2a: Annihilape|75\/100 brn|[from] brn\n|upkeep\n|turn|8\n|\n|t:|1699260114\n|switch|p1a: Corviknight|Corviknight, M|100\/100\n|-ability|p1a: Corviknight|Pressure\n|move|p2a: Annihilape|Rage Fist|p1a: Corviknight\n|-damage|p1a: Corviknight|41\/100\n|-damage|p2a: Annihilape|59\/100 brn|[from] item: Rocky Helmet|[of] p1a: Corviknight\n|\n|-heal|p2a: Annihilape|65\/100 brn|[from] item: Leftovers\n|-damage|p2a: Annihilape|59\/100 brn|[from] brn\n|upkeep\n|turn|9\n|\n|t:|1699260126\n|switch|p1a: Skeledirge|Skeledirge, F|68\/100\n|move|p2a: Annihilape|Drain Punch|p1a: Skeledirge\n|-immune|p1a: Skeledirge\n|\n|-heal|p2a: Annihilape|65\/100 brn|[from] item: Leftovers\n|-damage|p2a: Annihilape|59\/100 brn|[from] brn\n|upkeep\n|turn|10\n|\n|t:|1699260137\n|switch|p1a: Clodsire|Clodsire, F|100\/100\n|move|p2a: Annihilape|Rage Fist|p1a: Clodsire\n|-damage|p1a: Clodsire|73\/100\n|\n|-heal|p2a: Annihilape|65\/100 brn|[from] item: Leftovers\n|-heal|p1a: Clodsire|80\/100|[from] item: Leftovers\n|-damage|p2a: Annihilape|59\/100 brn|[from] brn\n|upkeep\n|turn|11\n|\n|t:|1699260145\n|move|p2a: Annihilape|Protect|p2a: Annihilape\n|-singleturn|p2a: Annihilape|Protect\n|move|p1a: Clodsire|Stealth Rock|p2a: Annihilape\n|-sidestart|p2: Just Kamiru|move: Stealth Rock\n|\n|-heal|p2a: Annihilape|65\/100 brn|[from] item: Leftovers\n|-heal|p1a: Clodsire|86\/100|[from] item: Leftovers\n|-damage|p2a: Annihilape|59\/100 brn|[from] brn\n|upkeep\n|turn|12\n|\n|t:|1699260159\n|switch|p1a: Skeledirge|Skeledirge, F|68\/100\n|move|p2a: Annihilape|Bulk Up|p2a: Annihilape\n|-boost|p2a: Annihilape|atk|1\n|-boost|p2a: Annihilape|def|1\n|\n|-heal|p2a: Annihilape|65\/100 brn|[from] item: Leftovers\n|-damage|p2a: Annihilape|59\/100 brn|[from] brn\n|upkeep\n|turn|13\n|\n|t:|1699260167\n|switch|p1a: Blissey|Blissey, F|89\/100\n|move|p2a: Annihilape|Rage Fist|p1a: Blissey\n|-immune|p1a: Blissey\n|\n|-heal|p2a: Annihilape|65\/100 brn|[from] item: Leftovers\n|-damage|p2a: Annihilape|59\/100 brn|[from] brn\n|upkeep\n|turn|14\n|\n|t:|1699260183\n|switch|p1a: Ting-Lu|Ting-Lu|100\/100\n|-ability|p1a: Ting-Lu|Vessel of Ruin\n|move|p2a: Annihilape|Drain Punch|p1a: Ting-Lu\n|-supereffective|p1a: Ting-Lu\n|-damage|p1a: Ting-Lu|21\/100\n|-heal|p2a: Annihilape|100\/100 brn|[from] drain|[of] p1a: Ting-Lu\n|\n|-heal|p1a: Ting-Lu|27\/100|[from] item: Leftovers\n|-damage|p2a: Annihilape|94\/100 brn|[from] brn\n|upkeep\n|turn|15\n|\n|t:|1699260194\n|switch|p1a: Skeledirge|Skeledirge, F|68\/100\n|move|p2a: Annihilape|Drain Punch|p1a: Skeledirge\n|-immune|p1a: Skeledirge\n|\n|-heal|p2a: Annihilape|100\/100 brn|[from] item: Leftovers\n|-damage|p2a: Annihilape|94\/100 brn|[from] brn\n|upkeep\n|turn|16\n|\n|t:|1699260203\n|move|p2a: Annihilape|Rage Fist|p1a: Skeledirge\n|-supereffective|p1a: Skeledirge\n|-damage|p1a: Skeledirge|36\/100\n|move|p1a: Skeledirge|Slack Off|p1a: Skeledirge\n|-heal|p1a: Skeledirge|86\/100\n|\n|-heal|p2a: Annihilape|100\/100 brn|[from] item: Leftovers\n|-damage|p2a: Annihilape|94\/100 brn|[from] brn\n|upkeep\n|turn|17\n|\n|t:|1699260215\n|switch|p1a: Blissey|Blissey, F|89\/100\n|move|p2a: Annihilape|Rage Fist|p1a: Blissey\n|-immune|p1a: Blissey\n|\n|-heal|p2a: Annihilape|100\/100 brn|[from] item: Leftovers\n|-damage|p2a: Annihilape|94\/100 brn|[from] brn\n|upkeep\n|turn|18\n|\n|t:|1699260228\n|switch|p1a: Clodsire|Clodsire, F|86\/100\n|move|p2a: Annihilape|Drain Punch|p1a: Clodsire\n|-resisted|p1a: Clodsire\n|-damage|p1a: Clodsire|75\/100\n|-heal|p2a: Annihilape|99\/100 brn|[from] drain|[of] p1a: Clodsire\n|\n|-heal|p2a: Annihilape|100\/100 brn|[from] item: Leftovers\n|-heal|p1a: Clodsire|82\/100|[from] item: Leftovers\n|-damage|p2a: Annihilape|94\/100 brn|[from] brn\n|upkeep\n|turn|19\n|\n|t:|1699260245\n|switch|p1a: Skeledirge|Skeledirge, F|86\/100\n|move|p2a: Annihilape|Rage Fist|p1a: Skeledirge\n|-supereffective|p1a: Skeledirge\n|-damage|p1a: Skeledirge|54\/100\n|\n|-heal|p2a: Annihilape|100\/100 brn|[from] item: Leftovers\n|-damage|p2a: Annihilape|94\/100 brn|[from] brn\n|upkeep\n|turn|20\n|\n|t:|1699260254\n|switch|p2a: Talonflame|Talonflame, M, shiny|100\/100\n|-damage|p2a: Talonflame|50\/100|[from] Stealth Rock\n|move|p1a: Skeledirge|Slack Off|p1a: Skeledirge\n|-heal|p1a: Skeledirge|100\/100\n|\n|-heal|p2a: Talonflame|57\/100|[from] item: Leftovers\n|upkeep\n|turn|21\n|inactive|Arpitraj1 has 120 seconds left.\n|\n|t:|1699260300\n|switch|p1a: Alomomola|Alomomola, M|100\/100\n|move|p2a: Talonflame|Defog|p1a: Alomomola\n|-unboost|p1a: Alomomola|evasion|1\n|-sideend|p2: Just Kamiru|Stealth Rock|[from] move: Defog|[of] p2a: Talonflame\n|\n|-heal|p2a: Talonflame|63\/100|[from] item: Leftovers\n|upkeep\n|turn|22\n|\n|t:|1699260322\n|move|p2a: Talonflame|Taunt|p1a: Alomomola\n|-start|p1a: Alomomola|move: Taunt\n|cant|p1a: Alomomola|move: Taunt|Wish\n|\n|-heal|p2a: Talonflame|69\/100|[from] item: Leftovers\n|upkeep\n|turn|23\n|\n|t:|1699260345\n|move|p2a: Talonflame|Roost|p2a: Talonflame\n|-heal|p2a: Talonflame|100\/100\n|-singleturn|p2a: Talonflame|move: Roost\n|move|p1a: Alomomola|Flip Turn|p2a: Talonflame\n|-supereffective|p2a: Talonflame\n|-damage|p2a: Talonflame|67\/100\n|\n|t:|1699260354\n|switch|p1a: Clodsire|Clodsire, F|82\/100|[from] Flip Turn\n|\n|-heal|p2a: Talonflame|73\/100|[from] item: Leftovers\n|-heal|p1a: Clodsire|88\/100|[from] item: Leftovers\n|upkeep\n|turn|24\n|\n|t:|1699260361\n|switch|p2a: Flutter Mane|Flutter Mane, shiny|100\/100\n|move|p1a: Clodsire|Toxic|p2a: Flutter Mane\n|-status|p2a: Flutter Mane|tox\n|\n|-heal|p1a: Clodsire|94\/100|[from] item: Leftovers\n|-damage|p2a: Flutter Mane|95\/100 tox|[from] psn\n|upkeep\n|turn|25\n|\n|t:|1699260375\n|switch|p1a: Blissey|Blissey, F|89\/100\n|move|p2a: Flutter Mane|Shadow Ball|p1a: Blissey\n|-immune|p1a: Blissey\n|\n|-damage|p2a: Flutter Mane|83\/100 tox|[from] psn\n|upkeep\n|turn|26\n|inactive|Arpitraj1 has 90 seconds left.\n|\n|t:|1699260412\n|-end|p2a: Flutter Mane|Protosynthesis|[silent]\n|switch|p2a: Talonflame|Talonflame, M, shiny|73\/100\n|switch|p1a: Alomomola|Alomomola, M|100\/100\n|\n|-heal|p2a: Talonflame|79\/100|[from] item: Leftovers\n|upkeep\n|turn|27\n|inactive|Arpitraj1 has 90 seconds left.\n|\n|t:|1699260419\n|move|p2a: Talonflame|Taunt|p1a: Alomomola\n|-start|p1a: Alomomola|move: Taunt\n|move|p1a: Alomomola|Scald|p2a: Talonflame\n|-supereffective|p2a: Talonflame\n|-damage|p2a: Talonflame|47\/100\n|\n|-heal|p2a: Talonflame|53\/100|[from] item: Leftovers\n|upkeep\n|turn|28\n|\n|t:|1699260425\n|move|p2a: Talonflame|Roost|p2a: Talonflame\n|-heal|p2a: Talonflame|100\/100\n|-singleturn|p2a: Talonflame|move: Roost\n|move|p1a: Alomomola|Flip Turn|p2a: Talonflame\n|-supereffective|p2a: Talonflame\n|-damage|p2a: Talonflame|62\/100\n|inactive|Arpitraj1 has 90 seconds left.\n|\n|t:|1699260449\n|switch|p1a: Clodsire|Clodsire, F|94\/100|[from] Flip Turn\n|\n|-heal|p2a: Talonflame|68\/100|[from] item: Leftovers\n|-heal|p1a: Clodsire|99\/100|[from] item: Leftovers\n|upkeep\n|turn|29\n|\n|t:|1699260453\n|move|p2a: Talonflame|Taunt|p1a: Clodsire\n|-start|p1a: Clodsire|move: Taunt\n|cant|p1a: Clodsire|move: Taunt|Toxic\n|\n|-heal|p2a: Talonflame|74\/100|[from] item: Leftovers\n|-heal|p1a: Clodsire|100\/100|[from] item: Leftovers\n|upkeep\n|turn|30\n|inactive|Arpitraj1 has 90 seconds left.\n|\n|t:|1699260470\n|switch|p1a: Alomomola|Alomomola, M|100\/100\n|move|p2a: Talonflame|Roost|p2a: Talonflame\n|-heal|p2a: Talonflame|100\/100\n|-singleturn|p2a: Talonflame|move: Roost\n|\n|upkeep\n|turn|31\n|\n|t:|1699260477\n|move|p2a: Talonflame|U-turn|p1a: Alomomola\n|-damage|p1a: Alomomola|93\/100\n|\n|t:|1699260479\n|switch|p2a: Garchomp|Garchomp, M, shiny|100\/100|[from] U-turn\n|move|p1a: Alomomola|Wish|p1a: Alomomola\n|\n|upkeep\n|turn|32\n|\n|t:|1699260499\n|move|p2a: Garchomp|Iron Head|p1a: Alomomola\n|-resisted|p1a: Alomomola\n|-damage|p1a: Alomomola|85\/100\n|move|p1a: Alomomola|Flip Turn|p2a: Garchomp\n|-damage|p2a: Garchomp|86\/100\n|-damage|p1a: Alomomola|73\/100|[from] ability: Rough Skin|[of] p2a: Garchomp\n|inactive|Arpitraj1 has 90 seconds left.\n|\n|t:|1699260510\n|switch|p1a: Ting-Lu|Ting-Lu|27\/100|[from] Flip Turn\n|-ability|p1a: Ting-Lu|Vessel of Ruin\n|\n|-heal|p1a: Ting-Lu|79\/100|[from] move: Wish|[wisher] Alomomola\n|-heal|p1a: Ting-Lu|85\/100|[from] item: Leftovers\n|upkeep\n|turn|33\n|\n|t:|1699260515\n|move|p2a: Garchomp|Iron Head|p1a: Ting-Lu\n|-damage|p1a: Ting-Lu|69\/100\n|move|p1a: Ting-Lu|Ruination|p2a: Garchomp\n|-damage|p2a: Garchomp|43\/100\n|\n|-heal|p1a: Ting-Lu|75\/100|[from] item: Leftovers\n|upkeep\n|turn|34\n|\n|t:|1699260521\n|switch|p2a: Ogerpon|Ogerpon-Hearthflame, F|100\/100\n|-ability|p2a: Ogerpon|Mold Breaker\n|move|p1a: Ting-Lu|Spikes|p2a: Ogerpon\n|-sidestart|p2: Just Kamiru|Spikes\n|\n|-heal|p1a: Ting-Lu|81\/100|[from] item: Leftovers\n|upkeep\n|turn|35\n|\n|t:|1699260543\n|switch|p1a: Skeledirge|Skeledirge, F|100\/100\n|move|p2a: Ogerpon|Horn Leech|p1a: Skeledirge\n|-resisted|p1a: Skeledirge\n|-damage|p1a: Skeledirge|88\/100\n|\n|upkeep\n|turn|36\n|\n|t:|1699260550\n|move|p2a: Ogerpon|Knock Off|p1a: Skeledirge\n|-supereffective|p1a: Skeledirge\n|-damage|p1a: Skeledirge|40\/100\n|-enditem|p1a: Skeledirge|Heavy-Duty Boots|[from] move: Knock Off|[of] p2a: Ogerpon\n|move|p1a: Skeledirge|Torch Song|p2a: Ogerpon\n|-damage|p2a: Ogerpon|65\/100\n|-boost|p1a: Skeledirge|spa|1\n|\n|upkeep\n|turn|37\n|\n|t:|1699260564\n|switch|p1a: Blissey|Blissey, F|89\/100\n|move|p2a: Ogerpon|Knock Off|p1a: Blissey\n|-damage|p1a: Blissey|54\/100\n|-enditem|p1a: Blissey|Heavy-Duty Boots|[from] move: Knock Off|[of] p2a: Ogerpon\n|\n|upkeep\n|turn|38\n|\n|t:|1699260573\n|move|p2a: Ogerpon|Horn Leech|p1a: Blissey\n|-damage|p1a: Blissey|15\/100\n|-heal|p2a: Ogerpon|100\/100|[from] drain|[of] p1a: Blissey\n|move|p1a: Blissey|Soft-Boiled|p1a: Blissey\n|-heal|p1a: Blissey|65\/100\n|\n|upkeep\n|turn|39\n|\n|t:|1699260580\n|-terastallize|p2a: Ogerpon|Fire\n|detailschange|p2a: Ogerpon|Ogerpon-Hearthflame-Tera, F, tera:Fire\n|-ability|p2a: Ogerpon|Embody Aspect (Hearthflame)|boost\n|-boost|p2a: Ogerpon|atk|1\n|move|p2a: Ogerpon|Ivy Cudgel|p1a: Blissey\n|-damage|p1a: Blissey|0 fnt\n|faint|p1a: Blissey\n|\n|upkeep\n|\n|t:|1699260587\n|switch|p1a: Ting-Lu|Ting-Lu|81\/100\n|-ability|p1a: Ting-Lu|Vessel of Ruin\n|turn|40\n|\n|t:|1699260594\n|move|p2a: Ogerpon|Horn Leech|p1a: Ting-Lu\n|-supereffective|p1a: Ting-Lu\n|-damage|p1a: Ting-Lu|10\/100\n|move|p1a: Ting-Lu|Whirlwind|p2a: Ogerpon\n|drag|p2a: Annihilape|Annihilape, M, shiny|94\/100 brn\n|-damage|p2a: Annihilape|82\/100 brn|[from] Spikes\n|\n|-heal|p2a: Annihilape|88\/100 brn|[from] item: Leftovers\n|-heal|p1a: Ting-Lu|16\/100|[from] item: Leftovers\n|-damage|p2a: Annihilape|82\/100 brn|[from] brn\n|upkeep\n|turn|41\n|inactive|Arpitraj1 has 120 seconds left.\n|\n|t:|1699260617\n|switch|p1a: Alomomola|Alomomola, M|100\/100\n|move|p2a: Annihilape|Drain Punch|p1a: Alomomola\n|-damage|p1a: Alomomola|90\/100\n|-heal|p2a: Annihilape|88\/100 brn|[from] drain|[of] p1a: Alomomola\n|\n|-heal|p2a: Annihilape|94\/100 brn|[from] item: Leftovers\n|-damage|p2a: Annihilape|88\/100 brn|[from] brn\n|upkeep\n|turn|42\n|inactive|Arpitraj1 has 120 seconds left.\n|\n|t:|1699260632\n|move|p2a: Annihilape|Bulk Up|p2a: Annihilape\n|-boost|p2a: Annihilape|atk|1\n|-boost|p2a: Annihilape|def|1\n|move|p1a: Alomomola|Wish|p1a: Alomomola\n|\n|-heal|p2a: Annihilape|94\/100 brn|[from] item: Leftovers\n|-damage|p2a: Annihilape|88\/100 brn|[from] brn\n|upkeep\n|turn|43\n|c|\u2606Just Kamiru|i sure love big stall propaganda\n|\n|t:|1699260641\n|move|p2a: Annihilape|Bulk Up|p2a: Annihilape\n|-boost|p2a: Annihilape|atk|1\n|-boost|p2a: Annihilape|def|1\n|move|p1a: Alomomola|Flip Turn|p2a: Annihilape\n|-damage|p2a: Annihilape|81\/100 brn\n|\n|t:|1699260654\n|switch|p1a: Ting-Lu|Ting-Lu|16\/100|[from] Flip Turn\n|-ability|p1a: Ting-Lu|Vessel of Ruin\n|\n|-heal|p1a: Ting-Lu|68\/100|[from] move: Wish|[wisher] Alomomola\n|-heal|p2a: Annihilape|87\/100 brn|[from] item: Leftovers\n|-heal|p1a: Ting-Lu|74\/100|[from] item: Leftovers\n|-damage|p2a: Annihilape|81\/100 brn|[from] brn\n|upkeep\n|turn|44\n|inactive|Arpitraj1 has 120 seconds left.\n|\n|t:|1699260676\n|move|p2a: Annihilape|Drain Punch|p1a: Ting-Lu\n|-supereffective|p1a: Ting-Lu\n|-damage|p1a: Ting-Lu|34\/100\n|-heal|p2a: Annihilape|100\/100 brn|[from] drain|[of] p1a: Ting-Lu\n|move|p1a: Ting-Lu|Whirlwind|p2a: Annihilape\n|drag|p2a: Koraidon|Koraidon|100\/100\n|-damage|p2a: Koraidon|88\/100|[from] Spikes\n|-weather|SunnyDay|[from] ability: Orichalcum Pulse|[of] p2a: Koraidon\n|-activate|p2a: Koraidon|Orichalcum Pulse|[source]\n|\n|-weather|SunnyDay|[upkeep]\n|-heal|p1a: Ting-Lu|40\/100|[from] item: Leftovers\n|upkeep\n|turn|45\n|inactive|Arpitraj1 has 120 seconds left.\n|\n|t:|1699260690\n|switch|p1a: Alomomola|Alomomola, M|100\/100\n|move|p2a: Koraidon|Drain Punch|p1a: Alomomola\n|-damage|p1a: Alomomola|62\/100\n|-heal|p2a: Koraidon|100\/100|[from] drain|[of] p1a: Alomomola\n|-damage|p2a: Koraidon|91\/100|[from] item: Life Orb\n|\n|-weather|SunnyDay|[upkeep]\n|upkeep\n|turn|46\n|inactive|Arpitraj1 has 120 seconds left.\n|c|\u2606Just Kamiru|1 layer of spikes damage\n|\n|t:|1699260701\n|move|p1a: Alomomola|Protect|p1a: Alomomola\n|-singleturn|p1a: Alomomola|Protect\n|move|p2a: Koraidon|Close Combat|p1a: Alomomola\n|-activate|p1a: Alomomola|move: Protect\n|\n|-weather|SunnyDay|[upkeep]\n|upkeep\n|turn|47\n|inactive|Arpitraj1 has 120 seconds left.\n|\n|t:|1699260717\n|switch|p1a: Skeledirge|Skeledirge, F|40\/100\n|move|p2a: Koraidon|Close Combat|p1a: Skeledirge\n|-immune|p1a: Skeledirge\n|\n|-weather|SunnyDay|[upkeep]\n|upkeep\n|turn|48\n|inactive|Arpitraj1 has 120 seconds left.\n|\n|t:|1699260723\n|-terastallize|p1a: Skeledirge|Fairy\n|move|p2a: Koraidon|Dragon Claw|p1a: Skeledirge\n|-immune|p1a: Skeledirge\n|move|p1a: Skeledirge|Slack Off|p1a: Skeledirge\n|-heal|p1a: Skeledirge|91\/100\n|\n|-weather|none\n|upkeep\n|turn|49\n|\n|t:|1699260729\n|move|p2a: Koraidon|U-turn|p1a: Skeledirge\n|-resisted|p1a: Skeledirge\n|-damage|p1a: Skeledirge|80\/100\n|-damage|p2a: Koraidon|81\/100|[from] item: Life Orb\n|\n|t:|1699260731\n|switch|p2a: Talonflame|Talonflame, M, shiny|100\/100|[from] U-turn\n|move|p1a: Skeledirge|Will-O-Wisp|p2a: Talonflame|[miss]\n|-miss|p1a: Skeledirge|p2a: Talonflame\n|\n|upkeep\n|turn|50\n|\n|t:|1699260741\n|switch|p1a: Alomomola|Alomomola, M|96\/100\n|move|p2a: Talonflame|Defog|p1a: Alomomola\n|-unboost|p1a: Alomomola|evasion|1\n|-sideend|p2: Just Kamiru|Spikes|[from] move: Defog|[of] p2a: Talonflame\n|\n|upkeep\n|turn|51\n|\n|t:|1699260748\n|move|p2a: Talonflame|U-turn|p1a: Alomomola\n|-damage|p1a: Alomomola|89\/100\n|\n|t:|1699260751\n|switch|p2a: Ogerpon|Ogerpon-Hearthflame-Tera, F, tera:Fire|100\/100|[from] U-turn\n|-ability|p2a: Ogerpon|Embody Aspect (Hearthflame)|boost\n|-boost|p2a: Ogerpon|atk|1\n|move|p1a: Alomomola|Wish|p1a: Alomomola\n|\n|upkeep\n|turn|52\n|inactive|Arpitraj1 has 120 seconds left.\n|\n|t:|1699260796\n|switch|p1a: Corviknight|Corviknight, M|41\/100\n|-ability|p1a: Corviknight|Pressure\n|move|p2a: Ogerpon|Horn Leech|p1a: Corviknight\n|-resisted|p1a: Corviknight\n|-damage|p1a: Corviknight|27\/100\n|-damage|p2a: Ogerpon|84\/100|[from] item: Rocky Helmet|[of] p1a: Corviknight\n|\n|-heal|p1a: Corviknight|94\/100|[from] move: Wish|[wisher] Alomomola\n|upkeep\n|turn|53\n|\n|t:|1699260804\n|move|p2a: Ogerpon|Ivy Cudgel|p1a: Corviknight\n|-supereffective|p1a: Corviknight\n|-damage|p1a: Corviknight|0 fnt\n|faint|p1a: Corviknight\n|\n|upkeep\n|\n|t:|1699260814\n|switch|p1a: Alomomola|Alomomola, M|100\/100\n|turn|54\n|\n|t:|1699260820\n|move|p1a: Alomomola|Protect|p1a: Alomomola\n|-singleturn|p1a: Alomomola|Protect\n|move|p2a: Ogerpon|Horn Leech|p1a: Alomomola\n|-activate|p1a: Alomomola|move: Protect\n|\n|upkeep\n|turn|55\n|inactive|Arpitraj1 has 120 seconds left.\n|c|\u2606Arpitraj1|Gg u win\n|\n|t:|1699260841\n|switch|p1a: Skeledirge|Skeledirge, F, tera:Fairy|80\/100\n|move|p2a: Ogerpon|Horn Leech|p1a: Skeledirge\n|-damage|p1a: Skeledirge|53\/100\n|-heal|p2a: Ogerpon|100\/100|[from] drain|[of] p1a: Skeledirge\n|\n|upkeep\n|turn|56\n|\n|t:|1699260852\n|move|p2a: Ogerpon|Ivy Cudgel|p1a: Skeledirge\n|-damage|p1a: Skeledirge|8\/100\n|move|p1a: Skeledirge|Earth Power|p2a: Ogerpon\n|-supereffective|p2a: Ogerpon\n|-damage|p2a: Ogerpon|52\/100\n|\n|upkeep\n|turn|57\n|\n|t:|1699260857\n|switch|p1a: Alomomola|Alomomola, M|100\/100\n|move|p2a: Ogerpon|Ivy Cudgel|p1a: Alomomola\n|-resisted|p1a: Alomomola\n|-damage|p1a: Alomomola|66\/100\n|\n|upkeep\n|turn|58\n|inactive|Arpitraj1 has 120 seconds left.\n|\n|t:|1699260863\n|move|p1a: Alomomola|Protect|p1a: Alomomola\n|-singleturn|p1a: Alomomola|Protect\n|move|p2a: Ogerpon|Horn Leech|p1a: Alomomola\n|-activate|p1a: Alomomola|move: Protect\n|\n|upkeep\n|turn|59\n|\n|t:|1699260870\n|switch|p1a: Clodsire|Clodsire, F|100\/100\n|move|p2a: Ogerpon|Ivy Cudgel|p1a: Clodsire\n|-crit|p1a: Clodsire\n|-damage|p1a: Clodsire|0 fnt\n|faint|p1a: Clodsire\n|\n|upkeep\n|\n|t:|1699260873\n|switch|p1a: Ting-Lu|Ting-Lu|40\/100\n|-ability|p1a: Ting-Lu|Vessel of Ruin\n|turn|60\n|\n|t:|1699260876\n|move|p2a: Ogerpon|Horn Leech|p1a: Ting-Lu\n|-supereffective|p1a: Ting-Lu\n|-damage|p1a: Ting-Lu|0 fnt\n|-heal|p2a: Ogerpon|86\/100|[from] drain|[of] p1a: Ting-Lu\n|faint|p1a: Ting-Lu\n|\n|upkeep\n|\n|t:|1699260879\n|switch|p1a: Alomomola|Alomomola, M|99\/100\n|turn|61\n|\n|t:|1699260882\n|move|p1a: Alomomola|Protect|p1a: Alomomola\n|-singleturn|p1a: Alomomola|Protect\n|move|p2a: Ogerpon|Knock Off|p1a: Alomomola\n|-activate|p1a: Alomomola|move: Protect\n|\n|upkeep\n|turn|62\n|\n|t:|1699260889\n|move|p2a: Ogerpon|Horn Leech|p1a: Alomomola\n|-supereffective|p1a: Alomomola\n|-damage|p1a: Alomomola|26\/100\n|-heal|p2a: Ogerpon|100\/100|[from] drain|[of] p1a: Alomomola\n|move|p1a: Alomomola|Scald|p2a: Ogerpon\n|-supereffective|p2a: Ogerpon\n|-damage|p2a: Ogerpon|67\/100\n|\n|upkeep\n|turn|63\n|\n|t:|1699260893\n|move|p1a: Alomomola|Protect|p1a: Alomomola\n|-singleturn|p1a: Alomomola|Protect\n|move|p2a: Ogerpon|Horn Leech|p1a: Alomomola\n|-activate|p1a: Alomomola|move: Protect\n|\n|upkeep\n|turn|64\n|\n|t:|1699260897\n|switch|p1a: Skeledirge|Skeledirge, F, tera:Fairy|8\/100\n|move|p2a: Ogerpon|Horn Leech|p1a: Skeledirge\n|-damage|p1a: Skeledirge|0 fnt\n|-heal|p2a: Ogerpon|72\/100|[from] drain|[of] p1a: Skeledirge\n|faint|p1a: Skeledirge\n|\n|upkeep\n|\n|t:|1699260898\n|switch|p1a: Alomomola|Alomomola, M|59\/100\n|turn|65\n|\n|t:|1699260902\n|move|p1a: Alomomola|Protect|p1a: Alomomola\n|-singleturn|p1a: Alomomola|Protect\n|move|p2a: Ogerpon|Horn Leech|p1a: Alomomola\n|-activate|p1a: Alomomola|move: Protect\n|\n|upkeep\n|turn|66\n|\n|t:|1699260906\n|move|p2a: Ogerpon|Horn Leech|p1a: Alomomola\n|-supereffective|p1a: Alomomola\n|-damage|p1a: Alomomola|0 fnt\n|-heal|p2a: Ogerpon|100\/100|[from] drain|[of] p1a: Alomomola\n|faint|p1a: Alomomola\n|\n|win|Just Kamiru\n|raw|Arpitraj1's rating: 1139 &rarr; <strong>1121<\/strong><br \/>(-18 for losing)\n|raw|Just Kamiru's rating: 1246 &rarr; <strong>1264<\/strong><br \/>(+18 for winning)\n","uploadtime":1699260908,"views":5,"p1id":"arpitraj1","p2id":"justkamiru","formatid":"gen9ubers","rating":1121,"private":0,"password":""}