{"id":"gen9ubers-1988360970","p1":"BlisseyHasSpecsKEK","p2":"Jyho Blackbird","format":"[Gen 9] Ubers","log":"|j|\u2606BlisseyHasSpecsKEK\n|j|\u2606Jyho Blackbird\n|t:|1699713887\n|gametype|singles\n|player|p1|BlisseyHasSpecsKEK|266|\n|player|p2|Jyho Blackbird|hilbert-wonderlauncher|\n|teamsize|p1|6\n|teamsize|p2|6\n|gen|9\n|tier|[Gen 9] Ubers\n|rule|Sleep Clause Mod: Limit one foe put to sleep\n|rule|Species Clause: Limit one of each Pok\u00e9mon\n|rule|OHKO Clause: OHKO moves are banned\n|rule|Evasion Items Clause: Evasion items are banned\n|rule|Evasion Moves Clause: Evasion moves are banned\n|rule|Endless Battle Clause: Forcing endless battles is banned\n|rule|HP Percentage Mod: HP is shown in percentages\n|clearpoke\n|poke|p1|Magnezone|\n|poke|p1|Magearna|\n|poke|p1|Volcarona, M|\n|poke|p1|Palafin, M|\n|poke|p1|Zacian-*|\n|poke|p1|Scream Tail|\n|poke|p2|Volcarona, M|\n|poke|p2|Quagsire, M|\n|poke|p2|Iron Valiant|\n|poke|p2|Dialga|\n|poke|p2|Shaymin-Sky|\n|poke|p2|Cyclizar, M|\n|teampreview\n|inactive|Battle timer is ON: inactive players will automatically lose when time's up. (requested by BlisseyHasSpecsKEK)\n|\n|t:|1699713908\n|start\n|switch|p1a: TailAsOldAsTime|Scream Tail|100\/100\n|switch|p2a: Cyclizar|Cyclizar, M|100\/100\n|turn|1\n|\n|t:|1699713920\n|move|p2a: Cyclizar|Shed Tail|p2a: Cyclizar\n|-start|p2a: Cyclizar|Substitute|[from] move: Shed Tail\n|-damage|p2a: Cyclizar|50\/100\n|\n|t:|1699713924\n|switch|p2a: Volcarona|Volcarona, M|100\/100|[from] Shed Tail\n|move|p1a: TailAsOldAsTime|Thunder Wave||[still]\n|-fail|p1a: TailAsOldAsTime\n|\n|upkeep\n|turn|2\n|\n|t:|1699713932\n|-end|p1a: TailAsOldAsTime|Protosynthesis|[silent]\n|switch|p1a: Villainy|Palafin, M, shiny|100\/100\n|move|p2a: Volcarona|Quiver Dance|p2a: Volcarona\n|-boost|p2a: Volcarona|spa|1\n|-boost|p2a: Volcarona|spd|1\n|-boost|p2a: Volcarona|spe|1\n|\n|upkeep\n|turn|3\n|\n|t:|1699713940\n|move|p1a: Villainy|Jet Punch|p2a: Volcarona\n|-supereffective|p2a: Volcarona\n|-end|p2a: Volcarona|Substitute\n|move|p2a: Volcarona|Quiver Dance|p2a: Volcarona\n|-boost|p2a: Volcarona|spa|1\n|-boost|p2a: Volcarona|spd|1\n|-boost|p2a: Volcarona|spe|1\n|\n|upkeep\n|turn|4\n|\n|t:|1699713949\n|switch|p2a: Dialga|Dialga|100\/100\n|-ability|p2a: Dialga|Pressure\n|-terastallize|p1a: Villainy|Water\n|move|p1a: Villainy|Jet Punch|p2a: Dialga\n|-resisted|p2a: Dialga\n|-damage|p2a: Dialga|90\/100\n|\n|upkeep\n|turn|5\n|\n|t:|1699713957\n|detailschange|p1a: Villainy|Palafin-Hero, M, shiny, tera:Water\n|switch|p1a: Enemy|Magnezone, shiny|100\/100\n|move|p2a: Dialga|Thunderbolt|p1a: Enemy\n|-resisted|p1a: Enemy\n|-damage|p1a: Enemy|80\/100\n|\n|-heal|p1a: Enemy|86\/100|[from] item: Leftovers\n|upkeep\n|turn|6\n|\n|t:|1699713981\n|move|p1a: Enemy|Light Screen|p1a: Enemy\n|-sidestart|p1: BlisseyHasSpecsKEK|move: Light Screen\n|move|p2a: Dialga|Dragon Tail|p1a: Enemy\n|-resisted|p1a: Enemy\n|-damage|p1a: Enemy|78\/100\n|drag|p1a: TailAsOldAsTime|Scream Tail|100\/100\n|\n|upkeep\n|turn|7\n|\n|t:|1699713995\n|switch|p2a: Quagsire|Quagsire, M|100\/100\n|move|p1a: TailAsOldAsTime|Thunder Wave|p2a: Quagsire\n|-immune|p2a: Quagsire\n|\n|upkeep\n|turn|8\n|\n|t:|1699714001\n|-end|p1a: TailAsOldAsTime|Protosynthesis|[silent]\n|switch|p1a: Persecution|Volcarona, M, shiny|100\/100\n|move|p2a: Quagsire|Toxic Spikes|p1a: Persecution\n|-sidestart|p1: BlisseyHasSpecsKEK|move: Toxic Spikes\n|\n|upkeep\n|turn|9\n|\n|t:|1699714011\n|move|p1a: Persecution|Quiver Dance|p1a: Persecution\n|-boost|p1a: Persecution|spa|1\n|-boost|p1a: Persecution|spd|1\n|-boost|p1a: Persecution|spe|1\n|move|p2a: Quagsire|Toxic Spikes|p1a: Persecution\n|-sidestart|p1: BlisseyHasSpecsKEK|move: Toxic Spikes\n|\n|upkeep\n|turn|10\n|\n|t:|1699714019\n|move|p1a: Persecution|Giga Drain|p2a: Quagsire\n|-supereffective|p2a: Quagsire\n|-damage|p2a: Quagsire|0 fnt\n|faint|p2a: Quagsire\n|\n|-sideend|p1: BlisseyHasSpecsKEK|move: Light Screen\n|upkeep\n|\n|t:|1699714027\n|switch|p2a: Shaymin|Shaymin-Sky|100\/100\n|turn|11\n|\n|t:|1699714031\n|move|p2a: Shaymin|Air Slash|p1a: Persecution\n|-supereffective|p1a: Persecution\n|-damage|p1a: Persecution|46\/100\n|move|p1a: Persecution|Fiery Dance|p2a: Shaymin\n|-supereffective|p2a: Shaymin\n|-damage|p2a: Shaymin|0 fnt\n|faint|p2a: Shaymin\n|\n|upkeep\n|inactive|Jyho Blackbird has 270 seconds left.\n|\n|t:|1699714063\n|switch|p2a: Volcarona|Volcarona, M|100\/100\n|turn|12\n|inactive|Jyho Blackbird has 270 seconds left.\n|\n|t:|1699714079\n|-terastallize|p2a: Volcarona|Fire\n|move|p1a: Persecution|Fiery Dance|p2a: Volcarona\n|-resisted|p2a: Volcarona\n|-crit|p2a: Volcarona\n|-damage|p2a: Volcarona|46\/100\n|move|p2a: Volcarona|Fiery Dance|p1a: Persecution\n|-damage|p1a: Persecution|0 fnt\n|faint|p1a: Persecution\n|\n|upkeep\n|\n|t:|1699714096\n|switch|p1a: Villainy|Palafin-Hero, M, shiny, tera:Water|100\/100\n|-status|p1a: Villainy|tox\n|-activate|p1a: Villainy|ability: Zero to Hero\n|turn|13\n|\n|t:|1699714103\n|switch|p2a: Dialga|Dialga|90\/100\n|-ability|p2a: Dialga|Pressure\n|move|p1a: Villainy|Drain Punch|p2a: Dialga\n|-supereffective|p2a: Dialga\n|-damage|p2a: Dialga|48\/100\n|\n|-damage|p1a: Villainy|94\/100 tox|[from] psn\n|upkeep\n|turn|14\n|\n|t:|1699714117\n|switch|p1a: Enemy|Magnezone, shiny|78\/100\n|move|p2a: Dialga|Thunderbolt|p1a: Enemy\n|-resisted|p1a: Enemy\n|-damage|p1a: Enemy|58\/100\n|\n|-heal|p1a: Enemy|64\/100|[from] item: Leftovers\n|upkeep\n|turn|15\n|\n|t:|1699714127\n|move|p1a: Enemy|Substitute|p1a: Enemy\n|-start|p1a: Enemy|Substitute\n|-damage|p1a: Enemy|39\/100\n|move|p2a: Dialga|Dragon Tail|p1a: Enemy|[miss]\n|-miss|p2a: Dialga|p1a: Enemy\n|\n|-heal|p1a: Enemy|45\/100|[from] item: Leftovers\n|upkeep\n|turn|16\n|\n|t:|1699714135\n|move|p1a: Enemy|Charge Beam|p2a: Dialga\n|-resisted|p2a: Dialga\n|-damage|p2a: Dialga|42\/100\n|-boost|p1a: Enemy|spa|1\n|move|p2a: Dialga|Dragon Tail|p1a: Enemy\n|-resisted|p1a: Enemy\n|-activate|p1a: Enemy|move: Substitute|[damage]\n|\n|-heal|p1a: Enemy|52\/100|[from] item: Leftovers\n|upkeep\n|turn|17\n|\n|t:|1699714144\n|move|p2a: Dialga|Flash Cannon|p1a: Enemy\n|-resisted|p1a: Enemy\n|-activate|p1a: Enemy|move: Substitute|[damage]\n|move|p1a: Enemy|Charge Beam|p2a: Dialga\n|-resisted|p2a: Dialga\n|-damage|p2a: Dialga|33\/100\n|\n|-heal|p1a: Enemy|58\/100|[from] item: Leftovers\n|upkeep\n|turn|18\n|\n|t:|1699714152\n|move|p2a: Dialga|Flash Cannon|p1a: Enemy\n|-resisted|p1a: Enemy\n|-end|p1a: Enemy|Substitute\n|move|p1a: Enemy|Charge Beam|p2a: Dialga|[miss]\n|-miss|p1a: Enemy|p2a: Dialga\n|\n|-heal|p1a: Enemy|64\/100|[from] item: Leftovers\n|upkeep\n|turn|19\n|c|\u2606BlisseyHasSpecsKEK|This set is vile I\u2019m sorry\n|\n|t:|1699714161\n|move|p2a: Dialga|Draco Meteor|p1a: Enemy|[miss]\n|-miss|p2a: Dialga|p1a: Enemy\n|move|p1a: Enemy|Substitute|p1a: Enemy\n|-start|p1a: Enemy|Substitute\n|-damage|p1a: Enemy|39\/100\n|\n|-heal|p1a: Enemy|45\/100|[from] item: Leftovers\n|upkeep\n|turn|20\n|\n|t:|1699714171\n|move|p2a: Dialga|Flash Cannon|p1a: Enemy\n|-resisted|p1a: Enemy\n|-activate|p1a: Enemy|move: Substitute|[damage]\n|move|p1a: Enemy|Light Screen|p1a: Enemy\n|-sidestart|p1: BlisseyHasSpecsKEK|move: Light Screen\n|\n|-heal|p1a: Enemy|51\/100|[from] item: Leftovers\n|upkeep\n|turn|21\n|\n|t:|1699714180\n|move|p1a: Enemy|Charge Beam|p2a: Dialga\n|-resisted|p2a: Dialga\n|-damage|p2a: Dialga|23\/100\n|-boost|p1a: Enemy|spa|1\n|move|p2a: Dialga|Dragon Tail|p1a: Enemy\n|-resisted|p1a: Enemy\n|-activate|p1a: Enemy|move: Substitute|[damage]\n|\n|-heal|p1a: Enemy|57\/100|[from] item: Leftovers\n|upkeep\n|turn|22\n|\n|t:|1699714193\n|move|p1a: Enemy|Charge Beam|p2a: Dialga\n|-resisted|p2a: Dialga\n|-damage|p2a: Dialga|11\/100\n|move|p2a: Dialga|Dragon Tail|p1a: Enemy\n|-resisted|p1a: Enemy\n|-end|p1a: Enemy|Substitute\n|\n|-heal|p1a: Enemy|63\/100|[from] item: Leftovers\n|upkeep\n|turn|23\n|\n|t:|1699714200\n|move|p2a: Dialga|Draco Meteor|p1a: Enemy\n|-resisted|p1a: Enemy\n|-damage|p1a: Enemy|39\/100\n|-unboost|p2a: Dialga|spa|2\n|move|p1a: Enemy|Substitute|p1a: Enemy\n|-start|p1a: Enemy|Substitute\n|-damage|p1a: Enemy|14\/100\n|\n|-heal|p1a: Enemy|21\/100|[from] item: Leftovers\n|upkeep\n|turn|24\n|\n|t:|1699714211\n|move|p2a: Dialga|Flash Cannon|p1a: Enemy\n|-resisted|p1a: Enemy\n|-activate|p1a: Enemy|move: Substitute|[damage]\n|move|p1a: Enemy|Charge Beam|p2a: Dialga\n|-resisted|p2a: Dialga\n|-damage|p2a: Dialga|0 fnt\n|-boost|p1a: Enemy|spa|1\n|faint|p2a: Dialga\n|\n|-heal|p1a: Enemy|27\/100|[from] item: Leftovers\n|-sideend|p1: BlisseyHasSpecsKEK|move: Light Screen\n|upkeep\n|\n|t:|1699714220\n|switch|p2a: Volcarona|Volcarona, M, tera:Fire|46\/100\n|turn|25\n|\n|t:|1699714227\n|move|p2a: Volcarona|Morning Sun|p2a: Volcarona\n|-heal|p2a: Volcarona|96\/100\n|move|p1a: Enemy|Charge Beam|p2a: Volcarona\n|-damage|p2a: Volcarona|35\/100\n|\n|-heal|p1a: Enemy|33\/100|[from] item: Leftovers\n|upkeep\n|turn|26\n|\n|t:|1699714248\n|move|p2a: Volcarona|Quiver Dance|p2a: Volcarona\n|-boost|p2a: Volcarona|spa|1\n|-boost|p2a: Volcarona|spd|1\n|-boost|p2a: Volcarona|spe|1\n|move|p1a: Enemy|Charge Beam|p2a: Volcarona|[miss]\n|-miss|p1a: Enemy|p2a: Volcarona\n|\n|-heal|p1a: Enemy|39\/100|[from] item: Leftovers\n|upkeep\n|turn|27\n|\n|t:|1699714256\n|move|p2a: Volcarona|Morning Sun|p2a: Volcarona\n|-heal|p2a: Volcarona|85\/100\n|move|p1a: Enemy|Charge Beam|p2a: Volcarona\n|-damage|p2a: Volcarona|47\/100\n|\n|-heal|p1a: Enemy|45\/100|[from] item: Leftovers\n|upkeep\n|turn|28\n|\n|t:|1699714264\n|move|p2a: Volcarona|Quiver Dance|p2a: Volcarona\n|-boost|p2a: Volcarona|spa|1\n|-boost|p2a: Volcarona|spd|1\n|-boost|p2a: Volcarona|spe|1\n|move|p1a: Enemy|Charge Beam|p2a: Volcarona\n|-damage|p2a: Volcarona|19\/100\n|\n|-heal|p1a: Enemy|51\/100|[from] item: Leftovers\n|upkeep\n|turn|29\n|\n|t:|1699714272\n|move|p2a: Volcarona|Morning Sun|p2a: Volcarona\n|-heal|p2a: Volcarona|68\/100\n|move|p1a: Enemy|Flash Cannon|p2a: Volcarona\n|-resisted|p2a: Volcarona\n|-damage|p2a: Volcarona|45\/100\n|\n|-heal|p1a: Enemy|57\/100|[from] item: Leftovers\n|upkeep\n|turn|30\n|\n|t:|1699714282\n|move|p2a: Volcarona|Morning Sun|p2a: Volcarona\n|-heal|p2a: Volcarona|95\/100\n|move|p1a: Enemy|Flash Cannon|p2a: Volcarona\n|-resisted|p2a: Volcarona\n|-damage|p2a: Volcarona|72\/100\n|\n|-heal|p1a: Enemy|63\/100|[from] item: Leftovers\n|upkeep\n|turn|31\n|\n|t:|1699714289\n|move|p2a: Volcarona|Quiver Dance|p2a: Volcarona\n|-boost|p2a: Volcarona|spa|1\n|-boost|p2a: Volcarona|spd|1\n|-boost|p2a: Volcarona|spe|1\n|move|p1a: Enemy|Flash Cannon|p2a: Volcarona\n|-resisted|p2a: Volcarona\n|-damage|p2a: Volcarona|53\/100\n|\n|-heal|p1a: Enemy|70\/100|[from] item: Leftovers\n|upkeep\n|turn|32\n|\n|t:|1699714314\n|switch|p1a: Villainy|Palafin-Hero, M, shiny, tera:Water|94\/100 tox\n|move|p2a: Volcarona|Fiery Dance|p1a: Villainy\n|-resisted|p1a: Villainy\n|-damage|p1a: Villainy|13\/100 tox\n|-boost|p2a: Volcarona|spa|1\n|\n|-heal|p1a: Villainy|19\/100 tox|[from] item: Leftovers\n|-damage|p1a: Villainy|13\/100 tox|[from] psn\n|upkeep\n|turn|33\n|inactive|BlisseyHasSpecsKEK has 270 seconds left.\n|\n|t:|1699714360\n|switch|p2a: Cyclizar|Cyclizar, M|84\/100\n|move|p1a: Villainy|Jet Punch|p2a: Cyclizar\n|-resisted|p2a: Cyclizar\n|-damage|p2a: Cyclizar|47\/100\n|\n|-heal|p1a: Villainy|19\/100 tox|[from] item: Leftovers\n|-damage|p1a: Villainy|7\/100 tox|[from] psn\n|upkeep\n|turn|34\n|inactive|Jyho Blackbird has 270 seconds left.\n|\n|t:|1699714377\n|switch|p1a: WankOnTheDaily|Magearna|100\/100\n|move|p2a: Cyclizar|U-turn|p1a: WankOnTheDaily\n|-resisted|p1a: WankOnTheDaily\n|-damage|p1a: WankOnTheDaily|97\/100\n|inactive|Jyho Blackbird has 270 seconds left.\n|\n|t:|1699714384\n|switch|p2a: Volcarona|Volcarona, M, tera:Fire|53\/100|[from] U-turn\n|\n|upkeep\n|turn|35\n|\n|t:|1699714391\n|move|p2a: Volcarona|Morning Sun|p2a: Volcarona\n|-heal|p2a: Volcarona|100\/100\n|move|p1a: WankOnTheDaily|Fleur Cannon|p2a: Volcarona\n|-resisted|p2a: Volcarona\n|-damage|p2a: Volcarona|46\/100\n|-unboost|p1a: WankOnTheDaily|spa|2\n|\n|upkeep\n|turn|36\n|inactive|BlisseyHasSpecsKEK has 270 seconds left.\n|\n|t:|1699714398\n|switch|p1a: Villainy|Palafin-Hero, M, shiny, tera:Water|7\/100 tox\n|move|p2a: Volcarona|Morning Sun|p2a: Volcarona\n|-heal|p2a: Volcarona|95\/100\n|\n|-heal|p1a: Villainy|13\/100 tox|[from] item: Leftovers\n|-damage|p1a: Villainy|7\/100 tox|[from] psn\n|upkeep\n|turn|37\n|\n|t:|1699714409\n|switch|p2a: Cyclizar|Cyclizar, M|80\/100\n|move|p1a: Villainy|Drain Punch|p2a: Cyclizar\n|-supereffective|p2a: Cyclizar\n|-damage|p2a: Cyclizar|0 fnt\n|-heal|p1a: Villainy|47\/100 tox|[from] drain|[of] p2a: Cyclizar\n|faint|p2a: Cyclizar\n|\n|-heal|p1a: Villainy|53\/100 tox|[from] item: Leftovers\n|-damage|p1a: Villainy|41\/100 tox|[from] psn\n|upkeep\n|\n|t:|1699714423\n|switch|p2a: Volcarona|Volcarona, M, tera:Fire|95\/100\n|turn|38\n|\n|t:|1699714429\n|move|p1a: Villainy|Jet Punch|p2a: Volcarona\n|-supereffective|p2a: Volcarona\n|-damage|p2a: Volcarona|0 fnt\n|faint|p2a: Volcarona\n|\n|-heal|p1a: Villainy|47\/100 tox|[from] item: Leftovers\n|-damage|p1a: Villainy|29\/100 tox|[from] psn\n|upkeep\n|\n|t:|1699714435\n|switch|p2a: Iron Valiant|Iron Valiant|100\/100\n|-enditem|p2a: Iron Valiant|Booster Energy\n|-activate|p2a: Iron Valiant|ability: Quark Drive|[fromitem]\n|-start|p2a: Iron Valiant|quarkdrivespe\n|turn|39\n|\n|t:|1699714446\n|move|p1a: Villainy|Jet Punch|p2a: Iron Valiant\n|-damage|p2a: Iron Valiant|38\/100\n|move|p2a: Iron Valiant|Knock Off|p1a: Villainy\n|-damage|p1a: Villainy|0 fnt\n|-enditem|p1a: Villainy|Leftovers|[from] move: Knock Off|[of] p2a: Iron Valiant\n|faint|p1a: Villainy\n|\n|upkeep\n|\n|t:|1699714448\n|switch|p1a: WankOnTheDaily|Magearna|97\/100\n|turn|40\n|\n|t:|1699714454\n|move|p2a: Iron Valiant|Close Combat|p1a: WankOnTheDaily\n|-damage|p1a: WankOnTheDaily|48\/100\n|-unboost|p2a: Iron Valiant|def|1\n|-unboost|p2a: Iron Valiant|spd|1\n|move|p1a: WankOnTheDaily|Flash Cannon|p2a: Iron Valiant\n|-supereffective|p2a: Iron Valiant\n|-damage|p2a: Iron Valiant|0 fnt\n|faint|p2a: Iron Valiant\n|-end|p2a: Iron Valiant|Quark Drive|[silent]\n|\n|win|BlisseyHasSpecsKEK\n|c|\u2606Jyho Blackbird|gg\n","uploadtime":1699714472,"views":25,"p1id":"blisseyhasspecskek","p2id":"jyhoblackbird","formatid":"gen9ubers","rating":0,"private":0,"password":""}