{"id":"gen9ubers-1977501099","p1":"Jektrooper","p2":"KhaoticIntent","format":"[Gen 9] Ubers","log":"|j|\u2606Jektrooper\n|j|\u2606KhaoticIntent\n|t:|1698422421\n|gametype|singles\n|player|p1|Jektrooper|pokemonbreederf|\n|player|p2|KhaoticIntent|roxie|\n|teamsize|p1|6\n|teamsize|p2|6\n|gen|9\n|tier|[Gen 9] Ubers\n|rule|Sleep Clause Mod: Limit one foe put to sleep\n|rule|Species Clause: Limit one of each Pok\u00e9mon\n|rule|OHKO Clause: OHKO moves are banned\n|rule|Evasion Items Clause: Evasion items are banned\n|rule|Evasion Moves Clause: Evasion moves are banned\n|rule|Endless Battle Clause: Forcing endless battles is banned\n|rule|HP Percentage Mod: HP is shown in percentages\n|clearpoke\n|poke|p1|Roaring Moon|\n|poke|p1|Sandy Shocks|\n|poke|p1|Samurott-Hisui, F|\n|poke|p1|Hatterene, F|\n|poke|p1|Brambleghast, M|\n|poke|p1|Hippowdon, M|\n|poke|p2|Glimmora, M|\n|poke|p2|Garchomp, F|\n|poke|p2|Heatran, M|\n|poke|p2|Weavile, M|\n|poke|p2|Enamorus, F|\n|poke|p2|Gholdengo|\n|teampreview\n|\n|t:|1698422431\n|start\n|switch|p1a: Samurott|Samurott-Hisui, F|100\/100\n|switch|p2a: Weezing Fetus|Glimmora, M|100\/100\n|turn|1\n|\n|t:|1698422452\n|move|p2a: Weezing Fetus|Sludge Wave|p1a: Samurott\n|-damage|p1a: Samurott|48\/100\n|-status|p1a: Samurott|psn\n|move|p1a: Samurott|Flip Turn|p2a: Weezing Fetus\n|-supereffective|p2a: Weezing Fetus\n|-damage|p2a: Weezing Fetus|33\/100\n|-activate|p2a: Weezing Fetus|ability: Toxic Debris\n|-sidestart|p1: Jektrooper|move: Toxic Spikes\n|j| siang\n|\n|t:|1698422465\n|switch|p1a: Brambleghast|Brambleghast, M|100\/100|[from] Flip Turn\n|\n|upkeep\n|turn|2\n|\n|t:|1698422471\n|move|p1a: Brambleghast|Poltergeist|p2a: Weezing Fetus\n|-activate|p2a: Weezing Fetus|move: Poltergeist|Choice Specs\n|-damage|p2a: Weezing Fetus|0 fnt\n|-activate|p2a: Weezing Fetus|ability: Toxic Debris\n|-sidestart|p1: Jektrooper|move: Toxic Spikes\n|faint|p2a: Weezing Fetus\n|\n|upkeep\n|\n|t:|1698422573\n|switch|p2a: Jektran|Heatran, M, shiny|100\/100\n|-item|p2a: Jektran|Air Balloon\n|turn|3\n|\n|t:|1698422578\n|move|p1a: Brambleghast|Rapid Spin|p2a: Jektran\n|-resisted|p2a: Jektran\n|-damage|p2a: Jektran|95\/100\n|-boost|p1a: Brambleghast|spe|1\n|-enditem|p2a: Jektran|Air Balloon\n|-sideend|p1: Jektrooper|Toxic Spikes|[from] move: Rapid Spin|[of] p1a: Brambleghast\n|move|p2a: Jektran|Will-O-Wisp|p1a: Brambleghast|[miss]\n|-miss|p2a: Jektran|p1a: Brambleghast\n|\n|upkeep\n|turn|4\n|\n|t:|1698422609\n|switch|p1a: Hatterene|Hatterene, F|100\/100\n|move|p2a: Jektran|Magma Storm|p1a: Hatterene\n|-damage|p1a: Hatterene|74\/100\n|-activate|p1a: Hatterene|move: Magma Storm|[of] p2a: Jektran\n|\n|-damage|p1a: Hatterene|62\/100|[from] move: Magma Storm|[partiallytrapped]\n|upkeep\n|turn|5\n|\n|t:|1698422710\n|move|p2a: Jektran|Magma Storm|p1a: Hatterene|[miss]\n|-miss|p2a: Jektran|p1a: Hatterene\n|move|p1a: Hatterene|Nuzzle|p2a: Jektran\n|-damage|p2a: Jektran|92\/100\n|-status|p2a: Jektran|par\n|\n|-damage|p1a: Hatterene|49\/100|[from] move: Magma Storm|[partiallytrapped]\n|upkeep\n|turn|6\n|\n|t:|1698422736\n|-terastallize|p2a: Jektran|Grass\n|move|p2a: Jektran|Tera Blast|p1a: Hatterene|[anim] Tera Blast Grass\n|-damage|p1a: Hatterene|27\/100\n|move|p1a: Hatterene|Psychic|p2a: Jektran\n|-damage|p2a: Jektran|59\/100 par\n|\n|-damage|p1a: Hatterene|15\/100|[from] move: Magma Storm|[partiallytrapped]\n|upkeep\n|turn|7\n|\n|t:|1698422762\n|cant|p2a: Jektran|par\n|move|p1a: Hatterene|Psychic|p2a: Jektran\n|-damage|p2a: Jektran|27\/100 par\n|\n|-damage|p1a: Hatterene|3\/100|[from] move: Magma Storm|[partiallytrapped]\n|upkeep\n|turn|8\n|\n|t:|1698422799\n|switch|p2a: Vegeta|Weavile, M, shiny|100\/100\n|-ability|p2a: Vegeta|Pressure\n|move|p1a: Hatterene|Psychic|p2a: Vegeta\n|-immune|p2a: Vegeta\n|\n|-end|p1a: Hatterene|Magma Storm|[partiallytrapped]\n|upkeep\n|turn|9\n|\n|t:|1698422826\n|move|p2a: Vegeta|Ice Shard|p1a: Hatterene\n|-damage|p1a: Hatterene|0 fnt\n|faint|p1a: Hatterene\n|\n|upkeep\n|\n|t:|1698422844\n|switch|p1a: Samurott|Samurott-Hisui, F|48\/100 psn\n|turn|10\n|\n|t:|1698422857\n|switch|p2a: Jektran|Heatran, M, shiny, tera:Grass|27\/100 par\n|move|p1a: Samurott|Ceaseless Edge|p2a: Jektran|[miss]\n|-miss|p1a: Samurott|p2a: Jektran\n|\n|-damage|p1a: Samurott|35\/100 psn|[from] psn\n|upkeep\n|turn|11\n|\n|t:|1698422868\n|move|p1a: Samurott|Ceaseless Edge|p2a: Jektran|[miss]\n|-miss|p1a: Samurott|p2a: Jektran\n|cant|p2a: Jektran|par\n|\n|-damage|p1a: Samurott|23\/100 psn|[from] psn\n|upkeep\n|turn|12\n|\n|t:|1698422873\n|move|p1a: Samurott|Ceaseless Edge|p2a: Jektran\n|-damage|p2a: Jektran|0 fnt\n|-sidestart|p2: KhaoticIntent|Spikes\n|faint|p2a: Jektran\n|\n|-damage|p1a: Samurott|10\/100 psn|[from] psn\n|upkeep\n|\n|t:|1698422925\n|switch|p2a: Gawr Gura|Garchomp, F|100\/100\n|-damage|p2a: Gawr Gura|88\/100|[from] Spikes\n|turn|13\n|\n|t:|1698422935\n|move|p2a: Gawr Gura|Earthquake|p1a: Samurott\n|-damage|p1a: Samurott|0 fnt\n|faint|p1a: Samurott\n|\n|upkeep\n|\n|t:|1698422942\n|switch|p1a: Hippowdon|Hippowdon, M|100\/100\n|-weather|Sandstorm|[from] ability: Sand Stream|[of] p1a: Hippowdon\n|turn|14\n|\n|t:|1698422950\n|move|p2a: Gawr Gura|Stealth Rock|p1a: Hippowdon\n|-sidestart|p1: Jektrooper|move: Stealth Rock\n|move|p1a: Hippowdon|Stealth Rock|p2a: Gawr Gura\n|-sidestart|p2: KhaoticIntent|move: Stealth Rock\n|\n|-weather|Sandstorm|[upkeep]\n|upkeep\n|turn|15\n|\n|t:|1698422957\n|switch|p1a: Brambleghast|Brambleghast, M|100\/100\n|move|p2a: Gawr Gura|Spikes|p1a: Brambleghast\n|-sidestart|p1: Jektrooper|Spikes\n|\n|-weather|Sandstorm|[upkeep]\n|-damage|p1a: Brambleghast|94\/100|[from] Sandstorm\n|upkeep\n|turn|16\n|\n|t:|1698422963\n|move|p1a: Brambleghast|Rapid Spin|p2a: Gawr Gura\n|-damage|p2a: Gawr Gura|77\/100\n|-boost|p1a: Brambleghast|spe|1\n|-damage|p1a: Brambleghast|82\/100|[from] ability: Rough Skin|[of] p2a: Gawr Gura\n|-damage|p1a: Brambleghast|65\/100|[from] item: Rocky Helmet|[of] p2a: Gawr Gura\n|-sideend|p1: Jektrooper|Spikes|[from] move: Rapid Spin|[of] p1a: Brambleghast\n|-sideend|p1: Jektrooper|Stealth Rock|[from] move: Rapid Spin|[of] p1a: Brambleghast\n|move|p2a: Gawr Gura|Dragon Tail|p1a: Brambleghast\n|-damage|p1a: Brambleghast|25\/100\n|drag|p1a: Roaring Moon|Roaring Moon|100\/100\n|-enditem|p1a: Roaring Moon|Booster Energy\n|-activate|p1a: Roaring Moon|ability: Protosynthesis|[fromitem]\n|-start|p1a: Roaring Moon|protosynthesisatk\n|\n|-weather|Sandstorm|[upkeep]\n|-damage|p1a: Roaring Moon|95\/100|[from] Sandstorm\n|upkeep\n|turn|17\n|\n|t:|1698422995\n|move|p1a: Roaring Moon|Outrage|p2a: Gawr Gura\n|-supereffective|p2a: Gawr Gura\n|-damage|p2a: Gawr Gura|0 fnt\n|-damage|p1a: Roaring Moon|82\/100|[from] ability: Rough Skin|[of] p2a: Gawr Gura\n|-damage|p1a: Roaring Moon|66\/100|[from] item: Rocky Helmet|[of] p2a: Gawr Gura\n|faint|p2a: Gawr Gura\n|\n|-weather|Sandstorm|[upkeep]\n|-damage|p1a: Roaring Moon|60\/100|[from] Sandstorm\n|upkeep\n|\n|t:|1698423005\n|switch|p2a: Enamorus|Enamorus, F|100\/100\n|-damage|p2a: Enamorus|76\/100|[from] Stealth Rock\n|turn|18\n|\n|t:|1698423010\n|move|p2a: Enamorus|Moonblast|p1a: Roaring Moon\n|-supereffective|p1a: Roaring Moon\n|-damage|p1a: Roaring Moon|0 fnt\n|faint|p1a: Roaring Moon\n|-end|p1a: Roaring Moon|Protosynthesis|[silent]\n|\n|-weather|none\n|upkeep\n|\n|t:|1698423018\n|switch|p1a: Hippowdon|Hippowdon, M|100\/100\n|-weather|Sandstorm|[from] ability: Sand Stream|[of] p1a: Hippowdon\n|turn|19\n|\n|t:|1698423033\n|move|p2a: Enamorus|Moonblast|p1a: Hippowdon\n|-damage|p1a: Hippowdon|47\/100\n|-unboost|p1a: Hippowdon|spa|1\n|move|p1a: Hippowdon|Roar|p2a: Enamorus\n|drag|p2a: Vegeta|Weavile, M, shiny|100\/100\n|-damage|p2a: Vegeta|88\/100|[from] Spikes\n|-damage|p2a: Vegeta|63\/100|[from] Stealth Rock\n|-ability|p2a: Vegeta|Pressure\n|\n|-weather|Sandstorm|[upkeep]\n|-damage|p2a: Vegeta|57\/100|[from] Sandstorm\n|upkeep\n|turn|20\n|\n|t:|1698423048\n|move|p2a: Vegeta|Icicle Crash|p1a: Hippowdon\n|-supereffective|p1a: Hippowdon\n|-damage|p1a: Hippowdon|0 fnt\n|faint|p1a: Hippowdon\n|\n|-weather|Sandstorm|[upkeep]\n|-damage|p2a: Vegeta|51\/100|[from] Sandstorm\n|upkeep\n|\n|t:|1698423055\n|switch|p1a: Sandy Shocks|Sandy Shocks|100\/100\n|turn|21\n|\n|t:|1698423059\n|move|p1a: Sandy Shocks|Volt Switch|p2a: Vegeta\n|-damage|p2a: Vegeta|0 fnt\n|faint|p2a: Vegeta\n|\n|t:|1698423062\n|-end|p1a: Sandy Shocks|Protosynthesis|[silent]\n|switch|p1a: Brambleghast|Brambleghast, M|25\/100|[from] Volt Switch\n|\n|-weather|Sandstorm|[upkeep]\n|-damage|p1a: Brambleghast|19\/100|[from] Sandstorm\n|upkeep\n|\n|t:|1698423077\n|switch|p2a: Enamorus|Enamorus, F|76\/100\n|-damage|p2a: Enamorus|51\/100|[from] Stealth Rock\n|turn|22\n|\n|t:|1698423084\n|move|p2a: Enamorus|Moonblast|p1a: Brambleghast\n|-damage|p1a: Brambleghast|0 fnt\n|faint|p1a: Brambleghast\n|\n|-weather|Sandstorm|[upkeep]\n|-damage|p2a: Enamorus|44\/100|[from] Sandstorm\n|upkeep\n|\n|t:|1698423086\n|switch|p1a: Sandy Shocks|Sandy Shocks|100\/100\n|turn|23\n|\n|t:|1698423092\n|switch|p2a: Ruffles' Ego|Gholdengo|100\/100\n|-damage|p2a: Ruffles' Ego|88\/100|[from] Spikes\n|-damage|p2a: Ruffles' Ego|82\/100|[from] Stealth Rock\n|move|p1a: Sandy Shocks|Thunderbolt|p2a: Ruffles' Ego\n|-damage|p2a: Ruffles' Ego|30\/100\n|\n|-weather|none\n|upkeep\n|turn|24\n|\n|t:|1698423102\n|move|p1a: Sandy Shocks|Thunderbolt|p2a: Ruffles' Ego\n|-damage|p2a: Ruffles' Ego|0 fnt\n|faint|p2a: Ruffles' Ego\n|\n|upkeep\n|\n|t:|1698423106\n|switch|p2a: Enamorus|Enamorus, F|44\/100\n|-damage|p2a: Enamorus|20\/100|[from] Stealth Rock\n|turn|25\n|\n|t:|1698423112\n|move|p2a: Enamorus|Earth Power|p1a: Sandy Shocks\n|-supereffective|p1a: Sandy Shocks\n|-damage|p1a: Sandy Shocks|26\/100\n|move|p1a: Sandy Shocks|Thunderbolt|p2a: Enamorus\n|-supereffective|p2a: Enamorus\n|-damage|p2a: Enamorus|0 fnt\n|faint|p2a: Enamorus\n|\n|win|Jektrooper\n|j| ZeroORAS\n|l| siang\n|l|\u2606Jektrooper\n","uploadtime":1698423152,"views":10,"p1id":"jektrooper","p2id":"khaoticintent","formatid":"gen9ubers","rating":0,"private":0,"password":""}