{"id":"gen9ubers-1978541201","p1":"Shedinja999","p2":"Vazquez 2.0","format":"[Gen 9] Ubers","log":"|j|\u2606Shedinja999\n|j|\u2606Vazquez 2.0\n|t:|1698552959\n|gametype|singles\n|player|p1|Shedinja999|will|\n|player|p2|Vazquez 2.0|gardenia|\n|teamsize|p1|6\n|teamsize|p2|6\n|gen|9\n|tier|[Gen 9] Ubers\n|rule|Sleep Clause Mod: Limit one foe put to sleep\n|rule|Species Clause: Limit one of each Pok\u00e9mon\n|rule|OHKO Clause: OHKO moves are banned\n|rule|Evasion Items Clause: Evasion items are banned\n|rule|Evasion Moves Clause: Evasion moves are banned\n|rule|Endless Battle Clause: Forcing endless battles is banned\n|rule|HP Percentage Mod: HP is shown in percentages\n|clearpoke\n|poke|p1|Magearna|\n|poke|p1|Giratina|\n|poke|p1|Spectrier|\n|poke|p1|Arceus-Fighting|\n|poke|p1|Shaymin-Sky|\n|poke|p1|Ursaluna-Bloodmoon, M|\n|poke|p2|Pelipper, M|\n|poke|p2|Basculegion-F, F|\n|poke|p2|Arceus-Grass|\n|poke|p2|Giratina|\n|poke|p2|Zamazenta-*|\n|poke|p2|Zapdos|\n|teampreview\n|inactive|Battle timer is ON: inactive players will automatically lose when time's up. (requested by Shedinja999)\n|c|\u2606Shedinja999|gl\n|c|\u2606Vazquez 2.0|glhf\n|\n|t:|1698552976\n|start\n|switch|p1a: Magearna|Magearna|100\/100\n|switch|p2a: Arceus|Arceus-Grass, shiny|100\/100\n|turn|1\n|\n|t:|1698552981\n|move|p2a: Arceus|Stealth Rock|p1a: Magearna\n|-sidestart|p1: Shedinja999|move: Stealth Rock\n|move|p1a: Magearna|Shift Gear|p1a: Magearna\n|-boost|p1a: Magearna|spe|2\n|-boost|p1a: Magearna|atk|1\n|\n|upkeep\n|turn|2\n|\n|t:|1698552990\n|switch|p2a: Zapdos|Zapdos|100\/100\n|-ability|p2a: Zapdos|Pressure\n|move|p1a: Magearna|Calm Mind|p1a: Magearna\n|-boost|p1a: Magearna|spa|1\n|-boost|p1a: Magearna|spd|1\n|\n|upkeep\n|turn|3\n|\n|t:|1698552993\n|move|p1a: Magearna|Stored Power|p2a: Zapdos\n|-damage|p2a: Zapdos|44\/100\n|move|p2a: Zapdos|Discharge|p1a: Magearna\n|-damage|p1a: Magearna|78\/100\n|\n|-heal|p1a: Magearna|84\/100|[from] item: Leftovers\n|upkeep\n|turn|4\n|\n|t:|1698552998\n|move|p1a: Magearna|Stored Power|p2a: Zapdos\n|-damage|p2a: Zapdos|0 fnt\n|faint|p2a: Zapdos\n|-ability|p1a: Magearna|Soul-Heart|boost\n|-boost|p1a: Magearna|spa|1\n|\n|-heal|p1a: Magearna|90\/100|[from] item: Leftovers\n|upkeep\n|\n|t:|1698553000\n|switch|p2a: Zamazenta|Zamazenta-Crowned, shiny|100\/100\n|-ability|p2a: Zamazenta|Dauntless Shield|boost\n|-boost|p2a: Zamazenta|def|1\n|turn|5\n|\n|t:|1698553005\n|-terastallize|p1a: Magearna|Ground\n|move|p1a: Magearna|Tera Blast|p2a: Zamazenta|[anim] Tera Blast Ground\n|-supereffective|p2a: Zamazenta\n|-damage|p2a: Zamazenta|10\/100\n|move|p2a: Zamazenta|Behemoth Bash|p1a: Magearna\n|-damage|p1a: Magearna|57\/100\n|\n|-heal|p1a: Magearna|63\/100|[from] item: Leftovers\n|upkeep\n|turn|6\n|\n|t:|1698553011\n|move|p1a: Magearna|Tera Blast|p2a: Zamazenta|[anim] Tera Blast Ground\n|-supereffective|p2a: Zamazenta\n|-damage|p2a: Zamazenta|0 fnt\n|faint|p2a: Zamazenta\n|-ability|p1a: Magearna|Soul-Heart|boost\n|-boost|p1a: Magearna|spa|1\n|\n|-heal|p1a: Magearna|70\/100|[from] item: Leftovers\n|upkeep\n|\n|t:|1698553013\n|switch|p2a: Pelipper|Pelipper, M, shiny|100\/100\n|-weather|RainDance|[from] ability: Drizzle|[of] p2a: Pelipper\n|turn|7\n|\n|t:|1698553022\n|switch|p2a: Arceus|Arceus-Grass, shiny|100\/100\n|move|p1a: Magearna|Stored Power|p2a: Arceus\n|-damage|p2a: Arceus|28\/100\n|\n|-weather|RainDance|[upkeep]\n|-heal|p1a: Magearna|76\/100|[from] item: Leftovers\n|upkeep\n|turn|8\n|\n|t:|1698553030\n|move|p1a: Magearna|Stored Power|p2a: Arceus\n|-damage|p2a: Arceus|0 fnt\n|faint|p2a: Arceus\n|-ability|p1a: Magearna|Soul-Heart|boost\n|-boost|p1a: Magearna|spa|1\n|\n|-weather|RainDance|[upkeep]\n|-heal|p1a: Magearna|82\/100|[from] item: Leftovers\n|upkeep\n|\n|t:|1698553031\n|switch|p2a: Basculegion|Basculegion-F, F, shiny|100\/100\n|turn|9\n|\n|t:|1698553042\n|move|p2a: Basculegion|Wave Crash|p1a: Magearna\n|-supereffective|p1a: Magearna\n|-damage|p1a: Magearna|0 fnt\n|faint|p1a: Magearna\n|-damage|p2a: Basculegion|77\/100|[from] Recoil\n|\n|-weather|RainDance|[upkeep]\n|upkeep\n|\n|t:|1698553046\n|switch|p1a: Shaymin|Shaymin-Sky|100\/100\n|turn|10\n|\n|t:|1698553049\n|switch|p2a: Giratina|Giratina, shiny|100\/100\n|-ability|p2a: Giratina|Pressure\n|move|p1a: Shaymin|Seed Flare|p2a: Giratina|[miss]\n|-miss|p1a: Shaymin|p2a: Giratina\n|\n|-weather|RainDance|[upkeep]\n|upkeep\n|turn|11\n|\n|t:|1698553057\n|move|p1a: Shaymin|Air Slash|p2a: Giratina\n|-damage|p2a: Giratina|78\/100\n|move|p2a: Giratina|Will-O-Wisp|p1a: Shaymin\n|-status|p1a: Shaymin|brn\n|\n|-weather|RainDance|[upkeep]\n|-damage|p1a: Shaymin|94\/100 brn|[from] brn\n|upkeep\n|turn|12\n|\n|t:|1698553063\n|move|p1a: Shaymin|Seed Flare|p2a: Giratina\n|-resisted|p2a: Giratina\n|-damage|p2a: Giratina|62\/100\n|-unboost|p2a: Giratina|spd|2\n|move|p2a: Giratina|Dragon Tail|p1a: Shaymin\n|-damage|p1a: Shaymin|70\/100 brn\n|drag|p1a: Ursaluna|Ursaluna-Bloodmoon, M|100\/100\n|-damage|p1a: Ursaluna|94\/100|[from] Stealth Rock\n|\n|-weather|RainDance|[upkeep]\n|upkeep\n|turn|13\n|\n|t:|1698553071\n|move|p1a: Ursaluna|Blood Moon|p2a: Giratina\n|-damage|p2a: Giratina|0 fnt\n|faint|p2a: Giratina\n|-damage|p1a: Ursaluna|84\/100|[from] item: Life Orb\n|\n|-weather|RainDance|[upkeep]\n|upkeep\n|\n|t:|1698553072\n|switch|p2a: Basculegion|Basculegion-F, F, shiny|77\/100\n|turn|14\n|\n|t:|1698553077\n|move|p2a: Basculegion|Wave Crash|p1a: Ursaluna\n|-supereffective|p1a: Ursaluna\n|-damage|p1a: Ursaluna|0 fnt\n|faint|p1a: Ursaluna\n|-damage|p2a: Basculegion|45\/100|[from] Recoil\n|\n|-weather|none\n|upkeep\n|\n|t:|1698553080\n|switch|p1a: Giratina|Giratina, shiny|100\/100\n|-damage|p1a: Giratina|88\/100|[from] Stealth Rock\n|-ability|p1a: Giratina|Pressure\n|turn|15\n|\n|t:|1698553085\n|switch|p2a: Pelipper|Pelipper, M, shiny|100\/100\n|-weather|RainDance|[from] ability: Drizzle|[of] p2a: Pelipper\n|move|p1a: Giratina|Will-O-Wisp|p2a: Pelipper\n|-status|p2a: Pelipper|brn\n|\n|-weather|RainDance|[upkeep]\n|-heal|p1a: Giratina|94\/100|[from] item: Leftovers\n|-damage|p2a: Pelipper|94\/100 brn|[from] brn\n|upkeep\n|turn|16\n|\n|t:|1698553095\n|move|p1a: Giratina|Shadow Ball|p2a: Pelipper\n|-damage|p2a: Pelipper|55\/100 brn\n|move|p2a: Pelipper|Knock Off|p1a: Giratina\n|-supereffective|p1a: Giratina\n|-crit|p1a: Giratina\n|-damage|p1a: Giratina|85\/100\n|-enditem|p1a: Giratina|Leftovers|[from] move: Knock Off|[of] p2a: Pelipper\n|\n|-weather|RainDance|[upkeep]\n|-damage|p2a: Pelipper|49\/100 brn|[from] brn\n|upkeep\n|turn|17\n|\n|t:|1698553100\n|move|p1a: Giratina|Shadow Ball|p2a: Pelipper\n|-damage|p2a: Pelipper|9\/100 brn\n|move|p2a: Pelipper|U-turn|p1a: Giratina\n|-resisted|p1a: Giratina\n|-damage|p1a: Giratina|84\/100\n|\n|t:|1698553103\n|switch|p2a: Basculegion|Basculegion-F, F, shiny|45\/100|[from] U-turn\n|\n|-weather|RainDance|[upkeep]\n|upkeep\n|turn|18\n|\n|t:|1698553105\n|-terastallize|p2a: Basculegion|Ghost\n|move|p2a: Basculegion|Last Respects|p1a: Giratina\n|-supereffective|p1a: Giratina\n|-damage|p1a: Giratina|0 fnt\n|faint|p1a: Giratina\n|\n|-weather|RainDance|[upkeep]\n|upkeep\n|\n|t:|1698553110\n|switch|p1a: Arceus|Arceus-Fighting, shiny|100\/100\n|-damage|p1a: Arceus|94\/100|[from] Stealth Rock\n|turn|19\n|\n|t:|1698553113\n|move|p2a: Basculegion|Last Respects|p1a: Arceus\n|-damage|p1a: Arceus|0 fnt\n|faint|p1a: Arceus\n|\n|-weather|RainDance|[upkeep]\n|upkeep\n|\n|t:|1698553115\n|switch|p1a: Shaymin|Shaymin-Sky|70\/100 brn\n|turn|20\n|\n|t:|1698553122\n|move|p2a: Basculegion|Last Respects|p1a: Shaymin\n|-damage|p1a: Shaymin|0 fnt\n|faint|p1a: Shaymin\n|\n|-weather|RainDance|[upkeep]\n|upkeep\n|\n|t:|1698553124\n|switch|p1a: Spectrier|Spectrier|100\/100\n|turn|21\n|c|\u2606Vazquez 2.0|fun game\n|\n|t:|1698553127\n|move|p2a: Basculegion|Last Respects|p1a: Spectrier\n|-supereffective|p1a: Spectrier\n|-damage|p1a: Spectrier|0 fnt\n|faint|p1a: Spectrier\n|\n|win|Vazquez 2.0\n|c|\u2606Shedinja999|gg\n|c|\u2606Vazquez 2.0|gg\n|l|\u2606Vazquez 2.0\n|j|\u2606Vazquez 2.0\n|player|p2|Vazquez 2.0|gardenia\n","uploadtime":1698553131,"views":10,"p1id":"shedinja999","p2id":"vazquez20","formatid":"gen9ubers","rating":0,"private":0,"password":""}