{"id":"gen9ubers-1999198409","p1":"dead_dondozo_123","p2":"Agent Chaka","format":"[Gen 9] Ubers","log":"|j|\u2606dead_dondozo_123\n|j|\u2606Agent Chaka\n|t:|1701044380\n|gametype|singles\n|player|p1|dead_dondozo_123|170|1326\n|player|p2|Agent Chaka|rocketgrunt|1348\n|teamsize|p1|6\n|teamsize|p2|6\n|gen|9\n|tier|[Gen 9] Ubers\n|rated|\n|rule|Sleep Clause Mod: Limit one foe put to sleep\n|rule|Species Clause: Limit one of each Pok\u00e9mon\n|rule|OHKO Clause: OHKO moves are banned\n|rule|Evasion Items Clause: Evasion items are banned\n|rule|Evasion Moves Clause: Evasion moves are banned\n|rule|Endless Battle Clause: Forcing endless battles is banned\n|rule|HP Percentage Mod: HP is shown in percentages\n|clearpoke\n|poke|p1|Regieleki|\n|poke|p1|Zacian-*|\n|poke|p1|Ribombee, F|\n|poke|p1|Basculegion, M|\n|poke|p1|Rayquaza|\n|poke|p1|Annihilape, M|\n|poke|p2|Arceus-Ground|\n|poke|p2|Flutter Mane|\n|poke|p2|Zacian-*|\n|poke|p2|Koraidon|\n|poke|p2|Dialga|\n|poke|p2|Sneasler, M|\n|teampreview\n|inactive|Battle timer is ON: inactive players will automatically lose when time's up. (requested by dead_dondozo_123)\n|c|\u2606Agent Chaka|gl hf\n|c|\u2606dead_dondozo_123|gl\n|c|\u2606dead_dondozo_123|have we played resently\n|c|\u2606Agent Chaka|i think so\n|inactive|Agent Chaka has 120 seconds left.\n|\n|t:|1701044426\n|start\n|switch|p1a: small bug|Ribombee, F|100\/100\n|switch|p2a: Flutter Mane|Flutter Mane|100\/100\n|-item|p2a: Flutter Mane|Air Balloon\n|turn|1\n|\n|t:|1701044434\n|move|p2a: Flutter Mane|Taunt|p1a: small bug\n|-start|p1a: small bug|move: Taunt\n|cant|p1a: small bug|move: Taunt|Sticky Web\n|\n|upkeep\n|turn|2\n|\n|t:|1701044439\n|move|p2a: Flutter Mane|Moonblast|p1a: small bug\n|-damage|p1a: small bug|9\/100\n|move|p1a: small bug|Moonblast|p2a: Flutter Mane\n|-damage|p2a: Flutter Mane|61\/100\n|-enditem|p2a: Flutter Mane|Air Balloon\n|\n|upkeep\n|turn|3\n|\n|t:|1701044447\n|move|p2a: Flutter Mane|Shadow Ball|p1a: small bug\n|-damage|p1a: small bug|0 fnt\n|faint|p1a: small bug\n|\n|upkeep\n|\n|t:|1701044452\n|switch|p1a: big dog|Zacian-Crowned|100\/100\n|-ability|p1a: big dog|Intrepid Sword|boost\n|-boost|p1a: big dog|atk|1\n|turn|4\n|\n|t:|1701044460\n|-end|p2a: Flutter Mane|Protosynthesis|[silent]\n|switch|p2a: Dialga|Dialga|100\/100\n|-ability|p2a: Dialga|Pressure\n|-item|p2a: Dialga|Air Balloon\n|move|p1a: big dog|Behemoth Blade|p2a: Dialga\n|-resisted|p2a: Dialga\n|-damage|p2a: Dialga|71\/100\n|-enditem|p2a: Dialga|Air Balloon\n|\n|upkeep\n|turn|5\n|\n|t:|1701044475\n|move|p1a: big dog|Play Rough|p2a: Dialga\n|-damage|p2a: Dialga|16\/100\n|move|p2a: Dialga|Earth Power|p1a: big dog\n|-supereffective|p1a: big dog\n|-damage|p1a: big dog|27\/100\n|\n|upkeep\n|turn|6\n|\n|t:|1701044489\n|move|p1a: big dog|Play Rough|p2a: Dialga\n|-damage|p2a: Dialga|0 fnt\n|faint|p2a: Dialga\n|\n|upkeep\n|\n|t:|1701044495\n|switch|p2a: Sneasler|Sneasler, M|100\/100\n|turn|7\n|\n|t:|1701044499\n|move|p1a: big dog|Behemoth Blade|p2a: Sneasler\n|-enditem|p2a: Sneasler|Focus Sash\n|-damage|p2a: Sneasler|1\/100\n|move|p2a: Sneasler|Toxic Spikes|p1a: big dog\n|-sidestart|p1: dead_dondozo_123|move: Toxic Spikes\n|\n|upkeep\n|turn|8\n|\n|t:|1701044505\n|move|p2a: Sneasler|Reversal|p1a: big dog\n|-damage|p1a: big dog|0 fnt\n|faint|p1a: big dog\n|\n|upkeep\n|\n|t:|1701044514\n|switch|p1a: snake|Rayquaza|100\/100\n|-ability|p1a: snake|Air Lock\n|turn|9\n|\n|t:|1701044523\n|move|p1a: snake|Extreme Speed|p2a: Sneasler\n|-damage|p2a: Sneasler|0 fnt\n|faint|p2a: Sneasler\n|-damage|p1a: snake|91\/100|[from] item: Life Orb\n|\n|upkeep\n|\n|t:|1701044534\n|switch|p2a: Zacian|Zacian-Crowned|100\/100\n|-ability|p2a: Zacian|Intrepid Sword|boost\n|-boost|p2a: Zacian|atk|1\n|turn|10\n|\n|t:|1701044539\n|move|p2a: Zacian|Ice Fang|p1a: snake\n|-supereffective|p1a: snake\n|-damage|p1a: snake|0 fnt\n|faint|p1a: snake\n|\n|upkeep\n|\n|t:|1701044546\n|switch|p1a: angry monkey|Annihilape, M|100\/100\n|-status|p1a: angry monkey|psn\n|turn|11\n|\n|t:|1701044554\n|move|p2a: Zacian|Swords Dance|p2a: Zacian\n|-boost|p2a: Zacian|atk|2\n|move|p1a: angry monkey|Bulk Up|p1a: angry monkey\n|-boost|p1a: angry monkey|atk|1\n|-boost|p1a: angry monkey|def|1\n|\n|-damage|p1a: angry monkey|88\/100 psn|[from] psn\n|upkeep\n|turn|12\n|\n|t:|1701044564\n|move|p2a: Zacian|Behemoth Blade|p1a: angry monkey\n|-damage|p1a: angry monkey|0 fnt\n|faint|p1a: angry monkey\n|\n|upkeep\n|\n|t:|1701044570\n|switch|p1a: fast lightning|Regieleki|100\/100\n|-status|p1a: fast lightning|psn\n|turn|13\n|\n|t:|1701044578\n|move|p1a: fast lightning|Thunderbolt|p2a: Zacian\n|-damage|p2a: Zacian|36\/100\n|-damage|p1a: fast lightning|91\/100 psn|[from] item: Life Orb\n|move|p2a: Zacian|Behemoth Blade|p1a: fast lightning\n|-resisted|p1a: fast lightning\n|-damage|p1a: fast lightning|0 fnt\n|faint|p1a: fast lightning\n|\n|upkeep\n|\n|t:|1701044588\n|switch|p1a: sad fish|Basculegion, M|100\/100\n|-status|p1a: sad fish|psn\n|turn|14\n|\n|t:|1701044604\n|move|p2a: Zacian|Behemoth Blade|p1a: sad fish\n|-resisted|p1a: sad fish\n|-damage|p1a: sad fish|12\/100 psn\n|move|p1a: sad fish|Last Respects|p2a: Zacian\n|-damage|p2a: Zacian|0 fnt\n|faint|p2a: Zacian\n|\n|-damage|p1a: sad fish|0 fnt|[from] psn\n|faint|p1a: sad fish\n|\n|win|Agent Chaka\n|upkeep\n|raw|dead_dondozo_123's rating: 1326 &rarr; <strong>1307<\/strong><br \/>(-19 for losing)\n|raw|Agent Chaka's rating: 1348 &rarr; <strong>1367<\/strong><br \/>(+19 for winning)\n|c|\u2606Agent Chaka|gg\n","uploadtime":1701044613,"views":1,"p1id":"deaddondozo123","p2id":"agentchaka","formatid":"gen9ubers","rating":1307,"private":0,"password":""}