{"id":"gen9ubers-1986656952","p1":"Shroomfruit","p2":"Gym Leader Sohniya","format":"[Gen 9] Ubers","log":"|j|\u2606Shroomfruit\n|j|\u2606Gym Leader Sohniya\n|t:|1699503353\n|gametype|singles\n|player|p1|Shroomfruit|ingo|\n|player|p2|Gym Leader Sohniya|colress|\n|teamsize|p1|6\n|teamsize|p2|6\n|gen|9\n|tier|[Gen 9] Ubers\n|rule|Sleep Clause Mod: Limit one foe put to sleep\n|rule|Species Clause: Limit one of each Pok\u00e9mon\n|rule|OHKO Clause: OHKO moves are banned\n|rule|Evasion Items Clause: Evasion items are banned\n|rule|Evasion Moves Clause: Evasion moves are banned\n|rule|Endless Battle Clause: Forcing endless battles is banned\n|rule|HP Percentage Mod: HP is shown in percentages\n|clearpoke\n|poke|p1|Kingambit, M|\n|poke|p1|Corviknight, M|\n|poke|p1|Orthworm, M|\n|poke|p1|Magnezone|\n|poke|p1|Gholdengo|\n|poke|p1|Goodra-Hisui, F|\n|poke|p2|Dragonite, M|\n|poke|p2|Hydreigon, F|\n|poke|p2|Dragapult, M|\n|poke|p2|Garchomp, F|\n|poke|p2|Kommo-o, F|\n|poke|p2|Haxorus, F|\n|teampreview\n|\n|t:|1699503358\n|start\n|switch|p1a: Orthworm|Orthworm, M, shiny|100\/100\n|switch|p2a: Hydreigon|Hydreigon, F|100\/100\n|turn|1\n|\n|t:|1699503386\n|move|p2a: Hydreigon|Fire Blast|p1a: Orthworm\n|-supereffective|p1a: Orthworm\n|-damage|p1a: Orthworm|0 fnt\n|faint|p1a: Orthworm\n|\n|upkeep\n|\n|t:|1699503420\n|switch|p1a: Goodra|Goodra-Hisui, F|100\/100\n|turn|2\n|\n|t:|1699503429\n|move|p2a: Hydreigon|Fire Blast|p1a: Goodra\n|-damage|p1a: Goodra|79\/100\n|move|p1a: Goodra|Dragon Pulse|p2a: Hydreigon\n|-supereffective|p2a: Hydreigon\n|-damage|p2a: Hydreigon|23\/100\n|\n|-heal|p1a: Goodra|85\/100|[from] item: Leftovers\n|upkeep\n|turn|3\n|\n|t:|1699503438\n|move|p2a: Hydreigon|Fire Blast|p1a: Goodra\n|-damage|p1a: Goodra|63\/100\n|move|p1a: Goodra|Dragon Pulse|p2a: Hydreigon\n|-supereffective|p2a: Hydreigon\n|-damage|p2a: Hydreigon|0 fnt\n|faint|p2a: Hydreigon\n|\n|-heal|p1a: Goodra|69\/100|[from] item: Leftovers\n|upkeep\n|\n|t:|1699503449\n|switch|p2a: Dragonite|Dragonite, M|100\/100\n|turn|4\n|\n|t:|1699503471\n|-terastallize|p2a: Dragonite|Normal\n|move|p2a: Dragonite|Extreme Speed|p1a: Goodra\n|-resisted|p1a: Goodra\n|-damage|p1a: Goodra|49\/100\n|move|p1a: Goodra|Dragon Pulse|p2a: Dragonite\n|-damage|p2a: Dragonite|87\/100\n|\n|-heal|p1a: Goodra|55\/100|[from] item: Leftovers\n|upkeep\n|turn|5\n|\n|t:|1699503488\n|switch|p1a: Gholdengo|Gholdengo|100\/100\n|move|p2a: Dragonite|Outrage|p1a: Gholdengo\n|-resisted|p1a: Gholdengo\n|-damage|p1a: Gholdengo|63\/100\n|\n|upkeep\n|turn|6\n|\n|t:|1699503497\n|move|p1a: Gholdengo|Trick|p2a: Dragonite\n|-activate|p1a: Gholdengo|move: Trick|[of] p2a: Dragonite\n|-item|p2a: Dragonite|Choice Scarf|[from] move: Trick\n|-item|p1a: Gholdengo|Weakness Policy|[from] move: Trick\n|move|p2a: Dragonite|Outrage|p1a: Gholdengo|[from]lockedmove\n|-resisted|p1a: Gholdengo\n|-damage|p1a: Gholdengo|22\/100\n|-start|p2a: Dragonite|confusion|[fatigue]\n|\n|upkeep\n|turn|7\n|\n|t:|1699503511\n|-activate|p2a: Dragonite|confusion\n|-damage|p2a: Dragonite|72\/100|[from] confusion\n|move|p1a: Gholdengo|Focus Blast|p2a: Dragonite\n|-supereffective|p2a: Dragonite\n|-damage|p2a: Dragonite|0 fnt\n|faint|p2a: Dragonite\n|\n|upkeep\n|\n|t:|1699503515\n|switch|p2a: Garchomp|Garchomp, F|100\/100\n|turn|8\n|\n|t:|1699503547\n|move|p2a: Garchomp|Swords Dance|p2a: Garchomp\n|-boost|p2a: Garchomp|atk|2\n|move|p1a: Gholdengo|Make It Rain|p2a: Garchomp\n|-damage|p2a: Garchomp|27\/100\n|-unboost|p1a: Gholdengo|spa|1\n|\n|upkeep\n|turn|9\n|\n|t:|1699503558\n|move|p2a: Garchomp|Crunch|p1a: Gholdengo\n|-supereffective|p1a: Gholdengo\n|-damage|p1a: Gholdengo|0 fnt\n|faint|p1a: Gholdengo\n|\n|upkeep\n|\n|t:|1699503592\n|switch|p1a: Magnezone|Magnezone|100\/100\n|turn|10\n|\n|t:|1699503605\n|move|p2a: Garchomp|Crunch|p1a: Magnezone\n|-damage|p1a: Magnezone|47\/100\n|move|p1a: Magnezone|Flash Cannon|p2a: Garchomp\n|-damage|p2a: Garchomp|0 fnt\n|faint|p2a: Garchomp\n|\n|upkeep\n|\n|t:|1699503615\n|switch|p2a: Kommo-o|Kommo-o, F|100\/100\n|turn|11\n|\n|t:|1699503633\n|move|p2a: Kommo-o|Dragon Dance|p2a: Kommo-o\n|-boost|p2a: Kommo-o|atk|1\n|-boost|p2a: Kommo-o|spe|1\n|move|p1a: Magnezone|Flash Cannon|p2a: Kommo-o\n|-damage|p2a: Kommo-o|17\/100\n|\n|upkeep\n|turn|12\n|\n|t:|1699503640\n|move|p2a: Kommo-o|Drain Punch|p1a: Magnezone\n|-supereffective|p1a: Magnezone\n|-damage|p1a: Magnezone|0 fnt\n|-heal|p2a: Kommo-o|47\/100|[from] drain|[of] p1a: Magnezone\n|faint|p1a: Magnezone\n|\n|upkeep\n|\n|t:|1699503665\n|switch|p1a: Root Beer|Kingambit, M, shiny|100\/100\n|-activate|p1a: Root Beer|ability: Supreme Overlord\n|-start|p1a: Root Beer|fallen3|[silent]\n|turn|13\n|\n|t:|1699503683\n|-terastallize|p1a: Root Beer|Water\n|move|p2a: Kommo-o|Dragon Dance|p2a: Kommo-o\n|-boost|p2a: Kommo-o|atk|1\n|-boost|p2a: Kommo-o|spe|1\n|move|p1a: Root Beer|Iron Head|p2a: Kommo-o\n|-damage|p2a: Kommo-o|0 fnt\n|faint|p2a: Kommo-o\n|\n|upkeep\n|\n|t:|1699503696\n|switch|p2a: Dragapult|Dragapult, M|100\/100\n|turn|14\n|\n|t:|1699503711\n|move|p2a: Dragapult|Thunder Wave|p1a: Root Beer\n|-status|p1a: Root Beer|par\n|move|p1a: Root Beer|Kowtow Cleave|p2a: Dragapult\n|-supereffective|p2a: Dragapult\n|-damage|p2a: Dragapult|0 fnt\n|faint|p2a: Dragapult\n|\n|upkeep\n|\n|t:|1699503719\n|switch|p2a: Haxorus|Haxorus, F, shiny|100\/100\n|-ability|p2a: Haxorus|Mold Breaker\n|turn|15\n|\n|t:|1699503733\n|move|p2a: Haxorus|Dragon Dance|p2a: Haxorus\n|-boost|p2a: Haxorus|atk|1\n|-boost|p2a: Haxorus|spe|1\n|move|p1a: Root Beer|Kowtow Cleave|p2a: Haxorus\n|-damage|p2a: Haxorus|22\/100\n|\n|upkeep\n|turn|16\n|\n|t:|1699503742\n|cant|p1a: Root Beer|par\n|move|p2a: Haxorus|Outrage|p1a: Root Beer\n|-damage|p1a: Root Beer|5\/100 par\n|-damage|p2a: Haxorus|12\/100|[from] item: Life Orb\n|\n|upkeep\n|turn|17\n|\n|t:|1699503750\n|move|p1a: Root Beer|Sucker Punch|p2a: Haxorus\n|-damage|p2a: Haxorus|0 fnt\n|faint|p2a: Haxorus\n|\n|win|Shroomfruit\n","uploadtime":1699503759,"views":27,"p1id":"shroomfruit","p2id":"gymleadersohniya","formatid":"gen9ubers","rating":0,"private":0,"password":""}