{"id":"gen9ubers-1984430314","p1":"Kabunger","p2":"wamkou","format":"[Gen 9] Ubers","log":"|j|\u2606Kabunger\n|j|\u2606wamkou\n|t:|1699262321\n|gametype|singles\n|player|p1|Kabunger|hilda-wonderlauncher|\n|player|p2|wamkou|elesa-masters2|\n|teamsize|p1|6\n|teamsize|p2|6\n|gen|9\n|tier|[Gen 9] Ubers\n|rule|Sleep Clause Mod: Limit one foe put to sleep\n|rule|Species Clause: Limit one of each Pok\u00e9mon\n|rule|OHKO Clause: OHKO moves are banned\n|rule|Evasion Items Clause: Evasion items are banned\n|rule|Evasion Moves Clause: Evasion moves are banned\n|rule|Endless Battle Clause: Forcing endless battles is banned\n|rule|HP Percentage Mod: HP is shown in percentages\n|clearpoke\n|poke|p1|Palafin, F|\n|poke|p1|Arceus-Grass|\n|poke|p1|Gligar, F|\n|poke|p1|Zacian-*|\n|poke|p1|Magearna|\n|poke|p1|Cyclizar, M|\n|poke|p2|Scizor, F|\n|poke|p2|Heatran, M|\n|poke|p2|Palkia-Origin|\n|poke|p2|Magearna|\n|poke|p2|Zacian-*|\n|poke|p2|Arceus-Ghost|\n|teampreview\n|\n|t:|1699262337\n|start\n|switch|p1a: Gliscor 2|Gligar, F|100\/100\n|switch|p2a: Magearna|Magearna|100\/100\n|turn|1\n|inactive|Battle timer is ON: inactive players will automatically lose when time's up. (requested by Kabunger)\n|\n|t:|1699262345\n|move|p1a: Gliscor 2|Earthquake|p2a: Magearna\n|-supereffective|p2a: Magearna\n|-damage|p2a: Magearna|57\/100\n|move|p2a: Magearna|Ice Beam|p1a: Gliscor 2\n|-supereffective|p1a: Gliscor 2\n|-damage|p1a: Gliscor 2|0 fnt\n|faint|p1a: Gliscor 2\n|-ability|p2a: Magearna|Soul-Heart|boost\n|-boost|p2a: Magearna|spa|1\n|\n|-heal|p2a: Magearna|63\/100|[from] item: Leftovers\n|upkeep\n|c|\u2606Kabunger|what the h*ck\n|\n|t:|1699262358\n|switch|p1a: Palafin|Palafin, F|100\/100\n|turn|2\n|\n|t:|1699262365\n|move|p1a: Palafin|Flip Turn|p2a: Magearna\n|-damage|p2a: Magearna|34\/100\n|c|\u2606wamkou|lol\n|\n|t:|1699262370\n|detailschange|p1a: Palafin|Palafin-Hero, F\n|switch|p1a: Magearna|Magearna|100\/100|[from] Flip Turn\n|move|p2a: Magearna|Thunder Wave|p1a: Magearna\n|-status|p1a: Magearna|par\n|\n|-heal|p2a: Magearna|40\/100|[from] item: Leftovers\n|upkeep\n|turn|3\n|\n|t:|1699262379\n|move|p2a: Magearna|Spikes|p1a: Magearna\n|-sidestart|p1: Kabunger|Spikes\n|move|p1a: Magearna|Volt Switch|p2a: Magearna\n|-damage|p2a: Magearna|24\/100\n|\n|t:|1699262383\n|switch|p1a: Palafin|Palafin-Hero, F|100\/100|[from] Volt Switch\n|-damage|p1a: Palafin|88\/100|[from] Spikes\n|-activate|p1a: Palafin|ability: Zero to Hero\n|\n|-heal|p2a: Magearna|30\/100|[from] item: Leftovers\n|upkeep\n|turn|4\n|\n|t:|1699262401\n|switch|p2a: Palkia|Palkia-Origin|100\/100\n|-ability|p2a: Palkia|Pressure\n|move|p1a: Palafin|Flip Turn|p2a: Palkia\n|-resisted|p2a: Palkia\n|-damage|p2a: Palkia|83\/100\n|\n|t:|1699262409\n|switch|p1a: Zacian|Zacian|100\/100|[from] Flip Turn\n|-ability|p1a: Zacian|Intrepid Sword|boost\n|-boost|p1a: Zacian|atk|1\n|\n|upkeep\n|turn|5\n|\n|t:|1699262421\n|switch|p2a: Scizor|Scizor, F, shiny|100\/100\n|move|p1a: Zacian|Swords Dance|p1a: Zacian\n|-boost|p1a: Zacian|atk|2\n|\n|upkeep\n|turn|6\n|\n|t:|1699262429\n|-terastallize|p1a: Zacian|Fire\n|move|p2a: Scizor|Bullet Punch|p1a: Zacian\n|-resisted|p1a: Zacian\n|-damage|p1a: Zacian|89\/100\n|move|p1a: Zacian|Tera Blast|p2a: Scizor|[anim] Tera Blast Fire\n|-supereffective|p2a: Scizor\n|-damage|p2a: Scizor|0 fnt\n|faint|p2a: Scizor\n|\n|upkeep\n|inactive|wamkou has 270 seconds left.\n|\n|t:|1699262464\n|switch|p2a: Heatran|Heatran, M|100\/100\n|turn|7\n|\n|t:|1699262468\n|move|p1a: Zacian|Close Combat|p2a: Heatran\n|-supereffective|p2a: Heatran\n|-damage|p2a: Heatran|0 fnt\n|-unboost|p1a: Zacian|def|1\n|-unboost|p1a: Zacian|spd|1\n|faint|p2a: Heatran\n|\n|upkeep\n|inactive|wamkou has 270 seconds left.\n|inactive|wamkou has 240 seconds left.\n|\n|t:|1699262526\n|switch|p2a: Zacian|Zacian|100\/100\n|-ability|p2a: Zacian|Intrepid Sword|boost\n|-boost|p2a: Zacian|atk|1\n|turn|8\n|\n|t:|1699262545\n|-terastallize|p2a: Zacian|Steel\n|move|p2a: Zacian|Close Combat|p1a: Zacian\n|-damage|p1a: Zacian|0 fnt\n|-unboost|p2a: Zacian|def|1\n|-unboost|p2a: Zacian|spd|1\n|faint|p1a: Zacian\n|\n|upkeep\n|\n|t:|1699262550\n|switch|p1a: Palafin|Palafin-Hero, F|88\/100\n|-damage|p1a: Palafin|76\/100|[from] Spikes\n|turn|9\n|inactive|wamkou has 210 seconds left.\n|\n|t:|1699262595\n|move|p2a: Zacian|Close Combat|p1a: Palafin\n|-damage|p1a: Palafin|0 fnt\n|-unboost|p2a: Zacian|def|1\n|-unboost|p2a: Zacian|spd|1\n|faint|p1a: Palafin\n|\n|upkeep\n|\n|t:|1699262602\n|switch|p1a: Magearna|Magearna|100\/100 par\n|-damage|p1a: Magearna|88\/100 par|[from] Spikes\n|turn|10\n|inactive|wamkou has 180 seconds left.\n|\n|t:|1699262646\n|move|p2a: Zacian|Close Combat|p1a: Magearna\n|-damage|p1a: Magearna|21\/100 par\n|-unboost|p2a: Zacian|def|1\n|-unboost|p2a: Zacian|spd|1\n|move|p1a: Magearna|Fleur Cannon|p2a: Zacian\n|-resisted|p2a: Zacian\n|-damage|p2a: Zacian|15\/100\n|-unboost|p1a: Magearna|spa|2\n|\n|upkeep\n|turn|11\n|\n|t:|1699262658\n|move|p2a: Zacian|Close Combat|p1a: Magearna\n|-damage|p1a: Magearna|0 fnt\n|-unboost|p2a: Zacian|def|1\n|-unboost|p2a: Zacian|spd|1\n|faint|p1a: Magearna\n|\n|upkeep\n|\n|t:|1699262660\n|switch|p1a: Arceus|Arceus-Grass|100\/100\n|-damage|p1a: Arceus|88\/100|[from] Spikes\n|turn|12\n|-message|Kabunger forfeited.\n|\n|win|wamkou\n","uploadtime":1699262703,"views":30,"p1id":"kabunger","p2id":"wamkou","formatid":"gen9ubers","rating":0,"private":0,"password":""}