{"id":"gen9ubers-1987699402","p1":"americandragon79","p2":"tomar matha","format":"[Gen 9] Ubers","log":"|j|\u2606americandragon79\n|j|\u2606tomar matha\n|t:|1699628858\n|gametype|singles\n|player|p1|americandragon79|acetrainerf-gen7|1086\n|player|p2|tomar matha|170|1000\n|teamsize|p1|6\n|teamsize|p2|6\n|gen|9\n|tier|[Gen 9] Ubers\n|rated|\n|rule|Sleep Clause Mod: Limit one foe put to sleep\n|rule|Species Clause: Limit one of each Pok\u00e9mon\n|rule|OHKO Clause: OHKO moves are banned\n|rule|Evasion Items Clause: Evasion items are banned\n|rule|Evasion Moves Clause: Evasion moves are banned\n|rule|Endless Battle Clause: Forcing endless battles is banned\n|rule|HP Percentage Mod: HP is shown in percentages\n|clearpoke\n|poke|p1|Blissey, F|\n|poke|p1|Arceus|\n|poke|p1|Zacian-*|\n|poke|p1|Eternatus|\n|poke|p1|Koraidon|\n|poke|p1|Miraidon|\n|poke|p2|Sandslash-Alola, M|\n|poke|p2|Wo-Chien|\n|poke|p2|Rillaboom, M|\n|poke|p2|Garchomp, F|\n|poke|p2|Talonflame, M|\n|poke|p2|Dondozo, F|\n|teampreview\n|inactive|Battle timer is ON: inactive players will automatically lose when time's up. (requested by tomar matha)\n|\n|t:|1699628867\n|start\n|switch|p1a: AERIS|Blissey, F, shiny|100\/100\n|switch|p2a: Garchomp|Garchomp, F|100\/100\n|turn|1\n|c|\u2606americandragon79|Gl hf\n|\n|t:|1699628884\n|switch|p2a: Sandslash|Sandslash-Alola, M|100\/100\n|move|p1a: AERIS|Seismic Toss|p2a: Sandslash\n|-damage|p2a: Sandslash|66\/100\n|\n|upkeep\n|turn|2\n|\n|t:|1699628894\n|move|p2a: Sandslash|Curse|p2a: Sandslash\n|-unboost|p2a: Sandslash|spe|1\n|-boost|p2a: Sandslash|atk|1\n|-boost|p2a: Sandslash|def|1\n|move|p1a: AERIS|Thunder Wave|p2a: Sandslash\n|-status|p2a: Sandslash|par\n|\n|upkeep\n|turn|3\n|\n|t:|1699628904\n|switch|p1a: CLOUD|Zacian-Crowned, shiny|100\/100\n|-ability|p1a: CLOUD|Intrepid Sword|boost\n|-boost|p1a: CLOUD|atk|1\n|cant|p2a: Sandslash|par\n|\n|upkeep\n|turn|4\n|c|\u2606americandragon79|Guess my theme\n|-activate|p2a: Sandslash|item: Quick Claw\n|\n|t:|1699628916\n|move|p2a: Sandslash|Drill Run|p1a: CLOUD\n|-supereffective|p1a: CLOUD\n|-damage|p1a: CLOUD|45\/100\n|move|p1a: CLOUD|Behemoth Blade|p2a: Sandslash\n|-damage|p2a: Sandslash|5\/100 par\n|\n|upkeep\n|turn|5\n|-activate|p2a: Sandslash|item: Quick Claw\n|\n|t:|1699628926\n|cant|p2a: Sandslash|par\n|move|p1a: CLOUD|Behemoth Blade|p2a: Sandslash\n|-damage|p2a: Sandslash|0 fnt\n|faint|p2a: Sandslash\n|\n|upkeep\n|\n|t:|1699628942\n|switch|p2a: Dondozo|Dondozo, F|100\/100\n|turn|6\n|\n|t:|1699628949\n|move|p1a: CLOUD|Play Rough|p2a: Dondozo\n|-damage|p2a: Dondozo|71\/100\n|move|p2a: Dondozo|Earthquake|p1a: CLOUD\n|-supereffective|p1a: CLOUD\n|-damage|p1a: CLOUD|0 fnt\n|faint|p1a: CLOUD\n|\n|-heal|p2a: Dondozo|77\/100|[from] item: Leftovers\n|upkeep\n|\n|t:|1699628959\n|switch|p1a: AERIS|Blissey, F, shiny|100\/100\n|turn|7\n|\n|t:|1699628976\n|switch|p2a: Garchomp|Garchomp, F|100\/100\n|move|p1a: AERIS|Thunder Wave|p2a: Garchomp\n|-immune|p2a: Garchomp\n|\n|upkeep\n|turn|8\n|\n|t:|1699628983\n|move|p2a: Garchomp|Substitute|p2a: Garchomp\n|-start|p2a: Garchomp|Substitute\n|-damage|p2a: Garchomp|76\/100\n|move|p1a: AERIS|Seismic Toss|p2a: Garchomp\n|-end|p2a: Garchomp|Substitute\n|\n|upkeep\n|turn|9\n|\n|t:|1699628990\n|move|p2a: Garchomp|Stealth Rock|p1a: AERIS\n|-sidestart|p1: americandragon79|move: Stealth Rock\n|move|p1a: AERIS|Seismic Toss|p2a: Garchomp\n|-damage|p2a: Garchomp|48\/100\n|-damage|p1a: AERIS|88\/100|[from] ability: Rough Skin|[of] p2a: Garchomp\n|-damage|p1a: AERIS|71\/100|[from] item: Rocky Helmet|[of] p2a: Garchomp\n|\n|-heal|p1a: AERIS|78\/100|[from] item: Leftovers\n|upkeep\n|turn|10\n|c|\u2606tomar matha|Can't guess\n|\n|t:|1699629011\n|move|p2a: Garchomp|Outrage|p1a: AERIS\n|-damage|p1a: AERIS|20\/100\n|move|p1a: AERIS|Seismic Toss|p2a: Garchomp\n|-damage|p2a: Garchomp|20\/100\n|-damage|p1a: AERIS|8\/100|[from] ability: Rough Skin|[of] p2a: Garchomp\n|-damage|p1a: AERIS|0 fnt|[from] item: Rocky Helmet|[of] p2a: Garchomp\n|faint|p1a: AERIS\n|\n|upkeep\n|c|\u2606americandragon79|Final fantasy 7\n|\n|t:|1699629024\n|switch|p1a: SEPHIROTH|Arceus, shiny|100\/100\n|-damage|p1a: SEPHIROTH|88\/100|[from] Stealth Rock\n|turn|11\n|\n|t:|1699629029\n|move|p1a: SEPHIROTH|Extreme Speed|p2a: Garchomp\n|-enditem|p1a: SEPHIROTH|Normal Gem|[from] gem\n|-damage|p2a: Garchomp|0 fnt\n|-damage|p1a: SEPHIROTH|76\/100|[from] ability: Rough Skin|[of] p2a: Garchomp\n|-damage|p1a: SEPHIROTH|59\/100|[from] item: Rocky Helmet|[of] p2a: Garchomp\n|faint|p2a: Garchomp\n|\n|upkeep\n|\n|t:|1699629040\n|switch|p2a: Wo-Chien|Wo-Chien|100\/100\n|-ability|p2a: Wo-Chien|Tablets of Ruin\n|turn|12\n|\n|t:|1699629045\n|move|p1a: SEPHIROTH|Swords Dance|p1a: SEPHIROTH\n|-boost|p1a: SEPHIROTH|atk|2\n|move|p2a: Wo-Chien|Leech Seed|p1a: SEPHIROTH\n|-start|p1a: SEPHIROTH|move: Leech Seed\n|\n|-damage|p1a: SEPHIROTH|47\/100|[from] Leech Seed|[of] p2a: Wo-Chien\n|upkeep\n|turn|13\n|c|\u2606tomar matha|Oww\n|\n|t:|1699629054\n|move|p1a: SEPHIROTH|Extreme Speed|p2a: Wo-Chien\n|-damage|p2a: Wo-Chien|51\/100\n|move|p2a: Wo-Chien|Reflect|p2a: Wo-Chien\n|-sidestart|p2: tomar matha|Reflect\n|\n|-damage|p1a: SEPHIROTH|34\/100|[from] Leech Seed|[of] p2a: Wo-Chien\n|-heal|p2a: Wo-Chien|65\/100|[silent]\n|upkeep\n|turn|14\n|\n|t:|1699629062\n|move|p1a: SEPHIROTH|Recover|p1a: SEPHIROTH\n|-heal|p1a: SEPHIROTH|84\/100\n|move|p2a: Wo-Chien|Knock Off|p1a: SEPHIROTH\n|-damage|p1a: SEPHIROTH|72\/100\n|\n|-damage|p1a: SEPHIROTH|60\/100|[from] Leech Seed|[of] p2a: Wo-Chien\n|-heal|p2a: Wo-Chien|80\/100|[silent]\n|upkeep\n|turn|15\n|\n|t:|1699629072\n|move|p1a: SEPHIROTH|Swords Dance|p1a: SEPHIROTH\n|-boost|p1a: SEPHIROTH|atk|2\n|move|p2a: Wo-Chien|Knock Off|p1a: SEPHIROTH\n|-damage|p1a: SEPHIROTH|46\/100\n|\n|-damage|p1a: SEPHIROTH|34\/100|[from] Leech Seed|[of] p2a: Wo-Chien\n|-heal|p2a: Wo-Chien|95\/100|[silent]\n|upkeep\n|turn|16\n|\n|t:|1699629080\n|move|p1a: SEPHIROTH|Recover|p1a: SEPHIROTH\n|-heal|p1a: SEPHIROTH|84\/100\n|move|p2a: Wo-Chien|Knock Off|p1a: SEPHIROTH\n|-damage|p1a: SEPHIROTH|71\/100\n|\n|-damage|p1a: SEPHIROTH|58\/100|[from] Leech Seed|[of] p2a: Wo-Chien\n|-heal|p2a: Wo-Chien|100\/100|[silent]\n|upkeep\n|turn|17\n|\n|t:|1699629089\n|move|p1a: SEPHIROTH|Swords Dance|p1a: SEPHIROTH\n|-boost|p1a: SEPHIROTH|atk|2\n|move|p2a: Wo-Chien|Knock Off|p1a: SEPHIROTH\n|-damage|p1a: SEPHIROTH|46\/100\n|\n|-damage|p1a: SEPHIROTH|34\/100|[from] Leech Seed|[of] p2a: Wo-Chien\n|-sideend|p2: tomar matha|Reflect\n|upkeep\n|turn|18\n|\n|t:|1699629099\n|move|p1a: SEPHIROTH|Recover|p1a: SEPHIROTH\n|-heal|p1a: SEPHIROTH|84\/100\n|move|p2a: Wo-Chien|Reflect|p2a: Wo-Chien\n|-sidestart|p2: tomar matha|Reflect\n|\n|-damage|p1a: SEPHIROTH|72\/100|[from] Leech Seed|[of] p2a: Wo-Chien\n|upkeep\n|turn|19\n|\n|t:|1699629106\n|switch|p2a: Dondozo|Dondozo, F|77\/100\n|-terastallize|p1a: SEPHIROTH|Normal\n|move|p1a: SEPHIROTH|Extreme Speed|p2a: Dondozo\n|-damage|p2a: Dondozo|58\/100\n|\n|-heal|p2a: Dondozo|64\/100|[from] item: Leftovers\n|-damage|p1a: SEPHIROTH|59\/100|[from] Leech Seed|[of] p2a: Dondozo\n|-heal|p2a: Dondozo|75\/100|[silent]\n|upkeep\n|turn|20\n|\n|t:|1699629118\n|move|p1a: SEPHIROTH|Recover|p1a: SEPHIROTH\n|-heal|p1a: SEPHIROTH|100\/100\n|move|p2a: Dondozo|Yawn|p1a: SEPHIROTH\n|-start|p1a: SEPHIROTH|move: Yawn|[of] p2a: Dondozo\n|\n|-heal|p2a: Dondozo|81\/100|[from] item: Leftovers\n|-damage|p1a: SEPHIROTH|88\/100|[from] Leech Seed|[of] p2a: Dondozo\n|-heal|p2a: Dondozo|92\/100|[silent]\n|upkeep\n|turn|21\n|\n|t:|1699629128\n|switch|p1a: ULTIMATE WEAPON|Miraidon|100\/100\n|-damage|p1a: ULTIMATE WEAPON|88\/100|[from] Stealth Rock\n|-fieldstart|move: Electric Terrain|[from] ability: Hadron Engine|[of] p1a: ULTIMATE WEAPON\n|move|p2a: Dondozo|Wave Crash|p1a: ULTIMATE WEAPON\n|-resisted|p1a: ULTIMATE WEAPON\n|-damage|p1a: ULTIMATE WEAPON|60\/100\n|-damage|p2a: Dondozo|86\/100|[from] Recoil\n|\n|-heal|p2a: Dondozo|92\/100|[from] item: Leftovers\n|upkeep\n|turn|22\n|\n|t:|1699629141\n|-terastallize|p2a: Dondozo|Ground\n|move|p1a: ULTIMATE WEAPON|Volt Switch|p2a: Dondozo\n|-immune|p2a: Dondozo\n|move|p2a: Dondozo|Earthquake|p1a: ULTIMATE WEAPON\n|-supereffective|p1a: ULTIMATE WEAPON\n|-enditem|p1a: ULTIMATE WEAPON|Shuca Berry|[eat]\n|-enditem|p1a: ULTIMATE WEAPON|Shuca Berry|[weaken]\n|-damage|p1a: ULTIMATE WEAPON|19\/100\n|\n|-heal|p2a: Dondozo|99\/100|[from] item: Leftovers\n|-sideend|p2: tomar matha|Reflect\n|upkeep\n|turn|23\n|\n|t:|1699629153\n|move|p1a: ULTIMATE WEAPON|Draco Meteor|p2a: Dondozo|[miss]\n|-miss|p1a: ULTIMATE WEAPON|p2a: Dondozo\n|move|p2a: Dondozo|Earthquake|p1a: ULTIMATE WEAPON\n|-supereffective|p1a: ULTIMATE WEAPON\n|-damage|p1a: ULTIMATE WEAPON|0 fnt\n|faint|p1a: ULTIMATE WEAPON\n|\n|-heal|p2a: Dondozo|100\/100|[from] item: Leftovers\n|upkeep\n|c|\u2606tomar matha|Luck\n|\n|t:|1699629163\n|switch|p1a: RUBY WEAPON|Koraidon|100\/100\n|-damage|p1a: RUBY WEAPON|94\/100|[from] Stealth Rock\n|-weather|SunnyDay|[from] ability: Orichalcum Pulse|[of] p1a: RUBY WEAPON\n|-activate|p1a: RUBY WEAPON|Orichalcum Pulse|[source]\n|turn|24\n|\n|t:|1699629177\n|move|p1a: RUBY WEAPON|Outrage|p2a: Dondozo\n|-damage|p2a: Dondozo|50\/100\n|move|p2a: Dondozo|Earthquake|p1a: RUBY WEAPON\n|-damage|p1a: RUBY WEAPON|56\/100\n|\n|-weather|SunnyDay|[upkeep]\n|-heal|p2a: Dondozo|56\/100|[from] item: Leftovers\n|upkeep\n|turn|25\n|c|\u2606americandragon79|I wasn't expecting tera ground\n|\n|t:|1699629198\n|move|p1a: RUBY WEAPON|Outrage|p2a: Dondozo|[from]lockedmove\n|-damage|p2a: Dondozo|6\/100\n|move|p2a: Dondozo|Earthquake|p1a: RUBY WEAPON\n|-damage|p1a: RUBY WEAPON|15\/100\n|\n|-weather|SunnyDay|[upkeep]\n|-heal|p2a: Dondozo|12\/100|[from] item: Leftovers\n|-fieldend|move: Electric Terrain\n|upkeep\n|turn|26\n|\n|t:|1699629208\n|move|p1a: RUBY WEAPON|Outrage|p2a: Dondozo|[from]lockedmove\n|-damage|p2a: Dondozo|0 fnt\n|faint|p2a: Dondozo\n|-start|p1a: RUBY WEAPON|confusion|[fatigue]\n|-enditem|p1a: RUBY WEAPON|Lum Berry|[eat]\n|-end|p1a: RUBY WEAPON|confusion\n|\n|-weather|SunnyDay|[upkeep]\n|upkeep\n|\n|t:|1699629212\n|switch|p2a: Talonflame|Talonflame, M|100\/100\n|turn|27\n|\n|t:|1699629220\n|move|p2a: Talonflame|Acrobatics|p1a: RUBY WEAPON\n|-supereffective|p1a: RUBY WEAPON\n|-damage|p1a: RUBY WEAPON|0 fnt\n|faint|p1a: RUBY WEAPON\n|\n|-weather|SunnyDay|[upkeep]\n|upkeep\n|\n|t:|1699629228\n|switch|p1a: JENOVA|Eternatus|100\/100\n|-damage|p1a: JENOVA|88\/100|[from] Stealth Rock\n|-ability|p1a: JENOVA|Pressure\n|turn|28\n|inactive|tomar matha has 120 seconds left.\n|\n|t:|1699629259\n|move|p2a: Talonflame|Air Slash|p1a: JENOVA\n|-damage|p1a: JENOVA|74\/100\n|move|p1a: JENOVA|Dynamax Cannon|p2a: Talonflame\n|-damage|p2a: Talonflame|22\/100\n|\n|-weather|none\n|-heal|p1a: JENOVA|80\/100|[from] item: Black Sludge\n|upkeep\n|turn|29\n|\n|t:|1699629268\n|move|p1a: JENOVA|Sludge Bomb|p2a: Talonflame\n|-damage|p2a: Talonflame|0 fnt\n|faint|p2a: Talonflame\n|\n|-heal|p1a: JENOVA|87\/100|[from] item: Black Sludge\n|upkeep\n|\n|t:|1699629276\n|switch|p2a: Wo-Chien|Wo-Chien|100\/100\n|-ability|p2a: Wo-Chien|Tablets of Ruin\n|turn|30\n|c|\u2606tomar matha|Well I lose\n|inactive|tomar matha has 120 seconds left.\n|-message|tomar matha forfeited.\n|\n|win|americandragon79\n|raw|americandragon79's rating: 1086 &rarr; <strong>1107<\/strong><br \/>(+21 for winning)\n|raw|tomar matha's rating: 1000 &rarr; <strong>1000<\/strong><br \/>(+0 for losing)\n|l|\u2606tomar matha\n|c|\u2606americandragon79|gg\n","uploadtime":1699629305,"views":5,"p1id":"americandragon79","p2id":"tomarmatha","formatid":"gen9ubers","rating":1000,"private":0,"password":""}