{"id":"gen9ubers-1973114943","p1":"superiax","p2":"Grant wifi","format":"[Gen 9] Ubers","log":"|j|\u2606superiax\n|j|\u2606Grant wifi\n|t:|1697929256\n|gametype|singles\n|player|p1|superiax|whitney|1263\n|player|p2|Grant wifi|1|1186\n|teamsize|p1|6\n|teamsize|p2|6\n|gen|9\n|tier|[Gen 9] Ubers\n|rated|\n|rule|Sleep Clause Mod: Limit one foe put to sleep\n|rule|Species Clause: Limit one of each Pok\u00e9mon\n|rule|OHKO Clause: OHKO moves are banned\n|rule|Evasion Items Clause: Evasion items are banned\n|rule|Evasion Moves Clause: Evasion moves are banned\n|rule|Endless Battle Clause: Forcing endless battles is banned\n|rule|HP Percentage Mod: HP is shown in percentages\n|clearpoke\n|poke|p1|Iron Bundle|\n|poke|p1|Magearna|\n|poke|p1|Kingambit, M|\n|poke|p1|Iron Moth|\n|poke|p1|Corviknight, M|\n|poke|p1|Ursaluna-Bloodmoon, M|\n|poke|p2|Flutter Mane|\n|poke|p2|Koraidon|\n|poke|p2|Heatran, M|\n|poke|p2|Kingambit, M|\n|poke|p2|Calyrex-Ice|\n|poke|p2|Ursaluna-Bloodmoon, M|\n|teampreview\n|inactive|Battle timer is ON: inactive players will automatically lose when time's up. (requested by superiax)\n|\n|t:|1697929278\n|start\n|switch|p1a: Iron Moth|Iron Moth, shiny|100\/100\n|switch|p2a: Ursaluna|Ursaluna-Bloodmoon, M|100\/100\n|turn|1\n|\n|t:|1697929288\n|-end|p1a: Iron Moth|Quark Drive|[silent]\n|switch|p1a: Nightwing|Corviknight, M, shiny|100\/100\n|move|p2a: Ursaluna|Calm Mind|p2a: Ursaluna\n|-boost|p2a: Ursaluna|spa|1\n|-boost|p2a: Ursaluna|spd|1\n|\n|upkeep\n|turn|2\n|\n|t:|1697929296\n|move|p1a: Nightwing|U-turn|p2a: Ursaluna\n|-damage|p2a: Ursaluna|90\/100\n|\n|t:|1697929300\n|switch|p1a: Iron Moth|Iron Moth, shiny|100\/100|[from] U-turn\n|move|p2a: Ursaluna|Blood Moon|p1a: Iron Moth\n|-damage|p1a: Iron Moth|22\/100\n|\n|upkeep\n|turn|3\n|\n|t:|1697929308\n|-terastallize|p1a: Iron Moth|Grass\n|move|p1a: Iron Moth|Energy Ball|p2a: Ursaluna\n|-supereffective|p2a: Ursaluna\n|-damage|p2a: Ursaluna|20\/100\n|-unboost|p2a: Ursaluna|spd|1\n|move|p2a: Ursaluna|Earth Power|p1a: Iron Moth\n|-resisted|p1a: Iron Moth\n|-damage|p1a: Iron Moth|0 fnt\n|faint|p1a: Iron Moth\n|-end|p1a: Iron Moth|Quark Drive|[silent]\n|\n|upkeep\n|\n|t:|1697929319\n|switch|p1a: Harley Quinn|Magearna|100\/100\n|turn|4\n|inactive|Grant wifi has 120 seconds left.\n|\n|t:|1697929353\n|switch|p1a: Nightwing|Corviknight, M, shiny|100\/100\n|move|p2a: Ursaluna|Vacuum Wave|p1a: Nightwing\n|-damage|p1a: Nightwing|77\/100\n|\n|upkeep\n|turn|5\n|\n|t:|1697929365\n|move|p1a: Nightwing|Roost|p1a: Nightwing\n|-heal|p1a: Nightwing|100\/100\n|-singleturn|p1a: Nightwing|move: Roost\n|move|p2a: Ursaluna|Blood Moon|p1a: Nightwing\n|-resisted|p1a: Nightwing\n|-damage|p1a: Nightwing|45\/100\n|\n|upkeep\n|turn|6\n|\n|t:|1697929374\n|move|p1a: Nightwing|Roost|p1a: Nightwing\n|-heal|p1a: Nightwing|95\/100\n|-singleturn|p1a: Nightwing|move: Roost\n|move|p2a: Ursaluna|Calm Mind|p2a: Ursaluna\n|-boost|p2a: Ursaluna|spa|1\n|-boost|p2a: Ursaluna|spd|1\n|\n|upkeep\n|turn|7\n|\n|t:|1697929388\n|switch|p1a: Harley Quinn|Magearna|100\/100\n|move|p2a: Ursaluna|Vacuum Wave|p1a: Harley Quinn\n|-damage|p1a: Harley Quinn|73\/100\n|\n|upkeep\n|turn|8\n|\n|t:|1697929396\n|move|p1a: Harley Quinn|Draining Kiss|p2a: Ursaluna\n|-crit|p2a: Ursaluna\n|-damage|p2a: Ursaluna|0 fnt\n|-heal|p1a: Harley Quinn|91\/100|[from] drain|[of] p2a: Ursaluna\n|faint|p2a: Ursaluna\n|-ability|p1a: Harley Quinn|Soul-Heart|boost\n|-boost|p1a: Harley Quinn|spa|1\n|\n|upkeep\n|\n|t:|1697929405\n|switch|p2a: Calyrex|Calyrex-Ice|100\/100\n|-ability|p2a: Calyrex|As One\n|-ability|p2a: Calyrex|Unnerve\n|turn|9\n|\n|t:|1697929410\n|move|p1a: Harley Quinn|Iron Defense|p1a: Harley Quinn\n|-boost|p1a: Harley Quinn|def|2\n|move|p2a: Calyrex|Trick Room|p2a: Calyrex\n|-fieldstart|move: Trick Room|[of] p2a: Calyrex\n|\n|upkeep\n|turn|10\n|\n|t:|1697929426\n|move|p2a: Calyrex|High Horsepower|p1a: Harley Quinn\n|-supereffective|p1a: Harley Quinn\n|-damage|p1a: Harley Quinn|63\/100\n|-enditem|p1a: Harley Quinn|Weakness Policy\n|-boost|p1a: Harley Quinn|atk|2|[from] item: Weakness Policy\n|-boost|p1a: Harley Quinn|spa|2|[from] item: Weakness Policy\n|move|p1a: Harley Quinn|Iron Defense|p1a: Harley Quinn\n|-boost|p1a: Harley Quinn|def|2\n|\n|upkeep\n|turn|11\n|\n|t:|1697929439\n|move|p2a: Calyrex|High Horsepower|p1a: Harley Quinn|[miss]\n|-miss|p2a: Calyrex|p1a: Harley Quinn\n|move|p1a: Harley Quinn|Draining Kiss|p2a: Calyrex\n|-damage|p2a: Calyrex|64\/100\n|-heal|p1a: Harley Quinn|93\/100|[from] drain|[of] p2a: Calyrex\n|\n|upkeep\n|turn|12\n|\n|t:|1697929454\n|switch|p2a: Heatran|Heatran, M|100\/100\n|move|p1a: Harley Quinn|Calm Mind|p1a: Harley Quinn\n|-boost|p1a: Harley Quinn|spa|1\n|-boost|p1a: Harley Quinn|spd|1\n|\n|upkeep\n|turn|13\n|\n|t:|1697929470\n|move|p1a: Harley Quinn|Calm Mind|p1a: Harley Quinn\n|-boost|p1a: Harley Quinn|spa|1\n|-boost|p1a: Harley Quinn|spd|1\n|move|p2a: Heatran|Magma Storm|p1a: Harley Quinn\n|-supereffective|p1a: Harley Quinn\n|-damage|p1a: Harley Quinn|56\/100\n|-activate|p1a: Harley Quinn|move: Magma Storm|[of] p2a: Heatran\n|\n|-damage|p1a: Harley Quinn|43\/100|[from] move: Magma Storm|[partiallytrapped]\n|-fieldend|move: Trick Room\n|upkeep\n|turn|14\n|\n|t:|1697929478\n|move|p2a: Heatran|Magma Storm|p1a: Harley Quinn\n|-supereffective|p1a: Harley Quinn\n|-damage|p1a: Harley Quinn|9\/100\n|move|p1a: Harley Quinn|Stored Power|p2a: Heatran\n|-resisted|p2a: Heatran\n|-damage|p2a: Heatran|18\/100\n|\n|-heal|p2a: Heatran|25\/100|[from] item: Leftovers\n|-damage|p1a: Harley Quinn|0 fnt|[from] move: Magma Storm|[partiallytrapped]\n|faint|p1a: Harley Quinn\n|upkeep\n|\n|t:|1697929490\n|switch|p1a: Mr. Freeze|Iron Bundle, shiny|100\/100\n|turn|15\n|\n|t:|1697929497\n|move|p1a: Mr. Freeze|Flip Turn|p2a: Heatran\n|-supereffective|p2a: Heatran\n|-damage|p2a: Heatran|0 fnt\n|faint|p2a: Heatran\n|\n|t:|1697929503\n|-end|p1a: Mr. Freeze|Quark Drive|[silent]\n|switch|p1a: Clayface|Ursaluna-Bloodmoon, M|100\/100|[from] Flip Turn\n|\n|upkeep\n|\n|t:|1697929510\n|switch|p2a: Calyrex|Calyrex-Ice|64\/100\n|-ability|p2a: Calyrex|As One\n|-ability|p2a: Calyrex|Unnerve\n|turn|16\n|\n|t:|1697929520\n|move|p1a: Clayface|Blood Moon|p2a: Calyrex\n|-damage|p2a: Calyrex|9\/100\n|move|p2a: Calyrex|Glacial Lance|p1a: Clayface\n|-supereffective|p1a: Clayface\n|-damage|p1a: Clayface|0 fnt\n|faint|p1a: Clayface\n|-ability|p2a: Calyrex|Chilling Neigh|boost\n|-boost|p2a: Calyrex|atk|1\n|\n|upkeep\n|\n|t:|1697929531\n|switch|p1a: Mr. Freeze|Iron Bundle, shiny|100\/100\n|turn|17\n|\n|t:|1697929536\n|move|p1a: Mr. Freeze|Flip Turn|p2a: Calyrex\n|-damage|p2a: Calyrex|0 fnt\n|faint|p2a: Calyrex\n|\n|t:|1697929542\n|-end|p1a: Mr. Freeze|Quark Drive|[silent]\n|switch|p1a: Nightwing|Corviknight, M, shiny|95\/100|[from] Flip Turn\n|\n|upkeep\n|\n|t:|1697929549\n|switch|p2a: Koraidon|Koraidon|100\/100\n|-weather|SunnyDay|[from] ability: Orichalcum Pulse|[of] p2a: Koraidon\n|-activate|p2a: Koraidon|Orichalcum Pulse|[source]\n|turn|18\n|\n|t:|1697929555\n|move|p2a: Koraidon|Flame Charge|p1a: Nightwing\n|-supereffective|p1a: Nightwing\n|-damage|p1a: Nightwing|29\/100\n|-boost|p2a: Koraidon|spe|1\n|-damage|p2a: Koraidon|84\/100|[from] item: Rocky Helmet|[of] p1a: Nightwing\n|-damage|p2a: Koraidon|74\/100|[from] item: Life Orb\n|move|p1a: Nightwing|Brave Bird|p2a: Koraidon\n|-supereffective|p2a: Koraidon\n|-damage|p2a: Koraidon|11\/100\n|-damage|p1a: Nightwing|11\/100|[from] Recoil\n|\n|-weather|SunnyDay|[upkeep]\n|upkeep\n|turn|19\n|\n|t:|1697929568\n|move|p2a: Koraidon|Flame Charge|p1a: Nightwing\n|-supereffective|p1a: Nightwing\n|-crit|p1a: Nightwing\n|-damage|p1a: Nightwing|0 fnt\n|-boost|p2a: Koraidon|spe|1\n|-damage|p2a: Koraidon|0 fnt|[from] item: Rocky Helmet|[of] p1a: Nightwing\n|faint|p1a: Nightwing\n|faint|p2a: Koraidon\n|\n|-weather|SunnyDay|[upkeep]\n|upkeep\n|\n|t:|1697929579\n|switch|p2a: Kingambit|Kingambit, M|100\/100\n|switch|p1a: Robin|Kingambit, M, shiny|100\/100\n|-activate|p1a: Robin|ability: Supreme Overlord\n|-start|p1a: Robin|fallen4|[silent]\n|-activate|p2a: Kingambit|ability: Supreme Overlord\n|-start|p2a: Kingambit|fallen4|[silent]\n|turn|20\n|\n|t:|1697929590\n|-terastallize|p2a: Kingambit|Flying\n|move|p1a: Robin|Swords Dance|p1a: Robin\n|-boost|p1a: Robin|atk|2\n|move|p2a: Kingambit|Kowtow Cleave|p1a: Robin\n|-resisted|p1a: Robin\n|-damage|p1a: Robin|74\/100\n|\n|-weather|SunnyDay|[upkeep]\n|-heal|p1a: Robin|81\/100|[from] item: Leftovers\n|upkeep\n|turn|21\n|\n|t:|1697929603\n|move|p1a: Robin|Kowtow Cleave|p2a: Kingambit\n|-enditem|p2a: Kingambit|Focus Sash\n|-damage|p2a: Kingambit|1\/100\n|move|p2a: Kingambit|Swords Dance|p2a: Kingambit\n|-boost|p2a: Kingambit|atk|2\n|\n|-weather|SunnyDay|[upkeep]\n|-heal|p1a: Robin|87\/100|[from] item: Leftovers\n|upkeep\n|turn|22\n|\n|t:|1697929612\n|move|p1a: Robin|Sucker Punch|p2a: Kingambit\n|-damage|p2a: Kingambit|0 fnt\n|faint|p2a: Kingambit\n|-end|p2a: Kingambit|fallen4|[silent]\n|\n|-weather|none\n|-heal|p1a: Robin|93\/100|[from] item: Leftovers\n|upkeep\n|\n|t:|1697929615\n|switch|p2a: Flutter Mane|Flutter Mane|100\/100\n|turn|23\n|c|\u2606superiax|gg\n|\n|t:|1697929621\n|move|p1a: Robin|Sucker Punch|p2a: Flutter Mane\n|-damage|p2a: Flutter Mane|0 fnt\n|faint|p2a: Flutter Mane\n|-end|p2a: Flutter Mane|Protosynthesis|[silent]\n|\n|win|superiax\n|raw|superiax's rating: 1263 &rarr; <strong>1283<\/strong><br \/>(+20 for winning)\n|raw|Grant wifi's rating: 1186 &rarr; <strong>1166<\/strong><br \/>(-20 for losing)\n|l|\u2606Grant wifi\n","uploadtime":1697929630,"views":11,"p1id":"superiax","p2id":"grantwifi","formatid":"gen9ubers","rating":1166,"private":0,"password":""}