{"id":"gen9ubers-1996703389","p1":"Mouseattack","p2":"DailyParsley176","format":"[Gen 9] Ubers","log":"|j|\u2606Mouseattack\n|j|\u2606DailyParsley176\n|t:|1700711893\n|gametype|singles\n|player|p1|Mouseattack|koga|1198\n|player|p2|DailyParsley176|102|1108\n|teamsize|p1|6\n|teamsize|p2|6\n|gen|9\n|tier|[Gen 9] Ubers\n|rated|\n|rule|Sleep Clause Mod: Limit one foe put to sleep\n|rule|Species Clause: Limit one of each Pok\u00e9mon\n|rule|OHKO Clause: OHKO moves are banned\n|rule|Evasion Items Clause: Evasion items are banned\n|rule|Evasion Moves Clause: Evasion moves are banned\n|rule|Endless Battle Clause: Forcing endless battles is banned\n|rule|HP Percentage Mod: HP is shown in percentages\n|clearpoke\n|poke|p1|Koraidon|\n|poke|p1|Great Tusk|\n|poke|p1|Baxcalibur, M|\n|poke|p1|Arceus-Ghost|\n|poke|p1|Zacian-*|\n|poke|p1|Ribombee, M|\n|poke|p2|Mewtwo|\n|poke|p2|Dialga-Origin|\n|poke|p2|Groudon|\n|poke|p2|Koraidon|\n|poke|p2|Arceus-Fairy|\n|poke|p2|Darkrai|\n|teampreview\n|inactive|Battle timer is ON: inactive players will automatically lose when time's up. (requested by Mouseattack)\n|\n|t:|1700711913\n|start\n|switch|p1a: Ribombee|Ribombee, M|100\/100\n|switch|p2a: Mewtwo|Mewtwo|100\/100\n|-ability|p2a: Mewtwo|Pressure\n|turn|1\n|\n|t:|1700711922\n|switch|p2a: Dialga|Dialga-Origin|100\/100\n|-ability|p2a: Dialga|Pressure\n|move|p1a: Ribombee|Stun Spore|p2a: Dialga\n|-status|p2a: Dialga|par\n|\n|upkeep\n|turn|2\n|\n|t:|1700711931\n|move|p1a: Ribombee|Sticky Web|p2a: Dialga\n|-sidestart|p2: DailyParsley176|move: Sticky Web\n|move|p2a: Dialga|Stealth Rock|p1a: Ribombee\n|-sidestart|p1: Mouseattack|move: Stealth Rock\n|\n|upkeep\n|turn|3\n|\n|t:|1700711936\n|move|p1a: Ribombee|Moonblast|p2a: Dialga\n|-damage|p2a: Dialga|66\/100 par\n|move|p2a: Dialga|Flash Cannon|p1a: Ribombee\n|-supereffective|p1a: Ribombee\n|-enditem|p1a: Ribombee|Focus Sash\n|-damage|p1a: Ribombee|1\/100\n|\n|upkeep\n|turn|4\n|\n|t:|1700711947\n|move|p1a: Ribombee|Moonblast|p2a: Dialga\n|-damage|p2a: Dialga|29\/100 par\n|move|p2a: Dialga|Flash Cannon|p1a: Ribombee\n|-supereffective|p1a: Ribombee\n|-damage|p1a: Ribombee|0 fnt\n|faint|p1a: Ribombee\n|\n|upkeep\n|\n|t:|1700711958\n|switch|p1a: Zacian|Zacian-Crowned|100\/100\n|-damage|p1a: Zacian|94\/100|[from] Stealth Rock\n|-ability|p1a: Zacian|Intrepid Sword|boost\n|-boost|p1a: Zacian|atk|1\n|turn|5\n|\n|t:|1700711965\n|move|p1a: Zacian|Swords Dance|p1a: Zacian\n|-boost|p1a: Zacian|atk|2\n|move|p2a: Dialga|Thunderbolt|p1a: Zacian\n|-damage|p1a: Zacian|60\/100\n|\n|upkeep\n|turn|6\n|\n|t:|1700711973\n|move|p1a: Zacian|Behemoth Blade|p2a: Dialga\n|-resisted|p2a: Dialga\n|-damage|p2a: Dialga|0 fnt\n|faint|p2a: Dialga\n|\n|upkeep\n|\n|t:|1700711986\n|switch|p2a: Koraidon|Koraidon|100\/100\n|-activate|p2a: Koraidon|move: Sticky Web\n|-unboost|p2a: Koraidon|spe|1\n|-weather|SunnyDay|[from] ability: Orichalcum Pulse|[of] p2a: Koraidon\n|-activate|p2a: Koraidon|Orichalcum Pulse|[source]\n|turn|7\n|\n|t:|1700711994\n|move|p1a: Zacian|Play Rough|p2a: Koraidon\n|-supereffective|p2a: Koraidon\n|-damage|p2a: Koraidon|0 fnt\n|faint|p2a: Koraidon\n|\n|-weather|SunnyDay|[upkeep]\n|upkeep\n|-message|DailyParsley176 forfeited.\n|\n|win|Mouseattack\n|raw|Mouseattack's rating: 1198 &rarr; <strong>1217<\/strong><br \/>(+19 for winning)\n|raw|DailyParsley176's rating: 1108 &rarr; <strong>1089<\/strong><br \/>(-19 for losing)\n|l|\u2606DailyParsley176\n","uploadtime":1700712012,"views":4,"p1id":"mouseattack","p2id":"dailyparsley176","formatid":"gen9ubers","rating":1089,"private":0,"password":""}