{"id":"gen9ubers-1976847997","p1":"Inder","p2":"PerryP.Platypus","format":"[Gen 9] Ubers","log":"|j|\u2606Inder\n|j|\u2606PerryP.Platypus\n|t:|1698346218\n|gametype|singles\n|player|p1|Inder|lucas|\n|player|p2|PerryP.Platypus|unknown|\n|teamsize|p1|6\n|teamsize|p2|6\n|gen|9\n|tier|[Gen 9] Ubers\n|rated|Tournament battle\n|rule|Sleep Clause Mod: Limit one foe put to sleep\n|rule|Species Clause: Limit one of each Pok\u00e9mon\n|rule|OHKO Clause: OHKO moves are banned\n|rule|Evasion Items Clause: Evasion items are banned\n|rule|Evasion Moves Clause: Evasion moves are banned\n|rule|Endless Battle Clause: Forcing endless battles is banned\n|rule|HP Percentage Mod: HP is shown in percentages\n|clearpoke\n|poke|p1|Kyogre|\n|poke|p1|Koraidon|\n|poke|p1|Corviknight, M|\n|poke|p1|Arceus-Ground|\n|poke|p1|Flutter Mane|\n|poke|p1|Landorus-Therian, M|\n|poke|p2|Basculegion, M|\n|poke|p2|Kyogre|\n|poke|p2|Arceus|\n|poke|p2|Pelipper, M|\n|poke|p2|Zacian-*|\n|poke|p2|Giratina|\n|teampreview\n|inactive|Battle timer is ON: inactive players will automatically lose when time's up. (requested by Inder)\n|j|+RichardMillePlain\n|inactive|Inder has 120 seconds left.\n|j|+OreoSpeedruns\n|\n|t:|1698346267\n|start\n|switch|p1a: Kyogre|Kyogre|100\/100\n|switch|p2a: Zacian|Zacian-Crowned|100\/100\n|-ability|p2a: Zacian|Intrepid Sword|boost\n|-boost|p2a: Zacian|atk|1\n|-weather|RainDance|[from] ability: Drizzle|[of] p1a: Kyogre\n|turn|1\n|c|+OreoSpeedruns|lgi inder goat\n|j| Liesengang\n|c|\u2606Inder|indeed im the goat\n|\n|t:|1698346291\n|switch|p1a: Landorus|Landorus-Therian, M|100\/100\n|-ability|p1a: Landorus|Intimidate|boost\n|-unboost|p2a: Zacian|atk|1\n|move|p2a: Zacian|Trailblaze|p1a: Landorus\n|-damage|p1a: Landorus|86\/100\n|-boost|p2a: Zacian|spe|1\n|-damage|p2a: Zacian|84\/100|[from] item: Rocky Helmet|[of] p1a: Landorus\n|\n|-weather|RainDance|[upkeep]\n|upkeep\n|turn|2\n|\n|t:|1698346301\n|move|p2a: Zacian|Swords Dance|p2a: Zacian\n|-boost|p2a: Zacian|atk|2\n|move|p1a: Landorus|Earthquake|p2a: Zacian\n|-supereffective|p2a: Zacian\n|-damage|p2a: Zacian|0 fnt\n|faint|p2a: Zacian\n|\n|-weather|RainDance|[upkeep]\n|upkeep\n|\n|t:|1698346321\n|switch|p2a: Kyogre|Kyogre|100\/100\n|turn|3\n|inactive|Inder has 120 seconds left.\n|\n|t:|1698346373\n|switch|p1a: Flutter Mane|Flutter Mane|100\/100\n|move|p2a: Kyogre|Ice Beam|p1a: Flutter Mane\n|-damage|p1a: Flutter Mane|77\/100\n|\n|-weather|RainDance|[upkeep]\n|upkeep\n|turn|4\n|\n|t:|1698346380\n|switch|p2a: Arceus|Arceus|100\/100\n|move|p1a: Flutter Mane|Thunder|p2a: Arceus\n|-damage|p2a: Arceus|72\/100\n|\n|-weather|RainDance|[upkeep]\n|-heal|p2a: Arceus|78\/100|[from] item: Leftovers\n|upkeep\n|turn|5\n|j| ult4cp staller\n|\n|t:|1698346407\n|-end|p1a: Flutter Mane|Protosynthesis|[silent]\n|switch|p1a: Landorus|Landorus-Therian, M|86\/100\n|-ability|p1a: Landorus|Intimidate|boost\n|-unboost|p2a: Arceus|atk|1\n|move|p2a: Arceus|Swords Dance|p2a: Arceus\n|-boost|p2a: Arceus|atk|2\n|\n|-weather|none\n|-heal|p2a: Arceus|84\/100|[from] item: Leftovers\n|upkeep\n|turn|6\n|j| Quad-sensei\n|\n|t:|1698346411\n|move|p2a: Arceus|Swords Dance|p2a: Arceus\n|-boost|p2a: Arceus|atk|2\n|move|p1a: Landorus|Earthquake|p2a: Arceus\n|-damage|p2a: Arceus|54\/100\n|\n|-heal|p2a: Arceus|61\/100|[from] item: Leftovers\n|upkeep\n|turn|7\n|\n|t:|1698346414\n|move|p2a: Arceus|Swords Dance|p2a: Arceus\n|-boost|p2a: Arceus|atk|2\n|move|p1a: Landorus|U-turn|p2a: Arceus\n|-damage|p2a: Arceus|45\/100\n|\n|t:|1698346420\n|switch|p1a: Flutter Mane|Flutter Mane|77\/100|[from] U-turn\n|\n|-heal|p2a: Arceus|52\/100|[from] item: Leftovers\n|upkeep\n|turn|8\n|\n|t:|1698346423\n|-terastallize|p1a: Flutter Mane|Fairy\n|move|p1a: Flutter Mane|Moonblast|p2a: Arceus\n|-damage|p2a: Arceus|2\/100\n|move|p2a: Arceus|Recover|p2a: Arceus\n|-heal|p2a: Arceus|52\/100\n|\n|-heal|p2a: Arceus|58\/100|[from] item: Leftovers\n|upkeep\n|turn|9\n|\n|t:|1698346431\n|-end|p1a: Flutter Mane|Protosynthesis|[silent]\n|switch|p1a: Landorus|Landorus-Therian, M|86\/100\n|-ability|p1a: Landorus|Intimidate|boost\n|-unboost|p2a: Arceus|atk|1\n|move|p2a: Arceus|Extreme Speed|p1a: Landorus\n|-damage|p1a: Landorus|0 fnt\n|-damage|p2a: Arceus|41\/100|[from] item: Rocky Helmet|[of] p1a: Landorus\n|faint|p1a: Landorus\n|\n|-heal|p2a: Arceus|47\/100|[from] item: Leftovers\n|upkeep\n|\n|t:|1698346436\n|switch|p1a: Arceus|Arceus-Ground|100\/100\n|turn|10\n|\n|t:|1698346439\n|move|p1a: Arceus|Earthquake|p2a: Arceus\n|-damage|p2a: Arceus|3\/100\n|move|p2a: Arceus|Swords Dance|p2a: Arceus\n|-boost|p2a: Arceus|atk|2\n|\n|-heal|p2a: Arceus|9\/100|[from] item: Leftovers\n|upkeep\n|turn|11\n|\n|t:|1698346450\n|move|p2a: Arceus|Extreme Speed|p1a: Arceus\n|-damage|p1a: Arceus|0 fnt\n|faint|p1a: Arceus\n|\n|-heal|p2a: Arceus|15\/100|[from] item: Leftovers\n|upkeep\n|\n|t:|1698346452\n|switch|p1a: Corviknight|Corviknight, M|100\/100\n|-ability|p1a: Corviknight|Pressure\n|turn|12\n|\n|t:|1698346454\n|move|p2a: Arceus|Recover|p2a: Arceus\n|-heal|p2a: Arceus|65\/100\n|move|p1a: Corviknight|U-turn|p2a: Arceus\n|-damage|p2a: Arceus|55\/100\n|c|\u2606Inder|g\n|c|\u2606Inder|g\n|c|\u2606PerryP.Platypus|gg\n|-message|Inder forfeited.\n|\n|win|PerryP.Platypus\n|n|\u2606Inder|inder\n|n|\u2606PerryP.Platypus|perrypplatypus\n|n| RichardMillePlain|richardmilleplain\n|n| OreoSpeedruns|oreospeedruns\n|n| Liesengang|liesengang\n|n| ult4cp staller|ult4cpstaller\n|n| Quad-sensei|quadsensei\n|c|\u2606PerryP.Platypus|wp\n|l|\u2606Inder\n|c| ult4cp staller|big plays\n|l| ult4cp staller\n|l| OreoSpeedruns\n|l| Quad-sensei\n","uploadtime":1698346466,"views":15,"p1id":"inder","p2id":"perrypplatypus","formatid":"gen9ubers","rating":0,"private":0,"password":""}