{"id":"gen9ubers-1995071511","p1":"jacothaptrllr","p2":"Tactical31","format":"[Gen 9] Ubers","log":"|j|\u2606jacothaptrllr\n|j|\u2606Tactical31\n|t:|1700519430\n|gametype|singles\n|player|p1|jacothaptrllr|chuck|1183\n|player|p2|Tactical31|iris|1132\n|teamsize|p1|6\n|teamsize|p2|6\n|gen|9\n|tier|[Gen 9] Ubers\n|rated|\n|rule|Sleep Clause Mod: Limit one foe put to sleep\n|rule|Species Clause: Limit one of each Pok\u00e9mon\n|rule|OHKO Clause: OHKO moves are banned\n|rule|Evasion Items Clause: Evasion items are banned\n|rule|Evasion Moves Clause: Evasion moves are banned\n|rule|Endless Battle Clause: Forcing endless battles is banned\n|rule|HP Percentage Mod: HP is shown in percentages\n|clearpoke\n|poke|p1|Ribombee, F|\n|poke|p1|Mimikyu, F|\n|poke|p1|Indeedee, M|\n|poke|p1|Duskull, M|\n|poke|p1|Basculegion, M|\n|poke|p1|Morgrem, M|\n|poke|p2|Gliscor, F|\n|poke|p2|Thundurus-Therian, M|\n|poke|p2|Heatran, M|\n|poke|p2|Ogerpon, F|\n|poke|p2|Noivern, F|\n|poke|p2|Weezing-Galar, F|\n|teampreview\n|inactive|Battle timer is ON: inactive players will automatically lose when time's up. (requested by jacothaptrllr)\n|inactive|jacothaptrllr has 120 seconds left.\n|\n|t:|1700519465\n|start\n|switch|p1a: shwwomp|Ribombee, F|100\/100\n|switch|p2a: Heatran|Heatran, M|100\/100\n|turn|1\n|\n|t:|1700519474\n|move|p1a: shwwomp|Sticky Web|p2a: Heatran\n|-sidestart|p2: Tactical31|move: Sticky Web\n|move|p2a: Heatran|Stealth Rock|p1a: shwwomp\n|-sidestart|p1: jacothaptrllr|move: Stealth Rock\n|\n|upkeep\n|turn|2\n|\n|t:|1700519483\n|move|p1a: shwwomp|Stun Spore|p2a: Heatran|[miss]\n|-miss|p1a: shwwomp|p2a: Heatran\n|move|p2a: Heatran|Magma Storm|p1a: shwwomp\n|-supereffective|p1a: shwwomp\n|-enditem|p1a: shwwomp|Focus Sash\n|-damage|p1a: shwwomp|1\/100\n|-activate|p1a: shwwomp|move: Magma Storm|[of] p2a: Heatran\n|\n|-damage|p1a: shwwomp|0 fnt|[from] move: Magma Storm|[partiallytrapped]\n|faint|p1a: shwwomp\n|upkeep\n|\n|t:|1700519497\n|switch|p1a: gobekli tepe|Duskull, M|100\/100\n|-damage|p1a: gobekli tepe|88\/100|[from] Stealth Rock\n|turn|3\n|\n|t:|1700519503\n|move|p2a: Heatran|Steel Beam|p1a: gobekli tepe\n|-damage|p1a: gobekli tepe|0 fnt\n|-damage|p2a: Heatran|50\/100|[from] steelbeam\n|faint|p1a: gobekli tepe\n|\n|upkeep\n|\n|t:|1700519510\n|switch|p1a: kathompp|Mimikyu, F|100\/100\n|-damage|p1a: kathompp|88\/100|[from] Stealth Rock\n|turn|4\n|\n|t:|1700519516\n|move|p1a: kathompp|Swords Dance|p1a: kathompp\n|-boost|p1a: kathompp|atk|2\n|move|p2a: Heatran|Steel Beam|p1a: kathompp\n|-activate|p1a: kathompp|ability: Disguise\n|-damage|p1a: kathompp|88\/100\n|-damage|p2a: Heatran|0 fnt|[from] steelbeam\n|faint|p2a: Heatran\n|detailschange|p1a: kathompp|Mimikyu-Busted, F\n|-damage|p1a: kathompp|76\/100|[from] pokemon: Mimikyu-Busted\n|\n|upkeep\n|\n|t:|1700519518\n|switch|p2a: Weezing|Weezing-Galar, F|100\/100\n|-ability|p2a: Weezing|Neutralizing Gas\n|-activate|p2a: Weezing|move: Sticky Web\n|-unboost|p2a: Weezing|spe|1\n|turn|5\n|\n|t:|1700519528\n|move|p1a: kathompp|Destiny Bond|p1a: kathompp\n|-singlemove|p1a: kathompp|Destiny Bond\n|move|p2a: Weezing|Haze|p2a: Weezing\n|-clearallboost\n|\n|upkeep\n|turn|6\n|\n|t:|1700519537\n|move|p1a: kathompp|Swords Dance|p1a: kathompp\n|-boost|p1a: kathompp|atk|2\n|move|p2a: Weezing|Defog|p1a: kathompp\n|-unboost|p1a: kathompp|evasion|1\n|-sideend|p1: jacothaptrllr|Stealth Rock|[from] move: Defog|[of] p2a: Weezing\n|-sideend|p2: Tactical31|Sticky Web|[from] move: Defog|[of] p2a: Weezing\n|\n|upkeep\n|turn|7\n|\n|t:|1700519553\n|move|p1a: kathompp|Play Rough|p2a: Weezing\n|-resisted|p2a: Weezing\n|-damage|p2a: Weezing|59\/100\n|-damage|p1a: kathompp|59\/100|[from] item: Rocky Helmet|[of] p2a: Weezing\n|-damage|p1a: kathompp|50\/100|[from] item: Life Orb\n|move|p2a: Weezing|Haze|p2a: Weezing\n|-clearallboost\n|\n|upkeep\n|turn|8\n|\n|t:|1700519561\n|move|p1a: kathompp|Destiny Bond|p1a: kathompp\n|-singlemove|p1a: kathompp|Destiny Bond\n|move|p2a: Weezing|Haze|p2a: Weezing\n|-clearallboost\n|\n|upkeep\n|turn|9\n|\n|t:|1700519567\n|move|p1a: kathompp|Swords Dance|p1a: kathompp\n|-boost|p1a: kathompp|atk|2\n|move|p2a: Weezing|Haze|p2a: Weezing\n|-clearallboost\n|\n|upkeep\n|turn|10\n|\n|t:|1700519572\n|move|p1a: kathompp|Play Rough|p2a: Weezing\n|-resisted|p2a: Weezing\n|-damage|p2a: Weezing|39\/100\n|-unboost|p2a: Weezing|atk|1\n|-damage|p1a: kathompp|33\/100|[from] item: Rocky Helmet|[of] p2a: Weezing\n|-damage|p1a: kathompp|23\/100|[from] item: Life Orb\n|move|p2a: Weezing|Play Rough|p1a: kathompp\n|-damage|p1a: kathompp|0 fnt\n|faint|p1a: kathompp\n|\n|upkeep\n|\n|t:|1700519587\n|switch|p1a: Morgrem|Morgrem, M|100\/100\n|turn|11\n|\n|t:|1700519600\n|move|p1a: Morgrem|Trick|p2a: Weezing\n|-activate|p1a: Morgrem|move: Trick|[of] p2a: Weezing\n|-item|p2a: Weezing|Toxic Orb|[from] move: Trick\n|-item|p1a: Morgrem|Rocky Helmet|[from] move: Trick\n|move|p2a: Weezing|Play Rough|p1a: Morgrem\n|-supereffective|p1a: Morgrem\n|-damage|p1a: Morgrem|46\/100\n|-damage|p2a: Weezing|23\/100|[from] item: Rocky Helmet|[of] p1a: Morgrem\n|\n|upkeep\n|turn|12\n|\n|t:|1700519608\n|move|p1a: Morgrem|Thunder Wave|p2a: Weezing\n|-status|p2a: Weezing|par\n|move|p2a: Weezing|Play Rough|p1a: Morgrem\n|-supereffective|p1a: Morgrem\n|-damage|p1a: Morgrem|0 fnt\n|-damage|p2a: Weezing|6\/100 par|[from] item: Rocky Helmet|[of] p1a: Morgrem\n|faint|p1a: Morgrem\n|\n|upkeep\n|\n|t:|1700519618\n|switch|p1a: malala|Indeedee, M|100\/100\n|turn|13\n|\n|t:|1700519630\n|move|p1a: malala|Skill Swap||[still]\n|-fail|p1a: malala\n|move|p2a: Weezing|Haze|p2a: Weezing\n|-clearallboost\n|\n|upkeep\n|turn|14\n|\n|t:|1700519637\n|move|p1a: malala|Encore|p2a: Weezing\n|-start|p2a: Weezing|Encore\n|cant|p2a: Weezing|par\n|\n|upkeep\n|turn|15\n|\n|t:|1700519646\n|move|p1a: malala|Healing Wish|p1a: malala\n|faint|p1a: malala\n|move|p2a: Weezing|Haze|p2a: Weezing\n|-clearallboost\n|\n|upkeep\n|\n|t:|1700519649\n|switch|p1a: tRiDactyL SpYrIT|Basculegion, M|100\/100\n|turn|16\n|\n|t:|1700519653\n|-terastallize|p1a: tRiDactyL SpYrIT|Ghost\n|move|p1a: tRiDactyL SpYrIT|Last Respects|p2a: Weezing\n|-damage|p2a: Weezing|0 fnt\n|faint|p2a: Weezing\n|-end|p2a: Weezing|ability: Neutralizing Gas\n|\n|upkeep\n|\n|t:|1700519661\n|switch|p2a: Thundurus|Thundurus-Therian, M|100\/100\n|turn|17\n|\n|t:|1700519667\n|-terastallize|p2a: Thundurus|Electric\n|move|p2a: Thundurus|Electro Ball|p1a: tRiDactyL SpYrIT\n|-damage|p1a: tRiDactyL SpYrIT|47\/100\n|move|p1a: tRiDactyL SpYrIT|Last Respects|p2a: Thundurus\n|-damage|p2a: Thundurus|0 fnt\n|faint|p2a: Thundurus\n|\n|upkeep\n|\n|t:|1700519674\n|switch|p2a: Ogerpon|Ogerpon, F|100\/100\n|turn|18\n|\n|t:|1700519683\n|move|p1a: tRiDactyL SpYrIT|Last Respects|p2a: Ogerpon\n|-damage|p2a: Ogerpon|0 fnt\n|faint|p2a: Ogerpon\n|\n|upkeep\n|\n|t:|1700519688\n|switch|p2a: Noivern|Noivern, F|100\/100\n|-item|p1a: tRiDactyL SpYrIT|Choice Scarf|[from] ability: Frisk|[of] p2a: Noivern|[identify]\n|turn|19\n|\n|t:|1700519696\n|move|p1a: tRiDactyL SpYrIT|Last Respects|p2a: Noivern\n|-damage|p2a: Noivern|0 fnt\n|faint|p2a: Noivern\n|\n|upkeep\n|\n|t:|1700519698\n|switch|p2a: Gliscor|Gliscor, F|100\/100\n|turn|20\n|\n|t:|1700519702\n|move|p2a: Gliscor|Protect|p2a: Gliscor\n|-singleturn|p2a: Gliscor|Protect\n|move|p1a: tRiDactyL SpYrIT|Last Respects|p2a: Gliscor\n|-activate|p2a: Gliscor|move: Protect\n|\n|-status|p2a: Gliscor|tox|[from] item: Toxic Orb\n|upkeep\n|turn|21\n|\n|t:|1700519705\n|move|p1a: tRiDactyL SpYrIT|Last Respects|p2a: Gliscor\n|-damage|p2a: Gliscor|0 fnt\n|faint|p2a: Gliscor\n|\n|win|jacothaptrllr\n|raw|jacothaptrllr's rating: 1183 &rarr; <strong>1204<\/strong><br \/>(+21 for winning)\n|raw|Tactical31's rating: 1132 &rarr; <strong>1111<\/strong><br \/>(-21 for losing)\n|c|\u2606jacothaptrllr|good game!\n|l|\u2606Tactical31\n","uploadtime":1700519723,"views":1,"p1id":"jacothaptrllr","p2id":"tactical31","formatid":"gen9ubers","rating":1111,"private":0,"password":""}