{"id":"gen9ubers-1992444333","p1":"Online Gambling","p2":"TheOgAg","format":"[Gen 9] Ubers","log":"|j|\u2606Online Gambling\n|j|\u2606TheOgAg\n|t:|1700188342\n|gametype|singles\n|player|p1|Online Gambling|fisherman-gen4|\n|player|p2|TheOgAg|hoopster|\n|teamsize|p1|6\n|teamsize|p2|6\n|gen|9\n|tier|[Gen 9] Ubers\n|rule|Sleep Clause Mod: Limit one foe put to sleep\n|rule|Species Clause: Limit one of each Pok\u00e9mon\n|rule|OHKO Clause: OHKO moves are banned\n|rule|Evasion Items Clause: Evasion items are banned\n|rule|Evasion Moves Clause: Evasion moves are banned\n|rule|Endless Battle Clause: Forcing endless battles is banned\n|rule|HP Percentage Mod: HP is shown in percentages\n|clearpoke\n|poke|p1|Walking Wake|\n|poke|p1|Meowscarada, F|\n|poke|p1|Lokix, F|\n|poke|p1|Volcarona, M|\n|poke|p1|Tinkaton, F|\n|poke|p1|Dipplin, M|\n|poke|p2|Blissey, F|\n|poke|p2|Moltres|\n|poke|p2|Dragapult, F|\n|poke|p2|Sneasler, M|\n|poke|p2|Greninja-*, M|\n|poke|p2|Naclstack, M|\n|teampreview\n|\n|t:|1700188361\n|start\n|switch|p1a: Bug >:(|Lokix, F|100\/100\n|switch|p2a: Joe Strickland|Dragapult, F|100\/100\n|turn|1\n|\n|t:|1700188401\n|switch|p2a: Wing Jack T|Moltres|100\/100\n|move|p1a: Bug >:(|Knock Off|p2a: Wing Jack T\n|-damage|p2a: Wing Jack T|74\/100\n|-enditem|p2a: Wing Jack T|Heavy-Duty Boots|[from] move: Knock Off|[of] p1a: Bug >:(\n|\n|upkeep\n|turn|2\n|\n|t:|1700188424\n|switch|p1a: Kinda Bug?|Walking Wake|100\/100\n|move|p2a: Wing Jack T|U-turn|p1a: Kinda Bug?\n|-damage|p1a: Kinda Bug?|88\/100\n|\n|t:|1700188435\n|switch|p2a: Joe Strickland|Dragapult, F|100\/100|[from] U-turn\n|\n|-heal|p1a: Kinda Bug?|94\/100|[from] item: Leftovers\n|upkeep\n|turn|3\n|\n|t:|1700188446\n|-end|p1a: Kinda Bug?|Protosynthesis|[silent]\n|switch|p1a: iPad Kid|Tinkaton, F|100\/100\n|-ability|p1a: iPad Kid|Mold Breaker\n|move|p2a: Joe Strickland|U-turn|p1a: iPad Kid\n|-resisted|p1a: iPad Kid\n|-damage|p1a: iPad Kid|93\/100\n|\n|t:|1700188450\n|switch|p2a: Wing Jack T|Moltres|74\/100|[from] U-turn\n|\n|-heal|p1a: iPad Kid|99\/100|[from] item: Leftovers\n|upkeep\n|turn|4\n|\n|t:|1700188487\n|move|p1a: iPad Kid|Swords Dance|p1a: iPad Kid\n|-boost|p1a: iPad Kid|atk|2\n|move|p2a: Wing Jack T|Roost|p2a: Wing Jack T\n|-heal|p2a: Wing Jack T|100\/100\n|-singleturn|p2a: Wing Jack T|move: Roost\n|\n|-heal|p1a: iPad Kid|100\/100|[from] item: Leftovers\n|upkeep\n|turn|5\n|\n|t:|1700188491\n|move|p1a: iPad Kid|Encore|p2a: Wing Jack T\n|-start|p2a: Wing Jack T|Encore\n|move|p2a: Wing Jack T|Roost||[still]\n|-fail|p2a: Wing Jack T|heal\n|\n|upkeep\n|turn|6\n|\n|t:|1700188506\n|move|p1a: iPad Kid|Swords Dance|p1a: iPad Kid\n|-boost|p1a: iPad Kid|atk|2\n|move|p2a: Wing Jack T|Roost||[still]\n|-fail|p2a: Wing Jack T|heal\n|\n|upkeep\n|turn|7\n|\n|t:|1700188525\n|move|p1a: iPad Kid|Gigaton Hammer|p2a: Wing Jack T\n|-resisted|p2a: Wing Jack T\n|-damage|p2a: Wing Jack T|40\/100\n|move|p2a: Wing Jack T|Roost|p2a: Wing Jack T\n|-heal|p2a: Wing Jack T|90\/100\n|-singleturn|p2a: Wing Jack T|move: Roost\n|\n|-end|p2a: Wing Jack T|Encore\n|upkeep\n|turn|8\n|\n|t:|1700188571\n|move|p1a: iPad Kid|Encore|p2a: Wing Jack T\n|-start|p2a: Wing Jack T|Encore\n|move|p2a: Wing Jack T|Roost|p2a: Wing Jack T\n|-heal|p2a: Wing Jack T|100\/100\n|-singleturn|p2a: Wing Jack T|move: Roost\n|\n|upkeep\n|turn|9\n|\n|t:|1700188586\n|move|p1a: iPad Kid|Swords Dance|p1a: iPad Kid\n|-boost|p1a: iPad Kid|atk|2\n|move|p2a: Wing Jack T|Roost||[still]\n|-fail|p2a: Wing Jack T|heal\n|\n|upkeep\n|turn|10\n|\n|t:|1700188595\n|move|p1a: iPad Kid|Gigaton Hammer|p2a: Wing Jack T\n|-resisted|p2a: Wing Jack T\n|-damage|p2a: Wing Jack T|11\/100\n|move|p2a: Wing Jack T|Roost|p2a: Wing Jack T\n|-heal|p2a: Wing Jack T|61\/100\n|-singleturn|p2a: Wing Jack T|move: Roost\n|\n|-end|p2a: Wing Jack T|Encore\n|upkeep\n|turn|11\n|\n|t:|1700188605\n|switch|p2a: Joe Strickland|Dragapult, F|100\/100\n|move|p1a: iPad Kid|Encore||[still]\n|-fail|p1a: iPad Kid\n|\n|upkeep\n|turn|12\n|\n|t:|1700188611\n|switch|p2a: Wing Jack T|Moltres|61\/100\n|move|p1a: iPad Kid|Knock Off|p2a: Wing Jack T\n|-damage|p2a: Wing Jack T|11\/100\n|\n|upkeep\n|turn|13\n|\n|t:|1700188624\n|move|p1a: iPad Kid|Knock Off|p2a: Wing Jack T\n|-damage|p2a: Wing Jack T|0 fnt\n|faint|p2a: Wing Jack T\n|\n|upkeep\n|\n|t:|1700188632\n|switch|p2a: Baby K-Wash|Naclstack, M|100\/100\n|turn|14\n|\n|t:|1700188642\n|move|p1a: iPad Kid|Gigaton Hammer|p2a: Baby K-Wash\n|-supereffective|p2a: Baby K-Wash\n|-damage|p2a: Baby K-Wash|0 fnt\n|faint|p2a: Baby K-Wash\n|\n|upkeep\n|\n|t:|1700188655\n|switch|p2a: Cirritos Voice|Greninja, M|100\/100\n|turn|15\n|\n|t:|1700188673\n|move|p2a: Cirritos Voice|Surf|p1a: iPad Kid\n|-damage|p1a: iPad Kid|57\/100\n|-damage|p2a: Cirritos Voice|91\/100|[from] item: Life Orb\n|move|p1a: iPad Kid|Knock Off|p2a: Cirritos Voice\n|-resisted|p2a: Cirritos Voice\n|-crit|p2a: Cirritos Voice\n|-damage|p2a: Cirritos Voice|0 fnt\n|-enditem|p2a: Cirritos Voice|Life Orb|[from] move: Knock Off|[of] p1a: iPad Kid\n|faint|p2a: Cirritos Voice\n|\n|-heal|p1a: iPad Kid|63\/100|[from] item: Leftovers\n|upkeep\n|\n|t:|1700188677\n|switch|p2a: Nick F|Sneasler, M|100\/100\n|-item|p2a: Nick F|Air Balloon\n|turn|16\n|\n|t:|1700188687\n|move|p2a: Nick F|Acrobatics|p1a: iPad Kid\n|-resisted|p1a: iPad Kid\n|-damage|p1a: iPad Kid|53\/100\n|move|p1a: iPad Kid|Gigaton Hammer|p2a: Nick F\n|-damage|p2a: Nick F|0 fnt\n|-enditem|p2a: Nick F|Air Balloon\n|faint|p2a: Nick F\n|\n|-heal|p1a: iPad Kid|59\/100|[from] item: Leftovers\n|upkeep\n|\n|t:|1700188692\n|switch|p2a: Joe Strickland|Dragapult, F|100\/100\n|turn|17\n|\n|t:|1700188701\n|move|p2a: Joe Strickland|Phantom Force||[still]\n|-prepare|p2a: Joe Strickland|Phantom Force\n|move|p1a: iPad Kid|Knock Off|p2a: Joe Strickland|[miss]\n|-miss|p1a: iPad Kid|p2a: Joe Strickland\n|\n|-heal|p1a: iPad Kid|65\/100|[from] item: Leftovers\n|upkeep\n|turn|18\n|\n|t:|1700188710\n|move|p2a: Joe Strickland|Phantom Force|p1a: iPad Kid|[from]lockedmove\n|-damage|p1a: iPad Kid|13\/100\n|move|p1a: iPad Kid|Knock Off|p2a: Joe Strickland\n|-supereffective|p2a: Joe Strickland\n|-damage|p2a: Joe Strickland|0 fnt\n|-enditem|p2a: Joe Strickland|Choice Scarf|[from] move: Knock Off|[of] p1a: iPad Kid\n|faint|p2a: Joe Strickland\n|\n|-heal|p1a: iPad Kid|19\/100|[from] item: Leftovers\n|upkeep\n|c|\u2606TheOgAg|Wasn\u2019t ready for this lol\n|\n|t:|1700188721\n|switch|p2a: Big Shane|Blissey, F|100\/100\n|turn|19\n|c|\u2606Online Gambling|Lmao\n|\n|t:|1700188724\n|move|p1a: iPad Kid|Gigaton Hammer|p2a: Big Shane\n|-damage|p2a: Big Shane|0 fnt\n|faint|p2a: Big Shane\n|\n|win|Online Gambling\n|c|\u2606Online Gambling|Gg\n|c|\u2606TheOgAg|Not for me haha\n|c|\u2606Online Gambling|big tink comes in fucking clutch\n|c|\u2606TheOgAg|gg\n","uploadtime":1700188744,"views":26,"p1id":"onlinegambling","p2id":"theogag","formatid":"gen9ubers","rating":0,"private":0,"password":""}