{"id":"gen9ubers-1975621272","p1":"Dragon Master Rosa","p2":"TRaSHiNSeCT","format":"[Gen 9] Ubers","log":"|j|\u2606Dragon Master Rosa\n|j|\u2606TRaSHiNSeCT\n|t:|1698214471\n|gametype|singles\n|player|p1|Dragon Master Rosa|dragontamer-gen9|\n|player|p2|TRaSHiNSeCT|workerice|\n|teamsize|p1|6\n|teamsize|p2|6\n|gen|9\n|tier|[Gen 9] Ubers\n|rule|Sleep Clause Mod: Limit one foe put to sleep\n|rule|Species Clause: Limit one of each Pok\u00e9mon\n|rule|OHKO Clause: OHKO moves are banned\n|rule|Evasion Items Clause: Evasion items are banned\n|rule|Evasion Moves Clause: Evasion moves are banned\n|rule|Endless Battle Clause: Forcing endless battles is banned\n|rule|HP Percentage Mod: HP is shown in percentages\n|clearpoke\n|poke|p1|Clefable, F|\n|poke|p1|Iron Hands|\n|poke|p1|Zoroark-Hisui, M|\n|poke|p1|Slowking-Galar, L99, M|\n|poke|p1|Landorus-Therian, M|\n|poke|p1|Cinderace, M|\n|poke|p2|Garchomp, F|\n|poke|p2|Goodra-Hisui, M|\n|poke|p2|Enamorus, F|\n|poke|p2|Slowking-Galar, M|\n|poke|p2|Empoleon, M|\n|poke|p2|Landorus-Therian, M|\n|teampreview\n|c|\u2606Dragon Master Rosa|this is the wrong team but we ball\n|\n|t:|1698214543\n|start\n|switch|p1a: Slowking|Slowking-Galar, M|100\/100\n|switch|p2a: Garchomp|Garchomp, F|100\/100\n|turn|1\n|\n|t:|1698214550\n|move|p1a: Slowking|Swords Dance|p1a: Slowking\n|-boost|p1a: Slowking|atk|2\n|move|p2a: Garchomp|Stealth Rock|p1a: Slowking\n|-sidestart|p1: Dragon Master Rosa|move: Stealth Rock\n|\n|upkeep\n|turn|2\n|\n|t:|1698214561\n|move|p1a: Slowking|Poltergeist|p2a: Garchomp\n|-activate|p2a: Garchomp|move: Poltergeist|Rocky Helmet\n|-damage|p2a: Garchomp|20\/100\n|move|p2a: Garchomp|Draco Meteor|p1a: Slowking\n|-damage|p1a: Slowking|21\/100\n|-unboost|p2a: Garchomp|spa|2\n|replace|p1a: Zoroark|Zoroark-Hisui, M\n|-end|p1a: Zoroark|Illusion\n|\n|upkeep\n|turn|3\n|\n|t:|1698214570\n|move|p1a: Zoroark|Poltergeist|p2a: Garchomp|[miss]\n|-miss|p1a: Zoroark|p2a: Garchomp\n|move|p2a: Garchomp|Power Gem|p1a: Zoroark\n|-damage|p1a: Zoroark|6\/100\n|\n|upkeep\n|turn|4\n|c|\u2606TRaSHiNSeCT|dammit\n|\n|t:|1698214579\n|move|p1a: Zoroark|Poltergeist|p2a: Garchomp\n|-activate|p2a: Garchomp|move: Poltergeist|Rocky Helmet\n|-damage|p2a: Garchomp|0 fnt\n|faint|p2a: Garchomp\n|\n|upkeep\n|\n|t:|1698214585\n|switch|p2a: Landorus|Landorus-Therian, M|100\/100\n|-ability|p2a: Landorus|Intimidate|boost\n|-unboost|p1a: Zoroark|atk|1\n|turn|5\n|\n|t:|1698214593\n|move|p1a: Zoroark|Poltergeist|p2a: Landorus|[miss]\n|-miss|p1a: Zoroark|p2a: Landorus\n|move|p2a: Landorus|Psychic|p1a: Zoroark\n|-crit|p1a: Zoroark\n|-damage|p1a: Zoroark|0 fnt\n|faint|p1a: Zoroark\n|\n|upkeep\n|\n|t:|1698214597\n|switch|p1a: Clefable|Clefable, F|100\/100\n|turn|6\n|c|\u2606TRaSHiNSeCT|yay\n|\n|t:|1698214607\n|switch|p2a: Goodra|Goodra-Hisui, M|100\/100\n|move|p1a: Clefable|Play Rough|p2a: Goodra\n|-damage|p2a: Goodra|61\/100\n|-ability|p2a: Goodra|Gooey\n|-unboost|p1a: Clefable|spe|1\n|\n|-heal|p2a: Goodra|67\/100|[from] item: Leftovers\n|upkeep\n|turn|7\n|\n|t:|1698214616\n|move|p2a: Goodra|Heavy Slam|p1a: Clefable\n|-supereffective|p1a: Clefable\n|-damage|p1a: Clefable|6\/100\n|move|p1a: Clefable|Play Rough|p2a: Goodra\n|-damage|p2a: Goodra|31\/100\n|-unboost|p2a: Goodra|atk|1\n|-ability|p2a: Goodra|Gooey\n|-unboost|p1a: Clefable|spe|1\n|\n|-heal|p2a: Goodra|37\/100|[from] item: Leftovers\n|upkeep\n|turn|8\n|\n|t:|1698214634\n|switch|p1a: Iron Hands|Iron Hands|100\/100\n|-damage|p1a: Iron Hands|94\/100|[from] Stealth Rock\n|move|p2a: Goodra|Rest|p2a: Goodra\n|-status|p2a: Goodra|slp|[from] move: Rest\n|-heal|p2a: Goodra|100\/100 slp|[silent]\n|\n|upkeep\n|turn|9\n|\n|t:|1698214642\n|move|p1a: Iron Hands|Focus Blast|p2a: Goodra\n|-supereffective|p2a: Goodra\n|-damage|p2a: Goodra|27\/100 slp\n|cant|p2a: Goodra|slp\n|\n|-heal|p2a: Goodra|33\/100 slp|[from] item: Leftovers\n|upkeep\n|turn|10\n|\n|t:|1698214650\n|switch|p2a: Enamorus|Enamorus, F|100\/100\n|move|p1a: Iron Hands|Focus Blast|p2a: Enamorus|[miss]\n|-miss|p1a: Iron Hands|p2a: Enamorus\n|\n|upkeep\n|turn|11\n|\n|t:|1698214660\n|-end|p1a: Iron Hands|Quark Drive|[silent]\n|switch|p1a: Clefable|Clefable, F|6\/100\n|move|p2a: Enamorus|Substitute|p2a: Enamorus\n|-start|p2a: Enamorus|Substitute\n|-damage|p2a: Enamorus|76\/100\n|\n|upkeep\n|turn|12\n|\n|t:|1698214666\n|move|p2a: Enamorus|Superpower|p1a: Clefable\n|-resisted|p1a: Clefable\n|-damage|p1a: Clefable|0 fnt\n|-boost|p2a: Enamorus|atk|1\n|-boost|p2a: Enamorus|def|1\n|faint|p1a: Clefable\n|\n|upkeep\n|\n|t:|1698214670\n|switch|p1a: Cinderace|Cinderace, M|100\/100\n|turn|13\n|\n|t:|1698214678\n|move|p1a: Cinderace|Shadow Ball|p2a: Enamorus\n|-start|p1a: Cinderace|typechange|Ghost|[from] ability: Libero\n|-end|p2a: Enamorus|Substitute\n|move|p2a: Enamorus|Superpower|p1a: Cinderace\n|-immune|p1a: Cinderace\n|\n|upkeep\n|turn|14\n|c|\u2606Dragon Master Rosa|giggling giggling kicking my feet\n|\n|t:|1698214700\n|switch|p2a: Empoleon|Empoleon, M|100\/100\n|move|p1a: Cinderace|Will-O-Wisp|p2a: Empoleon\n|-status|p2a: Empoleon|brn\n|\n|-damage|p2a: Empoleon|94\/100 brn|[from] brn\n|upkeep\n|turn|15\n|\n|t:|1698214708\n|move|p1a: Cinderace|Court Change|p1a: Cinderace\n|-swapsideconditions\n|-activate|p1a: Cinderace|move: Court Change\n|move|p2a: Empoleon|Roar|p1a: Cinderace\n|drag|p1a: Iron Hands|Iron Hands|94\/100\n|\n|-heal|p2a: Empoleon|100\/100 brn|[from] item: Leftovers\n|-damage|p2a: Empoleon|94\/100 brn|[from] brn\n|upkeep\n|turn|16\n|\n|t:|1698214718\n|move|p2a: Empoleon|Flip Turn|p1a: Iron Hands\n|-damage|p1a: Iron Hands|88\/100\n|\n|t:|1698214722\n|switch|p2a: Landorus|Landorus-Therian, M|100\/100|[from] Flip Turn\n|-damage|p2a: Landorus|88\/100|[from] Stealth Rock\n|-ability|p2a: Landorus|Intimidate|boost\n|-unboost|p1a: Iron Hands|atk|1\n|move|p1a: Iron Hands|Volt Switch|p2a: Landorus\n|-immune|p2a: Landorus\n|\n|-heal|p2a: Landorus|94\/100|[from] item: Leftovers\n|upkeep\n|turn|17\n|\n|t:|1698214733\n|-end|p1a: Iron Hands|Quark Drive|[silent]\n|switch|p1a: Landorus|Landorus-Therian, M|100\/100\n|-ability|p1a: Landorus|Intimidate|boost\n|-unboost|p2a: Landorus|atk|1\n|move|p2a: Landorus|Nasty Plot|p2a: Landorus\n|-boost|p2a: Landorus|spa|2\n|\n|-heal|p2a: Landorus|99\/100|[from] item: Leftovers\n|upkeep\n|turn|18\n|\n|t:|1698214744\n|move|p2a: Landorus|Psychic|p1a: Landorus\n|-damage|p1a: Landorus|32\/100\n|move|p1a: Landorus|Nasty Plot|p1a: Landorus\n|-boost|p1a: Landorus|spa|2\n|\n|-heal|p2a: Landorus|100\/100|[from] item: Leftovers\n|-heal|p1a: Landorus|38\/100|[from] item: Leftovers\n|upkeep\n|turn|19\n|\n|t:|1698214751\n|move|p2a: Landorus|Psychic|p1a: Landorus\n|-damage|p1a: Landorus|0 fnt\n|faint|p1a: Landorus\n|\n|upkeep\n|\n|t:|1698214762\n|switch|p1a: Iron Hands|Iron Hands|88\/100\n|turn|20\n|\n|t:|1698214767\n|-terastallize|p2a: Landorus|Water\n|-terastallize|p1a: Iron Hands|Ice\n|move|p2a: Landorus|Gravity|p2a: Landorus\n|-fieldstart|move: Gravity\n|move|p1a: Iron Hands|Tera Blast|p2a: Landorus|[anim] Tera Blast Ice\n|-resisted|p2a: Landorus\n|-damage|p2a: Landorus|85\/100\n|\n|-heal|p2a: Landorus|91\/100|[from] item: Leftovers\n|upkeep\n|turn|21\n|\n|t:|1698214776\n|-end|p1a: Iron Hands|Quark Drive|[silent]\n|switch|p1a: Cinderace|Cinderace, M|100\/100\n|move|p2a: Landorus|Sandsear Storm|p1a: Cinderace\n|-supereffective|p1a: Cinderace\n|-damage|p1a: Cinderace|0 fnt\n|faint|p1a: Cinderace\n|\n|-heal|p2a: Landorus|97\/100|[from] item: Leftovers\n|upkeep\n|\n|t:|1698214778\n|switch|p1a: Iron Hands|Iron Hands, tera:Ice|88\/100\n|turn|22\n|\n|t:|1698214786\n|move|p2a: Landorus|Sandsear Storm|p1a: Iron Hands\n|-damage|p1a: Iron Hands|2\/100\n|move|p1a: Iron Hands|Thunderbolt|p2a: Landorus\n|-supereffective|p2a: Landorus\n|-damage|p2a: Landorus|10\/100\n|\n|-heal|p2a: Landorus|16\/100|[from] item: Leftovers\n|upkeep\n|turn|23\n|\n|t:|1698214793\n|move|p2a: Landorus|Sandsear Storm|p1a: Iron Hands\n|-damage|p1a: Iron Hands|0 fnt\n|faint|p1a: Iron Hands\n|-end|p1a: Iron Hands|Quark Drive|[silent]\n|\n|-heal|p2a: Landorus|22\/100|[from] item: Leftovers\n|upkeep\n|\n|t:|1698214796\n|switch|p1a: Slowking|Slowking-Galar, L99, M|100\/100\n|turn|24\n|\n|t:|1698214800\n|move|p2a: Landorus|Sandsear Storm|p1a: Slowking\n|-supereffective|p1a: Slowking\n|-damage|p1a: Slowking|0 fnt\n|faint|p1a: Slowking\n|\n|win|TRaSHiNSeCT\n|c|\u2606Dragon Master Rosa|ggwp\n|c|\u2606TRaSHiNSeCT|gg wp\n","uploadtime":1698214807,"views":12,"p1id":"dragonmasterrosa","p2id":"trashinsect","formatid":"gen9ubers","rating":0,"private":0,"password":""}