{"id":"gen9ubers-1975442870","p1":"YodaM2003","p2":"aDestructive","format":"[Gen 9] Ubers","log":"|j|\u2606YodaM2003\n|j|\u2606aDestructive\n|t:|1698191831\n|gametype|singles\n|player|p1|YodaM2003|2|1017\n|player|p2|aDestructive|170|1122\n|teamsize|p1|6\n|teamsize|p2|6\n|gen|9\n|tier|[Gen 9] Ubers\n|rated|\n|rule|Sleep Clause Mod: Limit one foe put to sleep\n|rule|Species Clause: Limit one of each Pok\u00e9mon\n|rule|OHKO Clause: OHKO moves are banned\n|rule|Evasion Items Clause: Evasion items are banned\n|rule|Evasion Moves Clause: Evasion moves are banned\n|rule|Endless Battle Clause: Forcing endless battles is banned\n|rule|HP Percentage Mod: HP is shown in percentages\n|clearpoke\n|poke|p1|Arceus|\n|poke|p1|Koraidon|\n|poke|p1|Regieleki|\n|poke|p1|Blissey, F|\n|poke|p1|Quaquaval, M|\n|poke|p1|Hoopa-Unbound|\n|poke|p2|Ribombee, F|\n|poke|p2|Koraidon|\n|poke|p2|Iron Moth|\n|poke|p2|Annihilape, M|\n|poke|p2|Landorus, M|\n|poke|p2|Brute Bonnet|\n|teampreview\n|\n|t:|1698191844\n|start\n|switch|p1a: Quaquaval|Quaquaval, M|100\/100\n|switch|p2a: Landorus|Landorus, M|100\/100\n|turn|1\n|\n|t:|1698191852\n|switch|p2a: Brute Bonnet|Brute Bonnet|100\/100\n|-terastallize|p1a: Quaquaval|Water\n|move|p1a: Quaquaval|Aqua Step|p2a: Brute Bonnet\n|-resisted|p2a: Brute Bonnet\n|-damage|p2a: Brute Bonnet|75\/100\n|-boost|p1a: Quaquaval|spe|1\n|\n|upkeep\n|turn|2\n|\n|t:|1698191861\n|move|p1a: Quaquaval|Aqua Step|p2a: Brute Bonnet\n|-resisted|p2a: Brute Bonnet\n|-damage|p2a: Brute Bonnet|51\/100\n|-boost|p1a: Quaquaval|spe|1\n|move|p2a: Brute Bonnet|Energy Ball|p1a: Quaquaval\n|-supereffective|p1a: Quaquaval\n|-damage|p1a: Quaquaval|31\/100\n|\n|upkeep\n|turn|3\n|\n|t:|1698191875\n|switch|p1a: Blissey|Blissey, F|100\/100\n|move|p2a: Brute Bonnet|Energy Ball|p1a: Blissey\n|-damage|p1a: Blissey|89\/100\n|\n|upkeep\n|turn|4\n|\n|t:|1698191881\n|move|p2a: Brute Bonnet|Spore|p1a: Blissey\n|-status|p1a: Blissey|slp|[from] move: Spore\n|cant|p1a: Blissey|slp\n|\n|upkeep\n|turn|5\n|\n|t:|1698191889\n|-end|p2a: Brute Bonnet|Protosynthesis|[silent]\n|switch|p2a: Ribombee|Ribombee, F|100\/100\n|switch|p1a: Regieleki|Regieleki|100\/100\n|\n|upkeep\n|turn|6\n|\n|t:|1698191899\n|switch|p2a: Landorus|Landorus, M|100\/100\n|move|p1a: Regieleki|Acrobatics|p2a: Landorus\n|-crit|p2a: Landorus\n|-damage|p2a: Landorus|48\/100\n|\n|upkeep\n|turn|7\n|\n|t:|1698191930\n|switch|p1a: Blissey|Blissey, F|89\/100 slp\n|switch|p2a: Koraidon|Koraidon|100\/100\n|-weather|SunnyDay|[from] ability: Orichalcum Pulse|[of] p2a: Koraidon\n|-activate|p2a: Koraidon|Orichalcum Pulse|[source]\n|\n|-weather|SunnyDay|[upkeep]\n|upkeep\n|turn|8\n|\n|t:|1698191942\n|switch|p1a: Hoopa|Hoopa-Unbound|100\/100\n|move|p2a: Koraidon|Collision Course|p1a: Hoopa\n|-damage|p1a: Hoopa|0 fnt\n|faint|p1a: Hoopa\n|\n|-weather|SunnyDay|[upkeep]\n|upkeep\n|\n|t:|1698191956\n|switch|p1a: Regieleki|Regieleki|100\/100\n|turn|9\n|\n|t:|1698191974\n|switch|p2a: Iron Moth|Iron Moth|100\/100\n|-item|p2a: Iron Moth|Air Balloon\n|move|p1a: Regieleki|Thunder Cage|p2a: Iron Moth\n|-crit|p2a: Iron Moth\n|-damage|p2a: Iron Moth|47\/100\n|-activate|p2a: Iron Moth|move: Thunder Cage|[of] p1a: Regieleki\n|-enditem|p2a: Iron Moth|Air Balloon\n|\n|-weather|SunnyDay|[upkeep]\n|-damage|p2a: Iron Moth|34\/100|[from] move: Thunder Cage|[partiallytrapped]\n|upkeep\n|turn|10\n|\n|t:|1698191984\n|move|p1a: Regieleki|Volt Switch|p2a: Iron Moth\n|-damage|p2a: Iron Moth|2\/100\n|\n|t:|1698191990\n|switch|p1a: Blissey|Blissey, F|89\/100 slp|[from] Volt Switch\n|move|p2a: Iron Moth|Fiery Dance|p1a: Blissey\n|-damage|p1a: Blissey|65\/100 slp\n|-boost|p2a: Iron Moth|spa|1\n|\n|-weather|SunnyDay|[upkeep]\n|-end|p2a: Iron Moth|Thunder Cage|[partiallytrapped]|[silent]\n|upkeep\n|turn|11\n|\n|t:|1698192001\n|-curestatus|p1a: Blissey|slp|[msg]\n|move|p1a: Blissey|Drain Punch|p2a: Iron Moth\n|-resisted|p2a: Iron Moth\n|-damage|p2a: Iron Moth|0 fnt\n|-heal|p1a: Blissey|65\/100|[from] drain|[of] p2a: Iron Moth\n|faint|p2a: Iron Moth\n|-end|p2a: Iron Moth|Quark Drive|[silent]\n|\n|-weather|none\n|upkeep\n|\n|t:|1698192007\n|switch|p2a: Ribombee|Ribombee, F|100\/100\n|turn|12\n|\n|t:|1698192016\n|move|p2a: Ribombee|Sticky Web|p1a: Blissey\n|-sidestart|p1: YodaM2003|move: Sticky Web\n|move|p1a: Blissey|Calm Mind|p1a: Blissey\n|-boost|p1a: Blissey|spa|1\n|-boost|p1a: Blissey|spd|1\n|\n|upkeep\n|turn|13\n|\n|t:|1698192023\n|move|p2a: Ribombee|Stun Spore|p1a: Blissey\n|-status|p1a: Blissey|par\n|move|p1a: Blissey|Drain Punch|p2a: Ribombee\n|-resisted|p2a: Ribombee\n|-damage|p2a: Ribombee|99\/100\n|-heal|p1a: Blissey|66\/100 par|[from] drain|[of] p2a: Ribombee\n|\n|upkeep\n|turn|14\n|\n|t:|1698192033\n|move|p2a: Ribombee|Moonblast|p1a: Blissey\n|-damage|p1a: Blissey|56\/100 par\n|-unboost|p1a: Blissey|spa|1\n|cant|p1a: Blissey|par\n|\n|upkeep\n|turn|15\n|\n|t:|1698192040\n|switch|p2a: Koraidon|Koraidon|100\/100\n|-weather|SunnyDay|[from] ability: Orichalcum Pulse|[of] p2a: Koraidon\n|-activate|p2a: Koraidon|Orichalcum Pulse|[source]\n|move|p1a: Blissey|Soft-Boiled|p1a: Blissey\n|-heal|p1a: Blissey|100\/100 par\n|\n|-weather|SunnyDay|[upkeep]\n|upkeep\n|turn|16\n|\n|t:|1698192055\n|switch|p1a: Koraidon|Koraidon|100\/100\n|-activate|p1a: Koraidon|move: Sticky Web\n|-unboost|p1a: Koraidon|spe|1\n|-activate|p1a: Koraidon|ability: Orichalcum Pulse\n|move|p2a: Koraidon|Collision Course|p1a: Koraidon\n|-crit|p1a: Koraidon\n|-damage|p1a: Koraidon|27\/100\n|\n|-weather|SunnyDay|[upkeep]\n|upkeep\n|turn|17\n|\n|t:|1698192077\n|move|p2a: Koraidon|Collision Course|p1a: Koraidon\n|-damage|p1a: Koraidon|0 fnt\n|faint|p1a: Koraidon\n|\n|-weather|SunnyDay|[upkeep]\n|upkeep\n|\n|t:|1698192083\n|switch|p1a: Regieleki|Regieleki|100\/100\n|-activate|p1a: Regieleki|move: Sticky Web\n|-unboost|p1a: Regieleki|spe|1\n|turn|18\n|\n|t:|1698192091\n|move|p2a: Koraidon|Collision Course|p1a: Regieleki\n|-damage|p1a: Regieleki|0 fnt\n|faint|p1a: Regieleki\n|\n|-weather|SunnyDay|[upkeep]\n|upkeep\n|\n|t:|1698192099\n|switch|p1a: Arceus|Arceus, shiny|100\/100\n|-activate|p1a: Arceus|move: Sticky Web\n|-unboost|p1a: Arceus|spe|1\n|-enditem|p1a: Arceus|Eject Pack\n|\n|t:|1698192106\n|switch|p1a: Blissey|Blissey, F|100\/100 par\n|-activate|p1a: Blissey|move: Sticky Web\n|-unboost|p1a: Blissey|spe|1\n|turn|19\n|\n|t:|1698192144\n|move|p2a: Koraidon|Collision Course|p1a: Blissey\n|-supereffective|p1a: Blissey\n|-enditem|p1a: Blissey|Chople Berry|[eat]\n|-enditem|p1a: Blissey|Chople Berry|[weaken]\n|-damage|p1a: Blissey|21\/100 par\n|move|p1a: Blissey|Soft-Boiled|p1a: Blissey\n|-heal|p1a: Blissey|71\/100 par\n|\n|-weather|none\n|upkeep\n|turn|20\n|inactive|Battle timer is ON: inactive players will automatically lose when time's up. (requested by aDestructive)\n|\n|t:|1698192160\n|move|p2a: Koraidon|Collision Course|p1a: Blissey\n|-supereffective|p1a: Blissey\n|-damage|p1a: Blissey|0 fnt\n|faint|p1a: Blissey\n|\n|upkeep\n|-message|YodaM2003 forfeited.\n|\n|win|aDestructive\n|raw|YodaM2003's rating: 1017 &rarr; <strong>1008<\/strong><br \/>(-9 for losing)\n|raw|aDestructive's rating: 1122 &rarr; <strong>1140<\/strong><br \/>(+18 for winning)\n|l|\u2606YodaM2003\n","uploadtime":1698192173,"views":10,"p1id":"yodam2003","p2id":"adestructive","formatid":"gen9ubers","rating":1008,"private":0,"password":""}