{"id":"gen9ubers-1972568978","p1":"BLACK METAL 3","p2":"Squirshawott","format":"[Gen 9] Ubers","log":"|j|\u2606BLACK METAL 3\n|j|\u2606Squirshawott\n|t:|1697858224\n|gametype|singles\n|player|p1|BLACK METAL 3|clerk|\n|player|p2|Squirshawott|hilbert-wonderlauncher|\n|teamsize|p1|6\n|teamsize|p2|6\n|gen|9\n|tier|[Gen 9] Ubers\n|rule|Sleep Clause Mod: Limit one foe put to sleep\n|rule|Species Clause: Limit one of each Pok\u00e9mon\n|rule|OHKO Clause: OHKO moves are banned\n|rule|Evasion Items Clause: Evasion items are banned\n|rule|Evasion Moves Clause: Evasion moves are banned\n|rule|Endless Battle Clause: Forcing endless battles is banned\n|rule|HP Percentage Mod: HP is shown in percentages\n|clearpoke\n|poke|p1|Espathra, M|\n|poke|p1|Garganacl, F|\n|poke|p1|Dragapult, F|\n|poke|p1|Rotom-Heat|\n|poke|p1|Maushold|\n|poke|p1|Azumarill, F|\n|poke|p2|Dachsbun, M|\n|poke|p2|Arboliva, M|\n|poke|p2|Samurott-Hisui, M|\n|poke|p2|Tinkaton, F|\n|poke|p2|Meowscarada, M|\n|poke|p2|Greninja-*, M|\n|teampreview\n|j| Sol CPU\n|j| Astyr.Pygos\n|\n|t:|1697858276\n|start\n|switch|p1a: Rock Howard|Garganacl, F|100\/100\n|switch|p2a: Greninja|Greninja, M|100\/100\n|turn|1\n|j| pkpowers310\n|\n|t:|1697858287\n|move|p2a: Greninja|Grass Knot|p1a: Rock Howard\n|-supereffective|p1a: Rock Howard\n|-damage|p1a: Rock Howard|52\/100\n|move|p1a: Rock Howard|Salt Cure|p2a: Greninja\n|-damage|p2a: Greninja|77\/100\n|-start|p2a: Greninja|Salt Cure\n|\n|-heal|p1a: Rock Howard|58\/100|[from] item: Leftovers\n|-damage|p2a: Greninja|52\/100|[from] Salt Cure\n|upkeep\n|turn|2\n|\n|t:|1697858301\n|move|p2a: Greninja|Surf|p1a: Rock Howard\n|-supereffective|p1a: Rock Howard\n|-damage|p1a: Rock Howard|6\/100\n|move|p1a: Rock Howard|Recover|p1a: Rock Howard\n|-heal|p1a: Rock Howard|56\/100\n|\n|-heal|p1a: Rock Howard|62\/100|[from] item: Leftovers\n|-damage|p2a: Greninja|27\/100|[from] Salt Cure\n|upkeep\n|turn|3\n|\n|t:|1697858312\n|move|p1a: Rock Howard|Protect|p1a: Rock Howard\n|-singleturn|p1a: Rock Howard|Protect\n|move|p2a: Greninja|U-turn|p1a: Rock Howard\n|-activate|p1a: Rock Howard|move: Protect\n|\n|-heal|p1a: Rock Howard|68\/100|[from] item: Leftovers\n|-damage|p2a: Greninja|2\/100|[from] Salt Cure\n|upkeep\n|turn|4\n|\n|t:|1697858324\n|move|p2a: Greninja|U-turn|p1a: Rock Howard\n|-damage|p1a: Rock Howard|58\/100\n|\n|t:|1697858330\n|switch|p2a: Arboliva|Arboliva, M|100\/100|[from] U-turn\n|move|p1a: Rock Howard|Stealth Rock|p2a: Arboliva\n|-sidestart|p2: Squirshawott|move: Stealth Rock\n|\n|-heal|p1a: Rock Howard|64\/100|[from] item: Leftovers\n|upkeep\n|turn|5\n|\n|t:|1697858347\n|switch|p1a: Hot Hands|Rotom-Heat|100\/100\n|move|p2a: Arboliva|Leech Seed|p1a: Hot Hands\n|-start|p1a: Hot Hands|move: Leech Seed\n|\n|-damage|p1a: Hot Hands|88\/100|[from] Leech Seed|[of] p2a: Arboliva\n|upkeep\n|turn|6\n|\n|t:|1697858374\n|switch|p1a: Eggalodon|Azumarill, F|100\/100\n|switch|p2a: Dachsbun|Dachsbun, M|100\/100\n|-damage|p2a: Dachsbun|88\/100|[from] Stealth Rock\n|\n|-heal|p2a: Dachsbun|94\/100|[from] item: Leftovers\n|upkeep\n|turn|7\n|\n|t:|1697858398\n|switch|p2a: Greninja|Greninja, M|2\/100\n|-damage|p2a: Greninja|0 fnt|[from] Stealth Rock\n|faint|p2a: Greninja\n|move|p1a: Eggalodon|Knock Off|p2: Greninja|[notarget]\n|-fail|p1a: Eggalodon\n|\n|upkeep\n|\n|t:|1697858418\n|switch|p2a: Meowscarada|Meowscarada, M|100\/100\n|-damage|p2a: Meowscarada|88\/100|[from] Stealth Rock\n|turn|8\n|\n|t:|1697858465\n|switch|p1a: Randall|Dragapult, F|100\/100\n|move|p2a: Meowscarada|U-turn|p1a: Randall\n|-start|p2a: Meowscarada|typechange|Bug|[from] ability: Protean\n|-resisted|p1a: Randall\n|-damage|p1a: Randall|82\/100\n|\n|t:|1697858525\n|switch|p2a: Dachsbun|Dachsbun, M|94\/100|[from] U-turn\n|-damage|p2a: Dachsbun|82\/100|[from] Stealth Rock\n|\n|-heal|p2a: Dachsbun|88\/100|[from] item: Leftovers\n|upkeep\n|turn|9\n|\n|t:|1697858537\n|move|p1a: Randall|Reflect|p1a: Randall\n|-sidestart|p1: BLACK METAL 3|Reflect\n|move|p2a: Dachsbun|Play Rough|p1a: Randall\n|-supereffective|p1a: Randall\n|-damage|p1a: Randall|55\/100\n|-unboost|p1a: Randall|atk|1\n|\n|-heal|p2a: Dachsbun|94\/100|[from] item: Leftovers\n|upkeep\n|turn|10\n|\n|t:|1697858551\n|move|p1a: Randall|Curse|p2a: Dachsbun\n|-start|p2a: Dachsbun|Curse|[of] p1a: Randall\n|-damage|p1a: Randall|5\/100\n|move|p2a: Dachsbun|Play Rough|p1a: Randall\n|-supereffective|p1a: Randall\n|-damage|p1a: Randall|0 fnt\n|-start|p2a: Dachsbun|Disable|Play Rough|[from] ability: Cursed Body|[of] p1a: Randall\n|faint|p1a: Randall\n|\n|-heal|p2a: Dachsbun|99\/100|[from] item: Leftovers\n|-damage|p2a: Dachsbun|75\/100|[from] Curse\n|upkeep\n|\n|t:|1697858564\n|switch|p1a: me & my wife & kid|Maushold|100\/100\n|turn|11\n|\n|t:|1697858576\n|move|p1a: me & my wife & kid|Tidy Up|p1a: me & my wife & kid\n|-sideend|p2: Squirshawott|Stealth Rock\n|-activate|p1a: me & my wife & kid|move: Tidy Up\n|-boost|p1a: me & my wife & kid|atk|1\n|-boost|p1a: me & my wife & kid|spe|1\n|move|p2a: Dachsbun|Body Press|p1a: me & my wife & kid\n|-supereffective|p1a: me & my wife & kid\n|-damage|p1a: me & my wife & kid|54\/100\n|\n|-heal|p2a: Dachsbun|81\/100|[from] item: Leftovers\n|-damage|p2a: Dachsbun|56\/100|[from] Curse\n|upkeep\n|turn|12\n|\n|t:|1697858594\n|move|p1a: me & my wife & kid|Population Bomb|p2a: Dachsbun\n|-damage|p2a: Dachsbun|44\/100\n|-damage|p2a: Dachsbun|32\/100\n|-damage|p2a: Dachsbun|19\/100\n|-damage|p2a: Dachsbun|7\/100\n|-damage|p2a: Dachsbun|0 fnt\n|faint|p2a: Dachsbun\n|-hitcount|p2: Dachsbun|5\n|\n|upkeep\n|\n|t:|1697858603\n|switch|p2a: Arboliva|Arboliva, M|100\/100\n|turn|13\n|\n|t:|1697858622\n|-terastallize|p2a: Arboliva|Ghost\n|move|p1a: me & my wife & kid|Tidy Up|p1a: me & my wife & kid\n|-boost|p1a: me & my wife & kid|atk|1\n|-boost|p1a: me & my wife & kid|spe|1\n|move|p2a: Arboliva|Giga Drain|p1a: me & my wife & kid\n|-damage|p1a: me & my wife & kid|4\/100\n|\n|upkeep\n|turn|14\n|\n|t:|1697858631\n|move|p1a: me & my wife & kid|Bite|p2a: Arboliva\n|-supereffective|p2a: Arboliva\n|-damage|p2a: Arboliva|26\/100\n|-enditem|p2a: Arboliva|Sitrus Berry|[eat]\n|-heal|p2a: Arboliva|51\/100|[from] item: Sitrus Berry\n|move|p2a: Arboliva|Giga Drain|p1a: me & my wife & kid\n|-damage|p1a: me & my wife & kid|0 fnt\n|-heal|p2a: Arboliva|53\/100|[from] drain|[of] p1a: me & my wife & kid\n|faint|p1a: me & my wife & kid\n|\n|-item|p2a: Arboliva|Sitrus Berry|[from] ability: Harvest\n|upkeep\n|\n|t:|1697858656\n|switch|p1a: Eggalodon|Azumarill, F|100\/100\n|turn|15\n|c| Sol CPU|Call Arboliva a gambling addiction the way it drained that family\n|\n|t:|1697858667\n|move|p1a: Eggalodon|Knock Off|p2a: Arboliva\n|-supereffective|p2a: Arboliva\n|-damage|p2a: Arboliva|0 fnt\n|-enditem|p2a: Arboliva|Sitrus Berry|[from] move: Knock Off|[of] p1a: Eggalodon\n|faint|p2a: Arboliva\n|\n|upkeep\n|\n|t:|1697858725\n|switch|p2a: Tinkaton|Tinkaton, F|100\/100\n|turn|16\n|\n|t:|1697858734\n|move|p2a: Tinkaton|Knock Off|p1a: Eggalodon\n|-resisted|p1a: Eggalodon\n|-damage|p1a: Eggalodon|95\/100\n|-enditem|p1a: Eggalodon|Choice Band|[from] move: Knock Off|[of] p2a: Tinkaton\n|move|p1a: Eggalodon|Knock Off|p2a: Tinkaton\n|-resisted|p2a: Tinkaton\n|-damage|p2a: Tinkaton|76\/100\n|-enditem|p2a: Tinkaton|Aguav Berry|[from] move: Knock Off|[of] p1a: Eggalodon\n|\n|-sideend|p1: BLACK METAL 3|Reflect\n|upkeep\n|turn|17\n|\n|t:|1697858762\n|switch|p1a: Hot Hands|Rotom-Heat|88\/100\n|move|p2a: Tinkaton|Gigaton Hammer|p1a: Hot Hands\n|-resisted|p1a: Hot Hands\n|-damage|p1a: Hot Hands|75\/100\n|\n|upkeep\n|turn|18\n|\n|t:|1697858784\n|switch|p2a: Samurott|Samurott-Hisui, M|100\/100\n|move|p1a: Hot Hands|Will-O-Wisp|p2a: Samurott\n|-status|p2a: Samurott|brn\n|\n|-damage|p2a: Samurott|94\/100 brn|[from] brn\n|upkeep\n|turn|19\n|\n|t:|1697858794\n|move|p1a: Hot Hands|Nasty Plot|p1a: Hot Hands\n|-boost|p1a: Hot Hands|spa|2\n|move|p2a: Samurott|Ceaseless Edge|p1a: Hot Hands\n|-damage|p1a: Hot Hands|51\/100\n|-sidestart|p1: BLACK METAL 3|Spikes\n|\n|-damage|p2a: Samurott|88\/100 brn|[from] brn\n|upkeep\n|turn|20\n|\n|t:|1697858804\n|move|p1a: Hot Hands|Thunderbolt|p2a: Samurott\n|-supereffective|p2a: Samurott\n|-damage|p2a: Samurott|0 fnt\n|faint|p2a: Samurott\n|\n|upkeep\n|\n|t:|1697858813\n|switch|p2a: Meowscarada|Meowscarada, M|88\/100\n|turn|21\n|\n|t:|1697858824\n|move|p2a: Meowscarada|U-turn|p1a: Hot Hands\n|-start|p2a: Meowscarada|typechange|Bug|[from] ability: Protean\n|-resisted|p1a: Hot Hands\n|-damage|p1a: Hot Hands|35\/100\n|\n|t:|1697858828\n|switch|p2a: Tinkaton|Tinkaton, F|76\/100|[from] U-turn\n|move|p1a: Hot Hands|Overheat|p2a: Tinkaton\n|-supereffective|p2a: Tinkaton\n|-damage|p2a: Tinkaton|0 fnt\n|-unboost|p1a: Hot Hands|spa|2\n|faint|p2a: Tinkaton\n|\n|upkeep\n|\n|t:|1697858836\n|switch|p2a: Meowscarada|Meowscarada, M|88\/100\n|turn|22\n|\n|t:|1697858847\n|move|p2a: Meowscarada|Flower Trick|p1a: Hot Hands\n|-start|p2a: Meowscarada|typechange|Grass|[from] ability: Protean\n|-resisted|p1a: Hot Hands\n|-crit|p1a: Hot Hands\n|-damage|p1a: Hot Hands|8\/100\n|move|p1a: Hot Hands|Will-O-Wisp|p2a: Meowscarada|[miss]\n|-miss|p1a: Hot Hands|p2a: Meowscarada\n|\n|upkeep\n|turn|23\n|\n|t:|1697858859\n|move|p2a: Meowscarada|Flower Trick|p1a: Hot Hands\n|-resisted|p1a: Hot Hands\n|-crit|p1a: Hot Hands\n|-damage|p1a: Hot Hands|0 fnt\n|faint|p1a: Hot Hands\n|\n|upkeep\n|\n|t:|1697858866\n|switch|p1a: Rock Howard|Garganacl, F|64\/100\n|-damage|p1a: Rock Howard|52\/100|[from] Spikes\n|turn|24\n|\n|t:|1697858871\n|move|p1a: Rock Howard|Protect|p1a: Rock Howard\n|-singleturn|p1a: Rock Howard|Protect\n|move|p2a: Meowscarada|Flower Trick|p1a: Rock Howard\n|-activate|p1a: Rock Howard|move: Protect\n|\n|-heal|p1a: Rock Howard|58\/100|[from] item: Leftovers\n|upkeep\n|turn|25\n|\n|t:|1697858882\n|move|p2a: Meowscarada|Flower Trick|p1a: Rock Howard\n|-supereffective|p1a: Rock Howard\n|-crit|p1a: Rock Howard\n|-damage|p1a: Rock Howard|0 fnt\n|faint|p1a: Rock Howard\n|\n|upkeep\n|\n|t:|1697858889\n|switch|p1a: Feathered Foe|Espathra, M|100\/100\n|turn|26\n|\n|t:|1697858900\n|move|p2a: Meowscarada|U-turn|p1a: Feathered Foe\n|-supereffective|p1a: Feathered Foe\n|-damage|p1a: Feathered Foe|59\/100\n|move|p1a: Feathered Foe|Dazzling Gleam|p2a: Meowscarada\n|-damage|p2a: Meowscarada|60\/100\n|\n|-ability|p1a: Feathered Foe|Speed Boost|boost\n|-boost|p1a: Feathered Foe|spe|1\n|upkeep\n|turn|27\n|\n|t:|1697858907\n|move|p2a: Meowscarada|U-turn|p1a: Feathered Foe\n|-supereffective|p1a: Feathered Foe\n|-damage|p1a: Feathered Foe|18\/100\n|move|p1a: Feathered Foe|Roost|p1a: Feathered Foe\n|-heal|p1a: Feathered Foe|68\/100\n|-singleturn|p1a: Feathered Foe|move: Roost\n|\n|-ability|p1a: Feathered Foe|Speed Boost|boost\n|-boost|p1a: Feathered Foe|spe|1\n|upkeep\n|turn|28\n|\n|t:|1697858919\n|move|p1a: Feathered Foe|Calm Mind|p1a: Feathered Foe\n|-boost|p1a: Feathered Foe|spa|1\n|-boost|p1a: Feathered Foe|spd|1\n|move|p2a: Meowscarada|U-turn|p1a: Feathered Foe\n|-supereffective|p1a: Feathered Foe\n|-damage|p1a: Feathered Foe|23\/100\n|\n|-ability|p1a: Feathered Foe|Speed Boost|boost\n|-boost|p1a: Feathered Foe|spe|1\n|upkeep\n|turn|29\n|\n|t:|1697858927\n|move|p1a: Feathered Foe|Roost|p1a: Feathered Foe\n|-heal|p1a: Feathered Foe|73\/100\n|-singleturn|p1a: Feathered Foe|move: Roost\n|move|p2a: Meowscarada|U-turn|p1a: Feathered Foe\n|-supereffective|p1a: Feathered Foe\n|-damage|p1a: Feathered Foe|27\/100\n|\n|-ability|p1a: Feathered Foe|Speed Boost|boost\n|-boost|p1a: Feathered Foe|spe|1\n|upkeep\n|turn|30\n|\n|t:|1697858936\n|move|p1a: Feathered Foe|Stored Power|p2a: Meowscarada\n|-damage|p2a: Meowscarada|0 fnt\n|faint|p2a: Meowscarada\n|\n|win|BLACK METAL 3\n|l|\u2606Squirshawott\n|l| Sol CPU\n|j|\u2606Squirshawott\n|player|p2|Squirshawott|hilbert-wonderlauncher\n","uploadtime":1697858951,"views":11,"p1id":"blackmetal3","p2id":"squirshawott","formatid":"gen9ubers","rating":0,"private":0,"password":""}