{"id":"gen9ubers-1977821754","p1":"noahrba","p2":"ScarletAri","format":"[Gen 9] Ubers","log":"|j|\u2606noahrba\n|j|\u2606ScarletAri\n|t:|1698453790\n|gametype|singles\n|player|p1|noahrba|nate|\n|player|p2|ScarletAri|cynthia-masters3|\n|teamsize|p1|6\n|teamsize|p2|6\n|gen|9\n|tier|[Gen 9] Ubers\n|rule|Sleep Clause Mod: Limit one foe put to sleep\n|rule|Species Clause: Limit one of each Pok\u00e9mon\n|rule|OHKO Clause: OHKO moves are banned\n|rule|Evasion Items Clause: Evasion items are banned\n|rule|Evasion Moves Clause: Evasion moves are banned\n|rule|Endless Battle Clause: Forcing endless battles is banned\n|rule|HP Percentage Mod: HP is shown in percentages\n|clearpoke\n|poke|p1|Palkia-Origin|\n|poke|p1|Chi-Yu|\n|poke|p1|Blissey, F|\n|poke|p1|Zamazenta-*|\n|poke|p1|Arceus-Poison|\n|poke|p1|Cyclizar, F|\n|poke|p2|Magearna|\n|poke|p2|Chi-Yu|\n|poke|p2|Gliscor, F|\n|poke|p2|Arceus-Dark|\n|poke|p2|Dipplin, F|\n|poke|p2|Zacian-*|\n|teampreview\n|inactive|Battle timer is ON: inactive players will automatically lose when time's up. (requested by noahrba)\n|c|\u2606ScarletAri|glhf!\n|inactive|ScarletAri has 270 seconds left.\n|c|\u2606noahrba|glhf!\n|\n|t:|1698453844\n|start\n|switch|p1a: Arceus|Arceus-Poison|100\/100\n|switch|p2a: Funny!|Magearna|100\/100\n|turn|1\n|\n|t:|1698453854\n|switch|p1a: Blissey|Blissey, F|100\/100\n|move|p2a: Funny!|Calm Mind|p2a: Funny!\n|-boost|p2a: Funny!|spa|1\n|-boost|p2a: Funny!|spd|1\n|\n|upkeep\n|turn|2\n|\n|t:|1698453859\n|switch|p2a: SCORE SCORE!|Gliscor, F, shiny|100\/100\n|move|p1a: Blissey|Thunder Wave|p2a: SCORE SCORE!\n|-immune|p2a: SCORE SCORE!\n|\n|-status|p2a: SCORE SCORE!|tox|[from] item: Toxic Orb\n|upkeep\n|turn|3\n|\n|t:|1698453866\n|move|p2a: SCORE SCORE!|Stealth Rock|p1a: Blissey\n|-sidestart|p1: noahrba|move: Stealth Rock\n|move|p1a: Blissey|Stealth Rock|p2a: SCORE SCORE!\n|-sidestart|p2: ScarletAri|move: Stealth Rock\n|\n|upkeep\n|turn|4\n|\n|t:|1698453881\n|switch|p1a: Cyclizar|Cyclizar, F|100\/100\n|-damage|p1a: Cyclizar|88\/100|[from] Stealth Rock\n|move|p2a: SCORE SCORE!|Spikes|p1a: Cyclizar\n|-sidestart|p1: noahrba|Spikes\n|\n|upkeep\n|turn|5\n|\n|t:|1698453887\n|move|p1a: Cyclizar|Knock Off|p2a: SCORE SCORE!\n|-damage|p2a: SCORE SCORE!|87\/100 tox\n|-enditem|p2a: SCORE SCORE!|Toxic Orb|[from] move: Knock Off|[of] p1a: Cyclizar\n|move|p2a: SCORE SCORE!|Earthquake|p1a: Cyclizar\n|-damage|p1a: Cyclizar|39\/100\n|-enditem|p1a: Cyclizar|Sitrus Berry|[eat]\n|-heal|p1a: Cyclizar|64\/100|[from] item: Sitrus Berry\n|\n|-heal|p2a: SCORE SCORE!|99\/100 tox|[from] ability: Poison Heal\n|upkeep\n|turn|6\n|\n|t:|1698453894\n|move|p1a: Cyclizar|Rapid Spin|p2a: SCORE SCORE!\n|-damage|p2a: SCORE SCORE!|89\/100 tox\n|-boost|p1a: Cyclizar|spe|1\n|-sideend|p1: noahrba|Spikes|[from] move: Rapid Spin|[of] p1a: Cyclizar\n|-sideend|p1: noahrba|Stealth Rock|[from] move: Rapid Spin|[of] p1a: Cyclizar\n|move|p2a: SCORE SCORE!|Earthquake|p1a: Cyclizar\n|-damage|p1a: Cyclizar|15\/100\n|\n|-heal|p2a: SCORE SCORE!|100\/100 tox|[from] ability: Poison Heal\n|upkeep\n|turn|7\n|\n|t:|1698453899\n|move|p1a: Cyclizar|Draco Meteor|p2a: SCORE SCORE!\n|-damage|p2a: SCORE SCORE!|58\/100 tox\n|-unboost|p1a: Cyclizar|spa|2\n|move|p2a: SCORE SCORE!|Stealth Rock|p1a: Cyclizar\n|-sidestart|p1: noahrba|move: Stealth Rock\n|\n|-heal|p2a: SCORE SCORE!|70\/100 tox|[from] ability: Poison Heal\n|upkeep\n|turn|8\n|\n|t:|1698453904\n|move|p1a: Cyclizar|Rapid Spin|p2a: SCORE SCORE!\n|-damage|p2a: SCORE SCORE!|59\/100 tox\n|-boost|p1a: Cyclizar|spe|1\n|-sideend|p1: noahrba|Stealth Rock|[from] move: Rapid Spin|[of] p1a: Cyclizar\n|move|p2a: SCORE SCORE!|Earthquake|p1a: Cyclizar\n|-damage|p1a: Cyclizar|0 fnt\n|faint|p1a: Cyclizar\n|\n|-heal|p2a: SCORE SCORE!|72\/100 tox|[from] ability: Poison Heal\n|upkeep\n|\n|t:|1698453918\n|switch|p1a: Palkia|Palkia-Origin|100\/100\n|-ability|p1a: Palkia|Pressure\n|turn|9\n|\n|t:|1698453929\n|move|p2a: SCORE SCORE!|Protect|p2a: SCORE SCORE!\n|-singleturn|p2a: SCORE SCORE!|Protect\n|move|p1a: Palkia|Surf|p2a: SCORE SCORE!\n|-activate|p2a: SCORE SCORE!|move: Protect\n|\n|-heal|p2a: SCORE SCORE!|84\/100 tox|[from] ability: Poison Heal\n|upkeep\n|turn|10\n|\n|t:|1698453939\n|switch|p2a: Get Dipped!|Dipplin, F, shiny|100\/100\n|-damage|p2a: Get Dipped!|88\/100|[from] Stealth Rock\n|move|p1a: Palkia|Surf|p2a: Get Dipped!\n|-resisted|p2a: Get Dipped!\n|-damage|p2a: Get Dipped!|77\/100\n|\n|upkeep\n|turn|11\n|\n|t:|1698453956\n|switch|p1a: Blissey|Blissey, F|100\/100\n|switch|p2a: Funny!|Magearna|100\/100\n|-damage|p2a: Funny!|94\/100|[from] Stealth Rock\n|\n|-heal|p2a: Funny!|100\/100|[from] item: Leftovers\n|upkeep\n|turn|12\n|\n|t:|1698453967\n|switch|p2a: SCORE SCORE!|Gliscor, F, shiny|84\/100 tox\n|-damage|p2a: SCORE SCORE!|72\/100 tox|[from] Stealth Rock\n|move|p1a: Blissey|Seismic Toss|p2a: SCORE SCORE!\n|-damage|p2a: SCORE SCORE!|43\/100 tox\n|\n|-heal|p2a: SCORE SCORE!|56\/100 tox|[from] ability: Poison Heal\n|upkeep\n|turn|13\n|\n|t:|1698453978\n|switch|p1a: Palkia|Palkia-Origin|100\/100\n|-ability|p1a: Palkia|Pressure\n|move|p2a: SCORE SCORE!|Stealth Rock|p1a: Palkia\n|-sidestart|p1: noahrba|move: Stealth Rock\n|\n|-heal|p2a: SCORE SCORE!|68\/100 tox|[from] ability: Poison Heal\n|upkeep\n|turn|14\n|\n|t:|1698453985\n|move|p2a: SCORE SCORE!|Protect|p2a: SCORE SCORE!\n|-singleturn|p2a: SCORE SCORE!|Protect\n|move|p1a: Palkia|Spacial Rend|p2a: SCORE SCORE!\n|-activate|p2a: SCORE SCORE!|move: Protect\n|\n|-heal|p2a: SCORE SCORE!|81\/100 tox|[from] ability: Poison Heal\n|upkeep\n|turn|15\n|\n|t:|1698454014\n|move|p1a: Palkia|Spacial Rend|p2a: SCORE SCORE!\n|-damage|p2a: SCORE SCORE!|0 fnt\n|faint|p2a: SCORE SCORE!\n|\n|upkeep\n|inactive|ScarletAri has 270 seconds left.\n|\n|t:|1698454037\n|switch|p2a: Funny!|Magearna|100\/100\n|-damage|p2a: Funny!|94\/100|[from] Stealth Rock\n|turn|16\n|\n|t:|1698454043\n|switch|p1a: Blissey|Blissey, F|100\/100\n|move|p2a: Funny!|Calm Mind|p2a: Funny!\n|-boost|p2a: Funny!|spa|1\n|-boost|p2a: Funny!|spd|1\n|\n|-heal|p2a: Funny!|100\/100|[from] item: Leftovers\n|upkeep\n|turn|17\n|\n|t:|1698454048\n|move|p2a: Funny!|Shift Gear|p2a: Funny!\n|-boost|p2a: Funny!|spe|2\n|-boost|p2a: Funny!|atk|1\n|move|p1a: Blissey|Thunder Wave|p2a: Funny!\n|-status|p2a: Funny!|par\n|\n|upkeep\n|turn|18\n|\n|t:|1698454051\n|cant|p2a: Funny!|par\n|move|p1a: Blissey|Seismic Toss|p2a: Funny!\n|-damage|p2a: Funny!|73\/100 par\n|\n|-heal|p2a: Funny!|79\/100 par|[from] item: Leftovers\n|upkeep\n|turn|19\n|\n|t:|1698454056\n|move|p2a: Funny!|Calm Mind|p2a: Funny!\n|-boost|p2a: Funny!|spa|1\n|-boost|p2a: Funny!|spd|1\n|move|p1a: Blissey|Seismic Toss|p2a: Funny!\n|-damage|p2a: Funny!|52\/100 par\n|\n|-heal|p2a: Funny!|58\/100 par|[from] item: Leftovers\n|upkeep\n|turn|20\n|\n|t:|1698454060\n|move|p2a: Funny!|Draining Kiss|p1a: Blissey\n|-damage|p1a: Blissey|85\/100\n|-heal|p2a: Funny!|80\/100 par|[from] drain|[of] p1a: Blissey\n|move|p1a: Blissey|Seismic Toss|p2a: Funny!\n|-damage|p2a: Funny!|52\/100 par\n|\n|-heal|p2a: Funny!|58\/100 par|[from] item: Leftovers\n|upkeep\n|turn|21\n|\n|t:|1698454064\n|move|p2a: Funny!|Shift Gear|p2a: Funny!\n|-boost|p2a: Funny!|spe|2\n|-boost|p2a: Funny!|atk|1\n|move|p1a: Blissey|Seismic Toss|p2a: Funny!\n|-damage|p2a: Funny!|31\/100 par\n|\n|-heal|p2a: Funny!|37\/100 par|[from] item: Leftovers\n|upkeep\n|turn|22\n|\n|t:|1698454067\n|cant|p2a: Funny!|par\n|move|p1a: Blissey|Seismic Toss|p2a: Funny!\n|-damage|p2a: Funny!|10\/100 par\n|\n|-heal|p2a: Funny!|16\/100 par|[from] item: Leftovers\n|upkeep\n|turn|23\n|\n|t:|1698454070\n|move|p2a: Funny!|Draining Kiss|p1a: Blissey\n|-damage|p1a: Blissey|70\/100\n|-heal|p2a: Funny!|38\/100 par|[from] drain|[of] p1a: Blissey\n|move|p1a: Blissey|Seismic Toss|p2a: Funny!\n|-damage|p2a: Funny!|10\/100 par\n|\n|-heal|p2a: Funny!|16\/100 par|[from] item: Leftovers\n|upkeep\n|turn|24\n|\n|t:|1698454093\n|move|p2a: Funny!|Calm Mind|p2a: Funny!\n|-boost|p2a: Funny!|spa|1\n|-boost|p2a: Funny!|spd|1\n|move|p1a: Blissey|Soft-Boiled|p1a: Blissey\n|-heal|p1a: Blissey|100\/100\n|\n|-heal|p2a: Funny!|22\/100 par|[from] item: Leftovers\n|upkeep\n|turn|25\n|\n|t:|1698454096\n|move|p2a: Funny!|Draining Kiss|p1a: Blissey\n|-damage|p1a: Blissey|82\/100\n|-heal|p2a: Funny!|49\/100 par|[from] drain|[of] p1a: Blissey\n|move|p1a: Blissey|Seismic Toss|p2a: Funny!\n|-damage|p2a: Funny!|22\/100 par\n|\n|-heal|p2a: Funny!|28\/100 par|[from] item: Leftovers\n|upkeep\n|turn|26\n|\n|t:|1698454105\n|move|p2a: Funny!|Draining Kiss|p1a: Blissey\n|-damage|p1a: Blissey|62\/100\n|-heal|p2a: Funny!|57\/100 par|[from] drain|[of] p1a: Blissey\n|move|p1a: Blissey|Seismic Toss|p2a: Funny!\n|-damage|p2a: Funny!|30\/100 par\n|\n|-heal|p2a: Funny!|36\/100 par|[from] item: Leftovers\n|upkeep\n|turn|27\n|\n|t:|1698454112\n|move|p2a: Funny!|Calm Mind|p2a: Funny!\n|-boost|p2a: Funny!|spa|1\n|-boost|p2a: Funny!|spd|1\n|move|p1a: Blissey|Seismic Toss|p2a: Funny!\n|-damage|p2a: Funny!|8\/100 par\n|\n|-heal|p2a: Funny!|15\/100 par|[from] item: Leftovers\n|upkeep\n|turn|28\n|\n|t:|1698454115\n|cant|p2a: Funny!|par\n|move|p1a: Blissey|Seismic Toss|p2a: Funny!\n|-damage|p2a: Funny!|0 fnt\n|faint|p2a: Funny!\n|\n|upkeep\n|\n|t:|1698454118\n|switch|p2a: Wut the Dog Doin?|Zacian, shiny|100\/100\n|-damage|p2a: Wut the Dog Doin?|88\/100|[from] Stealth Rock\n|-ability|p2a: Wut the Dog Doin?|Intrepid Sword|boost\n|-boost|p2a: Wut the Dog Doin?|atk|1\n|turn|29\n|\n|t:|1698454123\n|move|p2a: Wut the Dog Doin?|Play Rough|p1a: Blissey\n|-damage|p1a: Blissey|0 fnt\n|faint|p1a: Blissey\n|\n|upkeep\n|\n|t:|1698454132\n|switch|p1a: Arceus|Arceus-Poison|100\/100\n|-damage|p1a: Arceus|88\/100|[from] Stealth Rock\n|turn|30\n|\n|t:|1698454138\n|switch|p2a: Hi Fellas!|Arceus-Dark, shiny|100\/100\n|-damage|p2a: Hi Fellas!|88\/100|[from] Stealth Rock\n|move|p1a: Arceus|Calm Mind|p1a: Arceus\n|-boost|p1a: Arceus|spa|1\n|-boost|p1a: Arceus|spd|1\n|\n|upkeep\n|turn|31\n|\n|t:|1698454146\n|move|p1a: Arceus|Calm Mind|p1a: Arceus\n|-boost|p1a: Arceus|spa|1\n|-boost|p1a: Arceus|spd|1\n|move|p2a: Hi Fellas!|Roar|p1a: Arceus\n|drag|p1a: Chi-Yu|Chi-Yu|100\/100\n|-damage|p1a: Chi-Yu|76\/100|[from] Stealth Rock\n|-ability|p1a: Chi-Yu|Beads of Ruin\n|\n|upkeep\n|turn|32\n|\n|t:|1698454153\n|move|p1a: Chi-Yu|Overheat|p2a: Hi Fellas!\n|-damage|p2a: Hi Fellas!|39\/100\n|-unboost|p1a: Chi-Yu|spa|2\n|move|p2a: Hi Fellas!|Roar|p1a: Chi-Yu\n|drag|p1a: Palkia|Palkia-Origin|100\/100\n|-damage|p1a: Palkia|88\/100|[from] Stealth Rock\n|-ability|p1a: Palkia|Pressure\n|\n|upkeep\n|turn|33\n|\n|t:|1698454158\n|move|p1a: Palkia|Surf|p2a: Hi Fellas!\n|-damage|p2a: Hi Fellas!|10\/100\n|move|p2a: Hi Fellas!|Recover|p2a: Hi Fellas!\n|-heal|p2a: Hi Fellas!|60\/100\n|\n|upkeep\n|turn|34\n|\n|t:|1698454163\n|move|p1a: Palkia|Spacial Rend|p2a: Hi Fellas!\n|-damage|p2a: Hi Fellas!|24\/100\n|move|p2a: Hi Fellas!|Recover|p2a: Hi Fellas!\n|-heal|p2a: Hi Fellas!|74\/100\n|\n|upkeep\n|turn|35\n|\n|t:|1698454169\n|move|p1a: Palkia|Spacial Rend|p2a: Hi Fellas!\n|-damage|p2a: Hi Fellas!|38\/100\n|move|p2a: Hi Fellas!|Recover|p2a: Hi Fellas!\n|-heal|p2a: Hi Fellas!|88\/100\n|\n|upkeep\n|turn|36\n|\n|t:|1698454173\n|switch|p1a: Arceus|Arceus-Poison|88\/100\n|-damage|p1a: Arceus|76\/100|[from] Stealth Rock\n|move|p2a: Hi Fellas!|Judgment|p1a: Arceus\n|-damage|p1a: Arceus|44\/100\n|\n|upkeep\n|turn|37\n|\n|t:|1698454177\n|move|p1a: Arceus|Recover|p1a: Arceus\n|-heal|p1a: Arceus|94\/100\n|move|p2a: Hi Fellas!|Judgment|p1a: Arceus\n|-damage|p1a: Arceus|63\/100\n|\n|upkeep\n|turn|38\n|\n|t:|1698454185\n|move|p1a: Arceus|Recover|p1a: Arceus\n|-heal|p1a: Arceus|100\/100\n|move|p2a: Hi Fellas!|Judgment|p1a: Arceus\n|-damage|p1a: Arceus|69\/100\n|\n|upkeep\n|turn|39\n|\n|t:|1698454189\n|move|p1a: Arceus|Calm Mind|p1a: Arceus\n|-boost|p1a: Arceus|spa|1\n|-boost|p1a: Arceus|spd|1\n|move|p2a: Hi Fellas!|Judgment|p1a: Arceus\n|-crit|p1a: Arceus\n|-damage|p1a: Arceus|17\/100\n|\n|upkeep\n|turn|40\n|\n|t:|1698454194\n|move|p1a: Arceus|Sludge Bomb|p2a: Hi Fellas!\n|-damage|p2a: Hi Fellas!|54\/100\n|move|p2a: Hi Fellas!|Roar|p1a: Arceus\n|drag|p1a: Palkia|Palkia-Origin|88\/100\n|-damage|p1a: Palkia|76\/100|[from] Stealth Rock\n|-ability|p1a: Palkia|Pressure\n|\n|upkeep\n|turn|41\n|\n|t:|1698454201\n|move|p1a: Palkia|Spacial Rend|p2a: Hi Fellas!\n|-crit|p2a: Hi Fellas!\n|-damage|p2a: Hi Fellas!|6\/100\n|move|p2a: Hi Fellas!|Recover|p2a: Hi Fellas!\n|-heal|p2a: Hi Fellas!|56\/100\n|\n|upkeep\n|turn|42\n|\n|t:|1698454208\n|switch|p1a: Arceus|Arceus-Poison|17\/100\n|-damage|p1a: Arceus|5\/100|[from] Stealth Rock\n|move|p2a: Hi Fellas!|Recover|p2a: Hi Fellas!\n|-heal|p2a: Hi Fellas!|100\/100\n|\n|upkeep\n|turn|43\n|\n|t:|1698454211\n|move|p1a: Arceus|Recover|p1a: Arceus\n|-heal|p1a: Arceus|55\/100\n|move|p2a: Hi Fellas!|Judgment|p1a: Arceus\n|-damage|p1a: Arceus|23\/100\n|\n|upkeep\n|turn|44\n|\n|t:|1698454214\n|move|p1a: Arceus|Sludge Bomb|p2a: Hi Fellas!\n|-damage|p2a: Hi Fellas!|78\/100\n|move|p2a: Hi Fellas!|Roar|p1a: Arceus\n|drag|p1a: Palkia|Palkia-Origin|76\/100\n|-damage|p1a: Palkia|63\/100|[from] Stealth Rock\n|-ability|p1a: Palkia|Pressure\n|\n|upkeep\n|turn|45\n|\n|t:|1698454221\n|move|p1a: Palkia|Spacial Rend|p2a: Hi Fellas!\n|-crit|p2a: Hi Fellas!\n|-damage|p2a: Hi Fellas!|28\/100\n|move|p2a: Hi Fellas!|Judgment|p1a: Palkia\n|-damage|p1a: Palkia|16\/100\n|\n|upkeep\n|turn|46\n|\n|t:|1698454227\n|move|p1a: Palkia|Spacial Rend|p2a: Hi Fellas!\n|-damage|p2a: Hi Fellas!|0 fnt\n|faint|p2a: Hi Fellas!\n|\n|upkeep\n|\n|t:|1698454234\n|switch|p2a: Wut the Dog Doin?|Zacian, shiny|88\/100\n|-damage|p2a: Wut the Dog Doin?|76\/100|[from] Stealth Rock\n|turn|47\n|\n|t:|1698454242\n|move|p2a: Wut the Dog Doin?|Play Rough|p1a: Palkia|[miss]\n|-miss|p2a: Wut the Dog Doin?|p1a: Palkia\n|move|p1a: Palkia|Surf|p2a: Wut the Dog Doin?\n|-crit|p2a: Wut the Dog Doin?\n|-damage|p2a: Wut the Dog Doin?|0 fnt\n|faint|p2a: Wut the Dog Doin?\n|\n|upkeep\n|\n|t:|1698454256\n|switch|p2a: Fishy!|Chi-Yu|100\/100\n|-ability|p2a: Fishy!|Beads of Ruin\n|turn|48\n|\n|t:|1698454261\n|move|p1a: Palkia|Surf|p2a: Fishy!\n|-supereffective|p2a: Fishy!\n|-damage|p2a: Fishy!|0 fnt\n|faint|p2a: Fishy!\n|\n|upkeep\n|\n|t:|1698454263\n|switch|p2a: Get Dipped!|Dipplin, F, shiny|77\/100\n|-damage|p2a: Get Dipped!|65\/100|[from] Stealth Rock\n|turn|49\n|\n|t:|1698454266\n|move|p1a: Palkia|Spacial Rend|p2a: Get Dipped!\n|-supereffective|p2a: Get Dipped!\n|-damage|p2a: Get Dipped!|0 fnt\n|faint|p2a: Get Dipped!\n|\n|win|noahrba\n|l|\u2606noahrba\n|player|p2|ScarletAri|cynthia-masters3\n","uploadtime":1698454277,"views":12,"p1id":"noahrba","p2id":"scarletari","formatid":"gen9ubers","rating":0,"private":0,"password":""}