{"id":"gen9ubers-1969079364","p1":"Charbotron","p2":"RiddleDog","format":"[Gen 9] Ubers","log":"|j|\u2606Charbotron\n|j|\u2606RiddleDog\n|t:|1697488200\n|gametype|singles\n|player|p1|Charbotron|1|\n|player|p2|RiddleDog|dawn-gen4pt|\n|teamsize|p1|6\n|teamsize|p2|6\n|gen|9\n|tier|[Gen 9] Ubers\n|rule|Sleep Clause Mod: Limit one foe put to sleep\n|rule|Species Clause: Limit one of each Pok\u00e9mon\n|rule|OHKO Clause: OHKO moves are banned\n|rule|Evasion Items Clause: Evasion items are banned\n|rule|Evasion Moves Clause: Evasion moves are banned\n|rule|Endless Battle Clause: Forcing endless battles is banned\n|rule|HP Percentage Mod: HP is shown in percentages\n|clearpoke\n|poke|p1|Volcanion|\n|poke|p1|Iron Moth|\n|poke|p1|Walking Wake|\n|poke|p1|Torkoal, M|\n|poke|p1|Great Tusk|\n|poke|p1|Corviknight, M|\n|poke|p2|Chi-Yu|\n|poke|p2|Iron Treads|\n|poke|p2|Zoroark-Hisui, M|\n|poke|p2|Kleavor, F|\n|poke|p2|Vaporeon, F|\n|poke|p2|Dachsbun, M|\n|teampreview\n|j| rustygoomba\n|j| RektCactus\n|l| RektCactus\n|\n|t:|1697488242\n|start\n|switch|p1a: Torkoal|Torkoal, M|100\/100\n|switch|p2a: DA CLEAVAH|Kleavor, F|100\/100\n|-weather|SunnyDay|[from] ability: Drought|[of] p1a: Torkoal\n|turn|1\n|j| Nuttyr\n|\n|t:|1697488256\n|move|p2a: DA CLEAVAH|Stone Axe|p1a: Torkoal\n|-supereffective|p1a: Torkoal\n|-damage|p1a: Torkoal|20\/100\n|-sidestart|p1: Charbotron|move: Stealth Rock\n|move|p1a: Torkoal|Stealth Rock|p2a: DA CLEAVAH\n|-sidestart|p2: RiddleDog|move: Stealth Rock\n|\n|-weather|SunnyDay|[upkeep]\n|upkeep\n|turn|2\n|j| Wha1efish\n|\n|t:|1697488281\n|switch|p1a: Great Tusk|Great Tusk|100\/100\n|-damage|p1a: Great Tusk|98\/100|[from] Stealth Rock\n|-activate|p1a: Great Tusk|ability: Protosynthesis\n|-start|p1a: Great Tusk|protosynthesisatk\n|move|p2a: DA CLEAVAH|Defog|p1a: Great Tusk\n|-unboost|p1a: Great Tusk|evasion|1\n|-sideend|p1: Charbotron|Stealth Rock|[from] move: Defog|[of] p2a: DA CLEAVAH\n|-sideend|p2: RiddleDog|Stealth Rock|[from] move: Defog|[of] p2a: DA CLEAVAH\n|-enditem|p1a: Great Tusk|White Herb\n|-clearnegativeboost|p1a: Great Tusk|[silent]\n|\n|-weather|SunnyDay|[upkeep]\n|upkeep\n|turn|3\n|\n|t:|1697488335\n|switch|p2a: cat|Vaporeon, F|100\/100\n|move|p1a: Great Tusk|Headlong Rush|p2a: cat\n|-damage|p2a: cat|22\/100\n|-unboost|p1a: Great Tusk|def|1\n|-unboost|p1a: Great Tusk|spd|1\n|\n|-weather|SunnyDay|[upkeep]\n|-heal|p2a: cat|28\/100|[from] item: Leftovers\n|upkeep\n|turn|4\n|\n|t:|1697488400\n|move|p1a: Great Tusk|Close Combat|p2a: cat\n|-damage|p2a: cat|0 fnt\n|-unboost|p1a: Great Tusk|def|1\n|-unboost|p1a: Great Tusk|spd|1\n|faint|p2a: cat\n|\n|-weather|SunnyDay|[upkeep]\n|upkeep\n|\n|t:|1697488417\n|switch|p2a: DA CLEAVAH|Kleavor, F|100\/100\n|turn|5\n|l| Nuttyr\n|\n|t:|1697488446\n|move|p2a: DA CLEAVAH|Shadow Ball|p1a: Great Tusk\n|-damage|p1a: Great Tusk|0 fnt\n|faint|p1a: Great Tusk\n|-end|p1a: Great Tusk|Protosynthesis|[silent]\n|\n|-weather|SunnyDay|[upkeep]\n|upkeep\n|j| Nuttyr\n|\n|t:|1697488501\n|switch|p1a: Walking Wake|Walking Wake|100\/100\n|-activate|p1a: Walking Wake|ability: Protosynthesis\n|-start|p1a: Walking Wake|protosynthesisspe\n|turn|6\n|\n|t:|1697488527\n|switch|p2a: Ribble|Dachsbun, M|100\/100\n|move|p1a: Walking Wake|Hydro Steam|p2a: Ribble\n|-crit|p2a: Ribble\n|-damage|p2a: Ribble|24\/100\n|\n|-weather|SunnyDay|[upkeep]\n|upkeep\n|turn|7\n|l| Nuttyr\n|\n|t:|1697488579\n|move|p2a: Ribble|Protect|p2a: Ribble\n|-singleturn|p2a: Ribble|Protect\n|move|p1a: Walking Wake|Hydro Steam|p2a: Ribble\n|-activate|p2a: Ribble|move: Protect\n|\n|-weather|SunnyDay|[upkeep]\n|upkeep\n|turn|8\n|j| Nuttyr\n|\n|t:|1697488594\n|move|p1a: Walking Wake|Hydro Steam|p2a: Ribble\n|-damage|p2a: Ribble|0 fnt\n|faint|p2a: Ribble\n|\n|-weather|none\n|-end|p1a: Walking Wake|Protosynthesis\n|upkeep\n|j| RektCactus\n|l| Nuttyr\n|\n|t:|1697488628\n|switch|p2a: DA CLEAVAH|Kleavor, F|100\/100\n|turn|9\n|l| RektCactus\n|j| Nuttyr\n|\n|t:|1697488641\n|move|p1a: Walking Wake|Flip Turn|p2a: DA CLEAVAH\n|-supereffective|p2a: DA CLEAVAH\n|-damage|p2a: DA CLEAVAH|57\/100\n|\n|t:|1697488646\n|-end|p1a: Walking Wake|Protosynthesis|[silent]\n|switch|p1a: Torkoal|Torkoal, M|20\/100|[from] Flip Turn\n|-weather|SunnyDay|[from] ability: Drought|[of] p1a: Torkoal\n|move|p2a: DA CLEAVAH|Stone Axe|p1a: Torkoal\n|-supereffective|p1a: Torkoal\n|-damage|p1a: Torkoal|0 fnt\n|-sidestart|p1: Charbotron|move: Stealth Rock\n|faint|p1a: Torkoal\n|\n|-weather|SunnyDay|[upkeep]\n|upkeep\n|\n|t:|1697488658\n|switch|p1a: Walking Wake|Walking Wake|100\/100\n|-damage|p1a: Walking Wake|88\/100|[from] Stealth Rock\n|-activate|p1a: Walking Wake|ability: Protosynthesis\n|-start|p1a: Walking Wake|protosynthesisspe\n|turn|10\n|l| Nuttyr\n|\n|t:|1697488672\n|move|p1a: Walking Wake|Hydro Steam|p2a: DA CLEAVAH\n|-supereffective|p2a: DA CLEAVAH\n|-damage|p2a: DA CLEAVAH|0 fnt\n|faint|p2a: DA CLEAVAH\n|\n|-weather|SunnyDay|[upkeep]\n|upkeep\n|j| Nuttyr\n|\n|t:|1697488681\n|switch|p2a: Matthew|Chi-Yu|100\/100\n|turn|11\n|l| Nuttyr\n|j| Nuttyr\n|\n|t:|1697488723\n|move|p1a: Walking Wake|Hydro Steam|p2a: Matthew\n|-enditem|p2a: Matthew|Focus Sash\n|-damage|p2a: Matthew|1\/100\n|replace|p2a: Henri|Zoroark-Hisui, M\n|-end|p2a: Henri|Illusion\n|move|p2a: Henri|Rain Dance|p2a: Henri\n|-weather|RainDance\n|-end|p1a: Walking Wake|Protosynthesis\n|\n|-weather|RainDance|[upkeep]\n|upkeep\n|turn|12\n|\n|t:|1697488737\n|move|p2a: Henri|Shadow Ball|p1a: Walking Wake\n|-damage|p1a: Walking Wake|57\/100\n|move|p1a: Walking Wake|Flip Turn|p2a: Henri\n|-damage|p2a: Henri|0 fnt\n|faint|p2a: Henri\n|l| Nuttyr\n|\n|t:|1697488759\n|-end|p1a: Walking Wake|Protosynthesis|[silent]\n|switch|p1a: Iron Moth|Iron Moth|100\/100|[from] Flip Turn\n|-damage|p1a: Iron Moth|76\/100|[from] Stealth Rock\n|\n|-weather|RainDance|[upkeep]\n|upkeep\n|\n|t:|1697488768\n|switch|p2a: Ralph|Iron Treads|100\/100\n|-enditem|p2a: Ralph|Booster Energy\n|-activate|p2a: Ralph|ability: Quark Drive|[fromitem]\n|-start|p2a: Ralph|quarkdrivespe\n|turn|13\n|j| Nuttyr\n|l| Nuttyr\n|\n|t:|1697488870\n|-end|p2a: Ralph|Quark Drive|[silent]\n|switch|p2a: Matthew|Chi-Yu|100\/100\n|-ability|p2a: Matthew|Beads of Ruin\n|-end|p1a: Iron Moth|Quark Drive|[silent]\n|switch|p1a: Corviknight|Corviknight, M|100\/100\n|-damage|p1a: Corviknight|88\/100|[from] Stealth Rock\n|\n|-weather|RainDance|[upkeep]\n|-heal|p1a: Corviknight|94\/100|[from] item: Leftovers\n|upkeep\n|turn|14\n|j| Nuttyr\n|\n|t:|1697488929\n|move|p2a: Matthew|Dark Pulse|p1a: Corviknight\n|-damage|p1a: Corviknight|41\/100\n|move|p1a: Corviknight|Defog|p2a: Matthew\n|-unboost|p2a: Matthew|evasion|1\n|-sideend|p1: Charbotron|Stealth Rock|[from] move: Defog|[of] p1a: Corviknight\n|\n|-weather|RainDance|[upkeep]\n|-heal|p1a: Corviknight|47\/100|[from] item: Leftovers\n|upkeep\n|turn|15\n|\n|t:|1697488946\n|move|p2a: Matthew|Dark Pulse|p1a: Corviknight\n|-damage|p1a: Corviknight|0 fnt\n|faint|p1a: Corviknight\n|\n|-weather|none\n|upkeep\n|\n|t:|1697488955\n|switch|p1a: Iron Moth|Iron Moth|76\/100\n|turn|16\n|\n|t:|1697488971\n|switch|p2a: Ralph|Iron Treads|100\/100\n|-terastallize|p1a: Iron Moth|Fairy\n|move|p1a: Iron Moth|Dazzling Gleam|p2a: Ralph\n|-resisted|p2a: Ralph\n|-damage|p2a: Ralph|69\/100\n|\n|upkeep\n|turn|17\n|\n|t:|1697488990\n|-end|p1a: Iron Moth|Quark Drive|[silent]\n|switch|p1a: Volcanion|Volcanion|100\/100\n|move|p2a: Ralph|Earthquake|p1a: Volcanion\n|-supereffective|p1a: Volcanion\n|-damage|p1a: Volcanion|21\/100\n|\n|upkeep\n|turn|18\n|l| Nuttyr\n|\n|t:|1697489015\n|move|p2a: Ralph|Earthquake|p1a: Volcanion\n|-supereffective|p1a: Volcanion\n|-damage|p1a: Volcanion|0 fnt\n|faint|p1a: Volcanion\n|\n|upkeep\n|j| Nuttyr\n|\n|t:|1697489025\n|switch|p1a: Iron Moth|Iron Moth, tera:Fairy|76\/100\n|turn|19\n|\n|t:|1697489028\n|move|p1a: Iron Moth|Fiery Dance|p2a: Ralph\n|-supereffective|p2a: Ralph\n|-damage|p2a: Ralph|0 fnt\n|faint|p2a: Ralph\n|-end|p2a: Ralph|Quark Drive|[silent]\n|\n|upkeep\n|\n|t:|1697489039\n|switch|p2a: Matthew|Chi-Yu|100\/100\n|-ability|p2a: Matthew|Beads of Ruin\n|turn|20\n|l| Nuttyr\n|j| Nuttyr\n|\n|t:|1697489126\n|-terastallize|p2a: Matthew|Fire\n|move|p1a: Iron Moth|Fiery Dance|p2a: Matthew\n|-resisted|p2a: Matthew\n|-damage|p2a: Matthew|73\/100\n|move|p2a: Matthew|Fire Blast|p1a: Iron Moth\n|-damage|p1a: Iron Moth|0 fnt\n|faint|p1a: Iron Moth\n|-end|p1a: Iron Moth|Quark Drive|[silent]\n|\n|upkeep\n|\n|t:|1697489134\n|switch|p1a: Walking Wake|Walking Wake|57\/100\n|turn|21\n|\n|t:|1697489139\n|move|p2a: Matthew|Fire Blast|p1a: Walking Wake|[miss]\n|-miss|p2a: Matthew|p1a: Walking Wake\n|move|p1a: Walking Wake|Hydro Steam|p2a: Matthew\n|-supereffective|p2a: Matthew\n|-damage|p2a: Matthew|0 fnt\n|faint|p2a: Matthew\n|\n|win|Charbotron\n|l| Nuttyr\n","uploadtime":1697489177,"views":9,"p1id":"charbotron","p2id":"riddledog","formatid":"gen9ubers","rating":0,"private":0,"password":""}