{"id":"gen9ubers-1977813515","p1":"Homefried","p2":"ScarletAri","format":"[Gen 9] Ubers","log":"|j|\u2606Homefried\n|j|\u2606ScarletAri\n|t:|1698452772\n|gametype|singles\n|player|p1|Homefried|anthea|\n|player|p2|ScarletAri|cynthia-masters3|\n|teamsize|p1|6\n|teamsize|p2|6\n|gen|9\n|tier|[Gen 9] Ubers\n|rule|Sleep Clause Mod: Limit one foe put to sleep\n|rule|Species Clause: Limit one of each Pok\u00e9mon\n|rule|OHKO Clause: OHKO moves are banned\n|rule|Evasion Items Clause: Evasion items are banned\n|rule|Evasion Moves Clause: Evasion moves are banned\n|rule|Endless Battle Clause: Forcing endless battles is banned\n|rule|HP Percentage Mod: HP is shown in percentages\n|clearpoke\n|poke|p1|Manaphy|\n|poke|p1|Politoed, F|\n|poke|p1|Shaymin-Sky|\n|poke|p1|Magearna|\n|poke|p1|Spectrier|\n|poke|p1|Furret, F|\n|poke|p2|Magearna|\n|poke|p2|Chi-Yu|\n|poke|p2|Gliscor, F|\n|poke|p2|Arceus-Dark|\n|poke|p2|Dipplin, F|\n|poke|p2|Zacian-*|\n|teampreview\n|\n|t:|1698452789\n|start\n|switch|p1a: tesla coil|Magearna|100\/100\n|switch|p2a: Get Dipped!|Dipplin, F, shiny|100\/100\n|turn|1\n|\n|t:|1698452804\n|switch|p2a: SCORE SCORE!|Gliscor, F, shiny|100\/100\n|move|p1a: tesla coil|Fleur Cannon|p2a: SCORE SCORE!\n|-damage|p2a: SCORE SCORE!|21\/100\n|-unboost|p1a: tesla coil|spa|2\n|\n|-status|p2a: SCORE SCORE!|tox|[from] item: Toxic Orb\n|upkeep\n|turn|2\n|\n|t:|1698452828\n|switch|p1a: littlest pet shop|Politoed, F|100\/100\n|-weather|RainDance|[from] ability: Drizzle|[of] p1a: littlest pet shop\n|move|p2a: SCORE SCORE!|Protect||[still]\n|-fail|p2a: SCORE SCORE!\n|\n|-weather|RainDance|[upkeep]\n|-heal|p2a: SCORE SCORE!|34\/100 tox|[from] ability: Poison Heal\n|upkeep\n|turn|3\n|\n|t:|1698452837\n|move|p2a: SCORE SCORE!|Protect|p2a: SCORE SCORE!\n|-singleturn|p2a: SCORE SCORE!|Protect\n|move|p1a: littlest pet shop|Weather Ball|p2a: SCORE SCORE!\n|-activate|p2a: SCORE SCORE!|move: Protect\n|\n|-weather|RainDance|[upkeep]\n|-heal|p2a: SCORE SCORE!|46\/100 tox|[from] ability: Poison Heal\n|upkeep\n|turn|4\n|\n|t:|1698452849\n|switch|p2a: Get Dipped!|Dipplin, F, shiny|100\/100\n|move|p1a: littlest pet shop|Perish Song|p1a: littlest pet shop\n|-start|p1a: littlest pet shop|perish3|[silent]\n|-start|p2a: Get Dipped!|perish3|[silent]\n|-fieldactivate|move: Perish Song\n|\n|-weather|RainDance|[upkeep]\n|-start|p1a: littlest pet shop|perish3\n|-start|p2a: Get Dipped!|perish3\n|upkeep\n|turn|5\n|\n|t:|1698452888\n|switch|p1a: tesla coil|Magearna|100\/100\n|switch|p2a: Hi Fellas!|Arceus-Dark, shiny|100\/100\n|\n|-weather|RainDance|[upkeep]\n|upkeep\n|turn|6\n|\n|t:|1698452903\n|switch|p2a: Funny!|Magearna|100\/100\n|move|p1a: tesla coil|Spikes|p2a: Funny!\n|-sidestart|p2: ScarletAri|Spikes\n|\n|-weather|none\n|upkeep\n|turn|7\n|\n|t:|1698452914\n|move|p1a: tesla coil|Spikes|p2a: Funny!\n|-sidestart|p2: ScarletAri|Spikes\n|move|p2a: Funny!|Calm Mind|p2a: Funny!\n|-boost|p2a: Funny!|spa|1\n|-boost|p2a: Funny!|spd|1\n|\n|upkeep\n|turn|8\n|\n|t:|1698452924\n|switch|p1a: littlest pet shop|Politoed, F|100\/100\n|-weather|RainDance|[from] ability: Drizzle|[of] p1a: littlest pet shop\n|move|p2a: Funny!|Calm Mind|p2a: Funny!\n|-boost|p2a: Funny!|spa|1\n|-boost|p2a: Funny!|spd|1\n|\n|-weather|RainDance|[upkeep]\n|upkeep\n|turn|9\n|\n|t:|1698452933\n|move|p1a: littlest pet shop|Perish Song|p1a: littlest pet shop\n|-start|p1a: littlest pet shop|perish3|[silent]\n|-start|p2a: Funny!|perish3|[silent]\n|-fieldactivate|move: Perish Song\n|move|p2a: Funny!|Draining Kiss|p1a: littlest pet shop\n|-damage|p1a: littlest pet shop|72\/100\n|\n|-weather|RainDance|[upkeep]\n|-heal|p1a: littlest pet shop|79\/100|[from] item: Leftovers\n|-start|p1a: littlest pet shop|perish3\n|-start|p2a: Funny!|perish3\n|upkeep\n|turn|10\n|\n|t:|1698452950\n|switch|p2a: Get Dipped!|Dipplin, F, shiny|100\/100\n|-damage|p2a: Get Dipped!|84\/100|[from] Spikes\n|move|p1a: littlest pet shop|Weather Ball|p2a: Get Dipped!\n|-resisted|p2a: Get Dipped!\n|-damage|p2a: Get Dipped!|75\/100\n|\n|-weather|RainDance|[upkeep]\n|-heal|p1a: littlest pet shop|85\/100|[from] item: Leftovers\n|-start|p1a: littlest pet shop|perish2\n|upkeep\n|turn|11\n|\n|t:|1698452983\n|switch|p1a: tesla coil|Magearna|100\/100\n|move|p2a: Get Dipped!|Energy Ball|p1a: tesla coil\n|-resisted|p1a: tesla coil\n|-damage|p1a: tesla coil|84\/100\n|\n|-weather|RainDance|[upkeep]\n|upkeep\n|turn|12\n|\n|t:|1698453015\n|switch|p2a: SCORE SCORE!|Gliscor, F, shiny|46\/100 tox\n|move|p1a: tesla coil|Fleur Cannon|p2a: SCORE SCORE!\n|-damage|p2a: SCORE SCORE!|0 fnt\n|-unboost|p1a: tesla coil|spa|2\n|faint|p2a: SCORE SCORE!\n|-ability|p1a: tesla coil|Soul-Heart|boost\n|-boost|p1a: tesla coil|spa|1\n|\n|-weather|none\n|upkeep\n|\n|t:|1698453022\n|switch|p2a: Fishy!|Chi-Yu|100\/100\n|-ability|p2a: Fishy!|Beads of Ruin\n|turn|13\n|\n|t:|1698453028\n|move|p1a: tesla coil|Fleur Cannon|p2a: Fishy!\n|-damage|p2a: Fishy!|51\/100\n|-unboost|p1a: tesla coil|spa|2\n|move|p2a: Fishy!|Flame Charge|p1a: tesla coil\n|-supereffective|p1a: tesla coil\n|-crit|p1a: tesla coil\n|-damage|p1a: tesla coil|38\/100\n|-boost|p2a: Fishy!|spe|1\n|\n|upkeep\n|turn|14\n|\n|t:|1698453040\n|switch|p1a: littlest pet shop|Politoed, F|85\/100\n|-weather|RainDance|[from] ability: Drizzle|[of] p1a: littlest pet shop\n|move|p2a: Fishy!|Flamethrower|p1a: littlest pet shop\n|-resisted|p1a: littlest pet shop\n|-damage|p1a: littlest pet shop|74\/100\n|\n|-weather|RainDance|[upkeep]\n|-heal|p1a: littlest pet shop|80\/100|[from] item: Leftovers\n|upkeep\n|turn|15\n|\n|t:|1698453054\n|move|p2a: Fishy!|Dark Pulse|p1a: littlest pet shop\n|-damage|p1a: littlest pet shop|46\/100\n|cant|p1a: littlest pet shop|flinch\n|\n|-weather|RainDance|[upkeep]\n|-heal|p1a: littlest pet shop|53\/100|[from] item: Leftovers\n|upkeep\n|turn|16\n|\n|t:|1698453062\n|switch|p2a: Get Dipped!|Dipplin, F, shiny|75\/100\n|-damage|p2a: Get Dipped!|59\/100|[from] Spikes\n|move|p1a: littlest pet shop|Weather Ball|p2a: Get Dipped!\n|-resisted|p2a: Get Dipped!\n|-damage|p2a: Get Dipped!|49\/100\n|\n|-weather|RainDance|[upkeep]\n|-heal|p1a: littlest pet shop|59\/100|[from] item: Leftovers\n|upkeep\n|turn|17\n|\n|t:|1698453092\n|switch|p1a: tesla coil|Magearna|38\/100\n|move|p2a: Get Dipped!|Recover|p2a: Get Dipped!\n|-heal|p2a: Get Dipped!|99\/100\n|\n|-weather|RainDance|[upkeep]\n|upkeep\n|turn|18\n|\n|t:|1698453114\n|switch|p2a: Funny!|Magearna|100\/100\n|-damage|p2a: Funny!|84\/100|[from] Spikes\n|move|p1a: tesla coil|Fleur Cannon|p2a: Funny!\n|-resisted|p2a: Funny!\n|-damage|p2a: Funny!|56\/100\n|-unboost|p1a: tesla coil|spa|2\n|\n|-weather|none\n|-heal|p2a: Funny!|62\/100|[from] item: Leftovers\n|upkeep\n|turn|19\n|\n|t:|1698453130\n|switch|p1a: littlest pet shop|Politoed, F|59\/100\n|-weather|RainDance|[from] ability: Drizzle|[of] p1a: littlest pet shop\n|move|p2a: Funny!|Calm Mind|p2a: Funny!\n|-boost|p2a: Funny!|spa|1\n|-boost|p2a: Funny!|spd|1\n|\n|-weather|RainDance|[upkeep]\n|-heal|p1a: littlest pet shop|65\/100|[from] item: Leftovers\n|-heal|p2a: Funny!|68\/100|[from] item: Leftovers\n|upkeep\n|turn|20\n|\n|t:|1698453141\n|move|p1a: littlest pet shop|Perish Song|p1a: littlest pet shop\n|-start|p1a: littlest pet shop|perish3|[silent]\n|-start|p2a: Funny!|perish3|[silent]\n|-fieldactivate|move: Perish Song\n|move|p2a: Funny!|Draining Kiss|p1a: littlest pet shop\n|-damage|p1a: littlest pet shop|42\/100\n|-heal|p2a: Funny!|86\/100|[from] drain|[of] p1a: littlest pet shop\n|\n|-weather|RainDance|[upkeep]\n|-heal|p1a: littlest pet shop|49\/100|[from] item: Leftovers\n|-heal|p2a: Funny!|92\/100|[from] item: Leftovers\n|-start|p1a: littlest pet shop|perish3\n|-start|p2a: Funny!|perish3\n|upkeep\n|turn|21\n|\n|t:|1698453156\n|move|p1a: littlest pet shop|Encore|p2a: Funny!\n|-start|p2a: Funny!|Encore\n|move|p2a: Funny!|Draining Kiss|p1a: littlest pet shop\n|-damage|p1a: littlest pet shop|29\/100\n|-heal|p2a: Funny!|100\/100|[from] drain|[of] p1a: littlest pet shop\n|\n|-weather|RainDance|[upkeep]\n|-heal|p1a: littlest pet shop|35\/100|[from] item: Leftovers\n|-start|p1a: littlest pet shop|perish2\n|-start|p2a: Funny!|perish2\n|upkeep\n|turn|22\n|\n|t:|1698453182\n|switch|p1a: princess ;una|Spectrier|100\/100\n|switch|p2a: Get Dipped!|Dipplin, F, shiny|99\/100\n|-damage|p2a: Get Dipped!|83\/100|[from] Spikes\n|\n|-weather|RainDance|[upkeep]\n|upkeep\n|turn|23\n|\n|t:|1698453221\n|switch|p2a: Hi Fellas!|Arceus-Dark, shiny|100\/100\n|-damage|p2a: Hi Fellas!|84\/100|[from] Spikes\n|move|p1a: princess ;una|Shadow Ball|p2a: Hi Fellas!\n|-resisted|p2a: Hi Fellas!\n|-damage|p2a: Hi Fellas!|74\/100\n|\n|-weather|none\n|upkeep\n|turn|24\n|\n|t:|1698453233\n|switch|p1a: tesla coil|Magearna|38\/100\n|move|p2a: Hi Fellas!|Flamethrower|p1a: tesla coil\n|-supereffective|p1a: tesla coil\n|-damage|p1a: tesla coil|0 fnt\n|faint|p1a: tesla coil\n|\n|upkeep\n|\n|t:|1698453248\n|switch|p1a: spike|Shaymin-Sky|100\/100\n|turn|25\n|\n|t:|1698453322\n|switch|p2a: Funny!|Magearna|100\/100\n|-damage|p2a: Funny!|84\/100|[from] Spikes\n|move|p1a: spike|Air Slash|p2a: Funny!\n|-resisted|p2a: Funny!\n|-damage|p2a: Funny!|70\/100\n|\n|-heal|p2a: Funny!|76\/100|[from] item: Leftovers\n|upkeep\n|turn|26\n|\n|t:|1698453332\n|switch|p1a: littlest pet shop|Politoed, F|35\/100\n|-weather|RainDance|[from] ability: Drizzle|[of] p1a: littlest pet shop\n|move|p2a: Funny!|Calm Mind|p2a: Funny!\n|-boost|p2a: Funny!|spa|1\n|-boost|p2a: Funny!|spd|1\n|\n|-weather|RainDance|[upkeep]\n|-heal|p1a: littlest pet shop|41\/100|[from] item: Leftovers\n|-heal|p2a: Funny!|82\/100|[from] item: Leftovers\n|upkeep\n|turn|27\n|\n|t:|1698453348\n|move|p1a: littlest pet shop|Perish Song|p1a: littlest pet shop\n|-start|p1a: littlest pet shop|perish3|[silent]\n|-start|p2a: Funny!|perish3|[silent]\n|-fieldactivate|move: Perish Song\n|move|p2a: Funny!|Draining Kiss|p1a: littlest pet shop\n|-damage|p1a: littlest pet shop|22\/100\n|-heal|p2a: Funny!|97\/100|[from] drain|[of] p1a: littlest pet shop\n|\n|-weather|RainDance|[upkeep]\n|-heal|p1a: littlest pet shop|29\/100|[from] item: Leftovers\n|-heal|p2a: Funny!|100\/100|[from] item: Leftovers\n|-start|p1a: littlest pet shop|perish3\n|-start|p2a: Funny!|perish3\n|upkeep\n|turn|28\n|\n|t:|1698453363\n|switch|p1a: horse|Manaphy|100\/100\n|move|p2a: Funny!|Draining Kiss|p1a: horse\n|-damage|p1a: horse|71\/100\n|\n|-weather|RainDance|[upkeep]\n|-start|p2a: Funny!|perish2\n|upkeep\n|turn|29\n|\n|t:|1698453371\n|switch|p2a: Hi Fellas!|Arceus-Dark, shiny|74\/100\n|-damage|p2a: Hi Fellas!|57\/100|[from] Spikes\n|move|p1a: horse|Tail Glow|p1a: horse\n|-boost|p1a: horse|spa|3\n|\n|-weather|RainDance|[upkeep]\n|upkeep\n|turn|30\n|\n|t:|1698453380\n|move|p1a: horse|Scald|p2a: Hi Fellas!\n|-damage|p2a: Hi Fellas!|0 fnt\n|faint|p2a: Hi Fellas!\n|-heal|p1a: horse|80\/100|[from] item: Shell Bell|[of] p2: Hi Fellas!\n|\n|-weather|none\n|upkeep\n|\n|t:|1698453389\n|switch|p2a: Wut the Dog Doin?|Zacian, shiny|100\/100\n|-damage|p2a: Wut the Dog Doin?|84\/100|[from] Spikes\n|-ability|p2a: Wut the Dog Doin?|Intrepid Sword|boost\n|-boost|p2a: Wut the Dog Doin?|atk|1\n|turn|31\n|\n|t:|1698453400\n|-terastallize|p1a: horse|Water\n|move|p2a: Wut the Dog Doin?|Play Rough|p1a: horse\n|-damage|p1a: horse|0 fnt\n|faint|p1a: horse\n|\n|upkeep\n|\n|t:|1698453423\n|switch|p1a: spike|Shaymin-Sky|100\/100\n|turn|32\n|\n|t:|1698453437\n|switch|p2a: Funny!|Magearna|100\/100\n|-damage|p2a: Funny!|84\/100|[from] Spikes\n|move|p1a: spike|Air Slash|p2a: Funny!\n|-resisted|p2a: Funny!\n|-damage|p2a: Funny!|69\/100\n|\n|-heal|p2a: Funny!|75\/100|[from] item: Leftovers\n|upkeep\n|turn|33\n|\n|t:|1698453446\n|move|p1a: spike|Leech Seed|p2a: Funny!\n|-start|p2a: Funny!|move: Leech Seed\n|move|p2a: Funny!|Calm Mind|p2a: Funny!\n|-boost|p2a: Funny!|spa|1\n|-boost|p2a: Funny!|spd|1\n|\n|-heal|p2a: Funny!|81\/100|[from] item: Leftovers\n|-damage|p2a: Funny!|69\/100|[from] Leech Seed|[of] p1a: spike\n|upkeep\n|turn|34\n|\n|t:|1698453454\n|move|p1a: spike|Substitute|p1a: spike\n|-start|p1a: spike|Substitute\n|-damage|p1a: spike|76\/100\n|move|p2a: Funny!|Calm Mind|p2a: Funny!\n|-boost|p2a: Funny!|spa|1\n|-boost|p2a: Funny!|spd|1\n|\n|-heal|p1a: spike|82\/100|[from] item: Leftovers\n|-heal|p2a: Funny!|75\/100|[from] item: Leftovers\n|-damage|p2a: Funny!|63\/100|[from] Leech Seed|[of] p1a: spike\n|-heal|p1a: spike|95\/100|[silent]\n|upkeep\n|turn|35\n|\n|t:|1698453465\n|move|p1a: spike|Seed Flare|p2a: Funny!\n|-resisted|p2a: Funny!\n|-damage|p2a: Funny!|51\/100\n|-unboost|p2a: Funny!|spd|2\n|move|p2a: Funny!|Draining Kiss|p1a: spike\n|-end|p1a: spike|Substitute\n|-heal|p2a: Funny!|68\/100|[from] drain|[of] p1a: spike\n|\n|-heal|p1a: spike|100\/100|[from] item: Leftovers\n|-heal|p2a: Funny!|74\/100|[from] item: Leftovers\n|-damage|p2a: Funny!|62\/100|[from] Leech Seed|[of] p1a: spike\n|upkeep\n|turn|36\n|\n|t:|1698453477\n|move|p1a: spike|Substitute|p1a: spike\n|-start|p1a: spike|Substitute\n|-damage|p1a: spike|76\/100\n|move|p2a: Funny!|Draining Kiss|p1a: spike\n|-end|p1a: spike|Substitute\n|-heal|p2a: Funny!|80\/100|[from] drain|[of] p1a: spike\n|\n|-heal|p1a: spike|82\/100|[from] item: Leftovers\n|-heal|p2a: Funny!|86\/100|[from] item: Leftovers\n|-damage|p2a: Funny!|73\/100|[from] Leech Seed|[of] p1a: spike\n|-heal|p1a: spike|95\/100|[silent]\n|upkeep\n|turn|37\n|\n|t:|1698453502\n|move|p1a: spike|Substitute|p1a: spike\n|-start|p1a: spike|Substitute\n|-damage|p1a: spike|70\/100\n|move|p2a: Funny!|Shift Gear|p2a: Funny!\n|-boost|p2a: Funny!|spe|2\n|-boost|p2a: Funny!|atk|1\n|\n|-heal|p1a: spike|76\/100|[from] item: Leftovers\n|-heal|p2a: Funny!|79\/100|[from] item: Leftovers\n|-damage|p2a: Funny!|67\/100|[from] Leech Seed|[of] p1a: spike\n|-heal|p1a: spike|89\/100|[silent]\n|upkeep\n|turn|38\n|\n|t:|1698453518\n|move|p1a: spike|Seed Flare|p2a: Funny!\n|-resisted|p2a: Funny!\n|-damage|p2a: Funny!|40\/100\n|-unboost|p2a: Funny!|spd|2\n|move|p2a: Funny!|Calm Mind|p2a: Funny!\n|-boost|p2a: Funny!|spa|1\n|-boost|p2a: Funny!|spd|1\n|\n|-heal|p1a: spike|96\/100|[from] item: Leftovers\n|-heal|p2a: Funny!|46\/100|[from] item: Leftovers\n|-damage|p2a: Funny!|34\/100|[from] Leech Seed|[of] p1a: spike\n|-heal|p1a: spike|100\/100|[silent]\n|upkeep\n|turn|39\n|\n|t:|1698453533\n|move|p1a: spike|Seed Flare|p2a: Funny!|[miss]\n|-miss|p1a: spike|p2a: Funny!\n|move|p2a: Funny!|Draining Kiss|p1a: spike\n|-end|p1a: spike|Substitute\n|-heal|p2a: Funny!|52\/100|[from] drain|[of] p1a: spike\n|\n|-heal|p2a: Funny!|58\/100|[from] item: Leftovers\n|-damage|p2a: Funny!|45\/100|[from] Leech Seed|[of] p1a: spike\n|upkeep\n|turn|40\n|\n|t:|1698453544\n|move|p1a: spike|Substitute|p1a: spike\n|-start|p1a: spike|Substitute\n|-damage|p1a: spike|76\/100\n|move|p2a: Funny!|Draining Kiss|p1a: spike\n|-end|p1a: spike|Substitute\n|-heal|p2a: Funny!|63\/100|[from] drain|[of] p1a: spike\n|\n|-heal|p1a: spike|82\/100|[from] item: Leftovers\n|-heal|p2a: Funny!|69\/100|[from] item: Leftovers\n|-damage|p2a: Funny!|57\/100|[from] Leech Seed|[of] p1a: spike\n|-heal|p1a: spike|95\/100|[silent]\n|upkeep\n|turn|41\n|\n|t:|1698453554\n|move|p1a: spike|Seed Flare|p2a: Funny!\n|-resisted|p2a: Funny!\n|-damage|p2a: Funny!|21\/100\n|-unboost|p2a: Funny!|spd|2\n|move|p2a: Funny!|Draining Kiss|p1a: spike\n|-damage|p1a: spike|29\/100\n|-heal|p2a: Funny!|68\/100|[from] drain|[of] p1a: spike\n|\n|-heal|p1a: spike|35\/100|[from] item: Leftovers\n|-heal|p2a: Funny!|74\/100|[from] item: Leftovers\n|-damage|p2a: Funny!|62\/100|[from] Leech Seed|[of] p1a: spike\n|-heal|p1a: spike|48\/100|[silent]\n|upkeep\n|turn|42\n|\n|t:|1698453568\n|move|p1a: spike|Seed Flare|p2a: Funny!\n|-resisted|p2a: Funny!\n|-damage|p2a: Funny!|0 fnt\n|faint|p2a: Funny!\n|\n|-heal|p1a: spike|54\/100|[from] item: Leftovers\n|upkeep\n|\n|t:|1698453575\n|switch|p2a: Wut the Dog Doin?|Zacian, shiny|84\/100\n|-damage|p2a: Wut the Dog Doin?|67\/100|[from] Spikes\n|turn|43\n|\n|t:|1698453601\n|move|p2a: Wut the Dog Doin?|Play Rough|p1a: spike\n|-damage|p1a: spike|0 fnt\n|faint|p1a: spike\n|\n|upkeep\n|\n|t:|1698453610\n|switch|p1a: princess ;una|Spectrier|100\/100\n|turn|44\n|\n|t:|1698453618\n|move|p1a: princess ;una|Will-O-Wisp|p2a: Wut the Dog Doin?\n|-status|p2a: Wut the Dog Doin?|brn\n|move|p2a: Wut the Dog Doin?|Play Rough|p1a: princess ;una\n|-damage|p1a: princess ;una|47\/100\n|\n|-damage|p2a: Wut the Dog Doin?|61\/100 brn|[from] brn\n|upkeep\n|turn|45\n|\n|t:|1698453626\n|switch|p1a: littlest pet shop|Politoed, F|29\/100\n|-weather|RainDance|[from] ability: Drizzle|[of] p1a: littlest pet shop\n|move|p2a: Wut the Dog Doin?|Play Rough|p1a: littlest pet shop\n|-damage|p1a: littlest pet shop|0 fnt\n|faint|p1a: littlest pet shop\n|\n|-weather|RainDance|[upkeep]\n|-damage|p2a: Wut the Dog Doin?|55\/100 brn|[from] brn\n|upkeep\n|\n|t:|1698453646\n|switch|p1a: princess ;una|Spectrier|47\/100\n|turn|46\n|\n|t:|1698453653\n|switch|p2a: Fishy!|Chi-Yu|51\/100\n|-ability|p2a: Fishy!|Beads of Ruin\n|move|p1a: princess ;una|Disable||[still]\n|-fail|p1a: princess ;una\n|\n|-weather|RainDance|[upkeep]\n|upkeep\n|turn|47\n|\n|t:|1698453661\n|switch|p1a: the GOAT|Furret, F|100\/100\n|-item|p2a: Fishy!|Heavy-Duty Boots|[from] ability: Frisk|[of] p1a: the GOAT|[identify]\n|move|p2a: Fishy!|Dark Pulse|p1a: the GOAT\n|-damage|p1a: the GOAT|1\/100\n|\n|-weather|RainDance|[upkeep]\n|upkeep\n|turn|48\n|\n|t:|1698453710\n|move|p2a: Fishy!|Flame Charge|p1a: the GOAT\n|-damage|p1a: the GOAT|0 fnt\n|-boost|p2a: Fishy!|spe|1\n|faint|p1a: the GOAT\n|\n|-weather|RainDance|[upkeep]\n|upkeep\n|\n|t:|1698453717\n|switch|p1a: princess ;una|Spectrier|47\/100\n|turn|49\n|\n|t:|1698453726\n|move|p1a: princess ;una|Dark Pulse|p2a: Fishy!\n|-resisted|p2a: Fishy!\n|-damage|p2a: Fishy!|33\/100\n|move|p2a: Fishy!|Dark Pulse|p1a: princess ;una\n|-supereffective|p1a: princess ;una\n|-crit|p1a: princess ;una\n|-damage|p1a: princess ;una|0 fnt\n|faint|p1a: princess ;una\n|\n|win|ScarletAri\n|l|\u2606Homefried\n","uploadtime":1698453770,"views":11,"p1id":"homefried","p2id":"scarletari","formatid":"gen9ubers","rating":0,"private":0,"password":""}