{"id":"gen9ubers-1998252803","p1":"sweepy boi","p2":"Rei_darkness","format":"[Gen 9] Ubers","log":"|j|\u2606sweepy boi\n|j|\u2606Rei_darkness\n|t:|1700920220\n|gametype|singles\n|player|p1|sweepy boi|skyla|\n|player|p2|Rei_darkness|drayden|\n|teamsize|p1|6\n|teamsize|p2|6\n|gen|9\n|tier|[Gen 9] Ubers\n|rule|Sleep Clause Mod: Limit one foe put to sleep\n|rule|Species Clause: Limit one of each Pok\u00e9mon\n|rule|OHKO Clause: OHKO moves are banned\n|rule|Evasion Items Clause: Evasion items are banned\n|rule|Evasion Moves Clause: Evasion moves are banned\n|rule|Endless Battle Clause: Forcing endless battles is banned\n|rule|HP Percentage Mod: HP is shown in percentages\n|clearpoke\n|poke|p1|Gliscor, F|\n|poke|p1|Zoroark-Hisui, M|\n|poke|p1|Gholdengo|\n|poke|p1|Azelf|\n|poke|p1|Palafin, M|\n|poke|p1|Clefable, F|\n|poke|p2|Ribombee, F|\n|poke|p2|Iron Jugulis|\n|poke|p2|Weezing-Galar, F|\n|poke|p2|Thundurus, M|\n|poke|p2|Slowking-Galar, F|\n|poke|p2|Palafin, F|\n|teampreview\n|\n|t:|1700920247\n|start\n|switch|p1a: Azelf|Azelf|100\/100\n|switch|p2a: Palafin|Palafin, F|100\/100\n|turn|1\n|\n|t:|1700920262\n|move|p1a: Azelf|Stealth Rock|p2a: Palafin\n|-sidestart|p2: Rei_darkness|move: Stealth Rock\n|move|p2a: Palafin|Boomburst|p1a: Azelf\n|-damage|p1a: Azelf|33\/100\n|\n|upkeep\n|turn|2\n|\n|t:|1700920270\n|detailschange|p2a: Palafin|Palafin-Hero, F\n|switch|p2a: Ribombee|Ribombee, F|100\/100\n|-damage|p2a: Ribombee|76\/100|[from] Stealth Rock\n|move|p1a: Azelf|Explosion|p2a: Ribombee\n|-damage|p2a: Ribombee|0 fnt\n|faint|p1a: Azelf\n|faint|p2a: Ribombee\n|\n|upkeep\n|\n|t:|1700920283\n|switch|p2a: Weezing|Weezing-Galar, F|100\/100\n|switch|p1a: Palafin|Palafin, M|100\/100\n|-damage|p2a: Weezing|88\/100|[from] Stealth Rock\n|-fieldstart|move: Misty Terrain|[from] ability: Misty Surge|[of] p2a: Weezing\n|turn|3\n|\n|t:|1700920305\n|detailschange|p1a: Palafin|Palafin-Hero, M\n|switch|p1a: Gliscor|Gliscor, F|100\/100\n|switch|p2a: Thundurus|Thundurus, M|100\/100\n|-damage|p2a: Thundurus|76\/100|[from] Stealth Rock\n|-enditem|p2a: Thundurus|Misty Seed\n|-boost|p2a: Thundurus|spd|1|[from] item: Misty Seed\n|\n|-status|p1a: Gliscor|tox|[from] item: Toxic Orb\n|upkeep\n|turn|4\n|\n|t:|1700920313\n|move|p2a: Thundurus|Bulk Up|p2a: Thundurus\n|-boost|p2a: Thundurus|atk|1\n|-boost|p2a: Thundurus|def|1\n|move|p1a: Gliscor|Toxic|p2a: Thundurus\n|-status|p2a: Thundurus|tox\n|\n|-damage|p2a: Thundurus|70\/100 tox|[from] psn\n|upkeep\n|turn|5\n|\n|t:|1700920326\n|move|p2a: Thundurus|Acrobatics|p1a: Gliscor\n|-damage|p1a: Gliscor|57\/100 tox\n|move|p1a: Gliscor|Spikes|p2a: Thundurus\n|-sidestart|p2: Rei_darkness|Spikes\n|\n|-damage|p2a: Thundurus|58\/100 tox|[from] psn\n|-heal|p1a: Gliscor|70\/100 tox|[from] ability: Poison Heal\n|upkeep\n|turn|6\n|\n|t:|1700920334\n|switch|p2a: Weezing|Weezing-Galar, F|88\/100\n|-damage|p2a: Weezing|76\/100|[from] Stealth Rock\n|-damage|p2a: Weezing|64\/100|[from] Spikes\n|switch|p1a: Clefable|Clefable, F|100\/100\n|\n|-heal|p2a: Weezing|70\/100|[from] item: Leftovers\n|upkeep\n|turn|7\n|\n|t:|1700920348\n|switch|p1a: Gholdengo|Gholdengo|100\/100\n|move|p2a: Weezing|Defog|p1a: Gholdengo\n|-immune|p1a: Gholdengo|[from] ability: Good as Gold\n|\n|-heal|p2a: Weezing|76\/100|[from] item: Leftovers\n|-fieldend|Misty Terrain\n|upkeep\n|turn|8\n|\n|t:|1700920361\n|switch|p2a: Thundurus|Thundurus, M|58\/100 tox\n|-damage|p2a: Thundurus|33\/100 tox|[from] Stealth Rock\n|move|p1a: Gholdengo|Iron Head|p2a: Thundurus\n|-resisted|p2a: Thundurus\n|-damage|p2a: Thundurus|20\/100 tox\n|\n|-damage|p2a: Thundurus|14\/100 tox|[from] psn\n|upkeep\n|turn|9\n|\n|t:|1700920369\n|move|p2a: Thundurus|Knock Off|p1a: Gholdengo\n|-supereffective|p1a: Gholdengo\n|-damage|p1a: Gholdengo|60\/100\n|-enditem|p1a: Gholdengo|Light Clay|[from] move: Knock Off|[of] p2a: Thundurus\n|move|p1a: Gholdengo|Iron Head|p2a: Thundurus\n|-resisted|p2a: Thundurus\n|-damage|p2a: Thundurus|0 fnt\n|faint|p2a: Thundurus\n|\n|upkeep\n|\n|t:|1700920376\n|switch|p2a: Slowking|Slowking-Galar, F|100\/100\n|turn|10\n|\n|t:|1700920396\n|switch|p1a: Gliscor|Gliscor, F|70\/100 tox\n|move|p2a: Slowking|Chilly Reception|p2a: Slowking\n|-weather|Snow\n|\n|t:|1700920399\n|switch|p2a: Palafin|Palafin-Hero, F|100\/100|[from] Chilly Reception\n|-damage|p2a: Palafin|88\/100|[from] Stealth Rock\n|-damage|p2a: Palafin|76\/100|[from] Spikes\n|-activate|p2a: Palafin|ability: Zero to Hero\n|\n|-weather|Snow|[upkeep]\n|-heal|p1a: Gliscor|82\/100 tox|[from] ability: Poison Heal\n|upkeep\n|turn|11\n|\n|t:|1700920407\n|move|p1a: Gliscor|Protect|p1a: Gliscor\n|-singleturn|p1a: Gliscor|Protect\n|move|p2a: Palafin|Surf|p1a: Gliscor\n|-activate|p1a: Gliscor|move: Protect\n|\n|-weather|Snow|[upkeep]\n|-heal|p1a: Gliscor|95\/100 tox|[from] ability: Poison Heal\n|upkeep\n|turn|12\n|\n|t:|1700920414\n|switch|p1a: Palafin|Palafin-Hero, M|100\/100\n|-activate|p1a: Palafin|ability: Zero to Hero\n|move|p2a: Palafin|Surf|p1a: Palafin\n|-resisted|p1a: Palafin\n|-damage|p1a: Palafin|61\/100\n|\n|-weather|Snow|[upkeep]\n|upkeep\n|turn|13\n|\n|t:|1700920422\n|switch|p2a: Slowking|Slowking-Galar, F|100\/100\n|move|p1a: Palafin|Boomburst|p2a: Slowking\n|-damage|p2a: Slowking|61\/100\n|\n|-weather|Snow|[upkeep]\n|upkeep\n|turn|14\n|\n|t:|1700920443\n|move|p1a: Palafin|Boomburst|p2a: Slowking\n|-damage|p2a: Slowking|22\/100\n|move|p2a: Slowking|Chilly Reception|p2a: Slowking\n|\n|t:|1700920468\n|switch|p2a: Iron Jugulis|Iron Jugulis|100\/100|[from] Chilly Reception\n|-damage|p2a: Iron Jugulis|75\/100|[from] Stealth Rock\n|-enditem|p2a: Iron Jugulis|Booster Energy\n|-activate|p2a: Iron Jugulis|ability: Quark Drive|[fromitem]\n|-start|p2a: Iron Jugulis|quarkdrivespe\n|\n|-weather|none\n|upkeep\n|turn|15\n|\n|t:|1700920476\n|switch|p1a: Clefable|Clefable, F|100\/100\n|move|p2a: Iron Jugulis|Acrobatics|p1a: Clefable\n|-damage|p1a: Clefable|54\/100\n|\n|upkeep\n|turn|16\n|\n|t:|1700920485\n|-terastallize|p2a: Iron Jugulis|Ground\n|move|p2a: Iron Jugulis|Work Up|p2a: Iron Jugulis\n|-boost|p2a: Iron Jugulis|atk|1\n|-boost|p2a: Iron Jugulis|spa|1\n|move|p1a: Clefable|Moonlight|p1a: Clefable\n|-heal|p1a: Clefable|100\/100\n|\n|upkeep\n|turn|17\n|\n|t:|1700920492\n|move|p2a: Iron Jugulis|Acrobatics|p1a: Clefable\n|-damage|p1a: Clefable|56\/100\n|move|p1a: Clefable|Encore|p2a: Iron Jugulis\n|-start|p2a: Iron Jugulis|Encore\n|\n|upkeep\n|turn|18\n|\n|t:|1700920503\n|switch|p1a: Gholdengo|Gholdengo|60\/100\n|move|p2a: Iron Jugulis|Acrobatics|p1a: Gholdengo\n|-resisted|p1a: Gholdengo\n|-damage|p1a: Gholdengo|35\/100\n|\n|upkeep\n|turn|19\n|\n|t:|1700920510\n|move|p2a: Iron Jugulis|Acrobatics|p1a: Gholdengo\n|-resisted|p1a: Gholdengo\n|-damage|p1a: Gholdengo|11\/100\n|move|p1a: Gholdengo|Reflect|p1a: Gholdengo\n|-sidestart|p1: sweepy boi|Reflect\n|\n|upkeep\n|turn|20\n|\n|t:|1700920514\n|move|p2a: Iron Jugulis|Acrobatics|p1a: Gholdengo\n|-resisted|p1a: Gholdengo\n|-damage|p1a: Gholdengo|0 fnt\n|faint|p1a: Gholdengo\n|\n|-end|p2a: Iron Jugulis|Encore\n|upkeep\n|\n|t:|1700920534\n|switch|p1a: Clefable|Clefable, F|56\/100\n|turn|21\n|\n|t:|1700920538\n|move|p2a: Iron Jugulis|Work Up|p2a: Iron Jugulis\n|-boost|p2a: Iron Jugulis|atk|1\n|-boost|p2a: Iron Jugulis|spa|1\n|move|p1a: Clefable|Moonlight|p1a: Clefable\n|-heal|p1a: Clefable|100\/100\n|\n|upkeep\n|turn|22\n|\n|t:|1700920546\n|move|p2a: Iron Jugulis|Acrobatics|p1a: Clefable\n|-damage|p1a: Clefable|78\/100\n|move|p1a: Clefable|Drain Punch|p2a: Iron Jugulis\n|-damage|p2a: Iron Jugulis|61\/100\n|-heal|p1a: Clefable|84\/100|[from] drain|[of] p2a: Iron Jugulis\n|\n|upkeep\n|turn|23\n|\n|t:|1700920559\n|move|p2a: Iron Jugulis|Acrobatics|p1a: Clefable\n|-damage|p1a: Clefable|62\/100\n|move|p1a: Clefable|Encore|p2a: Iron Jugulis\n|-start|p2a: Iron Jugulis|Encore\n|\n|-sideend|p1: sweepy boi|Reflect\n|upkeep\n|turn|24\n|\n|t:|1700920568\n|move|p2a: Iron Jugulis|Acrobatics|p1a: Clefable\n|-damage|p1a: Clefable|13\/100\n|move|p1a: Clefable|Drain Punch|p2a: Iron Jugulis\n|-damage|p2a: Iron Jugulis|47\/100\n|-heal|p1a: Clefable|20\/100|[from] drain|[of] p2a: Iron Jugulis\n|\n|upkeep\n|turn|25\n|\n|t:|1700920578\n|move|p2a: Iron Jugulis|Acrobatics|p1a: Clefable\n|-damage|p1a: Clefable|0 fnt\n|faint|p1a: Clefable\n|\n|upkeep\n|\n|t:|1700920586\n|switch|p1a: Gliscor|Gliscor, F|95\/100 tox\n|turn|26\n|\n|t:|1700920589\n|move|p2a: Iron Jugulis|Acrobatics|p1a: Gliscor\n|-damage|p1a: Gliscor|40\/100 tox\n|move|p1a: Gliscor|Toxic|p2a: Iron Jugulis\n|-status|p2a: Iron Jugulis|tox\n|\n|-damage|p2a: Iron Jugulis|41\/100 tox|[from] psn\n|-heal|p1a: Gliscor|52\/100 tox|[from] ability: Poison Heal\n|-end|p2a: Iron Jugulis|Encore\n|upkeep\n|turn|27\n|\n|t:|1700920596\n|move|p1a: Gliscor|Protect|p1a: Gliscor\n|-singleturn|p1a: Gliscor|Protect\n|move|p2a: Iron Jugulis|Acrobatics|p1a: Gliscor\n|-activate|p1a: Gliscor|move: Protect\n|\n|-damage|p2a: Iron Jugulis|29\/100 tox|[from] psn\n|-heal|p1a: Gliscor|65\/100 tox|[from] ability: Poison Heal\n|upkeep\n|turn|28\n|\n|t:|1700920618\n|switch|p1a: Palafin|Palafin-Hero, M|61\/100\n|move|p2a: Iron Jugulis|Acrobatics|p1a: Palafin\n|-damage|p1a: Palafin|0 fnt\n|faint|p1a: Palafin\n|\n|-damage|p2a: Iron Jugulis|10\/100 tox|[from] psn\n|upkeep\n|\n|t:|1700920620\n|switch|p1a: Gliscor|Gliscor, F|100\/100\n|turn|29\n|\n|t:|1700920631\n|-terastallize|p1a: Gliscor|Ghost\n|move|p1a: Gliscor|Shadow Sneak|p2a: Iron Jugulis\n|-damage|p2a: Iron Jugulis|0 fnt\n|faint|p2a: Iron Jugulis\n|-end|p2a: Iron Jugulis|Quark Drive|[silent]\n|\n|upkeep\n|\n|t:|1700920637\n|switch|p2a: Weezing|Weezing-Galar, F|76\/100\n|-damage|p2a: Weezing|63\/100|[from] Stealth Rock\n|-damage|p2a: Weezing|51\/100|[from] Spikes\n|-fieldstart|move: Misty Terrain|[from] ability: Misty Surge|[of] p2a: Weezing\n|turn|30\n|\n|t:|1700920649\n|switch|p1a: Gliscor|Gliscor, F|65\/100 tox\n|move|p2a: Weezing|Strange Steam|p1a: Gliscor\n|-damage|p1a: Gliscor|33\/100 tox\n|\n|-heal|p2a: Weezing|57\/100|[from] item: Leftovers\n|-heal|p1a: Gliscor|46\/100 tox|[from] ability: Poison Heal\n|upkeep\n|turn|31\n|\n|t:|1700920664\n|move|p1a: Gliscor|Mud-Slap|p2a: Weezing\n|-supereffective|p2a: Weezing\n|-damage|p2a: Weezing|48\/100\n|-unboost|p2a: Weezing|accuracy|1\n|move|p2a: Weezing|Defog|p1a: Gliscor\n|-unboost|p1a: Gliscor|evasion|1\n|-sideend|p2: Rei_darkness|Spikes|[from] move: Defog|[of] p2a: Weezing\n|-sideend|p2: Rei_darkness|Stealth Rock|[from] move: Defog|[of] p2a: Weezing\n|-fieldend|Misty Terrain\n|\n|-heal|p2a: Weezing|53\/100|[from] item: Leftovers\n|-heal|p1a: Gliscor|58\/100 tox|[from] ability: Poison Heal\n|upkeep\n|turn|32\n|\n|t:|1700920678\n|switch|p2a: Slowking|Slowking-Galar, F|55\/100\n|move|p1a: Gliscor|Toxic|p2a: Slowking\n|-immune|p2a: Slowking\n|\n|-heal|p1a: Gliscor|71\/100 tox|[from] ability: Poison Heal\n|upkeep\n|turn|33\n|\n|t:|1700920698\n|move|p1a: Gliscor|Spikes|p2a: Slowking\n|-sidestart|p2: Rei_darkness|Spikes\n|move|p2a: Slowking|Taunt|p1a: Gliscor\n|-start|p1a: Gliscor|move: Taunt\n|\n|-heal|p1a: Gliscor|83\/100 tox|[from] ability: Poison Heal\n|upkeep\n|turn|34\n|\n|t:|1700920708\n|move|p1a: Gliscor|Mud-Slap|p2a: Slowking\n|-supereffective|p2a: Slowking\n|-damage|p2a: Slowking|50\/100\n|-unboost|p2a: Slowking|accuracy|1\n|move|p2a: Slowking|Chilly Reception|p2a: Slowking\n|-weather|Snow\n|\n|t:|1700920711\n|switch|p2a: Palafin|Palafin-Hero, F|76\/100|[from] Chilly Reception\n|-damage|p2a: Palafin|64\/100|[from] Spikes\n|\n|-weather|Snow|[upkeep]\n|-heal|p1a: Gliscor|95\/100 tox|[from] ability: Poison Heal\n|upkeep\n|turn|35\n|\n|t:|1700920719\n|move|p2a: Palafin|Ice Beam|p1a: Gliscor\n|-supereffective|p1a: Gliscor\n|-damage|p1a: Gliscor|0 fnt\n|faint|p1a: Gliscor\n|\n|-weather|Snow|[upkeep]\n|upkeep\n|\n|t:|1700920721\n|switch|p1a: Zoroark|Zoroark-Hisui, M, tera:Ghost|100\/100\n|turn|36\n|\n|t:|1700920728\n|move|p1a: Zoroark|Poltergeist|p2a: Palafin\n|-activate|p2a: Palafin|move: Poltergeist|Choice Specs\n|-damage|p2a: Palafin|3\/100\n|move|p2a: Palafin|Ice Beam|p1a: Zoroark\n|-damage|p1a: Zoroark|11\/100\n|\n|-weather|Snow|[upkeep]\n|upkeep\n|turn|37\n|\n|t:|1700920734\n|move|p1a: Zoroark|Shadow Sneak|p2a: Palafin\n|-damage|p2a: Palafin|0 fnt\n|faint|p2a: Palafin\n|\n|-weather|Snow|[upkeep]\n|upkeep\n|c|\u2606Rei_darkness|!calc\n|c| Rei_darkness|\/raw <div class=\"infobox\">Pok&eacute;mon Showdown! damage calculator. (Courtesy of Honko, Austin, &amp; Kris)<br \/>- <a href=\"https:\/\/calc.pokemonshowdown.com\/index.html\">Damage Calculator<\/a><\/div>\n|\n|t:|1700920799\n|switch|p2a: Weezing|Weezing-Galar, F|53\/100\n|-damage|p2a: Weezing|41\/100|[from] Spikes\n|-fieldstart|move: Misty Terrain|[from] ability: Misty Surge|[of] p2a: Weezing\n|turn|38\n|\n|t:|1700920804\n|move|p1a: Zoroark|Poltergeist|p2a: Weezing\n|-activate|p2a: Weezing|move: Poltergeist|Leftovers\n|-damage|p2a: Weezing|2\/100\n|move|p2a: Weezing|Strange Steam|p1a: Zoroark\n|-damage|p1a: Zoroark|0 fnt\n|faint|p1a: Zoroark\n|\n|win|Rei_darkness\n|c|\u2606Rei_darkness|GG\n","uploadtime":1700920811,"views":1,"p1id":"sweepyboi","p2id":"reidarkness","formatid":"gen9ubers","rating":0,"private":0,"password":""}