{"id":"gen9ubers-1992394434","p1":"sed10day","p2":"Anne Frankkkk","format":"[Gen 9] Ubers","log":"|j|\u2606sed10day\n|j|\u2606Anne Frankkkk\n|t:|1700182497\n|gametype|singles\n|player|p1|sed10day|steven|1179\n|player|p2|Anne Frankkkk|hilbert|1275\n|teamsize|p1|6\n|teamsize|p2|6\n|gen|9\n|tier|[Gen 9] Ubers\n|rated|\n|rule|Sleep Clause Mod: Limit one foe put to sleep\n|rule|Species Clause: Limit one of each Pok\u00e9mon\n|rule|OHKO Clause: OHKO moves are banned\n|rule|Evasion Items Clause: Evasion items are banned\n|rule|Evasion Moves Clause: Evasion moves are banned\n|rule|Endless Battle Clause: Forcing endless battles is banned\n|rule|HP Percentage Mod: HP is shown in percentages\n|clearpoke\n|poke|p1|Miraidon|\n|poke|p1|Koraidon|\n|poke|p1|Espathra, M|\n|poke|p1|Flutter Mane|\n|poke|p1|Kyogre|\n|poke|p1|Zacian-*|\n|poke|p2|Regieleki|\n|poke|p2|Kyogre|\n|poke|p2|Chien-Pao|\n|poke|p2|Ribombee, F|\n|poke|p2|Miraidon|\n|poke|p2|Flutter Mane|\n|teampreview\n|inactive|Battle timer is ON: inactive players will automatically lose when time's up. (requested by Anne Frankkkk)\n|\n|t:|1700182512\n|start\n|switch|p1a: Miraidon|Miraidon|100\/100\n|switch|p2a: Moonblast|Ribombee, F, shiny|100\/100\n|-fieldstart|move: Electric Terrain|[from] ability: Hadron Engine|[of] p1a: Miraidon\n|turn|1\n|\n|t:|1700182515\n|move|p2a: Moonblast|Sticky Web|p1a: Miraidon\n|-sidestart|p1: sed10day|move: Sticky Web\n|move|p1a: Miraidon|Calm Mind|p1a: Miraidon\n|-boost|p1a: Miraidon|spa|1\n|-boost|p1a: Miraidon|spd|1\n|\n|upkeep\n|turn|2\n|\n|t:|1700182519\n|move|p2a: Moonblast|Moonblast|p1a: Miraidon\n|-supereffective|p1a: Miraidon\n|-damage|p1a: Miraidon|59\/100\n|move|p1a: Miraidon|Agility|p1a: Miraidon\n|-boost|p1a: Miraidon|spe|2\n|\n|-heal|p1a: Miraidon|65\/100|[from] item: Leftovers\n|upkeep\n|turn|3\n|\n|t:|1700182522\n|move|p1a: Miraidon|Parabolic Charge|p2a: Moonblast\n|-crit|p2a: Moonblast\n|-enditem|p2a: Moonblast|Focus Sash\n|-damage|p2a: Moonblast|1\/100\n|-heal|p1a: Miraidon|100\/100|[from] drain|[of] p2a: Moonblast\n|move|p2a: Moonblast|Moonblast|p1a: Miraidon\n|-supereffective|p1a: Miraidon\n|-damage|p1a: Miraidon|58\/100\n|\n|-heal|p1a: Miraidon|64\/100|[from] item: Leftovers\n|upkeep\n|turn|4\n|\n|t:|1700182528\n|move|p1a: Miraidon|Parabolic Charge|p2a: Moonblast\n|-damage|p2a: Moonblast|0 fnt\n|-heal|p1a: Miraidon|64\/100|[from] drain|[of] p2a: Moonblast\n|faint|p2a: Moonblast\n|\n|-heal|p1a: Miraidon|70\/100|[from] item: Leftovers\n|upkeep\n|\n|t:|1700182531\n|switch|p2a: Ice Cat|Chien-Pao|100\/100\n|-ability|p2a: Ice Cat|Sword of Ruin\n|turn|5\n|\n|t:|1700182537\n|move|p1a: Miraidon|Parabolic Charge|p2a: Ice Cat\n|-enditem|p2a: Ice Cat|Focus Sash\n|-damage|p2a: Ice Cat|1\/100\n|-heal|p1a: Miraidon|100\/100|[from] drain|[of] p2a: Ice Cat\n|move|p2a: Ice Cat|Ice Spinner|p1a: Miraidon\n|-supereffective|p1a: Miraidon\n|-damage|p1a: Miraidon|1\/100\n|-fieldend|move: Electric Terrain\n|\n|-heal|p1a: Miraidon|7\/100|[from] item: Leftovers\n|upkeep\n|turn|6\n|\n|t:|1700182545\n|move|p2a: Ice Cat|Sucker Punch|p1a: Miraidon\n|-damage|p1a: Miraidon|0 fnt\n|faint|p1a: Miraidon\n|\n|upkeep\n|\n|t:|1700182549\n|switch|p1a: Zacian|Zacian-Crowned|100\/100\n|-activate|p1a: Zacian|move: Sticky Web\n|-unboost|p1a: Zacian|spe|1\n|-ability|p1a: Zacian|Intrepid Sword|boost\n|-boost|p1a: Zacian|atk|1\n|turn|7\n|\n|t:|1700182553\n|move|p2a: Ice Cat|Sacred Sword|p1a: Zacian\n|-damage|p1a: Zacian|57\/100\n|move|p1a: Zacian|Swords Dance|p1a: Zacian\n|-boost|p1a: Zacian|atk|2\n|\n|upkeep\n|turn|8\n|\n|t:|1700182558\n|move|p2a: Ice Cat|Sacred Sword|p1a: Zacian\n|-damage|p1a: Zacian|19\/100\n|move|p1a: Zacian|Play Rough|p2a: Ice Cat|[miss]\n|-miss|p1a: Zacian|p2a: Ice Cat\n|\n|upkeep\n|turn|9\n|\n|t:|1700182567\n|move|p2a: Ice Cat|Sacred Sword|p1a: Zacian\n|-damage|p1a: Zacian|0 fnt\n|faint|p1a: Zacian\n|\n|upkeep\n|\n|t:|1700182571\n|switch|p1a: Koraidon|Koraidon|100\/100\n|-activate|p1a: Koraidon|move: Sticky Web\n|-unboost|p1a: Koraidon|spe|1\n|-weather|SunnyDay|[from] ability: Orichalcum Pulse|[of] p1a: Koraidon\n|-activate|p1a: Koraidon|Orichalcum Pulse|[source]\n|turn|10\n|\n|t:|1700182573\n|move|p2a: Ice Cat|Ice Spinner|p1a: Koraidon\n|-supereffective|p1a: Koraidon\n|-damage|p1a: Koraidon|0 fnt\n|faint|p1a: Koraidon\n|\n|-weather|SunnyDay|[upkeep]\n|upkeep\n|\n|t:|1700182578\n|switch|p1a: Kyogre|Kyogre|100\/100\n|-activate|p1a: Kyogre|move: Sticky Web\n|-unboost|p1a: Kyogre|spe|1\n|-weather|RainDance|[from] ability: Drizzle|[of] p1a: Kyogre\n|turn|11\n|\n|t:|1700182583\n|move|p2a: Ice Cat|Sucker Punch|p1a: Kyogre\n|-damage|p1a: Kyogre|44\/100\n|move|p1a: Kyogre|Thunderbolt|p2a: Ice Cat\n|-damage|p2a: Ice Cat|0 fnt\n|faint|p2a: Ice Cat\n|\n|-weather|RainDance|[upkeep]\n|upkeep\n|\n|t:|1700182586\n|switch|p2a: Regieleki|Regieleki, shiny|100\/100\n|turn|12\n|\n|t:|1700182592\n|move|p2a: Regieleki|Thunderbolt|p1a: Kyogre\n|-supereffective|p1a: Kyogre\n|-crit|p1a: Kyogre\n|-damage|p1a: Kyogre|0 fnt\n|faint|p1a: Kyogre\n|\n|-weather|RainDance|[upkeep]\n|upkeep\n|\n|t:|1700182594\n|switch|p1a: Flutter Mane|Flutter Mane|100\/100\n|-activate|p1a: Flutter Mane|move: Sticky Web\n|-unboost|p1a: Flutter Mane|spe|1\n|-enditem|p1a: Flutter Mane|Booster Energy\n|-activate|p1a: Flutter Mane|ability: Protosynthesis|[fromitem]\n|-start|p1a: Flutter Mane|protosynthesisspa\n|turn|13\n|\n|t:|1700182596\n|move|p2a: Regieleki|Thunderbolt|p1a: Flutter Mane\n|-damage|p1a: Flutter Mane|38\/100\n|move|p1a: Flutter Mane|Shadow Ball|p2a: Regieleki\n|-enditem|p2a: Regieleki|Focus Sash\n|-damage|p2a: Regieleki|1\/100\n|-unboost|p2a: Regieleki|spd|1\n|\n|-weather|RainDance|[upkeep]\n|upkeep\n|turn|14\n|\n|t:|1700182600\n|move|p2a: Regieleki|Thunderbolt|p1a: Flutter Mane\n|-damage|p1a: Flutter Mane|0 fnt\n|faint|p1a: Flutter Mane\n|-end|p1a: Flutter Mane|Protosynthesis|[silent]\n|\n|-weather|RainDance|[upkeep]\n|upkeep\n|\n|t:|1700182601\n|switch|p1a: Espathra|Espathra, M|100\/100\n|-activate|p1a: Espathra|move: Sticky Web\n|-unboost|p1a: Espathra|spe|1\n|turn|15\n|\n|t:|1700182603\n|move|p2a: Regieleki|Thunderbolt|p1a: Espathra\n|-damage|p1a: Espathra|17\/100\n|move|p1a: Espathra|Stored Power|p2a: Regieleki\n|-damage|p2a: Regieleki|0 fnt\n|faint|p2a: Regieleki\n|\n|-weather|none\n|-heal|p1a: Espathra|23\/100|[from] item: Leftovers\n|-ability|p1a: Espathra|Speed Boost|boost\n|-boost|p1a: Espathra|spe|1\n|upkeep\n|\n|t:|1700182609\n|switch|p2a: Misdreavius|Flutter Mane, shiny|100\/100\n|-enditem|p2a: Misdreavius|Booster Energy\n|-activate|p2a: Misdreavius|ability: Protosynthesis|[fromitem]\n|-start|p2a: Misdreavius|protosynthesisspe\n|turn|16\n|\n|t:|1700182619\n|move|p2a: Misdreavius|Shadow Ball|p1a: Espathra\n|-supereffective|p1a: Espathra\n|-damage|p1a: Espathra|0 fnt\n|faint|p1a: Espathra\n|\n|win|Anne Frankkkk\n|raw|sed10day's rating: 1179 &rarr; <strong>1161<\/strong><br \/>(-18 for losing)\n|raw|Anne Frankkkk's rating: 1275 &rarr; <strong>1293<\/strong><br \/>(+18 for winning)\n|l|\u2606sed10day\n","uploadtime":1700182625,"views":5,"p1id":"sed10day","p2id":"annefrankkkk","formatid":"gen9ubers","rating":1161,"private":0,"password":""}