{"id":"gen9ubers-1991466609","p1":"Imagineagiantduck","p2":"Rusty sss8","format":"[Gen 9] Ubers","log":"|j|\u2606Imagineagiantduck\n|j|\u2606Rusty sss8\n|t:|1700079589\n|gametype|singles\n|player|p1|Imagineagiantduck|101|1159\n|player|p2|Rusty sss8|swimmerf-gen4dp|1143\n|teamsize|p1|6\n|teamsize|p2|6\n|gen|9\n|tier|[Gen 9] Ubers\n|rated|\n|rule|Sleep Clause Mod: Limit one foe put to sleep\n|rule|Species Clause: Limit one of each Pok\u00e9mon\n|rule|OHKO Clause: OHKO moves are banned\n|rule|Evasion Items Clause: Evasion items are banned\n|rule|Evasion Moves Clause: Evasion moves are banned\n|rule|Endless Battle Clause: Forcing endless battles is banned\n|rule|HP Percentage Mod: HP is shown in percentages\n|clearpoke\n|poke|p1|Ogerpon-Cornerstone, F|\n|poke|p1|Houndstone, M|\n|poke|p1|Hippowdon, M|\n|poke|p1|Corviknight, F|\n|poke|p1|Empoleon, M|\n|poke|p1|Gastrodon, M|\n|poke|p2|Magneton|\n|poke|p2|Yanmega, F|\n|poke|p2|Hawlucha, F|\n|poke|p2|Morgrem, M|\n|poke|p2|Weavile, M|\n|poke|p2|Dusclops, F|\n|teampreview\n|inactive|Battle timer is ON: inactive players will automatically lose when time's up. (requested by Rusty sss8)\n|c|\u2606Imagineagiantduck|Oh boy\n|\n|t:|1700079612\n|start\n|switch|p1a: Ogerpon|Ogerpon-Cornerstone, F|100\/100\n|switch|p2a: Glass Animals|Morgrem, M|100\/100\n|turn|1\n|\n|t:|1700079621\n|switch|p1a: Empoleon|Empoleon, M, shiny|100\/100\n|move|p2a: Glass Animals|Thunder Wave|p1a: Empoleon\n|-status|p1a: Empoleon|par\n|\n|upkeep\n|turn|2\n|\n|t:|1700079626\n|move|p2a: Glass Animals|Parting Shot|p1a: Empoleon\n|-unboost|p1a: Empoleon|atk|1\n|-ability|p1a: Empoleon|Competitive|boost\n|-boost|p1a: Empoleon|spa|2\n|-unboost|p1a: Empoleon|spa|1\n|-ability|p1a: Empoleon|Competitive|boost\n|-boost|p1a: Empoleon|spa|2\n|\n|t:|1700079632\n|switch|p2a: Saint motel|Dusclops, F|100\/100|[from] Parting Shot\n|-item|p1a: Empoleon|Leftovers|[from] ability: Frisk|[of] p2a: Saint motel|[identify]\n|move|p1a: Empoleon|Stealth Rock|p2a: Saint motel\n|-sidestart|p2: Rusty sss8|move: Stealth Rock\n|\n|upkeep\n|turn|3\n|\n|t:|1700079636\n|move|p2a: Saint motel|Night Shade|p1a: Empoleon\n|-damage|p1a: Empoleon|74\/100 par\n|move|p1a: Empoleon|Surf|p2a: Saint motel\n|-damage|p2a: Saint motel|45\/100\n|\n|-heal|p1a: Empoleon|80\/100 par|[from] item: Leftovers\n|upkeep\n|turn|4\n|\n|t:|1700079639\n|move|p2a: Saint motel|Night Shade|p1a: Empoleon\n|-damage|p1a: Empoleon|53\/100 par\n|move|p1a: Empoleon|Surf|p2a: Saint motel\n|-damage|p2a: Saint motel|0 fnt\n|faint|p2a: Saint motel\n|\n|-heal|p1a: Empoleon|59\/100 par|[from] item: Leftovers\n|upkeep\n|\n|t:|1700079644\n|switch|p2a: The Happy Fits|Magneton|100\/100\n|-damage|p2a: The Happy Fits|94\/100|[from] Stealth Rock\n|turn|5\n|\n|t:|1700079652\n|switch|p1a: Ogerpon|Ogerpon-Cornerstone, F|100\/100\n|-terastallize|p2a: The Happy Fits|Water\n|move|p2a: The Happy Fits|Tera Blast|p1a: Ogerpon|[anim] Tera Blast Water\n|-damage|p1a: Ogerpon|46\/100\n|\n|upkeep\n|turn|6\n|\n|t:|1700079663\n|switch|p1a: Gastrodon|Gastrodon, M|100\/100\n|switch|p2a: MGMT|Yanmega, F|100\/100\n|-damage|p2a: MGMT|51\/100|[from] Stealth Rock\n|\n|upkeep\n|turn|7\n|\n|t:|1700079668\n|switch|p1a: Hippowdon|Hippowdon, M|100\/100\n|-weather|Sandstorm|[from] ability: Sand Stream|[of] p1a: Hippowdon\n|move|p2a: MGMT|Air Slash|p1a: Hippowdon\n|-damage|p1a: Hippowdon|42\/100\n|-damage|p2a: MGMT|41\/100|[from] item: Life Orb\n|\n|-weather|Sandstorm|[upkeep]\n|-damage|p2a: MGMT|35\/100|[from] Sandstorm\n|-ability|p2a: MGMT|Speed Boost|boost\n|-boost|p2a: MGMT|spe|1\n|upkeep\n|turn|8\n|\n|t:|1700079673\n|switch|p1a: Corviknight|Corviknight, F, shiny|100\/100\n|move|p2a: MGMT|Air Slash|p1a: Corviknight\n|-resisted|p1a: Corviknight\n|-damage|p1a: Corviknight|84\/100\n|-damage|p2a: MGMT|25\/100|[from] item: Life Orb\n|\n|-weather|Sandstorm|[upkeep]\n|-damage|p2a: MGMT|19\/100|[from] Sandstorm\n|-heal|p1a: Corviknight|90\/100|[from] item: Leftovers\n|-ability|p2a: MGMT|Speed Boost|boost\n|-boost|p2a: MGMT|spe|1\n|upkeep\n|turn|9\n|\n|t:|1700079677\n|move|p2a: MGMT|Bug Buzz|p1a: Corviknight\n|-resisted|p1a: Corviknight\n|-damage|p1a: Corviknight|79\/100\n|-damage|p2a: MGMT|9\/100|[from] item: Life Orb\n|move|p1a: Corviknight|Iron Defense|p1a: Corviknight\n|-boost|p1a: Corviknight|def|2\n|\n|-weather|Sandstorm|[upkeep]\n|-damage|p2a: MGMT|3\/100|[from] Sandstorm\n|-heal|p1a: Corviknight|86\/100|[from] item: Leftovers\n|-ability|p2a: MGMT|Speed Boost|boost\n|-boost|p2a: MGMT|spe|1\n|upkeep\n|turn|10\n|\n|t:|1700079695\n|move|p2a: MGMT|Air Slash|p1a: Corviknight\n|-resisted|p1a: Corviknight\n|-damage|p1a: Corviknight|69\/100\n|-damage|p2a: MGMT|0 fnt|[from] item: Life Orb\n|faint|p2a: MGMT\n|move|p1a: Corviknight|Iron Defense|p1a: Corviknight\n|-boost|p1a: Corviknight|def|2\n|\n|-weather|Sandstorm|[upkeep]\n|-heal|p1a: Corviknight|76\/100|[from] item: Leftovers\n|upkeep\n|\n|t:|1700079718\n|switch|p2a: The Happy Fits|Magneton, tera:Water|94\/100\n|-damage|p2a: The Happy Fits|82\/100|[from] Stealth Rock\n|turn|11\n|\n|t:|1700079732\n|move|p1a: Corviknight|Body Press|p2a: The Happy Fits\n|-damage|p2a: The Happy Fits|30\/100\n|move|p2a: The Happy Fits|Thunderbolt|p1a: Corviknight\n|-supereffective|p1a: Corviknight\n|-damage|p1a: Corviknight|12\/100\n|\n|-weather|Sandstorm|[upkeep]\n|-damage|p2a: The Happy Fits|24\/100|[from] Sandstorm\n|-heal|p1a: Corviknight|18\/100|[from] item: Leftovers\n|upkeep\n|turn|12\n|\n|t:|1700079740\n|move|p1a: Corviknight|Body Press|p2a: The Happy Fits\n|-damage|p2a: The Happy Fits|0 fnt\n|faint|p2a: The Happy Fits\n|\n|-weather|Sandstorm|[upkeep]\n|-heal|p1a: Corviknight|25\/100|[from] item: Leftovers\n|upkeep\n|\n|t:|1700079744\n|switch|p2a: The Strokes|Weavile, M|100\/100\n|-damage|p2a: The Strokes|76\/100|[from] Stealth Rock\n|turn|13\n|inactive|Imagineagiantduck has 120 seconds left.\n|\n|t:|1700079783\n|move|p2a: The Strokes|Knock Off|p1a: Corviknight\n|-damage|p1a: Corviknight|8\/100\n|-enditem|p1a: Corviknight|Leftovers|[from] move: Knock Off|[of] p2a: The Strokes\n|-damage|p2a: The Strokes|66\/100|[from] item: Life Orb\n|move|p1a: Corviknight|Body Press|p2a: The Strokes\n|-supereffective|p2a: The Strokes\n|-damage|p2a: The Strokes|0 fnt\n|faint|p2a: The Strokes\n|\n|-weather|Sandstorm|[upkeep]\n|upkeep\n|\n|t:|1700079790\n|switch|p2a: Vundabar|Hawlucha, F|100\/100\n|-damage|p2a: Vundabar|88\/100|[from] Stealth Rock\n|turn|14\n|-message|Rusty sss8 forfeited.\n|\n|win|Imagineagiantduck\n|raw|Imagineagiantduck's rating: 1159 &rarr; <strong>1183<\/strong><br \/>(+24 for winning)\n|raw|Rusty sss8's rating: 1143 &rarr; <strong>1119<\/strong><br \/>(-24 for losing)\n|l|\u2606Rusty sss8\n","uploadtime":1700079803,"views":5,"p1id":"imagineagiantduck","p2id":"rustysss8","formatid":"gen9ubers","rating":1119,"private":0,"password":""}