{"id":"gen9ubers-1969313184","p1":"Astyr.Pygos","p2":"KickinAsh","format":"[Gen 9] Ubers","log":"|j|\u2606Astyr.Pygos\n|j|\u2606KickinAsh\n|t:|1697512909\n|gametype|singles\n|player|p1|Astyr.Pygos|rosa|\n|player|p2|KickinAsh|170|\n|teamsize|p1|6\n|teamsize|p2|6\n|gen|9\n|tier|[Gen 9] Ubers\n|rule|Sleep Clause Mod: Limit one foe put to sleep\n|rule|Species Clause: Limit one of each Pok\u00e9mon\n|rule|OHKO Clause: OHKO moves are banned\n|rule|Evasion Items Clause: Evasion items are banned\n|rule|Evasion Moves Clause: Evasion moves are banned\n|rule|Endless Battle Clause: Forcing endless battles is banned\n|rule|HP Percentage Mod: HP is shown in percentages\n|clearpoke\n|poke|p1|Toxapex, F|\n|poke|p1|Ceruledge, M|\n|poke|p1|Rotom-Wash|\n|poke|p1|Iron Valiant|\n|poke|p1|Grimmsnarl, M|\n|poke|p1|Corviknight, F|\n|poke|p2|Kilowattrel, F|\n|poke|p2|Umbreon, M|\n|poke|p2|Cinderace, M|\n|poke|p2|Iron Leaves|\n|poke|p2|Gyarados, F|\n|poke|p2|Slowking-Galar, M|\n|teampreview\n|j| Pkpowers310\n|j| Squirshawott\n|j| BLACK METAL 3\n|l| Pkpowers310\n|j| slugmaaa\n|c| slugmaaa|poooooooooooooooooooooooooooooooooooooooooooooop\n|j| Pkpowers310\n|\n|t:|1697512997\n|start\n|switch|p1a: Rotom|Rotom-Wash|100\/100\n|switch|p2a: BunBun|Cinderace, M|100\/100\n|turn|1\n|l| Pkpowers310\n|j| Pkpowers310\n|\n|t:|1697513062\n|move|p2a: BunBun|U-turn|p1a: Rotom\n|-start|p2a: BunBun|typechange|Bug|[from] ability: Libero\n|-damage|p1a: Rotom|64\/100\n|-damage|p2a: BunBun|91\/100|[from] item: Life Orb\n|\n|t:|1697513079\n|switch|p2a: Fern|Iron Leaves|100\/100|[from] U-turn\n|-enditem|p2a: Fern|Booster Energy\n|-activate|p2a: Fern|ability: Quark Drive|[fromitem]\n|-start|p2a: Fern|quarkdriveatk\n|move|p1a: Rotom|Volt Switch|p2a: Fern\n|-resisted|p2a: Fern\n|-damage|p2a: Fern|87\/100\n|j| Sol CPU\n|\n|t:|1697513093\n|switch|p1a: Grimmsnarl|Grimmsnarl, M|100\/100|[from] Volt Switch\n|\n|upkeep\n|turn|2\n|\n|t:|1697513118\n|-end|p2a: Fern|Quark Drive|[silent]\n|switch|p2a: Triclops|Slowking-Galar, M, shiny|100\/100\n|move|p1a: Grimmsnarl|Reflect|p1a: Grimmsnarl\n|-sidestart|p1: Astyr.Pygos|Reflect\n|\n|upkeep\n|turn|3\n|\n|t:|1697513131\n|move|p1a: Grimmsnarl|Light Screen|p1a: Grimmsnarl\n|-sidestart|p1: Astyr.Pygos|move: Light Screen\n|move|p2a: Triclops|Sludge Bomb|p1a: Grimmsnarl\n|-supereffective|p1a: Grimmsnarl\n|-damage|p1a: Grimmsnarl|66\/100\n|\n|upkeep\n|turn|4\n|\n|t:|1697513139\n|move|p1a: Grimmsnarl|False Surrender|p2a: Triclops\n|-supereffective|p2a: Triclops\n|-damage|p2a: Triclops|37\/100\n|move|p2a: Triclops|Sludge Bomb|p1a: Grimmsnarl\n|-supereffective|p1a: Grimmsnarl\n|-crit|p1a: Grimmsnarl\n|-damage|p1a: Grimmsnarl|0 fnt\n|faint|p1a: Grimmsnarl\n|\n|upkeep\n|\n|t:|1697513166\n|switch|p1a: Ceruledge|Ceruledge, M|100\/100\n|turn|5\n|\n|t:|1697513200\n|switch|p2a: Geis|Gyarados, F, shiny|100\/100\n|-ability|p2a: Geis|Intimidate|boost\n|-unboost|p1a: Ceruledge|atk|1\n|move|p1a: Ceruledge|Bulk Up|p1a: Ceruledge\n|-boost|p1a: Ceruledge|atk|1\n|-boost|p1a: Ceruledge|def|1\n|\n|upkeep\n|turn|6\n|\n|t:|1697513226\n|switch|p1a: Toxapex|Toxapex, F|100\/100\n|move|p2a: Geis|Waterfall|p1a: Toxapex\n|-resisted|p1a: Toxapex\n|-damage|p1a: Toxapex|94\/100\n|-damage|p2a: Geis|84\/100|[from] item: Rocky Helmet|[of] p1a: Toxapex\n|\n|upkeep\n|turn|7\n|\n|t:|1697513244\n|switch|p2a: Triclops|Slowking-Galar, M, shiny|70\/100\n|move|p1a: Toxapex|Toxic|p2a: Triclops\n|-immune|p2a: Triclops\n|\n|upkeep\n|turn|8\n|\n|t:|1697513294\n|switch|p1a: Corviknight|Corviknight, F|100\/100\n|move|p2a: Triclops|Psychic|p1a: Corviknight\n|-resisted|p1a: Corviknight\n|-damage|p1a: Corviknight|89\/100\n|-ability|p1a: Corviknight|Mirror Armor\n|-unboost|p2a: Triclops|spd|1\n|\n|upkeep\n|turn|9\n|\n|t:|1697513331\n|move|p1a: Corviknight|Body Press|p2a: Triclops\n|-resisted|p2a: Triclops\n|-damage|p2a: Triclops|63\/100\n|move|p2a: Triclops|Flamethrower|p1a: Corviknight\n|-supereffective|p1a: Corviknight\n|-damage|p1a: Corviknight|61\/100\n|\n|-sideend|p1: Astyr.Pygos|Reflect\n|upkeep\n|turn|10\n|\n|t:|1697513344\n|move|p1a: Corviknight|Body Press|p2a: Triclops\n|-resisted|p2a: Triclops\n|-damage|p2a: Triclops|56\/100\n|move|p2a: Triclops|Flamethrower|p1a: Corviknight\n|-supereffective|p1a: Corviknight\n|-damage|p1a: Corviknight|29\/100\n|\n|-sideend|p1: Astyr.Pygos|move: Light Screen\n|upkeep\n|turn|11\n|\n|t:|1697513356\n|move|p1a: Corviknight|Body Press|p2a: Triclops\n|-resisted|p2a: Triclops\n|-damage|p2a: Triclops|49\/100\n|move|p2a: Triclops|Flamethrower|p1a: Corviknight\n|-supereffective|p1a: Corviknight\n|-damage|p1a: Corviknight|0 fnt\n|faint|p1a: Corviknight\n|\n|upkeep\n|l| Pkpowers310\n|j| Pkpowers310\n|\n|t:|1697513415\n|switch|p1a: Rotom|Rotom-Wash|64\/100\n|turn|12\n|\n|t:|1697513475\n|switch|p2a: Fern|Iron Leaves|87\/100\n|move|p1a: Rotom|Will-O-Wisp|p2a: Fern\n|-status|p2a: Fern|brn\n|\n|-heal|p1a: Rotom|71\/100|[from] item: Leftovers\n|-damage|p2a: Fern|81\/100 brn|[from] brn\n|upkeep\n|turn|13\n|\n|t:|1697513529\n|move|p1a: Rotom|Protect|p1a: Rotom\n|-singleturn|p1a: Rotom|Protect\n|move|p2a: Fern|Leaf Blade|p1a: Rotom\n|-activate|p1a: Rotom|move: Protect\n|\n|-heal|p1a: Rotom|77\/100|[from] item: Leftovers\n|-damage|p2a: Fern|74\/100 brn|[from] brn\n|upkeep\n|turn|14\n|\n|t:|1697513540\n|switch|p1a: Toxapex|Toxapex, F|100\/100\n|move|p2a: Fern|Leaf Blade|p1a: Toxapex\n|-damage|p1a: Toxapex|86\/100\n|-damage|p2a: Fern|58\/100 brn|[from] item: Rocky Helmet|[of] p1a: Toxapex\n|\n|-damage|p2a: Fern|52\/100 brn|[from] brn\n|upkeep\n|turn|15\n|l| Pkpowers310\n|j| Pkpowers310\n|\n|t:|1697513631\n|switch|p1a: Rotom|Rotom-Wash|77\/100\n|move|p2a: Fern|Psyblade|p1a: Rotom\n|-damage|p1a: Rotom|58\/100\n|\n|-heal|p1a: Rotom|64\/100|[from] item: Leftovers\n|-damage|p2a: Fern|45\/100 brn|[from] brn\n|upkeep\n|turn|16\n|\n|t:|1697513677\n|move|p1a: Rotom|Protect|p1a: Rotom\n|-singleturn|p1a: Rotom|Protect\n|move|p2a: Fern|Leaf Blade|p1a: Rotom\n|-activate|p1a: Rotom|move: Protect\n|\n|-heal|p1a: Rotom|71\/100|[from] item: Leftovers\n|-damage|p2a: Fern|39\/100 brn|[from] brn\n|upkeep\n|turn|17\n|\n|t:|1697513711\n|switch|p1a: Toxapex|Toxapex, F|100\/100\n|move|p2a: Fern|Leaf Blade|p1a: Toxapex\n|-damage|p1a: Toxapex|86\/100\n|-damage|p2a: Fern|23\/100 brn|[from] item: Rocky Helmet|[of] p1a: Toxapex\n|\n|-damage|p2a: Fern|16\/100 brn|[from] brn\n|upkeep\n|turn|18\n|\n|t:|1697513835\n|move|p2a: Fern|Psyblade|p1a: Toxapex\n|-supereffective|p1a: Toxapex\n|-damage|p1a: Toxapex|59\/100\n|-damage|p2a: Fern|0 fnt|[from] item: Rocky Helmet|[of] p1a: Toxapex\n|faint|p2a: Fern\n|-end|p2a: Fern|Quark Drive|[silent]\n|move|p1a: Toxapex|Recover|p1a: Toxapex\n|-heal|p1a: Toxapex|100\/100\n|\n|upkeep\n|l| Pkpowers310\n|j| Pkpowers310\n|\n|t:|1697514064\n|switch|p2a: Shock|Kilowattrel, F|100\/100\n|turn|19\n|\n|t:|1697514099\n|-terastallize|p2a: Shock|Electric\n|move|p2a: Shock|Volt Switch|p1a: Toxapex\n|-supereffective|p1a: Toxapex\n|-damage|p1a: Toxapex|32\/100\n|\n|t:|1697514119\n|switch|p2a: Triclops|Slowking-Galar, M, shiny|82\/100|[from] Volt Switch\n|move|p1a: Toxapex|Toxic|p2a: Triclops\n|-immune|p2a: Triclops\n|\n|upkeep\n|turn|20\n|\n|t:|1697514202\n|move|p1a: Toxapex|Hex|p2a: Triclops\n|-supereffective|p2a: Triclops\n|-damage|p2a: Triclops|73\/100\n|move|p2a: Triclops|Psychic|p1a: Toxapex\n|-supereffective|p1a: Toxapex\n|-damage|p1a: Toxapex|0 fnt\n|faint|p1a: Toxapex\n|\n|upkeep\n|\n|t:|1697514216\n|switch|p1a: Ceruledge|Ceruledge, M|100\/100\n|turn|21\n|\n|t:|1697514254\n|switch|p1a: Iron Valiant|Iron Valiant|100\/100\n|-enditem|p1a: Iron Valiant|Booster Energy\n|-activate|p1a: Iron Valiant|ability: Quark Drive|[fromitem]\n|-start|p1a: Iron Valiant|quarkdrivespe\n|move|p2a: Triclops|Sludge Bomb|p1a: Iron Valiant\n|-supereffective|p1a: Iron Valiant\n|-damage|p1a: Iron Valiant|0 fnt\n|faint|p1a: Iron Valiant\n|-end|p1a: Iron Valiant|Quark Drive|[silent]\n|\n|upkeep\n|\n|t:|1697514264\n|switch|p1a: Rotom|Rotom-Wash|71\/100\n|turn|22\n|\n|t:|1697514318\n|move|p1a: Rotom|Will-O-Wisp|p2a: Triclops\n|-status|p2a: Triclops|brn\n|move|p2a: Triclops|Sludge Bomb|p1a: Rotom\n|-damage|p1a: Rotom|25\/100\n|\n|-heal|p1a: Rotom|31\/100|[from] item: Leftovers\n|-damage|p2a: Triclops|67\/100 brn|[from] brn\n|upkeep\n|turn|23\n|\n|t:|1697514333\n|move|p1a: Rotom|Protect|p1a: Rotom\n|-singleturn|p1a: Rotom|Protect\n|move|p2a: Triclops|Sludge Bomb|p1a: Rotom\n|-activate|p1a: Rotom|move: Protect\n|\n|-heal|p1a: Rotom|38\/100|[from] item: Leftovers\n|-damage|p2a: Triclops|61\/100 brn|[from] brn\n|upkeep\n|turn|24\n|\n|t:|1697514343\n|move|p1a: Rotom|Hydro Pump|p2a: Triclops\n|-crit|p2a: Triclops\n|-damage|p2a: Triclops|31\/100 brn\n|move|p2a: Triclops|Sludge Bomb|p1a: Rotom\n|-damage|p1a: Rotom|0 fnt\n|faint|p1a: Rotom\n|\n|-damage|p2a: Triclops|25\/100 brn|[from] brn\n|upkeep\n|\n|t:|1697514351\n|switch|p1a: Ceruledge|Ceruledge, M|100\/100\n|turn|25\n|\n|t:|1697514385\n|switch|p2a: Geis|Gyarados, F, shiny|84\/100\n|-ability|p2a: Geis|Intimidate|boost\n|-unboost|p1a: Ceruledge|atk|1\n|move|p1a: Ceruledge|Shadow Claw|p2a: Geis\n|-damage|p2a: Geis|38\/100\n|-damage|p1a: Ceruledge|91\/100|[from] item: Life Orb\n|\n|upkeep\n|turn|26\n|\n|t:|1697514442\n|move|p1a: Ceruledge|Shadow Claw|p2a: Geis\n|-damage|p2a: Geis|0 fnt\n|faint|p2a: Geis\n|-damage|p1a: Ceruledge|81\/100|[from] item: Life Orb\n|\n|upkeep\n|\n|t:|1697514466\n|switch|p2a: Obsidion|Umbreon, M, shiny|100\/100\n|turn|27\n|\n|t:|1697514483\n|move|p1a: Ceruledge|Bulk Up|p1a: Ceruledge\n|-boost|p1a: Ceruledge|atk|1\n|-boost|p1a: Ceruledge|def|1\n|move|p2a: Obsidion|Toxic|p1a: Ceruledge\n|-status|p1a: Ceruledge|tox\n|\n|-damage|p1a: Ceruledge|74\/100 tox|[from] psn\n|upkeep\n|turn|28\n|\n|t:|1697514520\n|move|p1a: Ceruledge|Bulk Up|p1a: Ceruledge\n|-boost|p1a: Ceruledge|atk|1\n|-boost|p1a: Ceruledge|def|1\n|move|p2a: Obsidion|Wish|p2a: Obsidion\n|\n|-damage|p1a: Ceruledge|62\/100 tox|[from] psn\n|upkeep\n|turn|29\n|l| Pkpowers310\n|\n|t:|1697514567\n|move|p1a: Ceruledge|Bulk Up|p1a: Ceruledge\n|-boost|p1a: Ceruledge|atk|1\n|-boost|p1a: Ceruledge|def|1\n|move|p2a: Obsidion|Foul Play|p1a: Ceruledge\n|-supereffective|p1a: Ceruledge\n|-damage|p1a: Ceruledge|0 fnt\n|faint|p1a: Ceruledge\n|\n|win|KickinAsh\n|j| Pkpowers310\n","uploadtime":1697514585,"views":9,"p1id":"astyrpygos","p2id":"kickinash","formatid":"gen9ubers","rating":0,"private":0,"password":""}