{"id":"gen9ubers-1996435281","p1":"Pickedman","p2":"Blitz2656","format":"[Gen 9] Ubers","log":"|j|\u2606Pickedman\n|j|\u2606Blitz2656\n|t:|1700681741\n|gametype|singles\n|player|p1|Pickedman|zinnia|\n|player|p2|Blitz2656|mustard-master|\n|teamsize|p1|6\n|teamsize|p2|6\n|gen|9\n|tier|[Gen 9] Ubers\n|rule|Sleep Clause Mod: Limit one foe put to sleep\n|rule|Species Clause: Limit one of each Pok\u00e9mon\n|rule|OHKO Clause: OHKO moves are banned\n|rule|Evasion Items Clause: Evasion items are banned\n|rule|Evasion Moves Clause: Evasion moves are banned\n|rule|Endless Battle Clause: Forcing endless battles is banned\n|rule|HP Percentage Mod: HP is shown in percentages\n|clearpoke\n|poke|p1|Arcanine, M|\n|poke|p1|Alomomola, F|\n|poke|p1|Greninja-*, M|\n|poke|p1|Toedscruel, M|\n|poke|p1|Palafin, F|\n|poke|p1|Slowking-Galar, M|\n|poke|p2|Palafin, F|\n|poke|p2|Medicham, F|\n|poke|p2|Tornadus-Therian, M|\n|poke|p2|Yanma, M|\n|poke|p2|Thundurus, M|\n|poke|p2|Ursaluna-Bloodmoon, M|\n|teampreview\n|inactive|Battle timer is ON: inactive players will automatically lose when time's up. (requested by Blitz2656)\n|\n|t:|1700681768\n|start\n|switch|p1a: Palafin|Palafin, F|100\/100\n|switch|p2a: Freddy Fastbear|Ursaluna-Bloodmoon, M|100\/100\n|turn|1\n|inactive|Pickedman has 270 seconds left.\n|inactive|Pickedman has 240 seconds left.\n|inactive|Pickedman has 210 seconds left.\n|\n|t:|1700681860\n|move|p1a: Palafin|Hydro Pump|p2a: Freddy Fastbear|[miss]\n|-miss|p1a: Palafin|p2a: Freddy Fastbear\n|move|p2a: Freddy Fastbear|Body Slam|p1a: Palafin\n|-damage|p1a: Palafin|57\/100\n|\n|upkeep\n|turn|2\n|\n|t:|1700681877\n|move|p1a: Palafin|Hydro Pump|p2a: Freddy Fastbear\n|-supereffective|p2a: Freddy Fastbear\n|-damage|p2a: Freddy Fastbear|0 fnt\n|faint|p2a: Freddy Fastbear\n|\n|upkeep\n|\n|t:|1700681882\n|switch|p2a: Thundurus|Thundurus, M|100\/100\n|turn|3\n|\n|t:|1700681896\n|detailschange|p1a: Palafin|Palafin-Hero, F\n|switch|p1a: Alomomola|Alomomola, F|100\/100\n|move|p2a: Thundurus|Swagger|p1a: Alomomola\n|-boost|p1a: Alomomola|atk|2\n|-enditem|p2a: Thundurus|Mirror Herb\n|-boost|p2a: Thundurus|atk|2|[from] item: Mirror Herb\n|-start|p1a: Alomomola|confusion\n|\n|upkeep\n|turn|4\n|\n|t:|1700681904\n|switch|p1a: Arcanine|Arcanine, M|100\/100\n|-ability|p1a: Arcanine|Intimidate|boost\n|-unboost|p2a: Thundurus|atk|1\n|move|p2a: Thundurus|Wild Charge|p1a: Arcanine\n|-damage|p1a: Arcanine|35\/100\n|-damage|p2a: Thundurus|81\/100|[from] Recoil\n|\n|upkeep\n|turn|5\n|inactive|Pickedman has 240 seconds left.\n|\n|t:|1700681913\n|switch|p1a: Toedscruel|Toedscruel, M|100\/100\n|move|p2a: Thundurus|Acrobatics|p1a: Toedscruel\n|-supereffective|p1a: Toedscruel\n|-damage|p1a: Toedscruel|0 fnt\n|faint|p1a: Toedscruel\n|\n|upkeep\n|inactive|Pickedman has 240 seconds left.\n|\n|t:|1700681920\n|switch|p1a: Arcanine|Arcanine, M|35\/100\n|-ability|p1a: Arcanine|Intimidate|boost\n|-unboost|p2a: Thundurus|atk|1\n|turn|6\n|\n|t:|1700681926\n|move|p2a: Thundurus|Wild Charge|p1a: Arcanine\n|-damage|p1a: Arcanine|0 fnt\n|faint|p1a: Arcanine\n|-damage|p2a: Thundurus|71\/100|[from] Recoil\n|\n|upkeep\n|\n|t:|1700681931\n|switch|p1a: Greninja|Greninja, M|100\/100\n|turn|7\n|\n|t:|1700681937\n|move|p2a: Thundurus|Thunder Wave|p1a: Greninja\n|-hint|Since gen 7, Dark is immune to Prankster moves.\n|-immune|p1a: Greninja\n|move|p1a: Greninja|Liquidation|p2a: Thundurus\n|-start|p1a: Greninja|typechange|Water|[from] ability: Protean\n|-damage|p2a: Thundurus|0 fnt\n|faint|p2a: Thundurus\n|\n|upkeep\n|c|\u2606Blitz2656|I didnt think that one through\n|\n|t:|1700681955\n|switch|p2a: Tornadus|Tornadus-Therian, M|100\/100\n|turn|8\n|inactive|Pickedman has 240 seconds left.\n|\n|t:|1700681996\n|switch|p1a: Alomomola|Alomomola, F|100\/100\n|move|p2a: Tornadus|Bulk Up|p2a: Tornadus\n|-boost|p2a: Tornadus|atk|1\n|-boost|p2a: Tornadus|def|1\n|\n|upkeep\n|turn|9\n|\n|t:|1700682006\n|move|p2a: Tornadus|Knock Off|p1a: Alomomola\n|-damage|p1a: Alomomola|79\/100\n|-damage|p2a: Tornadus|84\/100|[from] item: Rocky Helmet|[of] p1a: Alomomola\n|-enditem|p1a: Alomomola|Rocky Helmet|[from] move: Knock Off|[of] p2a: Tornadus\n|move|p1a: Alomomola|Scald|p2a: Tornadus\n|-damage|p2a: Tornadus|67\/100\n|-enditem|p2a: Tornadus|Red Card|[of] p1a: Alomomola\n|drag|p1a: Greninja|Greninja, M|100\/100\n|\n|upkeep\n|turn|10\n|inactive|Pickedman has 240 seconds left.\n|\n|t:|1700682021\n|move|p1a: Greninja|Gunk Shot|p2a: Tornadus\n|-start|p1a: Greninja|typechange|Poison|[from] ability: Protean\n|-damage|p2a: Tornadus|4\/100\n|move|p2a: Tornadus|Acrobatics|p1a: Greninja\n|-damage|p1a: Greninja|0 fnt\n|faint|p1a: Greninja\n|\n|upkeep\n|\n|t:|1700682028\n|switch|p1a: Alomomola|Alomomola, F|100\/100\n|turn|11\n|inactive|Pickedman has 240 seconds left.\n|\n|t:|1700682034\n|move|p2a: Tornadus|Acrobatics|p1a: Alomomola\n|-damage|p1a: Alomomola|63\/100\n|move|p1a: Alomomola|Wish|p1a: Alomomola\n|\n|upkeep\n|turn|12\n|\n|t:|1700682043\n|move|p2a: Tornadus|Acrobatics|p1a: Alomomola\n|-damage|p1a: Alomomola|28\/100\n|move|p1a: Alomomola|Scald|p2a: Tornadus\n|-damage|p2a: Tornadus|0 fnt\n|faint|p2a: Tornadus\n|\n|-heal|p1a: Alomomola|78\/100|[from] move: Wish|[wisher] Alomomola\n|upkeep\n|\n|t:|1700682061\n|switch|p2a: Yanma|Yanma, M|100\/100\n|turn|13\n|\n|t:|1700682070\n|move|p1a: Alomomola|Protect|p1a: Alomomola\n|-singleturn|p1a: Alomomola|Protect\n|move|p2a: Yanma|Hypnosis|p1a: Alomomola\n|-activate|p1a: Alomomola|move: Protect\n|\n|-ability|p2a: Yanma|Speed Boost|boost\n|-boost|p2a: Yanma|spe|1\n|upkeep\n|turn|14\n|\n|t:|1700682084\n|switch|p1a: Palafin|Palafin-Hero, F|57\/100\n|-activate|p1a: Palafin|ability: Zero to Hero\n|move|p2a: Yanma|Hypnosis|p1a: Palafin|[miss]\n|-miss|p2a: Yanma|p1a: Palafin\n|\n|-ability|p2a: Yanma|Speed Boost|boost\n|-boost|p2a: Yanma|spe|1\n|upkeep\n|turn|15\n|\n|t:|1700682092\n|move|p2a: Yanma|Hypnosis|p1a: Palafin\n|-status|p1a: Palafin|slp|[from] move: Hypnosis\n|cant|p1a: Palafin|slp\n|\n|-ability|p2a: Yanma|Speed Boost|boost\n|-boost|p2a: Yanma|spe|1\n|upkeep\n|turn|16\n|\n|t:|1700682094\n|move|p2a: Yanma|Swords Dance|p2a: Yanma\n|-boost|p2a: Yanma|atk|2\n|-curestatus|p1a: Palafin|slp|[msg]\n|move|p1a: Palafin|Boomburst|p2a: Yanma\n|-damage|p2a: Yanma|30\/100\n|\n|-ability|p2a: Yanma|Speed Boost|boost\n|-boost|p2a: Yanma|spe|1\n|upkeep\n|turn|17\n|\n|t:|1700682097\n|-terastallize|p2a: Yanma|Bug\n|move|p2a: Yanma|Leech Life|p1a: Palafin\n|-damage|p1a: Palafin|1\/100\n|-heal|p2a: Yanma|59\/100|[from] drain|[of] p1a: Palafin\n|move|p1a: Palafin|Boomburst|p2a: Yanma\n|-damage|p2a: Yanma|0 fnt\n|faint|p2a: Yanma\n|\n|upkeep\n|c|\u2606Blitz2656|yanma op\n|\n|t:|1700682112\n|switch|p2a: Medicham|Medicham, F|100\/100\n|turn|18\n|\n|t:|1700682115\n|move|p2a: Medicham|Psycho Cut|p1a: Palafin\n|-damage|p1a: Palafin|0 fnt\n|faint|p1a: Palafin\n|\n|upkeep\n|\n|t:|1700682118\n|switch|p1a: Alomomola|Alomomola, F|100\/100\n|turn|19\n|\n|t:|1700682120\n|switch|p2a: Palafin|Palafin, F|100\/100\n|move|p1a: Alomomola|Scald|p2a: Palafin\n|-resisted|p2a: Palafin\n|-damage|p2a: Palafin|91\/100\n|\n|upkeep\n|turn|20\n|\n|t:|1700682126\n|detailschange|p2a: Palafin|Palafin-Hero, F\n|switch|p2a: Medicham|Medicham, F|100\/100\n|move|p1a: Alomomola|Whirlpool|p2a: Medicham\n|-damage|p2a: Medicham|91\/100\n|-activate|p2a: Medicham|move: Whirlpool|[of] p1a: Alomomola\n|\n|-damage|p2a: Medicham|79\/100|[from] move: Whirlpool|[partiallytrapped]\n|upkeep\n|turn|21\n|\n|t:|1700682137\n|move|p1a: Alomomola|Protect|p1a: Alomomola\n|-singleturn|p1a: Alomomola|Protect\n|move|p2a: Medicham|Psycho Cut|p1a: Alomomola\n|-activate|p1a: Alomomola|move: Protect\n|\n|-damage|p2a: Medicham|66\/100|[from] move: Whirlpool|[partiallytrapped]\n|upkeep\n|turn|22\n|\n|t:|1700682141\n|move|p2a: Medicham|Psycho Cut|p1a: Alomomola\n|-damage|p1a: Alomomola|73\/100\n|move|p1a: Alomomola|Scald|p2a: Medicham\n|-damage|p2a: Medicham|43\/100\n|\n|-damage|p2a: Medicham|31\/100|[from] move: Whirlpool|[partiallytrapped]\n|upkeep\n|turn|23\n|\n|t:|1700682148\n|move|p2a: Medicham|Psycho Cut|p1a: Alomomola\n|-damage|p1a: Alomomola|45\/100\n|move|p1a: Alomomola|Scald|p2a: Medicham\n|-damage|p2a: Medicham|7\/100\n|\n|-damage|p2a: Medicham|0 fnt|[from] move: Whirlpool|[partiallytrapped]\n|faint|p2a: Medicham\n|upkeep\n|\n|t:|1700682150\n|switch|p2a: Palafin|Palafin-Hero, F|91\/100\n|-activate|p2a: Palafin|ability: Zero to Hero\n|turn|24\n|\n|t:|1700682159\n|move|p2a: Palafin|Boomburst|p1a: Alomomola\n|-damage|p1a: Alomomola|0 fnt\n|faint|p1a: Alomomola\n|\n|upkeep\n|\n|t:|1700682162\n|switch|p1a: Slowking|Slowking-Galar, M|100\/100\n|turn|25\n|\n|t:|1700682168\n|move|p2a: Palafin|Boomburst|p1a: Slowking\n|-damage|p1a: Slowking|61\/100\n|move|p1a: Slowking|Toxic|p2a: Palafin\n|-status|p2a: Palafin|tox\n|\n|-damage|p2a: Palafin|85\/100 tox|[from] psn\n|upkeep\n|turn|26\n|\n|t:|1700682174\n|move|p2a: Palafin|Boomburst|p1a: Slowking\n|-damage|p1a: Slowking|22\/100\n|move|p1a: Slowking|Slack Off|p1a: Slowking\n|-heal|p1a: Slowking|72\/100\n|\n|-damage|p2a: Palafin|72\/100 tox|[from] psn\n|upkeep\n|turn|27\n|c|\u2606Blitz2656|I crit here\n|\n|t:|1700682181\n|move|p2a: Palafin|Boomburst|p1a: Slowking\n|-damage|p1a: Slowking|35\/100\n|move|p1a: Slowking|Slack Off|p1a: Slowking\n|-heal|p1a: Slowking|85\/100\n|\n|-damage|p2a: Palafin|54\/100 tox|[from] psn\n|upkeep\n|turn|28\n|\n|t:|1700682187\n|move|p2a: Palafin|Boomburst|p1a: Slowking\n|-damage|p1a: Slowking|47\/100\n|move|p1a: Slowking|Slack Off|p1a: Slowking\n|-heal|p1a: Slowking|97\/100\n|\n|-damage|p2a: Palafin|29\/100 tox|[from] psn\n|upkeep\n|turn|29\n|c|\u2606Blitz2656|miss slack off\n|\n|t:|1700682191\n|move|p2a: Palafin|Boomburst|p1a: Slowking\n|-damage|p1a: Slowking|60\/100\n|move|p1a: Slowking|Slack Off|p1a: Slowking\n|-heal|p1a: Slowking|100\/100\n|\n|-damage|p2a: Palafin|0 fnt|[from] psn\n|faint|p2a: Palafin\n|\n|win|Pickedman\n|upkeep\n|c|\u2606Blitz2656|LOL\n","uploadtime":1700682197,"views":10,"p1id":"pickedman","p2id":"blitz2656","formatid":"gen9ubers","rating":0,"private":0,"password":""}