{"id":"gen9ubers-1972503946","p1":"Leterte18","p2":"Rival Andrew","format":"[Gen 9] Ubers","log":"|j|\u2606Leterte18\n|j|\u2606Rival Andrew\n|t:|1697850359\n|gametype|singles\n|player|p1|Leterte18|2|\n|player|p2|Rival Andrew|silver|\n|teamsize|p1|6\n|teamsize|p2|6\n|gen|9\n|tier|[Gen 9] Ubers\n|rule|Sleep Clause Mod: Limit one foe put to sleep\n|rule|Species Clause: Limit one of each Pok\u00e9mon\n|rule|OHKO Clause: OHKO moves are banned\n|rule|Evasion Items Clause: Evasion items are banned\n|rule|Evasion Moves Clause: Evasion moves are banned\n|rule|Endless Battle Clause: Forcing endless battles is banned\n|rule|HP Percentage Mod: HP is shown in percentages\n|clearpoke\n|poke|p1|Dialga-Origin|\n|poke|p1|Palkia-Origin|\n|poke|p1|Giratina-Origin|\n|poke|p1|Arceus|\n|poke|p1|Groudon|\n|poke|p1|Eternatus|\n|poke|p2|Groudon|\n|poke|p2|Koraidon|\n|poke|p2|Ogerpon-Hearthflame, F|\n|poke|p2|Walking Wake|\n|poke|p2|Regieleki|\n|poke|p2|Ursaluna-Bloodmoon, M|\n|teampreview\n|c|\u2606Rival Andrew|nice game homes\n|j| Hand0fD00m\n|c|\u2606Leterte18|Unreal game, my game chat only periodically wins lol sorry\n|c|\u2606Leterte18|words*\n|c|\u2606Leterte18|works****\n|\n|t:|1697850457\n|start\n|switch|p1a: Eternatus|Eternatus|100\/100\n|switch|p2a: Zagreus|Koraidon|100\/100\n|-ability|p1a: Eternatus|Pressure\n|-weather|SunnyDay|[from] ability: Orichalcum Pulse|[of] p2a: Zagreus\n|-activate|p2a: Zagreus|Orichalcum Pulse|[source]\n|turn|1\n|c| Hand0fD00m|set of the tourney so far\n|\n|t:|1697850523\n|-terastallize|p2a: Zagreus|Steel\n|move|p1a: Eternatus|Dynamax Cannon|p2a: Zagreus\n|-resisted|p2a: Zagreus\n|-damage|p2a: Zagreus|69\/100\n|move|p2a: Zagreus|Zen Headbutt|p1a: Eternatus\n|-supereffective|p1a: Eternatus\n|-damage|p1a: Eternatus|32\/100\n|\n|-weather|SunnyDay|[upkeep]\n|upkeep\n|turn|2\n|\n|t:|1697850550\n|switch|p1a: Groudon|Groudon|100\/100\n|move|p2a: Zagreus|Iron Head|p1a: Groudon\n|-damage|p1a: Groudon|64\/100\n|\n|-weather|SunnyDay|[upkeep]\n|-heal|p1a: Groudon|70\/100|[from] item: Leftovers\n|upkeep\n|turn|3\n|\n|t:|1697850562\n|switch|p2a: Hurried Hurricane|Walking Wake|100\/100\n|-activate|p2a: Hurried Hurricane|ability: Protosynthesis\n|-start|p2a: Hurried Hurricane|protosynthesisspa\n|move|p1a: Groudon|Will-O-Wisp|p2a: Hurried Hurricane\n|-status|p2a: Hurried Hurricane|brn\n|\n|-weather|SunnyDay|[upkeep]\n|-heal|p1a: Groudon|76\/100|[from] item: Leftovers\n|-damage|p2a: Hurried Hurricane|94\/100 brn|[from] brn\n|upkeep\n|turn|4\n|\n|t:|1697850580\n|switch|p1a: Palkia|Palkia-Origin|100\/100\n|-ability|p1a: Palkia|Pressure\n|move|p2a: Hurried Hurricane|Draco Meteor|p1a: Palkia\n|-supereffective|p1a: Palkia\n|-damage|p1a: Palkia|0 fnt\n|-unboost|p2a: Hurried Hurricane|spa|2\n|faint|p1a: Palkia\n|\n|-weather|SunnyDay|[upkeep]\n|-damage|p2a: Hurried Hurricane|88\/100 brn|[from] brn\n|upkeep\n|\n|t:|1697850589\n|switch|p1a: Arceus|Arceus, shiny|100\/100\n|turn|5\n|\n|t:|1697850594\n|move|p2a: Hurried Hurricane|Draco Meteor|p1a: Arceus\n|-crit|p1a: Arceus\n|-damage|p1a: Arceus|0 fnt\n|-unboost|p2a: Hurried Hurricane|spa|2\n|faint|p1a: Arceus\n|\n|-weather|none\n|-end|p2a: Hurried Hurricane|Protosynthesis\n|-damage|p2a: Hurried Hurricane|82\/100 brn|[from] brn\n|upkeep\n|c|\u2606Rival Andrew|f\n|c|\u2606Leterte18|lol wow\n|c| Hand0fD00m|insane crit\n|c|\u2606Rival Andrew|what sp atk drop?\n|\n|t:|1697850624\n|switch|p1a: Eternatus|Eternatus|32\/100\n|-ability|p1a: Eternatus|Pressure\n|turn|6\n|\n|t:|1697850640\n|move|p1a: Eternatus|Dynamax Cannon|p2a: Hurried Hurricane\n|-supereffective|p2a: Hurried Hurricane\n|-damage|p2a: Hurried Hurricane|0 fnt\n|faint|p2a: Hurried Hurricane\n|-end|p2a: Hurried Hurricane|Protosynthesis|[silent]\n|\n|upkeep\n|\n|t:|1697850643\n|switch|p2a: Zagreus|Koraidon, tera:Steel|69\/100\n|-weather|SunnyDay|[from] ability: Orichalcum Pulse|[of] p2a: Zagreus\n|-activate|p2a: Zagreus|Orichalcum Pulse|[source]\n|turn|7\n|c|\u2606Leterte18|Yeah not coming back from that one in Ubers\n|\n|t:|1697850670\n|move|p1a: Eternatus|Dynamax Cannon|p2a: Zagreus\n|-resisted|p2a: Zagreus\n|-damage|p2a: Zagreus|36\/100\n|move|p2a: Zagreus|Collision Course|p1a: Eternatus\n|-resisted|p1a: Eternatus\n|-damage|p1a: Eternatus|4\/100\n|\n|-weather|SunnyDay|[upkeep]\n|upkeep\n|turn|8\n|\n|t:|1697850681\n|move|p1a: Eternatus|Dynamax Cannon|p2a: Zagreus\n|-resisted|p2a: Zagreus\n|-damage|p2a: Zagreus|7\/100\n|move|p2a: Zagreus|Iron Head|p1a: Eternatus\n|-damage|p1a: Eternatus|0 fnt\n|faint|p1a: Eternatus\n|\n|-weather|SunnyDay|[upkeep]\n|upkeep\n|\n|t:|1697850687\n|switch|p1a: Giratina|Giratina-Origin, shiny|100\/100\n|turn|9\n|\n|t:|1697850690\n|move|p1a: Giratina|Shadow Sneak|p2a: Zagreus\n|-damage|p2a: Zagreus|0 fnt\n|faint|p2a: Zagreus\n|\n|-weather|SunnyDay|[upkeep]\n|upkeep\n|\n|t:|1697850700\n|switch|p2a: Eclipse|Ursaluna-Bloodmoon, M|100\/100\n|turn|10\n|c| Hand0fD00m|jesus this is really close again\n|\n|t:|1697850712\n|move|p1a: Giratina|Draco Meteor|p2a: Eclipse\n|-damage|p2a: Eclipse|24\/100\n|-unboost|p1a: Giratina|spa|2\n|move|p2a: Eclipse|Blood Moon|p1a: Giratina\n|-damage|p1a: Giratina|14\/100\n|-damage|p2a: Eclipse|14\/100|[from] item: Life Orb\n|\n|-weather|SunnyDay|[upkeep]\n|upkeep\n|turn|11\n|\n|t:|1697850721\n|move|p1a: Giratina|Draco Meteor|p2a: Eclipse\n|-damage|p2a: Eclipse|0 fnt\n|-unboost|p1a: Giratina|spa|2\n|faint|p2a: Eclipse\n|\n|-weather|none\n|upkeep\n|\n|t:|1697850744\n|switch|p2a: Majora|Ogerpon-Hearthflame, F|100\/100\n|-ability|p2a: Majora|Mold Breaker\n|turn|12\n|\n|t:|1697850754\n|move|p2a: Majora|Spiky Shield|p2a: Majora\n|-singleturn|p2a: Majora|move: Protect\n|move|p1a: Giratina|Shadow Sneak|p2a: Majora\n|-activate|p2a: Majora|move: Protect\n|-damage|p1a: Giratina|1\/100|[from] Spiky Shield|[of] p2a: Majora\n|\n|upkeep\n|turn|13\n|\n|t:|1697850776\n|move|p1a: Giratina|Shadow Sneak|p2a: Majora\n|-damage|p2a: Majora|71\/100\n|move|p2a: Majora|Horn Leech|p1a: Giratina\n|-resisted|p1a: Giratina\n|-damage|p1a: Giratina|0 fnt\n|-heal|p2a: Majora|72\/100|[from] drain|[of] p1a: Giratina\n|faint|p1a: Giratina\n|\n|upkeep\n|\n|t:|1697850787\n|switch|p1a: Groudon|Groudon|76\/100\n|-weather|SunnyDay|[from] ability: Drought|[of] p1a: Groudon\n|turn|14\n|\n|t:|1697850801\n|-terastallize|p1a: Groudon|Fairy\n|move|p2a: Majora|Horn Leech|p1a: Groudon\n|-damage|p1a: Groudon|47\/100\n|-heal|p2a: Majora|92\/100|[from] drain|[of] p1a: Groudon\n|move|p1a: Groudon|Precipice Blades|p2a: Majora\n|-damage|p2a: Majora|21\/100\n|\n|-weather|SunnyDay|[upkeep]\n|-heal|p1a: Groudon|53\/100|[from] item: Leftovers\n|upkeep\n|turn|15\n|j| Sonad~\n|c| Sonad~|oop\n|\n|t:|1697850816\n|move|p1a: Groudon|Protect|p1a: Groudon\n|-singleturn|p1a: Groudon|Protect\n|move|p2a: Majora|Ivy Cudgel|p1a: Groudon\n|-activate|p1a: Groudon|move: Protect\n|\n|-weather|SunnyDay|[upkeep]\n|-heal|p1a: Groudon|60\/100|[from] item: Leftovers\n|upkeep\n|turn|16\n|\n|t:|1697850826\n|move|p2a: Majora|Ivy Cudgel|p1a: Groudon\n|-damage|p1a: Groudon|3\/100\n|move|p1a: Groudon|Precipice Blades|p2a: Majora\n|-damage|p2a: Majora|0 fnt\n|faint|p2a: Majora\n|\n|-weather|SunnyDay|[upkeep]\n|-heal|p1a: Groudon|10\/100|[from] item: Leftovers\n|upkeep\n|c|\u2606Rival Andrew|nice one\n|\n|t:|1697850835\n|switch|p2a: Regicocaine|Regieleki, shiny|100\/100\n|turn|17\n|\n|t:|1697850841\n|move|p1a: Groudon|Protect|p1a: Groudon\n|-singleturn|p1a: Groudon|Protect\n|move|p2a: Regicocaine|Thunderbolt|p1a: Groudon\n|-activate|p1a: Groudon|move: Protect\n|\n|-weather|SunnyDay|[upkeep]\n|-heal|p1a: Groudon|16\/100|[from] item: Leftovers\n|upkeep\n|turn|18\n|\n|t:|1697850847\n|move|p2a: Regicocaine|Thunderbolt|p1a: Groudon\n|-damage|p1a: Groudon|0 fnt\n|faint|p1a: Groudon\n|\n|-weather|none\n|upkeep\n|\n|t:|1697850849\n|switch|p1a: Dialga|Dialga-Origin|100\/100\n|-ability|p1a: Dialga|Pressure\n|turn|19\n|\n|t:|1697850857\n|move|p2a: Regicocaine|Thunderbolt|p1a: Dialga\n|-resisted|p1a: Dialga\n|-damage|p1a: Dialga|79\/100\n|move|p1a: Dialga|Flash Cannon|p2a: Regicocaine\n|-resisted|p2a: Regicocaine\n|-damage|p2a: Regicocaine|40\/100\n|\n|upkeep\n|turn|20\n|\n|t:|1697850864\n|move|p2a: Regicocaine|Thunderbolt|p1a: Dialga\n|-resisted|p1a: Dialga\n|-damage|p1a: Dialga|56\/100\n|move|p1a: Dialga|Flash Cannon|p2a: Regicocaine\n|-resisted|p2a: Regicocaine\n|-damage|p2a: Regicocaine|0 fnt\n|faint|p2a: Regicocaine\n|\n|upkeep\n|c| Hand0fD00m|dialgas last stand\n|\n|t:|1697850869\n|switch|p2a: Hades|Groudon|100\/100\n|-weather|SunnyDay|[from] ability: Drought|[of] p2a: Hades\n|turn|21\n|c|\u2606Leterte18|Gg\n|\n|t:|1697850887\n|move|p1a: Dialga|Draco Meteor|p2a: Hades\n|-damage|p2a: Hades|33\/100\n|-unboost|p1a: Dialga|spa|2\n|move|p2a: Hades|Earthquake|p1a: Dialga\n|-supereffective|p1a: Dialga\n|-damage|p1a: Dialga|0 fnt\n|faint|p1a: Dialga\n|\n|win|Rival Andrew\n|c|\u2606Rival Andrew|close one\n|c|\u2606Rival Andrew|we got ourselves a tie breaker\n|c| Hand0fD00m|holy we got a game 3!\n|c|\u2606Leterte18|That crit was nuts\n|l| Hand0fD00m\n|l|\u2606Leterte18\n|j| Hand0fD00m\n","uploadtime":1697850958,"views":10,"p1id":"leterte18","p2id":"rivalandrew","formatid":"gen9ubers","rating":0,"private":0,"password":""}