{"id":"gen9ubers-1988215414","p1":"Pickedman","p2":"Dragon Master Rosa","format":"[Gen 9] Ubers","log":"|j|\u2606Pickedman\n|j|\u2606Dragon Master Rosa\n|t:|1699686948\n|gametype|singles\n|player|p1|Pickedman|zinnia|\n|player|p2|Dragon Master Rosa|dragontamer-gen9|\n|teamsize|p1|6\n|teamsize|p2|6\n|gen|9\n|tier|[Gen 9] Ubers\n|rule|Sleep Clause Mod: Limit one foe put to sleep\n|rule|Species Clause: Limit one of each Pok\u00e9mon\n|rule|OHKO Clause: OHKO moves are banned\n|rule|Evasion Items Clause: Evasion items are banned\n|rule|Evasion Moves Clause: Evasion moves are banned\n|rule|Endless Battle Clause: Forcing endless battles is banned\n|rule|HP Percentage Mod: HP is shown in percentages\n|clearpoke\n|poke|p1|Inteleon, M|\n|poke|p1|Gallade, M|\n|poke|p1|Darkrai|\n|poke|p1|Blissey, F|\n|poke|p1|Walking Wake|\n|poke|p1|Grimmsnarl, M|\n|poke|p2|Infernape, F|\n|poke|p2|Landorus-Therian, M|\n|poke|p2|Palafin, F|\n|poke|p2|Slowking-Galar, F|\n|poke|p2|Toedscruel, M|\n|poke|p2|Empoleon, F|\n|teampreview\n|j| Durant889\n|c|\u2606Pickedman|hi durant889\n|\n|t:|1699687022\n|start\n|switch|p1a: Walking Wake|Walking Wake|100\/100\n|switch|p2a: Palafin|Palafin, F|100\/100\n|turn|1\n|\n|t:|1699687028\n|move|p1a: Walking Wake|Knock Off|p2a: Palafin\n|-damage|p2a: Palafin|75\/100\n|-enditem|p2a: Palafin|Choice Specs|[from] move: Knock Off|[of] p1a: Walking Wake\n|move|p2a: Palafin|Draining Kiss|p1a: Walking Wake\n|-supereffective|p1a: Walking Wake\n|-damage|p1a: Walking Wake|80\/100\n|-heal|p2a: Palafin|93\/100|[from] drain|[of] p1a: Walking Wake\n|\n|upkeep\n|turn|2\n|\n|t:|1699687039\n|detailschange|p2a: Palafin|Palafin-Hero, F\n|switch|p2a: Empoleon|Empoleon, F|100\/100\n|move|p1a: Walking Wake|Noble Roar|p2a: Empoleon\n|-unboost|p2a: Empoleon|atk|1\n|-unboost|p2a: Empoleon|spa|1\n|\n|upkeep\n|turn|3\n|c|\u2606Dragon Master Rosa|dawg.\n|\n|t:|1699687047\n|move|p1a: Walking Wake|Knock Off|p2a: Empoleon\n|-damage|p2a: Empoleon|87\/100\n|-enditem|p2a: Empoleon|Leftovers|[from] move: Knock Off|[of] p1a: Walking Wake\n|move|p2a: Empoleon|Knock Off|p1a: Walking Wake\n|-damage|p1a: Walking Wake|67\/100\n|-enditem|p1a: Walking Wake|Heavy-Duty Boots|[from] move: Knock Off|[of] p2a: Empoleon\n|\n|upkeep\n|turn|4\n|\n|t:|1699687054\n|move|p1a: Walking Wake|Flip Turn|p2a: Empoleon\n|-resisted|p2a: Empoleon\n|-damage|p2a: Empoleon|81\/100\n|\n|t:|1699687066\n|-end|p1a: Walking Wake|Protosynthesis|[silent]\n|switch|p1a: Darkrai|Darkrai|100\/100|[from] Flip Turn\n|move|p2a: Empoleon|Stealth Rock|p1a: Darkrai\n|-sidestart|p1: Pickedman|move: Stealth Rock\n|\n|upkeep\n|turn|5\n|\n|t:|1699687075\n|move|p1a: Darkrai|Swords Dance|p1a: Darkrai\n|-boost|p1a: Darkrai|atk|2\n|move|p2a: Empoleon|Flip Turn|p1a: Darkrai\n|-damage|p1a: Darkrai|83\/100\n|\n|t:|1699687154\n|switch|p2a: Infernape|Infernape, F|100\/100|[from] Flip Turn\n|\n|upkeep\n|turn|6\n|\n|t:|1699687174\n|-terastallize|p1a: Darkrai|Poison\n|move|p2a: Infernape|U-turn|p1a: Darkrai\n|-resisted|p1a: Darkrai\n|-damage|p1a: Darkrai|70\/100\n|\n|t:|1699687178\n|switch|p2a: Palafin|Palafin-Hero, F|93\/100|[from] U-turn\n|-activate|p2a: Palafin|ability: Zero to Hero\n|move|p1a: Darkrai|Drain Punch|p2a: Palafin\n|-damage|p2a: Palafin|38\/100\n|-heal|p1a: Darkrai|100\/100|[from] drain|[of] p2a: Palafin\n|-damage|p1a: Darkrai|91\/100|[from] item: Life Orb\n|\n|upkeep\n|turn|7\n|\n|t:|1699687200\n|move|p1a: Darkrai|Knock Off|p2a: Palafin\n|-damage|p2a: Palafin|0 fnt\n|faint|p2a: Palafin\n|-damage|p1a: Darkrai|81\/100|[from] item: Life Orb\n|\n|upkeep\n|\n|t:|1699687204\n|switch|p2a: Landorus|Landorus-Therian, M|100\/100\n|-ability|p2a: Landorus|Intimidate|boost\n|-unboost|p1a: Darkrai|atk|1\n|turn|8\n|\n|t:|1699687209\n|move|p1a: Darkrai|Knock Off|p2a: Landorus\n|-damage|p2a: Landorus|28\/100\n|-enditem|p2a: Landorus|Leftovers|[from] move: Knock Off|[of] p1a: Darkrai\n|-damage|p1a: Darkrai|71\/100|[from] item: Life Orb\n|move|p2a: Landorus|Earth Power|p1a: Darkrai\n|-supereffective|p1a: Darkrai\n|-damage|p1a: Darkrai|0 fnt\n|faint|p1a: Darkrai\n|\n|upkeep\n|\n|t:|1699687218\n|switch|p1a: Inteleon|Inteleon, M|100\/100\n|-damage|p1a: Inteleon|88\/100|[from] Stealth Rock\n|turn|9\n|\n|t:|1699687226\n|move|p1a: Inteleon|Liquidation|p2a: Landorus\n|-supereffective|p2a: Landorus\n|-damage|p2a: Landorus|0 fnt\n|faint|p2a: Landorus\n|\n|upkeep\n|\n|t:|1699687228\n|switch|p2a: Empoleon|Empoleon, F|81\/100\n|turn|10\n|\n|t:|1699687233\n|switch|p1a: Walking Wake|Walking Wake|67\/100\n|-damage|p1a: Walking Wake|54\/100|[from] Stealth Rock\n|move|p2a: Empoleon|Knock Off|p1a: Walking Wake\n|-damage|p1a: Walking Wake|41\/100\n|\n|upkeep\n|turn|11\n|\n|t:|1699687241\n|move|p2a: Empoleon|Flip Turn|p1a: Walking Wake\n|-resisted|p1a: Walking Wake\n|-damage|p1a: Walking Wake|37\/100\n|\n|t:|1699687245\n|switch|p2a: Slowking|Slowking-Galar, F|100\/100|[from] Flip Turn\n|move|p1a: Walking Wake|Roar|p2a: Slowking\n|drag|p2a: Empoleon|Empoleon, F|81\/100\n|\n|upkeep\n|turn|12\n|\n|t:|1699687252\n|move|p1a: Walking Wake|Flip Turn|p2a: Empoleon\n|-resisted|p2a: Empoleon\n|-damage|p2a: Empoleon|74\/100\n|\n|t:|1699687261\n|-end|p1a: Walking Wake|Protosynthesis|[silent]\n|switch|p1a: Grimmsnarl|Grimmsnarl, M|100\/100|[from] Flip Turn\n|-damage|p1a: Grimmsnarl|88\/100|[from] Stealth Rock\n|move|p2a: Empoleon|Flip Turn|p1a: Grimmsnarl\n|-damage|p1a: Grimmsnarl|66\/100\n|\n|t:|1699687270\n|switch|p2a: Toedscruel|Toedscruel, M|100\/100|[from] Flip Turn\n|\n|upkeep\n|turn|13\n|\n|t:|1699687291\n|switch|p1a: Blissey|Blissey, F|100\/100\n|move|p2a: Toedscruel|Knock Off|p1a: Blissey\n|-damage|p1a: Blissey|84\/100\n|-enditem|p1a: Blissey|Heavy-Duty Boots|[from] move: Knock Off|[of] p2a: Toedscruel\n|\n|upkeep\n|turn|14\n|\n|t:|1699687295\n|move|p1a: Blissey|Stealth Rock|p2a: Toedscruel\n|-sidestart|p2: Dragon Master Rosa|move: Stealth Rock\n|move|p2a: Toedscruel|Leech Seed|p1a: Blissey\n|-start|p1a: Blissey|move: Leech Seed\n|\n|-damage|p1a: Blissey|72\/100|[from] Leech Seed|[of] p2a: Toedscruel\n|upkeep\n|turn|15\n|\n|t:|1699687302\n|switch|p1a: Inteleon|Inteleon, M|88\/100\n|-damage|p1a: Inteleon|76\/100|[from] Stealth Rock\n|move|p2a: Toedscruel|Rapid Spin|p1a: Inteleon\n|-damage|p1a: Inteleon|59\/100\n|-boost|p2a: Toedscruel|spe|1\n|-sideend|p2: Dragon Master Rosa|Stealth Rock|[from] move: Rapid Spin|[of] p2a: Toedscruel\n|\n|upkeep\n|turn|16\n|\n|t:|1699687320\n|-terastallize|p2a: Toedscruel|Water\n|move|p2a: Toedscruel|Knock Off|p1a: Inteleon\n|-damage|p1a: Inteleon|31\/100\n|-enditem|p1a: Inteleon|Loaded Dice|[from] move: Knock Off|[of] p2a: Toedscruel\n|move|p1a: Inteleon|Liquidation|p2a: Toedscruel\n|-resisted|p2a: Toedscruel\n|-crit|p2a: Toedscruel\n|-damage|p2a: Toedscruel|50\/100\n|\n|-heal|p2a: Toedscruel|56\/100|[from] item: Leftovers\n|upkeep\n|turn|17\n|\n|t:|1699687333\n|switch|p1a: Grimmsnarl|Grimmsnarl, M|66\/100\n|-damage|p1a: Grimmsnarl|54\/100|[from] Stealth Rock\n|move|p2a: Toedscruel|Leech Seed|p1a: Grimmsnarl\n|-start|p1a: Grimmsnarl|move: Leech Seed\n|\n|-heal|p2a: Toedscruel|62\/100|[from] item: Leftovers\n|-damage|p1a: Grimmsnarl|42\/100|[from] Leech Seed|[of] p2a: Toedscruel\n|-heal|p2a: Toedscruel|76\/100|[silent]\n|upkeep\n|turn|18\n|\n|t:|1699687337\n|move|p1a: Grimmsnarl|Reflect|p1a: Grimmsnarl\n|-sidestart|p1: Pickedman|Reflect\n|move|p2a: Toedscruel|Knock Off|p1a: Grimmsnarl\n|-resisted|p1a: Grimmsnarl\n|-damage|p1a: Grimmsnarl|39\/100\n|-enditem|p1a: Grimmsnarl|Light Clay|[from] move: Knock Off|[of] p2a: Toedscruel\n|\n|-heal|p2a: Toedscruel|82\/100|[from] item: Leftovers\n|-damage|p1a: Grimmsnarl|27\/100|[from] Leech Seed|[of] p2a: Toedscruel\n|-heal|p2a: Toedscruel|95\/100|[silent]\n|upkeep\n|turn|19\n|\n|t:|1699687339\n|move|p1a: Grimmsnarl|Thunder Wave|p2a: Toedscruel\n|-status|p2a: Toedscruel|par\n|move|p2a: Toedscruel|Spikes|p1a: Grimmsnarl\n|-sidestart|p1: Pickedman|Spikes\n|\n|-heal|p2a: Toedscruel|100\/100 par|[from] item: Leftovers\n|-damage|p1a: Grimmsnarl|14\/100|[from] Leech Seed|[of] p2a: Toedscruel\n|upkeep\n|turn|20\n|\n|t:|1699687345\n|switch|p1a: Inteleon|Inteleon, M|31\/100\n|-damage|p1a: Inteleon|19\/100|[from] Stealth Rock\n|-damage|p1a: Inteleon|6\/100|[from] Spikes\n|move|p2a: Toedscruel|Rapid Spin|p1a: Inteleon\n|-damage|p1a: Inteleon|0 fnt\n|-boost|p2a: Toedscruel|spe|1\n|faint|p1a: Inteleon\n|\n|upkeep\n|\n|t:|1699687354\n|switch|p1a: Gallade|Gallade, M|100\/100\n|-damage|p1a: Gallade|94\/100|[from] Stealth Rock\n|-damage|p1a: Gallade|82\/100|[from] Spikes\n|turn|21\n|\n|t:|1699687359\n|switch|p2a: Slowking|Slowking-Galar, F|100\/100\n|move|p1a: Gallade|Bulk Up|p1a: Gallade\n|-boost|p1a: Gallade|atk|1\n|-boost|p1a: Gallade|def|1\n|\n|-heal|p1a: Gallade|88\/100|[from] item: Leftovers\n|upkeep\n|turn|22\n|\n|t:|1699687365\n|move|p1a: Gallade|Calm Mind|p1a: Gallade\n|-boost|p1a: Gallade|spa|1\n|-boost|p1a: Gallade|spd|1\n|move|p2a: Slowking|Toxic|p1a: Gallade\n|-status|p1a: Gallade|tox\n|\n|-heal|p1a: Gallade|94\/100 tox|[from] item: Leftovers\n|-damage|p1a: Gallade|88\/100 tox|[from] psn\n|upkeep\n|turn|23\n|\n|t:|1699687368\n|move|p1a: Gallade|Calm Mind|p1a: Gallade\n|-boost|p1a: Gallade|spa|1\n|-boost|p1a: Gallade|spd|1\n|move|p2a: Slowking|Foul Play|p1a: Gallade\n|-damage|p1a: Gallade|79\/100 tox\n|\n|-heal|p1a: Gallade|85\/100 tox|[from] item: Leftovers\n|-damage|p1a: Gallade|73\/100 tox|[from] psn\n|upkeep\n|turn|24\n|\n|t:|1699687372\n|move|p1a: Gallade|Calm Mind|p1a: Gallade\n|-boost|p1a: Gallade|spa|1\n|-boost|p1a: Gallade|spd|1\n|move|p2a: Slowking|Chilly Reception|p2a: Slowking\n|-weather|Snow\n|\n|t:|1699687378\n|switch|p2a: Toedscruel|Toedscruel, M, tera:Water|100\/100 par|[from] Chilly Reception\n|\n|-weather|Snow|[upkeep]\n|-heal|p1a: Gallade|79\/100 tox|[from] item: Leftovers\n|-damage|p1a: Gallade|60\/100 tox|[from] psn\n|upkeep\n|turn|25\n|\n|t:|1699687383\n|move|p1a: Gallade|Stored Power|p2a: Toedscruel\n|-damage|p2a: Toedscruel|35\/100 par\n|move|p2a: Toedscruel|Leech Seed|p1a: Gallade\n|-start|p1a: Gallade|move: Leech Seed\n|\n|-weather|Snow|[upkeep]\n|-heal|p1a: Gallade|67\/100 tox|[from] item: Leftovers\n|-heal|p2a: Toedscruel|41\/100 par|[from] item: Leftovers\n|-damage|p1a: Gallade|54\/100 tox|[from] Leech Seed|[of] p2a: Toedscruel\n|-heal|p2a: Toedscruel|52\/100 par|[silent]\n|-damage|p1a: Gallade|30\/100 tox|[from] psn\n|-sideend|p1: Pickedman|Reflect\n|upkeep\n|turn|26\n|\n|t:|1699687391\n|switch|p2a: Empoleon|Empoleon, F|74\/100\n|move|p1a: Gallade|Stored Power|p2a: Empoleon\n|-resisted|p2a: Empoleon\n|-damage|p2a: Empoleon|27\/100\n|\n|-weather|Snow|[upkeep]\n|-heal|p1a: Gallade|36\/100 tox|[from] item: Leftovers\n|-damage|p1a: Gallade|23\/100 tox|[from] Leech Seed|[of] p2a: Empoleon\n|-heal|p2a: Empoleon|38\/100|[silent]\n|-damage|p1a: Gallade|0 fnt|[from] psn\n|faint|p1a: Gallade\n|upkeep\n|c|\u2606Pickedman|crazy revelation but i think hazard removal is good maybe\n|\n|t:|1699687413\n|switch|p1a: Blissey|Blissey, F|72\/100\n|-damage|p1a: Blissey|59\/100|[from] Stealth Rock\n|-damage|p1a: Blissey|47\/100|[from] Spikes\n|turn|27\n|c|\u2606Dragon Master Rosa|shocked black guy face\n|\n|t:|1699687418\n|move|p2a: Empoleon|Roost|p2a: Empoleon\n|-heal|p2a: Empoleon|88\/100\n|-singleturn|p2a: Empoleon|move: Roost\n|move|p1a: Blissey|Soft-Boiled|p1a: Blissey\n|-heal|p1a: Blissey|97\/100\n|\n|-weather|Snow|[upkeep]\n|upkeep\n|turn|28\n|\n|t:|1699687422\n|move|p2a: Empoleon|Knock Off|p1a: Blissey\n|-crit|p1a: Blissey\n|-damage|p1a: Blissey|78\/100\n|move|p1a: Blissey|Thunder Wave|p2a: Empoleon\n|-status|p2a: Empoleon|par\n|\n|-weather|none\n|upkeep\n|turn|29\n|\n|t:|1699687426\n|move|p1a: Blissey|Stealth Rock|p2a: Empoleon\n|-sidestart|p2: Dragon Master Rosa|move: Stealth Rock\n|cant|p2a: Empoleon|par\n|\n|upkeep\n|turn|30\n|\n|t:|1699687430\n|move|p1a: Blissey|Seismic Toss|p2a: Empoleon\n|-damage|p2a: Empoleon|61\/100 par\n|move|p2a: Empoleon|Flip Turn|p1a: Blissey\n|-damage|p1a: Blissey|59\/100\n|\n|t:|1699687433\n|switch|p2a: Toedscruel|Toedscruel, M, tera:Water|52\/100 par|[from] Flip Turn\n|-damage|p2a: Toedscruel|40\/100 par|[from] Stealth Rock\n|\n|-heal|p2a: Toedscruel|46\/100 par|[from] item: Leftovers\n|upkeep\n|turn|31\n|\n|t:|1699687437\n|move|p1a: Blissey|Seismic Toss|p2a: Toedscruel\n|-damage|p2a: Toedscruel|18\/100 par\n|move|p2a: Toedscruel|Leech Seed|p1a: Blissey\n|-start|p1a: Blissey|move: Leech Seed\n|\n|-heal|p2a: Toedscruel|24\/100 par|[from] item: Leftovers\n|-damage|p1a: Blissey|46\/100|[from] Leech Seed|[of] p2a: Toedscruel\n|-heal|p2a: Toedscruel|47\/100 par|[silent]\n|upkeep\n|turn|32\n|\n|t:|1699687443\n|move|p1a: Blissey|Soft-Boiled|p1a: Blissey\n|-heal|p1a: Blissey|97\/100\n|cant|p2a: Toedscruel|par\n|\n|-heal|p2a: Toedscruel|53\/100 par|[from] item: Leftovers\n|-damage|p1a: Blissey|84\/100|[from] Leech Seed|[of] p2a: Toedscruel\n|-heal|p2a: Toedscruel|75\/100 par|[silent]\n|upkeep\n|turn|33\n|\n|t:|1699687450\n|switch|p1a: Grimmsnarl|Grimmsnarl, M|14\/100\n|-damage|p1a: Grimmsnarl|2\/100|[from] Stealth Rock\n|-damage|p1a: Grimmsnarl|0 fnt|[from] Spikes\n|faint|p1a: Grimmsnarl\n|move|p2a: Toedscruel|Rapid Spin|p1: Grimmsnarl|[notarget]\n|-fail|p2a: Toedscruel\n|\n|-heal|p2a: Toedscruel|81\/100 par|[from] item: Leftovers\n|upkeep\n|\n|t:|1699687459\n|switch|p1a: Walking Wake|Walking Wake|37\/100\n|-damage|p1a: Walking Wake|25\/100|[from] Stealth Rock\n|-damage|p1a: Walking Wake|12\/100|[from] Spikes\n|turn|34\n|\n|t:|1699687463\n|move|p1a: Walking Wake|Knock Off|p2a: Toedscruel\n|-damage|p2a: Toedscruel|55\/100 par\n|-enditem|p2a: Toedscruel|Leftovers|[from] move: Knock Off|[of] p1a: Walking Wake\n|move|p2a: Toedscruel|Rapid Spin|p1a: Walking Wake\n|-damage|p1a: Walking Wake|5\/100\n|-boost|p2a: Toedscruel|spe|1\n|-sideend|p2: Dragon Master Rosa|Stealth Rock|[from] move: Rapid Spin|[of] p2a: Toedscruel\n|\n|upkeep\n|turn|35\n|\n|t:|1699687470\n|move|p1a: Walking Wake|Noble Roar|p2a: Toedscruel\n|-unboost|p2a: Toedscruel|atk|1\n|-unboost|p2a: Toedscruel|spa|1\n|move|p2a: Toedscruel|Rapid Spin|p1a: Walking Wake\n|-damage|p1a: Walking Wake|0 fnt\n|-boost|p2a: Toedscruel|spe|1\n|faint|p1a: Walking Wake\n|-end|p1a: Walking Wake|Protosynthesis|[silent]\n|\n|upkeep\n|\n|t:|1699687475\n|switch|p1a: Blissey|Blissey, F|84\/100\n|-damage|p1a: Blissey|72\/100|[from] Stealth Rock\n|-damage|p1a: Blissey|59\/100|[from] Spikes\n|turn|36\n|\n|t:|1699687479\n|move|p1a: Blissey|Soft-Boiled|p1a: Blissey\n|-heal|p1a: Blissey|100\/100\n|move|p2a: Toedscruel|Leech Seed|p1a: Blissey\n|-start|p1a: Blissey|move: Leech Seed\n|\n|-damage|p1a: Blissey|88\/100|[from] Leech Seed|[of] p2a: Toedscruel\n|-heal|p2a: Toedscruel|77\/100 par|[silent]\n|upkeep\n|turn|37\n|\n|t:|1699687485\n|switch|p2a: Infernape|Infernape, F|100\/100\n|move|p1a: Blissey|Seismic Toss|p2a: Infernape\n|-damage|p2a: Infernape|66\/100\n|\n|-damage|p1a: Blissey|76\/100|[from] Leech Seed|[of] p2a: Infernape\n|-heal|p2a: Infernape|94\/100|[silent]\n|upkeep\n|turn|38\n|c|\u2606Pickedman|ggwp\n|\n|t:|1699687491\n|move|p2a: Infernape|Close Combat|p1a: Blissey\n|-supereffective|p1a: Blissey\n|-damage|p1a: Blissey|0 fnt\n|-unboost|p2a: Infernape|def|1\n|-unboost|p2a: Infernape|spd|1\n|faint|p1a: Blissey\n|\n|win|Dragon Master Rosa\n|c|\u2606Dragon Master Rosa|ggwp\n","uploadtime":1699687495,"views":10,"p1id":"pickedman","p2id":"dragonmasterrosa","formatid":"gen9ubers","rating":0,"private":0,"password":""}