{"id":"gen9ubers-1971118570","p1":"puissance du feu","p2":"sel la baleine","format":"[Gen 9] Ubers","log":"|j|\u2606puissance du feu\n|j|\u2606sel la baleine\n|t:|1697708878\n|gametype|singles\n|player|p1|puissance du feu|blackbelt|1532\n|player|p2|sel la baleine|crasherwake|1502\n|teamsize|p1|6\n|teamsize|p2|6\n|gen|9\n|tier|[Gen 9] Ubers\n|rated|\n|rule|Sleep Clause Mod: Limit one foe put to sleep\n|rule|Species Clause: Limit one of each Pok\u00e9mon\n|rule|OHKO Clause: OHKO moves are banned\n|rule|Evasion Items Clause: Evasion items are banned\n|rule|Evasion Moves Clause: Evasion moves are banned\n|rule|Endless Battle Clause: Forcing endless battles is banned\n|rule|HP Percentage Mod: HP is shown in percentages\n|clearpoke\n|poke|p1|Arceus|\n|poke|p1|Mewtwo|\n|poke|p1|Koraidon|\n|poke|p1|Giratina-Origin|\n|poke|p1|Ditto|\n|poke|p1|Miraidon|\n|poke|p2|Arceus-Steel|\n|poke|p2|Ditto|\n|poke|p2|Koraidon|\n|poke|p2|Kyogre|\n|poke|p2|Regieleki|\n|poke|p2|Ribombee, F|\n|teampreview\n|inactive|Battle timer is ON: inactive players will automatically lose when time's up. (requested by puissance du feu)\n|\n|t:|1697708902\n|start\n|switch|p1a: Miraidon|Miraidon|100\/100\n|switch|p2a: Ribombee|Ribombee, F|100\/100\n|-fieldstart|move: Electric Terrain|[from] ability: Hadron Engine|[of] p1a: Miraidon\n|turn|1\n|\n|t:|1697708915\n|move|p1a: Miraidon|Taunt|p2a: Ribombee\n|-start|p2a: Ribombee|move: Taunt\n|cant|p2a: Ribombee|move: Taunt|Sticky Web\n|\n|upkeep\n|turn|2\n|\n|t:|1697708918\n|move|p1a: Miraidon|Volt Switch|p2a: Ribombee\n|-enditem|p2a: Ribombee|Focus Sash\n|-damage|p2a: Ribombee|1\/100\n|\n|t:|1697708929\n|switch|p1a: Ditto|Ditto|100\/100|[from] Volt Switch\n|-transform|p1a: Ditto|p2a: Ribombee|[from] ability: Imposter\n|move|p2a: Ribombee|Moonblast|p1a: Ditto\n|-damage|p1a: Ditto|42\/100\n|\n|upkeep\n|turn|3\n|\n|t:|1697708941\n|move|p1a: Ditto|Sticky Web|p2a: Ribombee\n|-sidestart|p2: sel la baleine|move: Sticky Web\n|move|p2a: Ribombee|Moonblast|p1a: Ditto\n|-damage|p1a: Ditto|0 fnt\n|faint|p1a: Ditto\n|\n|-end|p2a: Ribombee|move: Taunt\n|upkeep\n|\n|t:|1697708951\n|switch|p1a: Koraidon|Koraidon|100\/100\n|-weather|SunnyDay|[from] ability: Orichalcum Pulse|[of] p1a: Koraidon\n|-activate|p1a: Koraidon|Orichalcum Pulse|[source]\n|turn|4\n|\n|t:|1697708956\n|move|p1a: Koraidon|U-turn|p2a: Ribombee\n|-resisted|p2a: Ribombee\n|-damage|p2a: Ribombee|0 fnt\n|faint|p2a: Ribombee\n|inactive|puissance du feu has 120 seconds left.\n|\n|t:|1697708987\n|switch|p1a: Miraidon|Miraidon|100\/100|[from] U-turn\n|-activate|p1a: Miraidon|ability: Hadron Engine\n|\n|-weather|SunnyDay|[upkeep]\n|upkeep\n|\n|t:|1697708996\n|switch|p2a: Ditto|Ditto|100\/100\n|-activate|p2a: Ditto|move: Sticky Web\n|-unboost|p2a: Ditto|spe|1\n|-transform|p2a: Ditto|p1a: Miraidon|[from] ability: Imposter\n|-activate|p2a: Ditto|ability: Hadron Engine\n|turn|5\n|\n|t:|1697709006\n|switch|p1a: Mewtwo|Mewtwo|100\/100\n|-ability|p1a: Mewtwo|Pressure\n|move|p2a: Ditto|Volt Switch|p1a: Mewtwo\n|-crit|p1a: Mewtwo\n|-damage|p1a: Mewtwo|0 fnt\n|faint|p1a: Mewtwo\n|c|\u2606puissance du feu|Mec le cul\n|\n|t:|1697709020\n|switch|p2a: Regieleki|Regieleki|100\/100|[from] Volt Switch\n|\n|-weather|SunnyDay|[upkeep]\n|-fieldend|move: Electric Terrain\n|upkeep\n|c|\u2606sel la baleine|d\u00e9sol\u00e9 bro\n|\n|t:|1697709026\n|switch|p1a: Giratina|Giratina-Origin|100\/100\n|turn|6\n|\n|t:|1697709032\n|move|p2a: Regieleki|Volt Switch|p1a: Giratina\n|-resisted|p1a: Giratina\n|-damage|p1a: Giratina|87\/100\n|\n|t:|1697709036\n|switch|p2a: Kyogre|Kyogre|100\/100|[from] Volt Switch\n|-activate|p2a: Kyogre|move: Sticky Web\n|-unboost|p2a: Kyogre|spe|1\n|-weather|RainDance|[from] ability: Drizzle|[of] p2a: Kyogre\n|move|p1a: Giratina|Shadow Ball|p2a: Kyogre\n|-damage|p2a: Kyogre|63\/100\n|\n|-weather|RainDance|[upkeep]\n|upkeep\n|turn|7\n|\n|t:|1697709043\n|move|p2a: Kyogre|Ice Beam|p1a: Giratina\n|-supereffective|p1a: Giratina\n|-damage|p1a: Giratina|17\/100\n|move|p1a: Giratina|Dragon Tail|p2a: Kyogre|[miss]\n|-miss|p1a: Giratina|p2a: Kyogre\n|\n|-weather|RainDance|[upkeep]\n|upkeep\n|turn|8\n|c|\u2606puissance du feu|Incroyable\n|c|\u2606sel la baleine|waaah\n|\n|t:|1697709060\n|switch|p1a: Arceus|Arceus|100\/100\n|move|p2a: Kyogre|Ice Beam|p1a: Arceus\n|-damage|p1a: Arceus|66\/100\n|\n|-weather|RainDance|[upkeep]\n|upkeep\n|turn|9\n|\n|t:|1697709068\n|move|p1a: Arceus|Swords Dance|p1a: Arceus\n|-boost|p1a: Arceus|atk|2\n|move|p2a: Kyogre|Ice Beam|p1a: Arceus\n|-damage|p1a: Arceus|33\/100\n|\n|-weather|RainDance|[upkeep]\n|upkeep\n|turn|10\n|\n|t:|1697709073\n|move|p1a: Arceus|Extreme Speed|p2a: Kyogre\n|-crit|p2a: Kyogre\n|-damage|p2a: Kyogre|0 fnt\n|faint|p2a: Kyogre\n|\n|-weather|none\n|upkeep\n|\n|t:|1697709081\n|switch|p2a: Koraidon|Koraidon|100\/100\n|-activate|p2a: Koraidon|move: Sticky Web\n|-unboost|p2a: Koraidon|spe|1\n|-weather|SunnyDay|[from] ability: Orichalcum Pulse|[of] p2a: Koraidon\n|-activate|p2a: Koraidon|Orichalcum Pulse|[source]\n|turn|11\n|\n|t:|1697709090\n|move|p1a: Arceus|Extreme Speed|p2a: Koraidon\n|-damage|p2a: Koraidon|1\/100\n|move|p2a: Koraidon|Dragon Claw|p1a: Arceus\n|-damage|p1a: Arceus|0 fnt\n|faint|p1a: Arceus\n|\n|-weather|SunnyDay|[upkeep]\n|upkeep\n|c|\u2606sel la baleine|litt\u00e9ral 1\n|\n|t:|1697709101\n|switch|p1a: Koraidon|Koraidon|100\/100\n|-activate|p1a: Koraidon|ability: Orichalcum Pulse\n|turn|12\n|c|\u2606sel la baleine|je serre mon cr\u00e2ne\n|c|\u2606sel la baleine|je sais pas si j'ai luck ou si c'est toi qui a highroll\n|c|\u2606sel la baleine|pour moi \u00e7a tuait jamais\n|\n|t:|1697709121\n|move|p1a: Koraidon|U-turn|p2a: Koraidon\n|-resisted|p2a: Koraidon\n|-damage|p2a: Koraidon|0 fnt\n|faint|p2a: Koraidon\n|c|\u2606puissance du feu|Non jai high roll\n|c|\u2606sel la baleine|ah\n|c|\u2606puissance du feu|Mais cest bln tas eu trop de chace\n|c|\u2606sel la baleine|oui\n|\n|t:|1697709142\n|switch|p1a: Miraidon|Miraidon|100\/100|[from] U-turn\n|-fieldstart|move: Electric Terrain|[from] ability: Hadron Engine|[of] p1a: Miraidon\n|\n|-weather|SunnyDay|[upkeep]\n|upkeep\n|c|\u2606sel la baleine|si tu win c'est beau\n|\n|t:|1697709154\n|switch|p2a: Ditto|Ditto|100\/100\n|-activate|p2a: Ditto|move: Sticky Web\n|-unboost|p2a: Ditto|spe|1\n|-transform|p2a: Ditto|p1a: Miraidon|[from] ability: Imposter\n|-activate|p2a: Ditto|ability: Hadron Engine\n|turn|13\n|\n|t:|1697709158\n|-terastallize|p1a: Miraidon|Electric\n|move|p2a: Ditto|Volt Switch|p1a: Miraidon\n|-resisted|p1a: Miraidon\n|-damage|p1a: Miraidon|73\/100\n|\n|t:|1697709174\n|switch|p2a: Regieleki|Regieleki|100\/100|[from] Volt Switch\n|move|p1a: Miraidon|Draco Meteor|p2a: Regieleki\n|-damage|p2a: Regieleki|0 fnt\n|-unboost|p1a: Miraidon|spa|2\n|faint|p2a: Regieleki\n|\n|-weather|SunnyDay|[upkeep]\n|-heal|p1a: Miraidon|79\/100|[from] item: Leftovers\n|upkeep\n|\n|t:|1697709178\n|switch|p2a: Arceus|Arceus-Steel, shiny|100\/100\n|-activate|p2a: Arceus|move: Sticky Web\n|-unboost|p2a: Arceus|spe|1\n|turn|14\n|\n|t:|1697709184\n|move|p1a: Miraidon|Volt Switch|p2a: Arceus\n|-damage|p2a: Arceus|70\/100\n|\n|t:|1697709187\n|switch|p1a: Giratina|Giratina-Origin|17\/100|[from] Volt Switch\n|move|p2a: Arceus|Judgment|p1a: Giratina\n|-damage|p1a: Giratina|0 fnt\n|faint|p1a: Giratina\n|\n|-weather|SunnyDay|[upkeep]\n|upkeep\n|\n|t:|1697709206\n|switch|p1a: Miraidon|Miraidon, tera:Electric|79\/100\n|-activate|p1a: Miraidon|ability: Hadron Engine\n|turn|15\n|\n|t:|1697709220\n|switch|p2a: Ditto|Ditto|100\/100\n|-activate|p2a: Ditto|move: Sticky Web\n|-unboost|p2a: Ditto|spe|1\n|-transform|p2a: Ditto|p1a: Miraidon|[from] ability: Imposter\n|-activate|p2a: Ditto|ability: Hadron Engine\n|move|p1a: Miraidon|Electro Drift|p2a: Ditto\n|-resisted|p2a: Ditto\n|-damage|p2a: Ditto|71\/100\n|\n|-weather|none\n|-heal|p1a: Miraidon|86\/100|[from] item: Leftovers\n|upkeep\n|turn|16\n|\n|t:|1697709233\n|move|p2a: Ditto|Draco Meteor|p1a: Miraidon\n|-damage|p1a: Miraidon|7\/100\n|-unboost|p2a: Ditto|spa|2\n|move|p1a: Miraidon|Volt Switch|p2a: Ditto\n|-resisted|p2a: Ditto\n|-damage|p2a: Ditto|48\/100\n|\n|t:|1697709240\n|switch|p1a: Koraidon|Koraidon|100\/100|[from] Volt Switch\n|-weather|SunnyDay|[from] ability: Orichalcum Pulse|[of] p1a: Koraidon\n|-activate|p1a: Koraidon|Orichalcum Pulse|[source]\n|\n|-weather|SunnyDay|[upkeep]\n|-fieldend|move: Electric Terrain\n|upkeep\n|turn|17\n|c|\u2606puissance du feu|Ca va encore etre une question de chance\n|\n|t:|1697709270\n|switch|p2a: Arceus|Arceus-Steel, shiny|70\/100\n|-activate|p2a: Arceus|move: Sticky Web\n|-unboost|p2a: Arceus|spe|1\n|move|p1a: Koraidon|U-turn|p2a: Arceus\n|-resisted|p2a: Arceus\n|-damage|p2a: Arceus|58\/100\n|\n|t:|1697709272\n|switch|p1a: Miraidon|Miraidon, tera:Electric|7\/100|[from] U-turn\n|-fieldstart|move: Electric Terrain|[from] ability: Hadron Engine|[of] p1a: Miraidon\n|\n|-weather|SunnyDay|[upkeep]\n|-heal|p1a: Miraidon|13\/100|[from] item: Leftovers\n|upkeep\n|turn|18\n|\n|t:|1697709284\n|move|p1a: Miraidon|Electro Drift|p2a: Arceus\n|-damage|p2a: Arceus|0 fnt\n|faint|p2a: Arceus\n|\n|-weather|SunnyDay|[upkeep]\n|-heal|p1a: Miraidon|20\/100|[from] item: Leftovers\n|upkeep\n|\n|t:|1697709288\n|switch|p2a: Ditto|Ditto|48\/100\n|-activate|p2a: Ditto|move: Sticky Web\n|-unboost|p2a: Ditto|spe|1\n|-transform|p2a: Ditto|p1a: Miraidon|[from] ability: Imposter\n|-activate|p2a: Ditto|ability: Hadron Engine\n|turn|19\n|\n|t:|1697709292\n|move|p2a: Ditto|Draco Meteor|p1a: Miraidon\n|-damage|p1a: Miraidon|0 fnt\n|-unboost|p2a: Ditto|spa|2\n|faint|p1a: Miraidon\n|\n|-weather|SunnyDay|[upkeep]\n|upkeep\n|\n|t:|1697709297\n|switch|p1a: Koraidon|Koraidon|100\/100\n|-activate|p1a: Koraidon|ability: Orichalcum Pulse\n|turn|20\n|\n|t:|1697709301\n|move|p2a: Ditto|Draco Meteor|p1a: Koraidon\n|-supereffective|p1a: Koraidon\n|-damage|p1a: Koraidon|12\/100\n|-unboost|p2a: Ditto|spa|2\n|move|p1a: Koraidon|Outrage|p2a: Ditto\n|-supereffective|p2a: Ditto\n|-damage|p2a: Ditto|0 fnt\n|faint|p2a: Ditto\n|\n|win|puissance du feu\n|raw|puissance du feu's rating: 1532 &rarr; <strong>1550<\/strong><br \/>(+18 for winning)\n|raw|sel la baleine's rating: 1502 &rarr; <strong>1484<\/strong><br \/>(-18 for losing)\n|c|\u2606puissance du feu|Wow\n|c|\u2606sel la baleine|gg\n|c|\u2606sel la baleine|je pensais que \u00e7a tuait\n|c|\u2606puissance du feu|Tas eu dela chance jusqua la fin\n|c|\u2606puissance du feu|Gg\n|c|\u2606sel la baleine|t'es investi en hp ?\n|c|\u2606puissance du feu|Non\n|c|\u2606sel la baleine|mec wtf\n|c|\u2606sel la baleine|j'avais perdu une game comme \u00e7a\n|c|\u2606puissance du feu|Peut etre quil etait specs\n","uploadtime":1697709347,"views":9,"p1id":"puissancedufeu","p2id":"sellabaleine","formatid":"gen9ubers","rating":1484,"private":0,"password":""}