{"id":"gen9ubers-1974191284","p1":"Sundaeeeeee","p2":"Happypottile","format":"[Gen 9] Ubers","log":"|j|\u2606Sundaeeeeee\n|j|\u2606Happypottile\n|t:|1698066810\n|gametype|singles\n|player|p1|Sundaeeeeee|dragontamer|1151\n|player|p2|Happypottile|ash-sinnoh|1127\n|teamsize|p1|6\n|teamsize|p2|6\n|gen|9\n|tier|[Gen 9] Ubers\n|rated|\n|rule|Sleep Clause Mod: Limit one foe put to sleep\n|rule|Species Clause: Limit one of each Pok\u00e9mon\n|rule|OHKO Clause: OHKO moves are banned\n|rule|Evasion Items Clause: Evasion items are banned\n|rule|Evasion Moves Clause: Evasion moves are banned\n|rule|Endless Battle Clause: Forcing endless battles is banned\n|rule|HP Percentage Mod: HP is shown in percentages\n|clearpoke\n|poke|p1|Volcarona, F|\n|poke|p1|Baxcalibur, M|\n|poke|p1|Annihilape, M|\n|poke|p1|Ribombee, F|\n|poke|p1|Ninetales-Alola, F|\n|poke|p1|Miraidon|\n|poke|p2|Ursaluna-Bloodmoon, M|\n|poke|p2|Gholdengo|\n|poke|p2|Dragonite, M|\n|poke|p2|Ogerpon-Hearthflame, F|\n|poke|p2|Iron Bundle|\n|poke|p2|Rillaboom, M|\n|teampreview\n|inactive|Battle timer is ON: inactive players will automatically lose when time's up. (requested by Happypottile)\n|inactive|Sundaeeeeee also wants the timer to be on.\n|inactive|Happypottile has 120 seconds left.\n|inactive|Happypottile has 90 seconds left.\n|\n|t:|1698066893\n|start\n|switch|p1a: Ribombee|Ribombee, F, shiny|100\/100\n|switch|p2a: Dragonite|Dragonite, M|100\/100\n|turn|1\n|\n|t:|1698066901\n|switch|p2a: Rillaboom|Rillaboom, M|100\/100\n|-fieldstart|move: Grassy Terrain|[from] ability: Grassy Surge|[of] p2a: Rillaboom\n|-enditem|p2a: Rillaboom|Grassy Seed\n|-boost|p2a: Rillaboom|def|1|[from] item: Grassy Seed\n|move|p1a: Ribombee|Sticky Web|p2a: Rillaboom\n|-sidestart|p2: Happypottile|move: Sticky Web\n|\n|upkeep\n|turn|2\n|\n|t:|1698066906\n|move|p2a: Rillaboom|Grassy Glide|p1a: Ribombee\n|-resisted|p1a: Ribombee\n|-damage|p1a: Ribombee|58\/100\n|move|p1a: Ribombee|U-turn|p2a: Rillaboom\n|-supereffective|p2a: Rillaboom\n|-damage|p2a: Rillaboom|83\/100\n|\n|t:|1698066916\n|switch|p1a: Volcarona|Volcarona, F, shiny|100\/100|[from] U-turn\n|\n|-heal|p2a: Rillaboom|89\/100|[from] Grassy Terrain\n|upkeep\n|turn|3\n|\n|t:|1698066923\n|-terastallize|p2a: Rillaboom|Rock\n|move|p1a: Volcarona|Quiver Dance|p1a: Volcarona\n|-boost|p1a: Volcarona|spa|1\n|-boost|p1a: Volcarona|spd|1\n|-boost|p1a: Volcarona|spe|1\n|move|p2a: Rillaboom|Tera Blast|p1a: Volcarona|[anim] Tera Blast Rock\n|-supereffective|p1a: Volcarona\n|-damage|p1a: Volcarona|0 fnt\n|faint|p1a: Volcarona\n|\n|-heal|p2a: Rillaboom|95\/100|[from] Grassy Terrain\n|upkeep\n|\n|t:|1698066939\n|switch|p1a: Annihilape|Annihilape, M|100\/100\n|turn|4\n|\n|t:|1698066944\n|switch|p2a: Gholdengo|Gholdengo|100\/100\n|-activate|p2a: Gholdengo|move: Sticky Web\n|-unboost|p2a: Gholdengo|spe|1\n|move|p1a: Annihilape|Drain Punch|p2a: Gholdengo\n|-immune|p2a: Gholdengo\n|\n|upkeep\n|turn|5\n|\n|t:|1698066948\n|move|p1a: Annihilape|Bulk Up|p1a: Annihilape\n|-boost|p1a: Annihilape|atk|1\n|-boost|p1a: Annihilape|def|1\n|move|p2a: Gholdengo|Shadow Ball|p1a: Annihilape\n|-supereffective|p1a: Annihilape\n|-damage|p1a: Annihilape|12\/100\n|-enditem|p1a: Annihilape|Sitrus Berry|[eat]\n|-heal|p1a: Annihilape|37\/100|[from] item: Sitrus Berry\n|\n|-heal|p1a: Annihilape|43\/100|[from] Grassy Terrain\n|-fieldend|move: Grassy Terrain\n|upkeep\n|turn|6\n|\n|t:|1698066955\n|move|p1a: Annihilape|Rage Fist|p2a: Gholdengo\n|-supereffective|p2a: Gholdengo\n|-damage|p2a: Gholdengo|0 fnt\n|faint|p2a: Gholdengo\n|\n|upkeep\n|inactive|Happypottile has 120 seconds left.\n|\n|t:|1698066985\n|switch|p2a: Dragonite|Dragonite, M|100\/100\n|turn|7\n|\n|t:|1698066991\n|move|p2a: Dragonite|Dragon Dance|p2a: Dragonite\n|-boost|p2a: Dragonite|atk|1\n|-boost|p2a: Dragonite|spe|1\n|move|p1a: Annihilape|Rage Fist|p2a: Dragonite\n|-damage|p2a: Dragonite|64\/100\n|-damage|p1a: Annihilape|27\/100|[from] item: Rocky Helmet|[of] p2a: Dragonite\n|\n|upkeep\n|turn|8\n|\n|t:|1698066998\n|move|p2a: Dragonite|Roost|p2a: Dragonite\n|-heal|p2a: Dragonite|100\/100\n|-singleturn|p2a: Dragonite|move: Roost\n|move|p1a: Annihilape|Ice Punch|p2a: Dragonite\n|-supereffective|p2a: Dragonite\n|-damage|p2a: Dragonite|60\/100\n|-damage|p1a: Annihilape|10\/100|[from] item: Rocky Helmet|[of] p2a: Dragonite\n|\n|upkeep\n|turn|9\n|\n|t:|1698067008\n|move|p2a: Dragonite|Earthquake|p1a: Annihilape\n|-damage|p1a: Annihilape|0 fnt\n|faint|p1a: Annihilape\n|\n|upkeep\n|\n|t:|1698067014\n|switch|p1a: Miraidon|Miraidon|100\/100\n|-fieldstart|move: Electric Terrain|[from] ability: Hadron Engine|[of] p1a: Miraidon\n|turn|10\n|\n|t:|1698067029\n|move|p2a: Dragonite|Extreme Speed|p1a: Miraidon\n|-damage|p1a: Miraidon|57\/100\n|move|p1a: Miraidon|Draco Meteor|p2a: Dragonite\n|-supereffective|p2a: Dragonite\n|-damage|p2a: Dragonite|0 fnt\n|-unboost|p1a: Miraidon|spa|2\n|-enditem|p1a: Miraidon|White Herb\n|-clearnegativeboost|p1a: Miraidon|[silent]\n|faint|p2a: Dragonite\n|\n|upkeep\n|\n|t:|1698067037\n|switch|p2a: Iron Bundle|Iron Bundle|100\/100\n|-activate|p2a: Iron Bundle|move: Sticky Web\n|-unboost|p2a: Iron Bundle|spe|1\n|-activate|p2a: Iron Bundle|ability: Quark Drive\n|-start|p2a: Iron Bundle|quarkdrivespa\n|turn|11\n|\n|t:|1698067050\n|-end|p2a: Iron Bundle|Quark Drive|[silent]\n|switch|p2a: Ursaluna|Ursaluna-Bloodmoon, M|100\/100\n|-activate|p2a: Ursaluna|move: Sticky Web\n|-unboost|p2a: Ursaluna|spe|1\n|move|p1a: Miraidon|Overheat|p2a: Ursaluna\n|-damage|p2a: Ursaluna|58\/100\n|-unboost|p1a: Miraidon|spa|2\n|\n|upkeep\n|turn|12\n|\n|t:|1698067066\n|move|p1a: Miraidon|Flash Cannon|p2a: Ursaluna\n|-damage|p2a: Ursaluna|42\/100\n|move|p2a: Ursaluna|Earth Power|p1a: Miraidon\n|-supereffective|p1a: Miraidon\n|-damage|p1a: Miraidon|0 fnt\n|faint|p1a: Miraidon\n|\n|upkeep\n|\n|t:|1698067081\n|switch|p1a: Baxcalibur|Baxcalibur, M|100\/100\n|turn|13\n|\n|t:|1698067090\n|-terastallize|p1a: Baxcalibur|Ice\n|move|p2a: Ursaluna|Vacuum Wave|p1a: Baxcalibur\n|-supereffective|p1a: Baxcalibur\n|-damage|p1a: Baxcalibur|70\/100\n|move|p1a: Baxcalibur|Icicle Spear|p2a: Ursaluna\n|-supereffective|p2a: Ursaluna\n|-damage|p2a: Ursaluna|16\/100\n|-supereffective|p2a: Ursaluna\n|-damage|p2a: Ursaluna|0 fnt\n|faint|p2a: Ursaluna\n|-hitcount|p2: Ursaluna|2\n|\n|upkeep\n|\n|t:|1698067099\n|switch|p2a: Rillaboom|Rillaboom, M, tera:Rock|95\/100\n|-activate|p2a: Rillaboom|move: Sticky Web\n|-unboost|p2a: Rillaboom|spe|1\n|-fieldstart|move: Grassy Terrain|[from] ability: Grassy Surge|[of] p2a: Rillaboom\n|turn|14\n|l|\u2606Sundaeeeeee\n|inactive|Sundaeeeeee disconnected and has a minute to reconnect!\n|player|p1|\n|j|\u2606Sundaeeeeee\n|inactive|Sundaeeeeee reconnected and has 115 seconds left.\n|player|p1|Sundaeeeeee|dragontamer\n|\n|t:|1698067134\n|move|p2a: Rillaboom|Grassy Glide|p1a: Baxcalibur\n|-damage|p1a: Baxcalibur|29\/100\n|move|p1a: Baxcalibur|Glaive Rush|p2a: Rillaboom\n|-damage|p2a: Rillaboom|25\/100\n|-singlemove|p1a: Baxcalibur|Glaive Rush|[silent]\n|\n|-heal|p1a: Baxcalibur|35\/100|[from] Grassy Terrain\n|-heal|p2a: Rillaboom|31\/100|[from] Grassy Terrain\n|upkeep\n|turn|15\n|\n|t:|1698067144\n|move|p2a: Rillaboom|Grassy Glide|p1a: Baxcalibur\n|-damage|p1a: Baxcalibur|0 fnt\n|faint|p1a: Baxcalibur\n|\n|-heal|p2a: Rillaboom|37\/100|[from] Grassy Terrain\n|upkeep\n|\n|t:|1698067148\n|switch|p1a: Ninetales|Ninetales-Alola, F, shiny|100\/100\n|-weather|Snow|[from] ability: Snow Warning|[of] p1a: Ninetales\n|turn|16\n|inactive|Sundaeeeeee has 120 seconds left.\n|\n|t:|1698067155\n|move|p2a: Rillaboom|Grassy Glide|p1a: Ninetales\n|-damage|p1a: Ninetales|60\/100\n|move|p1a: Ninetales|Moonblast|p2a: Rillaboom\n|-damage|p2a: Rillaboom|0 fnt\n|faint|p2a: Rillaboom\n|\n|-weather|Snow|[upkeep]\n|-heal|p1a: Ninetales|66\/100|[from] Grassy Terrain\n|upkeep\n|\n|t:|1698067167\n|switch|p2a: Ogerpon|Ogerpon-Hearthflame, F|100\/100\n|-activate|p2a: Ogerpon|move: Sticky Web\n|-unboost|p2a: Ogerpon|spe|1\n|-ability|p2a: Ogerpon|Mold Breaker\n|turn|17\n|\n|t:|1698067170\n|move|p1a: Ninetales|Blizzard|p2a: Ogerpon\n|-damage|p2a: Ogerpon|40\/100\n|move|p2a: Ogerpon|Ivy Cudgel|p1a: Ninetales\n|-supereffective|p1a: Ninetales\n|-damage|p1a: Ninetales|0 fnt\n|faint|p1a: Ninetales\n|\n|-weather|Snow|[upkeep]\n|-heal|p2a: Ogerpon|46\/100|[from] Grassy Terrain\n|upkeep\n|\n|t:|1698067175\n|switch|p1a: Ribombee|Ribombee, F, shiny|58\/100\n|turn|18\n|\n|t:|1698067180\n|move|p1a: Ribombee|Moonblast|p2a: Ogerpon\n|-resisted|p2a: Ogerpon\n|-damage|p2a: Ogerpon|21\/100\n|-unboost|p2a: Ogerpon|spa|1\n|move|p2a: Ogerpon|Ivy Cudgel|p1a: Ribombee\n|-supereffective|p1a: Ribombee\n|-damage|p1a: Ribombee|0 fnt\n|faint|p1a: Ribombee\n|\n|win|Happypottile\n|raw|Sundaeeeeee's rating: 1151 &rarr; <strong>1124<\/strong><br \/>(-27 for losing)\n|raw|Happypottile's rating: 1127 &rarr; <strong>1154<\/strong><br \/>(+27 for winning)\n|l|\u2606Sundaeeeeee\n|c|\u2606Happypottile|Gg\n","uploadtime":1698067191,"views":17,"p1id":"sundaeeeeee","p2id":"happypottile","formatid":"gen9ubers","rating":1124,"private":0,"password":""}