{"id":"gen9ubers-1975473800","p1":"Bradofax","p2":"Deriverse","format":"[Gen 9] Ubers","log":"|j|\u2606Bradofax\n|j|\u2606Deriverse\n|t:|1698195176\n|gametype|singles\n|player|p1|Bradofax|1|1138\n|player|p2|Deriverse|roxanne|1240\n|teamsize|p1|6\n|teamsize|p2|6\n|gen|9\n|tier|[Gen 9] Ubers\n|rated|\n|rule|Sleep Clause Mod: Limit one foe put to sleep\n|rule|Species Clause: Limit one of each Pok\u00e9mon\n|rule|OHKO Clause: OHKO moves are banned\n|rule|Evasion Items Clause: Evasion items are banned\n|rule|Evasion Moves Clause: Evasion moves are banned\n|rule|Endless Battle Clause: Forcing endless battles is banned\n|rule|HP Percentage Mod: HP is shown in percentages\n|clearpoke\n|poke|p1|Groudon|\n|poke|p1|Koraidon|\n|poke|p1|Skeledirge, M|\n|poke|p1|Corviknight, M|\n|poke|p1|Flutter Mane|\n|poke|p1|Kyogre|\n|poke|p2|Shaymin-Sky|\n|poke|p2|Flutter Mane|\n|poke|p2|Groudon|\n|poke|p2|Palafin, M|\n|poke|p2|Ribombee, F|\n|poke|p2|Great Tusk|\n|teampreview\n|inactive|Battle timer is ON: inactive players will automatically lose when time's up. (requested by Deriverse)\n|\n|t:|1698195188\n|start\n|switch|p1a: Groudon|Groudon|100\/100\n|switch|p2a: Palafin|Palafin, M|100\/100\n|-weather|SunnyDay|[from] ability: Drought|[of] p1a: Groudon\n|turn|1\n|\n|t:|1698195197\n|move|p2a: Palafin|Flip Turn|p1a: Groudon\n|-supereffective|p1a: Groudon\n|-damage|p1a: Groudon|91\/100\n|\n|t:|1698195202\n|detailschange|p2a: Palafin|Palafin-Hero, M\n|switch|p2a: Great Tusk|Great Tusk|100\/100|[from] Flip Turn\n|-activate|p2a: Great Tusk|ability: Protosynthesis\n|-start|p2a: Great Tusk|protosynthesisatk\n|move|p1a: Groudon|Stealth Rock|p2a: Great Tusk\n|-sidestart|p2: Deriverse|move: Stealth Rock\n|\n|-weather|SunnyDay|[upkeep]\n|-heal|p1a: Groudon|97\/100|[from] item: Leftovers\n|upkeep\n|turn|2\n|\n|t:|1698195219\n|move|p1a: Groudon|Precipice Blades|p2a: Great Tusk\n|-damage|p2a: Great Tusk|67\/100\n|move|p2a: Great Tusk|Headlong Rush|p1a: Groudon\n|-damage|p1a: Groudon|61\/100\n|-unboost|p2a: Great Tusk|def|1\n|-unboost|p2a: Great Tusk|spd|1\n|\n|-weather|SunnyDay|[upkeep]\n|-heal|p1a: Groudon|67\/100|[from] item: Leftovers\n|upkeep\n|turn|3\n|\n|t:|1698195242\n|switch|p1a: Corviknight|Corviknight, M|100\/100\n|-ability|p1a: Corviknight|Pressure\n|move|p2a: Great Tusk|Knock Off|p1a: Corviknight\n|-damage|p1a: Corviknight|72\/100\n|-enditem|p1a: Corviknight|Leftovers|[from] move: Knock Off|[of] p2a: Great Tusk\n|\n|-weather|SunnyDay|[upkeep]\n|upkeep\n|turn|4\n|inactive|Bradofax has 120 seconds left.\n|\n|t:|1698195258\n|move|p2a: Great Tusk|Rapid Spin|p1a: Corviknight\n|-resisted|p1a: Corviknight\n|-damage|p1a: Corviknight|64\/100\n|-boost|p2a: Great Tusk|spe|1\n|-sideend|p2: Deriverse|Stealth Rock|[from] move: Rapid Spin|[of] p2a: Great Tusk\n|move|p1a: Corviknight|U-turn|p2a: Great Tusk\n|-resisted|p2a: Great Tusk\n|-damage|p2a: Great Tusk|61\/100\n|inactive|Bradofax has 120 seconds left.\n|\n|t:|1698195272\n|switch|p1a: Kyogre|Kyogre|100\/100|[from] U-turn\n|-weather|RainDance|[from] ability: Drizzle|[of] p1a: Kyogre\n|-end|p2a: Great Tusk|Protosynthesis\n|\n|-weather|RainDance|[upkeep]\n|upkeep\n|turn|5\n|inactive|Bradofax has 120 seconds left.\n|\n|t:|1698195279\n|move|p2a: Great Tusk|Headlong Rush|p1a: Kyogre\n|-damage|p1a: Kyogre|55\/100\n|-unboost|p2a: Great Tusk|def|1\n|-unboost|p2a: Great Tusk|spd|1\n|move|p1a: Kyogre|Calm Mind|p1a: Kyogre\n|-boost|p1a: Kyogre|spa|1\n|-boost|p1a: Kyogre|spd|1\n|\n|-weather|RainDance|[upkeep]\n|-heal|p1a: Kyogre|61\/100|[from] item: Leftovers\n|upkeep\n|turn|6\n|inactive|Bradofax has 120 seconds left.\n|\n|t:|1698195290\n|move|p2a: Great Tusk|Knock Off|p1a: Kyogre\n|-damage|p1a: Kyogre|38\/100\n|-enditem|p1a: Kyogre|Leftovers|[from] move: Knock Off|[of] p2a: Great Tusk\n|move|p1a: Kyogre|Surf|p2a: Great Tusk\n|-supereffective|p2a: Great Tusk\n|-damage|p2a: Great Tusk|0 fnt\n|faint|p2a: Great Tusk\n|-end|p2a: Great Tusk|Protosynthesis|[silent]\n|\n|-weather|RainDance|[upkeep]\n|upkeep\n|\n|t:|1698195296\n|switch|p2a: Groudon|Groudon|100\/100\n|-weather|SunnyDay|[from] ability: Drought|[of] p2a: Groudon\n|turn|7\n|\n|t:|1698195303\n|move|p1a: Kyogre|Surf|p2a: Groudon\n|-supereffective|p2a: Groudon\n|-damage|p2a: Groudon|43\/100\n|move|p2a: Groudon|Precipice Blades|p1a: Kyogre\n|-damage|p1a: Kyogre|0 fnt\n|faint|p1a: Kyogre\n|\n|-weather|SunnyDay|[upkeep]\n|upkeep\n|\n|t:|1698195316\n|switch|p1a: Groudon|Groudon|67\/100\n|turn|8\n|\n|t:|1698195324\n|move|p1a: Groudon|Precipice Blades|p2a: Groudon\n|-damage|p2a: Groudon|6\/100\n|move|p2a: Groudon|Precipice Blades|p1a: Groudon\n|-damage|p1a: Groudon|27\/100\n|\n|-weather|SunnyDay|[upkeep]\n|-heal|p1a: Groudon|33\/100|[from] item: Leftovers\n|upkeep\n|turn|9\n|\n|t:|1698195336\n|move|p1a: Groudon|Precipice Blades|p2a: Groudon|[miss]\n|-miss|p1a: Groudon|p2a: Groudon\n|move|p2a: Groudon|Precipice Blades|p1a: Groudon\n|-damage|p1a: Groudon|0 fnt\n|faint|p1a: Groudon\n|\n|-weather|SunnyDay|[upkeep]\n|upkeep\n|\n|t:|1698195347\n|switch|p1a: Koraidon|Koraidon|100\/100\n|-activate|p1a: Koraidon|ability: Orichalcum Pulse\n|turn|10\n|\n|t:|1698195361\n|move|p1a: Koraidon|Low Kick|p2a: Groudon\n|-damage|p2a: Groudon|0 fnt\n|faint|p2a: Groudon\n|\n|-weather|SunnyDay|[upkeep]\n|upkeep\n|\n|t:|1698195364\n|switch|p2a: Ribombee|Ribombee, F|100\/100\n|turn|11\n|\n|t:|1698195370\n|move|p1a: Koraidon|Low Kick|p2a: Ribombee\n|-resisted|p2a: Ribombee\n|-damage|p2a: Ribombee|93\/100\n|move|p2a: Ribombee|Stun Spore|p1a: Koraidon\n|-status|p1a: Koraidon|par\n|\n|-weather|SunnyDay|[upkeep]\n|upkeep\n|turn|12\n|\n|t:|1698195380\n|switch|p1a: Flutter Mane|Flutter Mane|100\/100\n|-activate|p1a: Flutter Mane|ability: Protosynthesis\n|-start|p1a: Flutter Mane|protosynthesisspe\n|move|p2a: Ribombee|Sticky Web|p1a: Flutter Mane\n|-sidestart|p1: Bradofax|move: Sticky Web\n|\n|-weather|SunnyDay|[upkeep]\n|upkeep\n|turn|13\n|\n|t:|1698195389\n|move|p1a: Flutter Mane|Mystical Fire|p2a: Ribombee\n|-supereffective|p2a: Ribombee\n|-damage|p2a: Ribombee|0 fnt\n|faint|p2a: Ribombee\n|\n|-weather|SunnyDay|[upkeep]\n|upkeep\n|\n|t:|1698195397\n|switch|p2a: Shaymin|Shaymin-Sky|100\/100\n|turn|14\n|\n|t:|1698195412\n|move|p1a: Flutter Mane|Mystical Fire|p2a: Shaymin\n|-supereffective|p2a: Shaymin\n|-damage|p2a: Shaymin|0 fnt\n|faint|p2a: Shaymin\n|\n|-weather|none\n|-end|p1a: Flutter Mane|Protosynthesis\n|upkeep\n|\n|t:|1698195416\n|switch|p2a: Palafin|Palafin-Hero, M|100\/100\n|-activate|p2a: Palafin|ability: Zero to Hero\n|turn|15\n|\n|t:|1698195424\n|-end|p1a: Flutter Mane|Protosynthesis|[silent]\n|switch|p1a: Corviknight|Corviknight, M|64\/100\n|-ability|p1a: Corviknight|Pressure\n|move|p2a: Palafin|Bulk Up|p2a: Palafin\n|-boost|p2a: Palafin|atk|1\n|-boost|p2a: Palafin|def|1\n|\n|upkeep\n|turn|16\n|\n|t:|1698195436\n|move|p2a: Palafin|Drain Punch|p1a: Corviknight\n|-damage|p1a: Corviknight|33\/100\n|move|p1a: Corviknight|Body Press|p2a: Palafin\n|-damage|p2a: Palafin|86\/100\n|\n|upkeep\n|turn|17\n|\n|t:|1698195443\n|move|p2a: Palafin|Drain Punch|p1a: Corviknight\n|-damage|p1a: Corviknight|0 fnt\n|-heal|p2a: Palafin|100\/100|[from] drain|[of] p1a: Corviknight\n|faint|p1a: Corviknight\n|\n|upkeep\n|\n|t:|1698195450\n|switch|p1a: Skeledirge|Skeledirge, M|100\/100\n|turn|18\n|\n|t:|1698195457\n|-terastallize|p1a: Skeledirge|Fairy\n|move|p2a: Palafin|Jet Punch|p1a: Skeledirge\n|-damage|p1a: Skeledirge|76\/100\n|move|p1a: Skeledirge|Will-O-Wisp|p2a: Palafin|[miss]\n|-miss|p1a: Skeledirge|p2a: Palafin\n|\n|upkeep\n|turn|19\n|\n|t:|1698195467\n|switch|p2a: Flutter Mane|Flutter Mane|100\/100\n|move|p1a: Skeledirge|Will-O-Wisp|p2a: Flutter Mane\n|-status|p2a: Flutter Mane|brn\n|\n|-damage|p2a: Flutter Mane|95\/100 brn|[from] brn\n|upkeep\n|turn|20\n|\n|t:|1698195479\n|move|p2a: Flutter Mane|Substitute|p2a: Flutter Mane\n|-start|p2a: Flutter Mane|Substitute\n|-damage|p2a: Flutter Mane|70\/100 brn\n|move|p1a: Skeledirge|Hex|p2a: Flutter Mane\n|-supereffective|p2a: Flutter Mane\n|-end|p2a: Flutter Mane|Substitute\n|\n|-heal|p2a: Flutter Mane|76\/100 brn|[from] item: Leftovers\n|-damage|p2a: Flutter Mane|70\/100 brn|[from] brn\n|upkeep\n|turn|21\n|\n|t:|1698195489\n|move|p2a: Flutter Mane|Moonblast|p1a: Skeledirge\n|-damage|p1a: Skeledirge|26\/100\n|-unboost|p1a: Skeledirge|spa|1\n|move|p1a: Skeledirge|Hex|p2a: Flutter Mane\n|-supereffective|p2a: Flutter Mane\n|-damage|p2a: Flutter Mane|0 fnt\n|faint|p2a: Flutter Mane\n|-end|p2a: Flutter Mane|Protosynthesis|[silent]\n|\n|upkeep\n|\n|t:|1698195495\n|switch|p2a: Palafin|Palafin-Hero, M|100\/100\n|turn|22\n|\n|t:|1698195504\n|move|p2a: Palafin|Jet Punch|p1a: Skeledirge\n|-damage|p1a: Skeledirge|0 fnt\n|faint|p1a: Skeledirge\n|\n|upkeep\n|\n|t:|1698195520\n|switch|p1a: Koraidon|Koraidon|100\/100 par\n|-activate|p1a: Koraidon|move: Sticky Web\n|-unboost|p1a: Koraidon|spe|1\n|-weather|SunnyDay|[from] ability: Orichalcum Pulse|[of] p1a: Koraidon\n|-activate|p1a: Koraidon|Orichalcum Pulse|[source]\n|turn|23\n|\n|t:|1698195531\n|-terastallize|p2a: Palafin|Fairy\n|move|p2a: Palafin|Bulk Up|p2a: Palafin\n|-boost|p2a: Palafin|atk|1\n|-boost|p2a: Palafin|def|1\n|move|p1a: Koraidon|Low Kick|p2a: Palafin\n|-resisted|p2a: Palafin\n|-damage|p2a: Palafin|84\/100\n|\n|-weather|SunnyDay|[upkeep]\n|upkeep\n|turn|24\n|\n|t:|1698195543\n|switch|p1a: Flutter Mane|Flutter Mane|100\/100\n|-activate|p1a: Flutter Mane|move: Sticky Web\n|-unboost|p1a: Flutter Mane|spe|1\n|-activate|p1a: Flutter Mane|ability: Protosynthesis\n|-start|p1a: Flutter Mane|protosynthesisspa\n|move|p2a: Palafin|Drain Punch|p1a: Flutter Mane\n|-immune|p1a: Flutter Mane\n|\n|-weather|SunnyDay|[upkeep]\n|upkeep\n|turn|25\n|\n|t:|1698195563\n|move|p2a: Palafin|Jet Punch|p1a: Flutter Mane\n|-damage|p1a: Flutter Mane|32\/100\n|move|p1a: Flutter Mane|Mystical Fire|p2a: Palafin\n|-damage|p2a: Palafin|7\/100\n|-unboost|p2a: Palafin|spa|1\n|\n|-weather|SunnyDay|[upkeep]\n|upkeep\n|turn|26\n|\n|t:|1698195572\n|move|p2a: Palafin|Jet Punch|p1a: Flutter Mane\n|-damage|p1a: Flutter Mane|0 fnt\n|faint|p1a: Flutter Mane\n|-end|p1a: Flutter Mane|Protosynthesis|[silent]\n|\n|-weather|SunnyDay|[upkeep]\n|upkeep\n|\n|t:|1698195578\n|switch|p1a: Koraidon|Koraidon|100\/100 par\n|-activate|p1a: Koraidon|move: Sticky Web\n|-unboost|p1a: Koraidon|spe|1\n|-activate|p1a: Koraidon|ability: Orichalcum Pulse\n|turn|27\n|\n|t:|1698195584\n|move|p2a: Palafin|Drain Punch|p1a: Koraidon\n|-damage|p1a: Koraidon|54\/100 par\n|-heal|p2a: Palafin|32\/100|[from] drain|[of] p1a: Koraidon\n|move|p1a: Koraidon|Low Kick|p2a: Palafin\n|-resisted|p2a: Palafin\n|-damage|p2a: Palafin|17\/100\n|\n|-weather|none\n|upkeep\n|turn|28\n|\n|t:|1698195594\n|move|p2a: Palafin|Drain Punch|p1a: Koraidon\n|-damage|p1a: Koraidon|8\/100 par\n|-heal|p2a: Palafin|42\/100|[from] drain|[of] p1a: Koraidon\n|move|p1a: Koraidon|Low Kick|p2a: Palafin\n|-resisted|p2a: Palafin\n|-damage|p2a: Palafin|29\/100\n|\n|upkeep\n|turn|29\n|-message|Bradofax forfeited.\n|\n|win|Deriverse\n|raw|Bradofax's rating: 1138 &rarr; <strong>1120<\/strong><br \/>(-18 for losing)\n|raw|Deriverse's rating: 1240 &rarr; <strong>1258<\/strong><br \/>(+18 for winning)\n|l|\u2606Bradofax\n|l|\u2606Deriverse\n|j|\u2606Deriverse\n|player|p2|Deriverse|roxanne\n","uploadtime":1698196586,"views":26,"p1id":"bradofax","p2id":"deriverse","formatid":"gen9ubers","rating":1120,"private":0,"password":""}