{"id":"gen9ubers-1980244408","p1":"Rodolfo Arboleda","p2":"Chris6497","format":"[Gen 9] Ubers","log":"|j|\u2606Rodolfo Arboleda\n|j|\u203dChris6497\n|t:|1698769175\n|gametype|singles\n|player|p1|Rodolfo Arboleda|1|1175\n|player|p2|Chris6497|koga|1318\n|teamsize|p1|6\n|teamsize|p2|6\n|gen|9\n|tier|[Gen 9] Ubers\n|rated|\n|rule|Sleep Clause Mod: Limit one foe put to sleep\n|rule|Species Clause: Limit one of each Pok\u00e9mon\n|rule|OHKO Clause: OHKO moves are banned\n|rule|Evasion Items Clause: Evasion items are banned\n|rule|Evasion Moves Clause: Evasion moves are banned\n|rule|Endless Battle Clause: Forcing endless battles is banned\n|rule|HP Percentage Mod: HP is shown in percentages\n|clearpoke\n|poke|p1|Annihilape, M|\n|poke|p1|Palafin, F|\n|poke|p1|Tinkaton, F|\n|poke|p1|Kingambit, F|\n|poke|p1|Ceruledge, F|\n|poke|p1|Maushold-Four|\n|poke|p2|Dialga|\n|poke|p2|Mewtwo|\n|poke|p2|Zacian-*|\n|poke|p2|Rayquaza|\n|poke|p2|Palkia|\n|poke|p2|Samurott-Hisui, M|\n|teampreview\n|inactive|Battle timer is ON: inactive players will automatically lose when time's up. (requested by Chris6497)\n|\n|t:|1698769179\n|start\n|switch|p1a: Palafin|Palafin, F|100\/100\n|switch|p2a: Dialga|Dialga|100\/100\n|-ability|p2a: Dialga|Pressure\n|turn|1\n|\n|t:|1698769187\n|move|p1a: Palafin|Flip Turn|p2a: Dialga\n|-resisted|p2a: Dialga\n|-damage|p2a: Dialga|91\/100\n|\n|t:|1698769190\n|detailschange|p1a: Palafin|Palafin-Hero, F\n|switch|p1a: Tinkaton|Tinkaton, F|100\/100|[from] Flip Turn\n|-ability|p1a: Tinkaton|Mold Breaker\n|move|p2a: Dialga|Stealth Rock|p1a: Tinkaton\n|-sidestart|p1: Rodolfo Arboleda|move: Stealth Rock\n|\n|-heal|p2a: Dialga|97\/100|[from] item: Leftovers\n|upkeep\n|turn|2\n|\n|t:|1698769200\n|move|p1a: Tinkaton|Fake Out|p2a: Dialga\n|-resisted|p2a: Dialga\n|-damage|p2a: Dialga|92\/100\n|cant|p2a: Dialga|flinch\n|\n|-heal|p2a: Dialga|98\/100|[from] item: Leftovers\n|upkeep\n|turn|3\n|\n|t:|1698769209\n|move|p2a: Dialga|Flash Cannon|p1a: Tinkaton\n|-damage|p1a: Tinkaton|73\/100\n|move|p1a: Tinkaton|Gigaton Hammer|p2a: Dialga\n|-resisted|p2a: Dialga\n|-damage|p2a: Dialga|71\/100\n|\n|-heal|p2a: Dialga|77\/100|[from] item: Leftovers\n|upkeep\n|turn|4\n|\n|t:|1698769218\n|move|p2a: Dialga|Flash Cannon|p1a: Tinkaton\n|-damage|p1a: Tinkaton|45\/100\n|-unboost|p1a: Tinkaton|spd|1\n|move|p1a: Tinkaton|Play Rough|p2a: Dialga\n|-damage|p2a: Dialga|48\/100\n|\n|-heal|p2a: Dialga|54\/100|[from] item: Leftovers\n|upkeep\n|turn|5\n|\n|t:|1698769228\n|move|p2a: Dialga|Flash Cannon|p1a: Tinkaton\n|-damage|p1a: Tinkaton|2\/100\n|move|p1a: Tinkaton|Play Rough|p2a: Dialga\n|-damage|p2a: Dialga|23\/100\n|\n|-heal|p2a: Dialga|29\/100|[from] item: Leftovers\n|upkeep\n|turn|6\n|\n|t:|1698769243\n|switch|p1a: Palafin|Palafin-Hero, F|100\/100\n|-damage|p1a: Palafin|88\/100|[from] Stealth Rock\n|-activate|p1a: Palafin|ability: Zero to Hero\n|move|p2a: Dialga|Flash Cannon|p1a: Palafin\n|-resisted|p1a: Palafin\n|-damage|p1a: Palafin|71\/100\n|\n|-heal|p2a: Dialga|35\/100|[from] item: Leftovers\n|upkeep\n|turn|7\n|\n|t:|1698769255\n|switch|p2a: Palkia|Palkia|100\/100\n|-ability|p2a: Palkia|Pressure\n|move|p1a: Palafin|Drain Punch|p2a: Palkia\n|-damage|p2a: Palkia|70\/100\n|-heal|p1a: Palafin|86\/100|[from] drain|[of] p2a: Palkia\n|\n|upkeep\n|turn|8\n|\n|t:|1698769264\n|move|p2a: Palkia|Thunderbolt|p1a: Palafin\n|-supereffective|p1a: Palafin\n|-damage|p1a: Palafin|32\/100\n|-status|p1a: Palafin|par\n|move|p1a: Palafin|Iron Head|p2a: Palkia\n|-resisted|p2a: Palkia\n|-damage|p2a: Palkia|54\/100\n|\n|upkeep\n|turn|9\n|\n|t:|1698769282\n|move|p1a: Palafin|Jet Punch|p2a: Palkia\n|-resisted|p2a: Palkia\n|-damage|p2a: Palkia|44\/100\n|move|p2a: Palkia|Thunderbolt|p1a: Palafin\n|-supereffective|p1a: Palafin\n|-damage|p1a: Palafin|0 fnt\n|faint|p1a: Palafin\n|\n|upkeep\n|\n|t:|1698769292\n|switch|p1a: Maushold|Maushold-Four|100\/100\n|-damage|p1a: Maushold|88\/100|[from] Stealth Rock\n|turn|10\n|\n|t:|1698769297\n|move|p2a: Palkia|Thunderbolt|p1a: Maushold\n|-damage|p1a: Maushold|32\/100\n|move|p1a: Maushold|Tidy Up|p1a: Maushold\n|-sideend|p1: Rodolfo Arboleda|Stealth Rock\n|-activate|p1a: Maushold|move: Tidy Up\n|-boost|p1a: Maushold|atk|1\n|-boost|p1a: Maushold|spe|1\n|\n|upkeep\n|turn|11\n|\n|t:|1698769310\n|switch|p2a: Mewtwo|Mewtwo|100\/100\n|-ability|p2a: Mewtwo|Pressure\n|-terastallize|p1a: Maushold|Normal\n|move|p1a: Maushold|Population Bomb|p2a: Mewtwo\n|-damage|p2a: Mewtwo|77\/100\n|-damage|p2a: Mewtwo|55\/100\n|-damage|p2a: Mewtwo|32\/100\n|-damage|p2a: Mewtwo|9\/100\n|-damage|p2a: Mewtwo|0 fnt\n|faint|p2a: Mewtwo\n|-hitcount|p2: Mewtwo|5\n|\n|upkeep\n|\n|t:|1698769315\n|switch|p2a: Samurott|Samurott-Hisui, M|100\/100\n|turn|12\n|\n|t:|1698769329\n|move|p2a: Samurott|Sucker Punch|p1a: Maushold\n|-damage|p1a: Maushold|0 fnt\n|faint|p1a: Maushold\n|-damage|p2a: Samurott|91\/100|[from] item: Life Orb\n|\n|upkeep\n|\n|t:|1698769336\n|switch|p1a: Tinkaton|Tinkaton, F|2\/100\n|-ability|p1a: Tinkaton|Mold Breaker\n|turn|13\n|\n|t:|1698769340\n|move|p1a: Tinkaton|Fake Out|p2a: Samurott\n|-damage|p2a: Samurott|76\/100\n|cant|p2a: Samurott|flinch\n|\n|upkeep\n|turn|14\n|\n|t:|1698769346\n|move|p2a: Samurott|Ceaseless Edge|p1a: Tinkaton\n|-resisted|p1a: Tinkaton\n|-damage|p1a: Tinkaton|0 fnt\n|-sidestart|p1: Rodolfo Arboleda|Spikes\n|faint|p1a: Tinkaton\n|-damage|p2a: Samurott|66\/100|[from] item: Life Orb\n|\n|upkeep\n|\n|t:|1698769353\n|switch|p1a: Annihilape|Annihilape, M|100\/100\n|-damage|p1a: Annihilape|88\/100|[from] Spikes\n|turn|15\n|\n|t:|1698769360\n|move|p2a: Samurott|Ceaseless Edge|p1a: Annihilape\n|-damage|p1a: Annihilape|30\/100\n|-sidestart|p1: Rodolfo Arboleda|Spikes\n|-damage|p2a: Samurott|56\/100|[from] item: Life Orb\n|move|p1a: Annihilape|Drain Punch|p2a: Samurott\n|-supereffective|p2a: Samurott\n|-damage|p2a: Samurott|0 fnt\n|-heal|p1a: Annihilape|51\/100|[from] drain|[of] p2a: Samurott\n|faint|p2a: Samurott\n|\n|-heal|p1a: Annihilape|57\/100|[from] item: Leftovers\n|upkeep\n|\n|t:|1698769366\n|switch|p2a: Zacian|Zacian-Crowned|100\/100\n|-ability|p2a: Zacian|Intrepid Sword|boost\n|-boost|p2a: Zacian|atk|1\n|turn|16\n|\n|t:|1698769379\n|move|p2a: Zacian|Swords Dance|p2a: Zacian\n|-boost|p2a: Zacian|atk|2\n|move|p1a: Annihilape|Drain Punch|p2a: Zacian\n|-damage|p2a: Zacian|64\/100\n|-heal|p1a: Annihilape|71\/100|[from] drain|[of] p2a: Zacian\n|\n|-heal|p1a: Annihilape|77\/100|[from] item: Leftovers\n|upkeep\n|turn|17\n|\n|t:|1698769389\n|-terastallize|p2a: Zacian|Fairy\n|move|p2a: Zacian|Swords Dance|p2a: Zacian\n|-boost|p2a: Zacian|atk|2\n|move|p1a: Annihilape|Rage Fist|p2a: Zacian\n|-damage|p2a: Zacian|14\/100\n|\n|-heal|p1a: Annihilape|84\/100|[from] item: Leftovers\n|upkeep\n|turn|18\n|\n|t:|1698769399\n|move|p2a: Zacian|Behemoth Blade|p1a: Annihilape\n|-damage|p1a: Annihilape|0 fnt\n|faint|p1a: Annihilape\n|\n|upkeep\n|\n|t:|1698769404\n|switch|p1a: Ceruledge|Ceruledge, F|100\/100\n|-damage|p1a: Ceruledge|84\/100|[from] Spikes\n|turn|19\n|\n|t:|1698769409\n|move|p1a: Ceruledge|Shadow Sneak|p2a: Zacian\n|-damage|p2a: Zacian|0 fnt\n|faint|p2a: Zacian\n|\n|upkeep\n|\n|t:|1698769414\n|switch|p2a: Palkia|Palkia|44\/100\n|-ability|p2a: Palkia|Pressure\n|turn|20\n|\n|t:|1698769425\n|move|p1a: Ceruledge|Shadow Sneak|p2a: Palkia\n|-damage|p2a: Palkia|24\/100\n|move|p2a: Palkia|Hydro Pump|p1a: Ceruledge\n|-supereffective|p1a: Ceruledge\n|-damage|p1a: Ceruledge|0 fnt\n|faint|p1a: Ceruledge\n|\n|upkeep\n|\n|t:|1698769433\n|switch|p1a: Kingambit|Kingambit, F|100\/100\n|-damage|p1a: Kingambit|84\/100|[from] Spikes\n|-activate|p1a: Kingambit|ability: Supreme Overlord\n|-start|p1a: Kingambit|fallen5|[silent]\n|turn|21\n|\n|t:|1698769438\n|move|p1a: Kingambit|Sucker Punch|p2a: Palkia\n|-damage|p2a: Palkia|0 fnt\n|faint|p2a: Palkia\n|-heal|p1a: Kingambit|86\/100|[from] item: Shell Bell|[of] p2: Palkia\n|\n|upkeep\n|\n|t:|1698769442\n|switch|p2a: Dialga|Dialga|35\/100\n|-ability|p2a: Dialga|Pressure\n|turn|22\n|\n|t:|1698769449\n|move|p1a: Kingambit|Sucker Punch||[still]\n|-fail|p1a: Kingambit\n|move|p2a: Dialga|Stealth Rock|p1a: Kingambit\n|-sidestart|p1: Rodolfo Arboleda|move: Stealth Rock\n|\n|-heal|p2a: Dialga|41\/100|[from] item: Leftovers\n|upkeep\n|turn|23\n|\n|t:|1698769456\n|move|p1a: Kingambit|Sucker Punch||[still]\n|-fail|p1a: Kingambit\n|move|p2a: Dialga|Stealth Rock||[still]\n|-fail|p2a: Dialga\n|\n|-heal|p2a: Dialga|47\/100|[from] item: Leftovers\n|upkeep\n|turn|24\n|\n|t:|1698769463\n|move|p2a: Dialga|Stealth Rock||[still]\n|-fail|p2a: Dialga\n|move|p1a: Kingambit|Kowtow Cleave|p2a: Dialga\n|-damage|p2a: Dialga|0 fnt\n|faint|p2a: Dialga\n|-heal|p1a: Kingambit|91\/100|[from] item: Shell Bell|[of] p2: Dialga\n|\n|upkeep\n|\n|t:|1698769466\n|switch|p2a: Rayquaza|Rayquaza|100\/100\n|-ability|p2a: Rayquaza|Air Lock\n|turn|25\n|\n|t:|1698769478\n|move|p2a: Rayquaza|Earthquake|p1a: Kingambit\n|-supereffective|p1a: Kingambit\n|-damage|p1a: Kingambit|34\/100\n|move|p1a: Kingambit|Kowtow Cleave|p2a: Rayquaza\n|-damage|p2a: Rayquaza|18\/100\n|-heal|p1a: Kingambit|43\/100|[from] item: Shell Bell|[of] p2a: Rayquaza\n|\n|upkeep\n|turn|26\n|\n|t:|1698769486\n|move|p1a: Kingambit|Sucker Punch||[still]\n|-fail|p1a: Kingambit\n|move|p2a: Rayquaza|Dragon Dance|p2a: Rayquaza\n|-boost|p2a: Rayquaza|atk|1\n|-boost|p2a: Rayquaza|spe|1\n|\n|upkeep\n|turn|27\n|\n|t:|1698769492\n|move|p2a: Rayquaza|Extreme Speed|p1a: Kingambit\n|-resisted|p1a: Kingambit\n|-damage|p1a: Kingambit|23\/100\n|move|p1a: Kingambit|Sucker Punch||[still]\n|-fail|p1a: Kingambit\n|\n|upkeep\n|turn|28\n|\n|t:|1698769500\n|move|p2a: Rayquaza|Dragon Ascent|p1a: Kingambit\n|-resisted|p1a: Kingambit\n|-damage|p1a: Kingambit|0 fnt\n|-unboost|p2a: Rayquaza|def|1\n|-unboost|p2a: Rayquaza|spd|1\n|faint|p1a: Kingambit\n|-end|p1a: Kingambit|fallen5|[silent]\n|\n|win|Chris6497\n|raw|Rodolfo Arboleda's rating: 1175 &rarr; <strong>1160<\/strong><br \/>(-15 for losing)\n|raw|Chris6497's rating: 1318 &rarr; <strong>1330<\/strong><br \/>(+12 for winning)\n|l|\u2606Rodolfo Arboleda\n","uploadtime":1698769510,"views":7,"p1id":"rodolfoarboleda","p2id":"chris6497","formatid":"gen9ubers","rating":1160,"private":0,"password":""}