{"id":"gen9ubers-1983707330","p1":"xen769","p2":"AkumoTheGamer","format":"[Gen 9] Ubers","log":"|j|\u2606xen769\n|j|\u2606AkumoTheGamer\n|t:|1699164496\n|gametype|singles\n|player|p1|xen769|266|1213\n|player|p2|AkumoTheGamer|acetrainer-gen4|1123\n|teamsize|p1|6\n|teamsize|p2|6\n|gen|9\n|tier|[Gen 9] Ubers\n|rated|\n|rule|Sleep Clause Mod: Limit one foe put to sleep\n|rule|Species Clause: Limit one of each Pok\u00e9mon\n|rule|OHKO Clause: OHKO moves are banned\n|rule|Evasion Items Clause: Evasion items are banned\n|rule|Evasion Moves Clause: Evasion moves are banned\n|rule|Endless Battle Clause: Forcing endless battles is banned\n|rule|HP Percentage Mod: HP is shown in percentages\n|clearpoke\n|poke|p1|Arceus|\n|poke|p1|Chi-Yu|\n|poke|p1|Chien-Pao|\n|poke|p1|Koraidon|\n|poke|p1|Roaring Moon|\n|poke|p1|Regieleki|\n|poke|p2|Greninja-*, M|\n|poke|p2|Annihilape, M|\n|poke|p2|Giratina-Origin|\n|poke|p2|Iron Bundle|\n|poke|p2|Mewtwo|\n|poke|p2|Kingambit, F|\n|teampreview\n|inactive|Battle timer is ON: inactive players will automatically lose when time's up. (requested by AkumoTheGamer)\n|\n|t:|1699164518\n|start\n|switch|p1a: Koraidon|Koraidon|100\/100\n|switch|p2a: Iron Bundle|Iron Bundle|100\/100\n|-weather|SunnyDay|[from] ability: Orichalcum Pulse|[of] p1a: Koraidon\n|-activate|p1a: Koraidon|Orichalcum Pulse|[source]\n|turn|1\n|\n|t:|1699164538\n|move|p1a: Koraidon|Collision Course|p2a: Iron Bundle\n|-supereffective|p2a: Iron Bundle\n|-damage|p2a: Iron Bundle|0 fnt\n|faint|p2a: Iron Bundle\n|-end|p2a: Iron Bundle|Quark Drive|[silent]\n|\n|-weather|SunnyDay|[upkeep]\n|upkeep\n|\n|t:|1699164551\n|switch|p2a: Mewtwo|Mewtwo|100\/100\n|-ability|p2a: Mewtwo|Unnerve\n|turn|2\n|\n|t:|1699164560\n|switch|p1a: Roaring Moon|Roaring Moon|100\/100\n|-activate|p1a: Roaring Moon|ability: Protosynthesis\n|-start|p1a: Roaring Moon|protosynthesisatk\n|move|p2a: Mewtwo|Earthquake|p1a: Roaring Moon\n|-damage|p1a: Roaring Moon|64\/100\n|\n|-weather|SunnyDay|[upkeep]\n|upkeep\n|turn|3\n|\n|t:|1699164573\n|move|p1a: Roaring Moon|Knock Off|p2a: Mewtwo\n|-supereffective|p2a: Mewtwo\n|-damage|p2a: Mewtwo|1\/100\n|-enditem|p2a: Mewtwo|Leftovers|[from] move: Knock Off|[of] p1a: Roaring Moon\n|move|p2a: Mewtwo|Drain Punch|p1a: Roaring Moon\n|-supereffective|p1a: Roaring Moon\n|-damage|p1a: Roaring Moon|14\/100\n|-heal|p2a: Mewtwo|22\/100|[from] drain|[of] p1a: Roaring Moon\n|\n|-weather|SunnyDay|[upkeep]\n|upkeep\n|turn|4\n|j| vegemite360\n|l| vegemite360\n|inactive|xen769 has 120 seconds left.\n|\n|t:|1699164625\n|switch|p2a: Kingambit|Kingambit, F|100\/100\n|-activate|p2a: Kingambit|ability: Supreme Overlord\n|-start|p2a: Kingambit|fallen1|[silent]\n|move|p1a: Roaring Moon|Knock Off|p2a: Kingambit\n|-resisted|p2a: Kingambit\n|-damage|p2a: Kingambit|75\/100\n|-damage|p1a: Roaring Moon|0 fnt|[from] item: Rocky Helmet|[of] p2a: Kingambit\n|faint|p1a: Roaring Moon\n|-end|p1a: Roaring Moon|Protosynthesis|[silent]\n|\n|-weather|SunnyDay|[upkeep]\n|upkeep\n|\n|t:|1699164638\n|switch|p1a: Koraidon|Koraidon|100\/100\n|-activate|p1a: Koraidon|ability: Orichalcum Pulse\n|turn|5\n|\n|t:|1699164660\n|move|p1a: Koraidon|Flare Blitz|p2a: Kingambit\n|-supereffective|p2a: Kingambit\n|-damage|p2a: Kingambit|0 fnt\n|-damage|p1a: Koraidon|84\/100|[from] item: Rocky Helmet|[of] p2a: Kingambit\n|faint|p2a: Kingambit\n|-end|p2a: Kingambit|fallen1|[silent]\n|-damage|p1a: Koraidon|59\/100|[from] Recoil\n|\n|-weather|none\n|upkeep\n|\n|t:|1699164668\n|switch|p2a: Greninja|Greninja, M|100\/100\n|turn|6\n|\n|t:|1699164686\n|switch|p1a: Chi-Yu|Chi-Yu|100\/100\n|-ability|p1a: Chi-Yu|Beads of Ruin\n|move|p2a: Greninja|Blizzard|p1a: Chi-Yu\n|-resisted|p1a: Chi-Yu\n|-damage|p1a: Chi-Yu|87\/100\n|-status|p1a: Chi-Yu|frz\n|\n|upkeep\n|turn|7\n|\n|t:|1699164700\n|cant|p1a: Chi-Yu|frz\n|move|p2a: Greninja|Dark Pulse|p1a: Chi-Yu\n|-resisted|p1a: Chi-Yu\n|-damage|p1a: Chi-Yu|71\/100 frz\n|\n|upkeep\n|turn|8\n|\n|t:|1699164709\n|cant|p1a: Chi-Yu|frz\n|move|p2a: Greninja|Hydro Pump|p1a: Chi-Yu\n|-supereffective|p1a: Chi-Yu\n|-damage|p1a: Chi-Yu|0 fnt\n|faint|p1a: Chi-Yu\n|-ability|p2a: Greninja|Battle Bond|boost\n|-boost|p2a: Greninja|atk|1\n|-boost|p2a: Greninja|spa|1\n|-boost|p2a: Greninja|spe|1\n|-activate|p2a: Greninja|ability: Battle Bond\n|\n|upkeep\n|\n|t:|1699164721\n|switch|p1a: Koraidon|Koraidon|59\/100\n|-weather|SunnyDay|[from] ability: Orichalcum Pulse|[of] p1a: Koraidon\n|-activate|p1a: Koraidon|Orichalcum Pulse|[source]\n|turn|9\n|\n|t:|1699164732\n|move|p1a: Koraidon|Collision Course|p2a: Greninja\n|-supereffective|p2a: Greninja\n|-damage|p2a: Greninja|0 fnt\n|faint|p2a: Greninja\n|\n|-weather|SunnyDay|[upkeep]\n|upkeep\n|\n|t:|1699164741\n|switch|p2a: Giratina|Giratina-Origin|100\/100\n|turn|10\n|inactive|xen769 has 120 seconds left.\n|\n|t:|1699164751\n|switch|p1a: Regieleki|Regieleki|100\/100\n|move|p2a: Giratina|Draco Meteor|p1a: Regieleki|[miss]\n|-miss|p2a: Giratina|p1a: Regieleki\n|\n|-weather|SunnyDay|[upkeep]\n|upkeep\n|turn|11\n|\n|t:|1699164764\n|move|p1a: Regieleki|Volt Switch|p2a: Giratina\n|-resisted|p2a: Giratina\n|-damage|p2a: Giratina|82\/100\n|-damage|p1a: Regieleki|91\/100|[from] item: Life Orb\n|j| vegemite360\n|l| vegemite360\n|\n|t:|1699164773\n|switch|p1a: Arceus|Arceus|100\/100|[from] Volt Switch\n|move|p2a: Giratina|Shadow Ball|p1a: Arceus\n|-immune|p1a: Arceus\n|\n|-weather|SunnyDay|[upkeep]\n|upkeep\n|turn|12\n|\n|t:|1699164787\n|move|p2a: Giratina|Draco Meteor|p1a: Arceus\n|-damage|p1a: Arceus|61\/100\n|-unboost|p2a: Giratina|spa|2\n|move|p1a: Arceus|Cosmic Power|p1a: Arceus\n|-boost|p1a: Arceus|def|1\n|-boost|p1a: Arceus|spd|1\n|\n|-weather|SunnyDay|[upkeep]\n|-heal|p1a: Arceus|67\/100|[from] item: Leftovers\n|upkeep\n|turn|13\n|\n|t:|1699164807\n|move|p2a: Giratina|Draco Meteor|p1a: Arceus\n|-damage|p1a: Arceus|53\/100\n|-unboost|p2a: Giratina|spa|2\n|move|p1a: Arceus|Cosmic Power|p1a: Arceus\n|-boost|p1a: Arceus|def|1\n|-boost|p1a: Arceus|spd|1\n|\n|-weather|none\n|-heal|p1a: Arceus|59\/100|[from] item: Leftovers\n|upkeep\n|turn|14\n|inactive|xen769 has 120 seconds left.\n|\n|t:|1699164846\n|move|p2a: Giratina|Body Slam|p1a: Arceus\n|-damage|p1a: Arceus|52\/100\n|move|p1a: Arceus|Recover|p1a: Arceus\n|-heal|p1a: Arceus|100\/100\n|\n|upkeep\n|turn|15\n|inactive|xen769 has 90 seconds left.\n|\n|t:|1699164880\n|switch|p2a: Mewtwo|Mewtwo|22\/100\n|-ability|p2a: Mewtwo|Unnerve\n|move|p1a: Arceus|Cosmic Power|p1a: Arceus\n|-boost|p1a: Arceus|def|1\n|-boost|p1a: Arceus|spd|1\n|\n|upkeep\n|turn|16\n|inactive|xen769 has 90 seconds left.\n|\n|t:|1699164901\n|move|p2a: Mewtwo|Drain Punch|p1a: Arceus\n|-supereffective|p1a: Arceus\n|-damage|p1a: Arceus|90\/100\n|-heal|p2a: Mewtwo|27\/100|[from] drain|[of] p1a: Arceus\n|move|p1a: Arceus|Cosmic Power|p1a: Arceus\n|-boost|p1a: Arceus|def|1\n|-boost|p1a: Arceus|spd|1\n|\n|-heal|p1a: Arceus|96\/100|[from] item: Leftovers\n|upkeep\n|turn|17\n|inactive|xen769 has 90 seconds left.\n|\n|t:|1699164911\n|move|p2a: Mewtwo|Fire Blast|p1a: Arceus\n|-damage|p1a: Arceus|89\/100\n|move|p1a: Arceus|Stored Power|p2a: Mewtwo\n|-resisted|p2a: Mewtwo\n|-crit|p2a: Mewtwo\n|-damage|p2a: Mewtwo|0 fnt\n|faint|p2a: Mewtwo\n|\n|-heal|p1a: Arceus|95\/100|[from] item: Leftovers\n|upkeep\n|inactive|AkumoTheGamer has 120 seconds left.\n|\n|t:|1699164921\n|switch|p2a: Annihilape|Annihilape, M|100\/100\n|turn|18\n|inactive|AkumoTheGamer has 120 seconds left.\n|\n|t:|1699164934\n|move|p2a: Annihilape|Close Combat|p1a: Arceus\n|-supereffective|p1a: Arceus\n|-damage|p1a: Arceus|76\/100\n|-unboost|p2a: Annihilape|def|1\n|-unboost|p2a: Annihilape|spd|1\n|move|p1a: Arceus|Stored Power|p2a: Annihilape\n|-supereffective|p2a: Annihilape\n|-damage|p2a: Annihilape|0 fnt\n|faint|p2a: Annihilape\n|\n|-heal|p1a: Arceus|82\/100|[from] item: Leftovers\n|upkeep\n|inactive|AkumoTheGamer has 120 seconds left.\n|\n|t:|1699164941\n|switch|p2a: Giratina|Giratina-Origin|82\/100\n|turn|19\n|\n|t:|1699164944\n|move|p2a: Giratina|Destiny Bond|p2a: Giratina\n|-singlemove|p2a: Giratina|Destiny Bond\n|move|p1a: Arceus|Stored Power|p2a: Giratina\n|-damage|p2a: Giratina|46\/100\n|\n|-heal|p1a: Arceus|88\/100|[from] item: Leftovers\n|upkeep\n|turn|20\n|\n|t:|1699164959\n|move|p2a: Giratina|Draco Meteor|p1a: Arceus\n|-damage|p1a: Arceus|76\/100\n|-unboost|p2a: Giratina|spa|2\n|move|p1a: Arceus|Stored Power|p2a: Giratina\n|-damage|p2a: Giratina|13\/100\n|\n|-heal|p1a: Arceus|82\/100|[from] item: Leftovers\n|upkeep\n|turn|21\n|\n|t:|1699164973\n|move|p2a: Giratina|Destiny Bond|p2a: Giratina\n|-singlemove|p2a: Giratina|Destiny Bond\n|move|p1a: Arceus|Stored Power|p2a: Giratina\n|-damage|p2a: Giratina|0 fnt\n|faint|p2a: Giratina\n|-activate|p2a: Giratina|move: Destiny Bond\n|faint|p1a: Arceus\n|\n|win|xen769\n|raw|xen769's rating: 1227 &rarr; <strong>1245<\/strong><br \/>(+18 for winning)\n|raw|AkumoTheGamer's rating: 1123 &rarr; <strong>1105<\/strong><br \/>(-18 for losing)\n","uploadtime":1699164978,"views":4,"p1id":"xen769","p2id":"akumothegamer","formatid":"gen9ubers","rating":1105,"private":0,"password":""}