{"id":"gen9ubers-1996658799","p1":"Champ Bogar","p2":"ry42","format":"[Gen 9] Ubers","log":"|j|\u2606Champ Bogar\n|j|\u2606ry42\n|t:|1700706219\n|gametype|singles\n|player|p1|Champ Bogar|cynthia|\n|player|p2|ry42|bede-leader|\n|teamsize|p1|6\n|teamsize|p2|6\n|gen|9\n|tier|[Gen 9] Ubers\n|rule|Sleep Clause Mod: Limit one foe put to sleep\n|rule|Species Clause: Limit one of each Pok\u00e9mon\n|rule|OHKO Clause: OHKO moves are banned\n|rule|Evasion Items Clause: Evasion items are banned\n|rule|Evasion Moves Clause: Evasion moves are banned\n|rule|Endless Battle Clause: Forcing endless battles is banned\n|rule|HP Percentage Mod: HP is shown in percentages\n|clearpoke\n|poke|p1|Ninetales-Alola, F|\n|poke|p1|Baxcalibur, M|\n|poke|p1|Ogerpon-Hearthflame, F|\n|poke|p1|Darkrai|\n|poke|p1|Great Tusk|\n|poke|p1|Magearna|\n|poke|p2|Ribombee, F|\n|poke|p2|Iron Treads|\n|poke|p2|Dondozo, F|\n|poke|p2|Shaymin-Sky|\n|poke|p2|Chi-Yu|\n|poke|p2|Kingambit, F|\n|teampreview\n|inactive|Battle timer is ON: inactive players will automatically lose when time's up. (requested by Champ Bogar)\n|inactive|ry42 also wants the timer to be on.\n|\n|t:|1700706244\n|start\n|switch|p1a: Darkrai|Darkrai, shiny|100\/100\n|switch|p2a: Ribombee|Ribombee, F, shiny|100\/100\n|turn|1\n|inactive|ry42 has 270 seconds left.\n|\n|t:|1700706285\n|move|p1a: Darkrai|Sludge Bomb|p2a: Ribombee\n|-supereffective|p2a: Ribombee\n|-enditem|p2a: Ribombee|Focus Sash\n|-damage|p2a: Ribombee|1\/100\n|-damage|p1a: Darkrai|91\/100|[from] item: Life Orb\n|move|p2a: Ribombee|Sticky Web|p1a: Darkrai\n|-sidestart|p1: Champ Bogar|move: Sticky Web\n|\n|upkeep\n|turn|2\n|\n|t:|1700706295\n|switch|p2a: Iron Treads|Iron Treads|100\/100\n|move|p1a: Darkrai|Dark Pulse|p2a: Iron Treads\n|-damage|p2a: Iron Treads|58\/100\n|-damage|p1a: Darkrai|81\/100|[from] item: Life Orb\n|\n|-heal|p2a: Iron Treads|64\/100|[from] item: Leftovers\n|upkeep\n|turn|3\n|inactive|ry42 has 270 seconds left.\n|\n|t:|1700706315\n|switch|p1a: Great Tusk|Great Tusk, shiny|100\/100\n|-activate|p1a: Great Tusk|move: Sticky Web\n|-unboost|p1a: Great Tusk|spe|1\n|move|p2a: Iron Treads|Stealth Rock|p1a: Great Tusk\n|-sidestart|p1: Champ Bogar|move: Stealth Rock\n|\n|-heal|p2a: Iron Treads|70\/100|[from] item: Leftovers\n|upkeep\n|turn|4\n|\n|t:|1700706332\n|-end|p2a: Iron Treads|Quark Drive|[silent]\n|switch|p2a: Shaymin|Shaymin-Sky|100\/100\n|move|p1a: Great Tusk|Rapid Spin|p2a: Shaymin\n|-damage|p2a: Shaymin|82\/100\n|-boost|p1a: Great Tusk|spe|1\n|-sideend|p1: Champ Bogar|Stealth Rock|[from] move: Rapid Spin|[of] p1a: Great Tusk\n|-sideend|p1: Champ Bogar|Sticky Web|[from] move: Rapid Spin|[of] p1a: Great Tusk\n|\n|upkeep\n|turn|5\n|\n|t:|1700706346\n|-end|p1a: Great Tusk|Protosynthesis|[silent]\n|switch|p1a: Magearna|Magearna|100\/100\n|move|p2a: Shaymin|Air Slash|p1a: Magearna\n|-resisted|p1a: Magearna\n|-damage|p1a: Magearna|77\/100\n|\n|upkeep\n|turn|6\n|inactive|ry42 has 270 seconds left.\n|\n|t:|1700706356\n|move|p2a: Shaymin|Air Slash|p1a: Magearna\n|-resisted|p1a: Magearna\n|-damage|p1a: Magearna|53\/100\n|move|p1a: Magearna|Shift Gear|p1a: Magearna\n|-boost|p1a: Magearna|spe|2\n|-boost|p1a: Magearna|atk|1\n|\n|upkeep\n|turn|7\n|\n|t:|1700706367\n|switch|p2a: Dondozo|Dondozo, F|100\/100\n|move|p1a: Magearna|Fleur Cannon|p2a: Dondozo\n|-damage|p2a: Dondozo|48\/100\n|-unboost|p1a: Magearna|spa|2\n|\n|-heal|p2a: Dondozo|54\/100|[from] item: Leftovers\n|upkeep\n|turn|8\n|\n|t:|1700706374\n|move|p1a: Magearna|Fleur Cannon|p2a: Dondozo\n|-damage|p2a: Dondozo|0 fnt\n|-unboost|p1a: Magearna|spa|2\n|faint|p2a: Dondozo\n|-ability|p1a: Magearna|Soul-Heart|boost\n|-boost|p1a: Magearna|spa|1\n|\n|upkeep\n|\n|t:|1700706383\n|switch|p2a: Chi-Yu|Chi-Yu|100\/100\n|-ability|p2a: Chi-Yu|Beads of Ruin\n|turn|9\n|\n|t:|1700706404\n|move|p1a: Magearna|Fleur Cannon|p2a: Chi-Yu\n|-damage|p2a: Chi-Yu|74\/100\n|-unboost|p1a: Magearna|spa|2\n|move|p2a: Chi-Yu|Overheat|p1a: Magearna\n|-supereffective|p1a: Magearna\n|-damage|p1a: Magearna|0 fnt\n|-unboost|p2a: Chi-Yu|spa|2\n|faint|p1a: Magearna\n|\n|upkeep\n|inactive|Champ Bogar has 270 seconds left.\n|\n|t:|1700706433\n|switch|p1a: Baxcalibur|Baxcalibur, M, shiny|100\/100\n|turn|10\n|\n|t:|1700706456\n|switch|p2a: Kingambit|Kingambit, F|100\/100\n|-activate|p2a: Kingambit|ability: Supreme Overlord\n|-start|p2a: Kingambit|fallen1|[silent]\n|move|p1a: Baxcalibur|Scale Shot|p2a: Kingambit\n|-resisted|p2a: Kingambit\n|-damage|p2a: Kingambit|95\/100\n|-resisted|p2a: Kingambit\n|-damage|p2a: Kingambit|90\/100\n|-resisted|p2a: Kingambit\n|-damage|p2a: Kingambit|85\/100\n|-resisted|p2a: Kingambit\n|-damage|p2a: Kingambit|80\/100\n|-hitcount|p2a: Kingambit|4\n|-unboost|p1a: Baxcalibur|def|1\n|-boost|p1a: Baxcalibur|spe|1\n|\n|-heal|p2a: Kingambit|86\/100|[from] item: Leftovers\n|upkeep\n|turn|11\n|\n|t:|1700706465\n|-terastallize|p1a: Baxcalibur|Ground\n|move|p1a: Baxcalibur|Earthquake|p2a: Kingambit\n|-supereffective|p2a: Kingambit\n|-damage|p2a: Kingambit|1\/100\n|move|p2a: Kingambit|Iron Head|p1a: Baxcalibur\n|-damage|p1a: Baxcalibur|18\/100\n|\n|-heal|p2a: Kingambit|7\/100|[from] item: Leftovers\n|upkeep\n|turn|12\n|\n|t:|1700706474\n|move|p2a: Kingambit|Sucker Punch||[still]\n|-fail|p2a: Kingambit\n|move|p1a: Baxcalibur|Swords Dance|p1a: Baxcalibur\n|-boost|p1a: Baxcalibur|atk|2\n|\n|-heal|p2a: Kingambit|13\/100|[from] item: Leftovers\n|upkeep\n|turn|13\n|\n|t:|1700706477\n|move|p2a: Kingambit|Sucker Punch|p1a: Baxcalibur\n|-damage|p1a: Baxcalibur|0 fnt\n|faint|p1a: Baxcalibur\n|\n|-heal|p2a: Kingambit|19\/100|[from] item: Leftovers\n|upkeep\n|\n|t:|1700706480\n|switch|p1a: Ogerpon|Ogerpon-Hearthflame, F|100\/100\n|-ability|p1a: Ogerpon|Mold Breaker\n|turn|14\n|\n|t:|1700706490\n|-end|p2a: Kingambit|fallen1|[silent]\n|switch|p2a: Iron Treads|Iron Treads|70\/100\n|move|p1a: Ogerpon|Encore||[still]\n|-fail|p1a: Ogerpon\n|\n|-heal|p2a: Iron Treads|76\/100|[from] item: Leftovers\n|upkeep\n|turn|15\n|\n|t:|1700706497\n|move|p1a: Ogerpon|Trailblaze|p2a: Iron Treads\n|-damage|p2a: Iron Treads|54\/100\n|-boost|p1a: Ogerpon|spe|1\n|move|p2a: Iron Treads|Stealth Rock|p1a: Ogerpon\n|-sidestart|p1: Champ Bogar|move: Stealth Rock\n|\n|-heal|p2a: Iron Treads|61\/100|[from] item: Leftovers\n|upkeep\n|turn|16\n|\n|t:|1700706506\n|move|p1a: Ogerpon|Swords Dance|p1a: Ogerpon\n|-boost|p1a: Ogerpon|atk|2\n|move|p2a: Iron Treads|Earthquake|p1a: Ogerpon\n|-damage|p1a: Ogerpon|55\/100\n|\n|-heal|p2a: Iron Treads|67\/100|[from] item: Leftovers\n|upkeep\n|turn|17\n|\n|t:|1700706511\n|move|p1a: Ogerpon|Ivy Cudgel|p2a: Iron Treads|[anim] Ivy Cudgel Fire\n|-supereffective|p2a: Iron Treads\n|-damage|p2a: Iron Treads|0 fnt\n|faint|p2a: Iron Treads\n|-end|p2a: Iron Treads|Quark Drive|[silent]\n|\n|upkeep\n|\n|t:|1700706523\n|switch|p2a: Shaymin|Shaymin-Sky|82\/100\n|turn|18\n|\n|t:|1700706528\n|move|p1a: Ogerpon|Ivy Cudgel|p2a: Shaymin|[anim] Ivy Cudgel Fire\n|-supereffective|p2a: Shaymin\n|-damage|p2a: Shaymin|0 fnt\n|faint|p2a: Shaymin\n|\n|upkeep\n|\n|t:|1700706539\n|switch|p2a: Kingambit|Kingambit, F|19\/100\n|-activate|p2a: Kingambit|ability: Supreme Overlord\n|-start|p2a: Kingambit|fallen3|[silent]\n|turn|19\n|\n|t:|1700706543\n|move|p1a: Ogerpon|Swords Dance|p1a: Ogerpon\n|-boost|p1a: Ogerpon|atk|2\n|move|p2a: Kingambit|Kowtow Cleave|p1a: Ogerpon\n|-damage|p1a: Ogerpon|0 fnt\n|faint|p1a: Ogerpon\n|\n|-heal|p2a: Kingambit|26\/100|[from] item: Leftovers\n|upkeep\n|\n|t:|1700706554\n|switch|p1a: Great Tusk|Great Tusk, shiny|100\/100\n|-damage|p1a: Great Tusk|98\/100|[from] Stealth Rock\n|turn|20\n|\n|t:|1700706573\n|-end|p2a: Kingambit|fallen3|[silent]\n|switch|p2a: Chi-Yu|Chi-Yu|74\/100\n|-ability|p2a: Chi-Yu|Beads of Ruin\n|move|p1a: Great Tusk|Rapid Spin|p2a: Chi-Yu\n|-damage|p2a: Chi-Yu|50\/100\n|-boost|p1a: Great Tusk|spe|1\n|-sideend|p1: Champ Bogar|Stealth Rock|[from] move: Rapid Spin|[of] p1a: Great Tusk\n|\n|-heal|p1a: Great Tusk|100\/100|[from] item: Leftovers\n|upkeep\n|turn|21\n|inactive|Champ Bogar has 270 seconds left.\n|\n|t:|1700706610\n|-terastallize|p2a: Chi-Yu|Grass\n|move|p1a: Great Tusk|Earthquake|p2a: Chi-Yu\n|-resisted|p2a: Chi-Yu\n|-damage|p2a: Chi-Yu|12\/100\n|move|p2a: Chi-Yu|Tera Blast|p1a: Great Tusk|[anim] Tera Blast Grass\n|-supereffective|p1a: Great Tusk\n|-damage|p1a: Great Tusk|0 fnt\n|faint|p1a: Great Tusk\n|-end|p1a: Great Tusk|Protosynthesis|[silent]\n|\n|upkeep\n|inactive|Champ Bogar has 270 seconds left.\n|\n|t:|1700706619\n|switch|p1a: Ninetales|Ninetales-Alola, F, shiny|100\/100\n|-weather|Snow|[from] ability: Snow Warning|[of] p1a: Ninetales\n|turn|22\n|\n|t:|1700706627\n|move|p1a: Ninetales|Blizzard|p2a: Chi-Yu\n|-supereffective|p2a: Chi-Yu\n|-damage|p2a: Chi-Yu|0 fnt\n|faint|p2a: Chi-Yu\n|\n|-weather|Snow|[upkeep]\n|upkeep\n|\n|t:|1700706638\n|switch|p2a: Kingambit|Kingambit, F|26\/100\n|-activate|p2a: Kingambit|ability: Supreme Overlord\n|-start|p2a: Kingambit|fallen4|[silent]\n|turn|23\n|c|\u2606ry42|ggs\n|\n|t:|1700706652\n|move|p1a: Ninetales|Blizzard|p2a: Kingambit\n|-resisted|p2a: Kingambit\n|-damage|p2a: Kingambit|6\/100\n|move|p2a: Kingambit|Iron Head|p1a: Ninetales\n|-supereffective|p1a: Ninetales\n|-damage|p1a: Ninetales|0 fnt\n|faint|p1a: Ninetales\n|\n|-weather|Snow|[upkeep]\n|-heal|p2a: Kingambit|12\/100|[from] item: Leftovers\n|upkeep\n|\n|t:|1700706656\n|switch|p1a: Darkrai|Darkrai, shiny|81\/100\n|turn|24\n|\n|t:|1700706666\n|move|p2a: Kingambit|Sucker Punch|p1a: Darkrai\n|-resisted|p1a: Darkrai\n|-damage|p1a: Darkrai|43\/100\n|move|p1a: Darkrai|Dark Pulse|p2a: Kingambit\n|-resisted|p2a: Kingambit\n|-damage|p2a: Kingambit|0 fnt\n|faint|p2a: Kingambit\n|-end|p2a: Kingambit|fallen4|[silent]\n|-damage|p1a: Darkrai|33\/100|[from] item: Life Orb\n|\n|-weather|Snow|[upkeep]\n|upkeep\n|\n|t:|1700706673\n|switch|p2a: Ribombee|Ribombee, F, shiny|1\/100\n|turn|25\n|\n|t:|1700706675\n|move|p1a: Darkrai|Sludge Bomb|p2a: Ribombee\n|-supereffective|p2a: Ribombee\n|-damage|p2a: Ribombee|0 fnt\n|faint|p2a: Ribombee\n|-damage|p1a: Darkrai|23\/100|[from] item: Life Orb\n|\n|win|Champ Bogar\n|c|\u2606Champ Bogar|ggs\n","uploadtime":1700706681,"views":4,"p1id":"champbogar","p2id":"ry42","formatid":"gen9ubers","rating":0,"private":0,"password":""}