{"id":"gen9ubers-1993665084","p1":"NSXTTV","p2":"Pokemh","format":"[Gen 9] Ubers","log":"|j|\u2606NSXTTV\n|j|\u203dPokemh\n|t:|1700343177\n|gametype|singles\n|player|p1|NSXTTV|2|1251\n|player|p2|Pokemh|acetrainersnowf|1195\n|teamsize|p1|6\n|teamsize|p2|6\n|gen|9\n|tier|[Gen 9] Ubers\n|rated|\n|rule|Sleep Clause Mod: Limit one foe put to sleep\n|rule|Species Clause: Limit one of each Pok\u00e9mon\n|rule|OHKO Clause: OHKO moves are banned\n|rule|Evasion Items Clause: Evasion items are banned\n|rule|Evasion Moves Clause: Evasion moves are banned\n|rule|Endless Battle Clause: Forcing endless battles is banned\n|rule|HP Percentage Mod: HP is shown in percentages\n|clearpoke\n|poke|p1|Espathra, M|\n|poke|p1|Zacian-*|\n|poke|p1|Miraidon|\n|poke|p1|Darkrai|\n|poke|p1|Chien-Pao|\n|poke|p1|Eternatus|\n|poke|p2|Giratina-Origin|\n|poke|p2|Dondozo, M|\n|poke|p2|Blissey, F|\n|poke|p2|Arceus-Fairy|\n|poke|p2|Clodsire, M|\n|poke|p2|Gliscor, M|\n|teampreview\n|inactive|Battle timer is ON: inactive players will automatically lose when time's up. (requested by NSXTTV)\n|\n|t:|1700343188\n|start\n|switch|p1a: Espathra|Espathra, M, shiny|100\/100\n|switch|p2a: Gliscor|Gliscor, M|100\/100\n|turn|1\n|\n|t:|1700343193\n|move|p1a: Espathra|Substitute|p1a: Espathra\n|-start|p1a: Espathra|Substitute\n|-damage|p1a: Espathra|76\/100\n|move|p2a: Gliscor|Toxic||[still]\n|-fail|p2a: Gliscor\n|\n|-heal|p1a: Espathra|82\/100|[from] item: Leftovers\n|-ability|p1a: Espathra|Speed Boost|boost\n|-boost|p1a: Espathra|spe|1\n|-status|p2a: Gliscor|tox|[from] item: Toxic Orb\n|upkeep\n|turn|2\n|\n|t:|1700343200\n|move|p1a: Espathra|Calm Mind|p1a: Espathra\n|-boost|p1a: Espathra|spa|1\n|-boost|p1a: Espathra|spd|1\n|move|p2a: Gliscor|Earthquake|p1a: Espathra\n|-end|p1a: Espathra|Substitute\n|\n|-heal|p1a: Espathra|88\/100|[from] item: Leftovers\n|-ability|p1a: Espathra|Speed Boost|boost\n|-boost|p1a: Espathra|spe|1\n|upkeep\n|turn|3\n|\n|t:|1700343209\n|switch|p2a: Clodsire|Clodsire, M|100\/100\n|move|p1a: Espathra|Substitute|p1a: Espathra\n|-start|p1a: Espathra|Substitute\n|-damage|p1a: Espathra|63\/100\n|\n|-heal|p1a: Espathra|69\/100|[from] item: Leftovers\n|-ability|p1a: Espathra|Speed Boost|boost\n|-boost|p1a: Espathra|spe|1\n|upkeep\n|turn|4\n|c|\u2606NSXTTV|Maden heaven\n|\n|t:|1700343232\n|-terastallize|p2a: Clodsire|Steel\n|move|p1a: Espathra|Calm Mind|p1a: Espathra\n|-boost|p1a: Espathra|spa|1\n|-boost|p1a: Espathra|spd|1\n|move|p2a: Clodsire|Earthquake|p1a: Espathra\n|-end|p1a: Espathra|Substitute\n|\n|-heal|p1a: Espathra|75\/100|[from] item: Leftovers\n|-ability|p1a: Espathra|Speed Boost|boost\n|-boost|p1a: Espathra|spe|1\n|upkeep\n|turn|5\n|inactive|NSXTTV has 120 seconds left.\n|\n|t:|1700343254\n|move|p1a: Espathra|Substitute|p1a: Espathra\n|-start|p1a: Espathra|Substitute\n|-damage|p1a: Espathra|50\/100\n|move|p2a: Clodsire|Earthquake|p1a: Espathra\n|-end|p1a: Espathra|Substitute\n|\n|-heal|p1a: Espathra|56\/100|[from] item: Leftovers\n|-ability|p1a: Espathra|Speed Boost|boost\n|-boost|p1a: Espathra|spe|1\n|upkeep\n|turn|6\n|\n|t:|1700343257\n|move|p1a: Espathra|Substitute|p1a: Espathra\n|-start|p1a: Espathra|Substitute\n|-damage|p1a: Espathra|32\/100\n|move|p2a: Clodsire|Earthquake|p1a: Espathra\n|-end|p1a: Espathra|Substitute\n|\n|-heal|p1a: Espathra|38\/100|[from] item: Leftovers\n|-ability|p1a: Espathra|Speed Boost|boost\n|-boost|p1a: Espathra|spe|1\n|upkeep\n|turn|7\n|\n|t:|1700343263\n|move|p1a: Espathra|Substitute|p1a: Espathra\n|-start|p1a: Espathra|Substitute\n|-damage|p1a: Espathra|13\/100\n|move|p2a: Clodsire|Poison Jab|p1a: Espathra\n|-end|p1a: Espathra|Substitute\n|\n|-heal|p1a: Espathra|19\/100|[from] item: Leftovers\n|upkeep\n|turn|8\n|\n|t:|1700343270\n|move|p1a: Espathra|Stored Power|p2a: Clodsire\n|-resisted|p2a: Clodsire\n|-damage|p2a: Clodsire|77\/100\n|move|p2a: Clodsire|Poison Jab|p1a: Espathra\n|-damage|p1a: Espathra|0 fnt\n|faint|p1a: Espathra\n|\n|upkeep\n|\n|t:|1700343285\n|switch|p1a: Eternatus|Eternatus|100\/100\n|-ability|p1a: Eternatus|Pressure\n|turn|9\n|\n|t:|1700343294\n|switch|p2a: Blissey|Blissey, F|100\/100\n|move|p1a: Eternatus|Toxic Spikes|p2a: Blissey\n|-sidestart|p2: Pokemh|move: Toxic Spikes\n|\n|upkeep\n|turn|10\n|\n|t:|1700343303\n|move|p1a: Eternatus|Toxic Spikes|p2a: Blissey\n|-sidestart|p2: Pokemh|move: Toxic Spikes\n|move|p2a: Blissey|Calm Mind|p2a: Blissey\n|-boost|p2a: Blissey|spa|1\n|-boost|p2a: Blissey|spd|1\n|\n|upkeep\n|turn|11\n|\n|t:|1700343310\n|switch|p1a: Darkrai|Darkrai|100\/100\n|move|p2a: Blissey|Seismic Toss|p1a: Darkrai\n|-damage|p1a: Darkrai|65\/100\n|\n|-heal|p1a: Darkrai|71\/100|[from] item: Leftovers\n|upkeep\n|turn|12\n|\n|t:|1700343317\n|move|p1a: Darkrai|Hypnosis|p2a: Blissey\n|-status|p2a: Blissey|slp|[from] move: Hypnosis\n|cant|p2a: Blissey|slp\n|\n|-heal|p1a: Darkrai|77\/100|[from] item: Leftovers\n|-damage|p2a: Blissey|88\/100 slp|[from] ability: Bad Dreams|[of] p1a: Darkrai\n|upkeep\n|turn|13\n|\n|t:|1700343320\n|-curestatus|p2a: Blissey|slp|[from] ability: Natural Cure\n|switch|p2a: Gliscor|Gliscor, M|100\/100 tox\n|move|p1a: Darkrai|Calm Mind|p1a: Darkrai\n|-boost|p1a: Darkrai|spa|1\n|-boost|p1a: Darkrai|spd|1\n|\n|-heal|p1a: Darkrai|83\/100|[from] item: Leftovers\n|upkeep\n|turn|14\n|\n|t:|1700343342\n|switch|p1a: Chien-Pao|Chien-Pao|100\/100\n|-ability|p1a: Chien-Pao|Sword of Ruin\n|move|p2a: Gliscor|Toxic|p1a: Chien-Pao|[miss]\n|-miss|p2a: Gliscor|p1a: Chien-Pao\n|\n|upkeep\n|turn|15\n|l|\u2606NSXTTV\n|inactive|NSXTTV disconnected and has a minute to reconnect!\n|player|p1|\n|j|\u2606NSXTTV\n|inactive|NSXTTV reconnected and has 130 seconds left.\n|player|p1|NSXTTV|2\n|\n|t:|1700343360\n|switch|p2a: Dondozo|Dondozo, M|100\/100\n|move|p1a: Chien-Pao|Swords Dance|p1a: Chien-Pao\n|-boost|p1a: Chien-Pao|atk|2\n|\n|upkeep\n|turn|16\n|\n|t:|1700343366\n|switch|p1a: Miraidon|Miraidon|100\/100\n|-fieldstart|move: Electric Terrain|[from] ability: Hadron Engine|[of] p1a: Miraidon\n|move|p2a: Dondozo|Body Press|p1a: Miraidon\n|-damage|p1a: Miraidon|71\/100\n|\n|upkeep\n|turn|17\n|\n|t:|1700343373\n|switch|p2a: Blissey|Blissey, F|88\/100\n|move|p1a: Miraidon|Dragon Pulse|p2a: Blissey\n|-damage|p2a: Blissey|69\/100\n|\n|upkeep\n|turn|18\n|\n|t:|1700343385\n|switch|p1a: Zacian|Zacian-Crowned|100\/100\n|-ability|p1a: Zacian|Intrepid Sword|boost\n|-boost|p1a: Zacian|atk|1\n|move|p2a: Blissey|Soft-Boiled|p2a: Blissey\n|-heal|p2a: Blissey|100\/100\n|\n|upkeep\n|turn|19\n|\n|t:|1700343392\n|switch|p2a: Dondozo|Dondozo, M|100\/100\n|move|p1a: Zacian|Swords Dance|p1a: Zacian\n|-boost|p1a: Zacian|atk|2\n|\n|upkeep\n|turn|20\n|\n|t:|1700343402\n|move|p1a: Zacian|Ice Fang|p2a: Dondozo\n|-resisted|p2a: Dondozo\n|-damage|p2a: Dondozo|95\/100\n|cant|p2a: Dondozo|flinch\n|\n|-fieldend|move: Electric Terrain\n|upkeep\n|turn|21\n|\n|t:|1700343408\n|move|p1a: Zacian|Ice Fang|p2a: Dondozo\n|-resisted|p2a: Dondozo\n|-damage|p2a: Dondozo|89\/100\n|-status|p2a: Dondozo|frz\n|-curestatus|p2a: Dondozo|frz|[msg]\n|move|p2a: Dondozo|Body Press|p1a: Zacian\n|-damage|p1a: Zacian|76\/100\n|\n|upkeep\n|turn|22\n|\n|t:|1700343413\n|move|p1a: Zacian|Ice Fang|p2a: Dondozo\n|-resisted|p2a: Dondozo\n|-damage|p2a: Dondozo|84\/100\n|move|p2a: Dondozo|Body Press|p1a: Zacian\n|-damage|p1a: Zacian|50\/100\n|\n|upkeep\n|turn|23\n|\n|t:|1700343420\n|move|p1a: Zacian|Ice Fang|p2a: Dondozo\n|-resisted|p2a: Dondozo\n|-damage|p2a: Dondozo|78\/100\n|move|p2a: Dondozo|Body Press|p1a: Zacian\n|-damage|p1a: Zacian|24\/100\n|\n|upkeep\n|turn|24\n|\n|t:|1700343425\n|move|p1a: Zacian|Ice Fang|p2a: Dondozo\n|-resisted|p2a: Dondozo\n|-crit|p2a: Dondozo\n|-damage|p2a: Dondozo|71\/100\n|move|p2a: Dondozo|Body Press|p1a: Zacian\n|-damage|p1a: Zacian|0 fnt\n|faint|p1a: Zacian\n|\n|upkeep\n|\n|t:|1700343432\n|switch|p1a: Darkrai|Darkrai|83\/100\n|turn|25\n|\n|t:|1700343437\n|switch|p2a: Clodsire|Clodsire, M, tera:Steel|77\/100\n|move|p1a: Darkrai|Hypnosis|p2a: Clodsire\n|-status|p2a: Clodsire|slp|[from] move: Hypnosis\n|\n|-heal|p1a: Darkrai|89\/100|[from] item: Leftovers\n|-damage|p2a: Clodsire|65\/100 slp|[from] ability: Bad Dreams|[of] p1a: Darkrai\n|upkeep\n|turn|26\n|\n|t:|1700343444\n|switch|p2a: Gliscor|Gliscor, M|100\/100 tox\n|move|p1a: Darkrai|Dream Eater|p2a: Gliscor\n|-immune|p2a: Gliscor\n|\n|-heal|p1a: Darkrai|95\/100|[from] item: Leftovers\n|upkeep\n|turn|27\n|\n|t:|1700343457\n|move|p1a: Darkrai|Tera Blast|p2a: Gliscor\n|-damage|p2a: Gliscor|65\/100 tox\n|move|p2a: Gliscor|Toxic|p1a: Darkrai\n|-status|p1a: Darkrai|tox\n|\n|-heal|p1a: Darkrai|100\/100 tox|[from] item: Leftovers\n|-damage|p1a: Darkrai|94\/100 tox|[from] psn\n|-heal|p2a: Gliscor|78\/100 tox|[from] ability: Poison Heal\n|upkeep\n|turn|28\n|\n|t:|1700343464\n|move|p1a: Darkrai|Calm Mind|p1a: Darkrai\n|-boost|p1a: Darkrai|spa|1\n|-boost|p1a: Darkrai|spd|1\n|move|p2a: Gliscor|Spikes|p1a: Darkrai\n|-sidestart|p1: NSXTTV|Spikes\n|\n|-heal|p1a: Darkrai|100\/100 tox|[from] item: Leftovers\n|-damage|p1a: Darkrai|88\/100 tox|[from] psn\n|-heal|p2a: Gliscor|90\/100 tox|[from] ability: Poison Heal\n|upkeep\n|turn|29\n|\n|t:|1700343472\n|move|p2a: Gliscor|Protect|p2a: Gliscor\n|-singleturn|p2a: Gliscor|Protect\n|move|p1a: Darkrai|Calm Mind|p1a: Darkrai\n|-boost|p1a: Darkrai|spa|1\n|-boost|p1a: Darkrai|spd|1\n|\n|-heal|p1a: Darkrai|94\/100 tox|[from] item: Leftovers\n|-damage|p1a: Darkrai|76\/100 tox|[from] psn\n|-heal|p2a: Gliscor|100\/100 tox|[from] ability: Poison Heal\n|upkeep\n|turn|30\n|\n|t:|1700343477\n|switch|p2a: Blissey|Blissey, F|100\/100\n|move|p1a: Darkrai|Tera Blast|p2a: Blissey\n|-damage|p2a: Blissey|82\/100\n|\n|-heal|p1a: Darkrai|82\/100 tox|[from] item: Leftovers\n|-damage|p1a: Darkrai|58\/100 tox|[from] psn\n|upkeep\n|turn|31\n|\n|t:|1700343484\n|move|p1a: Darkrai|Hypnosis|p2a: Blissey\n|-message|Sleep Clause Mod activated.\n|-hint|Sleep Clause Mod prevents players from putting more than one of their opponent's Pok\u00e9mon to sleep at a time\n|move|p2a: Blissey|Heal Bell|p2a: Blissey\n|-activate|p2a: Blissey|move: Heal Bell\n|-curestatus|p2: Clodsire|slp|[msg]\n|-curestatus|p2: Gliscor|tox|[msg]\n|\n|-heal|p1a: Darkrai|64\/100 tox|[from] item: Leftovers\n|-damage|p1a: Darkrai|34\/100 tox|[from] psn\n|upkeep\n|turn|32\n|\n|t:|1700343490\n|switch|p2a: Clodsire|Clodsire, M, tera:Steel|65\/100\n|move|p1a: Darkrai|Hypnosis|p2a: Clodsire\n|-status|p2a: Clodsire|slp|[from] move: Hypnosis\n|\n|-heal|p1a: Darkrai|40\/100 tox|[from] item: Leftovers\n|-damage|p1a: Darkrai|4\/100 tox|[from] psn\n|-damage|p2a: Clodsire|52\/100 slp|[from] ability: Bad Dreams|[of] p1a: Darkrai\n|upkeep\n|turn|33\n|\n|t:|1700343497\n|switch|p2a: Giratina|Giratina-Origin|100\/100\n|move|p1a: Darkrai|Dream Eater|p2a: Giratina\n|-immune|p2a: Giratina\n|\n|-heal|p1a: Darkrai|10\/100 tox|[from] item: Leftovers\n|-damage|p1a: Darkrai|0 fnt|[from] psn\n|faint|p1a: Darkrai\n|upkeep\n|\n|t:|1700343505\n|switch|p1a: Miraidon|Miraidon|71\/100\n|-damage|p1a: Miraidon|59\/100|[from] Spikes\n|-fieldstart|move: Electric Terrain|[from] ability: Hadron Engine|[of] p1a: Miraidon\n|turn|34\n|\n|t:|1700343519\n|switch|p2a: Blissey|Blissey, F|82\/100\n|move|p1a: Miraidon|Dazzling Gleam|p2a: Blissey\n|-damage|p2a: Blissey|70\/100\n|\n|upkeep\n|turn|35\n|-message|NSXTTV forfeited.\n|\n|win|Pokemh\n|raw|NSXTTV's rating: 1251 &rarr; <strong>1222<\/strong><br \/>(-29 for losing)\n|raw|Pokemh's rating: 1195 &rarr; <strong>1224<\/strong><br \/>(+29 for winning)\n|l|\u2606NSXTTV\n","uploadtime":1700343548,"views":18,"p1id":"nsxttv","p2id":"pokemh","formatid":"gen9ubers","rating":1222,"private":0,"password":""}