{"id":"gen9ubers-1975417646","p1":"montero.nando","p2":"Blake-Mamba","format":"[Gen 9] Ubers","log":"|j|\u2606montero.nando\n|j|\u2606Blake-Mamba\n|t:|1698189082\n|gametype|singles\n|player|p1|montero.nando|doctor|1102\n|player|p2|Blake-Mamba|juan|1143\n|teamsize|p1|6\n|teamsize|p2|6\n|gen|9\n|tier|[Gen 9] Ubers\n|rated|\n|rule|Sleep Clause Mod: Limit one foe put to sleep\n|rule|Species Clause: Limit one of each Pok\u00e9mon\n|rule|OHKO Clause: OHKO moves are banned\n|rule|Evasion Items Clause: Evasion items are banned\n|rule|Evasion Moves Clause: Evasion moves are banned\n|rule|Endless Battle Clause: Forcing endless battles is banned\n|rule|HP Percentage Mod: HP is shown in percentages\n|clearpoke\n|poke|p1|Cinderace, M|\n|poke|p1|Kommo-o, M|\n|poke|p1|Espathra, F|\n|poke|p1|Rillaboom, M|\n|poke|p1|Palafin, M|\n|poke|p1|Flutter Mane|\n|poke|p2|Ogerpon-Hearthflame, F|\n|poke|p2|Vikavolt, M|\n|poke|p2|Kommo-o, F|\n|poke|p2|Ursaluna-Bloodmoon, M|\n|poke|p2|Yanmega, F|\n|poke|p2|Chandelure, F|\n|teampreview\n|\n|t:|1698189086\n|start\n|switch|p1a: Espathra|Espathra, F|100\/100\n|switch|p2a: Vikavolt|Vikavolt, M|100\/100\n|turn|1\n|\n|t:|1698189093\n|move|p1a: Espathra|Calm Mind|p1a: Espathra\n|-boost|p1a: Espathra|spa|1\n|-boost|p1a: Espathra|spd|1\n|move|p2a: Vikavolt|Bug Buzz|p1a: Espathra\n|-supereffective|p1a: Espathra\n|-damage|p1a: Espathra|0 fnt\n|faint|p1a: Espathra\n|\n|upkeep\n|\n|t:|1698189108\n|switch|p1a: Cinderace|Cinderace, M|100\/100\n|turn|2\n|\n|t:|1698189112\n|switch|p2a: Chandelure|Chandelure, F|100\/100\n|move|p1a: Cinderace|Pyro Ball|p2a: Chandelure\n|-start|p2a: Chandelure|ability: Flash Fire\n|\n|upkeep\n|turn|3\n|\n|t:|1698189119\n|move|p1a: Cinderace|Sucker Punch|p2a: Chandelure\n|-start|p1a: Cinderace|typechange|Dark|[from] ability: Libero\n|-supereffective|p2a: Chandelure\n|-damage|p2a: Chandelure|0 fnt\n|faint|p2a: Chandelure\n|\n|upkeep\n|\n|t:|1698189125\n|switch|p2a: Kommo-o|Kommo-o, F|100\/100\n|turn|4\n|\n|t:|1698189129\n|switch|p1a: Flutter Mane|Flutter Mane|100\/100\n|-enditem|p1a: Flutter Mane|Booster Energy\n|-activate|p1a: Flutter Mane|ability: Protosynthesis|[fromitem]\n|-start|p1a: Flutter Mane|protosynthesisspe\n|move|p2a: Kommo-o|Clangorous Soul|p2a: Kommo-o\n|-boost|p2a: Kommo-o|atk|1\n|-boost|p2a: Kommo-o|def|1\n|-boost|p2a: Kommo-o|spa|1\n|-boost|p2a: Kommo-o|spd|1\n|-boost|p2a: Kommo-o|spe|1\n|-damage|p2a: Kommo-o|68\/100\n|\n|-heal|p2a: Kommo-o|74\/100|[from] item: Leftovers\n|upkeep\n|turn|5\n|\n|t:|1698189142\n|-terastallize|p2a: Kommo-o|Steel\n|move|p1a: Flutter Mane|Moonblast|p2a: Kommo-o\n|-resisted|p2a: Kommo-o\n|-damage|p2a: Kommo-o|58\/100\n|move|p2a: Kommo-o|Iron Head|p1a: Flutter Mane\n|-supereffective|p1a: Flutter Mane\n|-damage|p1a: Flutter Mane|0 fnt\n|faint|p1a: Flutter Mane\n|-end|p1a: Flutter Mane|Protosynthesis|[silent]\n|\n|-heal|p2a: Kommo-o|64\/100|[from] item: Leftovers\n|upkeep\n|\n|t:|1698189154\n|switch|p1a: Cinderace|Cinderace, M|100\/100\n|turn|6\n|\n|t:|1698189158\n|move|p1a: Cinderace|Pyro Ball|p2a: Kommo-o\n|-immune|p2a: Kommo-o|[from] ability: Bulletproof\n|move|p2a: Kommo-o|Drain Punch|p1a: Cinderace\n|-damage|p1a: Cinderace|25\/100\n|-heal|p2a: Kommo-o|96\/100|[from] drain|[of] p1a: Cinderace\n|\n|-heal|p1a: Cinderace|31\/100|[from] item: Leftovers\n|-heal|p2a: Kommo-o|100\/100|[from] item: Leftovers\n|upkeep\n|turn|7\n|\n|t:|1698189170\n|move|p1a: Cinderace|Iron Head|p2a: Kommo-o\n|-start|p1a: Cinderace|typechange|Steel|[from] ability: Libero\n|-resisted|p2a: Kommo-o\n|-damage|p2a: Kommo-o|89\/100\n|cant|p2a: Kommo-o|flinch\n|\n|-heal|p1a: Cinderace|37\/100|[from] item: Leftovers\n|-heal|p2a: Kommo-o|95\/100|[from] item: Leftovers\n|upkeep\n|turn|8\n|inactive|Battle timer is ON: inactive players will automatically lose when time's up. (requested by Blake-Mamba)\n|\n|t:|1698189180\n|move|p1a: Cinderace|Iron Head|p2a: Kommo-o\n|-resisted|p2a: Kommo-o\n|-damage|p2a: Kommo-o|83\/100\n|move|p2a: Kommo-o|Clangorous Soul|p2a: Kommo-o\n|-boost|p2a: Kommo-o|atk|1\n|-boost|p2a: Kommo-o|def|1\n|-boost|p2a: Kommo-o|spa|1\n|-boost|p2a: Kommo-o|spd|1\n|-boost|p2a: Kommo-o|spe|1\n|-damage|p2a: Kommo-o|50\/100\n|\n|-heal|p2a: Kommo-o|56\/100|[from] item: Leftovers\n|-heal|p1a: Cinderace|43\/100|[from] item: Leftovers\n|upkeep\n|turn|9\n|\n|t:|1698189199\n|move|p1a: Cinderace|Sucker Punch|p2a: Kommo-o\n|-damage|p2a: Kommo-o|46\/100\n|move|p2a: Kommo-o|Drain Punch|p1a: Cinderace\n|-supereffective|p1a: Cinderace\n|-damage|p1a: Cinderace|0 fnt\n|-heal|p2a: Kommo-o|64\/100|[from] drain|[of] p1a: Cinderace\n|faint|p1a: Cinderace\n|\n|-heal|p2a: Kommo-o|70\/100|[from] item: Leftovers\n|upkeep\n|\n|t:|1698189208\n|switch|p1a: Kommo-o|Kommo-o, M|100\/100\n|turn|10\n|\n|t:|1698189213\n|move|p2a: Kommo-o|Outrage|p1a: Kommo-o\n|-supereffective|p1a: Kommo-o\n|-damage|p1a: Kommo-o|0 fnt\n|faint|p1a: Kommo-o\n|\n|-heal|p2a: Kommo-o|76\/100|[from] item: Leftovers\n|upkeep\n|-message|montero.nando forfeited.\n|\n|win|Blake-Mamba\n|raw|montero.nando's rating: 1102 &rarr; <strong>1080<\/strong><br \/>(-22 for losing)\n|raw|Blake-Mamba's rating: 1143 &rarr; <strong>1165<\/strong><br \/>(+22 for winning)\n|l|\u2606montero.nando\n","uploadtime":1698189222,"views":7,"p1id":"monteronando","p2id":"blakemamba","formatid":"gen9ubers","rating":1080,"private":0,"password":""}