{"id":"gen9ubers-1975301215","p1":"SadaShidz\ufe0f","p2":"VahnNFG","format":"[Gen 9] Ubers","log":"|j|\u2606SadaShidz\ufe0f\n|j|\u203dVahnNFG\n|t:|1698177871\n|gametype|singles\n|player|p1|SadaShidz\ufe0f|sada-ai|1282\n|player|p2|VahnNFG|265|1420\n|teamsize|p1|6\n|teamsize|p2|6\n|gen|9\n|tier|[Gen 9] Ubers\n|rated|\n|rule|Sleep Clause Mod: Limit one foe put to sleep\n|rule|Species Clause: Limit one of each Pok\u00e9mon\n|rule|OHKO Clause: OHKO moves are banned\n|rule|Evasion Items Clause: Evasion items are banned\n|rule|Evasion Moves Clause: Evasion moves are banned\n|rule|Endless Battle Clause: Forcing endless battles is banned\n|rule|HP Percentage Mod: HP is shown in percentages\n|clearpoke\n|poke|p1|Ribombee, F|\n|poke|p1|Arceus-Ghost|\n|poke|p1|Ogerpon-Hearthflame, F|\n|poke|p1|Sinistcha-Masterpiece|\n|poke|p1|Ursaluna-Bloodmoon, M|\n|poke|p1|Flutter Mane|\n|poke|p2|Koraidon|\n|poke|p2|Hatterene, F|\n|poke|p2|Zacian-*|\n|poke|p2|Ribombee, M|\n|poke|p2|Calyrex-Ice|\n|poke|p2|Spectrier|\n|teampreview\n|inactive|Battle timer is ON: inactive players will automatically lose when time's up. (requested by SadaShidz\ufe0f)\n|\n|t:|1698177877\n|start\n|switch|p1a: Mighty Bee|Ribombee, F, shiny|100\/100\n|switch|p2a: Zacian|Zacian-Crowned, shiny|100\/100\n|-ability|p2a: Zacian|Intrepid Sword|boost\n|-boost|p2a: Zacian|atk|1\n|turn|1\n|\n|t:|1698177883\n|switch|p2a: Hatterene|Hatterene, F, shiny|100\/100\n|move|p1a: Mighty Bee|Stun Spore|p2a: Hatterene\n|move|p2a: Hatterene|Stun Spore|p1a: Mighty Bee|[from]ability: Magic Bounce\n|-status|p1a: Mighty Bee|par\n|\n|upkeep\n|turn|2\n|\n|t:|1698177889\n|switch|p1a: Ice Spice|Flutter Mane|100\/100\n|move|p2a: Hatterene|Trick Room|p2a: Hatterene\n|-fieldstart|move: Trick Room|[of] p2a: Hatterene\n|\n|upkeep\n|turn|3\n|\n|t:|1698177905\n|move|p2a: Hatterene|Psyshock|p1a: Ice Spice\n|-enditem|p1a: Ice Spice|Focus Sash\n|-damage|p1a: Ice Spice|1\/100\n|-damage|p2a: Hatterene|91\/100|[from] item: Life Orb\n|move|p1a: Ice Spice|Shadow Ball|p2a: Hatterene\n|-supereffective|p2a: Hatterene\n|-damage|p2a: Hatterene|1\/100\n|\n|upkeep\n|turn|4\n|\n|t:|1698177917\n|move|p2a: Hatterene|Dazzling Gleam|p1a: Ice Spice\n|-damage|p1a: Ice Spice|0 fnt\n|faint|p1a: Ice Spice\n|-end|p1a: Ice Spice|Protosynthesis|[silent]\n|-damage|p2a: Hatterene|0 fnt|[from] item: Life Orb\n|faint|p2a: Hatterene\n|\n|upkeep\n|\n|t:|1698177928\n|switch|p2a: Calyrex|Calyrex-Ice|100\/100\n|switch|p1a: Sippin Green|Sinistcha-Masterpiece, shiny|100\/100\n|-ability|p2a: Calyrex|As One\n|-ability|p2a: Calyrex|Unnerve\n|turn|5\n|\n|t:|1698177935\n|move|p2a: Calyrex|Glacial Lance|p1a: Sippin Green\n|-supereffective|p1a: Sippin Green\n|-damage|p1a: Sippin Green|0 fnt\n|faint|p1a: Sippin Green\n|-ability|p2a: Calyrex|Chilling Neigh|boost\n|-boost|p2a: Calyrex|atk|1\n|\n|upkeep\n|\n|t:|1698177941\n|switch|p1a: Mighty Bee|Ribombee, F, shiny|100\/100 par\n|turn|6\n|\n|t:|1698177943\n|move|p2a: Calyrex|Glacial Lance|p1a: Mighty Bee\n|-enditem|p1a: Mighty Bee|Focus Sash\n|-damage|p1a: Mighty Bee|1\/100 par\n|move|p1a: Mighty Bee|Stun Spore|p2a: Calyrex\n|-status|p2a: Calyrex|par\n|\n|-fieldend|move: Trick Room\n|upkeep\n|turn|7\n|\n|t:|1698177948\n|switch|p2a: Spectrier|Spectrier|100\/100\n|move|p1a: Mighty Bee|Sticky Web|p2a: Spectrier\n|-sidestart|p2: VahnNFG|move: Sticky Web\n|\n|upkeep\n|turn|8\n|\n|t:|1698177951\n|move|p2a: Spectrier|Shadow Ball|p1a: Mighty Bee\n|-damage|p1a: Mighty Bee|0 fnt\n|faint|p1a: Mighty Bee\n|-ability|p2a: Spectrier|Grim Neigh|boost\n|-boost|p2a: Spectrier|spa|1\n|-damage|p2a: Spectrier|91\/100|[from] item: Life Orb\n|\n|upkeep\n|\n|t:|1698177955\n|switch|p1a: Undead|Ursaluna-Bloodmoon, M|100\/100\n|turn|9\n|\n|t:|1698177960\n|-terastallize|p2a: Spectrier|Fighting\n|move|p2a: Spectrier|Tera Blast|p1a: Undead|[anim] Tera Blast Fighting\n|-supereffective|p1a: Undead\n|-damage|p1a: Undead|0 fnt\n|faint|p1a: Undead\n|-ability|p2a: Spectrier|Grim Neigh|boost\n|-boost|p2a: Spectrier|spa|1\n|-damage|p2a: Spectrier|81\/100|[from] item: Life Orb\n|\n|upkeep\n|\n|t:|1698177965\n|switch|p1a: Yamz|Arceus-Ghost, shiny|100\/100\n|turn|10\n|\n|t:|1698177971\n|-terastallize|p1a: Yamz|Normal\n|move|p1a: Yamz|Calm Mind|p1a: Yamz\n|-boost|p1a: Yamz|spa|1\n|-boost|p1a: Yamz|spd|1\n|move|p2a: Spectrier|Shadow Ball|p1a: Yamz\n|-immune|p1a: Yamz\n|\n|upkeep\n|turn|11\n|\n|t:|1698177974\n|move|p1a: Yamz|Judgment|p2a: Spectrier\n|-damage|p2a: Spectrier|0 fnt\n|faint|p2a: Spectrier\n|\n|upkeep\n|\n|t:|1698177979\n|switch|p2a: Ribombee|Ribombee, M|100\/100\n|-activate|p2a: Ribombee|move: Sticky Web\n|-unboost|p2a: Ribombee|spe|1\n|turn|12\n|\n|t:|1698177983\n|move|p1a: Yamz|Judgment|p2a: Ribombee\n|-enditem|p2a: Ribombee|Focus Sash\n|-damage|p2a: Ribombee|1\/100\n|move|p2a: Ribombee|Stun Spore|p1a: Yamz\n|-status|p1a: Yamz|par\n|\n|upkeep\n|turn|13\n|l|\u203dVahnNFG\n|inactive|VahnNFG disconnected and has a minute to reconnect!\n|player|p2|\n|\n|t:|1698177987\n|move|p2a: Ribombee|Quiver Dance|p2a: Ribombee\n|-boost|p2a: Ribombee|spa|1\n|-boost|p2a: Ribombee|spd|1\n|-boost|p2a: Ribombee|spe|1\n|move|p1a: Yamz|Judgment|p2a: Ribombee\n|-damage|p2a: Ribombee|0 fnt\n|faint|p2a: Ribombee\n|\n|upkeep\n|j|\u203dVahnNFG\n|inactive|VahnNFG reconnected and has 150 seconds left.\n|player|p2|VahnNFG|265\n|n|\u203dVahnNFG|vahnnfg\n|n|\u203dVahnNFG|vahnnfg\n|n|\u203dVahnNFG|vahnnfg\n|n|\u203dVahnNFG|vahnnfg\n|\n|t:|1698177996\n|switch|p2a: Koraidon|Koraidon|100\/100\n|-activate|p2a: Koraidon|move: Sticky Web\n|-unboost|p2a: Koraidon|spe|1\n|-weather|SunnyDay|[from] ability: Orichalcum Pulse|[of] p2a: Koraidon\n|-activate|p2a: Koraidon|Orichalcum Pulse|[source]\n|turn|14\n|\n|t:|1698177999\n|move|p2a: Koraidon|Collision Course|p1a: Yamz\n|-supereffective|p1a: Yamz\n|-damage|p1a: Yamz|0 fnt\n|faint|p1a: Yamz\n|\n|-weather|SunnyDay|[upkeep]\n|upkeep\n|\n|t:|1698178001\n|switch|p1a: Fioni|Ogerpon-Hearthflame, F|100\/100\n|-ability|p1a: Fioni|Mold Breaker\n|turn|15\n|\n|t:|1698178005\n|move|p1a: Fioni|Play Rough|p2a: Koraidon\n|-supereffective|p2a: Koraidon\n|-damage|p2a: Koraidon|0 fnt\n|faint|p2a: Koraidon\n|\n|-weather|SunnyDay|[upkeep]\n|upkeep\n|\n|t:|1698178010\n|switch|p2a: Calyrex|Calyrex-Ice|100\/100 par\n|-ability|p2a: Calyrex|As One\n|-ability|p2a: Calyrex|Unnerve\n|turn|16\n|\n|t:|1698178012\n|move|p1a: Fioni|Ivy Cudgel|p2a: Calyrex\n|-supereffective|p2a: Calyrex\n|-damage|p2a: Calyrex|5\/100 par\n|move|p2a: Calyrex|Trick Room|p2a: Calyrex\n|-fieldstart|move: Trick Room|[of] p2a: Calyrex\n|\n|-weather|SunnyDay|[upkeep]\n|upkeep\n|turn|17\n|\n|t:|1698178017\n|cant|p2a: Calyrex|par\n|move|p1a: Fioni|Ivy Cudgel|p2a: Calyrex\n|-supereffective|p2a: Calyrex\n|-damage|p2a: Calyrex|0 fnt\n|faint|p2a: Calyrex\n|\n|-weather|SunnyDay|[upkeep]\n|upkeep\n|\n|t:|1698178020\n|switch|p2a: Zacian|Zacian-Crowned, shiny|100\/100\n|-activate|p2a: Zacian|move: Sticky Web\n|-unboost|p2a: Zacian|spe|1\n|turn|18\n|\n|t:|1698178023\n|move|p2a: Zacian|Behemoth Blade|p1a: Fioni\n|-resisted|p1a: Fioni\n|-damage|p1a: Fioni|66\/100\n|move|p1a: Fioni|Ivy Cudgel|p2a: Zacian\n|-supereffective|p2a: Zacian\n|-damage|p2a: Zacian|0 fnt\n|faint|p2a: Zacian\n|\n|win|SadaShidz\ufe0f\n|raw|SadaShidz\ufe0f's rating: 1282 &rarr; <strong>1316<\/strong><br \/>(+34 for winning)\n|raw|VahnNFG's rating: 1420 &rarr; <strong>1392<\/strong><br \/>(-28 for losing)\n|l|\u203dVahnNFG\n|c|\u2606SadaShidz\ufe0f|Gg\n","uploadtime":1698178061,"views":7,"p1id":"sadashidz","p2id":"vahnnfg","formatid":"gen9ubers","rating":1316,"private":0,"password":""}