{"id":"gen9ubers-1979857093","p1":"sixounce","p2":"Z Stayne","format":"[Gen 9] Ubers","log":"|j|\u2606sixounce\n|j|\u2606Z Stayne\n|t:|1698720705\n|gametype|singles\n|player|p1|sixounce|101|\n|player|p2|Z Stayne|2|\n|teamsize|p1|6\n|teamsize|p2|6\n|gen|9\n|tier|[Gen 9] Ubers\n|rule|Sleep Clause Mod: Limit one foe put to sleep\n|rule|Species Clause: Limit one of each Pok\u00e9mon\n|rule|OHKO Clause: OHKO moves are banned\n|rule|Evasion Items Clause: Evasion items are banned\n|rule|Evasion Moves Clause: Evasion moves are banned\n|rule|Endless Battle Clause: Forcing endless battles is banned\n|rule|HP Percentage Mod: HP is shown in percentages\n|clearpoke\n|poke|p1|Walking Wake|\n|poke|p1|Cinderace, F|\n|poke|p1|Ting-Lu|\n|poke|p1|Hatterene, F|\n|poke|p1|Ninetales, F|\n|poke|p1|Brute Bonnet|\n|poke|p2|Goodra-Hisui, F|\n|poke|p2|Jumpluff, M|\n|poke|p2|Volcanion|\n|poke|p2|Greninja-*, M|\n|poke|p2|Okidogi, M|\n|poke|p2|Chesnaught, M|\n|teampreview\n|\n|t:|1698720723\n|start\n|switch|p1a: Ting-Lu|Ting-Lu|100\/100\n|switch|p2a: Jumpluff|Jumpluff, M|100\/100\n|-ability|p1a: Ting-Lu|Vessel of Ruin\n|turn|1\n|\n|t:|1698720747\n|move|p2a: Jumpluff|Light Screen|p2a: Jumpluff\n|-sidestart|p2: Z Stayne|move: Light Screen\n|move|p1a: Ting-Lu|Spikes|p2a: Jumpluff\n|-sidestart|p2: Z Stayne|Spikes\n|\n|upkeep\n|turn|2\n|\n|t:|1698720752\n|move|p2a: Jumpluff|Reflect|p2a: Jumpluff\n|-sidestart|p2: Z Stayne|Reflect\n|move|p1a: Ting-Lu|Stealth Rock|p2a: Jumpluff\n|-sidestart|p2: Z Stayne|move: Stealth Rock\n|\n|upkeep\n|turn|3\n|\n|t:|1698720773\n|switch|p1a: Ninetales|Ninetales, F|100\/100\n|-weather|SunnyDay|[from] ability: Drought|[of] p1a: Ninetales\n|move|p2a: Jumpluff|U-turn|p1a: Ninetales\n|-resisted|p1a: Ninetales\n|-damage|p1a: Ninetales|93\/100\n|\n|t:|1698720841\n|switch|p2a: Greninja|Greninja, M|100\/100|[from] U-turn\n|-damage|p2a: Greninja|88\/100|[from] Spikes\n|-damage|p2a: Greninja|76\/100|[from] Stealth Rock\n|\n|-weather|SunnyDay|[upkeep]\n|upkeep\n|turn|4\n|\n|t:|1698720881\n|switch|p1a: Walking Wake|Walking Wake|100\/100\n|-activate|p1a: Walking Wake|ability: Protosynthesis\n|-start|p1a: Walking Wake|protosynthesisspe\n|move|p2a: Greninja|Grass Knot|p1a: Walking Wake\n|-start|p2a: Greninja|typechange|Grass|[from] ability: Protean\n|-damage|p1a: Walking Wake|4\/100\n|\n|-weather|SunnyDay|[upkeep]\n|upkeep\n|turn|5\n|\n|t:|1698720946\n|move|p1a: Walking Wake|Hydro Steam|p2a: Greninja\n|-resisted|p2a: Greninja\n|-damage|p2a: Greninja|41\/100\n|move|p2a: Greninja|Grass Knot|p1a: Walking Wake\n|-damage|p1a: Walking Wake|0 fnt\n|faint|p1a: Walking Wake\n|-end|p1a: Walking Wake|Protosynthesis|[silent]\n|\n|-weather|SunnyDay|[upkeep]\n|upkeep\n|\n|t:|1698720964\n|switch|p1a: Ting-Lu|Ting-Lu|100\/100\n|-ability|p1a: Ting-Lu|Vessel of Ruin\n|turn|6\n|\n|t:|1698720986\n|move|p2a: Greninja|Grass Knot|p1a: Ting-Lu\n|-supereffective|p1a: Ting-Lu\n|-damage|p1a: Ting-Lu|0 fnt\n|faint|p1a: Ting-Lu\n|\n|-weather|SunnyDay|[upkeep]\n|upkeep\n|\n|t:|1698721050\n|switch|p1a: Ninetales|Ninetales, F|93\/100\n|turn|7\n|\n|t:|1698721057\n|switch|p2a: Volcanion|Volcanion|100\/100\n|-damage|p2a: Volcanion|88\/100|[from] Spikes\n|-damage|p2a: Volcanion|63\/100|[from] Stealth Rock\n|move|p1a: Ninetales|Weather Ball|p2a: Volcanion\n|-resisted|p2a: Volcanion\n|-damage|p2a: Volcanion|56\/100\n|\n|-weather|SunnyDay|[upkeep]\n|-heal|p2a: Volcanion|62\/100|[from] item: Leftovers\n|upkeep\n|turn|8\n|\n|t:|1698721119\n|switch|p1a: Cinderace|Cinderace, F|100\/100\n|move|p2a: Volcanion|Earth Power|p1a: Cinderace\n|-supereffective|p1a: Cinderace\n|-damage|p1a: Cinderace|12\/100\n|\n|-weather|SunnyDay|[upkeep]\n|-heal|p2a: Volcanion|69\/100|[from] item: Leftovers\n|-sideend|p2: Z Stayne|move: Light Screen\n|upkeep\n|turn|9\n|\n|t:|1698721147\n|move|p1a: Cinderace|Gunk Shot|p2a: Volcanion\n|-start|p1a: Cinderace|typechange|Poison|[from] ability: Libero\n|-damage|p2a: Volcanion|45\/100\n|move|p2a: Volcanion|Earth Power|p1a: Cinderace\n|-supereffective|p1a: Cinderace\n|-damage|p1a: Cinderace|0 fnt\n|faint|p1a: Cinderace\n|\n|-weather|SunnyDay|[upkeep]\n|-heal|p2a: Volcanion|51\/100|[from] item: Leftovers\n|-sideend|p2: Z Stayne|Reflect\n|upkeep\n|\n|t:|1698721153\n|switch|p1a: Ninetales|Ninetales, F|93\/100\n|turn|10\n|\n|t:|1698721193\n|move|p1a: Ninetales|Solar Beam||[still]\n|-prepare|p1a: Ninetales|Solar Beam\n|-anim|p1a: Ninetales|Solar Beam|p2a: Volcanion\n|-damage|p2a: Volcanion|21\/100\n|move|p2a: Volcanion|Earth Power|p1a: Ninetales\n|-supereffective|p1a: Ninetales\n|-damage|p1a: Ninetales|18\/100\n|\n|-weather|none\n|-heal|p2a: Volcanion|27\/100|[from] item: Leftovers\n|upkeep\n|turn|11\n|\n|t:|1698721203\n|move|p1a: Ninetales|Solar Beam||[still]\n|-prepare|p1a: Ninetales|Solar Beam\n|move|p2a: Volcanion|Earth Power|p1a: Ninetales\n|-supereffective|p1a: Ninetales\n|-damage|p1a: Ninetales|0 fnt\n|faint|p1a: Ninetales\n|\n|-heal|p2a: Volcanion|33\/100|[from] item: Leftovers\n|upkeep\n|\n|t:|1698721212\n|switch|p1a: Brute Bonnet|Brute Bonnet|100\/100\n|turn|12\n|\n|t:|1698721247\n|move|p1a: Brute Bonnet|Sucker Punch|p2a: Volcanion\n|-damage|p2a: Volcanion|0 fnt\n|faint|p2a: Volcanion\n|\n|upkeep\n|\n|t:|1698721289\n|switch|p2a: Okidogi|Okidogi, M|100\/100\n|-damage|p2a: Okidogi|88\/100|[from] Spikes\n|-damage|p2a: Okidogi|82\/100|[from] Stealth Rock\n|turn|13\n|\n|t:|1698721314\n|-terastallize|p1a: Brute Bonnet|Fire\n|move|p2a: Okidogi|Bulk Up|p2a: Okidogi\n|-boost|p2a: Okidogi|atk|1\n|-boost|p2a: Okidogi|def|1\n|move|p1a: Brute Bonnet|Tera Blast|p2a: Okidogi|[anim] Tera Blast Fire\n|-damage|p2a: Okidogi|56\/100\n|\n|-heal|p2a: Okidogi|62\/100|[from] item: Leftovers\n|upkeep\n|turn|14\n|\n|t:|1698721393\n|-end|p1a: Brute Bonnet|Protosynthesis|[silent]\n|switch|p1a: Hatterene|Hatterene, F|100\/100\n|move|p2a: Okidogi|Knock Off|p1a: Hatterene\n|-damage|p1a: Hatterene|60\/100\n|-enditem|p1a: Hatterene|Eject Pack|[from] move: Knock Off|[of] p2a: Okidogi\n|\n|-heal|p2a: Okidogi|68\/100|[from] item: Leftovers\n|upkeep\n|turn|15\n|\n|t:|1698721432\n|move|p2a: Okidogi|Gunk Shot|p1a: Hatterene\n|-supereffective|p1a: Hatterene\n|-damage|p1a: Hatterene|0 fnt\n|faint|p1a: Hatterene\n|\n|-heal|p2a: Okidogi|74\/100|[from] item: Leftovers\n|upkeep\n|\n|t:|1698721436\n|switch|p1a: Brute Bonnet|Brute Bonnet, tera:Fire|100\/100\n|turn|16\n|\n|t:|1698721458\n|move|p2a: Okidogi|Gunk Shot|p1a: Brute Bonnet\n|-damage|p1a: Brute Bonnet|8\/100\n|move|p1a: Brute Bonnet|Tera Blast|p2a: Okidogi|[anim] Tera Blast Fire\n|-damage|p2a: Okidogi|48\/100\n|\n|-heal|p2a: Okidogi|54\/100|[from] item: Leftovers\n|upkeep\n|turn|17\n|\n|t:|1698721465\n|move|p1a: Brute Bonnet|Sucker Punch|p2a: Okidogi\n|-resisted|p2a: Okidogi\n|-damage|p2a: Okidogi|43\/100\n|move|p2a: Okidogi|Gunk Shot|p1a: Brute Bonnet|[miss]\n|-miss|p2a: Okidogi|p1a: Brute Bonnet\n|\n|-heal|p2a: Okidogi|49\/100|[from] item: Leftovers\n|upkeep\n|turn|18\n|\n|t:|1698721472\n|move|p2a: Okidogi|Drain Punch|p1a: Brute Bonnet\n|-damage|p1a: Brute Bonnet|0 fnt\n|-heal|p2a: Okidogi|53\/100|[from] drain|[of] p1a: Brute Bonnet\n|faint|p1a: Brute Bonnet\n|-end|p1a: Brute Bonnet|Protosynthesis|[silent]\n|\n|win|Z Stayne\n|l|\u2606sixounce\n","uploadtime":1698721501,"views":25,"p1id":"sixounce","p2id":"zstayne","formatid":"gen9ubers","rating":0,"private":0,"password":""}