{"id":"gen9ubers-1989198424","p1":"1P1o1s1h1e1","p2":"Finchely","format":"[Gen 9] Ubers","log":"|j|\u26061P1o1s1h1e1\n|j|\u2606Finchely\n|t:|1699822523\n|gametype|singles\n|player|p1|1P1o1s1h1e1|2|\n|player|p2|Finchely|acetrainerf|\n|teamsize|p1|6\n|teamsize|p2|6\n|gen|9\n|tier|[Gen 9] Ubers\n|rule|Sleep Clause Mod: Limit one foe put to sleep\n|rule|Species Clause: Limit one of each Pok\u00e9mon\n|rule|OHKO Clause: OHKO moves are banned\n|rule|Evasion Items Clause: Evasion items are banned\n|rule|Evasion Moves Clause: Evasion moves are banned\n|rule|Endless Battle Clause: Forcing endless battles is banned\n|rule|HP Percentage Mod: HP is shown in percentages\n|clearpoke\n|poke|p1|Rillaboom, F|\n|poke|p1|Espathra, F|\n|poke|p1|Sneasler, M|\n|poke|p1|Cyclizar, M|\n|poke|p1|Arceus-Fire|\n|poke|p1|Dialga-Origin|\n|poke|p2|Slowking-Galar, F|\n|poke|p2|Palkia-Origin|\n|poke|p2|Dragapult, M|\n|poke|p2|Cyclizar, M|\n|poke|p2|Clefable, M|\n|poke|p2|Arceus-Dark|\n|teampreview\n|c|\u2606Finchely|yoo glhf\n|c|\u26061P1o1s1h1e1|u2\n|\n|t:|1699822544\n|start\n|switch|p1a: Cyclizar|Cyclizar, M|100\/100\n|switch|p2a: Slowking|Slowking-Galar, F|100\/100\n|turn|1\n|c|\u2606Finchely|man i hate sneasler so much\n|c|\u2606Finchely|like\n|c|\u2606Finchely|it actually breaks this team so hard lmao\n|c|\u26061P1o1s1h1e1|lol\n|\n|t:|1699822569\n|move|p1a: Cyclizar|Knock Off|p2a: Slowking\n|-supereffective|p2a: Slowking\n|-damage|p2a: Slowking|67\/100\n|-enditem|p2a: Slowking|Covert Cloak|[from] move: Knock Off|[of] p1a: Cyclizar\n|move|p2a: Slowking|Chilly Reception|p2a: Slowking\n|-weather|Snow\n|\n|t:|1699822575\n|switch|p2a: Arceus|Arceus-Dark|100\/100|[from] Chilly Reception\n|\n|-weather|Snow|[upkeep]\n|upkeep\n|turn|2\n|\n|t:|1699822584\n|-terastallize|p1a: Cyclizar|Poison\n|move|p1a: Cyclizar|Taunt|p2a: Arceus\n|-start|p2a: Arceus|move: Taunt\n|move|p2a: Arceus|Body Press|p1a: Cyclizar\n|-resisted|p1a: Cyclizar\n|-damage|p1a: Cyclizar|82\/100\n|\n|-weather|Snow|[upkeep]\n|upkeep\n|turn|3\n|\n|t:|1699822593\n|move|p1a: Cyclizar|Shed Tail|p1a: Cyclizar\n|-start|p1a: Cyclizar|Substitute|[from] move: Shed Tail\n|-damage|p1a: Cyclizar|32\/100\n|\n|t:|1699822601\n|switch|p1a: Sneasler|Sneasler, M, shiny|100\/100|[from] Shed Tail\n|move|p2a: Arceus|Foul Play|p1a: Sneasler\n|-resisted|p1a: Sneasler\n|-end|p1a: Sneasler|Substitute\n|\n|-weather|Snow|[upkeep]\n|upkeep\n|turn|4\n|c|\u2606Finchely|yeah\n|c|\u2606Finchely|this is already a pretty bad position\n|\n|t:|1699822615\n|switch|p2a: Slowking|Slowking-Galar, F|99\/100\n|move|p1a: Sneasler|Dire Claw|p2a: Slowking\n|-resisted|p2a: Slowking\n|-damage|p2a: Slowking|84\/100\n|\n|-weather|Snow|[upkeep]\n|upkeep\n|turn|5\n|\n|t:|1699822622\n|switch|p1a: Dialga|Dialga-Origin|100\/100\n|-ability|p1a: Dialga|Pressure\n|move|p2a: Slowking|Thunder Wave|p1a: Dialga|[miss]\n|-miss|p2a: Slowking|p1a: Dialga\n|\n|-weather|none\n|upkeep\n|turn|6\n|\n|t:|1699822628\n|move|p1a: Dialga|Thunder Wave|p2a: Slowking\n|-status|p2a: Slowking|par\n|move|p2a: Slowking|Toxic Spikes|p1a: Dialga\n|-sidestart|p1: 1P1o1s1h1e1|move: Toxic Spikes\n|\n|upkeep\n|turn|7\n|\n|t:|1699822634\n|move|p2a: Slowking|Thunder Wave|p1a: Dialga\n|-status|p1a: Dialga|par\n|cant|p1a: Dialga|par\n|\n|upkeep\n|turn|8\n|\n|t:|1699822641\n|move|p2a: Slowking|Future Sight|p1a: Dialga\n|-start|p2a: Slowking|move: Future Sight\n|cant|p1a: Dialga|par\n|\n|upkeep\n|turn|9\n|\n|t:|1699822646\n|move|p2a: Slowking|Toxic Spikes|p1a: Dialga\n|-sidestart|p1: 1P1o1s1h1e1|move: Toxic Spikes\n|move|p1a: Dialga|Dragon Tail|p2a: Slowking\n|-crit|p2a: Slowking\n|-damage|p2a: Slowking|55\/100 par\n|drag|p2a: Dragapult|Dragapult, M, shiny|100\/100\n|\n|upkeep\n|turn|10\n|\n|t:|1699822658\n|move|p2a: Dragapult|U-turn|p1a: Dialga\n|-resisted|p1a: Dialga\n|-damage|p1a: Dialga|94\/100 par\n|\n|t:|1699822666\n|switch|p2a: Slowking|Slowking-Galar, F|88\/100 par|[from] U-turn\n|move|p1a: Dialga|Draco Meteor|p2a: Slowking\n|-damage|p2a: Slowking|27\/100 par\n|-unboost|p1a: Dialga|spa|2\n|\n|-end|p1a: Dialga|move: Future Sight\n|-resisted|p1a: Dialga\n|-damage|p1a: Dialga|82\/100 par\n|upkeep\n|turn|11\n|\n|t:|1699822679\n|switch|p2a: Clefable|Clefable, M|100\/100\n|cant|p1a: Dialga|par\n|\n|upkeep\n|turn|12\n|\n|t:|1699822686\n|switch|p2a: Slowking|Slowking-Galar, F|61\/100 par\n|switch|p1a: Sneasler|Sneasler, M, shiny|100\/100\n|-sideend|p1: 1P1o1s1h1e1|move: Toxic Spikes|[of] p1a: Sneasler\n|\n|upkeep\n|turn|13\n|\n|t:|1699822691\n|switch|p1a: Dialga|Dialga-Origin|82\/100 par\n|-ability|p1a: Dialga|Pressure\n|move|p2a: Slowking|Future Sight|p1a: Dialga\n|-start|p2a: Slowking|move: Future Sight\n|\n|upkeep\n|turn|14\n|\n|t:|1699822695\n|move|p1a: Dialga|Thunder Wave|p2a: Slowking\n|-fail|p2a: Slowking|par\n|cant|p2a: Slowking|par\n|\n|upkeep\n|turn|15\n|\n|t:|1699822703\n|switch|p2a: Clefable|Clefable, M|100\/100\n|move|p1a: Dialga|Draco Meteor|p2a: Clefable\n|-immune|p2a: Clefable\n|\n|-end|p1a: Dialga|move: Future Sight\n|-resisted|p1a: Dialga\n|-damage|p1a: Dialga|70\/100 par\n|upkeep\n|turn|16\n|\n|t:|1699822713\n|move|p2a: Clefable|Wish|p2a: Clefable\n|move|p1a: Dialga|Thunder Wave|p2a: Clefable\n|-status|p2a: Clefable|par\n|\n|upkeep\n|turn|17\n|\n|t:|1699822719\n|switch|p1a: Rillaboom|Rillaboom, F|100\/100\n|-fieldstart|move: Grassy Terrain|[from] ability: Grassy Surge|[of] p1a: Rillaboom\n|switch|p2a: Arceus|Arceus-Dark|100\/100\n|\n|upkeep\n|turn|18\n|\n|t:|1699822725\n|move|p1a: Rillaboom|U-turn|p2a: Arceus\n|-supereffective|p2a: Arceus\n|-damage|p2a: Arceus|67\/100\n|\n|t:|1699822729\n|switch|p1a: Sneasler|Sneasler, M, shiny|100\/100|[from] U-turn\n|-enditem|p1a: Sneasler|Grassy Seed\n|-boost|p1a: Sneasler|def|1|[from] item: Grassy Seed\n|move|p2a: Arceus|Cosmic Power|p2a: Arceus\n|-boost|p2a: Arceus|def|1\n|-boost|p2a: Arceus|spd|1\n|\n|-heal|p2a: Arceus|73\/100|[from] Grassy Terrain\n|upkeep\n|turn|19\n|c|\u2606Finchely|ooh shit\n|\n|t:|1699822753\n|move|p1a: Sneasler|Swords Dance|p1a: Sneasler\n|-boost|p1a: Sneasler|atk|2\n|move|p2a: Arceus|Foul Play|p1a: Sneasler\n|-resisted|p1a: Sneasler\n|-damage|p1a: Sneasler|31\/100\n|\n|-heal|p1a: Sneasler|37\/100|[from] Grassy Terrain\n|-heal|p2a: Arceus|79\/100|[from] Grassy Terrain\n|upkeep\n|turn|20\n|\n|t:|1699822757\n|-terastallize|p2a: Arceus|Fairy\n|move|p1a: Sneasler|Close Combat|p2a: Arceus\n|-resisted|p2a: Arceus\n|-damage|p2a: Arceus|58\/100\n|-unboost|p1a: Sneasler|def|1\n|-unboost|p1a: Sneasler|spd|1\n|move|p2a: Arceus|Foul Play|p1a: Sneasler\n|-resisted|p1a: Sneasler\n|-damage|p1a: Sneasler|0 fnt\n|faint|p1a: Sneasler\n|\n|-heal|p2a: Arceus|64\/100|[from] Grassy Terrain\n|upkeep\n|c|\u26061P1o1s1h1e1|damn\n|\n|t:|1699822762\n|switch|p1a: Dialga|Dialga-Origin|70\/100 par\n|-ability|p1a: Dialga|Pressure\n|turn|21\n|c|\u2606Finchely|damn that was scary\n|\n|t:|1699822778\n|move|p2a: Arceus|Cosmic Power|p2a: Arceus\n|-boost|p2a: Arceus|def|1\n|-boost|p2a: Arceus|spd|1\n|move|p1a: Dialga|Steel Beam|p2a: Arceus\n|-supereffective|p2a: Arceus\n|-damage|p2a: Arceus|6\/100\n|-damage|p1a: Dialga|20\/100 par|[from] steelbeam\n|\n|-heal|p2a: Arceus|12\/100|[from] Grassy Terrain\n|-heal|p1a: Dialga|26\/100 par|[from] Grassy Terrain\n|-fieldend|move: Grassy Terrain\n|upkeep\n|turn|22\n|\n|t:|1699822791\n|move|p2a: Arceus|Recover|p2a: Arceus\n|-heal|p2a: Arceus|62\/100\n|move|p1a: Dialga|Steel Beam|p2a: Arceus\n|-supereffective|p2a: Arceus\n|-damage|p2a: Arceus|9\/100\n|-damage|p1a: Dialga|0 fnt|[from] steelbeam\n|faint|p1a: Dialga\n|\n|upkeep\n|c|\u2606Finchely|shit steel beam?\n|\n|t:|1699822800\n|switch|p1a: Arceus|Arceus-Fire|100\/100\n|turn|23\n|\n|t:|1699822809\n|switch|p2a: Slowking|Slowking-Galar, F|94\/100 par\n|move|p1a: Arceus|Judgment|p2a: Slowking\n|-damage|p2a: Slowking|53\/100 par\n|\n|upkeep\n|turn|24\n|\n|t:|1699822818\n|move|p1a: Arceus|Calm Mind|p1a: Arceus\n|-boost|p1a: Arceus|spa|1\n|-boost|p1a: Arceus|spd|1\n|move|p2a: Slowking|Thunder Wave|p1a: Arceus\n|-status|p1a: Arceus|par\n|\n|upkeep\n|turn|25\n|\n|t:|1699822828\n|switch|p2a: Clefable|Clefable, M|100\/100 par\n|cant|p1a: Arceus|par\n|\n|upkeep\n|turn|26\n|\n|t:|1699822835\n|switch|p1a: Rillaboom|Rillaboom, F|100\/100\n|-fieldstart|move: Grassy Terrain|[from] ability: Grassy Surge|[of] p1a: Rillaboom\n|move|p2a: Clefable|Wish|p2a: Clefable\n|\n|upkeep\n|turn|27\n|\n|t:|1699822844\n|switch|p2a: Palkia|Palkia-Origin, shiny|100\/100\n|-ability|p2a: Palkia|Pressure\n|move|p1a: Rillaboom|Wood Hammer|p2a: Palkia\n|-damage|p2a: Palkia|0 fnt\n|faint|p2a: Palkia\n|-damage|p1a: Rillaboom|69\/100|[from] Recoil\n|\n|-heal|p1a: Rillaboom|76\/100|[from] Grassy Terrain\n|upkeep\n|c|\u2606Finchely|holy shit\n|c|\u2606Finchely|wow\n|\n|t:|1699822856\n|switch|p2a: Dragapult|Dragapult, M, shiny|100\/100\n|turn|28\n|\n|t:|1699822874\n|switch|p1a: Arceus|Arceus-Fire|100\/100 par\n|move|p2a: Dragapult|Draco Meteor|p1a: Arceus\n|-damage|p1a: Arceus|49\/100 par\n|-unboost|p2a: Dragapult|spa|2\n|\n|-heal|p1a: Arceus|55\/100 par|[from] Grassy Terrain\n|upkeep\n|turn|29\n|\n|t:|1699822881\n|switch|p2a: Cyclizar|Cyclizar, M|100\/100\n|move|p1a: Arceus|Recover|p1a: Arceus\n|-heal|p1a: Arceus|100\/100 par\n|\n|upkeep\n|turn|30\n|\n|t:|1699822888\n|switch|p1a: Espathra|Espathra, F|100\/100\n|-enditem|p1a: Espathra|Grassy Seed\n|-boost|p1a: Espathra|def|1|[from] item: Grassy Seed\n|move|p2a: Cyclizar|Taunt|p1a: Espathra\n|-start|p1a: Espathra|move: Taunt\n|\n|-fieldend|move: Grassy Terrain\n|upkeep\n|turn|31\n|\n|t:|1699822899\n|switch|p1a: Rillaboom|Rillaboom, F|76\/100\n|-fieldstart|move: Grassy Terrain|[from] ability: Grassy Surge|[of] p1a: Rillaboom\n|move|p2a: Cyclizar|Shed Tail|p2a: Cyclizar\n|-start|p2a: Cyclizar|Substitute|[from] move: Shed Tail\n|-damage|p2a: Cyclizar|50\/100\n|\n|t:|1699822907\n|switch|p2a: Dragapult|Dragapult, M, shiny|100\/100|[from] Shed Tail\n|\n|-heal|p1a: Rillaboom|82\/100|[from] Grassy Terrain\n|upkeep\n|turn|32\n|\n|t:|1699822916\n|switch|p1a: Arceus|Arceus-Fire|100\/100 par\n|move|p2a: Dragapult|Hex|p1a: Arceus\n|-damage|p1a: Arceus|46\/100 par\n|\n|-heal|p1a: Arceus|52\/100 par|[from] Grassy Terrain\n|upkeep\n|turn|33\n|c|\u26061P1o1s1h1e1|damn\n|\n|t:|1699822927\n|move|p2a: Dragapult|Hex|p1a: Arceus\n|-damage|p1a: Arceus|0 fnt\n|faint|p1a: Arceus\n|\n|upkeep\n|c|\u2606Finchely|lmao i submitted this for the sample team\n|c|\u2606Finchely|for council\n|c|\u26061P1o1s1h1e1|yeah its a cool squad\n|c|\u26061P1o1s1h1e1|gg\n|c|\u2606Finchely|no fucking shot this team ever gets accepted tho\n|c|\u26061P1o1s1h1e1|should have predicted tera fairy darceus probably\n|-message|1P1o1s1h1e1 forfeited.\n|\n|win|Finchely\n|l|\u2606Finchely\n|j|\u2606Finchely\n|player|p2|Finchely|acetrainerf\n","uploadtime":1699822996,"views":22,"p1id":"1p1o1s1h1e1","p2id":"finchely","formatid":"gen9ubers","rating":0,"private":0,"password":""}