{"id":"gen9ubers-1984569599","p1":"galih2612","p2":"Sparkpi","format":"[Gen 9] Ubers","log":"|j|\u2606galih2612\n|j|\u2606Sparkpi\n|t:|1699280728\n|gametype|singles\n|player|p1|galih2612|1|\n|player|p2|Sparkpi|juggler|\n|teamsize|p1|6\n|teamsize|p2|6\n|gen|9\n|tier|[Gen 9] Ubers\n|rule|Sleep Clause Mod: Limit one foe put to sleep\n|rule|Species Clause: Limit one of each Pok\u00e9mon\n|rule|OHKO Clause: OHKO moves are banned\n|rule|Evasion Items Clause: Evasion items are banned\n|rule|Evasion Moves Clause: Evasion moves are banned\n|rule|Endless Battle Clause: Forcing endless battles is banned\n|rule|HP Percentage Mod: HP is shown in percentages\n|clearpoke\n|poke|p1|Clodsire, F|\n|poke|p1|Giratina-Origin|\n|poke|p1|Skeledirge, M|\n|poke|p1|Koraidon|\n|poke|p1|Kyogre|\n|poke|p1|Arceus-Fairy|\n|poke|p2|Basculegion, M|\n|poke|p2|Kyogre|\n|poke|p2|Arceus|\n|poke|p2|Pelipper, M|\n|poke|p2|Zacian-*|\n|poke|p2|Giratina|\n|teampreview\n|c|\u2606Sparkpi|Gl hf\n|c|\u2606galih2612|gl hf\n|\n|t:|1699280761\n|start\n|switch|p1a: Clodsire|Clodsire, F|100\/100\n|switch|p2a: Pelipper|Pelipper, M|100\/100\n|-weather|RainDance|[from] ability: Drizzle|[of] p2a: Pelipper\n|turn|1\n|inactive|Battle timer is ON: inactive players will automatically lose when time's up. (requested by Sparkpi)\n|\n|t:|1699280767\n|move|p2a: Pelipper|Knock Off|p1a: Clodsire\n|-damage|p1a: Clodsire|87\/100\n|-enditem|p1a: Clodsire|Leftovers|[from] move: Knock Off|[of] p2a: Pelipper\n|move|p1a: Clodsire|Toxic|p2a: Pelipper\n|-status|p2a: Pelipper|tox\n|\n|-weather|RainDance|[upkeep]\n|-damage|p2a: Pelipper|94\/100 tox|[from] psn\n|upkeep\n|turn|2\n|\n|t:|1699280774\n|move|p2a: Pelipper|U-turn|p1a: Clodsire\n|-resisted|p1a: Clodsire\n|-damage|p1a: Clodsire|82\/100\n|\n|t:|1699280780\n|switch|p2a: Basculegion|Basculegion, M, shiny|100\/100|[from] U-turn\n|move|p1a: Clodsire|Spikes|p2a: Basculegion\n|-sidestart|p2: Sparkpi|Spikes\n|\n|-weather|RainDance|[upkeep]\n|upkeep\n|turn|3\n|inactive|galih2612 has 270 seconds left.\n|\n|t:|1699280813\n|move|p2a: Basculegion|Psychic Fangs|p1a: Clodsire\n|-supereffective|p1a: Clodsire\n|-damage|p1a: Clodsire|7\/100\n|-damage|p2a: Basculegion|91\/100|[from] item: Life Orb\n|move|p1a: Clodsire|Recover|p1a: Clodsire\n|-heal|p1a: Clodsire|57\/100\n|\n|-weather|RainDance|[upkeep]\n|upkeep\n|turn|4\n|inactive|galih2612 has 270 seconds left.\n|\n|t:|1699280825\n|switch|p1a: Giratina|Giratina-Origin|100\/100\n|move|p2a: Basculegion|Psychic Fangs|p1a: Giratina\n|-damage|p1a: Giratina|79\/100\n|-damage|p2a: Basculegion|81\/100|[from] item: Life Orb\n|\n|-weather|RainDance|[upkeep]\n|upkeep\n|turn|5\n|\n|t:|1699280855\n|switch|p2a: Pelipper|Pelipper, M|94\/100 tox\n|move|p1a: Giratina|Thunder Wave||[still]\n|-fail|p1a: Giratina\n|\n|-weather|RainDance|[upkeep]\n|-damage|p2a: Pelipper|88\/100 tox|[from] psn\n|upkeep\n|turn|6\n|\n|t:|1699280865\n|switch|p1a: Clodsire|Clodsire, F|57\/100\n|move|p2a: Pelipper|U-turn|p1a: Clodsire\n|-resisted|p1a: Clodsire\n|-damage|p1a: Clodsire|53\/100\n|\n|t:|1699280877\n|switch|p2a: Basculegion|Basculegion, M, shiny|81\/100|[from] U-turn\n|-damage|p2a: Basculegion|68\/100|[from] Spikes\n|\n|-weather|RainDance|[upkeep]\n|upkeep\n|turn|7\n|\n|t:|1699280892\n|switch|p1a: Giratina|Giratina-Origin|79\/100\n|move|p2a: Basculegion|Psychic Fangs|p1a: Giratina\n|-damage|p1a: Giratina|59\/100\n|-damage|p2a: Basculegion|58\/100|[from] item: Life Orb\n|\n|-weather|RainDance|[upkeep]\n|upkeep\n|turn|8\n|\n|t:|1699280906\n|switch|p2a: Zacian|Zacian-Crowned|100\/100\n|-damage|p2a: Zacian|88\/100|[from] Spikes\n|-ability|p2a: Zacian|Intrepid Sword|boost\n|-boost|p2a: Zacian|atk|1\n|move|p1a: Giratina|Thunder Wave|p2a: Zacian\n|-status|p2a: Zacian|par\n|\n|-weather|none\n|upkeep\n|turn|9\n|\n|t:|1699280920\n|switch|p1a: Skeledirge|Skeledirge, M|100\/100\n|switch|p2a: Pelipper|Pelipper, M|88\/100 tox\n|-weather|RainDance|[from] ability: Drizzle|[of] p2a: Pelipper\n|\n|-weather|RainDance|[upkeep]\n|-damage|p2a: Pelipper|82\/100 tox|[from] psn\n|upkeep\n|turn|10\n|\n|t:|1699280930\n|switch|p1a: Clodsire|Clodsire, F|53\/100\n|move|p2a: Pelipper|Knock Off|p1a: Clodsire\n|-crit|p1a: Clodsire\n|-damage|p1a: Clodsire|39\/100\n|\n|-weather|RainDance|[upkeep]\n|-damage|p2a: Pelipper|70\/100 tox|[from] psn\n|upkeep\n|turn|11\n|\n|t:|1699280935\n|move|p2a: Pelipper|U-turn|p1a: Clodsire\n|-resisted|p1a: Clodsire\n|-crit|p1a: Clodsire\n|-damage|p1a: Clodsire|31\/100\n|\n|t:|1699280945\n|switch|p2a: Giratina|Giratina|100\/100|[from] U-turn\n|-damage|p2a: Giratina|88\/100|[from] Spikes\n|-ability|p2a: Giratina|Pressure\n|move|p1a: Clodsire|Recover|p1a: Clodsire\n|-heal|p1a: Clodsire|81\/100\n|\n|-weather|RainDance|[upkeep]\n|-heal|p2a: Giratina|94\/100|[from] item: Leftovers\n|upkeep\n|turn|12\n|\n|t:|1699280956\n|switch|p1a: Skeledirge|Skeledirge, M|100\/100\n|move|p2a: Giratina|Defog|p1a: Skeledirge\n|-unboost|p1a: Skeledirge|evasion|1\n|-sideend|p2: Sparkpi|Spikes|[from] move: Defog|[of] p2a: Giratina\n|\n|-weather|RainDance|[upkeep]\n|-heal|p2a: Giratina|99\/100|[from] item: Leftovers\n|upkeep\n|turn|13\n|\n|t:|1699280964\n|move|p1a: Skeledirge|Hex|p2a: Giratina\n|-supereffective|p2a: Giratina\n|-damage|p2a: Giratina|78\/100\n|move|p2a: Giratina|Dragon Tail|p1a: Skeledirge\n|-damage|p1a: Skeledirge|87\/100\n|drag|p1a: Giratina|Giratina-Origin|59\/100\n|\n|-weather|RainDance|[upkeep]\n|-heal|p2a: Giratina|85\/100|[from] item: Leftovers\n|upkeep\n|turn|14\n|\n|t:|1699280973\n|switch|p1a: Skeledirge|Skeledirge, M|87\/100\n|switch|p2a: Zacian|Zacian-Crowned|88\/100 par\n|\n|-weather|RainDance|[upkeep]\n|upkeep\n|turn|15\n|\n|t:|1699280981\n|switch|p2a: Giratina|Giratina|85\/100\n|-ability|p2a: Giratina|Pressure\n|move|p1a: Skeledirge|Hex|p2a: Giratina\n|-supereffective|p2a: Giratina\n|-damage|p2a: Giratina|64\/100\n|\n|-weather|RainDance|[upkeep]\n|-heal|p2a: Giratina|70\/100|[from] item: Leftovers\n|upkeep\n|turn|16\n|\n|t:|1699280990\n|move|p1a: Skeledirge|Will-O-Wisp|p2a: Giratina\n|-status|p2a: Giratina|brn\n|move|p2a: Giratina|Dragon Tail|p1a: Skeledirge\n|-damage|p1a: Skeledirge|81\/100\n|drag|p1a: Arceus|Arceus-Fairy|100\/100\n|\n|-weather|none\n|-heal|p2a: Giratina|76\/100 brn|[from] item: Leftovers\n|-damage|p2a: Giratina|70\/100 brn|[from] brn\n|upkeep\n|turn|17\n|\n|t:|1699281004\n|switch|p2a: Zacian|Zacian-Crowned|88\/100 par\n|move|p1a: Arceus|Taunt|p2a: Zacian\n|-start|p2a: Zacian|move: Taunt\n|\n|upkeep\n|turn|18\n|\n|t:|1699281018\n|switch|p1a: Skeledirge|Skeledirge, M|81\/100\n|switch|p2a: Pelipper|Pelipper, M|70\/100 tox\n|-weather|RainDance|[from] ability: Drizzle|[of] p2a: Pelipper\n|\n|-weather|RainDance|[upkeep]\n|-damage|p2a: Pelipper|63\/100 tox|[from] psn\n|upkeep\n|turn|19\n|\n|t:|1699281025\n|switch|p1a: Clodsire|Clodsire, F|81\/100\n|move|p2a: Pelipper|U-turn|p1a: Clodsire\n|-resisted|p1a: Clodsire\n|-damage|p1a: Clodsire|75\/100\n|\n|t:|1699281028\n|switch|p2a: Basculegion|Basculegion, M, shiny|58\/100|[from] U-turn\n|\n|-weather|RainDance|[upkeep]\n|upkeep\n|turn|20\n|\n|t:|1699281041\n|switch|p1a: Giratina|Giratina-Origin|59\/100\n|move|p2a: Basculegion|Last Respects|p1a: Giratina\n|-supereffective|p1a: Giratina\n|-damage|p1a: Giratina|21\/100\n|-damage|p2a: Basculegion|48\/100|[from] item: Life Orb\n|\n|-weather|RainDance|[upkeep]\n|upkeep\n|turn|21\n|\n|t:|1699281070\n|move|p2a: Basculegion|Last Respects|p1a: Giratina\n|-supereffective|p1a: Giratina\n|-damage|p1a: Giratina|0 fnt\n|faint|p1a: Giratina\n|-damage|p2a: Basculegion|38\/100|[from] item: Life Orb\n|\n|-weather|RainDance|[upkeep]\n|upkeep\n|\n|t:|1699281082\n|switch|p1a: Koraidon|Koraidon|100\/100\n|-weather|SunnyDay|[from] ability: Orichalcum Pulse|[of] p1a: Koraidon\n|-activate|p1a: Koraidon|Orichalcum Pulse|[source]\n|turn|22\n|\n|t:|1699281090\n|switch|p2a: Pelipper|Pelipper, M|63\/100 tox\n|-weather|RainDance|[from] ability: Drizzle|[of] p2a: Pelipper\n|move|p1a: Koraidon|U-turn|p2a: Pelipper\n|-resisted|p2a: Pelipper\n|-damage|p2a: Pelipper|54\/100 tox\n|\n|t:|1699281106\n|switch|p1a: Kyogre|Kyogre|100\/100|[from] U-turn\n|\n|-weather|RainDance|[upkeep]\n|-damage|p2a: Pelipper|48\/100 tox|[from] psn\n|upkeep\n|turn|23\n|\n|t:|1699281118\n|switch|p2a: Giratina|Giratina|70\/100 brn\n|-ability|p2a: Giratina|Pressure\n|move|p1a: Kyogre|Water Spout|p2a: Giratina\n|-resisted|p2a: Giratina\n|-damage|p2a: Giratina|28\/100 brn\n|\n|-weather|RainDance|[upkeep]\n|-heal|p2a: Giratina|34\/100 brn|[from] item: Leftovers\n|-damage|p2a: Giratina|28\/100 brn|[from] brn\n|upkeep\n|turn|24\n|\n|t:|1699281133\n|move|p1a: Kyogre|Water Spout|p2a: Giratina\n|-resisted|p2a: Giratina\n|-damage|p2a: Giratina|0 fnt\n|faint|p2a: Giratina\n|\n|-weather|RainDance|[upkeep]\n|upkeep\n|\n|t:|1699281139\n|switch|p2a: Kyogre|Kyogre|100\/100\n|turn|25\n|\n|t:|1699281148\n|switch|p1a: Clodsire|Clodsire, F|75\/100\n|move|p2a: Kyogre|Ice Beam|p1a: Clodsire\n|-supereffective|p1a: Clodsire\n|-crit|p1a: Clodsire\n|-damage|p1a: Clodsire|22\/100\n|\n|-weather|RainDance|[upkeep]\n|upkeep\n|turn|26\n|\n|t:|1699281155\n|switch|p1a: Skeledirge|Skeledirge, M|81\/100\n|move|p2a: Kyogre|Ice Beam|p1a: Skeledirge\n|-resisted|p1a: Skeledirge\n|-damage|p1a: Skeledirge|62\/100\n|\n|-weather|RainDance|[upkeep]\n|upkeep\n|turn|27\n|\n|t:|1699281169\n|move|p2a: Kyogre|Ice Beam|p1a: Skeledirge\n|-resisted|p1a: Skeledirge\n|-damage|p1a: Skeledirge|43\/100\n|move|p1a: Skeledirge|Slack Off|p1a: Skeledirge\n|-heal|p1a: Skeledirge|93\/100\n|\n|-weather|RainDance|[upkeep]\n|upkeep\n|turn|28\n|\n|t:|1699281189\n|move|p2a: Kyogre|Ice Beam|p1a: Skeledirge\n|-resisted|p1a: Skeledirge\n|-damage|p1a: Skeledirge|74\/100\n|move|p1a: Skeledirge|Will-O-Wisp|p2a: Kyogre|[miss]\n|-miss|p1a: Skeledirge|p2a: Kyogre\n|\n|-weather|RainDance|[upkeep]\n|upkeep\n|turn|29\n|\n|t:|1699281196\n|switch|p2a: Pelipper|Pelipper, M|48\/100 tox\n|move|p1a: Skeledirge|Will-O-Wisp||[still]\n|-fail|p1a: Skeledirge\n|\n|-weather|none\n|-damage|p2a: Pelipper|42\/100 tox|[from] psn\n|upkeep\n|turn|30\n|\n|t:|1699281210\n|switch|p1a: Clodsire|Clodsire, F|22\/100\n|move|p2a: Pelipper|Roost|p2a: Pelipper\n|-heal|p2a: Pelipper|92\/100 tox\n|-singleturn|p2a: Pelipper|move: Roost\n|\n|-damage|p2a: Pelipper|80\/100 tox|[from] psn\n|upkeep\n|turn|31\n|\n|t:|1699281220\n|move|p2a: Pelipper|U-turn|p1a: Clodsire\n|-resisted|p1a: Clodsire\n|-damage|p1a: Clodsire|17\/100\n|\n|t:|1699281230\n|switch|p2a: Arceus|Arceus|100\/100|[from] U-turn\n|move|p1a: Clodsire|Recover|p1a: Clodsire\n|-heal|p1a: Clodsire|67\/100\n|\n|upkeep\n|turn|32\n|\n|t:|1699281253\n|switch|p2a: Pelipper|Pelipper, M|80\/100 tox\n|-weather|RainDance|[from] ability: Drizzle|[of] p2a: Pelipper\n|switch|p1a: Skeledirge|Skeledirge, M|74\/100\n|\n|-weather|RainDance|[upkeep]\n|-damage|p2a: Pelipper|73\/100 tox|[from] psn\n|upkeep\n|turn|33\n|\n|t:|1699281267\n|switch|p1a: Koraidon|Koraidon|100\/100\n|-weather|SunnyDay|[from] ability: Orichalcum Pulse|[of] p1a: Koraidon\n|-activate|p1a: Koraidon|Orichalcum Pulse|[source]\n|move|p2a: Pelipper|U-turn|p1a: Koraidon\n|-resisted|p1a: Koraidon\n|-damage|p1a: Koraidon|96\/100\n|\n|t:|1699281277\n|switch|p2a: Kyogre|Kyogre|100\/100|[from] U-turn\n|-weather|RainDance|[from] ability: Drizzle|[of] p2a: Kyogre\n|\n|-weather|RainDance|[upkeep]\n|upkeep\n|turn|34\n|\n|t:|1699281281\n|move|p1a: Koraidon|U-turn|p2a: Kyogre\n|-damage|p2a: Kyogre|74\/100\n|\n|t:|1699281299\n|switch|p1a: Arceus|Arceus-Fairy|100\/100|[from] U-turn\n|move|p2a: Kyogre|Ice Beam|p1a: Arceus\n|-damage|p1a: Arceus|79\/100\n|\n|-weather|RainDance|[upkeep]\n|upkeep\n|turn|35\n|\n|t:|1699281319\n|switch|p2a: Zacian|Zacian-Crowned|88\/100 par\n|move|p1a: Arceus|Judgment|p2a: Zacian\n|-resisted|p2a: Zacian\n|-damage|p2a: Zacian|64\/100 par\n|\n|-weather|RainDance|[upkeep]\n|upkeep\n|turn|36\n|\n|t:|1699281343\n|switch|p1a: Skeledirge|Skeledirge, M|74\/100\n|switch|p2a: Kyogre|Kyogre|74\/100\n|\n|-weather|RainDance|[upkeep]\n|upkeep\n|turn|37\n|inactive|Sparkpi has 270 seconds left.\n|\n|t:|1699281376\n|switch|p1a: Clodsire|Clodsire, F|67\/100\n|move|p2a: Kyogre|Thunder|p1a: Clodsire\n|-immune|p1a: Clodsire\n|\n|-weather|none\n|upkeep\n|turn|38\n|\n|t:|1699281384\n|switch|p2a: Pelipper|Pelipper, M|73\/100 tox\n|-weather|RainDance|[from] ability: Drizzle|[of] p2a: Pelipper\n|move|p1a: Clodsire|Spikes|p2a: Pelipper\n|-sidestart|p2: Sparkpi|Spikes\n|\n|-weather|RainDance|[upkeep]\n|-damage|p2a: Pelipper|67\/100 tox|[from] psn\n|upkeep\n|turn|39\n|inactive|Sparkpi has 270 seconds left.\n|\n|t:|1699281398\n|move|p2a: Pelipper|U-turn|p1a: Clodsire\n|-resisted|p1a: Clodsire\n|-damage|p1a: Clodsire|62\/100\n|inactive|Sparkpi has 270 seconds left.\n|\n|t:|1699281417\n|switch|p2a: Arceus|Arceus|100\/100|[from] U-turn\n|-damage|p2a: Arceus|88\/100|[from] Spikes\n|move|p1a: Clodsire|Earthquake|p2a: Arceus\n|-damage|p2a: Arceus|71\/100\n|\n|-weather|RainDance|[upkeep]\n|-heal|p2a: Arceus|77\/100|[from] item: Leftovers\n|upkeep\n|turn|40\n|\n|t:|1699281448\n|move|p2a: Arceus|Shadow Claw|p1a: Clodsire\n|-damage|p1a: Clodsire|42\/100\n|move|p1a: Clodsire|Toxic|p2a: Arceus\n|-status|p2a: Arceus|tox\n|\n|-weather|RainDance|[upkeep]\n|-heal|p2a: Arceus|83\/100 tox|[from] item: Leftovers\n|-damage|p2a: Arceus|77\/100 tox|[from] psn\n|upkeep\n|turn|41\n|\n|t:|1699281455\n|move|p2a: Arceus|Shadow Claw|p1a: Clodsire\n|-damage|p1a: Clodsire|22\/100\n|move|p1a: Clodsire|Recover|p1a: Clodsire\n|-heal|p1a: Clodsire|72\/100\n|\n|-weather|RainDance|[upkeep]\n|-heal|p2a: Arceus|83\/100 tox|[from] item: Leftovers\n|-damage|p2a: Arceus|71\/100 tox|[from] psn\n|upkeep\n|turn|42\n|\n|t:|1699281476\n|switch|p1a: Arceus|Arceus-Fairy|79\/100\n|move|p2a: Arceus|Extreme Speed|p1a: Arceus\n|-damage|p1a: Arceus|60\/100\n|\n|-weather|RainDance|[upkeep]\n|-heal|p2a: Arceus|77\/100 tox|[from] item: Leftovers\n|-damage|p2a: Arceus|59\/100 tox|[from] psn\n|upkeep\n|turn|43\n|inactive|Sparkpi has 270 seconds left.\n|\n|t:|1699281502\n|switch|p2a: Zacian|Zacian-Crowned|64\/100 par\n|-damage|p2a: Zacian|52\/100 par|[from] Spikes\n|move|p1a: Arceus|Judgment|p2a: Zacian\n|-resisted|p2a: Zacian\n|-damage|p2a: Zacian|31\/100 par\n|\n|-weather|RainDance|[upkeep]\n|upkeep\n|turn|44\n|\n|t:|1699281521\n|switch|p1a: Skeledirge|Skeledirge, M|74\/100\n|switch|p2a: Basculegion|Basculegion, M, shiny|38\/100\n|-damage|p2a: Basculegion|26\/100|[from] Spikes\n|\n|-weather|RainDance|[upkeep]\n|upkeep\n|turn|45\n|\n|t:|1699281528\n|switch|p1a: Arceus|Arceus-Fairy|60\/100\n|-terastallize|p2a: Basculegion|Ghost\n|move|p2a: Basculegion|Last Respects|p1a: Arceus\n|-damage|p1a: Arceus|19\/100\n|-damage|p2a: Basculegion|16\/100|[from] item: Life Orb\n|\n|-weather|none\n|upkeep\n|turn|46\n|inactive|Sparkpi has 240 seconds left.\n|\n|t:|1699281556\n|move|p2a: Basculegion|Aqua Jet|p1a: Arceus\n|-damage|p1a: Arceus|5\/100\n|-damage|p2a: Basculegion|6\/100|[from] item: Life Orb\n|move|p1a: Arceus|Recover|p1a: Arceus\n|-heal|p1a: Arceus|56\/100\n|\n|upkeep\n|turn|47\n|inactive|Sparkpi has 240 seconds left.\n|\n|t:|1699281567\n|move|p1a: Arceus|Judgment|p2a: Basculegion\n|-damage|p2a: Basculegion|0 fnt\n|faint|p2a: Basculegion\n|\n|upkeep\n|inactive|Sparkpi has 240 seconds left.\n|\n|t:|1699281586\n|switch|p2a: Kyogre|Kyogre|74\/100\n|-damage|p2a: Kyogre|62\/100|[from] Spikes\n|-weather|RainDance|[from] ability: Drizzle|[of] p2a: Kyogre\n|turn|48\n|\n|t:|1699281591\n|move|p2a: Kyogre|Ice Beam|p1a: Arceus\n|-damage|p1a: Arceus|33\/100\n|-status|p1a: Arceus|frz\n|cant|p1a: Arceus|frz\n|\n|-weather|RainDance|[upkeep]\n|upkeep\n|turn|49\n|inactive|Sparkpi has 240 seconds left.\n|\n|t:|1699281606\n|switch|p2a: Pelipper|Pelipper, M|67\/100 tox\n|switch|p1a: Kyogre|Kyogre|100\/100\n|\n|-weather|RainDance|[upkeep]\n|-damage|p2a: Pelipper|61\/100 tox|[from] psn\n|upkeep\n|turn|50\n|inactive|Sparkpi has 240 seconds left.\n|\n|t:|1699281616\n|move|p1a: Kyogre|Water Spout|p2a: Pelipper\n|-resisted|p2a: Pelipper\n|-damage|p2a: Pelipper|0 fnt\n|faint|p2a: Pelipper\n|\n|-weather|RainDance|[upkeep]\n|upkeep\n|\n|t:|1699281621\n|switch|p2a: Arceus|Arceus|59\/100 tox\n|-damage|p2a: Arceus|47\/100 tox|[from] Spikes\n|turn|51\n|\n|t:|1699281627\n|move|p2a: Arceus|Extreme Speed|p1a: Kyogre\n|-damage|p1a: Kyogre|64\/100\n|move|p1a: Kyogre|Water Spout|p2a: Arceus\n|-damage|p2a: Arceus|0 fnt\n|faint|p2a: Arceus\n|\n|-weather|RainDance|[upkeep]\n|upkeep\n|c|\u2606galih2612|gg\n|\n|t:|1699281636\n|switch|p2a: Kyogre|Kyogre|62\/100\n|-damage|p2a: Kyogre|50\/100|[from] Spikes\n|turn|52\n|\n|t:|1699281647\n|switch|p1a: Arceus|Arceus-Fairy|33\/100 frz\n|move|p2a: Kyogre|Ice Beam|p1a: Arceus\n|-damage|p1a: Arceus|9\/100 frz\n|\n|-weather|none\n|upkeep\n|turn|53\n|\n|t:|1699281653\n|move|p2a: Kyogre|Ice Beam|p1a: Arceus\n|-damage|p1a: Arceus|0 fnt\n|faint|p1a: Arceus\n|\n|upkeep\n|\n|t:|1699281657\n|switch|p1a: Koraidon|Koraidon|96\/100\n|-weather|SunnyDay|[from] ability: Orichalcum Pulse|[of] p1a: Koraidon\n|-activate|p1a: Koraidon|Orichalcum Pulse|[source]\n|turn|54\n|\n|t:|1699281666\n|move|p1a: Koraidon|Collision Course|p2a: Kyogre\n|-damage|p2a: Kyogre|0 fnt\n|faint|p2a: Kyogre\n|\n|-weather|SunnyDay|[upkeep]\n|upkeep\n|\n|t:|1699281670\n|switch|p2a: Zacian|Zacian-Crowned|31\/100 par\n|-damage|p2a: Zacian|19\/100 par|[from] Spikes\n|turn|55\n|c|\u2606Sparkpi|Gg\n|\n|t:|1699281679\n|move|p1a: Koraidon|Collision Course|p2a: Zacian\n|-damage|p2a: Zacian|0 fnt\n|faint|p2a: Zacian\n|\n|win|galih2612\n","uploadtime":1699281685,"views":19,"p1id":"galih2612","p2id":"sparkpi","formatid":"gen9ubers","rating":0,"private":0,"password":""}