{"id":"gen9ubers-1986074035","p1":"DatFroakieLord","p2":"Gogamoto","format":"[Gen 9] Ubers","log":"|j|\u2606DatFroakieLord\n|j|\u2606Gogamoto\n|t:|1699447081\n|gametype|singles\n|player|p1|DatFroakieLord|red|1027\n|player|p2|Gogamoto|biker-gen4|1134\n|teamsize|p1|6\n|teamsize|p2|6\n|gen|9\n|tier|[Gen 9] Ubers\n|rated|\n|rule|Sleep Clause Mod: Limit one foe put to sleep\n|rule|Species Clause: Limit one of each Pok\u00e9mon\n|rule|OHKO Clause: OHKO moves are banned\n|rule|Evasion Items Clause: Evasion items are banned\n|rule|Evasion Moves Clause: Evasion moves are banned\n|rule|Endless Battle Clause: Forcing endless battles is banned\n|rule|HP Percentage Mod: HP is shown in percentages\n|clearpoke\n|poke|p1|Meowscarada, M|\n|poke|p1|Skeledirge, M|\n|poke|p1|Quaquaval, M|\n|poke|p1|Hatterene, F|\n|poke|p1|Baxcalibur, M|\n|poke|p1|Iron Thorns|\n|poke|p2|Annihilape, M|\n|poke|p2|Chi-Yu|\n|poke|p2|Flutter Mane|\n|poke|p2|Palafin, M|\n|poke|p2|Chien-Pao|\n|poke|p2|Miraidon|\n|teampreview\n|inactive|Battle timer is ON: inactive players will automatically lose when time's up. (requested by Gogamoto)\n|c|\u2606DatFroakieLord|yo\n|c|\u2606DatFroakieLord|nice team\n|c|\u2606Gogamoto|Hi\n|c|\u2606Gogamoto|You too\n|c|\u2606DatFroakieLord|new mons only eh?\n|c|\u2606Gogamoto|Yes\n|inactive|DatFroakieLord has 120 seconds left.\n|\n|t:|1699447112\n|start\n|switch|p1a: Hash Brown|Meowscarada, M, shiny|100\/100\n|switch|p2a: Palafin|Palafin, M|100\/100\n|turn|1\n|c|\u2606DatFroakieLord|I got a team theme too\n|\n|t:|1699447125\n|detailschange|p2a: Palafin|Palafin-Hero, M\n|switch|p2a: Chien-Pao|Chien-Pao|100\/100\n|-ability|p2a: Chien-Pao|Sword of Ruin\n|move|p1a: Hash Brown|Leech Seed|p2a: Chien-Pao\n|-start|p2a: Chien-Pao|move: Leech Seed\n|\n|-damage|p2a: Chien-Pao|88\/100|[from] Leech Seed|[of] p1a: Hash Brown\n|upkeep\n|turn|2\n|\n|t:|1699447135\n|switch|p1a: Spicy McChicken|Skeledirge, M, shiny|100\/100\n|move|p2a: Chien-Pao|Icicle Crash|p1a: Spicy McChicken\n|-resisted|p1a: Spicy McChicken\n|-damage|p1a: Spicy McChicken|64\/100\n|\n|-damage|p2a: Chien-Pao|76\/100|[from] Leech Seed|[of] p1a: Spicy McChicken\n|-heal|p1a: Spicy McChicken|73\/100|[silent]\n|upkeep\n|turn|3\n|\n|t:|1699447147\n|switch|p2a: Chi-Yu|Chi-Yu|100\/100\n|-ability|p2a: Chi-Yu|Beads of Ruin\n|move|p1a: Spicy McChicken|Torch Song|p2a: Chi-Yu\n|-resisted|p2a: Chi-Yu\n|-damage|p2a: Chi-Yu|73\/100\n|-boost|p1a: Spicy McChicken|spa|1\n|\n|upkeep\n|turn|4\n|\n|t:|1699447156\n|move|p2a: Chi-Yu|Dark Pulse|p1a: Spicy McChicken\n|-supereffective|p1a: Spicy McChicken\n|-damage|p1a: Spicy McChicken|0 fnt\n|faint|p1a: Spicy McChicken\n|\n|upkeep\n|\n|t:|1699447161\n|switch|p1a: Big Mac|Quaquaval, M, shiny|100\/100\n|turn|5\n|\n|t:|1699447171\n|switch|p2a: Flutter Mane|Flutter Mane|100\/100\n|move|p1a: Big Mac|Brick Break|p2a: Flutter Mane\n|-immune|p2a: Flutter Mane\n|\n|upkeep\n|turn|6\n|c|\u2606DatFroakieLord|bruh\n|\n|t:|1699447179\n|move|p2a: Flutter Mane|Calm Mind|p2a: Flutter Mane\n|-boost|p2a: Flutter Mane|spa|1\n|-boost|p2a: Flutter Mane|spd|1\n|move|p1a: Big Mac|Aqua Step|p2a: Flutter Mane\n|-damage|p2a: Flutter Mane|0 fnt\n|-boost|p1a: Big Mac|spe|1\n|faint|p2a: Flutter Mane\n|-end|p2a: Flutter Mane|Protosynthesis|[silent]\n|\n|upkeep\n|\n|t:|1699447189\n|switch|p2a: Miraidon|Miraidon|100\/100\n|-fieldstart|move: Electric Terrain|[from] ability: Hadron Engine|[of] p2a: Miraidon\n|turn|7\n|c|\u2606Gogamoto|Oh\n|\n|t:|1699447196\n|move|p2a: Miraidon|Electro Drift|p1a: Big Mac\n|-supereffective|p1a: Big Mac\n|-damage|p1a: Big Mac|0 fnt\n|faint|p1a: Big Mac\n|\n|upkeep\n|c|\u2606DatFroakieLord|I should've had it sashed tbh...\n|c|\u2606Gogamoto|Yep\n|\n|t:|1699447221\n|switch|p1a: Oreo McFlurry|Baxcalibur, M, shiny|100\/100\n|turn|8\n|c|\u2606DatFroakieLord|this is my team theme\n|inactive|DatFroakieLord has 120 seconds left.\n|c|\u2606DatFroakieLord|McDonald's!\n|\n|t:|1699447249\n|switch|p2a: Chi-Yu|Chi-Yu|73\/100\n|-ability|p2a: Chi-Yu|Beads of Ruin\n|move|p1a: Oreo McFlurry|Glaive Rush|p2a: Chi-Yu\n|-damage|p2a: Chi-Yu|0 fnt\n|-singlemove|p1a: Oreo McFlurry|Glaive Rush|[silent]\n|faint|p2a: Chi-Yu\n|\n|upkeep\n|c|\u2606Gogamoto|Hmm nice name\n|\n|t:|1699447261\n|switch|p2a: Miraidon|Miraidon|100\/100\n|-activate|p2a: Miraidon|ability: Hadron Engine\n|turn|9\n|c|\u2606DatFroakieLord|I love glaive rush\n|inactive|DatFroakieLord has 120 seconds left.\n|\n|t:|1699447270\n|move|p2a: Miraidon|Overheat|p1a: Oreo McFlurry\n|-damage|p1a: Oreo McFlurry|0 fnt\n|-unboost|p2a: Miraidon|spa|2\n|faint|p1a: Oreo McFlurry\n|\n|upkeep\n|inactive|DatFroakieLord has 120 seconds left.\n|\n|t:|1699447278\n|switch|p1a: Grimace Shake|Hatterene, F, shiny|100\/100\n|turn|10\n|\n|t:|1699447291\n|switch|p2a: Chien-Pao|Chien-Pao|76\/100\n|-ability|p2a: Chien-Pao|Sword of Ruin\n|move|p1a: Grimace Shake|Trick Room|p1a: Grimace Shake\n|-fieldstart|move: Trick Room|[of] p1a: Grimace Shake\n|\n|upkeep\n|turn|11\n|c|\u2606DatFroakieLord|yay I will get a kill!\n|c|\u2606DatFroakieLord|;)\n|c|\u2606DatFroakieLord|* :)\n|\n|t:|1699447307\n|move|p1a: Grimace Shake|Dazzling Gleam|p2a: Chien-Pao\n|-supereffective|p2a: Chien-Pao\n|-damage|p2a: Chien-Pao|0 fnt\n|faint|p2a: Chien-Pao\n|\n|-fieldend|move: Electric Terrain\n|upkeep\n|c|\u2606Gogamoto|Uhh\n|\n|t:|1699447317\n|switch|p2a: Annihilape|Annihilape, M|100\/100\n|turn|12\n|c|\u2606DatFroakieLord|:)\n|c|\u2606DatFroakieLord|:)\n|c|\u2606DatFroakieLord|:)\n|c|\u2606DatFroakieLord|I have got ur ENTIRE team cornere\n|inactive|DatFroakieLord has 120 seconds left.\n|\n|t:|1699447339\n|move|p1a: Grimace Shake|Dazzling Gleam|p2a: Annihilape\n|-supereffective|p2a: Annihilape\n|-damage|p2a: Annihilape|16\/100\n|move|p2a: Annihilape|Taunt|p1a: Grimace Shake\n|-start|p1a: Grimace Shake|move: Taunt\n|\n|-heal|p2a: Annihilape|22\/100|[from] item: Leftovers\n|upkeep\n|turn|13\n|\n|t:|1699447347\n|move|p1a: Grimace Shake|Dazzling Gleam|p2a: Annihilape\n|-supereffective|p2a: Annihilape\n|-damage|p2a: Annihilape|0 fnt\n|faint|p2a: Annihilape\n|\n|upkeep\n|\n|t:|1699447351\n|switch|p2a: Palafin|Palafin-Hero, M|100\/100\n|-activate|p2a: Palafin|ability: Zero to Hero\n|turn|14\n|\n|t:|1699447357\n|move|p1a: Grimace Shake|Psychic|p2a: Palafin\n|-damage|p2a: Palafin|40\/100\n|move|p2a: Palafin|Bulk Up|p2a: Palafin\n|-boost|p2a: Palafin|atk|1\n|-boost|p2a: Palafin|def|1\n|\n|-fieldend|move: Trick Room\n|upkeep\n|turn|15\n|\n|t:|1699447364\n|move|p2a: Palafin|Wave Crash|p1a: Grimace Shake\n|-damage|p1a: Grimace Shake|0 fnt\n|faint|p1a: Grimace Shake\n|-damage|p2a: Palafin|9\/100|[from] Recoil\n|\n|upkeep\n|\n|t:|1699447370\n|switch|p1a: Hash Brown|Meowscarada, M, shiny|100\/100\n|turn|16\n|c|\u2606Gogamoto|Yes I kill it\n|\n|t:|1699447377\n|move|p2a: Palafin|Jet Punch|p1a: Hash Brown\n|-resisted|p1a: Hash Brown\n|-damage|p1a: Hash Brown|52\/100\n|move|p1a: Hash Brown|Leech Seed|p2a: Palafin|[miss]\n|-miss|p1a: Hash Brown|p2a: Palafin\n|\n|upkeep\n|turn|17\n|c|\u2606DatFroakieLord|but WAIT\n|c|\u2606DatFroakieLord|there's MORE\n|\n|t:|1699447391\n|move|p2a: Palafin|Jet Punch|p1a: Hash Brown\n|-resisted|p1a: Hash Brown\n|-damage|p1a: Hash Brown|2\/100\n|move|p1a: Hash Brown|Leech Seed|p2a: Palafin\n|-start|p2a: Palafin|move: Leech Seed\n|\n|-damage|p2a: Palafin|0 fnt|[from] Leech Seed|[of] p1a: Hash Brown\n|-heal|p1a: Hash Brown|12\/100|[silent]\n|faint|p2a: Palafin\n|upkeep\n|c|\u2606Gogamoto|Huh\n|\n|t:|1699447397\n|switch|p2a: Miraidon|Miraidon|100\/100\n|-fieldstart|move: Electric Terrain|[from] ability: Hadron Engine|[of] p2a: Miraidon\n|turn|18\n|\n|t:|1699447405\n|move|p2a: Miraidon|Draco Meteor|p1a: Hash Brown\n|-damage|p1a: Hash Brown|0 fnt\n|-unboost|p2a: Miraidon|spa|2\n|faint|p1a: Hash Brown\n|\n|upkeep\n|c|\u2606DatFroakieLord|DIE AT THE HANDS OF DATFROAKIELORD!\n|\n|t:|1699447422\n|switch|p1a: French Fries|Iron Thorns|100\/100\n|-activate|p1a: French Fries|ability: Quark Drive\n|-start|p1a: French Fries|quarkdriveatk\n|turn|19\n|c|\u2606DatFroakieLord|hehe\n|\n|t:|1699447448\n|-terastallize|p1a: French Fries|Steel\n|move|p2a: Miraidon|Draco Meteor|p1a: French Fries\n|-resisted|p1a: French Fries\n|-damage|p1a: French Fries|74\/100\n|-unboost|p2a: Miraidon|spa|2\n|move|p1a: French Fries|Dragon Dance|p1a: French Fries\n|-boost|p1a: French Fries|atk|1\n|-boost|p1a: French Fries|spe|1\n|\n|upkeep\n|turn|20\n|c|\u2606DatFroakieLord|this is nice\n|c|\u2606Gogamoto|I think I'm lose\n|\n|t:|1699447466\n|-terastallize|p2a: Miraidon|Electric\n|move|p2a: Miraidon|Draco Meteor|p1a: French Fries\n|-resisted|p1a: French Fries\n|-damage|p1a: French Fries|57\/100\n|-unboost|p2a: Miraidon|spa|2\n|move|p1a: French Fries|Iron Head|p2a: Miraidon\n|-resisted|p2a: Miraidon\n|-damage|p2a: Miraidon|58\/100\n|\n|upkeep\n|turn|21\n|-message|Gogamoto forfeited.\n|\n|win|DatFroakieLord\n|raw|DatFroakieLord's rating: 1027 &rarr; <strong>1074<\/strong><br \/>(+47 for winning)\n|raw|Gogamoto's rating: 1134 &rarr; <strong>1102<\/strong><br \/>(-32 for losing)\n|l|\u2606Gogamoto\n","uploadtime":1699447420,"views":8,"p1id":"datfroakielord","p2id":"gogamoto","formatid":"gen9ubers","rating":1074,"private":0,"password":""}