{"id":"gen9ubers-1987074038","p1":"Gym Leader Core","p2":"Shroomfruit","format":"[Gen 9] Ubers","log":"|j|\u2606Gym Leader Core\n|j|\u2606Shroomfruit\n|t:|1699553948\n|gametype|singles\n|player|p1|Gym Leader Core|cheren|\n|player|p2|Shroomfruit|ingo|\n|teamsize|p1|6\n|teamsize|p2|6\n|gen|9\n|tier|[Gen 9] Ubers\n|rule|Sleep Clause Mod: Limit one foe put to sleep\n|rule|Species Clause: Limit one of each Pok\u00e9mon\n|rule|OHKO Clause: OHKO moves are banned\n|rule|Evasion Items Clause: Evasion items are banned\n|rule|Evasion Moves Clause: Evasion moves are banned\n|rule|Endless Battle Clause: Forcing endless battles is banned\n|rule|HP Percentage Mod: HP is shown in percentages\n|clearpoke\n|poke|p1|Cloyster, M|\n|poke|p1|Baxcalibur, M|\n|poke|p1|Ninetales-Alola, F|\n|poke|p1|Piloswine, M|\n|poke|p1|Weavile, M|\n|poke|p1|Frosmoth, F|\n|poke|p2|Kingambit, M|\n|poke|p2|Corviknight, M|\n|poke|p2|Orthworm, M|\n|poke|p2|Magnezone|\n|poke|p2|Gholdengo|\n|poke|p2|Goodra-Hisui, F|\n|teampreview\n|\n|t:|1699553965\n|start\n|switch|p1a: Borealis|Ninetales-Alola, F|100\/100\n|switch|p2a: Orthworm|Orthworm, M, shiny|100\/100\n|-weather|Snow|[from] ability: Snow Warning|[of] p1a: Borealis\n|turn|1\n|\n|t:|1699553976\n|move|p1a: Borealis|Aurora Veil|p1a: Borealis\n|-sidestart|p1: Gym Leader Core|move: Aurora Veil\n|move|p2a: Orthworm|Stealth Rock|p1a: Borealis\n|-sidestart|p1: Gym Leader Core|move: Stealth Rock\n|\n|-weather|Snow|[upkeep]\n|upkeep\n|turn|2\n|\n|t:|1699553984\n|move|p1a: Borealis|Encore|p2a: Orthworm\n|-start|p2a: Orthworm|Encore\n|move|p2a: Orthworm|Stealth Rock||[still]\n|-fail|p2a: Orthworm\n|\n|-weather|Snow|[upkeep]\n|upkeep\n|turn|3\n|\n|t:|1699554017\n|switch|p1a: Baxibillion|Baxcalibur, M|100\/100\n|-damage|p1a: Baxibillion|76\/100|[from] Stealth Rock\n|switch|p2a: Gholdengo|Gholdengo|100\/100\n|\n|-weather|Snow|[upkeep]\n|upkeep\n|turn|4\n|\n|t:|1699554032\n|move|p2a: Gholdengo|Trick|p1a: Baxibillion\n|-activate|p2a: Gholdengo|move: Trick|[of] p1a: Baxibillion\n|-item|p1a: Baxibillion|Choice Scarf|[from] move: Trick\n|-item|p2a: Gholdengo|Loaded Dice|[from] move: Trick\n|move|p1a: Baxibillion|Scale Shot|p2a: Gholdengo\n|-resisted|p2a: Gholdengo\n|-damage|p2a: Gholdengo|91\/100\n|-resisted|p2a: Gholdengo\n|-damage|p2a: Gholdengo|83\/100\n|-hitcount|p2a: Gholdengo|2\n|-unboost|p1a: Baxibillion|def|1\n|-boost|p1a: Baxibillion|spe|1\n|\n|-weather|Snow|[upkeep]\n|upkeep\n|turn|5\n|\n|t:|1699554053\n|switch|p1a: Baby|Piloswine, M|100\/100\n|-damage|p1a: Baby|88\/100|[from] Stealth Rock\n|move|p2a: Gholdengo|Make It Rain|p1a: Baby\n|-supereffective|p1a: Baby\n|-damage|p1a: Baby|50\/100\n|-unboost|p2a: Gholdengo|spa|1\n|\n|-weather|none\n|upkeep\n|turn|6\n|\n|t:|1699554072\n|move|p2a: Gholdengo|Make It Rain|p1a: Baby\n|-supereffective|p1a: Baby\n|-damage|p1a: Baby|27\/100\n|-unboost|p2a: Gholdengo|spa|1\n|move|p1a: Baby|Earthquake|p2a: Gholdengo\n|-supereffective|p2a: Gholdengo\n|-damage|p2a: Gholdengo|5\/100\n|\n|upkeep\n|turn|7\n|\n|t:|1699554097\n|move|p2a: Gholdengo|Make It Rain|p1a: Baby\n|-supereffective|p1a: Baby\n|-damage|p1a: Baby|9\/100\n|-unboost|p2a: Gholdengo|spa|1\n|move|p1a: Baby|Earthquake|p2a: Gholdengo\n|-supereffective|p2a: Gholdengo\n|-damage|p2a: Gholdengo|0 fnt\n|faint|p2a: Gholdengo\n|\n|upkeep\n|\n|t:|1699554115\n|switch|p2a: Root Beer|Kingambit, M, shiny|100\/100\n|-activate|p2a: Root Beer|ability: Supreme Overlord\n|-start|p2a: Root Beer|fallen1|[silent]\n|turn|8\n|\n|t:|1699554121\n|move|p2a: Root Beer|Sucker Punch|p1a: Baby\n|-damage|p1a: Baby|0 fnt\n|faint|p1a: Baby\n|\n|-sideend|p1: Gym Leader Core|move: Aurora Veil\n|upkeep\n|\n|t:|1699554131\n|switch|p1a: Borealis|Ninetales-Alola, F|100\/100\n|-damage|p1a: Borealis|76\/100|[from] Stealth Rock\n|-weather|Snow|[from] ability: Snow Warning|[of] p1a: Borealis\n|turn|9\n|\n|t:|1699554141\n|move|p1a: Borealis|Aurora Veil|p1a: Borealis\n|-sidestart|p1: Gym Leader Core|move: Aurora Veil\n|move|p2a: Root Beer|Iron Head|p1a: Borealis\n|-supereffective|p1a: Borealis\n|-damage|p1a: Borealis|0 fnt\n|faint|p1a: Borealis\n|\n|-weather|Snow|[upkeep]\n|upkeep\n|\n|t:|1699554158\n|switch|p1a: Mr.Thinkfast|Cloyster, M|100\/100\n|-damage|p1a: Mr.Thinkfast|76\/100|[from] Stealth Rock\n|turn|10\n|\n|t:|1699554174\n|move|p1a: Mr.Thinkfast|Shell Smash|p1a: Mr.Thinkfast\n|-unboost|p1a: Mr.Thinkfast|def|1\n|-unboost|p1a: Mr.Thinkfast|spd|1\n|-boost|p1a: Mr.Thinkfast|atk|2\n|-boost|p1a: Mr.Thinkfast|spa|2\n|-boost|p1a: Mr.Thinkfast|spe|2\n|-enditem|p1a: Mr.Thinkfast|White Herb\n|-clearnegativeboost|p1a: Mr.Thinkfast|[silent]\n|move|p2a: Root Beer|Kowtow Cleave|p1a: Mr.Thinkfast\n|-damage|p1a: Mr.Thinkfast|61\/100\n|\n|-weather|Snow|[upkeep]\n|upkeep\n|turn|11\n|\n|t:|1699554189\n|move|p2a: Root Beer|Sucker Punch|p1a: Mr.Thinkfast\n|-damage|p1a: Mr.Thinkfast|48\/100\n|move|p1a: Mr.Thinkfast|Drill Run|p2a: Root Beer\n|-supereffective|p2a: Root Beer\n|-crit|p2a: Root Beer\n|-damage|p2a: Root Beer|0 fnt\n|faint|p2a: Root Beer\n|-end|p2a: Root Beer|fallen1|[silent]\n|\n|-weather|Snow|[upkeep]\n|upkeep\n|\n|t:|1699554216\n|switch|p2a: Orthworm|Orthworm, M, shiny|100\/100\n|turn|12\n|\n|t:|1699554233\n|move|p1a: Mr.Thinkfast|Icicle Spear|p2a: Orthworm\n|-resisted|p2a: Orthworm\n|-damage|p2a: Orthworm|95\/100\n|-resisted|p2a: Orthworm\n|-damage|p2a: Orthworm|89\/100\n|-resisted|p2a: Orthworm\n|-damage|p2a: Orthworm|83\/100\n|-resisted|p2a: Orthworm\n|-damage|p2a: Orthworm|78\/100\n|-resisted|p2a: Orthworm\n|-damage|p2a: Orthworm|72\/100\n|-hitcount|p2a: Orthworm|5\n|move|p2a: Orthworm|Shed Tail|p2a: Orthworm\n|-start|p2a: Orthworm|Substitute|[from] move: Shed Tail\n|-damage|p2a: Orthworm|22\/100\n|-enditem|p2a: Orthworm|Sitrus Berry|[eat]\n|-heal|p2a: Orthworm|47\/100|[from] item: Sitrus Berry\n|\n|t:|1699554256\n|switch|p2a: Magnezone|Magnezone|100\/100|[from] Shed Tail\n|\n|-weather|Snow|[upkeep]\n|upkeep\n|turn|13\n|\n|t:|1699554282\n|move|p1a: Mr.Thinkfast|Drill Run|p2a: Magnezone\n|-supereffective|p2a: Magnezone\n|-end|p2a: Magnezone|Substitute\n|move|p2a: Magnezone|Thunderbolt|p1a: Mr.Thinkfast\n|-supereffective|p1a: Mr.Thinkfast\n|-damage|p1a: Mr.Thinkfast|0 fnt\n|faint|p1a: Mr.Thinkfast\n|\n|-weather|none\n|upkeep\n|\n|t:|1699554292\n|switch|p1a: Baxibillion|Baxcalibur, M|76\/100\n|-damage|p1a: Baxibillion|51\/100|[from] Stealth Rock\n|turn|14\n|\n|t:|1699554310\n|move|p1a: Baxibillion|Earthquake|p2a: Magnezone\n|-supereffective|p2a: Magnezone\n|-damage|p2a: Magnezone|0 fnt\n|faint|p2a: Magnezone\n|\n|upkeep\n|\n|t:|1699554339\n|switch|p2a: Goodra|Goodra-Hisui, F|100\/100\n|turn|15\n|\n|t:|1699554359\n|-terastallize|p2a: Goodra|Fairy\n|move|p1a: Baxibillion|Earthquake|p2a: Goodra\n|-damage|p2a: Goodra|68\/100\n|move|p2a: Goodra|Dragon Pulse|p1a: Baxibillion\n|-supereffective|p1a: Baxibillion\n|-damage|p1a: Baxibillion|17\/100\n|\n|-heal|p2a: Goodra|74\/100|[from] item: Leftovers\n|upkeep\n|turn|16\n|\n|t:|1699554410\n|move|p1a: Baxibillion|Earthquake|p2a: Goodra\n|-damage|p2a: Goodra|40\/100\n|move|p2a: Goodra|Dragon Pulse|p1a: Baxibillion\n|-supereffective|p1a: Baxibillion\n|-damage|p1a: Baxibillion|0 fnt\n|faint|p1a: Baxibillion\n|\n|-heal|p2a: Goodra|46\/100|[from] item: Leftovers\n|-sideend|p1: Gym Leader Core|move: Aurora Veil\n|upkeep\n|\n|t:|1699554441\n|switch|p1a: Weavile|Weavile, M|100\/100\n|-ability|p1a: Weavile|Pressure\n|turn|17\n|\n|t:|1699554456\n|move|p1a: Weavile|Swords Dance|p1a: Weavile\n|-boost|p1a: Weavile|atk|2\n|move|p2a: Goodra|Flash Cannon|p1a: Weavile\n|-supereffective|p1a: Weavile\n|-damage|p1a: Weavile|17\/100\n|\n|-heal|p2a: Goodra|52\/100|[from] item: Leftovers\n|upkeep\n|turn|18\n|\n|t:|1699554470\n|move|p1a: Weavile|Icicle Crash|p2a: Goodra\n|-damage|p2a: Goodra|0 fnt\n|faint|p2a: Goodra\n|\n|upkeep\n|\n|t:|1699554482\n|switch|p2a: Orthworm|Orthworm, M, shiny|47\/100\n|turn|19\n|\n|t:|1699554497\n|move|p1a: Weavile|Knock Off|p2a: Orthworm\n|-damage|p2a: Orthworm|9\/100\n|move|p2a: Orthworm|Body Press|p1a: Weavile\n|-supereffective|p1a: Weavile\n|-damage|p1a: Weavile|0 fnt\n|faint|p1a: Weavile\n|\n|upkeep\n|\n|t:|1699554507\n|switch|p1a: Frosmoth|Frosmoth, F|100\/100\n|turn|20\n|\n|t:|1699554520\n|move|p1a: Frosmoth|Quiver Dance|p1a: Frosmoth\n|-boost|p1a: Frosmoth|spa|1\n|-boost|p1a: Frosmoth|spd|1\n|-boost|p1a: Frosmoth|spe|1\n|move|p2a: Orthworm|Iron Head|p1a: Frosmoth\n|-supereffective|p1a: Frosmoth\n|-damage|p1a: Frosmoth|17\/100\n|\n|upkeep\n|turn|21\n|\n|t:|1699554532\n|move|p1a: Frosmoth|Ice Beam|p2a: Orthworm\n|-resisted|p2a: Orthworm\n|-damage|p2a: Orthworm|0 fnt\n|faint|p2a: Orthworm\n|\n|upkeep\n|\n|t:|1699554537\n|switch|p2a: Corviknight|Corviknight, M|100\/100\n|-ability|p2a: Corviknight|Pressure\n|turn|22\n|\n|t:|1699554555\n|-terastallize|p1a: Frosmoth|Ice\n|move|p1a: Frosmoth|Ice Beam|p2a: Corviknight\n|-damage|p2a: Corviknight|9\/100\n|-status|p2a: Corviknight|frz\n|cant|p2a: Corviknight|frz\n|\n|-heal|p2a: Corviknight|15\/100 frz|[from] item: Leftovers\n|upkeep\n|turn|23\n|\n|t:|1699554567\n|move|p1a: Frosmoth|Ice Beam|p2a: Corviknight\n|-damage|p2a: Corviknight|0 fnt\n|faint|p2a: Corviknight\n|\n|win|Gym Leader Core\n|l|\u2606Shroomfruit\n","uploadtime":1699554577,"views":15,"p1id":"gymleadercore","p2id":"shroomfruit","formatid":"gen9ubers","rating":0,"private":0,"password":""}