{"id":"gen9ubers-1974151705","p1":"Anne Frankkkk","p2":"drakmoore","format":"[Gen 9] Ubers","log":"|j|\u2606Anne Frankkkk\n|j|\u2606drakmoore\n|t:|1698062597\n|gametype|singles\n|player|p1|Anne Frankkkk|hilbert|1219\n|player|p2|drakmoore|169|1315\n|teamsize|p1|6\n|teamsize|p2|6\n|gen|9\n|tier|[Gen 9] Ubers\n|rated|\n|rule|Sleep Clause Mod: Limit one foe put to sleep\n|rule|Species Clause: Limit one of each Pok\u00e9mon\n|rule|OHKO Clause: OHKO moves are banned\n|rule|Evasion Items Clause: Evasion items are banned\n|rule|Evasion Moves Clause: Evasion moves are banned\n|rule|Endless Battle Clause: Forcing endless battles is banned\n|rule|HP Percentage Mod: HP is shown in percentages\n|clearpoke\n|poke|p1|Iron Hands|\n|poke|p1|Kyogre|\n|poke|p1|Chien-Pao|\n|poke|p1|Ribombee, M|\n|poke|p1|Miraidon|\n|poke|p1|Flutter Mane|\n|poke|p2|Ninetales-Alola, F|\n|poke|p2|Baxcalibur, F|\n|poke|p2|Annihilape, F|\n|poke|p2|Garganacl, M|\n|poke|p2|Espathra, M|\n|poke|p2|Corviknight, M|\n|teampreview\n|inactive|Battle timer is ON: inactive players will automatically lose when time's up. (requested by Anne Frankkkk)\n|\n|t:|1698062608\n|start\n|switch|p1a: Chien-Pao|Chien-Pao|100\/100\n|switch|p2a: Corviknight|Corviknight, M|100\/100\n|-ability|p1a: Chien-Pao|Sword of Ruin\n|turn|1\n|\n|t:|1698062616\n|-terastallize|p1a: Chien-Pao|Flying\n|move|p1a: Chien-Pao|Swords Dance|p1a: Chien-Pao\n|-boost|p1a: Chien-Pao|atk|2\n|move|p2a: Corviknight|Brave Bird|p1a: Chien-Pao\n|-damage|p1a: Chien-Pao|47\/100\n|-damage|p2a: Corviknight|87\/100|[from] Recoil\n|\n|upkeep\n|turn|2\n|\n|t:|1698062626\n|move|p1a: Chien-Pao|Ice Spinner|p2a: Corviknight\n|-damage|p2a: Corviknight|1\/100\n|-damage|p1a: Chien-Pao|30\/100|[from] item: Rocky Helmet|[of] p2a: Corviknight\n|-damage|p1a: Chien-Pao|20\/100|[from] item: Life Orb\n|move|p2a: Corviknight|Brave Bird|p1a: Chien-Pao\n|-damage|p1a: Chien-Pao|0 fnt\n|faint|p1a: Chien-Pao\n|-damage|p2a: Corviknight|0 fnt|[from] Recoil\n|faint|p2a: Corviknight\n|\n|upkeep\n|\n|t:|1698062638\n|switch|p1a: Ribombee|Ribombee, M, shiny|100\/100\n|switch|p2a: Baxcalibur|Baxcalibur, F|100\/100\n|turn|3\n|\n|t:|1698062645\n|-terastallize|p2a: Baxcalibur|Fairy\n|move|p1a: Ribombee|Sticky Web|p2a: Baxcalibur\n|-sidestart|p2: drakmoore|move: Sticky Web\n|move|p2a: Baxcalibur|Dragon Dance|p2a: Baxcalibur\n|-boost|p2a: Baxcalibur|atk|1\n|-boost|p2a: Baxcalibur|spe|1\n|\n|upkeep\n|turn|4\n|\n|t:|1698062657\n|move|p2a: Baxcalibur|Icicle Spear|p1a: Ribombee\n|-damage|p1a: Ribombee|58\/100\n|-damage|p1a: Ribombee|15\/100\n|-damage|p1a: Ribombee|0 fnt\n|faint|p1a: Ribombee\n|-hitcount|p1: Ribombee|3\n|\n|upkeep\n|\n|t:|1698062671\n|switch|p1a: Iron Hands|Iron Hands, shiny|100\/100\n|turn|5\n|\n|t:|1698062676\n|move|p1a: Iron Hands|Fake Out|p2a: Baxcalibur\n|-damage|p2a: Baxcalibur|85\/100\n|cant|p2a: Baxcalibur|flinch\n|\n|upkeep\n|turn|6\n|\n|t:|1698062680\n|move|p2a: Baxcalibur|Earthquake|p1a: Iron Hands\n|-supereffective|p1a: Iron Hands\n|-crit|p1a: Iron Hands\n|-damage|p1a: Iron Hands|0 fnt\n|faint|p1a: Iron Hands\n|-end|p1a: Iron Hands|Quark Drive|[silent]\n|\n|upkeep\n|\n|t:|1698062689\n|switch|p1a: Miraidon|Miraidon|100\/100\n|-fieldstart|move: Electric Terrain|[from] ability: Hadron Engine|[of] p1a: Miraidon\n|-item|p1a: Miraidon|Air Balloon\n|turn|7\n|\n|t:|1698062697\n|move|p2a: Baxcalibur|Earthquake|p1a: Miraidon\n|-immune|p1a: Miraidon\n|move|p1a: Miraidon|Electro Drift|p2a: Baxcalibur\n|-damage|p2a: Baxcalibur|10\/100\n|\n|upkeep\n|turn|8\n|\n|t:|1698062703\n|move|p2a: Baxcalibur|Icicle Spear|p1a: Miraidon\n|-supereffective|p1a: Miraidon\n|-damage|p1a: Miraidon|61\/100\n|-enditem|p1a: Miraidon|Air Balloon\n|-supereffective|p1a: Miraidon\n|-damage|p1a: Miraidon|22\/100\n|-supereffective|p1a: Miraidon\n|-damage|p1a: Miraidon|0 fnt\n|faint|p1a: Miraidon\n|-hitcount|p1: Miraidon|3\n|\n|upkeep\n|\n|t:|1698062706\n|switch|p1a: Flutter Mane|Flutter Mane, shiny|100\/100\n|-enditem|p1a: Flutter Mane|Booster Energy\n|-activate|p1a: Flutter Mane|ability: Protosynthesis|[fromitem]\n|-start|p1a: Flutter Mane|protosynthesisspe\n|turn|9\n|\n|t:|1698062715\n|move|p1a: Flutter Mane|Moonblast|p2a: Baxcalibur\n|-damage|p2a: Baxcalibur|0 fnt\n|faint|p2a: Baxcalibur\n|\n|upkeep\n|\n|t:|1698062720\n|switch|p2a: Garganacl|Garganacl, M|100\/100\n|-activate|p2a: Garganacl|move: Sticky Web\n|-unboost|p2a: Garganacl|spe|1\n|turn|10\n|\n|t:|1698062725\n|move|p1a: Flutter Mane|Moonblast|p2a: Garganacl\n|-damage|p2a: Garganacl|66\/100\n|-unboost|p2a: Garganacl|spa|1\n|move|p2a: Garganacl|Salt Cure|p1a: Flutter Mane\n|-damage|p1a: Flutter Mane|68\/100\n|-start|p1a: Flutter Mane|Salt Cure\n|\n|-damage|p1a: Flutter Mane|56\/100|[from] Salt Cure\n|upkeep\n|turn|11\n|\n|t:|1698062735\n|move|p1a: Flutter Mane|Shadow Ball|p2a: Garganacl\n|-crit|p2a: Garganacl\n|-damage|p2a: Garganacl|46\/100\n|-unboost|p2a: Garganacl|spd|1\n|-enditem|p2a: Garganacl|Sitrus Berry|[eat]\n|-heal|p2a: Garganacl|71\/100|[from] item: Sitrus Berry\n|move|p2a: Garganacl|Salt Cure|p1a: Flutter Mane\n|-damage|p1a: Flutter Mane|24\/100\n|\n|-damage|p1a: Flutter Mane|11\/100|[from] Salt Cure\n|-fieldend|move: Electric Terrain\n|upkeep\n|turn|12\n|\n|t:|1698062749\n|move|p1a: Flutter Mane|Moonblast|p2a: Garganacl\n|-damage|p2a: Garganacl|22\/100\n|move|p2a: Garganacl|Recover|p2a: Garganacl\n|-heal|p2a: Garganacl|72\/100\n|\n|-damage|p1a: Flutter Mane|0 fnt|[from] Salt Cure\n|faint|p1a: Flutter Mane\n|-end|p1a: Flutter Mane|Protosynthesis|[silent]\n|upkeep\n|\n|t:|1698062752\n|switch|p1a: Kyogre|Kyogre|100\/100\n|-weather|RainDance|[from] ability: Drizzle|[of] p1a: Kyogre\n|turn|13\n|\n|t:|1698062760\n|switch|p2a: Ninetales|Ninetales-Alola, F|100\/100\n|-activate|p2a: Ninetales|move: Sticky Web\n|-unboost|p2a: Ninetales|spe|1\n|-weather|Snow|[from] ability: Snow Warning|[of] p2a: Ninetales\n|move|p1a: Kyogre|Water Spout|p2a: Ninetales\n|-damage|p2a: Ninetales|0 fnt\n|faint|p2a: Ninetales\n|\n|-weather|Snow|[upkeep]\n|upkeep\n|\n|t:|1698062777\n|switch|p2a: Espathra|Espathra, M|100\/100\n|-activate|p2a: Espathra|move: Sticky Web\n|-unboost|p2a: Espathra|spe|1\n|turn|14\n|\n|t:|1698062781\n|move|p2a: Espathra|Protect|p2a: Espathra\n|-singleturn|p2a: Espathra|Protect\n|move|p1a: Kyogre|Water Spout|p2a: Espathra\n|-activate|p2a: Espathra|move: Protect\n|\n|-weather|Snow|[upkeep]\n|-ability|p2a: Espathra|Speed Boost|boost\n|-boost|p2a: Espathra|spe|1\n|upkeep\n|turn|15\n|\n|t:|1698062789\n|move|p2a: Espathra|Protect||[still]\n|-fail|p2a: Espathra\n|move|p1a: Kyogre|Water Spout|p2a: Espathra\n|-damage|p2a: Espathra|0 fnt\n|faint|p2a: Espathra\n|\n|-weather|Snow|[upkeep]\n|upkeep\n|-message|drakmoore forfeited.\n|\n|win|Anne Frankkkk\n|raw|Anne Frankkkk's rating: 1219 &rarr; <strong>1251<\/strong><br \/>(+32 for winning)\n|raw|drakmoore's rating: 1315 &rarr; <strong>1290<\/strong><br \/>(-25 for losing)\n|l|\u2606drakmoore\n","uploadtime":1698062797,"views":10,"p1id":"annefrankkkk","p2id":"drakmoore","formatid":"gen9ubers","rating":1251,"private":0,"password":""}