{"id":"gen9ubers-1991910922","p1":"qwerty9qwerty","p2":"cartoon cat 44","format":"[Gen 9] Ubers","log":"|j|\u2606qwerty9qwerty\n|j|\u2606cartoon cat 44\n|t:|1700137093\n|gametype|singles\n|player|p1|qwerty9qwerty|102|1125\n|player|p2|cartoon cat 44|ghetsis|1040\n|teamsize|p1|6\n|teamsize|p2|6\n|gen|9\n|tier|[Gen 9] Ubers\n|rated|\n|rule|Sleep Clause Mod: Limit one foe put to sleep\n|rule|Species Clause: Limit one of each Pok\u00e9mon\n|rule|OHKO Clause: OHKO moves are banned\n|rule|Evasion Items Clause: Evasion items are banned\n|rule|Evasion Moves Clause: Evasion moves are banned\n|rule|Endless Battle Clause: Forcing endless battles is banned\n|rule|HP Percentage Mod: HP is shown in percentages\n|clearpoke\n|poke|p1|Infernape, F|\n|poke|p1|Iron Bundle|\n|poke|p1|Rillaboom, M|\n|poke|p1|Landorus, M|\n|poke|p1|Flutter Mane|\n|poke|p1|Sneasler, F|\n|poke|p2|Koraidon|\n|poke|p2|Miraidon|\n|poke|p2|Palkia|\n|poke|p2|Giratina-Origin|\n|poke|p2|Charizard, F|\n|poke|p2|Gardevoir, M|\n|teampreview\n|inactive|Battle timer is ON: inactive players will automatically lose when time's up. (requested by cartoon cat 44)\n|\n|t:|1700137101\n|start\n|switch|p1a: furry bait|Sneasler, F|100\/100\n|switch|p2a: Charizard|Charizard, F, shiny|100\/100\n|turn|1\n|\n|t:|1700137110\n|move|p1a: furry bait|Fake Out|p2a: Charizard\n|-enditem|p1a: furry bait|Normal Gem|[from] gem\n|-damage|p2a: Charizard|78\/100\n|-damage|p1a: furry bait|84\/100|[from] item: Rocky Helmet|[of] p2a: Charizard\n|cant|p2a: Charizard|flinch\n|\n|upkeep\n|turn|2\n|\n|t:|1700137126\n|move|p1a: furry bait|Dire Claw|p2a: Charizard\n|-damage|p2a: Charizard|19\/100\n|-status|p2a: Charizard|psn\n|-damage|p1a: furry bait|67\/100|[from] item: Rocky Helmet|[of] p2a: Charizard\n|move|p2a: Charizard|Dragon Pulse|p1a: furry bait\n|-damage|p1a: furry bait|36\/100\n|\n|-damage|p2a: Charizard|7\/100 psn|[from] psn\n|upkeep\n|turn|3\n|\n|t:|1700137134\n|switch|p1a: maneblade|Flutter Mane|100\/100\n|-enditem|p1a: maneblade|Booster Energy\n|-activate|p1a: maneblade|ability: Protosynthesis|[fromitem]\n|-start|p1a: maneblade|protosynthesisspe\n|move|p2a: Charizard|Dragon Breath|p1a: maneblade\n|-immune|p1a: maneblade\n|\n|-damage|p2a: Charizard|0 fnt|[from] psn\n|faint|p2a: Charizard\n|upkeep\n|c|\u2606qwerty9qwerty|hehehe\n|\n|t:|1700137151\n|switch|p2a: Gardevoir|Gardevoir, M|100\/100\n|turn|4\n|\n|t:|1700137161\n|move|p1a: maneblade|Shadow Ball|p2a: Gardevoir\n|-supereffective|p2a: Gardevoir\n|-damage|p2a: Gardevoir|15\/100\n|move|p2a: Gardevoir|Misty Explosion|p1a: maneblade\n|-damage|p1a: maneblade|50\/100\n|faint|p2a: Gardevoir\n|\n|upkeep\n|c|\u2606qwerty9qwerty|dang\n|\n|t:|1700137170\n|switch|p2a: Giratina|Giratina-Origin|100\/100\n|turn|5\n|\n|t:|1700137174\n|move|p1a: maneblade|Shadow Ball|p2a: Giratina\n|-supereffective|p2a: Giratina\n|-damage|p2a: Giratina|43\/100\n|move|p2a: Giratina|Phantom Force||[still]\n|-prepare|p2a: Giratina|Phantom Force\n|\n|upkeep\n|turn|6\n|\n|t:|1700137183\n|-terastallize|p1a: maneblade|Normal\n|move|p1a: maneblade|Shadow Ball|p2a: Giratina|[miss]\n|-miss|p1a: maneblade|p2a: Giratina\n|move|p2a: Giratina|Phantom Force|p1a: maneblade|[from]lockedmove\n|-immune|p1a: maneblade\n|\n|upkeep\n|turn|7\n|\n|t:|1700137192\n|move|p2a: Giratina|Shadow Sneak|p1a: maneblade\n|-immune|p1a: maneblade\n|move|p1a: maneblade|Shadow Ball|p2a: Giratina\n|-supereffective|p2a: Giratina\n|-damage|p2a: Giratina|0 fnt\n|faint|p2a: Giratina\n|\n|upkeep\n|\n|t:|1700137196\n|switch|p2a: Palkia|Palkia|100\/100\n|turn|8\n|c|\u2606qwerty9qwerty|lmao\n|\n|t:|1700137202\n|move|p1a: maneblade|Moonblast|p2a: Palkia\n|-supereffective|p2a: Palkia\n|-damage|p2a: Palkia|24\/100\n|-unboost|p2a: Palkia|spa|1\n|move|p2a: Palkia|Aura Sphere|p1a: maneblade\n|-supereffective|p1a: maneblade\n|-damage|p1a: maneblade|14\/100\n|\n|upkeep\n|turn|9\n|\n|t:|1700137211\n|move|p1a: maneblade|Moonblast|p2a: Palkia\n|-supereffective|p2a: Palkia\n|-damage|p2a: Palkia|0 fnt\n|faint|p2a: Palkia\n|\n|upkeep\n|c|\u2606qwerty9qwerty|hehehe\n|\n|t:|1700137214\n|switch|p2a: Koraidon|Koraidon|100\/100\n|-weather|SunnyDay|[from] ability: Orichalcum Pulse|[of] p2a: Koraidon\n|-activate|p2a: Koraidon|Orichalcum Pulse|[source]\n|turn|10\n|\n|t:|1700137220\n|-terastallize|p2a: Koraidon|Fighting\n|move|p1a: maneblade|Moonblast|p2a: Koraidon\n|-supereffective|p2a: Koraidon\n|-damage|p2a: Koraidon|10\/100\n|move|p2a: Koraidon|Collision Course|p1a: maneblade\n|-supereffective|p1a: maneblade\n|-damage|p1a: maneblade|0 fnt\n|faint|p1a: maneblade\n|-end|p1a: maneblade|Protosynthesis|[silent]\n|\n|-weather|SunnyDay|[upkeep]\n|upkeep\n|c|\u2606qwerty9qwerty|hehehehe\n|\n|t:|1700137233\n|switch|p1a: robot penguin|Iron Bundle|100\/100\n|-enditem|p1a: robot penguin|Booster Energy\n|-activate|p1a: robot penguin|ability: Quark Drive|[fromitem]\n|-start|p1a: robot penguin|quarkdrivespe\n|turn|11\n|\n|t:|1700137237\n|move|p1a: robot penguin|Ice Beam|p2a: Koraidon\n|-damage|p2a: Koraidon|0 fnt\n|faint|p2a: Koraidon\n|\n|-weather|SunnyDay|[upkeep]\n|upkeep\n|\n|t:|1700137240\n|switch|p2a: Miraidon|Miraidon|100\/100\n|-fieldstart|move: Electric Terrain|[from] ability: Hadron Engine|[of] p2a: Miraidon\n|turn|12\n|\n|t:|1700137244\n|move|p1a: robot penguin|Ice Beam|p2a: Miraidon\n|-supereffective|p2a: Miraidon\n|-damage|p2a: Miraidon|27\/100\n|move|p2a: Miraidon|Electro Drift|p1a: robot penguin\n|-supereffective|p1a: robot penguin\n|-damage|p1a: robot penguin|0 fnt\n|faint|p1a: robot penguin\n|-end|p1a: robot penguin|Quark Drive|[silent]\n|\n|-weather|SunnyDay|[upkeep]\n|upkeep\n|c|\u2606qwerty9qwerty|gg\n|\n|t:|1700137250\n|switch|p1a: janitor|Landorus, M, shiny|100\/100\n|turn|13\n|\n|t:|1700137254\n|move|p1a: janitor|Earth Power|p2a: Miraidon\n|-supereffective|p2a: Miraidon\n|-damage|p2a: Miraidon|0 fnt\n|faint|p2a: Miraidon\n|\n|win|qwerty9qwerty\n|raw|qwerty9qwerty's rating: 1125 &rarr; <strong>1144<\/strong><br \/>(+19 for winning)\n|raw|cartoon cat 44's rating: 1040 &rarr; <strong>1028<\/strong><br \/>(-12 for losing)\n|l|\u2606qwerty9qwerty\n","uploadtime":1700137259,"views":13,"p1id":"qwerty9qwerty","p2id":"cartooncat44","formatid":"gen9ubers","rating":1028,"private":0,"password":""}