{"id":"gen9ubers-1982925910","p1":"clodgod6","p2":"ChainsPkmn","format":"[Gen 9] Ubers","log":"|j|\u2606clodgod6\n|j|\u2606ChainsPkmn\n|t:|1699059411\n|gametype|singles\n|player|p1|clodgod6|wally|1331\n|player|p2|ChainsPkmn|marnie|1328\n|teamsize|p1|6\n|teamsize|p2|6\n|gen|9\n|tier|[Gen 9] Ubers\n|rated|\n|rule|Sleep Clause Mod: Limit one foe put to sleep\n|rule|Species Clause: Limit one of each Pok\u00e9mon\n|rule|OHKO Clause: OHKO moves are banned\n|rule|Evasion Items Clause: Evasion items are banned\n|rule|Evasion Moves Clause: Evasion moves are banned\n|rule|Endless Battle Clause: Forcing endless battles is banned\n|rule|HP Percentage Mod: HP is shown in percentages\n|clearpoke\n|poke|p1|Basculegion, M|\n|poke|p1|Kyogre|\n|poke|p1|Arceus|\n|poke|p1|Pelipper, F|\n|poke|p1|Zacian-*|\n|poke|p1|Giratina|\n|poke|p2|Ribombee, F|\n|poke|p2|Miraidon|\n|poke|p2|Zacian-*|\n|poke|p2|Koraidon|\n|poke|p2|Skeledirge, M|\n|poke|p2|Arceus-Ground|\n|teampreview\n|inactive|Battle timer is ON: inactive players will automatically lose when time's up. (requested by ChainsPkmn)\n|j| beckyboo\n|\n|t:|1699059424\n|start\n|switch|p1a: Pelipper|Pelipper, F|100\/100\n|switch|p2a: Ribombee|Ribombee, F, shiny|100\/100\n|-weather|RainDance|[from] ability: Drizzle|[of] p1a: Pelipper\n|turn|1\n|\n|t:|1699059430\n|move|p2a: Ribombee|Sticky Web|p1a: Pelipper\n|-sidestart|p1: clodgod6|move: Sticky Web\n|move|p1a: Pelipper|Hurricane|p2a: Ribombee\n|-supereffective|p2a: Ribombee\n|-enditem|p2a: Ribombee|Focus Sash\n|-damage|p2a: Ribombee|1\/100\n|\n|-weather|RainDance|[upkeep]\n|upkeep\n|turn|2\n|\n|t:|1699059449\n|move|p2a: Ribombee|Moonblast|p1a: Pelipper\n|-damage|p1a: Pelipper|44\/100\n|move|p1a: Pelipper|U-turn|p2a: Ribombee\n|-resisted|p2a: Ribombee\n|-damage|p2a: Ribombee|0 fnt\n|faint|p2a: Ribombee\n|\n|t:|1699059457\n|switch|p1a: Giratina|Giratina|100\/100|[from] U-turn\n|-activate|p1a: Giratina|move: Sticky Web\n|-unboost|p1a: Giratina|spe|1\n|-ability|p1a: Giratina|Pressure\n|\n|-weather|RainDance|[upkeep]\n|upkeep\n|\n|t:|1699059477\n|switch|p2a: Koraidon|Koraidon|100\/100\n|-weather|SunnyDay|[from] ability: Orichalcum Pulse|[of] p2a: Koraidon\n|-activate|p2a: Koraidon|Orichalcum Pulse|[source]\n|turn|3\n|\n|t:|1699059490\n|move|p2a: Koraidon|Scale Shot|p1a: Giratina\n|-supereffective|p1a: Giratina\n|-damage|p1a: Giratina|80\/100\n|-supereffective|p1a: Giratina\n|-damage|p1a: Giratina|59\/100\n|-supereffective|p1a: Giratina\n|-damage|p1a: Giratina|37\/100\n|-supereffective|p1a: Giratina\n|-damage|p1a: Giratina|16\/100\n|-hitcount|p1a: Giratina|4\n|-unboost|p2a: Koraidon|def|1\n|-boost|p2a: Koraidon|spe|1\n|move|p1a: Giratina|Will-O-Wisp|p2a: Koraidon\n|-status|p2a: Koraidon|brn\n|\n|-weather|SunnyDay|[upkeep]\n|-heal|p1a: Giratina|22\/100|[from] item: Leftovers\n|-damage|p2a: Koraidon|94\/100 brn|[from] brn\n|upkeep\n|turn|4\n|\n|t:|1699059497\n|switch|p1a: Pelipper|Pelipper, F|44\/100\n|-weather|RainDance|[from] ability: Drizzle|[of] p1a: Pelipper\n|move|p2a: Koraidon|Scale Shot|p1a: Pelipper\n|-damage|p1a: Pelipper|38\/100\n|-damage|p1a: Pelipper|33\/100\n|-damage|p1a: Pelipper|28\/100\n|-damage|p1a: Pelipper|23\/100\n|-hitcount|p1a: Pelipper|4\n|-unboost|p2a: Koraidon|def|1\n|-boost|p2a: Koraidon|spe|1\n|\n|-weather|RainDance|[upkeep]\n|-damage|p2a: Koraidon|88\/100 brn|[from] brn\n|upkeep\n|turn|5\n|\n|t:|1699059504\n|move|p2a: Koraidon|Scale Shot|p1a: Pelipper\n|-damage|p1a: Pelipper|18\/100\n|-damage|p1a: Pelipper|13\/100\n|-damage|p1a: Pelipper|8\/100\n|-damage|p1a: Pelipper|2\/100\n|-damage|p1a: Pelipper|0 fnt\n|faint|p1a: Pelipper\n|-hitcount|p1: Pelipper|5\n|-unboost|p2a: Koraidon|def|1\n|-boost|p2a: Koraidon|spe|1\n|\n|-weather|RainDance|[upkeep]\n|-damage|p2a: Koraidon|82\/100 brn|[from] brn\n|upkeep\n|\n|t:|1699059520\n|switch|p1a: Arceus|Arceus|100\/100\n|-activate|p1a: Arceus|move: Sticky Web\n|-unboost|p1a: Arceus|spe|1\n|turn|6\n|\n|t:|1699059525\n|move|p1a: Arceus|Extreme Speed|p2a: Koraidon\n|-damage|p2a: Koraidon|16\/100 brn\n|move|p2a: Koraidon|Collision Course|p1a: Arceus\n|-supereffective|p1a: Arceus\n|-damage|p1a: Arceus|57\/100\n|\n|-weather|RainDance|[upkeep]\n|-heal|p1a: Arceus|63\/100|[from] item: Leftovers\n|-damage|p2a: Koraidon|10\/100 brn|[from] brn\n|upkeep\n|turn|7\n|\n|t:|1699059528\n|move|p2a: Koraidon|Collision Course|p1a: Arceus\n|-supereffective|p1a: Arceus\n|-damage|p1a: Arceus|17\/100\n|move|p1a: Arceus|Recover|p1a: Arceus\n|-heal|p1a: Arceus|67\/100\n|\n|-weather|RainDance|[upkeep]\n|-heal|p1a: Arceus|73\/100|[from] item: Leftovers\n|-damage|p2a: Koraidon|4\/100 brn|[from] brn\n|upkeep\n|turn|8\n|\n|t:|1699059536\n|move|p2a: Koraidon|Collision Course|p1a: Arceus\n|-supereffective|p1a: Arceus\n|-damage|p1a: Arceus|22\/100\n|move|p1a: Arceus|Recover|p1a: Arceus\n|-heal|p1a: Arceus|72\/100\n|\n|-weather|RainDance|[upkeep]\n|-heal|p1a: Arceus|78\/100|[from] item: Leftovers\n|-damage|p2a: Koraidon|0 fnt|[from] brn\n|faint|p2a: Koraidon\n|upkeep\n|\n|t:|1699059543\n|switch|p2a: Panda Trueno|Miraidon|100\/100\n|-fieldstart|move: Electric Terrain|[from] ability: Hadron Engine|[of] p2a: Panda Trueno\n|turn|9\n|\n|t:|1699059556\n|move|p2a: Panda Trueno|Electro Drift|p1a: Arceus\n|-damage|p1a: Arceus|0 fnt\n|faint|p1a: Arceus\n|-damage|p2a: Panda Trueno|91\/100|[from] item: Life Orb\n|\n|-weather|RainDance|[upkeep]\n|upkeep\n|l| beckyboo\n|\n|t:|1699059571\n|switch|p1a: Kyogre|Kyogre|100\/100\n|-activate|p1a: Kyogre|move: Sticky Web\n|-unboost|p1a: Kyogre|spe|1\n|turn|10\n|\n|t:|1699059574\n|move|p2a: Panda Trueno|Electro Drift|p1a: Kyogre\n|-supereffective|p1a: Kyogre\n|-damage|p1a: Kyogre|0 fnt\n|faint|p1a: Kyogre\n|-damage|p2a: Panda Trueno|81\/100|[from] item: Life Orb\n|\n|-weather|RainDance|[upkeep]\n|upkeep\n|\n|t:|1699059576\n|switch|p1a: Basculegion|Basculegion, M, shiny|100\/100\n|-activate|p1a: Basculegion|move: Sticky Web\n|-unboost|p1a: Basculegion|spe|1\n|turn|11\n|\n|t:|1699059580\n|move|p2a: Panda Trueno|Electro Drift|p1a: Basculegion\n|-supereffective|p1a: Basculegion\n|-damage|p1a: Basculegion|0 fnt\n|faint|p1a: Basculegion\n|-damage|p2a: Panda Trueno|71\/100|[from] item: Life Orb\n|\n|-weather|none\n|upkeep\n|\n|t:|1699059584\n|switch|p1a: Giratina|Giratina|22\/100\n|-activate|p1a: Giratina|move: Sticky Web\n|-unboost|p1a: Giratina|spe|1\n|-ability|p1a: Giratina|Pressure\n|turn|12\n|\n|t:|1699059587\n|move|p2a: Panda Trueno|Electro Drift|p1a: Giratina\n|-resisted|p1a: Giratina\n|-damage|p1a: Giratina|0 fnt\n|faint|p1a: Giratina\n|-damage|p2a: Panda Trueno|61\/100|[from] item: Life Orb\n|\n|upkeep\n|-message|clodgod6 forfeited.\n|\n|win|ChainsPkmn\n|raw|clodgod6's rating: 1331 &rarr; <strong>1311<\/strong><br \/>(-20 for losing)\n|raw|ChainsPkmn's rating: 1328 &rarr; <strong>1348<\/strong><br \/>(+20 for winning)\n|l|\u2606clodgod6\n","uploadtime":1699059621,"views":5,"p1id":"clodgod6","p2id":"chainspkmn","formatid":"gen9ubers","rating":1311,"private":0,"password":""}