{"id":"gen9ubers-1982841870","p1":"GimmeBigcookie","p2":"SlimyFish","format":"[Gen 9] Ubers","log":"|j|\u2606GimmeBigcookie\n|j|\u2606SlimyFish\n|t:|1699050268\n|gametype|singles\n|player|p1|GimmeBigcookie|veteran|\n|player|p2|SlimyFish|janitor|\n|teamsize|p1|6\n|teamsize|p2|6\n|gen|9\n|tier|[Gen 9] Ubers\n|rule|Sleep Clause Mod: Limit one foe put to sleep\n|rule|Species Clause: Limit one of each Pok\u00e9mon\n|rule|OHKO Clause: OHKO moves are banned\n|rule|Evasion Items Clause: Evasion items are banned\n|rule|Evasion Moves Clause: Evasion moves are banned\n|rule|Endless Battle Clause: Forcing endless battles is banned\n|rule|HP Percentage Mod: HP is shown in percentages\n|clearpoke\n|poke|p1|Zacian-*|\n|poke|p1|Kyogre|\n|poke|p1|Miraidon|\n|poke|p1|Roaring Moon|\n|poke|p1|Urshifu-*, M|\n|poke|p1|Vikavolt, M|\n|poke|p2|Ting-Lu|\n|poke|p2|Flutter Mane|\n|poke|p2|Koraidon|\n|poke|p2|Walking Wake|\n|poke|p2|Giratina|\n|poke|p2|Chien-Pao|\n|teampreview\n|\n|t:|1699050279\n|start\n|switch|p1a: Kyogre|Kyogre|100\/100\n|switch|p2a: Ting-Lu|Ting-Lu|100\/100\n|-weather|RainDance|[from] ability: Drizzle|[of] p1a: Kyogre\n|-ability|p2a: Ting-Lu|Vessel of Ruin\n|turn|1\n|\n|t:|1699050286\n|switch|p2a: Giratina|Giratina|100\/100\n|-ability|p2a: Giratina|Pressure\n|move|p1a: Kyogre|Water Spout|p2a: Giratina\n|-resisted|p2a: Giratina\n|-damage|p2a: Giratina|68\/100\n|\n|-weather|RainDance|[upkeep]\n|-heal|p2a: Giratina|74\/100|[from] item: Leftovers\n|upkeep\n|turn|2\n|\n|t:|1699050296\n|switch|p1a: Zacian|Zacian-Crowned|100\/100\n|-ability|p1a: Zacian|Intrepid Sword|boost\n|-boost|p1a: Zacian|atk|1\n|move|p2a: Giratina|Shadow Ball|p1a: Zacian\n|-damage|p1a: Zacian|76\/100\n|\n|-weather|RainDance|[upkeep]\n|-heal|p2a: Giratina|80\/100|[from] item: Leftovers\n|upkeep\n|turn|3\n|\n|t:|1699050302\n|switch|p1a: Vikavolt|Vikavolt, M|100\/100\n|move|p2a: Giratina|Will-O-Wisp|p1a: Vikavolt\n|-status|p1a: Vikavolt|brn\n|\n|-weather|RainDance|[upkeep]\n|-heal|p2a: Giratina|86\/100|[from] item: Leftovers\n|-damage|p1a: Vikavolt|94\/100 brn|[from] brn\n|upkeep\n|turn|4\n|\n|t:|1699050304\n|move|p2a: Giratina|Draco Meteor|p1a: Vikavolt\n|-damage|p1a: Vikavolt|46\/100 brn\n|-unboost|p2a: Giratina|spa|2\n|move|p1a: Vikavolt|Thunder Wave|p2a: Giratina\n|-status|p2a: Giratina|par\n|\n|-weather|RainDance|[upkeep]\n|-heal|p1a: Vikavolt|52\/100 brn|[from] item: Leftovers\n|-heal|p2a: Giratina|92\/100 par|[from] item: Leftovers\n|-damage|p1a: Vikavolt|46\/100 brn|[from] brn\n|upkeep\n|turn|5\n|\n|t:|1699050309\n|move|p1a: Vikavolt|Sticky Web|p2a: Giratina\n|-sidestart|p2: SlimyFish|move: Sticky Web\n|move|p2a: Giratina|Shadow Ball|p1a: Vikavolt\n|-crit|p1a: Vikavolt\n|-damage|p1a: Vikavolt|2\/100 brn\n|\n|-weather|none\n|-heal|p1a: Vikavolt|8\/100 brn|[from] item: Leftovers\n|-heal|p2a: Giratina|99\/100 par|[from] item: Leftovers\n|-damage|p1a: Vikavolt|2\/100 brn|[from] brn\n|upkeep\n|turn|6\n|\n|t:|1699050311\n|move|p1a: Vikavolt|Thunderbolt|p2a: Giratina\n|-resisted|p2a: Giratina\n|-damage|p2a: Giratina|88\/100 par\n|cant|p2a: Giratina|par\n|\n|-heal|p1a: Vikavolt|8\/100 brn|[from] item: Leftovers\n|-heal|p2a: Giratina|94\/100 par|[from] item: Leftovers\n|-damage|p1a: Vikavolt|2\/100 brn|[from] brn\n|upkeep\n|turn|7\n|\n|t:|1699050315\n|move|p1a: Vikavolt|Volt Switch|p2a: Giratina\n|-resisted|p2a: Giratina\n|-damage|p2a: Giratina|85\/100 par\n|\n|t:|1699050319\n|switch|p1a: Zacian|Zacian-Crowned|76\/100|[from] Volt Switch\n|cant|p2a: Giratina|par\n|\n|-heal|p2a: Giratina|92\/100 par|[from] item: Leftovers\n|upkeep\n|turn|8\n|\n|t:|1699050321\n|move|p1a: Zacian|Swords Dance|p1a: Zacian\n|-boost|p1a: Zacian|atk|2\n|move|p2a: Giratina|Defog|p1a: Zacian\n|-unboost|p1a: Zacian|evasion|1\n|-sideend|p2: SlimyFish|Sticky Web|[from] move: Defog|[of] p2a: Giratina\n|\n|-heal|p2a: Giratina|98\/100 par|[from] item: Leftovers\n|upkeep\n|turn|9\n|\n|t:|1699050324\n|move|p1a: Zacian|Play Rough|p2a: Giratina\n|-supereffective|p2a: Giratina\n|-damage|p2a: Giratina|0 fnt\n|faint|p2a: Giratina\n|\n|upkeep\n|\n|t:|1699050330\n|switch|p2a: Koraidon|Koraidon|100\/100\n|-weather|SunnyDay|[from] ability: Orichalcum Pulse|[of] p2a: Koraidon\n|-activate|p2a: Koraidon|Orichalcum Pulse|[source]\n|turn|10\n|\n|t:|1699050349\n|switch|p1a: Vikavolt|Vikavolt, M|2\/100 brn\n|move|p2a: Koraidon|Collision Course|p1a: Vikavolt\n|-resisted|p1a: Vikavolt\n|-damage|p1a: Vikavolt|0 fnt\n|faint|p1a: Vikavolt\n|\n|-weather|SunnyDay|[upkeep]\n|upkeep\n|\n|t:|1699050356\n|switch|p1a: Kyogre|Kyogre|100\/100\n|-weather|RainDance|[from] ability: Drizzle|[of] p1a: Kyogre\n|turn|11\n|\n|t:|1699050365\n|switch|p2a: Walking Wake|Walking Wake|100\/100\n|move|p1a: Kyogre|Ice Beam|p2a: Walking Wake\n|-damage|p2a: Walking Wake|54\/100\n|\n|-weather|RainDance|[upkeep]\n|upkeep\n|turn|12\n|\n|t:|1699050375\n|move|p1a: Kyogre|Ice Beam|p2a: Walking Wake\n|-damage|p2a: Walking Wake|5\/100\n|move|p2a: Walking Wake|Hydro Steam|p1a: Kyogre\n|-resisted|p1a: Kyogre\n|-damage|p1a: Kyogre|64\/100\n|\n|-weather|RainDance|[upkeep]\n|upkeep\n|turn|13\n|\n|t:|1699050383\n|move|p1a: Kyogre|Ice Beam|p2a: Walking Wake\n|-damage|p2a: Walking Wake|0 fnt\n|faint|p2a: Walking Wake\n|-end|p2a: Walking Wake|Protosynthesis|[silent]\n|\n|-weather|RainDance|[upkeep]\n|upkeep\n|\n|t:|1699050384\n|switch|p2a: Koraidon|Koraidon|100\/100\n|-weather|SunnyDay|[from] ability: Orichalcum Pulse|[of] p2a: Koraidon\n|-activate|p2a: Koraidon|Orichalcum Pulse|[source]\n|turn|14\n|\n|t:|1699050392\n|switch|p1a: Roaring Moon|Roaring Moon|100\/100\n|-activate|p1a: Roaring Moon|ability: Protosynthesis\n|-start|p1a: Roaring Moon|protosynthesisatk\n|move|p2a: Koraidon|Collision Course|p1a: Roaring Moon\n|-supereffective|p1a: Roaring Moon\n|-damage|p1a: Roaring Moon|0 fnt\n|faint|p1a: Roaring Moon\n|-end|p1a: Roaring Moon|Protosynthesis|[silent]\n|\n|-weather|SunnyDay|[upkeep]\n|upkeep\n|\n|t:|1699050399\n|switch|p1a: Urshifu|Urshifu-Rapid-Strike, M|100\/100\n|turn|15\n|\n|t:|1699050404\n|-terastallize|p1a: Urshifu|Fighting\n|move|p2a: Koraidon|Collision Course|p1a: Urshifu\n|-damage|p1a: Urshifu|26\/100\n|move|p1a: Urshifu|Surging Strikes|p2a: Koraidon\n|-resisted|p2a: Koraidon\n|-crit|p2a: Koraidon\n|-damage|p2a: Koraidon|93\/100\n|-resisted|p2a: Koraidon\n|-crit|p2a: Koraidon\n|-damage|p2a: Koraidon|86\/100\n|-resisted|p2a: Koraidon\n|-crit|p2a: Koraidon\n|-damage|p2a: Koraidon|79\/100\n|-hitcount|p2a: Koraidon|3\n|\n|-weather|SunnyDay|[upkeep]\n|upkeep\n|turn|16\n|\n|t:|1699050413\n|move|p2a: Koraidon|Collision Course|p1a: Urshifu\n|-damage|p1a: Urshifu|0 fnt\n|faint|p1a: Urshifu\n|\n|-weather|SunnyDay|[upkeep]\n|upkeep\n|\n|t:|1699050419\n|switch|p1a: Zacian|Zacian-Crowned|76\/100\n|turn|17\n|\n|t:|1699050422\n|move|p2a: Koraidon|Collision Course|p1a: Zacian\n|-damage|p1a: Zacian|6\/100\n|move|p1a: Zacian|Play Rough|p2a: Koraidon\n|-supereffective|p2a: Koraidon\n|-damage|p2a: Koraidon|0 fnt\n|faint|p2a: Koraidon\n|\n|-weather|SunnyDay|[upkeep]\n|upkeep\n|\n|t:|1699050427\n|switch|p2a: Flutter Mane|Flutter Mane|100\/100\n|-activate|p2a: Flutter Mane|ability: Protosynthesis\n|-start|p2a: Flutter Mane|protosynthesisspe\n|turn|18\n|\n|t:|1699050446\n|move|p2a: Flutter Mane|Moonblast|p1a: Zacian\n|-resisted|p1a: Zacian\n|-damage|p1a: Zacian|0 fnt\n|faint|p1a: Zacian\n|\n|-weather|none\n|-end|p2a: Flutter Mane|Protosynthesis\n|upkeep\n|\n|t:|1699050462\n|switch|p1a: Kyogre|Kyogre|64\/100\n|-weather|RainDance|[from] ability: Drizzle|[of] p1a: Kyogre\n|turn|19\n|\n|t:|1699050464\n|move|p1a: Kyogre|Origin Pulse|p2a: Flutter Mane\n|-damage|p2a: Flutter Mane|0 fnt\n|faint|p2a: Flutter Mane\n|-end|p2a: Flutter Mane|Protosynthesis|[silent]\n|\n|-weather|RainDance|[upkeep]\n|upkeep\n|\n|t:|1699050466\n|switch|p2a: Chien-Pao|Chien-Pao|100\/100\n|-ability|p2a: Chien-Pao|Sword of Ruin\n|turn|20\n|\n|t:|1699050478\n|move|p2a: Chien-Pao|Ice Shard|p1a: Kyogre\n|-resisted|p1a: Kyogre\n|-damage|p1a: Kyogre|43\/100\n|move|p1a: Kyogre|Origin Pulse|p2a: Chien-Pao\n|-damage|p2a: Chien-Pao|0 fnt\n|faint|p2a: Chien-Pao\n|\n|-weather|RainDance|[upkeep]\n|upkeep\n|\n|t:|1699050480\n|switch|p2a: Ting-Lu|Ting-Lu|100\/100\n|-ability|p2a: Ting-Lu|Vessel of Ruin\n|turn|21\n|\n|t:|1699050486\n|move|p1a: Kyogre|Origin Pulse|p2a: Ting-Lu\n|-supereffective|p2a: Ting-Lu\n|-damage|p2a: Ting-Lu|0 fnt\n|faint|p2a: Ting-Lu\n|\n|win|GimmeBigcookie\n","uploadtime":1699050489,"views":6,"p1id":"gimmebigcookie","p2id":"slimyfish","formatid":"gen9ubers","rating":0,"private":0,"password":""}