{"id":"gen9ubers-1977876181","p1":"OreoSpeedruns","p2":"scarfskymin","format":"[Gen 9] Ubers","log":"|j|\u2606OreoSpeedruns\n|j|\u2606scarfskymin\n|t:|1698460537\n|gametype|singles\n|player|p1|OreoSpeedruns|hilbert-masters|\n|player|p2|scarfskymin|170|\n|teamsize|p1|6\n|teamsize|p2|6\n|gen|9\n|tier|[Gen 9] Ubers\n|rated|Tournament battle\n|rule|Sleep Clause Mod: Limit one foe put to sleep\n|rule|Species Clause: Limit one of each Pok\u00e9mon\n|rule|OHKO Clause: OHKO moves are banned\n|rule|Evasion Items Clause: Evasion items are banned\n|rule|Evasion Moves Clause: Evasion moves are banned\n|rule|Endless Battle Clause: Forcing endless battles is banned\n|rule|HP Percentage Mod: HP is shown in percentages\n|clearpoke\n|poke|p1|Koraidon|\n|poke|p1|Flutter Mane|\n|poke|p1|Giratina-Origin|\n|poke|p1|Arceus-Steel|\n|poke|p1|Alomomola, F|\n|poke|p1|Ting-Lu|\n|poke|p2|Arceus-Ground|\n|poke|p2|Miraidon|\n|poke|p2|Giratina-Origin|\n|poke|p2|Zacian-*|\n|poke|p2|Kyogre|\n|poke|p2|Landorus-Therian, M|\n|teampreview\n|c|\u2606scarfskymin|glhf\n|c|\u2606OreoSpeedruns|glhf\n|\n|t:|1698460568\n|start\n|switch|p1a: Koraidon|Koraidon|100\/100\n|switch|p2a: Landorus|Landorus-Therian, M|100\/100\n|-weather|SunnyDay|[from] ability: Orichalcum Pulse|[of] p1a: Koraidon\n|-activate|p1a: Koraidon|Orichalcum Pulse|[source]\n|-ability|p2a: Landorus|Intimidate|boost\n|-unboost|p1a: Koraidon|atk|1\n|turn|1\n|\n|t:|1698460601\n|move|p1a: Koraidon|U-turn|p2a: Landorus\n|-resisted|p2a: Landorus\n|-damage|p2a: Landorus|92\/100\n|\n|t:|1698460606\n|switch|p1a: Giratina|Giratina-Origin, shiny|100\/100|[from] U-turn\n|move|p2a: Landorus|U-turn|p1a: Giratina\n|-resisted|p1a: Giratina\n|-damage|p1a: Giratina|94\/100\n|\n|t:|1698460625\n|switch|p2a: Miraidon|Miraidon|100\/100|[from] U-turn\n|-fieldstart|move: Electric Terrain|[from] ability: Hadron Engine|[of] p2a: Miraidon\n|\n|-weather|SunnyDay|[upkeep]\n|upkeep\n|turn|2\n|\n|t:|1698460641\n|switch|p1a: Ting-Lu|Ting-Lu|100\/100\n|-ability|p1a: Ting-Lu|Vessel of Ruin\n|move|p2a: Miraidon|U-turn|p1a: Ting-Lu\n|-supereffective|p1a: Ting-Lu\n|-damage|p1a: Ting-Lu|87\/100\n|\n|t:|1698460648\n|switch|p2a: Landorus|Landorus-Therian, M|92\/100|[from] U-turn\n|-ability|p2a: Landorus|Intimidate|boost\n|-unboost|p1a: Ting-Lu|atk|1\n|\n|-weather|SunnyDay|[upkeep]\n|-heal|p2a: Landorus|98\/100|[from] item: Leftovers\n|-heal|p1a: Ting-Lu|93\/100|[from] item: Leftovers\n|upkeep\n|turn|3\n|\n|t:|1698460664\n|move|p2a: Landorus|Taunt|p1a: Ting-Lu\n|-start|p1a: Ting-Lu|move: Taunt\n|move|p1a: Ting-Lu|Ruination|p2a: Landorus\n|-damage|p2a: Landorus|49\/100\n|\n|-weather|SunnyDay|[upkeep]\n|-heal|p2a: Landorus|55\/100|[from] item: Leftovers\n|-heal|p1a: Ting-Lu|99\/100|[from] item: Leftovers\n|upkeep\n|turn|4\n|j| ZowwyCafe\u2764\n|\n|t:|1698460675\n|move|p2a: Landorus|Stealth Rock|p1a: Ting-Lu\n|-sidestart|p1: OreoSpeedruns|move: Stealth Rock\n|move|p1a: Ting-Lu|Ruination|p2a: Landorus\n|-damage|p2a: Landorus|28\/100\n|\n|-weather|SunnyDay|[upkeep]\n|-heal|p2a: Landorus|34\/100|[from] item: Leftovers\n|-heal|p1a: Ting-Lu|100\/100|[from] item: Leftovers\n|upkeep\n|turn|5\n|\n|t:|1698460695\n|move|p2a: Landorus|Earthquake|p1a: Ting-Lu\n|-damage|p1a: Ting-Lu|75\/100\n|move|p1a: Ting-Lu|Ruination|p2a: Landorus|[miss]\n|-miss|p1a: Ting-Lu|p2a: Landorus\n|\n|-weather|none\n|-heal|p2a: Landorus|40\/100|[from] item: Leftovers\n|-heal|p1a: Ting-Lu|81\/100|[from] item: Leftovers\n|-end|p1a: Ting-Lu|move: Taunt\n|-fieldend|move: Electric Terrain\n|upkeep\n|turn|6\n|\n|t:|1698460709\n|switch|p1a: Giratina|Giratina-Origin, shiny|94\/100\n|-damage|p1a: Giratina|81\/100|[from] Stealth Rock\n|move|p2a: Landorus|U-turn|p1a: Giratina\n|-resisted|p1a: Giratina\n|-damage|p1a: Giratina|75\/100\n|c|\u2606scarfskymin|.calc\n|\n|t:|1698460758\n|switch|p2a: Zacian|Zacian-Crowned|100\/100|[from] U-turn\n|-ability|p2a: Zacian|Intrepid Sword|boost\n|-boost|p2a: Zacian|atk|1\n|\n|upkeep\n|turn|7\n|\n|t:|1698460775\n|switch|p1a: Arceus|Arceus-Steel|100\/100\n|-damage|p1a: Arceus|94\/100|[from] Stealth Rock\n|move|p2a: Zacian|Play Rough|p1a: Arceus\n|-resisted|p1a: Arceus\n|-damage|p1a: Arceus|75\/100\n|\n|upkeep\n|turn|8\n|j| makers manhattan\n|j|%shrang\n|\n|t:|1698460809\n|switch|p2a: Kyogre|Kyogre|100\/100\n|-weather|RainDance|[from] ability: Drizzle|[of] p2a: Kyogre\n|move|p1a: Arceus|Stealth Rock|p2a: Kyogre\n|-sidestart|p2: scarfskymin|move: Stealth Rock\n|\n|-weather|RainDance|[upkeep]\n|upkeep\n|turn|9\n|\n|t:|1698460861\n|switch|p1a: Koraidon|Koraidon|100\/100\n|-damage|p1a: Koraidon|94\/100|[from] Stealth Rock\n|-weather|SunnyDay|[from] ability: Orichalcum Pulse|[of] p1a: Koraidon\n|-activate|p1a: Koraidon|Orichalcum Pulse|[source]\n|move|p2a: Kyogre|Water Spout|p1a: Koraidon\n|-resisted|p1a: Koraidon\n|-damage|p1a: Koraidon|74\/100\n|\n|-weather|SunnyDay|[upkeep]\n|upkeep\n|turn|10\n|\n|t:|1698460881\n|switch|p2a: Landorus|Landorus-Therian, M|40\/100\n|-damage|p2a: Landorus|28\/100|[from] Stealth Rock\n|-ability|p2a: Landorus|Intimidate|boost\n|-unboost|p1a: Koraidon|atk|1\n|move|p1a: Koraidon|U-turn|p2a: Landorus\n|-resisted|p2a: Landorus\n|-damage|p2a: Landorus|19\/100\n|\n|t:|1698460904\n|switch|p1a: Flutter Mane|Flutter Mane|100\/100|[from] U-turn\n|-damage|p1a: Flutter Mane|88\/100|[from] Stealth Rock\n|-activate|p1a: Flutter Mane|ability: Protosynthesis\n|-start|p1a: Flutter Mane|protosynthesisspe\n|\n|-weather|SunnyDay|[upkeep]\n|-heal|p2a: Landorus|25\/100|[from] item: Leftovers\n|upkeep\n|turn|11\n|\n|t:|1698460927\n|switch|p2a: Kyogre|Kyogre|100\/100\n|-damage|p2a: Kyogre|88\/100|[from] Stealth Rock\n|-weather|RainDance|[from] ability: Drizzle|[of] p2a: Kyogre\n|-end|p1a: Flutter Mane|Protosynthesis\n|move|p1a: Flutter Mane|Moonblast|p2a: Kyogre\n|-damage|p2a: Kyogre|42\/100\n|-unboost|p2a: Kyogre|spa|1\n|-damage|p1a: Flutter Mane|78\/100|[from] item: Life Orb\n|\n|-weather|RainDance|[upkeep]\n|upkeep\n|turn|12\n|\n|t:|1698460941\n|-end|p1a: Flutter Mane|Protosynthesis|[silent]\n|switch|p1a: Alomomola|Alomomola, F|100\/100\n|-damage|p1a: Alomomola|88\/100|[from] Stealth Rock\n|move|p2a: Kyogre|Origin Pulse|p1a: Alomomola|[miss]\n|-miss|p2a: Kyogre|p1a: Alomomola\n|\n|-weather|RainDance|[upkeep]\n|upkeep\n|turn|13\n|l| ZowwyCafe\u2764\n|\n|t:|1698460969\n|switch|p2a: Zacian|Zacian-Crowned|100\/100\n|-damage|p2a: Zacian|94\/100|[from] Stealth Rock\n|move|p1a: Alomomola|Flip Turn|p2a: Zacian\n|-damage|p2a: Zacian|70\/100\n|\n|t:|1698460987\n|switch|p1a: Koraidon|Koraidon|74\/100|[from] Flip Turn\n|-damage|p1a: Koraidon|67\/100|[from] Stealth Rock\n|-weather|SunnyDay|[from] ability: Orichalcum Pulse|[of] p1a: Koraidon\n|-activate|p1a: Koraidon|Orichalcum Pulse|[source]\n|\n|-weather|SunnyDay|[upkeep]\n|upkeep\n|turn|14\n|\n|t:|1698461042\n|-terastallize|p2a: Zacian|Flying\n|move|p1a: Koraidon|Low Kick|p2a: Zacian\n|-resisted|p2a: Zacian\n|-damage|p2a: Zacian|33\/100\n|move|p2a: Zacian|Play Rough|p1a: Koraidon\n|-supereffective|p1a: Koraidon\n|-damage|p1a: Koraidon|0 fnt\n|faint|p1a: Koraidon\n|\n|-weather|SunnyDay|[upkeep]\n|upkeep\n|\n|t:|1698461051\n|switch|p1a: Alomomola|Alomomola, F|100\/100\n|-damage|p1a: Alomomola|88\/100|[from] Stealth Rock\n|turn|15\n|l|%shrang\n|\n|t:|1698461064\n|switch|p2a: Kyogre|Kyogre|42\/100\n|-damage|p2a: Kyogre|30\/100|[from] Stealth Rock\n|-weather|RainDance|[from] ability: Drizzle|[of] p2a: Kyogre\n|move|p1a: Alomomola|Wish|p1a: Alomomola\n|\n|-weather|RainDance|[upkeep]\n|upkeep\n|turn|16\n|\n|t:|1698461085\n|switch|p1a: Giratina|Giratina-Origin, shiny|75\/100\n|-damage|p1a: Giratina|62\/100|[from] Stealth Rock\n|move|p2a: Kyogre|Thunder|p1a: Giratina\n|-resisted|p1a: Giratina\n|-damage|p1a: Giratina|49\/100\n|\n|-weather|RainDance|[upkeep]\n|-heal|p1a: Giratina|100\/100|[from] move: Wish|[wisher] Alomomola\n|upkeep\n|turn|17\n|\n|t:|1698461132\n|switch|p2a: Landorus|Landorus-Therian, M|25\/100\n|-damage|p2a: Landorus|13\/100|[from] Stealth Rock\n|-ability|p2a: Landorus|Intimidate|boost\n|-unboost|p1a: Giratina|atk|1\n|move|p1a: Giratina|Shadow Sneak|p2a: Landorus\n|-damage|p2a: Landorus|3\/100\n|\n|-weather|RainDance|[upkeep]\n|-heal|p2a: Landorus|9\/100|[from] item: Leftovers\n|upkeep\n|turn|18\n|\n|t:|1698461141\n|move|p1a: Giratina|Shadow Sneak|p2a: Landorus\n|-damage|p2a: Landorus|0 fnt\n|faint|p2a: Landorus\n|\n|-weather|RainDance|[upkeep]\n|upkeep\n|\n|t:|1698461178\n|switch|p2a: Miraidon|Miraidon|100\/100\n|-damage|p2a: Miraidon|88\/100|[from] Stealth Rock\n|-fieldstart|move: Electric Terrain|[from] ability: Hadron Engine|[of] p2a: Miraidon\n|turn|19\n|\n|t:|1698461202\n|switch|p1a: Ting-Lu|Ting-Lu|81\/100\n|-damage|p1a: Ting-Lu|75\/100|[from] Stealth Rock\n|-ability|p1a: Ting-Lu|Vessel of Ruin\n|move|p2a: Miraidon|U-turn|p1a: Ting-Lu\n|-supereffective|p1a: Ting-Lu\n|-damage|p1a: Ting-Lu|61\/100\n|\n|t:|1698461225\n|switch|p2a: Zacian|Zacian-Crowned, tera:Flying|33\/100|[from] U-turn\n|-damage|p2a: Zacian|8\/100|[from] Stealth Rock\n|\n|-weather|none\n|-heal|p1a: Ting-Lu|67\/100|[from] item: Leftovers\n|upkeep\n|turn|20\n|\n|t:|1698461236\n|switch|p1a: Alomomola|Alomomola, F|100\/100\n|-damage|p1a: Alomomola|88\/100|[from] Stealth Rock\n|move|p2a: Zacian|Play Rough|p1a: Alomomola\n|-damage|p1a: Alomomola|61\/100\n|-damage|p2a: Zacian|0 fnt|[from] item: Rocky Helmet|[of] p1a: Alomomola\n|faint|p2a: Zacian\n|\n|upkeep\n|\n|t:|1698461262\n|switch|p2a: Miraidon|Miraidon|88\/100\n|-damage|p2a: Miraidon|76\/100|[from] Stealth Rock\n|-activate|p2a: Miraidon|ability: Hadron Engine\n|turn|21\n|\n|t:|1698461271\n|move|p1a: Alomomola|Protect|p1a: Alomomola\n|-singleturn|p1a: Alomomola|Protect\n|move|p2a: Miraidon|Draco Meteor|p1a: Alomomola\n|-activate|p1a: Alomomola|move: Protect\n|\n|upkeep\n|turn|22\n|\n|t:|1698461284\n|switch|p2a: Arceus|Arceus-Ground|100\/100\n|-damage|p2a: Arceus|94\/100|[from] Stealth Rock\n|switch|p1a: Flutter Mane|Flutter Mane|78\/100\n|-damage|p1a: Flutter Mane|66\/100|[from] Stealth Rock\n|\n|upkeep\n|turn|23\n|\n|t:|1698461294\n|-end|p1a: Flutter Mane|Protosynthesis|[silent]\n|switch|p1a: Giratina|Giratina-Origin, shiny|100\/100\n|-damage|p1a: Giratina|88\/100|[from] Stealth Rock\n|move|p2a: Arceus|Calm Mind|p2a: Arceus\n|-boost|p2a: Arceus|spa|1\n|-boost|p2a: Arceus|spd|1\n|\n|-fieldend|move: Electric Terrain\n|upkeep\n|turn|24\n|\n|t:|1698461303\n|-terastallize|p1a: Giratina|Steel\n|move|p2a: Arceus|Ice Beam|p1a: Giratina\n|-resisted|p1a: Giratina\n|-damage|p1a: Giratina|75\/100\n|move|p1a: Giratina|Poltergeist|p2a: Arceus\n|-activate|p2a: Arceus|move: Poltergeist|Earth Plate\n|-damage|p2a: Arceus|65\/100\n|\n|upkeep\n|turn|25\n|\n|t:|1698461335\n|move|p2a: Arceus|Recover|p2a: Arceus\n|-heal|p2a: Arceus|100\/100\n|move|p1a: Giratina|Dragon Tail|p2a: Arceus\n|-damage|p2a: Arceus|84\/100\n|drag|p2a: Miraidon|Miraidon|76\/100\n|-damage|p2a: Miraidon|64\/100|[from] Stealth Rock\n|-fieldstart|move: Electric Terrain|[from] ability: Hadron Engine|[of] p2a: Miraidon\n|\n|upkeep\n|turn|26\n|\n|t:|1698461359\n|switch|p1a: Ting-Lu|Ting-Lu|67\/100\n|-damage|p1a: Ting-Lu|61\/100|[from] Stealth Rock\n|-ability|p1a: Ting-Lu|Vessel of Ruin\n|move|p2a: Miraidon|U-turn|p1a: Ting-Lu\n|-supereffective|p1a: Ting-Lu\n|-damage|p1a: Ting-Lu|46\/100\n|j| sambo\n|\n|t:|1698461379\n|switch|p2a: Kyogre|Kyogre|30\/100|[from] U-turn\n|-damage|p2a: Kyogre|18\/100|[from] Stealth Rock\n|-weather|RainDance|[from] ability: Drizzle|[of] p2a: Kyogre\n|\n|-weather|RainDance|[upkeep]\n|-heal|p1a: Ting-Lu|53\/100|[from] item: Leftovers\n|upkeep\n|turn|27\n|j| ZowwyCafe\u2764\n|\n|t:|1698461398\n|switch|p1a: Arceus|Arceus-Steel|75\/100\n|-damage|p1a: Arceus|69\/100|[from] Stealth Rock\n|move|p2a: Kyogre|Thunder|p1a: Arceus\n|-damage|p1a: Arceus|35\/100\n|-status|p1a: Arceus|par\n|\n|-weather|RainDance|[upkeep]\n|upkeep\n|turn|28\n|\n|t:|1698461414\n|move|p2a: Kyogre|Thunder|p1a: Arceus\n|-crit|p1a: Arceus\n|-damage|p1a: Arceus|0 fnt\n|faint|p1a: Arceus\n|\n|-weather|RainDance|[upkeep]\n|upkeep\n|c|\u2606scarfskymin|:(\n|\n|t:|1698461427\n|switch|p1a: Ting-Lu|Ting-Lu|53\/100\n|-damage|p1a: Ting-Lu|46\/100|[from] Stealth Rock\n|-ability|p1a: Ting-Lu|Vessel of Ruin\n|turn|29\n|c|\u2606OreoSpeedruns|nw\n|\n|t:|1698461438\n|switch|p2a: Arceus|Arceus-Ground|84\/100\n|-damage|p2a: Arceus|77\/100|[from] Stealth Rock\n|move|p1a: Ting-Lu|Spikes|p2a: Arceus\n|-sidestart|p2: scarfskymin|Spikes\n|\n|-weather|RainDance|[upkeep]\n|-heal|p1a: Ting-Lu|53\/100|[from] item: Leftovers\n|-fieldend|move: Electric Terrain\n|upkeep\n|turn|30\n|\n|t:|1698461459\n|move|p2a: Arceus|Calm Mind|p2a: Arceus\n|-boost|p2a: Arceus|spa|1\n|-boost|p2a: Arceus|spd|1\n|move|p1a: Ting-Lu|Whirlwind|p2a: Arceus\n|drag|p2a: Miraidon|Miraidon|64\/100\n|-damage|p2a: Miraidon|51\/100|[from] Stealth Rock\n|-damage|p2a: Miraidon|39\/100|[from] Spikes\n|-fieldstart|move: Electric Terrain|[from] ability: Hadron Engine|[of] p2a: Miraidon\n|\n|-weather|none\n|-heal|p1a: Ting-Lu|59\/100|[from] item: Leftovers\n|upkeep\n|turn|31\n|\n|t:|1698461490\n|move|p2a: Miraidon|Draco Meteor|p1a: Ting-Lu\n|-damage|p1a: Ting-Lu|2\/100\n|-unboost|p2a: Miraidon|spa|2\n|move|p1a: Ting-Lu|Earthquake|p2a: Miraidon\n|-supereffective|p2a: Miraidon\n|-damage|p2a: Miraidon|0 fnt\n|faint|p2a: Miraidon\n|\n|-heal|p1a: Ting-Lu|8\/100|[from] item: Leftovers\n|upkeep\n|\n|t:|1698461504\n|switch|p2a: Giratina|Giratina-Origin|100\/100\n|-damage|p2a: Giratina|88\/100|[from] Stealth Rock\n|turn|32\n|\n|t:|1698461516\n|move|p2a: Giratina|Earthquake|p1a: Ting-Lu\n|-damage|p1a: Ting-Lu|0 fnt\n|faint|p1a: Ting-Lu\n|\n|upkeep\n|\n|t:|1698461520\n|switch|p1a: Giratina|Giratina-Origin, shiny, tera:Steel|75\/100\n|-damage|p1a: Giratina|69\/100|[from] Stealth Rock\n|turn|33\n|\n|t:|1698461530\n|move|p1a: Giratina|Poltergeist|p2a: Giratina\n|-activate|p2a: Giratina|move: Poltergeist|Griseous Core\n|-supereffective|p2a: Giratina\n|-damage|p2a: Giratina|23\/100\n|move|p2a: Giratina|Defog|p1a: Giratina\n|-unboost|p1a: Giratina|evasion|1\n|-sideend|p1: OreoSpeedruns|Stealth Rock|[from] move: Defog|[of] p2a: Giratina\n|-sideend|p2: scarfskymin|Spikes|[from] move: Defog|[of] p2a: Giratina\n|-sideend|p2: scarfskymin|Stealth Rock|[from] move: Defog|[of] p2a: Giratina\n|-fieldend|move: Electric Terrain\n|\n|upkeep\n|turn|34\n|\n|t:|1698461545\n|switch|p1a: Alomomola|Alomomola, F|95\/100\n|move|p2a: Giratina|Will-O-Wisp|p1a: Alomomola|[miss]\n|-miss|p2a: Giratina|p1a: Alomomola\n|\n|upkeep\n|turn|35\n|l| ZowwyCafe\u2764\n|\n|t:|1698461558\n|move|p1a: Alomomola|Wish|p1a: Alomomola\n|move|p2a: Giratina|Dragon Tail|p1a: Alomomola\n|-damage|p1a: Alomomola|77\/100\n|-damage|p2a: Giratina|6\/100|[from] item: Rocky Helmet|[of] p1a: Alomomola\n|drag|p1a: Flutter Mane|Flutter Mane|66\/100\n|\n|upkeep\n|turn|36\n|\n|t:|1698461569\n|move|p1a: Flutter Mane|Moonblast|p2a: Giratina\n|-supereffective|p2a: Giratina\n|-damage|p2a: Giratina|0 fnt\n|faint|p2a: Giratina\n|-damage|p1a: Flutter Mane|56\/100|[from] item: Life Orb\n|\n|-heal|p1a: Flutter Mane|100\/100|[from] move: Wish|[wisher] Alomomola\n|upkeep\n|\n|t:|1698461577\n|switch|p2a: Kyogre|Kyogre|18\/100\n|-weather|RainDance|[from] ability: Drizzle|[of] p2a: Kyogre\n|turn|37\n|j|%shrang\n|\n|t:|1698461583\n|-end|p1a: Flutter Mane|Protosynthesis|[silent]\n|switch|p1a: Alomomola|Alomomola, F|100\/100\n|move|p2a: Kyogre|Origin Pulse|p1a: Alomomola\n|-resisted|p1a: Alomomola\n|-damage|p1a: Alomomola|42\/100\n|\n|-weather|RainDance|[upkeep]\n|upkeep\n|turn|38\n|\n|t:|1698461590\n|move|p1a: Alomomola|Protect|p1a: Alomomola\n|-singleturn|p1a: Alomomola|Protect\n|move|p2a: Kyogre|Origin Pulse|p1a: Alomomola\n|-activate|p1a: Alomomola|move: Protect\n|\n|-weather|RainDance|[upkeep]\n|upkeep\n|turn|39\n|\n|t:|1698461595\n|move|p2a: Kyogre|Origin Pulse|p1a: Alomomola\n|-resisted|p1a: Alomomola\n|-damage|p1a: Alomomola|0 fnt\n|faint|p1a: Alomomola\n|\n|-weather|RainDance|[upkeep]\n|upkeep\n|\n|t:|1698461597\n|switch|p1a: Giratina|Giratina-Origin, shiny, tera:Steel|69\/100\n|turn|40\n|\n|t:|1698461603\n|move|p1a: Giratina|Shadow Sneak|p2a: Kyogre\n|-damage|p2a: Kyogre|0 fnt\n|faint|p2a: Kyogre\n|\n|-weather|RainDance|[upkeep]\n|upkeep\n|\n|t:|1698461608\n|switch|p2a: Arceus|Arceus-Ground|77\/100\n|turn|41\n|\n|t:|1698461614\n|switch|p1a: Flutter Mane|Flutter Mane|100\/100\n|move|p2a: Arceus|Calm Mind|p2a: Arceus\n|-boost|p2a: Arceus|spa|1\n|-boost|p2a: Arceus|spd|1\n|\n|-weather|none\n|upkeep\n|turn|42\n|\n|t:|1698461629\n|move|p1a: Flutter Mane|Taunt|p2a: Arceus\n|-start|p2a: Arceus|move: Taunt\n|cant|p2a: Arceus|move: Taunt|Recover\n|\n|upkeep\n|turn|43\n|\n|t:|1698461633\n|move|p1a: Flutter Mane|Psyshock|p2a: Arceus\n|-damage|p2a: Arceus|56\/100\n|-damage|p1a: Flutter Mane|91\/100|[from] item: Life Orb\n|move|p2a: Arceus|Judgment|p1a: Flutter Mane\n|-damage|p1a: Flutter Mane|11\/100\n|\n|upkeep\n|turn|44\n|\n|t:|1698461641\n|-end|p1a: Flutter Mane|Protosynthesis|[silent]\n|switch|p1a: Giratina|Giratina-Origin, shiny, tera:Steel|69\/100\n|move|p2a: Arceus|Judgment|p1a: Giratina\n|-immune|p1a: Giratina|[from] ability: Levitate\n|\n|-end|p2a: Arceus|move: Taunt\n|upkeep\n|turn|45\n|\n|t:|1698461649\n|move|p2a: Arceus|Recover|p2a: Arceus\n|-heal|p2a: Arceus|100\/100\n|move|p1a: Giratina|Poltergeist|p2a: Arceus\n|-activate|p2a: Arceus|move: Poltergeist|Earth Plate\n|-damage|p2a: Arceus|71\/100\n|\n|upkeep\n|turn|46\n|\n|t:|1698461656\n|move|p2a: Arceus|Calm Mind|p2a: Arceus\n|-boost|p2a: Arceus|spa|1\n|-boost|p2a: Arceus|spd|1\n|move|p1a: Giratina|Dragon Tail|p2a: Arceus\n|-damage|p2a: Arceus|54\/100\n|\n|upkeep\n|turn|47\n|\n|t:|1698461664\n|move|p2a: Arceus|Recover|p2a: Arceus\n|-heal|p2a: Arceus|100\/100\n|move|p1a: Giratina|Dragon Tail|p2a: Arceus\n|-damage|p2a: Arceus|81\/100\n|\n|upkeep\n|turn|48\n|\n|t:|1698461669\n|move|p2a: Arceus|Calm Mind|p2a: Arceus\n|-boost|p2a: Arceus|spa|1\n|-boost|p2a: Arceus|spd|1\n|move|p1a: Giratina|Poltergeist|p2a: Arceus\n|-activate|p2a: Arceus|move: Poltergeist|Earth Plate\n|-damage|p2a: Arceus|49\/100\n|\n|upkeep\n|turn|49\n|\n|t:|1698461677\n|move|p2a: Arceus|Recover|p2a: Arceus\n|-heal|p2a: Arceus|99\/100\n|move|p1a: Giratina|Dragon Tail|p2a: Arceus\n|-damage|p2a: Arceus|80\/100\n|\n|upkeep\n|turn|50\n|\n|t:|1698461686\n|move|p2a: Arceus|Calm Mind|p2a: Arceus\n|-boost|p2a: Arceus|spa|1\n|-boost|p2a: Arceus|spd|1\n|move|p1a: Giratina|Dragon Tail|p2a: Arceus\n|-damage|p2a: Arceus|63\/100\n|\n|upkeep\n|turn|51\n|\n|t:|1698461693\n|move|p2a: Arceus|Recover|p2a: Arceus\n|-heal|p2a: Arceus|100\/100\n|move|p1a: Giratina|Poltergeist|p2a: Arceus\n|-activate|p2a: Arceus|move: Poltergeist|Earth Plate\n|-damage|p2a: Arceus|70\/100\n|\n|upkeep\n|turn|52\n|\n|t:|1698461700\n|move|p1a: Giratina|Shadow Sneak|p2a: Arceus\n|-damage|p2a: Arceus|59\/100\n|move|p2a: Arceus|Calm Mind|p2a: Arceus\n|-boost|p2a: Arceus|spa|1\n|-boost|p2a: Arceus|spd|1\n|\n|upkeep\n|turn|53\n|\n|t:|1698461706\n|move|p2a: Arceus|Recover|p2a: Arceus\n|-heal|p2a: Arceus|100\/100\n|move|p1a: Giratina|Dragon Tail|p2a: Arceus\n|-crit|p2a: Arceus\n|-damage|p2a: Arceus|73\/100\n|\n|upkeep\n|turn|54\n|\n|t:|1698461711\n|move|p2a: Arceus|Calm Mind|p2a: Arceus\n|-boost|p2a: Arceus|spa|1\n|-boost|p2a: Arceus|spd|1\n|move|p1a: Giratina|Dragon Tail|p2a: Arceus\n|-damage|p2a: Arceus|54\/100\n|\n|upkeep\n|turn|55\n|\n|t:|1698461716\n|move|p2a: Arceus|Recover|p2a: Arceus\n|-heal|p2a: Arceus|100\/100\n|move|p1a: Giratina|Dragon Tail|p2a: Arceus|[miss]\n|-miss|p1a: Giratina|p2a: Arceus\n|\n|upkeep\n|turn|56\n|\n|t:|1698461722\n|move|p2a: Arceus|Ice Beam|p1a: Giratina\n|-resisted|p1a: Giratina\n|-damage|p1a: Giratina|38\/100\n|move|p1a: Giratina|Dragon Tail|p2a: Arceus\n|-damage|p2a: Arceus|82\/100\n|\n|upkeep\n|turn|57\n|\n|t:|1698461727\n|move|p2a: Arceus|Ice Beam|p1a: Giratina\n|-resisted|p1a: Giratina\n|-damage|p1a: Giratina|1\/100\n|move|p1a: Giratina|Poltergeist|p2a: Arceus\n|-activate|p2a: Arceus|move: Poltergeist|Earth Plate\n|-damage|p2a: Arceus|50\/100\n|\n|upkeep\n|turn|58\n|c|\u2606OreoSpeedruns|ah damn\n|c|\u2606OreoSpeedruns|ggs\n|c|\u2606scarfskymin|sry\n|c|\u2606scarfskymin|no crits :\/\n|\n|t:|1698461747\n|move|p2a: Arceus|Ice Beam|p1a: Giratina\n|-resisted|p1a: Giratina\n|-damage|p1a: Giratina|0 fnt\n|faint|p1a: Giratina\n|\n|upkeep\n|c|\u2606OreoSpeedruns|nah all g\n|\n|t:|1698461750\n|switch|p1a: Flutter Mane|Flutter Mane|11\/100\n|turn|59\n|\n|t:|1698461753\n|move|p1a: Flutter Mane|Moonblast|p2a: Arceus\n|-damage|p2a: Arceus|39\/100\n|-damage|p1a: Flutter Mane|1\/100|[from] item: Life Orb\n|move|p2a: Arceus|Judgment|p1a: Flutter Mane\n|-damage|p1a: Flutter Mane|0 fnt\n|faint|p1a: Flutter Mane\n|-end|p1a: Flutter Mane|Protosynthesis|[silent]\n|\n|win|scarfskymin\n|n|\u2606OreoSpeedruns|oreospeedruns\n|n|\u2606scarfskymin|scarfskymin\n|n| makers manhattan|makersmanhattan\n|n| sambo|sambo\n|n| shrang|shrang\n","uploadtime":1698461754,"views":15,"p1id":"oreospeedruns","p2id":"scarfskymin","formatid":"gen9ubers","rating":0,"private":0,"password":""}