{"id":"gen9ubers-1998272748","p1":"Rei_darkness","p2":"HarmoniChaos","format":"[Gen 9] Ubers","log":"|j|\u2606Rei_darkness\n|j|\u2606HarmoniChaos\n|t:|1700923058\n|gametype|singles\n|player|p1|Rei_darkness|drayden|\n|player|p2|HarmoniChaos|cheren|\n|teamsize|p1|6\n|teamsize|p2|6\n|gen|9\n|tier|[Gen 9] Ubers\n|rule|Sleep Clause Mod: Limit one foe put to sleep\n|rule|Species Clause: Limit one of each Pok\u00e9mon\n|rule|OHKO Clause: OHKO moves are banned\n|rule|Evasion Items Clause: Evasion items are banned\n|rule|Evasion Moves Clause: Evasion moves are banned\n|rule|Endless Battle Clause: Forcing endless battles is banned\n|rule|HP Percentage Mod: HP is shown in percentages\n|clearpoke\n|poke|p1|Ribombee, M|\n|poke|p1|Iron Jugulis|\n|poke|p1|Weezing-Galar, F|\n|poke|p1|Hoopa|\n|poke|p1|Slowking-Galar, F|\n|poke|p1|Palafin, F|\n|poke|p2|Torkoal, M|\n|poke|p2|Scovillain, M|\n|poke|p2|Victreebel, F|\n|poke|p2|Trevenant, F|\n|poke|p2|Uxie|\n|poke|p2|Arcanine, M|\n|teampreview\n|\n|t:|1700923100\n|start\n|switch|p1a: Slowking|Slowking-Galar, F|100\/100\n|switch|p2a: Torkoal|Torkoal, M|100\/100\n|-weather|SunnyDay|[from] ability: Drought|[of] p2a: Torkoal\n|turn|1\n|\n|t:|1700923115\n|switch|p2a: Scovillain|Scovillain, M|100\/100\n|move|p1a: Slowking|Chilly Reception|p1a: Slowking\n|-weather|Snow\n|\n|t:|1700923118\n|switch|p1a: Ribombee|Ribombee, M|100\/100|[from] Chilly Reception\n|\n|-weather|Snow|[upkeep]\n|upkeep\n|turn|2\n|\n|t:|1700923127\n|move|p1a: Ribombee|Sticky Web|p2a: Scovillain\n|-sidestart|p2: HarmoniChaos|move: Sticky Web\n|move|p2a: Scovillain|Flamethrower|p1a: Ribombee\n|-supereffective|p1a: Ribombee\n|-enditem|p1a: Ribombee|Focus Sash\n|-damage|p1a: Ribombee|1\/100\n|\n|-weather|Snow|[upkeep]\n|upkeep\n|turn|3\n|\n|t:|1700923139\n|move|p1a: Ribombee|U-turn|p2a: Scovillain\n|-damage|p2a: Scovillain|61\/100\n|\n|t:|1700923140\n|switch|p1a: Palafin|Palafin, F|100\/100|[from] U-turn\n|move|p2a: Scovillain|Flamethrower|p1a: Palafin\n|-resisted|p1a: Palafin\n|-damage|p1a: Palafin|68\/100\n|\n|-weather|Snow|[upkeep]\n|-heal|p2a: Scovillain|67\/100|[from] item: Leftovers\n|upkeep\n|turn|4\n|\n|t:|1700923143\n|move|p1a: Palafin|Boomburst|p2a: Scovillain\n|-damage|p2a: Scovillain|0 fnt\n|faint|p2a: Scovillain\n|\n|-weather|Snow|[upkeep]\n|upkeep\n|\n|t:|1700923150\n|switch|p2a: Trevenant|Trevenant, F|100\/100\n|-activate|p2a: Trevenant|move: Sticky Web\n|-unboost|p2a: Trevenant|spe|1\n|turn|5\n|\n|t:|1700923158\n|detailschange|p1a: Palafin|Palafin-Hero, F\n|switch|p1a: Hoopa|Hoopa|100\/100\n|move|p2a: Trevenant|Leech Seed|p1a: Hoopa\n|-start|p1a: Hoopa|move: Leech Seed\n|\n|-weather|none\n|-damage|p1a: Hoopa|88\/100|[from] Leech Seed|[of] p2a: Trevenant\n|upkeep\n|turn|6\n|\n|t:|1700923165\n|move|p2a: Trevenant|Protect|p2a: Trevenant\n|-singleturn|p2a: Trevenant|Protect\n|move|p1a: Hoopa|Fling|p2a: Trevenant\n|-activate|p2a: Trevenant|move: Protect\n|-enditem|p1a: Hoopa|Big Nugget|[from] move: Fling\n|\n|-damage|p1a: Hoopa|76\/100|[from] Leech Seed|[of] p2a: Trevenant\n|upkeep\n|turn|7\n|\n|t:|1700923174\n|move|p1a: Hoopa|Gunk Shot|p2a: Trevenant\n|-damage|p2a: Trevenant|66\/100\n|-status|p2a: Trevenant|psn\n|-item|p1a: Hoopa|Wiki Berry|[from] ability: Magician|[of] p2a: Trevenant\n|move|p2a: Trevenant|Toxic|p1a: Hoopa\n|-status|p1a: Hoopa|tox\n|\n|-damage|p1a: Hoopa|64\/100 tox|[from] Leech Seed|[of] p2a: Trevenant\n|-heal|p2a: Trevenant|76\/100 psn|[silent]\n|-damage|p1a: Hoopa|58\/100 tox|[from] psn\n|-damage|p2a: Trevenant|64\/100 psn|[from] psn\n|upkeep\n|turn|8\n|c|\u2606HarmoniChaos|dude\n|c|\u2606HarmoniChaos|rude\n|c|\u2606HarmoniChaos|my wiki berry\n|\n|t:|1700923203\n|move|p2a: Trevenant|Protect|p2a: Trevenant\n|-singleturn|p2a: Trevenant|Protect\n|move|p1a: Hoopa|Zen Headbutt|p2a: Trevenant\n|-activate|p2a: Trevenant|move: Protect\n|\n|-damage|p1a: Hoopa|45\/100 tox|[from] Leech Seed|[of] p2a: Trevenant\n|-heal|p2a: Trevenant|74\/100 psn|[silent]\n|-damage|p1a: Hoopa|33\/100 tox|[from] psn\n|-damage|p2a: Trevenant|61\/100 psn|[from] psn\n|upkeep\n|turn|9\n|c|\u2606Rei_darkness|magician fling is funny\n|\n|t:|1700923213\n|move|p1a: Hoopa|Zen Headbutt|p2a: Trevenant\n|-damage|p2a: Trevenant|27\/100 psn\n|move|p2a: Trevenant|Night Shade|p1a: Hoopa\n|-damage|p1a: Hoopa|0 fnt\n|faint|p1a: Hoopa\n|\n|-damage|p2a: Trevenant|15\/100 psn|[from] psn\n|upkeep\n|\n|t:|1700923224\n|switch|p1a: Ribombee|Ribombee, M|1\/100\n|turn|10\n|\n|t:|1700923228\n|move|p1a: Ribombee|U-turn|p2a: Trevenant\n|-damage|p2a: Trevenant|0 fnt\n|faint|p2a: Trevenant\n|\n|t:|1700923234\n|switch|p1a: Palafin|Palafin-Hero, F|68\/100|[from] U-turn\n|-activate|p1a: Palafin|ability: Zero to Hero\n|\n|upkeep\n|\n|t:|1700923244\n|switch|p2a: Uxie|Uxie|100\/100\n|turn|11\n|\n|t:|1700923250\n|-terastallize|p1a: Palafin|Normal\n|move|p1a: Palafin|Boomburst|p2a: Uxie\n|-crit|p2a: Uxie\n|-damage|p2a: Uxie|2\/100\n|move|p2a: Uxie|Psychic|p1a: Palafin\n|-damage|p1a: Palafin|27\/100\n|\n|upkeep\n|turn|12\n|c|\u2606HarmoniChaos|AVVVVVVVVVVVVVVVV\n|\n|t:|1700923258\n|move|p1a: Palafin|Boomburst|p2a: Uxie\n|-damage|p2a: Uxie|0 fnt\n|faint|p2a: Uxie\n|\n|upkeep\n|\n|t:|1700923264\n|switch|p2a: Torkoal|Torkoal, M|100\/100\n|-activate|p2a: Torkoal|move: Sticky Web\n|-unboost|p2a: Torkoal|spe|1\n|-weather|SunnyDay|[from] ability: Drought|[of] p2a: Torkoal\n|-enditem|p2a: Torkoal|White Herb\n|-clearnegativeboost|p2a: Torkoal|[silent]\n|turn|13\n|c|\u2606Rei_darkness|i hate everyone who uses special lake guardians\n|c|\u2606Rei_darkness|when you could just use physical\n|c|\u2606HarmoniChaos|but solar beam is special\n|c|\u2606Rei_darkness|and be way hotter and funnier\n|\n|t:|1700923277\n|move|p1a: Palafin|Boomburst|p2a: Torkoal\n|-damage|p2a: Torkoal|0 fnt\n|faint|p2a: Torkoal\n|\n|-weather|SunnyDay|[upkeep]\n|upkeep\n|\n|t:|1700923282\n|switch|p2a: Victreebel|Victreebel, F|100\/100\n|-activate|p2a: Victreebel|move: Sticky Web\n|-unboost|p2a: Victreebel|spe|1\n|turn|14\n|\n|t:|1700923288\n|move|p2a: Victreebel|Solar Beam||[still]\n|-prepare|p2a: Victreebel|Solar Beam\n|-anim|p2a: Victreebel|Solar Beam|p1a: Palafin\n|-damage|p1a: Palafin|0 fnt\n|faint|p1a: Palafin\n|\n|-weather|SunnyDay|[upkeep]\n|upkeep\n|\n|t:|1700923294\n|switch|p1a: Slowking|Slowking-Galar, F|100\/100\n|turn|15\n|\n|t:|1700923298\n|move|p2a: Victreebel|Stun Spore|p1a: Slowking\n|-status|p1a: Slowking|par\n|cant|p1a: Slowking|par\n|\n|-weather|SunnyDay|[upkeep]\n|upkeep\n|turn|16\n|\n|t:|1700923307\n|switch|p2a: Arcanine|Arcanine, M|100\/100\n|-activate|p2a: Arcanine|move: Sticky Web\n|-unboost|p2a: Arcanine|spe|1\n|-ability|p2a: Arcanine|Intimidate|boost\n|-unboost|p1a: Slowking|atk|1\n|move|p1a: Slowking|Chilly Reception|p1a: Slowking\n|-weather|Snow\n|\n|t:|1700923317\n|switch|p1a: Iron Jugulis|Iron Jugulis|100\/100|[from] Chilly Reception\n|-enditem|p1a: Iron Jugulis|Booster Energy\n|-activate|p1a: Iron Jugulis|ability: Quark Drive|[fromitem]\n|-start|p1a: Iron Jugulis|quarkdrivespe\n|\n|-weather|Snow|[upkeep]\n|upkeep\n|turn|17\n|\n|t:|1700923325\n|move|p1a: Iron Jugulis|Knock Off|p2a: Arcanine\n|-damage|p2a: Arcanine|45\/100\n|-enditem|p2a: Arcanine|Throat Spray|[from] move: Knock Off|[of] p1a: Iron Jugulis\n|move|p2a: Arcanine|Flamethrower|p1a: Iron Jugulis\n|-damage|p1a: Iron Jugulis|54\/100\n|\n|-weather|Snow|[upkeep]\n|upkeep\n|turn|18\n|\n|t:|1700923333\n|move|p1a: Iron Jugulis|Acrobatics|p2a: Arcanine\n|-damage|p2a: Arcanine|0 fnt\n|faint|p2a: Arcanine\n|\n|-weather|Snow|[upkeep]\n|upkeep\n|\n|t:|1700923338\n|switch|p2a: Victreebel|Victreebel, F|100\/100\n|-activate|p2a: Victreebel|move: Sticky Web\n|-unboost|p2a: Victreebel|spe|1\n|turn|19\n|\n|t:|1700923343\n|-terastallize|p2a: Victreebel|Grass\n|move|p1a: Iron Jugulis|Acrobatics|p2a: Victreebel\n|-supereffective|p2a: Victreebel\n|-damage|p2a: Victreebel|0 fnt\n|faint|p2a: Victreebel\n|\n|win|Rei_darkness\n|c|\u2606HarmoniChaos|ggs\n","uploadtime":1700923348,"views":9,"p1id":"reidarkness","p2id":"harmonichaos","formatid":"gen9ubers","rating":0,"private":0,"password":""}