{"id":"gen9ubers-1985824626","p1":"babynogalXD","p2":"TubeKnight","format":"[Gen 9] Ubers","log":"|j|\u2606babynogalXD\n|j|\u2606TubeKnight\n|t:|1699410162\n|gametype|singles\n|player|p1|babynogalXD|hilbert|\n|player|p2|TubeKnight|2|\n|teamsize|p1|6\n|teamsize|p2|6\n|gen|9\n|tier|[Gen 9] Ubers\n|rule|Sleep Clause Mod: Limit one foe put to sleep\n|rule|Species Clause: Limit one of each Pok\u00e9mon\n|rule|OHKO Clause: OHKO moves are banned\n|rule|Evasion Items Clause: Evasion items are banned\n|rule|Evasion Moves Clause: Evasion moves are banned\n|rule|Endless Battle Clause: Forcing endless battles is banned\n|rule|HP Percentage Mod: HP is shown in percentages\n|clearpoke\n|poke|p1|Shaymin-Sky|\n|poke|p1|Arceus-Ghost|\n|poke|p1|Dialga|\n|poke|p1|Urshifu-*, M|\n|poke|p1|Landorus, M|\n|poke|p1|Cutiefly, M|\n|poke|p2|Torkoal, M|\n|poke|p2|Chi-Yu|\n|poke|p2|Walking Wake|\n|poke|p2|Lilligant-Hisui, F|\n|poke|p2|Mandibuzz, F|\n|poke|p2|Zacian-*|\n|teampreview\n|inactive|Battle timer is ON: inactive players will automatically lose when time's up. (requested by TubeKnight)\n|c|\u2606TubeKnight|glhf\n|\n|t:|1699410178\n|start\n|switch|p1a: Cutiefly|Cutiefly, M|100\/100\n|switch|p2a: Ze Turtle|Torkoal, M, shiny|100\/100\n|-weather|SunnyDay|[from] ability: Drought|[of] p2a: Ze Turtle\n|turn|1\n|\n|t:|1699410183\n|move|p1a: Cutiefly|Stun Spore|p2a: Ze Turtle\n|-status|p2a: Ze Turtle|par\n|cant|p2a: Ze Turtle|par\n|\n|-weather|SunnyDay|[upkeep]\n|upkeep\n|turn|2\n|\n|t:|1699410186\n|move|p1a: Cutiefly|Sticky Web|p2a: Ze Turtle\n|-sidestart|p2: TubeKnight|move: Sticky Web\n|move|p2a: Ze Turtle|Lava Plume|p1a: Cutiefly\n|-supereffective|p1a: Cutiefly\n|-enditem|p1a: Cutiefly|Focus Sash\n|-damage|p1a: Cutiefly|1\/100\n|\n|-weather|SunnyDay|[upkeep]\n|upkeep\n|turn|3\n|\n|t:|1699410188\n|move|p1a: Cutiefly|U-turn|p2a: Ze Turtle\n|-resisted|p2a: Ze Turtle\n|-damage|p2a: Ze Turtle|97\/100 par\n|\n|t:|1699410191\n|switch|p1a: Arceus|Arceus-Ghost|100\/100|[from] U-turn\n|move|p2a: Ze Turtle|Rapid Spin|p1a: Arceus\n|-immune|p1a: Arceus\n|\n|-weather|SunnyDay|[upkeep]\n|upkeep\n|turn|4\n|c|\u2606TubeKnight|oops\n|\n|t:|1699410200\n|move|p1a: Arceus|Judgment|p2a: Ze Turtle\n|-damage|p2a: Ze Turtle|15\/100 par\n|move|p2a: Ze Turtle|Yawn|p1a: Arceus\n|-start|p1a: Arceus|move: Yawn|[of] p2a: Ze Turtle\n|\n|-weather|SunnyDay|[upkeep]\n|upkeep\n|turn|5\n|inactive|babynogalXD has 270 seconds left.\n|\n|t:|1699410230\n|move|p1a: Arceus|Taunt|p2a: Ze Turtle\n|-start|p2a: Ze Turtle|move: Taunt\n|cant|p2a: Ze Turtle|move: Taunt|Rest\n|\n|-weather|SunnyDay|[upkeep]\n|-end|p1a: Arceus|move: Yawn|[silent]\n|-status|p1a: Arceus|slp\n|upkeep\n|turn|6\n|\n|t:|1699410238\n|switch|p2a: Ze Fleur|Lilligant-Hisui, F, shiny|100\/100\n|-activate|p2a: Ze Fleur|move: Sticky Web\n|-unboost|p2a: Ze Fleur|spe|1\n|cant|p1a: Arceus|slp\n|\n|-weather|SunnyDay|[upkeep]\n|upkeep\n|turn|7\n|\n|t:|1699410246\n|switch|p1a: Cutiefly|Cutiefly, M|1\/100\n|move|p2a: Ze Fleur|Swords Dance|p2a: Ze Fleur\n|-boost|p2a: Ze Fleur|atk|2\n|\n|-weather|SunnyDay|[upkeep]\n|upkeep\n|turn|8\n|\n|t:|1699410250\n|move|p2a: Ze Fleur|Solar Blade||[still]\n|-prepare|p2a: Ze Fleur|Solar Blade\n|-anim|p2a: Ze Fleur|Solar Blade|p1a: Cutiefly\n|-resisted|p1a: Cutiefly\n|-damage|p1a: Cutiefly|0 fnt\n|faint|p1a: Cutiefly\n|\n|-weather|none\n|upkeep\n|\n|t:|1699410272\n|switch|p1a: Shaymin|Shaymin-Sky|100\/100\n|turn|9\n|\n|t:|1699410280\n|switch|p2a: Mandibuzz|Mandibuzz, F, shiny|100\/100\n|move|p1a: Shaymin|Air Slash|p2a: Mandibuzz\n|-damage|p2a: Mandibuzz|61\/100\n|-damage|p1a: Shaymin|91\/100|[from] item: Life Orb\n|\n|upkeep\n|turn|10\n|\n|t:|1699410283\n|move|p1a: Shaymin|Air Slash|p2a: Mandibuzz\n|-damage|p2a: Mandibuzz|18\/100\n|-damage|p1a: Shaymin|81\/100|[from] item: Life Orb\n|move|p2a: Mandibuzz|Defog|p1a: Shaymin\n|-unboost|p1a: Shaymin|evasion|1\n|-sideend|p2: TubeKnight|Sticky Web|[from] move: Defog|[of] p2a: Mandibuzz\n|\n|upkeep\n|turn|11\n|\n|t:|1699410293\n|switch|p2a: Ze Feesh|Chi-Yu|100\/100\n|-ability|p2a: Ze Feesh|Beads of Ruin\n|move|p1a: Shaymin|Air Slash|p2a: Ze Feesh\n|-damage|p2a: Ze Feesh|47\/100\n|-damage|p1a: Shaymin|71\/100|[from] item: Life Orb\n|\n|upkeep\n|turn|12\n|\n|t:|1699410304\n|switch|p1a: Dialga|Dialga|100\/100\n|-ability|p1a: Dialga|Pressure\n|move|p2a: Ze Feesh|Flamethrower|p1a: Dialga\n|-damage|p1a: Dialga|57\/100\n|\n|upkeep\n|turn|13\n|\n|t:|1699410311\n|-terastallize|p2a: Ze Feesh|Fire\n|move|p2a: Ze Feesh|Flamethrower|p1a: Dialga\n|-damage|p1a: Dialga|0 fnt\n|faint|p1a: Dialga\n|\n|upkeep\n|\n|t:|1699410318\n|switch|p1a: Landorus|Landorus, M|100\/100\n|turn|14\n|\n|t:|1699410322\n|move|p2a: Ze Feesh|Flamethrower|p1a: Landorus\n|-damage|p1a: Landorus|0 fnt\n|faint|p1a: Landorus\n|\n|upkeep\n|c|\u2606babynogalXD|Gg\n|c|\u2606TubeKnight|oh ok\n|-message|babynogalXD forfeited.\n|\n|win|TubeKnight\n|l|\u2606babynogalXD\n|c|\u2606TubeKnight|chi yu op\n","uploadtime":1699410339,"views":7,"p1id":"babynogalxd","p2id":"tubeknight","formatid":"gen9ubers","rating":0,"private":0,"password":""}