{"id":"gen9ubers-1981850263","p1":"XpokVEVO","p2":"SwordIsBored","format":"[Gen 9] Ubers","log":"|j|\u2606XpokVEVO\n|j|\u2606SwordIsBored\n|t:|1698946330\n|gametype|singles\n|player|p1|XpokVEVO|rika|\n|player|p2|SwordIsBored|irida|\n|teamsize|p1|6\n|teamsize|p2|6\n|gen|9\n|tier|[Gen 9] Ubers\n|rule|Sleep Clause Mod: Limit one foe put to sleep\n|rule|Species Clause: Limit one of each Pok\u00e9mon\n|rule|OHKO Clause: OHKO moves are banned\n|rule|Evasion Items Clause: Evasion items are banned\n|rule|Evasion Moves Clause: Evasion moves are banned\n|rule|Endless Battle Clause: Forcing endless battles is banned\n|rule|HP Percentage Mod: HP is shown in percentages\n|clearpoke\n|poke|p1|Cyclizar, F|\n|poke|p1|Espathra, M|\n|poke|p1|Magearna|\n|poke|p1|Zacian-*|\n|poke|p1|Roaring Moon|\n|poke|p1|Arceus-Fire|\n|poke|p2|Arceus-Ghost|\n|poke|p2|Shaymin-Sky|\n|poke|p2|Garchomp, F|\n|poke|p2|Magearna|\n|poke|p2|Palafin, F|\n|poke|p2|Cyclizar, M|\n|teampreview\n|c|\u2606XpokVEVO|n\n|inactive|Battle timer is ON: inactive players will automatically lose when time's up. (requested by XpokVEVO)\n|c|\u2606XpokVEVO|discord down for you?\n|inactive|SwordIsBored has 270 seconds left.\n|c|\u2606SwordIsBored|no\n|\n|t:|1698946373\n|start\n|switch|p1a: Akira|Cyclizar, F|100\/100\n|switch|p2a: Arceus|Arceus-Ghost|100\/100\n|turn|1\n|\n|t:|1698946385\n|-terastallize|p2a: Arceus|Normal\n|move|p2a: Arceus|Extreme Speed|p1a: Akira\n|-damage|p1a: Akira|36\/100\n|move|p1a: Akira|Taunt|p2a: Arceus\n|-start|p2a: Arceus|move: Taunt\n|\n|upkeep\n|turn|2\n|\n|t:|1698946410\n|switch|p1a: Aunt Fanny|Magearna|100\/100\n|move|p2a: Arceus|Extreme Speed|p1a: Aunt Fanny\n|-resisted|p1a: Aunt Fanny\n|-damage|p1a: Aunt Fanny|80\/100\n|\n|upkeep\n|turn|3\n|\n|t:|1698946416\n|switch|p2a: Garchomp|Garchomp, F|100\/100\n|move|p1a: Aunt Fanny|Thunder Wave|p2a: Garchomp\n|-immune|p2a: Garchomp\n|\n|upkeep\n|turn|4\n|\n|t:|1698946427\n|move|p2a: Garchomp|Swords Dance|p2a: Garchomp\n|-boost|p2a: Garchomp|atk|2\n|move|p1a: Aunt Fanny|Shift Gear|p1a: Aunt Fanny\n|-boost|p1a: Aunt Fanny|spe|2\n|-boost|p1a: Aunt Fanny|atk|1\n|\n|upkeep\n|turn|5\n|\n|t:|1698946432\n|move|p1a: Aunt Fanny|Fleur Cannon|p2a: Garchomp\n|-supereffective|p2a: Garchomp\n|-damage|p2a: Garchomp|0 fnt\n|-unboost|p1a: Aunt Fanny|spa|2\n|faint|p2a: Garchomp\n|-ability|p1a: Aunt Fanny|Soul-Heart|boost\n|-boost|p1a: Aunt Fanny|spa|1\n|\n|upkeep\n|\n|t:|1698946436\n|switch|p2a: Magearna|Magearna|100\/100\n|turn|6\n|\n|t:|1698946439\n|move|p1a: Aunt Fanny|Thunder Wave|p2a: Magearna\n|-status|p2a: Magearna|par\n|cant|p2a: Magearna|par\n|\n|upkeep\n|turn|7\n|\n|t:|1698946444\n|switch|p1a: Ar\u0441eus-Fighting|Arceus-Fire, shiny|100\/100\n|move|p2a: Magearna|Spikes|p1a: Ar\u0441eus-Fighting\n|-sidestart|p1: XpokVEVO|Spikes\n|\n|upkeep\n|turn|8\n|\n|t:|1698946450\n|switch|p2a: Cyclizar|Cyclizar, M|100\/100\n|move|p1a: Ar\u0441eus-Fighting|Dragon Dance|p1a: Ar\u0441eus-Fighting\n|-boost|p1a: Ar\u0441eus-Fighting|atk|1\n|-boost|p1a: Ar\u0441eus-Fighting|spe|1\n|\n|upkeep\n|turn|9\n|\n|t:|1698946458\n|-terastallize|p1a: Ar\u0441eus-Fighting|Fairy\n|move|p1a: Ar\u0441eus-Fighting|Tera Blast|p2a: Cyclizar|[anim] Tera Blast Fairy\n|-supereffective|p2a: Cyclizar\n|-damage|p2a: Cyclizar|0 fnt\n|faint|p2a: Cyclizar\n|\n|upkeep\n|\n|t:|1698946468\n|switch|p2a: Palafin|Palafin, F|100\/100\n|turn|10\n|\n|t:|1698946475\n|move|p1a: Ar\u0441eus-Fighting|Dragon Dance|p1a: Ar\u0441eus-Fighting\n|-boost|p1a: Ar\u0441eus-Fighting|atk|1\n|-boost|p1a: Ar\u0441eus-Fighting|spe|1\n|move|p2a: Palafin|Wave Crash|p1a: Ar\u0441eus-Fighting\n|-damage|p1a: Ar\u0441eus-Fighting|54\/100\n|-damage|p2a: Palafin|81\/100|[from] Recoil\n|\n|upkeep\n|turn|11\n|c|\u2606XpokVEVO|oooh based\n|\n|t:|1698946481\n|detailschange|p2a: Palafin|Palafin-Hero, F\n|switch|p2a: Magearna|Magearna|100\/100 par\n|move|p1a: Ar\u0441eus-Fighting|Tera Blast|p2a: Magearna|[anim] Tera Blast Fairy\n|-resisted|p2a: Magearna\n|-damage|p2a: Magearna|64\/100 par\n|\n|-heal|p2a: Magearna|70\/100 par|[from] item: Leftovers\n|upkeep\n|turn|12\n|\n|t:|1698946486\n|move|p1a: Ar\u0441eus-Fighting|Flare Blitz|p2a: Magearna\n|-supereffective|p2a: Magearna\n|-damage|p2a: Magearna|0 fnt\n|faint|p2a: Magearna\n|-damage|p1a: Ar\u0441eus-Fighting|36\/100|[from] Recoil\n|\n|upkeep\n|\n|t:|1698946492\n|switch|p2a: Palafin|Palafin-Hero, F|81\/100\n|-activate|p2a: Palafin|ability: Zero to Hero\n|turn|13\n|\n|t:|1698946498\n|move|p2a: Palafin|Jet Punch|p1a: Ar\u0441eus-Fighting\n|-damage|p1a: Ar\u0441eus-Fighting|0 fnt\n|faint|p1a: Ar\u0441eus-Fighting\n|\n|upkeep\n|\n|t:|1698946513\n|switch|p1a: Roaring Peak|Roaring Moon|100\/100\n|-damage|p1a: Roaring Peak|88\/100|[from] Spikes\n|-enditem|p1a: Roaring Peak|Booster Energy\n|-activate|p1a: Roaring Peak|ability: Protosynthesis|[fromitem]\n|-start|p1a: Roaring Peak|protosynthesisspe\n|turn|14\n|\n|t:|1698946543\n|move|p2a: Palafin|Jet Punch|p1a: Roaring Peak\n|-resisted|p1a: Roaring Peak\n|-damage|p1a: Roaring Peak|51\/100\n|move|p1a: Roaring Peak|Dragon Dance|p1a: Roaring Peak\n|-boost|p1a: Roaring Peak|atk|1\n|-boost|p1a: Roaring Peak|spe|1\n|\n|upkeep\n|turn|15\n|c|\u2606XpokVEVO|gg\n|\n|t:|1698946550\n|move|p2a: Palafin|Jet Punch|p1a: Roaring Peak\n|-resisted|p1a: Roaring Peak\n|-damage|p1a: Roaring Peak|15\/100\n|move|p1a: Roaring Peak|Knock Off|p2a: Palafin\n|-damage|p2a: Palafin|8\/100\n|-enditem|p2a: Palafin|Choice Band|[from] move: Knock Off|[of] p1a: Roaring Peak\n|\n|upkeep\n|turn|16\n|c|\u2606XpokVEVO|you wanna know the % of that?\n|c|\u2606XpokVEVO|67\n|c|\u2606XpokVEVO|yeah it was likely\n|inactive|XpokVEVO has 270 seconds left.\n|\n|t:|1698946576\n|move|p2a: Palafin|Jet Punch|p1a: Roaring Peak\n|-resisted|p1a: Roaring Peak\n|-damage|p1a: Roaring Peak|0 fnt\n|faint|p1a: Roaring Peak\n|-end|p1a: Roaring Peak|Protosynthesis|[silent]\n|\n|upkeep\n|inactive|XpokVEVO has 270 seconds left.\n|\n|t:|1698946587\n|switch|p1a: Emu War|Espathra, M|100\/100\n|-damage|p1a: Emu War|88\/100|[from] Spikes\n|turn|17\n|\n|t:|1698946594\n|switch|p2a: Arceus|Arceus-Ghost, tera:Normal|100\/100\n|move|p1a: Emu War|Protect||[still]\n|-fail|p1a: Emu War\n|\n|-ability|p1a: Emu War|Speed Boost|boost\n|-boost|p1a: Emu War|spe|1\n|upkeep\n|turn|18\n|\n|t:|1698946603\n|switch|p1a: Aunt Fanny|Magearna|80\/100\n|-damage|p1a: Aunt Fanny|68\/100|[from] Spikes\n|move|p2a: Arceus|Shadow Claw|p1a: Aunt Fanny\n|-damage|p1a: Aunt Fanny|23\/100\n|\n|upkeep\n|turn|19\n|c|\u2606XpokVEVO|damn thats a lot of damage\n|\n|t:|1698946611\n|move|p2a: Arceus|Shadow Claw|p1a: Aunt Fanny\n|-damage|p1a: Aunt Fanny|0 fnt\n|faint|p1a: Aunt Fanny\n|\n|upkeep\n|inactive|XpokVEVO has 270 seconds left.\n|\n|t:|1698946637\n|switch|p1a: Emu War|Espathra, M|88\/100\n|-damage|p1a: Emu War|76\/100|[from] Spikes\n|turn|20\n|\n|t:|1698946645\n|move|p2a: Arceus|Swords Dance|p2a: Arceus\n|-boost|p2a: Arceus|atk|2\n|move|p1a: Emu War|Dazzling Gleam|p2a: Arceus\n|-damage|p2a: Arceus|83\/100\n|\n|-ability|p1a: Emu War|Speed Boost|boost\n|-boost|p1a: Emu War|spe|1\n|upkeep\n|turn|21\n|\n|t:|1698946653\n|move|p1a: Emu War|Dazzling Gleam|p2a: Arceus\n|-damage|p2a: Arceus|64\/100\n|move|p2a: Arceus|Swords Dance|p2a: Arceus\n|-boost|p2a: Arceus|atk|2\n|\n|-ability|p1a: Emu War|Speed Boost|boost\n|-boost|p1a: Emu War|spe|1\n|upkeep\n|turn|22\n|\n|t:|1698946658\n|move|p2a: Arceus|Extreme Speed|p1a: Emu War\n|-damage|p1a: Emu War|0 fnt\n|faint|p1a: Emu War\n|\n|upkeep\n|\n|t:|1698946660\n|switch|p1a: Princess|Zacian, shiny|100\/100\n|-damage|p1a: Princess|88\/100|[from] Spikes\n|-ability|p1a: Princess|Intrepid Sword|boost\n|-boost|p1a: Princess|atk|1\n|turn|23\n|c|\u2606XpokVEVO|yeah didnt think\n|c|\u2606XpokVEVO|that through\n|c|\u2606XpokVEVO|gg\n|c|\u2606SwordIsBored|gg\n|c|\u2606XpokVEVO|sometimes i get lost in the calcs yknow\n|c|\u2606XpokVEVO|instead of the real game\n|\n|t:|1698946677\n|move|p2a: Arceus|Extreme Speed|p1a: Princess\n|-damage|p1a: Princess|0 fnt\n|faint|p1a: Princess\n|\n|upkeep\n|\n|t:|1698946679\n|switch|p1a: Akira|Cyclizar, F|69\/100\n|-damage|p1a: Akira|57\/100|[from] Spikes\n|turn|24\n|\n|t:|1698946683\n|move|p2a: Arceus|Extreme Speed|p1a: Akira\n|-damage|p1a: Akira|0 fnt\n|faint|p1a: Akira\n|\n|win|SwordIsBored\n","uploadtime":1698946689,"views":21,"p1id":"xpokvevo","p2id":"swordisbored","formatid":"gen9ubers","rating":0,"private":0,"password":""}