{"id":"gen9ubers-1990412336","p1":"games in school","p2":"danicamfdz","format":"[Gen 9] Ubers","log":"|j|\u2606games in school\n|j|\u2606danicamfdz\n|t:|1699968332\n|gametype|singles\n|player|p1|games in school|marnie|1330\n|player|p2|danicamfdz|2|1214\n|teamsize|p1|6\n|teamsize|p2|6\n|gen|9\n|tier|[Gen 9] Ubers\n|rated|\n|rule|Sleep Clause Mod: Limit one foe put to sleep\n|rule|Species Clause: Limit one of each Pok\u00e9mon\n|rule|OHKO Clause: OHKO moves are banned\n|rule|Evasion Items Clause: Evasion items are banned\n|rule|Evasion Moves Clause: Evasion moves are banned\n|rule|Endless Battle Clause: Forcing endless battles is banned\n|rule|HP Percentage Mod: HP is shown in percentages\n|clearpoke\n|poke|p1|Spectrier|\n|poke|p1|Skeledirge, F|\n|poke|p1|Chien-Pao|\n|poke|p1|Gastrodon-East, F|\n|poke|p1|Arceus-Fairy|\n|poke|p1|Magearna|\n|poke|p2|Slowking-Galar, M|\n|poke|p2|Mienshao, M|\n|poke|p2|Amoonguss, M|\n|poke|p2|Alomomola, F|\n|poke|p2|Cyclizar, F|\n|poke|p2|Tornadus-Therian, M|\n|teampreview\n|inactive|Battle timer is ON: inactive players will automatically lose when time's up. (requested by danicamfdz)\n|\n|t:|1699968359\n|start\n|switch|p1a: Skeledirge|Skeledirge, F|100\/100\n|switch|p2a: Cyclizar|Cyclizar, F|100\/100\n|turn|1\n|\n|t:|1699968367\n|move|p2a: Cyclizar|Knock Off|p1a: Skeledirge\n|-supereffective|p1a: Skeledirge\n|-damage|p1a: Skeledirge|76\/100\n|-enditem|p1a: Skeledirge|Heavy-Duty Boots|[from] move: Knock Off|[of] p2a: Cyclizar\n|move|p1a: Skeledirge|Will-O-Wisp|p2a: Cyclizar|[miss]\n|-miss|p1a: Skeledirge|p2a: Cyclizar\n|\n|upkeep\n|turn|2\n|\n|t:|1699968374\n|move|p2a: Cyclizar|U-turn|p1a: Skeledirge\n|-resisted|p1a: Skeledirge\n|-damage|p1a: Skeledirge|74\/100\n|\n|t:|1699968378\n|switch|p2a: Amoonguss|Amoonguss, M|100\/100|[from] U-turn\n|move|p1a: Skeledirge|Torch Song|p2a: Amoonguss\n|-supereffective|p2a: Amoonguss\n|-damage|p2a: Amoonguss|57\/100\n|-boost|p1a: Skeledirge|spa|1\n|\n|-heal|p2a: Amoonguss|64\/100|[from] item: Leftovers\n|upkeep\n|turn|3\n|\n|t:|1699968389\n|switch|p2a: Alomomola|Alomomola, F|100\/100\n|move|p1a: Skeledirge|Torch Song|p2a: Alomomola\n|-resisted|p2a: Alomomola\n|-damage|p2a: Alomomola|73\/100\n|-boost|p1a: Skeledirge|spa|1\n|\n|-heal|p2a: Alomomola|80\/100|[from] item: Leftovers\n|upkeep\n|turn|4\n|\n|t:|1699968400\n|move|p1a: Skeledirge|Will-O-Wisp|p2a: Alomomola\n|-status|p2a: Alomomola|brn\n|move|p2a: Alomomola|Wish|p2a: Alomomola\n|\n|-heal|p2a: Alomomola|86\/100 brn|[from] item: Leftovers\n|-damage|p2a: Alomomola|80\/100 brn|[from] brn\n|upkeep\n|turn|5\n|\n|t:|1699968405\n|move|p1a: Skeledirge|Torch Song|p2a: Alomomola\n|-resisted|p2a: Alomomola\n|-damage|p2a: Alomomola|44\/100 brn\n|-boost|p1a: Skeledirge|spa|1\n|move|p2a: Alomomola|Icy Wind|p1a: Skeledirge\n|-resisted|p1a: Skeledirge\n|-damage|p1a: Skeledirge|70\/100\n|-unboost|p1a: Skeledirge|spe|1\n|\n|-heal|p2a: Alomomola|94\/100 brn|[from] move: Wish|[wisher] Alomomola\n|-heal|p2a: Alomomola|99\/100 brn|[from] item: Leftovers\n|-damage|p2a: Alomomola|94\/100 brn|[from] brn\n|upkeep\n|turn|6\n|\n|t:|1699968417\n|move|p2a: Alomomola|Icy Wind|p1a: Skeledirge\n|-resisted|p1a: Skeledirge\n|-damage|p1a: Skeledirge|67\/100\n|-unboost|p1a: Skeledirge|spe|1\n|move|p1a: Skeledirge|Slack Off|p1a: Skeledirge\n|-heal|p1a: Skeledirge|100\/100\n|\n|-heal|p2a: Alomomola|99\/100 brn|[from] item: Leftovers\n|-damage|p2a: Alomomola|94\/100 brn|[from] brn\n|upkeep\n|turn|7\n|\n|t:|1699968428\n|move|p2a: Alomomola|Whirlpool|p1a: Skeledirge\n|-supereffective|p1a: Skeledirge\n|-crit|p1a: Skeledirge\n|-damage|p1a: Skeledirge|81\/100\n|-activate|p1a: Skeledirge|move: Whirlpool|[of] p2a: Alomomola\n|move|p1a: Skeledirge|Torch Song|p2a: Alomomola\n|-resisted|p2a: Alomomola\n|-damage|p2a: Alomomola|46\/100 brn\n|-boost|p1a: Skeledirge|spa|1\n|\n|-heal|p2a: Alomomola|52\/100 brn|[from] item: Leftovers\n|-damage|p2a: Alomomola|46\/100 brn|[from] brn\n|-damage|p1a: Skeledirge|69\/100|[from] move: Whirlpool|[partiallytrapped]\n|upkeep\n|turn|8\n|\n|t:|1699968440\n|switch|p2a: Slowking|Slowking-Galar, M|100\/100\n|move|p1a: Skeledirge|Slack Off|p1a: Skeledirge\n|-heal|p1a: Skeledirge|100\/100\n|\n|-end|p1a: Skeledirge|Whirlpool|[partiallytrapped]|[silent]\n|upkeep\n|turn|9\n|\n|t:|1699968459\n|move|p2a: Slowking|Eerie Spell|p1a: Skeledirge\n|-damage|p1a: Skeledirge|66\/100\n|-activate|p1a: Skeledirge|move: Eerie Spell|Slack Off|3\n|move|p1a: Skeledirge|Hex|p2a: Slowking\n|-supereffective|p2a: Slowking\n|-damage|p2a: Slowking|39\/100\n|\n|upkeep\n|turn|10\n|\n|t:|1699968469\n|switch|p2a: Alomomola|Alomomola, F|79\/100 brn\n|move|p1a: Skeledirge|Hex|p2a: Alomomola\n|-damage|p2a: Alomomola|0 fnt\n|faint|p2a: Alomomola\n|\n|upkeep\n|\n|t:|1699968475\n|switch|p2a: Amoonguss|Amoonguss, M|97\/100\n|turn|11\n|\n|t:|1699968479\n|switch|p1a: Magearna|Magearna|100\/100\n|move|p2a: Amoonguss|Toxic|p1a: Magearna\n|-immune|p1a: Magearna\n|\n|-heal|p2a: Amoonguss|100\/100|[from] item: Leftovers\n|upkeep\n|turn|12\n|\n|t:|1699968486\n|switch|p2a: Slowking|Slowking-Galar, M|72\/100\n|move|p1a: Magearna|Volt Switch|p2a: Slowking\n|-damage|p2a: Slowking|64\/100\n|\n|t:|1699968490\n|switch|p1a: Skeledirge|Skeledirge, F|66\/100|[from] Volt Switch\n|\n|upkeep\n|turn|13\n|\n|t:|1699968501\n|move|p1a: Skeledirge|Will-O-Wisp|p2a: Slowking\n|-status|p2a: Slowking|brn\n|move|p2a: Slowking|Acid Spray|p1a: Skeledirge\n|-resisted|p1a: Skeledirge\n|-damage|p1a: Skeledirge|58\/100\n|-unboost|p1a: Skeledirge|spd|2\n|\n|-damage|p2a: Slowking|58\/100 brn|[from] brn\n|upkeep\n|turn|14\n|\n|t:|1699968509\n|move|p1a: Skeledirge|Hex|p2a: Slowking\n|-supereffective|p2a: Slowking\n|-damage|p2a: Slowking|17\/100 brn\n|move|p2a: Slowking|Flamethrower|p1a: Skeledirge\n|-resisted|p1a: Skeledirge\n|-damage|p1a: Skeledirge|33\/100\n|\n|-damage|p2a: Slowking|11\/100 brn|[from] brn\n|upkeep\n|turn|15\n|\n|t:|1699968514\n|switch|p2a: Tornadus|Tornadus-Therian, M|100\/100\n|move|p1a: Skeledirge|Slack Off|p1a: Skeledirge\n|-heal|p1a: Skeledirge|83\/100\n|\n|upkeep\n|turn|16\n|\n|t:|1699968527\n|switch|p1a: Magearna|Magearna|100\/100\n|move|p2a: Tornadus|Bleakwind Storm|p1a: Magearna\n|-resisted|p1a: Magearna\n|-damage|p1a: Magearna|92\/100\n|\n|upkeep\n|turn|17\n|\n|t:|1699968531\n|move|p2a: Tornadus|Nasty Plot|p2a: Tornadus\n|-boost|p2a: Tornadus|spa|2\n|move|p1a: Magearna|Volt Switch|p2a: Tornadus\n|-supereffective|p2a: Tornadus\n|-damage|p2a: Tornadus|52\/100\n|\n|t:|1699968536\n|switch|p1a: Chien-Pao|Chien-Pao|100\/100|[from] Volt Switch\n|-ability|p1a: Chien-Pao|Sword of Ruin\n|\n|upkeep\n|turn|18\n|\n|t:|1699968543\n|switch|p2a: Mienshao|Mienshao, M|100\/100\n|move|p1a: Chien-Pao|Ice Spinner|p2a: Mienshao\n|-damage|p2a: Mienshao|0 fnt\n|faint|p2a: Mienshao\n|\n|upkeep\n|l|\u2606danicamfdz\n|inactive|danicamfdz disconnected and has a minute to reconnect!\n|player|p2|\n|c|\u2606games in school|that team is not it\n|inactive|danicamfdz has 30 seconds to reconnect!\n|inactive|danicamfdz has 20 seconds to reconnect!\n|inactive|danicamfdz has 15 seconds to reconnect!\n|inactive|danicamfdz has 10 seconds to reconnect!\n|inactive|danicamfdz has 5 seconds to reconnect!\n|-message|danicamfdz lost due to inactivity.\n|\n|win|games in school\n|raw|games in school's rating: 1330 &rarr; <strong>1344<\/strong><br \/>(+14 for winning)\n|raw|danicamfdz's rating: 1214 &rarr; <strong>1197<\/strong><br \/>(-17 for losing)\n","uploadtime":1699968668,"views":5,"p1id":"gamesinschool","p2id":"danicamfdz","formatid":"gen9ubers","rating":1197,"private":0,"password":""}