{"id":"gen9ubers-1982018026","p1":"AcdcGold2","p2":"85792195wwww","format":"[Gen 9] Ubers","log":"|j|\u2606AcdcGold2\n|j|\u203d85792195wwww\n|t:|1698960035\n|gametype|singles\n|player|p1|AcdcGold2|juan|1105\n|player|p2|85792195wwww|102|1398\n|teamsize|p1|6\n|teamsize|p2|6\n|gen|9\n|tier|[Gen 9] Ubers\n|rated|\n|rule|Sleep Clause Mod: Limit one foe put to sleep\n|rule|Species Clause: Limit one of each Pok\u00e9mon\n|rule|OHKO Clause: OHKO moves are banned\n|rule|Evasion Items Clause: Evasion items are banned\n|rule|Evasion Moves Clause: Evasion moves are banned\n|rule|Endless Battle Clause: Forcing endless battles is banned\n|rule|HP Percentage Mod: HP is shown in percentages\n|clearpoke\n|poke|p1|Dialga|\n|poke|p1|Floatzel, M|\n|poke|p1|Pelipper, F|\n|poke|p1|Regieleki|\n|poke|p1|Arceus-Fire|\n|poke|p1|Decidueye, M|\n|poke|p2|Kyogre|\n|poke|p2|Zacian-*|\n|poke|p2|Arceus|\n|poke|p2|Annihilape, M|\n|poke|p2|Koraidon|\n|poke|p2|Ursaluna, F|\n|teampreview\n|inactive|Battle timer is ON: inactive players will automatically lose when time's up. (requested by AcdcGold2)\n|\n|t:|1698960045\n|start\n|switch|p1a: Pelipper|Pelipper, F|100\/100\n|switch|p2a: Annihilape|Annihilape, M|100\/100\n|-weather|RainDance|[from] ability: Drizzle|[of] p1a: Pelipper\n|turn|1\n|\n|t:|1698960054\n|move|p2a: Annihilape|Stealth Rock|p1a: Pelipper\n|-sidestart|p1: AcdcGold2|move: Stealth Rock\n|move|p1a: Pelipper|Hurricane|p2a: Annihilape\n|-supereffective|p2a: Annihilape\n|-enditem|p2a: Annihilape|Focus Sash\n|-damage|p2a: Annihilape|1\/100\n|\n|-weather|RainDance|[upkeep]\n|upkeep\n|turn|2\n|\n|t:|1698960063\n|switch|p2a: Koraidon|Koraidon|100\/100\n|-weather|SunnyDay|[from] ability: Orichalcum Pulse|[of] p2a: Koraidon\n|-activate|p2a: Koraidon|Orichalcum Pulse|[source]\n|move|p1a: Pelipper|U-turn|p2a: Koraidon\n|-resisted|p2a: Koraidon\n|-damage|p2a: Koraidon|96\/100\n|\n|t:|1698960069\n|switch|p1a: Arceus|Arceus-Fire|100\/100|[from] U-turn\n|-damage|p1a: Arceus|76\/100|[from] Stealth Rock\n|\n|-weather|SunnyDay|[upkeep]\n|upkeep\n|turn|3\n|\n|t:|1698960084\n|switch|p2a: Kyogre|Kyogre|100\/100\n|-weather|RainDance|[from] ability: Drizzle|[of] p2a: Kyogre\n|move|p1a: Arceus|Outrage|p2a: Kyogre\n|-damage|p2a: Kyogre|55\/100\n|\n|-weather|RainDance|[upkeep]\n|upkeep\n|turn|4\n|\n|t:|1698960094\n|move|p2a: Kyogre|Origin Pulse|p1a: Arceus\n|-supereffective|p1a: Arceus\n|-damage|p1a: Arceus|0 fnt\n|faint|p1a: Arceus\n|\n|-weather|RainDance|[upkeep]\n|upkeep\n|inactive|AcdcGold2 has 120 seconds left.\n|inactive|AcdcGold2 has 90 seconds left.\n|\n|t:|1698960175\n|switch|p1a: Regieleki|Regieleki|100\/100\n|-damage|p1a: Regieleki|88\/100|[from] Stealth Rock\n|turn|5\n|\n|t:|1698960180\n|switch|p2a: Annihilape|Annihilape, M|1\/100\n|move|p1a: Regieleki|Volt Switch|p2a: Annihilape\n|-damage|p2a: Annihilape|0 fnt\n|faint|p2a: Annihilape\n|\n|t:|1698960183\n|switch|p1a: Floatzel|Floatzel, M|100\/100|[from] Volt Switch\n|-damage|p1a: Floatzel|88\/100|[from] Stealth Rock\n|\n|-weather|RainDance|[upkeep]\n|upkeep\n|\n|t:|1698960195\n|switch|p2a: Koraidon|Koraidon|96\/100\n|-weather|SunnyDay|[from] ability: Orichalcum Pulse|[of] p2a: Koraidon\n|-activate|p2a: Koraidon|Orichalcum Pulse|[source]\n|turn|6\n|\n|t:|1698960201\n|switch|p1a: Pelipper|Pelipper, F|100\/100\n|-damage|p1a: Pelipper|76\/100|[from] Stealth Rock\n|-weather|RainDance|[from] ability: Drizzle|[of] p1a: Pelipper\n|move|p2a: Koraidon|Swords Dance|p2a: Koraidon\n|-boost|p2a: Koraidon|atk|2\n|\n|-weather|RainDance|[upkeep]\n|upkeep\n|turn|7\n|\n|t:|1698960219\n|switch|p2a: Kyogre|Kyogre|55\/100\n|move|p1a: Pelipper|Hurricane|p2a: Kyogre\n|-damage|p2a: Kyogre|13\/100\n|\n|-weather|RainDance|[upkeep]\n|upkeep\n|turn|8\n|\n|t:|1698960231\n|move|p2a: Kyogre|Origin Pulse|p1a: Pelipper\n|-resisted|p1a: Pelipper\n|-damage|p1a: Pelipper|14\/100\n|move|p1a: Pelipper|Hurricane|p2a: Kyogre\n|-crit|p2a: Kyogre\n|-damage|p2a: Kyogre|0 fnt\n|faint|p2a: Kyogre\n|\n|-weather|RainDance|[upkeep]\n|upkeep\n|\n|t:|1698960241\n|switch|p2a: Koraidon|Koraidon|96\/100\n|-weather|SunnyDay|[from] ability: Orichalcum Pulse|[of] p2a: Koraidon\n|-activate|p2a: Koraidon|Orichalcum Pulse|[source]\n|turn|9\n|inactive|AcdcGold2 has 120 seconds left.\n|\n|t:|1698960247\n|switch|p1a: Decidueye|Decidueye, M|100\/100\n|-damage|p1a: Decidueye|88\/100|[from] Stealth Rock\n|move|p2a: Koraidon|Scale Shot|p1a: Decidueye\n|-damage|p1a: Decidueye|61\/100\n|-damage|p1a: Decidueye|33\/100\n|-hitcount|p1a: Decidueye|2\n|-unboost|p2a: Koraidon|def|1\n|-boost|p2a: Koraidon|spe|1\n|-damage|p2a: Koraidon|86\/100|[from] item: Life Orb\n|\n|-weather|SunnyDay|[upkeep]\n|upkeep\n|turn|10\n|\n|t:|1698960261\n|move|p2a: Koraidon|Dual Wingbeat|p1a: Decidueye\n|-supereffective|p1a: Decidueye\n|-damage|p1a: Decidueye|0 fnt\n|faint|p1a: Decidueye\n|-hitcount|p1: Decidueye|1\n|-damage|p2a: Koraidon|76\/100|[from] item: Life Orb\n|\n|-weather|SunnyDay|[upkeep]\n|upkeep\n|\n|t:|1698960267\n|switch|p1a: Pelipper|Pelipper, F|14\/100\n|-damage|p1a: Pelipper|0 fnt|[from] Stealth Rock\n|faint|p1a: Pelipper\n|\n|t:|1698960277\n|switch|p1a: Regieleki|Regieleki|88\/100\n|-damage|p1a: Regieleki|76\/100|[from] Stealth Rock\n|turn|11\n|\n|t:|1698960287\n|-terastallize|p1a: Regieleki|Ice\n|move|p2a: Koraidon|Close Combat|p1a: Regieleki\n|-supereffective|p1a: Regieleki\n|-damage|p1a: Regieleki|0 fnt\n|-unboost|p2a: Koraidon|def|1\n|-unboost|p2a: Koraidon|spd|1\n|faint|p1a: Regieleki\n|-damage|p2a: Koraidon|66\/100|[from] item: Life Orb\n|\n|-weather|SunnyDay|[upkeep]\n|upkeep\n|\n|t:|1698960291\n|switch|p1a: Floatzel|Floatzel, M|88\/100\n|-damage|p1a: Floatzel|76\/100|[from] Stealth Rock\n|turn|12\n|\n|t:|1698960301\n|move|p1a: Floatzel|Aqua Jet|p2a: Koraidon\n|-resisted|p2a: Koraidon\n|-damage|p2a: Koraidon|54\/100\n|move|p2a: Koraidon|Close Combat|p1a: Floatzel\n|-damage|p1a: Floatzel|0 fnt\n|-unboost|p2a: Koraidon|def|1\n|-unboost|p2a: Koraidon|spd|1\n|faint|p1a: Floatzel\n|-damage|p2a: Koraidon|44\/100|[from] item: Life Orb\n|\n|-weather|SunnyDay|[upkeep]\n|upkeep\n|-message|AcdcGold2 forfeited.\n|\n|win|85792195wwww\n|raw|AcdcGold2's rating: 1105 &rarr; <strong>1097<\/strong><br \/>(-8 for losing)\n|raw|85792195wwww's rating: 1398 &rarr; <strong>1404<\/strong><br \/>(+6 for winning)\n|l|\u2606AcdcGold2\n","uploadtime":1698960317,"views":9,"p1id":"acdcgold2","p2id":"85792195wwww","formatid":"gen9ubers","rating":1097,"private":0,"password":""}