{"id":"gen9ubers-1974723313","p1":"BlargleBlargington","p2":"Chappppyyyy","format":"[Gen 9] Ubers","log":"|j|\u2606BlargleBlargington\n|j|\u2606Chappppyyyy\n|t:|1698114367\n|gametype|singles\n|player|p1|BlargleBlargington|ghetsis|1322\n|player|p2|Chappppyyyy|ghetsis|1211\n|teamsize|p1|6\n|teamsize|p2|6\n|gen|9\n|tier|[Gen 9] Ubers\n|rated|\n|rule|Sleep Clause Mod: Limit one foe put to sleep\n|rule|Species Clause: Limit one of each Pok\u00e9mon\n|rule|OHKO Clause: OHKO moves are banned\n|rule|Evasion Items Clause: Evasion items are banned\n|rule|Evasion Moves Clause: Evasion moves are banned\n|rule|Endless Battle Clause: Forcing endless battles is banned\n|rule|HP Percentage Mod: HP is shown in percentages\n|clearpoke\n|poke|p1|Koraidon|\n|poke|p1|Roaring Moon|\n|poke|p1|Flutter Mane|\n|poke|p1|Walking Wake|\n|poke|p1|Great Tusk|\n|poke|p1|Slither Wing|\n|poke|p2|Annihilape, M|\n|poke|p2|Eternatus|\n|poke|p2|Shaymin-Sky|\n|poke|p2|Landorus, M|\n|poke|p2|Zacian-*|\n|poke|p2|Dondozo, F|\n|teampreview\n|inactive|Battle timer is ON: inactive players will automatically lose when time's up. (requested by BlargleBlargington)\n|\n|t:|1698114381\n|start\n|switch|p1a: MR HARLEY DAVIDSON|Koraidon|100\/100\n|switch|p2a: MLP Fan|Shaymin-Sky, shiny|100\/100\n|-weather|SunnyDay|[from] ability: Orichalcum Pulse|[of] p1a: MR HARLEY DAVIDSON\n|-activate|p1a: MR HARLEY DAVIDSON|Orichalcum Pulse|[source]\n|turn|1\n|\n|t:|1698114391\n|-terastallize|p2a: MLP Fan|Flying\n|move|p2a: MLP Fan|Air Slash|p1a: MR HARLEY DAVIDSON\n|-supereffective|p1a: MR HARLEY DAVIDSON\n|-damage|p1a: MR HARLEY DAVIDSON|0 fnt\n|faint|p1a: MR HARLEY DAVIDSON\n|\n|-weather|SunnyDay|[upkeep]\n|upkeep\n|\n|t:|1698114412\n|switch|p1a: Voring Moon \ud83d\ude0b|Roaring Moon, shiny|100\/100\n|-activate|p1a: Voring Moon \ud83d\ude0b|ability: Protosynthesis\n|-start|p1a: Voring Moon \ud83d\ude0b|protosynthesisspe\n|turn|2\n|\n|t:|1698114419\n|move|p2a: MLP Fan|Air Slash|p1a: Voring Moon \ud83d\ude0b\n|-damage|p1a: Voring Moon \ud83d\ude0b|51\/100\n|cant|p1a: Voring Moon \ud83d\ude0b|flinch\n|\n|-weather|SunnyDay|[upkeep]\n|upkeep\n|turn|3\n|\n|t:|1698114424\n|move|p2a: MLP Fan|Air Slash|p1a: Voring Moon \ud83d\ude0b\n|-damage|p1a: Voring Moon \ud83d\ude0b|3\/100\n|cant|p1a: Voring Moon \ud83d\ude0b|flinch\n|\n|-weather|SunnyDay|[upkeep]\n|upkeep\n|turn|4\n|\n|t:|1698114429\n|move|p2a: MLP Fan|Air Slash|p1a: Voring Moon \ud83d\ude0b\n|-damage|p1a: Voring Moon \ud83d\ude0b|0 fnt\n|faint|p1a: Voring Moon \ud83d\ude0b\n|-end|p1a: Voring Moon \ud83d\ude0b|Protosynthesis|[silent]\n|\n|-weather|SunnyDay|[upkeep]\n|upkeep\n|\n|t:|1698114437\n|switch|p1a: JESUSAURUS REX|Walking Wake|100\/100\n|-activate|p1a: JESUSAURUS REX|ability: Protosynthesis\n|-start|p1a: JESUSAURUS REX|protosynthesisspe\n|turn|5\n|c|\u2606Chappppyyyy|love the names\n|c|\u2606BlargleBlargington|lol ty\n|\n|t:|1698114445\n|move|p2a: MLP Fan|Air Slash|p1a: JESUSAURUS REX\n|-damage|p1a: JESUSAURUS REX|44\/100\n|move|p1a: JESUSAURUS REX|Hydro Steam|p2a: MLP Fan\n|-damage|p2a: MLP Fan|4\/100\n|-damage|p1a: JESUSAURUS REX|34\/100|[from] item: Life Orb\n|\n|-weather|SunnyDay|[upkeep]\n|upkeep\n|turn|6\n|\n|t:|1698114453\n|move|p2a: MLP Fan|Air Slash|p1a: JESUSAURUS REX\n|-damage|p1a: JESUSAURUS REX|0 fnt\n|faint|p1a: JESUSAURUS REX\n|-end|p1a: JESUSAURUS REX|Protosynthesis|[silent]\n|\n|-weather|SunnyDay|[upkeep]\n|upkeep\n|\n|t:|1698114456\n|switch|p1a: TOP G SLITHMA MALE|Slither Wing, shiny|100\/100\n|-activate|p1a: TOP G SLITHMA MALE|ability: Protosynthesis\n|-start|p1a: TOP G SLITHMA MALE|protosynthesisatk\n|turn|7\n|c|\u2606Chappppyyyy|If I get to use another you'll see some shit lol\n|\n|t:|1698114464\n|move|p1a: TOP G SLITHMA MALE|First Impression|p2a: MLP Fan\n|-resisted|p2a: MLP Fan\n|-damage|p2a: MLP Fan|0 fnt\n|faint|p2a: MLP Fan\n|\n|-weather|SunnyDay|[upkeep]\n|upkeep\n|c|\u2606BlargleBlargington|lol bet\n|c|\u2606BlargleBlargington|id love to see\n|\n|t:|1698114477\n|switch|p2a: Prince Cuck|Zacian-Crowned|100\/100\n|-ability|p2a: Prince Cuck|Intrepid Sword|boost\n|-boost|p2a: Prince Cuck|atk|1\n|turn|8\n|\n|t:|1698114489\n|-end|p1a: TOP G SLITHMA MALE|Protosynthesis|[silent]\n|switch|p1a: IRRELEPHANT|Great Tusk, shiny|100\/100\n|-activate|p1a: IRRELEPHANT|ability: Protosynthesis\n|-start|p1a: IRRELEPHANT|protosynthesisatk\n|move|p2a: Prince Cuck|Psychic Fangs|p1a: IRRELEPHANT\n|-supereffective|p1a: IRRELEPHANT\n|-damage|p1a: IRRELEPHANT|42\/100\n|\n|-weather|none\n|-end|p1a: IRRELEPHANT|Protosynthesis\n|upkeep\n|turn|9\n|\n|t:|1698114499\n|-terastallize|p1a: IRRELEPHANT|Steel\n|move|p2a: Prince Cuck|Sacred Sword|p1a: IRRELEPHANT\n|-supereffective|p1a: IRRELEPHANT\n|-damage|p1a: IRRELEPHANT|0 fnt\n|faint|p1a: IRRELEPHANT\n|-end|p1a: IRRELEPHANT|Protosynthesis|[silent]\n|\n|upkeep\n|\n|t:|1698114506\n|switch|p1a: #1 fairy weak team|Flutter Mane, shiny|100\/100\n|turn|10\n|\n|t:|1698114516\n|move|p2a: Prince Cuck|Psychic Fangs|p1a: #1 fairy weak team\n|-enditem|p1a: #1 fairy weak team|Focus Sash\n|-damage|p1a: #1 fairy weak team|1\/100\n|move|p1a: #1 fairy weak team|Mystical Fire|p2a: Prince Cuck\n|-supereffective|p2a: Prince Cuck\n|-damage|p2a: Prince Cuck|54\/100\n|-unboost|p2a: Prince Cuck|spa|1\n|\n|upkeep\n|turn|11\n|\n|t:|1698114535\n|switch|p2a: Uncut Landlord|Landorus, M|100\/100\n|move|p1a: #1 fairy weak team|Mystical Fire|p2a: Uncut Landlord\n|-damage|p2a: Uncut Landlord|66\/100\n|-unboost|p2a: Uncut Landlord|spa|1\n|\n|upkeep\n|turn|12\n|c|\u2606BlargleBlargington|LOL w names\n|\n|t:|1698114550\n|switch|p2a: Jiraiya (deceased)|Annihilape, M|100\/100\n|move|p1a: #1 fairy weak team|Mystical Fire|p2a: Jiraiya (deceased)\n|-damage|p2a: Jiraiya (deceased)|76\/100\n|-unboost|p2a: Jiraiya (deceased)|spa|1\n|\n|upkeep\n|turn|13\n|c|\u2606Chappppyyyy|I'm switching to show them all lol\n|\n|t:|1698114564\n|switch|p2a: King Cuck|Eternatus|100\/100\n|-ability|p2a: King Cuck|Pressure\n|move|p1a: #1 fairy weak team|Mystical Fire|p2a: King Cuck\n|-resisted|p2a: King Cuck\n|-damage|p2a: King Cuck|91\/100\n|-unboost|p2a: King Cuck|spa|1\n|\n|-heal|p2a: King Cuck|97\/100|[from] item: Black Sludge\n|upkeep\n|turn|14\n|inactive|Chappppyyyy has 120 seconds left.\n|c|\u2606Chappppyyyy|Oh i don't have the dozo named I switched a couple times on that\n|\n|t:|1698114599\n|move|p1a: #1 fairy weak team|Mystical Fire|p2a: King Cuck\n|-resisted|p2a: King Cuck\n|-damage|p2a: King Cuck|87\/100\n|-unboost|p2a: King Cuck|spa|1\n|move|p2a: King Cuck|Sludge Bomb|p1a: #1 fairy weak team\n|-damage|p1a: #1 fairy weak team|0 fnt\n|faint|p1a: #1 fairy weak team\n|-end|p1a: #1 fairy weak team|Protosynthesis|[silent]\n|\n|-heal|p2a: King Cuck|93\/100|[from] item: Black Sludge\n|upkeep\n|\n|t:|1698114602\n|switch|p1a: TOP G SLITHMA MALE|Slither Wing, shiny|100\/100\n|turn|15\n|inactive|Chappppyyyy has 120 seconds left.\n|c|\u2606BlargleBlargington|dondozo my favourite big blue fat fuck like the kid from charlie and the chocolate factory\n|\n|t:|1698114625\n|move|p2a: King Cuck|Sludge Bomb|p1a: TOP G SLITHMA MALE\n|-damage|p1a: TOP G SLITHMA MALE|76\/100\n|move|p1a: TOP G SLITHMA MALE|Close Combat|p2a: King Cuck\n|-resisted|p2a: King Cuck\n|-damage|p2a: King Cuck|54\/100\n|-unboost|p1a: TOP G SLITHMA MALE|def|1\n|-unboost|p1a: TOP G SLITHMA MALE|spd|1\n|\n|-heal|p2a: King Cuck|60\/100|[from] item: Black Sludge\n|upkeep\n|turn|16\n|c|\u2606Chappppyyyy|Yeah love him\n|inactive|Chappppyyyy has 120 seconds left.\n|c|\u2606Chappppyyyy|ideally I want a round boy team after this\n|c|\u2606BlargleBlargington|lol good idea\n|n|!Chappppyyyy|chappppyyyy\n|c|\u2606BlargleBlargington|anyways gg and great names\n|\n|t:|1698114661\n|move|p2a: King Cuck|Sludge Bomb|p1a: TOP G SLITHMA MALE\n|-damage|p1a: TOP G SLITHMA MALE|42\/100\n|move|p1a: TOP G SLITHMA MALE|Close Combat|p2a: King Cuck\n|-resisted|p2a: King Cuck\n|-damage|p2a: King Cuck|19\/100\n|-unboost|p1a: TOP G SLITHMA MALE|def|1\n|-unboost|p1a: TOP G SLITHMA MALE|spd|1\n|\n|-heal|p2a: King Cuck|25\/100|[from] item: Black Sludge\n|upkeep\n|turn|17\n|\n|t:|1698114671\n|move|p2a: King Cuck|Sludge Bomb|p1a: TOP G SLITHMA MALE\n|-damage|p1a: TOP G SLITHMA MALE|0 fnt\n|faint|p1a: TOP G SLITHMA MALE\n|-end|p1a: TOP G SLITHMA MALE|Protosynthesis|[silent]\n|\n|win|Chappppyyyy\n|raw|BlargleBlargington's rating: 1322 &rarr; <strong>1296<\/strong><br \/>(-26 for losing)\n|raw|Chappppyyyy's rating: 1211 &rarr; <strong>1244<\/strong><br \/>(+33 for winning)\n","uploadtime":1698114652,"views":10,"p1id":"blargleblargington","p2id":"chappppyyyy","formatid":"gen9ubers","rating":1244,"private":0,"password":""}