{"id":"gen9ubers-1975337699","p1":"rustygoomba","p2":"ChungleWungle","format":"[Gen 9] Ubers","log":"|j|\u2606rustygoomba\n|j|\u2606ChungleWungle\n|t:|1698181069\n|gametype|singles\n|player|p1|rustygoomba|policeman-gen8|\n|player|p2|ChungleWungle|unknown|\n|teamsize|p1|6\n|teamsize|p2|6\n|gen|9\n|tier|[Gen 9] Ubers\n|rule|Sleep Clause Mod: Limit one foe put to sleep\n|rule|Species Clause: Limit one of each Pok\u00e9mon\n|rule|OHKO Clause: OHKO moves are banned\n|rule|Evasion Items Clause: Evasion items are banned\n|rule|Evasion Moves Clause: Evasion moves are banned\n|rule|Endless Battle Clause: Forcing endless battles is banned\n|rule|HP Percentage Mod: HP is shown in percentages\n|clearpoke\n|poke|p1|Mew|\n|poke|p1|Bisharp, M|\n|poke|p1|Frosmoth, M|\n|poke|p1|Roaring Moon|\n|poke|p1|Veluza, F|\n|poke|p1|Tauros-Paldea-Blaze, M|\n|poke|p2|Polteageist-Antique|\n|poke|p2|Ursaluna, M|\n|poke|p2|Dragonite, M|\n|poke|p2|Tinkaton, F|\n|poke|p2|Crabominable, F|\n|poke|p2|Gothitelle, M|\n|teampreview\n|\n|t:|1698181082\n|start\n|switch|p1a: ted lasso|Tauros-Paldea-Blaze, M|100\/100\n|switch|p2a: Cuppa|Polteageist-Antique, shiny|100\/100\n|turn|1\n|c|\u2606rustygoomba|!weak tauros-paldea-blaze\n|c| rustygoomba|\/raw <div class=\"infobox\">Tauros-Paldea-Blaze (ignoring abilities):<br \/><span class=\"message-effect-weak\">Weaknesses<\/span>: Flying, Ground, Psychic, Water<br \/><span class=\"message-effect-resist\">Resistances<\/span>: <b>Bug<\/b>, Dark, Fire, Grass, Ice, Steel<br \/><span class=\"message-effect-immune\">Immunities<\/span>: Burn<\/div>\n|\n|t:|1698181114\n|switch|p2a: Teddy (7 pounds)|Ursaluna, M, shiny|100\/100\n|move|p1a: ted lasso|Bulk Up|p1a: ted lasso\n|-boost|p1a: ted lasso|atk|1\n|-boost|p1a: ted lasso|def|1\n|\n|upkeep\n|turn|2\n|\n|t:|1698181123\n|move|p1a: ted lasso|Close Combat|p2a: Teddy (7 pounds)\n|-supereffective|p2a: Teddy (7 pounds)\n|-damage|p2a: Teddy (7 pounds)|0 fnt\n|-unboost|p1a: ted lasso|def|1\n|-unboost|p1a: ted lasso|spd|1\n|faint|p2a: Teddy (7 pounds)\n|\n|upkeep\n|\n|t:|1698181132\n|switch|p2a: Steve|Gothitelle, M|100\/100\n|turn|3\n|\n|t:|1698181142\n|move|p1a: ted lasso|Raging Bull|p2a: Steve\n|-damage|p2a: Steve|30\/100\n|move|p2a: Steve|Trick|p1a: ted lasso\n|-activate|p2a: Steve|move: Trick|[of] p1a: ted lasso\n|-item|p1a: ted lasso|Flame Orb|[from] move: Trick\n|-item|p2a: Steve|Salac Berry|[from] move: Trick\n|\n|upkeep\n|turn|4\n|\n|t:|1698181165\n|switch|p2a: Ignis Dragon|Dragonite, M|100\/100\n|move|p1a: ted lasso|Raging Bull|p2a: Ignis Dragon\n|-resisted|p2a: Ignis Dragon\n|-damage|p2a: Ignis Dragon|87\/100\n|\n|upkeep\n|turn|5\n|\n|t:|1698181178\n|switch|p1a: the meta threat|Mew|100\/100\n|move|p2a: Ignis Dragon|Outrage|p1a: the meta threat\n|-damage|p1a: the meta threat|45\/100\n|\n|-heal|p1a: the meta threat|51\/100|[from] item: Leftovers\n|upkeep\n|turn|6\n|\n|t:|1698181195\n|move|p1a: the meta threat|Metronome|p1a: the meta threat\n|move|p1a: the meta threat|Perish Song|p1a: the meta threat|[from]move: Metronome\n|-start|p1a: the meta threat|perish3|[silent]\n|-start|p2a: Ignis Dragon|perish3|[silent]\n|-fieldactivate|move: Perish Song\n|move|p2a: Ignis Dragon|Outrage|p1a: the meta threat|[from]lockedmove\n|-damage|p1a: the meta threat|0 fnt\n|faint|p1a: the meta threat\n|-start|p2a: Ignis Dragon|confusion|[fatigue]\n|\n|-start|p2a: Ignis Dragon|perish3\n|upkeep\n|\n|t:|1698181204\n|switch|p1a: justin jefferson|Frosmoth, M|100\/100\n|turn|7\n|\n|t:|1698181214\n|switch|p2a: Cuppa|Polteageist-Antique, shiny|100\/100\n|move|p1a: justin jefferson|Substitute|p1a: justin jefferson\n|-start|p1a: justin jefferson|Substitute\n|-damage|p1a: justin jefferson|76\/100\n|\n|upkeep\n|turn|8\n|\n|t:|1698181222\n|-terastallize|p2a: Cuppa|Fire\n|move|p2a: Cuppa|Tera Blast|p1a: justin jefferson|[anim] Tera Blast Fire\n|-supereffective|p1a: justin jefferson\n|-end|p1a: justin jefferson|Substitute\n|move|p1a: justin jefferson|Quiver Dance|p1a: justin jefferson\n|-boost|p1a: justin jefferson|spa|1\n|-boost|p1a: justin jefferson|spd|1\n|-boost|p1a: justin jefferson|spe|1\n|\n|upkeep\n|turn|9\n|\n|t:|1698181262\n|-terastallize|p1a: justin jefferson|Ice\n|move|p1a: justin jefferson|Quiver Dance|p1a: justin jefferson\n|-boost|p1a: justin jefferson|spa|1\n|-boost|p1a: justin jefferson|spd|1\n|-boost|p1a: justin jefferson|spe|1\n|move|p2a: Cuppa|Tera Blast|p1a: justin jefferson|[anim] Tera Blast Fire\n|-supereffective|p1a: justin jefferson\n|-damage|p1a: justin jefferson|44\/100\n|\n|upkeep\n|turn|10\n|\n|t:|1698181272\n|move|p1a: justin jefferson|Giga Drain|p2a: Cuppa\n|-resisted|p2a: Cuppa\n|-crit|p2a: Cuppa\n|-damage|p2a: Cuppa|53\/100\n|-heal|p1a: justin jefferson|66\/100|[from] drain|[of] p2a: Cuppa\n|-start|p1a: justin jefferson|Disable|Giga Drain|[from] ability: Cursed Body|[of] p2a: Cuppa\n|move|p2a: Cuppa|Will-O-Wisp|p1a: justin jefferson\n|-status|p1a: justin jefferson|brn\n|\n|-damage|p1a: justin jefferson|60\/100 brn|[from] brn\n|upkeep\n|turn|11\n|\n|t:|1698181283\n|move|p1a: justin jefferson|Tera Blast|p2a: Cuppa|[anim] Tera Blast Ice\n|-resisted|p2a: Cuppa\n|-damage|p2a: Cuppa|0 fnt\n|faint|p2a: Cuppa\n|\n|-damage|p1a: justin jefferson|54\/100 brn|[from] brn\n|upkeep\n|c|\u2606rustygoomba|!weak ice\n|c| rustygoomba|\/raw <div class=\"infobox\">Ice:<br \/><span class=\"message-effect-weak\">Weaknesses<\/span>: Fighting, Fire, Rock, Steel<br \/><span class=\"message-effect-resist\">Resistances<\/span>: Ice<br \/><span class=\"message-effect-immune\">Immunities<\/span>: Frozen, Hail damage<\/div>\n|\n|t:|1698181307\n|switch|p2a: Ignis Dragon|Dragonite, M|87\/100\n|turn|12\n|\n|t:|1698181312\n|move|p1a: justin jefferson|Tera Blast|p2a: Ignis Dragon|[anim] Tera Blast Ice\n|-supereffective|p2a: Ignis Dragon\n|-damage|p2a: Ignis Dragon|0 fnt\n|faint|p2a: Ignis Dragon\n|\n|-damage|p1a: justin jefferson|48\/100 brn|[from] brn\n|upkeep\n|\n|t:|1698181332\n|switch|p2a: Steve|Gothitelle, M|30\/100\n|turn|13\n|\n|t:|1698181335\n|move|p1a: justin jefferson|Tera Blast|p2a: Steve|[anim] Tera Blast Ice\n|-damage|p2a: Steve|0 fnt\n|faint|p2a: Steve\n|\n|-damage|p1a: justin jefferson|42\/100 brn|[from] brn\n|-end|p1a: justin jefferson|Disable\n|upkeep\n|\n|t:|1698181345\n|switch|p2a: Luigi|Tinkaton, F|100\/100\n|-ability|p2a: Luigi|Mold Breaker\n|turn|14\n|\n|t:|1698181367\n|move|p1a: justin jefferson|Substitute|p1a: justin jefferson\n|-start|p1a: justin jefferson|Substitute\n|-damage|p1a: justin jefferson|17\/100 brn\n|move|p2a: Luigi|Stealth Rock|p1a: justin jefferson\n|-sidestart|p1: rustygoomba|move: Stealth Rock\n|\n|-damage|p1a: justin jefferson|11\/100 brn|[from] brn\n|upkeep\n|turn|15\n|\n|t:|1698181375\n|move|p1a: justin jefferson|Giga Drain|p2a: Luigi\n|-resisted|p2a: Luigi\n|-damage|p2a: Luigi|76\/100\n|-heal|p1a: justin jefferson|27\/100 brn|[from] drain|[of] p2a: Luigi\n|move|p2a: Luigi|Encore|p1a: justin jefferson\n|-start|p1a: justin jefferson|Encore\n|\n|-damage|p1a: justin jefferson|21\/100 brn|[from] brn\n|upkeep\n|turn|16\n|\n|t:|1698181384\n|move|p1a: justin jefferson|Giga Drain|p2a: Luigi\n|-resisted|p2a: Luigi\n|-damage|p2a: Luigi|53\/100\n|-heal|p1a: justin jefferson|36\/100 brn|[from] drain|[of] p2a: Luigi\n|move|p2a: Luigi|Play Rough|p1a: justin jefferson\n|-end|p1a: justin jefferson|Substitute\n|\n|-damage|p1a: justin jefferson|30\/100 brn|[from] brn\n|upkeep\n|turn|17\n|\n|t:|1698181393\n|move|p1a: justin jefferson|Giga Drain|p2a: Luigi\n|-resisted|p2a: Luigi\n|-damage|p2a: Luigi|28\/100\n|-heal|p1a: justin jefferson|47\/100 brn|[from] drain|[of] p2a: Luigi\n|move|p2a: Luigi|Play Rough|p1a: justin jefferson\n|-damage|p1a: justin jefferson|5\/100 brn\n|\n|-damage|p1a: justin jefferson|0 fnt|[from] brn\n|faint|p1a: justin jefferson\n|upkeep\n|\n|t:|1698181406\n|switch|p1a: randy moss|Roaring Moon|100\/100\n|-damage|p1a: randy moss|88\/100|[from] Stealth Rock\n|-enditem|p1a: randy moss|Booster Energy\n|-activate|p1a: randy moss|ability: Protosynthesis|[fromitem]\n|-start|p1a: randy moss|protosynthesisspe\n|turn|18\n|\n|t:|1698181423\n|move|p1a: randy moss|Earthquake|p2a: Luigi\n|-supereffective|p2a: Luigi\n|-damage|p2a: Luigi|0 fnt\n|faint|p2a: Luigi\n|\n|upkeep\n|\n|t:|1698181427\n|switch|p2a: :l|Crabominable, F|100\/100\n|turn|19\n|\n|t:|1698181441\n|-end|p1a: randy moss|Protosynthesis|[silent]\n|switch|p1a: ted lasso|Tauros-Paldea-Blaze, M|100\/100\n|-damage|p1a: ted lasso|88\/100|[from] Stealth Rock\n|move|p2a: :l|Drain Punch|p1a: ted lasso\n|-damage|p1a: ted lasso|24\/100\n|\n|upkeep\n|turn|20\n|\n|t:|1698181459\n|move|p1a: ted lasso|Close Combat|p2a: :l\n|-supereffective|p2a: :l\n|-damage|p2a: :l|0 fnt\n|-unboost|p1a: ted lasso|def|1\n|-unboost|p1a: ted lasso|spd|1\n|faint|p2a: :l\n|\n|win|rustygoomba\n","uploadtime":1698181466,"views":16,"p1id":"rustygoomba","p2id":"chunglewungle","formatid":"gen9ubers","rating":0,"private":0,"password":""}