{"id":"gen9ubers-1970909142","p1":"VloneVictini","p2":"jordblast","format":"[Gen 9] Ubers","log":"|j|\u2606VloneVictini\n|j|\u2606jordblast\n|t:|1697679712\n|gametype|singles\n|player|p1|VloneVictini|266|\n|player|p2|jordblast|clown|\n|teamsize|p1|6\n|teamsize|p2|6\n|gen|9\n|tier|[Gen 9] Ubers\n|rule|Sleep Clause Mod: Limit one foe put to sleep\n|rule|Species Clause: Limit one of each Pok\u00e9mon\n|rule|OHKO Clause: OHKO moves are banned\n|rule|Evasion Items Clause: Evasion items are banned\n|rule|Evasion Moves Clause: Evasion moves are banned\n|rule|Endless Battle Clause: Forcing endless battles is banned\n|rule|HP Percentage Mod: HP is shown in percentages\n|clearpoke\n|poke|p1|Shaymin-Sky|\n|poke|p1|Masquerain, F|\n|poke|p1|Gholdengo|\n|poke|p1|Urshifu-*, M|\n|poke|p1|Tatsugiri, M|\n|poke|p1|Zacian-*|\n|poke|p2|Palkia-Origin|\n|poke|p2|Enamorus-Therian, F|\n|poke|p2|Mimikyu, F|\n|poke|p2|Arceus-Grass|\n|poke|p2|Dondozo, F|\n|poke|p2|Roaring Moon|\n|teampreview\n|c|\u2606jordblast|YOOOO TATSUGIRI\n|c|\u2606VloneVictini|indeed\n|c|\u2606jordblast|Im assuming its a scarf set to counter palkia which is amazing\n|\n|t:|1697679748\n|start\n|switch|p1a: Urshifu|Urshifu, M|100\/100\n|switch|p2a: Palkia|Palkia-Origin|100\/100\n|-ability|p2a: Palkia|Pressure\n|turn|1\n|c|\u2606jordblast|glhf\n|c|\u2606VloneVictini|glhf\n|\n|t:|1697679787\n|move|p2a: Palkia|Draco Meteor|p1a: Urshifu\n|-enditem|p1a: Urshifu|Focus Sash\n|-damage|p1a: Urshifu|1\/100\n|-unboost|p2a: Palkia|spa|2\n|move|p1a: Urshifu|Wicked Blow|p2a: Palkia\n|-crit|p2a: Palkia\n|-damage|p2a: Palkia|33\/100\n|\n|upkeep\n|turn|2\n|\n|t:|1697679815\n|move|p2a: Palkia|Earth Power|p1a: Urshifu\n|-damage|p1a: Urshifu|0 fnt\n|faint|p1a: Urshifu\n|\n|upkeep\n|\n|t:|1697679818\n|switch|p1a: Masquerain|Masquerain, F|100\/100\n|-ability|p1a: Masquerain|Intimidate|boost\n|-unboost|p2a: Palkia|atk|1\n|turn|3\n|\n|t:|1697679824\n|move|p2a: Palkia|Spacial Rend|p1a: Masquerain\n|-damage|p1a: Masquerain|51\/100\n|move|p1a: Masquerain|Sticky Web|p2a: Palkia\n|-sidestart|p2: jordblast|move: Sticky Web\n|\n|upkeep\n|turn|4\n|\n|t:|1697679838\n|move|p2a: Palkia|Draco Meteor|p1a: Masquerain|[miss]\n|-miss|p2a: Palkia|p1a: Masquerain\n|move|p1a: Masquerain|Stun Spore|p2a: Palkia|[miss]\n|-miss|p1a: Masquerain|p2a: Palkia\n|\n|upkeep\n|turn|5\n|\n|t:|1697679847\n|move|p2a: Palkia|Hydro Pump|p1a: Masquerain\n|-damage|p1a: Masquerain|0 fnt\n|faint|p1a: Masquerain\n|\n|upkeep\n|\n|t:|1697679862\n|switch|p1a: Shaymin|Shaymin-Sky|100\/100\n|turn|6\n|\n|t:|1697679869\n|move|p1a: Shaymin|Seed Flare|p2a: Palkia\n|-damage|p2a: Palkia|0 fnt\n|faint|p2a: Palkia\n|\n|upkeep\n|\n|t:|1697679873\n|switch|p2a: Enamorus|Enamorus-Therian, F|100\/100\n|turn|7\n|\n|t:|1697679889\n|move|p1a: Shaymin|Air Slash|p2a: Enamorus\n|-crit|p2a: Enamorus\n|-damage|p2a: Enamorus|67\/100\n|cant|p2a: Enamorus|flinch\n|\n|upkeep\n|turn|8\n|\n|t:|1697679934\n|move|p1a: Shaymin|Air Slash|p2a: Enamorus\n|-damage|p2a: Enamorus|43\/100\n|cant|p2a: Enamorus|flinch\n|\n|upkeep\n|turn|9\n|c|\u2606jordblast|i hate serene grace\n|\n|t:|1697679944\n|move|p1a: Shaymin|Air Slash|p2a: Enamorus\n|-damage|p2a: Enamorus|19\/100\n|cant|p2a: Enamorus|flinch\n|\n|upkeep\n|turn|10\n|c|\u2606VloneVictini|very fair\n|c|\u2606jordblast|such a dumb ability\n|\n|t:|1697679954\n|move|p1a: Shaymin|Air Slash|p2a: Enamorus\n|-damage|p2a: Enamorus|0 fnt\n|faint|p2a: Enamorus\n|\n|upkeep\n|\n|t:|1697679961\n|switch|p2a: Mimikyu|Mimikyu, F|100\/100\n|-activate|p2a: Mimikyu|move: Sticky Web\n|-unboost|p2a: Mimikyu|spe|1\n|turn|11\n|\n|t:|1697679966\n|move|p1a: Shaymin|Air Slash|p2a: Mimikyu\n|-activate|p2a: Mimikyu|ability: Disguise\n|-damage|p2a: Mimikyu|100\/100\n|detailschange|p2a: Mimikyu|Mimikyu-Busted, F\n|-damage|p2a: Mimikyu|88\/100|[from] pokemon: Mimikyu-Busted\n|cant|p2a: Mimikyu|flinch\n|\n|upkeep\n|turn|12\n|c|\u2606jordblast|dog\n|\n|t:|1697679977\n|move|p1a: Shaymin|Seed Flare|p2a: Mimikyu\n|-damage|p2a: Mimikyu|26\/100\n|-unboost|p2a: Mimikyu|spd|2\n|move|p2a: Mimikyu|Play Rough|p1a: Shaymin\n|-damage|p1a: Shaymin|43\/100\n|-damage|p2a: Mimikyu|16\/100|[from] item: Life Orb\n|\n|-heal|p1a: Shaymin|49\/100|[from] item: Leftovers\n|upkeep\n|turn|13\n|c|\u2606jordblast|yay i did damage\n|\n|t:|1697680007\n|-terastallize|p2a: Mimikyu|Ghost\n|move|p2a: Mimikyu|Shadow Sneak|p1a: Shaymin\n|-damage|p1a: Shaymin|15\/100\n|-damage|p2a: Mimikyu|6\/100|[from] item: Life Orb\n|move|p1a: Shaymin|Air Slash|p2a: Mimikyu\n|-damage|p2a: Mimikyu|0 fnt\n|faint|p2a: Mimikyu\n|\n|-heal|p1a: Shaymin|21\/100|[from] item: Leftovers\n|upkeep\n|\n|t:|1697680014\n|switch|p2a: Roaring Moon|Roaring Moon|100\/100\n|-activate|p2a: Roaring Moon|move: Sticky Web\n|-unboost|p2a: Roaring Moon|spe|1\n|-enditem|p2a: Roaring Moon|Booster Energy\n|-activate|p2a: Roaring Moon|ability: Protosynthesis|[fromitem]\n|-start|p2a: Roaring Moon|protosynthesisatk\n|turn|14\n|c|\u2606jordblast|wait\n|c|\u2606jordblast|huh\n|c|\u2606jordblast|oh my lord\n|c|\u2606jordblast|sticky web made it raise attack instead of speed\n|c|\u2606VloneVictini|yeah\n|\n|t:|1697680063\n|switch|p1a: Zacian|Zacian|100\/100\n|-ability|p1a: Zacian|Intrepid Sword|boost\n|-boost|p1a: Zacian|atk|1\n|move|p2a: Roaring Moon|Jaw Lock|p1a: Zacian\n|-resisted|p1a: Zacian\n|-damage|p1a: Zacian|74\/100\n|-activate|p2a: Roaring Moon|trapped\n|-activate|p1a: Zacian|trapped\n|\n|upkeep\n|turn|15\n|c|\u2606jordblast|shit\n|c|\u2606jordblast|i think i lose\n|\n|t:|1697680089\n|move|p1a: Zacian|Play Rough|p2a: Roaring Moon\n|-supereffective|p2a: Roaring Moon\n|-damage|p2a: Roaring Moon|0 fnt\n|faint|p2a: Roaring Moon\n|-end|p2a: Roaring Moon|Protosynthesis|[silent]\n|\n|upkeep\n|\n|t:|1697680094\n|switch|p2a: Arceus|Arceus-Grass|100\/100\n|-activate|p2a: Arceus|move: Sticky Web\n|-unboost|p2a: Arceus|spe|1\n|turn|16\n|\n|t:|1697680111\n|move|p1a: Zacian|Play Rough|p2a: Arceus\n|-damage|p2a: Arceus|52\/100\n|move|p2a: Arceus|Calm Mind|p2a: Arceus\n|-boost|p2a: Arceus|spa|1\n|-boost|p2a: Arceus|spd|1\n|\n|upkeep\n|turn|17\n|\n|t:|1697680120\n|move|p1a: Zacian|Swords Dance|p1a: Zacian\n|-boost|p1a: Zacian|atk|2\n|move|p2a: Arceus|Recover|p2a: Arceus\n|-heal|p2a: Arceus|100\/100\n|\n|upkeep\n|turn|18\n|\n|t:|1697680126\n|-terastallize|p1a: Zacian|Fire\n|move|p1a: Zacian|Play Rough|p2a: Arceus\n|-damage|p2a: Arceus|15\/100\n|move|p2a: Arceus|Judgment|p1a: Zacian\n|-resisted|p1a: Zacian\n|-damage|p1a: Zacian|42\/100\n|\n|upkeep\n|turn|19\n|\n|t:|1697680134\n|move|p1a: Zacian|Psychic Fangs|p2a: Arceus\n|-damage|p2a: Arceus|0 fnt\n|faint|p2a: Arceus\n|\n|upkeep\n|\n|t:|1697680139\n|switch|p2a: Dondozo|Dondozo, F|100\/100\n|-activate|p2a: Dondozo|move: Sticky Web\n|-unboost|p2a: Dondozo|spe|1\n|turn|20\n|c|\u2606VloneVictini|Skymin is so cheap\n|\n|t:|1697680169\n|switch|p1a: Tatsugiri|Tatsugiri, M|100\/100\n|move|p2a: Dondozo|Curse|p2a: Dondozo\n|-unboost|p2a: Dondozo|spe|1\n|-boost|p2a: Dondozo|atk|1\n|-boost|p2a: Dondozo|def|1\n|\n|upkeep\n|turn|21\n|c|\u2606jordblast|gg\n|\n|t:|1697680175\n|move|p1a: Tatsugiri|Draco Meteor|p2a: Dondozo\n|-damage|p2a: Dondozo|33\/100\n|-unboost|p1a: Tatsugiri|spa|2\n|move|p2a: Dondozo|Wave Crash|p1a: Tatsugiri\n|-ability|p1a: Tatsugiri|Storm Drain|boost\n|-boost|p1a: Tatsugiri|spa|1\n|\n|upkeep\n|turn|22\n|c|\u2606jordblast|i would have won\n|\n|t:|1697680182\n|move|p1a: Tatsugiri|Draco Meteor|p2a: Dondozo\n|-damage|p2a: Dondozo|0 fnt\n|-unboost|p1a: Tatsugiri|spa|2\n|faint|p2a: Dondozo\n|\n|win|VloneVictini\n|c|\u2606VloneVictini|what was the enam set\n|c|\u2606jordblast|av\n|c|\u2606jordblast|so i countered it so long as i didnt get flinched 4 times in a row\n|c|\u2606jordblast|rematch?\n|c|\u2606VloneVictini|yeah\n|c|\u2606jordblast|also do u think crunch, throat chop, or jaw lock\n|c|\u2606VloneVictini|prob Crunch tbh\n","uploadtime":1697681178,"views":13,"p1id":"vlonevictini","p2id":"jordblast","formatid":"gen9ubers","rating":0,"private":0,"password":""}