{"id":"gen9ubers-1991629521","p1":"nekizalb","p2":"bo552","format":"[Gen 9] Ubers","log":"|j|\u2606nekizalb\n|j|\u2606bo552\n|t:|1700096094\n|gametype|singles\n|player|p1|nekizalb|emmet|1144\n|player|p2|bo552|artist-gen4|1435\n|teamsize|p1|6\n|teamsize|p2|6\n|gen|9\n|tier|[Gen 9] Ubers\n|rated|\n|rule|Sleep Clause Mod: Limit one foe put to sleep\n|rule|Species Clause: Limit one of each Pok\u00e9mon\n|rule|OHKO Clause: OHKO moves are banned\n|rule|Evasion Items Clause: Evasion items are banned\n|rule|Evasion Moves Clause: Evasion moves are banned\n|rule|Endless Battle Clause: Forcing endless battles is banned\n|rule|HP Percentage Mod: HP is shown in percentages\n|clearpoke\n|poke|p1|Skeledirge, M|\n|poke|p1|Quaquaval, M|\n|poke|p1|Chien-Pao|\n|poke|p1|Pawmot, F|\n|poke|p1|Tinkaton, F|\n|poke|p1|Baxcalibur, M|\n|poke|p2|Sneasler, F|\n|poke|p2|Miraidon|\n|poke|p2|Arceus|\n|poke|p2|Regieleki|\n|poke|p2|Ditto|\n|poke|p2|Groudon|\n|teampreview\n|inactive|Battle timer is ON: inactive players will automatically lose when time's up. (requested by nekizalb)\n|\n|t:|1700096122\n|start\n|switch|p1a: Pawmot|Pawmot, F|100\/100\n|switch|p2a: Regieleki|Regieleki|100\/100\n|turn|1\n|\n|t:|1700096129\n|switch|p2a: Groudon|Groudon|100\/100\n|-weather|SunnyDay|[from] ability: Drought|[of] p2a: Groudon\n|move|p1a: Pawmot|Mach Punch|p2a: Groudon\n|-damage|p2a: Groudon|86\/100\n|\n|-weather|SunnyDay|[upkeep]\n|-heal|p2a: Groudon|93\/100|[from] item: Leftovers\n|upkeep\n|turn|2\n|\n|t:|1700096138\n|move|p1a: Pawmot|Ice Punch|p2a: Groudon\n|-supereffective|p2a: Groudon\n|-damage|p2a: Groudon|61\/100\n|move|p2a: Groudon|Will-O-Wisp|p1a: Pawmot\n|-status|p1a: Pawmot|brn\n|\n|-weather|SunnyDay|[upkeep]\n|-heal|p2a: Groudon|67\/100|[from] item: Leftovers\n|-damage|p1a: Pawmot|94\/100 brn|[from] brn\n|upkeep\n|turn|3\n|\n|t:|1700096160\n|move|p1a: Pawmot|Ice Punch|p2a: Groudon\n|-supereffective|p2a: Groudon\n|-damage|p2a: Groudon|51\/100\n|move|p2a: Groudon|Spikes|p1a: Pawmot\n|-sidestart|p1: nekizalb|Spikes\n|\n|-weather|SunnyDay|[upkeep]\n|-heal|p2a: Groudon|57\/100|[from] item: Leftovers\n|-damage|p1a: Pawmot|88\/100 brn|[from] brn\n|upkeep\n|turn|4\n|\n|t:|1700096170\n|switch|p1a: Baxcalibur|Baxcalibur, M|100\/100\n|-damage|p1a: Baxcalibur|88\/100|[from] Spikes\n|move|p2a: Groudon|Spikes|p1a: Baxcalibur\n|-sidestart|p1: nekizalb|Spikes\n|\n|-weather|SunnyDay|[upkeep]\n|-heal|p2a: Groudon|64\/100|[from] item: Leftovers\n|upkeep\n|turn|5\n|\n|t:|1700096179\n|move|p1a: Baxcalibur|Dragon Dance|p1a: Baxcalibur\n|-boost|p1a: Baxcalibur|atk|1\n|-boost|p1a: Baxcalibur|spe|1\n|move|p2a: Groudon|Precipice Blades|p1a: Baxcalibur|[miss]\n|-miss|p2a: Groudon|p1a: Baxcalibur\n|\n|-weather|none\n|-heal|p2a: Groudon|70\/100|[from] item: Leftovers\n|upkeep\n|turn|6\n|\n|t:|1700096189\n|move|p1a: Baxcalibur|Dragon Dance|p1a: Baxcalibur\n|-boost|p1a: Baxcalibur|atk|1\n|-boost|p1a: Baxcalibur|spe|1\n|move|p2a: Groudon|Precipice Blades|p1a: Baxcalibur\n|-damage|p1a: Baxcalibur|37\/100\n|\n|-heal|p2a: Groudon|76\/100|[from] item: Leftovers\n|upkeep\n|turn|7\n|\n|t:|1700096201\n|move|p1a: Baxcalibur|Ice Fang|p2a: Groudon\n|-supereffective|p2a: Groudon\n|-damage|p2a: Groudon|11\/100\n|move|p2a: Groudon|Precipice Blades|p1a: Baxcalibur\n|-damage|p1a: Baxcalibur|0 fnt\n|faint|p1a: Baxcalibur\n|\n|-heal|p2a: Groudon|17\/100|[from] item: Leftovers\n|upkeep\n|j| aidan hunter 16\n|l| aidan hunter 16\n|\n|t:|1700096214\n|switch|p1a: Quaquaval|Quaquaval, M|100\/100\n|-damage|p1a: Quaquaval|84\/100|[from] Spikes\n|turn|8\n|\n|t:|1700096225\n|switch|p2a: Miraidon|Miraidon|100\/100\n|-fieldstart|move: Electric Terrain|[from] ability: Hadron Engine|[of] p2a: Miraidon\n|move|p1a: Quaquaval|Aqua Step|p2a: Miraidon\n|-resisted|p2a: Miraidon\n|-damage|p2a: Miraidon|82\/100\n|-boost|p1a: Quaquaval|spe|1\n|\n|upkeep\n|turn|9\n|\n|t:|1700096238\n|move|p2a: Miraidon|Electro Drift|p1a: Quaquaval\n|-supereffective|p1a: Quaquaval\n|-damage|p1a: Quaquaval|0 fnt\n|faint|p1a: Quaquaval\n|\n|upkeep\n|-message|nekizalb forfeited.\n|\n|win|bo552\n|raw|nekizalb's rating: 1130 &rarr; <strong>1123<\/strong><br \/>(-7 for losing)\n|raw|bo552's rating: 1435 &rarr; <strong>1441<\/strong><br \/>(+6 for winning)\n|l|\u2606nekizalb\n","uploadtime":1700096253,"views":5,"p1id":"nekizalb","p2id":"bo552","formatid":"gen9ubers","rating":1123,"private":0,"password":""}