{"id":"gen9ubers-1978585543","p1":"Kabunger","p2":"PinkScourge","format":"[Gen 9] Ubers","log":"|j|\u2606Kabunger\n|j|\u2606PinkScourge\n|t:|1698560900\n|gametype|singles\n|player|p1|Kabunger|hilda-wonderlauncher|\n|player|p2|PinkScourge|bede-leader|\n|teamsize|p1|6\n|teamsize|p2|6\n|gen|9\n|tier|[Gen 9] Ubers\n|rule|Sleep Clause Mod: Limit one foe put to sleep\n|rule|Species Clause: Limit one of each Pok\u00e9mon\n|rule|OHKO Clause: OHKO moves are banned\n|rule|Evasion Items Clause: Evasion items are banned\n|rule|Evasion Moves Clause: Evasion moves are banned\n|rule|Endless Battle Clause: Forcing endless battles is banned\n|rule|HP Percentage Mod: HP is shown in percentages\n|clearpoke\n|poke|p1|Torkoal, F|\n|poke|p1|Walking Wake|\n|poke|p1|Grafaiai, F|\n|poke|p1|Zacian-*|\n|poke|p1|Chi-Yu|\n|poke|p1|Gliscor, M|\n|poke|p2|Indeedee-F, F|\n|poke|p2|Arceus-Psychic|\n|poke|p2|Palkia|\n|poke|p2|Alomomola, M|\n|poke|p2|Mandibuzz, F|\n|poke|p2|Slowking-Galar, F|\n|teampreview\n|inactive|Battle timer is ON: inactive players will automatically lose when time's up. (requested by PinkScourge)\n|\n|t:|1698560924\n|start\n|switch|p1a: Gliscor|Gliscor, M|100\/100\n|switch|p2a: Slowking|Slowking-Galar, F|100\/100\n|turn|1\n|\n|t:|1698560931\n|move|p1a: Gliscor|Knock Off|p2a: Slowking\n|-supereffective|p2a: Slowking\n|-damage|p2a: Slowking|53\/100\n|-enditem|p2a: Slowking|Heavy-Duty Boots|[from] move: Knock Off|[of] p1a: Gliscor\n|move|p2a: Slowking|Future Sight|p1a: Gliscor\n|-start|p2a: Slowking|move: Future Sight\n|\n|-status|p1a: Gliscor|tox|[from] item: Toxic Orb\n|upkeep\n|turn|2\n|\n|t:|1698560939\n|switch|p2a: Alomomola|Alomomola, M|100\/100\n|move|p1a: Gliscor|Stealth Rock|p2a: Alomomola\n|-sidestart|p2: PinkScourge|move: Stealth Rock\n|\n|upkeep\n|turn|3\n|\n|t:|1698560945\n|switch|p1a: Chi-Yu|Chi-Yu|100\/100\n|-ability|p1a: Chi-Yu|Beads of Ruin\n|move|p2a: Alomomola|Flip Turn|p1a: Chi-Yu\n|-supereffective|p1a: Chi-Yu\n|-damage|p1a: Chi-Yu|43\/100\n|\n|t:|1698560957\n|switch|p2a: Mandibuzz|Mandibuzz, F|100\/100|[from] Flip Turn\n|\n|-end|p1a: Chi-Yu|move: Future Sight\n|-immune|p1a: Chi-Yu\n|upkeep\n|turn|4\n|\n|t:|1698560970\n|-terastallize|p1a: Chi-Yu|Fire\n|move|p1a: Chi-Yu|Overheat|p2a: Mandibuzz\n|-crit|p2a: Mandibuzz\n|-damage|p2a: Mandibuzz|0 fnt\n|-unboost|p1a: Chi-Yu|spa|2\n|faint|p2a: Mandibuzz\n|\n|upkeep\n|c|\u2606PinkScourge|Holy shit\n|\n|t:|1698560988\n|switch|p2a: Alomomola|Alomomola, M|100\/100\n|-damage|p2a: Alomomola|88\/100|[from] Stealth Rock\n|turn|5\n|c|\u2606Kabunger|252+ choice specs chi-yu overheat in sun\n|\n|t:|1698560994\n|switch|p1a: Walking Wake|Walking Wake|100\/100\n|move|p2a: Alomomola|Flip Turn|p1a: Walking Wake\n|-resisted|p1a: Walking Wake\n|-damage|p1a: Walking Wake|96\/100\n|\n|t:|1698561001\n|switch|p2a: Arceus|Arceus-Psychic|100\/100|[from] Flip Turn\n|-damage|p2a: Arceus|88\/100|[from] Stealth Rock\n|\n|upkeep\n|turn|6\n|\n|t:|1698561006\n|move|p1a: Walking Wake|Flip Turn|p2a: Arceus\n|-damage|p2a: Arceus|77\/100\n|\n|t:|1698561009\n|-end|p1a: Walking Wake|Protosynthesis|[silent]\n|switch|p1a: Torkoal|Torkoal, F|100\/100|[from] Flip Turn\n|-weather|SunnyDay|[from] ability: Drought|[of] p1a: Torkoal\n|move|p2a: Arceus|Future Sight|p1a: Torkoal\n|-start|p2a: Arceus|move: Future Sight\n|\n|-weather|SunnyDay|[upkeep]\n|upkeep\n|turn|7\n|\n|t:|1698561016\n|switch|p2a: Indeedee|Indeedee-F, F|100\/100\n|-damage|p2a: Indeedee|88\/100|[from] Stealth Rock\n|-fieldstart|move: Psychic Terrain|[from] ability: Psychic Surge|[of] p2a: Indeedee\n|move|p1a: Torkoal|Will-O-Wisp|p2a: Indeedee\n|-status|p2a: Indeedee|brn\n|\n|-weather|SunnyDay|[upkeep]\n|-damage|p2a: Indeedee|82\/100 brn|[from] brn\n|upkeep\n|turn|8\n|\n|t:|1698561025\n|move|p2a: Indeedee|Dazzling Gleam|p1a: Torkoal\n|-resisted|p1a: Torkoal\n|-damage|p1a: Torkoal|89\/100\n|move|p1a: Torkoal|Lava Plume|p2a: Indeedee\n|-damage|p2a: Indeedee|46\/100 brn\n|\n|-weather|SunnyDay|[upkeep]\n|-end|p1a: Torkoal|move: Future Sight\n|-damage|p1a: Torkoal|0 fnt\n|faint|p1a: Torkoal\n|-damage|p2a: Indeedee|40\/100 brn|[from] brn\n|upkeep\n|\n|t:|1698561032\n|switch|p1a: Chi-Yu|Chi-Yu, tera:Fire|43\/100\n|-ability|p1a: Chi-Yu|Beads of Ruin\n|turn|9\n|\n|t:|1698561050\n|move|p1a: Chi-Yu|Dark Pulse|p2a: Indeedee\n|-supereffective|p2a: Indeedee\n|-damage|p2a: Indeedee|0 fnt\n|faint|p2a: Indeedee\n|\n|-weather|SunnyDay|[upkeep]\n|upkeep\n|\n|t:|1698561060\n|switch|p2a: Alomomola|Alomomola, M|100\/100\n|-damage|p2a: Alomomola|88\/100|[from] Stealth Rock\n|turn|10\n|\n|t:|1698561063\n|switch|p1a: Gliscor|Gliscor, M|100\/100 tox\n|move|p2a: Alomomola|Flip Turn|p1a: Gliscor\n|-supereffective|p1a: Gliscor\n|-damage|p1a: Gliscor|90\/100 tox\n|\n|t:|1698561070\n|switch|p2a: Palkia|Palkia|100\/100|[from] Flip Turn\n|-damage|p2a: Palkia|88\/100|[from] Stealth Rock\n|-ability|p2a: Palkia|Pressure\n|\n|-weather|none\n|-heal|p1a: Gliscor|100\/100 tox|[from] ability: Poison Heal\n|upkeep\n|turn|11\n|\n|t:|1698561078\n|switch|p1a: AIYAH GG'S|Grafaiai, F|100\/100\n|-terastallize|p2a: Palkia|Water\n|move|p2a: Palkia|Trick Room|p2a: Palkia\n|-fieldstart|move: Trick Room|[of] p2a: Palkia\n|\n|upkeep\n|turn|12\n|\n|t:|1698561084\n|move|p1a: AIYAH GG'S|Encore|p2a: Palkia\n|-activate|p2a: Palkia|move: Psychic Terrain\n|move|p2a: Palkia|Surf|p1a: AIYAH GG'S\n|-enditem|p1a: AIYAH GG'S|Focus Sash\n|-damage|p1a: AIYAH GG'S|1\/100\n|\n|upkeep\n|turn|13\n|c|\u2606Kabunger|I forgor\n|\n|t:|1698561093\n|switch|p1a: Walking Wake|Walking Wake|96\/100\n|move|p2a: Palkia|Spacial Rend|p1a: Walking Wake\n|-supereffective|p1a: Walking Wake\n|-damage|p1a: Walking Wake|0 fnt\n|faint|p1a: Walking Wake\n|-end|p1a: Walking Wake|Protosynthesis|[silent]\n|\n|upkeep\n|\n|t:|1698561098\n|switch|p1a: Zacian|Zacian|100\/100\n|-ability|p1a: Zacian|Intrepid Sword|boost\n|-boost|p1a: Zacian|atk|1\n|turn|14\n|\n|t:|1698561106\n|move|p2a: Palkia|Surf|p1a: Zacian\n|-damage|p1a: Zacian|18\/100\n|move|p1a: Zacian|Play Rough|p2a: Palkia\n|-damage|p2a: Palkia|21\/100\n|\n|-fieldend|move: Psychic Terrain\n|upkeep\n|turn|15\n|\n|t:|1698561113\n|move|p2a: Palkia|Surf|p1a: Zacian\n|-crit|p1a: Zacian\n|-damage|p1a: Zacian|0 fnt\n|faint|p1a: Zacian\n|\n|-fieldend|move: Trick Room\n|upkeep\n|\n|t:|1698561114\n|switch|p1a: Chi-Yu|Chi-Yu, tera:Fire|43\/100\n|-ability|p1a: Chi-Yu|Beads of Ruin\n|turn|16\n|\n|t:|1698561129\n|switch|p2a: Arceus|Arceus-Psychic|77\/100\n|-damage|p2a: Arceus|65\/100|[from] Stealth Rock\n|move|p1a: Chi-Yu|Dark Pulse|p2a: Arceus\n|-supereffective|p2a: Arceus\n|-damage|p2a: Arceus|0 fnt\n|faint|p2a: Arceus\n|\n|upkeep\n|\n|t:|1698561135\n|switch|p2a: Alomomola|Alomomola, M|100\/100\n|-damage|p2a: Alomomola|88\/100|[from] Stealth Rock\n|turn|17\n|\n|t:|1698561138\n|switch|p1a: Gliscor|Gliscor, M|100\/100 tox\n|move|p2a: Alomomola|Wish|p2a: Alomomola\n|\n|upkeep\n|turn|18\n|\n|t:|1698561142\n|move|p1a: Gliscor|Knock Off|p2a: Alomomola\n|-damage|p2a: Alomomola|75\/100\n|-damage|p1a: Gliscor|84\/100 tox|[from] item: Rocky Helmet|[of] p2a: Alomomola\n|-enditem|p2a: Alomomola|Rocky Helmet|[from] move: Knock Off|[of] p1a: Gliscor\n|move|p2a: Alomomola|Flip Turn|p1a: Gliscor\n|-supereffective|p1a: Gliscor\n|-damage|p1a: Gliscor|64\/100 tox\n|\n|t:|1698561148\n|switch|p2a: Palkia|Palkia, tera:Water|21\/100|[from] Flip Turn\n|-damage|p2a: Palkia|8\/100|[from] Stealth Rock\n|-ability|p2a: Palkia|Pressure\n|\n|-heal|p2a: Palkia|71\/100|[from] move: Wish|[wisher] Alomomola\n|-heal|p1a: Gliscor|76\/100 tox|[from] ability: Poison Heal\n|upkeep\n|turn|19\n|\n|t:|1698561154\n|move|p1a: Gliscor|Toxic|p2a: Palkia\n|-status|p2a: Palkia|tox\n|move|p2a: Palkia|Trick Room|p2a: Palkia\n|-fieldstart|move: Trick Room|[of] p2a: Palkia\n|\n|-damage|p2a: Palkia|64\/100 tox|[from] psn\n|-heal|p1a: Gliscor|89\/100 tox|[from] ability: Poison Heal\n|upkeep\n|turn|20\n|\n|t:|1698561166\n|move|p2a: Palkia|Surf|p1a: Gliscor\n|-supereffective|p1a: Gliscor\n|-damage|p1a: Gliscor|0 fnt\n|faint|p1a: Gliscor\n|\n|-damage|p2a: Palkia|52\/100 tox|[from] psn\n|upkeep\n|\n|t:|1698561168\n|switch|p1a: AIYAH GG'S|Grafaiai, F|1\/100\n|turn|21\n|\n|t:|1698561171\n|move|p1a: AIYAH GG'S|Copycat|p1a: AIYAH GG'S\n|move|p1a: AIYAH GG'S|Surf|p2a: Palkia|[from]move: Copycat\n|-resisted|p2a: Palkia\n|-damage|p2a: Palkia|45\/100 tox\n|move|p2a: Palkia|Surf|p1a: AIYAH GG'S\n|-damage|p1a: AIYAH GG'S|0 fnt\n|faint|p1a: AIYAH GG'S\n|\n|-damage|p2a: Palkia|26\/100 tox|[from] psn\n|upkeep\n|\n|t:|1698561174\n|switch|p1a: Chi-Yu|Chi-Yu, tera:Fire|43\/100\n|-ability|p1a: Chi-Yu|Beads of Ruin\n|turn|22\n|c|\u2606PinkScourge|GG\n|c|\u2606Kabunger|gg\n|-message|Kabunger forfeited.\n|\n|win|PinkScourge\n|l|\u2606Kabunger\n","uploadtime":1698561190,"views":6,"p1id":"kabunger","p2id":"pinkscourge","formatid":"gen9ubers","rating":0,"private":0,"password":""}