{"id":"gen9ubers-1968823481","p1":"t1w1b","p2":"Targaryen5","format":"[Gen 9] Ubers","log":"|j|\u2606t1w1b\n|j|\u2606Targaryen5\n|t:|1697467794\n|gametype|singles\n|player|p1|t1w1b|265|\n|player|p2|Targaryen5|acetrainer-gen4dp|\n|teamsize|p1|5\n|teamsize|p2|6\n|gen|9\n|tier|[Gen 9] Ubers\n|rule|Sleep Clause Mod: Limit one foe put to sleep\n|rule|Species Clause: Limit one of each Pok\u00e9mon\n|rule|OHKO Clause: OHKO moves are banned\n|rule|Evasion Items Clause: Evasion items are banned\n|rule|Evasion Moves Clause: Evasion moves are banned\n|rule|Endless Battle Clause: Forcing endless battles is banned\n|rule|HP Percentage Mod: HP is shown in percentages\n|clearpoke\n|poke|p1|Samurott-Hisui, M|\n|poke|p1|Ninetales-Alola, M|\n|poke|p1|Great Tusk|\n|poke|p1|Iron Moth|\n|poke|p1|Fezandipiti, M|\n|poke|p2|Cloyster, F|\n|poke|p2|Breloom, M|\n|poke|p2|Tatsugiri-Stretchy, M|\n|poke|p2|Skeledirge, F|\n|poke|p2|Gliscor, M|\n|poke|p2|Jirachi|\n|teampreview\n|c|\u2606t1w1b|hf\n|inactive|Battle timer is ON: inactive players will automatically lose when time's up. (requested by t1w1b)\n|\n|t:|1697467813\n|start\n|switch|p1a: Samurott|Samurott-Hisui, M|100\/100\n|switch|p2a: Cloyster|Cloyster, F|100\/100\n|turn|1\n|\n|t:|1697467825\n|move|p1a: Samurott|Ceaseless Edge|p2a: Cloyster|[miss]\n|-miss|p1a: Samurott|p2a: Cloyster\n|move|p2a: Cloyster|Shell Smash|p2a: Cloyster\n|-unboost|p2a: Cloyster|def|1\n|-unboost|p2a: Cloyster|spd|1\n|-boost|p2a: Cloyster|atk|2\n|-boost|p2a: Cloyster|spa|2\n|-boost|p2a: Cloyster|spe|2\n|-enditem|p2a: Cloyster|White Herb\n|-clearnegativeboost|p2a: Cloyster|[silent]\n|\n|upkeep\n|turn|2\n|\n|t:|1697467837\n|move|p2a: Cloyster|Rock Blast|p1a: Samurott\n|-damage|p1a: Samurott|80\/100\n|-damage|p1a: Samurott|60\/100\n|-damage|p1a: Samurott|40\/100\n|-damage|p1a: Samurott|20\/100\n|-damage|p1a: Samurott|0 fnt\n|faint|p1a: Samurott\n|-hitcount|p1: Samurott|5\n|\n|upkeep\n|c|\u2606Targaryen5|GL HF\n|\n|t:|1697467862\n|switch|p1a: Iron Moth|Iron Moth|100\/100\n|turn|3\n|\n|t:|1697467872\n|move|p1a: Iron Moth|Flamethrower|p2a: Cloyster\n|-damage|p2a: Cloyster|0 fnt\n|faint|p2a: Cloyster\n|\n|upkeep\n|\n|t:|1697467881\n|switch|p2a: Tatsugiri|Tatsugiri-Stretchy, M, shiny|100\/100\n|turn|4\n|\n|t:|1697467887\n|-end|p1a: Iron Moth|Quark Drive|[silent]\n|switch|p1a: Ninetales|Ninetales-Alola, M|100\/100\n|-weather|Snow|[from] ability: Snow Warning|[of] p1a: Ninetales\n|move|p2a: Tatsugiri|Nasty Plot|p2a: Tatsugiri\n|-boost|p2a: Tatsugiri|spa|2\n|\n|-weather|Snow|[upkeep]\n|upkeep\n|turn|5\n|c|\u2606t1w1b|thx\n|\n|t:|1697467902\n|switch|p1a: osnova2|Fezandipiti, M|100\/100\n|-terastallize|p2a: Tatsugiri|Fire\n|move|p2a: Tatsugiri|Tera Blast|p1a: osnova2|[anim] Tera Blast Fire\n|-damage|p1a: osnova2|29\/100\n|\n|-weather|Snow|[upkeep]\n|-heal|p1a: osnova2|35\/100|[from] item: Leftovers\n|upkeep\n|turn|6\n|\n|t:|1697467929\n|move|p2a: Tatsugiri|Surf|p1a: osnova2\n|-damage|p1a: osnova2|0 fnt\n|faint|p1a: osnova2\n|\n|-weather|Snow|[upkeep]\n|upkeep\n|inactive|t1w1b has 270 seconds left.\n|\n|t:|1697467948\n|switch|p1a: Great Tusk|Great Tusk|100\/100\n|turn|7\n|\n|t:|1697467952\n|move|p2a: Tatsugiri|Surf|p1a: Great Tusk\n|-supereffective|p1a: Great Tusk\n|-damage|p1a: Great Tusk|0 fnt\n|faint|p1a: Great Tusk\n|-end|p1a: Great Tusk|Protosynthesis|[silent]\n|\n|-weather|Snow|[upkeep]\n|upkeep\n|\n|t:|1697467954\n|switch|p1a: Ninetales|Ninetales-Alola, M|100\/100\n|turn|8\n|\n|t:|1697467964\n|move|p1a: Ninetales|Blizzard|p2a: Tatsugiri\n|-resisted|p2a: Tatsugiri\n|-damage|p2a: Tatsugiri|74\/100\n|-status|p2a: Tatsugiri|frz\n|cant|p2a: Tatsugiri|frz\n|\n|-weather|none\n|-heal|p2a: Tatsugiri|80\/100 frz|[from] item: Leftovers\n|upkeep\n|turn|9\n|\n|t:|1697467975\n|switch|p1a: Iron Moth|Iron Moth|100\/100\n|cant|p2a: Tatsugiri|frz\n|\n|-heal|p2a: Tatsugiri|86\/100 frz|[from] item: Leftovers\n|upkeep\n|turn|10\n|\n|t:|1697467984\n|move|p1a: Iron Moth|Sludge Wave|p2a: Tatsugiri\n|-damage|p2a: Tatsugiri|24\/100 frz\n|cant|p2a: Tatsugiri|frz\n|\n|-heal|p2a: Tatsugiri|30\/100 frz|[from] item: Leftovers\n|upkeep\n|turn|11\n|\n|t:|1697467993\n|-end|p1a: Iron Moth|Quark Drive|[silent]\n|switch|p1a: Ninetales|Ninetales-Alola, M|100\/100\n|-weather|Snow|[from] ability: Snow Warning|[of] p1a: Ninetales\n|cant|p2a: Tatsugiri|frz\n|\n|-weather|Snow|[upkeep]\n|-heal|p2a: Tatsugiri|36\/100 frz|[from] item: Leftovers\n|upkeep\n|turn|12\n|\n|t:|1697468002\n|move|p1a: Ninetales|Blizzard|p2a: Tatsugiri\n|-resisted|p2a: Tatsugiri\n|-damage|p2a: Tatsugiri|11\/100 frz\n|cant|p2a: Tatsugiri|frz\n|\n|-weather|Snow|[upkeep]\n|-heal|p2a: Tatsugiri|17\/100 frz|[from] item: Leftovers\n|upkeep\n|turn|13\n|\n|t:|1697468012\n|move|p1a: Ninetales|Blizzard|p2a: Tatsugiri\n|-resisted|p2a: Tatsugiri\n|-damage|p2a: Tatsugiri|0 fnt\n|faint|p2a: Tatsugiri\n|\n|-weather|Snow|[upkeep]\n|upkeep\n|\n|t:|1697468019\n|switch|p2a: Breloom|Breloom, M|100\/100\n|turn|14\n|\n|t:|1697468023\n|move|p1a: Ninetales|Blizzard|p2a: Breloom\n|-supereffective|p2a: Breloom\n|-enditem|p2a: Breloom|Focus Sash\n|-damage|p2a: Breloom|1\/100\n|-status|p2a: Breloom|frz\n|cant|p2a: Breloom|frz\n|\n|-weather|Snow|[upkeep]\n|upkeep\n|turn|15\n|c|\u2606t1w1b|lol\n|\n|t:|1697468033\n|-curestatus|p2a: Breloom|frz|[msg]\n|move|p2a: Breloom|Mach Punch|p1a: Ninetales\n|-damage|p1a: Ninetales|68\/100\n|move|p1a: Ninetales|Blizzard|p2a: Breloom\n|-supereffective|p2a: Breloom\n|-damage|p2a: Breloom|0 fnt\n|faint|p2a: Breloom\n|\n|-weather|none\n|upkeep\n|\n|t:|1697468044\n|switch|p2a: Jirachi|Jirachi, shiny|100\/100\n|turn|16\n|\n|t:|1697468048\n|move|p1a: Ninetales|Blizzard|p2a: Jirachi|[miss]\n|-miss|p1a: Ninetales|p2a: Jirachi\n|move|p2a: Jirachi|Iron Head|p1a: Ninetales\n|-supereffective|p1a: Ninetales\n|-damage|p1a: Ninetales|0 fnt\n|faint|p1a: Ninetales\n|\n|upkeep\n|\n|t:|1697468050\n|switch|p1a: Iron Moth|Iron Moth|100\/100\n|turn|17\n|\n|t:|1697468058\n|-terastallize|p1a: Iron Moth|Fire\n|move|p1a: Iron Moth|Flamethrower|p2a: Jirachi\n|-supereffective|p2a: Jirachi\n|-damage|p2a: Jirachi|0 fnt\n|faint|p2a: Jirachi\n|\n|upkeep\n|\n|t:|1697468066\n|switch|p2a: Gliscor|Gliscor, M, shiny|100\/100\n|turn|18\n|\n|t:|1697468070\n|move|p1a: Iron Moth|Flamethrower|p2a: Gliscor\n|-damage|p2a: Gliscor|22\/100\n|move|p2a: Gliscor|U-turn|p1a: Iron Moth\n|-resisted|p1a: Iron Moth\n|-damage|p1a: Iron Moth|88\/100\n|\n|t:|1697468076\n|switch|p2a: Skeledirge|Skeledirge, F|100\/100|[from] U-turn\n|\n|upkeep\n|turn|19\n|c|\u2606Targaryen5|Miss\n|\n|t:|1697468094\n|move|p1a: Iron Moth|Flamethrower|p2a: Skeledirge\n|-resisted|p2a: Skeledirge\n|-damage|p2a: Skeledirge|76\/100\n|move|p2a: Skeledirge|Night Shade|p1a: Iron Moth\n|-damage|p1a: Iron Moth|55\/100\n|\n|-heal|p2a: Skeledirge|82\/100|[from] item: Leftovers\n|upkeep\n|turn|20\n|c|\u2606t1w1b|\u044f \u0443\u0432\u0435\u0440\u0435\u043d \u0447\u0442\u043e \u0442\u044b \u0432\u044b\u0438\u0433\u0440\u044b\u0432\u044b\u0430\u0435\u0448\u044c \u0430\u043d\u0438\u0432\u044d\u0439\n|\n|t:|1697468108\n|move|p1a: Iron Moth|Flamethrower|p2a: Skeledirge\n|-resisted|p2a: Skeledirge\n|-damage|p2a: Skeledirge|58\/100\n|move|p2a: Skeledirge|Night Shade|p1a: Iron Moth\n|-damage|p1a: Iron Moth|21\/100\n|\n|-heal|p2a: Skeledirge|64\/100|[from] item: Leftovers\n|upkeep\n|turn|21\n|\n|t:|1697468118\n|move|p1a: Iron Moth|Flamethrower|p2a: Skeledirge\n|-resisted|p2a: Skeledirge\n|-damage|p2a: Skeledirge|41\/100\n|move|p2a: Skeledirge|Night Shade|p1a: Iron Moth\n|-damage|p1a: Iron Moth|0 fnt\n|faint|p1a: Iron Moth\n|-end|p1a: Iron Moth|Quark Drive|[silent]\n|\n|win|Targaryen5\n|c|\u2606t1w1b|\u0433\u0433\n|c|\u2606t1w1b|\u0433\u043b\u0430\u0439\u0441\u043a\u043e\u0440\n|c|\u2606Targaryen5|\u041e\u043d \u043e\u0441\u043d\u043e\u0432\u043d\u043e\u0439\n|c|\u2606t1w1b|\u0442\u0430\u0442\u0441\u0443\u0433\u0438\u0440\u0438\n|c|\u2606Targaryen5|\u043e\u043a\n","uploadtime":1697468134,"views":19,"p1id":"t1w1b","p2id":"targaryen5","formatid":"gen9ubers","rating":0,"private":0,"password":""}