{"id":"gen9ubers-1990250213","p1":"VloneVictini","p2":"1P1o1s1h1e1","format":"[Gen 9] Ubers","log":"|j|\u2606VloneVictini\n|j|\u26061P1o1s1h1e1\n|t:|1699944569\n|gametype|singles\n|player|p1|VloneVictini|266|\n|player|p2|1P1o1s1h1e1|170|\n|teamsize|p1|6\n|teamsize|p2|6\n|gen|9\n|tier|[Gen 9] Ubers\n|rule|Sleep Clause Mod: Limit one foe put to sleep\n|rule|Species Clause: Limit one of each Pok\u00e9mon\n|rule|OHKO Clause: OHKO moves are banned\n|rule|Evasion Items Clause: Evasion items are banned\n|rule|Evasion Moves Clause: Evasion moves are banned\n|rule|Endless Battle Clause: Forcing endless battles is banned\n|rule|HP Percentage Mod: HP is shown in percentages\n|clearpoke\n|poke|p1|Jirachi|\n|poke|p1|Masquerain, F|\n|poke|p1|Brambleghast, M|\n|poke|p1|Palkia-Origin|\n|poke|p1|Arceus-Fire|\n|poke|p1|Flareon, F|\n|poke|p2|Slowking-Galar, M|\n|poke|p2|Blissey, F|\n|poke|p2|Cyclizar, M|\n|poke|p2|Quagsire, F|\n|poke|p2|Gholdengo|\n|poke|p2|Tyranitar, M|\n|teampreview\n|\n|t:|1699944587\n|start\n|switch|p1a: Masquerain|Masquerain, F|100\/100\n|switch|p2a: Slowking|Slowking-Galar, M|100\/100\n|-ability|p1a: Masquerain|Intimidate|boost\n|-unboost|p2a: Slowking|atk|1\n|turn|1\n|\n|t:|1699944593\n|move|p1a: Masquerain|Sticky Web|p2a: Slowking\n|-sidestart|p2: 1P1o1s1h1e1|move: Sticky Web\n|move|p2a: Slowking|Toxic Spikes|p1a: Masquerain\n|-sidestart|p1: VloneVictini|move: Toxic Spikes\n|\n|upkeep\n|turn|2\n|j| Incredibleking\n|\n|t:|1699944610\n|switch|p1a: Brambleghast|Brambleghast, M|100\/100\n|move|p2a: Slowking|Toxic Spikes|p1a: Brambleghast\n|-sidestart|p1: VloneVictini|move: Toxic Spikes\n|\n|upkeep\n|turn|3\n|j| Finchely\n|l| Finchely\n|\n|t:|1699944617\n|move|p1a: Brambleghast|Rapid Spin|p2a: Slowking\n|-damage|p2a: Slowking|87\/100\n|-boost|p1a: Brambleghast|spe|1\n|-damage|p1a: Brambleghast|84\/100|[from] item: Rocky Helmet|[of] p2a: Slowking\n|-sideend|p1: VloneVictini|Toxic Spikes|[from] move: Rapid Spin|[of] p1a: Brambleghast\n|move|p2a: Slowking|Sludge Bomb|p1a: Brambleghast\n|-damage|p1a: Brambleghast|25\/100\n|-status|p1a: Brambleghast|psn\n|\n|-damage|p1a: Brambleghast|13\/100 psn|[from] psn\n|upkeep\n|turn|4\n|j| Finchely\n|\n|t:|1699944635\n|move|p1a: Brambleghast|Power Whip|p2a: Slowking\n|-resisted|p2a: Slowking\n|-damage|p2a: Slowking|64\/100\n|-damage|p1a: Brambleghast|0 fnt|[from] item: Rocky Helmet|[of] p2a: Slowking\n|faint|p1a: Brambleghast\n|move|p2a: Slowking|Toxic Spikes|p1: Brambleghast\n|-sidestart|p1: VloneVictini|move: Toxic Spikes\n|\n|upkeep\n|\n|t:|1699944647\n|switch|p1a: Flareon|Flareon, F|100\/100\n|-status|p1a: Flareon|psn\n|turn|5\n|\n|t:|1699944672\n|switch|p2a: Quagsire|Quagsire, F|100\/100\n|move|p1a: Flareon|Will-O-Wisp|p2a: Quagsire\n|-status|p2a: Quagsire|brn\n|\n|-damage|p1a: Flareon|88\/100 psn|[from] psn\n|-damage|p2a: Quagsire|94\/100 brn|[from] brn\n|upkeep\n|turn|6\n|\n|t:|1699944713\n|-terastallize|p1a: Flareon|Normal\n|move|p1a: Flareon|Facade|p2a: Quagsire\n|-damage|p2a: Quagsire|5\/100 brn\n|move|p2a: Quagsire|Spikes|p1a: Flareon\n|-sidestart|p1: VloneVictini|Spikes\n|\n|-damage|p1a: Flareon|75\/100 psn|[from] psn\n|-damage|p2a: Quagsire|0 fnt|[from] brn\n|faint|p2a: Quagsire\n|upkeep\n|l| Finchely\n|j| Finchely\n|\n|t:|1699944734\n|switch|p2a: Cyclizar|Cyclizar, M|100\/100\n|turn|7\n|\n|t:|1699944762\n|move|p1a: Flareon|Quick Attack|p2a: Cyclizar\n|-damage|p2a: Cyclizar|49\/100\n|move|p2a: Cyclizar|Shed Tail|p2a: Cyclizar\n|-fail|p2a: Cyclizar|move: Shed Tail|[weak]\n|\n|-damage|p1a: Flareon|63\/100 psn|[from] psn\n|upkeep\n|turn|8\n|\n|t:|1699944771\n|switch|p2a: Tyranitar|Tyranitar, M|100\/100\n|-activate|p2a: Tyranitar|move: Sticky Web\n|-unboost|p2a: Tyranitar|spe|1\n|-weather|Sandstorm|[from] ability: Sand Stream|[of] p2a: Tyranitar\n|move|p1a: Flareon|Facade|p2a: Tyranitar\n|-resisted|p2a: Tyranitar\n|-damage|p2a: Tyranitar|57\/100\n|\n|-weather|Sandstorm|[upkeep]\n|-damage|p1a: Flareon|57\/100 psn|[from] Sandstorm\n|-heal|p2a: Tyranitar|64\/100|[from] item: Leftovers\n|-damage|p1a: Flareon|44\/100 psn|[from] psn\n|upkeep\n|turn|9\n|\n|t:|1699944783\n|move|p1a: Flareon|Facade|p2a: Tyranitar\n|-resisted|p2a: Tyranitar\n|-damage|p2a: Tyranitar|20\/100\n|move|p2a: Tyranitar|Knock Off|p1a: Flareon\n|-damage|p1a: Flareon|0 fnt\n|-enditem|p1a: Flareon|Flame Orb|[from] move: Knock Off|[of] p2a: Tyranitar\n|faint|p1a: Flareon\n|\n|-weather|Sandstorm|[upkeep]\n|-heal|p2a: Tyranitar|26\/100|[from] item: Leftovers\n|upkeep\n|\n|t:|1699944835\n|switch|p1a: Jirachi|Jirachi|100\/100\n|-damage|p1a: Jirachi|88\/100|[from] Spikes\n|turn|10\n|\n|t:|1699944841\n|switch|p2a: Slowking|Slowking-Galar, M|97\/100\n|-activate|p2a: Slowking|move: Sticky Web\n|-unboost|p2a: Slowking|spe|1\n|move|p1a: Jirachi|U-turn|p2a: Slowking\n|-damage|p2a: Slowking|81\/100\n|-damage|p1a: Jirachi|72\/100|[from] item: Rocky Helmet|[of] p2a: Slowking\n|\n|t:|1699944886\n|switch|p1a: Arceus|Arceus-Fire|100\/100|[from] U-turn\n|-status|p1a: Arceus|psn\n|-damage|p1a: Arceus|88\/100 psn|[from] Spikes\n|\n|-weather|Sandstorm|[upkeep]\n|-damage|p1a: Arceus|82\/100 psn|[from] Sandstorm\n|-damage|p2a: Slowking|75\/100|[from] Sandstorm\n|-damage|p1a: Arceus|69\/100 psn|[from] psn\n|upkeep\n|turn|11\n|\n|t:|1699944898\n|-terastallize|p2a: Slowking|Water\n|move|p1a: Arceus|Earthquake|p2a: Slowking\n|-damage|p2a: Slowking|48\/100\n|move|p2a: Slowking|Slack Off|p2a: Slowking\n|-heal|p2a: Slowking|98\/100\n|\n|-weather|Sandstorm|[upkeep]\n|-damage|p1a: Arceus|63\/100 psn|[from] Sandstorm\n|-damage|p2a: Slowking|92\/100|[from] Sandstorm\n|-damage|p1a: Arceus|51\/100 psn|[from] psn\n|upkeep\n|turn|12\n|l| Finchely\n|\n|t:|1699944927\n|move|p1a: Arceus|Recover|p1a: Arceus\n|-heal|p1a: Arceus|100\/100 psn\n|move|p2a: Slowking|Chilly Reception|p2a: Slowking\n|-weather|Snow\n|\n|t:|1699944933\n|switch|p2a: Cyclizar|Cyclizar, M|82\/100|[from] Chilly Reception\n|\n|-weather|Snow|[upkeep]\n|-damage|p1a: Arceus|88\/100 psn|[from] psn\n|upkeep\n|turn|13\n|\n|t:|1699944949\n|move|p2a: Cyclizar|Shed Tail|p2a: Cyclizar\n|-start|p2a: Cyclizar|Substitute|[from] move: Shed Tail\n|-damage|p2a: Cyclizar|32\/100\n|\n|t:|1699944952\n|switch|p2a: Tyranitar|Tyranitar, M|26\/100|[from] Shed Tail\n|-activate|p2a: Tyranitar|move: Sticky Web\n|-unboost|p2a: Tyranitar|spe|1\n|-weather|Sandstorm|[from] ability: Sand Stream|[of] p2a: Tyranitar\n|move|p1a: Arceus|Earthquake|p2a: Tyranitar\n|-supereffective|p2a: Tyranitar\n|-end|p2a: Tyranitar|Substitute\n|\n|-weather|Sandstorm|[upkeep]\n|-damage|p1a: Arceus|82\/100 psn|[from] Sandstorm\n|-heal|p2a: Tyranitar|32\/100|[from] item: Leftovers\n|-damage|p1a: Arceus|69\/100 psn|[from] psn\n|upkeep\n|turn|14\n|\n|t:|1699944974\n|move|p1a: Arceus|Earthquake|p2a: Tyranitar\n|-supereffective|p2a: Tyranitar\n|-damage|p2a: Tyranitar|0 fnt\n|faint|p2a: Tyranitar\n|\n|-weather|Sandstorm|[upkeep]\n|-damage|p1a: Arceus|63\/100 psn|[from] Sandstorm\n|-damage|p1a: Arceus|51\/100 psn|[from] psn\n|upkeep\n|\n|t:|1699944980\n|switch|p2a: Cyclizar|Cyclizar, M|65\/100\n|turn|15\n|\n|t:|1699944983\n|move|p2a: Cyclizar|Taunt|p1a: Arceus\n|-start|p1a: Arceus|move: Taunt\n|move|p1a: Arceus|Earthquake|p2a: Cyclizar\n|-damage|p2a: Cyclizar|10\/100\n|\n|-weather|Sandstorm|[upkeep]\n|-damage|p2a: Cyclizar|4\/100|[from] Sandstorm\n|-damage|p1a: Arceus|45\/100 psn|[from] Sandstorm\n|-damage|p1a: Arceus|32\/100 psn|[from] psn\n|upkeep\n|turn|16\n|\n|t:|1699945002\n|switch|p2a: Slowking|Slowking-Galar, M, tera:Water|100\/100\n|-activate|p2a: Slowking|move: Sticky Web\n|-unboost|p2a: Slowking|spe|1\n|switch|p1a: Masquerain|Masquerain, F|100\/100\n|-ability|p1a: Masquerain|Intimidate|boost\n|-unboost|p2a: Slowking|atk|1\n|\n|-weather|Sandstorm|[upkeep]\n|-damage|p1a: Masquerain|94\/100|[from] Sandstorm\n|-damage|p2a: Slowking|94\/100|[from] Sandstorm\n|upkeep\n|turn|17\n|\n|t:|1699945011\n|move|p1a: Masquerain|U-turn|p2a: Slowking\n|-damage|p2a: Slowking|85\/100\n|-damage|p1a: Masquerain|78\/100|[from] item: Rocky Helmet|[of] p2a: Slowking\n|\n|t:|1699945018\n|switch|p1a: Palkia|Palkia-Origin|100\/100|[from] U-turn\n|-status|p1a: Palkia|psn\n|-damage|p1a: Palkia|88\/100 psn|[from] Spikes\n|-ability|p1a: Palkia|Pressure\n|move|p2a: Slowking|Chilly Reception|p2a: Slowking\n|-weather|Snow\n|\n|t:|1699945027\n|switch|p2a: Blissey|Blissey, F|100\/100|[from] Chilly Reception\n|\n|-weather|Snow|[upkeep]\n|-damage|p1a: Palkia|76\/100 psn|[from] psn\n|upkeep\n|turn|18\n|\n|t:|1699945036\n|switch|p1a: Jirachi|Jirachi|72\/100\n|-damage|p1a: Jirachi|59\/100|[from] Spikes\n|move|p2a: Blissey|Seismic Toss|p1a: Jirachi\n|-damage|p1a: Jirachi|30\/100\n|\n|-weather|Snow|[upkeep]\n|upkeep\n|turn|19\n|\n|t:|1699945051\n|move|p1a: Jirachi|Body Slam|p2a: Blissey\n|-damage|p2a: Blissey|74\/100\n|-status|p2a: Blissey|par\n|cant|p2a: Blissey|par\n|\n|-weather|Snow|[upkeep]\n|upkeep\n|turn|20\n|\n|t:|1699945058\n|move|p1a: Jirachi|Body Slam|p2a: Blissey\n|-damage|p2a: Blissey|47\/100 par\n|cant|p2a: Blissey|par\n|\n|-weather|Snow|[upkeep]\n|upkeep\n|turn|21\n|\n|t:|1699945065\n|move|p1a: Jirachi|Iron Head|p2a: Blissey\n|-crit|p2a: Blissey\n|-damage|p2a: Blissey|0 fnt\n|faint|p2a: Blissey\n|\n|-weather|none\n|upkeep\n|\n|t:|1699945074\n|switch|p2a: Gholdengo|Gholdengo|100\/100\n|-activate|p2a: Gholdengo|move: Sticky Web\n|-unboost|p2a: Gholdengo|spe|1\n|turn|22\n|\n|t:|1699945090\n|move|p1a: Jirachi|Iron Head|p2a: Gholdengo\n|-resisted|p2a: Gholdengo\n|-damage|p2a: Gholdengo|83\/100\n|move|p2a: Gholdengo|Nasty Plot|p2a: Gholdengo\n|-boost|p2a: Gholdengo|spa|2\n|\n|-heal|p2a: Gholdengo|89\/100|[from] item: Leftovers\n|upkeep\n|turn|23\n|\n|t:|1699945098\n|move|p1a: Jirachi|Iron Head|p2a: Gholdengo\n|-resisted|p2a: Gholdengo\n|-crit|p2a: Gholdengo\n|-damage|p2a: Gholdengo|59\/100\n|cant|p2a: Gholdengo|flinch\n|\n|-heal|p2a: Gholdengo|66\/100|[from] item: Leftovers\n|upkeep\n|turn|24\n|\n|t:|1699945102\n|move|p1a: Jirachi|Iron Head|p2a: Gholdengo\n|-resisted|p2a: Gholdengo\n|-damage|p2a: Gholdengo|48\/100\n|cant|p2a: Gholdengo|flinch\n|\n|-heal|p2a: Gholdengo|54\/100|[from] item: Leftovers\n|upkeep\n|turn|25\n|\n|t:|1699945105\n|move|p1a: Jirachi|Iron Head|p2a: Gholdengo\n|-resisted|p2a: Gholdengo\n|-damage|p2a: Gholdengo|34\/100\n|move|p2a: Gholdengo|Recover|p2a: Gholdengo\n|-heal|p2a: Gholdengo|84\/100\n|\n|-heal|p2a: Gholdengo|90\/100|[from] item: Leftovers\n|upkeep\n|turn|26\n|\n|t:|1699945107\n|move|p1a: Jirachi|Iron Head|p2a: Gholdengo\n|-resisted|p2a: Gholdengo\n|-damage|p2a: Gholdengo|72\/100\n|cant|p2a: Gholdengo|flinch\n|\n|-heal|p2a: Gholdengo|78\/100|[from] item: Leftovers\n|upkeep\n|turn|27\n|\n|t:|1699945112\n|move|p1a: Jirachi|Iron Head|p2a: Gholdengo\n|-resisted|p2a: Gholdengo\n|-damage|p2a: Gholdengo|61\/100\n|move|p2a: Gholdengo|Recover|p2a: Gholdengo\n|-heal|p2a: Gholdengo|100\/100\n|\n|upkeep\n|turn|28\n|\n|t:|1699945114\n|move|p1a: Jirachi|Iron Head|p2a: Gholdengo\n|-resisted|p2a: Gholdengo\n|-damage|p2a: Gholdengo|84\/100\n|cant|p2a: Gholdengo|flinch\n|\n|-heal|p2a: Gholdengo|90\/100|[from] item: Leftovers\n|upkeep\n|turn|29\n|\n|t:|1699945135\n|switch|p2a: Slowking|Slowking-Galar, M, tera:Water|100\/100\n|-activate|p2a: Slowking|move: Sticky Web\n|-unboost|p2a: Slowking|spe|1\n|move|p1a: Jirachi|Iron Head|p2a: Slowking\n|-resisted|p2a: Slowking\n|-damage|p2a: Slowking|86\/100\n|-damage|p1a: Jirachi|13\/100|[from] item: Rocky Helmet|[of] p2a: Slowking\n|\n|upkeep\n|turn|30\n|\n|t:|1699945142\n|move|p1a: Jirachi|Body Slam|p2a: Slowking\n|-damage|p2a: Slowking|64\/100\n|-status|p2a: Slowking|par\n|-damage|p1a: Jirachi|0 fnt|[from] item: Rocky Helmet|[of] p2a: Slowking\n|faint|p1a: Jirachi\n|cant|p2a: Slowking|par\n|\n|upkeep\n|\n|t:|1699945156\n|switch|p1a: Arceus|Arceus-Fire|32\/100 psn\n|-damage|p1a: Arceus|20\/100 psn|[from] Spikes\n|turn|31\n|\n|t:|1699945166\n|switch|p2a: Cyclizar|Cyclizar, M|37\/100\n|move|p1a: Arceus|Recover|p1a: Arceus\n|-heal|p1a: Arceus|70\/100 psn\n|\n|-damage|p1a: Arceus|57\/100 psn|[from] psn\n|upkeep\n|turn|32\n|\n|t:|1699945169\n|move|p2a: Cyclizar|Taunt|p1a: Arceus\n|-start|p1a: Arceus|move: Taunt\n|cant|p1a: Arceus|move: Taunt|Recover\n|\n|-damage|p1a: Arceus|45\/100 psn|[from] psn\n|upkeep\n|turn|33\n|\n|t:|1699945176\n|switch|p2a: Slowking|Slowking-Galar, M, tera:Water|98\/100 par\n|-activate|p2a: Slowking|move: Sticky Web\n|-unboost|p2a: Slowking|spe|1\n|move|p1a: Arceus|Earthquake|p2a: Slowking\n|-damage|p2a: Slowking|74\/100 par\n|\n|-damage|p1a: Arceus|32\/100 psn|[from] psn\n|upkeep\n|turn|34\n|\n|t:|1699945190\n|switch|p1a: Palkia|Palkia-Origin|76\/100 psn\n|-damage|p1a: Palkia|63\/100 psn|[from] Spikes\n|-ability|p1a: Palkia|Pressure\n|move|p2a: Slowking|Sludge Bomb|p1a: Palkia\n|-damage|p1a: Palkia|31\/100 psn\n|\n|-damage|p1a: Palkia|19\/100 psn|[from] psn\n|upkeep\n|turn|35\n|\n|t:|1699945199\n|switch|p2a: Gholdengo|Gholdengo|90\/100\n|-activate|p2a: Gholdengo|move: Sticky Web\n|-unboost|p2a: Gholdengo|spe|1\n|move|p1a: Palkia|Earth Power|p2a: Gholdengo\n|-supereffective|p2a: Gholdengo\n|-damage|p2a: Gholdengo|38\/100\n|\n|-heal|p2a: Gholdengo|44\/100|[from] item: Leftovers\n|-damage|p1a: Palkia|6\/100 psn|[from] psn\n|upkeep\n|turn|36\n|\n|t:|1699945217\n|switch|p2a: Cyclizar|Cyclizar, M|70\/100\n|move|p1a: Palkia|Earth Power|p2a: Cyclizar\n|-damage|p2a: Cyclizar|17\/100\n|\n|-damage|p1a: Palkia|0 fnt|[from] psn\n|faint|p1a: Palkia\n|upkeep\n|\n|t:|1699945234\n|switch|p1a: Masquerain|Masquerain, F|78\/100\n|-ability|p1a: Masquerain|Intimidate|boost\n|-unboost|p2a: Cyclizar|atk|1\n|turn|37\n|\n|t:|1699945238\n|switch|p2a: Gholdengo|Gholdengo|44\/100\n|-activate|p2a: Gholdengo|move: Sticky Web\n|-unboost|p2a: Gholdengo|spe|1\n|move|p1a: Masquerain|U-turn|p2a: Gholdengo\n|-resisted|p2a: Gholdengo\n|-damage|p2a: Gholdengo|41\/100\n|\n|t:|1699945241\n|switch|p1a: Arceus|Arceus-Fire|32\/100 psn|[from] U-turn\n|-damage|p1a: Arceus|20\/100 psn|[from] Spikes\n|\n|-heal|p2a: Gholdengo|47\/100|[from] item: Leftovers\n|-damage|p1a: Arceus|8\/100 psn|[from] psn\n|upkeep\n|turn|38\n|\n|t:|1699945249\n|move|p1a: Arceus|Recover|p1a: Arceus\n|-heal|p1a: Arceus|58\/100 psn\n|move|p2a: Gholdengo|Shadow Ball|p1a: Arceus\n|-damage|p1a: Arceus|33\/100 psn\n|-unboost|p1a: Arceus|spd|1\n|\n|-heal|p2a: Gholdengo|53\/100|[from] item: Leftovers\n|-damage|p1a: Arceus|21\/100 psn|[from] psn\n|upkeep\n|turn|39\n|\n|t:|1699945262\n|switch|p2a: Cyclizar|Cyclizar, M|51\/100\n|move|p1a: Arceus|Earthquake|p2a: Cyclizar\n|-damage|p2a: Cyclizar|0 fnt\n|faint|p2a: Cyclizar\n|\n|-damage|p1a: Arceus|8\/100 psn|[from] psn\n|upkeep\n|\n|t:|1699945268\n|switch|p2a: Gholdengo|Gholdengo|53\/100\n|-activate|p2a: Gholdengo|move: Sticky Web\n|-unboost|p2a: Gholdengo|spe|1\n|turn|40\n|j| Finchely\n|\n|t:|1699945305\n|move|p1a: Arceus|Earthquake|p2a: Gholdengo\n|-supereffective|p2a: Gholdengo\n|-damage|p2a: Gholdengo|0 fnt\n|faint|p2a: Gholdengo\n|\n|-damage|p1a: Arceus|0 fnt|[from] psn\n|faint|p1a: Arceus\n|upkeep\n|\n|t:|1699945310\n|switch|p1a: Masquerain|Masquerain, F|78\/100\n|switch|p2a: Slowking|Slowking-Galar, M, tera:Water|100\/100 par\n|-ability|p1a: Masquerain|Intimidate|boost\n|-unboost|p2a: Slowking|atk|1\n|-activate|p2a: Slowking|move: Sticky Web\n|-unboost|p2a: Slowking|spe|1\n|turn|41\n|\n|t:|1699945319\n|move|p1a: Masquerain|Hurricane|p2a: Slowking|[miss]\n|-miss|p1a: Masquerain|p2a: Slowking\n|move|p2a: Slowking|Sludge Bomb|p1a: Masquerain\n|-damage|p1a: Masquerain|28\/100\n|\n|upkeep\n|turn|42\n|\n|t:|1699945326\n|move|p1a: Masquerain|Hurricane|p2a: Slowking\n|-damage|p2a: Slowking|59\/100 par\n|-start|p2a: Slowking|confusion\n|-activate|p2a: Slowking|confusion\n|move|p2a: Slowking|Sludge Bomb|p1a: Masquerain\n|-damage|p1a: Masquerain|0 fnt\n|faint|p1a: Masquerain\n|\n|win|1P1o1s1h1e1\n|l| Finchely\n","uploadtime":1699945339,"views":6,"p1id":"vlonevictini","p2id":"1p1o1s1h1e1","formatid":"gen9ubers","rating":0,"private":0,"password":""}