{"id":"gen9ubers-1978514190","p1":"LukeAron1","p2":"Anne Frankkkk","format":"[Gen 9] Ubers","log":"|j|\u2606LukeAron1\n|j|\u2606Anne Frankkkk\n|t:|1698548996\n|gametype|singles\n|player|p1|LukeAron1|caitlin|1318\n|player|p2|Anne Frankkkk|hilbert|1210\n|teamsize|p1|6\n|teamsize|p2|6\n|gen|9\n|tier|[Gen 9] Ubers\n|rated|\n|rule|Sleep Clause Mod: Limit one foe put to sleep\n|rule|Species Clause: Limit one of each Pok\u00e9mon\n|rule|OHKO Clause: OHKO moves are banned\n|rule|Evasion Items Clause: Evasion items are banned\n|rule|Evasion Moves Clause: Evasion moves are banned\n|rule|Endless Battle Clause: Forcing endless battles is banned\n|rule|HP Percentage Mod: HP is shown in percentages\n|clearpoke\n|poke|p1|Koraidon|\n|poke|p1|Miraidon|\n|poke|p1|Calyrex-Ice|\n|poke|p1|Annihilape, F|\n|poke|p1|Zacian-*|\n|poke|p1|Arceus|\n|poke|p2|Iron Hands|\n|poke|p2|Kyogre|\n|poke|p2|Chien-Pao|\n|poke|p2|Ribombee, F|\n|poke|p2|Miraidon|\n|poke|p2|Flutter Mane|\n|teampreview\n|inactive|Battle timer is ON: inactive players will automatically lose when time's up. (requested by Anne Frankkkk)\n|\n|t:|1698549025\n|start\n|switch|p1a: Annihilape|Annihilape, F|100\/100\n|switch|p2a: Moonblast|Ribombee, F, shiny|100\/100\n|turn|1\n|\n|t:|1698549032\n|move|p1a: Annihilape|U-turn|p2a: Moonblast\n|-resisted|p2a: Moonblast\n|-damage|p2a: Moonblast|81\/100\n|\n|t:|1698549037\n|switch|p1a: Calyrex|Calyrex-Ice|100\/100|[from] U-turn\n|-ability|p1a: Calyrex|As One\n|-ability|p1a: Calyrex|Unnerve\n|move|p2a: Moonblast|Sticky Web|p1a: Calyrex\n|-sidestart|p1: LukeAron1|move: Sticky Web\n|\n|upkeep\n|turn|2\n|\n|t:|1698549043\n|move|p2a: Moonblast|Stun Spore|p1a: Calyrex\n|-status|p1a: Calyrex|par\n|move|p1a: Calyrex|Trick Room|p1a: Calyrex\n|-fieldstart|move: Trick Room|[of] p1a: Calyrex\n|\n|upkeep\n|turn|3\n|\n|t:|1698549049\n|cant|p1a: Calyrex|par\n|move|p2a: Moonblast|Moonblast|p1a: Calyrex\n|-damage|p1a: Calyrex|75\/100 par\n|-unboost|p1a: Calyrex|spa|1\n|\n|upkeep\n|turn|4\n|\n|t:|1698549054\n|move|p1a: Calyrex|Heavy Slam|p2a: Moonblast\n|-supereffective|p2a: Moonblast\n|-damage|p2a: Moonblast|0 fnt\n|faint|p2a: Moonblast\n|-ability|p1a: Calyrex|Chilling Neigh|boost\n|-boost|p1a: Calyrex|atk|1\n|\n|upkeep\n|\n|t:|1698549059\n|switch|p2a: Big Boy|Iron Hands, shiny|100\/100\n|turn|5\n|\n|t:|1698549062\n|move|p2a: Big Boy|Fake Out|p1a: Calyrex\n|-damage|p1a: Calyrex|67\/100 par\n|cant|p1a: Calyrex|flinch\n|\n|upkeep\n|turn|6\n|\n|t:|1698549065\n|cant|p1a: Calyrex|par\n|move|p2a: Big Boy|Drain Punch|p1a: Calyrex\n|-damage|p1a: Calyrex|44\/100 par\n|\n|-fieldend|move: Trick Room\n|upkeep\n|turn|7\n|\n|t:|1698549073\n|move|p2a: Big Boy|Drain Punch|p1a: Calyrex\n|-damage|p1a: Calyrex|24\/100 par\n|cant|p1a: Calyrex|par\n|\n|upkeep\n|turn|8\n|\n|t:|1698549077\n|move|p2a: Big Boy|Drain Punch|p1a: Calyrex\n|-damage|p1a: Calyrex|0 fnt\n|faint|p1a: Calyrex\n|\n|upkeep\n|\n|t:|1698549085\n|switch|p1a: Annihilape|Annihilape, F|100\/100\n|-activate|p1a: Annihilape|move: Sticky Web\n|-unboost|p1a: Annihilape|spe|1\n|-ability|p1a: Annihilape|Defiant|boost\n|-boost|p1a: Annihilape|atk|2\n|turn|9\n|\n|t:|1698549093\n|move|p1a: Annihilape|Rage Fist|p2a: Big Boy\n|-damage|p2a: Big Boy|75\/100\n|move|p2a: Big Boy|Wild Charge|p1a: Annihilape\n|-damage|p1a: Annihilape|51\/100\n|-damage|p2a: Big Boy|65\/100|[from] Recoil\n|\n|upkeep\n|turn|10\n|\n|t:|1698549098\n|move|p1a: Annihilape|Rage Fist|p2a: Big Boy\n|-damage|p2a: Big Boy|17\/100\n|move|p2a: Big Boy|Wild Charge|p1a: Annihilape\n|-crit|p1a: Annihilape\n|-damage|p1a: Annihilape|0 fnt\n|faint|p1a: Annihilape\n|-damage|p2a: Big Boy|7\/100|[from] Recoil\n|\n|upkeep\n|\n|t:|1698549105\n|switch|p1a: Koraidon|Koraidon|100\/100\n|-activate|p1a: Koraidon|move: Sticky Web\n|-unboost|p1a: Koraidon|spe|1\n|-weather|SunnyDay|[from] ability: Orichalcum Pulse|[of] p1a: Koraidon\n|-activate|p1a: Koraidon|Orichalcum Pulse|[source]\n|turn|11\n|\n|t:|1698549109\n|move|p1a: Koraidon|Scale Shot|p2a: Big Boy\n|-damage|p2a: Big Boy|0 fnt\n|faint|p2a: Big Boy\n|-end|p2a: Big Boy|Quark Drive|[silent]\n|-hitcount|p2: Big Boy|1\n|-unboost|p1a: Koraidon|def|1\n|-boost|p1a: Koraidon|spe|1\n|\n|-weather|SunnyDay|[upkeep]\n|upkeep\n|\n|t:|1698549118\n|switch|p2a: Misdreavius|Flutter Mane, shiny|100\/100\n|-activate|p2a: Misdreavius|ability: Protosynthesis\n|-start|p2a: Misdreavius|protosynthesisspe\n|turn|12\n|\n|t:|1698549124\n|switch|p1a: Zacian|Zacian-Crowned|100\/100\n|-activate|p1a: Zacian|move: Sticky Web\n|-unboost|p1a: Zacian|spe|1\n|-ability|p1a: Zacian|Intrepid Sword|boost\n|-boost|p1a: Zacian|atk|1\n|move|p2a: Misdreavius|Moonblast|p1a: Zacian\n|-resisted|p1a: Zacian\n|-damage|p1a: Zacian|78\/100\n|-unboost|p1a: Zacian|spa|1\n|\n|-weather|SunnyDay|[upkeep]\n|upkeep\n|turn|13\n|\n|t:|1698549130\n|move|p2a: Misdreavius|Mystical Fire|p1a: Zacian\n|-supereffective|p1a: Zacian\n|-damage|p1a: Zacian|8\/100\n|-unboost|p1a: Zacian|spa|1\n|move|p1a: Zacian|Behemoth Blade|p2a: Misdreavius\n|-supereffective|p2a: Misdreavius\n|-crit|p2a: Misdreavius\n|-damage|p2a: Misdreavius|0 fnt\n|faint|p2a: Misdreavius\n|-end|p2a: Misdreavius|Protosynthesis|[silent]\n|\n|-weather|SunnyDay|[upkeep]\n|upkeep\n|\n|t:|1698549135\n|switch|p2a: Ice Cat|Chien-Pao|100\/100\n|-ability|p2a: Ice Cat|Sword of Ruin\n|turn|14\n|\n|t:|1698549140\n|move|p2a: Ice Cat|Sucker Punch|p1a: Zacian\n|-resisted|p1a: Zacian\n|-damage|p1a: Zacian|0 fnt\n|faint|p1a: Zacian\n|-damage|p2a: Ice Cat|91\/100|[from] item: Life Orb\n|\n|-weather|SunnyDay|[upkeep]\n|upkeep\n|\n|t:|1698549144\n|switch|p1a: Arceus|Arceus|100\/100\n|-activate|p1a: Arceus|move: Sticky Web\n|-unboost|p1a: Arceus|spe|1\n|turn|15\n|\n|t:|1698549154\n|-terastallize|p1a: Arceus|Normal\n|move|p1a: Arceus|Extreme Speed|p2a: Ice Cat\n|-damage|p2a: Ice Cat|13\/100\n|move|p2a: Ice Cat|Sacred Sword|p1a: Arceus\n|-supereffective|p1a: Arceus\n|-damage|p1a: Arceus|26\/100\n|-damage|p2a: Ice Cat|3\/100|[from] item: Life Orb\n|\n|-weather|none\n|-heal|p1a: Arceus|32\/100|[from] item: Leftovers\n|upkeep\n|turn|16\n|\n|t:|1698549161\n|move|p1a: Arceus|Extreme Speed|p2a: Ice Cat\n|-crit|p2a: Ice Cat\n|-damage|p2a: Ice Cat|0 fnt\n|faint|p2a: Ice Cat\n|\n|-heal|p1a: Arceus|38\/100|[from] item: Leftovers\n|upkeep\n|\n|t:|1698549166\n|switch|p2a: Cyber Lizard|Miraidon|100\/100\n|-fieldstart|move: Electric Terrain|[from] ability: Hadron Engine|[of] p2a: Cyber Lizard\n|-item|p2a: Cyber Lizard|Air Balloon\n|turn|17\n|\n|t:|1698549171\n|move|p1a: Arceus|Extreme Speed|p2a: Cyber Lizard\n|-damage|p2a: Cyber Lizard|46\/100\n|-enditem|p2a: Cyber Lizard|Air Balloon\n|move|p2a: Cyber Lizard|Electro Drift|p1a: Arceus\n|-damage|p1a: Arceus|0 fnt\n|faint|p1a: Arceus\n|\n|upkeep\n|\n|t:|1698549175\n|switch|p1a: Miraidon|Miraidon|100\/100\n|-activate|p1a: Miraidon|move: Sticky Web\n|-unboost|p1a: Miraidon|spe|1\n|-activate|p1a: Miraidon|ability: Hadron Engine\n|turn|18\n|\n|t:|1698549183\n|move|p1a: Miraidon|Electro Drift|p2a: Cyber Lizard\n|-resisted|p2a: Cyber Lizard\n|-damage|p2a: Cyber Lizard|25\/100\n|move|p2a: Cyber Lizard|Dragon Pulse|p1a: Miraidon\n|-supereffective|p1a: Miraidon\n|-damage|p1a: Miraidon|0 fnt\n|faint|p1a: Miraidon\n|\n|upkeep\n|\n|t:|1698549185\n|switch|p1a: Koraidon|Koraidon|100\/100\n|-activate|p1a: Koraidon|move: Sticky Web\n|-unboost|p1a: Koraidon|spe|1\n|-weather|SunnyDay|[from] ability: Orichalcum Pulse|[of] p1a: Koraidon\n|-activate|p1a: Koraidon|Orichalcum Pulse|[source]\n|turn|19\n|\n|t:|1698549188\n|move|p2a: Cyber Lizard|Dragon Pulse|p1a: Koraidon\n|-supereffective|p1a: Koraidon\n|-damage|p1a: Koraidon|0 fnt\n|faint|p1a: Koraidon\n|\n|win|Anne Frankkkk\n|raw|LukeAron1's rating: 1318 &rarr; <strong>1292<\/strong><br \/>(-26 for losing)\n|raw|Anne Frankkkk's rating: 1210 &rarr; <strong>1243<\/strong><br \/>(+33 for winning)\n|l|\u2606LukeAron1\n","uploadtime":1698549201,"views":8,"p1id":"lukearon1","p2id":"annefrankkkk","formatid":"gen9ubers","rating":1243,"private":0,"password":""}