{"id":"gen9ubers-1968100848","p1":"vespyyy","p2":"XpokVEVO","format":"[Gen 9] Ubers","log":"|j|\u2606vespyyy\n|j|\u2606XpokVEVO\n|t:|1697384382\n|gametype|singles\n|player|p1|vespyyy|juggler|\n|player|p2|XpokVEVO|marshal|\n|teamsize|p1|6\n|teamsize|p2|6\n|gen|9\n|tier|[Gen 9] Ubers\n|rule|Sleep Clause Mod: Limit one foe put to sleep\n|rule|Species Clause: Limit one of each Pok\u00e9mon\n|rule|OHKO Clause: OHKO moves are banned\n|rule|Evasion Items Clause: Evasion items are banned\n|rule|Evasion Moves Clause: Evasion moves are banned\n|rule|Endless Battle Clause: Forcing endless battles is banned\n|rule|HP Percentage Mod: HP is shown in percentages\n|clearpoke\n|poke|p1|Arceus-Dark|\n|poke|p1|Dondozo, M|\n|poke|p1|Blissey, F|\n|poke|p1|Cresselia, F|\n|poke|p1|Giratina|\n|poke|p1|Zacian-*|\n|poke|p2|Arceus-Fire|\n|poke|p2|Spectrier|\n|poke|p2|Magearna|\n|poke|p2|Shaymin-Sky|\n|poke|p2|Palkia-Origin|\n|poke|p2|Cyclizar, M|\n|teampreview\n|\n|t:|1697384387\n|start\n|switch|p1a: Zacian|Zacian, shiny|100\/100\n|switch|p2a: Cyclizar|Cyclizar, M|100\/100\n|-ability|p1a: Zacian|Intrepid Sword|boost\n|-boost|p1a: Zacian|atk|1\n|turn|1\n|\n|t:|1697384394\n|-terastallize|p2a: Cyclizar|Poison\n|move|p1a: Zacian|Play Rough|p2a: Cyclizar\n|-resisted|p2a: Cyclizar\n|-damage|p2a: Cyclizar|53\/100\n|move|p2a: Cyclizar|Shed Tail|p2a: Cyclizar\n|-start|p2a: Cyclizar|Substitute|[from] move: Shed Tail\n|-damage|p2a: Cyclizar|3\/100\n|-enditem|p2a: Cyclizar|Aguav Berry|[eat]\n|-heal|p2a: Cyclizar|37\/100|[from] item: Aguav Berry\n|\n|t:|1697384428\n|switch|p2a: Magearna|Magearna|100\/100|[from] Shed Tail\n|\n|upkeep\n|turn|2\n|\n|t:|1697384432\n|-terastallize|p1a: Zacian|Ground\n|move|p1a: Zacian|Tera Blast|p2a: Magearna|[anim] Tera Blast Ground\n|-supereffective|p2a: Magearna\n|-end|p2a: Magearna|Substitute\n|move|p2a: Magearna|Shift Gear|p2a: Magearna\n|-boost|p2a: Magearna|spe|2\n|-boost|p2a: Magearna|atk|1\n|\n|upkeep\n|turn|3\n|\n|t:|1697384464\n|move|p2a: Magearna|Fleur Cannon|p1a: Zacian\n|-damage|p1a: Zacian|7\/100\n|-unboost|p2a: Magearna|spa|2\n|-damage|p2a: Magearna|91\/100|[from] item: Life Orb\n|move|p1a: Zacian|Tera Blast|p2a: Magearna|[anim] Tera Blast Ground\n|-supereffective|p2a: Magearna\n|-damage|p2a: Magearna|0 fnt\n|faint|p2a: Magearna\n|\n|upkeep\n|\n|t:|1697384467\n|switch|p2a: Spectrier|Spectrier|100\/100\n|turn|4\n|c|\u2606XpokVEVO|Idk this tiers calcs\n|\n|t:|1697384474\n|switch|p1a: Blissey|Blissey, F|100\/100\n|move|p2a: Spectrier|Shadow Ball|p1a: Blissey\n|-immune|p1a: Blissey\n|\n|upkeep\n|turn|5\n|\n|t:|1697384480\n|switch|p2a: Cyclizar|Cyclizar, M, tera:Poison|70\/100\n|switch|p1a: Arceus|Arceus-Dark|100\/100\n|\n|upkeep\n|turn|6\n|\n|t:|1697384484\n|move|p2a: Cyclizar|Shed Tail|p2a: Cyclizar\n|-start|p2a: Cyclizar|Substitute|[from] move: Shed Tail\n|-damage|p2a: Cyclizar|20\/100\n|\n|t:|1697384491\n|switch|p2a: Arceus-Fight\u0131ng|Arceus-Fire, shiny|100\/100|[from] Shed Tail\n|move|p1a: Arceus|Foul Play|p2a: Arceus-Fight\u0131ng\n|-end|p2a: Arceus-Fight\u0131ng|Substitute\n|\n|upkeep\n|turn|7\n|\n|t:|1697384496\n|move|p2a: Arceus-Fight\u0131ng|Calm Mind|p2a: Arceus-Fight\u0131ng\n|-boost|p2a: Arceus-Fight\u0131ng|spa|1\n|-boost|p2a: Arceus-Fight\u0131ng|spd|1\n|move|p1a: Arceus|Foul Play|p2a: Arceus-Fight\u0131ng\n|-damage|p2a: Arceus-Fight\u0131ng|71\/100\n|\n|upkeep\n|turn|8\n|\n|t:|1697384499\n|switch|p1a: Giratina|Giratina|100\/100\n|-ability|p1a: Giratina|Pressure\n|move|p2a: Arceus-Fight\u0131ng|Calm Mind|p2a: Arceus-Fight\u0131ng\n|-boost|p2a: Arceus-Fight\u0131ng|spa|1\n|-boost|p2a: Arceus-Fight\u0131ng|spd|1\n|\n|upkeep\n|turn|9\n|\n|t:|1697384501\n|move|p2a: Arceus-Fight\u0131ng|Dazzling Gleam|p1a: Giratina\n|-supereffective|p1a: Giratina\n|-damage|p1a: Giratina|39\/100\n|move|p1a: Giratina|Roar|p2a: Arceus-Fight\u0131ng\n|drag|p2a: Shaymin|Shaymin-Sky, shiny|100\/100\n|\n|upkeep\n|turn|10\n|\n|t:|1697384509\n|move|p2a: Shaymin|Air Slash|p1a: Giratina\n|-damage|p1a: Giratina|12\/100\n|-damage|p2a: Shaymin|91\/100|[from] item: Life Orb\n|move|p1a: Giratina|Rest|p1a: Giratina\n|-status|p1a: Giratina|slp|[from] move: Rest\n|-heal|p1a: Giratina|100\/100 slp|[silent]\n|\n|upkeep\n|turn|11\n|\n|t:|1697384525\n|switch|p1a: Arceus|Arceus-Dark|100\/100\n|move|p2a: Shaymin|Seed Flare|p1a: Arceus\n|-damage|p1a: Arceus|49\/100\n|-unboost|p1a: Arceus|spd|2\n|-damage|p2a: Shaymin|81\/100|[from] item: Life Orb\n|\n|upkeep\n|turn|12\n|\n|t:|1697384537\n|switch|p1a: Blissey|Blissey, F|100\/100\n|move|p2a: Shaymin|Air Slash|p1a: Blissey\n|-damage|p1a: Blissey|88\/100\n|-damage|p2a: Shaymin|71\/100|[from] item: Life Orb\n|\n|upkeep\n|turn|13\n|\n|t:|1697384548\n|switch|p2a: Palkia|Palkia-Origin|100\/100\n|-ability|p2a: Palkia|Pressure\n|move|p1a: Blissey|Stealth Rock|p2a: Palkia\n|-sidestart|p2: XpokVEVO|move: Stealth Rock\n|\n|upkeep\n|turn|14\n|\n|t:|1697384553\n|move|p2a: Palkia|Substitute|p2a: Palkia\n|-start|p2a: Palkia|Substitute\n|-damage|p2a: Palkia|76\/100\n|move|p1a: Blissey|Seismic Toss|p2a: Palkia\n|-end|p2a: Palkia|Substitute\n|\n|upkeep\n|turn|15\n|\n|t:|1697384555\n|move|p2a: Palkia|Thunder Wave|p1a: Blissey\n|-status|p1a: Blissey|par\n|cant|p1a: Blissey|par\n|\n|upkeep\n|turn|16\n|\n|t:|1697384562\n|switch|p2a: Cyclizar|Cyclizar, M, tera:Poison|53\/100\n|-damage|p2a: Cyclizar|40\/100|[from] Stealth Rock\n|cant|p1a: Blissey|par\n|\n|upkeep\n|turn|17\n|\n|t:|1697384565\n|move|p2a: Cyclizar|Taunt|p1a: Blissey\n|-start|p1a: Blissey|move: Taunt\n|cant|p1a: Blissey|move: Taunt|Heal Bell\n|\n|upkeep\n|turn|18\n|\n|t:|1697384569\n|move|p2a: Cyclizar|Knock Off|p1a: Blissey\n|-damage|p1a: Blissey|48\/100 par\n|-enditem|p1a: Blissey|Heavy-Duty Boots|[from] move: Knock Off|[of] p2a: Cyclizar\n|move|p1a: Blissey|Seismic Toss|p2a: Cyclizar\n|-damage|p2a: Cyclizar|11\/100\n|\n|upkeep\n|turn|19\n|\n|t:|1697384577\n|-curestatus|p1a: Blissey|par|[from] ability: Natural Cure\n|switch|p1a: Arceus|Arceus-Dark|49\/100\n|move|p2a: Cyclizar|Rapid Spin|p1a: Arceus\n|-damage|p1a: Arceus|41\/100\n|-boost|p2a: Cyclizar|spe|1\n|-sideend|p2: XpokVEVO|Stealth Rock|[from] move: Rapid Spin|[of] p2a: Cyclizar\n|\n|upkeep\n|turn|20\n|\n|t:|1697384587\n|move|p2a: Cyclizar|Taunt|p1a: Arceus\n|-start|p1a: Arceus|move: Taunt\n|cant|p1a: Arceus|move: Taunt|Recover\n|\n|upkeep\n|turn|21\n|\n|t:|1697384593\n|move|p2a: Cyclizar|Rapid Spin|p1a: Arceus\n|-damage|p1a: Arceus|32\/100\n|-boost|p2a: Cyclizar|spe|1\n|move|p1a: Arceus|Foul Play|p2a: Cyclizar\n|-crit|p2a: Cyclizar\n|-damage|p2a: Cyclizar|0 fnt\n|faint|p2a: Cyclizar\n|\n|upkeep\n|l|\u2606vespyyy\n|player|p1|\n|\n|t:|1697384687\n|switch|p2a: Spectrier|Spectrier|100\/100\n|turn|22\n|j|\u2606vespyyy\n|player|p1|vespyyy|juggler\n|\n|t:|1697384693\n|switch|p1a: Blissey|Blissey, F|48\/100\n|move|p2a: Spectrier|Shadow Ball|p1a: Blissey\n|-immune|p1a: Blissey\n|\n|upkeep\n|turn|23\n|\n|t:|1697384697\n|switch|p2a: Palkia|Palkia-Origin|76\/100\n|-ability|p2a: Palkia|Pressure\n|move|p1a: Blissey|Soft-Boiled|p1a: Blissey\n|-heal|p1a: Blissey|98\/100\n|\n|upkeep\n|turn|24\n|\n|t:|1697384701\n|move|p2a: Palkia|Substitute|p2a: Palkia\n|-start|p2a: Palkia|Substitute\n|-damage|p2a: Palkia|51\/100\n|move|p1a: Blissey|Seismic Toss|p2a: Palkia\n|-end|p2a: Palkia|Substitute\n|\n|upkeep\n|turn|25\n|\n|t:|1697384706\n|move|p2a: Palkia|Thunder Wave|p1a: Blissey\n|-status|p1a: Blissey|par\n|cant|p1a: Blissey|par\n|\n|upkeep\n|turn|26\n|\n|t:|1697384712\n|switch|p2a: Spectrier|Spectrier|100\/100\n|move|p1a: Blissey|Heal Bell|p1a: Blissey\n|-activate|p1a: Blissey|move: Heal Bell\n|-curestatus|p1a: Blissey|par|[msg]\n|-curestatus|p1: Giratina|slp|[msg]\n|\n|upkeep\n|turn|27\n|\n|t:|1697384718\n|move|p2a: Spectrier|Dark Pulse|p1a: Blissey\n|-damage|p1a: Blissey|88\/100\n|move|p1a: Blissey|Stealth Rock|p2a: Spectrier\n|-sidestart|p2: XpokVEVO|move: Stealth Rock\n|\n|upkeep\n|turn|28\n|\n|t:|1697384734\n|switch|p2a: Palkia|Palkia-Origin|51\/100\n|-damage|p2a: Palkia|38\/100|[from] Stealth Rock\n|-ability|p2a: Palkia|Pressure\n|switch|p1a: Arceus|Arceus-Dark|32\/100\n|\n|upkeep\n|turn|29\n|\n|t:|1697384740\n|switch|p1a: Blissey|Blissey, F|88\/100\n|move|p2a: Palkia|Hydro Pump|p1a: Blissey|[miss]\n|-miss|p2a: Palkia|p1a: Blissey\n|\n|upkeep\n|turn|30\n|\n|t:|1697384744\n|move|p2a: Palkia|Draco Meteor|p1a: Blissey\n|-damage|p1a: Blissey|65\/100\n|-unboost|p2a: Palkia|spa|2\n|move|p1a: Blissey|Seismic Toss|p2a: Palkia\n|-damage|p2a: Palkia|7\/100\n|\n|upkeep\n|turn|31\n|c|\u2606XpokVEVO|Notes: need a physical attacker\n|-message|XpokVEVO forfeited.\n|\n|win|vespyyy\n|l|\u2606XpokVEVO\n","uploadtime":1697384765,"views":21,"p1id":"vespyyy","p2id":"xpokvevo","formatid":"gen9ubers","rating":0,"private":0,"password":""}