{"id":"gen9ubers-1974451094","p1":"lord kumon","p2":"Eric Vendrell","format":"[Gen 9] Ubers","log":"|j|\u2606lord kumon\n|j|\u2606Eric Vendrell\n|t:|1698088050\n|gametype|singles\n|player|p1|lord kumon|102|\n|player|p2|Eric Vendrell|2|\n|teamsize|p1|6\n|teamsize|p2|6\n|gen|9\n|tier|[Gen 9] Ubers\n|rule|Sleep Clause Mod: Limit one foe put to sleep\n|rule|Species Clause: Limit one of each Pok\u00e9mon\n|rule|OHKO Clause: OHKO moves are banned\n|rule|Evasion Items Clause: Evasion items are banned\n|rule|Evasion Moves Clause: Evasion moves are banned\n|rule|Endless Battle Clause: Forcing endless battles is banned\n|rule|HP Percentage Mod: HP is shown in percentages\n|clearpoke\n|poke|p1|Ampharos, F|\n|poke|p1|Quaquaval, M|\n|poke|p1|Arboliva, F|\n|poke|p1|Dragapult, M|\n|poke|p1|Gallade, M|\n|poke|p1|Talonflame, M|\n|poke|p2|Garchomp, M|\n|poke|p2|Salamence, M|\n|poke|p2|Weavile, M|\n|poke|p2|Toxapex, M|\n|poke|p2|Torterra, M|\n|poke|p2|Zoroark-Hisui, M|\n|teampreview\n|j| Pyrope06\n|inactive|Battle timer is ON: inactive players will automatically lose when time's up. (requested by lord kumon)\n|inactiveoff|Battle timer is now OFF.\n|\n|t:|1698088072\n|start\n|switch|p1a: Amparo|Ampharos, F|100\/100\n|switch|p2a: Torterra|Torterra, M, shiny|100\/100\n|turn|1\n|\n|t:|1698088080\n|move|p2a: Torterra|Shell Smash|p2a: Torterra\n|-unboost|p2a: Torterra|def|1\n|-unboost|p2a: Torterra|spd|1\n|-boost|p2a: Torterra|atk|2\n|-boost|p2a: Torterra|spa|2\n|-boost|p2a: Torterra|spe|2\n|move|p1a: Amparo|Cotton Guard|p1a: Amparo\n|-boost|p1a: Amparo|def|3\n|\n|upkeep\n|turn|2\n|\n|t:|1698088107\n|move|p2a: Torterra|Headlong Rush|p1a: Amparo\n|-supereffective|p1a: Amparo\n|-damage|p1a: Amparo|18\/100\n|-unboost|p2a: Torterra|def|1\n|-unboost|p2a: Torterra|spd|1\n|move|p1a: Amparo|Dazzling Gleam|p2a: Torterra\n|-damage|p2a: Torterra|48\/100\n|\n|upkeep\n|turn|3\n|\n|t:|1698088123\n|move|p2a: Torterra|Bullet Seed|p1a: Amparo\n|-damage|p1a: Amparo|8\/100\n|-damage|p1a: Amparo|0 fnt\n|faint|p1a: Amparo\n|-hitcount|p1: Amparo|2\n|\n|upkeep\n|c| Pyrope06|ERIC VENTAJA DE UN POKEMON\n|c| Pyrope06|ESE TORTERRA ME DA MIEDO!\n|\n|t:|1698088155\n|switch|p1a: Virgen Extra|Arboliva, F|100\/100\n|turn|4\n|\n|t:|1698088197\n|move|p2a: Torterra|Rock Blast|p1a: Virgen Extra\n|-damage|p1a: Virgen Extra|86\/100\n|-fieldstart|move: Grassy Terrain|[from] ability: Seed Sower|[of] p1a: Virgen Extra\n|-damage|p1a: Virgen Extra|71\/100\n|-damage|p1a: Virgen Extra|55\/100\n|-damage|p1a: Virgen Extra|40\/100\n|-damage|p1a: Virgen Extra|24\/100\n|-hitcount|p1a: Virgen Extra|5\n|move|p1a: Virgen Extra|Leech Seed|p2a: Torterra\n|-immune|p2a: Torterra\n|\n|-heal|p2a: Torterra|54\/100|[from] Grassy Terrain\n|-heal|p1a: Virgen Extra|30\/100|[from] Grassy Terrain\n|-heal|p1a: Virgen Extra|37\/100|[from] item: Leftovers\n|upkeep\n|turn|5\n|c| Pyrope06|QUIQUEEE\n|c| Pyrope06|EQUE ACABA DE OASAR\n|c| Pyrope06|:SKULL:\n|\n|t:|1698088227\n|move|p2a: Torterra|Rock Blast|p1a: Virgen Extra\n|-damage|p1a: Virgen Extra|21\/100\n|-damage|p1a: Virgen Extra|6\/100\n|-damage|p1a: Virgen Extra|0 fnt\n|faint|p1a: Virgen Extra\n|-hitcount|p1: Virgen Extra|3\n|\n|-heal|p2a: Torterra|60\/100|[from] Grassy Terrain\n|upkeep\n|\n|t:|1698088242\n|switch|p1a: Ariel|Quaquaval, M|100\/100\n|turn|6\n|c| Pyrope06|SE VENDR\u00c1 UN 6\/0?\n|\n|t:|1698088253\n|move|p2a: Torterra|Bullet Seed|p1a: Ariel\n|-supereffective|p1a: Ariel\n|-damage|p1a: Ariel|17\/100\n|-supereffective|p1a: Ariel\n|-damage|p1a: Ariel|0 fnt\n|faint|p1a: Ariel\n|-hitcount|p1: Ariel|2\n|\n|-heal|p2a: Torterra|66\/100|[from] Grassy Terrain\n|upkeep\n|\n|t:|1698088261\n|switch|p1a: Vueling|Talonflame, M|100\/100\n|turn|7\n|\n|t:|1698088287\n|move|p2a: Torterra|Rock Blast|p1a: Vueling\n|-supereffective|p1a: Vueling\n|-damage|p1a: Vueling|19\/100\n|-supereffective|p1a: Vueling\n|-damage|p1a: Vueling|0 fnt\n|faint|p1a: Vueling\n|-hitcount|p1: Vueling|2\n|\n|-heal|p2a: Torterra|72\/100|[from] Grassy Terrain\n|upkeep\n|\n|t:|1698088297\n|switch|p1a: Kaladin|Dragapult, M|100\/100\n|turn|8\n|\n|t:|1698088331\n|move|p2a: Torterra|Rock Blast|p1a: Kaladin\n|-damage|p1a: Kaladin|79\/100\n|-damage|p1a: Kaladin|55\/100\n|-damage|p1a: Kaladin|33\/100\n|-damage|p1a: Kaladin|10\/100\n|-start|p2a: Torterra|Disable|Rock Blast|[from] ability: Cursed Body|[of] p1a: Kaladin\n|-damage|p1a: Kaladin|0 fnt\n|faint|p1a: Kaladin\n|-hitcount|p1: Kaladin|5\n|\n|-heal|p2a: Torterra|78\/100|[from] Grassy Terrain\n|-fieldend|move: Grassy Terrain\n|upkeep\n|\n|t:|1698088342\n|switch|p1a: Soren|Gallade, M|100\/100\n|turn|9\n|\n|t:|1698088380\n|move|p2a: Torterra|Bullet Seed|p1a: Soren\n|-damage|p1a: Soren|67\/100\n|-damage|p1a: Soren|32\/100\n|-damage|p1a: Soren|0 fnt\n|faint|p1a: Soren\n|-hitcount|p1: Soren|3\n|\n|win|Eric Vendrell\n","uploadtime":1698088390,"views":13,"p1id":"lordkumon","p2id":"ericvendrell","formatid":"gen9ubers","rating":0,"private":0,"password":""}